timestamp,bid_price_1,bid_size_1,bid_price_2,bid_size_2,bid_price_3,bid_size_3,bid_price_4,bid_size_4,bid_price_5,bid_size_5,bid_price_6,bid_size_6,bid_price_7,bid_size_7,bid_price_8,bid_size_8,bid_price_9,bid_size_9,bid_price_10,bid_size_10,ask_price_1,ask_size_1,ask_price_2,ask_size_2,ask_price_3,ask_size_3,ask_price_4,ask_size_4,ask_price_5,ask_size_5,ask_price_6,ask_size_6,ask_price_7,ask_size_7,ask_price_8,ask_size_8,ask_price_9,ask_size_9,ask_price_10,ask_size_10
2024-08-05 09:30:22,446.6200,3,446.4400,6,445.1900,4,444.8400,4,444.6500,5,444.0000,4,0.0000,0,0.0000,0,0.0000,0,0.0000,0,449.0000,15,452.5100,3,453.5900,2,0.0000,0,0.0000,0,0.0000,0,0.0000,0,0.0000,0,0.0000,0,0.0000,0
2024-08-05 09:30:23,446.6200,3,446.4400,6,445.1900,4,444.8400,4,444.6500,5,444.0000,4,0.0000,0,0.0000,0,0.0000,0,0.0000,0,449.0000,15,452.5100,3,453.5900,2,0.0000,0,0.0000,0,0.0000,0,0.0000,0,0.0000,0,0.0000,0,0.0000,0
2024-08-05 09:30:24,446.6200,5,446.4400,6,445.1900,4,444.8400,4,444.6500,5,444.0000,4,0.0000,0,0.0000,0,0.0000,0,0.0000,0,449.0000,15,452.5100,3,453.5900,2,0.0000,0,0.0000,0,0.0000,0,0.0000,0,0.0000,0,0.0000,0,0.0000,0
2024-08-05 09:30:25,446.6400,2,446.6200,5,446.4400,6,445.1900,4,444.8400,4,444.6500,5,444.0000,4,0.0000,0,0.0000,0,0.0000,0,449.0000,15,452.5100,3,453.5900,2,0.0000,0,0.0000,0,0.0000,0,0.0000,0,0.0000,0,0.0000,0,0.0000,0
2024-08-05 09:30:26,446.6400,6,446.6200,5,446.4400,6,445.1900,4,444.8400,4,444.6500,5,444.0000,4,0.0000,0,0.0000,0,0.0000,0,449.0000,15,452.5100,3,453.5900,2,0.0000,0,0.0000,0,0.0000,0,0.0000,0,0.0000,0,0.0000,0,0.0000,0
2024-08-05 09:30:27,446.6400,7,446.6200,5,446.4400,6,445.1900,4,444.8400,4,444.6500,5,444.0000,4,0.0000,0,0.0000,0,0.0000,0,449.0000,15,452.5100,3,453.5900,2,0.0000,0,0.0000,0,0.0000,0,0.0000,0,0.0000,0,0.0000,0,0.0000,0
2024-08-05 09:30:28,446.6400,7,446.6200,5,446.4400,6,445.1900,4,444.8400,4,444.6500,5,444.0000,4,0.0000,0,0.0000,0,0.0000,0,449.0000,15,452.5100,3,453.5900,2,0.0000,0,0.0000,0,0.0000,0,0.0000,0,0.0000,0,0.0000,0,0.0000,0
2024-08-05 09:30:29,446.6400,7,446.6200,5,446.4400,6,445.1900,4,444.8400,4,444.6500,5,444.0000,4,0.0000,0,0.0000,0,0.0000,0,449.0000,15,452.5100,3,453.5900,2,0.0000,0,0.0000,0,0.0000,0,0.0000,0,0.0000,0,0.0000,0,0.0000,0
2024-08-05 09:30:30,446.6400,9,446.6200,5,446.4400,6,445.1900,4,444.8400,4,444.6500,5,444.0000,4,0.0000,0,0.0000,0,0.0000,0,449.0000,15,452.5100,3,453.5900,2,0.0000,0,0.0000,0,0.0000,0,0.0000,0,0.0000,0,0.0000,0,0.0000,0
2024-08-05 09:30:31,446.6600,3,446.6500,3,446.6400,9,446.6200,5,446.4400,6,445.1900,4,444.8400,4,444.6500,5,444.0000,4,0.0000,0,449.0000,15,452.5100,3,453.5900,2,0.0000,0,0.0000,0,0.0000,0,0.0000,0,0.0000,0,0.0000,0,0.0000,0
2024-08-05 09:30:32,446.6600,5,446.6500,3,446.6400,9,446.6200,5,446.4400,6,445.1900,4,444.8400,4,444.6500,5,444.0000,4,0.0000,0,449.0000,15,452.5100,3,453.5900,2,0.0000,0,0.0000,0,0.0000,0,0.0000,0,0.0000,0,0.0000,0,0.0000,0
2024-08-05 09:30:33,446.6600,5,446.6500,3,446.6400,9,446.6200,5,446.4400,6,445.1900,4,444.8400,4,444.6500,5,444.0000,4,0.0000,0,448.8400,6,449.0000,15,452.5100,3,453.5900,2,0.0000,0,0.0000,0,0.0000,0,0.0000,0,0.0000,0,0.0000,0
2024-08-05 09:30:34,446.6600,5,446.6500,3,446.6400,9,446.6200,5,446.4400,6,445.1900,4,444.8400,4,444.6500,5,444.0000,4,0.0000,0,448.8400,6,449.0000,15,452.5100,3,453.5900,2,0.0000,0,0.0000,0,0.0000,0,0.0000,0,0.0000,0,0.0000,0
2024-08-05 09:30:35,446.6600,5,446.6500,3,446.6400,9,446.6200,5,446.4400,6,445.1900,4,444.8400,4,444.6500,5,444.0000,4,0.0000,0,448.6900,3,448.8400,5,449.0000,15,452.5100,3,453.5900,2,0.0000,0,0.0000,0,0.0000,0,0.0000,0,0.0000,0
2024-08-05 09:30:36,446.6600,5,446.6500,3,446.6400,9,446.6200,5,446.4400,6,445.1900,4,444.8400,4,444.6500,5,444.0000,4,0.0000,0,448.8400,6,449.0000,15,452.5100,3,453.5900,2,0.0000,0,0.0000,0,0.0000,0,0.0000,0,0.0000,0,0.0000,0
2024-08-05 09:30:37,446.6600,8,446.6500,3,446.6400,9,446.6200,5,446.4400,6,445.1900,4,444.8400,4,444.6500,5,444.0000,4,0.0000,0,448.8300,3,448.8400,6,449.0000,15,452.5100,3,453.5900,2,0.0000,0,0.0000,0,0.0000,0,0.0000,0,0.0000,0
2024-08-05 09:30:38,445.3800,5,445.1900,4,444.8400,4,444.6500,5,444.0000,4,0.0000,0,0.0000,0,0.0000,0,0.0000,0,0.0000,0,448.8300,17,448.8400,6,449.0000,15,452.5100,3,453.5900,2,0.0000,0,0.0000,0,0.0000,0,0.0000,0,0.0000,0
2024-08-05 09:30:39,445.3800,5,445.1900,4,444.8400,4,444.6500,5,444.0000,4,0.0000,0,0.0000,0,0.0000,0,0.0000,0,0.0000,0,448.1900,4,448.8300,17,448.8400,6,449.0000,15,452.5100,3,453.5900,2,0.0000,0,0.0000,0,0.0000,0,0.0000,0
2024-08-05 09:30:40,445.3800,5,445.1900,4,444.8400,4,444.6500,5,444.0000,4,0.0000,0,0.0000,0,0.0000,0,0.0000,0,0.0000,0,448.1900,7,448.8300,17,448.8400,6,449.0000,15,452.5100,3,453.5900,2,0.0000,0,0.0000,0,0.0000,0,0.0000,0
2024-08-05 09:30:41,445.3800,5,445.1900,4,444.8400,4,444.6500,5,444.0000,4,0.0000,0,0.0000,0,0.0000,0,0.0000,0,0.0000,0,448.1900,7,448.8300,17,448.8400,6,449.0000,15,452.5100,3,453.5900,2,0.0000,0,0.0000,0,0.0000,0,0.0000,0
2024-08-05 09:30:42,445.3800,5,445.1900,4,444.8400,4,444.6500,5,444.0000,4,0.0000,0,0.0000,0,0.0000,0,0.0000,0,0.0000,0,448.1900,7,448.8300,17,448.8400,6,449.0000,15,452.5100,3,453.5900,2,0.0000,0,0.0000,0,0.0000,0,0.0000,0
2024-08-05 09:30:43,445.3800,5,445.1900,4,444.8400,4,444.6500,5,444.0000,4,0.0000,0,0.0000,0,0.0000,0,0.0000,0,0.0000,0,448.1900,7,448.8300,17,448.8400,6,449.0000,15,452.5100,3,453.5900,2,0.0000,0,0.0000,0,0.0000,0,0.0000,0
2024-08-05 09:30:44,445.3800,5,445.1900,4,444.8400,4,444.6500,5,444.0000,4,0.0000,0,0.0000,0,0.0000,0,0.0000,0,0.0000,0,448.1900,7,448.8300,17,448.8400,6,449.0000,15,452.5100,3,453.5900,2,0.0000,0,0.0000,0,0.0000,0,0.0000,0
2024-08-05 09:30:45,445.3800,5,445.1900,4,444.8400,4,444.6500,5,444.0000,4,0.0000,0,0.0000,0,0.0000,0,0.0000,0,0.0000,0,448.1900,7,448.8300,17,448.8400,6,449.0000,15,452.5100,3,453.5900,2,0.0000,0,0.0000,0,0.0000,0,0.0000,0
2024-08-05 09:30:46,445.3800,5,445.1900,4,444.8400,4,444.6500,5,444.0000,4,0.0000,0,0.0000,0,0.0000,0,0.0000,0,0.0000,0,448.1900,7,448.8300,17,448.8400,6,449.0000,15,452.5100,3,453.5900,2,0.0000,0,0.0000,0,0.0000,0,0.0000,0
2024-08-05 09:30:47,443.5900,3,0.0000,0,0.0000,0,0.0000,0,0.0000,0,0.0000,0,0.0000,0,0.0000,0,0.0000,0,0.0000,0,445.3800,5,445.7600,1,447.6300,6,448.1900,10,448.8300,17,448.8400,6,449.0000,15,452.5100,3,453.5900,2,0.0000,0
2024-08-05 09:30:48,443.5900,3,0.0000,0,0.0000,0,0.0000,0,0.0000,0,0.0000,0,0.0000,0,0.0000,0,0.0000,0,0.0000,0,445.3800,8,445.7600,1,447.6300,6,448.1900,10,448.8300,17,448.8400,6,449.0000,15,452.5100,3,453.5900,2,0.0000,0
2024-08-05 09:30:49,443.0000,3,442.6900,3,0.0000,0,0.0000,0,0.0000,0,0.0000,0,0.0000,0,0.0000,0,0.0000,0,0.0000,0,445.3800,8,445.7600,1,447.6300,6,448.1900,10,448.8300,17,448.8400,6,449.0000,15,452.5100,3,453.5900,2,0.0000,0
2024-08-05 09:30:50,443.0000,3,442.6900,3,0.0000,0,0.0000,0,0.0000,0,0.0000,0,0.0000,0,0.0000,0,0.0000,0,0.0000,0,445.3800,8,445.7600,1,447.6300,6,448.1900,10,448.8300,17,448.8400,6,449.0000,15,452.5100,3,453.5900,2,0.0000,0
2024-08-05 09:30:51,443.0000,3,442.6900,3,0.0000,0,0.0000,0,0.0000,0,0.0000,0,0.0000,0,0.0000,0,0.0000,0,0.0000,0,445.3800,8,445.7600,1,447.6300,6,448.1900,10,448.8300,17,448.8400,6,449.0000,15,452.5100,3,453.5900,2,0.0000,0
2024-08-05 09:30:52,443.0000,7,442.6900,3,0.0000,0,0.0000,0,0.0000,0,0.0000,0,0.0000,0,0.0000,0,0.0000,0,0.0000,0,445.3800,10,445.7600,1,447.6300,6,448.1900,10,448.8300,17,448.8400,6,449.0000,15,452.5100,3,453.5900,2,0.0000,0
2024-08-05 09:30:53,443.0000,9,442.6900,3,0.0000,0,0.0000,0,0.0000,0,0.0000,0,0.0000,0,0.0000,0,0.0000,0,0.0000,0,445.3800,10,445.7600,1,447.6300,6,448.1900,10,448.8300,17,448.8400,6,449.0000,15,452.5100,3,453.5900,2,0.0000,0
2024-08-05 09:30:54,443.0000,9,442.6900,3,0.0000,0,0.0000,0,0.0000,0,0.0000,0,0.0000,0,0.0000,0,0.0000,0,0.0000,0,445.3800,10,445.7600,1,447.6300,6,448.1900,10,448.8300,17,448.8400,6,449.0000,15,452.5100,3,453.5900,2,0.0000,0
2024-08-05 09:30:55,443.0000,9,442.6900,3,0.0000,0,0.0000,0,0.0000,0,0.0000,0,0.0000,0,0.0000,0,0.0000,0,0.0000,0,445.3800,10,445.7600,1,447.6300,6,448.1900,10,448.8300,17,448.8400,6,449.0000,15,452.5100,3,453.5900,2,0.0000,0
2024-08-05 09:30:56,443.0000,9,442.6900,3,0.0000,0,0.0000,0,0.0000,0,0.0000,0,0.0000,0,0.0000,0,0.0000,0,0.0000,0,445.3800,10,445.7600,1,447.6300,6,448.1900,10,448.8300,17,448.8400,6,449.0000,15,452.5100,3,453.5900,2,0.0000,0
2024-08-05 09:30:57,443.0000,10,442.6900,3,0.0000,0,0.0000,0,0.0000,0,0.0000,0,0.0000,0,0.0000,0,0.0000,0,0.0000,0,445.3800,10,445.7600,1,447.6300,6,448.1900,10,448.8300,17,448.8400,6,449.0000,15,452.5100,3,453.5900,2,0.0000,0
2024-08-05 09:30:58,443.0000,11,442.6900,3,0.0000,0,0.0000,0,0.0000,0,0.0000,0,0.0000,0,0.0000,0,0.0000,0,0.0000,0,445.3800,10,445.7600,1,447.6300,6,448.1900,10,448.8300,17,448.8400,6,449.0000,15,452.5100,3,453.5900,2,0.0000,0
2024-08-05 09:30:59,443.0000,11,442.6900,3,0.0000,0,0.0000,0,0.0000,0,0.0000,0,0.0000,0,0.0000,0,0.0000,0,0.0000,0,445.3800,10,445.7600,1,447.6300,6,448.1900,10,448.8300,17,448.8400,6,449.0000,15,452.5100,3,453.5900,2,0.0000,0
2024-08-05 09:31:00,443.0000,11,442.6900,3,0.0000,0,0.0000,0,0.0000,0,0.0000,0,0.0000,0,0.0000,0,0.0000,0,0.0000,0,445.3800,10,445.7600,1,447.6300,6,448.1900,10,448.8300,17,448.8400,6,449.0000,15,452.5100,3,453.5900,2,0.0000,0
2024-08-05 09:31:01,443.0000,11,442.6900,3,0.0000,0,0.0000,0,0.0000,0,0.0000,0,0.0000,0,0.0000,0,0.0000,0,0.0000,0,445.3800,9,445.7600,1,447.6300,6,448.1900,10,448.8300,17,448.8400,6,449.0000,15,452.5100,3,453.5900,2,0.0000,0
2024-08-05 09:31:02,444.6200,8,443.1100,5,443.0000,11,442.6900,3,0.0000,0,0.0000,0,0.0000,0,0.0000,0,0.0000,0,0.0000,0,448.5200,3,448.5300,3,448.5400,6,448.5500,3,448.8300,17,448.8400,6,449.0000,15,452.5100,3,453.5900,2,0.0000,0
2024-08-05 09:31:03,444.6200,8,443.1100,5,443.0000,11,442.6900,3,0.0000,0,0.0000,0,0.0000,0,0.0000,0,0.0000,0,0.0000,0,448.0800,8,448.5100,3,448.5200,5,448.5300,3,448.5400,6,448.5500,3,448.8300,17,448.8400,6,449.0000,15,452.5100,3
2024-08-05 09:31:04,444.6200,9,443.1100,5,443.0000,11,442.6900,3,0.0000,0,0.0000,0,0.0000,0,0.0000,0,0.0000,0,0.0000,0,448.0800,8,448.5100,3,448.5200,5,448.5300,3,448.5400,6,448.5500,3,448.8300,17,448.8400,6,449.0000,15,452.5100,3
2024-08-05 09:31:05,444.6200,9,443.1100,5,443.0000,11,442.6900,3,0.0000,0,0.0000,0,0.0000,0,0.0000,0,0.0000,0,0.0000,0,448.0800,8,448.5100,3,448.5200,5,448.5300,3,448.5400,6,448.5500,3,448.8300,17,448.8400,6,449.0000,15,452.5100,3
2024-08-05 09:31:06,444.6200,12,443.1100,5,443.0000,11,442.6900,3,0.0000,0,0.0000,0,0.0000,0,0.0000,0,0.0000,0,0.0000,0,448.0800,8,448.5100,3,448.5200,5,448.5300,3,448.5400,6,448.5500,3,448.8300,17,448.8400,6,449.0000,15,452.5100,3
2024-08-05 09:31:07,444.6200,12,443.1100,5,443.0000,11,442.6900,3,0.0000,0,0.0000,0,0.0000,0,0.0000,0,0.0000,0,0.0000,0,448.0800,8,448.5100,3,448.5200,5,448.5300,3,448.5400,6,448.5500,3,448.8300,17,448.8400,6,449.0000,15,452.5100,3
2024-08-05 09:31:08,444.6200,12,443.1100,5,443.0000,11,442.6900,3,0.0000,0,0.0000,0,0.0000,0,0.0000,0,0.0000,0,0.0000,0,448.0800,8,448.5100,3,448.5200,5,448.5300,3,448.5400,6,448.5500,3,448.8300,17,448.8400,6,449.0000,15,452.5100,3
2024-08-05 09:31:09,444.6200,12,443.1100,5,443.0000,11,442.6900,3,0.0000,0,0.0000,0,0.0000,0,0.0000,0,0.0000,0,0.0000,0,448.0800,8,448.5100,3,448.5200,5,448.5300,3,448.5400,6,448.5500,3,448.8300,17,448.8400,6,449.0000,15,452.5100,3
2024-08-05 09:31:10,444.6200,12,443.1100,5,443.0000,11,442.6900,3,0.0000,0,0.0000,0,0.0000,0,0.0000,0,0.0000,0,0.0000,0,448.0800,9,448.5100,3,448.5200,5,448.5300,3,448.5400,6,448.5500,3,448.8300,17,448.8400,6,449.0000,15,452.5100,3
2024-08-05 09:31:11,443.9900,4,443.3600,2,443.1100,5,443.0000,11,442.6900,3,0.0000,0,0.0000,0,0.0000,0,0.0000,0,0.0000,0,447.2800,3,448.0800,9,448.5100,3,448.5200,5,448.5300,3,448.5400,6,448.5500,3,448.8300,17,448.8400,6,449.0000,15
2024-08-05 09:31:12,443.9900,4,443.3600,2,443.1100,5,443.0000,11,442.6900,3,0.0000,0,0.0000,0,0.0000,0,0.0000,0,0.0000,0,447.2800,7,448.0800,9,448.5100,3,448.5200,5,448.5300,3,448.5400,6,448.5500,3,448.8300,17,448.8400,6,449.0000,15
2024-08-05 09:31:13,443.9900,4,443.3600,2,443.1100,5,443.0000,11,442.6900,3,0.0000,0,0.0000,0,0.0000,0,0.0000,0,0.0000,0,447.2800,7,448.0800,9,448.5100,3,448.5200,5,448.5300,3,448.5400,6,448.5500,3,448.8300,17,448.8400,6,449.0000,15
2024-08-05 09:31:14,443.9900,5,443.3600,2,443.1100,5,443.0000,11,442.6900,3,0.0000,0,0.0000,0,0.0000,0,0.0000,0,0.0000,0,447.2800,7,448.0800,9,448.5100,3,448.5200,5,448.5300,3,448.5400,6,448.5500,3,448.8300,17,448.8400,6,449.0000,15
2024-08-05 09:31:15,443.9900,5,443.3600,2,443.1100,5,443.0000,11,442.6900,3,0.0000,0,0.0000,0,0.0000,0,0.0000,0,0.0000,0,447.2800,7,448.0800,9,448.5100,3,448.5200,5,448.5300,3,448.5400,6,448.5500,3,448.8300,17,448.8400,6,449.0000,15
2024-08-05 09:31:16,443.9900,5,443.3600,2,443.1100,5,443.0000,11,442.6900,3,0.0000,0,0.0000,0,0.0000,0,0.0000,0,0.0000,0,447.2800,7,448.0800,9,448.5100,3,448.5200,5,448.5300,3,448.5400,6,448.5500,3,448.8300,17,448.8400,6,449.0000,15
2024-08-05 09:31:17,443.9900,5,443.3600,2,443.1100,5,443.0000,11,442.6900,3,0.0000,0,0.0000,0,0.0000,0,0.0000,0,0.0000,0,446.3600,6,447.2800,7,448.0800,9,448.5100,3,448.5200,5,448.5300,3,448.5400,6,448.5500,3,448.8300,17,448.8400,6
2024-08-05 09:31:18,443.9900,5,443.3600,2,443.1100,5,443.0000,11,442.6900,3,0.0000,0,0.0000,0,0.0000,0,0.0000,0,0.0000,0,446.3600,6,447.2800,7,448.0800,9,448.5100,3,448.5200,5,448.5300,3,448.5400,6,448.5500,3,448.8300,17,448.8400,6
2024-08-05 09:31:19,443.9900,5,443.3600,2,443.1100,5,443.0000,11,442.6900,3,0.0000,0,0.0000,0,0.0000,0,0.0000,0,0.0000,0,446.3600,6,447.2800,7,448.0800,9,448.5100,3,448.5200,5,448.5300,3,448.5400,6,448.5500,3,448.8300,17,448.8400,6
2024-08-05 09:31:20,443.9900,5,443.3600,2,443.1100,5,443.0000,11,442.6900,3,0.0000,0,0.0000,0,0.0000,0,0.0000,0,0.0000,0,446.3600,6,447.2800,7,448.0800,9,448.5100,3,448.5200,5,448.5300,3,448.5400,6,448.5500,3,448.8300,17,448.8400,6
2024-08-05 09:31:21,443.9900,5,443.3600,2,443.1100,5,443.0000,11,442.6900,3,0.0000,0,0.0000,0,0.0000,0,0.0000,0,0.0000,0,446.3600,7,447.2800,7,448.0800,9,448.5100,3,448.5200,5,448.5300,3,448.5400,6,448.5500,3,448.8300,17,448.8400,6
2024-08-05 09:31:22,443.9900,5,443.3600,2,443.1100,5,443.0000,11,442.6900,3,0.0000,0,0.0000,0,0.0000,0,0.0000,0,0.0000,0,446.3500,3,446.3600,7,447.2800,7,448.0800,9,448.5100,3,448.5200,5,448.5300,3,448.5400,6,448.5500,3,448.8300,17
2024-08-05 09:31:23,443.9900,5,443.3600,2,443.1100,5,443.0000,11,442.6900,3,0.0000,0,0.0000,0,0.0000,0,0.0000,0,0.0000,0,446.3500,7,446.3600,7,447.2800,7,448.0800,9,448.5100,3,448.5200,5,448.5300,3,448.5400,6,448.5500,3,448.8300,17
2024-08-05 09:31:24,443.9900,5,443.3600,2,443.1100,5,443.0000,11,442.6900,3,0.0000,0,0.0000,0,0.0000,0,0.0000,0,0.0000,0,446.3500,7,446.3600,7,447.2800,7,448.0800,9,448.5100,3,448.5200,5,448.5300,3,448.5400,6,448.5500,3,448.8300,17
2024-08-05 09:31:25,443.9900,5,443.3600,2,443.1100,5,443.0000,11,442.6900,3,0.0000,0,0.0000,0,0.0000,0,0.0000,0,0.0000,0,446.3500,7,446.3600,7,447.2800,7,448.0800,9,448.5100,3,448.5200,5,448.5300,3,448.5400,6,448.5500,3,448.8300,17
2024-08-05 09:31:26,443.9900,5,443.3600,2,443.1100,5,443.0000,11,442.6900,3,0.0000,0,0.0000,0,0.0000,0,0.0000,0,0.0000,0,446.3500,7,446.3600,7,447.2800,7,448.0800,9,448.5100,3,448.5200,5,448.5300,3,448.5400,6,448.5500,3,448.8300,17
2024-08-05 09:31:27,443.9900,5,443.3600,2,443.1100,5,443.0000,11,442.6900,3,0.0000,0,0.0000,0,0.0000,0,0.0000,0,0.0000,0,446.3500,7,446.3600,7,447.2800,7,448.0800,9,448.5100,3,448.5200,5,448.5300,3,448.5400,6,448.5500,3,448.8300,17
2024-08-05 09:31:28,443.9900,5,443.3600,2,443.1100,5,443.0000,11,442.6900,3,0.0000,0,0.0000,0,0.0000,0,0.0000,0,0.0000,0,446.3500,7,446.3600,7,447.2800,7,448.0800,9,448.5100,3,448.5200,5,448.5300,3,448.5400,6,448.5500,3,448.8300,17
2024-08-05 09:31:29,443.9900,5,443.3600,2,443.1100,5,443.0000,11,442.6900,3,0.0000,0,0.0000,0,0.0000,0,0.0000,0,0.0000,0,446.3500,8,446.3600,7,447.2800,7,448.0800,9,448.5100,3,448.5200,5,448.5300,3,448.5400,6,448.5500,3,448.8300,17
2024-08-05 09:31:30,442.8800,3,442.6900,3,0.0000,0,0.0000,0,0.0000,0,0.0000,0,0.0000,0,0.0000,0,0.0000,0,0.0000,0,446.3400,6,446.3500,8,446.3600,7,447.2800,7,448.0800,9,448.5100,3,448.5200,5,448.5300,3,448.5400,6,448.5500,3
2024-08-05 09:31:31,443.4900,1,442.8800,3,442.6900,3,0.0000,0,0.0000,0,0.0000,0,0.0000,0,0.0000,0,0.0000,0,0.0000,0,446.3400,5,446.3500,8,446.3600,7,447.2800,7,448.0800,9,448.5100,3,448.5200,5,448.5300,3,448.5400,6,448.5500,3
2024-08-05 09:31:32,443.4900,1,442.8800,3,442.6900,3,0.0000,0,0.0000,0,0.0000,0,0.0000,0,0.0000,0,0.0000,0,0.0000,0,446.3400,9,446.3500,8,446.3600,7,447.2800,7,448.0800,9,448.5100,3,448.5200,5,448.5300,3,448.5400,6,448.5500,3
2024-08-05 09:31:33,441.7000,3,0.0000,0,0.0000,0,0.0000,0,0.0000,0,0.0000,0,0.0000,0,0.0000,0,0.0000,0,0.0000,0,443.7500,5,443.8000,1,446.3400,9,446.3500,8,446.3600,7,447.2800,7,448.0800,9,448.5100,3,448.5200,5,448.5300,3
2024-08-05 09:31:34,441.7000,3,0.0000,0,0.0000,0,0.0000,0,0.0000,0,0.0000,0,0.0000,0,0.0000,0,0.0000,0,0.0000,0,443.7500,6,443.8000,1,446.3400,9,446.3500,8,446.3600,7,447.2800,7,448.0800,9,448.5100,3,448.5200,5,448.5300,3
2024-08-05 09:31:35,441.7000,5,0.0000,0,0.0000,0,0.0000,0,0.0000,0,0.0000,0,0.0000,0,0.0000,0,0.0000,0,0.0000,0,443.7500,8,443.8000,1,446.3400,9,446.3500,8,446.3600,7,447.2800,7,448.0800,9,448.5100,3,448.5200,5,448.5300,3
2024-08-05 09:31:36,441.7000,6,0.0000,0,0.0000,0,0.0000,0,0.0000,0,0.0000,0,0.0000,0,0.0000,0,0.0000,0,0.0000,0,443.7500,8,443.8000,1,446.3400,9,446.3500,8,446.3600,7,447.2800,7,448.0800,9,448.5100,3,448.5200,5,448.5300,3
2024-08-05 09:31:37,441.7000,6,0.0000,0,0.0000,0,0.0000,0,0.0000,0,0.0000,0,0.0000,0,0.0000,0,0.0000,0,0.0000,0,443.7500,10,443.8000,1,446.3400,9,446.3500,8,446.3600,7,447.2800,7,448.0800,9,448.5100,3,448.5200,5,448.5300,3
2024-08-05 09:31:38,441.7000,6,0.0000,0,0.0000,0,0.0000,0,0.0000,0,0.0000,0,0.0000,0,0.0000,0,0.0000,0,0.0000,0,443.7500,10,443.8000,1,446.3400,9,446.3500,8,446.3600,7,447.2800,7,448.0800,9,448.5100,3,448.5200,5,448.5300,3
2024-08-05 09:31:39,441.7000,9,0.0000,0,0.0000,0,0.0000,0,0.0000,0,0.0000,0,0.0000,0,0.0000,0,0.0000,0,0.0000,0,443.7500,10,443.8000,1,446.3400,9,446.3500,8,446.3600,7,447.2800,7,448.0800,9,448.5100,3,448.5200,5,448.5300,3
2024-08-05 09:31:40,441.7000,9,0.0000,0,0.0000,0,0.0000,0,0.0000,0,0.0000,0,0.0000,0,0.0000,0,0.0000,0,0.0000,0,443.8000,5,446.3400,9,446.3500,8,446.3600,7,447.2800,7,448.0800,9,448.5100,3,448.5200,5,448.5300,3,448.5400,6
2024-08-05 09:31:41,441.7000,9,0.0000,0,0.0000,0,0.0000,0,0.0000,0,0.0000,0,0.0000,0,0.0000,0,0.0000,0,0.0000,0,443.8000,5,446.3400,9,446.3500,8,446.3600,7,447.2800,7,448.0800,9,448.5100,3,448.5200,5,448.5300,3,448.5400,6
2024-08-05 09:31:42,441.7000,13,0.0000,0,0.0000,0,0.0000,0,0.0000,0,0.0000,0,0.0000,0,0.0000,0,0.0000,0,0.0000,0,443.8000,5,446.3400,9,446.3500,8,446.3600,7,447.2800,7,448.0800,9,448.5100,3,448.5200,5,448.5300,3,448.5400,6
2024-08-05 09:31:43,441.7000,13,0.0000,0,0.0000,0,0.0000,0,0.0000,0,0.0000,0,0.0000,0,0.0000,0,0.0000,0,0.0000,0,443.8000,5,446.3400,9,446.3500,8,446.3600,7,447.2800,7,448.0800,9,448.5100,3,448.5200,5,448.5300,3,448.5400,6
2024-08-05 09:31:44,441.7000,12,0.0000,0,0.0000,0,0.0000,0,0.0000,0,0.0000,0,0.0000,0,0.0000,0,0.0000,0,0.0000,0,443.8000,5,446.3400,9,446.3500,8,446.3600,7,447.2800,7,448.0800,9,448.5100,3,448.5200,5,448.5300,3,448.5400,6
2024-08-05 09:31:45,441.7000,14,0.0000,0,0.0000,0,0.0000,0,0.0000,0,0.0000,0,0.0000,0,0.0000,0,0.0000,0,0.0000,0,443.8000,5,446.3400,9,446.3500,8,446.3600,7,447.2800,7,448.0800,9,448.5100,3,448.5200,5,448.5300,3,448.5400,6
2024-08-05 09:31:46,441.7000,14,0.0000,0,0.0000,0,0.0000,0,0.0000,0,0.0000,0,0.0000,0,0.0000,0,0.0000,0,0.0000,0,443.8000,5,446.3400,9,446.3500,8,446.3600,7,447.2800,7,448.0800,9,448.5100,3,448.5200,5,448.5300,3,448.5400,6
2024-08-05 09:31:47,441.7000,14,0.0000,0,0.0000,0,0.0000,0,0.0000,0,0.0000,0,0.0000,0,0.0000,0,0.0000,0,0.0000,0,443.8000,5,446.3400,9,446.3500,8,446.3600,7,447.2800,7,448.0800,9,448.5100,3,448.5200,5,448.5300,3,448.5400,6
2024-08-05 09:31:48,441.7000,14,0.0000,0,0.0000,0,0.0000,0,0.0000,0,0.0000,0,0.0000,0,0.0000,0,0.0000,0,0.0000,0,443.8000,5,446.3400,9,446.3500,8,446.3600,7,447.2800,7,448.0800,9,448.5100,3,448.5200,5,448.5300,3,448.5400,6
2024-08-05 09:31:49,442.4600,6,442.1200,1,441.7200,1,441.7000,17,0.0000,0,0.0000,0,0.0000,0,0.0000,0,0.0000,0,0.0000,0,445.3400,4,446.3400,9,446.3500,8,446.3600,7,447.2800,7,448.0800,9,448.5100,3,448.5200,5,448.5300,3,448.5400,6
2024-08-05 09:31:50,442.4600,9,442.1200,1,441.7200,1,441.7000,17,0.0000,0,0.0000,0,0.0000,0,0.0000,0,0.0000,0,0.0000,0,445.3300,13,445.3400,4,446.3400,9,446.3500,8,446.3600,7,447.2800,7,448.0800,9,448.5100,3,448.5200,5,448.5300,3
2024-08-05 09:31:51,442.4600,13,442.1200,1,441.7200,1,441.7000,17,0.0000,0,0.0000,0,0.0000,0,0.0000,0,0.0000,0,0.0000,0,445.3300,12,445.3400,4,446.3400,9,446.3500,8,446.3600,7,447.2800,7,448.0800,9,448.5100,3,448.5200,5,448.5300,3
2024-08-05 09:31:52,442.4600,13,442.1200,1,441.7200,1,441.7000,17,0.0000,0,0.0000,0,0.0000,0,0.0000,0,0.0000,0,0.0000,0,445.3300,11,445.3400,4,446.3400,9,446.3500,8,446.3600,7,447.2800,7,448.0800,9,448.5100,3,448.5200,5,448.5300,3
2024-08-05 09:31:53,442.4600,13,442.1200,1,441.7200,1,441.7000,17,0.0000,0,0.0000,0,0.0000,0,0.0000,0,0.0000,0,0.0000,0,445.3300,11,445.3400,4,446.3400,9,446.3500,8,446.3600,7,447.2800,7,448.0800,9,448.5100,3,448.5200,5,448.5300,3
2024-08-05 09:31:54,442.4600,12,442.1200,1,441.7200,1,441.7000,17,0.0000,0,0.0000,0,0.0000,0,0.0000,0,0.0000,0,0.0000,0,445.3300,11,445.3400,4,446.3400,9,446.3500,8,446.3600,7,447.2800,7,448.0800,9,448.5100,3,448.5200,5,448.5300,3
2024-08-05 09:31:55,442.4600,12,442.1200,1,441.7200,1,441.7000,17,0.0000,0,0.0000,0,0.0000,0,0.0000,0,0.0000,0,0.0000,0,445.3300,11,445.3400,4,446.3400,9,446.3500,8,446.3600,7,447.2800,7,448.0800,9,448.5100,3,448.5200,5,448.5300,3
2024-08-05 09:31:56,442.4600,10,442.1200,1,441.7200,1,441.7000,17,0.0000,0,0.0000,0,0.0000,0,0.0000,0,0.0000,0,0.0000,0,445.3300,11,445.3400,4,446.3400,9,446.3500,8,446.3600,7,447.2800,7,448.0800,9,448.5100,3,448.5200,5,448.5300,3
2024-08-05 09:31:57,442.1200,3,441.7200,1,441.7000,17,0.0000,0,0.0000,0,0.0000,0,0.0000,0,0.0000,0,0.0000,0,0.0000,0,444.0700,3,445.3300,11,445.3400,4,446.3400,9,446.3500,8,446.3600,7,447.2800,7,448.0800,9,448.5100,3,448.5200,5
2024-08-05 09:31:58,442.1200,3,441.7200,1,441.7000,17,0.0000,0,0.0000,0,0.0000,0,0.0000,0,0.0000,0,0.0000,0,0.0000,0,444.0700,3,445.3300,11,445.3400,4,446.3400,9,446.3500,8,446.3600,7,447.2800,7,448.0800,9,448.5100,3,448.5200,5
2024-08-05 09:31:59,442.1200,3,441.7200,1,441.7000,17,0.0000,0,0.0000,0,0.0000,0,0.0000,0,0.0000,0,0.0000,0,0.0000,0,444.0700,3,445.3300,11,445.3400,4,446.3400,9,446.3500,8,446.3600,7,447.2800,7,448.0800,9,448.5100,3,448.5200,5
2024-08-05 09:32:00,442.1200,3,441.7200,1,441.7000,17,0.0000,0,0.0000,0,0.0000,0,0.0000,0,0.0000,0,0.0000,0,0.0000,0,444.0700,4,445.3300,11,445.3400,4,446.3400,9,446.3500,8,446.3600,7,447.2800,7,448.0800,9,448.5100,3,448.5200,5
2024-08-05 09:32:01,442.1200,3,441.7200,1,441.7000,17,0.0000,0,0.0000,0,0.0000,0,0.0000,0,0.0000,0,0.0000,0,0.0000,0,445.3400,7,446.3400,9,446.3500,8,446.3600,7,447.2800,7,448.0800,9,448.5100,3,448.5200,5,448.5300,3,448.5400,6
2024-08-05 09:32:02,442.1200,4,441.7200,1,441.7000,17,0.0000,0,0.0000,0,0.0000,0,0.0000,0,0.0000,0,0.0000,0,0.0000,0,445.3400,6,446.3400,9,446.3500,8,446.3600,7,447.2800,7,448.0800,9,448.5100,3,448.5200,5,448.5300,3,448.5400,6
2024-08-05 09:32:03,442.1200,4,441.7200,1,441.7000,17,0.0000,0,0.0000,0,0.0000,0,0.0000,0,0.0000,0,0.0000,0,0.0000,0,445.3400,6,446.3400,9,446.3500,8,446.3600,7,447.2800,7,448.0800,9,448.5100,3,448.5200,5,448.5300,3,448.5400,6
2024-08-05 09:32:04,441.2000,3,0.0000,0,0.0000,0,0.0000,0,0.0000,0,0.0000,0,0.0000,0,0.0000,0,0.0000,0,0.0000,0,444.0700,4,444.6200,1,444.6900,3,445.3400,9,446.3400,9,446.3500,8,446.3600,7,447.2800,7,448.0800,9,448.5100,3
2024-08-05 09:32:05,441.2000,6,0.0000,0,0.0000,0,0.0000,0,0.0000,0,0.0000,0,0.0000,0,0.0000,0,0.0000,0,0.0000,0,444.0700,4,444.6200,1,444.6900,3,445.3400,9,446.3400,9,446.3500,8,446.3600,7,447.2800,7,448.0800,9,448.5100,3
2024-08-05 09:32:06,441.2000,4,0.0000,0,0.0000,0,0.0000,0,0.0000,0,0.0000,0,0.0000,0,0.0000,0,0.0000,0,0.0000,0,444.0700,4,444.6200,1,444.6900,3,445.3400,9,446.3400,9,446.3500,8,446.3600,7,447.2800,7,448.0800,9,448.5100,3
2024-08-05 09:32:07,441.2000,4,0.0000,0,0.0000,0,0.0000,0,0.0000,0,0.0000,0,0.0000,0,0.0000,0,0.0000,0,0.0000,0,444.0700,4,444.6200,1,444.6900,3,445.3400,9,446.3400,9,446.3500,8,446.3600,7,447.2800,7,448.0800,9,448.5100,3
2024-08-05 09:32:08,441.2000,5,0.0000,0,0.0000,0,0.0000,0,0.0000,0,0.0000,0,0.0000,0,0.0000,0,0.0000,0,0.0000,0,444.0700,4,444.6200,1,444.6900,3,445.3400,9,446.3400,9,446.3500,8,446.3600,7,447.2800,7,448.0800,9,448.5100,3
2024-08-05 09:32:09,441.2000,5,0.0000,0,0.0000,0,0.0000,0,0.0000,0,0.0000,0,0.0000,0,0.0000,0,0.0000,0,0.0000,0,444.0700,4,444.6200,1,444.6900,3,445.3400,9,446.3400,9,446.3500,8,446.3600,7,447.2800,7,448.0800,9,448.5100,3
2024-08-05 09:32:10,441.2000,5,0.0000,0,0.0000,0,0.0000,0,0.0000,0,0.0000,0,0.0000,0,0.0000,0,0.0000,0,0.0000,0,444.0700,4,444.6200,1,444.6900,3,445.3400,9,446.3400,9,446.3500,8,446.3600,7,447.2800,7,448.0800,9,448.5100,3
2024-08-05 09:32:11,441.2000,5,0.0000,0,0.0000,0,0.0000,0,0.0000,0,0.0000,0,0.0000,0,0.0000,0,0.0000,0,0.0000,0,444.0700,4,444.6200,1,444.6900,3,445.3400,9,446.3400,9,446.3500,8,446.3600,7,447.2800,7,448.0800,9,448.5100,3
2024-08-05 09:32:12,441.2000,5,0.0000,0,0.0000,0,0.0000,0,0.0000,0,0.0000,0,0.0000,0,0.0000,0,0.0000,0,0.0000,0,444.0700,4,444.6200,1,444.6900,3,445.3400,9,446.3400,9,446.3500,8,446.3600,7,447.2800,7,448.0800,9,448.5100,3
2024-08-05 09:32:13,441.2000,5,0.0000,0,0.0000,0,0.0000,0,0.0000,0,0.0000,0,0.0000,0,0.0000,0,0.0000,0,0.0000,0,444.0700,4,444.6200,1,444.6900,3,445.3400,9,446.3400,9,446.3500,8,446.3600,7,447.2800,7,448.0800,9,448.5100,3
2024-08-05 09:32:14,441.2000,4,0.0000,0,0.0000,0,0.0000,0,0.0000,0,0.0000,0,0.0000,0,0.0000,0,0.0000,0,0.0000,0,444.0700,11,444.6200,1,444.6900,3,445.3400,9,446.3400,9,446.3500,8,446.3600,7,447.2800,7,448.0800,9,448.5100,3
2024-08-05 09:32:15,441.2000,4,0.0000,0,0.0000,0,0.0000,0,0.0000,0,0.0000,0,0.0000,0,0.0000,0,0.0000,0,0.0000,0,444.0700,10,444.6200,1,444.6900,3,445.3400,9,446.3400,9,446.3500,8,446.3600,7,447.2800,7,448.0800,9,448.5100,3
2024-08-05 09:32:16,441.2000,7,0.0000,0,0.0000,0,0.0000,0,0.0000,0,0.0000,0,0.0000,0,0.0000,0,0.0000,0,0.0000,0,444.0700,12,444.6200,1,444.6900,3,445.3400,9,446.3400,9,446.3500,8,446.3600,7,447.2800,7,448.0800,9,448.5100,3
2024-08-05 09:32:17,441.2000,7,0.0000,0,0.0000,0,0.0000,0,0.0000,0,0.0000,0,0.0000,0,0.0000,0,0.0000,0,0.0000,0,444.0700,12,444.6200,1,444.6900,3,445.3400,9,446.3400,9,446.3500,8,446.3600,7,447.2800,7,448.0800,9,448.5100,3
2024-08-05 09:32:18,441.2000,7,0.0000,0,0.0000,0,0.0000,0,0.0000,0,0.0000,0,0.0000,0,0.0000,0,0.0000,0,0.0000,0,444.0700,13,444.6200,1,444.6900,3,445.3400,9,446.3400,9,446.3500,8,446.3600,7,447.2800,7,448.0800,9,448.5100,3
2024-08-05 09:32:19,441.2000,7,0.0000,0,0.0000,0,0.0000,0,0.0000,0,0.0000,0,0.0000,0,0.0000,0,0.0000,0,0.0000,0,444.0700,13,444.6200,1,444.6900,3,445.3400,9,446.3400,9,446.3500,8,446.3600,7,447.2800,7,448.0800,9,448.5100,3
2024-08-05 09:32:20,441.2000,7,0.0000,0,0.0000,0,0.0000,0,0.0000,0,0.0000,0,0.0000,0,0.0000,0,0.0000,0,0.0000,0,444.0700,12,444.6200,1,444.6900,3,445.3400,9,446.3400,9,446.3500,8,446.3600,7,447.2800,7,448.0800,9,448.5100,3
2024-08-05 09:32:21,441.2000,7,0.0000,0,0.0000,0,0.0000,0,0.0000,0,0.0000,0,0.0000,0,0.0000,0,0.0000,0,0.0000,0,444.0700,12,444.6200,1,444.6900,3,445.3400,9,446.3400,9,446.3500,8,446.3600,7,447.2800,7,448.0800,9,448.5100,3
2024-08-05 09:32:22,441.2000,7,0.0000,0,0.0000,0,0.0000,0,0.0000,0,0.0000,0,0.0000,0,0.0000,0,0.0000,0,0.0000,0,442.6200,1,444.0700,11,444.6200,1,444.6900,3,445.3400,9,446.3400,9,446.3500,8,446.3600,7,447.2800,7,448.0800,9
2024-08-05 09:32:23,441.2000,7,0.0000,0,0.0000,0,0.0000,0,0.0000,0,0.0000,0,0.0000,0,0.0000,0,0.0000,0,0.0000,0,442.6200,1,444.0700,11,444.6200,1,444.6900,3,445.3400,9,446.3400,9,446.3500,8,446.3600,7,447.2800,7,448.0800,9
2024-08-05 09:32:24,441.2000,7,0.0000,0,0.0000,0,0.0000,0,0.0000,0,0.0000,0,0.0000,0,0.0000,0,0.0000,0,0.0000,0,441.9100,3,442.6200,11,444.0700,11,444.6200,1,444.6900,3,445.3400,9,446.3400,9,446.3500,8,446.3600,7,447.2800,7
2024-08-05 09:32:25,441.2000,8,0.0000,0,0.0000,0,0.0000,0,0.0000,0,0.0000,0,0.0000,0,0.0000,0,0.0000,0,0.0000,0,442.6200,12,444.0700,11,444.6200,1,444.6900,3,445.3400,9,446.3400,9,446.3500,8,446.3600,7,447.2800,7,448.0800,9
2024-08-05 09:32:26,441.2000,8,0.0000,0,0.0000,0,0.0000,0,0.0000,0,0.0000,0,0.0000,0,0.0000,0,0.0000,0,0.0000,0,442.6200,11,444.0700,11,444.6200,1,444.6900,3,445.3400,9,446.3400,9,446.3500,8,446.3600,7,447.2800,7,448.0800,9
2024-08-05 09:32:27,441.2000,8,0.0000,0,0.0000,0,0.0000,0,0.0000,0,0.0000,0,0.0000,0,0.0000,0,0.0000,0,0.0000,0,443.9500,4,444.0700,11,444.6200,1,444.6900,3,445.3400,9,446.3400,9,446.3500,8,446.3600,7,447.2800,7,448.0800,9
2024-08-05 09:32:28,441.2000,8,0.0000,0,0.0000,0,0.0000,0,0.0000,0,0.0000,0,0.0000,0,0.0000,0,0.0000,0,0.0000,0,443.9500,7,444.0700,11,444.6200,1,444.6900,3,445.3400,9,446.3400,9,446.3500,8,446.3600,7,447.2800,7,448.0800,9
2024-08-05 09:32:29,441.2000,8,0.0000,0,0.0000,0,0.0000,0,0.0000,0,0.0000,0,0.0000,0,0.0000,0,0.0000,0,0.0000,0,443.9500,7,444.0700,11,444.6200,1,444.6900,3,445.3400,9,446.3400,9,446.3500,8,446.3600,7,447.2800,7,448.0800,9
2024-08-05 09:32:30,441.2000,8,0.0000,0,0.0000,0,0.0000,0,0.0000,0,0.0000,0,0.0000,0,0.0000,0,0.0000,0,0.0000,0,443.9500,7,444.0700,11,444.6200,1,444.6900,3,445.3400,9,446.3400,9,446.3500,8,446.3600,7,447.2800,7,448.0800,9
2024-08-05 09:32:31,441.2000,8,0.0000,0,0.0000,0,0.0000,0,0.0000,0,0.0000,0,0.0000,0,0.0000,0,0.0000,0,0.0000,0,443.9500,7,444.0700,11,444.6200,1,444.6900,3,445.3400,9,446.3400,9,446.3500,8,446.3600,7,447.2800,7,448.0800,9
2024-08-05 09:32:32,441.2000,8,0.0000,0,0.0000,0,0.0000,0,0.0000,0,0.0000,0,0.0000,0,0.0000,0,0.0000,0,0.0000,0,443.9500,7,444.0700,11,444.6200,1,444.6900,3,445.3400,9,446.3400,9,446.3500,8,446.3600,7,447.2800,7,448.0800,9
2024-08-05 09:32:33,441.2000,8,0.0000,0,0.0000,0,0.0000,0,0.0000,0,0.0000,0,0.0000,0,0.0000,0,0.0000,0,0.0000,0,443.9500,7,444.0700,11,444.6200,1,444.6900,3,445.3400,9,446.3400,9,446.3500,8,446.3600,7,447.2800,7,448.0800,9
2024-08-05 09:32:34,441.2000,8,0.0000,0,0.0000,0,0.0000,0,0.0000,0,0.0000,0,0.0000,0,0.0000,0,0.0000,0,0.0000,0,443.9500,7,444.0700,11,444.6200,1,444.6900,3,445.3400,9,446.3400,9,446.3500,8,446.3600,7,447.2800,7,448.0800,9
2024-08-05 09:32:35,441.2000,8,0.0000,0,0.0000,0,0.0000,0,0.0000,0,0.0000,0,0.0000,0,0.0000,0,0.0000,0,0.0000,0,443.9500,7,444.0700,11,444.6200,1,444.6900,3,445.3400,9,446.3400,9,446.3500,8,446.3600,7,447.2800,7,448.0800,9
2024-08-05 09:32:36,441.2000,8,0.0000,0,0.0000,0,0.0000,0,0.0000,0,0.0000,0,0.0000,0,0.0000,0,0.0000,0,0.0000,0,443.9500,7,444.0700,11,444.6200,1,444.6900,3,445.3400,9,446.3400,9,446.3500,8,446.3600,7,447.2800,7,448.0800,9
2024-08-05 09:32:37,441.2000,7,0.0000,0,0.0000,0,0.0000,0,0.0000,0,0.0000,0,0.0000,0,0.0000,0,0.0000,0,0.0000,0,442.3300,7,442.9400,1,443.9500,7,444.0700,11,444.6200,1,444.6900,3,445.3400,9,446.3400,9,446.3500,8,446.3600,7
2024-08-05 09:32:38,441.2000,7,0.0000,0,0.0000,0,0.0000,0,0.0000,0,0.0000,0,0.0000,0,0.0000,0,0.0000,0,0.0000,0,442.3300,7,442.9400,1,443.9500,7,444.0700,11,444.6200,1,444.6900,3,445.3400,9,446.3400,9,446.3500,8,446.3600,7
2024-08-05 09:32:39,440.2000,5,0.0000,0,0.0000,0,0.0000,0,0.0000,0,0.0000,0,0.0000,0,0.0000,0,0.0000,0,0.0000,0,442.3300,12,442.9400,1,443.9500,7,444.0700,11,444.6200,1,444.6900,3,445.3400,9,446.3400,9,446.3500,8,446.3600,7
2024-08-05 09:32:40,440.6700,2,440.2000,5,0.0000,0,0.0000,0,0.0000,0,0.0000,0,0.0000,0,0.0000,0,0.0000,0,0.0000,0,441.4300,3,442.3300,12,442.9400,1,443.9500,7,444.0700,11,444.6200,1,444.6900,3,445.3400,9,446.3400,9,446.3500,8
2024-08-05 09:32:41,440.6700,4,440.2000,5,0.0000,0,0.0000,0,0.0000,0,0.0000,0,0.0000,0,0.0000,0,0.0000,0,0.0000,0,441.4300,3,442.3300,12,442.9400,1,443.9500,7,444.0700,11,444.6200,1,444.6900,3,445.3400,9,446.3400,9,446.3500,8
2024-08-05 09:32:42,440.6700,4,440.2000,5,0.0000,0,0.0000,0,0.0000,0,0.0000,0,0.0000,0,0.0000,0,0.0000,0,0.0000,0,441.4300,5,442.3300,12,442.9400,1,443.9500,7,444.0700,11,444.6200,1,444.6900,3,445.3400,9,446.3400,9,446.3500,8
2024-08-05 09:32:43,440.6700,5,440.2000,5,0.0000,0,0.0000,0,0.0000,0,0.0000,0,0.0000,0,0.0000,0,0.0000,0,0.0000,0,441.4300,5,442.3300,12,442.9400,1,443.9500,7,444.0700,11,444.6200,1,444.6900,3,445.3400,9,446.3400,9,446.3500,8
2024-08-05 09:32:44,440.6700,5,440.2000,5,0.0000,0,0.0000,0,0.0000,0,0.0000,0,0.0000,0,0.0000,0,0.0000,0,0.0000,0,443.1600,3,443.8600,2,443.9500,7,444.0700,11,444.6200,1,444.6900,3,445.3400,9,446.3400,9,446.3500,8,446.3600,7
2024-08-05 09:32:45,440.4200,3,440.2000,5,0.0000,0,0.0000,0,0.0000,0,0.0000,0,0.0000,0,0.0000,0,0.0000,0,0.0000,0,442.4700,3,443.1600,3,443.8600,2,443.9500,7,444.0700,11,444.6200,1,444.6900,3,445.3400,9,446.3400,9,446.3500,8
2024-08-05 09:32:46,440.6700,3,440.4200,3,440.2000,5,0.0000,0,0.0000,0,0.0000,0,0.0000,0,0.0000,0,0.0000,0,0.0000,0,442.4700,6,443.1600,3,443.8600,2,443.9500,7,444.0700,11,444.6200,1,444.6900,3,445.3400,9,446.3400,9,446.3500,8
2024-08-05 09:32:47,440.6700,3,440.4200,3,440.2000,5,0.0000,0,0.0000,0,0.0000,0,0.0000,0,0.0000,0,0.0000,0,0.0000,0,442.4700,6,443.1600,3,443.8600,2,443.9500,7,444.0700,11,444.6200,1,444.6900,3,445.3400,9,446.3400,9,446.3500,8
2024-08-05 09:32:48,440.6700,3,440.4200,3,440.2000,5,0.0000,0,0.0000,0,0.0000,0,0.0000,0,0.0000,0,0.0000,0,0.0000,0,442.4700,6,443.1600,3,443.8600,2,443.9500,7,444.0700,11,444.6200,1,444.6900,3,445.3400,9,446.3400,9,446.3500,8
2024-08-05 09:32:49,440.6700,3,440.4200,3,440.2000,5,0.0000,0,0.0000,0,0.0000,0,0.0000,0,0.0000,0,0.0000,0,0.0000,0,442.4700,6,443.1600,3,443.8600,2,443.9500,7,444.0700,11,444.6200,1,444.6900,3,445.3400,9,446.3400,9,446.3500,8
2024-08-05 09:32:50,440.6700,3,440.4200,3,440.2000,5,0.0000,0,0.0000,0,0.0000,0,0.0000,0,0.0000,0,0.0000,0,0.0000,0,442.4700,6,443.1600,3,443.8600,2,443.9500,7,444.0700,11,444.6200,1,444.6900,3,445.3400,9,446.3400,9,446.3500,8
2024-08-05 09:32:51,441.2400,1,440.6700,3,440.4200,3,440.2000,5,0.0000,0,0.0000,0,0.0000,0,0.0000,0,0.0000,0,0.0000,0,442.4700,9,443.1600,3,443.8600,2,443.9500,7,444.0700,11,444.6200,1,444.6900,3,445.3400,9,446.3400,9,446.3500,8
2024-08-05 09:32:52,441.2400,1,440.6700,3,440.4200,3,440.2000,5,0.0000,0,0.0000,0,0.0000,0,0.0000,0,0.0000,0,0.0000,0,442.4700,9,443.1600,3,443.8600,2,443.9500,7,444.0700,11,444.6200,1,444.6900,3,445.3400,9,446.3400,9,446.3500,8
2024-08-05 09:32:53,441.3400,1,441.2400,1,440.6700,3,440.4200,3,440.2000,5,0.0000,0,0.0000,0,0.0000,0,0.0000,0,0.0000,0,442.4700,9,443.1600,3,443.8600,2,443.9500,7,444.0700,11,444.6200,1,444.6900,3,445.3400,9,446.3400,9,446.3500,8
2024-08-05 09:32:54,441.2400,2,440.6700,3,440.4200,3,440.2000,5,0.0000,0,0.0000,0,0.0000,0,0.0000,0,0.0000,0,0.0000,0,442.4700,9,443.1600,3,443.8600,2,443.9500,7,444.0700,11,444.6200,1,444.6900,3,445.3400,9,446.3400,9,446.3500,8
2024-08-05 09:32:55,440.6700,6,440.4200,3,440.2000,5,0.0000,0,0.0000,0,0.0000,0,0.0000,0,0.0000,0,0.0000,0,0.0000,0,442.4700,9,443.1600,3,443.8600,2,443.9500,7,444.0700,11,444.6200,1,444.6900,3,445.3400,9,446.3400,9,446.3500,8
2024-08-05 09:32:56,440.6700,6,440.4200,3,440.2000,5,0.0000,0,0.0000,0,0.0000,0,0.0000,0,0.0000,0,0.0000,0,0.0000,0,442.4700,9,443.1600,3,443.8600,2,443.9500,7,444.0700,11,444.6200,1,444.6900,3,445.3400,9,446.3400,9,446.3500,8
2024-08-05 09:32:57,440.2000,5,0.0000,0,0.0000,0,0.0000,0,0.0000,0,0.0000,0,0.0000,0,0.0000,0,0.0000,0,0.0000,0,442.4700,10,443.1600,3,443.8600,2,443.9500,7,444.0700,11,444.6200,1,444.6900,3,445.3400,9,446.3400,9,446.3500,8
2024-08-05 09:32:58,440.2000,5,0.0000,0,0.0000,0,0.0000,0,0.0000,0,0.0000,0,0.0000,0,0.0000,0,0.0000,0,0.0000,0,442.4700,11,443.1600,3,443.8600,2,443.9500,7,444.0700,11,444.6200,1,444.6900,3,445.3400,9,446.3400,9,446.3500,8
2024-08-05 09:32:59,440.2000,5,0.0000,0,0.0000,0,0.0000,0,0.0000,0,0.0000,0,0.0000,0,0.0000,0,0.0000,0,0.0000,0,442.4700,11,443.1600,3,443.8600,2,443.9500,7,444.0700,11,444.6200,1,444.6900,3,445.3400,9,446.3400,9,446.3500,8
2024-08-05 09:33:00,440.2000,5,0.0000,0,0.0000,0,0.0000,0,0.0000,0,0.0000,0,0.0000,0,0.0000,0,0.0000,0,0.0000,0,442.4500,3,442.4600,3,442.4700,11,443.1600,3,443.8600,2,443.9500,7,444.0700,11,444.6200,1,444.6900,3,445.3400,9
2024-08-05 09:33:01,440.2000,5,0.0000,0,0.0000,0,0.0000,0,0.0000,0,0.0000,0,0.0000,0,0.0000,0,0.0000,0,0.0000,0,442.4500,7,442.4600,3,442.4700,11,443.1600,3,443.8600,2,443.9500,7,444.0700,11,444.6200,1,444.6900,3,445.3400,9
2024-08-05 09:33:02,440.0000,6,0.0000,0,0.0000,0,0.0000,0,0.0000,0,0.0000,0,0.0000,0,0.0000,0,0.0000,0,0.0000,0,442.4500,8,442.4600,3,442.4700,11,443.1600,3,443.8600,2,443.9500,7,444.0700,11,444.6200,1,444.6900,3,445.3400,9
2024-08-05 09:33:03,440.0000,6,0.0000,0,0.0000,0,0.0000,0,0.0000,0,0.0000,0,0.0000,0,0.0000,0,0.0000,0,0.0000,0,442.4500,8,442.4600,3,442.4700,11,443.1600,3,443.8600,2,443.9500,7,444.0700,11,444.6200,1,444.6900,3,445.3400,9
2024-08-05 09:33:04,440.0000,6,0.0000,0,0.0000,0,0.0000,0,0.0000,0,0.0000,0,0.0000,0,0.0000,0,0.0000,0,0.0000,0,442.4500,8,442.4600,3,442.4700,11,443.1600,3,443.8600,2,443.9500,7,444.0700,11,444.6200,1,444.6900,3,445.3400,9
2024-08-05 09:33:05,440.0000,6,0.0000,0,0.0000,0,0.0000,0,0.0000,0,0.0000,0,0.0000,0,0.0000,0,0.0000,0,0.0000,0,442.4500,7,442.4600,3,442.4700,11,443.1600,3,443.8600,2,443.9500,7,444.0700,11,444.6200,1,444.6900,3,445.3400,9
2024-08-05 09:33:06,440.0000,6,0.0000,0,0.0000,0,0.0000,0,0.0000,0,0.0000,0,0.0000,0,0.0000,0,0.0000,0,0.0000,0,442.4400,6,442.4500,7,442.4600,3,442.4700,11,443.1600,3,443.8600,2,443.9500,7,444.0700,11,444.6200,1,444.6900,3
2024-08-05 09:33:07,440.0000,6,0.0000,0,0.0000,0,0.0000,0,0.0000,0,0.0000,0,0.0000,0,0.0000,0,0.0000,0,0.0000,0,442.4300,3,442.4400,10,442.4500,7,442.4600,3,442.4700,11,443.1600,3,443.8600,2,443.9500,7,444.0700,11,444.6200,1
2024-08-05 09:33:08,439.6700,3,0.0000,0,0.0000,0,0.0000,0,0.0000,0,0.0000,0,0.0000,0,0.0000,0,0.0000,0,0.0000,0,441.2200,3,442.4300,3,442.4400,10,442.4500,7,442.4600,3,442.4700,11,443.1600,3,443.8600,2,443.9500,7,444.0700,11
2024-08-05 09:33:09,439.6700,3,0.0000,0,0.0000,0,0.0000,0,0.0000,0,0.0000,0,0.0000,0,0.0000,0,0.0000,0,0.0000,0,441.2200,4,442.4300,3,442.4400,10,442.4500,7,442.4600,3,442.4700,11,443.1600,3,443.8600,2,443.9500,7,444.0700,11
2024-08-05 09:33:10,439.6700,3,0.0000,0,0.0000,0,0.0000,0,0.0000,0,0.0000,0,0.0000,0,0.0000,0,0.0000,0,0.0000,0,441.2200,5,442.4300,3,442.4400,10,442.4500,7,442.4600,3,442.4700,11,443.1600,3,443.8600,2,443.9500,7,444.0700,11
2024-08-05 09:33:11,439.6700,3,0.0000,0,0.0000,0,0.0000,0,0.0000,0,0.0000,0,0.0000,0,0.0000,0,0.0000,0,0.0000,0,440.9700,3,441.2200,5,442.4300,3,442.4400,10,442.4500,7,442.4600,3,442.4700,11,443.1600,3,443.8600,2,443.9500,7
2024-08-05 09:33:12,438.8800,2,0.0000,0,0.0000,0,0.0000,0,0.0000,0,0.0000,0,0.0000,0,0.0000,0,0.0000,0,0.0000,0,441.2200,6,442.4300,3,442.4400,10,442.4500,7,442.4600,3,442.4700,11,443.1600,3,443.8600,2,443.9500,7,444.0700,11
2024-08-05 09:33:13,438.8800,2,0.0000,0,0.0000,0,0.0000,0,0.0000,0,0.0000,0,0.0000,0,0.0000,0,0.0000,0,0.0000,0,441.2200,7,442.4300,3,442.4400,10,442.4500,7,442.4600,3,442.4700,11,443.1600,3,443.8600,2,443.9500,7,444.0700,11
2024-08-05 09:33:14,438.8800,2,0.0000,0,0.0000,0,0.0000,0,0.0000,0,0.0000,0,0.0000,0,0.0000,0,0.0000,0,0.0000,0,441.2200,7,442.4300,3,442.4400,10,442.4500,7,442.4600,3,442.4700,11,443.1600,3,443.8600,2,443.9500,7,444.0700,11
2024-08-05 09:33:15,438.8800,2,0.0000,0,0.0000,0,0.0000,0,0.0000,0,0.0000,0,0.0000,0,0.0000,0,0.0000,0,0.0000,0,441.2200,6,442.4300,3,442.4400,10,442.4500,7,442.4600,3,442.4700,11,443.1600,3,443.8600,2,443.9500,7,444.0700,11
2024-08-05 09:33:16,438.8800,2,0.0000,0,0.0000,0,0.0000,0,0.0000,0,0.0000,0,0.0000,0,0.0000,0,0.0000,0,0.0000,0,441.2200,6,442.4300,3,442.4400,10,442.4500,7,442.4600,3,442.4700,11,443.1600,3,443.8600,2,443.9500,7,444.0700,11
2024-08-05 09:33:17,438.8800,5,0.0000,0,0.0000,0,0.0000,0,0.0000,0,0.0000,0,0.0000,0,0.0000,0,0.0000,0,0.0000,0,441.2200,6,442.4300,3,442.4400,10,442.4500,7,442.4600,3,442.4700,11,443.1600,3,443.8600,2,443.9500,7,444.0700,11
2024-08-05 09:33:18,438.8800,8,0.0000,0,0.0000,0,0.0000,0,0.0000,0,0.0000,0,0.0000,0,0.0000,0,0.0000,0,0.0000,0,441.2200,6,442.4300,3,442.4400,10,442.4500,7,442.4600,3,442.4700,11,443.1600,3,443.8600,2,443.9500,7,444.0700,11
2024-08-05 09:33:19,438.8800,8,0.0000,0,0.0000,0,0.0000,0,0.0000,0,0.0000,0,0.0000,0,0.0000,0,0.0000,0,0.0000,0,441.2200,6,442.4300,3,442.4400,10,442.4500,7,442.4600,3,442.4700,11,443.1600,3,443.8600,2,443.9500,7,444.0700,11
2024-08-05 09:33:20,438.8800,8,0.0000,0,0.0000,0,0.0000,0,0.0000,0,0.0000,0,0.0000,0,0.0000,0,0.0000,0,0.0000,0,441.2200,6,442.4300,3,442.4400,10,442.4500,7,442.4600,3,442.4700,11,443.1600,3,443.8600,2,443.9500,7,444.0700,11
2024-08-05 09:33:21,438.8800,8,0.0000,0,0.0000,0,0.0000,0,0.0000,0,0.0000,0,0.0000,0,0.0000,0,0.0000,0,0.0000,0,441.2200,6,442.4300,3,442.4400,10,442.4500,7,442.4600,3,442.4700,11,443.1600,3,443.8600,2,443.9500,7,444.0700,11
2024-08-05 09:33:22,438.8800,8,0.0000,0,0.0000,0,0.0000,0,0.0000,0,0.0000,0,0.0000,0,0.0000,0,0.0000,0,0.0000,0,441.2200,6,442.4300,3,442.4400,10,442.4500,7,442.4600,3,442.4700,11,443.1600,3,443.8600,2,443.9500,7,444.0700,11
2024-08-05 09:33:23,439.5200,4,438.8800,8,0.0000,0,0.0000,0,0.0000,0,0.0000,0,0.0000,0,0.0000,0,0.0000,0,0.0000,0,441.2200,6,442.4300,3,442.4400,10,442.4500,7,442.4600,3,442.4700,11,443.1600,3,443.8600,2,443.9500,7,444.0700,11
2024-08-05 09:33:24,438.8800,7,0.0000,0,0.0000,0,0.0000,0,0.0000,0,0.0000,0,0.0000,0,0.0000,0,0.0000,0,0.0000,0,441.5700,5,442.4800,3,443.1600,3,443.8600,2,443.9500,7,444.0700,11,444.6200,1,444.6900,3,445.3400,9,446.3400,9
2024-08-05 09:33:25,438.8800,7,0.0000,0,0.0000,0,0.0000,0,0.0000,0,0.0000,0,0.0000,0,0.0000,0,0.0000,0,0.0000,0,441.5700,5,442.4800,3,443.1600,3,443.8600,2,443.9500,7,444.0700,11,444.6200,1,444.6900,3,445.3400,9,446.3400,9
2024-08-05 09:33:26,438.8800,7,0.0000,0,0.0000,0,0.0000,0,0.0000,0,0.0000,0,0.0000,0,0.0000,0,0.0000,0,0.0000,0,441.5700,6,442.4800,3,443.1600,3,443.8600,2,443.9500,7,444.0700,11,444.6200,1,444.6900,3,445.3400,9,446.3400,9
2024-08-05 09:33:27,438.8800,7,0.0000,0,0.0000,0,0.0000,0,0.0000,0,0.0000,0,0.0000,0,0.0000,0,0.0000,0,0.0000,0,441.5700,6,442.4800,3,443.1600,3,443.8600,2,443.9500,7,444.0700,11,444.6200,1,444.6900,3,445.3400,9,446.3400,9
2024-08-05 09:33:28,438.8800,7,0.0000,0,0.0000,0,0.0000,0,0.0000,0,0.0000,0,0.0000,0,0.0000,0,0.0000,0,0.0000,0,441.5700,6,442.4800,3,443.1600,3,443.8600,2,443.9500,7,444.0700,11,444.6200,1,444.6900,3,445.3400,9,446.3400,9
2024-08-05 09:33:29,438.8800,7,0.0000,0,0.0000,0,0.0000,0,0.0000,0,0.0000,0,0.0000,0,0.0000,0,0.0000,0,0.0000,0,441.5700,6,442.4800,3,443.1600,3,443.8600,2,443.9500,7,444.0700,11,444.6200,1,444.6900,3,445.3400,9,446.3400,9
2024-08-05 09:33:30,438.8900,3,438.8800,7,0.0000,0,0.0000,0,0.0000,0,0.0000,0,0.0000,0,0.0000,0,0.0000,0,0.0000,0,441.5700,7,442.4800,3,443.1600,3,443.8600,2,443.9500,7,444.0700,11,444.6200,1,444.6900,3,445.3400,9,446.3400,9
2024-08-05 09:33:31,438.9000,3,438.8900,5,438.8800,7,0.0000,0,0.0000,0,0.0000,0,0.0000,0,0.0000,0,0.0000,0,0.0000,0,441.6200,4,442.4800,3,443.1600,3,443.8600,2,443.9500,7,444.0700,11,444.6200,1,444.6900,3,445.3400,9,446.3400,9
2024-08-05 09:33:32,438.9000,3,438.8900,5,438.8800,7,0.0000,0,0.0000,0,0.0000,0,0.0000,0,0.0000,0,0.0000,0,0.0000,0,441.6200,4,442.4800,3,443.1600,3,443.8600,2,443.9500,7,444.0700,11,444.6200,1,444.6900,3,445.3400,9,446.3400,9
2024-08-05 09:33:33,440.2600,2,438.9000,3,438.8900,5,438.8800,7,0.0000,0,0.0000,0,0.0000,0,0.0000,0,0.0000,0,0.0000,0,441.6200,6,442.4800,3,443.1600,3,443.8600,2,443.9500,7,444.0700,11,444.6200,1,444.6900,3,445.3400,9,446.3400,9
2024-08-05 09:33:34,440.2600,2,438.9000,3,438.8900,5,438.8800,7,0.0000,0,0.0000,0,0.0000,0,0.0000,0,0.0000,0,0.0000,0,441.6200,6,442.4800,3,443.1600,3,443.8600,2,443.9500,7,444.0700,11,444.6200,1,444.6900,3,445.3400,9,446.3400,9
2024-08-05 09:33:35,439.3300,3,438.9000,3,438.8900,5,438.8800,7,0.0000,0,0.0000,0,0.0000,0,0.0000,0,0.0000,0,0.0000,0,441.4700,3,441.6200,5,442.4800,3,443.1600,3,443.8600,2,443.9500,7,444.0700,11,444.6200,1,444.6900,3,445.3400,9
2024-08-05 09:33:36,439.3300,3,438.9000,3,438.8900,5,438.8800,7,0.0000,0,0.0000,0,0.0000,0,0.0000,0,0.0000,0,0.0000,0,441.6200,5,442.4800,3,443.1600,3,443.8600,2,443.9500,7,444.0700,11,444.6200,1,444.6900,3,445.3400,9,446.3400,9
2024-08-05 09:33:37,439.3300,6,438.9000,3,438.8900,5,438.8800,7,0.0000,0,0.0000,0,0.0000,0,0.0000,0,0.0000,0,0.0000,0,441.6200,5,442.4800,3,443.1600,3,443.8600,2,443.9500,7,444.0700,11,444.6200,1,444.6900,3,445.3400,9,446.3400,9
2024-08-05 09:33:38,439.3300,6,438.9000,3,438.8900,5,438.8800,7,0.0000,0,0.0000,0,0.0000,0,0.0000,0,0.0000,0,0.0000,0,441.4700,1,441.6200,4,442.4800,3,443.1600,3,443.8600,2,443.9500,7,444.0700,11,444.6200,1,444.6900,3,445.3400,9
2024-08-05 09:33:39,439.3300,6,438.9000,3,438.8900,5,438.8800,7,0.0000,0,0.0000,0,0.0000,0,0.0000,0,0.0000,0,0.0000,0,441.4700,2,441.6200,4,442.4800,3,443.1600,3,443.8600,2,443.9500,7,444.0700,11,444.6200,1,444.6900,3,445.3400,9
2024-08-05 09:33:40,439.9400,3,439.3300,6,438.9000,3,438.8900,5,438.8800,7,0.0000,0,0.0000,0,0.0000,0,0.0000,0,0.0000,0,441.4700,2,441.6200,4,442.4800,3,443.1600,3,443.8600,2,443.9500,7,444.0700,11,444.6200,1,444.6900,3,445.3400,9
2024-08-05 09:33:41,440.7100,1,440.7000,1,440.5000,3,439.9400,3,439.3300,6,438.9000,3,438.8900,5,438.8800,7,0.0000,0,0.0000,0,441.4700,2,441.6200,4,442.4800,3,443.1600,3,443.8600,2,443.9500,7,444.0700,11,444.6200,1,444.6900,3,445.3400,9
2024-08-05 09:33:42,440.7100,1,440.7000,1,440.5000,3,439.9400,3,439.3300,6,438.9000,3,438.8900,5,438.8800,7,0.0000,0,0.0000,0,441.4700,6,441.6200,4,442.4800,3,443.1600,3,443.8600,2,443.9500,7,444.0700,11,444.6200,1,444.6900,3,445.3400,9
2024-08-05 09:33:43,440.7100,4,440.7000,1,440.5000,3,439.9400,3,439.3300,6,438.9000,3,438.8900,5,438.8800,7,0.0000,0,0.0000,0,442.8100,3,443.1600,3,443.8600,2,443.9500,7,444.0700,11,444.6200,1,444.6900,3,445.3400,9,446.3400,9,446.3500,8
2024-08-05 09:33:44,441.5600,1,440.7100,4,440.7000,1,440.5000,3,439.9400,3,439.3300,6,438.9000,3,438.8900,5,438.8800,7,0.0000,0,442.8100,3,443.1600,3,443.8600,2,443.9500,7,444.0700,11,444.6200,1,444.6900,3,445.3400,9,446.3400,9,446.3500,8
2024-08-05 09:33:45,441.5600,1,440.7100,4,440.7000,1,440.5000,3,439.9400,3,439.3300,6,438.9000,3,438.8900,5,438.8800,7,0.0000,0,442.8100,3,443.1600,3,443.8600,2,443.9500,7,444.0700,11,444.6200,1,444.6900,3,445.3400,9,446.3400,9,446.3500,8
2024-08-05 09:33:46,441.5700,3,441.5600,5,440.7100,4,440.7000,1,440.5000,3,439.9400,3,439.3300,6,438.9000,3,438.8900,5,438.8800,7,444.4200,3,444.5400,1,444.6200,1,444.6900,3,445.3400,9,446.3400,9,446.3500,8,446.3600,7,447.2800,7,448.0800,9
2024-08-05 09:33:47,442.0200,1,441.5700,3,441.5600,5,440.7100,4,440.7000,1,440.5000,3,439.9400,3,439.3300,6,438.9000,3,438.8900,5,444.4200,3,444.5400,1,444.6200,1,444.6900,3,445.3400,9,446.3400,9,446.3500,8,446.3600,7,447.2800,7,448.0800,9
2024-08-05 09:33:48,442.0200,3,441.5700,3,441.5600,5,440.7100,4,440.7000,1,440.5000,3,439.9400,3,439.3300,6,438.9000,3,438.8900,5,444.4200,3,444.5400,1,444.6200,1,444.6900,3,445.3400,9,446.3400,9,446.3500,8,446.3600,7,447.2800,7,448.0800,9
2024-08-05 09:33:49,442.0200,3,441.5700,3,441.5600,5,440.7100,4,440.7000,1,440.5000,3,439.9400,3,439.3300,6,438.9000,3,438.8900,5,444.4200,3,444.5400,1,444.6200,1,444.6900,3,445.3400,9,446.3400,9,446.3500,8,446.3600,7,447.2800,7,448.0800,9
2024-08-05 09:33:50,442.0200,4,441.5700,3,441.5600,5,440.7100,4,440.7000,1,440.5000,3,439.9400,3,439.3300,6,438.9000,3,438.8900,5,444.4200,4,444.5400,1,444.6200,1,444.6900,3,445.3400,9,446.3400,9,446.3500,8,446.3600,7,447.2800,7,448.0800,9
2024-08-05 09:33:51,442.0200,5,441.5700,3,441.5600,5,440.7100,4,440.7000,1,440.5000,3,439.9400,3,439.3300,6,438.9000,3,438.8900,5,444.4200,4,444.5400,1,444.6200,1,444.6900,3,445.3400,9,446.3400,9,446.3500,8,446.3600,7,447.2800,7,448.0800,9
2024-08-05 09:33:52,442.0200,5,441.5700,3,441.5600,5,440.7100,4,440.7000,1,440.5000,3,439.9400,3,439.3300,6,438.9000,3,438.8900,5,444.4200,4,444.5400,1,444.6200,1,444.6900,3,445.3400,9,446.3400,9,446.3500,8,446.3600,7,447.2800,7,448.0800,9
2024-08-05 09:33:53,441.5600,4,440.7100,4,440.7000,1,440.5000,3,439.9400,3,439.3300,6,438.9000,3,438.8900,5,438.8800,7,0.0000,0,442.8100,6,444.4200,4,444.5400,1,444.6200,1,444.6900,3,445.3400,9,446.3400,9,446.3500,8,446.3600,7,447.2800,7
2024-08-05 09:33:54,441.5600,4,440.7100,4,440.7000,1,440.5000,3,439.9400,3,439.3300,6,438.9000,3,438.8900,5,438.8800,7,0.0000,0,442.8100,6,444.4200,4,444.5400,1,444.6200,1,444.6900,3,445.3400,9,446.3400,9,446.3500,8,446.3600,7,447.2800,7
2024-08-05 09:33:55,441.5600,4,440.7100,4,440.7000,1,440.5000,3,439.9400,3,439.3300,6,438.9000,3,438.8900,5,438.8800,7,0.0000,0,442.0600,2,442.8100,8,444.4200,4,444.5400,1,444.6200,1,444.6900,3,445.3400,9,446.3400,9,446.3500,8,446.3600,7
2024-08-05 09:33:56,441.5600,4,440.7100,4,440.7000,1,440.5000,3,439.9400,3,439.3300,6,438.9000,3,438.8900,5,438.8800,7,0.0000,0,442.8100,8,444.4200,4,444.5400,1,444.6200,1,444.6900,3,445.3400,9,446.3400,9,446.3500,8,446.3600,7,447.2800,7
2024-08-05 09:33:57,441.5600,4,440.7100,4,440.7000,1,440.5000,3,439.9400,3,439.3300,6,438.9000,3,438.8900,5,438.8800,7,0.0000,0,444.4200,6,444.5400,1,444.6200,1,444.6900,3,445.3400,9,446.3400,9,446.3500,8,446.3600,7,447.2800,7,448.0800,9
2024-08-05 09:33:58,441.5600,4,440.7100,4,440.7000,1,440.5000,3,439.9400,3,439.3300,6,438.9000,3,438.8900,5,438.8800,7,0.0000,0,444.4200,6,444.5400,1,444.6200,1,444.6900,3,445.3400,9,446.3400,9,446.3500,8,446.3600,7,447.2800,7,448.0800,9
2024-08-05 09:33:59,441.5600,4,440.7100,4,440.7000,1,440.5000,3,439.9400,3,439.3300,6,438.9000,3,438.8900,5,438.8800,7,0.0000,0,444.4200,7,444.5400,1,444.6200,1,444.6900,3,445.3400,9,446.3400,9,446.3500,8,446.3600,7,447.2800,7,448.0800,9
2024-08-05 09:34:00,441.5600,4,440.7100,4,440.7000,1,440.5000,3,439.9400,3,439.3300,6,438.9000,3,438.8900,5,438.8800,7,0.0000,0,444.4200,7,444.5400,1,444.6200,1,444.6900,3,445.3400,9,446.3400,9,446.3500,8,446.3600,7,447.2800,7,448.0800,9
2024-08-05 09:34:01,441.5600,4,440.7100,4,440.7000,1,440.5000,3,439.9400,3,439.3300,6,438.9000,3,438.8900,5,438.8800,7,0.0000,0,444.4200,7,444.5400,1,444.6200,1,444.6900,3,445.3400,9,446.3400,9,446.3500,8,446.3600,7,447.2800,7,448.0800,9
2024-08-05 09:34:02,441.5600,4,440.7100,4,440.7000,1,440.5000,3,439.9400,3,439.3300,6,438.9000,3,438.8900,5,438.8800,7,0.0000,0,444.4200,6,444.5400,1,444.6200,1,444.6900,3,445.3400,9,446.3400,9,446.3500,8,446.3600,7,447.2800,7,448.0800,9
2024-08-05 09:34:03,441.5600,4,440.7100,4,440.7000,1,440.5000,3,439.9400,3,439.3300,6,438.9000,3,438.8900,5,438.8800,7,0.0000,0,444.4200,7,444.5400,1,444.6200,1,444.6900,3,445.3400,9,446.3400,9,446.3500,8,446.3600,7,447.2800,7,448.0800,9
2024-08-05 09:34:04,441.5600,4,440.7100,4,440.7000,1,440.5000,3,439.9400,3,439.3300,6,438.9000,3,438.8900,5,438.8800,7,0.0000,0,444.4200,7,444.5400,1,444.6200,1,444.6900,3,445.3400,9,446.3400,9,446.3500,8,446.3600,7,447.2800,7,448.0800,9
2024-08-05 09:34:05,441.5600,5,440.7100,4,440.7000,1,440.5000,3,439.9400,3,439.3300,6,438.9000,3,438.8900,5,438.8800,7,0.0000,0,444.4200,7,444.5400,1,444.6200,1,444.6900,3,445.3400,9,446.3400,9,446.3500,8,446.3600,7,447.2800,7,448.0800,9
2024-08-05 09:34:06,441.5600,5,440.7100,4,440.7000,1,440.5000,3,439.9400,3,439.3300,6,438.9000,3,438.8900,5,438.8800,7,0.0000,0,444.4200,7,444.5400,1,444.6200,1,444.6900,3,445.3400,9,446.3400,9,446.3500,8,446.3600,7,447.2800,7,448.0800,9
2024-08-05 09:34:07,441.5600,5,440.7100,4,440.7000,1,440.5000,3,439.9400,3,439.3300,6,438.9000,3,438.8900,5,438.8800,7,0.0000,0,444.4200,7,444.5400,1,444.6200,1,444.6900,3,445.3400,9,446.3400,9,446.3500,8,446.3600,7,447.2800,7,448.0800,9
2024-08-05 09:34:08,441.5600,7,440.7100,4,440.7000,1,440.5000,3,439.9400,3,439.3300,6,438.9000,3,438.8900,5,438.8800,7,0.0000,0,444.4200,7,444.5400,1,444.6200,1,444.6900,3,445.3400,9,446.3400,9,446.3500,8,446.3600,7,447.2800,7,448.0800,9
2024-08-05 09:34:09,441.5700,3,441.5600,7,440.7100,4,440.7000,1,440.5000,3,439.9400,3,439.3300,6,438.9000,3,438.8900,5,438.8800,7,444.4200,7,444.5400,1,444.6200,1,444.6900,3,445.3400,9,446.3400,9,446.3500,8,446.3600,7,447.2800,7,448.0800,9
2024-08-05 09:34:10,441.5700,3,441.5600,7,440.7100,4,440.7000,1,440.5000,3,439.9400,3,439.3300,6,438.9000,3,438.8900,5,438.8800,7,444.4200,7,444.5400,1,444.6200,1,444.6900,3,445.3400,9,446.3400,9,446.3500,8,446.3600,7,447.2800,7,448.0800,9
2024-08-05 09:34:11,441.5800,5,441.5700,3,441.5600,7,440.7100,4,440.7000,1,440.5000,3,439.9400,3,439.3300,6,438.9000,3,438.8900,5,444.4200,6,444.5400,1,444.6200,1,444.6900,3,445.3400,9,446.3400,9,446.3500,8,446.3600,7,447.2800,7,448.0800,9
2024-08-05 09:34:12,441.5800,5,441.5700,3,441.5600,7,440.7100,4,440.7000,1,440.5000,3,439.9400,3,439.3300,6,438.9000,3,438.8900,5,444.4200,6,444.5400,1,444.6200,1,444.6900,3,445.3400,9,446.3400,9,446.3500,8,446.3600,7,447.2800,7,448.0800,9
2024-08-05 09:34:13,441.5800,5,441.5700,3,441.5600,7,440.7100,4,440.7000,1,440.5000,3,439.9400,3,439.3300,6,438.9000,3,438.8900,5,444.4200,6,444.5400,1,444.6200,1,444.6900,3,445.3400,9,446.3400,9,446.3500,8,446.3600,7,447.2800,7,448.0800,9
2024-08-05 09:34:14,441.5800,5,441.5700,3,441.5600,7,440.7100,4,440.7000,1,440.5000,3,439.9400,3,439.3300,6,438.9000,3,438.8900,5,444.4200,7,444.5400,1,444.6200,1,444.6900,3,445.3400,9,446.3400,9,446.3500,8,446.3600,7,447.2800,7,448.0800,9
2024-08-05 09:34:15,441.5800,5,441.5700,3,441.5600,7,440.7100,4,440.7000,1,440.5000,3,439.9400,3,439.3300,6,438.9000,3,438.8900,5,444.4200,7,444.5400,1,444.6200,1,444.6900,3,445.3400,9,446.3400,9,446.3500,8,446.3600,7,447.2800,7,448.0800,9
2024-08-05 09:34:16,441.9400,3,441.5800,5,441.5700,3,441.5600,7,440.7100,4,440.7000,1,440.5000,3,439.9400,3,439.3300,6,438.9000,3,444.4200,7,444.5400,1,444.6200,1,444.6900,3,445.3400,9,446.3400,9,446.3500,8,446.3600,7,447.2800,7,448.0800,9
2024-08-05 09:34:17,441.9400,3,441.5800,5,441.5700,3,441.5600,7,440.7100,4,440.7000,1,440.5000,3,439.9400,3,439.3300,6,438.9000,3,443.9500,3,444.4200,7,444.5400,1,444.6200,1,444.6900,3,445.3400,9,446.3400,9,446.3500,8,446.3600,7,447.2800,7
2024-08-05 09:34:18,441.9400,3,441.5800,5,441.5700,3,441.5600,7,440.7100,4,440.7000,1,440.5000,3,439.9400,3,439.3300,6,438.9000,3,443.6700,3,443.9500,3,444.4200,7,444.5400,1,444.6200,1,444.6900,3,445.3400,9,446.3400,9,446.3500,8,446.3600,7
2024-08-05 09:34:19,441.9400,3,441.5800,5,441.5700,3,441.5600,7,440.7100,4,440.7000,1,440.5000,3,439.9400,3,439.3300,6,438.9000,3,443.6700,7,443.9500,3,444.4200,7,444.5400,1,444.6200,1,444.6900,3,445.3400,9,446.3400,9,446.3500,8,446.3600,7
2024-08-05 09:34:20,441.9400,5,441.5800,5,441.5700,3,441.5600,7,440.7100,4,440.7000,1,440.5000,3,439.9400,3,439.3300,6,438.9000,3,443.6700,7,443.9500,3,444.4200,7,444.5400,1,444.6200,1,444.6900,3,445.3400,9,446.3400,9,446.3500,8,446.3600,7
2024-08-05 09:34:21,441.9400,5,441.5800,5,441.5700,3,441.5600,7,440.7100,4,440.7000,1,440.5000,3,439.9400,3,439.3300,6,438.9000,3,443.6700,7,443.9500,3,444.4200,7,444.5400,1,444.6200,1,444.6900,3,445.3400,9,446.3400,9,446.3500,8,446.3600,7
2024-08-05 09:34:22,441.9400,5,441.5800,5,441.5700,3,441.5600,7,440.7100,4,440.7000,1,440.5000,3,439.9400,3,439.3300,6,438.9000,3,443.6700,7,443.9500,3,444.4200,7,444.5400,1,444.6200,1,444.6900,3,445.3400,9,446.3400,9,446.3500,8,446.3600,7
2024-08-05 09:34:23,441.9400,5,441.5800,5,441.5700,3,441.5600,7,440.7100,4,440.7000,1,440.5000,3,439.9400,3,439.3300,6,438.9000,3,443.6700,7,443.9500,3,444.4200,7,444.5400,1,444.6200,1,444.6900,3,445.3400,9,446.3400,9,446.3500,8,446.3600,7
2024-08-05 09:34:24,440.7700,4,440.7100,4,440.7000,1,440.5000,3,439.9400,3,439.3300,6,438.9000,3,438.8900,5,438.8800,7,0.0000,0,443.6700,8,443.9500,3,444.4200,7,444.5400,1,444.6200,1,444.6900,3,445.3400,9,446.3400,9,446.3500,8,446.3600,7
2024-08-05 09:34:25,440.7700,4,440.7100,4,440.7000,1,440.5000,3,439.9400,3,439.3300,6,438.9000,3,438.8900,5,438.8800,7,0.0000,0,443.6700,8,443.9500,3,444.4200,7,444.5400,1,444.6200,1,444.6900,3,445.3400,9,446.3400,9,446.3500,8,446.3600,7
2024-08-05 09:34:26,440.7700,4,440.7100,4,440.7000,1,440.5000,3,439.9400,3,439.3300,6,438.9000,3,438.8900,5,438.8800,7,0.0000,0,443.6700,8,443.9500,3,444.4200,7,444.5400,1,444.6200,1,444.6900,3,445.3400,9,446.3400,9,446.3500,8,446.3600,7
2024-08-05 09:34:27,440.7700,4,440.7100,4,440.7000,1,440.5000,3,439.9400,3,439.3300,6,438.9000,3,438.8900,5,438.8800,7,0.0000,0,443.6700,8,443.9500,3,444.4200,7,444.5400,1,444.6200,1,444.6900,3,445.3400,9,446.3400,9,446.3500,8,446.3600,7
2024-08-05 09:34:28,440.7700,4,440.7100,4,440.7000,1,440.5000,3,439.9400,3,439.3300,6,438.9000,3,438.8900,5,438.8800,7,0.0000,0,443.6700,8,443.9500,3,444.4200,7,444.5400,1,444.6200,1,444.6900,3,445.3400,9,446.3400,9,446.3500,8,446.3600,7
2024-08-05 09:34:29,440.7700,4,440.7100,4,440.7000,1,440.5000,3,439.9400,3,439.3300,6,438.9000,3,438.8900,5,438.8800,7,0.0000,0,443.6700,8,443.9500,3,444.4200,7,444.5400,1,444.6200,1,444.6900,3,445.3400,9,446.3400,9,446.3500,8,446.3600,7
2024-08-05 09:34:30,440.7700,4,440.7100,4,440.7000,1,440.5000,3,439.9400,3,439.3300,6,438.9000,3,438.8900,5,438.8800,7,0.0000,0,443.6700,8,443.9500,3,444.4200,7,444.5400,1,444.6200,1,444.6900,3,445.3400,9,446.3400,9,446.3500,8,446.3600,7
2024-08-05 09:34:31,440.7700,4,440.7100,4,440.7000,1,440.5000,3,439.9400,3,439.3300,6,438.9000,3,438.8900,5,438.8800,7,0.0000,0,443.6700,8,443.9500,3,444.4200,7,444.5400,1,444.6200,1,444.6900,3,445.3400,9,446.3400,9,446.3500,8,446.3600,7
2024-08-05 09:34:32,440.7700,4,440.7100,4,440.7000,1,440.5000,3,439.9400,3,439.3300,6,438.9000,3,438.8900,5,438.8800,7,0.0000,0,443.6700,8,443.9500,3,444.4200,7,444.5400,1,444.6200,1,444.6900,3,445.3400,9,446.3400,9,446.3500,8,446.3600,7
2024-08-05 09:34:33,440.5200,3,440.5000,3,439.9400,3,439.3300,6,438.9000,3,438.8900,5,438.8800,7,0.0000,0,0.0000,0,0.0000,0,443.6600,3,443.6700,8,443.9500,3,444.4200,7,444.5400,1,444.6200,1,444.6900,3,445.3400,9,446.3400,9,446.3500,8
2024-08-05 09:34:34,440.5200,3,440.5000,3,439.9400,3,439.3300,6,438.9000,3,438.8900,5,438.8800,7,0.0000,0,0.0000,0,0.0000,0,443.6600,5,443.6700,8,443.9500,3,444.4200,7,444.5400,1,444.6200,1,444.6900,3,445.3400,9,446.3400,9,446.3500,8
2024-08-05 09:34:35,440.5200,3,440.5000,3,439.9400,3,439.3300,6,438.9000,3,438.8900,5,438.8800,7,0.0000,0,0.0000,0,0.0000,0,443.6600,10,443.6700,8,443.9500,3,444.4200,7,444.5400,1,444.6200,1,444.6900,3,445.3400,9,446.3400,9,446.3500,8
2024-08-05 09:34:36,440.5200,3,440.5000,3,439.9400,3,439.3300,6,438.9000,3,438.8900,5,438.8800,7,0.0000,0,0.0000,0,0.0000,0,443.6600,10,443.6700,8,443.9500,3,444.4200,7,444.5400,1,444.6200,1,444.6900,3,445.3400,9,446.3400,9,446.3500,8
2024-08-05 09:34:37,440.5200,3,440.5000,3,439.9400,3,439.3300,6,438.9000,3,438.8900,5,438.8800,7,0.0000,0,0.0000,0,0.0000,0,443.6600,9,443.6700,8,443.9500,3,444.4200,7,444.5400,1,444.6200,1,444.6900,3,445.3400,9,446.3400,9,446.3500,8
2024-08-05 09:34:38,440.5200,3,440.5000,3,439.9400,3,439.3300,6,438.9000,3,438.8900,5,438.8800,7,0.0000,0,0.0000,0,0.0000,0,443.6600,9,443.6700,8,443.9500,3,444.4200,7,444.5400,1,444.6200,1,444.6900,3,445.3400,9,446.3400,9,446.3500,8
2024-08-05 09:34:39,440.5200,3,440.5000,3,439.9400,3,439.3300,6,438.9000,3,438.8900,5,438.8800,7,0.0000,0,0.0000,0,0.0000,0,443.6600,9,443.6700,8,443.9500,3,444.4200,7,444.5400,1,444.6200,1,444.6900,3,445.3400,9,446.3400,9,446.3500,8
2024-08-05 09:34:40,440.5200,3,440.5000,3,439.9400,3,439.3300,6,438.9000,3,438.8900,5,438.8800,7,0.0000,0,0.0000,0,0.0000,0,443.6600,9,443.6700,8,443.9500,3,444.4200,7,444.5400,1,444.6200,1,444.6900,3,445.3400,9,446.3400,9,446.3500,8
2024-08-05 09:34:41,442.0900,1,440.5200,3,440.5000,3,439.9400,3,439.3300,6,438.9000,3,438.8900,5,438.8800,7,0.0000,0,0.0000,0,443.6600,9,443.6700,8,443.9500,3,444.4200,7,444.5400,1,444.6200,1,444.6900,3,445.3400,9,446.3400,9,446.3500,8
2024-08-05 09:34:42,440.5200,3,440.5000,3,439.9400,3,439.3300,6,438.9000,3,438.8900,5,438.8800,7,0.0000,0,0.0000,0,0.0000,0,443.6500,3,443.6600,9,443.6700,8,443.9500,3,444.4200,7,444.5400,1,444.6200,1,444.6900,3,445.3400,9,446.3400,9
2024-08-05 09:34:43,440.5200,3,440.5000,3,439.9400,3,439.3300,6,438.9000,3,438.8900,5,438.8800,7,0.0000,0,0.0000,0,0.0000,0,443.6500,3,443.6600,9,443.6700,8,443.9500,3,444.4200,7,444.5400,1,444.6200,1,444.6900,3,445.3400,9,446.3400,9
2024-08-05 09:34:44,440.5200,3,440.5000,3,439.9400,3,439.3300,6,438.9000,3,438.8900,5,438.8800,7,0.0000,0,0.0000,0,0.0000,0,443.6500,6,443.6600,9,443.6700,8,443.9500,3,444.4200,7,444.5400,1,444.6200,1,444.6900,3,445.3400,9,446.3400,9
2024-08-05 09:34:45,440.2600,3,439.9400,3,439.3300,6,438.9000,3,438.8900,5,438.8800,7,0.0000,0,0.0000,0,0.0000,0,0.0000,0,443.6400,3,443.6500,7,443.6600,9,443.6700,8,443.9500,3,444.4200,7,444.5400,1,444.6200,1,444.6900,3,445.3400,9
2024-08-05 09:34:46,440.2600,3,439.9400,3,439.3300,6,438.9000,3,438.8900,5,438.8800,7,0.0000,0,0.0000,0,0.0000,0,0.0000,0,443.6400,10,443.6500,7,443.6600,9,443.6700,8,443.9500,3,444.4200,7,444.5400,1,444.6200,1,444.6900,3,445.3400,9
2024-08-05 09:34:47,440.2600,3,439.9400,3,439.3300,6,438.9000,3,438.8900,5,438.8800,7,0.0000,0,0.0000,0,0.0000,0,0.0000,0,443.6400,10,443.6500,7,443.6600,9,443.6700,8,443.9500,3,444.4200,7,444.5400,1,444.6200,1,444.6900,3,445.3400,9
2024-08-05 09:34:48,440.2600,3,439.9400,3,439.3300,6,438.9000,3,438.8900,5,438.8800,7,0.0000,0,0.0000,0,0.0000,0,0.0000,0,443.6400,10,443.6500,7,443.6600,9,443.6700,8,443.9500,3,444.4200,7,444.5400,1,444.6200,1,444.6900,3,445.3400,9
2024-08-05 09:34:49,440.2600,3,439.9400,3,439.3300,6,438.9000,3,438.8900,5,438.8800,7,0.0000,0,0.0000,0,0.0000,0,0.0000,0,443.6400,11,443.6500,7,443.6600,9,443.6700,8,443.9500,3,444.4200,7,444.5400,1,444.6200,1,444.6900,3,445.3400,9
2024-08-05 09:34:50,440.2600,3,439.9400,3,439.3300,6,438.9000,3,438.8900,5,438.8800,7,0.0000,0,0.0000,0,0.0000,0,0.0000,0,443.6400,11,443.6500,7,443.6600,9,443.6700,8,443.9500,3,444.4200,7,444.5400,1,444.6200,1,444.6900,3,445.3400,9
2024-08-05 09:34:51,440.2600,3,439.9400,3,439.3300,6,438.9000,3,438.8900,5,438.8800,7,0.0000,0,0.0000,0,0.0000,0,0.0000,0,443.6400,11,443.6500,7,443.6600,9,443.6700,8,443.9500,3,444.4200,7,444.5400,1,444.6200,1,444.6900,3,445.3400,9
2024-08-05 09:34:52,440.2600,3,439.9400,3,439.3300,6,438.9000,3,438.8900,5,438.8800,7,0.0000,0,0.0000,0,0.0000,0,0.0000,0,443.6400,11,443.6500,7,443.6600,9,443.6700,8,443.9500,3,444.4200,7,444.5400,1,444.6200,1,444.6900,3,445.3400,9
2024-08-05 09:34:53,440.2600,5,439.9400,3,439.3300,6,438.9000,3,438.8900,5,438.8800,7,0.0000,0,0.0000,0,0.0000,0,0.0000,0,443.6400,11,443.6500,7,443.6600,9,443.6700,8,443.9500,3,444.4200,7,444.5400,1,444.6200,1,444.6900,3,445.3400,9
2024-08-05 09:34:54,440.2600,5,439.9400,3,439.3300,6,438.9000,3,438.8900,5,438.8800,7,0.0000,0,0.0000,0,0.0000,0,0.0000,0,443.6400,11,443.6500,7,443.6600,9,443.6700,8,443.9500,3,444.4200,7,444.5400,1,444.6200,1,444.6900,3,445.3400,9
2024-08-05 09:34:55,440.2600,5,439.9400,3,439.3300,6,438.9000,3,438.8900,5,438.8800,7,0.0000,0,0.0000,0,0.0000,0,0.0000,0,443.6400,11,443.6500,7,443.6600,9,443.6700,8,443.9500,3,444.4200,7,444.5400,1,444.6200,1,444.6900,3,445.3400,9
2024-08-05 09:34:56,440.2600,5,439.9400,3,439.3300,6,438.9000,3,438.8900,5,438.8800,7,0.0000,0,0.0000,0,0.0000,0,0.0000,0,443.6400,12,443.6500,7,443.6600,9,443.6700,8,443.9500,3,444.4200,7,444.5400,1,444.6200,1,444.6900,3,445.3400,9
2024-08-05 09:34:57,440.0600,3,439.9700,3,439.9400,3,439.3300,6,438.9000,3,438.8900,5,438.8800,7,0.0000,0,0.0000,0,0.0000,0,442.5600,4,443.1500,1,443.6400,12,443.6500,7,443.6600,9,443.6700,8,443.9500,3,444.4200,7,444.5400,1,444.6200,1
2024-08-05 09:34:58,440.2600,3,440.0600,3,439.9700,3,439.9400,3,439.3300,6,438.9000,3,438.8900,5,438.8800,7,0.0000,0,0.0000,0,441.7700,3,442.5500,3,442.5600,6,443.1500,1,443.6400,12,443.6500,7,443.6600,9,443.6700,8,443.9500,3,444.4200,7
2024-08-05 09:34:59,440.0600,3,439.9700,3,439.9400,3,439.3300,6,438.9000,3,438.8900,5,438.8800,7,0.0000,0,0.0000,0,0.0000,0,441.7700,3,442.5500,3,442.5600,6,443.1500,1,443.6400,12,443.6500,7,443.6600,9,443.6700,8,443.9500,3,444.4200,7
2024-08-05 09:35:00,440.0600,3,439.9700,3,439.9400,3,439.3300,6,438.9000,3,438.8900,5,438.8800,7,0.0000,0,0.0000,0,0.0000,0,441.7700,5,442.5500,3,442.5600,6,443.1500,1,443.6400,12,443.6500,7,443.6600,9,443.6700,8,443.9500,3,444.4200,7
2024-08-05 09:35:01,440.0600,5,439.9700,3,439.9400,3,439.3300,6,438.9000,3,438.8900,5,438.8800,7,0.0000,0,0.0000,0,0.0000,0,441.7700,4,442.5500,3,442.5600,6,443.1500,1,443.6400,12,443.6500,7,443.6600,9,443.6700,8,443.9500,3,444.4200,7
2024-08-05 09:35:02,440.7100,1,440.3100,3,440.0600,5,439.9700,3,439.9400,3,439.3300,6,438.9000,3,438.8900,5,438.8800,7,0.0000,0,441.8500,3,442.5500,3,442.5600,6,443.1500,1,443.6400,12,443.6500,7,443.6600,9,443.6700,8,443.9500,3,444.4200,7
2024-08-05 09:35:03,440.7100,1,440.3100,3,440.0600,5,439.9700,3,439.9400,3,439.3300,6,438.9000,3,438.8900,5,438.8800,7,0.0000,0,441.8500,2,442.5500,3,442.5600,6,443.1500,1,443.6400,12,443.6500,7,443.6600,9,443.6700,8,443.9500,3,444.4200,7
2024-08-05 09:35:04,440.0600,3,439.9700,3,439.9400,3,439.3300,6,438.9000,3,438.8900,5,438.8800,7,0.0000,0,0.0000,0,0.0000,0,441.8500,4,442.5500,3,442.5600,6,443.1500,1,443.6400,12,443.6500,7,443.6600,9,443.6700,8,443.9500,3,444.4200,7
2024-08-05 09:35:05,440.0600,3,439.9700,3,439.9400,3,439.3300,6,438.9000,3,438.8900,5,438.8800,7,0.0000,0,0.0000,0,0.0000,0,441.8500,5,442.5500,3,442.5600,6,443.1500,1,443.6400,12,443.6500,7,443.6600,9,443.6700,8,443.9500,3,444.4200,7
2024-08-05 09:35:06,440.0600,3,439.9700,3,439.9400,3,439.3300,6,438.9000,3,438.8900,5,438.8800,7,0.0000,0,0.0000,0,0.0000,0,441.8500,4,442.5500,3,442.5600,6,443.1500,1,443.6400,12,443.6500,7,443.6600,9,443.6700,8,443.9500,3,444.4200,7
2024-08-05 09:35:07,440.0600,3,439.9700,3,439.9400,3,439.3300,6,438.9000,3,438.8900,5,438.8800,7,0.0000,0,0.0000,0,0.0000,0,441.8500,4,442.5500,3,442.5600,6,443.1500,1,443.6400,12,443.6500,7,443.6600,9,443.6700,8,443.9500,3,444.4200,7
2024-08-05 09:35:08,440.0600,3,439.9700,3,439.9400,3,439.3300,6,438.9000,3,438.8900,5,438.8800,7,0.0000,0,0.0000,0,0.0000,0,441.8500,4,442.5500,3,442.5600,6,443.1500,1,443.6400,12,443.6500,7,443.6600,9,443.6700,8,443.9500,3,444.4200,7
2024-08-05 09:35:09,440.0600,3,439.9700,3,439.9400,3,439.3300,6,438.9000,3,438.8900,5,438.8800,7,0.0000,0,0.0000,0,0.0000,0,441.8500,5,442.5500,3,442.5600,6,443.1500,1,443.6400,12,443.6500,7,443.6600,9,443.6700,8,443.9500,3,444.4200,7
2024-08-05 09:35:10,440.0600,3,439.9700,3,439.9400,3,439.3300,6,438.9000,3,438.8900,5,438.8800,7,0.0000,0,0.0000,0,0.0000,0,441.8500,6,442.5500,3,442.5600,6,443.1500,1,443.6400,12,443.6500,7,443.6600,9,443.6700,8,443.9500,3,444.4200,7
2024-08-05 09:35:11,440.0600,3,439.9700,3,439.9400,3,439.3300,6,438.9000,3,438.8900,5,438.8800,7,0.0000,0,0.0000,0,0.0000,0,441.8500,5,442.5500,3,442.5600,6,443.1500,1,443.6400,12,443.6500,7,443.6600,9,443.6700,8,443.9500,3,444.4200,7
2024-08-05 09:35:12,440.0600,3,439.9700,3,439.9400,3,439.3300,6,438.9000,3,438.8900,5,438.8800,7,0.0000,0,0.0000,0,0.0000,0,443.1400,9,443.1500,1,443.6400,12,443.6500,7,443.6600,9,443.6700,8,443.9500,3,444.4200,7,444.5400,1,444.6200,1
2024-08-05 09:35:13,440.0600,3,439.9700,3,439.9400,3,439.3300,6,438.9000,3,438.8900,5,438.8800,7,0.0000,0,0.0000,0,0.0000,0,443.1400,9,443.1500,1,443.6400,12,443.6500,7,443.6600,9,443.6700,8,443.9500,3,444.4200,7,444.5400,1,444.6200,1
2024-08-05 09:35:14,440.0600,3,439.9700,3,439.9400,3,439.3300,6,438.9000,3,438.8900,5,438.8800,7,0.0000,0,0.0000,0,0.0000,0,443.1400,9,443.1500,1,443.6400,12,443.6500,7,443.6600,9,443.6700,8,443.9500,3,444.4200,7,444.5400,1,444.6200,1
2024-08-05 09:35:15,440.0600,3,439.9700,3,439.9400,3,439.3300,6,438.9000,3,438.8900,5,438.8800,7,0.0000,0,0.0000,0,0.0000,0,443.1400,9,443.1500,1,443.6400,12,443.6500,7,443.6600,9,443.6700,8,443.9500,3,444.4200,7,444.5400,1,444.6200,1
2024-08-05 09:35:16,440.0600,5,439.9700,3,439.9400,3,439.3300,6,438.9000,3,438.8900,5,438.8800,7,0.0000,0,0.0000,0,0.0000,0,443.1400,9,443.1500,1,443.6400,12,443.6500,7,443.6600,9,443.6700,8,443.9500,3,444.4200,7,444.5400,1,444.6200,1
2024-08-05 09:35:17,440.0600,5,439.9700,3,439.9400,3,439.3300,6,438.9000,3,438.8900,5,438.8800,7,0.0000,0,0.0000,0,0.0000,0,443.1400,9,443.1500,1,443.6400,12,443.6500,7,443.6600,9,443.6700,8,443.9500,3,444.4200,7,444.5400,1,444.6200,1
2024-08-05 09:35:18,440.0600,5,439.9700,3,439.9400,3,439.3300,6,438.9000,3,438.8900,5,438.8800,7,0.0000,0,0.0000,0,0.0000,0,443.1400,9,443.1500,1,443.6400,12,443.6500,7,443.6600,9,443.6700,8,443.9500,3,444.4200,7,444.5400,1,444.6200,1
2024-08-05 09:35:19,440.0600,5,439.9700,3,439.9400,3,439.3300,6,438.9000,3,438.8900,5,438.8800,7,0.0000,0,0.0000,0,0.0000,0,443.1400,9,443.1500,1,443.6400,12,443.6500,7,443.6600,9,443.6700,8,443.9500,3,444.4200,7,444.5400,1,444.6200,1
2024-08-05 09:35:20,440.0600,5,439.9700,3,439.9400,3,439.3300,6,438.9000,3,438.8900,5,438.8800,7,0.0000,0,0.0000,0,0.0000,0,443.1400,9,443.1500,1,443.6400,12,443.6500,7,443.6600,9,443.6700,8,443.9500,3,444.4200,7,444.5400,1,444.6200,1
2024-08-05 09:35:21,440.0600,5,439.9700,3,439.9400,3,439.3300,6,438.9000,3,438.8900,5,438.8800,7,0.0000,0,0.0000,0,0.0000,0,443.1400,9,443.1500,1,443.6400,12,443.6500,7,443.6600,9,443.6700,8,443.9500,3,444.4200,7,444.5400,1,444.6200,1
2024-08-05 09:35:22,440.0600,5,439.9700,3,439.9400,3,439.3300,6,438.9000,3,438.8900,5,438.8800,7,0.0000,0,0.0000,0,0.0000,0,443.1400,9,443.1500,1,443.6400,12,443.6500,7,443.6600,9,443.6700,8,443.9500,3,444.4200,7,444.5400,1,444.6200,1
2024-08-05 09:35:23,440.0600,5,439.9700,3,439.9400,3,439.3300,6,438.9000,3,438.8900,5,438.8800,7,0.0000,0,0.0000,0,0.0000,0,443.1400,9,443.1500,1,443.6400,12,443.6500,7,443.6600,9,443.6700,8,443.9500,3,444.4200,7,444.5400,1,444.6200,1
2024-08-05 09:35:24,440.0600,5,439.9700,3,439.9400,3,439.3300,6,438.9000,3,438.8900,5,438.8800,7,0.0000,0,0.0000,0,0.0000,0,443.1400,9,443.1500,1,443.6400,12,443.6500,7,443.6600,9,443.6700,8,443.9500,3,444.4200,7,444.5400,1,444.6200,1
2024-08-05 09:35:25,440.0600,5,439.9700,3,439.9400,3,439.3300,6,438.9000,3,438.8900,5,438.8800,7,0.0000,0,0.0000,0,0.0000,0,443.1400,9,443.1500,1,443.6400,12,443.6500,7,443.6600,9,443.6700,8,443.9500,3,444.4200,7,444.5400,1,444.6200,1
2024-08-05 09:35:26,440.0600,5,439.9700,3,439.9400,3,439.3300,6,438.9000,3,438.8900,5,438.8800,7,0.0000,0,0.0000,0,0.0000,0,443.1400,8,443.1500,1,443.6400,12,443.6500,7,443.6600,9,443.6700,8,443.9500,3,444.4200,7,444.5400,1,444.6200,1
2024-08-05 09:35:27,440.0600,6,439.9700,3,439.9400,3,439.3300,6,438.9000,3,438.8900,5,438.8800,7,0.0000,0,0.0000,0,0.0000,0,443.1400,8,443.1500,1,443.6400,12,443.6500,7,443.6600,9,443.6700,8,443.9500,3,444.4200,7,444.5400,1,444.6200,1
2024-08-05 09:35:28,440.0600,9,439.9700,3,439.9400,3,439.3300,6,438.9000,3,438.8900,5,438.8800,7,0.0000,0,0.0000,0,0.0000,0,443.1400,8,443.1500,1,443.6400,12,443.6500,7,443.6600,9,443.6700,8,443.9500,3,444.4200,7,444.5400,1,444.6200,1
2024-08-05 09:35:29,440.0600,9,439.9700,3,439.9400,3,439.3300,6,438.9000,3,438.8900,5,438.8800,7,0.0000,0,0.0000,0,0.0000,0,443.1400,8,443.1500,1,443.6400,12,443.6500,7,443.6600,9,443.6700,8,443.9500,3,444.4200,7,444.5400,1,444.6200,1
2024-08-05 09:35:30,440.0600,9,439.9700,3,439.9400,3,439.3300,6,438.9000,3,438.8900,5,438.8800,7,0.0000,0,0.0000,0,0.0000,0,443.1400,8,443.1500,1,443.6400,12,443.6500,7,443.6600,9,443.6700,8,443.9500,3,444.4200,7,444.5400,1,444.6200,1
2024-08-05 09:35:31,440.0600,9,439.9700,3,439.9400,3,439.3300,6,438.9000,3,438.8900,5,438.8800,7,0.0000,0,0.0000,0,0.0000,0,443.1400,8,443.1500,1,443.6400,12,443.6500,7,443.6600,9,443.6700,8,443.9500,3,444.4200,7,444.5400,1,444.6200,1
2024-08-05 09:35:32,440.0600,9,439.9700,3,439.9400,3,439.3300,6,438.9000,3,438.8900,5,438.8800,7,0.0000,0,0.0000,0,0.0000,0,443.1400,8,443.1500,1,443.6400,12,443.6500,7,443.6600,9,443.6700,8,443.9500,3,444.4200,7,444.5400,1,444.6200,1
2024-08-05 09:35:33,440.0600,9,439.9700,3,439.9400,3,439.3300,6,438.9000,3,438.8900,5,438.8800,7,0.0000,0,0.0000,0,0.0000,0,443.1400,8,443.1500,1,443.6400,12,443.6500,7,443.6600,9,443.6700,8,443.9500,3,444.4200,7,444.5400,1,444.6200,1
2024-08-05 09:35:34,441.2700,1,440.0600,9,439.9700,3,439.9400,3,439.3300,6,438.9000,3,438.8900,5,438.8800,7,0.0000,0,0.0000,0,443.1400,8,443.1500,1,443.6400,12,443.6500,7,443.6600,9,443.6700,8,443.9500,3,444.4200,7,444.5400,1,444.6200,1
2024-08-05 09:35:35,440.2200,5,440.0600,9,439.9700,3,439.9400,3,439.3300,6,438.9000,3,438.8900,5,438.8800,7,0.0000,0,0.0000,0,443.1400,9,443.1500,1,443.6400,12,443.6500,7,443.6600,9,443.6700,8,443.9500,3,444.4200,7,444.5400,1,444.6200,1
2024-08-05 09:35:36,440.2200,6,440.0600,9,439.9700,3,439.9400,3,439.3300,6,438.9000,3,438.8900,5,438.8800,7,0.0000,0,0.0000,0,443.1400,9,443.1500,1,443.6400,12,443.6500,7,443.6600,9,443.6700,8,443.9500,3,444.4200,7,444.5400,1,444.6200,1
2024-08-05 09:35:37,440.2200,5,440.0600,9,439.9700,3,439.9400,3,439.3300,6,438.9000,3,438.8900,5,438.8800,7,0.0000,0,0.0000,0,443.1100,14,443.1200,3,443.1400,9,443.1500,1,443.6400,12,443.6500,7,443.6600,9,443.6700,8,443.9500,3,444.4200,7
2024-08-05 09:35:38,440.2200,6,440.0600,9,439.9700,3,439.9400,3,439.3300,6,438.9000,3,438.8900,5,438.8800,7,0.0000,0,0.0000,0,443.0800,1,443.1000,2,443.1100,14,443.1200,3,443.1400,9,443.1500,1,443.6400,12,443.6500,7,443.6600,9,443.6700,8
2024-08-05 09:35:39,440.2200,6,440.0600,9,439.9700,3,439.9400,3,439.3300,6,438.9000,3,438.8900,5,438.8800,7,0.0000,0,0.0000,0,443.0800,5,443.1000,2,443.1100,14,443.1200,3,443.1400,9,443.1500,1,443.6400,12,443.6500,7,443.6600,9,443.6700,8
2024-08-05 09:35:40,440.2200,6,440.0600,9,439.9700,3,439.9400,3,439.3300,6,438.9000,3,438.8900,5,438.8800,7,0.0000,0,0.0000,0,443.0800,5,443.1000,2,443.1100,14,443.1200,3,443.1400,9,443.1500,1,443.6400,12,443.6500,7,443.6600,9,443.6700,8
2024-08-05 09:35:41,440.2200,6,440.0600,9,439.9700,3,439.9400,3,439.3300,6,438.9000,3,438.8900,5,438.8800,7,0.0000,0,0.0000,0,443.0800,5,443.1000,2,443.1100,14,443.1200,3,443.1400,9,443.1500,1,443.6400,12,443.6500,7,443.6600,9,443.6700,8
2024-08-05 09:35:42,440.2200,10,440.0600,9,439.9700,3,439.9400,3,439.3300,6,438.9000,3,438.8900,5,438.8800,7,0.0000,0,0.0000,0,443.0800,5,443.1000,2,443.1100,14,443.1200,3,443.1400,9,443.1500,1,443.6400,12,443.6500,7,443.6600,9,443.6700,8
2024-08-05 09:35:43,440.2200,10,440.0600,9,439.9700,3,439.9400,3,439.3300,6,438.9000,3,438.8900,5,438.8800,7,0.0000,0,0.0000,0,442.3700,6,443.0800,5,443.1000,2,443.1100,14,443.1200,3,443.1400,9,443.1500,1,443.6400,12,443.6500,7,443.6600,9
2024-08-05 09:35:44,441.4700,1,440.8500,1,440.2200,10,440.0600,9,439.9700,3,439.9400,3,439.3300,6,438.9000,3,438.8900,5,438.8800,7,442.3700,6,443.0800,5,443.1000,2,443.1100,14,443.1200,3,443.1400,9,443.1500,1,443.6400,12,443.6500,7,443.6600,9
2024-08-05 09:35:45,441.4700,3,440.8500,1,440.2200,10,440.0600,9,439.9700,3,439.9400,3,439.3300,6,438.9000,3,438.8900,5,438.8800,7,442.3700,6,443.0800,5,443.1000,2,443.1100,14,443.1200,3,443.1400,9,443.1500,1,443.6400,12,443.6500,7,443.6600,9
2024-08-05 09:35:46,440.1200,3,440.0600,9,439.9700,3,439.9400,3,439.3300,6,438.9000,3,438.8900,5,438.8800,7,0.0000,0,0.0000,0,442.3700,6,443.0800,5,443.1000,2,443.1100,14,443.1200,3,443.1400,9,443.1500,1,443.6400,12,443.6500,7,443.6600,9
2024-08-05 09:35:47,440.1200,5,440.0600,9,439.9700,3,439.9400,3,439.3300,6,438.9000,3,438.8900,5,438.8800,7,0.0000,0,0.0000,0,442.3700,6,443.0800,5,443.1000,2,443.1100,14,443.1200,3,443.1400,9,443.1500,1,443.6400,12,443.6500,7,443.6600,9
2024-08-05 09:35:48,441.0000,1,440.2200,3,440.1200,5,440.0600,9,439.9700,3,439.9400,3,439.3300,6,438.9000,3,438.8900,5,438.8800,7,442.3300,5,442.3700,6,443.0800,5,443.1000,2,443.1100,14,443.1200,3,443.1400,9,443.1500,1,443.6400,12,443.6500,7
2024-08-05 09:35:49,441.0000,4,440.2200,3,440.1200,5,440.0600,9,439.9700,3,439.9400,3,439.3300,6,438.9000,3,438.8900,5,438.8800,7,442.3300,4,442.3700,6,443.0800,5,443.1000,2,443.1100,14,443.1200,3,443.1400,9,443.1500,1,443.6400,12,443.6500,7
2024-08-05 09:35:50,441.0000,4,440.2200,3,440.1200,5,440.0600,9,439.9700,3,439.9400,3,439.3300,6,438.9000,3,438.8900,5,438.8800,7,442.3300,4,442.3700,6,443.0800,5,443.1000,2,443.1100,14,443.1200,3,443.1400,9,443.1500,1,443.6400,12,443.6500,7
2024-08-05 09:35:51,441.0000,4,440.2200,3,440.1200,5,440.0600,9,439.9700,3,439.9400,3,439.3300,6,438.9000,3,438.8900,5,438.8800,7,442.4100,3,443.0800,5,443.1000,2,443.1100,14,443.1200,3,443.1400,9,443.1500,1,443.6400,12,443.6500,7,443.6600,9
2024-08-05 09:35:52,441.0000,4,440.2200,3,440.1200,5,440.0600,9,439.9700,3,439.9400,3,439.3300,6,438.9000,3,438.8900,5,438.8800,7,442.3300,1,442.4100,3,443.0800,5,443.1000,2,443.1100,14,443.1200,3,443.1400,9,443.1500,1,443.6400,12,443.6500,7
2024-08-05 09:35:53,441.0000,4,440.2200,3,440.1200,5,440.0600,9,439.9700,3,439.9400,3,439.3300,6,438.9000,3,438.8900,5,438.8800,7,443.1400,11,443.1500,1,443.6400,12,443.6500,7,443.6600,9,443.6700,8,443.9500,3,444.4200,7,444.5400,1,444.6200,1
2024-08-05 09:35:54,441.8200,1,441.0000,4,440.2200,3,440.1200,5,440.0600,9,439.9700,3,439.9400,3,439.3300,6,438.9000,3,438.8900,5,443.1400,11,443.1500,1,443.6400,12,443.6500,7,443.6600,9,443.6700,8,443.9500,3,444.4200,7,444.5400,1,444.6200,1
2024-08-05 09:35:55,441.8200,1,441.0000,4,440.2200,3,440.1200,5,440.0600,9,439.9700,3,439.9400,3,439.3300,6,438.9000,3,438.8900,5,443.1400,11,443.1500,1,443.6400,12,443.6500,7,443.6600,9,443.6700,8,443.9500,3,444.4200,7,444.5400,1,444.6200,1
2024-08-05 09:35:56,441.8200,3,441.0000,4,440.2200,3,440.1200,5,440.0600,9,439.9700,3,439.9400,3,439.3300,6,438.9000,3,438.8900,5,443.1400,11,443.1500,1,443.6400,12,443.6500,7,443.6600,9,443.6700,8,443.9500,3,444.4200,7,444.5400,1,444.6200,1
2024-08-05 09:35:57,442.4800,3,441.8200,3,441.0000,4,440.2200,3,440.1200,5,440.0600,9,439.9700,3,439.9400,3,439.3300,6,438.9000,3,443.5800,3,443.5900,3,443.6400,5,443.6500,7,443.6600,9,443.6700,8,443.9500,3,444.4200,7,444.5400,1,444.6200,1
2024-08-05 09:35:58,442.4800,3,441.8200,3,441.0000,4,440.2200,3,440.1200,5,440.0600,9,439.9700,3,439.9400,3,439.3300,6,438.9000,3,443.5800,3,443.5900,3,443.6400,5,443.6500,7,443.6600,9,443.6700,8,443.9500,3,444.4200,7,444.5400,1,444.6200,1
2024-08-05 09:35:59,442.0000,3,441.8200,3,441.0000,4,440.2200,3,440.1200,5,440.0600,9,439.9700,3,439.9400,3,439.3300,6,438.9000,3,443.5800,4,443.5900,3,443.6400,5,443.6500,7,443.6600,9,443.6700,8,443.9500,3,444.4200,7,444.5400,1,444.6200,1
2024-08-05 09:36:00,442.0000,3,441.8200,3,441.0000,4,440.2200,3,440.1200,5,440.0600,9,439.9700,3,439.9400,3,439.3300,6,438.9000,3,443.5800,4,443.5900,3,443.6400,5,443.6500,7,443.6600,9,443.6700,8,443.9500,3,444.4200,7,444.5400,1,444.6200,1
2024-08-05 09:36:01,442.0900,1,442.0000,3,441.8200,3,441.0000,4,440.2200,3,440.1200,5,440.0600,9,439.9700,3,439.9400,3,439.3300,6,443.5800,4,443.5900,3,443.6400,5,443.6500,7,443.6600,9,443.6700,8,443.9500,3,444.4200,7,444.5400,1,444.6200,1
2024-08-05 09:36:02,442.0900,1,442.0000,3,441.8200,3,441.0000,4,440.2200,3,440.1200,5,440.0600,9,439.9700,3,439.9400,3,439.3300,6,443.5800,4,443.5900,3,443.6400,5,443.6500,7,443.6600,9,443.6700,8,443.9500,3,444.4200,7,444.5400,1,444.6200,1
2024-08-05 09:36:03,440.0000,3,439.9700,3,439.9400,3,439.3300,6,438.9000,3,438.8900,5,438.8800,7,0.0000,0,0.0000,0,0.0000,0,440.2200,4,443.5800,4,443.5900,3,443.6400,5,443.6500,7,443.6600,9,443.6700,8,443.9500,3,444.4200,7,444.5400,1
2024-08-05 09:36:04,440.0000,3,439.9700,3,439.9400,3,439.3300,6,438.9000,3,438.8900,5,438.8800,7,0.0000,0,0.0000,0,0.0000,0,440.2200,4,443.5800,4,443.5900,3,443.6400,5,443.6500,7,443.6600,9,443.6700,8,443.9500,3,444.4200,7,444.5400,1
2024-08-05 09:36:05,440.1800,1,440.1200,6,440.0000,3,439.9700,3,439.9400,3,439.3300,6,438.9000,3,438.8900,5,438.8800,7,0.0000,0,440.2200,6,443.5800,4,443.5900,3,443.6400,5,443.6500,7,443.6600,9,443.6700,8,443.9500,3,444.4200,7,444.5400,1
2024-08-05 09:36:06,439.5300,1,439.0000,3,438.9000,3,438.8900,5,438.8800,7,0.0000,0,0.0000,0,0.0000,0,0.0000,0,0.0000,0,440.2200,5,443.5800,4,443.5900,3,443.6400,5,443.6500,7,443.6600,9,443.6700,8,443.9500,3,444.4200,7,444.5400,1
2024-08-05 09:36:07,439.5300,3,439.0000,3,438.9000,3,438.8900,5,438.8800,7,0.0000,0,0.0000,0,0.0000,0,0.0000,0,0.0000,0,440.1900,1,440.2200,7,443.5800,4,443.5900,3,443.6400,5,443.6500,7,443.6600,9,443.6700,8,443.9500,3,444.4200,7
2024-08-05 09:36:08,439.8600,1,439.5300,3,439.0000,3,438.9000,3,438.8900,5,438.8800,7,0.0000,0,0.0000,0,0.0000,0,0.0000,0,440.2200,5,443.5800,4,443.5900,3,443.6400,5,443.6500,7,443.6600,9,443.6700,8,443.9500,3,444.4200,7,444.5400,1
2024-08-05 09:36:09,440.0000,3,439.8600,1,439.5300,3,439.0000,3,438.9000,3,438.8900,5,438.8800,7,0.0000,0,0.0000,0,0.0000,0,440.2200,5,443.5800,4,443.5900,3,443.6400,5,443.6500,7,443.6600,9,443.6700,8,443.9500,3,444.4200,7,444.5400,1
2024-08-05 09:36:10,440.0000,6,439.8600,1,439.5300,3,439.0000,3,438.9000,3,438.8900,5,438.8800,7,0.0000,0,0.0000,0,0.0000,0,440.2200,5,443.5800,4,443.5900,3,443.6400,5,443.6500,7,443.6600,9,443.6700,8,443.9500,3,444.4200,7,444.5400,1
2024-08-05 09:36:11,440.1600,1,440.0000,3,439.8600,1,439.5300,3,439.0000,3,438.9000,3,438.8900,5,438.8800,7,0.0000,0,0.0000,0,440.2200,5,443.5800,4,443.5900,3,443.6400,5,443.6500,7,443.6600,9,443.6700,8,443.9500,3,444.4200,7,444.5400,1
2024-08-05 09:36:12,440.0100,3,440.0000,3,439.8600,1,439.5300,3,439.0000,3,438.9000,3,438.8900,5,438.8800,7,0.0000,0,0.0000,0,440.2200,5,443.5800,4,443.5900,3,443.6400,5,443.6500,7,443.6600,9,443.6700,8,443.9500,3,444.4200,7,444.5400,1
2024-08-05 09:36:13,440.0100,3,440.0000,3,439.8600,1,439.5300,3,439.0000,3,438.9000,3,438.8900,5,438.8800,7,0.0000,0,0.0000,0,440.2200,5,443.5800,4,443.5900,3,443.6400,5,443.6500,7,443.6600,9,443.6700,8,443.9500,3,444.4200,7,444.5400,1
2024-08-05 09:36:14,440.0100,5,440.0000,3,439.8600,1,439.5300,3,439.0000,3,438.9000,3,438.8900,5,438.8800,7,0.0000,0,0.0000,0,440.2200,6,443.5800,4,443.5900,3,443.6400,5,443.6500,7,443.6600,9,443.6700,8,443.9500,3,444.4200,7,444.5400,1
2024-08-05 09:36:15,439.5300,2,439.0000,4,438.9000,3,438.8900,5,438.8800,7,0.0000,0,0.0000,0,0.0000,0,0.0000,0,0.0000,0,440.2200,5,443.5800,4,443.5900,3,443.6400,5,443.6500,7,443.6600,9,443.6700,8,443.9500,3,444.4200,7,444.5400,1
2024-08-05 09:36:16,439.5300,1,439.0000,4,438.9000,3,438.8900,5,438.8800,7,0.0000,0,0.0000,0,0.0000,0,0.0000,0,0.0000,0,440.2200,5,443.5800,4,443.5900,3,443.6400,5,443.6500,7,443.6600,9,443.6700,8,443.9500,3,444.4200,7,444.5400,1
2024-08-05 09:36:17,439.9900,1,439.9800,1,439.9700,1,439.9600,1,439.9500,1,439.9400,1,439.5300,1,439.0000,4,438.9000,3,438.8900,5,440.2200,5,443.5800,4,443.5900,3,443.6400,5,443.6500,7,443.6600,9,443.6700,8,443.9500,3,444.4200,7,444.5400,1
2024-08-05 09:36:18,439.9900,2,439.9800,1,439.9700,1,439.9600,1,439.9500,1,439.9400,1,439.5300,1,439.0000,4,438.9000,3,438.8900,5,440.2200,5,443.5800,4,443.5900,3,443.6400,5,443.6500,7,443.6600,9,443.6700,8,443.9500,3,444.4200,7,444.5400,1
2024-08-05 09:36:19,439.9900,2,439.9800,1,439.9700,1,439.9600,1,439.9500,1,439.9400,1,439.5300,1,439.0000,4,438.9000,3,438.8900,5,440.2200,5,443.5800,4,443.5900,3,443.6400,5,443.6500,7,443.6600,9,443.6700,8,443.9500,3,444.4200,7,444.5400,1
2024-08-05 09:36:20,439.9900,4,439.9800,1,439.9700,1,439.9600,1,439.9500,1,439.9400,1,439.5300,1,439.0000,4,438.9000,3,438.8900,5,440.2200,5,443.5800,4,443.5900,3,443.6400,5,443.6500,7,443.6600,9,443.6700,8,443.9500,3,444.4200,7,444.5400,1
2024-08-05 09:36:21,440.0000,3,439.9900,4,439.9800,1,439.9700,1,439.9600,1,439.9500,1,439.9400,1,439.5300,1,439.0000,4,438.9000,3,440.2200,5,443.5800,4,443.5900,3,443.6400,5,443.6500,7,443.6600,9,443.6700,8,443.9500,3,444.4200,7,444.5400,1
2024-08-05 09:36:22,440.0200,1,440.0000,2,439.9900,4,439.9800,1,439.9700,1,439.9600,1,439.9500,1,439.9400,1,439.5300,1,439.0000,4,440.2200,5,443.5800,4,443.5900,3,443.6400,5,443.6500,7,443.6600,9,443.6700,8,443.9500,3,444.4200,7,444.5400,1
2024-08-05 09:36:23,440.0300,3,440.0200,3,440.0000,2,439.9900,4,439.9800,1,439.9700,1,439.9600,1,439.9500,1,439.9400,1,439.5300,1,440.2200,6,443.5800,4,443.5900,3,443.6400,5,443.6500,7,443.6600,9,443.6700,8,443.9500,3,444.4200,7,444.5400,1
2024-08-05 09:36:24,440.0300,1,440.0200,3,440.0000,2,439.9900,4,439.9800,1,439.9700,1,439.9600,1,439.9500,1,439.9400,1,439.5300,1,440.2200,6,443.5800,4,443.5900,3,443.6400,5,443.6500,7,443.6600,9,443.6700,8,443.9500,3,444.4200,7,444.5400,1
2024-08-05 09:36:25,439.0200,3,439.0100,4,439.0000,5,438.9000,3,438.8900,5,438.8800,7,0.0000,0,0.0000,0,0.0000,0,0.0000,0,440.2200,6,443.5800,4,443.5900,3,443.6400,5,443.6500,7,443.6600,9,443.6700,8,443.9500,3,444.4200,7,444.5400,1
2024-08-05 09:36:26,439.6100,1,439.0200,3,439.0100,4,439.0000,5,438.9000,3,438.8900,5,438.8800,7,0.0000,0,0.0000,0,0.0000,0,440.2200,6,443.5800,4,443.5900,3,443.6400,5,443.6500,7,443.6600,9,443.6700,8,443.9500,3,444.4200,7,444.5400,1
2024-08-05 09:36:27,439.0000,4,438.9000,3,438.8900,5,438.8800,7,0.0000,0,0.0000,0,0.0000,0,0.0000,0,0.0000,0,0.0000,0,440.2200,6,443.5800,4,443.5900,3,443.6400,5,443.6500,7,443.6600,9,443.6700,8,443.9500,3,444.4200,7,444.5400,1
2024-08-05 09:36:28,439.0000,4,438.9000,3,438.8900,5,438.8800,7,0.0000,0,0.0000,0,0.0000,0,0.0000,0,0.0000,0,0.0000,0,440.2200,6,443.5800,4,443.5900,3,443.6400,5,443.6500,7,443.6600,9,443.6700,8,443.9500,3,444.4200,7,444.5400,1
2024-08-05 09:36:29,439.5300,1,439.0000,4,438.9000,3,438.8900,5,438.8800,7,0.0000,0,0.0000,0,0.0000,0,0.0000,0,0.0000,0,440.2200,6,443.5800,4,443.5900,3,443.6400,5,443.6500,7,443.6600,9,443.6700,8,443.9500,3,444.4200,7,444.5400,1
2024-08-05 09:36:30,439.5300,1,439.0000,4,438.9000,3,438.8900,5,438.8800,7,0.0000,0,0.0000,0,0.0000,0,0.0000,0,0.0000,0,440.2200,6,443.5800,4,443.5900,3,443.6400,5,443.6500,7,443.6600,9,443.6700,8,443.9500,3,444.4200,7,444.5400,1
2024-08-05 09:36:31,439.5300,1,439.0000,4,438.9000,3,438.8900,5,438.8800,7,0.0000,0,0.0000,0,0.0000,0,0.0000,0,0.0000,0,440.2200,6,443.5800,4,443.5900,3,443.6400,5,443.6500,7,443.6600,9,443.6700,8,443.9500,3,444.4200,7,444.5400,1
2024-08-05 09:36:32,439.0000,7,438.9000,3,438.8900,5,438.8800,7,0.0000,0,0.0000,0,0.0000,0,0.0000,0,0.0000,0,0.0000,0,440.2200,7,443.5800,4,443.5900,3,443.6400,5,443.6500,7,443.6600,9,443.6700,8,443.9500,3,444.4200,7,444.5400,1
2024-08-05 09:36:33,439.0100,3,439.0000,7,438.9000,3,438.8900,5,438.8800,7,0.0000,0,0.0000,0,0.0000,0,0.0000,0,0.0000,0,440.2200,7,443.5800,4,443.5900,3,443.6400,5,443.6500,7,443.6600,9,443.6700,8,443.9500,3,444.4200,7,444.5400,1
2024-08-05 09:36:34,439.0100,3,439.0000,7,438.9000,3,438.8900,5,438.8800,7,0.0000,0,0.0000,0,0.0000,0,0.0000,0,0.0000,0,440.2200,7,443.5800,4,443.5900,3,443.6400,5,443.6500,7,443.6600,9,443.6700,8,443.9500,3,444.4200,7,444.5400,1
2024-08-05 09:36:35,439.0100,4,439.0000,7,438.9000,3,438.8900,5,438.8800,7,0.0000,0,0.0000,0,0.0000,0,0.0000,0,0.0000,0,440.2200,7,443.5800,4,443.5900,3,443.6400,5,443.6500,7,443.6600,9,443.6700,8,443.9500,3,444.4200,7,444.5400,1
2024-08-05 09:36:36,439.6600,2,439.0100,7,439.0000,7,438.9000,3,438.8900,5,438.8800,7,0.0000,0,0.0000,0,0.0000,0,0.0000,0,440.2200,8,443.5800,4,443.5900,3,443.6400,5,443.6500,7,443.6600,9,443.6700,8,443.9500,3,444.4200,7,444.5400,1
2024-08-05 09:36:37,439.6600,2,439.0100,7,439.0000,7,438.9000,3,438.8900,5,438.8800,7,0.0000,0,0.0000,0,0.0000,0,0.0000,0,440.2200,8,443.5800,4,443.5900,3,443.6400,5,443.6500,7,443.6600,9,443.6700,8,443.9500,3,444.4200,7,444.5400,1
2024-08-05 09:36:38,439.6600,4,439.0100,7,439.0000,7,438.9000,3,438.8900,5,438.8800,7,0.0000,0,0.0000,0,0.0000,0,0.0000,0,440.2200,8,443.5800,4,443.5900,3,443.6400,5,443.6500,7,443.6600,9,443.6700,8,443.9500,3,444.4200,7,444.5400,1
2024-08-05 09:36:39,439.6600,4,439.0100,7,439.0000,7,438.9000,3,438.8900,5,438.8800,7,0.0000,0,0.0000,0,0.0000,0,0.0000,0,440.2200,8,443.5800,4,443.5900,3,443.6400,5,443.6500,7,443.6600,9,443.6700,8,443.9500,3,444.4200,7,444.5400,1
2024-08-05 09:36:40,439.6600,5,439.0100,7,439.0000,7,438.9000,3,438.8900,5,438.8800,7,0.0000,0,0.0000,0,0.0000,0,0.0000,0,441.0000,4,443.5800,4,443.5900,3,443.6400,5,443.6500,7,443.6600,9,443.6700,8,443.9500,3,444.4200,7,444.5400,1
2024-08-05 09:36:41,439.9200,4,439.6600,5,439.0100,7,439.0000,7,438.9000,3,438.8900,5,438.8800,7,0.0000,0,0.0000,0,0.0000,0,441.0000,4,443.5800,4,443.5900,3,443.6400,5,443.6500,7,443.6600,9,443.6700,8,443.9500,3,444.4200,7,444.5400,1
2024-08-05 09:36:42,439.9200,4,439.6600,5,439.0100,7,439.0000,7,438.9000,3,438.8900,5,438.8800,7,0.0000,0,0.0000,0,0.0000,0,441.0000,4,443.5800,4,443.5900,3,443.6400,5,443.6500,7,443.6600,9,443.6700,8,443.9500,3,444.4200,7,444.5400,1
2024-08-05 09:36:43,439.9200,4,439.6600,5,439.0100,7,439.0000,7,438.9000,3,438.8900,5,438.8800,7,0.0000,0,0.0000,0,0.0000,0,441.0000,4,443.5800,4,443.5900,3,443.6400,5,443.6500,7,443.6600,9,443.6700,8,443.9500,3,444.4200,7,444.5400,1
2024-08-05 09:36:44,439.9200,3,439.6600,5,439.0100,7,439.0000,7,438.9000,3,438.8900,5,438.8800,7,0.0000,0,0.0000,0,0.0000,0,441.0000,4,443.5800,4,443.5900,3,443.6400,5,443.6500,7,443.6600,9,443.6700,8,443.9500,3,444.4200,7,444.5400,1
2024-08-05 09:36:45,439.9200,3,439.6600,5,439.0100,7,439.0000,7,438.9000,3,438.8900,5,438.8800,7,0.0000,0,0.0000,0,0.0000,0,441.0000,4,443.5800,4,443.5900,3,443.6400,5,443.6500,7,443.6600,9,443.6700,8,443.9500,3,444.4200,7,444.5400,1
2024-08-05 09:36:46,439.9200,3,439.6600,5,439.0100,7,439.0000,7,438.9000,3,438.8900,5,438.8800,7,0.0000,0,0.0000,0,0.0000,0,441.0000,4,443.5800,4,443.5900,3,443.6400,5,443.6500,7,443.6600,9,443.6700,8,443.9500,3,444.4200,7,444.5400,1
2024-08-05 09:36:47,439.3000,2,439.0100,7,439.0000,7,438.9000,3,438.8900,5,438.8800,7,0.0000,0,0.0000,0,0.0000,0,0.0000,0,440.7800,3,441.0000,10,443.5800,4,443.5900,3,443.6400,5,443.6500,7,443.6600,9,443.6700,8,443.9500,3,444.4200,7
2024-08-05 09:36:48,439.3000,2,439.0100,7,439.0000,7,438.9000,3,438.8900,5,438.8800,7,0.0000,0,0.0000,0,0.0000,0,0.0000,0,440.7800,3,441.0000,10,443.5800,4,443.5900,3,443.6400,5,443.6500,7,443.6600,9,443.6700,8,443.9500,3,444.4200,7
2024-08-05 09:36:49,439.3000,4,439.0100,7,439.0000,7,438.9000,3,438.8900,5,438.8800,7,0.0000,0,0.0000,0,0.0000,0,0.0000,0,440.7800,3,441.0000,10,443.5800,4,443.5900,3,443.6400,5,443.6500,7,443.6600,9,443.6700,8,443.9500,3,444.4200,7
2024-08-05 09:36:50,439.3000,4,439.0100,7,439.0000,7,438.9000,3,438.8900,5,438.8800,7,0.0000,0,0.0000,0,0.0000,0,0.0000,0,440.7800,3,441.0000,10,443.5800,4,443.5900,3,443.6400,5,443.6500,7,443.6600,9,443.6700,8,443.9500,3,444.4200,7
2024-08-05 09:36:51,439.3100,5,439.3000,4,439.0100,7,439.0000,7,438.9000,3,438.8900,5,438.8800,7,0.0000,0,0.0000,0,0.0000,0,440.7800,3,441.0000,10,443.5800,4,443.5900,3,443.6400,5,443.6500,7,443.6600,9,443.6700,8,443.9500,3,444.4200,7
2024-08-05 09:36:52,439.3100,5,439.3000,4,439.0100,7,439.0000,7,438.9000,3,438.8900,5,438.8800,7,0.0000,0,0.0000,0,0.0000,0,440.7800,6,441.0000,10,443.5800,4,443.5900,3,443.6400,5,443.6500,7,443.6600,9,443.6700,8,443.9500,3,444.4200,7
2024-08-05 09:36:53,439.3100,5,439.3000,4,439.0100,7,439.0000,7,438.9000,3,438.8900,5,438.8800,7,0.0000,0,0.0000,0,0.0000,0,440.7800,6,441.0000,10,443.5800,4,443.5900,3,443.6400,5,443.6500,7,443.6600,9,443.6700,8,443.9500,3,444.4200,7
2024-08-05 09:36:54,439.3100,5,439.3000,4,439.0100,7,439.0000,7,438.9000,3,438.8900,5,438.8800,7,0.0000,0,0.0000,0,0.0000,0,440.7800,6,441.0000,10,443.5800,4,443.5900,3,443.6400,5,443.6500,7,443.6600,9,443.6700,8,443.9500,3,444.4200,7
2024-08-05 09:36:55,439.3100,5,439.3000,4,439.0100,7,439.0000,7,438.9000,3,438.8900,5,438.8800,7,0.0000,0,0.0000,0,0.0000,0,440.7700,3,440.7800,6,441.0000,10,443.5800,4,443.5900,3,443.6400,5,443.6500,7,443.6600,9,443.6700,8,443.9500,3
2024-08-05 09:36:56,439.3100,4,439.3000,4,439.0100,7,439.0000,7,438.9000,3,438.8900,5,438.8800,7,0.0000,0,0.0000,0,0.0000,0,440.7700,3,440.7800,6,441.0000,10,443.5800,4,443.5900,3,443.6400,5,443.6500,7,443.6600,9,443.6700,8,443.9500,3
2024-08-05 09:36:57,439.3100,4,439.3000,4,439.0100,7,439.0000,7,438.9000,3,438.8900,5,438.8800,7,0.0000,0,0.0000,0,0.0000,0,440.7700,5,440.7800,6,441.0000,10,443.5800,4,443.5900,3,443.6400,5,443.6500,7,443.6600,9,443.6700,8,443.9500,3
2024-08-05 09:36:58,439.3200,3,439.3100,4,439.3000,4,439.0100,7,439.0000,7,438.9000,3,438.8900,5,438.8800,7,0.0000,0,0.0000,0,440.7700,5,440.7800,6,441.0000,10,443.5800,4,443.5900,3,443.6400,5,443.6500,7,443.6600,9,443.6700,8,443.9500,3
2024-08-05 09:36:59,439.3200,4,439.3100,4,439.3000,4,439.0100,7,439.0000,7,438.9000,3,438.8900,5,438.8800,7,0.0000,0,0.0000,0,440.7700,5,440.7800,6,441.0000,10,443.5800,4,443.5900,3,443.6400,5,443.6500,7,443.6600,9,443.6700,8,443.9500,3
2024-08-05 09:37:00,439.3200,4,439.3100,4,439.3000,4,439.0100,7,439.0000,7,438.9000,3,438.8900,5,438.8800,7,0.0000,0,0.0000,0,440.7700,5,440.7800,6,441.0000,10,443.5800,4,443.5900,3,443.6400,5,443.6500,7,443.6600,9,443.6700,8,443.9500,3
2024-08-05 09:37:01,439.3200,4,439.3100,4,439.3000,4,439.0100,7,439.0000,7,438.9000,3,438.8900,5,438.8800,7,0.0000,0,0.0000,0,440.7700,5,440.7800,6,441.0000,10,443.5800,4,443.5900,3,443.6400,5,443.6500,7,443.6600,9,443.6700,8,443.9500,3
2024-08-05 09:37:02,439.3200,7,439.3100,4,439.3000,4,439.0100,7,439.0000,7,438.9000,3,438.8900,5,438.8800,7,0.0000,0,0.0000,0,440.7700,5,440.7800,6,441.0000,10,443.5800,4,443.5900,3,443.6400,5,443.6500,7,443.6600,9,443.6700,8,443.9500,3
2024-08-05 09:37:03,439.0000,7,438.9000,3,438.8900,5,438.8800,7,0.0000,0,0.0000,0,0.0000,0,0.0000,0,0.0000,0,0.0000,0,439.3100,1,439.8100,3,440.7700,5,440.7800,6,441.0000,10,443.5800,4,443.5900,3,443.6400,5,443.6500,7,443.6600,9
2024-08-05 09:37:04,438.0600,3,438.0000,3,0.0000,0,0.0000,0,0.0000,0,0.0000,0,0.0000,0,0.0000,0,0.0000,0,0.0000,0,440.1800,3,440.7700,5,440.7800,6,441.0000,10,443.5800,4,443.5900,3,443.6400,5,443.6500,7,443.6600,9,443.6700,8
2024-08-05 09:37:05,438.5100,3,438.2100,3,438.2000,3,437.6800,3,437.3300,3,0.0000,0,0.0000,0,0.0000,0,0.0000,0,0.0000,0,440.1800,3,440.7700,5,440.7800,6,441.0000,10,443.5800,4,443.5900,3,443.6400,5,443.6500,7,443.6600,9,443.6700,8
2024-08-05 09:37:06,437.3200,3,437.2900,27,0.0000,0,0.0000,0,0.0000,0,0.0000,0,0.0000,0,0.0000,0,0.0000,0,0.0000,0,438.9500,3,438.9600,1,440.1800,7,440.7700,5,440.7800,6,441.0000,10,443.5800,4,443.5900,3,443.6400,5,443.6500,7
2024-08-05 09:37:07,437.3700,5,437.3200,3,437.2900,27,0.0000,0,0.0000,0,0.0000,0,0.0000,0,0.0000,0,0.0000,0,0.0000,0,439.9900,3,440.0000,3,440.1800,7,440.7700,5,440.7800,6,441.0000,10,443.5800,4,443.5900,3,443.6400,5,443.6500,7
2024-08-05 09:37:08,437.3800,4,437.3600,2,437.3200,3,437.2900,27,0.0000,0,0.0000,0,0.0000,0,0.0000,0,0.0000,0,0.0000,0,438.6600,3,439.3300,3,439.9900,6,440.0000,3,440.1800,7,440.7700,5,440.7800,6,441.0000,10,443.5800,4,443.5900,3
2024-08-05 09:37:09,437.8800,1,437.3800,4,437.3600,2,437.3200,3,437.2900,27,0.0000,0,0.0000,0,0.0000,0,0.0000,0,0.0000,0,438.6600,4,439.3300,3,439.9900,6,440.0000,3,440.1800,7,440.7700,5,440.7800,6,441.0000,10,443.5800,4,443.5900,3
2024-08-05 09:37:10,437.3700,1,437.3600,2,437.3200,3,437.2900,27,0.0000,0,0.0000,0,0.0000,0,0.0000,0,0.0000,0,0.0000,0,438.9600,5,439.3300,3,439.9900,6,440.0000,3,440.1800,7,440.7700,5,440.7800,6,441.0000,10,443.5800,4,443.5900,3
2024-08-05 09:37:11,437.3000,2,437.2900,27,0.0000,0,0.0000,0,0.0000,0,0.0000,0,0.0000,0,0.0000,0,0.0000,0,0.0000,0,438.6400,2,438.9600,5,439.3300,3,439.9900,6,440.0000,3,440.1800,7,440.7700,5,440.7800,6,441.0000,10,443.5800,4
2024-08-05 09:37:12,437.3100,3,437.3000,4,437.2900,27,0.0000,0,0.0000,0,0.0000,0,0.0000,0,0.0000,0,0.0000,0,0.0000,0,438.9600,5,439.3300,3,439.9900,6,440.0000,3,440.1800,7,440.7700,5,440.7800,6,441.0000,10,443.5800,4,443.5900,3
2024-08-05 09:37:13,437.3000,4,437.2900,27,0.0000,0,0.0000,0,0.0000,0,0.0000,0,0.0000,0,0.0000,0,0.0000,0,0.0000,0,438.9600,5,439.3300,3,439.9900,6,440.0000,3,440.1800,7,440.7700,5,440.7800,6,441.0000,10,443.5800,4,443.5900,3
2024-08-05 09:37:14,437.6900,1,437.5800,1,437.2900,27,0.0000,0,0.0000,0,0.0000,0,0.0000,0,0.0000,0,0.0000,0,0.0000,0,438.9600,5,439.3300,3,439.9900,6,440.0000,3,440.1800,7,440.7700,5,440.7800,6,441.0000,10,443.5800,4,443.5900,3
2024-08-05 09:37:15,437.5800,3,437.2900,27,0.0000,0,0.0000,0,0.0000,0,0.0000,0,0.0000,0,0.0000,0,0.0000,0,0.0000,0,438.9600,5,439.3300,3,439.9900,6,440.0000,3,440.1800,7,440.7700,5,440.7800,6,441.0000,10,443.5800,4,443.5900,3
2024-08-05 09:37:16,437.7200,3,437.5300,10,437.2900,27,0.0000,0,0.0000,0,0.0000,0,0.0000,0,0.0000,0,0.0000,0,0.0000,0,438.9600,6,439.3300,3,439.9900,6,440.0000,3,440.1800,7,440.7700,5,440.7800,6,441.0000,10,443.5800,4,443.5900,3
2024-08-05 09:37:17,437.7300,1,437.7200,3,437.5300,10,437.2900,27,0.0000,0,0.0000,0,0.0000,0,0.0000,0,0.0000,0,0.0000,0,438.9500,3,438.9600,6,439.3300,3,439.9900,6,440.0000,3,440.1800,7,440.7700,5,440.7800,6,441.0000,10,443.5800,4
2024-08-05 09:37:18,437.7300,2,437.7200,3,437.5300,10,437.2900,27,0.0000,0,0.0000,0,0.0000,0,0.0000,0,0.0000,0,0.0000,0,438.9500,4,438.9600,6,439.3300,3,439.9900,6,440.0000,3,440.1800,7,440.7700,5,440.7800,6,441.0000,10,443.5800,4
2024-08-05 09:37:19,437.7300,2,437.7200,3,437.5300,10,437.2900,27,0.0000,0,0.0000,0,0.0000,0,0.0000,0,0.0000,0,0.0000,0,438.9500,4,438.9600,6,439.3300,3,439.9900,6,440.0000,3,440.1800,7,440.7700,5,440.7800,6,441.0000,10,443.5800,4
2024-08-05 09:37:20,437.7300,2,437.7200,3,437.5300,10,437.2900,27,0.0000,0,0.0000,0,0.0000,0,0.0000,0,0.0000,0,0.0000,0,438.9500,4,438.9600,6,439.3300,3,439.9900,6,440.0000,3,440.1800,7,440.7700,5,440.7800,6,441.0000,10,443.5800,4
2024-08-05 09:37:21,438.5900,4,437.7300,4,437.7200,3,437.5300,10,437.2900,27,0.0000,0,0.0000,0,0.0000,0,0.0000,0,0.0000,0,439.9900,5,440.0000,3,440.1800,7,440.7700,5,440.7800,6,441.0000,10,443.5800,4,443.5900,3,443.6400,5,443.6500,7
2024-08-05 09:37:22,438.5900,5,437.7300,4,437.7200,3,437.5300,10,437.2900,27,0.0000,0,0.0000,0,0.0000,0,0.0000,0,0.0000,0,439.9900,5,440.0000,3,440.1800,7,440.7700,5,440.7800,6,441.0000,10,443.5800,4,443.5900,3,443.6400,5,443.6500,7
2024-08-05 09:37:23,438.8600,1,438.8500,2,438.5900,5,437.7300,4,437.7200,3,437.5300,10,437.2900,27,0.0000,0,0.0000,0,0.0000,0,440.0000,3,440.8800,3,441.0000,10,443.5800,4,443.5900,3,443.6400,5,443.6500,7,443.6600,9,443.6700,8,443.9500,3
2024-08-05 09:37:24,438.8600,4,438.8500,2,438.5900,5,437.7300,4,437.7200,3,437.5300,10,437.2900,27,0.0000,0,0.0000,0,0.0000,0,440.8800,3,441.0000,10,443.5800,4,443.5900,3,443.6400,5,443.6500,7,443.6600,9,443.6700,8,443.9500,3,444.4200,7
2024-08-05 09:37:25,438.8600,4,438.8500,2,438.5900,5,437.7300,4,437.7200,3,437.5300,10,437.2900,27,0.0000,0,0.0000,0,0.0000,0,440.8800,3,441.0000,10,443.5800,4,443.5900,3,443.6400,5,443.6500,7,443.6600,9,443.6700,8,443.9500,3,444.4200,7
2024-08-05 09:37:26,439.0900,2,438.8700,1,438.8600,3,438.8500,2,438.5900,5,437.7300,4,437.7200,3,437.5300,10,437.2900,27,0.0000,0,440.8800,3,441.0000,10,443.5800,4,443.5900,3,443.6400,5,443.6500,7,443.6600,9,443.6700,8,443.9500,3,444.4200,7
2024-08-05 09:37:27,439.2300,2,439.0900,4,438.8700,1,438.8600,3,438.8500,2,438.5900,5,437.7300,4,437.7200,3,437.5300,10,437.2900,27,440.9900,3,441.0000,4,443.5800,4,443.5900,3,443.6400,5,443.6500,7,443.6600,9,443.6700,8,443.9500,3,444.4200,7
2024-08-05 09:37:28,439.2300,2,439.0900,4,438.8700,1,438.8600,3,438.8500,2,438.5900,5,437.7300,4,437.7200,3,437.5300,10,437.2900,27,440.9900,3,441.0000,4,443.5800,4,443.5900,3,443.6400,5,443.6500,7,443.6600,9,443.6700,8,443.9500,3,444.4200,7
2024-08-05 09:37:29,439.4300,1,439.2300,2,439.0900,4,438.8700,1,438.8600,3,438.8500,2,438.5900,5,437.7300,4,437.7200,3,437.5300,10,440.9900,3,441.0000,4,443.5800,4,443.5900,3,443.6400,5,443.6500,7,443.6600,9,443.6700,8,443.9500,3,444.4200,7
