timestamp,bid_price_1,bid_size_1,bid_price_2,bid_size_2,bid_price_3,bid_size_3,bid_price_4,bid_size_4,bid_price_5,bid_size_5,bid_price_6,bid_size_6,bid_price_7,bid_size_7,bid_price_8,bid_size_8,bid_price_9,bid_size_9,bid_price_10,bid_size_10,ask_price_1,ask_size_1,ask_price_2,ask_size_2,ask_price_3,ask_size_3,ask_price_4,ask_size_4,ask_price_5,ask_size_5,ask_price_6,ask_size_6,ask_price_7,ask_size_7,ask_price_8,ask_size_8,ask_price_9,ask_size_9,ask_price_10,ask_size_10
1774130593.6193068,443.0000,10,442.6900,3,0.0000,0,0.0000,0,0.0000,0,0.0000,0,0.0000,0,0.0000,0,0.0000,0,0.0000,0,445.3800,10,445.7600,1,447.6300,6,448.1900,10,448.8300,17,448.8400,6,449.0000,15,452.5100,3,453.5900,2,0.0000,0
1774130594.6298606,443.0000,11,442.6900,3,0.0000,0,0.0000,0,0.0000,0,0.0000,0,0.0000,0,0.0000,0,0.0000,0,0.0000,0,445.3800,10,445.7600,1,447.6300,6,448.1900,10,448.8300,17,448.8400,6,449.0000,15,452.5100,3,453.5900,2,0.0000,0
1774130595.6319368,443.0000,11,442.6900,3,0.0000,0,0.0000,0,0.0000,0,0.0000,0,0.0000,0,0.0000,0,0.0000,0,0.0000,0,445.3800,10,445.7600,1,447.6300,6,448.1900,10,448.8300,17,448.8400,6,449.0000,15,452.5100,3,453.5900,2,0.0000,0
1774130596.6346352,443.0000,11,442.6900,3,0.0000,0,0.0000,0,0.0000,0,0.0000,0,0.0000,0,0.0000,0,0.0000,0,0.0000,0,445.3800,10,445.7600,1,447.6300,6,448.1900,10,448.8300,17,448.8400,6,449.0000,15,452.5100,3,453.5900,2,0.0000,0
1774130597.6402123,443.0000,11,442.6900,3,0.0000,0,0.0000,0,0.0000,0,0.0000,0,0.0000,0,0.0000,0,0.0000,0,0.0000,0,445.3800,10,445.7600,1,447.6300,6,448.1900,10,448.8300,17,448.8400,6,449.0000,15,452.5100,3,453.5900,2,0.0000,0
1774130598.6484263,443.0000,11,442.6900,3,0.0000,0,0.0000,0,0.0000,0,0.0000,0,0.0000,0,0.0000,0,0.0000,0,0.0000,0,445.3800,10,445.7600,1,447.6300,6,448.1900,10,448.8300,17,448.8400,6,449.0000,15,452.5100,3,453.5900,2,0.0000,0
1774130599.651778,443.0000,11,442.6900,3,0.0000,0,0.0000,0,0.0000,0,0.0000,0,0.0000,0,0.0000,0,0.0000,0,0.0000,0,445.3800,10,445.7600,1,447.6300,6,448.1900,10,448.8300,17,448.8400,6,449.0000,15,452.5100,3,453.5900,2,0.0000,0
1774130600.655913,443.0000,11,442.6900,3,0.0000,0,0.0000,0,0.0000,0,0.0000,0,0.0000,0,0.0000,0,0.0000,0,0.0000,0,445.3800,9,445.7600,1,447.6300,6,448.1900,10,448.8300,17,448.8400,6,449.0000,15,452.5100,3,453.5900,2,0.0000,0
1774130601.6567893,444.6200,8,443.1100,5,443.0000,11,442.6900,3,0.0000,0,0.0000,0,0.0000,0,0.0000,0,0.0000,0,0.0000,0,448.0800,5,448.5100,3,448.5200,5,448.5300,3,448.5400,6,448.5500,3,448.8300,17,448.8400,6,449.0000,15,452.5100,3
1774130602.663861,444.6200,9,443.1100,5,443.0000,11,442.6900,3,0.0000,0,0.0000,0,0.0000,0,0.0000,0,0.0000,0,0.0000,0,448.0800,8,448.5100,3,448.5200,5,448.5300,3,448.5400,6,448.5500,3,448.8300,17,448.8400,6,449.0000,15,452.5100,3
1774130603.6694877,444.6200,12,443.1100,5,443.0000,11,442.6900,3,0.0000,0,0.0000,0,0.0000,0,0.0000,0,0.0000,0,0.0000,0,448.0800,8,448.5100,3,448.5200,5,448.5300,3,448.5400,6,448.5500,3,448.8300,17,448.8400,6,449.0000,15,452.5100,3
1774130604.67127,444.6200,12,443.1100,5,443.0000,11,442.6900,3,0.0000,0,0.0000,0,0.0000,0,0.0000,0,0.0000,0,0.0000,0,448.0800,8,448.5100,3,448.5200,5,448.5300,3,448.5400,6,448.5500,3,448.8300,17,448.8400,6,449.0000,15,452.5100,3
1774130605.6798203,444.6200,12,443.1100,5,443.0000,11,442.6900,3,0.0000,0,0.0000,0,0.0000,0,0.0000,0,0.0000,0,0.0000,0,448.0800,8,448.5100,3,448.5200,5,448.5300,3,448.5400,6,448.5500,3,448.8300,17,448.8400,6,449.0000,15,452.5100,3
1774130606.6855714,444.6200,12,443.1100,5,443.0000,11,442.6900,3,0.0000,0,0.0000,0,0.0000,0,0.0000,0,0.0000,0,0.0000,0,448.0800,8,448.5100,3,448.5200,5,448.5300,3,448.5400,6,448.5500,3,448.8300,17,448.8400,6,449.0000,15,452.5100,3
1774130607.6882136,443.9900,4,443.3600,2,443.1100,5,443.0000,11,442.6900,3,0.0000,0,0.0000,0,0.0000,0,0.0000,0,0.0000,0,447.2800,3,448.0800,9,448.5100,3,448.5200,5,448.5300,3,448.5400,6,448.5500,3,448.8300,17,448.8400,6,449.0000,15
1774130608.6946936,443.9900,5,443.3600,2,443.1100,5,443.0000,11,442.6900,3,0.0000,0,0.0000,0,0.0000,0,0.0000,0,0.0000,0,447.2800,7,448.0800,9,448.5100,3,448.5200,5,448.5300,3,448.5400,6,448.5500,3,448.8300,17,448.8400,6,449.0000,15
1774130609.6962955,443.9900,5,443.3600,2,443.1100,5,443.0000,11,442.6900,3,0.0000,0,0.0000,0,0.0000,0,0.0000,0,0.0000,0,447.2800,7,448.0800,9,448.5100,3,448.5200,5,448.5300,3,448.5400,6,448.5500,3,448.8300,17,448.8400,6,449.0000,15
1774130610.7015505,443.9900,5,443.3600,2,443.1100,5,443.0000,11,442.6900,3,0.0000,0,0.0000,0,0.0000,0,0.0000,0,0.0000,0,446.3600,4,447.2800,7,448.0800,9,448.5100,3,448.5200,5,448.5300,3,448.5400,6,448.5500,3,448.8300,17,448.8400,6
1774130611.7090912,443.9900,5,443.3600,2,443.1100,5,443.0000,11,442.6900,3,0.0000,0,0.0000,0,0.0000,0,0.0000,0,0.0000,0,446.3600,6,447.2800,7,448.0800,9,448.5100,3,448.5200,5,448.5300,3,448.5400,6,448.5500,3,448.8300,17,448.8400,6
1774130612.7190208,443.9900,5,443.3600,2,443.1100,5,443.0000,11,442.6900,3,0.0000,0,0.0000,0,0.0000,0,0.0000,0,0.0000,0,446.3600,6,447.2800,7,448.0800,9,448.5100,3,448.5200,5,448.5300,3,448.5400,6,448.5500,3,448.8300,17,448.8400,6
1774130613.7309847,443.9900,5,443.3600,2,443.1100,5,443.0000,11,442.6900,3,0.0000,0,0.0000,0,0.0000,0,0.0000,0,0.0000,0,446.3600,7,447.2800,7,448.0800,9,448.5100,3,448.5200,5,448.5300,3,448.5400,6,448.5500,3,448.8300,17,448.8400,6
1774130614.7313344,443.9900,5,443.3600,2,443.1100,5,443.0000,11,442.6900,3,0.0000,0,0.0000,0,0.0000,0,0.0000,0,0.0000,0,446.3500,7,446.3600,7,447.2800,7,448.0800,9,448.5100,3,448.5200,5,448.5300,3,448.5400,6,448.5500,3,448.8300,17
1774130615.7383025,443.9900,5,443.3600,2,443.1100,5,443.0000,11,442.6900,3,0.0000,0,0.0000,0,0.0000,0,0.0000,0,0.0000,0,446.3500,7,446.3600,7,447.2800,7,448.0800,9,448.5100,3,448.5200,5,448.5300,3,448.5400,6,448.5500,3,448.8300,17
1774130616.7474475,443.9900,5,443.3600,2,443.1100,5,443.0000,11,442.6900,3,0.0000,0,0.0000,0,0.0000,0,0.0000,0,0.0000,0,446.3500,7,446.3600,7,447.2800,7,448.0800,9,448.5100,3,448.5200,5,448.5300,3,448.5400,6,448.5500,3,448.8300,17
1774130617.7580779,442.8800,3,442.6900,3,0.0000,0,0.0000,0,0.0000,0,0.0000,0,0.0000,0,0.0000,0,0.0000,0,0.0000,0,446.3400,3,446.3500,8,446.3600,7,447.2800,7,448.0800,9,448.5100,3,448.5200,5,448.5300,3,448.5400,6,448.5500,3
1774130618.7697518,442.8800,3,442.6900,3,0.0000,0,0.0000,0,0.0000,0,0.0000,0,0.0000,0,0.0000,0,0.0000,0,0.0000,0,446.3400,6,446.3500,8,446.3600,7,447.2800,7,448.0800,9,448.5100,3,448.5200,5,448.5300,3,448.5400,6,448.5500,3
1774130619.7732384,443.4900,1,442.8800,3,442.6900,3,0.0000,0,0.0000,0,0.0000,0,0.0000,0,0.0000,0,0.0000,0,0.0000,0,446.3400,9,446.3500,8,446.3600,7,447.2800,7,448.0800,9,448.5100,3,448.5200,5,448.5300,3,448.5400,6,448.5500,3
1774130620.7803612,443.4900,1,442.8800,3,442.6900,3,0.0000,0,0.0000,0,0.0000,0,0.0000,0,0.0000,0,0.0000,0,0.0000,0,446.3400,9,446.3500,8,446.3600,7,447.2800,7,448.0800,9,448.5100,3,448.5200,5,448.5300,3,448.5400,6,448.5500,3
1774130621.7909465,441.7000,3,0.0000,0,0.0000,0,0.0000,0,0.0000,0,0.0000,0,0.0000,0,0.0000,0,0.0000,0,0.0000,0,443.7500,5,443.8000,1,446.3400,9,446.3500,8,446.3600,7,447.2800,7,448.0800,9,448.5100,3,448.5200,5,448.5300,3
1774130622.790998,441.7000,3,0.0000,0,0.0000,0,0.0000,0,0.0000,0,0.0000,0,0.0000,0,0.0000,0,0.0000,0,0.0000,0,443.7500,6,443.8000,1,446.3400,9,446.3500,8,446.3600,7,447.2800,7,448.0800,9,448.5100,3,448.5200,5,448.5300,3
1774130623.7932272,441.7000,5,0.0000,0,0.0000,0,0.0000,0,0.0000,0,0.0000,0,0.0000,0,0.0000,0,0.0000,0,0.0000,0,443.7500,8,443.8000,1,446.3400,9,446.3500,8,446.3600,7,447.2800,7,448.0800,9,448.5100,3,448.5200,5,448.5300,3
1774130624.8017447,441.7000,6,0.0000,0,0.0000,0,0.0000,0,0.0000,0,0.0000,0,0.0000,0,0.0000,0,0.0000,0,0.0000,0,443.7500,8,443.8000,1,446.3400,9,446.3500,8,446.3600,7,447.2800,7,448.0800,9,448.5100,3,448.5200,5,448.5300,3
1774130625.8060253,441.7000,6,0.0000,0,0.0000,0,0.0000,0,0.0000,0,0.0000,0,0.0000,0,0.0000,0,0.0000,0,0.0000,0,443.7500,10,443.8000,1,446.3400,9,446.3500,8,446.3600,7,447.2800,7,448.0800,9,448.5100,3,448.5200,5,448.5300,3
1774130626.818047,441.7000,9,0.0000,0,0.0000,0,0.0000,0,0.0000,0,0.0000,0,0.0000,0,0.0000,0,0.0000,0,0.0000,0,443.7500,10,443.8000,1,446.3400,9,446.3500,8,446.3600,7,447.2800,7,448.0800,9,448.5100,3,448.5200,5,448.5300,3
1774130627.8185396,441.7000,9,0.0000,0,0.0000,0,0.0000,0,0.0000,0,0.0000,0,0.0000,0,0.0000,0,0.0000,0,0.0000,0,443.7500,10,443.8000,1,446.3400,9,446.3500,8,446.3600,7,447.2800,7,448.0800,9,448.5100,3,448.5200,5,448.5300,3
1774130628.823385,441.7000,9,0.0000,0,0.0000,0,0.0000,0,0.0000,0,0.0000,0,0.0000,0,0.0000,0,0.0000,0,0.0000,0,443.8000,5,446.3400,9,446.3500,8,446.3600,7,447.2800,7,448.0800,9,448.5100,3,448.5200,5,448.5300,3,448.5400,6
1774130629.833408,441.7000,13,0.0000,0,0.0000,0,0.0000,0,0.0000,0,0.0000,0,0.0000,0,0.0000,0,0.0000,0,0.0000,0,443.8000,5,446.3400,9,446.3500,8,446.3600,7,447.2800,7,448.0800,9,448.5100,3,448.5200,5,448.5300,3,448.5400,6
1774130630.8373299,441.7000,13,0.0000,0,0.0000,0,0.0000,0,0.0000,0,0.0000,0,0.0000,0,0.0000,0,0.0000,0,0.0000,0,443.8000,5,446.3400,9,446.3500,8,446.3600,7,447.2800,7,448.0800,9,448.5100,3,448.5200,5,448.5300,3,448.5400,6
1774130631.840348,441.7000,13,0.0000,0,0.0000,0,0.0000,0,0.0000,0,0.0000,0,0.0000,0,0.0000,0,0.0000,0,0.0000,0,443.8000,5,446.3400,9,446.3500,8,446.3600,7,447.2800,7,448.0800,9,448.5100,3,448.5200,5,448.5300,3,448.5400,6
1774130632.843509,441.7000,12,0.0000,0,0.0000,0,0.0000,0,0.0000,0,0.0000,0,0.0000,0,0.0000,0,0.0000,0,0.0000,0,443.8000,5,446.3400,9,446.3500,8,446.3600,7,447.2800,7,448.0800,9,448.5100,3,448.5200,5,448.5300,3,448.5400,6
1774130633.8480783,441.7000,14,0.0000,0,0.0000,0,0.0000,0,0.0000,0,0.0000,0,0.0000,0,0.0000,0,0.0000,0,0.0000,0,443.8000,5,446.3400,9,446.3500,8,446.3600,7,447.2800,7,448.0800,9,448.5100,3,448.5200,5,448.5300,3,448.5400,6
1774130634.8531458,441.7000,14,0.0000,0,0.0000,0,0.0000,0,0.0000,0,0.0000,0,0.0000,0,0.0000,0,0.0000,0,0.0000,0,443.8000,5,446.3400,9,446.3500,8,446.3600,7,447.2800,7,448.0800,9,448.5100,3,448.5200,5,448.5300,3,448.5400,6
1774130635.8639555,441.7000,14,0.0000,0,0.0000,0,0.0000,0,0.0000,0,0.0000,0,0.0000,0,0.0000,0,0.0000,0,0.0000,0,443.8000,5,446.3400,9,446.3500,8,446.3600,7,447.2800,7,448.0800,9,448.5100,3,448.5200,5,448.5300,3,448.5400,6
1774130636.8688753,441.7000,14,0.0000,0,0.0000,0,0.0000,0,0.0000,0,0.0000,0,0.0000,0,0.0000,0,0.0000,0,0.0000,0,443.8000,5,446.3400,9,446.3500,8,446.3600,7,447.2800,7,448.0800,9,448.5100,3,448.5200,5,448.5300,3,448.5400,6
1774130637.8756964,442.4600,6,442.1200,1,441.7200,1,441.7000,17,0.0000,0,0.0000,0,0.0000,0,0.0000,0,0.0000,0,0.0000,0,445.3400,4,446.3400,9,446.3500,8,446.3600,7,447.2800,7,448.0800,9,448.5100,3,448.5200,5,448.5300,3,448.5400,6
1774130638.886025,442.4600,9,442.1200,1,441.7200,1,441.7000,17,0.0000,0,0.0000,0,0.0000,0,0.0000,0,0.0000,0,0.0000,0,445.3300,13,445.3400,4,446.3400,9,446.3500,8,446.3600,7,447.2800,7,448.0800,9,448.5100,3,448.5200,5,448.5300,3
1774130639.894148,442.4600,13,442.1200,1,441.7200,1,441.7000,17,0.0000,0,0.0000,0,0.0000,0,0.0000,0,0.0000,0,0.0000,0,445.3300,12,445.3400,4,446.3400,9,446.3500,8,446.3600,7,447.2800,7,448.0800,9,448.5100,3,448.5200,5,448.5300,3
1774130640.899325,442.4600,13,442.1200,1,441.7200,1,441.7000,17,0.0000,0,0.0000,0,0.0000,0,0.0000,0,0.0000,0,0.0000,0,445.3300,11,445.3400,4,446.3400,9,446.3500,8,446.3600,7,447.2800,7,448.0800,9,448.5100,3,448.5200,5,448.5300,3
1774130641.9037397,442.4600,13,442.1200,1,441.7200,1,441.7000,17,0.0000,0,0.0000,0,0.0000,0,0.0000,0,0.0000,0,0.0000,0,445.3300,11,445.3400,4,446.3400,9,446.3500,8,446.3600,7,447.2800,7,448.0800,9,448.5100,3,448.5200,5,448.5300,3
1774130642.9112341,442.4600,12,442.1200,1,441.7200,1,441.7000,17,0.0000,0,0.0000,0,0.0000,0,0.0000,0,0.0000,0,0.0000,0,445.3300,11,445.3400,4,446.3400,9,446.3500,8,446.3600,7,447.2800,7,448.0800,9,448.5100,3,448.5200,5,448.5300,3
1774130643.9178388,442.4600,12,442.1200,1,441.7200,1,441.7000,17,0.0000,0,0.0000,0,0.0000,0,0.0000,0,0.0000,0,0.0000,0,445.3300,11,445.3400,4,446.3400,9,446.3500,8,446.3600,7,447.2800,7,448.0800,9,448.5100,3,448.5200,5,448.5300,3
1774130644.926534,442.4600,10,442.1200,1,441.7200,1,441.7000,17,0.0000,0,0.0000,0,0.0000,0,0.0000,0,0.0000,0,0.0000,0,445.3300,11,445.3400,4,446.3400,9,446.3500,8,446.3600,7,447.2800,7,448.0800,9,448.5100,3,448.5200,5,448.5300,3
1774130645.9344137,442.1200,3,441.7200,1,441.7000,17,0.0000,0,0.0000,0,0.0000,0,0.0000,0,0.0000,0,0.0000,0,0.0000,0,444.0700,3,445.3300,11,445.3400,4,446.3400,9,446.3500,8,446.3600,7,447.2800,7,448.0800,9,448.5100,3,448.5200,5
1774130646.9369721,442.1200,3,441.7200,1,441.7000,17,0.0000,0,0.0000,0,0.0000,0,0.0000,0,0.0000,0,0.0000,0,0.0000,0,444.0700,3,445.3300,11,445.3400,4,446.3400,9,446.3500,8,446.3600,7,447.2800,7,448.0800,9,448.5100,3,448.5200,5
1774130647.9442708,442.1200,3,441.7200,1,441.7000,17,0.0000,0,0.0000,0,0.0000,0,0.0000,0,0.0000,0,0.0000,0,0.0000,0,444.0700,4,445.3300,11,445.3400,4,446.3400,9,446.3500,8,446.3600,7,447.2800,7,448.0800,9,448.5100,3,448.5200,5
1774130648.9468076,442.1200,3,441.7200,1,441.7000,17,0.0000,0,0.0000,0,0.0000,0,0.0000,0,0.0000,0,0.0000,0,0.0000,0,444.0700,4,445.3300,11,445.3400,4,446.3400,9,446.3500,8,446.3600,7,447.2800,7,448.0800,9,448.5100,3,448.5200,5
1774130649.9540517,442.1200,3,441.7200,1,441.7000,17,0.0000,0,0.0000,0,0.0000,0,0.0000,0,0.0000,0,0.0000,0,0.0000,0,445.3400,7,446.3400,9,446.3500,8,446.3600,7,447.2800,7,448.0800,9,448.5100,3,448.5200,5,448.5300,3,448.5400,6
1774130650.961543,442.1200,4,441.7200,1,441.7000,17,0.0000,0,0.0000,0,0.0000,0,0.0000,0,0.0000,0,0.0000,0,0.0000,0,445.3400,6,446.3400,9,446.3500,8,446.3600,7,447.2800,7,448.0800,9,448.5100,3,448.5200,5,448.5300,3,448.5400,6
1774130651.9670987,441.2000,3,0.0000,0,0.0000,0,0.0000,0,0.0000,0,0.0000,0,0.0000,0,0.0000,0,0.0000,0,0.0000,0,444.0700,3,444.6200,1,444.6900,3,445.3400,9,446.3400,9,446.3500,8,446.3600,7,447.2800,7,448.0800,9,448.5100,3
1774130652.9683847,441.2000,3,0.0000,0,0.0000,0,0.0000,0,0.0000,0,0.0000,0,0.0000,0,0.0000,0,0.0000,0,0.0000,0,444.0700,4,444.6200,1,444.6900,3,445.3400,9,446.3400,9,446.3500,8,446.3600,7,447.2800,7,448.0800,9,448.5100,3
1774130653.977095,441.2000,5,0.0000,0,0.0000,0,0.0000,0,0.0000,0,0.0000,0,0.0000,0,0.0000,0,0.0000,0,0.0000,0,444.0700,4,444.6200,1,444.6900,3,445.3400,9,446.3400,9,446.3500,8,446.3600,7,447.2800,7,448.0800,9,448.5100,3
1774130654.9828198,441.2000,4,0.0000,0,0.0000,0,0.0000,0,0.0000,0,0.0000,0,0.0000,0,0.0000,0,0.0000,0,0.0000,0,444.0700,4,444.6200,1,444.6900,3,445.3400,9,446.3400,9,446.3500,8,446.3600,7,447.2800,7,448.0800,9,448.5100,3
1774130655.9882,441.2000,4,0.0000,0,0.0000,0,0.0000,0,0.0000,0,0.0000,0,0.0000,0,0.0000,0,0.0000,0,0.0000,0,444.0700,4,444.6200,1,444.6900,3,445.3400,9,446.3400,9,446.3500,8,446.3600,7,447.2800,7,448.0800,9,448.5100,3
1774130656.995373,441.2000,5,0.0000,0,0.0000,0,0.0000,0,0.0000,0,0.0000,0,0.0000,0,0.0000,0,0.0000,0,0.0000,0,444.0700,4,444.6200,1,444.6900,3,445.3400,9,446.3400,9,446.3500,8,446.3600,7,447.2800,7,448.0800,9,448.5100,3
1774130658.0016487,441.2000,5,0.0000,0,0.0000,0,0.0000,0,0.0000,0,0.0000,0,0.0000,0,0.0000,0,0.0000,0,0.0000,0,444.0700,4,444.6200,1,444.6900,3,445.3400,9,446.3400,9,446.3500,8,446.3600,7,447.2800,7,448.0800,9,448.5100,3
1774130659.0098028,441.2000,5,0.0000,0,0.0000,0,0.0000,0,0.0000,0,0.0000,0,0.0000,0,0.0000,0,0.0000,0,0.0000,0,444.0700,4,444.6200,1,444.6900,3,445.3400,9,446.3400,9,446.3500,8,446.3600,7,447.2800,7,448.0800,9,448.5100,3
1774130660.0175333,441.2000,5,0.0000,0,0.0000,0,0.0000,0,0.0000,0,0.0000,0,0.0000,0,0.0000,0,0.0000,0,0.0000,0,444.0700,4,444.6200,1,444.6900,3,445.3400,9,446.3400,9,446.3500,8,446.3600,7,447.2800,7,448.0800,9,448.5100,3
1774130661.0250442,441.2000,5,0.0000,0,0.0000,0,0.0000,0,0.0000,0,0.0000,0,0.0000,0,0.0000,0,0.0000,0,0.0000,0,444.0700,4,444.6200,1,444.6900,3,445.3400,9,446.3400,9,446.3500,8,446.3600,7,447.2800,7,448.0800,9,448.5100,3
1774130662.0334337,441.2000,4,0.0000,0,0.0000,0,0.0000,0,0.0000,0,0.0000,0,0.0000,0,0.0000,0,0.0000,0,0.0000,0,444.0700,7,444.6200,1,444.6900,3,445.3400,9,446.3400,9,446.3500,8,446.3600,7,447.2800,7,448.0800,9,448.5100,3
1774130663.0378401,441.2000,4,0.0000,0,0.0000,0,0.0000,0,0.0000,0,0.0000,0,0.0000,0,0.0000,0,0.0000,0,0.0000,0,444.0700,10,444.6200,1,444.6900,3,445.3400,9,446.3400,9,446.3500,8,446.3600,7,447.2800,7,448.0800,9,448.5100,3
1774130664.045542,441.2000,7,0.0000,0,0.0000,0,0.0000,0,0.0000,0,0.0000,0,0.0000,0,0.0000,0,0.0000,0,0.0000,0,444.0700,11,444.6200,1,444.6900,3,445.3400,9,446.3400,9,446.3500,8,446.3600,7,447.2800,7,448.0800,9,448.5100,3
1774130665.049781,441.2000,7,0.0000,0,0.0000,0,0.0000,0,0.0000,0,0.0000,0,0.0000,0,0.0000,0,0.0000,0,0.0000,0,444.0700,12,444.6200,1,444.6900,3,445.3400,9,446.3400,9,446.3500,8,446.3600,7,447.2800,7,448.0800,9,448.5100,3
1774130666.0542428,441.2000,7,0.0000,0,0.0000,0,0.0000,0,0.0000,0,0.0000,0,0.0000,0,0.0000,0,0.0000,0,0.0000,0,444.0700,13,444.6200,1,444.6900,3,445.3400,9,446.3400,9,446.3500,8,446.3600,7,447.2800,7,448.0800,9,448.5100,3
1774130667.0637183,441.2000,7,0.0000,0,0.0000,0,0.0000,0,0.0000,0,0.0000,0,0.0000,0,0.0000,0,0.0000,0,0.0000,0,444.0700,13,444.6200,1,444.6900,3,445.3400,9,446.3400,9,446.3500,8,446.3600,7,447.2800,7,448.0800,9,448.5100,3
1774130668.0645227,441.2000,7,0.0000,0,0.0000,0,0.0000,0,0.0000,0,0.0000,0,0.0000,0,0.0000,0,0.0000,0,0.0000,0,444.0700,13,444.6200,1,444.6900,3,445.3400,9,446.3400,9,446.3500,8,446.3600,7,447.2800,7,448.0800,9,448.5100,3
1774130669.073249,441.2000,7,0.0000,0,0.0000,0,0.0000,0,0.0000,0,0.0000,0,0.0000,0,0.0000,0,0.0000,0,0.0000,0,444.0700,12,444.6200,1,444.6900,3,445.3400,9,446.3400,9,446.3500,8,446.3600,7,447.2800,7,448.0800,9,448.5100,3
1774130670.0789716,441.2000,7,0.0000,0,0.0000,0,0.0000,0,0.0000,0,0.0000,0,0.0000,0,0.0000,0,0.0000,0,0.0000,0,444.0700,11,444.6200,1,444.6900,3,445.3400,9,446.3400,9,446.3500,8,446.3600,7,447.2800,7,448.0800,9,448.5100,3
1774130671.0793025,441.2000,7,0.0000,0,0.0000,0,0.0000,0,0.0000,0,0.0000,0,0.0000,0,0.0000,0,0.0000,0,0.0000,0,442.6200,1,444.0700,11,444.6200,1,444.6900,3,445.3400,9,446.3400,9,446.3500,8,446.3600,7,447.2800,7,448.0800,9
1774130672.0829751,441.2000,7,0.0000,0,0.0000,0,0.0000,0,0.0000,0,0.0000,0,0.0000,0,0.0000,0,0.0000,0,0.0000,0,441.9100,3,442.6200,11,444.0700,11,444.6200,1,444.6900,3,445.3400,9,446.3400,9,446.3500,8,446.3600,7,447.2800,7
1774130673.0929992,441.2000,8,0.0000,0,0.0000,0,0.0000,0,0.0000,0,0.0000,0,0.0000,0,0.0000,0,0.0000,0,0.0000,0,442.6200,11,444.0700,11,444.6200,1,444.6900,3,445.3400,9,446.3400,9,446.3500,8,446.3600,7,447.2800,7,448.0800,9
1774130674.0955288,441.2000,8,0.0000,0,0.0000,0,0.0000,0,0.0000,0,0.0000,0,0.0000,0,0.0000,0,0.0000,0,0.0000,0,442.6200,12,444.0700,11,444.6200,1,444.6900,3,445.3400,9,446.3400,9,446.3500,8,446.3600,7,447.2800,7,448.0800,9
1774130675.0955477,441.2000,8,0.0000,0,0.0000,0,0.0000,0,0.0000,0,0.0000,0,0.0000,0,0.0000,0,0.0000,0,0.0000,0,443.9500,2,444.0700,11,444.6200,1,444.6900,3,445.3400,9,446.3400,9,446.3500,8,446.3600,7,447.2800,7,448.0800,9
1774130676.100272,441.2000,8,0.0000,0,0.0000,0,0.0000,0,0.0000,0,0.0000,0,0.0000,0,0.0000,0,0.0000,0,0.0000,0,443.9500,8,444.0700,11,444.6200,1,444.6900,3,445.3400,9,446.3400,9,446.3500,8,446.3600,7,447.2800,7,448.0800,9
1774130677.1057024,441.2000,8,0.0000,0,0.0000,0,0.0000,0,0.0000,0,0.0000,0,0.0000,0,0.0000,0,0.0000,0,0.0000,0,443.9500,7,444.0700,11,444.6200,1,444.6900,3,445.3400,9,446.3400,9,446.3500,8,446.3600,7,447.2800,7,448.0800,9
1774130678.1097035,441.2000,8,0.0000,0,0.0000,0,0.0000,0,0.0000,0,0.0000,0,0.0000,0,0.0000,0,0.0000,0,0.0000,0,443.9500,7,444.0700,11,444.6200,1,444.6900,3,445.3400,9,446.3400,9,446.3500,8,446.3600,7,447.2800,7,448.0800,9
1774130679.1126413,441.2000,8,0.0000,0,0.0000,0,0.0000,0,0.0000,0,0.0000,0,0.0000,0,0.0000,0,0.0000,0,0.0000,0,443.9500,7,444.0700,11,444.6200,1,444.6900,3,445.3400,9,446.3400,9,446.3500,8,446.3600,7,447.2800,7,448.0800,9
1774130680.122929,441.2000,8,0.0000,0,0.0000,0,0.0000,0,0.0000,0,0.0000,0,0.0000,0,0.0000,0,0.0000,0,0.0000,0,443.9500,7,444.0700,11,444.6200,1,444.6900,3,445.3400,9,446.3400,9,446.3500,8,446.3600,7,447.2800,7,448.0800,9
1774130681.1245446,441.2000,8,0.0000,0,0.0000,0,0.0000,0,0.0000,0,0.0000,0,0.0000,0,0.0000,0,0.0000,0,0.0000,0,443.9500,7,444.0700,11,444.6200,1,444.6900,3,445.3400,9,446.3400,9,446.3500,8,446.3600,7,447.2800,7,448.0800,9
1774130682.126122,441.2000,8,0.0000,0,0.0000,0,0.0000,0,0.0000,0,0.0000,0,0.0000,0,0.0000,0,0.0000,0,0.0000,0,443.9500,7,444.0700,11,444.6200,1,444.6900,3,445.3400,9,446.3400,9,446.3500,8,446.3600,7,447.2800,7,448.0800,9
1774130683.1296923,441.2000,8,0.0000,0,0.0000,0,0.0000,0,0.0000,0,0.0000,0,0.0000,0,0.0000,0,0.0000,0,0.0000,0,443.9500,7,444.0700,11,444.6200,1,444.6900,3,445.3400,9,446.3400,9,446.3500,8,446.3600,7,447.2800,7,448.0800,9
1774130684.1390543,441.2000,8,0.0000,0,0.0000,0,0.0000,0,0.0000,0,0.0000,0,0.0000,0,0.0000,0,0.0000,0,0.0000,0,443.9500,7,444.0700,11,444.6200,1,444.6900,3,445.3400,9,446.3400,9,446.3500,8,446.3600,7,447.2800,7,448.0800,9
1774130685.1436038,441.2000,7,0.0000,0,0.0000,0,0.0000,0,0.0000,0,0.0000,0,0.0000,0,0.0000,0,0.0000,0,0.0000,0,442.3300,3,442.9400,1,443.9500,7,444.0700,11,444.6200,1,444.6900,3,445.3400,9,446.3400,9,446.3500,8,446.3600,7
1774130686.150687,441.2000,7,0.0000,0,0.0000,0,0.0000,0,0.0000,0,0.0000,0,0.0000,0,0.0000,0,0.0000,0,0.0000,0,442.3300,7,442.9400,1,443.9500,7,444.0700,11,444.6200,1,444.6900,3,445.3400,9,446.3400,9,446.3500,8,446.3600,7
1774130687.1582286,440.2000,5,0.0000,0,0.0000,0,0.0000,0,0.0000,0,0.0000,0,0.0000,0,0.0000,0,0.0000,0,0.0000,0,442.3300,12,442.9400,1,443.9500,7,444.0700,11,444.6200,1,444.6900,3,445.3400,9,446.3400,9,446.3500,8,446.3600,7
1774130688.168152,440.6700,2,440.2000,5,0.0000,0,0.0000,0,0.0000,0,0.0000,0,0.0000,0,0.0000,0,0.0000,0,0.0000,0,441.4300,3,442.3300,12,442.9400,1,443.9500,7,444.0700,11,444.6200,1,444.6900,3,445.3400,9,446.3400,9,446.3500,8
1774130689.1741815,440.6700,4,440.2000,5,0.0000,0,0.0000,0,0.0000,0,0.0000,0,0.0000,0,0.0000,0,0.0000,0,0.0000,0,441.4300,3,442.3300,12,442.9400,1,443.9500,7,444.0700,11,444.6200,1,444.6900,3,445.3400,9,446.3400,9,446.3500,8
1774130690.1761096,440.6700,4,440.2000,5,0.0000,0,0.0000,0,0.0000,0,0.0000,0,0.0000,0,0.0000,0,0.0000,0,0.0000,0,441.4300,3,442.3300,12,442.9400,1,443.9500,7,444.0700,11,444.6200,1,444.6900,3,445.3400,9,446.3400,9,446.3500,8
1774130691.1764827,440.6700,4,440.2000,5,0.0000,0,0.0000,0,0.0000,0,0.0000,0,0.0000,0,0.0000,0,0.0000,0,0.0000,0,441.4300,5,442.3300,12,442.9400,1,443.9500,7,444.0700,11,444.6200,1,444.6900,3,445.3400,9,446.3400,9,446.3500,8
1774130692.1782653,440.6700,5,440.2000,5,0.0000,0,0.0000,0,0.0000,0,0.0000,0,0.0000,0,0.0000,0,0.0000,0,0.0000,0,443.1600,3,443.8600,2,443.9500,7,444.0700,11,444.6200,1,444.6900,3,445.3400,9,446.3400,9,446.3500,8,446.3600,7
1774130693.1839116,440.6700,4,440.2000,5,0.0000,0,0.0000,0,0.0000,0,0.0000,0,0.0000,0,0.0000,0,0.0000,0,0.0000,0,443.1600,3,443.8600,2,443.9500,7,444.0700,11,444.6200,1,444.6900,3,445.3400,9,446.3400,9,446.3500,8,446.3600,7
1774130694.1847672,440.6700,3,440.4200,3,440.2000,5,0.0000,0,0.0000,0,0.0000,0,0.0000,0,0.0000,0,0.0000,0,0.0000,0,442.4700,3,443.1600,3,443.8600,2,443.9500,7,444.0700,11,444.6200,1,444.6900,3,445.3400,9,446.3400,9,446.3500,8
1774130695.188791,440.6700,3,440.4200,3,440.2000,5,0.0000,0,0.0000,0,0.0000,0,0.0000,0,0.0000,0,0.0000,0,0.0000,0,442.4700,6,443.1600,3,443.8600,2,443.9500,7,444.0700,11,444.6200,1,444.6900,3,445.3400,9,446.3400,9,446.3500,8
1774130696.1971047,440.6700,3,440.4200,3,440.2000,5,0.0000,0,0.0000,0,0.0000,0,0.0000,0,0.0000,0,0.0000,0,0.0000,0,442.4700,6,443.1600,3,443.8600,2,443.9500,7,444.0700,11,444.6200,1,444.6900,3,445.3400,9,446.3400,9,446.3500,8
1774130697.2016494,440.6700,3,440.4200,3,440.2000,5,0.0000,0,0.0000,0,0.0000,0,0.0000,0,0.0000,0,0.0000,0,0.0000,0,442.4700,6,443.1600,3,443.8600,2,443.9500,7,444.0700,11,444.6200,1,444.6900,3,445.3400,9,446.3400,9,446.3500,8
1774130698.2091682,440.6700,3,440.4200,3,440.2000,5,0.0000,0,0.0000,0,0.0000,0,0.0000,0,0.0000,0,0.0000,0,0.0000,0,442.4700,6,443.1600,3,443.8600,2,443.9500,7,444.0700,11,444.6200,1,444.6900,3,445.3400,9,446.3400,9,446.3500,8
1774130699.2151082,440.6700,3,440.4200,3,440.2000,5,0.0000,0,0.0000,0,0.0000,0,0.0000,0,0.0000,0,0.0000,0,0.0000,0,442.4700,10,443.1600,3,443.8600,2,443.9500,7,444.0700,11,444.6200,1,444.6900,3,445.3400,9,446.3400,9,446.3500,8
1774130700.2167287,441.2400,1,440.6700,3,440.4200,3,440.2000,5,0.0000,0,0.0000,0,0.0000,0,0.0000,0,0.0000,0,0.0000,0,442.4700,9,443.1600,3,443.8600,2,443.9500,7,444.0700,11,444.6200,1,444.6900,3,445.3400,9,446.3400,9,446.3500,8
1774130701.224771,441.3400,1,441.2400,1,440.6700,3,440.4200,3,440.2000,5,0.0000,0,0.0000,0,0.0000,0,0.0000,0,0.0000,0,442.4700,9,443.1600,3,443.8600,2,443.9500,7,444.0700,11,444.6200,1,444.6900,3,445.3400,9,446.3400,9,446.3500,8
1774130702.2301798,441.3400,1,441.2400,1,440.6700,3,440.4200,3,440.2000,5,0.0000,0,0.0000,0,0.0000,0,0.0000,0,0.0000,0,442.4700,9,443.1600,3,443.8600,2,443.9500,7,444.0700,11,444.6200,1,444.6900,3,445.3400,9,446.3400,9,446.3500,8
1774130703.2379007,441.0100,1,440.6700,5,440.4200,3,440.2000,5,0.0000,0,0.0000,0,0.0000,0,0.0000,0,0.0000,0,0.0000,0,442.4700,9,443.1600,3,443.8600,2,443.9500,7,444.0700,11,444.6200,1,444.6900,3,445.3400,9,446.3400,9,446.3500,8
1774130704.2412746,440.6700,6,440.4200,3,440.2000,5,0.0000,0,0.0000,0,0.0000,0,0.0000,0,0.0000,0,0.0000,0,0.0000,0,442.4700,9,443.1600,3,443.8600,2,443.9500,7,444.0700,11,444.6200,1,444.6900,3,445.3400,9,446.3400,9,446.3500,8
1774130705.2440417,440.2000,5,0.0000,0,0.0000,0,0.0000,0,0.0000,0,0.0000,0,0.0000,0,0.0000,0,0.0000,0,0.0000,0,442.4700,9,443.1600,3,443.8600,2,443.9500,7,444.0700,11,444.6200,1,444.6900,3,445.3400,9,446.3400,9,446.3500,8
1774130706.2536669,440.2000,5,0.0000,0,0.0000,0,0.0000,0,0.0000,0,0.0000,0,0.0000,0,0.0000,0,0.0000,0,0.0000,0,442.4700,10,443.1600,3,443.8600,2,443.9500,7,444.0700,11,444.6200,1,444.6900,3,445.3400,9,446.3400,9,446.3500,8
1774130707.2631612,440.2000,5,0.0000,0,0.0000,0,0.0000,0,0.0000,0,0.0000,0,0.0000,0,0.0000,0,0.0000,0,0.0000,0,442.4700,11,443.1600,3,443.8600,2,443.9500,7,444.0700,11,444.6200,1,444.6900,3,445.3400,9,446.3400,9,446.3500,8
1774130708.264892,440.2000,5,0.0000,0,0.0000,0,0.0000,0,0.0000,0,0.0000,0,0.0000,0,0.0000,0,0.0000,0,0.0000,0,442.4700,11,443.1600,3,443.8600,2,443.9500,7,444.0700,11,444.6200,1,444.6900,3,445.3400,9,446.3400,9,446.3500,8
1774130709.2695284,440.2000,5,0.0000,0,0.0000,0,0.0000,0,0.0000,0,0.0000,0,0.0000,0,0.0000,0,0.0000,0,0.0000,0,442.4500,3,442.4600,3,442.4700,11,443.1600,3,443.8600,2,443.9500,7,444.0700,11,444.6200,1,444.6900,3,445.3400,9
1774130710.2712343,440.2000,5,0.0000,0,0.0000,0,0.0000,0,0.0000,0,0.0000,0,0.0000,0,0.0000,0,0.0000,0,0.0000,0,442.4400,3,442.4500,7,442.4600,3,442.4700,11,443.1600,3,443.8600,2,443.9500,7,444.0700,11,444.6200,1,444.6900,3
1774130711.2740817,440.0200,1,440.0000,6,0.0000,0,0.0000,0,0.0000,0,0.0000,0,0.0000,0,0.0000,0,0.0000,0,0.0000,0,442.4500,8,442.4600,3,442.4700,11,443.1600,3,443.8600,2,443.9500,7,444.0700,11,444.6200,1,444.6900,3,445.3400,9
1774130712.2783694,440.0000,6,0.0000,0,0.0000,0,0.0000,0,0.0000,0,0.0000,0,0.0000,0,0.0000,0,0.0000,0,0.0000,0,442.4500,8,442.4600,3,442.4700,11,443.1600,3,443.8600,2,443.9500,7,444.0700,11,444.6200,1,444.6900,3,445.3400,9
1774130713.2891338,440.0000,6,0.0000,0,0.0000,0,0.0000,0,0.0000,0,0.0000,0,0.0000,0,0.0000,0,0.0000,0,0.0000,0,442.4500,7,442.4600,3,442.4700,11,443.1600,3,443.8600,2,443.9500,7,444.0700,11,444.6200,1,444.6900,3,445.3400,9
1774130714.294102,440.0000,6,0.0000,0,0.0000,0,0.0000,0,0.0000,0,0.0000,0,0.0000,0,0.0000,0,0.0000,0,0.0000,0,442.4500,7,442.4600,3,442.4700,11,443.1600,3,443.8600,2,443.9500,7,444.0700,11,444.6200,1,444.6900,3,445.3400,9
1774130715.3018699,440.0000,6,0.0000,0,0.0000,0,0.0000,0,0.0000,0,0.0000,0,0.0000,0,0.0000,0,0.0000,0,0.0000,0,442.4400,10,442.4500,7,442.4600,3,442.4700,11,443.1600,3,443.8600,2,443.9500,7,444.0700,11,444.6200,1,444.6900,3
1774130716.306892,439.6700,3,0.0000,0,0.0000,0,0.0000,0,0.0000,0,0.0000,0,0.0000,0,0.0000,0,0.0000,0,0.0000,0,441.2200,3,442.4300,3,442.4400,10,442.4500,7,442.4600,3,442.4700,11,443.1600,3,443.8600,2,443.9500,7,444.0700,11
1774130717.3089938,439.6700,3,0.0000,0,0.0000,0,0.0000,0,0.0000,0,0.0000,0,0.0000,0,0.0000,0,0.0000,0,0.0000,0,441.2200,4,442.4300,3,442.4400,10,442.4500,7,442.4600,3,442.4700,11,443.1600,3,443.8600,2,443.9500,7,444.0700,11
1774130718.3159542,439.6700,3,0.0000,0,0.0000,0,0.0000,0,0.0000,0,0.0000,0,0.0000,0,0.0000,0,0.0000,0,0.0000,0,441.2200,4,442.4300,3,442.4400,10,442.4500,7,442.4600,3,442.4700,11,443.1600,3,443.8600,2,443.9500,7,444.0700,11
1774130719.3227255,440.0000,1,439.6700,3,0.0000,0,0.0000,0,0.0000,0,0.0000,0,0.0000,0,0.0000,0,0.0000,0,0.0000,0,441.2200,5,442.4300,3,442.4400,10,442.4500,7,442.4600,3,442.4700,11,443.1600,3,443.8600,2,443.9500,7,444.0700,11
1774130720.3294003,438.8800,2,0.0000,0,0.0000,0,0.0000,0,0.0000,0,0.0000,0,0.0000,0,0.0000,0,0.0000,0,0.0000,0,441.2200,6,442.4300,3,442.4400,10,442.4500,7,442.4600,3,442.4700,11,443.1600,3,443.8600,2,443.9500,7,444.0700,11
1774130721.3306043,438.8800,2,0.0000,0,0.0000,0,0.0000,0,0.0000,0,0.0000,0,0.0000,0,0.0000,0,0.0000,0,0.0000,0,441.2200,7,442.4300,3,442.4400,10,442.4500,7,442.4600,3,442.4700,11,443.1600,3,443.8600,2,443.9500,7,444.0700,11
1774130722.3341165,438.8800,2,0.0000,0,0.0000,0,0.0000,0,0.0000,0,0.0000,0,0.0000,0,0.0000,0,0.0000,0,0.0000,0,441.2200,7,442.4300,3,442.4400,10,442.4500,7,442.4600,3,442.4700,11,443.1600,3,443.8600,2,443.9500,7,444.0700,11
1774130723.3424923,438.8800,2,0.0000,0,0.0000,0,0.0000,0,0.0000,0,0.0000,0,0.0000,0,0.0000,0,0.0000,0,0.0000,0,441.2200,6,442.4300,3,442.4400,10,442.4500,7,442.4600,3,442.4700,11,443.1600,3,443.8600,2,443.9500,7,444.0700,11
1774130724.3471403,438.8800,2,0.0000,0,0.0000,0,0.0000,0,0.0000,0,0.0000,0,0.0000,0,0.0000,0,0.0000,0,0.0000,0,441.2200,6,442.4300,3,442.4400,10,442.4500,7,442.4600,3,442.4700,11,443.1600,3,443.8600,2,443.9500,7,444.0700,11
1774130725.3474598,438.8800,5,0.0000,0,0.0000,0,0.0000,0,0.0000,0,0.0000,0,0.0000,0,0.0000,0,0.0000,0,0.0000,0,441.2200,6,442.4300,3,442.4400,10,442.4500,7,442.4600,3,442.4700,11,443.1600,3,443.8600,2,443.9500,7,444.0700,11
1774130726.3561037,438.8800,8,0.0000,0,0.0000,0,0.0000,0,0.0000,0,0.0000,0,0.0000,0,0.0000,0,0.0000,0,0.0000,0,441.2200,6,442.4300,3,442.4400,10,442.4500,7,442.4600,3,442.4700,11,443.1600,3,443.8600,2,443.9500,7,444.0700,11
1774130727.366214,438.8800,8,0.0000,0,0.0000,0,0.0000,0,0.0000,0,0.0000,0,0.0000,0,0.0000,0,0.0000,0,0.0000,0,441.2200,6,442.4300,3,442.4400,10,442.4500,7,442.4600,3,442.4700,11,443.1600,3,443.8600,2,443.9500,7,444.0700,11
1774130728.3668888,438.8800,8,0.0000,0,0.0000,0,0.0000,0,0.0000,0,0.0000,0,0.0000,0,0.0000,0,0.0000,0,0.0000,0,441.2200,6,442.4300,3,442.4400,10,442.4500,7,442.4600,3,442.4700,11,443.1600,3,443.8600,2,443.9500,7,444.0700,11
1774130729.3747385,438.8800,8,0.0000,0,0.0000,0,0.0000,0,0.0000,0,0.0000,0,0.0000,0,0.0000,0,0.0000,0,0.0000,0,441.2200,6,442.4300,3,442.4400,10,442.4500,7,442.4600,3,442.4700,11,443.1600,3,443.8600,2,443.9500,7,444.0700,11
1774130730.3755457,438.8800,8,0.0000,0,0.0000,0,0.0000,0,0.0000,0,0.0000,0,0.0000,0,0.0000,0,0.0000,0,0.0000,0,441.2200,6,442.4300,3,442.4400,10,442.4500,7,442.4600,3,442.4700,11,443.1600,3,443.8600,2,443.9500,7,444.0700,11
1774130731.3758392,439.5200,3,438.8800,8,0.0000,0,0.0000,0,0.0000,0,0.0000,0,0.0000,0,0.0000,0,0.0000,0,0.0000,0,441.2200,6,442.4300,3,442.4400,10,442.4500,7,442.4600,3,442.4700,11,443.1600,3,443.8600,2,443.9500,7,444.0700,11
1774130732.3784902,438.8800,7,0.0000,0,0.0000,0,0.0000,0,0.0000,0,0.0000,0,0.0000,0,0.0000,0,0.0000,0,0.0000,0,441.5700,5,442.4800,3,443.1600,3,443.8600,2,443.9500,7,444.0700,11,444.6200,1,444.6900,3,445.3400,9,446.3400,9
1774130733.3857212,438.8800,7,0.0000,0,0.0000,0,0.0000,0,0.0000,0,0.0000,0,0.0000,0,0.0000,0,0.0000,0,0.0000,0,441.5700,5,442.4800,3,443.1600,3,443.8600,2,443.9500,7,444.0700,11,444.6200,1,444.6900,3,445.3400,9,446.3400,9
1774130734.3949163,438.8800,7,0.0000,0,0.0000,0,0.0000,0,0.0000,0,0.0000,0,0.0000,0,0.0000,0,0.0000,0,0.0000,0,441.5700,6,442.4800,3,443.1600,3,443.8600,2,443.9500,7,444.0700,11,444.6200,1,444.6900,3,445.3400,9,446.3400,9
1774130735.4020343,438.8800,7,0.0000,0,0.0000,0,0.0000,0,0.0000,0,0.0000,0,0.0000,0,0.0000,0,0.0000,0,0.0000,0,441.5700,6,442.4800,3,443.1600,3,443.8600,2,443.9500,7,444.0700,11,444.6200,1,444.6900,3,445.3400,9,446.3400,9
1774130736.4046497,438.8800,7,0.0000,0,0.0000,0,0.0000,0,0.0000,0,0.0000,0,0.0000,0,0.0000,0,0.0000,0,0.0000,0,441.5700,6,442.4800,3,443.1600,3,443.8600,2,443.9500,7,444.0700,11,444.6200,1,444.6900,3,445.3400,9,446.3400,9
1774130737.4063795,438.8800,7,0.0000,0,0.0000,0,0.0000,0,0.0000,0,0.0000,0,0.0000,0,0.0000,0,0.0000,0,0.0000,0,441.5700,6,442.4800,3,443.1600,3,443.8600,2,443.9500,7,444.0700,11,444.6200,1,444.6900,3,445.3400,9,446.3400,9
1774130738.411705,438.8800,7,0.0000,0,0.0000,0,0.0000,0,0.0000,0,0.0000,0,0.0000,0,0.0000,0,0.0000,0,0.0000,0,441.5700,6,442.4800,3,443.1600,3,443.8600,2,443.9500,7,444.0700,11,444.6200,1,444.6900,3,445.3400,9,446.3400,9
1774130739.4124749,438.9000,3,438.8900,5,438.8800,7,0.0000,0,0.0000,0,0.0000,0,0.0000,0,0.0000,0,0.0000,0,0.0000,0,441.6200,2,442.4800,3,443.1600,3,443.8600,2,443.9500,7,444.0700,11,444.6200,1,444.6900,3,445.3400,9,446.3400,9
1774130740.418427,438.9000,3,438.8900,5,438.8800,7,0.0000,0,0.0000,0,0.0000,0,0.0000,0,0.0000,0,0.0000,0,0.0000,0,441.6200,4,442.4800,3,443.1600,3,443.8600,2,443.9500,7,444.0700,11,444.6200,1,444.6900,3,445.3400,9,446.3400,9
1774130741.4218554,440.2600,2,438.9000,3,438.8900,5,438.8800,7,0.0000,0,0.0000,0,0.0000,0,0.0000,0,0.0000,0,0.0000,0,441.6200,6,442.4800,3,443.1600,3,443.8600,2,443.9500,7,444.0700,11,444.6200,1,444.6900,3,445.3400,9,446.3400,9
1774130742.42415,440.2600,2,438.9000,3,438.8900,5,438.8800,7,0.0000,0,0.0000,0,0.0000,0,0.0000,0,0.0000,0,0.0000,0,441.6200,6,442.4800,3,443.1600,3,443.8600,2,443.9500,7,444.0700,11,444.6200,1,444.6900,3,445.3400,9,446.3400,9
1774130743.4287586,439.3300,3,438.9000,3,438.8900,5,438.8800,7,0.0000,0,0.0000,0,0.0000,0,0.0000,0,0.0000,0,0.0000,0,441.4700,3,441.6200,5,442.4800,3,443.1600,3,443.8600,2,443.9500,7,444.0700,11,444.6200,1,444.6900,3,445.3400,9
1774130744.436147,439.3300,3,438.9000,3,438.8900,5,438.8800,7,0.0000,0,0.0000,0,0.0000,0,0.0000,0,0.0000,0,0.0000,0,441.6200,5,442.4800,3,443.1600,3,443.8600,2,443.9500,7,444.0700,11,444.6200,1,444.6900,3,445.3400,9,446.3400,9
1774130745.4443507,439.3300,3,438.9000,3,438.8900,5,438.8800,7,0.0000,0,0.0000,0,0.0000,0,0.0000,0,0.0000,0,0.0000,0,441.6200,5,442.4800,3,443.1600,3,443.8600,2,443.9500,7,444.0700,11,444.6200,1,444.6900,3,445.3400,9,446.3400,9
1774130746.4526782,439.3300,6,438.9000,3,438.8900,5,438.8800,7,0.0000,0,0.0000,0,0.0000,0,0.0000,0,0.0000,0,0.0000,0,441.4700,1,441.6200,4,442.4800,3,443.1600,3,443.8600,2,443.9500,7,444.0700,11,444.6200,1,444.6900,3,445.3400,9
1774130747.4628425,439.3300,6,438.9000,3,438.8900,5,438.8800,7,0.0000,0,0.0000,0,0.0000,0,0.0000,0,0.0000,0,0.0000,0,441.4700,2,441.6200,4,442.4800,3,443.1600,3,443.8600,2,443.9500,7,444.0700,11,444.6200,1,444.6900,3,445.3400,9
1774130748.4682262,439.9400,3,439.3300,6,438.9000,3,438.8900,5,438.8800,7,0.0000,0,0.0000,0,0.0000,0,0.0000,0,0.0000,0,441.4700,2,441.6200,4,442.4800,3,443.1600,3,443.8600,2,443.9500,7,444.0700,11,444.6200,1,444.6900,3,445.3400,9
1774130749.4774938,440.7100,1,440.7000,1,440.5000,3,439.9400,3,439.3300,6,438.9000,3,438.8900,5,438.8800,7,0.0000,0,0.0000,0,441.4700,2,441.6200,4,442.4800,3,443.1600,3,443.8600,2,443.9500,7,444.0700,11,444.6200,1,444.6900,3,445.3400,9
1774130750.4794953,440.7100,1,440.7000,1,440.5000,3,439.9400,3,439.3300,6,438.9000,3,438.8900,5,438.8800,7,0.0000,0,0.0000,0,441.4700,6,441.6200,4,442.4800,3,443.1600,3,443.8600,2,443.9500,7,444.0700,11,444.6200,1,444.6900,3,445.3400,9
1774130751.4856043,440.7100,4,440.7000,1,440.5000,3,439.9400,3,439.3300,6,438.9000,3,438.8900,5,438.8800,7,0.0000,0,0.0000,0,442.8100,3,443.1600,3,443.8600,2,443.9500,7,444.0700,11,444.6200,1,444.6900,3,445.3400,9,446.3400,9,446.3500,8
1774130752.486559,441.5600,1,440.7100,4,440.7000,1,440.5000,3,439.9400,3,439.3300,6,438.9000,3,438.8900,5,438.8800,7,0.0000,0,442.8100,3,443.1600,3,443.8600,2,443.9500,7,444.0700,11,444.6200,1,444.6900,3,445.3400,9,446.3400,9,446.3500,8
1774130753.496392,441.5600,1,440.7100,4,440.7000,1,440.5000,3,439.9400,3,439.3300,6,438.9000,3,438.8900,5,438.8800,7,0.0000,0,442.8100,3,443.1600,3,443.8600,2,443.9500,7,444.0700,11,444.6200,1,444.6900,3,445.3400,9,446.3400,9,446.3500,8
1774130754.504089,441.5700,3,441.5600,5,440.7100,4,440.7000,1,440.5000,3,439.9400,3,439.3300,6,438.9000,3,438.8900,5,438.8800,7,444.4200,3,444.5400,1,444.6200,1,444.6900,3,445.3400,9,446.3400,9,446.3500,8,446.3600,7,447.2800,7,448.0800,9
1774130755.5073547,442.0200,1,441.5700,3,441.5600,5,440.7100,4,440.7000,1,440.5000,3,439.9400,3,439.3300,6,438.9000,3,438.8900,5,444.4200,3,444.5400,1,444.6200,1,444.6900,3,445.3400,9,446.3400,9,446.3500,8,446.3600,7,447.2800,7,448.0800,9
1774130756.509308,442.0200,3,441.5700,3,441.5600,5,440.7100,4,440.7000,1,440.5000,3,439.9400,3,439.3300,6,438.9000,3,438.8900,5,444.4200,3,444.5400,1,444.6200,1,444.6900,3,445.3400,9,446.3400,9,446.3500,8,446.3600,7,447.2800,7,448.0800,9
1774130757.5133402,442.0200,3,441.5700,3,441.5600,5,440.7100,4,440.7000,1,440.5000,3,439.9400,3,439.3300,6,438.9000,3,438.8900,5,444.4200,3,444.5400,1,444.6200,1,444.6900,3,445.3400,9,446.3400,9,446.3500,8,446.3600,7,447.2800,7,448.0800,9
1774130758.515908,442.0200,4,441.5700,3,441.5600,5,440.7100,4,440.7000,1,440.5000,3,439.9400,3,439.3300,6,438.9000,3,438.8900,5,444.4200,4,444.5400,1,444.6200,1,444.6900,3,445.3400,9,446.3400,9,446.3500,8,446.3600,7,447.2800,7,448.0800,9
1774130759.5255353,442.0200,5,441.5700,3,441.5600,5,440.7100,4,440.7000,1,440.5000,3,439.9400,3,439.3300,6,438.9000,3,438.8900,5,444.4200,4,444.5400,1,444.6200,1,444.6900,3,445.3400,9,446.3400,9,446.3500,8,446.3600,7,447.2800,7,448.0800,9
1774130760.5336928,442.0200,5,441.5700,3,441.5600,5,440.7100,4,440.7000,1,440.5000,3,439.9400,3,439.3300,6,438.9000,3,438.8900,5,444.4200,4,444.5400,1,444.6200,1,444.6900,3,445.3400,9,446.3400,9,446.3500,8,446.3600,7,447.2800,7,448.0800,9
1774130761.5349715,441.5600,4,440.7100,4,440.7000,1,440.5000,3,439.9400,3,439.3300,6,438.9000,3,438.8900,5,438.8800,7,0.0000,0,442.8100,6,444.4200,4,444.5400,1,444.6200,1,444.6900,3,445.3400,9,446.3400,9,446.3500,8,446.3600,7,447.2800,7
1774130762.5402577,441.5600,4,440.7100,4,440.7000,1,440.5000,3,439.9400,3,439.3300,6,438.9000,3,438.8900,5,438.8800,7,0.0000,0,442.8100,6,444.4200,4,444.5400,1,444.6200,1,444.6900,3,445.3400,9,446.3400,9,446.3500,8,446.3600,7,447.2800,7
1774130763.543392,441.5600,4,440.7100,4,440.7000,1,440.5000,3,439.9400,3,439.3300,6,438.9000,3,438.8900,5,438.8800,7,0.0000,0,442.0600,2,442.8100,8,444.4200,4,444.5400,1,444.6200,1,444.6900,3,445.3400,9,446.3400,9,446.3500,8,446.3600,7
1774130764.5455558,441.5600,4,440.7100,4,440.7000,1,440.5000,3,439.9400,3,439.3300,6,438.9000,3,438.8900,5,438.8800,7,0.0000,0,442.8100,8,444.4200,4,444.5400,1,444.6200,1,444.6900,3,445.3400,9,446.3400,9,446.3500,8,446.3600,7,447.2800,7
1774130765.5567937,441.5600,4,440.7100,4,440.7000,1,440.5000,3,439.9400,3,439.3300,6,438.9000,3,438.8900,5,438.8800,7,0.0000,0,442.8100,7,444.4200,4,444.5400,1,444.6200,1,444.6900,3,445.3400,9,446.3400,9,446.3500,8,446.3600,7,447.2800,7
1774130766.5589447,441.5600,4,440.7100,4,440.7000,1,440.5000,3,439.9400,3,439.3300,6,438.9000,3,438.8900,5,438.8800,7,0.0000,0,444.4200,6,444.5400,1,444.6200,1,444.6900,3,445.3400,9,446.3400,9,446.3500,8,446.3600,7,447.2800,7,448.0800,9
1774130767.5629432,441.5600,4,440.7100,4,440.7000,1,440.5000,3,439.9400,3,439.3300,6,438.9000,3,438.8900,5,438.8800,7,0.0000,0,444.4200,7,444.5400,1,444.6200,1,444.6900,3,445.3400,9,446.3400,9,446.3500,8,446.3600,7,447.2800,7,448.0800,9
1774130768.5704458,441.5600,4,440.7100,4,440.7000,1,440.5000,3,439.9400,3,439.3300,6,438.9000,3,438.8900,5,438.8800,7,0.0000,0,444.4200,7,444.5400,1,444.6200,1,444.6900,3,445.3400,9,446.3400,9,446.3500,8,446.3600,7,447.2800,7,448.0800,9
1774130769.5769696,441.5600,4,440.7100,4,440.7000,1,440.5000,3,439.9400,3,439.3300,6,438.9000,3,438.8900,5,438.8800,7,0.0000,0,444.4200,7,444.5400,1,444.6200,1,444.6900,3,445.3400,9,446.3400,9,446.3500,8,446.3600,7,447.2800,7,448.0800,9
1774130770.5836558,441.5600,4,440.7100,4,440.7000,1,440.5000,3,439.9400,3,439.3300,6,438.9000,3,438.8900,5,438.8800,7,0.0000,0,444.4200,6,444.5400,1,444.6200,1,444.6900,3,445.3400,9,446.3400,9,446.3500,8,446.3600,7,447.2800,7,448.0800,9
1774130771.589301,441.5600,4,440.7100,4,440.7000,1,440.5000,3,439.9400,3,439.3300,6,438.9000,3,438.8900,5,438.8800,7,0.0000,0,444.4200,7,444.5400,1,444.6200,1,444.6900,3,445.3400,9,446.3400,9,446.3500,8,446.3600,7,447.2800,7,448.0800,9
1774130772.5918767,441.5600,4,440.7100,4,440.7000,1,440.5000,3,439.9400,3,439.3300,6,438.9000,3,438.8900,5,438.8800,7,0.0000,0,444.4200,7,444.5400,1,444.6200,1,444.6900,3,445.3400,9,446.3400,9,446.3500,8,446.3600,7,447.2800,7,448.0800,9
1774130773.5949445,441.5600,5,440.7100,4,440.7000,1,440.5000,3,439.9400,3,439.3300,6,438.9000,3,438.8900,5,438.8800,7,0.0000,0,444.4200,7,444.5400,1,444.6200,1,444.6900,3,445.3400,9,446.3400,9,446.3500,8,446.3600,7,447.2800,7,448.0800,9
1774130774.6032217,441.5600,5,440.7100,4,440.7000,1,440.5000,3,439.9400,3,439.3300,6,438.9000,3,438.8900,5,438.8800,7,0.0000,0,444.4200,7,444.5400,1,444.6200,1,444.6900,3,445.3400,9,446.3400,9,446.3500,8,446.3600,7,447.2800,7,448.0800,9
1774130775.6065068,441.5600,5,440.7100,4,440.7000,1,440.5000,3,439.9400,3,439.3300,6,438.9000,3,438.8900,5,438.8800,7,0.0000,0,444.4200,7,444.5400,1,444.6200,1,444.6900,3,445.3400,9,446.3400,9,446.3500,8,446.3600,7,447.2800,7,448.0800,9
1774130776.6121805,441.5700,3,441.5600,7,440.7100,4,440.7000,1,440.5000,3,439.9400,3,439.3300,6,438.9000,3,438.8900,5,438.8800,7,444.4200,7,444.5400,1,444.6200,1,444.6900,3,445.3400,9,446.3400,9,446.3500,8,446.3600,7,447.2800,7,448.0800,9
1774130777.6141443,441.5700,3,441.5600,7,440.7100,4,440.7000,1,440.5000,3,439.9400,3,439.3300,6,438.9000,3,438.8900,5,438.8800,7,444.4200,7,444.5400,1,444.6200,1,444.6900,3,445.3400,9,446.3400,9,446.3500,8,446.3600,7,447.2800,7,448.0800,9
1774130778.625303,441.5700,3,441.5600,7,440.7100,4,440.7000,1,440.5000,3,439.9400,3,439.3300,6,438.9000,3,438.8900,5,438.8800,7,444.4200,7,444.5400,1,444.6200,1,444.6900,3,445.3400,9,446.3400,9,446.3500,8,446.3600,7,447.2800,7,448.0800,9
1774130779.6253593,441.5800,5,441.5700,3,441.5600,7,440.7100,4,440.7000,1,440.5000,3,439.9400,3,439.3300,6,438.9000,3,438.8900,5,444.4200,6,444.5400,1,444.6200,1,444.6900,3,445.3400,9,446.3400,9,446.3500,8,446.3600,7,447.2800,7,448.0800,9
1774130780.6352894,441.5800,5,441.5700,3,441.5600,7,440.7100,4,440.7000,1,440.5000,3,439.9400,3,439.3300,6,438.9000,3,438.8900,5,444.4200,6,444.5400,1,444.6200,1,444.6900,3,445.3400,9,446.3400,9,446.3500,8,446.3600,7,447.2800,7,448.0800,9
1774130781.6430695,441.5800,5,441.5700,3,441.5600,7,440.7100,4,440.7000,1,440.5000,3,439.9400,3,439.3300,6,438.9000,3,438.8900,5,444.4200,6,444.5400,1,444.6200,1,444.6900,3,445.3400,9,446.3400,9,446.3500,8,446.3600,7,447.2800,7,448.0800,9
1774130782.6478782,441.5800,5,441.5700,3,441.5600,7,440.7100,4,440.7000,1,440.5000,3,439.9400,3,439.3300,6,438.9000,3,438.8900,5,444.4200,7,444.5400,1,444.6200,1,444.6900,3,445.3400,9,446.3400,9,446.3500,8,446.3600,7,447.2800,7,448.0800,9
1774130783.651001,441.9400,3,441.5800,5,441.5700,3,441.5600,7,440.7100,4,440.7000,1,440.5000,3,439.9400,3,439.3300,6,438.9000,3,444.4200,7,444.5400,1,444.6200,1,444.6900,3,445.3400,9,446.3400,9,446.3500,8,446.3600,7,447.2800,7,448.0800,9
1774130784.655773,441.9400,3,441.5800,5,441.5700,3,441.5600,7,440.7100,4,440.7000,1,440.5000,3,439.9400,3,439.3300,6,438.9000,3,444.4200,7,444.5400,1,444.6200,1,444.6900,3,445.3400,9,446.3400,9,446.3500,8,446.3600,7,447.2800,7,448.0800,9
1774130785.6604407,441.9400,3,441.5800,5,441.5700,3,441.5600,7,440.7100,4,440.7000,1,440.5000,3,439.9400,3,439.3300,6,438.9000,3,443.9500,3,444.4200,7,444.5400,1,444.6200,1,444.6900,3,445.3400,9,446.3400,9,446.3500,8,446.3600,7,447.2800,7
1774130786.666131,441.9400,3,441.5800,5,441.5700,3,441.5600,7,440.7100,4,440.7000,1,440.5000,3,439.9400,3,439.3300,6,438.9000,3,443.6700,7,443.9500,3,444.4200,7,444.5400,1,444.6200,1,444.6900,3,445.3400,9,446.3400,9,446.3500,8,446.3600,7
1774130787.6673534,441.9400,3,441.5800,5,441.5700,3,441.5600,7,440.7100,4,440.7000,1,440.5000,3,439.9400,3,439.3300,6,438.9000,3,443.6700,7,443.9500,3,444.4200,7,444.5400,1,444.6200,1,444.6900,3,445.3400,9,446.3400,9,446.3500,8,446.3600,7
1774130788.6702187,441.9400,5,441.5800,5,441.5700,3,441.5600,7,440.7100,4,440.7000,1,440.5000,3,439.9400,3,439.3300,6,438.9000,3,443.6700,7,443.9500,3,444.4200,7,444.5400,1,444.6200,1,444.6900,3,445.3400,9,446.3400,9,446.3500,8,446.3600,7
1774130789.680993,441.9400,5,441.5800,5,441.5700,3,441.5600,7,440.7100,4,440.7000,1,440.5000,3,439.9400,3,439.3300,6,438.9000,3,443.6700,7,443.9500,3,444.4200,7,444.5400,1,444.6200,1,444.6900,3,445.3400,9,446.3400,9,446.3500,8,446.3600,7
1774130790.68707,441.9400,5,441.5800,5,441.5700,3,441.5600,7,440.7100,4,440.7000,1,440.5000,3,439.9400,3,439.3300,6,438.9000,3,443.6700,7,443.9500,3,444.4200,7,444.5400,1,444.6200,1,444.6900,3,445.3400,9,446.3400,9,446.3500,8,446.3600,7
1774130791.6878848,441.9400,5,441.5800,5,441.5700,3,441.5600,7,440.7100,4,440.7000,1,440.5000,3,439.9400,3,439.3300,6,438.9000,3,443.6700,7,443.9500,3,444.4200,7,444.5400,1,444.6200,1,444.6900,3,445.3400,9,446.3400,9,446.3500,8,446.3600,7
1774130792.6881554,440.7700,4,440.7100,4,440.7000,1,440.5000,3,439.9400,3,439.3300,6,438.9000,3,438.8900,5,438.8800,7,0.0000,0,443.6700,8,443.9500,3,444.4200,7,444.5400,1,444.6200,1,444.6900,3,445.3400,9,446.3400,9,446.3500,8,446.3600,7
1774130793.6920564,440.7700,4,440.7100,4,440.7000,1,440.5000,3,439.9400,3,439.3300,6,438.9000,3,438.8900,5,438.8800,7,0.0000,0,443.6700,8,443.9500,3,444.4200,7,444.5400,1,444.6200,1,444.6900,3,445.3400,9,446.3400,9,446.3500,8,446.3600,7
1774130794.7026606,440.7700,4,440.7100,4,440.7000,1,440.5000,3,439.9400,3,439.3300,6,438.9000,3,438.8900,5,438.8800,7,0.0000,0,443.6700,8,443.9500,3,444.4200,7,444.5400,1,444.6200,1,444.6900,3,445.3400,9,446.3400,9,446.3500,8,446.3600,7
1774130795.7072785,440.7700,4,440.7100,4,440.7000,1,440.5000,3,439.9400,3,439.3300,6,438.9000,3,438.8900,5,438.8800,7,0.0000,0,443.6700,8,443.9500,3,444.4200,7,444.5400,1,444.6200,1,444.6900,3,445.3400,9,446.3400,9,446.3500,8,446.3600,7
1774130796.715181,440.7700,4,440.7100,4,440.7000,1,440.5000,3,439.9400,3,439.3300,6,438.9000,3,438.8900,5,438.8800,7,0.0000,0,443.6700,8,443.9500,3,444.4200,7,444.5400,1,444.6200,1,444.6900,3,445.3400,9,446.3400,9,446.3500,8,446.3600,7
1774130797.722688,440.7700,4,440.7100,4,440.7000,1,440.5000,3,439.9400,3,439.3300,6,438.9000,3,438.8900,5,438.8800,7,0.0000,0,443.6700,8,443.9500,3,444.4200,7,444.5400,1,444.6200,1,444.6900,3,445.3400,9,446.3400,9,446.3500,8,446.3600,7
1774130798.7228563,440.7700,4,440.7100,4,440.7000,1,440.5000,3,439.9400,3,439.3300,6,438.9000,3,438.8900,5,438.8800,7,0.0000,0,443.6700,8,443.9500,3,444.4200,7,444.5400,1,444.6200,1,444.6900,3,445.3400,9,446.3400,9,446.3500,8,446.3600,7
1774130799.7233965,440.7700,4,440.7100,4,440.7000,1,440.5000,3,439.9400,3,439.3300,6,438.9000,3,438.8900,5,438.8800,7,0.0000,0,443.6700,8,443.9500,3,444.4200,7,444.5400,1,444.6200,1,444.6900,3,445.3400,9,446.3400,9,446.3500,8,446.3600,7
1774130800.7255394,440.7700,4,440.7100,4,440.7000,1,440.5000,3,439.9400,3,439.3300,6,438.9000,3,438.8900,5,438.8800,7,0.0000,0,443.6700,8,443.9500,3,444.4200,7,444.5400,1,444.6200,1,444.6900,3,445.3400,9,446.3400,9,446.3500,8,446.3600,7
1774130801.7358036,440.5200,3,440.5000,3,439.9400,3,439.3300,6,438.9000,3,438.8900,5,438.8800,7,0.0000,0,0.0000,0,0.0000,0,443.6600,3,443.6700,8,443.9500,3,444.4200,7,444.5400,1,444.6200,1,444.6900,3,445.3400,9,446.3400,9,446.3500,8
1774130802.7406752,440.5200,3,440.5000,3,439.9400,3,439.3300,6,438.9000,3,438.8900,5,438.8800,7,0.0000,0,0.0000,0,0.0000,0,443.6600,5,443.6700,8,443.9500,3,444.4200,7,444.5400,1,444.6200,1,444.6900,3,445.3400,9,446.3400,9,446.3500,8
1774130803.7413306,440.5200,3,440.5000,3,439.9400,3,439.3300,6,438.9000,3,438.8900,5,438.8800,7,0.0000,0,0.0000,0,0.0000,0,443.6600,10,443.6700,8,443.9500,3,444.4200,7,444.5400,1,444.6200,1,444.6900,3,445.3400,9,446.3400,9,446.3500,8
1774130804.7433429,440.5200,3,440.5000,3,439.9400,3,439.3300,6,438.9000,3,438.8900,5,438.8800,7,0.0000,0,0.0000,0,0.0000,0,443.6600,10,443.6700,8,443.9500,3,444.4200,7,444.5400,1,444.6200,1,444.6900,3,445.3400,9,446.3400,9,446.3500,8
1774130805.7434926,440.5200,3,440.5000,3,439.9400,3,439.3300,6,438.9000,3,438.8900,5,438.8800,7,0.0000,0,0.0000,0,0.0000,0,443.6600,9,443.6700,8,443.9500,3,444.4200,7,444.5400,1,444.6200,1,444.6900,3,445.3400,9,446.3400,9,446.3500,8
1774130806.7469475,440.5200,3,440.5000,3,439.9400,3,439.3300,6,438.9000,3,438.8900,5,438.8800,7,0.0000,0,0.0000,0,0.0000,0,443.6600,9,443.6700,8,443.9500,3,444.4200,7,444.5400,1,444.6200,1,444.6900,3,445.3400,9,446.3400,9,446.3500,8
1774130807.7483828,440.5200,3,440.5000,3,439.9400,3,439.3300,6,438.9000,3,438.8900,5,438.8800,7,0.0000,0,0.0000,0,0.0000,0,443.6600,9,443.6700,8,443.9500,3,444.4200,7,444.5400,1,444.6200,1,444.6900,3,445.3400,9,446.3400,9,446.3500,8
1774130808.748864,440.5200,3,440.5000,3,439.9400,3,439.3300,6,438.9000,3,438.8900,5,438.8800,7,0.0000,0,0.0000,0,0.0000,0,443.6600,9,443.6700,8,443.9500,3,444.4200,7,444.5400,1,444.6200,1,444.6900,3,445.3400,9,446.3400,9,446.3500,8
1774130809.7542078,442.0900,1,440.5200,3,440.5000,3,439.9400,3,439.3300,6,438.9000,3,438.8900,5,438.8800,7,0.0000,0,0.0000,0,443.6600,9,443.6700,8,443.9500,3,444.4200,7,444.5400,1,444.6200,1,444.6900,3,445.3400,9,446.3400,9,446.3500,8
1774130810.7589302,440.5200,3,440.5000,3,439.9400,3,439.3300,6,438.9000,3,438.8900,5,438.8800,7,0.0000,0,0.0000,0,0.0000,0,443.6500,3,443.6600,9,443.6700,8,443.9500,3,444.4200,7,444.5400,1,444.6200,1,444.6900,3,445.3400,9,446.3400,9
1774130811.7664905,440.5200,3,440.5000,3,439.9400,3,439.3300,6,438.9000,3,438.8900,5,438.8800,7,0.0000,0,0.0000,0,0.0000,0,443.6500,3,443.6600,9,443.6700,8,443.9500,3,444.4200,7,444.5400,1,444.6200,1,444.6900,3,445.3400,9,446.3400,9
1774130812.768917,440.2600,1,439.9400,3,439.3300,6,438.9000,3,438.8900,5,438.8800,7,0.0000,0,0.0000,0,0.0000,0,0.0000,0,443.6500,7,443.6600,9,443.6700,8,443.9500,3,444.4200,7,444.5400,1,444.6200,1,444.6900,3,445.3400,9,446.3400,9
1774130813.7789888,440.2600,3,439.9400,3,439.3300,6,438.9000,3,438.8900,5,438.8800,7,0.0000,0,0.0000,0,0.0000,0,0.0000,0,443.6400,3,443.6500,7,443.6600,9,443.6700,8,443.9500,3,444.4200,7,444.5400,1,444.6200,1,444.6900,3,445.3400,9
1774130814.789666,440.2600,3,439.9400,3,439.3300,6,438.9000,3,438.8900,5,438.8800,7,0.0000,0,0.0000,0,0.0000,0,0.0000,0,443.6400,10,443.6500,7,443.6600,9,443.6700,8,443.9500,3,444.4200,7,444.5400,1,444.6200,1,444.6900,3,445.3400,9
1774130815.7973077,440.2600,3,439.9400,3,439.3300,6,438.9000,3,438.8900,5,438.8800,7,0.0000,0,0.0000,0,0.0000,0,0.0000,0,443.6400,10,443.6500,7,443.6600,9,443.6700,8,443.9500,3,444.4200,7,444.5400,1,444.6200,1,444.6900,3,445.3400,9
1774130816.8090422,440.2600,3,439.9400,3,439.3300,6,438.9000,3,438.8900,5,438.8800,7,0.0000,0,0.0000,0,0.0000,0,0.0000,0,443.6400,11,443.6500,7,443.6600,9,443.6700,8,443.9500,3,444.4200,7,444.5400,1,444.6200,1,444.6900,3,445.3400,9
1774130817.8104634,440.2600,3,439.9400,3,439.3300,6,438.9000,3,438.8900,5,438.8800,7,0.0000,0,0.0000,0,0.0000,0,0.0000,0,443.6400,11,443.6500,7,443.6600,9,443.6700,8,443.9500,3,444.4200,7,444.5400,1,444.6200,1,444.6900,3,445.3400,9
1774130818.8132813,440.2600,3,439.9400,3,439.3300,6,438.9000,3,438.8900,5,438.8800,7,0.0000,0,0.0000,0,0.0000,0,0.0000,0,443.6400,11,443.6500,7,443.6600,9,443.6700,8,443.9500,3,444.4200,7,444.5400,1,444.6200,1,444.6900,3,445.3400,9
1774130819.8150506,440.2600,3,439.9400,3,439.3300,6,438.9000,3,438.8900,5,438.8800,7,0.0000,0,0.0000,0,0.0000,0,0.0000,0,443.6400,11,443.6500,7,443.6600,9,443.6700,8,443.9500,3,444.4200,7,444.5400,1,444.6200,1,444.6900,3,445.3400,9
1774130820.819655,440.2600,3,439.9400,3,439.3300,6,438.9000,3,438.8900,5,438.8800,7,0.0000,0,0.0000,0,0.0000,0,0.0000,0,443.6400,11,443.6500,7,443.6600,9,443.6700,8,443.9500,3,444.4200,7,444.5400,1,444.6200,1,444.6900,3,445.3400,9
1774130821.8247159,440.2600,5,439.9400,3,439.3300,6,438.9000,3,438.8900,5,438.8800,7,0.0000,0,0.0000,0,0.0000,0,0.0000,0,443.6400,11,443.6500,7,443.6600,9,443.6700,8,443.9500,3,444.4200,7,444.5400,1,444.6200,1,444.6900,3,445.3400,9
1774130822.831581,440.2600,5,439.9400,3,439.3300,6,438.9000,3,438.8900,5,438.8800,7,0.0000,0,0.0000,0,0.0000,0,0.0000,0,443.6400,11,443.6500,7,443.6600,9,443.6700,8,443.9500,3,444.4200,7,444.5400,1,444.6200,1,444.6900,3,445.3400,9
1774130823.83349,440.2600,5,439.9400,3,439.3300,6,438.9000,3,438.8900,5,438.8800,7,0.0000,0,0.0000,0,0.0000,0,0.0000,0,443.6400,11,443.6500,7,443.6600,9,443.6700,8,443.9500,3,444.4200,7,444.5400,1,444.6200,1,444.6900,3,445.3400,9
1774130824.8360271,440.2600,5,439.9400,3,439.3300,6,438.9000,3,438.8900,5,438.8800,7,0.0000,0,0.0000,0,0.0000,0,0.0000,0,443.6400,12,443.6500,7,443.6600,9,443.6700,8,443.9500,3,444.4200,7,444.5400,1,444.6200,1,444.6900,3,445.3400,9
1774130825.8383024,440.0600,3,439.9700,3,439.9400,3,439.3300,6,438.9000,3,438.8900,5,438.8800,7,0.0000,0,0.0000,0,0.0000,0,442.5600,4,443.1500,1,443.6400,12,443.6500,7,443.6600,9,443.6700,8,443.9500,3,444.4200,7,444.5400,1,444.6200,1
1774130826.8456736,440.2600,3,440.0600,3,439.9700,3,439.9400,3,439.3300,6,438.9000,3,438.8900,5,438.8800,7,0.0000,0,0.0000,0,441.7700,3,442.5500,3,442.5600,6,443.1500,1,443.6400,12,443.6500,7,443.6600,9,443.6700,8,443.9500,3,444.4200,7
1774130827.8519368,440.0600,3,439.9700,3,439.9400,3,439.3300,6,438.9000,3,438.8900,5,438.8800,7,0.0000,0,0.0000,0,0.0000,0,441.7700,3,442.5500,3,442.5600,6,443.1500,1,443.6400,12,443.6500,7,443.6600,9,443.6700,8,443.9500,3,444.4200,7
1774130828.8604262,440.0600,3,439.9700,3,439.9400,3,439.3300,6,438.9000,3,438.8900,5,438.8800,7,0.0000,0,0.0000,0,0.0000,0,441.7700,5,442.5500,3,442.5600,6,443.1500,1,443.6400,12,443.6500,7,443.6600,9,443.6700,8,443.9500,3,444.4200,7
1774130829.864391,440.7100,1,440.3100,3,440.0600,5,439.9700,3,439.9400,3,439.3300,6,438.9000,3,438.8900,5,438.8800,7,0.0000,0,441.8500,3,442.5500,3,442.5600,6,443.1500,1,443.6400,12,443.6500,7,443.6600,9,443.6700,8,443.9500,3,444.4200,7
1774130830.864752,440.7100,1,440.3100,3,440.0600,5,439.9700,3,439.9400,3,439.3300,6,438.9000,3,438.8900,5,438.8800,7,0.0000,0,441.8500,3,442.5500,3,442.5600,6,443.1500,1,443.6400,12,443.6500,7,443.6600,9,443.6700,8,443.9500,3,444.4200,7
1774130831.8666053,440.0600,3,439.9700,3,439.9400,3,439.3300,6,438.9000,3,438.8900,5,438.8800,7,0.0000,0,0.0000,0,0.0000,0,441.8500,4,442.5500,3,442.5600,6,443.1500,1,443.6400,12,443.6500,7,443.6600,9,443.6700,8,443.9500,3,444.4200,7
1774130832.87437,440.0600,3,439.9700,3,439.9400,3,439.3300,6,438.9000,3,438.8900,5,438.8800,7,0.0000,0,0.0000,0,0.0000,0,441.8500,4,442.5500,3,442.5600,6,443.1500,1,443.6400,12,443.6500,7,443.6600,9,443.6700,8,443.9500,3,444.4200,7
1774130833.8810222,440.0600,3,439.9700,3,439.9400,3,439.3300,6,438.9000,3,438.8900,5,438.8800,7,0.0000,0,0.0000,0,0.0000,0,441.8500,5,442.5500,3,442.5600,6,443.1500,1,443.6400,12,443.6500,7,443.6600,9,443.6700,8,443.9500,3,444.4200,7
1774130834.8830986,440.0600,3,439.9700,3,439.9400,3,439.3300,6,438.9000,3,438.8900,5,438.8800,7,0.0000,0,0.0000,0,0.0000,0,441.8500,4,442.5500,3,442.5600,6,443.1500,1,443.6400,12,443.6500,7,443.6600,9,443.6700,8,443.9500,3,444.4200,7
1774130835.8914,440.0600,3,439.9700,3,439.9400,3,439.3300,6,438.9000,3,438.8900,5,438.8800,7,0.0000,0,0.0000,0,0.0000,0,441.8500,3,442.5500,3,442.5600,6,443.1500,1,443.6400,12,443.6500,7,443.6600,9,443.6700,8,443.9500,3,444.4200,7
1774130836.8971398,440.0600,3,439.9700,3,439.9400,3,439.3300,6,438.9000,3,438.8900,5,438.8800,7,0.0000,0,0.0000,0,0.0000,0,441.8500,4,442.5500,3,442.5600,6,443.1500,1,443.6400,12,443.6500,7,443.6600,9,443.6700,8,443.9500,3,444.4200,7
1774130837.8977232,440.0600,3,439.9700,3,439.9400,3,439.3300,6,438.9000,3,438.8900,5,438.8800,7,0.0000,0,0.0000,0,0.0000,0,441.8500,6,442.5500,3,442.5600,6,443.1500,1,443.6400,12,443.6500,7,443.6600,9,443.6700,8,443.9500,3,444.4200,7
1774130838.9060023,440.0600,3,439.9700,3,439.9400,3,439.3300,6,438.9000,3,438.8900,5,438.8800,7,0.0000,0,0.0000,0,0.0000,0,441.8500,6,442.5500,3,442.5600,6,443.1500,1,443.6400,12,443.6500,7,443.6600,9,443.6700,8,443.9500,3,444.4200,7
1774130839.912583,440.0600,3,439.9700,3,439.9400,3,439.3300,6,438.9000,3,438.8900,5,438.8800,7,0.0000,0,0.0000,0,0.0000,0,441.8500,5,442.5500,3,442.5600,6,443.1500,1,443.6400,12,443.6500,7,443.6600,9,443.6700,8,443.9500,3,444.4200,7
1774130840.9159198,440.0600,3,439.9700,3,439.9400,3,439.3300,6,438.9000,3,438.8900,5,438.8800,7,0.0000,0,0.0000,0,0.0000,0,443.1400,10,443.1500,1,443.6400,12,443.6500,7,443.6600,9,443.6700,8,443.9500,3,444.4200,7,444.5400,1,444.6200,1
1774130841.9203558,440.0600,3,439.9700,3,439.9400,3,439.3300,6,438.9000,3,438.8900,5,438.8800,7,0.0000,0,0.0000,0,0.0000,0,443.1400,9,443.1500,1,443.6400,12,443.6500,7,443.6600,9,443.6700,8,443.9500,3,444.4200,7,444.5400,1,444.6200,1
1774130842.9300866,440.0600,3,439.9700,3,439.9400,3,439.3300,6,438.9000,3,438.8900,5,438.8800,7,0.0000,0,0.0000,0,0.0000,0,443.1400,9,443.1500,1,443.6400,12,443.6500,7,443.6600,9,443.6700,8,443.9500,3,444.4200,7,444.5400,1,444.6200,1
1774130843.9373794,440.0600,5,439.9700,3,439.9400,3,439.3300,6,438.9000,3,438.8900,5,438.8800,7,0.0000,0,0.0000,0,0.0000,0,443.1400,9,443.1500,1,443.6400,12,443.6500,7,443.6600,9,443.6700,8,443.9500,3,444.4200,7,444.5400,1,444.6200,1
1774130844.944545,440.0600,5,439.9700,3,439.9400,3,439.3300,6,438.9000,3,438.8900,5,438.8800,7,0.0000,0,0.0000,0,0.0000,0,443.1400,9,443.1500,1,443.6400,12,443.6500,7,443.6600,9,443.6700,8,443.9500,3,444.4200,7,444.5400,1,444.6200,1
1774130845.9457417,440.0600,5,439.9700,3,439.9400,3,439.3300,6,438.9000,3,438.8900,5,438.8800,7,0.0000,0,0.0000,0,0.0000,0,443.1400,9,443.1500,1,443.6400,12,443.6500,7,443.6600,9,443.6700,8,443.9500,3,444.4200,7,444.5400,1,444.6200,1
1774130846.951655,440.0600,5,439.9700,3,439.9400,3,439.3300,6,438.9000,3,438.8900,5,438.8800,7,0.0000,0,0.0000,0,0.0000,0,443.1400,9,443.1500,1,443.6400,12,443.6500,7,443.6600,9,443.6700,8,443.9500,3,444.4200,7,444.5400,1,444.6200,1
1774130847.9546068,440.0600,5,439.9700,3,439.9400,3,439.3300,6,438.9000,3,438.8900,5,438.8800,7,0.0000,0,0.0000,0,0.0000,0,443.1400,9,443.1500,1,443.6400,12,443.6500,7,443.6600,9,443.6700,8,443.9500,3,444.4200,7,444.5400,1,444.6200,1
1774130848.9602315,440.0600,5,439.9700,3,439.9400,3,439.3300,6,438.9000,3,438.8900,5,438.8800,7,0.0000,0,0.0000,0,0.0000,0,443.1400,9,443.1500,1,443.6400,12,443.6500,7,443.6600,9,443.6700,8,443.9500,3,444.4200,7,444.5400,1,444.6200,1
1774130849.9605563,440.0600,5,439.9700,3,439.9400,3,439.3300,6,438.9000,3,438.8900,5,438.8800,7,0.0000,0,0.0000,0,0.0000,0,443.1400,9,443.1500,1,443.6400,12,443.6500,7,443.6600,9,443.6700,8,443.9500,3,444.4200,7,444.5400,1,444.6200,1
1774130850.967358,440.0600,5,439.9700,3,439.9400,3,439.3300,6,438.9000,3,438.8900,5,438.8800,7,0.0000,0,0.0000,0,0.0000,0,443.1400,9,443.1500,1,443.6400,12,443.6500,7,443.6600,9,443.6700,8,443.9500,3,444.4200,7,444.5400,1,444.6200,1
1774130851.974546,440.0600,5,439.9700,3,439.9400,3,439.3300,6,438.9000,3,438.8900,5,438.8800,7,0.0000,0,0.0000,0,0.0000,0,443.1400,9,443.1500,1,443.6400,12,443.6500,7,443.6600,9,443.6700,8,443.9500,3,444.4200,7,444.5400,1,444.6200,1
1774130852.9829621,440.0600,5,439.9700,3,439.9400,3,439.3300,6,438.9000,3,438.8900,5,438.8800,7,0.0000,0,0.0000,0,0.0000,0,443.1400,9,443.1500,1,443.6400,12,443.6500,7,443.6600,9,443.6700,8,443.9500,3,444.4200,7,444.5400,1,444.6200,1
1774130853.9857285,440.0600,5,439.9700,3,439.9400,3,439.3300,6,438.9000,3,438.8900,5,438.8800,7,0.0000,0,0.0000,0,0.0000,0,443.1400,9,443.1500,1,443.6400,12,443.6500,7,443.6600,9,443.6700,8,443.9500,3,444.4200,7,444.5400,1,444.6200,1
1774130854.9983559,440.0600,5,439.9700,3,439.9400,3,439.3300,6,438.9000,3,438.8900,5,438.8800,7,0.0000,0,0.0000,0,0.0000,0,443.1400,8,443.1500,1,443.6400,12,443.6500,7,443.6600,9,443.6700,8,443.9500,3,444.4200,7,444.5400,1,444.6200,1
1774130856.0009437,440.0600,9,439.9700,3,439.9400,3,439.3300,6,438.9000,3,438.8900,5,438.8800,7,0.0000,0,0.0000,0,0.0000,0,443.1400,8,443.1500,1,443.6400,12,443.6500,7,443.6600,9,443.6700,8,443.9500,3,444.4200,7,444.5400,1,444.6200,1
1774130857.004834,440.0600,9,439.9700,3,439.9400,3,439.3300,6,438.9000,3,438.8900,5,438.8800,7,0.0000,0,0.0000,0,0.0000,0,443.1400,8,443.1500,1,443.6400,12,443.6500,7,443.6600,9,443.6700,8,443.9500,3,444.4200,7,444.5400,1,444.6200,1
1774130858.0172951,440.0600,9,439.9700,3,439.9400,3,439.3300,6,438.9000,3,438.8900,5,438.8800,7,0.0000,0,0.0000,0,0.0000,0,443.1400,8,443.1500,1,443.6400,12,443.6500,7,443.6600,9,443.6700,8,443.9500,3,444.4200,7,444.5400,1,444.6200,1
1774130859.019192,440.0600,9,439.9700,3,439.9400,3,439.3300,6,438.9000,3,438.8900,5,438.8800,7,0.0000,0,0.0000,0,0.0000,0,443.1400,8,443.1500,1,443.6400,12,443.6500,7,443.6600,9,443.6700,8,443.9500,3,444.4200,7,444.5400,1,444.6200,1
1774130860.0279841,440.0600,9,439.9700,3,439.9400,3,439.3300,6,438.9000,3,438.8900,5,438.8800,7,0.0000,0,0.0000,0,0.0000,0,443.1400,8,443.1500,1,443.6400,12,443.6500,7,443.6600,9,443.6700,8,443.9500,3,444.4200,7,444.5400,1,444.6200,1
1774130861.0358407,440.0600,9,439.9700,3,439.9400,3,439.3300,6,438.9000,3,438.8900,5,438.8800,7,0.0000,0,0.0000,0,0.0000,0,443.1400,8,443.1500,1,443.6400,12,443.6500,7,443.6600,9,443.6700,8,443.9500,3,444.4200,7,444.5400,1,444.6200,1
1774130862.044783,440.0600,9,439.9700,3,439.9400,3,439.3300,6,438.9000,3,438.8900,5,438.8800,7,0.0000,0,0.0000,0,0.0000,0,443.1400,8,443.1500,1,443.6400,12,443.6500,7,443.6600,9,443.6700,8,443.9500,3,444.4200,7,444.5400,1,444.6200,1
1774130863.0512285,440.2200,5,440.0600,9,439.9700,3,439.9400,3,439.3300,6,438.9000,3,438.8900,5,438.8800,7,0.0000,0,0.0000,0,443.1400,9,443.1500,1,443.6400,12,443.6500,7,443.6600,9,443.6700,8,443.9500,3,444.4200,7,444.5400,1,444.6200,1
1774130864.0592656,440.2200,6,440.0600,9,439.9700,3,439.9400,3,439.3300,6,438.9000,3,438.8900,5,438.8800,7,0.0000,0,0.0000,0,443.1400,9,443.1500,1,443.6400,12,443.6500,7,443.6600,9,443.6700,8,443.9500,3,444.4200,7,444.5400,1,444.6200,1
1774130865.0687397,440.2200,5,440.0600,9,439.9700,3,439.9400,3,439.3300,6,438.9000,3,438.8900,5,438.8800,7,0.0000,0,0.0000,0,443.1100,14,443.1200,3,443.1400,9,443.1500,1,443.6400,12,443.6500,7,443.6600,9,443.6700,8,443.9500,3,444.4200,7
1774130866.070293,440.2200,5,440.0600,9,439.9700,3,439.9400,3,439.3300,6,438.9000,3,438.8900,5,438.8800,7,0.0000,0,0.0000,0,443.1100,14,443.1200,3,443.1400,9,443.1500,1,443.6400,12,443.6500,7,443.6600,9,443.6700,8,443.9500,3,444.4200,7
1774130867.0735884,440.2200,6,440.0600,9,439.9700,3,439.9400,3,439.3300,6,438.9000,3,438.8900,5,438.8800,7,0.0000,0,0.0000,0,443.0800,4,443.1000,2,443.1100,14,443.1200,3,443.1400,9,443.1500,1,443.6400,12,443.6500,7,443.6600,9,443.6700,8
1774130868.0818782,440.2200,6,440.0600,9,439.9700,3,439.9400,3,439.3300,6,438.9000,3,438.8900,5,438.8800,7,0.0000,0,0.0000,0,443.0800,5,443.1000,2,443.1100,14,443.1200,3,443.1400,9,443.1500,1,443.6400,12,443.6500,7,443.6600,9,443.6700,8
1774130869.087965,440.2200,6,440.0600,9,439.9700,3,439.9400,3,439.3300,6,438.9000,3,438.8900,5,438.8800,7,0.0000,0,0.0000,0,443.0800,5,443.1000,2,443.1100,14,443.1200,3,443.1400,9,443.1500,1,443.6400,12,443.6500,7,443.6600,9,443.6700,8
1774130870.0966935,440.2200,6,440.0600,9,439.9700,3,439.9400,3,439.3300,6,438.9000,3,438.8900,5,438.8800,7,0.0000,0,0.0000,0,443.0800,5,443.1000,2,443.1100,14,443.1200,3,443.1400,9,443.1500,1,443.6400,12,443.6500,7,443.6600,9,443.6700,8
1774130871.106218,440.2200,10,440.0600,9,439.9700,3,439.9400,3,439.3300,6,438.9000,3,438.8900,5,438.8800,7,0.0000,0,0.0000,0,442.3700,6,443.0800,5,443.1000,2,443.1100,14,443.1200,3,443.1400,9,443.1500,1,443.6400,12,443.6500,7,443.6600,9
1774130872.108693,440.2200,10,440.0600,9,439.9700,3,439.9400,3,439.3300,6,438.9000,3,438.8900,5,438.8800,7,0.0000,0,0.0000,0,442.3700,6,443.0800,5,443.1000,2,443.1100,14,443.1200,3,443.1400,9,443.1500,1,443.6400,12,443.6500,7,443.6600,9
1774130873.114707,441.4700,3,440.8500,1,440.2200,10,440.0600,9,439.9700,3,439.9400,3,439.3300,6,438.9000,3,438.8900,5,438.8800,7,442.3700,6,443.0800,5,443.1000,2,443.1100,14,443.1200,3,443.1400,9,443.1500,1,443.6400,12,443.6500,7,443.6600,9
1774130874.117162,440.0600,9,439.9700,3,439.9400,3,439.3300,6,438.9000,3,438.8900,5,438.8800,7,0.0000,0,0.0000,0,0.0000,0,442.3700,6,443.0800,5,443.1000,2,443.1100,14,443.1200,3,443.1400,9,443.1500,1,443.6400,12,443.6500,7,443.6600,9
1774130875.117993,440.1200,4,440.0600,9,439.9700,3,439.9400,3,439.3300,6,438.9000,3,438.8900,5,438.8800,7,0.0000,0,0.0000,0,442.3700,6,443.0800,5,443.1000,2,443.1100,14,443.1200,3,443.1400,9,443.1500,1,443.6400,12,443.6500,7,443.6600,9
1774130876.1196837,441.0000,1,440.2200,3,440.1200,5,440.0600,9,439.9700,3,439.9400,3,439.3300,6,438.9000,3,438.8900,5,438.8800,7,442.3300,5,442.3700,6,443.0800,5,443.1000,2,443.1100,14,443.1200,3,443.1400,9,443.1500,1,443.6400,12,443.6500,7
1774130877.1266093,441.0000,4,440.2200,3,440.1200,5,440.0600,9,439.9700,3,439.9400,3,439.3300,6,438.9000,3,438.8900,5,438.8800,7,442.3300,4,442.3700,6,443.0800,5,443.1000,2,443.1100,14,443.1200,3,443.1400,9,443.1500,1,443.6400,12,443.6500,7
1774130878.1341333,441.0000,4,440.2200,3,440.1200,5,440.0600,9,439.9700,3,439.9400,3,439.3300,6,438.9000,3,438.8900,5,438.8800,7,442.3300,4,442.3700,6,443.0800,5,443.1000,2,443.1100,14,443.1200,3,443.1400,9,443.1500,1,443.6400,12,443.6500,7
1774130879.1389515,441.0000,4,440.2200,3,440.1200,5,440.0600,9,439.9700,3,439.9400,3,439.3300,6,438.9000,3,438.8900,5,438.8800,7,442.3300,3,442.3700,6,443.0800,5,443.1000,2,443.1100,14,443.1200,3,443.1400,9,443.1500,1,443.6400,12,443.6500,7
1774130880.1421366,441.0000,4,440.2200,3,440.1200,5,440.0600,9,439.9700,3,439.9400,3,439.3300,6,438.9000,3,438.8900,5,438.8800,7,442.3300,1,442.4100,3,443.0800,5,443.1000,2,443.1100,14,443.1200,3,443.1400,9,443.1500,1,443.6400,12,443.6500,7
1774130881.1512315,441.0000,4,440.2200,3,440.1200,5,440.0600,9,439.9700,3,439.9400,3,439.3300,6,438.9000,3,438.8900,5,438.8800,7,443.1400,11,443.1500,1,443.6400,12,443.6500,7,443.6600,9,443.6700,8,443.9500,3,444.4200,7,444.5400,1,444.6200,1
1774130882.1574616,441.8200,1,441.0000,4,440.2200,3,440.1200,5,440.0600,9,439.9700,3,439.9400,3,439.3300,6,438.9000,3,438.8900,5,443.1400,11,443.1500,1,443.6400,12,443.6500,7,443.6600,9,443.6700,8,443.9500,3,444.4200,7,444.5400,1,444.6200,1
1774130883.165191,441.8200,1,441.0000,4,440.2200,3,440.1200,5,440.0600,9,439.9700,3,439.9400,3,439.3300,6,438.9000,3,438.8900,5,443.1400,11,443.1500,1,443.6400,12,443.6500,7,443.6600,9,443.6700,8,443.9500,3,444.4200,7,444.5400,1,444.6200,1
1774130884.1683497,441.8200,3,441.0000,4,440.2200,3,440.1200,5,440.0600,9,439.9700,3,439.9400,3,439.3300,6,438.9000,3,438.8900,5,443.1400,11,443.1500,1,443.6400,12,443.6500,7,443.6600,9,443.6700,8,443.9500,3,444.4200,7,444.5400,1,444.6200,1
1774130885.1737065,441.8200,3,441.0000,4,440.2200,3,440.1200,5,440.0600,9,439.9700,3,439.9400,3,439.3300,6,438.9000,3,438.8900,5,443.1400,11,443.1500,1,443.6400,12,443.6500,7,443.6600,9,443.6700,8,443.9500,3,444.4200,7,444.5400,1,444.6200,1
1774130886.1795018,442.4800,3,441.8200,3,441.0000,4,440.2200,3,440.1200,5,440.0600,9,439.9700,3,439.9400,3,439.3300,6,438.9000,3,443.5800,3,443.5900,3,443.6400,5,443.6500,7,443.6600,9,443.6700,8,443.9500,3,444.4200,7,444.5400,1,444.6200,1
1774130887.1797996,442.0000,3,441.8200,3,441.0000,4,440.2200,3,440.1200,5,440.0600,9,439.9700,3,439.9400,3,439.3300,6,438.9000,3,443.5800,4,443.5900,3,443.6400,5,443.6500,7,443.6600,9,443.6700,8,443.9500,3,444.4200,7,444.5400,1,444.6200,1
1774130888.1833107,442.0000,3,441.8200,3,441.0000,4,440.2200,3,440.1200,5,440.0600,9,439.9700,3,439.9400,3,439.3300,6,438.9000,3,443.5800,4,443.5900,3,443.6400,5,443.6500,7,443.6600,9,443.6700,8,443.9500,3,444.4200,7,444.5400,1,444.6200,1
1774130889.1929684,442.0900,1,442.0000,3,441.8200,3,441.0000,4,440.2200,3,440.1200,5,440.0600,9,439.9700,3,439.9400,3,439.3300,6,443.5800,4,443.5900,3,443.6400,5,443.6500,7,443.6600,9,443.6700,8,443.9500,3,444.4200,7,444.5400,1,444.6200,1
1774130890.1995208,442.0900,1,442.0000,3,441.8200,3,441.0000,4,440.2200,3,440.1200,5,440.0600,9,439.9700,3,439.9400,3,439.3300,6,443.5800,4,443.5900,3,443.6400,5,443.6500,7,443.6600,9,443.6700,8,443.9500,3,444.4200,7,444.5400,1,444.6200,1
1774130891.2056994,440.0000,2,439.9700,3,439.9400,3,439.3300,6,438.9000,3,438.8900,5,438.8800,7,0.0000,0,0.0000,0,0.0000,0,440.2200,4,443.5800,4,443.5900,3,443.6400,5,443.6500,7,443.6600,9,443.6700,8,443.9500,3,444.4200,7,444.5400,1
1774130892.2153592,440.0000,3,439.9700,3,439.9400,3,439.3300,6,438.9000,3,438.8900,5,438.8800,7,0.0000,0,0.0000,0,0.0000,0,440.2200,4,443.5800,4,443.5900,3,443.6400,5,443.6500,7,443.6600,9,443.6700,8,443.9500,3,444.4200,7,444.5400,1
1774130893.2235122,440.1200,6,440.0000,3,439.9700,3,439.9400,3,439.3300,6,438.9000,3,438.8900,5,438.8800,7,0.0000,0,0.0000,0,440.2200,7,443.5800,4,443.5900,3,443.6400,5,443.6500,7,443.6600,9,443.6700,8,443.9500,3,444.4200,7,444.5400,1
1774130894.2258606,439.5300,1,439.0000,3,438.9000,3,438.8900,5,438.8800,7,0.0000,0,0.0000,0,0.0000,0,0.0000,0,0.0000,0,440.2200,5,443.5800,4,443.5900,3,443.6400,5,443.6500,7,443.6600,9,443.6700,8,443.9500,3,444.4200,7,444.5400,1
1774130895.2318754,439.5300,3,439.0000,3,438.9000,3,438.8900,5,438.8800,7,0.0000,0,0.0000,0,0.0000,0,0.0000,0,0.0000,0,440.1900,1,440.2200,7,443.5800,4,443.5900,3,443.6400,5,443.6500,7,443.6600,9,443.6700,8,443.9500,3,444.4200,7
1774130896.231914,439.8600,1,439.5300,3,439.0000,3,438.9000,3,438.8900,5,438.8800,7,0.0000,0,0.0000,0,0.0000,0,0.0000,0,440.2200,5,443.5800,4,443.5900,3,443.6400,5,443.6500,7,443.6600,9,443.6700,8,443.9500,3,444.4200,7,444.5400,1
1774130897.2360704,440.1000,1,440.0000,4,439.8600,1,439.5300,3,439.0000,3,438.9000,3,438.8900,5,438.8800,7,0.0000,0,0.0000,0,440.2200,5,443.5800,4,443.5900,3,443.6400,5,443.6500,7,443.6600,9,443.6700,8,443.9500,3,444.4200,7,444.5400,1
1774130898.2393603,440.0000,3,439.8600,1,439.5300,3,439.0000,3,438.9000,3,438.8900,5,438.8800,7,0.0000,0,0.0000,0,0.0000,0,440.2200,5,443.5800,4,443.5900,3,443.6400,5,443.6500,7,443.6600,9,443.6700,8,443.9500,3,444.4200,7,444.5400,1
1774130899.2395024,440.1600,1,440.0000,3,439.8600,1,439.5300,3,439.0000,3,438.9000,3,438.8900,5,438.8800,7,0.0000,0,0.0000,0,440.2200,5,443.5800,4,443.5900,3,443.6400,5,443.6500,7,443.6600,9,443.6700,8,443.9500,3,444.4200,7,444.5400,1
1774130900.2410612,440.1600,3,440.0000,3,439.8600,1,439.5300,3,439.0000,3,438.9000,3,438.8900,5,438.8800,7,0.0000,0,0.0000,0,440.2200,5,443.5800,4,443.5900,3,443.6400,5,443.6500,7,443.6600,9,443.6700,8,443.9500,3,444.4200,7,444.5400,1
1774130901.2535675,440.1600,3,440.0100,4,440.0000,3,439.8600,1,439.5300,3,439.0000,3,438.9000,3,438.8900,5,438.8800,7,0.0000,0,440.2200,5,443.5800,4,443.5900,3,443.6400,5,443.6500,7,443.6600,9,443.6700,8,443.9500,3,444.4200,7,444.5400,1
1774130902.2622077,440.0100,5,440.0000,3,439.8600,1,439.5300,3,439.0000,3,438.9000,3,438.8900,5,438.8800,7,0.0000,0,0.0000,0,440.2200,6,443.5800,4,443.5900,3,443.6400,5,443.6500,7,443.6600,9,443.6700,8,443.9500,3,444.4200,7,444.5400,1
1774130903.2633731,439.5300,2,439.0000,4,438.9000,3,438.8900,5,438.8800,7,0.0000,0,0.0000,0,0.0000,0,0.0000,0,0.0000,0,440.2200,5,443.5800,4,443.5900,3,443.6400,5,443.6500,7,443.6600,9,443.6700,8,443.9500,3,444.4200,7,444.5400,1
1774130904.2686884,439.5300,1,439.0000,4,438.9000,3,438.8900,5,438.8800,7,0.0000,0,0.0000,0,0.0000,0,0.0000,0,0.0000,0,440.2200,5,443.5800,4,443.5900,3,443.6400,5,443.6500,7,443.6600,9,443.6700,8,443.9500,3,444.4200,7,444.5400,1
1774130905.2746453,439.9900,1,439.9800,1,439.9700,1,439.9600,1,439.9500,1,439.9400,1,439.5300,1,439.0000,4,438.9000,3,438.8900,5,440.2200,5,443.5800,4,443.5900,3,443.6400,5,443.6500,7,443.6600,9,443.6700,8,443.9500,3,444.4200,7,444.5400,1
1774130906.2850487,439.9900,1,439.9800,1,439.9700,1,439.9600,1,439.9500,1,439.9400,1,439.5300,1,439.0000,4,438.9000,3,438.8900,5,440.2200,5,443.5800,4,443.5900,3,443.6400,5,443.6500,7,443.6600,9,443.6700,8,443.9500,3,444.4200,7,444.5400,1
1774130907.291741,439.9900,2,439.9800,1,439.9700,1,439.9600,1,439.9500,1,439.9400,1,439.5300,1,439.0000,4,438.9000,3,438.8900,5,440.2200,5,443.5800,4,443.5900,3,443.6400,5,443.6500,7,443.6600,9,443.6700,8,443.9500,3,444.4200,7,444.5400,1
1774130908.299546,439.9900,4,439.9800,1,439.9700,1,439.9600,1,439.9500,1,439.9400,1,439.5300,1,439.0000,4,438.9000,3,438.8900,5,440.2200,5,443.5800,4,443.5900,3,443.6400,5,443.6500,7,443.6600,9,443.6700,8,443.9500,3,444.4200,7,444.5400,1
1774130909.3013442,439.9900,5,439.9800,1,439.9700,1,439.9600,1,439.9500,1,439.9400,1,439.5300,1,439.0000,4,438.9000,3,438.8900,5,440.2200,5,443.5800,4,443.5900,3,443.6400,5,443.6500,7,443.6600,9,443.6700,8,443.9500,3,444.4200,7,444.5400,1
1774130910.3018324,440.0200,1,440.0000,2,439.9900,4,439.9800,1,439.9700,1,439.9600,1,439.9500,1,439.9400,1,439.5300,1,439.0000,4,440.2200,5,443.5800,4,443.5900,3,443.6400,5,443.6500,7,443.6600,9,443.6700,8,443.9500,3,444.4200,7,444.5400,1
1774130911.3065429,440.0300,3,440.0200,3,440.0000,2,439.9900,4,439.9800,1,439.9700,1,439.9600,1,439.9500,1,439.9400,1,439.5300,1,440.2200,6,443.5800,4,443.5900,3,443.6400,5,443.6500,7,443.6600,9,443.6700,8,443.9500,3,444.4200,7,444.5400,1
1774130912.3156688,440.0300,3,440.0200,3,440.0000,2,439.9900,4,439.9800,1,439.9700,1,439.9600,1,439.9500,1,439.9400,1,439.5300,1,440.2200,6,443.5800,4,443.5900,3,443.6400,5,443.6500,7,443.6600,9,443.6700,8,443.9500,3,444.4200,7,444.5400,1
1774130913.3219984,439.0100,4,439.0000,5,438.9000,3,438.8900,5,438.8800,7,0.0000,0,0.0000,0,0.0000,0,0.0000,0,0.0000,0,440.2200,6,443.5800,4,443.5900,3,443.6400,5,443.6500,7,443.6600,9,443.6700,8,443.9500,3,444.4200,7,444.5400,1
1774130914.3288236,439.6100,1,439.0200,3,439.0100,4,439.0000,5,438.9000,3,438.8900,5,438.8800,7,0.0000,0,0.0000,0,0.0000,0,440.2200,6,443.5800,4,443.5900,3,443.6400,5,443.6500,7,443.6600,9,443.6700,8,443.9500,3,444.4200,7,444.5400,1
1774130915.3326058,439.9100,1,439.6100,3,439.0200,3,439.0100,4,439.0000,5,438.9000,3,438.8900,5,438.8800,7,0.0000,0,0.0000,0,440.2200,6,443.5800,4,443.5900,3,443.6400,5,443.6500,7,443.6600,9,443.6700,8,443.9500,3,444.4200,7,444.5400,1
1774130916.3417337,439.0000,4,438.9000,3,438.8900,5,438.8800,7,0.0000,0,0.0000,0,0.0000,0,0.0000,0,0.0000,0,0.0000,0,440.2200,6,443.5800,4,443.5900,3,443.6400,5,443.6500,7,443.6600,9,443.6700,8,443.9500,3,444.4200,7,444.5400,1
1774130917.3432627,439.5300,1,439.0000,4,438.9000,3,438.8900,5,438.8800,7,0.0000,0,0.0000,0,0.0000,0,0.0000,0,0.0000,0,440.2200,6,443.5800,4,443.5900,3,443.6400,5,443.6500,7,443.6600,9,443.6700,8,443.9500,3,444.4200,7,444.5400,1
1774130918.3462381,439.5300,1,439.0000,4,438.9000,3,438.8900,5,438.8800,7,0.0000,0,0.0000,0,0.0000,0,0.0000,0,0.0000,0,440.2200,6,443.5800,4,443.5900,3,443.6400,5,443.6500,7,443.6600,9,443.6700,8,443.9500,3,444.4200,7,444.5400,1
1774130919.3496041,439.5300,1,439.0000,4,438.9000,3,438.8900,5,438.8800,7,0.0000,0,0.0000,0,0.0000,0,0.0000,0,0.0000,0,440.2200,6,443.5800,4,443.5900,3,443.6400,5,443.6500,7,443.6600,9,443.6700,8,443.9500,3,444.4200,7,444.5400,1
1774130920.3535452,439.0100,3,439.0000,4,438.9000,3,438.8900,5,438.8800,7,0.0000,0,0.0000,0,0.0000,0,0.0000,0,0.0000,0,440.2200,7,443.5800,4,443.5900,3,443.6400,5,443.6500,7,443.6600,9,443.6700,8,443.9500,3,444.4200,7,444.5400,1
1774130921.353653,439.0100,3,439.0000,7,438.9000,3,438.8900,5,438.8800,7,0.0000,0,0.0000,0,0.0000,0,0.0000,0,0.0000,0,440.2200,7,443.5800,4,443.5900,3,443.6400,5,443.6500,7,443.6600,9,443.6700,8,443.9500,3,444.4200,7,444.5400,1
1774130922.3539798,439.0100,3,439.0000,7,438.9000,3,438.8900,5,438.8800,7,0.0000,0,0.0000,0,0.0000,0,0.0000,0,0.0000,0,440.2200,7,443.5800,4,443.5900,3,443.6400,5,443.6500,7,443.6600,9,443.6700,8,443.9500,3,444.4200,7,444.5400,1
1774130923.3567936,439.0100,3,439.0000,7,438.9000,3,438.8900,5,438.8800,7,0.0000,0,0.0000,0,0.0000,0,0.0000,0,0.0000,0,440.2200,7,443.5800,4,443.5900,3,443.6400,5,443.6500,7,443.6600,9,443.6700,8,443.9500,3,444.4200,7,444.5400,1
1774130924.3626058,439.6600,2,439.0100,7,439.0000,7,438.9000,3,438.8900,5,438.8800,7,0.0000,0,0.0000,0,0.0000,0,0.0000,0,440.2200,8,443.5800,4,443.5900,3,443.6400,5,443.6500,7,443.6600,9,443.6700,8,443.9500,3,444.4200,7,444.5400,1
1774130925.3659067,439.6600,2,439.0100,7,439.0000,7,438.9000,3,438.8900,5,438.8800,7,0.0000,0,0.0000,0,0.0000,0,0.0000,0,440.2200,8,443.5800,4,443.5900,3,443.6400,5,443.6500,7,443.6600,9,443.6700,8,443.9500,3,444.4200,7,444.5400,1
1774130926.3707697,439.6600,2,439.0100,7,439.0000,7,438.9000,3,438.8900,5,438.8800,7,0.0000,0,0.0000,0,0.0000,0,0.0000,0,440.2200,8,443.5800,4,443.5900,3,443.6400,5,443.6500,7,443.6600,9,443.6700,8,443.9500,3,444.4200,7,444.5400,1
1774130927.3735366,439.6600,4,439.0100,7,439.0000,7,438.9000,3,438.8900,5,438.8800,7,0.0000,0,0.0000,0,0.0000,0,0.0000,0,440.2200,8,443.5800,4,443.5900,3,443.6400,5,443.6500,7,443.6600,9,443.6700,8,443.9500,3,444.4200,7,444.5400,1
1774130928.3814456,439.6600,5,439.0100,7,439.0000,7,438.9000,3,438.8900,5,438.8800,7,0.0000,0,0.0000,0,0.0000,0,0.0000,0,441.0000,2,443.5800,4,443.5900,3,443.6400,5,443.6500,7,443.6600,9,443.6700,8,443.9500,3,444.4200,7,444.5400,1
1774130929.3870955,439.9200,4,439.6600,5,439.0100,7,439.0000,7,438.9000,3,438.8900,5,438.8800,7,0.0000,0,0.0000,0,0.0000,0,441.0000,4,443.5800,4,443.5900,3,443.6400,5,443.6500,7,443.6600,9,443.6700,8,443.9500,3,444.4200,7,444.5400,1
1774130930.3915582,439.9200,4,439.6600,5,439.0100,7,439.0000,7,438.9000,3,438.8900,5,438.8800,7,0.0000,0,0.0000,0,0.0000,0,441.0000,4,443.5800,4,443.5900,3,443.6400,5,443.6500,7,443.6600,9,443.6700,8,443.9500,3,444.4200,7,444.5400,1
1774130931.3954601,439.9200,4,439.6600,5,439.0100,7,439.0000,7,438.9000,3,438.8900,5,438.8800,7,0.0000,0,0.0000,0,0.0000,0,441.0000,4,443.5800,4,443.5900,3,443.6400,5,443.6500,7,443.6600,9,443.6700,8,443.9500,3,444.4200,7,444.5400,1
1774130932.4010458,439.9200,4,439.6600,5,439.0100,7,439.0000,7,438.9000,3,438.8900,5,438.8800,7,0.0000,0,0.0000,0,0.0000,0,441.0000,4,443.5800,4,443.5900,3,443.6400,5,443.6500,7,443.6600,9,443.6700,8,443.9500,3,444.4200,7,444.5400,1
1774130933.4037604,439.9200,3,439.6600,5,439.0100,7,439.0000,7,438.9000,3,438.8900,5,438.8800,7,0.0000,0,0.0000,0,0.0000,0,441.0000,4,443.5800,4,443.5900,3,443.6400,5,443.6500,7,443.6600,9,443.6700,8,443.9500,3,444.4200,7,444.5400,1
1774130934.4107807,439.9200,3,439.6600,5,439.0100,7,439.0000,7,438.9000,3,438.8900,5,438.8800,7,0.0000,0,0.0000,0,0.0000,0,441.0000,4,443.5800,4,443.5900,3,443.6400,5,443.6500,7,443.6600,9,443.6700,8,443.9500,3,444.4200,7,444.5400,1
1774130935.4170558,439.3000,2,439.0100,7,439.0000,7,438.9000,3,438.8900,5,438.8800,7,0.0000,0,0.0000,0,0.0000,0,0.0000,0,440.7800,3,441.0000,10,443.5800,4,443.5900,3,443.6400,5,443.6500,7,443.6600,9,443.6700,8,443.9500,3,444.4200,7
1774130936.4207063,439.3000,2,439.0100,7,439.0000,7,438.9000,3,438.8900,5,438.8800,7,0.0000,0,0.0000,0,0.0000,0,0.0000,0,440.7800,3,441.0000,10,443.5800,4,443.5900,3,443.6400,5,443.6500,7,443.6600,9,443.6700,8,443.9500,3,444.4200,7
1774130937.4304936,439.3000,4,439.0100,7,439.0000,7,438.9000,3,438.8900,5,438.8800,7,0.0000,0,0.0000,0,0.0000,0,0.0000,0,440.7800,3,441.0000,10,443.5800,4,443.5900,3,443.6400,5,443.6500,7,443.6600,9,443.6700,8,443.9500,3,444.4200,7
1774130938.4335704,439.3000,4,439.0100,7,439.0000,7,438.9000,3,438.8900,5,438.8800,7,0.0000,0,0.0000,0,0.0000,0,0.0000,0,440.7800,3,441.0000,10,443.5800,4,443.5900,3,443.6400,5,443.6500,7,443.6600,9,443.6700,8,443.9500,3,444.4200,7
1774130939.4391325,439.3100,1,439.3000,4,439.0100,7,439.0000,7,438.9000,3,438.8900,5,438.8800,7,0.0000,0,0.0000,0,0.0000,0,440.7800,3,441.0000,10,443.5800,4,443.5900,3,443.6400,5,443.6500,7,443.6600,9,443.6700,8,443.9500,3,444.4200,7
1774130940.4461808,439.3100,5,439.3000,4,439.0100,7,439.0000,7,438.9000,3,438.8900,5,438.8800,7,0.0000,0,0.0000,0,0.0000,0,440.7800,6,441.0000,10,443.5800,4,443.5900,3,443.6400,5,443.6500,7,443.6600,9,443.6700,8,443.9500,3,444.4200,7
1774130941.4521723,439.3100,5,439.3000,4,439.0100,7,439.0000,7,438.9000,3,438.8900,5,438.8800,7,0.0000,0,0.0000,0,0.0000,0,440.7800,6,441.0000,10,443.5800,4,443.5900,3,443.6400,5,443.6500,7,443.6600,9,443.6700,8,443.9500,3,444.4200,7
1774130942.4525504,439.3100,5,439.3000,4,439.0100,7,439.0000,7,438.9000,3,438.8900,5,438.8800,7,0.0000,0,0.0000,0,0.0000,0,440.7800,6,441.0000,10,443.5800,4,443.5900,3,443.6400,5,443.6500,7,443.6600,9,443.6700,8,443.9500,3,444.4200,7
1774130943.455077,439.3100,5,439.3000,4,439.0100,7,439.0000,7,438.9000,3,438.8900,5,438.8800,7,0.0000,0,0.0000,0,0.0000,0,440.7700,3,440.7800,6,441.0000,10,443.5800,4,443.5900,3,443.6400,5,443.6500,7,443.6600,9,443.6700,8,443.9500,3
1774130944.4655063,439.3100,4,439.3000,4,439.0100,7,439.0000,7,438.9000,3,438.8900,5,438.8800,7,0.0000,0,0.0000,0,0.0000,0,440.7700,3,440.7800,6,441.0000,10,443.5800,4,443.5900,3,443.6400,5,443.6500,7,443.6600,9,443.6700,8,443.9500,3
1774130945.4741085,439.3100,4,439.3000,4,439.0100,7,439.0000,7,438.9000,3,438.8900,5,438.8800,7,0.0000,0,0.0000,0,0.0000,0,440.7700,5,440.7800,6,441.0000,10,443.5800,4,443.5900,3,443.6400,5,443.6500,7,443.6600,9,443.6700,8,443.9500,3
1774130946.4797091,439.3200,2,439.3100,4,439.3000,4,439.0100,7,439.0000,7,438.9000,3,438.8900,5,438.8800,7,0.0000,0,0.0000,0,440.7700,5,440.7800,6,441.0000,10,443.5800,4,443.5900,3,443.6400,5,443.6500,7,443.6600,9,443.6700,8,443.9500,3
1774130947.4811041,439.3200,2,439.3100,4,439.3000,4,439.0100,7,439.0000,7,438.9000,3,438.8900,5,438.8800,7,0.0000,0,0.0000,0,440.7700,5,440.7800,6,441.0000,10,443.5800,4,443.5900,3,443.6400,5,443.6500,7,443.6600,9,443.6700,8,443.9500,3
1774130948.4842238,439.3200,4,439.3100,4,439.3000,4,439.0100,7,439.0000,7,438.9000,3,438.8900,5,438.8800,7,0.0000,0,0.0000,0,440.7700,5,440.7800,6,441.0000,10,443.5800,4,443.5900,3,443.6400,5,443.6500,7,443.6600,9,443.6700,8,443.9500,3
1774130949.4934437,439.3200,4,439.3100,4,439.3000,4,439.0100,7,439.0000,7,438.9000,3,438.8900,5,438.8800,7,0.0000,0,0.0000,0,440.7700,5,440.7800,6,441.0000,10,443.5800,4,443.5900,3,443.6400,5,443.6500,7,443.6600,9,443.6700,8,443.9500,3
1774130950.4997125,439.3200,7,439.3100,4,439.3000,4,439.0100,7,439.0000,7,438.9000,3,438.8900,5,438.8800,7,0.0000,0,0.0000,0,440.7700,5,440.7800,6,441.0000,10,443.5800,4,443.5900,3,443.6400,5,443.6500,7,443.6600,9,443.6700,8,443.9500,3
1774130951.5037403,439.0000,7,438.9000,3,438.8900,5,438.8800,7,0.0000,0,0.0000,0,0.0000,0,0.0000,0,0.0000,0,0.0000,0,439.3100,1,439.8100,3,440.7700,5,440.7800,6,441.0000,10,443.5800,4,443.5900,3,443.6400,5,443.6500,7,443.6600,9
1774130952.5079336,438.0600,1,438.0000,3,0.0000,0,0.0000,0,0.0000,0,0.0000,0,0.0000,0,0.0000,0,0.0000,0,0.0000,0,440.1800,3,440.7700,5,440.7800,6,441.0000,10,443.5800,4,443.5900,3,443.6400,5,443.6500,7,443.6600,9,443.6700,8
1774130953.5125003,438.5100,3,438.2100,3,438.2000,3,437.6800,3,437.3300,3,0.0000,0,0.0000,0,0.0000,0,0.0000,0,0.0000,0,440.1800,3,440.7700,5,440.7800,6,441.0000,10,443.5800,4,443.5900,3,443.6400,5,443.6500,7,443.6600,9,443.6700,8
1774130954.5160546,438.5100,3,438.2100,3,438.2000,3,437.6800,3,437.3300,3,0.0000,0,0.0000,0,0.0000,0,0.0000,0,0.0000,0,440.1800,7,440.7700,5,440.7800,6,441.0000,10,443.5800,4,443.5900,3,443.6400,5,443.6500,7,443.6600,9,443.6700,8
1774130955.5244327,437.3700,5,437.3200,3,437.2900,27,0.0000,0,0.0000,0,0.0000,0,0.0000,0,0.0000,0,0.0000,0,0.0000,0,439.9900,3,440.0000,3,440.1800,7,440.7700,5,440.7800,6,441.0000,10,443.5800,4,443.5900,3,443.6400,5,443.6500,7
1774130956.5312939,437.3800,4,437.3600,2,437.3200,3,437.2900,27,0.0000,0,0.0000,0,0.0000,0,0.0000,0,0.0000,0,0.0000,0,438.6600,3,439.3300,3,439.9900,6,440.0000,3,440.1800,7,440.7700,5,440.7800,6,441.0000,10,443.5800,4,443.5900,3
1774130957.534417,437.8800,1,437.3800,4,437.3600,2,437.3200,3,437.2900,27,0.0000,0,0.0000,0,0.0000,0,0.0000,0,0.0000,0,438.6600,4,439.3300,3,439.9900,6,440.0000,3,440.1800,7,440.7700,5,440.7800,6,441.0000,10,443.5800,4,443.5900,3
1774130958.5349913,438.0100,3,437.3800,3,437.3600,2,437.3200,3,437.2900,27,0.0000,0,0.0000,0,0.0000,0,0.0000,0,0.0000,0,438.6600,1,438.9600,1,439.3300,3,439.9900,6,440.0000,3,440.1800,7,440.7700,5,440.7800,6,441.0000,10,443.5800,4
1774130959.5381317,437.3000,2,437.2900,27,0.0000,0,0.0000,0,0.0000,0,0.0000,0,0.0000,0,0.0000,0,0.0000,0,0.0000,0,438.6400,3,438.9600,5,439.3300,3,439.9900,6,440.0000,3,440.1800,7,440.7700,5,440.7800,6,441.0000,10,443.5800,4
1774130960.549147,437.3100,3,437.3000,4,437.2900,27,0.0000,0,0.0000,0,0.0000,0,0.0000,0,0.0000,0,0.0000,0,0.0000,0,438.9600,5,439.3300,3,439.9900,6,440.0000,3,440.1800,7,440.7700,5,440.7800,6,441.0000,10,443.5800,4,443.5900,3
1774130961.5518064,437.3000,4,437.2900,27,0.0000,0,0.0000,0,0.0000,0,0.0000,0,0.0000,0,0.0000,0,0.0000,0,0.0000,0,438.9600,5,439.3300,3,439.9900,6,440.0000,3,440.1800,7,440.7700,5,440.7800,6,441.0000,10,443.5800,4,443.5900,3
1774130962.5583336,437.6900,1,437.5800,1,437.2900,27,0.0000,0,0.0000,0,0.0000,0,0.0000,0,0.0000,0,0.0000,0,0.0000,0,438.9600,5,439.3300,3,439.9900,6,440.0000,3,440.1800,7,440.7700,5,440.7800,6,441.0000,10,443.5800,4,443.5900,3
1774130963.56618,437.5800,3,437.2900,27,0.0000,0,0.0000,0,0.0000,0,0.0000,0,0.0000,0,0.0000,0,0.0000,0,0.0000,0,438.9600,5,439.3300,3,439.9900,6,440.0000,3,440.1800,7,440.7700,5,440.7800,6,441.0000,10,443.5800,4,443.5900,3
1774130964.5683522,437.7200,3,437.5300,10,437.2900,27,0.0000,0,0.0000,0,0.0000,0,0.0000,0,0.0000,0,0.0000,0,0.0000,0,438.9600,6,439.3300,3,439.9900,6,440.0000,3,440.1800,7,440.7700,5,440.7800,6,441.0000,10,443.5800,4,443.5900,3
1774130965.5762815,437.7300,1,437.7200,3,437.5300,10,437.2900,27,0.0000,0,0.0000,0,0.0000,0,0.0000,0,0.0000,0,0.0000,0,438.9500,3,438.9600,6,439.3300,3,439.9900,6,440.0000,3,440.1800,7,440.7700,5,440.7800,6,441.0000,10,443.5800,4
1774130966.5819762,437.7300,2,437.7200,3,437.5300,10,437.2900,27,0.0000,0,0.0000,0,0.0000,0,0.0000,0,0.0000,0,0.0000,0,438.9500,4,438.9600,6,439.3300,3,439.9900,6,440.0000,3,440.1800,7,440.7700,5,440.7800,6,441.0000,10,443.5800,4
1774130967.5904472,437.7300,2,437.7200,3,437.5300,10,437.2900,27,0.0000,0,0.0000,0,0.0000,0,0.0000,0,0.0000,0,0.0000,0,438.9500,4,438.9600,6,439.3300,3,439.9900,6,440.0000,3,440.1800,7,440.7700,5,440.7800,6,441.0000,10,443.5800,4
1774130968.5942411,437.7300,2,437.7200,3,437.5300,10,437.2900,27,0.0000,0,0.0000,0,0.0000,0,0.0000,0,0.0000,0,0.0000,0,438.9500,4,438.9600,6,439.3300,3,439.9900,6,440.0000,3,440.1800,7,440.7700,5,440.7800,6,441.0000,10,443.5800,4
1774130969.6004434,438.5900,4,437.7300,4,437.7200,3,437.5300,10,437.2900,27,0.0000,0,0.0000,0,0.0000,0,0.0000,0,0.0000,0,439.9900,5,440.0000,3,440.1800,7,440.7700,5,440.7800,6,441.0000,10,443.5800,4,443.5900,3,443.6400,5,443.6500,7
1774130970.602205,438.5900,5,437.7300,4,437.7200,3,437.5300,10,437.2900,27,0.0000,0,0.0000,0,0.0000,0,0.0000,0,0.0000,0,439.9900,5,440.0000,3,440.1800,7,440.7700,5,440.7800,6,441.0000,10,443.5800,4,443.5900,3,443.6400,5,443.6500,7
1774130971.6065733,438.8600,1,438.8500,2,438.5900,5,437.7300,4,437.7200,3,437.5300,10,437.2900,27,0.0000,0,0.0000,0,0.0000,0,440.0000,3,440.8800,3,441.0000,10,443.5800,4,443.5900,3,443.6400,5,443.6500,7,443.6600,9,443.6700,8,443.9500,3
1774130972.6110466,438.8600,4,438.8500,2,438.5900,5,437.7300,4,437.7200,3,437.5300,10,437.2900,27,0.0000,0,0.0000,0,0.0000,0,440.8800,3,441.0000,10,443.5800,4,443.5900,3,443.6400,5,443.6500,7,443.6600,9,443.6700,8,443.9500,3,444.4200,7
1774130973.6151865,438.8600,4,438.8500,2,438.5900,5,437.7300,4,437.7200,3,437.5300,10,437.2900,27,0.0000,0,0.0000,0,0.0000,0,440.8800,3,441.0000,10,443.5800,4,443.5900,3,443.6400,5,443.6500,7,443.6600,9,443.6700,8,443.9500,3,444.4200,7
1774130974.616986,439.0900,2,438.8700,1,438.8600,3,438.8500,2,438.5900,5,437.7300,4,437.7200,3,437.5300,10,437.2900,27,0.0000,0,440.8800,3,441.0000,10,443.5800,4,443.5900,3,443.6400,5,443.6500,7,443.6600,9,443.6700,8,443.9500,3,444.4200,7
1774130975.6250625,439.2300,2,439.0900,4,438.8700,1,438.8600,3,438.8500,2,438.5900,5,437.7300,4,437.7200,3,437.5300,10,437.2900,27,440.9900,3,441.0000,4,443.5800,4,443.5900,3,443.6400,5,443.6500,7,443.6600,9,443.6700,8,443.9500,3,444.4200,7
1774130976.6347816,439.2300,2,439.0900,4,438.8700,1,438.8600,3,438.8500,2,438.5900,5,437.7300,4,437.7200,3,437.5300,10,437.2900,27,440.9900,3,441.0000,4,443.5800,4,443.5900,3,443.6400,5,443.6500,7,443.6600,9,443.6700,8,443.9500,3,444.4200,7
1774130977.6459482,439.4300,1,439.2300,2,439.0900,4,438.8700,1,438.8600,3,438.8500,2,438.5900,5,437.7300,4,437.7200,3,437.5300,10,440.9900,3,441.0000,4,443.5800,4,443.5900,3,443.6400,5,443.6500,7,443.6600,9,443.6700,8,443.9500,3,444.4200,7
1774130978.647135,439.0900,3,438.8700,1,438.8600,3,438.8500,2,438.5900,5,437.7300,4,437.7200,3,437.5300,10,437.2900,27,0.0000,0,440.9900,3,441.0000,6,443.5800,4,443.5900,3,443.6400,5,443.6500,7,443.6600,9,443.6700,8,443.9500,3,444.4200,7
1774130979.656683,439.0900,2,438.8700,1,438.8600,3,438.8500,2,438.5900,5,437.7300,4,437.7200,3,437.5300,10,437.2900,27,0.0000,0,440.0000,5,440.9900,3,441.0000,6,443.5800,4,443.5900,3,443.6400,5,443.6500,7,443.6600,9,443.6700,8,443.9500,3
1774130980.6608481,439.0900,2,438.8700,1,438.8600,3,438.8500,2,438.5900,5,437.7300,4,437.7200,3,437.5300,10,437.2900,27,0.0000,0,440.0000,5,440.9900,3,441.0000,6,443.5800,4,443.5900,3,443.6400,5,443.6500,7,443.6600,9,443.6700,8,443.9500,3
1774130981.6676867,438.4800,4,438.4700,3,437.7300,4,437.7200,3,437.5300,10,437.2900,27,0.0000,0,0.0000,0,0.0000,0,0.0000,0,440.0000,5,440.9900,3,441.0000,6,443.5800,4,443.5900,3,443.6400,5,443.6500,7,443.6600,9,443.6700,8,443.9500,3
1774130982.6686745,438.5100,3,438.5000,3,438.4900,3,438.4800,4,438.4700,3,437.7300,4,437.7200,3,437.5300,10,437.2900,27,0.0000,0,440.0000,5,440.9900,3,441.0000,6,443.5800,4,443.5900,3,443.6400,5,443.6500,7,443.6600,9,443.6700,8,443.9500,3
1774130983.6708977,438.7100,4,438.5200,3,438.5100,3,438.5000,3,438.4900,3,438.4800,4,438.4700,3,437.7300,4,437.7200,3,437.5300,10,440.0000,4,440.9900,3,441.0000,6,443.5800,4,443.5900,3,443.6400,5,443.6500,7,443.6600,9,443.6700,8,443.9500,3
1774130984.6767185,438.7100,7,438.5200,3,438.5100,3,438.5000,3,438.4900,3,438.4800,4,438.4700,3,437.7300,4,437.7200,3,437.5300,10,440.0000,4,440.9900,3,441.0000,6,443.5800,4,443.5900,3,443.6400,5,443.6500,7,443.6600,9,443.6700,8,443.9500,3
1774130985.6777198,439.7200,4,438.9700,2,438.7100,10,438.5200,3,438.5100,3,438.5000,3,438.4900,3,438.4800,4,438.4700,3,437.7300,4,439.9900,1,440.0000,4,440.9900,3,441.0000,6,443.5800,4,443.5900,3,443.6400,5,443.6500,7,443.6600,9,443.6700,8
1774130986.679139,438.7200,4,438.7100,6,437.9300,3,437.7300,4,437.7200,3,437.5300,10,437.2900,27,0.0000,0,0.0000,0,0.0000,0,440.0000,4,440.9900,3,441.0000,6,443.5800,4,443.5900,3,443.6400,5,443.6500,7,443.6600,9,443.6700,8,443.9500,3
1774130987.6907868,438.9700,3,438.7200,4,438.7100,6,437.9300,3,437.7300,4,437.7200,3,437.5300,10,437.2900,27,0.0000,0,0.0000,0,440.0000,4,440.9900,3,441.0000,6,443.5800,4,443.5900,3,443.6400,5,443.6500,7,443.6600,9,443.6700,8,443.9500,3
1774130988.6931012,439.4900,5,438.9700,3,438.7200,4,438.7100,6,437.9300,3,437.7300,4,437.7200,3,437.5300,10,437.2900,27,0.0000,0,440.0000,5,440.9900,3,441.0000,6,443.5800,4,443.5900,3,443.6400,5,443.6500,7,443.6600,9,443.6700,8,443.9500,3
1774130989.6967957,439.8600,3,439.4900,6,438.9700,3,438.7200,4,438.7100,6,437.9300,3,437.7300,4,437.7200,3,437.5300,10,437.2900,27,440.0000,4,440.9900,3,441.0000,6,443.5800,4,443.5900,3,443.6400,5,443.6500,7,443.6600,9,443.6700,8,443.9500,3
1774130990.7044759,439.8600,4,439.4900,6,438.9700,3,438.7200,4,438.7100,6,437.9300,3,437.7300,4,437.7200,3,437.5300,10,437.2900,27,440.0000,4,440.9900,3,441.0000,6,443.5800,4,443.5900,3,443.6400,5,443.6500,7,443.6600,9,443.6700,8,443.9500,3
1774130991.712649,439.8600,4,439.4900,6,438.9700,3,438.7200,4,438.7100,6,437.9300,3,437.7300,4,437.7200,3,437.5300,10,437.2900,27,440.0000,4,440.9900,3,441.0000,6,443.5800,4,443.5900,3,443.6400,5,443.6500,7,443.6600,9,443.6700,8,443.9500,3
1774130992.715055,439.4900,8,438.9700,3,438.7200,4,438.7100,6,437.9300,3,437.7300,4,437.7200,3,437.5300,10,437.2900,27,0.0000,0,440.0000,4,440.9900,3,441.0000,6,443.5800,4,443.5900,3,443.6400,5,443.6500,7,443.6600,9,443.6700,8,443.9500,3
1774130993.7250862,439.5000,7,439.4900,8,438.9700,3,438.7200,4,438.7100,6,437.9300,3,437.7300,4,437.7200,3,437.5300,10,437.2900,27,440.0000,4,440.9900,3,441.0000,6,443.5800,4,443.5900,3,443.6400,5,443.6500,7,443.6600,9,443.6700,8,443.9500,3
1774130994.732167,439.5000,8,439.4900,8,438.9700,3,438.7200,4,438.7100,6,437.9300,3,437.7300,4,437.7200,3,437.5300,10,437.2900,27,440.0000,4,440.9900,3,441.0000,6,443.5800,4,443.5900,3,443.6400,5,443.6500,7,443.6600,9,443.6700,8,443.9500,3
1774130995.7395847,439.5100,1,439.5000,8,439.4900,8,438.9700,3,438.7200,4,438.7100,6,437.9300,3,437.7300,4,437.7200,3,437.5300,10,440.0000,4,440.9900,3,441.0000,6,443.5800,4,443.5900,3,443.6400,5,443.6500,7,443.6600,9,443.6700,8,443.9500,3
1774130996.7408674,439.5100,1,439.5000,8,439.4900,8,438.9700,3,438.7200,4,438.7100,6,437.9300,3,437.7300,4,437.7200,3,437.5300,10,440.0000,4,440.9900,3,441.0000,6,443.5800,4,443.5900,3,443.6400,5,443.6500,7,443.6600,9,443.6700,8,443.9500,3
1774130997.743079,439.5100,1,439.5000,8,439.4900,8,438.9700,3,438.7200,4,438.7100,6,437.9300,3,437.7300,4,437.7200,3,437.5300,10,440.0000,4,440.9900,3,441.0000,6,443.5800,4,443.5900,3,443.6400,5,443.6500,7,443.6600,9,443.6700,8,443.9500,3
1774130998.748911,439.7600,2,439.5100,1,439.5000,8,439.4900,8,438.9700,3,438.7200,4,438.7100,6,437.9300,3,437.7300,4,437.7200,3,440.0000,6,440.9900,3,441.0000,6,443.5800,4,443.5900,3,443.6400,5,443.6500,7,443.6600,9,443.6700,8,443.9500,3
1774130999.758824,439.7600,2,439.5100,1,439.5000,8,439.4900,8,438.9700,3,438.7200,4,438.7100,6,437.9300,3,437.7300,4,437.7200,3,440.0000,6,440.9900,3,441.0000,6,443.5800,4,443.5900,3,443.6400,5,443.6500,7,443.6600,9,443.6700,8,443.9500,3
1774131000.7607656,439.7600,3,439.5100,1,439.5000,8,439.4900,8,438.9700,3,438.7200,4,438.7100,6,437.9300,3,437.7300,4,437.7200,3,440.0000,8,440.9900,3,441.0000,6,443.5800,4,443.5900,3,443.6400,5,443.6500,7,443.6600,9,443.6700,8,443.9500,3
1774131001.7667613,439.7600,3,439.5100,1,439.5000,8,439.4900,8,438.9700,3,438.7200,4,438.7100,6,437.9300,3,437.7300,4,437.7200,3,440.0000,8,440.9900,3,441.0000,6,443.5800,4,443.5900,3,443.6400,5,443.6500,7,443.6600,9,443.6700,8,443.9500,3
1774131002.7709272,439.7600,5,439.5100,1,439.5000,8,439.4900,8,438.9700,3,438.7200,4,438.7100,6,437.9300,3,437.7300,4,437.7200,3,440.0000,8,440.9900,3,441.0000,6,443.5800,4,443.5900,3,443.6400,5,443.6500,7,443.6600,9,443.6700,8,443.9500,3
1774131003.7735846,439.7600,5,439.5100,1,439.5000,8,439.4900,8,438.9700,3,438.7200,4,438.7100,6,437.9300,3,437.7300,4,437.7200,3,440.0000,8,440.9900,3,441.0000,6,443.5800,4,443.5900,3,443.6400,5,443.6500,7,443.6600,9,443.6700,8,443.9500,3
1774131004.7788363,439.8900,1,439.8800,7,439.7600,5,439.5100,1,439.5000,8,439.4900,8,438.9700,3,438.7200,4,438.7100,6,437.9300,3,440.0000,1,440.4600,1,440.6900,4,440.9900,3,441.0000,6,443.5800,4,443.5900,3,443.6400,5,443.6500,7,443.6600,9
1774131005.7896693,439.7600,9,439.5100,1,439.5000,8,439.4900,8,438.9700,3,438.7200,4,438.7100,6,437.9300,3,437.7300,4,437.7200,3,440.0000,1,440.4600,1,440.6900,4,440.9900,3,441.0000,6,443.5800,4,443.5900,3,443.6400,5,443.6500,7,443.6600,9
1774131006.7966707,439.8100,2,439.7600,8,439.5100,1,439.5000,8,439.4900,8,438.9700,3,438.7200,4,438.7100,6,437.9300,3,437.7300,4,440.0000,1,440.4600,1,440.6900,4,440.9900,3,441.0000,6,443.5800,4,443.5900,3,443.6400,5,443.6500,7,443.6600,9
1774131007.806864,439.5000,8,439.4900,8,438.9700,3,438.7200,4,438.7100,6,437.9300,3,437.7300,4,437.7200,3,437.5300,10,437.2900,27,440.0000,1,440.4600,1,440.6900,4,440.9900,3,441.0000,6,443.5800,4,443.5900,3,443.6400,5,443.6500,7,443.6600,9
1774131008.8165402,439.5000,8,439.4900,8,438.9700,3,438.7200,4,438.7100,6,437.9300,3,437.7300,4,437.7200,3,437.5300,10,437.2900,27,440.0000,1,440.4600,1,440.6900,4,440.9900,3,441.0000,6,443.5800,4,443.5900,3,443.6400,5,443.6500,7,443.6600,9
1774131009.8244474,439.5400,2,439.5000,8,439.4900,8,438.9700,3,438.7200,4,438.7100,6,437.9300,3,437.7300,4,437.7200,3,437.5300,10,440.0000,1,440.4600,1,440.6900,4,440.9900,3,441.0000,6,443.5800,4,443.5900,3,443.6400,5,443.6500,7,443.6600,9
1774131010.825244,439.5400,2,439.5000,8,439.4900,8,438.9700,3,438.7200,4,438.7100,6,437.9300,3,437.7300,4,437.7200,3,437.5300,10,440.0000,1,440.4600,1,440.6900,4,440.9900,3,441.0000,6,443.5800,4,443.5900,3,443.6400,5,443.6500,7,443.6600,9
1774131011.8324502,439.5500,2,439.5400,2,439.5000,8,439.4900,8,438.9700,3,438.7200,4,438.7100,6,437.9300,3,437.7300,4,437.7200,3,440.0000,1,440.4600,1,440.6900,4,440.9900,3,441.0000,6,443.5800,4,443.5900,3,443.6400,5,443.6500,7,443.6600,9
1774131012.8366578,439.5500,3,439.5400,2,439.5000,8,439.4900,8,438.9700,3,438.7200,4,438.7100,6,437.9300,3,437.7300,4,437.7200,3,440.0000,1,440.4600,1,440.6900,4,440.9900,3,441.0000,6,443.5800,4,443.5900,3,443.6400,5,443.6500,7,443.6600,9
1774131013.8448343,439.5500,2,439.5400,2,439.5000,8,439.4900,8,438.9700,3,438.7200,4,438.7100,6,437.9300,3,437.7300,4,437.7200,3,440.0000,1,440.4600,1,440.6900,4,440.9900,3,441.0000,6,443.5800,4,443.5900,3,443.6400,5,443.6500,7,443.6600,9
1774131014.8524487,438.9200,3,438.7200,4,438.7100,6,437.9300,3,437.7300,4,437.7200,3,437.5300,10,437.2900,27,0.0000,0,0.0000,0,440.0000,5,440.4600,1,440.6900,4,440.9900,3,441.0000,6,443.5800,4,443.5900,3,443.6400,5,443.6500,7,443.6600,9
1774131015.8535554,438.9200,3,438.7200,4,438.7100,6,437.9300,3,437.7300,4,437.7200,3,437.5300,10,437.2900,27,0.0000,0,0.0000,0,440.0000,5,440.4600,1,440.6900,4,440.9900,3,441.0000,6,443.5800,4,443.5900,3,443.6400,5,443.6500,7,443.6600,9
1774131016.8545249,439.1300,1,438.9200,3,438.7200,4,438.7100,6,437.9300,3,437.7300,4,437.7200,3,437.5300,10,437.2900,27,0.0000,0,440.0000,5,440.4600,1,440.6900,4,440.9900,3,441.0000,6,443.5800,4,443.5900,3,443.6400,5,443.6500,7,443.6600,9
1774131017.859046,438.0500,3,438.0000,2,437.9300,3,437.7300,4,437.7200,3,437.5300,10,437.2900,27,0.0000,0,0.0000,0,0.0000,0,439.8000,3,440.0000,6,440.4600,1,440.6900,4,440.9900,3,441.0000,6,443.5800,4,443.5900,3,443.6400,5,443.6500,7
1774131018.8665946,438.3900,3,438.0500,3,438.0000,2,437.9300,3,437.7300,4,437.7200,3,437.5300,10,437.2900,27,0.0000,0,0.0000,0,439.8000,4,440.0000,6,440.4600,1,440.6900,4,440.9900,3,441.0000,6,443.5800,4,443.5900,3,443.6400,5,443.6500,7
1774131019.8668718,438.4000,3,438.3900,3,438.0500,3,438.0000,2,437.9300,3,437.7300,4,437.7200,3,437.5300,10,437.2900,27,0.0000,0,439.8000,4,440.0000,6,440.4600,1,440.6900,4,440.9900,3,441.0000,6,443.5800,4,443.5900,3,443.6400,5,443.6500,7
1774131020.8773282,438.4000,3,438.3900,3,438.0500,3,438.0000,2,437.9300,3,437.7300,4,437.7200,3,437.5300,10,437.2900,27,0.0000,0,439.5600,4,439.8000,4,440.0000,6,440.4600,1,440.6900,4,440.9900,3,441.0000,6,443.5800,4,443.5900,3,443.6400,5
1774131021.8779237,438.4000,3,438.3900,3,438.0500,3,438.0000,2,437.9300,3,437.7300,4,437.7200,3,437.5300,10,437.2900,27,0.0000,0,439.5600,4,439.8000,4,440.0000,6,440.4600,1,440.6900,4,440.9900,3,441.0000,6,443.5800,4,443.5900,3,443.6400,5
1774131022.8844697,438.4000,3,438.3900,3,438.0500,3,438.0000,2,437.9300,3,437.7300,4,437.7200,3,437.5300,10,437.2900,27,0.0000,0,439.5600,4,439.8000,4,440.0000,6,440.4600,1,440.6900,4,440.9900,3,441.0000,6,443.5800,4,443.5900,3,443.6400,5
