wall_time,sim_time,symbol,event,side,price,lots,detail
18:53:31,2018-08-16 09:30:51,CS1,MM_SUSPENDED,,,,warming up (1/15 cycles)
18:53:31,2018-08-16 09:30:51,CS2,MM_SUSPENDED,,,,warming up (1/15 cycles)
18:53:33,2018-08-16 09:30:52,CS1,MM_SUSPENDED,,,,warming up (2/15 cycles)
18:53:33,2018-08-16 09:30:52,CS2,MM_SUSPENDED,,,,warming up (2/15 cycles)
18:53:35,2018-08-16 09:30:54,CS2,ARB_DETECT,,204.38/204.21,48,agg_bid=76L agg_ask=179L submitting=48L
18:53:35,2018-08-16 09:30:54,CS2,ARB_SUBMIT,BOTH,,48,buy_id=bf750fc4 sell_id=ea150d02
18:53:35,2018-08-16 09:30:54,CS1,MM_SUSPENDED,,,,warming up (3/15 cycles)
18:53:35,2018-08-16 09:30:54,CS2,STAB_RESET,,,,bad spread=-3.4400 — window cleared
18:53:35,2018-08-16 09:30:54,CS2,MM_SUSPENDED,,,,empty book — window reset
18:53:35,2018-08-16 09:30:54,CS2,ARB_DETECT,,204.38/200.94,49,agg_bid=189L agg_ask=218L submitting=49L
18:53:35,2018-08-16 09:30:54,CS2,ARB_SUBMIT,BOTH,,49,buy_id=286f2af4 sell_id=36bae551
18:53:36,2018-08-16 09:30:55,CS2,ARB_DETECT,,204.38/200.94,49,agg_bid=189L agg_ask=218L submitting=49L
18:53:36,2018-08-16 09:30:55,CS2,ARB_SUBMIT,BOTH,,49,buy_id=1a748e75 sell_id=3fd081fa
18:53:36,2018-08-16 09:30:55,CS2,ARB_DETECT,,204.38/200.94,49,agg_bid=189L agg_ask=218L submitting=49L
18:53:36,2018-08-16 09:30:55,CS2,ARB_SUBMIT,BOTH,,49,buy_id=74d99be6 sell_id=5fc062a9
18:53:37,2018-08-16 09:30:56,CS1,MM_SUSPENDED,,,,warming up (4/15 cycles)
18:53:37,2018-08-16 09:30:56,CS2,ARB_DETECT,,204.38/200.94,49,agg_bid=189L agg_ask=216L submitting=49L
18:53:37,2018-08-16 09:30:56,CS2,ARB_SUBMIT,BOTH,,49,buy_id=58b14275 sell_id=b0d6d98e
18:53:37,2018-08-16 09:30:56,CS2,MM_SUSPENDED,,,,empty book — window reset
18:53:38,2018-08-16 09:30:57,CS2,ARB_DETECT,,204.38/200.94,49,agg_bid=112L agg_ask=213L submitting=49L
18:53:38,2018-08-16 09:30:57,CS2,ARB_SUBMIT,BOTH,,49,buy_id=218e3cfc sell_id=3b7f20d7
18:53:38,2018-08-16 09:30:58,CS2,ARB_DETECT,,204.38/200.94,49,agg_bid=112L agg_ask=213L submitting=49L
18:53:38,2018-08-16 09:30:58,CS2,ARB_SUBMIT,BOTH,,49,buy_id=92d183ac sell_id=42a6e239
18:53:39,2018-08-16 09:30:58,CS2,ARB_DETECT,,204.36/200.94,49,agg_bid=77L agg_ask=179L submitting=49L
18:53:39,2018-08-16 09:30:58,CS2,ARB_SUBMIT,BOTH,,49,buy_id=94019d20 sell_id=a46aef22
18:53:39,2018-08-16 09:30:59,CS1,MM_SUSPENDED,,,,warming up (5/15 cycles)
18:53:39,2018-08-16 09:30:59,CS2,MM_SUSPENDED,,,,empty book — window reset
18:53:40,2018-08-16 09:30:59,CS2,ARB_DETECT,,204.36/200.95,49,agg_bid=57L agg_ask=191L submitting=49L
18:53:40,2018-08-16 09:30:59,CS2,ARB_SUBMIT,BOTH,,49,buy_id=24c0ae69 sell_id=7adefbd6
18:53:40,2018-08-16 09:30:59,CS2,ARB_DETECT,,204.36/200.95,49,agg_bid=57L agg_ask=158L submitting=49L
18:53:40,2018-08-16 09:30:59,CS2,ARB_SUBMIT,BOTH,,49,buy_id=c4a9f1ff sell_id=1469bb73
18:53:41,2018-08-16 09:31:01,CS2,ARB_DETECT,,204.36/200.95,49,agg_bid=49L agg_ask=158L submitting=49L
18:53:41,2018-08-16 09:31:01,CS2,ARB_SUBMIT,BOTH,,49,buy_id=b0e04862 sell_id=84caf362
18:53:41,2018-08-16 09:31:01,CS1,MM_SUSPENDED,,,,warming up (6/15 cycles)
18:53:41,2018-08-16 09:31:01,CS2,MM_SUSPENDED,,,,empty book — window reset
18:53:41,2018-08-16 09:31:01,CS2,ARB_DETECT,,204.14/200.95,29,agg_bid=29L agg_ask=93L submitting=29L
18:53:41,2018-08-16 09:31:01,CS2,ARB_SUBMIT,BOTH,,29,buy_id=7c346964 sell_id=b93ccc0d
18:53:42,2018-08-16 09:31:02,CS2,ARB_DETECT,,200.98/200.95,20,agg_bid=20L agg_ask=92L submitting=20L
18:53:42,2018-08-16 09:31:02,CS2,ARB_SUBMIT,BOTH,,20,buy_id=cbe9e71d sell_id=7007ca4b
18:53:43,2018-08-16 09:31:04,CS2,ARB_DETECT,,200.98/200.95,18,agg_bid=18L agg_ask=92L submitting=18L
18:53:43,2018-08-16 09:31:04,CS2,ARB_SUBMIT,BOTH,,18,buy_id=0049c32e sell_id=3e24171a
18:53:43,2018-08-16 09:31:04,CS1,MM_SUSPENDED,,,,warming up (7/15 cycles)
18:53:43,2018-08-16 09:31:04,CS2,ARB_DETECT,,200.98/200.96,6,agg_bid=6L agg_ask=41L submitting=6L
18:53:43,2018-08-16 09:31:04,CS2,ARB_SUBMIT,BOTH,,6,buy_id=ea099fe7 sell_id=1e8e7430
18:53:43,2018-08-16 09:31:04,CS2,MM_SUSPENDED,,,,empty book — window reset
18:53:44,2018-08-16 09:31:06,CS2,ARB_FILLED,BUY,200.9635,48,fully filled
18:53:45,2018-08-16 09:31:07,CS1,MM_SUSPENDED,,,,warming up (8/15 cycles)
18:53:45,2018-08-16 09:31:07,CS2,MM_SUSPENDED,,,,warming up (1/15 cycles)
18:53:47,2018-08-16 09:31:10,CS1,MM_SUSPENDED,,,,warming up (9/15 cycles)
18:53:47,2018-08-16 09:31:10,CS2,MM_SUSPENDED,,,,warming up (2/15 cycles)
18:53:48,2018-08-16 09:31:10,CS1,ARB_DETECT,,99.76/99.15,12,agg_bid=12L agg_ask=168L submitting=12L
18:53:48,2018-08-16 09:31:10,CS1,ARB_SUBMIT,BOTH,,12,buy_id=98ce28f8 sell_id=3004f551
18:53:49,2018-08-16 09:31:11,CS1,ARB_DETECT,,99.76/99.15,12,agg_bid=12L agg_ask=168L submitting=12L
18:53:49,2018-08-16 09:31:11,CS1,ARB_SUBMIT,BOTH,,12,buy_id=750302a3 sell_id=45721e6e
18:53:49,2018-08-16 09:31:11,CS2,ARB_FILLED,SELL,200.9704,49,fully filled
18:53:49,2018-08-16 09:31:11,CS1,ARB_DETECT,,99.76/99.15,12,agg_bid=12L agg_ask=168L submitting=12L
18:53:49,2018-08-16 09:31:11,CS1,ARB_SUBMIT,BOTH,,12,buy_id=6393cbd2 sell_id=b018925b
18:53:49,2018-08-16 09:31:11,CS1,STAB_RESET,,,,bad spread=-0.6100 — window cleared
18:53:49,2018-08-16 09:31:11,CS1,MM_SUSPENDED,,,,empty book — window reset
18:53:49,2018-08-16 09:31:11,CS2,MM_SUSPENDED,,,,warming up (3/15 cycles)
18:53:50,2018-08-16 09:31:12,CS1,ARB_DETECT,,99.76/99.15,12,agg_bid=12L agg_ask=148L submitting=12L
18:53:50,2018-08-16 09:31:12,CS1,ARB_SUBMIT,BOTH,,12,buy_id=e322dd82 sell_id=f9ad880b
18:53:51,2018-08-16 09:31:12,CS1,ARB_DETECT,,99.76/99.15,12,agg_bid=12L agg_ask=148L submitting=12L
18:53:51,2018-08-16 09:31:12,CS1,ARB_SUBMIT,BOTH,,12,buy_id=1408ba9e sell_id=637673cb
18:53:51,2018-08-16 09:31:12,CS2,ARB_DETECT,,203.89/199.93,50,agg_bid=155L agg_ask=172L submitting=50L
18:53:51,2018-08-16 09:31:12,CS2,ARB_SUBMIT,BOTH,,50,buy_id=4a47dc5e sell_id=1a7e3216
18:53:51,2018-08-16 09:31:13,CS1,ARB_DETECT,,99.76/99.15,12,agg_bid=12L agg_ask=148L submitting=12L
18:53:51,2018-08-16 09:31:13,CS1,ARB_SUBMIT,BOTH,,12,buy_id=184e19c4 sell_id=9c79966f
18:53:51,2018-08-16 09:31:13,CS2,ARB_DETECT,,203.88/199.93,50,agg_bid=119L agg_ask=155L submitting=50L
18:53:51,2018-08-16 09:31:13,CS2,ARB_SUBMIT,BOTH,,50,buy_id=b8776528 sell_id=00bd6df2
18:53:51,2018-08-16 09:31:13,CS1,MM_SUSPENDED,,,,empty book — window reset
18:53:51,2018-08-16 09:31:13,CS2,STAB_RESET,,,,bad spread=-3.9500 — window cleared
18:53:51,2018-08-16 09:31:13,CS2,MM_SUSPENDED,,,,empty book — window reset
18:53:52,2018-08-16 09:31:13,CS1,ARB_DETECT,,99.76/99.15,12,agg_bid=12L agg_ask=148L submitting=12L
18:53:52,2018-08-16 09:31:13,CS1,ARB_SUBMIT,BOTH,,12,buy_id=36e224f9 sell_id=d2cdf1c5
18:53:52,2018-08-16 09:31:13,CS2,ARB_DETECT,,203.88/199.94,50,agg_bid=115L agg_ask=119L submitting=50L
18:53:52,2018-08-16 09:31:13,CS2,ARB_SUBMIT,BOTH,,50,buy_id=83f6ba9e sell_id=acc78364
18:53:52,2018-08-16 09:31:13,CS2,ARB_DETECT,,203.88/199.94,50,agg_bid=115L agg_ask=111L submitting=50L
18:53:52,2018-08-16 09:31:13,CS2,ARB_SUBMIT,BOTH,,50,buy_id=64f8b41d sell_id=525d5004
18:53:53,2018-08-16 09:31:15,CS2,ARB_DETECT,,203.88/198.74,50,agg_bid=161L agg_ask=193L submitting=50L
18:53:53,2018-08-16 09:31:15,CS2,ARB_SUBMIT,BOTH,,50,buy_id=b7a6011c sell_id=9fa59a7a
18:53:53,2018-08-16 09:31:15,CS1,MM_SUSPENDED,,,,empty book — window reset
18:53:53,2018-08-16 09:31:15,CS2,MM_SUSPENDED,,,,empty book — window reset
18:53:54,2018-08-16 09:31:16,CS1,ARB_DETECT,,100.82/99.15,100,agg_bid=251L agg_ask=152L submitting=100L
18:53:54,2018-08-16 09:31:16,CS1,ARB_SUBMIT,BOTH,,100,buy_id=eb1eaf84 sell_id=ad699662
18:53:54,2018-08-16 09:31:16,CS2,ARB_DETECT,,203.88/198.74,50,agg_bid=161L agg_ask=193L submitting=50L
18:53:54,2018-08-16 09:31:16,CS2,ARB_SUBMIT,BOTH,,50,buy_id=b538e970 sell_id=24d1f3c3
18:53:54,2018-08-16 09:31:16,CS1,ARB_DETECT,,100.81/99.15,100,agg_bid=175L agg_ask=152L submitting=100L
18:53:54,2018-08-16 09:31:16,CS1,ARB_SUBMIT,BOTH,,100,buy_id=89303e4d sell_id=bc285193
18:53:54,2018-08-16 09:31:16,CS2,ARB_DETECT,,203.88/198.74,50,agg_bid=161L agg_ask=193L submitting=50L
18:53:54,2018-08-16 09:31:16,CS2,ARB_SUBMIT,BOTH,,50,buy_id=3594cc87 sell_id=a97f2510
18:53:55,2018-08-16 09:31:17,CS1,ARB_DETECT,,100.81/99.16,100,agg_bid=154L agg_ask=114L submitting=100L
18:53:55,2018-08-16 09:31:17,CS1,ARB_SUBMIT,BOTH,,100,buy_id=0c9bc151 sell_id=f2b373d0
18:53:55,2018-08-16 09:31:17,CS2,ARB_DETECT,,203.88/198.74,50,agg_bid=161L agg_ask=193L submitting=50L
18:53:55,2018-08-16 09:31:17,CS2,ARB_SUBMIT,BOTH,,50,buy_id=e336db38 sell_id=d0965e4c
18:53:55,2018-08-16 09:31:17,CS1,ARB_DETECT,,100.8/99.16,94,agg_bid=113L agg_ask=94L submitting=94L
18:53:55,2018-08-16 09:31:17,CS1,ARB_SUBMIT,BOTH,,94,buy_id=249496cb sell_id=c75047cb
18:53:55,2018-08-16 09:31:17,CS1,MM_SUSPENDED,,,,empty book — window reset
18:53:55,2018-08-16 09:31:17,CS2,ARB_DETECT,,203.88/198.74,50,agg_bid=161L agg_ask=193L submitting=50L
18:53:55,2018-08-16 09:31:17,CS2,ARB_SUBMIT,BOTH,,50,buy_id=ba1af009 sell_id=10ce6b36
18:53:55,2018-08-16 09:31:17,CS2,MM_SUSPENDED,,,,empty book — window reset
18:53:56,2018-08-16 09:31:18,CS1,ARB_DETECT,,100.8/99.16,94,agg_bid=113L agg_ask=94L submitting=94L
18:53:56,2018-08-16 09:31:18,CS1,ARB_SUBMIT,BOTH,,94,buy_id=3955d4db sell_id=579b89c7
18:53:56,2018-08-16 09:31:18,CS2,ARB_DETECT,,203.88/198.74,50,agg_bid=161L agg_ask=153L submitting=50L
18:53:56,2018-08-16 09:31:18,CS2,ARB_SUBMIT,BOTH,,50,buy_id=b70822f6 sell_id=0437f95d
18:53:57,2018-08-16 09:31:19,CS1,ARB_FILLED,BUY,99.1667,12,fully filled
18:53:57,2018-08-16 09:31:19,CS1,ARB_FILLED,SELL,100.8,12,fully filled
18:53:57,2018-08-16 09:31:19,CS1,ARB_FILLED,BUY,99.17,12,fully filled
18:53:57,2018-08-16 09:31:19,CS1,ARB_FILLED,SELL,100.8,12,fully filled
18:53:57,2018-08-16 09:31:19,CS1,ARB_DETECT,,100.8/99.17,41,agg_bid=89L agg_ask=41L submitting=41L
18:53:57,2018-08-16 09:31:19,CS1,ARB_SUBMIT,BOTH,,41,buy_id=3de0fde9 sell_id=dcf40104
18:53:57,2018-08-16 09:31:19,CS2,ARB_DETECT,,203.88/198.75,50,agg_bid=161L agg_ask=154L submitting=50L
18:53:57,2018-08-16 09:31:19,CS2,ARB_SUBMIT,BOTH,,50,buy_id=200a10ac sell_id=889a7464
18:53:57,2018-08-16 09:31:19,CS1,ARB_FILLED,BUY,99.17,12,fully filled
18:53:57,2018-08-16 09:31:19,CS1,ARB_FILLED,SELL,100.8,12,fully filled
18:53:57,2018-08-16 09:31:19,CS1,ARB_FILLED,BUY,99.17,12,fully filled
18:53:57,2018-08-16 09:31:19,CS1,ARB_FILLED,SELL,100.7908,12,fully filled
18:53:57,2018-08-16 09:31:19,CS1,ARB_DETECT,,100.79/99.17,17,agg_bid=41L agg_ask=17L submitting=17L
18:53:57,2018-08-16 09:31:19,CS1,ARB_SUBMIT,BOTH,,17,buy_id=b1a9e290 sell_id=fae45531
18:53:57,2018-08-16 09:31:19,CS2,ARB_DETECT,,203.88/198.75,50,agg_bid=161L agg_ask=154L submitting=50L
18:53:57,2018-08-16 09:31:19,CS2,ARB_SUBMIT,BOTH,,50,buy_id=eeae52d5 sell_id=5ed46d0a
18:53:58,2018-08-16 09:31:20,CS1,MM_SUSPENDED,,,,warming up (1/15 cycles)
18:53:58,2018-08-16 09:31:20,CS2,MM_SUSPENDED,,,,empty book — window reset
18:53:58,2018-08-16 09:31:20,CS2,ARB_DETECT,,203.88/198.75,50,agg_bid=144L agg_ask=154L submitting=50L
18:53:58,2018-08-16 09:31:20,CS2,ARB_SUBMIT,BOTH,,50,buy_id=105b0aec sell_id=561a834e
18:53:59,2018-08-16 09:31:22,CS2,ARB_DETECT,,203.88/198.77,50,agg_bid=143L agg_ask=270L submitting=50L
18:53:59,2018-08-16 09:31:22,CS2,ARB_SUBMIT,BOTH,,50,buy_id=5d3aa95a sell_id=20affebc
18:53:59,2018-08-16 09:31:22,CS2,ARB_DETECT,,203.87/198.77,50,agg_bid=156L agg_ask=265L submitting=50L
18:53:59,2018-08-16 09:31:22,CS2,ARB_SUBMIT,BOTH,,50,buy_id=349287b3 sell_id=985fd872
18:54:00,2018-08-16 09:31:23,CS1,MM_SUSPENDED,,,,warming up (2/15 cycles)
18:54:00,2018-08-16 09:31:23,CS2,MM_SUSPENDED,,,,empty book — window reset
18:54:00,2018-08-16 09:31:23,CS2,ARB_DETECT,,203.87/198.77,50,agg_bid=156L agg_ask=253L submitting=50L
18:54:00,2018-08-16 09:31:23,CS2,ARB_SUBMIT,BOTH,,50,buy_id=0d691a88 sell_id=a9890d26
18:54:00,2018-08-16 09:31:24,CS2,ARB_DETECT,,203.87/198.77,50,agg_bid=150L agg_ask=247L submitting=50L
18:54:00,2018-08-16 09:31:24,CS2,ARB_SUBMIT,BOTH,,50,buy_id=2089d915 sell_id=53376de9
18:54:01,2018-08-16 09:31:24,CS2,ARB_DETECT,,203.87/198.77,50,agg_bid=150L agg_ask=247L submitting=50L
18:54:01,2018-08-16 09:31:24,CS2,ARB_SUBMIT,BOTH,,50,buy_id=ce0f4235 sell_id=250182f0
18:54:02,2018-08-16 09:31:24,CS1,MM_SUSPENDED,,,,warming up (3/15 cycles)
18:54:02,2018-08-16 09:31:24,CS2,ARB_DETECT,,203.87/198.77,50,agg_bid=150L agg_ask=247L submitting=50L
18:54:02,2018-08-16 09:31:24,CS2,ARB_SUBMIT,BOTH,,50,buy_id=0c1ad2d5 sell_id=1f407b9d
18:54:02,2018-08-16 09:31:24,CS2,MM_SUSPENDED,,,,empty book — window reset
18:54:02,2018-08-16 09:31:24,CS1,ARB_DETECT,,99.12/98.46,20,agg_bid=20L agg_ask=62L submitting=20L
18:54:02,2018-08-16 09:31:24,CS1,ARB_SUBMIT,BOTH,,20,buy_id=895ddca1 sell_id=bc64cc96
18:54:02,2018-08-16 09:31:24,CS2,ARB_DETECT,,203.87/198.77,50,agg_bid=150L agg_ask=247L submitting=50L
18:54:02,2018-08-16 09:31:24,CS2,ARB_SUBMIT,BOTH,,50,buy_id=7c2fb853 sell_id=ed8939fc
18:54:03,2018-08-16 09:31:25,CS1,ARB_DETECT,,100.07/98.46,60,agg_bid=60L agg_ask=74L submitting=60L
18:54:03,2018-08-16 09:31:25,CS1,ARB_SUBMIT,BOTH,,60,buy_id=8d1794a6 sell_id=2619a767
18:54:03,2018-08-16 09:31:25,CS2,ARB_DETECT,,203.87/199.95,50,agg_bid=150L agg_ask=244L submitting=50L
18:54:03,2018-08-16 09:31:25,CS2,ARB_SUBMIT,BOTH,,50,buy_id=72ec6223 sell_id=6898dc04
18:54:03,2018-08-16 09:31:25,CS1,ARB_FILLED,BUY,98.4629,41,fully filled
18:54:03,2018-08-16 09:31:25,CS1,ARB_FILLED,SELL,100.0617,41,fully filled
18:54:03,2018-08-16 09:31:25,CS1,ARB_DETECT,,99.12/98.47,20,agg_bid=20L agg_ask=21L submitting=20L
18:54:03,2018-08-16 09:31:25,CS1,ARB_SUBMIT,BOTH,,20,buy_id=58f5e064 sell_id=58071816
18:54:03,2018-08-16 09:31:25,CS2,ARB_DETECT,,203.87/199.96,50,agg_bid=150L agg_ask=192L submitting=50L
18:54:03,2018-08-16 09:31:25,CS2,ARB_SUBMIT,BOTH,,50,buy_id=3c02e9a1 sell_id=6d2fdf6f
18:54:04,2018-08-16 09:31:25,CS1,STAB_RESET,,,,bad spread=-0.6500 — window cleared
18:54:04,2018-08-16 09:31:25,CS1,MM_SUSPENDED,,,,empty book — window reset
18:54:04,2018-08-16 09:31:25,CS2,MM_SUSPENDED,,,,empty book — window reset
18:54:04,2018-08-16 09:31:26,CS1,ARB_DETECT,,99.12/98.47,1,agg_bid=20L agg_ask=1L submitting=1L
18:54:04,2018-08-16 09:31:26,CS1,ARB_SUBMIT,BOTH,,1,buy_id=5e79c212 sell_id=14a57e1c
18:54:04,2018-08-16 09:31:26,CS2,ARB_DETECT,,203.87/199.96,50,agg_bid=150L agg_ask=191L submitting=50L
18:54:04,2018-08-16 09:31:26,CS2,ARB_SUBMIT,BOTH,,50,buy_id=ece4a2ef sell_id=b5d0559a
18:54:05,2018-08-16 09:31:26,CS2,ARB_DETECT,,203.87/199.96,50,agg_bid=69L agg_ask=191L submitting=50L
18:54:05,2018-08-16 09:31:26,CS2,ARB_SUBMIT,BOTH,,50,buy_id=e116a29b sell_id=d119b5ed
18:54:05,2018-08-16 09:31:27,CS2,ARB_DETECT,,203.86/199.97,48,agg_bid=48L agg_ask=147L submitting=48L
18:54:05,2018-08-16 09:31:27,CS2,ARB_SUBMIT,BOTH,,48,buy_id=0dd17c1a sell_id=90a6c92b
18:54:06,2018-08-16 09:31:27,CS1,MM_SUSPENDED,,,,empty book — window reset
18:54:06,2018-08-16 09:31:27,CS2,MM_SUSPENDED,,,,empty book — window reset
18:54:06,2018-08-16 09:31:27,CS1,ARB_DETECT,,98.84/98.42,101,agg_bid=281L agg_ask=269L submitting=101L
18:54:06,2018-08-16 09:31:27,CS1,ARB_SUBMIT,BOTH,,101,buy_id=0437673d sell_id=c0c1db9d
18:54:06,2018-08-16 09:31:27,CS2,ARB_DETECT,,203.86/199.97,48,agg_bid=48L agg_ask=147L submitting=48L
18:54:06,2018-08-16 09:31:27,CS2,ARB_SUBMIT,BOTH,,48,buy_id=8a9aea79 sell_id=8b1b502b
18:54:07,2018-08-16 09:31:29,CS1,ARB_DETECT,,98.84/98.42,101,agg_bid=281L agg_ask=247L submitting=101L
18:54:07,2018-08-16 09:31:29,CS1,ARB_SUBMIT,BOTH,,101,buy_id=527b0188 sell_id=a7ac975e
18:54:07,2018-08-16 09:31:29,CS2,ARB_DETECT,,203.86/199.98,44,agg_bid=44L agg_ask=131L submitting=44L
18:54:07,2018-08-16 09:31:29,CS2,ARB_SUBMIT,BOTH,,44,buy_id=b3c15da0 sell_id=8fbd8cb0
18:54:07,2018-08-16 09:31:29,CS1,ARB_DETECT,,98.84/98.42,101,agg_bid=281L agg_ask=207L submitting=101L
18:54:07,2018-08-16 09:31:29,CS1,ARB_SUBMIT,BOTH,,101,buy_id=bcbad23d sell_id=b3a4bd12
18:54:07,2018-08-16 09:31:29,CS2,ARB_DETECT,,203.86/199.98,44,agg_bid=44L agg_ask=131L submitting=44L
18:54:07,2018-08-16 09:31:29,CS2,ARB_SUBMIT,BOTH,,44,buy_id=a1a31f2f sell_id=87a986ba
18:54:08,2018-08-16 09:31:31,CS1,ARB_DETECT,,98.84/98.42,101,agg_bid=281L agg_ask=207L submitting=101L
18:54:08,2018-08-16 09:31:31,CS1,ARB_SUBMIT,BOTH,,101,buy_id=5c897c80 sell_id=55dad544
18:54:08,2018-08-16 09:31:31,CS1,MM_SUSPENDED,,,,empty book — window reset
18:54:08,2018-08-16 09:31:31,CS2,ARB_DETECT,,203.86/199.99,37,agg_bid=37L agg_ask=79L submitting=37L
18:54:08,2018-08-16 09:31:31,CS2,ARB_SUBMIT,BOTH,,37,buy_id=74bd9d9d sell_id=bd97446f
18:54:08,2018-08-16 09:31:31,CS2,MM_SUSPENDED,,,,empty book — window reset
18:54:08,2018-08-16 09:31:32,CS1,ARB_FILLED,BUY,98.421,20,fully filled
18:54:08,2018-08-16 09:31:32,CS1,ARB_FILLED,SELL,98.84,20,fully filled
18:54:08,2018-08-16 09:31:32,CS1,ARB_FILLED,BUY,98.43,20,fully filled
18:54:08,2018-08-16 09:31:32,CS1,ARB_FILLED,BUY,98.43,1,fully filled
18:54:08,2018-08-16 09:31:32,CS1,ARB_FILLED,SELL,98.84,1,fully filled
18:54:08,2018-08-16 09:31:32,CS1,ARB_DETECT,,98.84/98.43,101,agg_bid=248L agg_ask=146L submitting=101L
18:54:08,2018-08-16 09:31:32,CS1,ARB_SUBMIT,BOTH,,101,buy_id=919361a1 sell_id=9611f85c
18:54:08,2018-08-16 09:31:32,CS2,ARB_DETECT,,203.86/199.99,37,agg_bid=37L agg_ask=79L submitting=37L
18:54:08,2018-08-16 09:31:32,CS2,ARB_SUBMIT,BOTH,,37,buy_id=fa3516f9 sell_id=af63bd3c
18:54:09,2018-08-16 09:31:33,CS1,ARB_DETECT,,98.84/98.44,86,agg_bid=240L agg_ask=86L submitting=86L
18:54:09,2018-08-16 09:31:33,CS1,ARB_SUBMIT,BOTH,,86,buy_id=a3278408 sell_id=6a5ab98a
18:54:09,2018-08-16 09:31:33,CS2,ARB_DETECT,,203.85/199.99,7,agg_bid=7L agg_ask=79L submitting=7L
18:54:09,2018-08-16 09:31:33,CS2,ARB_SUBMIT,BOTH,,7,buy_id=c7c27309 sell_id=4ccbdf83
18:54:10,2018-08-16 09:31:34,CS1,ARB_DETECT,,98.84/98.44,86,agg_bid=216L agg_ask=86L submitting=86L
18:54:10,2018-08-16 09:31:34,CS1,ARB_SUBMIT,BOTH,,86,buy_id=17f72a57 sell_id=2e36ea2a
18:54:10,2018-08-16 09:31:34,CS2,ARB_DETECT,,199.94/198.77,16,agg_bid=182L agg_ask=16L submitting=16L
18:54:10,2018-08-16 09:31:34,CS2,ARB_SUBMIT,BOTH,,16,buy_id=3f76d7b5 sell_id=0db1a747
18:54:10,2018-08-16 09:31:34,CS1,MM_SUSPENDED,,,,empty book — window reset
18:54:10,2018-08-16 09:31:34,CS2,MM_SUSPENDED,,,,empty book — window reset
18:54:10,2018-08-16 09:31:34,CS1,ARB_DETECT,,98.84/98.44,86,agg_bid=216L agg_ask=86L submitting=86L
18:54:10,2018-08-16 09:31:34,CS1,ARB_SUBMIT,BOTH,,86,buy_id=3ece5153 sell_id=90753b04
18:54:11,2018-08-16 09:31:36,CS1,ARB_DETECT,,98.82/98.44,84,agg_bid=103L agg_ask=84L submitting=84L
18:54:11,2018-08-16 09:31:36,CS1,ARB_SUBMIT,BOTH,,84,buy_id=b46699d6 sell_id=2b7d5be8
18:54:12,2018-08-16 09:31:36,CS1,MM_SUSPENDED,,,,warming up (1/15 cycles)
18:54:12,2018-08-16 09:31:36,CS2,MM_SUSPENDED,,,,warming up (1/15 cycles)
18:54:13,2018-08-16 09:31:38,CS1,ARB_FILLED,SELL,98.41,101,fully filled
18:54:14,2018-08-16 09:31:39,CS1,ARB_DETECT,,99.72/98.46,20,agg_bid=20L agg_ask=69L submitting=20L
18:54:14,2018-08-16 09:31:39,CS1,ARB_SUBMIT,BOTH,,20,buy_id=61b93070 sell_id=b2f1ecf1
18:54:14,2018-08-16 09:31:39,CS1,STAB_RESET,,,,bad spread=-1.2600 — window cleared
18:54:14,2018-08-16 09:31:39,CS1,MM_SUSPENDED,,,,empty book — window reset
18:54:14,2018-08-16 09:31:39,CS2,ARB_DETECT,,199.95/199.94,7,agg_bid=20L agg_ask=7L submitting=7L
18:54:14,2018-08-16 09:31:39,CS2,ARB_SUBMIT,BOTH,,7,buy_id=91c1fb31 sell_id=88a61907
18:54:14,2018-08-16 09:31:39,CS2,STAB_RESET,,,,bad spread=-0.0100 — window cleared
18:54:14,2018-08-16 09:31:39,CS2,MM_SUSPENDED,,,,empty book — window reset
18:54:15,2018-08-16 09:31:39,CS2,ARB_DETECT,,199.95/199.94,7,agg_bid=20L agg_ask=7L submitting=7L
18:54:15,2018-08-16 09:31:39,CS2,ARB_SUBMIT,BOTH,,7,buy_id=fcc3b22c sell_id=f51ec0c7
18:54:16,2018-08-16 09:31:42,CS1,MM_SUSPENDED,,,,warming up (1/15 cycles)
18:54:16,2018-08-16 09:31:42,CS2,MM_SUSPENDED,,,,warming up (1/15 cycles)
18:54:17,2018-08-16 09:31:43,CS1,ARB_DETECT,,100.39/98.43,9,agg_bid=9L agg_ask=209L submitting=9L
18:54:17,2018-08-16 09:31:43,CS1,ARB_SUBMIT,BOTH,,9,buy_id=2bcd4c0e sell_id=85855099
18:54:17,2018-08-16 09:31:43,CS2,ARB_DETECT,,200.6/199.94,1,agg_bid=1L agg_ask=19L submitting=1L
18:54:17,2018-08-16 09:31:43,CS2,ARB_SUBMIT,BOTH,,1,buy_id=504a8d06 sell_id=38880042
18:54:18,2018-08-16 09:31:43,CS1,ARB_DETECT,,100.39/98.43,9,agg_bid=9L agg_ask=209L submitting=9L
18:54:18,2018-08-16 09:31:43,CS1,ARB_SUBMIT,BOTH,,9,buy_id=6823624f sell_id=0ca71512
18:54:18,2018-08-16 09:31:43,CS1,STAB_RESET,,,,bad spread=-1.9500 — window cleared
18:54:18,2018-08-16 09:31:43,CS1,MM_SUSPENDED,,,,empty book — window reset
18:54:18,2018-08-16 09:31:43,CS2,MM_SUSPENDED,,,,warming up (2/15 cycles)
18:54:18,2018-08-16 09:31:44,CS1,ARB_FILLED,BUY,98.43,20,fully filled
18:54:20,2018-08-16 09:31:45,CS1,MM_SUSPENDED,,,,warming up (1/15 cycles)
18:54:20,2018-08-16 09:31:45,CS2,MM_SUSPENDED,,,,warming up (3/15 cycles)
18:54:22,2018-08-16 09:31:47,CS1,ARB_FILLED,BUY,99.7,9,fully filled
18:54:22,2018-08-16 09:31:48,CS1,MM_SUSPENDED,,,,warming up (2/15 cycles)
18:54:22,2018-08-16 09:31:48,CS2,MM_SUSPENDED,,,,warming up (4/15 cycles)
18:54:24,2018-08-16 09:31:49,CS1,MM_SUSPENDED,,,,warming up (3/15 cycles)
18:54:24,2018-08-16 09:31:49,CS2,MM_SUSPENDED,,,,warming up (5/15 cycles)
18:54:26,2018-08-16 09:31:52,CS1,MM_SUSPENDED,,,,warming up (4/15 cycles)
18:54:26,2018-08-16 09:31:52,CS2,MM_SUSPENDED,,,,warming up (6/15 cycles)
18:54:27,2018-08-16 09:31:53,CS1,ARB_DETECT,,98.99/98.8,101,agg_bid=181L agg_ask=193L submitting=101L
18:54:27,2018-08-16 09:31:53,CS1,ARB_SUBMIT,BOTH,,101,buy_id=96c98b24 sell_id=5f715319
18:54:28,2018-08-16 09:31:54,CS1,ARB_DETECT,,98.99/98.83,63,agg_bid=181L agg_ask=63L submitting=63L
18:54:28,2018-08-16 09:31:54,CS1,ARB_SUBMIT,BOTH,,63,buy_id=de77fd6a sell_id=cdd4e6a2
18:54:28,2018-08-16 09:31:54,CS1,STAB_RESET,,,,bad spread=-0.1600 — window cleared
18:54:28,2018-08-16 09:31:54,CS1,MM_SUSPENDED,,,,empty book — window reset
18:54:28,2018-08-16 09:31:54,CS2,MM_SUSPENDED,,,,warming up (7/15 cycles)
18:54:29,2018-08-16 09:31:54,CS1,ARB_DETECT,,98.99/98.83,43,agg_bid=180L agg_ask=43L submitting=43L
18:54:29,2018-08-16 09:31:54,CS1,ARB_SUBMIT,BOTH,,43,buy_id=a3cad0f0 sell_id=4e5bfa02
18:54:30,2018-08-16 09:31:55,CS2,ARB_DETECT,,203.94/202.73,49,agg_bid=53L agg_ask=471L submitting=49L
18:54:30,2018-08-16 09:31:55,CS2,ARB_SUBMIT,BOTH,,49,buy_id=48b29614 sell_id=92292a65
18:54:30,2018-08-16 09:31:55,CS1,MM_SUSPENDED,,,,warming up (1/15 cycles)
18:54:30,2018-08-16 09:31:55,CS2,STAB_RESET,,,,bad spread=-1.2100 — window cleared
18:54:30,2018-08-16 09:31:55,CS2,MM_SUSPENDED,,,,empty book — window reset
18:54:30,2018-08-16 09:31:56,CS1,ARB_FILLED,BUY,99.01,43,fully filled
18:54:31,2018-08-16 09:31:56,CS2,ARB_DETECT,,203.91/202.73,44,agg_bid=44L agg_ask=470L submitting=44L
18:54:31,2018-08-16 09:31:56,CS2,ARB_SUBMIT,BOTH,,44,buy_id=1f6ad5a5 sell_id=3752502a
18:54:31,2018-08-16 09:31:56,CS2,ARB_DETECT,,203.91/202.73,44,agg_bid=44L agg_ask=470L submitting=44L
18:54:31,2018-08-16 09:31:56,CS2,ARB_SUBMIT,BOTH,,44,buy_id=0c71fb6f sell_id=eef4e133
18:54:32,2018-08-16 09:31:57,CS2,ARB_DETECT,,203.91/202.74,48,agg_bid=48L agg_ask=468L submitting=48L
18:54:32,2018-08-16 09:31:57,CS2,ARB_SUBMIT,BOTH,,48,buy_id=ca1ce4f5 sell_id=e06b6e91
18:54:32,2018-08-16 09:31:58,CS1,MM_SUSPENDED,,,,warming up (2/15 cycles)
18:54:32,2018-08-16 09:31:58,CS2,MM_SUSPENDED,,,,empty book — window reset
18:54:33,2018-08-16 09:31:58,CS2,ARB_DETECT,,203.9/202.74,27,agg_bid=27L agg_ask=468L submitting=27L
18:54:33,2018-08-16 09:31:58,CS2,ARB_SUBMIT,BOTH,,27,buy_id=7fd34dc1 sell_id=99084fd7
18:54:33,2018-08-16 09:31:59,CS2,ARB_DETECT,,203.9/202.74,7,agg_bid=7L agg_ask=368L submitting=7L
18:54:33,2018-08-16 09:31:59,CS2,ARB_SUBMIT,BOTH,,7,buy_id=7624a980 sell_id=d0e19d80
18:54:34,2018-08-16 09:31:59,CS2,ARB_FILLED,BUY,202.74,44,fully filled
18:54:34,2018-08-16 09:32:00,CS1,MM_SUSPENDED,,,,warming up (3/15 cycles)
18:54:34,2018-08-16 09:32:00,CS2,MM_SUSPENDED,,,,warming up (1/15 cycles)
18:54:35,2018-08-16 09:32:01,CS1,ARB_DETECT,,99.56/99.02,4,agg_bid=4L agg_ask=161L submitting=4L
18:54:35,2018-08-16 09:32:01,CS1,ARB_SUBMIT,BOTH,,4,buy_id=c8bc9254 sell_id=0ac6298c
18:54:36,2018-08-16 09:32:01,CS1,ARB_DETECT,,99.56/99.02,4,agg_bid=4L agg_ask=161L submitting=4L
18:54:36,2018-08-16 09:32:01,CS1,ARB_SUBMIT,BOTH,,4,buy_id=eb1c8922 sell_id=025123d1
18:54:36,2018-08-16 09:32:02,CS1,MM_SUSPENDED,,,,warming up (4/15 cycles)
18:54:36,2018-08-16 09:32:02,CS2,MM_SUSPENDED,,,,warming up (2/15 cycles)
18:54:39,2018-08-16 09:32:03,CS1,MM_SUSPENDED,,,,warming up (5/15 cycles)
18:54:39,2018-08-16 09:32:03,CS2,MM_SUSPENDED,,,,warming up (3/15 cycles)
18:54:40,2018-08-16 09:32:03,CS2,ARB_DETECT,,202.73/202.71,20,agg_bid=20L agg_ask=32L submitting=20L
18:54:40,2018-08-16 09:32:03,CS2,ARB_SUBMIT,BOTH,,20,buy_id=2a647764 sell_id=3a20ded4
18:54:41,2018-08-16 09:32:04,CS1,MM_SUSPENDED,,,,warming up (6/15 cycles)
18:54:41,2018-08-16 09:32:04,CS2,ARB_DETECT,,202.73/202.71,20,agg_bid=20L agg_ask=32L submitting=20L
18:54:41,2018-08-16 09:32:04,CS2,ARB_SUBMIT,BOTH,,20,buy_id=06ec3b3b sell_id=da57a12c
18:54:41,2018-08-16 09:32:04,CS2,STAB_RESET,,,,bad spread=-0.0200 — window cleared
18:54:41,2018-08-16 09:32:04,CS2,MM_SUSPENDED,,,,empty book — window reset
18:54:41,2018-08-16 09:32:04,CS1,ARB_FILLED,BUY,99.03,4,fully filled
18:54:41,2018-08-16 09:32:05,CS2,ARB_DETECT,,202.73/202.71,20,agg_bid=20L agg_ask=32L submitting=20L
18:54:41,2018-08-16 09:32:05,CS2,ARB_SUBMIT,BOTH,,20,buy_id=cbc0a9e6 sell_id=be8f2a3e
18:54:43,2018-08-16 09:32:07,CS1,MM_SUSPENDED,,,,warming up (7/15 cycles)
18:54:43,2018-08-16 09:32:07,CS2,MM_SUSPENDED,,,,warming up (1/15 cycles)
18:54:44,2018-08-16 09:32:10,CS2,ARB_FILLED,SELL,202.348,20,fully filled
18:54:45,2018-08-16 09:32:10,CS1,MM_SUSPENDED,,,,warming up (8/15 cycles)
18:54:45,2018-08-16 09:32:10,CS2,MM_SUSPENDED,,,,warming up (2/15 cycles)
18:54:45,2018-08-16 09:32:10,CS2,ARB_FILLED,SELL,202.33,20,fully filled
18:54:45,2018-08-16 09:32:10,CS1,ARB_DETECT,,99.9/99.71,100,agg_bid=163L agg_ask=139L submitting=100L
18:54:45,2018-08-16 09:32:10,CS1,ARB_SUBMIT,BOTH,,100,buy_id=8de05203 sell_id=d204225d
18:54:46,2018-08-16 09:32:11,CS1,ARB_DETECT,,99.9/99.71,100,agg_bid=163L agg_ask=139L submitting=100L
18:54:46,2018-08-16 09:32:11,CS1,ARB_SUBMIT,BOTH,,100,buy_id=ad4d0063 sell_id=22eab325
18:54:46,2018-08-16 09:32:11,CS1,ARB_DETECT,,99.9/99.72,98,agg_bid=143L agg_ask=98L submitting=98L
18:54:46,2018-08-16 09:32:11,CS1,ARB_SUBMIT,BOTH,,98,buy_id=d52327a3 sell_id=e1426fd9
18:54:47,2018-08-16 09:32:12,CS1,STAB_RESET,,,,bad spread=-0.1600 — window cleared
18:54:47,2018-08-16 09:32:12,CS1,MM_SUSPENDED,,,,empty book — window reset
18:54:47,2018-08-16 09:32:12,CS2,MM_SUSPENDED,,,,warming up (3/15 cycles)
18:54:49,2018-08-16 09:32:12,CS2,ARB_DETECT,,199.88/198.97,37,agg_bid=178L agg_ask=37L submitting=37L
18:54:49,2018-08-16 09:32:12,CS2,ARB_SUBMIT,BOTH,,37,buy_id=69a545b1 sell_id=3d03692a
18:54:49,2018-08-16 09:32:13,CS1,MM_SUSPENDED,,,,warming up (1/15 cycles)
18:54:49,2018-08-16 09:32:13,CS2,STAB_RESET,,,,bad spread=-1.9600 — window cleared
18:54:49,2018-08-16 09:32:13,CS2,MM_SUSPENDED,,,,empty book — window reset
18:54:49,2018-08-16 09:32:14,CS2,ARB_DETECT,,200.93/198.97,50,agg_bid=269L agg_ask=111L submitting=50L
18:54:49,2018-08-16 09:32:14,CS2,ARB_SUBMIT,BOTH,,50,buy_id=f63fb906 sell_id=e1e9f97a
18:54:50,2018-08-16 09:32:14,CS2,ARB_DETECT,,199.88/198.97,50,agg_bid=102L agg_ask=90L submitting=50L
18:54:50,2018-08-16 09:32:14,CS2,ARB_SUBMIT,BOTH,,50,buy_id=c13fef08 sell_id=9b165552
18:54:50,2018-08-16 09:32:15,CS2,ARB_FILLED,BUY,198.9757,37,fully filled
18:54:50,2018-08-16 09:32:15,CS2,ARB_DETECT,,202.95/198.98,50,agg_bid=265L agg_ask=65L submitting=50L
18:54:50,2018-08-16 09:32:15,CS2,ARB_SUBMIT,BOTH,,50,buy_id=5e4f67ec sell_id=c1e02cde
18:54:51,2018-08-16 09:32:16,CS1,MM_SUSPENDED,,,,warming up (2/15 cycles)
18:54:51,2018-08-16 09:32:16,CS2,MM_SUSPENDED,,,,empty book — window reset
18:54:51,2018-08-16 09:32:16,CS2,ARB_DETECT,,202.95/198.98,50,agg_bid=243L agg_ask=65L submitting=50L
18:54:51,2018-08-16 09:32:16,CS2,ARB_SUBMIT,BOTH,,50,buy_id=40115cd4 sell_id=bde82243
18:54:52,2018-08-16 09:32:16,CS2,ARB_DETECT,,202.94/200.95,49,agg_bid=189L agg_ask=262L submitting=49L
18:54:52,2018-08-16 09:32:16,CS2,ARB_SUBMIT,BOTH,,49,buy_id=f04da367 sell_id=114fa899
18:54:52,2018-08-16 09:32:17,CS2,ARB_DETECT,,202.94/200.98,49,agg_bid=175L agg_ask=246L submitting=49L
18:54:52,2018-08-16 09:32:17,CS2,ARB_SUBMIT,BOTH,,49,buy_id=516ae836 sell_id=983623fe
18:54:53,2018-08-16 09:32:18,CS1,MM_SUSPENDED,,,,warming up (3/15 cycles)
18:54:53,2018-08-16 09:32:18,CS2,ARB_DETECT,,202.94/200.98,49,agg_bid=151L agg_ask=246L submitting=49L
18:54:53,2018-08-16 09:32:18,CS2,ARB_SUBMIT,BOTH,,49,buy_id=90aa660b sell_id=7715e26c
18:54:53,2018-08-16 09:32:18,CS2,MM_SUSPENDED,,,,empty book — window reset
18:54:54,2018-08-16 09:32:19,CS2,ARB_DETECT,,202.94/200.98,49,agg_bid=150L agg_ask=246L submitting=49L
18:54:54,2018-08-16 09:32:19,CS2,ARB_SUBMIT,BOTH,,49,buy_id=5236e6e8 sell_id=42b532ac
18:54:54,2018-08-16 09:32:20,CS2,ARB_DETECT,,202.94/199.38,50,agg_bid=170L agg_ask=265L submitting=50L
18:54:54,2018-08-16 09:32:20,CS2,ARB_SUBMIT,BOTH,,50,buy_id=945df864 sell_id=0631e7de
18:54:55,2018-08-16 09:32:20,CS2,ARB_DETECT,,202.93/199.38,50,agg_bid=194L agg_ask=265L submitting=50L
18:54:55,2018-08-16 09:32:20,CS2,ARB_SUBMIT,BOTH,,50,buy_id=3adf376c sell_id=36181b80
18:54:55,2018-08-16 09:32:21,CS1,MM_SUSPENDED,,,,warming up (4/15 cycles)
18:54:55,2018-08-16 09:32:21,CS2,MM_SUSPENDED,,,,empty book — window reset
18:54:55,2018-08-16 09:32:21,CS2,ARB_DETECT,,199.88/199.39,50,agg_bid=102L agg_ask=169L submitting=50L
18:54:55,2018-08-16 09:32:21,CS2,ARB_SUBMIT,BOTH,,50,buy_id=0240ca80 sell_id=7d5ed23f
18:54:56,2018-08-16 09:32:21,CS1,ARB_DETECT,,100.37/99.93,20,agg_bid=28L agg_ask=20L submitting=20L
18:54:56,2018-08-16 09:32:21,CS1,ARB_SUBMIT,BOTH,,20,buy_id=2065e167 sell_id=8cd93dc5
18:54:56,2018-08-16 09:32:21,CS2,ARB_DETECT,,199.88/199.39,50,agg_bid=102L agg_ask=149L submitting=50L
18:54:56,2018-08-16 09:32:21,CS2,ARB_SUBMIT,BOTH,,50,buy_id=3acb9032 sell_id=61cd7689
18:54:56,2018-08-16 09:32:22,CS1,ARB_DETECT,,100.37/99.93,20,agg_bid=197L agg_ask=20L submitting=20L
18:54:56,2018-08-16 09:32:22,CS1,ARB_SUBMIT,BOTH,,20,buy_id=583c2b24 sell_id=f7e53073
18:54:57,2018-08-16 09:32:22,CS2,ARB_DETECT,,199.88/199.39,50,agg_bid=102L agg_ask=149L submitting=50L
18:54:57,2018-08-16 09:32:22,CS2,ARB_SUBMIT,BOTH,,50,buy_id=7a7f61aa sell_id=cb85ee35
18:54:57,2018-08-16 09:32:22,CS1,ARB_DETECT,,100.33/99.93,15,agg_bid=15L agg_ask=20L submitting=15L
18:54:57,2018-08-16 09:32:22,CS1,ARB_SUBMIT,BOTH,,15,buy_id=a38c362e sell_id=5820647a
18:54:57,2018-08-16 09:32:22,CS1,STAB_RESET,,,,bad spread=-0.4000 — window cleared
18:54:57,2018-08-16 09:32:22,CS1,MM_SUSPENDED,,,,empty book — window reset
18:54:57,2018-08-16 09:32:22,CS2,MM_SUSPENDED,,,,empty book — window reset
18:54:57,2018-08-16 09:32:22,CS2,ARB_DETECT,,199.88/199.39,50,agg_bid=102L agg_ask=149L submitting=50L
18:54:57,2018-08-16 09:32:22,CS2,ARB_SUBMIT,BOTH,,50,buy_id=c29f05e0 sell_id=6c9eaaee
18:54:58,2018-08-16 09:32:23,CS2,ARB_DETECT,,199.88/199.39,50,agg_bid=100L agg_ask=149L submitting=50L
18:54:58,2018-08-16 09:32:23,CS2,ARB_SUBMIT,BOTH,,50,buy_id=6d367ff0 sell_id=50b61db9
18:54:58,2018-08-16 09:32:23,CS2,ARB_DETECT,,201.97/200.15,35,agg_bid=35L agg_ask=269L submitting=35L
18:54:58,2018-08-16 09:32:23,CS2,ARB_SUBMIT,BOTH,,35,buy_id=0157f10c sell_id=a10cd93f
18:54:59,2018-08-16 09:32:24,CS1,MM_SUSPENDED,,,,warming up (1/15 cycles)
18:54:59,2018-08-16 09:32:24,CS2,ARB_DETECT,,201.98/200.15,49,agg_bid=325L agg_ask=209L submitting=49L
18:54:59,2018-08-16 09:32:24,CS2,ARB_SUBMIT,BOTH,,49,buy_id=bbf1fb9a sell_id=a2f46426
18:54:59,2018-08-16 09:32:24,CS2,MM_SUSPENDED,,,,empty book — window reset
18:55:00,2018-08-16 09:32:25,CS2,ARB_DETECT,,201.98/200.16,49,agg_bid=317L agg_ask=189L submitting=49L
18:55:00,2018-08-16 09:32:25,CS2,ARB_SUBMIT,BOTH,,49,buy_id=e8dbe76d sell_id=1157101d
18:55:00,2018-08-16 09:32:25,CS2,ARB_DETECT,,201.98/200.16,49,agg_bid=317L agg_ask=189L submitting=49L
18:55:00,2018-08-16 09:32:25,CS2,ARB_SUBMIT,BOTH,,49,buy_id=2ef96137 sell_id=00f0b770
18:55:01,2018-08-16 09:32:25,CS2,ARB_DETECT,,201.98/200.16,49,agg_bid=316L agg_ask=189L submitting=49L
18:55:01,2018-08-16 09:32:25,CS2,ARB_SUBMIT,BOTH,,49,buy_id=0ca1fc06 sell_id=006c1a62
18:55:01,2018-08-16 09:32:26,CS1,MM_SUSPENDED,,,,warming up (2/15 cycles)
18:55:01,2018-08-16 09:32:26,CS2,MM_SUSPENDED,,,,empty book — window reset
18:55:02,2018-08-16 09:32:26,CS2,ARB_DETECT,,201.97/200.16,49,agg_bid=296L agg_ask=129L submitting=49L
18:55:02,2018-08-16 09:32:26,CS2,ARB_SUBMIT,BOTH,,49,buy_id=23ba4637 sell_id=f2fecf1f
18:55:02,2018-08-16 09:32:27,CS2,ARB_DETECT,,201.94/200.16,27,agg_bid=27L agg_ask=129L submitting=27L
18:55:02,2018-08-16 09:32:27,CS2,ARB_SUBMIT,BOTH,,27,buy_id=260b7cc4 sell_id=f52d0ace
18:55:03,2018-08-16 09:32:27,CS1,ARB_FILLED,BUY,100.09,15,fully filled
18:55:03,2018-08-16 09:32:27,CS2,ARB_FILLED,SELL,201.4691,35,fully filled
18:55:03,2018-08-16 09:32:28,CS1,MM_SUSPENDED,,,,warming up (3/15 cycles)
18:55:03,2018-08-16 09:32:28,CS2,MM_SUSPENDED,,,,warming up (1/15 cycles)
18:55:04,2018-08-16 09:32:29,CS2,ARB_DETECT,,200.18/200.17,14,agg_bid=80L agg_ask=14L submitting=14L
18:55:04,2018-08-16 09:32:29,CS2,ARB_SUBMIT,BOTH,,14,buy_id=adefce33 sell_id=889888a7
18:55:05,2018-08-16 09:32:30,CS2,ARB_FILLED,BUY,200.1844,27,fully filled
18:55:05,2018-08-16 09:32:30,CS1,MM_SUSPENDED,,,,warming up (4/15 cycles)
18:55:05,2018-08-16 09:32:30,CS2,ARB_FILLED,SELL,199.8771,14,fully filled
18:55:05,2018-08-16 09:32:30,CS2,MM_SUSPENDED,,,,warming up (2/15 cycles)
18:55:07,2018-08-16 09:32:31,CS1,MM_SUSPENDED,,,,warming up (5/15 cycles)
18:55:07,2018-08-16 09:32:31,CS2,MM_SUSPENDED,,,,warming up (3/15 cycles)
18:55:09,2018-08-16 09:32:33,CS1,MM_SUSPENDED,,,,warming up (6/15 cycles)
18:55:09,2018-08-16 09:32:33,CS2,MM_SUSPENDED,,,,warming up (4/15 cycles)
18:55:12,2018-08-16 09:32:36,CS1,MM_SUSPENDED,,,,warming up (7/15 cycles)
18:55:12,2018-08-16 09:32:36,CS2,MM_SUSPENDED,,,,warming up (5/15 cycles)
18:55:13,2018-08-16 09:32:38,CS2,ARB_DETECT,,200.01/199.94,50,agg_bid=189L agg_ask=224L submitting=50L
18:55:13,2018-08-16 09:32:38,CS2,ARB_SUBMIT,BOTH,,50,buy_id=b9a36c68 sell_id=cdf498af
18:55:14,2018-08-16 09:32:39,CS1,MM_SUSPENDED,,,,warming up (8/15 cycles)
18:55:14,2018-08-16 09:32:39,CS2,STAB_RESET,,,,bad spread=-0.0700 — window cleared
18:55:14,2018-08-16 09:32:39,CS2,MM_SUSPENDED,,,,empty book — window reset
18:55:16,2018-08-16 09:32:39,CS1,MM_SUSPENDED,,,,warming up (9/15 cycles)
18:55:16,2018-08-16 09:32:39,CS2,MM_SUSPENDED,,,,warming up (1/15 cycles)
18:55:18,2018-08-16 09:32:41,CS1,MM_SUSPENDED,,,,warming up (10/15 cycles)
18:55:18,2018-08-16 09:32:41,CS2,MM_SUSPENDED,,,,warming up (2/15 cycles)
18:55:20,2018-08-16 09:32:43,CS1,MM_SUSPENDED,,,,warming up (11/15 cycles)
18:55:20,2018-08-16 09:32:43,CS2,MM_SUSPENDED,,,,warming up (3/15 cycles)
18:55:22,2018-08-16 09:32:46,CS1,MM_SUSPENDED,,,,warming up (12/15 cycles)
18:55:22,2018-08-16 09:32:46,CS2,MM_SUSPENDED,,,,warming up (4/15 cycles)
18:55:24,2018-08-16 09:32:49,CS1,MM_SUSPENDED,,,,warming up (13/15 cycles)
18:55:24,2018-08-16 09:32:49,CS2,MM_SUSPENDED,,,,warming up (5/15 cycles)
18:55:26,2018-08-16 09:32:50,CS1,MM_SUSPENDED,,,,warming up (14/15 cycles)
18:55:26,2018-08-16 09:32:50,CS2,MM_SUSPENDED,,,,warming up (6/15 cycles)
18:55:28,2018-08-16 09:32:52,CS1,SPREAD_TIGHT,,,,spread=0.0200 < 0.04 — waiting
18:55:28,2018-08-16 09:32:52,CS2,MM_SUSPENDED,,,,warming up (7/15 cycles)
18:55:28,2018-08-16 09:32:52,CS1,ARB_DETECT,,100.23/99.96,13,agg_bid=13L agg_ask=113L submitting=13L
18:55:28,2018-08-16 09:32:52,CS1,ARB_SUBMIT,BOTH,,13,buy_id=f98c4c37 sell_id=0026c8c0
18:55:29,2018-08-16 09:32:52,CS1,ARB_DETECT,,100.23/99.96,13,agg_bid=13L agg_ask=113L submitting=13L
18:55:29,2018-08-16 09:32:52,CS1,ARB_SUBMIT,BOTH,,13,buy_id=0d2630e3 sell_id=23796b9d
18:55:30,2018-08-16 09:32:52,CS1,ARB_DETECT,,100.23/99.96,13,agg_bid=13L agg_ask=113L submitting=13L
18:55:30,2018-08-16 09:32:52,CS1,ARB_SUBMIT,BOTH,,13,buy_id=64be6810 sell_id=4d41a98a
18:55:30,2018-08-16 09:32:53,CS1,STAB_RESET,,,,bad spread=-0.1400 — window cleared
18:55:30,2018-08-16 09:32:53,CS1,MM_SUSPENDED,,,,empty book — window reset
18:55:30,2018-08-16 09:32:53,CS2,MM_SUSPENDED,,,,warming up (8/15 cycles)
18:55:30,2018-08-16 09:32:54,CS1,ARB_DETECT,,100.23/100.09,13,agg_bid=13L agg_ask=92L submitting=13L
18:55:30,2018-08-16 09:32:54,CS1,ARB_SUBMIT,BOTH,,13,buy_id=da6f0142 sell_id=072d90f9
18:55:31,2018-08-16 09:32:54,CS1,ARB_DETECT,,100.23/100.09,13,agg_bid=13L agg_ask=92L submitting=13L
18:55:31,2018-08-16 09:32:54,CS1,ARB_SUBMIT,BOTH,,13,buy_id=1190ca41 sell_id=d6739ae3
18:55:31,2018-08-16 09:32:56,CS1,ARB_DETECT,,100.3/100.09,99,agg_bid=190L agg_ask=104L submitting=99L
18:55:31,2018-08-16 09:32:56,CS1,ARB_SUBMIT,BOTH,,99,buy_id=583217e6 sell_id=c2a889d7
18:55:32,2018-08-16 09:32:56,CS1,ARB_DETECT,,100.3/100.1,47,agg_bid=169L agg_ask=47L submitting=47L
18:55:32,2018-08-16 09:32:56,CS1,ARB_SUBMIT,BOTH,,47,buy_id=323d4451 sell_id=6dfd1932
18:55:32,2018-08-16 09:32:57,CS1,MM_SUSPENDED,,,,empty book — window reset
18:55:32,2018-08-16 09:32:57,CS2,MM_SUSPENDED,,,,warming up (9/15 cycles)
18:55:33,2018-08-16 09:32:57,CS1,ARB_DETECT,,100.3/100.1,47,agg_bid=169L agg_ask=47L submitting=47L
18:55:33,2018-08-16 09:32:57,CS1,ARB_SUBMIT,BOTH,,47,buy_id=f207934d sell_id=204a2153
18:55:33,2018-08-16 09:32:58,CS1,ARB_DETECT,,100.52/100.1,47,agg_bid=177L agg_ask=47L submitting=47L
18:55:33,2018-08-16 09:32:58,CS1,ARB_SUBMIT,BOTH,,47,buy_id=3e12b8d6 sell_id=ab3a3224
18:55:34,2018-08-16 09:32:58,CS1,ARB_FILLED,BUY,100.1,13,fully filled
18:55:34,2018-08-16 09:32:58,CS1,ARB_DETECT,,100.51/100.1,34,agg_bid=207L agg_ask=34L submitting=34L
18:55:34,2018-08-16 09:32:58,CS1,ARB_SUBMIT,BOTH,,34,buy_id=4781fee8 sell_id=d996f28f
18:55:34,2018-08-16 09:32:59,CS1,MM_SUSPENDED,,,,empty book — window reset
18:55:34,2018-08-16 09:32:59,CS2,MM_SUSPENDED,,,,warming up (10/15 cycles)
18:55:35,2018-08-16 09:32:59,CS1,ARB_DETECT,,100.51/100.26,20,agg_bid=207L agg_ask=20L submitting=20L
18:55:35,2018-08-16 09:32:59,CS1,ARB_SUBMIT,BOTH,,20,buy_id=7b9e8dee sell_id=201bdd7a
18:55:35,2018-08-16 09:33:00,CS1,ARB_DETECT,,100.51/100.32,93,agg_bid=93L agg_ask=522L submitting=93L
18:55:35,2018-08-16 09:33:00,CS1,ARB_SUBMIT,BOTH,,93,buy_id=d3b12d74 sell_id=17cac584
18:55:36,2018-08-16 09:33:00,CS1,ARB_DETECT,,100.51/100.32,93,agg_bid=93L agg_ask=522L submitting=93L
18:55:36,2018-08-16 09:33:00,CS1,ARB_SUBMIT,BOTH,,93,buy_id=82396054 sell_id=1a8e4361
18:55:36,2018-08-16 09:33:00,CS1,ARB_DETECT,,100.51/100.32,93,agg_bid=93L agg_ask=522L submitting=93L
18:55:36,2018-08-16 09:33:00,CS1,ARB_SUBMIT,BOTH,,93,buy_id=a9fe085e sell_id=7772c524
18:55:36,2018-08-16 09:33:00,CS1,MM_SUSPENDED,,,,empty book — window reset
18:55:36,2018-08-16 09:33:00,CS2,MM_SUSPENDED,,,,warming up (11/15 cycles)
18:55:37,2018-08-16 09:33:01,CS1,ARB_DETECT,,100.5/100.32,53,agg_bid=53L agg_ask=502L submitting=53L
18:55:37,2018-08-16 09:33:01,CS1,ARB_SUBMIT,BOTH,,53,buy_id=0a59306a sell_id=96ae5fd6
18:55:38,2018-08-16 09:33:02,CS1,ARB_DETECT,,100.5/100.33,53,agg_bid=53L agg_ask=474L submitting=53L
18:55:38,2018-08-16 09:33:02,CS1,ARB_SUBMIT,BOTH,,53,buy_id=c2c9b1f5 sell_id=756001f9
18:55:38,2018-08-16 09:33:04,CS1,ARB_DETECT,,100.49/100.33,12,agg_bid=12L agg_ask=393L submitting=12L
18:55:38,2018-08-16 09:33:04,CS1,ARB_SUBMIT,BOTH,,12,buy_id=928ac2bb sell_id=fa2fe08e
18:55:38,2018-08-16 09:33:04,CS1,MM_SUSPENDED,,,,empty book — window reset
18:55:38,2018-08-16 09:33:04,CS2,MM_SUSPENDED,,,,warming up (12/15 cycles)
18:55:39,2018-08-16 09:33:04,CS1,ARB_DETECT,,100.49/100.33,12,agg_bid=12L agg_ask=393L submitting=12L
18:55:39,2018-08-16 09:33:04,CS1,ARB_SUBMIT,BOTH,,12,buy_id=a826c0d3 sell_id=041fb5e4
18:55:39,2018-08-16 09:33:05,CS1,ARB_FILLED,SELL,100.414,20,fully filled
18:55:39,2018-08-16 09:33:05,CS1,ARB_FILLED,BUY,100.33,12,fully filled
18:55:40,2018-08-16 09:33:06,CS1,ARB_FILLED,BUY,100.33,12,fully filled
18:55:40,2018-08-16 09:33:06,CS1,MM_SUSPENDED,,,,warming up (1/15 cycles)
18:55:40,2018-08-16 09:33:06,CS2,MM_SUSPENDED,,,,warming up (13/15 cycles)
18:55:42,2018-08-16 09:33:08,CS2,ARB_DETECT,,201.05/199.98,50,agg_bid=249L agg_ask=163L submitting=50L
18:55:42,2018-08-16 09:33:08,CS2,ARB_SUBMIT,BOTH,,50,buy_id=625d81de sell_id=abeff534
18:55:42,2018-08-16 09:33:08,CS2,STAB_RESET,,,,bad spread=-1.0700 — window cleared
18:55:43,2018-08-16 09:33:08,CS2,MM_SUSPENDED,,,,empty book — window reset
18:55:43,2018-08-16 09:33:08,CS1,MM_SUSPENDED,,,,warming up (2/15 cycles)
18:55:43,2018-08-16 09:33:09,CS2,ARB_DETECT,,201.05/199.99,50,agg_bid=228L agg_ask=149L submitting=50L
18:55:43,2018-08-16 09:33:09,CS2,ARB_SUBMIT,BOTH,,50,buy_id=188c0006 sell_id=48e65219
18:55:44,2018-08-16 09:33:09,CS2,ARB_DETECT,,201.05/200.0,50,agg_bid=228L agg_ask=123L submitting=50L
18:55:44,2018-08-16 09:33:09,CS2,ARB_SUBMIT,BOTH,,50,buy_id=418379cf sell_id=3c8da0eb
18:55:44,2018-08-16 09:33:10,CS2,ARB_DETECT,,201.05/200.01,49,agg_bid=227L agg_ask=103L submitting=49L
18:55:44,2018-08-16 09:33:10,CS2,ARB_SUBMIT,BOTH,,49,buy_id=daba87b2 sell_id=fc511f7b
18:55:45,2018-08-16 09:33:10,CS1,ARB_DETECT,,100.33/100.31,1,agg_bid=1L agg_ask=21L submitting=1L
18:55:45,2018-08-16 09:33:10,CS1,ARB_SUBMIT,BOTH,,1,buy_id=eb51837a sell_id=649437cb
18:55:45,2018-08-16 09:33:10,CS2,MM_SUSPENDED,,,,empty book — window reset
18:55:45,2018-08-16 09:33:10,CS1,STAB_RESET,,,,bad spread=-0.0200 — window cleared
18:55:45,2018-08-16 09:33:10,CS1,MM_SUSPENDED,,,,empty book — window reset
18:55:45,2018-08-16 09:33:11,CS2,ARB_DETECT,,201.05/199.8,50,agg_bid=207L agg_ask=150L submitting=50L
18:55:45,2018-08-16 09:33:11,CS2,ARB_SUBMIT,BOTH,,50,buy_id=d3022280 sell_id=70ec8875
18:55:45,2018-08-16 09:33:11,CS1,ARB_DETECT,,100.33/100.31,1,agg_bid=1L agg_ask=20L submitting=1L
18:55:45,2018-08-16 09:33:11,CS1,ARB_SUBMIT,BOTH,,1,buy_id=9c5f78b7 sell_id=a8ba9292
18:55:46,2018-08-16 09:33:11,CS2,ARB_DETECT,,201.04/199.8,50,agg_bid=204L agg_ask=142L submitting=50L
18:55:46,2018-08-16 09:33:11,CS2,ARB_SUBMIT,BOTH,,50,buy_id=9f1de332 sell_id=64aa4c32
18:55:46,2018-08-16 09:33:12,CS1,ARB_FILLED,BUY,100.31,1,fully filled
18:55:46,2018-08-16 09:33:12,CS1,ARB_FILLED,SELL,100.33,1,fully filled
18:55:46,2018-08-16 09:33:12,CS2,ARB_DETECT,,201.04/199.81,50,agg_bid=204L agg_ask=116L submitting=50L
18:55:46,2018-08-16 09:33:12,CS2,ARB_SUBMIT,BOTH,,50,buy_id=af315db8 sell_id=8ded786c
18:55:47,2018-08-16 09:33:12,CS2,MM_SUSPENDED,,,,empty book — window reset
18:55:47,2018-08-16 09:33:13,CS1,MM_SUSPENDED,,,,warming up (1/15 cycles)
18:55:47,2018-08-16 09:33:13,CS2,ARB_DETECT,,201.04/199.82,50,agg_bid=170L agg_ask=93L submitting=50L
18:55:47,2018-08-16 09:33:13,CS2,ARB_SUBMIT,BOTH,,50,buy_id=1b54819c sell_id=54fc16c0
18:55:47,2018-08-16 09:33:13,CS2,ARB_DETECT,,201.04/199.82,50,agg_bid=170L agg_ask=93L submitting=50L
18:55:47,2018-08-16 09:33:13,CS2,ARB_SUBMIT,BOTH,,50,buy_id=6131bb14 sell_id=d3a02e65
18:55:48,2018-08-16 09:33:13,CS2,ARB_DETECT,,201.04/199.82,50,agg_bid=170L agg_ask=93L submitting=50L
18:55:48,2018-08-16 09:33:13,CS2,ARB_SUBMIT,BOTH,,50,buy_id=bd290209 sell_id=b9576d12
18:55:49,2018-08-16 09:33:13,CS2,ARB_DETECT,,201.04/199.82,50,agg_bid=149L agg_ask=91L submitting=50L
18:55:49,2018-08-16 09:33:13,CS2,ARB_SUBMIT,BOTH,,50,buy_id=d615e856 sell_id=b88f2393
18:55:49,2018-08-16 09:33:13,CS2,MM_SUSPENDED,,,,empty book — window reset
18:55:49,2018-08-16 09:33:13,CS1,ARB_DETECT,,100.32/99.85,98,agg_bid=98L agg_ask=171L submitting=98L
18:55:49,2018-08-16 09:33:13,CS1,ARB_SUBMIT,BOTH,,98,buy_id=928c2686 sell_id=7de7b0f5
18:55:49,2018-08-16 09:33:13,CS1,STAB_RESET,,,,bad spread=-0.4700 — window cleared
18:55:49,2018-08-16 09:33:13,CS1,MM_SUSPENDED,,,,empty book — window reset
18:55:49,2018-08-16 09:33:14,CS2,ARB_DETECT,,201.04/200.01,29,agg_bid=145L agg_ask=29L submitting=29L
18:55:49,2018-08-16 09:33:14,CS2,ARB_SUBMIT,BOTH,,29,buy_id=abb5409a sell_id=5655823a
18:55:50,2018-08-16 09:33:14,CS1,ARB_DETECT,,100.32/99.85,98,agg_bid=98L agg_ask=245L submitting=98L
18:55:50,2018-08-16 09:33:14,CS1,ARB_SUBMIT,BOTH,,98,buy_id=3526b262 sell_id=68afdb28
18:55:50,2018-08-16 09:33:14,CS2,ARB_DETECT,,201.04/200.01,19,agg_bid=145L agg_ask=19L submitting=19L
18:55:50,2018-08-16 09:33:14,CS2,ARB_SUBMIT,BOTH,,19,buy_id=e8a8d18c sell_id=601bfe8b
18:55:50,2018-08-16 09:33:14,CS1,ARB_DETECT,,100.32/99.85,98,agg_bid=98L agg_ask=245L submitting=98L
18:55:50,2018-08-16 09:33:14,CS1,ARB_SUBMIT,BOTH,,98,buy_id=662332e2 sell_id=402de786
18:55:51,2018-08-16 09:33:15,CS1,ARB_FILLED,BUY,99.85,1,fully filled
18:55:51,2018-08-16 09:33:15,CS1,ARB_FILLED,SELL,100.32,1,fully filled
18:55:51,2018-08-16 09:33:15,CS1,ARB_DETECT,,100.3/99.85,100,agg_bid=123L agg_ask=244L submitting=100L
18:55:51,2018-08-16 09:33:15,CS1,ARB_SUBMIT,BOTH,,100,buy_id=fed88c40 sell_id=fd3dc8b6
18:55:51,2018-08-16 09:33:15,CS2,MM_SUSPENDED,,,,warming up (1/15 cycles)
18:55:51,2018-08-16 09:33:15,CS1,MM_SUSPENDED,,,,empty book — window reset
18:55:51,2018-08-16 09:33:15,CS1,ARB_DETECT,,100.29/99.85,100,agg_bid=106L agg_ask=203L submitting=100L
18:55:51,2018-08-16 09:33:15,CS1,ARB_SUBMIT,BOTH,,100,buy_id=930c337d sell_id=864a6199
18:55:52,2018-08-16 09:33:15,CS2,ARB_DETECT,,202.73/201.09,49,agg_bid=97L agg_ask=332L submitting=49L
18:55:52,2018-08-16 09:33:15,CS2,ARB_SUBMIT,BOTH,,49,buy_id=7f905253 sell_id=73061ebb
18:55:52,2018-08-16 09:33:16,CS1,ARB_DETECT,,100.29/99.85,100,agg_bid=106L agg_ask=203L submitting=100L
18:55:52,2018-08-16 09:33:16,CS1,ARB_SUBMIT,BOTH,,100,buy_id=34a9360a sell_id=4461cc51
18:55:52,2018-08-16 09:33:16,CS2,ARB_DETECT,,202.72/201.1,49,agg_bid=57L agg_ask=407L submitting=49L
18:55:52,2018-08-16 09:33:16,CS2,ARB_SUBMIT,BOTH,,49,buy_id=bcb73593 sell_id=3418bc88
18:55:53,2018-08-16 09:33:17,CS1,ARB_DETECT,,100.29/99.85,100,agg_bid=106L agg_ask=203L submitting=100L
18:55:53,2018-08-16 09:33:17,CS1,ARB_SUBMIT,BOTH,,100,buy_id=81474d56 sell_id=371cb193
18:55:53,2018-08-16 09:33:17,CS2,ARB_DETECT,,202.72/201.1,37,agg_bid=37L agg_ask=407L submitting=37L
18:55:53,2018-08-16 09:33:17,CS2,ARB_SUBMIT,BOTH,,37,buy_id=1fe96817 sell_id=03ddeb0d
18:55:53,2018-08-16 09:33:17,CS2,STAB_RESET,,,,bad spread=-1.6200 — window cleared
18:55:53,2018-08-16 09:33:17,CS2,MM_SUSPENDED,,,,empty book — window reset
18:55:53,2018-08-16 09:33:17,CS1,ARB_DETECT,,100.29/99.85,100,agg_bid=106L agg_ask=203L submitting=100L
18:55:53,2018-08-16 09:33:17,CS1,ARB_SUBMIT,BOTH,,100,buy_id=98f23e36 sell_id=58ec729f
18:55:53,2018-08-16 09:33:17,CS1,MM_SUSPENDED,,,,empty book — window reset
18:55:54,2018-08-16 09:33:18,CS2,ARB_DETECT,,202.71/201.1,16,agg_bid=16L agg_ask=407L submitting=16L
18:55:54,2018-08-16 09:33:18,CS2,ARB_SUBMIT,BOTH,,16,buy_id=bcda7d45 sell_id=8b688ad8
18:55:54,2018-08-16 09:33:18,CS1,ARB_DETECT,,100.29/99.86,85,agg_bid=85L agg_ask=142L submitting=85L
18:55:54,2018-08-16 09:33:18,CS1,ARB_SUBMIT,BOTH,,85,buy_id=a7cc9d0a sell_id=51a92f62
18:55:54,2018-08-16 09:33:18,CS2,ARB_DETECT,,202.71/201.1,16,agg_bid=16L agg_ask=407L submitting=16L
18:55:54,2018-08-16 09:33:18,CS2,ARB_SUBMIT,BOTH,,16,buy_id=18b291d9 sell_id=27f7b2c1
18:55:54,2018-08-16 09:33:18,CS1,ARB_DETECT,,100.27/99.87,33,agg_bid=33L agg_ask=122L submitting=33L
18:55:54,2018-08-16 09:33:18,CS1,ARB_SUBMIT,BOTH,,33,buy_id=98d0ebc8 sell_id=c537eb28
18:55:55,2018-08-16 09:33:18,CS2,ARB_DETECT,,202.71/200.13,49,agg_bid=139L agg_ask=156L submitting=49L
18:55:55,2018-08-16 09:33:18,CS2,ARB_SUBMIT,BOTH,,49,buy_id=19353bc2 sell_id=55867ecf
18:55:55,2018-08-16 09:33:19,CS1,ARB_DETECT,,100.27/99.87,33,agg_bid=33L agg_ask=122L submitting=33L
18:55:55,2018-08-16 09:33:19,CS1,ARB_SUBMIT,BOTH,,33,buy_id=ef03b752 sell_id=357aca35
18:55:55,2018-08-16 09:33:19,CS2,MM_SUSPENDED,,,,empty book — window reset
18:55:55,2018-08-16 09:33:19,CS1,MM_SUSPENDED,,,,empty book — window reset
18:55:56,2018-08-16 09:33:19,CS2,ARB_DETECT,,201.03/200.13,31,agg_bid=114L agg_ask=31L submitting=31L
18:55:56,2018-08-16 09:33:19,CS2,ARB_SUBMIT,BOTH,,31,buy_id=398d1356 sell_id=3db7649b
18:55:56,2018-08-16 09:33:20,CS1,ARB_DETECT,,100.23/99.87,13,agg_bid=13L agg_ask=122L submitting=13L
18:55:56,2018-08-16 09:33:20,CS1,ARB_SUBMIT,BOTH,,13,buy_id=6b218b74 sell_id=35ba64b8
18:55:56,2018-08-16 09:33:21,CS2,ARB_FILLED,SELL,201.03,19,fully filled
18:55:56,2018-08-16 09:33:21,CS2,ARB_DETECT,,201.03/200.13,31,agg_bid=95L agg_ask=31L submitting=31L
18:55:56,2018-08-16 09:33:21,CS2,ARB_SUBMIT,BOTH,,31,buy_id=0638b987 sell_id=3266891f
18:55:57,2018-08-16 09:33:21,CS2,ARB_DETECT,,201.03/200.13,31,agg_bid=89L agg_ask=31L submitting=31L
18:55:57,2018-08-16 09:33:21,CS2,ARB_SUBMIT,BOTH,,31,buy_id=a4a7263e sell_id=ed0e859a
18:55:57,2018-08-16 09:33:21,CS2,MM_SUSPENDED,,,,empty book — window reset
18:55:57,2018-08-16 09:33:21,CS1,MM_SUSPENDED,,,,warming up (1/15 cycles)
18:55:57,2018-08-16 09:33:21,CS2,ARB_DETECT,,201.02/200.13,49,agg_bid=69L agg_ask=108L submitting=49L
18:55:57,2018-08-16 09:33:21,CS2,ARB_SUBMIT,BOTH,,49,buy_id=5c51b48b sell_id=4a170de1
18:55:58,2018-08-16 09:33:23,CS2,ARB_DETECT,,201.01/200.14,29,agg_bid=29L agg_ask=41L submitting=29L
18:55:58,2018-08-16 09:33:23,CS2,ARB_SUBMIT,BOTH,,29,buy_id=260602bd sell_id=7ffb6aa7
18:55:59,2018-08-16 09:33:24,CS2,ARB_FILLED,BUY,200.17,16,fully filled
18:55:59,2018-08-16 09:33:24,CS2,ARB_DETECT,,201.01/200.17,5,agg_bid=8L agg_ask=5L submitting=5L
18:55:59,2018-08-16 09:33:24,CS2,ARB_SUBMIT,BOTH,,5,buy_id=e651683a sell_id=605ba983
18:55:59,2018-08-16 09:33:24,CS1,ARB_FILLED,SELL,98.5869,13,fully filled
18:55:59,2018-08-16 09:33:24,CS2,MM_SUSPENDED,,,,warming up (1/15 cycles)
18:55:59,2018-08-16 09:33:24,CS1,ARB_DETECT,,98.83/98.59,20,agg_bid=20L agg_ask=20L submitting=20L
18:55:59,2018-08-16 09:33:24,CS1,ARB_SUBMIT,BOTH,,20,buy_id=32b8da4f sell_id=0d061a15
18:55:59,2018-08-16 09:33:24,CS1,STAB_RESET,,,,bad spread=-0.2400 — window cleared
18:55:59,2018-08-16 09:33:24,CS1,MM_SUSPENDED,,,,empty book — window reset
18:56:00,2018-08-16 09:33:24,CS1,ARB_DETECT,,98.83/98.59,20,agg_bid=20L agg_ask=20L submitting=20L
18:56:00,2018-08-16 09:33:24,CS1,ARB_SUBMIT,BOTH,,20,buy_id=df5ea236 sell_id=cce57618
18:56:01,2018-08-16 09:33:26,CS1,ARB_DETECT,,98.83/98.59,20,agg_bid=20L agg_ask=20L submitting=20L
18:56:01,2018-08-16 09:33:26,CS1,ARB_SUBMIT,BOTH,,20,buy_id=275944bd sell_id=7c9f9cbf
18:56:01,2018-08-16 09:33:27,CS1,ARB_DETECT,,98.83/98.59,20,agg_bid=20L agg_ask=20L submitting=20L
18:56:01,2018-08-16 09:33:27,CS1,ARB_SUBMIT,BOTH,,20,buy_id=c1847dbc sell_id=7dce0432
18:56:01,2018-08-16 09:33:27,CS2,MM_SUSPENDED,,,,warming up (2/15 cycles)
18:56:02,2018-08-16 09:33:27,CS1,MM_SUSPENDED,,,,empty book — window reset
18:56:02,2018-08-16 09:33:27,CS1,ARB_DETECT,,98.83/98.59,20,agg_bid=20L agg_ask=20L submitting=20L
18:56:02,2018-08-16 09:33:27,CS1,ARB_SUBMIT,BOTH,,20,buy_id=ed54bc1d sell_id=159bbc84
18:56:02,2018-08-16 09:33:28,CS2,ARB_FILLED,SELL,200.11,29,fully filled
18:56:02,2018-08-16 09:33:28,CS2,ARB_FILLED,BUY,202.0,5,fully filled
18:56:02,2018-08-16 09:33:28,CS2,ARB_FILLED,SELL,200.11,5,fully filled
18:56:03,2018-08-16 09:33:28,CS1,ARB_FILLED,SELL,98.83,20,fully filled
18:56:03,2018-08-16 09:33:28,CS2,MM_SUSPENDED,,,,warming up (3/15 cycles)
18:56:04,2018-08-16 09:33:28,CS1,MM_SUSPENDED,,,,warming up (1/15 cycles)
18:56:05,2018-08-16 09:33:31,CS2,MM_SUSPENDED,,,,warming up (4/15 cycles)
18:56:06,2018-08-16 09:33:31,CS1,MM_SUSPENDED,,,,warming up (2/15 cycles)
18:56:07,2018-08-16 09:33:33,CS1,ARB_FILLED,BUY,100.173,20,fully filled
18:56:07,2018-08-16 09:33:33,CS1,ARB_FILLED,SELL,98.57,20,fully filled
18:56:07,2018-08-16 09:33:33,CS2,MM_SUSPENDED,,,,warming up (5/15 cycles)
18:56:08,2018-08-16 09:33:33,CS1,MM_SUSPENDED,,,,warming up (3/15 cycles)
18:56:09,2018-08-16 09:33:34,CS2,ARB_DETECT,,202.77/202.08,1,agg_bid=1L agg_ask=19L submitting=1L
18:56:09,2018-08-16 09:33:34,CS2,ARB_SUBMIT,BOTH,,1,buy_id=6bf3b767 sell_id=01c8c889
18:56:09,2018-08-16 09:33:35,CS1,ARB_DETECT,,100.33/98.91,101,agg_bid=256L agg_ask=249L submitting=101L
18:56:09,2018-08-16 09:33:35,CS1,ARB_SUBMIT,BOTH,,101,buy_id=357968e2 sell_id=f4440f24
18:56:10,2018-08-16 09:33:35,CS2,MM_SUSPENDED,,,,warming up (6/15 cycles)
18:56:10,2018-08-16 09:33:35,CS1,STAB_RESET,,,,bad spread=-1.4200 — window cleared
18:56:10,2018-08-16 09:33:35,CS1,MM_SUSPENDED,,,,empty book — window reset
18:56:10,2018-08-16 09:33:35,CS1,ARB_DETECT,,100.33/98.91,101,agg_bid=236L agg_ask=208L submitting=101L
18:56:10,2018-08-16 09:33:35,CS1,ARB_SUBMIT,BOTH,,101,buy_id=515753b2 sell_id=cd157fd6
18:56:11,2018-08-16 09:33:35,CS1,ARB_DETECT,,100.33/98.91,101,agg_bid=236L agg_ask=208L submitting=101L
18:56:11,2018-08-16 09:33:35,CS1,ARB_SUBMIT,BOTH,,101,buy_id=b322379f sell_id=503264b5
18:56:11,2018-08-16 09:33:36,CS1,ARB_DETECT,,100.33/98.91,101,agg_bid=236L agg_ask=208L submitting=101L
18:56:11,2018-08-16 09:33:36,CS1,ARB_SUBMIT,BOTH,,101,buy_id=f5e9d1fa sell_id=0f8e7154
18:56:12,2018-08-16 09:33:37,CS2,ARB_FILLED,BUY,200.26,1,fully filled
18:56:12,2018-08-16 09:33:37,CS2,ARB_DETECT,,201.48/200.26,20,agg_bid=20L agg_ask=226L submitting=20L
18:56:12,2018-08-16 09:33:37,CS2,ARB_SUBMIT,BOTH,,20,buy_id=6bd9cc21 sell_id=e13f6f5e
18:56:12,2018-08-16 09:33:37,CS2,STAB_RESET,,,,bad spread=-1.2200 — window cleared
18:56:12,2018-08-16 09:33:37,CS2,MM_SUSPENDED,,,,empty book — window reset
18:56:12,2018-08-16 09:33:37,CS1,ARB_DETECT,,100.32/98.91,101,agg_bid=200L agg_ask=208L submitting=101L
18:56:12,2018-08-16 09:33:37,CS1,ARB_SUBMIT,BOTH,,101,buy_id=80cbc782 sell_id=f0afcb33
18:56:12,2018-08-16 09:33:37,CS1,MM_SUSPENDED,,,,empty book — window reset
18:56:12,2018-08-16 09:33:38,CS1,ARB_DETECT,,100.32/98.92,101,agg_bid=160L agg_ask=128L submitting=101L
18:56:12,2018-08-16 09:33:38,CS1,ARB_SUBMIT,BOTH,,101,buy_id=3c674d18 sell_id=44cf93ca
18:56:13,2018-08-16 09:33:39,CS1,ARB_DETECT,,100.32/98.92,101,agg_bid=160L agg_ask=128L submitting=101L
18:56:13,2018-08-16 09:33:39,CS1,ARB_SUBMIT,BOTH,,101,buy_id=e455bfd6 sell_id=70de0e0b
18:56:14,2018-08-16 09:33:39,CS1,ARB_DETECT,,100.31/98.93,88,agg_bid=124L agg_ask=88L submitting=88L
18:56:14,2018-08-16 09:33:39,CS1,ARB_SUBMIT,BOTH,,88,buy_id=cfb91464 sell_id=f59f79fc
18:56:14,2018-08-16 09:33:39,CS2,MM_SUSPENDED,,,,warming up (1/15 cycles)
18:56:14,2018-08-16 09:33:39,CS1,MM_SUSPENDED,,,,empty book — window reset
18:56:14,2018-08-16 09:33:39,CS1,ARB_DETECT,,100.31/98.93,88,agg_bid=104L agg_ask=88L submitting=88L
18:56:14,2018-08-16 09:33:39,CS1,ARB_SUBMIT,BOTH,,88,buy_id=ae66d144 sell_id=5a32c9bf
18:56:15,2018-08-16 09:33:41,CS2,ARB_FILLED,BUY,200.27,20,fully filled
18:56:15,2018-08-16 09:33:41,CS1,ARB_DETECT,,100.3/98.93,88,agg_bid=88L agg_ask=88L submitting=88L
18:56:15,2018-08-16 09:33:41,CS1,ARB_SUBMIT,BOTH,,88,buy_id=34ed1e98 sell_id=3f788b62
18:56:16,2018-08-16 09:33:41,CS1,ARB_DETECT,,100.3/98.94,48,agg_bid=87L agg_ask=48L submitting=48L
18:56:16,2018-08-16 09:33:41,CS1,ARB_SUBMIT,BOTH,,48,buy_id=5b94c49e sell_id=491ff523
18:56:16,2018-08-16 09:33:42,CS2,MM_SUSPENDED,,,,warming up (2/15 cycles)
18:56:16,2018-08-16 09:33:42,CS1,MM_SUSPENDED,,,,empty book — window reset
18:56:16,2018-08-16 09:33:42,CS1,ARB_DETECT,,100.3/98.94,48,agg_bid=87L agg_ask=48L submitting=48L
18:56:16,2018-08-16 09:33:42,CS1,ARB_SUBMIT,BOTH,,48,buy_id=6c546f23 sell_id=ea9f4c62
18:56:17,2018-08-16 09:33:42,CS1,ARB_DETECT,,100.29/98.94,39,agg_bid=39L agg_ask=48L submitting=39L
18:56:17,2018-08-16 09:33:42,CS1,ARB_SUBMIT,BOTH,,39,buy_id=9aa897b8 sell_id=7d4f5464
18:56:17,2018-08-16 09:33:43,CS1,ARB_DETECT,,100.29/98.94,101,agg_bid=119L agg_ask=243L submitting=101L
18:56:17,2018-08-16 09:33:43,CS1,ARB_SUBMIT,BOTH,,101,buy_id=4c23c280 sell_id=4344f659
18:56:18,2018-08-16 09:33:43,CS2,MM_SUSPENDED,,,,warming up (3/15 cycles)
18:56:18,2018-08-16 09:33:43,CS1,ARB_DETECT,,100.29/98.94,101,agg_bid=119L agg_ask=243L submitting=101L
18:56:18,2018-08-16 09:33:43,CS1,ARB_SUBMIT,BOTH,,101,buy_id=9c865ab5 sell_id=99ef2d91
18:56:18,2018-08-16 09:33:43,CS1,MM_SUSPENDED,,,,empty book — window reset
18:56:19,2018-08-16 09:33:43,CS1,ARB_DETECT,,100.29/98.94,101,agg_bid=119L agg_ask=243L submitting=101L
18:56:19,2018-08-16 09:33:43,CS1,ARB_SUBMIT,BOTH,,101,buy_id=475311ef sell_id=72ac2046
18:56:19,2018-08-16 09:33:44,CS1,ARB_FILLED,BUY,98.9469,48,fully filled
18:56:19,2018-08-16 09:33:44,CS1,ARB_DETECT,,100.29/99.61,19,agg_bid=19L agg_ask=195L submitting=19L
18:56:19,2018-08-16 09:33:44,CS1,ARB_SUBMIT,BOTH,,19,buy_id=91302bb4 sell_id=95d2c38c
18:56:20,2018-08-16 09:33:45,CS2,MM_SUSPENDED,,,,warming up (4/15 cycles)
18:56:20,2018-08-16 09:33:45,CS1,MM_SUSPENDED,,,,warming up (1/15 cycles)
18:56:22,2018-08-16 09:33:47,CS2,ARB_DETECT,,200.28/200.23,20,agg_bid=20L agg_ask=37L submitting=20L
18:56:22,2018-08-16 09:33:47,CS2,ARB_SUBMIT,BOTH,,20,buy_id=ded9a7e0 sell_id=33cd3e70
18:56:22,2018-08-16 09:33:47,CS1,ARB_FILLED,BUY,99.62,19,fully filled
18:56:22,2018-08-16 09:33:47,CS1,ARB_FILLED,SELL,99.59,19,fully filled
18:56:22,2018-08-16 09:33:47,CS2,STAB_RESET,,,,bad spread=-0.0500 — window cleared
18:56:22,2018-08-16 09:33:47,CS2,MM_SUSPENDED,,,,empty book — window reset
18:56:22,2018-08-16 09:33:47,CS1,MM_SUSPENDED,,,,warming up (2/15 cycles)
18:56:22,2018-08-16 09:33:47,CS2,ARB_DETECT,,200.28/200.23,20,agg_bid=20L agg_ask=37L submitting=20L
18:56:22,2018-08-16 09:33:47,CS2,ARB_SUBMIT,BOTH,,20,buy_id=d06c1ab1 sell_id=de637380
18:56:24,2018-08-16 09:33:50,CS2,MM_SUSPENDED,,,,warming up (1/15 cycles)
18:56:24,2018-08-16 09:33:50,CS1,MM_SUSPENDED,,,,warming up (3/15 cycles)
18:56:25,2018-08-16 09:33:51,CS2,ARB_FILLED,BUY,202.1,20,fully filled
18:56:26,2018-08-16 09:33:52,CS2,MM_SUSPENDED,,,,warming up (2/15 cycles)
18:56:26,2018-08-16 09:33:52,CS1,STAB_RESET,,,,bad spread=-0.2600 — window cleared
18:56:26,2018-08-16 09:33:52,CS1,MM_SUSPENDED,,,,empty book — window reset
18:56:27,2018-08-16 09:33:52,CS1,ARB_DETECT,,99.56/99.3,74,agg_bid=74L agg_ask=195L submitting=74L
18:56:27,2018-08-16 09:33:52,CS1,ARB_SUBMIT,BOTH,,74,buy_id=92072cb0 sell_id=0a85aeb5
18:56:27,2018-08-16 09:33:53,CS1,ARB_DETECT,,99.56/99.3,54,agg_bid=54L agg_ask=195L submitting=54L
18:56:27,2018-08-16 09:33:53,CS1,ARB_SUBMIT,BOTH,,54,buy_id=4b09c9eb sell_id=86e3dee1
18:56:28,2018-08-16 09:33:53,CS1,ARB_DETECT,,99.56/99.3,54,agg_bid=54L agg_ask=195L submitting=54L
18:56:28,2018-08-16 09:33:53,CS1,ARB_SUBMIT,BOTH,,54,buy_id=31fc418c sell_id=239a7082
18:56:28,2018-08-16 09:33:53,CS2,MM_SUSPENDED,,,,warming up (3/15 cycles)
18:56:28,2018-08-16 09:33:54,CS1,MM_SUSPENDED,,,,empty book — window reset
18:56:29,2018-08-16 09:33:54,CS1,ARB_DETECT,,99.55/99.3,13,agg_bid=13L agg_ask=229L submitting=13L
18:56:29,2018-08-16 09:33:54,CS1,ARB_SUBMIT,BOTH,,13,buy_id=2c5efdbf sell_id=134ef099
18:56:29,2018-08-16 09:33:54,CS1,ARB_DETECT,,99.55/99.3,13,agg_bid=13L agg_ask=229L submitting=13L
18:56:29,2018-08-16 09:33:54,CS1,ARB_SUBMIT,BOTH,,13,buy_id=da53c818 sell_id=26969dfa
18:56:30,2018-08-16 09:33:55,CS1,ARB_FILLED,SELL,99.55,13,fully filled
18:56:30,2018-08-16 09:33:56,CS2,MM_SUSPENDED,,,,warming up (4/15 cycles)
18:56:30,2018-08-16 09:33:56,CS1,ARB_FILLED,SELL,99.14,13,fully filled
18:56:30,2018-08-16 09:33:56,CS1,MM_SUSPENDED,,,,warming up (1/15 cycles)
18:56:32,2018-08-16 09:33:58,CS2,MM_SUSPENDED,,,,warming up (5/15 cycles)
18:56:33,2018-08-16 09:33:58,CS1,MM_SUSPENDED,,,,warming up (2/15 cycles)
18:56:34,2018-08-16 09:34:00,CS2,MM_SUSPENDED,,,,warming up (6/15 cycles)
18:56:35,2018-08-16 09:34:00,CS1,MM_SUSPENDED,,,,warming up (3/15 cycles)
18:56:35,2018-08-16 09:34:01,CS1,ARB_DETECT,,99.14/98.65,101,agg_bid=235L agg_ask=196L submitting=101L
18:56:35,2018-08-16 09:34:01,CS1,ARB_SUBMIT,BOTH,,101,buy_id=c35fbebb sell_id=a11242be
18:56:36,2018-08-16 09:34:01,CS1,ARB_DETECT,,99.14/98.65,101,agg_bid=235L agg_ask=196L submitting=101L
18:56:36,2018-08-16 09:34:01,CS1,ARB_SUBMIT,BOTH,,101,buy_id=acf184ab sell_id=f50d051e
18:56:36,2018-08-16 09:34:02,CS2,MM_SUSPENDED,,,,warming up (7/15 cycles)
18:56:37,2018-08-16 09:34:02,CS1,ARB_DETECT,,99.14/98.43,83,agg_bid=195L agg_ask=83L submitting=83L
18:56:37,2018-08-16 09:34:02,CS1,ARB_SUBMIT,BOTH,,83,buy_id=55080b93 sell_id=f320748a
18:56:37,2018-08-16 09:34:02,CS1,STAB_RESET,,,,bad spread=-0.7100 — window cleared
18:56:37,2018-08-16 09:34:02,CS1,MM_SUSPENDED,,,,empty book — window reset
18:56:37,2018-08-16 09:34:03,CS1,ARB_DETECT,,99.14/98.66,101,agg_bid=195L agg_ask=168L submitting=101L
18:56:37,2018-08-16 09:34:03,CS1,ARB_SUBMIT,BOTH,,101,buy_id=00fb6276 sell_id=f6724c0b
18:56:38,2018-08-16 09:34:03,CS2,ARB_DETECT,,202.04/201.62,48,agg_bid=48L agg_ask=228L submitting=48L
18:56:38,2018-08-16 09:34:03,CS2,ARB_SUBMIT,BOTH,,48,buy_id=2142e85f sell_id=8aa99653
18:56:38,2018-08-16 09:34:03,CS1,ARB_DETECT,,99.13/98.66,101,agg_bid=226L agg_ask=168L submitting=101L
18:56:38,2018-08-16 09:34:03,CS1,ARB_SUBMIT,BOTH,,101,buy_id=c3a1f71d sell_id=69a92edc
18:56:38,2018-08-16 09:34:04,CS1,ARB_DETECT,,99.13/98.66,101,agg_bid=226L agg_ask=168L submitting=101L
18:56:38,2018-08-16 09:34:04,CS1,ARB_SUBMIT,BOTH,,101,buy_id=4c9dca47 sell_id=93a4048b
18:56:38,2018-08-16 09:34:04,CS2,MM_SUSPENDED,,,,warming up (8/15 cycles)
18:56:39,2018-08-16 09:34:05,CS1,MM_SUSPENDED,,,,empty book — window reset
18:56:39,2018-08-16 09:34:05,CS1,ARB_DETECT,,99.12/98.66,101,agg_bid=223L agg_ask=127L submitting=101L
18:56:39,2018-08-16 09:34:05,CS1,ARB_SUBMIT,BOTH,,101,buy_id=e75109b3 sell_id=827feee9
18:56:40,2018-08-16 09:34:05,CS1,ARB_DETECT,,99.12/98.66,101,agg_bid=223L agg_ask=127L submitting=101L
18:56:40,2018-08-16 09:34:05,CS1,ARB_SUBMIT,BOTH,,101,buy_id=f963121d sell_id=539fc704
18:56:40,2018-08-16 09:34:05,CS1,ARB_DETECT,,99.12/98.66,101,agg_bid=223L agg_ask=127L submitting=101L
18:56:40,2018-08-16 09:34:05,CS1,ARB_SUBMIT,BOTH,,101,buy_id=c2711276 sell_id=9fa28a7d
18:56:41,2018-08-16 09:34:06,CS2,MM_SUSPENDED,,,,warming up (9/15 cycles)
18:56:41,2018-08-16 09:34:06,CS1,MM_SUSPENDED,,,,empty book — window reset
18:56:41,2018-08-16 09:34:07,CS1,ARB_DETECT,,99.12/98.66,101,agg_bid=203L agg_ask=126L submitting=101L
18:56:41,2018-08-16 09:34:07,CS1,ARB_SUBMIT,BOTH,,101,buy_id=957274bc sell_id=b27704d1
18:56:42,2018-08-16 09:34:07,CS1,ARB_DETECT,,99.11/98.68,44,agg_bid=228L agg_ask=44L submitting=44L
18:56:42,2018-08-16 09:34:07,CS1,ARB_SUBMIT,BOTH,,44,buy_id=7831dde7 sell_id=1bf8aca4
18:56:42,2018-08-16 09:34:07,CS1,ARB_DETECT,,99.11/98.68,44,agg_bid=228L agg_ask=44L submitting=44L
18:56:42,2018-08-16 09:34:07,CS1,ARB_SUBMIT,BOTH,,44,buy_id=f81270ae sell_id=6d7c7702
18:56:43,2018-08-16 09:34:07,CS2,MM_SUSPENDED,,,,warming up (10/15 cycles)
18:56:43,2018-08-16 09:34:08,CS1,ARB_DETECT,,99.11/98.68,44,agg_bid=228L agg_ask=44L submitting=44L
18:56:43,2018-08-16 09:34:08,CS1,ARB_SUBMIT,BOTH,,44,buy_id=4cb98c19 sell_id=33145a94
18:56:43,2018-08-16 09:34:08,CS1,MM_SUSPENDED,,,,empty book — window reset
18:56:43,2018-08-16 09:34:09,CS1,ARB_FILLED,SELL,99.105,44,fully filled
18:56:43,2018-08-16 09:34:09,CS1,ARB_DETECT,,99.1/98.69,33,agg_bid=220L agg_ask=33L submitting=33L
18:56:43,2018-08-16 09:34:09,CS1,ARB_SUBMIT,BOTH,,33,buy_id=6230290e sell_id=cd0950d2
18:56:45,2018-08-16 09:34:10,CS2,MM_SUSPENDED,,,,warming up (11/15 cycles)
18:56:45,2018-08-16 09:34:10,CS1,MM_SUSPENDED,,,,warming up (1/15 cycles)
18:56:47,2018-08-16 09:34:12,CS1,ARB_DETECT,,100.15/99.15,19,agg_bid=19L agg_ask=269L submitting=19L
18:56:47,2018-08-16 09:34:12,CS1,ARB_SUBMIT,BOTH,,19,buy_id=8201ed82 sell_id=7bcbbd90
18:56:47,2018-08-16 09:34:12,CS2,MM_SUSPENDED,,,,warming up (12/15 cycles)
18:56:47,2018-08-16 09:34:12,CS1,STAB_RESET,,,,bad spread=-1.0000 — window cleared
18:56:47,2018-08-16 09:34:12,CS1,MM_SUSPENDED,,,,empty book — window reset
18:56:47,2018-08-16 09:34:12,CS1,ARB_DETECT,,100.15/99.15,19,agg_bid=19L agg_ask=269L submitting=19L
18:56:47,2018-08-16 09:34:12,CS1,ARB_SUBMIT,BOTH,,19,buy_id=b69aa762 sell_id=474380da
18:56:48,2018-08-16 09:34:13,CS1,ARB_DETECT,,100.15/98.85,18,agg_bid=18L agg_ask=256L submitting=18L
18:56:48,2018-08-16 09:34:13,CS1,ARB_SUBMIT,BOTH,,18,buy_id=93a31d3e sell_id=305a04f4
18:56:48,2018-08-16 09:34:14,CS1,ARB_DETECT,,99.13/98.85,8,agg_bid=246L agg_ask=8L submitting=8L
18:56:48,2018-08-16 09:34:14,CS1,ARB_SUBMIT,BOTH,,8,buy_id=e8d345a8 sell_id=7a236361
18:56:49,2018-08-16 09:34:14,CS2,MM_SUSPENDED,,,,warming up (13/15 cycles)
18:56:49,2018-08-16 09:34:14,CS1,ARB_DETECT,,99.13/98.86,33,agg_bid=246L agg_ask=33L submitting=33L
18:56:49,2018-08-16 09:34:14,CS1,ARB_SUBMIT,BOTH,,33,buy_id=50314a9e sell_id=d4d4fdff
18:56:49,2018-08-16 09:34:14,CS1,MM_SUSPENDED,,,,empty book — window reset
18:56:50,2018-08-16 09:34:15,CS1,ARB_FILLED,BUY,98.86,19,fully filled
18:56:51,2018-08-16 09:34:16,CS2,MM_SUSPENDED,,,,warming up (14/15 cycles)
18:56:51,2018-08-16 09:34:16,CS1,MM_SUSPENDED,,,,warming up (1/15 cycles)
18:56:52,2018-08-16 09:34:18,CS1,ARB_FILLED,SELL,99.12,33,fully filled
18:56:54,2018-08-16 09:34:19,CS2,SUBMIT,BUY,199.6,3,bid=199.6 spread=1.7700 pos=+27L inv_ratio=0.68 skew=0.4779 ref=201.16 bid_vol=689L
18:56:55,2018-08-16 09:34:19,CS2,SUBMIT,SELL,201.35,3,ask=201.35 spread=1.7700 pos=+27L inv_ratio=0.68 skew=0.4779 ref=201.16 ask_vol=176L
18:56:55,2018-08-16 09:34:19,CS2,STATUS,,,,bid=199.6(REST) ask=201.35(REST) spread=1.7700 pos=+27L inv_ratio=0.68 skew=0.4779 ref=201.16 window=15 bid_vol=689L ask_vol=176L
18:56:55,2018-08-16 09:34:21,CS1,MM_SUSPENDED,,,,warming up (2/15 cycles)
18:56:55,2018-08-16 09:34:21,CS2,FILLED,BID,199.6,,order no longer in waiting list
18:56:55,2018-08-16 09:34:21,CS2,CANCEL,ASK,201.35,,outside spread bid=199.96 ask=199.98
18:56:55,2018-08-16 09:34:21,CS2,SPREAD_TIGHT,,,,spread=0.0200 < 0.04 — waiting
18:56:56,2018-08-16 09:34:21,CS2,ARB_DETECT,,202.1/202.06,49,agg_bid=197L agg_ask=125L submitting=49L
18:56:56,2018-08-16 09:34:21,CS2,ARB_SUBMIT,BOTH,,49,buy_id=695feb8e sell_id=521dbccc
18:56:56,2018-08-16 09:34:22,CS2,ARB_DETECT,,202.1/202.06,49,agg_bid=176L agg_ask=125L submitting=49L
18:56:56,2018-08-16 09:34:22,CS2,ARB_SUBMIT,BOTH,,49,buy_id=ea1746a6 sell_id=5dea2afd
18:56:57,2018-08-16 09:34:22,CS2,ARB_DETECT,,202.1/202.06,49,agg_bid=176L agg_ask=125L submitting=49L
18:56:57,2018-08-16 09:34:22,CS2,ARB_SUBMIT,BOTH,,49,buy_id=f7eb8485 sell_id=2f44064e
18:56:57,2018-08-16 09:34:22,CS1,MM_SUSPENDED,,,,warming up (3/15 cycles)
18:56:57,2018-08-16 09:34:22,CS2,STAB_RESET,,,,bad spread=-0.0400 — window cleared
18:56:57,2018-08-16 09:34:22,CS2,MM_SUSPENDED,,,,empty book — window reset
18:56:58,2018-08-16 09:34:22,CS2,ARB_DETECT,,202.1/198.13,50,agg_bid=209L agg_ask=157L submitting=50L
18:56:58,2018-08-16 09:34:22,CS2,ARB_SUBMIT,BOTH,,50,buy_id=ec52c90d sell_id=a390dc01
18:56:58,2018-08-16 09:34:23,CS2,ARB_DETECT,,202.1/202.06,49,agg_bid=175L agg_ask=90L submitting=49L
18:56:58,2018-08-16 09:34:23,CS2,ARB_SUBMIT,BOTH,,49,buy_id=e02e9e7a sell_id=e9823da1
18:56:59,2018-08-16 09:34:25,CS1,ARB_DETECT,,99.1/98.88,19,agg_bid=66L agg_ask=19L submitting=19L
18:56:59,2018-08-16 09:34:25,CS1,ARB_SUBMIT,BOTH,,19,buy_id=a044b65a sell_id=0dc674c3
18:56:59,2018-08-16 09:34:25,CS2,ARB_DETECT,,202.09/202.06,49,agg_bid=134L agg_ask=90L submitting=49L
18:56:59,2018-08-16 09:34:25,CS2,ARB_SUBMIT,BOTH,,49,buy_id=0074ed6d sell_id=d2dfd8fd
18:56:59,2018-08-16 09:34:25,CS1,MM_SUSPENDED,,,,warming up (4/15 cycles)
18:56:59,2018-08-16 09:34:25,CS2,MM_SUSPENDED,,,,empty book — window reset
18:57:00,2018-08-16 09:34:25,CS2,ARB_DETECT,,202.09/202.06,49,agg_bid=114L agg_ask=89L submitting=49L
18:57:00,2018-08-16 09:34:25,CS2,ARB_SUBMIT,BOTH,,49,buy_id=d5736113 sell_id=8f0e06ee
18:57:00,2018-08-16 09:34:26,CS2,ARB_DETECT,,202.09/202.06,49,agg_bid=94L agg_ask=89L submitting=49L
18:57:00,2018-08-16 09:34:26,CS2,ARB_SUBMIT,BOTH,,49,buy_id=4b3ddc34 sell_id=a160928c
18:57:01,2018-08-16 09:34:26,CS2,ARB_DETECT,,202.09/202.06,49,agg_bid=94L agg_ask=89L submitting=49L
18:57:01,2018-08-16 09:34:26,CS2,ARB_SUBMIT,BOTH,,49,buy_id=6158e6b5 sell_id=853bb06d
18:57:01,2018-08-16 09:34:26,CS1,MM_SUSPENDED,,,,warming up (5/15 cycles)
18:57:01,2018-08-16 09:34:26,CS2,ARB_DETECT,,202.09/202.06,49,agg_bid=94L agg_ask=89L submitting=49L
18:57:01,2018-08-16 09:34:26,CS2,ARB_SUBMIT,BOTH,,49,buy_id=dfdbd646 sell_id=b73b8530
18:57:01,2018-08-16 09:34:26,CS2,MM_SUSPENDED,,,,empty book — window reset
18:57:02,2018-08-16 09:34:27,CS2,ARB_DETECT,,202.08/202.06,49,agg_bid=54L agg_ask=56L submitting=49L
18:57:02,2018-08-16 09:34:27,CS2,ARB_SUBMIT,BOTH,,49,buy_id=3525422e sell_id=c4abd2f4
18:57:03,2018-08-16 09:34:28,CS2,ARB_DETECT,,202.08/202.06,49,agg_bid=54L agg_ask=56L submitting=49L
18:57:03,2018-08-16 09:34:28,CS2,ARB_SUBMIT,BOTH,,49,buy_id=c883cfb4 sell_id=22425538
18:57:03,2018-08-16 09:34:29,CS1,ARB_DETECT,,99.1/99.09,8,agg_bid=20L agg_ask=8L submitting=8L
18:57:03,2018-08-16 09:34:29,CS1,ARB_SUBMIT,BOTH,,8,buy_id=8b88db12 sell_id=2e61cfc2
18:57:03,2018-08-16 09:34:29,CS1,STAB_RESET,,,,bad spread=-0.0100 — window cleared
18:57:03,2018-08-16 09:34:29,CS1,MM_SUSPENDED,,,,empty book — window reset
18:57:03,2018-08-16 09:34:29,CS2,MM_SUSPENDED,,,,warming up (1/15 cycles)
18:57:04,2018-08-16 09:34:30,CS1,ARB_FILLED,BUY,99.09,8,fully filled
18:57:05,2018-08-16 09:34:31,CS1,MM_SUSPENDED,,,,warming up (1/15 cycles)
18:57:06,2018-08-16 09:34:31,CS2,MM_SUSPENDED,,,,warming up (2/15 cycles)
18:57:07,2018-08-16 09:34:32,CS1,ARB_DETECT,,98.99/98.52,101,agg_bid=125L agg_ask=184L submitting=101L
18:57:07,2018-08-16 09:34:32,CS1,ARB_SUBMIT,BOTH,,101,buy_id=1ea9345f sell_id=c0dfbce3
18:57:08,2018-08-16 09:34:33,CS1,ARB_DETECT,,98.99/98.52,101,agg_bid=125L agg_ask=142L submitting=101L
18:57:08,2018-08-16 09:34:33,CS1,ARB_SUBMIT,BOTH,,101,buy_id=5090a048 sell_id=254dcbf7
18:57:08,2018-08-16 09:34:33,CS1,STAB_RESET,,,,bad spread=-0.4700 — window cleared
18:57:08,2018-08-16 09:34:33,CS1,MM_SUSPENDED,,,,empty book — window reset
18:57:08,2018-08-16 09:34:33,CS2,MM_SUSPENDED,,,,warming up (3/15 cycles)
18:57:08,2018-08-16 09:34:34,CS1,ARB_DETECT,,98.99/98.52,101,agg_bid=211L agg_ask=142L submitting=101L
18:57:08,2018-08-16 09:34:34,CS1,ARB_SUBMIT,BOTH,,101,buy_id=e7a9c0ef sell_id=7f212771
18:57:09,2018-08-16 09:34:34,CS1,ARB_DETECT,,98.99/98.52,101,agg_bid=191L agg_ask=126L submitting=101L
18:57:09,2018-08-16 09:34:34,CS1,ARB_SUBMIT,BOTH,,101,buy_id=31006a89 sell_id=add9ec54
18:57:09,2018-08-16 09:34:35,CS1,ARB_DETECT,,98.99/98.53,80,agg_bid=191L agg_ask=80L submitting=80L
18:57:09,2018-08-16 09:34:35,CS1,ARB_SUBMIT,BOTH,,80,buy_id=9a0bbb6c sell_id=06af7121
18:57:10,2018-08-16 09:34:35,CS1,MM_SUSPENDED,,,,empty book — window reset
18:57:10,2018-08-16 09:34:35,CS2,MM_SUSPENDED,,,,warming up (4/15 cycles)
18:57:10,2018-08-16 09:34:35,CS1,ARB_DETECT,,98.99/98.53,80,agg_bid=170L agg_ask=80L submitting=80L
18:57:10,2018-08-16 09:34:35,CS1,ARB_SUBMIT,BOTH,,80,buy_id=c0321909 sell_id=cb1ca6fd
18:57:10,2018-08-16 09:34:35,CS2,ARB_DETECT,,202.03/198.15,4,agg_bid=232L agg_ask=4L submitting=4L
18:57:10,2018-08-16 09:34:35,CS2,ARB_SUBMIT,BOTH,,4,buy_id=1d07468b sell_id=72022d53
18:57:11,2018-08-16 09:34:36,CS1,ARB_DETECT,,98.99/98.53,80,agg_bid=170L agg_ask=80L submitting=80L
18:57:11,2018-08-16 09:34:36,CS1,ARB_SUBMIT,BOTH,,80,buy_id=8a1a1701 sell_id=84bab5d9
18:57:11,2018-08-16 09:34:37,CS1,ARB_DETECT,,98.99/98.53,80,agg_bid=170L agg_ask=80L submitting=80L
18:57:11,2018-08-16 09:34:37,CS1,ARB_SUBMIT,BOTH,,80,buy_id=263ce307 sell_id=bc2e40e6
18:57:11,2018-08-16 09:34:37,CS2,ARB_FILLED,BUY,202.0725,4,fully filled
18:57:12,2018-08-16 09:34:37,CS1,MM_SUSPENDED,,,,empty book — window reset
18:57:12,2018-08-16 09:34:37,CS2,MM_SUSPENDED,,,,warming up (5/15 cycles)
18:57:12,2018-08-16 09:34:37,CS1,ARB_DETECT,,98.99/98.54,60,agg_bid=149L agg_ask=60L submitting=60L
18:57:12,2018-08-16 09:34:37,CS1,ARB_SUBMIT,BOTH,,60,buy_id=b47ec8c1 sell_id=c1f6282d
18:57:12,2018-08-16 09:34:37,CS2,ARB_FILLED,SELL,202.03,4,fully filled
18:57:13,2018-08-16 09:34:39,CS2,ARB_DETECT,,202.04/202.03,1,agg_bid=20L agg_ask=1L submitting=1L
18:57:13,2018-08-16 09:34:39,CS2,ARB_SUBMIT,BOTH,,1,buy_id=2ea02928 sell_id=9494c861
18:57:14,2018-08-16 09:34:39,CS1,MM_SUSPENDED,,,,warming up (1/15 cycles)
18:57:14,2018-08-16 09:34:39,CS2,MM_SUSPENDED,,,,warming up (6/15 cycles)
18:57:15,2018-08-16 09:34:41,CS2,ARB_FILLED,BUY,202.09,1,fully filled
18:57:15,2018-08-16 09:34:41,CS2,ARB_FILLED,SELL,202.08,1,fully filled
18:57:16,2018-08-16 09:34:42,CS1,MM_SUSPENDED,,,,warming up (2/15 cycles)
18:57:16,2018-08-16 09:34:42,CS2,MM_SUSPENDED,,,,warming up (7/15 cycles)
18:57:18,2018-08-16 09:34:43,CS1,MM_SUSPENDED,,,,warming up (3/15 cycles)
18:57:18,2018-08-16 09:34:43,CS2,MM_SUSPENDED,,,,warming up (8/15 cycles)
18:57:18,2018-08-16 09:34:43,CS2,ARB_DETECT,,202.12/202.11,1,agg_bid=3L agg_ask=1L submitting=1L
18:57:18,2018-08-16 09:34:43,CS2,ARB_SUBMIT,BOTH,,1,buy_id=1766fbff sell_id=33d04e42
18:57:19,2018-08-16 09:34:44,CS2,ARB_DETECT,,202.12/198.08,19,agg_bid=19L agg_ask=170L submitting=19L
18:57:19,2018-08-16 09:34:44,CS2,ARB_SUBMIT,BOTH,,19,buy_id=5d43d979 sell_id=51f4420d
18:57:19,2018-08-16 09:34:44,CS2,ARB_DETECT,,202.02/198.07,50,agg_bid=192L agg_ask=181L submitting=50L
18:57:19,2018-08-16 09:34:44,CS2,ARB_SUBMIT,BOTH,,50,buy_id=52c8d1fa sell_id=fcdcadf4
18:57:20,2018-08-16 09:34:46,CS1,MM_SUSPENDED,,,,warming up (4/15 cycles)
18:57:20,2018-08-16 09:34:46,CS2,ARB_DETECT,,202.05/198.08,50,agg_bid=133L agg_ask=149L submitting=50L
18:57:20,2018-08-16 09:34:46,CS2,ARB_SUBMIT,BOTH,,50,buy_id=29136348 sell_id=c0d0ee9d
18:57:20,2018-08-16 09:34:46,CS2,STAB_RESET,,,,bad spread=-3.9700 — window cleared
18:57:20,2018-08-16 09:34:46,CS2,MM_SUSPENDED,,,,empty book — window reset
18:57:20,2018-08-16 09:34:46,CS2,ARB_FILLED,BUY,198.09,1,fully filled
18:57:20,2018-08-16 09:34:46,CS2,ARB_FILLED,SELL,202.05,1,fully filled
18:57:20,2018-08-16 09:34:46,CS2,ARB_FILLED,SELL,202.0311,19,fully filled
18:57:20,2018-08-16 09:34:46,CS2,ARB_DETECT,,202.02/198.09,50,agg_bid=171L agg_ask=88L submitting=50L
18:57:20,2018-08-16 09:34:46,CS2,ARB_SUBMIT,BOTH,,50,buy_id=8b97f04e sell_id=4ffe87bb
18:57:21,2018-08-16 09:34:46,CS2,ARB_DETECT,,202.02/198.09,50,agg_bid=171L agg_ask=88L submitting=50L
18:57:21,2018-08-16 09:34:46,CS2,ARB_SUBMIT,BOTH,,50,buy_id=1762eec6 sell_id=e45184af
18:57:22,2018-08-16 09:34:47,CS2,ARB_DETECT,,202.01/198.1,50,agg_bid=214L agg_ask=68L submitting=50L
18:57:22,2018-08-16 09:34:47,CS2,ARB_SUBMIT,BOTH,,50,buy_id=d6e57601 sell_id=aac44947
18:57:22,2018-08-16 09:34:47,CS1,MM_SUSPENDED,,,,warming up (5/15 cycles)
18:57:22,2018-08-16 09:34:47,CS2,MM_SUSPENDED,,,,empty book — window reset
18:57:22,2018-08-16 09:34:48,CS2,ARB_DETECT,,202.01/198.11,8,agg_bid=213L agg_ask=8L submitting=8L
18:57:22,2018-08-16 09:34:48,CS2,ARB_SUBMIT,BOTH,,8,buy_id=f38f09c6 sell_id=aa57a033
18:57:23,2018-08-16 09:34:49,CS2,ARB_DETECT,,202.01/198.11,8,agg_bid=132L agg_ask=8L submitting=8L
18:57:23,2018-08-16 09:34:49,CS2,ARB_SUBMIT,BOTH,,8,buy_id=f4aefba3 sell_id=2fa238cd
18:57:24,2018-08-16 09:34:49,CS2,ARB_FILLED,BUY,202.06,8,fully filled
18:57:24,2018-08-16 09:34:49,CS2,ARB_FILLED,SELL,202.01,8,fully filled
18:57:24,2018-08-16 09:34:50,CS1,STAB_RESET,,,,bad spread=-0.0500 — window cleared
18:57:24,2018-08-16 09:34:50,CS1,MM_SUSPENDED,,,,empty book — window reset
18:57:24,2018-08-16 09:34:50,CS2,MM_SUSPENDED,,,,warming up (1/15 cycles)
18:57:24,2018-08-16 09:34:50,CS1,ARB_DETECT,,99.33/99.28,100,agg_bid=248L agg_ask=249L submitting=100L
18:57:24,2018-08-16 09:34:50,CS1,ARB_SUBMIT,BOTH,,100,buy_id=02abe816 sell_id=a3eae9fa
18:57:25,2018-08-16 09:34:50,CS1,ARB_DETECT,,99.33/99.27,100,agg_bid=248L agg_ask=472L submitting=100L
18:57:25,2018-08-16 09:34:50,CS1,ARB_SUBMIT,BOTH,,100,buy_id=6aef206b sell_id=28922d12
18:57:25,2018-08-16 09:34:50,CS2,ARB_FILLED,BUY,202.0563,8,fully filled
18:57:25,2018-08-16 09:34:50,CS2,ARB_FILLED,SELL,202.01,8,fully filled
18:57:25,2018-08-16 09:34:51,CS1,ARB_DETECT,,99.33/99.28,100,agg_bid=228L agg_ask=498L submitting=100L
18:57:26,2018-08-16 09:34:51,CS1,ARB_SUBMIT,BOTH,,100,buy_id=476cab4e sell_id=d2ba61f2
18:57:26,2018-08-16 09:34:52,CS1,ARB_DETECT,,99.33/99.28,100,agg_bid=207L agg_ask=498L submitting=100L
18:57:26,2018-08-16 09:34:52,CS1,ARB_SUBMIT,BOTH,,100,buy_id=f0218e4e sell_id=ab2a8fed
18:57:26,2018-08-16 09:34:52,CS1,MM_SUSPENDED,,,,empty book — window reset
18:57:26,2018-08-16 09:34:52,CS2,MM_SUSPENDED,,,,warming up (2/15 cycles)
18:57:27,2018-08-16 09:34:52,CS1,ARB_DETECT,,99.32/99.28,100,agg_bid=187L agg_ask=392L submitting=100L
18:57:27,2018-08-16 09:34:52,CS1,ARB_SUBMIT,BOTH,,100,buy_id=da151bd8 sell_id=72d0f72c
18:57:27,2018-08-16 09:34:52,CS2,ARB_DETECT,,202.0/198.08,50,agg_bid=86L agg_ask=229L submitting=50L
18:57:27,2018-08-16 09:34:52,CS2,ARB_SUBMIT,BOTH,,50,buy_id=40a66df5 sell_id=3706868d
18:57:27,2018-08-16 09:34:53,CS1,ARB_DETECT,,99.32/99.27,100,agg_bid=171L agg_ask=756L submitting=100L
18:57:27,2018-08-16 09:34:53,CS1,ARB_SUBMIT,BOTH,,100,buy_id=db2858be sell_id=1d4f538e
18:57:27,2018-08-16 09:34:53,CS2,ARB_DETECT,,202.0/198.08,50,agg_bid=249L agg_ask=209L submitting=50L
18:57:27,2018-08-16 09:34:53,CS2,ARB_SUBMIT,BOTH,,50,buy_id=516c02e4 sell_id=da28c06f
18:57:28,2018-08-16 09:34:54,CS1,ARB_DETECT,,99.32/99.27,100,agg_bid=170L agg_ask=756L submitting=100L
18:57:28,2018-08-16 09:34:54,CS1,ARB_SUBMIT,BOTH,,100,buy_id=b133fff0 sell_id=531464e2
18:57:28,2018-08-16 09:34:54,CS2,ARB_DETECT,,202.0/198.08,50,agg_bid=249L agg_ask=209L submitting=50L
18:57:28,2018-08-16 09:34:54,CS2,ARB_SUBMIT,BOTH,,50,buy_id=90df426a sell_id=1c60b1e1
18:57:28,2018-08-16 09:34:54,CS1,MM_SUSPENDED,,,,empty book — window reset
18:57:28,2018-08-16 09:34:54,CS2,STAB_RESET,,,,bad spread=-3.9200 — window cleared
18:57:28,2018-08-16 09:34:54,CS2,MM_SUSPENDED,,,,empty book — window reset
18:57:29,2018-08-16 09:34:54,CS1,ARB_DETECT,,100.11/99.27,20,agg_bid=20L agg_ask=799L submitting=20L
18:57:29,2018-08-16 09:34:54,CS1,ARB_SUBMIT,BOTH,,20,buy_id=d92678a0 sell_id=04f9ac6f
18:57:29,2018-08-16 09:34:54,CS2,ARB_DETECT,,202.0/198.08,50,agg_bid=249L agg_ask=209L submitting=50L
18:57:29,2018-08-16 09:34:54,CS2,ARB_SUBMIT,BOTH,,50,buy_id=d6387930 sell_id=37c37bd4
18:57:29,2018-08-16 09:34:54,CS1,ARB_DETECT,,99.32/99.27,100,agg_bid=170L agg_ask=738L submitting=100L
18:57:29,2018-08-16 09:34:54,CS1,ARB_SUBMIT,BOTH,,100,buy_id=e2930e72 sell_id=5389fc52
18:57:29,2018-08-16 09:34:54,CS2,ARB_DETECT,,202.0/198.08,50,agg_bid=229L agg_ask=209L submitting=50L
18:57:29,2018-08-16 09:34:54,CS2,ARB_SUBMIT,BOTH,,50,buy_id=2a89aaae sell_id=7a7db1b4
18:57:30,2018-08-16 09:34:55,CS1,ARB_DETECT,,99.32/99.27,100,agg_bid=170L agg_ask=738L submitting=100L
18:57:30,2018-08-16 09:34:55,CS1,ARB_SUBMIT,BOTH,,100,buy_id=2f14ddaa sell_id=6bec2ae3
18:57:30,2018-08-16 09:34:55,CS2,ARB_DETECT,,201.99/198.09,50,agg_bid=250L agg_ask=189L submitting=50L
18:57:30,2018-08-16 09:34:55,CS2,ARB_SUBMIT,BOTH,,50,buy_id=310372c3 sell_id=44543b45
18:57:30,2018-08-16 09:34:55,CS1,MM_SUSPENDED,,,,empty book — window reset
18:57:30,2018-08-16 09:34:55,CS2,MM_SUSPENDED,,,,empty book — window reset
18:57:30,2018-08-16 09:34:55,CS1,ARB_FILLED,BUY,99.27,20,fully filled
18:57:30,2018-08-16 09:34:55,CS1,ARB_FILLED,SELL,99.32,20,fully filled
18:57:30,2018-08-16 09:34:55,CS1,ARB_DETECT,,99.32/99.27,100,agg_bid=130L agg_ask=718L submitting=100L
18:57:30,2018-08-16 09:34:55,CS1,ARB_SUBMIT,BOTH,,100,buy_id=00c77c02 sell_id=4a7964c3
18:57:30,2018-08-16 09:34:55,CS2,ARB_DETECT,,201.39/198.09,50,agg_bid=243L agg_ask=189L submitting=50L
18:57:30,2018-08-16 09:34:55,CS2,ARB_SUBMIT,BOTH,,50,buy_id=211cce4f sell_id=ea3e24bb
18:57:31,2018-08-16 09:34:56,CS1,ARB_DETECT,,99.32/99.27,100,agg_bid=130L agg_ask=678L submitting=100L
18:57:31,2018-08-16 09:34:56,CS1,ARB_SUBMIT,BOTH,,100,buy_id=c18ba15e sell_id=67d648d7
18:57:31,2018-08-16 09:34:56,CS2,ARB_DETECT,,201.39/198.09,50,agg_bid=203L agg_ask=189L submitting=50L
18:57:31,2018-08-16 09:34:56,CS2,ARB_SUBMIT,BOTH,,50,buy_id=5233df32 sell_id=3ea507a0
18:57:32,2018-08-16 09:34:58,CS1,ARB_DETECT,,99.3/99.27,50,agg_bid=50L agg_ask=369L submitting=50L
18:57:32,2018-08-16 09:34:58,CS1,ARB_SUBMIT,BOTH,,50,buy_id=5f37eb12 sell_id=e9405844
18:57:32,2018-08-16 09:34:58,CS2,ARB_DETECT,,201.39/198.09,50,agg_bid=203L agg_ask=167L submitting=50L
18:57:32,2018-08-16 09:34:58,CS2,ARB_SUBMIT,BOTH,,50,buy_id=a58fa9bc sell_id=dee5793c
18:57:32,2018-08-16 09:34:58,CS1,ARB_DETECT,,99.29/99.28,6,agg_bid=6L agg_ask=116L submitting=6L
18:57:32,2018-08-16 09:34:58,CS1,ARB_SUBMIT,BOTH,,6,buy_id=56fc3446 sell_id=d20f216d
18:57:32,2018-08-16 09:34:58,CS1,MM_SUSPENDED,,,,empty book — window reset
18:57:32,2018-08-16 09:34:58,CS2,ARB_DETECT,,201.38/198.09,50,agg_bid=147L agg_ask=167L submitting=50L
18:57:32,2018-08-16 09:34:58,CS2,ARB_SUBMIT,BOTH,,50,buy_id=8ddadf83 sell_id=93ad2905
18:57:32,2018-08-16 09:34:58,CS2,MM_SUSPENDED,,,,empty book — window reset
18:57:33,2018-08-16 09:34:59,CS1,ARB_FILLED,BUY,99.28,50,fully filled
18:57:33,2018-08-16 09:34:59,CS1,ARB_FILLED,BUY,99.28,6,fully filled
18:57:33,2018-08-16 09:34:59,CS1,ARB_DETECT,,99.29/99.28,5,agg_bid=5L agg_ask=60L submitting=5L
18:57:33,2018-08-16 09:34:59,CS1,ARB_SUBMIT,BOTH,,5,buy_id=8e3e023b sell_id=7b92c8ea
18:57:33,2018-08-16 09:34:59,CS2,ARB_DETECT,,201.38/198.09,50,agg_bid=147L agg_ask=167L submitting=50L
18:57:33,2018-08-16 09:34:59,CS2,ARB_SUBMIT,BOTH,,50,buy_id=176a1834 sell_id=0a76ab1d
18:57:34,2018-08-16 09:34:59,CS1,ARB_DETECT,,99.29/99.28,5,agg_bid=5L agg_ask=40L submitting=5L
18:57:34,2018-08-16 09:34:59,CS1,ARB_SUBMIT,BOTH,,5,buy_id=4ec54173 sell_id=61f14724
18:57:34,2018-08-16 09:34:59,CS2,ARB_DETECT,,201.38/198.09,50,agg_bid=147L agg_ask=167L submitting=50L
18:57:34,2018-08-16 09:34:59,CS2,ARB_SUBMIT,BOTH,,50,buy_id=b42b8148 sell_id=7ad82328
18:57:34,2018-08-16 09:35:00,CS1,ARB_DETECT,,99.29/99.28,4,agg_bid=4L agg_ask=40L submitting=4L
18:57:34,2018-08-16 09:35:00,CS1,ARB_SUBMIT,BOTH,,4,buy_id=33510777 sell_id=93037f6c
18:57:34,2018-08-16 09:35:00,CS2,ARB_DETECT,,201.38/198.09,50,agg_bid=147L agg_ask=126L submitting=50L
18:57:34,2018-08-16 09:35:00,CS2,ARB_SUBMIT,BOTH,,50,buy_id=3ddcafb1 sell_id=ebe1966d
18:57:34,2018-08-16 09:35:00,CS1,MM_SUSPENDED,,,,empty book — window reset
18:57:34,2018-08-16 09:35:00,CS2,MM_SUSPENDED,,,,empty book — window reset
18:57:35,2018-08-16 09:35:00,CS1,ARB_DETECT,,99.27/99.1,100,agg_bid=1078L agg_ask=249L submitting=100L
18:57:35,2018-08-16 09:35:00,CS1,ARB_SUBMIT,BOTH,,100,buy_id=b2f19b82 sell_id=737be8b8
18:57:35,2018-08-16 09:35:00,CS2,ARB_DETECT,,201.37/198.09,50,agg_bid=130L agg_ask=126L submitting=50L
18:57:35,2018-08-16 09:35:00,CS2,ARB_SUBMIT,BOTH,,50,buy_id=a4fcb4ea sell_id=5d130662
18:57:35,2018-08-16 09:35:01,CS1,ARB_FILLED,BUY,99.1,5,fully filled
18:57:35,2018-08-16 09:35:01,CS1,ARB_FILLED,SELL,99.26,5,fully filled
18:57:35,2018-08-16 09:35:01,CS1,ARB_FILLED,BUY,99.1,5,fully filled
18:57:35,2018-08-16 09:35:01,CS1,ARB_FILLED,SELL,99.26,5,fully filled
18:57:35,2018-08-16 09:35:01,CS1,ARB_DETECT,,99.26/99.1,100,agg_bid=1228L agg_ask=239L submitting=100L
18:57:35,2018-08-16 09:35:01,CS1,ARB_SUBMIT,BOTH,,100,buy_id=c9d5ee5e sell_id=6038dd41
18:57:35,2018-08-16 09:35:01,CS2,ARB_DETECT,,201.37/198.09,50,agg_bid=108L agg_ask=126L submitting=50L
18:57:35,2018-08-16 09:35:01,CS2,ARB_SUBMIT,BOTH,,50,buy_id=a5ae6bfd sell_id=da1e459f
18:57:36,2018-08-16 09:35:02,CS1,ARB_FILLED,BUY,99.1,4,fully filled
18:57:36,2018-08-16 09:35:02,CS1,ARB_FILLED,SELL,99.26,4,fully filled
18:57:36,2018-08-16 09:35:02,CS1,ARB_DETECT,,99.26/99.11,100,agg_bid=1203L agg_ask=175L submitting=100L
18:57:36,2018-08-16 09:35:02,CS1,ARB_SUBMIT,BOTH,,100,buy_id=4714aec2 sell_id=820e3e22
18:57:36,2018-08-16 09:35:02,CS2,ARB_DETECT,,201.36/198.09,50,agg_bid=72L agg_ask=126L submitting=50L
18:57:36,2018-08-16 09:35:02,CS2,ARB_SUBMIT,BOTH,,50,buy_id=f0de8de6 sell_id=2a7d6199
18:57:36,2018-08-16 09:35:02,CS1,MM_SUSPENDED,,,,empty book — window reset
18:57:36,2018-08-16 09:35:02,CS2,MM_SUSPENDED,,,,empty book — window reset
18:57:37,2018-08-16 09:35:02,CS1,ARB_DETECT,,99.26/99.11,100,agg_bid=1203L agg_ask=155L submitting=100L
18:57:37,2018-08-16 09:35:02,CS1,ARB_SUBMIT,BOTH,,100,buy_id=3be9f7b1 sell_id=6e6d1893
18:57:37,2018-08-16 09:35:02,CS2,ARB_DETECT,,201.36/198.1,50,agg_bid=52L agg_ask=86L submitting=50L
18:57:37,2018-08-16 09:35:02,CS2,ARB_SUBMIT,BOTH,,50,buy_id=cfdcf5b6 sell_id=bded08a8
18:57:37,2018-08-16 09:35:03,CS1,ARB_DETECT,,99.26/99.12,100,agg_bid=1183L agg_ask=115L submitting=100L
18:57:37,2018-08-16 09:35:03,CS1,ARB_SUBMIT,BOTH,,100,buy_id=6714458f sell_id=be658eb3
18:57:37,2018-08-16 09:35:03,CS2,ARB_DETECT,,201.36/198.11,50,agg_bid=52L agg_ask=66L submitting=50L
18:57:37,2018-08-16 09:35:03,CS2,ARB_SUBMIT,BOTH,,50,buy_id=6f29751f sell_id=9c597e73
18:57:38,2018-08-16 09:35:03,CS1,ARB_DETECT,,99.26/99.12,100,agg_bid=1183L agg_ask=115L submitting=100L
18:57:38,2018-08-16 09:35:03,CS1,ARB_SUBMIT,BOTH,,100,buy_id=9ec41e92 sell_id=2f7da3e6
18:57:38,2018-08-16 09:35:03,CS2,ARB_DETECT,,201.36/198.11,50,agg_bid=52L agg_ask=66L submitting=50L
18:57:38,2018-08-16 09:35:03,CS2,ARB_SUBMIT,BOTH,,50,buy_id=ff9c1d90 sell_id=26744cc6
18:57:39,2018-08-16 09:35:04,CS1,ARB_DETECT,,99.26/99.12,100,agg_bid=1183L agg_ask=115L submitting=100L
18:57:39,2018-08-16 09:35:04,CS1,ARB_SUBMIT,BOTH,,100,buy_id=d1710e75 sell_id=dbe19955
18:57:39,2018-08-16 09:35:04,CS1,MM_SUSPENDED,,,,empty book — window reset
18:57:39,2018-08-16 09:35:04,CS2,ARB_DETECT,,199.46/198.11,50,agg_bid=273L agg_ask=261L submitting=50L
18:57:39,2018-08-16 09:35:04,CS2,ARB_SUBMIT,BOTH,,50,buy_id=80d12ec4 sell_id=adb0cedb
18:57:39,2018-08-16 09:35:04,CS2,MM_SUSPENDED,,,,empty book — window reset
18:57:39,2018-08-16 09:35:04,CS1,ARB_DETECT,,100.13/99.12,100,agg_bid=257L agg_ask=368L submitting=100L
18:57:39,2018-08-16 09:35:04,CS1,ARB_SUBMIT,BOTH,,100,buy_id=595a1532 sell_id=f7463445
18:57:39,2018-08-16 09:35:04,CS2,ARB_DETECT,,199.46/198.11,50,agg_bid=269L agg_ask=261L submitting=50L
18:57:39,2018-08-16 09:35:04,CS2,ARB_SUBMIT,BOTH,,50,buy_id=8275cfd6 sell_id=21db6c03
18:57:40,2018-08-16 09:35:05,CS1,ARB_DETECT,,100.13/99.13,100,agg_bid=257L agg_ask=479L submitting=100L
18:57:40,2018-08-16 09:35:05,CS1,ARB_SUBMIT,BOTH,,100,buy_id=8a090ce6 sell_id=8c311c79
18:57:40,2018-08-16 09:35:05,CS2,ARB_DETECT,,199.46/198.11,50,agg_bid=269L agg_ask=261L submitting=50L
18:57:40,2018-08-16 09:35:05,CS2,ARB_SUBMIT,BOTH,,50,buy_id=447a5e37 sell_id=82d8db40
18:57:40,2018-08-16 09:35:06,CS1,ARB_DETECT,,100.13/99.13,100,agg_bid=236L agg_ask=479L submitting=100L
18:57:40,2018-08-16 09:35:06,CS1,ARB_SUBMIT,BOTH,,100,buy_id=6752f578 sell_id=b5cefe60
18:57:40,2018-08-16 09:35:06,CS2,ARB_DETECT,,199.46/198.12,50,agg_bid=269L agg_ask=261L submitting=50L
18:57:40,2018-08-16 09:35:06,CS2,ARB_SUBMIT,BOTH,,50,buy_id=3a073965 sell_id=ba818737
18:57:41,2018-08-16 09:35:06,CS1,MM_SUSPENDED,,,,empty book — window reset
18:57:41,2018-08-16 09:35:06,CS2,MM_SUSPENDED,,,,empty book — window reset
18:57:41,2018-08-16 09:35:07,CS1,ARB_DETECT,,100.13/99.14,100,agg_bid=235L agg_ask=576L submitting=100L
18:57:41,2018-08-16 09:35:07,CS1,ARB_SUBMIT,BOTH,,100,buy_id=0dff4a25 sell_id=f6a62bad
18:57:41,2018-08-16 09:35:07,CS2,ARB_DETECT,,199.46/198.12,50,agg_bid=249L agg_ask=241L submitting=50L
18:57:41,2018-08-16 09:35:07,CS2,ARB_SUBMIT,BOTH,,50,buy_id=053a3abd sell_id=84d6240e
18:57:42,2018-08-16 09:35:07,CS1,ARB_DETECT,,100.12/99.28,100,agg_bid=175L agg_ask=602L submitting=100L
18:57:42,2018-08-16 09:35:07,CS1,ARB_SUBMIT,BOTH,,100,buy_id=962a56d1 sell_id=bb9dd27a
18:57:42,2018-08-16 09:35:07,CS2,ARB_DETECT,,199.46/198.12,50,agg_bid=209L agg_ask=241L submitting=50L
18:57:42,2018-08-16 09:35:07,CS2,ARB_SUBMIT,BOTH,,50,buy_id=0e600f60 sell_id=c00ba7fc
18:57:42,2018-08-16 09:35:08,CS1,ARB_DETECT,,100.12/99.29,100,agg_bid=155L agg_ask=582L submitting=100L
18:57:42,2018-08-16 09:35:08,CS1,ARB_SUBMIT,BOTH,,100,buy_id=88b8fb6d sell_id=9ed13c69
18:57:42,2018-08-16 09:35:08,CS2,ARB_DETECT,,199.45/198.39,50,agg_bid=193L agg_ask=253L submitting=50L
18:57:42,2018-08-16 09:35:08,CS2,ARB_SUBMIT,BOTH,,50,buy_id=cfde6fd9 sell_id=d6bbbc02
18:57:43,2018-08-16 09:35:08,CS1,MM_SUSPENDED,,,,empty book — window reset
18:57:43,2018-08-16 09:35:08,CS2,MM_SUSPENDED,,,,empty book — window reset
18:57:43,2018-08-16 09:35:09,CS1,ARB_DETECT,,100.12/99.29,100,agg_bid=155L agg_ask=542L submitting=100L
18:57:43,2018-08-16 09:35:09,CS1,ARB_SUBMIT,BOTH,,100,buy_id=5e761e99 sell_id=58264a77
18:57:43,2018-08-16 09:35:09,CS2,ARB_DETECT,,199.45/198.39,50,agg_bid=192L agg_ask=253L submitting=50L
18:57:43,2018-08-16 09:35:09,CS2,ARB_SUBMIT,BOTH,,50,buy_id=a0986f63 sell_id=67efa186
18:57:44,2018-08-16 09:35:09,CS1,ARB_DETECT,,100.12/99.29,100,agg_bid=135L agg_ask=542L submitting=100L
18:57:44,2018-08-16 09:35:09,CS1,ARB_SUBMIT,BOTH,,100,buy_id=48db3c00 sell_id=b243cae4
18:57:44,2018-08-16 09:35:09,CS2,ARB_DETECT,,199.45/198.39,50,agg_bid=192L agg_ask=216L submitting=50L
18:57:44,2018-08-16 09:35:09,CS2,ARB_SUBMIT,BOTH,,50,buy_id=4e3b2fe4 sell_id=aedbe136
18:57:44,2018-08-16 09:35:09,CS1,ARB_DETECT,,100.13/99.29,100,agg_bid=155L agg_ask=542L submitting=100L
18:57:44,2018-08-16 09:35:09,CS1,ARB_SUBMIT,BOTH,,100,buy_id=372d5f80 sell_id=b3ba6ec1
18:57:44,2018-08-16 09:35:09,CS2,ARB_DETECT,,199.45/198.39,50,agg_bid=192L agg_ask=216L submitting=50L
18:57:44,2018-08-16 09:35:09,CS2,ARB_SUBMIT,BOTH,,50,buy_id=f67d7afe sell_id=f897bd29
18:57:45,2018-08-16 09:35:10,CS1,ARB_DETECT,,100.13/99.29,100,agg_bid=155L agg_ask=542L submitting=100L
18:57:45,2018-08-16 09:35:10,CS1,ARB_SUBMIT,BOTH,,100,buy_id=c55f6ff4 sell_id=a81b4bbb
18:57:45,2018-08-16 09:35:10,CS1,MM_SUSPENDED,,,,empty book — window reset
18:57:45,2018-08-16 09:35:10,CS2,ARB_DETECT,,199.45/198.39,50,agg_bid=192L agg_ask=216L submitting=50L
18:57:45,2018-08-16 09:35:10,CS2,ARB_SUBMIT,BOTH,,50,buy_id=4c29e065 sell_id=57175fb8
18:57:45,2018-08-16 09:35:10,CS2,MM_SUSPENDED,,,,empty book — window reset
18:57:45,2018-08-16 09:35:10,CS1,ARB_DETECT,,100.13/99.29,100,agg_bid=154L agg_ask=522L submitting=100L
18:57:45,2018-08-16 09:35:10,CS1,ARB_SUBMIT,BOTH,,100,buy_id=c40f172b sell_id=fcb6aee2
18:57:45,2018-08-16 09:35:10,CS2,ARB_DETECT,,199.45/198.39,50,agg_bid=151L agg_ask=216L submitting=50L
18:57:45,2018-08-16 09:35:10,CS2,ARB_SUBMIT,BOTH,,50,buy_id=4ea3d842 sell_id=abaf7628
18:57:46,2018-08-16 09:35:11,CS1,ARB_DETECT,,100.11/99.29,100,agg_bid=134L agg_ask=522L submitting=100L
18:57:46,2018-08-16 09:35:11,CS1,ARB_SUBMIT,BOTH,,100,buy_id=3eec628b sell_id=97ca033e
18:57:46,2018-08-16 09:35:11,CS2,ARB_DETECT,,199.44/198.39,50,agg_bid=211L agg_ask=216L submitting=50L
18:57:46,2018-08-16 09:35:11,CS2,ARB_SUBMIT,BOTH,,50,buy_id=dab6c849 sell_id=3cf033ce
18:57:47,2018-08-16 09:35:12,CS1,ARB_DETECT,,100.11/99.29,94,agg_bid=94L agg_ask=511L submitting=94L
18:57:47,2018-08-16 09:35:12,CS1,ARB_SUBMIT,BOTH,,94,buy_id=a4df73b1 sell_id=0c8c4cbc
18:57:47,2018-08-16 09:35:12,CS2,ARB_DETECT,,199.44/198.4,50,agg_bid=210L agg_ask=236L submitting=50L
18:57:47,2018-08-16 09:35:12,CS2,ARB_SUBMIT,BOTH,,50,buy_id=005fc00f sell_id=81b04782
18:57:47,2018-08-16 09:35:12,CS1,MM_SUSPENDED,,,,empty book — window reset
18:57:47,2018-08-16 09:35:12,CS2,MM_SUSPENDED,,,,empty book — window reset
18:57:47,2018-08-16 09:35:13,CS1,ARB_DETECT,,100.1/99.29,54,agg_bid=54L agg_ask=491L submitting=54L
18:57:47,2018-08-16 09:35:13,CS1,ARB_SUBMIT,BOTH,,54,buy_id=27dabdfd sell_id=ffa3817f
18:57:47,2018-08-16 09:35:13,CS2,ARB_DETECT,,199.44/198.4,50,agg_bid=170L agg_ask=236L submitting=50L
18:57:47,2018-08-16 09:35:13,CS2,ARB_SUBMIT,BOTH,,50,buy_id=071808bb sell_id=21cafca7
18:57:48,2018-08-16 09:35:14,CS1,ARB_FILLED,BUY,99.29,54,fully filled
18:57:48,2018-08-16 09:35:14,CS1,ARB_DETECT,,100.1/99.29,54,agg_bid=54L agg_ask=417L submitting=54L
18:57:48,2018-08-16 09:35:14,CS1,ARB_SUBMIT,BOTH,,54,buy_id=412588a7 sell_id=db370233
18:57:48,2018-08-16 09:35:14,CS2,ARB_DETECT,,199.44/198.4,50,agg_bid=170L agg_ask=236L submitting=50L
18:57:48,2018-08-16 09:35:14,CS2,ARB_SUBMIT,BOTH,,50,buy_id=544124e0 sell_id=cabf3424
18:57:49,2018-08-16 09:35:14,CS1,ARB_PARTIAL,SELL,100.09,30,partially filled — leaving open
18:57:49,2018-08-16 09:35:14,CS1,ARB_DETECT,,100.09/99.29,34,agg_bid=34L agg_ask=417L submitting=34L
18:57:49,2018-08-16 09:35:14,CS1,ARB_SUBMIT,BOTH,,34,buy_id=12920b76 sell_id=972cfc31
18:57:49,2018-08-16 09:35:14,CS2,ARB_DETECT,,199.44/198.4,50,agg_bid=170L agg_ask=215L submitting=50L
18:57:49,2018-08-16 09:35:14,CS2,ARB_SUBMIT,BOTH,,50,buy_id=7a62d20c sell_id=adff7034
18:57:49,2018-08-16 09:35:15,CS1,MM_SUSPENDED,,,,empty book — window reset
18:57:49,2018-08-16 09:35:15,CS2,MM_SUSPENDED,,,,empty book — window reset
18:57:49,2018-08-16 09:35:15,CS1,ARB_FILLED,SELL,99.7826,54,fully filled
18:57:49,2018-08-16 09:35:15,CS1,ARB_DETECT,,99.26/98.68,101,agg_bid=1141L agg_ask=164L submitting=101L
18:57:49,2018-08-16 09:35:15,CS1,ARB_SUBMIT,BOTH,,101,buy_id=3783af17 sell_id=794086c8
18:57:49,2018-08-16 09:35:15,CS2,ARB_DETECT,,199.43/198.4,50,agg_bid=194L agg_ask=215L submitting=50L
18:57:49,2018-08-16 09:35:15,CS2,ARB_SUBMIT,BOTH,,50,buy_id=fab0cd10 sell_id=f224d06c
18:57:50,2018-08-16 09:35:15,CS1,ARB_FILLED,SELL,99.26,54,fully filled
18:57:50,2018-08-16 09:35:15,CS1,ARB_FILLED,BUY,98.68,34,fully filled
18:57:50,2018-08-16 09:35:15,CS1,ARB_DETECT,,99.26/98.68,101,agg_bid=1086L agg_ask=130L submitting=101L
18:57:50,2018-08-16 09:35:15,CS1,ARB_SUBMIT,BOTH,,101,buy_id=e5b6bbe8 sell_id=52201f8c
18:57:50,2018-08-16 09:35:15,CS2,ARB_DETECT,,199.42/198.41,50,agg_bid=225L agg_ask=259L submitting=50L
18:57:50,2018-08-16 09:35:15,CS2,ARB_SUBMIT,BOTH,,50,buy_id=3fcee22f sell_id=446841f1
18:57:50,2018-08-16 09:35:16,CS1,ARB_DETECT,,99.26/98.69,101,agg_bid=1086L agg_ask=170L submitting=101L
18:57:50,2018-08-16 09:35:16,CS1,ARB_SUBMIT,BOTH,,101,buy_id=05822829 sell_id=1453de9d
18:57:50,2018-08-16 09:35:16,CS2,ARB_DETECT,,202.82/198.41,50,agg_bid=262L agg_ask=238L submitting=50L
18:57:50,2018-08-16 09:35:16,CS2,ARB_SUBMIT,BOTH,,50,buy_id=288ff8f4 sell_id=85d23dc9
18:57:51,2018-08-16 09:35:16,CS1,ARB_DETECT,,99.26/98.69,101,agg_bid=1065L agg_ask=170L submitting=101L
18:57:51,2018-08-16 09:35:16,CS1,ARB_SUBMIT,BOTH,,101,buy_id=7cef1284 sell_id=ac013f5a
18:57:51,2018-08-16 09:35:16,CS1,MM_SUSPENDED,,,,empty book — window reset
18:57:51,2018-08-16 09:35:16,CS2,ARB_DETECT,,203.41/198.41,50,agg_bid=250L agg_ask=238L submitting=50L
18:57:51,2018-08-16 09:35:16,CS2,ARB_SUBMIT,BOTH,,50,buy_id=3b1171a2 sell_id=0cd508ed
18:57:51,2018-08-16 09:35:16,CS2,MM_SUSPENDED,,,,empty book — window reset
18:57:52,2018-08-16 09:35:17,CS1,ARB_DETECT,,99.26/98.69,101,agg_bid=1025L agg_ask=170L submitting=101L
18:57:52,2018-08-16 09:35:17,CS1,ARB_SUBMIT,BOTH,,101,buy_id=2ac4f869 sell_id=c5e4772a
18:57:52,2018-08-16 09:35:17,CS2,ARB_DETECT,,203.41/198.42,50,agg_bid=210L agg_ask=269L submitting=50L
18:57:52,2018-08-16 09:35:17,CS2,ARB_SUBMIT,BOTH,,50,buy_id=3e1cb488 sell_id=ef838455
18:57:52,2018-08-16 09:35:18,CS1,ARB_DETECT,,99.25/98.69,101,agg_bid=1065L agg_ask=169L submitting=101L
18:57:52,2018-08-16 09:35:18,CS1,ARB_SUBMIT,BOTH,,101,buy_id=424662ac sell_id=f8a10dae
18:57:52,2018-08-16 09:35:18,CS2,ARB_DETECT,,203.41/198.43,50,agg_bid=209L agg_ask=249L submitting=50L
18:57:52,2018-08-16 09:35:18,CS2,ARB_SUBMIT,BOTH,,50,buy_id=c6dbe91e sell_id=e2b9ddea
18:57:53,2018-08-16 09:35:19,CS1,ARB_DETECT,,99.25/98.7,101,agg_bid=1045L agg_ask=192L submitting=101L
18:57:53,2018-08-16 09:35:19,CS1,ARB_SUBMIT,BOTH,,101,buy_id=67c25b53 sell_id=6e1528a1
18:57:53,2018-08-16 09:35:19,CS2,ARB_DETECT,,203.4/198.43,50,agg_bid=268L agg_ask=249L submitting=50L
18:57:53,2018-08-16 09:35:19,CS2,ARB_SUBMIT,BOTH,,50,buy_id=50a8d83c sell_id=edacd8d5
18:57:53,2018-08-16 09:35:19,CS1,MM_SUSPENDED,,,,empty book — window reset
18:57:53,2018-08-16 09:35:19,CS2,MM_SUSPENDED,,,,empty book — window reset
18:57:53,2018-08-16 09:35:19,CS1,ARB_DETECT,,99.25/98.72,101,agg_bid=1025L agg_ask=244L submitting=101L
18:57:53,2018-08-16 09:35:19,CS1,ARB_SUBMIT,BOTH,,101,buy_id=035bb7ac sell_id=df0b16bc
18:57:54,2018-08-16 09:35:19,CS2,ARB_DETECT,,203.4/198.46,50,agg_bid=228L agg_ask=262L submitting=50L
18:57:54,2018-08-16 09:35:19,CS2,ARB_SUBMIT,BOTH,,50,buy_id=16eeb1c0 sell_id=ae7f35b1
18:57:54,2018-08-16 09:35:20,CS1,ARB_DETECT,,99.25/98.72,101,agg_bid=1005L agg_ask=260L submitting=101L
18:57:54,2018-08-16 09:35:20,CS1,ARB_SUBMIT,BOTH,,101,buy_id=2c14dee6 sell_id=bb9709e5
18:57:54,2018-08-16 09:35:20,CS2,ARB_DETECT,,203.4/198.46,50,agg_bid=227L agg_ask=262L submitting=50L
18:57:54,2018-08-16 09:35:20,CS2,ARB_SUBMIT,BOTH,,50,buy_id=204e35ed sell_id=a3c96c6b
18:57:55,2018-08-16 09:35:20,CS1,ARB_DETECT,,99.25/98.72,101,agg_bid=985L agg_ask=258L submitting=101L
18:57:55,2018-08-16 09:35:20,CS1,ARB_SUBMIT,BOTH,,101,buy_id=39a4de9d sell_id=40832537
18:57:55,2018-08-16 09:35:20,CS2,ARB_DETECT,,203.4/198.46,50,agg_bid=226L agg_ask=202L submitting=50L
18:57:55,2018-08-16 09:35:20,CS2,ARB_SUBMIT,BOTH,,50,buy_id=4b8fa632 sell_id=c56707b0
18:57:55,2018-08-16 09:35:21,CS1,ARB_DETECT,,99.25/98.8,101,agg_bid=945L agg_ask=274L submitting=101L
18:57:55,2018-08-16 09:35:21,CS1,ARB_SUBMIT,BOTH,,101,buy_id=f2dbd0fd sell_id=acef4a64
18:57:55,2018-08-16 09:35:21,CS1,MM_SUSPENDED,,,,empty book — window reset
18:57:55,2018-08-16 09:35:21,CS2,MM_SUSPENDED,,,,empty book — window reset
18:57:55,2018-08-16 09:35:21,CS2,ARB_DETECT,,203.39/198.46,50,agg_bid=250L agg_ask=202L submitting=50L
18:57:55,2018-08-16 09:35:21,CS2,ARB_SUBMIT,BOTH,,50,buy_id=76618fb4 sell_id=9c6df866
18:57:56,2018-08-16 09:35:21,CS1,ARB_DETECT,,99.25/98.8,101,agg_bid=945L agg_ask=274L submitting=101L
18:57:56,2018-08-16 09:35:21,CS1,ARB_SUBMIT,BOTH,,101,buy_id=6466360c sell_id=41538807
18:57:56,2018-08-16 09:35:21,CS2,ARB_DETECT,,203.39/198.46,50,agg_bid=250L agg_ask=202L submitting=50L
18:57:56,2018-08-16 09:35:21,CS2,ARB_SUBMIT,BOTH,,50,buy_id=a5758a0a sell_id=0ac821a0
18:57:57,2018-08-16 09:35:21,CS1,ARB_DETECT,,99.25/98.8,101,agg_bid=945L agg_ask=274L submitting=101L
18:57:57,2018-08-16 09:35:21,CS1,ARB_SUBMIT,BOTH,,101,buy_id=15efd173 sell_id=b13578bb
18:57:57,2018-08-16 09:35:21,CS2,ARB_DETECT,,203.39/198.46,50,agg_bid=250L agg_ask=202L submitting=50L
18:57:57,2018-08-16 09:35:21,CS2,ARB_SUBMIT,BOTH,,50,buy_id=275342e1 sell_id=ab9a64f4
18:57:57,2018-08-16 09:35:23,CS1,ARB_DETECT,,99.25/98.8,101,agg_bid=925L agg_ask=253L submitting=101L
18:57:57,2018-08-16 09:35:23,CS1,ARB_SUBMIT,BOTH,,101,buy_id=bc5c10ab sell_id=58af6922
18:57:57,2018-08-16 09:35:23,CS1,MM_SUSPENDED,,,,empty book — window reset
18:57:57,2018-08-16 09:35:23,CS2,ARB_DETECT,,203.38/198.47,50,agg_bid=261L agg_ask=262L submitting=50L
18:57:57,2018-08-16 09:35:23,CS2,ARB_SUBMIT,BOTH,,50,buy_id=8f684003 sell_id=d19d57ce
18:57:57,2018-08-16 09:35:23,CS2,MM_SUSPENDED,,,,empty book — window reset
18:57:58,2018-08-16 09:35:23,CS1,ARB_DETECT,,99.25/98.8,101,agg_bid=885L agg_ask=253L submitting=101L
18:57:58,2018-08-16 09:35:23,CS1,ARB_SUBMIT,BOTH,,101,buy_id=e465b5d8 sell_id=03c03ea2
18:57:58,2018-08-16 09:35:24,CS2,ARB_DETECT,,203.38/198.47,50,agg_bid=241L agg_ask=241L submitting=50L
18:57:58,2018-08-16 09:35:24,CS2,ARB_SUBMIT,BOTH,,50,buy_id=0d44155a sell_id=d46d0a5d
18:57:58,2018-08-16 09:35:24,CS1,ARB_DETECT,,99.25/98.8,101,agg_bid=865L agg_ask=221L submitting=101L
