wall_time,sim_time,symbol,event,side,price,lots,detail
11:33:54,2018-08-16 09:30:41,CS1,MM_SUSPENDED,,,,warming up
11:33:54,2018-08-16 09:30:41,CS2,MM_SUSPENDED,,,,warming up
11:33:55,2018-08-16 09:30:42,CS2,ARB_DETECT,,200.17/196.24,50,agg_bid=96L agg_ask=202L submitting=50L
11:33:55,2018-08-16 09:30:42,CS2,ARB_SUBMIT,BOTH,,50,buy_id=e38ab148 sell_id=91dc6b72
11:33:56,2018-08-16 09:30:42,CS2,ARB_DETECT,,200.17/196.24,50,agg_bid=96L agg_ask=202L submitting=50L
11:33:56,2018-08-16 09:30:42,CS2,ARB_SUBMIT,BOTH,,50,buy_id=5262fd32 sell_id=4f9ae936
11:33:56,2018-08-16 09:30:42,CS1,MM_SUSPENDED,,,,warming up
11:33:56,2018-08-16 09:30:42,CS2,MM_SUSPENDED,,,,warming up
11:33:56,2018-08-16 09:30:43,CS2,ARB_DETECT,,200.17/196.24,50,agg_bid=96L agg_ask=202L submitting=50L
11:33:56,2018-08-16 09:30:43,CS2,ARB_SUBMIT,BOTH,,50,buy_id=91f55049 sell_id=f371a70c
11:33:57,2018-08-16 09:30:44,CS2,ARB_DETECT,,200.17/196.25,50,agg_bid=96L agg_ask=240L submitting=50L
11:33:57,2018-08-16 09:30:44,CS2,ARB_SUBMIT,BOTH,,50,buy_id=c55bf79a sell_id=c76b11e9
11:33:57,2018-08-16 09:30:45,CS2,ARB_DETECT,,200.17/197.67,16,agg_bid=16L agg_ask=219L submitting=16L
11:33:57,2018-08-16 09:30:45,CS2,ARB_SUBMIT,BOTH,,16,buy_id=3ed0bb2c sell_id=afc8c570
11:33:58,2018-08-16 09:30:45,CS1,MM_SUSPENDED,,,,warming up
11:33:58,2018-08-16 09:30:45,CS2,MM_SUSPENDED,,,,warming up
11:34:00,2018-08-16 09:30:48,CS1,MM_SUSPENDED,,,,warming up
11:34:00,2018-08-16 09:30:48,CS2,MM_SUSPENDED,,,,warming up
11:34:02,2018-08-16 09:30:50,CS1,MM_SUSPENDED,,,,warming up
11:34:02,2018-08-16 09:30:50,CS2,MM_SUSPENDED,,,,warming up
11:34:03,2018-08-16 09:30:52,CS1,ARB_DETECT,,102.0/100.02,99,agg_bid=444L agg_ask=263L submitting=99L
11:34:03,2018-08-16 09:30:52,CS1,ARB_SUBMIT,BOTH,,99,buy_id=8f226c7c sell_id=8e769e32
11:34:04,2018-08-16 09:30:52,CS1,ARB_DETECT,,102.0/100.02,99,agg_bid=444L agg_ask=263L submitting=99L
11:34:04,2018-08-16 09:30:52,CS1,ARB_SUBMIT,BOTH,,99,buy_id=f8105cff sell_id=416079f9
11:34:04,2018-08-16 09:30:52,CS2,ARB_DETECT,,196.23/195.83,51,agg_bid=86L agg_ask=80L submitting=51L
11:34:04,2018-08-16 09:30:52,CS2,ARB_SUBMIT,BOTH,,51,buy_id=947ec4a9 sell_id=4a08982a
11:34:04,2018-08-16 09:30:53,CS1,MM_SUSPENDED,,,,warming up
11:34:04,2018-08-16 09:30:53,CS2,MM_SUSPENDED,,,,warming up
11:34:04,2018-08-16 09:30:53,CS1,ARB_DETECT,,102.0/100.02,99,agg_bid=432L agg_ask=242L submitting=99L
11:34:04,2018-08-16 09:30:53,CS1,ARB_SUBMIT,BOTH,,99,buy_id=463cc8eb sell_id=38ad2e0f
11:34:04,2018-08-16 09:30:53,CS2,ARB_FILLED,SELL,196.2282,50,fully filled
11:34:04,2018-08-16 09:30:53,CS2,ARB_DETECT,,196.22/195.84,40,agg_bid=40L agg_ask=47L submitting=40L
11:34:04,2018-08-16 09:30:53,CS2,ARB_SUBMIT,BOTH,,40,buy_id=1f97b2ef sell_id=6db9d841
11:34:05,2018-08-16 09:30:54,CS1,ARB_DETECT,,102.0/100.02,99,agg_bid=383L agg_ask=242L submitting=99L
11:34:05,2018-08-16 09:30:54,CS1,ARB_SUBMIT,BOTH,,99,buy_id=77d71405 sell_id=33153346
11:34:05,2018-08-16 09:30:54,CS2,ARB_DETECT,,196.22/195.85,31,agg_bid=40L agg_ask=31L submitting=31L
11:34:05,2018-08-16 09:30:54,CS2,ARB_SUBMIT,BOTH,,31,buy_id=7118c7af sell_id=b0792f08
11:34:06,2018-08-16 09:30:54,CS1,ARB_DETECT,,102.0/100.02,99,agg_bid=318L agg_ask=232L submitting=99L
11:34:06,2018-08-16 09:30:54,CS1,ARB_SUBMIT,BOTH,,99,buy_id=1a216832 sell_id=35e3a707
11:34:06,2018-08-16 09:30:54,CS2,ARB_DETECT,,196.22/195.85,11,agg_bid=40L agg_ask=11L submitting=11L
11:34:06,2018-08-16 09:30:54,CS2,ARB_SUBMIT,BOTH,,11,buy_id=ac229356 sell_id=86078225
11:34:06,2018-08-16 09:30:54,CS1,ARB_DETECT,,102.0/100.02,99,agg_bid=318L agg_ask=232L submitting=99L
11:34:06,2018-08-16 09:30:54,CS1,ARB_SUBMIT,BOTH,,99,buy_id=e4add603 sell_id=026a8ae2
11:34:06,2018-08-16 09:30:54,CS1,MM_SUSPENDED,,,,warming up
11:34:06,2018-08-16 09:30:54,CS2,ARB_DETECT,,199.57/195.85,51,agg_bid=91L agg_ask=183L submitting=51L
11:34:06,2018-08-16 09:30:54,CS2,ARB_SUBMIT,BOTH,,51,buy_id=7242554a sell_id=63964387
11:34:06,2018-08-16 09:30:54,CS2,MM_SUSPENDED,,,,warming up
11:34:07,2018-08-16 09:30:55,CS1,ARB_DETECT,,102.0/100.02,99,agg_bid=318L agg_ask=232L submitting=99L
11:34:07,2018-08-16 09:30:55,CS1,ARB_SUBMIT,BOTH,,99,buy_id=02895f60 sell_id=418b3fad
11:34:07,2018-08-16 09:30:55,CS2,ARB_DETECT,,199.56/195.85,51,agg_bid=63L agg_ask=183L submitting=51L
11:34:07,2018-08-16 09:30:55,CS2,ARB_SUBMIT,BOTH,,51,buy_id=f736830f sell_id=8f60c138
11:34:07,2018-08-16 09:30:55,CS1,ARB_DETECT,,102.0/100.03,99,agg_bid=310L agg_ask=187L submitting=99L
11:34:07,2018-08-16 09:30:55,CS1,ARB_SUBMIT,BOTH,,99,buy_id=aef2eb9b sell_id=79db1d8b
11:34:07,2018-08-16 09:30:55,CS2,ARB_DETECT,,199.56/195.85,51,agg_bid=59L agg_ask=183L submitting=51L
11:34:07,2018-08-16 09:30:55,CS2,ARB_SUBMIT,BOTH,,51,buy_id=e89f8aeb sell_id=17619662
11:34:08,2018-08-16 09:30:56,CS1,ARB_DETECT,,102.0/100.03,99,agg_bid=298L agg_ask=187L submitting=99L
11:34:08,2018-08-16 09:30:56,CS1,ARB_SUBMIT,BOTH,,99,buy_id=6d40de9b sell_id=8ef9cde1
11:34:08,2018-08-16 09:30:56,CS2,ARB_DETECT,,199.56/199.43,47,agg_bid=47L agg_ask=204L submitting=47L
11:34:08,2018-08-16 09:30:56,CS2,ARB_SUBMIT,BOTH,,47,buy_id=b891022c sell_id=89b659f5
11:34:08,2018-08-16 09:30:56,CS1,MM_SUSPENDED,,,,warming up
11:34:08,2018-08-16 09:30:56,CS2,MM_SUSPENDED,,,,warming up
11:34:09,2018-08-16 09:30:56,CS1,ARB_DETECT,,102.0/100.03,99,agg_bid=243L agg_ask=187L submitting=99L
11:34:09,2018-08-16 09:30:56,CS1,ARB_SUBMIT,BOTH,,99,buy_id=87afbb7d sell_id=255000d5
11:34:09,2018-08-16 09:30:56,CS2,ARB_DETECT,,199.56/199.43,47,agg_bid=47L agg_ask=183L submitting=47L
11:34:09,2018-08-16 09:30:56,CS2,ARB_SUBMIT,BOTH,,47,buy_id=adffed20 sell_id=0b0fe12d
11:34:09,2018-08-16 09:30:56,CS1,ARB_DETECT,,102.0/100.01,99,agg_bid=247L agg_ask=523L submitting=99L
11:34:09,2018-08-16 09:30:56,CS1,ARB_SUBMIT,BOTH,,99,buy_id=aa07fcde sell_id=41c64c46
11:34:09,2018-08-16 09:30:56,CS2,ARB_DETECT,,199.56/199.43,47,agg_bid=47L agg_ask=179L submitting=47L
11:34:09,2018-08-16 09:30:56,CS2,ARB_SUBMIT,BOTH,,47,buy_id=176b111d sell_id=a07f42bf
11:34:10,2018-08-16 09:30:58,CS1,ARB_DETECT,,102.0/100.01,99,agg_bid=245L agg_ask=523L submitting=99L
11:34:10,2018-08-16 09:30:58,CS1,ARB_SUBMIT,BOTH,,99,buy_id=f0219db4 sell_id=45fc39ab
11:34:10,2018-08-16 09:30:58,CS2,ARB_DETECT,,199.56/199.43,42,agg_bid=42L agg_ask=179L submitting=42L
11:34:10,2018-08-16 09:30:58,CS2,ARB_SUBMIT,BOTH,,42,buy_id=9a1171d7 sell_id=5823cfbf
11:34:10,2018-08-16 09:30:58,CS1,MM_SUSPENDED,,,,warming up
11:34:10,2018-08-16 09:30:58,CS2,MM_SUSPENDED,,,,warming up
11:34:10,2018-08-16 09:30:58,CS1,ARB_DETECT,,102.0/100.01,99,agg_bid=224L agg_ask=452L submitting=99L
11:34:10,2018-08-16 09:30:58,CS1,ARB_SUBMIT,BOTH,,99,buy_id=68fc6372 sell_id=b6c1330b
11:34:10,2018-08-16 09:30:58,CS2,ARB_DETECT,,199.56/199.43,42,agg_bid=42L agg_ask=179L submitting=42L
11:34:10,2018-08-16 09:30:58,CS2,ARB_SUBMIT,BOTH,,42,buy_id=75fe7927 sell_id=81adb535
11:34:11,2018-08-16 09:30:59,CS1,ARB_DETECT,,102.0/100.01,99,agg_bid=224L agg_ask=452L submitting=99L
11:34:11,2018-08-16 09:30:59,CS1,ARB_SUBMIT,BOTH,,99,buy_id=cfaeef1f sell_id=abe60447
11:34:11,2018-08-16 09:30:59,CS2,ARB_DETECT,,199.56/199.43,42,agg_bid=42L agg_ask=178L submitting=42L
11:34:11,2018-08-16 09:30:59,CS2,ARB_SUBMIT,BOTH,,42,buy_id=93156e92 sell_id=7678c901
11:34:12,2018-08-16 09:30:59,CS1,ARB_DETECT,,101.99/100.01,16,agg_bid=16L agg_ask=360L submitting=16L
11:34:12,2018-08-16 09:30:59,CS1,ARB_SUBMIT,BOTH,,16,buy_id=6dc316ac sell_id=9628fee8
11:34:12,2018-08-16 09:30:59,CS2,ARB_DETECT,,199.56/199.43,42,agg_bid=42L agg_ask=178L submitting=42L
11:34:12,2018-08-16 09:30:59,CS2,ARB_SUBMIT,BOTH,,42,buy_id=b235f85f sell_id=923ee354
11:34:12,2018-08-16 09:31:00,CS1,ARB_DETECT,,101.99/100.01,12,agg_bid=12L agg_ask=360L submitting=12L
11:34:12,2018-08-16 09:31:00,CS1,ARB_SUBMIT,BOTH,,12,buy_id=c81da9df sell_id=64212458
11:34:12,2018-08-16 09:31:00,CS1,MM_SUSPENDED,,,,warming up
11:34:12,2018-08-16 09:31:00,CS2,ARB_DETECT,,199.56/199.44,40,agg_bid=40L agg_ask=136L submitting=40L
11:34:12,2018-08-16 09:31:00,CS2,ARB_SUBMIT,BOTH,,40,buy_id=c670802e sell_id=113b3447
11:34:12,2018-08-16 09:31:00,CS2,MM_SUSPENDED,,,,warming up
11:34:13,2018-08-16 09:31:00,CS1,ARB_DETECT,,101.99/100.01,12,agg_bid=12L agg_ask=356L submitting=12L
11:34:13,2018-08-16 09:31:00,CS1,ARB_SUBMIT,BOTH,,12,buy_id=bedd031f sell_id=3d5dfd03
11:34:13,2018-08-16 09:31:00,CS2,ARB_DETECT,,199.56/199.44,40,agg_bid=40L agg_ask=136L submitting=40L
11:34:13,2018-08-16 09:31:00,CS2,ARB_SUBMIT,BOTH,,40,buy_id=565ef70a sell_id=cfc42858
11:34:14,2018-08-16 09:31:01,CS1,ARB_DETECT,,101.99/100.01,12,agg_bid=12L agg_ask=356L submitting=12L
11:34:14,2018-08-16 09:31:01,CS1,ARB_SUBMIT,BOTH,,12,buy_id=dd4718b2 sell_id=aa7b2821
11:34:14,2018-08-16 09:31:01,CS2,ARB_DETECT,,199.56/199.44,40,agg_bid=40L agg_ask=136L submitting=40L
11:34:14,2018-08-16 09:31:01,CS2,ARB_SUBMIT,BOTH,,40,buy_id=652b1401 sell_id=80d1a1be
11:34:14,2018-08-16 09:31:01,CS1,ARB_DETECT,,101.99/100.01,12,agg_bid=12L agg_ask=356L submitting=12L
11:34:14,2018-08-16 09:31:01,CS1,ARB_SUBMIT,BOTH,,12,buy_id=2d5c1ac9 sell_id=6c2f495c
11:34:14,2018-08-16 09:31:01,CS2,ARB_DETECT,,199.88/199.45,50,agg_bid=164L agg_ask=250L submitting=50L
11:34:14,2018-08-16 09:31:01,CS2,ARB_SUBMIT,BOTH,,50,buy_id=b9118099 sell_id=c1790a4f
11:34:14,2018-08-16 09:31:01,CS1,MM_SUSPENDED,,,,warming up
11:34:14,2018-08-16 09:31:01,CS2,MM_SUSPENDED,,,,warming up
11:34:15,2018-08-16 09:31:01,CS1,ARB_DETECT,,101.99/100.01,12,agg_bid=12L agg_ask=354L submitting=12L
11:34:15,2018-08-16 09:31:01,CS1,ARB_SUBMIT,BOTH,,12,buy_id=21ee975c sell_id=d9b13c83
11:34:15,2018-08-16 09:31:01,CS2,ARB_DETECT,,199.88/199.62,50,agg_bid=124L agg_ask=135L submitting=50L
11:34:15,2018-08-16 09:31:01,CS2,ARB_SUBMIT,BOTH,,50,buy_id=c155beb2 sell_id=a94dc5b6
11:34:15,2018-08-16 09:31:03,CS1,ARB_DETECT,,101.99/100.02,12,agg_bid=12L agg_ask=267L submitting=12L
11:34:15,2018-08-16 09:31:03,CS1,ARB_SUBMIT,BOTH,,12,buy_id=70c2b96e sell_id=3383da65
11:34:15,2018-08-16 09:31:03,CS2,ARB_DETECT,,199.88/199.62,50,agg_bid=124L agg_ask=135L submitting=50L
11:34:15,2018-08-16 09:31:03,CS2,ARB_SUBMIT,BOTH,,50,buy_id=413cf23d sell_id=046325a0
11:34:16,2018-08-16 09:31:03,CS2,ARB_DETECT,,199.88/199.62,50,agg_bid=124L agg_ask=135L submitting=50L
11:34:16,2018-08-16 09:31:03,CS2,ARB_SUBMIT,BOTH,,50,buy_id=8add901e sell_id=35b8bae8
11:34:16,2018-08-16 09:31:03,CS1,MM_SUSPENDED,,,,warming up
11:34:17,2018-08-16 09:31:03,CS2,MM_SUSPENDED,,,,warming up
11:34:17,2018-08-16 09:31:04,CS1,ARB_DETECT,,102.38/100.28,99,agg_bid=200L agg_ask=253L submitting=99L
11:34:17,2018-08-16 09:31:04,CS1,ARB_SUBMIT,BOTH,,99,buy_id=7ce5fd40 sell_id=bf64d70c
11:34:17,2018-08-16 09:31:04,CS2,ARB_DETECT,,199.88/199.62,50,agg_bid=124L agg_ask=133L submitting=50L
11:34:17,2018-08-16 09:31:04,CS2,ARB_SUBMIT,BOTH,,50,buy_id=6cd11aa9 sell_id=764b28c3
11:34:17,2018-08-16 09:31:05,CS1,ARB_DETECT,,102.38/100.28,99,agg_bid=200L agg_ask=237L submitting=99L
11:34:17,2018-08-16 09:31:05,CS1,ARB_SUBMIT,BOTH,,99,buy_id=ccb0a5f1 sell_id=ee6a1541
11:34:17,2018-08-16 09:31:05,CS2,ARB_DETECT,,199.88/199.63,50,agg_bid=124L agg_ask=109L submitting=50L
11:34:17,2018-08-16 09:31:05,CS2,ARB_SUBMIT,BOTH,,50,buy_id=ca33527a sell_id=4b3d60b4
11:34:18,2018-08-16 09:31:06,CS1,ARB_DETECT,,102.38/100.28,99,agg_bid=200L agg_ask=230L submitting=99L
11:34:18,2018-08-16 09:31:06,CS1,ARB_SUBMIT,BOTH,,99,buy_id=58ecdc3e sell_id=f412b445
11:34:18,2018-08-16 09:31:06,CS2,ARB_DETECT,,199.88/199.63,50,agg_bid=248L agg_ask=252L submitting=50L
11:34:18,2018-08-16 09:31:06,CS2,ARB_SUBMIT,BOTH,,50,buy_id=e60370c6 sell_id=62ac6c5e
11:34:19,2018-08-16 09:31:07,CS1,ARB_DETECT,,102.38/100.28,99,agg_bid=200L agg_ask=227L submitting=99L
11:34:19,2018-08-16 09:31:07,CS1,ARB_SUBMIT,BOTH,,99,buy_id=4474f4d7 sell_id=e9fc1c33
11:34:19,2018-08-16 09:31:07,CS1,MM_SUSPENDED,,,,warming up
11:34:19,2018-08-16 09:31:07,CS2,ARB_DETECT,,199.88/199.7,50,agg_bid=248L agg_ask=108L submitting=50L
11:34:19,2018-08-16 09:31:07,CS2,ARB_SUBMIT,BOTH,,50,buy_id=b8a2cc65 sell_id=d744e14d
11:34:19,2018-08-16 09:31:07,CS2,MM_SUSPENDED,,,,warming up
11:34:19,2018-08-16 09:31:07,CS1,ARB_DETECT,,102.38/100.28,99,agg_bid=200L agg_ask=209L submitting=99L
11:34:19,2018-08-16 09:31:07,CS1,ARB_SUBMIT,BOTH,,99,buy_id=04bc6ee7 sell_id=1694067d
11:34:19,2018-08-16 09:31:07,CS2,ARB_DETECT,,199.88/199.7,50,agg_bid=248L agg_ask=108L submitting=50L
11:34:19,2018-08-16 09:31:07,CS2,ARB_SUBMIT,BOTH,,50,buy_id=687baa65 sell_id=a3a76828
11:34:20,2018-08-16 09:31:09,CS1,ARB_DETECT,,102.36/100.31,99,agg_bid=120L agg_ask=152L submitting=99L
11:34:20,2018-08-16 09:31:09,CS1,ARB_SUBMIT,BOTH,,99,buy_id=83ff2bdb sell_id=0c77bcb5
11:34:20,2018-08-16 09:31:09,CS2,ARB_DETECT,,199.88/199.7,50,agg_bid=248L agg_ask=108L submitting=50L
11:34:20,2018-08-16 09:31:09,CS2,ARB_SUBMIT,BOTH,,50,buy_id=efe67061 sell_id=def0fdd1
11:34:20,2018-08-16 09:31:09,CS2,ARB_DETECT,,199.88/199.7,50,agg_bid=248L agg_ask=108L submitting=50L
11:34:20,2018-08-16 09:31:09,CS2,ARB_SUBMIT,BOTH,,50,buy_id=812dbebb sell_id=1171c7f7
11:34:21,2018-08-16 09:31:09,CS1,MM_SUSPENDED,,,,warming up
11:34:21,2018-08-16 09:31:09,CS2,MM_SUSPENDED,,,,warming up
11:34:21,2018-08-16 09:31:10,CS1,ARB_DETECT,,101.67/101.3,8,agg_bid=80L agg_ask=8L submitting=8L
11:34:21,2018-08-16 09:31:10,CS1,ARB_SUBMIT,BOTH,,8,buy_id=39d747f1 sell_id=a3040cb1
11:34:21,2018-08-16 09:31:10,CS2,ARB_DETECT,,199.88/199.71,50,agg_bid=248L agg_ask=61L submitting=50L
11:34:21,2018-08-16 09:31:10,CS2,ARB_SUBMIT,BOTH,,50,buy_id=518ed913 sell_id=888f91e1
11:34:22,2018-08-16 09:31:10,CS1,ARB_DETECT,,101.67/101.3,8,agg_bid=80L agg_ask=8L submitting=8L
11:34:22,2018-08-16 09:31:10,CS1,ARB_SUBMIT,BOTH,,8,buy_id=8b9a3965 sell_id=94654b59
11:34:22,2018-08-16 09:31:10,CS2,ARB_DETECT,,199.88/199.71,50,agg_bid=248L agg_ask=60L submitting=50L
11:34:22,2018-08-16 09:31:10,CS2,ARB_SUBMIT,BOTH,,50,buy_id=3f5cdef4 sell_id=a42248a0
11:34:22,2018-08-16 09:31:12,CS1,ARB_DETECT,,101.67/101.3,7,agg_bid=80L agg_ask=7L submitting=7L
11:34:22,2018-08-16 09:31:12,CS1,ARB_SUBMIT,BOTH,,7,buy_id=041137fb sell_id=d7fb68f3
11:34:22,2018-08-16 09:31:12,CS2,ARB_DETECT,,199.88/199.71,50,agg_bid=248L agg_ask=60L submitting=50L
11:34:22,2018-08-16 09:31:12,CS2,ARB_SUBMIT,BOTH,,50,buy_id=d6cd6fdd sell_id=a2a17f0c
11:34:23,2018-08-16 09:31:12,CS1,MM_SUSPENDED,,,,warming up
11:34:23,2018-08-16 09:31:12,CS2,MM_SUSPENDED,,,,warming up
11:34:23,2018-08-16 09:31:13,CS2,ARB_DETECT,,199.88/199.71,50,agg_bid=248L agg_ask=59L submitting=50L
11:34:23,2018-08-16 09:31:13,CS2,ARB_SUBMIT,BOTH,,50,buy_id=d0336fb1 sell_id=e100bd20
11:34:24,2018-08-16 09:31:13,CS1,ARB_DETECT,,101.67/101.32,12,agg_bid=80L agg_ask=12L submitting=12L
11:34:24,2018-08-16 09:31:13,CS1,ARB_SUBMIT,BOTH,,12,buy_id=153d3a5f sell_id=497dca97
11:34:24,2018-08-16 09:31:13,CS2,ARB_DETECT,,199.88/199.72,16,agg_bid=248L agg_ask=16L submitting=16L
11:34:24,2018-08-16 09:31:13,CS2,ARB_SUBMIT,BOTH,,16,buy_id=9883236a sell_id=16e2a329
11:34:24,2018-08-16 09:31:13,CS1,ARB_DETECT,,101.67/101.32,12,agg_bid=80L agg_ask=12L submitting=12L
11:34:24,2018-08-16 09:31:13,CS1,ARB_SUBMIT,BOTH,,12,buy_id=65239307 sell_id=996abc07
11:34:24,2018-08-16 09:31:13,CS2,ARB_DETECT,,199.88/199.72,16,agg_bid=248L agg_ask=16L submitting=16L
11:34:24,2018-08-16 09:31:13,CS2,ARB_SUBMIT,BOTH,,16,buy_id=46ddb39d sell_id=234315d7
11:34:25,2018-08-16 09:31:13,CS1,ARB_DETECT,,101.67/101.32,12,agg_bid=80L agg_ask=12L submitting=12L
11:34:25,2018-08-16 09:31:13,CS1,ARB_SUBMIT,BOTH,,12,buy_id=fc8c5d2d sell_id=11ba3d84
11:34:25,2018-08-16 09:31:13,CS1,MM_SUSPENDED,,,,warming up
11:34:25,2018-08-16 09:31:13,CS2,ARB_DETECT,,199.88/199.72,16,agg_bid=248L agg_ask=16L submitting=16L
11:34:25,2018-08-16 09:31:13,CS2,ARB_SUBMIT,BOTH,,16,buy_id=fd3d48c3 sell_id=5571e361
11:34:25,2018-08-16 09:31:13,CS2,MM_SUSPENDED,,,,warming up
11:34:27,2018-08-16 09:31:17,CS1,MM_SUSPENDED,,,,warming up
11:34:27,2018-08-16 09:31:17,CS2,MM_SUSPENDED,,,,warming up
11:34:28,2018-08-16 09:31:18,CS1,ARB_DETECT,,101.69/100.57,99,agg_bid=269L agg_ask=114L submitting=99L
11:34:28,2018-08-16 09:31:18,CS1,ARB_SUBMIT,BOTH,,99,buy_id=b6b2ddbf sell_id=dcf46793
11:34:29,2018-08-16 09:31:19,CS1,MM_SUSPENDED,,,,warming up
11:34:29,2018-08-16 09:31:19,CS2,MM_SUSPENDED,,,,warming up
11:34:29,2018-08-16 09:31:20,CS1,ARB_DETECT,,101.69/100.57,99,agg_bid=269L agg_ask=114L submitting=99L
11:34:29,2018-08-16 09:31:20,CS1,ARB_SUBMIT,BOTH,,99,buy_id=4b7e8f48 sell_id=94f63373
11:34:30,2018-08-16 09:31:20,CS1,ARB_DETECT,,101.69/100.57,99,agg_bid=269L agg_ask=112L submitting=99L
11:34:30,2018-08-16 09:31:20,CS1,ARB_SUBMIT,BOTH,,99,buy_id=dd177779 sell_id=9d4f5a88
11:34:30,2018-08-16 09:31:20,CS1,ARB_DETECT,,101.69/100.57,99,agg_bid=269L agg_ask=112L submitting=99L
11:34:30,2018-08-16 09:31:20,CS1,ARB_SUBMIT,BOTH,,99,buy_id=d4c909b1 sell_id=e9c4bfb3
11:34:31,2018-08-16 09:31:21,CS1,ARB_DETECT,,101.69/100.57,92,agg_bid=269L agg_ask=92L submitting=92L
11:34:31,2018-08-16 09:31:21,CS1,ARB_SUBMIT,BOTH,,92,buy_id=7b68b3ed sell_id=f6e8828c
11:34:31,2018-08-16 09:31:21,CS1,MM_SUSPENDED,,,,warming up
11:34:31,2018-08-16 09:31:21,CS2,MM_SUSPENDED,,,,warming up
11:34:33,2018-08-16 09:31:24,CS1,MM_SUSPENDED,,,,warming up
11:34:33,2018-08-16 09:31:24,CS2,MM_SUSPENDED,,,,warming up
11:34:35,2018-08-16 09:31:25,CS1,MM_SUSPENDED,,,,warming up
11:34:35,2018-08-16 09:31:25,CS2,MM_SUSPENDED,,,,warming up
11:34:37,2018-08-16 09:31:27,CS1,MM_SUSPENDED,,,,warming up
11:34:37,2018-08-16 09:31:27,CS2,ARB_DETECT,,197.59/196.41,9,agg_bid=281L agg_ask=9L submitting=9L
11:34:37,2018-08-16 09:31:27,CS2,ARB_SUBMIT,BOTH,,9,buy_id=4d2ce3e2 sell_id=82fa292b
11:34:37,2018-08-16 09:31:27,CS2,MM_SUSPENDED,,,,warming up
11:34:38,2018-08-16 09:31:27,CS2,ARB_DETECT,,197.59/196.41,9,agg_bid=281L agg_ask=9L submitting=9L
11:34:38,2018-08-16 09:31:27,CS2,ARB_SUBMIT,BOTH,,9,buy_id=b6d701ed sell_id=405c2fca
11:34:39,2018-08-16 09:31:30,CS1,MM_SUSPENDED,,,,warming up
11:34:39,2018-08-16 09:31:30,CS2,MM_SUSPENDED,,,,warming up
11:34:41,2018-08-16 09:31:31,CS1,ARB_DETECT,,101.68/100.75,14,agg_bid=14L agg_ask=242L submitting=14L
11:34:41,2018-08-16 09:31:31,CS1,ARB_SUBMIT,BOTH,,14,buy_id=e30d2348 sell_id=d3356462
11:34:41,2018-08-16 09:31:31,CS1,MM_SUSPENDED,,,,warming up
11:34:41,2018-08-16 09:31:31,CS2,MM_SUSPENDED,,,,warming up
11:34:41,2018-08-16 09:31:31,CS1,ARB_DETECT,,101.68/100.75,14,agg_bid=14L agg_ask=220L submitting=14L
11:34:41,2018-08-16 09:31:31,CS1,ARB_SUBMIT,BOTH,,14,buy_id=353e1ed4 sell_id=1eea1624
11:34:42,2018-08-16 09:31:33,CS1,ARB_DETECT,,101.68/100.75,14,agg_bid=14L agg_ask=200L submitting=14L
11:34:42,2018-08-16 09:31:33,CS1,ARB_SUBMIT,BOTH,,14,buy_id=80819fd9 sell_id=acf5caef
11:34:42,2018-08-16 09:31:33,CS2,ARB_DETECT,,201.58/200.81,8,agg_bid=8L agg_ask=36L submitting=8L
11:34:42,2018-08-16 09:31:33,CS2,ARB_SUBMIT,BOTH,,8,buy_id=b2e4b639 sell_id=b59e0b45
11:34:43,2018-08-16 09:31:34,CS1,ARB_DETECT,,101.68/100.76,14,agg_bid=14L agg_ask=143L submitting=14L
11:34:43,2018-08-16 09:31:34,CS1,ARB_SUBMIT,BOTH,,14,buy_id=89f6fca2 sell_id=b30a390a
11:34:43,2018-08-16 09:31:34,CS2,ARB_DETECT,,201.58/201.25,8,agg_bid=8L agg_ask=20L submitting=8L
11:34:43,2018-08-16 09:31:34,CS2,ARB_SUBMIT,BOTH,,8,buy_id=59e446c3 sell_id=9069c2ea
11:34:43,2018-08-16 09:31:34,CS1,ARB_DETECT,,101.68/100.76,14,agg_bid=14L agg_ask=143L submitting=14L
11:34:43,2018-08-16 09:31:34,CS1,ARB_SUBMIT,BOTH,,14,buy_id=d730b292 sell_id=082a749c
11:34:43,2018-08-16 09:31:34,CS1,MM_SUSPENDED,,,,warming up
11:34:43,2018-08-16 09:31:34,CS2,ARB_DETECT,,201.58/201.41,8,agg_bid=8L agg_ask=229L submitting=8L
11:34:43,2018-08-16 09:31:34,CS2,ARB_SUBMIT,BOTH,,8,buy_id=f538d5c0 sell_id=7ae58c3d
11:34:43,2018-08-16 09:31:34,CS2,MM_SUSPENDED,,,,warming up
11:34:44,2018-08-16 09:31:35,CS1,ARB_DETECT,,101.68/99.74,31,agg_bid=94L agg_ask=31L submitting=31L
11:34:44,2018-08-16 09:31:35,CS1,ARB_SUBMIT,BOTH,,31,buy_id=92614896 sell_id=45d06738
11:34:44,2018-08-16 09:31:35,CS2,ARB_DETECT,,201.58/201.41,6,agg_bid=6L agg_ask=228L submitting=6L
11:34:44,2018-08-16 09:31:35,CS2,ARB_SUBMIT,BOTH,,6,buy_id=c8e397ab sell_id=055d8eaf
11:34:45,2018-08-16 09:31:35,CS1,ARB_DETECT,,101.68/99.94,80,agg_bid=94L agg_ask=80L submitting=80L
11:34:45,2018-08-16 09:31:35,CS1,ARB_SUBMIT,BOTH,,80,buy_id=a3758b18 sell_id=58727825
11:34:45,2018-08-16 09:31:36,CS1,ARB_DETECT,,101.68/99.95,94,agg_bid=94L agg_ask=118L submitting=94L
11:34:45,2018-08-16 09:31:36,CS1,ARB_SUBMIT,BOTH,,94,buy_id=27c19892 sell_id=e9914596
11:34:45,2018-08-16 09:31:36,CS1,MM_SUSPENDED,,,,warming up
11:34:45,2018-08-16 09:31:36,CS2,MM_SUSPENDED,,,,warming up
11:34:46,2018-08-16 09:31:36,CS1,ARB_DETECT,,101.67/100.78,10,agg_bid=10L agg_ask=71L submitting=10L
11:34:46,2018-08-16 09:31:36,CS1,ARB_SUBMIT,BOTH,,10,buy_id=4e2d0c40 sell_id=7b04750e
11:34:47,2018-08-16 09:31:38,CS1,MM_SUSPENDED,,,,warming up
11:34:47,2018-08-16 09:31:38,CS2,MM_SUSPENDED,,,,warming up
11:34:48,2018-08-16 09:31:39,CS2,ARB_DETECT,,201.26/198.45,50,agg_bid=269L agg_ask=192L submitting=50L
11:34:48,2018-08-16 09:31:39,CS2,ARB_SUBMIT,BOTH,,50,buy_id=2303157d sell_id=018dd58f
11:34:49,2018-08-16 09:31:39,CS2,ARB_DETECT,,201.26/198.46,50,agg_bid=269L agg_ask=172L submitting=50L
11:34:49,2018-08-16 09:31:39,CS2,ARB_SUBMIT,BOTH,,50,buy_id=cd842ede sell_id=e522c748
11:34:50,2018-08-16 09:31:40,CS1,MM_SUSPENDED,,,,warming up
11:34:50,2018-08-16 09:31:40,CS2,ARB_DETECT,,201.26/198.47,50,agg_bid=269L agg_ask=111L submitting=50L
11:34:50,2018-08-16 09:31:40,CS2,ARB_SUBMIT,BOTH,,50,buy_id=dc241860 sell_id=5060bfcc
11:34:50,2018-08-16 09:31:40,CS2,MM_SUSPENDED,,,,warming up
11:34:50,2018-08-16 09:31:41,CS2,ARB_DETECT,,201.26/198.47,50,agg_bid=261L agg_ask=111L submitting=50L
11:34:50,2018-08-16 09:31:41,CS2,ARB_SUBMIT,BOTH,,50,buy_id=3791e45d sell_id=b2fce620
11:34:51,2018-08-16 09:31:41,CS2,ARB_DETECT,,201.26/198.47,50,agg_bid=249L agg_ask=91L submitting=50L
11:34:51,2018-08-16 09:31:41,CS2,ARB_SUBMIT,BOTH,,50,buy_id=5701dc72 sell_id=9493a8d6
11:34:51,2018-08-16 09:31:41,CS2,ARB_DETECT,,201.26/198.47,50,agg_bid=249L agg_ask=91L submitting=50L
11:34:51,2018-08-16 09:31:41,CS2,ARB_SUBMIT,BOTH,,50,buy_id=1fd7528a sell_id=2b205fb1
11:34:52,2018-08-16 09:31:41,CS1,MM_SUSPENDED,,,,warming up
11:34:52,2018-08-16 09:31:41,CS2,MM_SUSPENDED,,,,warming up
11:34:52,2018-08-16 09:31:41,CS2,ARB_DETECT,,201.26/198.47,50,agg_bid=249L agg_ask=91L submitting=50L
11:34:52,2018-08-16 09:31:41,CS2,ARB_SUBMIT,BOTH,,50,buy_id=19a90112 sell_id=9ab15dc8
11:34:53,2018-08-16 09:31:42,CS1,ARB_DETECT,,102.01/101.7,98,agg_bid=269L agg_ask=673L submitting=98L
11:34:53,2018-08-16 09:31:42,CS1,ARB_SUBMIT,BOTH,,98,buy_id=c5af2ef0 sell_id=fa63360c
11:34:53,2018-08-16 09:31:42,CS2,ARB_DETECT,,201.26/198.47,50,agg_bid=249L agg_ask=91L submitting=50L
11:34:53,2018-08-16 09:31:42,CS2,ARB_SUBMIT,BOTH,,50,buy_id=e9bdf3d2 sell_id=68d16c07
11:34:53,2018-08-16 09:31:42,CS1,ARB_DETECT,,102.0/101.7,98,agg_bid=189L agg_ask=673L submitting=98L
11:34:53,2018-08-16 09:31:42,CS1,ARB_SUBMIT,BOTH,,98,buy_id=26be8aa1 sell_id=bf4a0e71
11:34:53,2018-08-16 09:31:42,CS2,ARB_DETECT,,201.26/198.47,50,agg_bid=249L agg_ask=91L submitting=50L
11:34:53,2018-08-16 09:31:42,CS2,ARB_SUBMIT,BOTH,,50,buy_id=a3a5d3db sell_id=15cc4a8f
11:34:54,2018-08-16 09:31:43,CS1,MM_SUSPENDED,,,,warming up
11:34:54,2018-08-16 09:31:43,CS2,MM_SUSPENDED,,,,warming up
11:34:54,2018-08-16 09:31:43,CS2,ARB_DETECT,,201.26/198.48,50,agg_bid=249L agg_ask=67L submitting=50L
11:34:54,2018-08-16 09:31:43,CS2,ARB_SUBMIT,BOTH,,50,buy_id=462e94ba sell_id=7ada3863
11:34:56,2018-08-16 09:31:45,CS1,MM_SUSPENDED,,,,warming up
11:34:56,2018-08-16 09:31:45,CS2,MM_SUSPENDED,,,,warming up
11:34:57,2018-08-16 09:31:46,CS1,ARB_DETECT,,100.73/99.79,100,agg_bid=223L agg_ask=177L submitting=100L
11:34:57,2018-08-16 09:31:46,CS1,ARB_SUBMIT,BOTH,,100,buy_id=23e02994 sell_id=e6c1c17e
11:34:58,2018-08-16 09:31:46,CS2,ARB_DETECT,,198.43/198.39,50,agg_bid=236L agg_ask=194L submitting=50L
11:34:58,2018-08-16 09:31:46,CS2,ARB_SUBMIT,BOTH,,50,buy_id=f000127d sell_id=dc88f14e
11:34:58,2018-08-16 09:31:46,CS1,MM_SUSPENDED,,,,warming up
11:34:58,2018-08-16 09:31:46,CS2,MM_SUSPENDED,,,,warming up
11:34:58,2018-08-16 09:31:47,CS1,ARB_DETECT,,100.73/99.79,100,agg_bid=223L agg_ask=175L submitting=100L
11:34:58,2018-08-16 09:31:47,CS1,ARB_SUBMIT,BOTH,,100,buy_id=08a83a96 sell_id=5c58d5c1
11:34:58,2018-08-16 09:31:47,CS2,ARB_DETECT,,198.43/198.39,50,agg_bid=236L agg_ask=173L submitting=50L
11:34:58,2018-08-16 09:31:47,CS2,ARB_SUBMIT,BOTH,,50,buy_id=b57fe094 sell_id=52906132
11:34:59,2018-08-16 09:31:48,CS1,ARB_DETECT,,100.73/99.79,100,agg_bid=223L agg_ask=132L submitting=100L
11:34:59,2018-08-16 09:31:48,CS1,ARB_SUBMIT,BOTH,,100,buy_id=a25a7b4b sell_id=aec50ff8
11:34:59,2018-08-16 09:31:48,CS2,ARB_DETECT,,198.43/198.39,50,agg_bid=236L agg_ask=173L submitting=50L
11:34:59,2018-08-16 09:31:48,CS2,ARB_SUBMIT,BOTH,,50,buy_id=a17acd02 sell_id=aa30faef
11:34:59,2018-08-16 09:31:49,CS1,ARB_DETECT,,100.73/99.81,63,agg_bid=196L agg_ask=63L submitting=63L
11:34:59,2018-08-16 09:31:49,CS1,ARB_SUBMIT,BOTH,,63,buy_id=bd4c18f6 sell_id=7a17c2b1
11:35:00,2018-08-16 09:31:49,CS2,ARB_DETECT,,198.43/198.39,50,agg_bid=236L agg_ask=145L submitting=50L
11:35:00,2018-08-16 09:31:49,CS2,ARB_SUBMIT,BOTH,,50,buy_id=f0654202 sell_id=56870c4c
11:35:00,2018-08-16 09:31:50,CS1,ARB_DETECT,,100.73/99.81,100,agg_bid=196L agg_ask=258L submitting=100L
11:35:00,2018-08-16 09:31:50,CS1,ARB_SUBMIT,BOTH,,100,buy_id=16420553 sell_id=a1100e40
11:35:00,2018-08-16 09:31:50,CS1,MM_SUSPENDED,,,,warming up
11:35:00,2018-08-16 09:31:50,CS2,MM_SUSPENDED,,,,warming up
11:35:00,2018-08-16 09:31:50,CS2,ARB_DETECT,,198.43/198.4,50,agg_bid=195L agg_ask=101L submitting=50L
11:35:00,2018-08-16 09:31:50,CS2,ARB_SUBMIT,BOTH,,50,buy_id=3a185154 sell_id=a5279871
11:35:01,2018-08-16 09:31:50,CS1,ARB_DETECT,,100.73/99.81,100,agg_bid=196L agg_ask=256L submitting=100L
11:35:01,2018-08-16 09:31:50,CS1,ARB_SUBMIT,BOTH,,100,buy_id=be94cfd0 sell_id=fb998925
11:35:01,2018-08-16 09:31:50,CS2,ARB_DETECT,,198.43/198.4,50,agg_bid=195L agg_ask=142L submitting=50L
11:35:01,2018-08-16 09:31:50,CS2,ARB_SUBMIT,BOTH,,50,buy_id=2e4ee923 sell_id=e29b691c
11:35:01,2018-08-16 09:31:50,CS1,ARB_DETECT,,100.73/99.81,100,agg_bid=196L agg_ask=256L submitting=100L
11:35:01,2018-08-16 09:31:50,CS1,ARB_SUBMIT,BOTH,,100,buy_id=ca3376f9 sell_id=704cd5f5
11:35:01,2018-08-16 09:31:50,CS2,ARB_DETECT,,198.43/198.4,50,agg_bid=195L agg_ask=142L submitting=50L
11:35:01,2018-08-16 09:31:50,CS2,ARB_SUBMIT,BOTH,,50,buy_id=12370524 sell_id=553f3616
11:35:02,2018-08-16 09:31:50,CS1,ARB_DETECT,,100.73/99.81,100,agg_bid=196L agg_ask=256L submitting=100L
11:35:02,2018-08-16 09:31:50,CS1,ARB_SUBMIT,BOTH,,100,buy_id=7b4a4a93 sell_id=0f39ff3c
11:35:02,2018-08-16 09:31:51,CS1,MM_SUSPENDED,,,,warming up
11:35:02,2018-08-16 09:31:51,CS2,ARB_DETECT,,198.43/198.4,50,agg_bid=195L agg_ask=139L submitting=50L
11:35:02,2018-08-16 09:31:51,CS2,ARB_SUBMIT,BOTH,,50,buy_id=2e1d0900 sell_id=e93bd0f5
11:35:02,2018-08-16 09:31:51,CS2,MM_SUSPENDED,,,,warming up
11:35:02,2018-08-16 09:31:51,CS1,ARB_DETECT,,100.73/99.81,100,agg_bid=196L agg_ask=256L submitting=100L
11:35:02,2018-08-16 09:31:51,CS1,ARB_SUBMIT,BOTH,,100,buy_id=33c660bf sell_id=93f6f91d
11:35:03,2018-08-16 09:31:51,CS2,ARB_DETECT,,198.43/198.4,50,agg_bid=195L agg_ask=138L submitting=50L
11:35:03,2018-08-16 09:31:51,CS2,ARB_SUBMIT,BOTH,,50,buy_id=168e2a4e sell_id=fccd818f
11:35:03,2018-08-16 09:31:52,CS1,ARB_DETECT,,100.72/100.17,99,agg_bid=136L agg_ask=249L submitting=99L
11:35:03,2018-08-16 09:31:52,CS1,ARB_SUBMIT,BOTH,,99,buy_id=723fa351 sell_id=4dbf24af
11:35:03,2018-08-16 09:31:53,CS2,ARB_DETECT,,198.43/198.4,50,agg_bid=195L agg_ask=138L submitting=50L
11:35:03,2018-08-16 09:31:53,CS2,ARB_SUBMIT,BOTH,,50,buy_id=b801ac6b sell_id=b49e630e
11:35:04,2018-08-16 09:31:53,CS1,ARB_DETECT,,100.71/100.17,99,agg_bid=120L agg_ask=229L submitting=99L
11:35:04,2018-08-16 09:31:53,CS1,ARB_SUBMIT,BOTH,,99,buy_id=11a31073 sell_id=a3d0ee8a
11:35:04,2018-08-16 09:31:54,CS2,ARB_DETECT,,198.43/198.4,50,agg_bid=175L agg_ask=117L submitting=50L
11:35:04,2018-08-16 09:31:54,CS2,ARB_SUBMIT,BOTH,,50,buy_id=331c778e sell_id=33aa2a02
11:35:04,2018-08-16 09:31:54,CS1,MM_SUSPENDED,,,,warming up
11:35:04,2018-08-16 09:31:54,CS2,MM_SUSPENDED,,,,warming up
11:35:04,2018-08-16 09:31:54,CS1,ARB_DETECT,,100.71/100.17,99,agg_bid=119L agg_ask=227L submitting=99L
11:35:04,2018-08-16 09:31:54,CS1,ARB_SUBMIT,BOTH,,99,buy_id=ee54f238 sell_id=f4ed9ea8
11:35:05,2018-08-16 09:31:55,CS2,ARB_DETECT,,201.8/198.41,50,agg_bid=188L agg_ask=154L submitting=50L
11:35:05,2018-08-16 09:31:55,CS2,ARB_SUBMIT,BOTH,,50,buy_id=6d3bbff1 sell_id=5b7b699e
11:35:05,2018-08-16 09:31:55,CS1,ARB_DETECT,,100.71/100.17,99,agg_bid=119L agg_ask=227L submitting=99L
11:35:05,2018-08-16 09:31:55,CS1,ARB_SUBMIT,BOTH,,99,buy_id=5f32ab19 sell_id=b805ad66
11:35:05,2018-08-16 09:31:55,CS2,ARB_DETECT,,201.8/198.41,50,agg_bid=188L agg_ask=122L submitting=50L
11:35:05,2018-08-16 09:31:55,CS2,ARB_SUBMIT,BOTH,,50,buy_id=b4ffd02d sell_id=81b3c7f4
11:35:06,2018-08-16 09:31:56,CS1,ARB_DETECT,,100.71/100.17,99,agg_bid=119L agg_ask=224L submitting=99L
11:35:06,2018-08-16 09:31:56,CS1,ARB_SUBMIT,BOTH,,99,buy_id=cc2ad14e sell_id=210147f7
11:35:06,2018-08-16 09:31:56,CS2,ARB_DETECT,,201.8/198.42,50,agg_bid=188L agg_ask=194L submitting=50L
11:35:06,2018-08-16 09:31:56,CS2,ARB_SUBMIT,BOTH,,50,buy_id=55c293bf sell_id=4bcb3fca
11:35:06,2018-08-16 09:31:57,CS1,ARB_DETECT,,100.71/100.19,99,agg_bid=119L agg_ask=121L submitting=99L
11:35:06,2018-08-16 09:31:57,CS1,ARB_SUBMIT,BOTH,,99,buy_id=6fb76743 sell_id=4e50d69c
11:35:06,2018-08-16 09:31:57,CS1,MM_SUSPENDED,,,,warming up
11:35:06,2018-08-16 09:31:57,CS2,MM_SUSPENDED,,,,warming up
11:35:06,2018-08-16 09:31:57,CS2,ARB_DETECT,,201.8/198.42,50,agg_bid=188L agg_ask=194L submitting=50L
11:35:06,2018-08-16 09:31:57,CS2,ARB_SUBMIT,BOTH,,50,buy_id=b561ae22 sell_id=c6ea8f01
11:35:07,2018-08-16 09:31:57,CS1,ARB_DETECT,,100.71/100.19,99,agg_bid=119L agg_ask=121L submitting=99L
11:35:07,2018-08-16 09:31:57,CS1,ARB_SUBMIT,BOTH,,99,buy_id=c66f960d sell_id=463c4334
11:35:07,2018-08-16 09:31:57,CS2,ARB_DETECT,,201.8/198.42,50,agg_bid=188L agg_ask=174L submitting=50L
11:35:07,2018-08-16 09:31:57,CS2,ARB_SUBMIT,BOTH,,50,buy_id=8abcbc2a sell_id=389c42e6
11:35:07,2018-08-16 09:31:58,CS1,ARB_DETECT,,100.71/100.19,99,agg_bid=119L agg_ask=121L submitting=99L
11:35:07,2018-08-16 09:31:58,CS1,ARB_SUBMIT,BOTH,,99,buy_id=bee26aa1 sell_id=7b2350b9
11:35:08,2018-08-16 09:31:58,CS2,ARB_DETECT,,201.8/198.43,50,agg_bid=128L agg_ask=214L submitting=50L
11:35:08,2018-08-16 09:31:58,CS2,ARB_SUBMIT,BOTH,,50,buy_id=dc5e0777 sell_id=2d0b1735
11:35:08,2018-08-16 09:32:00,CS1,ARB_DETECT,,100.71/100.19,97,agg_bid=118L agg_ask=97L submitting=97L
11:35:08,2018-08-16 09:32:00,CS1,ARB_SUBMIT,BOTH,,97,buy_id=5e34928d sell_id=fcac4b3e
11:35:08,2018-08-16 09:32:00,CS1,MM_SUSPENDED,,,,warming up
11:35:08,2018-08-16 09:32:00,CS2,ARB_DETECT,,201.8/198.43,50,agg_bid=127L agg_ask=212L submitting=50L
11:35:08,2018-08-16 09:32:00,CS2,ARB_SUBMIT,BOTH,,50,buy_id=5e515eda sell_id=f29ae58d
11:35:08,2018-08-16 09:32:00,CS2,MM_SUSPENDED,,,,warming up
11:35:09,2018-08-16 09:32:00,CS1,ARB_DETECT,,100.71/100.21,16,agg_bid=118L agg_ask=16L submitting=16L
11:35:09,2018-08-16 09:32:00,CS1,ARB_SUBMIT,BOTH,,16,buy_id=ec3a5985 sell_id=6c40a5c5
11:35:09,2018-08-16 09:32:01,CS2,ARB_DETECT,,201.8/198.43,50,agg_bid=127L agg_ask=212L submitting=50L
11:35:09,2018-08-16 09:32:01,CS2,ARB_SUBMIT,BOTH,,50,buy_id=936599ad sell_id=ddeb5b86
11:35:10,2018-08-16 09:32:02,CS2,ARB_DETECT,,201.8/198.43,50,agg_bid=127L agg_ask=192L submitting=50L
11:35:10,2018-08-16 09:32:02,CS2,ARB_SUBMIT,BOTH,,50,buy_id=3846103d sell_id=d24a3bde
11:35:10,2018-08-16 09:32:02,CS2,ARB_DETECT,,201.8/200.0,20,agg_bid=127L agg_ask=20L submitting=20L
11:35:10,2018-08-16 09:32:02,CS2,ARB_SUBMIT,BOTH,,20,buy_id=c4469979 sell_id=ef9e09b5
11:35:10,2018-08-16 09:32:03,CS1,MM_SUSPENDED,,,,warming up
11:35:10,2018-08-16 09:32:03,CS2,MM_SUSPENDED,,,,warming up
11:35:11,2018-08-16 09:32:03,CS2,ARB_DETECT,,201.8/197.83,50,agg_bid=131L agg_ask=246L submitting=50L
11:35:11,2018-08-16 09:32:03,CS2,ARB_SUBMIT,BOTH,,50,buy_id=7e0e83bb sell_id=ab8b4a8d
11:35:11,2018-08-16 09:32:03,CS2,ARB_DETECT,,201.8/197.83,50,agg_bid=131L agg_ask=246L submitting=50L
11:35:11,2018-08-16 09:32:03,CS2,ARB_SUBMIT,BOTH,,50,buy_id=2ba50c20 sell_id=a8fe5f7a
11:35:12,2018-08-16 09:32:04,CS2,ARB_DETECT,,201.8/197.83,50,agg_bid=131L agg_ask=225L submitting=50L
11:35:12,2018-08-16 09:32:04,CS2,ARB_SUBMIT,BOTH,,50,buy_id=e102ee2c sell_id=1064c597
11:35:12,2018-08-16 09:32:04,CS1,MM_SUSPENDED,,,,warming up
11:35:12,2018-08-16 09:32:04,CS2,MM_SUSPENDED,,,,warming up
11:35:13,2018-08-16 09:32:04,CS2,ARB_DETECT,,201.8/197.83,50,agg_bid=131L agg_ask=204L submitting=50L
11:35:13,2018-08-16 09:32:04,CS2,ARB_SUBMIT,BOTH,,50,buy_id=27f57e47 sell_id=9e97ce62
11:35:13,2018-08-16 09:32:05,CS1,ARB_DETECT,,101.2/100.71,1,agg_bid=1L agg_ask=20L submitting=1L
11:35:13,2018-08-16 09:32:05,CS1,ARB_SUBMIT,BOTH,,1,buy_id=014a69d8 sell_id=41cc7e17
11:35:13,2018-08-16 09:32:05,CS2,ARB_DETECT,,201.8/197.84,50,agg_bid=131L agg_ask=148L submitting=50L
11:35:13,2018-08-16 09:32:05,CS2,ARB_SUBMIT,BOTH,,50,buy_id=417e5451 sell_id=2f076216
11:35:14,2018-08-16 09:32:05,CS2,ARB_DETECT,,201.8/197.84,50,agg_bid=131L agg_ask=148L submitting=50L
11:35:14,2018-08-16 09:32:05,CS2,ARB_SUBMIT,BOTH,,50,buy_id=bc02d24c sell_id=41570ae6
11:35:15,2018-08-16 09:32:05,CS1,MM_SUSPENDED,,,,warming up
11:35:15,2018-08-16 09:32:05,CS2,ARB_DETECT,,201.8/197.84,50,agg_bid=131L agg_ask=148L submitting=50L
11:35:15,2018-08-16 09:32:05,CS2,ARB_SUBMIT,BOTH,,50,buy_id=b479f106 sell_id=6555d7b8
11:35:15,2018-08-16 09:32:05,CS2,MM_SUSPENDED,,,,warming up
11:35:15,2018-08-16 09:32:05,CS2,ARB_DETECT,,201.8/197.84,50,agg_bid=131L agg_ask=148L submitting=50L
11:35:15,2018-08-16 09:32:05,CS2,ARB_SUBMIT,BOTH,,50,buy_id=6cc11339 sell_id=ed15daf2
11:35:16,2018-08-16 09:32:07,CS2,ARB_DETECT,,201.8/197.85,50,agg_bid=130L agg_ask=111L submitting=50L
11:35:16,2018-08-16 09:32:07,CS2,ARB_SUBMIT,BOTH,,50,buy_id=37f81b2e sell_id=ba4e5eef
11:35:16,2018-08-16 09:32:08,CS2,ARB_DETECT,,201.8/197.85,50,agg_bid=130L agg_ask=108L submitting=50L
11:35:16,2018-08-16 09:32:08,CS2,ARB_SUBMIT,BOTH,,50,buy_id=33256a60 sell_id=ed9171b5
11:35:17,2018-08-16 09:32:09,CS1,MM_SUSPENDED,,,,warming up
11:35:17,2018-08-16 09:32:09,CS2,MM_SUSPENDED,,,,warming up
11:35:17,2018-08-16 09:32:09,CS1,ARB_DETECT,,101.33/100.16,10,agg_bid=22L agg_ask=10L submitting=10L
11:35:17,2018-08-16 09:32:09,CS1,ARB_SUBMIT,BOTH,,10,buy_id=75d709c7 sell_id=4fb8f1fc
11:35:17,2018-08-16 09:32:09,CS2,ARB_DETECT,,201.8/197.85,50,agg_bid=130L agg_ask=106L submitting=50L
11:35:17,2018-08-16 09:32:09,CS2,ARB_SUBMIT,BOTH,,50,buy_id=77a86093 sell_id=9b890f39
11:35:18,2018-08-16 09:32:09,CS2,ARB_DETECT,,201.8/197.85,50,agg_bid=130L agg_ask=106L submitting=50L
11:35:18,2018-08-16 09:32:09,CS2,ARB_SUBMIT,BOTH,,50,buy_id=6bbb0d4c sell_id=3cee3bf2
11:35:18,2018-08-16 09:32:09,CS1,ARB_FILLED,BUY,101.72,1,fully filled
11:35:18,2018-08-16 09:32:10,CS2,ARB_DETECT,,201.8/197.85,50,agg_bid=130L agg_ask=86L submitting=50L
11:35:18,2018-08-16 09:32:10,CS2,ARB_SUBMIT,BOTH,,50,buy_id=b8f8a8a2 sell_id=0917452d
11:35:19,2018-08-16 09:32:11,CS1,MM_SUSPENDED,,,,warming up
11:35:19,2018-08-16 09:32:11,CS2,MM_SUSPENDED,,,,warming up
11:35:19,2018-08-16 09:32:11,CS2,ARB_DETECT,,201.8/197.86,50,agg_bid=130L agg_ask=66L submitting=50L
11:35:19,2018-08-16 09:32:11,CS2,ARB_SUBMIT,BOTH,,50,buy_id=63767691 sell_id=0a10b715
11:35:20,2018-08-16 09:32:11,CS2,ARB_DETECT,,201.8/197.87,47,agg_bid=130L agg_ask=47L submitting=47L
11:35:20,2018-08-16 09:32:11,CS2,ARB_SUBMIT,BOTH,,47,buy_id=2a028197 sell_id=c5d92dc5
11:35:20,2018-08-16 09:32:12,CS2,ARB_DETECT,,201.8/201.29,49,agg_bid=126L agg_ask=134L submitting=49L
11:35:20,2018-08-16 09:32:12,CS2,ARB_SUBMIT,BOTH,,49,buy_id=0f4d9bee sell_id=b646e93f
11:35:21,2018-08-16 09:32:12,CS1,MM_SUSPENDED,,,,warming up
11:35:21,2018-08-16 09:32:12,CS2,ARB_DETECT,,201.8/201.31,49,agg_bid=126L agg_ask=174L submitting=49L
11:35:21,2018-08-16 09:32:12,CS2,ARB_SUBMIT,BOTH,,49,buy_id=6afe9731 sell_id=b71dcb2c
11:35:21,2018-08-16 09:32:12,CS2,MM_SUSPENDED,,,,warming up
11:35:21,2018-08-16 09:32:13,CS2,ARB_DETECT,,201.8/201.31,49,agg_bid=126L agg_ask=174L submitting=49L
11:35:21,2018-08-16 09:32:13,CS2,ARB_SUBMIT,BOTH,,49,buy_id=916b6a50 sell_id=a5a66787
11:35:22,2018-08-16 09:32:13,CS2,ARB_DETECT,,201.8/201.62,49,agg_bid=126L agg_ask=211L submitting=49L
11:35:22,2018-08-16 09:32:13,CS2,ARB_SUBMIT,BOTH,,49,buy_id=ef043b3e sell_id=ade0ec4e
11:35:23,2018-08-16 09:32:14,CS2,ARB_DETECT,,201.8/201.63,49,agg_bid=126L agg_ask=235L submitting=49L
11:35:23,2018-08-16 09:32:14,CS2,ARB_SUBMIT,BOTH,,49,buy_id=c19cfbe1 sell_id=48d85359
11:35:23,2018-08-16 09:32:14,CS1,MM_SUSPENDED,,,,warming up
11:35:23,2018-08-16 09:32:14,CS2,MM_SUSPENDED,,,,warming up
11:35:23,2018-08-16 09:32:15,CS2,ARB_DETECT,,201.8/197.89,50,agg_bid=130L agg_ask=502L submitting=50L
11:35:23,2018-08-16 09:32:15,CS2,ARB_SUBMIT,BOTH,,50,buy_id=0f236ec4 sell_id=5a3a2a55
11:35:24,2018-08-16 09:32:16,CS2,ARB_DETECT,,201.8/197.89,50,agg_bid=130L agg_ask=502L submitting=50L
11:35:24,2018-08-16 09:32:16,CS2,ARB_SUBMIT,BOTH,,50,buy_id=a138b1a5 sell_id=828b00d2
11:35:25,2018-08-16 09:32:16,CS2,ARB_DETECT,,201.8/197.89,50,agg_bid=130L agg_ask=462L submitting=50L
11:35:25,2018-08-16 09:32:16,CS2,ARB_SUBMIT,BOTH,,50,buy_id=34efec16 sell_id=aba9626c
11:35:25,2018-08-16 09:32:17,CS1,MM_SUSPENDED,,,,warming up
11:35:25,2018-08-16 09:32:17,CS2,MM_SUSPENDED,,,,warming up
11:35:25,2018-08-16 09:32:17,CS2,ARB_DETECT,,201.8/197.9,50,agg_bid=110L agg_ask=442L submitting=50L
11:35:25,2018-08-16 09:32:17,CS2,ARB_SUBMIT,BOTH,,50,buy_id=96775b44 sell_id=a5dfe896
11:35:26,2018-08-16 09:32:17,CS2,ARB_DETECT,,201.8/197.9,50,agg_bid=110L agg_ask=420L submitting=50L
11:35:26,2018-08-16 09:32:17,CS2,ARB_SUBMIT,BOTH,,50,buy_id=3c1f6d51 sell_id=e49bd7e7
11:35:26,2018-08-16 09:32:18,CS2,ARB_DETECT,,201.8/197.9,50,agg_bid=110L agg_ask=399L submitting=50L
11:35:26,2018-08-16 09:32:18,CS2,ARB_SUBMIT,BOTH,,50,buy_id=38372ab6 sell_id=8b56fcab
11:35:27,2018-08-16 09:32:18,CS1,MM_SUSPENDED,,,,warming up
11:35:27,2018-08-16 09:32:18,CS2,ARB_DETECT,,201.8/197.9,50,agg_bid=110L agg_ask=399L submitting=50L
11:35:27,2018-08-16 09:32:18,CS2,ARB_SUBMIT,BOTH,,50,buy_id=38135a54 sell_id=f4b3b645
11:35:27,2018-08-16 09:32:18,CS2,MM_SUSPENDED,,,,warming up
11:35:28,2018-08-16 09:32:19,CS2,ARB_DETECT,,201.79/197.9,50,agg_bid=94L agg_ask=337L submitting=50L
11:35:28,2018-08-16 09:32:19,CS2,ARB_SUBMIT,BOTH,,50,buy_id=ee235757 sell_id=3a01e1e6
11:35:28,2018-08-16 09:32:21,CS2,ARB_DETECT,,201.79/197.9,50,agg_bid=89L agg_ask=335L submitting=50L
11:35:28,2018-08-16 09:32:21,CS2,ARB_SUBMIT,BOTH,,50,buy_id=b8f82aba sell_id=3c44935c
11:35:29,2018-08-16 09:32:21,CS2,ARB_DETECT,,201.79/197.9,50,agg_bid=89L agg_ask=333L submitting=50L
11:35:29,2018-08-16 09:32:21,CS2,ARB_SUBMIT,BOTH,,50,buy_id=d57237a4 sell_id=1d5a159d
11:35:29,2018-08-16 09:32:21,CS1,MM_SUSPENDED,,,,warming up
11:35:29,2018-08-16 09:32:21,CS2,MM_SUSPENDED,,,,warming up
11:35:30,2018-08-16 09:32:21,CS2,ARB_DETECT,,201.79/197.91,50,agg_bid=73L agg_ask=279L submitting=50L
11:35:30,2018-08-16 09:32:21,CS2,ARB_SUBMIT,BOTH,,50,buy_id=6a844273 sell_id=c2a1f0e4
11:35:30,2018-08-16 09:32:22,CS2,ARB_DETECT,,199.98/197.93,20,agg_bid=20L agg_ask=104L submitting=20L
11:35:30,2018-08-16 09:32:22,CS2,ARB_SUBMIT,BOTH,,20,buy_id=ca27ef19 sell_id=0a9a01ee
11:35:31,2018-08-16 09:32:22,CS2,ARB_DETECT,,199.98/197.94,20,agg_bid=20L agg_ask=79L submitting=20L
11:35:31,2018-08-16 09:32:22,CS2,ARB_SUBMIT,BOTH,,20,buy_id=faf5c1f1 sell_id=467673ff
11:35:31,2018-08-16 09:32:23,CS1,MM_SUSPENDED,,,,warming up
11:35:31,2018-08-16 09:32:23,CS2,MM_SUSPENDED,,,,warming up
11:35:31,2018-08-16 09:32:23,CS2,ARB_DETECT,,199.98/198.28,20,agg_bid=20L agg_ask=38L submitting=20L
11:35:31,2018-08-16 09:32:23,CS2,ARB_SUBMIT,BOTH,,20,buy_id=d6a21b49 sell_id=80c1161a
11:35:32,2018-08-16 09:32:24,CS2,ARB_DETECT,,199.98/198.28,20,agg_bid=20L agg_ask=69L submitting=20L
11:35:32,2018-08-16 09:32:24,CS2,ARB_SUBMIT,BOTH,,20,buy_id=ec9ac547 sell_id=d1c15523
11:35:33,2018-08-16 09:32:25,CS2,ARB_DETECT,,199.98/198.28,20,agg_bid=20L agg_ask=68L submitting=20L
11:35:33,2018-08-16 09:32:25,CS2,ARB_SUBMIT,BOTH,,20,buy_id=ef962429 sell_id=1a6f2647
11:35:33,2018-08-16 09:32:25,CS1,MM_SUSPENDED,,,,warming up
11:35:33,2018-08-16 09:32:25,CS2,ARB_DETECT,,199.98/198.28,20,agg_bid=20L agg_ask=66L submitting=20L
11:35:33,2018-08-16 09:32:25,CS2,ARB_SUBMIT,BOTH,,20,buy_id=26a701a3 sell_id=00870710
11:35:33,2018-08-16 09:32:25,CS2,MM_SUSPENDED,,,,warming up
11:35:34,2018-08-16 09:32:26,CS2,ARB_DETECT,,199.98/197.96,20,agg_bid=20L agg_ask=20L submitting=20L
11:35:34,2018-08-16 09:32:26,CS2,ARB_SUBMIT,BOTH,,20,buy_id=bd315767 sell_id=fe319061
11:35:34,2018-08-16 09:32:26,CS1,ARB_DETECT,,101.45/101.03,19,agg_bid=19L agg_ask=268L submitting=19L
11:35:34,2018-08-16 09:32:26,CS1,ARB_SUBMIT,BOTH,,19,buy_id=b9e5608e sell_id=c6ea79c6
11:35:35,2018-08-16 09:32:26,CS2,ARB_DETECT,,199.98/197.96,20,agg_bid=20L agg_ask=20L submitting=20L
11:35:35,2018-08-16 09:32:26,CS2,ARB_SUBMIT,BOTH,,20,buy_id=eac49454 sell_id=50b6edc0
11:35:35,2018-08-16 09:32:26,CS1,ARB_DETECT,,101.45/101.03,19,agg_bid=19L agg_ask=268L submitting=19L
11:35:35,2018-08-16 09:32:26,CS1,ARB_SUBMIT,BOTH,,19,buy_id=e0f3bae6 sell_id=b3423e90
11:35:35,2018-08-16 09:32:26,CS2,ARB_DETECT,,199.98/198.3,20,agg_bid=20L agg_ask=50L submitting=20L
11:35:35,2018-08-16 09:32:26,CS2,ARB_SUBMIT,BOTH,,20,buy_id=2652832b sell_id=25385a96
11:35:35,2018-08-16 09:32:26,CS1,MM_SUSPENDED,,,,warming up
11:35:35,2018-08-16 09:32:26,CS2,MM_SUSPENDED,,,,warming up
11:35:36,2018-08-16 09:32:26,CS1,ARB_DETECT,,101.45/101.03,19,agg_bid=19L agg_ask=268L submitting=19L
11:35:36,2018-08-16 09:32:26,CS1,ARB_SUBMIT,BOTH,,19,buy_id=2150224c sell_id=3c81397d
11:35:36,2018-08-16 09:32:27,CS2,ARB_DETECT,,199.98/198.3,20,agg_bid=20L agg_ask=49L submitting=20L
11:35:36,2018-08-16 09:32:27,CS2,ARB_SUBMIT,BOTH,,20,buy_id=1f1c34bb sell_id=7ed9f224
11:35:36,2018-08-16 09:32:28,CS1,ARB_DETECT,,101.45/101.03,19,agg_bid=19L agg_ask=247L submitting=19L
11:35:36,2018-08-16 09:32:28,CS1,ARB_SUBMIT,BOTH,,19,buy_id=94d8358d sell_id=b0fc1f45
11:35:36,2018-08-16 09:32:28,CS2,ARB_DETECT,,199.98/198.3,20,agg_bid=20L agg_ask=48L submitting=20L
11:35:36,2018-08-16 09:32:28,CS2,ARB_SUBMIT,BOTH,,20,buy_id=78860c09 sell_id=8d8a692d
11:35:37,2018-08-16 09:32:28,CS1,ARB_DETECT,,101.45/101.03,19,agg_bid=19L agg_ask=247L submitting=19L
11:35:37,2018-08-16 09:32:28,CS1,ARB_SUBMIT,BOTH,,19,buy_id=2286feed sell_id=22d0fd6b
11:35:37,2018-08-16 09:32:28,CS2,ARB_DETECT,,199.98/199.85,20,agg_bid=20L agg_ask=27L submitting=20L
11:35:37,2018-08-16 09:32:28,CS2,ARB_SUBMIT,BOTH,,20,buy_id=82e571eb sell_id=df043ee2
11:35:37,2018-08-16 09:32:29,CS1,ARB_DETECT,,101.45/101.03,19,agg_bid=19L agg_ask=207L submitting=19L
11:35:37,2018-08-16 09:32:29,CS1,ARB_SUBMIT,BOTH,,19,buy_id=72f859de sell_id=77d0326b
11:35:37,2018-08-16 09:32:29,CS1,MM_SUSPENDED,,,,warming up
11:35:37,2018-08-16 09:32:29,CS2,MM_SUSPENDED,,,,warming up
11:35:38,2018-08-16 09:32:29,CS1,ARB_DETECT,,101.45/101.04,35,agg_bid=35L agg_ask=131L submitting=35L
11:35:38,2018-08-16 09:32:29,CS1,ARB_SUBMIT,BOTH,,35,buy_id=b60b2923 sell_id=d7857c1d
11:35:39,2018-08-16 09:32:30,CS1,ARB_DETECT,,101.45/101.04,35,agg_bid=35L agg_ask=131L submitting=35L
11:35:39,2018-08-16 09:32:30,CS1,ARB_SUBMIT,BOTH,,35,buy_id=fbf3d6f9 sell_id=14eaf0ee
11:35:39,2018-08-16 09:32:30,CS1,ARB_DETECT,,101.45/101.05,35,agg_bid=35L agg_ask=114L submitting=35L
11:35:39,2018-08-16 09:32:30,CS1,ARB_SUBMIT,BOTH,,35,buy_id=a9370593 sell_id=577edf22
11:35:40,2018-08-16 09:32:31,CS1,MM_SUSPENDED,,,,warming up
11:35:40,2018-08-16 09:32:31,CS2,MM_SUSPENDED,,,,warming up
11:35:40,2018-08-16 09:32:31,CS1,ARB_DETECT,,101.45/101.05,35,agg_bid=35L agg_ask=114L submitting=35L
11:35:40,2018-08-16 09:32:31,CS1,ARB_SUBMIT,BOTH,,35,buy_id=df1ecff2 sell_id=c18f5110
11:35:41,2018-08-16 09:32:32,CS1,ARB_DETECT,,101.45/101.05,35,agg_bid=35L agg_ask=111L submitting=35L
11:35:41,2018-08-16 09:32:32,CS1,ARB_SUBMIT,BOTH,,35,buy_id=49f8bc24 sell_id=90510f74
11:35:41,2018-08-16 09:32:33,CS1,ARB_DETECT,,101.45/101.05,35,agg_bid=35L agg_ask=89L submitting=35L
11:35:41,2018-08-16 09:32:33,CS1,ARB_SUBMIT,BOTH,,35,buy_id=2b4caf2e sell_id=9835fe30
11:35:42,2018-08-16 09:32:33,CS1,MM_SUSPENDED,,,,warming up
11:35:42,2018-08-16 09:32:33,CS2,MM_SUSPENDED,,,,warming up
11:35:42,2018-08-16 09:32:33,CS1,ARB_DETECT,,101.45/101.05,35,agg_bid=35L agg_ask=89L submitting=35L
11:35:42,2018-08-16 09:32:33,CS1,ARB_SUBMIT,BOTH,,35,buy_id=9497fb8b sell_id=ba663e47
11:35:42,2018-08-16 09:32:33,CS1,ARB_DETECT,,101.45/101.06,35,agg_bid=35L agg_ask=72L submitting=35L
11:35:42,2018-08-16 09:32:33,CS1,ARB_SUBMIT,BOTH,,35,buy_id=fb0f8d33 sell_id=526aca18
11:35:43,2018-08-16 09:32:35,CS1,ARB_DETECT,,101.45/101.06,35,agg_bid=35L agg_ask=72L submitting=35L
11:35:43,2018-08-16 09:32:35,CS1,ARB_SUBMIT,BOTH,,35,buy_id=48de7f5e sell_id=ac9583fe
11:35:44,2018-08-16 09:32:35,CS1,ARB_DETECT,,101.45/101.16,17,agg_bid=19L agg_ask=17L submitting=17L
11:35:44,2018-08-16 09:32:35,CS1,ARB_SUBMIT,BOTH,,17,buy_id=f4675f6a sell_id=59e53159
11:35:44,2018-08-16 09:32:35,CS1,MM_SUSPENDED,,,,warming up
11:35:44,2018-08-16 09:32:35,CS2,MM_SUSPENDED,,,,warming up
11:35:46,2018-08-16 09:32:37,CS1,MM_SUSPENDED,,,,warming up
11:35:46,2018-08-16 09:32:37,CS2,MM_SUSPENDED,,,,warming up
11:35:48,2018-08-16 09:32:39,CS1,MM_SUSPENDED,,,,warming up
11:35:48,2018-08-16 09:32:39,CS2,MM_SUSPENDED,,,,warming up
11:35:50,2018-08-16 09:32:40,CS1,MM_SUSPENDED,,,,warming up
11:35:50,2018-08-16 09:32:40,CS2,MM_SUSPENDED,,,,warming up
11:35:52,2018-08-16 09:32:42,CS1,MM_SUSPENDED,,,,warming up
11:35:52,2018-08-16 09:32:42,CS2,MM_SUSPENDED,,,,warming up
11:35:54,2018-08-16 09:32:44,CS1,ARB_DETECT,,101.45/100.79,20,agg_bid=35L agg_ask=20L submitting=20L
11:35:54,2018-08-16 09:32:44,CS1,ARB_SUBMIT,BOTH,,20,buy_id=c05edf9a sell_id=ac9f9276
11:35:54,2018-08-16 09:32:44,CS1,MM_SUSPENDED,,,,warming up
11:35:54,2018-08-16 09:32:44,CS2,MM_SUSPENDED,,,,warming up
11:35:54,2018-08-16 09:32:44,CS1,ARB_DETECT,,101.45/100.79,20,agg_bid=35L agg_ask=20L submitting=20L
11:35:54,2018-08-16 09:32:44,CS1,ARB_SUBMIT,BOTH,,20,buy_id=0f84abbc sell_id=9da04d68
11:35:56,2018-08-16 09:32:48,CS1,MM_SUSPENDED,,,,warming up
11:35:56,2018-08-16 09:32:48,CS2,MM_SUSPENDED,,,,warming up
11:35:58,2018-08-16 09:32:48,CS1,MM_SUSPENDED,,,,warming up
11:35:58,2018-08-16 09:32:48,CS2,MM_SUSPENDED,,,,warming up
11:36:00,2018-08-16 09:32:50,CS2,ARB_DETECT,,198.43/197.92,49,agg_bid=140L agg_ask=49L submitting=49L
11:36:00,2018-08-16 09:32:50,CS2,ARB_SUBMIT,BOTH,,49,buy_id=04ef6bd5 sell_id=03a532f7
11:36:00,2018-08-16 09:32:50,CS1,MM_SUSPENDED,,,,warming up
11:36:00,2018-08-16 09:32:50,CS2,MM_SUSPENDED,,,,warming up
11:36:02,2018-08-16 09:32:53,CS1,MM_SUSPENDED,,,,warming up
11:36:02,2018-08-16 09:32:53,CS2,MM_SUSPENDED,,,,warming up
11:36:05,2018-08-16 09:32:55,CS1,MM_SUSPENDED,,,,warming up
11:36:05,2018-08-16 09:32:55,CS2,MM_SUSPENDED,,,,warming up
11:36:07,2018-08-16 09:32:59,CS1,MM_SUSPENDED,,,,warming up
11:36:07,2018-08-16 09:32:59,CS2,MM_SUSPENDED,,,,warming up
11:36:09,2018-08-16 09:33:00,CS1,MM_SUSPENDED,,,,warming up
11:36:09,2018-08-16 09:33:00,CS2,MM_SUSPENDED,,,,warming up
11:36:12,2018-08-16 09:33:01,CS1,SUBMIT,BUY,101.81,3,bid=101.81 spread=0.0400 pos=+1L inv_ratio=0.03 skew=0.0004
11:36:13,2018-08-16 09:33:01,CS1,SUBMIT,SELL,101.83,3,ask=101.83 spread=0.0400 pos=+1L inv_ratio=0.03 skew=0.0004
11:36:13,2018-08-16 09:33:01,CS1,STATUS,,,,bid=101.81(REST) ask=101.83(REST) spread=0.0400 pos=+1L inv_ratio=0.03 skew=0.0004 filter_n=40
11:36:13,2018-08-16 09:33:01,CS2,MM_SUSPENDED,,,,warming up
11:36:13,2018-08-16 09:33:03,CS1,FILLED,BID,101.81,,order no longer in waiting list
11:36:13,2018-08-16 09:33:03,CS1,FILLED,ASK,101.83,,order no longer in waiting list
11:36:14,2018-08-16 09:33:03,CS1,SUBMIT,BUY,101.17,3,bid=101.17 spread=0.6700 pos=+1L inv_ratio=0.03 skew=0.0067
11:36:15,2018-08-16 09:33:03,CS1,SUBMIT,SELL,101.82,3,ask=101.82 spread=0.6700 pos=+1L inv_ratio=0.03 skew=0.0067
11:36:15,2018-08-16 09:33:03,CS1,STATUS,,,,bid=101.17(REST) ask=101.82(REST) spread=0.6700 pos=+1L inv_ratio=0.03 skew=0.0067 filter_n=40
11:36:15,2018-08-16 09:33:03,CS2,MM_SUSPENDED,,,,warming up
11:36:15,2018-08-16 09:33:07,CS1,FILLED,BID,101.17,,order no longer in waiting list
11:36:15,2018-08-16 09:33:07,CS1,FILLED,ASK,101.82,,order no longer in waiting list
11:36:16,2018-08-16 09:33:07,CS1,SUBMIT,BUY,101.1,3,bid=101.1 spread=0.0900 pos=+1L inv_ratio=0.03 skew=0.0009
11:36:17,2018-08-16 09:33:07,CS1,SUBMIT,SELL,101.17,3,ask=101.17 spread=0.0900 pos=+1L inv_ratio=0.03 skew=0.0009
11:36:17,2018-08-16 09:33:07,CS1,STATUS,,,,bid=101.1(REST) ask=101.17(REST) spread=0.0900 pos=+1L inv_ratio=0.03 skew=0.0009 filter_n=40
11:36:17,2018-08-16 09:33:07,CS2,MM_SUSPENDED,,,,warming up
11:36:18,2018-08-16 09:33:10,CS1,FILLED,BID,101.1,,order no longer in waiting list
11:36:18,2018-08-16 09:33:10,CS1,FILLED,ASK,101.17,,order no longer in waiting list
11:36:18,2018-08-16 09:33:10,CS1,SPREAD_TIGHT,,,,spread=0.0100 < 0.04 — waiting
11:36:19,2018-08-16 09:33:11,CS2,MM_SUSPENDED,,,,warming up
11:36:21,2018-08-16 09:33:11,CS1,SUBMIT,BUY,101.22,3,bid=101.22 spread=0.1300 pos=+1L inv_ratio=0.03 skew=0.0013
11:36:22,2018-08-16 09:33:11,CS1,SUBMIT,SELL,101.33,3,ask=101.33 spread=0.1300 pos=+1L inv_ratio=0.03 skew=0.0013
11:36:22,2018-08-16 09:33:11,CS1,STATUS,,,,bid=101.22(REST) ask=101.33(REST) spread=0.1300 pos=+1L inv_ratio=0.03 skew=0.0013 filter_n=40
11:36:22,2018-08-16 09:33:11,CS2,MM_SUSPENDED,,,,warming up
11:36:22,2018-08-16 09:33:13,CS1,FILLED,BID,101.22,,order no longer in waiting list
11:36:22,2018-08-16 09:33:13,CS1,FILLED,ASK,101.33,,order no longer in waiting list
11:36:23,2018-08-16 09:33:13,CS1,SUBMIT,BUY,100.14,3,bid=100.14 spread=1.1700 pos=+1L inv_ratio=0.03 skew=0.0117
11:36:24,2018-08-16 09:33:13,CS1,SUBMIT,SELL,101.29,3,ask=101.29 spread=1.1700 pos=+1L inv_ratio=0.03 skew=0.0117
11:36:24,2018-08-16 09:33:13,CS1,STATUS,,,,bid=100.14(REST) ask=101.29(REST) spread=1.1700 pos=+1L inv_ratio=0.03 skew=0.0117 filter_n=40
11:36:24,2018-08-16 09:33:13,CS2,MM_SUSPENDED,,,,warming up
11:36:24,2018-08-16 09:33:14,CS1,FILLED,BID,100.14,,order no longer in waiting list
11:36:24,2018-08-16 09:33:14,CS1,FILLED,ASK,101.29,,order no longer in waiting list
11:36:25,2018-08-16 09:33:14,CS1,SUBMIT,BUY,100.13,3,bid=100.13 spread=1.0400 pos=+1L inv_ratio=0.03 skew=0.0104
11:36:26,2018-08-16 09:33:14,CS1,SUBMIT,SELL,101.15,3,ask=101.15 spread=1.0400 pos=+1L inv_ratio=0.03 skew=0.0104
11:36:26,2018-08-16 09:33:14,CS1,STATUS,,,,bid=100.13(REST) ask=101.15(REST) spread=1.0400 pos=+1L inv_ratio=0.03 skew=0.0104 filter_n=40
11:36:26,2018-08-16 09:33:14,CS2,MM_SUSPENDED,,,,warming up
11:36:27,2018-08-16 09:33:16,CS1,FILLED,BID,100.13,,order no longer in waiting list
11:36:27,2018-08-16 09:33:16,CS1,FILLED,ASK,101.15,,order no longer in waiting list
11:36:28,2018-08-16 09:33:16,CS1,SUBMIT,BUY,100.13,3,bid=100.13 spread=1.0500 pos=+1L inv_ratio=0.03 skew=0.0105
11:36:29,2018-08-16 09:33:16,CS1,SUBMIT,SELL,101.16,3,ask=101.16 spread=1.0500 pos=+1L inv_ratio=0.03 skew=0.0105
11:36:29,2018-08-16 09:33:16,CS1,STATUS,,,,bid=100.13(REST) ask=101.16(REST) spread=1.0500 pos=+1L inv_ratio=0.03 skew=0.0105 filter_n=40
11:36:29,2018-08-16 09:33:16,CS2,ARB_DETECT,,200.98/200.87,49,agg_bid=249L agg_ask=351L submitting=49L
11:36:29,2018-08-16 09:33:16,CS2,ARB_SUBMIT,BOTH,,49,buy_id=5ae3e07a sell_id=2b349907
11:36:29,2018-08-16 09:33:16,CS2,MM_SUSPENDED,,,,warming up
11:36:29,2018-08-16 09:33:17,CS1,FILLED,BID,100.13,,order no longer in waiting list
11:36:29,2018-08-16 09:33:17,CS1,FILLED,ASK,101.16,,order no longer in waiting list
11:36:29,2018-08-16 09:33:17,CS1,SPREAD_TIGHT,,,,spread=0.0100 < 0.04 — waiting
11:36:31,2018-08-16 09:33:20,CS2,MM_SUSPENDED,,,,warming up
11:36:31,2018-08-16 09:33:21,CS1,SPREAD_TIGHT,,,,spread=-0.5200 < 0.04 — waiting
11:36:33,2018-08-16 09:33:23,CS2,MM_SUSPENDED,,,,warming up
11:36:34,2018-08-16 09:33:23,CS1,SUBMIT,BUY,100.93,3,bid=100.93 spread=0.2500 pos=+1L inv_ratio=0.03 skew=0.0025
11:36:35,2018-08-16 09:33:23,CS1,SUBMIT,SELL,101.16,3,ask=101.16 spread=0.2500 pos=+1L inv_ratio=0.03 skew=0.0025
11:36:35,2018-08-16 09:33:23,CS1,STATUS,,,,bid=100.93(REST) ask=101.16(REST) spread=0.2500 pos=+1L inv_ratio=0.03 skew=0.0025 filter_n=40
11:36:35,2018-08-16 09:33:23,CS2,MM_SUSPENDED,,,,warming up
11:36:35,2018-08-16 09:33:26,CS1,FILLED,BID,100.93,,order no longer in waiting list
11:36:35,2018-08-16 09:33:26,CS1,FILLED,ASK,101.16,,order no longer in waiting list
11:36:36,2018-08-16 09:33:26,CS1,SUBMIT,BUY,100.93,3,bid=100.93 spread=0.3800 pos=+1L inv_ratio=0.03 skew=0.0038
11:36:37,2018-08-16 09:33:26,CS1,SUBMIT,SELL,101.29,3,ask=101.29 spread=0.3800 pos=+1L inv_ratio=0.03 skew=0.0038
11:36:37,2018-08-16 09:33:26,CS1,STATUS,,,,bid=100.93(REST) ask=101.29(REST) spread=0.3800 pos=+1L inv_ratio=0.03 skew=0.0038 filter_n=40
11:36:38,2018-08-16 09:33:26,CS2,SPREAD_TIGHT,,,,spread=0.0100 < 0.04 — waiting
11:36:38,2018-08-16 09:33:30,CS1,FILLED,BID,100.93,,order no longer in waiting list
11:36:38,2018-08-16 09:33:30,CS1,FILLED,ASK,101.29,,order no longer in waiting list
11:36:38,2018-08-16 09:33:30,CS1,SPREAD_TIGHT,,,,spread=0.0100 < 0.04 — waiting
11:36:40,2018-08-16 09:33:30,CS2,SPREAD_TIGHT,,,,spread=0.0100 < 0.04 — waiting
11:36:40,2018-08-16 09:33:31,CS1,SPREAD_TIGHT,,,,spread=0.0200 < 0.04 — waiting
11:36:41,2018-08-16 09:33:32,CS1,ARB_DETECT,,99.98/99.65,100,agg_bid=269L agg_ask=112L submitting=100L
11:36:41,2018-08-16 09:33:32,CS1,ARB_SUBMIT,BOTH,,100,buy_id=fdf9015c sell_id=274ec001
11:36:42,2018-08-16 09:33:33,CS1,ARB_DETECT,,99.98/99.65,100,agg_bid=269L agg_ask=112L submitting=100L
11:36:42,2018-08-16 09:33:33,CS1,ARB_SUBMIT,BOTH,,100,buy_id=d8bbfca2 sell_id=ad73f0cf
11:36:42,2018-08-16 09:33:33,CS2,SPREAD_TIGHT,,,,spread=0.0100 < 0.04 — waiting
11:36:42,2018-08-16 09:33:33,CS1,SPREAD_TIGHT,,,,spread=-0.3300 < 0.04 — waiting
11:36:42,2018-08-16 09:33:33,CS1,ARB_DETECT,,99.98/99.65,100,agg_bid=269L agg_ask=112L submitting=100L
11:36:42,2018-08-16 09:33:33,CS1,ARB_SUBMIT,BOTH,,100,buy_id=10dc4a0b sell_id=8cc7f9c6
11:36:43,2018-08-16 09:33:33,CS1,ARB_DETECT,,99.98/99.65,100,agg_bid=269L agg_ask=112L submitting=100L
11:36:43,2018-08-16 09:33:33,CS1,ARB_SUBMIT,BOTH,,100,buy_id=79a7fa98 sell_id=d50ee8e3
11:36:43,2018-08-16 09:33:34,CS1,ARB_DETECT,,99.98/99.65,100,agg_bid=269L agg_ask=216L submitting=100L
11:36:43,2018-08-16 09:33:34,CS1,ARB_SUBMIT,BOTH,,100,buy_id=33f94297 sell_id=70c7a0ef
11:36:44,2018-08-16 09:33:35,CS2,SPREAD_TIGHT,,,,spread=0.0100 < 0.04 — waiting
11:36:44,2018-08-16 09:33:35,CS1,ARB_DETECT,,99.98/99.65,100,agg_bid=269L agg_ask=196L submitting=100L
11:36:44,2018-08-16 09:33:35,CS1,ARB_SUBMIT,BOTH,,100,buy_id=5e9c4512 sell_id=0ab71511
11:36:44,2018-08-16 09:33:35,CS1,SPREAD_TIGHT,,,,spread=-0.3300 < 0.04 — waiting
11:36:45,2018-08-16 09:33:35,CS1,ARB_DETECT,,99.98/99.66,100,agg_bid=269L agg_ask=176L submitting=100L
11:36:45,2018-08-16 09:33:35,CS1,ARB_SUBMIT,BOTH,,100,buy_id=931dd6df sell_id=d21c1f76
11:36:45,2018-08-16 09:33:36,CS1,ARB_DETECT,,99.98/99.66,100,agg_bid=269L agg_ask=176L submitting=100L
11:36:45,2018-08-16 09:33:36,CS1,ARB_SUBMIT,BOTH,,100,buy_id=df7f44e8 sell_id=afa99e89
11:36:46,2018-08-16 09:33:37,CS1,ARB_DETECT,,99.98/99.67,96,agg_bid=269L agg_ask=96L submitting=96L
11:36:46,2018-08-16 09:33:37,CS1,ARB_SUBMIT,BOTH,,96,buy_id=88131c0f sell_id=71ce7264
11:36:47,2018-08-16 09:33:37,CS2,SUBMIT,BUY,199.22,3,bid=199.22 spread=0.4300 pos=-50L inv_ratio=-1.00 skew=-0.1720
11:36:48,2018-08-16 09:33:37,CS2,SUBMIT,SELL,199.63,3,ask=199.63 spread=0.4300 pos=-50L inv_ratio=-1.00 skew=-0.1720
11:36:48,2018-08-16 09:33:37,CS2,STATUS,,,,bid=199.22(REST) ask=199.63(REST) spread=0.4300 pos=-50L inv_ratio=-1.00 skew=-0.1720 filter_n=40
11:36:48,2018-08-16 09:33:39,CS1,ARB_DETECT,,99.98/99.67,95,agg_bid=269L agg_ask=95L submitting=95L
11:36:48,2018-08-16 09:33:39,CS1,ARB_SUBMIT,BOTH,,95,buy_id=33094dcc sell_id=fb270366
11:36:48,2018-08-16 09:33:39,CS1,SPREAD_TIGHT,,,,spread=-0.3100 < 0.04 — waiting
11:36:48,2018-08-16 09:33:39,CS2,FILLED,BID,199.22,,order no longer in waiting list
11:36:48,2018-08-16 09:33:39,CS2,FILLED,ASK,199.63,,order no longer in waiting list
11:36:49,2018-08-16 09:33:39,CS2,SUBMIT,BUY,199.79,3,bid=199.79 spread=1.8400 pos=-50L inv_ratio=-1.00 skew=-0.7360
11:36:50,2018-08-16 09:33:39,CS2,SUBMIT,SELL,201.61,3,ask=201.61 spread=1.8400 pos=-50L inv_ratio=-1.00 skew=-0.7360
11:36:50,2018-08-16 09:33:39,CS2,STATUS,,,,bid=199.79(REST) ask=201.61(REST) spread=1.8400 pos=-50L inv_ratio=-1.00 skew=-0.7360 filter_n=40
11:36:51,2018-08-16 09:33:43,CS1,SPREAD_TIGHT,,,,spread=0.0300 < 0.04 — waiting
11:36:51,2018-08-16 09:33:43,CS2,FILLED,BID,199.79,,order no longer in waiting list
11:36:51,2018-08-16 09:33:43,CS2,FILLED,ASK,201.61,,order no longer in waiting list
11:36:52,2018-08-16 09:33:43,CS2,SUBMIT,BUY,200.34,3,bid=200.34 spread=0.9300 pos=-50L inv_ratio=-1.00 skew=-0.3720
11:36:53,2018-08-16 09:33:43,CS2,SUBMIT,SELL,201.25,3,ask=201.25 spread=0.9300 pos=-50L inv_ratio=-1.00 skew=-0.3720
11:36:53,2018-08-16 09:33:43,CS2,STATUS,,,,bid=200.34(REST) ask=201.25(REST) spread=0.9300 pos=-50L inv_ratio=-1.00 skew=-0.3720 filter_n=40
11:36:53,2018-08-16 09:33:45,CS1,ARB_DETECT,,99.99/99.88,1,agg_bid=189L agg_ask=1L submitting=1L
11:36:53,2018-08-16 09:33:45,CS1,ARB_SUBMIT,BOTH,,1,buy_id=65bc1ddf sell_id=c38b198e
11:36:53,2018-08-16 09:33:45,CS1,SPREAD_TIGHT,,,,spread=-0.1100 < 0.04 — waiting
11:36:53,2018-08-16 09:33:45,CS2,FILLED,BID,200.34,,order no longer in waiting list
11:36:53,2018-08-16 09:33:45,CS2,FILLED,ASK,201.25,,order no longer in waiting list
11:36:53,2018-08-16 09:33:45,CS2,SPREAD_TIGHT,,,,spread=0.0100 < 0.04 — waiting
11:36:54,2018-08-16 09:33:45,CS1,ARB_DETECT,,101.59/100.02,20,agg_bid=20L agg_ask=172L submitting=20L
11:36:54,2018-08-16 09:33:45,CS1,ARB_SUBMIT,BOTH,,20,buy_id=7a7024af sell_id=0e6f4202
11:36:54,2018-08-16 09:33:45,CS1,ARB_DETECT,,101.59/100.03,20,agg_bid=20L agg_ask=185L submitting=20L
11:36:54,2018-08-16 09:33:45,CS1,ARB_SUBMIT,BOTH,,20,buy_id=4366ff1c sell_id=5d4a8f95
11:36:55,2018-08-16 09:33:47,CS1,ARB_FILLED,SELL,101.59,1,fully filled
11:36:55,2018-08-16 09:33:47,CS1,ARB_DETECT,,100.51/100.03,14,agg_bid=14L agg_ask=130L submitting=14L
11:36:55,2018-08-16 09:33:47,CS1,ARB_SUBMIT,BOTH,,14,buy_id=290729f5 sell_id=4f6a32dd
11:36:55,2018-08-16 09:33:47,CS1,SPREAD_TIGHT,,,,spread=-0.4600 < 0.04 — waiting
11:36:55,2018-08-16 09:33:47,CS2,SPREAD_TIGHT,,,,spread=0.0200 < 0.04 — waiting
11:36:55,2018-08-16 09:33:47,CS1,ARB_DETECT,,100.48/100.06,2,agg_bid=2L agg_ask=11L submitting=2L
11:36:55,2018-08-16 09:33:47,CS1,ARB_SUBMIT,BOTH,,2,buy_id=aa409ff6 sell_id=fb03839d
11:36:57,2018-08-16 09:33:48,CS1,ARB_DETECT,,100.48/100.07,99,agg_bid=238L agg_ask=243L submitting=99L
11:36:57,2018-08-16 09:33:48,CS1,ARB_SUBMIT,BOTH,,99,buy_id=62578d4c sell_id=331414d7
11:36:57,2018-08-16 09:33:48,CS1,SPREAD_TIGHT,,,,spread=-0.4100 < 0.04 — waiting
11:36:57,2018-08-16 09:33:48,CS2,SPREAD_TIGHT,,,,spread=0.0000 < 0.04 — waiting
11:36:57,2018-08-16 09:33:48,CS1,ARB_DETECT,,100.48/100.07,99,agg_bid=238L agg_ask=243L submitting=99L
11:36:57,2018-08-16 09:33:48,CS1,ARB_SUBMIT,BOTH,,99,buy_id=8eef5004 sell_id=27b10464
11:36:58,2018-08-16 09:33:49,CS1,ARB_DETECT,,100.48/100.08,99,agg_bid=238L agg_ask=182L submitting=99L
11:36:58,2018-08-16 09:33:49,CS1,ARB_SUBMIT,BOTH,,99,buy_id=c206fb44 sell_id=e9ee386a
11:36:59,2018-08-16 09:33:50,CS1,ARB_DETECT,,100.23/100.08,99,agg_bid=251L agg_ask=138L submitting=99L
11:36:59,2018-08-16 09:33:50,CS1,ARB_SUBMIT,BOTH,,99,buy_id=e4cf3ddc sell_id=cfb7173f
11:36:59,2018-08-16 09:33:50,CS1,ARB_DETECT,,100.23/100.08,99,agg_bid=251L agg_ask=138L submitting=99L
11:36:59,2018-08-16 09:33:50,CS1,ARB_SUBMIT,BOTH,,99,buy_id=ed97558d sell_id=7fba3e71
11:36:59,2018-08-16 09:33:50,CS1,SPREAD_TIGHT,,,,spread=-0.1500 < 0.04 — waiting
11:37:00,2018-08-16 09:33:50,CS2,SUBMIT,BUY,200.94,3,bid=200.94 spread=0.1100 pos=-50L inv_ratio=-1.00 skew=-0.0440
11:37:01,2018-08-16 09:33:50,CS2,SUBMIT,SELL,201.03,3,ask=201.03 spread=0.1100 pos=-50L inv_ratio=-1.00 skew=-0.0440
11:37:01,2018-08-16 09:33:50,CS2,STATUS,,,,bid=200.94(REST) ask=201.03(REST) spread=0.1100 pos=-50L inv_ratio=-1.00 skew=-0.0440 filter_n=40
11:37:02,2018-08-16 09:33:53,CS1,ARB_DETECT,,100.23/100.08,99,agg_bid=251L agg_ask=138L submitting=99L
11:37:02,2018-08-16 09:33:53,CS1,ARB_SUBMIT,BOTH,,99,buy_id=9657ac35 sell_id=68f3273b
11:37:02,2018-08-16 09:33:53,CS1,SPREAD_TIGHT,,,,spread=-0.1500 < 0.04 — waiting
11:37:02,2018-08-16 09:33:53,CS2,FILLED,BID,200.94,,order no longer in waiting list
11:37:02,2018-08-16 09:33:53,CS2,FILLED,ASK,201.03,,order no longer in waiting list
11:37:03,2018-08-16 09:33:53,CS2,SUBMIT,BUY,200.94,3,bid=200.94 spread=0.1200 pos=-50L inv_ratio=-1.00 skew=-0.0480
11:37:04,2018-08-16 09:33:53,CS2,SUBMIT,SELL,201.04,3,ask=201.04 spread=0.1200 pos=-50L inv_ratio=-1.00 skew=-0.0480
11:37:04,2018-08-16 09:33:53,CS2,STATUS,,,,bid=200.94(REST) ask=201.04(REST) spread=0.1200 pos=-50L inv_ratio=-1.00 skew=-0.0480 filter_n=40
11:37:04,2018-08-16 09:33:55,CS1,ARB_DETECT,,100.23/100.1,69,agg_bid=250L agg_ask=69L submitting=69L
11:37:04,2018-08-16 09:33:55,CS1,ARB_SUBMIT,BOTH,,69,buy_id=cc6d041b sell_id=455fbf3c
11:37:04,2018-08-16 09:33:55,CS1,SPREAD_TIGHT,,,,spread=-0.1300 < 0.04 — waiting
11:37:04,2018-08-16 09:33:55,CS2,FILLED,BID,200.94,,order no longer in waiting list
11:37:04,2018-08-16 09:33:55,CS2,FILLED,ASK,201.04,,order no longer in waiting list
11:37:05,2018-08-16 09:33:55,CS2,SUBMIT,BUY,199.84,3,bid=199.84 spread=1.9700 pos=-50L inv_ratio=-1.00 skew=-0.7880
11:37:06,2018-08-16 09:33:55,CS2,SUBMIT,SELL,201.79,3,ask=201.79 spread=1.9700 pos=-50L inv_ratio=-1.00 skew=-0.7880
11:37:06,2018-08-16 09:33:55,CS2,STATUS,,,,bid=199.84(REST) ask=201.79(REST) spread=1.9700 pos=-50L inv_ratio=-1.00 skew=-0.7880 filter_n=40
11:37:06,2018-08-16 09:33:58,CS1,SPREAD_TIGHT,,,,spread=0.0100 < 0.04 — waiting
11:37:06,2018-08-16 09:33:58,CS2,FILLED,BID,199.84,,order no longer in waiting list
11:37:06,2018-08-16 09:33:58,CS2,FILLED,ASK,201.79,,order no longer in waiting list
11:37:06,2018-08-16 09:33:58,CS2,SPREAD_TIGHT,,,,spread=0.0100 < 0.04 — waiting
11:37:07,2018-08-16 09:33:59,CS1,ARB_DETECT,,100.67/100.21,20,agg_bid=20L agg_ask=323L submitting=20L
11:37:07,2018-08-16 09:33:59,CS1,ARB_SUBMIT,BOTH,,20,buy_id=8dac3f9a sell_id=c783310d
11:37:08,2018-08-16 09:34:00,CS1,SPREAD_TIGHT,,,,spread=0.0100 < 0.04 — waiting
11:37:08,2018-08-16 09:34:00,CS2,SPREAD_TIGHT,,,,spread=0.0100 < 0.04 — waiting
11:37:11,2018-08-16 09:34:02,CS1,SUBMIT,BUY,100.21,3,bid=100.21 spread=0.0500 pos=+0L inv_ratio=0.00 skew=0.0000
11:37:12,2018-08-16 09:34:02,CS1,SUBMIT,SELL,100.24,3,ask=100.24 spread=0.0500 pos=+0L inv_ratio=0.00 skew=0.0000
11:37:12,2018-08-16 09:34:02,CS1,STATUS,,,,bid=100.21(REST) ask=100.24(REST) spread=0.0500 pos=+0L inv_ratio=0.00 skew=0.0000 filter_n=40
11:37:12,2018-08-16 09:34:02,CS2,ARB_DETECT,,201.86/201.84,49,agg_bid=97L agg_ask=246L submitting=49L
11:37:12,2018-08-16 09:34:02,CS2,ARB_SUBMIT,BOTH,,49,buy_id=1bc8951e sell_id=d45e8801
11:37:12,2018-08-16 09:34:02,CS2,SPREAD_TIGHT,,,,spread=-0.0200 < 0.04 — waiting
11:37:12,2018-08-16 09:34:04,CS1,FILLED,BID,100.21,,order no longer in waiting list
11:37:12,2018-08-16 09:34:04,CS1,FILLED,ASK,100.24,,order no longer in waiting list
11:37:13,2018-08-16 09:34:04,CS1,SUBMIT,BUY,100.23,3,bid=100.23 spread=0.9400 pos=+0L inv_ratio=0.00 skew=0.0000
11:37:14,2018-08-16 09:34:04,CS1,SUBMIT,SELL,101.15,3,ask=101.15 spread=0.9400 pos=+0L inv_ratio=0.00 skew=0.0000
11:37:14,2018-08-16 09:34:04,CS1,STATUS,,,,bid=100.23(REST) ask=101.15(REST) spread=0.9400 pos=+0L inv_ratio=0.00 skew=0.0000 filter_n=40
11:37:14,2018-08-16 09:34:04,CS2,ARB_DETECT,,201.86/199.82,50,agg_bid=667L agg_ask=191L submitting=50L
11:37:14,2018-08-16 09:34:04,CS2,ARB_SUBMIT,BOTH,,50,buy_id=559c942c sell_id=5816f38e
11:37:14,2018-08-16 09:34:04,CS2,SPREAD_TIGHT,,,,spread=-2.0400 < 0.04 — waiting
11:37:15,2018-08-16 09:34:06,CS1,FILLED,BID,100.23,,order no longer in waiting list
11:37:15,2018-08-16 09:34:06,CS1,FILLED,ASK,101.15,,order no longer in waiting list
11:37:16,2018-08-16 09:34:06,CS1,SUBMIT,BUY,101.58,3,bid=101.58 spread=0.0600 pos=+0L inv_ratio=0.00 skew=0.0000
11:37:17,2018-08-16 09:34:06,CS1,SUBMIT,SELL,101.62,3,ask=101.62 spread=0.0600 pos=+0L inv_ratio=0.00 skew=0.0000
11:37:17,2018-08-16 09:34:06,CS1,STATUS,,,,bid=101.58(REST) ask=101.62(REST) spread=0.0600 pos=+0L inv_ratio=0.00 skew=0.0000 filter_n=40
11:37:17,2018-08-16 09:34:06,CS2,ARB_DETECT,,201.86/199.83,50,agg_bid=667L agg_ask=189L submitting=50L
11:37:17,2018-08-16 09:34:06,CS2,ARB_SUBMIT,BOTH,,50,buy_id=9ad47a32 sell_id=58d21537
11:37:17,2018-08-16 09:34:06,CS2,SPREAD_TIGHT,,,,spread=-2.0300 < 0.04 — waiting
11:37:17,2018-08-16 09:34:09,CS1,ARB_DETECT,,102.01/101.64,16,agg_bid=16L agg_ask=266L submitting=16L
11:37:17,2018-08-16 09:34:09,CS1,ARB_SUBMIT,BOTH,,16,buy_id=f0f808f5 sell_id=952203f0
11:37:17,2018-08-16 09:34:09,CS1,FILLED,BID,101.58,,order no longer in waiting list
11:37:17,2018-08-16 09:34:09,CS1,FILLED,ASK,101.62,,order no longer in waiting list
11:37:17,2018-08-16 09:34:09,CS1,SPREAD_TIGHT,,,,spread=-0.3700 < 0.04 — waiting
11:37:17,2018-08-16 09:34:09,CS2,ARB_DETECT,,201.86/199.85,50,agg_bid=667L agg_ask=238L submitting=50L
11:37:17,2018-08-16 09:34:09,CS2,ARB_SUBMIT,BOTH,,50,buy_id=1b40b1d4 sell_id=7c45e2d8
11:37:17,2018-08-16 09:34:10,CS1,ARB_DETECT,,102.01/101.64,16,agg_bid=16L agg_ask=265L submitting=16L
11:37:17,2018-08-16 09:34:10,CS1,ARB_SUBMIT,BOTH,,16,buy_id=1d3de4d9 sell_id=70088c0b
11:37:18,2018-08-16 09:34:10,CS2,ARB_DETECT,,201.86/199.85,50,agg_bid=620L agg_ask=184L submitting=50L
11:37:18,2018-08-16 09:34:10,CS2,ARB_SUBMIT,BOTH,,50,buy_id=b6e497c5 sell_id=d83005e7
11:37:18,2018-08-16 09:34:10,CS1,ARB_DETECT,,102.01/101.64,16,agg_bid=16L agg_ask=265L submitting=16L
11:37:18,2018-08-16 09:34:10,CS1,ARB_SUBMIT,BOTH,,16,buy_id=0e67e157 sell_id=c92f068d
11:37:19,2018-08-16 09:34:10,CS2,ARB_DETECT,,201.86/199.85,50,agg_bid=593L agg_ask=184L submitting=50L
11:37:19,2018-08-16 09:34:10,CS2,ARB_SUBMIT,BOTH,,50,buy_id=916140db sell_id=fb62c3ae
11:37:19,2018-08-16 09:34:11,CS1,ARB_DETECT,,102.01/101.65,16,agg_bid=16L agg_ask=314L submitting=16L
11:37:19,2018-08-16 09:34:11,CS1,ARB_SUBMIT,BOTH,,16,buy_id=5603adc4 sell_id=c7d622b7
11:37:19,2018-08-16 09:34:11,CS2,SPREAD_TIGHT,,,,spread=-2.0000 < 0.04 — waiting
11:37:19,2018-08-16 09:34:11,CS1,SPREAD_TIGHT,,,,spread=-0.3600 < 0.04 — waiting
11:37:19,2018-08-16 09:34:11,CS2,ARB_DETECT,,201.86/199.86,50,agg_bid=593L agg_ask=144L submitting=50L
11:37:19,2018-08-16 09:34:11,CS2,ARB_SUBMIT,BOTH,,50,buy_id=471a3c76 sell_id=9f245a00
11:37:19,2018-08-16 09:34:11,CS1,ARB_DETECT,,102.01/101.66,16,agg_bid=16L agg_ask=315L submitting=16L
11:37:19,2018-08-16 09:34:11,CS1,ARB_SUBMIT,BOTH,,16,buy_id=78c02768 sell_id=b51aa82a
11:37:20,2018-08-16 09:34:12,CS2,ARB_DETECT,,201.86/199.86,50,agg_bid=593L agg_ask=103L submitting=50L
11:37:20,2018-08-16 09:34:12,CS2,ARB_SUBMIT,BOTH,,50,buy_id=cba21918 sell_id=6c52d8da
11:37:20,2018-08-16 09:34:12,CS1,ARB_DETECT,,102.01/101.85,16,agg_bid=16L agg_ask=278L submitting=16L
11:37:20,2018-08-16 09:34:12,CS1,ARB_SUBMIT,BOTH,,16,buy_id=214f858c sell_id=d605bdcd
11:37:20,2018-08-16 09:34:13,CS2,ARB_DETECT,,201.86/201.84,49,agg_bid=227L agg_ask=81L submitting=49L
11:37:20,2018-08-16 09:34:13,CS2,ARB_SUBMIT,BOTH,,49,buy_id=bf306112 sell_id=e3cbe801
11:37:21,2018-08-16 09:34:13,CS1,ARB_DETECT,,102.01/101.76,14,agg_bid=14L agg_ask=239L submitting=14L
11:37:21,2018-08-16 09:34:13,CS1,ARB_SUBMIT,BOTH,,14,buy_id=fa62c61c sell_id=8cabf7f4
11:37:21,2018-08-16 09:34:13,CS2,SPREAD_TIGHT,,,,spread=-0.0200 < 0.04 — waiting
11:37:21,2018-08-16 09:34:13,CS1,SPREAD_TIGHT,,,,spread=-0.2500 < 0.04 — waiting
11:37:21,2018-08-16 09:34:13,CS2,ARB_DETECT,,201.86/201.84,49,agg_bid=226L agg_ask=81L submitting=49L
11:37:21,2018-08-16 09:34:13,CS2,ARB_SUBMIT,BOTH,,49,buy_id=43175478 sell_id=381bcfe6
11:37:21,2018-08-16 09:34:13,CS1,ARB_DETECT,,102.01/101.76,14,agg_bid=14L agg_ask=89L submitting=14L
11:37:21,2018-08-16 09:34:13,CS1,ARB_SUBMIT,BOTH,,14,buy_id=2b8f96d4 sell_id=1a06ce6e
11:37:22,2018-08-16 09:34:13,CS2,ARB_DETECT,,201.86/201.84,49,agg_bid=226L agg_ask=61L submitting=49L
11:37:22,2018-08-16 09:34:13,CS2,ARB_SUBMIT,BOTH,,49,buy_id=ff40d874 sell_id=d9271a09
11:37:22,2018-08-16 09:34:14,CS1,ARB_DETECT,,102.01/101.15,26,agg_bid=26L agg_ask=78L submitting=26L
11:37:22,2018-08-16 09:34:14,CS1,ARB_SUBMIT,BOTH,,26,buy_id=a54c6a5e sell_id=ad1da5a4
11:37:22,2018-08-16 09:34:14,CS2,ARB_DETECT,,201.86/201.84,49,agg_bid=226L agg_ask=61L submitting=49L
11:37:22,2018-08-16 09:34:14,CS2,ARB_SUBMIT,BOTH,,49,buy_id=75585b3f sell_id=c8fc7693
11:37:23,2018-08-16 09:34:14,CS2,ARB_DETECT,,201.86/201.84,49,agg_bid=226L agg_ask=61L submitting=49L
11:37:23,2018-08-16 09:34:14,CS2,ARB_SUBMIT,BOTH,,49,buy_id=55261f2e sell_id=10a19452
11:37:23,2018-08-16 09:34:14,CS2,SPREAD_TIGHT,,,,spread=-0.0200 < 0.04 — waiting
11:37:24,2018-08-16 09:34:14,CS1,SUBMIT,BUY,101.08,3,bid=101.08 spread=0.7800 pos=+0L inv_ratio=0.00 skew=0.0000
11:37:25,2018-08-16 09:34:14,CS1,SUBMIT,SELL,101.84,3,ask=101.84 spread=0.7800 pos=+0L inv_ratio=0.00 skew=0.0000
11:37:25,2018-08-16 09:34:14,CS1,STATUS,,,,bid=101.08(REST) ask=101.84(REST) spread=0.7800 pos=+0L inv_ratio=0.00 skew=0.0000 filter_n=40
11:37:25,2018-08-16 09:34:14,CS2,SPREAD_TIGHT,,,,spread=0.0100 < 0.04 — waiting
11:37:25,2018-08-16 09:34:15,CS1,FILLED,BID,101.08,,order no longer in waiting list
11:37:25,2018-08-16 09:34:15,CS1,FILLED,ASK,101.84,,order no longer in waiting list
11:37:26,2018-08-16 09:34:15,CS1,SUBMIT,BUY,101.08,3,bid=101.08 spread=0.8100 pos=+0L inv_ratio=0.00 skew=0.0000
11:37:27,2018-08-16 09:34:15,CS1,SUBMIT,SELL,101.87,3,ask=101.87 spread=0.8100 pos=+0L inv_ratio=0.00 skew=0.0000
11:37:27,2018-08-16 09:34:15,CS1,STATUS,,,,bid=101.08(REST) ask=101.87(REST) spread=0.8100 pos=+0L inv_ratio=0.00 skew=0.0000 filter_n=40
11:37:27,2018-08-16 09:34:15,CS2,SPREAD_TIGHT,,,,spread=0.0200 < 0.04 — waiting
11:37:28,2018-08-16 09:34:17,CS1,ARB_DETECT,,101.47/101.12,1,agg_bid=2L agg_ask=1L submitting=1L
11:37:28,2018-08-16 09:34:17,CS1,ARB_SUBMIT,BOTH,,1,buy_id=5ea2756b sell_id=a8a3e2b7
11:37:28,2018-08-16 09:34:17,CS1,FILLED,BID,101.08,,order no longer in waiting list
11:37:28,2018-08-16 09:34:17,CS1,FILLED,ASK,101.87,,order no longer in waiting list
11:37:28,2018-08-16 09:34:17,CS1,SPREAD_TIGHT,,,,spread=-0.3500 < 0.04 — waiting
11:37:28,2018-08-16 09:34:17,CS1,ARB_DETECT,,101.47/101.12,1,agg_bid=2L agg_ask=1L submitting=1L
11:37:28,2018-08-16 09:34:17,CS1,ARB_SUBMIT,BOTH,,1,buy_id=71624629 sell_id=8fa4711b
11:37:29,2018-08-16 09:34:19,CS2,ARB_DETECT,,201.86/201.39,49,agg_bid=592L agg_ask=249L submitting=49L
11:37:29,2018-08-16 09:34:19,CS2,ARB_SUBMIT,BOTH,,49,buy_id=e83e5e0a sell_id=11381554
11:37:29,2018-08-16 09:34:21,CS1,ARB_DETECT,,101.87/101.86,4,agg_bid=4L agg_ask=51L submitting=4L
11:37:29,2018-08-16 09:34:21,CS1,ARB_SUBMIT,BOTH,,4,buy_id=4cc160d6 sell_id=5d5432d8
11:37:29,2018-08-16 09:34:21,CS2,ARB_DETECT,,201.86/201.4,49,agg_bid=592L agg_ask=188L submitting=49L
11:37:29,2018-08-16 09:34:21,CS2,ARB_SUBMIT,BOTH,,49,buy_id=39970a77 sell_id=900e434b
11:37:30,2018-08-16 09:34:21,CS2,SPREAD_TIGHT,,,,spread=-0.4600 < 0.04 — waiting
11:37:30,2018-08-16 09:34:21,CS1,SPREAD_TIGHT,,,,spread=-0.0100 < 0.04 — waiting
11:37:30,2018-08-16 09:34:21,CS1,ARB_DETECT,,101.87/101.86,4,agg_bid=4L agg_ask=51L submitting=4L
11:37:30,2018-08-16 09:34:21,CS1,ARB_SUBMIT,BOTH,,4,buy_id=0e1cc3a1 sell_id=1fad7b72
11:37:30,2018-08-16 09:34:21,CS2,ARB_DETECT,,201.86/201.4,49,agg_bid=592L agg_ask=188L submitting=49L
11:37:30,2018-08-16 09:34:21,CS2,ARB_SUBMIT,BOTH,,49,buy_id=a00084ee sell_id=dac70859
11:37:31,2018-08-16 09:34:22,CS2,ARB_DETECT,,201.86/201.4,49,agg_bid=591L agg_ask=188L submitting=49L
11:37:31,2018-08-16 09:34:22,CS2,ARB_SUBMIT,BOTH,,49,buy_id=57a61f70 sell_id=79690df2
11:37:31,2018-08-16 09:34:23,CS1,ARB_FILLED,BUY,101.86,1,fully filled
11:37:31,2018-08-16 09:34:23,CS2,ARB_DETECT,,201.86/201.4,49,agg_bid=591L agg_ask=188L submitting=49L
11:37:31,2018-08-16 09:34:23,CS2,ARB_SUBMIT,BOTH,,49,buy_id=7ec5bb00 sell_id=17a5f4d7
11:37:32,2018-08-16 09:34:24,CS2,SPREAD_TIGHT,,,,spread=-0.4600 < 0.04 — waiting
11:37:32,2018-08-16 09:34:24,CS1,SPREAD_TIGHT,,,,spread=0.0100 < 0.04 — waiting
11:37:32,2018-08-16 09:34:24,CS2,ARB_DETECT,,201.86/201.4,49,agg_bid=591L agg_ask=127L submitting=49L
11:37:32,2018-08-16 09:34:24,CS2,ARB_SUBMIT,BOTH,,49,buy_id=ee8ef6a4 sell_id=0b7e4abe
11:37:33,2018-08-16 09:34:24,CS2,ARB_DETECT,,201.86/201.42,49,agg_bid=591L agg_ask=64L submitting=49L
11:37:33,2018-08-16 09:34:24,CS2,ARB_SUBMIT,BOTH,,49,buy_id=8def83cc sell_id=33819108
11:37:33,2018-08-16 09:34:25,CS2,ARB_DETECT,,201.85/201.43,23,agg_bid=544L agg_ask=23L submitting=23L
11:37:33,2018-08-16 09:34:25,CS2,ARB_SUBMIT,BOTH,,23,buy_id=2d595096 sell_id=f307857d
11:37:34,2018-08-16 09:34:26,CS2,ARB_DETECT,,201.85/201.43,23,agg_bid=480L agg_ask=23L submitting=23L
11:37:34,2018-08-16 09:34:26,CS2,ARB_SUBMIT,BOTH,,23,buy_id=31f5652c sell_id=d6fee885
11:37:34,2018-08-16 09:34:26,CS2,SPREAD_TIGHT,,,,spread=-0.4200 < 0.04 — waiting
11:37:34,2018-08-16 09:34:26,CS1,SPREAD_TIGHT,,,,spread=0.0200 < 0.04 — waiting
11:37:34,2018-08-16 09:34:26,CS2,ARB_DETECT,,201.85/201.43,23,agg_bid=480L agg_ask=23L submitting=23L
11:37:34,2018-08-16 09:34:26,CS2,ARB_SUBMIT,BOTH,,23,buy_id=5860a296 sell_id=37958e7c
11:37:35,2018-08-16 09:34:26,CS2,ARB_DETECT,,201.85/201.43,23,agg_bid=480L agg_ask=23L submitting=23L
11:37:35,2018-08-16 09:34:26,CS2,ARB_SUBMIT,BOTH,,23,buy_id=e26dad0f sell_id=45928874
11:37:36,2018-08-16 09:34:27,CS2,SPREAD_TIGHT,,,,spread=0.0300 < 0.04 — waiting
11:37:36,2018-08-16 09:34:28,CS1,SPREAD_TIGHT,,,,spread=0.0100 < 0.04 — waiting
11:37:38,2018-08-16 09:34:30,CS2,SPREAD_TIGHT,,,,spread=0.0200 < 0.04 — waiting
11:37:39,2018-08-16 09:34:30,CS1,SUBMIT,BUY,101.86,3,bid=101.86 spread=0.0400 pos=+1L inv_ratio=0.03 skew=0.0004
11:37:40,2018-08-16 09:34:30,CS1,SUBMIT,SELL,101.88,3,ask=101.88 spread=0.0400 pos=+1L inv_ratio=0.03 skew=0.0004
11:37:40,2018-08-16 09:34:30,CS1,STATUS,,,,bid=101.86(REST) ask=101.88(REST) spread=0.0400 pos=+1L inv_ratio=0.03 skew=0.0004 filter_n=40
11:37:40,2018-08-16 09:34:30,CS2,SPREAD_TIGHT,,,,spread=0.0100 < 0.04 — waiting
11:37:41,2018-08-16 09:34:32,CS1,ARB_DETECT,,102.03/101.9,98,agg_bid=383L agg_ask=222L submitting=98L
11:37:41,2018-08-16 09:34:32,CS1,ARB_SUBMIT,BOTH,,98,buy_id=2d81887c sell_id=b83ab8da
11:37:41,2018-08-16 09:34:32,CS1,FILLED,BID,101.86,,order no longer in waiting list
11:37:41,2018-08-16 09:34:32,CS1,FILLED,ASK,101.88,,order no longer in waiting list
11:37:41,2018-08-16 09:34:32,CS1,SPREAD_TIGHT,,,,spread=-0.1300 < 0.04 — waiting
11:37:41,2018-08-16 09:34:33,CS1,ARB_DETECT,,102.03/101.9,98,agg_bid=383L agg_ask=222L submitting=98L
11:37:41,2018-08-16 09:34:33,CS1,ARB_SUBMIT,BOTH,,98,buy_id=c94931fa sell_id=60345dd0
11:37:42,2018-08-16 09:34:33,CS1,ARB_DETECT,,102.06/101.79,98,agg_bid=308L agg_ask=201L submitting=98L
11:37:42,2018-08-16 09:34:33,CS1,ARB_SUBMIT,BOTH,,98,buy_id=c77bfb6c sell_id=dd7cce6c
11:37:42,2018-08-16 09:34:34,CS1,ARB_DETECT,,102.06/100.07,99,agg_bid=382L agg_ask=143L submitting=99L
11:37:42,2018-08-16 09:34:34,CS1,ARB_SUBMIT,BOTH,,99,buy_id=494d616e sell_id=1dbc1f6c
11:37:42,2018-08-16 09:34:34,CS2,SPREAD_TIGHT,,,,spread=0.0200 < 0.04 — waiting
11:37:43,2018-08-16 09:34:34,CS1,SPREAD_TIGHT,,,,spread=-1.9900 < 0.04 — waiting
11:37:43,2018-08-16 09:34:34,CS1,ARB_DETECT,,102.06/100.08,99,agg_bid=382L agg_ask=124L submitting=99L
11:37:43,2018-08-16 09:34:34,CS1,ARB_SUBMIT,BOTH,,99,buy_id=06bbe963 sell_id=00ae15be
11:37:44,2018-08-16 09:34:35,CS1,ARB_DETECT,,102.06/100.08,99,agg_bid=382L agg_ask=354L submitting=99L
11:37:44,2018-08-16 09:34:35,CS1,ARB_SUBMIT,BOTH,,99,buy_id=df0ebbd7 sell_id=69cb8c97
11:37:44,2018-08-16 09:34:35,CS1,ARB_DETECT,,102.06/100.08,99,agg_bid=382L agg_ask=354L submitting=99L
11:37:44,2018-08-16 09:34:35,CS1,ARB_SUBMIT,BOTH,,99,buy_id=9af413ef sell_id=6ba0ad3a
11:37:44,2018-08-16 09:34:36,CS2,SPREAD_TIGHT,,,,spread=0.0200 < 0.04 — waiting
11:37:45,2018-08-16 09:34:36,CS1,SPREAD_TIGHT,,,,spread=-1.9800 < 0.04 — waiting
11:37:45,2018-08-16 09:34:36,CS1,ARB_DETECT,,102.06/100.08,99,agg_bid=571L agg_ask=334L submitting=99L
11:37:45,2018-08-16 09:34:36,CS1,ARB_SUBMIT,BOTH,,99,buy_id=b7110bf1 sell_id=7e7ae54b
11:37:46,2018-08-16 09:34:37,CS1,ARB_DETECT,,102.06/100.08,99,agg_bid=571L agg_ask=334L submitting=99L
11:37:46,2018-08-16 09:34:37,CS1,ARB_SUBMIT,BOTH,,99,buy_id=cd1ba00b sell_id=adbca26c
11:37:46,2018-08-16 09:34:38,CS1,ARB_DETECT,,102.06/100.09,99,agg_bid=571L agg_ask=341L submitting=99L
11:37:46,2018-08-16 09:34:38,CS1,ARB_SUBMIT,BOTH,,99,buy_id=01c2cd44 sell_id=13397a92
11:37:47,2018-08-16 09:34:38,CS2,SPREAD_TIGHT,,,,spread=0.0100 < 0.04 — waiting
11:37:47,2018-08-16 09:34:39,CS1,ARB_DETECT,,102.06/100.09,99,agg_bid=571L agg_ask=340L submitting=99L
11:37:47,2018-08-16 09:34:39,CS1,ARB_SUBMIT,BOTH,,99,buy_id=e90a323a sell_id=c357bffb
11:37:47,2018-08-16 09:34:39,CS1,SPREAD_TIGHT,,,,spread=-1.9700 < 0.04 — waiting
11:37:47,2018-08-16 09:34:39,CS1,ARB_DETECT,,102.06/100.09,99,agg_bid=571L agg_ask=337L submitting=99L
11:37:47,2018-08-16 09:34:39,CS1,ARB_SUBMIT,BOTH,,99,buy_id=e43703cd sell_id=bbadcc9d
11:37:48,2018-08-16 09:34:40,CS1,ARB_DETECT,,102.06/100.09,99,agg_bid=571L agg_ask=337L submitting=99L
11:37:48,2018-08-16 09:34:40,CS1,ARB_SUBMIT,BOTH,,99,buy_id=65594fd7 sell_id=6844cfa0
11:37:49,2018-08-16 09:34:40,CS1,ARB_DETECT,,102.06/100.09,99,agg_bid=571L agg_ask=316L submitting=99L
11:37:49,2018-08-16 09:34:40,CS1,ARB_SUBMIT,BOTH,,99,buy_id=2c5a740b sell_id=0059fdfb
11:37:49,2018-08-16 09:34:40,CS2,SPREAD_TIGHT,,,,spread=0.0300 < 0.04 — waiting
11:37:49,2018-08-16 09:34:41,CS1,SPREAD_TIGHT,,,,spread=-1.9700 < 0.04 — waiting
11:37:49,2018-08-16 09:34:41,CS1,ARB_DETECT,,102.06/100.09,99,agg_bid=571L agg_ask=296L submitting=99L
11:37:49,2018-08-16 09:34:41,CS1,ARB_SUBMIT,BOTH,,99,buy_id=7a1e5e48 sell_id=87bbbd51
11:37:50,2018-08-16 09:34:42,CS1,ARB_DETECT,,102.07/100.09,99,agg_bid=673L agg_ask=296L submitting=99L
11:37:50,2018-08-16 09:34:42,CS1,ARB_SUBMIT,BOTH,,99,buy_id=b4d74ce1 sell_id=40fee02b
11:37:51,2018-08-16 09:34:43,CS1,ARB_DETECT,,102.07/100.1,99,agg_bid=672L agg_ask=240L submitting=99L
11:37:51,2018-08-16 09:34:43,CS1,ARB_SUBMIT,BOTH,,99,buy_id=1c27324a sell_id=c87df0e2
11:37:51,2018-08-16 09:34:43,CS2,SPREAD_TIGHT,,,,spread=0.0300 < 0.04 — waiting
11:37:51,2018-08-16 09:34:43,CS1,SPREAD_TIGHT,,,,spread=-1.9700 < 0.04 — waiting
11:37:51,2018-08-16 09:34:43,CS1,ARB_DETECT,,102.07/100.1,99,agg_bid=672L agg_ask=199L submitting=99L
11:37:51,2018-08-16 09:34:43,CS1,ARB_SUBMIT,BOTH,,99,buy_id=69c6655a sell_id=cd0b0d0c
11:37:52,2018-08-16 09:34:43,CS1,ARB_DETECT,,102.07/100.1,99,agg_bid=672L agg_ask=275L submitting=99L
11:37:52,2018-08-16 09:34:43,CS1,ARB_SUBMIT,BOTH,,99,buy_id=dce47ebe sell_id=18c21dd8
11:37:52,2018-08-16 09:34:45,CS1,ARB_DETECT,,102.07/100.1,99,agg_bid=672L agg_ask=255L submitting=99L
11:37:52,2018-08-16 09:34:45,CS1,ARB_SUBMIT,BOTH,,99,buy_id=7f314b1a sell_id=0c34b7f2
11:37:53,2018-08-16 09:34:45,CS2,SPREAD_TIGHT,,,,spread=0.0300 < 0.04 — waiting
11:37:53,2018-08-16 09:34:45,CS1,ARB_DETECT,,102.07/100.11,99,agg_bid=671L agg_ask=279L submitting=99L
11:37:53,2018-08-16 09:34:45,CS1,ARB_SUBMIT,BOTH,,99,buy_id=83005804 sell_id=c1ad719c
11:37:53,2018-08-16 09:34:45,CS1,SPREAD_TIGHT,,,,spread=-1.9600 < 0.04 — waiting
11:37:54,2018-08-16 09:34:46,CS1,ARB_DETECT,,102.07/100.11,99,agg_bid=671L agg_ask=279L submitting=99L
11:37:54,2018-08-16 09:34:46,CS1,ARB_SUBMIT,BOTH,,99,buy_id=d20d301d sell_id=f01634b2
11:37:54,2018-08-16 09:34:46,CS1,ARB_DETECT,,102.07/100.11,99,agg_bid=671L agg_ask=279L submitting=99L
11:37:54,2018-08-16 09:34:46,CS1,ARB_SUBMIT,BOTH,,99,buy_id=0e11e22f sell_id=92f0de72
11:37:55,2018-08-16 09:34:46,CS1,ARB_DETECT,,102.07/100.11,99,agg_bid=671L agg_ask=235L submitting=99L
11:37:55,2018-08-16 09:34:46,CS1,ARB_SUBMIT,BOTH,,99,buy_id=9b94a8f3 sell_id=ef40a7bb
11:37:55,2018-08-16 09:34:46,CS2,SPREAD_TIGHT,,,,spread=0.0300 < 0.04 — waiting
11:37:55,2018-08-16 09:34:46,CS1,SPREAD_TIGHT,,,,spread=-1.9600 < 0.04 — waiting
11:37:55,2018-08-16 09:34:46,CS1,ARB_DETECT,,102.07/100.11,99,agg_bid=671L agg_ask=235L submitting=99L
11:37:55,2018-08-16 09:34:46,CS1,ARB_SUBMIT,BOTH,,99,buy_id=1100c73b sell_id=cbb293e1
11:37:56,2018-08-16 09:34:47,CS1,ARB_DETECT,,102.07/100.11,99,agg_bid=671L agg_ask=235L submitting=99L
11:37:56,2018-08-16 09:34:47,CS1,ARB_SUBMIT,BOTH,,99,buy_id=0ec9a039 sell_id=e7dc5e79
11:37:57,2018-08-16 09:34:47,CS1,ARB_DETECT,,102.07/100.11,99,agg_bid=671L agg_ask=235L submitting=99L
11:37:57,2018-08-16 09:34:47,CS1,ARB_SUBMIT,BOTH,,99,buy_id=a888232b sell_id=9acacec0
11:37:57,2018-08-16 09:34:48,CS2,SPREAD_TIGHT,,,,spread=0.0300 < 0.04 — waiting
11:37:57,2018-08-16 09:34:48,CS1,ARB_DETECT,,102.07/100.0,100,agg_bid=671L agg_ask=204L submitting=100L
11:37:57,2018-08-16 09:34:48,CS1,ARB_SUBMIT,BOTH,,100,buy_id=b96564e3 sell_id=411cfb17
11:37:57,2018-08-16 09:34:48,CS1,SPREAD_TIGHT,,,,spread=-2.0700 < 0.04 — waiting
11:37:58,2018-08-16 09:34:48,CS1,ARB_DETECT,,102.07/100.11,99,agg_bid=671L agg_ask=228L submitting=99L
11:37:58,2018-08-16 09:34:48,CS1,ARB_SUBMIT,BOTH,,99,buy_id=8b5ab92c sell_id=f1c5dd1f
11:37:59,2018-08-16 09:34:49,CS1,ARB_DETECT,,102.07/100.11,99,agg_bid=671L agg_ask=226L submitting=99L
11:37:59,2018-08-16 09:34:49,CS1,ARB_SUBMIT,BOTH,,99,buy_id=5e13cd67 sell_id=24131778
11:37:59,2018-08-16 09:34:51,CS1,ARB_DETECT,,102.07/100.13,99,agg_bid=670L agg_ask=256L submitting=99L
11:37:59,2018-08-16 09:34:51,CS1,ARB_SUBMIT,BOTH,,99,buy_id=ccfff52c sell_id=e9d1646e
11:37:59,2018-08-16 09:34:51,CS2,SPREAD_TIGHT,,,,spread=0.0300 < 0.04 — waiting
11:37:59,2018-08-16 09:34:51,CS1,SPREAD_TIGHT,,,,spread=-0.9500 < 0.04 — waiting
11:38:00,2018-08-16 09:34:52,CS1,ARB_DETECT,,102.07/101.12,98,agg_bid=670L agg_ask=209L submitting=98L
11:38:00,2018-08-16 09:34:52,CS1,ARB_SUBMIT,BOTH,,98,buy_id=87614432 sell_id=6c2cfe00
11:38:00,2018-08-16 09:34:52,CS1,ARB_DETECT,,102.07/101.13,98,agg_bid=670L agg_ask=192L submitting=98L
11:38:00,2018-08-16 09:34:52,CS1,ARB_SUBMIT,BOTH,,98,buy_id=a7ba3f3f sell_id=44f390d1
11:38:01,2018-08-16 09:34:53,CS1,ARB_DETECT,,102.07/100.0,100,agg_bid=670L agg_ask=163L submitting=100L
11:38:01,2018-08-16 09:34:53,CS1,ARB_SUBMIT,BOTH,,100,buy_id=a7781df0 sell_id=dcedf3a8
11:38:01,2018-08-16 09:34:53,CS2,SPREAD_TIGHT,,,,spread=0.0200 < 0.04 — waiting
11:38:01,2018-08-16 09:34:54,CS1,SPREAD_TIGHT,,,,spread=-0.9400 < 0.04 — waiting
11:38:02,2018-08-16 09:34:54,CS1,ARB_DETECT,,102.07/101.13,98,agg_bid=670L agg_ask=180L submitting=98L
11:38:02,2018-08-16 09:34:54,CS1,ARB_SUBMIT,BOTH,,98,buy_id=498ad3b0 sell_id=cc85423f
11:38:02,2018-08-16 09:34:54,CS1,ARB_DETECT,,102.07/101.14,83,agg_bid=669L agg_ask=83L submitting=83L
11:38:02,2018-08-16 09:34:54,CS1,ARB_SUBMIT,BOTH,,83,buy_id=94614539 sell_id=ef32aabd
11:38:03,2018-08-16 09:34:54,CS1,ARB_DETECT,,102.07/100.91,36,agg_bid=669L agg_ask=36L submitting=36L
11:38:03,2018-08-16 09:34:54,CS1,ARB_SUBMIT,BOTH,,36,buy_id=ffe1ea2b sell_id=b26cdc0a
11:38:03,2018-08-16 09:34:55,CS2,SPREAD_TIGHT,,,,spread=0.0300 < 0.04 — waiting
11:38:04,2018-08-16 09:34:55,CS1,ARB_DETECT,,102.07/100.21,26,agg_bid=669L agg_ask=26L submitting=26L
11:38:04,2018-08-16 09:34:55,CS1,ARB_SUBMIT,BOTH,,26,buy_id=48c0cc1b sell_id=88b8eb99
11:38:04,2018-08-16 09:34:55,CS1,SPREAD_TIGHT,,,,spread=-1.8600 < 0.04 — waiting
11:38:04,2018-08-16 09:34:55,CS1,ARB_DETECT,,102.07/100.23,24,agg_bid=669L agg_ask=24L submitting=24L
11:38:04,2018-08-16 09:34:55,CS1,ARB_SUBMIT,BOTH,,24,buy_id=d123d7b1 sell_id=fe70bf75
11:38:05,2018-08-16 09:34:56,CS1,ARB_DETECT,,102.07/100.92,38,agg_bid=669L agg_ask=38L submitting=38L
11:38:05,2018-08-16 09:34:56,CS1,ARB_SUBMIT,BOTH,,38,buy_id=1a024a75 sell_id=f1f9cd64
11:38:05,2018-08-16 09:34:57,CS1,ARB_DETECT,,102.07/100.92,38,agg_bid=669L agg_ask=38L submitting=38L
11:38:05,2018-08-16 09:34:57,CS1,ARB_SUBMIT,BOTH,,38,buy_id=cd68bb7f sell_id=bd753e34
11:38:05,2018-08-16 09:34:57,CS2,SPREAD_TIGHT,,,,spread=0.0300 < 0.04 — waiting
11:38:06,2018-08-16 09:34:57,CS1,SPREAD_TIGHT,,,,spread=-1.1500 < 0.04 — waiting
11:38:06,2018-08-16 09:34:57,CS1,ARB_DETECT,,102.07/100.92,36,agg_bid=668L agg_ask=36L submitting=36L
11:38:06,2018-08-16 09:34:57,CS1,ARB_SUBMIT,BOTH,,36,buy_id=696f18cb sell_id=734c850f
11:38:07,2018-08-16 09:34:57,CS1,ARB_DETECT,,102.07/100.95,99,agg_bid=668L agg_ask=211L submitting=99L
11:38:07,2018-08-16 09:34:57,CS1,ARB_SUBMIT,BOTH,,99,buy_id=af4ae538 sell_id=56d1b846
11:38:07,2018-08-16 09:34:57,CS1,ARB_DETECT,,102.07/101.04,98,agg_bid=668L agg_ask=245L submitting=98L
11:38:07,2018-08-16 09:34:57,CS1,ARB_SUBMIT,BOTH,,98,buy_id=71353855 sell_id=ae58b54b
11:38:08,2018-08-16 09:34:57,CS2,SPREAD_TIGHT,,,,spread=0.0300 < 0.04 — waiting
11:38:08,2018-08-16 09:34:57,CS1,SPREAD_TIGHT,,,,spread=-1.0300 < 0.04 — waiting
11:38:08,2018-08-16 09:34:57,CS1,ARB_DETECT,,102.07/101.04,98,agg_bid=668L agg_ask=245L submitting=98L
11:38:08,2018-08-16 09:34:57,CS1,ARB_SUBMIT,BOTH,,98,buy_id=014d9c70 sell_id=ca6043d7
11:38:09,2018-08-16 09:34:58,CS1,ARB_DETECT,,102.07/101.04,98,agg_bid=668L agg_ask=227L submitting=98L
11:38:09,2018-08-16 09:34:58,CS1,ARB_SUBMIT,BOTH,,98,buy_id=1083c64f sell_id=1ada4e3f
11:38:09,2018-08-16 09:35:00,CS1,ARB_DETECT,,102.07/101.04,98,agg_bid=668L agg_ask=226L submitting=98L
11:38:09,2018-08-16 09:35:00,CS1,ARB_SUBMIT,BOTH,,98,buy_id=bf378982 sell_id=bfcd706b
11:38:10,2018-08-16 09:35:00,CS2,SPREAD_TIGHT,,,,spread=0.0400 < 0.04 — waiting
11:38:10,2018-08-16 09:35:01,CS1,ARB_DETECT,,102.06/101.04,98,agg_bid=825L agg_ask=225L submitting=98L
11:38:10,2018-08-16 09:35:01,CS1,ARB_SUBMIT,BOTH,,98,buy_id=577b7647 sell_id=1a6d49fc
11:38:10,2018-08-16 09:35:01,CS1,SPREAD_TIGHT,,,,spread=-1.0200 < 0.04 — waiting
11:38:10,2018-08-16 09:35:01,CS1,ARB_DETECT,,102.06/101.04,98,agg_bid=824L agg_ask=205L submitting=98L
11:38:10,2018-08-16 09:35:01,CS1,ARB_SUBMIT,BOTH,,98,buy_id=925e3a71 sell_id=e5259188
11:38:11,2018-08-16 09:35:01,CS1,ARB_DETECT,,102.06/101.04,98,agg_bid=824L agg_ask=205L submitting=98L
11:38:11,2018-08-16 09:35:01,CS1,ARB_SUBMIT,BOTH,,98,buy_id=16a255c8 sell_id=77197655
11:38:12,2018-08-16 09:35:01,CS1,ARB_DETECT,,102.06/101.04,98,agg_bid=824L agg_ask=205L submitting=98L
11:38:12,2018-08-16 09:35:01,CS1,ARB_SUBMIT,BOTH,,98,buy_id=7cc20500 sell_id=763f3e0e
11:38:12,2018-08-16 09:35:01,CS2,SPREAD_TIGHT,,,,spread=0.0400 < 0.04 — waiting
11:38:12,2018-08-16 09:35:01,CS1,SPREAD_TIGHT,,,,spread=-1.0200 < 0.04 — waiting
11:38:12,2018-08-16 09:35:02,CS1,ARB_DETECT,,102.06/101.05,98,agg_bid=824L agg_ask=183L submitting=98L
11:38:12,2018-08-16 09:35:02,CS1,ARB_SUBMIT,BOTH,,98,buy_id=b0bf9c8e sell_id=9a7f5e75
11:38:13,2018-08-16 09:35:04,CS1,ARB_DETECT,,102.06/101.05,98,agg_bid=824L agg_ask=178L submitting=98L
11:38:13,2018-08-16 09:35:04,CS1,ARB_SUBMIT,BOTH,,98,buy_id=3726538a sell_id=1062a363
11:38:14,2018-08-16 09:35:06,CS1,ARB_DETECT,,102.06/101.05,98,agg_bid=824L agg_ask=178L submitting=98L
11:38:14,2018-08-16 09:35:06,CS1,ARB_SUBMIT,BOTH,,98,buy_id=0548b3f8 sell_id=d8a80d9d
11:38:14,2018-08-16 09:35:06,CS2,SPREAD_TIGHT,,,,spread=0.0200 < 0.04 — waiting
11:38:14,2018-08-16 09:35:06,CS1,SPREAD_TIGHT,,,,spread=-1.0100 < 0.04 — waiting
11:38:14,2018-08-16 09:35:06,CS1,ARB_DETECT,,102.06/101.05,98,agg_bid=824L agg_ask=155L submitting=98L
11:38:14,2018-08-16 09:35:06,CS1,ARB_SUBMIT,BOTH,,98,buy_id=dc5acfae sell_id=dd834523
11:38:15,2018-08-16 09:35:07,CS1,ARB_DETECT,,102.06/100.38,99,agg_bid=823L agg_ask=274L submitting=99L
11:38:15,2018-08-16 09:35:07,CS1,ARB_SUBMIT,BOTH,,99,buy_id=17969308 sell_id=bc7df60c
11:38:15,2018-08-16 09:35:07,CS1,ARB_DETECT,,102.06/100.38,99,agg_bid=823L agg_ask=269L submitting=99L
11:38:15,2018-08-16 09:35:07,CS1,ARB_SUBMIT,BOTH,,99,buy_id=dec358fd sell_id=100a33af
11:38:16,2018-08-16 09:35:07,CS2,SPREAD_TIGHT,,,,spread=0.0200 < 0.04 — waiting
11:38:16,2018-08-16 09:35:07,CS1,ARB_DETECT,,102.06/100.38,99,agg_bid=823L agg_ask=269L submitting=99L
11:38:16,2018-08-16 09:35:07,CS1,ARB_SUBMIT,BOTH,,99,buy_id=59d04877 sell_id=d5abd6ce
11:38:16,2018-08-16 09:35:07,CS1,SPREAD_TIGHT,,,,spread=-1.6800 < 0.04 — waiting
11:38:17,2018-08-16 09:35:09,CS1,ARB_DETECT,,102.06/100.38,99,agg_bid=803L agg_ask=269L submitting=99L
11:38:17,2018-08-16 09:35:09,CS1,ARB_SUBMIT,BOTH,,99,buy_id=a44e7927 sell_id=51acdcb3
11:38:17,2018-08-16 09:35:09,CS1,ARB_DETECT,,102.06/100.38,99,agg_bid=802L agg_ask=248L submitting=99L
11:38:17,2018-08-16 09:35:09,CS1,ARB_SUBMIT,BOTH,,99,buy_id=c98fa5a1 sell_id=1e7ecc68
11:38:18,2018-08-16 09:35:10,CS1,ARB_DETECT,,102.06/100.38,99,agg_bid=802L agg_ask=246L submitting=99L
11:38:18,2018-08-16 09:35:10,CS1,ARB_SUBMIT,BOTH,,99,buy_id=975ef154 sell_id=1507a462
11:38:18,2018-08-16 09:35:10,CS2,SPREAD_TIGHT,,,,spread=0.0100 < 0.04 — waiting
11:38:18,2018-08-16 09:35:10,CS1,SPREAD_TIGHT,,,,spread=-1.6800 < 0.04 — waiting
11:38:19,2018-08-16 09:35:10,CS1,ARB_DETECT,,102.06/100.38,99,agg_bid=802L agg_ask=227L submitting=99L
11:38:19,2018-08-16 09:35:10,CS1,ARB_SUBMIT,BOTH,,99,buy_id=92235724 sell_id=8583b90b
11:38:19,2018-08-16 09:35:11,CS1,ARB_DETECT,,102.06/100.38,99,agg_bid=802L agg_ask=370L submitting=99L
11:38:19,2018-08-16 09:35:11,CS1,ARB_SUBMIT,BOTH,,99,buy_id=b9f29fbf sell_id=4cd3aa0f
11:38:20,2018-08-16 09:35:11,CS1,ARB_DETECT,,102.06/100.38,99,agg_bid=802L agg_ask=370L submitting=99L
11:38:20,2018-08-16 09:35:11,CS1,ARB_SUBMIT,BOTH,,99,buy_id=31085047 sell_id=6048415c
11:38:20,2018-08-16 09:35:12,CS2,SPREAD_TIGHT,,,,spread=0.0100 < 0.04 — waiting
11:38:20,2018-08-16 09:35:12,CS1,SPREAD_TIGHT,,,,spread=-1.6800 < 0.04 — waiting
11:38:21,2018-08-16 09:35:12,CS1,ARB_DETECT,,102.06/100.38,99,agg_bid=802L agg_ask=369L submitting=99L
11:38:21,2018-08-16 09:35:12,CS1,ARB_SUBMIT,BOTH,,99,buy_id=5184329d sell_id=3e08d384
11:38:21,2018-08-16 09:35:13,CS1,ARB_DETECT,,102.06/100.38,99,agg_bid=801L agg_ask=369L submitting=99L
11:38:21,2018-08-16 09:35:13,CS1,ARB_SUBMIT,BOTH,,99,buy_id=c658f812 sell_id=92b6f37b
11:38:22,2018-08-16 09:35:14,CS1,ARB_DETECT,,102.06/100.39,99,agg_bid=801L agg_ask=378L submitting=99L
11:38:22,2018-08-16 09:35:14,CS1,ARB_SUBMIT,BOTH,,99,buy_id=0255e383 sell_id=5a11cb1e
11:38:22,2018-08-16 09:35:14,CS2,SPREAD_TIGHT,,,,spread=0.0400 < 0.04 — waiting
11:38:22,2018-08-16 09:35:14,CS1,ARB_DETECT,,102.06/100.39,99,agg_bid=801L agg_ask=337L submitting=99L
11:38:22,2018-08-16 09:35:14,CS1,ARB_SUBMIT,BOTH,,99,buy_id=3d14893c sell_id=22b18fdc
11:38:22,2018-08-16 09:35:14,CS1,SPREAD_TIGHT,,,,spread=-1.6700 < 0.04 — waiting
11:38:23,2018-08-16 09:35:15,CS1,ARB_DETECT,,102.06/100.39,99,agg_bid=801L agg_ask=337L submitting=99L
11:38:23,2018-08-16 09:35:15,CS1,ARB_SUBMIT,BOTH,,99,buy_id=6ca8bf35 sell_id=552d3600
11:38:24,2018-08-16 09:35:15,CS1,ARB_DETECT,,102.06/100.39,99,agg_bid=801L agg_ask=337L submitting=99L
11:38:24,2018-08-16 09:35:15,CS1,ARB_SUBMIT,BOTH,,99,buy_id=186342f3 sell_id=90957451
11:38:24,2018-08-16 09:35:15,CS1,ARB_DETECT,,102.06/100.39,99,agg_bid=996L agg_ask=337L submitting=99L
11:38:24,2018-08-16 09:35:15,CS1,ARB_SUBMIT,BOTH,,99,buy_id=72ab3a65 sell_id=3f15f402
11:38:24,2018-08-16 09:35:15,CS2,SPREAD_TIGHT,,,,spread=0.0400 < 0.04 — waiting
11:38:25,2018-08-16 09:35:16,CS1,SPREAD_TIGHT,,,,spread=-1.6700 < 0.04 — waiting
11:38:25,2018-08-16 09:35:16,CS1,ARB_DETECT,,102.06/100.39,99,agg_bid=976L agg_ask=337L submitting=99L
11:38:25,2018-08-16 09:35:16,CS1,ARB_SUBMIT,BOTH,,99,buy_id=8a229130 sell_id=706b3de5
11:38:25,2018-08-16 09:35:16,CS1,ARB_DETECT,,102.06/100.39,99,agg_bid=976L agg_ask=337L submitting=99L
11:38:25,2018-08-16 09:35:16,CS1,ARB_SUBMIT,BOTH,,99,buy_id=07cace52 sell_id=1a2e1447
11:38:26,2018-08-16 09:35:17,CS1,ARB_DETECT,,102.06/100.4,99,agg_bid=976L agg_ask=337L submitting=99L
11:38:26,2018-08-16 09:35:17,CS1,ARB_SUBMIT,BOTH,,99,buy_id=4353a9ed sell_id=625d10e9
11:38:26,2018-08-16 09:35:17,CS2,SPREAD_TIGHT,,,,spread=0.0200 < 0.04 — waiting
11:38:27,2018-08-16 09:35:18,CS1,ARB_DETECT,,102.06/100.41,99,agg_bid=975L agg_ask=341L submitting=99L
11:38:27,2018-08-16 09:35:18,CS1,ARB_SUBMIT,BOTH,,99,buy_id=79f1a2be sell_id=e24f37aa
11:38:27,2018-08-16 09:35:18,CS1,SPREAD_TIGHT,,,,spread=-1.6500 < 0.04 — waiting
11:38:27,2018-08-16 09:35:19,CS1,ARB_DETECT,,102.06/100.41,99,agg_bid=975L agg_ask=337L submitting=99L
11:38:27,2018-08-16 09:35:19,CS1,ARB_SUBMIT,BOTH,,99,buy_id=02e910e8 sell_id=fdfdc30b
11:38:28,2018-08-16 09:35:20,CS1,ARB_DETECT,,102.06/100.41,99,agg_bid=975L agg_ask=336L submitting=99L
11:38:28,2018-08-16 09:35:20,CS1,ARB_SUBMIT,BOTH,,99,buy_id=b5f2038a sell_id=ddec0bee
11:38:29,2018-08-16 09:35:21,CS1,ARB_DETECT,,102.06/100.07,20,agg_bid=975L agg_ask=20L submitting=20L
11:38:29,2018-08-16 09:35:21,CS1,ARB_SUBMIT,BOTH,,20,buy_id=7345c4f5 sell_id=b7579325
11:38:29,2018-08-16 09:35:21,CS2,SPREAD_TIGHT,,,,spread=0.0100 < 0.04 — waiting
11:38:29,2018-08-16 09:35:21,CS1,SPREAD_TIGHT,,,,spread=-1.9900 < 0.04 — waiting
11:38:29,2018-08-16 09:35:21,CS1,ARB_DETECT,,102.06/100.07,20,agg_bid=975L agg_ask=20L submitting=20L
11:38:29,2018-08-16 09:35:21,CS1,ARB_SUBMIT,BOTH,,20,buy_id=9282d044 sell_id=9db6ff18
11:38:30,2018-08-16 09:35:22,CS1,ARB_DETECT,,102.06/100.41,99,agg_bid=975L agg_ask=313L submitting=99L
11:38:30,2018-08-16 09:35:22,CS1,ARB_SUBMIT,BOTH,,99,buy_id=caec7190 sell_id=4fbf724a
11:38:30,2018-08-16 09:35:23,CS1,ARB_DETECT,,102.06/100.41,99,agg_bid=955L agg_ask=253L submitting=99L
11:38:30,2018-08-16 09:35:23,CS1,ARB_SUBMIT,BOTH,,99,buy_id=701ca35c sell_id=b23e993e
11:38:31,2018-08-16 09:35:23,CS2,SPREAD_TIGHT,,,,spread=0.0100 < 0.04 — waiting
11:38:31,2018-08-16 09:35:23,CS1,SPREAD_TIGHT,,,,spread=-1.6500 < 0.04 — waiting
11:38:31,2018-08-16 09:35:23,CS1,ARB_DETECT,,102.06/100.41,99,agg_bid=955L agg_ask=253L submitting=99L
11:38:31,2018-08-16 09:35:23,CS1,ARB_SUBMIT,BOTH,,99,buy_id=24f950ad sell_id=0edd3571
11:38:32,2018-08-16 09:35:24,CS1,ARB_DETECT,,102.28/100.41,99,agg_bid=269L agg_ask=233L submitting=99L
11:38:32,2018-08-16 09:35:24,CS1,ARB_SUBMIT,BOTH,,99,buy_id=1af4c9e2 sell_id=316abf95
11:38:32,2018-08-16 09:35:24,CS1,ARB_DETECT,,102.29/100.41,99,agg_bid=240L agg_ask=233L submitting=99L
11:38:32,2018-08-16 09:35:24,CS1,ARB_SUBMIT,BOTH,,99,buy_id=fe018ad1 sell_id=a9bf21a2
11:38:33,2018-08-16 09:35:25,CS2,SPREAD_TIGHT,,,,spread=0.0100 < 0.04 — waiting
11:38:33,2018-08-16 09:35:25,CS1,ARB_DETECT,,102.3/100.42,99,agg_bid=211L agg_ask=237L submitting=99L
11:38:33,2018-08-16 09:35:25,CS1,ARB_SUBMIT,BOTH,,99,buy_id=c6b46fa3 sell_id=2ec3dcac
11:38:33,2018-08-16 09:35:25,CS1,SPREAD_TIGHT,,,,spread=-1.8800 < 0.04 — waiting
11:38:34,2018-08-16 09:35:26,CS1,ARB_DETECT,,102.3/100.36,20,agg_bid=211L agg_ask=20L submitting=20L
11:38:34,2018-08-16 09:35:26,CS1,ARB_SUBMIT,BOTH,,20,buy_id=bc93fd15 sell_id=0952bebb
11:38:34,2018-08-16 09:35:26,CS1,ARB_DETECT,,102.28/100.36,18,agg_bid=265L agg_ask=18L submitting=18L
11:38:34,2018-08-16 09:35:26,CS1,ARB_SUBMIT,BOTH,,18,buy_id=77608f96 sell_id=9c17d4e8
11:38:35,2018-08-16 09:35:27,CS1,ARB_DETECT,,102.28/100.42,99,agg_bid=265L agg_ask=231L submitting=99L
11:38:35,2018-08-16 09:35:27,CS1,ARB_SUBMIT,BOTH,,99,buy_id=af06e522 sell_id=775d1368
11:38:35,2018-08-16 09:35:27,CS2,SPREAD_TIGHT,,,,spread=0.0000 < 0.04 — waiting
11:38:35,2018-08-16 09:35:27,CS1,SPREAD_TIGHT,,,,spread=-1.8600 < 0.04 — waiting
11:38:35,2018-08-16 09:35:28,CS1,ARB_DETECT,,102.28/100.42,99,agg_bid=265L agg_ask=189L submitting=99L
11:38:35,2018-08-16 09:35:28,CS1,ARB_SUBMIT,BOTH,,99,buy_id=24d3adbd sell_id=e8f7e667
11:38:36,2018-08-16 09:35:28,CS1,ARB_DETECT,,102.32/100.42,99,agg_bid=341L agg_ask=169L submitting=99L
11:38:36,2018-08-16 09:35:28,CS1,ARB_SUBMIT,BOTH,,99,buy_id=1a5897b9 sell_id=4b9db72d
11:38:37,2018-08-16 09:35:29,CS1,ARB_DETECT,,102.32/100.42,99,agg_bid=341L agg_ask=169L submitting=99L
11:38:37,2018-08-16 09:35:29,CS1,ARB_SUBMIT,BOTH,,99,buy_id=79ac5741 sell_id=4a6c28e9
11:38:37,2018-08-16 09:35:29,CS2,SPREAD_TIGHT,,,,spread=0.0200 < 0.04 — waiting
11:38:37,2018-08-16 09:35:29,CS1,SPREAD_TIGHT,,,,spread=-1.8900 < 0.04 — waiting
11:38:37,2018-08-16 09:35:29,CS1,ARB_DETECT,,102.32/100.43,99,agg_bid=341L agg_ask=200L submitting=99L
11:38:37,2018-08-16 09:35:29,CS1,ARB_SUBMIT,BOTH,,99,buy_id=675d7dee sell_id=8bb02982
11:38:38,2018-08-16 09:35:30,CS1,ARB_DETECT,,102.32/100.43,99,agg_bid=341L agg_ask=157L submitting=99L
11:38:38,2018-08-16 09:35:30,CS1,ARB_SUBMIT,BOTH,,99,buy_id=f2a9834d sell_id=66f14056
11:38:39,2018-08-16 09:35:31,CS1,ARB_DETECT,,102.32/100.43,99,agg_bid=341L agg_ask=157L submitting=99L
11:38:39,2018-08-16 09:35:31,CS1,ARB_SUBMIT,BOTH,,99,buy_id=34f3fe21 sell_id=5f1f1457
11:38:39,2018-08-16 09:35:31,CS2,SPREAD_TIGHT,,,,spread=0.0200 < 0.04 — waiting
11:38:39,2018-08-16 09:35:31,CS1,ARB_DETECT,,102.32/100.44,99,agg_bid=341L agg_ask=178L submitting=99L
11:38:39,2018-08-16 09:35:31,CS1,ARB_SUBMIT,BOTH,,99,buy_id=e73c9bdc sell_id=150953d4
11:38:39,2018-08-16 09:35:31,CS1,SPREAD_TIGHT,,,,spread=-1.8800 < 0.04 — waiting
11:38:40,2018-08-16 09:35:31,CS1,ARB_DETECT,,102.32/100.44,99,agg_bid=341L agg_ask=178L submitting=99L
11:38:40,2018-08-16 09:35:31,CS1,ARB_SUBMIT,BOTH,,99,buy_id=ebc9c82f sell_id=29cce2be
11:38:40,2018-08-16 09:35:32,CS1,ARB_DETECT,,102.32/100.45,99,agg_bid=341L agg_ask=170L submitting=99L
11:38:40,2018-08-16 09:35:32,CS1,ARB_SUBMIT,BOTH,,99,buy_id=0cff8c3a sell_id=a2bdb263
11:38:41,2018-08-16 09:35:32,CS1,ARB_DETECT,,102.32/101.05,98,agg_bid=341L agg_ask=150L submitting=98L
11:38:41,2018-08-16 09:35:32,CS1,ARB_SUBMIT,BOTH,,98,buy_id=699dcad1 sell_id=a62063ea
11:38:41,2018-08-16 09:35:32,CS2,SPREAD_TIGHT,,,,spread=0.0100 < 0.04 — waiting
11:38:41,2018-08-16 09:35:32,CS1,SPREAD_TIGHT,,,,spread=-1.2700 < 0.04 — waiting
11:38:42,2018-08-16 09:35:33,CS1,ARB_DETECT,,102.32/101.05,98,agg_bid=341L agg_ask=130L submitting=98L
11:38:42,2018-08-16 09:35:33,CS1,ARB_SUBMIT,BOTH,,98,buy_id=fd311a08 sell_id=494df2d5
11:38:42,2018-08-16 09:35:33,CS1,ARB_DETECT,,102.32/101.05,98,agg_bid=341L agg_ask=130L submitting=98L
11:38:42,2018-08-16 09:35:33,CS1,ARB_SUBMIT,BOTH,,98,buy_id=c5e79a54 sell_id=488209fd
11:38:43,2018-08-16 09:35:34,CS1,ARB_DETECT,,102.32/101.06,98,agg_bid=341L agg_ask=154L submitting=98L
11:38:43,2018-08-16 09:35:34,CS1,ARB_SUBMIT,BOTH,,98,buy_id=0b27c92a sell_id=6478ca3f
11:38:43,2018-08-16 09:35:34,CS2,SPREAD_TIGHT,,,,spread=0.0200 < 0.04 — waiting
11:38:43,2018-08-16 09:35:34,CS1,SPREAD_TIGHT,,,,spread=-1.2600 < 0.04 — waiting
11:38:44,2018-08-16 09:35:35,CS1,ARB_DETECT,,102.32/101.06,98,agg_bid=341L agg_ask=154L submitting=98L
