wall_time,sim_time,symbol,event,side,price,lots,detail
21:08:55,2018-08-16 09:30:38,CS1,SPREAD_TIGHT,,,,spread=0.0200 < 0.04 — waiting
21:08:55,2018-08-16 09:30:38,CS2,SPREAD_TIGHT,,,,spread=0.0400 < 0.04 — waiting
21:08:57,2018-08-16 09:30:40,CS1,SPREAD_TIGHT,,,,spread=0.0300 < 0.04 — waiting
21:08:58,2018-08-16 09:30:40,CS2,SUBMIT,BUY,204.54,3,bid=204.54 spread=0.3100 pos=+0L inv_ratio=0.00 skew=0.0000
21:08:59,2018-08-16 09:30:40,CS2,SUBMIT,SELL,204.83,3,ask=204.83 spread=0.3100 pos=+0L inv_ratio=0.00 skew=0.0000
21:08:59,2018-08-16 09:30:40,CS2,STATUS,,,,bid=204.54(REST) ask=204.83(REST) spread=0.3100 pos=+0L inv_ratio=0.00 skew=0.0000
21:08:59,2018-08-16 09:30:42,CS1,ARB_DETECT,,100.72/100.03,99,agg_bid=269L agg_ask=240L submitting=99L
21:08:59,2018-08-16 09:30:42,CS1,ARB_SUBMIT,BOTH,,99,buy_id=c77c38e4 sell_id=ae99bec1
21:08:59,2018-08-16 09:30:42,CS1,SPREAD_TIGHT,,,,spread=-0.6900 < 0.04 — waiting
21:08:59,2018-08-16 09:30:42,CS2,FILLED,BID,204.54,,order no longer in waiting list
21:08:59,2018-08-16 09:30:42,CS2,FILLED,ASK,204.83,,order no longer in waiting list
21:08:59,2018-08-16 09:30:42,CS2,SPREAD_TIGHT,,,,spread=0.0200 < 0.04 — waiting
21:08:59,2018-08-16 09:30:43,CS1,ARB_DETECT,,100.72/100.03,99,agg_bid=269L agg_ask=240L submitting=99L
21:08:59,2018-08-16 09:30:43,CS1,ARB_SUBMIT,BOTH,,99,buy_id=31d3f6b1 sell_id=08a5aa93
21:09:00,2018-08-16 09:30:44,CS1,ARB_DETECT,,100.72/100.04,99,agg_bid=269L agg_ask=160L submitting=99L
21:09:00,2018-08-16 09:30:44,CS1,ARB_SUBMIT,BOTH,,99,buy_id=04eb573c sell_id=6597e792
21:09:01,2018-08-16 09:30:44,CS1,ARB_DETECT,,100.72/100.04,99,agg_bid=269L agg_ask=135L submitting=99L
21:09:01,2018-08-16 09:30:44,CS1,ARB_SUBMIT,BOTH,,99,buy_id=4f333387 sell_id=8b05df78
21:09:01,2018-08-16 09:30:44,CS1,SPREAD_TIGHT,,,,spread=-0.6800 < 0.04 — waiting
21:09:02,2018-08-16 09:30:44,CS2,SUBMIT,BUY,201.71,3,bid=201.71 spread=0.0600 pos=+0L inv_ratio=0.00 skew=0.0000
21:09:03,2018-08-16 09:30:44,CS2,SUBMIT,SELL,201.75,3,ask=201.75 spread=0.0600 pos=+0L inv_ratio=0.00 skew=0.0000
21:09:03,2018-08-16 09:30:44,CS2,STATUS,,,,bid=201.71(REST) ask=201.75(REST) spread=0.0600 pos=+0L inv_ratio=0.00 skew=0.0000
21:09:03,2018-08-16 09:30:46,CS1,ARB_DETECT,,100.72/100.04,99,agg_bid=195L agg_ask=132L submitting=99L
21:09:03,2018-08-16 09:30:46,CS1,ARB_SUBMIT,BOTH,,99,buy_id=5de6dff0 sell_id=51564af9
21:09:03,2018-08-16 09:30:46,CS1,SPREAD_TIGHT,,,,spread=-0.6800 < 0.04 — waiting
21:09:03,2018-08-16 09:30:46,CS2,CANCEL,BID,201.71,,outside spread bid=202.05 ask=202.9
21:09:03,2018-08-16 09:30:46,CS2,FILLED,ASK,201.75,,order no longer in waiting list
21:09:04,2018-08-16 09:30:46,CS2,SUBMIT,BUY,202.06,3,bid=202.06 spread=0.8500 pos=+0L inv_ratio=0.00 skew=0.0000
21:09:05,2018-08-16 09:30:46,CS2,SUBMIT,SELL,202.89,3,ask=202.89 spread=0.8500 pos=+0L inv_ratio=0.00 skew=0.0000
21:09:05,2018-08-16 09:30:46,CS2,STATUS,,,,bid=202.06(REST) ask=202.89(REST) spread=0.8500 pos=+0L inv_ratio=0.00 skew=0.0000
21:09:06,2018-08-16 09:30:47,CS1,SUBMIT,BUY,100.39,3,bid=100.39 spread=0.9700 pos=+0L inv_ratio=0.00 skew=0.0000
21:09:07,2018-08-16 09:30:47,CS1,SUBMIT,SELL,101.34,3,ask=101.34 spread=0.9700 pos=+0L inv_ratio=0.00 skew=0.0000
21:09:07,2018-08-16 09:30:47,CS1,STATUS,,,,bid=100.39(REST) ask=101.34(REST) spread=0.9700 pos=+0L inv_ratio=0.00 skew=0.0000
21:09:07,2018-08-16 09:30:47,CS2,FILLED,BID,202.06,,order no longer in waiting list
21:09:07,2018-08-16 09:30:47,CS2,FILLED,ASK,202.89,,order no longer in waiting list
21:09:08,2018-08-16 09:30:47,CS2,SUBMIT,BUY,202.06,3,bid=202.06 spread=3.1800 pos=+0L inv_ratio=0.00 skew=0.0000
21:09:09,2018-08-16 09:30:47,CS2,SUBMIT,SELL,205.22,3,ask=205.22 spread=3.1800 pos=+0L inv_ratio=0.00 skew=0.0000
21:09:09,2018-08-16 09:30:47,CS2,STATUS,,,,bid=202.06(REST) ask=205.22(REST) spread=3.1800 pos=+0L inv_ratio=0.00 skew=0.0000
21:09:10,2018-08-16 09:30:50,CS2,ARB_DETECT,,205.18/204.53,1,agg_bid=58L agg_ask=1L submitting=1L
21:09:10,2018-08-16 09:30:50,CS2,ARB_SUBMIT,BOTH,,1,buy_id=53e21b51 sell_id=505249d7
21:09:10,2018-08-16 09:30:50,CS1,CANCEL,BID,100.39,,outside spread bid=99.23 ask=99.49
21:09:10,2018-08-16 09:30:50,CS1,CANCEL,ASK,101.34,,outside spread bid=99.23 ask=99.49
21:09:11,2018-08-16 09:30:50,CS1,SUBMIT,BUY,99.24,3,bid=99.24 spread=0.2600 pos=+0L inv_ratio=0.00 skew=0.0000
21:09:12,2018-08-16 09:30:50,CS1,SUBMIT,SELL,99.48,3,ask=99.48 spread=0.2600 pos=+0L inv_ratio=0.00 skew=0.0000
21:09:12,2018-08-16 09:30:50,CS1,STATUS,,,,bid=99.24(REST) ask=99.48(REST) spread=0.2600 pos=+0L inv_ratio=0.00 skew=0.0000
21:09:12,2018-08-16 09:30:50,CS2,CANCEL,ASK,205.22,,outside spread bid=202.05 ask=203.96
21:09:13,2018-08-16 09:30:50,CS2,SUBMIT,SELL,203.87,3,ask=203.87 spread=1.9100 pos=+3L inv_ratio=0.10 skew=0.0764
21:09:13,2018-08-16 09:30:50,CS2,STATUS,,,,bid=201.98(REST) ask=203.87(REST) spread=1.9100 pos=+3L inv_ratio=0.10 skew=0.0764
21:09:13,2018-08-16 09:30:53,CS1,FILLED,BID,99.24,,order no longer in waiting list
21:09:13,2018-08-16 09:30:53,CS1,FILLED,ASK,99.48,,order no longer in waiting list
21:09:13,2018-08-16 09:30:53,CS1,SPREAD_TIGHT,,,,spread=0.0300 < 0.04 — waiting
21:09:14,2018-08-16 09:30:55,CS2,CANCEL,BID,202.06,,outside spread bid=203.47 ask=203.96
21:09:14,2018-08-16 09:30:55,CS2,FILLED,ASK,203.87,,order no longer in waiting list
21:09:15,2018-08-16 09:30:55,CS2,SUBMIT,BUY,203.46,3,bid=203.46 spread=0.4900 pos=+3L inv_ratio=0.10 skew=0.0196
21:09:16,2018-08-16 09:30:55,CS2,SUBMIT,SELL,203.93,3,ask=203.93 spread=0.4900 pos=+3L inv_ratio=0.10 skew=0.0196
21:09:16,2018-08-16 09:30:55,CS2,STATUS,,,,bid=203.46(REST) ask=203.93(REST) spread=0.4900 pos=+3L inv_ratio=0.10 skew=0.0196
21:09:16,2018-08-16 09:30:58,CS2,ARB_DETECT,,202.05/201.25,49,agg_bid=230L agg_ask=92L submitting=49L
21:09:16,2018-08-16 09:30:58,CS2,ARB_SUBMIT,BOTH,,49,buy_id=c89e4d61 sell_id=2c929f12
21:09:16,2018-08-16 09:30:58,CS1,SPREAD_TIGHT,,,,spread=0.0200 < 0.04 — waiting
21:09:16,2018-08-16 09:30:58,CS2,FILLED,BID,203.46,,order no longer in waiting list
21:09:16,2018-08-16 09:30:58,CS2,FILLED,ASK,203.93,,order no longer in waiting list
21:09:16,2018-08-16 09:30:58,CS2,SPREAD_TIGHT,,,,spread=-0.8000 < 0.04 — waiting
21:09:16,2018-08-16 09:30:59,CS2,ARB_DETECT,,202.83/201.25,49,agg_bid=53L agg_ask=92L submitting=49L
21:09:16,2018-08-16 09:30:59,CS2,ARB_SUBMIT,BOTH,,49,buy_id=a8179f1d sell_id=29ca41de
21:09:17,2018-08-16 09:31:00,CS2,ARB_DETECT,,202.83/201.26,49,agg_bid=67L agg_ask=70L submitting=49L
21:09:17,2018-08-16 09:31:00,CS2,ARB_SUBMIT,BOTH,,49,buy_id=a3008634 sell_id=8e9b3061
21:09:18,2018-08-16 09:31:02,CS2,ARB_DETECT,,202.83/201.27,29,agg_bid=67L agg_ask=29L submitting=29L
21:09:18,2018-08-16 09:31:02,CS2,ARB_SUBMIT,BOTH,,29,buy_id=9a793197 sell_id=1ac42326
21:09:18,2018-08-16 09:31:02,CS1,SPREAD_TIGHT,,,,spread=0.0100 < 0.04 — waiting
21:09:18,2018-08-16 09:31:02,CS2,SPREAD_TIGHT,,,,spread=-1.5600 < 0.04 — waiting
21:09:20,2018-08-16 09:31:03,CS2,ARB_FILLED,BUY,202.86,1,fully filled
21:09:20,2018-08-16 09:31:03,CS2,ARB_FILLED,SELL,201.19,1,fully filled
21:09:20,2018-08-16 09:31:04,CS1,SPREAD_TIGHT,,,,spread=0.0100 < 0.04 — waiting
21:09:21,2018-08-16 09:31:04,CS2,SUBMIT,BUY,201.0,3,bid=201.0 spread=1.6800 pos=+9L inv_ratio=0.30 skew=0.2016
21:09:22,2018-08-16 09:31:04,CS2,SUBMIT,SELL,202.66,3,ask=202.66 spread=1.6800 pos=+9L inv_ratio=0.30 skew=0.2016
21:09:22,2018-08-16 09:31:04,CS2,STATUS,,,,bid=201.0(REST) ask=202.66(REST) spread=1.6800 pos=+9L inv_ratio=0.30 skew=0.2016
21:09:22,2018-08-16 09:31:06,CS1,SPREAD_TIGHT,,,,spread=0.0100 < 0.04 — waiting
21:09:22,2018-08-16 09:31:06,CS2,FILLED,BID,201.0,,order no longer in waiting list
21:09:22,2018-08-16 09:31:06,CS2,FILLED,ASK,202.66,,order no longer in waiting list
21:09:23,2018-08-16 09:31:06,CS2,SUBMIT,BUY,201.56,3,bid=201.56 spread=1.2900 pos=+6L inv_ratio=0.20 skew=0.1032
21:09:24,2018-08-16 09:31:06,CS2,SUBMIT,SELL,202.83,3,ask=202.83 spread=1.2900 pos=+6L inv_ratio=0.20 skew=0.1032
21:09:24,2018-08-16 09:31:06,CS2,STATUS,,,,bid=201.56(REST) ask=202.83(REST) spread=1.2900 pos=+6L inv_ratio=0.20 skew=0.1032
21:09:24,2018-08-16 09:31:07,CS1,ARB_DETECT,,101.2/99.23,80,agg_bid=203L agg_ask=80L submitting=80L
21:09:24,2018-08-16 09:31:07,CS1,ARB_SUBMIT,BOTH,,80,buy_id=afdcf6a3 sell_id=c8e3ed76
21:09:24,2018-08-16 09:31:07,CS1,SPREAD_TIGHT,,,,spread=-1.9700 < 0.04 — waiting
21:09:24,2018-08-16 09:31:07,CS2,FILLED,BID,201.56,,order no longer in waiting list
21:09:24,2018-08-16 09:31:07,CS2,FILLED,ASK,202.83,,order no longer in waiting list
21:09:25,2018-08-16 09:31:07,CS2,SUBMIT,BUY,201.06,3,bid=201.06 spread=1.7500 pos=+6L inv_ratio=0.20 skew=0.1400
21:09:26,2018-08-16 09:31:07,CS2,SUBMIT,SELL,202.79,3,ask=202.79 spread=1.7500 pos=+6L inv_ratio=0.20 skew=0.1400
21:09:26,2018-08-16 09:31:07,CS2,STATUS,,,,bid=201.06(REST) ask=202.79(REST) spread=1.7500 pos=+6L inv_ratio=0.20 skew=0.1400
21:09:27,2018-08-16 09:31:11,CS2,ARB_FILLED,BUY,202.94,29,fully filled
21:09:28,2018-08-16 09:31:11,CS1,SUBMIT,BUY,100.41,3,bid=100.41 spread=0.0600 pos=+0L inv_ratio=0.00 skew=0.0000
21:09:29,2018-08-16 09:31:11,CS1,SUBMIT,SELL,100.45,3,ask=100.45 spread=0.0600 pos=+0L inv_ratio=0.00 skew=0.0000
21:09:29,2018-08-16 09:31:11,CS1,STATUS,,,,bid=100.41(REST) ask=100.45(REST) spread=0.0600 pos=+0L inv_ratio=0.00 skew=0.0000
21:09:29,2018-08-16 09:31:11,CS2,FILLED,BID,201.06,,order no longer in waiting list
21:09:29,2018-08-16 09:31:11,CS2,FILLED,ASK,202.79,,order no longer in waiting list
21:09:29,2018-08-16 09:31:11,CS2,SPREAD_TIGHT,,,,spread=0.0200 < 0.04 — waiting
21:09:29,2018-08-16 09:31:13,CS1,FILLED,BID,100.41,,order no longer in waiting list
21:09:29,2018-08-16 09:31:13,CS1,FILLED,ASK,100.45,,order no longer in waiting list
21:09:29,2018-08-16 09:31:13,CS1,SPREAD_TIGHT,,,,spread=0.0200 < 0.04 — waiting
21:09:31,2018-08-16 09:31:14,CS2,SPREAD_TIGHT,,,,spread=0.0200 < 0.04 — waiting
21:09:31,2018-08-16 09:31:14,CS1,SPREAD_TIGHT,,,,spread=0.0100 < 0.04 — waiting
21:09:34,2018-08-16 09:31:17,CS2,SUBMIT,BUY,202.06,3,bid=202.06 spread=0.4100 pos=+32L inv_ratio=1.00 skew=0.1640
21:09:35,2018-08-16 09:31:17,CS2,SUBMIT,SELL,202.45,3,ask=202.45 spread=0.4100 pos=+32L inv_ratio=1.00 skew=0.1640
21:09:35,2018-08-16 09:31:17,CS2,STATUS,,,,bid=202.06(REST) ask=202.45(REST) spread=0.4100 pos=+32L inv_ratio=1.00 skew=0.1640
21:09:35,2018-08-16 09:31:19,CS2,ARB_DETECT,,202.87/202.62,5,agg_bid=5L agg_ask=8L submitting=5L
21:09:35,2018-08-16 09:31:19,CS2,ARB_SUBMIT,BOTH,,5,buy_id=51b93cfa sell_id=8a57fea3
21:09:35,2018-08-16 09:31:19,CS1,SPREAD_TIGHT,,,,spread=0.0200 < 0.04 — waiting
21:09:35,2018-08-16 09:31:19,CS2,FILLED,BID,202.06,,order no longer in waiting list
21:09:35,2018-08-16 09:31:19,CS2,FILLED,ASK,202.45,,order no longer in waiting list
21:09:35,2018-08-16 09:31:19,CS2,SPREAD_TIGHT,,,,spread=-0.2500 < 0.04 — waiting
21:09:35,2018-08-16 09:31:20,CS2,ARB_DETECT,,204.7/202.94,49,agg_bid=199L agg_ask=205L submitting=49L
21:09:35,2018-08-16 09:31:20,CS2,ARB_SUBMIT,BOTH,,49,buy_id=e156897c sell_id=75479da1
21:09:36,2018-08-16 09:31:20,CS2,ARB_DETECT,,204.7/202.94,49,agg_bid=199L agg_ask=205L submitting=49L
21:09:36,2018-08-16 09:31:20,CS2,ARB_SUBMIT,BOTH,,49,buy_id=a2be42a1 sell_id=00ed2c0f
21:09:37,2018-08-16 09:31:21,CS2,ARB_DETECT,,204.7/202.94,49,agg_bid=199L agg_ask=205L submitting=49L
21:09:37,2018-08-16 09:31:21,CS2,ARB_SUBMIT,BOTH,,49,buy_id=91531bc1 sell_id=4aaf785b
21:09:37,2018-08-16 09:31:21,CS1,SPREAD_TIGHT,,,,spread=0.0100 < 0.04 — waiting
21:09:37,2018-08-16 09:31:21,CS2,SPREAD_TIGHT,,,,spread=-1.7600 < 0.04 — waiting
21:09:37,2018-08-16 09:31:22,CS2,ARB_DETECT,,204.7/202.94,49,agg_bid=198L agg_ask=191L submitting=49L
21:09:37,2018-08-16 09:31:22,CS2,ARB_SUBMIT,BOTH,,49,buy_id=71a482a1 sell_id=a44b5705
21:09:38,2018-08-16 09:31:23,CS1,ARB_DETECT,,99.83/99.82,1,agg_bid=1L agg_ask=3L submitting=1L
21:09:38,2018-08-16 09:31:23,CS1,ARB_SUBMIT,BOTH,,1,buy_id=2d1eb078 sell_id=9d7e006f
21:09:38,2018-08-16 09:31:23,CS2,ARB_DETECT,,204.7/202.95,49,agg_bid=193L agg_ask=170L submitting=49L
21:09:38,2018-08-16 09:31:23,CS2,ARB_SUBMIT,BOTH,,49,buy_id=bf72b3af sell_id=f0282e17
21:09:39,2018-08-16 09:31:23,CS2,ARB_DETECT,,204.7/202.95,49,agg_bid=193L agg_ask=170L submitting=49L
21:09:39,2018-08-16 09:31:23,CS2,ARB_SUBMIT,BOTH,,49,buy_id=41c4f96a sell_id=855ad420
21:09:39,2018-08-16 09:31:24,CS1,SPREAD_TIGHT,,,,spread=0.0100 < 0.04 — waiting
21:09:39,2018-08-16 09:31:24,CS2,SPREAD_TIGHT,,,,spread=-1.7500 < 0.04 — waiting
21:09:39,2018-08-16 09:31:24,CS2,ARB_DETECT,,204.7/202.95,49,agg_bid=192L agg_ask=170L submitting=49L
21:09:39,2018-08-16 09:31:24,CS2,ARB_SUBMIT,BOTH,,49,buy_id=2f9b2e8b sell_id=2f526cea
21:09:40,2018-08-16 09:31:25,CS2,ARB_DETECT,,204.69/202.95,49,agg_bid=175L agg_ask=143L submitting=49L
21:09:40,2018-08-16 09:31:25,CS2,ARB_SUBMIT,BOTH,,49,buy_id=664bcc2b sell_id=4aa27715
21:09:40,2018-08-16 09:31:25,CS2,ARB_DETECT,,204.68/203.18,49,agg_bid=91L agg_ask=252L submitting=49L
21:09:40,2018-08-16 09:31:25,CS2,ARB_SUBMIT,BOTH,,49,buy_id=c77d9912 sell_id=27280d13
21:09:41,2018-08-16 09:31:25,CS1,SPREAD_TIGHT,,,,spread=0.0100 < 0.04 — waiting
21:09:42,2018-08-16 09:31:25,CS2,SUBMIT,BUY,202.63,3,bid=202.63 spread=0.8200 pos=+23L inv_ratio=0.77 skew=0.2515
21:09:43,2018-08-16 09:31:25,CS2,SUBMIT,SELL,203.43,3,ask=203.43 spread=0.8200 pos=+23L inv_ratio=0.77 skew=0.2515
21:09:43,2018-08-16 09:31:25,CS2,STATUS,,,,bid=202.63(REST) ask=203.43(REST) spread=0.8200 pos=+23L inv_ratio=0.77 skew=0.2515
21:09:43,2018-08-16 09:31:27,CS1,ARB_FILLED,BUY,99.84,1,fully filled
21:09:43,2018-08-16 09:31:27,CS1,ARB_FILLED,SELL,99.83,1,fully filled
21:09:43,2018-08-16 09:31:27,CS2,ARB_FILLED,BUY,203.7,5,fully filled
21:09:43,2018-08-16 09:31:27,CS2,ARB_FILLED,SELL,204.02,5,fully filled
21:09:43,2018-08-16 09:31:27,CS2,ARB_DETECT,,204.02/203.7,49,agg_bid=208L agg_ask=197L submitting=49L
21:09:43,2018-08-16 09:31:27,CS2,ARB_SUBMIT,BOTH,,49,buy_id=262e6b6f sell_id=fa67662d
21:09:44,2018-08-16 09:31:27,CS1,SUBMIT,BUY,99.84,3,bid=99.84 spread=0.0400 pos=+0L inv_ratio=0.00 skew=0.0000
21:09:45,2018-08-16 09:31:27,CS1,SUBMIT,SELL,99.86,3,ask=99.86 spread=0.0400 pos=+0L inv_ratio=0.00 skew=0.0000
21:09:45,2018-08-16 09:31:27,CS1,STATUS,,,,bid=99.84(REST) ask=99.86(REST) spread=0.0400 pos=+0L inv_ratio=0.00 skew=0.0000
21:09:45,2018-08-16 09:31:27,CS2,CANCEL,BID,202.63,,outside spread bid=204.02 ask=203.07
21:09:45,2018-08-16 09:31:27,CS2,FILLED,ASK,203.43,,order no longer in waiting list
21:09:45,2018-08-16 09:31:27,CS2,SPREAD_TIGHT,,,,spread=-0.9500 < 0.04 — waiting
21:09:45,2018-08-16 09:31:31,CS2,ARB_DETECT,,204.02/203.07,49,agg_bid=210L agg_ask=233L submitting=49L
21:09:45,2018-08-16 09:31:31,CS2,ARB_SUBMIT,BOTH,,49,buy_id=86afb681 sell_id=e4d991d4
21:09:45,2018-08-16 09:31:31,CS1,FILLED,BID,99.84,,order no longer in waiting list
21:09:45,2018-08-16 09:31:31,CS1,FILLED,ASK,99.86,,order no longer in waiting list
21:09:45,2018-08-16 09:31:31,CS1,SPREAD_TIGHT,,,,spread=0.0100 < 0.04 — waiting
21:09:46,2018-08-16 09:31:31,CS2,ARB_DETECT,,204.02/203.07,49,agg_bid=210L agg_ask=233L submitting=49L
21:09:46,2018-08-16 09:31:31,CS2,ARB_SUBMIT,BOTH,,49,buy_id=a173a9dc sell_id=97a5cf46
21:09:47,2018-08-16 09:31:32,CS2,ARB_DETECT,,204.0/203.07,49,agg_bid=110L agg_ask=231L submitting=49L
21:09:47,2018-08-16 09:31:32,CS2,ARB_SUBMIT,BOTH,,49,buy_id=10dd49c0 sell_id=712f3047
21:09:47,2018-08-16 09:31:32,CS2,ARB_DETECT,,203.99/203.08,49,agg_bid=54L agg_ask=223L submitting=49L
21:09:47,2018-08-16 09:31:32,CS2,ARB_SUBMIT,BOTH,,49,buy_id=a1ff7b9e sell_id=890227ae
21:09:47,2018-08-16 09:31:32,CS2,SPREAD_TIGHT,,,,spread=-0.9100 < 0.04 — waiting
21:09:47,2018-08-16 09:31:32,CS1,SPREAD_TIGHT,,,,spread=0.0100 < 0.04 — waiting
21:09:48,2018-08-16 09:31:32,CS2,ARB_DETECT,,203.98/203.09,2,agg_bid=2L agg_ask=248L submitting=2L
21:09:48,2018-08-16 09:31:32,CS2,ARB_SUBMIT,BOTH,,2,buy_id=43935b9e sell_id=162d0703
21:09:49,2018-08-16 09:31:32,CS2,ARB_DETECT,,203.98/203.09,2,agg_bid=2L agg_ask=248L submitting=2L
21:09:49,2018-08-16 09:31:32,CS2,ARB_SUBMIT,BOTH,,2,buy_id=799353a9 sell_id=92202542
21:09:49,2018-08-16 09:31:32,CS2,ARB_DETECT,,203.98/203.09,2,agg_bid=2L agg_ask=248L submitting=2L
21:09:49,2018-08-16 09:31:32,CS2,ARB_SUBMIT,BOTH,,2,buy_id=7b99330a sell_id=ece1dffb
21:09:49,2018-08-16 09:31:32,CS2,SPREAD_TIGHT,,,,spread=-0.8900 < 0.04 — waiting
21:09:50,2018-08-16 09:31:32,CS1,SPREAD_TIGHT,,,,spread=0.0300 < 0.04 — waiting
21:09:50,2018-08-16 09:31:32,CS2,ARB_DETECT,,203.98/203.09,2,agg_bid=2L agg_ask=248L submitting=2L
21:09:50,2018-08-16 09:31:32,CS2,ARB_SUBMIT,BOTH,,2,buy_id=dc9ad871 sell_id=05dca274
21:09:50,2018-08-16 09:31:33,CS2,ARB_DETECT,,203.05/199.13,50,agg_bid=269L agg_ask=55L submitting=50L
21:09:50,2018-08-16 09:31:33,CS2,ARB_SUBMIT,BOTH,,50,buy_id=7e518cc6 sell_id=ebd11ef1
21:09:51,2018-08-16 09:31:34,CS2,ARB_DETECT,,203.05/199.13,50,agg_bid=269L agg_ask=55L submitting=50L
21:09:51,2018-08-16 09:31:34,CS2,ARB_SUBMIT,BOTH,,50,buy_id=78631324 sell_id=f4d6ed33
21:09:51,2018-08-16 09:31:34,CS2,SPREAD_TIGHT,,,,spread=-3.9200 < 0.04 — waiting
21:09:52,2018-08-16 09:31:34,CS2,ARB_DETECT,,203.05/199.14,27,agg_bid=249L agg_ask=27L submitting=27L
21:09:52,2018-08-16 09:31:34,CS2,ARB_SUBMIT,BOTH,,27,buy_id=8e2fe050 sell_id=12658638
21:09:53,2018-08-16 09:31:34,CS1,SUBMIT,BUY,99.84,3,bid=99.84 spread=0.0400 pos=+0L inv_ratio=0.00 skew=0.0000
21:09:54,2018-08-16 09:31:34,CS1,SUBMIT,SELL,99.86,3,ask=99.86 spread=0.0400 pos=+0L inv_ratio=0.00 skew=0.0000
21:09:54,2018-08-16 09:31:34,CS1,STATUS,,,,bid=99.84(REST) ask=99.86(REST) spread=0.0400 pos=+0L inv_ratio=0.00 skew=0.0000
21:09:54,2018-08-16 09:31:34,CS2,SPREAD_TIGHT,,,,spread=0.0400 < 0.04 — waiting
21:09:54,2018-08-16 09:31:36,CS2,ARB_FILLED,BUY,203.09,2,fully filled
21:09:54,2018-08-16 09:31:36,CS2,ARB_FILLED,SELL,203.05,2,fully filled
21:09:54,2018-08-16 09:31:36,CS1,FILLED,BID,99.84,,order no longer in waiting list
21:09:54,2018-08-16 09:31:36,CS1,FILLED,ASK,99.86,,order no longer in waiting list
21:09:54,2018-08-16 09:31:36,CS1,SPREAD_TIGHT,,,,spread=0.0300 < 0.04 — waiting
21:09:56,2018-08-16 09:31:39,CS2,ARB_DETECT,,203.52/203.37,49,agg_bid=78L agg_ask=73L submitting=49L
21:09:56,2018-08-16 09:31:39,CS2,ARB_SUBMIT,BOTH,,49,buy_id=e3e9b0e4 sell_id=cffaef6b
21:09:56,2018-08-16 09:31:39,CS2,SPREAD_TIGHT,,,,spread=-0.1500 < 0.04 — waiting
21:09:57,2018-08-16 09:31:39,CS1,SUBMIT,BUY,99.85,3,bid=99.85 spread=0.3400 pos=+0L inv_ratio=0.00 skew=0.0000
21:09:58,2018-08-16 09:31:39,CS1,SUBMIT,SELL,100.17,3,ask=100.17 spread=0.3400 pos=+0L inv_ratio=0.00 skew=0.0000
21:09:58,2018-08-16 09:31:39,CS1,STATUS,,,,bid=99.85(REST) ask=100.17(REST) spread=0.3400 pos=+0L inv_ratio=0.00 skew=0.0000
21:09:58,2018-08-16 09:31:39,CS2,SPREAD_TIGHT,,,,spread=-0.1000 < 0.04 — waiting
21:09:58,2018-08-16 09:31:40,CS1,ARB_DETECT,,100.08/99.84,20,agg_bid=20L agg_ask=238L submitting=20L
21:09:58,2018-08-16 09:31:40,CS1,ARB_SUBMIT,BOTH,,20,buy_id=1c6ec596 sell_id=9a1222a2
21:09:58,2018-08-16 09:31:40,CS2,ARB_DETECT,,203.51/203.03,9,agg_bid=62L agg_ask=9L submitting=9L
21:09:58,2018-08-16 09:31:40,CS2,ARB_SUBMIT,BOTH,,9,buy_id=d44c0e87 sell_id=7dda65a5
21:09:58,2018-08-16 09:31:40,CS1,FILLED,BID,99.85,,order no longer in waiting list
21:09:58,2018-08-16 09:31:40,CS1,FILLED,ASK,100.17,,order no longer in waiting list
21:09:58,2018-08-16 09:31:40,CS1,SPREAD_TIGHT,,,,spread=-0.2400 < 0.04 — waiting
21:09:59,2018-08-16 09:31:42,CS1,ARB_DETECT,,100.08/99.84,20,agg_bid=20L agg_ask=238L submitting=20L
21:09:59,2018-08-16 09:31:42,CS1,ARB_SUBMIT,BOTH,,20,buy_id=e3f847db sell_id=8893de77
21:09:59,2018-08-16 09:31:42,CS2,ARB_DETECT,,203.51/203.05,42,agg_bid=42L agg_ask=60L submitting=42L
21:09:59,2018-08-16 09:31:42,CS2,ARB_SUBMIT,BOTH,,42,buy_id=922bbc6c sell_id=37eb6b18
21:09:59,2018-08-16 09:31:42,CS1,ARB_DETECT,,100.08/99.84,20,agg_bid=20L agg_ask=238L submitting=20L
21:09:59,2018-08-16 09:31:42,CS1,ARB_SUBMIT,BOTH,,20,buy_id=dc95b394 sell_id=2c1c6851
21:10:00,2018-08-16 09:31:43,CS1,ARB_DETECT,,100.08/99.84,20,agg_bid=20L agg_ask=238L submitting=20L
21:10:00,2018-08-16 09:31:43,CS1,ARB_SUBMIT,BOTH,,20,buy_id=ab6fc749 sell_id=4196e9d6
21:10:00,2018-08-16 09:31:43,CS2,ARB_FILLED,BUY,203.56,2,fully filled
21:10:00,2018-08-16 09:31:43,CS2,ARB_FILLED,SELL,203.5,2,fully filled
21:10:00,2018-08-16 09:31:43,CS2,ARB_FILLED,BUY,203.56,2,fully filled
21:10:00,2018-08-16 09:31:43,CS2,ARB_FILLED,SELL,203.5,2,fully filled
21:10:01,2018-08-16 09:31:43,CS2,SUBMIT,BUY,203.47,3,bid=203.47 spread=0.0700 pos=+29L inv_ratio=0.97 skew=0.0271
21:10:02,2018-08-16 09:31:43,CS2,SUBMIT,SELL,203.52,3,ask=203.52 spread=0.0700 pos=+29L inv_ratio=0.97 skew=0.0271
21:10:02,2018-08-16 09:31:43,CS2,STATUS,,,,bid=203.47(REST) ask=203.52(REST) spread=0.0700 pos=+29L inv_ratio=0.97 skew=0.0271
21:10:02,2018-08-16 09:31:44,CS2,ARB_FILLED,BUY,203.56,2,fully filled
21:10:02,2018-08-16 09:31:44,CS2,ARB_FILLED,SELL,203.49,2,fully filled
21:10:02,2018-08-16 09:31:44,CS2,ARB_FILLED,SELL,203.2922,27,fully filled
21:10:02,2018-08-16 09:31:44,CS1,SPREAD_TIGHT,,,,spread=0.0100 < 0.04 — waiting
21:10:02,2018-08-16 09:31:44,CS2,FILLED,BID,203.47,,order no longer in waiting list
21:10:02,2018-08-16 09:31:44,CS2,FILLED,ASK,203.52,,order no longer in waiting list
21:10:03,2018-08-16 09:31:44,CS2,SUBMIT,BUY,203.02,3,bid=203.02 spread=0.5400 pos=+2L inv_ratio=0.07 skew=0.0144
21:10:04,2018-08-16 09:31:44,CS2,SUBMIT,SELL,203.54,3,ask=203.54 spread=0.5400 pos=+2L inv_ratio=0.07 skew=0.0144
21:10:04,2018-08-16 09:31:44,CS2,STATUS,,,,bid=203.02(REST) ask=203.54(REST) spread=0.5400 pos=+2L inv_ratio=0.07 skew=0.0144
21:10:04,2018-08-16 09:31:46,CS2,ARB_DETECT,,203.01/199.44,50,agg_bid=155L agg_ask=154L submitting=50L
21:10:04,2018-08-16 09:31:46,CS2,ARB_SUBMIT,BOTH,,50,buy_id=f432cc21 sell_id=ac6ffc32
21:10:04,2018-08-16 09:31:46,CS1,SPREAD_TIGHT,,,,spread=0.0100 < 0.04 — waiting
21:10:04,2018-08-16 09:31:46,CS2,FILLED,BID,203.02,,order no longer in waiting list
21:10:04,2018-08-16 09:31:46,CS2,FILLED,ASK,203.54,,order no longer in waiting list
21:10:04,2018-08-16 09:31:46,CS2,SPREAD_TIGHT,,,,spread=-3.5700 < 0.04 — waiting
21:10:05,2018-08-16 09:31:47,CS2,ARB_DETECT,,203.01/199.44,50,agg_bid=155L agg_ask=154L submitting=50L
21:10:05,2018-08-16 09:31:47,CS2,ARB_SUBMIT,BOTH,,50,buy_id=796958cc sell_id=f4ee93e2
21:10:06,2018-08-16 09:31:47,CS2,ARB_DETECT,,203.01/199.44,50,agg_bid=155L agg_ask=154L submitting=50L
21:10:06,2018-08-16 09:31:47,CS2,ARB_SUBMIT,BOTH,,50,buy_id=2845f589 sell_id=041d36ae
21:10:06,2018-08-16 09:31:47,CS2,ARB_DETECT,,203.01/199.44,50,agg_bid=155L agg_ask=154L submitting=50L
21:10:06,2018-08-16 09:31:47,CS2,ARB_SUBMIT,BOTH,,50,buy_id=181796dd sell_id=131b04ff
21:10:06,2018-08-16 09:31:48,CS1,SPREAD_TIGHT,,,,spread=0.0200 < 0.04 — waiting
21:10:06,2018-08-16 09:31:48,CS2,SPREAD_TIGHT,,,,spread=-3.5700 < 0.04 — waiting
21:10:07,2018-08-16 09:31:49,CS2,ARB_DETECT,,203.01/199.44,50,agg_bid=151L agg_ask=126L submitting=50L
21:10:07,2018-08-16 09:31:49,CS2,ARB_SUBMIT,BOTH,,50,buy_id=83a8caba sell_id=2b768b1e
21:10:07,2018-08-16 09:31:50,CS2,ARB_DETECT,,203.86/199.08,50,agg_bid=202L agg_ask=248L submitting=50L
21:10:07,2018-08-16 09:31:50,CS2,ARB_SUBMIT,BOTH,,50,buy_id=4efd3707 sell_id=41ac22f5
21:10:08,2018-08-16 09:31:51,CS2,ARB_DETECT,,203.86/199.08,50,agg_bid=201L agg_ask=224L submitting=50L
21:10:08,2018-08-16 09:31:51,CS2,ARB_SUBMIT,BOTH,,50,buy_id=95f0abaf sell_id=ce80d5b2
21:10:10,2018-08-16 09:31:51,CS1,SUBMIT,BUY,100.59,3,bid=100.59 spread=0.2800 pos=+0L inv_ratio=0.00 skew=0.0000
21:10:11,2018-08-16 09:31:51,CS1,SUBMIT,SELL,100.85,3,ask=100.85 spread=0.2800 pos=+0L inv_ratio=0.00 skew=0.0000
21:10:11,2018-08-16 09:31:51,CS1,STATUS,,,,bid=100.59(REST) ask=100.85(REST) spread=0.2800 pos=+0L inv_ratio=0.00 skew=0.0000
21:10:11,2018-08-16 09:31:51,CS2,SPREAD_TIGHT,,,,spread=-4.7800 < 0.04 — waiting
21:10:11,2018-08-16 09:31:52,CS2,ARB_DETECT,,203.86/199.08,50,agg_bid=201L agg_ask=224L submitting=50L
21:10:11,2018-08-16 09:31:52,CS2,ARB_SUBMIT,BOTH,,50,buy_id=87b39b05 sell_id=b57f41ec
21:10:11,2018-08-16 09:31:52,CS1,FILLED,BID,100.59,,order no longer in waiting list
21:10:11,2018-08-16 09:31:52,CS1,FILLED,ASK,100.85,,order no longer in waiting list
21:10:12,2018-08-16 09:31:52,CS1,SUBMIT,BUY,99.81,3,bid=99.81 spread=0.9800 pos=+0L inv_ratio=0.00 skew=0.0000
21:10:13,2018-08-16 09:31:52,CS1,SUBMIT,SELL,100.77,3,ask=100.77 spread=0.9800 pos=+0L inv_ratio=0.00 skew=0.0000
21:10:13,2018-08-16 09:31:52,CS1,STATUS,,,,bid=99.81(REST) ask=100.77(REST) spread=0.9800 pos=+0L inv_ratio=0.00 skew=0.0000
21:10:13,2018-08-16 09:31:52,CS2,SPREAD_TIGHT,,,,spread=-1.6100 < 0.04 — waiting
21:10:13,2018-08-16 09:31:52,CS2,ARB_DETECT,,201.07/199.46,50,agg_bid=61L agg_ask=62L submitting=50L
21:10:13,2018-08-16 09:31:52,CS2,ARB_SUBMIT,BOTH,,50,buy_id=0affb369 sell_id=e1ff927c
21:10:13,2018-08-16 09:31:52,CS1,FILLED,BID,99.81,,order no longer in waiting list
21:10:13,2018-08-16 09:31:52,CS1,FILLED,ASK,100.77,,order no longer in waiting list
21:10:14,2018-08-16 09:31:52,CS1,SUBMIT,BUY,99.81,3,bid=99.81 spread=1.0400 pos=+0L inv_ratio=0.00 skew=0.0000
21:10:15,2018-08-16 09:31:52,CS1,SUBMIT,SELL,100.83,3,ask=100.83 spread=1.0400 pos=+0L inv_ratio=0.00 skew=0.0000
21:10:15,2018-08-16 09:31:52,CS1,STATUS,,,,bid=99.81(REST) ask=100.83(REST) spread=1.0400 pos=+0L inv_ratio=0.00 skew=0.0000
21:10:15,2018-08-16 09:31:52,CS2,SPREAD_TIGHT,,,,spread=-1.5900 < 0.04 — waiting
21:10:15,2018-08-16 09:31:55,CS1,ARB_FILLED,BUY,100.84,20,fully filled
21:10:15,2018-08-16 09:31:55,CS1,ARB_FILLED,SELL,99.8,20,fully filled
21:10:15,2018-08-16 09:31:55,CS1,ARB_FILLED,BUY,100.84,20,fully filled
21:10:15,2018-08-16 09:31:55,CS2,ARB_DETECT,,201.06/199.47,26,agg_bid=36L agg_ask=26L submitting=26L
21:10:15,2018-08-16 09:31:55,CS2,ARB_SUBMIT,BOTH,,26,buy_id=1f7bd4e1 sell_id=01165777
21:10:15,2018-08-16 09:31:55,CS1,FILLED,BID,99.81,,order no longer in waiting list
21:10:15,2018-08-16 09:31:55,CS1,FILLED,ASK,100.83,,order no longer in waiting list
21:10:16,2018-08-16 09:31:55,CS1,SUBMIT,BUY,99.78,3,bid=99.78 spread=0.0500 pos=+20L inv_ratio=0.67 skew=0.0133
21:10:17,2018-08-16 09:31:55,CS1,SUBMIT,SELL,99.81,3,ask=99.81 spread=0.0500 pos=+20L inv_ratio=0.67 skew=0.0133
21:10:17,2018-08-16 09:31:55,CS1,STATUS,,,,bid=99.78(REST) ask=99.81(REST) spread=0.0500 pos=+20L inv_ratio=0.67 skew=0.0133
21:10:17,2018-08-16 09:31:55,CS2,SPREAD_TIGHT,,,,spread=-4.3800 < 0.04 — waiting
21:10:17,2018-08-16 09:32:00,CS1,ARB_DETECT,,99.78/99.29,100,agg_bid=272L agg_ask=231L submitting=100L
21:10:17,2018-08-16 09:32:00,CS1,ARB_SUBMIT,BOTH,,100,buy_id=fc2bba2c sell_id=bc6d4e10
21:10:17,2018-08-16 09:32:00,CS2,ARB_DETECT,,203.85/202.21,19,agg_bid=35L agg_ask=19L submitting=19L
21:10:17,2018-08-16 09:32:00,CS2,ARB_SUBMIT,BOTH,,19,buy_id=f793d9cf sell_id=3a328559
21:10:17,2018-08-16 09:32:00,CS1,CANCEL,BID,99.78,,outside spread bid=99.78 ask=99.29
21:10:17,2018-08-16 09:32:00,CS1,FILLED,ASK,99.81,,order no longer in waiting list
21:10:17,2018-08-16 09:32:00,CS1,SPREAD_TIGHT,,,,spread=-0.4900 < 0.04 — waiting
21:10:18,2018-08-16 09:32:00,CS1,ARB_DETECT,,99.78/99.29,100,agg_bid=272L agg_ask=231L submitting=100L
21:10:18,2018-08-16 09:32:00,CS1,ARB_SUBMIT,BOTH,,100,buy_id=0b7bb1ad sell_id=000b0e73
21:10:18,2018-08-16 09:32:00,CS2,ARB_DETECT,,203.85/202.71,35,agg_bid=35L agg_ask=237L submitting=35L
21:10:18,2018-08-16 09:32:00,CS2,ARB_SUBMIT,BOTH,,35,buy_id=cdda2b5f sell_id=787c3c22
21:10:19,2018-08-16 09:32:01,CS1,ARB_DETECT,,99.78/99.29,100,agg_bid=271L agg_ask=211L submitting=100L
21:10:19,2018-08-16 09:32:01,CS1,ARB_SUBMIT,BOTH,,100,buy_id=80566cfe sell_id=d2c4327b
21:10:19,2018-08-16 09:32:01,CS2,ARB_DETECT,,203.85/202.73,31,agg_bid=31L agg_ask=255L submitting=31L
21:10:19,2018-08-16 09:32:01,CS2,ARB_SUBMIT,BOTH,,31,buy_id=ced2c83e sell_id=b3a0ac0e
21:10:19,2018-08-16 09:32:01,CS1,ARB_DETECT,,99.78/99.29,100,agg_bid=271L agg_ask=211L submitting=100L
21:10:19,2018-08-16 09:32:01,CS1,ARB_SUBMIT,BOTH,,100,buy_id=17aa08b8 sell_id=58b40313
21:10:19,2018-08-16 09:32:01,CS2,ARB_DETECT,,203.84/203.5,30,agg_bid=30L agg_ask=269L submitting=30L
21:10:19,2018-08-16 09:32:01,CS2,ARB_SUBMIT,BOTH,,30,buy_id=732829ca sell_id=dba2dfe1
21:10:19,2018-08-16 09:32:01,CS2,SPREAD_TIGHT,,,,spread=-0.3400 < 0.04 — waiting
21:10:19,2018-08-16 09:32:02,CS1,SPREAD_TIGHT,,,,spread=-0.4900 < 0.04 — waiting
21:10:20,2018-08-16 09:32:03,CS1,ARB_DETECT,,99.78/99.29,100,agg_bid=271L agg_ask=208L submitting=100L
21:10:20,2018-08-16 09:32:03,CS1,ARB_SUBMIT,BOTH,,100,buy_id=78946020 sell_id=64d7384a
21:10:20,2018-08-16 09:32:03,CS2,ARB_DETECT,,203.82/203.5,10,agg_bid=10L agg_ask=243L submitting=10L
21:10:20,2018-08-16 09:32:03,CS2,ARB_SUBMIT,BOTH,,10,buy_id=3d9ba520 sell_id=d6eb6611
21:10:20,2018-08-16 09:32:03,CS1,ARB_DETECT,,99.78/99.3,100,agg_bid=271L agg_ask=177L submitting=100L
21:10:20,2018-08-16 09:32:03,CS1,ARB_SUBMIT,BOTH,,100,buy_id=1168ab14 sell_id=de4b73ad
21:10:20,2018-08-16 09:32:03,CS2,ARB_FILLED,BUY,203.5,26,fully filled
21:10:20,2018-08-16 09:32:03,CS2,ARB_DETECT,,203.82/203.5,10,agg_bid=10L agg_ask=217L submitting=10L
21:10:20,2018-08-16 09:32:03,CS2,ARB_SUBMIT,BOTH,,10,buy_id=4515ec1a sell_id=b26eac89
21:10:21,2018-08-16 09:32:04,CS1,ARB_DETECT,,99.78/99.3,100,agg_bid=267L agg_ask=155L submitting=100L
21:10:21,2018-08-16 09:32:04,CS1,ARB_SUBMIT,BOTH,,100,buy_id=24918467 sell_id=5c08f8db
21:10:21,2018-08-16 09:32:04,CS2,ARB_DETECT,,203.82/203.5,10,agg_bid=10L agg_ask=217L submitting=10L
21:10:21,2018-08-16 09:32:04,CS2,ARB_SUBMIT,BOTH,,10,buy_id=a09616b6 sell_id=9ef1c2ab
21:10:22,2018-08-16 09:32:04,CS2,SUBMIT,BUY,201.81,3,bid=201.81 spread=1.2400 pos=+28L inv_ratio=0.93 skew=0.4629
21:10:23,2018-08-16 09:32:04,CS2,SUBMIT,SELL,203.03,3,ask=203.03 spread=1.2400 pos=+28L inv_ratio=0.93 skew=0.4629
21:10:23,2018-08-16 09:32:04,CS2,STATUS,,,,bid=201.81(REST) ask=203.03(REST) spread=1.2400 pos=+28L inv_ratio=0.93 skew=0.4629
21:10:24,2018-08-16 09:32:06,CS1,ARB_DETECT,,99.78/99.31,100,agg_bid=247L agg_ask=113L submitting=100L
21:10:24,2018-08-16 09:32:06,CS1,ARB_SUBMIT,BOTH,,100,buy_id=7b64dcac sell_id=8bd83ca9
21:10:24,2018-08-16 09:32:06,CS2,ARB_DETECT,,201.47/200.26,5,agg_bid=5L agg_ask=10L submitting=5L
21:10:24,2018-08-16 09:32:06,CS2,ARB_SUBMIT,BOTH,,5,buy_id=ad2b293b sell_id=1641546d
21:10:24,2018-08-16 09:32:06,CS1,SPREAD_TIGHT,,,,spread=-0.4700 < 0.04 — waiting
21:10:24,2018-08-16 09:32:06,CS2,CANCEL,BID,201.81,,outside spread bid=201.47 ask=200.26
21:10:24,2018-08-16 09:32:06,CS2,FILLED,ASK,203.03,,order no longer in waiting list
21:10:24,2018-08-16 09:32:06,CS2,SPREAD_TIGHT,,,,spread=-1.2100 < 0.04 — waiting
21:10:24,2018-08-16 09:32:07,CS1,ARB_DETECT,,99.4/99.31,93,agg_bid=264L agg_ask=93L submitting=93L
21:10:24,2018-08-16 09:32:07,CS1,ARB_SUBMIT,BOTH,,93,buy_id=ecaf928f sell_id=86a26c21
21:10:24,2018-08-16 09:32:07,CS2,ARB_DETECT,,201.47/200.26,5,agg_bid=5L agg_ask=10L submitting=5L
21:10:24,2018-08-16 09:32:07,CS2,ARB_SUBMIT,BOTH,,5,buy_id=bd17cc72 sell_id=c8c47870
21:10:25,2018-08-16 09:32:08,CS1,ARB_DETECT,,99.4/99.32,69,agg_bid=264L agg_ask=69L submitting=69L
21:10:25,2018-08-16 09:32:08,CS1,ARB_SUBMIT,BOTH,,69,buy_id=02341548 sell_id=bcbb6e18
21:10:25,2018-08-16 09:32:08,CS2,ARB_DETECT,,201.47/200.26,5,agg_bid=5L agg_ask=10L submitting=5L
21:10:25,2018-08-16 09:32:08,CS2,ARB_SUBMIT,BOTH,,5,buy_id=17353c30 sell_id=133541da
21:10:25,2018-08-16 09:32:09,CS1,ARB_DETECT,,99.4/99.32,68,agg_bid=264L agg_ask=68L submitting=68L
21:10:25,2018-08-16 09:32:09,CS1,ARB_SUBMIT,BOTH,,68,buy_id=9445942e sell_id=d3387dfe
21:10:26,2018-08-16 09:32:09,CS1,SPREAD_TIGHT,,,,spread=-0.0800 < 0.04 — waiting
21:10:27,2018-08-16 09:32:09,CS2,SUBMIT,BUY,200.72,3,bid=200.72 spread=2.0300 pos=+28L inv_ratio=0.93 skew=0.7579
21:10:28,2018-08-16 09:32:09,CS2,SUBMIT,SELL,202.73,3,ask=202.73 spread=2.0300 pos=+28L inv_ratio=0.93 skew=0.7579
21:10:28,2018-08-16 09:32:09,CS2,STATUS,,,,bid=200.72(REST) ask=202.73(REST) spread=2.0300 pos=+28L inv_ratio=0.93 skew=0.7579
21:10:28,2018-08-16 09:32:12,CS1,ARB_DETECT,,100.84/99.33,10,agg_bid=221L agg_ask=10L submitting=10L
21:10:28,2018-08-16 09:32:12,CS1,ARB_SUBMIT,BOTH,,10,buy_id=5fe986fe sell_id=d74cd9e7
21:10:28,2018-08-16 09:32:12,CS2,ARB_FILLED,SELL,203.5,19,fully filled
21:10:28,2018-08-16 09:32:12,CS2,ARB_FILLED,SELL,199.854,10,fully filled
21:10:28,2018-08-16 09:32:12,CS1,SPREAD_TIGHT,,,,spread=-1.5100 < 0.04 — waiting
21:10:28,2018-08-16 09:32:12,CS2,FILLED,BID,200.72,,order no longer in waiting list
21:10:28,2018-08-16 09:32:12,CS2,FILLED,ASK,202.73,,order no longer in waiting list
21:10:29,2018-08-16 09:32:12,CS2,SUBMIT,BUY,199.81,3,bid=199.81 spread=1.8100 pos=+2L inv_ratio=0.07 skew=0.0483
21:10:30,2018-08-16 09:32:12,CS2,SUBMIT,SELL,201.6,3,ask=201.6 spread=1.8100 pos=+2L inv_ratio=0.07 skew=0.0483
21:10:30,2018-08-16 09:32:12,CS2,STATUS,,,,bid=199.81(REST) ask=201.6(REST) spread=1.8100 pos=+2L inv_ratio=0.07 skew=0.0483
21:10:30,2018-08-16 09:32:13,CS1,SPREAD_TIGHT,,,,spread=0.0100 < 0.04 — waiting
21:10:30,2018-08-16 09:32:13,CS2,FILLED,BID,199.81,,order no longer in waiting list
21:10:30,2018-08-16 09:32:13,CS2,FILLED,ASK,201.6,,order no longer in waiting list
21:10:31,2018-08-16 09:32:13,CS2,SUBMIT,BUY,200.53,3,bid=200.53 spread=3.0300 pos=+2L inv_ratio=0.07 skew=0.0808
21:10:32,2018-08-16 09:32:13,CS2,SUBMIT,SELL,203.54,3,ask=203.54 spread=3.0300 pos=+2L inv_ratio=0.07 skew=0.0808
21:10:32,2018-08-16 09:32:13,CS2,STATUS,,,,bid=200.53(REST) ask=203.54(REST) spread=3.0300 pos=+2L inv_ratio=0.07 skew=0.0808
21:10:32,2018-08-16 09:32:18,CS2,ARB_FILLED,BUY,203.62,5,fully filled
21:10:32,2018-08-16 09:32:18,CS2,ARB_FILLED,SELL,201.92,5,fully filled
21:10:32,2018-08-16 09:32:18,CS2,ARB_FILLED,BUY,203.64,5,fully filled
21:10:32,2018-08-16 09:32:18,CS2,ARB_FILLED,SELL,201.92,5,fully filled
21:10:32,2018-08-16 09:32:18,CS2,ARB_FILLED,BUY,203.64,5,fully filled
21:10:32,2018-08-16 09:32:18,CS2,ARB_FILLED,SELL,201.92,5,fully filled
21:10:32,2018-08-16 09:32:18,CS2,ARB_DETECT,,203.63/201.47,18,agg_bid=18L agg_ask=29L submitting=18L
21:10:32,2018-08-16 09:32:18,CS2,ARB_SUBMIT,BOTH,,18,buy_id=aa2e314a sell_id=21a6d512
21:10:32,2018-08-16 09:32:18,CS1,SPREAD_TIGHT,,,,spread=0.0100 < 0.04 — waiting
21:10:32,2018-08-16 09:32:18,CS2,CANCEL,BID,200.53,,outside spread bid=203.63 ask=201.47
21:10:32,2018-08-16 09:32:18,CS2,CANCEL,ASK,203.54,,outside spread bid=203.63 ask=201.47
21:10:32,2018-08-16 09:32:18,CS2,SPREAD_TIGHT,,,,spread=-2.1600 < 0.04 — waiting
21:10:33,2018-08-16 09:32:19,CS1,ARB_FILLED,BUY,100.85,10,fully filled
21:10:33,2018-08-16 09:32:19,CS1,ARB_FILLED,SELL,100.837,10,fully filled
21:10:34,2018-08-16 09:32:21,CS1,SPREAD_TIGHT,,,,spread=0.0100 < 0.04 — waiting
21:10:35,2018-08-16 09:32:21,CS2,SUBMIT,BUY,201.13,3,bid=201.13 spread=0.7700 pos=-1L inv_ratio=-0.03 skew=-0.0103
21:10:36,2018-08-16 09:32:21,CS2,SUBMIT,SELL,201.88,3,ask=201.88 spread=0.7700 pos=-1L inv_ratio=-0.03 skew=-0.0103
21:10:36,2018-08-16 09:32:21,CS2,STATUS,,,,bid=201.13(REST) ask=201.88(REST) spread=0.7700 pos=-1L inv_ratio=-0.03 skew=-0.0103
21:10:37,2018-08-16 09:32:24,CS1,SPREAD_TIGHT,,,,spread=0.0100 < 0.04 — waiting
21:10:37,2018-08-16 09:32:24,CS2,FILLED,BID,201.13,,order no longer in waiting list
21:10:37,2018-08-16 09:32:24,CS2,FILLED,ASK,201.88,,order no longer in waiting list
21:10:38,2018-08-16 09:32:24,CS2,SUBMIT,BUY,200.78,3,bid=200.78 spread=3.0300 pos=-4L inv_ratio=-0.13 skew=-0.1616
21:10:39,2018-08-16 09:32:24,CS2,SUBMIT,SELL,203.79,3,ask=203.79 spread=3.0300 pos=-4L inv_ratio=-0.13 skew=-0.1616
21:10:39,2018-08-16 09:32:24,CS2,STATUS,,,,bid=200.78(REST) ask=203.79(REST) spread=3.0300 pos=-4L inv_ratio=-0.13 skew=-0.1616
21:10:39,2018-08-16 09:32:26,CS1,SPREAD_TIGHT,,,,spread=0.0000 < 0.04 — waiting
21:10:39,2018-08-16 09:32:26,CS2,FILLED,BID,200.78,,order no longer in waiting list
21:10:39,2018-08-16 09:32:26,CS2,FILLED,ASK,203.79,,order no longer in waiting list
21:10:40,2018-08-16 09:32:26,CS2,SUBMIT,BUY,202.76,3,bid=202.76 spread=0.9500 pos=-4L inv_ratio=-0.13 skew=-0.0507
21:10:41,2018-08-16 09:32:26,CS2,SUBMIT,SELL,203.69,3,ask=203.69 spread=0.9500 pos=-4L inv_ratio=-0.13 skew=-0.0507
21:10:41,2018-08-16 09:32:26,CS2,STATUS,,,,bid=202.76(REST) ask=203.69(REST) spread=0.9500 pos=-4L inv_ratio=-0.13 skew=-0.0507
21:10:41,2018-08-16 09:32:27,CS2,ARB_FILLED,BUY,203.65,18,fully filled
21:10:42,2018-08-16 09:32:27,CS1,SUBMIT,BUY,100.0,3,bid=100.0 spread=0.6800 pos=+20L inv_ratio=0.67 skew=0.1813
21:10:43,2018-08-16 09:32:27,CS1,SUBMIT,SELL,100.66,3,ask=100.66 spread=0.6800 pos=+20L inv_ratio=0.67 skew=0.1813
21:10:43,2018-08-16 09:32:27,CS1,STATUS,,,,bid=100.0(REST) ask=100.66(REST) spread=0.6800 pos=+20L inv_ratio=0.67 skew=0.1813
21:10:43,2018-08-16 09:32:27,CS2,CANCEL,BID,202.76,,outside spread bid=203.65 ask=203.66
21:10:43,2018-08-16 09:32:27,CS2,CANCEL,ASK,203.69,,outside spread bid=203.65 ask=203.66
21:10:43,2018-08-16 09:32:27,CS2,SPREAD_TIGHT,,,,spread=0.0100 < 0.04 — waiting
21:10:43,2018-08-16 09:32:30,CS1,CANCEL,BID,100.0,,outside spread bid=100.82 ask=100.85
21:10:43,2018-08-16 09:32:30,CS1,FILLED,ASK,100.66,,order no longer in waiting list
21:10:43,2018-08-16 09:32:30,CS1,SPREAD_TIGHT,,,,spread=0.0300 < 0.04 — waiting
21:10:45,2018-08-16 09:32:31,CS1,ARB_DETECT,,100.82/99.25,13,agg_bid=142L agg_ask=13L submitting=13L
21:10:45,2018-08-16 09:32:31,CS1,ARB_SUBMIT,BOTH,,13,buy_id=029efe9a sell_id=5b5196fd
21:10:46,2018-08-16 09:32:31,CS2,SUBMIT,BUY,203.64,3,bid=203.64 spread=0.1600 pos=+8L inv_ratio=0.27 skew=0.0171
21:10:47,2018-08-16 09:32:31,CS2,SUBMIT,SELL,203.78,3,ask=203.78 spread=0.1600 pos=+8L inv_ratio=0.27 skew=0.0171
21:10:47,2018-08-16 09:32:31,CS2,STATUS,,,,bid=203.64(REST) ask=203.78(REST) spread=0.1600 pos=+8L inv_ratio=0.27 skew=0.0171
21:10:47,2018-08-16 09:32:34,CS1,SPREAD_TIGHT,,,,spread=0.0400 < 0.04 — waiting
21:10:47,2018-08-16 09:32:34,CS2,FILLED,BID,203.64,,order no longer in waiting list
21:10:47,2018-08-16 09:32:34,CS2,FILLED,ASK,203.78,,order no longer in waiting list
21:10:48,2018-08-16 09:32:34,CS2,SUBMIT,BUY,203.73,3,bid=203.73 spread=0.0900 pos=+8L inv_ratio=0.27 skew=0.0096
21:10:49,2018-08-16 09:32:34,CS2,SUBMIT,SELL,203.8,3,ask=203.8 spread=0.0900 pos=+8L inv_ratio=0.27 skew=0.0096
21:10:49,2018-08-16 09:32:34,CS2,STATUS,,,,bid=203.73(REST) ask=203.8(REST) spread=0.0900 pos=+8L inv_ratio=0.27 skew=0.0096
21:10:49,2018-08-16 09:32:37,CS1,ARB_FILLED,BUY,100.85,13,fully filled
21:10:49,2018-08-16 09:32:37,CS1,ARB_FILLED,SELL,100.81,13,fully filled
21:10:49,2018-08-16 09:32:37,CS1,SPREAD_TIGHT,,,,spread=0.0100 < 0.04 — waiting
21:10:49,2018-08-16 09:32:37,CS2,FILLED,BID,203.73,,order no longer in waiting list
21:10:49,2018-08-16 09:32:37,CS2,CANCEL,ASK,203.8,,outside spread bid=203.64 ask=203.71
21:10:50,2018-08-16 09:32:37,CS2,SUBMIT,BUY,203.64,3,bid=203.64 spread=0.0700 pos=+11L inv_ratio=0.37 skew=0.0103
21:10:51,2018-08-16 09:32:37,CS2,SUBMIT,SELL,203.69,3,ask=203.69 spread=0.0700 pos=+11L inv_ratio=0.37 skew=0.0103
21:10:51,2018-08-16 09:32:37,CS2,STATUS,,,,bid=203.64(REST) ask=203.69(REST) spread=0.0700 pos=+11L inv_ratio=0.37 skew=0.0103
21:10:52,2018-08-16 09:32:39,CS1,SPREAD_TIGHT,,,,spread=0.0100 < 0.04 — waiting
21:10:52,2018-08-16 09:32:39,CS2,FILLED,BID,203.64,,order no longer in waiting list
21:10:52,2018-08-16 09:32:39,CS2,FILLED,ASK,203.69,,order no longer in waiting list
21:10:53,2018-08-16 09:32:39,CS2,SUBMIT,BUY,203.7,3,bid=203.7 spread=0.1500 pos=+11L inv_ratio=0.37 skew=0.0220
21:10:54,2018-08-16 09:32:39,CS2,SUBMIT,SELL,203.83,3,ask=203.83 spread=0.1500 pos=+11L inv_ratio=0.37 skew=0.0220
21:10:54,2018-08-16 09:32:39,CS2,STATUS,,,,bid=203.7(REST) ask=203.83(REST) spread=0.1500 pos=+11L inv_ratio=0.37 skew=0.0220
21:10:55,2018-08-16 09:32:40,CS1,SUBMIT,BUY,99.76,3,bid=99.76 spread=0.7500 pos=+20L inv_ratio=0.67 skew=0.2000
21:10:56,2018-08-16 09:32:40,CS1,SUBMIT,SELL,100.49,3,ask=100.49 spread=0.7500 pos=+20L inv_ratio=0.67 skew=0.2000
21:10:56,2018-08-16 09:32:40,CS1,STATUS,,,,bid=99.76(REST) ask=100.49(REST) spread=0.7500 pos=+20L inv_ratio=0.67 skew=0.2000
21:10:56,2018-08-16 09:32:40,CS2,FILLED,BID,203.7,,order no longer in waiting list
21:10:56,2018-08-16 09:32:40,CS2,FILLED,ASK,203.83,,order no longer in waiting list
21:10:57,2018-08-16 09:32:40,CS2,SUBMIT,BUY,203.41,3,bid=203.41 spread=0.1700 pos=+14L inv_ratio=0.47 skew=0.0317
21:10:58,2018-08-16 09:32:40,CS2,SUBMIT,SELL,203.56,3,ask=203.56 spread=0.1700 pos=+14L inv_ratio=0.47 skew=0.0317
21:10:58,2018-08-16 09:32:40,CS2,STATUS,,,,bid=203.41(REST) ask=203.56(REST) spread=0.1700 pos=+14L inv_ratio=0.47 skew=0.0317
21:10:58,2018-08-16 09:32:45,CS1,ARB_DETECT,,100.7/100.59,13,agg_bid=19L agg_ask=13L submitting=13L
21:10:58,2018-08-16 09:32:45,CS1,ARB_SUBMIT,BOTH,,13,buy_id=da395449 sell_id=44a78fbf
21:10:58,2018-08-16 09:32:45,CS1,CANCEL,BID,99.76,,outside spread bid=100.7 ask=100.59
21:10:58,2018-08-16 09:32:45,CS1,FILLED,ASK,100.49,,order no longer in waiting list
21:10:58,2018-08-16 09:32:45,CS1,SPREAD_TIGHT,,,,spread=-0.1100 < 0.04 — waiting
21:10:58,2018-08-16 09:32:45,CS2,FILLED,BID,203.41,,order no longer in waiting list
21:10:58,2018-08-16 09:32:45,CS2,FILLED,ASK,203.56,,order no longer in waiting list
21:10:58,2018-08-16 09:32:45,CS2,SPREAD_TIGHT,,,,spread=0.0100 < 0.04 — waiting
21:10:59,2018-08-16 09:32:45,CS1,ARB_DETECT,,100.7/100.59,13,agg_bid=19L agg_ask=13L submitting=13L
21:10:59,2018-08-16 09:32:45,CS1,ARB_SUBMIT,BOTH,,13,buy_id=b32b7414 sell_id=83401a91
21:10:59,2018-08-16 09:32:46,CS1,ARB_FILLED,BUY,100.59,13,fully filled
21:10:59,2018-08-16 09:32:46,CS1,ARB_FILLED,SELL,100.7,13,fully filled
21:11:00,2018-08-16 09:32:47,CS1,SPREAD_TIGHT,,,,spread=0.0100 < 0.04 — waiting
21:11:00,2018-08-16 09:32:47,CS2,SPREAD_TIGHT,,,,spread=0.0200 < 0.04 — waiting
21:11:03,2018-08-16 09:32:49,CS1,SUBMIT,BUY,99.49,3,bid=99.49 spread=1.0100 pos=+17L inv_ratio=0.57 skew=0.2289
21:11:04,2018-08-16 09:32:49,CS1,SUBMIT,SELL,100.48,3,ask=100.48 spread=1.0100 pos=+17L inv_ratio=0.57 skew=0.2289
21:11:04,2018-08-16 09:32:49,CS1,STATUS,,,,bid=99.49(REST) ask=100.48(REST) spread=1.0100 pos=+17L inv_ratio=0.57 skew=0.2289
21:11:04,2018-08-16 09:32:49,CS2,SPREAD_TIGHT,,,,spread=0.0100 < 0.04 — waiting
21:11:04,2018-08-16 09:32:51,CS1,ARB_FILLED,BUY,100.7208,13,fully filled
21:11:04,2018-08-16 09:32:51,CS1,ARB_FILLED,SELL,99.6546,13,fully filled
21:11:04,2018-08-16 09:32:51,CS1,ARB_DETECT,,99.63/98.97,26,agg_bid=223L agg_ask=26L submitting=26L
21:11:04,2018-08-16 09:32:51,CS1,ARB_SUBMIT,BOTH,,26,buy_id=1cf3ae2c sell_id=b0e6156b
21:11:04,2018-08-16 09:32:51,CS1,FILLED,BID,99.49,,order no longer in waiting list
21:11:04,2018-08-16 09:32:51,CS1,FILLED,ASK,100.48,,order no longer in waiting list
21:11:04,2018-08-16 09:32:51,CS1,SPREAD_TIGHT,,,,spread=-0.6600 < 0.04 — waiting
21:11:06,2018-08-16 09:32:53,CS2,SPREAD_TIGHT,,,,spread=0.0200 < 0.04 — waiting
21:11:07,2018-08-16 09:32:53,CS1,SUBMIT,BUY,100.21,3,bid=100.21 spread=0.4400 pos=+17L inv_ratio=0.57 skew=0.0997
21:11:08,2018-08-16 09:32:53,CS1,SUBMIT,SELL,100.63,3,ask=100.63 spread=0.4400 pos=+17L inv_ratio=0.57 skew=0.0997
21:11:08,2018-08-16 09:32:53,CS1,STATUS,,,,bid=100.21(REST) ask=100.63(REST) spread=0.4400 pos=+17L inv_ratio=0.57 skew=0.0997
21:11:08,2018-08-16 09:32:53,CS2,SPREAD_TIGHT,,,,spread=0.0100 < 0.04 — waiting
21:11:09,2018-08-16 09:32:55,CS1,ARB_FILLED,BUY,100.7908,26,fully filled
21:11:09,2018-08-16 09:32:55,CS1,ARB_FILLED,SELL,99.6531,26,fully filled
21:11:09,2018-08-16 09:32:55,CS1,FILLED,BID,100.21,,order no longer in waiting list
21:11:09,2018-08-16 09:32:55,CS1,FILLED,ASK,100.63,,order no longer in waiting list
21:11:10,2018-08-16 09:32:55,CS1,SUBMIT,BUY,99.46,3,bid=99.46 spread=0.9000 pos=+14L inv_ratio=0.47 skew=0.1680
21:11:11,2018-08-16 09:32:55,CS1,SUBMIT,SELL,100.34,3,ask=100.34 spread=0.9000 pos=+14L inv_ratio=0.47 skew=0.1680
21:11:11,2018-08-16 09:32:55,CS1,STATUS,,,,bid=99.46(REST) ask=100.34(REST) spread=0.9000 pos=+14L inv_ratio=0.47 skew=0.1680
21:11:11,2018-08-16 09:32:55,CS2,SPREAD_TIGHT,,,,spread=0.0100 < 0.04 — waiting
21:11:11,2018-08-16 09:32:57,CS1,ARB_DETECT,,100.07/100.05,19,agg_bid=40L agg_ask=19L submitting=19L
21:11:11,2018-08-16 09:32:57,CS1,ARB_SUBMIT,BOTH,,19,buy_id=54c6d028 sell_id=8e45e59d
21:11:11,2018-08-16 09:32:57,CS1,FILLED,BID,99.46,,order no longer in waiting list
21:11:11,2018-08-16 09:32:57,CS1,FILLED,ASK,100.34,,order no longer in waiting list
21:11:11,2018-08-16 09:32:57,CS1,SPREAD_TIGHT,,,,spread=-0.0200 < 0.04 — waiting
21:11:12,2018-08-16 09:32:58,CS1,ARB_DETECT,,100.07/100.05,16,agg_bid=21L agg_ask=16L submitting=16L
21:11:12,2018-08-16 09:32:58,CS1,ARB_SUBMIT,BOTH,,16,buy_id=2d88c52f sell_id=c4fb00c3
21:11:12,2018-08-16 09:32:59,CS1,ARB_FILLED,SELL,100.07,19,fully filled
21:11:13,2018-08-16 09:32:59,CS2,SPREAD_TIGHT,,,,spread=0.0400 < 0.04 — waiting
21:11:14,2018-08-16 09:33:00,CS1,SUBMIT,BUY,99.55,3,bid=99.55 spread=0.0900 pos=-8L inv_ratio=-0.27 skew=-0.0096
21:11:15,2018-08-16 09:33:00,CS1,SUBMIT,SELL,99.62,3,ask=99.62 spread=0.0900 pos=-8L inv_ratio=-0.27 skew=-0.0096
21:11:15,2018-08-16 09:33:00,CS1,STATUS,,,,bid=99.55(REST) ask=99.62(REST) spread=0.0900 pos=-8L inv_ratio=-0.27 skew=-0.0096
21:11:15,2018-08-16 09:33:00,CS2,SPREAD_TIGHT,,,,spread=0.0100 < 0.04 — waiting
21:11:15,2018-08-16 09:33:02,CS1,ARB_FILLED,BUY,100.12,16,fully filled
21:11:15,2018-08-16 09:33:02,CS1,ARB_FILLED,SELL,100.0256,16,fully filled
21:11:15,2018-08-16 09:33:02,CS1,CANCEL,BID,99.55,,outside spread bid=99.66 ask=100.05
21:11:15,2018-08-16 09:33:02,CS1,FILLED,ASK,99.62,,order no longer in waiting list
21:11:16,2018-08-16 09:33:02,CS1,SUBMIT,BUY,99.73,3,bid=99.73 spread=0.3900 pos=-11L inv_ratio=-0.37 skew=-0.0572
21:11:17,2018-08-16 09:33:02,CS1,SUBMIT,SELL,100.1,3,ask=100.1 spread=0.3900 pos=-11L inv_ratio=-0.37 skew=-0.0572
21:11:17,2018-08-16 09:33:02,CS1,STATUS,,,,bid=99.73(REST) ask=100.1(REST) spread=0.3900 pos=-11L inv_ratio=-0.37 skew=-0.0572
21:11:17,2018-08-16 09:33:02,CS2,SPREAD_TIGHT,,,,spread=-0.3800 < 0.04 — waiting
21:11:17,2018-08-16 09:33:04,CS1,ARB_DETECT,,100.1/99.85,20,agg_bid=20L agg_ask=20L submitting=20L
21:11:17,2018-08-16 09:33:04,CS1,ARB_SUBMIT,BOTH,,20,buy_id=56fe92d5 sell_id=ceb72527
21:11:17,2018-08-16 09:33:04,CS2,ARB_DETECT,,204.27/203.89,17,agg_bid=17L agg_ask=212L submitting=17L
21:11:17,2018-08-16 09:33:04,CS2,ARB_SUBMIT,BOTH,,17,buy_id=c182b877 sell_id=27edb559
21:11:17,2018-08-16 09:33:04,CS1,FILLED,BID,99.73,,order no longer in waiting list
21:11:17,2018-08-16 09:33:04,CS1,FILLED,ASK,100.1,,order no longer in waiting list
21:11:17,2018-08-16 09:33:04,CS1,SPREAD_TIGHT,,,,spread=-0.2500 < 0.04 — waiting
21:11:18,2018-08-16 09:33:04,CS1,ARB_DETECT,,100.1/99.85,20,agg_bid=20L agg_ask=20L submitting=20L
21:11:18,2018-08-16 09:33:04,CS1,ARB_SUBMIT,BOTH,,20,buy_id=a47100c4 sell_id=06952800
21:11:18,2018-08-16 09:33:04,CS2,ARB_DETECT,,204.27/203.89,17,agg_bid=17L agg_ask=192L submitting=17L
21:11:18,2018-08-16 09:33:04,CS2,ARB_SUBMIT,BOTH,,17,buy_id=f8cc92a7 sell_id=c9059f75
21:11:19,2018-08-16 09:33:06,CS2,ARB_DETECT,,204.27/203.9,17,agg_bid=17L agg_ask=155L submitting=17L
21:11:19,2018-08-16 09:33:06,CS2,ARB_SUBMIT,BOTH,,17,buy_id=f602fe6b sell_id=38851334
21:11:19,2018-08-16 09:33:06,CS2,ARB_DETECT,,204.27/203.9,8,agg_bid=8L agg_ask=115L submitting=8L
21:11:19,2018-08-16 09:33:06,CS2,ARB_SUBMIT,BOTH,,8,buy_id=c17787e0 sell_id=8a93353b
21:11:19,2018-08-16 09:33:06,CS2,SPREAD_TIGHT,,,,spread=-0.3700 < 0.04 — waiting
21:11:20,2018-08-16 09:33:06,CS1,SUBMIT,BUY,99.8,3,bid=99.8 spread=1.2000 pos=-8L inv_ratio=-0.27 skew=-0.1280
21:11:21,2018-08-16 09:33:06,CS1,SUBMIT,SELL,100.98,3,ask=100.98 spread=1.2000 pos=-8L inv_ratio=-0.27 skew=-0.1280
21:11:21,2018-08-16 09:33:06,CS1,STATUS,,,,bid=99.8(REST) ask=100.98(REST) spread=1.2000 pos=-8L inv_ratio=-0.27 skew=-0.1280
21:11:22,2018-08-16 09:33:06,CS2,SUBMIT,BUY,203.01,3,bid=203.01 spread=0.9200 pos=+0L inv_ratio=0.00 skew=0.0000
21:11:24,2018-08-16 09:33:06,CS2,SUBMIT,SELL,203.91,3,ask=203.91 spread=0.9200 pos=+0L inv_ratio=0.00 skew=0.0000
21:11:24,2018-08-16 09:33:06,CS2,STATUS,,,,bid=203.01(REST) ask=203.91(REST) spread=0.9200 pos=+0L inv_ratio=0.00 skew=0.0000
21:11:24,2018-08-16 09:33:11,CS1,ARB_FILLED,BUY,100.86,20,fully filled
21:11:24,2018-08-16 09:33:11,CS1,ARB_DETECT,,101.19/100.86,99,agg_bid=236L agg_ask=798L submitting=99L
21:11:24,2018-08-16 09:33:11,CS1,ARB_SUBMIT,BOTH,,99,buy_id=3e7b6e1d sell_id=e35c2ecb
21:11:24,2018-08-16 09:33:11,CS2,ARB_FILLED,SELL,203.87,17,fully filled
21:11:24,2018-08-16 09:33:11,CS1,CANCEL,BID,99.8,,outside spread bid=101.19 ask=100.86
21:11:24,2018-08-16 09:33:11,CS1,CANCEL,ASK,100.98,,outside spread bid=101.19 ask=100.86
21:11:24,2018-08-16 09:33:11,CS1,SPREAD_TIGHT,,,,spread=-0.3300 < 0.04 — waiting
21:11:24,2018-08-16 09:33:11,CS2,CANCEL,BID,203.01,,outside spread bid=202.99 ask=203.0
21:11:24,2018-08-16 09:33:11,CS2,CANCEL,ASK,203.91,,outside spread bid=202.99 ask=203.0
21:11:24,2018-08-16 09:33:11,CS2,SPREAD_TIGHT,,,,spread=0.0100 < 0.04 — waiting
21:11:24,2018-08-16 09:33:11,CS1,ARB_DETECT,,101.18/100.86,99,agg_bid=172L agg_ask=778L submitting=99L
21:11:24,2018-08-16 09:33:11,CS1,ARB_SUBMIT,BOTH,,99,buy_id=646eb3fd sell_id=813b6dfc
21:11:24,2018-08-16 09:33:11,CS2,ARB_DETECT,,203.89/203.0,1,agg_bid=1L agg_ask=12L submitting=1L
21:11:24,2018-08-16 09:33:11,CS2,ARB_SUBMIT,BOTH,,1,buy_id=f9e5106b sell_id=808fd432
21:11:25,2018-08-16 09:33:12,CS1,ARB_DETECT,,101.18/100.86,99,agg_bid=172L agg_ask=778L submitting=99L
21:11:25,2018-08-16 09:33:12,CS1,ARB_SUBMIT,BOTH,,99,buy_id=55a28af2 sell_id=24398bdf
21:11:26,2018-08-16 09:33:12,CS1,ARB_DETECT,,101.18/100.86,99,agg_bid=172L agg_ask=778L submitting=99L
21:11:26,2018-08-16 09:33:12,CS1,ARB_SUBMIT,BOTH,,99,buy_id=aeb00ec9 sell_id=c1bd84ae
21:11:26,2018-08-16 09:33:12,CS1,SPREAD_TIGHT,,,,spread=-0.3200 < 0.04 — waiting
21:11:27,2018-08-16 09:33:12,CS2,SUBMIT,BUY,203.99,3,bid=203.99 spread=0.0600 pos=+0L inv_ratio=0.00 skew=0.0000
21:11:28,2018-08-16 09:33:12,CS2,SUBMIT,SELL,204.03,3,ask=204.03 spread=0.0600 pos=+0L inv_ratio=0.00 skew=0.0000
21:11:28,2018-08-16 09:33:12,CS2,STATUS,,,,bid=203.99(REST) ask=204.03(REST) spread=0.0600 pos=+0L inv_ratio=0.00 skew=0.0000
21:11:28,2018-08-16 09:33:15,CS1,ARB_DETECT,,101.18/100.86,99,agg_bid=131L agg_ask=693L submitting=99L
21:11:28,2018-08-16 09:33:15,CS1,ARB_SUBMIT,BOTH,,99,buy_id=c9bfcb5f sell_id=acaf6db3
21:11:28,2018-08-16 09:33:15,CS2,ARB_FILLED,BUY,204.14,1,fully filled
21:11:28,2018-08-16 09:33:15,CS2,ARB_FILLED,SELL,203.46,1,fully filled
21:11:28,2018-08-16 09:33:15,CS1,SPREAD_TIGHT,,,,spread=-0.3200 < 0.04 — waiting
21:11:28,2018-08-16 09:33:15,CS2,CANCEL,BID,203.99,,outside spread bid=203.99 ask=204.03
21:11:28,2018-08-16 09:33:15,CS2,CANCEL,ASK,204.03,,outside spread bid=203.99 ask=204.03
21:11:28,2018-08-16 09:33:15,CS2,SPREAD_TIGHT,,,,spread=0.0400 < 0.04 — waiting
21:11:29,2018-08-16 09:33:16,CS1,ARB_DETECT,,101.18/99.54,100,agg_bid=206L agg_ask=246L submitting=100L
21:11:29,2018-08-16 09:33:16,CS1,ARB_SUBMIT,BOTH,,100,buy_id=fad21103 sell_id=3843eb82
21:11:29,2018-08-16 09:33:16,CS1,ARB_DETECT,,101.18/99.54,100,agg_bid=213L agg_ask=240L submitting=100L
21:11:29,2018-08-16 09:33:16,CS1,ARB_SUBMIT,BOTH,,100,buy_id=c20e3049 sell_id=8c3a04e3
21:11:30,2018-08-16 09:33:17,CS1,ARB_DETECT,,101.18/99.54,100,agg_bid=146L agg_ask=239L submitting=100L
21:11:30,2018-08-16 09:33:17,CS1,ARB_SUBMIT,BOTH,,100,buy_id=0cb7ce66 sell_id=f90d2f46
21:11:30,2018-08-16 09:33:17,CS1,SPREAD_TIGHT,,,,spread=-1.6400 < 0.04 — waiting
21:11:31,2018-08-16 09:33:17,CS2,SUBMIT,BUY,204.04,3,bid=204.04 spread=0.1200 pos=-3L inv_ratio=-0.10 skew=-0.0048
21:11:32,2018-08-16 09:33:17,CS2,SUBMIT,SELL,204.14,3,ask=204.14 spread=0.1200 pos=-3L inv_ratio=-0.10 skew=-0.0048
21:11:32,2018-08-16 09:33:17,CS2,STATUS,,,,bid=204.04(REST) ask=204.14(REST) spread=0.1200 pos=-3L inv_ratio=-0.10 skew=-0.0048
21:11:32,2018-08-16 09:33:19,CS1,ARB_DETECT,,101.18/99.55,100,agg_bid=144L agg_ask=230L submitting=100L
21:11:32,2018-08-16 09:33:19,CS1,ARB_SUBMIT,BOTH,,100,buy_id=077b60ac sell_id=dca183a5
21:11:32,2018-08-16 09:33:19,CS1,SPREAD_TIGHT,,,,spread=-1.6300 < 0.04 — waiting
21:11:32,2018-08-16 09:33:19,CS2,FILLED,BID,204.04,,order no longer in waiting list
21:11:32,2018-08-16 09:33:19,CS2,CANCEL,ASK,204.14,,outside spread bid=202.76 ask=202.78
21:11:32,2018-08-16 09:33:19,CS2,SPREAD_TIGHT,,,,spread=0.0200 < 0.04 — waiting
21:11:33,2018-08-16 09:33:20,CS1,ARB_DETECT,,101.17/99.55,100,agg_bid=108L agg_ask=210L submitting=100L
21:11:33,2018-08-16 09:33:20,CS1,ARB_SUBMIT,BOTH,,100,buy_id=71ed88c1 sell_id=fd48b8f6
21:11:34,2018-08-16 09:33:20,CS1,ARB_DETECT,,101.17/99.55,100,agg_bid=108L agg_ask=195L submitting=100L
21:11:34,2018-08-16 09:33:20,CS1,ARB_SUBMIT,BOTH,,100,buy_id=d57aa1db sell_id=6f3b2ad3
21:11:34,2018-08-16 09:33:21,CS1,ARB_DETECT,,101.16/99.55,100,agg_bid=151L agg_ask=194L submitting=100L
21:11:34,2018-08-16 09:33:21,CS1,ARB_SUBMIT,BOTH,,100,buy_id=19b00170 sell_id=2e7b7285
21:11:34,2018-08-16 09:33:21,CS1,SPREAD_TIGHT,,,,spread=-1.6100 < 0.04 — waiting
21:11:34,2018-08-16 09:33:21,CS2,SPREAD_TIGHT,,,,spread=0.0200 < 0.04 — waiting
21:11:35,2018-08-16 09:33:21,CS1,ARB_DETECT,,99.66/99.56,100,agg_bid=264L agg_ask=100L submitting=100L
21:11:35,2018-08-16 09:33:21,CS1,ARB_SUBMIT,BOTH,,100,buy_id=74bb4276 sell_id=56b0de5f
21:11:35,2018-08-16 09:33:22,CS1,ARB_DETECT,,99.66/99.56,98,agg_bid=264L agg_ask=98L submitting=98L
21:11:35,2018-08-16 09:33:22,CS1,ARB_SUBMIT,BOTH,,98,buy_id=87a17f61 sell_id=1b5c7b98
21:11:36,2018-08-16 09:33:23,CS1,ARB_DETECT,,99.66/99.56,78,agg_bid=264L agg_ask=78L submitting=78L
21:11:36,2018-08-16 09:33:23,CS1,ARB_SUBMIT,BOTH,,78,buy_id=e3783b85 sell_id=2fab49d7
21:11:36,2018-08-16 09:33:23,CS1,SPREAD_TIGHT,,,,spread=-0.0900 < 0.04 — waiting
21:11:36,2018-08-16 09:33:23,CS2,SPREAD_TIGHT,,,,spread=0.0200 < 0.04 — waiting
21:11:37,2018-08-16 09:33:24,CS1,ARB_DETECT,,99.66/99.57,56,agg_bid=264L agg_ask=56L submitting=56L
21:11:37,2018-08-16 09:33:24,CS1,ARB_SUBMIT,BOTH,,56,buy_id=98f9822c sell_id=26591882
21:11:37,2018-08-16 09:33:24,CS1,ARB_DETECT,,99.66/99.57,56,agg_bid=264L agg_ask=56L submitting=56L
21:11:37,2018-08-16 09:33:24,CS1,ARB_SUBMIT,BOTH,,56,buy_id=10af5625 sell_id=8e67f47f
21:11:38,2018-08-16 09:33:24,CS1,ARB_PARTIAL,SELL,99.66,75,partially filled — leaving open
21:11:38,2018-08-16 09:33:24,CS1,ARB_DETECT,,99.65/99.57,56,agg_bid=186L agg_ask=56L submitting=56L
21:11:38,2018-08-16 09:33:24,CS1,ARB_SUBMIT,BOTH,,56,buy_id=fa695c2d sell_id=2643c24b
21:11:38,2018-08-16 09:33:25,CS1,ARB_FILLED,SELL,99.6596,78,fully filled
21:11:38,2018-08-16 09:33:25,CS1,ARB_DETECT,,99.65/99.22,20,agg_bid=246L agg_ask=20L submitting=20L
21:11:38,2018-08-16 09:33:25,CS1,ARB_SUBMIT,BOTH,,20,buy_id=2740547e sell_id=9537aa5c
21:11:38,2018-08-16 09:33:25,CS1,SPREAD_TIGHT,,,,spread=-0.4300 < 0.04 — waiting
21:11:38,2018-08-16 09:33:25,CS2,SPREAD_TIGHT,,,,spread=0.0100 < 0.04 — waiting
21:11:39,2018-08-16 09:33:25,CS1,ARB_DETECT,,99.88/99.22,19,agg_bid=104L agg_ask=19L submitting=19L
21:11:39,2018-08-16 09:33:25,CS1,ARB_SUBMIT,BOTH,,19,buy_id=81d05fd2 sell_id=28441133
21:11:40,2018-08-16 09:33:26,CS1,ARB_DETECT,,99.88/99.57,55,agg_bid=103L agg_ask=55L submitting=55L
21:11:40,2018-08-16 09:33:26,CS1,ARB_SUBMIT,BOTH,,55,buy_id=80b99c69 sell_id=210c6671
21:11:40,2018-08-16 09:33:27,CS1,ARB_DETECT,,99.88/99.57,55,agg_bid=103L agg_ask=55L submitting=55L
21:11:40,2018-08-16 09:33:27,CS1,ARB_SUBMIT,BOTH,,55,buy_id=36a7bb69 sell_id=ad39e979
21:11:40,2018-08-16 09:33:27,CS1,SPREAD_TIGHT,,,,spread=-0.3100 < 0.04 — waiting
21:11:40,2018-08-16 09:33:27,CS2,SPREAD_TIGHT,,,,spread=0.0100 < 0.04 — waiting
21:11:41,2018-08-16 09:33:27,CS1,ARB_FILLED,BUY,99.57,20,fully filled
21:11:41,2018-08-16 09:33:27,CS1,ARB_DETECT,,99.85/99.57,35,agg_bid=112L agg_ask=35L submitting=35L
21:11:41,2018-08-16 09:33:27,CS1,ARB_SUBMIT,BOTH,,35,buy_id=8bfabea0 sell_id=067e7214
21:11:43,2018-08-16 09:33:29,CS1,SPREAD_TIGHT,,,,spread=0.0100 < 0.04 — waiting
21:11:43,2018-08-16 09:33:29,CS2,SPREAD_TIGHT,,,,spread=0.0100 < 0.04 — waiting
21:11:45,2018-08-16 09:33:32,CS1,ARB_FILLED,BUY,100.64,35,fully filled
21:11:45,2018-08-16 09:33:32,CS1,SPREAD_TIGHT,,,,spread=0.0200 < 0.04 — waiting
21:11:46,2018-08-16 09:33:32,CS2,SUBMIT,BUY,202.73,3,bid=202.73 spread=0.0500 pos=+3L inv_ratio=0.10 skew=0.0020
21:11:47,2018-08-16 09:33:32,CS2,SUBMIT,SELL,202.76,3,ask=202.76 spread=0.0500 pos=+3L inv_ratio=0.10 skew=0.0020
21:11:47,2018-08-16 09:33:32,CS2,STATUS,,,,bid=202.73(REST) ask=202.76(REST) spread=0.0500 pos=+3L inv_ratio=0.10 skew=0.0020
21:11:47,2018-08-16 09:33:34,CS1,ARB_DETECT,,100.63/100.01,99,agg_bid=193L agg_ask=248L submitting=99L
21:11:47,2018-08-16 09:33:34,CS1,ARB_SUBMIT,BOTH,,99,buy_id=ec1c7c55 sell_id=058c2280
21:11:47,2018-08-16 09:33:34,CS1,SPREAD_TIGHT,,,,spread=-0.6200 < 0.04 — waiting
21:11:47,2018-08-16 09:33:34,CS2,CANCEL,BID,202.73,,outside spread bid=202.73 ask=202.76
21:11:47,2018-08-16 09:33:34,CS2,CANCEL,ASK,202.76,,outside spread bid=202.73 ask=202.76
21:11:47,2018-08-16 09:33:34,CS2,SPREAD_TIGHT,,,,spread=0.0300 < 0.04 — waiting
21:11:47,2018-08-16 09:33:34,CS1,ARB_DETECT,,100.63/100.01,99,agg_bid=193L agg_ask=248L submitting=99L
21:11:47,2018-08-16 09:33:34,CS1,ARB_SUBMIT,BOTH,,99,buy_id=fb1371ba sell_id=c8196c74
21:11:48,2018-08-16 09:33:34,CS1,ARB_DETECT,,100.63/100.01,99,agg_bid=191L agg_ask=208L submitting=99L
21:11:48,2018-08-16 09:33:34,CS1,ARB_SUBMIT,BOTH,,99,buy_id=f0332239 sell_id=03dc77d3
21:11:49,2018-08-16 09:33:35,CS1,ARB_DETECT,,100.62/100.01,99,agg_bid=269L agg_ask=207L submitting=99L
21:11:49,2018-08-16 09:33:35,CS1,ARB_SUBMIT,BOTH,,99,buy_id=293b81cf sell_id=d444a1c8
21:11:49,2018-08-16 09:33:35,CS2,ARB_DETECT,,202.68/201.75,11,agg_bid=130L agg_ask=11L submitting=11L
21:11:49,2018-08-16 09:33:35,CS2,ARB_SUBMIT,BOTH,,11,buy_id=5ce11e73 sell_id=33366753
21:11:49,2018-08-16 09:33:35,CS1,SPREAD_TIGHT,,,,spread=-0.6000 < 0.04 — waiting
21:11:49,2018-08-16 09:33:35,CS2,SPREAD_TIGHT,,,,spread=-0.9300 < 0.04 — waiting
21:11:49,2018-08-16 09:33:35,CS1,ARB_DETECT,,100.62/100.02,99,agg_bid=240L agg_ask=261L submitting=99L
21:11:49,2018-08-16 09:33:35,CS1,ARB_SUBMIT,BOTH,,99,buy_id=c7796f26 sell_id=9d877ab0
21:11:49,2018-08-16 09:33:35,CS2,ARB_DETECT,,202.68/201.75,11,agg_bid=130L agg_ask=11L submitting=11L
21:11:49,2018-08-16 09:33:35,CS2,ARB_SUBMIT,BOTH,,11,buy_id=3583e237 sell_id=4ece92dd
21:11:50,2018-08-16 09:33:37,CS1,ARB_DETECT,,100.62/100.02,99,agg_bid=219L agg_ask=260L submitting=99L
21:11:50,2018-08-16 09:33:37,CS1,ARB_SUBMIT,BOTH,,99,buy_id=6bc7a4d6 sell_id=5af98a89
21:11:50,2018-08-16 09:33:37,CS2,ARB_DETECT,,202.76/202.72,5,agg_bid=5L agg_ask=16L submitting=5L
21:11:50,2018-08-16 09:33:37,CS2,ARB_SUBMIT,BOTH,,5,buy_id=d6c67ddc sell_id=4a151853
21:11:51,2018-08-16 09:33:37,CS1,ARB_DETECT,,100.62/100.02,99,agg_bid=219L agg_ask=260L submitting=99L
21:11:51,2018-08-16 09:33:37,CS1,ARB_SUBMIT,BOTH,,99,buy_id=5346a13d sell_id=c1fb3f23
21:11:51,2018-08-16 09:33:37,CS1,SPREAD_TIGHT,,,,spread=-0.6000 < 0.04 — waiting
21:11:51,2018-08-16 09:33:37,CS2,SPREAD_TIGHT,,,,spread=0.0200 < 0.04 — waiting
21:11:51,2018-08-16 09:33:37,CS1,ARB_DETECT,,100.62/100.02,99,agg_bid=219L agg_ask=260L submitting=99L
21:11:51,2018-08-16 09:33:37,CS1,ARB_SUBMIT,BOTH,,99,buy_id=9f4d4568 sell_id=fbb66ca7
21:11:52,2018-08-16 09:33:38,CS1,ARB_DETECT,,100.62/100.02,99,agg_bid=219L agg_ask=260L submitting=99L
21:11:52,2018-08-16 09:33:38,CS1,ARB_SUBMIT,BOTH,,99,buy_id=b6ae95a0 sell_id=75a72ce2
21:11:52,2018-08-16 09:33:38,CS2,ARB_FILLED,BUY,202.79,11,fully filled
21:11:52,2018-08-16 09:33:38,CS2,ARB_FILLED,SELL,202.68,11,fully filled
21:11:52,2018-08-16 09:33:38,CS2,ARB_FILLED,BUY,202.79,11,fully filled
21:11:52,2018-08-16 09:33:38,CS2,ARB_FILLED,BUY,202.79,5,fully filled
21:11:52,2018-08-16 09:33:39,CS1,ARB_DETECT,,100.61/100.02,99,agg_bid=223L agg_ask=219L submitting=99L
21:11:52,2018-08-16 09:33:39,CS1,ARB_SUBMIT,BOTH,,99,buy_id=d86f6df2 sell_id=69567a95
21:11:52,2018-08-16 09:33:39,CS2,ARB_DETECT,,202.68/202.53,49,agg_bid=91L agg_ask=269L submitting=49L
21:11:52,2018-08-16 09:33:39,CS2,ARB_SUBMIT,BOTH,,49,buy_id=1191545a sell_id=004ad300
21:11:53,2018-08-16 09:33:40,CS1,ARB_DETECT,,100.6/100.03,99,agg_bid=254L agg_ask=192L submitting=99L
21:11:53,2018-08-16 09:33:40,CS1,ARB_SUBMIT,BOTH,,99,buy_id=f8130299 sell_id=11f91548
21:11:53,2018-08-16 09:33:40,CS2,ARB_DETECT,,202.68/202.53,49,agg_bid=91L agg_ask=265L submitting=49L
21:11:53,2018-08-16 09:33:40,CS2,ARB_SUBMIT,BOTH,,49,buy_id=ca749bfd sell_id=f1de8d4d
21:11:53,2018-08-16 09:33:40,CS1,SPREAD_TIGHT,,,,spread=-0.5700 < 0.04 — waiting
21:11:53,2018-08-16 09:33:40,CS2,SPREAD_TIGHT,,,,spread=-0.1500 < 0.04 — waiting
21:11:54,2018-08-16 09:33:40,CS1,ARB_DETECT,,100.6/100.03,99,agg_bid=254L agg_ask=190L submitting=99L
21:11:54,2018-08-16 09:33:40,CS1,ARB_SUBMIT,BOTH,,99,buy_id=c962999b sell_id=2a6e03dc
21:11:54,2018-08-16 09:33:40,CS2,ARB_DETECT,,202.68/202.53,49,agg_bid=90L agg_ask=245L submitting=49L
21:11:54,2018-08-16 09:33:40,CS2,ARB_SUBMIT,BOTH,,49,buy_id=76b4e47b sell_id=3d2b3354
21:11:54,2018-08-16 09:33:41,CS1,ARB_DETECT,,100.6/100.03,99,agg_bid=254L agg_ask=190L submitting=99L
21:11:54,2018-08-16 09:33:41,CS1,ARB_SUBMIT,BOTH,,99,buy_id=6b9368ba sell_id=be58f7ba
21:11:54,2018-08-16 09:33:41,CS2,ARB_DETECT,,202.68/202.53,49,agg_bid=90L agg_ask=245L submitting=49L
21:11:54,2018-08-16 09:33:41,CS2,ARB_SUBMIT,BOTH,,49,buy_id=167d3017 sell_id=0b9750f2
21:11:55,2018-08-16 09:33:41,CS1,ARB_DETECT,,100.6/100.03,99,agg_bid=234L agg_ask=189L submitting=99L
21:11:55,2018-08-16 09:33:41,CS1,ARB_SUBMIT,BOTH,,99,buy_id=fd65a590 sell_id=7e5577f1
21:11:55,2018-08-16 09:33:41,CS2,ARB_DETECT,,202.68/202.53,49,agg_bid=90L agg_ask=243L submitting=49L
21:11:55,2018-08-16 09:33:41,CS2,ARB_SUBMIT,BOTH,,49,buy_id=397a35c3 sell_id=0237759e
21:11:55,2018-08-16 09:33:42,CS1,SPREAD_TIGHT,,,,spread=-0.5600 < 0.04 — waiting
21:11:55,2018-08-16 09:33:42,CS2,SPREAD_TIGHT,,,,spread=-0.1500 < 0.04 — waiting
21:11:55,2018-08-16 09:33:42,CS1,ARB_DETECT,,100.59/100.03,99,agg_bid=253L agg_ask=188L submitting=99L
21:11:55,2018-08-16 09:33:42,CS1,ARB_SUBMIT,BOTH,,99,buy_id=d5e2ffe3 sell_id=8596cf7f
21:11:55,2018-08-16 09:33:42,CS2,ARB_DETECT,,202.68/202.53,49,agg_bid=89L agg_ask=243L submitting=49L
21:11:55,2018-08-16 09:33:42,CS2,ARB_SUBMIT,BOTH,,49,buy_id=6feab3a9 sell_id=0b93d5bd
21:11:56,2018-08-16 09:33:43,CS1,ARB_DETECT,,100.46/99.57,100,agg_bid=253L agg_ask=269L submitting=100L
21:11:56,2018-08-16 09:33:43,CS1,ARB_SUBMIT,BOTH,,100,buy_id=858df5f6 sell_id=76ea80fe
21:11:56,2018-08-16 09:33:43,CS2,ARB_DETECT,,202.68/202.53,49,agg_bid=89L agg_ask=243L submitting=49L
21:11:56,2018-08-16 09:33:43,CS2,ARB_SUBMIT,BOTH,,49,buy_id=8063313e sell_id=d8a05ee1
21:11:57,2018-08-16 09:33:43,CS1,ARB_DETECT,,100.46/99.57,100,agg_bid=252L agg_ask=267L submitting=100L
21:11:57,2018-08-16 09:33:43,CS1,ARB_SUBMIT,BOTH,,100,buy_id=c70aaa90 sell_id=25bcbcc7
21:11:57,2018-08-16 09:33:43,CS2,ARB_DETECT,,202.68/202.53,49,agg_bid=89L agg_ask=243L submitting=49L
21:11:57,2018-08-16 09:33:43,CS2,ARB_SUBMIT,BOTH,,49,buy_id=af6aae72 sell_id=29aa5e76
21:11:57,2018-08-16 09:33:44,CS1,SPREAD_TIGHT,,,,spread=-0.8900 < 0.04 — waiting
21:11:57,2018-08-16 09:33:44,CS2,SPREAD_TIGHT,,,,spread=-0.1400 < 0.04 — waiting
21:11:57,2018-08-16 09:33:44,CS1,ARB_DETECT,,100.46/99.57,100,agg_bid=252L agg_ask=225L submitting=100L
21:11:57,2018-08-16 09:33:44,CS1,ARB_SUBMIT,BOTH,,100,buy_id=54970cd1 sell_id=136ce5ef
21:11:57,2018-08-16 09:33:44,CS2,ARB_DETECT,,202.67/202.53,49,agg_bid=64L agg_ask=243L submitting=49L
21:11:57,2018-08-16 09:33:44,CS2,ARB_SUBMIT,BOTH,,49,buy_id=4a9a26f3 sell_id=e74cc0ec
21:11:58,2018-08-16 09:33:44,CS1,ARB_DETECT,,100.46/99.57,100,agg_bid=252L agg_ask=225L submitting=100L
21:11:58,2018-08-16 09:33:44,CS1,ARB_SUBMIT,BOTH,,100,buy_id=ecccd47a sell_id=bf9b53f6
21:11:58,2018-08-16 09:33:44,CS2,ARB_DETECT,,202.64/202.53,12,agg_bid=12L agg_ask=242L submitting=12L
21:11:58,2018-08-16 09:33:44,CS2,ARB_SUBMIT,BOTH,,12,buy_id=15a20de0 sell_id=589f6f36
21:11:59,2018-08-16 09:33:45,CS1,ARB_DETECT,,100.46/99.58,100,agg_bid=252L agg_ask=191L submitting=100L
21:11:59,2018-08-16 09:33:45,CS1,ARB_SUBMIT,BOTH,,100,buy_id=4a8d69a1 sell_id=e1ca95ec
21:11:59,2018-08-16 09:33:45,CS2,ARB_DETECT,,202.64/202.53,12,agg_bid=12L agg_ask=240L submitting=12L
21:11:59,2018-08-16 09:33:45,CS2,ARB_SUBMIT,BOTH,,12,buy_id=574b007d sell_id=8ac1b6c2
21:11:59,2018-08-16 09:33:45,CS1,ARB_DETECT,,100.46/99.58,100,agg_bid=251L agg_ask=169L submitting=100L
21:11:59,2018-08-16 09:33:45,CS1,ARB_SUBMIT,BOTH,,100,buy_id=8bc7cd4d sell_id=793d1445
21:11:59,2018-08-16 09:33:45,CS2,ARB_DETECT,,202.64/202.53,12,agg_bid=12L agg_ask=218L submitting=12L
21:11:59,2018-08-16 09:33:45,CS2,ARB_SUBMIT,BOTH,,12,buy_id=7f5d3d10 sell_id=978cd62a
21:11:59,2018-08-16 09:33:45,CS1,SPREAD_TIGHT,,,,spread=-0.8800 < 0.04 — waiting
21:11:59,2018-08-16 09:33:45,CS2,SPREAD_TIGHT,,,,spread=-0.1100 < 0.04 — waiting
21:12:00,2018-08-16 09:33:46,CS1,ARB_DETECT,,100.46/99.58,100,agg_bid=251L agg_ask=169L submitting=100L
21:12:00,2018-08-16 09:33:46,CS1,ARB_SUBMIT,BOTH,,100,buy_id=fabcca1b sell_id=20f2f868
21:12:00,2018-08-16 09:33:47,CS1,ARB_DETECT,,100.46/99.58,100,agg_bid=251L agg_ask=151L submitting=100L
21:12:00,2018-08-16 09:33:47,CS1,ARB_SUBMIT,BOTH,,100,buy_id=edc7f1a3 sell_id=4b2c05cc
21:12:00,2018-08-16 09:33:47,CS2,ARB_FILLED,BUY,202.53,12,fully filled
21:12:00,2018-08-16 09:33:47,CS2,ARB_FILLED,SELL,202.51,12,fully filled
21:12:00,2018-08-16 09:33:47,CS2,ARB_FILLED,SELL,202.51,12,fully filled
21:12:01,2018-08-16 09:33:47,CS1,ARB_DETECT,,100.46/100.05,15,agg_bid=15L agg_ask=26L submitting=15L
21:12:01,2018-08-16 09:33:47,CS1,ARB_SUBMIT,BOTH,,15,buy_id=8882035d sell_id=9e8f972a
21:12:02,2018-08-16 09:33:47,CS1,SUBMIT,BUY,100.48,3,bid=100.48 spread=0.0900 pos=-8L inv_ratio=-0.27 skew=-0.0096
21:12:03,2018-08-16 09:33:47,CS1,SUBMIT,SELL,100.55,3,ask=100.55 spread=0.0900 pos=-8L inv_ratio=-0.27 skew=-0.0096
21:12:03,2018-08-16 09:33:47,CS1,STATUS,,,,bid=100.48(REST) ask=100.55(REST) spread=0.0900 pos=-8L inv_ratio=-0.27 skew=-0.0096
21:12:03,2018-08-16 09:33:47,CS2,SPREAD_TIGHT,,,,spread=-1.2200 < 0.04 — waiting
21:12:03,2018-08-16 09:33:49,CS1,FILLED,ASK,100.55,,order no longer in waiting list
21:12:04,2018-08-16 09:33:49,CS1,SUBMIT,SELL,100.61,3,ask=100.61 spread=0.5700 pos=-8L inv_ratio=-0.27 skew=-0.0608
21:12:04,2018-08-16 09:33:49,CS1,STATUS,,,,bid=100.06(REST) ask=100.61(REST) spread=0.5700 pos=-8L inv_ratio=-0.27 skew=-0.0608
21:12:05,2018-08-16 09:33:51,CS1,ARB_FILLED,BUY,100.56,15,fully filled
21:12:05,2018-08-16 09:33:51,CS2,ARB_FILLED,BUY,202.54,12,fully filled
21:12:05,2018-08-16 09:33:51,CS2,ARB_FILLED,SELL,202.53,12,fully filled
21:12:05,2018-08-16 09:33:52,CS2,ARB_DETECT,,202.51/202.4,12,agg_bid=214L agg_ask=12L submitting=12L
21:12:05,2018-08-16 09:33:52,CS2,ARB_SUBMIT,BOTH,,12,buy_id=290480d6 sell_id=25d2ff49
21:12:05,2018-08-16 09:33:52,CS2,SPREAD_TIGHT,,,,spread=-0.1100 < 0.04 — waiting
21:12:06,2018-08-16 09:33:52,CS1,FILLED,BID,100.48,,order no longer in waiting list
21:12:06,2018-08-16 09:33:52,CS1,FILLED,ASK,100.61,,order no longer in waiting list
21:12:06,2018-08-16 09:33:52,CS1,SPREAD_TIGHT,,,,spread=0.0000 < 0.04 — waiting
21:12:08,2018-08-16 09:33:53,CS2,SUBMIT,BUY,202.52,3,bid=202.52 spread=0.0400 pos=+7L inv_ratio=0.23 skew=0.0037
21:12:09,2018-08-16 09:33:53,CS2,SUBMIT,SELL,202.54,3,ask=202.54 spread=0.0400 pos=+7L inv_ratio=0.23 skew=0.0037
21:12:09,2018-08-16 09:33:53,CS2,STATUS,,,,bid=202.52(REST) ask=202.54(REST) spread=0.0400 pos=+7L inv_ratio=0.23 skew=0.0037
21:12:10,2018-08-16 09:33:54,CS2,ARB_FILLED,BUY,202.55,12,fully filled
21:12:10,2018-08-16 09:33:54,CS2,ARB_FILLED,SELL,202.5033,12,fully filled
21:12:11,2018-08-16 09:33:54,CS1,SUBMIT,BUY,100.22,3,bid=100.22 spread=0.4100 pos=+7L inv_ratio=0.23 skew=0.0383
21:12:12,2018-08-16 09:33:54,CS1,SUBMIT,SELL,100.61,3,ask=100.61 spread=0.4100 pos=+7L inv_ratio=0.23 skew=0.0383
21:12:12,2018-08-16 09:33:54,CS1,STATUS,,,,bid=100.22(REST) ask=100.61(REST) spread=0.4100 pos=+7L inv_ratio=0.23 skew=0.0383
21:12:12,2018-08-16 09:33:54,CS2,FILLED,BID,202.52,,order no longer in waiting list
21:12:12,2018-08-16 09:33:54,CS2,FILLED,ASK,202.54,,order no longer in waiting list
21:12:13,2018-08-16 09:33:54,CS2,SUBMIT,BUY,202.51,3,bid=202.51 spread=0.0500 pos=+7L inv_ratio=0.23 skew=0.0047
21:12:14,2018-08-16 09:33:54,CS2,SUBMIT,SELL,202.54,3,ask=202.54 spread=0.0500 pos=+7L inv_ratio=0.23 skew=0.0047
21:12:14,2018-08-16 09:33:54,CS2,STATUS,,,,bid=202.51(REST) ask=202.54(REST) spread=0.0500 pos=+7L inv_ratio=0.23 skew=0.0047
21:12:14,2018-08-16 09:33:59,CS1,CANCEL,BID,100.22,,outside spread bid=100.67 ask=100.68
21:12:14,2018-08-16 09:33:59,CS1,FILLED,ASK,100.61,,order no longer in waiting list
21:12:14,2018-08-16 09:33:59,CS1,SPREAD_TIGHT,,,,spread=0.0100 < 0.04 — waiting
21:12:14,2018-08-16 09:33:59,CS2,CANCEL,BID,202.51,,outside spread bid=202.52 ask=202.54
21:12:14,2018-08-16 09:33:59,CS2,FILLED,ASK,202.54,,order no longer in waiting list
21:12:14,2018-08-16 09:33:59,CS2,SPREAD_TIGHT,,,,spread=0.0200 < 0.04 — waiting
21:12:16,2018-08-16 09:34:01,CS1,SPREAD_TIGHT,,,,spread=0.0300 < 0.04 — waiting
21:12:16,2018-08-16 09:34:01,CS2,SPREAD_TIGHT,,,,spread=0.0400 < 0.04 — waiting
21:12:18,2018-08-16 09:34:02,CS1,SPREAD_TIGHT,,,,spread=0.0300 < 0.04 — waiting
21:12:19,2018-08-16 09:34:02,CS2,SUBMIT,BUY,201.94,3,bid=201.94 spread=0.5600 pos=+10L inv_ratio=0.33 skew=0.0747
21:12:20,2018-08-16 09:34:02,CS2,SUBMIT,SELL,202.48,3,ask=202.48 spread=0.5600 pos=+10L inv_ratio=0.33 skew=0.0747
21:12:20,2018-08-16 09:34:02,CS2,STATUS,,,,bid=201.94(REST) ask=202.48(REST) spread=0.5600 pos=+10L inv_ratio=0.33 skew=0.0747
21:12:20,2018-08-16 09:34:05,CS1,SPREAD_TIGHT,,,,spread=0.0100 < 0.04 — waiting
21:12:20,2018-08-16 09:34:05,CS2,CANCEL,BID,201.94,,outside spread bid=202.0 ask=202.95
21:12:20,2018-08-16 09:34:05,CS2,FILLED,ASK,202.48,,order no longer in waiting list
21:12:21,2018-08-16 09:34:05,CS2,SUBMIT,BUY,201.88,3,bid=201.88 spread=0.9500 pos=+10L inv_ratio=0.33 skew=0.1267
21:12:22,2018-08-16 09:34:05,CS2,SUBMIT,SELL,202.81,3,ask=202.81 spread=0.9500 pos=+10L inv_ratio=0.33 skew=0.1267
21:12:22,2018-08-16 09:34:05,CS2,STATUS,,,,bid=201.88(REST) ask=202.81(REST) spread=0.9500 pos=+10L inv_ratio=0.33 skew=0.1267
21:12:22,2018-08-16 09:34:09,CS1,SPREAD_TIGHT,,,,spread=0.0100 < 0.04 — waiting
21:12:22,2018-08-16 09:34:09,CS2,FILLED,BID,201.88,,order no longer in waiting list
21:12:22,2018-08-16 09:34:09,CS2,FILLED,ASK,202.81,,order no longer in waiting list
21:12:23,2018-08-16 09:34:09,CS2,SUBMIT,BUY,202.46,3,bid=202.46 spread=0.0800 pos=+10L inv_ratio=0.33 skew=0.0107
21:12:24,2018-08-16 09:34:09,CS2,SUBMIT,SELL,202.52,3,ask=202.52 spread=0.0800 pos=+10L inv_ratio=0.33 skew=0.0107
21:12:24,2018-08-16 09:34:09,CS2,STATUS,,,,bid=202.46(REST) ask=202.52(REST) spread=0.0800 pos=+10L inv_ratio=0.33 skew=0.0107
21:12:26,2018-08-16 09:34:11,CS1,SUBMIT,BUY,99.92,3,bid=99.92 spread=0.8900 pos=+7L inv_ratio=0.23 skew=0.0831
21:12:27,2018-08-16 09:34:11,CS1,SUBMIT,SELL,100.79,3,ask=100.79 spread=0.8900 pos=+7L inv_ratio=0.23 skew=0.0831
21:12:27,2018-08-16 09:34:11,CS1,STATUS,,,,bid=99.92(REST) ask=100.79(REST) spread=0.8900 pos=+7L inv_ratio=0.23 skew=0.0831
21:12:27,2018-08-16 09:34:11,CS2,CANCEL,BID,202.46,,outside spread bid=202.46 ask=202.48
21:12:27,2018-08-16 09:34:11,CS2,FILLED,ASK,202.52,,order no longer in waiting list
21:12:27,2018-08-16 09:34:11,CS2,SPREAD_TIGHT,,,,spread=0.0200 < 0.04 — waiting
21:12:27,2018-08-16 09:34:12,CS1,FILLED,BID,99.92,,order no longer in waiting list
21:12:27,2018-08-16 09:34:12,CS1,FILLED,ASK,100.79,,order no longer in waiting list
21:12:28,2018-08-16 09:34:12,CS1,SUBMIT,BUY,99.91,3,bid=99.91 spread=0.9400 pos=+7L inv_ratio=0.23 skew=0.0877
21:12:29,2018-08-16 09:34:12,CS1,SUBMIT,SELL,100.83,3,ask=100.83 spread=0.9400 pos=+7L inv_ratio=0.23 skew=0.0877
21:12:29,2018-08-16 09:34:12,CS1,STATUS,,,,bid=99.91(REST) ask=100.83(REST) spread=0.9400 pos=+7L inv_ratio=0.23 skew=0.0877
21:12:30,2018-08-16 09:34:12,CS2,SUBMIT,BUY,202.46,3,bid=202.46 spread=0.7300 pos=+1L inv_ratio=0.03 skew=0.0097
21:12:31,2018-08-16 09:34:12,CS2,SUBMIT,SELL,203.17,3,ask=203.17 spread=0.7300 pos=+1L inv_ratio=0.03 skew=0.0097
21:12:31,2018-08-16 09:34:12,CS2,STATUS,,,,bid=202.46(REST) ask=203.17(REST) spread=0.7300 pos=+1L inv_ratio=0.03 skew=0.0097
21:12:31,2018-08-16 09:34:15,CS1,CANCEL,BID,99.91,,outside spread bid=100.92 ask=100.93
21:12:31,2018-08-16 09:34:15,CS1,FILLED,ASK,100.83,,order no longer in waiting list
21:12:31,2018-08-16 09:34:15,CS1,SPREAD_TIGHT,,,,spread=0.0100 < 0.04 — waiting
21:12:31,2018-08-16 09:34:15,CS2,FILLED,BID,202.46,,order no longer in waiting list
21:12:31,2018-08-16 09:34:15,CS2,FILLED,ASK,203.17,,order no longer in waiting list
21:12:32,2018-08-16 09:34:15,CS2,SUBMIT,BUY,201.91,3,bid=201.91 spread=0.5900 pos=+4L inv_ratio=0.13 skew=0.0315
21:12:33,2018-08-16 09:34:15,CS2,SUBMIT,SELL,202.48,3,ask=202.48 spread=0.5900 pos=+4L inv_ratio=0.13 skew=0.0315
21:12:33,2018-08-16 09:34:15,CS2,STATUS,,,,bid=201.91(REST) ask=202.48(REST) spread=0.5900 pos=+4L inv_ratio=0.13 skew=0.0315
21:12:34,2018-08-16 09:34:17,CS1,SUBMIT,BUY,100.44,3,bid=100.44 spread=0.4700 pos=+4L inv_ratio=0.13 skew=0.0251
21:12:35,2018-08-16 09:34:17,CS1,SUBMIT,SELL,100.89,3,ask=100.89 spread=0.4700 pos=+4L inv_ratio=0.13 skew=0.0251
21:12:35,2018-08-16 09:34:17,CS1,STATUS,,,,bid=100.44(REST) ask=100.89(REST) spread=0.4700 pos=+4L inv_ratio=0.13 skew=0.0251
21:12:35,2018-08-16 09:34:17,CS2,CANCEL,BID,201.91,,outside spread bid=202.46 ask=202.48
21:12:35,2018-08-16 09:34:17,CS2,CANCEL,ASK,202.48,,outside spread bid=202.46 ask=202.48
21:12:35,2018-08-16 09:34:17,CS2,SPREAD_TIGHT,,,,spread=0.0200 < 0.04 — waiting
21:12:36,2018-08-16 09:34:23,CS1,CANCEL,BID,100.44,,outside spread bid=100.69 ask=100.93
21:12:36,2018-08-16 09:34:23,CS1,FILLED,ASK,100.89,,order no longer in waiting list
21:12:37,2018-08-16 09:34:23,CS1,SUBMIT,BUY,100.69,3,bid=100.69 spread=0.2400 pos=+2L inv_ratio=0.07 skew=0.0064
21:12:38,2018-08-16 09:34:23,CS1,SUBMIT,SELL,100.91,3,ask=100.91 spread=0.2400 pos=+2L inv_ratio=0.07 skew=0.0064
21:12:38,2018-08-16 09:34:23,CS1,STATUS,,,,bid=100.69(REST) ask=100.91(REST) spread=0.2400 pos=+2L inv_ratio=0.07 skew=0.0064
21:12:39,2018-08-16 09:34:23,CS2,SUBMIT,BUY,201.96,3,bid=201.96 spread=1.2800 pos=-2L inv_ratio=-0.07 skew=-0.0341
21:12:40,2018-08-16 09:34:23,CS2,SUBMIT,SELL,203.22,3,ask=203.22 spread=1.2800 pos=-2L inv_ratio=-0.07 skew=-0.0341
21:12:40,2018-08-16 09:34:23,CS2,STATUS,,,,bid=201.96(REST) ask=203.22(REST) spread=1.2800 pos=-2L inv_ratio=-0.07 skew=-0.0341
21:12:40,2018-08-16 09:34:27,CS1,CANCEL,BID,100.69,,outside spread bid=100.89 ask=100.94
21:12:40,2018-08-16 09:34:27,CS1,FILLED,ASK,100.91,,order no longer in waiting list
21:12:41,2018-08-16 09:34:27,CS1,SUBMIT,BUY,100.9,3,bid=100.9 spread=0.0500 pos=+1L inv_ratio=0.03 skew=0.0007
21:12:42,2018-08-16 09:34:27,CS1,SUBMIT,SELL,100.93,3,ask=100.93 spread=0.0500 pos=+1L inv_ratio=0.03 skew=0.0007
21:12:42,2018-08-16 09:34:27,CS1,STATUS,,,,bid=100.9(REST) ask=100.93(REST) spread=0.0500 pos=+1L inv_ratio=0.03 skew=0.0007
21:12:42,2018-08-16 09:34:27,CS2,FILLED,BID,201.96,,order no longer in waiting list
21:12:42,2018-08-16 09:34:27,CS2,CANCEL,ASK,203.22,,outside spread bid=201.91 ask=203.21
21:12:43,2018-08-16 09:34:27,CS2,SUBMIT,BUY,201.9,3,bid=201.9 spread=1.3000 pos=+1L inv_ratio=0.03 skew=0.0173
21:12:44,2018-08-16 09:34:27,CS2,SUBMIT,SELL,203.18,3,ask=203.18 spread=1.3000 pos=+1L inv_ratio=0.03 skew=0.0173
21:12:44,2018-08-16 09:34:27,CS2,STATUS,,,,bid=201.9(REST) ask=203.18(REST) spread=1.3000 pos=+1L inv_ratio=0.03 skew=0.0173
21:12:44,2018-08-16 09:34:31,CS1,FILLED,BID,100.9,,order no longer in waiting list
21:12:44,2018-08-16 09:34:31,CS1,FILLED,ASK,100.93,,order no longer in waiting list
21:12:45,2018-08-16 09:34:31,CS1,SUBMIT,BUY,99.99,3,bid=99.99 spread=0.7900 pos=+1L inv_ratio=0.03 skew=0.0105
21:12:46,2018-08-16 09:34:31,CS1,SUBMIT,SELL,100.76,3,ask=100.76 spread=0.7900 pos=+1L inv_ratio=0.03 skew=0.0105
21:12:46,2018-08-16 09:34:31,CS1,STATUS,,,,bid=99.99(REST) ask=100.76(REST) spread=0.7900 pos=+1L inv_ratio=0.03 skew=0.0105
21:12:46,2018-08-16 09:34:31,CS2,CANCEL,BID,201.9,,outside spread bid=201.91 ask=203.21
21:12:47,2018-08-16 09:34:31,CS2,SUBMIT,BUY,201.9,3,bid=201.9 spread=1.3000 pos=+1L inv_ratio=0.03 skew=0.0173
21:12:47,2018-08-16 09:34:31,CS2,STATUS,,,,bid=201.9(REST) ask=203.18(REST) spread=1.3000 pos=+1L inv_ratio=0.03 skew=0.0173
21:12:47,2018-08-16 09:34:34,CS1,CANCEL,BID,99.99,,outside spread bid=99.99 ask=100.38
21:12:47,2018-08-16 09:34:34,CS1,CANCEL,ASK,100.76,,outside spread bid=99.99 ask=100.38
21:12:48,2018-08-16 09:34:34,CS1,SUBMIT,BUY,99.99,3,bid=99.99 spread=0.3900 pos=+1L inv_ratio=0.03 skew=0.0052
21:12:49,2018-08-16 09:34:34,CS1,SUBMIT,SELL,100.36,3,ask=100.36 spread=0.3900 pos=+1L inv_ratio=0.03 skew=0.0052
21:12:49,2018-08-16 09:34:34,CS1,STATUS,,,,bid=99.99(REST) ask=100.36(REST) spread=0.3900 pos=+1L inv_ratio=0.03 skew=0.0052
21:12:49,2018-08-16 09:34:34,CS2,CANCEL,BID,201.9,,outside spread bid=201.9 ask=203.05
21:12:49,2018-08-16 09:34:34,CS2,FILLED,ASK,203.18,,order no longer in waiting list
21:12:50,2018-08-16 09:34:34,CS2,SUBMIT,BUY,201.86,3,bid=201.86 spread=1.1500 pos=+3L inv_ratio=0.10 skew=0.0460
21:12:51,2018-08-16 09:34:34,CS2,SUBMIT,SELL,202.99,3,ask=202.99 spread=1.1500 pos=+3L inv_ratio=0.10 skew=0.0460
21:12:51,2018-08-16 09:34:34,CS2,STATUS,,,,bid=201.86(REST) ask=202.99(REST) spread=1.1500 pos=+3L inv_ratio=0.10 skew=0.0460
21:12:51,2018-08-16 09:34:38,CS1,ARB_DETECT,,100.94/100.76,1,agg_bid=8L agg_ask=1L submitting=1L
21:12:51,2018-08-16 09:34:38,CS1,ARB_SUBMIT,BOTH,,1,buy_id=24be9726 sell_id=ca606482
21:12:51,2018-08-16 09:34:38,CS1,CANCEL,BID,99.99,,outside spread bid=100.94 ask=100.76
21:12:51,2018-08-16 09:34:38,CS1,FILLED,ASK,100.36,,order no longer in waiting list
21:12:51,2018-08-16 09:34:38,CS1,SPREAD_TIGHT,,,,spread=-0.1800 < 0.04 — waiting
21:12:51,2018-08-16 09:34:38,CS2,FILLED,BID,201.86,,order no longer in waiting list
21:12:51,2018-08-16 09:34:38,CS2,FILLED,ASK,202.99,,order no longer in waiting list
21:12:52,2018-08-16 09:34:38,CS2,SUBMIT,BUY,202.06,3,bid=202.06 spread=0.1700 pos=+7L inv_ratio=0.23 skew=0.0159
21:12:53,2018-08-16 09:34:38,CS2,SUBMIT,SELL,202.21,3,ask=202.21 spread=0.1700 pos=+7L inv_ratio=0.23 skew=0.0159
21:12:53,2018-08-16 09:34:38,CS2,STATUS,,,,bid=202.06(REST) ask=202.21(REST) spread=0.1700 pos=+7L inv_ratio=0.23 skew=0.0159
21:12:54,2018-08-16 09:34:41,CS1,ARB_FILLED,BUY,100.95,1,fully filled
21:12:54,2018-08-16 09:34:41,CS1,ARB_FILLED,SELL,100.94,1,fully filled
21:12:54,2018-08-16 09:34:41,CS1,SPREAD_TIGHT,,,,spread=0.0000 < 0.04 — waiting
21:12:54,2018-08-16 09:34:41,CS2,CANCEL,BID,202.06,,outside spread bid=202.07 ask=202.07
21:12:54,2018-08-16 09:34:41,CS2,FILLED,ASK,202.21,,order no longer in waiting list
21:12:54,2018-08-16 09:34:41,CS2,SPREAD_TIGHT,,,,spread=0.0000 < 0.04 — waiting
21:12:57,2018-08-16 09:34:42,CS1,SUBMIT,BUY,100.05,3,bid=100.05 spread=1.0300 pos=-5L inv_ratio=-0.17 skew=-0.0687
21:12:58,2018-08-16 09:34:42,CS1,SUBMIT,SELL,101.06,3,ask=101.06 spread=1.0300 pos=-5L inv_ratio=-0.17 skew=-0.0687
21:12:58,2018-08-16 09:34:42,CS1,STATUS,,,,bid=100.05(REST) ask=101.06(REST) spread=1.0300 pos=-5L inv_ratio=-0.17 skew=-0.0687
21:12:59,2018-08-16 09:34:42,CS2,SUBMIT,BUY,202.85,3,bid=202.85 spread=0.7900 pos=+4L inv_ratio=0.13 skew=0.0421
21:13:00,2018-08-16 09:34:42,CS2,SUBMIT,SELL,203.62,3,ask=203.62 spread=0.7900 pos=+4L inv_ratio=0.13 skew=0.0421
21:13:00,2018-08-16 09:34:42,CS2,STATUS,,,,bid=202.85(REST) ask=203.62(REST) spread=0.7900 pos=+4L inv_ratio=0.13 skew=0.0421
21:13:00,2018-08-16 09:34:47,CS1,CANCEL,BID,100.05,,outside spread bid=100.5 ask=100.52
21:13:00,2018-08-16 09:34:47,CS1,CANCEL,ASK,101.06,,outside spread bid=100.5 ask=100.52
21:13:00,2018-08-16 09:34:47,CS1,SPREAD_TIGHT,,,,spread=0.0200 < 0.04 — waiting
21:13:00,2018-08-16 09:34:47,CS2,FILLED,BID,202.85,,order no longer in waiting list
21:13:00,2018-08-16 09:34:47,CS2,CANCEL,ASK,203.62,,outside spread bid=201.86 ask=202.51
21:13:01,2018-08-16 09:34:47,CS2,SUBMIT,BUY,201.81,3,bid=201.81 spread=0.6500 pos=+7L inv_ratio=0.23 skew=0.0607
21:13:02,2018-08-16 09:34:47,CS2,SUBMIT,SELL,202.44,3,ask=202.44 spread=0.6500 pos=+7L inv_ratio=0.23 skew=0.0607
21:13:02,2018-08-16 09:34:47,CS2,STATUS,,,,bid=201.81(REST) ask=202.44(REST) spread=0.6500 pos=+7L inv_ratio=0.23 skew=0.0607
21:13:02,2018-08-16 09:34:49,CS1,ARB_DETECT,,100.5/99.68,100,agg_bid=268L agg_ask=244L submitting=100L
21:13:02,2018-08-16 09:34:49,CS1,ARB_SUBMIT,BOTH,,100,buy_id=feedcc86 sell_id=f75dec63
21:13:02,2018-08-16 09:34:49,CS2,ARB_DETECT,,201.85/200.66,3,agg_bid=187L agg_ask=3L submitting=3L
21:13:02,2018-08-16 09:34:49,CS2,ARB_SUBMIT,BOTH,,3,buy_id=8aace217 sell_id=b64bf738
21:13:02,2018-08-16 09:34:49,CS1,SPREAD_TIGHT,,,,spread=-0.8200 < 0.04 — waiting
21:13:02,2018-08-16 09:34:49,CS2,CANCEL,BID,201.81,,outside spread bid=201.85 ask=200.66
21:13:02,2018-08-16 09:34:49,CS2,CANCEL,ASK,202.44,,outside spread bid=201.85 ask=200.66
21:13:02,2018-08-16 09:34:49,CS2,SPREAD_TIGHT,,,,spread=-1.1900 < 0.04 — waiting
21:13:03,2018-08-16 09:34:50,CS1,ARB_DETECT,,100.5/99.69,100,agg_bid=268L agg_ask=183L submitting=100L
21:13:03,2018-08-16 09:34:50,CS1,ARB_SUBMIT,BOTH,,100,buy_id=72c060e8 sell_id=852c3a2a
21:13:03,2018-08-16 09:34:50,CS1,ARB_DETECT,,100.5/99.69,100,agg_bid=268L agg_ask=183L submitting=100L
21:13:03,2018-08-16 09:34:50,CS1,ARB_SUBMIT,BOTH,,100,buy_id=a1943f46 sell_id=06bf5c1e
21:13:03,2018-08-16 09:34:50,CS2,ARB_FILLED,BUY,202.4033,3,fully filled
21:13:03,2018-08-16 09:34:50,CS2,ARB_FILLED,SELL,202.19,3,fully filled
21:13:04,2018-08-16 09:34:51,CS1,ARB_DETECT,,100.5/99.69,100,agg_bid=268L agg_ask=161L submitting=100L
21:13:04,2018-08-16 09:34:51,CS1,ARB_SUBMIT,BOTH,,100,buy_id=e24c3e9d sell_id=5d4b2f01
21:13:04,2018-08-16 09:34:51,CS1,SPREAD_TIGHT,,,,spread=-0.8100 < 0.04 — waiting
21:13:05,2018-08-16 09:34:51,CS2,SUBMIT,BUY,202.17,3,bid=202.17 spread=0.1600 pos=+13L inv_ratio=0.43 skew=0.0277
21:13:06,2018-08-16 09:34:51,CS2,SUBMIT,SELL,202.31,3,ask=202.31 spread=0.1600 pos=+13L inv_ratio=0.43 skew=0.0277
21:13:06,2018-08-16 09:34:51,CS2,STATUS,,,,bid=202.17(REST) ask=202.31(REST) spread=0.1600 pos=+13L inv_ratio=0.43 skew=0.0277
21:13:07,2018-08-16 09:34:53,CS1,SPREAD_TIGHT,,,,spread=0.0200 < 0.04 — waiting
21:13:07,2018-08-16 09:34:53,CS2,CANCEL,BID,202.17,,outside spread bid=202.19 ask=202.35
21:13:07,2018-08-16 09:34:53,CS2,FILLED,ASK,202.31,,order no longer in waiting list
21:13:08,2018-08-16 09:34:53,CS2,SUBMIT,BUY,202.17,3,bid=202.17 spread=0.1600 pos=+13L inv_ratio=0.43 skew=0.0277
21:13:09,2018-08-16 09:34:53,CS2,SUBMIT,SELL,202.31,3,ask=202.31 spread=0.1600 pos=+13L inv_ratio=0.43 skew=0.0277
21:13:09,2018-08-16 09:34:53,CS2,STATUS,,,,bid=202.17(REST) ask=202.31(REST) spread=0.1600 pos=+13L inv_ratio=0.43 skew=0.0277
21:13:09,2018-08-16 09:34:55,CS1,SPREAD_TIGHT,,,,spread=0.0200 < 0.04 — waiting
21:13:09,2018-08-16 09:34:55,CS2,CANCEL,BID,202.17,,outside spread bid=202.27 ask=202.31
21:13:09,2018-08-16 09:34:55,CS2,FILLED,ASK,202.31,,order no longer in waiting list
21:13:09,2018-08-16 09:34:55,CS2,SPREAD_TIGHT,,,,spread=0.0400 < 0.04 — waiting
21:13:11,2018-08-16 09:34:58,CS1,SPREAD_TIGHT,,,,spread=0.0300 < 0.04 — waiting
21:13:11,2018-08-16 09:34:58,CS2,SPREAD_TIGHT,,,,spread=0.0400 < 0.04 — waiting
21:13:11,2018-08-16 09:34:58,CS1,ARB_DETECT,,100.74/100.56,62,agg_bid=195L agg_ask=62L submitting=62L
21:13:11,2018-08-16 09:34:58,CS1,ARB_SUBMIT,BOTH,,62,buy_id=224d7543 sell_id=b8477249
21:13:12,2018-08-16 09:34:59,CS1,ARB_DETECT,,100.74/100.56,62,agg_bid=269L agg_ask=62L submitting=62L
21:13:12,2018-08-16 09:34:59,CS1,ARB_SUBMIT,BOTH,,62,buy_id=e063e067 sell_id=fce4c24b
21:13:12,2018-08-16 09:34:59,CS1,ARB_FILLED,BUY,100.6348,62,fully filled
21:13:13,2018-08-16 09:34:59,CS1,SPREAD_TIGHT,,,,spread=-0.6800 < 0.04 — waiting
21:13:13,2018-08-16 09:34:59,CS2,SPREAD_TIGHT,,,,spread=0.0400 < 0.04 — waiting
21:13:13,2018-08-16 09:34:59,CS1,ARB_DETECT,,100.74/100.06,99,agg_bid=249L agg_ask=189L submitting=99L
21:13:13,2018-08-16 09:34:59,CS1,ARB_SUBMIT,BOTH,,99,buy_id=a348c2bc sell_id=b3d06516
21:13:14,2018-08-16 09:35:00,CS1,ARB_DETECT,,100.74/100.06,99,agg_bid=249L agg_ask=169L submitting=99L
21:13:14,2018-08-16 09:35:00,CS1,ARB_SUBMIT,BOTH,,99,buy_id=82f4b0e5 sell_id=55d67aa0
21:13:14,2018-08-16 09:35:00,CS1,ARB_FILLED,SELL,100.7397,62,fully filled
21:13:14,2018-08-16 09:35:00,CS1,ARB_DETECT,,100.73/100.06,99,agg_bid=267L agg_ask=129L submitting=99L
21:13:14,2018-08-16 09:35:00,CS1,ARB_SUBMIT,BOTH,,99,buy_id=52826f22 sell_id=000f0aa1
21:13:15,2018-08-16 09:35:01,CS1,ARB_DETECT,,100.73/100.07,99,agg_bid=246L agg_ask=109L submitting=99L
21:13:15,2018-08-16 09:35:01,CS1,ARB_SUBMIT,BOTH,,99,buy_id=a9f2d62d sell_id=f47ab902
21:13:15,2018-08-16 09:35:01,CS1,SPREAD_TIGHT,,,,spread=-0.6600 < 0.04 — waiting
21:13:16,2018-08-16 09:35:01,CS2,SUBMIT,BUY,202.19,3,bid=202.19 spread=0.0800 pos=+10L inv_ratio=0.33 skew=0.0107
21:13:17,2018-08-16 09:35:01,CS2,SUBMIT,SELL,202.25,3,ask=202.25 spread=0.0800 pos=+10L inv_ratio=0.33 skew=0.0107
21:13:17,2018-08-16 09:35:01,CS2,STATUS,,,,bid=202.19(REST) ask=202.25(REST) spread=0.0800 pos=+10L inv_ratio=0.33 skew=0.0107
21:13:17,2018-08-16 09:35:04,CS1,ARB_DETECT,,100.73/100.08,47,agg_bid=359L agg_ask=47L submitting=47L
21:13:17,2018-08-16 09:35:04,CS1,ARB_SUBMIT,BOTH,,47,buy_id=f2db85fb sell_id=4203de24
21:13:17,2018-08-16 09:35:04,CS1,SPREAD_TIGHT,,,,spread=-0.6500 < 0.04 — waiting
21:13:17,2018-08-16 09:35:04,CS2,CANCEL,BID,202.19,,outside spread bid=202.23 ask=202.25
21:13:17,2018-08-16 09:35:04,CS2,CANCEL,ASK,202.25,,outside spread bid=202.23 ask=202.25
21:13:17,2018-08-16 09:35:04,CS2,SPREAD_TIGHT,,,,spread=0.0200 < 0.04 — waiting
21:13:18,2018-08-16 09:35:05,CS1,ARB_FILLED,BUY,100.76,47,fully filled
21:13:19,2018-08-16 09:35:06,CS1,SPREAD_TIGHT,,,,spread=0.0100 < 0.04 — waiting
21:13:20,2018-08-16 09:35:06,CS2,SUBMIT,BUY,201.8,3,bid=201.8 spread=0.4600 pos=+10L inv_ratio=0.33 skew=0.0613
21:13:21,2018-08-16 09:35:06,CS2,SUBMIT,SELL,202.24,3,ask=202.24 spread=0.4600 pos=+10L inv_ratio=0.33 skew=0.0613
21:13:21,2018-08-16 09:35:06,CS2,STATUS,,,,bid=201.8(REST) ask=202.24(REST) spread=0.4600 pos=+10L inv_ratio=0.33 skew=0.0613
21:13:21,2018-08-16 09:35:09,CS1,SPREAD_TIGHT,,,,spread=0.0300 < 0.04 — waiting
21:13:21,2018-08-16 09:35:09,CS2,CANCEL,BID,201.8,,outside spread bid=201.85 ask=202.24
21:13:21,2018-08-16 09:35:09,CS2,CANCEL,ASK,202.24,,outside spread bid=201.85 ask=202.24
21:13:22,2018-08-16 09:35:09,CS2,SUBMIT,BUY,201.83,3,bid=201.83 spread=0.3900 pos=+6L inv_ratio=0.20 skew=0.0312
21:13:23,2018-08-16 09:35:09,CS2,SUBMIT,SELL,202.2,3,ask=202.2 spread=0.3900 pos=+6L inv_ratio=0.20 skew=0.0312
21:13:23,2018-08-16 09:35:09,CS2,STATUS,,,,bid=201.83(REST) ask=202.2(REST) spread=0.3900 pos=+6L inv_ratio=0.20 skew=0.0312
21:13:24,2018-08-16 09:35:10,CS1,ARB_DETECT,,100.95/99.05,20,agg_bid=20L agg_ask=197L submitting=20L
21:13:24,2018-08-16 09:35:10,CS1,ARB_SUBMIT,BOTH,,20,buy_id=0c63fcdb sell_id=da12b225
21:13:24,2018-08-16 09:35:10,CS1,SPREAD_TIGHT,,,,spread=-1.9000 < 0.04 — waiting
21:13:24,2018-08-16 09:35:10,CS2,CANCEL,BID,201.83,,outside spread bid=202.24 ask=202.51
21:13:24,2018-08-16 09:35:10,CS2,CANCEL,ASK,202.2,,outside spread bid=202.24 ask=202.51
21:13:25,2018-08-16 09:35:10,CS2,SUBMIT,BUY,202.24,3,bid=202.24 spread=0.2700 pos=+4L inv_ratio=0.13 skew=0.0144
21:13:26,2018-08-16 09:35:10,CS2,SUBMIT,SELL,202.49,3,ask=202.49 spread=0.2700 pos=+4L inv_ratio=0.13 skew=0.0144
21:13:26,2018-08-16 09:35:10,CS2,STATUS,,,,bid=202.24(REST) ask=202.49(REST) spread=0.2700 pos=+4L inv_ratio=0.13 skew=0.0144
21:13:26,2018-08-16 09:35:12,CS1,ARB_DETECT,,100.95/99.06,20,agg_bid=20L agg_ask=230L submitting=20L
21:13:26,2018-08-16 09:35:12,CS1,ARB_SUBMIT,BOTH,,20,buy_id=59378622 sell_id=117b6205
21:13:26,2018-08-16 09:35:12,CS1,SPREAD_TIGHT,,,,spread=-1.8900 < 0.04 — waiting
21:13:26,2018-08-16 09:35:12,CS2,CANCEL,BID,202.24,,outside spread bid=202.05 ask=202.2
21:13:26,2018-08-16 09:35:12,CS2,CANCEL,ASK,202.49,,outside spread bid=202.05 ask=202.2
21:13:27,2018-08-16 09:35:12,CS2,SUBMIT,BUY,202.05,3,bid=202.05 spread=0.1500 pos=+4L inv_ratio=0.13 skew=0.0080
21:13:28,2018-08-16 09:35:12,CS2,SUBMIT,SELL,202.18,3,ask=202.18 spread=0.1500 pos=+4L inv_ratio=0.13 skew=0.0080
21:13:28,2018-08-16 09:35:12,CS2,STATUS,,,,bid=202.05(REST) ask=202.18(REST) spread=0.1500 pos=+4L inv_ratio=0.13 skew=0.0080
21:13:28,2018-08-16 09:35:15,CS1,ARB_FILLED,BUY,99.06,20,fully filled
21:13:28,2018-08-16 09:35:15,CS1,ARB_FILLED,SELL,100.748,20,fully filled
21:13:28,2018-08-16 09:35:15,CS1,ARB_FILLED,BUY,99.07,20,fully filled
21:13:28,2018-08-16 09:35:15,CS1,ARB_FILLED,SELL,100.73,20,fully filled
21:13:28,2018-08-16 09:35:15,CS1,ARB_DETECT,,100.72/99.08,70,agg_bid=361L agg_ask=70L submitting=70L
21:13:28,2018-08-16 09:35:15,CS1,ARB_SUBMIT,BOTH,,70,buy_id=17f76afb sell_id=adf9c824
21:13:28,2018-08-16 09:35:15,CS1,SPREAD_TIGHT,,,,spread=-1.6400 < 0.04 — waiting
21:13:28,2018-08-16 09:35:15,CS2,CANCEL,BID,202.05,,outside spread bid=202.05 ask=202.28
21:13:28,2018-08-16 09:35:15,CS2,FILLED,ASK,202.18,,order no longer in waiting list
21:13:29,2018-08-16 09:35:15,CS2,SUBMIT,BUY,202.04,3,bid=202.04 spread=0.2300 pos=+5L inv_ratio=0.17 skew=0.0153
21:13:30,2018-08-16 09:35:15,CS2,SUBMIT,SELL,202.25,3,ask=202.25 spread=0.2300 pos=+5L inv_ratio=0.17 skew=0.0153
21:13:30,2018-08-16 09:35:15,CS2,STATUS,,,,bid=202.04(REST) ask=202.25(REST) spread=0.2300 pos=+5L inv_ratio=0.17 skew=0.0153
21:13:30,2018-08-16 09:35:17,CS1,ARB_FILLED,SELL,100.7173,70,fully filled
21:13:30,2018-08-16 09:35:17,CS1,ARB_DETECT,,100.71/99.08,100,agg_bid=324L agg_ask=263L submitting=100L
21:13:30,2018-08-16 09:35:17,CS1,ARB_SUBMIT,BOTH,,100,buy_id=b8ba79ff sell_id=a026f651
21:13:30,2018-08-16 09:35:17,CS1,SPREAD_TIGHT,,,,spread=-1.6300 < 0.04 — waiting
21:13:30,2018-08-16 09:35:17,CS2,CANCEL,BID,202.04,,outside spread bid=202.23 ask=202.52
21:13:30,2018-08-16 09:35:17,CS2,FILLED,ASK,202.25,,order no longer in waiting list
21:13:31,2018-08-16 09:35:17,CS2,SUBMIT,BUY,202.22,3,bid=202.22 spread=0.2900 pos=+5L inv_ratio=0.17 skew=0.0193
21:13:32,2018-08-16 09:35:17,CS2,SUBMIT,SELL,202.49,3,ask=202.49 spread=0.2900 pos=+5L inv_ratio=0.17 skew=0.0193
21:13:32,2018-08-16 09:35:17,CS2,STATUS,,,,bid=202.22(REST) ask=202.49(REST) spread=0.2900 pos=+5L inv_ratio=0.17 skew=0.0193
21:13:33,2018-08-16 09:35:19,CS1,ARB_DETECT,,100.71/99.17,100,agg_bid=308L agg_ask=255L submitting=100L
21:13:33,2018-08-16 09:35:19,CS1,ARB_SUBMIT,BOTH,,100,buy_id=856c979e sell_id=875e825a
21:13:33,2018-08-16 09:35:19,CS1,SPREAD_TIGHT,,,,spread=-1.5400 < 0.04 — waiting
21:13:33,2018-08-16 09:35:19,CS2,CANCEL,BID,202.22,,outside spread bid=202.38 ask=202.49
21:13:33,2018-08-16 09:35:19,CS2,CANCEL,ASK,202.49,,outside spread bid=202.38 ask=202.49
21:13:34,2018-08-16 09:35:19,CS2,SUBMIT,BUY,202.39,3,bid=202.39 spread=0.1100 pos=+2L inv_ratio=0.07 skew=0.0029
21:13:35,2018-08-16 09:35:19,CS2,SUBMIT,SELL,202.48,3,ask=202.48 spread=0.1100 pos=+2L inv_ratio=0.07 skew=0.0029
21:13:35,2018-08-16 09:35:19,CS2,STATUS,,,,bid=202.39(REST) ask=202.48(REST) spread=0.1100 pos=+2L inv_ratio=0.07 skew=0.0029
21:13:35,2018-08-16 09:35:22,CS1,ARB_DETECT,,100.71/99.17,100,agg_bid=227L agg_ask=323L submitting=100L
21:13:35,2018-08-16 09:35:22,CS1,ARB_SUBMIT,BOTH,,100,buy_id=5f90751d sell_id=0ff71dbf
21:13:35,2018-08-16 09:35:22,CS1,SPREAD_TIGHT,,,,spread=-1.5400 < 0.04 — waiting
21:13:35,2018-08-16 09:35:22,CS2,FILLED,BID,202.39,,order no longer in waiting list
21:13:35,2018-08-16 09:35:22,CS2,CANCEL,ASK,202.48,,outside spread bid=202.38 ask=202.48
21:13:36,2018-08-16 09:35:22,CS2,SUBMIT,BUY,202.38,3,bid=202.38 spread=0.1000 pos=+4L inv_ratio=0.13 skew=0.0053
21:13:37,2018-08-16 09:35:22,CS2,SUBMIT,SELL,202.46,3,ask=202.46 spread=0.1000 pos=+4L inv_ratio=0.13 skew=0.0053
21:13:37,2018-08-16 09:35:22,CS2,STATUS,,,,bid=202.38(REST) ask=202.46(REST) spread=0.1000 pos=+4L inv_ratio=0.13 skew=0.0053
21:13:37,2018-08-16 09:35:24,CS1,ARB_DETECT,,100.7/99.18,100,agg_bid=278L agg_ask=285L submitting=100L
21:13:37,2018-08-16 09:35:24,CS1,ARB_SUBMIT,BOTH,,100,buy_id=0b14bcd5 sell_id=dfcd9d94
21:13:37,2018-08-16 09:35:24,CS1,SPREAD_TIGHT,,,,spread=-1.5200 < 0.04 — waiting
21:13:37,2018-08-16 09:35:24,CS2,CANCEL,BID,202.38,,outside spread bid=202.43 ask=202.46
21:13:37,2018-08-16 09:35:24,CS2,CANCEL,ASK,202.46,,outside spread bid=202.43 ask=202.46
21:13:37,2018-08-16 09:35:24,CS2,SPREAD_TIGHT,,,,spread=0.0300 < 0.04 — waiting
21:13:38,2018-08-16 09:35:25,CS1,ARB_DETECT,,100.7/99.18,100,agg_bid=258L agg_ask=273L submitting=100L
21:13:38,2018-08-16 09:35:25,CS1,ARB_SUBMIT,BOTH,,100,buy_id=c902ab14 sell_id=0ac0d6c7
21:13:38,2018-08-16 09:35:25,CS1,ARB_DETECT,,100.7/99.18,100,agg_bid=217L agg_ask=272L submitting=100L
21:13:38,2018-08-16 09:35:25,CS1,ARB_SUBMIT,BOTH,,100,buy_id=cd225361 sell_id=68ade3ad
21:13:39,2018-08-16 09:35:25,CS1,ARB_DETECT,,100.7/99.18,100,agg_bid=217L agg_ask=272L submitting=100L
21:13:39,2018-08-16 09:35:25,CS1,ARB_SUBMIT,BOTH,,100,buy_id=0e37f08b sell_id=8c77b66f
21:13:39,2018-08-16 09:35:25,CS1,SPREAD_TIGHT,,,,spread=-1.5200 < 0.04 — waiting
21:13:40,2018-08-16 09:35:25,CS2,SUBMIT,BUY,202.45,3,bid=202.45 spread=0.0800 pos=+0L inv_ratio=0.00 skew=0.0000
21:13:41,2018-08-16 09:35:25,CS2,SUBMIT,SELL,202.51,3,ask=202.51 spread=0.0800 pos=+0L inv_ratio=0.00 skew=0.0000
21:13:41,2018-08-16 09:35:25,CS2,STATUS,,,,bid=202.45(REST) ask=202.51(REST) spread=0.0800 pos=+0L inv_ratio=0.00 skew=0.0000
21:13:41,2018-08-16 09:35:28,CS1,ARB_DETECT,,100.7/99.19,100,agg_bid=213L agg_ask=199L submitting=100L
21:13:41,2018-08-16 09:35:28,CS1,ARB_SUBMIT,BOTH,,100,buy_id=7ad73e2b sell_id=623276ab
21:13:41,2018-08-16 09:35:28,CS1,SPREAD_TIGHT,,,,spread=-1.5100 < 0.04 — waiting
21:13:41,2018-08-16 09:35:28,CS2,CANCEL,BID,202.45,,outside spread bid=202.45 ask=202.51
21:13:41,2018-08-16 09:35:28,CS2,CANCEL,ASK,202.51,,outside spread bid=202.45 ask=202.51
21:13:42,2018-08-16 09:35:28,CS2,SUBMIT,BUY,202.46,3,bid=202.46 spread=0.0600 pos=+2L inv_ratio=0.07 skew=0.0016
21:13:43,2018-08-16 09:35:28,CS2,SUBMIT,SELL,202.5,3,ask=202.5 spread=0.0600 pos=+2L inv_ratio=0.07 skew=0.0016
21:13:43,2018-08-16 09:35:28,CS2,STATUS,,,,bid=202.46(REST) ask=202.5(REST) spread=0.0600 pos=+2L inv_ratio=0.07 skew=0.0016
21:13:44,2018-08-16 09:35:30,CS1,ARB_DETECT,,100.69/99.19,100,agg_bid=244L agg_ask=198L submitting=100L
21:13:44,2018-08-16 09:35:30,CS1,ARB_SUBMIT,BOTH,,100,buy_id=c1be8254 sell_id=fdd44930
21:13:44,2018-08-16 09:35:30,CS1,SPREAD_TIGHT,,,,spread=-1.5000 < 0.04 — waiting
21:13:44,2018-08-16 09:35:30,CS2,CANCEL,BID,202.46,,outside spread bid=202.46 ask=202.52
21:13:44,2018-08-16 09:35:30,CS2,FILLED,ASK,202.5,,order no longer in waiting list
21:13:45,2018-08-16 09:35:30,CS2,SUBMIT,BUY,202.47,3,bid=202.47 spread=0.0600 pos=+2L inv_ratio=0.07 skew=0.0016
21:13:46,2018-08-16 09:35:30,CS2,SUBMIT,SELL,202.51,3,ask=202.51 spread=0.0600 pos=+2L inv_ratio=0.07 skew=0.0016
21:13:46,2018-08-16 09:35:30,CS2,STATUS,,,,bid=202.47(REST) ask=202.51(REST) spread=0.0600 pos=+2L inv_ratio=0.07 skew=0.0016
21:13:46,2018-08-16 09:35:33,CS1,ARB_DETECT,,100.68/99.2,100,agg_bid=237L agg_ask=132L submitting=100L
21:13:46,2018-08-16 09:35:33,CS1,ARB_SUBMIT,BOTH,,100,buy_id=2c1834a9 sell_id=41b2ce81
21:13:46,2018-08-16 09:35:33,CS1,SPREAD_TIGHT,,,,spread=-1.4800 < 0.04 — waiting
21:13:46,2018-08-16 09:35:33,CS2,FILLED,BID,202.47,,order no longer in waiting list
21:13:46,2018-08-16 09:35:33,CS2,CANCEL,ASK,202.51,,outside spread bid=201.84 ask=202.47
21:13:47,2018-08-16 09:35:33,CS2,SUBMIT,BUY,201.81,3,bid=201.81 spread=0.6300 pos=+5L inv_ratio=0.17 skew=0.0420
21:13:48,2018-08-16 09:35:33,CS2,SUBMIT,SELL,202.42,3,ask=202.42 spread=0.6300 pos=+5L inv_ratio=0.17 skew=0.0420
21:13:48,2018-08-16 09:35:33,CS2,STATUS,,,,bid=201.81(REST) ask=202.42(REST) spread=0.6300 pos=+5L inv_ratio=0.17 skew=0.0420
21:13:48,2018-08-16 09:35:35,CS1,ARB_DETECT,,100.99/99.21,79,agg_bid=538L agg_ask=79L submitting=79L
21:13:48,2018-08-16 09:35:35,CS1,ARB_SUBMIT,BOTH,,79,buy_id=130a41c9 sell_id=10f7bb3f
21:13:48,2018-08-16 09:35:35,CS1,SPREAD_TIGHT,,,,spread=-1.7800 < 0.04 — waiting
21:13:48,2018-08-16 09:35:35,CS2,CANCEL,BID,201.81,,outside spread bid=202.13 ask=202.42
21:13:48,2018-08-16 09:35:35,CS2,CANCEL,ASK,202.42,,outside spread bid=202.13 ask=202.42
21:13:49,2018-08-16 09:35:35,CS2,SUBMIT,BUY,202.12,3,bid=202.12 spread=0.2900 pos=+4L inv_ratio=0.13 skew=0.0155
21:13:50,2018-08-16 09:35:35,CS2,SUBMIT,SELL,202.39,3,ask=202.39 spread=0.2900 pos=+4L inv_ratio=0.13 skew=0.0155
21:13:50,2018-08-16 09:35:35,CS2,STATUS,,,,bid=202.12(REST) ask=202.39(REST) spread=0.2900 pos=+4L inv_ratio=0.13 skew=0.0155
21:13:50,2018-08-16 09:35:36,CS1,SPREAD_TIGHT,,,,spread=0.0200 < 0.04 — waiting
21:13:50,2018-08-16 09:35:36,CS2,FILLED,BID,202.12,,order no longer in waiting list
21:13:50,2018-08-16 09:35:36,CS2,FILLED,ASK,202.39,,order no longer in waiting list
21:13:51,2018-08-16 09:35:36,CS2,SUBMIT,BUY,202.12,3,bid=202.12 spread=0.2900 pos=+4L inv_ratio=0.13 skew=0.0155
21:13:52,2018-08-16 09:35:36,CS2,SUBMIT,SELL,202.39,3,ask=202.39 spread=0.2900 pos=+4L inv_ratio=0.13 skew=0.0155
21:13:52,2018-08-16 09:35:36,CS2,STATUS,,,,bid=202.12(REST) ask=202.39(REST) spread=0.2900 pos=+4L inv_ratio=0.13 skew=0.0155
21:13:52,2018-08-16 09:35:36,CS1,SPREAD_TIGHT,,,,spread=0.0300 < 0.04 — waiting
21:13:52,2018-08-16 09:35:36,CS2,CANCEL,BID,202.12,,outside spread bid=202.13 ask=202.53
21:13:52,2018-08-16 09:35:36,CS2,FILLED,ASK,202.39,,order no longer in waiting list
21:13:53,2018-08-16 09:35:36,CS2,SUBMIT,BUY,202.13,3,bid=202.13 spread=0.4000 pos=+2L inv_ratio=0.07 skew=0.0107
21:13:54,2018-08-16 09:35:36,CS2,SUBMIT,SELL,202.51,3,ask=202.51 spread=0.4000 pos=+2L inv_ratio=0.07 skew=0.0107
21:13:54,2018-08-16 09:35:36,CS2,STATUS,,,,bid=202.13(REST) ask=202.51(REST) spread=0.4000 pos=+2L inv_ratio=0.07 skew=0.0107
21:13:55,2018-08-16 09:35:41,CS1,SPREAD_TIGHT,,,,spread=0.0200 < 0.04 — waiting
21:13:55,2018-08-16 09:35:41,CS2,CANCEL,BID,202.13,,outside spread bid=202.27 ask=202.28
21:13:55,2018-08-16 09:35:41,CS2,CANCEL,ASK,202.51,,outside spread bid=202.27 ask=202.28
21:13:55,2018-08-16 09:35:41,CS2,SPREAD_TIGHT,,,,spread=0.0100 < 0.04 — waiting
21:13:57,2018-08-16 09:35:43,CS1,SPREAD_TIGHT,,,,spread=0.0100 < 0.04 — waiting
21:13:58,2018-08-16 09:35:43,CS2,SUBMIT,BUY,202.28,3,bid=202.28 spread=0.1100 pos=+5L inv_ratio=0.17 skew=0.0073
21:13:59,2018-08-16 09:35:43,CS2,SUBMIT,SELL,202.37,3,ask=202.37 spread=0.1100 pos=+5L inv_ratio=0.17 skew=0.0073
21:13:59,2018-08-16 09:35:43,CS2,STATUS,,,,bid=202.28(REST) ask=202.37(REST) spread=0.1100 pos=+5L inv_ratio=0.17 skew=0.0073
21:13:59,2018-08-16 09:35:46,CS1,SPREAD_TIGHT,,,,spread=0.0100 < 0.04 — waiting
21:13:59,2018-08-16 09:35:46,CS2,CANCEL,BID,202.28,,outside spread bid=202.37 ask=202.54
21:13:59,2018-08-16 09:35:46,CS2,FILLED,ASK,202.37,,order no longer in waiting list
