wall_time,sim_time,symbol,event,side,price,lots,detail
20:10:57,2018-08-16 10:48:23,CS1,MM_SUSPENDED,,,,warming up (1/15 cycles)
20:10:57,2018-08-16 10:48:23,CS2,EXTREME_BID,BUY,1.0,3,bid fixed empty batch1 — pos=+402L
20:10:57,2018-08-16 10:48:23,CS2,EXTREME_BID,BUY,2.0,3,bid fixed empty batch1 — pos=+402L
20:10:57,2018-08-16 10:48:23,CS2,EXTREME_BID,BUY,3.0,3,bid fixed empty batch1 — pos=+402L
20:10:57,2018-08-16 10:48:23,CS2,EXTREME_BID,BUY,4.0,3,bid fixed empty batch1 — pos=+402L
20:10:57,2018-08-16 10:48:23,CS2,MM_SUSPENDED,,,,empty book — window reset
20:10:59,2018-08-16 10:48:25,CS1,MM_SUSPENDED,,,,warming up (2/15 cycles)
20:10:59,2018-08-16 10:48:25,CS2,EXTREME_BID,BUY,114.34,3,bid tier0 thin vol=53L batch2 — ref_ask=127.05 pos=+402L
20:10:59,2018-08-16 10:48:25,CS2,EXTREME_BID,BUY,95.29,3,bid tier1 thin vol=53L batch2 — ref_ask=127.05 pos=+402L
20:10:59,2018-08-16 10:48:25,CS2,EXTREME_BID,BUY,63.52,3,bid tier2 thin vol=53L batch2 — ref_ask=127.05 pos=+402L
20:10:59,2018-08-16 10:48:25,CS2,MM_SUSPENDED,,,,warming up (1/15 cycles)
20:11:01,2018-08-16 10:48:27,CS1,MM_SUSPENDED,,,,warming up (3/15 cycles)
20:11:01,2018-08-16 10:48:27,CS2,EXTREME_ASK,SELL,400.0,3,ask fixed empty batch1 — pos=+402L
20:11:01,2018-08-16 10:48:27,CS2,EXTREME_ASK,SELL,500.0,3,ask fixed empty batch1 — pos=+402L
20:11:01,2018-08-16 10:48:27,CS2,EXTREME_ASK,SELL,600.0,3,ask fixed empty batch1 — pos=+402L
20:11:01,2018-08-16 10:48:27,CS2,EXTREME_ASK,SELL,700.0,3,ask fixed empty batch1 — pos=+402L
20:11:01,2018-08-16 10:48:27,CS2,STAB_RESET,,,,empty book — window cleared
20:11:01,2018-08-16 10:48:27,CS2,MM_SUSPENDED,,,,empty book — window reset
20:11:03,2018-08-16 10:48:29,CS1,MM_SUSPENDED,,,,warming up (4/15 cycles)
20:11:03,2018-08-16 10:48:29,CS2,EXTREME_ASK,SELL,125.77,201,ask tier0 thin vol=14L batch2 — ref_bid=114.34 pos=+402L
20:11:03,2018-08-16 10:48:29,CS2,EXTREME_ASK,SELL,142.92,121,ask tier1 thin vol=14L batch2 — ref_bid=114.34 pos=+402L
20:11:03,2018-08-16 10:48:29,CS2,EXTREME_ASK,SELL,171.51,80,ask tier2 thin vol=14L batch2 — ref_bid=114.34 pos=+402L
20:11:03,2018-08-16 10:48:29,CS2,MM_SUSPENDED,,,,empty book — window reset
20:11:04,2018-08-16 10:48:30,CS1,ARB_DETECT,,102.28/101.97,98,agg_bid=233L agg_ask=144L submitting=98L
20:11:04,2018-08-16 10:48:30,CS1,ARB_SUBMIT,BOTH,,98,buy_id=5aa70800 sell_id=08b2ff27
20:11:05,2018-08-16 10:48:30,CS1,ARB_FILLED,BUY,101.9809,98,fully filled
20:11:05,2018-08-16 10:48:30,CS1,ARB_FILLED,SELL,102.2745,98,fully filled
20:11:05,2018-08-16 10:48:30,CS1,ARB_DETECT,,102.26/102.0,26,agg_bid=115L agg_ask=26L submitting=26L
20:11:05,2018-08-16 10:48:30,CS1,ARB_SUBMIT,BOTH,,26,buy_id=c6c7976d sell_id=9f77b0ac
20:11:05,2018-08-16 10:48:31,CS1,ARB_FILLED,BUY,102.0,26,fully filled
20:11:05,2018-08-16 10:48:31,CS1,ARB_FILLED,SELL,102.26,26,fully filled
20:11:05,2018-08-16 10:48:31,CS1,MM_SUSPENDED,,,,warming up (5/15 cycles)
20:11:05,2018-08-16 10:48:31,CS2,MM_SUSPENDED,,,,warming up (1/15 cycles)
20:11:08,2018-08-16 10:48:33,CS1,ARB_DETECT,,102.6/102.52,38,agg_bid=38L agg_ask=228L submitting=38L
20:11:08,2018-08-16 10:48:33,CS1,ARB_SUBMIT,BOTH,,38,buy_id=75fb43cd sell_id=817ed2ca
20:11:08,2018-08-16 10:48:33,CS1,STAB_RESET,,,,bad spread=-0.0800 — window cleared
20:11:08,2018-08-16 10:48:33,CS1,MM_SUSPENDED,,,,empty book — window reset
20:11:08,2018-08-16 10:48:33,CS2,MM_SUSPENDED,,,,warming up (2/15 cycles)
20:11:08,2018-08-16 10:48:34,CS1,ARB_FILLED,BUY,102.52,38,fully filled
20:11:08,2018-08-16 10:48:34,CS1,ARB_FILLED,SELL,102.5839,38,fully filled
20:11:09,2018-08-16 10:48:35,CS1,ARB_DETECT,,102.49/100.69,18,agg_bid=188L agg_ask=18L submitting=18L
20:11:09,2018-08-16 10:48:35,CS1,ARB_SUBMIT,BOTH,,18,buy_id=f1cce18a sell_id=3d933bbb
20:11:10,2018-08-16 10:48:35,CS1,ARB_FILLED,BUY,100.7122,18,fully filled
20:11:10,2018-08-16 10:48:35,CS1,ARB_FILLED,SELL,102.49,18,fully filled
20:11:10,2018-08-16 10:48:35,CS1,MM_SUSPENDED,,,,warming up (1/15 cycles)
20:11:10,2018-08-16 10:48:35,CS2,MM_SUSPENDED,,,,warming up (3/15 cycles)
20:11:12,2018-08-16 10:48:37,CS1,MM_SUSPENDED,,,,warming up (2/15 cycles)
20:11:12,2018-08-16 10:48:37,CS2,MM_SUSPENDED,,,,warming up (4/15 cycles)
20:11:14,2018-08-16 10:48:40,CS1,MM_SUSPENDED,,,,warming up (3/15 cycles)
20:11:14,2018-08-16 10:48:40,CS2,MM_SUSPENDED,,,,warming up (5/15 cycles)
20:11:16,2018-08-16 10:48:41,CS1,MM_SUSPENDED,,,,warming up (4/15 cycles)
20:11:16,2018-08-16 10:48:41,CS2,MM_SUSPENDED,,,,warming up (6/15 cycles)
20:11:17,2018-08-16 10:48:43,CS1,ARB_DETECT,,102.68/102.55,63,agg_bid=269L agg_ask=63L submitting=63L
20:11:17,2018-08-16 10:48:43,CS1,ARB_SUBMIT,BOTH,,63,buy_id=35203e78 sell_id=8ef33aa4
20:11:18,2018-08-16 10:48:44,CS1,ARB_FILLED,BUY,102.5889,63,fully filled
20:11:18,2018-08-16 10:48:44,CS1,ARB_FILLED,SELL,102.68,63,fully filled
20:11:18,2018-08-16 10:48:44,CS1,ARB_DETECT,,102.67/102.65,10,agg_bid=112L agg_ask=10L submitting=10L
20:11:18,2018-08-16 10:48:44,CS1,ARB_SUBMIT,BOTH,,10,buy_id=634f8c9d sell_id=e8302af1
20:11:18,2018-08-16 10:48:44,CS1,STAB_RESET,,,,bad spread=-0.0200 — window cleared
20:11:18,2018-08-16 10:48:44,CS1,MM_SUSPENDED,,,,empty book — window reset
20:11:18,2018-08-16 10:48:44,CS2,MM_SUSPENDED,,,,warming up (7/15 cycles)
20:11:19,2018-08-16 10:48:45,CS1,ARB_FILLED,BUY,102.655,10,fully filled
20:11:19,2018-08-16 10:48:45,CS1,ARB_FILLED,SELL,102.67,10,fully filled
20:11:19,2018-08-16 10:48:45,CS1,ARB_DETECT,,102.67/100.8,79,agg_bid=199L agg_ask=79L submitting=79L
20:11:19,2018-08-16 10:48:45,CS1,ARB_SUBMIT,BOTH,,79,buy_id=dc579f10 sell_id=98e3ffe3
20:11:19,2018-08-16 10:48:45,CS1,ARB_FILLED,BUY,100.8,79,fully filled
20:11:19,2018-08-16 10:48:45,CS1,ARB_FILLED,SELL,102.6665,79,fully filled
20:11:19,2018-08-16 10:48:45,CS1,ARB_DETECT,,102.65/100.81,99,agg_bid=175L agg_ask=169L submitting=99L
20:11:19,2018-08-16 10:48:45,CS1,ARB_SUBMIT,BOTH,,99,buy_id=ff96880b sell_id=4af58987
20:11:20,2018-08-16 10:48:45,CS1,ARB_FILLED,BUY,100.816,99,fully filled
20:11:20,2018-08-16 10:48:45,CS1,ARB_FILLED,SELL,102.582,99,fully filled
20:11:20,2018-08-16 10:48:45,CS1,ARB_DETECT,,102.48/100.83,70,agg_bid=109L agg_ask=70L submitting=70L
20:11:20,2018-08-16 10:48:45,CS1,ARB_SUBMIT,BOTH,,70,buy_id=bf3bc263 sell_id=bb9d33ff
20:11:20,2018-08-16 10:48:46,CS1,MM_SUSPENDED,,,,empty book — window reset
20:11:20,2018-08-16 10:48:46,CS2,MM_SUSPENDED,,,,warming up (8/15 cycles)
20:11:21,2018-08-16 10:48:46,CS1,ARB_FILLED,BUY,101.7069,70,fully filled
20:11:21,2018-08-16 10:48:46,CS1,ARB_FILLED,SELL,102.475,70,fully filled
20:11:22,2018-08-16 10:48:48,CS1,MM_SUSPENDED,,,,warming up (1/15 cycles)
20:11:22,2018-08-16 10:48:48,CS2,EXTREME_BID,BUY,1.0,3,bid fixed thin vol=18L batch1 — pos=+143L
20:11:22,2018-08-16 10:48:48,CS2,EXTREME_BID,BUY,2.0,3,bid fixed thin vol=18L batch1 — pos=+143L
20:11:22,2018-08-16 10:48:48,CS2,EXTREME_BID,BUY,3.0,3,bid fixed thin vol=18L batch1 — pos=+143L
20:11:22,2018-08-16 10:48:48,CS2,EXTREME_BID,BUY,4.0,3,bid fixed thin vol=18L batch1 — pos=+143L
20:11:22,2018-08-16 10:48:48,CS2,MM_SUSPENDED,,,,warming up (9/15 cycles)
20:11:24,2018-08-16 10:48:50,CS1,MM_SUSPENDED,,,,warming up (2/15 cycles)
20:11:24,2018-08-16 10:48:50,CS2,EXTREME_BID,BUY,115.6,3,bid tier0 thin vol=51L batch2 — ref_ask=128.45 pos=+143L
20:11:24,2018-08-16 10:48:50,CS2,EXTREME_BID,BUY,96.34,3,bid tier1 thin vol=51L batch2 — ref_ask=128.45 pos=+143L
20:11:24,2018-08-16 10:48:50,CS2,EXTREME_BID,BUY,64.22,3,bid tier2 thin vol=51L batch2 — ref_ask=128.45 pos=+143L
20:11:24,2018-08-16 10:48:50,CS2,MM_SUSPENDED,,,,warming up (10/15 cycles)
20:11:26,2018-08-16 10:48:51,CS1,MM_SUSPENDED,,,,warming up (3/15 cycles)
20:11:26,2018-08-16 10:48:51,CS2,MM_SUSPENDED,,,,warming up (11/15 cycles)
20:11:28,2018-08-16 10:48:53,CS1,ARB_DETECT,,102.09/101.69,19,agg_bid=19L agg_ask=212L submitting=19L
20:11:28,2018-08-16 10:48:53,CS1,ARB_SUBMIT,BOTH,,19,buy_id=44e1fd36 sell_id=a2fd973d
20:11:28,2018-08-16 10:48:54,CS1,MM_SUSPENDED,,,,warming up (4/15 cycles)
20:11:28,2018-08-16 10:48:54,CS2,MM_SUSPENDED,,,,warming up (12/15 cycles)
20:11:29,2018-08-16 10:48:54,CS1,ARB_FILLED,BUY,101.69,19,fully filled
20:11:29,2018-08-16 10:48:54,CS1,ARB_FILLED,SELL,102.0689,19,fully filled
20:11:30,2018-08-16 10:48:56,CS1,MM_SUSPENDED,,,,warming up (5/15 cycles)
20:11:30,2018-08-16 10:48:56,CS2,MM_SUSPENDED,,,,warming up (13/15 cycles)
20:11:32,2018-08-16 10:48:58,CS1,MM_SUSPENDED,,,,warming up (6/15 cycles)
20:11:32,2018-08-16 10:48:58,CS2,MM_SUSPENDED,,,,warming up (14/15 cycles)
20:11:34,2018-08-16 10:48:59,CS1,ARB_DETECT,,98.97/98.71,101,agg_bid=228L agg_ask=269L submitting=101L
20:11:34,2018-08-16 10:48:59,CS1,ARB_SUBMIT,BOTH,,101,buy_id=7c0b7145 sell_id=dab78ffd
20:11:34,2018-08-16 10:49:00,CS1,STAB_RESET,,,,bad spread=-0.2400 — window cleared
20:11:34,2018-08-16 10:49:00,CS1,MM_SUSPENDED,,,,empty book — window reset
20:11:34,2018-08-16 10:49:00,CS2,STAB_RESET,,,,bad spread=55.9100 — window cleared
20:11:34,2018-08-16 10:49:00,CS2,MM_SUSPENDED,,,,empty book — window reset
20:11:35,2018-08-16 10:49:00,CS1,ARB_FILLED,BUY,98.7121,101,fully filled
20:11:35,2018-08-16 10:49:00,CS1,ARB_FILLED,SELL,98.9639,101,fully filled
20:11:35,2018-08-16 10:49:00,CS1,ARB_DETECT,,98.96/98.73,101,agg_bid=126L agg_ask=108L submitting=101L
20:11:35,2018-08-16 10:49:00,CS1,ARB_SUBMIT,BOTH,,101,buy_id=5958c876 sell_id=ec5f6534
20:11:35,2018-08-16 10:49:01,CS1,ARB_FILLED,BUY,98.7392,101,fully filled
20:11:35,2018-08-16 10:49:01,CS1,ARB_FILLED,SELL,98.9445,101,fully filled
20:11:35,2018-08-16 10:49:01,CS1,ARB_DETECT,,98.93/98.75,4,agg_bid=4L agg_ask=7L submitting=4L
20:11:35,2018-08-16 10:49:01,CS1,ARB_SUBMIT,BOTH,,4,buy_id=822a27a2 sell_id=96c688d3
20:11:36,2018-08-16 10:49:01,CS1,ARB_FILLED,BUY,98.75,4,fully filled
20:11:36,2018-08-16 10:49:01,CS1,ARB_FILLED,SELL,98.93,4,fully filled
20:11:36,2018-08-16 10:49:01,CS1,MM_SUSPENDED,,,,warming up (1/15 cycles)
20:11:36,2018-08-16 10:49:01,CS2,MM_SUSPENDED,,,,warming up (1/15 cycles)
20:11:37,2018-08-16 10:49:02,CS1,ARB_DETECT,,98.66/98.6,18,agg_bid=74L agg_ask=18L submitting=18L
20:11:37,2018-08-16 10:49:02,CS1,ARB_SUBMIT,BOTH,,18,buy_id=9befb300 sell_id=c33b912d
20:11:38,2018-08-16 10:49:03,CS1,ARB_FILLED,BUY,100.06,18,fully filled
20:11:38,2018-08-16 10:49:03,CS1,ARB_FILLED,SELL,98.66,18,fully filled
20:11:39,2018-08-16 10:49:04,CS1,MM_SUSPENDED,,,,warming up (2/15 cycles)
20:11:39,2018-08-16 10:49:04,CS2,MM_SUSPENDED,,,,warming up (2/15 cycles)
20:11:41,2018-08-16 10:49:06,CS1,MM_SUSPENDED,,,,warming up (3/15 cycles)
20:11:41,2018-08-16 10:49:06,CS2,MM_SUSPENDED,,,,warming up (3/15 cycles)
20:11:43,2018-08-16 10:49:08,CS1,MM_SUSPENDED,,,,warming up (4/15 cycles)
20:11:43,2018-08-16 10:49:08,CS2,STAB_RESET,,,,bad spread=33.5800 — window cleared
20:11:43,2018-08-16 10:49:08,CS2,MM_SUSPENDED,,,,empty book — window reset
20:11:45,2018-08-16 10:49:10,CS1,MM_SUSPENDED,,,,warming up (5/15 cycles)
20:11:45,2018-08-16 10:49:10,CS2,MM_SUSPENDED,,,,warming up (1/15 cycles)
20:11:47,2018-08-16 10:49:12,CS1,MM_SUSPENDED,,,,warming up (6/15 cycles)
20:11:47,2018-08-16 10:49:12,CS2,MM_SUSPENDED,,,,warming up (2/15 cycles)
20:11:49,2018-08-16 10:49:14,CS1,MM_SUSPENDED,,,,warming up (7/15 cycles)
20:11:49,2018-08-16 10:49:14,CS2,STAB_SPIKE,,73.16,,mid=73.1600 ref=127.5300 delta=54.3700 > 50.0 — window cleared
20:11:49,2018-08-16 10:49:14,CS2,MM_SUSPENDED,,,,price spike — window reset
20:11:51,2018-08-16 10:49:16,CS1,MM_SUSPENDED,,,,warming up (8/15 cycles)
20:11:51,2018-08-16 10:49:16,CS2,MM_SUSPENDED,,,,empty book — window reset
20:11:53,2018-08-16 10:49:16,CS1,EXTREME_ASK,SELL,400.0,3,ask fixed empty batch1 — pos=+106L
20:11:53,2018-08-16 10:49:16,CS1,EXTREME_ASK,SELL,500.0,3,ask fixed empty batch1 — pos=+106L
20:11:53,2018-08-16 10:49:16,CS1,EXTREME_ASK,SELL,600.0,3,ask fixed empty batch1 — pos=+106L
20:11:53,2018-08-16 10:49:16,CS1,EXTREME_ASK,SELL,700.0,3,ask fixed empty batch1 — pos=+106L
20:11:53,2018-08-16 10:49:16,CS1,STAB_RESET,,,,empty book — window cleared
20:11:53,2018-08-16 10:49:16,CS1,MM_SUSPENDED,,,,empty book — window reset
20:11:53,2018-08-16 10:49:16,CS2,MM_SUSPENDED,,,,empty book — window reset
20:11:55,2018-08-16 10:49:20,CS1,EXTREME_ASK,SELL,109.47,53,ask tier0 thin vol=399L batch2 — ref_bid=99.52 pos=+106L
20:11:55,2018-08-16 10:49:20,CS1,EXTREME_ASK,SELL,124.4,32,ask tier1 thin vol=399L batch2 — ref_bid=99.52 pos=+106L
20:11:55,2018-08-16 10:49:20,CS1,EXTREME_ASK,SELL,149.28,21,ask tier2 thin vol=399L batch2 — ref_bid=99.52 pos=+106L
20:11:55,2018-08-16 10:49:20,CS1,MM_SUSPENDED,,,,warming up (1/15 cycles)
20:11:55,2018-08-16 10:49:20,CS2,MM_SUSPENDED,,,,warming up (1/15 cycles)
20:11:57,2018-08-16 10:49:22,CS1,MM_SUSPENDED,,,,warming up (2/15 cycles)
20:11:57,2018-08-16 10:49:22,CS2,STAB_RESET,,,,bad spread=69.6700 — window cleared
20:11:57,2018-08-16 10:49:22,CS2,MM_SUSPENDED,,,,empty book — window reset
20:11:59,2018-08-16 10:49:24,CS1,MM_SUSPENDED,,,,warming up (3/15 cycles)
20:11:59,2018-08-16 10:49:24,CS2,MM_SUSPENDED,,,,warming up (1/15 cycles)
20:12:01,2018-08-16 10:49:26,CS1,MM_SUSPENDED,,,,warming up (4/15 cycles)
20:12:01,2018-08-16 10:49:26,CS2,STAB_SPIKE,,164.55,,mid=164.5500 ref=93.5900 delta=70.9600 > 50.0 — window cleared
20:12:01,2018-08-16 10:49:26,CS2,MM_SUSPENDED,,,,price spike — window reset
20:12:03,2018-08-16 10:49:28,CS1,MM_SUSPENDED,,,,warming up (5/15 cycles)
20:12:03,2018-08-16 10:49:28,CS2,MM_SUSPENDED,,,,warming up (1/15 cycles)
20:12:05,2018-08-16 10:49:30,CS1,ARB_DETECT,,100.57/99.61,100,agg_bid=248L agg_ask=237L submitting=100L
20:12:05,2018-08-16 10:49:30,CS1,ARB_SUBMIT,BOTH,,100,buy_id=c5bc1827 sell_id=e6a23010
20:12:05,2018-08-16 10:49:31,CS1,STAB_RESET,,,,bad spread=-0.3900 — window cleared
20:12:05,2018-08-16 10:49:31,CS1,MM_SUSPENDED,,,,empty book — window reset
20:12:05,2018-08-16 10:49:31,CS2,STAB_RESET,,,,bad spread=25.7600 — window cleared
20:12:05,2018-08-16 10:49:31,CS2,MM_SUSPENDED,,,,empty book — window reset
20:12:05,2018-08-16 10:49:31,CS1,ARB_FILLED,BUY,100.049,100,fully filled
20:12:05,2018-08-16 10:49:31,CS1,ARB_FILLED,SELL,100.5659,100,fully filled
20:12:05,2018-08-16 10:49:31,CS1,ARB_DETECT,,100.56/100.17,99,agg_bid=148L agg_ask=191L submitting=99L
20:12:05,2018-08-16 10:49:31,CS1,ARB_SUBMIT,BOTH,,99,buy_id=48b141db sell_id=80832c24
20:12:06,2018-08-16 10:49:31,CS1,ARB_FILLED,BUY,100.1831,99,fully filled
20:12:06,2018-08-16 10:49:31,CS1,ARB_FILLED,SELL,100.5498,99,fully filled
20:12:06,2018-08-16 10:49:31,CS1,ARB_DETECT,,100.53/100.2,29,agg_bid=29L agg_ask=72L submitting=29L
20:12:06,2018-08-16 10:49:31,CS1,ARB_SUBMIT,BOTH,,29,buy_id=89dceaec sell_id=489afad1
20:12:07,2018-08-16 10:49:32,CS1,MM_SUSPENDED,,,,warming up (1/15 cycles)
20:12:07,2018-08-16 10:49:32,CS2,MM_SUSPENDED,,,,empty book — window reset
20:12:08,2018-08-16 10:49:33,CS1,ARB_PARTIAL,BUY,101.2,20,partially filled — leaving open
20:12:08,2018-08-16 10:49:33,CS1,ARB_FILLED,SELL,100.7303,29,fully filled
20:12:09,2018-08-16 10:49:34,CS1,ARB_FILLED,BUY,101.3924,29,fully filled
20:12:09,2018-08-16 10:49:35,CS1,MM_SUSPENDED,,,,warming up (2/15 cycles)
20:12:09,2018-08-16 10:49:35,CS2,MM_SUSPENDED,,,,warming up (1/15 cycles)
20:12:11,2018-08-16 10:49:37,CS1,MM_SUSPENDED,,,,warming up (3/15 cycles)
20:12:11,2018-08-16 10:49:37,CS2,STAB_RESET,,,,bad spread=50.5900 — window cleared
20:12:11,2018-08-16 10:49:37,CS2,MM_SUSPENDED,,,,empty book — window reset
20:12:13,2018-08-16 10:49:39,CS1,ARB_DETECT,,103.15/101.42,98,agg_bid=192L agg_ask=230L submitting=98L
20:12:13,2018-08-16 10:49:39,CS1,ARB_SUBMIT,BOTH,,98,buy_id=8e63334a sell_id=e1f4f675
20:12:13,2018-08-16 10:49:39,CS1,STAB_RESET,,,,bad spread=-1.7300 — window cleared
20:12:13,2018-08-16 10:49:39,CS1,MM_SUSPENDED,,,,empty book — window reset
20:12:13,2018-08-16 10:49:39,CS2,MM_SUSPENDED,,,,empty book — window reset
20:12:14,2018-08-16 10:49:40,CS1,ARB_FILLED,BUY,101.4258,98,fully filled
20:12:14,2018-08-16 10:49:40,CS1,ARB_FILLED,SELL,103.1464,98,fully filled
20:12:14,2018-08-16 10:49:40,CS1,ARB_DETECT,,103.13/101.44,64,agg_bid=64L agg_ask=112L submitting=64L
20:12:14,2018-08-16 10:49:40,CS1,ARB_SUBMIT,BOTH,,64,buy_id=810bb90a sell_id=ea542323
20:12:14,2018-08-16 10:49:40,CS1,ARB_FILLED,BUY,101.448,64,fully filled
20:12:14,2018-08-16 10:49:40,CS1,ARB_FILLED,SELL,102.9167,64,fully filled
20:12:14,2018-08-16 10:49:40,CS1,ARB_DETECT,,102.0/101.46,8,agg_bid=8L agg_ask=28L submitting=8L
20:12:14,2018-08-16 10:49:40,CS1,ARB_SUBMIT,BOTH,,8,buy_id=cec0bf58 sell_id=b9a1bed1
20:12:15,2018-08-16 10:49:41,CS1,ARB_FILLED,BUY,101.46,8,fully filled
20:12:15,2018-08-16 10:49:41,CS1,ARB_FILLED,SELL,101.4,8,fully filled
20:12:15,2018-08-16 10:49:41,CS1,MM_SUSPENDED,,,,warming up (1/15 cycles)
20:12:15,2018-08-16 10:49:41,CS2,MM_SUSPENDED,,,,empty book — window reset
20:12:17,2018-08-16 10:49:43,CS1,MM_SUSPENDED,,,,warming up (2/15 cycles)
20:12:17,2018-08-16 10:49:43,CS2,MM_SUSPENDED,,,,warming up (1/15 cycles)
20:12:19,2018-08-16 10:49:45,CS1,MM_SUSPENDED,,,,warming up (3/15 cycles)
20:12:19,2018-08-16 10:49:45,CS2,MM_SUSPENDED,,,,warming up (2/15 cycles)
20:12:21,2018-08-16 10:49:47,CS1,MM_SUSPENDED,,,,warming up (4/15 cycles)
20:12:21,2018-08-16 10:49:47,CS2,EXTREME_ASK,SELL,400.0,3,ask fixed thin vol=12L batch1 — pos=+18L
20:12:21,2018-08-16 10:49:47,CS2,EXTREME_ASK,SELL,500.0,3,ask fixed thin vol=12L batch1 — pos=+18L
20:12:21,2018-08-16 10:49:47,CS2,EXTREME_ASK,SELL,600.0,3,ask fixed thin vol=12L batch1 — pos=+18L
20:12:21,2018-08-16 10:49:47,CS2,EXTREME_ASK,SELL,700.0,3,ask fixed thin vol=12L batch1 — pos=+18L
20:12:21,2018-08-16 10:49:47,CS2,STAB_RESET,,,,bad spread=223.0800 — window cleared
20:12:21,2018-08-16 10:49:47,CS2,MM_SUSPENDED,,,,empty book — window reset
20:12:23,2018-08-16 10:49:49,CS1,MM_SUSPENDED,,,,warming up (5/15 cycles)
20:12:23,2018-08-16 10:49:49,CS2,EXTREME_ASK,SELL,246.04,9,ask tier0 thin vol=63L batch2 — ref_bid=223.67 pos=+18L
20:12:23,2018-08-16 10:49:49,CS2,EXTREME_ASK,SELL,279.59,5,ask tier1 thin vol=63L batch2 — ref_bid=223.67 pos=+18L
20:12:23,2018-08-16 10:49:49,CS2,EXTREME_ASK,SELL,335.5,4,ask tier2 thin vol=63L batch2 — ref_bid=223.67 pos=+18L
20:12:23,2018-08-16 10:49:49,CS2,MM_SUSPENDED,,,,empty book — window reset
20:12:24,2018-08-16 10:49:50,CS1,ARB_DETECT,,102.94/101.59,16,agg_bid=211L agg_ask=16L submitting=16L
20:12:24,2018-08-16 10:49:50,CS1,ARB_SUBMIT,BOTH,,16,buy_id=d72679ac sell_id=c16a9fbe
20:12:25,2018-08-16 10:49:51,CS1,ARB_FILLED,BUY,101.605,16,fully filled
20:12:25,2018-08-16 10:49:51,CS1,ARB_FILLED,SELL,102.94,16,fully filled
20:12:25,2018-08-16 10:49:51,CS1,MM_SUSPENDED,,,,warming up (6/15 cycles)
20:12:25,2018-08-16 10:49:51,CS2,MM_SUSPENDED,,,,empty book — window reset
20:12:28,2018-08-16 10:49:53,CS1,MM_SUSPENDED,,,,warming up (7/15 cycles)
20:12:28,2018-08-16 10:49:53,CS2,MM_SUSPENDED,,,,warming up (1/15 cycles)
20:12:30,2018-08-16 10:49:55,CS1,STAB_RESET,,,,bad spread=-1.3300 — window cleared
20:12:30,2018-08-16 10:49:55,CS1,MM_SUSPENDED,,,,empty book — window reset
20:12:30,2018-08-16 10:49:55,CS2,MM_SUSPENDED,,,,warming up (2/15 cycles)
20:12:30,2018-08-16 10:49:55,CS1,ARB_DETECT,,100.95/99.62,11,agg_bid=11L agg_ask=249L submitting=11L
20:12:30,2018-08-16 10:49:55,CS1,ARB_SUBMIT,BOTH,,11,buy_id=daa5e346 sell_id=975dd349
20:12:30,2018-08-16 10:49:56,CS1,ARB_FILLED,BUY,99.62,11,fully filled
20:12:30,2018-08-16 10:49:56,CS1,ARB_FILLED,SELL,100.9391,11,fully filled
20:12:32,2018-08-16 10:49:57,CS1,MM_SUSPENDED,,,,warming up (1/15 cycles)
20:12:32,2018-08-16 10:49:57,CS2,STAB_RESET,,,,bad spread=117.0200 — window cleared
20:12:32,2018-08-16 10:49:57,CS2,MM_SUSPENDED,,,,empty book — window reset
20:12:34,2018-08-16 10:50:00,CS1,MM_SUSPENDED,,,,warming up (2/15 cycles)
20:12:34,2018-08-16 10:50:00,CS2,MM_SUSPENDED,,,,warming up (1/15 cycles)
20:12:35,2018-08-16 10:50:01,CS1,ARB_DETECT,,100.66/99.64,20,agg_bid=20L agg_ask=104L submitting=20L
20:12:35,2018-08-16 10:50:01,CS1,ARB_SUBMIT,BOTH,,20,buy_id=001520fc sell_id=a32c96c4
20:12:35,2018-08-16 10:50:01,CS1,ARB_FILLED,BUY,99.645,20,fully filled
20:12:35,2018-08-16 10:50:01,CS1,ARB_FILLED,SELL,100.587,20,fully filled
20:12:36,2018-08-16 10:50:02,CS1,MM_SUSPENDED,,,,warming up (3/15 cycles)
20:12:36,2018-08-16 10:50:02,CS2,STAB_RESET,,,,bad spread=112.7000 — window cleared
20:12:36,2018-08-16 10:50:02,CS2,MM_SUSPENDED,,,,empty book — window reset
20:12:38,2018-08-16 10:50:04,CS1,MM_SUSPENDED,,,,warming up (4/15 cycles)
20:12:38,2018-08-16 10:50:04,CS2,MM_SUSPENDED,,,,empty book — window reset
20:12:40,2018-08-16 10:50:06,CS1,MM_SUSPENDED,,,,warming up (5/15 cycles)
20:12:40,2018-08-16 10:50:06,CS2,MM_SUSPENDED,,,,empty book — window reset
20:12:42,2018-08-16 10:50:08,CS1,MM_SUSPENDED,,,,warming up (6/15 cycles)
20:12:42,2018-08-16 10:50:08,CS2,MM_SUSPENDED,,,,warming up (1/15 cycles)
20:12:43,2018-08-16 10:50:09,CS1,ARB_DETECT,,99.58/98.7,101,agg_bid=125L agg_ask=234L submitting=101L
20:12:43,2018-08-16 10:50:09,CS1,ARB_SUBMIT,BOTH,,101,buy_id=9b3bc172 sell_id=377ec18f
20:12:43,2018-08-16 10:50:09,CS1,ARB_FILLED,BUY,98.7023,101,fully filled
20:12:43,2018-08-16 10:50:09,CS1,ARB_FILLED,SELL,99.5698,101,fully filled
20:12:43,2018-08-16 10:50:09,CS1,ARB_DETECT,,99.56/98.71,2,agg_bid=2L agg_ask=166L submitting=2L
20:12:43,2018-08-16 10:50:09,CS1,ARB_SUBMIT,BOTH,,2,buy_id=fe579525 sell_id=e1480b7d
20:12:44,2018-08-16 10:50:10,CS1,ARB_FILLED,BUY,98.71,2,fully filled
20:12:44,2018-08-16 10:50:10,CS1,ARB_FILLED,SELL,98.68,2,fully filled
20:12:44,2018-08-16 10:50:10,CS1,MM_SUSPENDED,,,,warming up (7/15 cycles)
20:12:44,2018-08-16 10:50:10,CS2,STAB_RESET,,,,bad spread=24.1100 — window cleared
20:12:44,2018-08-16 10:50:10,CS2,MM_SUSPENDED,,,,empty book — window reset
20:12:46,2018-08-16 10:50:12,CS1,MM_SUSPENDED,,,,warming up (8/15 cycles)
20:12:46,2018-08-16 10:50:12,CS2,MM_SUSPENDED,,,,empty book — window reset
20:12:48,2018-08-16 10:50:14,CS1,STAB_RESET,,,,bad spread=-1.3000 — window cleared
20:12:48,2018-08-16 10:50:14,CS1,MM_SUSPENDED,,,,empty book — window reset
20:12:48,2018-08-16 10:50:14,CS2,MM_SUSPENDED,,,,warming up (1/15 cycles)
20:12:48,2018-08-16 10:50:14,CS1,ARB_DETECT,,100.02/98.72,101,agg_bid=248L agg_ask=102L submitting=101L
20:12:48,2018-08-16 10:50:14,CS1,ARB_SUBMIT,BOTH,,101,buy_id=a964170e sell_id=59a0c092
20:12:49,2018-08-16 10:50:15,CS1,ARB_FILLED,BUY,98.7306,101,fully filled
20:12:49,2018-08-16 10:50:15,CS1,ARB_FILLED,SELL,100.0158,101,fully filled
20:12:49,2018-08-16 10:50:15,CS1,ARB_DETECT,,100.01/99.66,1,agg_bid=147L agg_ask=1L submitting=1L
20:12:49,2018-08-16 10:50:15,CS1,ARB_SUBMIT,BOTH,,1,buy_id=034f33e9 sell_id=19fc600b
20:12:49,2018-08-16 10:50:15,CS1,ARB_FILLED,BUY,100.03,1,fully filled
20:12:49,2018-08-16 10:50:15,CS1,ARB_FILLED,SELL,100.01,1,fully filled
20:12:49,2018-08-16 10:50:15,CS1,ARB_DETECT,,100.01/98.97,61,agg_bid=126L agg_ask=61L submitting=61L
20:12:49,2018-08-16 10:50:15,CS1,ARB_SUBMIT,BOTH,,61,buy_id=91e7f8d2 sell_id=2bd4c27d
20:12:50,2018-08-16 10:50:16,CS1,ARB_FILLED,BUY,98.97,61,fully filled
20:12:50,2018-08-16 10:50:16,CS1,ARB_FILLED,SELL,99.9987,61,fully filled
20:12:50,2018-08-16 10:50:16,CS1,ARB_DETECT,,99.98/98.98,25,agg_bid=25L agg_ask=188L submitting=25L
20:12:50,2018-08-16 10:50:16,CS1,ARB_SUBMIT,BOTH,,25,buy_id=de5e29cd sell_id=cef0328b
20:12:50,2018-08-16 10:50:16,CS1,MM_SUSPENDED,,,,empty book — window reset
20:12:50,2018-08-16 10:50:16,CS2,STAB_SPIKE,,260.62,,mid=260.6200 ref=179.5650 delta=81.0550 > 50.0 — window cleared
20:12:50,2018-08-16 10:50:16,CS2,MM_SUSPENDED,,,,price spike — window reset
20:12:51,2018-08-16 10:50:16,CS1,ARB_FILLED,BUY,98.98,25,fully filled
20:12:51,2018-08-16 10:50:16,CS1,ARB_FILLED,SELL,99.98,25,fully filled
20:12:52,2018-08-16 10:50:17,CS1,MM_SUSPENDED,,,,warming up (1/15 cycles)
20:12:52,2018-08-16 10:50:17,CS2,MM_SUSPENDED,,,,empty book — window reset
20:12:54,2018-08-16 10:50:19,CS1,MM_SUSPENDED,,,,warming up (2/15 cycles)
20:12:54,2018-08-16 10:50:19,CS2,MM_SUSPENDED,,,,warming up (1/15 cycles)
20:12:56,2018-08-16 10:50:22,CS1,MM_SUSPENDED,,,,warming up (3/15 cycles)
20:12:56,2018-08-16 10:50:22,CS2,STAB_RESET,,,,bad spread=151.1000 — window cleared
20:12:56,2018-08-16 10:50:22,CS2,MM_SUSPENDED,,,,empty book — window reset
20:12:58,2018-08-16 10:50:24,CS1,STAB_RESET,,,,bad spread=-0.7700 — window cleared
20:12:58,2018-08-16 10:50:24,CS1,MM_SUSPENDED,,,,empty book — window reset
20:12:58,2018-08-16 10:50:24,CS2,MM_SUSPENDED,,,,empty book — window reset
20:12:59,2018-08-16 10:50:24,CS1,ARB_DETECT,,99.09/98.32,101,agg_bid=249L agg_ask=248L submitting=101L
20:12:59,2018-08-16 10:50:24,CS1,ARB_SUBMIT,BOTH,,101,buy_id=a9a873ab sell_id=5592a8ba
20:12:59,2018-08-16 10:50:25,CS1,ARB_FILLED,BUY,98.3242,101,fully filled
20:12:59,2018-08-16 10:50:25,CS1,ARB_FILLED,SELL,99.0859,101,fully filled
20:12:59,2018-08-16 10:50:25,CS1,ARB_DETECT,,99.08/98.34,101,agg_bid=128L agg_ask=106L submitting=101L
20:12:59,2018-08-16 10:50:25,CS1,ARB_SUBMIT,BOTH,,101,buy_id=2d5f2c82 sell_id=7952c6ff
20:13:00,2018-08-16 10:50:25,CS1,ARB_FILLED,BUY,98.3496,101,fully filled
20:13:00,2018-08-16 10:50:25,CS1,ARB_FILLED,SELL,99.065,101,fully filled
20:13:00,2018-08-16 10:50:25,CS1,ARB_DETECT,,99.05/98.06,20,agg_bid=263L agg_ask=20L submitting=20L
20:13:00,2018-08-16 10:50:25,CS1,ARB_SUBMIT,BOTH,,20,buy_id=b911aae9 sell_id=70df376f
20:13:00,2018-08-16 10:50:26,CS1,MM_SUSPENDED,,,,warming up (1/15 cycles)
20:13:00,2018-08-16 10:50:26,CS2,MM_SUSPENDED,,,,empty book — window reset
20:13:00,2018-08-16 10:50:26,CS1,ARB_FILLED,BUY,98.08,20,fully filled
20:13:00,2018-08-16 10:50:26,CS1,ARB_FILLED,SELL,99.05,20,fully filled
20:13:02,2018-08-16 10:50:28,CS1,MM_SUSPENDED,,,,warming up (2/15 cycles)
20:13:02,2018-08-16 10:50:28,CS2,MM_SUSPENDED,,,,empty book — window reset
20:13:04,2018-08-16 10:50:30,CS1,MM_SUSPENDED,,,,warming up (3/15 cycles)
20:13:04,2018-08-16 10:50:30,CS2,MM_SUSPENDED,,,,empty book — window reset
20:13:05,2018-08-16 10:50:31,CS1,ARB_DETECT,,98.3/98.11,4,agg_bid=235L agg_ask=4L submitting=4L
20:13:05,2018-08-16 10:50:31,CS1,ARB_SUBMIT,BOTH,,4,buy_id=b01e9f3a sell_id=9e04f2b0
20:13:06,2018-08-16 10:50:31,CS1,ARB_FILLED,BUY,98.11,4,fully filled
20:13:06,2018-08-16 10:50:31,CS1,ARB_FILLED,SELL,98.3,4,fully filled
20:13:06,2018-08-16 10:50:32,CS1,MM_SUSPENDED,,,,warming up (4/15 cycles)
20:13:06,2018-08-16 10:50:32,CS2,MM_SUSPENDED,,,,empty book — window reset
20:13:08,2018-08-16 10:50:34,CS1,MM_SUSPENDED,,,,warming up (5/15 cycles)
20:13:08,2018-08-16 10:50:34,CS2,MM_SUSPENDED,,,,empty book — window reset
20:13:10,2018-08-16 10:50:36,CS1,ARB_DETECT,,98.3/98.04,101,agg_bid=209L agg_ask=244L submitting=101L
20:13:10,2018-08-16 10:50:36,CS1,ARB_SUBMIT,BOTH,,101,buy_id=0868f53f sell_id=c42911f3
20:13:10,2018-08-16 10:50:36,CS1,STAB_RESET,,,,bad spread=-0.2500 — window cleared
20:13:10,2018-08-16 10:50:36,CS1,MM_SUSPENDED,,,,empty book — window reset
20:13:10,2018-08-16 10:50:36,CS2,MM_SUSPENDED,,,,empty book — window reset
20:13:11,2018-08-16 10:50:36,CS1,ARB_FILLED,BUY,98.0446,101,fully filled
20:13:11,2018-08-16 10:50:36,CS1,ARB_FILLED,SELL,98.2903,101,fully filled
20:13:11,2018-08-16 10:50:36,CS1,ARB_DETECT,,98.28/98.05,101,agg_bid=169L agg_ask=143L submitting=101L
20:13:11,2018-08-16 10:50:36,CS1,ARB_SUBMIT,BOTH,,101,buy_id=5cbbaef8 sell_id=85b92706
20:13:11,2018-08-16 10:50:37,CS1,ARB_FILLED,BUY,98.0614,101,fully filled
20:13:11,2018-08-16 10:50:37,CS1,ARB_FILLED,SELL,98.2708,101,fully filled
20:13:11,2018-08-16 10:50:37,CS1,ARB_DETECT,,98.26/98.07,6,agg_bid=6L agg_ask=41L submitting=6L
20:13:11,2018-08-16 10:50:37,CS1,ARB_SUBMIT,BOTH,,6,buy_id=762b4e5b sell_id=14ba40a2
20:13:12,2018-08-16 10:50:38,CS1,ARB_FILLED,BUY,98.07,6,fully filled
20:13:12,2018-08-16 10:50:38,CS1,ARB_FILLED,SELL,98.26,6,fully filled
20:13:13,2018-08-16 10:50:38,CS1,MM_SUSPENDED,,,,warming up (1/15 cycles)
20:13:13,2018-08-16 10:50:38,CS2,MM_SUSPENDED,,,,empty book — window reset
20:13:15,2018-08-16 10:50:40,CS1,MM_SUSPENDED,,,,warming up (2/15 cycles)
20:13:15,2018-08-16 10:50:40,CS2,MM_SUSPENDED,,,,warming up (1/15 cycles)
20:13:17,2018-08-16 10:50:42,CS1,MM_SUSPENDED,,,,warming up (3/15 cycles)
20:13:17,2018-08-16 10:50:42,CS2,STAB_RESET,,,,bad spread=114.3900 — window cleared
20:13:17,2018-08-16 10:50:42,CS2,MM_SUSPENDED,,,,empty book — window reset
20:13:19,2018-08-16 10:50:44,CS1,MM_SUSPENDED,,,,warming up (4/15 cycles)
20:13:19,2018-08-16 10:50:44,CS2,MM_SUSPENDED,,,,empty book — window reset
20:13:21,2018-08-16 10:50:46,CS1,MM_SUSPENDED,,,,warming up (5/15 cycles)
20:13:21,2018-08-16 10:50:46,CS2,MM_SUSPENDED,,,,empty book — window reset
20:13:23,2018-08-16 10:50:48,CS1,MM_SUSPENDED,,,,warming up (6/15 cycles)
20:13:23,2018-08-16 10:50:48,CS2,MM_SUSPENDED,,,,empty book — window reset
20:13:25,2018-08-16 10:50:50,CS1,MM_SUSPENDED,,,,warming up (7/15 cycles)
20:13:25,2018-08-16 10:50:50,CS2,EXTREME_BID,BUY,1.0,3,bid fixed thin vol=18L batch1 — pos=+6L
20:13:25,2018-08-16 10:50:50,CS2,EXTREME_BID,BUY,2.0,3,bid fixed thin vol=18L batch1 — pos=+6L
20:13:25,2018-08-16 10:50:50,CS2,EXTREME_BID,BUY,3.0,3,bid fixed thin vol=18L batch1 — pos=+6L
20:13:25,2018-08-16 10:50:50,CS2,EXTREME_BID,BUY,4.0,3,bid fixed thin vol=18L batch1 — pos=+6L
20:13:25,2018-08-16 10:50:50,CS2,MM_SUSPENDED,,,,empty book — window reset
20:13:26,2018-08-16 10:50:51,CS1,ARB_DETECT,,99.76/98.34,101,agg_bid=249L agg_ask=204L submitting=101L
20:13:26,2018-08-16 10:50:51,CS1,ARB_SUBMIT,BOTH,,101,buy_id=b8ebfab1 sell_id=d48852a6
20:13:26,2018-08-16 10:50:51,CS1,ARB_FILLED,BUY,98.3507,101,fully filled
20:13:26,2018-08-16 10:50:51,CS1,ARB_FILLED,SELL,99.7559,101,fully filled
20:13:26,2018-08-16 10:50:51,CS1,ARB_DETECT,,99.75/98.36,101,agg_bid=148L agg_ask=154L submitting=101L
20:13:26,2018-08-16 10:50:51,CS1,ARB_SUBMIT,BOTH,,101,buy_id=b5e87c6f sell_id=46eec6a2
20:13:27,2018-08-16 10:50:52,CS1,ARB_FILLED,BUY,98.3702,101,fully filled
20:13:27,2018-08-16 10:50:52,CS1,ARB_FILLED,SELL,99.7348,101,fully filled
20:13:27,2018-08-16 10:50:52,CS1,ARB_DETECT,,99.72/99.13,26,agg_bid=26L agg_ask=92L submitting=26L
20:13:27,2018-08-16 10:50:52,CS1,ARB_SUBMIT,BOTH,,26,buy_id=c2b8e2b5 sell_id=fd5f1211
20:13:27,2018-08-16 10:50:52,CS1,STAB_RESET,,,,bad spread=-0.5900 — window cleared
20:13:27,2018-08-16 10:50:52,CS1,MM_SUSPENDED,,,,empty book — window reset
20:13:27,2018-08-16 10:50:52,CS2,EXTREME_BID,BUY,183.38,3,bid tier0 thin vol=48L batch2 — ref_ask=203.75 pos=+9L
20:13:27,2018-08-16 10:50:52,CS2,EXTREME_BID,BUY,152.81,3,bid tier1 thin vol=48L batch2 — ref_ask=203.75 pos=+9L
20:13:27,2018-08-16 10:50:52,CS2,EXTREME_BID,BUY,101.88,3,bid tier2 thin vol=48L batch2 — ref_ask=203.75 pos=+9L
20:13:27,2018-08-16 10:50:52,CS2,MM_SUSPENDED,,,,empty book — window reset
20:13:27,2018-08-16 10:50:53,CS1,ARB_FILLED,BUY,99.145,26,fully filled
20:13:27,2018-08-16 10:50:53,CS1,ARB_FILLED,SELL,99.72,26,fully filled
20:13:29,2018-08-16 10:50:54,CS1,MM_SUSPENDED,,,,warming up (1/15 cycles)
20:13:29,2018-08-16 10:50:54,CS2,MM_SUSPENDED,,,,empty book — window reset
20:13:31,2018-08-16 10:50:56,CS1,MM_SUSPENDED,,,,warming up (2/15 cycles)
20:13:31,2018-08-16 10:50:56,CS2,MM_SUSPENDED,,,,empty book — window reset
20:13:33,2018-08-16 10:50:58,CS1,MM_SUSPENDED,,,,warming up (3/15 cycles)
20:13:33,2018-08-16 10:50:58,CS2,MM_SUSPENDED,,,,warming up (1/15 cycles)
20:13:34,2018-08-16 10:50:59,CS1,ARB_DETECT,,100.22/99.65,17,agg_bid=269L agg_ask=17L submitting=17L
20:13:34,2018-08-16 10:50:59,CS1,ARB_SUBMIT,BOTH,,17,buy_id=891a7e05 sell_id=14e03f92
20:13:35,2018-08-16 10:51:00,CS1,ARB_FILLED,BUY,99.6735,17,fully filled
20:13:35,2018-08-16 10:51:00,CS1,ARB_FILLED,SELL,100.22,17,fully filled
20:13:35,2018-08-16 10:51:00,CS1,ARB_DETECT,,100.22/99.75,100,agg_bid=212L agg_ask=156L submitting=100L
20:13:35,2018-08-16 10:51:00,CS1,ARB_SUBMIT,BOTH,,100,buy_id=a9afc669 sell_id=546525f1
20:13:35,2018-08-16 10:51:00,CS1,STAB_RESET,,,,bad spread=-0.4400 — window cleared
20:13:35,2018-08-16 10:51:00,CS1,MM_SUSPENDED,,,,empty book — window reset
20:13:35,2018-08-16 10:51:00,CS2,STAB_RESET,,,,bad spread=46.1800 — window cleared
20:13:35,2018-08-16 10:51:00,CS2,MM_SUSPENDED,,,,empty book — window reset
20:13:35,2018-08-16 10:51:01,CS1,ARB_FILLED,BUY,99.7828,100,fully filled
20:13:35,2018-08-16 10:51:01,CS1,ARB_FILLED,SELL,100.211,100,fully filled
20:13:35,2018-08-16 10:51:01,CS1,ARB_DETECT,,100.2/99.79,92,agg_bid=92L agg_ask=305L submitting=92L
20:13:35,2018-08-16 10:51:01,CS1,ARB_SUBMIT,BOTH,,92,buy_id=e0d5282b sell_id=38e354d9
20:13:36,2018-08-16 10:51:01,CS1,ARB_FILLED,BUY,99.8017,92,fully filled
20:13:36,2018-08-16 10:51:01,CS1,ARB_PARTIAL,SELL,100.1929,58,partially filled — leaving open
20:13:36,2018-08-16 10:51:01,CS1,ARB_DETECT,,100.2/99.81,100,agg_bid=235L agg_ask=286L submitting=100L
20:13:36,2018-08-16 10:51:01,CS1,ARB_SUBMIT,BOTH,,100,buy_id=6399b8e7 sell_id=0ad6ee62
20:13:37,2018-08-16 10:51:02,CS1,ARB_FILLED,SELL,100.185,92,fully filled
20:13:37,2018-08-16 10:51:02,CS1,ARB_FILLED,BUY,99.8152,100,fully filled
20:13:37,2018-08-16 10:51:02,CS1,ARB_FILLED,SELL,99.8879,100,fully filled
20:13:37,2018-08-16 10:51:02,CS1,ARB_DETECT,,99.88/99.82,86,agg_bid=128L agg_ask=86L submitting=86L
20:13:37,2018-08-16 10:51:02,CS1,ARB_SUBMIT,BOTH,,86,buy_id=a36f9b88 sell_id=a97ed201
20:13:37,2018-08-16 10:51:03,CS1,MM_SUSPENDED,,,,warming up (1/15 cycles)
20:13:37,2018-08-16 10:51:03,CS2,MM_SUSPENDED,,,,empty book — window reset
20:13:37,2018-08-16 10:51:03,CS1,ARB_FILLED,BUY,99.8524,86,fully filled
20:13:37,2018-08-16 10:51:03,CS1,ARB_FILLED,SELL,99.8666,86,fully filled
20:13:39,2018-08-16 10:51:03,CS1,MM_SUSPENDED,,,,warming up (2/15 cycles)
20:13:39,2018-08-16 10:51:03,CS2,MM_SUSPENDED,,,,empty book — window reset
20:13:41,2018-08-16 10:51:05,CS1,MM_SUSPENDED,,,,warming up (3/15 cycles)
20:13:41,2018-08-16 10:51:05,CS2,MM_SUSPENDED,,,,warming up (1/15 cycles)
20:13:43,2018-08-16 10:51:08,CS1,MM_SUSPENDED,,,,warming up (4/15 cycles)
20:13:43,2018-08-16 10:51:08,CS2,STAB_RESET,,,,bad spread=21.4700 — window cleared
20:13:43,2018-08-16 10:51:08,CS2,MM_SUSPENDED,,,,empty book — window reset
20:13:45,2018-08-16 10:51:10,CS1,MM_SUSPENDED,,,,warming up (5/15 cycles)
20:13:45,2018-08-16 10:51:10,CS2,MM_SUSPENDED,,,,empty book — window reset
20:13:47,2018-08-16 10:51:12,CS1,MM_SUSPENDED,,,,warming up (6/15 cycles)
20:13:47,2018-08-16 10:51:12,CS2,MM_SUSPENDED,,,,empty book — window reset
20:13:49,2018-08-16 10:51:14,CS1,MM_SUSPENDED,,,,warming up (7/15 cycles)
20:13:49,2018-08-16 10:51:14,CS2,MM_SUSPENDED,,,,warming up (1/15 cycles)
20:13:51,2018-08-16 10:51:16,CS1,ARB_DETECT,,98.69/98.61,101,agg_bid=229L agg_ask=236L submitting=101L
20:13:51,2018-08-16 10:51:16,CS1,ARB_SUBMIT,BOTH,,101,buy_id=4a5d6868 sell_id=2528e752
20:13:51,2018-08-16 10:51:17,CS1,ARB_FILLED,BUY,98.6121,101,fully filled
20:13:51,2018-08-16 10:51:17,CS1,ARB_FILLED,SELL,98.684,101,fully filled
20:13:51,2018-08-16 10:51:17,CS1,ARB_DETECT,,98.68/98.62,101,agg_bid=128L agg_ask=168L submitting=101L
20:13:51,2018-08-16 10:51:17,CS1,ARB_SUBMIT,BOTH,,101,buy_id=712d0132 sell_id=efb73776
20:13:51,2018-08-16 10:51:17,CS1,STAB_RESET,,,,bad spread=-0.0600 — window cleared
20:13:51,2018-08-16 10:51:17,CS1,MM_SUSPENDED,,,,empty book — window reset
20:13:51,2018-08-16 10:51:17,CS2,STAB_RESET,,,,bad spread=33.3200 — window cleared
20:13:51,2018-08-16 10:51:17,CS2,MM_SUSPENDED,,,,empty book — window reset
20:13:52,2018-08-16 10:51:17,CS1,ARB_FILLED,BUY,98.6264,101,fully filled
20:13:52,2018-08-16 10:51:17,CS1,ARB_FILLED,SELL,98.665,101,fully filled
20:13:52,2018-08-16 10:51:17,CS1,ARB_DETECT,,98.65/98.64,7,agg_bid=7L agg_ask=13L submitting=7L
20:13:52,2018-08-16 10:51:17,CS1,ARB_SUBMIT,BOTH,,7,buy_id=32f97c5f sell_id=f8a5b360
20:13:53,2018-08-16 10:51:18,CS1,ARB_FILLED,BUY,98.65,7,fully filled
20:13:53,2018-08-16 10:51:18,CS1,ARB_FILLED,SELL,98.65,7,fully filled
20:13:53,2018-08-16 10:51:18,CS2,ARB_DETECT,,77.64/75.64,18,agg_bid=18L agg_ask=20L submitting=18L
20:13:53,2018-08-16 10:51:18,CS2,ARB_SUBMIT,BOTH,,18,buy_id=aed77ed3 sell_id=4dd2d868
20:13:53,2018-08-16 10:51:19,CS1,MM_SUSPENDED,,,,warming up (1/15 cycles)
20:13:53,2018-08-16 10:51:19,CS2,ARB_FILLED,BUY,80.64,18,fully filled
20:13:53,2018-08-16 10:51:19,CS2,ARB_FILLED,SELL,77.64,18,fully filled
20:13:53,2018-08-16 10:51:19,CS2,MM_SUSPENDED,,,,empty book — window reset
20:13:55,2018-08-16 10:51:20,CS1,MM_SUSPENDED,,,,warming up (2/15 cycles)
20:13:55,2018-08-16 10:51:20,CS2,EXTREME_ASK,SELL,400.0,3,ask fixed thin vol=18L batch1 — pos=+21L
20:13:55,2018-08-16 10:51:20,CS2,EXTREME_ASK,SELL,500.0,3,ask fixed thin vol=18L batch1 — pos=+21L
20:13:55,2018-08-16 10:51:20,CS2,EXTREME_ASK,SELL,600.0,3,ask fixed thin vol=18L batch1 — pos=+21L
20:13:55,2018-08-16 10:51:20,CS2,EXTREME_ASK,SELL,700.0,3,ask fixed thin vol=18L batch1 — pos=+21L
20:13:55,2018-08-16 10:51:20,CS2,MM_SUSPENDED,,,,empty book — window reset
20:13:57,2018-08-16 10:51:22,CS1,MM_SUSPENDED,,,,warming up (3/15 cycles)
20:13:57,2018-08-16 10:51:22,CS2,EXTREME_ASK,SELL,600.6,4,ask tier0 thin vol=19L batch2 — ref_bid=546.0 pos=+9L
20:13:57,2018-08-16 10:51:22,CS2,EXTREME_ASK,SELL,682.5,3,ask tier1 thin vol=19L batch2 — ref_bid=546.0 pos=+9L
20:13:57,2018-08-16 10:51:22,CS2,EXTREME_ASK,SELL,819.0,2,ask tier2 thin vol=19L batch2 — ref_bid=546.0 pos=+9L
20:13:57,2018-08-16 10:51:22,CS2,MM_SUSPENDED,,,,warming up (1/15 cycles)
20:13:59,2018-08-16 10:51:23,CS1,MM_SUSPENDED,,,,warming up (4/15 cycles)
20:13:59,2018-08-16 10:51:23,CS2,STAB_RESET,,,,bad spread=144.0500 — window cleared
20:13:59,2018-08-16 10:51:23,CS2,MM_SUSPENDED,,,,empty book — window reset
20:14:01,2018-08-16 10:51:27,CS1,MM_SUSPENDED,,,,warming up (5/15 cycles)
20:14:01,2018-08-16 10:51:27,CS2,EXTREME_BID,BUY,1.0,3,bid fixed thin vol=18L batch1 — pos=+9L
20:14:01,2018-08-16 10:51:27,CS2,EXTREME_BID,BUY,2.0,3,bid fixed thin vol=18L batch1 — pos=+9L
20:14:01,2018-08-16 10:51:27,CS2,EXTREME_BID,BUY,3.0,3,bid fixed thin vol=18L batch1 — pos=+9L
20:14:01,2018-08-16 10:51:27,CS2,EXTREME_BID,BUY,4.0,3,bid fixed thin vol=18L batch1 — pos=+9L
20:14:01,2018-08-16 10:51:27,CS2,MM_SUSPENDED,,,,empty book — window reset
20:14:03,2018-08-16 10:51:29,CS1,MM_SUSPENDED,,,,warming up (6/15 cycles)
20:14:03,2018-08-16 10:51:29,CS2,EXTREME_BID,BUY,540.0,3,bid tier0 thin vol=30L batch2 — ref_ask=600.0 pos=+26L
20:14:03,2018-08-16 10:51:29,CS2,EXTREME_BID,BUY,450.0,3,bid tier1 thin vol=30L batch2 — ref_ask=600.0 pos=+26L
20:14:03,2018-08-16 10:51:29,CS2,EXTREME_BID,BUY,300.0,3,bid tier2 thin vol=30L batch2 — ref_ask=600.0 pos=+26L
20:14:03,2018-08-16 10:51:29,CS2,MM_SUSPENDED,,,,empty book — window reset
20:14:06,2018-08-16 10:51:31,CS1,MM_SUSPENDED,,,,warming up (7/15 cycles)
20:14:06,2018-08-16 10:51:31,CS2,MM_SUSPENDED,,,,empty book — window reset
20:14:08,2018-08-16 10:51:33,CS1,MM_SUSPENDED,,,,warming up (8/15 cycles)
20:14:08,2018-08-16 10:51:33,CS2,EXTREME_BID,BUY,1.0,3,bid fixed thin vol=12L batch1 — pos=+35L
20:14:08,2018-08-16 10:51:33,CS2,EXTREME_BID,BUY,2.0,3,bid fixed thin vol=12L batch1 — pos=+35L
20:14:08,2018-08-16 10:51:33,CS2,EXTREME_BID,BUY,3.0,3,bid fixed thin vol=12L batch1 — pos=+35L
20:14:08,2018-08-16 10:51:33,CS2,EXTREME_BID,BUY,4.0,3,bid fixed thin vol=12L batch1 — pos=+35L
20:14:08,2018-08-16 10:51:33,CS2,MM_SUSPENDED,,,,empty book — window reset
20:14:10,2018-08-16 10:51:35,CS1,MM_SUSPENDED,,,,warming up (9/15 cycles)
20:14:10,2018-08-16 10:51:35,CS2,EXTREME_BID,BUY,79.76,3,bid tier0 thin vol=24L batch2 — ref_ask=88.62 pos=+35L
20:14:10,2018-08-16 10:51:35,CS2,EXTREME_BID,BUY,66.46,3,bid tier1 thin vol=24L batch2 — ref_ask=88.62 pos=+35L
20:14:10,2018-08-16 10:51:35,CS2,EXTREME_BID,BUY,44.31,3,bid tier2 thin vol=24L batch2 — ref_ask=88.62 pos=+35L
20:14:10,2018-08-16 10:51:35,CS2,MM_SUSPENDED,,,,empty book — window reset
20:14:12,2018-08-16 10:51:37,CS1,MM_SUSPENDED,,,,warming up (10/15 cycles)
20:14:12,2018-08-16 10:51:37,CS2,MM_SUSPENDED,,,,empty book — window reset
20:14:14,2018-08-16 10:51:39,CS1,MM_SUSPENDED,,,,warming up (11/15 cycles)
20:14:14,2018-08-16 10:51:39,CS2,MM_SUSPENDED,,,,warming up (1/15 cycles)
20:14:16,2018-08-16 10:51:41,CS1,MM_SUSPENDED,,,,warming up (12/15 cycles)
20:14:16,2018-08-16 10:51:41,CS2,MM_SUSPENDED,,,,warming up (2/15 cycles)
20:14:18,2018-08-16 10:51:43,CS1,MM_SUSPENDED,,,,warming up (13/15 cycles)
20:14:18,2018-08-16 10:51:43,CS2,STAB_RESET,,,,bad spread=22.1500 — window cleared
20:14:18,2018-08-16 10:51:43,CS2,MM_SUSPENDED,,,,empty book — window reset
20:14:20,2018-08-16 10:51:46,CS1,MM_SUSPENDED,,,,warming up (14/15 cycles)
20:14:20,2018-08-16 10:51:46,CS2,EXTREME_ASK,SELL,400.0,3,ask fixed thin vol=19L batch1 — pos=+33L
20:14:20,2018-08-16 10:51:46,CS2,EXTREME_ASK,SELL,500.0,3,ask fixed thin vol=19L batch1 — pos=+33L
20:14:20,2018-08-16 10:51:46,CS2,EXTREME_ASK,SELL,600.0,3,ask fixed thin vol=19L batch1 — pos=+33L
20:14:20,2018-08-16 10:51:46,CS2,EXTREME_ASK,SELL,700.0,3,ask fixed thin vol=19L batch1 — pos=+33L
20:14:20,2018-08-16 10:51:46,CS2,MM_SUSPENDED,,,,empty book — window reset
20:14:20,2018-08-16 10:51:46,CS1,ARB_DETECT,,100.25/99.15,20,agg_bid=277L agg_ask=20L submitting=20L
20:14:20,2018-08-16 10:51:46,CS1,ARB_SUBMIT,BOTH,,20,buy_id=36f6a9d5 sell_id=f1e74c22
20:14:21,2018-08-16 10:51:46,CS1,ARB_FILLED,BUY,100.25,20,fully filled
20:14:21,2018-08-16 10:51:46,CS1,ARB_FILLED,SELL,100.2495,20,fully filled
20:14:22,2018-08-16 10:51:48,CS1,SPREAD_TIGHT,,,,spread=0.0100 < 0.04 — waiting
20:14:22,2018-08-16 10:51:48,CS2,EXTREME_ASK,SELL,154.79,18,ask tier0 thin vol=50L batch2 — ref_bid=140.72 pos=+36L
20:14:22,2018-08-16 10:51:48,CS2,EXTREME_ASK,SELL,175.9,11,ask tier1 thin vol=50L batch2 — ref_bid=140.72 pos=+36L
20:14:22,2018-08-16 10:51:48,CS2,EXTREME_ASK,SELL,211.08,7,ask tier2 thin vol=50L batch2 — ref_bid=140.72 pos=+36L
20:14:22,2018-08-16 10:51:48,CS2,MM_SUSPENDED,,,,empty book — window reset
20:14:24,2018-08-16 10:51:50,CS1,SPREAD_TIGHT,,,,spread=0.0100 < 0.04 — waiting
20:14:24,2018-08-16 10:51:50,CS2,MM_SUSPENDED,,,,empty book — window reset
20:14:26,2018-08-16 10:51:52,CS1,SPREAD_TIGHT,,,,spread=0.0100 < 0.04 — waiting
20:14:26,2018-08-16 10:51:52,CS2,MM_SUSPENDED,,,,empty book — window reset
20:14:28,2018-08-16 10:51:54,CS1,SPREAD_TIGHT,,,,spread=0.0300 < 0.04 — waiting
20:14:28,2018-08-16 10:51:54,CS2,MM_SUSPENDED,,,,empty book — window reset
20:14:30,2018-08-16 10:51:56,CS1,STAB_RESET,,,,bad spread=-0.8500 — window cleared
20:14:30,2018-08-16 10:51:56,CS1,MM_SUSPENDED,,,,empty book — window reset
20:14:30,2018-08-16 10:51:56,CS2,MM_SUSPENDED,,,,warming up (1/15 cycles)
20:14:30,2018-08-16 10:51:56,CS1,ARB_DETECT,,101.13/100.28,99,agg_bid=264L agg_ask=128L submitting=99L
20:14:30,2018-08-16 10:51:56,CS1,ARB_SUBMIT,BOTH,,99,buy_id=5e8a4ed9 sell_id=efc408eb
20:14:31,2018-08-16 10:51:57,CS1,ARB_FILLED,BUY,100.2928,99,fully filled
20:14:31,2018-08-16 10:51:57,CS1,ARB_FILLED,SELL,101.1276,99,fully filled
20:14:31,2018-08-16 10:51:57,CS1,ARB_DETECT,,101.11/100.31,9,agg_bid=125L agg_ask=9L submitting=9L
20:14:31,2018-08-16 10:51:57,CS1,ARB_SUBMIT,BOTH,,9,buy_id=d95ac382 sell_id=c7821c72
20:14:32,2018-08-16 10:51:57,CS1,ARB_FILLED,BUY,100.4011,9,fully filled
20:14:32,2018-08-16 10:51:57,CS1,ARB_FILLED,SELL,101.11,9,fully filled
20:14:32,2018-08-16 10:51:58,CS1,MM_SUSPENDED,,,,warming up (1/15 cycles)
20:14:32,2018-08-16 10:51:58,CS2,STAB_SPIKE,,204.285,,mid=204.2850 ref=151.7250 delta=52.5600 > 50.0 — window cleared
20:14:32,2018-08-16 10:51:58,CS2,MM_SUSPENDED,,,,price spike — window reset
20:14:34,2018-08-16 10:52:00,CS1,MM_SUSPENDED,,,,warming up (2/15 cycles)
20:14:34,2018-08-16 10:52:00,CS2,MM_SUSPENDED,,,,empty book — window reset
20:14:36,2018-08-16 10:52:02,CS1,MM_SUSPENDED,,,,warming up (3/15 cycles)
20:14:36,2018-08-16 10:52:02,CS2,MM_SUSPENDED,,,,empty book — window reset
20:14:38,2018-08-16 10:52:04,CS1,MM_SUSPENDED,,,,warming up (4/15 cycles)
20:14:38,2018-08-16 10:52:04,CS2,MM_SUSPENDED,,,,warming up (1/15 cycles)
20:14:40,2018-08-16 10:52:05,CS1,MM_SUSPENDED,,,,warming up (5/15 cycles)
20:14:40,2018-08-16 10:52:05,CS2,MM_SUSPENDED,,,,warming up (2/15 cycles)
20:14:42,2018-08-16 10:52:08,CS1,MM_SUSPENDED,,,,warming up (6/15 cycles)
20:14:42,2018-08-16 10:52:08,CS2,STAB_RESET,,,,bad spread=93.2400 — window cleared
20:14:42,2018-08-16 10:52:08,CS2,MM_SUSPENDED,,,,empty book — window reset
20:14:44,2018-08-16 10:52:10,CS1,MM_SUSPENDED,,,,warming up (7/15 cycles)
20:14:44,2018-08-16 10:52:10,CS2,MM_SUSPENDED,,,,empty book — window reset
20:14:46,2018-08-16 10:52:12,CS1,MM_SUSPENDED,,,,warming up (8/15 cycles)
20:14:46,2018-08-16 10:52:12,CS2,MM_SUSPENDED,,,,empty book — window reset
20:14:48,2018-08-16 10:52:14,CS1,MM_SUSPENDED,,,,warming up (9/15 cycles)
20:14:48,2018-08-16 10:52:14,CS2,MM_SUSPENDED,,,,warming up (1/15 cycles)
20:14:50,2018-08-16 10:52:16,CS1,MM_SUSPENDED,,,,warming up (10/15 cycles)
20:14:50,2018-08-16 10:52:16,CS2,STAB_RESET,,,,bad spread=387.1300 — window cleared
20:14:50,2018-08-16 10:52:16,CS2,MM_SUSPENDED,,,,empty book — window reset
20:14:53,2018-08-16 10:52:18,CS1,MM_SUSPENDED,,,,warming up (11/15 cycles)
20:14:53,2018-08-16 10:52:18,CS2,MM_SUSPENDED,,,,empty book — window reset
20:14:55,2018-08-16 10:52:19,CS1,MM_SUSPENDED,,,,warming up (12/15 cycles)
20:14:55,2018-08-16 10:52:19,CS2,MM_SUSPENDED,,,,empty book — window reset
20:14:57,2018-08-16 10:52:22,CS1,MM_SUSPENDED,,,,warming up (13/15 cycles)
20:14:57,2018-08-16 10:52:22,CS2,MM_SUSPENDED,,,,empty book — window reset
20:14:57,2018-08-16 10:52:23,CS1,ARB_DETECT,,99.84/98.87,101,agg_bid=209L agg_ask=269L submitting=101L
20:14:57,2018-08-16 10:52:23,CS1,ARB_SUBMIT,BOTH,,101,buy_id=4ee544b8 sell_id=280afaeb
20:14:58,2018-08-16 10:52:23,CS1,ARB_FILLED,BUY,98.8721,101,fully filled
20:14:58,2018-08-16 10:52:23,CS1,ARB_FILLED,SELL,99.8262,101,fully filled
20:14:58,2018-08-16 10:52:23,CS1,ARB_DETECT,,99.82/98.88,87,agg_bid=87L agg_ask=167L submitting=87L
20:14:58,2018-08-16 10:52:23,CS1,ARB_SUBMIT,BOTH,,87,buy_id=a1bdd24e sell_id=d7b42446
20:14:58,2018-08-16 10:52:24,CS1,ARB_FILLED,BUY,98.8852,87,fully filled
20:14:58,2018-08-16 10:52:24,CS1,ARB_FILLED,SELL,99.8077,87,fully filled
20:14:59,2018-08-16 10:52:24,CS1,MM_SUSPENDED,,,,warming up (14/15 cycles)
20:14:59,2018-08-16 10:52:24,CS2,MM_SUSPENDED,,,,warming up (1/15 cycles)
20:15:01,2018-08-16 10:52:26,CS1,ARB_DETECT,,99.58/98.9,53,agg_bid=269L agg_ask=53L submitting=53L
20:15:01,2018-08-16 10:52:26,CS1,ARB_SUBMIT,BOTH,,53,buy_id=8780c67c sell_id=b24f5175
20:15:01,2018-08-16 10:52:26,CS1,STAB_RESET,,,,bad spread=-0.6800 — window cleared
20:15:01,2018-08-16 10:52:26,CS1,MM_SUSPENDED,,,,empty book — window reset
20:15:01,2018-08-16 10:52:26,CS2,STAB_RESET,,,,bad spread=24.3000 — window cleared
20:15:01,2018-08-16 10:52:26,CS2,MM_SUSPENDED,,,,empty book — window reset
20:15:01,2018-08-16 10:52:27,CS1,ARB_FILLED,BUY,98.9062,53,fully filled
20:15:01,2018-08-16 10:52:27,CS1,ARB_FILLED,SELL,99.58,53,fully filled
20:15:03,2018-08-16 10:52:28,CS1,ARB_DETECT,,100.76/99.88,88,agg_bid=249L agg_ask=88L submitting=88L
20:15:03,2018-08-16 10:52:28,CS1,ARB_SUBMIT,BOTH,,88,buy_id=23f7d3c6 sell_id=ae7388ed
20:15:03,2018-08-16 10:52:28,CS1,MM_SUSPENDED,,,,warming up (1/15 cycles)
20:15:03,2018-08-16 10:52:28,CS2,EXTREME_BID,BUY,1.0,3,bid fixed thin vol=15L batch1 — pos=+6L
20:15:03,2018-08-16 10:52:28,CS2,EXTREME_BID,BUY,2.0,3,bid fixed thin vol=15L batch1 — pos=+6L
20:15:03,2018-08-16 10:52:28,CS2,EXTREME_BID,BUY,3.0,3,bid fixed thin vol=15L batch1 — pos=+6L
20:15:03,2018-08-16 10:52:28,CS2,EXTREME_BID,BUY,4.0,3,bid fixed thin vol=15L batch1 — pos=+6L
20:15:03,2018-08-16 10:52:28,CS2,MM_SUSPENDED,,,,empty book — window reset
20:15:03,2018-08-16 10:52:29,CS1,ARB_FILLED,BUY,99.8922,88,fully filled
20:15:03,2018-08-16 10:52:29,CS1,ARB_FILLED,SELL,100.7568,88,fully filled
20:15:05,2018-08-16 10:52:30,CS1,MM_SUSPENDED,,,,warming up (2/15 cycles)
20:15:05,2018-08-16 10:52:30,CS2,EXTREME_BID,BUY,6.75,3,bid tier0 thin vol=25L batch2 — ref_ask=7.5 pos=+9L
20:15:05,2018-08-16 10:52:30,CS2,EXTREME_BID,BUY,5.62,3,bid tier1 thin vol=25L batch2 — ref_ask=7.5 pos=+9L
20:15:05,2018-08-16 10:52:30,CS2,EXTREME_BID,BUY,3.75,3,bid tier2 thin vol=25L batch2 — ref_ask=7.5 pos=+9L
20:15:05,2018-08-16 10:52:30,CS2,MM_SUSPENDED,,,,warming up (1/15 cycles)
20:15:07,2018-08-16 10:52:32,CS1,MM_SUSPENDED,,,,warming up (3/15 cycles)
20:15:07,2018-08-16 10:52:32,CS2,STAB_RESET,,,,bad spread=118.2600 — window cleared
20:15:07,2018-08-16 10:52:32,CS2,MM_SUSPENDED,,,,empty book — window reset
20:15:07,2018-08-16 10:52:33,CS1,ARB_DETECT,,100.73/100.01,59,agg_bid=59L agg_ask=248L submitting=59L
20:15:07,2018-08-16 10:52:33,CS1,ARB_SUBMIT,BOTH,,59,buy_id=87f990b4 sell_id=a4f73592
20:15:08,2018-08-16 10:52:33,CS1,ARB_FILLED,BUY,100.01,59,fully filled
20:15:08,2018-08-16 10:52:33,CS1,ARB_FILLED,SELL,100.7244,59,fully filled
20:15:09,2018-08-16 10:52:34,CS1,MM_SUSPENDED,,,,warming up (4/15 cycles)
20:15:09,2018-08-16 10:52:34,CS2,MM_SUSPENDED,,,,empty book — window reset
20:15:11,2018-08-16 10:52:36,CS1,MM_SUSPENDED,,,,warming up (5/15 cycles)
20:15:11,2018-08-16 10:52:36,CS2,MM_SUSPENDED,,,,empty book — window reset
20:15:12,2018-08-16 10:52:38,CS1,ARB_DETECT,,101.55/100.96,99,agg_bid=269L agg_ask=226L submitting=99L
20:15:12,2018-08-16 10:52:38,CS1,ARB_SUBMIT,BOTH,,99,buy_id=31ed9d5f sell_id=44d3bc1c
20:15:13,2018-08-16 10:52:38,CS1,ARB_FILLED,BUY,100.9701,99,fully filled
20:15:13,2018-08-16 10:52:38,CS1,ARB_FILLED,SELL,101.5481,99,fully filled
20:15:13,2018-08-16 10:52:38,CS1,ARB_DETECT,,101.54/100.98,99,agg_bid=170L agg_ask=107L submitting=99L
20:15:13,2018-08-16 10:52:38,CS1,ARB_SUBMIT,BOTH,,99,buy_id=554cbf72 sell_id=cecc23eb
20:15:13,2018-08-16 10:52:38,CS1,STAB_RESET,,,,bad spread=-0.5600 — window cleared
20:15:13,2018-08-16 10:52:38,CS1,MM_SUSPENDED,,,,empty book — window reset
20:15:13,2018-08-16 10:52:38,CS2,MM_SUSPENDED,,,,empty book — window reset
20:15:14,2018-08-16 10:52:39,CS1,ARB_FILLED,BUY,100.9892,99,fully filled
20:15:14,2018-08-16 10:52:39,CS1,ARB_FILLED,SELL,101.5342,99,fully filled
20:15:14,2018-08-16 10:52:39,CS1,ARB_DETECT,,101.52/101.0,8,agg_bid=51L agg_ask=8L submitting=8L
20:15:14,2018-08-16 10:52:39,CS1,ARB_SUBMIT,BOTH,,8,buy_id=eae6786c sell_id=24549456
20:15:14,2018-08-16 10:52:40,CS1,ARB_FILLED,BUY,101.57,8,fully filled
20:15:14,2018-08-16 10:52:40,CS1,ARB_FILLED,SELL,101.51,8,fully filled
20:15:15,2018-08-16 10:52:40,CS1,MM_SUSPENDED,,,,warming up (1/15 cycles)
20:15:15,2018-08-16 10:52:40,CS2,MM_SUSPENDED,,,,empty book — window reset
20:15:17,2018-08-16 10:52:42,CS1,MM_SUSPENDED,,,,warming up (2/15 cycles)
20:15:17,2018-08-16 10:52:42,CS2,MM_SUSPENDED,,,,empty book — window reset
20:15:18,2018-08-16 10:52:43,CS1,ARB_DETECT,,100.01/98.97,20,agg_bid=246L agg_ask=20L submitting=20L
20:15:18,2018-08-16 10:52:43,CS1,ARB_SUBMIT,BOTH,,20,buy_id=917c29dc sell_id=78d6b816
20:15:18,2018-08-16 10:52:44,CS1,ARB_FILLED,BUY,98.99,20,fully filled
20:15:18,2018-08-16 10:52:44,CS1,ARB_FILLED,SELL,100.01,20,fully filled
20:15:19,2018-08-16 10:52:44,CS1,MM_SUSPENDED,,,,warming up (3/15 cycles)
20:15:19,2018-08-16 10:52:44,CS2,MM_SUSPENDED,,,,empty book — window reset
20:15:21,2018-08-16 10:52:46,CS1,ARB_DETECT,,100.01/98.97,20,agg_bid=206L agg_ask=20L submitting=20L
20:15:21,2018-08-16 10:52:46,CS1,ARB_SUBMIT,BOTH,,20,buy_id=de4a8996 sell_id=74ddd266
20:15:21,2018-08-16 10:52:47,CS1,STAB_RESET,,,,bad spread=-1.0400 — window cleared
20:15:21,2018-08-16 10:52:47,CS1,MM_SUSPENDED,,,,empty book — window reset
20:15:21,2018-08-16 10:52:47,CS2,MM_SUSPENDED,,,,warming up (1/15 cycles)
20:15:21,2018-08-16 10:52:47,CS1,ARB_FILLED,BUY,98.99,20,fully filled
20:15:21,2018-08-16 10:52:47,CS1,ARB_FILLED,SELL,100.0085,20,fully filled
20:15:23,2018-08-16 10:52:48,CS1,MM_SUSPENDED,,,,empty book — window reset
20:15:23,2018-08-16 10:52:48,CS2,STAB_RESET,,,,bad spread=594.1000 — window cleared
20:15:23,2018-08-16 10:52:48,CS2,MM_SUSPENDED,,,,empty book — window reset
20:15:23,2018-08-16 10:52:49,CS1,ARB_DETECT,,100.94/100.05,19,agg_bid=19L agg_ask=124L submitting=19L
20:15:23,2018-08-16 10:52:49,CS1,ARB_SUBMIT,BOTH,,19,buy_id=6bfa5122 sell_id=ea8394ba
20:15:24,2018-08-16 10:52:50,CS1,ARB_FILLED,BUY,100.05,19,fully filled
20:15:24,2018-08-16 10:52:50,CS1,ARB_FILLED,SELL,100.0,19,fully filled
20:15:25,2018-08-16 10:52:51,CS1,MM_SUSPENDED,,,,warming up (1/15 cycles)
20:15:25,2018-08-16 10:52:51,CS2,MM_SUSPENDED,,,,warming up (1/15 cycles)
20:15:27,2018-08-16 10:52:52,CS1,MM_SUSPENDED,,,,warming up (2/15 cycles)
20:15:27,2018-08-16 10:52:52,CS2,EXTREME_BID,BUY,1.0,3,bid fixed thin vol=19L batch1 — pos=+36L
20:15:27,2018-08-16 10:52:52,CS2,EXTREME_BID,BUY,2.0,3,bid fixed thin vol=19L batch1 — pos=+36L
20:15:27,2018-08-16 10:52:52,CS2,EXTREME_BID,BUY,3.0,3,bid fixed thin vol=19L batch1 — pos=+36L
20:15:27,2018-08-16 10:52:52,CS2,EXTREME_BID,BUY,4.0,3,bid fixed thin vol=19L batch1 — pos=+36L
20:15:27,2018-08-16 10:52:52,CS2,STAB_RESET,,,,bad spread=293.5500 — window cleared
20:15:27,2018-08-16 10:52:52,CS2,MM_SUSPENDED,,,,empty book — window reset
20:15:29,2018-08-16 10:52:54,CS1,MM_SUSPENDED,,,,warming up (3/15 cycles)
20:15:29,2018-08-16 10:52:54,CS2,EXTREME_BID,BUY,540.54,3,bid tier0 thin vol=12L batch2 — ref_ask=600.6 pos=+39L
20:15:29,2018-08-16 10:52:54,CS2,EXTREME_BID,BUY,450.45,3,bid tier1 thin vol=12L batch2 — ref_ask=600.6 pos=+39L
20:15:29,2018-08-16 10:52:54,CS2,EXTREME_BID,BUY,300.3,3,bid tier2 thin vol=12L batch2 — ref_ask=600.6 pos=+39L
20:15:29,2018-08-16 10:52:54,CS2,MM_SUSPENDED,,,,empty book — window reset
20:15:31,2018-08-16 10:52:57,CS1,ARB_DETECT,,100.67/99.63,63,agg_bid=231L agg_ask=63L submitting=63L
20:15:31,2018-08-16 10:52:57,CS1,ARB_SUBMIT,BOTH,,63,buy_id=c07423ed sell_id=36d9050b
20:15:31,2018-08-16 10:52:57,CS1,STAB_RESET,,,,bad spread=-1.0400 — window cleared
20:15:31,2018-08-16 10:52:57,CS1,MM_SUSPENDED,,,,empty book — window reset
20:15:31,2018-08-16 10:52:57,CS2,EXTREME_BID,BUY,1.0,3,bid fixed thin vol=9L batch1 — pos=+48L
20:15:31,2018-08-16 10:52:57,CS2,EXTREME_BID,BUY,2.0,3,bid fixed thin vol=9L batch1 — pos=+48L
20:15:31,2018-08-16 10:52:57,CS2,EXTREME_BID,BUY,3.0,3,bid fixed thin vol=9L batch1 — pos=+48L
20:15:31,2018-08-16 10:52:57,CS2,EXTREME_BID,BUY,4.0,3,bid fixed thin vol=9L batch1 — pos=+48L
20:15:31,2018-08-16 10:52:57,CS2,MM_SUSPENDED,,,,warming up (1/15 cycles)
20:15:32,2018-08-16 10:52:57,CS1,ARB_FILLED,BUY,99.6475,63,fully filled
20:15:32,2018-08-16 10:52:57,CS1,ARB_FILLED,SELL,100.6635,63,fully filled
20:15:33,2018-08-16 10:52:59,CS1,MM_SUSPENDED,,,,warming up (1/15 cycles)
20:15:33,2018-08-16 10:52:59,CS2,EXTREME_BID,BUY,404.28,3,bid tier0 thin vol=12L batch2 — ref_ask=449.2 pos=+60L
20:15:33,2018-08-16 10:52:59,CS2,EXTREME_BID,BUY,336.9,3,bid tier1 thin vol=12L batch2 — ref_ask=449.2 pos=+60L
20:15:33,2018-08-16 10:52:59,CS2,EXTREME_BID,BUY,224.6,3,bid tier2 thin vol=12L batch2 — ref_ask=449.2 pos=+60L
20:15:33,2018-08-16 10:52:59,CS2,STAB_RESET,,,,bad spread=447.2000 — window cleared
20:15:33,2018-08-16 10:52:59,CS2,MM_SUSPENDED,,,,empty book — window reset
20:15:35,2018-08-16 10:53:00,CS1,MM_SUSPENDED,,,,warming up (2/15 cycles)
20:15:35,2018-08-16 10:53:00,CS2,EXTREME_BID,BUY,1.0,3,bid fixed thin vol=6L batch1 — pos=+72L
20:15:35,2018-08-16 10:53:00,CS2,EXTREME_BID,BUY,2.0,3,bid fixed thin vol=6L batch1 — pos=+72L
20:15:35,2018-08-16 10:53:00,CS2,EXTREME_BID,BUY,3.0,3,bid fixed thin vol=6L batch1 — pos=+72L
20:15:35,2018-08-16 10:53:00,CS2,EXTREME_BID,BUY,4.0,3,bid fixed thin vol=6L batch1 — pos=+72L
20:15:35,2018-08-16 10:53:00,CS2,MM_SUSPENDED,,,,warming up (1/15 cycles)
20:15:37,2018-08-16 10:53:02,CS1,MM_SUSPENDED,,,,warming up (3/15 cycles)
20:15:37,2018-08-16 10:53:02,CS2,EXTREME_BID,BUY,0.1,3,bid tier0 empty batch2 — ref_ask=0.01 pos=+90L
20:15:37,2018-08-16 10:53:02,CS2,EXTREME_BID,BUY,0.1,3,bid tier1 empty batch2 — ref_ask=0.01 pos=+90L
20:15:37,2018-08-16 10:53:02,CS2,EXTREME_BID,BUY,0.1,3,bid tier2 empty batch2 — ref_ask=0.01 pos=+90L
20:15:37,2018-08-16 10:53:02,CS2,STAB_RESET,,,,empty book — window cleared
20:15:37,2018-08-16 10:53:02,CS2,MM_SUSPENDED,,,,empty book — window reset
20:15:39,2018-08-16 10:53:05,CS1,MM_SUSPENDED,,,,warming up (4/15 cycles)
20:15:39,2018-08-16 10:53:05,CS2,MM_SUSPENDED,,,,empty book — window reset
20:15:41,2018-08-16 10:53:07,CS1,MM_SUSPENDED,,,,warming up (5/15 cycles)
20:15:41,2018-08-16 10:53:07,CS2,EXTREME_BID,BUY,1.0,3,bid fixed empty batch1 — pos=+99L
20:15:41,2018-08-16 10:53:07,CS2,EXTREME_BID,BUY,2.0,3,bid fixed empty batch1 — pos=+99L
20:15:41,2018-08-16 10:53:07,CS2,EXTREME_BID,BUY,3.0,3,bid fixed empty batch1 — pos=+99L
20:15:41,2018-08-16 10:53:07,CS2,EXTREME_BID,BUY,4.0,3,bid fixed empty batch1 — pos=+99L
20:15:41,2018-08-16 10:53:07,CS2,MM_SUSPENDED,,,,empty book — window reset
20:15:43,2018-08-16 10:53:09,CS1,MM_SUSPENDED,,,,warming up (6/15 cycles)
20:15:43,2018-08-16 10:53:09,CS2,EXTREME_ASK,SELL,400.0,3,ask fixed thin vol=17L batch1 — pos=+95L
20:15:43,2018-08-16 10:53:09,CS2,EXTREME_ASK,SELL,500.0,3,ask fixed thin vol=17L batch1 — pos=+95L
20:15:43,2018-08-16 10:53:09,CS2,EXTREME_ASK,SELL,600.0,3,ask fixed thin vol=17L batch1 — pos=+95L
20:15:43,2018-08-16 10:53:09,CS2,EXTREME_ASK,SELL,700.0,3,ask fixed thin vol=17L batch1 — pos=+95L
20:15:43,2018-08-16 10:53:09,CS2,EXTREME_BID,BUY,614.25,3,bid tier0 thin vol=68L batch2 — ref_ask=682.5 pos=+95L
20:15:43,2018-08-16 10:53:09,CS2,EXTREME_BID,BUY,511.88,3,bid tier1 thin vol=68L batch2 — ref_ask=682.5 pos=+95L
20:15:43,2018-08-16 10:53:09,CS2,EXTREME_BID,BUY,341.25,3,bid tier2 thin vol=68L batch2 — ref_ask=682.5 pos=+95L
20:15:43,2018-08-16 10:53:09,CS2,MM_SUSPENDED,,,,empty book — window reset
20:15:44,2018-08-16 10:53:10,CS2,ARB_DETECT,,511.88/400.0,1,agg_bid=1L agg_ask=6L submitting=1L
20:15:44,2018-08-16 10:53:10,CS2,ARB_SUBMIT,BOTH,,1,buy_id=746e903b sell_id=d38ea647
20:15:45,2018-08-16 10:53:10,CS2,ARB_FILLED,BUY,375.88,1,fully filled
20:15:45,2018-08-16 10:53:10,CS2,ARB_FILLED,SELL,350.91,1,fully filled
20:15:45,2018-08-16 10:53:11,CS1,MM_SUSPENDED,,,,warming up (7/15 cycles)
20:15:45,2018-08-16 10:53:11,CS2,EXTREME_ASK,SELL,4.4,52,ask tier0 thin vol=106L batch2 — ref_bid=4.0 pos=+104L
20:15:45,2018-08-16 10:53:11,CS2,EXTREME_ASK,SELL,5.0,31,ask tier1 thin vol=106L batch2 — ref_bid=4.0 pos=+104L
20:15:45,2018-08-16 10:53:11,CS2,EXTREME_ASK,SELL,6.0,21,ask tier2 thin vol=106L batch2 — ref_bid=4.0 pos=+104L
20:15:45,2018-08-16 10:53:11,CS2,EXTREME_BID,BUY,1.0,3,bid fixed thin vol=12L batch1 — pos=+104L
20:15:45,2018-08-16 10:53:11,CS2,EXTREME_BID,BUY,2.0,3,bid fixed thin vol=12L batch1 — pos=+104L
20:15:45,2018-08-16 10:53:11,CS2,EXTREME_BID,BUY,3.0,3,bid fixed thin vol=12L batch1 — pos=+104L
20:15:45,2018-08-16 10:53:11,CS2,EXTREME_BID,BUY,4.0,3,bid fixed thin vol=12L batch1 — pos=+104L
20:15:45,2018-08-16 10:53:11,CS2,MM_SUSPENDED,,,,empty book — window reset
20:15:46,2018-08-16 10:53:12,CS1,ARB_DETECT,,101.41/100.7,20,agg_bid=20L agg_ask=152L submitting=20L
20:15:46,2018-08-16 10:53:12,CS1,ARB_SUBMIT,BOTH,,20,buy_id=2be67e21 sell_id=dfcabb9c
20:15:47,2018-08-16 10:53:13,CS1,ARB_FILLED,BUY,100.7,20,fully filled
20:15:47,2018-08-16 10:53:13,CS1,ARB_FILLED,SELL,100.64,20,fully filled
20:15:48,2018-08-16 10:53:13,CS1,MM_SUSPENDED,,,,warming up (8/15 cycles)
20:15:48,2018-08-16 10:53:13,CS2,EXTREME_BID,BUY,4.5,3,bid tier0 thin vol=32L batch2 — ref_ask=5.0 pos=+31L
20:15:48,2018-08-16 10:53:13,CS2,EXTREME_BID,BUY,3.75,3,bid tier1 thin vol=32L batch2 — ref_ask=5.0 pos=+31L
20:15:48,2018-08-16 10:53:13,CS2,EXTREME_BID,BUY,2.5,3,bid tier2 thin vol=32L batch2 — ref_ask=5.0 pos=+31L
20:15:48,2018-08-16 10:53:13,CS2,MM_SUSPENDED,,,,warming up (1/15 cycles)
20:15:48,2018-08-16 10:53:14,CS1,ARB_DETECT,,101.22/100.71,20,agg_bid=20L agg_ask=75L submitting=20L
20:15:48,2018-08-16 10:53:14,CS1,ARB_SUBMIT,BOTH,,20,buy_id=ceccd1c8 sell_id=23d40552
20:15:49,2018-08-16 10:53:15,CS1,ARB_FILLED,BUY,100.7195,20,fully filled
20:15:49,2018-08-16 10:53:15,CS1,ARB_FILLED,SELL,101.2,20,fully filled
20:15:50,2018-08-16 10:53:15,CS1,MM_SUSPENDED,,,,warming up (9/15 cycles)
20:15:50,2018-08-16 10:53:15,CS2,MM_SUSPENDED,,,,warming up (2/15 cycles)
20:15:52,2018-08-16 10:53:16,CS1,MM_SUSPENDED,,,,warming up (10/15 cycles)
20:15:52,2018-08-16 10:53:16,CS2,MM_SUSPENDED,,,,warming up (3/15 cycles)
20:15:53,2018-08-16 10:53:17,CS1,ARB_DETECT,,101.22/99.08,20,agg_bid=209L agg_ask=20L submitting=20L
20:15:53,2018-08-16 10:53:17,CS1,ARB_SUBMIT,BOTH,,20,buy_id=ea804448 sell_id=10182bd2
20:15:54,2018-08-16 10:53:19,CS1,MM_SUSPENDED,,,,warming up (11/15 cycles)
20:15:54,2018-08-16 10:53:19,CS2,MM_SUSPENDED,,,,warming up (4/15 cycles)
20:15:54,2018-08-16 10:53:20,CS1,ARB_FILLED,BUY,101.24,20,fully filled
20:15:54,2018-08-16 10:53:20,CS1,ARB_FILLED,SELL,101.21,20,fully filled
20:15:56,2018-08-16 10:53:21,CS1,MM_SUSPENDED,,,,warming up (12/15 cycles)
20:15:56,2018-08-16 10:53:21,CS2,STAB_RESET,,,,bad spread=391.7500 — window cleared
20:15:56,2018-08-16 10:53:21,CS2,MM_SUSPENDED,,,,empty book — window reset
20:15:58,2018-08-16 10:53:23,CS1,MM_SUSPENDED,,,,warming up (13/15 cycles)
20:15:58,2018-08-16 10:53:23,CS2,MM_SUSPENDED,,,,warming up (1/15 cycles)
20:16:00,2018-08-16 10:53:26,CS1,MM_SUSPENDED,,,,warming up (14/15 cycles)
20:16:00,2018-08-16 10:53:26,CS2,EXTREME_BID,BUY,1.0,3,bid fixed thin vol=15L batch1 — pos=+18L
20:16:00,2018-08-16 10:53:26,CS2,EXTREME_BID,BUY,2.0,3,bid fixed thin vol=15L batch1 — pos=+18L
20:16:00,2018-08-16 10:53:26,CS2,EXTREME_BID,BUY,3.0,3,bid fixed thin vol=15L batch1 — pos=+18L
20:16:00,2018-08-16 10:53:26,CS2,EXTREME_BID,BUY,4.0,3,bid fixed thin vol=15L batch1 — pos=+18L
20:16:00,2018-08-16 10:53:26,CS2,STAB_RESET,,,,bad spread=205.6200 — window cleared
20:16:00,2018-08-16 10:53:26,CS2,MM_SUSPENDED,,,,empty book — window reset
20:16:02,2018-08-16 10:53:28,CS1,SPREAD_TIGHT,,,,spread=0.0200 < 0.04 — waiting
20:16:02,2018-08-16 10:53:28,CS2,EXTREME_BID,BUY,166.88,3,bid tier0 thin vol=48L batch2 — ref_ask=185.42 pos=+18L
20:16:02,2018-08-16 10:53:28,CS2,EXTREME_BID,BUY,139.06,3,bid tier1 thin vol=48L batch2 — ref_ask=185.42 pos=+18L
20:16:02,2018-08-16 10:53:28,CS2,EXTREME_BID,BUY,92.71,3,bid tier2 thin vol=48L batch2 — ref_ask=185.42 pos=+18L
20:16:02,2018-08-16 10:53:28,CS2,MM_SUSPENDED,,,,warming up (1/15 cycles)
20:16:04,2018-08-16 10:53:30,CS1,SPREAD_TIGHT,,,,spread=0.0100 < 0.04 — waiting
20:16:04,2018-08-16 10:53:30,CS2,MM_SUSPENDED,,,,warming up (2/15 cycles)
20:16:06,2018-08-16 10:53:31,CS1,SPREAD_TIGHT,,,,spread=0.0100 < 0.04 — waiting
20:16:06,2018-08-16 10:53:31,CS2,STAB_RESET,,,,bad spread=129.3100 — window cleared
20:16:06,2018-08-16 10:53:31,CS2,MM_SUSPENDED,,,,empty book — window reset
20:16:08,2018-08-16 10:53:34,CS1,SPREAD_TIGHT,,,,spread=0.0400 < 0.04 — waiting
20:16:08,2018-08-16 10:53:34,CS2,MM_SUSPENDED,,,,empty book — window reset
20:16:10,2018-08-16 10:53:35,CS1,SPREAD_TIGHT,,,,spread=0.0000 < 0.04 — waiting
20:16:10,2018-08-16 10:53:35,CS2,MM_SUSPENDED,,,,warming up (1/15 cycles)
20:16:12,2018-08-16 10:53:38,CS1,SPREAD_TIGHT,,,,spread=0.0300 < 0.04 — waiting
20:16:12,2018-08-16 10:53:38,CS2,STAB_RESET,,,,bad spread=199.3800 — window cleared
20:16:12,2018-08-16 10:53:38,CS2,MM_SUSPENDED,,,,empty book — window reset
20:16:14,2018-08-16 10:53:40,CS1,SPREAD_TIGHT,,,,spread=0.0100 < 0.04 — waiting
20:16:14,2018-08-16 10:53:40,CS2,MM_SUSPENDED,,,,empty book — window reset
20:16:17,2018-08-16 10:53:42,CS1,SUBMIT,BUY,99.98,3,bid=99.98 spread=0.4700 pos=+106L inv_ratio=1.00 skew=0.1880 ref=100.67 bid_vol=327L
20:16:18,2018-08-16 10:53:42,CS1,SUBMIT,SELL,100.43,3,ask=100.43 spread=0.4700 pos=+106L inv_ratio=1.00 skew=0.1880 ref=100.67 ask_vol=185L
20:16:18,2018-08-16 10:53:42,CS1,STATUS,,,,bid=99.98(REST) ask=100.43(REST) spread=0.4700 pos=+106L inv_ratio=1.00 skew=0.1880 ref=100.67 window=15 bid_vol=327L ask_vol=185L
20:16:18,2018-08-16 10:53:42,CS2,MM_SUSPENDED,,,,empty book — window reset
20:16:18,2018-08-16 10:53:44,CS1,CANCEL,BID,99.98,,outside spread bid=100.16 ask=101.1
20:16:18,2018-08-16 10:53:44,CS1,FILLED,ASK,100.43,,order no longer in waiting list
20:16:19,2018-08-16 10:53:44,CS1,SUBMIT,BUY,99.79,3,bid=99.79 spread=0.9400 pos=+103L inv_ratio=1.00 skew=0.3760 ref=100.41 bid_vol=368L
20:16:20,2018-08-16 10:53:44,CS1,SUBMIT,SELL,100.71,3,ask=100.71 spread=0.9400 pos=+103L inv_ratio=1.00 skew=0.3760 ref=100.41 ask_vol=145L
20:16:20,2018-08-16 10:53:44,CS1,STATUS,,,,bid=99.79(REST) ask=100.71(REST) spread=0.9400 pos=+103L inv_ratio=1.00 skew=0.3760 ref=100.41 window=15 bid_vol=368L ask_vol=145L
20:16:20,2018-08-16 10:53:44,CS2,MM_SUSPENDED,,,,warming up (1/15 cycles)
20:16:20,2018-08-16 10:53:46,CS1,ARB_DETECT,,99.3/99.23,100,agg_bid=148L agg_ask=226L submitting=100L
20:16:20,2018-08-16 10:53:46,CS1,ARB_SUBMIT,BOTH,,100,buy_id=56b0beb6 sell_id=02df97ce
20:16:20,2018-08-16 10:53:46,CS1,STAB_RESET,,,,bad spread=-0.0700 — window cleared
20:16:20,2018-08-16 10:53:46,CS1,MM_SUSPENDED,,,,empty book — window reset
20:16:20,2018-08-16 10:53:46,CS1,CANCEL,ASK,100.71,,MM suspended — cancelling resting quote
20:16:21,2018-08-16 10:53:47,CS1,ARB_FILLED,BUY,99.2363,100,fully filled
20:16:21,2018-08-16 10:53:47,CS1,ARB_FILLED,SELL,99.2912,100,fully filled
20:16:21,2018-08-16 10:53:47,CS1,ARB_DETECT,,99.28/99.25,47,agg_bid=47L agg_ask=86L submitting=47L
20:16:21,2018-08-16 10:53:47,CS1,ARB_SUBMIT,BOTH,,47,buy_id=54d7b70d sell_id=ef35eb20
20:16:22,2018-08-16 10:53:47,CS1,ARB_FILLED,BUY,99.263,47,fully filled
20:16:22,2018-08-16 10:53:47,CS1,ARB_FILLED,SELL,99.2668,47,fully filled
20:16:22,2018-08-16 10:53:48,CS2,MM_SUSPENDED,,,,warming up (2/15 cycles)
20:16:22,2018-08-16 10:53:48,CS1,MM_SUSPENDED,,,,empty book — window reset
20:16:23,2018-08-16 10:53:49,CS1,ARB_DETECT,,99.21/98.84,101,agg_bid=268L agg_ask=209L submitting=101L
20:16:23,2018-08-16 10:53:49,CS1,ARB_SUBMIT,BOTH,,101,buy_id=ef9f6225 sell_id=b96cea32
20:16:23,2018-08-16 10:53:49,CS1,ARB_FILLED,BUY,98.8497,101,fully filled
20:16:23,2018-08-16 10:53:49,CS1,ARB_FILLED,SELL,99.2078,101,fully filled
20:16:23,2018-08-16 10:53:49,CS1,ARB_DETECT,,99.2/98.87,68,agg_bid=247L agg_ask=68L submitting=68L
20:16:23,2018-08-16 10:53:49,CS1,ARB_SUBMIT,BOTH,,68,buy_id=3b2fcdf2 sell_id=afc3fa94
20:16:24,2018-08-16 10:53:50,CS1,ARB_FILLED,BUY,98.8749,68,fully filled
20:16:24,2018-08-16 10:53:50,CS1,ARB_FILLED,SELL,99.1962,68,fully filled
20:16:24,2018-08-16 10:53:50,CS2,MM_SUSPENDED,,,,warming up (3/15 cycles)
20:16:24,2018-08-16 10:53:50,CS1,MM_SUSPENDED,,,,warming up (1/15 cycles)
20:16:26,2018-08-16 10:53:52,CS2,STAB_RESET,,,,bad spread=493.4800 — window cleared
20:16:26,2018-08-16 10:53:52,CS2,MM_SUSPENDED,,,,empty book — window reset
20:16:27,2018-08-16 10:53:52,CS1,MM_SUSPENDED,,,,warming up (2/15 cycles)
20:16:28,2018-08-16 10:53:54,CS2,MM_SUSPENDED,,,,empty book — window reset
20:16:29,2018-08-16 10:53:54,CS1,MM_SUSPENDED,,,,warming up (3/15 cycles)
20:16:30,2018-08-16 10:53:56,CS2,EXTREME_BID,BUY,1.0,3,bid fixed thin vol=1L batch1 — pos=+50L
20:16:30,2018-08-16 10:53:56,CS2,EXTREME_BID,BUY,2.0,3,bid fixed thin vol=1L batch1 — pos=+50L
20:16:30,2018-08-16 10:53:56,CS2,EXTREME_BID,BUY,3.0,3,bid fixed thin vol=1L batch1 — pos=+50L
20:16:30,2018-08-16 10:53:56,CS2,EXTREME_BID,BUY,4.0,3,bid fixed thin vol=1L batch1 — pos=+50L
20:16:30,2018-08-16 10:53:56,CS2,MM_SUSPENDED,,,,empty book — window reset
20:16:31,2018-08-16 10:53:56,CS1,MM_SUSPENDED,,,,warming up (4/15 cycles)
20:16:32,2018-08-16 10:53:57,CS2,EXTREME_BID,BUY,82.78,3,bid tier0 thin vol=13L batch2 — ref_ask=91.98 pos=+50L
20:16:32,2018-08-16 10:53:57,CS2,EXTREME_BID,BUY,68.98,3,bid tier1 thin vol=13L batch2 — ref_ask=91.98 pos=+50L
20:16:32,2018-08-16 10:53:57,CS2,EXTREME_BID,BUY,45.99,3,bid tier2 thin vol=13L batch2 — ref_ask=91.98 pos=+50L
20:16:32,2018-08-16 10:53:57,CS2,MM_SUSPENDED,,,,empty book — window reset
20:16:33,2018-08-16 10:53:57,CS1,MM_SUSPENDED,,,,warming up (5/15 cycles)
20:16:33,2018-08-16 10:53:58,CS1,ARB_DETECT,,100.0/99.81,20,agg_bid=20L agg_ask=20L submitting=20L
20:16:33,2018-08-16 10:53:58,CS1,ARB_SUBMIT,BOTH,,20,buy_id=8e67ddb1 sell_id=2d5b8a4b
20:16:34,2018-08-16 10:53:58,CS1,ARB_DETECT,,100.0/99.81,20,agg_bid=20L agg_ask=20L submitting=20L
20:16:34,2018-08-16 10:53:58,CS1,ARB_SUBMIT,BOTH,,20,buy_id=c623aa0a sell_id=8478cf9a
20:16:34,2018-08-16 10:53:59,CS2,MM_SUSPENDED,,,,warming up (1/15 cycles)
20:16:35,2018-08-16 10:53:59,CS1,MM_SUSPENDED,,,,warming up (6/15 cycles)
20:16:36,2018-08-16 10:54:00,CS1,ARB_FILLED,BUY,98.82,20,fully filled
20:16:36,2018-08-16 10:54:00,CS1,ARB_FILLED,SELL,98.82,20,fully filled
20:16:36,2018-08-16 10:54:00,CS1,ARB_FILLED,BUY,98.82,20,fully filled
20:16:36,2018-08-16 10:54:00,CS1,ARB_FILLED,SELL,98.82,20,fully filled
20:16:36,2018-08-16 10:54:02,CS2,EXTREME_BID,BUY,1.0,3,bid fixed thin vol=16L batch1 — pos=+56L
20:16:36,2018-08-16 10:54:02,CS2,EXTREME_BID,BUY,2.0,3,bid fixed thin vol=16L batch1 — pos=+56L
20:16:36,2018-08-16 10:54:02,CS2,EXTREME_BID,BUY,3.0,3,bid fixed thin vol=16L batch1 — pos=+56L
20:16:36,2018-08-16 10:54:02,CS2,EXTREME_BID,BUY,4.0,3,bid fixed thin vol=16L batch1 — pos=+56L
20:16:36,2018-08-16 10:54:02,CS2,STAB_RESET,,,,bad spread=246.0000 — window cleared
20:16:36,2018-08-16 10:54:02,CS2,MM_SUSPENDED,,,,empty book — window reset
20:16:37,2018-08-16 10:54:02,CS1,MM_SUSPENDED,,,,warming up (7/15 cycles)
20:16:39,2018-08-16 10:54:04,CS2,EXTREME_BID,BUY,450.0,3,bid tier0 thin vol=45L batch2 — ref_ask=500.0 pos=+59L
20:16:39,2018-08-16 10:54:04,CS2,EXTREME_BID,BUY,375.0,3,bid tier1 thin vol=45L batch2 — ref_ask=500.0 pos=+59L
20:16:39,2018-08-16 10:54:04,CS2,EXTREME_BID,BUY,250.0,3,bid tier2 thin vol=45L batch2 — ref_ask=500.0 pos=+59L
20:16:39,2018-08-16 10:54:04,CS2,MM_SUSPENDED,,,,empty book — window reset
20:16:39,2018-08-16 10:54:04,CS1,MM_SUSPENDED,,,,warming up (8/15 cycles)
20:16:39,2018-08-16 10:54:05,CS1,ARB_DETECT,,98.82/98.14,101,agg_bid=248L agg_ask=222L submitting=101L
20:16:39,2018-08-16 10:54:05,CS1,ARB_SUBMIT,BOTH,,101,buy_id=b682a073 sell_id=5c76cc7d
20:16:40,2018-08-16 10:54:06,CS1,ARB_FILLED,BUY,98.1435,101,fully filled
20:16:40,2018-08-16 10:54:06,CS1,ARB_FILLED,SELL,98.8158,101,fully filled
20:16:40,2018-08-16 10:54:06,CS1,ARB_DETECT,,98.81/98.15,101,agg_bid=167L agg_ask=121L submitting=101L
20:16:40,2018-08-16 10:54:06,CS1,ARB_SUBMIT,BOTH,,101,buy_id=eac2c906 sell_id=681346fd
20:16:41,2018-08-16 10:54:06,CS1,ARB_FILLED,BUY,98.163,101,fully filled
20:16:41,2018-08-16 10:54:06,CS1,ARB_FILLED,SELL,98.7945,101,fully filled
20:16:41,2018-08-16 10:54:06,CS1,ARB_DETECT,,98.78/98.18,19,agg_bid=103L agg_ask=19L submitting=19L
20:16:41,2018-08-16 10:54:06,CS1,ARB_SUBMIT,BOTH,,19,buy_id=efb75840 sell_id=2f9dbbf9
20:16:41,2018-08-16 10:54:06,CS2,MM_SUSPENDED,,,,warming up (1/15 cycles)
20:16:41,2018-08-16 10:54:06,CS1,MM_SUSPENDED,,,,warming up (9/15 cycles)
20:16:41,2018-08-16 10:54:06,CS1,ARB_FILLED,BUY,98.18,19,fully filled
20:16:41,2018-08-16 10:54:06,CS1,ARB_FILLED,SELL,98.78,19,fully filled
20:16:42,2018-08-16 10:54:08,CS1,ARB_DETECT,,98.13/98.12,3,agg_bid=80L agg_ask=3L submitting=3L
20:16:42,2018-08-16 10:54:08,CS1,ARB_SUBMIT,BOTH,,3,buy_id=6139ef3e sell_id=a036c1f5
20:16:43,2018-08-16 10:54:08,CS2,STAB_RESET,,,,bad spread=125.0000 — window cleared
20:16:43,2018-08-16 10:54:08,CS2,MM_SUSPENDED,,,,empty book — window reset
20:16:43,2018-08-16 10:54:08,CS1,MM_SUSPENDED,,,,warming up (10/15 cycles)
20:16:43,2018-08-16 10:54:09,CS1,ARB_FILLED,BUY,100.68,3,fully filled
20:16:43,2018-08-16 10:54:09,CS1,ARB_FILLED,SELL,99.62,3,fully filled
20:16:45,2018-08-16 10:54:10,CS2,EXTREME_BID,BUY,1.0,3,bid fixed thin vol=19L batch1 — pos=+74L
20:16:45,2018-08-16 10:54:10,CS2,EXTREME_BID,BUY,2.0,3,bid fixed thin vol=19L batch1 — pos=+74L
20:16:45,2018-08-16 10:54:10,CS2,EXTREME_BID,BUY,3.0,3,bid fixed thin vol=19L batch1 — pos=+74L
20:16:45,2018-08-16 10:54:10,CS2,EXTREME_BID,BUY,4.0,3,bid fixed thin vol=19L batch1 — pos=+74L
20:16:45,2018-08-16 10:54:10,CS2,MM_SUSPENDED,,,,empty book — window reset
20:16:45,2018-08-16 10:54:10,CS1,MM_SUSPENDED,,,,warming up (11/15 cycles)
20:16:47,2018-08-16 10:54:12,CS2,EXTREME_BID,BUY,3.6,3,bid tier0 thin vol=28L batch2 — ref_ask=4.0 pos=+77L
20:16:47,2018-08-16 10:54:12,CS2,EXTREME_BID,BUY,3.0,3,bid tier1 thin vol=28L batch2 — ref_ask=4.0 pos=+77L
20:16:47,2018-08-16 10:54:12,CS2,EXTREME_BID,BUY,2.0,3,bid tier2 thin vol=28L batch2 — ref_ask=4.0 pos=+77L
20:16:47,2018-08-16 10:54:12,CS2,MM_SUSPENDED,,,,warming up (1/15 cycles)
20:16:47,2018-08-16 10:54:12,CS1,MM_SUSPENDED,,,,warming up (12/15 cycles)
20:16:49,2018-08-16 10:54:14,CS2,STAB_RESET,,,,bad spread=122.7500 — window cleared
20:16:49,2018-08-16 10:54:14,CS2,MM_SUSPENDED,,,,empty book — window reset
20:16:49,2018-08-16 10:54:14,CS1,MM_SUSPENDED,,,,warming up (13/15 cycles)
20:16:50,2018-08-16 10:54:15,CS1,ARB_DETECT,,102.63/101.09,98,agg_bid=229L agg_ask=268L submitting=98L
20:16:50,2018-08-16 10:54:15,CS1,ARB_SUBMIT,BOTH,,98,buy_id=0b2a46b0 sell_id=5adf5d03
20:16:50,2018-08-16 10:54:16,CS1,ARB_FILLED,BUY,101.0919,98,fully filled
20:16:50,2018-08-16 10:54:16,CS1,ARB_FILLED,SELL,102.6241,98,fully filled
20:16:50,2018-08-16 10:54:16,CS1,ARB_DETECT,,102.61/101.1,91,agg_bid=91L agg_ask=149L submitting=91L
20:16:50,2018-08-16 10:54:16,CS1,ARB_SUBMIT,BOTH,,91,buy_id=70672dfb sell_id=8d9fdf83
20:16:51,2018-08-16 10:54:16,CS2,MM_SUSPENDED,,,,empty book — window reset
20:16:51,2018-08-16 10:54:16,CS1,ARB_FILLED,BUY,101.1091,91,fully filled
20:16:51,2018-08-16 10:54:16,CS1,ARB_FILLED,SELL,102.5982,91,fully filled
20:16:51,2018-08-16 10:54:16,CS1,MM_SUSPENDED,,,,warming up (14/15 cycles)
20:16:53,2018-08-16 10:54:18,CS1,ARB_DETECT,,101.69/101.12,38,agg_bid=250L agg_ask=38L submitting=38L
20:16:53,2018-08-16 10:54:18,CS1,ARB_SUBMIT,BOTH,,38,buy_id=568a07af sell_id=72133941
20:16:53,2018-08-16 10:54:18,CS2,MM_SUSPENDED,,,,empty book — window reset
20:16:53,2018-08-16 10:54:19,CS1,SPREAD_TIGHT,,,,spread=0.0200 < 0.04 — waiting
20:16:53,2018-08-16 10:54:19,CS1,ARB_FILLED,BUY,101.1287,38,fully filled
20:16:53,2018-08-16 10:54:19,CS1,ARB_FILLED,SELL,101.69,38,fully filled
20:16:55,2018-08-16 10:54:20,CS2,MM_SUSPENDED,,,,warming up (1/15 cycles)
20:16:55,2018-08-16 10:54:20,CS1,SPREAD_TIGHT,,,,spread=0.0200 < 0.04 — waiting
20:16:57,2018-08-16 10:54:22,CS2,EXTREME_BID,BUY,1.0,3,bid fixed thin vol=10L batch1 — pos=+104L
20:16:57,2018-08-16 10:54:22,CS2,EXTREME_BID,BUY,2.0,3,bid fixed thin vol=10L batch1 — pos=+104L
20:16:57,2018-08-16 10:54:22,CS2,EXTREME_BID,BUY,3.0,3,bid fixed thin vol=10L batch1 — pos=+104L
20:16:57,2018-08-16 10:54:22,CS2,EXTREME_BID,BUY,4.0,3,bid fixed thin vol=10L batch1 — pos=+104L
20:16:57,2018-08-16 10:54:22,CS2,STAB_RESET,,,,bad spread=257.5600 — window cleared
20:16:57,2018-08-16 10:54:22,CS2,MM_SUSPENDED,,,,empty book — window reset
20:16:57,2018-08-16 10:54:22,CS1,SPREAD_TIGHT,,,,spread=0.0100 < 0.04 — waiting
20:16:58,2018-08-16 10:54:24,CS1,ARB_DETECT,,101.68/100.14,99,agg_bid=189L agg_ask=249L submitting=99L
20:16:58,2018-08-16 10:54:24,CS1,ARB_SUBMIT,BOTH,,99,buy_id=c686c02f sell_id=78f5b564
20:16:59,2018-08-16 10:54:24,CS1,ARB_FILLED,BUY,100.1439,99,fully filled
20:16:59,2018-08-16 10:54:24,CS1,ARB_FILLED,SELL,101.67,99,fully filled
20:16:59,2018-08-16 10:54:24,CS1,ARB_DETECT,,101.66/100.15,99,agg_bid=205L agg_ask=150L submitting=99L
20:16:59,2018-08-16 10:54:24,CS1,ARB_SUBMIT,BOTH,,99,buy_id=38f37c9c sell_id=26282797
20:16:59,2018-08-16 10:54:24,CS2,EXTREME_BID,BUY,450.0,3,bid tier0 thin vol=59L batch2 — ref_ask=500.0 pos=+107L
20:16:59,2018-08-16 10:54:24,CS2,EXTREME_BID,BUY,375.0,3,bid tier1 thin vol=59L batch2 — ref_ask=500.0 pos=+107L
20:16:59,2018-08-16 10:54:24,CS2,EXTREME_BID,BUY,250.0,3,bid tier2 thin vol=59L batch2 — ref_ask=500.0 pos=+107L
20:16:59,2018-08-16 10:54:24,CS2,MM_SUSPENDED,,,,empty book — window reset
20:16:59,2018-08-16 10:54:25,CS1,STAB_RESET,,,,bad spread=-1.4900 — window cleared
20:16:59,2018-08-16 10:54:25,CS1,MM_SUSPENDED,,,,empty book — window reset
20:16:59,2018-08-16 10:54:25,CS1,ARB_FILLED,BUY,100.1598,99,fully filled
20:16:59,2018-08-16 10:54:25,CS1,ARB_FILLED,SELL,101.3637,99,fully filled
20:16:59,2018-08-16 10:54:25,CS1,ARB_DETECT,,101.06/100.17,51,agg_bid=180L agg_ask=51L submitting=51L
20:16:59,2018-08-16 10:54:25,CS1,ARB_SUBMIT,BOTH,,51,buy_id=56586906 sell_id=fed41e56
20:17:00,2018-08-16 10:54:26,CS1,ARB_FILLED,BUY,100.2067,51,fully filled
20:17:00,2018-08-16 10:54:26,CS1,ARB_FILLED,SELL,101.0529,51,fully filled
20:17:00,2018-08-16 10:54:26,CS1,ARB_DETECT,,101.05/99.38,20,agg_bid=233L agg_ask=20L submitting=20L
20:17:00,2018-08-16 10:54:26,CS1,ARB_SUBMIT,BOTH,,20,buy_id=52a9b634 sell_id=53d1ba88
20:17:01,2018-08-16 10:54:26,CS1,ARB_PARTIAL,BUY,99.395,16,partially filled — leaving open
20:17:01,2018-08-16 10:54:26,CS2,MM_SUSPENDED,,,,empty book — window reset
20:17:01,2018-08-16 10:54:27,CS1,MM_SUSPENDED,,,,warming up (1/15 cycles)
20:17:01,2018-08-16 10:54:27,CS1,ARB_FILLED,BUY,99.4,20,fully filled
20:17:01,2018-08-16 10:54:27,CS1,ARB_FILLED,SELL,101.038,20,fully filled
20:17:03,2018-08-16 10:54:28,CS2,MM_SUSPENDED,,,,warming up (1/15 cycles)
20:17:03,2018-08-16 10:54:29,CS1,MM_SUSPENDED,,,,warming up (2/15 cycles)
20:17:05,2018-08-16 10:54:30,CS2,STAB_SPIKE,,252.0,,mid=252.0000 ref=305.2000 delta=53.2000 > 50.0 — window cleared
20:17:05,2018-08-16 10:54:30,CS2,MM_SUSPENDED,,,,price spike — window reset
20:17:05,2018-08-16 10:54:31,CS1,MM_SUSPENDED,,,,warming up (3/15 cycles)
20:17:07,2018-08-16 10:54:32,CS2,MM_SUSPENDED,,,,empty book — window reset
20:17:07,2018-08-16 10:54:33,CS1,MM_SUSPENDED,,,,warming up (4/15 cycles)
20:17:09,2018-08-16 10:54:34,CS2,EXTREME_BID,BUY,1.0,3,bid fixed thin vol=19L batch1 — pos=+116L
20:17:09,2018-08-16 10:54:34,CS2,EXTREME_BID,BUY,2.0,3,bid fixed thin vol=19L batch1 — pos=+116L
20:17:09,2018-08-16 10:54:34,CS2,EXTREME_BID,BUY,3.0,3,bid fixed thin vol=19L batch1 — pos=+116L
20:17:09,2018-08-16 10:54:34,CS2,EXTREME_BID,BUY,4.0,3,bid fixed thin vol=19L batch1 — pos=+116L
20:17:09,2018-08-16 10:54:34,CS2,MM_SUSPENDED,,,,empty book — window reset
20:17:09,2018-08-16 10:54:35,CS1,MM_SUSPENDED,,,,warming up (5/15 cycles)
20:17:10,2018-08-16 10:54:35,CS1,ARB_DETECT,,101.03/99.98,100,agg_bid=298L agg_ask=269L submitting=100L
20:17:10,2018-08-16 10:54:35,CS1,ARB_SUBMIT,BOTH,,100,buy_id=cd867436 sell_id=fcb09327
20:17:10,2018-08-16 10:54:36,CS1,ARB_FILLED,BUY,99.982,100,fully filled
20:17:10,2018-08-16 10:54:36,CS1,ARB_FILLED,SELL,100.1824,100,fully filled
20:17:10,2018-08-16 10:54:36,CS1,ARB_DETECT,,100.11/99.99,100,agg_bid=191L agg_ask=149L submitting=100L
20:17:10,2018-08-16 10:54:36,CS1,ARB_SUBMIT,BOTH,,100,buy_id=2b68d8c2 sell_id=1869998f
20:17:11,2018-08-16 10:54:36,CS1,ARB_FILLED,BUY,100.0001,100,fully filled
20:17:11,2018-08-16 10:54:36,CS1,ARB_FILLED,SELL,100.1011,100,fully filled
20:17:11,2018-08-16 10:54:36,CS1,ARB_DETECT,,100.1/100.01,49,agg_bid=91L agg_ask=49L submitting=49L
20:17:11,2018-08-16 10:54:36,CS1,ARB_SUBMIT,BOTH,,49,buy_id=a3945262 sell_id=2222fc45
20:17:11,2018-08-16 10:54:36,CS2,EXTREME_BID,BUY,228.38,3,bid tier0 thin vol=51L batch2 — ref_ask=253.75 pos=+119L
20:17:11,2018-08-16 10:54:36,CS2,EXTREME_BID,BUY,190.31,3,bid tier1 thin vol=51L batch2 — ref_ask=253.75 pos=+119L
20:17:11,2018-08-16 10:54:36,CS2,EXTREME_BID,BUY,126.88,3,bid tier2 thin vol=51L batch2 — ref_ask=253.75 pos=+119L
20:17:11,2018-08-16 10:54:36,CS2,MM_SUSPENDED,,,,empty book — window reset
20:17:11,2018-08-16 10:54:37,CS1,MM_SUSPENDED,,,,warming up (6/15 cycles)
20:17:12,2018-08-16 10:54:37,CS1,ARB_FILLED,BUY,100.0167,49,fully filled
20:17:12,2018-08-16 10:54:37,CS1,ARB_FILLED,SELL,100.0935,49,fully filled
20:17:13,2018-08-16 10:54:38,CS2,MM_SUSPENDED,,,,warming up (1/15 cycles)
20:17:13,2018-08-16 10:54:39,CS1,MM_SUSPENDED,,,,warming up (7/15 cycles)
20:17:15,2018-08-16 10:54:40,CS2,STAB_RESET,,,,bad spread=197.1900 — window cleared
20:17:15,2018-08-16 10:54:40,CS2,MM_SUSPENDED,,,,empty book — window reset
20:17:15,2018-08-16 10:54:41,CS1,MM_SUSPENDED,,,,warming up (8/15 cycles)
20:17:17,2018-08-16 10:54:42,CS2,MM_SUSPENDED,,,,warming up (1/15 cycles)
20:17:17,2018-08-16 10:54:43,CS1,MM_SUSPENDED,,,,warming up (9/15 cycles)
20:17:19,2018-08-16 10:54:44,CS2,STAB_RESET,,,,bad spread=26.0200 — window cleared
20:17:19,2018-08-16 10:54:44,CS2,MM_SUSPENDED,,,,empty book — window reset
20:17:19,2018-08-16 10:54:45,CS1,MM_SUSPENDED,,,,warming up (10/15 cycles)
20:17:21,2018-08-16 10:54:46,CS2,MM_SUSPENDED,,,,empty book — window reset
20:17:21,2018-08-16 10:54:47,CS1,MM_SUSPENDED,,,,warming up (11/15 cycles)
20:17:23,2018-08-16 10:54:48,CS2,MM_SUSPENDED,,,,empty book — window reset
20:17:23,2018-08-16 10:54:49,CS1,MM_SUSPENDED,,,,warming up (12/15 cycles)
20:17:25,2018-08-16 10:54:51,CS2,MM_SUSPENDED,,,,empty book — window reset
20:17:26,2018-08-16 10:54:51,CS1,STAB_RESET,,,,bad spread=-0.1900 — window cleared
20:17:26,2018-08-16 10:54:51,CS1,MM_SUSPENDED,,,,empty book — window reset
20:17:26,2018-08-16 10:54:51,CS1,ARB_DETECT,,101.28/101.09,98,agg_bid=267L agg_ask=167L submitting=98L
20:17:26,2018-08-16 10:54:51,CS1,ARB_SUBMIT,BOTH,,98,buy_id=5c207402 sell_id=78ffd459
20:17:26,2018-08-16 10:54:52,CS1,ARB_FILLED,BUY,101.0962,98,fully filled
20:17:26,2018-08-16 10:54:52,CS1,ARB_FILLED,SELL,101.278,98,fully filled
20:17:26,2018-08-16 10:54:52,CS1,ARB_DETECT,,101.27/101.11,69,agg_bid=149L agg_ask=69L submitting=69L
20:17:26,2018-08-16 10:54:52,CS1,ARB_SUBMIT,BOTH,,69,buy_id=875c75de sell_id=6b9f9ef9
20:17:27,2018-08-16 10:54:52,CS1,ARB_FILLED,BUY,101.1148,69,fully filled
20:17:27,2018-08-16 10:54:52,CS1,ARB_FILLED,SELL,101.2586,69,fully filled
20:17:27,2018-08-16 10:54:53,CS2,MM_SUSPENDED,,,,empty book — window reset
20:17:28,2018-08-16 10:54:53,CS1,MM_SUSPENDED,,,,warming up (1/15 cycles)
20:17:29,2018-08-16 10:54:54,CS2,EXTREME_BID,BUY,1.0,3,bid fixed thin vol=16L batch1 — pos=+140L
20:17:29,2018-08-16 10:54:54,CS2,EXTREME_BID,BUY,2.0,3,bid fixed thin vol=16L batch1 — pos=+140L
20:17:29,2018-08-16 10:54:54,CS2,EXTREME_BID,BUY,3.0,3,bid fixed thin vol=16L batch1 — pos=+140L
20:17:29,2018-08-16 10:54:54,CS2,EXTREME_BID,BUY,4.0,3,bid fixed thin vol=16L batch1 — pos=+140L
20:17:29,2018-08-16 10:54:54,CS2,MM_SUSPENDED,,,,warming up (1/15 cycles)
20:17:30,2018-08-16 10:54:54,CS1,MM_SUSPENDED,,,,warming up (2/15 cycles)
20:17:31,2018-08-16 10:54:54,CS2,EXTREME_BID,BUY,1.8,3,bid tier0 thin vol=16L batch2 — ref_ask=2.0 pos=+140L
20:17:31,2018-08-16 10:54:54,CS2,EXTREME_BID,BUY,1.5,3,bid tier1 thin vol=16L batch2 — ref_ask=2.0 pos=+140L
20:17:31,2018-08-16 10:54:54,CS2,EXTREME_BID,BUY,1.0,3,bid tier2 thin vol=16L batch2 — ref_ask=2.0 pos=+140L
20:17:31,2018-08-16 10:54:54,CS2,MM_SUSPENDED,,,,warming up (2/15 cycles)
20:17:32,2018-08-16 10:54:56,CS1,MM_SUSPENDED,,,,warming up (3/15 cycles)
20:17:33,2018-08-16 10:54:57,CS2,STAB_RESET,,,,bad spread=494.5000 — window cleared
20:17:33,2018-08-16 10:54:57,CS2,MM_SUSPENDED,,,,empty book — window reset
20:17:34,2018-08-16 10:54:57,CS1,MM_SUSPENDED,,,,warming up (4/15 cycles)
20:17:35,2018-08-16 10:55:01,CS2,MM_SUSPENDED,,,,empty book — window reset
20:17:36,2018-08-16 10:55:02,CS1,STAB_RESET,,,,bad spread=-1.2400 — window cleared
20:17:36,2018-08-16 10:55:02,CS1,MM_SUSPENDED,,,,empty book — window reset
20:17:36,2018-08-16 10:55:02,CS1,ARB_DETECT,,103.51/102.27,97,agg_bid=229L agg_ask=266L submitting=97L
20:17:36,2018-08-16 10:55:02,CS1,ARB_SUBMIT,BOTH,,97,buy_id=4f3291ac sell_id=d7771fca
20:17:37,2018-08-16 10:55:02,CS1,ARB_FILLED,BUY,102.2721,97,fully filled
20:17:37,2018-08-16 10:55:02,CS1,ARB_FILLED,SELL,103.5041,97,fully filled
20:17:37,2018-08-16 10:55:02,CS1,ARB_DETECT,,103.49/102.28,97,agg_bid=255L agg_ask=148L submitting=97L
20:17:37,2018-08-16 10:55:02,CS1,ARB_SUBMIT,BOTH,,97,buy_id=47f0c508 sell_id=1c14e714
20:17:37,2018-08-16 10:55:03,CS1,ARB_FILLED,BUY,102.29,97,fully filled
20:17:37,2018-08-16 10:55:03,CS1,ARB_FILLED,SELL,103.4819,97,fully filled
20:17:38,2018-08-16 10:55:03,CS2,MM_SUSPENDED,,,,empty book — window reset
20:17:38,2018-08-16 10:55:03,CS1,MM_SUSPENDED,,,,warming up (1/15 cycles)
20:17:39,2018-08-16 10:55:05,CS1,ARB_DETECT,,102.93/101.72,20,agg_bid=229L agg_ask=20L submitting=20L
20:17:39,2018-08-16 10:55:05,CS1,ARB_SUBMIT,BOTH,,20,buy_id=96d655f7 sell_id=e752dc3b
20:17:40,2018-08-16 10:55:05,CS2,MM_SUSPENDED,,,,warming up (1/15 cycles)
20:17:40,2018-08-16 10:55:05,CS1,ARB_FILLED,BUY,101.74,20,fully filled
20:17:40,2018-08-16 10:55:05,CS1,ARB_FILLED,SELL,102.93,20,fully filled
20:17:40,2018-08-16 10:55:05,CS1,MM_SUSPENDED,,,,warming up (2/15 cycles)
20:17:42,2018-08-16 10:55:07,CS2,STAB_RESET,,,,bad spread=75.2800 — window cleared
20:17:42,2018-08-16 10:55:07,CS2,MM_SUSPENDED,,,,empty book — window reset
20:17:42,2018-08-16 10:55:08,CS1,MM_SUSPENDED,,,,warming up (3/15 cycles)
20:17:44,2018-08-16 10:55:09,CS2,MM_SUSPENDED,,,,empty book — window reset
20:17:44,2018-08-16 10:55:10,CS1,MM_SUSPENDED,,,,warming up (4/15 cycles)
20:17:46,2018-08-16 10:55:11,CS2,MM_SUSPENDED,,,,empty book — window reset
20:17:46,2018-08-16 10:55:12,CS1,MM_SUSPENDED,,,,warming up (5/15 cycles)
20:17:48,2018-08-16 10:55:13,CS2,MM_SUSPENDED,,,,warming up (1/15 cycles)
20:17:48,2018-08-16 10:55:14,CS1,MM_SUSPENDED,,,,warming up (6/15 cycles)
20:17:50,2018-08-16 10:55:16,CS2,EXTREME_BID,BUY,1.0,3,bid fixed empty batch1 — pos=+177L
20:17:50,2018-08-16 10:55:16,CS2,EXTREME_BID,BUY,2.0,3,bid fixed empty batch1 — pos=+177L
20:17:50,2018-08-16 10:55:16,CS2,EXTREME_BID,BUY,3.0,3,bid fixed empty batch1 — pos=+177L
20:17:50,2018-08-16 10:55:16,CS2,EXTREME_BID,BUY,4.0,3,bid fixed empty batch1 — pos=+177L
20:17:50,2018-08-16 10:55:16,CS2,STAB_RESET,,,,empty book — window cleared
20:17:50,2018-08-16 10:55:16,CS2,MM_SUSPENDED,,,,empty book — window reset
20:17:50,2018-08-16 10:55:16,CS1,MM_SUSPENDED,,,,warming up (7/15 cycles)
20:17:51,2018-08-16 10:55:17,CS1,ARB_DETECT,,102.91/101.0,93,agg_bid=93L agg_ask=268L submitting=93L
20:17:51,2018-08-16 10:55:17,CS1,ARB_SUBMIT,BOTH,,93,buy_id=834130ad sell_id=8ba88945
20:17:52,2018-08-16 10:55:17,CS2,EXTREME_BID,BUY,3.6,3,bid tier0 thin vol=9L batch2 — ref_ask=4.0 pos=+180L
20:17:52,2018-08-16 10:55:17,CS2,EXTREME_BID,BUY,3.0,3,bid tier1 thin vol=9L batch2 — ref_ask=4.0 pos=+180L
20:17:52,2018-08-16 10:55:17,CS2,EXTREME_BID,BUY,2.0,3,bid tier2 thin vol=9L batch2 — ref_ask=4.0 pos=+180L
20:17:52,2018-08-16 10:55:17,CS2,MM_SUSPENDED,,,,warming up (1/15 cycles)
20:17:52,2018-08-16 10:55:17,CS1,ARB_FILLED,BUY,101.0015,93,fully filled
20:17:52,2018-08-16 10:55:17,CS1,ARB_FILLED,SELL,102.794,93,fully filled
20:17:52,2018-08-16 10:55:17,CS1,ARB_DETECT,,101.68/101.01,11,agg_bid=11L agg_ask=174L submitting=11L
20:17:52,2018-08-16 10:55:17,CS1,ARB_SUBMIT,BOTH,,11,buy_id=9e6d3382 sell_id=f39fc901
20:17:52,2018-08-16 10:55:17,CS1,STAB_RESET,,,,bad spread=-0.6700 — window cleared
20:17:52,2018-08-16 10:55:17,CS1,MM_SUSPENDED,,,,empty book — window reset
20:17:53,2018-08-16 10:55:18,CS1,ARB_FILLED,BUY,101.01,11,fully filled
20:17:53,2018-08-16 10:55:18,CS1,ARB_FILLED,SELL,101.6691,11,fully filled
20:17:54,2018-08-16 10:55:20,CS2,EXTREME_BID,BUY,1.0,3,bid fixed thin vol=15L batch1 — pos=+183L
20:17:54,2018-08-16 10:55:20,CS2,EXTREME_BID,BUY,2.0,3,bid fixed thin vol=15L batch1 — pos=+183L
20:17:54,2018-08-16 10:55:20,CS2,EXTREME_BID,BUY,3.0,3,bid fixed thin vol=15L batch1 — pos=+183L
20:17:54,2018-08-16 10:55:20,CS2,EXTREME_BID,BUY,4.0,3,bid fixed thin vol=15L batch1 — pos=+183L
20:17:54,2018-08-16 10:55:20,CS2,STAB_RESET,,,,bad spread=249.0700 — window cleared
20:17:54,2018-08-16 10:55:20,CS2,MM_SUSPENDED,,,,empty book — window reset
20:17:54,2018-08-16 10:55:20,CS1,MM_SUSPENDED,,,,warming up (1/15 cycles)
20:17:55,2018-08-16 10:55:21,CS1,ARB_DETECT,,100.99/99.64,100,agg_bid=354L agg_ask=165L submitting=100L
20:17:55,2018-08-16 10:55:21,CS1,ARB_SUBMIT,BOTH,,100,buy_id=fb493d91 sell_id=0c85a4d0
20:17:56,2018-08-16 10:55:21,CS1,ARB_FILLED,BUY,99.6532,100,fully filled
20:17:56,2018-08-16 10:55:21,CS1,ARB_FILLED,SELL,100.9804,100,fully filled
20:17:56,2018-08-16 10:55:21,CS1,ARB_DETECT,,100.97/99.66,65,agg_bid=240L agg_ask=65L submitting=65L
20:17:56,2018-08-16 10:55:21,CS1,ARB_SUBMIT,BOTH,,65,buy_id=372f123f sell_id=47139709
20:17:56,2018-08-16 10:55:22,CS2,EXTREME_BID,BUY,173.16,3,bid tier0 thin vol=45L batch2 — ref_ask=192.4 pos=+183L
20:17:56,2018-08-16 10:55:22,CS2,EXTREME_BID,BUY,144.3,3,bid tier1 thin vol=45L batch2 — ref_ask=192.4 pos=+183L
20:17:56,2018-08-16 10:55:22,CS2,EXTREME_BID,BUY,96.2,3,bid tier2 thin vol=45L batch2 — ref_ask=192.4 pos=+183L
20:17:56,2018-08-16 10:55:22,CS2,MM_SUSPENDED,,,,empty book — window reset
20:17:56,2018-08-16 10:55:22,CS1,MM_SUSPENDED,,,,warming up (2/15 cycles)
20:17:56,2018-08-16 10:55:22,CS1,ARB_FILLED,BUY,99.6735,65,fully filled
20:17:56,2018-08-16 10:55:22,CS1,ARB_FILLED,SELL,100.962,65,fully filled
20:17:58,2018-08-16 10:55:24,CS2,MM_SUSPENDED,,,,empty book — window reset
20:17:58,2018-08-16 10:55:24,CS1,MM_SUSPENDED,,,,warming up (3/15 cycles)
20:18:00,2018-08-16 10:55:26,CS2,MM_SUSPENDED,,,,empty book — window reset
20:18:00,2018-08-16 10:55:26,CS1,MM_SUSPENDED,,,,warming up (4/15 cycles)
20:18:02,2018-08-16 10:55:27,CS1,ARB_DETECT,,101.62/101.03,39,agg_bid=229L agg_ask=39L submitting=39L
20:18:02,2018-08-16 10:55:27,CS1,ARB_SUBMIT,BOTH,,39,buy_id=80d8da46 sell_id=8aea290e
20:18:02,2018-08-16 10:55:28,CS2,MM_SUSPENDED,,,,warming up (1/15 cycles)
20:18:02,2018-08-16 10:55:28,CS1,MM_SUSPENDED,,,,warming up (5/15 cycles)
20:18:02,2018-08-16 10:55:28,CS1,ARB_FILLED,BUY,101.0385,39,fully filled
20:18:02,2018-08-16 10:55:28,CS1,ARB_FILLED,SELL,101.62,39,fully filled
20:18:04,2018-08-16 10:55:30,CS2,STAB_SPIKE,,3.3,,mid=3.3000 ref=294.8400 delta=291.5400 > 50.0 — window cleared
20:18:04,2018-08-16 10:55:30,CS2,MM_SUSPENDED,,,,price spike — window reset
20:18:04,2018-08-16 10:55:30,CS1,MM_SUSPENDED,,,,warming up (6/15 cycles)
20:18:06,2018-08-16 10:55:32,CS2,EXTREME_BID,BUY,1.0,3,bid fixed thin vol=15L batch1 — pos=+204L
20:18:06,2018-08-16 10:55:32,CS2,EXTREME_BID,BUY,2.0,3,bid fixed thin vol=15L batch1 — pos=+204L
20:18:06,2018-08-16 10:55:32,CS2,EXTREME_BID,BUY,3.0,3,bid fixed thin vol=15L batch1 — pos=+204L
20:18:06,2018-08-16 10:55:32,CS2,EXTREME_BID,BUY,4.0,3,bid fixed thin vol=15L batch1 — pos=+204L
20:18:06,2018-08-16 10:55:32,CS2,MM_SUSPENDED,,,,warming up (1/15 cycles)
20:18:06,2018-08-16 10:55:32,CS1,MM_SUSPENDED,,,,warming up (7/15 cycles)
20:18:07,2018-08-16 10:55:32,CS1,ARB_DETECT,,101.61/100.08,20,agg_bid=329L agg_ask=20L submitting=20L
20:18:07,2018-08-16 10:55:32,CS1,ARB_SUBMIT,BOTH,,20,buy_id=2d664f18 sell_id=e591e422
20:18:08,2018-08-16 10:55:34,CS1,ARB_FILLED,BUY,101.6415,20,fully filled
20:18:08,2018-08-16 10:55:34,CS1,ARB_FILLED,SELL,101.61,20,fully filled
20:18:08,2018-08-16 10:55:34,CS2,EXTREME_BID,BUY,450.0,3,bid tier0 thin vol=8L batch2 — ref_ask=500.0 pos=+223L
20:18:08,2018-08-16 10:55:34,CS2,EXTREME_BID,BUY,375.0,3,bid tier1 thin vol=8L batch2 — ref_ask=500.0 pos=+223L
20:18:08,2018-08-16 10:55:34,CS2,EXTREME_BID,BUY,250.0,3,bid tier2 thin vol=8L batch2 — ref_ask=500.0 pos=+223L
20:18:08,2018-08-16 10:55:34,CS2,STAB_RESET,,,,bad spread=499.0000 — window cleared
20:18:08,2018-08-16 10:55:34,CS2,MM_SUSPENDED,,,,empty book — window reset
20:18:08,2018-08-16 10:55:34,CS1,MM_SUSPENDED,,,,warming up (8/15 cycles)
20:18:10,2018-08-16 10:55:36,CS2,EXTREME_BID,BUY,1.0,3,bid fixed thin vol=14L batch1 — pos=+226L
20:18:10,2018-08-16 10:55:36,CS2,EXTREME_BID,BUY,2.0,3,bid fixed thin vol=14L batch1 — pos=+226L
20:18:10,2018-08-16 10:55:36,CS2,EXTREME_BID,BUY,3.0,3,bid fixed thin vol=14L batch1 — pos=+226L
20:18:10,2018-08-16 10:55:36,CS2,EXTREME_BID,BUY,4.0,3,bid fixed thin vol=14L batch1 — pos=+226L
20:18:10,2018-08-16 10:55:36,CS2,MM_SUSPENDED,,,,empty book — window reset
20:18:10,2018-08-16 10:55:36,CS1,MM_SUSPENDED,,,,warming up (9/15 cycles)
20:18:12,2018-08-16 10:55:38,CS2,EXTREME_BID,BUY,225.0,3,bid tier0 thin vol=40L batch2 — ref_ask=250.0 pos=+232L
20:18:12,2018-08-16 10:55:38,CS2,EXTREME_BID,BUY,187.5,3,bid tier1 thin vol=40L batch2 — ref_ask=250.0 pos=+232L
20:18:12,2018-08-16 10:55:38,CS2,EXTREME_BID,BUY,125.0,3,bid tier2 thin vol=40L batch2 — ref_ask=250.0 pos=+232L
20:18:12,2018-08-16 10:55:38,CS2,MM_SUSPENDED,,,,empty book — window reset
20:18:12,2018-08-16 10:55:38,CS1,MM_SUSPENDED,,,,warming up (10/15 cycles)
20:18:14,2018-08-16 10:55:39,CS2,MM_SUSPENDED,,,,warming up (1/15 cycles)
20:18:14,2018-08-16 10:55:39,CS1,MM_SUSPENDED,,,,warming up (11/15 cycles)
20:18:16,2018-08-16 10:55:41,CS2,STAB_RESET,,,,bad spread=22.7500 — window cleared
20:18:16,2018-08-16 10:55:41,CS2,MM_SUSPENDED,,,,empty book — window reset
20:18:16,2018-08-16 10:55:41,CS1,MM_SUSPENDED,,,,warming up (12/15 cycles)
20:18:17,2018-08-16 10:55:43,CS2,ARB_DETECT,,210.25/206.25,20,agg_bid=20L agg_ask=20L submitting=20L
20:18:17,2018-08-16 10:55:43,CS2,ARB_SUBMIT,BOTH,,20,buy_id=532857c1 sell_id=f05c0f35
20:18:18,2018-08-16 10:55:44,CS2,ARB_FILLED,BUY,206.25,20,fully filled
20:18:18,2018-08-16 10:55:44,CS2,ARB_FILLED,SELL,210.25,20,fully filled
20:18:18,2018-08-16 10:55:44,CS2,MM_SUSPENDED,,,,empty book — window reset
20:18:18,2018-08-16 10:55:44,CS1,MM_SUSPENDED,,,,warming up (13/15 cycles)
20:18:20,2018-08-16 10:55:46,CS2,MM_SUSPENDED,,,,warming up (1/15 cycles)
20:18:20,2018-08-16 10:55:46,CS1,MM_SUSPENDED,,,,warming up (14/15 cycles)
20:18:22,2018-08-16 10:55:48,CS2,MM_SUSPENDED,,,,warming up (2/15 cycles)
20:18:23,2018-08-16 10:55:48,CS1,ARB_DETECT,,102.18/100.47,99,agg_bid=189L agg_ask=229L submitting=99L
20:18:23,2018-08-16 10:55:48,CS1,ARB_SUBMIT,BOTH,,99,buy_id=72b37701 sell_id=15b768dd
20:18:23,2018-08-16 10:55:48,CS1,STAB_RESET,,,,bad spread=-1.7100 — window cleared
20:18:23,2018-08-16 10:55:48,CS1,MM_SUSPENDED,,,,empty book — window reset
20:18:23,2018-08-16 10:55:49,CS1,ARB_FILLED,BUY,100.476,99,fully filled
20:18:23,2018-08-16 10:55:49,CS1,ARB_FILLED,SELL,102.1765,99,fully filled
20:18:23,2018-08-16 10:55:49,CS1,ARB_DETECT,,102.16/100.48,69,agg_bid=69L agg_ask=130L submitting=69L
20:18:23,2018-08-16 10:55:49,CS1,ARB_SUBMIT,BOTH,,69,buy_id=c09a5048 sell_id=6448ae6c
20:18:24,2018-08-16 10:55:49,CS1,ARB_FILLED,BUY,100.4914,69,fully filled
20:18:24,2018-08-16 10:55:49,CS1,ARB_FILLED,SELL,102.1552,69,fully filled
20:18:24,2018-08-16 10:55:50,CS2,STAB_RESET,,,,bad spread=160.2500 — window cleared
20:18:24,2018-08-16 10:55:50,CS2,MM_SUSPENDED,,,,empty book — window reset
20:18:25,2018-08-16 10:55:50,CS1,MM_SUSPENDED,,,,warming up (1/15 cycles)
20:18:26,2018-08-16 10:55:52,CS1,ARB_DETECT,,100.41/99.29,37,agg_bid=229L agg_ask=37L submitting=37L
20:18:26,2018-08-16 10:55:52,CS1,ARB_SUBMIT,BOTH,,37,buy_id=84712750 sell_id=9b957b1a
20:18:26,2018-08-16 10:55:52,CS2,MM_SUSPENDED,,,,empty book — window reset
20:18:27,2018-08-16 10:55:52,CS1,MM_SUSPENDED,,,,warming up (2/15 cycles)
20:18:27,2018-08-16 10:55:52,CS1,ARB_FILLED,BUY,99.3024,37,fully filled
20:18:27,2018-08-16 10:55:52,CS1,ARB_FILLED,SELL,100.41,37,fully filled
20:18:28,2018-08-16 10:55:54,CS2,MM_SUSPENDED,,,,empty book — window reset
20:18:29,2018-08-16 10:55:54,CS1,MM_SUSPENDED,,,,warming up (3/15 cycles)
20:18:30,2018-08-16 10:55:56,CS2,MM_SUSPENDED,,,,empty book — window reset
20:18:31,2018-08-16 10:55:56,CS1,MM_SUSPENDED,,,,warming up (4/15 cycles)
20:18:31,2018-08-16 10:55:57,CS1,ARB_DETECT,,100.4/99.23,20,agg_bid=162L agg_ask=20L submitting=20L
20:18:31,2018-08-16 10:55:57,CS1,ARB_SUBMIT,BOTH,,20,buy_id=7810a9ee sell_id=4cb187db
20:18:32,2018-08-16 10:55:57,CS1,ARB_FILLED,BUY,99.25,20,fully filled
20:18:32,2018-08-16 10:55:57,CS1,ARB_FILLED,SELL,100.39,20,fully filled
20:18:33,2018-08-16 10:55:58,CS2,MM_SUSPENDED,,,,empty book — window reset
20:18:33,2018-08-16 10:55:58,CS1,MM_SUSPENDED,,,,warming up (5/15 cycles)
20:18:35,2018-08-16 10:56:00,CS2,EXTREME_BID,BUY,1.0,3,bid fixed thin vol=17L batch1 — pos=+244L
20:18:35,2018-08-16 10:56:00,CS2,EXTREME_BID,BUY,2.0,3,bid fixed thin vol=17L batch1 — pos=+244L
20:18:35,2018-08-16 10:56:00,CS2,EXTREME_BID,BUY,3.0,3,bid fixed thin vol=17L batch1 — pos=+244L
20:18:35,2018-08-16 10:56:00,CS2,EXTREME_BID,BUY,4.0,3,bid fixed thin vol=17L batch1 — pos=+244L
20:18:35,2018-08-16 10:56:00,CS2,MM_SUSPENDED,,,,empty book — window reset
20:18:35,2018-08-16 10:56:00,CS1,MM_SUSPENDED,,,,warming up (6/15 cycles)
20:18:37,2018-08-16 10:56:02,CS2,EXTREME_BID,BUY,491.4,3,bid tier0 thin vol=37L batch2 — ref_ask=546.0 pos=+250L
20:18:37,2018-08-16 10:56:02,CS2,EXTREME_BID,BUY,409.5,3,bid tier1 thin vol=37L batch2 — ref_ask=546.0 pos=+250L
20:18:37,2018-08-16 10:56:02,CS2,EXTREME_BID,BUY,273.0,3,bid tier2 thin vol=37L batch2 — ref_ask=546.0 pos=+250L
20:18:37,2018-08-16 10:56:02,CS2,MM_SUSPENDED,,,,empty book — window reset
20:18:37,2018-08-16 10:56:02,CS1,MM_SUSPENDED,,,,warming up (7/15 cycles)
20:18:39,2018-08-16 10:56:04,CS2,MM_SUSPENDED,,,,empty book — window reset
20:18:39,2018-08-16 10:56:04,CS1,MM_SUSPENDED,,,,warming up (8/15 cycles)
20:18:41,2018-08-16 10:56:06,CS2,MM_SUSPENDED,,,,empty book — window reset
20:18:41,2018-08-16 10:56:06,CS1,MM_SUSPENDED,,,,warming up (9/15 cycles)
20:18:43,2018-08-16 10:56:08,CS2,MM_SUSPENDED,,,,warming up (1/15 cycles)
20:18:43,2018-08-16 10:56:08,CS1,MM_SUSPENDED,,,,warming up (10/15 cycles)
20:18:45,2018-08-16 10:56:10,CS2,MM_SUSPENDED,,,,warming up (2/15 cycles)
20:18:45,2018-08-16 10:56:10,CS1,MM_SUSPENDED,,,,warming up (11/15 cycles)
20:18:47,2018-08-16 10:56:12,CS2,STAB_RESET,,,,bad spread=131.5000 — window cleared
20:18:47,2018-08-16 10:56:12,CS2,MM_SUSPENDED,,,,empty book — window reset
20:18:47,2018-08-16 10:56:12,CS1,ARB_DETECT,,101.46/100.8,99,agg_bid=269L agg_ask=182L submitting=99L
20:18:47,2018-08-16 10:56:12,CS1,ARB_SUBMIT,BOTH,,99,buy_id=af91a26b sell_id=446c2a47
20:18:47,2018-08-16 10:56:12,CS1,STAB_RESET,,,,bad spread=-0.6600 — window cleared
20:18:47,2018-08-16 10:56:12,CS1,MM_SUSPENDED,,,,empty book — window reset
20:18:48,2018-08-16 10:56:13,CS1,ARB_FILLED,BUY,100.8042,99,fully filled
20:18:48,2018-08-16 10:56:13,CS1,ARB_FILLED,SELL,101.4579,99,fully filled
20:18:48,2018-08-16 10:56:13,CS1,ARB_DETECT,,101.45/100.82,63,agg_bid=168L agg_ask=63L submitting=63L
20:18:48,2018-08-16 10:56:13,CS1,ARB_SUBMIT,BOTH,,63,buy_id=4d5d8f36 sell_id=760710af
20:18:48,2018-08-16 10:56:14,CS1,ARB_FILLED,BUY,100.8252,63,fully filled
20:18:48,2018-08-16 10:56:14,CS1,ARB_FILLED,SELL,101.4468,63,fully filled
20:18:49,2018-08-16 10:56:14,CS2,MM_SUSPENDED,,,,empty book — window reset
20:18:49,2018-08-16 10:56:14,CS1,MM_SUSPENDED,,,,warming up (1/15 cycles)
20:18:51,2018-08-16 10:56:16,CS2,EXTREME_BID,BUY,1.0,3,bid fixed thin vol=14L batch1 — pos=+279L
20:18:51,2018-08-16 10:56:16,CS2,EXTREME_BID,BUY,2.0,3,bid fixed thin vol=14L batch1 — pos=+279L
20:18:51,2018-08-16 10:56:16,CS2,EXTREME_BID,BUY,3.0,3,bid fixed thin vol=14L batch1 — pos=+279L
20:18:51,2018-08-16 10:56:16,CS2,EXTREME_BID,BUY,4.0,3,bid fixed thin vol=14L batch1 — pos=+279L
20:18:51,2018-08-16 10:56:16,CS2,MM_SUSPENDED,,,,empty book — window reset
20:18:51,2018-08-16 10:56:16,CS1,MM_SUSPENDED,,,,warming up (2/15 cycles)
20:18:53,2018-08-16 10:56:18,CS2,EXTREME_BID,BUY,74.81,3,bid tier0 thin vol=32L batch2 — ref_ask=83.12 pos=+279L
20:18:53,2018-08-16 10:56:18,CS2,EXTREME_BID,BUY,62.34,3,bid tier1 thin vol=32L batch2 — ref_ask=83.12 pos=+279L
