timestamp,price,size
2018-08-16 09:34:17,99.4400,11
2018-08-16 09:34:18,101.0700,20
2018-08-16 09:34:19,99.4500,20
2018-08-16 09:34:20,101.0700,1
2018-08-16 09:34:21,101.0700,1
2018-08-16 09:34:22,101.0700,1
2018-08-16 09:34:23,99.6100,6
2018-08-16 09:34:24,101.0700,1
2018-08-16 09:34:25,99.6200,8
2018-08-16 09:34:26,99.6200,14
2018-08-16 09:34:27,99.6200,20
2018-08-16 09:34:28,101.0700,1
2018-08-16 09:34:29,101.0600,20
2018-08-16 09:34:30,99.6300,14
2018-08-16 09:34:31,101.0600,15
2018-08-16 09:34:32,99.6400,20
2018-08-16 09:34:33,99.3600,4
2018-08-16 09:34:34,99.6500,1
2018-08-16 09:34:35,99.3600,4
2018-08-16 09:34:36,101.0500,5
2018-08-16 09:34:37,99.8300,12
2018-08-16 09:34:38,101.0500,9
2018-08-16 09:34:39,100.1600,1
2018-08-16 09:34:40,101.0400,1
2018-08-16 09:34:41,101.0400,20
2018-08-16 09:34:42,100.1700,14
2018-08-16 09:34:43,100.1800,1
2018-08-16 09:34:44,100.8600,2
2018-08-16 09:34:45,101.0300,1
2018-08-16 09:34:46,101.0300,1
2018-08-16 09:34:47,101.0300,1
2018-08-16 09:34:48,100.9200,20
2018-08-16 09:34:49,100.9200,20
2018-08-16 09:34:50,100.9300,1
2018-08-16 09:34:51,101.0300,1
2018-08-16 09:34:52,100.9300,1
2018-08-16 09:34:53,100.9300,1
2018-08-16 09:34:54,100.9300,1
2018-08-16 09:34:55,100.8000,1
2018-08-16 09:34:56,100.8000,1
2018-08-16 09:34:57,100.1200,1
2018-08-16 09:34:58,99.2200,4
2018-08-16 09:34:59,100.3300,1
2018-08-16 09:35:00,101.2800,4
2018-08-16 09:35:01,100.5300,1
2018-08-16 09:35:02,100.8200,20
2018-08-16 09:35:03,100.2200,1
2018-08-16 09:35:04,100.1200,20
2018-08-16 09:35:05,100.2200,1
2018-08-16 09:35:06,100.2200,1
2018-08-16 09:35:07,100.2200,1
2018-08-16 09:35:08,100.2200,1
2018-08-16 09:35:09,100.2200,18
2018-08-16 09:35:10,100.2200,1
2018-08-16 09:35:11,100.2200,1
2018-08-16 09:35:12,100.2200,1
2018-08-16 09:35:13,100.8200,1
2018-08-16 09:35:14,100.8300,1
2018-08-16 09:35:15,100.8300,1
2018-08-16 09:35:16,100.8300,1
2018-08-16 09:35:17,100.4700,1
2018-08-16 09:35:18,100.8300,19
2018-08-16 09:35:19,101.2900,4
2018-08-16 09:35:20,101.2900,2
2018-08-16 09:35:21,101.2900,2
2018-08-16 09:35:22,100.2000,1
2018-08-16 09:35:23,100.2000,1
2018-08-16 09:35:24,100.2000,1
2018-08-16 09:35:25,100.1600,1
2018-08-16 09:35:26,99.3500,20
2018-08-16 09:35:27,99.3600,20
2018-08-16 09:35:28,99.3700,6
2018-08-16 09:35:29,101.5600,4
2018-08-16 09:35:30,101.5200,4
2018-08-16 09:35:31,101.5200,4
2018-08-16 09:35:32,100.3300,20
2018-08-16 09:35:33,99.3700,20
2018-08-16 09:35:34,99.3700,1
2018-08-16 09:35:35,100.3200,8
2018-08-16 09:35:36,100.2900,20
2018-08-16 09:35:37,100.2900,20
2018-08-16 09:35:38,100.1600,1
2018-08-16 09:35:39,99.1200,1
2018-08-16 09:35:40,99.1200,1
2018-08-16 09:35:41,99.1200,20
2018-08-16 09:35:42,99.1300,20
2018-08-16 09:35:43,99.1300,1
2018-08-16 09:35:44,99.1300,1
2018-08-16 09:35:46,101.0300,4
2018-08-16 09:35:47,98.9200,20
2018-08-16 09:35:48,100.1500,19
2018-08-16 09:35:49,98.9300,1
2018-08-16 09:35:50,98.9300,1
2018-08-16 09:35:51,98.9300,1
2018-08-16 09:35:52,100.9000,4
2018-08-16 09:35:53,100.8600,4
2018-08-16 09:35:54,100.1400,17
2018-08-16 09:35:55,100.1400,1
2018-08-16 09:35:56,100.1400,1
2018-08-16 09:35:57,100.1400,12
2018-08-16 09:35:58,100.1300,1
2018-08-16 09:35:59,98.9500,15
2018-08-16 09:36:00,98.9500,15
2018-08-16 09:36:01,100.7600,1
2018-08-16 09:36:02,100.7600,1
2018-08-16 09:36:03,100.7500,1
2018-08-16 09:36:04,99.2800,20
2018-08-16 09:36:05,98.7800,20
2018-08-16 09:36:06,98.7800,1
2018-08-16 09:36:07,100.7500,1
2018-08-16 09:36:08,98.7800,1
2018-08-16 09:36:09,98.7800,20
2018-08-16 09:36:10,98.7900,20
2018-08-16 09:36:11,98.7900,20
2018-08-16 09:36:12,98.8000,1
2018-08-16 09:36:13,98.8000,20
2018-08-16 09:36:14,101.2600,1
2018-08-16 09:36:15,98.8100,1
2018-08-16 09:36:16,101.2600,1
2018-08-16 09:36:17,98.8100,1
2018-08-16 09:36:18,101.2500,3
2018-08-16 09:36:19,98.8200,1
2018-08-16 09:36:20,98.8200,7
2018-08-16 09:36:21,99.2800,20
2018-08-16 09:36:22,99.2900,20
2018-08-16 09:36:23,99.2900,20
2018-08-16 09:36:24,101.2600,1
2018-08-16 09:36:25,101.2600,1
2018-08-16 09:36:26,99.2900,1
2018-08-16 09:36:27,99.2900,15
2018-08-16 09:36:28,99.2900,5
2018-08-16 09:36:29,101.2400,1
2018-08-16 09:36:30,99.2900,1
2018-08-16 09:36:31,99.2900,1
2018-08-16 09:36:32,101.2300,17
2018-08-16 09:36:33,101.2300,12
2018-08-16 09:36:35,99.3000,9
2018-08-16 09:36:36,101.2200,20
2018-08-16 09:36:37,101.2200,1
2018-08-16 09:36:38,101.2200,1
2018-08-16 09:36:39,100.7400,10
2018-08-16 09:36:40,100.7300,9
2018-08-16 09:36:41,99.3100,8
2018-08-16 09:36:42,99.3100,8
2018-08-16 09:36:43,99.3200,1
2018-08-16 09:36:44,99.3200,18
2018-08-16 09:36:45,99.3200,15
2018-08-16 09:36:46,99.3300,1
2018-08-16 09:36:47,99.3400,1
2018-08-16 09:36:48,99.3400,20
2018-08-16 09:36:49,100.1300,1
2018-08-16 09:36:50,100.1300,1
2018-08-16 09:36:51,100.1300,1
2018-08-16 09:36:53,99.3500,1
2018-08-16 09:36:54,100.1300,1
2018-08-16 09:36:55,99.3500,8
2018-08-16 09:36:56,99.3600,1
2018-08-16 09:36:57,99.3600,18
2018-08-16 09:36:58,99.3700,20
2018-08-16 09:36:59,99.7400,1
2018-08-16 09:37:00,99.3800,14
2018-08-16 09:37:01,99.3800,1
2018-08-16 09:37:03,99.3800,1
2018-08-16 09:37:04,99.3900,1
2018-08-16 09:37:05,99.7400,1
2018-08-16 09:37:06,99.7400,1
2018-08-16 09:37:07,99.7300,1
2018-08-16 09:37:08,99.7300,1
2018-08-16 09:37:09,99.7300,20
2018-08-16 09:37:10,99.8800,20
2018-08-16 09:37:11,99.8800,20
2018-08-16 09:37:12,99.8800,20
2018-08-16 09:37:13,99.8800,1
2018-08-16 09:37:14,99.7300,1
2018-08-16 09:37:15,99.7300,1
2018-08-16 09:37:16,99.7300,1
2018-08-16 09:37:17,99.8800,1
2018-08-16 09:37:18,99.8800,1
2018-08-16 09:37:19,99.8100,1
2018-08-16 09:37:20,99.8100,1
2018-08-16 09:37:21,99.8900,1
2018-08-16 09:37:22,99.9000,1
2018-08-16 09:37:23,99.9000,20
2018-08-16 09:37:24,99.7200,20
2018-08-16 09:37:25,99.7200,20
2018-08-16 09:37:26,99.9000,1
2018-08-16 09:37:27,99.9000,1
2018-08-16 09:37:28,99.7200,1
2018-08-16 09:37:29,99.9000,1
2018-08-16 09:37:30,99.9000,1
2018-08-16 09:37:31,99.7700,1
2018-08-16 09:37:32,99.9000,1
2018-08-16 09:37:33,99.9000,1
2018-08-16 09:37:34,99.9100,1
2018-08-16 09:37:35,99.9100,1
2018-08-16 09:37:36,99.9100,20
2018-08-16 09:37:37,99.9100,20
2018-08-16 09:37:38,99.9000,1
2018-08-16 09:37:39,99.9000,1
2018-08-16 09:37:40,99.9000,1
2018-08-16 09:37:41,99.7200,20
2018-08-16 09:37:42,99.9100,1
2018-08-16 09:37:43,99.9100,1
2018-08-16 09:37:44,99.9200,3
2018-08-16 09:37:45,99.9200,3
2018-08-16 09:37:46,99.9000,20
2018-08-16 09:37:47,99.9000,1
2018-08-16 09:37:48,99.9000,1
2018-08-16 09:37:49,99.8600,1
2018-08-16 09:37:50,99.8600,1
2018-08-16 09:37:51,99.8600,1
2018-08-16 09:37:52,99.9000,1
2018-08-16 09:37:53,99.9000,1
2018-08-16 09:37:54,99.8100,9
2018-08-16 09:37:55,99.8100,4
2018-08-16 09:37:56,99.9200,1
2018-08-16 09:37:57,99.8900,1
2018-08-16 09:37:58,99.9000,1
2018-08-16 09:37:59,99.9000,1
2018-08-16 09:38:00,99.9900,1
2018-08-16 09:38:01,99.9900,1
2018-08-16 09:38:02,100.0000,3
2018-08-16 09:38:03,99.8500,7
2018-08-16 09:38:04,99.8500,7
2018-08-16 09:38:05,99.8500,1
2018-08-16 09:38:06,99.8500,1
2018-08-16 09:38:07,100.1600,3
2018-08-16 09:38:08,100.3500,7
2018-08-16 09:38:09,99.8500,1
2018-08-16 09:38:11,99.8500,1
2018-08-16 09:38:12,99.7100,1
2018-08-16 09:38:13,99.8500,1
2018-08-16 09:38:14,100.3100,2
2018-08-16 09:38:15,99.8500,20
2018-08-16 09:38:16,100.1700,1
2018-08-16 09:38:17,100.1700,20
2018-08-16 09:38:18,100.3500,1
2018-08-16 09:38:19,99.6000,20
2018-08-16 09:38:20,99.6000,20
2018-08-16 09:38:21,99.6000,20
2018-08-16 09:38:22,99.6000,1
2018-08-16 09:38:23,100.0400,20
2018-08-16 09:38:24,100.3500,1
2018-08-16 09:38:25,100.3500,8
2018-08-16 09:38:26,100.3600,20
2018-08-16 09:38:27,100.3400,10
2018-08-16 09:38:28,99.5800,1
2018-08-16 09:38:29,99.5800,1
2018-08-16 09:38:30,99.9700,19
2018-08-16 09:38:31,99.5800,1
2018-08-16 09:38:32,99.5800,20
2018-08-16 09:38:33,99.9000,20
2018-08-16 09:38:34,99.9000,20
2018-08-16 09:38:35,99.9700,20
2018-08-16 09:38:36,100.3600,1
2018-08-16 09:38:37,100.3600,1
2018-08-16 09:38:38,99.5700,11
2018-08-16 09:38:39,99.5700,11
2018-08-16 09:38:40,100.2700,17
2018-08-16 09:38:41,100.3700,1
2018-08-16 09:38:42,99.5700,1
2018-08-16 09:38:43,99.5700,1
2018-08-16 09:38:45,100.3800,1
2018-08-16 09:38:46,100.3700,1
2018-08-16 09:38:47,99.7900,1
2018-08-16 09:38:48,99.7900,1
2018-08-16 09:38:49,100.0900,1
2018-08-16 09:38:50,100.3800,1
2018-08-16 09:38:51,100.3800,1
2018-08-16 09:38:52,99.9700,1
2018-08-16 09:38:53,100.3800,1
2018-08-16 09:38:54,100.3800,13
2018-08-16 09:38:55,99.9700,1
2018-08-16 09:38:56,99.9700,1
2018-08-16 09:38:57,99.5700,1
2018-08-16 09:38:58,100.3900,1
2018-08-16 09:38:59,100.3900,20
2018-08-16 09:39:00,100.3900,1
2018-08-16 09:39:01,100.3900,1
2018-08-16 09:39:02,100.3900,1
2018-08-16 09:39:03,100.3800,10
2018-08-16 09:39:04,99.5600,1
2018-08-16 09:39:05,99.5600,1
2018-08-16 09:39:06,100.3800,1
2018-08-16 09:39:07,100.3900,1
2018-08-16 09:39:08,99.5600,1
2018-08-16 09:39:09,99.9700,1
2018-08-16 09:39:10,99.9700,1
2018-08-16 09:39:11,99.5600,5
2018-08-16 09:39:12,99.5600,20
2018-08-16 09:39:13,99.5500,1
2018-08-16 09:39:14,99.5500,15
2018-08-16 09:39:15,99.5500,1
2018-08-16 09:39:16,100.7800,12
2018-08-16 09:39:17,100.7800,12
2018-08-16 09:39:18,100.5000,1
2018-08-16 09:39:19,100.5000,1
2018-08-16 09:39:20,99.5500,1
2018-08-16 09:39:21,99.5500,4
2018-08-16 09:39:22,100.7800,20
2018-08-16 09:39:23,99.5400,1
2018-08-16 09:39:24,99.5400,1
2018-08-16 09:39:25,100.7800,1
2018-08-16 09:39:26,100.7900,20
2018-08-16 09:39:27,99.5400,4
2018-08-16 09:39:28,99.5400,1
2018-08-16 09:39:29,99.5400,1
2018-08-16 09:39:30,99.5400,1
2018-08-16 09:39:31,99.5300,16
2018-08-16 09:39:32,99.3500,12
2018-08-16 09:39:33,100.0300,1
2018-08-16 09:39:34,100.7900,1
2018-08-16 09:39:35,100.0700,18
2018-08-16 09:39:36,99.3500,1
2018-08-16 09:39:37,100.0700,1
2018-08-16 09:39:38,99.3500,1
2018-08-16 09:39:40,100.8000,15
2018-08-16 09:39:41,100.0700,1
2018-08-16 09:39:42,100.8000,20
2018-08-16 09:39:43,100.0700,1
2018-08-16 09:39:44,100.8000,1
2018-08-16 09:39:45,100.8000,1
2018-08-16 09:39:46,100.8000,1
2018-08-16 09:39:47,100.8000,1
2018-08-16 09:39:48,100.5100,2
2018-08-16 09:39:49,100.8000,4
2018-08-16 09:39:50,100.8100,20
2018-08-16 09:39:51,100.8100,20
2018-08-16 09:39:52,100.8100,1
2018-08-16 09:39:53,100.8100,1
2018-08-16 09:39:54,100.8100,1
2018-08-16 09:39:55,100.8100,1
2018-08-16 09:39:56,100.8100,1
2018-08-16 09:39:57,100.8000,1
2018-08-16 09:39:58,100.8100,15
2018-08-16 09:39:59,100.8100,1
2018-08-16 09:40:00,100.8100,1
2018-08-16 09:40:01,100.8000,10
2018-08-16 09:40:02,100.8000,2
2018-08-16 09:40:03,100.8000,2
2018-08-16 09:40:04,100.8000,2
2018-08-16 09:40:05,100.8200,1
2018-08-16 09:40:06,100.8100,20
2018-08-16 09:40:07,100.8200,1
2018-08-16 09:40:08,100.8000,1
2018-08-16 09:40:09,100.8000,1
2018-08-16 09:40:10,100.8000,1
2018-08-16 09:40:11,100.8000,19
2018-08-16 09:40:12,100.8000,1
2018-08-16 09:40:13,100.7400,20
2018-08-16 09:40:14,100.8300,5
2018-08-16 09:40:15,100.8300,5
2018-08-16 09:40:16,100.8300,5
2018-08-16 09:40:17,99.3500,1
2018-08-16 09:40:18,100.6200,1
2018-08-16 09:40:19,99.3500,1
2018-08-16 09:40:20,99.6200,1
2018-08-16 09:40:21,99.6200,16
2018-08-16 09:40:22,100.6200,1
2018-08-16 09:40:23,99.3500,14
2018-08-16 09:40:24,99.4800,1
2018-08-16 09:40:25,100.7200,1
2018-08-16 09:40:26,99.3500,1
2018-08-16 09:40:27,99.6800,1
2018-08-16 09:40:28,99.6800,1
2018-08-16 09:40:29,99.3500,1
2018-08-16 09:40:30,99.3200,17
2018-08-16 09:40:31,99.3200,17
2018-08-16 09:40:32,100.8300,19
2018-08-16 09:40:33,99.3200,1
2018-08-16 09:40:34,99.3200,1
2018-08-16 09:40:35,99.3200,1
2018-08-16 09:40:36,100.8500,1
2018-08-16 09:40:37,100.8500,1
2018-08-16 09:40:39,100.8500,1
2018-08-16 09:40:40,100.5600,10
2018-08-16 09:40:41,100.5600,10
2018-08-16 09:40:42,100.8600,1
2018-08-16 09:40:43,100.8600,1
2018-08-16 09:40:44,100.8600,20
2018-08-16 09:40:45,100.8500,1
2018-08-16 09:40:46,100.8500,11
2018-08-16 09:40:47,100.8500,1
2018-08-16 09:40:48,100.8500,4
2018-08-16 09:40:49,100.8500,4
2018-08-16 09:40:50,100.8600,1
2018-08-16 09:40:51,100.8600,1
2018-08-16 09:40:52,100.9100,20
2018-08-16 09:40:53,100.9100,20
2018-08-16 09:40:54,100.9100,1
2018-08-16 09:40:55,100.8600,1
2018-08-16 09:40:57,100.8600,1
2018-08-16 09:40:58,100.9200,1
2018-08-16 09:40:59,100.9800,4
2018-08-16 09:41:00,100.9100,1
2018-08-16 09:41:01,101.0600,14
2018-08-16 09:41:02,99.3200,1
2018-08-16 09:41:03,99.3200,1
2018-08-16 09:41:04,99.7300,1
2018-08-16 09:41:05,101.0600,20
2018-08-16 09:41:06,101.0600,1
2018-08-16 09:41:07,101.0700,20
2018-08-16 09:41:08,101.0600,1
2018-08-16 09:41:09,101.0700,20
2018-08-16 09:41:10,101.0600,1
2018-08-16 09:41:11,101.0700,20
2018-08-16 09:41:12,101.0700,1
2018-08-16 09:41:13,101.0700,1
2018-08-16 09:41:14,101.0600,2
2018-08-16 09:41:15,100.0600,1
2018-08-16 09:41:16,99.3200,3
2018-08-16 09:41:17,100.0600,4
2018-08-16 09:41:18,101.0800,1
2018-08-16 09:41:19,101.0800,1
2018-08-16 09:41:20,101.0800,1
2018-08-16 09:41:21,101.0800,1
2018-08-16 09:41:22,101.0800,1
2018-08-16 09:41:23,99.3200,3
2018-08-16 09:41:24,99.3200,3
2018-08-16 09:41:25,101.0900,16
2018-08-16 09:41:26,101.0900,16
2018-08-16 09:41:28,101.0700,1
2018-08-16 09:41:29,101.1000,4
2018-08-16 09:41:30,101.0700,1
2018-08-16 09:41:31,101.0700,1
2018-08-16 09:41:32,101.0800,20
2018-08-16 09:41:33,101.0800,20
2018-08-16 09:41:34,101.0700,15
2018-08-16 09:41:35,101.0700,20
2018-08-16 09:41:36,101.1000,1
2018-08-16 09:41:37,101.0500,1
2018-08-16 09:41:38,101.0700,1
2018-08-16 09:41:39,101.0500,1
2018-08-16 09:41:40,101.0500,1
2018-08-16 09:41:41,100.0500,1
2018-08-16 09:41:42,100.0500,1
2018-08-16 09:41:43,99.3100,14
2018-08-16 09:41:44,99.3100,14
2018-08-16 09:41:45,99.3800,20
2018-08-16 09:41:46,100.3000,1
2018-08-16 09:41:47,100.3000,20
2018-08-16 09:41:48,100.3000,1
2018-08-16 09:41:49,100.3000,15
2018-08-16 09:41:50,100.3000,15
2018-08-16 09:41:51,100.5000,1
2018-08-16 09:41:52,101.1300,4
2018-08-16 09:41:53,101.2900,4
2018-08-16 09:41:54,101.1300,1
2018-08-16 09:41:55,101.1300,1
2018-08-16 09:41:56,101.1200,1
2018-08-16 09:41:57,101.2900,1
2018-08-16 09:41:58,101.2900,1
2018-08-16 09:41:59,100.3000,20
2018-08-16 09:42:00,100.3500,1
2018-08-16 09:42:01,100.3500,1
2018-08-16 09:42:02,100.3500,1
2018-08-16 09:42:04,101.2900,20
2018-08-16 09:42:05,100.5800,1
2018-08-16 09:42:06,100.8200,15
2018-08-16 09:42:07,101.2900,1
2018-08-16 09:42:08,100.4700,1
2018-08-16 09:42:09,99.3100,1
2018-08-16 09:42:10,99.3100,1
2018-08-16 09:42:11,99.3100,1
2018-08-16 09:42:12,100.3000,20
2018-08-16 09:42:13,99.3100,12
2018-08-16 09:42:14,99.3000,20
2018-08-16 09:42:15,99.8000,1
2018-08-16 09:42:16,100.4800,20
2018-08-16 09:42:17,99.3000,1
2018-08-16 09:42:18,100.4800,1
2018-08-16 09:42:20,101.2900,20
2018-08-16 09:42:21,101.2900,1
2018-08-16 09:42:22,99.3000,1
2018-08-16 09:42:23,100.0700,1
2018-08-16 09:42:24,100.0700,1
2018-08-16 09:42:25,100.0700,1
2018-08-16 09:42:27,100.0700,1
2018-08-16 09:42:28,100.5700,1
2018-08-16 09:42:29,100.5700,1
2018-08-16 09:42:30,100.5700,1
2018-08-16 09:42:31,99.2400,1
2018-08-16 09:42:32,101.2900,10
2018-08-16 09:42:33,100.7800,1
2018-08-16 09:42:34,100.2700,1
2018-08-16 09:42:35,101.3000,1
2018-08-16 09:42:36,101.3000,1
2018-08-16 09:42:37,101.3000,1
2018-08-16 09:42:38,100.9500,1
2018-08-16 09:42:39,100.9500,1
2018-08-16 09:42:40,99.2400,10
2018-08-16 09:42:41,99.2400,20
2018-08-16 09:42:42,100.7800,20
2018-08-16 09:42:45,101.3000,1
2018-08-16 09:42:46,100.7800,1
2018-08-16 09:42:47,101.0400,2
2018-08-16 09:42:48,99.2500,1
2018-08-16 09:42:49,101.2800,1
2018-08-16 09:42:50,99.2400,1
2018-08-16 09:42:51,101.2800,1
2018-08-16 09:42:52,101.2800,1
2018-08-16 09:42:53,101.2800,1
2018-08-16 09:42:54,101.3000,4
2018-08-16 09:42:55,101.2800,10
2018-08-16 09:42:56,101.2800,1
2018-08-16 09:42:57,101.2800,5
2018-08-16 09:42:58,101.3100,1
2018-08-16 09:42:59,99.2700,1
2018-08-16 09:43:00,99.2700,1
2018-08-16 09:43:01,99.2700,1
2018-08-16 09:43:03,99.2800,1
2018-08-16 09:43:04,99.3000,1
2018-08-16 09:43:05,99.3000,14
2018-08-16 09:43:06,99.3000,14
2018-08-16 09:43:07,101.3100,1
2018-08-16 09:43:08,101.2900,1
2018-08-16 09:43:09,101.2900,1
2018-08-16 09:43:10,101.2900,20
2018-08-16 09:43:11,101.2900,20
2018-08-16 09:43:12,100.2700,1
2018-08-16 09:43:13,100.2700,1
2018-08-16 09:43:14,100.2700,1
2018-08-16 09:43:15,101.2900,20
2018-08-16 09:43:16,99.2400,1
2018-08-16 09:43:17,100.2700,1
2018-08-16 09:43:18,100.2700,1
2018-08-16 09:43:19,100.2700,12
2018-08-16 09:43:20,99.2400,2
2018-08-16 09:43:21,99.2400,17
2018-08-16 09:43:22,99.6700,1
2018-08-16 09:43:23,101.3100,1
2018-08-16 09:43:24,100.2800,1
2018-08-16 09:43:25,99.2400,1
2018-08-16 09:43:26,100.5800,1
2018-08-16 09:43:27,100.5800,20
2018-08-16 09:43:28,101.3100,1
2018-08-16 09:43:29,101.3100,1
2018-08-16 09:43:31,101.3100,4
2018-08-16 09:43:32,101.3200,20
2018-08-16 09:43:33,101.3200,7
2018-08-16 09:43:34,101.3200,1
2018-08-16 09:43:35,101.3100,1
2018-08-16 09:43:36,101.3200,5
2018-08-16 09:43:37,101.3300,1
2018-08-16 09:43:38,101.3400,1
2018-08-16 09:43:39,101.3400,1
2018-08-16 09:43:40,101.3500,1
2018-08-16 09:43:41,101.3500,1
2018-08-16 09:43:42,101.3500,1
2018-08-16 09:43:43,101.3500,1
2018-08-16 09:43:44,101.3400,1
2018-08-16 09:43:45,101.3400,6
2018-08-16 09:43:46,101.3400,19
2018-08-16 09:43:47,99.2900,1
2018-08-16 09:43:48,101.3500,1
2018-08-16 09:43:49,100.6600,1
2018-08-16 09:43:50,100.2800,20
2018-08-16 09:43:51,100.2800,20
2018-08-16 09:43:52,101.3600,1
2018-08-16 09:43:53,101.3600,1
2018-08-16 09:43:54,99.3500,1
2018-08-16 09:43:55,99.3500,1
2018-08-16 09:43:56,99.3500,1
2018-08-16 09:43:57,99.3500,1
2018-08-16 09:43:58,101.3600,1
2018-08-16 09:43:59,101.5200,4
2018-08-16 09:44:00,100.2900,1
2018-08-16 09:44:01,100.2900,1
2018-08-16 09:44:02,99.2100,14
2018-08-16 09:44:03,101.1600,10
2018-08-16 09:44:04,101.1600,1
2018-08-16 09:44:05,100.0600,10
2018-08-16 09:44:06,101.3600,1
2018-08-16 09:44:07,100.3600,8
2018-08-16 09:44:08,101.5700,1
2018-08-16 09:44:09,101.5200,1
2018-08-16 09:44:10,101.5200,1
2018-08-16 09:44:11,101.6300,2
2018-08-16 09:44:12,101.6500,4
2018-08-16 09:44:13,101.6400,1
2018-08-16 09:44:14,101.6400,1
2018-08-16 09:44:15,101.6300,1
2018-08-16 09:44:16,100.6300,1
2018-08-16 09:44:17,101.6300,20
2018-08-16 09:44:18,101.6300,1
2018-08-16 09:44:19,99.2000,4
2018-08-16 09:44:20,101.6300,1
2018-08-16 09:44:21,101.6300,1
2018-08-16 09:44:22,100.6300,20
2018-08-16 09:44:25,101.6300,7
2018-08-16 09:44:26,101.6600,1
2018-08-16 09:44:27,101.6300,1
2018-08-16 09:44:28,101.6300,20
2018-08-16 09:44:29,101.6600,2
2018-08-16 09:44:30,102.0300,1
2018-08-16 09:44:31,102.0300,3
2018-08-16 09:44:32,102.1400,1
2018-08-16 09:44:33,101.9100,19
2018-08-16 09:44:34,101.7000,1
2018-08-16 09:44:35,102.0300,1
2018-08-16 09:44:36,99.1400,1
2018-08-16 09:44:37,99.1300,3
2018-08-16 09:44:38,99.1000,13
2018-08-16 09:44:39,99.1400,4
2018-08-16 09:44:40,99.1400,1
2018-08-16 09:44:41,99.1400,7
2018-08-16 09:44:42,99.6300,1
2018-08-16 09:44:43,100.6200,1
2018-08-16 09:44:44,100.6200,1
2018-08-16 09:44:45,102.4300,4
2018-08-16 09:44:46,102.5000,1
2018-08-16 09:44:48,102.5000,1
2018-08-16 09:44:49,99.1000,1
2018-08-16 09:44:50,99.1000,1
2018-08-16 09:44:51,99.5800,1
2018-08-16 09:44:52,99.1000,20
2018-08-16 09:44:53,101.3400,1
2018-08-16 09:44:54,102.5000,1
2018-08-16 09:44:55,102.5000,1
2018-08-16 09:44:56,101.0400,1
2018-08-16 09:44:57,101.1100,1
2018-08-16 09:44:58,102.5000,1
2018-08-16 09:44:59,102.5700,1
2018-08-16 09:45:00,102.5300,1
2018-08-16 09:45:01,102.5300,1
2018-08-16 09:45:02,102.5300,1
2018-08-16 09:45:03,100.8100,1
2018-08-16 09:45:04,99.4900,1
2018-08-16 09:45:05,100.8300,1
2018-08-16 09:45:06,102.5700,1
2018-08-16 09:45:07,102.5800,1
2018-08-16 09:45:08,102.5700,1
2018-08-16 09:45:09,102.5800,1
2018-08-16 09:45:10,102.5800,1
2018-08-16 09:45:11,100.0400,1
2018-08-16 09:45:12,100.0400,1
2018-08-16 09:45:13,100.5400,1
2018-08-16 09:45:15,100.0400,16
2018-08-16 09:45:16,102.5900,1
2018-08-16 09:45:17,101.9400,1
2018-08-16 09:45:18,102.2100,1
2018-08-16 09:45:19,102.5900,1
2018-08-16 09:45:20,102.6000,1
2018-08-16 09:45:21,102.5900,1
2018-08-16 09:45:22,102.5900,1
2018-08-16 09:45:23,102.9000,3
2018-08-16 09:45:24,102.9000,1
2018-08-16 09:45:25,102.9500,20
2018-08-16 09:45:26,100.9700,1
2018-08-16 09:45:27,99.1000,11
2018-08-16 09:45:28,99.0800,1
2018-08-16 09:45:29,99.0800,1
2018-08-16 09:45:30,102.9600,1
2018-08-16 09:45:31,102.9600,1
2018-08-16 09:45:32,102.9600,1
2018-08-16 09:45:33,102.9500,1
2018-08-16 09:45:34,102.9600,1
2018-08-16 09:45:35,102.9600,1
2018-08-16 09:45:36,101.0200,1
2018-08-16 09:45:37,101.9200,1
2018-08-16 09:45:38,101.9200,1
2018-08-16 09:45:39,102.9600,20
2018-08-16 09:45:40,102.6100,1
2018-08-16 09:45:41,102.6100,1
2018-08-16 09:45:42,102.9600,1
2018-08-16 09:45:43,102.9600,1
2018-08-16 09:45:44,102.9600,19
2018-08-16 09:45:45,99.0800,1
2018-08-16 09:45:46,101.0200,1
2018-08-16 09:45:47,102.9600,20
2018-08-16 09:45:48,102.9600,20
2018-08-16 09:45:49,99.0800,20
2018-08-16 09:45:51,102.9600,1
2018-08-16 09:45:52,101.0200,20
2018-08-16 09:45:53,102.9600,8
2018-08-16 09:45:54,102.9600,20
2018-08-16 09:45:55,102.8200,1
2018-08-16 09:45:56,102.9600,20
2018-08-16 09:45:57,102.8900,20
2018-08-16 09:45:58,102.8900,1
2018-08-16 09:45:59,102.9700,1
2018-08-16 09:46:00,102.9700,20
2018-08-16 09:46:01,102.9300,1
2018-08-16 09:46:02,102.9700,1
2018-08-16 09:46:03,102.9300,1
2018-08-16 09:46:05,102.9300,1
2018-08-16 09:46:06,102.8900,1
2018-08-16 09:46:07,102.9500,1
2018-08-16 09:46:08,102.8900,1
2018-08-16 09:46:09,102.8900,1
2018-08-16 09:46:10,102.8900,1
2018-08-16 09:46:11,102.9700,1
2018-08-16 09:46:12,102.3900,1
2018-08-16 09:46:13,101.8900,1
2018-08-16 09:46:14,100.6600,1
2018-08-16 09:46:15,102.9700,1
2018-08-16 09:46:16,102.9700,1
2018-08-16 09:46:17,101.0300,1
2018-08-16 09:46:18,101.0300,19
2018-08-16 09:46:19,102.8900,1
2018-08-16 09:46:20,102.9700,1
2018-08-16 09:46:21,102.9700,1
2018-08-16 09:46:22,102.7500,1
2018-08-16 09:46:23,102.7500,18
2018-08-16 09:46:24,102.7700,1
2018-08-16 09:46:25,102.7700,19
2018-08-16 09:46:26,102.9700,1
2018-08-16 09:46:27,101.4800,1
2018-08-16 09:46:28,101.4800,1
2018-08-16 09:46:29,99.0800,20
2018-08-16 09:46:30,99.0700,16
2018-08-16 09:46:31,102.9800,4
2018-08-16 09:46:32,102.0300,20
2018-08-16 09:46:33,102.5000,1
2018-08-16 09:46:34,101.7400,1
2018-08-16 09:46:35,102.9800,10
2018-08-16 09:46:36,102.9800,1
2018-08-16 09:46:37,101.7400,1
2018-08-16 09:46:39,99.0700,1
2018-08-16 09:46:40,102.4100,1
2018-08-16 09:46:41,102.9800,1
2018-08-16 09:46:42,102.9800,16
2018-08-16 09:46:43,102.9900,5
2018-08-16 09:46:44,102.9800,3
2018-08-16 09:46:45,102.9900,1
2018-08-16 09:46:46,102.9900,1
2018-08-16 09:46:47,102.9800,1
2018-08-16 09:46:48,102.9900,8
2018-08-16 09:46:49,102.9900,1
2018-08-16 09:46:50,102.9900,12
2018-08-16 09:46:51,102.7300,1
2018-08-16 09:46:52,102.2300,1
2018-08-16 09:46:53,102.2300,1
2018-08-16 09:46:54,103.0500,20
2018-08-16 09:46:55,103.0500,20
2018-08-16 09:46:56,103.0300,20
2018-08-16 09:46:57,103.0200,1
2018-08-16 09:46:58,103.0300,1
2018-08-16 09:46:59,103.0300,2
2018-08-16 09:47:00,103.0300,18
2018-08-16 09:47:01,103.0200,1
2018-08-16 09:47:02,103.0200,16
2018-08-16 09:47:03,100.9200,1
2018-08-16 09:47:04,103.0300,19
2018-08-16 09:47:06,103.0500,1
2018-08-16 09:47:07,103.0500,1
2018-08-16 09:47:08,103.0600,1
2018-08-16 09:47:10,103.0600,1
2018-08-16 09:47:11,101.0300,1
2018-08-16 09:47:12,102.0500,1
2018-08-16 09:47:13,102.0500,1
2018-08-16 09:47:14,100.8100,1
2018-08-16 09:47:15,103.0600,20
2018-08-16 09:47:16,102.7800,1
2018-08-16 09:47:17,102.5000,1
2018-08-16 09:47:18,102.5000,1
2018-08-16 09:47:19,101.5000,3
2018-08-16 09:47:20,101.5000,4
2018-08-16 09:47:21,102.2800,1
2018-08-16 09:47:22,103.0600,20
2018-08-16 09:47:23,102.6700,1
2018-08-16 09:47:24,99.0700,20
2018-08-16 09:47:25,99.0700,20
2018-08-16 09:47:26,99.0700,20
2018-08-16 09:47:27,102.0600,1
2018-08-16 09:47:28,103.0600,1
2018-08-16 09:47:29,101.5600,20
2018-08-16 09:47:30,102.3100,20
2018-08-16 09:47:31,102.3100,1
2018-08-16 09:47:32,100.3100,10
2018-08-16 09:47:33,102.3100,11
2018-08-16 09:47:34,102.3100,1
2018-08-16 09:47:35,100.6000,1
2018-08-16 09:47:36,102.8300,1
2018-08-16 09:47:37,102.8300,1
2018-08-16 09:47:38,102.8300,13
2018-08-16 09:47:39,102.2900,1
2018-08-16 09:47:40,102.8300,1
2018-08-16 09:47:41,102.8300,1
2018-08-16 09:47:42,102.8300,1
2018-08-16 09:47:43,102.8300,1
2018-08-16 09:47:44,102.9400,1
2018-08-16 09:47:45,103.0600,20
2018-08-16 09:47:46,99.0700,1
2018-08-16 09:47:47,101.0600,1
2018-08-16 09:47:48,101.0600,1
2018-08-16 09:47:49,100.5600,20
2018-08-16 09:47:50,99.0600,1
2018-08-16 09:47:51,99.0600,20
2018-08-16 09:47:52,103.0700,20
2018-08-16 09:47:53,103.0600,1
2018-08-16 09:47:54,103.0600,1
2018-08-16 09:47:55,101.0600,1
2018-08-16 09:47:56,99.0600,1
2018-08-16 09:47:57,99.0600,1
2018-08-16 09:47:58,99.4100,20
2018-08-16 09:47:59,103.0700,20
2018-08-16 09:48:00,103.0700,1
2018-08-16 09:48:01,102.2400,1
2018-08-16 09:48:02,102.2400,18
2018-08-16 09:48:03,99.0600,1
2018-08-16 09:48:04,99.2400,1
2018-08-16 09:48:05,101.5200,1
2018-08-16 09:48:06,99.0600,4
2018-08-16 09:48:07,101.0600,1
2018-08-16 09:48:08,103.0700,1
2018-08-16 09:48:09,103.0700,1
2018-08-16 09:48:10,103.0700,1
2018-08-16 09:48:11,103.0700,1
2018-08-16 09:48:12,102.8100,20
2018-08-16 09:48:13,102.8100,1
2018-08-16 09:48:14,101.9000,19
2018-08-16 09:48:15,103.0700,1
2018-08-16 09:48:16,103.0800,1
2018-08-16 09:48:17,101.0700,1
2018-08-16 09:48:18,101.0700,18
2018-08-16 09:48:19,103.0800,1
2018-08-16 09:48:20,103.0800,20
2018-08-16 09:48:21,103.0800,20
2018-08-16 09:48:22,102.7800,1
2018-08-16 09:48:23,100.9300,1
2018-08-16 09:48:24,103.0800,2
2018-08-16 09:48:25,101.0700,20
2018-08-16 09:48:26,99.5700,1
2018-08-16 09:48:27,99.4300,1
2018-08-16 09:48:28,101.5000,1
2018-08-16 09:48:29,101.6800,20
2018-08-16 09:48:30,100.2800,1
2018-08-16 09:48:31,100.2800,19
2018-08-16 09:48:32,100.2800,17
2018-08-16 09:48:33,99.2800,1
2018-08-16 09:48:34,99.2800,1
2018-08-16 09:48:35,102.1700,20
2018-08-16 09:48:36,99.1700,20
2018-08-16 09:48:37,99.0600,15
2018-08-16 09:48:38,99.2100,20
2018-08-16 09:48:39,99.0500,7
2018-08-16 09:48:40,99.0500,1
2018-08-16 09:48:41,99.0600,1
2018-08-16 09:48:42,99.0600,1
2018-08-16 09:48:43,99.0600,1
2018-08-16 09:48:44,99.0500,1
2018-08-16 09:48:45,99.0500,1
2018-08-16 09:48:46,101.2100,1
2018-08-16 09:48:47,100.2800,1
2018-08-16 09:48:48,103.0700,1
2018-08-16 09:48:49,103.0800,15
2018-08-16 09:48:50,100.0700,1
2018-08-16 09:48:51,100.0700,1
2018-08-16 09:48:52,103.0700,19
2018-08-16 09:48:53,103.0300,1
2018-08-16 09:48:54,100.0300,20
2018-08-16 09:48:55,103.0900,6
2018-08-16 09:48:56,101.0600,19
2018-08-16 09:48:57,99.0600,1
2018-08-16 09:48:58,99.0600,1
2018-08-16 09:48:59,101.1000,1
2018-08-16 09:49:00,99.0800,1
2018-08-16 09:49:01,99.0800,1
2018-08-16 09:49:02,99.0500,20
2018-08-16 09:49:03,103.0900,10
2018-08-16 09:49:04,103.0900,20
2018-08-16 09:49:05,101.0700,1
2018-08-16 09:49:06,101.0700,1
2018-08-16 09:49:08,103.0900,9
2018-08-16 09:49:09,103.1000,1
2018-08-16 09:49:10,103.1000,20
2018-08-16 09:49:11,103.1000,20
2018-08-16 09:49:12,103.0900,1
2018-08-16 09:49:13,103.1000,1
2018-08-16 09:49:14,103.0900,16
2018-08-16 09:49:15,100.0700,1
2018-08-16 09:49:16,103.1000,3
2018-08-16 09:49:17,103.1000,1
2018-08-16 09:49:18,103.1800,1
2018-08-16 09:49:19,103.2500,4
2018-08-16 09:49:20,103.3200,1
2018-08-16 09:49:21,103.1800,1
2018-08-16 09:49:22,103.3200,1
2018-08-16 09:49:23,103.3200,1
2018-08-16 09:49:25,103.2500,1
2018-08-16 09:49:26,103.3200,3
2018-08-16 09:49:27,103.3200,1
2018-08-16 09:49:28,103.2500,1
2018-08-16 09:49:29,103.2500,1
2018-08-16 09:49:30,101.3000,1
2018-08-16 09:49:31,103.3400,1
2018-08-16 09:49:32,100.1700,1
2018-08-16 09:49:33,103.1900,1
2018-08-16 09:49:34,103.3400,1
2018-08-16 09:49:35,103.3400,1
2018-08-16 09:49:36,102.5500,1
2018-08-16 09:49:37,101.8700,1
2018-08-16 09:49:39,101.8700,1
2018-08-16 09:49:40,103.2500,20
2018-08-16 09:49:41,102.2200,1
2018-08-16 09:49:42,102.2200,1
2018-08-16 09:49:43,100.0400,1
2018-08-16 09:49:44,103.3400,1
2018-08-16 09:49:45,103.3400,1
2018-08-16 09:49:46,103.0600,1
2018-08-16 09:49:47,103.2000,1
2018-08-16 09:49:48,103.3400,1
2018-08-16 09:49:49,103.2000,19
2018-08-16 09:49:50,103.1200,1
2018-08-16 09:49:51,103.3500,8
2018-08-16 09:49:52,103.3500,7
2018-08-16 09:49:53,103.3400,1
2018-08-16 09:49:54,103.1900,1
2018-08-16 09:49:55,103.3400,1
2018-08-16 09:49:56,101.1900,1
2018-08-16 09:49:57,102.2700,2
2018-08-16 09:49:58,99.7000,1
2018-08-16 09:49:59,99.0500,1
2018-08-16 09:50:00,101.2000,1
2018-08-16 09:50:01,101.2000,1
2018-08-16 09:50:02,102.3200,1
2018-08-16 09:50:03,99.5200,1
2018-08-16 09:50:04,99.0500,1
2018-08-16 09:50:05,101.2800,1
2018-08-16 09:50:06,101.2800,19
2018-08-16 09:50:07,102.3100,1
2018-08-16 09:50:08,100.8300,2
2018-08-16 09:50:09,103.3500,1
2018-08-16 09:50:10,103.2000,20
2018-08-16 09:50:11,103.3500,1
2018-08-16 09:50:13,100.2400,1
2018-08-16 09:50:14,99.1200,19
2018-08-16 09:50:15,103.0400,1
2018-08-16 09:50:16,101.2000,1
2018-08-16 09:50:17,100.2800,1
2018-08-16 09:50:18,102.4000,1
2018-08-16 09:50:19,102.4000,19
2018-08-16 09:50:20,100.4000,1
2018-08-16 09:50:21,100.4000,20
2018-08-16 09:50:22,103.3500,12
2018-08-16 09:50:23,103.3600,8
2018-08-16 09:50:24,103.3600,8
2018-08-16 09:50:25,103.3600,1
2018-08-16 09:50:26,99.0500,1
2018-08-16 09:50:27,103.3600,1
2018-08-16 09:50:28,103.3600,1
2018-08-16 09:50:29,99.1200,20
2018-08-16 09:50:30,101.1200,1
2018-08-16 09:50:31,101.8200,1
2018-08-16 09:50:32,101.8200,1
2018-08-16 09:50:33,101.8200,17
2018-08-16 09:50:34,103.3600,1
2018-08-16 09:50:35,100.2200,1
2018-08-16 09:50:36,100.2200,1
2018-08-16 09:50:37,99.9200,20
2018-08-16 09:50:38,99.9200,20
2018-08-16 09:50:39,99.9200,20
2018-08-16 09:50:40,103.3600,9
2018-08-16 09:50:41,99.0500,20
2018-08-16 09:50:42,103.5400,1
2018-08-16 09:50:43,101.2000,1
2018-08-16 09:50:44,103.5400,1
2018-08-16 09:50:45,101.0400,1
2018-08-16 09:50:46,99.1700,1
2018-08-16 09:50:47,99.0500,1
2018-08-16 09:50:48,99.0500,1
2018-08-16 09:50:49,99.0500,1
2018-08-16 09:50:50,99.0500,1
2018-08-16 09:50:51,99.0500,1
2018-08-16 09:50:52,99.0500,1
2018-08-16 09:50:53,103.5400,4
2018-08-16 09:50:54,101.9000,17
2018-08-16 09:50:55,100.7200,1
2018-08-16 09:50:56,101.8800,1
2018-08-16 09:50:57,101.8800,1
2018-08-16 09:50:58,99.0500,1
2018-08-16 09:50:59,99.0500,1
2018-08-16 09:51:00,101.3600,20
2018-08-16 09:51:01,101.3600,20
2018-08-16 09:51:02,102.0800,20
2018-08-16 09:51:03,103.5400,20
2018-08-16 09:51:04,99.0500,1
2018-08-16 09:51:05,100.7900,20
2018-08-16 09:51:06,100.7500,20
2018-08-16 09:51:07,103.5400,4
2018-08-16 09:51:08,103.5500,19
2018-08-16 09:51:09,103.3000,1
2018-08-16 09:51:10,103.5300,1
2018-08-16 09:51:11,103.5200,17
2018-08-16 09:51:12,103.5200,17
2018-08-16 09:51:13,103.5200,1
2018-08-16 09:51:14,103.5200,2
2018-08-16 09:51:15,103.5500,20
2018-08-16 09:51:16,103.5600,20
2018-08-16 09:51:17,103.5600,20
2018-08-16 09:51:18,103.5600,1
2018-08-16 09:51:19,103.5600,4
2018-08-16 09:51:20,103.5600,1
2018-08-16 09:51:21,103.5500,5
2018-08-16 09:51:22,103.5500,5
2018-08-16 09:51:23,102.1700,1
2018-08-16 09:51:24,100.3000,1
2018-08-16 09:51:25,99.0400,20
2018-08-16 09:51:26,100.3000,1
2018-08-16 09:51:27,99.6700,1
2018-08-16 09:51:28,100.3000,1
2018-08-16 09:51:29,99.6700,1
2018-08-16 09:51:30,99.6700,1
2018-08-16 09:51:31,103.5700,1
2018-08-16 09:51:32,103.5700,1
2018-08-16 09:51:33,103.5700,1
2018-08-16 09:51:34,103.5700,12
2018-08-16 09:51:35,103.5700,1
2018-08-16 09:51:36,103.5700,1
2018-08-16 09:51:37,101.5700,1
2018-08-16 09:51:39,100.4700,19
2018-08-16 09:51:40,101.1100,1
2018-08-16 09:51:41,101.1100,1
2018-08-16 09:51:42,101.1100,1
2018-08-16 09:51:43,101.1100,1
2018-08-16 09:51:44,102.5700,1
2018-08-16 09:51:45,102.5700,1
2018-08-16 09:51:46,102.5700,5
2018-08-16 09:51:47,103.0700,1
2018-08-16 09:51:49,103.0700,1
2018-08-16 09:51:50,101.0600,1
2018-08-16 09:51:51,101.0500,1
2018-08-16 09:51:52,103.3100,1
2018-08-16 09:51:53,103.5800,1
2018-08-16 09:51:54,99.0400,1
2018-08-16 09:51:55,99.0400,1
2018-08-16 09:51:56,101.3100,1
2018-08-16 09:51:57,99.0400,19
2018-08-16 09:51:58,102.6100,1
2018-08-16 09:51:59,101.0600,19
2018-08-16 09:52:00,99.4500,1
2018-08-16 09:52:01,99.4500,1
2018-08-16 09:52:02,103.5800,4
2018-08-16 09:52:03,101.3100,1
2018-08-16 09:52:04,101.6700,1
2018-08-16 09:52:05,103.5800,20
2018-08-16 09:52:06,102.6200,1
2018-08-16 09:52:07,103.1000,10
2018-08-16 09:52:08,103.5900,20
2018-08-16 09:52:09,103.5900,20
2018-08-16 09:52:10,103.5600,1
2018-08-16 09:52:11,99.0400,20
2018-08-16 09:52:12,99.0400,1
2018-08-16 09:52:13,102.3100,1
2018-08-16 09:52:14,101.3100,1
2018-08-16 09:52:15,102.3100,1
2018-08-16 09:52:16,103.5600,1
2018-08-16 09:52:17,102.8100,1
2018-08-16 09:52:18,102.8100,1
2018-08-16 09:52:19,101.6700,1
2018-08-16 09:52:20,102.3600,19
2018-08-16 09:52:21,100.7000,1
2018-08-16 09:52:22,100.7000,20
2018-08-16 09:52:23,103.5900,1
2018-08-16 09:52:24,103.5900,1
2018-08-16 09:52:25,103.5900,1
2018-08-16 09:52:26,103.5900,20
2018-08-16 09:52:27,100.0600,20
2018-08-16 09:52:28,99.6900,1
2018-08-16 09:52:29,100.3400,1
2018-08-16 09:52:30,100.9800,1
2018-08-16 09:52:31,103.6000,20
2018-08-16 09:52:32,103.6100,1
2018-08-16 09:52:33,103.6100,1
2018-08-16 09:52:34,103.6100,20
2018-08-16 09:52:35,103.6100,1
2018-08-16 09:52:36,103.6100,1
2018-08-16 09:52:37,103.6200,1
2018-08-16 09:52:38,103.6200,1
2018-08-16 09:52:39,103.6200,20
2018-08-16 09:52:40,103.6100,2
2018-08-16 09:52:41,103.6100,2
2018-08-16 09:52:42,99.0400,1
2018-08-16 09:52:44,100.0400,1
2018-08-16 09:52:45,99.1400,1
2018-08-16 09:52:46,99.0400,14
2018-08-16 09:52:47,103.7400,7
2018-08-16 09:52:48,103.6600,1
2018-08-16 09:52:49,103.7400,20
2018-08-16 09:52:51,103.7400,1
2018-08-16 09:52:52,103.7400,1
2018-08-16 09:52:53,103.7600,20
2018-08-16 09:52:54,103.7700,10
2018-08-16 09:52:55,103.7700,10
2018-08-16 09:52:56,103.7700,10
2018-08-16 09:52:57,103.7700,10
2018-08-16 09:52:58,103.7400,2
2018-08-16 09:52:59,103.7700,20
2018-08-16 09:53:00,103.7500,18
2018-08-16 09:53:01,103.7500,18
2018-08-16 09:53:02,101.7600,1
2018-08-16 09:53:03,103.7700,11
2018-08-16 09:53:04,103.7700,1
2018-08-16 09:53:05,103.7700,1
2018-08-16 09:53:06,103.7700,1
2018-08-16 09:53:07,103.7700,1
2018-08-16 09:53:08,103.7800,20
2018-08-16 09:53:09,103.7700,6
2018-08-16 09:53:10,103.7700,6
2018-08-16 09:53:12,102.5200,1
2018-08-16 09:53:13,100.0900,1
2018-08-16 09:53:14,99.0300,20
2018-08-16 09:53:15,99.0400,6
2018-08-16 09:53:16,100.4100,6
2018-08-16 09:53:17,100.4100,6
2018-08-16 09:53:18,99.7500,1
2018-08-16 09:53:19,99.7500,1
2018-08-16 09:53:20,101.7500,1
2018-08-16 09:53:21,104.5200,1
2018-08-16 09:53:22,104.5200,1
2018-08-16 09:53:23,107.5200,20
2018-08-16 09:53:24,106.5200,1
2018-08-16 09:53:25,107.5200,1
2018-08-16 09:53:26,107.5200,1
2018-08-16 09:53:27,107.5200,1
2018-08-16 09:53:28,106.0300,1
2018-08-16 09:53:29,106.0300,1
2018-08-16 09:53:30,100.0300,1
2018-08-16 09:53:31,99.0200,14
2018-08-16 09:53:33,98.9600,6
2018-08-16 09:53:34,102.0200,1
2018-08-16 09:53:35,100.0200,20
2018-08-16 09:53:36,102.1700,1
2018-08-16 09:53:37,102.0200,2
2018-08-16 09:53:38,102.0200,2
2018-08-16 09:53:39,102.0200,1
2018-08-16 09:53:40,104.0200,1
2018-08-16 09:53:41,106.0200,1
2018-08-16 09:53:42,108.4400,1
2018-08-16 09:53:43,110.4400,19
2018-08-16 09:53:44,110.4400,1
2018-08-16 09:53:45,103.7000,20
2018-08-16 09:53:46,103.7000,1
2018-08-16 09:53:47,103.2800,1
2018-08-16 09:53:48,103.2800,1
2018-08-16 09:53:49,103.7000,10
2018-08-16 09:53:50,103.4900,1
2018-08-16 09:53:51,103.4900,1
2018-08-16 09:53:52,103.6800,1
2018-08-16 09:53:53,104.4900,1
2018-08-16 09:53:54,103.9900,19
2018-08-16 09:53:55,104.9900,1
2018-08-16 09:53:56,104.9900,1
2018-08-16 09:53:57,104.9900,18
2018-08-16 09:53:58,103.9900,1
2018-08-16 09:53:59,103.9900,1
2018-08-16 09:54:00,103.9900,1
2018-08-16 09:54:01,103.9900,1
2018-08-16 09:54:02,107.8100,1
2018-08-16 09:54:03,107.8100,1
2018-08-16 09:54:04,108.7300,1
2018-08-16 09:54:05,106.7300,1
2018-08-16 09:54:06,106.7300,20
2018-08-16 09:54:07,105.7300,1
2018-08-16 09:54:08,104.3400,20
2018-08-16 09:54:09,103.5800,19
2018-08-16 09:54:10,101.5800,1
2018-08-16 09:54:11,105.2900,1
2018-08-16 09:54:12,105.2900,1
2018-08-16 09:54:13,105.2900,1
2018-08-16 09:54:14,105.2900,1
2018-08-16 09:54:15,105.5600,1
2018-08-16 09:54:16,106.8200,1
2018-08-16 09:54:17,108.8200,1
2018-08-16 09:54:18,108.8200,1
2018-08-16 09:54:19,108.8200,1
2018-08-16 09:54:20,113.8200,1
2018-08-16 09:54:22,113.8200,1
2018-08-16 09:54:23,113.8200,1
2018-08-16 09:54:24,121.8200,1
2018-08-16 09:54:25,121.8200,1
2018-08-16 09:54:26,125.5400,1
2018-08-16 09:54:27,125.8200,8
2018-08-16 09:54:28,125.8200,8
2018-08-16 09:54:29,130.8800,1
2018-08-16 09:54:30,130.8800,1
2018-08-16 09:54:31,137.5400,1
2018-08-16 09:54:32,137.5400,1
2018-08-16 09:54:33,135.5400,1
2018-08-16 09:54:34,135.5400,1
2018-08-16 09:54:35,116.0600,20
2018-08-16 09:54:36,116.0600,20
2018-08-16 09:54:37,116.5000,1
2018-08-16 09:54:38,118.4400,1
2018-08-16 09:54:39,116.3000,20
2018-08-16 09:54:40,100.9600,1
2018-08-16 09:54:42,102.9600,20
2018-08-16 09:54:43,102.9600,20
2018-08-16 09:54:44,103.5700,1
2018-08-16 09:54:45,103.5700,1
2018-08-16 09:54:46,106.5700,1
2018-08-16 09:54:47,105.5700,12
2018-08-16 09:54:48,103.5700,1
2018-08-16 09:54:49,105.5700,20
2018-08-16 09:54:50,107.5700,1
2018-08-16 09:54:51,106.5700,19
2018-08-16 09:54:52,108.5700,19
2018-08-16 09:54:53,108.5700,19
2018-08-16 09:54:54,109.5700,20
2018-08-16 09:54:55,109.5700,20
2018-08-16 09:54:56,109.0000,19
2018-08-16 09:54:57,112.3400,1
2018-08-16 09:54:58,112.3400,1
2018-08-16 09:54:59,112.3400,1
2018-08-16 09:55:00,115.3400,1
2018-08-16 09:55:01,116.2700,20
2018-08-16 09:55:02,115.3400,19
2018-08-16 09:55:03,117.6100,1
2018-08-16 09:55:04,116.6000,20
2018-08-16 09:55:05,110.2800,1
2018-08-16 09:55:06,98.9600,1
2018-08-16 09:55:07,98.9600,1
2018-08-16 09:55:08,98.9600,1
2018-08-16 09:55:09,99.5300,1
2018-08-16 09:55:10,101.5300,1
2018-08-16 09:55:11,101.5300,1
2018-08-16 09:55:12,99.5300,1
2018-08-16 09:55:13,99.5300,1
2018-08-16 09:55:14,100.1600,1
2018-08-16 09:55:15,102.1600,1
2018-08-16 09:55:16,101.5000,6
2018-08-16 09:55:17,98.9600,20
2018-08-16 09:55:18,98.9600,4
2018-08-16 09:55:19,103.9600,19
2018-08-16 09:55:20,103.9600,1
2018-08-16 09:55:21,103.9600,1
2018-08-16 09:55:22,106.4500,20
2018-08-16 09:55:23,105.4500,20
2018-08-16 09:55:24,105.5000,1
2018-08-16 09:55:25,107.5000,1
2018-08-16 09:55:27,105.5000,1
2018-08-16 09:55:28,99.2300,1
2018-08-16 09:55:29,99.2300,1
2018-08-16 09:55:30,101.2300,9
2018-08-16 09:55:31,103.2100,1
2018-08-16 09:55:32,101.2300,1
2018-08-16 09:55:33,101.2300,1
2018-08-16 09:55:34,100.7300,20
2018-08-16 09:55:35,98.9600,2
2018-08-16 09:55:36,100.9500,1
2018-08-16 09:55:37,101.9500,1
2018-08-16 09:55:38,99.9500,1
2018-08-16 09:55:39,99.9500,1
2018-08-16 09:55:40,99.9500,1
2018-08-16 09:55:41,99.9500,1
2018-08-16 09:55:42,103.4500,19
2018-08-16 09:55:43,106.4500,13
2018-08-16 09:55:44,98.9500,1
2018-08-16 09:55:45,101.7000,1
2018-08-16 09:55:46,102.3300,1
2018-08-16 09:55:47,104.3300,1
2018-08-16 09:55:48,106.3300,1
2018-08-16 09:55:49,104.3300,1
2018-08-16 09:55:50,103.3300,1
2018-08-16 09:55:51,103.3300,1
2018-08-16 09:55:52,103.3300,19
2018-08-16 09:55:53,101.8300,1
2018-08-16 09:55:54,104.8300,1
2018-08-16 09:55:55,106.8300,1
2018-08-16 09:55:56,101.3900,1
2018-08-16 09:55:57,100.1700,1
2018-08-16 09:55:58,100.1700,1
2018-08-16 09:55:59,103.0900,1
2018-08-16 09:56:00,102.4400,1
2018-08-16 09:56:01,106.6100,1
2018-08-16 09:56:02,106.6100,1
2018-08-16 09:56:03,104.6100,1
2018-08-16 09:56:04,109.6100,1
2018-08-16 09:56:05,111.6100,1
2018-08-16 09:56:06,105.2800,1
2018-08-16 09:56:07,105.2800,1
2018-08-16 09:56:08,106.2800,1
2018-08-16 09:56:09,106.2800,1
2018-08-16 09:56:10,105.2800,1
2018-08-16 09:56:11,105.2800,1
2018-08-16 09:56:12,100.1200,1
2018-08-16 09:56:13,105.2800,20
2018-08-16 09:56:14,100.9500,1
2018-08-16 09:56:16,99.7800,20
2018-08-16 09:56:17,102.9500,1
2018-08-16 09:56:18,98.9500,1
2018-08-16 09:56:19,98.9500,1
2018-08-16 09:56:20,98.9500,1
2018-08-16 09:56:21,98.9500,5
2018-08-16 09:56:22,98.9500,19
2018-08-16 09:56:23,101.9500,1
2018-08-16 09:56:24,103.9500,1
2018-08-16 09:56:25,103.9500,1
2018-08-16 09:56:26,103.9500,1
2018-08-16 09:56:27,106.9500,1
2018-08-16 09:56:28,104.9500,1
2018-08-16 09:56:29,104.9500,18
2018-08-16 09:56:30,106.9500,1
2018-08-16 09:56:31,111.9500,1
2018-08-16 09:56:32,111.9500,1
2018-08-16 09:56:33,111.9500,1
2018-08-16 09:56:34,112.9500,1
2018-08-16 09:56:35,113.7200,1
2018-08-16 09:56:36,113.7200,1
2018-08-16 09:56:37,115.9500,20
2018-08-16 09:56:38,113.9500,1
2018-08-16 09:56:39,108.9500,1
2018-08-16 09:56:40,108.9500,1
2018-08-16 09:56:41,108.9500,1
2018-08-16 09:56:42,108.8800,20
2018-08-16 09:56:43,107.4700,1
2018-08-16 09:56:44,105.4700,1
2018-08-16 09:56:45,105.4700,1
2018-08-16 09:56:46,105.4700,1
2018-08-16 09:56:47,110.4700,1
2018-08-16 09:56:48,104.5400,1
2018-08-16 09:56:49,108.4700,1
2018-08-16 09:56:50,108.4700,20
2018-08-16 09:56:51,108.4700,20
2018-08-16 09:56:52,109.9700,1
2018-08-16 09:56:53,109.9700,1
2018-08-16 09:56:54,100.9500,1
2018-08-16 09:56:55,100.9500,1
2018-08-16 09:56:56,101.2400,1
2018-08-16 09:56:57,98.9500,20
2018-08-16 09:56:58,98.9500,19
2018-08-16 09:56:59,99.9500,1
2018-08-16 09:57:00,99.9500,1
2018-08-16 09:57:01,99.2000,1
2018-08-16 09:57:02,99.2000,1
2018-08-16 09:57:03,103.8900,1
2018-08-16 09:57:04,103.8900,19
2018-08-16 09:57:05,103.8900,19
2018-08-16 09:57:06,99.8700,1
2018-08-16 09:57:07,98.9500,8
2018-08-16 09:57:08,98.9500,8
2018-08-16 09:57:09,104.6000,1
2018-08-16 09:57:10,104.6000,1
2018-08-16 09:57:11,101.4200,1
2018-08-16 09:57:12,100.4200,1
2018-08-16 09:57:13,99.6900,1
2018-08-16 09:57:14,99.6900,1
2018-08-16 09:57:15,100.4200,18
2018-08-16 09:57:16,100.4200,18
2018-08-16 09:57:17,105.9200,1
2018-08-16 09:57:18,107.9200,1
2018-08-16 09:57:19,107.9200,1
2018-08-16 09:57:20,110.9200,19
2018-08-16 09:57:21,108.9200,1
2018-08-16 09:57:22,108.9200,1
2018-08-16 09:57:23,110.9200,1
2018-08-16 09:57:24,110.9200,1
2018-08-16 09:57:25,110.6100,1
2018-08-16 09:57:26,110.9400,1
2018-08-16 09:57:27,110.6100,1
2018-08-16 09:57:28,113.1100,1
2018-08-16 09:57:29,114.0200,20
2018-08-16 09:57:30,118.5600,1
2018-08-16 09:57:31,117.5600,1
2018-08-16 09:57:32,116.5600,19
2018-08-16 09:57:33,117.5600,18
2018-08-16 09:57:34,123.8100,1
2018-08-16 09:57:35,125.3800,1
2018-08-16 09:57:36,126.7700,1
2018-08-16 09:57:37,125.7700,16
2018-08-16 09:57:38,124.9700,20
2018-08-16 09:57:39,125.7700,1
2018-08-16 09:57:40,125.7700,1
2018-08-16 09:57:41,125.7700,1
2018-08-16 09:57:42,127.7700,1
2018-08-16 09:57:43,127.7700,1
2018-08-16 09:57:44,130.2700,18
2018-08-16 09:57:45,133.4600,1
2018-08-16 09:57:46,118.2100,1
2018-08-16 09:57:48,118.2100,1
2018-08-16 09:57:49,109.5800,1
2018-08-16 09:57:50,107.5800,20
2018-08-16 09:57:51,114.3900,1
2018-08-16 09:57:52,114.3900,20
2018-08-16 09:57:53,114.8900,1
2018-08-16 09:57:54,115.5500,19
2018-08-16 09:57:55,115.5500,19
2018-08-16 09:57:57,115.5500,19
2018-08-16 09:57:58,115.4600,1
2018-08-16 09:57:59,115.5000,1
2018-08-16 09:58:00,115.5000,1
2018-08-16 09:58:01,119.4800,1
2018-08-16 09:58:02,119.4800,1
2018-08-16 09:58:03,120.5300,1
2018-08-16 09:58:04,122.5300,1
2018-08-16 09:58:05,122.4800,1
2018-08-16 09:58:06,123.4800,1
2018-08-16 09:58:07,123.4800,1
2018-08-16 09:58:08,123.4800,1
2018-08-16 09:58:09,125.4800,1
2018-08-16 09:58:10,126.3800,1
2018-08-16 09:58:11,126.3800,1
2018-08-16 09:58:12,126.3800,1
2018-08-16 09:58:13,126.8800,1
2018-08-16 09:58:14,126.8800,20
2018-08-16 09:58:15,129.8800,1
2018-08-16 09:58:16,129.8800,1
2018-08-16 09:58:17,131.1300,1
2018-08-16 09:58:18,133.7500,1
2018-08-16 09:58:19,133.7500,1
2018-08-16 09:58:20,133.7500,1
2018-08-16 09:58:21,136.4400,1
2018-08-16 09:58:22,133.7500,19
2018-08-16 09:58:23,133.7500,19
2018-08-16 09:58:24,137.0900,1
2018-08-16 09:58:25,137.0900,1
2018-08-16 09:58:26,137.0900,1
2018-08-16 09:58:27,137.0900,1
2018-08-16 09:58:28,136.5100,20
2018-08-16 09:58:29,136.5400,1
2018-08-16 09:58:30,136.4900,1
2018-08-16 09:58:31,136.4900,10
2018-08-16 09:58:32,136.4300,1
2018-08-16 09:58:33,136.4900,1
2018-08-16 09:58:34,138.4900,11
2018-08-16 09:58:36,136.4300,20
2018-08-16 09:58:38,98.9500,20
2018-08-16 09:58:39,133.0300,1
2018-08-16 09:58:40,135.8000,1
2018-08-16 09:58:41,135.8000,1
2018-08-16 09:58:42,135.8000,18
2018-08-16 09:58:43,137.3000,20
2018-08-16 09:58:44,137.3000,20
2018-08-16 09:58:45,137.3000,1
2018-08-16 09:58:46,117.3800,1
2018-08-16 09:58:47,117.3800,1
2018-08-16 09:58:48,117.3800,1
2018-08-16 09:58:49,119.4700,1
2018-08-16 09:58:50,119.4700,1
2018-08-16 09:58:51,118.9700,1
2018-08-16 09:58:52,118.4700,1
2018-08-16 09:58:53,118.7200,1
2018-08-16 09:58:54,118.7200,1
2018-08-16 09:58:55,120.8400,20
2018-08-16 09:58:56,120.8400,5
2018-08-16 09:58:57,122.8400,19
2018-08-16 09:58:58,119.8400,1
2018-08-16 09:58:59,115.6200,20
2018-08-16 09:59:00,120.8400,5
2018-08-16 09:59:01,118.8400,7
2018-08-16 09:59:02,119.8400,1
2018-08-16 09:59:03,118.8400,20
2018-08-16 09:59:04,120.8400,1
2018-08-16 09:59:05,120.8400,1
2018-08-16 09:59:06,109.1500,1
2018-08-16 09:59:07,110.1500,1
2018-08-16 09:59:08,110.1500,1
2018-08-16 09:59:09,111.1500,1
2018-08-16 09:59:10,109.1500,7
2018-08-16 09:59:11,112.6200,1
2018-08-16 09:59:12,112.6200,1
2018-08-16 09:59:13,112.6200,1
2018-08-16 09:59:14,111.6200,19
2018-08-16 09:59:15,112.2000,1
2018-08-16 09:59:16,112.7800,1
2018-08-16 09:59:17,113.7700,1
2018-08-16 09:59:18,116.7700,1
2018-08-16 09:59:19,117.7700,1
2018-08-16 09:59:20,117.7700,10
2018-08-16 09:59:21,117.3100,1
2018-08-16 09:59:22,114.7300,20
2018-08-16 09:59:23,114.7300,20
2018-08-16 09:59:24,115.0800,1
2018-08-16 09:59:25,115.0800,1
2018-08-16 09:59:26,113.0800,1
2018-08-16 09:59:27,117.0800,1
2018-08-16 09:59:28,120.0800,1
2018-08-16 09:59:29,98.9500,1
2018-08-16 09:59:30,119.0800,1
2018-08-16 09:59:31,121.0800,3
2018-08-16 09:59:32,119.0800,20
2018-08-16 09:59:33,120.3300,17
2018-08-16 09:59:34,121.9500,20
2018-08-16 09:59:35,124.2000,20
2018-08-16 09:59:36,124.2000,20
2018-08-16 09:59:37,124.2000,1
2018-08-16 09:59:38,126.7000,1
2018-08-16 09:59:39,125.5800,1
2018-08-16 09:59:40,126.8900,19
2018-08-16 09:59:41,130.2300,3
2018-08-16 09:59:42,130.2300,17
2018-08-16 09:59:43,133.2300,1
2018-08-16 09:59:44,131.2300,3
2018-08-16 09:59:46,137.4800,15
2018-08-16 09:59:47,135.4800,2
2018-08-16 09:59:48,107.6900,1
2018-08-16 09:59:49,109.5900,7
2018-08-16 09:59:50,109.5900,7
2018-08-16 09:59:51,100.2600,1
2018-08-16 09:59:52,100.7800,20
2018-08-16 09:59:53,101.1900,1
2018-08-16 09:59:54,101.1900,1
2018-08-16 09:59:55,102.1900,19
2018-08-16 09:59:56,102.1900,1
2018-08-16 09:59:57,102.1900,1
2018-08-16 09:59:58,103.6900,1
2018-08-16 09:59:59,104.6900,1
2018-08-16 10:00:00,104.6900,18
2018-08-16 10:00:01,106.6900,17
2018-08-16 10:00:02,106.6900,3
2018-08-16 10:00:03,103.6900,1
2018-08-16 10:00:04,103.6900,1
2018-08-16 10:00:05,103.1900,1
2018-08-16 10:00:06,106.1900,1
2018-08-16 10:00:07,106.1900,1
2018-08-16 10:00:08,107.1900,1
2018-08-16 10:00:09,101.5700,1
2018-08-16 10:00:10,98.9400,1
2018-08-16 10:00:11,100.2500,1
2018-08-16 10:00:12,100.9100,1
2018-08-16 10:00:13,100.2500,1
2018-08-16 10:00:14,100.2500,19
2018-08-16 10:00:15,98.9400,18
2018-08-16 10:00:16,100.8100,1
2018-08-16 10:00:17,98.9400,20
2018-08-16 10:00:18,98.9400,20
2018-08-16 10:00:19,98.9700,1
2018-08-16 10:00:20,98.9700,1
2018-08-16 10:00:21,100.9800,1
2018-08-16 10:00:22,102.9800,1
2018-08-16 10:00:23,102.9800,1
2018-08-16 10:00:25,106.4800,8
2018-08-16 10:00:26,104.4800,1
2018-08-16 10:00:27,98.9400,19
2018-08-16 10:00:28,100.9600,1
2018-08-16 10:00:29,99.9500,1
2018-08-16 10:00:30,102.9800,1
2018-08-16 10:00:31,102.9600,1
2018-08-16 10:00:32,102.9700,1
2018-08-16 10:00:33,102.9700,5
2018-08-16 10:00:34,103.3800,1
2018-08-16 10:00:35,105.8700,18
2018-08-16 10:00:36,107.8700,1
2018-08-16 10:00:37,108.8700,20
2018-08-16 10:00:38,109.3700,1
2018-08-16 10:00:39,102.1600,19
2018-08-16 10:00:40,109.3700,1
2018-08-16 10:00:41,107.6500,20
2018-08-16 10:00:42,105.9300,6
2018-08-16 10:00:43,105.9300,13
2018-08-16 10:00:44,99.8700,1
2018-08-16 10:00:46,103.4800,1
2018-08-16 10:00:47,104.5800,1
2018-08-16 10:00:48,104.1700,1
2018-08-16 10:00:49,101.7600,1
2018-08-16 10:00:50,102.9400,1
2018-08-16 10:00:51,101.4400,1
2018-08-16 10:00:52,101.4400,1
2018-08-16 10:00:53,101.4400,1
2018-08-16 10:00:54,101.4400,1
2018-08-16 10:00:55,106.7300,1
2018-08-16 10:00:56,106.7300,1
2018-08-16 10:00:57,106.7300,19
2018-08-16 10:00:58,99.9400,1
2018-08-16 10:00:59,99.2900,1
2018-08-16 10:01:00,100.3800,1
2018-08-16 10:01:01,100.3800,18
2018-08-16 10:01:02,102.3300,1
2018-08-16 10:01:03,100.2800,1
2018-08-16 10:01:04,100.2800,1
2018-08-16 10:01:05,99.4100,1
2018-08-16 10:01:06,100.4100,1
2018-08-16 10:01:07,104.4100,1
2018-08-16 10:01:08,102.4100,1
2018-08-16 10:01:09,103.4100,1
2018-08-16 10:01:10,103.4100,1
2018-08-16 10:01:11,106.6000,1
2018-08-16 10:01:12,106.6000,19
2018-08-16 10:01:13,105.6000,1
2018-08-16 10:01:14,105.6000,19
2018-08-16 10:01:15,106.8600,1
2018-08-16 10:01:16,105.8600,1
2018-08-16 10:01:17,104.4000,1
2018-08-16 10:01:18,100.4500,20
2018-08-16 10:01:19,98.9400,1
2018-08-16 10:01:20,100.6900,1
2018-08-16 10:01:21,100.6900,1
2018-08-16 10:01:22,99.1700,1
2018-08-16 10:01:23,99.1700,1
2018-08-16 10:01:25,99.1700,1
2018-08-16 10:01:26,102.8100,1
2018-08-16 10:01:27,102.8100,1
2018-08-16 10:01:28,98.9400,19
2018-08-16 10:01:29,100.3800,1
2018-08-16 10:01:30,100.3800,1
2018-08-16 10:01:31,98.9400,1
2018-08-16 10:01:32,98.9400,12
2018-08-16 10:01:33,98.9400,20
2018-08-16 10:01:34,98.9400,1
2018-08-16 10:01:35,104.8100,1
2018-08-16 10:01:36,106.3100,1
2018-08-16 10:01:37,108.1400,1
2018-08-16 10:01:38,106.2200,1
2018-08-16 10:01:39,107.2200,1
2018-08-16 10:01:40,107.2200,1
2018-08-16 10:01:41,103.2200,19
2018-08-16 10:01:42,106.2200,1
2018-08-16 10:01:43,106.2200,1
2018-08-16 10:01:44,106.2200,1
2018-08-16 10:01:45,110.2200,1
2018-08-16 10:01:46,112.2200,1
2018-08-16 10:01:47,111.2200,1
2018-08-16 10:01:48,111.2200,3
2018-08-16 10:01:49,112.9700,1
2018-08-16 10:01:50,111.9700,20
2018-08-16 10:01:51,111.9700,19
2018-08-16 10:01:52,114.2600,1
2018-08-16 10:01:53,113.9500,1
2018-08-16 10:01:54,98.9300,4
2018-08-16 10:01:55,112.1700,1
2018-08-16 10:01:56,115.1700,1
2018-08-16 10:01:57,117.1700,1
2018-08-16 10:01:58,117.1700,1
2018-08-16 10:01:59,117.1700,1
2018-08-16 10:02:01,121.0100,20
2018-08-16 10:02:02,123.0100,1
2018-08-16 10:02:03,124.5100,1
2018-08-16 10:02:04,124.5100,1
2018-08-16 10:02:05,123.7600,1
2018-08-16 10:02:06,124.4600,19
2018-08-16 10:02:07,127.6600,1
2018-08-16 10:02:08,129.3800,1
2018-08-16 10:02:09,129.3800,1
2018-08-16 10:02:10,129.8800,20
2018-08-16 10:02:11,129.4100,19
2018-08-16 10:02:12,129.4100,1
2018-08-16 10:02:13,130.4100,20
2018-08-16 10:02:15,112.1700,1
2018-08-16 10:02:16,114.1700,20
2018-08-16 10:02:17,100.9300,1
2018-08-16 10:02:18,98.9300,1
2018-08-16 10:02:19,102.1800,1
2018-08-16 10:02:20,105.1800,20
2018-08-16 10:02:21,103.1800,20
2018-08-16 10:02:22,103.1500,10
2018-08-16 10:02:23,103.1500,7
2018-08-16 10:02:24,103.1500,7
2018-08-16 10:02:25,100.9100,8
2018-08-16 10:02:26,103.1500,1
2018-08-16 10:02:27,106.8400,20
2018-08-16 10:02:28,104.8400,1
2018-08-16 10:02:29,104.8400,1
2018-08-16 10:02:30,104.8400,1
2018-08-16 10:02:31,104.8400,20
2018-08-16 10:02:32,104.8400,1
2018-08-16 10:02:33,104.8400,20
2018-08-16 10:02:34,105.8400,1
2018-08-16 10:02:35,105.8400,1
2018-08-16 10:02:36,105.8400,1
2018-08-16 10:02:37,102.0900,1
2018-08-16 10:02:38,102.4200,1
2018-08-16 10:02:39,103.3400,19
2018-08-16 10:02:40,103.3400,19
2018-08-16 10:02:41,108.1100,20
2018-08-16 10:02:42,107.5700,1
2018-08-16 10:02:43,107.5700,1
2018-08-16 10:02:44,105.3200,1
2018-08-16 10:02:45,105.3200,20
2018-08-16 10:02:46,105.2700,20
2018-08-16 10:02:47,105.3200,9
2018-08-16 10:02:48,107.3200,1
2018-08-16 10:02:49,102.1200,20
2018-08-16 10:02:50,102.1200,20
2018-08-16 10:02:51,103.1200,1
2018-08-16 10:02:52,98.9300,20
2018-08-16 10:02:53,100.8100,1
2018-08-16 10:02:54,100.8100,1
2018-08-16 10:02:55,100.9300,20
2018-08-16 10:02:56,98.9300,4
2018-08-16 10:02:57,100.9300,1
2018-08-16 10:02:58,101.9300,1
2018-08-16 10:02:59,100.9300,1
2018-08-16 10:03:00,98.9300,1
2018-08-16 10:03:01,99.9300,1
2018-08-16 10:03:02,99.9300,18
2018-08-16 10:03:03,99.4300,1
2018-08-16 10:03:04,103.9700,1
2018-08-16 10:03:05,104.5600,1
2018-08-16 10:03:06,106.2100,20
2018-08-16 10:03:07,102.4500,1
2018-08-16 10:03:08,102.4500,1
2018-08-16 10:03:09,102.4500,1
2018-08-16 10:03:10,102.4500,18
2018-08-16 10:03:11,104.4500,19
2018-08-16 10:03:12,104.4500,1
2018-08-16 10:03:13,103.6800,19
2018-08-16 10:03:14,105.6800,1
2018-08-16 10:03:15,105.6800,1
2018-08-16 10:03:16,107.2500,1
2018-08-16 10:03:17,108.3300,1
2018-08-16 10:03:18,107.6200,18
2018-08-16 10:03:19,107.6200,1
2018-08-16 10:03:20,104.2800,20
2018-08-16 10:03:21,104.2800,20
2018-08-16 10:03:22,104.2800,20
2018-08-16 10:03:23,105.4500,1
2018-08-16 10:03:24,105.4500,19
2018-08-16 10:03:25,105.4500,19
2018-08-16 10:03:26,101.1900,1
2018-08-16 10:03:27,100.1900,1
2018-08-16 10:03:28,98.9300,19
2018-08-16 10:03:29,101.1900,1
2018-08-16 10:03:30,101.1900,20
2018-08-16 10:03:31,101.1900,20
2018-08-16 10:03:32,106.1900,1
2018-08-16 10:03:33,104.1200,20
2018-08-16 10:03:34,104.1900,1
2018-08-16 10:03:35,104.1900,16
2018-08-16 10:03:37,104.1900,4
2018-08-16 10:03:38,107.1900,1
2018-08-16 10:03:39,109.1900,1
2018-08-16 10:03:40,107.1900,1
2018-08-16 10:03:41,100.9300,1
2018-08-16 10:03:42,100.9300,1
2018-08-16 10:03:43,99.9300,18
2018-08-16 10:03:44,100.9300,2
2018-08-16 10:03:45,98.9200,1
2018-08-16 10:03:46,98.9200,18
2018-08-16 10:03:47,98.9200,18
2018-08-16 10:03:48,102.9600,1
2018-08-16 10:03:49,102.9600,19
2018-08-16 10:03:50,106.1100,1
2018-08-16 10:03:51,106.1100,1
2018-08-16 10:03:52,107.1100,1
2018-08-16 10:03:53,107.1100,1
2018-08-16 10:03:54,109.1100,1
2018-08-16 10:03:55,110.1100,1
2018-08-16 10:03:56,108.1100,14
2018-08-16 10:03:57,108.1100,1
2018-08-16 10:03:58,108.1100,1
2018-08-16 10:03:59,108.1100,1
2018-08-16 10:04:00,107.7400,20
2018-08-16 10:04:02,110.1700,20
2018-08-16 10:04:03,107.1700,1
2018-08-16 10:04:04,109.1700,20
2018-08-16 10:04:05,111.1700,1
2018-08-16 10:04:06,111.1700,19
2018-08-16 10:04:07,110.1700,20
2018-08-16 10:04:08,113.6700,1
2018-08-16 10:04:09,112.6700,6
2018-08-16 10:04:10,112.6700,6
2018-08-16 10:04:11,103.5900,20
2018-08-16 10:04:12,103.5900,20
2018-08-16 10:04:13,100.9200,19
2018-08-16 10:04:14,100.9200,19
2018-08-16 10:04:17,102.9200,1
2018-08-16 10:04:18,106.9200,20
2018-08-16 10:04:19,108.9200,1
2018-08-16 10:04:20,108.9200,1
2018-08-16 10:04:21,110.9200,1
2018-08-16 10:04:22,110.9200,1
2018-08-16 10:04:23,114.8400,1
2018-08-16 10:04:24,115.8400,19
2018-08-16 10:04:25,116.3400,1
2018-08-16 10:04:26,100.6500,1
2018-08-16 10:04:27,100.6500,1
2018-08-16 10:04:28,98.9200,1
2018-08-16 10:04:30,98.9200,1
2018-08-16 10:04:31,102.6700,1
2018-08-16 10:04:32,102.6700,1
2018-08-16 10:04:33,112.6700,20
2018-08-16 10:04:34,111.6700,20
2018-08-16 10:04:35,110.6700,20
2018-08-16 10:04:36,113.4100,1
2018-08-16 10:04:37,113.4100,19
2018-08-16 10:04:38,112.4100,1
2018-08-16 10:04:39,111.1900,20
2018-08-16 10:04:40,111.2900,1
2018-08-16 10:04:41,111.2900,1
2018-08-16 10:04:42,101.0200,20
2018-08-16 10:04:43,99.4900,20
2018-08-16 10:04:44,99.4900,20
2018-08-16 10:04:45,105.0200,20
2018-08-16 10:04:46,104.0200,20
2018-08-16 10:04:47,102.0200,1
2018-08-16 10:04:48,98.9200,1
2018-08-16 10:04:49,98.9200,16
2018-08-16 10:04:50,100.5600,1
2018-08-16 10:04:51,100.1500,20
2018-08-16 10:04:52,99.7400,1
2018-08-16 10:04:53,99.8300,1
2018-08-16 10:04:54,98.9200,1
2018-08-16 10:04:55,98.9200,1
2018-08-16 10:04:56,103.8300,1
2018-08-16 10:04:57,100.8300,1
2018-08-16 10:04:58,98.9200,1
2018-08-16 10:04:59,98.9200,1
2018-08-16 10:05:00,98.9200,1
2018-08-16 10:05:01,99.8700,1
2018-08-16 10:05:04,101.0600,1
2018-08-16 10:05:05,102.1400,1
2018-08-16 10:05:06,102.1400,1
2018-08-16 10:05:07,102.1400,1
2018-08-16 10:05:08,101.1400,1
2018-08-16 10:05:09,106.1400,1
2018-08-16 10:05:10,106.1400,16
2018-08-16 10:05:11,103.1100,20
2018-08-16 10:05:12,101.3500,6
2018-08-16 10:05:13,101.3500,1
2018-08-16 10:05:14,103.3500,1
2018-08-16 10:05:15,101.3500,8
2018-08-16 10:05:16,101.3500,11
2018-08-16 10:05:17,98.9200,15
2018-08-16 10:05:18,100.5900,1
2018-08-16 10:05:19,103.3500,4
2018-08-16 10:05:20,101.9700,1
2018-08-16 10:05:21,102.3600,1
2018-08-16 10:05:22,104.3600,1
2018-08-16 10:05:23,102.3600,1
2018-08-16 10:05:24,101.3600,1
2018-08-16 10:05:25,101.3600,1
2018-08-16 10:05:26,100.1300,1
2018-08-16 10:05:27,100.1300,1
2018-08-16 10:05:28,100.1300,1
2018-08-16 10:05:29,100.1300,19
2018-08-16 10:05:30,100.1300,1
2018-08-16 10:05:31,100.1300,1
2018-08-16 10:05:32,100.1300,1
2018-08-16 10:05:33,100.1300,1
2018-08-16 10:05:34,99.6300,1
2018-08-16 10:05:35,99.1300,1
2018-08-16 10:05:36,103.6300,1
2018-08-16 10:05:37,102.6300,20
2018-08-16 10:05:38,98.9100,1
2018-08-16 10:05:39,98.9100,1
2018-08-16 10:05:40,99.9100,20
2018-08-16 10:05:41,99.9100,20
2018-08-16 10:05:42,99.9100,20
2018-08-16 10:05:43,106.9100,20
2018-08-16 10:05:44,106.9100,20
2018-08-16 10:05:45,105.9100,20
2018-08-16 10:05:46,105.9100,20
2018-08-16 10:05:47,104.3700,20
2018-08-16 10:05:48,106.1600,19
2018-08-16 10:05:49,100.5300,1
2018-08-16 10:05:50,101.9400,1
2018-08-16 10:05:51,99.4000,8
2018-08-16 10:05:52,98.9000,4
2018-08-16 10:05:53,98.9100,2
2018-08-16 10:05:54,98.8800,4
2018-08-16 10:05:55,98.8800,16
2018-08-16 10:05:56,98.8800,16
2018-08-16 10:05:57,99.8600,16
2018-08-16 10:05:58,102.8600,4
2018-08-16 10:05:59,102.8600,1
2018-08-16 10:06:00,102.8600,1
2018-08-16 10:06:01,101.8600,1
2018-08-16 10:06:02,102.8600,9
2018-08-16 10:06:03,107.1100,1
2018-08-16 10:06:04,109.1100,1
2018-08-16 10:06:05,110.1100,20
2018-08-16 10:06:06,106.1100,20
2018-08-16 10:06:07,105.1100,19
2018-08-16 10:06:08,105.1100,19
2018-08-16 10:06:09,108.8300,1
2018-08-16 10:06:10,110.0000,1
2018-08-16 10:06:11,110.0000,1
2018-08-16 10:06:12,111.0000,1
2018-08-16 10:06:13,114.0000,1
2018-08-16 10:06:14,114.0000,1
2018-08-16 10:06:15,114.5000,19
2018-08-16 10:06:16,118.5000,20
2018-08-16 10:06:17,118.5000,20
2018-08-16 10:06:18,118.5000,20
2018-08-16 10:06:19,121.7400,19
2018-08-16 10:06:20,123.7400,20
2018-08-16 10:06:21,123.7400,20
2018-08-16 10:06:22,125.7400,1
2018-08-16 10:06:23,125.7400,19
2018-08-16 10:06:24,122.7400,11
2018-08-16 10:06:25,124.7400,1
2018-08-16 10:06:26,123.7400,1
2018-08-16 10:06:27,123.2400,1
2018-08-16 10:06:28,121.7400,1
2018-08-16 10:06:29,122.4900,20
2018-08-16 10:06:30,122.4900,20
2018-08-16 10:06:32,123.7600,20
2018-08-16 10:06:33,125.1100,1
2018-08-16 10:06:34,125.1100,1
2018-08-16 10:06:35,125.1100,1
2018-08-16 10:06:36,125.1100,1
2018-08-16 10:06:37,128.1100,20
2018-08-16 10:06:38,128.1100,20
2018-08-16 10:06:39,127.1100,1
2018-08-16 10:06:40,126.1100,20
2018-08-16 10:06:41,124.8700,1
2018-08-16 10:06:42,124.1700,1
2018-08-16 10:06:43,111.5100,3
2018-08-16 10:06:44,107.3400,1
2018-08-16 10:06:45,109.3400,1
2018-08-16 10:06:46,110.4300,5
2018-08-16 10:06:47,110.4300,5
2018-08-16 10:06:48,111.5100,1
2018-08-16 10:06:49,113.5100,1
2018-08-16 10:06:50,113.5100,1
2018-08-16 10:06:51,115.5100,1
2018-08-16 10:06:52,114.5100,1
2018-08-16 10:06:53,104.3300,20
2018-08-16 10:06:54,104.3300,20
2018-08-16 10:06:55,102.1600,20
2018-08-16 10:06:56,102.7200,1
2018-08-16 10:06:58,101.7200,1
2018-08-16 10:06:59,103.2200,1
2018-08-16 10:07:00,100.7200,1
2018-08-16 10:07:01,102.4700,20
2018-08-16 10:07:02,105.5100,1
2018-08-16 10:07:03,105.5100,1
2018-08-16 10:07:04,108.5100,1
2018-08-16 10:07:05,111.5100,19
2018-08-16 10:07:06,111.9100,19
2018-08-16 10:07:07,110.9100,20
2018-08-16 10:07:08,112.8100,1
2018-08-16 10:07:09,112.8100,1
2018-08-16 10:07:10,113.8100,1
2018-08-16 10:07:11,115.7900,1
2018-08-16 10:07:12,117.7900,20
2018-08-16 10:07:13,118.7900,1
2018-08-16 10:07:14,118.7900,1
2018-08-16 10:07:15,118.7900,17
2018-08-16 10:07:16,119.7900,16
2018-08-16 10:07:17,108.1100,20
2018-08-16 10:07:18,107.6200,1
2018-08-16 10:07:19,110.6200,1
2018-08-16 10:07:20,110.6200,1
2018-08-16 10:07:21,113.5000,1
2018-08-16 10:07:22,114.4500,1
2018-08-16 10:07:23,113.9300,1
2018-08-16 10:07:24,98.8500,1
2018-08-16 10:07:25,103.5200,1
2018-08-16 10:07:26,98.8500,1
2018-08-16 10:07:27,98.8500,1
2018-08-16 10:07:28,99.6400,1
2018-08-16 10:07:29,99.6400,1
2018-08-16 10:07:30,99.6400,17
2018-08-16 10:07:31,100.6400,1
2018-08-16 10:07:32,99.7500,1
2018-08-16 10:07:33,99.7700,1
2018-08-16 10:07:34,99.7700,1
2018-08-16 10:07:35,99.7700,1
2018-08-16 10:07:36,98.8500,20
2018-08-16 10:07:37,99.5300,1
2018-08-16 10:07:38,98.8400,4
2018-08-16 10:07:39,98.8500,1
2018-08-16 10:07:40,98.8400,1
2018-08-16 10:07:41,98.8400,1
2018-08-16 10:07:42,100.8400,20
2018-08-16 10:07:43,101.8400,19
2018-08-16 10:07:44,101.8400,19
2018-08-16 10:07:45,101.8400,20
2018-08-16 10:07:46,98.8400,1
2018-08-16 10:07:47,102.8400,1
2018-08-16 10:07:48,101.8400,20
2018-08-16 10:07:49,100.8400,1
2018-08-16 10:07:50,101.8400,11
2018-08-16 10:07:51,100.8400,3
2018-08-16 10:07:52,99.8400,6
2018-08-16 10:07:53,99.8400,6
2018-08-16 10:07:54,109.8400,20
2018-08-16 10:07:55,109.8400,20
2018-08-16 10:07:56,106.8400,1
2018-08-16 10:07:57,102.2900,20
2018-08-16 10:07:58,101.0000,1
2018-08-16 10:07:59,101.0000,1
2018-08-16 10:08:00,98.8300,1
2018-08-16 10:08:01,99.3500,1
2018-08-16 10:08:02,98.8300,1
2018-08-16 10:08:03,101.8300,15
2018-08-16 10:08:04,103.8300,1
2018-08-16 10:08:05,101.8300,4
2018-08-16 10:08:06,99.8300,1
2018-08-16 10:08:07,100.0800,20
2018-08-16 10:08:08,102.0800,1
2018-08-16 10:08:10,104.0800,1
2018-08-16 10:08:11,104.0800,18
2018-08-16 10:08:12,103.4500,20
2018-08-16 10:08:13,104.0800,1
2018-08-16 10:08:14,103.0600,19
2018-08-16 10:08:15,106.0600,1
2018-08-16 10:08:17,107.0600,1
2018-08-16 10:08:18,107.0600,1
2018-08-16 10:08:19,108.0600,19
2018-08-16 10:08:20,110.0600,19
2018-08-16 10:08:21,108.5600,1
2018-08-16 10:08:22,108.0600,13
2018-08-16 10:08:23,106.0600,1
2018-08-16 10:08:24,106.0600,1
2018-08-16 10:08:25,106.0600,1
2018-08-16 10:08:26,108.1600,1
2018-08-16 10:08:27,110.1600,1
2018-08-16 10:08:28,110.1600,1
2018-08-16 10:08:29,113.1600,1
2018-08-16 10:08:30,110.1600,1
2018-08-16 10:08:31,110.1600,1
2018-08-16 10:08:32,115.1600,1
2018-08-16 10:08:33,113.1600,19
2018-08-16 10:08:34,113.1600,18
2018-08-16 10:08:35,114.1600,19
2018-08-16 10:08:36,115.1600,1
2018-08-16 10:08:37,116.1600,10
2018-08-16 10:08:38,116.1600,10
2018-08-16 10:08:39,119.1600,20
2018-08-16 10:08:40,121.1600,20
2018-08-16 10:08:41,122.1600,1
2018-08-16 10:08:42,110.5000,1
2018-08-16 10:08:43,110.5000,1
2018-08-16 10:08:44,106.6600,19
2018-08-16 10:08:46,106.6600,19
2018-08-16 10:08:47,108.0400,1
2018-08-16 10:08:48,108.4700,1
2018-08-16 10:08:49,108.4700,1
2018-08-16 10:08:50,110.7300,3
2018-08-16 10:08:51,111.7300,1
2018-08-16 10:08:52,115.7300,20
2018-08-16 10:08:53,113.7300,1
2018-08-16 10:08:54,113.7300,1
2018-08-16 10:08:55,113.7300,20
2018-08-16 10:08:56,117.2300,1
2018-08-16 10:08:57,117.2300,20
2018-08-16 10:08:58,115.2300,17
2018-08-16 10:08:59,117.1100,1
2018-08-16 10:09:01,117.1100,1
2018-08-16 10:09:02,118.9800,20
2018-08-16 10:09:03,110.9100,20
2018-08-16 10:09:04,108.9100,1
2018-08-16 10:09:05,102.8700,1
2018-08-16 10:09:06,115.9400,20
2018-08-16 10:09:07,108.9100,3
2018-08-16 10:09:08,108.9100,3
2018-08-16 10:09:09,118.9800,20
2018-08-16 10:09:10,118.9800,19
2018-08-16 10:09:11,110.9100,1
2018-08-16 10:09:12,110.9100,1
2018-08-16 10:09:13,104.8700,1
2018-08-16 10:09:14,104.8700,1
2018-08-16 10:09:15,105.1200,1
2018-08-16 10:09:16,105.1200,1
2018-08-16 10:09:17,105.1200,1
2018-08-16 10:09:18,105.1200,3
2018-08-16 10:09:19,105.1200,3
2018-08-16 10:09:20,103.7800,1
2018-08-16 10:09:21,103.1900,1
2018-08-16 10:09:22,103.7800,17
2018-08-16 10:09:23,105.7800,1
2018-08-16 10:09:24,104.6100,1
2018-08-16 10:09:25,105.7800,15
2018-08-16 10:09:26,105.7800,15
2018-08-16 10:09:27,108.7800,1
2018-08-16 10:09:28,108.7800,1
2018-08-16 10:09:29,108.7800,19
2018-08-16 10:09:30,107.2800,1
2018-08-16 10:09:32,98.8300,1
2018-08-16 10:09:33,98.8300,1
2018-08-16 10:09:34,100.3300,20
2018-08-16 10:09:35,98.8300,7
2018-08-16 10:09:36,100.8300,1
2018-08-16 10:09:37,100.8300,1
2018-08-16 10:09:38,104.8700,1
2018-08-16 10:09:39,103.8300,1
2018-08-16 10:09:40,102.1100,1
2018-08-16 10:09:41,105.3500,1
2018-08-16 10:09:42,104.5400,1
2018-08-16 10:09:43,104.5400,19
2018-08-16 10:09:44,98.8200,3
2018-08-16 10:09:45,98.8200,3
2018-08-16 10:09:47,98.8200,3
2018-08-16 10:09:48,101.8200,19
2018-08-16 10:09:49,103.6800,1
2018-08-16 10:09:50,104.6800,1
2018-08-16 10:09:51,105.3000,1
2018-08-16 10:09:52,103.3000,1
2018-08-16 10:09:53,103.9700,1
2018-08-16 10:09:54,103.9700,1
2018-08-16 10:09:55,105.9700,20
2018-08-16 10:09:56,104.6300,1
2018-08-16 10:09:57,104.6300,15
2018-08-16 10:09:58,104.6300,4
2018-08-16 10:09:59,106.6300,1
2018-08-16 10:10:01,105.1300,1
2018-08-16 10:10:02,101.9700,1
2018-08-16 10:10:03,101.9700,1
2018-08-16 10:10:04,104.2900,1
2018-08-16 10:10:05,104.2900,1
2018-08-16 10:10:06,104.2900,1
2018-08-16 10:10:07,103.5600,1
2018-08-16 10:10:08,103.5600,1
2018-08-16 10:10:09,102.2700,1
2018-08-16 10:10:10,102.2700,11
2018-08-16 10:10:11,100.2500,1
2018-08-16 10:10:12,100.2500,1
2018-08-16 10:10:13,100.2500,1
2018-08-16 10:10:14,100.2500,1
2018-08-16 10:10:16,98.8200,1
2018-08-16 10:10:17,98.8200,19
2018-08-16 10:10:18,99.2600,20
2018-08-16 10:10:19,100.2600,1
2018-08-16 10:10:20,100.2600,1
2018-08-16 10:10:21,98.8200,1
2018-08-16 10:10:22,99.8200,1
2018-08-16 10:10:23,98.8100,13
2018-08-16 10:10:24,99.8100,1
2018-08-16 10:10:25,99.8200,1
2018-08-16 10:10:26,100.3100,1
2018-08-16 10:10:27,100.3100,1
2018-08-16 10:10:28,99.8100,17
2018-08-16 10:10:29,100.6900,16
2018-08-16 10:10:31,103.6000,1
2018-08-16 10:10:32,105.1200,20
2018-08-16 10:10:33,103.6900,1
2018-08-16 10:10:34,98.8100,1
2018-08-16 10:10:35,98.8100,17
2018-08-16 10:10:36,98.7900,3
2018-08-16 10:10:37,98.7900,1
2018-08-16 10:10:38,98.7900,18
2018-08-16 10:10:39,98.7900,18
2018-08-16 10:10:40,105.7800,1
2018-08-16 10:10:41,105.7800,1
2018-08-16 10:10:42,102.2800,7
2018-08-16 10:10:43,102.2800,7
2018-08-16 10:10:44,98.7800,1
2018-08-16 10:10:45,100.7800,1
2018-08-16 10:10:46,100.2800,20
2018-08-16 10:10:47,98.7700,1
2018-08-16 10:10:48,98.7800,8
2018-08-16 10:10:49,98.7800,10
2018-08-16 10:10:50,101.7800,1
2018-08-16 10:10:51,105.2200,8
2018-08-16 10:10:52,104.4100,8
2018-08-16 10:10:53,105.4100,12
2018-08-16 10:10:54,104.4100,1
2018-08-16 10:10:55,104.4100,6
2018-08-16 10:10:56,104.4100,6
2018-08-16 10:10:57,106.2200,1
2018-08-16 10:10:58,99.7400,1
2018-08-16 10:10:59,101.7600,1
2018-08-16 10:11:00,101.7600,1
2018-08-16 10:11:01,99.7600,1
2018-08-16 10:11:02,100.7600,1
2018-08-16 10:11:03,100.7100,19
2018-08-16 10:11:04,99.7600,19
2018-08-16 10:11:05,99.7600,19
2018-08-16 10:11:06,103.8000,1
2018-08-16 10:11:07,103.8000,1
2018-08-16 10:11:08,104.8000,1
2018-08-16 10:11:09,104.3400,1
2018-08-16 10:11:10,104.0700,1
2018-08-16 10:11:11,103.8000,1
2018-08-16 10:11:12,106.9400,8
2018-08-16 10:11:13,105.9400,20
2018-08-16 10:11:14,108.6200,1
2018-08-16 10:11:15,108.6200,19
2018-08-16 10:11:16,108.6200,1
2018-08-16 10:11:17,106.0600,1
2018-08-16 10:11:18,106.0600,1
2018-08-16 10:11:19,106.7800,1
2018-08-16 10:11:20,103.4500,20
2018-08-16 10:11:21,101.8600,4
2018-08-16 10:11:22,102.8600,1
2018-08-16 10:11:23,100.8600,1
2018-08-16 10:11:24,101.3600,19
2018-08-16 10:11:25,100.8600,1
2018-08-16 10:11:26,103.3600,14
2018-08-16 10:11:27,105.3600,1
2018-08-16 10:11:28,105.3600,1
2018-08-16 10:11:29,107.3900,1
2018-08-16 10:11:30,107.3900,1
2018-08-16 10:11:31,108.8900,12
2018-08-16 10:11:32,108.8900,1
2018-08-16 10:11:33,108.8900,19
2018-08-16 10:11:34,106.8900,1
2018-08-16 10:11:35,109.3900,10
2018-08-16 10:11:36,109.3900,10
2018-08-16 10:11:37,114.1200,1
2018-08-16 10:11:38,111.8400,19
2018-08-16 10:11:39,111.8400,19
2018-08-16 10:11:40,111.8400,19
2018-08-16 10:11:41,115.8300,20
2018-08-16 10:11:42,117.8300,1
2018-08-16 10:11:43,117.8300,1
2018-08-16 10:11:44,115.8300,1
2018-08-16 10:11:45,107.0500,1
2018-08-16 10:11:46,115.8300,1
2018-08-16 10:11:47,110.8400,20
2018-08-16 10:11:48,110.8400,20
2018-08-16 10:11:49,110.8400,1
2018-08-16 10:11:50,110.4100,20
2018-08-16 10:11:51,110.8400,18
2018-08-16 10:11:52,112.7300,1
2018-08-16 10:11:53,112.7300,1
2018-08-16 10:11:54,112.2100,1
2018-08-16 10:11:55,111.6800,1
2018-08-16 10:11:56,103.2400,1
2018-08-16 10:11:57,103.2400,1
2018-08-16 10:11:58,105.7200,1
2018-08-16 10:11:59,105.7200,1
2018-08-16 10:12:00,108.7200,1
2018-08-16 10:12:01,108.7200,1
2018-08-16 10:12:02,110.0400,20
2018-08-16 10:12:03,110.0400,20
2018-08-16 10:12:04,113.0400,20
2018-08-16 10:12:05,114.4400,1
2018-08-16 10:12:06,116.4400,1
2018-08-16 10:12:07,116.4400,1
2018-08-16 10:12:08,116.4400,19
2018-08-16 10:12:09,116.4400,1
2018-08-16 10:12:10,116.4400,1
2018-08-16 10:12:11,119.4400,1
2018-08-16 10:12:12,120.4400,1
2018-08-16 10:12:13,123.4400,20
2018-08-16 10:12:14,118.4400,1
2018-08-16 10:12:15,111.5200,1
2018-08-16 10:12:16,117.5200,1
2018-08-16 10:12:17,115.5200,1
2018-08-16 10:12:18,118.5200,1
2018-08-16 10:12:19,118.5200,1
2018-08-16 10:12:20,120.5200,1
2018-08-16 10:12:21,120.7300,1
2018-08-16 10:12:22,120.7300,1
2018-08-16 10:12:23,115.4000,16
2018-08-16 10:12:24,116.6800,1
2018-08-16 10:12:25,115.3600,16
2018-08-16 10:12:26,117.3300,20
2018-08-16 10:12:28,106.7300,1
2018-08-16 10:12:29,106.7300,1
2018-08-16 10:12:30,106.3300,1
2018-08-16 10:12:31,108.5300,19
2018-08-16 10:12:32,108.5300,19
2018-08-16 10:12:33,112.1400,1
2018-08-16 10:12:34,110.1400,20
2018-08-16 10:12:35,110.1400,20
2018-08-16 10:12:36,112.1400,20
2018-08-16 10:12:37,112.1400,20
2018-08-16 10:12:38,119.1400,1
2018-08-16 10:12:39,102.0600,20
2018-08-16 10:12:40,100.0600,1
2018-08-16 10:12:41,106.0600,1
2018-08-16 10:12:42,106.0600,1
2018-08-16 10:12:43,105.0600,1
2018-08-16 10:12:44,105.0600,1
2018-08-16 10:12:45,107.0600,1
2018-08-16 10:12:46,105.0600,1
2018-08-16 10:12:47,102.4800,1
2018-08-16 10:12:48,100.7600,1
2018-08-16 10:12:49,100.7600,1
2018-08-16 10:12:50,100.7600,1
2018-08-16 10:12:51,103.7600,1
2018-08-16 10:12:53,103.7600,20
2018-08-16 10:12:54,104.2300,1
2018-08-16 10:12:55,104.2300,1
2018-08-16 10:12:56,104.2300,1
2018-08-16 10:12:57,104.2300,1
2018-08-16 10:12:58,104.2300,1
2018-08-16 10:12:59,103.7300,20
2018-08-16 10:13:00,101.7300,1
2018-08-16 10:13:01,101.7300,1
2018-08-16 10:13:02,102.2300,1
2018-08-16 10:13:03,102.2300,1
2018-08-16 10:13:04,102.2300,1
2018-08-16 10:13:05,102.2300,16
2018-08-16 10:13:06,102.7300,19
2018-08-16 10:13:07,102.7300,20
2018-08-16 10:13:08,104.2500,1
2018-08-16 10:13:09,104.1900,1
2018-08-16 10:13:10,103.2200,20
2018-08-16 10:13:11,103.2200,20
2018-08-16 10:13:12,105.2200,1
2018-08-16 10:13:13,105.2200,1
2018-08-16 10:13:14,109.5200,20
2018-08-16 10:13:15,109.5200,20
2018-08-16 10:13:16,109.5200,20
2018-08-16 10:13:17,106.5900,1
2018-08-16 10:13:18,114.5900,1
2018-08-16 10:13:19,114.5900,10
2018-08-16 10:13:20,117.5900,14
2018-08-16 10:13:21,117.5900,14
2018-08-16 10:13:22,118.5900,1
2018-08-16 10:13:23,120.0900,1
2018-08-16 10:13:24,121.3400,9
2018-08-16 10:13:25,121.2200,1
2018-08-16 10:13:26,121.2200,1
2018-08-16 10:13:27,108.5200,1
2018-08-16 10:13:28,108.5200,1
2018-08-16 10:13:29,108.5200,1
2018-08-16 10:13:30,108.3000,1
2018-08-16 10:13:31,108.3000,1
2018-08-16 10:13:32,108.3000,1
2018-08-16 10:13:33,108.4100,1
2018-08-16 10:13:34,108.4100,1
2018-08-16 10:13:35,110.0100,1
2018-08-16 10:13:36,111.4100,1
2018-08-16 10:13:37,108.9100,1
2018-08-16 10:13:38,108.9100,1
2018-08-16 10:13:39,108.9500,20
2018-08-16 10:13:40,111.9500,1
2018-08-16 10:13:41,115.2000,1
2018-08-16 10:13:42,111.2000,1
2018-08-16 10:13:43,98.7600,1
2018-08-16 10:13:44,98.7500,1
2018-08-16 10:13:45,100.7600,16
2018-08-16 10:13:46,98.7500,20
2018-08-16 10:13:47,99.2500,1
2018-08-16 10:13:48,98.7500,2
2018-08-16 10:13:49,100.7500,1
2018-08-16 10:13:50,98.7500,20
2018-08-16 10:13:52,98.7500,1
2018-08-16 10:13:53,103.7500,19
2018-08-16 10:13:54,98.7500,18
2018-08-16 10:13:55,98.7500,1
2018-08-16 10:13:56,98.7500,1
2018-08-16 10:13:57,102.6300,1
2018-08-16 10:13:58,105.6300,1
2018-08-16 10:13:59,105.6300,1
2018-08-16 10:14:00,105.6300,1
2018-08-16 10:14:01,106.1500,19
2018-08-16 10:14:02,106.6300,1
2018-08-16 10:14:03,108.6300,1
2018-08-16 10:14:04,107.6300,1
2018-08-16 10:14:05,98.7400,20
2018-08-16 10:14:06,98.7400,20
2018-08-16 10:14:07,105.6900,1
2018-08-16 10:14:08,105.6900,1
2018-08-16 10:14:09,109.6900,1
2018-08-16 10:14:10,109.5000,20
2018-08-16 10:14:11,109.6900,20
2018-08-16 10:14:12,108.6900,1
2018-08-16 10:14:13,98.7400,20
2018-08-16 10:14:14,102.3400,1
2018-08-16 10:14:15,107.3400,1
2018-08-16 10:14:16,106.3400,20
2018-08-16 10:14:17,108.3400,1
2018-08-16 10:14:18,106.3400,1
2018-08-16 10:14:19,98.7400,4
2018-08-16 10:14:20,103.5300,1
2018-08-16 10:14:21,103.5300,1
2018-08-16 10:14:22,101.6800,1
2018-08-16 10:14:23,98.7400,1
2018-08-16 10:14:24,100.9900,20
2018-08-16 10:14:25,98.9900,1
2018-08-16 10:14:27,98.9900,1
2018-08-16 10:14:28,99.9200,1
2018-08-16 10:14:29,99.4200,1
2018-08-16 10:14:30,99.4200,1
2018-08-16 10:14:31,100.9700,1
2018-08-16 10:14:33,100.9700,1
2018-08-16 10:14:34,103.9700,1
2018-08-16 10:14:35,104.9700,1
2018-08-16 10:14:36,104.9700,1
2018-08-16 10:14:37,110.9700,19
2018-08-16 10:14:38,111.9700,1
2018-08-16 10:14:39,110.7000,1
2018-08-16 10:14:40,110.7000,1
2018-08-16 10:14:41,110.9300,20
2018-08-16 10:14:42,109.9300,1
2018-08-16 10:14:43,104.8500,18
2018-08-16 10:14:44,101.7900,14
2018-08-16 10:14:45,101.7900,14
2018-08-16 10:14:46,100.2200,1
2018-08-16 10:14:47,98.7300,13
2018-08-16 10:14:48,98.7300,13
2018-08-16 10:14:49,98.7300,20
2018-08-16 10:14:50,99.3100,14
2018-08-16 10:14:51,99.3100,14
2018-08-16 10:14:52,102.5000,12
2018-08-16 10:14:53,103.5000,20
2018-08-16 10:14:55,106.4000,16
2018-08-16 10:14:56,107.4000,1
2018-08-16 10:14:57,107.6700,1
2018-08-16 10:14:58,108.6700,1
2018-08-16 10:14:59,110.6700,1
2018-08-16 10:15:00,112.6700,1
2018-08-16 10:15:01,112.6700,9
2018-08-16 10:15:02,111.6700,6
2018-08-16 10:15:03,110.6700,1
2018-08-16 10:15:04,111.6700,1
2018-08-16 10:15:05,110.4200,1
2018-08-16 10:15:06,99.4300,1
2018-08-16 10:15:07,104.1300,1
2018-08-16 10:15:08,101.4300,1
2018-08-16 10:15:09,102.4300,1
2018-08-16 10:15:10,99.9300,1
2018-08-16 10:15:11,102.9300,1
2018-08-16 10:15:12,101.4300,1
2018-08-16 10:15:13,101.4300,1
2018-08-16 10:15:14,102.9700,1
2018-08-16 10:15:15,102.5300,1
2018-08-16 10:15:16,102.7500,18
2018-08-16 10:15:17,103.8500,9
2018-08-16 10:15:18,104.7100,1
2018-08-16 10:15:19,104.7100,1
2018-08-16 10:15:20,103.6200,19
2018-08-16 10:15:21,104.5400,1
2018-08-16 10:15:22,103.2800,15
2018-08-16 10:15:23,103.2800,1
2018-08-16 10:15:24,100.2100,8
2018-08-16 10:15:25,100.2100,8
2018-08-16 10:15:26,98.7200,1
2018-08-16 10:15:27,101.7200,1
2018-08-16 10:15:28,101.7200,1
2018-08-16 10:15:29,101.7200,1
2018-08-16 10:15:30,107.7200,20
2018-08-16 10:15:32,107.7200,20
2018-08-16 10:15:33,111.7200,1
2018-08-16 10:15:34,110.7200,1
2018-08-16 10:15:35,112.7200,1
2018-08-16 10:15:36,111.7200,1
2018-08-16 10:15:37,108.7200,1
2018-08-16 10:15:38,104.7200,20
2018-08-16 10:15:39,104.7200,1
2018-08-16 10:15:40,104.7200,1
2018-08-16 10:15:41,98.7200,1
2018-08-16 10:15:42,98.7200,1
2018-08-16 10:15:43,98.7200,1
2018-08-16 10:15:44,98.6100,1
2018-08-16 10:15:45,98.6100,18
2018-08-16 10:15:46,98.5900,2
2018-08-16 10:15:47,101.5900,1
2018-08-16 10:15:48,101.5900,1
2018-08-16 10:15:49,102.5900,20
2018-08-16 10:15:50,106.5900,1
2018-08-16 10:15:51,98.5000,10
2018-08-16 10:15:52,101.5000,1
2018-08-16 10:15:53,101.5000,1
2018-08-16 10:15:54,101.5000,1
2018-08-16 10:15:55,103.3200,10
2018-08-16 10:15:56,101.5000,8
2018-08-16 10:15:57,99.0000,1
2018-08-16 10:15:58,99.0000,1
2018-08-16 10:15:59,101.2500,1
2018-08-16 10:16:00,102.2500,1
2018-08-16 10:16:01,98.6600,1
2018-08-16 10:16:02,98.6600,1
2018-08-16 10:16:03,98.6600,1
2018-08-16 10:16:04,100.4500,1
2018-08-16 10:16:05,100.0600,20
2018-08-16 10:16:06,100.4500,1
2018-08-16 10:16:07,100.4500,17
2018-08-16 10:16:08,105.4500,1
2018-08-16 10:16:09,105.4500,1
2018-08-16 10:16:10,105.4500,1
2018-08-16 10:16:11,105.4500,1
2018-08-16 10:16:12,98.5000,20
2018-08-16 10:16:13,98.5000,1
2018-08-16 10:16:14,98.5000,1
2018-08-16 10:16:15,100.5000,1
2018-08-16 10:16:16,103.5000,1
2018-08-16 10:16:17,106.5000,1
2018-08-16 10:16:18,103.5000,1
2018-08-16 10:16:19,103.5000,1
2018-08-16 10:16:20,103.5000,1
2018-08-16 10:16:21,100.0000,1
2018-08-16 10:16:22,100.0000,1
2018-08-16 10:16:23,102.0000,1
2018-08-16 10:16:24,100.0000,1
2018-08-16 10:16:25,102.0000,1
2018-08-16 10:16:26,104.0000,20
2018-08-16 10:16:27,104.0000,20
2018-08-16 10:16:28,101.7300,1
2018-08-16 10:16:29,103.0000,1
2018-08-16 10:16:31,103.0000,20
2018-08-16 10:16:32,102.5000,18
2018-08-16 10:16:33,99.5000,4
2018-08-16 10:16:34,102.0000,1
2018-08-16 10:16:35,100.0000,19
2018-08-16 10:16:36,98.4900,1
2018-08-16 10:16:37,100.4900,1
2018-08-16 10:16:38,101.4900,1
2018-08-16 10:16:39,105.4900,20
2018-08-16 10:16:40,107.4900,20
2018-08-16 10:16:41,105.4900,1
2018-08-16 10:16:42,105.4900,1
2018-08-16 10:16:43,107.4900,1
2018-08-16 10:16:44,110.3800,20
2018-08-16 10:16:45,115.3800,1
2018-08-16 10:16:46,116.3800,1
2018-08-16 10:16:47,118.3800,20
2018-08-16 10:16:48,118.3800,20
2018-08-16 10:16:49,118.3800,1
2018-08-16 10:16:50,119.3800,1
2018-08-16 10:16:51,119.8800,1
2018-08-16 10:16:52,119.8800,1
2018-08-16 10:16:53,118.8800,1
2018-08-16 10:16:54,118.8800,1
2018-08-16 10:16:55,118.8800,1
2018-08-16 10:16:56,114.1600,16
2018-08-16 10:16:57,117.7000,1
2018-08-16 10:16:58,118.3800,1
2018-08-16 10:16:59,117.7100,1
2018-08-16 10:17:00,117.7100,1
2018-08-16 10:17:01,121.4100,1
2018-08-16 10:17:02,122.2800,2
2018-08-16 10:17:03,124.5500,1
2018-08-16 10:17:04,127.5500,1
2018-08-16 10:17:05,98.4900,1
2018-08-16 10:17:06,98.4900,1
2018-08-16 10:17:07,100.4900,1
2018-08-16 10:17:08,100.4900,20
2018-08-16 10:17:09,100.4900,17
2018-08-16 10:17:10,101.4900,16
2018-08-16 10:17:11,102.9700,15
2018-08-16 10:17:12,102.9700,15
2018-08-16 10:17:13,105.7000,1
2018-08-16 10:17:14,104.7000,1
2018-08-16 10:17:15,103.7000,1
2018-08-16 10:17:16,104.7000,19
2018-08-16 10:17:17,106.1500,20
2018-08-16 10:17:18,106.1500,20
2018-08-16 10:17:19,105.1500,20
2018-08-16 10:17:20,108.0400,1
2018-08-16 10:17:21,104.9300,19
2018-08-16 10:17:22,98.4900,20
2018-08-16 10:17:23,102.9300,1
2018-08-16 10:17:24,102.7100,1
2018-08-16 10:17:25,102.7100,1
2018-08-16 10:17:26,101.7100,19
2018-08-16 10:17:27,105.5200,20
2018-08-16 10:17:28,105.5200,20
2018-08-16 10:17:29,105.5200,20
2018-08-16 10:17:30,104.8600,1
2018-08-16 10:17:31,104.8600,1
2018-08-16 10:17:32,107.1900,3
2018-08-16 10:17:33,107.2400,1
2018-08-16 10:17:34,107.2400,1
2018-08-16 10:17:35,109.3800,1
2018-08-16 10:17:36,108.3100,19
2018-08-16 10:17:37,108.3100,19
2018-08-16 10:17:38,108.3100,19
2018-08-16 10:17:39,109.3100,1
2018-08-16 10:17:40,111.7800,1
2018-08-16 10:17:41,111.9700,1
2018-08-16 10:17:42,111.9700,1
2018-08-16 10:17:43,116.8800,20
2018-08-16 10:17:44,117.3300,1
2018-08-16 10:17:45,119.3300,1
2018-08-16 10:17:46,118.8800,6
2018-08-16 10:17:47,119.1000,20
2018-08-16 10:17:48,121.9900,1
2018-08-16 10:17:49,124.6300,20
2018-08-16 10:17:50,110.8500,1
2018-08-16 10:17:51,119.0300,1
2018-08-16 10:17:52,117.1500,1
2018-08-16 10:17:53,117.1500,1
2018-08-16 10:17:54,118.9600,1
2018-08-16 10:17:55,118.9600,20
2018-08-16 10:17:56,118.9600,1
2018-08-16 10:17:57,118.9600,1
2018-08-16 10:17:58,118.0600,1
2018-08-16 10:17:59,118.0600,1
2018-08-16 10:18:00,118.2800,20
2018-08-16 10:18:01,107.3500,1
2018-08-16 10:18:02,107.3500,1
2018-08-16 10:18:04,99.4900,20
2018-08-16 10:18:05,103.4900,1
2018-08-16 10:18:06,98.4900,7
2018-08-16 10:18:07,101.9800,1
2018-08-16 10:18:08,103.4900,1
2018-08-16 10:18:09,102.7100,1
2018-08-16 10:18:10,103.4900,1
2018-08-16 10:18:11,103.4900,9
2018-08-16 10:18:12,105.0700,1
2018-08-16 10:18:13,105.9900,20
2018-08-16 10:18:15,105.4800,1
2018-08-16 10:18:16,106.4800,1
2018-08-16 10:18:17,105.6900,20
2018-08-16 10:18:18,106.4800,1
2018-08-16 10:18:19,98.4800,1
2018-08-16 10:18:20,99.4800,1
2018-08-16 10:18:21,103.4800,1
2018-08-16 10:18:22,103.4800,1
2018-08-16 10:18:23,102.4800,1
2018-08-16 10:18:24,107.4800,1
2018-08-16 10:18:25,108.4800,1
2018-08-16 10:18:26,109.1600,1
2018-08-16 10:18:27,109.1600,1
2018-08-16 10:18:28,109.4800,1
2018-08-16 10:18:30,111.8200,18
2018-08-16 10:18:31,110.8200,20
2018-08-16 10:18:32,112.4900,3
2018-08-16 10:18:33,112.4900,3
2018-08-16 10:18:34,113.4900,18
2018-08-16 10:18:35,116.4900,2
2018-08-16 10:18:36,106.8400,1
2018-08-16 10:18:37,116.4900,1
2018-08-16 10:18:38,118.4900,1
2018-08-16 10:18:39,120.4900,19
2018-08-16 10:18:40,120.4900,1
2018-08-16 10:18:41,118.4900,14
2018-08-16 10:18:42,118.2800,4
2018-08-16 10:18:43,120.4900,1
2018-08-16 10:18:44,125.4400,1
2018-08-16 10:18:45,126.4400,19
2018-08-16 10:18:46,126.4700,20
2018-08-16 10:18:47,126.4400,1
2018-08-16 10:18:48,98.4800,1
2018-08-16 10:18:49,98.4800,1
2018-08-16 10:18:50,103.1300,1
2018-08-16 10:18:51,107.8600,20
2018-08-16 10:18:52,105.8600,1
2018-08-16 10:18:53,105.8600,1
2018-08-16 10:18:54,110.7100,20
2018-08-16 10:18:55,109.4100,1
2018-08-16 10:18:56,99.1400,19
2018-08-16 10:18:57,98.4800,1
2018-08-16 10:18:58,100.4700,1
2018-08-16 10:18:59,100.4700,1
2018-08-16 10:19:00,102.9400,1
2018-08-16 10:19:01,105.9400,1
2018-08-16 10:19:02,105.9400,1
2018-08-16 10:19:03,105.9400,1
2018-08-16 10:19:04,105.9400,1
2018-08-16 10:19:05,110.5700,1
2018-08-16 10:19:06,110.5700,1
2018-08-16 10:19:07,110.0700,1
2018-08-16 10:19:08,111.0700,1
2018-08-16 10:19:09,111.0700,1
2018-08-16 10:19:10,113.0700,20
2018-08-16 10:19:11,115.0700,1
2018-08-16 10:19:12,113.7600,2
2018-08-16 10:19:13,113.7600,2
2018-08-16 10:19:14,113.5500,1
2018-08-16 10:19:15,113.5500,1
2018-08-16 10:19:16,115.5500,1
2018-08-16 10:19:17,115.6600,1
2018-08-16 10:19:18,115.6600,1
2018-08-16 10:19:19,105.5200,1
2018-08-16 10:19:20,108.8500,2
2018-08-16 10:19:22,108.8500,12
2018-08-16 10:19:23,98.9100,20
2018-08-16 10:19:24,102.9100,20
2018-08-16 10:19:25,100.9100,1
2018-08-16 10:19:26,98.4700,1
2018-08-16 10:19:27,102.3900,1
2018-08-16 10:19:28,98.7000,1
2018-08-16 10:19:29,98.5900,20
2018-08-16 10:19:30,99.5900,1
2018-08-16 10:19:31,98.4700,14
2018-08-16 10:19:32,103.4700,1
2018-08-16 10:19:33,102.4700,1
2018-08-16 10:19:34,100.4700,20
2018-08-16 10:19:35,100.4700,20
2018-08-16 10:19:36,100.4700,20
2018-08-16 10:19:37,100.4700,20
2018-08-16 10:19:38,106.4700,20
2018-08-16 10:19:39,107.4700,1
2018-08-16 10:19:40,107.4700,18
2018-08-16 10:19:41,112.4700,1
2018-08-16 10:19:42,109.4700,1
2018-08-16 10:19:43,112.4700,1
2018-08-16 10:19:44,108.5500,1
2018-08-16 10:19:45,109.5500,1
2018-08-16 10:19:46,109.5500,19
2018-08-16 10:19:47,113.1900,1
2018-08-16 10:19:48,113.1900,1
2018-08-16 10:19:49,113.1900,1
2018-08-16 10:19:50,98.4700,4
2018-08-16 10:19:51,98.4600,9
2018-08-16 10:19:52,102.4600,1
2018-08-16 10:19:53,102.4600,1
2018-08-16 10:19:54,102.4600,1
2018-08-16 10:19:55,106.4600,1
2018-08-16 10:19:56,106.4600,1
2018-08-16 10:19:57,107.9600,1
2018-08-16 10:19:58,106.7100,1
2018-08-16 10:19:59,108.7100,20
2018-08-16 10:20:00,110.7100,1
2018-08-16 10:20:01,112.7100,1
2018-08-16 10:20:02,114.7100,1
2018-08-16 10:20:03,114.7100,1
2018-08-16 10:20:04,111.6600,1
2018-08-16 10:20:05,108.7100,19
2018-08-16 10:20:06,107.7500,20
2018-08-16 10:20:07,111.6600,20
2018-08-16 10:20:08,109.3300,1
2018-08-16 10:20:09,109.3300,19
2018-08-16 10:20:10,110.3300,1
2018-08-16 10:20:11,110.3300,1
2018-08-16 10:20:12,109.4900,1
2018-08-16 10:20:13,109.4900,1
2018-08-16 10:20:14,109.2600,15
2018-08-16 10:20:15,109.6600,1
2018-08-16 10:20:16,109.2600,1
2018-08-16 10:20:17,109.4300,20
2018-08-16 10:20:19,109.5100,1
2018-08-16 10:20:20,109.5900,1
2018-08-16 10:20:21,112.5900,1
2018-08-16 10:20:22,114.3100,1
2018-08-16 10:20:23,114.3100,1
2018-08-16 10:20:24,116.3100,1
2018-08-16 10:20:25,119.8100,1
2018-08-16 10:20:26,118.8100,7
2018-08-16 10:20:27,122.8100,7
2018-08-16 10:20:28,122.8100,7
2018-08-16 10:20:29,129.3200,20
2018-08-16 10:20:30,128.8400,1
2018-08-16 10:20:31,127.8400,20
2018-08-16 10:20:32,127.8400,20
2018-08-16 10:20:33,125.8100,1
2018-08-16 10:20:34,108.7200,20
2018-08-16 10:20:35,113.1300,20
2018-08-16 10:20:36,113.1300,20
2018-08-16 10:20:37,115.4300,1
2018-08-16 10:20:38,115.4300,1
2018-08-16 10:20:39,115.4300,1
2018-08-16 10:20:41,113.8300,19
2018-08-16 10:20:42,113.7400,1
2018-08-16 10:20:43,118.6900,20
2018-08-16 10:20:44,116.6900,1
2018-08-16 10:20:45,115.6900,19
2018-08-16 10:20:46,116.1900,1
2018-08-16 10:20:47,117.6900,1
2018-08-16 10:20:48,108.0700,1
2018-08-16 10:20:49,112.8800,1
2018-08-16 10:20:50,112.8800,1
2018-08-16 10:20:51,116.2800,9
2018-08-16 10:20:52,114.9300,1
2018-08-16 10:20:53,114.9300,11
2018-08-16 10:20:54,106.3700,20
2018-08-16 10:20:55,106.3700,20
2018-08-16 10:20:56,108.3700,1
2018-08-16 10:20:57,109.3700,20
2018-08-16 10:20:58,109.1700,1
2018-08-16 10:20:59,109.1700,1
2018-08-16 10:21:00,108.6700,20
2018-08-16 10:21:01,108.6700,20
2018-08-16 10:21:02,108.9200,1
2018-08-16 10:21:03,108.9200,1
2018-08-16 10:21:04,106.9400,20
2018-08-16 10:21:05,98.4600,1
2018-08-16 10:21:06,98.4600,3
2018-08-16 10:21:07,98.1300,1
2018-08-16 10:21:08,99.1300,1
2018-08-16 10:21:09,100.1300,20
2018-08-16 10:21:10,101.1300,1
2018-08-16 10:21:11,99.1300,1
2018-08-16 10:21:12,98.1300,3
2018-08-16 10:21:13,98.6300,1
2018-08-16 10:21:14,99.1300,20
2018-08-16 10:21:15,100.1300,1
2018-08-16 10:21:16,99.1300,1
2018-08-16 10:21:17,98.1200,1
2018-08-16 10:21:18,98.1200,1
2018-08-16 10:21:19,101.5200,1
2018-08-16 10:21:20,101.5200,20
2018-08-16 10:21:21,98.1200,3
2018-08-16 10:21:22,97.8400,1
2018-08-16 10:21:23,97.8400,1
2018-08-16 10:21:24,99.3200,1
2018-08-16 10:21:25,98.9700,1
2018-08-16 10:21:26,98.9700,13
2018-08-16 10:21:27,97.8200,1
2018-08-16 10:21:28,97.9700,16
2018-08-16 10:21:29,100.8900,1
2018-08-16 10:21:30,100.8900,1
2018-08-16 10:21:31,97.7400,11
2018-08-16 10:21:32,98.8900,17
2018-08-16 10:21:33,98.8900,1
2018-08-16 10:21:34,98.8900,11
2018-08-16 10:21:35,100.8900,15
2018-08-16 10:21:36,102.8900,1
2018-08-16 10:21:37,101.8900,19
2018-08-16 10:21:38,101.8900,5
2018-08-16 10:21:39,101.8900,5
2018-08-16 10:21:40,104.3900,1
2018-08-16 10:21:41,103.2700,16
2018-08-16 10:21:42,101.2200,1
2018-08-16 10:21:43,102.5900,1
2018-08-16 10:21:44,102.7800,1
2018-08-16 10:21:45,102.7800,20
2018-08-16 10:21:46,102.7800,20
2018-08-16 10:21:47,106.7800,20
2018-08-16 10:21:48,108.7800,20
2018-08-16 10:21:49,108.7800,20
2018-08-16 10:21:50,108.7800,20
2018-08-16 10:21:51,112.7800,1
2018-08-16 10:21:52,99.7400,20
2018-08-16 10:21:53,97.7400,1
2018-08-16 10:21:54,103.0000,1
2018-08-16 10:21:56,103.3100,1
2018-08-16 10:21:57,102.5300,20
2018-08-16 10:21:58,101.3100,19
2018-08-16 10:21:59,102.3100,1
2018-08-16 10:22:00,103.4700,1
2018-08-16 10:22:01,104.0900,1
2018-08-16 10:22:02,104.0900,1
2018-08-16 10:22:03,107.5900,1
2018-08-16 10:22:04,107.5900,16
2018-08-16 10:22:05,107.5900,1
2018-08-16 10:22:06,97.7400,1
2018-08-16 10:22:07,97.7400,10
2018-08-16 10:22:08,100.7400,1
2018-08-16 10:22:09,98.7400,1
2018-08-16 10:22:10,100.7400,1
2018-08-16 10:22:11,103.7400,17
2018-08-16 10:22:12,103.7400,17
2018-08-16 10:22:13,107.3200,1
2018-08-16 10:22:15,107.3200,1
2018-08-16 10:22:16,109.2200,19
2018-08-16 10:22:17,109.2200,19
2018-08-16 10:22:18,108.2200,19
2018-08-16 10:22:19,111.2200,1
2018-08-16 10:22:20,112.7200,1
2018-08-16 10:22:21,112.0200,1
2018-08-16 10:22:22,116.0500,19
2018-08-16 10:22:23,114.2100,1
2018-08-16 10:22:24,114.2100,1
2018-08-16 10:22:25,114.6900,1
2018-08-16 10:22:26,115.6900,20
2018-08-16 10:22:27,115.6900,20
2018-08-16 10:22:28,116.0500,1
2018-08-16 10:22:29,119.0500,20
2018-08-16 10:22:30,119.0500,20
2018-08-16 10:22:31,120.0500,19
2018-08-16 10:22:32,121.0500,1
2018-08-16 10:22:33,124.0500,1
2018-08-16 10:22:34,124.0500,1
2018-08-16 10:22:35,124.5500,1
2018-08-16 10:22:36,124.5500,1
2018-08-16 10:22:37,126.5500,4
2018-08-16 10:22:38,129.5500,1
2018-08-16 10:22:39,127.5500,1
2018-08-16 10:22:41,119.0900,20
2018-08-16 10:22:42,119.0900,20
2018-08-16 10:22:43,107.4100,1
2018-08-16 10:22:44,107.4100,1
2018-08-16 10:22:45,109.4100,17
2018-08-16 10:22:46,105.9100,1
2018-08-16 10:22:47,107.9100,1
2018-08-16 10:22:48,107.9100,15
2018-08-16 10:22:49,104.0900,1
2018-08-16 10:22:50,99.7400,1
2018-08-16 10:22:51,97.7200,4
2018-08-16 10:22:52,97.7200,5
2018-08-16 10:22:53,97.7200,19
2018-08-16 10:22:54,97.9700,1
2018-08-16 10:22:55,98.2300,19
2018-08-16 10:22:56,98.2300,19
2018-08-16 10:22:57,98.2300,19
2018-08-16 10:22:58,101.1600,6
2018-08-16 10:22:59,101.1600,1
2018-08-16 10:23:00,98.1600,18
2018-08-16 10:23:01,98.9400,4
2018-08-16 10:23:02,98.9400,4
2018-08-16 10:23:03,100.6300,3
2018-08-16 10:23:04,100.6300,3
2018-08-16 10:23:05,97.7200,1
2018-08-16 10:23:06,97.7900,18
2018-08-16 10:23:08,97.7900,18
2018-08-16 10:23:09,98.7900,1
2018-08-16 10:23:10,97.7500,1
2018-08-16 10:23:11,97.7500,20
2018-08-16 10:23:12,99.7500,1
2018-08-16 10:23:13,99.7500,1
2018-08-16 10:23:14,100.7500,1
2018-08-16 10:23:15,99.7500,1
2018-08-16 10:23:16,99.7500,1
2018-08-16 10:23:17,97.7200,1
2018-08-16 10:23:18,97.7300,1
2018-08-16 10:23:19,97.7200,17
2018-08-16 10:23:20,97.7300,1
2018-08-16 10:23:21,97.7300,18
2018-08-16 10:23:22,101.7200,1
2018-08-16 10:23:23,102.7200,20
2018-08-16 10:23:24,102.7200,20
2018-08-16 10:23:25,102.7200,1
2018-08-16 10:23:26,101.7200,1
2018-08-16 10:23:27,100.7100,1
2018-08-16 10:23:28,103.7100,1
2018-08-16 10:23:29,102.7100,1
2018-08-16 10:23:30,104.4300,1
2018-08-16 10:23:31,106.5700,5
2018-08-16 10:23:32,106.5700,5
2018-08-16 10:23:34,110.1000,19
2018-08-16 10:23:35,110.6900,1
2018-08-16 10:23:36,111.0600,1
2018-08-16 10:23:37,112.1800,1
2018-08-16 10:23:38,112.1800,1
2018-08-16 10:23:39,112.1800,20
2018-08-16 10:23:40,112.1800,1
2018-08-16 10:23:41,112.1800,1
2018-08-16 10:23:42,112.1800,1
2018-08-16 10:23:43,107.9400,19
2018-08-16 10:23:44,107.9400,19
2018-08-16 10:23:45,107.9400,19
2018-08-16 10:23:46,114.3500,1
2018-08-16 10:23:47,116.9700,1
2018-08-16 10:23:48,116.9700,1
2018-08-16 10:23:49,103.3400,1
2018-08-16 10:23:50,103.3000,1
2018-08-16 10:23:51,100.2500,19
2018-08-16 10:23:52,100.9900,1
2018-08-16 10:23:53,100.9900,1
2018-08-16 10:23:54,100.9900,1
2018-08-16 10:23:55,100.9900,1
2018-08-16 10:23:56,100.3500,1
2018-08-16 10:23:57,103.1300,1
2018-08-16 10:23:58,103.1300,1
2018-08-16 10:23:59,107.1300,1
2018-08-16 10:24:00,104.1300,1
2018-08-16 10:24:01,105.1300,1
2018-08-16 10:24:02,103.5300,5
2018-08-16 10:24:03,103.5300,5
2018-08-16 10:24:04,103.5300,14
2018-08-16 10:24:05,105.3500,1
2018-08-16 10:24:06,107.3500,1
2018-08-16 10:24:07,107.3500,1
2018-08-16 10:24:08,109.6900,20
2018-08-16 10:24:09,109.6900,20
2018-08-16 10:24:10,112.6500,1
2018-08-16 10:24:11,97.7100,20
2018-08-16 10:24:12,97.7100,1
2018-08-16 10:24:13,97.7100,1
2018-08-16 10:24:14,98.0800,10
2018-08-16 10:24:15,97.6300,2
2018-08-16 10:24:16,97.6300,2
2018-08-16 10:24:17,101.0200,1
2018-08-16 10:24:18,99.7900,1
2018-08-16 10:24:19,101.4100,1
2018-08-16 10:24:20,104.4100,1
2018-08-16 10:24:21,102.4100,1
2018-08-16 10:24:22,103.4100,1
2018-08-16 10:24:23,103.4100,1
2018-08-16 10:24:24,103.4100,1
2018-08-16 10:24:25,102.4200,1
2018-08-16 10:24:26,99.1400,18
2018-08-16 10:24:27,101.3800,1
2018-08-16 10:24:28,101.3800,1
2018-08-16 10:24:29,102.9300,1
2018-08-16 10:24:30,102.4300,3
2018-08-16 10:24:31,102.7800,1
2018-08-16 10:24:32,104.1500,1
2018-08-16 10:24:33,102.4500,1
2018-08-16 10:24:34,102.4500,20
2018-08-16 10:24:35,102.4500,20
2018-08-16 10:24:36,102.1300,1
2018-08-16 10:24:37,102.0300,1
2018-08-16 10:24:38,102.0300,1
2018-08-16 10:24:39,104.0300,12
2018-08-16 10:24:40,97.6200,1
2018-08-16 10:24:41,97.6200,1
2018-08-16 10:24:42,97.6200,1
2018-08-16 10:24:43,97.5300,1
2018-08-16 10:24:44,97.5200,1
2018-08-16 10:24:45,97.5200,9
2018-08-16 10:24:46,97.5200,1
2018-08-16 10:24:47,97.5200,2
2018-08-16 10:24:48,97.5300,1
2018-08-16 10:24:49,97.5000,1
2018-08-16 10:24:50,97.3900,1
2018-08-16 10:24:51,97.3900,1
2018-08-16 10:24:52,102.1400,1
2018-08-16 10:24:54,99.3900,20
2018-08-16 10:24:55,99.3900,20
2018-08-16 10:24:56,99.3900,20
2018-08-16 10:24:57,99.3900,1
2018-08-16 10:24:58,99.3900,1
2018-08-16 10:24:59,98.3900,1
2018-08-16 10:25:00,98.3900,1
2018-08-16 10:25:01,98.3900,1
2018-08-16 10:25:02,98.3900,1
2018-08-16 10:25:03,98.3900,1
2018-08-16 10:25:04,103.3900,1
2018-08-16 10:25:05,102.3900,1
2018-08-16 10:25:06,101.3900,19
2018-08-16 10:25:07,99.3900,1
2018-08-16 10:25:09,103.3900,1
2018-08-16 10:25:10,103.3900,1
2018-08-16 10:25:11,106.3900,1
2018-08-16 10:25:12,109.3900,1
2018-08-16 10:25:13,108.3900,1
2018-08-16 10:25:14,107.3900,1
2018-08-16 10:25:15,108.8900,1
2018-08-16 10:25:16,110.8900,1
2018-08-16 10:25:17,108.8900,1
2018-08-16 10:25:18,108.8900,15
2018-08-16 10:25:19,108.8900,20
2018-08-16 10:25:20,107.8800,20
2018-08-16 10:25:21,107.8900,1
2018-08-16 10:25:22,97.4000,1
2018-08-16 10:25:24,98.4000,1
2018-08-16 10:25:25,97.9100,1
2018-08-16 10:25:26,97.4000,1
2018-08-16 10:25:27,102.4000,1
2018-08-16 10:25:28,100.4000,18
2018-08-16 10:25:29,100.4000,1
2018-08-16 10:25:30,102.4000,1
2018-08-16 10:25:31,101.3500,1
2018-08-16 10:25:32,101.2000,1
2018-08-16 10:25:33,103.2800,1
2018-08-16 10:25:34,103.2800,1
2018-08-16 10:25:35,104.7100,20
2018-08-16 10:25:36,108.4600,1
2018-08-16 10:25:37,108.4600,1
2018-08-16 10:25:38,108.4600,20
2018-08-16 10:25:39,108.4600,20
2018-08-16 10:25:40,108.4600,1
2018-08-16 10:25:41,111.4600,1
2018-08-16 10:25:42,111.3200,1
2018-08-16 10:25:43,111.3200,1
2018-08-16 10:25:44,109.3900,1
2018-08-16 10:25:45,109.3900,1
2018-08-16 10:25:46,107.8900,9
2018-08-16 10:25:47,107.8900,1
2018-08-16 10:25:48,107.5200,20
2018-08-16 10:25:49,105.5200,1
2018-08-16 10:25:50,101.4500,20
2018-08-16 10:25:51,103.3300,1
2018-08-16 10:25:52,103.3300,1
2018-08-16 10:25:53,103.4400,1
2018-08-16 10:25:54,103.4400,1
2018-08-16 10:25:55,103.0300,1
2018-08-16 10:25:56,106.0200,1
2018-08-16 10:25:57,107.0200,1
2018-08-16 10:25:58,107.0200,1
2018-08-16 10:25:59,107.0200,17
2018-08-16 10:26:00,107.0200,17
2018-08-16 10:26:01,113.7000,8
2018-08-16 10:26:02,113.7000,8
2018-08-16 10:26:03,116.7000,20
2018-08-16 10:26:04,117.0100,19
2018-08-16 10:26:06,121.8300,1
2018-08-16 10:26:07,110.1100,1
2018-08-16 10:26:08,110.1100,1
2018-08-16 10:26:09,109.9100,1
2018-08-16 10:26:10,109.9100,1
2018-08-16 10:26:11,109.7300,1
2018-08-16 10:26:12,111.7300,20
2018-08-16 10:26:13,111.7300,20
2018-08-16 10:26:14,113.0600,1
2018-08-16 10:26:15,113.0600,1
2018-08-16 10:26:16,113.0600,1
2018-08-16 10:26:17,108.9100,1
2018-08-16 10:26:18,108.9100,1
2018-08-16 10:26:19,108.9100,1
2018-08-16 10:26:20,108.9100,1
2018-08-16 10:26:21,108.9600,1
2018-08-16 10:26:22,108.9100,1
2018-08-16 10:26:23,108.9600,1
2018-08-16 10:26:25,108.9600,1
2018-08-16 10:26:26,108.9600,1
2018-08-16 10:26:27,108.9800,3
2018-08-16 10:26:28,108.9600,7
2018-08-16 10:26:29,112.9700,1
2018-08-16 10:26:30,112.9700,1
2018-08-16 10:26:31,115.2000,1
2018-08-16 10:26:32,112.9700,1
2018-08-16 10:26:33,112.9700,1
2018-08-16 10:26:34,108.9700,1
2018-08-16 10:26:35,108.9700,1
2018-08-16 10:26:36,114.3100,1
2018-08-16 10:26:37,114.3100,1
2018-08-16 10:26:38,113.3100,1
2018-08-16 10:26:39,114.3100,19
2018-08-16 10:26:40,113.3100,1
2018-08-16 10:26:41,113.3100,1
2018-08-16 10:26:42,116.6100,4
2018-08-16 10:26:43,120.8800,1
2018-08-16 10:26:44,122.8800,1
2018-08-16 10:26:45,122.8800,1
2018-08-16 10:26:46,124.8800,1
2018-08-16 10:26:47,125.8800,1
2018-08-16 10:26:48,123.8800,1
2018-08-16 10:26:49,123.3800,19
2018-08-16 10:26:50,121.3800,1
2018-08-16 10:26:51,122.3800,1
2018-08-16 10:26:52,120.8800,1
2018-08-16 10:26:53,123.3800,1
2018-08-16 10:26:54,126.3800,1
2018-08-16 10:26:55,128.3800,1
2018-08-16 10:26:56,128.3800,1
2018-08-16 10:26:57,126.3800,19
2018-08-16 10:26:58,132.3800,1
2018-08-16 10:26:59,132.3800,20
2018-08-16 10:27:00,132.3800,1
2018-08-16 10:27:01,113.8800,1
2018-08-16 10:27:02,113.8800,20
2018-08-16 10:27:03,117.8800,1
2018-08-16 10:27:04,121.8800,1
2018-08-16 10:27:05,121.8800,1
2018-08-16 10:27:06,122.8800,19
2018-08-16 10:27:07,118.8800,1
2018-08-16 10:27:08,119.8800,1
2018-08-16 10:27:09,116.8800,19
2018-08-16 10:27:11,119.8800,1
2018-08-16 10:27:12,116.8800,1
2018-08-16 10:27:13,115.6400,1
2018-08-16 10:27:14,106.1300,1
2018-08-16 10:27:15,110.0000,1
2018-08-16 10:27:16,106.1300,1
2018-08-16 10:27:17,97.3900,1
2018-08-16 10:27:18,103.6400,16
2018-08-16 10:27:19,103.6400,1
2018-08-16 10:27:20,106.6400,10
2018-08-16 10:27:21,107.6700,1
2018-08-16 10:27:23,107.6700,1
2018-08-16 10:27:24,112.1100,1
2018-08-16 10:27:25,110.7600,1
2018-08-16 10:27:26,110.7600,1
2018-08-16 10:27:27,111.8200,1
2018-08-16 10:27:28,111.8800,1
2018-08-16 10:27:29,113.6700,1
2018-08-16 10:27:30,115.5800,1
2018-08-16 10:27:31,115.5800,2
2018-08-16 10:27:32,119.0800,1
2018-08-16 10:27:33,109.7300,1
2018-08-16 10:27:34,109.7300,1
2018-08-16 10:27:35,118.5600,19
2018-08-16 10:27:36,120.3200,1
2018-08-16 10:27:37,121.3200,1
2018-08-16 10:27:38,122.3200,1
2018-08-16 10:27:39,119.3200,1
2018-08-16 10:27:40,101.3300,20
2018-08-16 10:27:41,101.8700,1
2018-08-16 10:27:42,101.8700,1
2018-08-16 10:27:43,101.0900,1
2018-08-16 10:27:44,99.6300,1
2018-08-16 10:27:45,99.6300,6
2018-08-16 10:27:46,99.6300,6
2018-08-16 10:27:47,98.5100,1
2018-08-16 10:27:48,98.5100,1
