timestamp,price,size
2018-08-16 09:30:34,199.7700,1
2018-08-16 09:30:35,199.7700,1
2018-08-16 09:30:36,199.7700,7
2018-08-16 09:30:37,199.8300,1
2018-08-16 09:30:38,199.9200,4
2018-08-16 09:30:39,199.8200,1
2018-08-16 09:30:40,199.7600,3
2018-08-16 09:30:41,199.7600,3
2018-08-16 09:30:42,199.7800,1
2018-08-16 09:30:43,200.4200,4
2018-08-16 09:30:44,200.4200,4
2018-08-16 09:30:45,199.9400,2
2018-08-16 09:30:46,199.9400,4
2018-08-16 09:30:47,199.2100,20
2018-08-16 09:30:48,199.5900,2
2018-08-16 09:30:49,199.9400,20
2018-08-16 09:30:50,199.9400,20
2018-08-16 09:30:51,199.9400,20
2018-08-16 09:30:53,199.7100,1
2018-08-16 09:30:54,199.5400,4
2018-08-16 09:30:55,199.5400,4
2018-08-16 09:30:56,199.5400,1
2018-08-16 09:30:58,199.9600,6
2018-08-16 09:30:59,199.9600,24
2018-08-16 09:31:00,199.9600,24
2018-08-16 09:31:01,201.6500,4
2018-08-16 09:31:02,199.8300,4
2018-08-16 09:31:03,199.7700,4
2018-08-16 09:31:04,197.8400,4
2018-08-16 09:31:06,197.8300,26
2018-08-16 09:31:07,197.8300,26
2018-08-16 09:31:08,197.8600,4
2018-08-16 09:31:09,197.8400,1
2018-08-16 09:31:10,197.8300,1
2018-08-16 09:31:11,197.8300,1
2018-08-16 09:31:12,197.8200,1
2018-08-16 09:31:13,197.8600,4
2018-08-16 09:31:14,197.8200,8
2018-08-16 09:31:15,197.8200,8
2018-08-16 09:31:16,197.8200,8
2018-08-16 09:31:17,201.2800,1
2018-08-16 09:31:18,197.8400,4
2018-08-16 09:31:19,201.2800,4
2018-08-16 09:31:20,201.2700,5
2018-08-16 09:31:21,197.8400,1
2018-08-16 09:31:22,200.4700,4
2018-08-16 09:31:23,200.4700,4
2018-08-16 09:31:24,200.4700,4
2018-08-16 09:31:27,197.8500,20
2018-08-16 09:31:28,197.8200,1
2018-08-16 09:31:29,197.8600,1
2018-08-16 09:31:31,197.8700,1
2018-08-16 09:31:32,200.4700,20
2018-08-16 09:31:33,200.4700,1
2018-08-16 09:31:34,200.4600,14
2018-08-16 09:31:35,200.4700,4
2018-08-16 09:31:36,200.4700,4
2018-08-16 09:31:37,200.4700,20
2018-08-16 09:31:38,200.4700,15
2018-08-16 09:31:39,200.4600,20
2018-08-16 09:31:41,200.4600,20
2018-08-16 09:31:42,200.4700,1
2018-08-16 09:31:43,200.4600,4
2018-08-16 09:31:44,200.4700,1
2018-08-16 09:31:45,200.4600,20
2018-08-16 09:31:46,200.4700,4
2018-08-16 09:31:48,200.4800,20
2018-08-16 09:31:49,200.4400,32
2018-08-16 09:31:50,200.4600,1
2018-08-16 09:31:51,200.4700,4
2018-08-16 09:31:52,200.4700,16
2018-08-16 09:31:53,200.4700,1
2018-08-16 09:31:54,200.4700,20
2018-08-16 09:31:55,200.4600,12
2018-08-16 09:31:56,199.0600,4
2018-08-16 09:31:57,200.4500,17
2018-08-16 09:31:58,200.4500,17
2018-08-16 09:31:59,198.4400,1
2018-08-16 09:32:00,198.4400,20
2018-08-16 09:32:01,198.4400,1
2018-08-16 09:32:02,197.6400,4
2018-08-16 09:32:03,198.4600,1
2018-08-16 09:32:04,200.4500,7
2018-08-16 09:32:05,200.4500,4
2018-08-16 09:32:06,200.4500,4
2018-08-16 09:32:08,200.4700,1
2018-08-16 09:32:09,200.4500,1
2018-08-16 09:32:10,200.4700,1
2018-08-16 09:32:11,200.4600,1
2018-08-16 09:32:12,200.4500,19
2018-08-16 09:32:13,200.4500,20
2018-08-16 09:32:14,200.2500,4
2018-08-16 09:32:15,198.6600,4
2018-08-16 09:32:16,200.4500,13
2018-08-16 09:32:17,201.3700,20
2018-08-16 09:32:18,200.4500,20
2018-08-16 09:32:19,199.1400,20
2018-08-16 09:32:20,199.1400,13
2018-08-16 09:32:21,198.3100,1
2018-08-16 09:32:22,201.3800,16
2018-08-16 09:32:23,201.3900,4
2018-08-16 09:32:24,201.3900,4
2018-08-16 09:32:25,201.3700,4
2018-08-16 09:32:26,201.3700,12
2018-08-16 09:32:27,201.3900,4
2018-08-16 09:32:28,201.3900,4
2018-08-16 09:32:29,201.3900,4
2018-08-16 09:32:30,201.3900,4
2018-08-16 09:32:31,201.3600,4
2018-08-16 09:32:32,198.3500,1
2018-08-16 09:32:33,201.3600,5
2018-08-16 09:32:34,201.3600,5
2018-08-16 09:32:35,200.4300,33
2018-08-16 09:32:36,200.4300,1
2018-08-16 09:32:37,198.3400,1
2018-08-16 09:32:38,200.4200,16
2018-08-16 09:32:39,198.3500,18
2018-08-16 09:32:40,198.3500,18
2018-08-16 09:32:41,198.3500,20
2018-08-16 09:32:42,198.3500,1
2018-08-16 09:32:43,198.3600,14
2018-08-16 09:32:44,198.3700,1
2018-08-16 09:32:45,200.4100,11
2018-08-16 09:32:46,198.3700,13
2018-08-16 09:32:47,199.4400,1
2018-08-16 09:32:48,198.6300,3
2018-08-16 09:32:49,199.4300,1
2018-08-16 09:32:50,198.2900,33
2018-08-16 09:32:51,199.1500,1
2018-08-16 09:32:52,199.1500,1
2018-08-16 09:32:53,199.1500,1
2018-08-16 09:32:55,199.1500,1
2018-08-16 09:32:56,199.1500,1
2018-08-16 09:32:57,199.4200,1
2018-08-16 09:32:58,199.4200,1
2018-08-16 09:33:00,199.4200,1
2018-08-16 09:33:01,199.4100,20
2018-08-16 09:33:02,199.1800,1
2018-08-16 09:33:03,198.1400,1
2018-08-16 09:33:04,199.3800,1
2018-08-16 09:33:06,197.6400,4
2018-08-16 09:33:07,199.4100,1
2018-08-16 09:33:08,199.4000,1
2018-08-16 09:33:09,199.3900,4
2018-08-16 09:33:10,199.4000,18
2018-08-16 09:33:11,199.4600,1
2018-08-16 09:33:12,199.3200,6
2018-08-16 09:33:13,199.3200,1
2018-08-16 09:33:14,199.4600,1
2018-08-16 09:33:15,201.3700,29
2018-08-16 09:33:16,201.3700,1
2018-08-16 09:33:17,201.4000,33
2018-08-16 09:33:18,201.0400,18
2018-08-16 09:33:19,197.6200,4
2018-08-16 09:33:21,197.6300,4
2018-08-16 09:33:22,197.6300,1
2018-08-16 09:33:23,201.3900,4
2018-08-16 09:33:24,197.6500,7
2018-08-16 09:33:25,200.7000,1
2018-08-16 09:33:26,200.7000,20
2018-08-16 09:33:27,200.7000,20
2018-08-16 09:33:28,200.6000,1
2018-08-16 09:33:29,200.6000,1
2018-08-16 09:33:30,200.6900,1
2018-08-16 09:33:31,200.6900,20
2018-08-16 09:33:32,200.5800,9
2018-08-16 09:33:33,200.7600,22
2018-08-16 09:33:34,200.7600,22
2018-08-16 09:33:35,200.7700,12
2018-08-16 09:33:36,200.6700,20
2018-08-16 09:33:37,200.5800,1
2018-08-16 09:33:38,200.5600,8
2018-08-16 09:33:39,200.5600,8
2018-08-16 09:33:40,200.5400,30
2018-08-16 09:33:42,200.0300,8
2018-08-16 09:33:43,200.0300,8
2018-08-16 09:33:44,200.5600,1
2018-08-16 09:33:46,200.7700,38
2018-08-16 09:33:47,200.7900,32
2018-08-16 09:33:48,200.9300,1
2018-08-16 09:33:49,201.2200,1
2018-08-16 09:33:50,201.2200,1
2018-08-16 09:33:52,200.9300,1
2018-08-16 09:33:53,200.9300,15
2018-08-16 09:33:54,200.9300,14
2018-08-16 09:33:55,201.2000,3
2018-08-16 09:33:56,201.2000,1
2018-08-16 09:33:57,201.2000,1
2018-08-16 09:33:58,201.4300,1
2018-08-16 09:33:59,201.2100,1
2018-08-16 09:34:00,201.2100,4
2018-08-16 09:34:01,201.2100,16
2018-08-16 09:34:02,201.4300,5
2018-08-16 09:34:03,201.2000,15
2018-08-16 09:34:04,201.2000,15
2018-08-16 09:34:05,201.3900,1
2018-08-16 09:34:06,201.4400,1
2018-08-16 09:34:08,201.6100,1
2018-08-16 09:34:09,201.4900,1
2018-08-16 09:34:10,200.2000,20
2018-08-16 09:34:11,200.2000,20
2018-08-16 09:34:12,201.3500,1
2018-08-16 09:34:13,200.0300,1
2018-08-16 09:34:14,201.6100,16
2018-08-16 09:34:15,201.6100,20
2018-08-16 09:34:18,201.3500,1
2018-08-16 09:34:19,201.3500,1
2018-08-16 09:34:20,201.3500,1
2018-08-16 09:34:21,200.0200,14
2018-08-16 09:34:22,201.3500,1
2018-08-16 09:34:23,201.6200,41
2018-08-16 09:34:24,201.8300,1
2018-08-16 09:34:25,201.8300,4
2018-08-16 09:34:26,198.3200,33
2018-08-16 09:34:27,201.6200,20
2018-08-16 09:34:28,201.6200,4
2018-08-16 09:34:29,201.8200,1
2018-08-16 09:34:30,201.6300,1
2018-08-16 09:34:31,201.6300,1
2018-08-16 09:34:32,201.6300,7
2018-08-16 09:34:33,201.8100,1
2018-08-16 09:34:34,201.8100,1
2018-08-16 09:34:35,198.5100,4
2018-08-16 09:34:36,198.5100,20
2018-08-16 09:34:37,198.3200,1
2018-08-16 09:34:38,201.8000,1
2018-08-16 09:34:39,198.5200,20
2018-08-16 09:34:40,198.5400,1
2018-08-16 09:34:41,201.8000,1
2018-08-16 09:34:42,198.5400,1
2018-08-16 09:34:43,198.6800,1
2018-08-16 09:34:44,198.7100,4
2018-08-16 09:34:45,199.2800,5
2018-08-16 09:34:46,200.0000,20
2018-08-16 09:34:47,198.3000,4
2018-08-16 09:34:48,201.5100,20
2018-08-16 09:34:49,200.0100,1
2018-08-16 09:34:50,200.0100,1
2018-08-16 09:34:51,200.0100,8
2018-08-16 09:34:52,201.5000,4
2018-08-16 09:34:54,200.0200,1
2018-08-16 09:34:55,200.0200,1
2018-08-16 09:34:56,198.2600,23
2018-08-16 09:34:57,201.4900,11
2018-08-16 09:34:58,200.0300,14
2018-08-16 09:34:59,201.4800,20
2018-08-16 09:35:00,201.4800,1
2018-08-16 09:35:01,198.1500,39
2018-08-16 09:35:02,201.3300,1
2018-08-16 09:35:03,201.3300,1
2018-08-16 09:35:04,201.4000,2
2018-08-16 09:35:05,201.4000,2
2018-08-16 09:35:06,200.0200,9
2018-08-16 09:35:07,200.9200,1
2018-08-16 09:35:08,200.0100,13
2018-08-16 09:35:09,200.0100,5
2018-08-16 09:35:10,201.3600,1
2018-08-16 09:35:11,201.3600,1
2018-08-16 09:35:13,201.3600,2
2018-08-16 09:35:14,201.3600,2
2018-08-16 09:35:15,201.3700,1
2018-08-16 09:35:16,201.3600,1
2018-08-16 09:35:18,200.0100,8
2018-08-16 09:35:20,201.3700,1
2018-08-16 09:35:21,200.6100,20
2018-08-16 09:35:22,200.0000,20
2018-08-16 09:35:23,201.3700,20
2018-08-16 09:35:24,201.3700,1
2018-08-16 09:35:25,199.9800,6
2018-08-16 09:35:26,201.4400,20
2018-08-16 09:35:27,201.4400,1
2018-08-16 09:35:28,200.8400,20
2018-08-16 09:35:29,201.4400,3
2018-08-16 09:35:30,199.9800,1
2018-08-16 09:35:31,200.7100,1
2018-08-16 09:35:32,200.7100,1
2018-08-16 09:35:33,199.9800,1
2018-08-16 09:35:34,201.4500,20
2018-08-16 09:35:35,201.4500,4
2018-08-16 09:35:36,201.4500,4
2018-08-16 09:35:37,200.9200,1
2018-08-16 09:35:38,200.9200,1
2018-08-16 09:35:39,201.0600,1
2018-08-16 09:35:40,201.4600,2
2018-08-16 09:35:41,200.9900,1
2018-08-16 09:35:42,200.9200,1
2018-08-16 09:35:43,199.9800,1
2018-08-16 09:35:44,200.9900,1
2018-08-16 09:35:45,200.9900,1
2018-08-16 09:35:47,201.4600,1
2018-08-16 09:35:48,201.4600,1
2018-08-16 09:35:49,200.4900,5
2018-08-16 09:35:50,201.4600,4
2018-08-16 09:35:51,201.4600,4
2018-08-16 09:35:53,201.4600,4
2018-08-16 09:35:54,201.4600,1
2018-08-16 09:35:55,201.4700,16
2018-08-16 09:35:56,201.4600,1
2018-08-16 09:35:57,201.4800,3
2018-08-16 09:35:59,201.4800,1
2018-08-16 09:36:00,201.4700,1
2018-08-16 09:36:01,201.4700,1
2018-08-16 09:36:02,201.4700,1
2018-08-16 09:36:04,201.4700,1
2018-08-16 09:36:05,201.4700,1
2018-08-16 09:36:06,201.4800,1
2018-08-16 09:36:07,201.4700,1
2018-08-16 09:36:08,201.4600,16
2018-08-16 09:36:09,199.9800,3
2018-08-16 09:36:10,200.7300,1
2018-08-16 09:36:11,199.9800,19
2018-08-16 09:36:13,200.7300,1
2018-08-16 09:36:14,201.4900,1
2018-08-16 09:36:16,200.7300,20
2018-08-16 09:36:18,201.5100,20
2018-08-16 09:36:19,199.9700,20
2018-08-16 09:36:25,201.5200,1
2018-08-16 09:36:26,199.9600,1
2018-08-16 09:36:27,199.9700,1
2018-08-16 09:36:28,200.7400,1
2018-08-16 09:36:29,201.5300,8
2018-08-16 09:36:30,200.3000,19
2018-08-16 09:36:31,200.3000,1
2018-08-16 09:36:32,200.7400,1
2018-08-16 09:36:33,200.3000,1
2018-08-16 09:36:34,200.7400,19
2018-08-16 09:36:35,200.9200,19
2018-08-16 09:36:36,200.7400,1
2018-08-16 09:36:37,200.7400,1
2018-08-16 09:36:38,200.7400,1
2018-08-16 09:36:39,200.7400,1
2018-08-16 09:36:40,200.4900,1
2018-08-16 09:36:41,201.5300,20
2018-08-16 09:36:42,201.5300,20
2018-08-16 09:36:43,198.6800,20
2018-08-16 09:36:44,198.6800,1
2018-08-16 09:36:45,200.9200,1
2018-08-16 09:36:46,200.1100,1
2018-08-16 09:36:47,200.1100,1
2018-08-16 09:36:48,200.1100,1
2018-08-16 09:36:50,201.5300,1
2018-08-16 09:36:51,200.1100,20
2018-08-16 09:36:53,201.5300,1
2018-08-16 09:36:54,201.5300,1
2018-08-16 09:36:55,201.5500,16
2018-08-16 09:36:56,198.6100,20
2018-08-16 09:36:57,198.9400,1
2018-08-16 09:36:58,198.9400,20
2018-08-16 09:36:59,201.8500,1
2018-08-16 09:37:01,198.9400,1
2018-08-16 09:37:02,198.9100,20
2018-08-16 09:37:03,198.9200,1
2018-08-16 09:37:04,198.9200,1
2018-08-16 09:37:05,198.9300,1
2018-08-16 09:37:06,198.8900,1
2018-08-16 09:37:07,198.9100,1
2018-08-16 09:37:08,198.9100,1
2018-08-16 09:37:09,198.4200,1
2018-08-16 09:37:10,198.4200,2
2018-08-16 09:37:11,198.4200,1
2018-08-16 09:37:13,200.2300,20
2018-08-16 09:37:14,198.4200,1
2018-08-16 09:37:16,200.2300,1
2018-08-16 09:37:17,198.4300,1
2018-08-16 09:37:18,198.4400,1
2018-08-16 09:37:19,198.4400,1
2018-08-16 09:37:20,200.2200,20
2018-08-16 09:37:21,198.4400,1
2018-08-16 09:37:22,198.4400,7
2018-08-16 09:37:23,198.4500,1
2018-08-16 09:37:24,198.4500,5
2018-08-16 09:37:25,198.9000,1
2018-08-16 09:37:26,198.9500,1
2018-08-16 09:37:27,198.4000,1
2018-08-16 09:37:28,201.8500,4
2018-08-16 09:37:29,200.2000,1
2018-08-16 09:37:30,200.2000,20
2018-08-16 09:37:31,200.2000,2
2018-08-16 09:37:32,199.7600,12
2018-08-16 09:37:33,198.2500,1
2018-08-16 09:37:34,198.2600,1
2018-08-16 09:37:35,199.7600,20
2018-08-16 09:37:36,199.7500,20
2018-08-16 09:37:37,199.7500,20
2018-08-16 09:37:38,199.7500,1
2018-08-16 09:37:39,198.9200,20
2018-08-16 09:37:42,198.9200,1
2018-08-16 09:37:43,198.9200,1
2018-08-16 09:37:44,199.7400,1
2018-08-16 09:37:45,198.9300,20
2018-08-16 09:37:46,199.7400,1
2018-08-16 09:37:48,199.7400,1
2018-08-16 09:37:49,198.8100,4
2018-08-16 09:37:50,198.9500,1
2018-08-16 09:37:51,199.7300,1
2018-08-16 09:37:52,199.7300,20
2018-08-16 09:37:53,199.7300,6
2018-08-16 09:37:54,198.9600,13
2018-08-16 09:37:55,198.4000,1
2018-08-16 09:37:56,198.9600,1
2018-08-16 09:37:57,201.8500,4
2018-08-16 09:37:58,199.6400,20
2018-08-16 09:37:59,198.9700,2
2018-08-16 09:38:00,200.0200,4
2018-08-16 09:38:02,199.6400,20
2018-08-16 09:38:03,198.3700,1
2018-08-16 09:38:04,198.3700,1
2018-08-16 09:38:05,199.6600,1
2018-08-16 09:38:06,199.6600,7
2018-08-16 09:38:07,199.6600,7
2018-08-16 09:38:08,199.6700,1
2018-08-16 09:38:09,199.6800,20
2018-08-16 09:38:10,201.6600,20
2018-08-16 09:38:11,201.8600,63
2018-08-16 09:38:12,199.6900,1
2018-08-16 09:38:13,201.6600,1
2018-08-16 09:38:14,201.6600,1
2018-08-16 09:38:15,201.6600,20
2018-08-16 09:38:16,201.6600,20
2018-08-16 09:38:17,201.6600,1
2018-08-16 09:38:18,198.3500,11
2018-08-16 09:38:19,198.3600,1
2018-08-16 09:38:20,198.1200,4
2018-08-16 09:38:21,201.6500,20
2018-08-16 09:38:22,201.6500,20
2018-08-16 09:38:23,198.3700,5
2018-08-16 09:38:24,198.3700,1
2018-08-16 09:38:25,198.3700,1
2018-08-16 09:38:27,201.6300,1
2018-08-16 09:38:28,201.6300,20
2018-08-16 09:38:29,201.6300,1
2018-08-16 09:38:30,199.6600,1
2018-08-16 09:38:31,199.6600,20
2018-08-16 09:38:33,200.3700,1
2018-08-16 09:38:34,200.3700,15
2018-08-16 09:38:35,199.6700,1
2018-08-16 09:38:36,199.6700,20
2018-08-16 09:38:37,199.6700,1
2018-08-16 09:38:38,200.3500,1
2018-08-16 09:38:39,199.6800,1
2018-08-16 09:38:41,200.3500,1
2018-08-16 09:38:42,199.6900,1
2018-08-16 09:38:43,200.3400,16
2018-08-16 09:38:44,200.3300,14
2018-08-16 09:38:45,199.7000,1
2018-08-16 09:38:46,199.7600,1
2018-08-16 09:38:47,199.7600,1
2018-08-16 09:38:48,200.3900,13
2018-08-16 09:38:49,200.3900,1
2018-08-16 09:38:50,199.7600,15
2018-08-16 09:38:51,200.3900,14
2018-08-16 09:38:53,201.3500,1
2018-08-16 09:38:54,200.4100,20
2018-08-16 09:38:55,200.4200,1
2018-08-16 09:38:56,200.4300,9
2018-08-16 09:38:57,200.8800,4
2018-08-16 09:38:58,198.9800,3
2018-08-16 09:38:59,201.3500,1
2018-08-16 09:39:00,197.5800,22
2018-08-16 09:39:01,201.3500,20
2018-08-16 09:39:02,201.3400,1
2018-08-16 09:39:04,201.3500,1
2018-08-16 09:39:05,201.3500,1
2018-08-16 09:39:06,197.6900,1
2018-08-16 09:39:07,197.6900,20
2018-08-16 09:39:08,201.3400,20
2018-08-16 09:39:09,201.3400,13
2018-08-16 09:39:11,201.3400,1
2018-08-16 09:39:12,197.5800,4
2018-08-16 09:39:13,197.7000,18
2018-08-16 09:39:14,201.3300,1
2018-08-16 09:39:15,197.5800,5
2018-08-16 09:39:16,201.3300,16
2018-08-16 09:39:17,197.7200,20
2018-08-16 09:39:18,201.3300,20
2018-08-16 09:39:19,197.7300,1
2018-08-16 09:39:21,201.3200,1
2018-08-16 09:39:22,201.3400,14
2018-08-16 09:39:23,197.5500,14
2018-08-16 09:39:24,197.3900,1
2018-08-16 09:39:25,201.3400,20
2018-08-16 09:39:26,201.3300,1
2018-08-16 09:39:27,201.3400,1
2018-08-16 09:39:28,201.3700,20
2018-08-16 09:39:29,201.3700,1
2018-08-16 09:39:30,201.3400,1
2018-08-16 09:39:31,201.3400,16
2018-08-16 09:39:33,201.3700,1
2018-08-16 09:39:34,201.3400,1
2018-08-16 09:39:36,201.3400,4
2018-08-16 09:39:37,201.3500,2
2018-08-16 09:39:38,200.4500,2
2018-08-16 09:39:39,201.3700,1
2018-08-16 09:39:40,201.3700,1
2018-08-16 09:39:41,197.5800,20
2018-08-16 09:39:43,201.3700,1
2018-08-16 09:39:44,197.6000,9
2018-08-16 09:39:46,197.6000,16
2018-08-16 09:39:47,197.6200,4
2018-08-16 09:39:48,201.3600,20
2018-08-16 09:39:49,201.1700,1
2018-08-16 09:39:50,201.1700,1
2018-08-16 09:39:51,201.1700,20
2018-08-16 09:39:52,201.1700,1
2018-08-16 09:39:53,201.3600,20
2018-08-16 09:39:54,201.1700,20
2018-08-16 09:39:55,201.1700,1
2018-08-16 09:39:56,201.1700,1
2018-08-16 09:39:57,201.1700,1
2018-08-16 09:39:58,201.1700,1
2018-08-16 09:39:59,201.3600,12
2018-08-16 09:40:01,201.3600,20
2018-08-16 09:40:02,201.1800,20
2018-08-16 09:40:03,197.1300,1
2018-08-16 09:40:04,197.1300,1
2018-08-16 09:40:05,197.1300,1
2018-08-16 09:40:06,201.3500,20
2018-08-16 09:40:07,197.1400,19
2018-08-16 09:40:08,197.1400,1
2018-08-16 09:40:09,201.3500,1
2018-08-16 09:40:10,197.1400,1
2018-08-16 09:40:11,201.3500,20
2018-08-16 09:40:12,201.3500,20
2018-08-16 09:40:13,197.1400,1
2018-08-16 09:40:14,197.1500,9
2018-08-16 09:40:15,201.3400,1
2018-08-16 09:40:17,197.1500,1
2018-08-16 09:40:18,201.3400,20
2018-08-16 09:40:19,201.3400,20
2018-08-16 09:40:20,197.1600,1
2018-08-16 09:40:21,197.1600,4
2018-08-16 09:40:22,197.5900,1
2018-08-16 09:40:23,201.3400,11
2018-08-16 09:40:24,201.1800,2
2018-08-16 09:40:25,201.3400,1
2018-08-16 09:40:26,201.3400,1
2018-08-16 09:40:27,201.1800,1
2018-08-16 09:40:28,201.1900,20
2018-08-16 09:40:29,197.8800,4
2018-08-16 09:40:30,198.2900,3
2018-08-16 09:40:31,201.3300,20
2018-08-16 09:40:33,198.3000,20
2018-08-16 09:40:34,201.3300,20
2018-08-16 09:40:35,198.3100,14
2018-08-16 09:40:36,198.3100,1
2018-08-16 09:40:37,197.8200,2
2018-08-16 09:40:38,201.3300,20
2018-08-16 09:40:39,201.3200,6
2018-08-16 09:40:40,198.2900,3
2018-08-16 09:40:41,201.3200,20
2018-08-16 09:40:42,197.8600,1
2018-08-16 09:40:43,201.8300,1
2018-08-16 09:40:44,198.3100,2
2018-08-16 09:40:45,201.8300,1
2018-08-16 09:40:46,198.3200,13
2018-08-16 09:40:47,198.0800,4
2018-08-16 09:40:48,198.3200,18
2018-08-16 09:40:49,198.3300,16
2018-08-16 09:40:51,198.3300,1
2018-08-16 09:40:52,198.3400,1
2018-08-16 09:40:53,199.1300,4
2018-08-16 09:40:54,202.1500,4
2018-08-16 09:40:55,202.1500,4
2018-08-16 09:40:56,201.8600,1
2018-08-16 09:40:57,198.1900,20
2018-08-16 09:40:58,198.1900,6
2018-08-16 09:40:59,197.8700,1
2018-08-16 09:41:00,197.8700,1
2018-08-16 09:41:01,201.8600,20
2018-08-16 09:41:03,198.2000,20
2018-08-16 09:41:04,197.9100,4
2018-08-16 09:41:05,198.2100,1
2018-08-16 09:41:06,201.8500,2
2018-08-16 09:41:07,198.2200,1
2018-08-16 09:41:08,198.2300,6
2018-08-16 09:41:09,198.2300,6
2018-08-16 09:41:10,201.8500,20
2018-08-16 09:41:11,201.1900,2
2018-08-16 09:41:12,201.8500,3
2018-08-16 09:41:13,201.8400,4
2018-08-16 09:41:14,201.8400,1
2018-08-16 09:41:15,201.8400,1
2018-08-16 09:41:16,201.1900,20
2018-08-16 09:41:17,201.2000,19
2018-08-16 09:41:18,201.8400,20
2018-08-16 09:41:19,201.2000,20
2018-08-16 09:41:20,201.8300,1
2018-08-16 09:41:21,201.8300,7
2018-08-16 09:41:23,201.8300,1
2018-08-16 09:41:24,198.8300,1
2018-08-16 09:41:26,198.8300,1
2018-08-16 09:41:27,198.8300,1
2018-08-16 09:41:28,198.8300,1
2018-08-16 09:41:29,198.8300,1
2018-08-16 09:41:30,201.8300,20
2018-08-16 09:41:31,198.8400,1
2018-08-16 09:41:32,201.8300,12
2018-08-16 09:41:33,198.8400,1
2018-08-16 09:41:34,198.8300,1
2018-08-16 09:41:35,198.8300,1
2018-08-16 09:41:36,198.8300,1
2018-08-16 09:41:37,201.8200,1
2018-08-16 09:41:38,201.8200,20
2018-08-16 09:41:39,198.8400,17
2018-08-16 09:41:40,198.8400,1
2018-08-16 09:41:41,198.8400,20
2018-08-16 09:41:42,201.8200,1
2018-08-16 09:41:43,201.8200,1
2018-08-16 09:41:44,198.8500,1
2018-08-16 09:41:45,198.8500,5
2018-08-16 09:41:46,198.8500,1
2018-08-16 09:41:47,198.8600,15
2018-08-16 09:41:48,201.8200,6
2018-08-16 09:41:49,198.5200,4
2018-08-16 09:41:50,198.8700,5
2018-08-16 09:41:51,201.8100,20
2018-08-16 09:41:54,198.5500,1
2018-08-16 09:41:55,198.8700,20
2018-08-16 09:41:56,201.2000,1
2018-08-16 09:41:57,201.8100,1
2018-08-16 09:41:58,201.8000,1
2018-08-16 09:41:59,201.2100,1
2018-08-16 09:42:00,200.1800,4
2018-08-16 09:42:01,201.8000,1
2018-08-16 09:42:02,200.4100,20
2018-08-16 09:42:03,201.7900,20
2018-08-16 09:42:04,200.4100,1
2018-08-16 09:42:05,200.4100,1
2018-08-16 09:42:06,200.4100,20
2018-08-16 09:42:07,201.6700,20
2018-08-16 09:42:08,200.4100,1
2018-08-16 09:42:09,200.4200,19
2018-08-16 09:42:10,200.4200,1
2018-08-16 09:42:11,200.4200,1
2018-08-16 09:42:12,200.4300,19
2018-08-16 09:42:13,200.4300,1
2018-08-16 09:42:14,200.4300,1
2018-08-16 09:42:15,200.4400,1
2018-08-16 09:42:16,202.1800,4
2018-08-16 09:42:17,201.6600,15
2018-08-16 09:42:18,197.5300,1
2018-08-16 09:42:19,197.5300,1
2018-08-16 09:42:20,200.4400,1
2018-08-16 09:42:21,197.7600,4
2018-08-16 09:42:22,201.3100,1
2018-08-16 09:42:23,202.1800,4
2018-08-16 09:42:24,199.7100,4
2018-08-16 09:42:25,200.6600,1
2018-08-16 09:42:26,197.3300,1
2018-08-16 09:42:27,201.6500,1
2018-08-16 09:42:28,201.6500,13
2018-08-16 09:42:29,198.4000,1
2018-08-16 09:42:30,201.6500,20
2018-08-16 09:42:31,201.6500,18
2018-08-16 09:42:32,198.4000,14
2018-08-16 09:42:33,201.6400,20
2018-08-16 09:42:34,198.4100,20
2018-08-16 09:42:35,197.5300,1
2018-08-16 09:42:36,197.5300,1
2018-08-16 09:42:37,201.6400,1
2018-08-16 09:42:38,197.5400,1
2018-08-16 09:42:39,201.6300,1
2018-08-16 09:42:40,197.5400,20
2018-08-16 09:42:41,201.6200,19
2018-08-16 09:42:42,201.6200,1
2018-08-16 09:42:43,197.5600,1
2018-08-16 09:42:44,197.5700,10
2018-08-16 09:42:45,201.6100,1
2018-08-16 09:42:46,197.6600,5
2018-08-16 09:42:47,201.7800,1
2018-08-16 09:42:48,197.6600,1
2018-08-16 09:42:49,197.6800,7
2018-08-16 09:42:50,197.6800,20
2018-08-16 09:42:52,197.6800,12
2018-08-16 09:42:53,201.7800,7
2018-08-16 09:42:54,197.6900,1
2018-08-16 09:42:56,197.6900,20
2018-08-16 09:42:57,197.6900,1
2018-08-16 09:42:58,201.7800,1
2018-08-16 09:42:59,201.7800,1
2018-08-16 09:43:00,201.7800,15
2018-08-16 09:43:01,197.7000,20
2018-08-16 09:43:02,201.7700,20
2018-08-16 09:43:03,201.7800,1
2018-08-16 09:43:04,201.7800,20
2018-08-16 09:43:05,201.7800,20
2018-08-16 09:43:06,197.7100,1
2018-08-16 09:43:08,197.7200,5
2018-08-16 09:43:09,197.7200,1
2018-08-16 09:43:10,197.7200,20
2018-08-16 09:43:11,197.7200,20
2018-08-16 09:43:12,201.7800,20
2018-08-16 09:43:13,197.7900,1
2018-08-16 09:43:14,197.8000,1
2018-08-16 09:43:15,197.8100,6
2018-08-16 09:43:16,197.8100,8
2018-08-16 09:43:17,197.8200,4
2018-08-16 09:43:18,197.8400,1
2018-08-16 09:43:19,197.8500,1
2018-08-16 09:43:20,201.7700,1
2018-08-16 09:43:21,201.7700,1
2018-08-16 09:43:22,197.8500,1
2018-08-16 09:43:23,201.9700,1
2018-08-16 09:43:24,201.9700,1
2018-08-16 09:43:25,197.8600,20
2018-08-16 09:43:26,201.8700,1
2018-08-16 09:43:27,197.8600,1
2018-08-16 09:43:28,201.8700,1
2018-08-16 09:43:29,201.8700,2
2018-08-16 09:43:30,197.8800,1
2018-08-16 09:43:31,201.7700,1
2018-08-16 09:43:32,201.7700,1
2018-08-16 09:43:33,197.8800,2
2018-08-16 09:43:34,197.8900,1
2018-08-16 09:43:35,197.8900,1
2018-08-16 09:43:36,201.7700,20
2018-08-16 09:43:37,201.9800,4
2018-08-16 09:43:38,201.9700,1
2018-08-16 09:43:39,201.9700,1
2018-08-16 09:43:40,198.1400,1
2018-08-16 09:43:41,201.7700,12
2018-08-16 09:43:42,198.1400,9
2018-08-16 09:43:43,201.7700,1
2018-08-16 09:43:44,198.1400,1
2018-08-16 09:43:45,201.9900,20
2018-08-16 09:43:46,201.9900,1
2018-08-16 09:43:47,201.9900,12
2018-08-16 09:43:48,201.9900,20
2018-08-16 09:43:49,201.9900,1
2018-08-16 09:43:50,198.1800,20
2018-08-16 09:43:51,201.9800,20
2018-08-16 09:43:52,198.2200,4
2018-08-16 09:43:53,198.4100,1
2018-08-16 09:43:54,202.2800,3
2018-08-16 09:43:55,198.4200,20
2018-08-16 09:43:56,198.4200,20
2018-08-16 09:43:57,201.9700,1
2018-08-16 09:43:58,198.4500,1
2018-08-16 09:43:59,198.4500,1
2018-08-16 09:44:00,198.4500,8
2018-08-16 09:44:01,198.4600,1
2018-08-16 09:44:02,201.9600,1
2018-08-16 09:44:03,197.8400,4
2018-08-16 09:44:05,198.4600,1
2018-08-16 09:44:06,198.4800,20
2018-08-16 09:44:07,201.9500,9
2018-08-16 09:44:08,198.4800,19
2018-08-16 09:44:09,201.7700,20
2018-08-16 09:44:10,198.4800,1
2018-08-16 09:44:11,198.4800,20
2018-08-16 09:44:12,197.4900,20
2018-08-16 09:44:13,197.4900,1
2018-08-16 09:44:14,201.7700,1
2018-08-16 09:44:15,197.4900,20
2018-08-16 09:44:16,197.4900,18
2018-08-16 09:44:17,201.7600,14
2018-08-16 09:44:18,197.5000,1
2018-08-16 09:44:19,201.7600,20
2018-08-16 09:44:20,197.4900,20
2018-08-16 09:44:21,197.4900,1
2018-08-16 09:44:22,201.7600,20
2018-08-16 09:44:23,201.7600,1
2018-08-16 09:44:24,201.7600,1
2018-08-16 09:44:25,197.4900,20
2018-08-16 09:44:26,201.7600,20
2018-08-16 09:44:27,201.7600,1
2018-08-16 09:44:28,201.7600,20
2018-08-16 09:44:29,197.4900,1
2018-08-16 09:44:30,197.4900,20
2018-08-16 09:44:31,201.7600,2
2018-08-16 09:44:32,201.7600,1
2018-08-16 09:44:33,197.5000,1
2018-08-16 09:44:34,201.7600,20
2018-08-16 09:44:35,201.7600,1
2018-08-16 09:44:36,201.7600,1
2018-08-16 09:44:37,201.7600,1
2018-08-16 09:44:38,201.7500,1
2018-08-16 09:44:39,197.5000,1
2018-08-16 09:44:40,201.7500,1
2018-08-16 09:44:41,201.7500,17
2018-08-16 09:44:42,201.7500,1
2018-08-16 09:44:43,201.7500,1
2018-08-16 09:44:44,197.5000,1
2018-08-16 09:44:45,201.7400,1
2018-08-16 09:44:47,197.5000,17
2018-08-16 09:44:48,197.5100,5
2018-08-16 09:44:49,201.8000,1
2018-08-16 09:44:50,197.5100,20
2018-08-16 09:44:52,197.5100,1
2018-08-16 09:44:53,201.8000,1
2018-08-16 09:44:54,197.5200,10
2018-08-16 09:44:56,201.8000,1
2018-08-16 09:44:57,201.8000,1
2018-08-16 09:44:58,197.5200,20
2018-08-16 09:44:59,197.5300,1
2018-08-16 09:45:00,197.5300,17
2018-08-16 09:45:01,197.5800,4
2018-08-16 09:45:02,201.8000,1
2018-08-16 09:45:03,201.8000,1
2018-08-16 09:45:04,197.5900,1
2018-08-16 09:45:05,201.8000,1
2018-08-16 09:45:06,201.7900,20
2018-08-16 09:45:07,201.7900,20
2018-08-16 09:45:08,197.6000,20
2018-08-16 09:45:09,201.7800,20
2018-08-16 09:45:10,201.7800,2
2018-08-16 09:45:11,201.6100,20
2018-08-16 09:45:12,201.6000,1
2018-08-16 09:45:14,197.6000,1
2018-08-16 09:45:15,197.6000,1
2018-08-16 09:45:16,197.6100,1
2018-08-16 09:45:17,197.6100,20
2018-08-16 09:45:18,197.6100,20
2018-08-16 09:45:19,197.4700,1
2018-08-16 09:45:20,201.5800,20
2018-08-16 09:45:21,201.5800,20
2018-08-16 09:45:22,197.6200,18
2018-08-16 09:45:23,201.5700,8
2018-08-16 09:45:24,197.6300,13
2018-08-16 09:45:25,197.6400,20
2018-08-16 09:45:26,197.6400,20
2018-08-16 09:45:27,197.6400,1
2018-08-16 09:45:28,197.6400,20
2018-08-16 09:45:29,197.6400,1
2018-08-16 09:45:30,201.4700,12
2018-08-16 09:45:31,201.4700,20
2018-08-16 09:45:32,201.4700,20
2018-08-16 09:45:33,201.4500,1
2018-08-16 09:45:34,197.6600,1
2018-08-16 09:45:35,197.6600,1
2018-08-16 09:45:36,197.8700,4
2018-08-16 09:45:37,197.9300,1
2018-08-16 09:45:38,201.4500,2
2018-08-16 09:45:39,201.4700,4
2018-08-16 09:45:40,197.4900,20
2018-08-16 09:45:41,201.4200,1
2018-08-16 09:45:42,201.4200,3
2018-08-16 09:45:43,201.4800,4
2018-08-16 09:45:44,201.4100,1
2018-08-16 09:45:45,197.9300,20
2018-08-16 09:45:46,201.0200,4
2018-08-16 09:45:47,197.9400,5
2018-08-16 09:45:48,197.9400,1
2018-08-16 09:45:49,197.9500,4
2018-08-16 09:45:50,201.4900,1
2018-08-16 09:45:51,201.4900,1
2018-08-16 09:45:52,201.4900,1
2018-08-16 09:45:53,197.4600,1
2018-08-16 09:45:54,201.4900,20
2018-08-16 09:45:55,197.4600,1
2018-08-16 09:45:56,197.4700,1
2018-08-16 09:45:57,197.4700,20
2018-08-16 09:45:58,201.4900,1
2018-08-16 09:45:59,201.4900,1
2018-08-16 09:46:00,197.4700,1
2018-08-16 09:46:02,197.4700,1
2018-08-16 09:46:03,201.4800,20
2018-08-16 09:46:04,197.4700,9
2018-08-16 09:46:05,197.4700,1
2018-08-16 09:46:06,197.4700,1
2018-08-16 09:46:07,197.4700,1
2018-08-16 09:46:08,201.4500,16
2018-08-16 09:46:09,200.1400,1
2018-08-16 09:46:10,199.1200,4
2018-08-16 09:46:11,199.1200,1
2018-08-16 09:46:12,197.4000,1
2018-08-16 09:46:13,197.4000,1
2018-08-16 09:46:14,197.4000,1
2018-08-16 09:46:15,199.5700,1
2018-08-16 09:46:16,197.3400,1
2018-08-16 09:46:17,199.5700,1
2018-08-16 09:46:18,199.5700,20
2018-08-16 09:46:19,199.5600,1
2018-08-16 09:46:20,199.5600,1
2018-08-16 09:46:21,197.3400,1
2018-08-16 09:46:22,197.3500,3
2018-08-16 09:46:23,199.5600,1
2018-08-16 09:46:24,197.3500,1
2018-08-16 09:46:25,200.8800,20
2018-08-16 09:46:26,200.8800,1
2018-08-16 09:46:27,201.1100,1
2018-08-16 09:46:28,200.8800,1
2018-08-16 09:46:29,200.8800,1
2018-08-16 09:46:30,200.8800,1
2018-08-16 09:46:31,196.8800,20
2018-08-16 09:46:32,197.3200,20
2018-08-16 09:46:33,196.8800,1
2018-08-16 09:46:34,196.8900,2
2018-08-16 09:46:35,200.9200,2
2018-08-16 09:46:36,200.9200,1
2018-08-16 09:46:37,195.7000,20
2018-08-16 09:46:39,197.5500,1
2018-08-16 09:46:40,198.7100,1
2018-08-16 09:46:41,195.8400,14
2018-08-16 09:46:42,195.8400,1
2018-08-16 09:46:43,196.1500,4
2018-08-16 09:46:44,195.8300,1
2018-08-16 09:46:45,195.8200,12
2018-08-16 09:46:46,195.8300,10
2018-08-16 09:46:47,195.2200,12
2018-08-16 09:46:48,195.8300,7
2018-08-16 09:46:49,198.7800,1
2018-08-16 09:46:50,198.8000,20
2018-08-16 09:46:51,198.7800,1
2018-08-16 09:46:52,198.7800,1
2018-08-16 09:46:53,198.7800,1
2018-08-16 09:46:54,198.7800,20
2018-08-16 09:46:55,198.7800,1
2018-08-16 09:46:56,196.8800,1
2018-08-16 09:46:57,196.8800,20
2018-08-16 09:46:58,196.8900,20
2018-08-16 09:46:59,198.7800,3
2018-08-16 09:47:00,196.8800,20
2018-08-16 09:47:02,198.7800,1
2018-08-16 09:47:03,197.9100,1
2018-08-16 09:47:04,197.9300,20
2018-08-16 09:47:05,197.9100,17
2018-08-16 09:47:06,197.9200,19
2018-08-16 09:47:07,199.8000,4
2018-08-16 09:47:08,199.8100,18
2018-08-16 09:47:09,199.7900,2
2018-08-16 09:47:10,199.7500,3
2018-08-16 09:47:11,197.6000,4
2018-08-16 09:47:12,197.6000,4
2018-08-16 09:47:13,199.8100,1
2018-08-16 09:47:14,199.8100,1
2018-08-16 09:47:15,199.8100,1
2018-08-16 09:47:16,199.8100,1
2018-08-16 09:47:17,199.8100,1
2018-08-16 09:47:18,199.8100,1
2018-08-16 09:47:19,199.8100,1
2018-08-16 09:47:20,199.8100,1
2018-08-16 09:47:21,199.8100,1
2018-08-16 09:47:22,199.8300,9
2018-08-16 09:47:23,199.8300,9
2018-08-16 09:47:24,199.8300,1
2018-08-16 09:47:25,201.5900,1
2018-08-16 09:47:26,201.5700,1
2018-08-16 09:47:27,197.5900,2
2018-08-16 09:47:28,202.2100,20
2018-08-16 09:47:29,200.6900,16
2018-08-16 09:47:30,200.7000,20
2018-08-16 09:47:31,200.6900,1
2018-08-16 09:47:32,200.6900,1
2018-08-16 09:47:33,200.6900,20
2018-08-16 09:47:34,200.6900,20
2018-08-16 09:47:35,198.2400,20
2018-08-16 09:47:36,198.2400,20
2018-08-16 09:47:37,198.2400,18
2018-08-16 09:47:38,198.2500,1
2018-08-16 09:47:39,198.2500,20
2018-08-16 09:47:40,198.2600,1
2018-08-16 09:47:41,198.2600,1
2018-08-16 09:47:42,198.2600,1
2018-08-16 09:47:43,200.6600,1
2018-08-16 09:47:44,200.6600,20
2018-08-16 09:47:45,198.2700,1
2018-08-16 09:47:46,197.4300,1
2018-08-16 09:47:47,197.4300,1
2018-08-16 09:47:48,195.8300,16
2018-08-16 09:47:49,200.2200,1
2018-08-16 09:47:50,200.2200,1
2018-08-16 09:47:51,201.8900,1
2018-08-16 09:47:52,200.2300,20
2018-08-16 09:47:53,200.2300,1
2018-08-16 09:47:54,200.2200,1
2018-08-16 09:47:55,200.2300,20
2018-08-16 09:47:56,197.9300,4
2018-08-16 09:47:57,200.2400,20
2018-08-16 09:47:58,200.2300,20
2018-08-16 09:47:59,200.2300,1
2018-08-16 09:48:00,200.2300,1
2018-08-16 09:48:01,199.4500,1
2018-08-16 09:48:02,199.4500,1
2018-08-16 09:48:03,199.4500,1
2018-08-16 09:48:04,199.4600,20
2018-08-16 09:48:05,199.4400,20
2018-08-16 09:48:06,199.4600,1
2018-08-16 09:48:07,199.4600,1
2018-08-16 09:48:08,199.4400,1
2018-08-16 09:48:09,200.6600,1
2018-08-16 09:48:10,200.6600,20
2018-08-16 09:48:11,200.6600,1
2018-08-16 09:48:12,202.2400,1
2018-08-16 09:48:13,202.2400,20
2018-08-16 09:48:14,202.3000,74
2018-08-16 09:48:15,201.4500,1
2018-08-16 09:48:16,202.2400,19
2018-08-16 09:48:17,202.2500,1
2018-08-16 09:48:18,196.7400,1
2018-08-16 09:48:19,201.4500,12
2018-08-16 09:48:20,201.4600,1
2018-08-16 09:48:21,201.4500,20
2018-08-16 09:48:22,201.4700,1
2018-08-16 09:48:23,202.3500,3
2018-08-16 09:48:24,202.6300,1
2018-08-16 09:48:25,202.6300,32
2018-08-16 09:48:26,202.6600,10
2018-08-16 09:48:27,203.1900,1
2018-08-16 09:48:28,203.1800,1
2018-08-16 09:48:29,203.1700,1
2018-08-16 09:48:30,202.8100,20
2018-08-16 09:48:31,202.8100,1
2018-08-16 09:48:32,199.8400,3
2018-08-16 09:48:33,199.8400,16
2018-08-16 09:48:34,199.9200,1
2018-08-16 09:48:35,199.9200,2
2018-08-16 09:48:36,197.0200,20
2018-08-16 09:48:37,199.9100,1
2018-08-16 09:48:38,197.0200,5
2018-08-16 09:48:39,199.9100,1
2018-08-16 09:48:40,196.7400,1
2018-08-16 09:48:41,199.9000,20
2018-08-16 09:48:42,199.9000,1
2018-08-16 09:48:43,199.9000,1
2018-08-16 09:48:44,196.6400,12
2018-08-16 09:48:45,198.7500,9
2018-08-16 09:48:46,196.6400,1
2018-08-16 09:48:47,198.7500,12
2018-08-16 09:48:49,200.0400,4
2018-08-16 09:48:50,200.0700,4
2018-08-16 09:48:51,201.7800,3
2018-08-16 09:48:52,203.2300,1
2018-08-16 09:48:53,201.9100,1
2018-08-16 09:48:54,199.2100,2
2018-08-16 09:48:55,199.1700,1
2018-08-16 09:48:56,199.1700,1
2018-08-16 09:48:57,199.1900,1
2018-08-16 09:48:58,199.1900,1
2018-08-16 09:48:59,199.1900,4
2018-08-16 09:49:00,199.1900,1
2018-08-16 09:49:02,199.2000,1
2018-08-16 09:49:03,199.1900,1
2018-08-16 09:49:04,197.7300,1
2018-08-16 09:49:05,199.2000,2
2018-08-16 09:49:06,195.4500,1
2018-08-16 09:49:07,197.4400,1
2018-08-16 09:49:08,195.9500,20
2018-08-16 09:49:09,195.9700,1
2018-08-16 09:49:10,195.9700,1
2018-08-16 09:49:11,195.9700,1
2018-08-16 09:49:12,195.9600,1
2018-08-16 09:49:13,195.2200,4
2018-08-16 09:49:14,195.9600,18
2018-08-16 09:49:15,198.7100,1
2018-08-16 09:49:16,198.4600,1
2018-08-16 09:49:17,198.7100,1
2018-08-16 09:49:18,200.3500,1
2018-08-16 09:49:19,195.2200,20
2018-08-16 09:49:20,199.1100,1
2018-08-16 09:49:21,201.1500,1
2018-08-16 09:49:22,201.1500,20
2018-08-16 09:49:23,199.8500,4
2018-08-16 09:49:24,202.1300,4
2018-08-16 09:49:25,202.1300,16
2018-08-16 09:49:26,202.1300,16
2018-08-16 09:49:27,202.1300,4
2018-08-16 09:49:28,202.8500,1
2018-08-16 09:49:29,202.8500,1
2018-08-16 09:49:30,202.8500,20
2018-08-16 09:49:31,202.8600,1
2018-08-16 09:49:32,203.7300,20
2018-08-16 09:49:33,203.7200,1
2018-08-16 09:49:34,203.0700,10
2018-08-16 09:49:35,203.7500,4
2018-08-16 09:49:36,203.5400,4
2018-08-16 09:49:37,204.0600,19
2018-08-16 09:49:38,200.3800,1
2018-08-16 09:49:39,200.3800,20
2018-08-16 09:49:40,200.0000,20
2018-08-16 09:49:41,203.3100,1
2018-08-16 09:49:42,203.3100,1
2018-08-16 09:49:43,200.0000,1
2018-08-16 09:49:44,199.9800,1
2018-08-16 09:49:45,201.7500,4
2018-08-16 09:49:46,198.3900,1
2018-08-16 09:49:47,199.9800,1
2018-08-16 09:49:48,200.0000,20
2018-08-16 09:49:49,199.9800,20
2018-08-16 09:49:50,197.7700,1
2018-08-16 09:49:51,200.9800,20
2018-08-16 09:49:52,200.9800,20
2018-08-16 09:49:53,200.9700,1
2018-08-16 09:49:54,197.7700,1
2018-08-16 09:49:55,199.9600,4
2018-08-16 09:49:56,199.9900,4
2018-08-16 09:49:57,201.7700,1
2018-08-16 09:49:58,201.8000,1
2018-08-16 09:49:59,197.7800,20
2018-08-16 09:50:00,197.7800,1
2018-08-16 09:50:01,199.9600,1
2018-08-16 09:50:02,197.7700,1
2018-08-16 09:50:03,196.9800,2
2018-08-16 09:50:04,197.0100,20
2018-08-16 09:50:05,197.9200,1
2018-08-16 09:50:06,196.0200,1
2018-08-16 09:50:07,196.0200,20
2018-08-16 09:50:08,197.0100,1
2018-08-16 09:50:09,199.6800,1
2018-08-16 09:50:10,199.6800,16
2018-08-16 09:50:11,199.6800,4
2018-08-16 09:50:12,199.6800,2
2018-08-16 09:50:13,201.7700,1
2018-08-16 09:50:14,200.8600,1
2018-08-16 09:50:15,196.9200,4
2018-08-16 09:50:16,198.7100,1
2018-08-16 09:50:17,198.7300,1
2018-08-16 09:50:18,197.6600,1
2018-08-16 09:50:19,196.1800,20
2018-08-16 09:50:20,197.6600,20
2018-08-16 09:50:21,196.1900,1
2018-08-16 09:50:22,198.9300,4
2018-08-16 09:50:23,197.6800,4
2018-08-16 09:50:24,204.7600,3
2018-08-16 09:50:25,205.2200,1
2018-08-16 09:50:26,203.8400,1
2018-08-16 09:50:27,200.5000,4
2018-08-16 09:50:28,203.8500,1
2018-08-16 09:50:29,203.8300,20
2018-08-16 09:50:30,203.8400,4
2018-08-16 09:50:31,203.8400,4
2018-08-16 09:50:32,203.8200,2
2018-08-16 09:50:33,203.8500,4
2018-08-16 09:50:34,203.8200,20
2018-08-16 09:50:35,203.3300,1
2018-08-16 09:50:36,203.3400,1
2018-08-16 09:50:37,203.3400,1
2018-08-16 09:50:38,203.3000,1
2018-08-16 09:50:39,203.3400,20
2018-08-16 09:50:40,203.3300,1
2018-08-16 09:50:41,203.3000,1
2018-08-16 09:50:43,203.5400,20
2018-08-16 09:50:44,203.5400,20
2018-08-16 09:50:45,203.5400,1
2018-08-16 09:50:46,203.5400,19
2018-08-16 09:50:47,203.5500,2
2018-08-16 09:50:48,203.5500,1
2018-08-16 09:50:49,204.2500,20
2018-08-16 09:50:50,204.2500,20
2018-08-16 09:50:51,200.5100,20
2018-08-16 09:50:52,204.2300,20
2018-08-16 09:50:53,203.4300,1
2018-08-16 09:50:54,203.4300,5
2018-08-16 09:50:55,204.1800,1
2018-08-16 09:50:56,204.1800,1
2018-08-16 09:50:57,200.4500,1
2018-08-16 09:50:58,200.4500,1
2018-08-16 09:51:00,203.4500,19
2018-08-16 09:51:01,200.4200,20
2018-08-16 09:51:02,200.4200,20
2018-08-16 09:51:03,199.2300,1
2018-08-16 09:51:04,200.4200,20
2018-08-16 09:51:05,200.3900,1
2018-08-16 09:51:06,199.2400,1
2018-08-16 09:51:07,200.3900,1
2018-08-16 09:51:08,199.2400,1
2018-08-16 09:51:09,199.2400,20
2018-08-16 09:51:10,199.2400,1
2018-08-16 09:51:11,199.2500,20
2018-08-16 09:51:12,199.2500,6
2018-08-16 09:51:13,199.2600,20
2018-08-16 09:51:14,199.2700,1
2018-08-16 09:51:15,200.4400,5
2018-08-16 09:51:16,200.4400,20
2018-08-16 09:51:17,200.4400,1
2018-08-16 09:51:18,201.6400,1
2018-08-16 09:51:19,201.6400,20
2018-08-16 09:51:20,201.6400,1
2018-08-16 09:51:21,201.6300,1
2018-08-16 09:51:22,200.4500,1
2018-08-16 09:51:23,201.6300,20
2018-08-16 09:51:24,200.4500,1
2018-08-16 09:51:25,200.4500,1
2018-08-16 09:51:26,198.5200,1
2018-08-16 09:51:27,201.6100,1
2018-08-16 09:51:28,198.5200,1
2018-08-16 09:51:29,197.8400,1
2018-08-16 09:51:30,197.8400,1
2018-08-16 09:51:31,197.8400,1
2018-08-16 09:51:32,201.4300,20
2018-08-16 09:51:33,201.4200,20
2018-08-16 09:51:34,197.8400,20
2018-08-16 09:51:35,200.1600,1
2018-08-16 09:51:36,197.8400,20
2018-08-16 09:51:37,199.2100,10
2018-08-16 09:51:38,199.0000,1
2018-08-16 09:51:39,198.3800,1
2018-08-16 09:51:40,198.3800,1
2018-08-16 09:51:41,199.8300,1
2018-08-16 09:51:42,199.8300,1
2018-08-16 09:51:43,198.7400,1
2018-08-16 09:51:44,198.7400,1
2018-08-16 09:51:45,199.5600,4
2018-08-16 09:51:46,199.1500,4
2018-08-16 09:51:47,199.5600,4
2018-08-16 09:51:48,200.3800,19
2018-08-16 09:51:49,199.5600,1
2018-08-16 09:51:50,197.5200,20
2018-08-16 09:51:51,197.5200,1
2018-08-16 09:51:52,197.5100,4
2018-08-16 09:51:53,195.2100,14
2018-08-16 09:51:54,200.1000,5
2018-08-16 09:51:55,198.8000,1
2018-08-16 09:51:56,200.1000,15
2018-08-16 09:51:57,200.1700,4
2018-08-16 09:51:58,200.1500,1
2018-08-16 09:51:59,200.1300,1
2018-08-16 09:52:00,201.8900,1
2018-08-16 09:52:01,201.9100,4
2018-08-16 09:52:02,205.5400,1
2018-08-16 09:52:03,202.7500,1
2018-08-16 09:52:04,201.6100,20
2018-08-16 09:52:05,200.7400,20
2018-08-16 09:52:06,202.7900,20
2018-08-16 09:52:07,202.9700,20
2018-08-16 09:52:08,202.9700,1
2018-08-16 09:52:09,202.9500,20
2018-08-16 09:52:10,202.9500,20
2018-08-16 09:52:11,202.9500,20
2018-08-16 09:52:12,202.9800,1
2018-08-16 09:52:13,202.9500,1
2018-08-16 09:52:14,201.3700,1
2018-08-16 09:52:15,201.3700,20
2018-08-16 09:52:16,201.3700,1
2018-08-16 09:52:17,201.3800,11
2018-08-16 09:52:18,201.3800,20
2018-08-16 09:52:19,201.3800,1
2018-08-16 09:52:20,201.3900,1
2018-08-16 09:52:21,201.4000,1
2018-08-16 09:52:22,199.4100,20
2018-08-16 09:52:23,199.4100,20
2018-08-16 09:52:24,199.4200,1
2018-08-16 09:52:25,198.7200,20
2018-08-16 09:52:26,203.2600,4
2018-08-16 09:52:27,203.2600,20
2018-08-16 09:52:28,198.7300,20
2018-08-16 09:52:29,198.7300,1
2018-08-16 09:52:30,203.2500,1
2018-08-16 09:52:31,203.2400,20
2018-08-16 09:52:32,203.2300,1
2018-08-16 09:52:33,198.7500,10
2018-08-16 09:52:34,202.9400,1
2018-08-16 09:52:35,202.9400,1
2018-08-16 09:52:36,199.4300,20
2018-08-16 09:52:38,199.4300,16
2018-08-16 09:52:39,199.4400,20
2018-08-16 09:52:40,199.4400,17
2018-08-16 09:52:41,202.4800,1
2018-08-16 09:52:42,199.2400,1
2018-08-16 09:52:43,199.2900,20
2018-08-16 09:52:44,202.7000,5
2018-08-16 09:52:45,203.2800,1
2018-08-16 09:52:46,202.1500,16
2018-08-16 09:52:47,199.8100,1
2018-08-16 09:52:48,202.1700,1
2018-08-16 09:52:49,200.2000,17
2018-08-16 09:52:50,200.2000,20
2018-08-16 09:52:51,200.2100,20
2018-08-16 09:52:52,202.1500,17
2018-08-16 09:52:53,202.1500,1
2018-08-16 09:52:54,203.0100,20
2018-08-16 09:52:55,199.0200,1
2018-08-16 09:52:56,203.0100,1
2018-08-16 09:52:57,199.0200,20
2018-08-16 09:52:58,203.0000,20
2018-08-16 09:52:59,203.0000,1
2018-08-16 09:53:00,199.0300,18
2018-08-16 09:53:01,199.0300,1
2018-08-16 09:53:02,199.0300,20
2018-08-16 09:53:03,199.0300,1
2018-08-16 09:53:04,198.5200,6
2018-08-16 09:53:05,198.5200,20
2018-08-16 09:53:06,197.6500,1
2018-08-16 09:53:07,196.1700,1
2018-08-16 09:53:08,199.6400,20
2018-08-16 09:53:09,199.6600,1
2018-08-16 09:53:10,199.6600,1
2018-08-16 09:53:11,199.6600,1
2018-08-16 09:53:12,199.6700,1
2018-08-16 09:53:13,199.8100,1
2018-08-16 09:53:14,197.6900,1
2018-08-16 09:53:15,197.0900,1
2018-08-16 09:53:16,200.8900,4
2018-08-16 09:53:17,202.4100,1
2018-08-16 09:53:18,200.8600,2
2018-08-16 09:53:19,203.7000,20
2018-08-16 09:53:20,203.7000,1
2018-08-16 09:53:21,200.3500,20
2018-08-16 09:53:22,203.7000,1
2018-08-16 09:53:23,203.7000,8
2018-08-16 09:53:24,200.3500,1
2018-08-16 09:53:25,203.6900,1
2018-08-16 09:53:26,203.6900,1
2018-08-16 09:53:27,203.6900,1
2018-08-16 09:53:28,198.8100,20
2018-08-16 09:53:29,198.8100,1
2018-08-16 09:53:30,198.8000,1
2018-08-16 09:53:31,198.7900,1
2018-08-16 09:53:32,198.8100,1
2018-08-16 09:53:33,198.8100,20
2018-08-16 09:53:34,198.8100,1
2018-08-16 09:53:35,198.8100,13
2018-08-16 09:53:36,198.8200,20
2018-08-16 09:53:37,201.6700,1
2018-08-16 09:53:38,201.6600,1
2018-08-16 09:53:39,198.8400,14
2018-08-16 09:53:41,198.8400,20
2018-08-16 09:53:42,198.7900,1
2018-08-16 09:53:43,198.8100,1
2018-08-16 09:53:44,197.9700,1
2018-08-16 09:53:45,197.9400,4
2018-08-16 09:53:46,199.4100,20
2018-08-16 09:53:47,199.4100,20
2018-08-16 09:53:48,199.4100,1
2018-08-16 09:53:49,200.8500,20
2018-08-16 09:53:50,197.8900,20
2018-08-16 09:53:51,199.4200,11
2018-08-16 09:53:52,198.4000,4
2018-08-16 09:53:53,198.5100,1
2018-08-16 09:53:54,198.5300,1
2018-08-16 09:53:55,198.5300,1
2018-08-16 09:53:56,198.5100,1
2018-08-16 09:53:57,198.5200,1
2018-08-16 09:53:58,198.5200,4
2018-08-16 09:53:59,200.7400,1
2018-08-16 09:54:00,200.1800,20
2018-08-16 09:54:01,200.1600,20
2018-08-16 09:54:02,200.1800,1
2018-08-16 09:54:03,200.1800,4
2018-08-16 09:54:04,200.1800,1
2018-08-16 09:54:05,200.4400,4
2018-08-16 09:54:06,201.9000,3
2018-08-16 09:54:07,201.9300,1
2018-08-16 09:54:08,201.9300,1
2018-08-16 09:54:09,201.9400,1
2018-08-16 09:54:10,201.9500,3
2018-08-16 09:54:12,201.9400,20
2018-08-16 09:54:13,203.1500,4
2018-08-16 09:54:14,199.1700,1
2018-08-16 09:54:15,203.1700,1
2018-08-16 09:54:16,203.1700,3
2018-08-16 09:54:17,197.8300,4
2018-08-16 09:54:18,200.0200,20
2018-08-16 09:54:19,200.0100,18
2018-08-16 09:54:20,200.0100,1
2018-08-16 09:54:21,200.0300,2
2018-08-16 09:54:22,200.0100,20
2018-08-16 09:54:23,200.0100,20
2018-08-16 09:54:24,197.8100,4
2018-08-16 09:54:26,199.9700,20
2018-08-16 09:54:27,198.0700,4
2018-08-16 09:54:28,200.4600,1
2018-08-16 09:54:29,196.4400,1
2018-08-16 09:54:30,198.8200,20
2018-08-16 09:54:31,198.8200,1
2018-08-16 09:54:32,200.3200,1
2018-08-16 09:54:33,200.3200,1
2018-08-16 09:54:34,196.3900,20
2018-08-16 09:54:35,196.1200,1
2018-08-16 09:54:36,196.1200,1
2018-08-16 09:54:37,196.1100,20
2018-08-16 09:54:38,196.1200,1
2018-08-16 09:54:39,196.1000,1
2018-08-16 09:54:40,196.1200,1
2018-08-16 09:54:41,198.7600,1
2018-08-16 09:54:42,197.0400,1
2018-08-16 09:54:43,197.0400,20
2018-08-16 09:54:44,199.0600,1
2018-08-16 09:54:45,196.4300,20
2018-08-16 09:54:46,199.0500,1
2018-08-16 09:54:47,199.0500,20
2018-08-16 09:54:48,199.0500,1
2018-08-16 09:54:49,196.2200,1
2018-08-16 09:54:50,196.1300,1
2018-08-16 09:54:51,196.1300,9
2018-08-16 09:54:52,196.1400,1
2018-08-16 09:54:53,196.1600,1
2018-08-16 09:54:54,197.5800,1
2018-08-16 09:54:55,197.5800,1
2018-08-16 09:54:56,195.6000,1
2018-08-16 09:54:57,195.5800,20
2018-08-16 09:54:58,195.5900,1
2018-08-16 09:54:59,195.6000,20
2018-08-16 09:55:00,195.6000,1
2018-08-16 09:55:01,195.5700,7
2018-08-16 09:55:02,194.8100,1
2018-08-16 09:55:03,196.0700,4
2018-08-16 09:55:04,194.8100,3
2018-08-16 09:55:05,197.4000,20
2018-08-16 09:55:06,199.1000,20
2018-08-16 09:55:07,199.0800,1
2018-08-16 09:55:08,199.0900,4
2018-08-16 09:55:09,197.1700,1
2018-08-16 09:55:10,197.1700,1
2018-08-16 09:55:11,195.8300,4
2018-08-16 09:55:12,197.0500,4
2018-08-16 09:55:13,197.2300,4
2018-08-16 09:55:14,199.5100,15
2018-08-16 09:55:15,202.8300,1
2018-08-16 09:55:16,197.4800,1
2018-08-16 09:55:17,197.2900,1
2018-08-16 09:55:18,197.2900,20
2018-08-16 09:55:19,197.2900,20
2018-08-16 09:55:20,197.2900,19
2018-08-16 09:55:21,197.4600,1
2018-08-16 09:55:22,197.4500,1
2018-08-16 09:55:23,199.8200,1
2018-08-16 09:55:24,197.3000,3
2018-08-16 09:55:25,199.8200,20
2018-08-16 09:55:26,196.6700,1
2018-08-16 09:55:27,199.8400,1
2018-08-16 09:55:28,199.8400,20
2018-08-16 09:55:29,199.8200,20
2018-08-16 09:55:30,199.8400,15
2018-08-16 09:55:31,199.8300,1
2018-08-16 09:55:32,199.8400,1
2018-08-16 09:55:33,199.8400,1
2018-08-16 09:55:34,199.8400,1
2018-08-16 09:55:35,199.8300,1
2018-08-16 09:55:36,199.8300,10
2018-08-16 09:55:37,199.8300,10
2018-08-16 09:55:38,199.8500,11
2018-08-16 09:55:39,199.8500,8
2018-08-16 09:55:41,199.8500,1
2018-08-16 09:55:42,199.8200,5
2018-08-16 09:55:43,197.7000,16
2018-08-16 09:55:44,199.8300,20
2018-08-16 09:55:45,200.2000,20
2018-08-16 09:55:46,200.1900,1
2018-08-16 09:55:47,199.3400,20
2018-08-16 09:55:48,196.2200,4
2018-08-16 09:55:49,199.3600,15
2018-08-16 09:55:50,198.1100,20
2018-08-16 09:55:51,198.0900,1
2018-08-16 09:55:52,198.1000,1
2018-08-16 09:55:53,198.1100,1
2018-08-16 09:55:54,199.2900,4
2018-08-16 09:55:55,199.3100,4
2018-08-16 09:55:56,200.5000,1
2018-08-16 09:55:57,197.8000,2
2018-08-16 09:55:58,200.5300,11
2018-08-16 09:55:59,202.0700,20
2018-08-16 09:56:00,200.5600,3
2018-08-16 09:56:02,202.7900,20
2018-08-16 09:56:03,202.7700,20
2018-08-16 09:56:04,202.7800,1
2018-08-16 09:56:05,203.8000,20
2018-08-16 09:56:06,203.8000,1
2018-08-16 09:56:07,201.0300,20
2018-08-16 09:56:09,199.5400,1
2018-08-16 09:56:10,200.2800,3
2018-08-16 09:56:11,200.3400,4
2018-08-16 09:56:12,205.4700,4
2018-08-16 09:56:13,205.4800,4
2018-08-16 09:56:14,205.5200,1
2018-08-16 09:56:15,205.5400,14
2018-08-16 09:56:16,205.0200,1
2018-08-16 09:56:17,204.1100,20
2018-08-16 09:56:19,204.7400,4
2018-08-16 09:56:20,204.9600,1
2018-08-16 09:56:21,204.9600,2
2018-08-16 09:56:22,205.2600,8
2018-08-16 09:56:23,204.8700,1
2018-08-16 09:56:24,204.5600,4
2018-08-16 09:56:25,204.5700,20
2018-08-16 09:56:26,204.5800,20
2018-08-16 09:56:27,205.0300,1
2018-08-16 09:56:28,205.0300,20
2018-08-16 09:56:29,204.5500,1
2018-08-16 09:56:30,204.5800,20
2018-08-16 09:56:31,201.0800,1
2018-08-16 09:56:32,201.0800,1
2018-08-16 09:56:33,202.6800,20
2018-08-16 09:56:34,203.7500,1
2018-08-16 09:56:35,202.7000,20
2018-08-16 09:56:36,205.5400,1
2018-08-16 09:56:37,204.2900,1
2018-08-16 09:56:38,204.8700,20
2018-08-16 09:56:39,204.8900,20
2018-08-16 09:56:40,204.8800,1
2018-08-16 09:56:41,204.8800,1
2018-08-16 09:56:42,201.3400,4
2018-08-16 09:56:43,204.8900,1
2018-08-16 09:56:44,204.8900,20
2018-08-16 09:56:45,201.3200,1
2018-08-16 09:56:46,204.8700,1
2018-08-16 09:56:47,201.3200,20
2018-08-16 09:56:48,201.3200,1
2018-08-16 09:56:49,204.8700,1
2018-08-16 09:56:50,200.0600,20
2018-08-16 09:56:51,204.8600,17
2018-08-16 09:56:52,200.0700,1
2018-08-16 09:56:53,200.0700,20
2018-08-16 09:56:54,201.3100,20
2018-08-16 09:56:55,202.3400,20
2018-08-16 09:56:56,202.3600,20
2018-08-16 09:56:57,203.4900,1
2018-08-16 09:56:58,202.3600,4
2018-08-16 09:56:59,203.5000,1
2018-08-16 09:57:00,203.4900,20
2018-08-16 09:57:01,203.1800,1
2018-08-16 09:57:02,203.1900,1
2018-08-16 09:57:03,203.1900,1
2018-08-16 09:57:04,205.5400,8
2018-08-16 09:57:05,201.9300,1
2018-08-16 09:57:06,200.1300,3
2018-08-16 09:57:07,201.9500,20
2018-08-16 09:57:08,201.0300,20
2018-08-16 09:57:09,199.2200,1
2018-08-16 09:57:10,199.2200,1
2018-08-16 09:57:11,201.9300,20
2018-08-16 09:57:12,199.2300,1
2018-08-16 09:57:13,196.7000,1
2018-08-16 09:57:14,196.7100,4
2018-08-16 09:57:15,197.7600,1
2018-08-16 09:57:16,196.6700,4
2018-08-16 09:57:17,197.2200,4
2018-08-16 09:57:18,195.6900,4
2018-08-16 09:57:19,200.8900,1
2018-08-16 09:57:20,196.8900,2
2018-08-16 09:57:21,200.5000,19
2018-08-16 09:57:22,198.3200,1
2018-08-16 09:57:23,201.0300,1
2018-08-16 09:57:24,203.8800,4
2018-08-16 09:57:25,204.8500,1
2018-08-16 09:57:26,204.8700,20
2018-08-16 09:57:27,204.8700,20
2018-08-16 09:57:28,204.8700,1
2018-08-16 09:57:29,204.8600,1
2018-08-16 09:57:30,198.9700,1
2018-08-16 09:57:31,198.9700,3
2018-08-16 09:57:32,201.4400,4
2018-08-16 09:57:33,202.4400,4
2018-08-16 09:57:34,202.4500,1
2018-08-16 09:57:35,199.4600,4
2018-08-16 09:57:36,198.7500,2
2018-08-16 09:57:37,197.0000,1
2018-08-16 09:57:38,199.4900,4
2018-08-16 09:57:40,199.4800,1
2018-08-16 09:57:41,202.4500,20
2018-08-16 09:57:42,198.5400,20
2018-08-16 09:57:43,198.5400,20
2018-08-16 09:57:44,198.5200,1
2018-08-16 09:57:45,198.5400,20
2018-08-16 09:57:46,198.5400,20
2018-08-16 09:57:47,198.5300,1
2018-08-16 09:57:48,196.8500,1
2018-08-16 09:57:49,196.8500,1
2018-08-16 09:57:50,196.8500,1
2018-08-16 09:57:51,198.5200,1
2018-08-16 09:57:52,196.2500,1
2018-08-16 09:57:54,196.8500,20
2018-08-16 09:57:55,198.5200,1
2018-08-16 09:57:56,198.5500,18
2018-08-16 09:57:57,198.2300,8
2018-08-16 09:57:58,198.2100,1
2018-08-16 09:57:59,198.2100,1
2018-08-16 09:58:00,198.2200,20
2018-08-16 09:58:01,198.2300,20
2018-08-16 09:58:02,198.2300,20
2018-08-16 09:58:03,200.3800,20
2018-08-16 09:58:04,198.2300,15
2018-08-16 09:58:05,198.2400,6
2018-08-16 09:58:06,198.2400,20
2018-08-16 09:58:08,198.2400,20
2018-08-16 09:58:09,198.2500,1
2018-08-16 09:58:10,198.2500,1
2018-08-16 09:58:11,200.0500,4
2018-08-16 09:58:12,197.0900,1
2018-08-16 09:58:13,198.2100,1
2018-08-16 09:58:14,198.6900,1
2018-08-16 09:58:15,198.6900,14
2018-08-16 09:58:17,199.7300,1
2018-08-16 09:58:18,200.5900,20
2018-08-16 09:58:19,200.5900,1
2018-08-16 09:58:20,202.5400,3
2018-08-16 09:58:21,202.5600,1
2018-08-16 09:58:22,202.5400,4
2018-08-16 09:58:23,199.6200,1
2018-08-16 09:58:24,199.6200,20
2018-08-16 09:58:25,199.6200,1
2018-08-16 09:58:26,202.2400,20
2018-08-16 09:58:27,202.2400,1
2018-08-16 09:58:28,197.2700,1
2018-08-16 09:58:29,196.7300,1
2018-08-16 09:58:30,197.0000,20
2018-08-16 09:58:31,199.7600,20
2018-08-16 09:58:32,199.7400,1
2018-08-16 09:58:33,197.7900,1
2018-08-16 09:58:34,197.7900,20
2018-08-16 09:58:35,197.8000,3
2018-08-16 09:58:36,199.7300,5
2018-08-16 09:58:37,199.7300,20
2018-08-16 09:58:38,200.9800,4
2018-08-16 09:58:39,200.9800,1
2018-08-16 09:58:40,197.8000,1
2018-08-16 09:58:41,197.8000,20
2018-08-16 09:58:42,197.8100,1
2018-08-16 09:58:43,197.8200,20
2018-08-16 09:58:44,197.8300,18
2018-08-16 09:58:45,199.4000,20
2018-08-16 09:58:46,199.4000,1
2018-08-16 09:58:47,199.4200,20
2018-08-16 09:58:48,199.7300,1
2018-08-16 09:58:49,197.9100,20
2018-08-16 09:58:50,197.9100,20
2018-08-16 09:58:51,199.7500,4
2018-08-16 09:58:52,201.5400,1
2018-08-16 09:58:53,201.2600,20
2018-08-16 09:58:54,198.6500,1
2018-08-16 09:58:55,199.1900,20
2018-08-16 09:58:56,198.1200,1
2018-08-16 09:58:57,198.2600,1
2018-08-16 09:58:58,199.1900,20
2018-08-16 09:58:59,200.6100,1
2018-08-16 09:59:00,198.6600,1
2018-08-16 09:59:01,200.8900,15
2018-08-16 09:59:02,201.5800,20
2018-08-16 09:59:03,201.5800,1
2018-08-16 09:59:04,201.6000,20
2018-08-16 09:59:05,201.5900,14
2018-08-16 09:59:06,201.5800,19
2018-08-16 09:59:07,201.6000,20
2018-08-16 09:59:08,201.5900,1
2018-08-16 09:59:09,201.5900,1
2018-08-16 09:59:10,201.5900,1
2018-08-16 09:59:11,201.5900,19
2018-08-16 09:59:12,201.5900,1
2018-08-16 09:59:13,201.6000,4
2018-08-16 09:59:14,198.0600,1
2018-08-16 09:59:15,198.0600,1
2018-08-16 09:59:16,198.0600,1
2018-08-16 09:59:17,201.5800,9
2018-08-16 09:59:18,198.0600,1
2018-08-16 09:59:19,201.7000,4
2018-08-16 09:59:20,201.5700,1
2018-08-16 09:59:21,198.0800,20
2018-08-16 09:59:22,201.5700,1
2018-08-16 09:59:23,197.7200,20
2018-08-16 09:59:24,201.5700,20
2018-08-16 09:59:25,201.5700,4
2018-08-16 09:59:26,197.7500,20
2018-08-16 09:59:27,201.5600,20
2018-08-16 09:59:28,198.0900,1
2018-08-16 09:59:29,201.5500,7
2018-08-16 09:59:30,201.5600,1
2018-08-16 09:59:31,197.6000,20
2018-08-16 09:59:32,202.9200,20
2018-08-16 09:59:34,197.6000,1
2018-08-16 09:59:35,201.9900,1
2018-08-16 09:59:36,203.2200,20
2018-08-16 09:59:37,201.2700,4
2018-08-16 09:59:38,201.2700,4
2018-08-16 09:59:39,199.1000,4
2018-08-16 09:59:40,199.0800,2
2018-08-16 09:59:41,199.6500,1
2018-08-16 09:59:42,199.6500,1
2018-08-16 09:59:43,199.6600,1
2018-08-16 09:59:44,201.5700,1
2018-08-16 09:59:45,201.5900,20
2018-08-16 09:59:46,201.5900,20
2018-08-16 09:59:47,201.5900,1
2018-08-16 09:59:48,201.6000,1
2018-08-16 09:59:49,202.9000,4
2018-08-16 09:59:50,201.6000,1
2018-08-16 09:59:52,201.5600,1
2018-08-16 09:59:53,201.5600,1
2018-08-16 09:59:54,199.4100,1
2018-08-16 09:59:55,202.6500,1
2018-08-16 09:59:56,202.6500,20
2018-08-16 09:59:57,203.4300,1
2018-08-16 09:59:58,202.6500,1
2018-08-16 09:59:59,203.9700,20
2018-08-16 10:00:00,202.6600,5
2018-08-16 10:00:01,203.9700,20
2018-08-16 10:00:02,201.8300,4
2018-08-16 10:00:03,203.9700,1
2018-08-16 10:00:04,202.6600,1
2018-08-16 10:00:05,202.6600,20
2018-08-16 10:00:06,203.9600,1
2018-08-16 10:00:07,200.2200,1
2018-08-16 10:00:08,203.9600,20
2018-08-16 10:00:09,200.2200,1
2018-08-16 10:00:10,200.2200,16
2018-08-16 10:00:11,200.2300,1
2018-08-16 10:00:12,200.2300,1
2018-08-16 10:00:13,200.2600,1
2018-08-16 10:00:14,200.2600,20
2018-08-16 10:00:15,203.8900,1
2018-08-16 10:00:16,199.3600,1
2018-08-16 10:00:17,199.3600,2
2018-08-16 10:00:18,199.4000,1
2018-08-16 10:00:19,200.2500,1
2018-08-16 10:00:20,200.2500,1
2018-08-16 10:00:21,200.2600,1
2018-08-16 10:00:22,202.0600,20
2018-08-16 10:00:23,202.7000,20
2018-08-16 10:00:24,200.2400,20
2018-08-16 10:00:25,199.5800,20
2018-08-16 10:00:26,197.6200,4
2018-08-16 10:00:27,199.5700,1
2018-08-16 10:00:28,197.6200,20
2018-08-16 10:00:29,197.6200,20
2018-08-16 10:00:30,197.6200,1
2018-08-16 10:00:31,196.4000,20
2018-08-16 10:00:32,196.4200,1
2018-08-16 10:00:33,196.4200,20
2018-08-16 10:00:34,196.4000,20
2018-08-16 10:00:35,196.4000,20
2018-08-16 10:00:36,196.4100,1
2018-08-16 10:00:37,196.4200,20
2018-08-16 10:00:38,196.4300,1
2018-08-16 10:00:39,196.4300,15
2018-08-16 10:00:40,196.4300,20
2018-08-16 10:00:41,199.3900,1
2018-08-16 10:00:42,196.4400,1
2018-08-16 10:00:43,196.4400,1
2018-08-16 10:00:44,196.4500,4
2018-08-16 10:00:45,195.4400,1
2018-08-16 10:00:46,194.7300,4
2018-08-16 10:00:47,195.4500,17
2018-08-16 10:00:48,195.4100,1
2018-08-16 10:00:49,194.7300,1
2018-08-16 10:00:50,194.7100,1
2018-08-16 10:00:51,195.0800,4
2018-08-16 10:00:52,194.6000,4
2018-08-16 10:00:53,199.0800,1
2018-08-16 10:00:54,199.0800,1
2018-08-16 10:00:55,197.2500,20
2018-08-16 10:00:56,197.2500,20
2018-08-16 10:00:57,197.2500,1
2018-08-16 10:00:58,199.0700,1
2018-08-16 10:00:59,199.0700,20
2018-08-16 10:01:00,197.2600,20
2018-08-16 10:01:01,200.5900,1
2018-08-16 10:01:02,202.1800,20
2018-08-16 10:01:03,200.3100,14
2018-08-16 10:01:04,200.3100,20
2018-08-16 10:01:05,200.3100,20
2018-08-16 10:01:06,198.8700,1
2018-08-16 10:01:07,198.8700,1
2018-08-16 10:01:08,200.3500,20
2018-08-16 10:01:09,201.1700,1
2018-08-16 10:01:10,201.1700,2
2018-08-16 10:01:11,198.8700,20
2018-08-16 10:01:12,198.8800,20
2018-08-16 10:01:13,198.8800,1
2018-08-16 10:01:14,198.8800,20
2018-08-16 10:01:15,200.0200,1
2018-08-16 10:01:16,199.6200,1
2018-08-16 10:01:17,200.3300,2
2018-08-16 10:01:18,199.5200,1
2018-08-16 10:01:19,199.5200,1
2018-08-16 10:01:20,199.5200,20
2018-08-16 10:01:21,200.0100,1
2018-08-16 10:01:22,201.3200,20
2018-08-16 10:01:23,201.3400,20
2018-08-16 10:01:25,199.1800,1
2018-08-16 10:01:26,198.8200,1
2018-08-16 10:01:27,198.8400,20
2018-08-16 10:01:28,201.3400,1
2018-08-16 10:01:29,201.8700,20
2018-08-16 10:01:30,203.1900,1
2018-08-16 10:01:31,203.1900,1
2018-08-16 10:01:32,201.8500,20
2018-08-16 10:01:33,201.8800,20
2018-08-16 10:01:34,201.8400,2
2018-08-16 10:01:36,199.2200,1
2018-08-16 10:01:37,199.2200,20
2018-08-16 10:01:38,199.2300,1
2018-08-16 10:01:39,201.3600,1
2018-08-16 10:01:40,198.1400,1
2018-08-16 10:01:41,201.3600,20
2018-08-16 10:01:43,201.3500,20
2018-08-16 10:01:44,201.7500,1
2018-08-16 10:01:45,203.1200,20
2018-08-16 10:01:46,203.1400,20
2018-08-16 10:01:47,203.1400,6
2018-08-16 10:01:48,203.1400,6
2018-08-16 10:01:49,201.0800,2
2018-08-16 10:01:50,202.2600,20
2018-08-16 10:01:51,200.1000,6
2018-08-16 10:01:52,203.1100,1
2018-08-16 10:01:54,203.1100,10
2018-08-16 10:01:55,203.0400,1
2018-08-16 10:01:56,203.0900,20
2018-08-16 10:01:57,203.0900,20
2018-08-16 10:01:58,199.3200,1
2018-08-16 10:01:59,197.4200,1
2018-08-16 10:02:00,199.9400,20
2018-08-16 10:02:01,197.4200,20
2018-08-16 10:02:02,197.4300,3
2018-08-16 10:02:03,199.9400,1
2018-08-16 10:02:04,199.3000,20
2018-08-16 10:02:05,200.9600,1
2018-08-16 10:02:06,200.9600,1
2018-08-16 10:02:07,198.4600,1
2018-08-16 10:02:08,196.8100,1
2018-08-16 10:02:09,196.8300,1
2018-08-16 10:02:10,199.6600,20
2018-08-16 10:02:11,199.6600,1
2018-08-16 10:02:12,199.6600,1
2018-08-16 10:02:13,199.6500,1
2018-08-16 10:02:14,196.8300,1
2018-08-16 10:02:15,196.8300,1
2018-08-16 10:02:16,196.8400,7
2018-08-16 10:02:17,200.6400,1
2018-08-16 10:02:18,200.3600,20
2018-08-16 10:02:19,196.8500,1
2018-08-16 10:02:20,200.3500,12
2018-08-16 10:02:21,200.9000,1
2018-08-16 10:02:22,196.8500,3
2018-08-16 10:02:23,200.3500,1
2018-08-16 10:02:24,196.8700,4
2018-08-16 10:02:25,196.8700,20
2018-08-16 10:02:26,200.3500,1
2018-08-16 10:02:27,197.0500,1
2018-08-16 10:02:28,197.0500,1
2018-08-16 10:02:29,197.0600,3
2018-08-16 10:02:30,197.1100,1
2018-08-16 10:02:31,201.0000,1
2018-08-16 10:02:32,201.0000,3
2018-08-16 10:02:33,200.3400,1
2018-08-16 10:02:34,200.3300,7
2018-08-16 10:02:35,197.1200,20
2018-08-16 10:02:36,197.1300,20
2018-08-16 10:02:37,197.1400,20
2018-08-16 10:02:38,197.1400,1
2018-08-16 10:02:39,197.1500,5
2018-08-16 10:02:40,197.1500,1
2018-08-16 10:02:41,197.1500,1
2018-08-16 10:02:42,199.6800,20
2018-08-16 10:02:43,202.2100,20
2018-08-16 10:02:44,202.2100,1
2018-08-16 10:02:45,199.6900,20
2018-08-16 10:02:46,199.6900,6
2018-08-16 10:02:48,199.7000,1
2018-08-16 10:02:49,199.7100,1
2018-08-16 10:02:50,199.7200,4
2018-08-16 10:02:51,202.5400,20
2018-08-16 10:02:52,200.6700,20
2018-08-16 10:02:53,202.2000,1
2018-08-16 10:02:54,198.7100,20
2018-08-16 10:02:55,198.7100,1
2018-08-16 10:02:56,202.2000,1
2018-08-16 10:02:57,198.2400,20
2018-08-16 10:02:58,198.6900,20
2018-08-16 10:02:59,198.6900,19
2018-08-16 10:03:00,198.6900,1
2018-08-16 10:03:01,200.3400,20
2018-08-16 10:03:02,200.3400,1
2018-08-16 10:03:03,200.3400,17
2018-08-16 10:03:04,198.2500,6
2018-08-16 10:03:05,198.2500,1
2018-08-16 10:03:06,198.2500,1
2018-08-16 10:03:07,200.3300,1
2018-08-16 10:03:08,198.2500,20
2018-08-16 10:03:09,198.2600,1
2018-08-16 10:03:10,198.2600,1
2018-08-16 10:03:11,201.9300,4
2018-08-16 10:03:13,201.7900,20
2018-08-16 10:03:14,197.9600,1
2018-08-16 10:03:15,197.9600,3
2018-08-16 10:03:16,198.2700,16
2018-08-16 10:03:17,201.8200,1
2018-08-16 10:03:18,197.9700,1
2018-08-16 10:03:19,197.9600,20
2018-08-16 10:03:20,197.9600,20
2018-08-16 10:03:21,201.7800,20
2018-08-16 10:03:22,197.9800,20
2018-08-16 10:03:24,201.7800,4
2018-08-16 10:03:25,198.2800,20
2018-08-16 10:03:26,201.3800,20
2018-08-16 10:03:27,198.6900,3
2018-08-16 10:03:28,198.6900,1
2018-08-16 10:03:29,198.6800,1
2018-08-16 10:03:30,200.7800,20
2018-08-16 10:03:31,198.3900,20
2018-08-16 10:03:32,197.0300,1
2018-08-16 10:03:33,198.3500,1
2018-08-16 10:03:34,201.6200,20
2018-08-16 10:03:35,198.4100,20
2018-08-16 10:03:36,196.3100,4
2018-08-16 10:03:37,196.9300,20
2018-08-16 10:03:38,196.9500,20
2018-08-16 10:03:39,196.9500,20
2018-08-16 10:03:40,196.9600,20
2018-08-16 10:03:41,196.9600,1
2018-08-16 10:03:42,196.9600,1
2018-08-16 10:03:43,196.9600,1
2018-08-16 10:03:44,196.9600,1
2018-08-16 10:03:45,196.9600,20
2018-08-16 10:03:46,196.9600,1
2018-08-16 10:03:47,196.9500,2
2018-08-16 10:03:48,196.9400,17
2018-08-16 10:03:49,196.9300,1
2018-08-16 10:03:50,196.9300,1
2018-08-16 10:03:51,198.9500,1
2018-08-16 10:03:52,199.7900,2
2018-08-16 10:03:53,201.1700,1
2018-08-16 10:03:54,201.1700,1
2018-08-16 10:03:55,202.3400,1
2018-08-16 10:03:56,201.1900,1
2018-08-16 10:03:57,203.1300,20
2018-08-16 10:03:58,200.7200,20
2018-08-16 10:03:59,200.7200,3
2018-08-16 10:04:00,200.7300,17
2018-08-16 10:04:01,203.1300,1
2018-08-16 10:04:02,203.1300,1
2018-08-16 10:04:03,200.7600,1
2018-08-16 10:04:04,202.2800,20
2018-08-16 10:04:05,203.1300,1
2018-08-16 10:04:06,203.1200,1
2018-08-16 10:04:07,202.2900,1
2018-08-16 10:04:08,202.3000,3
2018-08-16 10:04:09,203.1200,20
2018-08-16 10:04:10,203.1200,1
2018-08-16 10:04:11,202.3000,1
2018-08-16 10:04:12,202.3100,20
2018-08-16 10:04:13,202.3100,20
2018-08-16 10:04:14,202.3200,20
2018-08-16 10:04:15,202.7600,20
2018-08-16 10:04:16,202.7600,20
2018-08-16 10:04:17,204.2100,1
2018-08-16 10:04:18,202.7600,1
2018-08-16 10:04:19,203.1100,20
2018-08-16 10:04:20,200.0000,1
2018-08-16 10:04:21,202.7100,20
2018-08-16 10:04:22,200.0000,1
2018-08-16 10:04:23,202.7100,1
2018-08-16 10:04:24,202.7200,1
2018-08-16 10:04:25,202.7200,1
2018-08-16 10:04:26,202.7300,1
2018-08-16 10:04:27,202.7200,4
2018-08-16 10:04:28,202.7300,13
2018-08-16 10:04:29,202.7100,1
2018-08-16 10:04:30,202.7200,1
2018-08-16 10:04:31,205.5500,1
2018-08-16 10:04:32,202.1000,20
2018-08-16 10:04:33,202.1000,20
2018-08-16 10:04:34,202.1200,1
2018-08-16 10:04:35,202.1200,18
2018-08-16 10:04:36,203.4100,9
2018-08-16 10:04:37,203.4100,9
2018-08-16 10:04:38,203.4600,1
2018-08-16 10:04:39,200.1700,1
2018-08-16 10:04:40,199.4300,1
2018-08-16 10:04:41,199.4300,1
2018-08-16 10:04:42,199.4300,20
2018-08-16 10:04:43,197.2000,20
2018-08-16 10:04:44,197.2200,1
2018-08-16 10:04:45,201.3000,1
2018-08-16 10:04:46,201.3200,20
2018-08-16 10:04:47,201.3200,20
2018-08-16 10:04:48,201.3400,4
2018-08-16 10:04:49,201.3200,20
2018-08-16 10:04:50,202.8100,1
2018-08-16 10:04:51,203.3200,4
2018-08-16 10:04:52,204.8600,2
2018-08-16 10:04:53,200.3100,20
2018-08-16 10:04:54,202.1500,1
2018-08-16 10:04:55,202.1300,4
2018-08-16 10:04:56,201.5800,1
2018-08-16 10:04:57,201.8600,4
2018-08-16 10:04:58,201.8600,1
2018-08-16 10:04:59,201.0900,1
2018-08-16 10:05:01,197.5900,4
2018-08-16 10:05:02,205.5500,20
2018-08-16 10:05:03,200.2900,2
2018-08-16 10:05:04,200.2500,20
2018-08-16 10:05:05,198.1200,1
2018-08-16 10:05:06,195.3700,20
2018-08-16 10:05:07,195.3900,1
2018-08-16 10:05:08,195.3900,1
2018-08-16 10:05:09,195.4000,1
2018-08-16 10:05:10,198.7000,1
2018-08-16 10:05:11,198.7000,20
2018-08-16 10:05:12,195.4000,17
2018-08-16 10:05:13,195.4100,20
2018-08-16 10:05:14,195.4100,2
2018-08-16 10:05:15,198.7000,1
2018-08-16 10:05:16,195.4200,20
2018-08-16 10:05:17,195.4200,1
2018-08-16 10:05:18,195.4200,1
2018-08-16 10:05:19,195.4300,1
2018-08-16 10:05:20,198.7000,1
2018-08-16 10:05:21,195.4300,1
2018-08-16 10:05:22,195.8900,1
2018-08-16 10:05:23,195.9100,1
2018-08-16 10:05:24,198.7200,1
2018-08-16 10:05:25,198.7200,20
2018-08-16 10:05:26,198.7200,1
2018-08-16 10:05:27,198.7200,1
2018-08-16 10:05:28,198.7200,7
2018-08-16 10:05:29,198.6900,20
2018-08-16 10:05:30,198.7100,18
2018-08-16 10:05:31,198.7000,1
2018-08-16 10:05:32,198.7000,1
2018-08-16 10:05:33,200.9700,1
2018-08-16 10:05:34,200.9900,1
2018-08-16 10:05:35,200.9800,1
2018-08-16 10:05:36,200.9800,2
2018-08-16 10:05:38,201.0100,4
2018-08-16 10:05:39,201.0400,4
2018-08-16 10:05:40,202.5900,1
2018-08-16 10:05:41,202.5900,12
2018-08-16 10:05:42,202.5900,1
2018-08-16 10:05:44,202.5800,1
2018-08-16 10:05:45,202.5800,1
2018-08-16 10:05:46,202.6000,1
2018-08-16 10:05:47,202.5900,1
2018-08-16 10:05:48,202.6000,1
2018-08-16 10:05:49,202.6000,1
2018-08-16 10:05:50,202.6200,1
2018-08-16 10:05:51,203.7000,2
2018-08-16 10:05:52,202.6200,1
2018-08-16 10:05:53,203.1600,1
2018-08-16 10:05:54,202.5800,15
2018-08-16 10:05:55,202.5700,16
2018-08-16 10:05:56,202.5700,18
2018-08-16 10:05:57,199.7200,3
2018-08-16 10:05:58,203.7200,1
2018-08-16 10:05:59,203.7100,19
2018-08-16 10:06:00,203.7100,19
2018-08-16 10:06:01,203.7100,1
2018-08-16 10:06:02,204.4900,1
2018-08-16 10:06:03,203.7000,1
2018-08-16 10:06:04,200.7700,20
2018-08-16 10:06:05,200.7700,1
2018-08-16 10:06:06,200.1600,19
2018-08-16 10:06:07,200.7800,20
2018-08-16 10:06:08,197.8700,20
2018-08-16 10:06:09,200.6300,1
2018-08-16 10:06:10,197.8700,1
2018-08-16 10:06:11,198.4500,1
2018-08-16 10:06:12,197.8700,1
2018-08-16 10:06:13,198.4500,1
2018-08-16 10:06:14,198.4500,1
2018-08-16 10:06:15,198.4400,13
2018-08-16 10:06:16,198.4400,1
2018-08-16 10:06:17,197.8800,1
2018-08-16 10:06:18,200.1600,4
2018-08-16 10:06:19,200.1600,4
2018-08-16 10:06:20,200.6300,4
2018-08-16 10:06:21,200.6400,16
2018-08-16 10:06:22,200.6200,1
2018-08-16 10:06:23,200.6600,4
2018-08-16 10:06:24,200.6700,16
2018-08-16 10:06:25,200.0700,20
2018-08-16 10:06:26,199.5000,20
2018-08-16 10:06:27,198.3500,20
2018-08-16 10:06:29,198.3500,20
2018-08-16 10:06:30,196.3800,4
2018-08-16 10:06:31,200.0900,1
2018-08-16 10:06:32,196.7100,1
2018-08-16 10:06:33,205.5600,7
2018-08-16 10:06:34,197.2200,1
2018-08-16 10:06:35,198.3400,1
2018-08-16 10:06:36,198.3400,1
2018-08-16 10:06:37,198.3400,1
2018-08-16 10:06:38,200.2300,4
2018-08-16 10:06:39,200.4400,15
2018-08-16 10:06:40,200.4400,1
2018-08-16 10:06:41,200.4400,16
2018-08-16 10:06:42,198.2100,1
2018-08-16 10:06:43,198.2200,1
2018-08-16 10:06:44,199.3800,20
2018-08-16 10:06:45,198.2500,7
2018-08-16 10:06:46,199.4000,1
2018-08-16 10:06:47,200.7300,4
2018-08-16 10:06:48,199.3400,1
2018-08-16 10:06:49,199.3700,20
2018-08-16 10:06:50,197.5100,1
2018-08-16 10:06:51,197.4900,4
2018-08-16 10:06:52,197.4900,1
2018-08-16 10:06:53,197.5000,5
2018-08-16 10:06:54,197.5000,15
2018-08-16 10:06:55,197.5100,20
2018-08-16 10:06:56,197.5100,1
2018-08-16 10:06:57,197.5100,1
2018-08-16 10:06:58,200.1100,20
2018-08-16 10:06:59,197.5100,1
2018-08-16 10:07:00,200.1000,20
2018-08-16 10:07:01,200.1000,20
2018-08-16 10:07:02,197.5100,1
2018-08-16 10:07:03,200.8600,20
2018-08-16 10:07:04,200.8400,1
2018-08-16 10:07:05,200.8400,1
2018-08-16 10:07:06,200.1000,20
2018-08-16 10:07:07,200.1000,20
2018-08-16 10:07:08,198.2000,1
2018-08-16 10:07:09,200.8400,1
2018-08-16 10:07:10,198.2000,20
2018-08-16 10:07:11,200.8400,4
2018-08-16 10:07:12,197.5300,2
2018-08-16 10:07:13,197.5300,1
2018-08-16 10:07:14,197.5300,16
2018-08-16 10:07:15,197.5400,20
2018-08-16 10:07:16,197.5400,18
2018-08-16 10:07:17,200.8300,1
2018-08-16 10:07:18,197.5500,7
2018-08-16 10:07:19,197.5600,20
2018-08-16 10:07:20,197.5600,1
2018-08-16 10:07:21,200.8300,1
2018-08-16 10:07:22,200.8200,3
2018-08-16 10:07:23,198.2200,1
2018-08-16 10:07:24,198.2200,1
2018-08-16 10:07:25,200.8200,1
2018-08-16 10:07:26,200.8200,1
2018-08-16 10:07:27,198.2300,1
2018-08-16 10:07:28,200.8200,1
2018-08-16 10:07:29,198.2300,1
2018-08-16 10:07:30,200.8200,20
2018-08-16 10:07:31,200.8100,2
2018-08-16 10:07:32,200.8000,1
2018-08-16 10:07:33,200.8000,1
2018-08-16 10:07:34,198.2300,1
2018-08-16 10:07:35,198.2300,15
2018-08-16 10:07:36,200.8000,10
2018-08-16 10:07:37,199.5200,1
2018-08-16 10:07:38,201.4800,4
2018-08-16 10:07:39,200.1000,1
2018-08-16 10:07:40,201.4700,20
2018-08-16 10:07:41,201.4600,12
2018-08-16 10:07:42,197.6500,20
2018-08-16 10:07:43,197.6500,14
2018-08-16 10:07:44,200.1600,4
2018-08-16 10:07:45,198.9100,2
2018-08-16 10:07:46,197.6400,1
2018-08-16 10:07:47,197.4600,20
2018-08-16 10:07:48,197.4600,1
2018-08-16 10:07:49,197.4500,1
2018-08-16 10:07:50,197.4500,1
2018-08-16 10:07:51,197.4500,1
2018-08-16 10:07:52,197.4400,4
2018-08-16 10:07:53,204.2800,1
2018-08-16 10:07:54,204.2600,20
2018-08-16 10:07:55,204.2600,1
2018-08-16 10:07:56,203.6100,1
2018-08-16 10:07:57,203.6300,4
2018-08-16 10:07:58,203.6300,20
2018-08-16 10:07:59,204.0000,20
2018-08-16 10:08:00,204.3900,19
2018-08-16 10:08:01,204.3900,20
2018-08-16 10:08:02,204.3900,20
2018-08-16 10:08:03,204.2900,4
2018-08-16 10:08:04,204.3400,1
2018-08-16 10:08:05,204.8400,4
2018-08-16 10:08:06,203.5300,1
2018-08-16 10:08:07,204.0500,20
2018-08-16 10:08:08,205.6000,18
2018-08-16 10:08:09,204.0500,20
2018-08-16 10:08:10,201.4400,3
2018-08-16 10:08:11,203.5300,1
2018-08-16 10:08:12,203.5300,1
2018-08-16 10:08:13,201.2600,1
2018-08-16 10:08:14,201.2800,1
2018-08-16 10:08:15,199.9600,1
2018-08-16 10:08:16,199.9700,1
2018-08-16 10:08:17,199.9800,4
2018-08-16 10:08:18,201.7500,20
2018-08-16 10:08:19,201.2300,1
2018-08-16 10:08:20,202.2600,17
2018-08-16 10:08:21,203.6400,1
2018-08-16 10:08:22,201.2300,20
2018-08-16 10:08:23,202.2800,20
2018-08-16 10:08:24,203.0300,2
2018-08-16 10:08:25,203.9400,18
2018-08-16 10:08:26,204.2900,20
2018-08-16 10:08:27,204.2900,1
2018-08-16 10:08:28,204.2900,20
2018-08-16 10:08:29,204.3000,1
2018-08-16 10:08:30,204.3000,1
2018-08-16 10:08:31,204.8200,2
2018-08-16 10:08:32,204.3100,1
2018-08-16 10:08:33,204.3100,1
2018-08-16 10:08:34,204.8600,2
2018-08-16 10:08:35,205.2400,4
2018-08-16 10:08:36,204.8600,17
2018-08-16 10:08:37,201.2600,1
2018-08-16 10:08:38,201.2700,20
2018-08-16 10:08:39,201.2800,1
2018-08-16 10:08:40,201.2800,20
2018-08-16 10:08:41,198.7700,1
2018-08-16 10:08:42,198.7800,1
2018-08-16 10:08:43,198.7800,1
2018-08-16 10:08:44,198.7800,1
2018-08-16 10:08:45,198.6800,1
2018-08-16 10:08:46,196.9600,1
2018-08-16 10:08:47,196.9600,1
2018-08-16 10:08:48,198.1100,1
2018-08-16 10:08:49,198.1100,1
2018-08-16 10:08:50,200.3500,20
2018-08-16 10:08:51,200.6100,20
2018-08-16 10:08:52,200.3500,1
2018-08-16 10:08:53,200.6100,20
2018-08-16 10:08:54,200.3600,1
2018-08-16 10:08:55,202.7400,1
2018-08-16 10:08:56,200.3700,20
2018-08-16 10:08:57,202.7300,4
2018-08-16 10:08:58,199.0400,1
2018-08-16 10:08:59,199.0500,16
2018-08-16 10:09:00,200.3700,5
2018-08-16 10:09:01,202.2100,1
2018-08-16 10:09:02,202.2000,1
2018-08-16 10:09:03,201.0600,20
2018-08-16 10:09:04,201.0600,20
2018-08-16 10:09:05,201.0700,15
2018-08-16 10:09:06,201.0700,1
2018-08-16 10:09:07,200.6000,1
2018-08-16 10:09:08,202.4500,20
2018-08-16 10:09:09,202.4500,1
2018-08-16 10:09:10,202.4500,1
2018-08-16 10:09:11,202.0000,20
2018-08-16 10:09:12,203.1000,20
2018-08-16 10:09:13,203.1000,20
2018-08-16 10:09:14,204.0100,4
2018-08-16 10:09:15,203.1200,12
2018-08-16 10:09:16,203.1000,14
2018-08-16 10:09:17,203.1100,1
2018-08-16 10:09:18,203.1100,18
2018-08-16 10:09:19,203.1000,1
2018-08-16 10:09:20,203.1100,1
2018-08-16 10:09:21,203.1200,1
2018-08-16 10:09:22,203.1200,3
2018-08-16 10:09:23,203.1200,1
2018-08-16 10:09:24,204.0300,1
2018-08-16 10:09:25,204.0300,1
2018-08-16 10:09:26,204.0300,1
2018-08-16 10:09:27,200.3800,20
2018-08-16 10:09:28,200.4000,1
2018-08-16 10:09:29,200.4000,20
2018-08-16 10:09:30,203.0800,1
2018-08-16 10:09:31,203.1200,1
2018-08-16 10:09:32,202.1800,20
2018-08-16 10:09:33,202.1600,20
2018-08-16 10:09:34,202.1700,1
2018-08-16 10:09:35,202.1900,20
2018-08-16 10:09:36,202.1600,1
2018-08-16 10:09:37,202.1800,1
2018-08-16 10:09:38,202.1900,1
2018-08-16 10:09:39,202.1800,1
2018-08-16 10:09:40,199.3700,20
2018-08-16 10:09:41,203.3500,4
2018-08-16 10:09:42,198.7900,1
2018-08-16 10:09:43,198.7900,20
2018-08-16 10:09:44,198.7900,17
2018-08-16 10:09:45,198.8000,1
2018-08-16 10:09:46,199.3700,1
2018-08-16 10:09:47,199.3500,3
2018-08-16 10:09:48,197.1900,1
2018-08-16 10:09:49,199.8500,1
2018-08-16 10:09:50,199.8500,19
2018-08-16 10:09:51,199.0300,1
2018-08-16 10:09:52,199.0300,1
2018-08-16 10:09:53,199.0300,1
2018-08-16 10:09:54,198.4300,1
2018-08-16 10:09:55,201.6900,1
2018-08-16 10:09:56,197.8900,20
2018-08-16 10:09:57,201.7000,20
2018-08-16 10:09:58,201.7000,20
2018-08-16 10:09:59,197.7000,20
2018-08-16 10:10:00,197.7000,1
2018-08-16 10:10:01,201.7000,17
2018-08-16 10:10:02,201.6900,20
2018-08-16 10:10:03,197.7000,1
2018-08-16 10:10:04,197.6500,4
2018-08-16 10:10:05,197.7000,1
2018-08-16 10:10:06,201.6900,19
2018-08-16 10:10:07,197.7100,12
2018-08-16 10:10:08,201.6800,1
2018-08-16 10:10:09,201.6800,20
2018-08-16 10:10:11,197.6600,1
2018-08-16 10:10:12,197.6600,20
2018-08-16 10:10:13,197.6700,1
2018-08-16 10:10:14,197.6700,1
2018-08-16 10:10:15,197.6800,20
2018-08-16 10:10:16,197.6900,4
2018-08-16 10:10:17,201.6300,20
2018-08-16 10:10:18,201.6300,20
2018-08-16 10:10:19,197.7200,4
2018-08-16 10:10:20,202.9500,4
2018-08-16 10:10:21,202.1000,3
2018-08-16 10:10:22,199.2200,8
2018-08-16 10:10:23,202.1000,3
2018-08-16 10:10:24,202.7100,1
2018-08-16 10:10:25,201.2800,12
2018-08-16 10:10:26,201.2800,1
2018-08-16 10:10:27,202.6800,1
2018-08-16 10:10:29,199.2300,1
2018-08-16 10:10:30,199.2300,1
2018-08-16 10:10:31,198.8600,1
2018-08-16 10:10:32,198.8400,1
2018-08-16 10:10:33,197.0100,4
2018-08-16 10:10:34,196.9800,16
2018-08-16 10:10:35,197.0000,1
2018-08-16 10:10:36,196.9900,20
2018-08-16 10:10:37,196.9800,20
2018-08-16 10:10:39,197.0000,20
2018-08-16 10:10:40,197.0000,1
2018-08-16 10:10:41,199.6900,1
2018-08-16 10:10:42,197.0000,1
2018-08-16 10:10:43,198.2800,1
2018-08-16 10:10:44,198.2800,1
2018-08-16 10:10:46,198.2100,19
2018-08-16 10:10:47,199.7000,1
2018-08-16 10:10:48,199.7000,1
2018-08-16 10:10:49,199.3200,1
2018-08-16 10:10:50,198.5900,1
2018-08-16 10:10:51,198.6000,8
2018-08-16 10:10:52,198.6000,8
2018-08-16 10:10:53,196.8500,20
2018-08-16 10:10:54,196.8700,1
2018-08-16 10:10:55,199.6200,20
2018-08-16 10:10:56,196.8700,20
2018-08-16 10:10:57,199.6100,1
2018-08-16 10:10:58,199.6100,1
2018-08-16 10:10:59,200.6000,1
2018-08-16 10:11:00,200.5800,1
2018-08-16 10:11:01,196.6400,4
2018-08-16 10:11:02,200.5800,1
2018-08-16 10:11:03,200.5900,1
2018-08-16 10:11:04,200.5700,3
2018-08-16 10:11:05,200.0500,1
2018-08-16 10:11:06,200.5700,7
2018-08-16 10:11:07,202.1700,20
2018-08-16 10:11:08,202.1700,20
2018-08-16 10:11:09,202.1900,20
2018-08-16 10:11:10,203.3100,1
2018-08-16 10:11:11,203.3100,1
2018-08-16 10:11:12,203.3300,1
2018-08-16 10:11:13,203.3300,1
2018-08-16 10:11:14,203.3300,1
2018-08-16 10:11:15,203.3300,1
2018-08-16 10:11:16,203.3100,20
2018-08-16 10:11:17,203.3300,4
2018-08-16 10:11:18,203.3300,1
2018-08-16 10:11:19,202.0200,1
2018-08-16 10:11:20,203.1900,1
2018-08-16 10:11:21,203.9800,20
2018-08-16 10:11:22,203.9800,1
2018-08-16 10:11:23,203.9800,1
2018-08-16 10:11:24,203.9800,1
2018-08-16 10:11:25,200.5700,20
2018-08-16 10:11:26,203.9700,5
2018-08-16 10:11:27,200.5700,1
2018-08-16 10:11:28,199.3700,1
2018-08-16 10:11:29,204.2800,1
2018-08-16 10:11:30,199.9400,20
2018-08-16 10:11:31,200.5300,4
2018-08-16 10:11:32,199.9200,1
2018-08-16 10:11:33,199.9400,20
2018-08-16 10:11:34,199.9500,1
2018-08-16 10:11:35,199.9500,1
2018-08-16 10:11:36,199.9500,1
2018-08-16 10:11:37,199.9500,15
2018-08-16 10:11:38,198.3600,4
2018-08-16 10:11:39,198.3500,1
2018-08-16 10:11:40,198.3900,4
2018-08-16 10:11:41,198.3500,1
2018-08-16 10:11:42,199.3800,1
2018-08-16 10:11:43,200.4100,1
2018-08-16 10:11:44,198.3500,3
2018-08-16 10:11:45,201.9800,1
2018-08-16 10:11:46,200.4100,2
2018-08-16 10:11:47,200.4100,2
2018-08-16 10:11:48,202.0700,1
2018-08-16 10:11:49,202.0700,1
2018-08-16 10:11:50,198.0500,1
2018-08-16 10:11:51,198.0600,1
2018-08-16 10:11:52,198.0400,4
2018-08-16 10:11:53,194.5900,16
2018-08-16 10:11:54,196.9400,4
2018-08-16 10:11:55,199.6300,1
2018-08-16 10:11:56,199.6400,1
2018-08-16 10:11:57,200.1100,8
2018-08-16 10:11:58,200.1200,1
2018-08-16 10:11:59,200.1200,20
2018-08-16 10:12:00,200.1100,20
2018-08-16 10:12:01,197.2800,20
2018-08-16 10:12:02,197.2800,1
2018-08-16 10:12:03,197.3400,1
2018-08-16 10:12:04,197.2800,1
2018-08-16 10:12:05,197.2900,1
2018-08-16 10:12:06,199.9000,20
2018-08-16 10:12:07,197.2900,20
2018-08-16 10:12:08,197.3000,3
2018-08-16 10:12:09,200.8100,1
2018-08-16 10:12:10,200.8300,20
2018-08-16 10:12:11,200.8300,1
2018-08-16 10:12:12,200.8200,20
2018-08-16 10:12:13,200.8200,1
2018-08-16 10:12:14,200.8200,18
2018-08-16 10:12:15,200.8300,10
2018-08-16 10:12:16,200.8300,20
2018-08-16 10:12:17,198.4000,1
2018-08-16 10:12:18,200.8000,2
2018-08-16 10:12:19,197.5400,3
2018-08-16 10:12:20,201.5100,4
2018-08-16 10:12:21,200.8000,20
2018-08-16 10:12:22,200.8000,1
2018-08-16 10:12:23,200.7900,7
2018-08-16 10:12:24,197.5300,20
2018-08-16 10:12:25,201.2100,20
2018-08-16 10:12:26,201.2100,20
2018-08-16 10:12:27,197.5400,20
2018-08-16 10:12:28,197.5500,20
2018-08-16 10:12:29,197.5600,1
2018-08-16 10:12:30,201.2100,20
2018-08-16 10:12:31,197.5600,1
2018-08-16 10:12:32,198.4100,1
2018-08-16 10:12:33,198.4100,1
2018-08-16 10:12:34,197.5000,3
2018-08-16 10:12:35,199.6000,1
2018-08-16 10:12:36,197.5100,20
2018-08-16 10:12:37,197.5000,1
2018-08-16 10:12:38,200.0600,20
2018-08-16 10:12:39,200.0600,20
2018-08-16 10:12:40,199.7800,20
2018-08-16 10:12:41,197.6600,1
2018-08-16 10:12:42,197.6800,1
2018-08-16 10:12:43,197.6800,1
2018-08-16 10:12:44,197.6600,1
2018-08-16 10:12:45,197.5800,1
2018-08-16 10:12:46,197.9400,4
2018-08-16 10:12:47,195.1000,20
2018-08-16 10:12:48,197.2400,1
2018-08-16 10:12:49,196.1700,1
2018-08-16 10:12:50,196.7000,1
2018-08-16 10:12:51,196.4500,1
2018-08-16 10:12:52,197.2400,20
2018-08-16 10:12:53,197.2500,20
2018-08-16 10:12:54,196.4400,20
2018-08-16 10:12:55,196.4400,20
2018-08-16 10:12:56,196.4600,1
2018-08-16 10:12:57,196.4500,1
2018-08-16 10:12:58,199.3600,20
2018-08-16 10:12:59,196.4600,20
2018-08-16 10:13:00,196.4600,1
2018-08-16 10:13:01,199.6400,11
2018-08-16 10:13:02,196.4500,1
2018-08-16 10:13:03,195.3700,1
2018-08-16 10:13:04,195.3700,1
2018-08-16 10:13:05,197.8600,2
2018-08-16 10:13:06,198.1100,1
2018-08-16 10:13:07,198.1100,1
2018-08-16 10:13:08,198.1200,4
2018-08-16 10:13:09,200.8100,12
2018-08-16 10:13:10,196.3900,2
2018-08-16 10:13:11,196.1000,1
2018-08-16 10:13:12,196.1100,1
2018-08-16 10:13:13,195.9100,2
2018-08-16 10:13:14,196.1100,1
2018-08-16 10:13:15,196.1000,1
2018-08-16 10:13:16,196.1100,4
2018-08-16 10:13:17,196.1000,1
2018-08-16 10:13:18,196.1000,1
2018-08-16 10:13:19,196.1100,1
2018-08-16 10:13:20,196.1200,3
2018-08-16 10:13:21,196.1300,20
2018-08-16 10:13:22,196.1200,1
2018-08-16 10:13:23,196.1200,19
2018-08-16 10:13:24,196.1000,1
2018-08-16 10:13:25,195.1700,1
2018-08-16 10:13:27,196.1300,15
2018-08-16 10:13:28,196.1100,4
2018-08-16 10:13:29,199.1400,1
2018-08-16 10:13:30,199.1500,20
2018-08-16 10:13:31,199.1500,1
2018-08-16 10:13:32,201.2700,1
2018-08-16 10:13:33,199.1500,1
2018-08-16 10:13:34,199.1500,1
2018-08-16 10:13:35,199.1400,2
2018-08-16 10:13:36,201.6800,1
2018-08-16 10:13:37,201.6800,20
2018-08-16 10:13:38,199.1600,15
2018-08-16 10:13:39,199.1700,20
2018-08-16 10:13:40,202.1700,1
2018-08-16 10:13:41,202.1700,20
2018-08-16 10:13:42,201.6700,4
2018-08-16 10:13:43,198.3700,20
2018-08-16 10:13:44,198.3700,1
2018-08-16 10:13:45,198.3700,1
2018-08-16 10:13:46,202.1600,1
2018-08-16 10:13:47,198.3800,16
2018-08-16 10:13:48,198.3800,1
2018-08-16 10:13:49,202.1500,1
2018-08-16 10:13:50,198.3800,20
2018-08-16 10:13:51,202.1400,15
2018-08-16 10:13:52,202.1400,1
2018-08-16 10:13:53,198.4000,1
2018-08-16 10:13:54,198.4100,15
2018-08-16 10:13:55,202.1400,20
2018-08-16 10:13:56,201.3100,20
2018-08-16 10:13:57,200.6800,20
2018-08-16 10:13:58,201.2900,9
2018-08-16 10:13:59,201.2900,20
2018-08-16 10:14:00,200.6900,20
2018-08-16 10:14:01,200.7100,3
2018-08-16 10:14:02,201.9900,1
2018-08-16 10:14:04,201.3100,1
2018-08-16 10:14:05,201.3100,20
2018-08-16 10:14:06,201.3200,20
2018-08-16 10:14:07,200.8300,1
2018-08-16 10:14:08,200.8300,1
2018-08-16 10:14:09,198.8400,1
2018-08-16 10:14:10,198.8400,1
2018-08-16 10:14:11,198.8400,12
2018-08-16 10:14:12,198.8400,5
2018-08-16 10:14:13,198.8500,1
2018-08-16 10:14:15,203.8000,1
2018-08-16 10:14:16,199.9100,20
2018-08-16 10:14:17,199.9100,1
2018-08-16 10:14:18,199.9200,1
2018-08-16 10:14:19,202.9800,1
2018-08-16 10:14:20,202.9700,4
2018-08-16 10:14:21,199.9000,1
2018-08-16 10:14:23,197.8400,1
2018-08-16 10:14:24,198.4800,1
2018-08-16 10:14:25,197.8400,1
2018-08-16 10:14:26,198.4800,20
2018-08-16 10:14:27,197.8500,20
2018-08-16 10:14:28,196.6200,1
2018-08-16 10:14:29,197.9600,1
2018-08-16 10:14:30,200.8900,4
2018-08-16 10:14:31,200.9100,1
2018-08-16 10:14:32,200.9200,4
2018-08-16 10:14:33,200.9300,4
2018-08-16 10:14:34,205.5600,1
2018-08-16 10:14:35,205.5500,1
2018-08-16 10:14:36,205.5700,1
2018-08-16 10:14:37,205.5400,20
2018-08-16 10:14:38,204.3200,1
2018-08-16 10:14:39,205.5400,1
2018-08-16 10:14:40,205.5400,1
2018-08-16 10:14:41,205.3500,1
2018-08-16 10:14:42,205.3300,4
2018-08-16 10:14:43,205.3900,2
2018-08-16 10:14:44,201.7800,1
2018-08-16 10:14:45,199.5500,1
2018-08-16 10:14:46,199.1700,1
2018-08-16 10:14:47,199.1600,20
2018-08-16 10:14:48,197.3400,20
2018-08-16 10:14:49,197.3400,20
2018-08-16 10:14:50,199.1400,20
2018-08-16 10:14:51,199.1300,20
2018-08-16 10:14:52,197.3400,1
2018-08-16 10:14:53,199.1700,8
2018-08-16 10:14:54,197.1800,1
2018-08-16 10:14:55,197.2000,1
2018-08-16 10:14:56,197.1900,19
2018-08-16 10:14:57,197.1900,4
2018-08-16 10:14:58,202.8900,4
2018-08-16 10:14:59,204.0400,1
2018-08-16 10:15:00,204.0400,1
2018-08-16 10:15:01,204.0400,1
2018-08-16 10:15:02,205.2800,20
2018-08-16 10:15:03,204.3600,1
2018-08-16 10:15:04,204.3600,1
2018-08-16 10:15:05,204.8100,3
2018-08-16 10:15:06,203.1600,20
2018-08-16 10:15:07,201.9100,1
2018-08-16 10:15:08,203.1700,1
2018-08-16 10:15:09,200.8900,4
2018-08-16 10:15:10,205.2600,1
2018-08-16 10:15:11,203.1700,1
2018-08-16 10:15:12,205.2500,20
2018-08-16 10:15:13,200.8800,1
2018-08-16 10:15:14,205.2500,6
2018-08-16 10:15:15,204.3400,1
2018-08-16 10:15:16,204.5700,4
2018-08-16 10:15:17,204.5500,1
2018-08-16 10:15:18,204.1900,1
2018-08-16 10:15:19,204.5600,20
2018-08-16 10:15:20,201.0200,1
2018-08-16 10:15:21,201.0200,20
2018-08-16 10:15:22,203.2200,4
2018-08-16 10:15:23,202.6500,1
2018-08-16 10:15:24,201.0300,1
2018-08-16 10:15:25,201.0300,20
2018-08-16 10:15:26,201.0400,20
2018-08-16 10:15:27,202.6500,20
2018-08-16 10:15:28,199.2700,1
2018-08-16 10:15:29,199.2700,1
2018-08-16 10:15:31,201.0400,1
2018-08-16 10:15:32,203.2900,1
2018-08-16 10:15:33,203.2500,1
2018-08-16 10:15:34,203.2300,1
2018-08-16 10:15:35,204.2700,4
2018-08-16 10:15:36,203.7500,1
2018-08-16 10:15:38,200.3000,4
2018-08-16 10:15:39,200.3300,1
2018-08-16 10:15:40,205.6200,17
2018-08-16 10:15:41,205.0500,1
2018-08-16 10:15:42,205.0500,20
2018-08-16 10:15:43,205.0500,20
2018-08-16 10:15:44,200.0600,1
2018-08-16 10:15:45,200.2900,1
2018-08-16 10:15:46,200.2900,1
2018-08-16 10:15:47,200.1800,1
2018-08-16 10:15:48,198.7800,1
2018-08-16 10:15:49,200.2800,1
2018-08-16 10:15:50,198.7800,11
2018-08-16 10:15:51,198.7900,1
2018-08-16 10:15:53,202.0700,20
2018-08-16 10:15:54,200.2800,1
2018-08-16 10:15:55,197.6600,1
2018-08-16 10:15:56,197.6600,2
2018-08-16 10:15:57,198.6800,20
2018-08-16 10:15:58,198.6800,20
2018-08-16 10:15:59,198.6900,1
2018-08-16 10:16:00,201.0000,20
2018-08-16 10:16:01,199.1800,4
2018-08-16 10:16:02,201.8300,1
2018-08-16 10:16:03,201.8300,1
2018-08-16 10:16:05,199.6200,20
2018-08-16 10:16:06,197.7900,1
2018-08-16 10:16:09,200.3800,1
2018-08-16 10:16:10,200.4000,1
2018-08-16 10:16:11,200.3900,1
2018-08-16 10:16:12,200.4000,20
2018-08-16 10:16:13,200.3900,20
2018-08-16 10:16:14,200.4000,19
2018-08-16 10:16:15,200.4000,20
2018-08-16 10:16:16,200.4000,20
2018-08-16 10:16:17,200.4000,16
2018-08-16 10:16:18,200.4100,20
2018-08-16 10:16:19,200.4100,1
2018-08-16 10:16:21,200.4100,1
2018-08-16 10:16:22,200.4000,20
2018-08-16 10:16:23,200.4000,20
2018-08-16 10:16:24,200.3800,1
2018-08-16 10:16:25,200.3900,1
2018-08-16 10:16:26,202.2300,1
2018-08-16 10:16:27,200.4200,4
2018-08-16 10:16:28,200.4200,4
2018-08-16 10:16:29,200.4000,4
2018-08-16 10:16:30,198.8800,1
2018-08-16 10:16:31,198.8800,1
2018-08-16 10:16:32,201.3400,20
2018-08-16 10:16:33,202.0200,1
2018-08-16 10:16:34,202.0400,1
2018-08-16 10:16:35,202.0300,1
2018-08-16 10:16:36,199.3800,20
2018-08-16 10:16:37,199.3900,20
2018-08-16 10:16:38,201.0800,1
2018-08-16 10:16:39,198.0900,4
2018-08-16 10:16:40,198.1100,1
2018-08-16 10:16:41,198.1100,16
2018-08-16 10:16:42,198.1500,1
2018-08-16 10:16:43,198.1300,20
2018-08-16 10:16:44,198.1300,20
2018-08-16 10:16:45,198.1500,20
2018-08-16 10:16:46,198.1300,18
2018-08-16 10:16:47,198.1500,1
2018-08-16 10:16:48,198.1500,20
2018-08-16 10:16:49,198.1500,17
2018-08-16 10:16:50,198.1600,3
2018-08-16 10:16:51,198.1600,1
2018-08-16 10:16:52,198.1300,4
2018-08-16 10:16:53,200.6300,3
2018-08-16 10:16:54,198.1300,1
2018-08-16 10:16:55,198.1300,1
2018-08-16 10:16:56,200.6300,3
2018-08-16 10:16:57,198.1200,1
2018-08-16 10:16:58,198.1200,20
2018-08-16 10:16:59,200.6400,13
2018-08-16 10:17:00,196.6500,1
2018-08-16 10:17:01,197.0000,1
2018-08-16 10:17:02,196.9600,4
2018-08-16 10:17:03,197.6200,1
2018-08-16 10:17:04,197.0000,1
2018-08-16 10:17:05,199.8200,1
2018-08-16 10:17:06,199.8200,1
2018-08-16 10:17:07,199.8400,1
2018-08-16 10:17:08,199.8400,1
2018-08-16 10:17:09,199.8300,20
2018-08-16 10:17:10,199.8300,20
2018-08-16 10:17:11,199.8000,15
2018-08-16 10:17:12,199.5200,1
2018-08-16 10:17:13,199.5300,4
2018-08-16 10:17:14,199.8500,1
2018-08-16 10:17:15,198.4700,3
2018-08-16 10:17:16,201.6500,1
2018-08-16 10:17:17,199.8000,1
2018-08-16 10:17:18,199.8000,1
2018-08-16 10:17:19,199.7900,20
2018-08-16 10:17:20,199.8000,1
2018-08-16 10:17:21,201.8400,3
2018-08-16 10:17:22,201.8400,1
2018-08-16 10:17:23,201.8400,19
2018-08-16 10:17:24,201.8400,1
2018-08-16 10:17:25,199.7900,8
2018-08-16 10:17:26,199.7800,1
2018-08-16 10:17:27,199.7800,2
2018-08-16 10:17:28,199.7600,20
2018-08-16 10:17:29,198.5100,1
2018-08-16 10:17:30,199.3800,1
2018-08-16 10:17:31,199.3700,4
2018-08-16 10:17:32,198.4900,1
2018-08-16 10:17:33,198.4900,20
2018-08-16 10:17:34,197.9400,1
2018-08-16 10:17:35,198.4900,1
2018-08-16 10:17:37,198.4900,20
2018-08-16 10:17:38,202.8900,4
2018-08-16 10:17:39,196.2500,1
2018-08-16 10:17:40,200.2200,20
2018-08-16 10:17:41,205.5000,1
2018-08-16 10:17:42,196.2500,1
2018-08-16 10:17:43,205.4900,1
2018-08-16 10:17:44,196.2500,13
2018-08-16 10:17:45,196.2600,1
2018-08-16 10:17:46,196.2600,1
2018-08-16 10:17:47,205.4900,1
2018-08-16 10:17:48,205.4900,1
2018-08-16 10:17:49,205.4800,9
2018-08-16 10:17:51,202.5400,1
2018-08-16 10:17:52,197.5200,20
2018-08-16 10:17:53,197.5200,20
2018-08-16 10:17:54,202.5000,4
2018-08-16 10:17:55,200.2800,1
2018-08-16 10:17:56,196.7700,1
2018-08-16 10:17:58,196.2900,9
2018-08-16 10:17:59,195.7500,12
2018-08-16 10:18:00,195.7600,1
2018-08-16 10:18:01,195.7600,1
2018-08-16 10:18:02,198.9400,20
2018-08-16 10:18:03,195.7700,20
2018-08-16 10:18:05,198.9400,1
2018-08-16 10:18:06,198.9400,19
2018-08-16 10:18:07,198.9300,1
2018-08-16 10:18:08,195.7800,1
2018-08-16 10:18:09,195.7800,20
2018-08-16 10:18:10,198.9300,9
2018-08-16 10:18:11,198.9300,11
2018-08-16 10:18:12,198.9200,1
2018-08-16 10:18:13,195.7900,1
2018-08-16 10:18:14,197.3500,4
2018-08-16 10:18:15,194.3000,3
2018-08-16 10:18:16,200.1000,3
2018-08-16 10:18:17,201.9900,4
2018-08-16 10:18:18,199.3800,20
2018-08-16 10:18:19,199.3600,1
2018-08-16 10:18:20,197.5400,1
2018-08-16 10:18:21,199.3600,1
2018-08-16 10:18:22,199.3600,20
2018-08-16 10:18:23,199.3600,20
2018-08-16 10:18:24,196.9000,1
2018-08-16 10:18:25,199.3600,11
2018-08-16 10:18:26,199.3500,15
2018-08-16 10:18:27,196.9000,19
2018-08-16 10:18:28,196.9100,1
2018-08-16 10:18:29,196.9100,20
2018-08-16 10:18:30,196.9100,1
2018-08-16 10:18:31,196.9100,1
2018-08-16 10:18:32,197.5400,1
2018-08-16 10:18:33,197.5400,1
2018-08-16 10:18:34,199.9000,20
2018-08-16 10:18:35,199.8900,1
2018-08-16 10:18:36,199.8900,1
2018-08-16 10:18:37,199.9000,1
2018-08-16 10:18:38,199.9000,17
2018-08-16 10:18:39,199.8800,1
2018-08-16 10:18:40,199.8900,20
2018-08-16 10:18:41,199.8900,1
2018-08-16 10:18:42,205.6300,1
2018-08-16 10:18:43,205.6300,4
2018-08-16 10:18:44,205.6300,13
2018-08-16 10:18:45,205.6200,4
2018-08-16 10:18:46,205.6200,4
2018-08-16 10:18:47,205.6200,1
2018-08-16 10:18:48,205.6700,4
2018-08-16 10:18:49,205.8700,1
2018-08-16 10:18:50,205.6300,8
2018-08-16 10:18:51,201.8700,4
2018-08-16 10:18:52,202.0400,1
2018-08-16 10:18:53,195.6900,20
2018-08-16 10:18:54,195.6900,2
2018-08-16 10:18:55,195.6900,20
2018-08-16 10:18:56,195.6900,1
2018-08-16 10:18:57,195.3600,4
2018-08-16 10:18:58,195.4000,4
2018-08-16 10:18:59,195.7000,1
2018-08-16 10:19:00,195.7000,20
2018-08-16 10:19:01,195.7000,20
2018-08-16 10:19:02,196.7200,15
2018-08-16 10:19:03,196.7100,1
2018-08-16 10:19:04,195.7100,1
2018-08-16 10:19:05,195.7200,1
2018-08-16 10:19:06,195.7300,1
2018-08-16 10:19:07,195.7300,1
2018-08-16 10:19:08,195.7300,20
2018-08-16 10:19:10,199.3300,2
2018-08-16 10:19:11,199.3700,1
2018-08-16 10:19:12,200.2800,20
2018-08-16 10:19:13,200.3600,20
2018-08-16 10:19:14,202.2200,1
2018-08-16 10:19:15,202.2200,20
2018-08-16 10:19:16,200.3100,20
2018-08-16 10:19:17,200.3100,20
2018-08-16 10:19:18,201.3200,1
2018-08-16 10:19:19,200.3400,1
2018-08-16 10:19:20,198.9300,20
2018-08-16 10:19:21,198.9300,1
2018-08-16 10:19:22,201.3200,20
2018-08-16 10:19:23,201.3200,1
2018-08-16 10:19:24,201.3200,20
2018-08-16 10:19:25,201.3100,7
2018-08-16 10:19:26,203.4600,4
2018-08-16 10:19:27,202.1000,20
2018-08-16 10:19:28,202.1000,1
2018-08-16 10:19:29,202.1000,1
2018-08-16 10:19:30,202.1100,16
2018-08-16 10:19:32,202.1100,20
2018-08-16 10:19:33,199.5300,4
2018-08-16 10:19:34,197.8100,4
2018-08-16 10:19:35,199.4700,13
2018-08-16 10:19:36,201.6400,20
2018-08-16 10:19:37,198.9700,17
2018-08-16 10:19:38,198.9700,17
2018-08-16 10:19:39,199.4700,1
2018-08-16 10:19:40,201.3300,1
2018-08-16 10:19:41,201.3500,2
2018-08-16 10:19:42,201.3600,1
2018-08-16 10:19:43,201.3600,15
2018-08-16 10:19:44,201.3500,18
2018-08-16 10:19:45,200.1500,1
2018-08-16 10:19:47,201.2600,1
2018-08-16 10:19:48,200.6000,1
2018-08-16 10:19:49,203.0600,20
2018-08-16 10:19:50,200.7900,1
2018-08-16 10:19:51,200.7900,1
2018-08-16 10:19:52,201.5000,1
2018-08-16 10:19:53,201.5000,20
2018-08-16 10:19:54,200.8000,1
2018-08-16 10:19:55,200.8000,1
2018-08-16 10:19:57,199.2700,1
2018-08-16 10:19:58,199.2700,1
2018-08-16 10:19:59,198.2600,1
2018-08-16 10:20:00,198.3000,1
2018-08-16 10:20:01,196.7700,1
2018-08-16 10:20:02,202.2600,1
2018-08-16 10:20:03,196.7700,20
2018-08-16 10:20:04,202.2600,1
2018-08-16 10:20:05,202.2500,1
2018-08-16 10:20:06,196.7800,1
2018-08-16 10:20:07,202.2200,1
2018-08-16 10:20:08,196.7800,1
2018-08-16 10:20:09,196.7800,10
2018-08-16 10:20:10,200.2300,1
2018-08-16 10:20:11,200.2300,1
2018-08-16 10:20:12,198.1400,1
2018-08-16 10:20:13,198.1400,20
2018-08-16 10:20:14,198.1400,20
2018-08-16 10:20:15,201.3300,1
2018-08-16 10:20:16,202.8800,1
2018-08-16 10:20:17,205.8800,20
2018-08-16 10:20:18,200.0000,4
2018-08-16 10:20:19,201.9200,20
2018-08-16 10:20:20,199.3100,1
2018-08-16 10:20:21,201.9200,20
2018-08-16 10:20:22,203.2800,4
2018-08-16 10:20:23,203.2400,4
2018-08-16 10:20:24,201.9300,1
2018-08-16 10:20:25,201.9300,19
2018-08-16 10:20:26,203.2800,19
2018-08-16 10:20:27,203.2800,20
2018-08-16 10:20:28,203.2800,19
2018-08-16 10:20:29,203.2700,1
2018-08-16 10:20:30,201.9400,20
2018-08-16 10:20:31,201.9500,1
2018-08-16 10:20:32,203.2600,1
2018-08-16 10:20:33,203.2600,1
2018-08-16 10:20:34,203.7600,4
2018-08-16 10:20:35,203.7000,20
2018-08-16 10:20:36,203.7100,1
2018-08-16 10:20:37,203.7100,20
2018-08-16 10:20:38,201.7200,20
2018-08-16 10:20:39,202.1200,1
2018-08-16 10:20:40,202.1200,19
2018-08-16 10:20:41,200.7100,1
2018-08-16 10:20:42,200.7100,1
2018-08-16 10:20:43,200.7100,20
2018-08-16 10:20:44,202.4300,1
2018-08-16 10:20:45,199.0600,1
2018-08-16 10:20:46,199.1000,4
2018-08-16 10:20:47,200.7000,1
2018-08-16 10:20:48,200.7100,1
2018-08-16 10:20:49,200.7100,1
2018-08-16 10:20:50,200.7000,20
2018-08-16 10:20:51,202.4500,20
2018-08-16 10:20:52,202.4500,1
2018-08-16 10:20:53,200.3000,1
2018-08-16 10:20:54,203.3300,12
2018-08-16 10:20:55,201.9000,1
2018-08-16 10:20:56,201.8800,20
2018-08-16 10:20:57,201.9000,1
2018-08-16 10:20:58,201.8800,1
2018-08-16 10:20:59,201.9000,1
2018-08-16 10:21:00,201.8900,1
2018-08-16 10:21:01,203.2500,7
2018-08-16 10:21:02,201.9100,1
2018-08-16 10:21:03,203.2500,1
2018-08-16 10:21:04,201.9100,1
2018-08-16 10:21:05,201.9200,6
2018-08-16 10:21:06,201.9200,1
2018-08-16 10:21:07,201.9200,20
2018-08-16 10:21:08,203.9200,20
2018-08-16 10:21:09,201.9300,14
2018-08-16 10:21:10,201.9300,1
2018-08-16 10:21:11,203.9200,1
2018-08-16 10:21:12,200.0600,4
2018-08-16 10:21:13,203.9100,1
2018-08-16 10:21:15,201.8800,1
2018-08-16 10:21:16,201.8800,1
2018-08-16 10:21:17,200.5100,20
2018-08-16 10:21:18,200.5100,9
2018-08-16 10:21:19,200.9100,1
2018-08-16 10:21:20,199.3000,13
2018-08-16 10:21:21,204.1100,1
2018-08-16 10:21:22,199.2900,20
2018-08-16 10:21:23,198.4300,4
2018-08-16 10:21:24,198.4200,1
2018-08-16 10:21:25,198.3700,4
2018-08-16 10:21:26,200.8400,1
2018-08-16 10:21:27,200.8800,4
2018-08-16 10:21:28,201.2300,20
2018-08-16 10:21:29,200.8400,4
2018-08-16 10:21:30,200.8400,20
2018-08-16 10:21:31,198.7000,4
2018-08-16 10:21:32,196.5600,1
2018-08-16 10:21:33,196.5500,19
2018-08-16 10:21:34,197.0900,1
2018-08-16 10:21:35,195.7400,4
2018-08-16 10:21:37,196.8100,4
2018-08-16 10:21:38,196.8100,4
2018-08-16 10:21:39,195.4800,1
2018-08-16 10:21:40,195.4700,1
2018-08-16 10:21:41,195.4800,1
2018-08-16 10:21:42,195.4500,1
2018-08-16 10:21:43,195.4500,20
2018-08-16 10:21:44,195.4500,1
2018-08-16 10:21:45,195.4500,1
2018-08-16 10:21:46,194.7600,1
2018-08-16 10:21:47,197.9500,1
2018-08-16 10:21:48,195.1200,10
2018-08-16 10:21:49,196.5300,1
2018-08-16 10:21:50,197.9500,1
2018-08-16 10:21:51,200.0000,1
2018-08-16 10:21:52,196.0000,1
2018-08-16 10:21:53,196.9700,19
2018-08-16 10:21:54,197.4600,4
2018-08-16 10:21:55,199.0700,1
2018-08-16 10:21:56,197.7000,1
2018-08-16 10:21:57,197.7000,1
2018-08-16 10:21:58,197.6800,20
2018-08-16 10:21:59,197.6900,20
2018-08-16 10:22:00,196.3400,1
2018-08-16 10:22:01,201.7300,13
2018-08-16 10:22:02,201.7300,13
2018-08-16 10:22:03,199.7100,20
2018-08-16 10:22:04,196.5700,1
2018-08-16 10:22:05,196.5700,20
2018-08-16 10:22:06,196.5700,20
2018-08-16 10:22:07,196.5800,3
2018-08-16 10:22:08,196.5500,18
2018-08-16 10:22:09,196.5600,20
2018-08-16 10:22:10,200.3200,20
2018-08-16 10:22:11,196.5400,1
2018-08-16 10:22:12,199.3600,1
2018-08-16 10:22:13,195.5700,1
2018-08-16 10:22:14,195.5700,20
2018-08-16 10:22:15,195.5700,1
2018-08-16 10:22:16,197.4700,3
2018-08-16 10:22:17,200.1900,1
2018-08-16 10:22:18,200.1900,9
2018-08-16 10:22:19,201.2000,20
2018-08-16 10:22:20,200.2000,1
2018-08-16 10:22:21,200.2000,1
2018-08-16 10:22:22,200.2100,20
2018-08-16 10:22:24,201.2000,20
2018-08-16 10:22:25,198.7000,3
2018-08-16 10:22:26,200.8200,17
2018-08-16 10:22:27,197.6500,1
2018-08-16 10:22:28,197.7100,4
2018-08-16 10:22:29,196.3900,1
2018-08-16 10:22:30,196.3700,4
2018-08-16 10:22:31,199.4200,1
2018-08-16 10:22:33,199.4200,1
2018-08-16 10:22:34,199.4800,4
2018-08-16 10:22:35,197.6000,1
2018-08-16 10:22:36,198.5200,1
2018-08-16 10:22:37,196.9700,20
2018-08-16 10:22:38,198.2100,1
2018-08-16 10:22:39,199.4900,1
2018-08-16 10:22:40,201.2100,4
2018-08-16 10:22:41,198.3600,20
2018-08-16 10:22:42,198.2900,20
2018-08-16 10:22:43,199.7900,20
2018-08-16 10:22:44,200.8200,20
2018-08-16 10:22:45,198.3000,4
2018-08-16 10:22:46,197.7000,1
2018-08-16 10:22:47,197.7000,20
2018-08-16 10:22:48,196.4000,20
2018-08-16 10:22:49,196.4000,1
2018-08-16 10:22:50,197.7000,7
2018-08-16 10:22:51,196.4100,2
2018-08-16 10:22:52,197.6900,1
2018-08-16 10:22:53,196.4100,1
2018-08-16 10:22:54,197.6900,1
2018-08-16 10:22:55,195.9500,20
2018-08-16 10:22:56,197.6900,1
2018-08-16 10:22:57,196.4100,16
2018-08-16 10:22:58,197.6900,20
2018-08-16 10:22:59,200.8200,20
2018-08-16 10:23:00,199.7700,20
2018-08-16 10:23:01,199.7900,20
2018-08-16 10:23:02,199.7800,1
2018-08-16 10:23:03,199.7800,19
2018-08-16 10:23:04,199.7800,1
2018-08-16 10:23:05,199.7800,1
2018-08-16 10:23:06,199.7800,4
2018-08-16 10:23:07,199.7600,1
2018-08-16 10:23:08,199.7700,1
2018-08-16 10:23:09,199.7600,1
2018-08-16 10:23:10,199.7600,1
2018-08-16 10:23:11,199.7600,20
2018-08-16 10:23:12,199.7600,20
2018-08-16 10:23:13,199.7800,20
2018-08-16 10:23:14,199.7800,1
2018-08-16 10:23:15,199.7800,1
2018-08-16 10:23:17,199.7800,17
2018-08-16 10:23:18,199.7700,19
2018-08-16 10:23:19,197.8500,20
2018-08-16 10:23:20,197.8500,20
2018-08-16 10:23:21,201.8400,1
2018-08-16 10:23:22,203.3100,1
2018-08-16 10:23:23,203.3100,20
2018-08-16 10:23:24,203.3100,1
2018-08-16 10:23:25,201.8900,1
2018-08-16 10:23:26,201.8900,18
2018-08-16 10:23:27,201.8900,1
2018-08-16 10:23:28,201.8900,20
2018-08-16 10:23:29,203.9800,20
2018-08-16 10:23:30,201.8900,17
2018-08-16 10:23:31,201.9000,3
2018-08-16 10:23:32,204.0400,20
2018-08-16 10:23:33,204.0400,20
2018-08-16 10:23:34,201.9200,1
2018-08-16 10:23:35,204.0400,1
2018-08-16 10:23:36,204.0400,14
2018-08-16 10:23:37,204.0300,20
2018-08-16 10:23:38,204.0000,1
2018-08-16 10:23:39,204.0600,1
2018-08-16 10:23:40,199.4500,1
2018-08-16 10:23:41,199.4400,1
2018-08-16 10:23:42,199.4300,20
2018-08-16 10:23:43,199.4300,1
2018-08-16 10:23:44,199.4400,4
2018-08-16 10:23:45,201.6000,1
2018-08-16 10:23:46,198.7500,2
2018-08-16 10:23:47,198.7300,1
2018-08-16 10:23:48,205.8800,20
2018-08-16 10:23:49,202.6700,1
2018-08-16 10:23:50,204.1000,4
2018-08-16 10:23:51,204.1100,16
2018-08-16 10:23:52,200.8600,1
2018-08-16 10:23:53,198.5800,20
2018-08-16 10:23:54,198.5800,1
2018-08-16 10:23:55,198.5800,1
2018-08-16 10:23:56,198.1800,1
2018-08-16 10:23:57,198.1800,1
2018-08-16 10:23:58,198.1600,20
2018-08-16 10:23:59,197.2100,20
2018-08-16 10:24:00,197.2200,1
2018-08-16 10:24:01,197.2200,12
2018-08-16 10:24:02,197.2200,20
2018-08-16 10:24:03,201.1000,1
2018-08-16 10:24:04,201.1000,1
2018-08-16 10:24:05,200.3500,1
2018-08-16 10:24:06,202.4800,1
2018-08-16 10:24:07,202.4600,20
2018-08-16 10:24:08,199.7100,20
2018-08-16 10:24:09,202.4500,2
2018-08-16 10:24:10,199.7100,1
2018-08-16 10:24:11,199.7100,20
2018-08-16 10:24:12,202.4500,1
2018-08-16 10:24:13,199.7200,1
2018-08-16 10:24:14,199.7200,1
2018-08-16 10:24:15,199.7200,1
2018-08-16 10:24:16,202.7100,20
2018-08-16 10:24:17,202.7000,20
