timestamp,price,size
2020-11-02 09:30:32,191.3600,1
2020-11-02 09:30:33,191.3700,1
2020-11-02 09:30:34,191.4600,1
2020-11-02 09:30:35,191.4600,1
2020-11-02 09:30:36,191.4600,1
2020-11-02 09:30:37,191.4600,1
2020-11-02 09:30:38,191.4600,1
2020-11-02 09:30:39,191.3700,1
2020-11-02 09:30:40,191.3700,1
2020-11-02 09:30:41,191.3700,1
2020-11-02 09:30:42,191.3700,1
2020-11-02 09:30:43,191.3400,1
2020-11-02 09:30:44,191.3400,1
2020-11-02 09:30:45,191.3400,1
2020-11-02 09:30:46,191.1000,1
2020-11-02 09:30:47,191.1000,1
2020-11-02 09:30:48,191.1000,1
2020-11-02 09:30:49,191.1000,1
2020-11-02 09:30:50,191.1000,1
2020-11-02 09:30:51,191.1000,1
2020-11-02 09:30:52,191.1000,1
2020-11-02 09:30:53,191.0500,1
2020-11-02 09:30:54,191.0500,1
2020-11-02 09:30:55,191.0500,1
2020-11-02 09:30:56,191.0500,1
2020-11-02 09:30:57,191.0500,1
2020-11-02 09:30:58,191.0500,1
2020-11-02 09:30:59,191.0500,1
2020-11-02 09:31:00,191.0500,1
2020-11-02 09:31:01,191.0500,1
2020-11-02 09:31:02,191.0500,1
2020-11-02 09:31:03,191.0500,1
2020-11-02 09:31:04,191.0500,1
2020-11-02 09:31:05,191.2000,1
2020-11-02 09:31:06,191.2000,1
2020-11-02 09:31:07,191.2000,1
2020-11-02 09:31:08,191.2000,1
2020-11-02 09:31:09,191.1000,1
2020-11-02 09:31:10,191.1000,1
2020-11-02 09:31:11,191.1000,1
2020-11-02 09:31:12,191.1000,1
2020-11-02 09:31:13,191.1000,1
2020-11-02 09:31:14,191.1000,1
2020-11-02 09:31:15,191.0900,2
2020-11-02 09:31:16,191.0900,2
2020-11-02 09:31:17,191.2600,1
2020-11-02 09:31:18,191.2600,1
2020-11-02 09:31:19,191.2700,1
2020-11-02 09:31:20,191.2700,1
2020-11-02 09:31:21,191.4000,1
2020-11-02 09:31:22,191.4000,1
2020-11-02 09:31:23,191.2000,1
2020-11-02 09:31:24,191.2000,1
2020-11-02 09:31:25,191.2700,1
2020-11-02 09:31:26,191.2700,1
2020-11-02 09:31:27,191.2700,1
2020-11-02 09:31:28,191.2700,1
2020-11-02 09:31:29,191.2700,1
2020-11-02 09:31:30,191.2700,1
2020-11-02 09:31:31,191.2700,1
2020-11-02 09:31:32,191.2200,1
2020-11-02 09:31:33,191.2200,1
2020-11-02 09:31:34,191.3300,1
2020-11-02 09:31:35,191.1800,1
2020-11-02 09:31:36,191.1800,1
2020-11-02 09:31:37,191.0700,2
2020-11-02 09:31:38,191.0700,1
2020-11-02 09:31:39,191.1200,1
2020-11-02 09:31:40,190.9700,1
2020-11-02 09:31:41,190.9700,1
2020-11-02 09:31:42,190.8700,1
2020-11-02 09:31:43,190.8700,1
2020-11-02 09:31:44,191.0600,1
2020-11-02 09:31:45,191.0600,1
2020-11-02 09:31:46,190.9600,1
2020-11-02 09:31:47,191.1600,1
2020-11-02 09:31:48,190.9100,1
2020-11-02 09:31:49,190.9100,1
2020-11-02 09:31:50,190.9100,1
2020-11-02 09:31:51,190.9100,1
2020-11-02 09:31:52,190.9100,1
2020-11-02 09:31:53,190.9100,1
2020-11-02 09:31:54,190.9100,1
2020-11-02 09:31:55,190.9100,1
2020-11-02 09:31:56,190.9100,1
2020-11-02 09:31:57,190.9100,1
2020-11-02 09:31:58,190.9100,1
2020-11-02 09:31:59,190.9100,1
2020-11-02 09:32:00,190.9100,1
2020-11-02 09:32:01,190.9100,1
2020-11-02 09:32:02,190.9100,1
2020-11-02 09:32:03,190.9100,1
2020-11-02 09:32:04,190.9100,1
2020-11-02 09:32:05,191.1500,1
2020-11-02 09:32:06,191.1500,1
2020-11-02 09:32:07,191.1300,1
2020-11-02 09:32:08,191.0900,1
2020-11-02 09:32:09,191.0900,1
2020-11-02 09:32:10,191.0900,1
2020-11-02 09:32:11,191.0900,1
2020-11-02 09:32:12,191.0900,1
2020-11-02 09:32:13,191.0900,1
2020-11-02 09:32:14,191.0900,1
2020-11-02 09:32:15,191.0900,1
2020-11-02 09:32:16,191.0900,1
2020-11-02 09:32:17,191.0900,1
2020-11-02 09:32:18,191.0900,1
2020-11-02 09:32:19,191.0900,1
2020-11-02 09:32:20,191.0900,1
2020-11-02 09:32:21,191.0900,1
2020-11-02 09:32:22,191.0900,1
2020-11-02 09:32:23,191.0900,1
2020-11-02 09:32:24,190.9800,1
2020-11-02 09:32:25,190.8300,1
2020-11-02 09:32:26,190.8300,1
2020-11-02 09:32:27,190.8400,10
2020-11-02 09:32:28,190.8400,10
2020-11-02 09:32:29,190.8400,10
2020-11-02 09:32:30,190.9800,1
2020-11-02 09:32:31,190.9500,1
2020-11-02 09:32:32,190.9500,1
2020-11-02 09:32:33,190.9000,1
2020-11-02 09:32:34,190.9000,1
2020-11-02 09:32:35,190.9000,1
2020-11-02 09:32:36,190.8000,1
2020-11-02 09:32:37,190.8000,1
2020-11-02 09:32:38,190.8000,1
2020-11-02 09:32:39,190.8000,1
2020-11-02 09:32:40,190.8000,1
2020-11-02 09:32:41,190.8000,1
2020-11-02 09:32:42,190.8000,1
2020-11-02 09:32:43,190.8000,1
2020-11-02 09:32:44,190.8000,1
2020-11-02 09:32:45,190.8000,1
2020-11-02 09:32:46,190.8000,1
2020-11-02 09:32:47,190.8000,1
2020-11-02 09:32:48,190.8000,1
2020-11-02 09:32:49,190.8000,1
2020-11-02 09:32:50,190.9100,1
2020-11-02 09:32:51,190.8600,1
2020-11-02 09:32:52,190.8500,2
2020-11-02 09:32:53,190.8500,2
2020-11-02 09:32:54,190.8500,2
2020-11-02 09:32:55,190.8500,2
2020-11-02 09:32:56,191.0400,2
2020-11-02 09:32:57,191.0400,2
2020-11-02 09:32:58,191.0400,2
2020-11-02 09:32:59,190.8700,1
2020-11-02 09:33:00,190.8700,1
2020-11-02 09:33:01,190.9100,1
2020-11-02 09:33:02,190.8100,1
2020-11-02 09:33:03,190.8100,1
2020-11-02 09:33:04,190.8100,1
2020-11-02 09:33:05,190.7700,1
2020-11-02 09:33:06,190.7700,1
2020-11-02 09:33:07,190.7700,1
2020-11-02 09:33:08,190.7700,1
2020-11-02 09:33:09,190.7700,1
2020-11-02 09:33:10,190.7700,1
2020-11-02 09:33:11,190.8300,3
2020-11-02 09:33:12,190.8300,3
2020-11-02 09:33:13,190.9200,1
2020-11-02 09:33:14,190.8900,1
2020-11-02 09:33:15,190.8900,1
2020-11-02 09:33:16,190.8900,1
2020-11-02 09:33:17,190.9200,1
2020-11-02 09:33:18,190.9200,1
2020-11-02 09:33:19,190.9200,1
2020-11-02 09:33:20,190.9200,1
2020-11-02 09:33:21,190.9200,1
2020-11-02 09:33:22,190.8000,1
2020-11-02 09:33:23,190.8000,1
2020-11-02 09:33:24,190.8000,1
2020-11-02 09:33:25,190.8000,1
2020-11-02 09:33:26,190.8400,1
2020-11-02 09:33:27,190.8400,1
2020-11-02 09:33:28,190.8400,1
2020-11-02 09:33:29,190.8400,1
2020-11-02 09:33:30,190.8800,1
2020-11-02 09:33:31,190.8800,1
2020-11-02 09:33:32,191.0000,1
2020-11-02 09:33:33,190.9300,2
2020-11-02 09:33:34,190.9300,2
2020-11-02 09:33:35,191.0000,1
2020-11-02 09:33:36,191.0000,1
2020-11-02 09:33:37,191.0200,3
2020-11-02 09:33:38,191.0200,3
2020-11-02 09:33:39,191.0200,3
2020-11-02 09:33:40,191.0200,3
2020-11-02 09:33:41,191.0200,3
2020-11-02 09:33:42,190.9000,2
2020-11-02 09:33:43,190.7400,7
2020-11-02 09:33:44,190.8500,1
2020-11-02 09:33:45,190.8500,2
2020-11-02 09:33:46,190.8800,1
2020-11-02 09:33:47,190.8800,1
2020-11-02 09:33:48,190.8800,1
2020-11-02 09:33:49,190.8800,1
2020-11-02 09:33:50,190.8400,1
2020-11-02 09:33:51,190.8400,1
2020-11-02 09:33:52,190.8400,1
2020-11-02 09:33:53,190.8400,1
2020-11-02 09:33:54,190.8400,1
2020-11-02 09:33:55,190.8400,1
2020-11-02 09:33:56,190.5000,1
2020-11-02 09:33:57,190.5000,1
2020-11-02 09:33:58,190.5000,1
2020-11-02 09:33:59,190.3000,2
2020-11-02 09:34:00,190.3000,2
2020-11-02 09:34:01,190.3000,2
2020-11-02 09:34:02,190.3000,2
2020-11-02 09:34:03,190.3000,2
2020-11-02 09:34:04,190.3000,2
2020-11-02 09:34:05,190.3000,2
2020-11-02 09:34:06,190.3000,2
2020-11-02 09:34:07,190.3000,2
2020-11-02 09:34:08,190.5000,1
2020-11-02 09:34:09,190.5000,1
2020-11-02 09:34:10,190.5900,1
2020-11-02 09:34:11,190.5900,1
2020-11-02 09:34:12,190.7200,1
2020-11-02 09:34:13,190.7200,1
2020-11-02 09:34:14,190.7200,1
2020-11-02 09:34:15,190.7200,1
2020-11-02 09:34:16,190.7200,1
2020-11-02 09:34:17,190.7200,1
2020-11-02 09:34:18,190.7200,1
2020-11-02 09:34:19,190.7200,1
2020-11-02 09:34:20,190.7200,1
2020-11-02 09:34:21,190.7200,1
2020-11-02 09:34:22,190.7200,1
2020-11-02 09:34:23,190.7200,1
2020-11-02 09:34:24,190.7200,1
2020-11-02 09:34:25,190.7200,1
2020-11-02 09:34:26,190.7200,1
2020-11-02 09:34:27,190.7200,1
2020-11-02 09:34:28,190.7200,1
2020-11-02 09:34:29,190.7200,1
2020-11-02 09:34:30,190.5900,1
2020-11-02 09:34:31,190.5900,1
2020-11-02 09:34:32,190.5900,1
2020-11-02 09:34:33,190.5900,1
2020-11-02 09:34:34,190.5900,1
2020-11-02 09:34:35,190.5900,1
2020-11-02 09:34:36,190.5900,1
2020-11-02 09:34:37,190.5900,1
2020-11-02 09:34:38,190.5900,1
2020-11-02 09:34:39,190.5600,1
2020-11-02 09:34:40,190.5600,1
2020-11-02 09:34:41,190.5800,1
2020-11-02 09:34:42,190.5800,1
2020-11-02 09:34:43,190.5800,1
2020-11-02 09:34:44,190.5600,1
2020-11-02 09:34:45,190.5600,1
2020-11-02 09:34:46,190.4000,1
2020-11-02 09:34:47,190.3900,1
2020-11-02 09:34:48,190.3900,1
2020-11-02 09:34:49,190.3900,1
2020-11-02 09:34:50,190.3900,1
2020-11-02 09:34:51,190.5400,1
2020-11-02 09:34:52,190.2700,1
2020-11-02 09:34:53,190.2700,1
2020-11-02 09:34:54,190.2700,1
2020-11-02 09:34:55,190.2700,1
2020-11-02 09:34:56,190.2700,1
2020-11-02 09:34:57,190.3600,1
2020-11-02 09:34:58,190.3600,1
2020-11-02 09:34:59,190.2700,1
2020-11-02 09:35:00,190.2200,1
2020-11-02 09:35:01,190.2400,1
2020-11-02 09:35:02,190.2400,1
2020-11-02 09:35:03,190.2400,1
2020-11-02 09:35:04,190.6200,1
2020-11-02 09:35:05,190.6200,1
2020-11-02 09:35:06,190.6200,1
2020-11-02 09:35:07,190.6200,1
2020-11-02 09:35:08,190.6200,1
2020-11-02 09:35:09,190.6200,1
2020-11-02 09:35:10,190.4600,1
2020-11-02 09:35:11,190.2400,2
2020-11-02 09:35:12,190.2400,2
2020-11-02 09:35:13,190.2900,1
2020-11-02 09:35:14,190.5600,1
2020-11-02 09:35:15,190.4900,7
2020-11-02 09:35:16,190.4900,7
2020-11-02 09:35:17,190.4900,7
2020-11-02 09:35:18,190.4900,7
2020-11-02 09:35:19,190.4900,7
2020-11-02 09:35:20,190.4900,7
2020-11-02 09:35:21,190.4900,7
2020-11-02 09:35:22,190.4900,7
2020-11-02 09:35:23,190.4900,7
2020-11-02 09:35:24,190.4400,10
2020-11-02 09:35:25,190.4400,10
2020-11-02 09:35:26,190.4400,10
2020-11-02 09:35:27,190.4400,10
2020-11-02 09:35:28,190.4400,10
2020-11-02 09:35:29,190.4400,10
2020-11-02 09:35:30,190.5500,1
2020-11-02 09:35:31,190.6800,1
2020-11-02 09:35:32,190.5800,1
2020-11-02 09:35:33,190.5800,1
2020-11-02 09:35:34,190.5800,1
2020-11-02 09:35:35,190.5800,1
2020-11-02 09:35:36,190.5800,1
2020-11-02 09:35:37,190.5800,1
2020-11-02 09:35:38,190.5800,1
2020-11-02 09:35:39,190.5800,1
2020-11-02 09:35:40,190.5800,1
2020-11-02 09:35:41,190.5800,1
2020-11-02 09:35:42,190.5800,1
2020-11-02 09:35:43,190.5800,1
2020-11-02 09:35:44,190.5800,1
2020-11-02 09:35:45,190.4400,1
2020-11-02 09:35:46,190.4900,1
2020-11-02 09:35:47,190.4900,1
2020-11-02 09:35:48,190.4900,1
2020-11-02 09:35:49,190.4900,1
2020-11-02 09:35:50,190.4900,1
2020-11-02 09:35:51,190.4900,1
2020-11-02 09:35:52,190.4500,1
2020-11-02 09:35:53,190.4500,1
2020-11-02 09:35:54,190.4500,1
2020-11-02 09:35:55,190.4500,1
2020-11-02 09:35:56,190.4500,1
2020-11-02 09:35:57,190.4900,1
2020-11-02 09:35:58,190.4900,1
2020-11-02 09:35:59,190.4900,1
2020-11-02 09:36:00,190.4900,1
2020-11-02 09:36:01,190.4900,1
2020-11-02 09:36:02,190.4500,1
2020-11-02 09:36:03,190.4500,1
2020-11-02 09:36:04,190.4500,1
2020-11-02 09:36:05,190.4500,1
2020-11-02 09:36:06,190.4500,1
2020-11-02 09:36:07,190.2500,1
2020-11-02 09:36:08,190.2500,1
2020-11-02 09:36:09,190.4400,2
2020-11-02 09:36:10,190.3700,1
2020-11-02 09:36:11,190.3700,1
2020-11-02 09:36:12,190.3700,1
2020-11-02 09:36:13,190.2500,2
2020-11-02 09:36:14,190.2400,1
2020-11-02 09:36:15,190.2000,1
2020-11-02 09:36:16,190.2700,2
2020-11-02 09:36:17,190.2700,2
2020-11-02 09:36:18,190.2700,2
2020-11-02 09:36:19,190.2700,2
2020-11-02 09:36:20,190.2000,1
2020-11-02 09:36:21,190.0600,1
2020-11-02 09:36:22,190.0600,1
2020-11-02 09:36:23,190.2600,1
2020-11-02 09:36:24,190.2000,2
2020-11-02 09:36:25,190.2000,2
2020-11-02 09:36:26,190.2000,2
2020-11-02 09:36:27,190.2000,2
2020-11-02 09:36:28,190.2000,2
2020-11-02 09:36:29,190.2500,1
2020-11-02 09:36:30,190.2500,1
2020-11-02 09:36:31,190.2000,1
2020-11-02 09:36:32,190.4200,1
2020-11-02 09:36:33,190.4200,1
2020-11-02 09:36:34,190.3400,1
2020-11-02 09:36:35,190.3400,1
2020-11-02 09:36:36,190.3400,1
2020-11-02 09:36:37,190.3400,1
2020-11-02 09:36:38,190.3400,1
2020-11-02 09:36:39,190.3400,1
2020-11-02 09:36:40,190.3400,1
2020-11-02 09:36:41,190.3400,1
2020-11-02 09:36:42,190.3400,1
2020-11-02 09:36:43,190.3100,1
2020-11-02 09:36:44,190.3100,1
2020-11-02 09:36:45,190.0700,1
2020-11-02 09:36:46,190.0700,1
2020-11-02 09:36:47,190.0700,1
2020-11-02 09:36:48,190.0700,1
2020-11-02 09:36:49,190.0700,1
2020-11-02 09:36:50,190.0700,1
2020-11-02 09:36:51,189.9800,1
2020-11-02 09:36:52,189.9900,2
2020-11-02 09:36:53,189.9900,2
2020-11-02 09:36:54,190.0900,1
2020-11-02 09:36:55,190.1000,2
2020-11-02 09:36:56,190.1000,2
2020-11-02 09:36:57,190.1000,2
2020-11-02 09:36:58,190.0900,1
2020-11-02 09:36:59,190.0900,1
2020-11-02 09:37:00,190.0900,1
2020-11-02 09:37:01,190.0900,1
2020-11-02 09:37:02,190.0900,1
2020-11-02 09:37:03,190.2000,1
2020-11-02 09:37:04,190.2000,1
2020-11-02 09:37:05,189.9800,1
2020-11-02 09:37:06,189.9800,1
2020-11-02 09:37:07,189.9800,1
2020-11-02 09:37:08,189.9800,1
2020-11-02 09:37:09,189.9800,1
2020-11-02 09:37:10,189.9800,1
2020-11-02 09:37:11,189.9800,1
2020-11-02 09:37:12,190.1300,1
2020-11-02 09:37:13,190.1300,1
2020-11-02 09:37:14,190.1300,1
2020-11-02 09:37:15,190.1300,1
2020-11-02 09:37:16,190.1300,1
2020-11-02 09:37:17,190.1100,2
2020-11-02 09:37:18,190.1100,2
2020-11-02 09:37:19,190.1100,2
2020-11-02 09:37:20,190.1100,2
2020-11-02 09:37:21,190.1100,2
2020-11-02 09:37:22,190.1100,2
2020-11-02 09:37:23,190.1900,1
2020-11-02 09:37:24,190.2300,1
2020-11-02 09:37:25,190.2300,1
2020-11-02 09:37:26,190.2200,1
2020-11-02 09:37:27,190.2200,1
2020-11-02 09:37:28,190.2000,2
2020-11-02 09:37:29,190.1600,1
2020-11-02 09:37:30,190.1100,4
2020-11-02 09:37:31,190.1400,1
2020-11-02 09:37:32,190.1400,1
2020-11-02 09:37:33,190.1400,1
2020-11-02 09:37:34,190.1400,1
2020-11-02 09:37:35,190.1400,1
2020-11-02 09:37:36,190.1400,1
2020-11-02 09:37:37,190.1400,1
2020-11-02 09:37:38,190.1500,1
2020-11-02 09:37:39,190.1500,1
2020-11-02 09:37:40,190.1500,1
2020-11-02 09:37:41,190.0900,1
2020-11-02 09:37:42,190.0900,1
2020-11-02 09:37:43,190.0900,1
2020-11-02 09:37:44,190.0900,1
2020-11-02 09:37:45,190.0900,1
2020-11-02 09:37:46,190.0900,1
2020-11-02 09:37:47,190.0900,1
2020-11-02 09:37:48,190.0900,1
2020-11-02 09:37:49,190.0900,1
2020-11-02 09:37:50,190.1600,1
2020-11-02 09:37:51,190.3300,1
2020-11-02 09:37:52,190.3300,1
2020-11-02 09:37:53,190.3300,1
2020-11-02 09:37:54,190.3300,1
2020-11-02 09:37:55,190.3300,1
2020-11-02 09:37:56,190.3300,1
2020-11-02 09:37:57,190.3300,1
2020-11-02 09:37:58,190.1600,1
2020-11-02 09:37:59,190.2500,1
2020-11-02 09:38:00,190.2500,1
2020-11-02 09:38:01,190.2500,1
2020-11-02 09:38:02,190.2500,1
2020-11-02 09:38:03,190.2500,1
2020-11-02 09:38:04,190.2500,1
2020-11-02 09:38:05,190.2500,1
2020-11-02 09:38:06,190.1500,1
2020-11-02 09:38:07,190.1500,1
2020-11-02 09:38:08,190.2500,1
2020-11-02 09:38:09,190.2500,1
2020-11-02 09:38:10,190.1200,1
2020-11-02 09:38:11,190.1200,1
2020-11-02 09:38:12,190.1200,1
2020-11-02 09:38:13,190.1200,1
2020-11-02 09:38:14,190.2100,4
2020-11-02 09:38:15,190.2100,4
2020-11-02 09:38:16,190.2100,4
2020-11-02 09:38:17,190.2100,4
2020-11-02 09:38:18,190.2100,4
2020-11-02 09:38:19,190.2100,4
2020-11-02 09:38:20,190.0400,1
2020-11-02 09:38:21,190.1700,1
2020-11-02 09:38:22,190.1700,1
2020-11-02 09:38:23,190.1700,1
2020-11-02 09:38:24,190.2600,1
2020-11-02 09:38:25,190.2800,1
2020-11-02 09:38:26,190.2800,1
2020-11-02 09:38:27,190.3500,1
2020-11-02 09:38:28,190.2700,1
2020-11-02 09:38:29,190.2700,1
2020-11-02 09:38:30,190.2700,1
2020-11-02 09:38:31,190.2700,1
2020-11-02 09:38:32,190.2700,1
2020-11-02 09:38:33,190.2700,1
2020-11-02 09:38:34,190.2700,1
2020-11-02 09:38:35,190.2700,1
2020-11-02 09:38:36,190.2700,1
2020-11-02 09:38:37,190.3900,1
2020-11-02 09:38:38,190.5000,1
2020-11-02 09:38:39,190.6700,1
2020-11-02 09:38:40,190.6700,1
2020-11-02 09:38:41,190.7400,1
2020-11-02 09:38:42,190.6300,1
2020-11-02 09:38:43,190.6000,1
2020-11-02 09:38:44,190.6900,1
2020-11-02 09:38:45,190.6900,1
2020-11-02 09:38:46,190.4200,1
2020-11-02 09:38:47,190.4200,1
2020-11-02 09:38:48,190.5600,1
2020-11-02 09:38:49,190.5600,1
2020-11-02 09:38:50,190.5600,1
2020-11-02 09:38:51,190.5600,1
2020-11-02 09:38:52,190.5600,1
2020-11-02 09:38:53,190.5600,1
2020-11-02 09:38:54,190.5600,1
2020-11-02 09:38:55,190.5600,1
2020-11-02 09:38:56,190.4500,1
2020-11-02 09:38:57,190.4500,1
2020-11-02 09:38:58,190.6800,1
2020-11-02 09:38:59,190.6800,1
2020-11-02 09:39:00,190.6800,1
2020-11-02 09:39:01,190.6800,1
2020-11-02 09:39:02,190.6800,1
2020-11-02 09:39:03,190.6800,1
2020-11-02 09:39:04,190.6800,1
2020-11-02 09:39:05,190.6800,1
2020-11-02 09:39:06,190.6800,1
2020-11-02 09:39:07,190.6800,1
2020-11-02 09:39:08,190.6800,1
2020-11-02 09:39:09,190.5100,2
2020-11-02 09:39:10,190.5100,2
2020-11-02 09:39:11,190.5100,2
2020-11-02 09:39:12,190.5100,2
2020-11-02 09:39:13,190.5100,2
2020-11-02 09:39:14,190.7000,1
2020-11-02 09:39:15,190.7000,1
2020-11-02 09:39:16,190.7000,1
2020-11-02 09:39:17,190.7100,1
2020-11-02 09:39:18,190.7100,1
2020-11-02 09:39:19,190.7100,2
2020-11-02 09:39:20,190.6200,1
2020-11-02 09:39:21,190.6200,1
2020-11-02 09:39:22,190.6200,1
2020-11-02 09:39:23,190.5000,1
2020-11-02 09:39:24,190.5500,1
2020-11-02 09:39:25,190.5100,1
2020-11-02 09:39:26,190.6600,1
2020-11-02 09:39:27,190.7600,1
2020-11-02 09:39:28,190.7600,1
2020-11-02 09:39:29,190.7600,1
2020-11-02 09:39:30,190.7600,1
2020-11-02 09:39:31,190.7600,1
2020-11-02 09:39:32,190.7600,1
2020-11-02 09:39:33,190.7600,1
2020-11-02 09:39:34,190.7600,1
2020-11-02 09:39:35,190.7600,1
2020-11-02 09:39:36,190.5800,1
2020-11-02 09:39:37,190.5300,1
2020-11-02 09:39:38,190.5700,1
2020-11-02 09:39:39,190.6700,1
2020-11-02 09:39:40,190.5500,2
2020-11-02 09:39:41,190.5500,2
2020-11-02 09:39:42,190.5500,2
2020-11-02 09:39:43,190.5500,2
2020-11-02 09:39:44,190.5500,2
2020-11-02 09:39:45,190.5500,2
2020-11-02 09:39:46,190.5500,2
2020-11-02 09:39:47,190.5500,2
2020-11-02 09:39:48,190.9600,1
2020-11-02 09:39:49,190.9600,1
2020-11-02 09:39:50,190.9600,1
2020-11-02 09:39:51,190.9600,1
2020-11-02 09:39:52,190.9600,1
2020-11-02 09:39:53,190.8100,2
2020-11-02 09:39:54,190.8100,2
2020-11-02 09:39:55,190.8100,1
2020-11-02 09:39:56,190.8100,1
2020-11-02 09:39:57,190.8100,1
2020-11-02 09:39:58,190.8100,1
2020-11-02 09:39:59,190.8100,1
2020-11-02 09:40:00,190.8100,1
2020-11-02 09:40:01,190.7900,1
2020-11-02 09:40:02,190.7500,1
2020-11-02 09:40:03,190.7700,1
2020-11-02 09:40:04,190.6700,5
2020-11-02 09:40:05,190.8000,1
2020-11-02 09:40:06,190.7100,1
2020-11-02 09:40:07,190.7100,1
2020-11-02 09:40:08,190.7100,1
2020-11-02 09:40:09,190.7100,1
2020-11-02 09:40:10,190.6500,1
2020-11-02 09:40:11,190.5000,1
2020-11-02 09:40:12,190.6100,1
2020-11-02 09:40:13,190.6100,1
2020-11-02 09:40:14,190.6100,1
2020-11-02 09:40:15,190.6100,1
2020-11-02 09:40:16,190.5100,1
2020-11-02 09:40:17,190.5100,1
2020-11-02 09:40:18,190.5100,1
2020-11-02 09:40:19,190.5100,1
2020-11-02 09:40:20,190.5100,1
2020-11-02 09:40:21,190.4100,1
2020-11-02 09:40:22,190.4100,1
2020-11-02 09:40:23,190.5000,1
2020-11-02 09:40:24,190.5000,1
2020-11-02 09:40:25,190.5000,1
2020-11-02 09:40:26,190.5000,1
2020-11-02 09:40:27,190.5000,1
2020-11-02 09:40:28,190.5000,1
2020-11-02 09:40:29,190.5000,1
2020-11-02 09:40:30,190.5000,1
2020-11-02 09:40:31,190.5000,1
2020-11-02 09:40:32,190.5000,1
2020-11-02 09:40:33,190.5000,1
2020-11-02 09:40:34,190.4800,1
2020-11-02 09:40:35,190.4800,1
2020-11-02 09:40:36,190.4600,1
2020-11-02 09:40:37,190.4600,1
2020-11-02 09:40:38,190.4600,1
2020-11-02 09:40:39,190.4600,1
2020-11-02 09:40:40,190.4600,1
2020-11-02 09:40:41,190.4600,1
2020-11-02 09:40:42,190.3300,1
2020-11-02 09:40:43,190.3300,1
2020-11-02 09:40:44,190.3300,1
2020-11-02 09:40:45,190.3300,1
2020-11-02 09:40:46,190.2500,1
2020-11-02 09:40:47,190.2600,1
2020-11-02 09:40:48,190.2600,1
2020-11-02 09:40:49,190.2600,1
2020-11-02 09:40:50,190.2600,1
2020-11-02 09:40:51,190.2600,1
2020-11-02 09:40:52,190.2600,1
2020-11-02 09:40:53,190.1100,1
2020-11-02 09:40:54,190.1100,1
2020-11-02 09:40:55,190.1100,1
2020-11-02 09:40:56,190.1100,1
2020-11-02 09:40:57,190.1100,1
2020-11-02 09:40:58,190.1100,1
2020-11-02 09:40:59,190.1100,1
2020-11-02 09:41:00,190.1100,1
2020-11-02 09:41:01,190.1700,1
2020-11-02 09:41:02,190.1700,1
2020-11-02 09:41:03,190.1700,1
2020-11-02 09:41:04,190.1700,1
2020-11-02 09:41:05,190.2100,1
2020-11-02 09:41:06,190.2100,1
2020-11-02 09:41:07,190.4500,1
2020-11-02 09:41:08,190.4500,1
2020-11-02 09:41:09,190.4500,1
2020-11-02 09:41:10,190.4500,1
2020-11-02 09:41:11,190.3900,1
2020-11-02 09:41:12,190.3900,1
2020-11-02 09:41:13,190.3900,1
2020-11-02 09:41:14,190.3900,1
2020-11-02 09:41:15,190.3900,1
2020-11-02 09:41:16,190.3900,1
2020-11-02 09:41:17,190.3900,1
2020-11-02 09:41:18,190.3900,1
2020-11-02 09:41:19,190.3900,1
2020-11-02 09:41:20,190.3900,1
2020-11-02 09:41:21,190.3900,1
2020-11-02 09:41:22,190.3900,1
2020-11-02 09:41:23,190.3900,1
2020-11-02 09:41:24,190.3900,1
2020-11-02 09:41:25,190.3900,1
2020-11-02 09:41:26,190.3900,1
2020-11-02 09:41:27,190.3100,1
2020-11-02 09:41:28,190.3100,1
2020-11-02 09:41:29,190.3100,1
2020-11-02 09:41:30,190.3100,1
2020-11-02 09:41:31,190.3100,1
2020-11-02 09:41:32,190.1400,1
2020-11-02 09:41:33,190.1400,1
2020-11-02 09:41:34,190.1000,1
2020-11-02 09:41:35,190.2100,5
2020-11-02 09:41:36,190.2100,5
2020-11-02 09:41:37,190.2100,5
2020-11-02 09:41:38,190.2100,5
2020-11-02 09:41:39,190.2100,5
2020-11-02 09:41:40,190.3000,1
2020-11-02 09:41:41,190.3000,1
2020-11-02 09:41:42,190.3000,1
2020-11-02 09:41:43,190.3000,1
2020-11-02 09:41:44,190.3000,1
2020-11-02 09:41:45,190.3000,1
2020-11-02 09:41:46,190.3000,1
2020-11-02 09:41:47,190.1000,1
2020-11-02 09:41:48,190.1000,1
2020-11-02 09:41:49,190.1000,1
2020-11-02 09:41:50,190.1000,1
2020-11-02 09:41:51,190.1000,1
2020-11-02 09:41:52,190.1000,1
2020-11-02 09:41:53,190.1000,1
2020-11-02 09:41:54,190.1000,1
2020-11-02 09:41:55,190.3400,1
2020-11-02 09:41:56,190.3400,1
2020-11-02 09:41:57,190.3400,1
2020-11-02 09:41:58,190.3400,1
2020-11-02 09:41:59,190.3400,1
2020-11-02 09:42:00,190.3400,1
2020-11-02 09:42:01,190.3400,1
2020-11-02 09:42:02,190.3400,1
2020-11-02 09:42:03,190.3400,1
2020-11-02 09:42:04,190.3400,1
2020-11-02 09:42:05,190.3400,1
2020-11-02 09:42:06,190.3400,1
2020-11-02 09:42:07,190.3400,1
2020-11-02 09:42:08,190.3400,1
2020-11-02 09:42:09,190.3400,1
2020-11-02 09:42:10,190.3400,1
2020-11-02 09:42:11,190.3400,1
2020-11-02 09:42:12,190.3400,1
2020-11-02 09:42:13,190.3400,1
2020-11-02 09:42:14,190.2100,1
2020-11-02 09:42:15,190.2100,1
2020-11-02 09:42:16,190.2100,1
2020-11-02 09:42:17,190.2100,1
2020-11-02 09:42:18,190.2100,1
2020-11-02 09:42:19,190.2100,1
2020-11-02 09:42:20,190.1900,1
2020-11-02 09:42:21,190.1900,1
2020-11-02 09:42:22,190.1900,1
2020-11-02 09:42:23,190.1000,1
2020-11-02 09:42:24,190.1000,1
2020-11-02 09:42:25,190.1800,1
2020-11-02 09:42:26,190.1800,2
2020-11-02 09:42:27,190.1100,1
2020-11-02 09:42:28,190.1100,1
2020-11-02 09:42:29,190.1100,1
2020-11-02 09:42:30,190.1100,1
2020-11-02 09:42:31,190.1100,1
2020-11-02 09:42:32,190.1100,1
2020-11-02 09:42:33,190.1100,1
2020-11-02 09:42:34,190.1500,1
2020-11-02 09:42:35,190.1500,1
2020-11-02 09:42:36,190.1500,1
2020-11-02 09:42:37,190.1500,1
2020-11-02 09:42:38,190.1500,1
2020-11-02 09:42:39,190.1500,1
2020-11-02 09:42:40,189.9100,1
2020-11-02 09:42:41,189.9100,1
2020-11-02 09:42:42,189.9100,1
2020-11-02 09:42:43,189.9100,1
2020-11-02 09:42:44,189.9100,1
2020-11-02 09:42:45,189.9100,1
2020-11-02 09:42:46,189.9900,5
2020-11-02 09:42:47,189.7400,1
2020-11-02 09:42:48,189.7400,1
2020-11-02 09:42:49,189.6400,1
2020-11-02 09:42:50,189.6400,1
2020-11-02 09:42:51,189.6400,1
2020-11-02 09:42:52,189.6400,1
2020-11-02 09:42:53,189.6400,1
2020-11-02 09:42:54,189.6400,1
2020-11-02 09:42:55,189.6400,1
2020-11-02 09:42:56,189.6400,1
2020-11-02 09:42:57,189.8600,1
2020-11-02 09:42:58,189.8600,1
2020-11-02 09:42:59,189.8600,1
2020-11-02 09:43:00,189.8600,1
2020-11-02 09:43:01,189.8600,1
2020-11-02 09:43:02,189.8600,1
2020-11-02 09:43:03,189.8600,1
2020-11-02 09:43:04,189.8600,1
2020-11-02 09:43:05,189.7500,1
2020-11-02 09:43:06,189.7500,1
2020-11-02 09:43:07,189.7500,1
2020-11-02 09:43:08,189.8500,1
2020-11-02 09:43:09,189.8500,1
2020-11-02 09:43:10,189.8500,1
2020-11-02 09:43:11,189.8500,1
2020-11-02 09:43:12,189.8500,1
2020-11-02 09:43:13,189.8500,1
2020-11-02 09:43:14,189.8500,1
2020-11-02 09:43:15,189.6600,5
2020-11-02 09:43:16,189.6600,5
2020-11-02 09:43:17,189.6600,5
2020-11-02 09:43:18,189.6400,5
2020-11-02 09:43:19,189.6100,1
2020-11-02 09:43:20,189.6100,1
2020-11-02 09:43:21,189.6100,1
2020-11-02 09:43:22,189.6100,1
2020-11-02 09:43:23,189.6100,1
2020-11-02 09:43:24,189.6100,1
2020-11-02 09:43:25,189.5000,1
2020-11-02 09:43:26,189.3700,1
2020-11-02 09:43:27,189.3800,2
2020-11-02 09:43:28,189.3800,2
2020-11-02 09:43:29,189.3800,2
2020-11-02 09:43:30,189.3800,2
2020-11-02 09:43:31,189.3800,2
2020-11-02 09:43:32,189.3800,2
2020-11-02 09:43:33,189.3700,1
2020-11-02 09:43:34,189.3700,1
2020-11-02 09:43:35,189.3700,1
2020-11-02 09:43:36,189.3700,1
2020-11-02 09:43:37,189.3700,1
2020-11-02 09:43:38,189.3700,1
2020-11-02 09:43:39,189.3700,1
2020-11-02 09:43:40,189.3700,1
2020-11-02 09:43:41,189.3700,1
2020-11-02 09:43:42,189.3700,1
2020-11-02 09:43:43,189.3700,1
2020-11-02 09:43:44,189.3700,1
2020-11-02 09:43:45,189.3700,1
2020-11-02 09:43:46,189.3700,1
2020-11-02 09:43:47,189.3700,1
2020-11-02 09:43:48,189.4400,1
2020-11-02 09:43:49,189.4400,1
2020-11-02 09:43:50,189.4400,1
2020-11-02 09:43:51,189.4400,1
2020-11-02 09:43:52,189.4400,1
2020-11-02 09:43:53,189.4400,1
2020-11-02 09:43:54,189.4400,1
2020-11-02 09:43:55,189.4400,1
2020-11-02 09:43:56,189.4400,1
2020-11-02 09:43:57,189.4400,1
2020-11-02 09:43:58,189.4400,1
2020-11-02 09:43:59,189.4400,1
2020-11-02 09:44:00,189.4400,1
2020-11-02 09:44:01,189.4400,1
2020-11-02 09:44:02,189.3400,1
2020-11-02 09:44:03,189.3400,1
2020-11-02 09:44:04,189.3400,1
2020-11-02 09:44:05,189.3400,1
2020-11-02 09:44:06,189.3400,1
2020-11-02 09:44:07,189.3400,1
2020-11-02 09:44:08,189.3300,1
2020-11-02 09:44:09,189.3300,1
2020-11-02 09:44:10,189.3300,1
2020-11-02 09:44:11,189.3300,1
2020-11-02 09:44:12,189.3300,1
2020-11-02 09:44:13,189.3300,1
2020-11-02 09:44:14,189.3300,1
2020-11-02 09:44:15,189.3300,1
2020-11-02 09:44:16,189.3300,1
2020-11-02 09:44:17,189.3300,1
2020-11-02 09:44:18,189.3300,1
2020-11-02 09:44:19,189.2900,1
2020-11-02 09:44:20,189.3000,1
2020-11-02 09:44:21,189.3000,1
2020-11-02 09:44:22,189.3100,5
2020-11-02 09:44:23,189.3100,5
2020-11-02 09:44:24,189.3100,5
2020-11-02 09:44:25,189.4600,1
2020-11-02 09:44:26,189.4600,1
2020-11-02 09:44:27,189.4600,1
2020-11-02 09:44:28,189.4600,1
2020-11-02 09:44:29,189.4100,9
2020-11-02 09:44:30,189.4600,1
2020-11-02 09:44:31,189.4600,1
2020-11-02 09:44:32,189.4600,1
2020-11-02 09:44:33,189.4600,1
2020-11-02 09:44:34,189.4600,1
2020-11-02 09:44:35,189.4600,1
2020-11-02 09:44:36,189.4600,1
2020-11-02 09:44:37,189.4600,1
2020-11-02 09:44:38,189.4600,1
2020-11-02 09:44:39,189.4600,1
2020-11-02 09:44:40,189.4600,1
2020-11-02 09:44:41,189.4600,1
2020-11-02 09:44:42,189.4600,1
2020-11-02 09:44:43,189.5900,1
2020-11-02 09:44:44,189.5900,1
2020-11-02 09:44:45,189.5400,1
2020-11-02 09:44:46,189.5400,1
2020-11-02 09:44:47,189.5400,1
2020-11-02 09:44:48,189.5400,1
2020-11-02 09:44:49,189.5000,1
2020-11-02 09:44:50,189.5000,1
2020-11-02 09:44:51,189.5000,1
2020-11-02 09:44:52,189.5000,1
2020-11-02 09:44:53,189.5000,1
2020-11-02 09:44:54,189.5000,1
2020-11-02 09:44:55,189.5000,1
2020-11-02 09:44:56,189.5000,1
2020-11-02 09:44:57,189.5000,1
2020-11-02 09:44:58,189.5000,1
2020-11-02 09:44:59,189.5000,1
2020-11-02 09:45:00,189.5000,1
2020-11-02 09:45:01,189.5000,1
2020-11-02 09:45:02,189.5000,1
2020-11-02 09:45:03,189.5000,1
2020-11-02 09:45:04,189.5000,1
2020-11-02 09:45:05,189.5000,1
2020-11-02 09:45:06,189.6800,1
2020-11-02 09:45:07,189.6800,1
2020-11-02 09:45:08,189.6800,1
2020-11-02 09:45:09,189.5000,1
2020-11-02 09:45:10,189.5000,1
2020-11-02 09:45:11,189.5000,1
2020-11-02 09:45:12,189.5000,1
2020-11-02 09:45:13,189.5000,1
2020-11-02 09:45:14,189.7000,2
2020-11-02 09:45:15,189.6600,1
2020-11-02 09:45:16,189.6600,1
2020-11-02 09:45:17,189.6600,1
2020-11-02 09:45:18,189.6600,1
2020-11-02 09:45:19,189.6600,1
2020-11-02 09:45:20,189.7900,1
2020-11-02 09:45:21,189.7900,1
2020-11-02 09:45:22,189.7900,1
2020-11-02 09:45:23,189.6200,5
2020-11-02 09:45:24,189.6200,5
2020-11-02 09:45:25,189.6200,5
2020-11-02 09:45:26,189.6600,1
2020-11-02 09:45:27,189.6600,1
2020-11-02 09:45:28,189.6600,1
2020-11-02 09:45:29,189.6600,1
2020-11-02 09:45:30,189.6600,1
2020-11-02 09:45:31,189.6600,1
2020-11-02 09:45:32,189.5100,1
2020-11-02 09:45:33,189.3200,1
2020-11-02 09:45:34,189.3200,1
2020-11-02 09:45:35,189.3200,1
2020-11-02 09:45:36,189.3200,1
2020-11-02 09:45:37,189.3200,1
2020-11-02 09:45:38,189.5700,1
2020-11-02 09:45:39,189.5700,1
2020-11-02 09:45:40,189.5700,1
2020-11-02 09:45:41,189.5700,1
2020-11-02 09:45:42,189.7600,1
2020-11-02 09:45:43,189.7600,1
2020-11-02 09:45:44,189.7300,1
2020-11-02 09:45:45,189.6600,1
2020-11-02 09:45:46,189.6600,1
2020-11-02 09:45:47,189.6300,1
2020-11-02 09:45:48,189.6300,1
2020-11-02 09:45:49,189.6300,1
2020-11-02 09:45:50,189.6200,1
2020-11-02 09:45:51,189.7000,1
2020-11-02 09:45:52,189.7000,1
2020-11-02 09:45:53,189.7900,1
2020-11-02 09:45:54,189.7900,1
2020-11-02 09:45:55,189.7300,1
2020-11-02 09:45:56,189.7300,1
2020-11-02 09:45:57,189.7300,1
2020-11-02 09:45:58,189.7400,1
2020-11-02 09:45:59,189.7400,1
2020-11-02 09:46:00,189.7400,1
2020-11-02 09:46:01,189.8200,1
2020-11-02 09:46:02,189.8200,1
2020-11-02 09:46:03,189.8200,1
2020-11-02 09:46:04,189.8200,1
2020-11-02 09:46:05,189.8200,1
2020-11-02 09:46:06,189.8300,1
2020-11-02 09:46:07,189.8300,1
2020-11-02 09:46:08,189.8300,1
2020-11-02 09:46:09,189.8300,1
2020-11-02 09:46:10,189.8300,1
2020-11-02 09:46:11,189.8300,1
2020-11-02 09:46:12,189.8300,1
2020-11-02 09:46:13,189.8500,1
2020-11-02 09:46:14,189.8500,1
2020-11-02 09:46:15,189.8500,1
2020-11-02 09:46:16,189.8500,1
2020-11-02 09:46:17,189.8500,1
2020-11-02 09:46:18,189.8500,1
2020-11-02 09:46:19,189.8600,1
2020-11-02 09:46:20,189.8600,1
2020-11-02 09:46:21,189.8600,1
2020-11-02 09:46:22,189.8600,1
2020-11-02 09:46:23,189.8600,1
2020-11-02 09:46:24,189.8600,1
2020-11-02 09:46:25,189.8600,1
2020-11-02 09:46:26,189.8600,1
2020-11-02 09:46:27,189.8600,1
2020-11-02 09:46:28,189.8600,1
2020-11-02 09:46:29,189.8600,1
2020-11-02 09:46:30,189.8600,1
2020-11-02 09:46:31,189.8600,1
2020-11-02 09:46:32,189.8600,1
2020-11-02 09:46:33,189.8600,1
2020-11-02 09:46:34,189.8600,1
2020-11-02 09:46:35,189.8600,1
2020-11-02 09:46:36,190.0100,1
2020-11-02 09:46:37,190.0400,1
2020-11-02 09:46:38,190.0200,1
2020-11-02 09:46:39,190.0200,1
2020-11-02 09:46:40,189.9900,1
2020-11-02 09:46:41,189.9900,1
2020-11-02 09:46:42,189.9900,1
2020-11-02 09:46:43,189.9900,1
2020-11-02 09:46:44,189.9900,1
2020-11-02 09:46:45,189.9900,1
2020-11-02 09:46:46,189.9900,1
2020-11-02 09:46:47,189.9900,1
2020-11-02 09:46:48,189.9900,1
2020-11-02 09:46:49,189.9900,1
2020-11-02 09:46:50,189.9900,1
2020-11-02 09:46:51,189.9900,1
2020-11-02 09:46:52,189.9900,1
2020-11-02 09:46:53,189.9900,1
2020-11-02 09:46:54,189.9900,1
2020-11-02 09:46:55,189.9900,1
2020-11-02 09:46:56,189.8700,1
2020-11-02 09:46:57,189.8700,1
2020-11-02 09:46:58,189.8700,1
2020-11-02 09:46:59,189.8700,1
2020-11-02 09:47:00,189.8700,1
2020-11-02 09:47:01,189.8700,1
2020-11-02 09:47:02,189.8700,1
2020-11-02 09:47:03,189.9100,1
2020-11-02 09:47:04,189.9800,1
2020-11-02 09:47:05,189.9800,1
2020-11-02 09:47:06,189.9800,1
2020-11-02 09:47:07,189.9800,1
2020-11-02 09:47:08,189.9800,1
2020-11-02 09:47:09,189.9800,1
2020-11-02 09:47:10,189.9800,1
2020-11-02 09:47:11,189.9800,1
2020-11-02 09:47:12,189.9800,1
2020-11-02 09:47:13,189.9900,1
2020-11-02 09:47:14,189.9900,1
2020-11-02 09:47:15,190.0400,1
2020-11-02 09:47:16,190.0400,1
2020-11-02 09:47:17,189.9800,1
2020-11-02 09:47:18,189.9800,1
2020-11-02 09:47:19,189.9800,1
2020-11-02 09:47:20,189.9800,1
2020-11-02 09:47:21,189.9800,1
2020-11-02 09:47:22,189.9200,1
2020-11-02 09:47:23,189.9200,1
2020-11-02 09:47:24,189.9200,1
2020-11-02 09:47:25,189.9100,1
2020-11-02 09:47:26,189.8200,1
2020-11-02 09:47:27,189.8200,1
2020-11-02 09:47:28,189.6900,1
2020-11-02 09:47:29,189.6900,1
2020-11-02 09:47:30,189.6900,1
2020-11-02 09:47:31,189.6900,1
2020-11-02 09:47:32,189.6900,1
2020-11-02 09:47:33,189.6900,1
2020-11-02 09:47:34,189.6900,1
2020-11-02 09:47:35,189.7000,1
2020-11-02 09:47:36,189.7600,1
2020-11-02 09:47:37,189.6900,5
2020-11-02 09:47:38,189.6900,5
2020-11-02 09:47:39,189.7200,1
2020-11-02 09:47:40,189.7200,1
2020-11-02 09:47:41,189.7200,1
2020-11-02 09:47:42,189.7200,1
2020-11-02 09:47:43,189.7200,1
2020-11-02 09:47:44,189.7200,1
2020-11-02 09:47:45,189.8200,1
2020-11-02 09:47:46,189.8200,1
2020-11-02 09:47:47,189.8300,1
2020-11-02 09:47:48,189.8300,1
2020-11-02 09:47:49,189.8300,1
2020-11-02 09:47:50,189.8300,1
2020-11-02 09:47:51,189.8300,1
2020-11-02 09:47:52,189.8300,1
2020-11-02 09:47:53,189.8300,1
2020-11-02 09:47:54,189.8300,1
2020-11-02 09:47:55,189.8300,1
2020-11-02 09:47:56,189.8300,1
2020-11-02 09:47:57,189.8300,1
2020-11-02 09:47:58,189.8300,1
2020-11-02 09:47:59,189.8300,1
2020-11-02 09:48:00,189.8300,1
2020-11-02 09:48:01,189.9600,1
2020-11-02 09:48:02,189.9600,1
2020-11-02 09:48:03,189.9600,1
2020-11-02 09:48:04,189.9800,1
2020-11-02 09:48:05,189.9800,1
2020-11-02 09:48:06,189.9800,1
2020-11-02 09:48:07,189.9800,1
2020-11-02 09:48:08,189.9000,1
2020-11-02 09:48:09,189.9300,1
2020-11-02 09:48:10,189.9300,1
2020-11-02 09:48:11,189.9300,1
2020-11-02 09:48:12,189.9300,1
2020-11-02 09:48:13,189.9300,1
2020-11-02 09:48:14,189.8200,1
2020-11-02 09:48:15,189.7800,1
2020-11-02 09:48:16,189.7800,1
2020-11-02 09:48:17,189.8900,1
2020-11-02 09:48:18,189.9200,1
2020-11-02 09:48:19,189.8900,1
2020-11-02 09:48:20,189.8900,1
2020-11-02 09:48:21,189.8900,1
2020-11-02 09:48:22,189.8900,1
2020-11-02 09:48:23,189.9700,1
2020-11-02 09:48:24,190.0500,1
2020-11-02 09:48:25,190.0500,1
2020-11-02 09:48:26,190.0500,1
2020-11-02 09:48:27,190.0900,1
2020-11-02 09:48:28,190.0800,1
2020-11-02 09:48:29,190.0800,1
2020-11-02 09:48:30,190.0800,1
2020-11-02 09:48:31,190.0800,1
2020-11-02 09:48:32,190.0000,5
2020-11-02 09:48:33,190.0000,5
2020-11-02 09:48:34,190.0000,5
2020-11-02 09:48:35,189.9400,1
2020-11-02 09:48:36,189.9400,1
2020-11-02 09:48:37,189.9400,1
2020-11-02 09:48:38,189.7600,1
2020-11-02 09:48:39,189.7600,1
2020-11-02 09:48:40,189.7600,1
2020-11-02 09:48:41,189.7600,1
2020-11-02 09:48:42,189.7600,1
2020-11-02 09:48:43,189.7600,1
2020-11-02 09:48:44,189.7600,1
2020-11-02 09:48:45,189.7600,1
2020-11-02 09:48:46,189.7600,1
2020-11-02 09:48:47,189.7800,1
2020-11-02 09:48:48,189.7800,1
2020-11-02 09:48:49,189.7800,1
2020-11-02 09:48:50,189.7800,1
2020-11-02 09:48:51,189.7800,1
2020-11-02 09:48:52,189.7800,1
2020-11-02 09:48:53,189.7800,1
2020-11-02 09:48:54,189.7800,1
2020-11-02 09:48:55,189.6600,2
2020-11-02 09:48:56,189.6600,2
2020-11-02 09:48:57,189.6600,2
2020-11-02 09:48:58,189.8200,1
2020-11-02 09:48:59,189.8200,1
2020-11-02 09:49:00,189.8200,1
2020-11-02 09:49:01,189.8200,1
2020-11-02 09:49:02,189.8200,1
2020-11-02 09:49:03,189.8200,1
2020-11-02 09:49:04,189.8200,1
2020-11-02 09:49:05,189.8200,1
2020-11-02 09:49:06,189.8500,1
2020-11-02 09:49:07,189.8500,1
2020-11-02 09:49:08,189.8500,1
2020-11-02 09:49:09,189.8500,1
2020-11-02 09:49:10,189.8500,1
2020-11-02 09:49:11,189.8500,1
2020-11-02 09:49:12,189.8500,1
2020-11-02 09:49:13,189.8500,1
2020-11-02 09:49:14,189.8300,3
2020-11-02 09:49:15,189.8300,3
2020-11-02 09:49:16,189.8400,1
2020-11-02 09:49:17,189.7500,1
2020-11-02 09:49:18,189.7500,1
2020-11-02 09:49:19,189.7500,1
2020-11-02 09:49:20,189.7500,1
2020-11-02 09:49:21,189.7500,1
2020-11-02 09:49:22,189.8200,1
2020-11-02 09:49:23,189.8200,1
2020-11-02 09:49:24,189.8100,1
2020-11-02 09:49:25,189.7100,12
2020-11-02 09:49:26,189.7100,12
2020-11-02 09:49:27,189.7100,1
2020-11-02 09:49:28,189.7100,1
2020-11-02 09:49:29,189.7100,1
2020-11-02 09:49:30,189.7100,1
2020-11-02 09:49:31,189.7100,1
2020-11-02 09:49:32,189.7300,1
2020-11-02 09:49:33,189.7300,1
2020-11-02 09:49:34,189.7300,1
2020-11-02 09:49:35,189.7300,1
2020-11-02 09:49:36,189.8000,1
2020-11-02 09:49:37,189.7700,1
2020-11-02 09:49:38,189.7700,1
2020-11-02 09:49:39,189.7700,1
2020-11-02 09:49:40,189.7700,1
2020-11-02 09:49:41,189.7700,1
2020-11-02 09:49:42,189.7700,1
2020-11-02 09:49:43,189.7700,1
2020-11-02 09:49:44,189.7700,1
2020-11-02 09:49:45,189.7700,1
2020-11-02 09:49:46,189.7700,1
2020-11-02 09:49:47,189.7700,1
2020-11-02 09:49:48,189.7700,1
2020-11-02 09:49:49,189.9100,1
2020-11-02 09:49:50,189.9100,1
2020-11-02 09:49:51,189.9100,1
2020-11-02 09:49:52,189.8900,1
2020-11-02 09:49:53,189.8900,1
2020-11-02 09:49:54,189.8900,1
2020-11-02 09:49:55,189.8900,1
2020-11-02 09:49:56,189.8900,1
2020-11-02 09:49:57,189.8400,7
2020-11-02 09:49:58,189.8400,7
2020-11-02 09:49:59,189.8200,1
2020-11-02 09:50:00,189.8200,1
2020-11-02 09:50:01,189.6500,1
2020-11-02 09:50:02,189.6600,1
2020-11-02 09:50:03,189.6600,1
2020-11-02 09:50:04,189.6600,1
2020-11-02 09:50:05,189.6600,1
2020-11-02 09:50:06,189.7600,1
2020-11-02 09:50:07,189.7600,1
2020-11-02 09:50:08,189.7600,1
2020-11-02 09:50:09,189.7600,1
2020-11-02 09:50:10,189.7600,1
2020-11-02 09:50:11,189.7600,1
2020-11-02 09:50:12,189.7300,4
2020-11-02 09:50:13,189.8700,1
2020-11-02 09:50:14,189.8700,1
2020-11-02 09:50:15,189.8700,1
2020-11-02 09:50:16,189.8700,1
2020-11-02 09:50:17,189.8700,1
2020-11-02 09:50:18,189.8700,1
2020-11-02 09:50:19,189.8000,2
2020-11-02 09:50:20,189.8000,2
2020-11-02 09:50:21,189.8000,2
2020-11-02 09:50:22,189.8200,1
2020-11-02 09:50:23,189.8200,1
2020-11-02 09:50:24,189.6600,1
2020-11-02 09:50:25,189.6600,1
2020-11-02 09:50:26,189.6600,1
2020-11-02 09:50:27,189.6600,1
2020-11-02 09:50:28,189.6600,1
2020-11-02 09:50:29,189.6600,1
2020-11-02 09:50:30,189.6600,1
2020-11-02 09:50:31,189.6600,1
2020-11-02 09:50:32,189.6600,1
2020-11-02 09:50:33,189.6600,1
2020-11-02 09:50:34,189.6600,1
2020-11-02 09:50:35,189.6600,1
2020-11-02 09:50:36,189.6600,1
2020-11-02 09:50:37,189.6600,1
2020-11-02 09:50:38,189.8400,1
2020-11-02 09:50:39,189.8400,1
2020-11-02 09:50:40,189.8400,1
2020-11-02 09:50:41,189.8400,1
2020-11-02 09:50:42,189.8400,1
2020-11-02 09:50:43,189.9200,1
2020-11-02 09:50:44,189.9200,1
2020-11-02 09:50:45,189.6900,1
2020-11-02 09:50:46,189.6900,1
2020-11-02 09:50:47,189.6900,1
2020-11-02 09:50:48,189.6900,1
2020-11-02 09:50:49,189.6900,1
2020-11-02 09:50:50,189.6900,1
2020-11-02 09:50:51,189.6900,1
2020-11-02 09:50:52,189.6900,1
2020-11-02 09:50:53,189.6900,1
2020-11-02 09:50:54,189.6900,1
2020-11-02 09:50:55,189.6900,1
2020-11-02 09:50:56,189.6900,1
2020-11-02 09:50:57,189.6900,1
2020-11-02 09:50:58,189.6900,1
2020-11-02 09:50:59,189.6900,1
2020-11-02 09:51:00,189.7200,1
2020-11-02 09:51:01,189.7200,1
2020-11-02 09:51:02,189.7000,1
2020-11-02 09:51:03,189.7000,1
2020-11-02 09:51:04,189.5400,1
2020-11-02 09:51:05,189.5400,1
2020-11-02 09:51:06,189.5400,1
2020-11-02 09:51:07,189.5400,1
2020-11-02 09:51:08,189.5400,1
2020-11-02 09:51:09,189.5400,1
2020-11-02 09:51:10,189.5400,1
2020-11-02 09:51:11,189.5400,1
2020-11-02 09:51:12,189.6800,1
2020-11-02 09:51:13,189.6800,1
2020-11-02 09:51:14,189.6800,1
2020-11-02 09:51:15,189.6800,1
2020-11-02 09:51:16,189.6800,1
2020-11-02 09:51:17,189.6700,1
2020-11-02 09:51:18,189.6200,1
2020-11-02 09:51:19,189.6200,1
2020-11-02 09:51:20,189.6200,1
2020-11-02 09:51:21,189.6200,1
2020-11-02 09:51:22,189.6200,1
2020-11-02 09:51:23,189.6200,1
2020-11-02 09:51:24,189.6200,1
2020-11-02 09:51:25,189.6200,1
2020-11-02 09:51:26,189.6200,1
2020-11-02 09:51:27,189.7500,1
2020-11-02 09:51:28,189.7200,2
2020-11-02 09:51:29,189.7200,2
2020-11-02 09:51:30,189.7200,2
2020-11-02 09:51:31,189.7200,2
2020-11-02 09:51:32,189.6600,1
2020-11-02 09:51:33,189.6400,1
2020-11-02 09:51:34,189.6400,1
2020-11-02 09:51:35,189.7000,1
2020-11-02 09:51:36,189.7000,1
2020-11-02 09:51:37,189.7000,1
2020-11-02 09:51:38,189.7000,1
2020-11-02 09:51:39,189.7000,1
2020-11-02 09:51:40,189.7000,1
2020-11-02 09:51:41,189.7000,1
2020-11-02 09:51:42,189.7000,1
2020-11-02 09:51:43,189.7000,1
2020-11-02 09:51:44,189.8100,9
2020-11-02 09:51:45,189.8200,1
2020-11-02 09:51:46,189.8200,1
2020-11-02 09:51:47,189.8200,1
2020-11-02 09:51:48,189.8200,1
2020-11-02 09:51:49,189.8200,1
2020-11-02 09:51:50,189.8200,1
2020-11-02 09:51:51,189.8500,1
2020-11-02 09:51:52,189.8500,1
2020-11-02 09:51:53,189.8500,1
2020-11-02 09:51:54,189.8500,1
2020-11-02 09:51:55,189.8500,1
2020-11-02 09:51:56,189.8500,1
2020-11-02 09:51:57,189.8500,1
2020-11-02 09:51:58,190.0500,1
2020-11-02 09:51:59,190.0500,1
2020-11-02 09:52:00,190.0500,1
2020-11-02 09:52:01,190.0500,1
2020-11-02 09:52:02,190.0500,1
2020-11-02 09:52:03,190.0500,1
2020-11-02 09:52:04,190.0500,1
2020-11-02 09:52:05,190.0500,1
2020-11-02 09:52:06,190.0500,1
2020-11-02 09:52:07,190.0000,20
2020-11-02 09:52:08,190.0000,20
2020-11-02 09:52:09,190.0000,20
2020-11-02 09:52:10,190.0000,20
2020-11-02 09:52:11,190.0000,20
2020-11-02 09:52:12,190.0000,20
2020-11-02 09:52:13,190.0000,20
2020-11-02 09:52:14,190.0800,1
2020-11-02 09:52:15,190.0800,1
2020-11-02 09:52:16,190.0800,1
2020-11-02 09:52:17,190.0800,1
2020-11-02 09:52:18,190.0800,1
2020-11-02 09:52:19,190.0800,1
2020-11-02 09:52:20,190.2400,1
2020-11-02 09:52:21,190.2400,1
2020-11-02 09:52:22,190.2400,1
2020-11-02 09:52:23,190.2400,1
2020-11-02 09:52:24,190.2400,1
2020-11-02 09:52:25,190.2400,1
2020-11-02 09:52:26,190.2400,1
2020-11-02 09:52:27,190.2400,1
2020-11-02 09:52:28,190.2400,1
2020-11-02 09:52:29,190.2400,1
2020-11-02 09:52:30,190.4000,2
2020-11-02 09:52:31,190.4000,10
2020-11-02 09:52:32,190.4000,10
2020-11-02 09:52:33,190.4000,10
2020-11-02 09:52:34,190.4000,10
2020-11-02 09:52:35,190.4000,10
2020-11-02 09:52:36,190.4000,10
2020-11-02 09:52:37,190.4000,10
2020-11-02 09:52:38,190.4000,10
2020-11-02 09:52:39,190.4000,10
2020-11-02 09:52:40,190.4000,10
2020-11-02 09:52:41,190.4000,10
2020-11-02 09:52:42,190.4000,10
2020-11-02 09:52:43,190.4000,10
2020-11-02 09:52:44,190.4000,10
2020-11-02 09:52:45,190.4000,10
2020-11-02 09:52:46,190.4000,10
2020-11-02 09:52:47,190.6400,1
2020-11-02 09:52:48,190.6400,1
2020-11-02 09:52:49,190.6400,1
2020-11-02 09:52:50,190.5700,1
2020-11-02 09:52:51,190.5700,1
2020-11-02 09:52:52,190.6000,1
2020-11-02 09:52:53,190.6000,1
2020-11-02 09:52:54,190.6400,1
2020-11-02 09:52:55,190.6400,1
2020-11-02 09:52:56,190.6400,1
2020-11-02 09:52:57,190.6400,1
2020-11-02 09:52:58,190.6400,1
2020-11-02 09:52:59,190.6400,1
2020-11-02 09:53:00,190.6400,1
2020-11-02 09:53:01,190.6400,1
2020-11-02 09:53:02,190.5400,1
2020-11-02 09:53:03,190.5700,1
2020-11-02 09:53:04,190.5700,1
2020-11-02 09:53:05,190.5700,1
2020-11-02 09:53:06,190.5700,1
2020-11-02 09:53:07,190.5700,1
2020-11-02 09:53:08,190.5700,1
2020-11-02 09:53:09,190.5600,1
2020-11-02 09:53:10,190.5600,1
2020-11-02 09:53:11,190.4800,1
2020-11-02 09:53:12,190.4800,1
2020-11-02 09:53:13,190.6500,1
2020-11-02 09:53:14,190.6500,1
2020-11-02 09:53:15,190.7200,1
2020-11-02 09:53:16,190.7200,1
2020-11-02 09:53:17,190.8900,1
2020-11-02 09:53:18,190.8900,1
2020-11-02 09:53:19,190.8900,1
2020-11-02 09:53:20,190.8500,1
2020-11-02 09:53:21,190.8500,1
2020-11-02 09:53:22,190.8500,1
2020-11-02 09:53:23,190.8500,1
2020-11-02 09:53:24,190.8500,1
2020-11-02 09:53:25,190.8500,1
2020-11-02 09:53:26,190.8500,1
2020-11-02 09:53:27,190.8500,1
2020-11-02 09:53:28,190.8500,1
2020-11-02 09:53:29,190.8500,1
2020-11-02 09:53:30,190.8500,1
2020-11-02 09:53:31,190.8500,1
2020-11-02 09:53:32,190.8500,1
2020-11-02 09:53:33,190.8500,1
2020-11-02 09:53:34,190.8500,1
2020-11-02 09:53:35,190.8500,1
2020-11-02 09:53:36,190.8500,1
2020-11-02 09:53:37,190.8500,1
2020-11-02 09:53:38,190.8500,1
2020-11-02 09:53:39,190.8500,1
2020-11-02 09:53:40,190.8500,1
2020-11-02 09:53:41,190.8500,1
2020-11-02 09:53:42,190.8700,1
2020-11-02 09:53:43,190.8700,1
2020-11-02 09:53:44,190.8700,1
2020-11-02 09:53:45,190.8700,1
2020-11-02 09:53:46,190.8700,1
2020-11-02 09:53:47,190.8700,1
2020-11-02 09:53:48,190.8700,1
2020-11-02 09:53:49,190.8700,1
2020-11-02 09:53:50,190.8700,1
2020-11-02 09:53:51,190.8700,1
2020-11-02 09:53:52,190.8700,1
2020-11-02 09:53:53,190.8700,1
2020-11-02 09:53:54,190.8700,1
2020-11-02 09:53:55,190.8700,1
2020-11-02 09:53:56,190.9200,1
2020-11-02 09:53:57,190.9200,1
2020-11-02 09:53:58,190.9200,1
2020-11-02 09:53:59,190.9200,1
2020-11-02 09:54:00,190.9200,1
2020-11-02 09:54:01,190.9200,1
2020-11-02 09:54:02,190.9200,1
2020-11-02 09:54:03,190.9200,1
2020-11-02 09:54:04,190.9600,1
2020-11-02 09:54:05,190.9600,1
2020-11-02 09:54:06,190.9600,1
2020-11-02 09:54:07,190.9700,1
2020-11-02 09:54:08,190.9700,1
2020-11-02 09:54:09,190.9700,1
2020-11-02 09:54:10,190.9700,1
2020-11-02 09:54:11,190.9700,1
2020-11-02 09:54:12,190.9700,1
2020-11-02 09:54:13,190.8500,1
2020-11-02 09:54:14,190.9000,1
2020-11-02 09:54:15,190.9000,1
2020-11-02 09:54:16,190.7800,1
2020-11-02 09:54:17,190.7300,1
2020-11-02 09:54:18,190.7300,1
2020-11-02 09:54:19,190.7300,1
2020-11-02 09:54:20,190.6600,1
2020-11-02 09:54:21,190.6600,1
2020-11-02 09:54:22,190.6600,1
2020-11-02 09:54:23,190.6600,1
2020-11-02 09:54:24,190.6600,1
2020-11-02 09:54:25,190.6600,1
2020-11-02 09:54:26,190.6600,1
2020-11-02 09:54:27,190.6600,1
2020-11-02 09:54:28,190.6600,1
2020-11-02 09:54:29,190.7100,1
2020-11-02 09:54:30,190.7100,1
2020-11-02 09:54:31,190.6000,1
2020-11-02 09:54:32,190.6000,1
2020-11-02 09:54:33,190.6000,1
2020-11-02 09:54:34,190.6000,1
2020-11-02 09:54:35,190.6000,1
2020-11-02 09:54:36,190.6000,1
2020-11-02 09:54:37,190.6000,1
2020-11-02 09:54:38,190.6000,1
2020-11-02 09:54:39,190.6000,1
2020-11-02 09:54:40,190.4700,1
2020-11-02 09:54:41,190.4700,1
2020-11-02 09:54:42,190.4700,1
2020-11-02 09:54:43,190.4700,1
2020-11-02 09:54:44,190.4700,1
2020-11-02 09:54:45,190.4700,1
2020-11-02 09:54:46,190.4700,1
2020-11-02 09:54:47,190.4700,1
2020-11-02 09:54:48,190.4700,1
2020-11-02 09:54:49,190.4600,1
2020-11-02 09:54:50,190.4100,1
2020-11-02 09:54:51,190.4100,1
2020-11-02 09:54:52,190.4800,2
2020-11-02 09:54:53,190.4800,2
2020-11-02 09:54:54,190.4800,2
2020-11-02 09:54:55,190.4800,2
2020-11-02 09:54:56,190.4800,2
2020-11-02 09:54:57,190.4800,2
2020-11-02 09:54:58,190.4800,2
2020-11-02 09:54:59,190.4800,2
2020-11-02 09:55:00,190.4800,2
2020-11-02 09:55:01,190.4700,1
2020-11-02 09:55:02,190.4700,1
2020-11-02 09:55:03,190.4700,1
2020-11-02 09:55:04,190.4700,1
2020-11-02 09:55:05,190.4700,1
2020-11-02 09:55:06,190.4700,1
2020-11-02 09:55:07,190.4700,1
2020-11-02 09:55:08,190.4700,1
2020-11-02 09:55:09,190.4700,1
2020-11-02 09:55:10,190.4700,1
2020-11-02 09:55:11,190.4700,1
2020-11-02 09:55:12,190.4700,1
2020-11-02 09:55:13,190.4700,1
2020-11-02 09:55:14,190.4700,1
2020-11-02 09:55:15,190.5200,1
2020-11-02 09:55:16,190.5200,1
2020-11-02 09:55:17,190.3300,1
2020-11-02 09:55:18,190.3300,1
2020-11-02 09:55:19,190.3300,1
2020-11-02 09:55:20,190.3300,1
2020-11-02 09:55:21,190.2500,1
2020-11-02 09:55:22,190.3500,1
2020-11-02 09:55:23,190.3500,1
2020-11-02 09:55:24,190.4200,3
2020-11-02 09:55:25,190.2500,1
2020-11-02 09:55:26,190.2500,1
2020-11-02 09:55:27,190.2500,1
2020-11-02 09:55:28,190.2500,1
2020-11-02 09:55:29,190.2500,1
2020-11-02 09:55:30,190.2500,1
2020-11-02 09:55:31,190.2400,1
2020-11-02 09:55:32,190.2400,1
2020-11-02 09:55:33,190.2400,1
2020-11-02 09:55:34,190.2400,1
2020-11-02 09:55:35,190.1700,1
2020-11-02 09:55:36,190.1700,1
2020-11-02 09:55:37,190.1900,1
2020-11-02 09:55:38,190.1800,1
2020-11-02 09:55:39,190.1800,1
2020-11-02 09:55:40,190.1800,1
2020-11-02 09:55:41,190.1800,1
2020-11-02 09:55:42,190.1800,1
2020-11-02 09:55:43,190.1800,1
2020-11-02 09:55:44,190.1800,1
2020-11-02 09:55:45,190.1800,1
2020-11-02 09:55:46,190.1800,1
2020-11-02 09:55:47,190.1800,1
2020-11-02 09:55:48,190.1800,1
2020-11-02 09:55:49,190.3000,2
2020-11-02 09:55:50,190.3000,2
2020-11-02 09:55:51,190.2000,1
2020-11-02 09:55:52,190.2000,1
2020-11-02 09:55:53,190.1300,1
2020-11-02 09:55:54,190.1300,1
2020-11-02 09:55:55,190.1300,1
2020-11-02 09:55:56,190.1700,2
2020-11-02 09:55:57,190.1700,2
2020-11-02 09:55:58,190.1700,2
2020-11-02 09:55:59,190.1700,2
2020-11-02 09:56:00,190.1700,2
2020-11-02 09:56:01,190.1700,2
2020-11-02 09:56:02,190.1700,2
2020-11-02 09:56:03,190.1800,1
2020-11-02 09:56:04,190.1800,1
2020-11-02 09:56:05,190.1800,1
2020-11-02 09:56:06,190.1800,1
2020-11-02 09:56:07,190.1800,1
2020-11-02 09:56:08,190.0300,10
2020-11-02 09:56:09,190.0300,10
2020-11-02 09:56:10,190.0300,10
2020-11-02 09:56:11,190.1500,4
2020-11-02 09:56:12,190.1500,4
2020-11-02 09:56:13,190.1500,4
2020-11-02 09:56:14,190.2500,1
2020-11-02 09:56:15,190.2500,1
2020-11-02 09:56:16,190.2500,1
2020-11-02 09:56:17,190.2500,1
2020-11-02 09:56:18,190.2500,1
2020-11-02 09:56:19,190.2500,1
2020-11-02 09:56:20,190.2500,1
2020-11-02 09:56:21,190.2500,1
2020-11-02 09:56:22,190.2500,1
2020-11-02 09:56:23,190.2500,1
2020-11-02 09:56:24,190.2500,1
2020-11-02 09:56:25,190.2500,1
2020-11-02 09:56:26,190.2500,1
2020-11-02 09:56:27,190.2500,1
2020-11-02 09:56:28,190.2500,1
2020-11-02 09:56:29,190.2500,1
2020-11-02 09:56:30,190.3900,1
2020-11-02 09:56:31,190.4100,2
2020-11-02 09:56:32,190.4100,2
2020-11-02 09:56:33,190.4100,2
2020-11-02 09:56:34,190.4100,2
2020-11-02 09:56:35,190.4100,2
2020-11-02 09:56:36,190.4100,2
2020-11-02 09:56:37,190.4100,2
2020-11-02 09:56:38,190.4100,2
2020-11-02 09:56:39,190.4100,2
2020-11-02 09:56:40,190.4100,2
2020-11-02 09:56:41,190.4100,2
2020-11-02 09:56:42,190.4100,2
2020-11-02 09:56:43,190.4100,1
2020-11-02 09:56:44,190.4100,1
2020-11-02 09:56:45,190.3500,1
2020-11-02 09:56:46,190.2700,1
2020-11-02 09:56:47,190.2700,1
2020-11-02 09:56:48,190.2700,1
2020-11-02 09:56:49,190.2700,1
2020-11-02 09:56:50,190.2700,1
2020-11-02 09:56:51,190.2700,1
2020-11-02 09:56:52,190.2700,1
2020-11-02 09:56:53,190.2700,1
2020-11-02 09:56:54,190.2000,1
2020-11-02 09:56:55,190.2000,2
2020-11-02 09:56:56,190.2000,2
2020-11-02 09:56:57,190.2000,2
2020-11-02 09:56:58,190.2000,2
2020-11-02 09:56:59,190.2000,2
2020-11-02 09:57:00,190.2000,2
2020-11-02 09:57:01,190.3100,1
2020-11-02 09:57:02,190.3100,1
2020-11-02 09:57:03,190.3100,1
2020-11-02 09:57:04,190.3100,1
2020-11-02 09:57:05,190.3100,1
2020-11-02 09:57:06,190.3100,1
2020-11-02 09:57:07,190.3100,1
2020-11-02 09:57:08,190.4200,1
2020-11-02 09:57:09,190.4200,1
2020-11-02 09:57:10,190.4200,1
2020-11-02 09:57:11,190.4200,1
2020-11-02 09:57:12,190.4200,1
2020-11-02 09:57:13,190.4200,1
2020-11-02 09:57:14,190.4200,1
2020-11-02 09:57:15,190.4200,1
2020-11-02 09:57:16,190.4200,1
2020-11-02 09:57:17,190.4200,1
2020-11-02 09:57:18,190.4200,1
2020-11-02 09:57:19,190.4200,1
2020-11-02 09:57:20,190.4200,1
2020-11-02 09:57:21,190.4000,1
2020-11-02 09:57:22,190.4000,1
2020-11-02 09:57:23,190.4000,1
2020-11-02 09:57:24,190.4000,1
2020-11-02 09:57:25,190.4600,1
2020-11-02 09:57:26,190.4600,1
2020-11-02 09:57:27,190.3800,1
2020-11-02 09:57:28,190.3800,1
2020-11-02 09:57:29,190.3800,1
2020-11-02 09:57:30,190.3800,1
2020-11-02 09:57:31,190.3800,1
2020-11-02 09:57:32,190.3800,1
2020-11-02 09:57:33,190.3800,1
2020-11-02 09:57:34,190.3700,2
2020-11-02 09:57:35,190.3700,2
2020-11-02 09:57:36,190.3700,2
2020-11-02 09:57:37,190.3700,2
2020-11-02 09:57:38,190.3700,2
2020-11-02 09:57:39,190.3700,2
2020-11-02 09:57:40,190.3700,2
2020-11-02 09:57:41,190.3700,2
2020-11-02 09:57:42,190.3700,2
2020-11-02 09:57:43,190.3400,1
2020-11-02 09:57:44,190.2700,1
2020-11-02 09:57:45,190.2700,1
2020-11-02 09:57:46,190.2700,1
2020-11-02 09:57:47,190.2700,1
2020-11-02 09:57:48,190.2700,1
2020-11-02 09:57:49,190.2700,1
2020-11-02 09:57:50,190.2700,1
2020-11-02 09:57:51,190.2700,1
2020-11-02 09:57:52,190.2800,1
2020-11-02 09:57:53,190.4400,1
2020-11-02 09:57:54,190.4400,1
2020-11-02 09:57:55,190.3900,1
2020-11-02 09:57:56,190.3900,1
2020-11-02 09:57:57,190.4800,1
2020-11-02 09:57:58,190.4800,1
2020-11-02 09:57:59,190.4800,1
2020-11-02 09:58:00,190.4800,1
2020-11-02 09:58:01,190.4800,1
2020-11-02 09:58:02,190.4600,1
2020-11-02 09:58:03,190.4600,1
2020-11-02 09:58:04,190.4600,1
2020-11-02 09:58:05,190.4600,1
2020-11-02 09:58:06,190.4600,1
2020-11-02 09:58:07,190.4600,1
2020-11-02 09:58:08,190.4600,1
2020-11-02 09:58:09,190.4600,1
2020-11-02 09:58:10,190.4800,1
2020-11-02 09:58:11,190.4800,1
2020-11-02 09:58:12,190.4800,1
2020-11-02 09:58:13,190.4800,1
2020-11-02 09:58:14,190.4800,1
2020-11-02 09:58:15,190.4700,1
2020-11-02 09:58:16,190.4700,1
2020-11-02 09:58:17,190.4700,1
2020-11-02 09:58:18,190.4700,1
2020-11-02 09:58:19,190.5300,1
2020-11-02 09:58:20,190.5300,1
2020-11-02 09:58:21,190.5300,1
2020-11-02 09:58:22,190.5300,1
2020-11-02 09:58:23,190.5300,1
2020-11-02 09:58:24,190.5300,1
2020-11-02 09:58:25,190.5300,1
2020-11-02 09:58:26,190.5300,1
2020-11-02 09:58:27,190.5000,1
2020-11-02 09:58:28,190.5000,1
2020-11-02 09:58:29,190.5000,1
2020-11-02 09:58:30,190.5400,1
2020-11-02 09:58:31,190.5400,2
2020-11-02 09:58:32,190.4800,1
2020-11-02 09:58:33,190.4800,1
2020-11-02 09:58:34,190.4800,1
2020-11-02 09:58:35,190.5400,1
2020-11-02 09:58:36,190.5400,1
2020-11-02 09:58:37,190.4800,1
2020-11-02 09:58:38,190.4400,1
2020-11-02 09:58:39,190.4400,1
2020-11-02 09:58:40,190.4600,1
2020-11-02 09:58:41,190.4600,1
2020-11-02 09:58:42,190.4600,1
2020-11-02 09:58:43,190.4600,1
2020-11-02 09:58:44,190.4600,1
2020-11-02 09:58:45,190.4800,1
2020-11-02 09:58:46,190.4800,1
2020-11-02 09:58:47,190.4800,1
2020-11-02 09:58:48,190.4000,1
2020-11-02 09:58:49,190.4000,1
2020-11-02 09:58:50,190.4000,1
2020-11-02 09:58:51,190.3300,1
2020-11-02 09:58:52,190.3300,1
2020-11-02 09:58:53,190.3300,1
2020-11-02 09:58:54,190.3300,1
2020-11-02 09:58:55,190.3300,1
2020-11-02 09:58:56,190.2900,1
2020-11-02 09:58:57,190.2900,1
2020-11-02 09:58:58,190.2100,1
2020-11-02 09:58:59,190.2100,1
2020-11-02 09:59:00,190.2100,1
2020-11-02 09:59:01,190.2100,1
2020-11-02 09:59:02,190.2100,1
2020-11-02 09:59:03,190.2100,1
2020-11-02 09:59:04,190.2100,1
2020-11-02 09:59:05,190.2100,1
2020-11-02 09:59:06,190.2100,1
2020-11-02 09:59:07,190.3100,1
2020-11-02 09:59:08,190.3500,3
2020-11-02 09:59:09,190.3500,3
2020-11-02 09:59:10,190.3500,3
2020-11-02 09:59:11,190.3500,3
2020-11-02 09:59:12,190.3500,3
2020-11-02 09:59:13,190.3500,3
2020-11-02 09:59:14,190.3500,3
2020-11-02 09:59:15,190.3500,3
2020-11-02 09:59:16,190.3500,3
2020-11-02 09:59:17,190.3500,3
2020-11-02 09:59:18,190.3500,3
2020-11-02 09:59:19,190.3500,3
2020-11-02 09:59:20,190.3500,3
2020-11-02 09:59:21,190.3500,1
2020-11-02 09:59:22,190.3500,1
2020-11-02 09:59:23,190.3500,1
2020-11-02 09:59:24,190.3500,1
2020-11-02 09:59:25,190.3600,1
2020-11-02 09:59:26,190.3600,1
2020-11-02 09:59:27,190.3600,1
2020-11-02 09:59:28,190.3600,1
2020-11-02 09:59:29,190.3600,1
2020-11-02 09:59:30,190.3600,1
2020-11-02 09:59:31,190.3600,1
2020-11-02 09:59:32,190.3600,1
2020-11-02 09:59:33,190.3600,1
2020-11-02 09:59:34,190.3600,1
2020-11-02 09:59:35,190.3500,1
2020-11-02 09:59:36,190.3500,1
2020-11-02 09:59:37,190.3500,1
2020-11-02 09:59:38,190.3500,1
2020-11-02 09:59:39,190.3500,1
2020-11-02 09:59:40,190.3300,1
2020-11-02 09:59:41,190.3400,1
2020-11-02 09:59:42,190.3400,1
2020-11-02 09:59:43,190.2000,1
2020-11-02 09:59:44,190.1900,1
2020-11-02 09:59:45,190.1900,1
2020-11-02 09:59:46,190.1800,1
2020-11-02 09:59:47,190.1800,1
2020-11-02 09:59:48,190.1800,1
2020-11-02 09:59:49,190.1800,1
2020-11-02 09:59:50,190.1800,1
2020-11-02 09:59:51,190.1800,1
2020-11-02 09:59:52,190.1800,1
2020-11-02 09:59:53,190.1800,1
2020-11-02 09:59:54,190.1800,1
2020-11-02 09:59:55,190.1800,1
2020-11-02 09:59:56,190.1800,1
2020-11-02 09:59:57,190.1800,1
2020-11-02 09:59:58,190.1800,1
2020-11-02 09:59:59,190.1800,1
2020-11-02 10:00:00,190.1800,1
2020-11-02 10:00:01,190.5800,1
2020-11-02 10:00:02,190.2100,1
2020-11-02 10:00:03,190.2100,1
2020-11-02 10:00:04,190.2100,1
2020-11-02 10:00:05,190.5200,1
2020-11-02 10:00:06,190.5200,1
2020-11-02 10:00:07,190.5200,1
2020-11-02 10:00:08,190.5200,1
2020-11-02 10:00:09,190.5200,1
2020-11-02 10:00:10,190.5200,1
2020-11-02 10:00:11,190.5200,1
2020-11-02 10:00:12,190.5200,1
2020-11-02 10:00:13,190.5200,1
2020-11-02 10:00:14,190.5200,1
2020-11-02 10:00:15,190.5200,1
2020-11-02 10:00:16,190.5200,1
2020-11-02 10:00:17,190.5200,1
2020-11-02 10:00:18,190.5100,1
2020-11-02 10:00:19,190.5100,1
2020-11-02 10:00:20,190.5100,1
2020-11-02 10:00:21,190.5100,1
2020-11-02 10:00:22,190.5100,1
2020-11-02 10:00:23,190.5100,1
2020-11-02 10:00:24,190.3900,1
2020-11-02 10:00:25,190.3900,1
2020-11-02 10:00:26,190.6400,1
2020-11-02 10:00:27,190.6400,1
2020-11-02 10:00:28,190.6400,1
2020-11-02 10:00:29,190.6400,1
2020-11-02 10:00:30,190.6400,1
2020-11-02 10:00:31,190.6400,1
2020-11-02 10:00:32,190.6400,1
2020-11-02 10:00:33,190.6400,1
2020-11-02 10:00:34,190.6100,3
2020-11-02 10:00:35,190.5100,1
2020-11-02 10:00:36,190.5100,1
2020-11-02 10:00:37,190.5100,1
2020-11-02 10:00:38,190.5100,1
2020-11-02 10:00:39,190.5100,1
2020-11-02 10:00:40,190.5100,1
2020-11-02 10:00:41,190.5100,1
2020-11-02 10:00:42,190.5100,1
2020-11-02 10:00:43,190.5100,1
2020-11-02 10:00:44,190.5100,1
2020-11-02 10:00:45,190.5100,1
2020-11-02 10:00:46,190.5100,1
2020-11-02 10:00:47,190.5100,1
2020-11-02 10:00:48,190.5100,1
2020-11-02 10:00:49,190.5900,1
2020-11-02 10:00:50,190.5200,1
2020-11-02 10:00:51,190.5200,1
2020-11-02 10:00:52,190.5900,2
2020-11-02 10:00:53,190.5900,2
2020-11-02 10:00:54,190.5000,1
2020-11-02 10:00:55,190.5000,1
2020-11-02 10:00:56,190.5000,1
2020-11-02 10:00:57,190.5000,1
2020-11-02 10:00:58,190.5000,1
2020-11-02 10:00:59,190.5600,1
2020-11-02 10:01:00,190.7200,1
2020-11-02 10:01:01,190.7200,1
2020-11-02 10:01:02,190.7200,1
2020-11-02 10:01:03,190.6300,1
2020-11-02 10:01:04,190.6300,1
2020-11-02 10:01:05,190.6600,1
2020-11-02 10:01:06,190.6600,1
2020-11-02 10:01:07,190.6600,1
2020-11-02 10:01:08,190.7100,1
2020-11-02 10:01:09,190.7100,1
2020-11-02 10:01:10,190.7100,1
2020-11-02 10:01:11,190.7100,1
2020-11-02 10:01:12,190.7100,1
2020-11-02 10:01:13,190.7100,1
2020-11-02 10:01:14,190.9200,9
2020-11-02 10:01:15,190.9200,9
2020-11-02 10:01:16,191.0000,1
2020-11-02 10:01:17,190.8900,1
2020-11-02 10:01:18,191.0000,5
2020-11-02 10:01:19,191.0000,5
2020-11-02 10:01:20,191.0000,5
2020-11-02 10:01:21,191.0100,1
2020-11-02 10:01:22,191.0100,1
2020-11-02 10:01:23,191.0100,1
2020-11-02 10:01:24,191.0100,1
2020-11-02 10:01:25,190.7900,1
2020-11-02 10:01:26,190.7900,1
2020-11-02 10:01:27,190.8000,1
2020-11-02 10:01:28,190.8000,1
2020-11-02 10:01:29,190.8000,1
2020-11-02 10:01:30,190.9200,1
2020-11-02 10:01:31,190.9200,1
2020-11-02 10:01:32,190.9200,1
2020-11-02 10:01:33,190.9200,1
2020-11-02 10:01:34,190.8200,1
2020-11-02 10:01:35,190.8400,1
2020-11-02 10:01:36,190.8400,1
2020-11-02 10:01:37,190.9700,1
2020-11-02 10:01:38,190.9700,1
2020-11-02 10:01:39,190.9700,1
2020-11-02 10:01:40,190.9700,1
2020-11-02 10:01:41,190.9700,1
2020-11-02 10:01:42,190.9700,1
2020-11-02 10:01:43,190.9000,1
2020-11-02 10:01:44,190.9000,1
2020-11-02 10:01:45,190.9000,1
2020-11-02 10:01:46,190.9000,1
2020-11-02 10:01:47,190.9000,1
2020-11-02 10:01:48,190.9000,1
2020-11-02 10:01:49,190.9000,1
2020-11-02 10:01:50,190.9000,1
2020-11-02 10:01:51,190.9000,1
2020-11-02 10:01:52,190.9000,1
2020-11-02 10:01:53,190.9000,1
2020-11-02 10:01:54,190.9000,1
2020-11-02 10:01:55,190.9000,1
2020-11-02 10:01:56,190.9000,1
2020-11-02 10:01:57,190.9000,1
2020-11-02 10:01:58,190.9800,1
2020-11-02 10:01:59,190.9800,1
2020-11-02 10:02:00,190.8900,1
2020-11-02 10:02:01,190.8900,1
2020-11-02 10:02:02,190.8900,1
2020-11-02 10:02:03,190.7500,1
2020-11-02 10:02:04,190.7500,1
2020-11-02 10:02:05,190.7500,1
2020-11-02 10:02:06,190.7500,1
2020-11-02 10:02:07,190.7500,1
2020-11-02 10:02:08,190.7500,1
2020-11-02 10:02:09,190.7500,1
2020-11-02 10:02:10,190.7500,1
2020-11-02 10:02:11,190.7400,1
2020-11-02 10:02:12,190.7400,1
2020-11-02 10:02:13,190.7400,1
2020-11-02 10:02:14,190.6300,1
2020-11-02 10:02:15,190.6000,1
2020-11-02 10:02:16,190.5400,1
2020-11-02 10:02:17,190.5400,1
2020-11-02 10:02:18,190.5400,1
2020-11-02 10:02:19,190.5400,1
2020-11-02 10:02:20,190.5400,1
2020-11-02 10:02:21,190.5400,1
2020-11-02 10:02:22,190.5400,1
2020-11-02 10:02:23,190.5400,1
2020-11-02 10:02:24,190.5400,1
2020-11-02 10:02:25,190.5400,1
2020-11-02 10:02:26,190.5400,1
2020-11-02 10:02:27,190.5500,1
2020-11-02 10:02:28,190.4600,1
2020-11-02 10:02:29,190.5400,1
2020-11-02 10:02:30,190.5400,1
2020-11-02 10:02:31,190.5400,1
2020-11-02 10:02:32,190.5400,1
2020-11-02 10:02:33,190.5400,1
2020-11-02 10:02:34,190.5100,1
2020-11-02 10:02:35,190.3900,1
2020-11-02 10:02:36,190.3900,1
2020-11-02 10:02:37,190.4500,1
2020-11-02 10:02:38,190.3500,1
2020-11-02 10:02:39,190.4300,1
2020-11-02 10:02:40,190.3900,2
2020-11-02 10:02:41,190.3900,2
2020-11-02 10:02:42,190.3900,2
2020-11-02 10:02:43,190.3900,2
2020-11-02 10:02:44,190.3900,2
2020-11-02 10:02:45,190.3900,2
2020-11-02 10:02:46,190.3900,2
2020-11-02 10:02:47,190.3900,2
2020-11-02 10:02:48,190.4400,3
2020-11-02 10:02:49,190.4400,3
2020-11-02 10:02:50,190.4400,3
2020-11-02 10:02:51,190.3900,1
2020-11-02 10:02:52,190.3900,1
2020-11-02 10:02:53,190.5000,1
2020-11-02 10:02:54,190.5000,1
2020-11-02 10:02:55,190.5000,1
2020-11-02 10:02:56,190.5000,1
2020-11-02 10:02:57,190.5000,1
2020-11-02 10:02:58,190.5000,1
2020-11-02 10:02:59,190.5000,2
2020-11-02 10:03:00,190.5000,4
2020-11-02 10:03:01,190.5000,4
2020-11-02 10:03:02,190.5000,4
2020-11-02 10:03:03,190.5000,4
2020-11-02 10:03:04,190.4200,1
2020-11-02 10:03:05,190.4300,1
2020-11-02 10:03:06,190.4300,1
2020-11-02 10:03:07,190.4300,1
2020-11-02 10:03:08,190.3700,1
2020-11-02 10:03:09,190.3700,1
2020-11-02 10:03:10,190.3700,1
2020-11-02 10:03:11,190.3700,1
2020-11-02 10:03:12,190.4200,1
2020-11-02 10:03:13,190.4200,1
2020-11-02 10:03:14,190.4200,1
2020-11-02 10:03:15,190.4200,1
2020-11-02 10:03:16,190.4200,1
2020-11-02 10:03:17,190.4200,1
2020-11-02 10:03:18,190.4400,1
2020-11-02 10:03:19,190.4400,1
2020-11-02 10:03:20,190.4400,1
2020-11-02 10:03:21,190.4400,1
2020-11-02 10:03:22,190.4400,1
2020-11-02 10:03:23,190.4400,1
2020-11-02 10:03:24,190.4500,1
2020-11-02 10:03:25,190.4500,1
2020-11-02 10:03:26,190.4500,1
2020-11-02 10:03:27,190.4400,1
2020-11-02 10:03:28,190.4400,1
2020-11-02 10:03:29,190.5300,1
2020-11-02 10:03:30,190.5200,1
2020-11-02 10:03:31,190.5200,1
2020-11-02 10:03:32,190.5200,1
2020-11-02 10:03:33,190.5200,1
2020-11-02 10:03:34,190.3900,1
2020-11-02 10:03:35,190.4400,1
2020-11-02 10:03:36,190.4400,1
2020-11-02 10:03:37,190.4400,1
2020-11-02 10:03:38,190.4400,1
2020-11-02 10:03:39,190.4100,1
2020-11-02 10:03:40,190.4100,1
2020-11-02 10:03:41,190.4100,1
2020-11-02 10:03:42,190.4100,1
2020-11-02 10:03:43,190.3900,1
2020-11-02 10:03:44,190.3900,1
2020-11-02 10:03:45,190.3900,1
2020-11-02 10:03:46,190.3900,1
2020-11-02 10:03:47,190.3900,1
2020-11-02 10:03:48,190.3900,1
2020-11-02 10:03:49,190.3900,1
2020-11-02 10:03:50,190.3900,1
2020-11-02 10:03:51,190.3900,1
2020-11-02 10:03:52,190.3900,1
2020-11-02 10:03:53,190.3900,1
2020-11-02 10:03:54,190.4300,1
2020-11-02 10:03:55,190.4300,1
2020-11-02 10:03:56,190.4300,1
2020-11-02 10:03:57,190.4300,1
2020-11-02 10:03:58,190.4300,1
2020-11-02 10:03:59,190.5100,1
2020-11-02 10:04:00,190.5100,1
2020-11-02 10:04:01,190.6800,3
2020-11-02 10:04:02,190.6800,3
2020-11-02 10:04:03,190.6800,3
2020-11-02 10:04:04,190.6400,1
2020-11-02 10:04:05,190.6400,1
2020-11-02 10:04:06,190.6400,1
2020-11-02 10:04:07,190.6400,1
2020-11-02 10:04:08,190.6400,1
2020-11-02 10:04:09,190.6400,1
2020-11-02 10:04:10,190.4500,1
2020-11-02 10:04:11,190.4500,1
2020-11-02 10:04:12,190.4500,1
2020-11-02 10:04:13,190.4500,1
2020-11-02 10:04:14,190.4500,1
2020-11-02 10:04:15,190.4500,1
2020-11-02 10:04:16,190.4500,1
2020-11-02 10:04:17,190.5500,3
2020-11-02 10:04:18,190.5500,3
2020-11-02 10:04:19,190.5500,3
2020-11-02 10:04:20,190.5500,3
2020-11-02 10:04:21,190.5500,3
2020-11-02 10:04:22,190.5500,3
2020-11-02 10:04:23,190.5500,3
2020-11-02 10:04:24,190.5500,3
2020-11-02 10:04:25,190.5500,3
2020-11-02 10:04:26,190.6100,1
2020-11-02 10:04:27,190.6100,1
2020-11-02 10:04:28,190.6400,3
2020-11-02 10:04:29,190.6400,3
2020-11-02 10:04:30,190.6400,3
2020-11-02 10:04:31,190.6400,3
2020-11-02 10:04:32,190.6400,3
2020-11-02 10:04:33,190.6400,3
2020-11-02 10:04:34,190.6400,3
2020-11-02 10:04:35,190.6400,3
2020-11-02 10:04:36,190.6400,3
2020-11-02 10:04:37,190.7900,1
2020-11-02 10:04:38,190.7900,1
2020-11-02 10:04:39,190.7900,1
2020-11-02 10:04:40,190.7900,1
2020-11-02 10:04:41,190.7900,1
2020-11-02 10:04:42,190.7900,1
2020-11-02 10:04:43,190.7900,1
2020-11-02 10:04:44,190.7900,1
2020-11-02 10:04:45,190.7900,1
2020-11-02 10:04:46,190.7700,5
2020-11-02 10:04:47,190.7700,5
2020-11-02 10:04:48,190.7700,5
2020-11-02 10:04:49,190.9600,1
2020-11-02 10:04:50,190.9600,1
2020-11-02 10:04:51,191.0000,1
2020-11-02 10:04:52,191.0000,1
2020-11-02 10:04:53,191.0100,1
2020-11-02 10:04:54,191.0100,1
2020-11-02 10:04:55,191.0100,1
2020-11-02 10:04:56,191.0100,1
2020-11-02 10:04:57,191.0100,1
2020-11-02 10:04:58,191.0100,1
2020-11-02 10:04:59,191.0100,1
2020-11-02 10:05:00,191.0100,1
2020-11-02 10:05:01,191.0100,1
2020-11-02 10:05:02,191.1000,3
2020-11-02 10:05:03,191.1000,3
2020-11-02 10:05:04,191.1000,3
2020-11-02 10:05:05,191.1000,1
2020-11-02 10:05:06,191.1000,1
2020-11-02 10:05:07,191.1000,1
2020-11-02 10:05:08,191.1000,1
2020-11-02 10:05:09,191.1000,1
2020-11-02 10:05:10,191.1000,1
2020-11-02 10:05:11,191.1000,1
2020-11-02 10:05:12,191.1000,1
2020-11-02 10:05:13,191.1000,1
2020-11-02 10:05:14,191.1000,1
2020-11-02 10:05:15,191.1000,1
2020-11-02 10:05:16,191.1000,1
2020-11-02 10:05:17,191.1000,1
2020-11-02 10:05:18,191.1000,1
2020-11-02 10:05:19,191.0900,1
2020-11-02 10:05:20,191.0900,1
2020-11-02 10:05:21,191.1000,1
2020-11-02 10:05:22,191.1000,1
2020-11-02 10:05:23,191.1000,1
2020-11-02 10:05:24,191.0900,1
2020-11-02 10:05:25,191.0800,1
2020-11-02 10:05:26,191.0800,1
2020-11-02 10:05:27,191.1600,2
2020-11-02 10:05:28,191.1600,2
2020-11-02 10:05:29,191.1600,2
2020-11-02 10:05:30,191.1600,2
2020-11-02 10:05:31,191.1600,2
2020-11-02 10:05:32,191.0800,1
2020-11-02 10:05:33,191.0800,1
2020-11-02 10:05:34,191.0800,1
2020-11-02 10:05:35,191.0800,1
2020-11-02 10:05:36,191.0800,1
2020-11-02 10:05:37,191.0800,1
2020-11-02 10:05:38,191.0800,1
2020-11-02 10:05:39,191.0800,1
2020-11-02 10:05:40,191.0800,1
2020-11-02 10:05:41,191.0800,1
2020-11-02 10:05:42,191.0900,2
2020-11-02 10:05:43,191.0900,2
2020-11-02 10:05:44,191.1800,1
2020-11-02 10:05:45,191.1800,1
2020-11-02 10:05:46,191.1800,1
2020-11-02 10:05:47,191.1800,1
2020-11-02 10:05:48,191.1800,1
2020-11-02 10:05:49,191.1800,1
2020-11-02 10:05:50,191.1800,1
2020-11-02 10:05:51,191.1800,1
2020-11-02 10:05:52,191.1800,1
2020-11-02 10:05:53,191.1600,1
2020-11-02 10:05:54,191.1600,1
2020-11-02 10:05:55,191.1600,1
2020-11-02 10:05:56,191.1600,1
2020-11-02 10:05:57,191.1600,1
2020-11-02 10:05:58,191.1600,1
2020-11-02 10:05:59,191.1600,1
2020-11-02 10:06:00,191.1600,1
2020-11-02 10:06:01,191.1100,1
2020-11-02 10:06:02,191.1100,1
2020-11-02 10:06:03,191.1100,1
2020-11-02 10:06:04,191.1100,1
2020-11-02 10:06:05,191.1100,1
2020-11-02 10:06:06,191.1100,1
2020-11-02 10:06:07,191.1800,1
2020-11-02 10:06:08,191.1800,1
2020-11-02 10:06:09,191.1800,1
2020-11-02 10:06:10,191.1500,1
2020-11-02 10:06:11,191.1500,1
2020-11-02 10:06:12,191.1500,1
2020-11-02 10:06:13,191.1500,1
2020-11-02 10:06:14,191.1500,1
2020-11-02 10:06:15,191.1500,1
2020-11-02 10:06:16,191.2600,1
2020-11-02 10:06:17,191.2600,1
2020-11-02 10:06:18,191.2600,1
2020-11-02 10:06:19,191.2600,1
2020-11-02 10:06:20,191.2400,1
2020-11-02 10:06:21,191.4900,9
2020-11-02 10:06:22,191.4900,9
2020-11-02 10:06:23,191.4900,9
2020-11-02 10:06:24,191.4900,9
2020-11-02 10:06:25,191.4900,9
2020-11-02 10:06:26,191.4900,9
2020-11-02 10:06:27,191.4900,9
2020-11-02 10:06:28,191.4900,9
2020-11-02 10:06:29,191.4900,9
2020-11-02 10:06:30,191.4900,9
2020-11-02 10:06:31,191.4900,9
2020-11-02 10:06:32,191.4900,9
2020-11-02 10:06:33,191.4900,9
2020-11-02 10:06:34,191.4900,9
2020-11-02 10:06:35,191.4900,9
2020-11-02 10:06:36,191.4900,9
2020-11-02 10:06:37,191.3800,1
2020-11-02 10:06:38,191.3800,1
2020-11-02 10:06:39,191.3800,1
2020-11-02 10:06:40,191.3800,1
2020-11-02 10:06:41,191.3800,1
2020-11-02 10:06:42,191.3800,1
2020-11-02 10:06:43,191.4400,1
2020-11-02 10:06:44,191.4400,1
2020-11-02 10:06:45,191.4400,1
2020-11-02 10:06:46,191.4400,1
2020-11-02 10:06:47,191.3500,1
2020-11-02 10:06:48,191.3500,1
2020-11-02 10:06:49,191.3500,1
2020-11-02 10:06:50,191.4400,1
2020-11-02 10:06:51,191.4400,1
2020-11-02 10:06:52,191.4400,1
2020-11-02 10:06:53,191.4400,1
2020-11-02 10:06:54,191.4400,1
2020-11-02 10:06:55,191.4400,1
2020-11-02 10:06:56,191.4400,1
2020-11-02 10:06:57,191.4400,1
2020-11-02 10:06:58,191.4400,1
2020-11-02 10:06:59,191.4400,1
2020-11-02 10:07:00,191.4400,1
2020-11-02 10:07:01,191.4400,1
2020-11-02 10:07:02,191.4300,1
2020-11-02 10:07:03,191.4600,1
2020-11-02 10:07:04,191.4600,1
2020-11-02 10:07:05,191.4600,1
2020-11-02 10:07:06,191.4600,1
2020-11-02 10:07:07,191.4600,1
2020-11-02 10:07:08,191.4900,1
2020-11-02 10:07:09,191.4900,1
2020-11-02 10:07:10,191.4900,1
2020-11-02 10:07:11,191.4900,1
2020-11-02 10:07:12,191.4900,1
2020-11-02 10:07:13,191.5000,1
2020-11-02 10:07:14,191.5000,1
2020-11-02 10:07:15,191.5000,1
2020-11-02 10:07:16,191.4500,1
2020-11-02 10:07:17,191.4500,1
2020-11-02 10:07:18,191.4500,1
2020-11-02 10:07:19,191.5400,4
2020-11-02 10:07:20,191.5400,1
2020-11-02 10:07:21,191.5400,1
2020-11-02 10:07:22,191.5400,1
2020-11-02 10:07:23,191.5400,1
2020-11-02 10:07:24,191.5400,1
2020-11-02 10:07:25,191.5400,1
2020-11-02 10:07:26,191.5400,1
2020-11-02 10:07:27,191.5400,1
2020-11-02 10:07:28,191.5400,1
2020-11-02 10:07:29,191.5400,1
2020-11-02 10:07:30,191.5400,1
2020-11-02 10:07:31,191.5400,1
2020-11-02 10:07:32,191.5400,1
2020-11-02 10:07:33,191.5900,1
2020-11-02 10:07:34,191.5900,1
2020-11-02 10:07:35,191.5900,1
2020-11-02 10:07:36,191.5900,1
2020-11-02 10:07:37,191.5800,2
2020-11-02 10:07:38,191.5800,2
2020-11-02 10:07:39,191.6700,1
2020-11-02 10:07:40,191.6700,1
2020-11-02 10:07:41,191.6700,1
2020-11-02 10:07:42,191.6700,1
2020-11-02 10:07:43,191.5000,1
2020-11-02 10:07:44,191.5000,1
2020-11-02 10:07:45,191.5000,1
2020-11-02 10:07:46,191.5000,1
2020-11-02 10:07:47,191.5000,1
2020-11-02 10:07:48,191.5000,1
2020-11-02 10:07:49,191.5000,1
2020-11-02 10:07:50,191.5000,1
2020-11-02 10:07:51,191.4700,1
2020-11-02 10:07:52,191.4700,1
2020-11-02 10:07:53,191.5200,1
2020-11-02 10:07:54,191.4300,1
2020-11-02 10:07:55,191.3900,1
2020-11-02 10:07:56,191.4100,1
2020-11-02 10:07:57,191.4100,1
2020-11-02 10:07:58,191.4100,1
2020-11-02 10:07:59,191.4100,1
2020-11-02 10:08:00,191.4100,1
2020-11-02 10:08:01,191.4100,1
2020-11-02 10:08:02,191.4600,1
2020-11-02 10:08:03,191.4600,1
2020-11-02 10:08:04,191.4600,1
2020-11-02 10:08:05,191.4600,1
2020-11-02 10:08:06,191.4600,1
2020-11-02 10:08:07,191.4600,1
2020-11-02 10:08:08,191.4600,1
2020-11-02 10:08:09,191.4600,1
2020-11-02 10:08:10,191.4600,1
2020-11-02 10:08:11,191.4600,1
2020-11-02 10:08:12,191.4600,1
2020-11-02 10:08:13,191.3900,1
2020-11-02 10:08:14,191.3900,1
2020-11-02 10:08:15,191.3900,1
2020-11-02 10:08:16,191.3900,1
2020-11-02 10:08:17,191.3900,1
2020-11-02 10:08:18,191.3900,1
2020-11-02 10:08:19,191.3900,1
2020-11-02 10:08:20,191.3900,1
2020-11-02 10:08:21,191.3900,1
2020-11-02 10:08:22,191.3900,1
2020-11-02 10:08:23,191.3900,1
2020-11-02 10:08:24,191.3900,1
2020-11-02 10:08:25,191.3900,1
2020-11-02 10:08:26,191.3900,1
2020-11-02 10:08:27,191.3900,1
2020-11-02 10:08:28,191.3900,1
2020-11-02 10:08:29,191.3900,1
2020-11-02 10:08:30,191.3900,1
2020-11-02 10:08:31,191.3900,1
2020-11-02 10:08:32,191.3900,1
2020-11-02 10:08:33,191.3900,1
2020-11-02 10:08:34,191.3100,1
2020-11-02 10:08:35,191.2900,1
2020-11-02 10:08:36,191.2900,1
2020-11-02 10:08:37,191.2900,1
2020-11-02 10:08:38,191.2800,1
2020-11-02 10:08:39,191.2800,1
2020-11-02 10:08:40,191.2800,1
2020-11-02 10:08:41,191.2800,1
2020-11-02 10:08:42,191.2800,1
2020-11-02 10:08:43,191.2800,1
2020-11-02 10:08:44,191.2800,1
2020-11-02 10:08:45,191.2800,1
2020-11-02 10:08:46,191.2800,1
2020-11-02 10:08:47,191.2800,1
2020-11-02 10:08:48,191.2800,1
2020-11-02 10:08:49,191.2800,1
2020-11-02 10:08:50,191.1700,1
2020-11-02 10:08:51,191.2600,1
2020-11-02 10:08:52,191.2600,1
2020-11-02 10:08:53,191.2600,1
2020-11-02 10:08:54,191.2600,1
2020-11-02 10:08:55,191.2600,1
2020-11-02 10:08:56,191.2600,1
2020-11-02 10:08:57,191.2600,1
2020-11-02 10:08:58,191.2600,1
2020-11-02 10:08:59,191.2600,1
2020-11-02 10:09:00,191.2600,1
2020-11-02 10:09:01,191.2600,1
2020-11-02 10:09:02,191.2600,1
2020-11-02 10:09:03,191.2600,1
2020-11-02 10:09:04,191.2600,1
2020-11-02 10:09:05,191.2600,1
2020-11-02 10:09:06,191.2600,1
2020-11-02 10:09:07,191.2600,1
2020-11-02 10:09:08,191.2600,1
2020-11-02 10:09:09,191.2600,1
2020-11-02 10:09:10,191.2600,1
2020-11-02 10:09:11,191.2600,1
2020-11-02 10:09:12,191.2100,2
2020-11-02 10:09:13,191.2100,2
2020-11-02 10:09:14,191.2100,2
2020-11-02 10:09:15,191.2100,2
2020-11-02 10:09:16,191.2100,2
2020-11-02 10:09:17,191.2100,2
2020-11-02 10:09:18,191.2100,2
2020-11-02 10:09:19,191.2100,2
2020-11-02 10:09:20,191.2100,2
2020-11-02 10:09:21,191.2100,2
2020-11-02 10:09:22,191.2100,2
2020-11-02 10:09:23,191.3300,1
2020-11-02 10:09:24,191.3300,1
2020-11-02 10:09:25,191.3300,1
2020-11-02 10:09:26,191.3300,1
2020-11-02 10:09:27,191.3300,1
2020-11-02 10:09:28,191.3300,1
2020-11-02 10:09:29,191.3300,1
2020-11-02 10:09:30,191.3300,1
2020-11-02 10:09:31,191.3600,10
2020-11-02 10:09:32,191.3600,10
2020-11-02 10:09:33,191.4500,12
2020-11-02 10:09:34,191.4500,12
2020-11-02 10:09:35,191.4500,12
2020-11-02 10:09:36,191.4500,12
2020-11-02 10:09:37,191.4500,12
2020-11-02 10:09:38,191.4500,12
2020-11-02 10:09:39,191.4500,12
2020-11-02 10:09:40,191.4500,12
2020-11-02 10:09:41,191.4500,12
2020-11-02 10:09:42,191.4500,12
2020-11-02 10:09:43,191.3700,2
2020-11-02 10:09:44,191.3700,2
2020-11-02 10:09:45,191.3700,2
2020-11-02 10:09:46,191.4400,1
2020-11-02 10:09:47,191.4400,1
2020-11-02 10:09:48,191.4400,1
2020-11-02 10:09:49,191.2900,1
2020-11-02 10:09:50,191.3800,10
2020-11-02 10:09:51,191.3800,10
2020-11-02 10:09:52,191.3800,10
2020-11-02 10:09:53,191.3800,10
2020-11-02 10:09:54,191.3800,10
2020-11-02 10:09:55,191.3800,10
2020-11-02 10:09:56,191.3800,10
2020-11-02 10:09:57,191.3800,10
2020-11-02 10:09:58,191.3800,10
2020-11-02 10:09:59,191.3800,10
2020-11-02 10:10:00,191.3900,26
2020-11-02 10:10:01,191.3900,26
2020-11-02 10:10:02,191.3900,26
2020-11-02 10:10:03,191.3900,26
2020-11-02 10:10:04,191.3900,26
2020-11-02 10:10:05,191.3900,26
2020-11-02 10:10:06,190.9800,1
2020-11-02 10:10:07,190.9800,1
2020-11-02 10:10:08,191.3900,1
2020-11-02 10:10:09,191.3800,1
2020-11-02 10:10:10,191.3800,1
2020-11-02 10:10:11,191.3800,1
2020-11-02 10:10:12,191.3800,1
2020-11-02 10:10:13,191.4400,1
2020-11-02 10:10:14,191.4400,1
2020-11-02 10:10:15,191.4400,1
2020-11-02 10:10:16,191.4400,1
2020-11-02 10:10:17,191.4400,1
2020-11-02 10:10:18,191.4400,1
2020-11-02 10:10:19,191.4400,1
2020-11-02 10:10:20,191.5300,1
2020-11-02 10:10:21,191.5000,2
2020-11-02 10:10:22,191.5000,2
2020-11-02 10:10:23,191.5000,2
2020-11-02 10:10:24,191.5400,1
2020-11-02 10:10:25,191.6100,1
2020-11-02 10:10:26,191.6100,1
2020-11-02 10:10:27,191.6100,1
2020-11-02 10:10:28,191.6100,1
2020-11-02 10:10:29,191.6100,1
2020-11-02 10:10:30,191.6100,1
2020-11-02 10:10:31,191.6100,1
2020-11-02 10:10:32,191.6100,1
2020-11-02 10:10:33,191.6100,1
2020-11-02 10:10:34,191.6100,1
2020-11-02 10:10:35,191.6100,1
2020-11-02 10:10:36,191.6100,1
2020-11-02 10:10:37,191.6100,1
2020-11-02 10:10:38,191.6100,1
2020-11-02 10:10:39,191.6100,1
2020-11-02 10:10:40,191.6100,1
2020-11-02 10:10:41,191.6100,1
2020-11-02 10:10:42,191.7100,1
2020-11-02 10:10:43,191.7100,1
2020-11-02 10:10:44,191.7100,1
2020-11-02 10:10:45,191.6200,1
2020-11-02 10:10:46,191.6100,2
2020-11-02 10:10:47,191.6100,2
2020-11-02 10:10:48,191.6100,2
2020-11-02 10:10:49,191.6100,2
2020-11-02 10:10:50,191.6100,2
2020-11-02 10:10:51,191.6100,2
2020-11-02 10:10:52,191.7000,1
2020-11-02 10:10:53,191.6000,4
2020-11-02 10:10:54,191.6000,4
2020-11-02 10:10:55,191.6000,4
2020-11-02 10:10:56,191.6000,1
2020-11-02 10:10:57,191.6000,1
2020-11-02 10:10:58,191.6000,1
2020-11-02 10:10:59,191.6000,1
2020-11-02 10:11:00,191.7000,1
2020-11-02 10:11:01,191.7000,1
2020-11-02 10:11:02,191.7000,1
2020-11-02 10:11:03,191.7000,1
2020-11-02 10:11:04,191.7000,1
2020-11-02 10:11:05,191.7000,1
2020-11-02 10:11:06,191.7000,1
2020-11-02 10:11:07,191.7000,1
2020-11-02 10:11:08,191.7500,1
2020-11-02 10:11:09,191.7500,1
2020-11-02 10:11:10,191.6500,1
2020-11-02 10:11:11,191.6500,1
2020-11-02 10:11:12,191.6500,1
2020-11-02 10:11:13,191.6500,1
2020-11-02 10:11:14,191.6500,1
2020-11-02 10:11:15,191.6500,1
2020-11-02 10:11:16,191.6500,1
2020-11-02 10:11:17,191.6500,1
2020-11-02 10:11:18,191.6500,1
2020-11-02 10:11:19,191.6500,1
2020-11-02 10:11:20,191.6500,1
2020-11-02 10:11:21,191.7500,1
2020-11-02 10:11:22,191.7500,1
2020-11-02 10:11:23,191.7500,1
2020-11-02 10:11:24,191.7500,1
2020-11-02 10:11:25,191.7000,1
2020-11-02 10:11:26,191.7000,1
2020-11-02 10:11:27,191.7000,1
2020-11-02 10:11:28,191.7000,1
2020-11-02 10:11:29,191.7000,1
2020-11-02 10:11:30,191.7000,1
2020-11-02 10:11:31,191.7000,1
2020-11-02 10:11:32,191.7000,1
2020-11-02 10:11:33,191.6700,1
2020-11-02 10:11:34,191.6700,1
2020-11-02 10:11:35,191.6700,1
2020-11-02 10:11:36,191.6700,1
2020-11-02 10:11:37,191.6700,1
2020-11-02 10:11:38,191.6700,1
2020-11-02 10:11:39,191.6700,1
2020-11-02 10:11:40,191.6700,1
2020-11-02 10:11:41,191.6700,1
2020-11-02 10:11:42,191.6700,1
2020-11-02 10:11:43,191.6700,1
2020-11-02 10:11:44,191.6700,1
2020-11-02 10:11:45,191.6700,1
2020-11-02 10:11:46,191.6700,1
2020-11-02 10:11:47,191.6700,1
2020-11-02 10:11:48,191.6700,1
2020-11-02 10:11:49,191.6900,1
2020-11-02 10:11:50,191.7700,50
2020-11-02 10:11:51,191.7700,50
2020-11-02 10:11:52,191.7700,50
2020-11-02 10:11:53,191.7700,50
2020-11-02 10:11:54,191.7700,50
2020-11-02 10:11:55,191.7700,50
2020-11-02 10:11:56,191.7700,50
2020-11-02 10:11:57,191.7700,1
2020-11-02 10:11:58,191.7700,1
2020-11-02 10:11:59,191.7700,1
2020-11-02 10:12:00,191.7700,1
2020-11-02 10:12:01,191.7700,1
2020-11-02 10:12:02,191.7700,1
2020-11-02 10:12:03,191.7700,1
2020-11-02 10:12:04,191.7700,1
2020-11-02 10:12:05,191.8800,1
2020-11-02 10:12:06,191.8800,1
2020-11-02 10:12:07,191.8800,1
2020-11-02 10:12:08,191.8800,1
2020-11-02 10:12:09,191.8800,1
2020-11-02 10:12:10,191.8800,1
2020-11-02 10:12:11,191.8800,2
2020-11-02 10:12:12,191.8800,2
2020-11-02 10:12:13,191.8800,2
2020-11-02 10:12:14,191.8800,2
2020-11-02 10:12:15,191.8200,1
2020-11-02 10:12:16,191.8900,1
2020-11-02 10:12:17,191.8900,1
2020-11-02 10:12:18,191.8900,1
2020-11-02 10:12:19,191.8200,1
2020-11-02 10:12:20,191.8200,1
2020-11-02 10:12:21,191.8200,1
2020-11-02 10:12:22,191.8800,2
2020-11-02 10:12:23,191.8900,1
2020-11-02 10:12:24,191.8900,1
2020-11-02 10:12:25,191.8900,1
2020-11-02 10:12:26,191.7500,1
2020-11-02 10:12:27,191.7500,1
2020-11-02 10:12:28,191.7500,1
2020-11-02 10:12:29,191.7500,1
2020-11-02 10:12:30,191.7500,1
2020-11-02 10:12:31,191.7500,1
2020-11-02 10:12:32,191.7500,1
2020-11-02 10:12:33,191.7500,1
2020-11-02 10:12:34,191.8000,1
2020-11-02 10:12:35,191.8000,1
2020-11-02 10:12:36,191.8000,1
2020-11-02 10:12:37,191.8000,1
2020-11-02 10:12:38,191.6900,1
2020-11-02 10:12:39,191.6900,1
2020-11-02 10:12:40,191.6900,1
2020-11-02 10:12:41,191.6900,1
2020-11-02 10:12:42,191.6900,1
2020-11-02 10:12:43,191.7000,1
2020-11-02 10:12:44,191.7000,1
2020-11-02 10:12:45,191.7000,1
2020-11-02 10:12:46,191.7000,1
2020-11-02 10:12:47,191.6400,2
2020-11-02 10:12:48,191.6400,2
2020-11-02 10:12:49,191.6400,2
2020-11-02 10:12:50,191.6400,2
2020-11-02 10:12:51,191.6400,2
2020-11-02 10:12:52,191.7900,1
2020-11-02 10:12:53,191.7800,5
2020-11-02 10:12:54,191.7800,5
2020-11-02 10:12:55,191.7800,5
2020-11-02 10:12:56,191.7800,5
2020-11-02 10:12:57,191.7800,5
2020-11-02 10:12:58,191.7800,5
2020-11-02 10:12:59,191.7800,5
2020-11-02 10:13:00,191.7800,5
2020-11-02 10:13:01,191.7800,5
2020-11-02 10:13:02,191.7800,5
2020-11-02 10:13:03,191.7800,5
2020-11-02 10:13:04,191.7800,5
2020-11-02 10:13:05,191.7800,5
2020-11-02 10:13:06,191.7800,5
2020-11-02 10:13:07,191.9100,1
2020-11-02 10:13:08,191.9100,1
2020-11-02 10:13:09,191.9100,1
2020-11-02 10:13:10,191.9100,1
2020-11-02 10:13:11,191.9100,1
2020-11-02 10:13:12,191.9100,1
2020-11-02 10:13:13,191.8300,1
2020-11-02 10:13:14,191.8300,1
2020-11-02 10:13:15,191.8300,1
2020-11-02 10:13:16,191.8300,1
2020-11-02 10:13:17,191.8300,1
2020-11-02 10:13:18,191.8300,1
2020-11-02 10:13:19,191.8300,1
2020-11-02 10:13:20,191.8300,1
2020-11-02 10:13:21,191.8300,1
2020-11-02 10:13:22,191.8300,1
2020-11-02 10:13:23,191.8300,1
2020-11-02 10:13:24,191.8300,1
2020-11-02 10:13:25,191.8300,1
2020-11-02 10:13:26,191.9500,1
2020-11-02 10:13:27,191.9500,1
2020-11-02 10:13:28,191.9500,1
2020-11-02 10:13:29,191.9500,1
2020-11-02 10:13:30,191.9500,1
2020-11-02 10:13:31,191.9500,1
2020-11-02 10:13:32,191.9500,1
2020-11-02 10:13:33,191.9500,1
2020-11-02 10:13:34,191.9200,1
2020-11-02 10:13:35,191.9200,1
2020-11-02 10:13:36,191.9200,1
2020-11-02 10:13:37,191.9700,1
2020-11-02 10:13:38,191.9500,1
2020-11-02 10:13:39,191.9700,4
2020-11-02 10:13:40,191.9700,4
2020-11-02 10:13:41,191.9400,1
2020-11-02 10:13:42,191.9400,1
2020-11-02 10:13:43,191.9400,1
2020-11-02 10:13:44,191.9400,1
2020-11-02 10:13:45,191.9400,1
2020-11-02 10:13:46,191.9400,1
2020-11-02 10:13:47,191.9400,1
2020-11-02 10:13:48,191.9400,1
2020-11-02 10:13:49,191.9400,1
2020-11-02 10:13:50,191.9400,1
2020-11-02 10:13:51,191.9400,1
2020-11-02 10:13:52,191.9400,1
2020-11-02 10:13:53,191.9400,1
2020-11-02 10:13:54,191.9400,1
2020-11-02 10:13:55,191.9400,1
2020-11-02 10:13:56,191.9400,1
2020-11-02 10:13:57,191.9400,1
2020-11-02 10:13:58,191.9400,1
2020-11-02 10:13:59,191.9400,1
2020-11-02 10:14:00,191.9400,1
2020-11-02 10:14:01,191.9400,1
2020-11-02 10:14:02,191.9000,1
2020-11-02 10:14:03,191.9000,1
2020-11-02 10:14:04,191.9500,1
2020-11-02 10:14:05,191.9500,1
2020-11-02 10:14:06,191.9500,1
2020-11-02 10:14:07,191.9500,1
2020-11-02 10:14:08,191.9900,1
2020-11-02 10:14:09,191.9900,1
2020-11-02 10:14:10,191.9900,1
2020-11-02 10:14:11,191.9900,1
2020-11-02 10:14:12,191.9900,1
2020-11-02 10:14:13,191.9900,1
2020-11-02 10:14:14,191.9900,1
2020-11-02 10:14:15,191.9900,1
2020-11-02 10:14:16,191.9900,1
2020-11-02 10:14:17,191.9900,1
2020-11-02 10:14:18,191.9900,1
2020-11-02 10:14:19,191.9900,1
2020-11-02 10:14:20,191.9900,1
2020-11-02 10:14:21,191.9900,1
2020-11-02 10:14:22,191.9900,1
2020-11-02 10:14:23,191.9900,1
2020-11-02 10:14:24,191.9900,1
2020-11-02 10:14:25,192.0100,1
2020-11-02 10:14:26,192.0100,1
2020-11-02 10:14:27,192.0100,1
2020-11-02 10:14:28,192.0100,1
2020-11-02 10:14:29,191.9900,1
2020-11-02 10:14:30,191.9900,1
2020-11-02 10:14:31,191.9900,1
2020-11-02 10:14:32,191.9900,1
2020-11-02 10:14:33,191.9900,1
2020-11-02 10:14:34,191.9900,1
2020-11-02 10:14:35,191.9900,1
2020-11-02 10:14:36,192.0700,1
2020-11-02 10:14:37,191.8800,1
2020-11-02 10:14:38,191.8800,1
2020-11-02 10:14:39,191.8800,1
2020-11-02 10:14:40,191.8800,1
2020-11-02 10:14:41,191.8800,1
2020-11-02 10:14:42,191.8800,1
2020-11-02 10:14:43,191.8800,1
2020-11-02 10:14:44,191.8800,1
2020-11-02 10:14:45,191.8800,1
2020-11-02 10:14:46,191.8800,1
2020-11-02 10:14:47,191.8800,1
2020-11-02 10:14:48,191.8800,1
2020-11-02 10:14:49,191.8800,1
2020-11-02 10:14:50,191.8800,1
2020-11-02 10:14:51,191.9000,1
2020-11-02 10:14:52,191.9000,1
2020-11-02 10:14:53,191.9000,1
2020-11-02 10:14:54,191.9000,1
2020-11-02 10:14:55,192.0000,1
2020-11-02 10:14:56,192.0000,1
2020-11-02 10:14:57,192.0000,1
2020-11-02 10:14:58,192.0000,1
2020-11-02 10:14:59,192.0000,1
2020-11-02 10:15:00,192.0000,1
2020-11-02 10:15:01,191.9900,1
2020-11-02 10:15:02,191.9900,1
2020-11-02 10:15:03,191.9900,1
2020-11-02 10:15:04,191.9900,1
2020-11-02 10:15:05,191.9900,1
2020-11-02 10:15:06,191.9900,1
2020-11-02 10:15:07,191.9900,1
2020-11-02 10:15:08,192.0000,1
2020-11-02 10:15:09,192.0000,1
2020-11-02 10:15:10,192.0000,1
2020-11-02 10:15:11,192.0000,1
2020-11-02 10:15:12,192.0000,1
2020-11-02 10:15:13,192.0000,1
2020-11-02 10:15:14,191.9100,1
2020-11-02 10:15:15,191.9100,1
2020-11-02 10:15:16,191.9100,1
2020-11-02 10:15:17,191.9100,1
2020-11-02 10:15:18,191.9100,1
2020-11-02 10:15:19,191.9100,1
2020-11-02 10:15:20,191.9100,1
2020-11-02 10:15:21,191.9000,1
2020-11-02 10:15:22,191.9000,1
2020-11-02 10:15:23,191.9300,2
2020-11-02 10:15:24,191.9200,1
2020-11-02 10:15:25,191.9200,1
2020-11-02 10:15:26,191.8500,1
2020-11-02 10:15:27,191.8500,1
2020-11-02 10:15:28,191.8500,1
2020-11-02 10:15:29,191.8200,1
2020-11-02 10:15:30,191.8200,1
2020-11-02 10:15:31,191.8200,1
2020-11-02 10:15:32,191.8200,1
2020-11-02 10:15:33,191.8200,1
2020-11-02 10:15:34,191.8200,1
2020-11-02 10:15:35,191.8200,1
2020-11-02 10:15:36,191.8200,1
2020-11-02 10:15:37,191.8200,1
2020-11-02 10:15:38,191.8200,1
2020-11-02 10:15:39,191.8200,1
2020-11-02 10:15:40,191.8200,1
2020-11-02 10:15:41,191.8200,1
2020-11-02 10:15:42,191.8200,1
2020-11-02 10:15:43,191.8200,1
2020-11-02 10:15:44,191.8200,1
2020-11-02 10:15:45,191.8200,1
2020-11-02 10:15:46,191.8200,1
2020-11-02 10:15:47,191.7200,1
2020-11-02 10:15:48,191.7200,1
2020-11-02 10:15:49,191.7200,1
2020-11-02 10:15:50,191.7200,1
2020-11-02 10:15:51,191.7200,1
2020-11-02 10:15:52,191.7200,1
2020-11-02 10:15:53,191.6000,5
2020-11-02 10:15:54,191.6400,1
2020-11-02 10:15:55,191.6400,1
2020-11-02 10:15:56,191.6400,1
2020-11-02 10:15:57,191.6400,1
2020-11-02 10:15:58,191.6400,1
2020-11-02 10:15:59,191.6400,1
2020-11-02 10:16:00,191.5500,1
2020-11-02 10:16:01,191.5500,1
2020-11-02 10:16:02,191.6300,1
2020-11-02 10:16:03,191.6300,1
2020-11-02 10:16:04,191.7300,1
2020-11-02 10:16:05,191.7300,1
2020-11-02 10:16:06,191.7300,1
2020-11-02 10:16:07,191.7300,1
2020-11-02 10:16:08,191.7300,1
2020-11-02 10:16:09,191.7300,1
2020-11-02 10:16:10,191.7300,1
2020-11-02 10:16:11,191.9200,1
2020-11-02 10:16:12,191.9200,1
2020-11-02 10:16:13,191.9200,1
2020-11-02 10:16:14,191.9200,1
2020-11-02 10:16:15,191.9000,1
2020-11-02 10:16:16,191.9000,1
2020-11-02 10:16:17,191.9000,1
2020-11-02 10:16:18,191.8800,1
2020-11-02 10:16:19,191.8800,1
2020-11-02 10:16:20,191.8800,1
2020-11-02 10:16:21,191.8800,1
2020-11-02 10:16:22,191.8800,1
2020-11-02 10:16:23,191.8800,1
2020-11-02 10:16:24,191.8800,1
2020-11-02 10:16:25,191.9900,1
2020-11-02 10:16:26,191.9900,1
2020-11-02 10:16:27,191.9900,1
2020-11-02 10:16:28,191.9900,1
2020-11-02 10:16:29,191.9900,1
2020-11-02 10:16:30,191.9900,1
2020-11-02 10:16:31,191.9900,1
2020-11-02 10:16:32,191.9900,1
2020-11-02 10:16:33,191.9900,1
2020-11-02 10:16:34,191.9900,1
2020-11-02 10:16:35,191.9900,1
2020-11-02 10:16:36,191.9600,4
2020-11-02 10:16:37,191.9600,4
2020-11-02 10:16:38,191.9600,4
2020-11-02 10:16:39,191.9600,4
2020-11-02 10:16:40,191.9600,4
2020-11-02 10:16:41,191.9600,4
2020-11-02 10:16:42,191.9600,4
2020-11-02 10:16:43,191.9200,10
2020-11-02 10:16:44,191.9200,10
2020-11-02 10:16:45,191.9200,10
2020-11-02 10:16:46,191.9200,10
2020-11-02 10:16:47,191.9200,10
2020-11-02 10:16:48,191.9200,10
2020-11-02 10:16:49,192.0400,1
2020-11-02 10:16:50,192.0400,1
2020-11-02 10:16:51,192.0400,1
2020-11-02 10:16:52,192.0400,1
2020-11-02 10:16:53,192.0400,1
2020-11-02 10:16:54,192.0400,1
2020-11-02 10:16:55,192.0400,1
2020-11-02 10:16:56,192.0400,1
2020-11-02 10:16:57,192.0400,1
2020-11-02 10:16:58,192.0400,1
2020-11-02 10:16:59,192.0700,1
2020-11-02 10:17:00,192.0700,1
2020-11-02 10:17:01,192.0700,1
2020-11-02 10:17:02,192.0800,1
2020-11-02 10:17:03,192.0800,1
2020-11-02 10:17:04,192.0800,1
2020-11-02 10:17:05,192.0800,1
2020-11-02 10:17:06,192.0800,1
2020-11-02 10:17:07,192.0800,1
2020-11-02 10:17:08,192.0800,1
2020-11-02 10:17:09,192.0800,1
2020-11-02 10:17:10,192.0800,1
2020-11-02 10:17:11,192.0800,1
2020-11-02 10:17:12,192.0800,1
2020-11-02 10:17:13,192.0800,1
2020-11-02 10:17:14,192.0800,1
2020-11-02 10:17:15,192.0800,1
2020-11-02 10:17:16,192.0800,1
2020-11-02 10:17:17,192.0800,1
2020-11-02 10:17:18,192.0800,1
2020-11-02 10:17:19,192.0800,1
2020-11-02 10:17:20,192.0800,1
2020-11-02 10:17:21,192.1000,1
2020-11-02 10:17:22,192.1000,1
2020-11-02 10:17:23,192.1000,1
2020-11-02 10:17:24,192.1000,1
2020-11-02 10:17:25,192.1000,1
2020-11-02 10:17:26,192.1000,1
2020-11-02 10:17:27,192.1000,1
2020-11-02 10:17:28,192.1000,1
2020-11-02 10:17:29,192.1400,1
2020-11-02 10:17:30,192.1400,1
2020-11-02 10:17:31,192.1100,1
2020-11-02 10:17:32,192.1100,1
2020-11-02 10:17:33,192.1100,1
2020-11-02 10:17:34,192.1100,1
2020-11-02 10:17:35,192.1100,1
2020-11-02 10:17:36,192.1100,1
2020-11-02 10:17:37,192.1100,1
2020-11-02 10:17:38,192.0600,2
2020-11-02 10:17:39,192.0600,2
2020-11-02 10:17:40,192.1100,1
2020-11-02 10:17:41,192.1100,1
2020-11-02 10:17:42,192.1100,1
2020-11-02 10:17:43,192.1100,1
2020-11-02 10:17:44,192.2400,1
2020-11-02 10:17:45,192.2400,1
2020-11-02 10:17:46,192.2400,1
2020-11-02 10:17:47,192.2400,1
2020-11-02 10:17:48,192.2400,1
2020-11-02 10:17:49,192.2400,1
2020-11-02 10:17:50,192.2400,1
2020-11-02 10:17:51,192.2400,1
2020-11-02 10:17:52,192.2200,2
2020-11-02 10:17:53,192.2200,2
2020-11-02 10:17:54,192.2200,2
2020-11-02 10:17:55,192.2900,4
2020-11-02 10:17:56,192.2400,1
2020-11-02 10:17:57,192.2400,1
2020-11-02 10:17:58,192.2400,1
2020-11-02 10:17:59,192.2000,1
2020-11-02 10:18:00,192.2000,1
2020-11-02 10:18:01,192.2000,1
2020-11-02 10:18:02,192.2000,1
2020-11-02 10:18:03,192.2900,1
2020-11-02 10:18:04,192.2800,1
2020-11-02 10:18:05,192.2800,1
2020-11-02 10:18:06,192.2800,1
2020-11-02 10:18:07,192.2800,1
2020-11-02 10:18:08,192.2800,1
2020-11-02 10:18:09,192.2800,1
2020-11-02 10:18:10,192.2800,1
2020-11-02 10:18:11,192.2800,1
2020-11-02 10:18:12,192.2500,1
2020-11-02 10:18:13,192.2500,1
2020-11-02 10:18:14,192.2500,1
2020-11-02 10:18:15,192.2500,1
2020-11-02 10:18:16,192.2500,1
2020-11-02 10:18:17,192.2700,1
2020-11-02 10:18:18,192.2700,1
2020-11-02 10:18:19,192.2700,1
2020-11-02 10:18:20,192.2700,1
2020-11-02 10:18:21,192.2700,1
2020-11-02 10:18:22,192.2700,1
2020-11-02 10:18:23,192.2500,1
2020-11-02 10:18:24,192.2500,1
2020-11-02 10:18:25,192.2600,1
2020-11-02 10:18:26,192.2600,1
2020-11-02 10:18:27,192.2500,1
2020-11-02 10:18:28,192.2500,1
2020-11-02 10:18:29,192.3200,1
2020-11-02 10:18:30,192.3200,1
2020-11-02 10:18:31,192.3200,1
2020-11-02 10:18:32,192.3200,1
2020-11-02 10:18:33,192.3200,1
2020-11-02 10:18:34,192.3200,1
2020-11-02 10:18:35,192.3200,1
2020-11-02 10:18:36,192.3200,1
2020-11-02 10:18:37,192.3200,1
2020-11-02 10:18:38,192.3200,1
2020-11-02 10:18:39,192.3200,1
2020-11-02 10:18:40,192.3200,1
2020-11-02 10:18:41,192.3200,1
2020-11-02 10:18:42,192.3200,1
2020-11-02 10:18:43,192.3200,1
2020-11-02 10:18:44,192.3200,1
2020-11-02 10:18:45,192.3800,2
2020-11-02 10:18:46,192.3800,2
2020-11-02 10:18:47,192.3800,2
2020-11-02 10:18:48,192.3800,2
2020-11-02 10:18:49,192.3800,2
2020-11-02 10:18:50,192.3800,2
2020-11-02 10:18:51,192.3800,2
2020-11-02 10:18:52,192.3800,2
2020-11-02 10:18:53,192.3800,1
2020-11-02 10:18:54,192.4600,1
2020-11-02 10:18:55,192.5900,1
2020-11-02 10:18:56,192.5900,1
2020-11-02 10:18:57,192.7000,1
2020-11-02 10:18:58,192.6900,1
2020-11-02 10:18:59,192.6900,1
2020-11-02 10:19:00,192.6900,1
2020-11-02 10:19:01,192.6900,1
2020-11-02 10:19:02,192.6400,1
2020-11-02 10:19:03,192.6400,1
2020-11-02 10:19:04,192.6400,1
2020-11-02 10:19:05,192.6400,1
2020-11-02 10:19:06,192.5900,1
2020-11-02 10:19:07,192.5900,1
2020-11-02 10:19:08,192.5900,1
2020-11-02 10:19:09,192.5900,1
2020-11-02 10:19:10,192.5900,1
2020-11-02 10:19:11,192.5300,1
2020-11-02 10:19:12,192.5300,1
2020-11-02 10:19:13,192.5300,1
2020-11-02 10:19:14,192.5300,1
2020-11-02 10:19:15,192.5300,1
2020-11-02 10:19:16,192.5300,1
2020-11-02 10:19:17,192.5300,1
2020-11-02 10:19:18,192.5100,1
2020-11-02 10:19:19,192.5100,1
2020-11-02 10:19:20,192.5100,1
2020-11-02 10:19:21,192.5100,1
2020-11-02 10:19:22,192.4400,5
2020-11-02 10:19:23,192.4400,5
2020-11-02 10:19:24,192.4400,5
2020-11-02 10:19:25,192.4400,5
2020-11-02 10:19:26,192.4400,5
2020-11-02 10:19:27,192.4400,5
2020-11-02 10:19:28,192.4400,5
2020-11-02 10:19:29,192.4400,5
2020-11-02 10:19:30,192.4400,5
2020-11-02 10:19:31,192.4400,5
2020-11-02 10:19:32,192.4400,5
2020-11-02 10:19:33,192.4400,5
2020-11-02 10:19:34,192.4400,5
2020-11-02 10:19:35,192.4400,5
2020-11-02 10:19:36,192.4400,5
2020-11-02 10:19:37,192.4400,5
2020-11-02 10:19:38,192.4400,2
2020-11-02 10:19:39,192.5000,1
2020-11-02 10:19:40,192.5000,1
2020-11-02 10:19:41,192.4500,1
2020-11-02 10:19:42,192.4300,1
2020-11-02 10:19:43,192.4300,1
2020-11-02 10:19:44,192.4200,1
2020-11-02 10:19:45,192.4200,1
2020-11-02 10:19:46,192.4200,1
2020-11-02 10:19:47,192.4200,1
2020-11-02 10:19:48,192.4200,1
2020-11-02 10:19:49,192.4200,1
2020-11-02 10:19:50,192.4200,1
2020-11-02 10:19:51,192.4200,1
2020-11-02 10:19:52,192.4200,1
2020-11-02 10:19:53,192.4200,1
2020-11-02 10:19:54,192.4200,1
2020-11-02 10:19:55,192.4200,1
2020-11-02 10:19:56,192.2800,1
2020-11-02 10:19:57,192.2800,1
2020-11-02 10:19:58,192.2800,1
2020-11-02 10:19:59,192.2800,1
2020-11-02 10:20:00,192.2800,1
2020-11-02 10:20:01,192.2800,1
2020-11-02 10:20:02,192.2500,1
2020-11-02 10:20:03,192.2500,1
2020-11-02 10:20:04,192.2500,1
2020-11-02 10:20:05,192.2500,1
2020-11-02 10:20:06,192.2500,1
2020-11-02 10:20:07,192.2500,1
2020-11-02 10:20:08,192.2500,1
2020-11-02 10:20:09,192.2500,4
2020-11-02 10:20:10,192.2500,4
2020-11-02 10:20:11,192.2500,4
2020-11-02 10:20:12,192.2500,4
2020-11-02 10:20:13,192.2500,4
2020-11-02 10:20:14,192.2500,4
2020-11-02 10:20:15,192.2500,4
2020-11-02 10:20:16,192.2500,4
2020-11-02 10:20:17,192.2500,4
2020-11-02 10:20:18,192.2500,4
2020-11-02 10:20:19,192.2500,4
2020-11-02 10:20:20,192.2500,4
2020-11-02 10:20:21,192.2500,1
2020-11-02 10:20:22,192.2300,1
2020-11-02 10:20:23,192.2300,1
2020-11-02 10:20:24,192.2300,1
2020-11-02 10:20:25,192.2300,1
2020-11-02 10:20:26,192.2300,1
2020-11-02 10:20:27,192.1500,1
2020-11-02 10:20:28,192.1300,1
2020-11-02 10:20:29,192.1300,1
2020-11-02 10:20:30,192.1300,1
2020-11-02 10:20:31,192.1300,1
2020-11-02 10:20:32,192.1300,1
2020-11-02 10:20:33,192.1300,1
2020-11-02 10:20:34,192.1300,1
2020-11-02 10:20:35,192.1300,1
2020-11-02 10:20:36,192.1300,1
2020-11-02 10:20:37,192.0700,1
2020-11-02 10:20:38,192.0700,1
2020-11-02 10:20:39,192.0700,1
2020-11-02 10:20:40,192.0700,1
2020-11-02 10:20:41,192.0700,1
2020-11-02 10:20:42,192.0700,1
2020-11-02 10:20:43,192.0700,1
2020-11-02 10:20:44,192.0700,1
2020-11-02 10:20:45,192.0700,1
2020-11-02 10:20:46,192.0700,1
2020-11-02 10:20:47,192.0700,1
2020-11-02 10:20:48,192.0700,1
2020-11-02 10:20:49,192.0700,1
2020-11-02 10:20:50,192.0700,1
2020-11-02 10:20:51,192.0700,1
2020-11-02 10:20:52,192.0700,1
2020-11-02 10:20:53,192.0700,1
2020-11-02 10:20:54,192.0700,1
2020-11-02 10:20:55,192.0000,1
2020-11-02 10:20:56,192.0000,1
2020-11-02 10:20:57,192.0000,1
2020-11-02 10:20:58,192.0000,1
2020-11-02 10:20:59,191.9500,2
2020-11-02 10:21:00,191.9500,2
2020-11-02 10:21:01,191.9500,2
2020-11-02 10:21:02,191.9500,2
2020-11-02 10:21:03,192.0000,1
2020-11-02 10:21:04,192.0000,1
2020-11-02 10:21:05,192.0000,1
2020-11-02 10:21:06,192.0000,1
2020-11-02 10:21:07,192.0000,1
2020-11-02 10:21:08,192.0000,1
2020-11-02 10:21:09,191.9200,1
2020-11-02 10:21:10,192.0100,1
2020-11-02 10:21:11,192.0100,1
2020-11-02 10:21:12,192.0600,1
2020-11-02 10:21:13,192.0600,1
2020-11-02 10:21:14,192.0600,1
2020-11-02 10:21:15,192.0600,1
2020-11-02 10:21:16,192.0600,1
2020-11-02 10:21:17,191.9700,1
2020-11-02 10:21:18,191.9700,1
2020-11-02 10:21:19,191.9600,1
2020-11-02 10:21:20,192.0400,1
2020-11-02 10:21:21,192.1100,1
2020-11-02 10:21:22,192.1100,1
2020-11-02 10:21:23,192.1100,1
2020-11-02 10:21:24,192.0000,1
2020-11-02 10:21:25,192.0000,1
2020-11-02 10:21:26,192.0000,1
2020-11-02 10:21:27,192.0000,1
2020-11-02 10:21:28,192.0000,1
2020-11-02 10:21:29,192.0000,1
2020-11-02 10:21:30,192.0000,1
2020-11-02 10:21:31,192.0000,1
2020-11-02 10:21:32,192.0000,1
2020-11-02 10:21:33,192.0000,1
2020-11-02 10:21:34,192.0000,1
2020-11-02 10:21:35,192.0000,1
2020-11-02 10:21:36,192.0000,1
2020-11-02 10:21:37,192.0000,1
2020-11-02 10:21:38,192.1400,1
2020-11-02 10:21:39,192.1400,1
2020-11-02 10:21:40,192.1400,1
2020-11-02 10:21:41,192.1400,1
2020-11-02 10:21:42,192.1400,1
2020-11-02 10:21:43,192.1400,1
2020-11-02 10:21:44,192.1400,1
2020-11-02 10:21:45,192.0000,1
2020-11-02 10:21:46,192.0000,1
2020-11-02 10:21:47,192.0000,10
2020-11-02 10:21:48,192.0000,10
2020-11-02 10:21:49,192.0000,10
2020-11-02 10:21:50,192.0000,10
2020-11-02 10:21:51,192.1200,1
2020-11-02 10:21:52,192.1200,1
2020-11-02 10:21:53,192.1200,1
2020-11-02 10:21:54,192.1200,1
2020-11-02 10:21:55,192.1200,1
2020-11-02 10:21:56,192.1200,1
2020-11-02 10:21:57,192.1200,1
2020-11-02 10:21:58,192.1200,1
2020-11-02 10:21:59,192.1200,1
2020-11-02 10:22:00,192.1200,1
2020-11-02 10:22:01,192.1200,1
2020-11-02 10:22:02,192.1200,1
2020-11-02 10:22:03,192.1200,1
2020-11-02 10:22:04,192.1200,1
2020-11-02 10:22:05,192.1200,1
2020-11-02 10:22:06,192.1200,1
2020-11-02 10:22:07,192.1200,1
2020-11-02 10:22:08,192.1200,1
2020-11-02 10:22:09,192.1200,1
2020-11-02 10:22:10,192.1200,1
2020-11-02 10:22:11,192.1200,1
2020-11-02 10:22:12,192.3600,1
2020-11-02 10:22:13,192.3600,1
2020-11-02 10:22:14,192.3600,1
2020-11-02 10:22:15,192.3600,1
2020-11-02 10:22:16,192.3600,1
2020-11-02 10:22:17,192.3600,1
2020-11-02 10:22:18,192.3600,1
2020-11-02 10:22:19,192.3600,1
2020-11-02 10:22:20,192.3600,1
2020-11-02 10:22:21,192.3600,1
2020-11-02 10:22:22,192.3600,1
2020-11-02 10:22:23,192.3600,1
2020-11-02 10:22:24,192.3600,1
2020-11-02 10:22:25,192.3400,3
2020-11-02 10:22:26,192.3400,3
2020-11-02 10:22:27,192.3400,3
2020-11-02 10:22:28,192.4800,1
2020-11-02 10:22:29,192.4800,1
2020-11-02 10:22:30,192.4800,1
2020-11-02 10:22:31,192.4800,1
2020-11-02 10:22:32,192.4800,1
