timestamp,price,size
2018-08-16 09:34:17,202.5600,20
2018-08-16 09:34:18,202.5600,20
2018-08-16 09:34:19,202.1200,1
2018-08-16 09:34:20,202.1200,2
2018-08-16 09:34:21,201.3400,1
2018-08-16 09:34:22,199.7200,29
2018-08-16 09:34:23,200.7800,3
2018-08-16 09:34:24,200.1800,1
2018-08-16 09:34:25,202.5500,1
2018-08-16 09:34:26,199.8000,19
2018-08-16 09:34:27,202.6600,5
2018-08-16 09:34:28,203.3900,4
2018-08-16 09:34:29,202.5600,9
2018-08-16 09:34:30,202.5700,4
2018-08-16 09:34:31,202.9600,4
2018-08-16 09:34:32,202.9600,1
2018-08-16 09:34:33,202.9600,20
2018-08-16 09:34:34,202.9600,1
2018-08-16 09:34:35,203.3700,1
2018-08-16 09:34:36,203.3600,15
2018-08-16 09:34:37,203.3600,20
2018-08-16 09:34:38,200.2600,4
2018-08-16 09:34:39,202.9800,4
2018-08-16 09:34:40,202.9800,1
2018-08-16 09:34:41,202.9500,7
2018-08-16 09:34:42,201.5500,1
2018-08-16 09:34:43,202.1900,20
2018-08-16 09:34:44,202.8200,9
2018-08-16 09:34:45,200.6800,4
2018-08-16 09:34:46,199.6600,1
2018-08-16 09:34:47,199.6700,4
2018-08-16 09:34:48,199.7200,2
2018-08-16 09:34:49,199.6700,1
2018-08-16 09:34:50,199.6400,80
2018-08-16 09:34:51,199.6000,33
2018-08-16 09:34:52,199.6900,14
2018-08-16 09:34:53,199.6800,4
2018-08-16 09:34:54,203.3800,8
2018-08-16 09:34:55,199.6900,1
2018-08-16 09:34:56,203.3800,17
2018-08-16 09:34:57,199.7000,20
2018-08-16 09:34:58,203.0100,4
2018-08-16 09:34:59,203.3800,1
2018-08-16 09:35:00,203.0100,1
2018-08-16 09:35:01,203.3700,2
2018-08-16 09:35:02,203.3700,2
2018-08-16 09:35:03,203.3700,16
2018-08-16 09:35:04,203.3600,1
2018-08-16 09:35:05,203.3600,4
2018-08-16 09:35:06,203.3600,4
2018-08-16 09:35:07,200.2200,4
2018-08-16 09:35:08,201.8200,20
2018-08-16 09:35:09,201.8300,1
2018-08-16 09:35:10,201.8300,1
2018-08-16 09:35:11,201.6900,80
2018-08-16 09:35:12,201.3700,4
2018-08-16 09:35:13,197.9200,19
2018-08-16 09:35:14,201.3400,4
2018-08-16 09:35:15,198.5300,1
2018-08-16 09:35:16,198.5700,1
2018-08-16 09:35:17,201.1000,3
2018-08-16 09:35:18,201.1000,1
2018-08-16 09:35:19,201.3800,1
2018-08-16 09:35:20,199.5100,4
2018-08-16 09:35:21,199.5100,1
2018-08-16 09:35:22,199.5100,1
2018-08-16 09:35:23,201.4400,1
2018-08-16 09:35:24,201.3000,1
2018-08-16 09:35:25,200.3100,4
2018-08-16 09:35:26,200.8800,10
2018-08-16 09:35:27,200.7200,1
2018-08-16 09:35:28,199.5000,1
2018-08-16 09:35:29,201.7900,20
2018-08-16 09:35:30,201.7900,1
2018-08-16 09:35:31,201.7900,6
2018-08-16 09:35:32,201.8000,4
2018-08-16 09:35:33,201.8000,5
2018-08-16 09:35:34,199.4700,33
2018-08-16 09:35:35,201.7700,1
2018-08-16 09:35:36,201.7700,1
2018-08-16 09:35:37,199.8800,1
2018-08-16 09:35:38,201.7700,1
2018-08-16 09:35:39,199.8900,1
2018-08-16 09:35:40,199.8900,1
2018-08-16 09:35:41,199.8900,4
2018-08-16 09:35:42,199.8900,1
2018-08-16 09:35:43,199.8900,1
2018-08-16 09:35:44,199.8900,20
2018-08-16 09:35:46,201.7800,4
2018-08-16 09:35:47,199.9000,20
2018-08-16 09:35:48,201.7400,1
2018-08-16 09:35:49,201.7400,1
2018-08-16 09:35:50,200.6200,33
2018-08-16 09:35:51,200.6200,1
2018-08-16 09:35:52,199.9200,1
2018-08-16 09:35:53,200.6100,19
2018-08-16 09:35:54,200.5300,20
2018-08-16 09:35:55,200.5300,1
2018-08-16 09:35:56,200.3100,1
2018-08-16 09:35:57,200.3100,20
2018-08-16 09:35:58,200.3100,20
2018-08-16 09:35:59,199.2100,1
2018-08-16 09:36:00,199.2100,1
2018-08-16 09:36:01,203.1500,1
2018-08-16 09:36:02,203.1500,1
2018-08-16 09:36:03,199.1700,4
2018-08-16 09:36:04,199.2300,4
2018-08-16 09:36:05,201.9100,1
2018-08-16 09:36:06,199.2400,1
2018-08-16 09:36:07,199.2400,1
2018-08-16 09:36:08,200.5600,20
2018-08-16 09:36:09,199.2400,1
2018-08-16 09:36:10,203.4000,4
2018-08-16 09:36:11,203.4000,4
2018-08-16 09:36:12,202.9000,5
2018-08-16 09:36:13,202.9000,39
2018-08-16 09:36:14,202.8900,1
2018-08-16 09:36:15,202.8800,4
2018-08-16 09:36:16,200.3100,13
2018-08-16 09:36:17,200.3200,1
2018-08-16 09:36:18,200.3200,1
2018-08-16 09:36:19,200.3200,8
2018-08-16 09:36:20,200.1800,1
2018-08-16 09:36:21,200.1800,1
2018-08-16 09:36:22,202.9400,4
2018-08-16 09:36:23,200.1800,20
2018-08-16 09:36:24,200.1900,6
2018-08-16 09:36:25,200.2100,20
2018-08-16 09:36:26,200.5000,27
2018-08-16 09:36:27,200.5300,4
2018-08-16 09:36:28,200.2100,20
2018-08-16 09:36:29,200.5000,1
2018-08-16 09:36:30,200.5000,1
2018-08-16 09:36:31,200.6700,20
2018-08-16 09:36:32,200.5300,1
2018-08-16 09:36:33,200.5300,1
2018-08-16 09:36:35,200.5000,4
2018-08-16 09:36:36,200.6700,20
2018-08-16 09:36:37,200.6700,6
2018-08-16 09:36:38,200.5000,1
2018-08-16 09:36:39,200.6700,1
2018-08-16 09:36:40,200.5800,7
2018-08-16 09:36:41,200.6800,20
2018-08-16 09:36:42,200.3400,4
2018-08-16 09:36:43,200.6800,20
2018-08-16 09:36:44,200.6800,1
2018-08-16 09:36:45,200.5800,4
2018-08-16 09:36:46,200.6300,1
2018-08-16 09:36:47,200.4400,3
2018-08-16 09:36:48,200.3400,32
2018-08-16 09:36:49,200.3400,32
2018-08-16 09:36:50,200.6800,1
2018-08-16 09:36:51,200.3700,1
2018-08-16 09:36:53,200.3500,4
2018-08-16 09:36:54,200.3800,9
2018-08-16 09:36:55,200.6100,1
2018-08-16 09:36:56,200.5300,4
2018-08-16 09:36:57,200.6900,20
2018-08-16 09:36:58,200.7300,20
2018-08-16 09:36:59,200.7300,1
2018-08-16 09:37:00,200.6300,4
2018-08-16 09:37:01,200.3600,4
2018-08-16 09:37:03,200.7400,13
2018-08-16 09:37:04,200.5500,1
2018-08-16 09:37:05,200.7400,1
2018-08-16 09:37:06,200.3600,2
2018-08-16 09:37:07,200.7500,12
2018-08-16 09:37:08,201.4600,4
2018-08-16 09:37:09,200.3600,1
2018-08-16 09:37:10,200.3200,4
2018-08-16 09:37:11,199.9200,4
2018-08-16 09:37:12,200.3600,1
2018-08-16 09:37:13,200.3600,4
2018-08-16 09:37:14,201.4700,16
2018-08-16 09:37:15,200.3500,1
2018-08-16 09:37:16,199.9100,31
2018-08-16 09:37:17,199.2000,8
2018-08-16 09:37:18,201.1800,1
2018-08-16 09:37:19,200.9100,3
2018-08-16 09:37:20,201.9500,20
2018-08-16 09:37:21,200.8300,4
2018-08-16 09:37:22,201.4700,13
2018-08-16 09:37:23,201.4800,20
2018-08-16 09:37:24,201.4900,20
2018-08-16 09:37:25,201.5000,6
2018-08-16 09:37:26,202.6900,20
2018-08-16 09:37:27,201.5000,1
2018-08-16 09:37:28,201.4500,1
2018-08-16 09:37:29,202.6900,1
2018-08-16 09:37:30,201.7800,9
2018-08-16 09:37:31,202.6900,1
2018-08-16 09:37:32,199.1800,4
2018-08-16 09:37:33,202.6900,1
2018-08-16 09:37:34,199.2300,20
2018-08-16 09:37:35,199.2300,20
2018-08-16 09:37:36,202.6800,10
2018-08-16 09:37:37,199.2400,1
2018-08-16 09:37:38,199.2400,7
2018-08-16 09:37:39,202.6800,1
2018-08-16 09:37:40,199.2400,20
2018-08-16 09:37:41,199.2500,16
2018-08-16 09:37:42,202.6800,20
2018-08-16 09:37:43,202.6800,1
2018-08-16 09:37:44,202.6800,1
2018-08-16 09:37:45,199.2500,1
2018-08-16 09:37:46,202.6800,7
2018-08-16 09:37:47,199.2600,9
2018-08-16 09:37:48,199.2600,1
2018-08-16 09:37:49,202.9100,4
2018-08-16 09:37:50,199.2600,1
2018-08-16 09:37:51,199.1800,34
2018-08-16 09:37:52,202.9400,16
2018-08-16 09:37:53,202.4700,1
2018-08-16 09:37:54,200.9900,1
2018-08-16 09:37:55,200.9900,1
2018-08-16 09:37:56,202.4600,4
2018-08-16 09:37:57,201.9800,1
2018-08-16 09:37:58,201.9800,1
2018-08-16 09:37:59,200.3900,20
2018-08-16 09:38:00,200.4000,1
2018-08-16 09:38:01,200.4000,20
2018-08-16 09:38:02,201.9500,10
2018-08-16 09:38:03,201.9500,1
2018-08-16 09:38:04,202.4100,1
2018-08-16 09:38:05,199.1400,4
2018-08-16 09:38:06,198.8900,4
2018-08-16 09:38:07,200.4100,1
2018-08-16 09:38:08,198.4800,1
2018-08-16 09:38:09,198.4800,15
2018-08-16 09:38:11,198.4800,20
2018-08-16 09:38:12,202.4100,20
2018-08-16 09:38:13,198.4900,1
2018-08-16 09:38:14,202.4000,20
2018-08-16 09:38:15,198.4900,1
2018-08-16 09:38:16,202.4000,1
2018-08-16 09:38:17,198.5000,20
2018-08-16 09:38:18,198.5000,1
2018-08-16 09:38:19,198.5000,3
2018-08-16 09:38:20,198.5100,1
2018-08-16 09:38:21,202.4000,17
2018-08-16 09:38:22,198.5100,20
2018-08-16 09:38:23,202.3900,1
2018-08-16 09:38:24,198.5100,1
2018-08-16 09:38:25,198.5200,1
2018-08-16 09:38:26,198.5200,1
2018-08-16 09:38:27,202.3800,18
2018-08-16 09:38:28,198.4500,1
2018-08-16 09:38:29,202.4600,17
2018-08-16 09:38:30,198.4600,6
2018-08-16 09:38:31,198.4600,16
2018-08-16 09:38:32,198.4700,1
2018-08-16 09:38:33,198.4700,1
2018-08-16 09:38:34,198.4700,14
2018-08-16 09:38:35,198.4900,4
2018-08-16 09:38:36,202.4500,1
2018-08-16 09:38:37,198.4900,6
2018-08-16 09:38:38,198.4900,1
2018-08-16 09:38:39,198.5100,1
2018-08-16 09:38:40,202.7100,20
2018-08-16 09:38:41,198.5200,1
2018-08-16 09:38:42,202.7200,1
2018-08-16 09:38:43,198.5400,20
2018-08-16 09:38:45,202.7200,20
2018-08-16 09:38:46,198.5400,1
2018-08-16 09:38:47,198.5400,1
2018-08-16 09:38:48,198.5400,1
2018-08-16 09:38:49,202.7100,1
2018-08-16 09:38:50,198.5400,5
2018-08-16 09:38:51,202.7100,20
2018-08-16 09:38:52,202.7100,1
2018-08-16 09:38:53,203.1700,56
2018-08-16 09:38:54,202.7100,17
2018-08-16 09:38:55,198.5600,15
2018-08-16 09:38:56,203.3700,6
2018-08-16 09:38:57,198.5600,1
2018-08-16 09:38:58,198.5700,2
2018-08-16 09:38:59,198.7400,2
2018-08-16 09:39:00,199.5100,3
2018-08-16 09:39:01,198.7900,1
2018-08-16 09:39:02,199.5200,4
2018-08-16 09:39:03,203.5400,1
2018-08-16 09:39:04,200.4300,10
2018-08-16 09:39:05,203.5400,20
2018-08-16 09:39:06,203.5400,1
2018-08-16 09:39:07,200.6500,1
2018-08-16 09:39:08,203.5300,20
2018-08-16 09:39:09,200.6500,1
2018-08-16 09:39:10,198.7700,9
2018-08-16 09:39:11,198.7700,20
2018-08-16 09:39:12,198.7600,20
2018-08-16 09:39:13,203.5200,1
2018-08-16 09:39:14,198.7600,20
2018-08-16 09:39:15,203.5100,9
2018-08-16 09:39:16,203.5100,9
2018-08-16 09:39:17,202.7700,1
2018-08-16 09:39:18,198.7700,1
2018-08-16 09:39:19,202.7600,20
2018-08-16 09:39:20,198.7700,20
2018-08-16 09:39:21,198.7000,1
2018-08-16 09:39:22,198.7000,20
2018-08-16 09:39:23,198.7000,1
2018-08-16 09:39:24,198.7000,20
2018-08-16 09:39:25,198.7000,1
2018-08-16 09:39:26,202.8800,1
2018-08-16 09:39:27,198.7100,20
2018-08-16 09:39:28,198.7100,1
2018-08-16 09:39:29,198.7100,15
2018-08-16 09:39:30,198.7200,20
2018-08-16 09:39:31,198.7200,1
2018-08-16 09:39:32,202.8700,1
2018-08-16 09:39:33,202.8700,1
2018-08-16 09:39:34,198.7400,1
2018-08-16 09:39:35,198.4000,20
2018-08-16 09:39:36,198.4000,20
2018-08-16 09:39:37,198.4100,16
2018-08-16 09:39:38,198.4100,14
2018-08-16 09:39:40,202.8700,9
2018-08-16 09:39:41,202.8700,20
2018-08-16 09:39:42,198.4200,14
2018-08-16 09:39:43,198.4200,1
2018-08-16 09:39:44,202.8600,20
2018-08-16 09:39:45,198.4200,1
2018-08-16 09:39:46,198.4200,19
2018-08-16 09:39:47,198.4200,1
2018-08-16 09:39:48,198.4200,1
2018-08-16 09:39:49,202.8500,20
2018-08-16 09:39:50,202.8400,1
2018-08-16 09:39:51,198.4300,1
2018-08-16 09:39:52,202.8400,1
2018-08-16 09:39:53,198.4100,1
2018-08-16 09:39:54,202.8400,7
2018-08-16 09:39:55,202.8400,2
2018-08-16 09:39:56,202.7500,13
2018-08-16 09:39:57,198.4200,1
2018-08-16 09:39:58,198.4200,12
2018-08-16 09:39:59,202.7500,20
2018-08-16 09:40:00,198.4200,20
2018-08-16 09:40:01,198.4200,1
2018-08-16 09:40:02,198.4200,1
2018-08-16 09:40:03,198.4200,4
2018-08-16 09:40:04,198.4300,1
2018-08-16 09:40:05,202.7500,1
2018-08-16 09:40:06,202.7500,20
2018-08-16 09:40:07,198.4300,20
2018-08-16 09:40:08,198.4300,16
2018-08-16 09:40:09,198.4300,1
2018-08-16 09:40:10,198.4300,12
2018-08-16 09:40:11,202.8600,8
2018-08-16 09:40:12,198.4400,1
2018-08-16 09:40:13,198.4400,1
2018-08-16 09:40:14,203.1900,20
2018-08-16 09:40:15,198.4400,1
2018-08-16 09:40:16,198.4400,10
2018-08-16 09:40:17,203.1900,1
2018-08-16 09:40:18,198.4400,1
2018-08-16 09:40:19,198.4400,1
2018-08-16 09:40:20,198.4400,1
2018-08-16 09:40:21,203.1900,6
2018-08-16 09:40:22,203.1800,1
2018-08-16 09:40:23,198.4400,13
2018-08-16 09:40:24,198.4500,20
2018-08-16 09:40:25,198.4500,1
2018-08-16 09:40:26,198.4500,10
2018-08-16 09:40:27,198.4500,1
2018-08-16 09:40:28,203.1700,20
2018-08-16 09:40:29,198.4500,1
2018-08-16 09:40:30,198.4500,1
2018-08-16 09:40:31,203.1700,4
2018-08-16 09:40:32,203.1600,1
2018-08-16 09:40:33,198.4500,17
2018-08-16 09:40:34,198.4500,1
2018-08-16 09:40:35,203.1500,1
2018-08-16 09:40:36,198.4600,5
2018-08-16 09:40:37,198.4600,20
2018-08-16 09:40:39,198.5100,4
2018-08-16 09:40:40,202.8600,1
2018-08-16 09:40:41,198.5100,1
2018-08-16 09:40:42,202.8500,16
2018-08-16 09:40:43,202.8500,20
2018-08-16 09:40:44,202.8500,1
2018-08-16 09:40:45,198.5100,20
2018-08-16 09:40:46,202.8500,1
2018-08-16 09:40:47,202.8500,1
2018-08-16 09:40:48,198.5200,20
2018-08-16 09:40:49,202.8500,1
2018-08-16 09:40:50,198.5200,1
2018-08-16 09:40:51,202.8400,20
2018-08-16 09:40:52,198.5200,20
2018-08-16 09:40:53,202.8400,20
2018-08-16 09:40:54,202.8300,7
2018-08-16 09:40:55,198.5200,3
2018-08-16 09:40:57,198.5300,1
2018-08-16 09:40:58,202.8300,16
2018-08-16 09:40:59,198.5300,20
2018-08-16 09:41:00,202.8200,9
2018-08-16 09:41:01,202.8200,20
2018-08-16 09:41:02,202.8100,5
2018-08-16 09:41:03,202.8100,20
2018-08-16 09:41:04,202.6000,2
2018-08-16 09:41:05,198.5300,1
2018-08-16 09:41:06,198.5300,20
2018-08-16 09:41:07,198.5400,2
2018-08-16 09:41:08,202.6000,1
2018-08-16 09:41:09,198.5400,1
2018-08-16 09:41:10,198.5400,1
2018-08-16 09:41:11,202.6400,1
2018-08-16 09:41:12,198.5500,1
2018-08-16 09:41:13,202.6000,20
2018-08-16 09:41:14,202.6000,1
2018-08-16 09:41:15,198.5500,20
2018-08-16 09:41:16,198.5500,1
2018-08-16 09:41:17,202.6400,20
2018-08-16 09:41:18,202.6400,1
2018-08-16 09:41:19,198.5500,1
2018-08-16 09:41:20,198.5500,1
2018-08-16 09:41:21,198.5500,1
2018-08-16 09:41:22,202.6500,20
2018-08-16 09:41:23,198.5500,1
2018-08-16 09:41:24,198.5500,1
2018-08-16 09:41:25,198.5600,20
2018-08-16 09:41:26,202.6500,1
2018-08-16 09:41:28,202.6500,4
2018-08-16 09:41:29,198.5600,1
2018-08-16 09:41:30,198.5600,1
2018-08-16 09:41:31,202.6400,20
2018-08-16 09:41:32,202.6400,20
2018-08-16 09:41:33,198.5600,1
2018-08-16 09:41:34,198.5600,20
2018-08-16 09:41:35,202.6400,1
2018-08-16 09:41:36,198.5700,1
2018-08-16 09:41:37,198.5700,1
2018-08-16 09:41:38,198.5800,1
2018-08-16 09:41:39,198.5100,1
2018-08-16 09:41:40,198.5100,20
2018-08-16 09:41:41,202.6400,1
2018-08-16 09:41:42,198.5100,1
2018-08-16 09:41:43,202.6300,1
2018-08-16 09:41:44,198.5100,1
2018-08-16 09:41:45,198.5100,1
2018-08-16 09:41:46,202.6300,19
2018-08-16 09:41:47,198.5100,1
2018-08-16 09:41:48,198.5200,20
2018-08-16 09:41:49,198.5200,1
2018-08-16 09:41:50,198.5200,20
2018-08-16 09:41:51,202.5000,20
2018-08-16 09:41:52,198.5500,7
2018-08-16 09:41:53,202.5000,20
2018-08-16 09:41:54,202.5000,20
2018-08-16 09:41:55,198.5500,1
2018-08-16 09:41:56,198.5400,4
2018-08-16 09:41:57,198.5400,20
2018-08-16 09:41:58,198.5400,20
2018-08-16 09:41:59,198.5400,1
2018-08-16 09:42:00,198.5500,3
2018-08-16 09:42:01,198.6500,1
2018-08-16 09:42:02,198.6700,1
2018-08-16 09:42:04,202.5200,15
2018-08-16 09:42:05,199.4400,1
2018-08-16 09:42:06,202.8200,4
2018-08-16 09:42:07,202.8300,19
2018-08-16 09:42:08,200.3800,20
2018-08-16 09:42:09,202.8300,5
2018-08-16 09:42:10,202.6600,20
2018-08-16 09:42:11,202.6600,1
2018-08-16 09:42:12,202.6600,20
2018-08-16 09:42:13,199.0500,1
2018-08-16 09:42:14,198.7800,1
2018-08-16 09:42:15,198.7600,1
2018-08-16 09:42:16,198.7600,1
2018-08-16 09:42:17,198.2500,4
2018-08-16 09:42:18,198.7700,2
2018-08-16 09:42:20,200.9400,9
2018-08-16 09:42:21,200.8200,5
2018-08-16 09:42:22,200.8200,20
2018-08-16 09:42:23,200.8100,1
2018-08-16 09:42:24,202.7400,1
2018-08-16 09:42:25,200.8200,20
2018-08-16 09:42:27,200.8300,14
2018-08-16 09:42:28,198.7800,11
2018-08-16 09:42:29,203.8200,1
2018-08-16 09:42:30,203.0800,20
2018-08-16 09:42:31,204.0200,7
2018-08-16 09:42:32,203.1000,20
2018-08-16 09:42:33,203.0900,1
2018-08-16 09:42:34,203.0900,1
2018-08-16 09:42:35,203.0800,20
2018-08-16 09:42:36,201.9900,1
2018-08-16 09:42:37,203.9500,1
2018-08-16 09:42:38,201.9900,1
2018-08-16 09:42:39,201.9900,1
2018-08-16 09:42:40,203.9400,20
2018-08-16 09:42:41,200.2900,20
2018-08-16 09:42:42,203.9200,1
2018-08-16 09:42:45,203.0800,18
2018-08-16 09:42:46,202.9600,1
2018-08-16 09:42:47,199.4700,20
2018-08-16 09:42:48,199.4800,3
2018-08-16 09:42:49,199.4400,1
2018-08-16 09:42:50,199.4400,20
2018-08-16 09:42:51,200.6300,1
2018-08-16 09:42:52,200.6300,1
2018-08-16 09:42:53,200.6300,1
2018-08-16 09:42:54,200.6300,1
2018-08-16 09:42:55,200.6300,20
2018-08-16 09:42:56,200.6300,1
2018-08-16 09:42:57,200.6300,1
2018-08-16 09:42:58,200.6300,1
2018-08-16 09:42:59,200.6200,20
2018-08-16 09:43:00,199.4400,1
2018-08-16 09:43:01,199.4400,1
2018-08-16 09:43:03,199.4800,9
2018-08-16 09:43:04,199.1400,20
2018-08-16 09:43:05,197.9600,1
2018-08-16 09:43:06,199.1300,20
2018-08-16 09:43:07,199.1300,1
2018-08-16 09:43:08,197.9600,1
2018-08-16 09:43:09,201.1600,1
2018-08-16 09:43:10,197.9700,20
2018-08-16 09:43:11,201.1700,20
2018-08-16 09:43:12,197.9900,1
2018-08-16 09:43:13,197.9900,1
2018-08-16 09:43:14,197.9000,4
2018-08-16 09:43:15,200.7100,4
2018-08-16 09:43:16,202.7500,20
2018-08-16 09:43:17,202.7500,1
2018-08-16 09:43:18,202.7500,2
2018-08-16 09:43:19,202.7500,1
2018-08-16 09:43:20,202.7500,1
2018-08-16 09:43:21,202.6800,1
2018-08-16 09:43:22,200.1600,20
2018-08-16 09:43:23,202.7200,20
2018-08-16 09:43:24,200.1600,20
2018-08-16 09:43:25,200.1700,20
2018-08-16 09:43:26,200.1700,1
2018-08-16 09:43:27,202.7200,1
2018-08-16 09:43:28,202.7200,20
2018-08-16 09:43:29,202.7200,18
2018-08-16 09:43:31,202.6800,1
2018-08-16 09:43:32,198.9000,4
2018-08-16 09:43:33,204.1300,12
2018-08-16 09:43:34,204.1100,1
2018-08-16 09:43:35,204.1100,20
2018-08-16 09:43:36,204.1300,6
2018-08-16 09:43:37,204.1200,6
2018-08-16 09:43:38,204.1300,20
2018-08-16 09:43:39,204.1300,1
2018-08-16 09:43:40,204.1200,1
2018-08-16 09:43:41,201.1300,16
2018-08-16 09:43:42,204.1200,4
2018-08-16 09:43:43,201.1200,20
2018-08-16 09:43:44,201.1300,1
2018-08-16 09:43:45,203.0100,1
2018-08-16 09:43:46,203.0100,1
2018-08-16 09:43:47,201.1300,1
2018-08-16 09:43:48,203.0100,1
2018-08-16 09:43:49,199.6800,20
2018-08-16 09:43:50,203.0000,1
2018-08-16 09:43:51,203.0000,20
2018-08-16 09:43:52,203.0300,1
2018-08-16 09:43:53,204.2200,19
2018-08-16 09:43:54,204.3200,4
2018-08-16 09:43:55,204.3300,1
2018-08-16 09:43:56,201.2700,1
2018-08-16 09:43:57,200.7500,20
2018-08-16 09:43:58,200.7300,19
2018-08-16 09:43:59,200.7500,20
2018-08-16 09:44:00,200.7600,20
2018-08-16 09:44:01,199.7200,1
2018-08-16 09:44:02,204.0200,1
2018-08-16 09:44:03,204.0400,1
2018-08-16 09:44:04,204.0300,1
2018-08-16 09:44:05,201.1200,20
2018-08-16 09:44:06,201.1200,1
2018-08-16 09:44:07,199.2400,20
2018-08-16 09:44:08,197.8700,3
2018-08-16 09:44:09,199.2200,20
2018-08-16 09:44:10,197.7700,68
2018-08-16 09:44:11,197.7700,4
2018-08-16 09:44:12,197.7800,20
2018-08-16 09:44:13,197.7800,1
2018-08-16 09:44:14,200.7200,1
2018-08-16 09:44:15,200.7800,1
2018-08-16 09:44:16,200.7800,1
2018-08-16 09:44:17,200.7800,11
2018-08-16 09:44:18,200.7500,20
2018-08-16 09:44:19,200.7200,20
2018-08-16 09:44:20,198.8800,7
2018-08-16 09:44:21,200.7200,20
2018-08-16 09:44:22,200.7200,1
2018-08-16 09:44:25,201.9400,4
2018-08-16 09:44:26,197.8100,4
2018-08-16 09:44:27,198.2000,1
2018-08-16 09:44:28,198.3500,2
2018-08-16 09:44:29,198.2000,1
2018-08-16 09:44:30,198.2100,1
2018-08-16 09:44:31,198.3500,1
2018-08-16 09:44:32,203.0300,4
2018-08-16 09:44:33,202.0600,1
2018-08-16 09:44:34,202.0600,20
2018-08-16 09:44:35,199.7500,1
2018-08-16 09:44:36,202.0400,1
2018-08-16 09:44:37,198.9300,1
2018-08-16 09:44:38,202.0400,20
2018-08-16 09:44:39,198.9300,1
2018-08-16 09:44:40,202.6100,4
2018-08-16 09:44:41,198.9300,1
2018-08-16 09:44:42,198.9300,1
2018-08-16 09:44:43,202.0400,1
2018-08-16 09:44:44,198.6300,20
2018-08-16 09:44:45,198.5200,1
2018-08-16 09:44:46,202.0300,1
2018-08-16 09:44:48,198.4900,3
2018-08-16 09:44:49,198.5200,20
2018-08-16 09:44:50,198.4600,1
2018-08-16 09:44:51,198.4600,1
2018-08-16 09:44:52,198.4600,1
2018-08-16 09:44:53,198.4600,16
2018-08-16 09:44:54,198.4700,20
2018-08-16 09:44:55,201.2000,20
2018-08-16 09:44:56,201.2300,8
2018-08-16 09:44:57,201.2100,1
2018-08-16 09:44:58,201.6600,20
2018-08-16 09:44:59,201.2400,2
2018-08-16 09:45:00,203.1100,1
2018-08-16 09:45:01,203.1100,20
2018-08-16 09:45:02,203.7900,20
2018-08-16 09:45:03,203.8000,1
2018-08-16 09:45:04,204.3800,4
2018-08-16 09:45:05,203.8000,2
2018-08-16 09:45:06,203.4600,1
2018-08-16 09:45:07,203.4600,20
2018-08-16 09:45:08,203.4600,20
2018-08-16 09:45:09,203.4600,15
2018-08-16 09:45:10,203.5000,1
2018-08-16 09:45:11,200.7400,1
2018-08-16 09:45:12,203.4700,15
2018-08-16 09:45:13,203.4700,1
2018-08-16 09:45:15,199.8800,1
2018-08-16 09:45:16,199.8800,2
2018-08-16 09:45:17,199.9000,4
2018-08-16 09:45:18,199.8800,1
2018-08-16 09:45:19,199.8800,1
2018-08-16 09:45:20,198.6600,1
2018-08-16 09:45:21,201.3400,1
2018-08-16 09:45:22,197.7400,1
2018-08-16 09:45:23,200.7200,4
2018-08-16 09:45:24,200.4400,1
2018-08-16 09:45:25,200.4400,1
2018-08-16 09:45:26,200.4400,17
2018-08-16 09:45:27,201.3500,1
2018-08-16 09:45:28,201.4200,9
2018-08-16 09:45:29,199.9400,1
2018-08-16 09:45:30,199.9400,1
2018-08-16 09:45:31,203.5800,1
2018-08-16 09:45:32,202.2600,1
2018-08-16 09:45:33,203.5900,2
2018-08-16 09:45:34,204.3800,1
2018-08-16 09:45:35,202.9200,1
2018-08-16 09:45:36,203.5800,20
2018-08-16 09:45:37,203.5800,20
2018-08-16 09:45:38,200.5700,1
2018-08-16 09:45:39,200.5900,20
2018-08-16 09:45:40,200.5800,1
2018-08-16 09:45:41,200.5700,1
2018-08-16 09:45:42,199.5000,1
2018-08-16 09:45:43,200.5700,17
2018-08-16 09:45:44,199.5000,1
2018-08-16 09:45:45,199.5000,1
2018-08-16 09:45:46,198.9700,20
2018-08-16 09:45:47,198.9700,1
2018-08-16 09:45:48,198.9600,4
2018-08-16 09:45:49,201.5400,4
2018-08-16 09:45:51,201.6800,1
2018-08-16 09:45:52,201.9100,20
2018-08-16 09:45:53,201.9100,20
2018-08-16 09:45:54,201.9100,12
2018-08-16 09:45:55,204.1400,20
2018-08-16 09:45:56,200.0600,1
2018-08-16 09:45:57,201.1200,2
2018-08-16 09:45:58,201.1200,20
2018-08-16 09:45:59,201.1200,1
2018-08-16 09:46:00,204.1200,20
2018-08-16 09:46:01,201.1300,20
2018-08-16 09:46:02,204.1200,1
2018-08-16 09:46:03,201.1400,2
2018-08-16 09:46:05,201.1500,6
2018-08-16 09:46:06,200.0900,1
2018-08-16 09:46:07,200.0900,1
2018-08-16 09:46:08,200.0900,1
2018-08-16 09:46:09,198.5500,20
2018-08-16 09:46:10,198.0900,20
2018-08-16 09:46:11,200.0500,20
2018-08-16 09:46:12,200.0500,8
2018-08-16 09:46:13,198.0900,8
2018-08-16 09:46:14,198.1000,20
2018-08-16 09:46:15,202.0800,20
2018-08-16 09:46:16,201.0600,1
2018-08-16 09:46:17,201.2700,4
2018-08-16 09:46:18,202.2000,1
2018-08-16 09:46:19,202.2100,20
2018-08-16 09:46:20,202.2200,1
2018-08-16 09:46:21,202.2200,20
2018-08-16 09:46:22,202.2300,2
2018-08-16 09:46:23,200.3500,1
2018-08-16 09:46:24,200.3700,1
2018-08-16 09:46:25,200.3600,4
2018-08-16 09:46:26,201.7400,20
2018-08-16 09:46:27,198.5100,1
2018-08-16 09:46:28,200.9300,1
2018-08-16 09:46:29,200.9300,1
2018-08-16 09:46:30,201.7400,15
2018-08-16 09:46:31,202.9000,1
2018-08-16 09:46:32,201.7500,1
2018-08-16 09:46:33,203.8800,1
2018-08-16 09:46:34,203.0400,3
2018-08-16 09:46:35,203.9000,20
2018-08-16 09:46:36,203.8800,1
2018-08-16 09:46:37,203.8800,20
2018-08-16 09:46:39,203.6200,1
2018-08-16 09:46:40,203.5800,3
2018-08-16 09:46:41,205.1300,20
2018-08-16 09:46:42,203.9900,20
2018-08-16 09:46:43,200.6200,1
2018-08-16 09:46:44,201.8200,1
2018-08-16 09:46:45,201.8200,20
2018-08-16 09:46:46,203.5300,1
2018-08-16 09:46:47,201.8300,20
2018-08-16 09:46:48,201.8300,1
2018-08-16 09:46:49,201.8300,1
2018-08-16 09:46:50,200.1700,20
2018-08-16 09:46:51,200.1700,20
2018-08-16 09:46:52,200.1600,1
2018-08-16 09:46:53,201.2800,20
2018-08-16 09:46:54,201.2800,1
2018-08-16 09:46:55,201.2600,1
2018-08-16 09:46:56,201.2900,7
2018-08-16 09:46:57,201.2900,7
2018-08-16 09:46:58,200.0300,1
2018-08-16 09:46:59,200.0200,1
2018-08-16 09:47:00,197.7400,1
2018-08-16 09:47:01,200.0200,1
2018-08-16 09:47:02,200.0200,4
2018-08-16 09:47:03,201.2800,1
2018-08-16 09:47:04,201.2800,1
2018-08-16 09:47:06,201.2600,19
2018-08-16 09:47:07,201.2800,1
2018-08-16 09:47:08,201.2600,1
2018-08-16 09:47:10,203.1900,4
2018-08-16 09:47:11,202.4800,1
2018-08-16 09:47:12,203.2100,1
2018-08-16 09:47:13,204.5900,1
2018-08-16 09:47:14,205.3400,4
2018-08-16 09:47:15,204.6100,1
2018-08-16 09:47:16,205.5300,20
2018-08-16 09:47:17,205.5300,15
2018-08-16 09:47:18,202.2100,1
2018-08-16 09:47:19,202.2200,5
2018-08-16 09:47:20,201.0400,1
2018-08-16 09:47:21,201.0400,1
2018-08-16 09:47:22,201.0400,20
2018-08-16 09:47:23,201.0500,4
2018-08-16 09:47:24,200.8500,4
2018-08-16 09:47:25,201.0200,1
2018-08-16 09:47:26,202.7600,1
2018-08-16 09:47:27,200.2500,4
2018-08-16 09:47:28,202.7600,20
2018-08-16 09:47:29,202.7500,20
2018-08-16 09:47:30,202.7500,4
2018-08-16 09:47:31,201.8400,1
2018-08-16 09:47:32,202.6900,18
2018-08-16 09:47:33,203.2600,1
2018-08-16 09:47:34,203.5800,1
2018-08-16 09:47:35,203.2700,4
2018-08-16 09:47:36,203.6000,1
2018-08-16 09:47:37,203.6000,3
2018-08-16 09:47:38,203.5900,1
2018-08-16 09:47:39,203.5800,7
2018-08-16 09:47:40,200.8400,1
2018-08-16 09:47:41,200.8200,1
2018-08-16 09:47:42,200.8100,1
2018-08-16 09:47:43,198.1800,1
2018-08-16 09:47:44,198.2000,1
2018-08-16 09:47:45,198.1800,1
2018-08-16 09:47:46,198.2000,20
2018-08-16 09:47:47,198.2000,20
2018-08-16 09:47:48,198.2000,1
2018-08-16 09:47:49,198.2000,3
2018-08-16 09:47:50,198.2100,13
2018-08-16 09:47:51,197.0500,20
2018-08-16 09:47:52,197.0500,17
2018-08-16 09:47:53,197.0600,18
2018-08-16 09:47:54,200.6200,1
2018-08-16 09:47:55,198.7400,4
2018-08-16 09:47:56,198.7500,4
2018-08-16 09:47:57,205.7700,1
2018-08-16 09:47:58,205.7700,1
2018-08-16 09:47:59,203.6900,1
2018-08-16 09:48:00,205.7800,1
2018-08-16 09:48:01,204.3200,1
2018-08-16 09:48:02,204.3100,1
2018-08-16 09:48:03,204.3100,20
2018-08-16 09:48:04,201.3200,19
2018-08-16 09:48:05,200.2800,1
2018-08-16 09:48:06,200.2800,1
2018-08-16 09:48:07,200.2800,20
2018-08-16 09:48:08,204.3100,1
2018-08-16 09:48:09,200.2900,2
2018-08-16 09:48:10,201.3300,1
2018-08-16 09:48:11,199.9100,2
2018-08-16 09:48:12,199.9300,20
2018-08-16 09:48:13,198.4100,20
2018-08-16 09:48:14,198.3900,1
2018-08-16 09:48:15,198.4100,20
2018-08-16 09:48:16,198.4100,20
2018-08-16 09:48:17,201.2000,1
2018-08-16 09:48:18,198.1900,1
2018-08-16 09:48:19,201.1900,10
2018-08-16 09:48:20,198.1200,1
2018-08-16 09:48:21,198.3700,4
2018-08-16 09:48:22,198.3900,4
2018-08-16 09:48:23,198.1500,20
2018-08-16 09:48:24,198.1700,1
2018-08-16 09:48:25,198.1500,1
2018-08-16 09:48:26,198.1500,1
2018-08-16 09:48:27,198.1500,20
2018-08-16 09:48:28,198.1700,1
2018-08-16 09:48:29,198.1700,1
2018-08-16 09:48:30,198.1700,1
2018-08-16 09:48:31,198.1700,1
2018-08-16 09:48:32,197.8100,1
2018-08-16 09:48:33,197.8000,1
2018-08-16 09:48:34,197.5600,20
2018-08-16 09:48:35,197.5600,3
2018-08-16 09:48:36,197.5600,17
2018-08-16 09:48:37,197.5400,5
2018-08-16 09:48:38,197.5400,15
2018-08-16 09:48:39,197.5800,1
2018-08-16 09:48:40,201.5500,10
2018-08-16 09:48:41,197.5800,1
2018-08-16 09:48:42,200.6400,4
2018-08-16 09:48:43,201.5500,20
2018-08-16 09:48:44,200.6400,1
2018-08-16 09:48:45,197.5300,20
2018-08-16 09:48:46,200.6300,11
2018-08-16 09:48:47,199.1400,20
2018-08-16 09:48:48,201.7200,1
2018-08-16 09:48:49,199.1400,1
2018-08-16 09:48:50,199.1400,1
2018-08-16 09:48:51,202.6500,20
2018-08-16 09:48:52,200.1400,1
2018-08-16 09:48:53,200.1400,4
2018-08-16 09:48:54,200.1500,20
2018-08-16 09:48:55,202.6600,20
2018-08-16 09:48:56,200.1500,1
2018-08-16 09:48:57,200.1600,1
2018-08-16 09:48:58,199.6600,1
2018-08-16 09:48:59,199.6300,17
2018-08-16 09:49:00,199.6800,3
2018-08-16 09:49:01,198.9700,1
2018-08-16 09:49:02,203.2500,1
2018-08-16 09:49:03,201.4100,1
2018-08-16 09:49:04,203.8800,4
2018-08-16 09:49:05,203.8900,1
2018-08-16 09:49:06,203.8900,4
2018-08-16 09:49:08,201.0600,4
2018-08-16 09:49:09,200.5900,1
2018-08-16 09:49:10,199.7700,1
2018-08-16 09:49:11,199.7800,15
2018-08-16 09:49:12,199.7800,1
2018-08-16 09:49:13,199.7800,1
2018-08-16 09:49:14,202.6600,1
2018-08-16 09:49:15,199.7900,15
2018-08-16 09:49:16,199.7900,1
2018-08-16 09:49:17,199.7900,1
2018-08-16 09:49:18,199.8000,7
2018-08-16 09:49:19,200.5900,4
2018-08-16 09:49:20,200.5900,20
2018-08-16 09:49:21,200.6000,11
2018-08-16 09:49:22,200.6000,20
2018-08-16 09:49:23,200.6100,20
2018-08-16 09:49:25,200.6100,1
2018-08-16 09:49:26,200.6300,18
2018-08-16 09:49:27,201.2000,20
2018-08-16 09:49:28,203.8000,4
2018-08-16 09:49:29,199.5000,1
2018-08-16 09:49:30,199.5100,20
2018-08-16 09:49:31,199.5100,20
2018-08-16 09:49:32,203.7400,1
2018-08-16 09:49:33,203.7400,1
2018-08-16 09:49:34,199.5000,20
2018-08-16 09:49:35,203.6800,1
2018-08-16 09:49:36,199.4800,4
2018-08-16 09:49:37,203.6800,20
2018-08-16 09:49:39,203.4800,1
2018-08-16 09:49:40,200.2300,1
2018-08-16 09:49:41,198.0000,20
2018-08-16 09:49:42,200.2300,1
2018-08-16 09:49:43,197.7400,20
2018-08-16 09:49:44,197.7200,20
2018-08-16 09:49:45,197.7300,1
2018-08-16 09:49:46,200.7900,3
2018-08-16 09:49:47,200.7900,17
2018-08-16 09:49:48,200.7700,1
2018-08-16 09:49:49,198.9400,1
2018-08-16 09:49:50,199.9800,1
2018-08-16 09:49:51,200.7900,1
2018-08-16 09:49:52,200.7900,5
2018-08-16 09:49:53,198.9500,20
2018-08-16 09:49:54,198.9500,1
2018-08-16 09:49:55,199.1000,1
2018-08-16 09:49:56,198.9600,1
2018-08-16 09:49:57,198.9600,1
2018-08-16 09:49:58,198.9400,1
2018-08-16 09:49:59,198.9300,19
2018-08-16 09:50:00,201.6500,1
2018-08-16 09:50:01,203.5300,3
2018-08-16 09:50:02,201.7000,4
2018-08-16 09:50:03,201.6700,1
2018-08-16 09:50:04,201.6700,1
2018-08-16 09:50:05,202.2500,1
2018-08-16 09:50:06,202.2500,4
2018-08-16 09:50:07,200.4800,1
2018-08-16 09:50:08,198.5500,1
2018-08-16 09:50:09,200.4200,1
2018-08-16 09:50:10,199.9600,1
2018-08-16 09:50:11,198.5500,1
2018-08-16 09:50:13,199.9600,3
2018-08-16 09:50:14,201.8800,1
2018-08-16 09:50:15,202.3700,2
2018-08-16 09:50:16,201.8900,15
2018-08-16 09:50:17,201.8700,1
2018-08-16 09:50:18,202.1100,2
2018-08-16 09:50:19,203.6800,2
2018-08-16 09:50:20,203.6800,2
2018-08-16 09:50:21,201.8800,1
2018-08-16 09:50:22,201.8700,1
2018-08-16 09:50:23,201.8700,2
2018-08-16 09:50:24,202.9700,1
2018-08-16 09:50:25,202.9700,20
2018-08-16 09:50:26,202.9700,20
2018-08-16 09:50:27,202.9800,1
2018-08-16 09:50:28,202.9700,1
2018-08-16 09:50:29,202.9900,20
2018-08-16 09:50:30,202.9900,20
2018-08-16 09:50:31,204.4900,1
2018-08-16 09:50:32,204.4900,1
2018-08-16 09:50:33,202.5000,1
2018-08-16 09:50:34,201.5000,4
2018-08-16 09:50:35,205.4700,4
2018-08-16 09:50:36,202.3700,16
2018-08-16 09:50:37,202.7300,13
2018-08-16 09:50:38,205.0200,1
2018-08-16 09:50:39,202.7300,1
2018-08-16 09:50:40,201.7300,1
2018-08-16 09:50:41,202.2300,3
2018-08-16 09:50:42,200.0200,1
2018-08-16 09:50:43,199.4300,3
2018-08-16 09:50:44,200.0200,20
2018-08-16 09:50:45,200.0200,1
2018-08-16 09:50:46,203.4100,20
2018-08-16 09:50:47,203.4100,1
2018-08-16 09:50:48,203.7200,1
2018-08-16 09:50:49,203.6700,1
2018-08-16 09:50:50,203.7200,1
2018-08-16 09:50:51,204.7700,20
2018-08-16 09:50:52,204.0700,1
2018-08-16 09:50:53,204.0700,2
2018-08-16 09:50:54,204.7700,1
2018-08-16 09:50:55,204.0800,1
2018-08-16 09:50:56,204.0800,1
2018-08-16 09:50:57,204.7900,1
2018-08-16 09:50:58,201.5400,1
2018-08-16 09:50:59,201.5400,1
2018-08-16 09:51:00,203.5700,1
2018-08-16 09:51:01,198.5600,4
2018-08-16 09:51:02,200.2500,4
2018-08-16 09:51:03,202.5500,1
2018-08-16 09:51:04,202.5300,3
2018-08-16 09:51:05,202.5200,1
2018-08-16 09:51:06,202.5200,3
2018-08-16 09:51:07,202.5300,14
2018-08-16 09:51:08,202.5300,14
2018-08-16 09:51:09,204.1800,1
2018-08-16 09:51:10,204.1700,1
2018-08-16 09:51:11,204.1700,1
2018-08-16 09:51:12,204.1800,1
2018-08-16 09:51:13,204.1900,9
2018-08-16 09:51:14,204.1800,20
2018-08-16 09:51:15,204.1900,1
2018-08-16 09:51:16,204.1800,3
2018-08-16 09:51:17,201.3500,1
2018-08-16 09:51:18,201.3500,20
2018-08-16 09:51:19,204.1700,20
2018-08-16 09:51:20,204.1700,1
2018-08-16 09:51:21,200.3500,1
2018-08-16 09:51:22,204.1600,16
2018-08-16 09:51:23,200.3500,1
2018-08-16 09:51:24,199.9800,11
2018-08-16 09:51:25,200.0000,1
2018-08-16 09:51:26,204.1500,1
2018-08-16 09:51:27,199.5400,1
2018-08-16 09:51:28,199.8400,1
2018-08-16 09:51:29,201.0400,2
2018-08-16 09:51:30,201.0700,20
2018-08-16 09:51:31,201.0400,1
2018-08-16 09:51:32,201.0500,1
2018-08-16 09:51:33,201.0500,9
2018-08-16 09:51:34,201.0700,1
2018-08-16 09:51:35,201.0700,1
2018-08-16 09:51:36,199.1000,1
2018-08-16 09:51:37,198.4000,20
2018-08-16 09:51:39,201.0500,4
2018-08-16 09:51:40,202.3900,1
2018-08-16 09:51:41,202.1600,3
2018-08-16 09:51:42,203.8600,1
2018-08-16 09:51:43,201.0700,1
2018-08-16 09:51:44,200.0900,1
2018-08-16 09:51:45,200.0900,1
2018-08-16 09:51:46,200.0900,8
2018-08-16 09:51:47,203.8600,1
2018-08-16 09:51:49,202.2200,20
2018-08-16 09:51:50,202.2200,20
2018-08-16 09:51:51,202.2200,1
2018-08-16 09:51:52,201.4500,4
2018-08-16 09:51:53,202.2100,4
2018-08-16 09:51:54,203.8800,1
2018-08-16 09:51:55,203.9000,1
2018-08-16 09:51:56,203.9300,1
2018-08-16 09:51:57,205.1100,20
2018-08-16 09:51:58,205.1100,1
2018-08-16 09:51:59,205.0900,20
2018-08-16 09:52:00,205.0900,1
2018-08-16 09:52:01,205.1000,4
2018-08-16 09:52:02,205.1100,11
2018-08-16 09:52:03,205.1100,1
2018-08-16 09:52:04,205.1100,1
2018-08-16 09:52:05,205.1200,1
2018-08-16 09:52:06,205.9100,1
2018-08-16 09:52:07,205.9200,1
2018-08-16 09:52:08,205.9300,1
2018-08-16 09:52:09,205.9300,1
2018-08-16 09:52:10,202.5200,3
2018-08-16 09:52:11,202.5200,20
2018-08-16 09:52:12,202.5200,20
2018-08-16 09:52:13,202.5200,20
2018-08-16 09:52:14,204.1200,4
2018-08-16 09:52:15,204.0900,1
2018-08-16 09:52:16,204.1200,11
2018-08-16 09:52:17,205.2600,1
2018-08-16 09:52:18,205.2600,6
2018-08-16 09:52:19,205.2600,1
2018-08-16 09:52:20,206.0300,20
2018-08-16 09:52:21,206.0300,7
2018-08-16 09:52:22,202.6200,20
2018-08-16 09:52:23,202.6000,1
2018-08-16 09:52:24,204.3200,20
2018-08-16 09:52:25,204.2200,20
2018-08-16 09:52:26,204.2200,19
2018-08-16 09:52:27,205.6900,20
2018-08-16 09:52:28,204.2300,1
2018-08-16 09:52:29,203.2500,3
2018-08-16 09:52:30,205.6900,20
2018-08-16 09:52:31,201.5300,4
2018-08-16 09:52:32,204.2300,20
2018-08-16 09:52:33,204.2400,20
2018-08-16 09:52:34,205.6900,20
2018-08-16 09:52:35,205.6800,15
2018-08-16 09:52:36,204.2500,1
2018-08-16 09:52:37,205.3300,8
2018-08-16 09:52:38,202.8000,1
2018-08-16 09:52:39,205.6800,1
2018-08-16 09:52:40,201.3500,20
2018-08-16 09:52:41,201.3500,20
2018-08-16 09:52:42,201.3500,1
2018-08-16 09:52:44,204.3200,1
2018-08-16 09:52:45,204.3200,1
2018-08-16 09:52:46,204.3200,1
2018-08-16 09:52:47,204.3400,1
2018-08-16 09:52:48,204.3400,1
2018-08-16 09:52:49,201.4100,1
2018-08-16 09:52:51,200.8800,20
2018-08-16 09:52:52,204.2000,4
2018-08-16 09:52:53,199.2300,20
2018-08-16 09:52:54,205.2200,1
2018-08-16 09:52:55,206.1200,1
2018-08-16 09:52:56,202.6600,4
2018-08-16 09:52:57,205.5500,4
2018-08-16 09:52:58,206.1900,1
2018-08-16 09:52:59,206.5700,1
2018-08-16 09:53:00,206.5800,1
2018-08-16 09:53:01,206.5700,2
2018-08-16 09:53:02,206.9100,4
2018-08-16 09:53:03,206.5900,1
2018-08-16 09:53:04,206.5700,4
2018-08-16 09:53:05,206.6700,2
2018-08-16 09:53:06,206.5700,2
2018-08-16 09:53:07,206.6800,1
2018-08-16 09:53:08,202.9300,3
2018-08-16 09:53:09,206.9200,1
2018-08-16 09:53:10,201.9000,1
2018-08-16 09:53:12,204.0400,1
2018-08-16 09:53:13,204.0300,1
2018-08-16 09:53:14,204.0300,20
2018-08-16 09:53:15,204.0300,20
2018-08-16 09:53:16,201.1700,1
2018-08-16 09:53:17,201.1700,1
2018-08-16 09:53:18,199.8500,20
2018-08-16 09:53:19,199.8500,20
2018-08-16 09:53:20,202.2200,1
2018-08-16 09:53:21,202.2200,5
2018-08-16 09:53:22,199.5100,20
2018-08-16 09:53:23,199.4900,20
2018-08-16 09:53:24,199.4900,1
2018-08-16 09:53:25,199.5000,1
2018-08-16 09:53:26,199.5100,1
2018-08-16 09:53:27,199.4800,1
2018-08-16 09:53:28,199.4800,1
2018-08-16 09:53:29,199.5100,1
2018-08-16 09:53:30,199.5000,1
2018-08-16 09:53:31,199.5000,19
2018-08-16 09:53:33,199.5100,4
2018-08-16 09:53:34,199.5000,20
2018-08-16 09:53:35,200.8700,20
2018-08-16 09:53:36,200.8300,20
2018-08-16 09:53:37,202.6000,20
2018-08-16 09:53:38,202.6100,1
2018-08-16 09:53:39,202.6100,4
2018-08-16 09:53:40,200.7300,1
2018-08-16 09:53:41,200.7200,1
2018-08-16 09:53:42,199.6200,4
2018-08-16 09:53:43,199.7000,1
2018-08-16 09:53:44,199.7000,1
2018-08-16 09:53:45,202.1400,1
2018-08-16 09:53:46,199.6000,3
2018-08-16 09:53:47,198.0900,4
2018-08-16 09:53:48,198.8300,1
2018-08-16 09:53:49,199.6000,17
2018-08-16 09:53:50,199.9900,20
2018-08-16 09:53:51,199.9900,20
2018-08-16 09:53:52,199.9900,1
2018-08-16 09:53:53,199.9800,1
2018-08-16 09:53:54,203.9800,1
2018-08-16 09:53:55,205.1900,1
2018-08-16 09:53:56,205.1900,20
2018-08-16 09:53:57,204.2300,20
2018-08-16 09:53:58,200.8900,1
2018-08-16 09:53:59,200.8900,20
2018-08-16 09:54:00,199.5800,1
2018-08-16 09:54:01,199.6000,1
2018-08-16 09:54:02,199.6600,4
2018-08-16 09:54:03,199.5800,4
2018-08-16 09:54:04,199.5900,19
2018-08-16 09:54:05,201.5600,1
2018-08-16 09:54:06,201.5600,20
2018-08-16 09:54:07,200.4400,1
2018-08-16 09:54:08,203.0700,1
2018-08-16 09:54:09,203.0500,1
2018-08-16 09:54:10,198.5300,1
2018-08-16 09:54:11,200.4100,20
2018-08-16 09:54:12,198.5400,1
2018-08-16 09:54:13,198.5400,1
2018-08-16 09:54:14,198.3100,4
2018-08-16 09:54:15,201.1400,4
2018-08-16 09:54:16,196.8600,1
2018-08-16 09:54:17,198.6900,20
2018-08-16 09:54:18,198.6900,20
2018-08-16 09:54:19,198.6900,1
2018-08-16 09:54:20,198.6900,4
2018-08-16 09:54:22,198.6700,1
2018-08-16 09:54:23,198.6700,4
2018-08-16 09:54:24,198.6700,4
2018-08-16 09:54:25,197.0400,1
2018-08-16 09:54:26,197.0400,1
2018-08-16 09:54:27,197.0400,1
2018-08-16 09:54:28,197.0400,20
2018-08-16 09:54:29,200.6900,1
2018-08-16 09:54:30,197.0400,11
2018-08-16 09:54:31,200.6900,20
2018-08-16 09:54:32,197.0500,1
2018-08-16 09:54:33,201.6500,1
2018-08-16 09:54:34,201.6500,1
2018-08-16 09:54:35,197.0600,20
2018-08-16 09:54:36,201.6500,20
2018-08-16 09:54:37,197.0700,20
2018-08-16 09:54:38,197.9700,6
2018-08-16 09:54:39,197.9700,1
2018-08-16 09:54:40,197.9700,15
2018-08-16 09:54:42,197.9900,20
2018-08-16 09:54:43,197.9900,20
2018-08-16 09:54:44,198.1300,20
2018-08-16 09:54:45,198.2800,20
2018-08-16 09:54:46,198.2800,20
2018-08-16 09:54:47,197.2000,1
2018-08-16 09:54:48,198.2800,1
2018-08-16 09:54:49,197.2000,1
2018-08-16 09:54:50,198.2700,1
2018-08-16 09:54:51,198.2700,1
2018-08-16 09:54:52,198.2700,1
2018-08-16 09:54:53,198.3000,1
2018-08-16 09:54:54,201.1800,1
2018-08-16 09:54:55,199.5700,1
2018-08-16 09:54:56,204.6900,1
2018-08-16 09:54:57,203.2500,1
2018-08-16 09:54:58,203.3600,20
2018-08-16 09:54:59,204.7400,1
2018-08-16 09:55:00,201.6900,1
2018-08-16 09:55:01,201.6900,1
2018-08-16 09:55:02,201.8500,1
2018-08-16 09:55:03,201.8500,3
2018-08-16 09:55:04,200.6100,20
2018-08-16 09:55:05,200.6100,20
2018-08-16 09:55:06,202.2000,1
2018-08-16 09:55:07,202.2000,1
2018-08-16 09:55:08,202.2000,20
2018-08-16 09:55:09,201.9500,20
2018-08-16 09:55:10,200.6100,1
2018-08-16 09:55:11,200.6100,1
2018-08-16 09:55:12,198.2900,1
2018-08-16 09:55:13,202.2000,20
2018-08-16 09:55:14,201.4100,1
2018-08-16 09:55:15,202.7800,4
2018-08-16 09:55:16,202.1000,1
2018-08-16 09:55:17,202.1000,1
2018-08-16 09:55:18,202.1000,20
2018-08-16 09:55:19,202.1000,1
2018-08-16 09:55:20,202.1100,1
2018-08-16 09:55:21,202.1100,11
2018-08-16 09:55:22,203.8600,1
2018-08-16 09:55:23,203.8600,1
2018-08-16 09:55:24,200.5300,17
2018-08-16 09:55:25,200.5300,1
2018-08-16 09:55:27,203.8200,20
2018-08-16 09:55:28,200.1800,20
2018-08-16 09:55:29,200.0000,20
2018-08-16 09:55:30,200.0000,1
2018-08-16 09:55:31,202.2500,1
2018-08-16 09:55:32,203.9700,20
2018-08-16 09:55:33,201.3400,3
2018-08-16 09:55:34,201.3600,4
2018-08-16 09:55:35,201.4200,1
2018-08-16 09:55:36,199.6300,4
2018-08-16 09:55:37,201.4200,20
2018-08-16 09:55:38,201.4200,1
2018-08-16 09:55:39,198.7000,4
2018-08-16 09:55:40,201.4200,1
2018-08-16 09:55:41,201.4200,1
2018-08-16 09:55:42,201.4200,19
2018-08-16 09:55:43,199.4500,4
2018-08-16 09:55:44,199.4500,4
2018-08-16 09:55:45,201.4300,20
2018-08-16 09:55:46,201.4400,1
2018-08-16 09:55:47,201.4500,7
2018-08-16 09:55:48,201.4500,1
2018-08-16 09:55:49,201.4500,20
2018-08-16 09:55:50,201.4500,1
2018-08-16 09:55:51,201.4600,1
2018-08-16 09:55:52,201.4600,20
2018-08-16 09:55:53,204.0000,1
2018-08-16 09:55:54,204.0000,1
2018-08-16 09:55:55,204.3900,20
2018-08-16 09:55:56,204.3900,1
2018-08-16 09:55:57,203.4100,11
2018-08-16 09:55:58,204.3800,19
2018-08-16 09:55:59,203.4400,10
2018-08-16 09:56:00,205.1100,1
2018-08-16 09:56:01,201.3900,20
2018-08-16 09:56:02,204.2800,20
2018-08-16 09:56:03,199.2500,4
2018-08-16 09:56:04,203.6800,1
2018-08-16 09:56:05,200.7200,4
2018-08-16 09:56:06,202.9000,16
2018-08-16 09:56:07,202.8900,4
2018-08-16 09:56:08,200.9100,1
2018-08-16 09:56:09,199.0200,20
2018-08-16 09:56:10,199.0100,4
2018-08-16 09:56:11,199.0200,1
2018-08-16 09:56:12,199.0100,20
2018-08-16 09:56:13,197.7000,20
2018-08-16 09:56:14,197.7000,1
2018-08-16 09:56:16,199.0200,11
2018-08-16 09:56:17,198.2600,20
2018-08-16 09:56:18,201.1500,20
2018-08-16 09:56:19,198.2600,1
2018-08-16 09:56:20,198.2700,4
2018-08-16 09:56:21,201.1400,1
2018-08-16 09:56:22,201.1400,1
2018-08-16 09:56:23,201.1400,1
2018-08-16 09:56:24,198.2100,4
2018-08-16 09:56:25,198.2700,1
2018-08-16 09:56:26,201.1300,1
2018-08-16 09:56:27,202.2000,4
2018-08-16 09:56:28,198.2500,1
2018-08-16 09:56:29,203.9600,4
2018-08-16 09:56:30,202.4800,19
2018-08-16 09:56:31,204.8200,2
2018-08-16 09:56:32,201.2500,1
2018-08-16 09:56:33,203.6500,20
2018-08-16 09:56:34,198.9000,20
2018-08-16 09:56:35,198.8900,1
2018-08-16 09:56:36,198.8800,20
2018-08-16 09:56:37,198.8900,20
2018-08-16 09:56:38,198.9000,1
2018-08-16 09:56:39,201.8400,1
2018-08-16 09:56:40,198.9100,20
2018-08-16 09:56:41,202.7200,1
2018-08-16 09:56:42,204.3400,1
2018-08-16 09:56:43,204.3400,2
2018-08-16 09:56:44,205.4900,20
2018-08-16 09:56:45,204.3600,1
2018-08-16 09:56:46,205.4900,20
2018-08-16 09:56:47,205.4900,1
2018-08-16 09:56:48,205.9000,1
2018-08-16 09:56:49,205.9000,20
2018-08-16 09:56:50,205.9100,2
2018-08-16 09:56:51,202.8200,1
2018-08-16 09:56:52,202.8200,1
2018-08-16 09:56:53,202.8200,1
2018-08-16 09:56:54,202.8200,20
2018-08-16 09:56:55,204.8100,1
2018-08-16 09:56:56,204.8300,1
2018-08-16 09:56:57,204.8300,4
2018-08-16 09:56:58,202.7500,1
2018-08-16 09:56:59,202.7500,14
2018-08-16 09:57:00,202.7500,1
2018-08-16 09:57:01,202.2600,1
2018-08-16 09:57:02,203.2200,20
2018-08-16 09:57:03,204.6700,20
2018-08-16 09:57:04,204.6400,1
2018-08-16 09:57:05,205.5200,3
2018-08-16 09:57:06,206.4700,1
2018-08-16 09:57:07,206.9200,15
2018-08-16 09:57:08,206.9400,20
2018-08-16 09:57:09,206.4900,1
2018-08-16 09:57:10,203.3200,20
2018-08-16 09:57:11,203.3200,20
2018-08-16 09:57:12,206.9200,9
2018-08-16 09:57:13,203.3200,17
2018-08-16 09:57:14,203.3300,1
2018-08-16 09:57:15,203.3400,2
2018-08-16 09:57:16,206.0200,20
2018-08-16 09:57:17,206.0200,1
2018-08-16 09:57:18,206.0200,1
2018-08-16 09:57:19,201.1700,1
2018-08-16 09:57:20,206.0200,1
2018-08-16 09:57:21,201.1700,20
2018-08-16 09:57:22,204.9100,1
2018-08-16 09:57:23,204.9500,4
2018-08-16 09:57:24,201.7200,20
2018-08-16 09:57:25,201.7200,1
2018-08-16 09:57:26,199.5200,1
2018-08-16 09:57:27,202.0000,1
2018-08-16 09:57:28,203.3900,1
2018-08-16 09:57:29,200.8600,4
2018-08-16 09:57:30,200.8100,4
2018-08-16 09:57:31,200.8000,1
2018-08-16 09:57:32,200.8000,1
2018-08-16 09:57:33,199.0300,1
2018-08-16 09:57:34,199.0200,1
2018-08-16 09:57:35,199.0200,1
2018-08-16 09:57:36,199.0300,13
2018-08-16 09:57:37,199.0300,13
2018-08-16 09:57:38,199.0300,13
2018-08-16 09:57:39,199.0300,20
2018-08-16 09:57:40,199.0200,19
2018-08-16 09:57:41,197.3000,1
2018-08-16 09:57:42,197.3000,20
2018-08-16 09:57:43,199.0100,1
2018-08-16 09:57:44,197.1400,1
2018-08-16 09:57:45,197.1400,20
2018-08-16 09:57:46,197.1400,1
2018-08-16 09:57:48,197.7800,1
2018-08-16 09:57:49,197.7700,20
2018-08-16 09:57:50,197.7600,4
2018-08-16 09:57:51,196.8600,20
2018-08-16 09:57:52,200.2000,20
2018-08-16 09:57:53,196.8600,1
2018-08-16 09:57:54,201.3800,1
2018-08-16 09:57:55,196.8900,1
2018-08-16 09:57:57,200.2200,1
2018-08-16 09:57:58,198.9600,7
2018-08-16 09:57:59,198.9600,1
2018-08-16 09:58:00,199.2500,1
2018-08-16 09:58:01,199.2700,20
2018-08-16 09:58:02,199.2600,1
2018-08-16 09:58:03,199.2800,2
2018-08-16 09:58:04,199.2800,1
2018-08-16 09:58:05,199.1800,1
2018-08-16 09:58:06,199.0200,3
2018-08-16 09:58:07,198.9100,1
2018-08-16 09:58:08,203.1700,16
2018-08-16 09:58:09,202.2900,1
2018-08-16 09:58:10,199.5600,1
2018-08-16 09:58:11,198.9100,1
2018-08-16 09:58:12,197.8700,20
2018-08-16 09:58:13,197.8700,1
2018-08-16 09:58:14,202.0100,1
2018-08-16 09:58:15,202.0300,1
2018-08-16 09:58:16,202.0300,1
2018-08-16 09:58:17,201.9600,1
2018-08-16 09:58:18,203.8100,20
2018-08-16 09:58:19,204.4100,4
2018-08-16 09:58:20,199.5000,1
2018-08-16 09:58:21,202.7800,1
2018-08-16 09:58:22,201.5300,1
2018-08-16 09:58:23,202.7800,20
2018-08-16 09:58:24,202.7700,1
2018-08-16 09:58:25,202.8000,14
2018-08-16 09:58:26,202.7900,1
2018-08-16 09:58:27,204.3700,4
2018-08-16 09:58:28,202.8000,1
2018-08-16 09:58:29,202.7700,20
2018-08-16 09:58:30,202.7700,1
2018-08-16 09:58:31,202.7700,1
2018-08-16 09:58:32,200.3900,20
2018-08-16 09:58:33,202.7600,20
2018-08-16 09:58:34,202.7600,1
2018-08-16 09:58:36,202.7600,1
2018-08-16 09:58:38,202.7500,11
2018-08-16 09:58:39,199.2500,1
2018-08-16 09:58:40,199.2700,11
2018-08-16 09:58:41,199.2600,1
2018-08-16 09:58:42,199.2600,1
2018-08-16 09:58:43,199.2500,1
2018-08-16 09:58:44,200.0900,1
2018-08-16 09:58:45,201.6500,1
2018-08-16 09:58:46,201.6500,14
2018-08-16 09:58:47,201.6500,20
2018-08-16 09:58:48,199.2700,1
2018-08-16 09:58:49,202.7300,1
2018-08-16 09:58:50,199.2500,1
2018-08-16 09:58:51,198.7500,1
2018-08-16 09:58:52,198.7500,1
2018-08-16 09:58:53,198.7500,20
2018-08-16 09:58:54,204.4100,1
2018-08-16 09:58:55,204.4100,3
2018-08-16 09:58:56,203.8700,1
2018-08-16 09:58:57,203.5500,1
2018-08-16 09:58:58,199.3400,1
2018-08-16 09:58:59,199.3900,1
2018-08-16 09:59:00,199.3700,3
2018-08-16 09:59:01,197.9600,1
2018-08-16 09:59:02,196.6500,1
2018-08-16 09:59:03,196.5300,1
2018-08-16 09:59:04,196.5300,1
2018-08-16 09:59:05,196.5100,8
2018-08-16 09:59:06,196.5300,1
2018-08-16 09:59:07,196.3200,4
2018-08-16 09:59:08,200.5000,4
2018-08-16 09:59:09,199.8800,20
2018-08-16 09:59:10,199.0100,1
2018-08-16 09:59:11,197.7800,1
2018-08-16 09:59:12,197.7800,1
2018-08-16 09:59:13,197.7600,1
2018-08-16 09:59:14,197.7600,1
2018-08-16 09:59:15,200.8300,20
2018-08-16 09:59:16,201.1900,1
2018-08-16 09:59:17,201.1900,20
2018-08-16 09:59:18,199.2600,20
2018-08-16 09:59:19,201.1800,3
2018-08-16 09:59:20,202.5500,1
2018-08-16 09:59:21,199.2600,1
2018-08-16 09:59:22,199.2600,20
2018-08-16 09:59:23,199.2700,1
2018-08-16 09:59:24,202.5400,4
2018-08-16 09:59:25,201.1800,5
2018-08-16 09:59:26,202.6600,1
2018-08-16 09:59:27,202.6200,1
2018-08-16 09:59:28,202.6200,1
2018-08-16 09:59:29,207.2000,20
2018-08-16 09:59:30,201.7500,11
2018-08-16 09:59:31,203.7500,1
2018-08-16 09:59:32,204.2500,1
2018-08-16 09:59:33,203.7700,1
2018-08-16 09:59:34,199.4100,16
2018-08-16 09:59:35,199.4100,1
2018-08-16 09:59:36,199.4100,16
2018-08-16 09:59:37,198.0100,20
2018-08-16 09:59:38,198.0000,20
2018-08-16 09:59:39,199.4100,4
2018-08-16 09:59:40,201.0500,1
2018-08-16 09:59:41,198.0000,1
2018-08-16 09:59:42,200.5100,20
2018-08-16 09:59:43,199.4500,20
2018-08-16 09:59:44,199.4300,20
2018-08-16 09:59:46,201.5500,1
2018-08-16 09:59:47,200.2100,20
2018-08-16 09:59:48,202.5800,1
2018-08-16 09:59:49,200.2200,4
2018-08-16 09:59:50,200.2300,1
2018-08-16 09:59:51,202.6200,3
2018-08-16 09:59:52,200.2800,20
2018-08-16 09:59:53,200.2800,1
2018-08-16 09:59:54,202.5400,3
2018-08-16 09:59:55,200.2900,1
2018-08-16 09:59:56,200.2700,5
2018-08-16 09:59:57,200.2600,1
2018-08-16 09:59:58,202.6300,1
2018-08-16 09:59:59,202.6400,1
2018-08-16 10:00:00,202.6100,1
2018-08-16 10:00:01,202.6700,4
2018-08-16 10:00:02,202.6800,1
2018-08-16 10:00:03,202.6500,20
2018-08-16 10:00:04,200.2900,1
2018-08-16 10:00:05,200.2900,1
2018-08-16 10:00:06,200.3200,1
2018-08-16 10:00:07,200.3200,1
2018-08-16 10:00:08,197.5300,4
2018-08-16 10:00:09,197.5500,4
2018-08-16 10:00:10,200.3200,1
2018-08-16 10:00:11,200.7400,1
2018-08-16 10:00:12,198.6200,1
2018-08-16 10:00:13,199.7100,20
2018-08-16 10:00:14,199.7100,20
2018-08-16 10:00:15,203.6700,1
2018-08-16 10:00:16,199.1700,4
2018-08-16 10:00:17,200.2700,1
2018-08-16 10:00:18,202.5300,19
2018-08-16 10:00:19,200.2700,1
2018-08-16 10:00:20,202.5300,1
2018-08-16 10:00:21,202.5300,20
2018-08-16 10:00:22,201.3900,4
2018-08-16 10:00:23,201.7900,4
2018-08-16 10:00:25,203.5900,1
2018-08-16 10:00:26,203.0600,1
2018-08-16 10:00:27,203.4000,1
2018-08-16 10:00:28,203.4000,1
2018-08-16 10:00:29,203.4000,1
2018-08-16 10:00:30,203.3900,1
2018-08-16 10:00:31,203.3900,1
2018-08-16 10:00:32,203.3900,1
2018-08-16 10:00:33,200.7900,20
2018-08-16 10:00:34,200.8000,1
2018-08-16 10:00:35,202.9600,20
2018-08-16 10:00:36,199.7300,1
2018-08-16 10:00:37,199.7200,20
2018-08-16 10:00:38,199.7300,20
2018-08-16 10:00:39,199.7300,20
2018-08-16 10:00:40,199.7300,1
2018-08-16 10:00:41,199.7400,20
2018-08-16 10:00:42,199.7400,20
2018-08-16 10:00:43,202.9800,4
2018-08-16 10:00:44,199.7100,1
2018-08-16 10:00:46,199.7100,1
2018-08-16 10:00:47,198.4300,1
2018-08-16 10:00:48,198.4300,1
2018-08-16 10:00:49,200.9300,20
2018-08-16 10:00:50,200.9300,1
2018-08-16 10:00:51,200.9300,1
2018-08-16 10:00:52,200.2500,1
2018-08-16 10:00:53,200.9300,20
2018-08-16 10:00:54,200.2500,19
2018-08-16 10:00:55,198.3600,1
2018-08-16 10:00:56,198.8200,20
2018-08-16 10:00:57,198.8000,7
2018-08-16 10:00:58,198.7900,8
2018-08-16 10:00:59,201.4100,4
2018-08-16 10:01:00,198.3700,1
2018-08-16 10:01:01,198.3800,3
2018-08-16 10:01:02,197.5700,1
2018-08-16 10:01:03,198.3400,20
2018-08-16 10:01:04,200.2800,1
2018-08-16 10:01:05,200.2400,4
2018-08-16 10:01:06,196.5100,20
2018-08-16 10:01:07,196.4900,20
2018-08-16 10:01:08,199.9000,20
2018-08-16 10:01:09,199.9100,1
2018-08-16 10:01:10,199.9000,1
2018-08-16 10:01:11,199.9100,1
2018-08-16 10:01:12,198.3600,20
2018-08-16 10:01:13,199.8900,20
2018-08-16 10:01:14,198.3600,1
2018-08-16 10:01:15,198.3600,1
2018-08-16 10:01:16,198.3600,1
2018-08-16 10:01:17,198.3700,1
2018-08-16 10:01:18,199.8800,1
2018-08-16 10:01:19,198.3700,1
2018-08-16 10:01:20,199.8800,1
2018-08-16 10:01:21,199.8700,12
2018-08-16 10:01:22,198.3900,6
2018-08-16 10:01:23,198.3900,1
2018-08-16 10:01:25,197.8600,4
2018-08-16 10:01:26,197.8800,20
2018-08-16 10:01:27,197.8800,20
2018-08-16 10:01:28,197.8600,4
2018-08-16 10:01:29,202.7500,1
2018-08-16 10:01:30,204.2500,1
2018-08-16 10:01:31,204.2400,1
2018-08-16 10:01:32,204.2400,4
2018-08-16 10:01:33,206.1700,20
2018-08-16 10:01:34,205.9100,1
2018-08-16 10:01:35,205.9100,1
2018-08-16 10:01:36,205.9000,1
2018-08-16 10:01:37,202.6800,1
2018-08-16 10:01:38,202.6800,1
2018-08-16 10:01:39,200.3400,1
2018-08-16 10:01:40,201.5900,1
2018-08-16 10:01:41,200.3400,1
2018-08-16 10:01:42,200.3400,20
2018-08-16 10:01:43,201.5900,2
2018-08-16 10:01:44,199.1200,20
2018-08-16 10:01:45,199.1300,19
2018-08-16 10:01:46,201.8100,1
2018-08-16 10:01:47,201.8100,20
2018-08-16 10:01:48,197.2600,20
2018-08-16 10:01:49,197.2700,4
2018-08-16 10:01:50,198.1900,1
2018-08-16 10:01:51,198.3100,1
2018-08-16 10:01:52,198.1900,1
2018-08-16 10:01:53,198.1900,19
2018-08-16 10:01:54,198.2000,1
2018-08-16 10:01:55,198.2000,1
2018-08-16 10:01:56,198.2000,1
2018-08-16 10:01:57,198.1900,1
2018-08-16 10:01:58,198.1900,1
2018-08-16 10:01:59,198.1700,1
2018-08-16 10:02:01,198.2000,20
2018-08-16 10:02:02,198.2000,20
2018-08-16 10:02:03,196.7800,20
2018-08-16 10:02:04,196.7800,20
2018-08-16 10:02:05,197.0300,1
2018-08-16 10:02:06,197.0100,20
2018-08-16 10:02:07,197.0100,20
2018-08-16 10:02:08,198.4900,1
2018-08-16 10:02:09,200.0800,1
2018-08-16 10:02:10,198.4900,13
2018-08-16 10:02:11,198.4900,20
2018-08-16 10:02:12,198.4900,1
2018-08-16 10:02:13,198.5000,1
2018-08-16 10:02:15,198.5000,20
2018-08-16 10:02:16,198.5500,4
2018-08-16 10:02:17,198.5000,19
2018-08-16 10:02:18,198.5000,19
2018-08-16 10:02:19,198.5000,19
2018-08-16 10:02:20,198.8700,1
2018-08-16 10:02:21,198.9600,1
2018-08-16 10:02:22,198.9600,20
2018-08-16 10:02:23,198.8700,1
2018-08-16 10:02:24,198.9600,1
2018-08-16 10:02:25,198.8800,20
2018-08-16 10:02:26,198.8800,20
2018-08-16 10:02:27,197.6800,1
2018-08-16 10:02:28,201.2400,1
2018-08-16 10:02:29,198.8800,20
2018-08-16 10:02:30,198.8900,1
2018-08-16 10:02:31,202.0300,1
2018-08-16 10:02:32,202.0300,2
2018-08-16 10:02:33,199.7100,1
2018-08-16 10:02:34,201.6600,20
2018-08-16 10:02:35,201.6600,1
2018-08-16 10:02:36,201.4600,1
2018-08-16 10:02:37,203.7800,20
2018-08-16 10:02:38,203.3100,2
2018-08-16 10:02:39,203.7600,20
2018-08-16 10:02:40,203.7600,1
2018-08-16 10:02:41,203.7700,19
2018-08-16 10:02:42,201.0600,2
2018-08-16 10:02:43,203.7600,3
2018-08-16 10:02:44,203.7600,20
2018-08-16 10:02:45,203.7500,1
2018-08-16 10:02:46,200.1000,1
2018-08-16 10:02:47,203.7500,1
2018-08-16 10:02:48,203.7700,1
2018-08-16 10:02:49,203.7900,17
2018-08-16 10:02:50,203.7900,1
2018-08-16 10:02:51,201.5100,1
2018-08-16 10:02:52,203.7500,1
2018-08-16 10:02:53,203.7500,1
2018-08-16 10:02:54,203.7900,1
2018-08-16 10:02:55,201.0900,4
2018-08-16 10:02:56,203.8000,20
2018-08-16 10:02:57,203.7900,1
2018-08-16 10:02:58,203.7100,1
2018-08-16 10:02:59,203.7900,20
2018-08-16 10:03:00,203.8000,1
2018-08-16 10:03:01,201.0800,4
2018-08-16 10:03:02,202.4300,1
2018-08-16 10:03:03,199.9100,20
2018-08-16 10:03:04,199.9100,1
2018-08-16 10:03:05,199.7300,4
2018-08-16 10:03:06,199.9100,1
2018-08-16 10:03:07,201.7900,1
2018-08-16 10:03:08,199.0100,20
2018-08-16 10:03:09,199.0300,1
2018-08-16 10:03:10,199.0300,1
2018-08-16 10:03:11,199.0300,20
2018-08-16 10:03:12,199.0300,1
2018-08-16 10:03:13,198.2800,1
2018-08-16 10:03:14,199.0300,20
2018-08-16 10:03:15,198.8100,4
2018-08-16 10:03:16,198.7700,4
2018-08-16 10:03:17,198.2800,20
2018-08-16 10:03:18,198.2800,20
2018-08-16 10:03:19,197.8300,1
2018-08-16 10:03:20,197.8300,1
2018-08-16 10:03:21,197.8400,1
2018-08-16 10:03:22,198.1800,1
2018-08-16 10:03:23,197.8400,20
2018-08-16 10:03:24,197.8500,2
2018-08-16 10:03:25,197.8500,1
2018-08-16 10:03:26,197.8500,1
2018-08-16 10:03:27,202.1000,4
2018-08-16 10:03:28,197.8600,2
2018-08-16 10:03:29,201.0900,2
2018-08-16 10:03:30,197.8600,20
2018-08-16 10:03:31,197.8600,1
2018-08-16 10:03:32,197.8600,1
2018-08-16 10:03:33,201.1000,20
2018-08-16 10:03:34,201.1000,1
2018-08-16 10:03:35,197.8700,20
2018-08-16 10:03:37,198.1800,1
2018-08-16 10:03:38,199.4900,4
2018-08-16 10:03:39,199.4900,4
2018-08-16 10:03:40,198.8300,1
2018-08-16 10:03:41,201.1800,1
2018-08-16 10:03:42,198.0300,1
2018-08-16 10:03:43,198.1700,1
2018-08-16 10:03:44,197.1800,1
2018-08-16 10:03:45,197.2200,1
2018-08-16 10:03:46,196.5800,1
2018-08-16 10:03:47,196.9000,1
2018-08-16 10:03:48,196.9100,8
2018-08-16 10:03:49,196.8900,19
2018-08-16 10:03:50,199.7300,1
2018-08-16 10:03:51,196.9300,5
2018-08-16 10:03:52,202.3100,3
2018-08-16 10:03:53,199.2300,1
2018-08-16 10:03:54,199.2600,3
2018-08-16 10:03:55,199.7500,1
2018-08-16 10:03:56,202.3100,20
2018-08-16 10:03:57,199.7500,1
2018-08-16 10:03:58,199.7500,20
2018-08-16 10:03:59,199.7600,18
2018-08-16 10:04:00,199.7600,6
2018-08-16 10:04:02,200.3300,1
2018-08-16 10:04:03,199.2000,4
2018-08-16 10:04:04,199.2000,8
2018-08-16 10:04:05,199.2200,1
2018-08-16 10:04:06,199.2000,1
2018-08-16 10:04:07,199.2000,1
2018-08-16 10:04:08,199.2000,20
2018-08-16 10:04:09,199.2000,1
2018-08-16 10:04:10,197.9700,20
2018-08-16 10:04:11,197.9700,20
2018-08-16 10:04:12,199.2000,4
2018-08-16 10:04:13,199.1700,1
2018-08-16 10:04:14,199.1700,1
2018-08-16 10:04:17,199.2200,1
2018-08-16 10:04:18,198.1300,1
2018-08-16 10:04:19,199.1900,1
2018-08-16 10:04:20,201.1500,20
2018-08-16 10:04:21,201.1600,1
2018-08-16 10:04:22,202.6500,2
2018-08-16 10:04:23,201.1600,1
2018-08-16 10:04:24,201.1500,20
2018-08-16 10:04:25,201.1600,1
2018-08-16 10:04:26,203.2800,1
2018-08-16 10:04:27,204.0400,1
2018-08-16 10:04:28,199.3000,6
2018-08-16 10:04:30,199.6500,1
2018-08-16 10:04:31,202.2100,2
2018-08-16 10:04:32,199.6700,1
2018-08-16 10:04:33,199.6500,1
2018-08-16 10:04:34,202.2300,4
2018-08-16 10:04:35,202.2100,2
2018-08-16 10:04:36,202.1900,4
2018-08-16 10:04:37,199.8300,14
2018-08-16 10:04:38,198.4600,20
2018-08-16 10:04:39,198.4600,1
2018-08-16 10:04:40,198.4700,1
2018-08-16 10:04:41,197.4000,1
2018-08-16 10:04:42,197.4000,9
2018-08-16 10:04:43,197.3800,1
2018-08-16 10:04:44,197.4000,1
2018-08-16 10:04:45,197.4000,1
2018-08-16 10:04:46,197.4000,20
2018-08-16 10:04:47,197.4000,1
2018-08-16 10:04:48,197.4000,4
2018-08-16 10:04:49,197.4100,1
2018-08-16 10:04:50,200.9500,1
2018-08-16 10:04:51,200.9500,20
2018-08-16 10:04:52,200.9500,20
2018-08-16 10:04:53,197.4100,6
2018-08-16 10:04:54,197.4200,20
2018-08-16 10:04:55,200.9500,20
2018-08-16 10:04:56,200.9400,1
2018-08-16 10:04:57,201.8800,4
2018-08-16 10:04:58,200.9400,20
2018-08-16 10:04:59,197.4300,15
2018-08-16 10:05:00,197.4400,17
2018-08-16 10:05:01,197.9100,1
2018-08-16 10:05:04,199.0300,20
2018-08-16 10:05:05,202.1500,1
2018-08-16 10:05:06,200.9800,20
2018-08-16 10:05:07,200.9800,20
2018-08-16 10:05:08,201.1400,1
2018-08-16 10:05:09,201.1400,1
2018-08-16 10:05:10,203.1000,1
2018-08-16 10:05:11,203.1000,20
2018-08-16 10:05:12,201.8600,1
2018-08-16 10:05:13,203.1000,12
2018-08-16 10:05:14,203.7300,1
2018-08-16 10:05:15,203.7300,20
2018-08-16 10:05:16,203.7400,1
2018-08-16 10:05:17,205.3600,1
2018-08-16 10:05:18,205.3500,1
2018-08-16 10:05:19,205.3500,19
2018-08-16 10:05:20,205.3600,1
2018-08-16 10:05:21,205.3600,20
2018-08-16 10:05:22,198.2100,20
2018-08-16 10:05:23,198.2100,20
2018-08-16 10:05:24,200.3000,20
2018-08-16 10:05:25,202.2500,4
2018-08-16 10:05:26,202.2500,3
2018-08-16 10:05:27,203.1400,1
2018-08-16 10:05:28,204.4100,9
2018-08-16 10:05:29,203.3700,4
2018-08-16 10:05:30,203.1700,20
2018-08-16 10:05:31,203.1700,20
2018-08-16 10:05:32,200.6400,1
2018-08-16 10:05:33,200.1900,1
2018-08-16 10:05:34,200.2000,4
2018-08-16 10:05:35,200.2100,1
2018-08-16 10:05:36,202.7100,1
2018-08-16 10:05:37,199.4700,1
2018-08-16 10:05:38,199.2100,1
2018-08-16 10:05:39,199.4700,1
2018-08-16 10:05:40,202.7100,1
2018-08-16 10:05:41,199.9500,1
2018-08-16 10:05:42,200.6400,3
2018-08-16 10:05:43,203.3600,20
2018-08-16 10:05:44,203.3400,20
2018-08-16 10:05:45,202.2200,20
2018-08-16 10:05:46,202.2300,20
2018-08-16 10:05:47,203.3700,8
2018-08-16 10:05:48,202.2400,1
2018-08-16 10:05:49,202.2400,1
2018-08-16 10:05:50,202.2400,1
2018-08-16 10:05:51,202.2500,1
2018-08-16 10:05:52,202.2600,13
2018-08-16 10:05:53,204.3900,1
2018-08-16 10:05:54,203.3800,1
2018-08-16 10:05:55,201.1600,4
2018-08-16 10:05:56,203.3600,1
2018-08-16 10:05:57,202.7700,4
2018-08-16 10:05:58,203.9800,20
2018-08-16 10:05:59,200.8000,1
2018-08-16 10:06:00,203.9800,1
2018-08-16 10:06:01,203.9800,1
2018-08-16 10:06:02,200.8100,9
2018-08-16 10:06:03,200.8100,1
2018-08-16 10:06:04,203.9800,6
2018-08-16 10:06:05,203.9700,20
2018-08-16 10:06:06,203.9700,1
2018-08-16 10:06:07,200.8100,20
2018-08-16 10:06:08,200.8100,1
2018-08-16 10:06:09,203.9600,20
2018-08-16 10:06:10,203.9600,1
2018-08-16 10:06:11,204.0800,1
2018-08-16 10:06:12,199.9800,1
2018-08-16 10:06:13,199.9800,1
2018-08-16 10:06:14,203.2700,1
2018-08-16 10:06:15,203.0800,20
2018-08-16 10:06:16,203.0700,1
2018-08-16 10:06:17,203.0600,1
2018-08-16 10:06:18,203.0600,4
2018-08-16 10:06:19,204.3200,20
2018-08-16 10:06:20,203.0800,1
2018-08-16 10:06:21,203.9000,3
2018-08-16 10:06:22,204.0800,16
2018-08-16 10:06:23,201.0100,1
2018-08-16 10:06:24,201.0100,1
2018-08-16 10:06:25,205.3400,1
2018-08-16 10:06:26,205.3400,1
2018-08-16 10:06:27,201.0100,2
2018-08-16 10:06:28,201.0200,1
2018-08-16 10:06:29,205.3400,1
2018-08-16 10:06:30,205.3400,20
2018-08-16 10:06:32,201.0200,1
2018-08-16 10:06:33,205.3400,1
2018-08-16 10:06:34,204.6300,1
2018-08-16 10:06:35,200.6500,2
2018-08-16 10:06:36,204.6300,20
2018-08-16 10:06:37,200.6600,1
2018-08-16 10:06:38,204.6300,20
2018-08-16 10:06:39,204.1300,20
2018-08-16 10:06:40,204.1300,20
2018-08-16 10:06:41,204.1200,1
2018-08-16 10:06:42,204.1500,11
2018-08-16 10:06:43,205.2600,4
2018-08-16 10:06:44,204.1600,13
2018-08-16 10:06:45,204.6700,19
2018-08-16 10:06:46,201.5300,1
2018-08-16 10:06:47,201.5300,20
2018-08-16 10:06:48,200.6000,20
2018-08-16 10:06:49,200.6000,1
2018-08-16 10:06:50,200.6000,1
2018-08-16 10:06:51,204.6600,20
2018-08-16 10:06:52,200.6000,15
2018-08-16 10:06:53,200.6100,1
2018-08-16 10:06:54,204.6600,1
2018-08-16 10:06:55,204.6600,1
2018-08-16 10:06:56,200.1500,4
2018-08-16 10:06:58,204.6600,2
2018-08-16 10:06:59,204.1200,20
2018-08-16 10:07:00,200.2600,1
2018-08-16 10:07:01,204.1200,1
2018-08-16 10:07:02,200.1300,4
2018-08-16 10:07:03,200.2700,1
2018-08-16 10:07:04,200.2700,1
2018-08-16 10:07:05,204.1200,1
2018-08-16 10:07:06,200.2800,4
2018-08-16 10:07:07,199.9700,1
2018-08-16 10:07:08,199.9700,20
2018-08-16 10:07:09,203.8600,4
2018-08-16 10:07:10,203.8900,1
2018-08-16 10:07:11,203.8900,2
2018-08-16 10:07:12,205.7200,1
2018-08-16 10:07:13,205.7500,4
2018-08-16 10:07:14,205.7200,20
2018-08-16 10:07:15,205.7200,1
2018-08-16 10:07:16,202.4300,1
2018-08-16 10:07:17,202.4300,1
2018-08-16 10:07:18,202.4500,1
2018-08-16 10:07:19,202.4500,20
2018-08-16 10:07:20,202.2400,4
2018-08-16 10:07:21,200.7500,1
2018-08-16 10:07:22,202.4600,1
2018-08-16 10:07:23,202.4300,1
2018-08-16 10:07:24,201.7600,7
2018-08-16 10:07:25,199.9100,1
2018-08-16 10:07:26,202.4300,1
2018-08-16 10:07:27,201.7600,11
2018-08-16 10:07:28,201.1700,1
2018-08-16 10:07:29,199.9200,4
2018-08-16 10:07:30,201.7700,20
2018-08-16 10:07:31,202.4300,1
2018-08-16 10:07:32,201.7800,1
2018-08-16 10:07:33,201.7900,20
2018-08-16 10:07:34,199.9300,1
2018-08-16 10:07:35,199.9300,1
2018-08-16 10:07:36,203.8000,1
2018-08-16 10:07:37,199.9400,4
2018-08-16 10:07:38,203.8100,1
2018-08-16 10:07:39,203.8100,1
2018-08-16 10:07:40,203.8100,1
2018-08-16 10:07:41,203.8100,4
2018-08-16 10:07:42,201.8000,1
2018-08-16 10:07:43,204.6700,1
2018-08-16 10:07:44,200.3300,1
2018-08-16 10:07:45,200.3400,1
2018-08-16 10:07:46,200.3100,1
2018-08-16 10:07:47,200.3400,1
2018-08-16 10:07:48,202.6900,1
2018-08-16 10:07:49,202.7500,20
2018-08-16 10:07:50,200.3200,20
2018-08-16 10:07:51,202.7400,1
2018-08-16 10:07:52,200.3300,20
2018-08-16 10:07:53,202.7400,1
2018-08-16 10:07:54,202.7400,1
2018-08-16 10:07:55,203.4700,4
2018-08-16 10:07:56,203.5300,1
2018-08-16 10:07:57,199.4500,1
2018-08-16 10:07:58,198.0500,1
2018-08-16 10:07:59,198.0500,1
2018-08-16 10:08:00,197.0700,20
2018-08-16 10:08:01,197.0700,20
2018-08-16 10:08:02,198.0300,1
2018-08-16 10:08:03,198.0300,20
2018-08-16 10:08:04,196.7300,20
2018-08-16 10:08:05,196.7300,1
2018-08-16 10:08:06,199.9400,20
2018-08-16 10:08:07,196.7300,18
2018-08-16 10:08:08,201.2400,20
2018-08-16 10:08:10,200.6900,20
2018-08-16 10:08:11,200.6900,20
2018-08-16 10:08:12,200.6900,1
2018-08-16 10:08:13,197.7200,1
2018-08-16 10:08:14,197.7200,1
2018-08-16 10:08:15,200.6900,1
2018-08-16 10:08:17,200.6800,12
2018-08-16 10:08:18,197.4400,20
2018-08-16 10:08:19,197.4400,1
2018-08-16 10:08:20,197.7700,1
2018-08-16 10:08:21,197.7700,20
2018-08-16 10:08:22,197.8300,1
2018-08-16 10:08:23,197.8300,1
2018-08-16 10:08:24,197.7700,1
2018-08-16 10:08:25,197.7500,20
2018-08-16 10:08:26,197.7600,1
2018-08-16 10:08:27,196.8300,1
2018-08-16 10:08:28,196.8300,1
2018-08-16 10:08:29,197.7400,1
2018-08-16 10:08:30,196.8300,1
2018-08-16 10:08:31,197.7400,1
2018-08-16 10:08:32,197.7700,20
2018-08-16 10:08:33,196.5100,1
2018-08-16 10:08:34,196.8200,20
2018-08-16 10:08:35,196.2900,2
2018-08-16 10:08:36,196.1200,1
2018-08-16 10:08:37,201.7500,4
2018-08-16 10:08:38,204.1000,20
2018-08-16 10:08:39,199.3400,1
2018-08-16 10:08:40,201.6200,1
2018-08-16 10:08:41,201.6600,4
2018-08-16 10:08:42,204.8900,1
2018-08-16 10:08:43,204.8900,20
2018-08-16 10:08:44,202.3400,1
2018-08-16 10:08:46,205.2600,4
2018-08-16 10:08:47,205.4500,1
2018-08-16 10:08:48,204.6400,4
2018-08-16 10:08:49,205.4500,1
2018-08-16 10:08:50,205.4600,20
2018-08-16 10:08:51,205.4500,1
2018-08-16 10:08:52,205.4500,1
2018-08-16 10:08:53,205.4600,19
2018-08-16 10:08:54,205.4500,4
2018-08-16 10:08:55,206.1700,1
2018-08-16 10:08:56,206.1900,1
2018-08-16 10:08:57,206.2000,1
2018-08-16 10:08:58,206.2000,1
2018-08-16 10:08:59,202.7000,20
2018-08-16 10:09:01,201.4800,1
2018-08-16 10:09:02,201.4800,19
2018-08-16 10:09:03,201.4800,14
2018-08-16 10:09:04,201.2300,1
2018-08-16 10:09:05,201.2300,3
2018-08-16 10:09:06,201.2100,4
2018-08-16 10:09:07,201.2400,1
2018-08-16 10:09:08,201.2400,1
2018-08-16 10:09:09,199.2800,1
2018-08-16 10:09:10,203.2700,4
2018-08-16 10:09:11,199.2300,20
2018-08-16 10:09:12,204.1000,4
2018-08-16 10:09:13,206.1900,1
2018-08-16 10:09:14,201.5500,1
2018-08-16 10:09:15,201.5500,1
2018-08-16 10:09:16,199.4600,4
2018-08-16 10:09:17,199.4800,1
2018-08-16 10:09:18,201.5400,1
2018-08-16 10:09:19,201.5400,20
2018-08-16 10:09:20,201.5400,1
2018-08-16 10:09:21,201.0700,1
2018-08-16 10:09:22,203.1300,4
2018-08-16 10:09:23,203.1000,3
2018-08-16 10:09:24,203.1200,20
2018-08-16 10:09:25,203.1000,1
2018-08-16 10:09:26,203.1200,12
2018-08-16 10:09:27,203.0900,1
2018-08-16 10:09:28,202.6300,20
2018-08-16 10:09:29,202.6100,15
2018-08-16 10:09:30,202.6100,1
2018-08-16 10:09:32,201.7600,1
2018-08-16 10:09:33,201.7600,1
2018-08-16 10:09:34,201.7400,20
2018-08-16 10:09:35,202.6200,1
2018-08-16 10:09:36,204.1700,20
2018-08-16 10:09:37,203.6000,20
2018-08-16 10:09:38,202.7200,1
2018-08-16 10:09:39,204.3700,1
2018-08-16 10:09:40,202.7200,1
2018-08-16 10:09:41,202.7200,1
2018-08-16 10:09:42,202.7200,1
2018-08-16 10:09:43,202.7300,1
2018-08-16 10:09:44,202.7300,20
2018-08-16 10:09:45,204.3700,20
2018-08-16 10:09:47,202.8800,1
2018-08-16 10:09:48,204.0200,2
2018-08-16 10:09:49,197.2200,1
2018-08-16 10:09:50,197.9600,1
2018-08-16 10:09:51,199.7700,1
2018-08-16 10:09:52,198.3700,1
2018-08-16 10:09:53,198.3700,5
2018-08-16 10:09:54,198.3600,4
2018-08-16 10:09:55,198.3700,12
2018-08-16 10:09:56,201.2100,20
2018-08-16 10:09:57,201.2000,20
2018-08-16 10:09:58,201.2000,4
2018-08-16 10:09:59,201.2100,1
2018-08-16 10:10:01,199.2000,4
2018-08-16 10:10:02,201.2000,1
2018-08-16 10:10:03,201.9500,1
2018-08-16 10:10:04,201.9500,1
2018-08-16 10:10:05,201.9500,1
2018-08-16 10:10:06,203.4800,3
2018-08-16 10:10:07,203.4200,1
2018-08-16 10:10:08,201.2600,1
2018-08-16 10:10:09,200.3800,1
2018-08-16 10:10:10,200.3800,1
2018-08-16 10:10:11,201.3100,1
2018-08-16 10:10:12,202.7600,1
2018-08-16 10:10:13,200.3800,1
2018-08-16 10:10:14,199.1500,4
2018-08-16 10:10:16,202.8700,4
2018-08-16 10:10:17,202.7600,1
2018-08-16 10:10:18,202.7600,1
2018-08-16 10:10:19,200.2900,1
2018-08-16 10:10:20,202.7800,4
2018-08-16 10:10:21,201.2500,1
2018-08-16 10:10:22,201.2500,3
2018-08-16 10:10:23,199.9600,1
2018-08-16 10:10:24,199.9500,1
2018-08-16 10:10:25,199.9400,1
2018-08-16 10:10:26,198.2900,20
2018-08-16 10:10:27,198.2900,1
2018-08-16 10:10:28,198.2900,1
2018-08-16 10:10:29,198.2900,1
2018-08-16 10:10:31,201.1000,1
2018-08-16 10:10:32,197.1300,1
2018-08-16 10:10:33,203.1400,20
2018-08-16 10:10:34,203.1400,14
2018-08-16 10:10:35,200.4400,1
2018-08-16 10:10:36,202.1200,1
2018-08-16 10:10:37,202.6300,1
2018-08-16 10:10:38,200.6300,1
2018-08-16 10:10:39,198.7600,1
2018-08-16 10:10:40,198.7600,1
2018-08-16 10:10:41,198.1200,1
2018-08-16 10:10:42,198.1000,1
2018-08-16 10:10:43,197.0000,1
2018-08-16 10:10:44,197.0400,4
2018-08-16 10:10:45,198.1200,1
2018-08-16 10:10:46,198.1300,4
2018-08-16 10:10:47,198.1200,18
2018-08-16 10:10:48,198.1200,1
2018-08-16 10:10:49,198.1200,1
2018-08-16 10:10:50,196.6300,1
2018-08-16 10:10:51,197.0600,1
2018-08-16 10:10:52,198.1200,1
2018-08-16 10:10:53,198.1200,1
2018-08-16 10:10:54,198.1000,20
2018-08-16 10:10:55,198.1000,20
2018-08-16 10:10:56,199.5500,19
2018-08-16 10:10:57,199.5500,1
2018-08-16 10:10:58,197.9100,1
2018-08-16 10:10:59,197.9100,1
2018-08-16 10:11:00,198.1000,11
2018-08-16 10:11:01,199.3500,1
2018-08-16 10:11:02,196.9400,4
2018-08-16 10:11:03,197.0000,12
2018-08-16 10:11:04,197.0000,1
2018-08-16 10:11:05,197.0000,1
2018-08-16 10:11:06,197.0000,20
2018-08-16 10:11:07,196.6800,20
2018-08-16 10:11:08,196.6800,20
2018-08-16 10:11:09,199.1500,1
2018-08-16 10:11:10,201.4500,20
2018-08-16 10:11:11,201.9100,20
2018-08-16 10:11:12,203.3300,16
2018-08-16 10:11:13,203.3300,1
2018-08-16 10:11:14,203.9900,1
2018-08-16 10:11:15,204.0100,1
2018-08-16 10:11:16,201.5100,4
2018-08-16 10:11:17,205.1000,20
2018-08-16 10:11:18,203.1400,20
2018-08-16 10:11:19,203.1400,20
2018-08-16 10:11:20,203.1500,1
2018-08-16 10:11:21,204.4800,20
2018-08-16 10:11:22,199.1300,1
2018-08-16 10:11:23,200.9500,20
2018-08-16 10:11:24,198.9600,1
2018-08-16 10:11:25,202.6900,4
2018-08-16 10:11:26,202.7100,17
2018-08-16 10:11:27,202.7000,1
2018-08-16 10:11:28,201.6200,3
2018-08-16 10:11:29,202.7200,3
2018-08-16 10:11:30,203.4100,1
2018-08-16 10:11:31,202.3900,20
2018-08-16 10:11:32,201.7600,4
2018-08-16 10:11:33,205.9100,4
2018-08-16 10:11:34,205.4500,20
2018-08-16 10:11:35,205.4700,20
2018-08-16 10:11:36,205.7500,1
2018-08-16 10:11:37,205.7500,20
2018-08-16 10:11:38,206.0900,1
2018-08-16 10:11:39,202.5800,1
2018-08-16 10:11:40,202.4300,3
2018-08-16 10:11:41,207.2000,1
2018-08-16 10:11:42,207.1200,3
2018-08-16 10:11:43,207.2000,20
2018-08-16 10:11:44,207.1900,1
2018-08-16 10:11:45,207.1900,1
2018-08-16 10:11:46,207.1900,1
2018-08-16 10:11:47,207.1900,1
2018-08-16 10:11:48,203.9800,20
2018-08-16 10:11:49,203.9900,1
2018-08-16 10:11:50,203.9900,1
2018-08-16 10:11:51,207.1900,14
2018-08-16 10:11:52,203.9900,9
2018-08-16 10:11:53,207.1900,20
2018-08-16 10:11:54,207.1900,17
2018-08-16 10:11:55,207.1800,20
2018-08-16 10:11:56,204.0000,1
2018-08-16 10:11:57,204.0100,1
2018-08-16 10:11:58,207.1700,1
2018-08-16 10:11:59,202.2300,1
2018-08-16 10:12:00,206.2100,1
2018-08-16 10:12:01,202.2500,11
2018-08-16 10:12:02,202.2100,1
2018-08-16 10:12:03,202.2200,19
2018-08-16 10:12:04,203.8300,20
2018-08-16 10:12:05,202.2600,8
2018-08-16 10:12:06,203.8200,1
2018-08-16 10:12:07,203.8200,1
2018-08-16 10:12:08,203.8300,2
2018-08-16 10:12:09,203.8300,2
2018-08-16 10:12:10,206.3900,1
2018-08-16 10:12:11,207.2000,18
2018-08-16 10:12:12,205.5100,4
2018-08-16 10:12:13,203.8700,1
2018-08-16 10:12:14,205.5100,20
2018-08-16 10:12:15,204.9700,20
2018-08-16 10:12:16,204.9700,20
2018-08-16 10:12:17,201.6800,4
2018-08-16 10:12:18,204.9600,1
2018-08-16 10:12:19,205.1100,1
2018-08-16 10:12:20,205.1000,20
2018-08-16 10:12:21,201.8500,1
2018-08-16 10:12:22,199.6100,1
2018-08-16 10:12:23,199.6100,20
2018-08-16 10:12:24,199.6100,18
2018-08-16 10:12:25,201.8500,20
2018-08-16 10:12:26,202.5100,20
2018-08-16 10:12:28,198.7600,1
2018-08-16 10:12:29,198.8200,20
2018-08-16 10:12:30,201.4600,1
2018-08-16 10:12:31,201.4600,16
2018-08-16 10:12:32,197.9300,20
2018-08-16 10:12:33,197.9300,20
2018-08-16 10:12:34,200.7800,4
2018-08-16 10:12:35,200.8400,1
2018-08-16 10:12:36,198.8900,1
2018-08-16 10:12:37,198.8700,1
2018-08-16 10:12:38,198.8900,1
2018-08-16 10:12:39,198.9000,12
2018-08-16 10:12:40,198.9000,12
2018-08-16 10:12:41,199.8600,4
2018-08-16 10:12:42,198.9000,7
2018-08-16 10:12:43,197.5300,1
2018-08-16 10:12:44,197.5500,1
2018-08-16 10:12:45,198.1700,4
2018-08-16 10:12:46,200.5600,1
2018-08-16 10:12:47,197.5500,20
2018-08-16 10:12:48,197.5500,20
2018-08-16 10:12:49,197.6500,1
2018-08-16 10:12:50,197.6500,20
2018-08-16 10:12:51,197.5600,1
2018-08-16 10:12:53,196.6600,1
2018-08-16 10:12:54,197.6500,20
2018-08-16 10:12:55,197.6500,19
2018-08-16 10:12:56,199.6000,1
2018-08-16 10:12:57,199.6000,1
2018-08-16 10:12:58,200.9900,7
2018-08-16 10:12:59,196.6500,4
2018-08-16 10:13:00,200.9900,20
2018-08-16 10:13:01,199.0700,1
2018-08-16 10:13:02,201.0000,4
2018-08-16 10:13:03,199.0700,20
2018-08-16 10:13:04,197.1700,1
2018-08-16 10:13:05,197.1600,1
2018-08-16 10:13:06,197.1600,20
2018-08-16 10:13:07,197.1700,20
2018-08-16 10:13:08,197.1700,1
2018-08-16 10:13:09,197.1600,1
2018-08-16 10:13:10,200.3100,1
2018-08-16 10:13:11,197.1800,20
2018-08-16 10:13:12,197.1800,20
2018-08-16 10:13:13,197.1900,5
2018-08-16 10:13:14,197.1900,5
2018-08-16 10:13:15,199.6800,20
2018-08-16 10:13:16,202.7500,1
2018-08-16 10:13:17,202.8600,20
2018-08-16 10:13:18,202.8600,1
2018-08-16 10:13:19,201.0200,1
2018-08-16 10:13:20,201.0200,1
2018-08-16 10:13:21,201.0200,20
2018-08-16 10:13:22,201.0200,20
2018-08-16 10:13:23,201.0300,1
2018-08-16 10:13:24,202.8500,1
2018-08-16 10:13:25,202.8500,20
2018-08-16 10:13:26,201.0300,20
2018-08-16 10:13:27,203.6300,20
2018-08-16 10:13:28,201.0400,7
2018-08-16 10:13:29,201.0400,1
2018-08-16 10:13:30,201.0400,20
2018-08-16 10:13:31,201.2000,20
2018-08-16 10:13:32,201.9400,1
2018-08-16 10:13:33,199.5600,1
2018-08-16 10:13:34,203.9000,1
2018-08-16 10:13:35,203.9000,1
2018-08-16 10:13:36,200.9000,1
2018-08-16 10:13:37,200.9200,20
2018-08-16 10:13:38,200.9100,4
2018-08-16 10:13:39,200.9100,1
2018-08-16 10:13:40,198.9000,20
2018-08-16 10:13:41,198.9000,9
2018-08-16 10:13:42,201.4400,1
2018-08-16 10:13:43,201.4400,1
2018-08-16 10:13:44,201.4600,1
2018-08-16 10:13:45,201.4500,1
2018-08-16 10:13:46,203.3000,20
2018-08-16 10:13:47,201.4600,1
2018-08-16 10:13:48,201.4600,1
2018-08-16 10:13:49,199.9700,1
2018-08-16 10:13:50,199.9100,6
2018-08-16 10:13:52,199.9700,20
2018-08-16 10:13:53,198.2700,1
2018-08-16 10:13:54,198.2500,20
2018-08-16 10:13:55,199.9900,20
2018-08-16 10:13:56,200.7700,1
2018-08-16 10:13:57,200.7700,20
2018-08-16 10:13:58,200.7700,20
2018-08-16 10:13:59,200.7800,1
2018-08-16 10:14:00,200.7900,1
2018-08-16 10:14:01,200.7900,1
2018-08-16 10:14:02,200.7800,17
2018-08-16 10:14:03,200.7700,2
2018-08-16 10:14:04,202.8200,1
2018-08-16 10:14:05,202.8100,1
2018-08-16 10:14:06,202.8100,20
2018-08-16 10:14:07,202.8100,1
2018-08-16 10:14:08,202.8200,1
2018-08-16 10:14:09,202.8800,4
2018-08-16 10:14:10,203.5100,1
2018-08-16 10:14:11,203.5100,20
2018-08-16 10:14:12,203.5100,1
2018-08-16 10:14:13,204.5500,20
2018-08-16 10:14:14,204.5500,1
2018-08-16 10:14:15,204.5500,1
2018-08-16 10:14:16,204.5500,20
2018-08-16 10:14:17,201.3000,14
2018-08-16 10:14:18,204.5400,20
2018-08-16 10:14:19,201.3000,20
2018-08-16 10:14:20,200.3700,4
2018-08-16 10:14:21,201.3100,20
2018-08-16 10:14:22,204.5400,1
2018-08-16 10:14:23,201.3100,20
2018-08-16 10:14:24,201.3100,20
2018-08-16 10:14:25,201.3200,4
2018-08-16 10:14:27,204.3500,1
2018-08-16 10:14:28,200.3600,1
2018-08-16 10:14:29,200.4100,20
2018-08-16 10:14:30,200.4100,20
2018-08-16 10:14:31,200.3700,4
2018-08-16 10:14:33,203.9500,1
2018-08-16 10:14:34,203.9500,1
2018-08-16 10:14:35,201.3600,1
2018-08-16 10:14:36,201.3400,1
2018-08-16 10:14:37,201.3500,1
2018-08-16 10:14:38,201.3600,1
2018-08-16 10:14:39,201.3600,1
2018-08-16 10:14:40,203.2500,1
2018-08-16 10:14:41,201.3700,16
2018-08-16 10:14:42,203.9200,1
2018-08-16 10:14:43,201.3700,8
2018-08-16 10:14:44,201.3800,12
2018-08-16 10:14:45,203.9600,4
2018-08-16 10:14:46,204.1600,1
2018-08-16 10:14:47,203.4000,1
2018-08-16 10:14:48,203.3600,1
2018-08-16 10:14:49,203.3600,1
2018-08-16 10:14:50,202.0100,19
2018-08-16 10:14:51,203.5900,1
2018-08-16 10:14:52,200.6600,1
2018-08-16 10:14:53,202.4400,1
2018-08-16 10:14:55,202.9600,4
2018-08-16 10:14:56,202.3000,1
2018-08-16 10:14:57,202.9500,1
2018-08-16 10:14:58,201.4100,1
2018-08-16 10:14:59,201.4100,1
2018-08-16 10:15:00,203.2700,11
2018-08-16 10:15:01,203.2700,1
2018-08-16 10:15:02,199.9500,20
2018-08-16 10:15:03,199.9300,20
2018-08-16 10:15:04,198.2600,1
2018-08-16 10:15:05,198.2600,1
2018-08-16 10:15:06,198.2600,1
2018-08-16 10:15:07,201.6600,20
2018-08-16 10:15:08,201.6600,20
2018-08-16 10:15:09,203.4300,1
2018-08-16 10:15:10,200.0700,1
2018-08-16 10:15:11,200.0700,1
2018-08-16 10:15:12,200.0500,1
2018-08-16 10:15:13,201.6600,20
2018-08-16 10:15:14,202.3200,1
2018-08-16 10:15:15,202.3200,20
2018-08-16 10:15:16,202.3200,1
2018-08-16 10:15:17,202.3200,1
2018-08-16 10:15:18,200.4400,9
2018-08-16 10:15:19,200.4400,2
2018-08-16 10:15:20,198.6200,2
2018-08-16 10:15:21,198.6200,1
2018-08-16 10:15:22,197.3500,1
2018-08-16 10:15:23,198.6200,1
2018-08-16 10:15:24,197.3500,1
2018-08-16 10:15:25,196.8800,4
2018-08-16 10:15:26,200.7500,1
2018-08-16 10:15:27,200.7500,20
2018-08-16 10:15:28,197.4900,20
2018-08-16 10:15:29,200.7500,1
2018-08-16 10:15:30,197.5000,20
2018-08-16 10:15:32,201.6800,20
2018-08-16 10:15:33,202.8200,1
2018-08-16 10:15:34,201.7000,20
2018-08-16 10:15:35,199.8800,4
2018-08-16 10:15:36,199.9200,4
2018-08-16 10:15:37,202.3000,20
2018-08-16 10:15:38,202.5300,4
2018-08-16 10:15:39,207.2000,1
2018-08-16 10:15:40,207.0200,4
2018-08-16 10:15:41,207.2000,20
2018-08-16 10:15:42,206.9300,20
2018-08-16 10:15:43,207.1300,8
2018-08-16 10:15:44,206.9200,1
2018-08-16 10:15:45,207.1300,1
2018-08-16 10:15:46,206.2700,20
2018-08-16 10:15:47,207.2000,1
2018-08-16 10:15:48,207.1400,1
2018-08-16 10:15:49,207.1300,1
2018-08-16 10:15:50,207.1600,4
2018-08-16 10:15:51,207.1600,1
2018-08-16 10:15:52,204.1100,20
2018-08-16 10:15:53,201.1600,1
2018-08-16 10:15:54,201.1600,7
2018-08-16 10:15:55,201.1600,20
2018-08-16 10:15:56,201.1600,1
2018-08-16 10:15:57,204.0900,20
2018-08-16 10:15:58,200.4000,1
2018-08-16 10:15:59,200.1300,1
2018-08-16 10:16:00,200.1200,4
2018-08-16 10:16:01,200.1300,20
2018-08-16 10:16:02,200.1300,20
2018-08-16 10:16:03,200.1300,15
2018-08-16 10:16:04,202.3700,20
2018-08-16 10:16:05,199.1700,1
2018-08-16 10:16:06,198.8400,1
2018-08-16 10:16:07,198.8500,4
2018-08-16 10:16:08,199.1800,16
2018-08-16 10:16:09,202.8200,1
2018-08-16 10:16:10,204.1100,20
2018-08-16 10:16:11,204.1100,20
2018-08-16 10:16:12,202.8400,1
2018-08-16 10:16:13,204.7700,1
2018-08-16 10:16:14,204.7800,1
2018-08-16 10:16:15,204.7900,1
2018-08-16 10:16:16,204.7800,1
2018-08-16 10:16:17,204.7800,1
2018-08-16 10:16:18,204.7800,18
2018-08-16 10:16:19,205.6000,4
2018-08-16 10:16:20,204.7800,1
2018-08-16 10:16:21,204.7700,19
2018-08-16 10:16:22,204.7900,1
2018-08-16 10:16:23,204.7900,20
2018-08-16 10:16:24,204.7900,1
2018-08-16 10:16:25,204.7900,20
2018-08-16 10:16:26,204.8000,20
2018-08-16 10:16:27,204.8000,1
2018-08-16 10:16:28,204.7700,12
2018-08-16 10:16:29,204.5400,4
2018-08-16 10:16:31,205.2500,20
2018-08-16 10:16:32,202.3400,1
2018-08-16 10:16:33,202.3500,2
2018-08-16 10:16:34,205.7300,1
2018-08-16 10:16:35,205.1600,20
2018-08-16 10:16:36,205.1400,20
2018-08-16 10:16:37,201.9300,1
2018-08-16 10:16:38,205.1400,1
2018-08-16 10:16:39,204.8100,1
2018-08-16 10:16:40,204.8100,1
2018-08-16 10:16:41,205.6800,1
2018-08-16 10:16:42,204.8000,1
2018-08-16 10:16:43,202.5200,3
2018-08-16 10:16:44,205.4700,1
2018-08-16 10:16:45,202.5000,3
2018-08-16 10:16:46,206.7400,20
2018-08-16 10:16:47,206.7600,4
2018-08-16 10:16:48,207.2000,4
2018-08-16 10:16:49,206.9500,1
2018-08-16 10:16:50,206.9500,1
2018-08-16 10:16:51,206.7000,1
2018-08-16 10:16:52,201.7800,1
2018-08-16 10:16:53,199.6400,20
2018-08-16 10:16:54,199.6400,20
2018-08-16 10:16:55,199.6300,1
2018-08-16 10:16:56,198.0500,20
2018-08-16 10:16:57,199.8800,4
2018-08-16 10:16:58,196.5800,1
2018-08-16 10:16:59,196.5900,1
2018-08-16 10:17:00,199.9300,3
2018-08-16 10:17:01,198.2500,1
2018-08-16 10:17:02,198.3000,1
2018-08-16 10:17:03,198.3000,1
2018-08-16 10:17:04,198.3000,1
2018-08-16 10:17:05,203.6000,20
2018-08-16 10:17:06,204.3500,1
2018-08-16 10:17:07,203.6000,1
2018-08-16 10:17:08,203.6000,1
2018-08-16 10:17:09,205.0800,1
2018-08-16 10:17:10,205.0800,1
2018-08-16 10:17:11,203.6000,1
2018-08-16 10:17:12,203.6000,1
2018-08-16 10:17:13,202.6100,1
2018-08-16 10:17:14,202.6100,20
2018-08-16 10:17:15,204.7400,20
2018-08-16 10:17:16,202.6100,1
2018-08-16 10:17:17,202.6100,15
2018-08-16 10:17:18,204.7400,1
2018-08-16 10:17:19,204.7400,20
2018-08-16 10:17:20,202.6200,20
2018-08-16 10:17:21,202.6300,1
2018-08-16 10:17:22,202.6300,1
2018-08-16 10:17:23,204.8900,1
2018-08-16 10:17:24,200.9800,1
2018-08-16 10:17:25,202.6300,20
2018-08-16 10:17:26,202.6300,1
2018-08-16 10:17:27,204.9300,1
2018-08-16 10:17:28,204.9300,9
2018-08-16 10:17:29,202.6400,20
2018-08-16 10:17:30,204.8900,20
2018-08-16 10:17:31,202.6500,15
2018-08-16 10:17:32,203.6000,1
2018-08-16 10:17:33,203.6100,19
2018-08-16 10:17:34,204.9900,1
2018-08-16 10:17:35,203.6100,1
2018-08-16 10:17:36,204.9900,20
2018-08-16 10:17:37,207.2100,1
2018-08-16 10:17:38,201.3600,1
2018-08-16 10:17:39,205.3200,3
2018-08-16 10:17:40,201.3500,20
2018-08-16 10:17:41,201.3700,1
2018-08-16 10:17:42,203.2500,1
2018-08-16 10:17:43,197.1700,4
2018-08-16 10:17:44,203.2500,20
2018-08-16 10:17:45,199.6900,20
2018-08-16 10:17:46,199.6700,20
2018-08-16 10:17:47,199.6700,1
2018-08-16 10:17:48,201.9700,1
2018-08-16 10:17:49,201.9600,1
2018-08-16 10:17:50,201.9600,3
2018-08-16 10:17:51,199.6700,2
2018-08-16 10:17:52,199.6700,1
2018-08-16 10:17:53,201.1400,1
2018-08-16 10:17:54,201.1400,3
2018-08-16 10:17:55,201.1300,17
2018-08-16 10:17:56,201.1300,1
2018-08-16 10:17:57,203.1400,20
2018-08-16 10:17:58,203.1400,20
2018-08-16 10:17:59,203.1500,20
2018-08-16 10:18:00,203.1500,1
2018-08-16 10:18:01,203.1500,1
2018-08-16 10:18:02,203.1400,4
2018-08-16 10:18:04,207.1500,13
2018-08-16 10:18:05,201.0500,1
2018-08-16 10:18:06,204.5100,4
2018-08-16 10:18:07,198.8900,1
2018-08-16 10:18:08,201.0100,20
2018-08-16 10:18:09,198.9100,20
2018-08-16 10:18:10,201.5800,1
2018-08-16 10:18:11,202.5300,20
2018-08-16 10:18:12,202.5200,20
2018-08-16 10:18:13,200.2500,1
2018-08-16 10:18:15,199.9400,20
2018-08-16 10:18:16,199.9600,1
2018-08-16 10:18:17,199.9400,20
2018-08-16 10:18:18,199.9600,1
2018-08-16 10:18:19,199.9500,20
2018-08-16 10:18:20,199.9600,20
2018-08-16 10:18:21,199.9600,1
2018-08-16 10:18:22,202.2800,4
2018-08-16 10:18:23,199.9500,20
2018-08-16 10:18:24,203.6700,1
2018-08-16 10:18:25,200.9000,1
2018-08-16 10:18:26,203.6700,1
2018-08-16 10:18:27,200.9000,1
2018-08-16 10:18:28,200.9100,10
2018-08-16 10:18:30,203.9200,4
2018-08-16 10:18:31,199.9300,1
2018-08-16 10:18:32,199.9300,1
2018-08-16 10:18:33,198.2600,4
2018-08-16 10:18:34,199.9200,20
2018-08-16 10:18:35,200.0800,20
2018-08-16 10:18:36,198.2400,1
2018-08-16 10:18:37,200.0800,17
2018-08-16 10:18:38,202.3700,1
2018-08-16 10:18:39,202.3700,1
2018-08-16 10:18:40,199.6100,1
2018-08-16 10:18:41,199.0400,4
2018-08-16 10:18:42,199.0100,2
2018-08-16 10:18:43,197.6500,20
2018-08-16 10:18:44,200.6600,1
2018-08-16 10:18:45,197.6600,20
2018-08-16 10:18:46,200.6600,20
2018-08-16 10:18:47,200.6600,1
2018-08-16 10:18:48,200.6600,10
2018-08-16 10:18:49,200.6500,20
2018-08-16 10:18:50,197.6900,20
2018-08-16 10:18:51,197.6900,8
2018-08-16 10:18:52,201.7600,4
2018-08-16 10:18:53,201.7300,1
2018-08-16 10:18:54,200.8400,20
2018-08-16 10:18:55,199.5500,1
2018-08-16 10:18:56,199.5300,1
2018-08-16 10:18:57,198.0700,1
2018-08-16 10:18:58,198.0700,20
2018-08-16 10:18:59,198.0600,1
2018-08-16 10:19:00,200.9500,1
2018-08-16 10:19:01,200.9500,1
2018-08-16 10:19:02,198.1300,1
2018-08-16 10:19:03,197.1200,1
2018-08-16 10:19:04,197.1200,1
2018-08-16 10:19:05,196.2800,4
2018-08-16 10:19:06,196.3100,4
2018-08-16 10:19:07,196.3000,1
2018-08-16 10:19:08,196.3000,13
2018-08-16 10:19:09,196.2800,20
2018-08-16 10:19:10,196.0500,2
2018-08-16 10:19:11,196.2800,1
2018-08-16 10:19:12,196.3100,16
2018-08-16 10:19:13,196.2800,1
2018-08-16 10:19:14,196.2800,20
2018-08-16 10:19:15,196.3100,2
2018-08-16 10:19:16,199.7100,1
2018-08-16 10:19:17,199.7100,1
2018-08-16 10:19:18,199.7000,20
2018-08-16 10:19:19,198.5900,20
2018-08-16 10:19:20,198.5900,1
2018-08-16 10:19:22,196.4000,20
2018-08-16 10:19:23,196.4100,1
2018-08-16 10:19:24,196.4100,1
2018-08-16 10:19:25,196.4200,3
2018-08-16 10:19:26,196.4000,1
2018-08-16 10:19:27,199.8400,20
2018-08-16 10:19:28,199.8100,1
2018-08-16 10:19:29,202.1400,1
2018-08-16 10:19:30,203.8200,1
2018-08-16 10:19:31,203.7300,3
2018-08-16 10:19:32,203.7400,4
2018-08-16 10:19:33,203.7700,4
2018-08-16 10:19:34,203.7400,18
2018-08-16 10:19:35,200.9200,20
2018-08-16 10:19:36,200.9200,1
2018-08-16 10:19:37,200.9100,1
2018-08-16 10:19:38,200.9100,1
2018-08-16 10:19:39,198.9200,1
2018-08-16 10:19:40,198.9200,15
2018-08-16 10:19:41,198.9200,15
2018-08-16 10:19:42,202.8900,20
2018-08-16 10:19:43,202.9100,20
2018-08-16 10:19:44,202.9000,1
2018-08-16 10:19:45,202.9000,1
2018-08-16 10:19:46,202.9000,9
2018-08-16 10:19:47,202.9100,12
2018-08-16 10:19:48,202.9200,20
2018-08-16 10:19:49,204.7900,4
2018-08-16 10:19:50,204.3200,1
2018-08-16 10:19:51,204.8100,1
2018-08-16 10:19:52,204.7800,20
2018-08-16 10:19:53,204.7800,1
2018-08-16 10:19:54,204.8100,1
2018-08-16 10:19:55,204.7800,1
2018-08-16 10:19:56,205.6100,1
2018-08-16 10:19:57,205.6100,1
2018-08-16 10:19:58,203.6300,20
2018-08-16 10:19:59,203.6300,9
2018-08-16 10:20:00,203.6300,1
2018-08-16 10:20:01,205.6000,20
2018-08-16 10:20:02,205.6000,13
2018-08-16 10:20:03,205.4900,1
2018-08-16 10:20:04,205.4900,20
2018-08-16 10:20:05,202.8600,1
2018-08-16 10:20:06,202.8600,1
2018-08-16 10:20:07,205.4900,20
2018-08-16 10:20:08,205.1900,4
2018-08-16 10:20:09,205.4800,1
2018-08-16 10:20:10,205.4800,20
2018-08-16 10:20:11,206.0000,1
2018-08-16 10:20:12,206.0600,3
2018-08-16 10:20:13,200.6700,20
2018-08-16 10:20:14,198.7400,20
2018-08-16 10:20:15,198.7200,1
2018-08-16 10:20:16,198.7300,1
2018-08-16 10:20:17,198.7400,20
2018-08-16 10:20:19,200.6000,1
2018-08-16 10:20:20,200.5900,1
2018-08-16 10:20:21,200.5800,1
2018-08-16 10:20:22,199.1000,2
2018-08-16 10:20:23,197.3700,4
2018-08-16 10:20:24,198.7000,1
2018-08-16 10:20:25,198.7000,1
2018-08-16 10:20:26,198.6900,1
2018-08-16 10:20:27,200.1700,1
2018-08-16 10:20:28,201.6700,2
2018-08-16 10:20:29,200.9300,2
2018-08-16 10:20:30,202.3600,1
2018-08-16 10:20:31,202.1200,20
2018-08-16 10:20:32,202.1200,1
2018-08-16 10:20:33,202.3600,20
2018-08-16 10:20:34,202.1300,1
2018-08-16 10:20:35,203.8300,20
2018-08-16 10:20:36,202.1300,20
2018-08-16 10:20:37,203.8300,1
2018-08-16 10:20:38,203.8300,20
2018-08-16 10:20:39,203.8300,16
2018-08-16 10:20:41,204.3500,1
2018-08-16 10:20:42,203.8600,3
2018-08-16 10:20:43,203.8900,1
2018-08-16 10:20:44,203.9000,9
2018-08-16 10:20:45,204.3500,1
2018-08-16 10:20:46,204.3500,16
2018-08-16 10:20:47,204.5900,20
2018-08-16 10:20:48,204.3600,20
2018-08-16 10:20:49,201.3400,1
2018-08-16 10:20:50,201.1900,4
2018-08-16 10:20:51,199.6900,1
2018-08-16 10:20:52,199.7000,4
2018-08-16 10:20:53,197.3400,5
2018-08-16 10:20:54,201.3800,7
2018-08-16 10:20:55,197.3900,2
2018-08-16 10:20:56,199.7200,1
2018-08-16 10:20:57,199.7000,1
2018-08-16 10:20:58,199.7100,20
2018-08-16 10:20:59,199.7200,1
2018-08-16 10:21:00,200.6600,1
2018-08-16 10:21:01,198.4100,1
2018-08-16 10:21:02,198.4000,1
2018-08-16 10:21:03,197.1800,20
2018-08-16 10:21:04,197.1800,1
2018-08-16 10:21:05,197.1800,20
2018-08-16 10:21:06,197.1900,1
2018-08-16 10:21:07,200.7300,20
2018-08-16 10:21:08,200.6700,4
2018-08-16 10:21:09,200.7300,20
2018-08-16 10:21:10,198.8100,20
2018-08-16 10:21:11,200.7300,16
2018-08-16 10:21:12,198.8100,1
2018-08-16 10:21:13,200.7200,1
2018-08-16 10:21:14,198.1300,1
2018-08-16 10:21:15,198.1300,1
2018-08-16 10:21:16,200.7200,4
2018-08-16 10:21:17,198.1300,20
2018-08-16 10:21:18,198.1300,1
2018-08-16 10:21:19,198.1400,20
2018-08-16 10:21:20,198.1400,20
2018-08-16 10:21:21,198.1500,20
2018-08-16 10:21:22,198.1500,20
2018-08-16 10:21:23,200.7000,1
2018-08-16 10:21:24,197.9300,1
2018-08-16 10:21:25,197.9300,1
2018-08-16 10:21:26,197.9300,20
2018-08-16 10:21:27,198.2200,1
2018-08-16 10:21:28,196.9200,1
2018-08-16 10:21:29,196.9200,3
2018-08-16 10:21:30,200.8600,20
2018-08-16 10:21:31,200.8600,20
2018-08-16 10:21:32,202.7600,20
2018-08-16 10:21:33,200.5700,20
2018-08-16 10:21:34,200.5800,16
2018-08-16 10:21:35,202.7600,1
2018-08-16 10:21:36,202.7600,1
2018-08-16 10:21:37,200.8600,20
2018-08-16 10:21:38,200.4500,20
2018-08-16 10:21:39,200.4500,20
2018-08-16 10:21:40,200.8600,1
2018-08-16 10:21:41,200.4600,1
2018-08-16 10:21:42,200.4600,20
2018-08-16 10:21:43,200.4700,3
2018-08-16 10:21:44,200.8500,20
2018-08-16 10:21:45,200.8500,20
2018-08-16 10:21:46,200.4900,2
2018-08-16 10:21:47,200.5900,1
2018-08-16 10:21:48,200.5900,1
2018-08-16 10:21:49,200.8400,16
2018-08-16 10:21:50,199.4300,4
2018-08-16 10:21:51,198.6600,20
2018-08-16 10:21:52,202.7100,3
2018-08-16 10:21:53,202.7000,1
2018-08-16 10:21:54,200.6800,4
2018-08-16 10:21:56,198.6700,20
2018-08-16 10:21:57,203.0300,1
2018-08-16 10:21:58,203.0300,15
2018-08-16 10:21:59,203.0500,1
2018-08-16 10:22:00,203.0300,1
2018-08-16 10:22:01,204.3600,3
2018-08-16 10:22:02,203.0600,6
2018-08-16 10:22:03,203.0200,1
2018-08-16 10:22:04,203.0300,20
2018-08-16 10:22:05,203.0600,6
2018-08-16 10:22:06,200.3700,1
2018-08-16 10:22:07,200.3700,1
2018-08-16 10:22:08,204.4000,3
2018-08-16 10:22:09,204.1400,1
2018-08-16 10:22:10,202.3900,1
2018-08-16 10:22:11,200.3700,3
2018-08-16 10:22:12,201.8300,1
2018-08-16 10:22:13,203.0000,20
2018-08-16 10:22:15,200.3600,20
2018-08-16 10:22:16,205.6900,1
2018-08-16 10:22:17,199.4400,4
2018-08-16 10:22:18,206.0500,1
2018-08-16 10:22:19,202.7700,3
2018-08-16 10:22:20,205.5500,1
2018-08-16 10:22:21,205.5500,20
2018-08-16 10:22:22,200.0300,2
2018-08-16 10:22:23,205.0400,16
2018-08-16 10:22:24,204.4500,1
2018-08-16 10:22:25,204.2700,1
2018-08-16 10:22:26,205.0400,20
2018-08-16 10:22:27,204.4700,1
2018-08-16 10:22:28,204.4900,1
2018-08-16 10:22:29,204.4900,20
2018-08-16 10:22:30,204.4900,1
2018-08-16 10:22:31,204.4900,20
2018-08-16 10:22:32,203.4700,1
2018-08-16 10:22:33,204.4700,20
2018-08-16 10:22:34,204.4700,1
2018-08-16 10:22:35,201.0500,2
2018-08-16 10:22:36,204.4700,20
2018-08-16 10:22:37,204.4700,1
2018-08-16 10:22:38,203.4700,4
2018-08-16 10:22:39,203.4800,14
2018-08-16 10:22:41,204.2000,1
2018-08-16 10:22:42,204.4300,1
2018-08-16 10:22:43,205.0200,1
2018-08-16 10:22:44,201.8300,1
2018-08-16 10:22:45,201.8300,1
2018-08-16 10:22:46,201.8300,1
2018-08-16 10:22:47,202.5000,1
2018-08-16 10:22:48,202.5000,1
2018-08-16 10:22:49,203.7000,4
2018-08-16 10:22:50,203.7400,1
2018-08-16 10:22:51,203.7400,1
2018-08-16 10:22:52,203.7400,1
2018-08-16 10:22:53,200.7200,1
2018-08-16 10:22:54,200.6600,1
2018-08-16 10:22:55,200.7200,1
2018-08-16 10:22:56,202.7300,1
2018-08-16 10:22:57,199.6200,20
2018-08-16 10:22:58,199.6300,16
2018-08-16 10:22:59,199.6300,8
2018-08-16 10:23:00,202.7100,10
2018-08-16 10:23:01,202.7100,2
2018-08-16 10:23:02,197.7400,20
2018-08-16 10:23:03,197.7400,20
2018-08-16 10:23:04,197.7500,1
2018-08-16 10:23:05,199.0900,20
2018-08-16 10:23:06,199.0900,1
2018-08-16 10:23:08,201.1600,20
2018-08-16 10:23:09,201.1500,1
2018-08-16 10:23:10,197.9000,19
2018-08-16 10:23:11,201.1500,1
2018-08-16 10:23:12,201.1500,20
2018-08-16 10:23:13,201.1500,20
2018-08-16 10:23:14,201.1400,1
2018-08-16 10:23:15,197.9100,1
2018-08-16 10:23:16,201.1400,1
2018-08-16 10:23:17,197.9200,20
2018-08-16 10:23:18,201.1400,20
2018-08-16 10:23:19,201.1400,1
2018-08-16 10:23:20,201.9500,1
2018-08-16 10:23:21,197.9900,1
2018-08-16 10:23:22,197.9800,1
2018-08-16 10:23:23,200.8700,1
2018-08-16 10:23:24,198.8900,1
2018-08-16 10:23:25,198.8900,1
2018-08-16 10:23:26,198.1900,4
2018-08-16 10:23:27,199.8700,1
2018-08-16 10:23:28,204.5100,1
2018-08-16 10:23:29,203.4800,4
2018-08-16 10:23:30,204.5100,1
2018-08-16 10:23:31,205.4000,1
2018-08-16 10:23:32,205.4000,20
2018-08-16 10:23:34,205.7500,4
2018-08-16 10:23:35,207.2100,1
2018-08-16 10:23:36,201.4100,1
2018-08-16 10:23:37,205.7100,4
2018-08-16 10:23:38,206.0900,18
2018-08-16 10:23:39,204.0300,20
2018-08-16 10:23:40,204.0300,20
2018-08-16 10:23:41,203.2500,20
2018-08-16 10:23:42,200.8100,1
2018-08-16 10:23:43,200.8100,1
2018-08-16 10:23:44,200.8100,9
2018-08-16 10:23:45,200.8200,20
2018-08-16 10:23:46,200.8200,1
2018-08-16 10:23:47,200.8200,1
2018-08-16 10:23:48,202.8000,1
2018-08-16 10:23:49,200.8400,20
2018-08-16 10:23:50,202.8000,1
2018-08-16 10:23:51,202.8000,1
2018-08-16 10:23:52,202.8200,7
2018-08-16 10:23:53,202.7900,1
2018-08-16 10:23:54,204.2300,1
2018-08-16 10:23:55,204.2400,3
2018-08-16 10:23:56,204.2400,17
2018-08-16 10:23:57,204.2400,1
2018-08-16 10:23:58,201.2500,1
2018-08-16 10:23:59,201.2500,1
2018-08-16 10:24:00,201.2500,20
2018-08-16 10:24:01,201.2500,1
2018-08-16 10:24:02,201.2300,1
2018-08-16 10:24:03,201.2600,20
2018-08-16 10:24:04,201.2300,1
2018-08-16 10:24:05,201.2300,1
2018-08-16 10:24:06,203.1400,20
2018-08-16 10:24:07,203.1400,20
2018-08-16 10:24:08,201.2700,1
2018-08-16 10:24:09,203.1400,20
2018-08-16 10:24:10,203.1300,2
2018-08-16 10:24:11,201.2800,1
2018-08-16 10:24:12,203.1300,1
2018-08-16 10:24:13,203.1300,1
2018-08-16 10:24:14,201.2900,17
2018-08-16 10:24:15,201.4000,7
2018-08-16 10:24:16,203.1200,4
2018-08-16 10:24:17,200.4700,1
2018-08-16 10:24:18,203.8400,1
2018-08-16 10:24:19,203.8400,1
2018-08-16 10:24:20,203.8500,4
2018-08-16 10:24:21,203.8400,12
2018-08-16 10:24:22,203.8300,1
2018-08-16 10:24:23,200.9800,1
2018-08-16 10:24:24,200.9800,20
2018-08-16 10:24:25,203.8100,13
2018-08-16 10:24:26,203.8100,1
2018-08-16 10:24:27,200.9600,20
2018-08-16 10:24:28,199.9500,1
2018-08-16 10:24:29,199.9500,1
2018-08-16 10:24:30,200.9600,1
2018-08-16 10:24:31,200.9500,8
2018-08-16 10:24:32,200.9500,1
2018-08-16 10:24:33,198.6100,1
2018-08-16 10:24:34,200.9500,1
2018-08-16 10:24:35,199.9500,20
2018-08-16 10:24:36,199.9600,1
2018-08-16 10:24:37,198.6200,1
2018-08-16 10:24:38,200.9500,13
2018-08-16 10:24:39,200.9400,1
2018-08-16 10:24:40,198.2600,4
2018-08-16 10:24:41,198.6200,20
2018-08-16 10:24:42,200.9400,1
2018-08-16 10:24:43,198.1300,1
2018-08-16 10:24:44,200.9400,1
2018-08-16 10:24:45,198.1300,1
2018-08-16 10:24:46,198.6300,5
2018-08-16 10:24:47,198.6300,1
2018-08-16 10:24:48,198.6300,1
2018-08-16 10:24:49,202.1000,1
2018-08-16 10:24:50,198.6500,11
2018-08-16 10:24:51,198.6500,10
2018-08-16 10:24:52,198.1400,1
2018-08-16 10:24:54,200.3500,20
2018-08-16 10:24:55,200.3500,9
2018-08-16 10:24:56,200.3500,1
2018-08-16 10:24:57,200.9800,20
2018-08-16 10:24:58,200.9800,20
2018-08-16 10:24:59,199.5000,1
2018-08-16 10:25:00,197.7500,20
2018-08-16 10:25:01,197.7500,1
2018-08-16 10:25:02,197.7500,16
2018-08-16 10:25:03,198.8900,4
2018-08-16 10:25:04,198.3800,17
2018-08-16 10:25:05,197.7500,1
2018-08-16 10:25:06,197.1700,4
2018-08-16 10:25:07,200.3000,4
2018-08-16 10:25:09,202.9300,1
2018-08-16 10:25:10,202.7600,1
2018-08-16 10:25:11,200.3300,1
2018-08-16 10:25:12,202.9100,1
2018-08-16 10:25:13,199.4600,4
2018-08-16 10:25:14,204.9500,1
2018-08-16 10:25:15,202.2000,1
2018-08-16 10:25:16,202.2000,1
2018-08-16 10:25:17,202.1900,1
2018-08-16 10:25:18,202.1900,2
2018-08-16 10:25:19,202.2000,1
2018-08-16 10:25:20,202.1900,1
2018-08-16 10:25:21,203.8100,3
2018-08-16 10:25:22,202.1900,1
2018-08-16 10:25:24,202.1800,20
2018-08-16 10:25:25,199.8300,1
2018-08-16 10:25:26,202.1500,4
2018-08-16 10:25:27,202.1700,3
2018-08-16 10:25:28,202.7200,2
2018-08-16 10:25:29,200.1700,1
2018-08-16 10:25:30,202.3900,1
2018-08-16 10:25:31,200.1900,20
2018-08-16 10:25:32,203.1600,20
2018-08-16 10:25:33,203.1600,1
2018-08-16 10:25:34,203.1700,1
2018-08-16 10:25:35,204.4800,1
2018-08-16 10:25:36,204.4800,1
2018-08-16 10:25:37,204.5000,4
2018-08-16 10:25:38,204.5000,13
2018-08-16 10:25:39,204.5000,1
2018-08-16 10:25:40,204.5000,20
2018-08-16 10:25:41,204.5000,20
2018-08-16 10:25:42,204.5000,20
2018-08-16 10:25:43,204.4900,20
2018-08-16 10:25:44,201.4200,20
2018-08-16 10:25:45,201.4200,20
2018-08-16 10:25:46,201.4100,16
2018-08-16 10:25:47,201.5800,1
2018-08-16 10:25:48,201.5800,1
2018-08-16 10:25:49,198.9000,1
2018-08-16 10:25:50,198.9000,1
2018-08-16 10:25:51,201.9300,20
2018-08-16 10:25:52,201.9400,1
2018-08-16 10:25:53,201.9400,20
2018-08-16 10:25:54,201.9400,20
2018-08-16 10:25:55,201.9400,15
2018-08-16 10:25:56,203.6000,4
2018-08-16 10:25:57,203.6000,20
2018-08-16 10:25:58,203.7700,4
2018-08-16 10:25:59,203.6900,1
2018-08-16 10:26:00,204.3600,1
2018-08-16 10:26:01,205.3500,4
2018-08-16 10:26:02,206.6400,3
2018-08-16 10:26:03,206.6500,3
2018-08-16 10:26:04,206.6600,1
2018-08-16 10:26:06,206.6600,1
2018-08-16 10:26:07,206.6600,1
2018-08-16 10:26:08,206.9100,1
2018-08-16 10:26:09,206.9200,1
2018-08-16 10:26:10,203.1700,4
2018-08-16 10:26:11,206.8500,1
2018-08-16 10:26:12,205.6600,1
2018-08-16 10:26:13,205.7500,1
2018-08-16 10:26:14,205.7500,1
2018-08-16 10:26:15,206.2900,3
2018-08-16 10:26:16,206.0700,1
2018-08-16 10:26:17,206.0700,1
2018-08-16 10:26:18,202.5900,20
2018-08-16 10:26:19,206.0400,1
2018-08-16 10:26:20,202.5900,1
2018-08-16 10:26:21,206.0400,1
2018-08-16 10:26:22,201.2900,1
2018-08-16 10:26:23,201.2900,1
2018-08-16 10:26:25,201.2900,20
2018-08-16 10:26:26,200.3100,4
2018-08-16 10:26:27,204.5200,1
2018-08-16 10:26:28,201.4100,20
2018-08-16 10:26:29,201.4100,1
2018-08-16 10:26:30,201.4100,1
2018-08-16 10:26:31,203.2200,1
2018-08-16 10:26:32,203.2200,1
2018-08-16 10:26:33,203.2200,1
2018-08-16 10:26:34,201.4100,1
2018-08-16 10:26:35,203.9000,1
2018-08-16 10:26:36,201.4200,11
2018-08-16 10:26:37,204.1600,4
2018-08-16 10:26:38,204.1200,1
2018-08-16 10:26:39,204.0900,4
2018-08-16 10:26:40,203.8300,20
2018-08-16 10:26:41,203.8100,1
2018-08-16 10:26:42,203.8300,1
2018-08-16 10:26:43,203.8200,1
2018-08-16 10:26:44,203.8200,1
2018-08-16 10:26:45,204.9400,20
2018-08-16 10:26:46,203.8300,20
2018-08-16 10:26:47,203.8300,1
2018-08-16 10:26:48,204.9400,1
2018-08-16 10:26:49,201.3600,1
2018-08-16 10:26:50,201.3600,4
2018-08-16 10:26:51,201.3600,1
2018-08-16 10:26:52,201.3500,20
2018-08-16 10:26:53,199.7700,1
2018-08-16 10:26:54,201.3400,20
2018-08-16 10:26:55,199.7700,2
2018-08-16 10:26:56,202.2900,20
2018-08-16 10:26:57,202.3100,19
2018-08-16 10:26:58,202.3000,8
2018-08-16 10:26:59,202.3200,1
2018-08-16 10:27:00,202.3100,1
2018-08-16 10:27:01,202.3300,1
2018-08-16 10:27:02,202.9400,1
2018-08-16 10:27:03,202.9400,1
2018-08-16 10:27:04,200.1300,1
2018-08-16 10:27:05,200.1300,20
2018-08-16 10:27:06,200.1300,1
2018-08-16 10:27:07,199.6000,1
2018-08-16 10:27:08,199.5000,1
2018-08-16 10:27:09,199.5000,1
2018-08-16 10:27:11,202.3300,1
2018-08-16 10:27:12,204.2600,18
2018-08-16 10:27:13,204.2600,20
2018-08-16 10:27:14,202.1000,20
2018-08-16 10:27:15,202.1000,20
2018-08-16 10:27:16,202.1200,1
2018-08-16 10:27:17,202.1100,20
2018-08-16 10:27:18,202.1200,1
2018-08-16 10:27:19,202.1100,1
2018-08-16 10:27:20,202.1100,1
2018-08-16 10:27:21,202.1000,20
2018-08-16 10:27:23,202.1200,1
2018-08-16 10:27:24,199.7800,1
