timestamp,price,size
2018-08-16 09:30:34,102.2000,1
2018-08-16 09:30:35,102.2000,1
2018-08-16 09:30:36,102.2000,1
2018-08-16 09:30:37,102.0400,4
2018-08-16 09:30:38,101.4100,1
2018-08-16 09:30:39,101.4100,7
2018-08-16 09:30:40,101.4100,4
2018-08-16 09:30:41,101.4200,1
2018-08-16 09:30:42,101.4200,1
2018-08-16 09:30:43,101.3900,1
2018-08-16 09:30:44,100.5600,13
2018-08-16 09:30:45,100.4500,5
2018-08-16 09:30:46,100.1300,1
2018-08-16 09:30:47,99.7000,1
2018-08-16 09:30:48,100.5100,4
2018-08-16 09:30:49,99.2800,3
2018-08-16 09:30:50,99.2800,15
2018-08-16 09:30:51,99.2800,4
2018-08-16 09:30:53,99.8900,14
2018-08-16 09:30:54,100.6400,4
2018-08-16 09:30:55,100.6800,1
2018-08-16 09:30:56,99.6100,4
2018-08-16 09:30:58,99.6100,4
2018-08-16 09:30:59,99.6200,1
2018-08-16 09:31:00,100.6000,1
2018-08-16 09:31:01,99.6300,1
2018-08-16 09:31:02,101.3400,4
2018-08-16 09:31:03,101.3900,1
2018-08-16 09:31:04,101.3900,2
2018-08-16 09:31:06,99.8100,1
2018-08-16 09:31:07,99.8100,4
2018-08-16 09:31:08,99.4700,4
2018-08-16 09:31:09,99.8100,11
2018-08-16 09:31:10,99.8100,11
2018-08-16 09:31:11,101.3500,7
2018-08-16 09:31:12,99.8200,10
2018-08-16 09:31:13,99.8200,10
2018-08-16 09:31:14,99.8200,4
2018-08-16 09:31:15,99.8200,8
2018-08-16 09:31:16,99.7500,1
2018-08-16 09:31:17,99.8300,4
2018-08-16 09:31:18,99.8300,1
2018-08-16 09:31:19,100.1400,1
2018-08-16 09:31:20,100.1400,3
2018-08-16 09:31:21,101.0800,4
2018-08-16 09:31:22,100.1700,4
2018-08-16 09:31:23,100.1400,1
2018-08-16 09:31:24,99.5500,6
2018-08-16 09:31:27,100.2300,4
2018-08-16 09:31:28,100.2300,4
2018-08-16 09:31:29,100.1800,1
2018-08-16 09:31:31,100.4000,15
2018-08-16 09:31:32,100.4200,15
2018-08-16 09:31:33,100.4200,15
2018-08-16 09:31:34,100.4000,12
2018-08-16 09:31:35,100.4200,4
2018-08-16 09:31:36,100.4600,1
2018-08-16 09:31:37,100.5200,1
2018-08-16 09:31:38,99.5100,4
2018-08-16 09:31:39,100.4000,4
2018-08-16 09:31:41,99.5000,4
2018-08-16 09:31:42,100.5500,33
2018-08-16 09:31:43,99.4500,20
2018-08-16 09:31:44,99.4500,1
2018-08-16 09:31:45,99.4500,12
2018-08-16 09:31:46,100.5600,15
2018-08-16 09:31:48,101.1400,13
2018-08-16 09:31:49,99.5600,1
2018-08-16 09:31:50,101.1300,4
2018-08-16 09:31:51,99.5700,1
2018-08-16 09:31:52,100.9200,20
2018-08-16 09:31:53,101.1300,1
2018-08-16 09:31:54,101.1300,2
2018-08-16 09:31:55,100.9300,20
2018-08-16 09:31:56,101.1200,1
2018-08-16 09:31:57,100.8600,17
2018-08-16 09:31:58,100.9400,1
2018-08-16 09:31:59,100.9500,9
2018-08-16 09:32:00,100.8300,20
2018-08-16 09:32:01,99.8300,4
2018-08-16 09:32:02,100.4000,79
2018-08-16 09:32:03,99.6000,1
2018-08-16 09:32:04,99.2200,1
2018-08-16 09:32:05,99.2200,28
2018-08-16 09:32:06,100.7100,1
2018-08-16 09:32:08,99.5900,13
2018-08-16 09:32:09,100.7300,3
2018-08-16 09:32:10,100.4400,1
2018-08-16 09:32:11,101.1800,4
2018-08-16 09:32:12,101.2400,12
2018-08-16 09:32:13,100.8400,1
2018-08-16 09:32:14,100.8400,20
2018-08-16 09:32:15,100.3100,4
2018-08-16 09:32:16,100.8600,1
2018-08-16 09:32:17,100.8600,18
2018-08-16 09:32:18,100.8500,20
2018-08-16 09:32:19,100.6700,20
2018-08-16 09:32:20,100.6900,4
2018-08-16 09:32:21,100.2700,4
2018-08-16 09:32:22,100.2700,4
2018-08-16 09:32:23,100.1500,4
2018-08-16 09:32:24,100.2600,1
2018-08-16 09:32:25,99.8700,20
2018-08-16 09:32:26,99.8700,1
2018-08-16 09:32:27,100.7000,6
2018-08-16 09:32:28,99.7800,4
2018-08-16 09:32:29,100.7000,18
2018-08-16 09:32:30,100.2600,1
2018-08-16 09:32:31,100.7100,10
2018-08-16 09:32:32,100.7200,4
2018-08-16 09:32:33,100.8500,4
2018-08-16 09:32:34,100.7100,20
2018-08-16 09:32:35,99.8500,44
2018-08-16 09:32:36,99.7800,4
2018-08-16 09:32:37,100.4800,10
2018-08-16 09:32:38,100.4900,1
2018-08-16 09:32:39,100.3100,1
2018-08-16 09:32:40,100.7200,1
2018-08-16 09:32:41,100.8800,22
2018-08-16 09:32:42,100.5400,1
2018-08-16 09:32:43,100.8600,1
2018-08-16 09:32:44,100.4300,1
2018-08-16 09:32:45,100.3300,1
2018-08-16 09:32:46,100.3300,1
2018-08-16 09:32:47,100.3300,4
2018-08-16 09:32:48,100.2900,1
2018-08-16 09:32:49,100.9000,16
2018-08-16 09:32:50,100.3300,20
2018-08-16 09:32:51,100.9000,1
2018-08-16 09:32:52,100.6400,20
2018-08-16 09:32:53,100.6400,20
2018-08-16 09:32:55,100.6500,2
2018-08-16 09:32:56,100.6300,1
2018-08-16 09:32:57,100.9000,1
2018-08-16 09:32:58,100.9000,20
2018-08-16 09:33:00,100.9100,14
2018-08-16 09:33:01,101.0000,4
2018-08-16 09:33:02,100.9300,20
2018-08-16 09:33:03,100.9300,1
2018-08-16 09:33:04,100.9100,1
2018-08-16 09:33:06,100.9400,1
2018-08-16 09:33:07,100.9400,20
2018-08-16 09:33:08,100.9400,1
2018-08-16 09:33:09,101.2500,4
2018-08-16 09:33:10,101.2600,20
2018-08-16 09:33:11,101.2600,20
2018-08-16 09:33:12,101.0900,4
2018-08-16 09:33:13,100.8700,3
2018-08-16 09:33:14,101.1800,4
2018-08-16 09:33:15,101.0600,1
2018-08-16 09:33:16,100.6100,20
2018-08-16 09:33:17,101.2800,1
2018-08-16 09:33:18,99.7600,4
2018-08-16 09:33:19,99.7600,15
2018-08-16 09:33:21,100.1600,1
2018-08-16 09:33:22,101.2800,1
2018-08-16 09:33:23,101.2800,1
2018-08-16 09:33:24,101.2800,1
2018-08-16 09:33:25,101.2900,19
2018-08-16 09:33:26,101.2900,17
2018-08-16 09:33:27,101.2900,1
2018-08-16 09:33:28,101.2900,1
2018-08-16 09:33:29,101.2800,4
2018-08-16 09:33:30,101.2900,3
2018-08-16 09:33:31,101.1200,1
2018-08-16 09:33:32,101.0600,20
2018-08-16 09:33:33,101.3100,1
2018-08-16 09:33:34,101.0600,6
2018-08-16 09:33:35,100.2300,4
2018-08-16 09:33:36,101.2800,20
2018-08-16 09:33:37,100.9100,1
2018-08-16 09:33:38,100.3000,4
2018-08-16 09:33:39,101.3200,4
2018-08-16 09:33:40,101.3300,4
2018-08-16 09:33:42,101.3100,1
2018-08-16 09:33:43,101.3100,4
2018-08-16 09:33:44,100.1100,17
2018-08-16 09:33:46,101.3200,20
2018-08-16 09:33:47,100.5700,1
2018-08-16 09:33:48,99.3200,33
2018-08-16 09:33:49,101.3100,1
2018-08-16 09:33:50,101.3200,1
2018-08-16 09:33:52,101.3200,1
2018-08-16 09:33:53,100.7900,1
2018-08-16 09:33:54,100.7900,1
2018-08-16 09:33:55,101.3300,2
2018-08-16 09:33:56,100.7900,19
2018-08-16 09:33:57,101.3300,1
2018-08-16 09:33:58,101.3300,1
2018-08-16 09:33:59,101.3300,1
2018-08-16 09:34:00,101.3200,4
2018-08-16 09:34:01,101.3200,1
2018-08-16 09:34:02,101.3200,1
2018-08-16 09:34:03,101.0700,1
2018-08-16 09:34:04,101.3200,1
2018-08-16 09:34:05,101.3300,15
2018-08-16 09:34:06,99.8800,1
2018-08-16 09:34:08,100.4700,1
2018-08-16 09:34:09,101.2000,1
2018-08-16 09:34:10,101.2000,1
2018-08-16 09:34:11,99.5700,1
2018-08-16 09:34:12,99.4000,4
2018-08-16 09:34:13,99.3700,74
2018-08-16 09:34:14,99.4900,1
2018-08-16 09:34:15,99.4900,1
2018-08-16 09:34:18,99.4900,1
2018-08-16 09:34:19,99.4900,1
2018-08-16 09:34:20,99.5000,1
2018-08-16 09:34:21,99.5000,19
2018-08-16 09:34:22,99.4500,4
2018-08-16 09:34:23,99.4900,19
2018-08-16 09:34:24,99.5100,1
2018-08-16 09:34:25,99.5100,1
2018-08-16 09:34:26,100.2900,1
2018-08-16 09:34:27,100.2900,1
2018-08-16 09:34:28,99.8700,4
2018-08-16 09:34:29,99.4900,1
2018-08-16 09:34:30,99.4400,1
2018-08-16 09:34:31,99.4400,1
2018-08-16 09:34:32,100.2900,1
2018-08-16 09:34:33,99.8700,1
2018-08-16 09:34:34,99.4900,1
2018-08-16 09:34:35,100.2900,1
2018-08-16 09:34:36,99.6300,7
2018-08-16 09:34:37,99.4100,20
2018-08-16 09:34:38,99.4100,1
2018-08-16 09:34:39,99.4100,1
2018-08-16 09:34:40,99.4100,1
2018-08-16 09:34:41,99.4200,20
2018-08-16 09:34:42,99.4200,4
2018-08-16 09:34:43,99.4100,1
2018-08-16 09:34:44,99.7500,4
2018-08-16 09:34:45,100.3200,5
2018-08-16 09:34:46,100.3200,4
2018-08-16 09:34:47,100.3300,11
2018-08-16 09:34:48,101.1900,1
2018-08-16 09:34:49,101.1900,2
2018-08-16 09:34:50,100.8400,1
2018-08-16 09:34:51,101.1900,3
2018-08-16 09:34:52,100.6600,4
2018-08-16 09:34:54,100.3800,33
2018-08-16 09:34:55,100.3800,33
2018-08-16 09:34:56,101.2000,12
2018-08-16 09:34:57,101.2100,20
2018-08-16 09:34:58,101.2000,1
2018-08-16 09:34:59,101.2200,4
2018-08-16 09:35:00,101.2200,4
2018-08-16 09:35:01,101.2200,1
2018-08-16 09:35:02,101.2300,2
2018-08-16 09:35:03,101.3500,20
2018-08-16 09:35:04,101.3500,6
2018-08-16 09:35:05,101.4100,4
2018-08-16 09:35:06,101.3900,1
2018-08-16 09:35:07,101.3900,1
2018-08-16 09:35:08,99.3000,5
2018-08-16 09:35:09,101.3600,1
2018-08-16 09:35:10,101.4100,4
2018-08-16 09:35:11,99.8700,1
2018-08-16 09:35:13,101.0900,3
2018-08-16 09:35:14,99.8800,1
2018-08-16 09:35:15,101.5000,26
2018-08-16 09:35:16,101.5700,4
2018-08-16 09:35:18,100.3700,1
2018-08-16 09:35:20,99.8900,3
2018-08-16 09:35:21,101.3400,1
2018-08-16 09:35:22,99.8900,19
2018-08-16 09:35:23,99.9000,20
2018-08-16 09:35:24,101.3400,1
2018-08-16 09:35:25,101.3400,1
2018-08-16 09:35:26,101.3300,11
2018-08-16 09:35:27,100.6200,3
2018-08-16 09:35:28,99.5300,2
2018-08-16 09:35:29,101.5800,1
2018-08-16 09:35:30,99.2900,4
2018-08-16 09:35:31,101.3600,20
2018-08-16 09:35:32,101.3600,1
2018-08-16 09:35:33,99.2900,4
2018-08-16 09:35:34,99.5400,4
2018-08-16 09:35:35,99.5400,1
2018-08-16 09:35:36,101.3500,1
2018-08-16 09:35:37,99.4100,4
2018-08-16 09:35:38,99.0800,1
2018-08-16 09:35:39,99.0500,28
2018-08-16 09:35:40,99.0500,4
2018-08-16 09:35:41,99.0500,4
2018-08-16 09:35:42,99.3600,18
2018-08-16 09:35:43,99.1500,1
2018-08-16 09:35:44,99.0500,4
2018-08-16 09:35:45,99.3800,20
2018-08-16 09:35:47,101.3300,20
2018-08-16 09:35:48,99.3900,18
2018-08-16 09:35:49,101.3200,6
2018-08-16 09:35:50,101.3200,20
2018-08-16 09:35:51,99.3900,11
2018-08-16 09:35:53,99.4000,20
2018-08-16 09:35:54,99.4500,1
2018-08-16 09:35:55,99.5500,12
2018-08-16 09:35:56,101.4200,1
2018-08-16 09:35:57,99.5500,1
2018-08-16 09:35:59,99.5500,20
2018-08-16 09:36:00,99.5500,1
2018-08-16 09:36:01,99.5500,1
2018-08-16 09:36:02,99.2900,1
2018-08-16 09:36:04,101.6600,20
2018-08-16 09:36:05,101.6500,1
2018-08-16 09:36:06,99.3000,1
2018-08-16 09:36:07,99.3000,20
2018-08-16 09:36:08,99.3000,20
2018-08-16 09:36:09,99.3100,1
2018-08-16 09:36:10,99.3100,1
2018-08-16 09:36:11,99.3100,5
2018-08-16 09:36:13,99.3200,1
2018-08-16 09:36:14,101.6500,1
2018-08-16 09:36:16,99.3300,13
2018-08-16 09:36:18,101.6400,1
2018-08-16 09:36:19,99.4200,2
2018-08-16 09:36:25,99.4400,2
2018-08-16 09:36:26,101.6400,1
2018-08-16 09:36:27,99.5700,20
2018-08-16 09:36:28,99.4000,1
2018-08-16 09:36:29,99.4000,1
2018-08-16 09:36:30,99.4000,1
2018-08-16 09:36:31,99.3600,1
2018-08-16 09:36:32,99.3600,1
2018-08-16 09:36:33,101.6200,20
2018-08-16 09:36:34,101.6200,20
2018-08-16 09:36:35,99.3600,1
2018-08-16 09:36:36,99.3600,1
2018-08-16 09:36:37,101.6200,1
2018-08-16 09:36:38,99.3700,20
2018-08-16 09:36:39,99.3700,20
2018-08-16 09:36:40,99.3700,1
2018-08-16 09:36:41,99.3700,1
2018-08-16 09:36:42,99.3700,12
2018-08-16 09:36:43,99.3800,8
2018-08-16 09:36:44,99.3800,20
2018-08-16 09:36:45,99.3800,1
2018-08-16 09:36:46,99.3800,1
2018-08-16 09:36:47,100.7900,1
2018-08-16 09:36:48,100.7900,1
2018-08-16 09:36:50,99.4000,20
2018-08-16 09:36:51,99.4000,20
2018-08-16 09:36:53,100.7800,1
2018-08-16 09:36:54,100.7300,20
2018-08-16 09:36:55,100.7300,20
2018-08-16 09:36:56,100.7300,18
2018-08-16 09:36:57,100.7200,20
2018-08-16 09:36:58,100.7200,1
2018-08-16 09:36:59,99.4100,1
2018-08-16 09:37:01,100.7100,1
2018-08-16 09:37:02,99.3000,1
2018-08-16 09:37:03,99.3900,1
2018-08-16 09:37:04,100.7000,1
2018-08-16 09:37:05,100.7000,1
2018-08-16 09:37:06,99.4100,1
2018-08-16 09:37:07,99.4200,4
2018-08-16 09:37:08,99.4200,5
2018-08-16 09:37:09,100.7000,3
2018-08-16 09:37:10,99.4300,20
2018-08-16 09:37:11,99.4400,1
2018-08-16 09:37:13,99.4400,1
2018-08-16 09:37:14,99.5700,1
2018-08-16 09:37:16,99.5700,6
2018-08-16 09:37:17,101.2200,1
2018-08-16 09:37:18,99.5900,1
2018-08-16 09:37:19,99.6000,19
2018-08-16 09:37:20,99.6100,20
2018-08-16 09:37:21,99.6100,1
2018-08-16 09:37:22,100.6900,1
2018-08-16 09:37:23,99.6800,1
2018-08-16 09:37:24,100.5500,4
2018-08-16 09:37:25,100.0400,1
2018-08-16 09:37:26,100.2100,1
2018-08-16 09:37:27,100.2100,1
2018-08-16 09:37:28,100.2000,1
2018-08-16 09:37:29,99.2100,1
2018-08-16 09:37:30,99.2100,1
2018-08-16 09:37:31,99.2100,20
2018-08-16 09:37:32,101.1900,1
2018-08-16 09:37:33,101.1900,1
2018-08-16 09:37:34,99.2100,20
2018-08-16 09:37:35,99.2200,1
2018-08-16 09:37:36,99.2200,1
2018-08-16 09:37:37,99.2200,4
2018-08-16 09:37:38,100.1800,1
2018-08-16 09:37:39,100.1800,1
2018-08-16 09:37:42,99.2200,1
2018-08-16 09:37:43,99.2200,19
2018-08-16 09:37:44,100.1800,1
2018-08-16 09:37:45,99.2300,7
2018-08-16 09:37:46,99.2300,1
2018-08-16 09:37:48,99.2300,20
2018-08-16 09:37:49,99.2400,20
2018-08-16 09:37:50,99.2400,20
2018-08-16 09:37:51,99.2400,1
2018-08-16 09:37:52,99.2500,1
2018-08-16 09:37:53,99.2500,20
2018-08-16 09:37:54,99.2500,1
2018-08-16 09:37:55,101.2400,1
2018-08-16 09:37:56,99.2800,1
2018-08-16 09:37:57,100.1600,16
2018-08-16 09:37:58,101.3000,1
2018-08-16 09:37:59,99.2900,20
2018-08-16 09:38:00,99.2900,1
2018-08-16 09:38:02,99.2900,1
2018-08-16 09:38:03,101.3000,6
2018-08-16 09:38:04,99.3000,15
2018-08-16 09:38:05,101.3000,20
2018-08-16 09:38:06,99.3100,1
2018-08-16 09:38:07,99.3100,17
2018-08-16 09:38:08,99.3200,1
2018-08-16 09:38:09,101.3100,1
2018-08-16 09:38:10,99.3200,1
2018-08-16 09:38:11,101.3100,1
2018-08-16 09:38:12,99.3300,1
2018-08-16 09:38:13,101.3000,20
2018-08-16 09:38:14,99.3700,20
2018-08-16 09:38:15,99.3700,18
2018-08-16 09:38:16,99.3800,6
2018-08-16 09:38:17,101.3000,20
2018-08-16 09:38:18,99.0400,20
2018-08-16 09:38:19,101.3000,1
2018-08-16 09:38:20,99.0500,20
2018-08-16 09:38:21,99.3800,1
2018-08-16 09:38:22,99.0300,7
2018-08-16 09:38:23,99.0200,40
2018-08-16 09:38:24,101.3000,20
2018-08-16 09:38:25,101.3000,1
2018-08-16 09:38:27,101.3000,1
2018-08-16 09:38:28,99.0400,20
2018-08-16 09:38:29,99.0500,1
2018-08-16 09:38:30,99.0600,2
2018-08-16 09:38:31,99.0600,2
2018-08-16 09:38:33,101.3000,1
2018-08-16 09:38:34,101.3000,1
2018-08-16 09:38:35,99.3800,1
2018-08-16 09:38:36,99.3800,1
2018-08-16 09:38:37,99.3800,1
2018-08-16 09:38:38,99.3800,1
2018-08-16 09:38:39,99.3800,1
2018-08-16 09:38:41,99.3800,1
2018-08-16 09:38:42,99.3800,1
2018-08-16 09:38:43,99.3800,1
2018-08-16 09:38:44,99.3900,1
2018-08-16 09:38:45,99.3900,20
2018-08-16 09:38:46,99.3900,16
2018-08-16 09:38:47,99.4000,1
2018-08-16 09:38:48,99.0200,3
2018-08-16 09:38:49,99.0200,1
2018-08-16 09:38:50,99.4000,20
2018-08-16 09:38:51,101.2900,3
2018-08-16 09:38:53,99.4000,17
2018-08-16 09:38:54,99.4000,1
2018-08-16 09:38:55,99.4100,1
2018-08-16 09:38:56,101.2800,1
2018-08-16 09:38:57,99.4100,1
2018-08-16 09:38:58,99.4100,1
2018-08-16 09:38:59,99.4100,1
2018-08-16 09:39:00,99.4100,9
2018-08-16 09:39:01,101.2800,1
2018-08-16 09:39:02,99.4200,1
2018-08-16 09:39:04,99.6700,10
2018-08-16 09:39:05,99.6700,20
2018-08-16 09:39:06,99.6700,1
2018-08-16 09:39:07,99.6700,1
2018-08-16 09:39:08,101.2800,1
2018-08-16 09:39:09,99.0100,41
2018-08-16 09:39:11,98.7900,14
2018-08-16 09:39:12,98.7600,1
2018-08-16 09:39:13,98.7600,1
2018-08-16 09:39:14,99.0700,1
2018-08-16 09:39:15,99.0700,1
2018-08-16 09:39:16,99.0700,1
2018-08-16 09:39:17,101.1600,1
2018-08-16 09:39:18,99.0700,20
2018-08-16 09:39:19,101.1600,1
2018-08-16 09:39:21,99.0800,20
2018-08-16 09:39:22,99.0900,20
2018-08-16 09:39:23,101.1600,20
2018-08-16 09:39:24,101.1600,20
2018-08-16 09:39:25,101.1600,20
2018-08-16 09:39:26,99.1000,1
2018-08-16 09:39:27,99.1100,1
2018-08-16 09:39:28,101.1500,1
2018-08-16 09:39:29,99.7400,1
2018-08-16 09:39:30,101.1500,1
2018-08-16 09:39:31,101.1500,20
2018-08-16 09:39:33,98.7100,1
2018-08-16 09:39:34,98.7100,14
2018-08-16 09:39:36,98.7200,20
2018-08-16 09:39:37,98.7100,20
2018-08-16 09:39:38,98.7200,1
2018-08-16 09:39:39,98.7200,1
2018-08-16 09:39:40,98.7200,1
2018-08-16 09:39:41,101.1400,1
2018-08-16 09:39:43,98.7200,5
2018-08-16 09:39:44,101.1400,20
2018-08-16 09:39:46,101.1400,1
2018-08-16 09:39:47,98.7300,20
2018-08-16 09:39:48,98.7300,1
2018-08-16 09:39:49,98.7300,1
2018-08-16 09:39:50,98.7300,1
2018-08-16 09:39:51,98.7300,1
2018-08-16 09:39:52,98.7400,17
2018-08-16 09:39:53,98.7400,1
2018-08-16 09:39:54,98.7400,20
2018-08-16 09:39:55,101.1200,18
2018-08-16 09:39:56,101.1200,15
2018-08-16 09:39:57,101.1200,20
2018-08-16 09:39:58,98.7400,1
2018-08-16 09:39:59,101.0900,1
2018-08-16 09:40:01,101.0900,1
2018-08-16 09:40:02,100.1600,1
2018-08-16 09:40:03,100.1600,1
2018-08-16 09:40:04,101.0700,20
2018-08-16 09:40:05,100.1600,1
2018-08-16 09:40:06,100.1600,1
2018-08-16 09:40:07,101.1400,1
2018-08-16 09:40:08,101.1400,20
2018-08-16 09:40:09,99.0600,3
2018-08-16 09:40:10,101.1300,2
2018-08-16 09:40:11,101.1300,2
2018-08-16 09:40:12,99.0800,1
2018-08-16 09:40:13,99.0900,1
2018-08-16 09:40:14,99.0900,1
2018-08-16 09:40:15,99.0900,1
2018-08-16 09:40:17,101.1300,20
2018-08-16 09:40:18,100.1600,1
2018-08-16 09:40:19,100.1600,1
2018-08-16 09:40:20,100.1700,20
2018-08-16 09:40:21,100.1800,1
2018-08-16 09:40:22,101.1300,1
2018-08-16 09:40:23,100.1800,20
2018-08-16 09:40:24,100.1800,20
2018-08-16 09:40:25,101.1200,20
2018-08-16 09:40:26,99.0700,1
2018-08-16 09:40:27,99.0700,19
2018-08-16 09:40:28,99.0800,11
2018-08-16 09:40:29,101.1200,19
2018-08-16 09:40:30,101.1200,1
2018-08-16 09:40:31,101.1200,1
2018-08-16 09:40:33,100.1800,1
2018-08-16 09:40:34,101.1200,14
2018-08-16 09:40:35,101.1200,1
2018-08-16 09:40:36,100.1900,1
2018-08-16 09:40:37,100.1900,20
2018-08-16 09:40:38,101.1100,16
2018-08-16 09:40:39,101.1100,1
2018-08-16 09:40:40,100.1900,1
2018-08-16 09:40:41,101.1100,20
2018-08-16 09:40:42,100.1900,20
2018-08-16 09:40:43,100.1900,18
2018-08-16 09:40:44,100.2000,1
2018-08-16 09:40:45,100.2000,1
2018-08-16 09:40:46,100.2000,1
2018-08-16 09:40:47,100.2000,20
2018-08-16 09:40:48,100.2000,1
2018-08-16 09:40:49,100.2000,20
2018-08-16 09:40:51,100.2000,20
2018-08-16 09:40:52,101.1500,1
2018-08-16 09:40:53,101.1400,1
2018-08-16 09:40:54,100.2100,20
2018-08-16 09:40:55,100.2100,1
2018-08-16 09:40:56,100.7000,1
2018-08-16 09:40:57,101.1400,20
2018-08-16 09:40:58,101.1400,1
2018-08-16 09:40:59,100.7000,20
2018-08-16 09:41:00,101.1400,1
2018-08-16 09:41:01,100.7000,15
2018-08-16 09:41:03,101.1400,1
2018-08-16 09:41:04,101.1400,1
2018-08-16 09:41:05,100.7000,1
2018-08-16 09:41:06,100.7000,10
2018-08-16 09:41:07,100.7100,20
2018-08-16 09:41:08,101.1400,10
2018-08-16 09:41:09,100.7100,1
2018-08-16 09:41:10,100.7100,4
2018-08-16 09:41:11,101.1300,20
2018-08-16 09:41:12,100.7100,1
2018-08-16 09:41:13,100.7100,1
2018-08-16 09:41:14,100.7100,20
2018-08-16 09:41:15,100.7100,1
2018-08-16 09:41:16,100.7100,20
2018-08-16 09:41:17,101.1200,1
2018-08-16 09:41:18,101.1200,5
2018-08-16 09:41:19,101.1200,1
2018-08-16 09:41:20,100.7100,1
2018-08-16 09:41:21,100.7100,15
2018-08-16 09:41:23,100.7100,5
2018-08-16 09:41:24,101.1000,20
2018-08-16 09:41:26,100.7200,1
2018-08-16 09:41:27,101.1000,1
2018-08-16 09:41:28,101.1000,3
2018-08-16 09:41:29,100.7200,20
2018-08-16 09:41:30,101.0900,20
2018-08-16 09:41:31,100.7300,6
2018-08-16 09:41:32,100.7300,20
2018-08-16 09:41:33,100.7300,1
2018-08-16 09:41:34,100.7300,1
2018-08-16 09:41:35,100.7300,18
2018-08-16 09:41:36,100.7400,1
2018-08-16 09:41:37,100.7400,8
2018-08-16 09:41:38,101.0500,20
2018-08-16 09:41:39,100.7400,1
2018-08-16 09:41:40,100.7400,16
2018-08-16 09:41:41,100.7500,20
2018-08-16 09:41:42,101.0500,1
2018-08-16 09:41:43,100.7500,1
2018-08-16 09:41:44,100.9700,20
2018-08-16 09:41:45,101.0500,1
2018-08-16 09:41:46,101.0000,6
2018-08-16 09:41:47,101.0000,1
2018-08-16 09:41:48,101.0100,9
2018-08-16 09:41:49,101.0200,1
2018-08-16 09:41:50,101.0200,1
2018-08-16 09:41:51,101.0300,20
2018-08-16 09:41:54,101.0300,1
2018-08-16 09:41:55,101.0500,1
2018-08-16 09:41:56,101.0300,1
2018-08-16 09:41:57,101.0300,1
2018-08-16 09:41:58,101.0500,1
2018-08-16 09:41:59,101.0500,1
2018-08-16 09:42:00,101.0500,20
2018-08-16 09:42:01,101.0400,2
2018-08-16 09:42:02,101.0400,20
2018-08-16 09:42:03,101.0400,20
2018-08-16 09:42:04,101.0300,20
2018-08-16 09:42:05,101.0300,1
2018-08-16 09:42:06,101.0400,14
2018-08-16 09:42:07,101.0400,1
2018-08-16 09:42:08,101.0400,20
2018-08-16 09:42:09,101.0400,20
2018-08-16 09:42:10,101.0400,1
2018-08-16 09:42:11,101.0300,20
2018-08-16 09:42:12,101.0300,20
2018-08-16 09:42:13,101.0400,2
2018-08-16 09:42:14,101.0400,1
2018-08-16 09:42:15,101.0400,20
2018-08-16 09:42:16,101.0400,20
2018-08-16 09:42:17,101.0400,1
2018-08-16 09:42:18,101.0400,1
2018-08-16 09:42:19,101.0300,1
2018-08-16 09:42:20,101.0300,1
2018-08-16 09:42:21,101.0300,3
2018-08-16 09:42:22,101.0300,1
2018-08-16 09:42:23,101.0400,1
2018-08-16 09:42:24,101.0300,1
2018-08-16 09:42:25,101.0300,1
2018-08-16 09:42:26,101.0400,20
2018-08-16 09:42:27,101.0300,1
2018-08-16 09:42:28,101.0400,1
2018-08-16 09:42:29,101.0300,1
2018-08-16 09:42:30,101.0200,1
2018-08-16 09:42:31,101.0200,1
2018-08-16 09:42:32,101.0200,1
2018-08-16 09:42:33,101.0400,20
2018-08-16 09:42:34,101.0300,19
2018-08-16 09:42:35,101.0400,1
2018-08-16 09:42:36,101.0200,1
2018-08-16 09:42:37,101.0500,15
2018-08-16 09:42:38,101.0200,4
2018-08-16 09:42:39,101.0500,20
2018-08-16 09:42:40,101.0200,1
2018-08-16 09:42:41,101.0500,4
2018-08-16 09:42:42,101.0200,1
2018-08-16 09:42:43,101.0200,1
2018-08-16 09:42:44,101.0500,20
2018-08-16 09:42:45,101.0200,12
2018-08-16 09:42:46,101.0200,8
2018-08-16 09:42:47,101.0300,20
2018-08-16 09:42:48,101.0500,20
2018-08-16 09:42:49,101.0400,1
2018-08-16 09:42:50,101.0300,1
2018-08-16 09:42:52,101.0300,1
2018-08-16 09:42:53,101.0200,20
2018-08-16 09:42:54,101.0300,1
2018-08-16 09:42:56,101.0300,1
2018-08-16 09:42:57,101.0500,1
2018-08-16 09:42:58,101.0400,1
2018-08-16 09:42:59,101.0400,2
2018-08-16 09:43:00,101.0500,1
2018-08-16 09:43:01,101.0500,1
2018-08-16 09:43:02,101.0600,7
2018-08-16 09:43:03,101.0600,7
2018-08-16 09:43:04,101.0600,7
2018-08-16 09:43:05,101.0500,1
2018-08-16 09:43:06,101.0500,1
2018-08-16 09:43:08,101.0300,18
2018-08-16 09:43:09,101.0400,1
2018-08-16 09:43:10,101.0600,20
2018-08-16 09:43:11,101.0400,19
2018-08-16 09:43:12,101.0400,1
2018-08-16 09:43:13,101.0600,1
2018-08-16 09:43:14,101.0200,1
2018-08-16 09:43:15,101.0600,20
2018-08-16 09:43:16,101.0600,20
2018-08-16 09:43:17,101.0400,1
2018-08-16 09:43:18,101.0400,1
2018-08-16 09:43:19,101.0400,18
2018-08-16 09:43:20,101.0700,1
2018-08-16 09:43:21,101.0600,1
2018-08-16 09:43:22,101.0700,18
2018-08-16 09:43:23,101.0400,1
2018-08-16 09:43:24,101.0700,9
2018-08-16 09:43:25,101.0700,20
2018-08-16 09:43:26,101.0600,1
2018-08-16 09:43:27,101.0500,1
2018-08-16 09:43:28,101.0400,17
2018-08-16 09:43:29,101.0700,1
2018-08-16 09:43:30,101.0700,1
2018-08-16 09:43:31,101.0700,1
2018-08-16 09:43:32,101.0300,1
2018-08-16 09:43:33,101.0700,17
2018-08-16 09:43:34,101.0200,8
2018-08-16 09:43:35,101.0400,1
2018-08-16 09:43:36,101.0100,1
2018-08-16 09:43:37,101.0200,1
2018-08-16 09:43:38,101.0700,1
2018-08-16 09:43:39,101.0200,1
2018-08-16 09:43:40,101.0200,19
2018-08-16 09:43:41,101.0200,1
2018-08-16 09:43:42,101.0100,2
2018-08-16 09:43:43,101.0200,1
2018-08-16 09:43:44,101.0200,1
2018-08-16 09:43:45,101.0700,20
2018-08-16 09:43:46,101.0700,20
2018-08-16 09:43:47,101.0200,20
2018-08-16 09:43:48,101.0700,1
2018-08-16 09:43:49,101.0700,1
2018-08-16 09:43:50,101.0400,1
2018-08-16 09:43:51,101.0700,1
2018-08-16 09:43:52,101.0200,20
2018-08-16 09:43:53,101.0700,1
2018-08-16 09:43:54,101.0600,20
2018-08-16 09:43:55,101.0400,20
2018-08-16 09:43:56,101.0200,1
2018-08-16 09:43:57,101.0700,1
2018-08-16 09:43:58,101.0700,1
2018-08-16 09:43:59,101.0700,1
2018-08-16 09:44:00,101.0700,10
2018-08-16 09:44:01,101.0700,20
2018-08-16 09:44:02,101.0400,1
2018-08-16 09:44:03,101.0400,1
2018-08-16 09:44:05,101.0600,1
2018-08-16 09:44:06,101.0200,1
2018-08-16 09:44:07,101.0100,1
2018-08-16 09:44:08,101.0100,1
2018-08-16 09:44:09,101.0700,20
2018-08-16 09:44:10,101.0300,1
2018-08-16 09:44:11,101.0700,6
2018-08-16 09:44:12,101.0500,1
2018-08-16 09:44:13,101.0700,19
2018-08-16 09:44:14,101.0700,1
2018-08-16 09:44:15,101.0700,1
2018-08-16 09:44:16,101.0300,11
2018-08-16 09:44:17,101.0300,1
2018-08-16 09:44:18,101.0300,1
2018-08-16 09:44:19,101.0300,1
2018-08-16 09:44:20,101.0200,1
2018-08-16 09:44:21,101.0200,1
2018-08-16 09:44:22,101.0100,4
2018-08-16 09:44:23,101.0700,1
2018-08-16 09:44:24,101.0700,1
2018-08-16 09:44:25,101.0700,1
2018-08-16 09:44:26,101.0700,1
2018-08-16 09:44:27,101.0800,16
2018-08-16 09:44:28,101.1000,12
2018-08-16 09:44:29,101.1000,12
2018-08-16 09:44:30,101.1000,2
2018-08-16 09:44:31,101.0800,1
2018-08-16 09:44:32,101.1000,1
2018-08-16 09:44:33,101.0400,1
2018-08-16 09:44:34,101.0400,1
2018-08-16 09:44:35,101.0800,10
2018-08-16 09:44:36,101.1000,1
2018-08-16 09:44:37,101.1000,1
2018-08-16 09:44:38,101.1000,20
2018-08-16 09:44:39,101.1000,1
2018-08-16 09:44:40,101.1000,1
2018-08-16 09:44:41,101.0300,6
2018-08-16 09:44:42,101.0300,1
2018-08-16 09:44:43,101.1000,19
2018-08-16 09:44:44,101.1000,1
2018-08-16 09:44:45,101.1000,1
2018-08-16 09:44:47,101.1000,1
2018-08-16 09:44:48,101.0100,6
2018-08-16 09:44:49,101.1100,19
2018-08-16 09:44:50,101.0800,18
2018-08-16 09:44:52,101.1100,20
2018-08-16 09:44:53,101.0800,2
2018-08-16 09:44:54,101.1100,2
2018-08-16 09:44:56,101.0100,20
2018-08-16 09:44:57,101.0100,18
2018-08-16 09:44:58,101.0400,8
2018-08-16 09:44:59,101.1100,11
2018-08-16 09:45:00,101.1200,14
2018-08-16 09:45:01,101.1200,14
2018-08-16 09:45:02,101.0800,1
2018-08-16 09:45:03,101.1200,20
2018-08-16 09:45:04,101.0400,18
2018-08-16 09:45:05,101.1200,17
2018-08-16 09:45:06,101.1200,17
2018-08-16 09:45:07,101.1300,1
2018-08-16 09:45:08,101.1200,7
2018-08-16 09:45:09,101.0800,1
2018-08-16 09:45:10,101.0300,1
2018-08-16 09:45:11,101.0300,1
2018-08-16 09:45:12,101.0800,1
2018-08-16 09:45:14,101.0600,1
2018-08-16 09:45:15,101.1300,4
2018-08-16 09:45:16,101.1300,1
2018-08-16 09:45:17,101.1300,20
2018-08-16 09:45:18,101.1300,20
2018-08-16 09:45:19,101.0600,1
2018-08-16 09:45:20,101.0000,20
2018-08-16 09:45:21,101.1300,2
2018-08-16 09:45:22,100.9900,1
2018-08-16 09:45:23,100.9900,1
2018-08-16 09:45:24,101.0600,1
2018-08-16 09:45:25,101.1400,20
2018-08-16 09:45:26,101.1400,1
2018-08-16 09:45:27,101.1400,20
2018-08-16 09:45:28,101.1400,20
2018-08-16 09:45:29,101.0600,1
2018-08-16 09:45:30,101.1000,1
2018-08-16 09:45:31,101.1000,1
2018-08-16 09:45:32,101.1400,20
2018-08-16 09:45:33,101.1000,19
2018-08-16 09:45:34,101.1400,1
2018-08-16 09:45:35,101.1400,19
2018-08-16 09:45:36,101.1400,20
2018-08-16 09:45:37,101.1400,1
2018-08-16 09:45:38,100.9900,19
2018-08-16 09:45:39,101.1400,1
2018-08-16 09:45:40,101.1300,1
2018-08-16 09:45:41,101.1300,1
2018-08-16 09:45:42,101.1500,1
2018-08-16 09:45:43,101.1500,1
2018-08-16 09:45:44,101.0700,1
2018-08-16 09:45:45,101.1500,20
2018-08-16 09:45:46,101.0700,1
2018-08-16 09:45:47,101.1500,20
2018-08-16 09:45:48,101.1500,3
2018-08-16 09:45:49,101.1500,16
2018-08-16 09:45:50,101.0700,1
2018-08-16 09:45:51,100.9800,20
2018-08-16 09:45:52,101.0700,1
2018-08-16 09:45:53,101.0300,20
2018-08-16 09:45:54,101.0700,1
2018-08-16 09:45:55,101.1600,1
2018-08-16 09:45:56,101.0700,1
2018-08-16 09:45:57,101.1600,1
2018-08-16 09:45:58,100.9800,1
2018-08-16 09:45:59,101.1600,1
2018-08-16 09:46:00,101.1600,1
2018-08-16 09:46:02,101.1600,2
2018-08-16 09:46:03,101.0500,1
2018-08-16 09:46:04,101.0600,1
2018-08-16 09:46:05,101.1600,3
2018-08-16 09:46:06,101.1600,3
2018-08-16 09:46:07,101.1000,20
2018-08-16 09:46:08,101.1000,20
2018-08-16 09:46:09,101.1600,20
2018-08-16 09:46:10,101.1600,20
2018-08-16 09:46:11,101.1000,1
2018-08-16 09:46:12,101.1600,20
2018-08-16 09:46:13,101.1600,20
2018-08-16 09:46:14,100.9700,1
2018-08-16 09:46:15,101.0800,1
2018-08-16 09:46:16,101.1600,1
2018-08-16 09:46:17,101.1600,1
2018-08-16 09:46:18,100.9700,19
2018-08-16 09:46:19,101.1600,1
2018-08-16 09:46:20,101.1600,1
2018-08-16 09:46:21,100.9700,1
2018-08-16 09:46:22,100.9700,1
2018-08-16 09:46:23,101.1600,1
2018-08-16 09:46:24,101.0600,20
2018-08-16 09:46:25,101.1600,1
2018-08-16 09:46:26,101.0600,1
2018-08-16 09:46:27,101.1600,19
2018-08-16 09:46:28,101.0600,19
2018-08-16 09:46:29,101.0600,1
2018-08-16 09:46:30,101.1600,1
2018-08-16 09:46:31,101.1600,1
2018-08-16 09:46:32,101.1600,1
2018-08-16 09:46:33,101.1100,1
2018-08-16 09:46:34,101.1100,1
2018-08-16 09:46:35,101.1100,1
2018-08-16 09:46:36,101.1600,7
2018-08-16 09:46:37,101.1700,4
2018-08-16 09:46:39,101.1700,20
2018-08-16 09:46:40,101.1100,1
2018-08-16 09:46:41,101.1400,1
2018-08-16 09:46:42,101.1400,1
2018-08-16 09:46:43,101.1400,4
2018-08-16 09:46:44,101.1700,1
2018-08-16 09:46:45,101.1700,1
2018-08-16 09:46:46,101.1200,1
2018-08-16 09:46:47,101.1700,1
2018-08-16 09:46:48,101.1200,1
2018-08-16 09:46:49,101.0700,1
2018-08-16 09:46:50,101.0700,1
2018-08-16 09:46:51,101.1700,3
2018-08-16 09:46:52,101.0200,1
2018-08-16 09:46:53,100.9700,1
2018-08-16 09:46:54,101.0000,1
2018-08-16 09:46:55,101.1700,2
2018-08-16 09:46:56,101.1700,1
2018-08-16 09:46:57,101.1300,20
2018-08-16 09:46:58,101.1700,20
2018-08-16 09:46:59,101.1700,20
2018-08-16 09:47:00,101.1300,1
2018-08-16 09:47:02,101.1700,2
2018-08-16 09:47:03,100.9700,1
2018-08-16 09:47:04,101.0300,1
2018-08-16 09:47:05,101.0900,1
2018-08-16 09:47:06,101.0900,1
2018-08-16 09:47:07,101.1700,10
2018-08-16 09:47:08,101.0900,20
2018-08-16 09:47:09,101.1300,20
2018-08-16 09:47:10,101.0900,19
2018-08-16 09:47:11,101.0900,2
2018-08-16 09:47:12,101.0700,1
2018-08-16 09:47:13,101.1700,1
2018-08-16 09:47:14,101.1700,20
2018-08-16 09:47:15,101.1800,20
2018-08-16 09:47:16,101.1200,1
2018-08-16 09:47:17,101.1200,1
2018-08-16 09:47:18,101.1800,20
2018-08-16 09:47:19,101.1800,1
2018-08-16 09:47:20,101.1800,20
2018-08-16 09:47:21,101.1800,4
2018-08-16 09:47:22,101.0700,1
2018-08-16 09:47:23,101.1800,20
2018-08-16 09:47:24,101.1800,20
2018-08-16 09:47:25,100.9600,1
2018-08-16 09:47:26,101.1800,5
2018-08-16 09:47:27,101.1800,1
2018-08-16 09:47:28,100.9600,3
2018-08-16 09:47:29,100.9600,3
2018-08-16 09:47:30,101.1800,20
2018-08-16 09:47:31,101.0600,1
2018-08-16 09:47:32,101.0600,19
2018-08-16 09:47:33,101.0600,1
2018-08-16 09:47:34,101.1800,1
2018-08-16 09:47:35,101.1800,20
2018-08-16 09:47:36,101.1800,20
2018-08-16 09:47:37,101.1800,19
2018-08-16 09:47:38,101.1800,8
2018-08-16 09:47:39,101.1800,20
2018-08-16 09:47:40,101.0600,20
2018-08-16 09:47:41,101.1200,1
2018-08-16 09:47:42,101.1800,20
2018-08-16 09:47:43,101.1900,13
2018-08-16 09:47:44,101.1900,20
2018-08-16 09:47:45,101.1200,1
2018-08-16 09:47:46,101.1900,1
2018-08-16 09:47:47,101.1900,1
2018-08-16 09:47:48,101.1900,1
2018-08-16 09:47:49,101.1900,8
2018-08-16 09:47:50,101.1900,20
2018-08-16 09:47:51,101.1900,1
2018-08-16 09:47:52,101.0700,1
2018-08-16 09:47:53,100.9500,1
2018-08-16 09:47:54,101.1900,20
2018-08-16 09:47:55,101.1900,1
2018-08-16 09:47:56,101.1500,1
2018-08-16 09:47:57,101.1500,1
2018-08-16 09:47:58,101.1900,1
2018-08-16 09:47:59,101.0700,20
2018-08-16 09:48:00,101.0700,20
2018-08-16 09:48:01,100.9500,1
2018-08-16 09:48:02,101.0800,1
2018-08-16 09:48:03,101.0200,20
2018-08-16 09:48:04,100.9500,4
2018-08-16 09:48:05,101.0100,1
2018-08-16 09:48:06,101.0100,18
2018-08-16 09:48:07,101.2100,1
2018-08-16 09:48:08,101.2100,1
2018-08-16 09:48:09,101.2100,18
2018-08-16 09:48:10,101.1600,1
2018-08-16 09:48:11,101.2100,1
2018-08-16 09:48:12,101.1100,1
2018-08-16 09:48:13,101.1100,1
2018-08-16 09:48:14,101.1100,20
2018-08-16 09:48:15,101.1100,1
2018-08-16 09:48:16,101.1100,16
2018-08-16 09:48:17,101.2100,4
2018-08-16 09:48:18,101.2100,1
2018-08-16 09:48:19,101.2100,14
2018-08-16 09:48:20,101.2100,14
2018-08-16 09:48:21,101.1900,1
2018-08-16 09:48:22,101.2100,1
2018-08-16 09:48:23,101.2100,1
2018-08-16 09:48:24,101.1500,1
2018-08-16 09:48:25,101.1500,1
2018-08-16 09:48:26,101.1100,4
2018-08-16 09:48:27,101.1100,1
2018-08-16 09:48:28,101.2100,6
2018-08-16 09:48:29,101.2100,20
2018-08-16 09:48:30,101.2100,5
2018-08-16 09:48:31,101.2200,20
2018-08-16 09:48:32,101.2200,20
2018-08-16 09:48:33,101.2200,20
2018-08-16 09:48:34,101.2200,1
2018-08-16 09:48:35,101.2200,1
2018-08-16 09:48:36,101.2200,1
2018-08-16 09:48:37,101.2200,20
2018-08-16 09:48:38,101.2200,20
2018-08-16 09:48:39,101.2200,20
2018-08-16 09:48:40,100.9400,6
2018-08-16 09:48:41,100.9400,6
2018-08-16 09:48:42,101.2200,1
2018-08-16 09:48:43,101.0800,1
2018-08-16 09:48:44,101.2200,1
2018-08-16 09:48:45,101.0800,1
2018-08-16 09:48:46,101.2200,4
2018-08-16 09:48:47,101.2300,1
2018-08-16 09:48:49,101.0100,1
2018-08-16 09:48:50,101.1200,1
2018-08-16 09:48:51,101.2300,1
2018-08-16 09:48:52,100.6900,1
2018-08-16 09:48:53,101.2300,8
2018-08-16 09:48:54,101.2400,1
2018-08-16 09:48:55,101.2400,15
2018-08-16 09:48:56,100.9600,1
2018-08-16 09:48:57,101.1000,20
2018-08-16 09:48:58,100.6900,1
2018-08-16 09:48:59,100.6900,1
2018-08-16 09:49:00,100.6800,1
2018-08-16 09:49:02,101.2500,3
2018-08-16 09:49:03,101.2500,1
2018-08-16 09:49:04,100.6700,1
2018-08-16 09:49:05,101.3500,2
2018-08-16 09:49:06,100.9600,1
2018-08-16 09:49:07,101.3500,2
2018-08-16 09:49:08,101.2300,1
2018-08-16 09:49:09,101.1200,1
2018-08-16 09:49:10,101.1200,1
2018-08-16 09:49:11,101.0100,1
2018-08-16 09:49:12,101.1200,20
2018-08-16 09:49:13,101.3500,1
2018-08-16 09:49:14,101.0100,1
2018-08-16 09:49:15,100.3500,19
2018-08-16 09:49:16,100.3500,13
2018-08-16 09:49:17,100.3200,1
2018-08-16 09:49:18,100.3500,1
2018-08-16 09:49:19,100.3500,1
2018-08-16 09:49:20,100.3500,18
2018-08-16 09:49:21,100.3500,18
2018-08-16 09:49:22,100.3500,1
2018-08-16 09:49:23,100.3500,1
2018-08-16 09:49:24,100.3300,1
2018-08-16 09:49:25,100.3500,1
2018-08-16 09:49:26,101.3500,1
2018-08-16 09:49:27,101.7300,13
2018-08-16 09:49:28,101.7400,20
2018-08-16 09:49:29,101.7400,9
2018-08-16 09:49:30,101.7400,20
2018-08-16 09:49:31,101.7400,20
2018-08-16 09:49:32,101.7400,20
2018-08-16 09:49:33,101.7400,20
2018-08-16 09:49:34,101.7400,20
2018-08-16 09:49:35,101.7500,1
2018-08-16 09:49:36,100.3200,1
2018-08-16 09:49:37,101.7500,20
2018-08-16 09:49:38,101.7500,1
2018-08-16 09:49:39,100.3200,20
2018-08-16 09:49:40,101.7500,20
2018-08-16 09:49:41,100.3200,14
2018-08-16 09:49:42,101.5700,20
2018-08-16 09:49:43,101.7500,12
2018-08-16 09:49:44,101.5700,20
2018-08-16 09:49:45,100.8300,1
2018-08-16 09:49:46,101.7500,12
2018-08-16 09:49:47,101.7500,20
2018-08-16 09:49:48,101.4000,1
2018-08-16 09:49:49,101.0300,1
2018-08-16 09:49:50,100.3100,1
2018-08-16 09:49:51,100.3100,1
2018-08-16 09:49:52,101.7600,1
2018-08-16 09:49:53,100.3100,1
2018-08-16 09:49:54,101.0300,1
2018-08-16 09:49:55,101.7600,1
2018-08-16 09:49:56,101.7600,1
2018-08-16 09:49:57,101.7600,1
2018-08-16 09:49:58,101.7600,1
2018-08-16 09:49:59,101.7600,11
2018-08-16 09:50:00,100.3100,1
2018-08-16 09:50:01,100.3000,1
2018-08-16 09:50:02,101.7700,20
2018-08-16 09:50:03,101.0300,20
2018-08-16 09:50:04,101.1200,1
2018-08-16 09:50:05,101.0300,1
2018-08-16 09:50:06,100.3000,1
2018-08-16 09:50:07,101.7800,1
2018-08-16 09:50:08,101.7800,1
2018-08-16 09:50:09,101.6900,20
2018-08-16 09:50:10,101.7800,1
2018-08-16 09:50:11,101.7800,1
2018-08-16 09:50:12,101.4400,1
2018-08-16 09:50:13,101.7900,20
2018-08-16 09:50:14,101.7900,20
2018-08-16 09:50:15,101.8200,1
2018-08-16 09:50:16,101.9700,4
2018-08-16 09:50:17,101.8200,1
2018-08-16 09:50:18,102.4300,8
2018-08-16 09:50:19,101.3600,1
2018-08-16 09:50:20,100.2900,1
2018-08-16 09:50:21,102.4300,1
2018-08-16 09:50:22,100.2900,4
2018-08-16 09:50:23,100.2900,1
2018-08-16 09:50:24,102.4300,20
2018-08-16 09:50:25,102.4300,9
2018-08-16 09:50:26,102.4400,11
2018-08-16 09:50:27,102.4400,20
2018-08-16 09:50:28,101.4300,20
2018-08-16 09:50:29,100.2800,1
2018-08-16 09:50:30,102.4600,1
2018-08-16 09:50:31,100.2800,11
2018-08-16 09:50:32,99.9500,20
2018-08-16 09:50:33,99.9500,1
2018-08-16 09:50:34,102.4700,1
2018-08-16 09:50:35,102.4700,1
2018-08-16 09:50:36,102.4700,10
2018-08-16 09:50:37,102.7000,1
2018-08-16 09:50:38,101.5300,1
2018-08-16 09:50:39,102.1200,1
2018-08-16 09:50:40,101.5300,18
2018-08-16 09:50:41,101.7500,19
2018-08-16 09:50:43,102.7000,20
2018-08-16 09:50:44,102.7000,1
2018-08-16 09:50:45,102.7000,19
2018-08-16 09:50:46,102.7000,19
2018-08-16 09:50:47,99.9500,20
2018-08-16 09:50:48,102.7000,20
2018-08-16 09:50:49,101.5900,1
2018-08-16 09:50:50,102.7000,20
2018-08-16 09:50:51,102.7000,1
2018-08-16 09:50:52,102.7000,1
2018-08-16 09:50:53,102.7000,1
2018-08-16 09:50:54,99.9500,1
2018-08-16 09:50:55,100.3100,1
2018-08-16 09:50:56,102.7100,8
2018-08-16 09:50:57,102.5200,20
2018-08-16 09:50:58,102.7100,1
2018-08-16 09:51:00,102.7100,20
2018-08-16 09:51:01,100.1100,19
2018-08-16 09:51:02,102.7100,8
2018-08-16 09:51:03,99.9400,1
2018-08-16 09:51:04,100.1600,1
2018-08-16 09:51:05,100.0000,1
2018-08-16 09:51:06,100.0000,1
2018-08-16 09:51:07,100.0000,1
2018-08-16 09:51:08,102.7100,1
2018-08-16 09:51:09,102.7100,20
2018-08-16 09:51:10,102.0100,1
2018-08-16 09:51:11,102.3900,20
2018-08-16 09:51:12,102.7200,17
2018-08-16 09:51:13,102.7200,1
2018-08-16 09:51:14,102.7200,1
2018-08-16 09:51:15,102.7200,20
2018-08-16 09:51:16,102.7200,1
2018-08-16 09:51:17,102.0300,1
2018-08-16 09:51:18,101.3300,1
2018-08-16 09:51:19,99.9400,7
2018-08-16 09:51:20,99.9300,20
2018-08-16 09:51:21,99.9800,1
2018-08-16 09:51:22,99.9800,19
2018-08-16 09:51:23,102.7200,1
2018-08-16 09:51:24,99.9900,1
2018-08-16 09:51:25,102.3400,1
2018-08-16 09:51:26,102.3400,1
2018-08-16 09:51:27,99.9200,9
2018-08-16 09:51:28,102.3400,1
2018-08-16 09:51:29,102.7200,1
2018-08-16 09:51:30,99.9200,1
2018-08-16 09:51:31,100.8400,1
2018-08-16 09:51:32,100.8400,1
2018-08-16 09:51:33,100.8400,17
2018-08-16 09:51:34,102.3800,1
2018-08-16 09:51:35,102.5500,1
2018-08-16 09:51:36,102.7200,1
2018-08-16 09:51:37,102.0300,1
2018-08-16 09:51:38,102.5500,1
2018-08-16 09:51:39,101.2300,20
2018-08-16 09:51:40,101.5500,20
2018-08-16 09:51:41,102.7200,1
2018-08-16 09:51:42,102.7200,1
2018-08-16 09:51:43,102.7200,1
2018-08-16 09:51:44,99.9200,1
2018-08-16 09:51:45,101.3200,1
2018-08-16 09:51:46,100.6300,1
2018-08-16 09:51:47,100.6200,20
2018-08-16 09:51:48,102.7300,9
2018-08-16 09:51:49,102.7300,1
2018-08-16 09:51:50,99.9200,12
2018-08-16 09:51:51,99.9100,20
2018-08-16 09:51:52,99.9100,13
2018-08-16 09:51:53,99.8000,4
2018-08-16 09:51:54,99.9100,1
2018-08-16 09:51:55,102.7300,20
2018-08-16 09:51:56,102.3100,20
2018-08-16 09:51:57,101.2900,1
2018-08-16 09:51:58,102.0100,5
2018-08-16 09:51:59,101.2900,17
2018-08-16 09:52:00,102.7400,20
2018-08-16 09:52:01,102.5700,20
2018-08-16 09:52:02,102.7400,1
2018-08-16 09:52:03,102.7400,4
2018-08-16 09:52:04,99.1800,19
2018-08-16 09:52:05,102.7400,1
2018-08-16 09:52:06,102.7400,1
2018-08-16 09:52:07,102.7400,1
2018-08-16 09:52:08,102.3500,18
2018-08-16 09:52:09,99.1700,1
2018-08-16 09:52:10,100.5400,20
2018-08-16 09:52:11,99.8600,1
2018-08-16 09:52:12,100.8600,20
2018-08-16 09:52:13,102.7400,8
2018-08-16 09:52:14,102.7400,20
2018-08-16 09:52:15,101.3900,1
2018-08-16 09:52:16,101.3900,1
2018-08-16 09:52:17,101.1400,1
2018-08-16 09:52:18,101.0800,19
2018-08-16 09:52:19,101.0800,1
2018-08-16 09:52:20,102.7400,2
2018-08-16 09:52:21,101.5900,1
2018-08-16 09:52:22,101.4800,20
2018-08-16 09:52:23,102.7500,1
2018-08-16 09:52:24,102.7500,1
2018-08-16 09:52:25,99.1700,1
2018-08-16 09:52:26,99.1600,1
2018-08-16 09:52:27,99.1600,1
2018-08-16 09:52:28,99.1500,1
2018-08-16 09:52:29,99.1600,1
2018-08-16 09:52:30,99.1600,19
2018-08-16 09:52:31,99.1600,19
2018-08-16 09:52:32,101.1600,19
2018-08-16 09:52:33,100.1600,1
2018-08-16 09:52:34,100.6600,19
2018-08-16 09:52:35,99.6600,1
2018-08-16 09:52:36,102.0100,1
2018-08-16 09:52:38,100.3800,1
2018-08-16 09:52:39,101.8800,1
2018-08-16 09:52:40,102.7500,20
2018-08-16 09:52:41,102.3100,1
2018-08-16 09:52:42,99.5600,1
2018-08-16 09:52:43,99.5600,1
2018-08-16 09:52:44,100.3800,1
2018-08-16 09:52:45,102.9100,2
2018-08-16 09:52:46,100.4700,20
2018-08-16 09:52:47,99.1500,17
2018-08-16 09:52:48,102.9100,1
2018-08-16 09:52:49,102.9400,1
2018-08-16 09:52:50,102.9100,1
2018-08-16 09:52:51,102.9700,1
2018-08-16 09:52:52,102.9100,1
2018-08-16 09:52:53,102.9700,20
2018-08-16 09:52:54,102.9100,19
2018-08-16 09:52:55,102.9100,19
2018-08-16 09:52:56,102.9700,1
2018-08-16 09:52:57,102.9100,1
2018-08-16 09:52:58,101.1800,1
2018-08-16 09:52:59,101.1800,1
2018-08-16 09:53:00,101.2300,20
2018-08-16 09:53:01,102.9800,14
2018-08-16 09:53:02,100.4700,1
2018-08-16 09:53:03,99.8100,19
2018-08-16 09:53:04,99.8100,1
2018-08-16 09:53:05,102.4000,1
2018-08-16 09:53:06,102.4000,1
2018-08-16 09:53:07,101.6900,20
2018-08-16 09:53:08,99.6900,1
2018-08-16 09:53:09,102.9800,1
2018-08-16 09:53:10,102.9800,20
2018-08-16 09:53:11,99.1400,16
2018-08-16 09:53:12,102.9900,17
2018-08-16 09:53:13,102.9900,1
2018-08-16 09:53:14,102.9800,11
2018-08-16 09:53:15,102.9900,9
2018-08-16 09:53:16,102.9800,1
2018-08-16 09:53:17,102.9800,1
2018-08-16 09:53:18,102.9900,10
2018-08-16 09:53:19,102.9900,20
2018-08-16 09:53:20,102.6900,1
2018-08-16 09:53:21,102.6900,1
2018-08-16 09:53:22,102.6900,1
2018-08-16 09:53:23,102.6900,2
2018-08-16 09:53:24,102.6900,2
2018-08-16 09:53:25,102.6900,2
2018-08-16 09:53:26,102.6900,1
2018-08-16 09:53:27,102.6900,17
2018-08-16 09:53:28,103.0200,1
2018-08-16 09:53:29,103.0200,1
2018-08-16 09:53:30,102.8100,1
2018-08-16 09:53:31,103.0400,1
2018-08-16 09:53:32,103.0400,1
2018-08-16 09:53:33,103.0400,19
2018-08-16 09:53:34,103.0400,4
2018-08-16 09:53:35,103.0500,9
2018-08-16 09:53:36,102.0700,1
2018-08-16 09:53:37,103.0500,3
2018-08-16 09:53:38,99.1400,1
2018-08-16 09:53:39,103.0500,1
2018-08-16 09:53:41,103.0500,20
2018-08-16 09:53:42,103.0500,7
2018-08-16 09:53:43,103.0500,20
2018-08-16 09:53:44,101.0900,19
2018-08-16 09:53:45,102.0700,1
2018-08-16 09:53:46,102.0700,6
2018-08-16 09:53:47,102.5100,1
2018-08-16 09:53:48,102.7800,1
2018-08-16 09:53:49,102.5100,19
2018-08-16 09:53:50,102.2100,1
2018-08-16 09:53:51,102.5600,20
2018-08-16 09:53:52,102.3800,20
2018-08-16 09:53:53,103.0500,1
2018-08-16 09:53:54,102.9300,20
2018-08-16 09:53:55,103.0500,20
2018-08-16 09:53:56,102.9300,1
2018-08-16 09:53:57,102.9500,19
2018-08-16 09:53:58,102.9500,1
2018-08-16 09:53:59,102.9500,1
2018-08-16 09:54:00,103.0600,20
2018-08-16 09:54:01,100.3800,1
2018-08-16 09:54:02,101.7600,1
2018-08-16 09:54:03,101.7600,1
2018-08-16 09:54:04,101.7600,1
2018-08-16 09:54:05,101.7600,19
2018-08-16 09:54:06,101.7600,2
2018-08-16 09:54:07,100.2600,1
2018-08-16 09:54:08,103.0600,1
2018-08-16 09:54:09,103.0600,1
2018-08-16 09:54:10,103.0600,4
2018-08-16 09:54:12,101.9500,1
2018-08-16 09:54:13,101.9500,1
2018-08-16 09:54:14,101.5800,1
2018-08-16 09:54:15,102.0900,1
2018-08-16 09:54:16,103.0600,1
2018-08-16 09:54:17,99.1400,20
2018-08-16 09:54:18,99.1400,20
2018-08-16 09:54:19,102.0800,1
2018-08-16 09:54:20,102.0800,1
2018-08-16 09:54:21,102.0800,17
2018-08-16 09:54:22,102.0800,20
2018-08-16 09:54:23,102.5700,1
2018-08-16 09:54:24,103.0600,20
2018-08-16 09:54:26,103.0600,1
2018-08-16 09:54:27,99.1400,1
2018-08-16 09:54:28,100.1200,1
2018-08-16 09:54:29,99.3800,1
2018-08-16 09:54:30,99.6300,1
2018-08-16 09:54:31,99.4500,1
2018-08-16 09:54:32,99.4500,1
2018-08-16 09:54:33,102.0300,20
2018-08-16 09:54:34,101.8100,20
2018-08-16 09:54:35,100.5600,19
2018-08-16 09:54:36,103.0700,20
2018-08-16 09:54:37,103.0700,1
2018-08-16 09:54:38,103.0600,1
2018-08-16 09:54:39,103.0600,18
2018-08-16 09:54:40,103.0700,20
2018-08-16 09:54:41,103.0700,16
2018-08-16 09:54:42,103.0600,19
2018-08-16 09:54:43,103.0600,1
2018-08-16 09:54:44,101.1000,1
2018-08-16 09:54:45,102.1200,1
2018-08-16 09:54:46,102.5400,1
2018-08-16 09:54:47,102.5400,19
2018-08-16 09:54:48,100.1200,1
2018-08-16 09:54:49,101.1100,20
2018-08-16 09:54:50,103.0800,1
2018-08-16 09:54:51,103.0800,1
2018-08-16 09:54:52,101.1100,1
2018-08-16 09:54:53,103.0800,20
2018-08-16 09:54:54,103.0800,1
2018-08-16 09:54:55,103.0800,4
2018-08-16 09:54:56,102.7100,20
2018-08-16 09:54:57,103.0900,1
2018-08-16 09:54:58,103.0000,20
2018-08-16 09:54:59,103.0900,1
2018-08-16 09:55:00,103.0900,20
2018-08-16 09:55:01,103.0900,1
2018-08-16 09:55:02,103.0900,1
2018-08-16 09:55:03,103.0900,1
2018-08-16 09:55:04,103.0900,12
2018-08-16 09:55:05,99.1600,20
2018-08-16 09:55:06,99.1600,20
2018-08-16 09:55:07,99.1600,20
2018-08-16 09:55:08,99.5900,1
2018-08-16 09:55:09,100.5900,20
2018-08-16 09:55:10,102.8400,20
2018-08-16 09:55:11,99.1400,1
2018-08-16 09:55:12,99.1300,1
2018-08-16 09:55:13,99.1300,17
2018-08-16 09:55:14,103.0900,20
2018-08-16 09:55:15,103.0900,20
2018-08-16 09:55:16,102.8600,1
2018-08-16 09:55:17,101.4800,19
2018-08-16 09:55:18,102.8600,1
2018-08-16 09:55:19,102.8600,1
2018-08-16 09:55:20,102.5800,1
2018-08-16 09:55:21,99.1300,20
2018-08-16 09:55:22,99.1300,1
2018-08-16 09:55:23,103.1000,1
2018-08-16 09:55:24,101.1100,1
2018-08-16 09:55:25,103.1000,1
2018-08-16 09:55:26,100.1200,20
2018-08-16 09:55:27,101.1100,20
2018-08-16 09:55:28,103.1000,1
2018-08-16 09:55:29,99.1300,1
2018-08-16 09:55:30,99.1300,1
2018-08-16 09:55:31,103.1000,1
2018-08-16 09:55:32,102.1100,1
2018-08-16 09:55:33,103.1100,13
2018-08-16 09:55:34,103.1000,20
2018-08-16 09:55:35,103.1100,1
2018-08-16 09:55:36,103.1100,1
2018-08-16 09:55:37,103.1100,1
2018-08-16 09:55:38,103.1100,1
2018-08-16 09:55:39,103.1000,1
2018-08-16 09:55:41,103.1000,19
2018-08-16 09:55:42,102.1000,1
2018-08-16 09:55:43,101.6000,1
2018-08-16 09:55:44,101.6000,1
2018-08-16 09:55:45,101.6000,1
2018-08-16 09:55:46,103.1100,1
2018-08-16 09:55:47,103.1200,1
2018-08-16 09:55:48,103.1200,1
2018-08-16 09:55:49,103.1200,1
2018-08-16 09:55:50,103.1400,4
2018-08-16 09:55:51,103.1500,4
2018-08-16 09:55:52,103.2000,1
2018-08-16 09:55:53,103.2000,19
2018-08-16 09:55:54,103.3000,12
2018-08-16 09:55:55,103.3200,3
2018-08-16 09:55:56,103.2200,19
2018-08-16 09:55:57,103.3200,1
2018-08-16 09:55:58,103.3300,1
2018-08-16 09:55:59,103.3200,1
2018-08-16 09:56:00,103.3300,19
2018-08-16 09:56:02,103.3200,1
2018-08-16 09:56:03,103.3400,20
2018-08-16 09:56:04,103.3400,1
2018-08-16 09:56:05,103.3400,1
2018-08-16 09:56:06,103.3400,20
2018-08-16 09:56:07,103.3400,1
2018-08-16 09:56:09,103.3500,19
2018-08-16 09:56:10,103.3600,10
2018-08-16 09:56:11,103.3600,1
2018-08-16 09:56:12,103.3600,11
2018-08-16 09:56:13,103.3600,19
2018-08-16 09:56:14,103.3600,19
2018-08-16 09:56:15,103.3500,20
2018-08-16 09:56:16,103.3400,1
2018-08-16 09:56:17,103.3400,3
2018-08-16 09:56:19,103.3700,7
2018-08-16 09:56:20,103.3400,18
2018-08-16 09:56:21,101.2300,1
2018-08-16 09:56:22,102.2800,1
2018-08-16 09:56:23,103.3700,20
2018-08-16 09:56:24,102.8300,1
2018-08-16 09:56:25,103.3700,20
2018-08-16 09:56:26,103.3700,1
2018-08-16 09:56:27,103.3700,1
2018-08-16 09:56:28,101.3800,1
2018-08-16 09:56:29,101.3800,1
2018-08-16 09:56:30,103.3800,1
2018-08-16 09:56:31,103.3800,1
2018-08-16 09:56:32,103.3800,1
2018-08-16 09:56:33,101.8100,1
2018-08-16 09:56:34,102.9700,1
2018-08-16 09:56:35,99.1200,4
2018-08-16 09:56:36,101.1200,1
2018-08-16 09:56:37,101.1200,1
2018-08-16 09:56:38,102.2500,1
2018-08-16 09:56:39,102.2500,10
2018-08-16 09:56:40,103.3800,11
2018-08-16 09:56:41,102.2500,19
2018-08-16 09:56:42,102.8100,20
2018-08-16 09:56:43,103.3800,1
2018-08-16 09:56:44,102.0200,1
2018-08-16 09:56:45,102.0200,1
2018-08-16 09:56:46,103.3100,20
2018-08-16 09:56:47,101.0800,20
2018-08-16 09:56:48,101.0800,20
2018-08-16 09:56:49,101.0800,19
2018-08-16 09:56:50,101.0800,1
2018-08-16 09:56:51,101.0500,1
2018-08-16 09:56:52,103.2200,1
2018-08-16 09:56:53,103.2200,1
2018-08-16 09:56:54,103.3900,20
2018-08-16 09:56:55,103.3900,4
2018-08-16 09:56:56,103.4000,12
2018-08-16 09:56:57,103.4000,1
2018-08-16 09:56:58,103.3600,1
2018-08-16 09:56:59,103.4000,1
2018-08-16 09:57:00,103.3100,1
2018-08-16 09:57:01,103.4000,1
2018-08-16 09:57:02,103.3100,1
2018-08-16 09:57:03,103.4100,3
2018-08-16 09:57:04,103.4900,3
2018-08-16 09:57:05,103.4900,1
2018-08-16 09:57:06,103.4100,1
2018-08-16 09:57:07,103.4500,20
2018-08-16 09:57:08,103.4500,20
2018-08-16 09:57:09,103.5600,1
2018-08-16 09:57:10,103.5300,20
2018-08-16 09:57:11,103.5600,20
2018-08-16 09:57:12,103.5600,1
2018-08-16 09:57:13,103.5600,1
2018-08-16 09:57:14,103.5600,1
2018-08-16 09:57:15,103.5300,1
2018-08-16 09:57:16,103.5600,20
2018-08-16 09:57:17,103.5300,20
2018-08-16 09:57:18,103.5700,10
2018-08-16 09:57:19,103.5700,10
2018-08-16 09:57:20,103.5500,1
2018-08-16 09:57:21,103.5500,1
2018-08-16 09:57:22,103.5300,20
2018-08-16 09:57:23,103.5300,20
2018-08-16 09:57:24,103.5300,20
2018-08-16 09:57:25,103.5300,1
2018-08-16 09:57:26,103.5300,20
2018-08-16 09:57:27,103.5300,20
2018-08-16 09:57:28,103.5300,20
2018-08-16 09:57:29,103.5700,11
2018-08-16 09:57:30,103.5700,19
2018-08-16 09:57:31,101.5300,1
2018-08-16 09:57:32,99.1000,1
2018-08-16 09:57:33,99.1000,1
2018-08-16 09:57:34,103.5700,1
2018-08-16 09:57:35,101.3300,1
2018-08-16 09:57:36,102.4500,20
2018-08-16 09:57:37,102.4500,20
2018-08-16 09:57:38,99.9400,20
2018-08-16 09:57:40,100.7800,1
2018-08-16 09:57:41,103.5700,20
2018-08-16 09:57:42,102.7800,2
2018-08-16 09:57:43,103.1700,1
2018-08-16 09:57:44,103.3800,1
2018-08-16 09:57:45,103.5800,20
2018-08-16 09:57:46,103.5800,1
2018-08-16 09:57:47,103.5300,1
2018-08-16 09:57:48,103.4800,20
2018-08-16 09:57:49,103.5800,20
2018-08-16 09:57:50,103.4800,19
2018-08-16 09:57:51,103.4800,1
2018-08-16 09:57:52,103.5800,1
2018-08-16 09:57:54,103.5800,1
2018-08-16 09:57:55,103.5800,20
2018-08-16 09:57:56,103.5800,1
2018-08-16 09:57:57,103.5800,1
2018-08-16 09:57:58,103.4800,1
2018-08-16 09:57:59,103.4800,8
2018-08-16 09:58:00,103.4800,1
2018-08-16 09:58:01,103.5300,1
2018-08-16 09:58:02,103.5300,1
2018-08-16 09:58:03,103.5300,17
2018-08-16 09:58:04,103.5600,20
2018-08-16 09:58:05,103.5800,1
2018-08-16 09:58:06,103.5900,5
2018-08-16 09:58:08,103.5900,1
2018-08-16 09:58:09,103.5300,20
2018-08-16 09:58:10,99.1000,1
2018-08-16 09:58:11,99.1000,1
2018-08-16 09:58:12,99.1000,1
2018-08-16 09:58:13,101.3400,1
2018-08-16 09:58:14,101.3400,18
2018-08-16 09:58:15,103.5900,6
2018-08-16 09:58:17,103.5900,20
2018-08-16 09:58:18,103.1800,1
2018-08-16 09:58:19,103.5900,2
2018-08-16 09:58:20,103.2800,1
2018-08-16 09:58:21,103.6000,1
2018-08-16 09:58:22,103.5900,13
2018-08-16 09:58:23,101.5900,20
2018-08-16 09:58:24,101.5900,19
2018-08-16 09:58:25,102.9700,1
2018-08-16 09:58:26,103.6000,19
2018-08-16 09:58:27,102.6400,1
2018-08-16 09:58:28,103.1200,20
2018-08-16 09:58:29,103.1200,20
2018-08-16 09:58:30,103.6000,20
2018-08-16 09:58:31,103.6000,20
2018-08-16 09:58:32,103.6000,20
2018-08-16 09:58:33,102.4700,1
2018-08-16 09:58:34,103.4700,1
2018-08-16 09:58:35,103.6000,2
2018-08-16 09:58:36,103.4700,1
2018-08-16 09:58:37,103.6100,19
2018-08-16 09:58:38,103.6200,18
2018-08-16 09:58:39,103.6200,15
2018-08-16 09:58:40,103.6400,1
2018-08-16 09:58:41,103.6400,1
2018-08-16 09:58:42,103.6200,1
2018-08-16 09:58:43,103.6200,1
2018-08-16 09:58:44,103.6200,2
2018-08-16 09:58:45,103.6200,2
2018-08-16 09:58:46,103.6200,2
2018-08-16 09:58:47,103.6400,1
2018-08-16 09:58:48,102.9900,19
2018-08-16 09:58:49,103.3100,1
2018-08-16 09:58:50,103.6400,1
2018-08-16 09:58:51,103.6100,1
2018-08-16 09:58:52,103.6500,11
2018-08-16 09:58:53,103.6500,11
2018-08-16 09:58:54,103.6500,11
2018-08-16 09:58:55,103.6200,3
2018-08-16 09:58:56,106.6200,1
2018-08-16 09:58:57,105.6200,1
2018-08-16 09:58:58,105.6200,1
2018-08-16 09:58:59,106.6200,20
2018-08-16 09:59:00,103.5900,19
2018-08-16 09:59:01,104.9700,16
2018-08-16 09:59:02,104.9700,16
2018-08-16 09:59:03,105.6200,1
2018-08-16 09:59:04,105.6200,12
2018-08-16 09:59:05,106.3000,8
2018-08-16 09:59:06,105.6200,19
2018-08-16 09:59:07,105.9600,1
2018-08-16 09:59:08,106.9600,14
2018-08-16 09:59:09,107.9600,1
2018-08-16 09:59:10,107.9600,1
2018-08-16 09:59:11,107.9600,17
2018-08-16 09:59:12,107.9600,1
2018-08-16 09:59:13,107.9600,1
2018-08-16 09:59:14,107.9600,16
2018-08-16 09:59:15,107.9600,16
2018-08-16 09:59:16,114.4600,1
2018-08-16 09:59:17,114.4600,1
2018-08-16 09:59:18,114.0200,1
2018-08-16 09:59:19,117.0200,1
2018-08-16 09:59:20,117.0200,1
2018-08-16 09:59:21,117.0200,1
2018-08-16 09:59:22,123.0200,20
2018-08-16 09:59:23,123.0200,1
2018-08-16 09:59:24,123.0200,1
2018-08-16 09:59:25,129.0200,1
2018-08-16 09:59:26,127.0200,1
2018-08-16 09:59:27,127.0200,1
2018-08-16 09:59:28,129.5200,3
2018-08-16 09:59:29,129.0200,1
2018-08-16 09:59:30,129.7700,1
2018-08-16 09:59:31,129.7700,1
2018-08-16 09:59:32,129.7700,1
2018-08-16 09:59:34,130.9200,2
2018-08-16 09:59:35,133.4200,20
2018-08-16 09:59:36,133.4200,20
2018-08-16 09:59:37,133.4200,20
2018-08-16 09:59:38,134.6700,1
2018-08-16 09:59:39,133.4200,1
2018-08-16 09:59:40,132.4200,1
2018-08-16 09:59:41,132.4200,1
2018-08-16 09:59:42,126.6600,20
2018-08-16 09:59:43,123.6600,1
2018-08-16 09:59:44,109.3800,1
2018-08-16 09:59:45,111.3800,18
2018-08-16 09:59:46,117.0200,1
2018-08-16 09:59:47,116.9100,1
2018-08-16 09:59:48,99.1000,1
2018-08-16 09:59:49,99.1000,1
2018-08-16 09:59:50,103.0900,1
2018-08-16 09:59:52,101.0900,19
2018-08-16 09:59:53,105.0900,1
2018-08-16 09:59:54,103.0900,20
2018-08-16 09:59:55,104.8400,1
2018-08-16 09:59:56,104.8400,1
2018-08-16 09:59:57,104.8400,1
2018-08-16 09:59:58,104.8400,1
2018-08-16 09:59:59,108.3400,1
2018-08-16 10:00:00,108.8400,1
2018-08-16 10:00:01,108.2600,1
2018-08-16 10:00:02,107.8400,1
2018-08-16 10:00:03,107.8400,1
2018-08-16 10:00:04,107.0000,17
2018-08-16 10:00:05,107.0000,17
2018-08-16 10:00:06,107.0000,17
2018-08-16 10:00:07,110.0300,5
2018-08-16 10:00:08,110.0300,1
2018-08-16 10:00:09,110.0300,13
2018-08-16 10:00:10,110.0300,13
2018-08-16 10:00:11,110.0300,13
2018-08-16 10:00:12,99.0900,20
2018-08-16 10:00:13,99.0900,4
2018-08-16 10:00:14,101.0800,1
2018-08-16 10:00:15,102.0800,1
2018-08-16 10:00:16,103.0800,20
2018-08-16 10:00:17,104.0800,20
2018-08-16 10:00:18,104.0800,20
2018-08-16 10:00:19,103.5800,7
2018-08-16 10:00:20,105.0800,1
2018-08-16 10:00:21,105.0800,1
2018-08-16 10:00:22,105.0800,1
2018-08-16 10:00:23,109.0800,19
2018-08-16 10:00:24,110.0800,20
2018-08-16 10:00:25,110.0800,20
2018-08-16 10:00:26,110.0800,20
2018-08-16 10:00:27,113.0800,20
2018-08-16 10:00:28,113.0800,20
2018-08-16 10:00:29,112.2800,1
2018-08-16 10:00:30,110.6100,1
2018-08-16 10:00:31,104.8400,19
2018-08-16 10:00:32,111.8900,19
2018-08-16 10:00:33,113.8900,20
2018-08-16 10:00:34,112.3700,10
2018-08-16 10:00:35,105.4800,1
2018-08-16 10:00:36,103.4800,18
2018-08-16 10:00:37,103.4800,18
2018-08-16 10:00:38,103.4800,1
2018-08-16 10:00:39,101.4800,1
2018-08-16 10:00:40,102.0900,20
2018-08-16 10:00:41,102.0900,20
2018-08-16 10:00:42,102.8000,1
2018-08-16 10:00:43,106.0400,20
2018-08-16 10:00:44,106.0400,1
2018-08-16 10:00:45,106.0400,19
2018-08-16 10:00:46,108.0400,1
2018-08-16 10:00:47,106.0400,1
2018-08-16 10:00:48,106.0400,1
2018-08-16 10:00:49,99.0800,15
2018-08-16 10:00:50,102.0800,1
2018-08-16 10:00:51,102.0800,1
2018-08-16 10:00:52,104.0800,1
2018-08-16 10:00:53,103.0800,1
2018-08-16 10:00:54,105.0800,1
2018-08-16 10:00:55,107.0800,20
2018-08-16 10:00:56,107.0800,20
2018-08-16 10:00:57,107.0800,20
2018-08-16 10:00:58,107.0800,20
2018-08-16 10:00:59,109.0800,20
2018-08-16 10:01:00,107.7400,19
2018-08-16 10:01:01,107.7400,13
2018-08-16 10:01:02,109.0400,1
2018-08-16 10:01:03,111.0400,1
2018-08-16 10:01:04,115.0400,1
2018-08-16 10:01:05,114.0400,20
2018-08-16 10:01:06,117.0400,4
2018-08-16 10:01:07,118.0400,1
2018-08-16 10:01:08,118.0400,1
2018-08-16 10:01:09,115.5400,1
2018-08-16 10:01:10,118.3100,1
2018-08-16 10:01:11,118.3100,1
2018-08-16 10:01:12,119.8800,17
2018-08-16 10:01:13,118.5600,1
2018-08-16 10:01:14,107.9800,1
2018-08-16 10:01:15,107.9800,1
2018-08-16 10:01:16,109.9800,19
2018-08-16 10:01:17,110.9800,1
2018-08-16 10:01:18,108.9800,1
2018-08-16 10:01:19,108.9800,1
2018-08-16 10:01:20,108.4800,1
2018-08-16 10:01:21,107.2300,20
2018-08-16 10:01:22,106.8200,1
2018-08-16 10:01:23,108.8200,20
2018-08-16 10:01:25,107.5900,1
2018-08-16 10:01:26,101.8300,1
2018-08-16 10:01:27,101.8300,20
2018-08-16 10:01:28,101.8300,20
2018-08-16 10:01:29,103.2300,20
2018-08-16 10:01:30,103.2300,20
2018-08-16 10:01:31,101.2300,1
2018-08-16 10:01:32,100.2300,1
2018-08-16 10:01:33,99.2300,1
2018-08-16 10:01:34,101.1600,1
2018-08-16 10:01:36,101.1600,1
2018-08-16 10:01:37,100.1600,20
2018-08-16 10:01:38,100.1600,20
2018-08-16 10:01:39,100.1600,1
2018-08-16 10:01:40,101.1600,1
2018-08-16 10:01:41,101.1600,12
2018-08-16 10:01:43,101.1600,8
2018-08-16 10:01:44,101.9100,1
2018-08-16 10:01:45,101.7800,1
2018-08-16 10:01:46,101.7800,1
2018-08-16 10:01:47,101.7800,1
2018-08-16 10:01:48,102.1700,1
2018-08-16 10:01:49,104.7800,20
2018-08-16 10:01:50,104.7800,20
2018-08-16 10:01:51,105.7800,1
2018-08-16 10:01:52,106.7800,1
2018-08-16 10:01:54,106.7800,1
2018-08-16 10:01:55,106.7800,1
2018-08-16 10:01:56,108.2800,1
2018-08-16 10:01:57,108.2800,20
2018-08-16 10:01:58,102.1800,20
2018-08-16 10:01:59,99.0700,12
2018-08-16 10:02:00,99.0700,8
2018-08-16 10:02:01,99.0700,1
2018-08-16 10:02:02,99.0600,4
2018-08-16 10:02:03,99.0600,3
2018-08-16 10:02:04,99.0800,4
2018-08-16 10:02:05,101.0700,16
2018-08-16 10:02:06,101.0700,1
2018-08-16 10:02:07,99.5700,1
2018-08-16 10:02:08,100.3200,3
2018-08-16 10:02:09,102.3200,19
2018-08-16 10:02:10,102.3200,19
2018-08-16 10:02:11,106.3200,19
2018-08-16 10:02:12,105.3200,1
2018-08-16 10:02:13,109.3200,1
2018-08-16 10:02:14,109.3200,1
2018-08-16 10:02:15,109.3200,1
2018-08-16 10:02:16,101.0600,9
2018-08-16 10:02:17,101.0600,9
2018-08-16 10:02:18,101.0600,9
2018-08-16 10:02:19,101.0600,19
2018-08-16 10:02:20,102.3400,1
2018-08-16 10:02:21,102.3400,1
2018-08-16 10:02:22,103.3400,1
2018-08-16 10:02:23,107.5200,20
2018-08-16 10:02:24,102.6200,20
2018-08-16 10:02:25,99.0600,16
2018-08-16 10:02:26,99.0500,1
2018-08-16 10:02:27,100.0600,2
2018-08-16 10:02:28,102.0600,20
2018-08-16 10:02:29,102.0600,20
2018-08-16 10:02:30,105.0600,1
2018-08-16 10:02:31,107.0600,1
2018-08-16 10:02:32,107.0600,1
2018-08-16 10:02:33,104.0600,19
2018-08-16 10:02:34,108.5600,1
2018-08-16 10:02:35,108.5600,1
2018-08-16 10:02:36,114.5600,20
2018-08-16 10:02:37,115.3600,1
2018-08-16 10:02:38,115.3600,1
2018-08-16 10:02:39,114.3600,6
2018-08-16 10:02:40,115.3600,1
2018-08-16 10:02:41,120.8600,1
2018-08-16 10:02:42,118.8600,1
2018-08-16 10:02:43,117.3600,1
2018-08-16 10:02:44,118.8600,18
2018-08-16 10:02:45,118.8600,18
2018-08-16 10:02:46,118.8600,18
2018-08-16 10:02:48,124.2300,1
2018-08-16 10:02:49,124.2300,17
2018-08-16 10:02:50,126.2300,1
2018-08-16 10:02:51,126.2300,1
2018-08-16 10:02:52,126.2300,1
2018-08-16 10:02:53,127.2300,1
2018-08-16 10:02:54,129.2300,1
2018-08-16 10:02:55,129.2300,1
2018-08-16 10:02:56,130.2300,20
2018-08-16 10:02:57,129.2300,20
2018-08-16 10:02:58,132.2300,11
2018-08-16 10:02:59,133.0900,20
2018-08-16 10:03:00,134.2700,1
2018-08-16 10:03:01,134.2700,1
2018-08-16 10:03:02,136.2700,1
2018-08-16 10:03:03,134.2700,20
2018-08-16 10:03:04,132.2300,1
2018-08-16 10:03:05,134.2700,1
2018-08-16 10:03:06,134.2700,17
2018-08-16 10:03:07,132.2700,3
2018-08-16 10:03:08,134.7700,19
2018-08-16 10:03:09,137.7700,11
2018-08-16 10:03:10,139.7700,1
2018-08-16 10:03:11,139.7700,1
2018-08-16 10:03:13,140.6000,3
2018-08-16 10:03:14,139.3400,1
2018-08-16 10:03:15,142.3400,20
2018-08-16 10:03:16,121.6900,1
2018-08-16 10:03:17,121.6900,1
2018-08-16 10:03:18,124.6900,1
2018-08-16 10:03:19,124.6900,1
2018-08-16 10:03:20,126.1900,1
2018-08-16 10:03:21,126.1900,1
2018-08-16 10:03:22,128.1900,1
2018-08-16 10:03:24,128.1900,18
2018-08-16 10:03:25,131.6900,20
2018-08-16 10:03:26,131.6900,1
2018-08-16 10:03:27,131.4400,1
2018-08-16 10:03:28,133.6900,1
2018-08-16 10:03:29,133.6900,1
2018-08-16 10:03:30,133.4400,1
2018-08-16 10:03:31,133.4400,1
2018-08-16 10:03:32,132.4400,1
2018-08-16 10:03:33,134.0700,1
2018-08-16 10:03:34,132.5600,1
2018-08-16 10:03:35,132.5600,1
2018-08-16 10:03:36,132.5600,19
2018-08-16 10:03:37,133.5600,1
2018-08-16 10:03:38,133.5600,15
2018-08-16 10:03:39,133.5600,4
2018-08-16 10:03:40,135.5600,1
2018-08-16 10:03:41,136.5600,20
2018-08-16 10:03:42,133.5600,1
2018-08-16 10:03:43,136.5600,1
2018-08-16 10:03:44,136.1200,2
2018-08-16 10:03:45,136.1200,2
2018-08-16 10:03:46,136.1200,2
2018-08-16 10:03:47,138.3400,20
2018-08-16 10:03:48,138.3400,20
2018-08-16 10:03:49,139.3400,19
2018-08-16 10:03:50,141.3400,1
2018-08-16 10:03:51,138.8400,1
2018-08-16 10:03:52,101.0500,1
2018-08-16 10:03:53,101.0500,1
2018-08-16 10:03:54,121.6900,1
2018-08-16 10:03:55,121.6900,1
2018-08-16 10:03:56,121.6900,16
2018-08-16 10:03:57,121.6900,19
2018-08-16 10:03:58,121.6900,19
2018-08-16 10:03:59,118.5300,20
2018-08-16 10:04:00,115.6600,1
2018-08-16 10:04:01,105.3500,1
2018-08-16 10:04:02,112.5000,1
2018-08-16 10:04:03,115.0800,1
2018-08-16 10:04:04,115.0800,1
2018-08-16 10:04:05,112.5000,1
2018-08-16 10:04:06,113.2900,1
2018-08-16 10:04:07,117.2900,1
2018-08-16 10:04:08,115.2900,18
2018-08-16 10:04:09,116.4900,1
2018-08-16 10:04:10,118.4900,1
2018-08-16 10:04:11,118.4900,18
2018-08-16 10:04:12,118.4900,1
2018-08-16 10:04:13,119.0300,1
2018-08-16 10:04:14,119.0300,1
2018-08-16 10:04:15,119.0300,1
2018-08-16 10:04:16,123.4900,20
2018-08-16 10:04:17,120.4900,17
2018-08-16 10:04:18,120.4900,1
2018-08-16 10:04:19,124.4900,1
2018-08-16 10:04:20,122.4900,1
2018-08-16 10:04:21,124.4900,4
2018-08-16 10:04:22,125.4900,1
2018-08-16 10:04:23,123.5200,1
2018-08-16 10:04:24,99.0500,1
2018-08-16 10:04:25,101.0500,1
2018-08-16 10:04:26,100.0500,1
2018-08-16 10:04:27,99.5500,5
2018-08-16 10:04:28,99.3000,1
2018-08-16 10:04:29,99.3000,19
2018-08-16 10:04:30,99.5500,1
2018-08-16 10:04:31,101.4200,1
2018-08-16 10:04:32,101.4200,1
2018-08-16 10:04:33,101.4200,1
2018-08-16 10:04:34,100.4200,1
2018-08-16 10:04:35,100.4200,1
2018-08-16 10:04:36,105.4200,1
2018-08-16 10:04:37,105.4200,1
2018-08-16 10:04:38,105.4200,1
2018-08-16 10:04:39,102.9200,18
2018-08-16 10:04:40,106.1700,1
2018-08-16 10:04:41,108.1700,1
2018-08-16 10:04:42,107.1700,1
2018-08-16 10:04:43,107.1700,2
2018-08-16 10:04:44,104.6700,16
2018-08-16 10:04:45,104.6700,1
2018-08-16 10:04:46,104.6700,1
2018-08-16 10:04:47,107.6700,1
2018-08-16 10:04:48,107.6700,1
2018-08-16 10:04:49,107.6700,1
2018-08-16 10:04:50,105.9200,20
2018-08-16 10:04:51,106.9500,1
2018-08-16 10:04:52,109.4200,1
2018-08-16 10:04:53,109.4200,19
2018-08-16 10:04:54,109.4200,19
2018-08-16 10:04:55,104.7300,1
2018-08-16 10:04:56,102.0000,1
2018-08-16 10:04:57,103.0500,1
2018-08-16 10:04:58,103.0500,1
2018-08-16 10:04:59,99.0500,19
2018-08-16 10:05:01,99.0500,19
2018-08-16 10:05:02,99.0500,3
2018-08-16 10:05:03,101.8000,2
2018-08-16 10:05:04,101.8000,18
2018-08-16 10:05:05,103.8000,1
2018-08-16 10:05:06,103.8000,1
2018-08-16 10:05:07,101.8000,20
2018-08-16 10:05:08,102.4200,1
2018-08-16 10:05:09,99.0500,1
2018-08-16 10:05:10,99.0500,1
2018-08-16 10:05:11,101.0500,20
2018-08-16 10:05:12,101.0500,1
2018-08-16 10:05:13,100.0500,7
2018-08-16 10:05:14,103.0500,1
2018-08-16 10:05:15,103.5500,1
2018-08-16 10:05:16,101.0500,1
2018-08-16 10:05:17,101.0500,1
2018-08-16 10:05:18,104.3000,20
2018-08-16 10:05:19,105.3000,1
2018-08-16 10:05:20,100.5500,20
2018-08-16 10:05:21,104.3000,1
2018-08-16 10:05:22,104.1900,20
2018-08-16 10:05:23,99.7300,1
2018-08-16 10:05:24,103.1200,1
2018-08-16 10:05:25,103.1900,1
2018-08-16 10:05:26,104.1600,20
2018-08-16 10:05:27,106.1600,20
2018-08-16 10:05:28,107.1600,1
2018-08-16 10:05:29,110.1600,20
2018-08-16 10:05:30,110.1600,20
2018-08-16 10:05:31,110.1600,20
2018-08-16 10:05:32,114.7900,1
2018-08-16 10:05:33,114.7900,1
2018-08-16 10:05:34,115.6100,1
2018-08-16 10:05:35,116.6100,1
2018-08-16 10:05:36,116.3000,20
2018-08-16 10:05:38,118.6100,1
2018-08-16 10:05:39,120.6100,20
2018-08-16 10:05:40,120.6100,20
2018-08-16 10:05:41,124.6100,20
2018-08-16 10:05:42,124.6100,1
2018-08-16 10:05:44,124.6100,1
2018-08-16 10:05:45,132.6100,1
2018-08-16 10:05:46,132.6100,1
2018-08-16 10:05:47,132.6100,19
2018-08-16 10:05:48,136.6100,1
2018-08-16 10:05:49,137.6100,1
2018-08-16 10:05:50,139.6100,20
2018-08-16 10:05:51,139.6100,20
2018-08-16 10:05:52,141.1100,1
2018-08-16 10:05:53,143.7400,1
2018-08-16 10:05:54,143.7400,1
2018-08-16 10:05:55,144.7400,19
2018-08-16 10:05:56,144.7400,19
2018-08-16 10:05:57,142.7400,8
2018-08-16 10:05:58,143.2400,20
2018-08-16 10:05:59,143.2400,20
2018-08-16 10:06:00,147.7500,1
2018-08-16 10:06:01,148.2100,19
2018-08-16 10:06:02,148.2100,19
2018-08-16 10:06:03,147.9800,1
2018-08-16 10:06:04,150.7500,1
2018-08-16 10:06:05,151.7500,2
2018-08-16 10:06:06,150.7500,1
2018-08-16 10:06:07,150.7500,20
2018-08-16 10:06:08,150.7500,20
2018-08-16 10:06:09,150.7500,1
2018-08-16 10:06:10,152.6000,1
2018-08-16 10:06:11,101.0500,1
2018-08-16 10:06:12,100.7500,1
2018-08-16 10:06:13,100.7500,11
2018-08-16 10:06:14,101.7500,1
2018-08-16 10:06:15,101.7500,1
2018-08-16 10:06:16,100.4000,1
2018-08-16 10:06:17,101.7400,1
2018-08-16 10:06:18,103.0700,1
2018-08-16 10:06:19,99.7300,1
2018-08-16 10:06:20,99.7300,1
2018-08-16 10:06:21,100.3900,1
2018-08-16 10:06:22,100.0500,1
2018-08-16 10:06:23,101.0500,1
2018-08-16 10:06:24,101.0500,1
2018-08-16 10:06:25,102.0500,20
2018-08-16 10:06:26,100.0500,1
2018-08-16 10:06:27,99.0500,1
2018-08-16 10:06:29,99.0500,1
2018-08-16 10:06:30,99.0500,1
2018-08-16 10:06:31,101.6700,1
2018-08-16 10:06:32,101.6700,1
2018-08-16 10:06:33,103.3000,1
2018-08-16 10:06:34,99.1700,20
2018-08-16 10:06:35,102.2300,1
2018-08-16 10:06:36,103.7000,1
2018-08-16 10:06:37,105.7000,20
2018-08-16 10:06:38,107.7000,20
2018-08-16 10:06:39,107.7000,1
2018-08-16 10:06:40,107.7000,1
2018-08-16 10:06:41,109.2000,1
2018-08-16 10:06:42,106.8800,20
2018-08-16 10:06:43,103.5900,1
2018-08-16 10:06:44,106.2300,1
2018-08-16 10:06:45,105.2300,1
2018-08-16 10:06:46,104.4100,8
2018-08-16 10:06:47,104.4100,8
2018-08-16 10:06:48,108.0000,1
2018-08-16 10:06:49,109.0000,20
2018-08-16 10:06:50,106.1400,1
2018-08-16 10:06:51,106.1400,1
2018-08-16 10:06:52,109.1400,1
2018-08-16 10:06:53,110.6400,1
2018-08-16 10:06:54,110.6400,1
2018-08-16 10:06:55,113.6400,20
2018-08-16 10:06:56,113.6400,20
2018-08-16 10:06:57,112.6400,1
2018-08-16 10:06:58,112.8900,20
2018-08-16 10:06:59,112.6400,1
2018-08-16 10:07:00,112.6400,19
2018-08-16 10:07:01,107.4900,20
2018-08-16 10:07:02,109.5000,20
2018-08-16 10:07:03,109.5000,20
2018-08-16 10:07:04,109.4900,1
2018-08-16 10:07:05,112.5600,20
2018-08-16 10:07:06,112.5600,1
2018-08-16 10:07:07,113.0100,1
2018-08-16 10:07:08,113.0100,1
2018-08-16 10:07:09,114.1000,1
2018-08-16 10:07:10,114.5200,1
2018-08-16 10:07:11,114.7700,1
2018-08-16 10:07:12,113.8900,1
2018-08-16 10:07:13,108.4700,1
2018-08-16 10:07:14,108.4700,1
2018-08-16 10:07:15,108.4700,1
2018-08-16 10:07:16,108.4700,19
2018-08-16 10:07:17,108.4700,19
2018-08-16 10:07:18,110.8000,15
2018-08-16 10:07:19,110.8000,15
2018-08-16 10:07:20,117.8000,1
2018-08-16 10:07:21,117.0600,1
2018-08-16 10:07:22,118.9300,1
2018-08-16 10:07:23,120.9300,1
2018-08-16 10:07:24,121.9300,20
2018-08-16 10:07:25,122.9300,1
2018-08-16 10:07:26,120.9300,18
2018-08-16 10:07:27,119.4900,1
2018-08-16 10:07:28,115.9400,1
2018-08-16 10:07:29,99.0500,9
2018-08-16 10:07:30,107.8200,1
2018-08-16 10:07:31,111.9800,1
2018-08-16 10:07:32,113.9800,1
2018-08-16 10:07:33,115.9800,1
2018-08-16 10:07:34,115.9800,1
2018-08-16 10:07:35,115.9800,1
2018-08-16 10:07:36,115.9800,1
2018-08-16 10:07:37,116.9800,20
2018-08-16 10:07:38,114.9800,17
2018-08-16 10:07:39,116.4800,1
2018-08-16 10:07:40,116.4800,1
2018-08-16 10:07:41,113.7600,1
2018-08-16 10:07:42,113.7600,1
2018-08-16 10:07:43,114.7600,1
2018-08-16 10:07:44,114.7600,1
2018-08-16 10:07:45,105.9800,1
2018-08-16 10:07:46,107.4600,1
2018-08-16 10:07:47,107.4600,1
2018-08-16 10:07:48,108.4400,20
2018-08-16 10:07:49,99.0400,20
2018-08-16 10:07:50,106.1200,1
2018-08-16 10:07:51,106.1200,1
2018-08-16 10:07:52,106.6000,1
2018-08-16 10:07:53,107.2700,1
2018-08-16 10:07:54,107.7700,20
2018-08-16 10:07:55,106.6000,20
2018-08-16 10:07:56,107.7700,1
2018-08-16 10:07:57,106.3000,1
2018-08-16 10:07:58,106.3000,1
2018-08-16 10:07:59,106.3000,1
2018-08-16 10:08:00,106.3000,1
2018-08-16 10:08:01,106.3000,1
2018-08-16 10:08:02,107.4800,17
2018-08-16 10:08:03,105.4800,1
2018-08-16 10:08:04,99.0400,19
2018-08-16 10:08:05,105.4800,1
2018-08-16 10:08:06,106.4800,1
2018-08-16 10:08:07,107.4800,1
2018-08-16 10:08:08,105.4800,1
2018-08-16 10:08:09,102.2600,1
2018-08-16 10:08:10,105.4800,1
2018-08-16 10:08:11,104.8700,1
2018-08-16 10:08:12,104.8700,19
2018-08-16 10:08:13,106.8700,17
2018-08-16 10:08:14,104.8700,1
2018-08-16 10:08:15,106.8700,1
2018-08-16 10:08:16,101.0000,9
2018-08-16 10:08:17,106.8700,2
2018-08-16 10:08:18,108.6400,20
2018-08-16 10:08:19,108.6400,20
2018-08-16 10:08:20,112.0100,1
2018-08-16 10:08:21,113.0100,3
2018-08-16 10:08:22,113.0100,1
2018-08-16 10:08:23,113.0100,9
2018-08-16 10:08:24,112.0100,20
2018-08-16 10:08:25,112.0100,20
2018-08-16 10:08:26,112.5100,1
2018-08-16 10:08:27,113.5100,13
2018-08-16 10:08:28,115.5100,20
2018-08-16 10:08:29,115.5100,1
2018-08-16 10:08:30,115.5100,1
2018-08-16 10:08:31,119.5100,20
2018-08-16 10:08:32,117.5100,20
2018-08-16 10:08:33,117.0200,1
2018-08-16 10:08:34,117.0200,18
2018-08-16 10:08:35,118.9500,20
2018-08-16 10:08:36,119.0200,1
2018-08-16 10:08:37,120.0200,1
2018-08-16 10:08:38,120.0200,1
2018-08-16 10:08:39,120.0200,18
2018-08-16 10:08:40,120.0200,18
2018-08-16 10:08:41,123.0200,1
2018-08-16 10:08:42,123.0200,20
2018-08-16 10:08:43,123.0200,20
2018-08-16 10:08:44,124.0200,20
2018-08-16 10:08:45,123.0200,1
2018-08-16 10:08:46,125.0200,1
2018-08-16 10:08:47,123.0200,1
2018-08-16 10:08:48,112.0300,19
2018-08-16 10:08:49,112.0300,19
2018-08-16 10:08:50,115.0300,1
2018-08-16 10:08:51,115.0300,1
2018-08-16 10:08:52,115.0300,1
2018-08-16 10:08:53,114.0300,20
2018-08-16 10:08:54,114.0300,20
2018-08-16 10:08:55,114.0300,20
2018-08-16 10:08:56,115.1600,20
2018-08-16 10:08:57,117.1600,1
2018-08-16 10:08:58,117.1600,1
2018-08-16 10:08:59,121.1600,1
2018-08-16 10:09:00,121.1600,1
2018-08-16 10:09:01,123.1600,1
2018-08-16 10:09:02,124.6600,3
2018-08-16 10:09:03,124.6600,17
2018-08-16 10:09:04,128.4100,1
2018-08-16 10:09:05,128.4100,1
2018-08-16 10:09:06,127.6600,20
2018-08-16 10:09:07,129.6600,1
2018-08-16 10:09:08,129.6600,19
2018-08-16 10:09:09,133.1600,1
2018-08-16 10:09:10,133.1600,1
2018-08-16 10:09:11,132.1600,1
2018-08-16 10:09:12,131.1600,20
2018-08-16 10:09:13,131.6600,19
2018-08-16 10:09:14,132.1600,9
2018-08-16 10:09:15,134.1600,1
2018-08-16 10:09:16,136.1600,20
2018-08-16 10:09:17,138.1600,1
2018-08-16 10:09:18,140.1600,2
2018-08-16 10:09:19,135.6600,1
2018-08-16 10:09:20,134.9100,1
2018-08-16 10:09:21,135.2800,20
2018-08-16 10:09:22,133.2800,20
2018-08-16 10:09:23,135.2800,1
2018-08-16 10:09:24,135.2800,1
2018-08-16 10:09:25,135.2800,1
2018-08-16 10:09:26,136.2800,19
2018-08-16 10:09:27,136.2800,19
2018-08-16 10:09:28,133.2800,19
2018-08-16 10:09:29,133.2800,19
2018-08-16 10:09:30,118.1600,20
2018-08-16 10:09:31,118.8700,20
2018-08-16 10:09:32,118.8700,20
2018-08-16 10:09:33,132.2800,1
2018-08-16 10:09:34,133.9900,20
2018-08-16 10:09:35,136.4100,1
2018-08-16 10:09:36,136.4100,1
2018-08-16 10:09:37,136.4100,1
2018-08-16 10:09:38,137.4100,1
2018-08-16 10:09:39,137.4100,1
2018-08-16 10:09:40,138.9100,19
2018-08-16 10:09:41,136.9100,1
2018-08-16 10:09:42,136.9100,1
2018-08-16 10:09:43,135.7200,1
2018-08-16 10:09:44,133.7200,1
2018-08-16 10:09:45,118.3800,1
2018-08-16 10:09:46,118.3800,1
2018-08-16 10:09:47,122.3800,20
2018-08-16 10:09:48,124.3800,1
2018-08-16 10:09:49,125.3800,1
2018-08-16 10:09:50,125.8800,1
2018-08-16 10:09:51,129.6800,1
2018-08-16 10:09:52,126.7000,1
2018-08-16 10:09:53,128.7000,1
2018-08-16 10:09:54,127.7000,1
2018-08-16 10:09:55,128.6900,18
2018-08-16 10:09:56,128.6900,18
2018-08-16 10:09:57,99.0400,15
2018-08-16 10:09:58,113.3700,1
2018-08-16 10:09:59,113.2500,1
2018-08-16 10:10:00,111.7900,1
2018-08-16 10:10:01,106.2100,20
2018-08-16 10:10:02,107.3000,1
2018-08-16 10:10:03,107.3000,18
2018-08-16 10:10:04,107.3000,1
2018-08-16 10:10:05,101.1700,1
2018-08-16 10:10:06,101.1700,1
2018-08-16 10:10:07,108.6700,1
2018-08-16 10:10:08,106.1700,3
2018-08-16 10:10:09,106.1700,9
2018-08-16 10:10:11,104.6100,1
2018-08-16 10:10:12,103.4000,1
2018-08-16 10:10:13,105.3900,1
2018-08-16 10:10:14,105.0000,1
2018-08-16 10:10:15,105.0000,1
2018-08-16 10:10:16,105.0000,1
2018-08-16 10:10:17,109.0000,13
2018-08-16 10:10:18,109.0000,7
2018-08-16 10:10:19,111.0000,12
2018-08-16 10:10:20,111.0000,12
2018-08-16 10:10:21,113.0000,1
2018-08-16 10:10:22,99.0400,8
2018-08-16 10:10:23,101.2800,1
2018-08-16 10:10:24,101.2800,1
2018-08-16 10:10:25,103.2800,1
2018-08-16 10:10:26,103.1600,20
2018-08-16 10:10:27,101.1600,8
2018-08-16 10:10:29,99.0400,19
2018-08-16 10:10:30,101.9100,1
2018-08-16 10:10:31,99.9100,19
2018-08-16 10:10:32,99.9100,19
2018-08-16 10:10:33,99.9100,19
2018-08-16 10:10:34,102.9100,1
2018-08-16 10:10:35,102.9100,1
2018-08-16 10:10:36,102.9100,1
2018-08-16 10:10:37,110.9100,1
2018-08-16 10:10:39,110.9100,1
2018-08-16 10:10:40,110.9100,1
2018-08-16 10:10:41,111.9100,1
2018-08-16 10:10:42,111.5700,1
2018-08-16 10:10:43,112.4100,1
2018-08-16 10:10:44,112.4100,1
2018-08-16 10:10:46,119.9100,20
2018-08-16 10:10:47,118.9100,1
2018-08-16 10:10:48,120.9100,20
2018-08-16 10:10:49,120.9100,20
2018-08-16 10:10:50,111.9700,1
2018-08-16 10:10:51,112.9700,1
2018-08-16 10:10:52,114.9700,20
2018-08-16 10:10:53,114.9700,20
2018-08-16 10:10:54,112.1600,1
2018-08-16 10:10:55,112.1600,18
2018-08-16 10:10:56,110.1600,1
2018-08-16 10:10:57,114.6600,6
2018-08-16 10:10:58,113.9100,1
2018-08-16 10:10:59,116.0300,1
2018-08-16 10:11:00,116.0300,1
2018-08-16 10:11:01,113.5900,6
2018-08-16 10:11:02,115.5900,1
2018-08-16 10:11:03,117.5900,1
2018-08-16 10:11:04,113.5900,1
2018-08-16 10:11:05,113.5900,20
2018-08-16 10:11:06,112.3800,1
2018-08-16 10:11:07,104.8100,1
2018-08-16 10:11:08,104.8100,1
2018-08-16 10:11:09,103.1800,1
2018-08-16 10:11:10,103.1800,1
2018-08-16 10:11:11,103.1800,1
2018-08-16 10:11:12,99.0400,20
2018-08-16 10:11:13,102.0400,1
2018-08-16 10:11:14,100.0400,1
2018-08-16 10:11:15,100.0400,1
2018-08-16 10:11:16,101.0400,1
2018-08-16 10:11:17,102.0400,1
2018-08-16 10:11:18,100.0400,1
2018-08-16 10:11:19,99.5400,20
2018-08-16 10:11:20,99.0400,1
2018-08-16 10:11:21,99.0300,14
2018-08-16 10:11:22,99.0300,14
2018-08-16 10:11:23,103.0300,1
2018-08-16 10:11:24,104.3900,1
2018-08-16 10:11:25,103.7100,1
2018-08-16 10:11:26,100.9700,16
2018-08-16 10:11:27,100.9700,16
2018-08-16 10:11:28,100.9700,16
2018-08-16 10:11:29,100.9700,16
2018-08-16 10:11:30,106.5300,20
2018-08-16 10:11:31,106.5300,20
2018-08-16 10:11:32,105.5300,20
2018-08-16 10:11:33,105.0300,20
2018-08-16 10:11:34,105.0300,20
2018-08-16 10:11:35,107.0300,1
2018-08-16 10:11:36,108.0300,1
2018-08-16 10:11:37,108.0300,1
2018-08-16 10:11:38,113.0300,1
2018-08-16 10:11:39,110.5300,1
2018-08-16 10:11:40,111.0300,8
2018-08-16 10:11:41,111.0300,1
2018-08-16 10:11:42,111.0300,1
2018-08-16 10:11:43,102.6300,20
2018-08-16 10:11:44,102.6300,20
2018-08-16 10:11:45,104.5300,1
2018-08-16 10:11:46,104.9400,8
2018-08-16 10:11:47,106.4800,20
2018-08-16 10:11:48,107.4800,19
2018-08-16 10:11:49,107.4800,19
2018-08-16 10:11:50,107.4800,1
2018-08-16 10:11:51,112.4800,20
2018-08-16 10:11:52,109.4800,20
2018-08-16 10:11:53,109.4800,20
2018-08-16 10:11:54,110.4800,1
2018-08-16 10:11:55,109.4800,1
2018-08-16 10:11:56,109.4800,19
2018-08-16 10:11:57,110.4800,19
2018-08-16 10:11:58,105.8000,1
2018-08-16 10:11:59,105.8000,1
2018-08-16 10:12:00,105.8000,1
2018-08-16 10:12:01,108.8000,20
2018-08-16 10:12:02,108.8000,20
2018-08-16 10:12:03,111.0500,1
2018-08-16 10:12:04,111.0500,20
2018-08-16 10:12:05,110.9200,1
2018-08-16 10:12:06,108.9200,1
2018-08-16 10:12:07,99.0300,19
2018-08-16 10:12:08,99.0300,6
2018-08-16 10:12:09,100.0300,1
2018-08-16 10:12:10,101.0300,1
2018-08-16 10:12:11,102.5300,19
2018-08-16 10:12:12,99.0300,2
2018-08-16 10:12:13,99.0300,1
2018-08-16 10:12:14,99.0300,1
2018-08-16 10:12:15,99.0300,1
2018-08-16 10:12:16,103.0300,1
2018-08-16 10:12:17,103.0300,19
2018-08-16 10:12:18,104.0300,20
2018-08-16 10:12:19,103.2800,1
2018-08-16 10:12:20,106.6600,1
2018-08-16 10:12:21,104.0300,1
2018-08-16 10:12:22,104.0300,1
2018-08-16 10:12:23,107.0300,9
2018-08-16 10:12:24,111.0300,1
2018-08-16 10:12:25,109.0300,1
2018-08-16 10:12:26,111.0300,1
2018-08-16 10:12:27,111.0300,1
2018-08-16 10:12:28,111.1500,1
2018-08-16 10:12:29,111.0300,19
2018-08-16 10:12:30,111.0300,19
2018-08-16 10:12:31,110.0300,1
2018-08-16 10:12:32,113.0300,20
2018-08-16 10:12:33,115.0300,1
2018-08-16 10:12:34,113.0300,19
2018-08-16 10:12:35,114.0300,1
2018-08-16 10:12:36,120.0300,1
2018-08-16 10:12:37,120.0300,1
2018-08-16 10:12:38,124.0300,1
2018-08-16 10:12:39,124.0300,1
2018-08-16 10:12:40,124.0300,17
2018-08-16 10:12:41,126.5300,1
2018-08-16 10:12:42,126.5300,1
2018-08-16 10:12:43,124.5300,17
2018-08-16 10:12:44,113.7800,17
2018-08-16 10:12:45,111.7800,1
2018-08-16 10:12:46,108.7800,1
2018-08-16 10:12:47,108.7800,1
2018-08-16 10:12:48,106.9100,1
2018-08-16 10:12:49,110.3400,19
2018-08-16 10:12:50,110.3400,1
2018-08-16 10:12:51,109.3400,9
2018-08-16 10:12:52,109.3400,3
2018-08-16 10:12:53,110.8400,1
2018-08-16 10:12:54,110.0900,1
2018-08-16 10:12:55,115.0900,1
2018-08-16 10:12:56,117.0900,1
2018-08-16 10:12:57,117.0900,1
2018-08-16 10:12:58,117.0900,1
2018-08-16 10:12:59,118.0900,20
2018-08-16 10:13:00,118.0900,20
2018-08-16 10:13:01,120.0900,1
2018-08-16 10:13:02,119.6900,20
2018-08-16 10:13:03,121.6900,1
2018-08-16 10:13:04,111.8600,20
2018-08-16 10:13:05,111.8600,20
2018-08-16 10:13:06,111.8600,20
2018-08-16 10:13:07,119.9800,1
2018-08-16 10:13:08,119.9800,1
2018-08-16 10:13:09,120.0200,1
2018-08-16 10:13:10,120.0200,1
2018-08-16 10:13:11,122.0100,1
2018-08-16 10:13:12,122.0100,1
2018-08-16 10:13:13,122.0000,1
2018-08-16 10:13:14,121.0000,1
2018-08-16 10:13:15,126.0000,1
2018-08-16 10:13:16,123.0000,1
2018-08-16 10:13:17,123.0000,1
2018-08-16 10:13:18,129.5000,1
2018-08-16 10:13:19,130.5000,1
2018-08-16 10:13:20,129.5000,1
2018-08-16 10:13:21,99.0300,16
2018-08-16 10:13:22,101.0300,1
2018-08-16 10:13:23,101.0300,1
2018-08-16 10:13:24,101.0900,20
2018-08-16 10:13:25,101.0900,20
2018-08-16 10:13:27,104.0900,19
2018-08-16 10:13:28,108.0900,20
2018-08-16 10:13:29,107.0900,1
2018-08-16 10:13:30,109.5900,1
2018-08-16 10:13:31,101.0600,1
2018-08-16 10:13:32,103.0600,1
2018-08-16 10:13:33,101.0500,1
2018-08-16 10:13:34,101.0500,1
2018-08-16 10:13:35,101.0500,19
2018-08-16 10:13:36,100.5600,1
2018-08-16 10:13:37,100.5600,1
2018-08-16 10:13:38,104.0400,1
2018-08-16 10:13:39,100.0400,1
2018-08-16 10:13:40,102.0400,20
2018-08-16 10:13:41,102.0400,20
2018-08-16 10:13:42,103.0400,1
2018-08-16 10:13:43,103.0400,1
2018-08-16 10:13:44,103.5300,18
2018-08-16 10:13:45,101.5300,1
2018-08-16 10:13:46,102.9100,1
2018-08-16 10:13:47,100.2800,1
2018-08-16 10:13:48,101.5300,1
2018-08-16 10:13:49,101.5300,1
2018-08-16 10:13:50,104.5300,1
2018-08-16 10:13:51,107.5300,1
2018-08-16 10:13:52,110.0300,1
2018-08-16 10:13:53,108.5300,1
2018-08-16 10:13:54,108.5300,1
2018-08-16 10:13:55,108.5300,1
2018-08-16 10:13:56,106.5300,1
2018-08-16 10:13:57,110.5300,20
2018-08-16 10:13:58,112.5300,1
2018-08-16 10:13:59,112.5300,1
2018-08-16 10:14:00,114.5300,1
2018-08-16 10:14:01,112.5300,17
2018-08-16 10:14:02,107.4100,20
2018-08-16 10:14:04,107.4100,20
2018-08-16 10:14:05,106.9700,1
2018-08-16 10:14:06,106.9700,1
2018-08-16 10:14:07,108.9700,1
2018-08-16 10:14:08,105.0000,4
2018-08-16 10:14:09,105.0000,4
2018-08-16 10:14:10,102.0300,20
2018-08-16 10:14:11,103.0300,1
2018-08-16 10:14:12,104.0300,1
2018-08-16 10:14:13,103.0300,20
2018-08-16 10:14:15,104.0300,1
2018-08-16 10:14:16,104.5300,20
2018-08-16 10:14:17,104.0300,1
2018-08-16 10:14:18,105.5300,1
2018-08-16 10:14:19,104.5300,1
2018-08-16 10:14:20,104.5300,1
2018-08-16 10:14:21,102.2800,17
2018-08-16 10:14:23,102.2800,17
2018-08-16 10:14:24,102.0900,1
2018-08-16 10:14:25,104.7400,1
2018-08-16 10:14:26,104.0900,1
2018-08-16 10:14:27,107.0900,1
2018-08-16 10:14:28,103.8400,1
2018-08-16 10:14:29,104.0900,1
2018-08-16 10:14:30,103.5600,20
2018-08-16 10:14:31,103.5600,12
2018-08-16 10:14:32,100.3000,19
2018-08-16 10:14:33,99.0300,20
2018-08-16 10:14:34,100.6600,20
2018-08-16 10:14:35,100.6600,1
2018-08-16 10:14:36,99.4300,1
2018-08-16 10:14:37,102.8700,1
2018-08-16 10:14:38,103.8700,1
2018-08-16 10:14:39,105.8700,1
2018-08-16 10:14:40,105.8700,1
2018-08-16 10:14:41,107.8700,20
2018-08-16 10:14:42,106.9200,1
2018-08-16 10:14:43,107.4500,20
2018-08-16 10:14:44,106.5200,1
2018-08-16 10:14:45,105.4500,1
2018-08-16 10:14:46,105.4500,20
2018-08-16 10:14:47,105.4500,20
2018-08-16 10:14:48,105.8900,20
2018-08-16 10:14:49,105.8900,20
2018-08-16 10:14:50,105.8900,20
2018-08-16 10:14:51,105.8900,20
2018-08-16 10:14:52,115.3700,19
2018-08-16 10:14:53,112.3700,1
2018-08-16 10:14:54,110.3700,2
2018-08-16 10:14:55,110.3700,2
2018-08-16 10:14:56,117.1200,20
2018-08-16 10:14:57,119.1200,14
2018-08-16 10:14:58,121.1200,20
2018-08-16 10:14:59,121.1200,20
2018-08-16 10:15:00,119.6200,1
2018-08-16 10:15:01,119.6200,1
2018-08-16 10:15:02,124.6200,1
2018-08-16 10:15:03,122.6200,1
2018-08-16 10:15:04,120.9800,1
2018-08-16 10:15:05,120.9800,19
2018-08-16 10:15:06,120.9800,19
2018-08-16 10:15:07,123.8000,17
2018-08-16 10:15:08,123.8000,1
2018-08-16 10:15:09,123.8000,19
2018-08-16 10:15:10,126.4900,1
2018-08-16 10:15:11,125.7300,1
2018-08-16 10:15:12,125.7300,1
2018-08-16 10:15:13,127.7300,6
2018-08-16 10:15:14,128.7300,1
2018-08-16 10:15:15,127.2300,1
2018-08-16 10:15:16,99.0200,7
2018-08-16 10:15:17,99.0200,19
2018-08-16 10:15:18,101.0300,1
2018-08-16 10:15:19,101.0300,1
2018-08-16 10:15:20,102.0300,1
2018-08-16 10:15:21,104.0300,20
2018-08-16 10:15:22,103.0300,1
2018-08-16 10:15:23,104.0300,1
2018-08-16 10:15:24,106.0300,20
2018-08-16 10:15:25,106.0300,20
2018-08-16 10:15:26,105.0300,1
2018-08-16 10:15:27,106.0300,1
2018-08-16 10:15:28,102.2500,1
2018-08-16 10:15:29,102.0300,1
2018-08-16 10:15:31,99.0200,19
2018-08-16 10:15:32,101.0200,1
2018-08-16 10:15:33,102.0200,1
2018-08-16 10:15:34,101.0200,1
2018-08-16 10:15:35,105.0200,1
2018-08-16 10:15:36,103.0200,1
2018-08-16 10:15:38,103.0200,1
2018-08-16 10:15:39,103.5200,1
2018-08-16 10:15:40,105.5200,18
2018-08-16 10:15:41,102.5200,19
2018-08-16 10:15:42,103.5200,19
2018-08-16 10:15:43,108.5200,1
2018-08-16 10:15:44,105.9800,19
2018-08-16 10:15:45,107.4100,18
2018-08-16 10:15:46,104.5200,18
2018-08-16 10:15:47,107.9700,20
2018-08-16 10:15:48,106.5400,1
2018-08-16 10:15:49,108.9700,20
2018-08-16 10:15:50,108.9700,1
2018-08-16 10:15:51,105.9700,1
2018-08-16 10:15:53,105.9700,1
2018-08-16 10:15:54,111.7200,1
2018-08-16 10:15:55,111.7200,1
2018-08-16 10:15:56,111.7200,1
2018-08-16 10:15:57,113.7200,1
2018-08-16 10:15:58,113.7200,1
2018-08-16 10:15:59,113.7200,1
2018-08-16 10:16:00,118.8000,1
2018-08-16 10:16:01,116.8000,1
2018-08-16 10:16:02,117.7600,1
2018-08-16 10:16:03,119.7600,2
2018-08-16 10:16:05,119.7600,2
2018-08-16 10:16:06,117.2600,19
2018-08-16 10:16:09,117.2600,19
2018-08-16 10:16:10,116.8400,19
2018-08-16 10:16:11,116.8700,1
2018-08-16 10:16:12,116.8100,20
2018-08-16 10:16:13,118.7800,1
2018-08-16 10:16:14,118.7800,1
2018-08-16 10:16:15,121.7800,1
2018-08-16 10:16:16,121.7800,1
2018-08-16 10:16:17,121.7800,1
2018-08-16 10:16:18,121.7800,1
2018-08-16 10:16:19,120.7800,1
2018-08-16 10:16:21,108.4800,20
2018-08-16 10:16:22,106.1200,11
2018-08-16 10:16:23,104.3800,1
2018-08-16 10:16:24,105.7500,1
2018-08-16 10:16:25,102.3800,1
2018-08-16 10:16:26,99.0200,1
2018-08-16 10:16:27,104.0600,1
2018-08-16 10:16:28,106.0600,20
2018-08-16 10:16:29,107.5600,1
2018-08-16 10:16:30,107.5600,17
2018-08-16 10:16:31,107.5600,1
2018-08-16 10:16:32,107.5600,1
2018-08-16 10:16:33,106.5600,20
2018-08-16 10:16:34,105.2900,20
2018-08-16 10:16:35,103.2900,1
2018-08-16 10:16:36,107.4300,1
2018-08-16 10:16:37,108.1000,1
2018-08-16 10:16:38,103.0200,1
2018-08-16 10:16:39,103.0200,1
2018-08-16 10:16:40,103.0200,1
2018-08-16 10:16:41,103.0200,1
2018-08-16 10:16:42,99.0200,13
2018-08-16 10:16:43,99.0200,20
2018-08-16 10:16:44,99.5200,4
2018-08-16 10:16:45,99.5200,4
2018-08-16 10:16:46,100.0200,18
2018-08-16 10:16:47,101.5200,1
2018-08-16 10:16:48,100.0200,20
2018-08-16 10:16:49,103.9800,1
2018-08-16 10:16:50,104.9800,1
2018-08-16 10:16:51,104.9800,1
2018-08-16 10:16:52,104.9800,1
2018-08-16 10:16:53,104.9800,1
2018-08-16 10:16:54,108.9800,20
2018-08-16 10:16:55,108.9800,1
2018-08-16 10:16:56,108.4800,1
2018-08-16 10:16:57,108.4800,1
2018-08-16 10:16:58,110.4800,1
2018-08-16 10:16:59,109.9800,1
2018-08-16 10:17:00,109.9800,1
2018-08-16 10:17:01,109.9800,1
2018-08-16 10:17:02,119.4800,1
2018-08-16 10:17:03,117.4800,1
2018-08-16 10:17:04,107.5000,1
2018-08-16 10:17:05,107.5000,1
2018-08-16 10:17:06,107.5000,17
2018-08-16 10:17:07,106.6300,1
2018-08-16 10:17:08,108.6300,1
2018-08-16 10:17:09,108.6300,1
2018-08-16 10:17:10,107.6300,3
2018-08-16 10:17:11,108.6300,1
2018-08-16 10:17:12,107.8400,20
2018-08-16 10:17:13,110.3400,11
2018-08-16 10:17:14,108.6300,1
2018-08-16 10:17:15,108.1900,1
2018-08-16 10:17:16,110.1900,1
2018-08-16 10:17:17,110.0500,1
2018-08-16 10:17:18,110.0500,1
2018-08-16 10:17:19,113.0500,1
2018-08-16 10:17:20,115.0500,1
2018-08-16 10:17:21,114.0500,19
2018-08-16 10:17:22,113.3300,1
2018-08-16 10:17:23,114.0500,1
2018-08-16 10:17:24,114.0500,1
2018-08-16 10:17:25,116.0500,1
2018-08-16 10:17:26,116.0500,1
2018-08-16 10:17:27,116.0500,1
2018-08-16 10:17:28,113.0500,1
2018-08-16 10:17:29,113.0500,20
2018-08-16 10:17:30,113.0500,1
2018-08-16 10:17:31,112.0500,1
2018-08-16 10:17:32,107.5300,1
2018-08-16 10:17:33,109.1000,1
2018-08-16 10:17:34,109.1000,12
2018-08-16 10:17:35,110.1000,12
2018-08-16 10:17:37,111.1000,1
2018-08-16 10:17:38,111.1000,1
2018-08-16 10:17:39,113.1000,1
2018-08-16 10:17:40,114.6000,1
2018-08-16 10:17:41,113.6000,1
2018-08-16 10:17:42,114.6000,16
2018-08-16 10:17:43,114.6000,1
2018-08-16 10:17:44,116.8500,1
2018-08-16 10:17:45,116.8500,1
2018-08-16 10:17:46,116.8500,1
2018-08-16 10:17:47,115.1000,20
2018-08-16 10:17:48,116.0300,1
2018-08-16 10:17:49,102.0200,20
2018-08-16 10:17:51,103.0200,20
2018-08-16 10:17:52,103.0200,3
2018-08-16 10:17:53,104.0200,1
2018-08-16 10:17:54,105.0200,20
2018-08-16 10:17:55,108.0200,1
2018-08-16 10:17:56,110.0200,20
2018-08-16 10:17:58,110.6500,1
2018-08-16 10:17:59,106.4800,20
2018-08-16 10:18:00,105.6200,1
2018-08-16 10:18:01,106.6200,1
2018-08-16 10:18:02,108.6200,1
2018-08-16 10:18:03,110.6200,1
2018-08-16 10:18:05,110.6200,1
2018-08-16 10:18:06,115.7400,20
2018-08-16 10:18:07,113.1100,1
2018-08-16 10:18:08,115.6100,1
2018-08-16 10:18:09,117.6100,20
2018-08-16 10:18:10,117.5400,20
2018-08-16 10:18:11,116.6100,1
2018-08-16 10:18:12,109.3100,1
2018-08-16 10:18:13,109.3100,1
2018-08-16 10:18:14,115.6100,18
2018-08-16 10:18:15,119.6100,1
2018-08-16 10:18:16,117.6100,1
2018-08-16 10:18:17,117.6100,1
2018-08-16 10:18:18,121.6100,1
2018-08-16 10:18:19,119.6100,20
2018-08-16 10:18:20,123.6100,1
2018-08-16 10:18:21,124.6100,1
2018-08-16 10:18:22,124.6100,1
2018-08-16 10:18:23,110.2800,1
2018-08-16 10:18:24,103.0700,19
2018-08-16 10:18:25,103.0700,19
2018-08-16 10:18:26,112.3100,1
2018-08-16 10:18:27,105.0700,20
2018-08-16 10:18:28,105.0700,1
2018-08-16 10:18:29,102.0700,1
2018-08-16 10:18:30,104.0400,1
2018-08-16 10:18:31,103.8100,20
2018-08-16 10:18:32,103.8100,20
2018-08-16 10:18:33,104.5600,1
2018-08-16 10:18:34,103.5600,19
2018-08-16 10:18:35,102.5600,1
2018-08-16 10:18:36,99.0200,1
2018-08-16 10:18:37,99.0200,1
2018-08-16 10:18:38,102.5600,1
2018-08-16 10:18:39,102.5600,1
2018-08-16 10:18:40,105.7900,20
2018-08-16 10:18:41,105.7900,20
2018-08-16 10:18:42,108.7900,1
2018-08-16 10:18:43,108.7900,1
2018-08-16 10:18:44,109.2900,1
2018-08-16 10:18:45,108.2100,1
2018-08-16 10:18:46,111.1600,20
2018-08-16 10:18:47,111.1600,20
2018-08-16 10:18:48,110.1600,1
2018-08-16 10:18:49,110.1600,1
2018-08-16 10:18:50,110.1600,19
2018-08-16 10:18:51,114.1600,1
2018-08-16 10:18:52,111.1600,19
2018-08-16 10:18:53,111.1600,19
2018-08-16 10:18:54,115.1600,3
2018-08-16 10:18:55,114.8500,1
2018-08-16 10:18:56,114.1600,20
2018-08-16 10:18:57,115.1600,20
2018-08-16 10:18:58,117.6600,20
2018-08-16 10:18:59,114.1600,1
2018-08-16 10:19:00,100.8100,1
2018-08-16 10:19:01,106.5900,1
2018-08-16 10:19:02,106.7000,1
2018-08-16 10:19:03,107.7000,1
2018-08-16 10:19:04,107.7000,1
2018-08-16 10:19:05,107.7000,20
2018-08-16 10:19:06,113.7000,20
2018-08-16 10:19:07,113.7000,20
2018-08-16 10:19:08,113.7000,1
2018-08-16 10:19:10,99.0200,5
2018-08-16 10:19:11,106.3600,1
2018-08-16 10:19:12,106.3600,1
2018-08-16 10:19:13,106.3600,1
2018-08-16 10:19:14,104.7800,1
2018-08-16 10:19:15,103.7800,1
2018-08-16 10:19:16,103.7800,1
2018-08-16 10:19:17,108.7800,1
2018-08-16 10:19:18,108.7800,1
2018-08-16 10:19:19,108.7800,1
2018-08-16 10:19:20,110.7800,4
2018-08-16 10:19:21,110.7800,4
2018-08-16 10:19:22,114.7800,1
2018-08-16 10:19:23,115.7800,1
2018-08-16 10:19:24,115.7800,1
2018-08-16 10:19:25,114.5900,20
2018-08-16 10:19:26,116.5900,1
2018-08-16 10:19:27,114.5900,10
2018-08-16 10:19:28,113.7300,1
2018-08-16 10:19:29,99.5600,1
2018-08-16 10:19:30,99.2900,1
2018-08-16 10:19:32,99.1600,1
2018-08-16 10:19:33,99.1600,19
2018-08-16 10:19:34,101.0900,1
2018-08-16 10:19:35,101.0900,19
2018-08-16 10:19:36,101.0900,19
2018-08-16 10:19:37,104.0900,1
2018-08-16 10:19:38,108.0900,1
2018-08-16 10:19:39,108.0900,1
2018-08-16 10:19:40,108.0900,1
2018-08-16 10:19:41,109.0900,20
2018-08-16 10:19:42,110.0900,1
2018-08-16 10:19:43,109.8400,1
2018-08-16 10:19:44,104.4300,1
2018-08-16 10:19:45,106.4300,1
2018-08-16 10:19:47,108.4300,1
2018-08-16 10:19:48,108.4300,20
2018-08-16 10:19:49,110.4300,1
2018-08-16 10:19:50,112.4300,19
2018-08-16 10:19:51,109.4300,17
2018-08-16 10:19:52,111.4300,1
2018-08-16 10:19:53,112.4300,1
2018-08-16 10:19:54,114.6200,7
2018-08-16 10:19:55,104.8200,1
2018-08-16 10:19:57,103.8200,6
2018-08-16 10:19:58,102.0200,1
2018-08-16 10:19:59,102.0200,1
2018-08-16 10:20:00,101.4200,1
2018-08-16 10:20:01,103.7200,1
2018-08-16 10:20:02,102.7200,20
2018-08-16 10:20:03,103.4200,1
2018-08-16 10:20:04,103.4200,1
2018-08-16 10:20:05,103.2200,1
2018-08-16 10:20:06,105.4200,1
2018-08-16 10:20:07,105.4200,1
2018-08-16 10:20:08,105.4200,1
2018-08-16 10:20:09,105.4200,1
2018-08-16 10:20:10,107.4200,6
2018-08-16 10:20:11,107.4200,1
2018-08-16 10:20:12,103.2200,1
2018-08-16 10:20:13,107.2200,20
2018-08-16 10:20:14,104.7200,1
2018-08-16 10:20:15,105.7200,20
2018-08-16 10:20:16,104.7200,1
2018-08-16 10:20:17,104.7200,6
2018-08-16 10:20:18,104.7200,6
2018-08-16 10:20:19,105.7200,1
2018-08-16 10:20:20,104.1500,20
2018-08-16 10:20:21,104.1500,20
2018-08-16 10:20:22,104.8300,1
2018-08-16 10:20:23,107.8300,1
2018-08-16 10:20:24,107.8300,1
2018-08-16 10:20:25,107.8300,1
2018-08-16 10:20:26,107.8300,1
2018-08-16 10:20:27,108.8300,20
2018-08-16 10:20:28,108.8300,20
2018-08-16 10:20:29,108.8300,20
2018-08-16 10:20:30,113.3300,1
2018-08-16 10:20:31,111.3300,1
2018-08-16 10:20:32,111.8300,1
2018-08-16 10:20:33,110.8300,18
2018-08-16 10:20:34,112.2000,1
2018-08-16 10:20:35,112.2000,1
2018-08-16 10:20:36,115.0200,1
2018-08-16 10:20:37,115.0200,1
2018-08-16 10:20:38,111.0200,20
2018-08-16 10:20:39,113.0200,19
2018-08-16 10:20:40,113.0200,19
2018-08-16 10:20:41,116.0200,20
2018-08-16 10:20:42,118.5200,20
2018-08-16 10:20:43,119.5200,1
2018-08-16 10:20:44,119.5200,1
2018-08-16 10:20:45,119.5200,1
2018-08-16 10:20:46,122.5200,3
2018-08-16 10:20:47,122.5200,3
2018-08-16 10:20:48,123.5200,8
2018-08-16 10:20:49,122.5200,1
2018-08-16 10:20:50,122.5200,1
2018-08-16 10:20:51,112.2700,1
2018-08-16 10:20:52,121.0600,19
2018-08-16 10:20:53,115.8900,1
2018-08-16 10:20:54,121.0000,20
2018-08-16 10:20:55,117.7800,18
2018-08-16 10:20:56,121.7800,2
2018-08-16 10:20:57,109.9000,1
2018-08-16 10:20:58,109.9000,1
2018-08-16 10:20:59,109.9000,1
2018-08-16 10:21:00,111.9000,12
2018-08-16 10:21:01,111.9000,12
2018-08-16 10:21:02,112.9000,16
2018-08-16 10:21:03,114.9000,20
2018-08-16 10:21:04,115.9000,1
2018-08-16 10:21:05,114.9000,20
2018-08-16 10:21:06,114.9000,20
2018-08-16 10:21:07,116.9000,20
2018-08-16 10:21:08,114.9000,1
2018-08-16 10:21:09,119.4000,1
2018-08-16 10:21:10,119.4000,1
2018-08-16 10:21:11,119.4000,1
2018-08-16 10:21:12,102.5600,1
2018-08-16 10:21:13,102.5600,1
2018-08-16 10:21:15,102.5600,1
2018-08-16 10:21:16,102.1100,18
2018-08-16 10:21:17,101.2200,13
2018-08-16 10:21:18,104.1100,20
2018-08-16 10:21:19,99.4400,1
2018-08-16 10:21:20,101.4400,1
2018-08-16 10:21:21,101.4400,1
2018-08-16 10:21:22,101.9400,1
2018-08-16 10:21:23,101.1900,3
2018-08-16 10:21:24,100.4400,1
2018-08-16 10:21:25,100.3400,1
2018-08-16 10:21:26,100.3400,19
2018-08-16 10:21:27,100.8800,1
2018-08-16 10:21:28,100.6600,1
2018-08-16 10:21:29,99.0200,10
2018-08-16 10:21:30,99.6600,3
2018-08-16 10:21:31,99.0100,1
2018-08-16 10:21:32,102.6600,15
2018-08-16 10:21:33,102.6600,15
2018-08-16 10:21:34,104.6600,20
2018-08-16 10:21:35,104.6600,1
2018-08-16 10:21:37,106.6600,1
2018-08-16 10:21:38,105.6600,1
2018-08-16 10:21:39,103.6600,19
2018-08-16 10:21:40,109.1600,20
2018-08-16 10:21:41,109.9700,20
2018-08-16 10:21:42,112.9700,1
2018-08-16 10:21:43,111.9700,20
2018-08-16 10:21:44,111.9700,1
2018-08-16 10:21:45,108.4700,1
2018-08-16 10:21:46,105.7400,1
2018-08-16 10:21:47,105.7400,1
2018-08-16 10:21:48,105.7400,1
2018-08-16 10:21:49,102.3800,1
2018-08-16 10:21:50,100.6900,1
2018-08-16 10:21:51,100.6900,18
2018-08-16 10:21:52,99.0100,17
2018-08-16 10:21:53,99.0100,1
2018-08-16 10:21:54,102.0100,1
2018-08-16 10:21:55,102.0100,1
2018-08-16 10:21:56,100.0100,1
2018-08-16 10:21:57,100.0100,1
2018-08-16 10:21:58,99.9400,1
2018-08-16 10:21:59,99.0100,14
2018-08-16 10:22:00,99.0000,2
2018-08-16 10:22:01,99.0100,1
2018-08-16 10:22:02,99.0000,19
2018-08-16 10:22:03,101.0000,1
2018-08-16 10:22:04,101.0000,1
2018-08-16 10:22:05,101.0000,1
2018-08-16 10:22:06,101.0000,1
2018-08-16 10:22:07,105.0000,1
2018-08-16 10:22:08,107.0000,20
2018-08-16 10:22:09,99.5000,1
2018-08-16 10:22:10,99.5000,1
2018-08-16 10:22:11,102.0000,20
2018-08-16 10:22:12,102.0000,20
2018-08-16 10:22:13,102.0000,20
2018-08-16 10:22:14,102.0000,20
2018-08-16 10:22:15,104.4500,1
2018-08-16 10:22:16,103.4500,1
2018-08-16 10:22:17,102.8400,1
2018-08-16 10:22:18,100.2200,1
2018-08-16 10:22:19,100.2200,1
2018-08-16 10:22:20,103.2200,1
2018-08-16 10:22:21,103.2200,1
2018-08-16 10:22:22,102.3200,1
2018-08-16 10:22:24,105.0700,1
2018-08-16 10:22:25,103.0700,1
2018-08-16 10:22:26,103.0700,18
2018-08-16 10:22:27,108.0700,1
2018-08-16 10:22:28,107.0800,1
2018-08-16 10:22:29,106.0700,1
2018-08-16 10:22:30,106.0700,1
2018-08-16 10:22:31,106.0700,1
2018-08-16 10:22:33,110.5700,1
2018-08-16 10:22:34,110.5700,1
2018-08-16 10:22:35,112.5700,20
2018-08-16 10:22:36,112.5700,20
2018-08-16 10:22:37,111.5700,20
2018-08-16 10:22:38,111.5700,20
2018-08-16 10:22:39,114.5700,1
2018-08-16 10:22:40,112.8200,1
2018-08-16 10:22:41,108.9900,1
2018-08-16 10:22:42,108.9900,1
2018-08-16 10:22:43,108.9900,1
2018-08-16 10:22:44,109.9900,1
2018-08-16 10:22:45,114.8700,20
2018-08-16 10:22:46,111.8700,1
2018-08-16 10:22:47,110.9300,1
2018-08-16 10:22:48,109.9900,20
2018-08-16 10:22:49,112.1900,1
2018-08-16 10:22:50,115.8200,19
2018-08-16 10:22:51,116.8200,1
2018-08-16 10:22:52,116.8200,19
2018-08-16 10:22:53,118.8200,9
2018-08-16 10:22:54,117.8200,1
2018-08-16 10:22:55,122.3200,1
2018-08-16 10:22:56,122.3200,1
2018-08-16 10:22:57,124.3200,1
2018-08-16 10:22:58,124.3200,19
2018-08-16 10:22:59,128.3200,20
2018-08-16 10:23:00,128.3200,1
2018-08-16 10:23:01,128.3200,1
2018-08-16 10:23:02,132.3200,8
2018-08-16 10:23:03,134.3200,20
2018-08-16 10:23:04,133.8200,1
2018-08-16 10:23:05,131.8200,20
2018-08-16 10:23:06,131.8200,2
2018-08-16 10:23:07,99.0000,1
2018-08-16 10:23:08,102.0000,1
2018-08-16 10:23:09,102.0000,19
2018-08-16 10:23:10,103.0000,19
2018-08-16 10:23:11,104.0000,20
2018-08-16 10:23:12,104.0000,20
2018-08-16 10:23:13,106.0000,20
2018-08-16 10:23:14,106.0000,20
2018-08-16 10:23:15,106.0000,20
2018-08-16 10:23:17,111.0000,1
2018-08-16 10:23:18,110.0000,1
2018-08-16 10:23:19,109.1200,1
2018-08-16 10:23:20,113.5600,1
2018-08-16 10:23:21,115.5600,1
2018-08-16 10:23:22,112.5600,1
2018-08-16 10:23:23,111.2400,1
2018-08-16 10:23:24,111.9200,1
2018-08-16 10:23:25,111.3300,1
2018-08-16 10:23:26,114.3800,1
2018-08-16 10:23:27,112.2400,1
2018-08-16 10:23:28,114.5600,20
2018-08-16 10:23:29,110.7400,1
2018-08-16 10:23:30,99.0000,20
2018-08-16 10:23:31,101.2500,8
2018-08-16 10:23:32,101.5000,1
2018-08-16 10:23:33,101.5000,16
2018-08-16 10:23:34,101.5000,1
2018-08-16 10:23:35,101.5000,4
2018-08-16 10:23:36,101.5000,4
2018-08-16 10:23:37,101.5000,4
2018-08-16 10:23:38,105.5000,1
2018-08-16 10:23:39,105.5000,1
2018-08-16 10:23:40,104.0000,1
2018-08-16 10:23:41,105.0000,1
2018-08-16 10:23:42,105.0000,1
2018-08-16 10:23:43,106.5200,19
2018-08-16 10:23:44,106.5200,1
2018-08-16 10:23:45,105.6400,19
2018-08-16 10:23:46,99.5400,1
2018-08-16 10:23:47,101.5400,1
2018-08-16 10:23:48,101.5400,1
2018-08-16 10:23:49,101.0600,1
2018-08-16 10:23:50,105.0600,20
2018-08-16 10:23:51,105.0600,20
2018-08-16 10:23:52,104.0600,1
2018-08-16 10:23:53,104.0600,1
2018-08-16 10:23:54,109.0200,1
2018-08-16 10:23:55,107.2000,1
2018-08-16 10:23:56,107.2000,1
2018-08-16 10:23:57,107.2000,17
2018-08-16 10:23:58,107.2000,17
2018-08-16 10:23:59,109.2000,1
2018-08-16 10:24:00,107.2000,1
2018-08-16 10:24:01,101.1000,1
2018-08-16 10:24:02,101.5800,20
2018-08-16 10:24:03,103.8100,1
2018-08-16 10:24:04,103.8100,1
2018-08-16 10:24:05,103.8100,1
2018-08-16 10:24:06,103.8100,20
2018-08-16 10:24:07,104.8100,1
2018-08-16 10:24:08,105.3100,1
2018-08-16 10:24:09,105.3100,1
2018-08-16 10:24:10,111.8100,1
2018-08-16 10:24:11,111.8100,1
2018-08-16 10:24:12,111.8100,1
2018-08-16 10:24:13,108.8100,20
2018-08-16 10:24:14,108.8100,19
2018-08-16 10:24:15,112.3100,1
2018-08-16 10:24:16,112.3100,1
2018-08-16 10:24:17,108.3100,1
2018-08-16 10:24:18,101.0000,1
2018-08-16 10:24:19,102.5000,1
2018-08-16 10:24:20,103.5000,1
2018-08-16 10:24:21,104.5000,14
2018-08-16 10:24:22,104.5000,14
2018-08-16 10:24:23,106.5000,1
2018-08-16 10:24:24,106.5000,1
2018-08-16 10:24:25,102.4000,1
2018-08-16 10:24:26,100.0500,18
2018-08-16 10:24:27,101.5300,1
2018-08-16 10:24:28,103.5300,1
2018-08-16 10:24:29,103.5300,1
2018-08-16 10:24:30,105.5300,1
