timestamp,price,size
2024-08-05 09:30:59,443.0000,2
2024-08-05 09:31:00,443.6900,5
2024-08-05 09:31:01,445.3700,1
2024-08-05 09:31:02,445.5000,1
2024-08-05 09:31:03,444.7600,1
2024-08-05 09:31:04,444.7600,1
2024-08-05 09:31:05,444.7600,1
2024-08-05 09:31:06,444.7600,1
2024-08-05 09:31:07,445.7400,5
2024-08-05 09:31:08,445.4900,1
2024-08-05 09:31:09,444.7600,1
2024-08-05 09:31:10,444.7600,1
2024-08-05 09:31:11,444.6200,1
2024-08-05 09:31:12,444.6200,1
2024-08-05 09:31:13,444.6200,1
2024-08-05 09:31:14,444.6200,1
2024-08-05 09:31:15,444.6200,1
2024-08-05 09:31:16,444.6200,1
2024-08-05 09:31:17,444.6200,1
2024-08-05 09:31:18,444.6200,1
2024-08-05 09:31:19,444.6200,1
2024-08-05 09:31:20,444.6200,1
2024-08-05 09:31:21,444.6200,1
2024-08-05 09:31:22,444.6200,1
2024-08-05 09:31:23,444.6200,1
2024-08-05 09:31:24,444.6200,1
2024-08-05 09:31:25,444.6200,1
2024-08-05 09:31:26,444.6200,1
2024-08-05 09:31:27,444.6200,1
2024-08-05 09:31:28,444.6200,1
2024-08-05 09:31:29,444.6200,1
2024-08-05 09:31:30,444.6200,1
2024-08-05 09:31:31,443.7000,1
2024-08-05 09:31:32,443.4900,1
2024-08-05 09:31:33,442.7300,1
2024-08-05 09:31:34,442.7300,1
2024-08-05 09:31:35,441.8000,1
2024-08-05 09:31:36,442.3400,1
2024-08-05 09:31:37,442.7300,2
2024-08-05 09:31:38,442.7300,1
2024-08-05 09:31:39,442.0100,1
2024-08-05 09:31:40,442.0100,1
2024-08-05 09:31:41,442.0100,1
2024-08-05 09:31:42,442.0100,1
2024-08-05 09:31:43,442.0100,1
2024-08-05 09:31:44,442.0100,1
2024-08-05 09:31:45,443.3800,1
2024-08-05 09:31:46,443.3800,1
2024-08-05 09:31:47,443.3800,1
2024-08-05 09:31:48,443.3800,1
2024-08-05 09:31:49,443.7900,1
2024-08-05 09:31:50,443.0400,1
2024-08-05 09:31:51,443.0400,1
2024-08-05 09:31:52,443.0400,1
2024-08-05 09:31:53,443.0400,1
2024-08-05 09:31:54,443.0400,1
2024-08-05 09:31:55,443.0400,1
2024-08-05 09:31:56,443.4000,2
2024-08-05 09:31:57,442.9800,1
2024-08-05 09:31:58,442.9800,1
2024-08-05 09:31:59,442.9800,1
2024-08-05 09:32:00,442.9800,1
2024-08-05 09:32:01,442.4600,1
2024-08-05 09:32:02,442.4600,1
2024-08-05 09:32:03,442.4600,1
2024-08-05 09:32:04,442.0100,1
2024-08-05 09:32:05,442.0100,1
2024-08-05 09:32:06,441.2000,1
2024-08-05 09:32:07,441.2000,1
2024-08-05 09:32:08,441.2000,1
2024-08-05 09:32:09,441.2000,1
2024-08-05 09:32:10,441.2000,1
2024-08-05 09:32:11,441.2000,1
2024-08-05 09:32:12,441.2000,1
2024-08-05 09:32:13,441.2000,1
2024-08-05 09:32:14,442.4900,1
2024-08-05 09:32:15,441.6600,1
2024-08-05 09:32:16,441.6600,1
2024-08-05 09:32:17,441.6600,1
2024-08-05 09:32:18,441.6600,1
2024-08-05 09:32:19,442.4000,1
2024-08-05 09:32:20,442.4000,1
2024-08-05 09:32:21,442.4000,1
2024-08-05 09:32:22,441.9100,1
2024-08-05 09:32:23,441.9100,1
2024-08-05 09:32:24,441.9100,1
2024-08-05 09:32:25,441.4900,1
2024-08-05 09:32:26,441.4900,1
2024-08-05 09:32:27,442.6200,1
2024-08-05 09:32:28,442.6200,1
2024-08-05 09:32:29,442.6200,1
2024-08-05 09:32:30,442.6200,1
2024-08-05 09:32:31,442.6200,1
2024-08-05 09:32:32,442.6200,1
2024-08-05 09:32:33,442.6200,1
2024-08-05 09:32:34,442.6200,1
2024-08-05 09:32:35,442.6200,1
2024-08-05 09:32:36,442.6200,1
2024-08-05 09:32:37,441.9900,1
2024-08-05 09:32:38,441.9900,1
2024-08-05 09:32:39,440.4600,1
2024-08-05 09:32:40,440.9100,1
2024-08-05 09:32:41,441.3600,1
2024-08-05 09:32:42,441.4300,1
2024-08-05 09:32:43,441.4300,1
2024-08-05 09:32:44,441.1900,1
2024-08-05 09:32:45,441.1700,1
2024-08-05 09:32:46,441.1700,1
2024-08-05 09:32:47,441.5700,1
2024-08-05 09:32:48,441.5700,1
2024-08-05 09:32:49,441.7600,1
2024-08-05 09:32:50,441.0700,1
2024-08-05 09:32:51,441.4300,2
2024-08-05 09:32:52,441.4300,2
2024-08-05 09:32:53,441.4300,2
2024-08-05 09:32:54,441.3000,2
2024-08-05 09:32:55,441.0000,1
2024-08-05 09:32:56,440.8100,1
2024-08-05 09:32:57,440.6700,1
2024-08-05 09:32:58,440.6700,1
2024-08-05 09:32:59,440.3100,1
2024-08-05 09:33:00,440.2000,1
2024-08-05 09:33:01,441.1000,1
2024-08-05 09:33:02,440.3100,1
2024-08-05 09:33:03,440.4300,1
2024-08-05 09:33:04,440.4300,1
2024-08-05 09:33:05,440.4300,1
2024-08-05 09:33:06,440.4300,1
2024-08-05 09:33:07,440.4300,1
2024-08-05 09:33:08,440.4500,2
2024-08-05 09:33:09,440.4500,2
2024-08-05 09:33:10,440.4500,2
2024-08-05 09:33:11,440.0200,1
2024-08-05 09:33:12,440.0500,1
2024-08-05 09:33:13,440.0500,1
2024-08-05 09:33:14,439.5300,1
2024-08-05 09:33:15,439.5300,1
2024-08-05 09:33:16,439.5300,1
2024-08-05 09:33:17,439.5300,1
2024-08-05 09:33:18,440.1200,1
2024-08-05 09:33:19,440.1200,1
2024-08-05 09:33:20,440.5000,1
2024-08-05 09:33:21,440.5000,1
2024-08-05 09:33:22,440.5000,1
2024-08-05 09:33:23,440.0200,1
2024-08-05 09:33:24,440.2300,1
2024-08-05 09:33:25,440.2300,1
2024-08-05 09:33:26,440.5100,1
2024-08-05 09:33:27,440.5100,1
2024-08-05 09:33:28,440.5100,1
2024-08-05 09:33:29,440.5100,1
2024-08-05 09:33:30,440.5100,1
2024-08-05 09:33:31,440.4500,5
2024-08-05 09:33:32,440.2600,1
2024-08-05 09:33:33,440.2600,1
2024-08-05 09:33:34,440.2600,1
2024-08-05 09:33:35,440.5300,1
2024-08-05 09:33:36,440.4000,1
2024-08-05 09:33:37,440.4000,1
2024-08-05 09:33:38,440.7200,1
2024-08-05 09:33:39,440.4000,1
2024-08-05 09:33:40,440.2000,1
2024-08-05 09:33:41,441.4700,2
2024-08-05 09:33:42,441.4700,2
2024-08-05 09:33:43,440.9900,1
2024-08-05 09:33:44,440.9900,1
2024-08-05 09:33:45,440.9900,1
2024-08-05 09:33:46,442.6200,1
2024-08-05 09:33:47,442.6200,1
2024-08-05 09:33:48,442.6200,1
2024-08-05 09:33:49,443.2200,2
2024-08-05 09:33:50,443.2200,2
2024-08-05 09:33:51,442.5900,1
2024-08-05 09:33:52,442.1200,1
2024-08-05 09:33:53,442.0600,1
2024-08-05 09:33:54,442.0600,1
2024-08-05 09:33:55,442.0400,1
2024-08-05 09:33:56,442.0600,1
2024-08-05 09:33:57,442.0600,1
2024-08-05 09:33:58,442.0600,1
2024-08-05 09:33:59,442.0600,1
2024-08-05 09:34:00,442.0600,1
2024-08-05 09:34:01,442.0600,1
2024-08-05 09:34:02,442.9900,1
2024-08-05 09:34:03,442.6600,1
2024-08-05 09:34:04,442.6600,1
2024-08-05 09:34:05,442.6600,1
2024-08-05 09:34:06,442.6600,1
2024-08-05 09:34:07,442.6600,1
2024-08-05 09:34:08,442.6600,1
2024-08-05 09:34:09,443.0500,1
2024-08-05 09:34:10,443.0500,1
2024-08-05 09:34:11,443.0200,1
2024-08-05 09:34:12,443.0200,1
2024-08-05 09:34:13,443.0000,1
2024-08-05 09:34:14,442.7700,4
2024-08-05 09:34:15,442.7700,4
2024-08-05 09:34:16,442.7700,4
2024-08-05 09:34:17,442.7700,4
2024-08-05 09:34:18,442.7700,4
2024-08-05 09:34:19,442.7700,4
2024-08-05 09:34:20,442.7700,4
2024-08-05 09:34:21,442.7700,4
2024-08-05 09:34:22,442.7700,4
2024-08-05 09:34:23,442.7700,4
2024-08-05 09:34:24,442.2200,1
2024-08-05 09:34:25,442.2200,1
2024-08-05 09:34:26,442.2200,1
2024-08-05 09:34:27,442.2200,1
2024-08-05 09:34:28,441.7700,1
2024-08-05 09:34:29,442.0000,1
2024-08-05 09:34:30,442.0000,1
2024-08-05 09:34:31,442.0000,1
2024-08-05 09:34:32,442.0000,1
2024-08-05 09:34:33,441.5400,17
2024-08-05 09:34:34,441.5400,17
2024-08-05 09:34:35,441.5400,17
2024-08-05 09:34:36,441.5400,17
2024-08-05 09:34:37,441.5400,17
2024-08-05 09:34:38,441.5400,17
2024-08-05 09:34:39,441.5400,17
2024-08-05 09:34:40,441.5400,17
2024-08-05 09:34:41,441.5400,17
2024-08-05 09:34:42,442.7700,1
2024-08-05 09:34:43,442.0900,1
2024-08-05 09:34:44,442.0900,1
2024-08-05 09:34:45,441.0200,1
2024-08-05 09:34:46,441.0200,1
2024-08-05 09:34:47,441.0200,1
2024-08-05 09:34:48,441.0200,1
2024-08-05 09:34:49,441.0200,1
2024-08-05 09:34:50,441.3400,1
2024-08-05 09:34:51,441.3400,1
2024-08-05 09:34:52,441.3400,1
2024-08-05 09:34:53,441.3400,1
2024-08-05 09:34:54,441.3400,1
2024-08-05 09:34:55,441.3400,1
2024-08-05 09:34:56,441.3400,1
2024-08-05 09:34:57,440.4000,1
2024-08-05 09:34:58,440.2600,1
2024-08-05 09:34:59,440.9200,1
2024-08-05 09:35:00,440.2800,1
2024-08-05 09:35:01,441.0000,6
2024-08-05 09:35:02,440.7600,1
2024-08-05 09:35:03,441.2800,1
2024-08-05 09:35:04,441.2800,1
2024-08-05 09:35:05,440.2200,1
2024-08-05 09:35:06,440.2200,1
2024-08-05 09:35:07,440.2200,1
2024-08-05 09:35:08,441.1400,1
2024-08-05 09:35:09,441.1400,1
2024-08-05 09:35:10,440.5500,1
2024-08-05 09:35:11,440.5500,1
2024-08-05 09:35:12,441.6700,1
2024-08-05 09:35:13,441.6700,1
2024-08-05 09:35:14,441.6700,1
2024-08-05 09:35:15,441.6700,1
2024-08-05 09:35:16,441.4000,1
2024-08-05 09:35:17,441.4000,1
2024-08-05 09:35:18,441.4000,1
2024-08-05 09:35:19,441.4000,1
2024-08-05 09:35:20,441.4000,1
2024-08-05 09:35:21,441.9000,1
2024-08-05 09:35:22,441.6000,1
2024-08-05 09:35:23,440.0600,1
2024-08-05 09:35:24,440.0600,1
2024-08-05 09:35:25,440.0600,1
2024-08-05 09:35:26,441.6000,1
2024-08-05 09:35:27,442.6700,1
2024-08-05 09:35:28,441.6500,2
2024-08-05 09:35:29,441.2500,1
2024-08-05 09:35:30,441.2500,1
2024-08-05 09:35:31,441.2500,1
2024-08-05 09:35:32,441.2500,1
2024-08-05 09:35:33,441.2500,1
2024-08-05 09:35:34,441.2500,1
2024-08-05 09:35:35,441.2500,1
2024-08-05 09:35:36,441.2500,1
2024-08-05 09:35:37,441.6900,1
2024-08-05 09:35:38,441.6700,1
2024-08-05 09:35:39,441.6700,1
2024-08-05 09:35:40,441.6700,1
2024-08-05 09:35:41,441.6700,1
2024-08-05 09:35:42,441.6700,1
2024-08-05 09:35:43,441.3000,1
2024-08-05 09:35:44,441.9200,1
2024-08-05 09:35:45,442.1800,1
2024-08-05 09:35:46,441.5200,1
2024-08-05 09:35:47,441.2500,1
2024-08-05 09:35:48,441.2500,1
2024-08-05 09:35:49,441.2500,1
2024-08-05 09:35:50,441.2500,1
2024-08-05 09:35:51,441.2500,1
2024-08-05 09:35:52,442.1300,1
2024-08-05 09:35:53,441.6700,1
2024-08-05 09:35:54,441.5400,1
2024-08-05 09:35:55,441.5400,1
2024-08-05 09:35:56,441.5400,1
2024-08-05 09:35:57,442.7700,1
2024-08-05 09:35:58,443.0300,2
2024-08-05 09:35:59,442.1300,1
2024-08-05 09:36:00,442.1300,1
2024-08-05 09:36:01,442.1300,1
2024-08-05 09:36:02,442.1300,1
2024-08-05 09:36:03,440.2000,1
2024-08-05 09:36:04,440.1100,1
2024-08-05 09:36:05,440.2200,1
2024-08-05 09:36:06,440.2000,1
2024-08-05 09:36:07,439.9500,1
2024-08-05 09:36:08,440.1500,1
2024-08-05 09:36:09,440.1100,1
2024-08-05 09:36:10,440.1100,1
2024-08-05 09:36:11,440.2000,1
2024-08-05 09:36:12,440.1200,2
2024-08-05 09:36:13,440.2200,1
2024-08-05 09:36:14,440.1200,1
2024-08-05 09:36:15,440.0200,1
2024-08-05 09:36:16,440.1400,1
2024-08-05 09:36:17,440.1100,1
2024-08-05 09:36:18,440.2200,1
2024-08-05 09:36:19,440.2200,1
2024-08-05 09:36:20,440.2100,1
2024-08-05 09:36:21,440.2200,1
2024-08-05 09:36:22,440.2200,1
2024-08-05 09:36:23,440.2200,1
2024-08-05 09:36:24,440.1500,1
2024-08-05 09:36:25,439.6200,1
2024-08-05 09:36:26,439.9200,1
2024-08-05 09:36:27,439.9200,1
2024-08-05 09:36:28,439.9200,1
2024-08-05 09:36:29,439.9200,1
2024-08-05 09:36:30,439.7200,1
2024-08-05 09:36:31,439.7200,1
2024-08-05 09:36:32,439.0100,1
2024-08-05 09:36:33,439.6200,1
2024-08-05 09:36:34,439.7400,1
2024-08-05 09:36:35,440.0600,1
2024-08-05 09:36:36,440.2200,1
2024-08-05 09:36:37,440.2200,1
2024-08-05 09:36:38,440.2100,1
2024-08-05 09:36:39,440.2200,1
2024-08-05 09:36:40,440.3300,1
2024-08-05 09:36:41,440.3300,1
2024-08-05 09:36:42,440.3300,1
2024-08-05 09:36:43,440.1800,1
2024-08-05 09:36:44,440.4300,3
2024-08-05 09:36:45,440.1700,1
2024-08-05 09:36:46,440.1700,1
2024-08-05 09:36:47,439.9200,1
2024-08-05 09:36:48,439.9200,1
2024-08-05 09:36:49,439.5900,1
2024-08-05 09:36:50,439.5900,9
2024-08-05 09:36:51,439.5900,9
2024-08-05 09:36:52,439.5000,1
2024-08-05 09:36:53,439.5000,1
2024-08-05 09:36:54,439.5000,1
2024-08-05 09:36:55,439.5000,1
2024-08-05 09:36:56,439.5000,1
2024-08-05 09:36:57,439.5000,1
2024-08-05 09:36:58,439.5000,1
2024-08-05 09:36:59,439.5000,1
2024-08-05 09:37:00,440.0500,1
2024-08-05 09:37:01,439.3900,1
2024-08-05 09:37:02,439.7800,1
2024-08-05 09:37:03,439.2200,1
2024-08-05 09:37:04,438.4300,1
2024-08-05 09:37:05,438.5300,1
2024-08-05 09:37:06,438.5200,1
2024-08-05 09:37:07,437.4500,1
2024-08-05 09:37:08,437.3800,2
2024-08-05 09:37:09,437.4400,1
2024-08-05 09:37:10,438.0100,1
2024-08-05 09:37:11,438.6400,1
2024-08-05 09:37:12,437.6100,1
2024-08-05 09:37:13,438.1300,1
2024-08-05 09:37:14,437.8300,1
2024-08-05 09:37:15,437.8300,1
2024-08-05 09:37:16,437.8900,1
2024-08-05 09:37:17,437.8900,1
2024-08-05 09:37:18,437.8900,1
2024-08-05 09:37:19,437.8900,1
2024-08-05 09:37:20,438.3400,1
2024-08-05 09:37:21,439.2900,1
2024-08-05 09:37:22,439.0000,1
2024-08-05 09:37:23,438.9800,1
2024-08-05 09:37:24,438.9800,1
2024-08-05 09:37:25,438.9800,1
2024-08-05 09:37:26,439.0400,1
2024-08-05 09:37:27,440.1200,1
2024-08-05 09:37:28,440.1200,1
2024-08-05 09:37:29,440.1200,1
2024-08-05 09:37:30,439.3800,1
2024-08-05 09:37:31,439.3800,1
2024-08-05 09:37:32,439.0900,1
2024-08-05 09:37:33,439.2400,1
2024-08-05 09:37:34,439.4100,1
2024-08-05 09:37:35,440.0000,1
2024-08-05 09:37:36,440.0000,1
2024-08-05 09:37:37,440.0000,1
2024-08-05 09:37:38,439.9900,1
2024-08-05 09:37:39,439.9500,1
2024-08-05 09:37:40,439.7500,1
2024-08-05 09:37:41,440.0000,1
2024-08-05 09:37:42,440.0000,1
2024-08-05 09:37:43,439.9300,1
2024-08-05 09:37:44,440.0200,1
2024-08-05 09:37:45,440.0200,1
2024-08-05 09:37:46,439.7500,1
2024-08-05 09:37:47,439.7600,1
2024-08-05 09:37:48,439.7600,1
2024-08-05 09:37:49,439.7300,1
2024-08-05 09:37:50,439.8800,1
2024-08-05 09:37:51,439.8800,1
2024-08-05 09:37:52,440.0000,3
2024-08-05 09:37:53,440.0000,1
2024-08-05 09:37:54,439.9000,1
2024-08-05 09:37:55,439.8800,1
2024-08-05 09:37:56,440.0000,1
2024-08-05 09:37:57,439.8800,1
2024-08-05 09:37:58,439.8800,1
2024-08-05 09:37:59,439.6900,1
2024-08-05 09:38:00,439.6900,1
2024-08-05 09:38:01,439.7700,1
2024-08-05 09:38:02,439.8100,1
2024-08-05 09:38:03,439.7800,2
2024-08-05 09:38:04,439.5800,1
2024-08-05 09:38:05,439.5800,1
2024-08-05 09:38:06,439.5000,3
2024-08-05 09:38:07,439.4600,1
2024-08-05 09:38:08,439.4600,1
2024-08-05 09:38:09,438.9600,1
2024-08-05 09:38:10,438.7900,1
2024-08-05 09:38:11,438.7900,1
2024-08-05 09:38:12,438.9800,3
2024-08-05 09:38:13,438.7600,1
2024-08-05 09:38:14,438.9800,1
2024-08-05 09:38:15,438.7500,1
2024-08-05 09:38:16,438.8400,1
2024-08-05 09:38:17,439.2100,1
2024-08-05 09:38:18,439.6100,1
2024-08-05 09:38:19,439.0500,2
2024-08-05 09:38:20,439.0500,2
2024-08-05 09:38:21,438.8300,1
2024-08-05 09:38:22,438.8300,1
2024-08-05 09:38:23,439.6900,1
2024-08-05 09:38:24,439.1000,1
2024-08-05 09:38:25,439.1000,1
2024-08-05 09:38:26,439.1000,1
2024-08-05 09:38:27,439.1700,1
2024-08-05 09:38:28,439.5200,1
2024-08-05 09:38:29,439.5200,1
2024-08-05 09:38:30,439.5200,1
2024-08-05 09:38:31,439.5200,1
2024-08-05 09:38:32,439.3200,2
2024-08-05 09:38:33,439.3200,2
2024-08-05 09:38:34,439.2100,2
2024-08-05 09:38:35,439.2100,2
2024-08-05 09:38:36,439.3900,1
2024-08-05 09:38:37,439.5400,1
2024-08-05 09:38:38,440.0000,1
2024-08-05 09:38:39,439.9000,1
2024-08-05 09:38:40,439.9000,1
2024-08-05 09:38:41,440.0000,1
2024-08-05 09:38:42,439.9700,2
2024-08-05 09:38:43,439.7000,39
2024-08-05 09:38:44,439.2200,1
2024-08-05 09:38:45,439.5100,1
2024-08-05 09:38:46,439.3500,1
2024-08-05 09:38:47,439.3500,1
2024-08-05 09:38:48,439.3100,1
2024-08-05 09:38:49,439.5000,1
2024-08-05 09:38:50,439.5000,1
2024-08-05 09:38:51,439.5000,1
2024-08-05 09:38:52,439.5900,1
2024-08-05 09:38:53,439.5900,1
2024-08-05 09:38:54,439.4600,1
2024-08-05 09:38:55,439.3600,1
2024-08-05 09:38:56,439.3600,1
2024-08-05 09:38:57,439.3600,1
2024-08-05 09:38:58,439.5100,1
2024-08-05 09:38:59,439.9600,1
2024-08-05 09:39:00,439.8800,2
2024-08-05 09:39:01,440.7900,1
2024-08-05 09:39:02,439.9600,2
2024-08-05 09:39:03,439.9600,2
2024-08-05 09:39:04,441.0600,1
2024-08-05 09:39:05,441.0600,1
2024-08-05 09:39:06,441.0600,1
2024-08-05 09:39:07,441.0600,1
2024-08-05 09:39:08,441.1600,1
2024-08-05 09:39:09,441.1600,1
2024-08-05 09:39:10,441.3000,1
2024-08-05 09:39:11,441.3000,1
2024-08-05 09:39:12,441.7400,1
2024-08-05 09:39:13,441.7700,1
2024-08-05 09:39:14,441.7700,1
2024-08-05 09:39:15,441.8400,1
2024-08-05 09:39:16,441.8400,1
2024-08-05 09:39:17,441.8400,1
2024-08-05 09:39:18,441.8400,1
2024-08-05 09:39:19,441.5500,1
2024-08-05 09:39:20,441.5500,1
2024-08-05 09:39:21,442.3800,1
2024-08-05 09:39:22,442.8700,1
2024-08-05 09:39:23,442.9700,1
2024-08-05 09:39:24,442.9700,1
2024-08-05 09:39:25,442.8400,1
2024-08-05 09:39:26,442.8400,1
2024-08-05 09:39:27,443.5000,1
2024-08-05 09:39:28,443.2500,1
2024-08-05 09:39:29,443.2500,1
2024-08-05 09:39:30,443.4500,1
2024-08-05 09:39:31,443.6200,1
2024-08-05 09:39:32,442.6400,1
2024-08-05 09:39:33,444.0000,1
2024-08-05 09:39:34,442.7600,1
2024-08-05 09:39:35,442.7600,1
2024-08-05 09:39:36,442.7600,1
2024-08-05 09:39:37,442.8800,1
2024-08-05 09:39:38,443.4200,1
2024-08-05 09:39:39,443.4200,1
2024-08-05 09:39:40,443.4200,1
2024-08-05 09:39:41,443.4200,1
2024-08-05 09:39:42,443.4200,1
2024-08-05 09:39:43,443.0400,1
2024-08-05 09:39:44,443.0300,3
2024-08-05 09:39:45,443.0300,1
2024-08-05 09:39:46,443.3400,1
2024-08-05 09:39:47,443.5200,1
2024-08-05 09:39:48,444.1700,2
2024-08-05 09:39:49,444.1700,2
2024-08-05 09:39:50,444.6200,1
2024-08-05 09:39:51,444.6200,1
2024-08-05 09:39:52,444.6200,1
2024-08-05 09:39:53,444.6200,1
2024-08-05 09:39:54,444.6200,1
2024-08-05 09:39:55,443.8200,1
2024-08-05 09:39:56,444.1500,1
2024-08-05 09:39:57,444.1500,1
2024-08-05 09:39:58,444.1500,1
2024-08-05 09:39:59,444.5300,3
2024-08-05 09:40:00,444.5300,1
2024-08-05 09:40:01,444.5300,1
2024-08-05 09:40:02,444.5500,1
2024-08-05 09:40:03,444.5500,1
2024-08-05 09:40:04,444.5500,1
2024-08-05 09:40:05,444.5500,1
2024-08-05 09:40:06,444.6800,1
2024-08-05 09:40:07,444.6800,1
2024-08-05 09:40:08,444.6800,1
2024-08-05 09:40:09,445.2000,2
2024-08-05 09:40:10,445.2000,2
2024-08-05 09:40:11,445.2000,2
2024-08-05 09:40:12,445.5500,1
2024-08-05 09:40:13,445.5500,1
2024-08-05 09:40:14,445.5500,1
2024-08-05 09:40:15,445.5500,1
2024-08-05 09:40:16,445.5500,1
2024-08-05 09:40:17,445.3300,1
2024-08-05 09:40:18,444.8000,1
2024-08-05 09:40:19,444.7600,1
2024-08-05 09:40:20,444.8200,1
2024-08-05 09:40:21,445.1800,1
2024-08-05 09:40:22,445.1800,1
2024-08-05 09:40:23,443.3900,1
2024-08-05 09:40:24,443.8400,1
2024-08-05 09:40:25,443.8400,1
2024-08-05 09:40:26,443.8400,1
2024-08-05 09:40:27,443.3200,1
2024-08-05 09:40:28,443.3200,1
2024-08-05 09:40:29,443.3200,1
2024-08-05 09:40:30,443.3200,1
2024-08-05 09:40:31,444.2700,1
2024-08-05 09:40:32,443.7600,1
2024-08-05 09:40:33,443.7600,1
2024-08-05 09:40:34,443.1700,1
2024-08-05 09:40:35,443.1700,1
2024-08-05 09:40:36,442.6500,1
2024-08-05 09:40:37,442.2200,1
2024-08-05 09:40:38,443.3400,2
2024-08-05 09:40:39,442.5000,1
2024-08-05 09:40:40,442.5000,1
2024-08-05 09:40:41,442.5000,1
2024-08-05 09:40:42,443.0300,1
2024-08-05 09:40:43,443.1500,1
2024-08-05 09:40:44,442.6900,1
2024-08-05 09:40:45,442.6900,1
2024-08-05 09:40:46,442.5300,1
2024-08-05 09:40:47,442.5300,1
2024-08-05 09:40:48,442.2700,2
2024-08-05 09:40:49,442.0000,1
2024-08-05 09:40:50,442.0000,1
2024-08-05 09:40:51,442.0000,1
2024-08-05 09:40:52,442.4000,1
2024-08-05 09:40:53,442.4000,1
2024-08-05 09:40:54,442.4000,1
2024-08-05 09:40:55,442.4000,1
2024-08-05 09:40:56,443.0400,1
2024-08-05 09:40:57,443.0400,1
2024-08-05 09:40:58,443.8400,1
2024-08-05 09:40:59,443.8400,1
2024-08-05 09:41:00,443.8400,1
2024-08-05 09:41:01,443.4400,1
2024-08-05 09:41:02,443.4400,1
2024-08-05 09:41:03,443.4400,1
2024-08-05 09:41:04,443.4400,1
2024-08-05 09:41:05,443.4400,1
2024-08-05 09:41:06,443.4400,1
2024-08-05 09:41:07,443.5200,1
2024-08-05 09:41:08,443.6100,1
2024-08-05 09:41:09,443.7800,3
2024-08-05 09:41:10,443.7800,3
2024-08-05 09:41:11,443.9900,1
2024-08-05 09:41:12,444.2200,1
2024-08-05 09:41:13,444.2500,1
2024-08-05 09:41:14,444.2500,1
2024-08-05 09:41:15,445.0000,1
2024-08-05 09:41:16,445.1600,1
2024-08-05 09:41:17,445.1600,1
2024-08-05 09:41:18,445.1600,1
2024-08-05 09:41:19,444.5900,1
2024-08-05 09:41:20,444.5900,1
2024-08-05 09:41:21,444.3500,2
2024-08-05 09:41:22,444.3500,2
2024-08-05 09:41:23,444.3500,2
2024-08-05 09:41:24,444.3500,2
2024-08-05 09:41:25,444.3500,2
2024-08-05 09:41:26,444.4800,1
2024-08-05 09:41:27,444.8000,1
2024-08-05 09:41:28,444.8000,1
2024-08-05 09:41:29,444.8000,1
2024-08-05 09:41:30,444.8000,1
2024-08-05 09:41:31,445.3000,1
2024-08-05 09:41:32,445.3000,1
2024-08-05 09:41:33,445.3000,1
2024-08-05 09:41:34,444.1400,1
2024-08-05 09:41:35,444.1400,1
2024-08-05 09:41:36,444.5100,1
2024-08-05 09:41:37,444.5100,1
2024-08-05 09:41:38,444.5100,1
2024-08-05 09:41:39,444.5100,1
2024-08-05 09:41:40,444.5200,1
2024-08-05 09:41:41,444.4800,1
2024-08-05 09:41:42,445.0000,1
2024-08-05 09:41:43,445.0000,1
2024-08-05 09:41:44,445.0000,1
2024-08-05 09:41:45,445.0000,1
2024-08-05 09:41:46,445.0000,1
2024-08-05 09:41:47,445.0000,1
2024-08-05 09:41:48,445.0000,1
2024-08-05 09:41:49,444.4700,1
2024-08-05 09:41:50,444.4700,1
2024-08-05 09:41:51,444.4700,1
2024-08-05 09:41:52,444.4700,1
2024-08-05 09:41:53,444.4700,1
2024-08-05 09:41:54,444.5100,1
2024-08-05 09:41:55,444.5100,1
2024-08-05 09:41:56,444.5100,1
2024-08-05 09:41:57,444.4000,1
2024-08-05 09:41:58,444.2100,6
2024-08-05 09:41:59,444.0400,1
2024-08-05 09:42:00,444.0100,1
2024-08-05 09:42:01,444.0100,1
2024-08-05 09:42:02,444.0100,1
2024-08-05 09:42:03,444.0100,1
2024-08-05 09:42:04,444.0100,1
2024-08-05 09:42:05,444.3900,1
2024-08-05 09:42:06,444.0100,1
2024-08-05 09:42:07,444.0100,1
2024-08-05 09:42:08,443.5100,1
2024-08-05 09:42:09,443.5100,1
2024-08-05 09:42:10,442.9800,1
2024-08-05 09:42:11,443.8000,1
2024-08-05 09:42:12,442.8700,1
2024-08-05 09:42:13,442.8700,1
2024-08-05 09:42:14,442.8700,1
2024-08-05 09:42:15,442.8700,1
2024-08-05 09:42:16,442.8700,1
2024-08-05 09:42:17,442.8700,1
2024-08-05 09:42:18,442.8700,1
2024-08-05 09:42:19,443.7400,1
2024-08-05 09:42:20,443.7400,1
2024-08-05 09:42:21,443.6300,1
2024-08-05 09:42:22,443.6300,1
2024-08-05 09:42:23,442.7400,1
2024-08-05 09:42:24,442.0100,1
2024-08-05 09:42:25,442.0100,1
2024-08-05 09:42:26,441.8600,3
2024-08-05 09:42:27,442.0900,1
2024-08-05 09:42:28,442.0800,1
2024-08-05 09:42:29,442.0800,1
2024-08-05 09:42:30,442.0800,1
2024-08-05 09:42:31,442.0800,1
2024-08-05 09:42:32,442.0800,1
2024-08-05 09:42:33,442.0800,1
2024-08-05 09:42:34,442.7800,3
2024-08-05 09:42:35,442.7800,3
2024-08-05 09:42:36,442.2100,1
2024-08-05 09:42:37,442.2100,1
2024-08-05 09:42:38,442.2100,1
2024-08-05 09:42:39,442.2100,1
2024-08-05 09:42:40,442.2100,1
2024-08-05 09:42:41,441.8000,1
2024-08-05 09:42:42,441.8000,1
2024-08-05 09:42:43,442.0200,1
2024-08-05 09:42:44,442.6200,2
2024-08-05 09:42:45,442.5300,1
2024-08-05 09:42:46,442.2000,1
2024-08-05 09:42:47,442.2000,1
2024-08-05 09:42:48,442.2000,1
2024-08-05 09:42:49,442.2000,1
2024-08-05 09:42:50,442.8700,1
2024-08-05 09:42:51,442.8700,1
2024-08-05 09:42:52,442.8700,1
2024-08-05 09:42:53,442.2500,1
2024-08-05 09:42:54,442.2500,1
2024-08-05 09:42:55,442.2500,1
2024-08-05 09:42:56,442.2500,1
2024-08-05 09:42:57,442.2500,1
2024-08-05 09:42:58,442.2500,1
2024-08-05 09:42:59,442.2500,1
2024-08-05 09:43:00,442.2500,1
2024-08-05 09:43:01,442.6700,1
2024-08-05 09:43:02,442.6700,1
2024-08-05 09:43:03,442.6700,1
2024-08-05 09:43:04,442.6700,1
2024-08-05 09:43:05,442.6700,1
2024-08-05 09:43:06,442.6700,1
2024-08-05 09:43:07,442.6700,1
2024-08-05 09:43:08,443.4800,1
2024-08-05 09:43:09,443.6400,1
2024-08-05 09:43:10,443.9700,1
2024-08-05 09:43:11,443.6000,1
2024-08-05 09:43:12,443.6000,1
2024-08-05 09:43:13,444.4300,1
2024-08-05 09:43:14,444.4300,1
2024-08-05 09:43:15,444.4300,1
2024-08-05 09:43:16,444.4300,1
2024-08-05 09:43:17,444.2000,1
2024-08-05 09:43:18,444.2000,1
2024-08-05 09:43:19,444.2000,3
2024-08-05 09:43:20,444.4900,1
2024-08-05 09:43:21,444.4500,1
2024-08-05 09:43:22,444.4500,1
2024-08-05 09:43:23,444.4500,1
2024-08-05 09:43:24,444.7000,1
2024-08-05 09:43:25,444.7000,1
2024-08-05 09:43:26,444.7000,1
2024-08-05 09:43:27,444.7000,1
2024-08-05 09:43:28,444.7000,1
2024-08-05 09:43:29,444.7000,1
2024-08-05 09:43:30,444.7000,1
2024-08-05 09:43:31,444.7000,1
2024-08-05 09:43:32,444.1800,1
2024-08-05 09:43:33,444.8000,1
2024-08-05 09:43:34,444.8000,1
2024-08-05 09:43:35,444.1800,2
2024-08-05 09:43:36,444.1800,2
2024-08-05 09:43:37,444.4700,1
2024-08-05 09:43:38,444.6800,7
2024-08-05 09:43:39,444.7000,1
2024-08-05 09:43:40,444.7000,1
2024-08-05 09:43:41,444.7000,1
2024-08-05 09:43:42,444.7000,1
2024-08-05 09:43:43,444.6700,1
2024-08-05 09:43:44,444.7000,1
2024-08-05 09:43:45,444.7600,1
2024-08-05 09:43:46,444.6000,1
2024-08-05 09:43:47,444.7000,2
2024-08-05 09:43:48,444.7000,2
2024-08-05 09:43:49,444.7000,2
2024-08-05 09:43:50,444.7000,2
2024-08-05 09:43:51,444.7000,2
2024-08-05 09:43:52,444.7000,2
2024-08-05 09:43:53,444.7000,2
2024-08-05 09:43:54,444.0800,1
2024-08-05 09:43:55,444.0800,1
2024-08-05 09:43:56,443.9700,1
2024-08-05 09:43:57,444.5600,1
2024-08-05 09:43:58,444.5100,1
2024-08-05 09:43:59,444.5100,1
2024-08-05 09:44:00,444.6800,1
2024-08-05 09:44:01,444.6900,1
2024-08-05 09:44:02,444.3800,1
2024-08-05 09:44:03,444.3800,1
2024-08-05 09:44:04,444.3800,1
2024-08-05 09:44:05,444.3800,1
2024-08-05 09:44:06,444.3800,1
2024-08-05 09:44:07,444.1300,1
2024-08-05 09:44:08,444.1300,1
2024-08-05 09:44:09,444.1300,1
2024-08-05 09:44:10,444.1300,1
2024-08-05 09:44:11,443.7300,1
2024-08-05 09:44:12,444.0500,1
2024-08-05 09:44:13,444.0500,1
2024-08-05 09:44:14,443.8000,1
2024-08-05 09:44:15,443.8000,1
2024-08-05 09:44:16,443.8000,1
2024-08-05 09:44:17,443.8000,1
2024-08-05 09:44:18,444.2700,1
2024-08-05 09:44:19,444.2200,1
2024-08-05 09:44:20,444.5200,1
2024-08-05 09:44:21,444.5200,1
2024-08-05 09:44:22,444.4100,1
2024-08-05 09:44:23,444.3500,1
2024-08-05 09:44:24,444.4200,1
2024-08-05 09:44:25,444.4200,1
2024-08-05 09:44:26,444.4200,1
2024-08-05 09:44:27,444.4200,1
2024-08-05 09:44:28,444.4200,1
2024-08-05 09:44:29,444.4200,1
2024-08-05 09:44:30,444.5300,1
2024-08-05 09:44:31,444.7500,1
2024-08-05 09:44:32,444.7500,1
2024-08-05 09:44:33,444.7500,1
2024-08-05 09:44:34,444.7500,1
2024-08-05 09:44:35,444.8400,1
2024-08-05 09:44:36,445.0000,1
2024-08-05 09:44:37,445.0000,1
2024-08-05 09:44:38,444.5600,1
2024-08-05 09:44:39,444.5600,1
2024-08-05 09:44:40,444.6200,1
2024-08-05 09:44:41,444.5200,1
2024-08-05 09:44:42,444.9400,1
2024-08-05 09:44:43,445.0200,1
2024-08-05 09:44:44,445.0200,1
2024-08-05 09:44:45,444.9600,1
2024-08-05 09:44:46,444.9600,1
2024-08-05 09:44:47,444.9600,1
2024-08-05 09:44:48,444.5000,1
2024-08-05 09:44:49,444.5000,1
2024-08-05 09:44:50,444.5000,1
2024-08-05 09:44:51,444.5000,1
2024-08-05 09:44:52,445.0000,1
2024-08-05 09:44:53,445.0000,1
2024-08-05 09:44:54,445.0000,1
2024-08-05 09:44:55,445.3900,1
2024-08-05 09:44:56,445.3900,1
2024-08-05 09:44:57,445.3900,1
2024-08-05 09:44:58,445.3900,1
2024-08-05 09:44:59,445.5600,1
2024-08-05 09:45:00,445.5600,1
2024-08-05 09:45:01,445.6500,2
2024-08-05 09:45:02,445.6500,2
2024-08-05 09:45:03,445.3000,2
2024-08-05 09:45:04,445.3000,2
2024-08-05 09:45:05,444.4000,1
2024-08-05 09:45:06,445.5700,1
2024-08-05 09:45:07,445.5500,1
2024-08-05 09:45:08,445.2600,1
2024-08-05 09:45:09,445.2600,1
2024-08-05 09:45:10,445.2600,1
2024-08-05 09:45:11,446.0100,2
2024-08-05 09:45:12,446.3700,1
2024-08-05 09:45:13,445.9200,1
2024-08-05 09:45:14,445.9200,1
2024-08-05 09:45:15,445.9200,1
2024-08-05 09:45:16,446.0000,1
2024-08-05 09:45:17,446.0000,1
2024-08-05 09:45:18,446.0000,1
2024-08-05 09:45:19,446.0000,1
2024-08-05 09:45:20,446.0000,1
2024-08-05 09:45:21,446.0000,1
2024-08-05 09:45:22,446.0300,2
2024-08-05 09:45:23,446.0300,2
2024-08-05 09:45:24,445.9500,1
2024-08-05 09:45:25,445.9500,1
2024-08-05 09:45:26,445.9500,1
2024-08-05 09:45:27,445.9500,1
2024-08-05 09:45:28,446.1600,1
2024-08-05 09:45:29,446.1600,1
2024-08-05 09:45:30,446.0000,1
2024-08-05 09:45:31,446.0000,1
2024-08-05 09:45:32,446.1900,1
2024-08-05 09:45:33,446.1900,1
2024-08-05 09:45:34,446.6700,1
2024-08-05 09:45:35,447.0100,1
2024-08-05 09:45:36,447.0100,1
2024-08-05 09:45:37,447.0100,1
2024-08-05 09:45:38,446.7000,1
2024-08-05 09:45:39,446.7000,1
2024-08-05 09:45:40,446.7000,1
2024-08-05 09:45:41,446.7000,1
2024-08-05 09:45:42,446.7000,1
2024-08-05 09:45:43,446.7000,1
2024-08-05 09:45:44,446.7000,1
2024-08-05 09:45:45,446.7000,1
2024-08-05 09:45:46,446.7000,1
2024-08-05 09:45:47,446.7000,1
2024-08-05 09:45:48,446.7000,1
2024-08-05 09:45:49,446.7000,1
2024-08-05 09:45:50,446.7000,1
2024-08-05 09:45:51,446.7000,1
2024-08-05 09:45:52,446.7000,1
2024-08-05 09:45:53,446.7000,1
2024-08-05 09:45:54,446.7000,1
2024-08-05 09:45:55,446.7000,1
2024-08-05 09:45:56,446.7000,1
2024-08-05 09:45:57,447.0100,1
2024-08-05 09:45:58,447.0100,1
2024-08-05 09:45:59,447.0100,1
2024-08-05 09:46:00,447.0100,1
2024-08-05 09:46:01,447.0100,1
2024-08-05 09:46:02,446.4400,1
2024-08-05 09:46:03,446.5300,2
2024-08-05 09:46:04,446.5100,1
2024-08-05 09:46:05,446.5100,1
2024-08-05 09:46:06,446.5100,1
2024-08-05 09:46:07,446.6100,1
2024-08-05 09:46:08,446.6200,1
2024-08-05 09:46:09,446.6200,1
2024-08-05 09:46:10,446.0000,5
2024-08-05 09:46:11,446.0000,1
2024-08-05 09:46:12,446.0000,1
2024-08-05 09:46:13,446.0000,1
2024-08-05 09:46:14,445.5700,1
2024-08-05 09:46:15,445.8200,1
2024-08-05 09:46:16,445.6000,1
2024-08-05 09:46:17,445.6000,1
2024-08-05 09:46:18,445.6000,1
2024-08-05 09:46:19,445.6000,1
2024-08-05 09:46:20,445.6000,1
2024-08-05 09:46:21,445.9800,1
2024-08-05 09:46:22,446.1200,1
2024-08-05 09:46:23,445.7400,1
2024-08-05 09:46:24,445.7500,1
2024-08-05 09:46:25,446.1400,2
2024-08-05 09:46:26,445.7400,3
2024-08-05 09:46:27,445.7200,1
2024-08-05 09:46:28,445.7200,1
2024-08-05 09:46:29,445.5400,1
2024-08-05 09:46:30,445.7900,1
2024-08-05 09:46:31,445.7400,1
2024-08-05 09:46:32,445.7400,1
2024-08-05 09:46:33,445.7400,1
2024-08-05 09:46:34,445.7400,1
2024-08-05 09:46:35,445.7400,1
2024-08-05 09:46:36,446.3800,1
2024-08-05 09:46:37,446.3700,1
2024-08-05 09:46:38,446.3700,1
2024-08-05 09:46:39,446.3700,1
2024-08-05 09:46:40,446.3700,1
2024-08-05 09:46:41,446.5100,1
2024-08-05 09:46:42,446.0100,1
2024-08-05 09:46:43,445.9200,1
2024-08-05 09:46:44,445.9200,1
2024-08-05 09:46:45,445.9200,1
2024-08-05 09:46:46,446.0200,1
2024-08-05 09:46:47,445.9400,1
2024-08-05 09:46:48,445.9400,1
2024-08-05 09:46:49,445.9400,1
2024-08-05 09:46:50,446.3400,1
2024-08-05 09:46:51,446.3400,1
2024-08-05 09:46:52,445.6300,1
2024-08-05 09:46:53,445.6300,1
2024-08-05 09:46:54,445.6300,1
2024-08-05 09:46:55,445.6300,1
2024-08-05 09:46:56,445.6300,1
2024-08-05 09:46:57,445.6300,1
2024-08-05 09:46:58,445.6300,1
2024-08-05 09:46:59,445.6300,1
2024-08-05 09:47:00,446.0500,2
2024-08-05 09:47:01,446.3500,1
2024-08-05 09:47:02,446.8000,1
2024-08-05 09:47:03,446.8000,1
2024-08-05 09:47:04,446.9000,1
2024-08-05 09:47:05,446.9000,1
2024-08-05 09:47:06,447.4400,4
2024-08-05 09:47:07,446.7400,1
2024-08-05 09:47:08,446.8900,1
2024-08-05 09:47:09,446.8900,1
2024-08-05 09:47:10,446.8900,1
2024-08-05 09:47:11,446.7800,1
2024-08-05 09:47:12,446.7800,1
2024-08-05 09:47:13,447.0200,2
2024-08-05 09:47:14,446.6200,1
2024-08-05 09:47:15,446.6000,1
2024-08-05 09:47:16,446.6000,1
2024-08-05 09:47:17,446.6000,1
2024-08-05 09:47:18,446.6000,1
2024-08-05 09:47:19,446.5700,1
2024-08-05 09:47:20,446.5700,1
2024-08-05 09:47:21,446.3700,1
2024-08-05 09:47:22,446.3700,1
2024-08-05 09:47:23,446.3700,1
2024-08-05 09:47:24,446.3700,1
2024-08-05 09:47:25,446.3700,1
2024-08-05 09:47:26,446.5400,2
2024-08-05 09:47:27,446.5400,2
2024-08-05 09:47:28,446.5700,1
2024-08-05 09:47:29,446.5700,1
2024-08-05 09:47:30,446.5700,1
2024-08-05 09:47:31,446.5700,1
2024-08-05 09:47:32,446.5700,1
2024-08-05 09:47:33,447.0000,1
2024-08-05 09:47:34,447.0000,1
2024-08-05 09:47:35,446.9200,1
2024-08-05 09:47:36,446.8300,1
2024-08-05 09:47:37,446.8300,1
2024-08-05 09:47:38,447.1700,1
2024-08-05 09:47:39,447.1700,1
2024-08-05 09:47:40,447.1700,1
2024-08-05 09:47:41,447.1700,1
2024-08-05 09:47:42,447.1700,1
2024-08-05 09:47:43,447.1700,1
2024-08-05 09:47:44,447.1700,1
2024-08-05 09:47:45,447.1700,1
2024-08-05 09:47:46,446.7600,1
2024-08-05 09:47:47,446.7600,1
2024-08-05 09:47:48,446.7600,1
2024-08-05 09:47:49,446.7600,1
2024-08-05 09:47:50,446.7600,1
2024-08-05 09:47:51,446.7600,1
2024-08-05 09:47:52,446.7600,1
2024-08-05 09:47:53,446.7600,1
2024-08-05 09:47:54,446.7600,1
2024-08-05 09:47:55,446.7600,1
2024-08-05 09:47:56,446.7600,1
2024-08-05 09:47:57,446.7600,1
2024-08-05 09:47:58,446.7600,1
2024-08-05 09:47:59,446.7600,1
2024-08-05 09:48:00,446.6800,1
2024-08-05 09:48:01,446.7500,1
2024-08-05 09:48:02,446.7500,1
2024-08-05 09:48:03,446.7500,1
2024-08-05 09:48:04,446.6800,1
2024-08-05 09:48:05,446.6800,1
2024-08-05 09:48:06,446.6000,1
2024-08-05 09:48:07,446.6000,1
2024-08-05 09:48:08,446.6000,1
2024-08-05 09:48:09,446.6000,1
2024-08-05 09:48:10,446.6000,1
2024-08-05 09:48:11,446.6000,1
2024-08-05 09:48:12,446.5000,2
2024-08-05 09:48:13,446.5000,2
2024-08-05 09:48:14,446.8800,1
2024-08-05 09:48:15,446.8800,1
2024-08-05 09:48:16,446.5100,1
2024-08-05 09:48:17,446.5100,1
2024-08-05 09:48:18,446.3600,1
2024-08-05 09:48:19,446.1000,1
2024-08-05 09:48:20,446.1000,1
2024-08-05 09:48:21,446.1000,1
2024-08-05 09:48:22,446.4800,1
2024-08-05 09:48:23,446.0300,1
2024-08-05 09:48:24,446.0300,1
2024-08-05 09:48:25,446.2400,1
2024-08-05 09:48:26,446.2400,1
2024-08-05 09:48:27,446.2400,1
2024-08-05 09:48:28,446.2400,1
2024-08-05 09:48:29,446.2400,1
2024-08-05 09:48:30,446.2400,1
2024-08-05 09:48:31,446.3100,1
2024-08-05 09:48:32,446.3100,1
2024-08-05 09:48:33,446.3100,1
2024-08-05 09:48:34,446.3100,1
2024-08-05 09:48:35,446.3100,1
2024-08-05 09:48:36,446.3100,1
2024-08-05 09:48:37,446.3100,1
2024-08-05 09:48:38,445.9200,1
2024-08-05 09:48:39,445.9200,1
2024-08-05 09:48:40,445.8800,1
2024-08-05 09:48:41,445.9200,1
2024-08-05 09:48:42,445.9200,1
2024-08-05 09:48:43,445.9600,1
2024-08-05 09:48:44,445.9600,1
2024-08-05 09:48:45,445.9600,1
2024-08-05 09:48:46,446.6000,1
2024-08-05 09:48:47,446.5800,1
2024-08-05 09:48:48,447.1700,1
2024-08-05 09:48:49,447.1700,1
2024-08-05 09:48:50,447.1700,1
2024-08-05 09:48:51,447.1700,1
2024-08-05 09:48:52,447.2700,24
2024-08-05 09:48:53,446.7700,1
2024-08-05 09:48:54,446.7700,1
2024-08-05 09:48:55,446.7700,1
2024-08-05 09:48:56,446.8000,8
2024-08-05 09:48:57,447.1400,1
2024-08-05 09:48:58,446.8500,1
2024-08-05 09:48:59,446.8500,1
2024-08-05 09:49:00,446.8500,1
2024-08-05 09:49:01,446.8500,1
2024-08-05 09:49:02,446.8500,1
2024-08-05 09:49:03,446.8500,1
2024-08-05 09:49:04,446.9900,1
2024-08-05 09:49:05,446.9900,1
2024-08-05 09:49:06,447.2100,1
2024-08-05 09:49:07,447.2100,1
2024-08-05 09:49:08,447.2100,1
2024-08-05 09:49:09,447.2100,1
2024-08-05 09:49:10,447.2100,1
2024-08-05 09:49:11,447.2100,1
2024-08-05 09:49:12,447.2100,1
2024-08-05 09:49:13,447.2100,1
2024-08-05 09:49:14,447.3500,1
2024-08-05 09:49:15,447.3200,1
2024-08-05 09:49:16,447.3200,1
2024-08-05 09:49:17,447.3200,1
2024-08-05 09:49:18,447.3200,1
2024-08-05 09:49:19,446.7600,1
2024-08-05 09:49:20,446.4100,1
2024-08-05 09:49:21,446.8100,1
2024-08-05 09:49:22,447.0800,1
2024-08-05 09:49:23,447.0800,1
2024-08-05 09:49:24,447.0800,1
2024-08-05 09:49:25,447.0800,1
2024-08-05 09:49:26,447.0800,1
2024-08-05 09:49:27,446.7700,1
2024-08-05 09:49:28,446.7700,1
2024-08-05 09:49:29,446.7700,1
2024-08-05 09:49:30,446.7700,1
2024-08-05 09:49:31,446.7700,1
2024-08-05 09:49:32,446.7700,1
2024-08-05 09:49:33,446.7700,1
2024-08-05 09:49:34,446.7700,1
2024-08-05 09:49:35,446.7700,1
2024-08-05 09:49:36,447.3500,1
2024-08-05 09:49:37,447.3500,1
2024-08-05 09:49:38,447.3500,1
2024-08-05 09:49:39,447.3500,1
2024-08-05 09:49:40,447.5200,1
2024-08-05 09:49:41,447.3000,1
2024-08-05 09:49:42,447.3000,1
2024-08-05 09:49:43,447.3000,1
2024-08-05 09:49:44,447.5000,1
2024-08-05 09:49:45,447.5000,1
2024-08-05 09:49:46,447.5000,1
2024-08-05 09:49:47,447.5000,1
2024-08-05 09:49:48,447.5000,1
2024-08-05 09:49:49,447.5000,1
2024-08-05 09:49:50,447.5000,1
2024-08-05 09:49:51,447.9900,1
2024-08-05 09:49:52,447.9900,1
2024-08-05 09:49:53,448.0700,1
2024-08-05 09:49:54,448.0700,1
2024-08-05 09:49:55,448.0700,1
2024-08-05 09:49:56,448.0700,1
2024-08-05 09:49:57,448.0700,1
2024-08-05 09:49:58,448.0700,1
2024-08-05 09:49:59,448.0700,1
2024-08-05 09:50:00,448.0700,1
2024-08-05 09:50:01,448.0700,1
2024-08-05 09:50:02,447.9900,1
2024-08-05 09:50:03,447.9900,1
2024-08-05 09:50:04,447.9900,1
2024-08-05 09:50:05,447.9900,1
2024-08-05 09:50:06,447.9900,1
2024-08-05 09:50:07,447.9900,1
2024-08-05 09:50:08,447.9900,1
2024-08-05 09:50:09,447.9900,1
2024-08-05 09:50:10,448.4800,1
2024-08-05 09:50:11,448.4800,1
2024-08-05 09:50:12,448.4800,1
2024-08-05 09:50:13,448.4800,1
2024-08-05 09:50:14,448.4800,1
2024-08-05 09:50:15,448.4800,1
2024-08-05 09:50:16,448.9900,1
2024-08-05 09:50:17,448.9900,1
2024-08-05 09:50:18,448.9900,1
2024-08-05 09:50:19,448.9900,1
2024-08-05 09:50:20,449.1000,1
2024-08-05 09:50:21,449.1000,1
2024-08-05 09:50:22,449.1000,1
2024-08-05 09:50:23,449.1000,1
2024-08-05 09:50:24,449.3100,1
2024-08-05 09:50:25,449.3100,1
2024-08-05 09:50:26,449.3100,1
2024-08-05 09:50:27,449.7500,1
2024-08-05 09:50:28,449.1300,2
2024-08-05 09:50:29,449.4200,1
2024-08-05 09:50:30,449.4200,1
2024-08-05 09:50:31,449.4200,1
2024-08-05 09:50:32,449.3600,1
2024-08-05 09:50:33,449.3600,1
2024-08-05 09:50:34,449.3700,5
2024-08-05 09:50:35,449.3700,5
2024-08-05 09:50:36,448.9700,1
2024-08-05 09:50:37,449.3700,1
2024-08-05 09:50:38,448.9800,1
2024-08-05 09:50:39,448.9800,1
2024-08-05 09:50:40,449.0700,1
2024-08-05 09:50:41,449.1900,1
2024-08-05 09:50:42,448.7500,1
2024-08-05 09:50:43,448.7900,1
2024-08-05 09:50:44,448.7900,1
2024-08-05 09:50:45,448.7900,1
2024-08-05 09:50:46,448.3900,1
2024-08-05 09:50:47,447.8300,1
2024-08-05 09:50:48,447.8300,1
2024-08-05 09:50:49,448.2500,1
2024-08-05 09:50:50,448.9000,3
2024-08-05 09:50:51,448.2200,1
2024-08-05 09:50:52,448.3600,1
2024-08-05 09:50:53,448.1300,1
2024-08-05 09:50:54,448.1300,1
2024-08-05 09:50:55,448.1300,1
2024-08-05 09:50:56,448.1300,1
2024-08-05 09:50:57,448.1300,1
2024-08-05 09:50:58,448.1300,1
2024-08-05 09:50:59,448.6900,1
2024-08-05 09:51:00,448.6900,1
2024-08-05 09:51:01,448.9000,2
2024-08-05 09:51:02,448.9000,2
2024-08-05 09:51:03,448.0500,1
2024-08-05 09:51:04,447.5800,1
2024-08-05 09:51:05,447.5800,1
2024-08-05 09:51:06,447.5800,1
2024-08-05 09:51:07,448.3300,1
2024-08-05 09:51:08,448.4000,5
2024-08-05 09:51:09,448.4000,1
2024-08-05 09:51:10,448.0000,2
2024-08-05 09:51:11,448.0000,2
2024-08-05 09:51:12,448.4000,1
2024-08-05 09:51:13,448.4000,1
2024-08-05 09:51:14,448.0100,1
2024-08-05 09:51:15,448.0600,1
2024-08-05 09:51:16,448.0600,1
2024-08-05 09:51:17,448.1200,1
2024-08-05 09:51:18,448.1200,1
2024-08-05 09:51:19,448.1200,1
2024-08-05 09:51:20,448.0800,1
2024-08-05 09:51:21,448.0800,1
2024-08-05 09:51:22,448.0800,1
2024-08-05 09:51:23,448.0800,1
2024-08-05 09:51:24,448.0800,1
2024-08-05 09:51:25,448.0800,1
2024-08-05 09:51:26,448.0800,1
2024-08-05 09:51:27,448.4000,1
2024-08-05 09:51:28,448.4000,1
2024-08-05 09:51:29,448.4000,1
2024-08-05 09:51:30,448.0000,1
2024-08-05 09:51:31,448.0000,1
2024-08-05 09:51:32,448.0000,1
2024-08-05 09:51:33,448.0000,1
2024-08-05 09:51:34,448.0000,1
2024-08-05 09:51:35,448.0000,1
2024-08-05 09:51:36,447.9900,11
2024-08-05 09:51:37,447.9900,11
2024-08-05 09:51:38,447.9900,11
2024-08-05 09:51:39,448.1100,1
2024-08-05 09:51:40,448.1100,1
2024-08-05 09:51:41,448.1100,1
2024-08-05 09:51:42,448.1100,1
2024-08-05 09:51:43,448.1100,1
2024-08-05 09:51:44,448.1100,1
2024-08-05 09:51:45,448.1100,1
2024-08-05 09:51:46,448.1100,1
2024-08-05 09:51:47,448.1100,1
2024-08-05 09:51:48,448.1100,1
2024-08-05 09:51:49,448.1100,1
2024-08-05 09:51:50,447.6100,1
2024-08-05 09:51:51,448.0000,5
2024-08-05 09:51:52,446.8800,1
2024-08-05 09:51:53,446.8800,1
2024-08-05 09:51:54,446.8800,1
2024-08-05 09:51:55,446.8800,1
2024-08-05 09:51:56,447.5000,2
2024-08-05 09:51:57,447.5000,2
2024-08-05 09:51:58,447.5000,2
2024-08-05 09:51:59,447.5000,2
2024-08-05 09:52:00,447.5000,2
2024-08-05 09:52:01,447.3700,1
2024-08-05 09:52:02,447.3700,1
2024-08-05 09:52:03,447.3700,1
2024-08-05 09:52:04,447.3700,1
2024-08-05 09:52:05,446.8900,1
2024-08-05 09:52:06,446.8900,1
2024-08-05 09:52:07,447.3100,2
2024-08-05 09:52:08,447.3100,2
2024-08-05 09:52:09,447.4400,1
2024-08-05 09:52:10,446.1300,1
2024-08-05 09:52:11,446.1300,1
2024-08-05 09:52:12,446.1300,1
2024-08-05 09:52:13,446.1300,1
2024-08-05 09:52:14,446.1300,1
2024-08-05 09:52:15,446.1300,1
2024-08-05 09:52:16,446.1300,1
2024-08-05 09:52:17,447.5900,1
2024-08-05 09:52:18,447.5900,1
2024-08-05 09:52:19,447.5900,1
2024-08-05 09:52:20,447.5900,1
2024-08-05 09:52:21,447.7800,1
2024-08-05 09:52:22,447.7800,1
2024-08-05 09:52:23,447.7800,1
2024-08-05 09:52:24,447.5400,2
2024-08-05 09:52:25,447.8000,1
2024-08-05 09:52:26,447.8000,1
2024-08-05 09:52:27,447.8000,1
2024-08-05 09:52:28,447.8000,1
2024-08-05 09:52:29,447.8000,1
2024-08-05 09:52:30,447.8000,1
2024-08-05 09:52:31,447.8000,1
2024-08-05 09:52:32,447.8000,1
2024-08-05 09:52:33,447.8000,1
2024-08-05 09:52:34,447.8000,1
2024-08-05 09:52:35,447.8000,1
2024-08-05 09:52:36,448.0400,2
2024-08-05 09:52:37,448.0400,2
2024-08-05 09:52:38,448.0400,2
2024-08-05 09:52:39,448.0400,2
2024-08-05 09:52:40,448.0400,2
2024-08-05 09:52:41,448.0600,3
2024-08-05 09:52:42,448.0600,1
2024-08-05 09:52:43,448.0400,1
2024-08-05 09:52:44,448.0400,1
2024-08-05 09:52:45,447.8300,1
2024-08-05 09:52:46,447.9400,2
2024-08-05 09:52:47,447.9400,1
2024-08-05 09:52:48,447.9400,1
2024-08-05 09:52:49,447.6000,1
2024-08-05 09:52:50,447.6000,1
2024-08-05 09:52:51,447.6000,1
2024-08-05 09:52:52,447.5200,1
2024-08-05 09:52:53,447.5200,1
2024-08-05 09:52:54,447.7000,5
2024-08-05 09:52:55,447.7000,5
2024-08-05 09:52:56,447.7000,5
2024-08-05 09:52:57,447.7000,5
2024-08-05 09:52:58,447.7000,5
2024-08-05 09:52:59,447.7000,5
2024-08-05 09:53:00,447.4000,1
2024-08-05 09:53:01,447.4000,1
2024-08-05 09:53:02,445.1400,7
2024-08-05 09:53:03,447.8300,2
2024-08-05 09:53:04,447.1000,1
2024-08-05 09:53:05,447.1000,1
2024-08-05 09:53:06,447.1000,1
2024-08-05 09:53:07,447.1000,1
2024-08-05 09:53:08,447.1000,1
2024-08-05 09:53:09,447.1000,1
2024-08-05 09:53:10,447.1000,1
2024-08-05 09:53:11,447.1000,1
2024-08-05 09:53:12,447.1000,1
2024-08-05 09:53:13,447.1000,1
2024-08-05 09:53:14,447.7500,1
2024-08-05 09:53:15,447.6900,1
2024-08-05 09:53:16,446.9000,1
2024-08-05 09:53:17,446.9000,1
2024-08-05 09:53:18,446.9000,1
2024-08-05 09:53:19,446.9000,1
2024-08-05 09:53:20,446.9000,1
2024-08-05 09:53:21,446.5300,1
2024-08-05 09:53:22,446.5300,1
2024-08-05 09:53:23,446.5300,1
2024-08-05 09:53:24,446.5300,1
2024-08-05 09:53:25,446.5300,1
2024-08-05 09:53:26,446.5300,1
2024-08-05 09:53:27,446.5300,1
2024-08-05 09:53:28,446.5300,1
2024-08-05 09:53:29,446.5300,1
2024-08-05 09:53:30,446.1500,1
2024-08-05 09:53:31,446.1500,1
2024-08-05 09:53:32,446.1500,1
2024-08-05 09:53:33,446.0300,1
2024-08-05 09:53:34,446.2500,1
2024-08-05 09:53:35,446.0300,1
2024-08-05 09:53:36,446.0300,1
2024-08-05 09:53:37,445.6200,1
2024-08-05 09:53:38,445.8700,1
2024-08-05 09:53:39,445.7000,5
2024-08-05 09:53:40,445.6000,1
2024-08-05 09:53:41,445.6000,1
2024-08-05 09:53:42,445.6700,1
2024-08-05 09:53:43,445.6700,1
2024-08-05 09:53:44,445.5100,1
2024-08-05 09:53:45,445.2400,1
2024-08-05 09:53:46,445.0500,1
2024-08-05 09:53:47,445.0500,1
2024-08-05 09:53:48,445.0500,1
2024-08-05 09:53:49,445.4000,8
2024-08-05 09:53:50,445.4000,2
2024-08-05 09:53:51,445.1200,1
2024-08-05 09:53:52,445.0000,1
2024-08-05 09:53:53,444.7200,1
2024-08-05 09:53:54,444.7200,1
2024-08-05 09:53:55,444.7200,1
2024-08-05 09:53:56,444.7200,1
2024-08-05 09:53:57,445.1900,1
2024-08-05 09:53:58,445.2400,1
2024-08-05 09:53:59,445.2400,1
2024-08-05 09:54:00,445.2800,2
2024-08-05 09:54:01,445.2800,2
2024-08-05 09:54:02,445.3900,2
2024-08-05 09:54:03,445.3900,2
2024-08-05 09:54:04,445.3900,2
2024-08-05 09:54:05,445.3900,1
2024-08-05 09:54:06,445.3900,1
2024-08-05 09:54:07,445.3900,1
2024-08-05 09:54:08,445.3900,1
2024-08-05 09:54:09,445.5200,1
2024-08-05 09:54:10,445.5200,1
2024-08-05 09:54:11,445.5200,1
2024-08-05 09:54:12,445.5200,1
2024-08-05 09:54:13,445.5200,1
2024-08-05 09:54:14,445.5200,1
2024-08-05 09:54:15,445.5200,1
2024-08-05 09:54:16,445.5200,1
2024-08-05 09:54:17,446.5700,1
2024-08-05 09:54:18,446.5700,1
2024-08-05 09:54:19,446.5700,1
2024-08-05 09:54:20,447.1100,1
2024-08-05 09:54:21,446.6800,1
2024-08-05 09:54:22,446.6800,1
2024-08-05 09:54:23,446.6800,1
2024-08-05 09:54:24,446.6800,1
2024-08-05 09:54:25,446.6800,1
2024-08-05 09:54:26,447.1000,1
2024-08-05 09:54:27,447.1000,1
2024-08-05 09:54:28,447.1000,1
2024-08-05 09:54:29,446.5900,1
2024-08-05 09:54:30,446.5900,1
2024-08-05 09:54:31,446.5900,1
2024-08-05 09:54:32,446.6000,2
2024-08-05 09:54:33,447.1200,1
2024-08-05 09:54:34,447.1200,1
2024-08-05 09:54:35,447.0900,1
2024-08-05 09:54:36,447.0900,1
2024-08-05 09:54:37,447.0900,1
2024-08-05 09:54:38,445.7100,12
2024-08-05 09:54:39,446.2200,1
2024-08-05 09:54:40,446.2200,1
2024-08-05 09:54:41,446.3200,1
2024-08-05 09:54:42,446.3200,1
2024-08-05 09:54:43,446.3200,5
2024-08-05 09:54:44,446.3900,1
2024-08-05 09:54:45,446.3900,1
2024-08-05 09:54:46,446.7800,50
2024-08-05 09:54:47,446.7800,50
2024-08-05 09:54:48,446.7800,50
2024-08-05 09:54:49,446.7800,50
2024-08-05 09:54:50,446.2200,1
2024-08-05 09:54:51,446.2500,1
2024-08-05 09:54:52,446.2500,1
2024-08-05 09:54:53,446.3600,2
2024-08-05 09:54:54,446.3600,2
2024-08-05 09:54:55,446.3600,2
2024-08-05 09:54:56,446.3600,1
2024-08-05 09:54:57,446.9700,1
2024-08-05 09:54:58,446.9700,1
2024-08-05 09:54:59,446.9400,3
2024-08-05 09:55:00,446.9400,3
2024-08-05 09:55:01,446.9400,3
2024-08-05 09:55:02,446.5400,1
2024-08-05 09:55:03,446.5400,1
2024-08-05 09:55:04,446.9400,1
2024-08-05 09:55:05,446.9400,1
2024-08-05 09:55:06,446.9400,1
2024-08-05 09:55:07,446.9400,1
2024-08-05 09:55:08,446.9400,1
2024-08-05 09:55:09,446.9400,1
2024-08-05 09:55:10,446.9800,1
2024-08-05 09:55:11,446.9800,1
2024-08-05 09:55:12,446.6000,1
2024-08-05 09:55:13,446.6000,1
2024-08-05 09:55:14,446.6000,1
2024-08-05 09:55:15,446.9400,1
2024-08-05 09:55:16,446.9400,1
2024-08-05 09:55:17,446.9400,1
2024-08-05 09:55:18,446.9400,1
2024-08-05 09:55:19,446.9400,1
2024-08-05 09:55:20,446.9400,1
2024-08-05 09:55:21,446.9400,1
2024-08-05 09:55:22,446.9400,1
2024-08-05 09:55:23,446.9400,1
2024-08-05 09:55:24,447.0000,2
2024-08-05 09:55:25,447.0000,2
2024-08-05 09:55:26,447.0000,2
2024-08-05 09:55:27,446.9800,1
2024-08-05 09:55:28,446.9800,1
2024-08-05 09:55:29,446.9600,1
2024-08-05 09:55:30,446.9600,1
2024-08-05 09:55:31,446.9600,1
2024-08-05 09:55:32,447.2800,3
2024-08-05 09:55:33,447.2800,3
2024-08-05 09:55:34,446.9500,1
2024-08-05 09:55:35,446.9500,1
2024-08-05 09:55:36,446.9500,1
2024-08-05 09:55:37,446.9500,1
2024-08-05 09:55:38,446.9500,1
2024-08-05 09:55:39,446.9500,1
2024-08-05 09:55:40,446.9500,1
2024-08-05 09:55:41,446.9500,1
2024-08-05 09:55:42,446.6200,1
2024-08-05 09:55:43,446.6200,1
2024-08-05 09:55:44,446.9900,1
2024-08-05 09:55:45,447.0000,1
2024-08-05 09:55:46,447.0000,1
2024-08-05 09:55:47,447.0000,1
2024-08-05 09:55:48,447.0000,2
2024-08-05 09:55:49,447.0000,2
2024-08-05 09:55:50,447.0000,2
2024-08-05 09:55:51,447.1000,2
2024-08-05 09:55:52,447.1000,1
2024-08-05 09:55:53,447.2600,1
2024-08-05 09:55:54,447.2600,1
2024-08-05 09:55:55,447.2600,1
2024-08-05 09:55:56,447.2600,1
2024-08-05 09:55:57,447.2600,1
2024-08-05 09:55:58,447.2600,1
2024-08-05 09:55:59,447.2600,1
2024-08-05 09:56:00,446.9500,1
2024-08-05 09:56:01,446.9500,1
2024-08-05 09:56:02,446.9500,1
2024-08-05 09:56:03,446.9500,1
2024-08-05 09:56:04,446.9500,1
2024-08-05 09:56:05,446.9600,1
2024-08-05 09:56:06,446.9400,1
2024-08-05 09:56:07,447.2600,1
2024-08-05 09:56:08,447.4000,1
2024-08-05 09:56:09,447.5100,1
2024-08-05 09:56:10,447.5100,1
2024-08-05 09:56:11,447.5100,1
2024-08-05 09:56:12,447.5100,1
2024-08-05 09:56:13,447.5100,1
2024-08-05 09:56:14,447.5100,1
2024-08-05 09:56:15,447.5100,1
2024-08-05 09:56:16,447.5100,1
2024-08-05 09:56:17,447.5100,1
2024-08-05 09:56:18,447.5100,1
2024-08-05 09:56:19,447.5100,1
2024-08-05 09:56:20,447.6700,1
2024-08-05 09:56:21,448.0000,1
2024-08-05 09:56:22,448.0000,1
2024-08-05 09:56:23,448.0000,1
2024-08-05 09:56:24,447.7800,1
2024-08-05 09:56:25,447.7300,1
2024-08-05 09:56:26,447.4800,1
2024-08-05 09:56:27,447.4800,1
2024-08-05 09:56:28,447.4800,1
2024-08-05 09:56:29,447.4800,1
2024-08-05 09:56:30,447.4800,1
2024-08-05 09:56:31,447.4800,1
2024-08-05 09:56:32,447.8600,1
2024-08-05 09:56:33,447.8600,1
2024-08-05 09:56:34,447.8600,1
2024-08-05 09:56:35,447.7400,1
2024-08-05 09:56:36,447.5400,1
2024-08-05 09:56:37,447.5400,1
2024-08-05 09:56:38,447.5400,1
2024-08-05 09:56:39,447.3000,1
2024-08-05 09:56:40,447.3000,1
2024-08-05 09:56:41,447.3000,1
2024-08-05 09:56:42,447.3000,1
2024-08-05 09:56:43,447.3000,1
2024-08-05 09:56:44,447.3000,1
2024-08-05 09:56:45,447.9900,1
2024-08-05 09:56:46,447.4700,1
2024-08-05 09:56:47,447.4700,1
2024-08-05 09:56:48,447.4700,1
2024-08-05 09:56:49,447.4700,1
2024-08-05 09:56:50,447.4700,1
2024-08-05 09:56:51,447.4700,1
2024-08-05 09:56:52,447.4700,1
2024-08-05 09:56:53,447.4700,1
2024-08-05 09:56:54,446.9900,1
2024-08-05 09:56:55,446.9900,1
2024-08-05 09:56:56,446.9900,1
2024-08-05 09:56:57,446.9900,1
2024-08-05 09:56:58,446.9900,1
2024-08-05 09:56:59,446.9900,1
2024-08-05 09:57:00,446.8900,1
2024-08-05 09:57:01,446.8900,1
2024-08-05 09:57:02,446.8900,1
2024-08-05 09:57:03,446.8900,1
2024-08-05 09:57:04,446.9700,1
2024-08-05 09:57:05,446.9700,1
2024-08-05 09:57:06,446.3600,1
2024-08-05 09:57:07,446.3600,1
2024-08-05 09:57:08,446.3600,1
2024-08-05 09:57:09,446.3600,1
2024-08-05 09:57:10,447.0000,1
2024-08-05 09:57:11,447.0000,1
2024-08-05 09:57:12,447.0000,1
2024-08-05 09:57:13,447.0000,1
2024-08-05 09:57:14,447.0000,1
2024-08-05 09:57:15,447.0000,1
2024-08-05 09:57:16,447.0000,1
2024-08-05 09:57:17,447.0000,1
2024-08-05 09:57:18,447.0000,1
2024-08-05 09:57:19,447.0000,1
2024-08-05 09:57:20,446.3500,1
2024-08-05 09:57:21,446.3600,1
2024-08-05 09:57:22,446.3600,1
2024-08-05 09:57:23,446.3600,1
2024-08-05 09:57:24,446.3600,1
2024-08-05 09:57:25,446.3600,1
2024-08-05 09:57:26,446.3600,1
2024-08-05 09:57:27,446.3600,1
2024-08-05 09:57:28,446.3600,1
2024-08-05 09:57:29,446.9100,1
2024-08-05 09:57:30,446.9100,1
2024-08-05 09:57:31,446.9100,1
2024-08-05 09:57:32,446.3000,1
2024-08-05 09:57:33,446.8800,1
2024-08-05 09:57:34,446.8800,1
2024-08-05 09:57:35,446.9100,1
2024-08-05 09:57:36,446.9100,1
2024-08-05 09:57:37,446.9100,1
2024-08-05 09:57:38,446.9100,1
2024-08-05 09:57:39,446.9100,1
2024-08-05 09:57:40,446.9100,1
2024-08-05 09:57:41,446.9100,1
2024-08-05 09:57:42,446.9100,1
2024-08-05 09:57:43,446.9100,1
2024-08-05 09:57:44,446.9100,1
2024-08-05 09:57:45,446.9100,1
2024-08-05 09:57:46,446.9100,1
2024-08-05 09:57:47,447.0300,1
2024-08-05 09:57:48,446.3600,1
2024-08-05 09:57:49,446.2800,1
2024-08-05 09:57:50,446.2800,1
2024-08-05 09:57:51,446.2800,1
2024-08-05 09:57:52,445.6400,1
2024-08-05 09:57:53,445.3900,1
2024-08-05 09:57:54,445.3900,1
2024-08-05 09:57:55,445.3900,1
2024-08-05 09:57:56,445.3900,1
2024-08-05 09:57:57,445.1500,2
2024-08-05 09:57:58,445.2300,1
2024-08-05 09:57:59,445.2300,1
2024-08-05 09:58:00,445.8900,1
2024-08-05 09:58:01,445.8900,1
2024-08-05 09:58:02,445.8900,1
2024-08-05 09:58:03,445.6600,9
2024-08-05 09:58:04,446.2100,1
2024-08-05 09:58:05,446.2100,1
2024-08-05 09:58:06,446.2100,1
2024-08-05 09:58:07,446.2100,1
2024-08-05 09:58:08,446.2100,1
2024-08-05 09:58:09,446.2700,1
2024-08-05 09:58:10,446.2700,1
2024-08-05 09:58:11,446.2700,1
2024-08-05 09:58:12,446.5400,1
2024-08-05 09:58:13,446.5400,1
2024-08-05 09:58:14,446.6200,1
2024-08-05 09:58:15,446.6200,1
2024-08-05 09:58:16,446.6200,1
2024-08-05 09:58:17,446.6200,1
2024-08-05 09:58:18,446.6200,1
2024-08-05 09:58:19,446.6200,1
2024-08-05 09:58:20,446.6200,1
2024-08-05 09:58:21,446.6200,1
2024-08-05 09:58:22,446.6200,1
2024-08-05 09:58:23,446.6200,1
2024-08-05 09:58:24,446.6200,1
2024-08-05 09:58:25,446.8800,1
2024-08-05 09:58:26,446.8800,1
2024-08-05 09:58:27,446.8800,1
2024-08-05 09:58:28,446.8800,1
2024-08-05 09:58:29,446.8800,1
2024-08-05 09:58:30,446.8800,1
2024-08-05 09:58:31,446.8800,1
2024-08-05 09:58:32,446.8800,1
2024-08-05 09:58:33,446.8800,1
2024-08-05 09:58:34,446.8800,1
2024-08-05 09:58:35,446.0300,1
2024-08-05 09:58:36,446.0300,1
2024-08-05 09:58:37,446.9300,1
2024-08-05 09:58:38,446.9300,1
2024-08-05 09:58:39,446.9300,1
2024-08-05 09:58:40,446.9300,1
2024-08-05 09:58:41,446.9300,1
2024-08-05 09:58:42,446.9300,1
2024-08-05 09:58:43,446.9300,1
2024-08-05 09:58:44,446.9300,1
2024-08-05 09:58:45,446.6600,1
2024-08-05 09:58:46,446.6600,1
2024-08-05 09:58:47,446.6600,1
2024-08-05 09:58:48,446.6600,1
2024-08-05 09:58:49,446.6600,1
2024-08-05 09:58:50,446.6600,1
2024-08-05 09:58:51,446.6600,1
2024-08-05 09:58:52,446.6600,1
2024-08-05 09:58:53,446.6600,1
2024-08-05 09:58:54,447.0200,1
2024-08-05 09:58:55,447.0200,1
2024-08-05 09:58:56,447.0200,1
2024-08-05 09:58:57,447.0200,1
2024-08-05 09:58:58,446.8200,1
2024-08-05 09:58:59,446.8200,1
2024-08-05 09:59:00,446.8200,1
2024-08-05 09:59:01,446.8200,1
2024-08-05 09:59:02,446.8200,1
2024-08-05 09:59:03,446.8200,1
2024-08-05 09:59:04,446.8200,1
2024-08-05 09:59:05,446.8200,1
2024-08-05 09:59:06,446.8200,1
2024-08-05 09:59:07,446.8200,1
2024-08-05 09:59:08,446.8200,1
2024-08-05 09:59:09,446.8200,1
2024-08-05 09:59:10,446.8200,1
2024-08-05 09:59:11,446.2500,2
2024-08-05 09:59:12,446.8200,1
2024-08-05 09:59:13,446.1700,2
2024-08-05 09:59:14,446.1700,2
2024-08-05 09:59:15,446.7900,1
2024-08-05 09:59:16,446.7900,1
2024-08-05 09:59:17,446.7900,1
2024-08-05 09:59:18,446.7900,1
2024-08-05 09:59:19,446.7900,1
2024-08-05 09:59:20,446.7900,1
2024-08-05 09:59:21,446.7900,1
2024-08-05 09:59:22,446.7900,1
2024-08-05 09:59:23,446.7900,1
2024-08-05 09:59:24,446.8200,1
2024-08-05 09:59:25,446.5400,1
2024-08-05 09:59:26,446.9900,1
2024-08-05 09:59:27,446.9900,1
2024-08-05 09:59:28,446.9900,1
2024-08-05 09:59:29,446.9900,1
2024-08-05 09:59:30,446.9900,1
2024-08-05 09:59:31,446.9900,1
2024-08-05 09:59:32,446.9900,1
2024-08-05 09:59:33,446.9900,1
2024-08-05 09:59:34,446.8000,1
2024-08-05 09:59:35,446.8000,1
2024-08-05 09:59:36,446.8000,1
2024-08-05 09:59:37,446.8000,1
2024-08-05 09:59:38,446.8000,1
2024-08-05 09:59:39,446.8300,1
2024-08-05 09:59:40,446.8300,1
2024-08-05 09:59:41,446.8300,1
2024-08-05 09:59:42,446.8300,1
2024-08-05 09:59:43,446.8300,1
2024-08-05 09:59:44,446.8300,1
2024-08-05 09:59:45,446.8300,1
2024-08-05 09:59:46,446.2200,1
2024-08-05 09:59:47,446.2200,1
2024-08-05 09:59:48,446.6300,1
2024-08-05 09:59:49,446.6300,2
2024-08-05 09:59:50,446.9600,1
2024-08-05 09:59:51,446.2600,1
2024-08-05 09:59:52,446.6300,1
2024-08-05 09:59:53,446.6300,1
2024-08-05 09:59:54,446.6300,1
2024-08-05 09:59:55,446.3300,1
2024-08-05 09:59:56,446.3300,1
2024-08-05 09:59:57,446.3000,1
2024-08-05 09:59:58,446.4900,1
2024-08-05 09:59:59,446.4900,1
2024-08-05 10:00:00,446.4900,1
2024-08-05 10:00:01,446.6300,1
2024-08-05 10:00:02,446.6300,1
2024-08-05 10:00:03,447.0200,1
2024-08-05 10:00:04,447.0000,1
2024-08-05 10:00:05,447.0000,1
2024-08-05 10:00:06,448.0000,5
2024-08-05 10:00:07,448.0000,5
2024-08-05 10:00:08,448.0000,1
2024-08-05 10:00:09,448.9800,1
2024-08-05 10:00:10,448.9800,1
2024-08-05 10:00:11,448.9800,1
2024-08-05 10:00:12,448.3800,1
2024-08-05 10:00:13,448.8800,2
2024-08-05 10:00:14,448.8800,2
2024-08-05 10:00:15,448.8800,2
2024-08-05 10:00:16,449.1600,1
2024-08-05 10:00:17,449.1600,1
2024-08-05 10:00:18,448.7800,1
2024-08-05 10:00:19,449.2000,1
2024-08-05 10:00:20,449.2000,1
2024-08-05 10:00:21,449.3200,1
2024-08-05 10:00:22,449.3200,1
2024-08-05 10:00:23,449.3200,1
2024-08-05 10:00:24,449.3200,1
2024-08-05 10:00:25,449.3200,1
2024-08-05 10:00:26,449.3200,1
2024-08-05 10:00:27,449.3200,1
2024-08-05 10:00:28,449.3200,1
2024-08-05 10:00:29,449.3300,1
2024-08-05 10:00:30,449.3700,1
2024-08-05 10:00:31,449.1100,1
2024-08-05 10:00:32,448.8100,1
2024-08-05 10:00:33,448.8000,1
2024-08-05 10:00:34,448.8100,1
2024-08-05 10:00:35,448.7600,1
2024-08-05 10:00:36,449.4000,1
2024-08-05 10:00:37,449.4000,1
2024-08-05 10:00:38,449.4000,1
2024-08-05 10:00:39,449.4000,1
2024-08-05 10:00:40,449.0400,1
2024-08-05 10:00:41,449.0400,1
2024-08-05 10:00:42,449.0400,1
2024-08-05 10:00:43,449.0400,1
2024-08-05 10:00:44,449.5100,1
2024-08-05 10:00:45,449.7200,1
2024-08-05 10:00:46,449.5200,1
2024-08-05 10:00:47,449.2400,1
2024-08-05 10:00:48,449.2400,1
2024-08-05 10:00:49,449.5200,1
2024-08-05 10:00:50,449.5200,1
2024-08-05 10:00:51,449.5200,1
2024-08-05 10:00:52,449.7800,1
2024-08-05 10:00:53,449.7800,1
2024-08-05 10:00:54,450.0500,1
2024-08-05 10:00:55,450.1800,1
2024-08-05 10:00:56,450.1800,1
2024-08-05 10:00:57,450.4100,1
2024-08-05 10:00:58,450.1000,1
2024-08-05 10:00:59,450.1000,1
2024-08-05 10:01:00,450.1000,1
2024-08-05 10:01:01,450.1000,1
2024-08-05 10:01:02,450.1000,1
2024-08-05 10:01:03,450.1000,1
2024-08-05 10:01:04,450.1000,1
2024-08-05 10:01:05,449.8300,1
2024-08-05 10:01:06,450.0000,1
2024-08-05 10:01:07,450.0000,1
2024-08-05 10:01:08,450.0000,1
2024-08-05 10:01:09,450.3700,1
2024-08-05 10:01:10,450.3700,1
2024-08-05 10:01:11,450.3700,1
2024-08-05 10:01:12,450.3700,1
2024-08-05 10:01:13,450.3000,1
2024-08-05 10:01:14,450.3000,1
2024-08-05 10:01:15,450.3700,1
2024-08-05 10:01:16,450.5400,1
2024-08-05 10:01:17,450.6800,1
2024-08-05 10:01:18,450.6800,1
2024-08-05 10:01:19,450.6800,1
2024-08-05 10:01:20,450.6800,1
2024-08-05 10:01:21,450.6800,1
2024-08-05 10:01:22,450.6800,1
2024-08-05 10:01:23,450.7600,1
2024-08-05 10:01:24,450.6000,1
2024-08-05 10:01:25,450.6000,1
2024-08-05 10:01:26,450.6000,1
2024-08-05 10:01:27,450.6000,1
2024-08-05 10:01:28,450.6000,1
2024-08-05 10:01:29,450.6000,1
2024-08-05 10:01:30,450.8100,1
2024-08-05 10:01:31,450.8100,1
2024-08-05 10:01:32,450.7400,1
2024-08-05 10:01:33,450.7400,1
2024-08-05 10:01:34,450.7500,1
2024-08-05 10:01:35,450.7500,1
2024-08-05 10:01:36,450.7500,1
2024-08-05 10:01:37,450.7500,1
2024-08-05 10:01:38,450.7000,1
2024-08-05 10:01:39,450.7000,1
2024-08-05 10:01:40,450.7000,1
2024-08-05 10:01:41,450.7500,2
2024-08-05 10:01:42,450.7500,1
2024-08-05 10:01:43,450.7500,1
2024-08-05 10:01:44,450.8000,1
2024-08-05 10:01:45,450.8000,1
2024-08-05 10:01:46,451.1500,1
2024-08-05 10:01:47,450.7900,1
2024-08-05 10:01:48,450.7900,1
2024-08-05 10:01:49,450.7900,1
2024-08-05 10:01:50,450.7900,1
2024-08-05 10:01:51,450.7900,1
2024-08-05 10:01:52,450.7900,1
2024-08-05 10:01:53,450.7900,1
2024-08-05 10:01:54,450.7900,1
2024-08-05 10:01:55,450.7900,1
2024-08-05 10:01:56,450.7500,2
2024-08-05 10:01:57,450.7500,2
2024-08-05 10:01:58,450.7500,11
2024-08-05 10:01:59,450.7600,1
2024-08-05 10:02:00,450.7600,1
2024-08-05 10:02:01,450.7500,1
2024-08-05 10:02:02,450.7500,1
2024-08-05 10:02:03,450.7500,1
2024-08-05 10:02:04,450.7500,1
2024-08-05 10:02:05,450.7500,1
2024-08-05 10:02:06,450.7500,1
2024-08-05 10:02:07,450.7500,1
2024-08-05 10:02:08,450.7600,1
2024-08-05 10:02:09,450.7500,2
2024-08-05 10:02:10,450.6100,1
2024-08-05 10:02:11,450.8300,1
2024-08-05 10:02:12,450.8300,1
2024-08-05 10:02:13,450.9500,1
2024-08-05 10:02:14,451.1500,2
2024-08-05 10:02:15,450.9900,1
2024-08-05 10:02:16,450.8800,1
2024-08-05 10:02:17,450.8200,1
2024-08-05 10:02:18,450.8200,1
2024-08-05 10:02:19,450.9000,1
2024-08-05 10:02:20,450.7700,1
2024-08-05 10:02:21,450.8900,5
2024-08-05 10:02:22,450.8900,5
2024-08-05 10:02:23,450.7900,6
2024-08-05 10:02:24,450.7900,4
2024-08-05 10:02:25,450.6700,1
2024-08-05 10:02:26,451.1200,1
2024-08-05 10:02:27,450.3600,1
2024-08-05 10:02:28,450.3600,1
2024-08-05 10:02:29,450.8200,10
2024-08-05 10:02:30,450.1900,1
2024-08-05 10:02:31,450.1900,1
2024-08-05 10:02:32,450.1900,1
2024-08-05 10:02:33,450.2700,1
2024-08-05 10:02:34,450.2700,1
2024-08-05 10:02:35,450.2700,1
2024-08-05 10:02:36,450.2700,1
2024-08-05 10:02:37,450.0000,1
2024-08-05 10:02:38,450.1200,1
2024-08-05 10:02:39,449.8500,2
2024-08-05 10:02:40,449.9700,1
2024-08-05 10:02:41,450.0200,1
2024-08-05 10:02:42,450.1200,1
2024-08-05 10:02:43,450.3100,1
2024-08-05 10:02:44,450.3100,1
2024-08-05 10:02:45,450.3100,1
2024-08-05 10:02:46,450.3100,1
2024-08-05 10:02:47,450.3100,1
2024-08-05 10:02:48,450.3100,1
2024-08-05 10:02:49,450.3100,1
2024-08-05 10:02:50,449.9200,1
2024-08-05 10:02:51,449.6600,1
2024-08-05 10:02:52,449.6600,1
2024-08-05 10:02:53,449.6600,1
2024-08-05 10:02:54,449.6600,1
2024-08-05 10:02:55,449.6600,1
2024-08-05 10:02:56,449.6600,1
2024-08-05 10:02:57,449.6600,1
2024-08-05 10:02:58,449.6600,1
2024-08-05 10:02:59,449.9200,1
2024-08-05 10:03:00,449.9200,1
2024-08-05 10:03:01,449.9200,1
2024-08-05 10:03:02,449.9200,1
2024-08-05 10:03:03,449.9200,1
2024-08-05 10:03:04,449.9200,1
2024-08-05 10:03:05,449.9200,1
2024-08-05 10:03:06,449.9200,1
2024-08-05 10:03:07,449.8200,1
2024-08-05 10:03:08,449.8200,1
2024-08-05 10:03:09,449.8200,1
2024-08-05 10:03:10,449.8200,1
2024-08-05 10:03:11,449.8200,1
2024-08-05 10:03:12,449.8200,1
2024-08-05 10:03:13,449.8200,1
2024-08-05 10:03:14,449.8300,1
2024-08-05 10:03:15,449.8200,1
2024-08-05 10:03:16,450.2200,1
2024-08-05 10:03:17,450.3300,1
2024-08-05 10:03:18,450.3300,1
2024-08-05 10:03:19,450.3300,1
2024-08-05 10:03:20,447.8800,2
2024-08-05 10:03:21,450.4200,1
2024-08-05 10:03:22,450.4200,1
2024-08-05 10:03:23,450.5300,1
2024-08-05 10:03:24,450.1200,3
2024-08-05 10:03:25,450.4600,1
2024-08-05 10:03:26,450.4600,1
2024-08-05 10:03:27,450.4600,1
2024-08-05 10:03:28,450.4700,1
2024-08-05 10:03:29,450.4700,1
2024-08-05 10:03:30,450.6400,1
2024-08-05 10:03:31,450.6400,1
2024-08-05 10:03:32,450.4700,1
2024-08-05 10:03:33,450.4700,1
2024-08-05 10:03:34,450.7500,1
2024-08-05 10:03:35,451.0000,1
2024-08-05 10:03:36,450.7700,1
2024-08-05 10:03:37,450.4300,1
2024-08-05 10:03:38,450.4300,1
2024-08-05 10:03:39,450.4400,1
2024-08-05 10:03:40,450.4400,1
2024-08-05 10:03:41,450.4400,1
2024-08-05 10:03:42,450.8200,2
2024-08-05 10:03:43,450.8200,2
2024-08-05 10:03:44,450.3100,1
2024-08-05 10:03:45,450.3100,1
2024-08-05 10:03:46,450.0700,1
2024-08-05 10:03:47,450.1000,4
2024-08-05 10:03:48,450.2300,1
2024-08-05 10:03:49,450.2300,1
2024-08-05 10:03:50,450.0700,1
2024-08-05 10:03:51,450.0700,1
2024-08-05 10:03:52,450.0700,1
2024-08-05 10:03:53,450.0700,1
2024-08-05 10:03:54,450.0700,1
2024-08-05 10:03:55,450.0700,1
2024-08-05 10:03:56,450.0700,1
2024-08-05 10:03:57,450.0700,1
2024-08-05 10:03:58,450.1600,1
2024-08-05 10:03:59,450.1600,1
2024-08-05 10:04:00,450.1600,1
2024-08-05 10:04:01,450.3800,1
2024-08-05 10:04:02,450.3800,1
2024-08-05 10:04:03,450.3200,1
2024-08-05 10:04:04,450.3200,1
2024-08-05 10:04:05,450.3200,1
2024-08-05 10:04:06,450.3200,1
2024-08-05 10:04:07,450.3200,1
2024-08-05 10:04:08,450.3200,1
2024-08-05 10:04:09,450.3600,1
2024-08-05 10:04:10,450.3600,1
2024-08-05 10:04:11,450.3600,1
2024-08-05 10:04:12,450.4600,1
2024-08-05 10:04:13,450.4600,1
2024-08-05 10:04:14,450.6700,1
2024-08-05 10:04:15,450.5500,1
2024-08-05 10:04:16,450.5500,1
2024-08-05 10:04:17,450.5500,1
2024-08-05 10:04:18,450.9100,1
2024-08-05 10:04:19,450.6700,1
2024-08-05 10:04:20,450.8100,1
2024-08-05 10:04:21,450.3400,3
2024-08-05 10:04:22,450.3400,3
2024-08-05 10:04:23,450.3400,3
2024-08-05 10:04:24,450.3400,3
2024-08-05 10:04:25,450.3400,3
2024-08-05 10:04:26,450.1000,1
2024-08-05 10:04:27,450.1000,1
2024-08-05 10:04:28,449.9300,1
2024-08-05 10:04:29,449.9300,1
2024-08-05 10:04:30,449.9300,1
2024-08-05 10:04:31,449.6300,17
2024-08-05 10:04:32,449.6300,17
2024-08-05 10:04:33,450.0200,1
2024-08-05 10:04:34,450.0200,1
2024-08-05 10:04:35,450.0200,1
2024-08-05 10:04:36,450.0200,1
2024-08-05 10:04:37,450.0200,1
2024-08-05 10:04:38,450.0200,1
2024-08-05 10:04:39,450.0200,1
2024-08-05 10:04:40,450.0200,1
2024-08-05 10:04:41,450.1300,1
2024-08-05 10:04:42,450.2600,1
2024-08-05 10:04:43,450.4300,1
2024-08-05 10:04:44,450.4300,1
2024-08-05 10:04:45,450.5000,1
2024-08-05 10:04:46,450.5000,1
2024-08-05 10:04:47,450.5000,1
2024-08-05 10:04:48,450.5000,1
2024-08-05 10:04:49,450.5000,1
2024-08-05 10:04:50,450.3400,1
2024-08-05 10:04:51,450.3400,1
2024-08-05 10:04:52,450.3400,1
2024-08-05 10:04:53,450.9900,4
2024-08-05 10:04:54,450.9900,4
2024-08-05 10:04:55,450.3200,1
2024-08-05 10:04:56,450.0700,2
2024-08-05 10:04:57,450.0700,2
2024-08-05 10:04:58,450.3200,1
2024-08-05 10:04:59,450.3200,1
2024-08-05 10:05:00,450.3200,1
2024-08-05 10:05:01,449.8300,1
2024-08-05 10:05:02,449.8400,1
2024-08-05 10:05:03,449.8400,1
2024-08-05 10:05:04,449.8400,1
2024-08-05 10:05:05,449.7400,1
2024-08-05 10:05:06,449.5800,1
2024-08-05 10:05:07,449.6400,1
2024-08-05 10:05:08,449.6800,1
2024-08-05 10:05:09,449.5800,1
2024-08-05 10:05:10,449.5800,1
2024-08-05 10:05:11,449.5800,1
2024-08-05 10:05:12,449.5800,1
2024-08-05 10:05:13,449.5700,1
2024-08-05 10:05:14,449.6600,1
2024-08-05 10:05:15,449.6600,1
2024-08-05 10:05:16,449.6600,1
2024-08-05 10:05:17,449.6600,1
2024-08-05 10:05:18,449.6600,1
2024-08-05 10:05:19,449.6600,1
2024-08-05 10:05:20,449.5700,1
2024-08-05 10:05:21,449.5700,1
2024-08-05 10:05:22,449.5000,1
2024-08-05 10:05:23,449.9400,1
2024-08-05 10:05:24,450.0300,1
2024-08-05 10:05:25,450.0300,1
2024-08-05 10:05:26,449.9400,1
2024-08-05 10:05:27,449.9400,1
2024-08-05 10:05:28,449.9400,1
2024-08-05 10:05:29,449.9400,1
2024-08-05 10:05:30,450.1600,1
2024-08-05 10:05:31,450.1600,1
2024-08-05 10:05:32,450.5700,1
2024-08-05 10:05:33,450.5700,1
2024-08-05 10:05:34,450.5700,1
2024-08-05 10:05:35,450.4900,1
2024-08-05 10:05:36,450.4900,1
2024-08-05 10:05:37,450.4900,1
2024-08-05 10:05:38,450.4800,1
2024-08-05 10:05:39,450.4800,1
2024-08-05 10:05:40,450.4800,1
2024-08-05 10:05:41,450.4800,1
2024-08-05 10:05:42,450.5600,1
2024-08-05 10:05:43,450.5600,1
2024-08-05 10:05:44,450.5100,1
2024-08-05 10:05:45,450.5100,1
2024-08-05 10:05:46,450.5100,1
2024-08-05 10:05:47,450.5100,1
2024-08-05 10:05:48,450.5100,1
2024-08-05 10:05:49,450.7000,1
2024-08-05 10:05:50,450.7000,1
2024-08-05 10:05:51,450.7000,1
2024-08-05 10:05:52,450.7000,1
2024-08-05 10:05:53,450.7000,1
2024-08-05 10:05:54,450.7000,1
2024-08-05 10:05:55,450.4900,1
2024-08-05 10:05:56,450.4900,1
2024-08-05 10:05:57,450.4900,1
2024-08-05 10:05:58,450.4900,1
2024-08-05 10:05:59,449.9800,1
2024-08-05 10:06:00,450.1600,1
2024-08-05 10:06:01,450.1600,1
2024-08-05 10:06:02,450.1600,1
2024-08-05 10:06:03,450.2800,1
2024-08-05 10:06:04,450.2800,1
2024-08-05 10:06:05,450.2800,1
2024-08-05 10:06:06,450.2800,1
2024-08-05 10:06:07,450.2800,1
2024-08-05 10:06:08,450.2800,1
2024-08-05 10:06:09,449.9100,1
2024-08-05 10:06:10,449.6800,1
2024-08-05 10:06:11,449.6800,1
2024-08-05 10:06:12,449.6800,1
2024-08-05 10:06:13,449.6800,1
2024-08-05 10:06:14,449.6800,1
2024-08-05 10:06:15,450.4800,1
2024-08-05 10:06:16,450.4800,1
2024-08-05 10:06:17,450.3500,1
2024-08-05 10:06:18,450.3500,1
2024-08-05 10:06:19,450.3500,1
2024-08-05 10:06:20,450.3500,1
2024-08-05 10:06:21,450.5500,1
2024-08-05 10:06:22,450.5500,1
2024-08-05 10:06:23,450.5500,1
2024-08-05 10:06:24,450.5500,1
2024-08-05 10:06:25,450.5500,1
2024-08-05 10:06:26,450.5600,1
2024-08-05 10:06:27,450.5600,1
2024-08-05 10:06:28,450.5600,1
2024-08-05 10:06:29,450.5700,1
2024-08-05 10:06:30,450.5700,1
2024-08-05 10:06:31,450.5700,1
2024-08-05 10:06:32,450.5700,1
2024-08-05 10:06:33,450.5700,1
2024-08-05 10:06:34,450.5700,1
2024-08-05 10:06:35,450.5700,1
2024-08-05 10:06:36,450.5700,1
2024-08-05 10:06:37,450.5700,1
2024-08-05 10:06:38,450.5700,1
2024-08-05 10:06:39,450.5700,1
2024-08-05 10:06:40,450.5700,1
2024-08-05 10:06:41,450.3200,1
2024-08-05 10:06:42,450.3200,1
2024-08-05 10:06:43,450.6300,1
2024-08-05 10:06:44,450.6300,1
2024-08-05 10:06:45,450.6300,1
2024-08-05 10:06:46,450.1100,1
2024-08-05 10:06:47,450.1100,1
2024-08-05 10:06:48,450.1100,1
2024-08-05 10:06:49,450.1100,1
2024-08-05 10:06:50,450.0300,1
2024-08-05 10:06:51,450.0300,1
2024-08-05 10:06:52,450.0300,1
2024-08-05 10:06:53,450.0300,1
2024-08-05 10:06:54,450.0300,1
2024-08-05 10:06:55,449.8100,2
2024-08-05 10:06:56,450.0000,1
2024-08-05 10:06:57,450.0000,1
2024-08-05 10:06:58,449.6700,1
2024-08-05 10:06:59,449.6700,1
2024-08-05 10:07:00,449.6700,1
2024-08-05 10:07:01,449.6400,1
2024-08-05 10:07:02,449.7100,1
2024-08-05 10:07:03,449.7100,1
2024-08-05 10:07:04,449.7100,1
2024-08-05 10:07:05,449.4500,1
2024-08-05 10:07:06,449.5800,1
2024-08-05 10:07:07,449.6000,1
2024-08-05 10:07:08,449.6000,1
2024-08-05 10:07:09,449.6000,1
2024-08-05 10:07:10,449.9100,1
2024-08-05 10:07:11,449.9100,1
2024-08-05 10:07:12,449.9100,1
2024-08-05 10:07:13,449.9100,1
2024-08-05 10:07:14,449.9100,1
2024-08-05 10:07:15,449.9100,1
2024-08-05 10:07:16,449.1900,1
2024-08-05 10:07:17,449.1900,1
2024-08-05 10:07:18,448.9500,2
2024-08-05 10:07:19,448.9500,2
2024-08-05 10:07:20,448.9500,2
2024-08-05 10:07:21,449.2600,1
2024-08-05 10:07:22,449.0000,3
2024-08-05 10:07:23,449.0000,3
2024-08-05 10:07:24,449.0000,3
2024-08-05 10:07:25,449.4500,1
2024-08-05 10:07:26,449.1100,1
2024-08-05 10:07:27,449.1100,1
2024-08-05 10:07:28,449.1100,1
2024-08-05 10:07:29,449.1100,1
2024-08-05 10:07:30,449.3200,1
2024-08-05 10:07:31,449.3200,1
2024-08-05 10:07:32,449.3200,1
2024-08-05 10:07:33,449.3200,1
2024-08-05 10:07:34,449.3200,1
2024-08-05 10:07:35,449.3200,1
2024-08-05 10:07:36,449.3200,1
2024-08-05 10:07:37,449.3200,1
2024-08-05 10:07:38,448.8700,1
2024-08-05 10:07:39,448.8700,1
2024-08-05 10:07:40,448.8700,1
2024-08-05 10:07:41,448.8700,1
2024-08-05 10:07:42,448.8700,1
2024-08-05 10:07:43,448.8300,1
2024-08-05 10:07:44,448.8200,1
2024-08-05 10:07:45,448.8200,1
2024-08-05 10:07:46,448.8200,1
2024-08-05 10:07:47,448.8200,1
2024-08-05 10:07:48,448.3000,1
2024-08-05 10:07:49,448.3000,1
2024-08-05 10:07:50,448.6200,1
2024-08-05 10:07:51,448.6200,1
2024-08-05 10:07:52,448.6200,1
2024-08-05 10:07:53,448.6200,1
2024-08-05 10:07:54,448.6200,1
2024-08-05 10:07:55,448.4300,1
2024-08-05 10:07:56,448.8400,1
2024-08-05 10:07:57,448.8400,1
2024-08-05 10:07:58,448.8400,1
2024-08-05 10:07:59,448.9600,1
2024-08-05 10:08:00,448.9600,1
2024-08-05 10:08:01,448.9600,1
2024-08-05 10:08:02,448.9600,1
2024-08-05 10:08:03,448.9600,1
2024-08-05 10:08:04,448.9600,1
2024-08-05 10:08:05,448.6300,7
2024-08-05 10:08:06,448.6300,7
2024-08-05 10:08:07,448.6300,7
2024-08-05 10:08:08,448.6300,7
2024-08-05 10:08:09,448.4200,1
2024-08-05 10:08:10,448.4200,1
2024-08-05 10:08:11,448.4200,1
2024-08-05 10:08:12,448.4200,1
2024-08-05 10:08:13,448.4200,1
2024-08-05 10:08:14,448.4200,1
2024-08-05 10:08:15,448.4200,1
2024-08-05 10:08:16,448.4200,1
2024-08-05 10:08:17,448.4200,1
2024-08-05 10:08:18,448.3500,1
2024-08-05 10:08:19,448.3500,1
2024-08-05 10:08:20,448.5900,1
2024-08-05 10:08:21,449.0400,1
2024-08-05 10:08:22,449.0400,1
2024-08-05 10:08:23,449.0400,1
2024-08-05 10:08:24,449.0400,1
2024-08-05 10:08:25,449.2000,1
2024-08-05 10:08:26,449.2000,1
2024-08-05 10:08:27,449.2000,1
2024-08-05 10:08:28,449.2000,1
2024-08-05 10:08:29,449.2000,1
2024-08-05 10:08:30,449.0100,1
2024-08-05 10:08:31,449.0100,1
2024-08-05 10:08:32,449.0100,1
2024-08-05 10:08:33,449.0100,1
2024-08-05 10:08:34,449.0100,1
2024-08-05 10:08:35,449.0100,1
2024-08-05 10:08:36,449.1100,1
2024-08-05 10:08:37,449.3100,1
2024-08-05 10:08:38,449.3100,1
2024-08-05 10:08:39,449.3100,1
2024-08-05 10:08:40,449.8700,1
2024-08-05 10:08:41,449.8700,1
2024-08-05 10:08:42,449.8700,1
2024-08-05 10:08:43,449.8700,1
2024-08-05 10:08:44,449.8700,1
2024-08-05 10:08:45,449.6700,1
2024-08-05 10:08:46,449.6700,1
2024-08-05 10:08:47,449.6700,1
2024-08-05 10:08:48,449.6700,1
2024-08-05 10:08:49,449.6700,1
2024-08-05 10:08:50,449.6700,1
2024-08-05 10:08:51,449.6700,1
2024-08-05 10:08:52,449.6700,1
2024-08-05 10:08:53,450.4800,1
2024-08-05 10:08:54,450.4800,1
2024-08-05 10:08:55,450.4800,1
2024-08-05 10:08:56,450.4800,1
2024-08-05 10:08:57,450.4800,1
2024-08-05 10:08:58,449.9000,1
2024-08-05 10:08:59,449.9000,1
2024-08-05 10:09:00,449.5000,1
2024-08-05 10:09:01,449.5000,1
2024-08-05 10:09:02,449.0900,1
2024-08-05 10:09:03,449.1500,1
2024-08-05 10:09:04,449.0000,1
2024-08-05 10:09:05,449.0100,1
2024-08-05 10:09:06,449.0100,1
2024-08-05 10:09:07,449.0100,1
2024-08-05 10:09:08,449.0100,1
2024-08-05 10:09:09,449.0100,1
2024-08-05 10:09:10,449.0100,1
2024-08-05 10:09:11,449.1700,1
2024-08-05 10:09:12,449.1700,1
2024-08-05 10:09:13,449.1700,1
2024-08-05 10:09:14,449.1700,1
2024-08-05 10:09:15,449.5200,1
2024-08-05 10:09:16,449.5200,1
2024-08-05 10:09:17,449.5200,1
2024-08-05 10:09:18,449.0000,1
2024-08-05 10:09:19,449.1300,1
2024-08-05 10:09:20,449.1400,1
2024-08-05 10:09:21,449.1400,1
2024-08-05 10:09:22,449.1400,1
2024-08-05 10:09:23,449.1400,1
2024-08-05 10:09:24,449.1400,1
2024-08-05 10:09:25,449.1400,1
2024-08-05 10:09:26,449.3600,1
2024-08-05 10:09:27,449.6400,1
2024-08-05 10:09:28,450.1900,2
2024-08-05 10:09:29,450.1400,1
2024-08-05 10:09:30,449.9900,1
2024-08-05 10:09:31,449.9900,1
2024-08-05 10:09:32,449.9900,1
2024-08-05 10:09:33,449.9900,1
2024-08-05 10:09:34,449.9900,1
2024-08-05 10:09:35,449.9900,1
2024-08-05 10:09:36,449.9900,1
2024-08-05 10:09:37,449.9900,1
2024-08-05 10:09:38,450.0200,1
2024-08-05 10:09:39,450.0200,1
2024-08-05 10:09:40,450.0200,1
2024-08-05 10:09:41,450.0200,1
2024-08-05 10:09:42,450.2600,1
2024-08-05 10:09:43,450.0700,1
2024-08-05 10:09:44,450.0600,1
2024-08-05 10:09:45,450.0600,1
2024-08-05 10:09:46,450.0600,1
2024-08-05 10:09:47,450.0600,11
2024-08-05 10:09:48,449.9900,1
2024-08-05 10:09:49,450.0600,1
2024-08-05 10:09:50,450.0600,1
2024-08-05 10:09:51,450.0600,1
2024-08-05 10:09:52,450.0600,1
2024-08-05 10:09:53,450.0600,1
2024-08-05 10:09:54,449.6400,1
2024-08-05 10:09:55,449.8000,1
2024-08-05 10:09:56,449.9300,1
2024-08-05 10:09:57,449.9300,1
2024-08-05 10:09:58,450.1900,1
2024-08-05 10:09:59,450.0600,1
2024-08-05 10:10:00,449.8000,1
2024-08-05 10:10:01,449.6400,1
2024-08-05 10:10:02,449.6400,1
2024-08-05 10:10:03,449.6400,1
2024-08-05 10:10:04,449.6400,1
2024-08-05 10:10:05,449.6400,1
2024-08-05 10:10:06,449.6400,1
2024-08-05 10:10:07,449.6400,1
2024-08-05 10:10:08,449.6400,1
2024-08-05 10:10:09,449.7700,1
2024-08-05 10:10:10,449.8500,1
2024-08-05 10:10:11,449.8500,1
2024-08-05 10:10:12,449.4300,1
2024-08-05 10:10:13,449.4300,1
2024-08-05 10:10:14,449.4300,1
2024-08-05 10:10:15,449.4300,1
2024-08-05 10:10:16,449.4300,1
2024-08-05 10:10:17,449.4300,1
2024-08-05 10:10:18,449.4200,1
2024-08-05 10:10:19,449.4200,1
2024-08-05 10:10:20,449.2700,1
2024-08-05 10:10:21,449.2700,1
2024-08-05 10:10:22,449.2700,1
2024-08-05 10:10:23,449.5500,1
2024-08-05 10:10:24,449.5500,1
2024-08-05 10:10:25,449.5600,1
2024-08-05 10:10:26,449.5600,1
2024-08-05 10:10:27,449.5600,1
2024-08-05 10:10:28,449.5600,1
2024-08-05 10:10:29,449.5600,1
2024-08-05 10:10:30,449.5600,1
2024-08-05 10:10:31,449.5600,1
2024-08-05 10:10:32,449.5600,1
2024-08-05 10:10:33,449.5600,1
2024-08-05 10:10:34,449.5600,1
2024-08-05 10:10:35,449.2200,1
2024-08-05 10:10:36,449.2200,1
2024-08-05 10:10:37,449.5300,1
2024-08-05 10:10:38,449.5300,1
2024-08-05 10:10:39,449.8600,1
2024-08-05 10:10:40,449.8000,1
2024-08-05 10:10:41,449.7800,1
2024-08-05 10:10:42,449.7800,1
2024-08-05 10:10:43,449.7800,1
2024-08-05 10:10:44,449.7800,1
2024-08-05 10:10:45,449.7800,1
2024-08-05 10:10:46,449.7800,1
2024-08-05 10:10:47,449.7800,1
2024-08-05 10:10:48,449.7600,1
2024-08-05 10:10:49,449.7600,1
2024-08-05 10:10:50,450.2000,1
2024-08-05 10:10:51,450.2000,1
2024-08-05 10:10:52,450.2000,1
2024-08-05 10:10:53,450.2000,1
2024-08-05 10:10:54,450.1300,1
2024-08-05 10:10:55,450.1100,1
2024-08-05 10:10:56,450.1100,1
2024-08-05 10:10:57,450.1100,1
2024-08-05 10:10:58,450.1100,1
2024-08-05 10:10:59,450.1100,1
2024-08-05 10:11:00,449.8500,1
2024-08-05 10:11:01,449.8500,1
2024-08-05 10:11:02,449.6400,1
2024-08-05 10:11:03,449.6400,1
2024-08-05 10:11:04,449.6300,1
2024-08-05 10:11:05,449.6300,1
2024-08-05 10:11:06,449.6300,1
2024-08-05 10:11:07,449.6300,1
2024-08-05 10:11:08,449.6300,1
2024-08-05 10:11:09,449.6300,1
2024-08-05 10:11:10,449.6300,1
2024-08-05 10:11:11,449.6300,1
2024-08-05 10:11:12,449.6300,1
2024-08-05 10:11:13,449.6300,1
2024-08-05 10:11:14,449.6300,1
2024-08-05 10:11:15,449.6300,1
2024-08-05 10:11:16,449.6300,1
2024-08-05 10:11:17,449.6300,1
2024-08-05 10:11:18,449.6300,1
2024-08-05 10:11:19,449.6300,1
2024-08-05 10:11:20,449.6300,1
2024-08-05 10:11:21,449.6300,1
2024-08-05 10:11:22,449.6300,1
2024-08-05 10:11:23,449.7700,1
2024-08-05 10:11:24,449.9100,1
2024-08-05 10:11:25,449.9100,1
2024-08-05 10:11:26,449.9100,1
2024-08-05 10:11:27,449.9100,1
2024-08-05 10:11:28,450.0000,1
2024-08-05 10:11:29,450.0000,1
2024-08-05 10:11:30,450.0000,1
2024-08-05 10:11:31,450.0000,1
2024-08-05 10:11:32,449.8100,1
2024-08-05 10:11:33,449.8100,1
2024-08-05 10:11:34,449.8100,1
2024-08-05 10:11:35,449.8100,1
2024-08-05 10:11:36,449.8100,1
2024-08-05 10:11:37,450.1000,1
2024-08-05 10:11:38,450.0900,1
2024-08-05 10:11:39,450.3000,1
2024-08-05 10:11:40,450.4800,1
2024-08-05 10:11:41,450.4800,1
2024-08-05 10:11:42,450.5300,1
2024-08-05 10:11:43,450.5300,1
2024-08-05 10:11:44,450.5300,1
2024-08-05 10:11:45,449.6600,1
2024-08-05 10:11:46,449.6600,1
2024-08-05 10:11:47,450.6400,1
2024-08-05 10:11:48,450.5400,1
2024-08-05 10:11:49,450.5400,1
2024-08-05 10:11:50,450.4700,1
2024-08-05 10:11:51,450.4700,1
2024-08-05 10:11:52,450.4700,1
2024-08-05 10:11:53,450.4700,1
2024-08-05 10:11:54,450.4700,1
2024-08-05 10:11:55,450.6400,1
2024-08-05 10:11:56,450.4900,1
2024-08-05 10:11:57,450.6400,1
2024-08-05 10:11:58,450.6400,1
2024-08-05 10:11:59,450.6400,1
2024-08-05 10:12:00,450.6400,1
2024-08-05 10:12:01,450.4900,1
2024-08-05 10:12:02,450.4900,1
2024-08-05 10:12:03,450.4900,1
2024-08-05 10:12:04,450.4900,1
2024-08-05 10:12:05,450.4900,1
2024-08-05 10:12:06,450.5400,1
2024-08-05 10:12:07,450.4400,10
2024-08-05 10:12:08,450.6500,1
2024-08-05 10:12:09,450.8200,2
2024-08-05 10:12:10,450.8200,1
2024-08-05 10:12:11,451.0000,1
2024-08-05 10:12:12,451.0000,1
2024-08-05 10:12:13,450.6900,1
2024-08-05 10:12:14,450.6900,1
2024-08-05 10:12:15,450.6900,1
2024-08-05 10:12:16,450.6900,1
2024-08-05 10:12:17,450.6900,1
2024-08-05 10:12:18,450.4500,2
2024-08-05 10:12:19,450.4500,2
2024-08-05 10:12:20,450.4500,2
2024-08-05 10:12:21,450.4500,2
2024-08-05 10:12:22,450.4500,2
2024-08-05 10:12:23,450.4500,2
2024-08-05 10:12:24,450.6400,1
2024-08-05 10:12:25,450.7600,1
2024-08-05 10:12:26,450.4500,1
2024-08-05 10:12:27,450.4000,1
2024-08-05 10:12:28,450.4000,1
2024-08-05 10:12:29,450.6500,1
2024-08-05 10:12:30,450.6500,1
2024-08-05 10:12:31,450.6500,1
2024-08-05 10:12:32,450.6500,1
2024-08-05 10:12:33,450.6500,1
2024-08-05 10:12:34,450.4000,1
2024-08-05 10:12:35,450.2200,1
2024-08-05 10:12:36,450.2400,1
2024-08-05 10:12:37,450.2100,1
2024-08-05 10:12:38,450.2100,1
2024-08-05 10:12:39,450.1400,1
2024-08-05 10:12:40,450.2500,1
2024-08-05 10:12:41,450.2500,1
2024-08-05 10:12:42,450.2500,1
2024-08-05 10:12:43,450.2500,1
2024-08-05 10:12:44,450.2500,1
2024-08-05 10:12:45,449.9700,1
2024-08-05 10:12:46,450.0600,1
2024-08-05 10:12:47,450.0900,1
2024-08-05 10:12:48,450.0900,1
2024-08-05 10:12:49,450.0900,1
2024-08-05 10:12:50,450.0900,1
2024-08-05 10:12:51,450.0900,1
2024-08-05 10:12:52,450.0900,1
2024-08-05 10:12:53,450.0900,1
2024-08-05 10:12:54,450.0900,1
2024-08-05 10:12:55,450.0900,1
2024-08-05 10:12:56,450.0900,1
2024-08-05 10:12:57,450.0900,1
2024-08-05 10:12:58,449.7200,1
2024-08-05 10:12:59,449.7200,1
2024-08-05 10:13:00,449.7200,1
2024-08-05 10:13:01,449.7200,1
2024-08-05 10:13:02,449.7200,1
2024-08-05 10:13:03,449.7200,1
2024-08-05 10:13:04,449.7200,1
2024-08-05 10:13:05,450.0700,1
2024-08-05 10:13:06,450.0700,1
2024-08-05 10:13:07,449.9700,1
2024-08-05 10:13:08,449.9700,1
2024-08-05 10:13:09,449.9700,1
2024-08-05 10:13:10,449.9700,1
2024-08-05 10:13:11,450.1400,1
2024-08-05 10:13:12,450.3100,1
2024-08-05 10:13:13,450.3100,1
2024-08-05 10:13:14,450.2700,1
2024-08-05 10:13:15,450.1900,1
2024-08-05 10:13:16,450.2800,1
2024-08-05 10:13:17,450.2800,1
2024-08-05 10:13:18,450.2800,1
2024-08-05 10:13:19,450.3000,1
2024-08-05 10:13:20,450.2300,1
2024-08-05 10:13:21,450.2300,1
2024-08-05 10:13:22,450.2300,1
2024-08-05 10:13:23,450.2300,1
2024-08-05 10:13:24,450.2300,1
2024-08-05 10:13:25,450.0100,2
2024-08-05 10:13:26,450.0100,2
2024-08-05 10:13:27,450.3300,1
2024-08-05 10:13:28,450.3300,1
2024-08-05 10:13:29,450.3700,1
2024-08-05 10:13:30,450.3700,1
2024-08-05 10:13:31,450.3700,1
2024-08-05 10:13:32,450.3700,1
2024-08-05 10:13:33,450.2900,1
2024-08-05 10:13:34,450.2500,1
2024-08-05 10:13:35,450.3500,1
2024-08-05 10:13:36,450.3500,1
2024-08-05 10:13:37,450.3500,1
2024-08-05 10:13:38,450.3500,1
2024-08-05 10:13:39,450.3500,1
2024-08-05 10:13:40,450.3500,1
2024-08-05 10:13:41,450.3500,1
2024-08-05 10:13:42,450.3500,1
2024-08-05 10:13:43,450.3500,1
2024-08-05 10:13:44,450.3500,1
2024-08-05 10:13:45,450.3500,1
2024-08-05 10:13:46,450.3500,1
2024-08-05 10:13:47,450.3500,1
2024-08-05 10:13:48,450.3500,1
2024-08-05 10:13:49,450.7300,3
2024-08-05 10:13:50,450.7200,1
2024-08-05 10:13:51,450.7200,1
2024-08-05 10:13:52,450.7200,1
2024-08-05 10:13:53,450.3900,1
2024-08-05 10:13:54,450.3900,1
2024-08-05 10:13:55,450.3900,1
2024-08-05 10:13:56,450.3900,1
2024-08-05 10:13:57,450.3900,1
2024-08-05 10:13:58,450.4400,20
2024-08-05 10:13:59,450.4400,1
2024-08-05 10:14:00,450.4400,1
2024-08-05 10:14:01,450.4400,1
2024-08-05 10:14:02,450.4400,1
2024-08-05 10:14:03,450.5600,1
2024-08-05 10:14:04,450.5600,1
2024-08-05 10:14:05,450.4900,1
2024-08-05 10:14:06,450.4400,1
2024-08-05 10:14:07,450.4400,1
2024-08-05 10:14:08,450.2400,1
2024-08-05 10:14:09,450.2400,1
2024-08-05 10:14:10,450.2400,1
2024-08-05 10:14:11,450.6800,1
2024-08-05 10:14:12,450.6800,1
2024-08-05 10:14:13,450.6800,1
2024-08-05 10:14:14,450.6800,1
2024-08-05 10:14:15,450.6800,1
2024-08-05 10:14:16,450.3800,1
2024-08-05 10:14:17,450.5900,1
2024-08-05 10:14:18,450.5900,1
2024-08-05 10:14:19,450.5900,1
2024-08-05 10:14:20,450.6200,1
2024-08-05 10:14:21,450.6200,1
2024-08-05 10:14:22,450.6200,1
2024-08-05 10:14:23,450.4200,1
2024-08-05 10:14:24,450.4200,1
2024-08-05 10:14:25,450.4200,1
2024-08-05 10:14:26,450.6200,1
2024-08-05 10:14:27,450.6200,1
2024-08-05 10:14:28,450.6200,1
2024-08-05 10:14:29,450.6200,1
2024-08-05 10:14:30,450.5100,1
2024-08-05 10:14:31,450.5100,1
2024-08-05 10:14:32,450.5100,1
2024-08-05 10:14:33,450.5100,1
2024-08-05 10:14:34,450.5100,1
2024-08-05 10:14:35,450.5100,1
2024-08-05 10:14:36,450.5100,1
2024-08-05 10:14:37,450.5100,1
2024-08-05 10:14:38,450.5100,1
2024-08-05 10:14:39,450.4300,1
2024-08-05 10:14:40,450.4300,1
2024-08-05 10:14:41,450.9300,5
2024-08-05 10:14:42,450.9300,5
2024-08-05 10:14:43,451.6000,1
2024-08-05 10:14:44,451.6000,1
2024-08-05 10:14:45,451.6000,1
2024-08-05 10:14:46,451.7200,1
2024-08-05 10:14:47,451.7200,1
2024-08-05 10:14:48,451.7200,1
2024-08-05 10:14:49,451.7200,1
2024-08-05 10:14:50,451.7200,1
2024-08-05 10:14:51,451.7200,1
2024-08-05 10:14:52,451.7200,1
2024-08-05 10:14:53,451.7200,1
2024-08-05 10:14:54,451.7200,1
2024-08-05 10:14:55,451.7200,1
2024-08-05 10:14:56,451.7200,1
2024-08-05 10:14:57,451.7200,1
2024-08-05 10:14:58,451.7200,1
2024-08-05 10:14:59,451.7200,1
2024-08-05 10:15:00,451.7200,1
2024-08-05 10:15:01,451.7200,1
2024-08-05 10:15:02,451.7200,1
2024-08-05 10:15:03,451.7200,1
2024-08-05 10:15:04,451.2400,1
2024-08-05 10:15:05,451.2400,1
2024-08-05 10:15:06,451.0100,1
2024-08-05 10:15:07,451.0100,1
2024-08-05 10:15:08,451.0100,1
2024-08-05 10:15:09,451.0100,1
2024-08-05 10:15:10,451.0100,1
2024-08-05 10:15:11,451.0100,1
2024-08-05 10:15:12,451.0100,1
2024-08-05 10:15:13,451.0100,1
2024-08-05 10:15:14,451.0100,1
2024-08-05 10:15:15,451.0100,1
2024-08-05 10:15:16,451.0100,1
2024-08-05 10:15:17,451.0100,1
2024-08-05 10:15:18,451.0100,1
2024-08-05 10:15:19,451.0100,1
2024-08-05 10:15:20,451.0100,1
2024-08-05 10:15:21,451.0100,1
2024-08-05 10:15:22,451.0100,1
2024-08-05 10:15:23,451.0100,1
2024-08-05 10:15:24,451.0100,1
2024-08-05 10:15:25,450.9200,2
2024-08-05 10:15:26,450.9300,1
2024-08-05 10:15:27,450.9700,2
2024-08-05 10:15:28,450.9700,2
2024-08-05 10:15:29,450.7000,1
2024-08-05 10:15:30,450.7000,1
2024-08-05 10:15:31,450.7000,1
2024-08-05 10:15:32,450.7000,1
2024-08-05 10:15:33,451.1000,3
2024-08-05 10:15:34,450.9000,1
2024-08-05 10:15:35,450.9000,1
2024-08-05 10:15:36,450.9000,1
2024-08-05 10:15:37,450.5700,1
2024-08-05 10:15:38,451.0600,1
2024-08-05 10:15:39,451.0600,1
2024-08-05 10:15:40,451.2600,1
2024-08-05 10:15:41,451.3600,1
2024-08-05 10:15:42,451.3600,1
2024-08-05 10:15:43,451.3600,1
2024-08-05 10:15:44,451.3600,1
2024-08-05 10:15:45,451.4300,1
2024-08-05 10:15:46,451.4300,1
2024-08-05 10:15:47,451.4300,1
2024-08-05 10:15:48,451.4300,1
2024-08-05 10:15:49,451.3200,1
2024-08-05 10:15:50,451.3200,1
2024-08-05 10:15:51,451.3200,1
2024-08-05 10:15:52,451.3200,1
2024-08-05 10:15:53,451.3200,1
2024-08-05 10:15:54,451.3200,1
2024-08-05 10:15:55,451.3200,1
2024-08-05 10:15:56,451.3200,1
2024-08-05 10:15:57,451.3200,1
2024-08-05 10:15:58,451.7900,1
2024-08-05 10:15:59,451.7900,1
2024-08-05 10:16:00,451.8500,1
2024-08-05 10:16:01,451.8500,1
2024-08-05 10:16:02,451.8500,1
2024-08-05 10:16:03,451.8500,1
2024-08-05 10:16:04,451.8500,1
2024-08-05 10:16:05,451.8100,2
2024-08-05 10:16:06,451.8100,2
2024-08-05 10:16:07,452.0000,2
2024-08-05 10:16:08,452.0000,2
2024-08-05 10:16:09,452.0000,2
2024-08-05 10:16:10,452.0000,2
2024-08-05 10:16:11,452.0000,2
2024-08-05 10:16:12,452.0000,2
2024-08-05 10:16:13,452.0000,2
2024-08-05 10:16:14,452.0000,2
2024-08-05 10:16:15,452.3200,1
2024-08-05 10:16:16,452.0900,1
2024-08-05 10:16:17,451.8900,1
2024-08-05 10:16:18,452.0200,1
2024-08-05 10:16:19,452.3100,1
2024-08-05 10:16:20,452.3100,1
2024-08-05 10:16:21,452.3200,1
2024-08-05 10:16:22,452.3200,1
2024-08-05 10:16:23,452.3200,1
2024-08-05 10:16:24,452.3200,1
2024-08-05 10:16:25,452.3200,1
2024-08-05 10:16:26,452.3200,1
2024-08-05 10:16:27,452.3200,1
2024-08-05 10:16:28,452.3200,1
2024-08-05 10:16:29,452.3200,1
2024-08-05 10:16:30,452.3200,1
2024-08-05 10:16:31,452.6000,1
2024-08-05 10:16:32,452.6000,1
2024-08-05 10:16:33,452.6000,1
2024-08-05 10:16:34,452.6000,1
2024-08-05 10:16:35,452.6000,1
2024-08-05 10:16:36,452.0100,10
2024-08-05 10:16:37,452.0100,10
2024-08-05 10:16:38,452.0100,10
2024-08-05 10:16:39,452.0100,10
2024-08-05 10:16:40,452.0100,10
2024-08-05 10:16:41,452.0100,10
2024-08-05 10:16:42,452.0100,10
2024-08-05 10:16:43,452.7700,2
2024-08-05 10:16:44,453.0000,1
2024-08-05 10:16:45,453.0000,1
2024-08-05 10:16:46,452.6100,1
2024-08-05 10:16:47,452.6100,1
2024-08-05 10:16:48,452.7800,2
2024-08-05 10:16:49,452.7800,2
2024-08-05 10:16:50,452.8500,1
2024-08-05 10:16:51,453.0000,1
2024-08-05 10:16:52,453.0000,1
2024-08-05 10:16:53,453.0000,1
2024-08-05 10:16:54,453.0000,1
2024-08-05 10:16:55,452.8500,1
2024-08-05 10:16:56,452.8500,1
2024-08-05 10:16:57,452.8500,1
2024-08-05 10:16:58,452.4800,1
2024-08-05 10:16:59,452.4800,1
2024-08-05 10:17:00,452.4800,1
2024-08-05 10:17:01,452.4800,1
2024-08-05 10:17:02,452.4200,1
2024-08-05 10:17:03,452.4400,1
2024-08-05 10:17:04,452.4400,1
2024-08-05 10:17:05,452.9900,8
2024-08-05 10:17:06,452.9900,8
2024-08-05 10:17:07,452.9900,8
2024-08-05 10:17:08,452.9900,8
2024-08-05 10:17:09,452.9900,8
2024-08-05 10:17:10,452.9900,8
2024-08-05 10:17:11,452.9900,8
2024-08-05 10:17:12,452.0500,10
2024-08-05 10:17:13,452.3500,7
2024-08-05 10:17:14,452.3500,7
2024-08-05 10:17:15,452.3500,7
2024-08-05 10:17:16,452.3400,1
2024-08-05 10:17:17,452.3500,1
2024-08-05 10:17:18,452.3500,1
2024-08-05 10:17:19,452.6800,1
2024-08-05 10:17:20,452.6800,1
2024-08-05 10:17:21,453.0000,1
2024-08-05 10:17:22,453.0900,2
2024-08-05 10:17:23,453.4500,3
2024-08-05 10:17:24,453.4500,3
2024-08-05 10:17:25,452.8000,2
2024-08-05 10:17:26,452.8000,2
2024-08-05 10:17:27,452.8000,2
2024-08-05 10:17:28,452.8000,2
2024-08-05 10:17:29,452.8000,2
2024-08-05 10:17:30,452.8000,2
2024-08-05 10:17:31,452.8000,2
2024-08-05 10:17:32,452.8000,2
2024-08-05 10:17:33,453.5200,1
2024-08-05 10:17:34,453.5200,1
2024-08-05 10:17:35,452.9400,1
2024-08-05 10:17:36,452.9400,1
2024-08-05 10:17:37,452.9400,1
2024-08-05 10:17:38,452.9400,1
2024-08-05 10:17:39,452.9400,1
2024-08-05 10:17:40,452.9400,1
2024-08-05 10:17:41,452.9400,1
2024-08-05 10:17:42,452.9400,1
2024-08-05 10:17:43,452.9400,1
2024-08-05 10:17:44,452.9400,1
2024-08-05 10:17:45,452.9400,1
2024-08-05 10:17:46,452.9400,1
2024-08-05 10:17:47,453.1600,1
2024-08-05 10:17:48,453.1600,1
2024-08-05 10:17:49,453.1600,1
2024-08-05 10:17:50,453.1600,1
2024-08-05 10:17:51,453.1600,1
2024-08-05 10:17:52,452.8600,1
2024-08-05 10:17:53,452.8600,1
2024-08-05 10:17:54,453.1700,1
2024-08-05 10:17:55,453.1700,1
2024-08-05 10:17:56,453.1700,1
2024-08-05 10:17:57,453.1700,1
2024-08-05 10:17:58,453.1700,1
2024-08-05 10:17:59,453.1700,1
2024-08-05 10:18:00,453.1700,1
2024-08-05 10:18:01,453.5900,1
2024-08-05 10:18:02,453.5200,2
2024-08-05 10:18:03,453.5200,2
2024-08-05 10:18:04,453.7600,1
2024-08-05 10:18:05,453.7600,1
2024-08-05 10:18:06,453.7600,1
2024-08-05 10:18:07,453.7600,1
2024-08-05 10:18:08,453.7600,1
2024-08-05 10:18:09,453.7600,1
2024-08-05 10:18:10,453.7600,1
2024-08-05 10:18:11,453.7600,1
2024-08-05 10:18:12,454.0000,1
2024-08-05 10:18:13,453.8700,1
2024-08-05 10:18:14,453.8700,1
2024-08-05 10:18:15,453.8700,1
2024-08-05 10:18:16,453.8700,1
2024-08-05 10:18:17,453.8700,1
2024-08-05 10:18:18,453.8700,1
2024-08-05 10:18:19,454.2700,1
2024-08-05 10:18:20,453.9600,1
2024-08-05 10:18:21,453.9600,1
2024-08-05 10:18:22,453.9600,1
2024-08-05 10:18:23,453.9600,1
2024-08-05 10:18:24,453.9600,1
2024-08-05 10:18:25,454.1700,1
2024-08-05 10:18:26,454.1700,1
2024-08-05 10:18:27,454.1700,1
2024-08-05 10:18:28,454.2600,1
2024-08-05 10:18:29,454.2600,1
2024-08-05 10:18:30,454.2600,1
2024-08-05 10:18:31,454.2600,1
2024-08-05 10:18:32,454.2600,1
2024-08-05 10:18:33,454.2600,1
2024-08-05 10:18:34,454.2600,1
2024-08-05 10:18:35,454.2400,1
2024-08-05 10:18:36,453.9900,1
2024-08-05 10:18:37,453.9900,1
2024-08-05 10:18:38,453.9900,1
2024-08-05 10:18:39,453.9900,1
2024-08-05 10:18:40,453.9900,1
2024-08-05 10:18:41,453.9900,1
2024-08-05 10:18:42,453.9900,1
2024-08-05 10:18:43,453.9900,1
2024-08-05 10:18:44,453.9900,1
2024-08-05 10:18:45,453.9900,1
2024-08-05 10:18:46,454.2800,1
2024-08-05 10:18:47,454.2800,1
2024-08-05 10:18:48,454.2800,1
2024-08-05 10:18:49,454.2800,1
2024-08-05 10:18:50,454.2800,1
2024-08-05 10:18:51,454.2900,1
2024-08-05 10:18:52,454.4700,1
2024-08-05 10:18:53,454.4700,1
2024-08-05 10:18:54,454.4700,1
2024-08-05 10:18:55,454.4700,1
2024-08-05 10:18:56,454.7100,1
2024-08-05 10:18:57,454.4200,1
2024-08-05 10:18:58,454.4200,1
2024-08-05 10:18:59,454.4200,1
2024-08-05 10:19:00,454.4200,1
2024-08-05 10:19:01,454.4300,1
2024-08-05 10:19:02,454.4300,1
2024-08-05 10:19:03,454.1100,1
2024-08-05 10:19:04,454.1100,1
2024-08-05 10:19:05,453.6200,1
2024-08-05 10:19:06,453.3000,1
2024-08-05 10:19:07,453.3000,1
2024-08-05 10:19:08,453.4300,1
2024-08-05 10:19:09,453.4300,1
2024-08-05 10:19:10,453.4300,1
2024-08-05 10:19:11,453.4300,1
2024-08-05 10:19:12,453.4300,1
2024-08-05 10:19:13,453.4300,1
2024-08-05 10:19:14,453.4300,1
2024-08-05 10:19:15,453.4300,1
2024-08-05 10:19:16,453.3300,1
2024-08-05 10:19:17,453.3300,1
2024-08-05 10:19:18,453.3300,1
2024-08-05 10:19:19,453.3300,1
2024-08-05 10:19:20,453.3300,1
2024-08-05 10:19:21,453.3300,1
2024-08-05 10:19:22,453.6700,1
2024-08-05 10:19:23,453.5700,1
2024-08-05 10:19:24,453.5700,1
2024-08-05 10:19:25,453.4400,1
2024-08-05 10:19:26,453.4400,1
2024-08-05 10:19:27,453.4400,1
2024-08-05 10:19:28,453.4400,1
2024-08-05 10:19:29,453.4400,1
2024-08-05 10:19:30,453.4400,1
2024-08-05 10:19:31,453.4400,1
2024-08-05 10:19:32,453.4400,1
2024-08-05 10:19:33,453.4400,1
2024-08-05 10:19:34,453.4400,1
2024-08-05 10:19:35,453.4400,1
2024-08-05 10:19:36,453.4400,1
2024-08-05 10:19:37,453.4400,1
2024-08-05 10:19:38,453.4600,1
2024-08-05 10:19:39,453.4600,1
2024-08-05 10:19:40,453.4600,1
2024-08-05 10:19:41,453.4600,1
2024-08-05 10:19:42,453.4600,1
2024-08-05 10:19:43,453.4600,1
2024-08-05 10:19:44,453.4600,1
2024-08-05 10:19:45,453.4600,1
2024-08-05 10:19:46,453.3500,4
2024-08-05 10:19:47,453.3500,4
2024-08-05 10:19:48,453.6800,1
2024-08-05 10:19:49,453.3600,1
2024-08-05 10:19:50,453.3600,1
2024-08-05 10:19:51,453.3600,1
2024-08-05 10:19:52,453.1400,1
2024-08-05 10:19:53,453.1400,1
2024-08-05 10:19:54,453.1400,1
2024-08-05 10:19:55,453.1400,1
2024-08-05 10:19:56,453.1400,1
2024-08-05 10:19:57,453.1400,1
2024-08-05 10:19:58,453.1400,1
2024-08-05 10:19:59,453.1400,1
2024-08-05 10:20:00,453.1400,1
2024-08-05 10:20:01,453.1400,1
2024-08-05 10:20:02,453.1100,1
2024-08-05 10:20:03,453.1100,1
2024-08-05 10:20:04,453.3600,1
2024-08-05 10:20:05,453.0200,1
2024-08-05 10:20:06,453.0200,1
2024-08-05 10:20:07,453.0200,1
2024-08-05 10:20:08,453.0200,1
2024-08-05 10:20:09,453.7000,1
2024-08-05 10:20:10,453.7000,1
2024-08-05 10:20:11,453.7000,1
2024-08-05 10:20:12,453.2200,1
2024-08-05 10:20:13,453.2200,1
2024-08-05 10:20:14,453.2200,1
2024-08-05 10:20:15,453.2200,1
2024-08-05 10:20:16,453.2200,1
2024-08-05 10:20:17,453.2200,1
2024-08-05 10:20:18,453.8200,1
2024-08-05 10:20:19,453.5000,1
2024-08-05 10:20:20,453.5000,1
2024-08-05 10:20:21,453.5000,1
2024-08-05 10:20:22,453.5000,1
2024-08-05 10:20:23,453.9500,1
2024-08-05 10:20:24,453.9500,1
2024-08-05 10:20:25,453.9500,1
2024-08-05 10:20:26,453.9500,1
2024-08-05 10:20:27,453.9500,1
2024-08-05 10:20:28,453.9500,1
2024-08-05 10:20:29,453.4900,1
2024-08-05 10:20:30,453.4800,1
2024-08-05 10:20:31,453.4800,1
2024-08-05 10:20:32,453.5800,1
2024-08-05 10:20:33,453.5800,1
2024-08-05 10:20:34,453.8600,1
2024-08-05 10:20:35,453.6300,1
2024-08-05 10:20:36,453.6300,1
2024-08-05 10:20:37,453.6300,1
2024-08-05 10:20:38,453.6300,1
2024-08-05 10:20:39,453.6300,1
2024-08-05 10:20:40,453.6300,1
2024-08-05 10:20:41,453.6300,1
2024-08-05 10:20:42,453.6300,1
2024-08-05 10:20:43,453.6300,1
2024-08-05 10:20:44,453.0900,1
2024-08-05 10:20:45,439.7000,2
2024-08-05 10:20:46,452.8900,1
2024-08-05 10:20:47,452.8900,1
2024-08-05 10:20:48,452.8900,1
2024-08-05 10:20:49,452.8900,1
2024-08-05 10:20:50,453.5500,1
2024-08-05 10:20:51,453.5500,1
2024-08-05 10:20:52,452.5700,1
2024-08-05 10:20:53,452.8400,1
2024-08-05 10:20:54,452.8400,1
2024-08-05 10:20:55,452.8400,1
2024-08-05 10:20:56,452.8400,1
2024-08-05 10:20:57,452.8400,1
2024-08-05 10:20:58,453.2300,1
2024-08-05 10:20:59,453.2300,1
2024-08-05 10:21:00,453.2300,1
2024-08-05 10:21:01,453.2300,1
2024-08-05 10:21:02,453.2300,1
2024-08-05 10:21:03,444.5100,1
2024-08-05 10:21:04,452.9900,1
2024-08-05 10:21:05,443.0300,1
2024-08-05 10:21:06,444.2700,2
2024-08-05 10:21:07,444.2700,2
2024-08-05 10:21:08,444.2700,2
2024-08-05 10:21:09,444.2700,2
2024-08-05 10:21:10,453.6900,1
2024-08-05 10:21:11,453.6900,1
2024-08-05 10:21:12,454.1200,1
2024-08-05 10:21:13,454.1200,1
2024-08-05 10:21:14,454.1200,1
2024-08-05 10:21:15,454.1200,1
2024-08-05 10:21:16,454.1200,1
2024-08-05 10:21:17,454.1200,1
2024-08-05 10:21:18,454.1200,1
2024-08-05 10:21:19,454.1200,1
2024-08-05 10:21:20,454.1200,1
2024-08-05 10:21:21,454.1200,1
2024-08-05 10:21:22,453.7100,1
2024-08-05 10:21:23,453.7100,1
2024-08-05 10:21:24,454.0000,1
2024-08-05 10:21:25,454.0000,1
2024-08-05 10:21:26,453.9700,2
2024-08-05 10:21:27,453.7000,1
2024-08-05 10:21:28,453.6400,1
2024-08-05 10:21:29,453.6400,1
2024-08-05 10:21:30,453.6400,1
2024-08-05 10:21:31,453.6400,1
2024-08-05 10:21:32,453.6400,1
2024-08-05 10:21:33,453.1700,1
2024-08-05 10:21:34,453.1700,1
2024-08-05 10:21:35,453.0600,1
2024-08-05 10:21:36,453.0600,1
2024-08-05 10:21:37,453.5300,1
2024-08-05 10:21:38,453.5300,1
2024-08-05 10:21:39,453.5300,1
2024-08-05 10:21:40,444.0800,1
2024-08-05 10:21:41,453.2600,1
2024-08-05 10:21:42,453.2600,1
2024-08-05 10:21:43,453.2600,1
2024-08-05 10:21:44,453.2600,1
2024-08-05 10:21:45,453.2600,1
2024-08-05 10:21:46,453.2600,1
2024-08-05 10:21:47,453.2600,1
2024-08-05 10:21:48,453.2600,1
2024-08-05 10:21:49,453.2600,1
2024-08-05 10:21:50,453.2600,1
2024-08-05 10:21:51,453.2600,1
2024-08-05 10:21:52,453.2600,1
2024-08-05 10:21:53,453.5300,1
2024-08-05 10:21:54,453.5300,1
2024-08-05 10:21:55,453.5300,1
2024-08-05 10:21:56,453.5300,1
2024-08-05 10:21:57,453.5300,1
2024-08-05 10:21:58,453.5300,1
2024-08-05 10:21:59,453.5300,1
2024-08-05 10:22:00,453.5300,1
2024-08-05 10:22:01,453.5300,13
2024-08-05 10:22:02,453.1700,1
2024-08-05 10:22:03,452.9900,2
2024-08-05 10:22:04,452.9900,2
2024-08-05 10:22:05,452.9900,2
2024-08-05 10:22:06,453.5300,1
2024-08-05 10:22:07,453.5300,1
2024-08-05 10:22:08,453.5300,1
2024-08-05 10:22:09,453.5300,1
2024-08-05 10:22:10,453.6600,1
2024-08-05 10:22:11,453.8100,2
2024-08-05 10:22:12,453.4600,1
2024-08-05 10:22:13,453.4600,1
2024-08-05 10:22:14,453.4600,1
2024-08-05 10:22:15,454.0000,1
2024-08-05 10:22:16,454.0000,1
2024-08-05 10:22:17,454.0000,1
2024-08-05 10:22:18,454.0000,1
2024-08-05 10:22:19,454.0900,1
2024-08-05 10:22:20,454.0900,1
2024-08-05 10:22:21,454.0900,1
2024-08-05 10:22:22,454.0900,1
2024-08-05 10:22:23,454.0900,1
2024-08-05 10:22:24,454.0900,1
2024-08-05 10:22:25,453.7400,1
2024-08-05 10:22:26,453.4200,1
2024-08-05 10:22:27,453.4200,1
2024-08-05 10:22:28,450.3800,1
2024-08-05 10:22:29,450.3800,1
2024-08-05 10:22:30,453.0500,1
2024-08-05 10:22:31,453.2700,1
2024-08-05 10:22:32,453.1100,1
2024-08-05 10:22:33,453.4400,1
2024-08-05 10:22:34,453.4400,1
2024-08-05 10:22:35,453.4400,1
2024-08-05 10:22:36,453.4400,1
2024-08-05 10:22:37,453.4400,1
2024-08-05 10:22:38,453.4400,1
2024-08-05 10:22:39,453.4400,1
2024-08-05 10:22:40,453.5200,1
2024-08-05 10:22:41,453.5400,1
2024-08-05 10:22:42,453.5400,1
2024-08-05 10:22:43,453.5400,1
2024-08-05 10:22:44,453.5400,1
2024-08-05 10:22:45,453.5400,1
2024-08-05 10:22:46,453.1800,1
2024-08-05 10:22:47,453.1800,1
2024-08-05 10:22:48,453.1800,1
2024-08-05 10:22:49,453.6200,1
2024-08-05 10:22:50,453.6200,1
2024-08-05 10:22:51,453.7400,1
2024-08-05 10:22:52,453.7400,1
2024-08-05 10:22:53,453.9000,1
2024-08-05 10:22:54,453.9000,1
2024-08-05 10:22:55,453.9000,1
2024-08-05 10:22:56,453.9300,1
2024-08-05 10:22:57,453.9300,1
2024-08-05 10:22:58,453.9300,1
2024-08-05 10:22:59,453.9300,1
2024-08-05 10:23:00,453.9300,1
2024-08-05 10:23:01,453.9300,1
