wall_time,sim_time,symbol,event,side,price,lots,detail
18:12:22,2018-08-16 09:47:42,CS1,EXTREME_ASK,SELL,178.08,3,ask empty batch1 tier — ref_bid=128.08 pos=+0L
18:12:22,2018-08-16 09:47:42,CS1,EXTREME_ASK,SELL,400.0,3,ask empty batch1 fixed — pos=+0L
18:12:22,2018-08-16 09:47:42,CS1,EXTREME_ASK,SELL,500.0,3,ask empty batch1 fixed — pos=+0L
18:12:22,2018-08-16 09:47:42,CS1,EXTREME_ASK,SELL,600.0,3,ask empty batch1 fixed — pos=+0L
18:12:22,2018-08-16 09:47:42,CS1,MM_SUSPENDED,,,,warming up
18:12:22,2018-08-16 09:47:42,CS2,ARB_DETECT,,204.67/203.63,49,agg_bid=269L agg_ask=279L submitting=49L
18:12:22,2018-08-16 09:47:42,CS2,ARB_SUBMIT,BOTH,,49,buy_id=b713adee sell_id=06c4b795
18:12:22,2018-08-16 09:47:42,CS2,MM_SUSPENDED,,,,warming up
18:12:23,2018-08-16 09:47:43,CS2,ARB_DETECT,,204.67/203.64,49,agg_bid=269L agg_ask=288L submitting=49L
18:12:23,2018-08-16 09:47:43,CS2,ARB_SUBMIT,BOTH,,49,buy_id=95416a69 sell_id=4c38f313
18:12:24,2018-08-16 09:47:43,CS2,ARB_DETECT,,203.97/203.64,49,agg_bid=227L agg_ask=93L submitting=49L
18:12:24,2018-08-16 09:47:43,CS2,ARB_SUBMIT,BOTH,,49,buy_id=4069edbb sell_id=ca632f64
18:12:24,2018-08-16 09:47:43,CS2,ARB_DETECT,,203.97/203.64,49,agg_bid=227L agg_ask=93L submitting=49L
18:12:24,2018-08-16 09:47:43,CS2,ARB_SUBMIT,BOTH,,49,buy_id=178e3943 sell_id=eca51607
18:12:24,2018-08-16 09:47:44,CS1,MM_SUSPENDED,,,,warming up
18:12:24,2018-08-16 09:47:44,CS2,MM_SUSPENDED,,,,warming up
18:12:25,2018-08-16 09:47:44,CS2,ARB_DETECT,,203.97/203.64,49,agg_bid=227L agg_ask=73L submitting=49L
18:12:25,2018-08-16 09:47:44,CS2,ARB_SUBMIT,BOTH,,49,buy_id=c4cf50b6 sell_id=8d41a2c6
18:12:26,2018-08-16 09:47:45,CS1,MM_SUSPENDED,,,,warming up
18:12:26,2018-08-16 09:47:45,CS2,MM_SUSPENDED,,,,warming up
18:12:27,2018-08-16 09:47:46,CS2,ARB_DETECT,,204.91/204.69,48,agg_bid=268L agg_ask=80L submitting=48L
18:12:27,2018-08-16 09:47:46,CS2,ARB_SUBMIT,BOTH,,48,buy_id=e924a02d sell_id=29943c55
18:12:27,2018-08-16 09:47:47,CS2,ARB_DETECT,,204.91/204.69,48,agg_bid=247L agg_ask=268L submitting=48L
18:12:27,2018-08-16 09:47:47,CS2,ARB_SUBMIT,BOTH,,48,buy_id=e7cd46fc sell_id=48143f57
18:12:28,2018-08-16 09:47:48,CS1,MM_SUSPENDED,,,,warming up
18:12:28,2018-08-16 09:47:48,CS2,MM_SUSPENDED,,,,warming up
18:12:31,2018-08-16 09:47:51,CS1,MM_SUSPENDED,,,,warming up
18:12:31,2018-08-16 09:47:51,CS2,MM_SUSPENDED,,,,warming up
18:12:33,2018-08-16 09:47:53,CS1,MM_SUSPENDED,,,,warming up
18:12:33,2018-08-16 09:47:53,CS2,MM_SUSPENDED,,,,warming up
18:12:35,2018-08-16 09:47:54,CS1,MM_SUSPENDED,,,,warming up
18:12:35,2018-08-16 09:47:54,CS2,MM_SUSPENDED,,,,warming up
18:12:37,2018-08-16 09:47:57,CS1,MM_SUSPENDED,,,,warming up
18:12:37,2018-08-16 09:47:57,CS2,MM_SUSPENDED,,,,warming up
18:12:39,2018-08-16 09:47:59,CS1,MM_SUSPENDED,,,,warming up
18:12:39,2018-08-16 09:47:59,CS2,MM_SUSPENDED,,,,warming up
18:12:41,2018-08-16 09:48:01,CS1,MM_SUSPENDED,,,,warming up
18:12:41,2018-08-16 09:48:01,CS2,MM_SUSPENDED,,,,warming up
18:12:43,2018-08-16 09:48:03,CS1,MM_SUSPENDED,,,,warming up
18:12:43,2018-08-16 09:48:03,CS2,MM_SUSPENDED,,,,warming up
18:12:44,2018-08-16 09:48:04,CS2,ARB_DETECT,,203.37/201.26,1,agg_bid=19L agg_ask=1L submitting=1L
18:12:44,2018-08-16 09:48:04,CS2,ARB_SUBMIT,BOTH,,1,buy_id=7ac2144d sell_id=68099bc5
18:12:45,2018-08-16 09:48:05,CS1,MM_SUSPENDED,,,,warming up
18:12:45,2018-08-16 09:48:05,CS2,ARB_FILLED,BUY,204.95,1,fully filled
18:12:45,2018-08-16 09:48:05,CS2,ARB_FILLED,SELL,203.37,1,fully filled
18:12:45,2018-08-16 09:48:05,CS2,MM_SUSPENDED,,,,warming up
18:12:47,2018-08-16 09:48:05,CS1,MM_SUSPENDED,,,,warming up
18:12:47,2018-08-16 09:48:05,CS2,MM_SUSPENDED,,,,warming up
18:12:47,2018-08-16 09:48:07,CS2,ARB_DETECT,,203.83/200.95,49,agg_bid=269L agg_ask=267L submitting=49L
18:12:47,2018-08-16 09:48:07,CS2,ARB_SUBMIT,BOTH,,49,buy_id=b0dd0c29 sell_id=fcae7ac4
18:12:48,2018-08-16 09:48:08,CS2,ARB_DETECT,,203.83/200.95,49,agg_bid=248L agg_ask=224L submitting=49L
18:12:48,2018-08-16 09:48:08,CS2,ARB_SUBMIT,BOTH,,49,buy_id=1e42fad0 sell_id=c773d458
18:12:49,2018-08-16 09:48:08,CS2,ARB_DETECT,,203.83/200.95,49,agg_bid=248L agg_ask=224L submitting=49L
18:12:49,2018-08-16 09:48:08,CS2,ARB_SUBMIT,BOTH,,49,buy_id=ec6c4f1a sell_id=be40b377
18:12:49,2018-08-16 09:48:08,CS1,MM_SUSPENDED,,,,warming up
18:12:49,2018-08-16 09:48:08,CS2,MM_SUSPENDED,,,,warming up
18:12:51,2018-08-16 09:48:11,CS1,MM_SUSPENDED,,,,warming up
18:12:51,2018-08-16 09:48:11,CS2,MM_SUSPENDED,,,,warming up
18:12:53,2018-08-16 09:48:13,CS1,MM_SUSPENDED,,,,warming up
18:12:53,2018-08-16 09:48:13,CS2,MM_SUSPENDED,,,,warming up
18:12:55,2018-08-16 09:48:15,CS1,MM_SUSPENDED,,,,warming up
18:12:55,2018-08-16 09:48:15,CS2,MM_SUSPENDED,,,,warming up
18:12:57,2018-08-16 09:48:17,CS1,MM_SUSPENDED,,,,warming up
18:12:57,2018-08-16 09:48:17,CS2,ARB_DETECT,,201.27/201.14,20,agg_bid=269L agg_ask=20L submitting=20L
18:12:57,2018-08-16 09:48:17,CS2,ARB_SUBMIT,BOTH,,20,buy_id=89147262 sell_id=6c646aa7
18:12:57,2018-08-16 09:48:17,CS2,MM_SUSPENDED,,,,warming up
18:12:58,2018-08-16 09:48:18,CS2,ARB_FILLED,BUY,201.16,20,fully filled
18:12:58,2018-08-16 09:48:18,CS2,ARB_DETECT,,201.27/198.92,50,agg_bid=269L agg_ask=267L submitting=50L
18:12:58,2018-08-16 09:48:18,CS2,ARB_SUBMIT,BOTH,,50,buy_id=eb6a5f10 sell_id=b2c5b787
18:12:59,2018-08-16 09:48:19,CS2,ARB_DETECT,,201.27/198.92,50,agg_bid=268L agg_ask=246L submitting=50L
18:12:59,2018-08-16 09:48:19,CS2,ARB_SUBMIT,BOTH,,50,buy_id=a0e21162 sell_id=b0c2d898
18:12:59,2018-08-16 09:48:19,CS1,MM_SUSPENDED,,,,warming up
18:12:59,2018-08-16 09:48:19,CS2,MM_SUSPENDED,,,,warming up
18:13:00,2018-08-16 09:48:19,CS2,ARB_DETECT,,201.27/198.92,50,agg_bid=268L agg_ask=246L submitting=50L
18:13:00,2018-08-16 09:48:19,CS2,ARB_SUBMIT,BOTH,,50,buy_id=d59171d2 sell_id=7b1506fd
18:13:00,2018-08-16 09:48:20,CS2,ARB_DETECT,,201.27/198.93,50,agg_bid=268L agg_ask=246L submitting=50L
18:13:00,2018-08-16 09:48:20,CS2,ARB_SUBMIT,BOTH,,50,buy_id=337856c7 sell_id=728894ff
18:13:01,2018-08-16 09:48:21,CS2,ARB_DETECT,,201.27/198.93,50,agg_bid=268L agg_ask=150L submitting=50L
18:13:01,2018-08-16 09:48:21,CS2,ARB_SUBMIT,BOTH,,50,buy_id=08aabb9c sell_id=b29ed67e
18:13:01,2018-08-16 09:48:21,CS1,MM_SUSPENDED,,,,warming up
18:13:01,2018-08-16 09:48:21,CS2,MM_SUSPENDED,,,,warming up
18:13:02,2018-08-16 09:48:21,CS2,ARB_DETECT,,201.27/198.93,50,agg_bid=267L agg_ask=130L submitting=50L
18:13:02,2018-08-16 09:48:21,CS2,ARB_SUBMIT,BOTH,,50,buy_id=e8c67479 sell_id=2fc11e97
18:13:02,2018-08-16 09:48:22,CS2,ARB_DETECT,,202.08/198.94,50,agg_bid=269L agg_ask=93L submitting=50L
18:13:02,2018-08-16 09:48:22,CS2,ARB_SUBMIT,BOTH,,50,buy_id=ad8f1a99 sell_id=ccfd4434
18:13:03,2018-08-16 09:48:22,CS2,ARB_DETECT,,202.08/198.94,50,agg_bid=269L agg_ask=92L submitting=50L
18:13:03,2018-08-16 09:48:22,CS2,ARB_SUBMIT,BOTH,,50,buy_id=c8ed02fd sell_id=265315c6
18:13:03,2018-08-16 09:48:23,CS1,MM_SUSPENDED,,,,warming up
18:13:03,2018-08-16 09:48:23,CS2,ARB_DETECT,,202.08/198.95,50,agg_bid=269L agg_ask=55L submitting=50L
18:13:03,2018-08-16 09:48:23,CS2,ARB_SUBMIT,BOTH,,50,buy_id=a31d2a8a sell_id=d6e9d035
18:13:03,2018-08-16 09:48:23,CS2,MM_SUSPENDED,,,,warming up
18:13:04,2018-08-16 09:48:24,CS2,ARB_DETECT,,202.08/198.96,39,agg_bid=269L agg_ask=39L submitting=39L
18:13:04,2018-08-16 09:48:24,CS2,ARB_SUBMIT,BOTH,,39,buy_id=ec1026fb sell_id=27816fb5
18:13:05,2018-08-16 09:48:24,CS2,ARB_DETECT,,202.08/198.4,20,agg_bid=269L agg_ask=20L submitting=20L
18:13:05,2018-08-16 09:48:24,CS2,ARB_SUBMIT,BOTH,,20,buy_id=accef789 sell_id=3b1b90db
18:13:05,2018-08-16 09:48:25,CS2,ARB_FILLED,SELL,202.08,20,fully filled
18:13:05,2018-08-16 09:48:25,CS2,ARB_DETECT,,202.08/198.96,17,agg_bid=249L agg_ask=17L submitting=17L
18:13:05,2018-08-16 09:48:25,CS2,ARB_SUBMIT,BOTH,,17,buy_id=0baa4686 sell_id=e120b4e9
18:13:05,2018-08-16 09:48:26,CS1,MM_SUSPENDED,,,,warming up
18:13:05,2018-08-16 09:48:26,CS2,MM_SUSPENDED,,,,warming up
18:13:06,2018-08-16 09:48:26,CS1,ARB_DETECT,,117.55/116.55,1,agg_bid=18L agg_ask=1L submitting=1L
18:13:06,2018-08-16 09:48:26,CS1,ARB_SUBMIT,BOTH,,1,buy_id=f3060590 sell_id=de32b917
18:13:06,2018-08-16 09:48:26,CS2,ARB_FILLED,BUY,199.7688,17,fully filled
18:13:06,2018-08-16 09:48:26,CS2,ARB_DETECT,,202.08/199.79,50,agg_bid=249L agg_ask=238L submitting=50L
18:13:06,2018-08-16 09:48:26,CS2,ARB_SUBMIT,BOTH,,50,buy_id=f9bb0fdb sell_id=0371103b
18:13:06,2018-08-16 09:48:26,CS1,ARB_FILLED,BUY,116.05,1,fully filled
18:13:06,2018-08-16 09:48:26,CS2,ARB_DETECT,,202.08/200.55,49,agg_bid=248L agg_ask=249L submitting=49L
18:13:06,2018-08-16 09:48:26,CS2,ARB_SUBMIT,BOTH,,49,buy_id=6fca6c90 sell_id=facf2f6b
18:13:07,2018-08-16 09:48:26,CS2,ARB_DETECT,,202.08/200.55,49,agg_bid=248L agg_ask=249L submitting=49L
18:13:07,2018-08-16 09:48:26,CS2,ARB_SUBMIT,BOTH,,49,buy_id=97db81e3 sell_id=16ca7f79
18:13:07,2018-08-16 09:48:26,CS1,MM_SUSPENDED,,,,warming up
18:13:07,2018-08-16 09:48:26,CS2,MM_SUSPENDED,,,,warming up
18:13:08,2018-08-16 09:48:26,CS2,ARB_DETECT,,202.08/200.55,49,agg_bid=285L agg_ask=249L submitting=49L
18:13:08,2018-08-16 09:48:26,CS2,ARB_SUBMIT,BOTH,,49,buy_id=bad22d2d sell_id=27778e5e
18:13:08,2018-08-16 09:48:26,CS2,ARB_DETECT,,202.08/201.3,49,agg_bid=92L agg_ask=165L submitting=49L
18:13:08,2018-08-16 09:48:26,CS2,ARB_SUBMIT,BOTH,,49,buy_id=9d598e66 sell_id=598f60e0
18:13:09,2018-08-16 09:48:28,CS2,ARB_DETECT,,202.08/201.3,49,agg_bid=59L agg_ask=89L submitting=49L
18:13:09,2018-08-16 09:48:28,CS2,ARB_SUBMIT,BOTH,,49,buy_id=52373e26 sell_id=55f2fc11
18:13:09,2018-08-16 09:48:28,CS1,ARB_DETECT,,118.55/117.55,19,agg_bid=20L agg_ask=19L submitting=19L
18:13:09,2018-08-16 09:48:28,CS1,ARB_SUBMIT,BOTH,,19,buy_id=0dd0e2c7 sell_id=203cfced
18:13:09,2018-08-16 09:48:28,CS1,MM_SUSPENDED,,,,warming up
18:13:09,2018-08-16 09:48:28,CS2,MM_SUSPENDED,,,,warming up
18:13:10,2018-08-16 09:48:28,CS1,ARB_DETECT,,118.55/117.55,19,agg_bid=20L agg_ask=19L submitting=19L
18:13:10,2018-08-16 09:48:28,CS1,ARB_SUBMIT,BOTH,,19,buy_id=7033e770 sell_id=ec9b0196
18:13:11,2018-08-16 09:48:30,CS2,ARB_DETECT,,202.93/199.23,50,agg_bid=58L agg_ask=248L submitting=50L
18:13:11,2018-08-16 09:48:30,CS2,ARB_SUBMIT,BOTH,,50,buy_id=517a995c sell_id=8854b3db
18:13:11,2018-08-16 09:48:31,CS1,ARB_DETECT,,118.55/117.05,19,agg_bid=20L agg_ask=19L submitting=19L
18:13:11,2018-08-16 09:48:31,CS1,ARB_SUBMIT,BOTH,,19,buy_id=116ff684 sell_id=9928e30c
18:13:11,2018-08-16 09:48:31,CS2,ARB_DETECT,,202.93/202.9,42,agg_bid=42L agg_ask=175L submitting=42L
18:13:11,2018-08-16 09:48:31,CS2,ARB_SUBMIT,BOTH,,42,buy_id=da99b917 sell_id=c8f83097
18:13:12,2018-08-16 09:48:31,CS1,MM_SUSPENDED,,,,warming up
18:13:12,2018-08-16 09:48:31,CS2,MM_SUSPENDED,,,,warming up
18:13:12,2018-08-16 09:48:32,CS2,ARB_DETECT,,202.94/202.9,49,agg_bid=50L agg_ask=195L submitting=49L
18:13:12,2018-08-16 09:48:32,CS2,ARB_SUBMIT,BOTH,,49,buy_id=84d5e786 sell_id=dc1daa1d
18:13:13,2018-08-16 09:48:32,CS2,ARB_DETECT,,202.93/202.9,45,agg_bid=45L agg_ask=151L submitting=45L
18:13:13,2018-08-16 09:48:32,CS2,ARB_SUBMIT,BOTH,,45,buy_id=a2e191cd sell_id=adb670c6
18:13:13,2018-08-16 09:48:33,CS2,ARB_DETECT,,202.93/202.91,34,agg_bid=34L agg_ask=110L submitting=34L
18:13:13,2018-08-16 09:48:33,CS2,ARB_SUBMIT,BOTH,,34,buy_id=c9a4e2e1 sell_id=4cf349fc
18:13:14,2018-08-16 09:48:33,CS1,MM_SUSPENDED,,,,warming up
18:13:14,2018-08-16 09:48:33,CS2,ARB_DETECT,,202.93/202.91,34,agg_bid=34L agg_ask=109L submitting=34L
18:13:14,2018-08-16 09:48:33,CS2,ARB_SUBMIT,BOTH,,34,buy_id=17e1b0c0 sell_id=f39db174
18:13:14,2018-08-16 09:48:33,CS2,MM_SUSPENDED,,,,warming up
18:13:14,2018-08-16 09:48:34,CS2,ARB_DETECT,,202.92/202.91,14,agg_bid=14L agg_ask=56L submitting=14L
18:13:15,2018-08-16 09:48:34,CS2,ARB_SUBMIT,BOTH,,14,buy_id=9ff518a1 sell_id=f4afc51f
18:13:15,2018-08-16 09:48:35,CS2,ARB_FILLED,SELL,202.92,14,fully filled
18:13:15,2018-08-16 09:48:35,CS2,ARB_DETECT,,202.91/200.09,31,agg_bid=31L agg_ask=248L submitting=31L
18:13:15,2018-08-16 09:48:35,CS2,ARB_SUBMIT,BOTH,,31,buy_id=6c60f4ce sell_id=2df8761b
18:13:16,2018-08-16 09:48:35,CS1,MM_SUSPENDED,,,,warming up
18:13:16,2018-08-16 09:48:35,CS2,ARB_DETECT,,202.91/200.09,31,agg_bid=31L agg_ask=248L submitting=31L
18:13:16,2018-08-16 09:48:35,CS2,ARB_SUBMIT,BOTH,,31,buy_id=9367b580 sell_id=c895527c
18:13:16,2018-08-16 09:48:36,CS2,MM_SUSPENDED,,,,warming up
18:13:16,2018-08-16 09:48:36,CS2,ARB_DETECT,,202.91/200.09,30,agg_bid=30L agg_ask=247L submitting=30L
18:13:16,2018-08-16 09:48:36,CS2,ARB_SUBMIT,BOTH,,30,buy_id=cf5515e7 sell_id=45b430c7
18:13:17,2018-08-16 09:48:36,CS2,ARB_DETECT,,202.91/200.09,30,agg_bid=30L agg_ask=247L submitting=30L
18:13:17,2018-08-16 09:48:36,CS2,ARB_SUBMIT,BOTH,,30,buy_id=62709e10 sell_id=8352e592
18:13:18,2018-08-16 09:48:37,CS2,ARB_DETECT,,202.91/200.09,29,agg_bid=29L agg_ask=206L submitting=29L
18:13:18,2018-08-16 09:48:37,CS2,ARB_SUBMIT,BOTH,,29,buy_id=88127775 sell_id=652aa127
18:13:18,2018-08-16 09:48:37,CS1,MM_SUSPENDED,,,,warming up
18:13:18,2018-08-16 09:48:37,CS2,MM_SUSPENDED,,,,warming up
18:13:19,2018-08-16 09:48:39,CS2,ARB_DETECT,,200.08/199.11,20,agg_bid=20L agg_ask=229L submitting=20L
18:13:19,2018-08-16 09:48:39,CS2,ARB_SUBMIT,BOTH,,20,buy_id=48da3b6b sell_id=9efc3fe9
18:13:20,2018-08-16 09:48:40,CS1,MM_SUSPENDED,,,,warming up
18:13:20,2018-08-16 09:48:40,CS2,ARB_FILLED,BUY,199.11,20,fully filled
18:13:20,2018-08-16 09:48:40,CS2,ARB_DETECT,,200.08/197.78,20,agg_bid=20L agg_ask=229L submitting=20L
18:13:20,2018-08-16 09:48:40,CS2,ARB_SUBMIT,BOTH,,20,buy_id=9b131098 sell_id=21962d5a
18:13:20,2018-08-16 09:48:40,CS2,MM_SUSPENDED,,,,warming up
18:13:21,2018-08-16 09:48:41,CS2,ARB_PARTIAL,SELL,200.0589,19,partially filled — leaving open
18:13:21,2018-08-16 09:48:41,CS2,ARB_DETECT,,199.1/197.78,50,agg_bid=268L agg_ask=209L submitting=50L
18:13:21,2018-08-16 09:48:41,CS2,ARB_SUBMIT,BOTH,,50,buy_id=405faca8 sell_id=664adb7d
18:13:21,2018-08-16 09:48:41,CS2,ARB_FILLED,SELL,200.011,20,fully filled
18:13:21,2018-08-16 09:48:41,CS2,ARB_DETECT,,199.1/197.79,50,agg_bid=267L agg_ask=114L submitting=50L
18:13:21,2018-08-16 09:48:41,CS2,ARB_SUBMIT,BOTH,,50,buy_id=7146097e sell_id=4e8e50b9
18:13:22,2018-08-16 09:48:41,CS1,MM_SUSPENDED,,,,warming up
18:13:22,2018-08-16 09:48:42,CS2,MM_SUSPENDED,,,,warming up
18:13:23,2018-08-16 09:48:42,CS2,ARB_DETECT,,202.3/200.98,49,agg_bid=269L agg_ask=247L submitting=49L
18:13:23,2018-08-16 09:48:42,CS2,ARB_SUBMIT,BOTH,,49,buy_id=e67f6243 sell_id=61da98d7
18:13:23,2018-08-16 09:48:43,CS2,ARB_DETECT,,202.3/200.98,49,agg_bid=269L agg_ask=207L submitting=49L
18:13:23,2018-08-16 09:48:43,CS2,ARB_SUBMIT,BOTH,,49,buy_id=bde9629b sell_id=974d0d61
18:13:24,2018-08-16 09:48:43,CS2,ARB_DETECT,,202.3/200.98,49,agg_bid=267L agg_ask=207L submitting=49L
18:13:24,2018-08-16 09:48:43,CS2,ARB_SUBMIT,BOTH,,49,buy_id=076cff13 sell_id=71a38b8b
18:13:24,2018-08-16 09:48:43,CS1,MM_SUSPENDED,,,,warming up
18:13:24,2018-08-16 09:48:44,CS2,MM_SUSPENDED,,,,warming up
18:13:24,2018-08-16 09:48:44,CS2,ARB_DETECT,,202.3/200.99,49,agg_bid=247L agg_ask=167L submitting=49L
18:13:24,2018-08-16 09:48:44,CS2,ARB_SUBMIT,BOTH,,49,buy_id=2ee7b12e sell_id=a243e990
18:13:25,2018-08-16 09:48:44,CS2,ARB_DETECT,,202.3/200.99,49,agg_bid=247L agg_ask=167L submitting=49L
18:13:25,2018-08-16 09:48:44,CS2,ARB_SUBMIT,BOTH,,49,buy_id=c9cdd51f sell_id=fe7ac098
18:13:26,2018-08-16 09:48:46,CS2,ARB_DETECT,,202.3/200.99,49,agg_bid=227L agg_ask=164L submitting=49L
18:13:26,2018-08-16 09:48:46,CS2,ARB_SUBMIT,BOTH,,49,buy_id=fb2e5a48 sell_id=bb86baeb
18:13:26,2018-08-16 09:48:46,CS1,MM_SUSPENDED,,,,warming up
18:13:26,2018-08-16 09:48:46,CS2,ARB_DETECT,,202.3/201.0,49,agg_bid=227L agg_ask=132L submitting=49L
18:13:26,2018-08-16 09:48:46,CS2,ARB_SUBMIT,BOTH,,49,buy_id=d5da4c37 sell_id=dc853f33
18:13:26,2018-08-16 09:48:46,CS2,MM_SUSPENDED,,,,warming up
18:13:27,2018-08-16 09:48:46,CS2,ARB_DETECT,,202.3/201.0,49,agg_bid=226L agg_ask=131L submitting=49L
18:13:27,2018-08-16 09:48:46,CS2,ARB_SUBMIT,BOTH,,49,buy_id=46442739 sell_id=044a824c
18:13:27,2018-08-16 09:48:48,CS2,ARB_DETECT,,202.3/201.0,49,agg_bid=206L agg_ask=109L submitting=49L
18:13:27,2018-08-16 09:48:48,CS2,ARB_SUBMIT,BOTH,,49,buy_id=edf698bc sell_id=be67919c
18:13:28,2018-08-16 09:48:48,CS1,MM_SUSPENDED,,,,warming up
18:13:28,2018-08-16 09:48:48,CS2,ARB_DETECT,,202.3/201.0,49,agg_bid=206L agg_ask=108L submitting=49L
18:13:28,2018-08-16 09:48:48,CS2,ARB_SUBMIT,BOTH,,49,buy_id=050c6441 sell_id=92e0f1ab
18:13:28,2018-08-16 09:48:48,CS2,MM_SUSPENDED,,,,warming up
18:13:29,2018-08-16 09:48:48,CS2,ARB_DETECT,,202.3/201.01,49,agg_bid=206L agg_ask=71L submitting=49L
18:13:29,2018-08-16 09:48:48,CS2,ARB_SUBMIT,BOTH,,49,buy_id=f8cec790 sell_id=d08f1dcc
18:13:29,2018-08-16 09:48:49,CS2,ARB_DETECT,,202.29/201.01,49,agg_bid=190L agg_ask=69L submitting=49L
18:13:29,2018-08-16 09:48:49,CS2,ARB_SUBMIT,BOTH,,49,buy_id=72a4d965 sell_id=e7ce20ff
18:13:30,2018-08-16 09:48:49,CS2,ARB_DETECT,,202.29/201.01,49,agg_bid=189L agg_ask=69L submitting=49L
18:13:30,2018-08-16 09:48:49,CS2,ARB_SUBMIT,BOTH,,49,buy_id=3f258fce sell_id=1966b9f4
18:13:30,2018-08-16 09:48:50,CS1,MM_SUSPENDED,,,,warming up
18:13:30,2018-08-16 09:48:50,CS2,MM_SUSPENDED,,,,warming up
18:13:31,2018-08-16 09:48:50,CS2,ARB_DETECT,,202.29/201.02,32,agg_bid=189L agg_ask=32L submitting=32L
18:13:31,2018-08-16 09:48:50,CS2,ARB_SUBMIT,BOTH,,32,buy_id=c55229c2 sell_id=b0ff774a
18:13:31,2018-08-16 09:48:51,CS2,ARB_DETECT,,202.29/202.08,20,agg_bid=185L agg_ask=20L submitting=20L
18:13:31,2018-08-16 09:48:51,CS2,ARB_SUBMIT,BOTH,,20,buy_id=e5875352 sell_id=04d97c5b
18:13:32,2018-08-16 09:48:52,CS2,ARB_FILLED,BUY,203.16,20,fully filled
18:13:32,2018-08-16 09:48:52,CS1,MM_SUSPENDED,,,,warming up
18:13:32,2018-08-16 09:48:53,CS2,MM_SUSPENDED,,,,warming up
18:13:34,2018-08-16 09:48:54,CS1,MM_SUSPENDED,,,,warming up
18:13:34,2018-08-16 09:48:54,CS2,MM_SUSPENDED,,,,warming up
18:13:36,2018-08-16 09:48:56,CS1,MM_SUSPENDED,,,,warming up
18:13:37,2018-08-16 09:48:56,CS2,MM_SUSPENDED,,,,warming up
18:13:38,2018-08-16 09:48:58,CS1,MM_SUSPENDED,,,,warming up
18:13:39,2018-08-16 09:48:58,CS2,MM_SUSPENDED,,,,warming up
18:13:40,2018-08-16 09:49:01,CS1,MM_SUSPENDED,,,,warming up
18:13:41,2018-08-16 09:49:01,CS2,MM_SUSPENDED,,,,warming up
18:13:42,2018-08-16 09:49:03,CS1,MM_SUSPENDED,,,,warming up
18:13:43,2018-08-16 09:49:03,CS2,MM_SUSPENDED,,,,warming up
18:13:45,2018-08-16 09:49:05,CS1,MM_SUSPENDED,,,,warming up
18:13:45,2018-08-16 09:49:05,CS2,MM_SUSPENDED,,,,warming up
18:13:46,2018-08-16 09:49:06,CS2,ARB_DETECT,,204.29/203.54,49,agg_bid=269L agg_ask=262L submitting=49L
18:13:46,2018-08-16 09:49:06,CS2,ARB_SUBMIT,BOTH,,49,buy_id=673998cf sell_id=19cfb665
18:13:47,2018-08-16 09:49:07,CS1,MM_SUSPENDED,,,,warming up
18:13:47,2018-08-16 09:49:07,CS2,ARB_DETECT,,204.29/203.54,49,agg_bid=268L agg_ask=221L submitting=49L
18:13:47,2018-08-16 09:49:07,CS2,ARB_SUBMIT,BOTH,,49,buy_id=69cd7d8a sell_id=b14fe75a
18:13:47,2018-08-16 09:49:07,CS2,MM_SUSPENDED,,,,warming up
18:13:47,2018-08-16 09:49:07,CS2,ARB_DETECT,,204.29/203.54,49,agg_bid=268L agg_ask=221L submitting=49L
18:13:47,2018-08-16 09:49:07,CS2,ARB_SUBMIT,BOTH,,49,buy_id=1f60539b sell_id=bcbd865e
18:13:48,2018-08-16 09:49:08,CS2,ARB_DETECT,,204.29/203.54,49,agg_bid=267L agg_ask=200L submitting=49L
18:13:48,2018-08-16 09:49:08,CS2,ARB_SUBMIT,BOTH,,49,buy_id=a1c59f3a sell_id=06242aac
18:13:48,2018-08-16 09:49:09,CS2,ARB_DETECT,,204.29/203.55,49,agg_bid=267L agg_ask=259L submitting=49L
18:13:48,2018-08-16 09:49:09,CS2,ARB_SUBMIT,BOTH,,49,buy_id=23729fd7 sell_id=902e2ee4
18:13:49,2018-08-16 09:49:09,CS1,MM_SUSPENDED,,,,warming up
18:13:49,2018-08-16 09:49:09,CS2,MM_SUSPENDED,,,,warming up
18:13:49,2018-08-16 09:49:09,CS2,ARB_DETECT,,204.8/203.55,20,agg_bid=20L agg_ask=257L submitting=20L
18:13:49,2018-08-16 09:49:09,CS2,ARB_SUBMIT,BOTH,,20,buy_id=9eeeb417 sell_id=6e6a6433
18:13:50,2018-08-16 09:49:10,CS2,ARB_FILLED,SELL,204.78,20,fully filled
18:13:50,2018-08-16 09:49:10,CS2,ARB_DETECT,,204.29/203.55,49,agg_bid=267L agg_ask=236L submitting=49L
18:13:50,2018-08-16 09:49:10,CS2,ARB_SUBMIT,BOTH,,49,buy_id=613e1090 sell_id=a619c425
18:13:50,2018-08-16 09:49:10,CS2,ARB_DETECT,,204.29/203.55,49,agg_bid=267L agg_ask=236L submitting=49L
18:13:50,2018-08-16 09:49:10,CS2,ARB_SUBMIT,BOTH,,49,buy_id=b14936d7 sell_id=f8543906
18:13:51,2018-08-16 09:49:11,CS1,MM_SUSPENDED,,,,warming up
18:13:51,2018-08-16 09:49:11,CS2,ARB_DETECT,,204.29/203.56,49,agg_bid=267L agg_ask=258L submitting=49L
18:13:51,2018-08-16 09:49:11,CS2,ARB_SUBMIT,BOTH,,49,buy_id=4afa602b sell_id=fdb362f1
18:13:51,2018-08-16 09:49:11,CS2,MM_SUSPENDED,,,,warming up
18:13:51,2018-08-16 09:49:12,CS2,ARB_DETECT,,204.29/203.56,49,agg_bid=267L agg_ask=236L submitting=49L
18:13:51,2018-08-16 09:49:12,CS2,ARB_SUBMIT,BOTH,,49,buy_id=a4ea833c sell_id=567e7896
18:13:52,2018-08-16 09:49:12,CS2,ARB_DETECT,,204.8/203.56,20,agg_bid=20L agg_ask=236L submitting=20L
18:13:52,2018-08-16 09:49:12,CS2,ARB_SUBMIT,BOTH,,20,buy_id=634c7f2c sell_id=07a811c2
18:13:53,2018-08-16 09:49:13,CS2,ARB_FILLED,BUY,203.561,20,fully filled
18:13:53,2018-08-16 09:49:13,CS2,ARB_DETECT,,204.8/203.57,20,agg_bid=20L agg_ask=244L submitting=20L
18:13:53,2018-08-16 09:49:13,CS2,ARB_SUBMIT,BOTH,,20,buy_id=7da2313a sell_id=ea364461
18:13:53,2018-08-16 09:49:13,CS1,MM_SUSPENDED,,,,warming up
18:13:53,2018-08-16 09:49:13,CS2,MM_SUSPENDED,,,,warming up
18:13:53,2018-08-16 09:49:14,CS2,ARB_FILLED,SELL,204.78,20,fully filled
18:13:53,2018-08-16 09:49:14,CS2,ARB_DETECT,,204.29/203.57,49,agg_bid=267L agg_ask=244L submitting=49L
18:13:53,2018-08-16 09:49:14,CS2,ARB_SUBMIT,BOTH,,49,buy_id=eae4d96c sell_id=2631c7c4
18:13:54,2018-08-16 09:49:14,CS2,ARB_DETECT,,204.29/203.58,49,agg_bid=267L agg_ask=243L submitting=49L
18:13:54,2018-08-16 09:49:14,CS2,ARB_SUBMIT,BOTH,,49,buy_id=9d94aa46 sell_id=db293f97
18:13:55,2018-08-16 09:49:14,CS2,ARB_DETECT,,204.29/203.58,49,agg_bid=267L agg_ask=243L submitting=49L
18:13:55,2018-08-16 09:49:14,CS2,ARB_SUBMIT,BOTH,,49,buy_id=c7a3133b sell_id=dc2b637e
18:13:55,2018-08-16 09:49:14,CS1,MM_SUSPENDED,,,,warming up
18:13:55,2018-08-16 09:49:14,CS2,ARB_DETECT,,204.29/203.58,49,agg_bid=78L agg_ask=243L submitting=49L
18:13:55,2018-08-16 09:49:14,CS2,ARB_SUBMIT,BOTH,,49,buy_id=32dc9808 sell_id=862b2943
18:13:55,2018-08-16 09:49:14,CS2,MM_SUSPENDED,,,,warming up
18:13:56,2018-08-16 09:49:14,CS2,ARB_DETECT,,204.29/203.58,49,agg_bid=78L agg_ask=243L submitting=49L
18:13:56,2018-08-16 09:49:14,CS2,ARB_SUBMIT,BOTH,,49,buy_id=85ed5a03 sell_id=fbbe1a27
18:13:56,2018-08-16 09:49:16,CS2,ARB_DETECT,,204.29/203.96,49,agg_bid=78L agg_ask=269L submitting=49L
18:13:56,2018-08-16 09:49:16,CS2,ARB_SUBMIT,BOTH,,49,buy_id=cea09e5f sell_id=1663ddca
18:13:57,2018-08-16 09:49:16,CS1,ARB_DETECT,,101.35/100.35,16,agg_bid=20L agg_ask=16L submitting=16L
18:13:57,2018-08-16 09:49:16,CS1,ARB_SUBMIT,BOTH,,16,buy_id=f77f76b1 sell_id=4c61553c
18:13:57,2018-08-16 09:49:16,CS1,MM_SUSPENDED,,,,warming up
18:13:57,2018-08-16 09:49:16,CS2,ARB_DETECT,,204.29/203.96,49,agg_bid=78L agg_ask=249L submitting=49L
18:13:57,2018-08-16 09:49:16,CS2,ARB_SUBMIT,BOTH,,49,buy_id=99a3202b sell_id=a8f75ff1
18:13:57,2018-08-16 09:49:16,CS2,MM_SUSPENDED,,,,warming up
18:13:57,2018-08-16 09:49:16,CS1,ARB_DETECT,,101.35/100.35,16,agg_bid=20L agg_ask=16L submitting=16L
18:13:57,2018-08-16 09:49:16,CS1,ARB_SUBMIT,BOTH,,16,buy_id=8c0de70c sell_id=3c20aea0
18:13:58,2018-08-16 09:49:16,CS1,ARB_DETECT,,101.35/100.35,16,agg_bid=20L agg_ask=16L submitting=16L
18:13:58,2018-08-16 09:49:16,CS1,ARB_SUBMIT,BOTH,,16,buy_id=af7d83cd sell_id=763b33e8
18:13:59,2018-08-16 09:49:17,CS1,ARB_FILLED,BUY,100.35,16,fully filled
18:13:59,2018-08-16 09:49:17,CS1,MM_SUSPENDED,,,,warming up
18:13:59,2018-08-16 09:49:17,CS1,ARB_FILLED,SELL,101.35,16,fully filled
18:13:59,2018-08-16 09:49:17,CS2,MM_SUSPENDED,,,,warming up
18:14:00,2018-08-16 09:49:18,CS1,ARB_DETECT,,102.85/102.35,20,agg_bid=20L agg_ask=20L submitting=20L
18:14:00,2018-08-16 09:49:18,CS1,ARB_SUBMIT,BOTH,,20,buy_id=5b55b09d sell_id=31c61504
18:14:00,2018-08-16 09:49:19,CS1,ARB_FILLED,BUY,200.75,16,fully filled
18:14:01,2018-08-16 09:49:21,CS1,ARB_FILLED,BUY,145.4,16,fully filled
18:14:01,2018-08-16 09:49:21,CS1,ARB_FILLED,SELL,101.0062,16,fully filled
18:14:01,2018-08-16 09:49:21,CS1,MM_SUSPENDED,,,,warming up
18:14:01,2018-08-16 09:49:21,CS2,MM_SUSPENDED,,,,warming up
18:14:03,2018-08-16 09:49:23,CS1,MM_SUSPENDED,,,,warming up
18:14:03,2018-08-16 09:49:24,CS2,MM_SUSPENDED,,,,warming up
18:14:04,2018-08-16 09:49:24,CS2,ARB_DETECT,,200.84/198.72,18,agg_bid=18L agg_ask=269L submitting=18L
18:14:04,2018-08-16 09:49:24,CS2,ARB_SUBMIT,BOTH,,18,buy_id=b56b8f89 sell_id=7a833b56
18:14:04,2018-08-16 09:49:25,CS2,ARB_FILLED,BUY,198.72,18,fully filled
18:14:04,2018-08-16 09:49:25,CS2,ARB_DETECT,,200.84/198.72,18,agg_bid=18L agg_ask=251L submitting=18L
18:14:04,2018-08-16 09:49:25,CS2,ARB_SUBMIT,BOTH,,18,buy_id=7b5eb569 sell_id=b8c5753f
18:14:05,2018-08-16 09:49:25,CS2,ARB_FILLED,SELL,200.815,18,fully filled
18:14:05,2018-08-16 09:49:25,CS2,ARB_DETECT,,200.79/198.72,27,agg_bid=27L agg_ask=216L submitting=27L
18:14:05,2018-08-16 09:49:25,CS2,ARB_SUBMIT,BOTH,,27,buy_id=a154fe55 sell_id=baf61869
18:14:05,2018-08-16 09:49:25,CS1,MM_SUSPENDED,,,,warming up
18:14:05,2018-08-16 09:49:25,CS2,MM_SUSPENDED,,,,warming up
18:14:06,2018-08-16 09:49:26,CS2,ARB_FILLED,BUY,201.19,27,fully filled
18:14:07,2018-08-16 09:49:27,CS1,MM_SUSPENDED,,,,warming up
18:14:08,2018-08-16 09:49:28,CS2,ARB_DETECT,,201.9/198.76,18,agg_bid=18L agg_ask=269L submitting=18L
18:14:08,2018-08-16 09:49:28,CS2,ARB_SUBMIT,BOTH,,18,buy_id=d28789ea sell_id=5d314812
18:14:08,2018-08-16 09:49:28,CS2,MM_SUSPENDED,,,,warming up
18:14:08,2018-08-16 09:49:28,CS2,ARB_FILLED,SELL,198.74,18,fully filled
18:14:10,2018-08-16 09:49:29,CS1,MM_SUSPENDED,,,,warming up
18:14:10,2018-08-16 09:49:30,CS2,MM_SUSPENDED,,,,warming up
18:14:11,2018-08-16 09:49:31,CS2,ARB_DETECT,,201.18/198.77,20,agg_bid=20L agg_ask=168L submitting=20L
18:14:11,2018-08-16 09:49:31,CS2,ARB_SUBMIT,BOTH,,20,buy_id=95a61aff sell_id=df432bb6
18:14:12,2018-08-16 09:49:32,CS1,MM_SUSPENDED,,,,warming up
18:14:12,2018-08-16 09:49:32,CS2,MM_SUSPENDED,,,,warming up
18:14:12,2018-08-16 09:49:32,CS2,ARB_FILLED,BUY,198.77,20,fully filled
18:14:14,2018-08-16 09:49:34,CS1,MM_SUSPENDED,,,,warming up
18:14:14,2018-08-16 09:49:34,CS2,ARB_DETECT,,201.19/198.79,47,agg_bid=268L agg_ask=47L submitting=47L
18:14:14,2018-08-16 09:49:34,CS2,ARB_SUBMIT,BOTH,,47,buy_id=ba3911c8 sell_id=3f4df1c8
18:14:14,2018-08-16 09:49:34,CS2,MM_SUSPENDED,,,,warming up
18:14:15,2018-08-16 09:49:35,CS2,ARB_DETECT,,201.19/198.8,26,agg_bid=268L agg_ask=26L submitting=26L
18:14:15,2018-08-16 09:49:35,CS2,ARB_SUBMIT,BOTH,,26,buy_id=947d825d sell_id=2d036c67
18:14:15,2018-08-16 09:49:35,CS2,ARB_FILLED,SELL,201.19,26,fully filled
18:14:15,2018-08-16 09:49:35,CS2,ARB_DETECT,,201.19/198.8,8,agg_bid=242L agg_ask=8L submitting=8L
18:14:15,2018-08-16 09:49:35,CS2,ARB_SUBMIT,BOTH,,8,buy_id=e3d1ae10 sell_id=0497d6f7
18:14:16,2018-08-16 09:49:36,CS1,MM_SUSPENDED,,,,warming up
18:14:16,2018-08-16 09:49:36,CS2,ARB_FILLED,BUY,198.8,8,fully filled
18:14:16,2018-08-16 09:49:36,CS2,ARB_FILLED,SELL,201.19,8,fully filled
18:14:16,2018-08-16 09:49:36,CS2,MM_SUSPENDED,,,,warming up
18:14:17,2018-08-16 09:49:37,CS2,ARB_DETECT,,201.19/198.9,2,agg_bid=213L agg_ask=2L submitting=2L
18:14:17,2018-08-16 09:49:37,CS2,ARB_SUBMIT,BOTH,,2,buy_id=38eb81fc sell_id=e766e338
18:14:18,2018-08-16 09:49:38,CS2,ARB_FILLED,BUY,198.9,2,fully filled
18:14:18,2018-08-16 09:49:38,CS2,ARB_FILLED,SELL,201.19,2,fully filled
18:14:18,2018-08-16 09:49:38,CS1,MM_SUSPENDED,,,,warming up
18:14:18,2018-08-16 09:49:38,CS2,MM_SUSPENDED,,,,warming up
18:14:18,2018-08-16 09:49:38,CS2,ARB_DETECT,,202.88/201.2,49,agg_bid=269L agg_ask=364L submitting=49L
18:14:18,2018-08-16 09:49:38,CS2,ARB_SUBMIT,BOTH,,49,buy_id=045ed6c7 sell_id=a26d5922
18:14:19,2018-08-16 09:49:39,CS2,ARB_DETECT,,202.88/201.2,49,agg_bid=269L agg_ask=323L submitting=49L
18:14:19,2018-08-16 09:49:39,CS2,ARB_SUBMIT,BOTH,,49,buy_id=34fcdd74 sell_id=081b4f04
18:14:20,2018-08-16 09:49:39,CS2,ARB_DETECT,,202.88/201.2,49,agg_bid=269L agg_ask=323L submitting=49L
18:14:20,2018-08-16 09:49:39,CS2,ARB_SUBMIT,BOTH,,49,buy_id=97131b8a sell_id=49263979
18:14:20,2018-08-16 09:49:40,CS1,MM_SUSPENDED,,,,warming up
18:14:20,2018-08-16 09:49:40,CS2,ARB_DETECT,,202.88/201.21,49,agg_bid=269L agg_ask=295L submitting=49L
18:14:20,2018-08-16 09:49:40,CS2,ARB_SUBMIT,BOTH,,49,buy_id=f6295e43 sell_id=90965a33
18:14:20,2018-08-16 09:49:40,CS2,MM_SUSPENDED,,,,warming up
18:14:21,2018-08-16 09:49:41,CS2,ARB_DETECT,,202.88/201.21,49,agg_bid=269L agg_ask=273L submitting=49L
18:14:21,2018-08-16 09:49:41,CS2,ARB_SUBMIT,BOTH,,49,buy_id=1bdced28 sell_id=33971f84
18:14:21,2018-08-16 09:49:41,CS2,ARB_DETECT,,202.88/201.21,49,agg_bid=269L agg_ask=273L submitting=49L
18:14:21,2018-08-16 09:49:41,CS2,ARB_SUBMIT,BOTH,,49,buy_id=ef1cebe7 sell_id=03d6878d
18:14:22,2018-08-16 09:49:42,CS1,MM_SUSPENDED,,,,warming up
18:14:22,2018-08-16 09:49:42,CS2,ARB_DETECT,,202.88/201.22,49,agg_bid=269L agg_ask=254L submitting=49L
18:14:22,2018-08-16 09:49:42,CS2,ARB_SUBMIT,BOTH,,49,buy_id=578b4e34 sell_id=45e49dad
18:14:22,2018-08-16 09:49:42,CS2,MM_SUSPENDED,,,,warming up
18:14:23,2018-08-16 09:49:43,CS2,ARB_DETECT,,202.88/201.22,49,agg_bid=269L agg_ask=233L submitting=49L
18:14:23,2018-08-16 09:49:43,CS2,ARB_SUBMIT,BOTH,,49,buy_id=57f8165e sell_id=7289e1ef
18:14:23,2018-08-16 09:49:43,CS2,ARB_DETECT,,202.88/201.22,49,agg_bid=269L agg_ask=232L submitting=49L
18:14:23,2018-08-16 09:49:43,CS2,ARB_SUBMIT,BOTH,,49,buy_id=337acf09 sell_id=c8114d1b
18:14:24,2018-08-16 09:49:44,CS1,MM_SUSPENDED,,,,warming up
18:14:24,2018-08-16 09:49:44,CS2,MM_SUSPENDED,,,,warming up
18:14:26,2018-08-16 09:49:45,CS1,MM_SUSPENDED,,,,warming up
18:14:26,2018-08-16 09:49:46,CS2,ARB_DETECT,,199.49/198.92,20,agg_bid=463L agg_ask=20L submitting=20L
18:14:26,2018-08-16 09:49:46,CS2,ARB_SUBMIT,BOTH,,20,buy_id=f5116943 sell_id=5e0f577b
18:14:26,2018-08-16 09:49:46,CS2,MM_SUSPENDED,,,,warming up
18:14:27,2018-08-16 09:49:47,CS2,ARB_FILLED,BUY,199.51,20,fully filled
18:14:28,2018-08-16 09:49:48,CS1,MM_SUSPENDED,,,,warming up
18:14:28,2018-08-16 09:49:48,CS2,MM_SUSPENDED,,,,warming up
18:14:30,2018-08-16 09:49:50,CS1,MM_SUSPENDED,,,,warming up
18:14:31,2018-08-16 09:49:50,CS2,MM_SUSPENDED,,,,warming up
18:14:32,2018-08-16 09:49:52,CS1,MM_SUSPENDED,,,,warming up
18:14:33,2018-08-16 09:49:52,CS2,MM_SUSPENDED,,,,warming up
18:14:34,2018-08-16 09:49:54,CS1,MM_SUSPENDED,,,,warming up
18:14:35,2018-08-16 09:49:54,CS2,MM_SUSPENDED,,,,warming up
18:14:36,2018-08-16 09:49:55,CS2,ARB_DETECT,,201.74/201.71,49,agg_bid=195L agg_ask=258L submitting=49L
18:14:36,2018-08-16 09:49:55,CS2,ARB_SUBMIT,BOTH,,49,buy_id=6e583ee1 sell_id=237b0402
18:14:36,2018-08-16 09:49:56,CS1,MM_SUSPENDED,,,,warming up
18:14:36,2018-08-16 09:49:56,CS2,ARB_DETECT,,201.74/197.76,50,agg_bid=268L agg_ask=245L submitting=50L
18:14:36,2018-08-16 09:49:56,CS2,ARB_SUBMIT,BOTH,,50,buy_id=a34c41d8 sell_id=c8e3be43
18:14:37,2018-08-16 09:49:57,CS2,MM_SUSPENDED,,,,warming up
18:14:37,2018-08-16 09:49:57,CS2,ARB_DETECT,,201.74/197.76,50,agg_bid=268L agg_ask=222L submitting=50L
18:14:37,2018-08-16 09:49:57,CS2,ARB_SUBMIT,BOTH,,50,buy_id=57dda568 sell_id=347b5165
18:14:38,2018-08-16 09:49:57,CS2,ARB_DETECT,,201.74/197.76,50,agg_bid=268L agg_ask=222L submitting=50L
18:14:38,2018-08-16 09:49:57,CS2,ARB_SUBMIT,BOTH,,50,buy_id=021a85e9 sell_id=2372956a
18:14:38,2018-08-16 09:49:58,CS2,ARB_DETECT,,201.74/197.77,50,agg_bid=268L agg_ask=258L submitting=50L
18:14:38,2018-08-16 09:49:58,CS2,ARB_SUBMIT,BOTH,,50,buy_id=0ebc0060 sell_id=7786b27c
18:14:39,2018-08-16 09:49:58,CS1,MM_SUSPENDED,,,,warming up
18:14:39,2018-08-16 09:49:58,CS2,MM_SUSPENDED,,,,warming up
18:14:41,2018-08-16 09:50:00,CS1,MM_SUSPENDED,,,,warming up
18:14:41,2018-08-16 09:50:01,CS2,SPREAD_TIGHT,,,,spread=0.0200 < 0.04 — waiting
18:14:43,2018-08-16 09:50:03,CS1,MM_SUSPENDED,,,,warming up
18:14:43,2018-08-16 09:50:03,CS2,SPREAD_TIGHT,,,,spread=0.0300 < 0.04 — waiting
18:14:44,2018-08-16 09:50:04,CS2,ARB_DETECT,,201.9/199.43,18,agg_bid=248L agg_ask=18L submitting=18L
18:14:44,2018-08-16 09:50:04,CS2,ARB_SUBMIT,BOTH,,18,buy_id=17e465b3 sell_id=99bf649b
18:14:45,2018-08-16 09:50:05,CS1,MM_SUSPENDED,,,,warming up
18:14:45,2018-08-16 09:50:05,CS2,ARB_FILLED,SELL,201.9,18,fully filled
18:14:45,2018-08-16 09:50:05,CS2,SPREAD_TIGHT,,,,spread=0.0400 < 0.04 — waiting
18:14:47,2018-08-16 09:50:07,CS1,MM_SUSPENDED,,,,warming up
18:14:48,2018-08-16 09:50:07,CS2,SUBMIT,BUY,201.91,3,bid=201.91 spread=0.0500 pos=+8L inv_ratio=0.20 skew=0.0040
18:14:49,2018-08-16 09:50:07,CS2,SUBMIT,SELL,201.94,3,ask=201.94 spread=0.0500 pos=+8L inv_ratio=0.20 skew=0.0040
18:14:49,2018-08-16 09:50:07,CS2,STATUS,,,,bid=201.91(REST) ask=201.94(REST) spread=0.0500 pos=+8L inv_ratio=0.20 skew=0.0040 filter_n=40
18:14:49,2018-08-16 09:50:09,CS1,MM_SUSPENDED,,,,warming up
18:14:49,2018-08-16 09:50:09,CS2,CANCEL,BID,201.91,,outside spread bid=201.93 ask=201.96
18:14:49,2018-08-16 09:50:09,CS2,FILLED,ASK,201.94,,order no longer in waiting list
18:14:49,2018-08-16 09:50:09,CS2,SPREAD_TIGHT,,,,spread=0.0300 < 0.04 — waiting
18:14:51,2018-08-16 09:50:11,CS1,MM_SUSPENDED,,,,warming up
18:14:52,2018-08-16 09:50:11,CS2,SUBMIT,BUY,201.87,3,bid=201.87 spread=1.4900 pos=+5L inv_ratio=0.12 skew=0.0745
18:14:53,2018-08-16 09:50:11,CS2,SUBMIT,SELL,203.34,3,ask=203.34 spread=1.4900 pos=+5L inv_ratio=0.12 skew=0.0745
18:14:53,2018-08-16 09:50:11,CS2,STATUS,,,,bid=201.87(REST) ask=203.34(REST) spread=1.4900 pos=+5L inv_ratio=0.12 skew=0.0745 filter_n=40
18:14:54,2018-08-16 09:50:14,CS1,MM_SUSPENDED,,,,warming up
18:14:54,2018-08-16 09:50:14,CS2,CANCEL,BID,201.87,,outside spread bid=203.01 ask=203.43
18:14:54,2018-08-16 09:50:14,CS2,FILLED,ASK,203.34,,order no longer in waiting list
18:14:55,2018-08-16 09:50:14,CS2,SUBMIT,BUY,203.01,3,bid=203.01 spread=0.4200 pos=+2L inv_ratio=0.05 skew=0.0084
18:14:56,2018-08-16 09:50:14,CS2,SUBMIT,SELL,203.41,3,ask=203.41 spread=0.4200 pos=+2L inv_ratio=0.05 skew=0.0084
18:14:56,2018-08-16 09:50:14,CS2,STATUS,,,,bid=203.01(REST) ask=203.41(REST) spread=0.4200 pos=+2L inv_ratio=0.05 skew=0.0084 filter_n=40
18:14:56,2018-08-16 09:50:15,CS1,MM_SUSPENDED,,,,warming up
18:14:56,2018-08-16 09:50:15,CS2,ARB_DETECT,,201.9/200.36,49,agg_bid=228L agg_ask=178L submitting=49L
18:14:56,2018-08-16 09:50:15,CS2,ARB_SUBMIT,BOTH,,49,buy_id=9ec6415e sell_id=bd3a8781
18:14:56,2018-08-16 09:50:15,CS2,FILLED,BID,203.01,,order no longer in waiting list
18:14:56,2018-08-16 09:50:15,CS2,CANCEL,ASK,203.41,,outside spread bid=201.9 ask=200.36
18:14:56,2018-08-16 09:50:15,CS2,SPREAD_TIGHT,,,,spread=-1.5400 < 0.04 — waiting
18:14:56,2018-08-16 09:50:16,CS2,ARB_DETECT,,201.9/200.36,49,agg_bid=227L agg_ask=52L submitting=49L
18:14:56,2018-08-16 09:50:16,CS2,ARB_SUBMIT,BOTH,,49,buy_id=33273a7b sell_id=c9de3687
18:14:58,2018-08-16 09:50:16,CS1,MM_SUSPENDED,,,,warming up
18:14:59,2018-08-16 09:50:16,CS2,SUBMIT,BUY,201.79,3,bid=201.79 spread=1.5300 pos=+8L inv_ratio=0.20 skew=0.1224
18:15:00,2018-08-16 09:50:16,CS2,SUBMIT,SELL,203.3,3,ask=203.3 spread=1.5300 pos=+8L inv_ratio=0.20 skew=0.1224
18:15:00,2018-08-16 09:50:16,CS2,STATUS,,,,bid=201.79(REST) ask=203.3(REST) spread=1.5300 pos=+8L inv_ratio=0.20 skew=0.1224 filter_n=40
18:15:00,2018-08-16 09:50:19,CS1,MM_SUSPENDED,,,,warming up
18:15:00,2018-08-16 09:50:19,CS2,ARB_DETECT,,203.94/198.88,20,agg_bid=20L agg_ask=226L submitting=20L
18:15:00,2018-08-16 09:50:19,CS2,ARB_SUBMIT,BOTH,,20,buy_id=3a7adb30 sell_id=2c69c17e
18:15:00,2018-08-16 09:50:19,CS2,FILLED,BID,201.79,,order no longer in waiting list
18:15:00,2018-08-16 09:50:19,CS2,CANCEL,ASK,203.3,,outside spread bid=203.94 ask=198.88
18:15:00,2018-08-16 09:50:19,CS2,SPREAD_TIGHT,,,,spread=-5.0600 < 0.04 — waiting
18:15:01,2018-08-16 09:50:20,CS2,ARB_DETECT,,203.94/198.89,50,agg_bid=253L agg_ask=164L submitting=50L
18:15:01,2018-08-16 09:50:20,CS2,ARB_SUBMIT,BOTH,,50,buy_id=f3ac6197 sell_id=a16168c5
18:15:01,2018-08-16 09:50:21,CS2,ARB_FILLED,BUY,198.8905,20,fully filled
18:15:01,2018-08-16 09:50:21,CS2,ARB_DETECT,,203.93/198.9,50,agg_bid=246L agg_ask=104L submitting=50L
18:15:01,2018-08-16 09:50:21,CS2,ARB_SUBMIT,BOTH,,50,buy_id=c981e7de sell_id=ebc70d99
18:15:02,2018-08-16 09:50:22,CS2,ARB_DETECT,,203.93/198.9,50,agg_bid=246L agg_ask=84L submitting=50L
18:15:02,2018-08-16 09:50:22,CS2,ARB_SUBMIT,BOTH,,50,buy_id=d1903957 sell_id=3569bafc
18:15:02,2018-08-16 09:50:22,CS1,MM_SUSPENDED,,,,warming up
18:15:02,2018-08-16 09:50:22,CS2,SPREAD_TIGHT,,,,spread=-5.0300 < 0.04 — waiting
18:15:03,2018-08-16 09:50:22,CS2,ARB_DETECT,,203.93/198.91,50,agg_bid=239L agg_ask=238L submitting=50L
18:15:03,2018-08-16 09:50:22,CS2,ARB_SUBMIT,BOTH,,50,buy_id=81d64ff6 sell_id=6768afc8
18:15:03,2018-08-16 09:50:23,CS2,ARB_DETECT,,203.93/198.92,50,agg_bid=238L agg_ask=258L submitting=50L
18:15:03,2018-08-16 09:50:23,CS2,ARB_SUBMIT,BOTH,,50,buy_id=f61adef0 sell_id=d48e3dea
18:15:04,2018-08-16 09:50:23,CS2,ARB_DETECT,,203.93/198.92,50,agg_bid=238L agg_ask=238L submitting=50L
18:15:04,2018-08-16 09:50:23,CS2,ARB_SUBMIT,BOTH,,50,buy_id=44e51f8a sell_id=01d0959e
18:15:04,2018-08-16 09:50:23,CS1,MM_SUSPENDED,,,,warming up
18:15:04,2018-08-16 09:50:23,CS2,SPREAD_TIGHT,,,,spread=-5.0000 < 0.04 — waiting
18:15:04,2018-08-16 09:50:24,CS2,ARB_DETECT,,203.92/198.92,50,agg_bid=240L agg_ask=238L submitting=50L
18:15:04,2018-08-16 09:50:24,CS2,ARB_SUBMIT,BOTH,,50,buy_id=b40cc47f sell_id=46a7ac96
18:15:05,2018-08-16 09:50:25,CS2,ARB_DETECT,,199.07/197.46,50,agg_bid=248L agg_ask=269L submitting=50L
18:15:05,2018-08-16 09:50:25,CS2,ARB_SUBMIT,BOTH,,50,buy_id=06c35bce sell_id=a60e2a72
18:15:06,2018-08-16 09:50:25,CS2,ARB_DETECT,,199.07/197.46,50,agg_bid=248L agg_ask=269L submitting=50L
18:15:06,2018-08-16 09:50:25,CS2,ARB_SUBMIT,BOTH,,50,buy_id=7d017042 sell_id=b82c4a4e
18:15:06,2018-08-16 09:50:26,CS1,MM_SUSPENDED,,,,warming up
18:15:06,2018-08-16 09:50:26,CS2,ARB_DETECT,,199.07/197.46,50,agg_bid=248L agg_ask=269L submitting=50L
18:15:06,2018-08-16 09:50:26,CS2,ARB_SUBMIT,BOTH,,50,buy_id=1b8ba177 sell_id=5e30b903
18:15:06,2018-08-16 09:50:26,CS2,SPREAD_TIGHT,,,,spread=-1.6100 < 0.04 — waiting
18:15:07,2018-08-16 09:50:26,CS2,ARB_DETECT,,199.07/197.46,50,agg_bid=248L agg_ask=269L submitting=50L
18:15:07,2018-08-16 09:50:26,CS2,ARB_SUBMIT,BOTH,,50,buy_id=5225b86a sell_id=e50b0730
18:15:07,2018-08-16 09:50:27,CS2,ARB_DETECT,,199.07/197.46,50,agg_bid=247L agg_ask=228L submitting=50L
18:15:07,2018-08-16 09:50:27,CS2,ARB_SUBMIT,BOTH,,50,buy_id=096bae8c sell_id=dec04cbc
18:15:08,2018-08-16 09:50:27,CS1,MM_SUSPENDED,,,,warming up
18:15:09,2018-08-16 09:50:27,CS2,SUBMIT,BUY,197.42,3,bid=197.42 spread=5.9200 pos=+28L inv_ratio=0.70 skew=1.6576
18:15:10,2018-08-16 09:50:27,CS2,SUBMIT,SELL,203.32,3,ask=203.32 spread=5.9200 pos=+28L inv_ratio=0.70 skew=1.6576
18:15:10,2018-08-16 09:50:27,CS2,STATUS,,,,bid=197.42(REST) ask=203.32(REST) spread=5.9200 pos=+28L inv_ratio=0.70 skew=1.6576 filter_n=40
18:15:11,2018-08-16 09:50:30,CS1,MM_SUSPENDED,,,,warming up
18:15:11,2018-08-16 09:50:30,CS2,CANCEL,BID,197.42,,outside spread bid=200.85 ask=200.86
18:15:11,2018-08-16 09:50:30,CS2,CANCEL,ASK,203.32,,outside spread bid=200.85 ask=200.86
18:15:11,2018-08-16 09:50:30,CS2,SPREAD_TIGHT,,,,spread=0.0100 < 0.04 — waiting
18:15:13,2018-08-16 09:50:32,CS1,MM_SUSPENDED,,,,warming up
18:15:13,2018-08-16 09:50:32,CS2,SPREAD_TIGHT,,,,spread=0.0100 < 0.04 — waiting
18:15:14,2018-08-16 09:50:34,CS2,ARB_DETECT,,200.84/198.72,16,agg_bid=268L agg_ask=16L submitting=16L
18:15:14,2018-08-16 09:50:34,CS2,ARB_SUBMIT,BOTH,,16,buy_id=73c059c8 sell_id=1f162705
18:15:14,2018-08-16 09:50:34,CS2,ARB_FILLED,SELL,200.84,16,fully filled
18:15:14,2018-08-16 09:50:34,CS2,ARB_DETECT,,200.84/198.72,14,agg_bid=251L agg_ask=14L submitting=14L
18:15:14,2018-08-16 09:50:34,CS2,ARB_SUBMIT,BOTH,,14,buy_id=603ee2f4 sell_id=89ef4d60
18:15:15,2018-08-16 09:50:35,CS1,MM_SUSPENDED,,,,warming up
18:15:15,2018-08-16 09:50:35,CS2,SPREAD_TIGHT,,,,spread=0.0400 < 0.04 — waiting
18:15:15,2018-08-16 09:50:35,CS2,ARB_FILLED,BUY,200.88,14,fully filled
18:15:17,2018-08-16 09:50:36,CS1,MM_SUSPENDED,,,,warming up
18:15:17,2018-08-16 09:50:36,CS2,SPREAD_TIGHT,,,,spread=0.0100 < 0.04 — waiting
18:15:19,2018-08-16 09:50:38,CS1,EXTREME_ASK,SELL,190.19,2,ask empty batch1 tier — ref_bid=140.19 pos=+5L
18:15:19,2018-08-16 09:50:38,CS1,EXTREME_ASK,SELL,400.0,3,ask empty batch1 fixed — pos=+5L
18:15:19,2018-08-16 09:50:38,CS1,EXTREME_ASK,SELL,500.0,3,ask empty batch1 fixed — pos=+5L
18:15:19,2018-08-16 09:50:38,CS1,EXTREME_ASK,SELL,600.0,3,ask empty batch1 fixed — pos=+5L
18:15:19,2018-08-16 09:50:38,CS1,MM_SUSPENDED,,,,warming up
18:15:19,2018-08-16 09:50:38,CS2,SPREAD_TIGHT,,,,spread=0.0100 < 0.04 — waiting
18:15:21,2018-08-16 09:50:41,CS1,MM_SUSPENDED,,,,warming up
18:15:22,2018-08-16 09:50:41,CS2,SUBMIT,BUY,201.56,3,bid=201.56 spread=0.9100 pos=+26L inv_ratio=0.65 skew=0.2366
18:15:23,2018-08-16 09:50:41,CS2,SUBMIT,SELL,202.45,3,ask=202.45 spread=0.9100 pos=+26L inv_ratio=0.65 skew=0.2366
18:15:23,2018-08-16 09:50:41,CS2,STATUS,,,,bid=201.56(REST) ask=202.45(REST) spread=0.9100 pos=+26L inv_ratio=0.65 skew=0.2366 filter_n=40
18:15:23,2018-08-16 09:50:42,CS1,MM_SUSPENDED,,,,warming up
18:15:23,2018-08-16 09:50:42,CS2,CANCEL,BID,201.56,,outside spread bid=202.12 ask=202.71
18:15:23,2018-08-16 09:50:42,CS2,FILLED,ASK,202.45,,order no longer in waiting list
18:15:24,2018-08-16 09:50:42,CS2,SUBMIT,BUY,201.99,3,bid=201.99 spread=0.5900 pos=+23L inv_ratio=0.57 skew=0.1357
18:15:25,2018-08-16 09:50:42,CS2,SUBMIT,SELL,202.56,3,ask=202.56 spread=0.5900 pos=+23L inv_ratio=0.57 skew=0.1357
18:15:25,2018-08-16 09:50:42,CS2,STATUS,,,,bid=201.99(REST) ask=202.56(REST) spread=0.5900 pos=+23L inv_ratio=0.57 skew=0.1357 filter_n=40
18:15:25,2018-08-16 09:50:45,CS1,MM_SUSPENDED,,,,warming up
18:15:25,2018-08-16 09:50:45,CS2,ARB_DETECT,,203.87/202.72,49,agg_bid=269L agg_ask=92L submitting=49L
18:15:25,2018-08-16 09:50:45,CS2,ARB_SUBMIT,BOTH,,49,buy_id=c176308f sell_id=8c5aae2c
18:15:25,2018-08-16 09:50:45,CS2,CANCEL,BID,201.99,,outside spread bid=203.87 ask=202.72
18:15:25,2018-08-16 09:50:45,CS2,FILLED,ASK,202.56,,order no longer in waiting list
18:15:25,2018-08-16 09:50:45,CS2,SPREAD_TIGHT,,,,spread=-1.1500 < 0.04 — waiting
18:15:26,2018-08-16 09:50:45,CS2,ARB_DETECT,,203.87/202.74,40,agg_bid=269L agg_ask=40L submitting=40L
18:15:26,2018-08-16 09:50:45,CS2,ARB_SUBMIT,BOTH,,40,buy_id=09f62926 sell_id=2a9f6645
18:15:26,2018-08-16 09:50:45,CS2,ARB_DETECT,,203.87/202.74,40,agg_bid=269L agg_ask=40L submitting=40L
18:15:26,2018-08-16 09:50:45,CS2,ARB_SUBMIT,BOTH,,40,buy_id=578588c7 sell_id=c723ee42
18:15:27,2018-08-16 09:50:47,CS2,ARB_DETECT,,203.87/203.71,4,agg_bid=268L agg_ask=4L submitting=4L
18:15:27,2018-08-16 09:50:47,CS2,ARB_SUBMIT,BOTH,,4,buy_id=7b536f8e sell_id=bad20890
18:15:27,2018-08-16 09:50:47,CS1,MM_SUSPENDED,,,,warming up
18:15:27,2018-08-16 09:50:47,CS2,SPREAD_TIGHT,,,,spread=0.0200 < 0.04 — waiting
18:15:28,2018-08-16 09:50:48,CS2,ARB_FILLED,BUY,203.89,4,fully filled
18:15:28,2018-08-16 09:50:48,CS2,ARB_FILLED,SELL,203.87,4,fully filled
18:15:28,2018-08-16 09:50:48,CS2,ARB_DETECT,,203.87/200.82,49,agg_bid=263L agg_ask=229L submitting=49L
18:15:28,2018-08-16 09:50:48,CS2,ARB_SUBMIT,BOTH,,49,buy_id=1a643403 sell_id=04af601c
18:15:29,2018-08-16 09:50:49,CS2,ARB_DETECT,,203.87/200.82,49,agg_bid=263L agg_ask=227L submitting=49L
18:15:29,2018-08-16 09:50:49,CS2,ARB_SUBMIT,BOTH,,49,buy_id=f80a5794 sell_id=529fd9fd
18:15:29,2018-08-16 09:50:49,CS1,MM_SUSPENDED,,,,warming up
18:15:29,2018-08-16 09:50:49,CS2,SPREAD_TIGHT,,,,spread=-3.0500 < 0.04 — waiting
18:15:30,2018-08-16 09:50:49,CS2,ARB_DETECT,,203.87/200.82,49,agg_bid=263L agg_ask=225L submitting=49L
18:15:30,2018-08-16 09:50:49,CS2,ARB_SUBMIT,BOTH,,49,buy_id=48f80cb4 sell_id=81c30602
18:15:30,2018-08-16 09:50:50,CS2,ARB_DETECT,,203.87/200.82,49,agg_bid=263L agg_ask=205L submitting=49L
18:15:30,2018-08-16 09:50:50,CS2,ARB_SUBMIT,BOTH,,49,buy_id=37601796 sell_id=18aed89f
18:15:31,2018-08-16 09:50:51,CS2,ARB_DETECT,,203.87/200.83,49,agg_bid=263L agg_ask=188L submitting=49L
18:15:31,2018-08-16 09:50:51,CS2,ARB_SUBMIT,BOTH,,49,buy_id=51cfaa7f sell_id=003e2a40
18:15:31,2018-08-16 09:50:51,CS1,MM_SUSPENDED,,,,warming up
18:15:31,2018-08-16 09:50:51,CS2,ARB_DETECT,,203.87/200.83,49,agg_bid=262L agg_ask=167L submitting=49L
18:15:31,2018-08-16 09:50:51,CS2,ARB_SUBMIT,BOTH,,49,buy_id=2dd8e985 sell_id=cb02dc3d
18:15:31,2018-08-16 09:50:51,CS2,SPREAD_TIGHT,,,,spread=-3.0400 < 0.04 — waiting
18:15:32,2018-08-16 09:50:52,CS2,ARB_DETECT,,203.87/200.83,49,agg_bid=262L agg_ask=166L submitting=49L
18:15:32,2018-08-16 09:50:52,CS2,ARB_SUBMIT,BOTH,,49,buy_id=807b08e2 sell_id=4a7ed41f
18:15:33,2018-08-16 09:50:52,CS2,ARB_DETECT,,203.87/200.84,49,agg_bid=262L agg_ask=110L submitting=49L
18:15:33,2018-08-16 09:50:52,CS2,ARB_SUBMIT,BOTH,,49,buy_id=df63653d sell_id=01469bda
18:15:33,2018-08-16 09:50:53,CS2,ARB_DETECT,,203.87/200.84,49,agg_bid=242L agg_ask=230L submitting=49L
18:15:33,2018-08-16 09:50:53,CS2,ARB_SUBMIT,BOTH,,49,buy_id=c7219f91 sell_id=c1c54b5a
18:15:33,2018-08-16 09:50:53,CS1,MM_SUSPENDED,,,,warming up
18:15:33,2018-08-16 09:50:53,CS2,SPREAD_TIGHT,,,,spread=-3.0200 < 0.04 — waiting
18:15:34,2018-08-16 09:50:53,CS2,ARB_DETECT,,203.87/200.85,49,agg_bid=242L agg_ask=214L submitting=49L
18:15:34,2018-08-16 09:50:53,CS2,ARB_SUBMIT,BOTH,,49,buy_id=d6185282 sell_id=464c757a
18:15:35,2018-08-16 09:50:55,CS2,ARB_DETECT,,203.87/200.86,49,agg_bid=241L agg_ask=177L submitting=49L
18:15:35,2018-08-16 09:50:55,CS2,ARB_SUBMIT,BOTH,,49,buy_id=e19cff8f sell_id=4b60271c
18:15:35,2018-08-16 09:50:55,CS2,ARB_DETECT,,203.87/199.73,50,agg_bid=241L agg_ask=269L submitting=50L
18:15:35,2018-08-16 09:50:55,CS2,ARB_SUBMIT,BOTH,,50,buy_id=223c6369 sell_id=a4fe1c16
18:15:36,2018-08-16 09:50:55,CS1,MM_SUSPENDED,,,,warming up
18:15:36,2018-08-16 09:50:55,CS2,SPREAD_TIGHT,,,,spread=-4.5300 < 0.04 — waiting
18:15:36,2018-08-16 09:50:55,CS2,ARB_DETECT,,203.87/199.34,20,agg_bid=240L agg_ask=20L submitting=20L
18:15:36,2018-08-16 09:50:55,CS2,ARB_SUBMIT,BOTH,,20,buy_id=eaba4728 sell_id=4534d9a6
18:15:36,2018-08-16 09:50:56,CS2,ARB_FILLED,BUY,199.36,20,fully filled
18:15:36,2018-08-16 09:50:56,CS2,ARB_FILLED,SELL,203.87,20,fully filled
18:15:36,2018-08-16 09:50:56,CS2,ARB_DETECT,,203.87/199.73,50,agg_bid=220L agg_ask=247L submitting=50L
18:15:36,2018-08-16 09:50:56,CS2,ARB_SUBMIT,BOTH,,50,buy_id=7f8d86fc sell_id=bcf46b1f
18:15:37,2018-08-16 09:50:57,CS2,ARB_DETECT,,203.87/199.73,50,agg_bid=220L agg_ask=206L submitting=50L
18:15:37,2018-08-16 09:50:57,CS2,ARB_SUBMIT,BOTH,,50,buy_id=ddf7aa37 sell_id=07908220
18:15:38,2018-08-16 09:50:58,CS1,MM_SUSPENDED,,,,warming up
18:15:38,2018-08-16 09:50:58,CS2,ARB_DETECT,,203.87/199.74,50,agg_bid=219L agg_ask=187L submitting=50L
18:15:38,2018-08-16 09:50:58,CS2,ARB_SUBMIT,BOTH,,50,buy_id=79ed7738 sell_id=3ce5dbc5
18:15:38,2018-08-16 09:50:58,CS2,SPREAD_TIGHT,,,,spread=-4.1300 < 0.04 — waiting
18:15:38,2018-08-16 09:50:58,CS2,ARB_DETECT,,203.87/199.74,50,agg_bid=219L agg_ask=187L submitting=50L
18:15:38,2018-08-16 09:50:58,CS2,ARB_SUBMIT,BOTH,,50,buy_id=638f78e0 sell_id=5b37c4a2
18:15:39,2018-08-16 09:50:59,CS2,ARB_DETECT,,203.87/199.74,50,agg_bid=218L agg_ask=167L submitting=50L
18:15:39,2018-08-16 09:50:59,CS2,ARB_SUBMIT,BOTH,,50,buy_id=4d547390 sell_id=4ad13a34
18:15:39,2018-08-16 09:51:00,CS2,ARB_DETECT,,203.87/199.75,50,agg_bid=218L agg_ask=226L submitting=50L
18:15:39,2018-08-16 09:51:00,CS2,ARB_SUBMIT,BOTH,,50,buy_id=4c763175 sell_id=b938f2f4
18:15:40,2018-08-16 09:51:00,CS1,MM_SUSPENDED,,,,warming up
18:15:40,2018-08-16 09:51:00,CS2,SPREAD_TIGHT,,,,spread=-4.1200 < 0.04 — waiting
18:15:40,2018-08-16 09:51:00,CS2,ARB_DETECT,,203.87/199.75,50,agg_bid=218L agg_ask=186L submitting=50L
18:15:40,2018-08-16 09:51:00,CS2,ARB_SUBMIT,BOTH,,50,buy_id=f2356628 sell_id=692e6272
18:15:41,2018-08-16 09:51:01,CS2,ARB_DETECT,,203.87/199.75,50,agg_bid=218L agg_ask=183L submitting=50L
18:15:41,2018-08-16 09:51:01,CS2,ARB_SUBMIT,BOTH,,50,buy_id=0bb30df7 sell_id=93d7306c
18:15:41,2018-08-16 09:51:02,CS2,ARB_DETECT,,203.87/199.76,50,agg_bid=218L agg_ask=227L submitting=50L
18:15:41,2018-08-16 09:51:02,CS2,ARB_SUBMIT,BOTH,,50,buy_id=5bba1e13 sell_id=be4fcd98
18:15:42,2018-08-16 09:51:02,CS1,MM_SUSPENDED,,,,warming up
18:15:42,2018-08-16 09:51:02,CS2,SPREAD_TIGHT,,,,spread=-4.1100 < 0.04 — waiting
18:15:42,2018-08-16 09:51:02,CS2,ARB_DETECT,,203.87/199.76,50,agg_bid=218L agg_ask=205L submitting=50L
18:15:42,2018-08-16 09:51:02,CS2,ARB_SUBMIT,BOTH,,50,buy_id=c651eaf8 sell_id=e2c9c620
18:15:43,2018-08-16 09:51:03,CS2,ARB_DETECT,,203.87/199.76,50,agg_bid=217L agg_ask=203L submitting=50L
18:15:43,2018-08-16 09:51:03,CS2,ARB_SUBMIT,BOTH,,50,buy_id=ddcfe347 sell_id=b15169ae
18:15:43,2018-08-16 09:51:03,CS2,ARB_DETECT,,203.87/199.77,50,agg_bid=217L agg_ask=234L submitting=50L
18:15:43,2018-08-16 09:51:03,CS2,ARB_SUBMIT,BOTH,,50,buy_id=316303fd sell_id=b070dc84
18:15:44,2018-08-16 09:51:04,CS1,MM_SUSPENDED,,,,warming up
18:15:44,2018-08-16 09:51:04,CS2,ARB_DETECT,,203.87/200.86,49,agg_bid=217L agg_ask=253L submitting=49L
18:15:44,2018-08-16 09:51:04,CS2,ARB_SUBMIT,BOTH,,49,buy_id=f9210b13 sell_id=2ab07d6b
18:15:44,2018-08-16 09:51:04,CS2,SPREAD_TIGHT,,,,spread=-3.0100 < 0.04 — waiting
18:15:44,2018-08-16 09:51:04,CS2,ARB_DETECT,,203.87/200.86,49,agg_bid=217L agg_ask=253L submitting=49L
18:15:44,2018-08-16 09:51:04,CS2,ARB_SUBMIT,BOTH,,49,buy_id=74c8f8b1 sell_id=665059c5
18:15:45,2018-08-16 09:51:04,CS2,ARB_DETECT,,203.87/200.86,49,agg_bid=217L agg_ask=173L submitting=49L
18:15:45,2018-08-16 09:51:04,CS2,ARB_SUBMIT,BOTH,,49,buy_id=ac319ac2 sell_id=b3cb0dd9
18:15:46,2018-08-16 09:51:05,CS2,ARB_DETECT,,203.87/203.72,49,agg_bid=217L agg_ask=160L submitting=49L
18:15:46,2018-08-16 09:51:05,CS2,ARB_SUBMIT,BOTH,,49,buy_id=8db4a585 sell_id=c548e3e2
18:15:46,2018-08-16 09:51:05,CS1,EXTREME_ASK,SELL,550.0,3,ask empty batch1 tier — ref_bid=500.0 pos=-3L
18:15:46,2018-08-16 09:51:05,CS1,EXTREME_ASK,SELL,400.0,3,ask empty batch1 fixed — pos=-3L
18:15:46,2018-08-16 09:51:05,CS1,EXTREME_ASK,SELL,500.0,3,ask empty batch1 fixed — pos=-3L
18:15:46,2018-08-16 09:51:05,CS1,EXTREME_ASK,SELL,600.0,3,ask empty batch1 fixed — pos=-3L
18:15:46,2018-08-16 09:51:05,CS1,MM_SUSPENDED,,,,warming up
18:15:46,2018-08-16 09:51:05,CS2,SPREAD_TIGHT,,,,spread=-0.1500 < 0.04 — waiting
18:15:46,2018-08-16 09:51:06,CS1,ARB_DETECT,,498.0/336.54,3,agg_bid=20L agg_ask=3L submitting=3L
18:15:46,2018-08-16 09:51:06,CS1,ARB_SUBMIT,BOTH,,3,buy_id=f71b77a9 sell_id=fadecdd0
18:15:46,2018-08-16 09:51:06,CS2,ARB_DETECT,,203.87/203.72,49,agg_bid=184L agg_ask=140L submitting=49L
18:15:46,2018-08-16 09:51:06,CS2,ARB_SUBMIT,BOTH,,49,buy_id=74429ae1 sell_id=9ea84392
18:15:48,2018-08-16 09:51:07,CS1,MM_SUSPENDED,,,,warming up
18:15:48,2018-08-16 09:51:07,CS2,SPREAD_TIGHT,,,,spread=0.0100 < 0.04 — waiting
18:15:48,2018-08-16 09:51:07,CS1,ARB_FILLED,BUY,336.54,3,fully filled
18:15:50,2018-08-16 09:51:08,CS1,MM_SUSPENDED,,,,warming up
18:15:50,2018-08-16 09:51:08,CS2,SPREAD_TIGHT,,,,spread=0.0100 < 0.04 — waiting
18:15:51,2018-08-16 09:51:11,CS2,ARB_DETECT,,201.02/200.67,20,agg_bid=20L agg_ask=288L submitting=20L
18:15:51,2018-08-16 09:51:11,CS2,ARB_SUBMIT,BOTH,,20,buy_id=276d6f52 sell_id=00d99d60
18:15:52,2018-08-16 09:51:12,CS2,ARB_FILLED,BUY,200.67,20,fully filled
18:15:52,2018-08-16 09:51:12,CS2,ARB_FILLED,SELL,201.0,20,fully filled
18:15:52,2018-08-16 09:51:12,CS1,MM_SUSPENDED,,,,warming up
18:15:52,2018-08-16 09:51:12,CS2,SPREAD_TIGHT,,,,spread=0.0200 < 0.04 — waiting
18:15:53,2018-08-16 09:51:13,CS2,ARB_DETECT,,200.65/198.53,50,agg_bid=269L agg_ask=269L submitting=50L
18:15:53,2018-08-16 09:51:13,CS2,ARB_SUBMIT,BOTH,,50,buy_id=9b3e7fa7 sell_id=6f8ae6ca
18:15:54,2018-08-16 09:51:14,CS2,ARB_DETECT,,200.65/198.53,50,agg_bid=269L agg_ask=209L submitting=50L
18:15:54,2018-08-16 09:51:14,CS2,ARB_SUBMIT,BOTH,,50,buy_id=95f00c0a sell_id=b62a065f
18:15:54,2018-08-16 09:51:14,CS1,MM_SUSPENDED,,,,warming up
18:15:54,2018-08-16 09:51:14,CS2,ARB_DETECT,,200.65/198.53,50,agg_bid=269L agg_ask=209L submitting=50L
18:15:54,2018-08-16 09:51:14,CS2,ARB_SUBMIT,BOTH,,50,buy_id=832899e0 sell_id=44e4654b
18:15:54,2018-08-16 09:51:14,CS2,SPREAD_TIGHT,,,,spread=-2.1200 < 0.04 — waiting
18:15:55,2018-08-16 09:51:15,CS2,ARB_DETECT,,200.65/198.54,50,agg_bid=269L agg_ask=148L submitting=50L
18:15:55,2018-08-16 09:51:15,CS2,ARB_SUBMIT,BOTH,,50,buy_id=4d5a6c3a sell_id=fe58c057
18:15:56,2018-08-16 09:51:15,CS2,ARB_DETECT,,200.65/198.54,50,agg_bid=269L agg_ask=148L submitting=50L
18:15:56,2018-08-16 09:51:15,CS2,ARB_SUBMIT,BOTH,,50,buy_id=1407242a sell_id=e4395538
18:15:56,2018-08-16 09:51:16,CS1,MM_SUSPENDED,,,,warming up
18:15:56,2018-08-16 09:51:16,CS2,SPREAD_TIGHT,,,,spread=0.0300 < 0.04 — waiting
18:15:58,2018-08-16 09:51:17,CS1,MM_SUSPENDED,,,,warming up
18:15:58,2018-08-16 09:51:17,CS2,SPREAD_TIGHT,,,,spread=0.0200 < 0.04 — waiting
18:16:00,2018-08-16 09:51:21,CS1,MM_SUSPENDED,,,,warming up
18:16:00,2018-08-16 09:51:21,CS2,SPREAD_TIGHT,,,,spread=0.0100 < 0.04 — waiting
18:16:02,2018-08-16 09:51:23,CS1,MM_SUSPENDED,,,,warming up
18:16:02,2018-08-16 09:51:23,CS2,SPREAD_TIGHT,,,,spread=0.0100 < 0.04 — waiting
18:16:05,2018-08-16 09:51:25,CS1,MM_SUSPENDED,,,,warming up
18:16:05,2018-08-16 09:51:25,CS2,SPREAD_TIGHT,,,,spread=0.0300 < 0.04 — waiting
18:16:07,2018-08-16 09:51:26,CS1,MM_SUSPENDED,,,,warming up
18:16:07,2018-08-16 09:51:26,CS2,SPREAD_TIGHT,,,,spread=0.0400 < 0.04 — waiting
18:16:09,2018-08-16 09:51:28,CS1,MM_SUSPENDED,,,,warming up
18:16:09,2018-08-16 09:51:28,CS2,SPREAD_TIGHT,,,,spread=0.0200 < 0.04 — waiting
18:16:10,2018-08-16 09:51:30,CS2,ARB_DETECT,,199.32/198.96,50,agg_bid=217L agg_ask=248L submitting=50L
18:16:10,2018-08-16 09:51:30,CS2,ARB_SUBMIT,BOTH,,50,buy_id=10bfe354 sell_id=d59becef
18:16:10,2018-08-16 09:51:30,CS2,ARB_DETECT,,199.32/198.96,50,agg_bid=217L agg_ask=248L submitting=50L
18:16:10,2018-08-16 09:51:30,CS2,ARB_SUBMIT,BOTH,,50,buy_id=54467033 sell_id=9fb77f38
18:16:11,2018-08-16 09:51:31,CS1,MM_SUSPENDED,,,,warming up
18:16:11,2018-08-16 09:51:31,CS2,SPREAD_TIGHT,,,,spread=-0.3600 < 0.04 — waiting
18:16:11,2018-08-16 09:51:31,CS2,ARB_DETECT,,199.32/198.96,50,agg_bid=197L agg_ask=226L submitting=50L
18:16:11,2018-08-16 09:51:31,CS2,ARB_SUBMIT,BOTH,,50,buy_id=dd062200 sell_id=b9ee4079
18:16:12,2018-08-16 09:51:32,CS2,ARB_DETECT,,199.32/198.96,50,agg_bid=197L agg_ask=226L submitting=50L
18:16:12,2018-08-16 09:51:32,CS2,ARB_SUBMIT,BOTH,,50,buy_id=a4192e6c sell_id=be9fed1c
18:16:12,2018-08-16 09:51:32,CS2,ARB_DETECT,,199.31/198.97,50,agg_bid=241L agg_ask=185L submitting=50L
18:16:12,2018-08-16 09:51:32,CS2,ARB_SUBMIT,BOTH,,50,buy_id=16811241 sell_id=f0814fff
18:16:13,2018-08-16 09:51:33,CS1,MM_SUSPENDED,,,,warming up
18:16:13,2018-08-16 09:51:33,CS2,ARB_DETECT,,199.31/198.97,50,agg_bid=241L agg_ask=143L submitting=50L
18:16:13,2018-08-16 09:51:33,CS2,ARB_SUBMIT,BOTH,,50,buy_id=1c96fc54 sell_id=02c5655c
18:16:13,2018-08-16 09:51:33,CS2,SPREAD_TIGHT,,,,spread=-0.3400 < 0.04 — waiting
18:16:14,2018-08-16 09:51:34,CS2,ARB_DETECT,,199.31/198.97,50,agg_bid=241L agg_ask=143L submitting=50L
18:16:14,2018-08-16 09:51:34,CS2,ARB_SUBMIT,BOTH,,50,buy_id=ab96ba6c sell_id=acfd1670
18:16:14,2018-08-16 09:51:34,CS2,ARB_DETECT,,199.31/198.98,50,agg_bid=241L agg_ask=102L submitting=50L
18:16:14,2018-08-16 09:51:34,CS2,ARB_SUBMIT,BOTH,,50,buy_id=29b9b450 sell_id=2991f6d1
18:16:15,2018-08-16 09:51:35,CS2,ARB_DETECT,,199.29/198.98,50,agg_bid=272L agg_ask=101L submitting=50L
18:16:15,2018-08-16 09:51:35,CS2,ARB_SUBMIT,BOTH,,50,buy_id=6ca19bfb sell_id=588d3f63
18:16:15,2018-08-16 09:51:35,CS1,MM_SUSPENDED,,,,warming up
18:16:15,2018-08-16 09:51:35,CS2,SPREAD_TIGHT,,,,spread=-1.8500 < 0.04 — waiting
18:16:15,2018-08-16 09:51:35,CS2,ARB_DETECT,,199.29/197.44,20,agg_bid=352L agg_ask=20L submitting=20L
18:16:15,2018-08-16 09:51:35,CS2,ARB_SUBMIT,BOTH,,20,buy_id=d7e38de5 sell_id=63d5ac87
18:16:16,2018-08-16 09:51:36,CS2,ARB_FILLED,BUY,197.46,20,fully filled
18:16:16,2018-08-16 09:51:36,CS2,ARB_FILLED,SELL,199.29,20,fully filled
18:16:16,2018-08-16 09:51:36,CS2,ARB_DETECT,,199.29/198.98,50,agg_bid=232L agg_ask=80L submitting=50L
18:16:16,2018-08-16 09:51:36,CS2,ARB_SUBMIT,BOTH,,50,buy_id=1ee8d23f sell_id=616a442f
18:16:17,2018-08-16 09:51:37,CS2,ARB_DETECT,,199.29/198.99,39,agg_bid=232L agg_ask=39L submitting=39L
18:16:17,2018-08-16 09:51:37,CS2,ARB_SUBMIT,BOTH,,39,buy_id=d9624c92 sell_id=51e6be10
18:16:17,2018-08-16 09:51:37,CS1,MM_SUSPENDED,,,,warming up
18:16:17,2018-08-16 09:51:37,CS2,SPREAD_TIGHT,,,,spread=-0.2800 < 0.04 — waiting
18:16:17,2018-08-16 09:51:37,CS2,ARB_FILLED,SELL,199.2895,39,fully filled
18:16:17,2018-08-16 09:51:37,CS2,ARB_DETECT,,199.28/199.0,19,agg_bid=193L agg_ask=19L submitting=19L
18:16:17,2018-08-16 09:51:37,CS2,ARB_SUBMIT,BOTH,,19,buy_id=9081df06 sell_id=ac0e81ad
18:16:18,2018-08-16 09:51:37,CS2,ARB_DETECT,,199.28/199.0,19,agg_bid=193L agg_ask=19L submitting=19L
18:16:18,2018-08-16 09:51:37,CS2,ARB_SUBMIT,BOTH,,19,buy_id=a0a0e667 sell_id=943102be
18:16:19,2018-08-16 09:51:38,CS2,ARB_FILLED,BUY,199.35,19,fully filled
18:16:19,2018-08-16 09:51:39,CS1,MM_SUSPENDED,,,,warming up
18:16:19,2018-08-16 09:51:39,CS2,ARB_DETECT,,201.44/201.43,4,agg_bid=80L agg_ask=4L submitting=4L
18:16:19,2018-08-16 09:51:39,CS2,ARB_SUBMIT,BOTH,,4,buy_id=563b7a7b sell_id=d6872a9f
18:16:19,2018-08-16 09:51:39,CS2,SPREAD_TIGHT,,,,spread=-0.0100 < 0.04 — waiting
18:16:20,2018-08-16 09:51:39,CS2,ARB_FILLED,SELL,201.44,19,fully filled
18:16:21,2018-08-16 09:51:40,CS2,ARB_FILLED,BUY,201.48,4,fully filled
18:16:21,2018-08-16 09:51:40,CS2,ARB_FILLED,SELL,201.44,4,fully filled
18:16:21,2018-08-16 09:51:41,CS1,MM_SUSPENDED,,,,warming up
18:16:21,2018-08-16 09:51:41,CS2,SPREAD_TIGHT,,,,spread=0.0100 < 0.04 — waiting
18:16:24,2018-08-16 09:51:43,CS1,SUBMIT,BUY,155.61,3,bid=155.61 spread=2.0000 pos=-6L inv_ratio=-0.15 skew=-0.1200
18:16:25,2018-08-16 09:51:43,CS1,SUBMIT,SELL,157.59,3,ask=157.59 spread=2.0000 pos=-6L inv_ratio=-0.15 skew=-0.1200
18:16:25,2018-08-16 09:51:43,CS1,STATUS,,,,bid=155.61(REST) ask=157.59(REST) spread=2.0000 pos=-6L inv_ratio=-0.15 skew=-0.1200 filter_n=40
18:16:27,2018-08-16 09:51:43,CS2,SUBMIT,BUY,203.45,3,bid=203.45 spread=1.7300 pos=-19L inv_ratio=-0.47 skew=-0.3287
18:16:28,2018-08-16 09:51:43,CS2,SUBMIT,SELL,205.16,3,ask=205.16 spread=1.7300 pos=-19L inv_ratio=-0.47 skew=-0.3287
18:16:28,2018-08-16 09:51:43,CS2,STATUS,,,,bid=203.45(REST) ask=205.16(REST) spread=1.7300 pos=-19L inv_ratio=-0.47 skew=-0.3287 filter_n=40
18:16:28,2018-08-16 09:51:48,CS1,FILLED,BID,155.61,,order no longer in waiting list
18:16:28,2018-08-16 09:51:48,CS1,FILLED,ASK,157.59,,order no longer in waiting list
18:16:29,2018-08-16 09:51:48,CS1,SUBMIT,BUY,109.82,3,bid=109.82 spread=174.5300 pos=-6L inv_ratio=-0.15 skew=-10.4718
18:16:30,2018-08-16 09:51:48,CS1,SUBMIT,SELL,284.33,3,ask=284.33 spread=174.5300 pos=-6L inv_ratio=-0.15 skew=-10.4718
18:16:30,2018-08-16 09:51:48,CS1,STATUS,,,,bid=109.82(REST) ask=284.33(REST) spread=174.5300 pos=-6L inv_ratio=-0.15 skew=-10.4718 filter_n=40
18:16:30,2018-08-16 09:51:48,CS2,CANCEL,BID,203.45,,outside spread bid=204.39 ask=204.85
18:16:30,2018-08-16 09:51:48,CS2,CANCEL,ASK,205.16,,outside spread bid=204.39 ask=204.85
18:16:31,2018-08-16 09:51:48,CS2,SUBMIT,BUY,204.49,3,bid=204.49 spread=0.4600 pos=-19L inv_ratio=-0.47 skew=-0.0874
18:16:32,2018-08-16 09:51:48,CS2,SUBMIT,SELL,204.93,3,ask=204.93 spread=0.4600 pos=-19L inv_ratio=-0.47 skew=-0.0874
18:16:32,2018-08-16 09:51:48,CS2,STATUS,,,,bid=204.49(REST) ask=204.93(REST) spread=0.4600 pos=-19L inv_ratio=-0.47 skew=-0.0874 filter_n=40
18:16:32,2018-08-16 09:51:52,CS1,CANCEL,BID,109.82,,outside spread bid=191.84 ask=192.84
18:16:32,2018-08-16 09:51:52,CS1,CANCEL,ASK,284.33,,outside spread bid=191.84 ask=192.84
18:16:33,2018-08-16 09:51:52,CS1,SUBMIT,BUY,191.9,3,bid=191.9 spread=1.0000 pos=-5L inv_ratio=-0.12 skew=-0.0500
18:16:34,2018-08-16 09:51:52,CS1,SUBMIT,SELL,192.88,3,ask=192.88 spread=1.0000 pos=-5L inv_ratio=-0.12 skew=-0.0500
18:16:34,2018-08-16 09:51:52,CS1,STATUS,,,,bid=191.9(REST) ask=192.88(REST) spread=1.0000 pos=-5L inv_ratio=-0.12 skew=-0.0500 filter_n=40
18:16:34,2018-08-16 09:51:52,CS2,FILLED,BID,204.49,,order no longer in waiting list
18:16:34,2018-08-16 09:51:52,CS2,CANCEL,ASK,204.93,,outside spread bid=201.32 ask=201.34
18:16:34,2018-08-16 09:51:52,CS2,SPREAD_TIGHT,,,,spread=0.0200 < 0.04 — waiting
18:16:35,2018-08-16 09:51:54,CS1,FILLED,BID,191.9,,order no longer in waiting list
18:16:35,2018-08-16 09:51:54,CS1,CANCEL,ASK,192.88,,outside spread bid=142.86 ask=192.88
18:16:36,2018-08-16 09:51:54,CS1,SUBMIT,BUY,143.87,3,bid=143.87 spread=50.0200 pos=-2L inv_ratio=-0.05 skew=-1.0004
18:16:37,2018-08-16 09:51:54,CS1,SUBMIT,SELL,193.87,3,ask=193.87 spread=50.0200 pos=-2L inv_ratio=-0.05 skew=-1.0004
18:16:37,2018-08-16 09:51:54,CS1,STATUS,,,,bid=143.87(REST) ask=193.87(REST) spread=50.0200 pos=-2L inv_ratio=-0.05 skew=-1.0004 filter_n=40
18:16:37,2018-08-16 09:51:54,CS2,SPREAD_TIGHT,,,,spread=0.0300 < 0.04 — waiting
18:16:37,2018-08-16 09:51:56,CS1,CANCEL,BID,143.87,,outside spread bid=143.87 ask=163.87
18:16:37,2018-08-16 09:51:56,CS1,CANCEL,ASK,193.87,,outside spread bid=143.87 ask=163.87
18:16:38,2018-08-16 09:51:56,CS1,SUBMIT,BUY,144.28,3,bid=144.28 spread=20.0000 pos=-2L inv_ratio=-0.05 skew=-0.4000
18:16:39,2018-08-16 09:51:56,CS1,SUBMIT,SELL,164.26,3,ask=164.26 spread=20.0000 pos=-2L inv_ratio=-0.05 skew=-0.4000
18:16:39,2018-08-16 09:51:56,CS1,STATUS,,,,bid=144.28(REST) ask=164.26(REST) spread=20.0000 pos=-2L inv_ratio=-0.05 skew=-0.4000 filter_n=40
18:16:39,2018-08-16 09:51:56,CS2,ARB_DETECT,,201.39/199.02,20,agg_bid=20L agg_ask=199L submitting=20L
18:16:39,2018-08-16 09:51:56,CS2,ARB_SUBMIT,BOTH,,20,buy_id=090ece2c sell_id=1b5e2ca6
18:16:39,2018-08-16 09:51:56,CS2,SPREAD_TIGHT,,,,spread=-2.3700 < 0.04 — waiting
18:16:39,2018-08-16 09:51:59,CS1,CANCEL,BID,144.28,,outside spread bid=144.28 ask=154.27
18:16:39,2018-08-16 09:51:59,CS1,CANCEL,ASK,164.26,,outside spread bid=144.28 ask=154.27
18:16:40,2018-08-16 09:51:59,CS1,SUBMIT,BUY,144.49,3,bid=144.49 spread=9.9900 pos=-2L inv_ratio=-0.05 skew=-0.1998
18:16:41,2018-08-16 09:51:59,CS1,SUBMIT,SELL,154.46,3,ask=154.46 spread=9.9900 pos=-2L inv_ratio=-0.05 skew=-0.1998
18:16:41,2018-08-16 09:51:59,CS1,STATUS,,,,bid=144.49(REST) ask=154.46(REST) spread=9.9900 pos=-2L inv_ratio=-0.05 skew=-0.1998 filter_n=40
18:16:41,2018-08-16 09:51:59,CS2,ARB_FILLED,BUY,199.03,20,fully filled
18:16:41,2018-08-16 09:51:59,CS2,ARB_FILLED,SELL,201.37,20,fully filled
18:16:41,2018-08-16 09:51:59,CS2,SPREAD_TIGHT,,,,spread=0.0100 < 0.04 — waiting
18:16:41,2018-08-16 09:52:01,CS1,FILLED,BID,144.49,,order no longer in waiting list
18:16:41,2018-08-16 09:52:01,CS1,CANCEL,ASK,154.46,,outside spread bid=123.92 ask=154.46
18:16:42,2018-08-16 09:52:01,CS1,SUBMIT,BUY,123.62,3,bid=123.62 spread=30.5400 pos=+1L inv_ratio=0.03 skew=0.3054
18:16:43,2018-08-16 09:52:01,CS1,SUBMIT,SELL,154.14,3,ask=154.14 spread=30.5400 pos=+1L inv_ratio=0.03 skew=0.3054
18:16:43,2018-08-16 09:52:01,CS1,STATUS,,,,bid=123.62(REST) ask=154.14(REST) spread=30.5400 pos=+1L inv_ratio=0.03 skew=0.3054 filter_n=40
18:16:43,2018-08-16 09:52:01,CS2,ARB_DETECT,,201.39/199.05,50,agg_bid=269L agg_ask=62L submitting=50L
18:16:43,2018-08-16 09:52:01,CS2,ARB_SUBMIT,BOTH,,50,buy_id=2771b438 sell_id=967b48c0
18:16:43,2018-08-16 09:52:01,CS2,SPREAD_TIGHT,,,,spread=-2.3400 < 0.04 — waiting
18:16:44,2018-08-16 09:52:04,CS1,FILLED,BID,123.62,,order no longer in waiting list
18:16:44,2018-08-16 09:52:04,CS1,CANCEL,ASK,154.14,,outside spread bid=124.92 ask=154.14
18:16:45,2018-08-16 09:52:04,CS1,SUBMIT,BUY,123.76,3,bid=123.76 spread=29.2200 pos=+4L inv_ratio=0.10 skew=1.1688
18:16:46,2018-08-16 09:52:04,CS1,SUBMIT,SELL,152.96,3,ask=152.96 spread=29.2200 pos=+4L inv_ratio=0.10 skew=1.1688
18:16:46,2018-08-16 09:52:04,CS1,STATUS,,,,bid=123.76(REST) ask=152.96(REST) spread=29.2200 pos=+4L inv_ratio=0.10 skew=1.1688 filter_n=40
18:16:46,2018-08-16 09:52:04,CS2,ARB_FILLED,BUY,199.0542,50,fully filled
18:16:46,2018-08-16 09:52:04,CS2,ARB_DETECT,,202.1/201.42,20,agg_bid=20L agg_ask=48L submitting=20L
18:16:46,2018-08-16 09:52:04,CS2,ARB_SUBMIT,BOTH,,20,buy_id=3707367e sell_id=2968e0d9
18:16:46,2018-08-16 09:52:04,CS2,SPREAD_TIGHT,,,,spread=-0.6800 < 0.04 — waiting
18:16:46,2018-08-16 09:52:06,CS1,CANCEL,BID,123.76,,outside spread bid=124.92 ask=126.92
18:16:46,2018-08-16 09:52:06,CS1,CANCEL,ASK,152.96,,outside spread bid=124.92 ask=126.92
18:16:47,2018-08-16 09:52:06,CS1,SUBMIT,BUY,124.85,3,bid=124.85 spread=2.0000 pos=+4L inv_ratio=0.10 skew=0.0800
18:16:48,2018-08-16 09:52:06,CS1,SUBMIT,SELL,126.83,3,ask=126.83 spread=2.0000 pos=+4L inv_ratio=0.10 skew=0.0800
18:16:48,2018-08-16 09:52:06,CS1,STATUS,,,,bid=124.85(REST) ask=126.83(REST) spread=2.0000 pos=+4L inv_ratio=0.10 skew=0.0800 filter_n=40
18:16:48,2018-08-16 09:52:06,CS2,ARB_FILLED,BUY,201.4395,20,fully filled
18:16:48,2018-08-16 09:52:06,CS2,ARB_FILLED,SELL,202.08,20,fully filled
18:16:49,2018-08-16 09:52:06,CS2,SUBMIT,BUY,202.67,3,bid=202.67 spread=1.7100 pos=+37L inv_ratio=0.93 skew=0.6327
18:16:50,2018-08-16 09:52:06,CS2,SUBMIT,SELL,204.36,3,ask=204.36 spread=1.7100 pos=+37L inv_ratio=0.93 skew=0.6327
18:16:50,2018-08-16 09:52:06,CS2,STATUS,,,,bid=202.67(REST) ask=204.36(REST) spread=1.7100 pos=+37L inv_ratio=0.93 skew=0.6327 filter_n=40
18:16:50,2018-08-16 09:52:10,CS1,CANCEL,BID,124.85,,outside spread bid=124.92 ask=126.83
18:16:50,2018-08-16 09:52:10,CS1,FILLED,ASK,126.83,,order no longer in waiting list
18:16:51,2018-08-16 09:52:10,CS1,SUBMIT,BUY,124.91,3,bid=124.91 spread=1.9100 pos=+1L inv_ratio=0.03 skew=0.0191
18:16:52,2018-08-16 09:52:10,CS1,SUBMIT,SELL,126.8,3,ask=126.8 spread=1.9100 pos=+1L inv_ratio=0.03 skew=0.0191
18:16:52,2018-08-16 09:52:10,CS1,STATUS,,,,bid=124.91(REST) ask=126.8(REST) spread=1.9100 pos=+1L inv_ratio=0.03 skew=0.0191 filter_n=40
18:16:52,2018-08-16 09:52:10,CS2,CANCEL,BID,202.67,,outside spread bid=203.25 ask=205.0
18:16:52,2018-08-16 09:52:10,CS2,FILLED,ASK,204.36,,order no longer in waiting list
18:16:53,2018-08-16 09:52:10,CS2,SUBMIT,BUY,202.66,3,bid=202.66 spread=1.7500 pos=+34L inv_ratio=0.85 skew=0.5950
18:16:54,2018-08-16 09:52:10,CS2,SUBMIT,SELL,204.4,3,ask=204.4 spread=1.7500 pos=+34L inv_ratio=0.85 skew=0.5950
18:16:54,2018-08-16 09:52:10,CS2,STATUS,,,,bid=202.66(REST) ask=204.4(REST) spread=1.7500 pos=+34L inv_ratio=0.85 skew=0.5950 filter_n=40
18:16:54,2018-08-16 09:52:13,CS1,FILLED,BID,124.91,,order no longer in waiting list
18:16:54,2018-08-16 09:52:13,CS1,CANCEL,ASK,126.8,,outside spread bid=125.28 ask=126.8
18:16:55,2018-08-16 09:52:13,CS1,SUBMIT,BUY,125.2,3,bid=125.2 spread=1.5200 pos=+6L inv_ratio=0.15 skew=0.0912
18:16:56,2018-08-16 09:52:13,CS1,SUBMIT,SELL,126.7,3,ask=126.7 spread=1.5200 pos=+6L inv_ratio=0.15 skew=0.0912
18:16:56,2018-08-16 09:52:13,CS1,STATUS,,,,bid=125.2(REST) ask=126.7(REST) spread=1.5200 pos=+6L inv_ratio=0.15 skew=0.0912 filter_n=40
18:16:56,2018-08-16 09:52:13,CS2,CANCEL,BID,202.66,,outside spread bid=204.97 ask=205.0
18:16:56,2018-08-16 09:52:13,CS2,FILLED,ASK,204.4,,order no longer in waiting list
18:16:56,2018-08-16 09:52:13,CS2,SPREAD_TIGHT,,,,spread=0.0300 < 0.04 — waiting
18:16:57,2018-08-16 09:52:16,CS1,EXTREME_ASK,SELL,177.62,2,ask empty batch1 tier — ref_bid=127.62 pos=+3L
18:16:57,2018-08-16 09:52:16,CS1,EXTREME_ASK,SELL,400.0,3,ask empty batch1 fixed — pos=+3L
18:16:57,2018-08-16 09:52:16,CS1,EXTREME_ASK,SELL,500.0,3,ask empty batch1 fixed — pos=+3L
18:16:57,2018-08-16 09:52:16,CS1,EXTREME_ASK,SELL,600.0,3,ask empty batch1 fixed — pos=+3L
18:16:57,2018-08-16 09:52:16,CS1,NO_BOOK,,,,skipping MM cycle
18:16:58,2018-08-16 09:52:18,CS2,SPREAD_TIGHT,,,,spread=0.0300 < 0.04 — waiting
18:16:59,2018-08-16 09:52:18,CS1,CANCEL,BID,125.2,,outside spread bid=125.2 ask=152.62
18:16:59,2018-08-16 09:52:18,CS1,FILLED,ASK,126.7,,order no longer in waiting list
18:17:00,2018-08-16 09:52:18,CS1,SUBMIT,BUY,124.39,3,bid=124.39 spread=27.4200 pos=+3L inv_ratio=0.07 skew=0.8226
18:17:01,2018-08-16 09:52:18,CS1,SUBMIT,SELL,151.79,3,ask=151.79 spread=27.4200 pos=+3L inv_ratio=0.07 skew=0.8226
18:17:01,2018-08-16 09:52:18,CS1,STATUS,,,,bid=124.39(REST) ask=151.79(REST) spread=27.4200 pos=+3L inv_ratio=0.07 skew=0.8226 filter_n=40
18:17:01,2018-08-16 09:52:18,CS2,SPREAD_TIGHT,,,,spread=0.0300 < 0.04 — waiting
18:17:01,2018-08-16 09:52:21,CS1,FILLED,BID,124.39,,order no longer in waiting list
18:17:01,2018-08-16 09:52:21,CS1,CANCEL,ASK,151.79,,outside spread bid=99.34 ask=111.87
18:17:02,2018-08-16 09:52:21,CS1,SUBMIT,BUY,98.6,3,bid=98.6 spread=12.5300 pos=+6L inv_ratio=0.15 skew=0.7518
18:17:03,2018-08-16 09:52:21,CS1,SUBMIT,SELL,111.11,3,ask=111.11 spread=12.5300 pos=+6L inv_ratio=0.15 skew=0.7518
18:17:03,2018-08-16 09:52:21,CS1,STATUS,,,,bid=98.6(REST) ask=111.11(REST) spread=12.5300 pos=+6L inv_ratio=0.15 skew=0.7518 filter_n=40
18:17:03,2018-08-16 09:52:21,CS2,SPREAD_TIGHT,,,,spread=0.0100 < 0.04 — waiting
18:17:03,2018-08-16 09:52:23,CS1,CANCEL,BID,98.6,,outside spread bid=106.35 ask=109.36
18:17:03,2018-08-16 09:52:23,CS1,FILLED,ASK,111.11,,order no longer in waiting list
18:17:04,2018-08-16 09:52:23,CS1,SUBMIT,BUY,106.27,3,bid=106.27 spread=3.0100 pos=+3L inv_ratio=0.07 skew=0.0903
18:17:05,2018-08-16 09:52:23,CS1,SUBMIT,SELL,109.26,3,ask=109.26 spread=3.0100 pos=+3L inv_ratio=0.07 skew=0.0903
18:17:05,2018-08-16 09:52:23,CS1,STATUS,,,,bid=106.27(REST) ask=109.26(REST) spread=3.0100 pos=+3L inv_ratio=0.07 skew=0.0903 filter_n=40
18:17:05,2018-08-16 09:52:23,CS2,SPREAD_TIGHT,,,,spread=0.0200 < 0.04 — waiting
18:17:05,2018-08-16 09:52:25,CS1,FILLED,BID,106.27,,order no longer in waiting list
18:17:05,2018-08-16 09:52:25,CS1,CANCEL,ASK,109.26,,outside spread bid=99.34 ask=109.26
18:17:06,2018-08-16 09:52:25,CS1,SUBMIT,BUY,98.75,3,bid=98.75 spread=9.9200 pos=+6L inv_ratio=0.15 skew=0.5952
18:17:07,2018-08-16 09:52:25,CS1,SUBMIT,SELL,108.65,3,ask=108.65 spread=9.9200 pos=+6L inv_ratio=0.15 skew=0.5952
18:17:07,2018-08-16 09:52:25,CS1,STATUS,,,,bid=98.75(REST) ask=108.65(REST) spread=9.9200 pos=+6L inv_ratio=0.15 skew=0.5952 filter_n=40
18:17:07,2018-08-16 09:52:25,CS2,SPREAD_TIGHT,,,,spread=0.0200 < 0.04 — waiting
18:17:08,2018-08-16 09:52:27,CS1,CANCEL,BID,98.75,,outside spread bid=99.34 ask=108.65
18:17:08,2018-08-16 09:52:27,CS1,CANCEL,ASK,108.65,,outside spread bid=99.34 ask=108.65
18:17:09,2018-08-16 09:52:27,CS1,SUBMIT,BUY,98.79,3,bid=98.79 spread=9.3100 pos=+6L inv_ratio=0.15 skew=0.5586
18:17:10,2018-08-16 09:52:27,CS1,SUBMIT,SELL,108.08,3,ask=108.08 spread=9.3100 pos=+6L inv_ratio=0.15 skew=0.5586
18:17:10,2018-08-16 09:52:27,CS1,STATUS,,,,bid=98.79(REST) ask=108.08(REST) spread=9.3100 pos=+6L inv_ratio=0.15 skew=0.5586 filter_n=40
18:17:10,2018-08-16 09:52:27,CS2,SPREAD_TIGHT,,,,spread=0.0200 < 0.04 — waiting
18:17:10,2018-08-16 09:52:29,CS1,CANCEL,BID,98.79,,outside spread bid=108.65 ask=140.48
18:17:10,2018-08-16 09:52:29,CS1,FILLED,ASK,108.08,,order no longer in waiting list
18:17:11,2018-08-16 09:52:29,CS1,SUBMIT,BUY,108.66,3,bid=108.66 spread=31.8300 pos=+0L inv_ratio=0.00 skew=0.0000
18:17:12,2018-08-16 09:52:29,CS1,SUBMIT,SELL,140.47,3,ask=140.47 spread=31.8300 pos=+0L inv_ratio=0.00 skew=0.0000
18:17:12,2018-08-16 09:52:29,CS1,STATUS,,,,bid=108.66(REST) ask=140.47(REST) spread=31.8300 pos=+0L inv_ratio=0.00 skew=0.0000 filter_n=40
18:17:12,2018-08-16 09:52:29,CS2,SPREAD_TIGHT,,,,spread=0.0100 < 0.04 — waiting
18:17:12,2018-08-16 09:52:32,CS1,CANCEL,BID,108.66,,outside spread bid=135.52 ask=140.47
18:17:12,2018-08-16 09:52:32,CS1,CANCEL,ASK,140.47,,outside spread bid=135.52 ask=140.47
18:17:13,2018-08-16 09:52:32,CS1,SUBMIT,BUY,135.53,3,bid=135.53 spread=4.9500 pos=+0L inv_ratio=0.00 skew=0.0000
18:17:14,2018-08-16 09:52:32,CS1,SUBMIT,SELL,140.46,3,ask=140.46 spread=4.9500 pos=+0L inv_ratio=0.00 skew=0.0000
18:17:14,2018-08-16 09:52:32,CS1,STATUS,,,,bid=135.53(REST) ask=140.46(REST) spread=4.9500 pos=+0L inv_ratio=0.00 skew=0.0000 filter_n=40
18:17:14,2018-08-16 09:52:32,CS2,ARB_DETECT,,201.59/200.26,49,agg_bid=268L agg_ask=191L submitting=49L
18:17:14,2018-08-16 09:52:32,CS2,ARB_SUBMIT,BOTH,,49,buy_id=e37715dd sell_id=e94ce3c1
18:17:14,2018-08-16 09:52:32,CS2,SPREAD_TIGHT,,,,spread=-1.3300 < 0.04 — waiting
18:17:14,2018-08-16 09:52:34,CS1,FILLED,BID,135.53,,order no longer in waiting list
18:17:14,2018-08-16 09:52:34,CS1,CANCEL,ASK,140.46,,outside spread bid=99.34 ask=140.46
18:17:15,2018-08-16 09:52:34,CS1,SUBMIT,BUY,98.12,3,bid=98.12 spread=41.1200 pos=+3L inv_ratio=0.07 skew=1.2336
18:17:16,2018-08-16 09:52:34,CS1,SUBMIT,SELL,139.22,3,ask=139.22 spread=41.1200 pos=+3L inv_ratio=0.07 skew=1.2336
18:17:16,2018-08-16 09:52:34,CS1,STATUS,,,,bid=98.12(REST) ask=139.22(REST) spread=41.1200 pos=+3L inv_ratio=0.07 skew=1.2336 filter_n=40
18:17:16,2018-08-16 09:52:34,CS2,ARB_FILLED,SELL,201.59,49,fully filled
18:17:16,2018-08-16 09:52:34,CS2,ARB_DETECT,,201.59/199.62,50,agg_bid=219L agg_ask=207L submitting=50L
18:17:16,2018-08-16 09:52:34,CS2,ARB_SUBMIT,BOTH,,50,buy_id=0ac56d6f sell_id=41ea5064
18:17:16,2018-08-16 09:52:34,CS2,SPREAD_TIGHT,,,,spread=-1.9700 < 0.04 — waiting
18:17:16,2018-08-16 09:52:36,CS1,CANCEL,BID,98.12,,outside spread bid=139.22 ask=177.62
18:17:16,2018-08-16 09:52:36,CS1,FILLED,ASK,139.22,,order no longer in waiting list
18:17:17,2018-08-16 09:52:36,CS1,SUBMIT,BUY,139.23,3,bid=139.23 spread=38.4000 pos=+0L inv_ratio=0.00 skew=0.0000
18:17:18,2018-08-16 09:52:36,CS1,SUBMIT,SELL,177.61,3,ask=177.61 spread=38.4000 pos=+0L inv_ratio=0.00 skew=0.0000
18:17:18,2018-08-16 09:52:36,CS1,STATUS,,,,bid=139.23(REST) ask=177.61(REST) spread=38.4000 pos=+0L inv_ratio=0.00 skew=0.0000 filter_n=40
18:17:19,2018-08-16 09:52:36,CS2,SUBMIT,BUY,201.76,3,bid=201.76 spread=0.9600 pos=-18L inv_ratio=-0.45 skew=-0.1728
18:17:20,2018-08-16 09:52:36,CS2,SUBMIT,SELL,202.7,3,ask=202.7 spread=0.9600 pos=-18L inv_ratio=-0.45 skew=-0.1728
18:17:20,2018-08-16 09:52:36,CS2,STATUS,,,,bid=201.76(REST) ask=202.7(REST) spread=0.9600 pos=-18L inv_ratio=-0.45 skew=-0.1728 filter_n=40
18:17:21,2018-08-16 09:52:40,CS1,FILLED,BID,139.23,,order no longer in waiting list
18:17:21,2018-08-16 09:52:40,CS1,FILLED,ASK,177.61,,order no longer in waiting list
18:17:21,2018-08-16 09:52:40,CS1,SPREAD_TIGHT,,,,spread=0.0100 < 0.04 — waiting
18:17:21,2018-08-16 09:52:40,CS2,ARB_DETECT,,203.2/201.53,17,agg_bid=17L agg_ask=142L submitting=17L
18:17:21,2018-08-16 09:52:40,CS2,ARB_SUBMIT,BOTH,,17,buy_id=52a48606 sell_id=aec71dd6
18:17:21,2018-08-16 09:52:40,CS2,FILLED,BID,201.76,,order no longer in waiting list
18:17:21,2018-08-16 09:52:40,CS2,FILLED,ASK,202.7,,order no longer in waiting list
18:17:21,2018-08-16 09:52:40,CS2,SPREAD_TIGHT,,,,spread=-1.6700 < 0.04 — waiting
18:17:21,2018-08-16 09:52:41,CS2,ARB_FILLED,BUY,201.53,17,fully filled
18:17:21,2018-08-16 09:52:41,CS2,ARB_FILLED,SELL,201.6753,17,fully filled
18:17:22,2018-08-16 09:52:42,CS2,ARB_DETECT,,201.92/199.77,50,agg_bid=269L agg_ask=246L submitting=50L
18:17:22,2018-08-16 09:52:42,CS2,ARB_SUBMIT,BOTH,,50,buy_id=af7d8a4e sell_id=0e46021f
18:17:23,2018-08-16 09:52:43,CS2,ARB_DETECT,,201.92/199.77,50,agg_bid=269L agg_ask=223L submitting=50L
18:17:23,2018-08-16 09:52:43,CS2,ARB_SUBMIT,BOTH,,50,buy_id=df1d95ba sell_id=94a0e428
18:17:23,2018-08-16 09:52:43,CS1,SPREAD_TIGHT,,,,spread=0.0100 < 0.04 — waiting
18:17:23,2018-08-16 09:52:43,CS2,SPREAD_TIGHT,,,,spread=-2.1500 < 0.04 — waiting
18:17:23,2018-08-16 09:52:43,CS2,ARB_DETECT,,201.92/199.77,50,agg_bid=269L agg_ask=223L submitting=50L
18:17:23,2018-08-16 09:52:43,CS2,ARB_SUBMIT,BOTH,,50,buy_id=e89aa021 sell_id=813f29c0
18:17:24,2018-08-16 09:52:44,CS2,ARB_DETECT,,201.92/199.78,50,agg_bid=268L agg_ask=182L submitting=50L
18:17:24,2018-08-16 09:52:44,CS2,ARB_SUBMIT,BOTH,,50,buy_id=3705af90 sell_id=f4f5fc76
18:17:24,2018-08-16 09:52:44,CS2,ARB_DETECT,,201.92/199.78,50,agg_bid=268L agg_ask=179L submitting=50L
18:17:24,2018-08-16 09:52:44,CS2,ARB_SUBMIT,BOTH,,50,buy_id=ae1ea9cd sell_id=dac198cf
18:17:25,2018-08-16 09:52:44,CS1,SPREAD_TIGHT,,,,spread=0.0100 < 0.04 — waiting
18:17:25,2018-08-16 09:52:44,CS2,SPREAD_TIGHT,,,,spread=-2.1400 < 0.04 — waiting
18:17:26,2018-08-16 09:52:46,CS2,ARB_DETECT,,198.69/197.2,19,agg_bid=269L agg_ask=19L submitting=19L
18:17:26,2018-08-16 09:52:46,CS2,ARB_SUBMIT,BOTH,,19,buy_id=727d3436 sell_id=1676dbff
18:17:28,2018-08-16 09:52:47,CS1,SUBMIT,BUY,101.35,3,bid=101.35 spread=76.2800 pos=+0L inv_ratio=0.00 skew=0.0000
18:17:29,2018-08-16 09:52:47,CS1,SUBMIT,SELL,177.61,3,ask=177.61 spread=76.2800 pos=+0L inv_ratio=0.00 skew=0.0000
18:17:29,2018-08-16 09:52:47,CS1,STATUS,,,,bid=101.35(REST) ask=177.61(REST) spread=76.2800 pos=+0L inv_ratio=0.00 skew=0.0000 filter_n=40
18:17:29,2018-08-16 09:52:47,CS2,ARB_FILLED,BUY,198.71,19,fully filled
18:17:29,2018-08-16 09:52:47,CS2,SPREAD_TIGHT,,,,spread=0.0100 < 0.04 — waiting
18:17:29,2018-08-16 09:52:49,CS1,FILLED,BID,101.35,,order no longer in waiting list
18:17:29,2018-08-16 09:52:49,CS1,CANCEL,ASK,177.61,,outside spread bid=100.34 ask=101.35
18:17:30,2018-08-16 09:52:49,CS1,SUBMIT,BUY,100.32,3,bid=100.32 spread=1.0100 pos=+3L inv_ratio=0.07 skew=0.0303
18:17:31,2018-08-16 09:52:49,CS1,SUBMIT,SELL,101.31,3,ask=101.31 spread=1.0100 pos=+3L inv_ratio=0.07 skew=0.0303
18:17:31,2018-08-16 09:52:49,CS1,STATUS,,,,bid=100.32(REST) ask=101.31(REST) spread=1.0100 pos=+3L inv_ratio=0.07 skew=0.0303 filter_n=40
18:17:31,2018-08-16 09:52:49,CS2,SPREAD_TIGHT,,,,spread=0.0100 < 0.04 — waiting
18:17:31,2018-08-16 09:52:52,CS1,CANCEL,BID,100.32,,outside spread bid=102.81 ask=177.62
18:17:31,2018-08-16 09:52:52,CS1,FILLED,ASK,101.31,,order no longer in waiting list
18:17:32,2018-08-16 09:52:52,CS1,SUBMIT,BUY,102.82,3,bid=102.82 spread=74.8100 pos=+0L inv_ratio=0.00 skew=0.0000
18:17:33,2018-08-16 09:52:52,CS1,SUBMIT,SELL,177.61,3,ask=177.61 spread=74.8100 pos=+0L inv_ratio=0.00 skew=0.0000
18:17:33,2018-08-16 09:52:52,CS1,STATUS,,,,bid=102.82(REST) ask=177.61(REST) spread=74.8100 pos=+0L inv_ratio=0.00 skew=0.0000 filter_n=40
18:17:33,2018-08-16 09:52:52,CS2,SPREAD_TIGHT,,,,spread=0.0200 < 0.04 — waiting
18:17:34,2018-08-16 09:52:54,CS1,CANCEL,BID,102.82,,outside spread bid=102.82 ask=142.22
18:17:34,2018-08-16 09:52:54,CS1,CANCEL,ASK,177.61,,outside spread bid=102.82 ask=142.22
18:17:35,2018-08-16 09:52:54,CS1,SUBMIT,BUY,103.62,3,bid=103.62 spread=39.4000 pos=-2L inv_ratio=-0.05 skew=-0.7880
18:17:36,2018-08-16 09:52:54,CS1,SUBMIT,SELL,143.0,3,ask=143.0 spread=39.4000 pos=-2L inv_ratio=-0.05 skew=-0.7880
18:17:36,2018-08-16 09:52:54,CS1,STATUS,,,,bid=103.62(REST) ask=143.0(REST) spread=39.4000 pos=-2L inv_ratio=-0.05 skew=-0.7880 filter_n=40
18:17:36,2018-08-16 09:52:54,CS2,SPREAD_TIGHT,,,,spread=0.0100 < 0.04 — waiting
18:17:36,2018-08-16 09:52:56,CS1,CANCEL,BID,103.62,,outside spread bid=103.62 ask=156.92
18:17:36,2018-08-16 09:52:56,CS1,FILLED,ASK,143.0,,order no longer in waiting list
18:17:37,2018-08-16 09:52:56,CS1,SUBMIT,BUY,106.3,3,bid=106.3 spread=53.3000 pos=-5L inv_ratio=-0.12 skew=-2.6650
18:17:38,2018-08-16 09:52:56,CS1,SUBMIT,SELL,159.57,3,ask=159.57 spread=53.3000 pos=-5L inv_ratio=-0.12 skew=-2.6650
18:17:38,2018-08-16 09:52:56,CS1,STATUS,,,,bid=106.3(REST) ask=159.57(REST) spread=53.3000 pos=-5L inv_ratio=-0.12 skew=-2.6650 filter_n=40
18:17:38,2018-08-16 09:52:56,CS2,ARB_DETECT,,200.16/200.15,18,agg_bid=80L agg_ask=18L submitting=18L
18:17:38,2018-08-16 09:52:56,CS2,ARB_SUBMIT,BOTH,,18,buy_id=b55bbea7 sell_id=bf1f4b4c
18:17:38,2018-08-16 09:52:56,CS2,SPREAD_TIGHT,,,,spread=-0.0100 < 0.04 — waiting
18:17:38,2018-08-16 09:52:58,CS1,FILLED,BID,106.3,,order no longer in waiting list
18:17:38,2018-08-16 09:52:58,CS1,CANCEL,ASK,159.57,,outside spread bid=99.33 ask=116.8
18:17:39,2018-08-16 09:52:58,CS1,SUBMIT,BUY,99.69,3,bid=99.69 spread=17.4700 pos=-2L inv_ratio=-0.05 skew=-0.3494
18:17:40,2018-08-16 09:52:58,CS1,SUBMIT,SELL,117.14,3,ask=117.14 spread=17.4700 pos=-2L inv_ratio=-0.05 skew=-0.3494
18:17:40,2018-08-16 09:52:58,CS1,STATUS,,,,bid=99.69(REST) ask=117.14(REST) spread=17.4700 pos=-2L inv_ratio=-0.05 skew=-0.3494 filter_n=40
18:17:40,2018-08-16 09:52:58,CS2,ARB_FILLED,BUY,198.23,18,fully filled
18:17:40,2018-08-16 09:52:58,CS2,ARB_FILLED,SELL,200.16,18,fully filled
18:17:40,2018-08-16 09:52:58,CS2,ARB_DETECT,,200.16/198.23,50,agg_bid=191L agg_ask=190L submitting=50L
18:17:40,2018-08-16 09:52:58,CS2,ARB_SUBMIT,BOTH,,50,buy_id=95f754a3 sell_id=24d3f344
18:17:40,2018-08-16 09:52:58,CS2,SPREAD_TIGHT,,,,spread=-1.9300 < 0.04 — waiting
18:17:40,2018-08-16 09:53:00,CS1,CANCEL,BID,99.69,,outside spread bid=99.69 ask=117.14
18:17:40,2018-08-16 09:53:00,CS1,CANCEL,ASK,117.14,,outside spread bid=99.69 ask=117.14
18:17:41,2018-08-16 09:53:00,CS1,SUBMIT,BUY,100.05,3,bid=100.05 spread=17.4500 pos=-2L inv_ratio=-0.05 skew=-0.3490
18:17:42,2018-08-16 09:53:00,CS1,SUBMIT,SELL,117.48,3,ask=117.48 spread=17.4500 pos=-2L inv_ratio=-0.05 skew=-0.3490
18:17:42,2018-08-16 09:53:00,CS1,STATUS,,,,bid=100.05(REST) ask=117.48(REST) spread=17.4500 pos=-2L inv_ratio=-0.05 skew=-0.3490 filter_n=40
18:17:42,2018-08-16 09:53:00,CS2,ARB_DETECT,,201.55/198.24,50,agg_bid=248L agg_ask=147L submitting=50L
18:17:42,2018-08-16 09:53:00,CS2,ARB_SUBMIT,BOTH,,50,buy_id=c0930c06 sell_id=3b28bf7b
18:17:42,2018-08-16 09:53:00,CS2,SPREAD_TIGHT,,,,spread=-3.3100 < 0.04 — waiting
18:17:42,2018-08-16 09:53:03,CS1,CANCEL,BID,100.05,,outside spread bid=110.77 ask=112.12
18:17:42,2018-08-16 09:53:03,CS1,CANCEL,ASK,117.48,,outside spread bid=110.77 ask=112.12
18:17:43,2018-08-16 09:53:03,CS1,SUBMIT,BUY,110.81,3,bid=110.81 spread=1.3500 pos=-2L inv_ratio=-0.05 skew=-0.0270
18:17:44,2018-08-16 09:53:03,CS1,SUBMIT,SELL,112.14,3,ask=112.14 spread=1.3500 pos=-2L inv_ratio=-0.05 skew=-0.0270
18:17:44,2018-08-16 09:53:03,CS1,STATUS,,,,bid=110.81(REST) ask=112.14(REST) spread=1.3500 pos=-2L inv_ratio=-0.05 skew=-0.0270 filter_n=40
18:17:44,2018-08-16 09:53:03,CS2,SPREAD_TIGHT,,,,spread=0.0000 < 0.04 — waiting
18:17:45,2018-08-16 09:53:04,CS1,FILLED,BID,110.81,,order no longer in waiting list
18:17:45,2018-08-16 09:53:04,CS1,CANCEL,ASK,112.14,,outside spread bid=109.47 ask=110.81
18:17:46,2018-08-16 09:53:04,CS1,SUBMIT,BUY,109.47,3,bid=109.47 spread=1.3400 pos=+1L inv_ratio=0.03 skew=0.0134
18:17:47,2018-08-16 09:53:04,CS1,SUBMIT,SELL,110.79,3,ask=110.79 spread=1.3400 pos=+1L inv_ratio=0.03 skew=0.0134
18:17:47,2018-08-16 09:53:04,CS1,STATUS,,,,bid=109.47(REST) ask=110.79(REST) spread=1.3400 pos=+1L inv_ratio=0.03 skew=0.0134 filter_n=40
18:17:47,2018-08-16 09:53:04,CS2,ARB_DETECT,,202.24/198.26,50,agg_bid=268L agg_ask=223L submitting=50L
18:17:47,2018-08-16 09:53:04,CS2,ARB_SUBMIT,BOTH,,50,buy_id=2fefe226 sell_id=ac6a99d0
18:17:47,2018-08-16 09:53:04,CS2,SPREAD_TIGHT,,,,spread=-3.9800 < 0.04 — waiting
18:17:47,2018-08-16 09:53:07,CS1,CANCEL,BID,109.47,,outside spread bid=109.79 ask=112.79
18:17:47,2018-08-16 09:53:07,CS1,FILLED,ASK,110.79,,order no longer in waiting list
18:17:48,2018-08-16 09:53:07,CS1,SUBMIT,BUY,109.95,3,bid=109.95 spread=3.0000 pos=-5L inv_ratio=-0.12 skew=-0.1500
18:17:49,2018-08-16 09:53:07,CS1,SUBMIT,SELL,112.93,3,ask=112.93 spread=3.0000 pos=-5L inv_ratio=-0.12 skew=-0.1500
18:17:49,2018-08-16 09:53:07,CS1,STATUS,,,,bid=109.95(REST) ask=112.93(REST) spread=3.0000 pos=-5L inv_ratio=-0.12 skew=-0.1500 filter_n=40
18:17:49,2018-08-16 09:53:07,CS2,ARB_DETECT,,202.24/198.27,50,agg_bid=248L agg_ask=225L submitting=50L
18:17:49,2018-08-16 09:53:07,CS2,ARB_SUBMIT,BOTH,,50,buy_id=e4fece84 sell_id=fb15b5ce
18:17:49,2018-08-16 09:53:07,CS2,SPREAD_TIGHT,,,,spread=-3.9700 < 0.04 — waiting
18:17:49,2018-08-16 09:53:09,CS1,FILLED,BID,109.95,,order no longer in waiting list
18:17:49,2018-08-16 09:53:09,CS1,CANCEL,ASK,112.93,,outside spread bid=106.64 ask=109.95
18:17:50,2018-08-16 09:53:09,CS1,SUBMIT,BUY,106.72,3,bid=106.72 spread=3.3100 pos=-2L inv_ratio=-0.05 skew=-0.0662
18:17:51,2018-08-16 09:53:09,CS1,SUBMIT,SELL,110.01,3,ask=110.01 spread=3.3100 pos=-2L inv_ratio=-0.05 skew=-0.0662
18:17:51,2018-08-16 09:53:09,CS1,STATUS,,,,bid=106.72(REST) ask=110.01(REST) spread=3.3100 pos=-2L inv_ratio=-0.05 skew=-0.0662 filter_n=40
18:17:51,2018-08-16 09:53:09,CS2,ARB_DETECT,,202.24/198.29,50,agg_bid=228L agg_ask=254L submitting=50L
18:17:51,2018-08-16 09:53:09,CS2,ARB_SUBMIT,BOTH,,50,buy_id=3e31b462 sell_id=57fc9b54
18:17:51,2018-08-16 09:53:09,CS2,SPREAD_TIGHT,,,,spread=-3.9500 < 0.04 — waiting
18:17:51,2018-08-16 09:53:11,CS1,FILLED,BID,106.72,,order no longer in waiting list
18:17:51,2018-08-16 09:53:11,CS1,CANCEL,ASK,110.01,,outside spread bid=99.33 ask=110.01
18:17:52,2018-08-16 09:53:11,CS1,SUBMIT,BUY,99.23,3,bid=99.23 spread=10.6800 pos=+1L inv_ratio=0.03 skew=0.1068
18:17:53,2018-08-16 09:53:11,CS1,SUBMIT,SELL,109.89,3,ask=109.89 spread=10.6800 pos=+1L inv_ratio=0.03 skew=0.1068
18:17:53,2018-08-16 09:53:11,CS1,STATUS,,,,bid=99.23(REST) ask=109.89(REST) spread=10.6800 pos=+1L inv_ratio=0.03 skew=0.1068 filter_n=40
18:17:53,2018-08-16 09:53:11,CS2,ARB_DETECT,,202.34/198.33,20,agg_bid=20L agg_ask=264L submitting=20L
18:17:53,2018-08-16 09:53:11,CS2,ARB_SUBMIT,BOTH,,20,buy_id=1c19ee1e sell_id=3a8747df
18:17:53,2018-08-16 09:53:11,CS2,SPREAD_TIGHT,,,,spread=-4.0100 < 0.04 — waiting
18:17:54,2018-08-16 09:53:14,CS1,CANCEL,BID,99.23,,outside spread bid=102.61 ask=109.89
18:17:54,2018-08-16 09:53:14,CS1,CANCEL,ASK,109.89,,outside spread bid=102.61 ask=109.89
18:17:55,2018-08-16 09:53:14,CS1,SUBMIT,BUY,102.98,3,bid=102.98 spread=7.2800 pos=-5L inv_ratio=-0.12 skew=-0.3640
18:17:56,2018-08-16 09:53:14,CS1,SUBMIT,SELL,110.24,3,ask=110.24 spread=7.2800 pos=-5L inv_ratio=-0.12 skew=-0.3640
18:17:56,2018-08-16 09:53:14,CS1,STATUS,,,,bid=102.98(REST) ask=110.24(REST) spread=7.2800 pos=-5L inv_ratio=-0.12 skew=-0.3640 filter_n=40
18:17:56,2018-08-16 09:53:14,CS2,ARB_FILLED,BUY,198.33,20,fully filled
18:17:56,2018-08-16 09:53:14,CS2,ARB_DETECT,,202.34/198.33,50,agg_bid=82L agg_ask=221L submitting=50L
18:17:56,2018-08-16 09:53:14,CS2,ARB_SUBMIT,BOTH,,50,buy_id=c89f9f2f sell_id=8589d355
18:17:56,2018-08-16 09:53:14,CS2,SPREAD_TIGHT,,,,spread=-4.0100 < 0.04 — waiting
18:17:56,2018-08-16 09:53:15,CS1,CANCEL,BID,102.98,,outside spread bid=102.98 ask=104.61
18:17:56,2018-08-16 09:53:15,CS1,CANCEL,ASK,110.24,,outside spread bid=102.98 ask=104.61
18:17:57,2018-08-16 09:53:15,CS1,SUBMIT,BUY,103.07,3,bid=103.07 spread=1.6300 pos=-5L inv_ratio=-0.12 skew=-0.0815
18:17:58,2018-08-16 09:53:15,CS1,SUBMIT,SELL,104.68,3,ask=104.68 spread=1.6300 pos=-5L inv_ratio=-0.12 skew=-0.0815
18:17:58,2018-08-16 09:53:15,CS1,STATUS,,,,bid=103.07(REST) ask=104.68(REST) spread=1.6300 pos=-5L inv_ratio=-0.12 skew=-0.0815 filter_n=40
18:17:58,2018-08-16 09:53:15,CS2,ARB_FILLED,SELL,202.36,50,fully filled
18:17:58,2018-08-16 09:53:15,CS2,ARB_DETECT,,202.36/198.35,50,agg_bid=248L agg_ask=242L submitting=50L
18:17:58,2018-08-16 09:53:15,CS2,ARB_SUBMIT,BOTH,,50,buy_id=1a81ac70 sell_id=7c014d7f
18:17:58,2018-08-16 09:53:15,CS2,SPREAD_TIGHT,,,,spread=-4.0100 < 0.04 — waiting
18:17:58,2018-08-16 09:53:18,CS1,CANCEL,BID,103.07,,outside spread bid=303.53 ask=500.0
18:17:58,2018-08-16 09:53:18,CS1,FILLED,ASK,104.68,,order no longer in waiting list
18:17:59,2018-08-16 09:53:18,CS1,SUBMIT,BUY,313.36,3,bid=313.36 spread=196.4700 pos=-5L inv_ratio=-0.12 skew=-9.8235
18:18:00,2018-08-16 09:53:18,CS1,SUBMIT,SELL,509.81,3,ask=509.81 spread=196.4700 pos=-5L inv_ratio=-0.12 skew=-9.8235
18:18:00,2018-08-16 09:53:18,CS1,STATUS,,,,bid=313.36(REST) ask=509.81(REST) spread=196.4700 pos=-5L inv_ratio=-0.12 skew=-9.8235 filter_n=40
18:18:00,2018-08-16 09:53:18,CS2,ARB_DETECT,,202.37/199.79,50,agg_bid=142L agg_ask=226L submitting=50L
18:18:00,2018-08-16 09:53:18,CS2,ARB_SUBMIT,BOTH,,50,buy_id=4a63a159 sell_id=9c598416
18:18:00,2018-08-16 09:53:18,CS2,SPREAD_TIGHT,,,,spread=-2.5800 < 0.04 — waiting
18:18:00,2018-08-16 09:53:20,CS1,FILLED,BID,313.36,,order no longer in waiting list
18:18:00,2018-08-16 09:53:20,CS1,CANCEL,ASK,509.81,,outside spread bid=99.33 ask=301.53
18:18:01,2018-08-16 09:53:20,CS1,SUBMIT,BUY,103.38,3,bid=103.38 spread=202.2000 pos=-2L inv_ratio=-0.05 skew=-4.0440
18:18:02,2018-08-16 09:53:20,CS1,SUBMIT,SELL,305.56,3,ask=305.56 spread=202.2000 pos=-2L inv_ratio=-0.05 skew=-4.0440
18:18:02,2018-08-16 09:53:20,CS1,STATUS,,,,bid=103.38(REST) ask=305.56(REST) spread=202.2000 pos=-2L inv_ratio=-0.05 skew=-4.0440 filter_n=40
18:18:02,2018-08-16 09:53:20,CS2,ARB_DETECT,,202.36/199.81,50,agg_bid=155L agg_ask=124L submitting=50L
18:18:02,2018-08-16 09:53:20,CS2,ARB_SUBMIT,BOTH,,50,buy_id=47058172 sell_id=557bec82
18:18:02,2018-08-16 09:53:20,CS2,SPREAD_TIGHT,,,,spread=-2.5500 < 0.04 — waiting
18:18:03,2018-08-16 09:53:23,CS1,FILLED,BID,103.38,,order no longer in waiting list
18:18:03,2018-08-16 09:53:23,CS1,CANCEL,ASK,305.56,,outside spread bid=103.38 ask=202.45
18:18:04,2018-08-16 09:53:23,CS1,SUBMIT,BUY,102.4,3,bid=102.4 spread=99.0700 pos=+1L inv_ratio=0.03 skew=0.9907
18:18:05,2018-08-16 09:53:23,CS1,SUBMIT,SELL,201.45,3,ask=201.45 spread=99.0700 pos=+1L inv_ratio=0.03 skew=0.9907
18:18:05,2018-08-16 09:53:23,CS1,STATUS,,,,bid=102.4(REST) ask=201.45(REST) spread=99.0700 pos=+1L inv_ratio=0.03 skew=0.9907 filter_n=40
18:18:05,2018-08-16 09:53:23,CS2,ARB_DETECT,,202.86/199.82,50,agg_bid=269L agg_ask=220L submitting=50L
18:18:05,2018-08-16 09:53:23,CS2,ARB_SUBMIT,BOTH,,50,buy_id=cfa9e04c sell_id=b33a9c64
18:18:05,2018-08-16 09:53:23,CS2,SPREAD_TIGHT,,,,spread=-3.0400 < 0.04 — waiting
18:18:05,2018-08-16 09:53:25,CS1,CANCEL,BID,102.4,,outside spread bid=102.4 ask=149.93
18:18:05,2018-08-16 09:53:25,CS1,CANCEL,ASK,201.45,,outside spread bid=102.4 ask=149.93
18:18:06,2018-08-16 09:53:25,CS1,SUBMIT,BUY,101.93,3,bid=101.93 spread=47.5300 pos=+1L inv_ratio=0.03 skew=0.4753
18:18:07,2018-08-16 09:53:25,CS1,SUBMIT,SELL,149.44,3,ask=149.44 spread=47.5300 pos=+1L inv_ratio=0.03 skew=0.4753
18:18:07,2018-08-16 09:53:25,CS1,STATUS,,,,bid=101.93(REST) ask=149.44(REST) spread=47.5300 pos=+1L inv_ratio=0.03 skew=0.4753 filter_n=40
18:18:07,2018-08-16 09:53:25,CS2,SPREAD_TIGHT,,,,spread=0.0300 < 0.04 — waiting
18:18:07,2018-08-16 09:53:26,CS1,FILLED,BID,101.93,,order no longer in waiting list
18:18:07,2018-08-16 09:53:26,CS1,CANCEL,ASK,149.44,,outside spread bid=99.33 ask=101.93
18:18:08,2018-08-16 09:53:26,CS1,SUBMIT,BUY,99.24,3,bid=99.24 spread=2.6000 pos=+4L inv_ratio=0.10 skew=0.1040
18:18:09,2018-08-16 09:53:26,CS1,SUBMIT,SELL,101.82,3,ask=101.82 spread=2.6000 pos=+4L inv_ratio=0.10 skew=0.1040
18:18:09,2018-08-16 09:53:26,CS1,STATUS,,,,bid=99.24(REST) ask=101.82(REST) spread=2.6000 pos=+4L inv_ratio=0.10 skew=0.1040 filter_n=40
18:18:09,2018-08-16 09:53:26,CS2,ARB_DETECT,,204.23/203.76,49,agg_bid=269L agg_ask=250L submitting=49L
18:18:09,2018-08-16 09:53:26,CS2,ARB_SUBMIT,BOTH,,49,buy_id=ebd462c8 sell_id=e0b85ffa
18:18:09,2018-08-16 09:53:26,CS2,SPREAD_TIGHT,,,,spread=-0.4700 < 0.04 — waiting
18:18:09,2018-08-16 09:53:29,CS1,CANCEL,BID,99.24,,outside spread bid=99.33 ask=500.0
18:18:09,2018-08-16 09:53:29,CS1,FILLED,ASK,101.82,,order no longer in waiting list
18:18:10,2018-08-16 09:53:29,CS1,SUBMIT,BUY,95.33,3,bid=95.33 spread=400.6700 pos=+1L inv_ratio=0.03 skew=4.0067
18:18:11,2018-08-16 09:53:29,CS1,SUBMIT,SELL,495.98,3,ask=495.98 spread=400.6700 pos=+1L inv_ratio=0.03 skew=4.0067
18:18:11,2018-08-16 09:53:29,CS1,STATUS,,,,bid=95.33(REST) ask=495.98(REST) spread=400.6700 pos=+1L inv_ratio=0.03 skew=4.0067 filter_n=40
18:18:12,2018-08-16 09:53:29,CS2,SUBMIT,BUY,204.98,3,bid=204.98 spread=0.0700 pos=-29L inv_ratio=-0.72 skew=-0.0203
18:18:13,2018-08-16 09:53:29,CS2,SUBMIT,SELL,205.03,3,ask=205.03 spread=0.0700 pos=-29L inv_ratio=-0.72 skew=-0.0203
18:18:13,2018-08-16 09:53:29,CS2,STATUS,,,,bid=204.98(REST) ask=205.03(REST) spread=0.0700 pos=-29L inv_ratio=-0.72 skew=-0.0203 filter_n=40
18:18:13,2018-08-16 09:53:33,CS1,CANCEL,BID,95.33,,outside spread bid=99.33 ask=201.5
18:18:13,2018-08-16 09:53:33,CS1,FILLED,ASK,495.98,,order no longer in waiting list
18:18:14,2018-08-16 09:53:33,CS1,SUBMIT,BUY,101.38,3,bid=101.38 spread=102.1700 pos=-2L inv_ratio=-0.05 skew=-2.0434
18:18:15,2018-08-16 09:53:33,CS1,SUBMIT,SELL,203.53,3,ask=203.53 spread=102.1700 pos=-2L inv_ratio=-0.05 skew=-2.0434
18:18:15,2018-08-16 09:53:33,CS1,STATUS,,,,bid=101.38(REST) ask=203.53(REST) spread=102.1700 pos=-2L inv_ratio=-0.05 skew=-2.0434 filter_n=40
18:18:15,2018-08-16 09:53:33,CS2,FILLED,BID,204.98,,order no longer in waiting list
18:18:15,2018-08-16 09:53:33,CS2,FILLED,ASK,205.03,,order no longer in waiting list
18:18:16,2018-08-16 09:53:33,CS2,SUBMIT,BUY,202.37,3,bid=202.37 spread=2.8300 pos=-26L inv_ratio=-0.65 skew=-0.7358
18:18:18,2018-08-16 09:53:33,CS2,SUBMIT,SELL,205.18,3,ask=205.18 spread=2.8300 pos=-26L inv_ratio=-0.65 skew=-0.7358
18:18:18,2018-08-16 09:53:33,CS2,STATUS,,,,bid=202.37(REST) ask=205.18(REST) spread=2.8300 pos=-26L inv_ratio=-0.65 skew=-0.7358 filter_n=40
18:18:18,2018-08-16 09:53:38,CS1,CANCEL,BID,101.38,,outside spread bid=126.89 ask=203.53
18:18:18,2018-08-16 09:53:38,CS1,CANCEL,ASK,203.53,,outside spread bid=126.89 ask=203.53
18:18:19,2018-08-16 09:53:38,CS1,SUBMIT,BUY,128.43,3,bid=128.43 spread=76.6400 pos=-2L inv_ratio=-0.05 skew=-1.5328
18:18:20,2018-08-16 09:53:38,CS1,SUBMIT,SELL,205.05,3,ask=205.05 spread=76.6400 pos=-2L inv_ratio=-0.05 skew=-1.5328
18:18:20,2018-08-16 09:53:38,CS1,STATUS,,,,bid=128.43(REST) ask=205.05(REST) spread=76.6400 pos=-2L inv_ratio=-0.05 skew=-1.5328 filter_n=40
18:18:20,2018-08-16 09:53:38,CS2,ARB_DETECT,,201.61/200.76,20,agg_bid=20L agg_ask=30L submitting=20L
18:18:20,2018-08-16 09:53:38,CS2,ARB_SUBMIT,BOTH,,20,buy_id=5e96dbe0 sell_id=738e3143
18:18:20,2018-08-16 09:53:38,CS2,FILLED,BID,202.37,,order no longer in waiting list
18:18:20,2018-08-16 09:53:38,CS2,CANCEL,ASK,205.18,,outside spread bid=201.61 ask=200.76
18:18:20,2018-08-16 09:53:38,CS2,SPREAD_TIGHT,,,,spread=-0.8500 < 0.04 — waiting
18:18:20,2018-08-16 09:53:40,CS1,FILLED,BID,128.43,,order no longer in waiting list
18:18:20,2018-08-16 09:53:40,CS1,CANCEL,ASK,205.05,,outside spread bid=99.33 ask=163.47
18:18:21,2018-08-16 09:53:40,CS1,SUBMIT,BUY,98.7,3,bid=98.7 spread=64.1400 pos=+1L inv_ratio=0.03 skew=0.6414
18:18:22,2018-08-16 09:53:40,CS1,SUBMIT,SELL,162.82,3,ask=162.82 spread=64.1400 pos=+1L inv_ratio=0.03 skew=0.6414
18:18:22,2018-08-16 09:53:40,CS1,STATUS,,,,bid=98.7(REST) ask=162.82(REST) spread=64.1400 pos=+1L inv_ratio=0.03 skew=0.6414 filter_n=40
18:18:22,2018-08-16 09:53:40,CS2,ARB_FILLED,BUY,202.6235,20,fully filled
18:18:22,2018-08-16 09:53:40,CS2,ARB_FILLED,SELL,201.546,20,fully filled
18:18:22,2018-08-16 09:53:40,CS2,SPREAD_TIGHT,,,,spread=0.0200 < 0.04 — waiting
18:18:22,2018-08-16 09:53:42,CS1,CANCEL,BID,98.7,,outside spread bid=99.33 ask=298.76
18:18:23,2018-08-16 09:53:42,CS1,SUBMIT,BUY,97.35,3,bid=97.35 spread=199.4300 pos=+1L inv_ratio=0.03 skew=1.9943
18:18:23,2018-08-16 09:53:42,CS1,STATUS,,,,bid=97.35(REST) ask=296.76(REST) spread=199.4300 pos=+1L inv_ratio=0.03 skew=1.9943 filter_n=40
18:18:24,2018-08-16 09:53:44,CS2,SPREAD_TIGHT,,,,spread=0.0100 < 0.04 — waiting
18:18:24,2018-08-16 09:53:44,CS1,CANCEL,BID,97.35,,outside spread bid=99.33 ask=329.41
18:18:24,2018-08-16 09:53:44,CS1,FILLED,ASK,162.82,,order no longer in waiting list
18:18:25,2018-08-16 09:53:44,CS1,SUBMIT,BUY,103.94,3,bid=103.94 spread=230.0800 pos=-2L inv_ratio=-0.05 skew=-4.6016
18:18:26,2018-08-16 09:53:44,CS1,SUBMIT,SELL,334.0,3,ask=334.0 spread=230.0800 pos=-2L inv_ratio=-0.05 skew=-4.6016
18:18:26,2018-08-16 09:53:44,CS1,STATUS,,,,bid=103.94(REST) ask=334.0(REST) spread=230.0800 pos=-2L inv_ratio=-0.05 skew=-4.6016 filter_n=40
18:18:26,2018-08-16 09:53:44,CS2,ARB_DETECT,,203.62/200.68,49,agg_bid=249L agg_ask=247L submitting=49L
18:18:26,2018-08-16 09:53:44,CS2,ARB_SUBMIT,BOTH,,49,buy_id=0bbe172b sell_id=576b44b2
18:18:26,2018-08-16 09:53:44,CS2,SPREAD_TIGHT,,,,spread=-2.9400 < 0.04 — waiting
18:18:26,2018-08-16 09:53:47,CS1,FILLED,BID,103.94,,order no longer in waiting list
18:18:26,2018-08-16 09:53:47,CS1,CANCEL,ASK,334.0,,outside spread bid=99.33 ask=214.68
18:18:27,2018-08-16 09:53:47,CS1,SUBMIT,BUY,98.19,3,bid=98.19 spread=115.3500 pos=+1L inv_ratio=0.03 skew=1.1535
18:18:29,2018-08-16 09:53:47,CS1,SUBMIT,SELL,213.52,3,ask=213.52 spread=115.3500 pos=+1L inv_ratio=0.03 skew=1.1535
18:18:29,2018-08-16 09:53:47,CS1,STATUS,,,,bid=98.19(REST) ask=213.52(REST) spread=115.3500 pos=+1L inv_ratio=0.03 skew=1.1535 filter_n=40
18:18:29,2018-08-16 09:53:47,CS2,ARB_FILLED,BUY,200.68,49,fully filled
18:18:29,2018-08-16 09:53:47,CS2,ARB_DETECT,,203.62/200.69,49,agg_bid=229L agg_ask=135L submitting=49L
18:18:29,2018-08-16 09:53:47,CS2,ARB_SUBMIT,BOTH,,49,buy_id=2448dd0d sell_id=8d7652e3
18:18:29,2018-08-16 09:53:47,CS2,SPREAD_TIGHT,,,,spread=-2.9300 < 0.04 — waiting
18:18:29,2018-08-16 09:53:49,CS1,CANCEL,BID,98.19,,outside spread bid=99.33 ask=213.68
18:18:29,2018-08-16 09:53:49,CS1,FILLED,ASK,213.52,,order no longer in waiting list
18:18:30,2018-08-16 09:53:49,CS1,SUBMIT,BUY,101.63,3,bid=101.63 spread=114.3500 pos=-2L inv_ratio=-0.05 skew=-2.2870
18:18:31,2018-08-16 09:53:49,CS1,SUBMIT,SELL,215.96,3,ask=215.96 spread=114.3500 pos=-2L inv_ratio=-0.05 skew=-2.2870
18:18:31,2018-08-16 09:53:49,CS1,STATUS,,,,bid=101.63(REST) ask=215.96(REST) spread=114.3500 pos=-2L inv_ratio=-0.05 skew=-2.2870 filter_n=40
18:18:31,2018-08-16 09:53:49,CS2,ARB_FILLED,SELL,203.6182,49,fully filled
18:18:31,2018-08-16 09:53:49,CS2,ARB_DETECT,,203.61/200.72,33,agg_bid=160L agg_ask=33L submitting=33L
18:18:31,2018-08-16 09:53:49,CS2,ARB_SUBMIT,BOTH,,33,buy_id=b850bcb7 sell_id=3f6394d8
18:18:31,2018-08-16 09:53:49,CS2,SPREAD_TIGHT,,,,spread=-2.8900 < 0.04 — waiting
18:18:31,2018-08-16 09:53:51,CS1,CANCEL,BID,101.63,,outside spread bid=158.41 ask=212.68
18:18:31,2018-08-16 09:53:51,CS1,CANCEL,ASK,215.96,,outside spread bid=158.41 ask=212.68
18:18:32,2018-08-16 09:53:51,CS1,SUBMIT,BUY,159.51,3,bid=159.51 spread=54.2700 pos=-2L inv_ratio=-0.05 skew=-1.0854
18:18:33,2018-08-16 09:53:51,CS1,SUBMIT,SELL,213.76,3,ask=213.76 spread=54.2700 pos=-2L inv_ratio=-0.05 skew=-1.0854
18:18:33,2018-08-16 09:53:51,CS1,STATUS,,,,bid=159.51(REST) ask=213.76(REST) spread=54.2700 pos=-2L inv_ratio=-0.05 skew=-1.0854 filter_n=40
18:18:33,2018-08-16 09:53:51,CS2,ARB_FILLED,BUY,202.7482,33,fully filled
18:18:33,2018-08-16 09:53:51,CS2,SPREAD_TIGHT,,,,spread=0.0300 < 0.04 — waiting
18:18:33,2018-08-16 09:53:53,CS1,CANCEL,BID,159.51,,outside spread bid=212.68 ask=213.76
18:18:33,2018-08-16 09:53:53,CS1,CANCEL,ASK,213.76,,outside spread bid=212.68 ask=213.76
18:18:34,2018-08-16 09:53:53,CS1,SUBMIT,BUY,212.71,3,bid=212.71 spread=1.0800 pos=-2L inv_ratio=-0.05 skew=-0.0216
18:18:35,2018-08-16 09:53:53,CS1,SUBMIT,SELL,213.77,3,ask=213.77 spread=1.0800 pos=-2L inv_ratio=-0.05 skew=-0.0216
18:18:35,2018-08-16 09:53:53,CS1,STATUS,,,,bid=212.71(REST) ask=213.77(REST) spread=1.0800 pos=-2L inv_ratio=-0.05 skew=-0.0216 filter_n=40
