wall_time,sim_time,symbol,event,side,price,lots,detail
18:17:01,2018-08-16 09:30:32,CS1,SPREAD_TIGHT,,,,spread=0.0400 < 0.05 — cancelling
18:17:01,2018-08-16 09:30:32,CS2,SPREAD_TIGHT,,,,spread=0.0100 < 0.05 — cancelling
18:17:01,2018-08-16 09:30:32,CS3,SUBMIT,BUY,99.88,3,bid+1tick=99.88 spread=0.1300 pos=+0L
18:17:01,2018-08-16 09:30:32,CS3,SUBMIT,SELL,99.99,3,ask-1tick=99.99 spread=0.1300 pos=+0L
18:17:01,2018-08-16 09:30:32,CS3,STATUS,,,,bid=99.88(NEW) ask=99.99(NEW) spread=0.1300 pos=+0L
18:17:03,2018-08-16 09:30:32,CS1,SPREAD_TIGHT,,,,spread=0.0400 < 0.05 — cancelling
18:17:03,2018-08-16 09:30:32,CS2,SPREAD_TIGHT,,,,spread=0.0100 < 0.05 — cancelling
18:17:03,2018-08-16 09:30:32,CS3,CANCEL,BUY,99.88,,outside spread bid=99.88 ask=99.99
18:17:03,2018-08-16 09:30:32,CS3,CANCEL,SELL,99.99,,outside spread bid=99.88 ask=99.99
18:17:04,2018-08-16 09:30:32,CS3,SUBMIT,BUY,99.88,3,bid+1tick=99.88 spread=0.1300 pos=+0L
18:17:04,2018-08-16 09:30:32,CS3,SUBMIT,SELL,99.99,3,ask-1tick=99.99 spread=0.1300 pos=+0L
18:17:04,2018-08-16 09:30:32,CS3,STATUS,,,,bid=99.88(NEW) ask=99.99(NEW) spread=0.1300 pos=+0L
18:17:05,2018-08-16 09:30:36,CS1,SPREAD_TIGHT,,,,spread=0.0100 < 0.05 — cancelling
18:17:05,2018-08-16 09:30:36,CS2,SPREAD_TIGHT,,,,spread=0.0200 < 0.05 — cancelling
18:17:05,2018-08-16 09:30:36,CS3,CANCEL,BUY,99.88,,outside spread bid=99.93 ask=99.99
18:17:05,2018-08-16 09:30:36,CS3,CANCEL,SELL,99.99,,outside spread bid=99.93 ask=99.99
18:17:06,2018-08-16 09:30:36,CS3,SUBMIT,BUY,99.94,3,bid+1tick=99.94 spread=0.0700 pos=+0L
18:17:06,2018-08-16 09:30:36,CS3,SUBMIT,SELL,99.99,3,ask-1tick=99.99 spread=0.0700 pos=+0L
18:17:06,2018-08-16 09:30:36,CS3,STATUS,,,,bid=99.94(NEW) ask=99.99(NEW) spread=0.0700 pos=+0L
18:17:07,2018-08-16 09:30:38,CS1,SPREAD_TIGHT,,,,spread=0.0100 < 0.05 — cancelling
18:17:07,2018-08-16 09:30:38,CS2,SPREAD_TIGHT,,,,spread=0.0100 < 0.05 — cancelling
18:17:07,2018-08-16 09:30:38,CS3,SPREAD_TIGHT,,,,spread=0.0400 < 0.05 — cancelling
18:17:09,2018-08-16 09:30:39,CS1,SPREAD_TIGHT,,,,spread=0.0400 < 0.05 — cancelling
18:17:09,2018-08-16 09:30:39,CS2,SPREAD_TIGHT,,,,spread=0.0300 < 0.05 — cancelling
18:17:09,2018-08-16 09:30:39,CS3,SPREAD_TIGHT,,,,spread=0.0500 < 0.05 — cancelling
18:17:11,2018-08-16 09:30:42,CS1,SPREAD_TIGHT,,,,spread=0.0500 < 0.05 — cancelling
18:17:11,2018-08-16 09:30:42,CS2,SUBMIT,BUY,100.18,3,bid+1tick=100.18 spread=0.0700 pos=+0L
18:17:11,2018-08-16 09:30:42,CS2,SUBMIT,SELL,100.23,3,ask-1tick=100.23 spread=0.0700 pos=+0L
18:17:11,2018-08-16 09:30:42,CS2,STATUS,,,,bid=100.18(NEW) ask=100.23(NEW) spread=0.0700 pos=+0L
18:17:11,2018-08-16 09:30:42,CS3,SPREAD_TIGHT,,,,spread=0.0200 < 0.05 — cancelling
18:17:13,2018-08-16 09:30:44,CS1,SPREAD_TIGHT,,,,spread=0.0500 < 0.05 — cancelling
18:17:13,2018-08-16 09:30:44,CS2,CANCEL,SELL,100.23,,outside spread bid=100.17 ask=100.23
18:17:14,2018-08-16 09:30:44,CS2,SUBMIT,BUY,100.18,3,bid+1tick=100.18 spread=0.0600 pos=+3L
18:17:14,2018-08-16 09:30:44,CS2,SUBMIT,SELL,100.22,3,ask-1tick=100.22 spread=0.0600 pos=+3L
18:17:14,2018-08-16 09:30:44,CS2,STATUS,,,,bid=100.18(NEW) ask=100.22(NEW) spread=0.0600 pos=+3L
18:17:14,2018-08-16 09:30:44,CS3,SPREAD_TIGHT,,,,spread=0.0300 < 0.05 — cancelling
18:17:15,2018-08-16 09:30:46,CS1,SPREAD_TIGHT,,,,spread=0.0500 < 0.05 — cancelling
18:17:15,2018-08-16 09:30:46,CS2,SPREAD_TIGHT,,,,spread=0.0200 < 0.05 — cancelling
18:17:16,2018-08-16 09:30:47,CS3,SPREAD_TIGHT,,,,spread=0.0100 < 0.05 — cancelling
18:17:17,2018-08-16 09:30:47,CS1,SPREAD_TIGHT,,,,spread=0.0500 < 0.05 — cancelling
18:17:17,2018-08-16 09:30:47,CS2,SPREAD_TIGHT,,,,spread=0.0200 < 0.05 — cancelling
18:17:18,2018-08-16 09:30:47,CS3,SPREAD_TIGHT,,,,spread=0.0100 < 0.05 — cancelling
18:17:20,2018-08-16 09:30:50,CS1,SPREAD_TIGHT,,,,spread=0.0200 < 0.05 — cancelling
18:17:20,2018-08-16 09:30:50,CS2,SPREAD_TIGHT,,,,spread=0.0200 < 0.05 — cancelling
18:17:20,2018-08-16 09:30:51,CS3,SPREAD_TIGHT,,,,spread=0.0100 < 0.05 — cancelling
18:17:22,2018-08-16 09:30:53,CS1,SPREAD_TIGHT,,,,spread=0.0400 < 0.05 — cancelling
18:17:22,2018-08-16 09:30:53,CS2,SPREAD_TIGHT,,,,spread=0.0100 < 0.05 — cancelling
18:17:22,2018-08-16 09:30:53,CS3,SPREAD_TIGHT,,,,spread=0.0100 < 0.05 — cancelling
18:17:24,2018-08-16 09:30:53,CS1,SPREAD_TIGHT,,,,spread=0.0400 < 0.05 — cancelling
18:17:24,2018-08-16 09:30:53,CS2,SPREAD_TIGHT,,,,spread=0.0200 < 0.05 — cancelling
18:17:24,2018-08-16 09:30:55,CS3,SPREAD_TIGHT,,,,spread=0.0200 < 0.05 — cancelling
18:17:26,2018-08-16 09:30:56,CS1,SPREAD_TIGHT,,,,spread=0.0400 < 0.05 — cancelling
18:17:26,2018-08-16 09:30:56,CS2,SPREAD_TIGHT,,,,spread=0.0200 < 0.05 — cancelling
18:17:26,2018-08-16 09:30:56,CS3,SPREAD_TIGHT,,,,spread=0.0200 < 0.05 — cancelling
18:17:28,2018-08-16 09:30:58,CS1,SPREAD_TIGHT,,,,spread=0.0200 < 0.05 — cancelling
18:17:28,2018-08-16 09:30:58,CS2,SPREAD_TIGHT,,,,spread=0.0400 < 0.05 — cancelling
18:17:28,2018-08-16 09:30:58,CS3,SPREAD_TIGHT,,,,spread=0.0300 < 0.05 — cancelling
18:17:30,2018-08-16 09:31:01,CS1,SPREAD_TIGHT,,,,spread=0.0200 < 0.05 — cancelling
18:17:30,2018-08-16 09:31:01,CS2,SPREAD_TIGHT,,,,spread=0.0200 < 0.05 — cancelling
18:17:30,2018-08-16 09:31:01,CS3,SPREAD_TIGHT,,,,spread=0.0400 < 0.05 — cancelling
18:17:32,2018-08-16 09:31:02,CS1,SPREAD_TIGHT,,,,spread=0.0200 < 0.05 — cancelling
18:17:32,2018-08-16 09:31:02,CS2,SPREAD_TIGHT,,,,spread=0.0400 < 0.05 — cancelling
18:17:32,2018-08-16 09:31:02,CS3,SPREAD_TIGHT,,,,spread=0.0100 < 0.05 — cancelling
18:17:34,2018-08-16 09:31:05,CS1,SPREAD_TIGHT,,,,spread=0.0100 < 0.05 — cancelling
18:17:34,2018-08-16 09:31:05,CS2,SPREAD_TIGHT,,,,spread=0.0400 < 0.05 — cancelling
18:17:34,2018-08-16 09:31:05,CS3,SPREAD_TIGHT,,,,spread=0.0500 < 0.05 — cancelling
18:17:36,2018-08-16 09:31:07,CS1,SPREAD_TIGHT,,,,spread=0.0100 < 0.05 — cancelling
18:17:36,2018-08-16 09:31:07,CS2,SPREAD_TIGHT,,,,spread=0.0100 < 0.05 — cancelling
18:17:36,2018-08-16 09:31:07,CS3,SUBMIT,BUY,99.98,3,bid+1tick=99.98 spread=0.0800 pos=+0L
18:17:36,2018-08-16 09:31:07,CS3,SUBMIT,SELL,100.04,3,ask-1tick=100.04 spread=0.0800 pos=+0L
18:17:36,2018-08-16 09:31:07,CS3,STATUS,,,,bid=99.98(NEW) ask=100.04(NEW) spread=0.0800 pos=+0L
18:17:38,2018-08-16 09:31:09,CS1,SPREAD_TIGHT,,,,spread=0.0100 < 0.05 — cancelling
18:17:38,2018-08-16 09:31:09,CS2,SUBMIT,BUY,100.23,3,bid+1tick=100.23 spread=0.0700 pos=+3L
18:17:38,2018-08-16 09:31:09,CS2,SUBMIT,SELL,100.28,3,ask-1tick=100.28 spread=0.0700 pos=+3L
18:17:38,2018-08-16 09:31:09,CS2,STATUS,,,,bid=100.23(NEW) ask=100.28(NEW) spread=0.0700 pos=+3L
18:17:38,2018-08-16 09:31:09,CS3,CANCEL,BUY,99.98,,outside spread bid=99.98 ask=100.04
18:17:38,2018-08-16 09:31:09,CS3,CANCEL,SELL,100.04,,outside spread bid=99.98 ask=100.04
18:17:39,2018-08-16 09:31:09,CS3,SUBMIT,BUY,99.98,3,bid+1tick=99.98 spread=0.0800 pos=+0L
18:17:39,2018-08-16 09:31:09,CS3,SUBMIT,SELL,100.04,3,ask-1tick=100.04 spread=0.0800 pos=+0L
18:17:39,2018-08-16 09:31:09,CS3,STATUS,,,,bid=99.98(NEW) ask=100.04(NEW) spread=0.0800 pos=+0L
18:17:40,2018-08-16 09:31:11,CS1,SPREAD_TIGHT,,,,spread=0.0100 < 0.05 — cancelling
18:17:40,2018-08-16 09:31:11,CS2,SPREAD_TIGHT,,,,spread=0.0200 < 0.05 — cancelling
18:17:40,2018-08-16 09:31:11,CS3,SPREAD_TIGHT,,,,spread=0.0500 < 0.05 — cancelling
18:17:42,2018-08-16 09:31:12,CS1,SPREAD_TIGHT,,,,spread=0.0300 < 0.05 — cancelling
18:17:42,2018-08-16 09:31:12,CS2,SPREAD_TIGHT,,,,spread=0.0300 < 0.05 — cancelling
18:17:42,2018-08-16 09:31:12,CS3,SPREAD_TIGHT,,,,spread=0.0200 < 0.05 — cancelling
18:17:44,2018-08-16 09:31:14,CS1,SPREAD_TIGHT,,,,spread=0.0300 < 0.05 — cancelling
18:17:44,2018-08-16 09:31:14,CS2,SUBMIT,BUY,100.21,3,bid+1tick=100.21 spread=0.0900 pos=+3L
18:17:44,2018-08-16 09:31:14,CS2,SUBMIT,SELL,100.28,3,ask-1tick=100.28 spread=0.0900 pos=+3L
18:17:44,2018-08-16 09:31:14,CS2,STATUS,,,,bid=100.21(NEW) ask=100.28(NEW) spread=0.0900 pos=+3L
18:17:44,2018-08-16 09:31:14,CS3,SUBMIT,BUY,100.01,3,bid+1tick=100.01 spread=0.0700 pos=-3L
18:17:44,2018-08-16 09:31:14,CS3,SUBMIT,SELL,100.06,3,ask-1tick=100.06 spread=0.0700 pos=-3L
18:17:44,2018-08-16 09:31:14,CS3,STATUS,,,,bid=100.01(NEW) ask=100.06(NEW) spread=0.0700 pos=-3L
18:17:46,2018-08-16 09:31:16,CS1,SPREAD_TIGHT,,,,spread=0.0300 < 0.05 — cancelling
18:17:46,2018-08-16 09:31:16,CS2,SPREAD_TIGHT,,,,spread=0.0200 < 0.05 — cancelling
18:17:46,2018-08-16 09:31:17,CS3,SPREAD_TIGHT,,,,spread=0.0100 < 0.05 — cancelling
18:17:48,2018-08-16 09:31:18,CS1,SPREAD_TIGHT,,,,spread=0.0300 < 0.05 — cancelling
18:17:48,2018-08-16 09:31:18,CS2,SPREAD_TIGHT,,,,spread=0.0100 < 0.05 — cancelling
18:17:48,2018-08-16 09:31:18,CS3,SPREAD_TIGHT,,,,spread=0.0100 < 0.05 — cancelling
18:17:50,2018-08-16 09:31:21,CS1,SPREAD_TIGHT,,,,spread=0.0200 < 0.05 — cancelling
18:17:50,2018-08-16 09:31:21,CS2,SUBMIT,BUY,100.27,3,bid+1tick=100.27 spread=0.0800 pos=+3L
18:17:50,2018-08-16 09:31:21,CS2,SUBMIT,SELL,100.33,3,ask-1tick=100.33 spread=0.0800 pos=+3L
18:17:50,2018-08-16 09:31:21,CS2,STATUS,,,,bid=100.27(NEW) ask=100.33(NEW) spread=0.0800 pos=+3L
18:17:50,2018-08-16 09:31:21,CS3,SPREAD_TIGHT,,,,spread=0.0100 < 0.05 — cancelling
18:17:52,2018-08-16 09:31:22,CS1,SPREAD_TIGHT,,,,spread=0.0100 < 0.05 — cancelling
18:17:52,2018-08-16 09:31:22,CS2,CANCEL,BUY,100.27,,outside spread bid=100.27 ask=100.33
18:17:53,2018-08-16 09:31:22,CS2,CANCEL,SELL,100.33,,outside spread bid=100.27 ask=100.33
18:17:53,2018-08-16 09:31:22,CS2,SUBMIT,BUY,100.27,3,bid+1tick=100.27 spread=0.0800 pos=+3L
18:17:53,2018-08-16 09:31:22,CS2,SUBMIT,SELL,100.33,3,ask-1tick=100.33 spread=0.0800 pos=+3L
18:17:53,2018-08-16 09:31:22,CS2,STATUS,,,,bid=100.27(NEW) ask=100.33(NEW) spread=0.0800 pos=+3L
18:17:53,2018-08-16 09:31:22,CS3,SPREAD_TIGHT,,,,spread=0.0100 < 0.05 — cancelling
18:17:54,2018-08-16 09:31:22,CS1,SPREAD_TIGHT,,,,spread=0.0300 < 0.05 — cancelling
18:17:54,2018-08-16 09:31:22,CS2,SPREAD_TIGHT,,,,spread=0.0500 < 0.05 — cancelling
18:17:55,2018-08-16 09:31:26,CS3,SPREAD_TIGHT,,,,spread=0.0100 < 0.05 — cancelling
18:17:56,2018-08-16 09:31:27,CS1,SPREAD_TIGHT,,,,spread=0.0400 < 0.05 — cancelling
18:17:56,2018-08-16 09:31:27,CS2,SPREAD_TIGHT,,,,spread=0.0100 < 0.05 — cancelling
18:17:57,2018-08-16 09:31:27,CS3,SPREAD_TIGHT,,,,spread=0.0200 < 0.05 — cancelling
18:17:58,2018-08-16 09:31:28,CS1,SPREAD_TIGHT,,,,spread=0.0400 < 0.05 — cancelling
18:17:58,2018-08-16 09:31:28,CS2,SUBMIT,BUY,100.29,3,bid+1tick=100.29 spread=0.0600 pos=+3L
18:17:58,2018-08-16 09:31:28,CS2,SUBMIT,SELL,100.33,3,ask-1tick=100.33 spread=0.0600 pos=+3L
18:17:58,2018-08-16 09:31:28,CS2,STATUS,,,,bid=100.29(NEW) ask=100.33(NEW) spread=0.0600 pos=+3L
18:17:59,2018-08-16 09:31:28,CS3,SPREAD_TIGHT,,,,spread=0.0200 < 0.05 — cancelling
18:18:00,2018-08-16 09:31:31,CS1,SPREAD_TIGHT,,,,spread=0.0100 < 0.05 — cancelling
18:18:00,2018-08-16 09:31:31,CS2,SPREAD_TIGHT,,,,spread=0.0100 < 0.05 — cancelling
18:18:01,2018-08-16 09:31:32,CS3,SPREAD_TIGHT,,,,spread=0.0200 < 0.05 — cancelling
18:18:02,2018-08-16 09:31:33,CS1,SPREAD_TIGHT,,,,spread=0.0100 < 0.05 — cancelling
18:18:02,2018-08-16 09:31:33,CS2,SPREAD_TIGHT,,,,spread=0.0200 < 0.05 — cancelling
18:18:03,2018-08-16 09:31:34,CS3,SPREAD_TIGHT,,,,spread=0.0400 < 0.05 — cancelling
18:18:05,2018-08-16 09:31:35,CS1,SUBMIT,BUY,100.22,3,bid+1tick=100.22 spread=0.0700 pos=+0L
18:18:05,2018-08-16 09:31:35,CS1,SUBMIT,SELL,100.27,3,ask-1tick=100.27 spread=0.0700 pos=+0L
18:18:05,2018-08-16 09:31:35,CS1,STATUS,,,,bid=100.22(NEW) ask=100.27(NEW) spread=0.0700 pos=+0L
18:18:05,2018-08-16 09:31:35,CS2,SPREAD_TIGHT,,,,spread=0.0400 < 0.05 — cancelling
18:18:05,2018-08-16 09:31:35,CS3,SPREAD_TIGHT,,,,spread=0.0100 < 0.05 — cancelling
18:18:07,2018-08-16 09:31:37,CS1,SPREAD_TIGHT,,,,spread=0.0200 < 0.05 — cancelling
18:18:07,2018-08-16 09:31:37,CS2,SPREAD_TIGHT,,,,spread=0.0100 < 0.05 — cancelling
18:18:07,2018-08-16 09:31:38,CS3,SPREAD_TIGHT,,,,spread=0.0100 < 0.05 — cancelling
18:18:09,2018-08-16 09:31:40,CS1,SUBMIT,BUY,100.22,3,bid+1tick=100.22 spread=0.0600 pos=+0L
18:18:09,2018-08-16 09:31:40,CS1,SUBMIT,SELL,100.26,3,ask-1tick=100.26 spread=0.0600 pos=+0L
18:18:09,2018-08-16 09:31:40,CS1,STATUS,,,,bid=100.22(NEW) ask=100.26(NEW) spread=0.0600 pos=+0L
18:18:09,2018-08-16 09:31:40,CS2,SPREAD_TIGHT,,,,spread=0.0400 < 0.05 — cancelling
18:18:09,2018-08-16 09:31:40,CS3,SPREAD_TIGHT,,,,spread=0.0400 < 0.05 — cancelling
18:18:11,2018-08-16 09:31:42,CS1,SPREAD_TIGHT,,,,spread=0.0300 < 0.05 — cancelling
18:18:11,2018-08-16 09:31:42,CS2,SPREAD_TIGHT,,,,spread=0.0300 < 0.05 — cancelling
18:18:11,2018-08-16 09:31:42,CS3,SPREAD_TIGHT,,,,spread=0.0300 < 0.05 — cancelling
18:18:13,2018-08-16 09:31:43,CS1,SPREAD_TIGHT,,,,spread=0.0500 < 0.05 — cancelling
18:18:13,2018-08-16 09:31:43,CS2,SPREAD_TIGHT,,,,spread=0.0100 < 0.05 — cancelling
18:18:13,2018-08-16 09:31:43,CS3,SUBMIT,BUY,100.0,3,bid+1tick=100.0 spread=0.0800 pos=+0L
18:18:13,2018-08-16 09:31:43,CS3,SUBMIT,SELL,100.06,3,ask-1tick=100.06 spread=0.0800 pos=+0L
18:18:13,2018-08-16 09:31:43,CS3,STATUS,,,,bid=100.0(NEW) ask=100.06(NEW) spread=0.0800 pos=+0L
18:18:15,2018-08-16 09:31:43,CS1,SPREAD_TIGHT,,,,spread=0.0500 < 0.05 — cancelling
18:18:15,2018-08-16 09:31:43,CS2,SPREAD_TIGHT,,,,spread=0.0100 < 0.05 — cancelling
18:18:15,2018-08-16 09:31:46,CS3,SPREAD_TIGHT,,,,spread=0.0200 < 0.05 — cancelling
18:18:17,2018-08-16 09:31:48,CS1,SUBMIT,BUY,100.24,3,bid+1tick=100.24 spread=0.0800 pos=-3L
18:18:17,2018-08-16 09:31:48,CS1,SUBMIT,SELL,100.3,3,ask-1tick=100.3 spread=0.0800 pos=-3L
18:18:17,2018-08-16 09:31:48,CS1,STATUS,,,,bid=100.24(NEW) ask=100.3(NEW) spread=0.0800 pos=-3L
18:18:17,2018-08-16 09:31:48,CS2,SUBMIT,BUY,100.35,3,bid+1tick=100.35 spread=0.0700 pos=+3L
18:18:17,2018-08-16 09:31:48,CS2,SUBMIT,SELL,100.4,3,ask-1tick=100.4 spread=0.0700 pos=+3L
18:18:17,2018-08-16 09:31:48,CS2,STATUS,,,,bid=100.35(NEW) ask=100.4(NEW) spread=0.0700 pos=+3L
18:18:17,2018-08-16 09:31:48,CS3,SPREAD_TIGHT,,,,spread=0.0300 < 0.05 — cancelling
18:18:19,2018-08-16 09:31:48,CS1,CANCEL,BUY,100.24,,outside spread bid=100.31 ask=100.42
18:18:19,2018-08-16 09:31:48,CS1,SUBMIT,BUY,100.32,3,bid+1tick=100.32 spread=0.1100 pos=-6L
18:18:19,2018-08-16 09:31:48,CS1,SUBMIT,SELL,100.41,3,ask-1tick=100.41 spread=0.1100 pos=-6L
18:18:19,2018-08-16 09:31:48,CS1,STATUS,,,,bid=100.32(NEW) ask=100.41(NEW) spread=0.1100 pos=-6L
18:18:19,2018-08-16 09:31:48,CS2,SPREAD_TIGHT,,,,spread=0.0300 < 0.05 — cancelling
18:18:20,2018-08-16 09:31:48,CS3,SPREAD_TIGHT,,,,spread=0.0300 < 0.05 — cancelling
18:18:21,2018-08-16 09:31:51,CS1,SPREAD_TIGHT,,,,spread=0.0400 < 0.05 — cancelling
18:18:21,2018-08-16 09:31:51,CS2,SPREAD_TIGHT,,,,spread=0.0200 < 0.05 — cancelling
18:18:22,2018-08-16 09:31:51,CS3,SPREAD_TIGHT,,,,spread=0.0200 < 0.05 — cancelling
18:18:23,2018-08-16 09:31:54,CS1,SUBMIT,BUY,100.37,3,bid+1tick=100.37 spread=0.0600 pos=-6L
18:18:23,2018-08-16 09:31:54,CS1,SUBMIT,SELL,100.41,3,ask-1tick=100.41 spread=0.0600 pos=-6L
18:18:23,2018-08-16 09:31:54,CS1,STATUS,,,,bid=100.37(NEW) ask=100.41(NEW) spread=0.0600 pos=-6L
18:18:23,2018-08-16 09:31:54,CS2,SPREAD_TIGHT,,,,spread=0.0200 < 0.05 — cancelling
18:18:24,2018-08-16 09:31:54,CS3,SUBMIT,BUY,99.89,3,bid+1tick=99.89 spread=0.0900 pos=+0L
18:18:24,2018-08-16 09:31:54,CS3,SUBMIT,SELL,99.96,3,ask-1tick=99.96 spread=0.0900 pos=+0L
18:18:24,2018-08-16 09:31:54,CS3,STATUS,,,,bid=99.89(NEW) ask=99.96(NEW) spread=0.0900 pos=+0L
18:18:25,2018-08-16 09:31:56,CS1,SPREAD_TIGHT,,,,spread=0.0100 < 0.05 — cancelling
18:18:25,2018-08-16 09:31:56,CS2,SPREAD_TIGHT,,,,spread=0.0200 < 0.05 — cancelling
18:18:26,2018-08-16 09:31:56,CS3,SUBMIT,BUY,99.89,3,bid+1tick=99.89 spread=0.1000 pos=+0L
18:18:26,2018-08-16 09:31:56,CS3,SUBMIT,SELL,99.97,3,ask-1tick=99.97 spread=0.1000 pos=+0L
18:18:26,2018-08-16 09:31:56,CS3,STATUS,,,,bid=99.89(NEW) ask=99.97(NEW) spread=0.1000 pos=+0L
18:18:27,2018-08-16 09:31:58,CS1,SPREAD_TIGHT,,,,spread=0.0200 < 0.05 — cancelling
18:18:27,2018-08-16 09:31:58,CS2,SPREAD_TIGHT,,,,spread=0.0300 < 0.05 — cancelling
18:18:28,2018-08-16 09:31:58,CS3,CANCEL,BUY,99.89,,outside spread bid=99.89 ask=99.98
18:18:28,2018-08-16 09:31:58,CS3,SUBMIT,BUY,99.89,3,bid+1tick=99.89 spread=0.1000 pos=-3L
18:18:28,2018-08-16 09:31:58,CS3,SUBMIT,SELL,99.97,3,ask-1tick=99.97 spread=0.1000 pos=-3L
18:18:28,2018-08-16 09:31:58,CS3,STATUS,,,,bid=99.89(NEW) ask=99.97(NEW) spread=0.1000 pos=-3L
18:18:29,2018-08-16 09:32:00,CS1,SUBMIT,BUY,100.37,3,bid+1tick=100.37 spread=0.0600 pos=-6L
18:18:29,2018-08-16 09:32:00,CS1,SUBMIT,SELL,100.41,3,ask-1tick=100.41 spread=0.0600 pos=-6L
18:18:29,2018-08-16 09:32:00,CS1,STATUS,,,,bid=100.37(NEW) ask=100.41(NEW) spread=0.0600 pos=-6L
18:18:30,2018-08-16 09:32:00,CS2,SPREAD_TIGHT,,,,spread=0.0300 < 0.05 — cancelling
18:18:30,2018-08-16 09:32:01,CS3,CANCEL,BUY,99.89,,outside spread bid=99.92 ask=99.99
18:18:30,2018-08-16 09:32:01,CS3,SUBMIT,BUY,99.93,3,bid+1tick=99.93 spread=0.0700 pos=-6L
18:18:30,2018-08-16 09:32:01,CS3,SUBMIT,SELL,99.98,3,ask-1tick=99.98 spread=0.0700 pos=-6L
18:18:30,2018-08-16 09:32:01,CS3,STATUS,,,,bid=99.93(NEW) ask=99.98(NEW) spread=0.0700 pos=-6L
18:18:31,2018-08-16 09:32:01,CS1,SPREAD_TIGHT,,,,spread=0.0100 < 0.05 — cancelling
18:18:32,2018-08-16 09:32:01,CS2,SPREAD_TIGHT,,,,spread=0.0100 < 0.05 — cancelling
18:18:32,2018-08-16 09:32:03,CS3,CANCEL,SELL,99.98,,outside spread bid=99.69 ask=99.79
18:18:32,2018-08-16 09:32:03,CS3,SUBMIT,BUY,99.7,3,bid+1tick=99.7 spread=0.1000 pos=-3L
18:18:32,2018-08-16 09:32:03,CS3,SUBMIT,SELL,99.78,3,ask-1tick=99.78 spread=0.1000 pos=-3L
18:18:32,2018-08-16 09:32:03,CS3,STATUS,,,,bid=99.7(NEW) ask=99.78(NEW) spread=0.1000 pos=-3L
18:18:34,2018-08-16 09:32:03,CS1,SUBMIT,BUY,100.37,3,bid+1tick=100.37 spread=0.0600 pos=-3L
18:18:34,2018-08-16 09:32:03,CS1,SUBMIT,SELL,100.41,3,ask-1tick=100.41 spread=0.0600 pos=-3L
18:18:34,2018-08-16 09:32:03,CS1,STATUS,,,,bid=100.37(NEW) ask=100.41(NEW) spread=0.0600 pos=-3L
18:18:34,2018-08-16 09:32:03,CS2,SPREAD_TIGHT,,,,spread=0.0100 < 0.05 — cancelling
18:18:34,2018-08-16 09:32:03,CS3,CANCEL,BUY,99.7,,outside spread bid=99.7 ask=99.78
18:18:35,2018-08-16 09:32:03,CS3,CANCEL,SELL,99.78,,outside spread bid=99.7 ask=99.78
18:18:35,2018-08-16 09:32:03,CS3,SUBMIT,BUY,99.71,3,bid+1tick=99.71 spread=0.0700 pos=-3L
18:18:35,2018-08-16 09:32:03,CS3,SUBMIT,SELL,99.76,3,ask-1tick=99.76 spread=0.0700 pos=-3L
18:18:35,2018-08-16 09:32:03,CS3,STATUS,,,,bid=99.71(NEW) ask=99.76(NEW) spread=0.0700 pos=-3L
18:18:36,2018-08-16 09:32:07,CS1,CANCEL,SELL,100.41,,outside spread bid=100.33 ask=100.39
18:18:36,2018-08-16 09:32:07,CS1,SUBMIT,BUY,100.34,3,bid+1tick=100.34 spread=0.0600 pos=+0L
18:18:36,2018-08-16 09:32:07,CS1,SUBMIT,SELL,100.38,3,ask-1tick=100.38 spread=0.0600 pos=+0L
18:18:36,2018-08-16 09:32:07,CS1,STATUS,,,,bid=100.34(NEW) ask=100.38(NEW) spread=0.0600 pos=+0L
18:18:36,2018-08-16 09:32:07,CS2,SPREAD_TIGHT,,,,spread=0.0400 < 0.05 — cancelling
18:18:36,2018-08-16 09:32:07,CS3,SPREAD_TIGHT,,,,spread=0.0400 < 0.05 — cancelling
18:18:38,2018-08-16 09:32:08,CS1,CANCEL,BUY,100.34,,outside spread bid=100.42 ask=100.57
18:18:38,2018-08-16 09:32:08,CS1,SUBMIT,BUY,100.43,3,bid+1tick=100.43 spread=0.1500 pos=-3L
18:18:38,2018-08-16 09:32:08,CS1,SUBMIT,SELL,100.56,3,ask-1tick=100.56 spread=0.1500 pos=-3L
18:18:38,2018-08-16 09:32:08,CS1,STATUS,,,,bid=100.43(NEW) ask=100.56(NEW) spread=0.1500 pos=-3L
18:18:38,2018-08-16 09:32:08,CS2,SPREAD_TIGHT,,,,spread=0.0400 < 0.05 — cancelling
18:18:38,2018-08-16 09:32:09,CS3,SUBMIT,BUY,99.73,3,bid+1tick=99.73 spread=0.0700 pos=-3L
18:18:38,2018-08-16 09:32:09,CS3,SUBMIT,SELL,99.78,3,ask-1tick=99.78 spread=0.0700 pos=-3L
18:18:38,2018-08-16 09:32:09,CS3,STATUS,,,,bid=99.73(NEW) ask=99.78(NEW) spread=0.0700 pos=-3L
18:18:40,2018-08-16 09:32:09,CS1,CANCEL,BUY,100.43,,outside spread bid=100.45 ask=100.56
18:18:40,2018-08-16 09:32:09,CS1,CANCEL,SELL,100.56,,outside spread bid=100.45 ask=100.56
18:18:41,2018-08-16 09:32:09,CS1,SUBMIT,BUY,100.46,3,bid+1tick=100.46 spread=0.1200 pos=-3L
18:18:41,2018-08-16 09:32:09,CS1,SUBMIT,SELL,100.56,3,ask-1tick=100.56 spread=0.1200 pos=-3L
18:18:41,2018-08-16 09:32:09,CS1,STATUS,,,,bid=100.46(NEW) ask=100.56(NEW) spread=0.1200 pos=-3L
18:18:41,2018-08-16 09:32:09,CS2,SUBMIT,BUY,100.3,3,bid+1tick=100.3 spread=0.0900 pos=+3L
18:18:41,2018-08-16 09:32:09,CS2,SUBMIT,SELL,100.37,3,ask-1tick=100.37 spread=0.0900 pos=+3L
18:18:41,2018-08-16 09:32:09,CS2,STATUS,,,,bid=100.3(NEW) ask=100.37(NEW) spread=0.0900 pos=+3L
18:18:41,2018-08-16 09:32:09,CS3,SPREAD_TIGHT,,,,spread=0.0300 < 0.05 — cancelling
18:18:42,2018-08-16 09:32:09,CS1,CANCEL,BUY,100.46,,outside spread bid=100.46 ask=100.56
18:18:42,2018-08-16 09:32:09,CS1,CANCEL,SELL,100.56,,outside spread bid=100.46 ask=100.56
18:18:43,2018-08-16 09:32:09,CS1,SUBMIT,BUY,100.46,3,bid+1tick=100.46 spread=0.1200 pos=-3L
18:18:43,2018-08-16 09:32:09,CS1,SUBMIT,SELL,100.56,3,ask-1tick=100.56 spread=0.1200 pos=-3L
18:18:43,2018-08-16 09:32:09,CS1,STATUS,,,,bid=100.46(NEW) ask=100.56(NEW) spread=0.1200 pos=-3L
18:18:43,2018-08-16 09:32:09,CS2,CANCEL,BUY,100.3,,outside spread bid=100.3 ask=100.36
18:18:43,2018-08-16 09:32:09,CS2,CANCEL,SELL,100.37,,outside spread bid=100.3 ask=100.36
18:18:43,2018-08-16 09:32:09,CS2,SUBMIT,BUY,100.3,3,bid+1tick=100.3 spread=0.0700 pos=+3L
18:18:43,2018-08-16 09:32:09,CS2,SUBMIT,SELL,100.35,3,ask-1tick=100.35 spread=0.0700 pos=+3L
18:18:43,2018-08-16 09:32:09,CS2,STATUS,,,,bid=100.3(NEW) ask=100.35(NEW) spread=0.0700 pos=+3L
18:18:43,2018-08-16 09:32:09,CS3,SPREAD_TIGHT,,,,spread=0.0400 < 0.05 — cancelling
18:18:44,2018-08-16 09:32:09,CS1,CANCEL,BUY,100.46,,outside spread bid=100.46 ask=100.56
18:18:44,2018-08-16 09:32:09,CS1,CANCEL,SELL,100.56,,outside spread bid=100.46 ask=100.56
18:18:45,2018-08-16 09:32:09,CS2,SPREAD_TIGHT,,,,spread=0.0500 < 0.05 — cancelling
18:18:45,2018-08-16 09:32:16,CS3,SUBMIT,BUY,99.71,3,bid+1tick=99.71 spread=0.0600 pos=-3L
18:18:45,2018-08-16 09:32:16,CS3,SUBMIT,SELL,99.75,3,ask-1tick=99.75 spread=0.0600 pos=-3L
18:18:45,2018-08-16 09:32:16,CS3,STATUS,,,,bid=99.71(NEW) ask=99.75(NEW) spread=0.0600 pos=-3L
18:18:46,2018-08-16 09:32:16,CS1,SUBMIT,BUY,100.39,3,bid+1tick=100.39 spread=0.0700 pos=-3L
18:18:46,2018-08-16 09:32:16,CS1,SUBMIT,SELL,100.44,3,ask-1tick=100.44 spread=0.0700 pos=-3L
18:18:46,2018-08-16 09:32:16,CS1,STATUS,,,,bid=100.39(NEW) ask=100.44(NEW) spread=0.0700 pos=-3L
18:18:47,2018-08-16 09:32:16,CS2,SPREAD_TIGHT,,,,spread=0.0300 < 0.05 — cancelling
18:18:47,2018-08-16 09:32:16,CS3,SPREAD_TIGHT,,,,spread=0.0200 < 0.05 — cancelling
18:18:48,2018-08-16 09:32:19,CS1,CANCEL,BUY,100.39,,outside spread bid=100.39 ask=100.45
18:18:48,2018-08-16 09:32:19,CS1,SUBMIT,BUY,100.4,3,bid+1tick=100.4 spread=0.0600 pos=-6L
18:18:48,2018-08-16 09:32:19,CS1,SUBMIT,SELL,100.44,3,ask-1tick=100.44 spread=0.0600 pos=-6L
18:18:48,2018-08-16 09:32:19,CS1,STATUS,,,,bid=100.4(NEW) ask=100.44(NEW) spread=0.0600 pos=-6L
18:18:49,2018-08-16 09:32:20,CS2,SUBMIT,BUY,100.32,3,bid+1tick=100.32 spread=0.0900 pos=+3L
18:18:49,2018-08-16 09:32:20,CS2,SUBMIT,SELL,100.39,3,ask-1tick=100.39 spread=0.0900 pos=+3L
18:18:49,2018-08-16 09:32:20,CS2,STATUS,,,,bid=100.32(NEW) ask=100.39(NEW) spread=0.0900 pos=+3L
18:18:49,2018-08-16 09:32:20,CS3,SUBMIT,BUY,99.74,3,bid+1tick=99.74 spread=0.0600 pos=-3L
18:18:49,2018-08-16 09:32:20,CS3,SUBMIT,SELL,99.78,3,ask-1tick=99.78 spread=0.0600 pos=-3L
18:18:49,2018-08-16 09:32:20,CS3,STATUS,,,,bid=99.74(NEW) ask=99.78(NEW) spread=0.0600 pos=-3L
18:18:50,2018-08-16 09:32:21,CS1,SPREAD_TIGHT,,,,spread=0.0100 < 0.05 — cancelling
18:18:51,2018-08-16 09:32:22,CS2,CANCEL,BUY,100.32,,outside spread bid=100.32 ask=100.4
18:18:51,2018-08-16 09:32:22,CS2,SUBMIT,BUY,100.32,3,bid+1tick=100.32 spread=0.0900 pos=+0L
18:18:51,2018-08-16 09:32:22,CS2,SUBMIT,SELL,100.39,3,ask-1tick=100.39 spread=0.0900 pos=+0L
18:18:51,2018-08-16 09:32:22,CS2,STATUS,,,,bid=100.32(NEW) ask=100.39(NEW) spread=0.0900 pos=+0L
18:18:52,2018-08-16 09:32:23,CS3,CANCEL,BUY,99.74,,outside spread bid=99.74 ask=99.79
18:18:52,2018-08-16 09:32:23,CS3,SUBMIT,BUY,99.74,3,bid+1tick=99.74 spread=0.0600 pos=-6L
18:18:52,2018-08-16 09:32:23,CS3,SUBMIT,SELL,99.78,3,ask-1tick=99.78 spread=0.0600 pos=-6L
18:18:52,2018-08-16 09:32:23,CS3,STATUS,,,,bid=99.74(NEW) ask=99.78(NEW) spread=0.0600 pos=-6L
18:18:52,2018-08-16 09:32:23,CS1,SUBMIT,BUY,100.39,3,bid+1tick=100.39 spread=0.0700 pos=-3L
18:18:52,2018-08-16 09:32:23,CS1,SUBMIT,SELL,100.44,3,ask-1tick=100.44 spread=0.0700 pos=-3L
18:18:52,2018-08-16 09:32:23,CS1,STATUS,,,,bid=100.39(NEW) ask=100.44(NEW) spread=0.0700 pos=-3L
18:18:53,2018-08-16 09:32:23,CS2,CANCEL,BUY,100.32,,outside spread bid=100.32 ask=100.39
18:18:53,2018-08-16 09:32:23,CS2,CANCEL,SELL,100.39,,outside spread bid=100.32 ask=100.39
18:18:54,2018-08-16 09:32:23,CS2,SUBMIT,BUY,100.32,3,bid+1tick=100.32 spread=0.0900 pos=+0L
18:18:54,2018-08-16 09:32:23,CS2,SUBMIT,SELL,100.39,3,ask-1tick=100.39 spread=0.0900 pos=+0L
18:18:54,2018-08-16 09:32:23,CS2,STATUS,,,,bid=100.32(NEW) ask=100.39(NEW) spread=0.0900 pos=+0L
18:18:54,2018-08-16 09:32:23,CS3,CANCEL,BUY,99.74,,outside spread bid=99.74 ask=99.79
18:18:54,2018-08-16 09:32:23,CS3,SUBMIT,BUY,99.74,3,bid+1tick=99.74 spread=0.0600 pos=-9L
18:18:54,2018-08-16 09:32:23,CS3,SUBMIT,SELL,99.78,3,ask-1tick=99.78 spread=0.0600 pos=-9L
18:18:54,2018-08-16 09:32:23,CS3,STATUS,,,,bid=99.74(NEW) ask=99.78(NEW) spread=0.0600 pos=-9L
18:18:54,2018-08-16 09:32:23,CS1,SPREAD_TIGHT,,,,spread=0.0500 < 0.05 — cancelling
18:18:55,2018-08-16 09:32:23,CS2,CANCEL,BUY,100.32,,outside spread bid=100.32 ask=100.39
18:18:55,2018-08-16 09:32:23,CS2,CANCEL,SELL,100.39,,outside spread bid=100.32 ask=100.39
18:18:56,2018-08-16 09:32:23,CS2,SUBMIT,BUY,100.32,3,bid+1tick=100.32 spread=0.0900 pos=+0L
18:18:56,2018-08-16 09:32:23,CS2,SUBMIT,SELL,100.39,3,ask-1tick=100.39 spread=0.0900 pos=+0L
18:18:56,2018-08-16 09:32:23,CS2,STATUS,,,,bid=100.32(NEW) ask=100.39(NEW) spread=0.0900 pos=+0L
18:18:56,2018-08-16 09:32:23,CS3,SPREAD_TIGHT,,,,spread=0.0400 < 0.05 — cancelling
18:18:56,2018-08-16 09:32:23,CS1,SUBMIT,BUY,100.39,3,bid+1tick=100.39 spread=0.0700 pos=-3L
18:18:56,2018-08-16 09:32:23,CS1,SUBMIT,SELL,100.44,3,ask-1tick=100.44 spread=0.0700 pos=-3L
18:18:56,2018-08-16 09:32:23,CS1,STATUS,,,,bid=100.39(NEW) ask=100.44(NEW) spread=0.0700 pos=-3L
18:18:57,2018-08-16 09:32:28,CS2,SPREAD_TIGHT,,,,spread=0.0300 < 0.05 — cancelling
18:18:58,2018-08-16 09:32:28,CS3,SUBMIT,BUY,99.74,3,bid+1tick=99.74 spread=0.0600 pos=-9L
18:18:58,2018-08-16 09:32:28,CS3,SUBMIT,SELL,99.78,3,ask-1tick=99.78 spread=0.0600 pos=-9L
18:18:58,2018-08-16 09:32:28,CS3,STATUS,,,,bid=99.74(NEW) ask=99.78(NEW) spread=0.0600 pos=-9L
18:18:59,2018-08-16 09:32:28,CS1,SPREAD_TIGHT,,,,spread=0.0500 < 0.05 — cancelling
18:18:59,2018-08-16 09:32:28,CS2,SPREAD_TIGHT,,,,spread=0.0300 < 0.05 — cancelling
18:19:00,2018-08-16 09:32:28,CS3,SPREAD_TIGHT,,,,spread=0.0400 < 0.05 — cancelling
18:19:01,2018-08-16 09:32:31,CS1,SPREAD_TIGHT,,,,spread=0.0400 < 0.05 — cancelling
18:19:01,2018-08-16 09:32:31,CS2,SPREAD_TIGHT,,,,spread=0.0300 < 0.05 — cancelling
18:19:02,2018-08-16 09:32:33,CS3,SPREAD_TIGHT,,,,spread=0.0300 < 0.05 — cancelling
18:19:03,2018-08-16 09:32:34,CS1,SPREAD_TIGHT,,,,spread=0.0200 < 0.05 — cancelling
18:19:03,2018-08-16 09:32:34,CS2,SUBMIT,BUY,100.4,3,bid+1tick=100.4 spread=0.0700 pos=-3L
18:19:03,2018-08-16 09:32:34,CS2,SUBMIT,SELL,100.45,3,ask-1tick=100.45 spread=0.0700 pos=-3L
18:19:03,2018-08-16 09:32:34,CS2,STATUS,,,,bid=100.4(NEW) ask=100.45(NEW) spread=0.0700 pos=-3L
18:19:04,2018-08-16 09:32:35,CS3,SPREAD_TIGHT,,,,spread=0.0500 < 0.05 — cancelling
18:19:05,2018-08-16 09:32:35,CS1,SPREAD_TIGHT,,,,spread=0.0200 < 0.05 — cancelling
18:19:05,2018-08-16 09:32:36,CS2,SPREAD_TIGHT,,,,spread=0.0100 < 0.05 — cancelling
18:19:06,2018-08-16 09:32:36,CS3,SPREAD_TIGHT,,,,spread=0.0100 < 0.05 — cancelling
18:19:07,2018-08-16 09:32:37,CS1,SPREAD_TIGHT,,,,spread=0.0200 < 0.05 — cancelling
18:19:07,2018-08-16 09:32:37,CS2,SUBMIT,BUY,100.41,3,bid+1tick=100.41 spread=0.0700 pos=-3L
18:19:07,2018-08-16 09:32:37,CS2,SUBMIT,SELL,100.46,3,ask-1tick=100.46 spread=0.0700 pos=-3L
18:19:07,2018-08-16 09:32:37,CS2,STATUS,,,,bid=100.41(NEW) ask=100.46(NEW) spread=0.0700 pos=-3L
18:19:08,2018-08-16 09:32:37,CS3,SPREAD_TIGHT,,,,spread=0.0100 < 0.05 — cancelling
18:19:09,2018-08-16 09:32:37,CS1,SPREAD_TIGHT,,,,spread=0.0200 < 0.05 — cancelling
18:19:09,2018-08-16 09:32:40,CS2,SPREAD_TIGHT,,,,spread=0.0100 < 0.05 — cancelling
18:19:10,2018-08-16 09:32:41,CS3,SPREAD_TIGHT,,,,spread=0.0300 < 0.05 — cancelling
18:19:11,2018-08-16 09:32:41,CS1,SPREAD_TIGHT,,,,spread=0.0300 < 0.05 — cancelling
18:19:11,2018-08-16 09:32:42,CS2,SPREAD_TIGHT,,,,spread=0.0300 < 0.05 — cancelling
18:19:12,2018-08-16 09:32:43,CS3,SPREAD_TIGHT,,,,spread=0.0300 < 0.05 — cancelling
18:19:13,2018-08-16 09:32:44,CS1,SPREAD_TIGHT,,,,spread=0.0300 < 0.05 — cancelling
18:19:14,2018-08-16 09:32:44,CS2,SPREAD_TIGHT,,,,spread=0.0100 < 0.05 — cancelling
18:19:14,2018-08-16 09:32:45,CS3,SPREAD_TIGHT,,,,spread=0.0500 < 0.05 — cancelling
18:19:15,2018-08-16 09:32:46,CS1,NO_BOOK,,,,skipping cycle
18:19:16,2018-08-16 09:32:46,CS2,SPREAD_TIGHT,,,,spread=0.0100 < 0.05 — cancelling
18:19:16,2018-08-16 09:32:47,CS3,SPREAD_TIGHT,,,,spread=0.0300 < 0.05 — cancelling
18:19:17,2018-08-16 09:32:47,CS1,SUBMIT,BUY,100.39,3,bid+1tick=100.39 spread=0.0500 pos=-3L
18:19:17,2018-08-16 09:32:47,CS1,SUBMIT,SELL,100.42,3,ask-1tick=100.42 spread=0.0500 pos=-3L
18:19:17,2018-08-16 09:32:47,CS1,STATUS,,,,bid=100.39(NEW) ask=100.42(NEW) spread=0.0500 pos=-3L
18:19:18,2018-08-16 09:32:47,CS2,SPREAD_TIGHT,,,,spread=0.0100 < 0.05 — cancelling
18:19:18,2018-08-16 09:32:50,CS3,SPREAD_TIGHT,,,,spread=0.0400 < 0.05 — cancelling
18:19:19,2018-08-16 09:32:50,CS1,SPREAD_TIGHT,,,,spread=0.0200 < 0.05 — cancelling
18:19:20,2018-08-16 09:32:50,CS2,SPREAD_TIGHT,,,,spread=0.0200 < 0.05 — cancelling
18:19:20,2018-08-16 09:32:51,CS3,SPREAD_TIGHT,,,,spread=0.0300 < 0.05 — cancelling
18:19:21,2018-08-16 09:32:51,CS1,SPREAD_TIGHT,,,,spread=0.0100 < 0.05 — cancelling
18:19:22,2018-08-16 09:32:52,CS2,SPREAD_TIGHT,,,,spread=0.0200 < 0.05 — cancelling
18:19:23,2018-08-16 09:32:53,CS3,SPREAD_TIGHT,,,,spread=0.0500 < 0.05 — cancelling
18:19:23,2018-08-16 09:32:53,CS1,SPREAD_TIGHT,,,,spread=0.0100 < 0.05 — cancelling
18:19:24,2018-08-16 09:32:55,CS2,SPREAD_TIGHT,,,,spread=0.0200 < 0.05 — cancelling
18:19:25,2018-08-16 09:32:56,CS3,SUBMIT,BUY,99.74,3,bid+1tick=99.74 spread=0.0600 pos=-9L
18:19:25,2018-08-16 09:32:56,CS3,SUBMIT,SELL,99.78,3,ask-1tick=99.78 spread=0.0600 pos=-9L
18:19:25,2018-08-16 09:32:56,CS3,STATUS,,,,bid=99.74(NEW) ask=99.78(NEW) spread=0.0600 pos=-9L
18:19:25,2018-08-16 09:32:56,CS1,SPREAD_TIGHT,,,,spread=0.0500 < 0.05 — cancelling
18:19:26,2018-08-16 09:32:56,CS2,SPREAD_TIGHT,,,,spread=0.0200 < 0.05 — cancelling
18:19:27,2018-08-16 09:32:57,CS3,SPREAD_TIGHT,,,,spread=0.0200 < 0.05 — cancelling
18:19:27,2018-08-16 09:32:58,CS1,SPREAD_TIGHT,,,,spread=0.0200 < 0.05 — cancelling
18:19:28,2018-08-16 09:32:59,CS2,SPREAD_TIGHT,,,,spread=0.0200 < 0.05 — cancelling
18:19:29,2018-08-16 09:33:00,CS3,SUBMIT,BUY,99.93,3,bid+1tick=99.93 spread=0.1300 pos=-12L
18:19:29,2018-08-16 09:33:00,CS3,SUBMIT,SELL,100.04,3,ask-1tick=100.04 spread=0.1300 pos=-12L
18:19:29,2018-08-16 09:33:00,CS3,STATUS,,,,bid=99.93(NEW) ask=100.04(NEW) spread=0.1300 pos=-12L
18:19:29,2018-08-16 09:33:00,CS1,SPREAD_TIGHT,,,,spread=0.0300 < 0.05 — cancelling
18:19:30,2018-08-16 09:33:01,CS2,SPREAD_TIGHT,,,,spread=0.0200 < 0.05 — cancelling
18:19:31,2018-08-16 09:33:02,CS3,CANCEL,BUY,99.93,,outside spread bid=99.93 ask=100.0
18:19:31,2018-08-16 09:33:02,CS3,CANCEL,SELL,100.04,,outside spread bid=99.93 ask=100.0
18:19:31,2018-08-16 09:33:02,CS3,SUBMIT,BUY,99.78,3,bid+1tick=99.78 spread=0.2300 pos=-12L
18:19:31,2018-08-16 09:33:02,CS3,SUBMIT,SELL,99.99,3,ask-1tick=99.99 spread=0.2300 pos=-12L
18:19:31,2018-08-16 09:33:02,CS3,STATUS,,,,bid=99.78(NEW) ask=99.99(NEW) spread=0.2300 pos=-12L
18:19:32,2018-08-16 09:33:02,CS1,SPREAD_TIGHT,,,,spread=0.0300 < 0.05 — cancelling
18:19:32,2018-08-16 09:33:02,CS2,SPREAD_TIGHT,,,,spread=0.0200 < 0.05 — cancelling
18:19:33,2018-08-16 09:33:02,CS3,CANCEL,BUY,99.78,,outside spread bid=99.78 ask=99.91
18:19:33,2018-08-16 09:33:02,CS3,CANCEL,SELL,99.99,,outside spread bid=99.78 ask=99.91
18:19:33,2018-08-16 09:33:02,CS3,SUBMIT,BUY,99.78,3,bid+1tick=99.78 spread=0.1400 pos=-12L
18:19:33,2018-08-16 09:33:02,CS3,SUBMIT,SELL,99.9,3,ask-1tick=99.9 spread=0.1400 pos=-12L
18:19:33,2018-08-16 09:33:02,CS3,STATUS,,,,bid=99.78(NEW) ask=99.9(NEW) spread=0.1400 pos=-12L
18:19:34,2018-08-16 09:33:02,CS1,SPREAD_TIGHT,,,,spread=0.0300 < 0.05 — cancelling
18:19:34,2018-08-16 09:33:02,CS2,SPREAD_TIGHT,,,,spread=0.0300 < 0.05 — cancelling
18:19:35,2018-08-16 09:33:06,CS3,CANCEL,BUY,99.78,,outside spread bid=99.82 ask=99.9
18:19:35,2018-08-16 09:33:06,CS3,CANCEL,SELL,99.9,,outside spread bid=99.82 ask=99.9
18:19:35,2018-08-16 09:33:06,CS3,SUBMIT,BUY,99.86,3,bid+1tick=99.86 spread=0.0600 pos=-12L
18:19:35,2018-08-16 09:33:06,CS3,SUBMIT,SELL,99.9,3,ask-1tick=99.9 spread=0.0600 pos=-12L
18:19:35,2018-08-16 09:33:06,CS3,STATUS,,,,bid=99.86(NEW) ask=99.9(NEW) spread=0.0600 pos=-12L
18:19:36,2018-08-16 09:33:06,CS1,SPREAD_TIGHT,,,,spread=0.0200 < 0.05 — cancelling
18:19:36,2018-08-16 09:33:06,CS2,SPREAD_TIGHT,,,,spread=0.0300 < 0.05 — cancelling
18:19:37,2018-08-16 09:33:06,CS3,SPREAD_TIGHT,,,,spread=0.0200 < 0.05 — cancelling
18:19:38,2018-08-16 09:33:06,CS1,SPREAD_TIGHT,,,,spread=0.0200 < 0.05 — cancelling
18:19:38,2018-08-16 09:33:06,CS2,SPREAD_TIGHT,,,,spread=0.0300 < 0.05 — cancelling
18:19:39,2018-08-16 09:33:06,CS3,SPREAD_TIGHT,,,,spread=0.0300 < 0.05 — cancelling
18:19:40,2018-08-16 09:33:06,CS1,SPREAD_TIGHT,,,,spread=0.0200 < 0.05 — cancelling
18:19:40,2018-08-16 09:33:11,CS2,SPREAD_TIGHT,,,,spread=0.0500 < 0.05 — cancelling
18:19:41,2018-08-16 09:33:11,CS3,SUBMIT,BUY,99.78,3,bid+1tick=99.78 spread=0.0600 pos=-12L
18:19:41,2018-08-16 09:33:11,CS3,SUBMIT,SELL,99.82,3,ask-1tick=99.82 spread=0.0600 pos=-12L
18:19:41,2018-08-16 09:33:11,CS3,STATUS,,,,bid=99.78(NEW) ask=99.82(NEW) spread=0.0600 pos=-12L
18:19:42,2018-08-16 09:33:13,CS1,SPREAD_TIGHT,,,,spread=0.0400 < 0.05 — cancelling
18:19:42,2018-08-16 09:33:13,CS2,SPREAD_TIGHT,,,,spread=0.0200 < 0.05 — cancelling
18:19:43,2018-08-16 09:33:13,CS3,SPREAD_TIGHT,,,,spread=0.0100 < 0.05 — cancelling
18:19:44,2018-08-16 09:33:14,CS1,SPREAD_TIGHT,,,,spread=0.0400 < 0.05 — cancelling
18:19:44,2018-08-16 09:33:14,CS2,SPREAD_TIGHT,,,,spread=0.0200 < 0.05 — cancelling
18:19:45,2018-08-16 09:33:16,CS3,SPREAD_TIGHT,,,,spread=0.0100 < 0.05 — cancelling
18:19:46,2018-08-16 09:33:16,CS1,SPREAD_TIGHT,,,,spread=0.0400 < 0.05 — cancelling
18:19:46,2018-08-16 09:33:16,CS2,SPREAD_TIGHT,,,,spread=0.0300 < 0.05 — cancelling
18:19:47,2018-08-16 09:33:16,CS3,SPREAD_TIGHT,,,,spread=0.0300 < 0.05 — cancelling
18:19:48,2018-08-16 09:33:18,CS1,SPREAD_TIGHT,,,,spread=0.0400 < 0.05 — cancelling
18:19:48,2018-08-16 09:33:18,CS2,SPREAD_TIGHT,,,,spread=0.0300 < 0.05 — cancelling
18:19:49,2018-08-16 09:33:18,CS3,SPREAD_TIGHT,,,,spread=0.0200 < 0.05 — cancelling
18:19:50,2018-08-16 09:33:21,CS1,SPREAD_TIGHT,,,,spread=0.0300 < 0.05 — cancelling
18:19:50,2018-08-16 09:33:21,CS2,SPREAD_TIGHT,,,,spread=0.0200 < 0.05 — cancelling
18:19:51,2018-08-16 09:33:22,CS3,SPREAD_TIGHT,,,,spread=0.0100 < 0.05 — cancelling
18:19:52,2018-08-16 09:33:22,CS1,SPREAD_TIGHT,,,,spread=0.0200 < 0.05 — cancelling
18:19:52,2018-08-16 09:33:23,CS2,SPREAD_TIGHT,,,,spread=0.0100 < 0.05 — cancelling
18:19:53,2018-08-16 09:33:24,CS3,SPREAD_TIGHT,,,,spread=0.0400 < 0.05 — cancelling
18:19:54,2018-08-16 09:33:25,CS1,SUBMIT,BUY,100.31,3,bid+1tick=100.31 spread=0.0900 pos=-3L
18:19:54,2018-08-16 09:33:25,CS1,SUBMIT,SELL,100.38,3,ask-1tick=100.38 spread=0.0900 pos=-3L
18:19:54,2018-08-16 09:33:25,CS1,STATUS,,,,bid=100.31(NEW) ask=100.38(NEW) spread=0.0900 pos=-3L
18:19:54,2018-08-16 09:33:25,CS2,SPREAD_TIGHT,,,,spread=0.0300 < 0.05 — cancelling
18:19:55,2018-08-16 09:33:26,CS3,SPREAD_TIGHT,,,,spread=0.0100 < 0.05 — cancelling
18:19:56,2018-08-16 09:33:27,CS1,CANCEL,SELL,100.38,,outside spread bid=100.28 ask=100.34
18:19:56,2018-08-16 09:33:27,CS1,SUBMIT,BUY,100.29,3,bid+1tick=100.29 spread=0.0600 pos=+0L
18:19:56,2018-08-16 09:33:27,CS1,SUBMIT,SELL,100.33,3,ask-1tick=100.33 spread=0.0600 pos=+0L
18:19:56,2018-08-16 09:33:27,CS1,STATUS,,,,bid=100.29(NEW) ask=100.33(NEW) spread=0.0600 pos=+0L
18:19:57,2018-08-16 09:33:27,CS2,SUBMIT,BUY,100.49,3,bid+1tick=100.49 spread=0.0900 pos=-3L
18:19:57,2018-08-16 09:33:27,CS2,SUBMIT,SELL,100.56,3,ask-1tick=100.56 spread=0.0900 pos=-3L
18:19:57,2018-08-16 09:33:27,CS2,STATUS,,,,bid=100.49(NEW) ask=100.56(NEW) spread=0.0900 pos=-3L
18:19:57,2018-08-16 09:33:28,CS3,SPREAD_TIGHT,,,,spread=0.0100 < 0.05 — cancelling
18:19:58,2018-08-16 09:33:28,CS1,SPREAD_TIGHT,,,,spread=0.0200 < 0.05 — cancelling
18:19:59,2018-08-16 09:33:30,CS2,SUBMIT,BUY,100.49,3,bid+1tick=100.49 spread=0.1100 pos=-3L
18:19:59,2018-08-16 09:33:30,CS2,SUBMIT,SELL,100.58,3,ask-1tick=100.58 spread=0.1100 pos=-3L
18:19:59,2018-08-16 09:33:30,CS2,STATUS,,,,bid=100.49(NEW) ask=100.58(NEW) spread=0.1100 pos=-3L
18:19:59,2018-08-16 09:33:30,CS3,SPREAD_TIGHT,,,,spread=0.0100 < 0.05 — cancelling
18:20:00,2018-08-16 09:33:31,CS1,SPREAD_TIGHT,,,,spread=0.0100 < 0.05 — cancelling
18:20:01,2018-08-16 09:33:32,CS2,CANCEL,BUY,100.49,,outside spread bid=100.5 ask=100.58
18:20:01,2018-08-16 09:33:32,CS2,CANCEL,SELL,100.58,,outside spread bid=100.5 ask=100.58
18:20:01,2018-08-16 09:33:32,CS2,SUBMIT,BUY,100.51,3,bid+1tick=100.51 spread=0.0900 pos=-3L
18:20:01,2018-08-16 09:33:32,CS2,SUBMIT,SELL,100.58,3,ask-1tick=100.58 spread=0.0900 pos=-3L
18:20:01,2018-08-16 09:33:32,CS2,STATUS,,,,bid=100.51(NEW) ask=100.58(NEW) spread=0.0900 pos=-3L
18:20:01,2018-08-16 09:33:32,CS3,SPREAD_TIGHT,,,,spread=0.0400 < 0.05 — cancelling
18:20:02,2018-08-16 09:33:33,CS1,SUBMIT,BUY,100.33,3,bid+1tick=100.33 spread=0.0700 pos=-3L
18:20:02,2018-08-16 09:33:33,CS1,SUBMIT,SELL,100.38,3,ask-1tick=100.38 spread=0.0700 pos=-3L
18:20:02,2018-08-16 09:33:33,CS1,STATUS,,,,bid=100.33(NEW) ask=100.38(NEW) spread=0.0700 pos=-3L
18:20:03,2018-08-16 09:33:33,CS2,SPREAD_TIGHT,,,,spread=0.0400 < 0.05 — cancelling
18:20:04,2018-08-16 09:33:33,CS3,SPREAD_TIGHT,,,,spread=0.0400 < 0.05 — cancelling
18:20:04,2018-08-16 09:33:33,CS1,SPREAD_TIGHT,,,,spread=0.0500 < 0.05 — cancelling
18:20:05,2018-08-16 09:33:36,CS2,SUBMIT,BUY,100.48,3,bid+1tick=100.48 spread=0.0800 pos=-3L
18:20:05,2018-08-16 09:33:36,CS2,SUBMIT,SELL,100.54,3,ask-1tick=100.54 spread=0.0800 pos=-3L
18:20:05,2018-08-16 09:33:36,CS2,STATUS,,,,bid=100.48(REST) ask=100.54(NEW) spread=0.0800 pos=-3L
18:20:06,2018-08-16 09:33:36,CS3,SPREAD_TIGHT,,,,spread=0.0400 < 0.05 — cancelling
18:20:06,2018-08-16 09:33:36,CS1,SPREAD_TIGHT,,,,spread=0.0300 < 0.05 — cancelling
18:20:07,2018-08-16 09:33:36,CS2,SPREAD_TIGHT,,,,spread=0.0300 < 0.05 — cancelling
18:20:08,2018-08-16 09:33:36,CS3,SPREAD_TIGHT,,,,spread=0.0300 < 0.05 — cancelling
18:20:08,2018-08-16 09:33:36,CS1,SUBMIT,BUY,100.33,3,bid+1tick=100.33 spread=0.0700 pos=-3L
18:20:08,2018-08-16 09:33:36,CS1,SUBMIT,SELL,100.38,3,ask-1tick=100.38 spread=0.0700 pos=-3L
18:20:08,2018-08-16 09:33:36,CS1,STATUS,,,,bid=100.33(NEW) ask=100.38(NEW) spread=0.0700 pos=-3L
18:20:09,2018-08-16 09:33:40,CS2,SPREAD_TIGHT,,,,spread=0.0200 < 0.05 — cancelling
18:20:10,2018-08-16 09:33:40,CS3,SPREAD_TIGHT,,,,spread=0.0300 < 0.05 — cancelling
18:20:11,2018-08-16 09:33:41,CS1,SPREAD_TIGHT,,,,spread=0.0300 < 0.05 — cancelling
18:20:11,2018-08-16 09:33:41,CS2,SPREAD_TIGHT,,,,spread=0.0100 < 0.05 — cancelling
18:20:12,2018-08-16 09:33:41,CS3,SPREAD_TIGHT,,,,spread=0.0400 < 0.05 — cancelling
18:20:13,2018-08-16 09:33:43,CS1,SPREAD_TIGHT,,,,spread=0.0300 < 0.05 — cancelling
18:20:13,2018-08-16 09:33:43,CS2,SPREAD_TIGHT,,,,spread=0.0100 < 0.05 — cancelling
18:20:14,2018-08-16 09:33:43,CS3,SPREAD_TIGHT,,,,spread=0.0400 < 0.05 — cancelling
18:20:15,2018-08-16 09:33:46,CS1,SUBMIT,BUY,100.33,3,bid+1tick=100.33 spread=0.0800 pos=-3L
18:20:15,2018-08-16 09:33:46,CS1,SUBMIT,SELL,100.39,3,ask-1tick=100.39 spread=0.0800 pos=-3L
18:20:15,2018-08-16 09:33:46,CS1,STATUS,,,,bid=100.33(NEW) ask=100.39(NEW) spread=0.0800 pos=-3L
18:20:15,2018-08-16 09:33:46,CS2,SPREAD_TIGHT,,,,spread=0.0400 < 0.05 — cancelling
18:20:16,2018-08-16 09:33:47,CS3,SUBMIT,BUY,99.7,3,bid+1tick=99.7 spread=0.0700 pos=-9L
18:20:16,2018-08-16 09:33:47,CS3,SUBMIT,SELL,99.75,3,ask-1tick=99.75 spread=0.0700 pos=-9L
18:20:16,2018-08-16 09:33:47,CS3,STATUS,,,,bid=99.7(NEW) ask=99.75(NEW) spread=0.0700 pos=-9L
18:20:17,2018-08-16 09:33:47,CS1,SPREAD_TIGHT,,,,spread=0.0400 < 0.05 — cancelling
18:20:17,2018-08-16 09:33:47,CS2,SPREAD_TIGHT,,,,spread=0.0300 < 0.05 — cancelling
18:20:18,2018-08-16 09:33:47,CS3,SPREAD_TIGHT,,,,spread=0.0300 < 0.05 — cancelling
18:20:19,2018-08-16 09:33:49,CS1,SPREAD_TIGHT,,,,spread=0.0100 < 0.05 — cancelling
18:20:19,2018-08-16 09:33:49,CS2,SPREAD_TIGHT,,,,spread=0.0300 < 0.05 — cancelling
18:20:20,2018-08-16 09:33:51,CS3,SPREAD_TIGHT,,,,spread=0.0100 < 0.05 — cancelling
18:20:21,2018-08-16 09:33:51,CS1,SPREAD_TIGHT,,,,spread=0.0500 < 0.05 — cancelling
18:20:21,2018-08-16 09:33:51,CS2,SPREAD_TIGHT,,,,spread=0.0300 < 0.05 — cancelling
18:20:22,2018-08-16 09:33:53,CS3,SPREAD_TIGHT,,,,spread=0.0300 < 0.05 — cancelling
18:20:23,2018-08-16 09:33:53,CS1,SPREAD_TIGHT,,,,spread=0.0500 < 0.05 — cancelling
18:20:23,2018-08-16 09:33:53,CS2,SPREAD_TIGHT,,,,spread=0.0300 < 0.05 — cancelling
18:20:24,2018-08-16 09:33:53,CS3,SPREAD_TIGHT,,,,spread=0.0300 < 0.05 — cancelling
18:20:25,2018-08-16 09:33:56,CS1,SPREAD_TIGHT,,,,spread=0.0500 < 0.05 — cancelling
18:20:25,2018-08-16 09:33:56,CS2,SPREAD_TIGHT,,,,spread=0.0300 < 0.05 — cancelling
18:20:26,2018-08-16 09:33:56,CS3,SPREAD_TIGHT,,,,spread=0.0500 < 0.05 — cancelling
18:20:27,2018-08-16 09:33:57,CS1,SUBMIT,BUY,100.44,3,bid+1tick=100.44 spread=0.0800 pos=-3L
18:20:27,2018-08-16 09:33:57,CS1,SUBMIT,SELL,100.5,3,ask-1tick=100.5 spread=0.0800 pos=-3L
18:20:27,2018-08-16 09:33:57,CS1,STATUS,,,,bid=100.44(NEW) ask=100.5(NEW) spread=0.0800 pos=-3L
18:20:27,2018-08-16 09:33:57,CS2,SPREAD_TIGHT,,,,spread=0.0300 < 0.05 — cancelling
18:20:28,2018-08-16 09:33:57,CS3,SPREAD_TIGHT,,,,spread=0.0500 < 0.05 — cancelling
18:20:29,2018-08-16 09:33:57,CS1,CANCEL,BUY,100.44,,outside spread bid=100.44 ask=100.5
18:20:29,2018-08-16 09:33:57,CS1,CANCEL,SELL,100.5,,outside spread bid=100.44 ask=100.5
18:20:30,2018-08-16 09:33:57,CS1,SUBMIT,BUY,100.46,3,bid+1tick=100.46 spread=0.0600 pos=-3L
18:20:30,2018-08-16 09:33:57,CS1,SUBMIT,SELL,100.5,3,ask-1tick=100.5 spread=0.0600 pos=-3L
18:20:30,2018-08-16 09:33:57,CS1,STATUS,,,,bid=100.46(NEW) ask=100.5(NEW) spread=0.0600 pos=-3L
18:20:30,2018-08-16 09:33:57,CS2,SPREAD_TIGHT,,,,spread=0.0300 < 0.05 — cancelling
18:20:30,2018-08-16 09:34:01,CS3,SPREAD_TIGHT,,,,spread=0.0200 < 0.05 — cancelling
18:20:31,2018-08-16 09:34:01,CS1,SPREAD_TIGHT,,,,spread=0.0100 < 0.05 — cancelling
18:20:32,2018-08-16 09:34:01,CS2,SPREAD_TIGHT,,,,spread=0.0300 < 0.05 — cancelling
18:20:32,2018-08-16 09:34:03,CS3,SPREAD_TIGHT,,,,spread=0.0200 < 0.05 — cancelling
18:20:33,2018-08-16 09:34:03,CS1,SPREAD_TIGHT,,,,spread=0.0200 < 0.05 — cancelling
18:20:34,2018-08-16 09:34:05,CS2,SPREAD_TIGHT,,,,spread=0.0300 < 0.05 — cancelling
18:20:34,2018-08-16 09:34:05,CS3,SPREAD_TIGHT,,,,spread=0.0500 < 0.05 — cancelling
18:20:35,2018-08-16 09:34:06,CS1,SPREAD_TIGHT,,,,spread=0.0300 < 0.05 — cancelling
18:20:36,2018-08-16 09:34:07,CS2,SUBMIT,BUY,100.65,3,bid+1tick=100.65 spread=0.0700 pos=-3L
18:20:36,2018-08-16 09:34:07,CS2,SUBMIT,SELL,100.7,3,ask-1tick=100.7 spread=0.0700 pos=-3L
18:20:36,2018-08-16 09:34:07,CS2,STATUS,,,,bid=100.65(NEW) ask=100.7(NEW) spread=0.0700 pos=-3L
18:20:36,2018-08-16 09:34:07,CS3,SUBMIT,BUY,99.83,3,bid+1tick=99.83 spread=0.0600 pos=-9L
18:20:36,2018-08-16 09:34:07,CS3,SUBMIT,SELL,99.87,3,ask-1tick=99.87 spread=0.0600 pos=-9L
18:20:36,2018-08-16 09:34:07,CS3,STATUS,,,,bid=99.83(NEW) ask=99.87(NEW) spread=0.0600 pos=-9L
18:20:37,2018-08-16 09:34:07,CS1,SPREAD_TIGHT,,,,spread=0.0300 < 0.05 — cancelling
18:20:38,2018-08-16 09:34:07,CS2,SPREAD_TIGHT,,,,spread=0.0500 < 0.05 — cancelling
18:20:38,2018-08-16 09:34:09,CS3,CANCEL,SELL,99.87,,outside spread bid=99.82 ask=99.87
18:20:39,2018-08-16 09:34:09,CS3,SUBMIT,BUY,99.79,3,bid+1tick=99.79 spread=0.1800 pos=-6L
18:20:39,2018-08-16 09:34:09,CS3,SUBMIT,SELL,99.95,3,ask-1tick=99.95 spread=0.1800 pos=-6L
18:20:39,2018-08-16 09:34:09,CS3,STATUS,,,,bid=99.79(NEW) ask=99.95(NEW) spread=0.1800 pos=-6L
18:20:39,2018-08-16 09:34:09,CS1,SUBMIT,BUY,100.46,3,bid+1tick=100.46 spread=0.0600 pos=-3L
18:20:39,2018-08-16 09:34:09,CS1,SUBMIT,SELL,100.5,3,ask-1tick=100.5 spread=0.0600 pos=-3L
18:20:39,2018-08-16 09:34:09,CS1,STATUS,,,,bid=100.46(NEW) ask=100.5(NEW) spread=0.0600 pos=-3L
18:20:40,2018-08-16 09:34:11,CS2,SUBMIT,BUY,100.62,3,bid+1tick=100.62 spread=0.1000 pos=-3L
18:20:40,2018-08-16 09:34:11,CS2,SUBMIT,SELL,100.7,3,ask-1tick=100.7 spread=0.1000 pos=-3L
18:20:40,2018-08-16 09:34:11,CS2,STATUS,,,,bid=100.62(NEW) ask=100.7(NEW) spread=0.1000 pos=-3L
18:20:41,2018-08-16 09:34:11,CS3,CANCEL,BUY,99.79,,outside spread bid=99.84 ask=99.95
18:20:41,2018-08-16 09:34:11,CS3,CANCEL,SELL,99.95,,outside spread bid=99.84 ask=99.95
18:20:41,2018-08-16 09:34:11,CS3,SUBMIT,BUY,99.85,3,bid+1tick=99.85 spread=0.1200 pos=-6L
18:20:41,2018-08-16 09:34:11,CS3,SUBMIT,SELL,99.95,3,ask-1tick=99.95 spread=0.1200 pos=-6L
18:20:41,2018-08-16 09:34:11,CS3,STATUS,,,,bid=99.85(NEW) ask=99.95(NEW) spread=0.1200 pos=-6L
18:20:41,2018-08-16 09:34:12,CS1,SPREAD_TIGHT,,,,spread=0.0400 < 0.05 — cancelling
18:20:42,2018-08-16 09:34:12,CS2,SPREAD_TIGHT,,,,spread=0.0100 < 0.05 — cancelling
18:20:43,2018-08-16 09:34:12,CS3,CANCEL,BUY,99.85,,outside spread bid=99.85 ask=99.95
18:20:43,2018-08-16 09:34:12,CS3,CANCEL,SELL,99.95,,outside spread bid=99.85 ask=99.95
18:20:43,2018-08-16 09:34:12,CS3,SUBMIT,BUY,99.85,3,bid+1tick=99.85 spread=0.1200 pos=-6L
18:20:43,2018-08-16 09:34:12,CS3,SUBMIT,SELL,99.95,3,ask-1tick=99.95 spread=0.1200 pos=-6L
18:20:43,2018-08-16 09:34:12,CS3,STATUS,,,,bid=99.85(NEW) ask=99.95(NEW) spread=0.1200 pos=-6L
18:20:43,2018-08-16 09:34:12,CS1,SUBMIT,BUY,100.46,3,bid+1tick=100.46 spread=0.0900 pos=-6L
18:20:43,2018-08-16 09:34:12,CS1,SUBMIT,SELL,100.53,3,ask-1tick=100.53 spread=0.0900 pos=-6L
18:20:43,2018-08-16 09:34:12,CS1,STATUS,,,,bid=100.46(NEW) ask=100.53(NEW) spread=0.0900 pos=-6L
18:20:44,2018-08-16 09:34:12,CS2,SPREAD_TIGHT,,,,spread=0.0100 < 0.05 — cancelling
18:20:45,2018-08-16 09:34:12,CS3,CANCEL,BUY,99.85,,outside spread bid=99.85 ask=99.95
18:20:45,2018-08-16 09:34:12,CS3,CANCEL,SELL,99.95,,outside spread bid=99.85 ask=99.95
18:20:45,2018-08-16 09:34:12,CS3,SUBMIT,BUY,99.84,3,bid+1tick=99.84 spread=0.1300 pos=-6L
18:20:45,2018-08-16 09:34:12,CS3,SUBMIT,SELL,99.95,3,ask-1tick=99.95 spread=0.1300 pos=-6L
18:20:45,2018-08-16 09:34:12,CS3,STATUS,,,,bid=99.84(NEW) ask=99.95(NEW) spread=0.1300 pos=-6L
18:20:45,2018-08-16 09:34:16,CS1,SPREAD_TIGHT,,,,spread=0.0100 < 0.05 — cancelling
18:20:46,2018-08-16 09:34:17,CS2,SUBMIT,BUY,100.72,3,bid+1tick=100.72 spread=0.0500 pos=-6L
18:20:46,2018-08-16 09:34:17,CS2,SUBMIT,SELL,100.75,3,ask-1tick=100.75 spread=0.0500 pos=-6L
18:20:46,2018-08-16 09:34:17,CS2,STATUS,,,,bid=100.72(NEW) ask=100.75(NEW) spread=0.0500 pos=-6L
18:20:47,2018-08-16 09:34:17,CS3,SPREAD_TIGHT,,,,spread=0.0300 < 0.05 — cancelling
18:20:47,2018-08-16 09:34:17,CS1,SPREAD_TIGHT,,,,spread=0.0100 < 0.05 — cancelling
18:20:48,2018-08-16 09:34:19,CS2,SPREAD_TIGHT,,,,spread=0.0500 < 0.05 — cancelling
18:20:49,2018-08-16 09:34:19,CS3,SUBMIT,BUY,99.81,3,bid+1tick=99.81 spread=0.0700 pos=-6L
18:20:49,2018-08-16 09:34:19,CS3,SUBMIT,SELL,99.86,3,ask-1tick=99.86 spread=0.0700 pos=-6L
18:20:49,2018-08-16 09:34:19,CS3,STATUS,,,,bid=99.81(NEW) ask=99.86(NEW) spread=0.0700 pos=-6L
18:20:50,2018-08-16 09:34:20,CS1,SPREAD_TIGHT,,,,spread=0.0500 < 0.05 — cancelling
18:20:50,2018-08-16 09:34:20,CS2,SUBMIT,BUY,100.71,3,bid+1tick=100.71 spread=0.0700 pos=-3L
18:20:50,2018-08-16 09:34:20,CS2,SUBMIT,SELL,100.76,3,ask-1tick=100.76 spread=0.0700 pos=-3L
18:20:50,2018-08-16 09:34:20,CS2,STATUS,,,,bid=100.71(NEW) ask=100.76(NEW) spread=0.0700 pos=-3L
18:20:51,2018-08-16 09:34:20,CS3,SPREAD_TIGHT,,,,spread=0.0100 < 0.05 — cancelling
18:20:52,2018-08-16 09:34:20,CS1,SPREAD_TIGHT,,,,spread=0.0200 < 0.05 — cancelling
18:20:52,2018-08-16 09:34:23,CS2,CANCEL,BUY,100.71,,outside spread bid=100.71 ask=100.76
18:20:52,2018-08-16 09:34:23,CS2,CANCEL,SELL,100.76,,outside spread bid=100.71 ask=100.76
18:20:53,2018-08-16 09:34:23,CS2,SUBMIT,BUY,100.71,3,bid+1tick=100.71 spread=0.0700 pos=-3L
18:20:53,2018-08-16 09:34:23,CS2,SUBMIT,SELL,100.76,3,ask-1tick=100.76 spread=0.0700 pos=-3L
18:20:53,2018-08-16 09:34:23,CS2,STATUS,,,,bid=100.71(NEW) ask=100.76(NEW) spread=0.0700 pos=-3L
18:20:53,2018-08-16 09:34:23,CS3,SUBMIT,BUY,99.81,3,bid+1tick=99.81 spread=0.0700 pos=-6L
18:20:53,2018-08-16 09:34:23,CS3,SUBMIT,SELL,99.86,3,ask-1tick=99.86 spread=0.0700 pos=-6L
18:20:53,2018-08-16 09:34:23,CS3,STATUS,,,,bid=99.81(NEW) ask=99.86(NEW) spread=0.0700 pos=-6L
18:20:54,2018-08-16 09:34:24,CS1,SPREAD_TIGHT,,,,spread=0.0500 < 0.05 — cancelling
18:20:54,2018-08-16 09:34:24,CS2,CANCEL,BUY,100.71,,outside spread bid=100.71 ask=100.76
18:20:55,2018-08-16 09:34:24,CS2,CANCEL,SELL,100.76,,outside spread bid=100.71 ask=100.76
18:20:55,2018-08-16 09:34:24,CS2,SUBMIT,BUY,100.72,3,bid+1tick=100.72 spread=0.0900 pos=-3L
18:20:55,2018-08-16 09:34:24,CS2,SUBMIT,SELL,100.79,3,ask-1tick=100.79 spread=0.0900 pos=-3L
18:20:55,2018-08-16 09:34:24,CS2,STATUS,,,,bid=100.72(NEW) ask=100.79(NEW) spread=0.0900 pos=-3L
18:20:55,2018-08-16 09:34:24,CS3,CANCEL,BUY,99.81,,outside spread bid=99.81 ask=99.87
18:20:56,2018-08-16 09:34:26,CS1,SPREAD_TIGHT,,,,spread=0.0400 < 0.05 — cancelling
18:20:56,2018-08-16 09:34:27,CS2,CANCEL,BUY,100.72,,outside spread bid=100.74 ask=100.8
18:20:57,2018-08-16 09:34:28,CS3,SPREAD_TIGHT,,,,spread=0.0400 < 0.05 — cancelling
18:20:58,2018-08-16 09:34:28,CS1,SPREAD_TIGHT,,,,spread=0.0400 < 0.05 — cancelling
18:20:59,2018-08-16 09:34:29,CS2,SPREAD_TIGHT,,,,spread=0.0500 < 0.05 — cancelling
18:20:59,2018-08-16 09:34:29,CS3,SPREAD_TIGHT,,,,spread=0.0200 < 0.05 — cancelling
18:21:00,2018-08-16 09:34:31,CS1,SPREAD_TIGHT,,,,spread=0.0500 < 0.05 — cancelling
18:21:01,2018-08-16 09:34:31,CS2,SPREAD_TIGHT,,,,spread=0.0300 < 0.05 — cancelling
18:21:01,2018-08-16 09:34:31,CS3,SPREAD_TIGHT,,,,spread=0.0300 < 0.05 — cancelling
18:21:02,2018-08-16 09:34:31,CS1,SPREAD_TIGHT,,,,spread=0.0500 < 0.05 — cancelling
18:21:03,2018-08-16 09:34:31,CS2,SPREAD_TIGHT,,,,spread=0.0300 < 0.05 — cancelling
18:21:03,2018-08-16 09:34:31,CS3,SPREAD_TIGHT,,,,spread=0.0100 < 0.05 — cancelling
18:21:04,2018-08-16 09:34:35,CS1,SPREAD_TIGHT,,,,spread=0.0500 < 0.05 — cancelling
18:21:05,2018-08-16 09:34:36,CS2,SUBMIT,BUY,100.72,3,bid+1tick=100.72 spread=0.0700 pos=-6L
18:21:05,2018-08-16 09:34:36,CS2,SUBMIT,SELL,100.77,3,ask-1tick=100.77 spread=0.0700 pos=-6L
18:21:05,2018-08-16 09:34:36,CS2,STATUS,,,,bid=100.72(NEW) ask=100.77(NEW) spread=0.0700 pos=-6L
18:21:05,2018-08-16 09:34:36,CS3,SPREAD_TIGHT,,,,spread=0.0100 < 0.05 — cancelling
18:21:06,2018-08-16 09:34:37,CS1,SPREAD_TIGHT,,,,spread=0.0200 < 0.05 — cancelling
18:21:07,2018-08-16 09:34:37,CS2,SPREAD_TIGHT,,,,spread=0.0200 < 0.05 — cancelling
18:21:07,2018-08-16 09:34:37,CS3,SPREAD_TIGHT,,,,spread=0.0100 < 0.05 — cancelling
18:21:08,2018-08-16 09:34:37,CS1,SPREAD_TIGHT,,,,spread=0.0200 < 0.05 — cancelling
18:21:09,2018-08-16 09:34:37,CS2,SUBMIT,BUY,100.72,3,bid+1tick=100.72 spread=0.0700 pos=-6L
18:21:09,2018-08-16 09:34:37,CS2,SUBMIT,SELL,100.77,3,ask-1tick=100.77 spread=0.0700 pos=-6L
18:21:09,2018-08-16 09:34:37,CS2,STATUS,,,,bid=100.72(NEW) ask=100.77(NEW) spread=0.0700 pos=-6L
18:21:09,2018-08-16 09:34:40,CS3,SPREAD_TIGHT,,,,spread=0.0100 < 0.05 — cancelling
18:21:10,2018-08-16 09:34:41,CS1,SPREAD_TIGHT,,,,spread=0.0200 < 0.05 — cancelling
18:21:11,2018-08-16 09:34:41,CS2,CANCEL,SELL,100.77,,outside spread bid=100.68 ask=100.74
18:21:11,2018-08-16 09:34:41,CS2,SUBMIT,BUY,100.69,3,bid+1tick=100.69 spread=0.0600 pos=-3L
18:21:11,2018-08-16 09:34:41,CS2,SUBMIT,SELL,100.73,3,ask-1tick=100.73 spread=0.0600 pos=-3L
18:21:11,2018-08-16 09:34:41,CS2,STATUS,,,,bid=100.69(NEW) ask=100.73(NEW) spread=0.0600 pos=-3L
18:21:11,2018-08-16 09:34:41,CS3,SPREAD_TIGHT,,,,spread=0.0100 < 0.05 — cancelling
18:21:12,2018-08-16 09:34:43,CS1,SPREAD_TIGHT,,,,spread=0.0200 < 0.05 — cancelling
18:21:13,2018-08-16 09:34:43,CS2,SPREAD_TIGHT,,,,spread=0.0400 < 0.05 — cancelling
18:21:13,2018-08-16 09:34:44,CS3,SPREAD_TIGHT,,,,spread=0.0100 < 0.05 — cancelling
18:21:14,2018-08-16 09:34:44,CS1,SPREAD_TIGHT,,,,spread=0.0200 < 0.05 — cancelling
18:21:15,2018-08-16 09:34:46,CS2,SPREAD_TIGHT,,,,spread=0.0300 < 0.05 — cancelling
18:21:15,2018-08-16 09:34:46,CS3,SPREAD_TIGHT,,,,spread=0.0100 < 0.05 — cancelling
18:21:16,2018-08-16 09:34:47,CS1,SPREAD_TIGHT,,,,spread=0.0200 < 0.05 — cancelling
18:21:17,2018-08-16 09:34:47,CS2,SPREAD_TIGHT,,,,spread=0.0500 < 0.05 — cancelling
18:21:17,2018-08-16 09:34:47,CS3,SPREAD_TIGHT,,,,spread=0.0100 < 0.05 — cancelling
18:21:18,2018-08-16 09:34:47,CS1,SPREAD_TIGHT,,,,spread=0.0200 < 0.05 — cancelling
18:21:19,2018-08-16 09:34:50,CS2,SPREAD_TIGHT,,,,spread=0.0500 < 0.05 — cancelling
18:21:19,2018-08-16 09:34:50,CS3,SUBMIT,BUY,100.0,3,bid+1tick=100.0 spread=0.0500 pos=-9L
18:21:19,2018-08-16 09:34:50,CS3,SUBMIT,SELL,100.03,3,ask-1tick=100.03 spread=0.0500 pos=-9L
18:21:19,2018-08-16 09:34:50,CS3,STATUS,,,,bid=100.0(NEW) ask=100.03(NEW) spread=0.0500 pos=-9L
18:21:21,2018-08-16 09:34:51,CS1,SPREAD_TIGHT,,,,spread=0.0200 < 0.05 — cancelling
18:21:21,2018-08-16 09:34:51,CS2,SPREAD_TIGHT,,,,spread=0.0200 < 0.05 — cancelling
18:21:22,2018-08-16 09:34:51,CS3,SUBMIT,BUY,99.96,3,bid+1tick=99.96 spread=0.0700 pos=-9L
18:21:22,2018-08-16 09:34:51,CS3,SUBMIT,SELL,100.01,3,ask-1tick=100.01 spread=0.0700 pos=-9L
18:21:22,2018-08-16 09:34:51,CS3,STATUS,,,,bid=99.96(NEW) ask=100.01(NEW) spread=0.0700 pos=-9L
18:21:23,2018-08-16 09:34:51,CS1,SPREAD_TIGHT,,,,spread=0.0200 < 0.05 — cancelling
18:21:23,2018-08-16 09:34:51,CS2,SPREAD_TIGHT,,,,spread=0.0200 < 0.05 — cancelling
18:21:24,2018-08-16 09:34:55,CS3,SPREAD_TIGHT,,,,spread=0.0100 < 0.05 — cancelling
18:21:25,2018-08-16 09:34:55,CS1,SPREAD_TIGHT,,,,spread=0.0200 < 0.05 — cancelling
18:21:25,2018-08-16 09:34:56,CS2,SPREAD_TIGHT,,,,spread=0.0200 < 0.05 — cancelling
18:21:26,2018-08-16 09:34:56,CS3,SPREAD_TIGHT,,,,spread=0.0100 < 0.05 — cancelling
18:21:27,2018-08-16 09:34:56,CS1,SPREAD_TIGHT,,,,spread=0.0200 < 0.05 — cancelling
18:21:27,2018-08-16 09:34:56,CS2,SPREAD_TIGHT,,,,spread=0.0200 < 0.05 — cancelling
18:21:28,2018-08-16 09:34:56,CS3,SPREAD_TIGHT,,,,spread=0.0100 < 0.05 — cancelling
18:21:29,2018-08-16 09:34:59,CS1,SPREAD_TIGHT,,,,spread=0.0200 < 0.05 — cancelling
18:21:29,2018-08-16 09:34:59,CS2,SPREAD_TIGHT,,,,spread=0.0100 < 0.05 — cancelling
18:21:30,2018-08-16 09:34:59,CS3,SUBMIT,BUY,99.99,3,bid+1tick=99.99 spread=0.0600 pos=-6L
18:21:30,2018-08-16 09:34:59,CS3,SUBMIT,SELL,100.03,3,ask-1tick=100.03 spread=0.0600 pos=-6L
18:21:30,2018-08-16 09:34:59,CS3,STATUS,,,,bid=99.99(NEW) ask=100.03(NEW) spread=0.0600 pos=-6L
18:21:31,2018-08-16 09:35:01,CS1,SPREAD_TIGHT,,,,spread=0.0200 < 0.05 — cancelling
18:21:31,2018-08-16 09:35:02,CS2,SPREAD_TIGHT,,,,spread=0.0100 < 0.05 — cancelling
18:21:32,2018-08-16 09:35:03,CS3,SPREAD_TIGHT,,,,spread=0.0100 < 0.05 — cancelling
18:21:33,2018-08-16 09:35:03,CS1,SPREAD_TIGHT,,,,spread=0.0300 < 0.05 — cancelling
18:21:33,2018-08-16 09:35:04,CS2,SPREAD_TIGHT,,,,spread=0.0400 < 0.05 — cancelling
18:21:34,2018-08-16 09:35:04,CS3,SPREAD_TIGHT,,,,spread=0.0200 < 0.05 — cancelling
18:21:35,2018-08-16 09:35:06,CS1,SPREAD_TIGHT,,,,spread=0.0300 < 0.05 — cancelling
18:21:35,2018-08-16 09:35:06,CS2,SPREAD_TIGHT,,,,spread=0.0300 < 0.05 — cancelling
18:21:36,2018-08-16 09:35:07,CS3,SPREAD_TIGHT,,,,spread=0.0100 < 0.05 — cancelling
18:21:37,2018-08-16 09:35:07,CS1,SPREAD_TIGHT,,,,spread=0.0400 < 0.05 — cancelling
18:21:37,2018-08-16 09:35:08,CS2,SPREAD_TIGHT,,,,spread=0.0400 < 0.05 — cancelling
18:21:38,2018-08-16 09:35:08,CS3,SPREAD_TIGHT,,,,spread=0.0100 < 0.05 — cancelling
18:21:39,2018-08-16 09:35:09,CS1,SPREAD_TIGHT,,,,spread=0.0400 < 0.05 — cancelling
18:21:40,2018-08-16 09:35:09,CS2,SUBMIT,BUY,100.64,3,bid+1tick=100.64 spread=0.1000 pos=-6L
18:21:40,2018-08-16 09:35:09,CS2,SUBMIT,SELL,100.72,3,ask-1tick=100.72 spread=0.1000 pos=-6L
18:21:40,2018-08-16 09:35:09,CS2,STATUS,,,,bid=100.64(NEW) ask=100.72(NEW) spread=0.1000 pos=-6L
18:21:40,2018-08-16 09:35:09,CS3,SPREAD_TIGHT,,,,spread=0.0200 < 0.05 — cancelling
18:21:41,2018-08-16 09:35:12,CS1,SPREAD_TIGHT,,,,spread=0.0200 < 0.05 — cancelling
18:21:42,2018-08-16 09:35:13,CS2,SPREAD_TIGHT,,,,spread=0.0100 < 0.05 — cancelling
18:21:42,2018-08-16 09:35:13,CS3,SPREAD_TIGHT,,,,spread=0.0300 < 0.05 — cancelling
18:21:43,2018-08-16 09:35:13,CS1,SPREAD_TIGHT,,,,spread=0.0100 < 0.05 — cancelling
18:21:44,2018-08-16 09:35:15,CS2,SPREAD_TIGHT,,,,spread=0.0400 < 0.05 — cancelling
18:21:44,2018-08-16 09:35:15,CS3,SPREAD_TIGHT,,,,spread=0.0300 < 0.05 — cancelling
18:21:45,2018-08-16 09:35:16,CS1,SPREAD_TIGHT,,,,spread=0.0300 < 0.05 — cancelling
18:21:46,2018-08-16 09:35:16,CS2,SPREAD_TIGHT,,,,spread=0.0300 < 0.05 — cancelling
18:21:46,2018-08-16 09:35:17,CS3,SPREAD_TIGHT,,,,spread=0.0400 < 0.05 — cancelling
18:21:47,2018-08-16 09:35:18,CS1,SPREAD_TIGHT,,,,spread=0.0200 < 0.05 — cancelling
18:21:48,2018-08-16 09:35:19,CS2,SPREAD_TIGHT,,,,spread=0.0300 < 0.05 — cancelling
18:21:48,2018-08-16 09:35:19,CS3,SPREAD_TIGHT,,,,spread=0.0200 < 0.05 — cancelling
18:21:49,2018-08-16 09:35:20,CS1,SPREAD_TIGHT,,,,spread=0.0400 < 0.05 — cancelling
18:21:50,2018-08-16 09:35:20,CS2,SPREAD_TIGHT,,,,spread=0.0400 < 0.05 — cancelling
18:21:50,2018-08-16 09:35:21,CS3,SPREAD_TIGHT,,,,spread=0.0100 < 0.05 — cancelling
18:21:51,2018-08-16 09:35:21,CS1,SPREAD_TIGHT,,,,spread=0.0300 < 0.05 — cancelling
18:21:52,2018-08-16 09:35:23,CS2,SPREAD_TIGHT,,,,spread=0.0300 < 0.05 — cancelling
18:21:52,2018-08-16 09:35:23,CS3,SPREAD_TIGHT,,,,spread=0.0200 < 0.05 — cancelling
18:21:53,2018-08-16 09:35:24,CS1,SUBMIT,BUY,100.5,3,bid+1tick=100.5 spread=0.0600 pos=-9L
18:21:53,2018-08-16 09:35:24,CS1,SUBMIT,SELL,100.54,3,ask-1tick=100.54 spread=0.0600 pos=-9L
18:21:53,2018-08-16 09:35:24,CS1,STATUS,,,,bid=100.5(NEW) ask=100.54(NEW) spread=0.0600 pos=-9L
18:21:54,2018-08-16 09:35:24,CS2,SPREAD_TIGHT,,,,spread=0.0300 < 0.05 — cancelling
18:21:54,2018-08-16 09:35:24,CS3,SPREAD_TIGHT,,,,spread=0.0200 < 0.05 — cancelling
18:21:55,2018-08-16 09:35:26,CS1,SPREAD_TIGHT,,,,spread=0.0200 < 0.05 — cancelling
18:21:56,2018-08-16 09:35:26,CS2,SPREAD_TIGHT,,,,spread=0.0300 < 0.05 — cancelling
18:21:56,2018-08-16 09:35:26,CS3,SPREAD_TIGHT,,,,spread=0.0200 < 0.05 — cancelling
18:21:57,2018-08-16 09:35:26,CS1,SPREAD_TIGHT,,,,spread=0.0200 < 0.05 — cancelling
18:21:58,2018-08-16 09:35:29,CS2,SPREAD_TIGHT,,,,spread=0.0400 < 0.05 — cancelling
18:21:58,2018-08-16 09:35:29,CS3,SPREAD_TIGHT,,,,spread=0.0200 < 0.05 — cancelling
18:21:59,2018-08-16 09:35:30,CS1,SPREAD_TIGHT,,,,spread=0.0200 < 0.05 — cancelling
18:22:00,2018-08-16 09:35:31,CS2,SPREAD_TIGHT,,,,spread=0.0400 < 0.05 — cancelling
18:22:00,2018-08-16 09:35:31,CS3,SPREAD_TIGHT,,,,spread=0.0200 < 0.05 — cancelling
18:22:01,2018-08-16 09:35:31,CS1,SPREAD_TIGHT,,,,spread=0.0200 < 0.05 — cancelling
18:22:02,2018-08-16 09:35:33,CS2,SPREAD_TIGHT,,,,spread=0.0100 < 0.05 — cancelling
18:22:02,2018-08-16 09:35:33,CS3,SPREAD_TIGHT,,,,spread=0.0200 < 0.05 — cancelling
18:22:03,2018-08-16 09:35:33,CS1,SPREAD_TIGHT,,,,spread=0.0100 < 0.05 — cancelling
18:22:04,2018-08-16 09:35:33,CS2,SPREAD_TIGHT,,,,spread=0.0200 < 0.05 — cancelling
18:22:05,2018-08-16 09:35:33,CS3,SPREAD_TIGHT,,,,spread=0.0200 < 0.05 — cancelling
18:22:06,2018-08-16 09:35:36,CS1,SPREAD_TIGHT,,,,spread=0.0300 < 0.05 — cancelling
18:22:06,2018-08-16 09:35:37,CS2,SPREAD_TIGHT,,,,spread=0.0100 < 0.05 — cancelling
18:22:07,2018-08-16 09:35:37,CS3,SUBMIT,BUY,99.92,3,bid+1tick=99.92 spread=0.0700 pos=-3L
18:22:07,2018-08-16 09:35:37,CS3,SUBMIT,SELL,99.97,3,ask-1tick=99.97 spread=0.0700 pos=-3L
18:22:07,2018-08-16 09:35:37,CS3,STATUS,,,,bid=99.92(NEW) ask=99.97(NEW) spread=0.0700 pos=-3L
18:22:08,2018-08-16 09:35:38,CS1,SUBMIT,BUY,100.5,3,bid+1tick=100.5 spread=0.1500 pos=-12L
18:22:08,2018-08-16 09:35:38,CS1,SUBMIT,SELL,100.63,3,ask-1tick=100.63 spread=0.1500 pos=-12L
18:22:08,2018-08-16 09:35:38,CS1,STATUS,,,,bid=100.5(NEW) ask=100.63(NEW) spread=0.1500 pos=-12L
18:22:08,2018-08-16 09:35:38,CS2,SPREAD_TIGHT,,,,spread=0.0400 < 0.05 — cancelling
18:22:09,2018-08-16 09:35:39,CS3,SPREAD_TIGHT,,,,spread=0.0100 < 0.05 — cancelling
18:22:10,2018-08-16 09:35:40,CS1,CANCEL,BUY,100.5,,outside spread bid=100.5 ask=100.63
18:22:10,2018-08-16 09:35:40,CS1,CANCEL,SELL,100.63,,outside spread bid=100.5 ask=100.63
18:22:10,2018-08-16 09:35:40,CS1,SUBMIT,BUY,100.5,3,bid+1tick=100.5 spread=0.1100 pos=-12L
18:22:10,2018-08-16 09:35:40,CS1,SUBMIT,SELL,100.59,3,ask-1tick=100.59 spread=0.1100 pos=-12L
18:22:10,2018-08-16 09:35:40,CS1,STATUS,,,,bid=100.5(NEW) ask=100.59(NEW) spread=0.1100 pos=-12L
18:22:10,2018-08-16 09:35:40,CS2,SPREAD_TIGHT,,,,spread=0.0100 < 0.05 — cancelling
18:22:11,2018-08-16 09:35:40,CS3,SUBMIT,BUY,99.92,3,bid+1tick=99.92 spread=0.1000 pos=-6L
18:22:11,2018-08-16 09:35:40,CS3,SUBMIT,SELL,100.0,3,ask-1tick=100.0 spread=0.1000 pos=-6L
18:22:11,2018-08-16 09:35:40,CS3,STATUS,,,,bid=99.92(NEW) ask=100.0(NEW) spread=0.1000 pos=-6L
18:22:12,2018-08-16 09:35:40,CS1,CANCEL,BUY,100.5,,outside spread bid=100.5 ask=100.59
18:22:12,2018-08-16 09:35:40,CS1,CANCEL,SELL,100.59,,outside spread bid=100.5 ask=100.59
18:22:12,2018-08-16 09:35:40,CS1,SUBMIT,BUY,100.5,3,bid+1tick=100.5 spread=0.1100 pos=-12L
18:22:12,2018-08-16 09:35:40,CS1,SUBMIT,SELL,100.59,3,ask-1tick=100.59 spread=0.1100 pos=-12L
18:22:12,2018-08-16 09:35:40,CS1,STATUS,,,,bid=100.5(NEW) ask=100.59(NEW) spread=0.1100 pos=-12L
18:22:12,2018-08-16 09:35:40,CS2,SPREAD_TIGHT,,,,spread=0.0100 < 0.05 — cancelling
18:22:13,2018-08-16 09:35:40,CS3,SPREAD_TIGHT,,,,spread=0.0400 < 0.05 — cancelling
18:22:14,2018-08-16 09:35:44,CS1,CANCEL,BUY,100.5,,outside spread bid=100.5 ask=100.59
18:22:14,2018-08-16 09:35:44,CS1,CANCEL,SELL,100.59,,outside spread bid=100.5 ask=100.59
18:22:14,2018-08-16 09:35:44,CS1,SUBMIT,BUY,100.5,3,bid+1tick=100.5 spread=0.1500 pos=-12L
18:22:14,2018-08-16 09:35:44,CS1,SUBMIT,SELL,100.63,3,ask-1tick=100.63 spread=0.1500 pos=-12L
18:22:14,2018-08-16 09:35:44,CS1,STATUS,,,,bid=100.5(NEW) ask=100.63(NEW) spread=0.1500 pos=-12L
18:22:14,2018-08-16 09:35:44,CS2,SPREAD_TIGHT,,,,spread=0.0400 < 0.05 — cancelling
18:22:15,2018-08-16 09:35:44,CS3,SPREAD_TIGHT,,,,spread=0.0500 < 0.05 — cancelling
18:22:16,2018-08-16 09:35:44,CS1,CANCEL,BUY,100.5,,outside spread bid=100.51 ask=100.63
18:22:16,2018-08-16 09:35:44,CS1,CANCEL,SELL,100.63,,outside spread bid=100.51 ask=100.63
18:22:16,2018-08-16 09:35:44,CS2,SPREAD_TIGHT,,,,spread=0.0300 < 0.05 — cancelling
18:22:17,2018-08-16 09:35:47,CS3,SPREAD_TIGHT,,,,spread=0.0400 < 0.05 — cancelling
18:22:18,2018-08-16 09:35:47,CS1,SPREAD_TIGHT,,,,spread=0.0100 < 0.05 — cancelling
18:22:18,2018-08-16 09:35:47,CS2,SPREAD_TIGHT,,,,spread=0.0300 < 0.05 — cancelling
18:22:19,2018-08-16 09:35:47,CS3,SPREAD_TIGHT,,,,spread=0.0500 < 0.05 — cancelling
18:22:20,2018-08-16 09:35:47,CS1,SPREAD_TIGHT,,,,spread=0.0100 < 0.05 — cancelling
18:22:20,2018-08-16 09:35:47,CS2,SUBMIT,BUY,100.64,3,bid+1tick=100.64 spread=0.0800 pos=-3L
18:22:20,2018-08-16 09:35:47,CS2,SUBMIT,SELL,100.7,3,ask-1tick=100.7 spread=0.0800 pos=-3L
18:22:20,2018-08-16 09:35:47,CS2,STATUS,,,,bid=100.64(NEW) ask=100.7(NEW) spread=0.0800 pos=-3L
18:22:21,2018-08-16 09:35:47,CS3,SUBMIT,BUY,99.91,3,bid+1tick=99.91 spread=0.0600 pos=-6L
18:22:21,2018-08-16 09:35:47,CS3,SUBMIT,SELL,99.95,3,ask-1tick=99.95 spread=0.0600 pos=-6L
18:22:21,2018-08-16 09:35:47,CS3,STATUS,,,,bid=99.91(NEW) ask=99.95(NEW) spread=0.0600 pos=-6L
18:22:22,2018-08-16 09:35:47,CS1,SPREAD_TIGHT,,,,spread=0.0200 < 0.05 — cancelling
18:22:23,2018-08-16 09:35:47,CS2,CANCEL,BUY,100.64,,outside spread bid=100.64 ask=100.7
18:22:23,2018-08-16 09:35:47,CS2,CANCEL,SELL,100.7,,outside spread bid=100.64 ask=100.7
18:22:23,2018-08-16 09:35:47,CS2,SUBMIT,BUY,100.64,3,bid+1tick=100.64 spread=0.0800 pos=-3L
18:22:23,2018-08-16 09:35:47,CS2,SUBMIT,SELL,100.7,3,ask-1tick=100.7 spread=0.0800 pos=-3L
18:22:23,2018-08-16 09:35:47,CS2,STATUS,,,,bid=100.64(NEW) ask=100.7(NEW) spread=0.0800 pos=-3L
18:22:23,2018-08-16 09:35:47,CS3,SPREAD_TIGHT,,,,spread=0.0400 < 0.05 — cancelling
18:22:24,2018-08-16 09:35:54,CS1,SPREAD_TIGHT,,,,spread=0.0200 < 0.05 — cancelling
18:22:25,2018-08-16 09:35:54,CS2,CANCEL,BUY,100.64,,outside spread bid=100.64 ask=100.7
18:22:25,2018-08-16 09:35:54,CS2,CANCEL,SELL,100.7,,outside spread bid=100.64 ask=100.7
18:22:25,2018-08-16 09:35:54,CS3,SPREAD_TIGHT,,,,spread=0.0300 < 0.05 — cancelling
18:22:26,2018-08-16 09:35:56,CS1,SPREAD_TIGHT,,,,spread=0.0200 < 0.05 — cancelling
18:22:27,2018-08-16 09:35:56,CS2,SPREAD_TIGHT,,,,spread=0.0300 < 0.05 — cancelling
18:22:27,2018-08-16 09:35:56,CS3,SPREAD_TIGHT,,,,spread=0.0300 < 0.05 — cancelling
18:22:28,2018-08-16 09:35:59,CS1,SPREAD_TIGHT,,,,spread=0.0200 < 0.05 — cancelling
18:22:29,2018-08-16 09:35:59,CS2,SPREAD_TIGHT,,,,spread=0.0400 < 0.05 — cancelling
18:22:29,2018-08-16 09:35:59,CS3,SUBMIT,BUY,99.91,3,bid+1tick=99.91 spread=0.0600 pos=-6L
18:22:29,2018-08-16 09:35:59,CS3,SUBMIT,SELL,99.95,3,ask-1tick=99.95 spread=0.0600 pos=-6L
18:22:29,2018-08-16 09:35:59,CS3,STATUS,,,,bid=99.91(NEW) ask=99.95(NEW) spread=0.0600 pos=-6L
18:22:30,2018-08-16 09:36:01,CS1,SPREAD_TIGHT,,,,spread=0.0200 < 0.05 — cancelling
18:22:31,2018-08-16 09:36:01,CS2,SPREAD_TIGHT,,,,spread=0.0100 < 0.05 — cancelling
18:22:31,2018-08-16 09:36:01,CS3,SPREAD_TIGHT,,,,spread=0.0100 < 0.05 — cancelling
18:22:32,2018-08-16 09:36:01,CS1,SPREAD_TIGHT,,,,spread=0.0200 < 0.05 — cancelling
18:22:33,2018-08-16 09:36:01,CS2,SPREAD_TIGHT,,,,spread=0.0100 < 0.05 — cancelling
18:22:33,2018-08-16 09:36:04,CS3,SPREAD_TIGHT,,,,spread=0.0200 < 0.05 — cancelling
18:22:34,2018-08-16 09:36:05,CS1,SPREAD_TIGHT,,,,spread=0.0200 < 0.05 — cancelling
18:22:35,2018-08-16 09:36:05,CS2,SPREAD_TIGHT,,,,spread=0.0200 < 0.05 — cancelling
18:22:35,2018-08-16 09:36:05,CS3,SPREAD_TIGHT,,,,spread=0.0400 < 0.05 — cancelling
18:22:36,2018-08-16 09:36:07,CS1,SPREAD_TIGHT,,,,spread=0.0100 < 0.05 — cancelling
18:22:37,2018-08-16 09:36:07,CS2,SPREAD_TIGHT,,,,spread=0.0100 < 0.05 — cancelling
18:22:37,2018-08-16 09:36:07,CS3,SPREAD_TIGHT,,,,spread=0.0400 < 0.05 — cancelling
18:22:38,2018-08-16 09:36:09,CS1,SPREAD_TIGHT,,,,spread=0.0100 < 0.05 — cancelling
18:22:39,2018-08-16 09:36:09,CS2,SPREAD_TIGHT,,,,spread=0.0300 < 0.05 — cancelling
18:22:39,2018-08-16 09:36:09,CS3,SPREAD_TIGHT,,,,spread=0.0500 < 0.05 — cancelling
18:22:40,2018-08-16 09:36:11,CS1,SPREAD_TIGHT,,,,spread=0.0100 < 0.05 — cancelling
18:22:41,2018-08-16 09:36:12,CS2,SPREAD_TIGHT,,,,spread=0.0200 < 0.05 — cancelling
18:22:42,2018-08-16 09:36:12,CS3,SUBMIT,BUY,99.9,3,bid+1tick=99.9 spread=0.0600 pos=-6L
18:22:42,2018-08-16 09:36:12,CS3,SUBMIT,SELL,99.94,3,ask-1tick=99.94 spread=0.0600 pos=-6L
18:22:42,2018-08-16 09:36:12,CS3,STATUS,,,,bid=99.9(NEW) ask=99.94(NEW) spread=0.0600 pos=-6L
18:22:42,2018-08-16 09:36:12,CS1,SPREAD_TIGHT,,,,spread=0.0200 < 0.05 — cancelling
18:22:43,2018-08-16 09:36:12,CS2,SPREAD_TIGHT,,,,spread=0.0200 < 0.05 — cancelling
18:22:44,2018-08-16 09:36:12,CS3,SPREAD_TIGHT,,,,spread=0.0400 < 0.05 — cancelling
18:22:44,2018-08-16 09:36:12,CS1,SPREAD_TIGHT,,,,spread=0.0200 < 0.05 — cancelling
18:22:45,2018-08-16 09:36:16,CS2,SPREAD_TIGHT,,,,spread=0.0200 < 0.05 — cancelling
18:22:46,2018-08-16 09:36:16,CS3,SPREAD_TIGHT,,,,spread=0.0200 < 0.05 — cancelling
18:22:46,2018-08-16 09:36:17,CS1,SPREAD_TIGHT,,,,spread=0.0500 < 0.05 — cancelling
18:22:47,2018-08-16 09:36:18,CS2,SUBMIT,BUY,100.56,3,bid+1tick=100.56 spread=0.0800 pos=-3L
18:22:47,2018-08-16 09:36:18,CS2,SUBMIT,SELL,100.62,3,ask-1tick=100.62 spread=0.0800 pos=-3L
18:22:47,2018-08-16 09:36:18,CS2,STATUS,,,,bid=100.56(NEW) ask=100.62(NEW) spread=0.0800 pos=-3L
18:22:48,2018-08-16 09:36:18,CS3,SPREAD_TIGHT,,,,spread=0.0200 < 0.05 — cancelling
18:22:48,2018-08-16 09:36:18,CS1,SPREAD_TIGHT,,,,spread=0.0500 < 0.05 — cancelling
18:22:49,2018-08-16 09:36:18,CS2,CANCEL,BUY,100.56,,outside spread bid=100.57 ask=100.62
18:22:49,2018-08-16 09:36:18,CS2,CANCEL,SELL,100.62,,outside spread bid=100.57 ask=100.62
18:22:50,2018-08-16 09:36:18,CS2,SUBMIT,BUY,100.58,3,bid+1tick=100.58 spread=0.0600 pos=-3L
18:22:50,2018-08-16 09:36:18,CS2,SUBMIT,SELL,100.62,3,ask-1tick=100.62 spread=0.0600 pos=-3L
18:22:50,2018-08-16 09:36:18,CS2,STATUS,,,,bid=100.58(NEW) ask=100.62(NEW) spread=0.0600 pos=-3L
18:22:50,2018-08-16 09:36:18,CS3,SUBMIT,BUY,99.9,3,bid+1tick=99.9 spread=0.0700 pos=-6L
18:22:50,2018-08-16 09:36:18,CS3,SUBMIT,SELL,99.95,3,ask-1tick=99.95 spread=0.0700 pos=-6L
18:22:50,2018-08-16 09:36:18,CS3,STATUS,,,,bid=99.9(NEW) ask=99.95(NEW) spread=0.0700 pos=-6L
18:22:51,2018-08-16 09:36:21,CS1,SPREAD_TIGHT,,,,spread=0.0200 < 0.05 — cancelling
18:22:51,2018-08-16 09:36:22,CS2,SPREAD_TIGHT,,,,spread=0.0500 < 0.05 — cancelling
18:22:52,2018-08-16 09:36:22,CS3,SPREAD_TIGHT,,,,spread=0.0400 < 0.05 — cancelling
18:22:53,2018-08-16 09:36:22,CS1,SPREAD_TIGHT,,,,spread=0.0200 < 0.05 — cancelling
18:22:53,2018-08-16 09:36:24,CS2,SPREAD_TIGHT,,,,spread=0.0300 < 0.05 — cancelling
18:22:54,2018-08-16 09:36:24,CS3,SPREAD_TIGHT,,,,spread=0.0200 < 0.05 — cancelling
18:22:55,2018-08-16 09:36:25,CS1,SUBMIT,BUY,100.48,3,bid+1tick=100.48 spread=0.0600 pos=-9L
18:22:55,2018-08-16 09:36:25,CS1,SUBMIT,SELL,100.52,3,ask-1tick=100.52 spread=0.0600 pos=-9L
18:22:55,2018-08-16 09:36:25,CS1,STATUS,,,,bid=100.48(NEW) ask=100.52(NEW) spread=0.0600 pos=-9L
18:22:55,2018-08-16 09:36:26,CS2,SUBMIT,BUY,100.56,3,bid+1tick=100.56 spread=0.0600 pos=-6L
18:22:55,2018-08-16 09:36:26,CS2,SUBMIT,SELL,100.6,3,ask-1tick=100.6 spread=0.0600 pos=-6L
18:22:55,2018-08-16 09:36:26,CS2,STATUS,,,,bid=100.56(NEW) ask=100.6(NEW) spread=0.0600 pos=-6L
18:22:56,2018-08-16 09:36:27,CS3,SPREAD_TIGHT,,,,spread=0.0200 < 0.05 — cancelling
18:22:57,2018-08-16 09:36:27,CS1,SPREAD_TIGHT,,,,spread=0.0500 < 0.05 — cancelling
18:22:57,2018-08-16 09:36:28,CS2,SUBMIT,BUY,100.56,3,bid+1tick=100.56 spread=0.0600 pos=-6L
18:22:57,2018-08-16 09:36:28,CS2,SUBMIT,SELL,100.6,3,ask-1tick=100.6 spread=0.0600 pos=-6L
18:22:57,2018-08-16 09:36:28,CS2,STATUS,,,,bid=100.56(NEW) ask=100.6(NEW) spread=0.0600 pos=-6L
18:22:58,2018-08-16 09:36:28,CS3,SPREAD_TIGHT,,,,spread=0.0200 < 0.05 — cancelling
18:22:59,2018-08-16 09:36:29,CS1,SPREAD_TIGHT,,,,spread=0.0200 < 0.05 — cancelling
18:22:59,2018-08-16 09:36:29,CS2,SPREAD_TIGHT,,,,spread=0.0400 < 0.05 — cancelling
18:23:00,2018-08-16 09:36:31,CS3,SPREAD_TIGHT,,,,spread=0.0100 < 0.05 — cancelling
18:23:01,2018-08-16 09:36:32,CS1,SPREAD_TIGHT,,,,spread=0.0200 < 0.05 — cancelling
18:23:01,2018-08-16 09:36:32,CS2,SPREAD_TIGHT,,,,spread=0.0500 < 0.05 — cancelling
18:23:02,2018-08-16 09:36:32,CS3,SPREAD_TIGHT,,,,spread=0.0200 < 0.05 — cancelling
18:23:03,2018-08-16 09:36:33,CS1,SPREAD_TIGHT,,,,spread=0.0500 < 0.05 — cancelling
18:23:03,2018-08-16 09:36:33,CS2,SPREAD_TIGHT,,,,spread=0.0500 < 0.05 — cancelling
18:23:04,2018-08-16 09:36:35,CS3,SPREAD_TIGHT,,,,spread=0.0200 < 0.05 — cancelling
18:23:05,2018-08-16 09:36:36,CS1,SPREAD_TIGHT,,,,spread=0.0500 < 0.05 — cancelling
18:23:05,2018-08-16 09:36:36,CS2,SPREAD_TIGHT,,,,spread=0.0200 < 0.05 — cancelling
18:23:06,2018-08-16 09:36:37,CS3,SPREAD_TIGHT,,,,spread=0.0200 < 0.05 — cancelling
18:23:07,2018-08-16 09:36:38,CS1,SPREAD_TIGHT,,,,spread=0.0100 < 0.05 — cancelling
18:23:07,2018-08-16 09:36:38,CS2,SPREAD_TIGHT,,,,spread=0.0100 < 0.05 — cancelling
18:23:08,2018-08-16 09:36:38,CS3,SPREAD_TIGHT,,,,spread=0.0200 < 0.05 — cancelling
18:23:09,2018-08-16 09:36:38,CS1,SUBMIT,BUY,100.43,3,bid+1tick=100.43 spread=0.0900 pos=-6L
18:23:09,2018-08-16 09:36:38,CS1,SUBMIT,SELL,100.5,3,ask-1tick=100.5 spread=0.0900 pos=-6L
18:23:09,2018-08-16 09:36:38,CS1,STATUS,,,,bid=100.43(NEW) ask=100.5(NEW) spread=0.0900 pos=-6L
18:23:10,2018-08-16 09:36:38,CS2,SPREAD_TIGHT,,,,spread=0.0100 < 0.05 — cancelling
18:23:10,2018-08-16 09:36:41,CS3,SPREAD_TIGHT,,,,spread=0.0200 < 0.05 — cancelling
18:23:11,2018-08-16 09:36:42,CS1,SPREAD_TIGHT,,,,spread=0.0300 < 0.05 — cancelling
18:23:12,2018-08-16 09:36:42,CS2,SPREAD_TIGHT,,,,spread=0.0200 < 0.05 — cancelling
18:23:12,2018-08-16 09:36:42,CS3,SPREAD_TIGHT,,,,spread=0.0200 < 0.05 — cancelling
18:23:13,2018-08-16 09:36:44,CS1,SPREAD_TIGHT,,,,spread=0.0300 < 0.05 — cancelling
18:23:14,2018-08-16 09:36:44,CS2,SPREAD_TIGHT,,,,spread=0.0200 < 0.05 — cancelling
18:23:14,2018-08-16 09:36:45,CS3,SPREAD_TIGHT,,,,spread=0.0200 < 0.05 — cancelling
18:23:15,2018-08-16 09:36:45,CS1,SUBMIT,BUY,100.46,3,bid+1tick=100.46 spread=0.0600 pos=-6L
18:23:15,2018-08-16 09:36:45,CS1,SUBMIT,SELL,100.5,3,ask-1tick=100.5 spread=0.0600 pos=-6L
18:23:15,2018-08-16 09:36:45,CS1,STATUS,,,,bid=100.46(NEW) ask=100.5(NEW) spread=0.0600 pos=-6L
18:23:16,2018-08-16 09:36:46,CS2,SPREAD_TIGHT,,,,spread=0.0200 < 0.05 — cancelling
18:23:16,2018-08-16 09:36:47,CS3,SPREAD_TIGHT,,,,spread=0.0400 < 0.05 — cancelling
18:23:17,2018-08-16 09:36:48,CS1,SPREAD_TIGHT,,,,spread=0.0100 < 0.05 — cancelling
18:23:18,2018-08-16 09:36:48,CS2,SUBMIT,BUY,100.54,3,bid+1tick=100.54 spread=0.0800 pos=-6L
18:23:18,2018-08-16 09:36:48,CS2,SUBMIT,SELL,100.6,3,ask-1tick=100.6 spread=0.0800 pos=-6L
18:23:18,2018-08-16 09:36:48,CS2,STATUS,,,,bid=100.54(NEW) ask=100.6(NEW) spread=0.0800 pos=-6L
18:23:18,2018-08-16 09:36:49,CS3,SUBMIT,BUY,99.98,3,bid+1tick=99.98 spread=0.0600 pos=-3L
18:23:18,2018-08-16 09:36:49,CS3,SUBMIT,SELL,100.02,3,ask-1tick=100.02 spread=0.0600 pos=-3L
18:23:18,2018-08-16 09:36:49,CS3,STATUS,,,,bid=99.98(NEW) ask=100.02(NEW) spread=0.0600 pos=-3L
18:23:19,2018-08-16 09:36:50,CS1,SUBMIT,BUY,100.4,3,bid+1tick=100.4 spread=0.0800 pos=-9L
18:23:19,2018-08-16 09:36:50,CS1,SUBMIT,SELL,100.46,3,ask-1tick=100.46 spread=0.0800 pos=-9L
18:23:19,2018-08-16 09:36:50,CS1,STATUS,,,,bid=100.4(NEW) ask=100.46(NEW) spread=0.0800 pos=-9L
18:23:20,2018-08-16 09:36:51,CS2,CANCEL,BUY,100.54,,outside spread bid=100.54 ask=100.67
18:23:20,2018-08-16 09:36:51,CS2,SUBMIT,BUY,100.55,3,bid+1tick=100.55 spread=0.1300 pos=-9L
18:23:20,2018-08-16 09:36:51,CS2,SUBMIT,SELL,100.66,3,ask-1tick=100.66 spread=0.1300 pos=-9L
18:23:20,2018-08-16 09:36:51,CS2,STATUS,,,,bid=100.55(NEW) ask=100.66(NEW) spread=0.1300 pos=-9L
18:23:20,2018-08-16 09:36:51,CS3,SPREAD_TIGHT,,,,spread=0.0500 < 0.05 — cancelling
18:23:21,2018-08-16 09:36:52,CS1,CANCEL,BUY,100.4,,outside spread bid=100.41 ask=100.52
18:23:22,2018-08-16 09:36:52,CS1,SUBMIT,BUY,100.42,3,bid+1tick=100.42 spread=0.1100 pos=-12L
18:23:22,2018-08-16 09:36:52,CS1,SUBMIT,SELL,100.51,3,ask-1tick=100.51 spread=0.1100 pos=-12L
18:23:22,2018-08-16 09:36:52,CS1,STATUS,,,,bid=100.42(NEW) ask=100.51(NEW) spread=0.1100 pos=-12L
18:23:22,2018-08-16 09:36:52,CS2,SPREAD_TIGHT,,,,spread=0.0400 < 0.05 — cancelling
18:23:23,2018-08-16 09:36:52,CS3,SUBMIT,BUY,99.98,3,bid+1tick=99.98 spread=0.0600 pos=+0L
18:23:23,2018-08-16 09:36:52,CS3,SUBMIT,SELL,100.02,3,ask-1tick=100.02 spread=0.0600 pos=+0L
18:23:23,2018-08-16 09:36:52,CS3,STATUS,,,,bid=99.98(NEW) ask=100.02(NEW) spread=0.0600 pos=+0L
18:23:23,2018-08-16 09:36:52,CS1,CANCEL,BUY,100.42,,outside spread bid=100.42 ask=100.51
18:23:24,2018-08-16 09:36:52,CS1,CANCEL,SELL,100.51,,outside spread bid=100.42 ask=100.51
18:23:24,2018-08-16 09:36:52,CS1,SUBMIT,BUY,100.43,3,bid+1tick=100.43 spread=0.1000 pos=-12L
18:23:24,2018-08-16 09:36:52,CS1,SUBMIT,SELL,100.51,3,ask-1tick=100.51 spread=0.1000 pos=-12L
18:23:24,2018-08-16 09:36:52,CS1,STATUS,,,,bid=100.43(NEW) ask=100.51(NEW) spread=0.1000 pos=-12L
18:23:24,2018-08-16 09:36:52,CS2,SPREAD_TIGHT,,,,spread=0.0400 < 0.05 — cancelling
18:23:25,2018-08-16 09:36:52,CS3,SPREAD_TIGHT,,,,spread=0.0400 < 0.05 — cancelling
18:23:25,2018-08-16 09:36:56,CS1,SPREAD_TIGHT,,,,spread=0.0400 < 0.05 — cancelling
18:23:26,2018-08-16 09:36:57,CS2,SPREAD_TIGHT,,,,spread=0.0400 < 0.05 — cancelling
18:23:27,2018-08-16 09:36:58,CS3,SPREAD_TIGHT,,,,spread=0.0100 < 0.05 — cancelling
18:23:27,2018-08-16 09:36:58,CS1,SPREAD_TIGHT,,,,spread=0.0200 < 0.05 — cancelling
18:23:28,2018-08-16 09:36:59,CS2,SPREAD_TIGHT,,,,spread=0.0500 < 0.05 — cancelling
18:23:29,2018-08-16 09:36:59,CS3,SUBMIT,BUY,99.96,3,bid+1tick=99.96 spread=0.0800 pos=+0L
18:23:29,2018-08-16 09:36:59,CS3,SUBMIT,SELL,100.02,3,ask-1tick=100.02 spread=0.0800 pos=+0L
18:23:29,2018-08-16 09:36:59,CS3,STATUS,,,,bid=99.96(NEW) ask=100.02(NEW) spread=0.0800 pos=+0L
18:23:29,2018-08-16 09:36:59,CS1,SPREAD_TIGHT,,,,spread=0.0200 < 0.05 — cancelling
18:23:30,2018-08-16 09:37:01,CS2,SPREAD_TIGHT,,,,spread=0.0500 < 0.05 — cancelling
18:23:31,2018-08-16 09:37:01,CS3,SPREAD_TIGHT,,,,spread=0.0200 < 0.05 — cancelling
18:23:32,2018-08-16 09:37:03,CS1,SPREAD_TIGHT,,,,spread=0.0200 < 0.05 — cancelling
18:23:32,2018-08-16 09:37:03,CS2,SPREAD_TIGHT,,,,spread=0.0500 < 0.05 — cancelling
18:23:33,2018-08-16 09:37:04,CS3,SPREAD_TIGHT,,,,spread=0.0200 < 0.05 — cancelling
18:23:34,2018-08-16 09:37:04,CS1,SUBMIT,BUY,100.48,3,bid+1tick=100.48 spread=0.0900 pos=-9L
18:23:34,2018-08-16 09:37:04,CS1,SUBMIT,SELL,100.55,3,ask-1tick=100.55 spread=0.0900 pos=-9L
18:23:34,2018-08-16 09:37:04,CS1,STATUS,,,,bid=100.48(NEW) ask=100.55(NEW) spread=0.0900 pos=-9L
18:23:34,2018-08-16 09:37:05,CS2,SUBMIT,BUY,100.55,3,bid+1tick=100.55 spread=0.0600 pos=-6L
18:23:34,2018-08-16 09:37:05,CS2,SUBMIT,SELL,100.59,3,ask-1tick=100.59 spread=0.0600 pos=-6L
18:23:34,2018-08-16 09:37:05,CS2,STATUS,,,,bid=100.55(NEW) ask=100.59(NEW) spread=0.0600 pos=-6L
18:23:35,2018-08-16 09:37:06,CS3,SUBMIT,BUY,99.96,3,bid+1tick=99.96 spread=0.0600 pos=-3L
18:23:35,2018-08-16 09:37:06,CS3,SUBMIT,SELL,100.0,3,ask-1tick=100.0 spread=0.0600 pos=-3L
18:23:35,2018-08-16 09:37:06,CS3,STATUS,,,,bid=99.96(NEW) ask=100.0(NEW) spread=0.0600 pos=-3L
18:23:36,2018-08-16 09:37:06,CS1,SPREAD_TIGHT,,,,spread=0.0300 < 0.05 — cancelling
18:23:36,2018-08-16 09:37:07,CS2,SPREAD_TIGHT,,,,spread=0.0100 < 0.05 — cancelling
18:23:37,2018-08-16 09:37:08,CS3,SPREAD_TIGHT,,,,spread=0.0500 < 0.05 — cancelling
18:23:38,2018-08-16 09:37:09,CS1,SUBMIT,BUY,100.48,3,bid+1tick=100.48 spread=0.1000 pos=-9L
18:23:38,2018-08-16 09:37:09,CS1,SUBMIT,SELL,100.56,3,ask-1tick=100.56 spread=0.1000 pos=-9L
18:23:38,2018-08-16 09:37:09,CS1,STATUS,,,,bid=100.48(NEW) ask=100.56(NEW) spread=0.1000 pos=-9L
18:23:38,2018-08-16 09:37:09,CS2,SPREAD_TIGHT,,,,spread=0.0200 < 0.05 — cancelling
18:23:39,2018-08-16 09:37:09,CS3,SPREAD_TIGHT,,,,spread=0.0100 < 0.05 — cancelling
18:23:40,2018-08-16 09:37:09,CS1,SPREAD_TIGHT,,,,spread=0.0100 < 0.05 — cancelling
18:23:40,2018-08-16 09:37:11,CS2,SPREAD_TIGHT,,,,spread=0.0100 < 0.05 — cancelling
18:23:41,2018-08-16 09:37:11,CS3,SUBMIT,BUY,99.93,3,bid+1tick=99.93 spread=0.0900 pos=+0L
18:23:41,2018-08-16 09:37:11,CS3,SUBMIT,SELL,100.0,3,ask-1tick=100.0 spread=0.0900 pos=+0L
18:23:41,2018-08-16 09:37:11,CS3,STATUS,,,,bid=99.93(NEW) ask=100.0(NEW) spread=0.0900 pos=+0L
18:23:42,2018-08-16 09:37:13,CS1,SPREAD_TIGHT,,,,spread=0.0100 < 0.05 — cancelling
18:23:42,2018-08-16 09:37:13,CS2,SPREAD_TIGHT,,,,spread=0.0300 < 0.05 — cancelling
18:23:43,2018-08-16 09:37:14,CS3,SPREAD_TIGHT,,,,spread=0.0400 < 0.05 — cancelling
18:23:44,2018-08-16 09:37:15,CS1,SPREAD_TIGHT,,,,spread=0.0200 < 0.05 — cancelling
18:23:44,2018-08-16 09:37:15,CS2,SPREAD_TIGHT,,,,spread=0.0200 < 0.05 — cancelling
18:23:45,2018-08-16 09:37:16,CS3,SPREAD_TIGHT,,,,spread=0.0200 < 0.05 — cancelling
18:23:46,2018-08-16 09:37:16,CS1,SPREAD_TIGHT,,,,spread=0.0200 < 0.05 — cancelling
18:23:47,2018-08-16 09:37:16,CS2,SPREAD_TIGHT,,,,spread=0.0200 < 0.05 — cancelling
18:23:47,2018-08-16 09:37:18,CS3,SPREAD_TIGHT,,,,spread=0.0400 < 0.05 — cancelling
18:23:48,2018-08-16 09:37:18,CS1,SPREAD_TIGHT,,,,spread=0.0200 < 0.05 — cancelling
18:23:49,2018-08-16 09:37:19,CS2,SPREAD_TIGHT,,,,spread=0.0100 < 0.05 — cancelling
18:23:49,2018-08-16 09:37:19,CS3,SPREAD_TIGHT,,,,spread=0.0400 < 0.05 — cancelling
18:23:50,2018-08-16 09:37:20,CS1,SUBMIT,BUY,100.48,3,bid+1tick=100.48 spread=0.0700 pos=-9L
18:23:50,2018-08-16 09:37:20,CS1,SUBMIT,SELL,100.53,3,ask-1tick=100.53 spread=0.0700 pos=-9L
18:23:50,2018-08-16 09:37:20,CS1,STATUS,,,,bid=100.48(NEW) ask=100.53(NEW) spread=0.0700 pos=-9L
18:23:51,2018-08-16 09:37:21,CS2,SUBMIT,BUY,100.6,3,bid+1tick=100.6 spread=0.0600 pos=-9L
18:23:51,2018-08-16 09:37:21,CS2,SUBMIT,SELL,100.64,3,ask-1tick=100.64 spread=0.0600 pos=-9L
18:23:51,2018-08-16 09:37:21,CS2,STATUS,,,,bid=100.6(NEW) ask=100.64(NEW) spread=0.0600 pos=-9L
18:23:51,2018-08-16 09:37:22,CS3,SPREAD_TIGHT,,,,spread=0.0200 < 0.05 — cancelling
18:23:52,2018-08-16 09:37:22,CS1,CANCEL,BUY,100.48,,outside spread bid=100.48 ask=100.54
18:23:52,2018-08-16 09:37:22,CS1,SUBMIT,BUY,100.48,3,bid+1tick=100.48 spread=0.0700 pos=-12L
18:23:52,2018-08-16 09:37:22,CS1,SUBMIT,SELL,100.53,3,ask-1tick=100.53 spread=0.0700 pos=-12L
18:23:52,2018-08-16 09:37:22,CS1,STATUS,,,,bid=100.48(NEW) ask=100.53(NEW) spread=0.0700 pos=-12L
18:23:53,2018-08-16 09:37:22,CS2,SPREAD_TIGHT,,,,spread=0.0400 < 0.05 — cancelling
18:23:53,2018-08-16 09:37:22,CS3,SPREAD_TIGHT,,,,spread=0.0200 < 0.05 — cancelling
18:23:54,2018-08-16 09:37:25,CS1,SPREAD_TIGHT,,,,spread=0.0500 < 0.05 — cancelling
18:23:55,2018-08-16 09:37:26,CS2,SUBMIT,BUY,100.6,3,bid+1tick=100.6 spread=0.0600 pos=-9L
18:23:55,2018-08-16 09:37:26,CS2,SUBMIT,SELL,100.64,3,ask-1tick=100.64 spread=0.0600 pos=-9L
18:23:55,2018-08-16 09:37:26,CS2,STATUS,,,,bid=100.6(NEW) ask=100.64(NEW) spread=0.0600 pos=-9L
18:23:56,2018-08-16 09:37:27,CS3,SUBMIT,BUY,99.95,3,bid+1tick=99.95 spread=0.0900 pos=+0L
18:23:56,2018-08-16 09:37:27,CS3,SUBMIT,SELL,100.02,3,ask-1tick=100.02 spread=0.0900 pos=+0L
18:23:56,2018-08-16 09:37:27,CS3,STATUS,,,,bid=99.95(REST) ask=100.02(NEW) spread=0.0900 pos=+0L
18:23:56,2018-08-16 09:37:27,CS1,SUBMIT,BUY,100.44,3,bid+1tick=100.44 spread=0.1000 pos=-9L
18:23:56,2018-08-16 09:37:27,CS1,SUBMIT,SELL,100.52,3,ask-1tick=100.52 spread=0.1000 pos=-9L
18:23:56,2018-08-16 09:37:27,CS1,STATUS,,,,bid=100.44(NEW) ask=100.52(NEW) spread=0.1000 pos=-9L
18:23:57,2018-08-16 09:37:27,CS2,SPREAD_TIGHT,,,,spread=0.0200 < 0.05 — cancelling
18:23:58,2018-08-16 09:37:28,CS3,CANCEL,BUY,99.95,,outside spread bid=99.95 ask=100.02
18:23:58,2018-08-16 09:37:28,CS3,CANCEL,SELL,100.02,,outside spread bid=99.95 ask=100.02
18:23:58,2018-08-16 09:37:28,CS3,SUBMIT,BUY,99.95,3,bid+1tick=99.95 spread=0.0800 pos=+0L
18:23:58,2018-08-16 09:37:28,CS3,SUBMIT,SELL,100.01,3,ask-1tick=100.01 spread=0.0800 pos=+0L
18:23:58,2018-08-16 09:37:28,CS3,STATUS,,,,bid=99.95(NEW) ask=100.01(NEW) spread=0.0800 pos=+0L
18:23:58,2018-08-16 09:37:28,CS1,CANCEL,BUY,100.44,,outside spread bid=100.46 ask=100.52
18:23:59,2018-08-16 09:37:28,CS1,CANCEL,SELL,100.52,,outside spread bid=100.46 ask=100.52
18:23:59,2018-08-16 09:37:28,CS1,SUBMIT,BUY,100.47,3,bid+1tick=100.47 spread=0.0700 pos=-9L
18:23:59,2018-08-16 09:37:28,CS1,SUBMIT,SELL,100.52,3,ask-1tick=100.52 spread=0.0700 pos=-9L
18:23:59,2018-08-16 09:37:28,CS1,STATUS,,,,bid=100.47(NEW) ask=100.52(NEW) spread=0.0700 pos=-9L
18:23:59,2018-08-16 09:37:28,CS2,SUBMIT,BUY,100.57,3,bid+1tick=100.57 spread=0.0900 pos=-9L
18:23:59,2018-08-16 09:37:28,CS2,SUBMIT,SELL,100.64,3,ask-1tick=100.64 spread=0.0900 pos=-9L
18:23:59,2018-08-16 09:37:28,CS2,STATUS,,,,bid=100.57(NEW) ask=100.64(NEW) spread=0.0900 pos=-9L
18:24:00,2018-08-16 09:37:30,CS3,SPREAD_TIGHT,,,,spread=0.0200 < 0.05 — cancelling
18:24:01,2018-08-16 09:37:30,CS1,SPREAD_TIGHT,,,,spread=0.0400 < 0.05 — cancelling
18:24:01,2018-08-16 09:37:30,CS2,CANCEL,BUY,100.57,,outside spread bid=100.58 ask=100.64
18:24:01,2018-08-16 09:37:30,CS2,CANCEL,SELL,100.64,,outside spread bid=100.58 ask=100.64
18:24:02,2018-08-16 09:37:30,CS2,SUBMIT,BUY,100.59,3,bid+1tick=100.59 spread=0.0700 pos=-9L
18:24:02,2018-08-16 09:37:30,CS2,SUBMIT,SELL,100.64,3,ask-1tick=100.64 spread=0.0700 pos=-9L
18:24:02,2018-08-16 09:37:30,CS2,STATUS,,,,bid=100.59(NEW) ask=100.64(NEW) spread=0.0700 pos=-9L
18:24:02,2018-08-16 09:37:30,CS3,SPREAD_TIGHT,,,,spread=0.0100 < 0.05 — cancelling
18:24:03,2018-08-16 09:37:33,CS1,SPREAD_TIGHT,,,,spread=0.0300 < 0.05 — cancelling
18:24:03,2018-08-16 09:37:34,CS2,SPREAD_TIGHT,,,,spread=0.0500 < 0.05 — cancelling
18:24:04,2018-08-16 09:37:34,CS3,SUBMIT,BUY,99.94,3,bid+1tick=99.94 spread=0.1000 pos=+3L
18:24:04,2018-08-16 09:37:34,CS3,SUBMIT,SELL,100.02,3,ask-1tick=100.02 spread=0.1000 pos=+3L
18:24:04,2018-08-16 09:37:34,CS3,STATUS,,,,bid=99.94(NEW) ask=100.02(NEW) spread=0.1000 pos=+3L
18:24:05,2018-08-16 09:37:36,CS1,SPREAD_TIGHT,,,,spread=0.0300 < 0.05 — cancelling
18:24:05,2018-08-16 09:37:36,CS2,SUBMIT,BUY,100.61,3,bid+1tick=100.61 spread=0.0500 pos=-9L
18:24:05,2018-08-16 09:37:36,CS2,SUBMIT,SELL,100.64,3,ask-1tick=100.64 spread=0.0500 pos=-9L
18:24:05,2018-08-16 09:37:36,CS2,STATUS,,,,bid=100.61(NEW) ask=100.64(NEW) spread=0.0500 pos=-9L
18:24:06,2018-08-16 09:37:36,CS3,SPREAD_TIGHT,,,,spread=0.0400 < 0.05 — cancelling
18:24:07,2018-08-16 09:37:36,CS1,SPREAD_TIGHT,,,,spread=0.0300 < 0.05 — cancelling
18:24:07,2018-08-16 09:37:38,CS2,SPREAD_TIGHT,,,,spread=0.0300 < 0.05 — cancelling
18:24:08,2018-08-16 09:37:38,CS3,SPREAD_TIGHT,,,,spread=0.0100 < 0.05 — cancelling
18:24:09,2018-08-16 09:37:39,CS1,SPREAD_TIGHT,,,,spread=0.0300 < 0.05 — cancelling
18:24:10,2018-08-16 09:37:40,CS2,SUBMIT,BUY,100.57,3,bid+1tick=100.57 spread=0.0900 pos=-9L
18:24:10,2018-08-16 09:37:40,CS2,SUBMIT,SELL,100.64,3,ask-1tick=100.64 spread=0.0900 pos=-9L
18:24:10,2018-08-16 09:37:40,CS2,STATUS,,,,bid=100.57(NEW) ask=100.64(NEW) spread=0.0900 pos=-9L
18:24:10,2018-08-16 09:37:40,CS3,SUBMIT,BUY,99.98,3,bid+1tick=99.98 spread=0.0900 pos=+3L
18:24:10,2018-08-16 09:37:40,CS3,SUBMIT,SELL,100.05,3,ask-1tick=100.05 spread=0.0900 pos=+3L
18:24:10,2018-08-16 09:37:40,CS3,STATUS,,,,bid=99.98(NEW) ask=100.05(NEW) spread=0.0900 pos=+3L
18:24:11,2018-08-16 09:37:41,CS1,SPREAD_TIGHT,,,,spread=0.0400 < 0.05 — cancelling
18:24:12,2018-08-16 09:37:41,CS2,SPREAD_TIGHT,,,,spread=0.0300 < 0.05 — cancelling
18:24:12,2018-08-16 09:37:43,CS3,SPREAD_TIGHT,,,,spread=0.0300 < 0.05 — cancelling
18:24:13,2018-08-16 09:37:43,CS1,SPREAD_TIGHT,,,,spread=0.0400 < 0.05 — cancelling
18:24:14,2018-08-16 09:37:45,CS2,SUBMIT,BUY,100.57,3,bid+1tick=100.57 spread=0.0900 pos=-9L
18:24:14,2018-08-16 09:37:45,CS2,SUBMIT,SELL,100.64,3,ask-1tick=100.64 spread=0.0900 pos=-9L
18:24:14,2018-08-16 09:37:45,CS2,STATUS,,,,bid=100.57(NEW) ask=100.64(NEW) spread=0.0900 pos=-9L
18:24:14,2018-08-16 09:37:45,CS3,SPREAD_TIGHT,,,,spread=0.0100 < 0.05 — cancelling
18:24:15,2018-08-16 09:37:45,CS1,SPREAD_TIGHT,,,,spread=0.0400 < 0.05 — cancelling
18:24:16,2018-08-16 09:37:46,CS2,SPREAD_TIGHT,,,,spread=0.0400 < 0.05 — cancelling
18:24:16,2018-08-16 09:37:46,CS3,SPREAD_TIGHT,,,,spread=0.0100 < 0.05 — cancelling
18:24:17,2018-08-16 09:37:48,CS1,SPREAD_TIGHT,,,,spread=0.0400 < 0.05 — cancelling
18:24:18,2018-08-16 09:37:48,CS2,SPREAD_TIGHT,,,,spread=0.0500 < 0.05 — cancelling
18:24:18,2018-08-16 09:37:48,CS3,SPREAD_TIGHT,,,,spread=0.0100 < 0.05 — cancelling
18:24:19,2018-08-16 09:37:50,CS1,SUBMIT,BUY,100.46,3,bid+1tick=100.46 spread=0.0800 pos=-9L
18:24:19,2018-08-16 09:37:50,CS1,SUBMIT,SELL,100.52,3,ask-1tick=100.52 spread=0.0800 pos=-9L
18:24:19,2018-08-16 09:37:50,CS1,STATUS,,,,bid=100.46(NEW) ask=100.52(NEW) spread=0.0800 pos=-9L
18:24:20,2018-08-16 09:37:50,CS2,SUBMIT,BUY,100.57,3,bid+1tick=100.57 spread=0.0900 pos=-9L
18:24:20,2018-08-16 09:37:50,CS2,SUBMIT,SELL,100.64,3,ask-1tick=100.64 spread=0.0900 pos=-9L
18:24:20,2018-08-16 09:37:50,CS2,STATUS,,,,bid=100.57(NEW) ask=100.64(NEW) spread=0.0900 pos=-9L
18:24:21,2018-08-16 09:37:51,CS3,SUBMIT,BUY,100.01,3,bid+1tick=100.01 spread=0.0600 pos=+3L
18:24:21,2018-08-16 09:37:51,CS3,SUBMIT,SELL,100.05,3,ask-1tick=100.05 spread=0.0600 pos=+3L
18:24:21,2018-08-16 09:37:51,CS3,STATUS,,,,bid=100.01(NEW) ask=100.05(NEW) spread=0.0600 pos=+3L
18:24:21,2018-08-16 09:37:52,CS1,CANCEL,BUY,100.46,,outside spread bid=100.46 ask=100.54
18:24:22,2018-08-16 09:37:52,CS1,SUBMIT,BUY,100.46,3,bid+1tick=100.46 spread=0.0900 pos=-12L
18:24:22,2018-08-16 09:37:52,CS1,SUBMIT,SELL,100.53,3,ask-1tick=100.53 spread=0.0900 pos=-12L
18:24:22,2018-08-16 09:37:52,CS1,STATUS,,,,bid=100.46(NEW) ask=100.53(NEW) spread=0.0900 pos=-12L
18:24:22,2018-08-16 09:37:52,CS2,CANCEL,BUY,100.57,,outside spread bid=100.57 ask=100.64
18:24:22,2018-08-16 09:37:52,CS2,CANCEL,SELL,100.64,,outside spread bid=100.57 ask=100.64
18:24:23,2018-08-16 09:37:52,CS2,SUBMIT,BUY,100.57,3,bid+1tick=100.57 spread=0.0900 pos=-9L
18:24:23,2018-08-16 09:37:52,CS2,SUBMIT,SELL,100.64,3,ask-1tick=100.64 spread=0.0900 pos=-9L
18:24:23,2018-08-16 09:37:52,CS2,STATUS,,,,bid=100.57(NEW) ask=100.64(NEW) spread=0.0900 pos=-9L
18:24:23,2018-08-16 09:37:52,CS3,SPREAD_TIGHT,,,,spread=0.0400 < 0.05 — cancelling
18:24:24,2018-08-16 09:37:54,CS1,SPREAD_TIGHT,,,,spread=0.0500 < 0.05 — cancelling
18:24:24,2018-08-16 09:37:55,CS2,CANCEL,SELL,100.64,,outside spread bid=100.56 ask=100.64
18:24:24,2018-08-16 09:37:55,CS2,SUBMIT,BUY,100.57,3,bid+1tick=100.57 spread=0.0600 pos=-6L
18:24:24,2018-08-16 09:37:55,CS2,SUBMIT,SELL,100.61,3,ask-1tick=100.61 spread=0.0600 pos=-6L
18:24:24,2018-08-16 09:37:55,CS2,STATUS,,,,bid=100.57(NEW) ask=100.61(NEW) spread=0.0600 pos=-6L
18:24:25,2018-08-16 09:37:55,CS3,SUBMIT,BUY,100.01,3,bid+1tick=100.01 spread=0.0600 pos=+3L
18:24:25,2018-08-16 09:37:55,CS3,SUBMIT,SELL,100.05,3,ask-1tick=100.05 spread=0.0600 pos=+3L
18:24:25,2018-08-16 09:37:55,CS3,STATUS,,,,bid=100.01(NEW) ask=100.05(NEW) spread=0.0600 pos=+3L
18:24:26,2018-08-16 09:37:57,CS1,SPREAD_TIGHT,,,,spread=0.0300 < 0.05 — cancelling
18:24:26,2018-08-16 09:37:57,CS2,SPREAD_TIGHT,,,,spread=0.0200 < 0.05 — cancelling
18:24:27,2018-08-16 09:37:57,CS3,SPREAD_TIGHT,,,,spread=0.0100 < 0.05 — cancelling
18:24:28,2018-08-16 09:37:58,CS1,SPREAD_TIGHT,,,,spread=0.0500 < 0.05 — cancelling
18:24:28,2018-08-16 09:37:58,CS2,SPREAD_TIGHT,,,,spread=0.0300 < 0.05 — cancelling
18:24:29,2018-08-16 09:37:58,CS3,SPREAD_TIGHT,,,,spread=0.0100 < 0.05 — cancelling
18:24:30,2018-08-16 09:38:01,CS1,SPREAD_TIGHT,,,,spread=0.0300 < 0.05 — cancelling
18:24:31,2018-08-16 09:38:01,CS2,SPREAD_TIGHT,,,,spread=0.0300 < 0.05 — cancelling
18:24:31,2018-08-16 09:38:02,CS3,SPREAD_TIGHT,,,,spread=0.0200 < 0.05 — cancelling
18:24:32,2018-08-16 09:38:03,CS1,SUBMIT,BUY,100.57,3,bid+1tick=100.57 spread=0.1200 pos=-15L
18:24:32,2018-08-16 09:38:03,CS1,SUBMIT,SELL,100.67,3,ask-1tick=100.67 spread=0.1200 pos=-15L
18:24:32,2018-08-16 09:38:03,CS1,STATUS,,,,bid=100.57(NEW) ask=100.67(NEW) spread=0.1200 pos=-15L
18:24:33,2018-08-16 09:38:03,CS2,SPREAD_TIGHT,,,,spread=0.0100 < 0.05 — cancelling
18:24:33,2018-08-16 09:38:04,CS3,SUBMIT,BUY,99.93,3,bid+1tick=99.93 spread=0.1500 pos=+0L
18:24:33,2018-08-16 09:38:04,CS3,SUBMIT,SELL,100.06,3,ask-1tick=100.06 spread=0.1500 pos=+0L
18:24:33,2018-08-16 09:38:04,CS3,STATUS,,,,bid=99.93(NEW) ask=100.06(NEW) spread=0.1500 pos=+0L
18:24:34,2018-08-16 09:38:04,CS1,CANCEL,SELL,100.67,,outside spread bid=100.56 ask=100.67
18:24:34,2018-08-16 09:38:04,CS1,SUBMIT,BUY,100.57,3,bid+1tick=100.57 spread=0.1200 pos=-12L
18:24:34,2018-08-16 09:38:04,CS1,SUBMIT,SELL,100.67,3,ask-1tick=100.67 spread=0.1200 pos=-12L
18:24:34,2018-08-16 09:38:04,CS1,STATUS,,,,bid=100.57(NEW) ask=100.67(NEW) spread=0.1200 pos=-12L
18:24:35,2018-08-16 09:38:04,CS2,SPREAD_TIGHT,,,,spread=0.0100 < 0.05 — cancelling
18:24:35,2018-08-16 09:38:06,CS3,CANCEL,BUY,99.93,,outside spread bid=99.93 ask=100.02
18:24:36,2018-08-16 09:38:06,CS3,CANCEL,SELL,100.06,,outside spread bid=99.93 ask=100.02
18:24:36,2018-08-16 09:38:06,CS3,SUBMIT,BUY,99.93,3,bid+1tick=99.93 spread=0.1000 pos=+0L
18:24:36,2018-08-16 09:38:06,CS3,SUBMIT,SELL,100.01,3,ask-1tick=100.01 spread=0.1000 pos=+0L
18:24:36,2018-08-16 09:38:06,CS3,STATUS,,,,bid=99.93(NEW) ask=100.01(NEW) spread=0.1000 pos=+0L
18:24:36,2018-08-16 09:38:06,CS1,CANCEL,BUY,100.57,,outside spread bid=100.57 ask=100.63
18:24:37,2018-08-16 09:38:06,CS1,CANCEL,SELL,100.67,,outside spread bid=100.57 ask=100.63
18:24:37,2018-08-16 09:38:06,CS1,SUBMIT,BUY,100.57,3,bid+1tick=100.57 spread=0.0700 pos=-12L
18:24:37,2018-08-16 09:38:06,CS1,SUBMIT,SELL,100.62,3,ask-1tick=100.62 spread=0.0700 pos=-12L
18:24:37,2018-08-16 09:38:06,CS1,STATUS,,,,bid=100.57(NEW) ask=100.62(NEW) spread=0.0700 pos=-12L
18:24:37,2018-08-16 09:38:06,CS2,SPREAD_TIGHT,,,,spread=0.0100 < 0.05 — cancelling
18:24:38,2018-08-16 09:38:06,CS3,SPREAD_TIGHT,,,,spread=0.0400 < 0.05 — cancelling
18:24:38,2018-08-16 09:38:06,CS1,CANCEL,BUY,100.57,,outside spread bid=100.57 ask=100.62
18:24:39,2018-08-16 09:38:06,CS1,CANCEL,SELL,100.62,,outside spread bid=100.57 ask=100.62
18:24:39,2018-08-16 09:38:06,CS1,SUBMIT,BUY,100.57,3,bid+1tick=100.57 spread=0.1200 pos=-12L
18:24:39,2018-08-16 09:38:06,CS1,SUBMIT,SELL,100.67,3,ask-1tick=100.67 spread=0.1200 pos=-12L
18:24:39,2018-08-16 09:38:06,CS1,STATUS,,,,bid=100.57(NEW) ask=100.67(NEW) spread=0.1200 pos=-12L
18:24:39,2018-08-16 09:38:06,CS2,SPREAD_TIGHT,,,,spread=0.0100 < 0.05 — cancelling
18:24:40,2018-08-16 09:38:10,CS3,SPREAD_TIGHT,,,,spread=0.0500 < 0.05 — cancelling
18:24:40,2018-08-16 09:38:11,CS1,CANCEL,BUY,100.57,,outside spread bid=100.57 ask=100.66
18:24:41,2018-08-16 09:38:11,CS1,CANCEL,SELL,100.67,,outside spread bid=100.57 ask=100.66
18:24:41,2018-08-16 09:38:11,CS1,SUBMIT,BUY,100.57,3,bid+1tick=100.57 spread=0.0900 pos=-12L
18:24:41,2018-08-16 09:38:11,CS1,SUBMIT,SELL,100.64,3,ask-1tick=100.64 spread=0.0900 pos=-12L
18:24:41,2018-08-16 09:38:11,CS1,STATUS,,,,bid=100.57(NEW) ask=100.64(NEW) spread=0.0900 pos=-12L
18:24:41,2018-08-16 09:38:11,CS2,SPREAD_TIGHT,,,,spread=0.0100 < 0.05 — cancelling
18:24:42,2018-08-16 09:38:11,CS3,SPREAD_TIGHT,,,,spread=0.0400 < 0.05 — cancelling
18:24:43,2018-08-16 09:38:13,CS1,CANCEL,BUY,100.57,,outside spread bid=100.57 ask=100.64
18:24:43,2018-08-16 09:38:13,CS1,CANCEL,SELL,100.64,,outside spread bid=100.57 ask=100.64
18:24:43,2018-08-16 09:38:13,CS1,SUBMIT,BUY,100.59,3,bid+1tick=100.59 spread=0.0700 pos=-12L
18:24:43,2018-08-16 09:38:13,CS1,SUBMIT,SELL,100.64,3,ask-1tick=100.64 spread=0.0700 pos=-12L
18:24:43,2018-08-16 09:38:13,CS1,STATUS,,,,bid=100.59(NEW) ask=100.64(NEW) spread=0.0700 pos=-12L
18:24:43,2018-08-16 09:38:13,CS2,SPREAD_TIGHT,,,,spread=0.0100 < 0.05 — cancelling
18:24:44,2018-08-16 09:38:15,CS3,SPREAD_TIGHT,,,,spread=0.0500 < 0.05 — cancelling
18:24:45,2018-08-16 09:38:15,CS1,SPREAD_TIGHT,,,,spread=0.0500 < 0.05 — cancelling
18:24:45,2018-08-16 09:38:16,CS2,SPREAD_TIGHT,,,,spread=0.0200 < 0.05 — cancelling
18:24:46,2018-08-16 09:38:17,CS3,SPREAD_TIGHT,,,,spread=0.0500 < 0.05 — cancelling
18:24:47,2018-08-16 09:38:17,CS1,SPREAD_TIGHT,,,,spread=0.0200 < 0.05 — cancelling
18:24:47,2018-08-16 09:38:18,CS2,SPREAD_TIGHT,,,,spread=0.0100 < 0.05 — cancelling
18:24:48,2018-08-16 09:38:19,CS3,SPREAD_TIGHT,,,,spread=0.0500 < 0.05 — cancelling
18:24:49,2018-08-16 09:38:20,CS1,SPREAD_TIGHT,,,,spread=0.0100 < 0.05 — cancelling
18:24:49,2018-08-16 09:38:20,CS2,SPREAD_TIGHT,,,,spread=0.0100 < 0.05 — cancelling
18:24:50,2018-08-16 09:38:20,CS3,SPREAD_TIGHT,,,,spread=0.0500 < 0.05 — cancelling
18:24:51,2018-08-16 09:38:21,CS1,SPREAD_TIGHT,,,,spread=0.0100 < 0.05 — cancelling
18:24:51,2018-08-16 09:38:22,CS2,SPREAD_TIGHT,,,,spread=0.0100 < 0.05 — cancelling
18:24:52,2018-08-16 09:38:23,CS3,SPREAD_TIGHT,,,,spread=0.0500 < 0.05 — cancelling
18:24:53,2018-08-16 09:38:23,CS1,SPREAD_TIGHT,,,,spread=0.0100 < 0.05 — cancelling
18:24:54,2018-08-16 09:38:25,CS2,SPREAD_TIGHT,,,,spread=0.0100 < 0.05 — cancelling
18:24:54,2018-08-16 09:38:25,CS3,SPREAD_TIGHT,,,,spread=0.0200 < 0.05 — cancelling
18:24:55,2018-08-16 09:38:26,CS1,SPREAD_TIGHT,,,,spread=0.0300 < 0.05 — cancelling
18:24:56,2018-08-16 09:38:27,CS2,SPREAD_TIGHT,,,,spread=0.0100 < 0.05 — cancelling
18:24:56,2018-08-16 09:38:27,CS3,SUBMIT,BUY,99.98,3,bid+1tick=99.98 spread=0.0700 pos=+0L
18:24:56,2018-08-16 09:38:27,CS3,SUBMIT,SELL,100.03,3,ask-1tick=100.03 spread=0.0700 pos=+0L
18:24:56,2018-08-16 09:38:27,CS3,STATUS,,,,bid=99.98(NEW) ask=100.03(NEW) spread=0.0700 pos=+0L
18:24:57,2018-08-16 09:38:28,CS1,SUBMIT,BUY,100.48,3,bid+1tick=100.48 spread=0.1600 pos=-12L
18:24:57,2018-08-16 09:38:28,CS1,SUBMIT,SELL,100.62,3,ask-1tick=100.62 spread=0.1600 pos=-12L
18:24:57,2018-08-16 09:38:28,CS1,STATUS,,,,bid=100.48(NEW) ask=100.62(NEW) spread=0.1600 pos=-12L
18:24:58,2018-08-16 09:38:29,CS2,SPREAD_TIGHT,,,,spread=0.0100 < 0.05 — cancelling
18:24:58,2018-08-16 09:38:29,CS3,SUBMIT,BUY,99.97,3,bid+1tick=99.97 spread=0.1100 pos=+0L
18:24:58,2018-08-16 09:38:29,CS3,SUBMIT,SELL,100.06,3,ask-1tick=100.06 spread=0.1100 pos=+0L
18:24:58,2018-08-16 09:38:29,CS3,STATUS,,,,bid=99.97(NEW) ask=100.06(NEW) spread=0.1100 pos=+0L
18:24:59,2018-08-16 09:38:29,CS1,CANCEL,BUY,100.48,,outside spread bid=100.48 ask=100.62
18:25:00,2018-08-16 09:38:29,CS1,CANCEL,SELL,100.62,,outside spread bid=100.48 ask=100.62
18:25:00,2018-08-16 09:38:29,CS1,SUBMIT,BUY,100.48,3,bid+1tick=100.48 spread=0.1700 pos=-12L
18:25:00,2018-08-16 09:38:29,CS1,SUBMIT,SELL,100.63,3,ask-1tick=100.63 spread=0.1700 pos=-12L
18:25:00,2018-08-16 09:38:29,CS1,STATUS,,,,bid=100.48(NEW) ask=100.63(NEW) spread=0.1700 pos=-12L
18:25:00,2018-08-16 09:38:29,CS2,SPREAD_TIGHT,,,,spread=0.0100 < 0.05 — cancelling
18:25:01,2018-08-16 09:38:32,CS3,SPREAD_TIGHT,,,,spread=0.0500 < 0.05 — cancelling
18:25:01,2018-08-16 09:38:32,CS1,CANCEL,BUY,100.48,,outside spread bid=100.49 ask=100.63
18:25:02,2018-08-16 09:38:32,CS1,CANCEL,SELL,100.63,,outside spread bid=100.49 ask=100.63
18:25:02,2018-08-16 09:38:32,CS1,SUBMIT,BUY,100.5,3,bid+1tick=100.5 spread=0.1500 pos=-12L
18:25:02,2018-08-16 09:38:32,CS1,SUBMIT,SELL,100.63,3,ask-1tick=100.63 spread=0.1500 pos=-12L
18:25:02,2018-08-16 09:38:32,CS1,STATUS,,,,bid=100.5(NEW) ask=100.63(NEW) spread=0.1500 pos=-12L
18:25:02,2018-08-16 09:38:32,CS2,SPREAD_TIGHT,,,,spread=0.0200 < 0.05 — cancelling
18:25:03,2018-08-16 09:38:32,CS3,SUBMIT,BUY,100.02,3,bid+1tick=100.02 spread=0.0600 pos=+0L
18:25:03,2018-08-16 09:38:32,CS3,SUBMIT,SELL,100.06,3,ask-1tick=100.06 spread=0.0600 pos=+0L
18:25:03,2018-08-16 09:38:32,CS3,STATUS,,,,bid=100.02(NEW) ask=100.06(NEW) spread=0.0600 pos=+0L
18:25:03,2018-08-16 09:38:32,CS1,CANCEL,BUY,100.5,,outside spread bid=100.5 ask=100.63
18:25:04,2018-08-16 09:38:32,CS1,CANCEL,SELL,100.63,,outside spread bid=100.5 ask=100.63
18:25:04,2018-08-16 09:38:32,CS1,SUBMIT,BUY,100.48,3,bid+1tick=100.48 spread=0.1700 pos=-12L
18:25:04,2018-08-16 09:38:32,CS1,SUBMIT,SELL,100.63,3,ask-1tick=100.63 spread=0.1700 pos=-12L
