wall_time,sim_time,symbol,event,side,price,lots,detail
23:24:20,1969-12-31 19:00:00,CS1,SUBMIT,BUY,99.87,3,bid+1tick=99.87 spread=0.0400 pos=+0L
23:24:21,1969-12-31 19:00:00,CS1,SUBMIT,SELL,99.89,3,ask-1tick=99.89 spread=0.0400 pos=+0L
23:24:21,1969-12-31 19:00:00,CS1,STATUS,,,,bid=99.87(REST) ask=99.89(REST) spread=0.0400 pos=+0L
23:24:21,1969-12-31 19:00:00,CS2,SPREAD_TIGHT,,,,spread=0.0200 < 0.04 — waiting
23:24:21,1969-12-31 19:00:00,CS3,SPREAD_TIGHT,,,,spread=0.0100 < 0.04 — waiting
23:24:31,1969-12-31 19:00:00,CS1,SUBMIT,BUY,99.88,3,bid+1tick=99.88 spread=0.0600 pos=+3L
23:24:32,1969-12-31 19:00:00,CS1,SUBMIT,SELL,99.92,3,ask-1tick=99.92 spread=0.0600 pos=+3L
23:24:32,1969-12-31 19:00:00,CS1,STATUS,,,,bid=99.88(REST) ask=99.92(REST) spread=0.0600 pos=+3L
23:24:33,1969-12-31 19:00:00,CS2,SUBMIT,BUY,100.34,3,bid+1tick=100.34 spread=0.0400 pos=+0L
23:24:34,1969-12-31 19:00:00,CS2,SUBMIT,SELL,100.36,3,ask-1tick=100.36 spread=0.0400 pos=+0L
23:24:34,1969-12-31 19:00:00,CS2,STATUS,,,,bid=100.34(REST) ask=100.36(REST) spread=0.0400 pos=+0L
23:24:34,1969-12-31 19:00:00,CS3,SPREAD_TIGHT,,,,spread=0.0100 < 0.04 — waiting
23:24:43,1969-12-31 19:00:00,CS1,SUBMIT,BUY,99.9,3,bid+1tick=99.9 spread=0.0400 pos=+3L
23:24:44,1969-12-31 19:00:00,CS1,SUBMIT,SELL,99.92,3,ask-1tick=99.92 spread=0.0400 pos=+3L
23:24:44,1969-12-31 19:00:00,CS1,STATUS,,,,bid=99.9(REST) ask=99.92(REST) spread=0.0400 pos=+3L
23:24:44,1969-12-31 19:00:00,CS2,SPREAD_TIGHT,,,,spread=0.0100 < 0.04 — waiting
23:24:44,1969-12-31 19:00:00,CS3,SPREAD_TIGHT,,,,spread=0.0300 < 0.04 — waiting
23:24:44,1969-12-31 19:00:00,CS1,CANCEL,BID,99.9,,outside spread bid=99.9 ask=99.92
23:24:44,1969-12-31 19:00:00,CS1,CANCEL,ASK,99.92,,outside spread bid=99.9 ask=99.92
23:24:44,1969-12-31 19:00:00,CS1,SPREAD_TIGHT,,,,spread=0.0200 < 0.04 — waiting
23:24:59,2018-08-16 09:31:21,CS1,SPREAD_TIGHT,,,,spread=0.0100 < 0.04 — waiting
23:24:59,2018-08-16 09:31:21,CS2,SPREAD_TIGHT,,,,spread=0.0300 < 0.04 — waiting
23:24:59,2018-08-16 09:31:21,CS3,SPREAD_TIGHT,,,,spread=0.0100 < 0.04 — waiting
23:25:02,2018-08-16 09:31:22,CS1,SUBMIT,BUY,99.85,3,bid+1tick=99.85 spread=0.0500 pos=+3L
23:25:03,2018-08-16 09:31:22,CS1,SUBMIT,SELL,99.88,3,ask-1tick=99.88 spread=0.0500 pos=+3L
23:25:03,2018-08-16 09:31:22,CS1,STATUS,,,,bid=99.85(REST) ask=99.88(REST) spread=0.0500 pos=+3L
23:25:04,2018-08-16 09:31:22,CS2,SUBMIT,BUY,100.63,3,bid+1tick=100.63 spread=0.0700 pos=+0L
23:25:05,2018-08-16 09:31:22,CS2,SUBMIT,SELL,100.68,3,ask-1tick=100.68 spread=0.0700 pos=+0L
23:25:05,2018-08-16 09:31:22,CS2,STATUS,,,,bid=100.63(REST) ask=100.68(REST) spread=0.0700 pos=+0L
23:25:06,2018-08-16 09:31:22,CS3,SUBMIT,BUY,99.98,3,bid+1tick=99.98 spread=0.0400 pos=+0L
23:25:07,2018-08-16 09:31:22,CS3,SUBMIT,SELL,100.0,3,ask-1tick=100.0 spread=0.0400 pos=+0L
23:25:07,2018-08-16 09:31:22,CS3,STATUS,,,,bid=99.98(REST) ask=100.0(REST) spread=0.0400 pos=+0L
23:25:07,2018-08-16 09:31:29,CS1,FILLED,BID,99.85,,order no longer in waiting list
23:25:07,2018-08-16 09:31:29,CS1,CANCEL,ASK,99.88,,outside spread bid=99.84 ask=99.88
23:25:07,2018-08-16 09:31:29,CS1,SPREAD_TIGHT,,,,spread=0.0400 < 0.04 — waiting
23:25:07,2018-08-16 09:31:29,CS2,CANCEL,BID,100.63,,outside spread bid=100.63 ask=100.65
23:25:07,2018-08-16 09:31:29,CS2,CANCEL,ASK,100.68,,outside spread bid=100.63 ask=100.65
23:25:07,2018-08-16 09:31:29,CS2,SPREAD_TIGHT,,,,spread=0.0200 < 0.04 — waiting
23:25:07,2018-08-16 09:31:29,CS3,FILLED,BID,99.98,,order no longer in waiting list
23:25:07,2018-08-16 09:31:29,CS3,CANCEL,ASK,100.0,,outside spread bid=99.97 ask=100.0
23:25:07,2018-08-16 09:31:29,CS3,SPREAD_TIGHT,,,,spread=0.0300 < 0.04 — waiting
23:25:10,2018-08-16 09:31:29,CS1,SUBMIT,BUY,99.85,3,bid+1tick=99.85 spread=0.0500 pos=+6L
23:25:11,2018-08-16 09:31:29,CS1,SUBMIT,SELL,99.88,3,ask-1tick=99.88 spread=0.0500 pos=+6L
23:25:11,2018-08-16 09:31:29,CS1,STATUS,,,,bid=99.85(REST) ask=99.88(REST) spread=0.0500 pos=+6L
23:25:11,2018-08-16 09:31:29,CS2,SPREAD_TIGHT,,,,spread=0.0100 < 0.04 — waiting
23:25:12,2018-08-16 09:31:29,CS3,SUBMIT,BUY,99.98,3,bid+1tick=99.98 spread=0.0400 pos=+3L
23:25:13,2018-08-16 09:31:29,CS3,SUBMIT,SELL,100.0,3,ask-1tick=100.0 spread=0.0400 pos=+3L
23:25:13,2018-08-16 09:31:29,CS3,STATUS,,,,bid=99.98(REST) ask=100.0(REST) spread=0.0400 pos=+3L
23:25:13,2018-08-16 09:31:35,CS1,FILLED,BID,99.85,,order no longer in waiting list
23:25:13,2018-08-16 09:31:35,CS1,CANCEL,ASK,99.88,,outside spread bid=99.81 ask=99.88
23:25:14,2018-08-16 09:31:35,CS1,SUBMIT,BUY,99.82,3,bid+1tick=99.82 spread=0.0700 pos=+9L
23:25:15,2018-08-16 09:31:35,CS1,SUBMIT,SELL,99.87,3,ask-1tick=99.87 spread=0.0700 pos=+9L
23:25:15,2018-08-16 09:31:35,CS1,STATUS,,,,bid=99.82(REST) ask=99.87(REST) spread=0.0700 pos=+9L
23:25:15,2018-08-16 09:31:35,CS2,SPREAD_TIGHT,,,,spread=0.0100 < 0.04 — waiting
23:25:15,2018-08-16 09:31:35,CS3,FILLED,BID,99.98,,order no longer in waiting list
23:25:15,2018-08-16 09:31:35,CS3,FILLED,ASK,100.0,,order no longer in waiting list
23:25:16,2018-08-16 09:31:35,CS3,SUBMIT,BUY,100.04,3,bid+1tick=100.04 spread=0.0700 pos=+3L
23:25:17,2018-08-16 09:31:35,CS3,SUBMIT,SELL,100.09,3,ask-1tick=100.09 spread=0.0700 pos=+3L
23:25:17,2018-08-16 09:31:35,CS3,STATUS,,,,bid=100.04(REST) ask=100.09(REST) spread=0.0700 pos=+3L
23:25:18,2018-08-16 09:31:40,CS1,CANCEL,BID,99.82,,outside spread bid=99.82 ask=99.87
23:25:18,2018-08-16 09:31:40,CS1,FILLED,ASK,99.87,,order no longer in waiting list
23:25:19,2018-08-16 09:31:40,CS1,SUBMIT,BUY,99.83,3,bid+1tick=99.83 spread=0.0500 pos=+6L
23:25:20,2018-08-16 09:31:40,CS1,SUBMIT,SELL,99.86,3,ask-1tick=99.86 spread=0.0500 pos=+6L
23:25:20,2018-08-16 09:31:40,CS1,STATUS,,,,bid=99.83(REST) ask=99.86(REST) spread=0.0500 pos=+6L
23:25:20,2018-08-16 09:31:40,CS2,SPREAD_TIGHT,,,,spread=0.0100 < 0.04 — waiting
23:25:20,2018-08-16 09:31:40,CS3,CANCEL,BID,100.04,,outside spread bid=100.04 ask=100.13
23:25:20,2018-08-16 09:31:40,CS3,FILLED,ASK,100.09,,order no longer in waiting list
23:25:21,2018-08-16 09:31:40,CS3,SUBMIT,BUY,100.05,3,bid+1tick=100.05 spread=0.0900 pos=+0L
23:25:22,2018-08-16 09:31:40,CS3,SUBMIT,SELL,100.12,3,ask-1tick=100.12 spread=0.0900 pos=+0L
23:25:22,2018-08-16 09:31:40,CS3,STATUS,,,,bid=100.05(REST) ask=100.12(REST) spread=0.0900 pos=+0L
23:25:22,2018-08-16 09:31:44,CS1,FILLED,BID,99.83,,order no longer in waiting list
23:25:22,2018-08-16 09:31:44,CS1,CANCEL,ASK,99.86,,outside spread bid=99.81 ask=99.84
23:25:22,2018-08-16 09:31:44,CS1,SPREAD_TIGHT,,,,spread=0.0300 < 0.04 — waiting
23:25:23,2018-08-16 09:31:44,CS2,SUBMIT,BUY,100.62,3,bid+1tick=100.62 spread=0.0700 pos=+0L
23:25:24,2018-08-16 09:31:44,CS2,SUBMIT,SELL,100.67,3,ask-1tick=100.67 spread=0.0700 pos=+0L
23:25:24,2018-08-16 09:31:44,CS2,STATUS,,,,bid=100.62(REST) ask=100.67(REST) spread=0.0700 pos=+0L
23:25:24,2018-08-16 09:31:44,CS3,FILLED,BID,100.05,,order no longer in waiting list
23:25:24,2018-08-16 09:31:44,CS3,CANCEL,ASK,100.12,,outside spread bid=99.97 ask=100.03
23:25:25,2018-08-16 09:31:44,CS3,SUBMIT,BUY,99.98,3,bid+1tick=99.98 spread=0.0600 pos=+3L
23:25:26,2018-08-16 09:31:44,CS3,SUBMIT,SELL,100.02,3,ask-1tick=100.02 spread=0.0600 pos=+3L
23:25:26,2018-08-16 09:31:44,CS3,STATUS,,,,bid=99.98(REST) ask=100.02(REST) spread=0.0600 pos=+3L
23:25:26,2018-08-16 09:31:47,CS1,SPREAD_TIGHT,,,,spread=0.0100 < 0.04 — waiting
23:25:26,2018-08-16 09:31:47,CS2,CANCEL,BID,100.62,,outside spread bid=100.62 ask=100.67
23:25:26,2018-08-16 09:31:47,CS2,CANCEL,ASK,100.67,,outside spread bid=100.62 ask=100.67
23:25:27,2018-08-16 09:31:47,CS2,SUBMIT,BUY,100.63,3,bid+1tick=100.63 spread=0.0500 pos=+0L
23:25:28,2018-08-16 09:31:47,CS2,SUBMIT,SELL,100.66,3,ask-1tick=100.66 spread=0.0500 pos=+0L
23:25:28,2018-08-16 09:31:47,CS2,STATUS,,,,bid=100.63(REST) ask=100.66(REST) spread=0.0500 pos=+0L
23:25:28,2018-08-16 09:31:47,CS3,CANCEL,BID,99.98,,outside spread bid=99.98 ask=100.02
23:25:28,2018-08-16 09:31:47,CS3,CANCEL,ASK,100.02,,outside spread bid=99.98 ask=100.02
23:25:28,2018-08-16 09:31:47,CS3,SPREAD_TIGHT,,,,spread=0.0400 < 0.04 — waiting
23:25:28,2018-08-16 09:31:47,CS1,SPREAD_TIGHT,,,,spread=0.0100 < 0.04 — waiting
23:25:28,2018-08-16 09:31:47,CS2,CANCEL,BID,100.63,,outside spread bid=100.63 ask=100.66
23:25:28,2018-08-16 09:31:47,CS2,CANCEL,ASK,100.66,,outside spread bid=100.63 ask=100.66
23:25:28,2018-08-16 09:31:47,CS2,SPREAD_TIGHT,,,,spread=0.0300 < 0.04 — waiting
23:25:31,2018-08-16 09:31:51,CS3,SUBMIT,BUY,99.98,3,bid+1tick=99.98 spread=0.0600 pos=+3L
23:25:32,2018-08-16 09:31:51,CS3,SUBMIT,SELL,100.02,3,ask-1tick=100.02 spread=0.0600 pos=+3L
23:25:32,2018-08-16 09:31:51,CS3,STATUS,,,,bid=99.98(REST) ask=100.02(REST) spread=0.0600 pos=+3L
23:25:32,2018-08-16 09:31:54,CS1,SPREAD_TIGHT,,,,spread=0.0400 < 0.04 — waiting
23:25:32,2018-08-16 09:31:54,CS2,SPREAD_TIGHT,,,,spread=0.0100 < 0.04 — waiting
23:25:32,2018-08-16 09:31:54,CS3,CANCEL,BID,99.98,,outside spread bid=99.99 ask=100.02
23:25:32,2018-08-16 09:31:54,CS3,CANCEL,ASK,100.02,,outside spread bid=99.99 ask=100.02
23:25:32,2018-08-16 09:31:54,CS3,SPREAD_TIGHT,,,,spread=0.0300 < 0.04 — waiting
23:25:34,2018-08-16 09:31:57,CS1,SPREAD_TIGHT,,,,spread=0.0400 < 0.04 — waiting
23:25:34,2018-08-16 09:31:57,CS2,SPREAD_TIGHT,,,,spread=0.0100 < 0.04 — waiting
23:25:35,2018-08-16 09:31:57,CS3,SUBMIT,BUY,99.96,3,bid+1tick=99.96 spread=0.0800 pos=+3L
23:25:36,2018-08-16 09:31:57,CS3,SUBMIT,SELL,100.02,3,ask-1tick=100.02 spread=0.0800 pos=+3L
23:25:36,2018-08-16 09:31:57,CS3,STATUS,,,,bid=99.96(REST) ask=100.02(REST) spread=0.0800 pos=+3L
23:25:37,2018-08-16 09:31:59,CS1,SPREAD_TIGHT,,,,spread=0.0400 < 0.04 — waiting
23:25:37,2018-08-16 09:31:59,CS2,SPREAD_TIGHT,,,,spread=0.0100 < 0.04 — waiting
23:25:37,2018-08-16 09:31:59,CS3,FILLED,BID,99.96,,order no longer in waiting list
23:25:37,2018-08-16 09:31:59,CS3,CANCEL,ASK,100.02,,outside spread bid=100.0 ask=100.02
23:25:37,2018-08-16 09:31:59,CS3,SPREAD_TIGHT,,,,spread=0.0200 < 0.04 — waiting
23:25:39,2018-08-16 09:32:00,CS1,SPREAD_TIGHT,,,,spread=0.0400 < 0.04 — waiting
23:25:39,2018-08-16 09:32:00,CS2,SPREAD_TIGHT,,,,spread=0.0100 < 0.04 — waiting
23:25:40,2018-08-16 09:32:00,CS3,SUBMIT,BUY,100.01,3,bid+1tick=100.01 spread=0.1300 pos=+6L
23:25:41,2018-08-16 09:32:00,CS3,SUBMIT,SELL,100.12,3,ask-1tick=100.12 spread=0.1300 pos=+6L
23:25:41,2018-08-16 09:32:00,CS3,STATUS,,,,bid=100.01(REST) ask=100.12(REST) spread=0.1300 pos=+6L
23:25:41,2018-08-16 09:32:02,CS1,SPREAD_TIGHT,,,,spread=0.0400 < 0.04 — waiting
23:25:41,2018-08-16 09:32:02,CS2,SPREAD_TIGHT,,,,spread=0.0100 < 0.04 — waiting
23:25:41,2018-08-16 09:32:02,CS3,CANCEL,BID,100.01,,outside spread bid=100.19 ask=100.22
23:25:41,2018-08-16 09:32:02,CS3,FILLED,ASK,100.12,,order no longer in waiting list
23:25:41,2018-08-16 09:32:02,CS3,SPREAD_TIGHT,,,,spread=0.0300 < 0.04 — waiting
23:25:43,2018-08-16 09:32:05,CS1,SPREAD_TIGHT,,,,spread=0.0100 < 0.04 — waiting
23:25:43,2018-08-16 09:32:05,CS2,SPREAD_TIGHT,,,,spread=0.0100 < 0.04 — waiting
23:25:43,2018-08-16 09:32:05,CS3,SPREAD_TIGHT,,,,spread=0.0300 < 0.04 — waiting
23:25:45,2018-08-16 09:32:07,CS1,SPREAD_TIGHT,,,,spread=0.0200 < 0.04 — waiting
23:25:45,2018-08-16 09:32:07,CS2,SPREAD_TIGHT,,,,spread=0.0100 < 0.04 — waiting
23:25:45,2018-08-16 09:32:07,CS3,SPREAD_TIGHT,,,,spread=0.0300 < 0.04 — waiting
23:25:47,2018-08-16 09:32:09,CS1,SPREAD_TIGHT,,,,spread=0.0200 < 0.04 — waiting
23:25:47,2018-08-16 09:32:09,CS2,SPREAD_TIGHT,,,,spread=0.0100 < 0.04 — waiting
23:25:48,2018-08-16 09:32:09,CS3,SUBMIT,BUY,100.2,3,bid+1tick=100.2 spread=0.0600 pos=+3L
23:25:49,2018-08-16 09:32:09,CS3,SUBMIT,SELL,100.24,3,ask-1tick=100.24 spread=0.0600 pos=+3L
23:25:49,2018-08-16 09:32:09,CS3,STATUS,,,,bid=100.2(REST) ask=100.24(REST) spread=0.0600 pos=+3L
23:25:49,2018-08-16 09:32:09,CS1,SPREAD_TIGHT,,,,spread=0.0200 < 0.04 — waiting
23:25:49,2018-08-16 09:32:09,CS2,SPREAD_TIGHT,,,,spread=0.0100 < 0.04 — waiting
23:25:49,2018-08-16 09:32:09,CS3,CANCEL,BID,100.2,,outside spread bid=100.2 ask=100.24
23:25:49,2018-08-16 09:32:09,CS3,CANCEL,ASK,100.24,,outside spread bid=100.2 ask=100.24
23:25:49,2018-08-16 09:32:09,CS3,SPREAD_TIGHT,,,,spread=0.0400 < 0.04 — waiting
23:25:52,2018-08-16 09:32:13,CS1,SUBMIT,BUY,99.64,3,bid+1tick=99.64 spread=0.0600 pos=+9L
23:25:53,2018-08-16 09:32:13,CS1,SUBMIT,SELL,99.68,3,ask-1tick=99.68 spread=0.0600 pos=+9L
23:25:53,2018-08-16 09:32:13,CS1,STATUS,,,,bid=99.64(REST) ask=99.68(REST) spread=0.0600 pos=+9L
23:25:54,2018-08-16 09:32:13,CS2,SUBMIT,BUY,100.58,3,bid+1tick=100.58 spread=0.0500 pos=+0L
23:25:55,2018-08-16 09:32:13,CS2,SUBMIT,SELL,100.61,3,ask-1tick=100.61 spread=0.0500 pos=+0L
23:25:55,2018-08-16 09:32:13,CS2,STATUS,,,,bid=100.58(REST) ask=100.61(REST) spread=0.0500 pos=+0L
23:25:55,2018-08-16 09:32:13,CS3,SPREAD_TIGHT,,,,spread=0.0100 < 0.04 — waiting
23:25:55,2018-08-16 09:32:17,CS1,FILLED,BID,99.64,,order no longer in waiting list
23:25:55,2018-08-16 09:32:17,CS1,CANCEL,ASK,99.68,,outside spread bid=99.63 ask=99.64
23:25:55,2018-08-16 09:32:17,CS1,SPREAD_TIGHT,,,,spread=0.0100 < 0.04 — waiting
23:25:55,2018-08-16 09:32:17,CS2,CANCEL,BID,100.58,,outside spread bid=100.58 ask=100.61
23:25:55,2018-08-16 09:32:17,CS2,CANCEL,ASK,100.61,,outside spread bid=100.58 ask=100.61
23:25:55,2018-08-16 09:32:17,CS2,SPREAD_TIGHT,,,,spread=0.0300 < 0.04 — waiting
23:25:57,2018-08-16 09:32:19,CS3,SPREAD_TIGHT,,,,spread=0.0100 < 0.04 — waiting
23:25:57,2018-08-16 09:32:19,CS1,SPREAD_TIGHT,,,,spread=0.0100 < 0.04 — waiting
23:25:57,2018-08-16 09:32:19,CS2,SPREAD_TIGHT,,,,spread=0.0300 < 0.04 — waiting
23:25:59,2018-08-16 09:32:20,CS3,SPREAD_TIGHT,,,,spread=0.0100 < 0.04 — waiting
23:26:00,2018-08-16 09:32:20,CS1,SUBMIT,BUY,99.54,3,bid+1tick=99.54 spread=0.1100 pos=+12L
23:26:01,2018-08-16 09:32:20,CS1,SUBMIT,SELL,99.63,3,ask-1tick=99.63 spread=0.1100 pos=+12L
23:26:01,2018-08-16 09:32:20,CS1,STATUS,,,,bid=99.54(REST) ask=99.63(REST) spread=0.1100 pos=+12L
23:26:03,2018-08-16 09:32:20,CS2,SUBMIT,BUY,100.68,3,bid+1tick=100.68 spread=0.0500 pos=+0L
23:26:04,2018-08-16 09:32:20,CS2,SUBMIT,SELL,100.71,3,ask-1tick=100.71 spread=0.0500 pos=+0L
23:26:04,2018-08-16 09:32:20,CS2,STATUS,,,,bid=100.68(REST) ask=100.71(REST) spread=0.0500 pos=+0L
23:26:04,2018-08-16 09:32:20,CS3,SPREAD_TIGHT,,,,spread=0.0100 < 0.04 — waiting
23:26:04,2018-08-16 09:32:24,CS1,CANCEL,BID,99.54,,outside spread bid=99.56 ask=99.63
23:26:04,2018-08-16 09:32:24,CS1,CANCEL,ASK,99.63,,outside spread bid=99.56 ask=99.63
23:26:05,2018-08-16 09:32:24,CS1,SUBMIT,BUY,99.57,3,bid+1tick=99.57 spread=0.0700 pos=+12L
23:26:06,2018-08-16 09:32:24,CS1,SUBMIT,SELL,99.62,3,ask-1tick=99.62 spread=0.0700 pos=+12L
23:26:06,2018-08-16 09:32:24,CS1,STATUS,,,,bid=99.57(REST) ask=99.62(REST) spread=0.0700 pos=+12L
23:26:06,2018-08-16 09:32:24,CS2,CANCEL,BID,100.68,,outside spread bid=100.69 ask=100.71
23:26:06,2018-08-16 09:32:24,CS2,FILLED,ASK,100.71,,order no longer in waiting list
23:26:06,2018-08-16 09:32:24,CS2,SPREAD_TIGHT,,,,spread=0.0200 < 0.04 — waiting
23:26:07,2018-08-16 09:32:24,CS3,SUBMIT,BUY,100.22,3,bid+1tick=100.22 spread=0.0400 pos=+3L
23:26:08,2018-08-16 09:32:24,CS3,SUBMIT,SELL,100.24,3,ask-1tick=100.24 spread=0.0400 pos=+3L
23:26:08,2018-08-16 09:32:24,CS3,STATUS,,,,bid=100.22(REST) ask=100.24(REST) spread=0.0400 pos=+3L
23:26:08,2018-08-16 09:32:30,CS1,CANCEL,BID,99.57,,outside spread bid=99.6 ask=99.64
23:26:08,2018-08-16 09:32:30,CS1,FILLED,ASK,99.62,,order no longer in waiting list
23:26:09,2018-08-16 09:32:30,CS1,SUBMIT,BUY,99.61,3,bid+1tick=99.61 spread=0.0400 pos=+9L
23:26:10,2018-08-16 09:32:30,CS1,SUBMIT,SELL,99.63,3,ask-1tick=99.63 spread=0.0400 pos=+9L
23:26:10,2018-08-16 09:32:30,CS1,STATUS,,,,bid=99.61(REST) ask=99.63(REST) spread=0.0400 pos=+9L
23:26:11,2018-08-16 09:32:30,CS2,SUBMIT,BUY,100.96,3,bid+1tick=100.96 spread=0.0600 pos=-3L
23:26:12,2018-08-16 09:32:30,CS2,SUBMIT,SELL,101.0,3,ask-1tick=101.0 spread=0.0600 pos=-3L
23:26:12,2018-08-16 09:32:30,CS2,STATUS,,,,bid=100.96(REST) ask=101.0(REST) spread=0.0600 pos=-3L
23:26:12,2018-08-16 09:32:30,CS3,FILLED,BID,100.22,,order no longer in waiting list
23:26:12,2018-08-16 09:32:30,CS3,CANCEL,ASK,100.24,,outside spread bid=100.23 ask=100.24
23:26:12,2018-08-16 09:32:30,CS3,SPREAD_TIGHT,,,,spread=0.0100 < 0.04 — waiting
23:26:12,2018-08-16 09:32:35,CS1,CANCEL,BID,99.61,,outside spread bid=99.61 ask=99.64
23:26:12,2018-08-16 09:32:35,CS1,FILLED,ASK,99.63,,order no longer in waiting list
23:26:12,2018-08-16 09:32:35,CS1,SPREAD_TIGHT,,,,spread=0.0300 < 0.04 — waiting
23:26:12,2018-08-16 09:32:35,CS2,FILLED,BID,100.96,,order no longer in waiting list
23:26:12,2018-08-16 09:32:35,CS2,CANCEL,ASK,101.0,,outside spread bid=100.69 ask=100.95
23:26:13,2018-08-16 09:32:35,CS2,SUBMIT,BUY,100.7,3,bid+1tick=100.7 spread=0.2600 pos=+0L
23:26:14,2018-08-16 09:32:35,CS2,SUBMIT,SELL,100.94,3,ask-1tick=100.94 spread=0.2600 pos=+0L
23:26:14,2018-08-16 09:32:35,CS2,STATUS,,,,bid=100.7(REST) ask=100.94(REST) spread=0.2600 pos=+0L
23:26:15,2018-08-16 09:32:35,CS3,SUBMIT,BUY,100.24,3,bid+1tick=100.24 spread=0.0500 pos=+6L
23:26:16,2018-08-16 09:32:35,CS3,SUBMIT,SELL,100.27,3,ask-1tick=100.27 spread=0.0500 pos=+6L
23:26:16,2018-08-16 09:32:35,CS3,STATUS,,,,bid=100.24(REST) ask=100.27(REST) spread=0.0500 pos=+6L
23:26:16,2018-08-16 09:32:39,CS1,SPREAD_TIGHT,,,,spread=0.0300 < 0.04 — waiting
23:26:16,2018-08-16 09:32:39,CS2,CANCEL,BID,100.7,,outside spread bid=100.7 ask=100.9
23:26:16,2018-08-16 09:32:39,CS2,CANCEL,ASK,100.94,,outside spread bid=100.7 ask=100.9
23:26:18,2018-08-16 09:32:39,CS2,SUBMIT,BUY,100.71,3,bid+1tick=100.71 spread=0.2000 pos=+0L
23:26:19,2018-08-16 09:32:39,CS2,SUBMIT,SELL,100.89,3,ask-1tick=100.89 spread=0.2000 pos=+0L
23:26:19,2018-08-16 09:32:39,CS2,STATUS,,,,bid=100.71(REST) ask=100.89(REST) spread=0.2000 pos=+0L
23:26:19,2018-08-16 09:32:39,CS3,CANCEL,BID,100.24,,outside spread bid=100.24 ask=100.28
23:26:19,2018-08-16 09:32:39,CS3,FILLED,ASK,100.27,,order no longer in waiting list
23:26:20,2018-08-16 09:32:39,CS3,SUBMIT,BUY,100.25,3,bid+1tick=100.25 spread=0.0400 pos=+3L
23:26:21,2018-08-16 09:32:39,CS3,SUBMIT,SELL,100.27,3,ask-1tick=100.27 spread=0.0400 pos=+3L
23:26:21,2018-08-16 09:32:39,CS3,STATUS,,,,bid=100.25(REST) ask=100.27(REST) spread=0.0400 pos=+3L
23:26:22,2018-08-16 09:32:39,CS1,SUBMIT,BUY,99.54,3,bid+1tick=99.54 spread=0.0600 pos=+6L
23:26:23,2018-08-16 09:32:39,CS1,SUBMIT,SELL,99.58,3,ask-1tick=99.58 spread=0.0600 pos=+6L
23:26:23,2018-08-16 09:32:39,CS1,STATUS,,,,bid=99.54(REST) ask=99.58(REST) spread=0.0600 pos=+6L
23:26:23,2018-08-16 09:32:39,CS2,CANCEL,BID,100.71,,outside spread bid=100.84 ask=100.93
23:26:23,2018-08-16 09:32:39,CS2,FILLED,ASK,100.89,,order no longer in waiting list
23:26:24,2018-08-16 09:32:39,CS2,SUBMIT,BUY,100.85,3,bid+1tick=100.85 spread=0.0900 pos=-3L
23:26:25,2018-08-16 09:32:39,CS2,SUBMIT,SELL,100.92,3,ask-1tick=100.92 spread=0.0900 pos=-3L
23:26:25,2018-08-16 09:32:39,CS2,STATUS,,,,bid=100.85(REST) ask=100.92(REST) spread=0.0900 pos=-3L
23:26:25,2018-08-16 09:32:39,CS3,CANCEL,BID,100.25,,outside spread bid=100.25 ask=100.28
23:26:25,2018-08-16 09:32:39,CS3,FILLED,ASK,100.27,,order no longer in waiting list
23:26:25,2018-08-16 09:32:39,CS3,SPREAD_TIGHT,,,,spread=0.0300 < 0.04 — waiting
23:26:25,2018-08-16 09:32:46,CS1,FILLED,BID,99.54,,order no longer in waiting list
23:26:25,2018-08-16 09:32:46,CS1,CANCEL,ASK,99.58,,outside spread bid=99.5 ask=99.58
23:26:26,2018-08-16 09:32:46,CS1,SUBMIT,BUY,99.51,3,bid+1tick=99.51 spread=0.0800 pos=+9L
23:26:27,2018-08-16 09:32:46,CS1,SUBMIT,SELL,99.57,3,ask-1tick=99.57 spread=0.0800 pos=+9L
23:26:27,2018-08-16 09:32:46,CS1,STATUS,,,,bid=99.51(REST) ask=99.57(REST) spread=0.0800 pos=+9L
23:26:27,2018-08-16 09:32:46,CS2,CANCEL,BID,100.85,,outside spread bid=100.87 ask=100.88
23:26:27,2018-08-16 09:32:46,CS2,CANCEL,ASK,100.92,,outside spread bid=100.87 ask=100.88
23:26:27,2018-08-16 09:32:46,CS2,SPREAD_TIGHT,,,,spread=0.0100 < 0.04 — waiting
23:26:27,2018-08-16 09:32:46,CS3,SPREAD_TIGHT,,,,spread=0.0100 < 0.04 — waiting
23:26:27,2018-08-16 09:32:49,CS1,CANCEL,BID,99.51,,outside spread bid=99.51 ask=99.53
23:26:27,2018-08-16 09:32:49,CS1,CANCEL,ASK,99.57,,outside spread bid=99.51 ask=99.53
23:26:27,2018-08-16 09:32:49,CS1,SPREAD_TIGHT,,,,spread=0.0200 < 0.04 — waiting
23:26:29,2018-08-16 09:32:49,CS2,SPREAD_TIGHT,,,,spread=0.0100 < 0.04 — waiting
23:26:29,2018-08-16 09:32:49,CS3,SPREAD_TIGHT,,,,spread=0.0100 < 0.04 — waiting
23:26:29,2018-08-16 09:32:49,CS1,SPREAD_TIGHT,,,,spread=0.0300 < 0.04 — waiting
23:26:31,2018-08-16 09:32:53,CS2,SPREAD_TIGHT,,,,spread=0.0100 < 0.04 — waiting
23:26:32,2018-08-16 09:32:53,CS3,SUBMIT,BUY,100.17,3,bid+1tick=100.17 spread=0.1000 pos=+0L
23:26:33,2018-08-16 09:32:53,CS3,SUBMIT,SELL,100.25,3,ask-1tick=100.25 spread=0.1000 pos=+0L
23:26:33,2018-08-16 09:32:53,CS3,STATUS,,,,bid=100.17(REST) ask=100.25(REST) spread=0.1000 pos=+0L
23:26:33,2018-08-16 09:32:55,CS1,SPREAD_TIGHT,,,,spread=0.0200 < 0.04 — waiting
23:26:34,2018-08-16 09:32:55,CS2,SUBMIT,BUY,100.88,3,bid+1tick=100.88 spread=0.0800 pos=-3L
23:26:35,2018-08-16 09:32:55,CS2,SUBMIT,SELL,100.94,3,ask-1tick=100.94 spread=0.0800 pos=-3L
23:26:35,2018-08-16 09:32:55,CS2,STATUS,,,,bid=100.88(REST) ask=100.94(REST) spread=0.0800 pos=-3L
23:26:35,2018-08-16 09:32:55,CS3,CANCEL,BID,100.17,,outside spread bid=100.28 ask=100.3
23:26:35,2018-08-16 09:32:55,CS3,FILLED,ASK,100.25,,order no longer in waiting list
23:26:35,2018-08-16 09:32:55,CS3,SPREAD_TIGHT,,,,spread=0.0200 < 0.04 — waiting
23:26:35,2018-08-16 09:32:57,CS1,SPREAD_TIGHT,,,,spread=0.0300 < 0.04 — waiting
23:26:35,2018-08-16 09:32:57,CS2,CANCEL,BID,100.88,,outside spread bid=100.98 ask=101.01
23:26:35,2018-08-16 09:32:57,CS2,FILLED,ASK,100.94,,order no longer in waiting list
23:26:35,2018-08-16 09:32:57,CS2,SPREAD_TIGHT,,,,spread=0.0300 < 0.04 — waiting
23:26:37,2018-08-16 09:32:59,CS3,SPREAD_TIGHT,,,,spread=0.0100 < 0.04 — waiting
23:26:38,2018-08-16 09:33:00,CS1,SPREAD_TIGHT,,,,spread=0.0200 < 0.04 — waiting
23:26:38,2018-08-16 09:33:00,CS2,SPREAD_TIGHT,,,,spread=0.0200 < 0.04 — waiting
23:26:39,2018-08-16 09:33:00,CS3,SPREAD_TIGHT,,,,spread=0.0200 < 0.04 — waiting
23:26:40,2018-08-16 09:33:02,CS1,SPREAD_TIGHT,,,,spread=0.0200 < 0.04 — waiting
23:26:40,2018-08-16 09:33:02,CS2,SPREAD_TIGHT,,,,spread=0.0200 < 0.04 — waiting
23:26:42,2018-08-16 09:33:04,CS3,SUBMIT,BUY,100.28,3,bid+1tick=100.28 spread=0.0600 pos=-3L
23:26:43,2018-08-16 09:33:04,CS3,SUBMIT,SELL,100.32,3,ask-1tick=100.32 spread=0.0600 pos=-3L
23:26:43,2018-08-16 09:33:04,CS3,STATUS,,,,bid=100.28(REST) ask=100.32(REST) spread=0.0600 pos=-3L
23:26:45,2018-08-16 09:33:05,CS1,SUBMIT,BUY,99.29,3,bid+1tick=99.29 spread=0.0900 pos=+9L
23:26:46,2018-08-16 09:33:05,CS1,SUBMIT,SELL,99.36,3,ask-1tick=99.36 spread=0.0900 pos=+9L
23:26:46,2018-08-16 09:33:05,CS1,STATUS,,,,bid=99.29(REST) ask=99.36(REST) spread=0.0900 pos=+9L
23:26:46,2018-08-16 09:33:05,CS2,SPREAD_TIGHT,,,,spread=0.0200 < 0.04 — waiting
23:26:46,2018-08-16 09:33:05,CS3,CANCEL,BID,100.28,,outside spread bid=100.28 ask=100.32
23:26:46,2018-08-16 09:33:05,CS3,CANCEL,ASK,100.32,,outside spread bid=100.28 ask=100.32
23:26:46,2018-08-16 09:33:05,CS3,SPREAD_TIGHT,,,,spread=0.0400 < 0.04 — waiting
23:26:46,2018-08-16 09:33:08,CS1,CANCEL,BID,99.29,,outside spread bid=99.29 ask=99.36
23:26:46,2018-08-16 09:33:08,CS1,CANCEL,ASK,99.36,,outside spread bid=99.29 ask=99.36
23:26:47,2018-08-16 09:33:08,CS1,SUBMIT,BUY,99.3,3,bid+1tick=99.3 spread=0.0700 pos=+9L
23:26:48,2018-08-16 09:33:08,CS1,SUBMIT,SELL,99.35,3,ask-1tick=99.35 spread=0.0700 pos=+9L
23:26:48,2018-08-16 09:33:08,CS1,STATUS,,,,bid=99.3(REST) ask=99.35(REST) spread=0.0700 pos=+9L
23:26:49,2018-08-16 09:33:08,CS2,SUBMIT,BUY,100.85,3,bid+1tick=100.85 spread=0.0500 pos=-6L
23:26:50,2018-08-16 09:33:08,CS2,SUBMIT,SELL,100.88,3,ask-1tick=100.88 spread=0.0500 pos=-6L
23:26:50,2018-08-16 09:33:08,CS2,STATUS,,,,bid=100.85(REST) ask=100.88(REST) spread=0.0500 pos=-6L
23:26:51,2018-08-16 09:33:08,CS3,SUBMIT,BUY,100.25,3,bid+1tick=100.25 spread=0.0900 pos=-3L
23:26:52,2018-08-16 09:33:08,CS3,SUBMIT,SELL,100.32,3,ask-1tick=100.32 spread=0.0900 pos=-3L
23:26:52,2018-08-16 09:33:08,CS3,STATUS,,,,bid=100.25(REST) ask=100.32(REST) spread=0.0900 pos=-3L
23:26:52,2018-08-16 09:33:15,CS1,FILLED,BID,99.3,,order no longer in waiting list
23:26:52,2018-08-16 09:33:15,CS1,CANCEL,ASK,99.35,,outside spread bid=99.34 ask=99.35
23:26:52,2018-08-16 09:33:15,CS1,SPREAD_TIGHT,,,,spread=0.0100 < 0.04 — waiting
23:26:52,2018-08-16 09:33:15,CS2,FILLED,BID,100.85,,order no longer in waiting list
23:26:52,2018-08-16 09:33:15,CS2,CANCEL,ASK,100.88,,outside spread bid=100.81 ask=100.87
23:26:53,2018-08-16 09:33:15,CS2,SUBMIT,BUY,100.82,3,bid+1tick=100.82 spread=0.0600 pos=-3L
23:26:54,2018-08-16 09:33:15,CS2,SUBMIT,SELL,100.86,3,ask-1tick=100.86 spread=0.0600 pos=-3L
23:26:54,2018-08-16 09:33:15,CS2,STATUS,,,,bid=100.82(REST) ask=100.86(REST) spread=0.0600 pos=-3L
23:26:54,2018-08-16 09:33:15,CS3,CANCEL,BID,100.25,,outside spread bid=100.26 ask=100.32
23:26:54,2018-08-16 09:33:15,CS3,CANCEL,ASK,100.32,,outside spread bid=100.26 ask=100.32
23:26:55,2018-08-16 09:33:15,CS3,SUBMIT,BUY,100.27,3,bid+1tick=100.27 spread=0.0600 pos=-3L
23:26:56,2018-08-16 09:33:15,CS3,SUBMIT,SELL,100.31,3,ask-1tick=100.31 spread=0.0600 pos=-3L
23:26:56,2018-08-16 09:33:15,CS3,STATUS,,,,bid=100.27(REST) ask=100.31(REST) spread=0.0600 pos=-3L
23:26:57,2018-08-16 09:33:16,CS1,SUBMIT,BUY,99.33,3,bid+1tick=99.33 spread=0.0500 pos=+12L
23:26:58,2018-08-16 09:33:16,CS1,SUBMIT,SELL,99.36,3,ask-1tick=99.36 spread=0.0500 pos=+12L
23:26:58,2018-08-16 09:33:16,CS1,STATUS,,,,bid=99.33(REST) ask=99.36(REST) spread=0.0500 pos=+12L
23:26:58,2018-08-16 09:33:16,CS2,CANCEL,BID,100.82,,outside spread bid=100.82 ask=100.85
23:26:58,2018-08-16 09:33:16,CS2,CANCEL,ASK,100.86,,outside spread bid=100.82 ask=100.85
23:26:58,2018-08-16 09:33:16,CS2,SPREAD_TIGHT,,,,spread=0.0300 < 0.04 — waiting
23:26:58,2018-08-16 09:33:16,CS3,CANCEL,BID,100.27,,outside spread bid=100.27 ask=100.31
23:26:58,2018-08-16 09:33:16,CS3,CANCEL,ASK,100.31,,outside spread bid=100.27 ask=100.31
23:26:59,2018-08-16 09:33:16,CS3,SUBMIT,BUY,100.28,3,bid+1tick=100.28 spread=0.0400 pos=-3L
23:27:00,2018-08-16 09:33:16,CS3,SUBMIT,SELL,100.3,3,ask-1tick=100.3 spread=0.0400 pos=-3L
23:27:00,2018-08-16 09:33:16,CS3,STATUS,,,,bid=100.28(REST) ask=100.3(REST) spread=0.0400 pos=-3L
23:27:01,2018-08-16 09:33:22,CS1,CANCEL,BID,99.33,,outside spread bid=99.33 ask=99.36
23:27:01,2018-08-16 09:33:22,CS1,CANCEL,ASK,99.36,,outside spread bid=99.33 ask=99.36
23:27:01,2018-08-16 09:33:22,CS1,SPREAD_TIGHT,,,,spread=0.0300 < 0.04 — waiting
23:27:02,2018-08-16 09:33:22,CS2,SUBMIT,BUY,100.78,3,bid+1tick=100.78 spread=0.0800 pos=-3L
23:27:03,2018-08-16 09:33:22,CS2,SUBMIT,SELL,100.84,3,ask-1tick=100.84 spread=0.0800 pos=-3L
23:27:03,2018-08-16 09:33:22,CS2,STATUS,,,,bid=100.78(REST) ask=100.84(REST) spread=0.0800 pos=-3L
23:27:03,2018-08-16 09:33:22,CS3,CANCEL,BID,100.28,,outside spread bid=100.28 ask=100.33
23:27:03,2018-08-16 09:33:22,CS3,FILLED,ASK,100.3,,order no longer in waiting list
23:27:04,2018-08-16 09:33:22,CS3,SUBMIT,BUY,100.29,3,bid+1tick=100.29 spread=0.0500 pos=-6L
23:27:05,2018-08-16 09:33:22,CS3,SUBMIT,SELL,100.32,3,ask-1tick=100.32 spread=0.0500 pos=-6L
23:27:05,2018-08-16 09:33:22,CS3,STATUS,,,,bid=100.29(REST) ask=100.32(REST) spread=0.0500 pos=-6L
23:27:06,2018-08-16 09:33:26,CS1,SUBMIT,BUY,99.33,3,bid+1tick=99.33 spread=0.0500 pos=+12L
23:27:07,2018-08-16 09:33:26,CS1,SUBMIT,SELL,99.36,3,ask-1tick=99.36 spread=0.0500 pos=+12L
23:27:07,2018-08-16 09:33:26,CS1,STATUS,,,,bid=99.33(REST) ask=99.36(REST) spread=0.0500 pos=+12L
23:27:07,2018-08-16 09:33:26,CS2,FILLED,BID,100.78,,order no longer in waiting list
23:27:07,2018-08-16 09:33:26,CS2,FILLED,ASK,100.84,,order no longer in waiting list
23:27:07,2018-08-16 09:33:26,CS2,SPREAD_TIGHT,,,,spread=0.0200 < 0.04 — waiting
23:27:07,2018-08-16 09:33:26,CS3,FILLED,BID,100.29,,order no longer in waiting list
23:27:07,2018-08-16 09:33:26,CS3,CANCEL,ASK,100.32,,outside spread bid=100.23 ask=100.26
23:27:07,2018-08-16 09:33:26,CS3,SPREAD_TIGHT,,,,spread=0.0300 < 0.04 — waiting
23:27:07,2018-08-16 09:33:29,CS1,CANCEL,BID,99.33,,outside spread bid=99.35 ask=99.36
23:27:07,2018-08-16 09:33:29,CS1,CANCEL,ASK,99.36,,outside spread bid=99.35 ask=99.36
23:27:07,2018-08-16 09:33:29,CS1,SPREAD_TIGHT,,,,spread=0.0100 < 0.04 — waiting
23:27:09,2018-08-16 09:33:30,CS2,SPREAD_TIGHT,,,,spread=0.0400 < 0.04 — waiting
23:27:09,2018-08-16 09:33:30,CS3,SPREAD_TIGHT,,,,spread=0.0100 < 0.04 — waiting
23:27:09,2018-08-16 09:33:30,CS1,SPREAD_TIGHT,,,,spread=0.0200 < 0.04 — waiting
23:27:12,2018-08-16 09:33:33,CS2,SUBMIT,BUY,100.53,3,bid+1tick=100.53 spread=0.1200 pos=-3L
23:27:13,2018-08-16 09:33:33,CS2,SUBMIT,SELL,100.63,3,ask-1tick=100.63 spread=0.1200 pos=-3L
23:27:13,2018-08-16 09:33:33,CS2,STATUS,,,,bid=100.53(REST) ask=100.63(REST) spread=0.1200 pos=-3L
23:27:14,2018-08-16 09:33:33,CS3,SUBMIT,BUY,100.21,3,bid+1tick=100.21 spread=0.1100 pos=-3L
23:27:15,2018-08-16 09:33:33,CS3,SUBMIT,SELL,100.3,3,ask-1tick=100.3 spread=0.1100 pos=-3L
23:27:15,2018-08-16 09:33:33,CS3,STATUS,,,,bid=100.21(REST) ask=100.3(REST) spread=0.1100 pos=-3L
23:27:15,2018-08-16 09:33:36,CS1,SPREAD_TIGHT,,,,spread=0.0300 < 0.04 — waiting
23:27:15,2018-08-16 09:33:36,CS2,CANCEL,BID,100.53,,outside spread bid=100.53 ask=100.63
23:27:15,2018-08-16 09:33:36,CS2,CANCEL,ASK,100.63,,outside spread bid=100.53 ask=100.63
23:27:16,2018-08-16 09:33:36,CS2,SUBMIT,BUY,100.54,3,bid+1tick=100.54 spread=0.1000 pos=-3L
23:27:17,2018-08-16 09:33:36,CS2,SUBMIT,SELL,100.62,3,ask-1tick=100.62 spread=0.1000 pos=-3L
23:27:17,2018-08-16 09:33:36,CS2,STATUS,,,,bid=100.54(REST) ask=100.62(REST) spread=0.1000 pos=-3L
23:27:17,2018-08-16 09:33:36,CS3,CANCEL,BID,100.21,,outside spread bid=100.29 ask=100.32
23:27:17,2018-08-16 09:33:36,CS3,FILLED,ASK,100.3,,order no longer in waiting list
23:27:17,2018-08-16 09:33:36,CS3,SPREAD_TIGHT,,,,spread=0.0300 < 0.04 — waiting
23:27:17,2018-08-16 09:33:39,CS1,SPREAD_TIGHT,,,,spread=0.0200 < 0.04 — waiting
23:27:17,2018-08-16 09:33:39,CS2,CANCEL,BID,100.54,,outside spread bid=100.57 ask=100.62
23:27:17,2018-08-16 09:33:39,CS2,CANCEL,ASK,100.62,,outside spread bid=100.57 ask=100.62
23:27:18,2018-08-16 09:33:39,CS2,SUBMIT,BUY,100.58,3,bid+1tick=100.58 spread=0.0500 pos=-3L
23:27:19,2018-08-16 09:33:39,CS2,SUBMIT,SELL,100.61,3,ask-1tick=100.61 spread=0.0500 pos=-3L
23:27:19,2018-08-16 09:33:39,CS2,STATUS,,,,bid=100.58(REST) ask=100.61(REST) spread=0.0500 pos=-3L
23:27:19,2018-08-16 09:33:39,CS3,SPREAD_TIGHT,,,,spread=0.0300 < 0.04 — waiting
23:27:20,2018-08-16 09:33:39,CS1,SPREAD_TIGHT,,,,spread=0.0200 < 0.04 — waiting
23:27:20,2018-08-16 09:33:39,CS2,CANCEL,BID,100.58,,outside spread bid=100.58 ask=100.61
23:27:20,2018-08-16 09:33:39,CS2,CANCEL,ASK,100.61,,outside spread bid=100.58 ask=100.61
23:27:20,2018-08-16 09:33:39,CS2,SPREAD_TIGHT,,,,spread=0.0300 < 0.04 — waiting
23:27:21,2018-08-16 09:33:44,CS3,SPREAD_TIGHT,,,,spread=0.0300 < 0.04 — waiting
23:27:22,2018-08-16 09:33:44,CS1,SPREAD_TIGHT,,,,spread=0.0200 < 0.04 — waiting
23:27:23,2018-08-16 09:33:44,CS2,SUBMIT,BUY,100.56,3,bid+1tick=100.56 spread=0.0400 pos=-3L
23:27:24,2018-08-16 09:33:44,CS2,SUBMIT,SELL,100.58,3,ask-1tick=100.58 spread=0.0400 pos=-3L
23:27:24,2018-08-16 09:33:44,CS2,STATUS,,,,bid=100.56(REST) ask=100.58(REST) spread=0.0400 pos=-3L
23:27:25,2018-08-16 09:33:44,CS3,SUBMIT,BUY,100.21,3,bid+1tick=100.21 spread=0.1300 pos=-6L
23:27:26,2018-08-16 09:33:44,CS3,SUBMIT,SELL,100.32,3,ask-1tick=100.32 spread=0.1300 pos=-6L
23:27:26,2018-08-16 09:33:44,CS3,STATUS,,,,bid=100.21(REST) ask=100.32(REST) spread=0.1300 pos=-6L
23:27:26,2018-08-16 09:33:48,CS1,SPREAD_TIGHT,,,,spread=0.0300 < 0.04 — waiting
23:27:26,2018-08-16 09:33:48,CS2,CANCEL,BID,100.56,,outside spread bid=100.56 ask=100.57
23:27:26,2018-08-16 09:33:48,CS2,CANCEL,ASK,100.58,,outside spread bid=100.56 ask=100.57
23:27:26,2018-08-16 09:33:48,CS2,SPREAD_TIGHT,,,,spread=0.0100 < 0.04 — waiting
23:27:26,2018-08-16 09:33:48,CS3,CANCEL,BID,100.21,,outside spread bid=100.3 ask=100.33
23:27:26,2018-08-16 09:33:48,CS3,SPREAD_TIGHT,,,,spread=0.0300 < 0.04 — waiting
23:27:28,2018-08-16 09:33:50,CS1,SPREAD_TIGHT,,,,spread=0.0200 < 0.04 — waiting
23:27:28,2018-08-16 09:33:50,CS2,SPREAD_TIGHT,,,,spread=0.0200 < 0.04 — waiting
23:27:28,2018-08-16 09:33:50,CS3,FILLED,ASK,100.32,,order no longer in waiting list
23:27:28,2018-08-16 09:33:50,CS3,SPREAD_TIGHT,,,,spread=0.0100 < 0.04 — waiting
23:27:30,2018-08-16 09:33:52,CS1,SPREAD_TIGHT,,,,spread=0.0100 < 0.04 — waiting
23:27:31,2018-08-16 09:33:52,CS2,SUBMIT,BUY,100.56,3,bid+1tick=100.56 spread=0.0400 pos=-3L
23:27:32,2018-08-16 09:33:52,CS2,SUBMIT,SELL,100.58,3,ask-1tick=100.58 spread=0.0400 pos=-3L
23:27:32,2018-08-16 09:33:52,CS2,STATUS,,,,bid=100.56(REST) ask=100.58(REST) spread=0.0400 pos=-3L
23:27:32,2018-08-16 09:33:52,CS3,SPREAD_TIGHT,,,,spread=0.0200 < 0.04 — waiting
23:27:32,2018-08-16 09:33:54,CS1,SPREAD_TIGHT,,,,spread=0.0100 < 0.04 — waiting
23:27:32,2018-08-16 09:33:54,CS2,CANCEL,BID,100.56,,outside spread bid=100.56 ask=100.59
23:27:32,2018-08-16 09:33:54,CS2,FILLED,ASK,100.58,,order no longer in waiting list
23:27:32,2018-08-16 09:33:54,CS2,SPREAD_TIGHT,,,,spread=0.0300 < 0.04 — waiting
23:27:34,2018-08-16 09:33:55,CS3,SPREAD_TIGHT,,,,spread=0.0200 < 0.04 — waiting
23:27:34,2018-08-16 09:33:55,CS1,SPREAD_TIGHT,,,,spread=0.0200 < 0.04 — waiting
23:27:34,2018-08-16 09:33:55,CS2,SPREAD_TIGHT,,,,spread=0.0300 < 0.04 — waiting
23:27:36,2018-08-16 09:33:58,CS3,SPREAD_TIGHT,,,,spread=0.0200 < 0.04 — waiting
23:27:37,2018-08-16 09:33:58,CS1,SUBMIT,BUY,99.2,3,bid+1tick=99.2 spread=0.0700 pos=+12L
23:27:38,2018-08-16 09:33:58,CS1,SUBMIT,SELL,99.25,3,ask-1tick=99.25 spread=0.0700 pos=+12L
23:27:38,2018-08-16 09:33:58,CS1,STATUS,,,,bid=99.2(REST) ask=99.25(REST) spread=0.0700 pos=+12L
23:27:38,2018-08-16 09:33:58,CS2,SPREAD_TIGHT,,,,spread=0.0300 < 0.04 — waiting
23:27:38,2018-08-16 09:33:58,CS3,SPREAD_TIGHT,,,,spread=0.0200 < 0.04 — waiting
23:27:38,2018-08-16 09:33:59,CS1,CANCEL,BID,99.2,,outside spread bid=99.24 ask=99.25
23:27:38,2018-08-16 09:33:59,CS1,CANCEL,ASK,99.25,,outside spread bid=99.24 ask=99.25
23:27:38,2018-08-16 09:33:59,CS1,SPREAD_TIGHT,,,,spread=0.0100 < 0.04 — waiting
23:27:40,2018-08-16 09:34:03,CS2,SPREAD_TIGHT,,,,spread=0.0100 < 0.04 — waiting
23:27:41,2018-08-16 09:34:03,CS3,SUBMIT,BUY,100.31,3,bid+1tick=100.31 spread=0.0800 pos=-9L
23:27:42,2018-08-16 09:34:03,CS3,SUBMIT,SELL,100.37,3,ask-1tick=100.37 spread=0.0800 pos=-9L
23:27:42,2018-08-16 09:34:03,CS3,STATUS,,,,bid=100.31(REST) ask=100.37(REST) spread=0.0800 pos=-9L
23:27:44,2018-08-16 09:34:05,CS1,SUBMIT,BUY,99.2,3,bid+1tick=99.2 spread=0.0900 pos=+12L
23:27:45,2018-08-16 09:34:05,CS1,SUBMIT,SELL,99.27,3,ask-1tick=99.27 spread=0.0900 pos=+12L
23:27:45,2018-08-16 09:34:05,CS1,STATUS,,,,bid=99.2(REST) ask=99.27(REST) spread=0.0900 pos=+12L
23:27:45,2018-08-16 09:34:05,CS2,SPREAD_TIGHT,,,,spread=0.0200 < 0.04 — waiting
23:27:45,2018-08-16 09:34:05,CS3,FILLED,BID,100.31,,order no longer in waiting list
23:27:45,2018-08-16 09:34:05,CS3,CANCEL,ASK,100.37,,outside spread bid=100.24 ask=100.25
23:27:45,2018-08-16 09:34:05,CS3,SPREAD_TIGHT,,,,spread=0.0100 < 0.04 — waiting
23:27:45,2018-08-16 09:34:07,CS1,CANCEL,BID,99.2,,outside spread bid=99.2 ask=99.27
23:27:45,2018-08-16 09:34:07,CS1,CANCEL,ASK,99.27,,outside spread bid=99.2 ask=99.27
23:27:46,2018-08-16 09:34:07,CS1,SUBMIT,BUY,99.21,3,bid+1tick=99.21 spread=0.0700 pos=+12L
23:27:47,2018-08-16 09:34:07,CS1,SUBMIT,SELL,99.26,3,ask-1tick=99.26 spread=0.0700 pos=+12L
23:27:47,2018-08-16 09:34:07,CS1,STATUS,,,,bid=99.21(REST) ask=99.26(REST) spread=0.0700 pos=+12L
23:27:47,2018-08-16 09:34:07,CS2,SPREAD_TIGHT,,,,spread=0.0200 < 0.04 — waiting
23:27:48,2018-08-16 09:34:07,CS3,SUBMIT,BUY,100.25,3,bid+1tick=100.25 spread=0.1800 pos=-6L
23:27:49,2018-08-16 09:34:07,CS3,SUBMIT,SELL,100.41,3,ask-1tick=100.41 spread=0.1800 pos=-6L
23:27:49,2018-08-16 09:34:07,CS3,STATUS,,,,bid=100.25(REST) ask=100.41(REST) spread=0.1800 pos=-6L
23:27:49,2018-08-16 09:34:11,CS1,FILLED,BID,99.21,,order no longer in waiting list
23:27:49,2018-08-16 09:34:11,CS1,CANCEL,ASK,99.26,,outside spread bid=99.19 ask=99.21
23:27:49,2018-08-16 09:34:11,CS1,SPREAD_TIGHT,,,,spread=0.0200 < 0.04 — waiting
23:27:50,2018-08-16 09:34:11,CS2,SUBMIT,BUY,100.59,3,bid+1tick=100.59 spread=0.0600 pos=-6L
23:27:51,2018-08-16 09:34:11,CS2,SUBMIT,SELL,100.63,3,ask-1tick=100.63 spread=0.0600 pos=-6L
23:27:51,2018-08-16 09:34:11,CS2,STATUS,,,,bid=100.59(REST) ask=100.63(REST) spread=0.0600 pos=-6L
23:27:51,2018-08-16 09:34:11,CS3,CANCEL,BID,100.25,,outside spread bid=100.25 ask=100.4
23:27:51,2018-08-16 09:34:11,CS3,CANCEL,ASK,100.41,,outside spread bid=100.25 ask=100.4
23:27:52,2018-08-16 09:34:11,CS3,SUBMIT,BUY,100.26,3,bid+1tick=100.26 spread=0.1500 pos=-6L
23:27:53,2018-08-16 09:34:11,CS3,SUBMIT,SELL,100.39,3,ask-1tick=100.39 spread=0.1500 pos=-6L
23:27:53,2018-08-16 09:34:11,CS3,STATUS,,,,bid=100.26(REST) ask=100.39(REST) spread=0.1500 pos=-6L
23:27:53,2018-08-16 09:34:15,CS1,SPREAD_TIGHT,,,,spread=0.0100 < 0.04 — waiting
23:27:53,2018-08-16 09:34:15,CS2,CANCEL,BID,100.59,,outside spread bid=100.59 ask=100.61
23:27:53,2018-08-16 09:34:15,CS2,FILLED,ASK,100.63,,order no longer in waiting list
23:27:53,2018-08-16 09:34:15,CS2,SPREAD_TIGHT,,,,spread=0.0200 < 0.04 — waiting
23:27:53,2018-08-16 09:34:15,CS3,CANCEL,BID,100.26,,outside spread bid=100.26 ask=100.37
23:27:53,2018-08-16 09:34:15,CS3,CANCEL,ASK,100.39,,outside spread bid=100.26 ask=100.37
23:27:54,2018-08-16 09:34:15,CS3,SUBMIT,BUY,100.27,3,bid+1tick=100.27 spread=0.1100 pos=-6L
23:27:55,2018-08-16 09:34:15,CS3,SUBMIT,SELL,100.36,3,ask-1tick=100.36 spread=0.1100 pos=-6L
23:27:55,2018-08-16 09:34:15,CS3,STATUS,,,,bid=100.27(REST) ask=100.36(REST) spread=0.1100 pos=-6L
23:27:55,2018-08-16 09:34:17,CS1,SPREAD_TIGHT,,,,spread=0.0100 < 0.04 — waiting
23:27:55,2018-08-16 09:34:17,CS2,SPREAD_TIGHT,,,,spread=0.0200 < 0.04 — waiting
23:27:55,2018-08-16 09:34:17,CS3,CANCEL,BID,100.27,,outside spread bid=100.27 ask=100.36
23:27:55,2018-08-16 09:34:17,CS3,CANCEL,ASK,100.36,,outside spread bid=100.27 ask=100.36
23:27:56,2018-08-16 09:34:17,CS3,SUBMIT,BUY,100.28,3,bid+1tick=100.28 spread=0.0900 pos=-6L
23:27:57,2018-08-16 09:34:17,CS3,SUBMIT,SELL,100.35,3,ask-1tick=100.35 spread=0.0900 pos=-6L
23:27:57,2018-08-16 09:34:17,CS3,STATUS,,,,bid=100.28(REST) ask=100.35(REST) spread=0.0900 pos=-6L
23:27:59,2018-08-16 09:34:19,CS1,SUBMIT,BUY,99.17,3,bid+1tick=99.17 spread=0.0500 pos=+15L
23:28:00,2018-08-16 09:34:19,CS1,SUBMIT,SELL,99.2,3,ask-1tick=99.2 spread=0.0500 pos=+15L
23:28:00,2018-08-16 09:34:19,CS1,STATUS,,,,bid=99.17(REST) ask=99.2(REST) spread=0.0500 pos=+15L
23:28:01,2018-08-16 09:34:19,CS2,SUBMIT,BUY,100.59,3,bid+1tick=100.59 spread=0.0700 pos=-9L
23:28:02,2018-08-16 09:34:19,CS2,SUBMIT,SELL,100.64,3,ask-1tick=100.64 spread=0.0700 pos=-9L
23:28:02,2018-08-16 09:34:19,CS2,STATUS,,,,bid=100.59(REST) ask=100.64(REST) spread=0.0700 pos=-9L
23:28:02,2018-08-16 09:34:19,CS3,CANCEL,BID,100.28,,outside spread bid=100.28 ask=100.32
23:28:02,2018-08-16 09:34:19,CS3,CANCEL,ASK,100.35,,outside spread bid=100.28 ask=100.32
23:28:02,2018-08-16 09:34:19,CS3,SPREAD_TIGHT,,,,spread=0.0400 < 0.04 — waiting
23:28:02,2018-08-16 09:34:24,CS1,CANCEL,BID,99.17,,outside spread bid=99.18 ask=99.21
23:28:02,2018-08-16 09:34:24,CS1,FILLED,ASK,99.2,,order no longer in waiting list
23:28:02,2018-08-16 09:34:24,CS1,SPREAD_TIGHT,,,,spread=0.0300 < 0.04 — waiting
23:28:02,2018-08-16 09:34:24,CS2,CANCEL,BID,100.59,,outside spread bid=100.59 ask=100.6
23:28:02,2018-08-16 09:34:24,CS2,CANCEL,ASK,100.64,,outside spread bid=100.59 ask=100.6
23:28:02,2018-08-16 09:34:24,CS2,SPREAD_TIGHT,,,,spread=0.0100 < 0.04 — waiting
23:28:05,2018-08-16 09:34:26,CS3,SUBMIT,BUY,100.26,3,bid+1tick=100.26 spread=0.0700 pos=-6L
23:28:06,2018-08-16 09:34:26,CS3,SUBMIT,SELL,100.31,3,ask-1tick=100.31 spread=0.0700 pos=-6L
23:28:06,2018-08-16 09:34:26,CS3,STATUS,,,,bid=100.26(REST) ask=100.31(REST) spread=0.0700 pos=-6L
23:28:06,2018-08-16 09:34:28,CS1,SPREAD_TIGHT,,,,spread=0.0300 < 0.04 — waiting
23:28:06,2018-08-16 09:34:28,CS2,SPREAD_TIGHT,,,,spread=0.0100 < 0.04 — waiting
23:28:06,2018-08-16 09:34:28,CS3,FILLED,BID,100.26,,order no longer in waiting list
23:28:06,2018-08-16 09:34:28,CS3,CANCEL,ASK,100.31,,outside spread bid=100.25 ask=100.28
23:28:06,2018-08-16 09:34:28,CS3,SPREAD_TIGHT,,,,spread=0.0300 < 0.04 — waiting
23:28:08,2018-08-16 09:34:30,CS1,SPREAD_TIGHT,,,,spread=0.0300 < 0.04 — waiting
23:28:09,2018-08-16 09:34:30,CS2,SUBMIT,BUY,100.59,3,bid+1tick=100.59 spread=0.0700 pos=-9L
23:28:10,2018-08-16 09:34:30,CS2,SUBMIT,SELL,100.64,3,ask-1tick=100.64 spread=0.0700 pos=-9L
23:28:10,2018-08-16 09:34:30,CS2,STATUS,,,,bid=100.59(REST) ask=100.64(REST) spread=0.0700 pos=-9L
23:28:10,2018-08-16 09:34:30,CS3,SPREAD_TIGHT,,,,spread=0.0300 < 0.04 — waiting
23:28:10,2018-08-16 09:34:32,CS1,SPREAD_TIGHT,,,,spread=0.0300 < 0.04 — waiting
23:28:10,2018-08-16 09:34:32,CS2,CANCEL,BID,100.59,,outside spread bid=100.59 ask=100.6
23:28:10,2018-08-16 09:34:32,CS2,CANCEL,ASK,100.64,,outside spread bid=100.59 ask=100.6
23:28:10,2018-08-16 09:34:32,CS2,SPREAD_TIGHT,,,,spread=0.0100 < 0.04 — waiting
23:28:12,2018-08-16 09:34:34,CS3,SPREAD_TIGHT,,,,spread=0.0100 < 0.04 — waiting
23:28:12,2018-08-16 09:34:34,CS1,SPREAD_TIGHT,,,,spread=0.0100 < 0.04 — waiting
23:28:12,2018-08-16 09:34:34,CS2,SPREAD_TIGHT,,,,spread=0.0400 < 0.04 — waiting
23:28:14,2018-08-16 09:34:36,CS3,SPREAD_TIGHT,,,,spread=0.0100 < 0.04 — waiting
23:28:14,2018-08-16 09:34:37,CS1,SPREAD_TIGHT,,,,spread=0.0100 < 0.04 — waiting
23:28:15,2018-08-16 09:34:37,CS2,SUBMIT,BUY,100.57,3,bid+1tick=100.57 spread=0.0500 pos=-9L
23:28:16,2018-08-16 09:34:37,CS2,SUBMIT,SELL,100.6,3,ask-1tick=100.6 spread=0.0500 pos=-9L
23:28:16,2018-08-16 09:34:37,CS2,STATUS,,,,bid=100.57(REST) ask=100.6(REST) spread=0.0500 pos=-9L
23:28:17,2018-08-16 09:34:37,CS3,SUBMIT,BUY,100.37,3,bid+1tick=100.37 spread=0.0700 pos=-3L
23:28:18,2018-08-16 09:34:37,CS3,SUBMIT,SELL,100.42,3,ask-1tick=100.42 spread=0.0700 pos=-3L
23:28:18,2018-08-16 09:34:37,CS3,STATUS,,,,bid=100.37(REST) ask=100.42(REST) spread=0.0700 pos=-3L
23:28:19,2018-08-16 09:34:40,CS1,SPREAD_TIGHT,,,,spread=0.0300 < 0.04 — waiting
23:28:19,2018-08-16 09:34:40,CS2,CANCEL,BID,100.57,,outside spread bid=100.59 ask=100.61
23:28:19,2018-08-16 09:34:40,CS2,FILLED,ASK,100.6,,order no longer in waiting list
23:28:19,2018-08-16 09:34:40,CS2,SPREAD_TIGHT,,,,spread=0.0200 < 0.04 — waiting
23:28:19,2018-08-16 09:34:40,CS3,CANCEL,BID,100.37,,outside spread bid=100.37 ask=100.38
23:28:19,2018-08-16 09:34:40,CS3,CANCEL,ASK,100.42,,outside spread bid=100.37 ask=100.38
23:28:19,2018-08-16 09:34:40,CS3,SPREAD_TIGHT,,,,spread=0.0100 < 0.04 — waiting
23:28:21,2018-08-16 09:34:43,CS1,SPREAD_TIGHT,,,,spread=0.0300 < 0.04 — waiting
23:28:21,2018-08-16 09:34:43,CS2,SPREAD_TIGHT,,,,spread=0.0100 < 0.04 — waiting
23:28:22,2018-08-16 09:34:43,CS3,SUBMIT,BUY,100.37,3,bid+1tick=100.37 spread=0.0700 pos=-3L
23:28:23,2018-08-16 09:34:43,CS3,SUBMIT,SELL,100.42,3,ask-1tick=100.42 spread=0.0700 pos=-3L
23:28:23,2018-08-16 09:34:43,CS3,STATUS,,,,bid=100.37(REST) ask=100.42(REST) spread=0.0700 pos=-3L
23:28:23,2018-08-16 09:34:45,CS1,SPREAD_TIGHT,,,,spread=0.0100 < 0.04 — waiting
23:28:23,2018-08-16 09:34:45,CS2,SPREAD_TIGHT,,,,spread=0.0100 < 0.04 — waiting
23:28:23,2018-08-16 09:34:45,CS3,CANCEL,BID,100.37,,outside spread bid=100.39 ask=100.42
23:28:23,2018-08-16 09:34:45,CS3,CANCEL,ASK,100.42,,outside spread bid=100.39 ask=100.42
23:28:23,2018-08-16 09:34:45,CS3,SPREAD_TIGHT,,,,spread=0.0300 < 0.04 — waiting
23:28:25,2018-08-16 09:34:46,CS1,SPREAD_TIGHT,,,,spread=0.0100 < 0.04 — waiting
23:28:25,2018-08-16 09:34:46,CS2,SPREAD_TIGHT,,,,spread=0.0100 < 0.04 — waiting
23:28:25,2018-08-16 09:34:46,CS3,SPREAD_TIGHT,,,,spread=0.0300 < 0.04 — waiting
23:28:27,2018-08-16 09:34:49,CS1,SPREAD_TIGHT,,,,spread=0.0100 < 0.04 — waiting
23:28:27,2018-08-16 09:34:49,CS2,SPREAD_TIGHT,,,,spread=0.0400 < 0.04 — waiting
23:28:27,2018-08-16 09:34:49,CS3,SPREAD_TIGHT,,,,spread=0.0200 < 0.04 — waiting
23:28:29,2018-08-16 09:34:51,CS1,SPREAD_TIGHT,,,,spread=0.0100 < 0.04 — waiting
23:28:29,2018-08-16 09:34:51,CS2,SPREAD_TIGHT,,,,spread=0.0400 < 0.04 — waiting
23:28:29,2018-08-16 09:34:51,CS3,SPREAD_TIGHT,,,,spread=0.0200 < 0.04 — waiting
23:28:31,2018-08-16 09:34:53,CS1,SPREAD_TIGHT,,,,spread=0.0100 < 0.04 — waiting
23:28:31,2018-08-16 09:34:53,CS2,SPREAD_TIGHT,,,,spread=0.0400 < 0.04 — waiting
23:28:31,2018-08-16 09:34:53,CS3,SPREAD_TIGHT,,,,spread=0.0400 < 0.04 — waiting
23:28:33,2018-08-16 09:34:54,CS1,SPREAD_TIGHT,,,,spread=0.0200 < 0.04 — waiting
23:28:33,2018-08-16 09:34:54,CS2,SPREAD_TIGHT,,,,spread=0.0400 < 0.04 — waiting
23:28:33,2018-08-16 09:34:54,CS3,SPREAD_TIGHT,,,,spread=0.0400 < 0.04 — waiting
23:28:35,2018-08-16 09:34:57,CS1,SPREAD_TIGHT,,,,spread=0.0400 < 0.04 — waiting
23:28:35,2018-08-16 09:34:57,CS2,SPREAD_TIGHT,,,,spread=0.0400 < 0.04 — waiting
23:28:35,2018-08-16 09:34:57,CS3,SPREAD_TIGHT,,,,spread=0.0100 < 0.04 — waiting
23:28:37,2018-08-16 09:35:00,CS1,SPREAD_TIGHT,,,,spread=0.0300 < 0.04 — waiting
23:28:37,2018-08-16 09:35:00,CS2,SPREAD_TIGHT,,,,spread=0.0200 < 0.04 — waiting
23:28:37,2018-08-16 09:35:00,CS3,SPREAD_TIGHT,,,,spread=0.0100 < 0.04 — waiting
23:28:39,2018-08-16 09:35:01,CS1,SPREAD_TIGHT,,,,spread=0.0300 < 0.04 — waiting
23:28:39,2018-08-16 09:35:01,CS2,SPREAD_TIGHT,,,,spread=0.0200 < 0.04 — waiting
23:28:39,2018-08-16 09:35:01,CS3,SPREAD_TIGHT,,,,spread=0.0400 < 0.04 — waiting
23:28:42,2018-08-16 09:35:04,CS1,SUBMIT,BUY,99.16,3,bid+1tick=99.16 spread=0.0800 pos=+12L
23:28:43,2018-08-16 09:35:04,CS1,SUBMIT,SELL,99.22,3,ask-1tick=99.22 spread=0.0800 pos=+12L
23:28:43,2018-08-16 09:35:04,CS1,STATUS,,,,bid=99.16(REST) ask=99.22(REST) spread=0.0800 pos=+12L
23:28:43,2018-08-16 09:35:04,CS2,SPREAD_TIGHT,,,,spread=0.0100 < 0.04 — waiting
23:28:43,2018-08-16 09:35:04,CS3,SPREAD_TIGHT,,,,spread=0.0200 < 0.04 — waiting
23:28:43,2018-08-16 09:35:06,CS1,CANCEL,BID,99.16,,outside spread bid=99.16 ask=99.23
23:28:43,2018-08-16 09:35:06,CS1,FILLED,ASK,99.22,,order no longer in waiting list
23:28:44,2018-08-16 09:35:06,CS1,SUBMIT,BUY,99.17,3,bid+1tick=99.17 spread=0.0700 pos=+9L
23:28:46,2018-08-16 09:35:06,CS1,SUBMIT,SELL,99.22,3,ask-1tick=99.22 spread=0.0700 pos=+9L
23:28:46,2018-08-16 09:35:06,CS1,STATUS,,,,bid=99.17(REST) ask=99.22(REST) spread=0.0700 pos=+9L
23:28:46,2018-08-16 09:35:06,CS2,SPREAD_TIGHT,,,,spread=0.0100 < 0.04 — waiting
23:28:46,2018-08-16 09:35:06,CS3,SPREAD_TIGHT,,,,spread=0.0200 < 0.04 — waiting
23:28:46,2018-08-16 09:35:08,CS1,CANCEL,BID,99.17,,outside spread bid=99.17 ask=99.22
23:28:46,2018-08-16 09:35:08,CS1,CANCEL,ASK,99.22,,outside spread bid=99.17 ask=99.22
23:28:47,2018-08-16 09:35:08,CS1,SUBMIT,BUY,99.18,3,bid+1tick=99.18 spread=0.0500 pos=+9L
23:28:48,2018-08-16 09:35:08,CS1,SUBMIT,SELL,99.21,3,ask-1tick=99.21 spread=0.0500 pos=+9L
23:28:48,2018-08-16 09:35:08,CS1,STATUS,,,,bid=99.18(REST) ask=99.21(REST) spread=0.0500 pos=+9L
23:28:49,2018-08-16 09:35:08,CS2,SUBMIT,BUY,100.59,3,bid+1tick=100.59 spread=0.0400 pos=-12L
23:28:50,2018-08-16 09:35:08,CS2,SUBMIT,SELL,100.61,3,ask-1tick=100.61 spread=0.0400 pos=-12L
23:28:50,2018-08-16 09:35:08,CS2,STATUS,,,,bid=100.59(REST) ask=100.61(REST) spread=0.0400 pos=-12L
23:28:50,2018-08-16 09:35:08,CS3,NO_BOOK,,,,skipping cycle
23:28:51,2018-08-16 09:35:09,CS1,CANCEL,BID,99.18,,outside spread bid=99.18 ask=99.21
23:28:51,2018-08-16 09:35:09,CS1,CANCEL,ASK,99.21,,outside spread bid=99.18 ask=99.21
23:28:51,2018-08-16 09:35:09,CS1,SPREAD_TIGHT,,,,spread=0.0300 < 0.04 — waiting
23:28:51,2018-08-16 09:35:09,CS2,CANCEL,BID,100.59,,outside spread bid=100.59 ask=100.61
23:28:51,2018-08-16 09:35:09,CS2,CANCEL,ASK,100.61,,outside spread bid=100.59 ask=100.61
23:28:51,2018-08-16 09:35:09,CS2,SPREAD_TIGHT,,,,spread=0.0200 < 0.04 — waiting
23:28:52,2018-08-16 09:35:14,CS3,NO_BOOK,,,,skipping cycle
23:28:54,2018-08-16 09:35:15,CS1,SUBMIT,BUY,99.16,3,bid+1tick=99.16 spread=0.1000 pos=+9L
23:28:55,2018-08-16 09:35:15,CS1,SUBMIT,SELL,99.24,3,ask-1tick=99.24 spread=0.1000 pos=+9L
23:28:55,2018-08-16 09:35:15,CS1,STATUS,,,,bid=99.16(REST) ask=99.24(REST) spread=0.1000 pos=+9L
23:28:55,2018-08-16 09:35:15,CS2,SPREAD_TIGHT,,,,spread=0.0200 < 0.04 — waiting
23:28:55,2018-08-16 09:35:15,CS3,NO_BOOK,,,,skipping cycle
23:28:55,2018-08-16 09:35:16,CS1,CANCEL,BID,99.16,,outside spread bid=99.16 ask=99.24
23:28:55,2018-08-16 09:35:16,CS1,CANCEL,ASK,99.24,,outside spread bid=99.16 ask=99.24
23:28:56,2018-08-16 09:35:16,CS1,SUBMIT,BUY,99.17,3,bid+1tick=99.17 spread=0.0800 pos=+9L
23:28:57,2018-08-16 09:35:16,CS1,SUBMIT,SELL,99.23,3,ask-1tick=99.23 spread=0.0800 pos=+9L
23:28:57,2018-08-16 09:35:16,CS1,STATUS,,,,bid=99.17(REST) ask=99.23(REST) spread=0.0800 pos=+9L
23:28:57,2018-08-16 09:35:16,CS2,SPREAD_TIGHT,,,,spread=0.0100 < 0.04 — waiting
23:28:57,2018-08-16 09:35:16,CS3,NO_BOOK,,,,skipping cycle
23:28:57,2018-08-16 09:35:18,CS1,CANCEL,BID,99.17,,outside spread bid=99.25 ask=99.29
23:28:57,2018-08-16 09:35:18,CS1,FILLED,ASK,99.23,,order no longer in waiting list
23:28:58,2018-08-16 09:35:18,CS1,SUBMIT,BUY,99.26,3,bid+1tick=99.26 spread=0.0400 pos=+6L
23:28:59,2018-08-16 09:35:18,CS1,SUBMIT,SELL,99.28,3,ask-1tick=99.28 spread=0.0400 pos=+6L
23:28:59,2018-08-16 09:35:18,CS1,STATUS,,,,bid=99.26(REST) ask=99.28(REST) spread=0.0400 pos=+6L
23:28:59,2018-08-16 09:35:18,CS2,SPREAD_TIGHT,,,,spread=0.0300 < 0.04 — waiting
23:28:59,2018-08-16 09:35:18,CS3,NO_BOOK,,,,skipping cycle
23:28:59,2018-08-16 09:35:21,CS1,FILLED,BID,99.26,,order no longer in waiting list
23:28:59,2018-08-16 09:35:21,CS1,CANCEL,ASK,99.28,,outside spread bid=99.22 ask=99.23
23:28:59,2018-08-16 09:35:21,CS1,SPREAD_TIGHT,,,,spread=0.0100 < 0.04 — waiting
23:29:01,2018-08-16 09:35:23,CS2,SPREAD_TIGHT,,,,spread=0.0300 < 0.04 — waiting
23:29:01,2018-08-16 09:35:23,CS3,SPREAD_TIGHT,,,,spread=0.0200 < 0.04 — waiting
23:29:01,2018-08-16 09:35:23,CS1,SPREAD_TIGHT,,,,spread=0.0200 < 0.04 — waiting
23:29:04,2018-08-16 09:35:24,CS2,SUBMIT,BUY,100.5,3,bid+1tick=100.5 spread=0.0600 pos=-12L
23:29:05,2018-08-16 09:35:24,CS2,SUBMIT,SELL,100.54,3,ask-1tick=100.54 spread=0.0600 pos=-12L
23:29:05,2018-08-16 09:35:24,CS2,STATUS,,,,bid=100.5(REST) ask=100.54(REST) spread=0.0600 pos=-12L
23:29:05,2018-08-16 09:35:24,CS3,SPREAD_TIGHT,,,,spread=0.0200 < 0.04 — waiting
23:29:06,2018-08-16 09:35:28,CS1,SUBMIT,BUY,99.25,3,bid+1tick=99.25 spread=0.0500 pos=+9L
23:29:07,2018-08-16 09:35:28,CS1,SUBMIT,SELL,99.28,3,ask-1tick=99.28 spread=0.0500 pos=+9L
23:29:07,2018-08-16 09:35:28,CS1,STATUS,,,,bid=99.25(REST) ask=99.28(REST) spread=0.0500 pos=+9L
23:29:07,2018-08-16 09:35:28,CS2,CANCEL,BID,100.5,,outside spread bid=100.5 ask=100.52
23:29:07,2018-08-16 09:35:28,CS2,CANCEL,ASK,100.54,,outside spread bid=100.5 ask=100.52
23:29:07,2018-08-16 09:35:28,CS2,SPREAD_TIGHT,,,,spread=0.0200 < 0.04 — waiting
23:29:07,2018-08-16 09:35:28,CS3,SPREAD_TIGHT,,,,spread=0.0100 < 0.04 — waiting
23:29:08,2018-08-16 09:35:29,CS1,CANCEL,BID,99.25,,outside spread bid=99.25 ask=99.29
23:29:08,2018-08-16 09:35:29,CS1,FILLED,ASK,99.28,,order no longer in waiting list
23:29:09,2018-08-16 09:35:29,CS1,SUBMIT,BUY,99.26,3,bid+1tick=99.26 spread=0.0400 pos=+6L
23:29:10,2018-08-16 09:35:29,CS1,SUBMIT,SELL,99.28,3,ask-1tick=99.28 spread=0.0400 pos=+6L
23:29:10,2018-08-16 09:35:29,CS1,STATUS,,,,bid=99.26(REST) ask=99.28(REST) spread=0.0400 pos=+6L
23:29:10,2018-08-16 09:35:29,CS2,SPREAD_TIGHT,,,,spread=0.0300 < 0.04 — waiting
23:29:10,2018-08-16 09:35:29,CS3,SPREAD_TIGHT,,,,spread=0.0200 < 0.04 — waiting
23:29:10,2018-08-16 09:35:29,CS1,CANCEL,BID,99.26,,outside spread bid=99.26 ask=99.28
23:29:10,2018-08-16 09:35:29,CS1,CANCEL,ASK,99.28,,outside spread bid=99.26 ask=99.28
23:29:10,2018-08-16 09:35:29,CS1,SPREAD_TIGHT,,,,spread=0.0200 < 0.04 — waiting
23:29:12,2018-08-16 09:35:33,CS2,SPREAD_TIGHT,,,,spread=0.0100 < 0.04 — waiting
23:29:12,2018-08-16 09:35:33,CS3,SPREAD_TIGHT,,,,spread=0.0100 < 0.04 — waiting
23:29:12,2018-08-16 09:35:33,CS1,SPREAD_TIGHT,,,,spread=0.0200 < 0.04 — waiting
23:29:14,2018-08-16 09:35:36,CS2,SPREAD_TIGHT,,,,spread=0.0100 < 0.04 — waiting
23:29:14,2018-08-16 09:35:36,CS3,SPREAD_TIGHT,,,,spread=0.0100 < 0.04 — waiting
23:29:15,2018-08-16 09:35:36,CS1,SUBMIT,BUY,99.23,3,bid+1tick=99.23 spread=0.0700 pos=+6L
23:29:16,2018-08-16 09:35:36,CS1,SUBMIT,SELL,99.28,3,ask-1tick=99.28 spread=0.0700 pos=+6L
23:29:16,2018-08-16 09:35:36,CS1,STATUS,,,,bid=99.23(REST) ask=99.28(REST) spread=0.0700 pos=+6L
23:29:16,2018-08-16 09:35:36,CS2,SPREAD_TIGHT,,,,spread=0.0100 < 0.04 — waiting
23:29:16,2018-08-16 09:35:36,CS3,SPREAD_TIGHT,,,,spread=0.0200 < 0.04 — waiting
23:29:16,2018-08-16 09:35:38,CS1,CANCEL,BID,99.23,,outside spread bid=99.23 ask=99.24
23:29:16,2018-08-16 09:35:38,CS1,CANCEL,ASK,99.28,,outside spread bid=99.23 ask=99.24
23:29:16,2018-08-16 09:35:38,CS1,SPREAD_TIGHT,,,,spread=0.0100 < 0.04 — waiting
23:29:18,2018-08-16 09:35:40,CS2,SPREAD_TIGHT,,,,spread=0.0300 < 0.04 — waiting
23:29:19,2018-08-16 09:35:40,CS3,SUBMIT,BUY,100.92,3,bid+1tick=100.92 spread=0.0900 pos=-3L
23:29:20,2018-08-16 09:35:40,CS3,SUBMIT,SELL,100.99,3,ask-1tick=100.99 spread=0.0900 pos=-3L
23:29:20,2018-08-16 09:35:40,CS3,STATUS,,,,bid=100.92(REST) ask=100.99(REST) spread=0.0900 pos=-3L
23:29:20,2018-08-16 09:35:42,CS1,SPREAD_TIGHT,,,,spread=0.0300 < 0.04 — waiting
23:29:20,2018-08-16 09:35:42,CS2,SPREAD_TIGHT,,,,spread=0.0200 < 0.04 — waiting
23:29:20,2018-08-16 09:35:42,CS3,CANCEL,BID,100.92,,outside spread bid=100.92 ask=100.99
23:29:20,2018-08-16 09:35:42,CS3,CANCEL,ASK,100.99,,outside spread bid=100.92 ask=100.99
23:29:21,2018-08-16 09:35:42,CS3,SUBMIT,BUY,100.93,3,bid+1tick=100.93 spread=0.0700 pos=-3L
23:29:22,2018-08-16 09:35:42,CS3,SUBMIT,SELL,100.98,3,ask-1tick=100.98 spread=0.0700 pos=-3L
23:29:22,2018-08-16 09:35:42,CS3,STATUS,,,,bid=100.93(REST) ask=100.98(REST) spread=0.0700 pos=-3L
23:29:22,2018-08-16 09:35:45,CS1,SPREAD_TIGHT,,,,spread=0.0200 < 0.04 — waiting
23:29:22,2018-08-16 09:35:45,CS2,SPREAD_TIGHT,,,,spread=0.0200 < 0.04 — waiting
23:29:22,2018-08-16 09:35:45,CS3,CANCEL,BID,100.93,,outside spread bid=100.93 ask=101.0
23:29:22,2018-08-16 09:35:45,CS3,FILLED,ASK,100.98,,order no longer in waiting list
23:29:23,2018-08-16 09:35:45,CS3,SUBMIT,BUY,100.94,3,bid+1tick=100.94 spread=0.0700 pos=-9L
23:29:24,2018-08-16 09:35:45,CS3,SUBMIT,SELL,100.99,3,ask-1tick=100.99 spread=0.0700 pos=-9L
23:29:24,2018-08-16 09:35:45,CS3,STATUS,,,,bid=100.94(REST) ask=100.99(REST) spread=0.0700 pos=-9L
23:29:25,2018-08-16 09:35:47,CS1,SPREAD_TIGHT,,,,spread=0.0300 < 0.04 — waiting
23:29:25,2018-08-16 09:35:47,CS2,SPREAD_TIGHT,,,,spread=0.0300 < 0.04 — waiting
23:29:25,2018-08-16 09:35:47,CS3,CANCEL,BID,100.94,,outside spread bid=100.94 ask=101.04
23:29:25,2018-08-16 09:35:47,CS3,FILLED,ASK,100.99,,order no longer in waiting list
23:29:26,2018-08-16 09:35:47,CS3,SUBMIT,BUY,100.95,3,bid+1tick=100.95 spread=0.1000 pos=-12L
23:29:27,2018-08-16 09:35:47,CS3,SUBMIT,SELL,101.03,3,ask-1tick=101.03 spread=0.1000 pos=-12L
23:29:27,2018-08-16 09:35:47,CS3,STATUS,,,,bid=100.95(REST) ask=101.03(REST) spread=0.1000 pos=-12L
23:29:27,2018-08-16 09:35:49,CS1,SPREAD_TIGHT,,,,spread=0.0300 < 0.04 — waiting
23:29:28,2018-08-16 09:35:49,CS2,SUBMIT,BUY,100.45,3,bid+1tick=100.45 spread=0.0500 pos=-12L
23:29:29,2018-08-16 09:35:49,CS2,SUBMIT,SELL,100.48,3,ask-1tick=100.48 spread=0.0500 pos=-12L
23:29:29,2018-08-16 09:35:49,CS2,STATUS,,,,bid=100.45(REST) ask=100.48(REST) spread=0.0500 pos=-12L
23:29:29,2018-08-16 09:35:49,CS3,CANCEL,BID,100.95,,outside spread bid=101.12 ask=101.15
23:29:29,2018-08-16 09:35:49,CS3,FILLED,ASK,101.03,,order no longer in waiting list
23:29:29,2018-08-16 09:35:49,CS3,SPREAD_TIGHT,,,,spread=0.0300 < 0.04 — waiting
23:29:29,2018-08-16 09:35:51,CS1,SPREAD_TIGHT,,,,spread=0.0300 < 0.04 — waiting
23:29:29,2018-08-16 09:35:51,CS2,CANCEL,BID,100.45,,outside spread bid=100.45 ask=100.48
23:29:29,2018-08-16 09:35:51,CS2,CANCEL,ASK,100.48,,outside spread bid=100.45 ask=100.48
23:29:29,2018-08-16 09:35:51,CS2,SPREAD_TIGHT,,,,spread=0.0300 < 0.04 — waiting
23:29:32,2018-08-16 09:35:52,CS3,SUBMIT,BUY,101.15,3,bid+1tick=101.15 spread=0.0600 pos=-15L
23:29:33,2018-08-16 09:35:52,CS3,SUBMIT,SELL,101.19,3,ask-1tick=101.19 spread=0.0600 pos=-15L
23:29:33,2018-08-16 09:35:52,CS3,STATUS,,,,bid=101.15(REST) ask=101.19(REST) spread=0.0600 pos=-15L
23:29:33,2018-08-16 09:35:52,CS1,SPREAD_TIGHT,,,,spread=0.0100 < 0.04 — waiting
23:29:34,2018-08-16 09:35:52,CS2,SUBMIT,BUY,100.46,3,bid+1tick=100.46 spread=0.0500 pos=-12L
23:29:35,2018-08-16 09:35:52,CS2,SUBMIT,SELL,100.49,3,ask-1tick=100.49 spread=0.0500 pos=-12L
23:29:35,2018-08-16 09:35:52,CS2,STATUS,,,,bid=100.46(REST) ask=100.49(REST) spread=0.0500 pos=-12L
23:29:35,2018-08-16 09:35:52,CS3,CANCEL,BID,101.15,,outside spread bid=101.15 ask=101.17
23:29:35,2018-08-16 09:35:52,CS3,CANCEL,ASK,101.19,,outside spread bid=101.15 ask=101.17
23:29:35,2018-08-16 09:35:52,CS3,SPREAD_TIGHT,,,,spread=0.0200 < 0.04 — waiting
23:29:35,2018-08-16 09:35:58,CS1,SPREAD_TIGHT,,,,spread=0.0300 < 0.04 — waiting
23:29:35,2018-08-16 09:35:58,CS2,FILLED,BID,100.46,,order no longer in waiting list
23:29:35,2018-08-16 09:35:58,CS2,CANCEL,ASK,100.49,,outside spread bid=100.45 ask=100.47
23:29:35,2018-08-16 09:35:58,CS2,SPREAD_TIGHT,,,,spread=0.0200 < 0.04 — waiting
23:29:38,2018-08-16 09:35:58,CS3,SUBMIT,BUY,100.99,3,bid+1tick=100.99 spread=0.1100 pos=-15L
23:29:39,2018-08-16 09:35:58,CS3,SUBMIT,SELL,101.08,3,ask-1tick=101.08 spread=0.1100 pos=-15L
23:29:39,2018-08-16 09:35:58,CS3,STATUS,,,,bid=100.99(REST) ask=101.08(REST) spread=0.1100 pos=-15L
23:29:39,2018-08-16 09:36:01,CS1,SPREAD_TIGHT,,,,spread=0.0300 < 0.04 — waiting
23:29:39,2018-08-16 09:36:01,CS2,SPREAD_TIGHT,,,,spread=0.0200 < 0.04 — waiting
23:29:39,2018-08-16 09:36:01,CS3,CANCEL,BID,100.99,,outside spread bid=100.99 ask=101.08
23:29:39,2018-08-16 09:36:01,CS3,CANCEL,ASK,101.08,,outside spread bid=100.99 ask=101.08
23:29:40,2018-08-16 09:36:01,CS3,SUBMIT,BUY,101.0,3,bid+1tick=101.0 spread=0.0900 pos=-15L
23:29:41,2018-08-16 09:36:01,CS3,SUBMIT,SELL,101.07,3,ask-1tick=101.07 spread=0.0900 pos=-15L
23:29:41,2018-08-16 09:36:01,CS3,STATUS,,,,bid=101.0(REST) ask=101.07(REST) spread=0.0900 pos=-15L
23:29:43,2018-08-16 09:36:04,CS1,SUBMIT,BUY,99.23,3,bid+1tick=99.23 spread=0.0400 pos=+6L
23:29:44,2018-08-16 09:36:04,CS1,SUBMIT,SELL,99.25,3,ask-1tick=99.25 spread=0.0400 pos=+6L
23:29:44,2018-08-16 09:36:04,CS1,STATUS,,,,bid=99.23(REST) ask=99.25(REST) spread=0.0400 pos=+6L
23:29:44,2018-08-16 09:36:04,CS2,SPREAD_TIGHT,,,,spread=0.0200 < 0.04 — waiting
23:29:44,2018-08-16 09:36:04,CS3,CANCEL,BID,101.0,,outside spread bid=101.0 ask=101.07
23:29:44,2018-08-16 09:36:04,CS3,CANCEL,ASK,101.07,,outside spread bid=101.0 ask=101.07
23:29:45,2018-08-16 09:36:04,CS3,SUBMIT,BUY,101.01,3,bid+1tick=101.01 spread=0.0700 pos=-15L
23:29:46,2018-08-16 09:36:04,CS3,SUBMIT,SELL,101.06,3,ask-1tick=101.06 spread=0.0700 pos=-15L
23:29:46,2018-08-16 09:36:04,CS3,STATUS,,,,bid=101.01(REST) ask=101.06(REST) spread=0.0700 pos=-15L
23:29:46,2018-08-16 09:36:08,CS1,FILLED,BID,99.23,,order no longer in waiting list
23:29:46,2018-08-16 09:36:08,CS1,FILLED,ASK,99.25,,order no longer in waiting list
23:29:47,2018-08-16 09:36:08,CS1,SUBMIT,BUY,99.23,3,bid+1tick=99.23 spread=0.0400 pos=+6L
23:29:48,2018-08-16 09:36:08,CS1,SUBMIT,SELL,99.25,3,ask-1tick=99.25 spread=0.0400 pos=+6L
23:29:48,2018-08-16 09:36:08,CS1,STATUS,,,,bid=99.23(REST) ask=99.25(REST) spread=0.0400 pos=+6L
23:29:48,2018-08-16 09:36:08,CS2,SPREAD_TIGHT,,,,spread=0.0300 < 0.04 — waiting
23:29:48,2018-08-16 09:36:08,CS3,FILLED,BID,101.01,,order no longer in waiting list
23:29:48,2018-08-16 09:36:08,CS3,CANCEL,ASK,101.06,,outside spread bid=101.02 ask=101.06
23:29:49,2018-08-16 09:36:08,CS3,SUBMIT,BUY,101.03,3,bid+1tick=101.03 spread=0.0400 pos=-9L
23:29:50,2018-08-16 09:36:08,CS3,SUBMIT,SELL,101.05,3,ask-1tick=101.05 spread=0.0400 pos=-9L
23:29:50,2018-08-16 09:36:08,CS3,STATUS,,,,bid=101.03(REST) ask=101.05(REST) spread=0.0400 pos=-9L
23:29:50,2018-08-16 09:36:12,CS1,CANCEL,BID,99.23,,outside spread bid=99.23 ask=99.25
23:29:50,2018-08-16 09:36:12,CS1,CANCEL,ASK,99.25,,outside spread bid=99.23 ask=99.25
23:29:50,2018-08-16 09:36:12,CS1,SPREAD_TIGHT,,,,spread=0.0200 < 0.04 — waiting
23:29:51,2018-08-16 09:36:12,CS2,SUBMIT,BUY,100.45,3,bid+1tick=100.45 spread=0.0400 pos=-9L
23:29:52,2018-08-16 09:36:12,CS2,SUBMIT,SELL,100.47,3,ask-1tick=100.47 spread=0.0400 pos=-9L
23:29:52,2018-08-16 09:36:12,CS2,STATUS,,,,bid=100.45(REST) ask=100.47(REST) spread=0.0400 pos=-9L
23:29:52,2018-08-16 09:36:12,CS3,FILLED,BID,101.03,,order no longer in waiting list
23:29:52,2018-08-16 09:36:12,CS3,CANCEL,ASK,101.05,,outside spread bid=101.01 ask=101.04
23:29:52,2018-08-16 09:36:12,CS3,SPREAD_TIGHT,,,,spread=0.0300 < 0.04 — waiting
23:29:52,2018-08-16 09:36:15,CS1,SPREAD_TIGHT,,,,spread=0.0300 < 0.04 — waiting
23:29:52,2018-08-16 09:36:15,CS2,CANCEL,BID,100.45,,outside spread bid=100.45 ask=100.47
23:29:52,2018-08-16 09:36:15,CS2,CANCEL,ASK,100.47,,outside spread bid=100.45 ask=100.47
23:29:52,2018-08-16 09:36:15,CS2,SPREAD_TIGHT,,,,spread=0.0200 < 0.04 — waiting
23:29:55,2018-08-16 09:36:15,CS3,SUBMIT,BUY,101.02,3,bid+1tick=101.02 spread=0.0800 pos=-6L
23:29:56,2018-08-16 09:36:15,CS3,SUBMIT,SELL,101.08,3,ask-1tick=101.08 spread=0.0800 pos=-6L
23:29:56,2018-08-16 09:36:15,CS3,STATUS,,,,bid=101.02(REST) ask=101.08(REST) spread=0.0800 pos=-6L
23:29:56,2018-08-16 09:36:18,CS1,SPREAD_TIGHT,,,,spread=0.0100 < 0.04 — waiting
23:29:56,2018-08-16 09:36:18,CS2,SPREAD_TIGHT,,,,spread=0.0400 < 0.04 — waiting
23:29:56,2018-08-16 09:36:18,CS3,CANCEL,BID,101.02,,outside spread bid=101.04 ask=101.08
23:29:56,2018-08-16 09:36:18,CS3,CANCEL,ASK,101.08,,outside spread bid=101.04 ask=101.08
23:29:56,2018-08-16 09:36:18,CS3,SPREAD_TIGHT,,,,spread=0.0400 < 0.04 — waiting
23:29:58,2018-08-16 09:36:18,CS1,SPREAD_TIGHT,,,,spread=0.0100 < 0.04 — waiting
23:29:58,2018-08-16 09:36:18,CS2,SPREAD_TIGHT,,,,spread=0.0400 < 0.04 — waiting
23:29:59,2018-08-16 09:36:18,CS3,SUBMIT,BUY,101.05,3,bid+1tick=101.05 spread=0.0500 pos=-6L
23:30:00,2018-08-16 09:36:18,CS3,SUBMIT,SELL,101.08,3,ask-1tick=101.08 spread=0.0500 pos=-6L
23:30:00,2018-08-16 09:36:18,CS3,STATUS,,,,bid=101.05(REST) ask=101.08(REST) spread=0.0500 pos=-6L
23:30:01,2018-08-16 09:36:23,CS1,SPREAD_TIGHT,,,,spread=0.0100 < 0.04 — waiting
23:30:02,2018-08-16 09:36:23,CS2,SUBMIT,BUY,100.44,3,bid+1tick=100.44 spread=0.0700 pos=-6L
23:30:03,2018-08-16 09:36:23,CS2,SUBMIT,SELL,100.49,3,ask-1tick=100.49 spread=0.0700 pos=-6L
23:30:03,2018-08-16 09:36:23,CS2,STATUS,,,,bid=100.44(REST) ask=100.49(REST) spread=0.0700 pos=-6L
23:30:03,2018-08-16 09:36:23,CS3,CANCEL,BID,101.05,,outside spread bid=101.07 ask=101.08
23:30:03,2018-08-16 09:36:23,CS3,CANCEL,ASK,101.08,,outside spread bid=101.07 ask=101.08
23:30:03,2018-08-16 09:36:23,CS3,SPREAD_TIGHT,,,,spread=0.0100 < 0.04 — waiting
23:30:03,2018-08-16 09:36:24,CS1,SPREAD_TIGHT,,,,spread=0.0200 < 0.04 — waiting
23:30:03,2018-08-16 09:36:24,CS2,CANCEL,BID,100.44,,outside spread bid=100.44 ask=100.49
23:30:03,2018-08-16 09:36:24,CS2,CANCEL,ASK,100.49,,outside spread bid=100.44 ask=100.49
23:30:04,2018-08-16 09:36:24,CS2,SUBMIT,BUY,100.45,3,bid+1tick=100.45 spread=0.0500 pos=-6L
23:30:05,2018-08-16 09:36:24,CS2,SUBMIT,SELL,100.48,3,ask-1tick=100.48 spread=0.0500 pos=-6L
23:30:05,2018-08-16 09:36:24,CS2,STATUS,,,,bid=100.45(REST) ask=100.48(REST) spread=0.0500 pos=-6L
23:30:05,2018-08-16 09:36:24,CS3,SPREAD_TIGHT,,,,spread=0.0200 < 0.04 — waiting
23:30:05,2018-08-16 09:36:27,CS1,SPREAD_TIGHT,,,,spread=0.0200 < 0.04 — waiting
23:30:05,2018-08-16 09:36:27,CS2,CANCEL,BID,100.45,,outside spread bid=100.45 ask=100.48
23:30:05,2018-08-16 09:36:27,CS2,CANCEL,ASK,100.48,,outside spread bid=100.45 ask=100.48
23:30:05,2018-08-16 09:36:27,CS2,SPREAD_TIGHT,,,,spread=0.0300 < 0.04 — waiting
23:30:07,2018-08-16 09:36:28,CS3,SPREAD_TIGHT,,,,spread=0.0200 < 0.04 — waiting
23:30:07,2018-08-16 09:36:30,CS1,SPREAD_TIGHT,,,,spread=0.0200 < 0.04 — waiting
23:30:07,2018-08-16 09:36:30,CS2,SPREAD_TIGHT,,,,spread=0.0200 < 0.04 — waiting
23:30:10,2018-08-16 09:36:31,CS3,SUBMIT,BUY,101.03,3,bid+1tick=101.03 spread=0.0800 pos=-6L
23:30:11,2018-08-16 09:36:31,CS3,SUBMIT,SELL,101.09,3,ask-1tick=101.09 spread=0.0800 pos=-6L
23:30:11,2018-08-16 09:36:31,CS3,STATUS,,,,bid=101.03(REST) ask=101.09(REST) spread=0.0800 pos=-6L
23:30:11,2018-08-16 09:36:33,CS1,SPREAD_TIGHT,,,,spread=0.0100 < 0.04 — waiting
23:30:12,2018-08-16 09:36:33,CS2,SUBMIT,BUY,100.44,3,bid+1tick=100.44 spread=0.0500 pos=-6L
23:30:13,2018-08-16 09:36:33,CS2,SUBMIT,SELL,100.47,3,ask-1tick=100.47 spread=0.0500 pos=-6L
23:30:13,2018-08-16 09:36:33,CS2,STATUS,,,,bid=100.44(REST) ask=100.47(REST) spread=0.0500 pos=-6L
23:30:13,2018-08-16 09:36:33,CS3,CANCEL,BID,101.03,,outside spread bid=101.03 ask=101.04
23:30:13,2018-08-16 09:36:33,CS3,CANCEL,ASK,101.09,,outside spread bid=101.03 ask=101.04
23:30:13,2018-08-16 09:36:33,CS3,SPREAD_TIGHT,,,,spread=0.0100 < 0.04 — waiting
23:30:13,2018-08-16 09:36:36,CS1,SPREAD_TIGHT,,,,spread=0.0100 < 0.04 — waiting
23:30:13,2018-08-16 09:36:36,CS2,CANCEL,BID,100.44,,outside spread bid=100.44 ask=100.47
23:30:13,2018-08-16 09:36:36,CS2,CANCEL,ASK,100.47,,outside spread bid=100.44 ask=100.47
23:30:13,2018-08-16 09:36:36,CS2,SPREAD_TIGHT,,,,spread=0.0300 < 0.04 — waiting
23:30:16,2018-08-16 09:36:37,CS3,SUBMIT,BUY,101.03,3,bid+1tick=101.03 spread=0.0600 pos=-6L
23:30:17,2018-08-16 09:36:37,CS3,SUBMIT,SELL,101.07,3,ask-1tick=101.07 spread=0.0600 pos=-6L
23:30:17,2018-08-16 09:36:37,CS3,STATUS,,,,bid=101.03(REST) ask=101.07(REST) spread=0.0600 pos=-6L
23:30:17,2018-08-16 09:36:39,CS1,SPREAD_TIGHT,,,,spread=0.0200 < 0.04 — waiting
23:30:17,2018-08-16 09:36:39,CS2,SPREAD_TIGHT,,,,spread=0.0300 < 0.04 — waiting
23:30:18,2018-08-16 09:36:39,CS3,CANCEL,BID,101.03,,outside spread bid=101.03 ask=101.06
23:30:18,2018-08-16 09:36:39,CS3,CANCEL,ASK,101.07,,outside spread bid=101.03 ask=101.06
23:30:18,2018-08-16 09:36:39,CS3,SPREAD_TIGHT,,,,spread=0.0300 < 0.04 — waiting
23:30:20,2018-08-16 09:36:41,CS1,SPREAD_TIGHT,,,,spread=0.0200 < 0.04 — waiting
23:30:21,2018-08-16 09:36:41,CS2,SUBMIT,BUY,100.44,3,bid+1tick=100.44 spread=0.1000 pos=-6L
23:30:22,2018-08-16 09:36:41,CS2,SUBMIT,SELL,100.52,3,ask-1tick=100.52 spread=0.1000 pos=-6L
23:30:22,2018-08-16 09:36:41,CS2,STATUS,,,,bid=100.44(REST) ask=100.52(REST) spread=0.1000 pos=-6L
23:30:22,2018-08-16 09:36:41,CS3,SPREAD_TIGHT,,,,spread=0.0100 < 0.04 — waiting
23:30:22,2018-08-16 09:36:43,CS1,SPREAD_TIGHT,,,,spread=0.0100 < 0.04 — waiting
23:30:22,2018-08-16 09:36:43,CS2,CANCEL,BID,100.44,,outside spread bid=100.45 ask=100.53
23:30:22,2018-08-16 09:36:43,CS2,FILLED,ASK,100.52,,order no longer in waiting list
23:30:23,2018-08-16 09:36:43,CS2,SUBMIT,BUY,100.46,3,bid+1tick=100.46 spread=0.0800 pos=-9L
23:30:24,2018-08-16 09:36:43,CS2,SUBMIT,SELL,100.52,3,ask-1tick=100.52 spread=0.0800 pos=-9L
23:30:24,2018-08-16 09:36:43,CS2,STATUS,,,,bid=100.46(REST) ask=100.52(REST) spread=0.0800 pos=-9L
23:30:24,2018-08-16 09:36:43,CS3,SPREAD_TIGHT,,,,spread=0.0100 < 0.04 — waiting
23:30:24,2018-08-16 09:36:46,CS1,SPREAD_TIGHT,,,,spread=0.0200 < 0.04 — waiting
23:30:24,2018-08-16 09:36:46,CS2,CANCEL,BID,100.46,,outside spread bid=100.46 ask=100.52
23:30:24,2018-08-16 09:36:46,CS2,CANCEL,ASK,100.52,,outside spread bid=100.46 ask=100.52
23:30:25,2018-08-16 09:36:46,CS2,SUBMIT,BUY,100.47,3,bid+1tick=100.47 spread=0.0600 pos=-9L
23:30:26,2018-08-16 09:36:46,CS2,SUBMIT,SELL,100.51,3,ask-1tick=100.51 spread=0.0600 pos=-9L
23:30:26,2018-08-16 09:36:46,CS2,STATUS,,,,bid=100.47(REST) ask=100.51(REST) spread=0.0600 pos=-9L
23:30:26,2018-08-16 09:36:46,CS3,SPREAD_TIGHT,,,,spread=0.0100 < 0.04 — waiting
23:30:26,2018-08-16 09:36:48,CS1,SPREAD_TIGHT,,,,spread=0.0100 < 0.04 — waiting
23:30:26,2018-08-16 09:36:48,CS2,CANCEL,BID,100.47,,outside spread bid=100.47 ask=100.5
23:30:26,2018-08-16 09:36:48,CS2,CANCEL,ASK,100.51,,outside spread bid=100.47 ask=100.5
23:30:26,2018-08-16 09:36:48,CS2,SPREAD_TIGHT,,,,spread=0.0300 < 0.04 — waiting
23:30:28,2018-08-16 09:36:50,CS3,SPREAD_TIGHT,,,,spread=0.0200 < 0.04 — waiting
23:30:28,2018-08-16 09:36:50,CS1,SPREAD_TIGHT,,,,spread=0.0400 < 0.04 — waiting
23:30:28,2018-08-16 09:36:50,CS2,SPREAD_TIGHT,,,,spread=0.0300 < 0.04 — waiting
23:30:30,2018-08-16 09:36:50,CS3,SPREAD_TIGHT,,,,spread=0.0200 < 0.04 — waiting
23:30:31,2018-08-16 09:36:50,CS1,SUBMIT,BUY,99.18,3,bid+1tick=99.18 spread=0.0600 pos=+6L
23:30:32,2018-08-16 09:36:50,CS1,SUBMIT,SELL,99.22,3,ask-1tick=99.22 spread=0.0600 pos=+6L
23:30:32,2018-08-16 09:36:50,CS1,STATUS,,,,bid=99.18(REST) ask=99.22(REST) spread=0.0600 pos=+6L
23:30:32,2018-08-16 09:36:50,CS2,SPREAD_TIGHT,,,,spread=0.0100 < 0.04 — waiting
23:30:32,2018-08-16 09:36:50,CS3,SPREAD_TIGHT,,,,spread=0.0200 < 0.04 — waiting
23:30:33,2018-08-16 09:36:53,CS1,FILLED,BID,99.18,,order no longer in waiting list
23:30:33,2018-08-16 09:36:53,CS1,CANCEL,ASK,99.22,,outside spread bid=99.17 ask=99.22
23:30:34,2018-08-16 09:36:53,CS1,SUBMIT,BUY,99.18,3,bid+1tick=99.18 spread=0.0500 pos=+9L
23:30:35,2018-08-16 09:36:53,CS1,SUBMIT,SELL,99.21,3,ask-1tick=99.21 spread=0.0500 pos=+9L
23:30:35,2018-08-16 09:36:53,CS1,STATUS,,,,bid=99.18(REST) ask=99.21(REST) spread=0.0500 pos=+9L
23:30:36,2018-08-16 09:36:53,CS2,SUBMIT,BUY,100.48,3,bid+1tick=100.48 spread=0.0600 pos=-9L
23:30:37,2018-08-16 09:36:53,CS2,SUBMIT,SELL,100.52,3,ask-1tick=100.52 spread=0.0600 pos=-9L
23:30:37,2018-08-16 09:36:53,CS2,STATUS,,,,bid=100.48(REST) ask=100.52(REST) spread=0.0600 pos=-9L
23:30:37,2018-08-16 09:36:53,CS3,SPREAD_TIGHT,,,,spread=0.0100 < 0.04 — waiting
23:30:37,2018-08-16 09:36:58,CS1,FILLED,BID,99.18,,order no longer in waiting list
23:30:37,2018-08-16 09:36:58,CS1,FILLED,ASK,99.21,,order no longer in waiting list
23:30:37,2018-08-16 09:36:58,CS1,SPREAD_TIGHT,,,,spread=0.0300 < 0.04 — waiting
23:30:37,2018-08-16 09:36:58,CS2,CANCEL,BID,100.48,,outside spread bid=100.48 ask=100.52
23:30:37,2018-08-16 09:36:58,CS2,CANCEL,ASK,100.52,,outside spread bid=100.48 ask=100.52
23:30:37,2018-08-16 09:36:58,CS2,SPREAD_TIGHT,,,,spread=0.0400 < 0.04 — waiting
23:30:40,2018-08-16 09:37:01,CS3,SUBMIT,BUY,101.1,3,bid+1tick=101.1 spread=0.0700 pos=-6L
23:30:41,2018-08-16 09:37:01,CS3,SUBMIT,SELL,101.15,3,ask-1tick=101.15 spread=0.0700 pos=-6L
23:30:41,2018-08-16 09:37:01,CS3,STATUS,,,,bid=101.1(REST) ask=101.15(REST) spread=0.0700 pos=-6L
23:30:41,2018-08-16 09:37:03,CS1,SPREAD_TIGHT,,,,spread=0.0300 < 0.04 — waiting
23:30:41,2018-08-16 09:37:03,CS2,SPREAD_TIGHT,,,,spread=0.0200 < 0.04 — waiting
23:30:41,2018-08-16 09:37:03,CS3,FILLED,BID,101.1,,order no longer in waiting list
23:30:41,2018-08-16 09:37:03,CS3,CANCEL,ASK,101.15,,outside spread bid=101.14 ask=101.15
23:30:41,2018-08-16 09:37:03,CS3,SPREAD_TIGHT,,,,spread=0.0100 < 0.04 — waiting
23:30:43,2018-08-16 09:37:04,CS1,SPREAD_TIGHT,,,,spread=0.0300 < 0.04 — waiting
23:30:44,2018-08-16 09:37:04,CS2,SUBMIT,BUY,100.48,3,bid+1tick=100.48 spread=0.0400 pos=-9L
23:30:45,2018-08-16 09:37:04,CS2,SUBMIT,SELL,100.5,3,ask-1tick=100.5 spread=0.0400 pos=-9L
23:30:45,2018-08-16 09:37:04,CS2,STATUS,,,,bid=100.48(REST) ask=100.5(REST) spread=0.0400 pos=-9L
23:30:45,2018-08-16 09:37:04,CS3,SPREAD_TIGHT,,,,spread=0.0200 < 0.04 — waiting
23:30:45,2018-08-16 09:37:04,CS1,SPREAD_TIGHT,,,,spread=0.0200 < 0.04 — waiting
23:30:45,2018-08-16 09:37:04,CS2,CANCEL,BID,100.48,,outside spread bid=100.48 ask=100.49
23:30:45,2018-08-16 09:37:04,CS2,CANCEL,ASK,100.5,,outside spread bid=100.48 ask=100.49
23:30:45,2018-08-16 09:37:04,CS2,SPREAD_TIGHT,,,,spread=0.0100 < 0.04 — waiting
23:30:47,2018-08-16 09:37:09,CS3,SPREAD_TIGHT,,,,spread=0.0200 < 0.04 — waiting
23:30:47,2018-08-16 09:37:09,CS1,SPREAD_TIGHT,,,,spread=0.0200 < 0.04 — waiting
23:30:48,2018-08-16 09:37:09,CS2,SUBMIT,BUY,100.47,3,bid+1tick=100.47 spread=0.0500 pos=-9L
23:30:49,2018-08-16 09:37:09,CS2,SUBMIT,SELL,100.5,3,ask-1tick=100.5 spread=0.0500 pos=-9L
23:30:49,2018-08-16 09:37:09,CS2,STATUS,,,,bid=100.47(REST) ask=100.5(REST) spread=0.0500 pos=-9L
23:30:49,2018-08-16 09:37:09,CS3,SPREAD_TIGHT,,,,spread=0.0400 < 0.04 — waiting
23:30:49,2018-08-16 09:37:12,CS1,SPREAD_TIGHT,,,,spread=0.0100 < 0.04 — waiting
23:30:49,2018-08-16 09:37:12,CS2,FILLED,BID,100.47,,order no longer in waiting list
23:30:49,2018-08-16 09:37:12,CS2,CANCEL,ASK,100.5,,outside spread bid=100.46 ask=100.5
23:30:50,2018-08-16 09:37:12,CS2,SUBMIT,BUY,100.47,3,bid+1tick=100.47 spread=0.0400 pos=-6L
23:30:51,2018-08-16 09:37:12,CS2,SUBMIT,SELL,100.49,3,ask-1tick=100.49 spread=0.0400 pos=-6L
23:30:51,2018-08-16 09:37:12,CS2,STATUS,,,,bid=100.47(REST) ask=100.49(REST) spread=0.0400 pos=-6L
23:30:51,2018-08-16 09:37:12,CS3,SPREAD_TIGHT,,,,spread=0.0100 < 0.04 — waiting
23:30:52,2018-08-16 09:37:13,CS1,SPREAD_TIGHT,,,,spread=0.0100 < 0.04 — waiting
23:30:52,2018-08-16 09:37:13,CS2,FILLED,BID,100.47,,order no longer in waiting list
23:30:52,2018-08-16 09:37:13,CS2,CANCEL,ASK,100.49,,outside spread bid=100.46 ask=100.49
23:30:52,2018-08-16 09:37:13,CS2,SPREAD_TIGHT,,,,spread=0.0300 < 0.04 — waiting
23:30:54,2018-08-16 09:37:13,CS3,SPREAD_TIGHT,,,,spread=0.0100 < 0.04 — waiting
23:30:54,2018-08-16 09:37:13,CS1,SPREAD_TIGHT,,,,spread=0.0100 < 0.04 — waiting
23:30:55,2018-08-16 09:37:13,CS2,SUBMIT,BUY,100.47,3,bid+1tick=100.47 spread=0.0400 pos=-3L
23:30:56,2018-08-16 09:37:13,CS2,SUBMIT,SELL,100.49,3,ask-1tick=100.49 spread=0.0400 pos=-3L
23:30:56,2018-08-16 09:37:13,CS2,STATUS,,,,bid=100.47(REST) ask=100.49(REST) spread=0.0400 pos=-3L
23:30:57,2018-08-16 09:37:13,CS3,SUBMIT,BUY,101.05,3,bid+1tick=101.05 spread=0.1200 pos=-3L
23:30:58,2018-08-16 09:37:13,CS3,SUBMIT,SELL,101.15,3,ask-1tick=101.15 spread=0.1200 pos=-3L
23:30:58,2018-08-16 09:37:13,CS3,STATUS,,,,bid=101.05(REST) ask=101.15(REST) spread=0.1200 pos=-3L
23:30:58,2018-08-16 09:37:19,CS1,SPREAD_TIGHT,,,,spread=0.0200 < 0.04 — waiting
23:30:58,2018-08-16 09:37:19,CS2,FILLED,BID,100.47,,order no longer in waiting list
23:30:58,2018-08-16 09:37:19,CS2,CANCEL,ASK,100.49,,outside spread bid=100.46 ask=100.48
23:30:58,2018-08-16 09:37:19,CS2,SPREAD_TIGHT,,,,spread=0.0200 < 0.04 — waiting
23:30:58,2018-08-16 09:37:19,CS3,CANCEL,BID,101.05,,outside spread bid=101.05 ask=101.15
23:30:58,2018-08-16 09:37:19,CS3,CANCEL,ASK,101.15,,outside spread bid=101.05 ask=101.15
23:30:59,2018-08-16 09:37:19,CS3,SUBMIT,BUY,101.06,3,bid+1tick=101.06 spread=0.1000 pos=-3L
23:31:00,2018-08-16 09:37:19,CS3,SUBMIT,SELL,101.14,3,ask-1tick=101.14 spread=0.1000 pos=-3L
23:31:00,2018-08-16 09:37:19,CS3,STATUS,,,,bid=101.06(REST) ask=101.14(REST) spread=0.1000 pos=-3L
23:31:00,2018-08-16 09:37:23,CS1,SPREAD_TIGHT,,,,spread=0.0200 < 0.04 — waiting
23:31:00,2018-08-16 09:37:23,CS2,SPREAD_TIGHT,,,,spread=0.0300 < 0.04 — waiting
23:31:00,2018-08-16 09:37:23,CS3,CANCEL,BID,101.06,,outside spread bid=101.06 ask=101.14
23:31:00,2018-08-16 09:37:23,CS3,CANCEL,ASK,101.14,,outside spread bid=101.06 ask=101.14
23:31:01,2018-08-16 09:37:23,CS3,SUBMIT,BUY,101.07,3,bid+1tick=101.07 spread=0.0800 pos=-3L
23:31:02,2018-08-16 09:37:23,CS3,SUBMIT,SELL,101.13,3,ask-1tick=101.13 spread=0.0800 pos=-3L
23:31:02,2018-08-16 09:37:23,CS3,STATUS,,,,bid=101.07(REST) ask=101.13(REST) spread=0.0800 pos=-3L
23:31:03,2018-08-16 09:37:24,CS1,SPREAD_TIGHT,,,,spread=0.0200 < 0.04 — waiting
23:31:03,2018-08-16 09:37:24,CS2,SPREAD_TIGHT,,,,spread=0.0300 < 0.04 — waiting
23:31:03,2018-08-16 09:37:24,CS3,CANCEL,BID,101.07,,outside spread bid=101.07 ask=101.13
23:31:03,2018-08-16 09:37:24,CS3,CANCEL,ASK,101.13,,outside spread bid=101.07 ask=101.13
23:31:04,2018-08-16 09:37:24,CS3,SUBMIT,BUY,101.08,3,bid+1tick=101.08 spread=0.0600 pos=-3L
23:31:05,2018-08-16 09:37:24,CS3,SUBMIT,SELL,101.12,3,ask-1tick=101.12 spread=0.0600 pos=-3L
23:31:05,2018-08-16 09:37:24,CS3,STATUS,,,,bid=101.08(REST) ask=101.12(REST) spread=0.0600 pos=-3L
23:31:05,2018-08-16 09:37:27,CS1,SPREAD_TIGHT,,,,spread=0.0200 < 0.04 — waiting
23:31:06,2018-08-16 09:37:27,CS2,SUBMIT,BUY,100.45,3,bid+1tick=100.45 spread=0.0400 pos=+0L
23:31:07,2018-08-16 09:37:27,CS2,SUBMIT,SELL,100.47,3,ask-1tick=100.47 spread=0.0400 pos=+0L
23:31:07,2018-08-16 09:37:27,CS2,STATUS,,,,bid=100.45(REST) ask=100.47(REST) spread=0.0400 pos=+0L
23:31:07,2018-08-16 09:37:27,CS3,CANCEL,BID,101.08,,outside spread bid=101.1 ask=101.11
23:31:07,2018-08-16 09:37:27,CS3,CANCEL,ASK,101.12,,outside spread bid=101.1 ask=101.11
23:31:07,2018-08-16 09:37:27,CS3,SPREAD_TIGHT,,,,spread=0.0100 < 0.04 — waiting
23:31:08,2018-08-16 09:37:28,CS1,SUBMIT,BUY,99.24,3,bid+1tick=99.24 spread=0.1100 pos=+9L
23:31:09,2018-08-16 09:37:28,CS1,SUBMIT,SELL,99.33,3,ask-1tick=99.33 spread=0.1100 pos=+9L
23:31:09,2018-08-16 09:37:28,CS1,STATUS,,,,bid=99.24(REST) ask=99.33(REST) spread=0.1100 pos=+9L
23:31:09,2018-08-16 09:37:28,CS2,CANCEL,BID,100.45,,outside spread bid=100.45 ask=100.47
23:31:09,2018-08-16 09:37:28,CS2,FILLED,ASK,100.47,,order no longer in waiting list
23:31:09,2018-08-16 09:37:28,CS2,SPREAD_TIGHT,,,,spread=0.0200 < 0.04 — waiting
23:31:10,2018-08-16 09:37:28,CS3,SUBMIT,BUY,101.07,3,bid+1tick=101.07 spread=0.0500 pos=-3L
23:31:11,2018-08-16 09:37:28,CS3,SUBMIT,SELL,101.1,3,ask-1tick=101.1 spread=0.0500 pos=-3L
23:31:11,2018-08-16 09:37:28,CS3,STATUS,,,,bid=101.07(REST) ask=101.1(REST) spread=0.0500 pos=-3L
23:31:11,2018-08-16 09:37:34,CS1,CANCEL,BID,99.24,,outside spread bid=99.29 ask=99.32
23:31:11,2018-08-16 09:37:34,CS1,FILLED,ASK,99.33,,order no longer in waiting list
23:31:11,2018-08-16 09:37:34,CS1,SPREAD_TIGHT,,,,spread=0.0300 < 0.04 — waiting
23:31:11,2018-08-16 09:37:34,CS2,SPREAD_TIGHT,,,,spread=0.0300 < 0.04 — waiting
23:31:11,2018-08-16 09:37:34,CS3,FILLED,BID,101.07,,order no longer in waiting list
23:31:11,2018-08-16 09:37:34,CS3,CANCEL,ASK,101.1,,outside spread bid=101.06 ask=101.1
23:31:11,2018-08-16 09:37:34,CS3,SPREAD_TIGHT,,,,spread=0.0400 < 0.04 — waiting
23:31:13,2018-08-16 09:37:35,CS1,SPREAD_TIGHT,,,,spread=0.0100 < 0.04 — waiting
23:31:14,2018-08-16 09:37:35,CS2,SUBMIT,BUY,100.39,3,bid+1tick=100.39 spread=0.1200 pos=-3L
23:31:15,2018-08-16 09:37:35,CS2,SUBMIT,SELL,100.49,3,ask-1tick=100.49 spread=0.1200 pos=-3L
23:31:15,2018-08-16 09:37:35,CS2,STATUS,,,,bid=100.39(REST) ask=100.49(REST) spread=0.1200 pos=-3L
23:31:15,2018-08-16 09:37:35,CS3,SPREAD_TIGHT,,,,spread=0.0100 < 0.04 — waiting
23:31:16,2018-08-16 09:37:38,CS1,SPREAD_TIGHT,,,,spread=0.0100 < 0.04 — waiting
23:31:16,2018-08-16 09:37:38,CS2,CANCEL,BID,100.39,,outside spread bid=100.39 ask=100.49
23:31:16,2018-08-16 09:37:38,CS2,CANCEL,ASK,100.49,,outside spread bid=100.39 ask=100.49
23:31:17,2018-08-16 09:37:38,CS2,SUBMIT,BUY,100.4,3,bid+1tick=100.4 spread=0.1000 pos=-3L
23:31:18,2018-08-16 09:37:38,CS2,SUBMIT,SELL,100.48,3,ask-1tick=100.48 spread=0.1000 pos=-3L
23:31:18,2018-08-16 09:37:38,CS2,STATUS,,,,bid=100.4(REST) ask=100.48(REST) spread=0.1000 pos=-3L
23:31:19,2018-08-16 09:37:38,CS3,SUBMIT,BUY,101.13,3,bid+1tick=101.13 spread=0.0800 pos=+0L
23:31:20,2018-08-16 09:37:38,CS3,SUBMIT,SELL,101.19,3,ask-1tick=101.19 spread=0.0800 pos=+0L
23:31:20,2018-08-16 09:37:38,CS3,STATUS,,,,bid=101.13(REST) ask=101.19(REST) spread=0.0800 pos=+0L
23:31:20,2018-08-16 09:37:42,CS1,SPREAD_TIGHT,,,,spread=0.0100 < 0.04 — waiting
23:31:20,2018-08-16 09:37:42,CS2,FILLED,BID,100.4,,order no longer in waiting list
23:31:20,2018-08-16 09:37:42,CS2,CANCEL,ASK,100.48,,outside spread bid=100.38 ask=100.44
23:31:21,2018-08-16 09:37:42,CS2,SUBMIT,BUY,100.39,3,bid+1tick=100.39 spread=0.0600 pos=+0L
23:31:22,2018-08-16 09:37:42,CS2,SUBMIT,SELL,100.43,3,ask-1tick=100.43 spread=0.0600 pos=+0L
23:31:22,2018-08-16 09:37:42,CS2,STATUS,,,,bid=100.39(REST) ask=100.43(REST) spread=0.0600 pos=+0L
23:31:22,2018-08-16 09:37:42,CS3,FILLED,BID,101.13,,order no longer in waiting list
23:31:22,2018-08-16 09:37:42,CS3,CANCEL,ASK,101.19,,outside spread bid=101.12 ask=101.14
23:31:22,2018-08-16 09:37:42,CS3,SPREAD_TIGHT,,,,spread=0.0200 < 0.04 — waiting
23:31:22,2018-08-16 09:37:43,CS1,SPREAD_TIGHT,,,,spread=0.0100 < 0.04 — waiting
23:31:22,2018-08-16 09:37:43,CS2,CANCEL,BID,100.39,,outside spread bid=100.39 ask=100.42
23:31:22,2018-08-16 09:37:43,CS2,CANCEL,ASK,100.43,,outside spread bid=100.39 ask=100.42
23:31:22,2018-08-16 09:37:43,CS2,SPREAD_TIGHT,,,,spread=0.0300 < 0.04 — waiting
23:31:25,2018-08-16 09:37:46,CS3,SUBMIT,BUY,101.14,3,bid+1tick=101.14 spread=0.1000 pos=+3L
23:31:26,2018-08-16 09:37:46,CS3,SUBMIT,SELL,101.22,3,ask-1tick=101.22 spread=0.1000 pos=+3L
23:31:26,2018-08-16 09:37:46,CS3,STATUS,,,,bid=101.14(REST) ask=101.22(REST) spread=0.1000 pos=+3L
23:31:26,2018-08-16 09:37:48,CS1,SPREAD_TIGHT,,,,spread=0.0100 < 0.04 — waiting
23:31:26,2018-08-16 09:37:48,CS2,SPREAD_TIGHT,,,,spread=0.0100 < 0.04 — waiting
23:31:26,2018-08-16 09:37:48,CS3,CANCEL,BID,101.14,,outside spread bid=101.14 ask=101.16
23:31:26,2018-08-16 09:37:48,CS3,CANCEL,ASK,101.22,,outside spread bid=101.14 ask=101.16
23:31:26,2018-08-16 09:37:48,CS3,SPREAD_TIGHT,,,,spread=0.0200 < 0.04 — waiting
23:31:29,2018-08-16 09:37:49,CS1,SUBMIT,BUY,99.34,3,bid+1tick=99.34 spread=0.0700 pos=+6L
23:31:30,2018-08-16 09:37:49,CS1,SUBMIT,SELL,99.39,3,ask-1tick=99.39 spread=0.0700 pos=+6L
23:31:30,2018-08-16 09:37:49,CS1,STATUS,,,,bid=99.34(REST) ask=99.39(REST) spread=0.0700 pos=+6L
23:31:31,2018-08-16 09:37:49,CS2,SUBMIT,BUY,100.37,3,bid+1tick=100.37 spread=0.0600 pos=+0L
23:31:32,2018-08-16 09:37:49,CS2,SUBMIT,SELL,100.41,3,ask-1tick=100.41 spread=0.0600 pos=+0L
23:31:32,2018-08-16 09:37:49,CS2,STATUS,,,,bid=100.37(REST) ask=100.41(REST) spread=0.0600 pos=+0L
23:31:33,2018-08-16 09:37:49,CS3,SUBMIT,BUY,101.17,3,bid+1tick=101.17 spread=0.0500 pos=+3L
23:31:34,2018-08-16 09:37:49,CS3,SUBMIT,SELL,101.2,3,ask-1tick=101.2 spread=0.0500 pos=+3L
23:31:34,2018-08-16 09:37:49,CS3,STATUS,,,,bid=101.17(REST) ask=101.2(REST) spread=0.0500 pos=+3L
23:31:34,2018-08-16 09:37:57,CS1,FILLED,BID,99.34,,order no longer in waiting list
23:31:34,2018-08-16 09:37:57,CS1,CANCEL,ASK,99.39,,outside spread bid=99.3 ask=99.31
23:31:34,2018-08-16 09:37:57,CS1,SPREAD_TIGHT,,,,spread=0.0100 < 0.04 — waiting
23:31:34,2018-08-16 09:37:57,CS2,CANCEL,BID,100.37,,outside spread bid=100.37 ask=100.41
23:31:34,2018-08-16 09:37:57,CS2,CANCEL,ASK,100.41,,outside spread bid=100.37 ask=100.41
23:31:34,2018-08-16 09:37:57,CS2,SPREAD_TIGHT,,,,spread=0.0400 < 0.04 — waiting
23:31:34,2018-08-16 09:37:57,CS3,CANCEL,BID,101.17,,outside spread bid=101.17 ask=101.2
23:31:34,2018-08-16 09:37:57,CS3,CANCEL,ASK,101.2,,outside spread bid=101.17 ask=101.2
23:31:34,2018-08-16 09:37:57,CS3,SPREAD_TIGHT,,,,spread=0.0300 < 0.04 — waiting
23:31:37,2018-08-16 09:37:59,CS1,SPREAD_TIGHT,,,,spread=0.0100 < 0.04 — waiting
23:31:38,2018-08-16 09:37:59,CS2,SUBMIT,BUY,100.39,3,bid+1tick=100.39 spread=0.0400 pos=+0L
23:31:39,2018-08-16 09:37:59,CS2,SUBMIT,SELL,100.41,3,ask-1tick=100.41 spread=0.0400 pos=+0L
23:31:39,2018-08-16 09:37:59,CS2,STATUS,,,,bid=100.39(REST) ask=100.41(REST) spread=0.0400 pos=+0L
23:31:39,2018-08-16 09:37:59,CS3,SPREAD_TIGHT,,,,spread=0.0200 < 0.04 — waiting
23:31:39,2018-08-16 09:38:01,CS1,SPREAD_TIGHT,,,,spread=0.0400 < 0.04 — waiting
23:31:39,2018-08-16 09:38:01,CS2,CANCEL,BID,100.39,,outside spread bid=100.39 ask=100.41
23:31:39,2018-08-16 09:38:01,CS2,CANCEL,ASK,100.41,,outside spread bid=100.39 ask=100.41
23:31:39,2018-08-16 09:38:01,CS2,SPREAD_TIGHT,,,,spread=0.0200 < 0.04 — waiting
23:31:41,2018-08-16 09:38:03,CS3,SPREAD_TIGHT,,,,spread=0.0200 < 0.04 — waiting
23:31:41,2018-08-16 09:38:03,CS1,SPREAD_TIGHT,,,,spread=0.0300 < 0.04 — waiting
23:31:41,2018-08-16 09:38:03,CS2,SPREAD_TIGHT,,,,spread=0.0100 < 0.04 — waiting
23:31:43,2018-08-16 09:38:04,CS3,SPREAD_TIGHT,,,,spread=0.0200 < 0.04 — waiting
23:31:43,2018-08-16 09:38:04,CS1,SPREAD_TIGHT,,,,spread=0.0300 < 0.04 — waiting
23:31:43,2018-08-16 09:38:04,CS2,SPREAD_TIGHT,,,,spread=0.0100 < 0.04 — waiting
23:31:45,2018-08-16 09:38:07,CS3,SPREAD_TIGHT,,,,spread=0.0300 < 0.04 — waiting
23:31:45,2018-08-16 09:38:07,CS1,SPREAD_TIGHT,,,,spread=0.0200 < 0.04 — waiting
23:31:45,2018-08-16 09:38:07,CS2,SPREAD_TIGHT,,,,spread=0.0100 < 0.04 — waiting
23:31:47,2018-08-16 09:38:08,CS3,SPREAD_TIGHT,,,,spread=0.0300 < 0.04 — waiting
23:31:47,2018-08-16 09:38:09,CS1,SPREAD_TIGHT,,,,spread=0.0200 < 0.04 — waiting
23:31:47,2018-08-16 09:38:09,CS2,SPREAD_TIGHT,,,,spread=0.0100 < 0.04 — waiting
23:31:49,2018-08-16 09:38:11,CS3,SPREAD_TIGHT,,,,spread=0.0300 < 0.04 — waiting
23:31:49,2018-08-16 09:38:11,CS1,SPREAD_TIGHT,,,,spread=0.0300 < 0.04 — waiting
23:31:49,2018-08-16 09:38:11,CS2,SPREAD_TIGHT,,,,spread=0.0100 < 0.04 — waiting
23:31:51,2018-08-16 09:38:13,CS3,SPREAD_TIGHT,,,,spread=0.0100 < 0.04 — waiting
23:31:51,2018-08-16 09:38:13,CS1,SPREAD_TIGHT,,,,spread=0.0100 < 0.04 — waiting
23:31:51,2018-08-16 09:38:13,CS2,SPREAD_TIGHT,,,,spread=0.0100 < 0.04 — waiting
23:31:53,2018-08-16 09:38:14,CS3,SPREAD_TIGHT,,,,spread=0.0400 < 0.04 — waiting
23:31:53,2018-08-16 09:38:14,CS1,SPREAD_TIGHT,,,,spread=0.0100 < 0.04 — waiting
23:31:53,2018-08-16 09:38:14,CS2,SPREAD_TIGHT,,,,spread=0.0200 < 0.04 — waiting
23:31:55,2018-08-16 09:38:17,CS3,SPREAD_TIGHT,,,,spread=0.0400 < 0.04 — waiting
23:31:55,2018-08-16 09:38:17,CS1,SPREAD_TIGHT,,,,spread=0.0100 < 0.04 — waiting
23:31:55,2018-08-16 09:38:17,CS2,SPREAD_TIGHT,,,,spread=0.0400 < 0.04 — waiting
23:31:57,2018-08-16 09:38:18,CS3,SPREAD_TIGHT,,,,spread=0.0300 < 0.04 — waiting
23:31:58,2018-08-16 09:38:18,CS1,SUBMIT,BUY,99.34,3,bid+1tick=99.34 spread=0.0700 pos=+9L
23:31:59,2018-08-16 09:38:18,CS1,SUBMIT,SELL,99.39,3,ask-1tick=99.39 spread=0.0700 pos=+9L
23:31:59,2018-08-16 09:38:18,CS1,STATUS,,,,bid=99.34(REST) ask=99.39(REST) spread=0.0700 pos=+9L
23:31:59,2018-08-16 09:38:18,CS2,SPREAD_TIGHT,,,,spread=0.0100 < 0.04 — waiting
23:31:59,2018-08-16 09:38:18,CS3,SPREAD_TIGHT,,,,spread=0.0400 < 0.04 — waiting
23:31:59,2018-08-16 09:38:21,CS1,CANCEL,BID,99.34,,outside spread bid=99.35 ask=99.39
23:31:59,2018-08-16 09:38:21,CS1,CANCEL,ASK,99.39,,outside spread bid=99.35 ask=99.39
23:32:00,2018-08-16 09:38:21,CS1,SUBMIT,BUY,99.36,3,bid+1tick=99.36 spread=0.0400 pos=+9L
23:32:02,2018-08-16 09:38:21,CS1,SUBMIT,SELL,99.38,3,ask-1tick=99.38 spread=0.0400 pos=+9L
23:32:02,2018-08-16 09:38:21,CS1,STATUS,,,,bid=99.36(REST) ask=99.38(REST) spread=0.0400 pos=+9L
23:32:02,2018-08-16 09:38:21,CS2,SPREAD_TIGHT,,,,spread=0.0400 < 0.04 — waiting
23:32:02,2018-08-16 09:38:21,CS3,SPREAD_TIGHT,,,,spread=0.0200 < 0.04 — waiting
23:32:02,2018-08-16 09:38:24,CS1,CANCEL,BID,99.36,,outside spread bid=99.4 ask=99.41
23:32:02,2018-08-16 09:38:24,CS1,FILLED,ASK,99.38,,order no longer in waiting list
23:32:02,2018-08-16 09:38:24,CS1,SPREAD_TIGHT,,,,spread=0.0100 < 0.04 — waiting
23:32:04,2018-08-16 09:38:24,CS2,SPREAD_TIGHT,,,,spread=0.0400 < 0.04 — waiting
23:32:04,2018-08-16 09:38:24,CS3,SPREAD_TIGHT,,,,spread=0.0200 < 0.04 — waiting
23:32:04,2018-08-16 09:38:24,CS1,SPREAD_TIGHT,,,,spread=0.0100 < 0.04 — waiting
23:32:06,2018-08-16 09:38:27,CS2,SPREAD_TIGHT,,,,spread=0.0400 < 0.04 — waiting
23:32:06,2018-08-16 09:38:27,CS3,SPREAD_TIGHT,,,,spread=0.0400 < 0.04 — waiting
23:32:06,2018-08-16 09:38:28,CS1,SPREAD_TIGHT,,,,spread=0.0100 < 0.04 — waiting
23:32:08,2018-08-16 09:38:29,CS2,SPREAD_TIGHT,,,,spread=0.0400 < 0.04 — waiting
23:32:08,2018-08-16 09:38:29,CS3,SPREAD_TIGHT,,,,spread=0.0200 < 0.04 — waiting
23:32:09,2018-08-16 09:38:29,CS1,SUBMIT,BUY,99.37,3,bid+1tick=99.37 spread=0.0500 pos=+6L
23:32:10,2018-08-16 09:38:29,CS1,SUBMIT,SELL,99.4,3,ask-1tick=99.4 spread=0.0500 pos=+6L
23:32:10,2018-08-16 09:38:29,CS1,STATUS,,,,bid=99.37(REST) ask=99.4(REST) spread=0.0500 pos=+6L
23:32:10,2018-08-16 09:38:29,CS2,SPREAD_TIGHT,,,,spread=0.0400 < 0.04 — waiting
23:32:11,2018-08-16 09:38:29,CS3,SUBMIT,BUY,101.24,3,bid+1tick=101.24 spread=0.0600 pos=+3L
23:32:12,2018-08-16 09:38:29,CS3,SUBMIT,SELL,101.28,3,ask-1tick=101.28 spread=0.0600 pos=+3L
23:32:12,2018-08-16 09:38:29,CS3,STATUS,,,,bid=101.24(REST) ask=101.28(REST) spread=0.0600 pos=+3L
23:32:12,2018-08-16 09:38:35,CS1,FILLED,BID,99.37,,order no longer in waiting list
23:32:12,2018-08-16 09:38:35,CS1,CANCEL,ASK,99.4,,outside spread bid=99.38 ask=99.4
23:32:12,2018-08-16 09:38:35,CS1,SPREAD_TIGHT,,,,spread=0.0200 < 0.04 — waiting
23:32:12,2018-08-16 09:38:35,CS2,SPREAD_TIGHT,,,,spread=0.0100 < 0.04 — waiting
23:32:12,2018-08-16 09:38:35,CS3,FILLED,BID,101.24,,order no longer in waiting list
23:32:12,2018-08-16 09:38:35,CS3,CANCEL,ASK,101.28,,outside spread bid=101.2 ask=101.28
23:32:13,2018-08-16 09:38:35,CS3,SUBMIT,BUY,101.21,3,bid+1tick=101.21 spread=0.0800 pos=+6L
23:32:14,2018-08-16 09:38:35,CS3,SUBMIT,SELL,101.27,3,ask-1tick=101.27 spread=0.0800 pos=+6L
23:32:14,2018-08-16 09:38:35,CS3,STATUS,,,,bid=101.21(REST) ask=101.27(REST) spread=0.0800 pos=+6L
23:32:14,2018-08-16 09:38:35,CS1,SPREAD_TIGHT,,,,spread=0.0100 < 0.04 — waiting
23:32:14,2018-08-16 09:38:35,CS2,SPREAD_TIGHT,,,,spread=0.0100 < 0.04 — waiting
23:32:14,2018-08-16 09:38:35,CS3,FILLED,BID,101.21,,order no longer in waiting list
23:32:14,2018-08-16 09:38:35,CS3,CANCEL,ASK,101.27,,outside spread bid=101.2 ask=101.21
23:32:14,2018-08-16 09:38:35,CS3,SPREAD_TIGHT,,,,spread=0.0100 < 0.04 — waiting
23:32:17,2018-08-16 09:38:39,CS1,SUBMIT,BUY,99.32,3,bid+1tick=99.32 spread=0.0700 pos=+8L
23:32:18,2018-08-16 09:38:39,CS1,SUBMIT,SELL,99.37,3,ask-1tick=99.37 spread=0.0700 pos=+8L
23:32:18,2018-08-16 09:38:39,CS1,STATUS,,,,bid=99.32(REST) ask=99.37(REST) spread=0.0700 pos=+8L
23:32:18,2018-08-16 09:38:39,CS2,SPREAD_TIGHT,,,,spread=0.0100 < 0.04 — waiting
23:32:19,2018-08-16 09:38:39,CS3,SUBMIT,BUY,101.16,3,bid+1tick=101.16 spread=0.1200 pos=+9L
23:32:20,2018-08-16 09:38:39,CS3,SUBMIT,SELL,101.26,3,ask-1tick=101.26 spread=0.1200 pos=+9L
23:32:20,2018-08-16 09:38:39,CS3,STATUS,,,,bid=101.16(REST) ask=101.26(REST) spread=0.1200 pos=+9L
23:32:21,2018-08-16 09:38:42,CS1,CANCEL,BID,99.32,,outside spread bid=99.36 ask=99.38
23:32:21,2018-08-16 09:38:42,CS1,FILLED,ASK,99.37,,order no longer in waiting list
23:32:21,2018-08-16 09:38:42,CS1,SPREAD_TIGHT,,,,spread=0.0200 < 0.04 — waiting
23:32:21,2018-08-16 09:38:42,CS2,SPREAD_TIGHT,,,,spread=0.0100 < 0.04 — waiting
23:32:21,2018-08-16 09:38:42,CS3,CANCEL,BID,101.16,,outside spread bid=101.16 ask=101.26
23:32:21,2018-08-16 09:38:42,CS3,CANCEL,ASK,101.26,,outside spread bid=101.16 ask=101.26
23:32:22,2018-08-16 09:38:42,CS3,SUBMIT,BUY,101.17,3,bid+1tick=101.17 spread=0.1000 pos=+9L
23:32:23,2018-08-16 09:38:42,CS3,SUBMIT,SELL,101.25,3,ask-1tick=101.25 spread=0.1000 pos=+9L
23:32:23,2018-08-16 09:38:42,CS3,STATUS,,,,bid=101.17(REST) ask=101.25(REST) spread=0.1000 pos=+9L
23:32:24,2018-08-16 09:38:44,CS1,SUBMIT,BUY,99.31,3,bid+1tick=99.31 spread=0.0900 pos=+5L
23:32:25,2018-08-16 09:38:44,CS1,SUBMIT,SELL,99.38,3,ask-1tick=99.38 spread=0.0900 pos=+5L
23:32:25,2018-08-16 09:38:44,CS1,STATUS,,,,bid=99.31(REST) ask=99.38(REST) spread=0.0900 pos=+5L
23:32:26,2018-08-16 09:38:44,CS2,SUBMIT,BUY,100.36,3,bid+1tick=100.36 spread=0.0700 pos=+0L
23:32:27,2018-08-16 09:38:44,CS2,SUBMIT,SELL,100.41,3,ask-1tick=100.41 spread=0.0700 pos=+0L
23:32:27,2018-08-16 09:38:44,CS2,STATUS,,,,bid=100.36(REST) ask=100.41(REST) spread=0.0700 pos=+0L
23:32:27,2018-08-16 09:38:44,CS3,FILLED,BID,101.17,,order no longer in waiting list
23:32:27,2018-08-16 09:38:44,CS3,CANCEL,ASK,101.25,,outside spread bid=101.16 ask=101.25
23:32:28,2018-08-16 09:38:44,CS3,SUBMIT,BUY,101.17,3,bid+1tick=101.17 spread=0.0900 pos=+12L
23:32:29,2018-08-16 09:38:44,CS3,SUBMIT,SELL,101.24,3,ask-1tick=101.24 spread=0.0900 pos=+12L
23:32:29,2018-08-16 09:38:44,CS3,STATUS,,,,bid=101.17(REST) ask=101.24(REST) spread=0.0900 pos=+12L
23:32:29,2018-08-16 09:38:48,CS1,CANCEL,BID,99.31,,outside spread bid=99.32 ask=99.38
23:32:29,2018-08-16 09:38:48,CS1,CANCEL,ASK,99.38,,outside spread bid=99.32 ask=99.38
23:32:30,2018-08-16 09:38:48,CS1,SUBMIT,BUY,99.33,3,bid+1tick=99.33 spread=0.0600 pos=+5L
23:32:31,2018-08-16 09:38:48,CS1,SUBMIT,SELL,99.37,3,ask-1tick=99.37 spread=0.0600 pos=+5L
23:32:31,2018-08-16 09:38:48,CS1,STATUS,,,,bid=99.33(REST) ask=99.37(REST) spread=0.0600 pos=+5L
23:32:31,2018-08-16 09:38:48,CS2,CANCEL,BID,100.36,,outside spread bid=100.39 ask=100.4
23:32:31,2018-08-16 09:38:48,CS2,CANCEL,ASK,100.41,,outside spread bid=100.39 ask=100.4
23:32:31,2018-08-16 09:38:48,CS2,SPREAD_TIGHT,,,,spread=0.0100 < 0.04 — waiting
23:32:31,2018-08-16 09:38:48,CS3,CANCEL,BID,101.17,,outside spread bid=101.23 ask=101.27
23:32:31,2018-08-16 09:38:48,CS3,FILLED,ASK,101.24,,order no longer in waiting list
23:32:31,2018-08-16 09:38:48,CS3,SPREAD_TIGHT,,,,spread=0.0400 < 0.04 — waiting
23:32:31,2018-08-16 09:38:53,CS1,CANCEL,BID,99.33,,outside spread bid=99.34 ask=99.36
23:32:31,2018-08-16 09:38:53,CS1,CANCEL,ASK,99.37,,outside spread bid=99.34 ask=99.36
23:32:31,2018-08-16 09:38:53,CS1,SPREAD_TIGHT,,,,spread=0.0200 < 0.04 — waiting
23:32:33,2018-08-16 09:38:55,CS2,SPREAD_TIGHT,,,,spread=0.0300 < 0.04 — waiting
23:32:33,2018-08-16 09:38:55,CS3,SPREAD_TIGHT,,,,spread=0.0300 < 0.04 — waiting
23:32:33,2018-08-16 09:38:55,CS1,SPREAD_TIGHT,,,,spread=0.0200 < 0.04 — waiting
23:32:35,2018-08-16 09:38:57,CS2,SPREAD_TIGHT,,,,spread=0.0300 < 0.04 — waiting
23:32:35,2018-08-16 09:38:57,CS3,SPREAD_TIGHT,,,,spread=0.0300 < 0.04 — waiting
23:32:36,2018-08-16 09:38:57,CS1,SUBMIT,BUY,99.22,3,bid+1tick=99.22 spread=0.0400 pos=+5L
23:32:37,2018-08-16 09:38:57,CS1,SUBMIT,SELL,99.24,3,ask-1tick=99.24 spread=0.0400 pos=+5L
23:32:37,2018-08-16 09:38:57,CS1,STATUS,,,,bid=99.22(REST) ask=99.24(REST) spread=0.0400 pos=+5L
23:32:37,2018-08-16 09:38:57,CS2,SPREAD_TIGHT,,,,spread=0.0200 < 0.04 — waiting
23:32:37,2018-08-16 09:38:57,CS3,SPREAD_TIGHT,,,,spread=0.0200 < 0.04 — waiting
23:32:38,2018-08-16 09:38:57,CS1,CANCEL,BID,99.22,,outside spread bid=99.23 ask=99.24
23:32:38,2018-08-16 09:38:57,CS1,CANCEL,ASK,99.24,,outside spread bid=99.23 ask=99.24
23:32:38,2018-08-16 09:38:57,CS1,SPREAD_TIGHT,,,,spread=0.0100 < 0.04 — waiting
23:32:39,2018-08-16 09:39:02,CS2,SPREAD_TIGHT,,,,spread=0.0300 < 0.04 — waiting
23:32:40,2018-08-16 09:39:02,CS3,SUBMIT,BUY,101.11,3,bid+1tick=101.11 spread=0.1200 pos=+9L
23:32:41,2018-08-16 09:39:02,CS3,SUBMIT,SELL,101.21,3,ask-1tick=101.21 spread=0.1200 pos=+9L
23:32:41,2018-08-16 09:39:02,CS3,STATUS,,,,bid=101.11(REST) ask=101.21(REST) spread=0.1200 pos=+9L
23:32:42,2018-08-16 09:39:02,CS1,SPREAD_TIGHT,,,,spread=0.0100 < 0.04 — waiting
23:32:42,2018-08-16 09:39:02,CS2,SPREAD_TIGHT,,,,spread=0.0200 < 0.04 — waiting
23:32:42,2018-08-16 09:39:02,CS3,FILLED,BID,101.11,,order no longer in waiting list
23:32:42,2018-08-16 09:39:02,CS3,CANCEL,ASK,101.21,,outside spread bid=101.11 ask=101.21
23:32:43,2018-08-16 09:39:02,CS3,SUBMIT,BUY,101.12,3,bid+1tick=101.12 spread=0.1000 pos=+12L
23:32:44,2018-08-16 09:39:02,CS3,SUBMIT,SELL,101.2,3,ask-1tick=101.2 spread=0.1000 pos=+12L
23:32:44,2018-08-16 09:39:02,CS3,STATUS,,,,bid=101.12(REST) ask=101.2(REST) spread=0.1000 pos=+12L
23:32:44,2018-08-16 09:39:02,CS1,SPREAD_TIGHT,,,,spread=0.0100 < 0.04 — waiting
23:32:44,2018-08-16 09:39:02,CS2,SPREAD_TIGHT,,,,spread=0.0200 < 0.04 — waiting
23:32:44,2018-08-16 09:39:02,CS3,CANCEL,BID,101.12,,outside spread bid=101.12 ask=101.17
23:32:44,2018-08-16 09:39:02,CS3,CANCEL,ASK,101.2,,outside spread bid=101.12 ask=101.17
23:32:45,2018-08-16 09:39:02,CS3,SUBMIT,BUY,101.13,3,bid+1tick=101.13 spread=0.0500 pos=+12L
23:32:46,2018-08-16 09:39:02,CS3,SUBMIT,SELL,101.16,3,ask-1tick=101.16 spread=0.0500 pos=+12L
23:32:46,2018-08-16 09:39:02,CS3,STATUS,,,,bid=101.13(REST) ask=101.16(REST) spread=0.0500 pos=+12L
23:32:46,2018-08-16 09:39:08,CS1,SPREAD_TIGHT,,,,spread=0.0400 < 0.04 — waiting
23:32:46,2018-08-16 09:39:08,CS2,SPREAD_TIGHT,,,,spread=0.0300 < 0.04 — waiting
23:32:46,2018-08-16 09:39:08,CS3,FILLED,BID,101.13,,order no longer in waiting list
23:32:46,2018-08-16 09:39:08,CS3,CANCEL,ASK,101.16,,outside spread bid=101.1 ask=101.11
23:32:46,2018-08-16 09:39:08,CS3,SPREAD_TIGHT,,,,spread=0.0100 < 0.04 — waiting
23:32:48,2018-08-16 09:39:10,CS1,SPREAD_TIGHT,,,,spread=0.0300 < 0.04 — waiting
23:32:49,2018-08-16 09:39:10,CS2,SUBMIT,BUY,100.4,3,bid+1tick=100.4 spread=0.0500 pos=+0L
23:32:50,2018-08-16 09:39:10,CS2,SUBMIT,SELL,100.43,3,ask-1tick=100.43 spread=0.0500 pos=+0L
23:32:50,2018-08-16 09:39:10,CS2,STATUS,,,,bid=100.4(REST) ask=100.43(REST) spread=0.0500 pos=+0L
23:32:51,2018-08-16 09:39:10,CS3,SUBMIT,BUY,101.11,3,bid+1tick=101.11 spread=0.0700 pos=+15L
23:32:52,2018-08-16 09:39:10,CS3,SUBMIT,SELL,101.16,3,ask-1tick=101.16 spread=0.0700 pos=+15L
23:32:52,2018-08-16 09:39:10,CS3,STATUS,,,,bid=101.11(REST) ask=101.16(REST) spread=0.0700 pos=+15L
23:32:52,2018-08-16 09:39:14,CS1,SPREAD_TIGHT,,,,spread=0.0200 < 0.04 — waiting
23:32:52,2018-08-16 09:39:14,CS2,CANCEL,BID,100.4,,outside spread bid=100.41 ask=100.43
23:32:52,2018-08-16 09:39:14,CS2,CANCEL,ASK,100.43,,outside spread bid=100.41 ask=100.43
23:32:52,2018-08-16 09:39:14,CS2,SPREAD_TIGHT,,,,spread=0.0200 < 0.04 — waiting
23:32:52,2018-08-16 09:39:14,CS3,CANCEL,BID,101.11,,outside spread bid=101.22 ask=101.26
23:32:52,2018-08-16 09:39:14,CS3,FILLED,ASK,101.16,,order no longer in waiting list
23:32:53,2018-08-16 09:39:14,CS3,SUBMIT,BUY,101.23,3,bid+1tick=101.23 spread=0.0400 pos=+12L
23:32:54,2018-08-16 09:39:14,CS3,SUBMIT,SELL,101.25,3,ask-1tick=101.25 spread=0.0400 pos=+12L
23:32:54,2018-08-16 09:39:14,CS3,STATUS,,,,bid=101.23(REST) ask=101.25(REST) spread=0.0400 pos=+12L
23:32:55,2018-08-16 09:39:17,CS1,SPREAD_TIGHT,,,,spread=0.0300 < 0.04 — waiting
23:32:56,2018-08-16 09:39:17,CS2,SUBMIT,BUY,100.4,3,bid+1tick=100.4 spread=0.0500 pos=+0L
23:32:57,2018-08-16 09:39:17,CS2,SUBMIT,SELL,100.43,3,ask-1tick=100.43 spread=0.0500 pos=+0L
23:32:57,2018-08-16 09:39:17,CS2,STATUS,,,,bid=100.4(REST) ask=100.43(REST) spread=0.0500 pos=+0L
23:32:57,2018-08-16 09:39:17,CS3,FILLED,BID,101.23,,order no longer in waiting list
23:32:57,2018-08-16 09:39:17,CS3,FILLED,ASK,101.25,,order no longer in waiting list
23:32:57,2018-08-16 09:39:17,CS3,SPREAD_TIGHT,,,,spread=0.0400 < 0.04 — waiting
23:32:57,2018-08-16 09:39:18,CS1,SPREAD_TIGHT,,,,spread=0.0300 < 0.04 — waiting
23:32:57,2018-08-16 09:39:18,CS2,CANCEL,BID,100.4,,outside spread bid=100.42 ask=100.44
23:32:57,2018-08-16 09:39:18,CS2,FILLED,ASK,100.43,,order no longer in waiting list
23:32:57,2018-08-16 09:39:18,CS2,SPREAD_TIGHT,,,,spread=0.0200 < 0.04 — waiting
23:32:59,2018-08-16 09:39:18,CS3,SPREAD_TIGHT,,,,spread=0.0400 < 0.04 — waiting
23:32:59,2018-08-16 09:39:18,CS1,SPREAD_TIGHT,,,,spread=0.0300 < 0.04 — waiting
23:32:59,2018-08-16 09:39:18,CS2,SPREAD_TIGHT,,,,spread=0.0200 < 0.04 — waiting
23:33:02,2018-08-16 09:39:18,CS3,SUBMIT,BUY,101.21,3,bid+1tick=101.21 spread=0.0600 pos=+12L
23:33:03,2018-08-16 09:39:18,CS3,SUBMIT,SELL,101.25,3,ask-1tick=101.25 spread=0.0600 pos=+12L
