wall_time,sim_time,symbol,event,side,price,lots,detail
21:44:12,1969-12-31 19:00:00,CS1,NO_BOOK,,,,skipping cycle
21:44:12,1969-12-31 19:00:00,CS2,SUBMIT,BUY,99.89,3,bid+1tick=99.89 spread=0.1000 pos=+0L
21:44:12,1969-12-31 19:00:00,CS2,SUBMIT,SELL,99.97,3,ask-1tick=99.97 spread=0.1000 pos=+0L
21:44:12,1969-12-31 19:00:00,CS2,STATUS,,,,bid=99.89(NEW) ask=99.97(NEW) spread=0.1000 pos=+0L
21:44:12,1969-12-31 19:00:00,CS3,SUBMIT,BUY,100.37,3,bid+1tick=100.37 spread=0.1400 pos=+0L
21:44:12,1969-12-31 19:00:00,CS3,SUBMIT,SELL,100.49,3,ask-1tick=100.49 spread=0.1400 pos=+0L
21:44:12,1969-12-31 19:00:00,CS3,STATUS,,,,bid=100.37(NEW) ask=100.49(NEW) spread=0.1400 pos=+0L
21:44:14,1969-12-31 19:00:00,CS1,NO_BOOK,,,,skipping cycle
21:44:14,1969-12-31 19:00:00,CS2,CANCEL,BUY,99.89,,outside spread bid=99.89 ask=99.97
21:44:14,1969-12-31 19:00:00,CS2,CANCEL,SELL,99.97,,outside spread bid=99.89 ask=99.97
21:44:15,1969-12-31 19:00:00,CS2,SUBMIT,BUY,99.89,3,bid+1tick=99.89 spread=0.1000 pos=+0L
21:44:15,1969-12-31 19:00:00,CS2,SUBMIT,SELL,99.97,3,ask-1tick=99.97 spread=0.1000 pos=+0L
21:44:15,1969-12-31 19:00:00,CS2,STATUS,,,,bid=99.89(NEW) ask=99.97(NEW) spread=0.1000 pos=+0L
21:44:15,1969-12-31 19:00:00,CS3,CANCEL,BUY,100.37,,outside spread bid=100.37 ask=100.45
21:44:23,2018-08-16 09:30:34,CS1,SUBMIT,BUY,99.94,3,bid+1tick=99.94 spread=0.0800 pos=+0L
21:44:23,2018-08-16 09:30:34,CS1,SUBMIT,SELL,100.0,3,ask-1tick=100.0 spread=0.0800 pos=+0L
21:44:23,2018-08-16 09:30:34,CS1,STATUS,,,,bid=99.94(NEW) ask=100.0(NEW) spread=0.0800 pos=+0L
21:44:23,2018-08-16 09:30:34,CS2,SPREAD_TIGHT,,,,spread=0.0300 < 0.04 — cancelling
21:44:23,2018-08-16 09:30:34,CS3,SPREAD_TIGHT,,,,spread=0.0400 < 0.04 — cancelling
21:44:25,2018-08-16 09:30:36,CS1,CANCEL,BUY,99.94,,outside spread bid=99.94 ask=100.0
21:44:25,2018-08-16 09:30:36,CS1,CANCEL,SELL,100.0,,outside spread bid=99.94 ask=100.0
21:44:25,2018-08-16 09:30:36,CS2,SPREAD_TIGHT,,,,spread=0.0100 < 0.04 — cancelling
21:44:25,2018-08-16 09:30:36,CS3,SPREAD_TIGHT,,,,spread=0.0300 < 0.04 — cancelling
21:44:27,2018-08-16 09:30:38,CS1,SPREAD_TIGHT,,,,spread=0.0300 < 0.04 — cancelling
21:44:27,2018-08-16 09:30:39,CS2,SPREAD_TIGHT,,,,spread=0.0100 < 0.04 — cancelling
21:44:27,2018-08-16 09:30:39,CS3,SPREAD_TIGHT,,,,spread=0.0300 < 0.04 — cancelling
21:44:29,2018-08-16 09:30:40,CS1,SUBMIT,BUY,99.93,3,bid+1tick=99.93 spread=0.1100 pos=+0L
21:44:29,2018-08-16 09:30:40,CS1,SUBMIT,SELL,100.02,3,ask-1tick=100.02 spread=0.1100 pos=+0L
21:44:29,2018-08-16 09:30:40,CS1,STATUS,,,,bid=99.93(NEW) ask=100.02(NEW) spread=0.1100 pos=+0L
21:44:30,2018-08-16 09:30:40,CS2,SPREAD_TIGHT,,,,spread=0.0100 < 0.04 — cancelling
21:44:30,2018-08-16 09:30:40,CS3,SPREAD_TIGHT,,,,spread=0.0300 < 0.04 — cancelling
21:44:31,2018-08-16 09:30:42,CS1,SPREAD_TIGHT,,,,spread=0.0100 < 0.04 — cancelling
21:44:32,2018-08-16 09:30:43,CS2,SPREAD_TIGHT,,,,spread=0.0100 < 0.04 — cancelling
21:44:32,2018-08-16 09:30:43,CS3,SUBMIT,BUY,100.39,3,bid+1tick=100.39 spread=0.0800 pos=-3L
21:44:32,2018-08-16 09:30:43,CS3,SUBMIT,SELL,100.45,3,ask-1tick=100.45 spread=0.0800 pos=-3L
21:44:32,2018-08-16 09:30:43,CS3,STATUS,,,,bid=100.39(NEW) ask=100.45(NEW) spread=0.0800 pos=-3L
21:44:33,2018-08-16 09:30:43,CS1,SUBMIT,BUY,99.72,3,bid+1tick=99.72 spread=0.1700 pos=+3L
21:44:33,2018-08-16 09:30:43,CS1,SUBMIT,SELL,99.87,3,ask-1tick=99.87 spread=0.1700 pos=+3L
21:44:33,2018-08-16 09:30:43,CS1,STATUS,,,,bid=99.72(NEW) ask=99.87(NEW) spread=0.1700 pos=+3L
21:44:34,2018-08-16 09:30:43,CS2,SPREAD_TIGHT,,,,spread=0.0100 < 0.04 — cancelling
21:44:34,2018-08-16 09:30:43,CS3,CANCEL,BUY,100.39,,outside spread bid=100.39 ask=100.45
21:44:34,2018-08-16 09:30:43,CS3,CANCEL,SELL,100.45,,outside spread bid=100.39 ask=100.45
21:44:34,2018-08-16 09:30:43,CS3,SUBMIT,BUY,100.39,3,bid+1tick=100.39 spread=0.0800 pos=-3L
21:44:34,2018-08-16 09:30:43,CS3,SUBMIT,SELL,100.45,3,ask-1tick=100.45 spread=0.0800 pos=-3L
21:44:34,2018-08-16 09:30:43,CS3,STATUS,,,,bid=100.39(NEW) ask=100.45(NEW) spread=0.0800 pos=-3L
21:44:35,2018-08-16 09:30:43,CS1,CANCEL,BUY,99.72,,outside spread bid=99.73 ask=99.87
21:44:35,2018-08-16 09:30:43,CS1,CANCEL,SELL,99.87,,outside spread bid=99.73 ask=99.87
21:44:36,2018-08-16 09:30:43,CS1,SUBMIT,BUY,99.76,3,bid+1tick=99.76 spread=0.1200 pos=+3L
21:44:36,2018-08-16 09:30:43,CS1,SUBMIT,SELL,99.86,3,ask-1tick=99.86 spread=0.1200 pos=+3L
21:44:36,2018-08-16 09:30:43,CS1,STATUS,,,,bid=99.76(NEW) ask=99.86(NEW) spread=0.1200 pos=+3L
21:44:36,2018-08-16 09:30:43,CS2,SPREAD_TIGHT,,,,spread=0.0100 < 0.04 — cancelling
21:44:36,2018-08-16 09:30:43,CS3,SPREAD_TIGHT,,,,spread=0.0100 < 0.04 — cancelling
21:44:37,2018-08-16 09:30:48,CS1,CANCEL,BUY,99.76,,outside spread bid=99.76 ask=99.86
21:44:37,2018-08-16 09:30:48,CS1,CANCEL,SELL,99.86,,outside spread bid=99.76 ask=99.86
21:44:38,2018-08-16 09:30:48,CS1,SUBMIT,BUY,99.8,3,bid+1tick=99.8 spread=0.0800 pos=+3L
21:44:38,2018-08-16 09:30:48,CS1,SUBMIT,SELL,99.86,3,ask-1tick=99.86 spread=0.0800 pos=+3L
21:44:38,2018-08-16 09:30:48,CS1,STATUS,,,,bid=99.8(NEW) ask=99.86(NEW) spread=0.0800 pos=+3L
21:44:38,2018-08-16 09:30:48,CS2,SPREAD_TIGHT,,,,spread=0.0200 < 0.04 — cancelling
21:44:38,2018-08-16 09:30:48,CS3,SPREAD_TIGHT,,,,spread=0.0100 < 0.04 — cancelling
21:44:39,2018-08-16 09:30:50,CS1,CANCEL,BUY,99.8,,outside spread bid=99.8 ask=99.86
21:44:39,2018-08-16 09:30:50,CS1,CANCEL,SELL,99.86,,outside spread bid=99.8 ask=99.86
21:44:40,2018-08-16 09:30:50,CS1,SUBMIT,BUY,99.81,3,bid+1tick=99.81 spread=0.0700 pos=+3L
21:44:40,2018-08-16 09:30:50,CS1,SUBMIT,SELL,99.86,3,ask-1tick=99.86 spread=0.0700 pos=+3L
21:44:40,2018-08-16 09:30:50,CS1,STATUS,,,,bid=99.81(NEW) ask=99.86(NEW) spread=0.0700 pos=+3L
21:44:40,2018-08-16 09:30:50,CS2,SUBMIT,BUY,99.91,3,bid+1tick=99.91 spread=0.0600 pos=+0L
21:44:40,2018-08-16 09:30:50,CS2,SUBMIT,SELL,99.95,3,ask-1tick=99.95 spread=0.0600 pos=+0L
21:44:40,2018-08-16 09:30:50,CS2,STATUS,,,,bid=99.91(NEW) ask=99.95(NEW) spread=0.0600 pos=+0L
21:44:40,2018-08-16 09:30:50,CS3,SPREAD_TIGHT,,,,spread=0.0100 < 0.04 — cancelling
21:44:41,2018-08-16 09:30:52,CS1,SPREAD_TIGHT,,,,spread=0.0400 < 0.04 — cancelling
21:44:42,2018-08-16 09:30:53,CS2,SPREAD_TIGHT,,,,spread=0.0200 < 0.04 — cancelling
21:44:42,2018-08-16 09:30:53,CS3,SPREAD_TIGHT,,,,spread=0.0100 < 0.04 — cancelling
21:44:43,2018-08-16 09:30:55,CS1,SUBMIT,BUY,99.81,3,bid+1tick=99.81 spread=0.0500 pos=+3L
21:44:43,2018-08-16 09:30:55,CS1,SUBMIT,SELL,99.84,3,ask-1tick=99.84 spread=0.0500 pos=+3L
21:44:43,2018-08-16 09:30:55,CS1,STATUS,,,,bid=99.81(NEW) ask=99.84(NEW) spread=0.0500 pos=+3L
21:44:44,2018-08-16 09:30:55,CS2,SPREAD_TIGHT,,,,spread=0.0100 < 0.04 — cancelling
21:44:44,2018-08-16 09:30:55,CS3,SPREAD_TIGHT,,,,spread=0.0100 < 0.04 — cancelling
21:44:45,2018-08-16 09:30:57,CS1,SPREAD_TIGHT,,,,spread=0.0100 < 0.04 — cancelling
21:44:46,2018-08-16 09:30:57,CS2,SPREAD_TIGHT,,,,spread=0.0100 < 0.04 — cancelling
21:44:46,2018-08-16 09:30:57,CS3,SPREAD_TIGHT,,,,spread=0.0100 < 0.04 — cancelling
21:44:47,2018-08-16 09:30:58,CS1,SPREAD_TIGHT,,,,spread=0.0200 < 0.04 — cancelling
21:44:48,2018-08-16 09:30:59,CS2,SPREAD_TIGHT,,,,spread=0.0100 < 0.04 — cancelling
21:44:48,2018-08-16 09:30:59,CS3,SUBMIT,BUY,100.39,3,bid+1tick=100.39 spread=0.0800 pos=-6L
21:44:48,2018-08-16 09:30:59,CS3,SUBMIT,SELL,100.45,3,ask-1tick=100.45 spread=0.0800 pos=-6L
21:44:48,2018-08-16 09:30:59,CS3,STATUS,,,,bid=100.39(NEW) ask=100.45(NEW) spread=0.0800 pos=-6L
21:44:49,2018-08-16 09:31:01,CS1,SPREAD_TIGHT,,,,spread=0.0200 < 0.04 — cancelling
21:44:50,2018-08-16 09:31:01,CS2,SPREAD_TIGHT,,,,spread=0.0300 < 0.04 — cancelling
21:44:50,2018-08-16 09:31:01,CS3,CANCEL,BUY,100.39,,outside spread bid=100.39 ask=100.45
21:44:50,2018-08-16 09:31:01,CS3,CANCEL,SELL,100.45,,outside spread bid=100.39 ask=100.45
21:44:51,2018-08-16 09:31:03,CS1,SPREAD_TIGHT,,,,spread=0.0300 < 0.04 — cancelling
21:44:52,2018-08-16 09:31:03,CS2,SPREAD_TIGHT,,,,spread=0.0300 < 0.04 — cancelling
21:44:52,2018-08-16 09:31:03,CS3,SUBMIT,BUY,100.35,3,bid+1tick=100.35 spread=0.1500 pos=-6L
21:44:52,2018-08-16 09:31:03,CS3,SUBMIT,SELL,100.48,3,ask-1tick=100.48 spread=0.1500 pos=-6L
21:44:52,2018-08-16 09:31:03,CS3,STATUS,,,,bid=100.35(NEW) ask=100.48(NEW) spread=0.1500 pos=-6L
21:44:53,2018-08-16 09:31:03,CS1,SPREAD_TIGHT,,,,spread=0.0200 < 0.04 — cancelling
21:44:54,2018-08-16 09:31:06,CS2,SPREAD_TIGHT,,,,spread=0.0100 < 0.04 — cancelling
21:44:54,2018-08-16 09:31:06,CS3,CANCEL,BUY,100.35,,outside spread bid=100.35 ask=100.48
21:44:54,2018-08-16 09:31:06,CS3,CANCEL,SELL,100.48,,outside spread bid=100.35 ask=100.48
21:44:55,2018-08-16 09:31:06,CS3,SUBMIT,BUY,100.35,3,bid+1tick=100.35 spread=0.1500 pos=-6L
21:44:55,2018-08-16 09:31:06,CS3,SUBMIT,SELL,100.48,3,ask-1tick=100.48 spread=0.1500 pos=-6L
21:44:55,2018-08-16 09:31:06,CS3,STATUS,,,,bid=100.35(NEW) ask=100.48(NEW) spread=0.1500 pos=-6L
21:44:55,2018-08-16 09:31:07,CS1,SPREAD_TIGHT,,,,spread=0.0200 < 0.04 — cancelling
21:44:56,2018-08-16 09:31:07,CS2,SPREAD_TIGHT,,,,spread=0.0100 < 0.04 — cancelling
21:44:56,2018-08-16 09:31:07,CS3,CANCEL,BUY,100.35,,outside spread bid=100.35 ask=100.44
21:44:56,2018-08-16 09:31:07,CS3,CANCEL,SELL,100.48,,outside spread bid=100.35 ask=100.44
21:44:57,2018-08-16 09:31:07,CS3,SUBMIT,BUY,100.35,3,bid+1tick=100.35 spread=0.1000 pos=-6L
21:44:57,2018-08-16 09:31:07,CS3,SUBMIT,SELL,100.43,3,ask-1tick=100.43 spread=0.1000 pos=-6L
21:44:57,2018-08-16 09:31:07,CS3,STATUS,,,,bid=100.35(NEW) ask=100.43(NEW) spread=0.1000 pos=-6L
21:44:57,2018-08-16 09:31:08,CS1,SPREAD_TIGHT,,,,spread=0.0300 < 0.04 — cancelling
21:44:58,2018-08-16 09:31:08,CS2,SPREAD_TIGHT,,,,spread=0.0100 < 0.04 — cancelling
21:44:58,2018-08-16 09:31:08,CS3,SPREAD_TIGHT,,,,spread=0.0300 < 0.04 — cancelling
21:45:00,2018-08-16 09:31:11,CS1,SUBMIT,BUY,99.74,3,bid+1tick=99.74 spread=0.0900 pos=+3L
21:45:00,2018-08-16 09:31:11,CS1,SUBMIT,SELL,99.81,3,ask-1tick=99.81 spread=0.0900 pos=+3L
21:45:00,2018-08-16 09:31:11,CS1,STATUS,,,,bid=99.74(NEW) ask=99.81(NEW) spread=0.0900 pos=+3L
21:45:00,2018-08-16 09:31:11,CS2,SUBMIT,BUY,99.9,3,bid+1tick=99.9 spread=0.0500 pos=+3L
21:45:00,2018-08-16 09:31:11,CS2,SUBMIT,SELL,99.93,3,ask-1tick=99.93 spread=0.0500 pos=+3L
21:45:00,2018-08-16 09:31:11,CS2,STATUS,,,,bid=99.9(NEW) ask=99.93(NEW) spread=0.0500 pos=+3L
21:45:00,2018-08-16 09:31:11,CS3,SPREAD_TIGHT,,,,spread=0.0300 < 0.04 — cancelling
21:45:02,2018-08-16 09:31:12,CS1,CANCEL,BUY,99.74,,outside spread bid=99.74 ask=99.8
21:45:02,2018-08-16 09:31:12,CS1,CANCEL,SELL,99.81,,outside spread bid=99.74 ask=99.8
21:45:02,2018-08-16 09:31:12,CS1,SUBMIT,BUY,99.74,3,bid+1tick=99.74 spread=0.0700 pos=+3L
21:45:02,2018-08-16 09:31:12,CS1,SUBMIT,SELL,99.79,3,ask-1tick=99.79 spread=0.0700 pos=+3L
21:45:02,2018-08-16 09:31:12,CS1,STATUS,,,,bid=99.74(NEW) ask=99.79(NEW) spread=0.0700 pos=+3L
21:45:02,2018-08-16 09:31:12,CS2,SPREAD_TIGHT,,,,spread=0.0300 < 0.04 — cancelling
21:45:02,2018-08-16 09:31:12,CS3,SPREAD_TIGHT,,,,spread=0.0300 < 0.04 — cancelling
21:45:04,2018-08-16 09:31:12,CS1,SPREAD_TIGHT,,,,spread=0.0100 < 0.04 — cancelling
21:45:04,2018-08-16 09:31:12,CS2,SPREAD_TIGHT,,,,spread=0.0100 < 0.04 — cancelling
21:45:04,2018-08-16 09:31:12,CS3,SPREAD_TIGHT,,,,spread=0.0300 < 0.04 — cancelling
21:45:06,2018-08-16 09:31:17,CS1,SPREAD_TIGHT,,,,spread=0.0200 < 0.04 — cancelling
21:45:06,2018-08-16 09:31:18,CS2,SPREAD_TIGHT,,,,spread=0.0100 < 0.04 — cancelling
21:45:06,2018-08-16 09:31:18,CS3,SUBMIT,BUY,100.37,3,bid+1tick=100.37 spread=0.1300 pos=-3L
21:45:06,2018-08-16 09:31:18,CS3,SUBMIT,SELL,100.48,3,ask-1tick=100.48 spread=0.1300 pos=-3L
21:45:06,2018-08-16 09:31:18,CS3,STATUS,,,,bid=100.37(NEW) ask=100.48(NEW) spread=0.1300 pos=-3L
21:45:08,2018-08-16 09:31:19,CS1,SPREAD_TIGHT,,,,spread=0.0400 < 0.04 — cancelling
21:45:08,2018-08-16 09:31:19,CS2,SPREAD_TIGHT,,,,spread=0.0100 < 0.04 — cancelling
21:45:08,2018-08-16 09:31:19,CS3,CANCEL,BUY,100.37,,outside spread bid=100.41 ask=100.48
21:45:09,2018-08-16 09:31:19,CS3,CANCEL,SELL,100.48,,outside spread bid=100.41 ask=100.48
21:45:09,2018-08-16 09:31:19,CS3,SUBMIT,BUY,100.42,3,bid+1tick=100.42 spread=0.0800 pos=-3L
21:45:09,2018-08-16 09:31:19,CS3,SUBMIT,SELL,100.48,3,ask-1tick=100.48 spread=0.0800 pos=-3L
21:45:09,2018-08-16 09:31:19,CS3,STATUS,,,,bid=100.42(NEW) ask=100.48(NEW) spread=0.0800 pos=-3L
21:45:10,2018-08-16 09:31:21,CS1,SPREAD_TIGHT,,,,spread=0.0400 < 0.04 — cancelling
21:45:10,2018-08-16 09:31:21,CS2,SPREAD_TIGHT,,,,spread=0.0100 < 0.04 — cancelling
21:45:10,2018-08-16 09:31:21,CS3,CANCEL,SELL,100.48,,outside spread bid=100.43 ask=100.48
21:45:11,2018-08-16 09:31:21,CS3,SUBMIT,BUY,100.44,3,bid+1tick=100.44 spread=0.0600 pos=+0L
21:45:11,2018-08-16 09:31:21,CS3,SUBMIT,SELL,100.48,3,ask-1tick=100.48 spread=0.0600 pos=+0L
21:45:11,2018-08-16 09:31:21,CS3,STATUS,,,,bid=100.44(NEW) ask=100.48(NEW) spread=0.0600 pos=+0L
21:45:12,2018-08-16 09:31:21,CS1,SPREAD_TIGHT,,,,spread=0.0400 < 0.04 — cancelling
21:45:13,2018-08-16 09:31:21,CS2,SPREAD_TIGHT,,,,spread=0.0300 < 0.04 — cancelling
21:45:13,2018-08-16 09:31:21,CS3,CANCEL,BUY,100.44,,outside spread bid=100.44 ask=100.48
21:45:13,2018-08-16 09:31:21,CS3,CANCEL,SELL,100.48,,outside spread bid=100.44 ask=100.48
21:45:13,2018-08-16 09:31:21,CS3,SUBMIT,BUY,100.44,3,bid+1tick=100.44 spread=0.0600 pos=+0L
21:45:13,2018-08-16 09:31:21,CS3,SUBMIT,SELL,100.48,3,ask-1tick=100.48 spread=0.0600 pos=+0L
21:45:13,2018-08-16 09:31:21,CS3,STATUS,,,,bid=100.44(NEW) ask=100.48(NEW) spread=0.0600 pos=+0L
21:45:14,2018-08-16 09:31:21,CS1,SPREAD_TIGHT,,,,spread=0.0400 < 0.04 — cancelling
21:45:15,2018-08-16 09:31:21,CS2,SPREAD_TIGHT,,,,spread=0.0300 < 0.04 — cancelling
21:45:15,2018-08-16 09:31:21,CS3,CANCEL,BUY,100.44,,outside spread bid=100.44 ask=100.48
21:45:15,2018-08-16 09:31:21,CS3,CANCEL,SELL,100.48,,outside spread bid=100.44 ask=100.48
21:45:15,2018-08-16 09:31:21,CS3,SUBMIT,BUY,100.44,3,bid+1tick=100.44 spread=0.0600 pos=+0L
21:45:15,2018-08-16 09:31:21,CS3,SUBMIT,SELL,100.48,3,ask-1tick=100.48 spread=0.0600 pos=+0L
21:45:15,2018-08-16 09:31:21,CS3,STATUS,,,,bid=100.44(NEW) ask=100.48(NEW) spread=0.0600 pos=+0L
21:45:16,2018-08-16 09:31:27,CS1,SPREAD_TIGHT,,,,spread=0.0400 < 0.04 — cancelling
21:45:17,2018-08-16 09:31:27,CS2,SPREAD_TIGHT,,,,spread=0.0300 < 0.04 — cancelling
21:45:17,2018-08-16 09:31:27,CS3,SPREAD_TIGHT,,,,spread=0.0100 < 0.04 — cancelling
21:45:18,2018-08-16 09:31:30,CS1,SUBMIT,BUY,99.74,3,bid+1tick=99.74 spread=0.0900 pos=+3L
21:45:18,2018-08-16 09:31:30,CS1,SUBMIT,SELL,99.81,3,ask-1tick=99.81 spread=0.0900 pos=+3L
21:45:18,2018-08-16 09:31:30,CS1,STATUS,,,,bid=99.74(NEW) ask=99.81(NEW) spread=0.0900 pos=+3L
21:45:19,2018-08-16 09:31:30,CS2,SPREAD_TIGHT,,,,spread=0.0400 < 0.04 — cancelling
21:45:19,2018-08-16 09:31:30,CS3,SPREAD_TIGHT,,,,spread=0.0300 < 0.04 — cancelling
21:45:20,2018-08-16 09:31:30,CS1,SPREAD_TIGHT,,,,spread=0.0300 < 0.04 — cancelling
21:45:21,2018-08-16 09:31:32,CS2,SPREAD_TIGHT,,,,spread=0.0100 < 0.04 — cancelling
21:45:21,2018-08-16 09:31:32,CS3,SPREAD_TIGHT,,,,spread=0.0300 < 0.04 — cancelling
21:45:22,2018-08-16 09:31:33,CS1,SPREAD_TIGHT,,,,spread=0.0100 < 0.04 — cancelling
21:45:23,2018-08-16 09:31:34,CS2,NO_BOOK,,,,skipping cycle
21:45:23,2018-08-16 09:31:34,CS3,SPREAD_TIGHT,,,,spread=0.0300 < 0.04 — cancelling
21:45:24,2018-08-16 09:31:35,CS1,SPREAD_TIGHT,,,,spread=0.0400 < 0.04 — cancelling
21:45:25,2018-08-16 09:31:36,CS2,SPREAD_TIGHT,,,,spread=0.0100 < 0.04 — cancelling
21:45:25,2018-08-16 09:31:36,CS3,SPREAD_TIGHT,,,,spread=0.0300 < 0.04 — cancelling
21:45:26,2018-08-16 09:31:37,CS1,SPREAD_TIGHT,,,,spread=0.0200 < 0.04 — cancelling
21:45:27,2018-08-16 09:31:38,CS2,SPREAD_TIGHT,,,,spread=0.0100 < 0.04 — cancelling
21:45:27,2018-08-16 09:31:38,CS3,SUBMIT,BUY,100.3,3,bid+1tick=100.3 spread=0.2200 pos=+0L
21:45:27,2018-08-16 09:31:38,CS3,SUBMIT,SELL,100.5,3,ask-1tick=100.5 spread=0.2200 pos=+0L
21:45:27,2018-08-16 09:31:38,CS3,STATUS,,,,bid=100.3(NEW) ask=100.5(NEW) spread=0.2200 pos=+0L
21:45:28,2018-08-16 09:31:39,CS1,SPREAD_TIGHT,,,,spread=0.0300 < 0.04 — cancelling
21:45:29,2018-08-16 09:31:39,CS2,SUBMIT,BUY,100.03,3,bid+1tick=100.03 spread=0.0500 pos=+3L
21:45:29,2018-08-16 09:31:39,CS2,SUBMIT,SELL,100.06,3,ask-1tick=100.06 spread=0.0500 pos=+3L
21:45:29,2018-08-16 09:31:39,CS2,STATUS,,,,bid=100.03(NEW) ask=100.06(NEW) spread=0.0500 pos=+3L
21:45:29,2018-08-16 09:31:39,CS3,CANCEL,BUY,100.3,,outside spread bid=100.41 ask=100.5
21:45:29,2018-08-16 09:31:39,CS3,CANCEL,SELL,100.5,,outside spread bid=100.41 ask=100.5
21:45:29,2018-08-16 09:31:39,CS3,SUBMIT,BUY,100.42,3,bid+1tick=100.42 spread=0.1000 pos=+0L
21:45:29,2018-08-16 09:31:39,CS3,SUBMIT,SELL,100.5,3,ask-1tick=100.5 spread=0.1000 pos=+0L
21:45:29,2018-08-16 09:31:39,CS3,STATUS,,,,bid=100.42(NEW) ask=100.5(NEW) spread=0.1000 pos=+0L
21:45:30,2018-08-16 09:31:42,CS1,SPREAD_TIGHT,,,,spread=0.0100 < 0.04 — cancelling
21:45:31,2018-08-16 09:31:42,CS2,CANCEL,SELL,100.06,,outside spread bid=99.94 ask=100.06
21:45:32,2018-08-16 09:31:42,CS2,SUBMIT,BUY,100.01,3,bid+1tick=100.01 spread=0.0700 pos=+6L
21:45:32,2018-08-16 09:31:42,CS2,SUBMIT,SELL,100.06,3,ask-1tick=100.06 spread=0.0700 pos=+6L
21:45:32,2018-08-16 09:31:42,CS2,STATUS,,,,bid=100.01(NEW) ask=100.06(NEW) spread=0.0700 pos=+6L
21:45:32,2018-08-16 09:31:42,CS3,CANCEL,BUY,100.42,,outside spread bid=100.44 ask=100.5
21:45:32,2018-08-16 09:31:42,CS3,CANCEL,SELL,100.5,,outside spread bid=100.44 ask=100.5
21:45:32,2018-08-16 09:31:42,CS3,SUBMIT,BUY,100.45,3,bid+1tick=100.45 spread=0.0700 pos=+0L
21:45:32,2018-08-16 09:31:42,CS3,SUBMIT,SELL,100.5,3,ask-1tick=100.5 spread=0.0700 pos=+0L
21:45:32,2018-08-16 09:31:42,CS3,STATUS,,,,bid=100.45(NEW) ask=100.5(NEW) spread=0.0700 pos=+0L
21:45:32,2018-08-16 09:31:44,CS1,SPREAD_TIGHT,,,,spread=0.0100 < 0.04 — cancelling
21:45:33,2018-08-16 09:31:44,CS2,CANCEL,BUY,100.01,,outside spread bid=100.01 ask=100.06
21:45:33,2018-08-16 09:31:44,CS2,CANCEL,SELL,100.06,,outside spread bid=100.01 ask=100.06
21:45:34,2018-08-16 09:31:44,CS2,SUBMIT,BUY,100.01,3,bid+1tick=100.01 spread=0.0700 pos=+6L
21:45:34,2018-08-16 09:31:44,CS2,SUBMIT,SELL,100.06,3,ask-1tick=100.06 spread=0.0700 pos=+6L
21:45:34,2018-08-16 09:31:44,CS2,STATUS,,,,bid=100.01(NEW) ask=100.06(NEW) spread=0.0700 pos=+6L
21:45:34,2018-08-16 09:31:44,CS3,CANCEL,BUY,100.45,,outside spread bid=100.45 ask=100.5
21:45:34,2018-08-16 09:31:44,CS3,CANCEL,SELL,100.5,,outside spread bid=100.45 ask=100.5
21:45:34,2018-08-16 09:31:44,CS3,SUBMIT,BUY,100.42,3,bid+1tick=100.42 spread=0.1000 pos=+0L
21:45:34,2018-08-16 09:31:44,CS3,SUBMIT,SELL,100.5,3,ask-1tick=100.5 spread=0.1000 pos=+0L
21:45:34,2018-08-16 09:31:44,CS3,STATUS,,,,bid=100.42(NEW) ask=100.5(NEW) spread=0.1000 pos=+0L
21:45:35,2018-08-16 09:31:46,CS1,SPREAD_TIGHT,,,,spread=0.0100 < 0.04 — cancelling
21:45:35,2018-08-16 09:31:47,CS2,SPREAD_TIGHT,,,,spread=0.0200 < 0.04 — cancelling
21:45:36,2018-08-16 09:31:47,CS3,CANCEL,BUY,100.42,,outside spread bid=100.42 ask=100.48
21:45:36,2018-08-16 09:31:47,CS3,CANCEL,SELL,100.5,,outside spread bid=100.42 ask=100.48
21:45:36,2018-08-16 09:31:47,CS3,SUBMIT,BUY,100.42,3,bid+1tick=100.42 spread=0.0700 pos=+0L
21:45:36,2018-08-16 09:31:47,CS3,SUBMIT,SELL,100.47,3,ask-1tick=100.47 spread=0.0700 pos=+0L
21:45:36,2018-08-16 09:31:47,CS3,STATUS,,,,bid=100.42(NEW) ask=100.47(NEW) spread=0.0700 pos=+0L
21:45:37,2018-08-16 09:31:47,CS1,SPREAD_TIGHT,,,,spread=0.0100 < 0.04 — cancelling
21:45:37,2018-08-16 09:31:47,CS2,SPREAD_TIGHT,,,,spread=0.0300 < 0.04 — cancelling
21:45:38,2018-08-16 09:31:50,CS3,CANCEL,SELL,100.47,,outside spread bid=100.42 ask=100.47
21:45:38,2018-08-16 09:31:50,CS3,SUBMIT,BUY,100.42,3,bid+1tick=100.42 spread=0.0700 pos=+3L
21:45:38,2018-08-16 09:31:50,CS3,SUBMIT,SELL,100.47,3,ask-1tick=100.47 spread=0.0700 pos=+3L
21:45:38,2018-08-16 09:31:50,CS3,STATUS,,,,bid=100.42(NEW) ask=100.47(NEW) spread=0.0700 pos=+3L
21:45:39,2018-08-16 09:31:50,CS1,SPREAD_TIGHT,,,,spread=0.0200 < 0.04 — cancelling
21:45:39,2018-08-16 09:31:51,CS2,SPREAD_TIGHT,,,,spread=0.0300 < 0.04 — cancelling
21:45:40,2018-08-16 09:31:52,CS3,CANCEL,SELL,100.47,,outside spread bid=100.34 ask=100.4
21:45:41,2018-08-16 09:31:52,CS1,SPREAD_TIGHT,,,,spread=0.0200 < 0.04 — cancelling
21:45:42,2018-08-16 09:31:53,CS2,SPREAD_TIGHT,,,,spread=0.0300 < 0.04 — cancelling
21:45:42,2018-08-16 09:31:53,CS3,SPREAD_TIGHT,,,,spread=0.0100 < 0.04 — cancelling
21:45:43,2018-08-16 09:31:54,CS1,SPREAD_TIGHT,,,,spread=0.0200 < 0.04 — cancelling
21:45:44,2018-08-16 09:31:55,CS2,SUBMIT,BUY,100.01,3,bid+1tick=100.01 spread=0.0500 pos=+6L
21:45:44,2018-08-16 09:31:55,CS2,SUBMIT,SELL,100.04,3,ask-1tick=100.04 spread=0.0500 pos=+6L
21:45:44,2018-08-16 09:31:55,CS2,STATUS,,,,bid=100.01(NEW) ask=100.04(NEW) spread=0.0500 pos=+6L
21:45:44,2018-08-16 09:31:55,CS3,SPREAD_TIGHT,,,,spread=0.0100 < 0.04 — cancelling
21:45:45,2018-08-16 09:31:55,CS1,SPREAD_TIGHT,,,,spread=0.0200 < 0.04 — cancelling
21:45:46,2018-08-16 09:31:57,CS2,SPREAD_TIGHT,,,,spread=0.0200 < 0.04 — cancelling
21:45:46,2018-08-16 09:31:58,CS3,SPREAD_TIGHT,,,,spread=0.0100 < 0.04 — cancelling
21:45:47,2018-08-16 09:31:58,CS1,SUBMIT,BUY,99.8,3,bid+1tick=99.8 spread=0.1000 pos=+3L
21:45:47,2018-08-16 09:31:58,CS1,SUBMIT,SELL,99.88,3,ask-1tick=99.88 spread=0.1000 pos=+3L
21:45:47,2018-08-16 09:31:58,CS1,STATUS,,,,bid=99.8(NEW) ask=99.88(NEW) spread=0.1000 pos=+3L
21:45:48,2018-08-16 09:31:59,CS2,SPREAD_TIGHT,,,,spread=0.0200 < 0.04 — cancelling
21:45:48,2018-08-16 09:31:59,CS3,SUBMIT,BUY,100.38,3,bid+1tick=100.38 spread=0.1400 pos=+6L
21:45:48,2018-08-16 09:31:59,CS3,SUBMIT,SELL,100.5,3,ask-1tick=100.5 spread=0.1400 pos=+6L
21:45:48,2018-08-16 09:31:59,CS3,STATUS,,,,bid=100.38(NEW) ask=100.5(NEW) spread=0.1400 pos=+6L
21:45:49,2018-08-16 09:31:59,CS1,CANCEL,BUY,99.8,,outside spread bid=99.8 ask=99.92
21:45:50,2018-08-16 09:31:59,CS1,SUBMIT,BUY,99.86,3,bid+1tick=99.86 spread=0.0700 pos=+0L
21:45:50,2018-08-16 09:31:59,CS1,SUBMIT,SELL,99.91,3,ask-1tick=99.91 spread=0.0700 pos=+0L
21:45:50,2018-08-16 09:31:59,CS1,STATUS,,,,bid=99.86(NEW) ask=99.91(NEW) spread=0.0700 pos=+0L
21:45:50,2018-08-16 09:32:01,CS2,SUBMIT,BUY,99.95,3,bid+1tick=99.95 spread=0.1100 pos=+9L
21:45:50,2018-08-16 09:32:01,CS2,SUBMIT,SELL,100.04,3,ask-1tick=100.04 spread=0.1100 pos=+9L
21:45:50,2018-08-16 09:32:01,CS2,STATUS,,,,bid=99.95(NEW) ask=100.04(NEW) spread=0.1100 pos=+9L
21:45:51,2018-08-16 09:32:01,CS3,CANCEL,BUY,100.38,,outside spread bid=100.42 ask=100.5
21:45:51,2018-08-16 09:32:01,CS3,CANCEL,SELL,100.5,,outside spread bid=100.42 ask=100.5
21:45:51,2018-08-16 09:32:01,CS3,SUBMIT,BUY,100.45,3,bid+1tick=100.45 spread=0.0700 pos=+6L
21:45:51,2018-08-16 09:32:01,CS3,SUBMIT,SELL,100.5,3,ask-1tick=100.5 spread=0.0700 pos=+6L
21:45:51,2018-08-16 09:32:01,CS3,STATUS,,,,bid=100.45(NEW) ask=100.5(NEW) spread=0.0700 pos=+6L
21:45:51,2018-08-16 09:32:02,CS1,SPREAD_TIGHT,,,,spread=0.0200 < 0.04 — cancelling
21:45:52,2018-08-16 09:32:02,CS2,CANCEL,SELL,100.04,,outside spread bid=99.93 ask=100.0
21:45:52,2018-08-16 09:32:02,CS2,SUBMIT,BUY,99.94,3,bid+1tick=99.94 spread=0.0700 pos=+12L
21:45:52,2018-08-16 09:32:02,CS2,SUBMIT,SELL,99.99,3,ask-1tick=99.99 spread=0.0700 pos=+12L
21:45:52,2018-08-16 09:32:02,CS2,STATUS,,,,bid=99.94(NEW) ask=99.99(NEW) spread=0.0700 pos=+12L
21:45:53,2018-08-16 09:32:04,CS3,CANCEL,BUY,100.45,,outside spread bid=100.45 ask=100.5
21:45:53,2018-08-16 09:32:04,CS3,CANCEL,SELL,100.5,,outside spread bid=100.45 ask=100.5
21:45:53,2018-08-16 09:32:04,CS3,SUBMIT,BUY,100.45,3,bid+1tick=100.45 spread=0.0700 pos=+6L
21:45:53,2018-08-16 09:32:04,CS3,SUBMIT,SELL,100.5,3,ask-1tick=100.5 spread=0.0700 pos=+6L
21:45:53,2018-08-16 09:32:04,CS3,STATUS,,,,bid=100.45(NEW) ask=100.5(NEW) spread=0.0700 pos=+6L
21:45:54,2018-08-16 09:32:04,CS1,SPREAD_TIGHT,,,,spread=0.0300 < 0.04 — cancelling
21:45:54,2018-08-16 09:32:04,CS2,SPREAD_TIGHT,,,,spread=0.0200 < 0.04 — cancelling
21:45:55,2018-08-16 09:32:04,CS3,CANCEL,BUY,100.45,,outside spread bid=100.45 ask=100.5
21:45:55,2018-08-16 09:32:04,CS3,CANCEL,SELL,100.5,,outside spread bid=100.45 ask=100.5
21:45:55,2018-08-16 09:32:04,CS3,SUBMIT,BUY,100.45,3,bid+1tick=100.45 spread=0.0700 pos=+6L
21:45:55,2018-08-16 09:32:04,CS3,SUBMIT,SELL,100.5,3,ask-1tick=100.5 spread=0.0700 pos=+6L
21:45:55,2018-08-16 09:32:04,CS3,STATUS,,,,bid=100.45(NEW) ask=100.5(NEW) spread=0.0700 pos=+6L
21:45:56,2018-08-16 09:32:07,CS1,SPREAD_TIGHT,,,,spread=0.0300 < 0.04 — cancelling
21:45:56,2018-08-16 09:32:07,CS2,SUBMIT,BUY,99.92,3,bid+1tick=99.92 spread=0.1800 pos=+9L
21:45:56,2018-08-16 09:32:07,CS2,SUBMIT,SELL,100.08,3,ask-1tick=100.08 spread=0.1800 pos=+9L
21:45:56,2018-08-16 09:32:07,CS2,STATUS,,,,bid=99.92(NEW) ask=100.08(NEW) spread=0.1800 pos=+9L
21:45:57,2018-08-16 09:32:08,CS3,CANCEL,SELL,100.5,,outside spread bid=100.44 ask=100.48
21:45:57,2018-08-16 09:32:08,CS3,SUBMIT,BUY,100.45,3,bid+1tick=100.45 spread=0.0400 pos=+9L
21:45:57,2018-08-16 09:32:08,CS3,SUBMIT,SELL,100.47,3,ask-1tick=100.47 spread=0.0400 pos=+9L
21:45:57,2018-08-16 09:32:08,CS3,STATUS,,,,bid=100.45(NEW) ask=100.47(NEW) spread=0.0400 pos=+9L
21:45:58,2018-08-16 09:32:09,CS1,SUBMIT,BUY,99.86,3,bid+1tick=99.86 spread=0.0700 pos=+0L
21:45:58,2018-08-16 09:32:09,CS1,SUBMIT,SELL,99.91,3,ask-1tick=99.91 spread=0.0700 pos=+0L
21:45:58,2018-08-16 09:32:09,CS1,STATUS,,,,bid=99.86(NEW) ask=99.91(NEW) spread=0.0700 pos=+0L
21:45:58,2018-08-16 09:32:09,CS2,SPREAD_TIGHT,,,,spread=0.0100 < 0.04 — cancelling
21:45:59,2018-08-16 09:32:09,CS3,SPREAD_TIGHT,,,,spread=0.0200 < 0.04 — cancelling
21:46:00,2018-08-16 09:32:11,CS1,CANCEL,BUY,99.86,,outside spread bid=99.86 ask=99.91
21:46:00,2018-08-16 09:32:11,CS1,CANCEL,SELL,99.91,,outside spread bid=99.86 ask=99.91
21:46:00,2018-08-16 09:32:11,CS1,SUBMIT,BUY,99.86,3,bid+1tick=99.86 spread=0.0400 pos=+0L
21:46:00,2018-08-16 09:32:11,CS1,SUBMIT,SELL,99.88,3,ask-1tick=99.88 spread=0.0400 pos=+0L
21:46:00,2018-08-16 09:32:11,CS1,STATUS,,,,bid=99.86(NEW) ask=99.88(NEW) spread=0.0400 pos=+0L
21:46:00,2018-08-16 09:32:11,CS2,SPREAD_TIGHT,,,,spread=0.0200 < 0.04 — cancelling
21:46:01,2018-08-16 09:32:13,CS3,SUBMIT,BUY,100.4,3,bid+1tick=100.4 spread=0.0500 pos=+9L
21:46:01,2018-08-16 09:32:13,CS3,SUBMIT,SELL,100.43,3,ask-1tick=100.43 spread=0.0500 pos=+9L
21:46:01,2018-08-16 09:32:13,CS3,STATUS,,,,bid=100.4(NEW) ask=100.43(NEW) spread=0.0500 pos=+9L
21:46:02,2018-08-16 09:32:13,CS1,CANCEL,SELL,99.88,,outside spread bid=99.78 ask=99.88
21:46:02,2018-08-16 09:32:13,CS1,SUBMIT,BUY,99.79,3,bid+1tick=99.79 spread=0.1100 pos=+3L
21:46:02,2018-08-16 09:32:13,CS1,SUBMIT,SELL,99.88,3,ask-1tick=99.88 spread=0.1100 pos=+3L
21:46:02,2018-08-16 09:32:13,CS1,STATUS,,,,bid=99.79(NEW) ask=99.88(NEW) spread=0.1100 pos=+3L
21:46:03,2018-08-16 09:32:14,CS2,SUBMIT,BUY,100.09,3,bid+1tick=100.09 spread=0.1500 pos=+6L
21:46:03,2018-08-16 09:32:14,CS2,SUBMIT,SELL,100.22,3,ask-1tick=100.22 spread=0.1500 pos=+6L
21:46:03,2018-08-16 09:32:14,CS2,STATUS,,,,bid=100.09(NEW) ask=100.22(NEW) spread=0.1500 pos=+6L
21:46:03,2018-08-16 09:32:14,CS3,CANCEL,SELL,100.43,,outside spread bid=100.37 ask=100.43
21:46:03,2018-08-16 09:32:14,CS3,SUBMIT,BUY,100.38,3,bid+1tick=100.38 spread=0.0700 pos=+12L
21:46:03,2018-08-16 09:32:14,CS3,SUBMIT,SELL,100.43,3,ask-1tick=100.43 spread=0.0700 pos=+12L
21:46:03,2018-08-16 09:32:14,CS3,STATUS,,,,bid=100.38(NEW) ask=100.43(NEW) spread=0.0700 pos=+12L
21:46:04,2018-08-16 09:32:14,CS1,CANCEL,BUY,99.79,,outside spread bid=99.79 ask=99.88
21:46:04,2018-08-16 09:32:14,CS1,CANCEL,SELL,99.88,,outside spread bid=99.79 ask=99.88
21:46:05,2018-08-16 09:32:14,CS1,SUBMIT,BUY,99.79,3,bid+1tick=99.79 spread=0.1400 pos=+3L
21:46:05,2018-08-16 09:32:14,CS1,SUBMIT,SELL,99.91,3,ask-1tick=99.91 spread=0.1400 pos=+3L
21:46:05,2018-08-16 09:32:14,CS1,STATUS,,,,bid=99.79(NEW) ask=99.91(NEW) spread=0.1400 pos=+3L
21:46:05,2018-08-16 09:32:14,CS2,CANCEL,BUY,100.09,,outside spread bid=100.09 ask=100.22
21:46:05,2018-08-16 09:32:14,CS2,CANCEL,SELL,100.22,,outside spread bid=100.09 ask=100.22
21:46:05,2018-08-16 09:32:14,CS2,SUBMIT,BUY,100.12,3,bid+1tick=100.12 spread=0.1200 pos=+6L
21:46:05,2018-08-16 09:32:14,CS2,SUBMIT,SELL,100.22,3,ask-1tick=100.22 spread=0.1200 pos=+6L
21:46:05,2018-08-16 09:32:14,CS2,STATUS,,,,bid=100.12(NEW) ask=100.22(NEW) spread=0.1200 pos=+6L
21:46:05,2018-08-16 09:32:14,CS3,SPREAD_TIGHT,,,,spread=0.0200 < 0.04 — cancelling
21:46:06,2018-08-16 09:32:17,CS1,CANCEL,BUY,99.79,,outside spread bid=99.79 ask=99.85
21:46:06,2018-08-16 09:32:17,CS1,CANCEL,SELL,99.91,,outside spread bid=99.79 ask=99.85
21:46:07,2018-08-16 09:32:17,CS2,SPREAD_TIGHT,,,,spread=0.0400 < 0.04 — cancelling
21:46:07,2018-08-16 09:32:17,CS3,SPREAD_TIGHT,,,,spread=0.0200 < 0.04 — cancelling
21:46:08,2018-08-16 09:32:17,CS1,SPREAD_TIGHT,,,,spread=0.0200 < 0.04 — cancelling
21:46:09,2018-08-16 09:32:17,CS2,SUBMIT,BUY,100.19,3,bid+1tick=100.19 spread=0.0500 pos=+6L
21:46:09,2018-08-16 09:32:17,CS2,SUBMIT,SELL,100.22,3,ask-1tick=100.22 spread=0.0500 pos=+6L
21:46:09,2018-08-16 09:32:17,CS2,STATUS,,,,bid=100.19(NEW) ask=100.22(NEW) spread=0.0500 pos=+6L
21:46:09,2018-08-16 09:32:17,CS3,SPREAD_TIGHT,,,,spread=0.0200 < 0.04 — cancelling
21:46:10,2018-08-16 09:32:17,CS1,SPREAD_TIGHT,,,,spread=0.0200 < 0.04 — cancelling
21:46:11,2018-08-16 09:32:22,CS2,SPREAD_TIGHT,,,,spread=0.0200 < 0.04 — cancelling
21:46:11,2018-08-16 09:32:22,CS3,SPREAD_TIGHT,,,,spread=0.0200 < 0.04 — cancelling
21:46:12,2018-08-16 09:32:24,CS1,SPREAD_TIGHT,,,,spread=0.0200 < 0.04 — cancelling
21:46:13,2018-08-16 09:32:24,CS2,SPREAD_TIGHT,,,,spread=0.0200 < 0.04 — cancelling
21:46:14,2018-08-16 09:32:24,CS3,SPREAD_TIGHT,,,,spread=0.0200 < 0.04 — cancelling
21:46:14,2018-08-16 09:32:24,CS1,SPREAD_TIGHT,,,,spread=0.0200 < 0.04 — cancelling
21:46:15,2018-08-16 09:32:24,CS2,SPREAD_TIGHT,,,,spread=0.0200 < 0.04 — cancelling
21:46:16,2018-08-16 09:32:27,CS3,SPREAD_TIGHT,,,,spread=0.0100 < 0.04 — cancelling
21:46:16,2018-08-16 09:32:28,CS1,SUBMIT,BUY,99.74,3,bid+1tick=99.74 spread=0.0500 pos=+3L
21:46:16,2018-08-16 09:32:28,CS1,SUBMIT,SELL,99.77,3,ask-1tick=99.77 spread=0.0500 pos=+3L
21:46:16,2018-08-16 09:32:28,CS1,STATUS,,,,bid=99.74(NEW) ask=99.77(NEW) spread=0.0500 pos=+3L
21:46:17,2018-08-16 09:32:28,CS2,SUBMIT,BUY,100.2,3,bid+1tick=100.2 spread=0.0400 pos=+3L
21:46:17,2018-08-16 09:32:28,CS2,SUBMIT,SELL,100.22,3,ask-1tick=100.22 spread=0.0400 pos=+3L
21:46:17,2018-08-16 09:32:28,CS2,STATUS,,,,bid=100.2(NEW) ask=100.22(NEW) spread=0.0400 pos=+3L
21:46:18,2018-08-16 09:32:29,CS3,SPREAD_TIGHT,,,,spread=0.0100 < 0.04 — cancelling
21:46:18,2018-08-16 09:32:29,CS1,SPREAD_TIGHT,,,,spread=0.0200 < 0.04 — cancelling
21:46:19,2018-08-16 09:32:29,CS2,SPREAD_TIGHT,,,,spread=0.0200 < 0.04 — cancelling
21:46:20,2018-08-16 09:32:29,CS3,SPREAD_TIGHT,,,,spread=0.0200 < 0.04 — cancelling
21:46:20,2018-08-16 09:32:29,CS1,SPREAD_TIGHT,,,,spread=0.0200 < 0.04 — cancelling
21:46:21,2018-08-16 09:32:29,CS2,SUBMIT,BUY,100.19,3,bid+1tick=100.19 spread=0.0500 pos=+3L
21:46:21,2018-08-16 09:32:29,CS2,SUBMIT,SELL,100.22,3,ask-1tick=100.22 spread=0.0500 pos=+3L
21:46:21,2018-08-16 09:32:29,CS2,STATUS,,,,bid=100.19(NEW) ask=100.22(NEW) spread=0.0500 pos=+3L
21:46:22,2018-08-16 09:32:29,CS3,SPREAD_TIGHT,,,,spread=0.0200 < 0.04 — cancelling
21:46:22,2018-08-16 09:32:29,CS1,SPREAD_TIGHT,,,,spread=0.0200 < 0.04 — cancelling
21:46:23,2018-08-16 09:32:29,CS2,SPREAD_TIGHT,,,,spread=0.0100 < 0.04 — cancelling
21:46:24,2018-08-16 09:32:29,CS3,SUBMIT,BUY,100.38,3,bid+1tick=100.38 spread=0.0900 pos=+15L
21:46:24,2018-08-16 09:32:29,CS3,SUBMIT,SELL,100.45,3,ask-1tick=100.45 spread=0.0900 pos=+15L
21:46:24,2018-08-16 09:32:29,CS3,STATUS,,,,bid=100.38(NEW) ask=100.45(NEW) spread=0.0900 pos=+15L
21:46:24,2018-08-16 09:32:29,CS1,SPREAD_TIGHT,,,,spread=0.0200 < 0.04 — cancelling
21:46:25,2018-08-16 09:32:29,CS2,SPREAD_TIGHT,,,,spread=0.0200 < 0.04 — cancelling
21:46:26,2018-08-16 09:32:37,CS3,SPREAD_TIGHT,,,,spread=0.0100 < 0.04 — cancelling
21:46:26,2018-08-16 09:32:38,CS1,SPREAD_TIGHT,,,,spread=0.0200 < 0.04 — cancelling
21:46:27,2018-08-16 09:32:39,CS2,SPREAD_TIGHT,,,,spread=0.0200 < 0.04 — cancelling
21:46:28,2018-08-16 09:32:39,CS3,SPREAD_TIGHT,,,,spread=0.0100 < 0.04 — cancelling
21:46:28,2018-08-16 09:32:39,CS1,SPREAD_TIGHT,,,,spread=0.0300 < 0.04 — cancelling
21:46:29,2018-08-16 09:32:40,CS2,SPREAD_TIGHT,,,,spread=0.0200 < 0.04 — cancelling
21:46:30,2018-08-16 09:32:40,CS3,SPREAD_TIGHT,,,,spread=0.0100 < 0.04 — cancelling
21:46:30,2018-08-16 09:32:42,CS1,SPREAD_TIGHT,,,,spread=0.0300 < 0.04 — cancelling
21:46:31,2018-08-16 09:32:42,CS2,SPREAD_TIGHT,,,,spread=0.0200 < 0.04 — cancelling
21:46:32,2018-08-16 09:32:43,CS3,SPREAD_TIGHT,,,,spread=0.0100 < 0.04 — cancelling
21:46:32,2018-08-16 09:32:44,CS1,SUBMIT,BUY,99.84,3,bid+1tick=99.84 spread=0.0500 pos=+0L
21:46:32,2018-08-16 09:32:44,CS1,SUBMIT,SELL,99.87,3,ask-1tick=99.87 spread=0.0500 pos=+0L
21:46:32,2018-08-16 09:32:44,CS1,STATUS,,,,bid=99.84(NEW) ask=99.87(NEW) spread=0.0500 pos=+0L
21:46:33,2018-08-16 09:32:44,CS2,SUBMIT,BUY,100.09,3,bid+1tick=100.09 spread=0.1200 pos=+3L
21:46:33,2018-08-16 09:32:44,CS2,SUBMIT,SELL,100.19,3,ask-1tick=100.19 spread=0.1200 pos=+3L
21:46:33,2018-08-16 09:32:44,CS2,STATUS,,,,bid=100.09(NEW) ask=100.19(NEW) spread=0.1200 pos=+3L
21:46:34,2018-08-16 09:32:44,CS3,SPREAD_TIGHT,,,,spread=0.0100 < 0.04 — cancelling
21:46:34,2018-08-16 09:32:44,CS1,SPREAD_TIGHT,,,,spread=0.0300 < 0.04 — cancelling
21:46:35,2018-08-16 09:32:47,CS2,CANCEL,BUY,100.09,,outside spread bid=100.1 ask=100.19
21:46:36,2018-08-16 09:32:47,CS2,CANCEL,SELL,100.19,,outside spread bid=100.1 ask=100.19
21:46:36,2018-08-16 09:32:47,CS2,SUBMIT,BUY,100.11,3,bid+1tick=100.11 spread=0.0500 pos=+3L
21:46:36,2018-08-16 09:32:47,CS2,SUBMIT,SELL,100.14,3,ask-1tick=100.14 spread=0.0500 pos=+3L
21:46:36,2018-08-16 09:32:47,CS2,STATUS,,,,bid=100.11(NEW) ask=100.14(NEW) spread=0.0500 pos=+3L
21:46:36,2018-08-16 09:32:47,CS3,SPREAD_TIGHT,,,,spread=0.0100 < 0.04 — cancelling
21:46:36,2018-08-16 09:32:47,CS1,SPREAD_TIGHT,,,,spread=0.0100 < 0.04 — cancelling
21:46:37,2018-08-16 09:32:47,CS2,SPREAD_TIGHT,,,,spread=0.0300 < 0.04 — cancelling
21:46:38,2018-08-16 09:32:47,CS3,SPREAD_TIGHT,,,,spread=0.0100 < 0.04 — cancelling
21:46:39,2018-08-16 09:32:50,CS1,SPREAD_TIGHT,,,,spread=0.0100 < 0.04 — cancelling
21:46:39,2018-08-16 09:32:51,CS2,SUBMIT,BUY,100.12,3,bid+1tick=100.12 spread=0.1100 pos=+3L
21:46:39,2018-08-16 09:32:51,CS2,SUBMIT,SELL,100.21,3,ask-1tick=100.21 spread=0.1100 pos=+3L
21:46:39,2018-08-16 09:32:51,CS2,STATUS,,,,bid=100.12(NEW) ask=100.21(NEW) spread=0.1100 pos=+3L
21:46:40,2018-08-16 09:32:51,CS3,SPREAD_TIGHT,,,,spread=0.0200 < 0.04 — cancelling
21:46:41,2018-08-16 09:32:52,CS1,SPREAD_TIGHT,,,,spread=0.0100 < 0.04 — cancelling
21:46:41,2018-08-16 09:32:53,CS2,SPREAD_TIGHT,,,,spread=0.0200 < 0.04 — cancelling
21:46:42,2018-08-16 09:32:53,CS3,SPREAD_TIGHT,,,,spread=0.0300 < 0.04 — cancelling
21:46:43,2018-08-16 09:32:54,CS1,SUBMIT,BUY,99.81,3,bid+1tick=99.81 spread=0.0400 pos=+0L
21:46:43,2018-08-16 09:32:54,CS1,SUBMIT,SELL,99.83,3,ask-1tick=99.83 spread=0.0400 pos=+0L
21:46:43,2018-08-16 09:32:54,CS1,STATUS,,,,bid=99.81(NEW) ask=99.83(NEW) spread=0.0400 pos=+0L
21:46:43,2018-08-16 09:32:55,CS2,SPREAD_TIGHT,,,,spread=0.0200 < 0.04 — cancelling
21:46:44,2018-08-16 09:32:55,CS3,SUBMIT,BUY,100.33,3,bid+1tick=100.33 spread=0.0400 pos=+18L
21:46:44,2018-08-16 09:32:55,CS3,SUBMIT,SELL,100.35,3,ask-1tick=100.35 spread=0.0400 pos=+18L
21:46:44,2018-08-16 09:32:55,CS3,STATUS,,,,bid=100.33(NEW) ask=100.35(NEW) spread=0.0400 pos=+18L
21:46:45,2018-08-16 09:32:56,CS1,SPREAD_TIGHT,,,,spread=0.0300 < 0.04 — cancelling
21:46:45,2018-08-16 09:32:57,CS2,SPREAD_TIGHT,,,,spread=0.0200 < 0.04 — cancelling
21:46:46,2018-08-16 09:32:58,CS3,SPREAD_TIGHT,,,,spread=0.0200 < 0.04 — cancelling
21:46:47,2018-08-16 09:32:58,CS1,SPREAD_TIGHT,,,,spread=0.0100 < 0.04 — cancelling
21:46:47,2018-08-16 09:32:59,CS2,SPREAD_TIGHT,,,,spread=0.0300 < 0.04 — cancelling
21:46:48,2018-08-16 09:32:59,CS3,SPREAD_TIGHT,,,,spread=0.0200 < 0.04 — cancelling
21:46:49,2018-08-16 09:33:00,CS1,SPREAD_TIGHT,,,,spread=0.0100 < 0.04 — cancelling
21:46:50,2018-08-16 09:33:01,CS2,SUBMIT,BUY,100.21,3,bid+1tick=100.21 spread=0.0600 pos=+0L
21:46:50,2018-08-16 09:33:01,CS2,SUBMIT,SELL,100.25,3,ask-1tick=100.25 spread=0.0600 pos=+0L
21:46:50,2018-08-16 09:33:01,CS2,STATUS,,,,bid=100.21(NEW) ask=100.25(NEW) spread=0.0600 pos=+0L
21:46:50,2018-08-16 09:33:01,CS3,SPREAD_TIGHT,,,,spread=0.0100 < 0.04 — cancelling
21:46:51,2018-08-16 09:33:02,CS1,SPREAD_TIGHT,,,,spread=0.0100 < 0.04 — cancelling
21:46:52,2018-08-16 09:33:03,CS2,SUBMIT,BUY,100.21,3,bid+1tick=100.21 spread=0.0600 pos=+0L
21:46:52,2018-08-16 09:33:03,CS2,SUBMIT,SELL,100.25,3,ask-1tick=100.25 spread=0.0600 pos=+0L
21:46:52,2018-08-16 09:33:03,CS2,STATUS,,,,bid=100.21(NEW) ask=100.25(NEW) spread=0.0600 pos=+0L
21:46:52,2018-08-16 09:33:03,CS3,SUBMIT,BUY,100.33,3,bid+1tick=100.33 spread=0.0400 pos=+21L
21:46:52,2018-08-16 09:33:03,CS3,SUBMIT,SELL,100.35,3,ask-1tick=100.35 spread=0.0400 pos=+21L
21:46:52,2018-08-16 09:33:03,CS3,STATUS,,,,bid=100.33(NEW) ask=100.35(NEW) spread=0.0400 pos=+21L
21:46:53,2018-08-16 09:33:04,CS1,SPREAD_TIGHT,,,,spread=0.0100 < 0.04 — cancelling
21:46:54,2018-08-16 09:33:05,CS2,SPREAD_TIGHT,,,,spread=0.0300 < 0.04 — cancelling
21:46:54,2018-08-16 09:33:05,CS3,SPREAD_TIGHT,,,,spread=0.0200 < 0.04 — cancelling
21:46:55,2018-08-16 09:33:05,CS1,SPREAD_TIGHT,,,,spread=0.0100 < 0.04 — cancelling
21:46:56,2018-08-16 09:33:07,CS2,SUBMIT,BUY,100.12,3,bid+1tick=100.12 spread=0.1200 pos=+3L
21:46:56,2018-08-16 09:33:07,CS2,SUBMIT,SELL,100.22,3,ask-1tick=100.22 spread=0.1200 pos=+3L
21:46:56,2018-08-16 09:33:07,CS2,STATUS,,,,bid=100.12(NEW) ask=100.22(NEW) spread=0.1200 pos=+3L
21:46:56,2018-08-16 09:33:08,CS3,SUBMIT,BUY,100.29,3,bid+1tick=100.29 spread=0.0800 pos=+24L
21:46:56,2018-08-16 09:33:08,CS3,SUBMIT,SELL,100.35,3,ask-1tick=100.35 spread=0.0800 pos=+24L
21:46:56,2018-08-16 09:33:08,CS3,STATUS,,,,bid=100.29(NEW) ask=100.35(NEW) spread=0.0800 pos=+24L
21:46:57,2018-08-16 09:33:08,CS1,SUBMIT,BUY,99.78,3,bid+1tick=99.78 spread=0.0600 pos=+3L
21:46:57,2018-08-16 09:33:08,CS1,SUBMIT,SELL,99.82,3,ask-1tick=99.82 spread=0.0600 pos=+3L
21:46:57,2018-08-16 09:33:08,CS1,STATUS,,,,bid=99.78(NEW) ask=99.82(NEW) spread=0.0600 pos=+3L
21:46:58,2018-08-16 09:33:09,CS2,SPREAD_TIGHT,,,,spread=0.0300 < 0.04 — cancelling
21:46:58,2018-08-16 09:33:09,CS3,CANCEL,SELL,100.35,,outside spread bid=100.24 ask=100.35
21:46:59,2018-08-16 09:33:09,CS3,SUBMIT,BUY,100.25,3,bid+1tick=100.25 spread=0.1200 pos=+27L
21:46:59,2018-08-16 09:33:09,CS3,SUBMIT,SELL,100.35,3,ask-1tick=100.35 spread=0.1200 pos=+27L
21:46:59,2018-08-16 09:33:09,CS3,STATUS,,,,bid=100.25(NEW) ask=100.35(NEW) spread=0.1200 pos=+27L
21:46:59,2018-08-16 09:33:11,CS1,CANCEL,BUY,99.78,,outside spread bid=99.78 ask=99.84
21:46:59,2018-08-16 09:33:11,CS1,SUBMIT,BUY,99.78,3,bid+1tick=99.78 spread=0.0700 pos=+0L
21:46:59,2018-08-16 09:33:11,CS1,SUBMIT,SELL,99.83,3,ask-1tick=99.83 spread=0.0700 pos=+0L
21:46:59,2018-08-16 09:33:11,CS1,STATUS,,,,bid=99.78(NEW) ask=99.83(NEW) spread=0.0700 pos=+0L
21:47:00,2018-08-16 09:33:11,CS2,SUBMIT,BUY,100.18,3,bid+1tick=100.18 spread=0.0500 pos=+0L
21:47:00,2018-08-16 09:33:11,CS2,SUBMIT,SELL,100.21,3,ask-1tick=100.21 spread=0.0500 pos=+0L
21:47:00,2018-08-16 09:33:11,CS2,STATUS,,,,bid=100.18(NEW) ask=100.21(NEW) spread=0.0500 pos=+0L
21:47:00,2018-08-16 09:33:11,CS3,CANCEL,BUY,100.25,,outside spread bid=100.28 ask=100.34
21:47:01,2018-08-16 09:33:11,CS3,CANCEL,SELL,100.35,,outside spread bid=100.28 ask=100.34
21:47:01,2018-08-16 09:33:11,CS3,SUBMIT,BUY,100.29,3,bid+1tick=100.29 spread=0.0600 pos=+27L
21:47:01,2018-08-16 09:33:11,CS3,SUBMIT,SELL,100.33,3,ask-1tick=100.33 spread=0.0600 pos=+27L
21:47:01,2018-08-16 09:33:11,CS3,STATUS,,,,bid=100.29(NEW) ask=100.33(NEW) spread=0.0600 pos=+27L
21:47:01,2018-08-16 09:33:12,CS1,SPREAD_TIGHT,,,,spread=0.0200 < 0.04 — cancelling
21:47:02,2018-08-16 09:33:12,CS2,SPREAD_TIGHT,,,,spread=0.0400 < 0.04 — cancelling
21:47:02,2018-08-16 09:33:12,CS3,SPREAD_TIGHT,,,,spread=0.0400 < 0.04 — cancelling
21:47:03,2018-08-16 09:33:14,CS1,SPREAD_TIGHT,,,,spread=0.0300 < 0.04 — cancelling
21:47:04,2018-08-16 09:33:15,CS2,SUBMIT,BUY,100.18,3,bid+1tick=100.18 spread=0.0500 pos=+3L
21:47:04,2018-08-16 09:33:15,CS2,SUBMIT,SELL,100.21,3,ask-1tick=100.21 spread=0.0500 pos=+3L
21:47:04,2018-08-16 09:33:15,CS2,STATUS,,,,bid=100.18(NEW) ask=100.21(NEW) spread=0.0500 pos=+3L
21:47:05,2018-08-16 09:33:16,CS3,SUBMIT,BUY,100.25,3,bid+1tick=100.25 spread=0.1200 pos=+27L
21:47:05,2018-08-16 09:33:16,CS3,SUBMIT,SELL,100.35,3,ask-1tick=100.35 spread=0.1200 pos=+27L
21:47:05,2018-08-16 09:33:16,CS3,STATUS,,,,bid=100.25(NEW) ask=100.35(NEW) spread=0.1200 pos=+27L
21:47:05,2018-08-16 09:33:17,CS1,SUBMIT,BUY,99.81,3,bid+1tick=99.81 spread=0.0400 pos=+0L
21:47:05,2018-08-16 09:33:17,CS1,SUBMIT,SELL,99.83,3,ask-1tick=99.83 spread=0.0400 pos=+0L
21:47:05,2018-08-16 09:33:17,CS1,STATUS,,,,bid=99.81(NEW) ask=99.83(NEW) spread=0.0400 pos=+0L
21:47:06,2018-08-16 09:33:17,CS2,CANCEL,SELL,100.21,,outside spread bid=100.1 ask=100.18
21:47:06,2018-08-16 09:33:17,CS2,SUBMIT,BUY,100.11,3,bid+1tick=100.11 spread=0.0800 pos=+6L
21:47:06,2018-08-16 09:33:17,CS2,SUBMIT,SELL,100.17,3,ask-1tick=100.17 spread=0.0800 pos=+6L
21:47:06,2018-08-16 09:33:17,CS2,STATUS,,,,bid=100.11(NEW) ask=100.17(NEW) spread=0.0800 pos=+6L
21:47:07,2018-08-16 09:33:17,CS3,CANCEL,BUY,100.25,,outside spread bid=100.28 ask=100.35
21:47:07,2018-08-16 09:33:17,CS3,CANCEL,SELL,100.35,,outside spread bid=100.28 ask=100.35
21:47:07,2018-08-16 09:33:17,CS3,SUBMIT,BUY,100.29,3,bid+1tick=100.29 spread=0.0700 pos=+27L
21:47:07,2018-08-16 09:33:17,CS3,SUBMIT,SELL,100.34,3,ask-1tick=100.34 spread=0.0700 pos=+27L
21:47:07,2018-08-16 09:33:17,CS3,STATUS,,,,bid=100.29(NEW) ask=100.34(NEW) spread=0.0700 pos=+27L
21:47:08,2018-08-16 09:33:18,CS1,SPREAD_TIGHT,,,,spread=0.0200 < 0.04 — cancelling
21:47:08,2018-08-16 09:33:18,CS2,STATUS,,,,bid=100.11(REST) ask=100.17(REST) spread=0.0800 pos=+6L
21:47:09,2018-08-16 09:33:19,CS3,STATUS,,,,bid=100.29(REST) ask=100.34(REST) spread=0.0700 pos=+27L
21:47:10,2018-08-16 09:33:19,CS1,SUBMIT,BUY,99.8,3,bid+1tick=99.8 spread=0.0500 pos=+0L
21:47:10,2018-08-16 09:33:19,CS1,SUBMIT,SELL,99.83,3,ask-1tick=99.83 spread=0.0500 pos=+0L
21:47:10,2018-08-16 09:33:19,CS1,STATUS,,,,bid=99.8(NEW) ask=99.83(NEW) spread=0.0500 pos=+0L
21:47:10,2018-08-16 09:33:19,CS2,CANCEL,BUY,100.11,,outside spread bid=100.11 ask=100.17
21:47:10,2018-08-16 09:33:19,CS2,CANCEL,SELL,100.17,,outside spread bid=100.11 ask=100.17
21:47:11,2018-08-16 09:33:19,CS2,SUBMIT,BUY,100.13,3,bid+1tick=100.13 spread=0.0600 pos=+6L
21:47:11,2018-08-16 09:33:19,CS2,SUBMIT,SELL,100.17,3,ask-1tick=100.17 spread=0.0600 pos=+6L
21:47:11,2018-08-16 09:33:19,CS2,STATUS,,,,bid=100.13(NEW) ask=100.17(NEW) spread=0.0600 pos=+6L
21:47:11,2018-08-16 09:33:19,CS3,SPREAD_TIGHT,,,,spread=0.0300 < 0.04 — cancelling
21:47:12,2018-08-16 09:33:22,CS1,SPREAD_TIGHT,,,,spread=0.0200 < 0.04 — cancelling
21:47:12,2018-08-16 09:33:23,CS2,SPREAD_TIGHT,,,,spread=0.0100 < 0.04 — cancelling
21:47:13,2018-08-16 09:33:24,CS3,SUBMIT,BUY,100.25,3,bid+1tick=100.25 spread=0.0800 pos=+27L
21:47:13,2018-08-16 09:33:24,CS3,SUBMIT,SELL,100.31,3,ask-1tick=100.31 spread=0.0800 pos=+27L
21:47:13,2018-08-16 09:33:24,CS3,STATUS,,,,bid=100.25(NEW) ask=100.31(NEW) spread=0.0800 pos=+27L
21:47:14,2018-08-16 09:33:25,CS1,SPREAD_TIGHT,,,,spread=0.0200 < 0.04 — cancelling
21:47:14,2018-08-16 09:33:25,CS2,SPREAD_TIGHT,,,,spread=0.0100 < 0.04 — cancelling
21:47:15,2018-08-16 09:33:26,CS3,CANCEL,BUY,100.25,,outside spread bid=100.25 ask=100.31
21:47:15,2018-08-16 09:33:26,CS3,CANCEL,SELL,100.31,,outside spread bid=100.25 ask=100.31
21:47:15,2018-08-16 09:33:26,CS3,SUBMIT,BUY,100.28,3,bid+1tick=100.28 spread=0.0800 pos=+27L
21:47:15,2018-08-16 09:33:26,CS3,SUBMIT,SELL,100.34,3,ask-1tick=100.34 spread=0.0800 pos=+27L
21:47:15,2018-08-16 09:33:26,CS3,STATUS,,,,bid=100.28(NEW) ask=100.34(NEW) spread=0.0800 pos=+27L
21:47:16,2018-08-16 09:33:27,CS1,SPREAD_TIGHT,,,,spread=0.0200 < 0.04 — cancelling
21:47:16,2018-08-16 09:33:27,CS2,SPREAD_TIGHT,,,,spread=0.0100 < 0.04 — cancelling
21:47:17,2018-08-16 09:33:28,CS3,CANCEL,BUY,100.28,,outside spread bid=100.28 ask=100.34
21:47:17,2018-08-16 09:33:28,CS3,CANCEL,SELL,100.34,,outside spread bid=100.28 ask=100.34
21:47:18,2018-08-16 09:33:28,CS3,SUBMIT,BUY,100.28,3,bid+1tick=100.28 spread=0.0800 pos=+27L
21:47:18,2018-08-16 09:33:28,CS3,SUBMIT,SELL,100.34,3,ask-1tick=100.34 spread=0.0800 pos=+27L
21:47:18,2018-08-16 09:33:28,CS3,STATUS,,,,bid=100.28(NEW) ask=100.34(NEW) spread=0.0800 pos=+27L
21:47:18,2018-08-16 09:33:29,CS1,SPREAD_TIGHT,,,,spread=0.0200 < 0.04 — cancelling
21:47:18,2018-08-16 09:33:29,CS2,SPREAD_TIGHT,,,,spread=0.0200 < 0.04 — cancelling
21:47:19,2018-08-16 09:33:30,CS3,SPREAD_TIGHT,,,,spread=0.0300 < 0.04 — cancelling
21:47:20,2018-08-16 09:33:30,CS1,SPREAD_TIGHT,,,,spread=0.0100 < 0.04 — cancelling
21:47:20,2018-08-16 09:33:32,CS2,SPREAD_TIGHT,,,,spread=0.0200 < 0.04 — cancelling
21:47:21,2018-08-16 09:33:32,CS3,SPREAD_TIGHT,,,,spread=0.0200 < 0.04 — cancelling
21:47:22,2018-08-16 09:33:32,CS1,SPREAD_TIGHT,,,,spread=0.0200 < 0.04 — cancelling
21:47:22,2018-08-16 09:33:34,CS2,SUBMIT,BUY,100.09,3,bid+1tick=100.09 spread=0.0400 pos=+3L
21:47:22,2018-08-16 09:33:34,CS2,SUBMIT,SELL,100.11,3,ask-1tick=100.11 spread=0.0400 pos=+3L
21:47:23,2018-08-16 09:33:34,CS2,STATUS,,,,bid=100.09(NEW) ask=100.11(NEW) spread=0.0400 pos=+3L
21:47:23,2018-08-16 09:33:34,CS3,SPREAD_TIGHT,,,,spread=0.0200 < 0.04 — cancelling
21:47:24,2018-08-16 09:33:34,CS1,SPREAD_TIGHT,,,,spread=0.0200 < 0.04 — cancelling
21:47:25,2018-08-16 09:33:34,CS2,CANCEL,SELL,100.11,,outside spread bid=100.01 ask=100.11
21:47:25,2018-08-16 09:33:34,CS2,SUBMIT,BUY,100.02,3,bid+1tick=100.02 spread=0.1100 pos=+6L
21:47:25,2018-08-16 09:33:34,CS2,SUBMIT,SELL,100.11,3,ask-1tick=100.11 spread=0.1100 pos=+6L
21:47:25,2018-08-16 09:33:34,CS2,STATUS,,,,bid=100.02(NEW) ask=100.11(NEW) spread=0.1100 pos=+6L
21:47:25,2018-08-16 09:33:34,CS3,SPREAD_TIGHT,,,,spread=0.0200 < 0.04 — cancelling
21:47:26,2018-08-16 09:33:37,CS1,SPREAD_TIGHT,,,,spread=0.0200 < 0.04 — cancelling
21:47:27,2018-08-16 09:33:37,CS2,CANCEL,BUY,100.02,,outside spread bid=100.05 ask=100.09
21:47:27,2018-08-16 09:33:37,CS2,CANCEL,SELL,100.11,,outside spread bid=100.05 ask=100.09
21:47:27,2018-08-16 09:33:37,CS2,SUBMIT,BUY,100.06,3,bid+1tick=100.06 spread=0.0400 pos=+6L
21:47:27,2018-08-16 09:33:37,CS2,SUBMIT,SELL,100.08,3,ask-1tick=100.08 spread=0.0400 pos=+6L
21:47:27,2018-08-16 09:33:37,CS2,STATUS,,,,bid=100.06(NEW) ask=100.08(NEW) spread=0.0400 pos=+6L
21:47:27,2018-08-16 09:33:37,CS3,SPREAD_TIGHT,,,,spread=0.0200 < 0.04 — cancelling
21:47:28,2018-08-16 09:33:40,CS1,SUBMIT,BUY,99.77,3,bid+1tick=99.77 spread=0.0800 pos=+3L
21:47:28,2018-08-16 09:33:40,CS1,SUBMIT,SELL,99.83,3,ask-1tick=99.83 spread=0.0800 pos=+3L
21:47:28,2018-08-16 09:33:40,CS1,STATUS,,,,bid=99.77(NEW) ask=99.83(NEW) spread=0.0800 pos=+3L
21:47:29,2018-08-16 09:33:40,CS2,SPREAD_TIGHT,,,,spread=0.0300 < 0.04 — cancelling
21:47:29,2018-08-16 09:33:40,CS3,SPREAD_TIGHT,,,,spread=0.0300 < 0.04 — cancelling
21:47:30,2018-08-16 09:33:40,CS1,CANCEL,SELL,99.83,,outside spread bid=99.76 ask=99.83
21:47:30,2018-08-16 09:33:40,CS1,SUBMIT,BUY,99.78,3,bid+1tick=99.78 spread=0.0700 pos=+6L
21:47:30,2018-08-16 09:33:40,CS1,SUBMIT,SELL,99.83,3,ask-1tick=99.83 spread=0.0700 pos=+6L
21:47:30,2018-08-16 09:33:40,CS1,STATUS,,,,bid=99.78(NEW) ask=99.83(NEW) spread=0.0700 pos=+6L
21:47:31,2018-08-16 09:33:40,CS2,SPREAD_TIGHT,,,,spread=0.0100 < 0.04 — cancelling
21:47:31,2018-08-16 09:33:43,CS3,SPREAD_TIGHT,,,,spread=0.0200 < 0.04 — cancelling
21:47:32,2018-08-16 09:33:43,CS1,CANCEL,BUY,99.78,,outside spread bid=99.78 ask=99.83
21:47:33,2018-08-16 09:33:43,CS1,CANCEL,SELL,99.83,,outside spread bid=99.78 ask=99.83
21:47:33,2018-08-16 09:33:43,CS1,SUBMIT,BUY,99.78,3,bid+1tick=99.78 spread=0.0700 pos=+6L
21:47:33,2018-08-16 09:33:43,CS1,SUBMIT,SELL,99.83,3,ask-1tick=99.83 spread=0.0700 pos=+6L
21:47:33,2018-08-16 09:33:43,CS1,STATUS,,,,bid=99.78(NEW) ask=99.83(NEW) spread=0.0700 pos=+6L
21:47:33,2018-08-16 09:33:43,CS2,SPREAD_TIGHT,,,,spread=0.0100 < 0.04 — cancelling
21:47:33,2018-08-16 09:33:45,CS3,SPREAD_TIGHT,,,,spread=0.0200 < 0.04 — cancelling
21:47:34,2018-08-16 09:33:46,CS1,CANCEL,BUY,99.78,,outside spread bid=99.78 ask=99.83
21:47:35,2018-08-16 09:33:46,CS1,CANCEL,SELL,99.83,,outside spread bid=99.78 ask=99.83
21:47:35,2018-08-16 09:33:46,CS1,SUBMIT,BUY,99.77,3,bid+1tick=99.77 spread=0.0700 pos=+6L
21:47:35,2018-08-16 09:33:46,CS1,SUBMIT,SELL,99.82,3,ask-1tick=99.82 spread=0.0700 pos=+6L
21:47:35,2018-08-16 09:33:46,CS1,STATUS,,,,bid=99.77(NEW) ask=99.82(NEW) spread=0.0700 pos=+6L
21:47:35,2018-08-16 09:33:46,CS2,SUBMIT,BUY,100.0,3,bid+1tick=100.0 spread=0.0500 pos=+9L
21:47:35,2018-08-16 09:33:46,CS2,SUBMIT,SELL,100.03,3,ask-1tick=100.03 spread=0.0500 pos=+9L
21:47:35,2018-08-16 09:33:46,CS2,STATUS,,,,bid=100.0(NEW) ask=100.03(NEW) spread=0.0500 pos=+9L
21:47:36,2018-08-16 09:33:47,CS3,SPREAD_TIGHT,,,,spread=0.0200 < 0.04 — cancelling
21:47:36,2018-08-16 09:33:48,CS1,SPREAD_TIGHT,,,,spread=0.0200 < 0.04 — cancelling
21:47:37,2018-08-16 09:33:48,CS2,SPREAD_TIGHT,,,,spread=0.0100 < 0.04 — cancelling
21:47:38,2018-08-16 09:33:49,CS3,SPREAD_TIGHT,,,,spread=0.0200 < 0.04 — cancelling
21:47:38,2018-08-16 09:33:50,CS1,SPREAD_TIGHT,,,,spread=0.0200 < 0.04 — cancelling
21:47:39,2018-08-16 09:33:50,CS2,SPREAD_TIGHT,,,,spread=0.0100 < 0.04 — cancelling
21:47:40,2018-08-16 09:33:51,CS3,SUBMIT,BUY,100.2,3,bid+1tick=100.2 spread=0.0600 pos=+27L
21:47:40,2018-08-16 09:33:51,CS3,SUBMIT,SELL,100.24,3,ask-1tick=100.24 spread=0.0600 pos=+27L
21:47:40,2018-08-16 09:33:51,CS3,STATUS,,,,bid=100.2(NEW) ask=100.24(NEW) spread=0.0600 pos=+27L
21:47:40,2018-08-16 09:33:51,CS1,SPREAD_TIGHT,,,,spread=0.0200 < 0.04 — cancelling
21:47:41,2018-08-16 09:33:52,CS2,SUBMIT,BUY,100.08,3,bid+1tick=100.08 spread=0.0400 pos=+6L
21:47:41,2018-08-16 09:33:52,CS2,SUBMIT,SELL,100.1,3,ask-1tick=100.1 spread=0.0400 pos=+6L
21:47:41,2018-08-16 09:33:52,CS2,STATUS,,,,bid=100.08(NEW) ask=100.1(NEW) spread=0.0400 pos=+6L
21:47:42,2018-08-16 09:33:52,CS3,SPREAD_TIGHT,,,,spread=0.0100 < 0.04 — cancelling
21:47:42,2018-08-16 09:33:53,CS1,SPREAD_TIGHT,,,,spread=0.0200 < 0.04 — cancelling
21:47:43,2018-08-16 09:33:55,CS2,SPREAD_TIGHT,,,,spread=0.0100 < 0.04 — cancelling
21:47:44,2018-08-16 09:33:55,CS3,SPREAD_TIGHT,,,,spread=0.0200 < 0.04 — cancelling
21:47:45,2018-08-16 09:33:56,CS1,SPREAD_TIGHT,,,,spread=0.0100 < 0.04 — cancelling
21:47:45,2018-08-16 09:33:57,CS2,SPREAD_TIGHT,,,,spread=0.0100 < 0.04 — cancelling
21:47:46,2018-08-16 09:33:57,CS3,SUBMIT,BUY,100.26,3,bid+1tick=100.26 spread=0.0400 pos=+27L
21:47:46,2018-08-16 09:33:57,CS3,SUBMIT,SELL,100.28,3,ask-1tick=100.28 spread=0.0400 pos=+27L
21:47:46,2018-08-16 09:33:57,CS3,STATUS,,,,bid=100.26(NEW) ask=100.28(NEW) spread=0.0400 pos=+27L
21:47:47,2018-08-16 09:33:58,CS1,SPREAD_TIGHT,,,,spread=0.0100 < 0.04 — cancelling
21:47:47,2018-08-16 09:33:58,CS2,SPREAD_TIGHT,,,,spread=0.0100 < 0.04 — cancelling
21:47:48,2018-08-16 09:33:59,CS3,SPREAD_TIGHT,,,,spread=0.0200 < 0.04 — cancelling
21:47:49,2018-08-16 09:33:59,CS1,SUBMIT,BUY,99.81,3,bid+1tick=99.81 spread=0.0600 pos=+6L
21:47:49,2018-08-16 09:33:59,CS1,SUBMIT,SELL,99.85,3,ask-1tick=99.85 spread=0.0600 pos=+6L
21:47:49,2018-08-16 09:33:59,CS1,STATUS,,,,bid=99.81(NEW) ask=99.85(NEW) spread=0.0600 pos=+6L
21:47:49,2018-08-16 09:33:59,CS2,SPREAD_TIGHT,,,,spread=0.0100 < 0.04 — cancelling
21:47:50,2018-08-16 09:33:59,CS3,SPREAD_TIGHT,,,,spread=0.0100 < 0.04 — cancelling
21:47:51,2018-08-16 09:34:02,CS1,SPREAD_TIGHT,,,,spread=0.0200 < 0.04 — cancelling
21:47:51,2018-08-16 09:34:03,CS2,SPREAD_TIGHT,,,,spread=0.0100 < 0.04 — cancelling
21:47:52,2018-08-16 09:34:04,CS3,SPREAD_TIGHT,,,,spread=0.0400 < 0.04 — cancelling
21:47:53,2018-08-16 09:34:04,CS1,SUBMIT,BUY,99.75,3,bid+1tick=99.75 spread=0.0600 pos=+6L
21:47:53,2018-08-16 09:34:04,CS1,SUBMIT,SELL,99.79,3,ask-1tick=99.79 spread=0.0600 pos=+6L
21:47:53,2018-08-16 09:34:04,CS1,STATUS,,,,bid=99.75(NEW) ask=99.79(NEW) spread=0.0600 pos=+6L
21:47:53,2018-08-16 09:34:05,CS2,SUBMIT,BUY,100.14,3,bid+1tick=100.14 spread=0.0500 pos=+3L
21:47:53,2018-08-16 09:34:05,CS2,SUBMIT,SELL,100.17,3,ask-1tick=100.17 spread=0.0500 pos=+3L
21:47:53,2018-08-16 09:34:05,CS2,STATUS,,,,bid=100.14(NEW) ask=100.17(NEW) spread=0.0500 pos=+3L
21:47:54,2018-08-16 09:34:05,CS3,SPREAD_TIGHT,,,,spread=0.0400 < 0.04 — cancelling
21:47:55,2018-08-16 09:34:05,CS1,CANCEL,SELL,99.79,,outside spread bid=99.7 ask=99.79
21:47:56,2018-08-16 09:34:07,CS2,SPREAD_TIGHT,,,,spread=0.0100 < 0.04 — cancelling
21:47:56,2018-08-16 09:34:07,CS3,SPREAD_TIGHT,,,,spread=0.0100 < 0.04 — cancelling
21:47:57,2018-08-16 09:34:08,CS1,SUBMIT,BUY,99.8,3,bid+1tick=99.8 spread=0.0900 pos=+9L
21:47:57,2018-08-16 09:34:08,CS1,SUBMIT,SELL,99.87,3,ask-1tick=99.87 spread=0.0900 pos=+9L
21:47:57,2018-08-16 09:34:08,CS1,STATUS,,,,bid=99.8(NEW) ask=99.87(NEW) spread=0.0900 pos=+9L
21:47:58,2018-08-16 09:34:08,CS2,SUBMIT,BUY,100.12,3,bid+1tick=100.12 spread=0.0400 pos=+3L
21:47:58,2018-08-16 09:34:08,CS2,SUBMIT,SELL,100.14,3,ask-1tick=100.14 spread=0.0400 pos=+3L
21:47:58,2018-08-16 09:34:08,CS2,STATUS,,,,bid=100.12(NEW) ask=100.14(NEW) spread=0.0400 pos=+3L
21:47:58,2018-08-16 09:34:10,CS3,SPREAD_TIGHT,,,,spread=0.0200 < 0.04 — cancelling
21:47:59,2018-08-16 09:34:10,CS1,CANCEL,SELL,99.87,,outside spread bid=99.7 ask=99.87
21:47:59,2018-08-16 09:34:10,CS1,SUBMIT,BUY,99.71,3,bid+1tick=99.71 spread=0.1800 pos=+12L
21:47:59,2018-08-16 09:34:10,CS1,SUBMIT,SELL,99.87,3,ask-1tick=99.87 spread=0.1800 pos=+12L
21:47:59,2018-08-16 09:34:10,CS1,STATUS,,,,bid=99.71(NEW) ask=99.87(NEW) spread=0.1800 pos=+12L
21:48:00,2018-08-16 09:34:10,CS2,SPREAD_TIGHT,,,,spread=0.0200 < 0.04 — cancelling
21:48:00,2018-08-16 09:34:10,CS3,SPREAD_TIGHT,,,,spread=0.0200 < 0.04 — cancelling
21:48:01,2018-08-16 09:34:13,CS1,CANCEL,BUY,99.71,,outside spread bid=99.73 ask=99.87
21:48:02,2018-08-16 09:34:13,CS1,CANCEL,SELL,99.87,,outside spread bid=99.73 ask=99.87
21:48:02,2018-08-16 09:34:13,CS1,SUBMIT,BUY,99.74,3,bid+1tick=99.74 spread=0.1500 pos=+12L
21:48:02,2018-08-16 09:34:13,CS1,SUBMIT,SELL,99.87,3,ask-1tick=99.87 spread=0.1500 pos=+12L
21:48:02,2018-08-16 09:34:13,CS1,STATUS,,,,bid=99.74(NEW) ask=99.87(NEW) spread=0.1500 pos=+12L
21:48:02,2018-08-16 09:34:13,CS2,SUBMIT,BUY,100.11,3,bid+1tick=100.11 spread=0.0600 pos=+3L
21:48:02,2018-08-16 09:34:13,CS2,SUBMIT,SELL,100.15,3,ask-1tick=100.15 spread=0.0600 pos=+3L
21:48:02,2018-08-16 09:34:13,CS2,STATUS,,,,bid=100.11(NEW) ask=100.15(NEW) spread=0.0600 pos=+3L
21:48:02,2018-08-16 09:34:13,CS3,SPREAD_TIGHT,,,,spread=0.0300 < 0.04 — cancelling
21:48:03,2018-08-16 09:34:13,CS1,CANCEL,BUY,99.74,,outside spread bid=99.74 ask=99.87
21:48:04,2018-08-16 09:34:13,CS1,CANCEL,SELL,99.87,,outside spread bid=99.74 ask=99.87
21:48:04,2018-08-16 09:34:13,CS1,SUBMIT,BUY,99.74,3,bid+1tick=99.74 spread=0.1500 pos=+12L
21:48:04,2018-08-16 09:34:13,CS1,SUBMIT,SELL,99.87,3,ask-1tick=99.87 spread=0.1500 pos=+12L
21:48:04,2018-08-16 09:34:13,CS1,STATUS,,,,bid=99.74(NEW) ask=99.87(NEW) spread=0.1500 pos=+12L
21:48:04,2018-08-16 09:34:13,CS2,CANCEL,BUY,100.11,,outside spread bid=100.11 ask=100.15
21:48:04,2018-08-16 09:34:13,CS2,CANCEL,SELL,100.15,,outside spread bid=100.11 ask=100.15
21:48:04,2018-08-16 09:34:13,CS2,SUBMIT,BUY,100.11,3,bid+1tick=100.11 spread=0.0600 pos=+3L
21:48:04,2018-08-16 09:34:13,CS2,SUBMIT,SELL,100.15,3,ask-1tick=100.15 spread=0.0600 pos=+3L
21:48:04,2018-08-16 09:34:13,CS2,STATUS,,,,bid=100.11(NEW) ask=100.15(NEW) spread=0.0600 pos=+3L
21:48:04,2018-08-16 09:34:13,CS3,SUBMIT,BUY,100.31,3,bid+1tick=100.31 spread=0.0400 pos=+27L
21:48:04,2018-08-16 09:34:13,CS3,SUBMIT,SELL,100.33,3,ask-1tick=100.33 spread=0.0400 pos=+27L
21:48:04,2018-08-16 09:34:13,CS3,STATUS,,,,bid=100.31(NEW) ask=100.33(NEW) spread=0.0400 pos=+27L
21:48:05,2018-08-16 09:34:13,CS1,SPREAD_TIGHT,,,,spread=0.0300 < 0.04 — cancelling
21:48:06,2018-08-16 09:34:17,CS2,SPREAD_TIGHT,,,,spread=0.0200 < 0.04 — cancelling
21:48:07,2018-08-16 09:34:17,CS3,SPREAD_TIGHT,,,,spread=0.0300 < 0.04 — cancelling
21:48:07,2018-08-16 09:34:18,CS1,SPREAD_TIGHT,,,,spread=0.0100 < 0.04 — cancelling
21:48:08,2018-08-16 09:34:18,CS2,SPREAD_TIGHT,,,,spread=0.0300 < 0.04 — cancelling
21:48:09,2018-08-16 09:34:18,CS3,SUBMIT,BUY,100.26,3,bid+1tick=100.26 spread=0.0900 pos=+24L
21:48:09,2018-08-16 09:34:18,CS3,SUBMIT,SELL,100.33,3,ask-1tick=100.33 spread=0.0900 pos=+24L
21:48:09,2018-08-16 09:34:18,CS3,STATUS,,,,bid=100.26(NEW) ask=100.33(NEW) spread=0.0900 pos=+24L
21:48:09,2018-08-16 09:34:18,CS1,SPREAD_TIGHT,,,,spread=0.0100 < 0.04 — cancelling
21:48:10,2018-08-16 09:34:18,CS2,SPREAD_TIGHT,,,,spread=0.0300 < 0.04 — cancelling
21:48:11,2018-08-16 09:34:22,CS3,SPREAD_TIGHT,,,,spread=0.0400 < 0.04 — cancelling
21:48:11,2018-08-16 09:34:23,CS1,SPREAD_TIGHT,,,,spread=0.0300 < 0.04 — cancelling
21:48:12,2018-08-16 09:34:23,CS2,SPREAD_TIGHT,,,,spread=0.0300 < 0.04 — cancelling
21:48:13,2018-08-16 09:34:23,CS3,SPREAD_TIGHT,,,,spread=0.0200 < 0.04 — cancelling
21:48:13,2018-08-16 09:34:25,CS1,SPREAD_TIGHT,,,,spread=0.0300 < 0.04 — cancelling
21:48:14,2018-08-16 09:34:25,CS2,SUBMIT,BUY,100.11,3,bid+1tick=100.11 spread=0.0400 pos=+3L
21:48:14,2018-08-16 09:34:25,CS2,SUBMIT,SELL,100.13,3,ask-1tick=100.13 spread=0.0400 pos=+3L
21:48:14,2018-08-16 09:34:25,CS2,STATUS,,,,bid=100.11(NEW) ask=100.13(NEW) spread=0.0400 pos=+3L
21:48:15,2018-08-16 09:34:26,CS3,SUBMIT,BUY,100.25,3,bid+1tick=100.25 spread=0.0700 pos=+24L
21:48:15,2018-08-16 09:34:26,CS3,SUBMIT,SELL,100.3,3,ask-1tick=100.3 spread=0.0700 pos=+24L
21:48:15,2018-08-16 09:34:26,CS3,STATUS,,,,bid=100.25(NEW) ask=100.3(NEW) spread=0.0700 pos=+24L
21:48:16,2018-08-16 09:34:26,CS1,SPREAD_TIGHT,,,,spread=0.0200 < 0.04 — cancelling
21:48:16,2018-08-16 09:34:27,CS2,SPREAD_TIGHT,,,,spread=0.0200 < 0.04 — cancelling
21:48:17,2018-08-16 09:34:27,CS3,CANCEL,BUY,100.25,,outside spread bid=100.25 ask=100.3
21:48:17,2018-08-16 09:34:27,CS3,CANCEL,SELL,100.3,,outside spread bid=100.25 ask=100.3
21:48:17,2018-08-16 09:34:27,CS3,SUBMIT,BUY,100.25,3,bid+1tick=100.25 spread=0.1000 pos=+24L
21:48:17,2018-08-16 09:34:27,CS3,SUBMIT,SELL,100.33,3,ask-1tick=100.33 spread=0.1000 pos=+24L
21:48:17,2018-08-16 09:34:27,CS3,STATUS,,,,bid=100.25(NEW) ask=100.33(NEW) spread=0.1000 pos=+24L
21:48:18,2018-08-16 09:34:29,CS1,SPREAD_TIGHT,,,,spread=0.0200 < 0.04 — cancelling
21:48:18,2018-08-16 09:34:29,CS2,SUBMIT,BUY,100.08,3,bid+1tick=100.08 spread=0.1600 pos=+0L
21:48:18,2018-08-16 09:34:29,CS2,SUBMIT,SELL,100.22,3,ask-1tick=100.22 spread=0.1600 pos=+0L
21:48:18,2018-08-16 09:34:29,CS2,STATUS,,,,bid=100.08(NEW) ask=100.22(NEW) spread=0.1600 pos=+0L
21:48:19,2018-08-16 09:34:30,CS3,CANCEL,SELL,100.33,,outside spread bid=100.26 ask=100.33
21:48:19,2018-08-16 09:34:30,CS3,SUBMIT,BUY,100.27,3,bid+1tick=100.27 spread=0.0800 pos=+27L
21:48:19,2018-08-16 09:34:30,CS3,SUBMIT,SELL,100.33,3,ask-1tick=100.33 spread=0.0800 pos=+27L
21:48:19,2018-08-16 09:34:30,CS3,STATUS,,,,bid=100.27(NEW) ask=100.33(NEW) spread=0.0800 pos=+27L
21:48:20,2018-08-16 09:34:30,CS1,SPREAD_TIGHT,,,,spread=0.0200 < 0.04 — cancelling
21:48:20,2018-08-16 09:34:30,CS2,CANCEL,BUY,100.08,,outside spread bid=100.1 ask=100.15
21:48:21,2018-08-16 09:34:30,CS2,CANCEL,SELL,100.22,,outside spread bid=100.1 ask=100.15
21:48:21,2018-08-16 09:34:30,CS3,SPREAD_TIGHT,,,,spread=0.0100 < 0.04 — cancelling
21:48:22,2018-08-16 09:34:32,CS1,SPREAD_TIGHT,,,,spread=0.0200 < 0.04 — cancelling
21:48:22,2018-08-16 09:34:34,CS2,SPREAD_TIGHT,,,,spread=0.0100 < 0.04 — cancelling
21:48:23,2018-08-16 09:34:34,CS3,SPREAD_TIGHT,,,,spread=0.0200 < 0.04 — cancelling
21:48:24,2018-08-16 09:34:34,CS1,SPREAD_TIGHT,,,,spread=0.0300 < 0.04 — cancelling
21:48:24,2018-08-16 09:34:34,CS2,SUBMIT,BUY,100.11,3,bid+1tick=100.11 spread=0.0500 pos=+0L
21:48:24,2018-08-16 09:34:34,CS2,SUBMIT,SELL,100.14,3,ask-1tick=100.14 spread=0.0500 pos=+0L
21:48:24,2018-08-16 09:34:34,CS2,STATUS,,,,bid=100.11(NEW) ask=100.14(NEW) spread=0.0500 pos=+0L
21:48:25,2018-08-16 09:34:34,CS3,SPREAD_TIGHT,,,,spread=0.0200 < 0.04 — cancelling
21:48:26,2018-08-16 09:34:38,CS1,SUBMIT,BUY,99.7,3,bid+1tick=99.7 spread=0.0400 pos=+12L
21:48:26,2018-08-16 09:34:38,CS1,SUBMIT,SELL,99.72,3,ask-1tick=99.72 spread=0.0400 pos=+12L
21:48:26,2018-08-16 09:34:38,CS1,STATUS,,,,bid=99.7(NEW) ask=99.72(NEW) spread=0.0400 pos=+12L
21:48:26,2018-08-16 09:34:38,CS2,SPREAD_TIGHT,,,,spread=0.0100 < 0.04 — cancelling
21:48:27,2018-08-16 09:34:38,CS3,SPREAD_TIGHT,,,,spread=0.0300 < 0.04 — cancelling
21:48:28,2018-08-16 09:34:39,CS1,SPREAD_TIGHT,,,,spread=0.0300 < 0.04 — cancelling
21:48:29,2018-08-16 09:34:40,CS2,SPREAD_TIGHT,,,,spread=0.0100 < 0.04 — cancelling
21:48:29,2018-08-16 09:34:40,CS3,SPREAD_TIGHT,,,,spread=0.0300 < 0.04 — cancelling
21:48:30,2018-08-16 09:34:40,CS1,SUBMIT,BUY,99.7,3,bid+1tick=99.7 spread=0.0500 pos=+15L
21:48:30,2018-08-16 09:34:40,CS1,SUBMIT,SELL,99.73,3,ask-1tick=99.73 spread=0.0500 pos=+15L
21:48:30,2018-08-16 09:34:40,CS1,STATUS,,,,bid=99.7(NEW) ask=99.73(NEW) spread=0.0500 pos=+15L
21:48:31,2018-08-16 09:34:42,CS2,SPREAD_TIGHT,,,,spread=0.0100 < 0.04 — cancelling
21:48:31,2018-08-16 09:34:42,CS3,SPREAD_TIGHT,,,,spread=0.0300 < 0.04 — cancelling
21:48:32,2018-08-16 09:34:42,CS1,SPREAD_TIGHT,,,,spread=0.0200 < 0.04 — cancelling
21:48:33,2018-08-16 09:34:42,CS2,SPREAD_TIGHT,,,,spread=0.0100 < 0.04 — cancelling
21:48:33,2018-08-16 09:34:42,CS3,SPREAD_TIGHT,,,,spread=0.0300 < 0.04 — cancelling
21:48:34,2018-08-16 09:34:42,CS1,SPREAD_TIGHT,,,,spread=0.0200 < 0.04 — cancelling
21:48:35,2018-08-16 09:34:46,CS2,SPREAD_TIGHT,,,,spread=0.0100 < 0.04 — cancelling
21:48:35,2018-08-16 09:34:46,CS3,SPREAD_TIGHT,,,,spread=0.0300 < 0.04 — cancelling
21:48:36,2018-08-16 09:34:48,CS1,SPREAD_TIGHT,,,,spread=0.0200 < 0.04 — cancelling
21:48:37,2018-08-16 09:34:48,CS2,SPREAD_TIGHT,,,,spread=0.0200 < 0.04 — cancelling
21:48:37,2018-08-16 09:34:48,CS3,SPREAD_TIGHT,,,,spread=0.0300 < 0.04 — cancelling
21:48:38,2018-08-16 09:34:48,CS1,SPREAD_TIGHT,,,,spread=0.0200 < 0.04 — cancelling
21:48:39,2018-08-16 09:34:48,CS2,SPREAD_TIGHT,,,,spread=0.0100 < 0.04 — cancelling
21:48:39,2018-08-16 09:34:50,CS3,SPREAD_TIGHT,,,,spread=0.0100 < 0.04 — cancelling
21:48:40,2018-08-16 09:34:51,CS1,SPREAD_TIGHT,,,,spread=0.0200 < 0.04 — cancelling
21:48:41,2018-08-16 09:34:52,CS2,SUBMIT,BUY,100.12,3,bid+1tick=100.12 spread=0.0500 pos=+0L
21:48:41,2018-08-16 09:34:52,CS2,SUBMIT,SELL,100.15,3,ask-1tick=100.15 spread=0.0500 pos=+0L
21:48:41,2018-08-16 09:34:52,CS2,STATUS,,,,bid=100.12(NEW) ask=100.15(NEW) spread=0.0500 pos=+0L
21:48:41,2018-08-16 09:34:52,CS3,SPREAD_TIGHT,,,,spread=0.0200 < 0.04 — cancelling
21:48:42,2018-08-16 09:34:54,CS1,SPREAD_TIGHT,,,,spread=0.0300 < 0.04 — cancelling
21:48:43,2018-08-16 09:34:54,CS2,SPREAD_TIGHT,,,,spread=0.0300 < 0.04 — cancelling
21:48:43,2018-08-16 09:34:55,CS3,SPREAD_TIGHT,,,,spread=0.0200 < 0.04 — cancelling
21:48:44,2018-08-16 09:34:55,CS1,SPREAD_TIGHT,,,,spread=0.0300 < 0.04 — cancelling
21:48:45,2018-08-16 09:34:55,CS2,SUBMIT,BUY,100.05,3,bid+1tick=100.05 spread=0.1200 pos=+0L
21:48:45,2018-08-16 09:34:55,CS2,SUBMIT,SELL,100.15,3,ask-1tick=100.15 spread=0.1200 pos=+0L
21:48:45,2018-08-16 09:34:55,CS2,STATUS,,,,bid=100.05(NEW) ask=100.15(NEW) spread=0.1200 pos=+0L
21:48:45,2018-08-16 09:34:55,CS3,SUBMIT,BUY,100.2,3,bid+1tick=100.2 spread=0.0400 pos=+27L
21:48:45,2018-08-16 09:34:55,CS3,SUBMIT,SELL,100.22,3,ask-1tick=100.22 spread=0.0400 pos=+27L
21:48:45,2018-08-16 09:34:55,CS3,STATUS,,,,bid=100.2(NEW) ask=100.22(NEW) spread=0.0400 pos=+27L
21:48:46,2018-08-16 09:34:57,CS1,SPREAD_TIGHT,,,,spread=0.0300 < 0.04 — cancelling
21:48:47,2018-08-16 09:34:57,CS2,CANCEL,BUY,100.05,,outside spread bid=100.1 ask=100.15
21:48:47,2018-08-16 09:34:57,CS2,CANCEL,SELL,100.15,,outside spread bid=100.1 ask=100.15
21:48:47,2018-08-16 09:34:57,CS2,SUBMIT,BUY,100.11,3,bid+1tick=100.11 spread=0.0600 pos=+0L
21:48:47,2018-08-16 09:34:57,CS2,SUBMIT,SELL,100.15,3,ask-1tick=100.15 spread=0.0600 pos=+0L
21:48:47,2018-08-16 09:34:57,CS2,STATUS,,,,bid=100.11(NEW) ask=100.15(NEW) spread=0.0600 pos=+0L
21:48:47,2018-08-16 09:34:57,CS3,SPREAD_TIGHT,,,,spread=0.0200 < 0.04 — cancelling
21:48:48,2018-08-16 09:35:00,CS1,SPREAD_TIGHT,,,,spread=0.0300 < 0.04 — cancelling
21:48:49,2018-08-16 09:35:00,CS2,CANCEL,BUY,100.11,,outside spread bid=100.11 ask=100.15
21:48:49,2018-08-16 09:35:00,CS2,CANCEL,SELL,100.15,,outside spread bid=100.11 ask=100.15
21:48:49,2018-08-16 09:35:00,CS2,SUBMIT,BUY,100.08,3,bid+1tick=100.08 spread=0.0900 pos=+0L
21:48:49,2018-08-16 09:35:00,CS2,SUBMIT,SELL,100.15,3,ask-1tick=100.15 spread=0.0900 pos=+0L
21:48:49,2018-08-16 09:35:00,CS2,STATUS,,,,bid=100.08(NEW) ask=100.15(NEW) spread=0.0900 pos=+0L
21:48:49,2018-08-16 09:35:00,CS3,SPREAD_TIGHT,,,,spread=0.0100 < 0.04 — cancelling
21:48:50,2018-08-16 09:35:01,CS1,SUBMIT,BUY,99.64,3,bid+1tick=99.64 spread=0.0500 pos=+12L
21:48:50,2018-08-16 09:35:01,CS1,SUBMIT,SELL,99.67,3,ask-1tick=99.67 spread=0.0500 pos=+12L
21:48:50,2018-08-16 09:35:01,CS1,STATUS,,,,bid=99.64(NEW) ask=99.67(NEW) spread=0.0500 pos=+12L
21:48:51,2018-08-16 09:35:02,CS2,SUBMIT,SELL,100.17,3,ask-1tick=100.17 spread=0.1100 pos=+0L
21:48:51,2018-08-16 09:35:02,CS2,STATUS,,,,bid=100.08(REST) ask=100.17(NEW) spread=0.1100 pos=+0L
21:48:52,2018-08-16 09:35:03,CS3,SPREAD_TIGHT,,,,spread=0.0100 < 0.04 — cancelling
21:48:52,2018-08-16 09:35:04,CS1,CANCEL,BUY,99.64,,outside spread bid=99.64 ask=99.68
21:48:53,2018-08-16 09:35:04,CS1,SUBMIT,BUY,99.64,3,bid+1tick=99.64 spread=0.0500 pos=+9L
21:48:53,2018-08-16 09:35:04,CS1,SUBMIT,SELL,99.67,3,ask-1tick=99.67 spread=0.0500 pos=+9L
21:48:53,2018-08-16 09:35:04,CS1,STATUS,,,,bid=99.64(NEW) ask=99.67(NEW) spread=0.0500 pos=+9L
21:48:53,2018-08-16 09:35:04,CS2,CANCEL,SELL,100.17,,outside spread bid=100.07 ask=100.17
21:48:53,2018-08-16 09:35:04,CS2,SUBMIT,BUY,100.08,3,bid+1tick=100.08 spread=0.1100 pos=+0L
21:48:53,2018-08-16 09:35:04,CS2,SUBMIT,SELL,100.17,3,ask-1tick=100.17 spread=0.1100 pos=+0L
21:48:53,2018-08-16 09:35:04,CS2,STATUS,,,,bid=100.08(NEW) ask=100.17(NEW) spread=0.1100 pos=+0L
21:48:54,2018-08-16 09:35:05,CS3,SPREAD_TIGHT,,,,spread=0.0200 < 0.04 — cancelling
21:48:54,2018-08-16 09:35:05,CS1,SPREAD_TIGHT,,,,spread=0.0300 < 0.04 — cancelling
21:48:55,2018-08-16 09:35:05,CS2,SPREAD_TIGHT,,,,spread=0.0300 < 0.04 — cancelling
21:48:56,2018-08-16 09:35:05,CS3,SPREAD_TIGHT,,,,spread=0.0100 < 0.04 — cancelling
21:48:56,2018-08-16 09:35:07,CS1,SUBMIT,BUY,99.64,3,bid+1tick=99.64 spread=0.0400 pos=+9L
21:48:56,2018-08-16 09:35:07,CS1,SUBMIT,SELL,99.66,3,ask-1tick=99.66 spread=0.0400 pos=+9L
21:48:56,2018-08-16 09:35:07,CS1,STATUS,,,,bid=99.64(NEW) ask=99.66(NEW) spread=0.0400 pos=+9L
21:48:57,2018-08-16 09:35:07,CS2,SPREAD_TIGHT,,,,spread=0.0300 < 0.04 — cancelling
21:48:58,2018-08-16 09:35:07,CS3,SPREAD_TIGHT,,,,spread=0.0300 < 0.04 — cancelling
21:48:58,2018-08-16 09:35:07,CS1,SPREAD_TIGHT,,,,spread=0.0200 < 0.04 — cancelling
21:48:59,2018-08-16 09:35:10,CS2,SUBMIT,BUY,100.08,3,bid+1tick=100.08 spread=0.0400 pos=+0L
21:48:59,2018-08-16 09:35:10,CS2,SUBMIT,SELL,100.1,3,ask-1tick=100.1 spread=0.0400 pos=+0L
21:48:59,2018-08-16 09:35:10,CS2,STATUS,,,,bid=100.08(NEW) ask=100.1(NEW) spread=0.0400 pos=+0L
21:49:00,2018-08-16 09:35:10,CS3,SPREAD_TIGHT,,,,spread=0.0300 < 0.04 — cancelling
21:49:00,2018-08-16 09:35:12,CS1,SUBMIT,BUY,99.64,3,bid+1tick=99.64 spread=0.1100 pos=+9L
21:49:00,2018-08-16 09:35:12,CS1,SUBMIT,SELL,99.73,3,ask-1tick=99.73 spread=0.1100 pos=+9L
21:49:00,2018-08-16 09:35:12,CS1,STATUS,,,,bid=99.64(NEW) ask=99.73(NEW) spread=0.1100 pos=+9L
21:49:01,2018-08-16 09:35:12,CS2,SPREAD_TIGHT,,,,spread=0.0400 < 0.04 — cancelling
21:49:02,2018-08-16 09:35:12,CS3,SPREAD_TIGHT,,,,spread=0.0200 < 0.04 — cancelling
21:49:03,2018-08-16 09:35:14,CS1,CANCEL,BUY,99.64,,outside spread bid=99.64 ask=99.73
21:49:03,2018-08-16 09:35:14,CS1,CANCEL,SELL,99.73,,outside spread bid=99.64 ask=99.73
21:49:03,2018-08-16 09:35:14,CS1,SUBMIT,BUY,99.66,3,bid+1tick=99.66 spread=0.0800 pos=+9L
21:49:03,2018-08-16 09:35:14,CS1,SUBMIT,SELL,99.72,3,ask-1tick=99.72 spread=0.0800 pos=+9L
21:49:03,2018-08-16 09:35:14,CS1,STATUS,,,,bid=99.66(NEW) ask=99.72(NEW) spread=0.0800 pos=+9L
21:49:03,2018-08-16 09:35:14,CS2,SUBMIT,BUY,100.07,3,bid+1tick=100.07 spread=0.0500 pos=+3L
21:49:03,2018-08-16 09:35:14,CS2,SUBMIT,SELL,100.1,3,ask-1tick=100.1 spread=0.0500 pos=+3L
21:49:03,2018-08-16 09:35:14,CS2,STATUS,,,,bid=100.07(NEW) ask=100.1(NEW) spread=0.0500 pos=+3L
21:49:04,2018-08-16 09:35:14,CS3,SPREAD_TIGHT,,,,spread=0.0300 < 0.04 — cancelling
21:49:05,2018-08-16 09:35:14,CS1,CANCEL,BUY,99.66,,outside spread bid=99.66 ask=99.72
21:49:05,2018-08-16 09:35:14,CS1,SUBMIT,BUY,99.66,3,bid+1tick=99.66 spread=0.0700 pos=+9L
21:49:05,2018-08-16 09:35:14,CS1,SUBMIT,SELL,99.71,3,ask-1tick=99.71 spread=0.0700 pos=+9L
21:49:05,2018-08-16 09:35:14,CS1,STATUS,,,,bid=99.66(NEW) ask=99.71(NEW) spread=0.0700 pos=+9L
21:49:05,2018-08-16 09:35:17,CS2,SPREAD_TIGHT,,,,spread=0.0300 < 0.04 — cancelling
21:49:06,2018-08-16 09:35:17,CS3,SUBMIT,BUY,100.31,3,bid+1tick=100.31 spread=0.0400 pos=+30L
21:49:06,2018-08-16 09:35:17,CS3,SUBMIT,SELL,100.33,3,ask-1tick=100.33 spread=0.0400 pos=+30L
21:49:06,2018-08-16 09:35:17,CS3,STATUS,,,,bid=100.31(NEW) ask=100.33(NEW) spread=0.0400 pos=+30L
21:49:07,2018-08-16 09:35:18,CS1,CANCEL,BUY,99.66,,outside spread bid=99.66 ask=99.71
21:49:07,2018-08-16 09:35:18,CS1,CANCEL,SELL,99.71,,outside spread bid=99.66 ask=99.71
21:49:07,2018-08-16 09:35:18,CS1,SUBMIT,BUY,99.66,3,bid+1tick=99.66 spread=0.0700 pos=+6L
21:49:07,2018-08-16 09:35:18,CS1,SUBMIT,SELL,99.71,3,ask-1tick=99.71 spread=0.0700 pos=+6L
21:49:07,2018-08-16 09:35:18,CS1,STATUS,,,,bid=99.66(NEW) ask=99.71(NEW) spread=0.0700 pos=+6L
21:49:08,2018-08-16 09:35:18,CS2,SUBMIT,BUY,100.06,3,bid+1tick=100.06 spread=0.0600 pos=+3L
21:49:08,2018-08-16 09:35:18,CS2,SUBMIT,SELL,100.1,3,ask-1tick=100.1 spread=0.0600 pos=+3L
21:49:08,2018-08-16 09:35:18,CS2,STATUS,,,,bid=100.06(NEW) ask=100.1(NEW) spread=0.0600 pos=+3L
21:49:08,2018-08-16 09:35:18,CS3,SPREAD_TIGHT,,,,spread=0.0300 < 0.04 — cancelling
21:49:09,2018-08-16 09:35:20,CS1,CANCEL,SELL,99.71,,outside spread bid=99.63 ask=99.71
21:49:09,2018-08-16 09:35:20,CS1,SUBMIT,BUY,99.64,3,bid+1tick=99.64 spread=0.0800 pos=+9L
21:49:09,2018-08-16 09:35:20,CS1,SUBMIT,SELL,99.7,3,ask-1tick=99.7 spread=0.0800 pos=+9L
21:49:09,2018-08-16 09:35:20,CS1,STATUS,,,,bid=99.64(NEW) ask=99.7(NEW) spread=0.0800 pos=+9L
21:49:10,2018-08-16 09:35:20,CS2,CANCEL,SELL,100.1,,outside spread bid=100.04 ask=100.1
21:49:10,2018-08-16 09:35:20,CS2,SUBMIT,BUY,100.05,3,bid+1tick=100.05 spread=0.0700 pos=+6L
21:49:10,2018-08-16 09:35:20,CS2,SUBMIT,SELL,100.1,3,ask-1tick=100.1 spread=0.0700 pos=+6L
21:49:10,2018-08-16 09:35:20,CS2,STATUS,,,,bid=100.05(NEW) ask=100.1(NEW) spread=0.0700 pos=+6L
21:49:10,2018-08-16 09:35:20,CS3,SPREAD_TIGHT,,,,spread=0.0100 < 0.04 — cancelling
21:49:11,2018-08-16 09:35:22,CS1,SPREAD_TIGHT,,,,spread=0.0300 < 0.04 — cancelling
21:49:12,2018-08-16 09:35:22,CS2,SPREAD_TIGHT,,,,spread=0.0200 < 0.04 — cancelling
21:49:12,2018-08-16 09:35:22,CS3,SPREAD_TIGHT,,,,spread=0.0100 < 0.04 — cancelling
21:49:13,2018-08-16 09:35:22,CS1,SUBMIT,BUY,99.64,3,bid+1tick=99.64 spread=0.0400 pos=+9L
21:49:13,2018-08-16 09:35:22,CS1,SUBMIT,SELL,99.66,3,ask-1tick=99.66 spread=0.0400 pos=+9L
21:49:13,2018-08-16 09:35:22,CS1,STATUS,,,,bid=99.64(NEW) ask=99.66(NEW) spread=0.0400 pos=+9L
21:49:14,2018-08-16 09:35:25,CS2,SPREAD_TIGHT,,,,spread=0.0300 < 0.04 — cancelling
21:49:14,2018-08-16 09:35:25,CS3,SPREAD_TIGHT,,,,spread=0.0100 < 0.04 — cancelling
21:49:15,2018-08-16 09:35:27,CS1,SPREAD_TIGHT,,,,spread=0.0200 < 0.04 — cancelling
21:49:16,2018-08-16 09:35:27,CS2,SPREAD_TIGHT,,,,spread=0.0200 < 0.04 — cancelling
21:49:16,2018-08-16 09:35:27,CS3,SPREAD_TIGHT,,,,spread=0.0200 < 0.04 — cancelling
21:49:17,2018-08-16 09:35:28,CS1,SUBMIT,BUY,99.61,3,bid+1tick=99.61 spread=0.0600 pos=+6L
21:49:17,2018-08-16 09:35:28,CS1,SUBMIT,SELL,99.65,3,ask-1tick=99.65 spread=0.0600 pos=+6L
21:49:17,2018-08-16 09:35:28,CS1,STATUS,,,,bid=99.61(NEW) ask=99.65(NEW) spread=0.0600 pos=+6L
21:49:18,2018-08-16 09:35:30,CS2,SUBMIT,BUY,100.06,3,bid+1tick=100.06 spread=0.0600 pos=+6L
21:49:18,2018-08-16 09:35:30,CS2,SUBMIT,SELL,100.1,3,ask-1tick=100.1 spread=0.0600 pos=+6L
21:49:18,2018-08-16 09:35:30,CS2,STATUS,,,,bid=100.06(NEW) ask=100.1(NEW) spread=0.0600 pos=+6L
21:49:18,2018-08-16 09:35:30,CS3,SPREAD_TIGHT,,,,spread=0.0200 < 0.04 — cancelling
21:49:19,2018-08-16 09:35:31,CS1,CANCEL,BUY,99.61,,outside spread bid=99.61 ask=99.65
21:49:19,2018-08-16 09:35:31,CS1,CANCEL,SELL,99.65,,outside spread bid=99.61 ask=99.65
21:49:20,2018-08-16 09:35:31,CS1,SUBMIT,BUY,99.61,3,bid+1tick=99.61 spread=0.0600 pos=+6L
21:49:20,2018-08-16 09:35:31,CS1,SUBMIT,SELL,99.65,3,ask-1tick=99.65 spread=0.0600 pos=+6L
21:49:20,2018-08-16 09:35:31,CS1,STATUS,,,,bid=99.61(NEW) ask=99.65(NEW) spread=0.0600 pos=+6L
21:49:20,2018-08-16 09:35:32,CS2,SUBMIT,BUY,100.05,3,bid+1tick=100.05 spread=0.0700 pos=+6L
21:49:20,2018-08-16 09:35:32,CS2,SUBMIT,SELL,100.1,3,ask-1tick=100.1 spread=0.0700 pos=+6L
21:49:20,2018-08-16 09:35:32,CS2,STATUS,,,,bid=100.05(NEW) ask=100.1(NEW) spread=0.0700 pos=+6L
21:49:20,2018-08-16 09:35:32,CS3,SUBMIT,BUY,100.26,3,bid+1tick=100.26 spread=0.0800 pos=+33L
21:49:20,2018-08-16 09:35:32,CS3,SUBMIT,SELL,100.32,3,ask-1tick=100.32 spread=0.0800 pos=+33L
21:49:20,2018-08-16 09:35:32,CS3,STATUS,,,,bid=100.26(NEW) ask=100.32(NEW) spread=0.0800 pos=+33L
21:49:21,2018-08-16 09:35:33,CS1,CANCEL,BUY,99.61,,outside spread bid=99.62 ask=99.7
21:49:22,2018-08-16 09:35:34,CS2,CANCEL,BUY,100.05,,outside spread bid=100.06 ask=100.11
21:49:23,2018-08-16 09:35:34,CS2,SUBMIT,BUY,100.07,3,bid+1tick=100.07 spread=0.0500 pos=+3L
21:49:23,2018-08-16 09:35:34,CS2,SUBMIT,SELL,100.1,3,ask-1tick=100.1 spread=0.0500 pos=+3L
21:49:23,2018-08-16 09:35:34,CS2,STATUS,,,,bid=100.07(NEW) ask=100.1(NEW) spread=0.0500 pos=+3L
21:49:23,2018-08-16 09:35:34,CS3,SPREAD_TIGHT,,,,spread=0.0300 < 0.04 — cancelling
21:49:23,2018-08-16 09:35:34,CS1,SPREAD_TIGHT,,,,spread=0.0300 < 0.04 — cancelling
21:49:24,2018-08-16 09:35:35,CS2,SPREAD_TIGHT,,,,spread=0.0300 < 0.04 — cancelling
21:49:25,2018-08-16 09:35:35,CS3,SPREAD_TIGHT,,,,spread=0.0100 < 0.04 — cancelling
21:49:25,2018-08-16 09:35:35,CS1,SPREAD_TIGHT,,,,spread=0.0300 < 0.04 — cancelling
21:49:26,2018-08-16 09:35:37,CS2,SPREAD_TIGHT,,,,spread=0.0300 < 0.04 — cancelling
21:49:27,2018-08-16 09:35:37,CS3,SPREAD_TIGHT,,,,spread=0.0100 < 0.04 — cancelling
21:49:27,2018-08-16 09:35:38,CS1,SPREAD_TIGHT,,,,spread=0.0300 < 0.04 — cancelling
21:49:28,2018-08-16 09:35:38,CS2,SPREAD_TIGHT,,,,spread=0.0100 < 0.04 — cancelling
21:49:29,2018-08-16 09:35:38,CS3,SPREAD_TIGHT,,,,spread=0.0100 < 0.04 — cancelling
21:49:29,2018-08-16 09:35:40,CS1,SPREAD_TIGHT,,,,spread=0.0300 < 0.04 — cancelling
21:49:31,2018-08-16 09:35:42,CS2,SUBMIT,BUY,100.09,3,bid+1tick=100.09 spread=0.0800 pos=+3L
21:49:31,2018-08-16 09:35:42,CS2,SUBMIT,SELL,100.15,3,ask-1tick=100.15 spread=0.0800 pos=+3L
21:49:31,2018-08-16 09:35:42,CS2,STATUS,,,,bid=100.09(NEW) ask=100.15(NEW) spread=0.0800 pos=+3L
21:49:31,2018-08-16 09:35:42,CS3,SUBMIT,BUY,100.21,3,bid+1tick=100.21 spread=0.0500 pos=+33L
21:49:31,2018-08-16 09:35:42,CS3,SUBMIT,SELL,100.24,3,ask-1tick=100.24 spread=0.0500 pos=+33L
21:49:31,2018-08-16 09:35:42,CS3,STATUS,,,,bid=100.21(NEW) ask=100.24(NEW) spread=0.0500 pos=+33L
21:49:31,2018-08-16 09:35:42,CS1,SPREAD_TIGHT,,,,spread=0.0300 < 0.04 — cancelling
21:49:33,2018-08-16 09:35:42,CS2,SPREAD_TIGHT,,,,spread=0.0200 < 0.04 — cancelling
21:49:33,2018-08-16 09:35:42,CS3,SPREAD_TIGHT,,,,spread=0.0100 < 0.04 — cancelling
21:49:33,2018-08-16 09:35:45,CS1,SPREAD_TIGHT,,,,spread=0.0300 < 0.04 — cancelling
21:49:35,2018-08-16 09:35:45,CS2,SUBMIT,BUY,100.09,3,bid+1tick=100.09 spread=0.1000 pos=+3L
21:49:35,2018-08-16 09:35:45,CS2,SUBMIT,SELL,100.17,3,ask-1tick=100.17 spread=0.1000 pos=+3L
21:49:35,2018-08-16 09:35:45,CS2,STATUS,,,,bid=100.09(NEW) ask=100.17(NEW) spread=0.1000 pos=+3L
21:49:35,2018-08-16 09:35:45,CS3,SPREAD_TIGHT,,,,spread=0.0400 < 0.04 — cancelling
21:49:35,2018-08-16 09:35:45,CS1,SPREAD_TIGHT,,,,spread=0.0300 < 0.04 — cancelling
21:49:37,2018-08-16 09:35:48,CS2,SPREAD_TIGHT,,,,spread=0.0200 < 0.04 — cancelling
21:49:37,2018-08-16 09:35:48,CS3,SPREAD_TIGHT,,,,spread=0.0200 < 0.04 — cancelling
21:49:37,2018-08-16 09:35:48,CS1,SUBMIT,BUY,99.66,3,bid+1tick=99.66 spread=0.0500 pos=+3L
21:49:37,2018-08-16 09:35:48,CS1,SUBMIT,SELL,99.69,3,ask-1tick=99.69 spread=0.0500 pos=+3L
21:49:37,2018-08-16 09:35:48,CS1,STATUS,,,,bid=99.66(NEW) ask=99.69(NEW) spread=0.0500 pos=+3L
21:49:39,2018-08-16 09:35:50,CS2,SPREAD_TIGHT,,,,spread=0.0100 < 0.04 — cancelling
21:49:39,2018-08-16 09:35:50,CS3,SPREAD_TIGHT,,,,spread=0.0400 < 0.04 — cancelling
21:49:40,2018-08-16 09:35:50,CS1,CANCEL,SELL,99.69,,outside spread bid=99.62 ask=99.69
21:49:40,2018-08-16 09:35:50,CS1,SUBMIT,BUY,99.63,3,bid+1tick=99.63 spread=0.0700 pos=+6L
21:49:40,2018-08-16 09:35:50,CS1,SUBMIT,SELL,99.68,3,ask-1tick=99.68 spread=0.0700 pos=+6L
21:49:40,2018-08-16 09:35:50,CS1,STATUS,,,,bid=99.63(NEW) ask=99.68(NEW) spread=0.0700 pos=+6L
21:49:41,2018-08-16 09:35:52,CS2,SPREAD_TIGHT,,,,spread=0.0100 < 0.04 — cancelling
21:49:41,2018-08-16 09:35:53,CS3,SPREAD_TIGHT,,,,spread=0.0300 < 0.04 — cancelling
21:49:42,2018-08-16 09:35:53,CS1,SPREAD_TIGHT,,,,spread=0.0100 < 0.04 — cancelling
21:49:43,2018-08-16 09:35:54,CS2,SUBMIT,BUY,100.1,3,bid+1tick=100.1 spread=0.0600 pos=+3L
21:49:43,2018-08-16 09:35:54,CS2,SUBMIT,SELL,100.14,3,ask-1tick=100.14 spread=0.0600 pos=+3L
21:49:43,2018-08-16 09:35:54,CS2,STATUS,,,,bid=100.1(NEW) ask=100.14(NEW) spread=0.0600 pos=+3L
21:49:43,2018-08-16 09:35:55,CS3,SPREAD_TIGHT,,,,spread=0.0100 < 0.04 — cancelling
21:49:44,2018-08-16 09:35:55,CS1,SPREAD_TIGHT,,,,spread=0.0100 < 0.04 — cancelling
21:49:45,2018-08-16 09:35:55,CS2,CANCEL,BUY,100.1,,outside spread bid=100.1 ask=100.14
21:49:45,2018-08-16 09:35:55,CS2,CANCEL,SELL,100.14,,outside spread bid=100.1 ask=100.14
21:49:46,2018-08-16 09:35:55,CS3,SUBMIT,BUY,100.25,3,bid+1tick=100.25 spread=0.1100 pos=+33L
21:49:46,2018-08-16 09:35:55,CS3,SUBMIT,SELL,100.34,3,ask-1tick=100.34 spread=0.1100 pos=+33L
21:49:46,2018-08-16 09:35:55,CS3,STATUS,,,,bid=100.25(NEW) ask=100.34(NEW) spread=0.1100 pos=+33L
21:49:46,2018-08-16 09:35:57,CS1,SPREAD_TIGHT,,,,spread=0.0200 < 0.04 — cancelling
21:49:47,2018-08-16 09:35:57,CS2,SPREAD_TIGHT,,,,spread=0.0400 < 0.04 — cancelling
21:49:48,2018-08-16 09:35:57,CS3,CANCEL,BUY,100.25,,outside spread bid=100.25 ask=100.34
21:49:48,2018-08-16 09:35:57,CS3,CANCEL,SELL,100.34,,outside spread bid=100.25 ask=100.34
21:49:48,2018-08-16 09:35:57,CS3,SUBMIT,BUY,100.25,3,bid+1tick=100.25 spread=0.1100 pos=+33L
21:49:48,2018-08-16 09:35:57,CS3,SUBMIT,SELL,100.34,3,ask-1tick=100.34 spread=0.1100 pos=+33L
21:49:48,2018-08-16 09:35:57,CS3,STATUS,,,,bid=100.25(NEW) ask=100.34(NEW) spread=0.1100 pos=+33L
21:49:49,2018-08-16 09:36:00,CS1,SPREAD_TIGHT,,,,spread=0.0200 < 0.04 — cancelling
21:49:49,2018-08-16 09:36:00,CS2,SUBMIT,BUY,100.09,3,bid+1tick=100.09 spread=0.0700 pos=+3L
21:49:49,2018-08-16 09:36:00,CS2,SUBMIT,SELL,100.14,3,ask-1tick=100.14 spread=0.0700 pos=+3L
21:49:49,2018-08-16 09:36:00,CS2,STATUS,,,,bid=100.09(NEW) ask=100.14(NEW) spread=0.0700 pos=+3L
21:49:50,2018-08-16 09:36:01,CS3,CANCEL,BUY,100.25,,outside spread bid=100.25 ask=100.35
21:49:50,2018-08-16 09:36:01,CS3,SUBMIT,BUY,100.25,3,bid+1tick=100.25 spread=0.1100 pos=+30L
21:49:50,2018-08-16 09:36:01,CS3,SUBMIT,SELL,100.34,3,ask-1tick=100.34 spread=0.1100 pos=+30L
21:49:50,2018-08-16 09:36:01,CS3,STATUS,,,,bid=100.25(NEW) ask=100.34(NEW) spread=0.1100 pos=+30L
21:49:51,2018-08-16 09:36:02,CS1,SPREAD_TIGHT,,,,spread=0.0200 < 0.04 — cancelling
21:49:51,2018-08-16 09:36:02,CS2,SPREAD_TIGHT,,,,spread=0.0100 < 0.04 — cancelling
21:49:52,2018-08-16 09:36:02,CS3,CANCEL,BUY,100.25,,outside spread bid=100.25 ask=100.3
21:49:52,2018-08-16 09:36:02,CS3,CANCEL,SELL,100.34,,outside spread bid=100.25 ask=100.3
21:49:53,2018-08-16 09:36:02,CS3,SUBMIT,BUY,100.25,3,bid+1tick=100.25 spread=0.1100 pos=+30L
21:49:53,2018-08-16 09:36:02,CS3,SUBMIT,SELL,100.34,3,ask-1tick=100.34 spread=0.1100 pos=+30L
21:49:53,2018-08-16 09:36:02,CS3,STATUS,,,,bid=100.25(NEW) ask=100.34(NEW) spread=0.1100 pos=+30L
21:49:53,2018-08-16 09:36:04,CS1,SPREAD_TIGHT,,,,spread=0.0200 < 0.04 — cancelling
21:49:53,2018-08-16 09:36:04,CS2,SPREAD_TIGHT,,,,spread=0.0200 < 0.04 — cancelling
21:49:54,2018-08-16 09:36:04,CS3,CANCEL,BUY,100.25,,outside spread bid=100.25 ask=100.34
21:49:54,2018-08-16 09:36:04,CS3,CANCEL,SELL,100.34,,outside spread bid=100.25 ask=100.34
21:49:55,2018-08-16 09:36:04,CS3,SUBMIT,BUY,100.25,3,bid+1tick=100.25 spread=0.1300 pos=+30L
21:49:55,2018-08-16 09:36:04,CS3,SUBMIT,SELL,100.36,3,ask-1tick=100.36 spread=0.1300 pos=+30L
21:49:55,2018-08-16 09:36:04,CS3,STATUS,,,,bid=100.25(NEW) ask=100.36(NEW) spread=0.1300 pos=+30L
21:49:55,2018-08-16 09:36:06,CS1,SPREAD_TIGHT,,,,spread=0.0100 < 0.04 — cancelling
21:49:55,2018-08-16 09:36:07,CS2,SPREAD_TIGHT,,,,spread=0.0100 < 0.04 — cancelling
21:49:56,2018-08-16 09:36:07,CS3,CANCEL,BUY,100.25,,outside spread bid=100.25 ask=100.36
21:49:56,2018-08-16 09:36:07,CS3,SUBMIT,BUY,100.25,3,bid+1tick=100.25 spread=0.1200 pos=+27L
21:49:56,2018-08-16 09:36:07,CS3,SUBMIT,SELL,100.35,3,ask-1tick=100.35 spread=0.1200 pos=+27L
21:49:56,2018-08-16 09:36:07,CS3,STATUS,,,,bid=100.25(NEW) ask=100.35(NEW) spread=0.1200 pos=+27L
21:49:57,2018-08-16 09:36:08,CS1,SPREAD_TIGHT,,,,spread=0.0100 < 0.04 — cancelling
21:49:58,2018-08-16 09:36:09,CS2,SPREAD_TIGHT,,,,spread=0.0300 < 0.04 — cancelling
21:49:58,2018-08-16 09:36:09,CS3,CANCEL,BUY,100.25,,outside spread bid=100.25 ask=100.35
21:49:58,2018-08-16 09:36:09,CS3,CANCEL,SELL,100.35,,outside spread bid=100.25 ask=100.35
21:49:59,2018-08-16 09:36:09,CS3,SUBMIT,BUY,100.24,3,bid+1tick=100.24 spread=0.1300 pos=+27L
21:49:59,2018-08-16 09:36:09,CS3,SUBMIT,SELL,100.35,3,ask-1tick=100.35 spread=0.1300 pos=+27L
21:49:59,2018-08-16 09:36:09,CS3,STATUS,,,,bid=100.24(NEW) ask=100.35(NEW) spread=0.1300 pos=+27L
21:49:59,2018-08-16 09:36:10,CS1,SPREAD_TIGHT,,,,spread=0.0100 < 0.04 — cancelling
21:50:00,2018-08-16 09:36:11,CS2,SUBMIT,BUY,100.1,3,bid+1tick=100.1 spread=0.0900 pos=+3L
21:50:00,2018-08-16 09:36:11,CS2,SUBMIT,SELL,100.17,3,ask-1tick=100.17 spread=0.0900 pos=+3L
21:50:00,2018-08-16 09:36:11,CS2,STATUS,,,,bid=100.1(NEW) ask=100.17(NEW) spread=0.0900 pos=+3L
21:50:00,2018-08-16 09:36:12,CS3,CANCEL,BUY,100.24,,outside spread bid=100.28 ask=100.35
21:50:01,2018-08-16 09:36:12,CS3,CANCEL,SELL,100.35,,outside spread bid=100.28 ask=100.35
21:50:01,2018-08-16 09:36:12,CS3,SUBMIT,BUY,100.34,3,bid+1tick=100.34 spread=0.0500 pos=+27L
21:50:01,2018-08-16 09:36:12,CS3,SUBMIT,SELL,100.37,3,ask-1tick=100.37 spread=0.0500 pos=+27L
21:50:01,2018-08-16 09:36:12,CS3,STATUS,,,,bid=100.34(NEW) ask=100.37(NEW) spread=0.0500 pos=+27L
21:50:01,2018-08-16 09:36:12,CS1,SPREAD_TIGHT,,,,spread=0.0200 < 0.04 — cancelling
21:50:02,2018-08-16 09:36:13,CS2,SPREAD_TIGHT,,,,spread=0.0100 < 0.04 — cancelling
21:50:02,2018-08-16 09:36:13,CS3,CANCEL,SELL,100.37,,outside spread bid=100.28 ask=100.37
21:50:03,2018-08-16 09:36:13,CS3,SUBMIT,BUY,100.29,3,bid+1tick=100.29 spread=0.1000 pos=+30L
21:50:03,2018-08-16 09:36:13,CS3,SUBMIT,SELL,100.37,3,ask-1tick=100.37 spread=0.1000 pos=+30L
21:50:03,2018-08-16 09:36:13,CS3,STATUS,,,,bid=100.29(NEW) ask=100.37(NEW) spread=0.1000 pos=+30L
21:50:03,2018-08-16 09:36:14,CS1,SPREAD_TIGHT,,,,spread=0.0200 < 0.04 — cancelling
21:50:04,2018-08-16 09:36:15,CS2,SUBMIT,BUY,100.12,3,bid+1tick=100.12 spread=0.0700 pos=+6L
21:50:04,2018-08-16 09:36:15,CS2,SUBMIT,SELL,100.17,3,ask-1tick=100.17 spread=0.0700 pos=+6L
21:50:04,2018-08-16 09:36:15,CS2,STATUS,,,,bid=100.12(NEW) ask=100.17(NEW) spread=0.0700 pos=+6L
21:50:04,2018-08-16 09:36:15,CS3,CANCEL,BUY,100.29,,outside spread bid=100.3 ask=100.37
21:50:05,2018-08-16 09:36:15,CS3,CANCEL,SELL,100.37,,outside spread bid=100.3 ask=100.37
21:50:05,2018-08-16 09:36:17,CS1,SUBMIT,BUY,99.75,3,bid+1tick=99.75 spread=0.1000 pos=+6L
21:50:05,2018-08-16 09:36:17,CS1,SUBMIT,SELL,99.83,3,ask-1tick=99.83 spread=0.1000 pos=+6L
21:50:05,2018-08-16 09:36:17,CS1,STATUS,,,,bid=99.75(NEW) ask=99.83(NEW) spread=0.1000 pos=+6L
21:50:06,2018-08-16 09:36:17,CS2,SPREAD_TIGHT,,,,spread=0.0300 < 0.04 — cancelling
21:50:06,2018-08-16 09:36:18,CS3,SPREAD_TIGHT,,,,spread=0.0200 < 0.04 — cancelling
21:50:07,2018-08-16 09:36:18,CS1,CANCEL,BUY,99.75,,outside spread bid=99.78 ask=99.83
21:50:08,2018-08-16 09:36:18,CS1,CANCEL,SELL,99.83,,outside spread bid=99.78 ask=99.83
21:50:08,2018-08-16 09:36:18,CS1,SUBMIT,BUY,99.79,3,bid+1tick=99.79 spread=0.0600 pos=+6L
21:50:08,2018-08-16 09:36:18,CS1,SUBMIT,SELL,99.83,3,ask-1tick=99.83 spread=0.0600 pos=+6L
21:50:08,2018-08-16 09:36:18,CS1,STATUS,,,,bid=99.79(NEW) ask=99.83(NEW) spread=0.0600 pos=+6L
21:50:08,2018-08-16 09:36:18,CS2,SPREAD_TIGHT,,,,spread=0.0300 < 0.04 — cancelling
21:50:08,2018-08-16 09:36:18,CS3,SPREAD_TIGHT,,,,spread=0.0200 < 0.04 — cancelling
21:50:09,2018-08-16 09:36:20,CS1,CANCEL,BUY,99.79,,outside spread bid=99.79 ask=99.84
21:50:10,2018-08-16 09:36:20,CS1,SUBMIT,BUY,99.79,3,bid+1tick=99.79 spread=0.0600 pos=+3L
21:50:10,2018-08-16 09:36:20,CS1,SUBMIT,SELL,99.83,3,ask-1tick=99.83 spread=0.0600 pos=+3L
21:50:10,2018-08-16 09:36:20,CS1,STATUS,,,,bid=99.79(NEW) ask=99.83(NEW) spread=0.0600 pos=+3L
21:50:10,2018-08-16 09:36:20,CS2,SUBMIT,BUY,100.13,3,bid+1tick=100.13 spread=0.0600 pos=+6L
21:50:10,2018-08-16 09:36:20,CS2,SUBMIT,SELL,100.17,3,ask-1tick=100.17 spread=0.0600 pos=+6L
21:50:10,2018-08-16 09:36:20,CS2,STATUS,,,,bid=100.13(NEW) ask=100.17(NEW) spread=0.0600 pos=+6L
21:50:11,2018-08-16 09:36:22,CS3,SPREAD_TIGHT,,,,spread=0.0200 < 0.04 — cancelling
21:50:11,2018-08-16 09:36:23,CS1,CANCEL,BUY,99.79,,outside spread bid=99.79 ask=99.88
21:50:12,2018-08-16 09:36:23,CS1,SUBMIT,BUY,99.79,3,bid+1tick=99.79 spread=0.1000 pos=+0L
21:50:12,2018-08-16 09:36:23,CS1,SUBMIT,SELL,99.87,3,ask-1tick=99.87 spread=0.1000 pos=+0L
21:50:12,2018-08-16 09:36:23,CS1,STATUS,,,,bid=99.79(NEW) ask=99.87(NEW) spread=0.1000 pos=+0L
21:50:12,2018-08-16 09:36:23,CS2,SPREAD_TIGHT,,,,spread=0.0100 < 0.04 — cancelling
21:50:13,2018-08-16 09:36:23,CS3,SPREAD_TIGHT,,,,spread=0.0200 < 0.04 — cancelling
21:50:14,2018-08-16 09:36:25,CS1,CANCEL,BUY,99.79,,outside spread bid=99.79 ask=99.88
21:50:14,2018-08-16 09:36:25,CS2,SPREAD_TIGHT,,,,spread=0.0100 < 0.04 — cancelling
21:50:15,2018-08-16 09:36:25,CS3,SPREAD_TIGHT,,,,spread=0.0300 < 0.04 — cancelling
21:50:16,2018-08-16 09:36:27,CS1,SUBMIT,BUY,99.86,3,bid+1tick=99.86 spread=0.0600 pos=-3L
21:50:16,2018-08-16 09:36:27,CS1,SUBMIT,SELL,99.9,3,ask-1tick=99.9 spread=0.0600 pos=-3L
21:50:16,2018-08-16 09:36:27,CS1,STATUS,,,,bid=99.86(NEW) ask=99.9(NEW) spread=0.0600 pos=-3L
21:50:16,2018-08-16 09:36:28,CS2,SPREAD_TIGHT,,,,spread=0.0100 < 0.04 — cancelling
21:50:17,2018-08-16 09:36:28,CS3,SPREAD_TIGHT,,,,spread=0.0300 < 0.04 — cancelling
21:50:18,2018-08-16 09:36:29,CS1,CANCEL,BUY,99.86,,outside spread bid=99.86 ask=99.9
21:50:18,2018-08-16 09:36:29,CS1,CANCEL,SELL,99.9,,outside spread bid=99.86 ask=99.9
21:50:18,2018-08-16 09:36:29,CS1,SUBMIT,BUY,99.86,3,bid+1tick=99.86 spread=0.0600 pos=-3L
21:50:18,2018-08-16 09:36:29,CS1,SUBMIT,SELL,99.9,3,ask-1tick=99.9 spread=0.0600 pos=-3L
21:50:18,2018-08-16 09:36:29,CS1,STATUS,,,,bid=99.86(NEW) ask=99.9(NEW) spread=0.0600 pos=-3L
21:50:18,2018-08-16 09:36:29,CS2,SPREAD_TIGHT,,,,spread=0.0200 < 0.04 — cancelling
21:50:19,2018-08-16 09:36:30,CS3,SPREAD_TIGHT,,,,spread=0.0300 < 0.04 — cancelling
21:50:20,2018-08-16 09:36:30,CS1,CANCEL,BUY,99.86,,outside spread bid=99.86 ask=99.9
21:50:20,2018-08-16 09:36:30,CS1,CANCEL,SELL,99.9,,outside spread bid=99.86 ask=99.9
21:50:20,2018-08-16 09:36:30,CS1,SUBMIT,BUY,99.86,3,bid+1tick=99.86 spread=0.0600 pos=-3L
21:50:20,2018-08-16 09:36:30,CS1,SUBMIT,SELL,99.9,3,ask-1tick=99.9 spread=0.0600 pos=-3L
21:50:20,2018-08-16 09:36:30,CS1,STATUS,,,,bid=99.86(NEW) ask=99.9(NEW) spread=0.0600 pos=-3L
21:50:20,2018-08-16 09:36:30,CS2,SPREAD_TIGHT,,,,spread=0.0100 < 0.04 — cancelling
21:50:21,2018-08-16 09:36:32,CS3,SPREAD_TIGHT,,,,spread=0.0100 < 0.04 — cancelling
21:50:22,2018-08-16 09:36:32,CS1,SPREAD_TIGHT,,,,spread=0.0300 < 0.04 — cancelling
21:50:22,2018-08-16 09:36:34,CS2,SPREAD_TIGHT,,,,spread=0.0100 < 0.04 — cancelling
21:50:23,2018-08-16 09:36:34,CS3,SPREAD_TIGHT,,,,spread=0.0100 < 0.04 — cancelling
21:50:24,2018-08-16 09:36:35,CS1,SUBMIT,BUY,99.86,3,bid+1tick=99.86 spread=0.0400 pos=-3L
21:50:24,2018-08-16 09:36:35,CS1,SUBMIT,SELL,99.88,3,ask-1tick=99.88 spread=0.0400 pos=-3L
21:50:24,2018-08-16 09:36:35,CS1,STATUS,,,,bid=99.86(NEW) ask=99.88(NEW) spread=0.0400 pos=-3L
21:50:25,2018-08-16 09:36:36,CS2,SPREAD_TIGHT,,,,spread=0.0200 < 0.04 — cancelling
21:50:25,2018-08-16 09:36:37,CS3,SPREAD_TIGHT,,,,spread=0.0100 < 0.04 — cancelling
21:50:26,2018-08-16 09:36:37,CS1,SPREAD_TIGHT,,,,spread=0.0300 < 0.04 — cancelling
21:50:27,2018-08-16 09:36:37,CS2,SPREAD_TIGHT,,,,spread=0.0300 < 0.04 — cancelling
21:50:27,2018-08-16 09:36:39,CS3,SPREAD_TIGHT,,,,spread=0.0100 < 0.04 — cancelling
21:50:28,2018-08-16 09:36:39,CS1,SUBMIT,BUY,99.86,3,bid+1tick=99.86 spread=0.0400 pos=-6L
21:50:28,2018-08-16 09:36:39,CS1,SUBMIT,SELL,99.88,3,ask-1tick=99.88 spread=0.0400 pos=-6L
21:50:28,2018-08-16 09:36:39,CS1,STATUS,,,,bid=99.86(NEW) ask=99.88(NEW) spread=0.0400 pos=-6L
21:50:29,2018-08-16 09:36:40,CS2,SUBMIT,BUY,100.21,3,bid+1tick=100.21 spread=0.0900 pos=+3L
21:50:29,2018-08-16 09:36:40,CS2,SUBMIT,SELL,100.28,3,ask-1tick=100.28 spread=0.0900 pos=+3L
21:50:29,2018-08-16 09:36:40,CS2,STATUS,,,,bid=100.21(NEW) ask=100.28(NEW) spread=0.0900 pos=+3L
21:50:29,2018-08-16 09:36:41,CS3,SPREAD_TIGHT,,,,spread=0.0100 < 0.04 — cancelling
21:50:30,2018-08-16 09:36:41,CS1,SPREAD_TIGHT,,,,spread=0.0100 < 0.04 — cancelling
21:50:31,2018-08-16 09:36:42,CS2,SPREAD_TIGHT,,,,spread=0.0200 < 0.04 — cancelling
21:50:31,2018-08-16 09:36:42,CS3,SPREAD_TIGHT,,,,spread=0.0100 < 0.04 — cancelling
21:50:32,2018-08-16 09:36:42,CS1,SPREAD_TIGHT,,,,spread=0.0200 < 0.04 — cancelling
21:50:33,2018-08-16 09:36:42,CS2,SPREAD_TIGHT,,,,spread=0.0400 < 0.04 — cancelling
21:50:33,2018-08-16 09:36:42,CS3,SPREAD_TIGHT,,,,spread=0.0100 < 0.04 — cancelling
21:50:34,2018-08-16 09:36:46,CS1,SPREAD_TIGHT,,,,spread=0.0200 < 0.04 — cancelling
21:50:35,2018-08-16 09:36:46,CS2,SPREAD_TIGHT,,,,spread=0.0400 < 0.04 — cancelling
21:50:35,2018-08-16 09:36:47,CS3,SPREAD_TIGHT,,,,spread=0.0400 < 0.04 — cancelling
21:50:36,2018-08-16 09:36:47,CS1,SPREAD_TIGHT,,,,spread=0.0200 < 0.04 — cancelling
21:50:37,2018-08-16 09:36:47,CS2,SPREAD_TIGHT,,,,spread=0.0100 < 0.04 — cancelling
21:50:37,2018-08-16 09:36:49,CS3,SPREAD_TIGHT,,,,spread=0.0100 < 0.04 — cancelling
21:50:38,2018-08-16 09:36:49,CS1,SPREAD_TIGHT,,,,spread=0.0300 < 0.04 — cancelling
21:50:39,2018-08-16 09:36:50,CS2,SUBMIT,BUY,100.17,3,bid+1tick=100.17 spread=0.0500 pos=+3L
21:50:39,2018-08-16 09:36:50,CS2,SUBMIT,SELL,100.2,3,ask-1tick=100.2 spread=0.0500 pos=+3L
21:50:39,2018-08-16 09:36:50,CS2,STATUS,,,,bid=100.17(NEW) ask=100.2(NEW) spread=0.0500 pos=+3L
21:50:39,2018-08-16 09:36:51,CS3,SUBMIT,BUY,100.11,3,bid+1tick=100.11 spread=0.0600 pos=+30L
21:50:39,2018-08-16 09:36:51,CS3,SUBMIT,SELL,100.15,3,ask-1tick=100.15 spread=0.0600 pos=+30L
21:50:39,2018-08-16 09:36:51,CS3,STATUS,,,,bid=100.11(NEW) ask=100.15(NEW) spread=0.0600 pos=+30L
21:50:40,2018-08-16 09:36:51,CS1,SPREAD_TIGHT,,,,spread=0.0300 < 0.04 — cancelling
21:50:41,2018-08-16 09:36:52,CS2,SPREAD_TIGHT,,,,spread=0.0300 < 0.04 — cancelling
21:50:42,2018-08-16 09:36:52,CS3,CANCEL,BUY,100.11,,outside spread bid=100.11 ask=100.15
21:50:42,2018-08-16 09:36:52,CS3,CANCEL,SELL,100.15,,outside spread bid=100.11 ask=100.15
21:50:42,2018-08-16 09:36:52,CS3,SUBMIT,BUY,100.12,3,bid+1tick=100.12 spread=0.0400 pos=+30L
21:50:42,2018-08-16 09:36:52,CS3,SUBMIT,SELL,100.14,3,ask-1tick=100.14 spread=0.0400 pos=+30L
21:50:42,2018-08-16 09:36:52,CS3,STATUS,,,,bid=100.12(NEW) ask=100.14(NEW) spread=0.0400 pos=+30L
21:50:42,2018-08-16 09:36:52,CS1,SUBMIT,BUY,99.87,3,bid+1tick=99.87 spread=0.0500 pos=-9L
21:50:42,2018-08-16 09:36:52,CS1,SUBMIT,SELL,99.9,3,ask-1tick=99.9 spread=0.0500 pos=-9L
21:50:42,2018-08-16 09:36:52,CS1,STATUS,,,,bid=99.87(NEW) ask=99.9(NEW) spread=0.0500 pos=-9L
21:50:43,2018-08-16 09:36:54,CS2,SUBMIT,BUY,100.2,3,bid+1tick=100.2 spread=0.0500 pos=+6L
21:50:43,2018-08-16 09:36:54,CS2,SUBMIT,SELL,100.23,3,ask-1tick=100.23 spread=0.0500 pos=+6L
21:50:43,2018-08-16 09:36:54,CS2,STATUS,,,,bid=100.2(NEW) ask=100.23(NEW) spread=0.0500 pos=+6L
21:50:44,2018-08-16 09:36:55,CS3,SPREAD_TIGHT,,,,spread=0.0400 < 0.04 — cancelling
21:50:44,2018-08-16 09:36:55,CS1,CANCEL,SELL,99.9,,outside spread bid=99.86 ask=99.9
21:50:45,2018-08-16 09:36:55,CS1,SUBMIT,BUY,99.87,3,bid+1tick=99.87 spread=0.0700 pos=-6L
21:50:45,2018-08-16 09:36:55,CS1,SUBMIT,SELL,99.92,3,ask-1tick=99.92 spread=0.0700 pos=-6L
21:50:45,2018-08-16 09:36:55,CS1,STATUS,,,,bid=99.87(NEW) ask=99.92(NEW) spread=0.0700 pos=-6L
21:50:45,2018-08-16 09:36:56,CS2,SPREAD_TIGHT,,,,spread=0.0300 < 0.04 — cancelling
21:50:46,2018-08-16 09:36:56,CS3,SUBMIT,BUY,100.1,3,bid+1tick=100.1 spread=0.0700 pos=+27L
21:50:46,2018-08-16 09:36:56,CS3,SUBMIT,SELL,100.15,3,ask-1tick=100.15 spread=0.0700 pos=+27L
21:50:46,2018-08-16 09:36:56,CS3,STATUS,,,,bid=100.1(NEW) ask=100.15(NEW) spread=0.0700 pos=+27L
21:50:47,2018-08-16 09:36:58,CS1,SPREAD_TIGHT,,,,spread=0.0300 < 0.04 — cancelling
21:50:47,2018-08-16 09:36:58,CS2,SUBMIT,BUY,100.14,3,bid+1tick=100.14 spread=0.1300 pos=+6L
21:50:47,2018-08-16 09:36:58,CS2,SUBMIT,SELL,100.25,3,ask-1tick=100.25 spread=0.1300 pos=+6L
21:50:47,2018-08-16 09:36:58,CS2,STATUS,,,,bid=100.14(NEW) ask=100.25(NEW) spread=0.1300 pos=+6L
21:50:48,2018-08-16 09:36:58,CS3,SPREAD_TIGHT,,,,spread=0.0300 < 0.04 — cancelling
21:50:49,2018-08-16 09:37:00,CS1,SPREAD_TIGHT,,,,spread=0.0400 < 0.04 — cancelling
21:50:49,2018-08-16 09:37:00,CS2,CANCEL,BUY,100.14,,outside spread bid=100.15 ask=100.25
21:50:50,2018-08-16 09:37:00,CS2,CANCEL,SELL,100.25,,outside spread bid=100.15 ask=100.25
21:50:50,2018-08-16 09:37:00,CS2,SUBMIT,BUY,100.16,3,bid+1tick=100.16 spread=0.1100 pos=+6L
21:50:50,2018-08-16 09:37:00,CS2,SUBMIT,SELL,100.25,3,ask-1tick=100.25 spread=0.1100 pos=+6L
21:50:50,2018-08-16 09:37:00,CS2,STATUS,,,,bid=100.16(NEW) ask=100.25(NEW) spread=0.1100 pos=+6L
21:50:50,2018-08-16 09:37:00,CS3,SPREAD_TIGHT,,,,spread=0.0300 < 0.04 — cancelling
21:50:51,2018-08-16 09:37:00,CS1,SPREAD_TIGHT,,,,spread=0.0300 < 0.04 — cancelling
21:50:51,2018-08-16 09:37:02,CS2,CANCEL,BUY,100.16,,outside spread bid=100.16 ask=100.24
21:50:52,2018-08-16 09:37:02,CS2,CANCEL,SELL,100.25,,outside spread bid=100.16 ask=100.24
21:50:52,2018-08-16 09:37:02,CS2,SUBMIT,BUY,100.16,3,bid+1tick=100.16 spread=0.0900 pos=+6L
21:50:52,2018-08-16 09:37:02,CS2,SUBMIT,SELL,100.23,3,ask-1tick=100.23 spread=0.0900 pos=+6L
21:50:52,2018-08-16 09:37:02,CS2,STATUS,,,,bid=100.16(NEW) ask=100.23(NEW) spread=0.0900 pos=+6L
21:50:52,2018-08-16 09:37:02,CS3,SPREAD_TIGHT,,,,spread=0.0100 < 0.04 — cancelling
21:50:53,2018-08-16 09:37:04,CS1,SPREAD_TIGHT,,,,spread=0.0100 < 0.04 — cancelling
21:50:53,2018-08-16 09:37:04,CS2,CANCEL,BUY,100.16,,outside spread bid=100.16 ask=100.23
21:50:54,2018-08-16 09:37:04,CS2,CANCEL,SELL,100.23,,outside spread bid=100.16 ask=100.23
21:50:54,2018-08-16 09:37:04,CS2,SUBMIT,BUY,100.16,3,bid+1tick=100.16 spread=0.0900 pos=+6L
21:50:54,2018-08-16 09:37:04,CS2,SUBMIT,SELL,100.23,3,ask-1tick=100.23 spread=0.0900 pos=+6L
21:50:54,2018-08-16 09:37:04,CS2,STATUS,,,,bid=100.16(NEW) ask=100.23(NEW) spread=0.0900 pos=+6L
21:50:54,2018-08-16 09:37:04,CS3,SUBMIT,BUY,100.09,3,bid+1tick=100.09 spread=0.0400 pos=+27L
21:50:54,2018-08-16 09:37:04,CS3,SUBMIT,SELL,100.11,3,ask-1tick=100.11 spread=0.0400 pos=+27L
21:50:54,2018-08-16 09:37:04,CS3,STATUS,,,,bid=100.09(NEW) ask=100.11(NEW) spread=0.0400 pos=+27L
21:50:55,2018-08-16 09:37:04,CS1,SPREAD_TIGHT,,,,spread=0.0200 < 0.04 — cancelling
21:50:55,2018-08-16 09:37:04,CS2,CANCEL,BUY,100.16,,outside spread bid=100.16 ask=100.23
21:50:56,2018-08-16 09:37:04,CS2,CANCEL,SELL,100.23,,outside spread bid=100.16 ask=100.23
21:50:56,2018-08-16 09:37:04,CS2,SUBMIT,BUY,100.16,3,bid+1tick=100.16 spread=0.0700 pos=+6L
21:50:56,2018-08-16 09:37:04,CS2,SUBMIT,SELL,100.21,3,ask-1tick=100.21 spread=0.0700 pos=+6L
21:50:56,2018-08-16 09:37:04,CS2,STATUS,,,,bid=100.16(NEW) ask=100.21(NEW) spread=0.0700 pos=+6L
21:50:56,2018-08-16 09:37:04,CS3,SPREAD_TIGHT,,,,spread=0.0100 < 0.04 — cancelling
21:50:57,2018-08-16 09:37:04,CS1,SPREAD_TIGHT,,,,spread=0.0100 < 0.04 — cancelling
21:50:57,2018-08-16 09:37:09,CS2,SPREAD_TIGHT,,,,spread=0.0300 < 0.04 — cancelling
21:50:58,2018-08-16 09:37:10,CS3,SPREAD_TIGHT,,,,spread=0.0200 < 0.04 — cancelling
21:50:59,2018-08-16 09:37:10,CS1,SPREAD_TIGHT,,,,spread=0.0300 < 0.04 — cancelling
21:50:59,2018-08-16 09:37:10,CS2,SPREAD_TIGHT,,,,spread=0.0400 < 0.04 — cancelling
21:51:00,2018-08-16 09:37:11,CS3,SUBMIT,BUY,100.02,3,bid+1tick=100.02 spread=0.0800 pos=+27L
21:51:00,2018-08-16 09:37:11,CS3,SUBMIT,SELL,100.08,3,ask-1tick=100.08 spread=0.0800 pos=+27L
21:51:00,2018-08-16 09:37:11,CS3,STATUS,,,,bid=100.02(NEW) ask=100.08(NEW) spread=0.0800 pos=+27L
21:51:01,2018-08-16 09:37:11,CS1,SPREAD_TIGHT,,,,spread=0.0300 < 0.04 — cancelling
21:51:02,2018-08-16 09:37:11,CS2,SUBMIT,BUY,100.16,3,bid+1tick=100.16 spread=0.0700 pos=+6L
21:51:02,2018-08-16 09:37:11,CS2,SUBMIT,SELL,100.21,3,ask-1tick=100.21 spread=0.0700 pos=+6L
21:51:02,2018-08-16 09:37:11,CS2,STATUS,,,,bid=100.16(NEW) ask=100.21(NEW) spread=0.0700 pos=+6L
21:51:02,2018-08-16 09:37:11,CS3,SPREAD_TIGHT,,,,spread=0.0400 < 0.04 — cancelling
21:51:03,2018-08-16 09:37:14,CS1,SPREAD_TIGHT,,,,spread=0.0300 < 0.04 — cancelling
21:51:04,2018-08-16 09:37:15,CS2,SPREAD_TIGHT,,,,spread=0.0200 < 0.04 — cancelling
21:51:04,2018-08-16 09:37:15,CS3,SUBMIT,BUY,100.05,3,bid+1tick=100.05 spread=0.0800 pos=+27L
21:51:04,2018-08-16 09:37:15,CS3,SUBMIT,SELL,100.11,3,ask-1tick=100.11 spread=0.0800 pos=+27L
21:51:04,2018-08-16 09:37:15,CS3,STATUS,,,,bid=100.05(NEW) ask=100.11(NEW) spread=0.0800 pos=+27L
21:51:05,2018-08-16 09:37:15,CS1,SUBMIT,BUY,99.79,3,bid+1tick=99.79 spread=0.0500 pos=-6L
21:51:05,2018-08-16 09:37:15,CS1,SUBMIT,SELL,99.82,3,ask-1tick=99.82 spread=0.0500 pos=-6L
21:51:05,2018-08-16 09:37:15,CS1,STATUS,,,,bid=99.79(NEW) ask=99.82(NEW) spread=0.0500 pos=-6L
21:51:06,2018-08-16 09:37:17,CS2,SPREAD_TIGHT,,,,spread=0.0300 < 0.04 — cancelling
21:51:06,2018-08-16 09:37:18,CS3,CANCEL,BUY,100.05,,outside spread bid=100.05 ask=100.09
