sim_time,mid_price,last_price,last_size,best_bid_price,best_bid_size,best_ask_price,best_ask_size,close_price_buy,close_price_sell,bid1_price,bid1_size,bid2_price,bid2_size,bid3_price,bid3_size,bid4_price,bid4_size,bid5_price,bid5_size,bid6_price,bid6_size,bid7_price,bid7_size,bid8_price,bid8_size,bid9_price,bid9_size,bid10_price,bid10_size,ask1_price,ask1_size,ask2_price,ask2_size,ask3_price,ask3_size,ask4_price,ask4_size,ask5_price,ask5_size,ask6_price,ask6_size,ask7_price,ask7_size,ask8_price,ask8_size,ask9_price,ask9_size,ask10_price,ask10_size
2025-04-10 09:30:11,189.245,189.2,23,189.17,2,189.32,10,189.32,189.17,189.17,2,189.1,2,189.05,2,189.04,7,189.03,6,188.96,3,188.95,3,,,,,,,189.32,10,189.33,3,189.37,12,189.38,7,189.39,1,189.4,2,189.43,1,189.45,2,189.49,8,189.5,8
2025-04-10 09:30:12,189.34,189.34,1,189.28,9,189.4,2,189.4,189.28,189.28,9,189.27,5,189.24,7,189.23,6,189.18,3,189.17,4,189.1,2,189.05,2,189.04,7,189.03,6,189.4,2,189.41,6,189.43,5,189.45,4,189.49,8,189.5,8,,,,,,,,
2025-04-10 09:30:14,189.155,189.16,1,189.1,2,189.21,5,189.21,189.1,189.1,2,189.09,266,189.05,2,189.04,7,189.03,6,188.96,3,188.95,3,,,,,,,189.21,5,189.22,3,189.23,17,189.29,6,189.35,1,189.4,4,189.41,6,189.43,5,189.45,4,189.49,8
2025-04-10 09:30:15,189.135,189.19,1,189.11,2,189.18,5,189.18,189.11,189.08,2,189.07,1,189.04,3,189.03,2,189.02,5,189.01,1,188.96,3,188.95,3,,,,,189.19,7,189.2,4,189.21,5,189.22,3,189.23,17,189.29,6,189.35,1,189.4,4,189.41,6,189.43,5
2025-04-10 09:30:16,189.06,189.09,2,189.02,4,189.1,1,189.1,189.02,189.02,4,189.01,3,188.96,3,188.95,3,,,,,,,,,,,,,189.1,1,189.15,4,189.19,13,189.2,4,189.21,7,189.22,3,189.23,17,189.29,6,189.35,1,189.4,4
2025-04-10 09:30:17,189.315,189.31,1,189.28,4,189.35,1,189.35,189.28,189.28,4,189.27,7,189.26,2,189.22,5,189.19,5,189.15,3,189.14,4,189.09,1,189.08,1,189.07,3,189.35,1,189.4,4,189.41,6,189.43,5,189.45,4,189.49,8,189.5,8,,,,,,
2025-04-10 09:30:18,189.335,189.34,1,189.28,5,189.39,10,189.39,189.28,189.28,5,189.27,7,189.26,2,189.22,5,189.19,5,189.15,3,189.14,4,189.09,1,189.08,1,189.07,3,189.39,10,189.4,8,189.41,1,189.44,10,189.47,2,189.48,7,189.5,9,,,,,,
2025-04-10 09:30:19,189.31,189.31,1,189.28,1,189.34,2,189.34,189.28,189.28,1,189.24,1,189.22,5,189.19,5,189.15,3,189.14,4,189.09,1,189.08,1,189.07,3,189.02,4,189.34,2,189.39,2,189.41,2,189.44,10,189.47,2,189.48,7,189.5,9,,,,,,
2025-04-10 09:30:20,189.35,189.35,1,189.32,2,189.38,2,189.38,189.32,189.32,2,189.27,2,189.26,1,189.24,1,189.22,5,189.19,5,189.15,3,189.14,4,189.09,1,189.08,1,189.38,2,189.44,8,189.47,2,189.48,7,189.5,9,,,,,,,,,,
2025-04-10 09:30:21,189.65,189.65,1,189.6,2,189.7,2,189.7,189.6,189.6,2,189.57,2,189.54,2,189.51,3,189.5,3,189.45,5,189.44,5,189.43,2,189.35,2,189.34,1,189.7,2,189.71,3,,,,,,,,,,,,,,,,
2025-04-10 09:30:22,189.81,189.81,1,189.76,10,189.86,5,189.86,189.76,189.76,10,189.74,1,189.73,2,189.71,3,189.67,3,189.66,3,189.6,6,189.57,2,189.54,2,189.51,3,189.86,5,189.87,6,189.88,5,189.89,6,,,,,,,,,,,,
2025-04-10 09:30:23,189.81,189.81,3,189.76,1,189.86,17,189.86,189.76,189.76,1,189.74,1,189.73,1,189.71,3,189.67,3,189.66,3,189.6,6,189.57,2,189.54,2,189.51,3,189.86,17,189.87,6,189.88,5,189.89,6,,,,,,,,,,,,
2025-04-10 09:30:24,189.75,189.75,3,189.73,1,189.77,8,189.77,189.73,189.73,1,189.72,3,189.71,3,189.67,3,189.66,3,189.6,6,189.57,2,189.54,2,189.51,3,189.5,3,189.77,8,189.79,8,189.8,5,189.82,1,189.86,18,189.87,6,189.88,5,189.89,6,,,,
2025-04-10 09:30:25,189.51,189.47,1,189.47,1,189.55,4,189.55,189.47,189.47,1,189.45,3,189.44,5,189.43,2,189.35,2,189.34,1,189.32,3,189.27,2,189.26,1,189.24,1,189.55,4,189.56,5,189.58,5,189.59,3,189.61,1,189.63,4,189.66,8,189.67,4,189.69,8,189.7,7
2025-04-10 09:30:26,189.495,189.55,1,189.44,3,189.55,6,189.55,189.44,189.44,3,189.42,4,189.41,1,189.35,2,189.34,1,189.32,3,189.27,2,189.26,1,189.24,1,189.22,5,189.55,6,189.56,9,189.58,5,189.59,3,189.61,1,189.63,4,189.66,8,189.67,4,189.69,8,189.7,7
2025-04-10 09:30:27,189.63,189.63,1,189.6,4,189.66,6,189.66,189.6,189.6,4,189.59,1,189.58,2,189.56,2,189.55,1,189.54,4,189.53,11,189.51,2,189.5,4,189.46,1,189.66,6,189.68,3,189.69,14,189.7,7,189.71,6,189.72,8,189.73,6,189.76,3,189.77,7,189.79,8
2025-04-10 09:30:28,189.83,189.88,10,189.78,1,189.88,2,189.88,189.78,189.78,1,189.75,1,189.74,3,189.71,1,189.69,1,189.68,5,189.64,3,189.61,7,189.6,4,189.59,1,189.88,2,189.89,15,,,,,,,,,,,,,,,,
2025-04-10 09:30:29,189.705,189.72,1,189.65,2,189.76,18,189.76,189.65,189.65,2,189.64,2,189.61,4,189.6,4,189.59,1,189.58,2,189.56,2,189.55,1,189.54,4,189.53,11,189.76,18,189.77,21,189.81,11,189.84,7,189.88,10,189.89,15,,,,,,,,
2025-04-10 09:30:30,189.665,189.71,1,189.67,1,189.75,6,189.75,189.68,189.62,2,189.6,3,189.59,2,189.58,2,189.56,2,189.55,1,189.54,4,189.53,11,189.51,2,189.5,4,189.71,2,189.75,4,189.77,22,189.81,11,189.84,7,189.88,10,189.89,15,,,,,,
2025-04-10 09:30:31,189.875,189.9,1,189.85,3,189.9,3,189.9,189.85,189.85,3,189.84,1,189.81,1,189.8,2,189.78,2,189.77,1,189.72,1,189.7,2,189.69,1,189.68,1,189.9,3,189.91,4,189.93,3,,,,,,,,,,,,,,
2025-04-10 09:30:32,190.05,190.05,1,190.0,1,190.1,11,190.1,190.0,190.0,1,189.97,1,189.96,9,189.92,4,189.91,1,189.9,1,189.87,4,189.86,1,189.85,9,189.84,1,190.1,11,190.11,2,190.14,2,190.17,3,190.19,2,,,,,,,,,,
2025-04-10 09:30:33,189.965,189.99,1,189.94,1,189.99,5,189.99,189.94,189.94,1,189.93,1,189.92,4,189.91,1,189.9,1,189.87,4,189.86,1,189.85,9,189.84,1,189.81,1,189.99,5,190.03,1,190.04,2,190.07,5,190.08,5,190.09,7,190.11,3,190.14,2,190.17,3,190.19,2
2025-04-10 09:30:34,189.88,189.9,5,189.86,1,189.9,1,189.9,189.86,189.86,1,189.83,3,189.81,2,189.8,2,189.78,2,189.77,1,189.72,1,189.7,2,189.69,1,189.68,1,189.9,1,189.91,5,189.92,1,189.93,9,189.94,2,189.96,1,189.97,7,189.98,4,189.99,5,190.03,1
2025-04-10 09:30:35,190.01,189.96,1,189.98,3,190.04,2,190.04,189.98,189.98,3,189.97,2,189.94,1,189.88,1,189.87,3,189.86,3,189.83,3,189.81,2,189.8,2,189.78,2,190.04,2,190.07,5,190.08,5,190.09,7,190.11,3,190.14,2,190.17,3,190.19,2,,,,
2025-04-10 09:30:36,189.875,189.88,2,189.8,3,189.92,9,189.92,189.8,189.83,1,189.82,3,189.81,1,189.8,1,189.76,4,189.72,1,189.7,2,189.69,1,189.68,1,189.67,1,189.92,9,189.94,7,189.96,6,189.97,4,190.01,2,190.04,6,190.07,5,190.08,5,190.09,7,190.11,3
2025-04-10 09:30:37,189.875,189.92,1,189.83,2,189.92,3,189.92,189.83,189.83,2,189.82,1,189.81,5,189.8,3,189.79,5,189.78,3,189.75,5,189.71,3,189.7,2,189.69,1,189.92,3,189.96,4,189.97,4,190.01,2,190.04,6,190.07,5,190.08,5,190.09,7,190.11,3,190.14,2
2025-04-10 09:30:38,189.78,189.77,1,189.75,2,189.81,1,189.81,189.75,189.75,2,189.74,1,189.71,2,189.7,3,189.69,1,189.68,1,189.67,1,189.64,1,189.62,2,189.6,3,189.81,1,189.83,4,189.84,2,189.86,3,189.87,3,189.89,1,189.91,8,189.92,5,189.96,4,189.97,4
2025-04-10 09:30:39,189.815,189.81,31,189.79,3,189.84,2,189.84,189.79,189.79,3,189.78,2,189.76,3,189.75,2,189.73,3,189.7,3,189.69,1,189.68,1,189.67,1,189.64,1,189.84,2,189.87,8,189.88,3,189.91,2,189.92,6,189.96,4,189.97,4,190.01,2,190.04,6,190.07,5
2025-04-10 09:30:40,189.755,189.73,1,189.7,4,189.81,2,189.81,189.7,189.7,4,189.69,1,189.68,1,189.67,1,189.64,1,189.62,2,189.6,3,189.59,2,189.58,2,189.56,2,189.81,2,189.92,7,189.93,1,189.96,4,189.97,4,190.01,2,190.04,6,190.07,5,190.08,5,190.09,7
2025-04-10 09:30:41,189.63,189.61,1,189.58,6,189.68,3,189.68,189.58,189.58,6,189.56,2,189.55,1,189.54,4,189.53,11,189.51,2,189.5,4,189.46,1,189.45,2,189.44,3,189.68,3,189.7,1,189.74,1,189.75,3,189.81,9,189.92,7,189.93,1,189.96,4,189.97,4,190.01,2
2025-04-10 09:30:42,189.63,189.68,1,189.58,4,189.68,2,189.68,189.58,189.58,4,189.54,4,189.53,11,189.51,2,189.5,4,189.46,1,189.45,2,189.44,3,189.42,4,189.41,1,189.68,2,189.73,7,189.74,2,189.75,3,189.81,9,189.92,7,189.93,1,189.96,4,189.97,4,190.01,2
2025-04-10 09:30:43,189.77,189.81,1,189.73,1,189.81,10,189.81,189.73,189.73,1,189.7,4,189.68,4,189.63,2,189.59,4,189.57,6,189.56,2,189.52,1,189.5,9,189.46,1,189.81,10,189.92,7,189.93,1,189.96,4,189.97,4,190.01,2,190.04,6,190.07,5,190.08,5,190.09,7
2025-04-10 09:30:44,189.92,189.96,1,189.85,2,189.99,3,189.99,189.85,189.85,2,189.81,3,189.73,2,189.7,4,189.68,4,189.63,2,189.59,4,189.57,6,189.56,2,189.52,1,189.99,3,190.05,3,190.08,13,190.09,7,190.11,3,190.14,2,190.17,3,190.19,2,,,,
2025-04-10 09:30:45,189.935,189.94,2,189.88,1,189.99,7,189.99,189.88,189.88,1,189.81,5,189.73,2,189.7,4,189.68,4,189.63,2,189.59,4,189.57,6,189.56,2,189.52,1,189.99,7,190.05,3,190.08,13,190.09,7,190.11,3,190.14,2,190.17,3,190.19,2,,,,
2025-04-10 09:30:46,189.92,189.98,2,189.81,30,190.03,8,190.03,189.81,189.81,30,189.73,2,189.7,4,189.68,4,189.63,2,189.59,4,189.57,6,189.56,2,189.52,1,189.5,9,190.03,8,190.04,2,190.08,13,190.09,7,190.11,3,190.14,2,190.17,3,190.19,2,,,,
2025-04-10 09:30:47,189.89,189.89,1,189.83,3,189.95,8,189.95,189.83,189.83,3,189.81,30,189.73,2,189.7,4,189.68,4,189.63,2,189.59,4,189.57,6,189.56,2,189.52,1,189.95,8,189.96,2,190.01,1,190.03,8,190.04,2,190.08,13,190.09,7,190.11,3,190.14,2,190.17,3
2025-04-10 09:30:48,189.945,189.89,1,189.87,3,190.02,1,190.02,189.87,189.87,3,189.81,29,189.73,2,189.7,4,189.68,4,189.63,2,189.59,4,189.57,6,189.56,2,189.52,1,190.02,1,190.03,3,190.04,2,190.08,13,190.09,7,190.11,3,190.14,2,190.17,3,190.19,2,,
2025-04-10 09:30:49,190.045,190.04,1,189.99,2,190.1,17,190.1,189.99,189.99,2,189.98,2,189.95,2,189.93,1,189.91,2,189.87,2,189.81,30,189.73,2,189.7,4,189.68,4,190.1,17,190.14,5,190.17,3,190.19,2,,,,,,,,,,,,
2025-04-10 09:30:50,189.915,189.96,1,189.87,2,189.96,3,189.96,189.87,189.87,2,189.82,1,189.81,30,189.73,2,189.7,4,189.68,4,189.63,2,189.59,4,189.57,6,189.56,2,189.96,3,189.97,4,190.0,3,190.04,1,190.07,7,190.1,15,190.14,5,190.17,3,190.19,2,,
2025-04-10 09:30:51,189.915,189.96,4,189.87,2,189.96,3,189.96,189.87,189.87,2,189.82,1,189.81,30,189.73,2,189.7,4,189.68,4,189.63,2,189.59,4,189.57,6,189.56,2,189.96,3,189.97,4,190.0,3,190.04,1,190.07,7,190.1,15,190.14,5,190.17,3,190.19,2,,
2025-04-10 09:30:52,189.755,189.76,2,189.68,2,189.83,3,189.83,189.68,189.68,2,189.66,2,189.63,2,189.59,4,189.57,6,189.56,2,189.52,1,189.5,9,189.46,1,189.45,2,189.83,3,189.85,4,189.86,5,189.87,3,189.89,2,189.9,3,189.91,3,189.94,3,189.96,8,189.97,4
2025-04-10 09:30:53,189.785,189.73,1,189.73,2,189.84,3,189.84,189.73,189.73,2,189.68,2,189.66,2,189.63,2,189.59,4,189.57,6,189.56,2,189.52,1,189.5,9,189.46,1,189.84,3,189.85,5,189.86,5,189.87,3,189.89,2,189.9,3,189.91,3,189.94,3,189.96,8,189.97,4
2025-04-10 09:30:54,189.855,189.86,1,189.78,2,189.93,5,189.93,189.78,189.78,2,189.74,3,189.68,2,189.66,2,189.63,2,189.59,4,189.57,6,189.56,2,189.52,1,189.5,9,189.93,5,189.94,3,189.96,8,189.97,4,190.0,3,190.04,1,190.07,7,190.1,15,190.14,5,190.17,3
2025-04-10 09:30:55,189.805,189.85,1,189.76,1,189.85,6,189.85,189.76,189.76,1,189.75,1,189.74,4,189.68,2,189.66,2,189.63,2,189.59,4,189.57,6,189.56,2,189.52,1,189.85,6,189.9,2,189.93,5,189.94,3,189.96,8,189.97,4,190.0,3,190.04,1,190.07,7,190.1,15
2025-04-10 09:30:56,189.835,189.86,1,189.81,1,189.86,3,189.86,189.81,189.81,1,189.79,1,189.76,4,189.75,1,189.74,4,189.68,2,189.66,2,189.63,2,189.59,4,189.57,6,189.86,3,189.87,1,189.91,4,189.92,2,189.93,1,189.94,2,189.97,3,189.98,4,190.0,3,190.04,1
2025-04-10 09:30:57,189.935,189.94,2,189.89,1,189.98,4,189.98,189.89,189.89,1,189.85,4,189.83,4,189.79,3,189.76,4,189.75,1,189.74,4,189.68,2,189.66,2,189.63,2,189.98,4,190.0,3,190.04,1,190.07,7,190.1,15,190.14,5,190.17,3,190.19,2,,,,
2025-04-10 09:30:58,190.03,189.98,1,189.96,7,190.1,23,190.1,189.96,189.96,7,189.94,3,189.91,1,189.9,2,189.89,3,189.85,4,189.83,4,189.79,3,189.76,4,189.75,1,190.1,23,190.14,5,190.17,3,190.19,2,,,,,,,,,,,,
2025-04-10 09:30:59,190.34,190.36,1,190.33,1,190.39,2,190.39,190.33,190.31,1,190.28,5,190.27,1,190.26,1,190.23,5,190.19,1,190.17,3,190.13,3,190.1,3,190.08,1,190.37,1,190.39,2,,,,,,,,,,,,,,,,
2025-04-10 09:31:00,190.105,190.11,1,190.03,2,190.18,16,190.18,190.03,190.03,2,189.96,7,189.94,3,189.91,1,189.9,2,189.89,3,189.85,4,189.83,4,189.79,3,189.76,4,190.18,16,190.24,3,190.25,16,190.26,1,190.28,28,190.33,3,190.35,7,190.36,15,190.38,1,190.39,27
2025-04-10 09:31:01,189.92,189.92,1,189.86,1,189.98,6,189.98,189.86,189.86,1,189.85,4,189.83,4,189.79,3,189.76,4,189.75,1,189.74,4,189.68,2,189.66,2,189.63,2,189.98,6,189.99,4,190.0,4,190.01,5,190.02,1,190.03,1,190.04,2,190.05,2,190.08,3,190.12,6
2025-04-10 09:31:02,189.98,189.98,1,189.95,2,190.01,10,190.01,189.95,189.95,2,189.9,2,189.88,1,189.86,2,189.85,4,189.83,4,189.79,3,189.76,4,189.75,1,189.74,4,190.01,10,190.08,12,190.12,6,190.18,16,190.24,3,190.25,16,190.26,1,190.28,28,190.33,3,190.35,7
2025-04-10 09:31:03,189.945,189.91,13,189.91,3,189.98,2,189.98,189.91,189.91,3,189.86,2,189.85,4,189.83,4,189.79,3,189.76,4,189.75,1,189.74,4,189.68,2,189.66,2,189.98,2,190.0,10,190.06,12,190.07,16,190.08,12,190.12,6,190.18,16,190.24,3,190.25,16,190.26,1
2025-04-10 09:31:04,189.85,189.85,1,189.81,2,189.89,4,189.89,189.81,189.81,2,189.77,2,189.74,2,189.73,8,189.68,2,189.66,2,189.63,2,189.59,4,189.57,6,189.56,2,189.89,4,189.9,9,189.91,4,189.92,3,189.93,1,189.94,2,189.95,8,189.96,2,189.97,3,189.98,4
2025-04-10 09:31:05,189.845,189.85,1,189.8,5,189.89,2,189.89,189.8,189.8,5,189.77,3,189.74,2,189.73,8,189.68,2,189.66,2,189.63,2,189.59,4,189.57,6,189.56,2,189.89,2,189.93,7,189.96,2,189.97,1,189.98,4,190.0,10,190.06,12,190.07,16,190.08,12,190.12,6
2025-04-10 09:31:06,189.765,189.77,1,189.71,3,189.82,6,189.82,189.71,189.71,3,189.69,2,189.68,2,189.66,2,189.63,2,189.59,4,189.57,6,189.56,2,189.52,1,189.5,9,189.82,6,189.83,2,189.84,8,189.85,9,189.86,2,189.87,2,189.88,2,189.89,2,189.93,7,189.96,2
2025-04-10 09:31:07,189.67,189.65,1,189.64,1,189.7,2,189.7,189.64,189.64,1,189.63,2,189.59,4,189.57,6,189.56,2,189.52,1,189.5,9,189.46,1,189.45,2,189.44,3,189.7,2,189.73,3,189.74,9,189.75,3,189.78,7,189.79,4,189.8,7,189.81,2,189.82,7,189.83,2
2025-04-10 09:31:08,189.675,189.68,1,189.63,7,189.72,1,189.72,189.63,189.63,7,189.59,4,189.57,6,189.56,2,189.52,1,189.5,9,189.46,1,189.45,2,189.44,3,189.42,4,189.72,1,189.73,3,189.74,4,189.78,8,189.79,4,189.8,7,189.81,2,189.82,7,189.83,2,189.84,8
2025-04-10 09:31:09,189.555,189.56,2,189.5,9,189.61,3,189.61,189.5,189.5,9,189.46,1,189.45,2,189.44,3,189.42,4,189.41,1,189.35,2,189.34,1,189.32,3,189.27,2,189.61,3,189.62,6,189.63,2,189.65,1,189.66,1,189.67,4,189.68,1,189.71,8,189.72,4,189.73,3
2025-04-10 09:31:10,189.605,189.54,2,189.54,1,189.67,1,189.67,189.54,189.54,1,189.51,3,189.5,3,189.49,1,189.46,3,189.45,2,189.44,3,189.42,4,189.41,1,189.35,2,189.67,1,189.68,1,189.72,6,189.73,3,189.74,4,189.78,8,189.79,4,189.8,7,189.81,2,189.82,7
2025-04-10 09:31:11,189.57,189.57,1,189.54,2,189.6,1,189.6,189.54,189.54,2,189.51,3,189.5,3,189.49,1,189.46,3,189.45,2,189.44,3,189.42,4,189.41,1,189.35,2,189.6,1,189.67,1,189.68,1,189.72,6,189.73,3,189.74,4,189.78,8,189.79,4,189.8,7,189.81,2
2025-04-10 09:31:12,189.77,189.77,2,189.73,3,189.81,1,189.81,189.73,189.73,3,189.69,3,189.66,3,189.65,1,189.59,2,189.56,3,189.55,6,189.54,1,189.52,1,189.51,3,189.81,1,189.82,2,189.83,4,189.84,29,189.85,9,189.86,2,189.87,2,189.88,2,189.89,2,189.93,7
2025-04-10 09:31:13,189.88,189.88,1,189.86,3,189.9,1,189.9,189.86,189.86,3,189.81,4,189.77,7,189.73,4,189.69,3,189.66,3,189.65,1,189.59,2,189.56,3,189.55,6,189.9,1,189.92,3,189.93,7,189.96,2,189.97,1,189.98,4,190.0,10,190.06,12,190.07,16,190.08,12
2025-04-10 09:31:14,190.105,190.14,4,190.04,2,190.17,7,190.17,190.04,190.04,2,190.02,2,189.96,3,189.93,1,189.92,5,189.89,3,189.87,1,189.86,5,189.81,4,189.77,7,190.17,7,190.19,8,190.24,3,190.25,16,190.26,1,190.28,28,190.33,3,190.35,7,190.36,15,190.38,1
2025-04-10 09:31:15,190.105,190.08,1,190.08,5,190.13,2,190.13,190.08,190.08,5,190.04,4,190.03,1,190.0,2,189.96,3,189.93,1,189.92,5,189.89,3,189.87,1,189.86,5,190.13,2,190.18,3,190.19,8,190.24,3,190.25,16,190.26,1,190.28,28,190.33,3,190.35,7,190.36,15
2025-04-10 09:31:16,190.16,190.16,5,190.12,6,190.2,2,190.2,190.12,190.12,6,190.1,1,190.07,3,190.03,5,190.0,2,189.96,3,189.93,1,189.92,5,189.89,3,189.87,1,190.2,2,190.25,1,190.28,1,190.29,4,190.35,13,190.36,15,190.38,1,190.39,27,,,,
2025-04-10 09:31:17,190.185,190.14,3,190.14,2,190.23,28,190.23,190.14,190.14,2,190.1,3,190.05,8,190.01,6,190.0,2,189.96,3,189.93,1,189.92,5,189.89,3,189.87,1,190.23,28,190.27,4,190.3,1,190.35,15,190.36,15,190.38,1,190.39,27,,,,,,
2025-04-10 09:31:18,190.05,190.05,1,190.01,5,190.09,2,190.09,190.01,190.01,5,190.0,2,189.96,3,189.93,1,189.92,5,189.89,3,189.87,1,189.86,5,189.81,4,189.77,7,190.09,2,190.13,7,190.15,17,190.18,1,190.21,4,190.22,1,190.23,4,190.24,1,190.25,2,190.27,3
2025-04-10 09:31:19,189.97,190.0,1,189.92,5,190.02,1,190.02,189.96,189.92,5,189.89,3,189.87,1,189.86,5,189.81,4,189.77,7,189.73,4,189.69,3,189.66,3,189.65,1,190.02,1,190.03,1,190.05,4,190.09,2,190.12,3,190.13,7,190.15,17,190.18,1,190.21,4,190.22,1
2025-04-10 09:31:20,190.07,190.07,1,190.02,4,190.12,6,190.12,190.02,190.02,4,190.01,2,190.0,1,189.96,3,189.95,1,189.92,5,189.89,3,189.87,1,189.86,5,189.81,4,190.12,6,190.13,7,190.15,17,190.18,1,190.21,4,190.22,1,190.23,4,190.24,1,190.25,2,190.27,3
2025-04-10 09:31:21,190.14,190.13,1,190.1,10,190.18,4,190.18,190.1,190.1,10,190.09,3,190.08,2,190.04,3,190.02,4,190.01,2,190.0,1,189.96,3,189.95,1,189.92,5,190.18,4,190.22,5,190.23,4,190.24,3,190.25,2,190.27,3,190.3,1,190.35,15,190.36,15,190.38,1
2025-04-10 09:31:22,190.07,190.07,1,190.04,1,190.1,3,190.1,190.04,190.04,1,190.03,1,190.02,7,190.01,2,190.0,1,189.96,3,189.95,1,189.92,5,189.89,3,189.87,1,190.1,3,190.11,7,190.12,6,190.13,1,190.16,6,190.17,3,190.21,5,190.22,9,190.24,4,190.25,2
2025-04-10 09:31:23,190.07,190.07,1,190.03,5,190.11,8,190.11,190.03,190.03,5,190.0,6,189.99,1,189.96,3,189.95,1,189.92,5,189.89,3,189.87,1,189.86,5,189.81,4,190.11,8,190.12,6,190.13,1,190.16,6,190.17,3,190.21,5,190.22,9,190.24,4,190.25,2,190.27,3
2025-04-10 09:31:24,190.015,189.98,1,189.96,7,190.07,1,190.07,189.96,189.96,7,189.92,3,189.91,1,189.87,3,189.85,2,189.81,4,189.77,7,189.73,4,189.69,3,189.66,3,190.07,1,190.08,2,190.09,3,190.1,4,190.11,9,190.12,6,190.13,1,190.16,6,190.17,3,190.21,5
2025-04-10 09:31:25,190.065,190.06,1,190.02,1,190.11,1,190.11,190.02,190.02,1,189.96,5,189.92,3,189.91,1,189.87,3,189.85,2,189.81,4,189.77,7,189.73,4,189.69,3,190.11,1,190.12,7,190.13,1,190.14,2,190.15,2,190.19,3,190.2,4,190.21,5,190.22,9,190.24,4
2025-04-10 09:31:26,190.14,190.14,3,190.15,1,190.23,4,190.23,190.15,190.08,3,190.06,2,190.03,2,190.02,3,189.96,5,189.92,3,189.91,1,189.87,3,189.85,2,189.81,4,190.2,1,190.22,8,190.24,4,190.25,2,190.27,3,190.3,1,190.35,15,190.36,15,190.38,1,190.39,27
2025-04-10 09:31:27,190.185,190.19,1,190.13,1,190.24,1,190.24,190.13,190.13,1,190.11,2,190.08,5,190.06,2,190.03,2,190.02,3,189.96,5,189.92,3,189.91,1,189.87,3,190.24,1,190.3,1,190.31,6,190.35,15,190.36,15,190.38,1,190.39,27,,,,,,
2025-04-10 09:31:28,190.18,190.18,1,190.13,2,190.23,2,190.23,190.13,190.13,2,190.11,2,190.08,5,190.06,2,190.03,2,190.02,3,189.96,5,189.92,3,189.91,1,189.87,3,190.23,2,190.24,3,190.28,1,190.3,1,190.31,6,190.35,15,190.36,15,190.38,1,190.39,27,,
2025-04-10 09:31:29,190.195,190.14,1,190.13,5,190.26,1,190.26,190.13,190.13,5,190.11,2,190.08,5,190.06,2,190.03,2,190.02,3,189.96,5,189.92,3,189.91,1,189.87,3,190.26,1,190.27,2,190.28,2,190.3,1,190.31,6,190.35,15,190.36,15,190.38,1,190.39,27,,
2025-04-10 09:31:30,190.305,190.3,1,190.26,10,190.35,17,190.35,190.26,190.26,10,190.25,3,190.24,4,190.23,3,190.22,1,190.2,5,190.14,4,190.13,5,190.11,2,190.08,5,190.35,17,190.36,15,190.38,1,190.39,27,,,,,,,,,,,,
2025-04-10 09:31:31,190.165,190.17,2,190.12,2,190.21,2,190.21,190.12,190.12,2,190.11,2,190.08,5,190.06,2,190.03,2,190.02,3,189.96,5,189.92,3,189.91,1,189.87,3,190.21,2,190.26,3,190.29,1,190.32,1,190.34,1,190.35,14,190.36,15,190.38,1,190.39,27,,
2025-04-10 09:31:32,190.025,190.03,1,189.96,2,190.09,1,190.09,189.96,189.96,2,189.95,6,189.94,2,189.92,3,189.91,1,189.87,3,189.85,2,189.81,4,189.77,7,189.73,4,190.09,1,190.1,3,190.13,1,190.17,2,190.19,1,190.2,2,190.21,2,190.26,3,190.29,1,190.32,1
2025-04-10 09:31:33,189.98,189.95,1,189.94,5,190.02,10,190.02,189.94,189.94,5,189.92,3,189.91,1,189.87,3,189.85,2,189.81,4,189.77,7,189.73,4,189.69,3,189.66,3,190.02,10,190.09,3,190.1,3,190.13,1,190.17,2,190.19,1,190.2,2,190.21,2,190.26,3,190.29,1
2025-04-10 09:31:34,190.04,190.04,1,190.0,6,190.08,1,190.08,190.0,190.0,6,189.95,1,189.94,5,189.92,3,189.91,1,189.87,3,189.85,2,189.81,4,189.77,7,189.73,4,190.08,1,190.09,4,190.1,3,190.13,1,190.17,2,190.19,1,190.2,2,190.21,2,190.26,3,190.29,1
2025-04-10 09:31:35,190.09,190.09,1,190.03,3,190.15,2,190.15,190.03,190.03,3,190.02,1,190.0,8,189.95,1,189.94,5,189.92,3,189.91,1,189.87,3,189.85,2,189.81,4,190.15,2,190.17,2,190.19,1,190.2,2,190.21,2,190.26,3,190.29,1,190.32,1,190.34,1,190.35,14
2025-04-10 09:31:36,190.105,190.12,1,190.06,4,190.15,1,190.15,190.06,190.06,4,190.03,4,190.02,1,190.0,8,189.95,1,189.94,5,189.92,3,189.91,1,189.87,3,189.85,2,190.15,1,190.18,3,190.19,1,190.23,1,190.26,3,190.29,1,190.32,1,190.34,1,190.35,14,190.36,15
2025-04-10 09:31:37,190.155,190.19,1,190.11,7,190.2,1,190.2,190.11,190.11,7,190.1,1,190.06,4,190.03,4,190.02,1,190.0,8,189.95,1,189.94,5,189.92,3,189.91,1,190.2,1,190.23,3,190.26,3,190.29,1,190.32,1,190.34,1,190.35,14,190.36,15,190.38,1,190.39,27
2025-04-10 09:31:38,190.17,190.18,1,190.11,7,190.23,3,190.23,190.11,190.11,7,190.1,1,190.06,4,190.03,4,190.02,1,190.0,8,189.95,1,189.94,5,189.92,3,189.91,1,190.23,3,190.26,3,190.29,1,190.32,1,190.34,1,190.35,14,190.36,15,190.38,1,190.39,27,,
2025-04-10 09:31:39,190.075,190.09,1,190.05,2,190.1,1,190.1,190.05,190.05,2,190.03,4,190.02,1,190.0,8,189.95,1,189.94,5,189.92,3,189.91,1,189.87,3,189.85,2,190.1,1,190.11,1,190.13,2,190.15,1,190.18,1,190.19,1,190.22,1,190.23,3,190.26,3,190.29,1
2025-04-10 09:31:40,190.31,190.35,1,190.27,6,190.35,16,190.35,190.27,190.27,6,190.25,2,190.21,1,190.18,3,190.17,4,190.13,5,190.1,1,190.07,7,190.05,4,190.03,4,190.35,16,190.36,15,190.38,1,190.39,27,,,,,,,,,,,,
2025-04-10 09:31:41,190.565,190.55,1,190.53,2,190.6,3,190.6,190.53,190.53,2,190.5,1,190.48,4,190.44,1,190.4,6,190.37,2,190.33,4,190.27,9,190.25,2,190.21,1,190.6,3,,,,,,,,,,,,,,,,,,
2025-04-10 09:31:42,190.66,190.71,1,190.61,3,190.71,1,190.71,190.61,190.61,3,190.59,2,190.56,2,190.55,7,190.53,7,190.5,1,190.48,4,190.44,1,190.4,6,190.37,2,190.71,1,190.8,25,,,,,,,,,,,,,,,,
2025-04-10 09:31:43,190.775,190.77,3,190.75,6,190.8,7,190.8,190.75,190.75,6,190.73,14,190.69,1,190.66,4,190.61,3,190.59,2,190.56,2,190.55,7,190.53,7,190.5,1,190.8,7,190.83,31,,,,,,,,,,,,,,,,
2025-04-10 09:31:44,190.66,190.63,1,190.6,4,190.72,2,190.72,190.6,190.6,4,190.57,4,190.56,2,190.55,7,190.53,7,190.5,1,190.48,4,190.44,1,190.4,6,190.37,2,190.72,2,190.73,3,190.75,2,190.78,1,190.8,9,190.83,31,,,,,,,,
2025-04-10 09:31:45,190.625,190.63,1,190.6,6,190.65,1,190.65,190.6,190.6,6,190.57,4,190.56,2,190.55,7,190.53,7,190.5,1,190.48,4,190.44,1,190.4,6,190.37,2,190.65,1,190.66,3,190.7,3,190.72,2,190.73,3,190.75,2,190.78,1,190.8,9,190.83,31,,
2025-04-10 09:31:46,190.57,190.56,1,190.52,3,190.62,3,190.62,190.52,190.52,3,190.5,1,190.48,4,190.44,1,190.4,6,190.37,2,190.33,4,190.27,9,190.25,2,190.21,1,190.62,3,190.63,2,190.64,3,190.65,5,190.66,3,190.7,3,190.72,2,190.73,3,190.75,2,190.78,1
2025-04-10 09:31:47,190.52,190.52,2,190.46,4,190.58,1,190.58,190.46,190.46,4,190.42,5,190.39,2,190.37,2,190.33,4,190.27,9,190.25,2,190.21,1,190.18,3,190.17,4,190.58,1,190.6,1,190.62,3,190.63,2,190.64,3,190.65,5,190.66,3,190.7,3,190.72,2,190.73,3
2025-04-10 09:31:48,190.52,190.54,1,190.46,5,190.58,4,190.58,190.46,190.46,5,190.42,5,190.39,2,190.37,2,190.33,4,190.27,9,190.25,2,190.21,1,190.18,3,190.17,4,190.58,4,190.6,1,190.62,3,190.63,2,190.64,3,190.65,5,190.66,3,190.7,3,190.72,2,190.73,3
2025-04-10 09:31:49,190.355,190.39,1,190.29,3,190.42,1,190.42,190.29,190.29,3,190.27,9,190.25,2,190.21,1,190.18,3,190.17,4,190.13,5,190.1,1,190.07,7,190.05,4,190.42,1,190.44,1,190.45,1,190.46,1,190.49,2,190.54,5,190.58,6,190.6,1,190.62,3,190.63,2
2025-04-10 09:31:50,190.275,190.32,1,190.23,3,190.32,1,190.32,190.23,190.23,3,190.21,1,190.18,3,190.17,4,190.13,5,190.1,1,190.07,7,190.05,4,190.03,4,190.02,1,190.32,1,190.35,4,190.42,6,190.44,1,190.45,1,190.46,1,190.49,2,190.54,5,190.58,6,190.6,1
2025-04-10 09:31:51,190.215,190.2,2,190.15,2,190.28,2,190.28,190.15,190.15,2,190.08,3,190.07,7,190.05,4,190.03,4,190.02,1,190.0,8,189.95,1,189.94,5,189.92,3,190.28,2,190.29,5,190.3,2,190.32,1,190.35,4,190.42,6,190.44,1,190.45,1,190.46,1,190.49,2
2025-04-10 09:31:52,190.35,190.35,1,190.3,1,190.4,2,190.4,190.3,190.3,1,190.29,3,190.25,1,190.24,4,190.2,2,190.15,5,190.08,3,190.07,7,190.05,4,190.03,4,190.4,2,190.44,1,190.46,2,190.49,2,190.54,5,190.58,6,190.6,1,190.62,3,190.63,2,190.64,3
2025-04-10 09:31:53,190.295,190.3,1,190.24,5,190.35,3,190.35,190.24,190.24,5,190.2,2,190.15,5,190.08,3,190.07,7,190.05,4,190.03,4,190.02,1,190.0,8,189.95,1,190.35,3,190.37,3,190.4,2,190.41,1,190.44,1,190.46,2,190.49,2,190.54,5,190.58,6,190.6,1
2025-04-10 09:31:54,190.36,190.35,1,190.33,1,190.39,2,190.39,190.33,190.33,1,190.31,4,190.28,3,190.24,5,190.2,2,190.15,5,190.08,3,190.07,7,190.05,4,190.03,4,190.39,2,190.46,3,190.49,2,190.54,5,190.58,6,190.6,1,190.62,3,190.63,2,190.64,3,190.65,5
2025-04-10 09:31:55,190.275,190.26,1,190.24,8,190.31,1,190.31,190.24,190.24,8,190.2,2,190.15,5,190.08,3,190.07,7,190.05,4,190.03,4,190.02,1,190.0,8,189.95,1,190.31,1,190.37,1,190.39,2,190.44,1,190.46,5,190.49,2,190.54,5,190.58,6,190.6,1,190.62,3
2025-04-10 09:31:56,190.34,190.34,1,190.29,6,190.39,1,190.39,190.29,190.29,6,190.24,8,190.2,2,190.15,5,190.08,3,190.07,7,190.05,4,190.03,4,190.02,1,190.0,8,190.39,1,190.44,2,190.46,5,190.49,2,190.54,5,190.58,6,190.6,1,190.62,3,190.63,2,190.64,3
2025-04-10 09:31:57,190.295,190.26,1,190.26,2,190.33,1,190.33,190.26,190.26,2,190.25,3,190.24,6,190.2,2,190.15,5,190.08,3,190.07,7,190.05,4,190.03,4,190.02,1,190.33,1,190.39,3,190.44,2,190.46,5,190.49,2,190.54,5,190.58,6,190.6,1,190.62,3,190.63,2
2025-04-10 09:31:58,190.395,190.4,1,190.35,3,190.44,4,190.44,190.35,190.35,3,190.34,2,190.33,1,190.31,1,190.3,4,190.29,2,190.28,2,190.26,2,190.25,3,190.24,6,190.44,4,190.46,5,190.49,2,190.54,5,190.58,6,190.6,1,190.62,3,190.63,2,190.64,3,190.65,5
2025-04-10 09:31:59,190.41,190.46,3,190.36,5,190.46,2,190.46,190.36,190.36,5,190.35,3,190.34,2,190.33,1,190.31,1,190.3,4,190.29,2,190.28,2,190.26,2,190.25,3,190.46,2,190.49,4,190.54,5,190.58,6,190.6,1,190.62,3,190.63,2,190.64,3,190.65,5,190.66,3
2025-04-10 09:32:00,190.38,190.39,1,190.36,3,190.4,3,190.4,190.36,190.36,3,190.35,3,190.34,2,190.33,1,190.31,1,190.3,4,190.29,2,190.28,2,190.26,2,190.25,3,190.4,3,190.43,5,190.46,4,190.48,1,190.49,4,190.54,5,190.58,6,190.6,1,190.62,3,190.63,2
2025-04-10 09:32:01,190.13,189.77,3,190.08,3,190.18,6,190.18,190.08,190.08,3,190.07,7,190.05,4,190.03,4,190.02,1,190.0,8,189.95,1,189.94,5,189.92,3,189.91,1,190.18,6,190.21,3,190.22,6,190.25,6,190.27,7,190.3,4,190.33,2,190.35,1,190.37,3,190.38,6
2025-04-10 09:32:02,190.305,190.26,1,190.26,6,190.35,7,190.35,190.26,190.26,6,190.25,4,190.19,2,190.16,4,190.14,7,190.13,2,190.12,1,190.11,1,190.1,2,190.09,2,190.35,7,190.36,1,190.37,9,190.38,11,190.39,5,190.4,3,190.43,5,190.46,4,190.48,1,190.49,4
2025-04-10 09:32:03,190.125,190.16,1,190.08,44,190.17,2,190.17,190.08,190.08,44,190.06,2,190.05,4,190.03,4,190.02,1,190.0,8,189.95,1,189.94,5,189.92,3,189.91,1,190.17,2,190.2,1,190.22,2,190.23,2,190.26,2,190.28,2,190.3,1,190.32,2,190.35,6,190.36,1
2025-04-10 09:32:04,190.05,190.05,5,190.01,2,190.09,5,190.09,190.01,190.01,2,190.0,12,189.95,1,189.94,5,189.92,3,189.91,1,189.87,3,189.85,2,189.81,4,189.77,7,190.09,5,190.11,2,190.12,3,190.13,1,190.17,1,190.2,1,190.22,2,190.23,2,190.26,2,190.28,2
2025-04-10 09:32:05,190.155,190.16,1,190.08,3,190.23,2,190.23,190.08,190.08,3,190.04,3,190.01,2,190.0,9,189.95,1,189.94,5,189.92,3,189.91,1,189.87,3,189.85,2,190.23,2,190.26,2,190.28,2,190.3,1,190.32,2,190.35,6,190.36,1,190.37,9,190.38,11,190.39,5
2025-04-10 09:32:06,190.28,190.22,1,190.22,3,190.34,2,190.34,190.22,190.22,3,190.2,1,190.08,4,190.04,3,190.01,2,190.0,9,189.95,1,189.94,5,189.92,3,189.91,1,190.34,2,190.37,1,190.38,11,190.39,5,190.4,3,190.43,5,190.46,4,190.48,1,190.49,4,190.54,5
2025-04-10 09:32:07,190.285,190.29,1,190.22,6,190.35,5,190.35,190.22,190.22,6,190.2,1,190.08,4,190.04,3,190.01,2,190.0,9,189.95,1,189.94,5,189.92,3,189.91,1,190.35,5,190.36,1,190.37,2,190.38,11,190.39,5,190.4,3,190.43,5,190.46,4,190.48,1,190.49,4
2025-04-10 09:32:08,190.26,190.23,2,190.22,7,190.3,1,190.3,190.22,190.22,7,190.2,1,190.08,4,190.04,3,190.01,2,190.0,9,189.95,1,189.94,5,189.92,3,189.91,1,190.3,1,190.31,1,190.33,4,190.35,4,190.36,1,190.37,2,190.38,11,190.39,5,190.4,3,190.43,5
2025-04-10 09:32:09,190.53,190.6,1,190.47,1,190.59,3,190.59,190.47,190.47,1,190.44,1,190.39,6,190.38,1,190.37,2,190.36,1,190.35,1,190.34,1,190.33,1,190.3,2,190.59,3,190.61,3,190.62,3,190.63,2,190.64,3,190.65,5,190.66,3,190.7,3,190.72,2,190.73,3
2025-04-10 09:32:10,190.49,190.49,1,190.45,5,190.53,1,190.53,190.45,190.45,5,190.44,1,190.39,6,190.38,1,190.37,2,190.36,1,190.35,1,190.34,1,190.33,1,190.3,2,190.53,1,190.59,9,190.61,3,190.62,3,190.63,2,190.64,3,190.65,5,190.66,3,190.7,3,190.72,2
2025-04-10 09:32:11,190.46,190.39,1,190.39,2,190.53,1,190.53,190.39,190.39,2,190.38,4,190.37,2,190.36,1,190.35,1,190.34,1,190.33,1,190.3,2,190.28,1,190.27,3,190.53,1,190.55,1,190.56,1,190.58,1,190.59,9,190.61,3,190.62,3,190.63,2,190.64,3,190.65,5
2025-04-10 09:32:12,190.46,190.42,1,190.4,2,190.52,2,190.52,190.4,190.4,2,190.39,2,190.38,3,190.31,7,190.28,1,190.27,3,190.26,4,190.22,3,190.18,6,190.15,1,190.52,2,190.53,1,190.55,1,190.56,1,190.58,1,190.59,9,190.61,3,190.62,3,190.63,2,190.64,3
2025-04-10 09:32:13,190.37,190.42,5,190.31,5,190.43,3,190.43,190.31,190.31,5,190.28,1,190.27,3,190.26,4,190.22,3,190.18,6,190.15,1,190.08,4,190.04,3,190.01,2,190.43,3,190.56,2,190.58,1,190.59,9,190.61,3,190.62,3,190.63,2,190.64,3,190.65,5,190.66,3
2025-04-10 09:32:14,190.265,190.27,4,190.21,3,190.32,3,190.32,190.21,190.21,3,190.2,3,190.18,4,190.15,1,190.08,4,190.04,3,190.01,2,190.0,9,189.95,1,189.94,5,190.32,3,190.34,1,190.36,3,190.39,2,190.41,1,190.43,2,190.56,2,190.58,1,190.59,9,190.61,3
2025-04-10 09:32:15,190.47,190.46,1,190.44,1,190.5,1,190.5,190.44,190.44,1,190.42,2,190.39,3,190.38,3,190.37,1,190.32,1,190.3,3,190.29,1,190.28,2,190.27,1,190.5,1,190.53,1,190.56,2,190.58,1,190.59,9,190.61,3,190.62,3,190.63,2,190.64,3,190.65,5
2025-04-10 09:32:16,190.46,190.46,1,190.42,1,190.5,3,190.5,190.42,190.42,1,190.38,3,190.37,1,190.36,2,190.32,1,190.3,3,190.29,1,190.28,2,190.27,1,190.21,3,190.5,3,190.53,1,190.56,2,190.58,1,190.59,9,190.61,3,190.62,3,190.63,2,190.64,3,190.65,5
2025-04-10 09:32:17,190.585,190.56,1,190.55,3,190.62,5,190.62,190.55,190.55,3,190.52,7,190.49,4,190.45,4,190.42,2,190.38,3,190.37,1,190.36,2,190.32,1,190.3,3,190.62,5,190.63,2,190.64,3,190.65,5,190.66,3,190.7,3,190.72,2,190.73,3,190.75,2,190.78,1
2025-04-10 09:32:18,190.805,190.8,1,190.77,4,190.84,7,190.84,190.77,190.77,4,190.76,3,190.75,2,190.72,1,190.69,9,190.66,1,190.59,2,190.57,5,190.55,4,190.52,7,190.84,7,,,,,,,,,,,,,,,,,,
2025-04-10 09:32:19,190.815,190.84,1,190.79,3,190.84,9,190.84,190.79,190.79,3,190.76,2,190.75,4,190.73,3,190.72,1,190.69,9,190.66,1,190.59,2,190.57,5,190.55,4,190.84,9,,,,,,,,,,,,,,,,,,
2025-04-10 09:32:20,191.03,190.98,1,190.96,6,191.1,2,191.1,190.96,190.96,6,190.94,1,190.93,2,190.92,2,190.9,1,190.88,3,190.87,2,190.85,2,190.83,2,190.82,2,191.1,2,191.11,4,,,,,,,,,,,,,,,,
2025-04-10 09:32:21,190.985,190.98,1,190.97,1,191.0,2,191.0,190.97,190.97,1,190.96,6,190.94,1,190.93,2,190.92,2,190.9,1,190.88,3,190.87,2,190.85,2,190.83,2,191.0,2,191.07,1,191.1,5,191.11,4,,,,,,,,,,,,
2025-04-10 09:32:22,191.025,191.03,1,190.97,1,191.08,3,191.08,190.97,190.97,1,190.96,5,190.94,1,190.93,2,190.92,2,190.9,1,190.88,3,190.87,2,190.85,2,190.83,2,191.08,3,191.1,5,191.11,4,,,,,,,,,,,,,,
2025-04-10 09:32:23,190.935,190.93,2,190.92,2,190.95,1,190.95,190.92,190.92,2,190.9,1,190.88,3,190.87,2,190.85,2,190.83,2,190.82,2,190.81,4,190.79,3,190.76,2,190.95,1,190.99,3,191.01,2,191.03,3,191.05,3,191.08,3,191.1,5,191.11,4,,,,
2025-04-10 09:32:24,190.97,190.93,2,190.93,4,191.01,6,191.01,190.93,190.93,4,190.92,2,190.9,1,190.88,3,190.87,2,190.85,2,190.83,2,190.82,2,190.81,4,190.79,3,191.01,6,191.03,3,191.05,3,191.08,3,191.1,5,191.11,4,,,,,,,,
2025-04-10 09:32:25,190.975,190.99,1,190.94,2,191.01,3,191.01,190.94,190.94,2,190.92,3,190.91,2,190.9,1,190.88,3,190.87,2,190.85,2,190.83,2,190.82,2,190.81,4,191.01,3,191.03,2,191.05,3,191.08,3,191.1,5,191.11,4,,,,,,,,
2025-04-10 09:32:26,190.945,190.93,1,190.92,2,190.99,3,190.99,190.92,190.92,2,190.91,2,190.9,1,190.88,3,190.87,2,190.85,2,190.83,2,190.82,2,190.81,4,190.79,3,190.97,1,190.99,3,191.01,3,191.03,2,191.05,3,191.08,3,191.1,5,191.11,4,,,,
2025-04-10 09:32:27,190.79,190.85,1,190.75,5,190.83,5,190.83,190.75,190.75,5,190.73,3,190.72,1,190.69,9,190.66,1,190.59,2,190.57,5,190.55,4,190.52,7,190.49,4,190.83,5,190.84,4,190.85,4,190.88,1,190.92,2,190.97,2,190.99,3,191.01,3,191.03,2,191.05,3
2025-04-10 09:32:28,190.91,190.91,1,190.88,1,190.94,5,190.94,190.88,190.88,1,190.87,3,190.85,1,190.83,2,190.8,2,190.77,2,190.75,5,190.73,3,190.72,1,190.69,9,190.94,5,190.97,2,190.99,3,191.01,3,191.03,2,191.05,3,191.08,3,191.1,5,191.11,4,,
2025-04-10 09:32:29,191.16,191.16,1,191.12,4,191.2,4,191.2,191.12,191.12,4,191.09,5,191.06,3,191.05,7,191.03,2,191.0,9,190.99,1,190.98,1,190.97,2,190.96,6,191.2,4,,,,,,,,,,,,,,,,,,
2025-04-10 09:32:30,191.22,191.27,1,191.15,3,191.29,1,191.29,191.15,191.15,3,191.12,6,191.09,5,191.06,3,191.05,7,191.03,2,191.0,9,190.99,1,190.98,1,190.97,2,191.29,1,191.3,6,191.31,1,191.32,11,,,,,,,,,,,,
2025-04-10 09:32:31,191.04,191.07,1,191.02,1,191.06,3,191.06,191.02,191.02,1,191.01,5,191.0,9,190.99,1,190.98,1,190.97,2,190.96,6,190.94,2,190.92,1,190.91,2,191.06,3,191.07,2,191.08,4,191.09,3,191.1,3,191.17,1,191.21,1,191.24,1,191.27,4,191.28,4
2025-04-10 09:32:32,191.215,191.22,1,191.15,4,191.28,1,191.28,191.15,191.15,4,191.09,3,191.06,2,191.05,3,191.04,1,191.02,1,191.01,5,191.0,9,190.99,1,190.98,1,191.28,1,191.3,6,191.31,1,191.32,11,,,,,,,,,,,,
2025-04-10 09:32:33,191.245,191.23,10,191.21,2,191.28,1,191.28,191.21,191.21,2,191.18,3,191.15,5,191.09,3,191.06,2,191.05,3,191.04,1,191.02,1,191.01,5,191.0,9,191.28,1,191.3,1,191.32,10,,,,,,,,,,,,,,
2025-04-10 09:32:34,191.375,191.38,1,191.35,4,191.4,3,191.4,191.35,191.35,4,191.32,1,191.3,1,191.28,1,191.25,2,191.24,2,191.23,1,191.21,2,191.19,2,191.18,3,191.4,3,,,,,,,,,,,,,,,,,,
2025-04-10 09:32:35,191.44,191.45,1,191.41,3,191.47,2,191.47,191.41,191.41,3,191.4,4,191.36,2,191.31,8,191.3,1,191.28,1,191.25,2,191.24,2,191.23,1,191.21,2,191.47,2,,,,,,,,,,,,,,,,,,
2025-04-10 09:32:36,191.455,191.46,1,191.42,1,191.49,2,191.49,191.42,191.42,1,191.41,2,191.38,3,191.36,5,191.31,8,191.3,1,191.28,1,191.25,2,191.24,2,191.23,1,191.49,2,191.56,1,191.57,2,191.58,2,,,,,,,,,,,,
2025-04-10 09:32:37,191.45,191.51,1,191.42,3,191.48,3,191.48,191.42,191.42,3,191.41,2,191.38,3,191.36,5,191.31,8,191.3,1,191.28,1,191.25,2,191.24,2,191.23,1,191.48,1,191.49,2,191.51,3,191.56,1,191.57,2,191.58,2,,,,,,,,
2025-04-10 09:32:38,191.435,191.44,2,191.4,1,191.47,1,191.47,191.4,191.4,1,191.38,3,191.36,5,191.31,8,191.3,1,191.28,1,191.25,2,191.24,2,191.23,1,191.21,2,191.47,1,191.49,2,191.51,4,191.52,1,191.55,1,191.56,2,191.57,2,191.58,2,,,,
2025-04-10 09:32:39,191.555,191.56,1,191.51,7,191.6,7,191.6,191.51,191.51,7,191.49,1,191.48,3,191.45,2,191.44,1,191.43,1,191.38,6,191.37,2,191.36,5,191.31,8,191.6,7,,,,,,,,,,,,,,,,,,
2025-04-10 09:32:40,191.595,191.55,1,191.54,1,191.65,3,191.65,191.54,191.54,1,191.51,7,191.49,1,191.48,3,191.45,2,191.44,1,191.43,1,191.38,6,191.37,2,191.36,5,191.65,3,,,,,,,,,,,,,,,,,,
2025-04-10 09:32:41,191.575,191.59,1,191.56,1,191.59,4,191.59,191.56,191.56,1,191.55,1,191.54,3,191.51,7,191.49,1,191.48,3,191.45,2,191.44,1,191.43,1,191.38,6,191.59,4,191.62,3,191.65,4,,,,,,,,,,,,,,
2025-04-10 09:32:42,191.615,191.65,1,191.58,3,191.65,5,191.65,191.58,191.58,3,191.53,4,191.51,2,191.46,1,191.45,4,191.44,2,191.43,2,191.38,6,191.37,2,191.36,5,191.65,5,,,,,,,,,,,,,,,,,,
2025-04-10 09:32:43,191.435,191.49,3,191.38,2,191.49,114,191.49,191.38,191.38,2,191.37,3,191.36,5,191.31,8,191.3,1,191.28,1,191.25,2,191.24,2,191.23,1,191.21,2,191.49,114,191.55,1,191.65,6,,,,,,,,,,,,,,
2025-04-10 09:32:44,191.7,191.7,6,191.65,6,191.75,2,191.75,191.65,191.65,6,191.64,2,191.6,3,191.58,2,191.52,1,191.51,6,191.5,1,191.43,8,191.38,4,191.37,3,191.75,2,191.77,1,,,,,,,,,,,,,,,,
2025-04-10 09:32:45,191.585,191.63,1,191.54,1,191.63,2,191.63,191.54,191.54,1,191.5,2,191.43,8,191.38,4,191.37,3,191.36,5,191.31,8,191.3,1,191.28,1,191.25,2,191.63,2,191.64,1,191.66,5,191.75,5,191.77,1,,,,,,,,,,
2025-04-10 09:32:46,191.605,191.61,1,191.58,1,191.63,2,191.63,191.58,191.58,1,191.56,3,191.5,5,191.43,8,191.38,4,191.37,3,191.36,5,191.31,8,191.3,1,191.28,1,191.63,2,191.64,2,191.7,2,191.71,3,191.73,1,191.75,5,191.77,1,,,,,,
2025-04-10 09:32:47,191.57,191.54,1,191.52,1,191.62,2,191.62,191.52,191.52,1,191.5,5,191.43,8,191.38,4,191.37,3,191.36,5,191.31,8,191.3,1,191.28,1,191.25,2,191.62,2,191.63,1,191.7,3,191.73,1,191.75,3,191.77,1,,,,,,,,
2025-04-10 09:32:48,191.47,191.51,1,191.41,2,191.53,1,191.53,191.41,191.41,2,191.38,4,191.37,3,191.36,5,191.31,8,191.3,1,191.28,1,191.25,2,191.24,2,191.23,1,191.53,1,191.56,2,191.58,1,191.63,6,191.66,2,191.69,1,191.7,2,191.73,1,191.75,3,191.77,1
2025-04-10 09:32:49,191.435,191.42,1,191.39,4,191.48,1,191.48,191.39,191.39,4,191.38,4,191.37,3,191.36,5,191.31,8,191.3,1,191.28,1,191.25,2,191.24,2,191.23,1,191.48,1,191.51,3,191.53,14,191.56,2,191.58,1,191.63,6,191.66,2,191.69,1,191.7,2,191.73,1
2025-04-10 09:32:50,191.555,191.56,5,191.49,6,191.62,4,191.62,191.49,191.49,6,191.47,2,191.44,2,191.4,3,191.38,2,191.36,3,191.31,8,191.3,1,191.28,1,191.25,2,191.62,4,191.63,6,191.66,2,191.69,1,191.7,2,191.73,1,191.75,3,191.77,1,,,,
2025-04-10 09:32:51,191.625,191.71,2,191.56,4,191.69,2,191.69,191.56,191.56,4,191.54,3,191.53,2,191.5,2,191.49,6,191.47,2,191.44,2,191.4,3,191.38,2,191.36,3,191.69,2,191.72,4,191.75,4,191.77,1,,,,,,,,,,,,
2025-04-10 09:32:52,191.625,191.63,1,191.56,1,191.69,3,191.69,191.56,191.56,1,191.53,3,191.52,1,191.5,2,191.49,6,191.47,2,191.44,2,191.4,3,191.38,2,191.36,3,191.69,3,191.72,4,191.75,4,191.77,1,,,,,,,,,,,,
2025-04-10 09:32:53,191.66,191.64,1,191.6,2,191.72,3,191.72,191.6,191.6,2,191.59,3,191.56,2,191.53,3,191.52,1,191.5,2,191.49,6,191.47,2,191.44,2,191.4,3,191.72,3,191.73,5,191.74,1,191.75,4,191.77,1,,,,,,,,,,
2025-04-10 09:32:54,191.555,191.56,1,191.5,4,191.61,2,191.61,191.5,191.5,4,191.49,6,191.47,2,191.44,2,191.4,3,191.38,2,191.36,3,191.31,8,191.3,1,191.28,1,191.61,2,191.63,2,191.67,1,191.68,3,191.72,6,191.73,5,191.74,1,191.75,4,191.77,1,,
2025-04-10 09:32:55,191.61,191.61,1,191.56,1,191.66,2,191.66,191.56,191.56,1,191.54,3,191.5,4,191.49,6,191.47,2,191.44,2,191.4,3,191.38,2,191.36,3,191.31,8,191.66,2,191.67,1,191.68,3,191.72,6,191.73,5,191.74,1,191.75,4,191.77,1,,,,
2025-04-10 09:32:56,191.575,191.59,1,191.52,3,191.63,2,191.63,191.52,191.52,3,191.51,1,191.5,4,191.49,6,191.47,2,191.44,2,191.4,3,191.38,2,191.36,3,191.31,8,191.63,2,191.66,7,191.67,1,191.68,3,191.72,6,191.73,5,191.74,1,191.75,4,191.77,1,,
2025-04-10 09:32:57,191.65,191.64,1,191.58,4,191.72,2,191.72,191.58,191.58,4,191.55,1,191.52,1,191.51,1,191.5,4,191.49,6,191.47,2,191.44,2,191.4,3,191.38,2,191.72,2,191.73,4,191.74,1,191.75,4,191.77,1,,,,,,,,,,
2025-04-10 09:32:58,191.705,191.71,1,191.66,6,191.75,2,191.75,191.66,191.66,6,191.65,3,191.58,3,191.55,1,191.52,1,191.51,1,191.5,4,191.49,6,191.47,2,191.44,2,191.75,2,191.77,3,,,,,,,,,,,,,,,,
2025-04-10 09:32:59,191.905,191.89,1,191.87,4,191.94,2,191.94,191.87,191.87,4,191.86,2,191.84,4,191.83,1,191.8,1,191.77,3,191.72,3,191.7,2,191.66,6,191.65,3,191.94,2,191.95,3,,,,,,,,,,,,,,,,
2025-04-10 09:33:00,191.87,191.89,5,191.84,1,191.9,5,191.9,191.84,191.84,1,191.83,3,191.8,1,191.77,3,191.72,3,191.7,2,191.66,6,191.65,3,191.58,3,191.55,1,191.9,5,191.95,9,,,,,,,,,,,,,,,,
2025-04-10 09:33:01,191.78,191.81,2,191.75,1,191.81,6,191.81,191.75,191.75,1,191.72,3,191.7,2,191.66,6,191.65,3,191.58,3,191.55,1,191.52,1,191.51,1,191.5,4,191.81,6,191.82,1,191.83,1,191.84,1,191.87,7,191.88,6,191.89,4,191.93,7,191.95,3,191.96,1
2025-04-10 09:33:02,191.725,190.16,7,191.67,2,191.78,8,191.78,191.67,191.67,2,191.66,4,191.65,3,191.58,3,191.55,1,191.52,1,191.51,1,191.5,4,191.49,6,191.47,2,191.78,8,191.81,6,191.82,1,191.83,1,191.84,1,191.87,7,191.88,6,191.89,4,191.93,7,191.95,3
2025-04-10 09:33:03,191.555,191.52,4,191.52,3,191.59,2,191.59,191.52,191.52,3,191.51,1,191.5,4,191.49,6,191.47,2,191.44,2,191.4,3,191.38,2,191.36,3,191.31,8,191.59,2,191.6,3,191.62,4,191.63,4,191.65,6,191.69,10,191.7,6,191.71,2,191.73,1,191.77,10
2025-04-10 09:33:04,191.425,191.43,1,191.42,1,191.43,6,191.43,191.36,191.42,1,191.36,4,191.31,8,191.3,1,191.28,1,191.25,2,191.24,2,191.23,1,191.21,2,191.19,2,191.43,6,191.44,3,191.47,2,191.52,4,191.55,6,191.56,5,191.59,5,191.6,3,191.62,4,191.63,4
2025-04-10 09:33:05,191.28,191.29,1,191.23,3,191.33,2,191.33,191.23,191.23,3,191.22,30,191.21,2,191.19,2,191.18,3,191.15,5,191.09,3,191.06,2,191.05,3,191.04,1,191.33,2,191.34,2,191.39,4,191.43,4,191.44,3,191.47,1,191.5,1,191.52,5,191.55,6,191.56,5
2025-04-10 09:33:06,191.38,191.35,1,191.32,2,191.44,4,191.44,191.32,191.32,2,191.23,5,191.22,30,191.21,2,191.19,2,191.18,3,191.15,5,191.09,3,191.06,2,191.05,3,191.44,4,191.45,5,191.49,6,191.52,4,191.55,6,191.56,5,191.59,5,191.6,3,191.62,4,191.63,4
2025-04-10 09:33:07,191.415,191.42,1,191.37,5,191.46,4,191.46,191.37,191.37,5,191.36,1,191.33,3,191.32,4,191.23,5,191.22,30,191.21,2,191.19,2,191.18,3,191.15,5,191.46,4,191.47,1,191.51,1,191.52,4,191.55,6,191.56,5,191.59,5,191.6,3,191.62,4,191.63,4
2025-04-10 09:33:08,191.395,191.42,1,191.37,4,191.42,3,191.42,191.37,191.37,4,191.36,1,191.33,3,191.32,4,191.23,5,191.22,30,191.21,2,191.19,2,191.18,3,191.15,5,191.42,3,191.44,1,191.46,3,191.47,1,191.51,1,191.52,4,191.55,6,191.56,5,191.59,5,191.6,3
2025-04-10 09:33:09,191.385,191.44,1,191.35,1,191.46,3,191.46,191.35,191.35,1,191.33,3,191.32,4,191.23,5,191.22,30,191.21,2,191.19,2,191.18,3,191.15,5,191.09,3,191.42,1,191.46,3,191.47,6,191.48,2,191.49,2,191.52,4,191.55,6,191.56,5,191.59,5,191.6,3
2025-04-10 09:33:10,191.32,191.34,1,191.29,1,191.35,2,191.35,191.29,191.29,1,191.23,5,191.22,30,191.21,2,191.19,2,191.18,3,191.15,5,191.09,3,191.06,2,191.05,3,191.35,2,191.36,3,191.37,2,191.39,2,191.42,2,191.46,4,191.47,6,191.48,2,191.49,2,191.52,4
2025-04-10 09:33:11,191.34,191.34,1,191.28,2,191.4,2,191.4,191.28,191.28,2,191.27,2,191.26,1,191.23,3,191.22,3,191.21,2,191.19,4,191.18,3,191.15,5,191.09,3,191.4,2,191.42,2,191.46,4,191.47,6,191.48,2,191.49,2,191.52,4,191.55,6,191.56,5,191.59,5
2025-04-10 09:33:12,191.58,191.58,1,191.52,2,191.64,2,191.64,191.52,191.52,2,191.4,2,191.38,2,191.31,3,191.29,3,191.28,2,191.27,2,191.26,1,191.23,3,191.22,3,191.64,2,191.67,1,191.68,2,191.71,1,191.73,1,191.77,10,191.78,10,191.81,6,191.82,1,191.83,1
2025-04-10 09:33:13,191.55,191.55,2,191.5,3,191.6,3,191.6,191.5,191.5,3,191.48,2,191.4,2,191.38,2,191.31,3,191.29,3,191.28,2,191.27,2,191.26,1,191.23,3,191.6,3,191.61,1,191.62,4,191.63,2,191.64,3,191.67,1,191.68,2,191.71,1,191.73,1,191.77,10
2025-04-10 09:33:14,191.74,191.71,1,191.69,1,191.79,1,191.79,191.69,191.69,1,191.68,1,191.62,2,191.57,1,191.53,1,191.48,2,191.4,2,191.38,2,191.31,3,191.29,3,191.79,1,191.8,3,191.81,6,191.82,1,191.83,1,191.84,1,191.87,7,191.88,6,191.89,4,191.93,7
2025-04-10 09:33:15,191.66,191.59,1,191.57,3,191.75,1,191.75,191.57,191.57,3,191.53,1,191.48,2,191.4,2,191.38,2,191.31,3,191.29,3,191.28,2,191.27,2,191.26,1,191.75,1,191.76,1,191.79,3,191.8,3,191.81,6,191.82,1,191.83,1,191.84,1,191.87,7,191.88,6
2025-04-10 09:33:16,191.735,191.74,1,191.68,1,191.8,3,191.8,191.68,191.67,2,191.57,3,191.53,1,191.48,2,191.4,2,191.38,2,191.31,3,191.29,3,191.28,2,191.27,2,191.8,3,191.81,6,191.82,1,191.83,1,191.84,1,191.87,7,191.88,6,191.89,4,191.93,7,191.95,3
2025-04-10 09:33:17,191.88,191.9,1,191.84,3,191.92,4,191.92,191.84,191.84,3,191.82,1,191.8,2,191.76,1,191.75,2,191.72,1,191.69,4,191.68,4,191.67,2,191.57,3,191.92,4,191.93,7,191.95,3,191.96,1,,,,,,,,,,,,
2025-04-10 09:33:18,191.82,191.82,8,191.78,3,191.86,5,191.86,191.78,191.78,3,191.75,3,191.72,1,191.69,4,191.68,4,191.67,2,191.57,3,191.53,1,191.48,2,191.4,2,191.86,5,191.87,1,191.88,1,191.92,5,191.93,7,191.95,3,191.96,1,,,,,,
2025-04-10 09:33:19,191.805,191.81,1,191.75,4,191.86,8,191.86,191.75,191.75,4,191.72,1,191.69,4,191.68,4,191.67,2,191.57,3,191.53,1,191.48,2,191.4,2,191.38,2,191.86,8,191.87,1,191.88,1,191.92,5,191.93,7,191.95,3,191.96,1,,,,,,
2025-04-10 09:33:20,191.82,191.82,2,191.78,3,191.86,6,191.86,191.78,191.78,3,191.75,3,191.72,1,191.69,4,191.68,4,191.67,2,191.57,3,191.53,1,191.48,2,191.4,2,191.86,6,191.87,2,191.88,1,191.92,5,191.93,7,191.95,3,191.96,1,,,,,,
2025-04-10 09:33:21,191.15,191.16,5,191.06,7,191.24,2,191.24,191.06,191.06,7,190.99,1,190.98,6,190.96,2,190.94,1,190.92,4,190.84,3,190.79,3,190.69,3,190.6,2,191.24,2,191.27,2,191.3,2,191.34,2,191.36,1,191.38,2,191.39,1,191.41,1,191.44,6,191.55,2
2025-04-10 09:33:22,191.365,191.39,1,191.27,2,191.46,1,191.46,191.27,191.27,2,191.17,2,191.06,4,190.99,1,190.98,6,190.96,2,190.94,1,190.92,4,190.84,3,190.79,3,191.46,1,191.47,1,191.55,2,191.58,1,191.6,2,191.64,2,191.66,2,191.68,1,191.71,1,191.72,1
2025-04-10 09:33:23,191.435,191.55,1,191.32,1,191.55,2,191.55,191.32,191.32,1,191.28,3,191.25,1,191.24,1,191.17,2,191.06,4,190.99,1,190.98,6,190.96,2,190.94,1,191.55,2,191.58,1,191.6,2,191.64,2,191.66,2,191.68,1,191.71,1,191.72,1,191.73,4,191.75,2
2025-04-10 09:33:24,191.48,191.48,1,191.42,1,191.54,2,191.54,191.42,191.42,1,191.39,1,191.38,2,191.32,2,191.28,3,191.25,1,191.24,1,191.17,2,191.06,4,190.99,1,191.54,2,191.55,2,191.58,1,191.6,2,191.64,2,191.66,2,191.68,1,191.71,1,191.72,1,191.73,4
2025-04-10 09:33:25,191.345,191.28,2,191.25,1,191.44,1,191.44,191.25,191.25,1,191.24,1,191.17,2,191.06,4,190.99,1,190.98,6,190.96,2,190.94,1,190.92,4,190.84,3,191.44,1,191.49,2,191.53,2,191.54,3,191.55,2,191.58,1,191.6,2,191.64,2,191.66,2,191.68,1
2025-04-10 09:33:26,191.185,191.26,3,191.1,3,191.27,4,191.27,191.1,191.1,3,191.06,4,190.99,1,190.98,6,190.96,2,190.94,1,190.92,4,190.84,3,190.79,3,190.69,3,191.27,4,191.29,1,191.3,1,191.35,3,191.44,1,191.49,2,191.53,2,191.54,3,191.55,2,191.58,1
2025-04-10 09:33:27,191.285,191.29,1,191.22,1,191.35,6,191.35,191.22,191.22,1,191.19,1,191.16,1,191.1,3,191.06,4,190.99,1,190.98,6,190.96,2,190.94,1,190.92,4,191.35,6,191.42,1,191.44,2,191.49,2,191.53,2,191.54,3,191.55,2,191.58,1,191.6,2,191.64,2
2025-04-10 09:33:28,191.25,191.29,2,191.21,2,191.29,6,191.29,191.21,191.21,2,191.19,2,191.16,1,191.1,3,191.06,4,190.99,1,190.98,6,190.96,2,190.94,1,190.92,4,191.29,6,191.35,6,191.42,1,191.44,2,191.49,2,191.53,2,191.54,3,191.55,2,191.58,1,191.6,2
2025-04-10 09:33:29,191.46,191.48,1,191.43,2,191.49,2,191.49,191.43,191.43,2,191.4,2,191.38,3,191.37,5,191.29,3,191.25,2,191.22,1,191.19,2,191.16,1,191.1,3,191.49,2,191.5,2,191.54,11,191.55,2,191.58,1,191.6,2,191.64,2,191.66,2,191.68,1,191.71,1
2025-04-10 09:33:30,191.53,191.57,1,191.47,3,191.59,3,191.59,191.47,191.47,3,191.41,2,191.4,3,191.38,3,191.37,5,191.29,3,191.25,2,191.22,1,191.19,2,191.16,1,191.59,3,191.6,2,191.64,2,191.66,2,191.68,1,191.71,1,191.72,1,191.73,4,191.75,2,191.79,2
2025-04-10 09:33:31,191.53,191.53,1,191.47,3,191.59,2,191.59,191.47,191.47,3,191.41,2,191.4,3,191.38,3,191.37,5,191.29,3,191.25,2,191.22,1,191.19,2,191.16,1,191.59,2,191.6,2,191.64,2,191.66,2,191.68,1,191.71,1,191.72,1,191.73,4,191.75,2,191.79,2
2025-04-10 09:33:32,191.585,191.59,1,191.53,4,191.64,8,191.64,191.53,191.53,4,191.47,3,191.41,2,191.4,3,191.38,3,191.37,5,191.29,3,191.25,2,191.22,1,191.19,2,191.64,8,191.66,2,191.68,1,191.71,1,191.72,1,191.73,4,191.75,2,191.79,2,191.86,7,191.87,2
2025-04-10 09:33:33,191.565,191.57,2,191.5,2,191.63,1,191.63,191.5,191.5,2,191.47,3,191.41,2,191.4,3,191.38,3,191.37,5,191.29,3,191.25,2,191.22,1,191.19,2,191.63,1,191.64,12,191.66,2,191.68,1,191.71,1,191.72,1,191.73,4,191.75,2,191.79,2,191.86,7
2025-04-10 09:33:34,191.565,191.6,9,191.5,4,191.63,4,191.63,191.5,191.5,4,191.47,3,191.41,2,191.4,3,191.38,3,191.37,5,191.29,3,191.25,2,191.22,1,191.19,2,191.63,4,191.64,12,191.66,2,191.68,1,191.71,1,191.72,1,191.73,4,191.75,2,191.79,2,191.86,7
2025-04-10 09:33:35,191.705,191.74,1,191.67,1,191.74,2,191.74,191.67,191.67,1,191.61,3,191.59,1,191.56,2,191.5,4,191.47,3,191.41,2,191.4,3,191.38,3,191.37,5,191.74,2,191.75,2,191.79,2,191.86,7,191.87,2,191.88,1,191.92,5,191.93,7,191.95,3,191.96,1
2025-04-10 09:33:36,191.84,191.87,1,191.8,1,191.88,2,191.88,191.8,191.8,1,191.77,3,191.76,1,191.75,1,191.72,3,191.71,1,191.7,1,191.67,2,191.61,3,191.59,1,191.88,2,191.92,5,191.93,7,191.95,3,191.96,1,,,,,,,,,,
2025-04-10 09:33:37,191.94,191.98,1,191.89,2,191.99,3,191.99,191.89,191.89,2,191.86,2,191.8,2,191.74,4,191.72,3,191.71,1,191.7,1,191.67,2,191.61,3,191.59,1,191.99,3,,,,,,,,,,,,,,,,,,
2025-04-10 09:33:38,191.89,191.89,1,191.84,1,191.94,1,191.94,191.84,191.84,1,191.81,2,191.76,1,191.74,4,191.72,3,191.71,1,191.7,1,191.67,2,191.61,3,191.59,1,191.94,1,191.99,5,,,,,,,,,,,,,,,,
2025-04-10 09:33:39,191.705,191.7,1,191.64,2,191.77,7,191.77,191.64,191.64,2,191.61,3,191.59,1,191.56,2,191.5,4,191.47,3,191.41,2,191.4,3,191.38,3,191.37,5,191.77,7,191.8,4,191.85,7,191.86,1,191.87,1,191.89,2,191.94,2,191.99,5,,,,
2025-04-10 09:33:40,191.675,191.7,1,191.61,4,191.74,8,191.74,191.61,191.61,4,191.59,1,191.56,2,191.5,4,191.47,3,191.41,2,191.4,3,191.38,3,191.37,5,191.29,3,191.74,8,191.77,7,191.8,4,191.85,7,191.86,1,191.87,1,191.89,2,191.94,2,191.99,5,,
2025-04-10 09:33:41,191.67,191.73,8,191.61,3,191.73,2,191.73,191.61,191.61,3,191.59,1,191.56,2,191.5,4,191.47,3,191.41,2,191.4,3,191.38,3,191.37,5,191.29,3,191.73,2,191.74,9,191.77,7,191.8,4,191.85,7,191.86,1,191.87,1,191.89,2,191.94,2,191.99,5
2025-04-10 09:33:42,191.59,191.65,2,191.53,6,191.65,3,191.65,191.53,191.53,6,191.5,9,191.47,3,191.41,2,191.4,3,191.38,3,191.37,5,191.29,3,191.25,2,191.22,1,191.65,3,191.7,5,191.73,2,191.74,9,191.77,7,191.8,4,191.85,7,191.86,1,191.87,1,191.89,2
2025-04-10 09:33:43,191.675,191.73,1,191.62,2,191.73,5,191.73,191.62,191.62,2,191.59,3,191.53,7,191.5,9,191.47,3,191.41,2,191.4,3,191.38,3,191.37,5,191.29,3,191.73,5,191.74,9,191.77,7,191.8,4,191.85,7,191.86,1,191.87,1,191.89,2,191.94,2,191.99,5
2025-04-10 09:33:44,191.66,191.69,1,191.59,4,191.73,5,191.73,191.59,191.59,4,191.56,1,191.54,4,191.53,7,191.5,9,191.47,3,191.41,2,191.4,3,191.38,3,191.37,5,191.73,5,191.74,9,191.77,7,191.8,4,191.85,7,191.86,1,191.87,1,191.89,2,191.94,2,191.99,5
2025-04-10 09:33:45,191.695,191.7,5,191.65,3,191.74,1,191.74,191.65,191.65,3,191.64,3,191.59,4,191.56,1,191.54,4,191.53,7,191.5,9,191.47,3,191.41,2,191.4,3,191.74,1,191.75,1,191.77,7,191.8,4,191.85,7,191.86,1,191.87,1,191.89,2,191.94,2,191.99,5
2025-04-10 09:33:46,191.745,191.77,1,191.66,2,191.83,2,191.83,191.66,191.66,2,191.65,3,191.64,3,191.59,4,191.56,1,191.54,4,191.53,7,191.5,9,191.47,3,191.41,2,191.83,2,191.85,7,191.86,1,191.87,1,191.89,2,191.94,2,191.99,5,,,,,,
2025-04-10 09:33:47,191.75,191.75,4,191.67,4,191.83,3,191.83,191.67,191.67,4,191.66,2,191.65,3,191.64,3,191.59,4,191.56,1,191.54,4,191.53,7,191.5,9,191.47,3,191.83,3,191.85,7,191.86,1,191.87,1,191.89,2,191.94,2,191.99,5,,,,,,
2025-04-10 09:33:49,191.785,191.76,3,191.75,2,191.82,1,191.82,191.75,191.75,2,191.72,4,191.68,1,191.67,4,191.66,2,191.65,3,191.64,3,191.59,4,191.56,1,191.54,4,191.82,1,191.83,6,191.85,7,191.86,1,191.87,1,191.89,2,191.94,2,191.99,5,,,,
2025-04-10 09:33:49,191.845,191.85,1,191.81,1,191.88,2,191.88,191.81,191.81,1,191.8,1,191.79,2,191.76,1,191.75,3,191.72,4,191.68,1,191.67,4,191.66,2,191.65,3,191.88,2,191.89,2,191.94,2,191.99,5,,,,,,,,,,,,
2025-04-10 09:33:50,191.795,191.84,1,191.72,5,191.87,3,191.87,191.72,191.72,5,191.68,1,191.67,4,191.66,2,191.65,3,191.64,3,191.59,4,191.56,1,191.54,4,191.53,7,191.87,3,191.88,6,191.89,2,191.94,2,191.99,5,,,,,,,,,,
2025-04-10 09:33:51,191.73,191.76,1,191.66,1,191.8,1,191.8,191.66,191.66,1,191.65,1,191.63,3,191.59,4,191.56,1,191.54,4,191.53,7,191.5,9,191.47,3,191.41,2,191.8,1,191.83,1,191.87,3,191.88,6,191.89,2,191.94,2,191.99,5,,,,,,
2025-04-10 09:33:53,191.685,191.66,1,191.63,3,191.74,1,191.74,191.63,191.63,3,191.59,4,191.56,1,191.54,4,191.53,7,191.5,9,191.47,3,191.41,2,191.4,3,191.38,3,191.74,1,191.77,1,191.8,2,191.81,1,191.83,3,191.86,1,191.87,3,191.88,6,191.89,2,191.94,2
2025-04-10 09:33:53,191.71,191.74,1,191.63,2,191.79,2,191.79,191.63,191.63,2,191.62,2,191.56,1,191.54,4,191.53,7,191.5,9,191.47,3,191.41,2,191.4,3,191.38,3,191.79,2,191.8,2,191.81,1,191.83,3,191.86,1,191.87,3,191.88,6,191.89,2,191.94,2,191.99,5
2025-04-10 09:33:54,191.595,191.63,1,191.56,3,191.63,1,191.63,191.56,191.56,3,191.54,4,191.53,7,191.5,9,191.47,3,191.41,2,191.4,3,191.38,3,191.37,5,191.29,3,191.63,1,191.69,1,191.74,1,191.77,2,191.79,2,191.8,2,191.81,1,191.83,3,191.86,1,191.87,3
2025-04-10 09:33:56,191.645,191.65,1,191.59,2,191.7,2,191.7,191.59,191.59,2,191.56,3,191.54,4,191.53,7,191.5,9,191.47,3,191.41,2,191.4,3,191.38,3,191.37,5,191.7,2,191.72,1,191.74,3,191.77,2,191.79,2,191.8,2,191.81,1,191.83,3,191.86,1,191.87,3
2025-04-10 09:33:57,191.615,191.62,1,191.54,7,191.69,6,191.69,191.54,191.54,7,191.53,7,191.5,9,191.47,3,191.41,2,191.4,3,191.38,3,191.37,5,191.29,3,191.25,2,191.69,6,191.7,5,191.72,1,191.74,3,191.77,2,191.79,2,191.8,2,191.81,1,191.83,3,191.86,1
2025-04-10 09:33:58,191.52,191.52,1,191.46,2,191.58,6,191.58,191.46,191.46,2,191.44,3,191.41,2,191.4,3,191.38,3,191.37,5,191.29,3,191.25,2,191.22,1,191.19,2,191.58,6,191.61,2,191.69,5,191.7,5,191.72,1,191.74,3,191.77,2,191.79,2,191.8,2,191.81,1
2025-04-10 09:33:58,191.58,191.56,1,191.51,4,191.65,3,191.65,191.51,191.51,4,191.5,1,191.49,1,191.46,2,191.44,3,191.41,2,191.4,3,191.38,3,191.37,5,191.29,3,191.65,3,191.69,5,191.7,5,191.72,1,191.74,3,191.77,2,191.79,2,191.8,2,191.81,1,191.83,3
2025-04-10 09:34:00,191.57,191.61,1,191.53,1,191.61,1,191.61,191.53,191.53,1,191.51,4,191.5,1,191.49,1,191.46,2,191.44,3,191.41,2,191.4,3,191.38,3,191.37,5,191.61,1,191.66,1,191.69,5,191.7,5,191.72,1,191.74,3,191.77,2,191.79,2,191.8,2,191.81,1
2025-04-10 09:34:01,191.63,191.63,1,191.57,4,191.69,5,191.69,191.57,191.57,4,191.53,3,191.51,4,191.5,1,191.49,1,191.46,2,191.44,3,191.41,2,191.4,3,191.38,3,191.69,5,191.7,5,191.72,1,191.74,3,191.77,2,191.79,2,191.8,2,191.81,1,191.83,3,191.86,1
2025-04-10 09:34:01,191.745,191.75,1,191.69,2,191.8,5,191.8,191.69,191.69,2,191.67,1,191.66,1,191.63,2,191.57,3,191.53,3,191.51,4,191.5,1,191.49,1,191.46,2,191.8,5,191.81,1,191.83,3,191.86,1,191.87,3,191.88,6,191.89,2,191.94,2,191.99,5,,
2025-04-10 09:34:02,191.825,191.9,2,191.76,2,191.89,7,191.89,191.76,191.76,2,191.72,2,191.69,3,191.67,1,191.66,1,191.63,2,191.57,3,191.53,3,191.51,4,191.5,1,191.89,7,191.9,4,191.92,13,191.94,2,191.99,5,,,,,,,,,,
2025-04-10 09:34:04,191.825,191.83,2,191.76,3,191.89,7,191.89,191.76,191.76,3,191.72,2,191.69,3,191.67,1,191.66,1,191.63,2,191.57,3,191.53,3,191.51,4,191.5,1,191.89,7,191.9,4,191.92,13,191.94,2,191.99,5,,,,,,,,,,
2025-04-10 09:34:04,191.845,191.85,2,191.8,2,191.89,8,191.89,191.8,191.8,2,191.76,3,191.72,2,191.69,3,191.67,1,191.66,1,191.63,2,191.57,3,191.53,3,191.51,4,191.89,8,191.9,4,191.92,13,191.94,2,191.99,5,,,,,,,,,,
2025-04-10 09:34:06,191.915,191.99,1,191.84,4,191.99,8,191.99,191.84,191.84,4,191.8,2,191.76,3,191.72,2,191.69,3,191.67,1,191.66,1,191.63,2,191.57,3,191.53,3,191.99,8,,,,,,,,,,,,,,,,,,
2025-04-10 09:34:07,191.935,191.94,2,191.84,5,192.03,2,192.03,191.84,191.84,5,191.8,2,191.76,3,191.72,2,191.69,3,191.67,1,191.66,1,191.63,2,191.57,3,191.53,3,192.03,2,192.04,45,192.09,2,192.1,3,,,,,,,,,,,,
2025-04-10 09:34:08,191.95,191.95,2,191.89,3,192.01,1,192.01,191.89,191.89,3,191.84,3,191.8,2,191.76,3,191.72,2,191.69,3,191.67,1,191.66,1,191.63,2,191.57,3,192.01,1,192.03,3,192.04,45,192.09,2,192.1,3,,,,,,,,,,
2025-04-10 09:34:09,191.8,191.83,1,191.71,4,191.89,1,191.89,191.71,191.71,4,191.67,3,191.66,3,191.63,2,191.57,3,191.53,3,191.51,4,191.5,1,191.49,1,191.46,2,191.89,1,191.92,2,192.0,1,192.01,4,192.03,3,192.04,45,192.09,2,192.1,3,,,,
2025-04-10 09:34:10,191.945,191.95,1,191.88,1,192.01,3,192.01,191.88,191.88,1,191.84,2,191.76,2,191.71,8,191.67,3,191.66,3,191.63,2,191.57,3,191.53,3,191.51,4,192.01,3,192.03,3,192.04,45,192.09,2,192.1,3,,,,,,,,,,
2025-04-10 09:34:11,191.92,191.87,1,191.86,3,191.98,2,191.98,191.86,191.86,3,191.85,2,191.84,2,191.76,2,191.71,8,191.67,3,191.66,3,191.63,2,191.57,3,191.53,3,191.98,2,191.99,4,192.01,4,192.03,3,192.04,45,192.09,2,192.1,3,,,,,,
2025-04-10 09:34:12,191.815,191.86,1,191.71,8,191.92,8,191.92,191.71,191.71,8,191.67,3,191.66,3,191.63,2,191.57,3,191.53,3,191.51,4,191.5,1,191.49,1,191.46,2,191.92,8,191.94,3,191.98,4,191.99,4,192.01,4,192.03,3,192.04,45,192.09,2,192.1,3,,
2025-04-10 09:34:13,191.83,191.83,1,191.75,1,191.91,8,191.91,191.75,191.75,1,191.71,7,191.67,3,191.66,3,191.63,2,191.57,3,191.53,3,191.51,4,191.5,1,191.49,1,191.91,8,191.92,8,191.94,3,191.98,4,191.99,4,192.01,4,192.03,3,192.04,45,192.09,2,192.1,3
2025-04-10 09:34:14,191.85,191.89,5,191.79,1,191.91,7,191.91,191.79,191.79,1,191.75,2,191.71,7,191.67,3,191.66,3,191.63,2,191.57,3,191.53,3,191.51,4,191.5,1,191.91,7,191.92,8,191.94,3,191.98,4,191.99,4,192.01,4,192.03,3,192.04,45,192.09,2,192.1,3
2025-04-10 09:34:15,192.0,191.96,1,191.94,3,192.06,3,192.06,191.94,191.94,3,191.93,4,191.89,1,191.86,4,191.8,1,191.79,2,191.75,2,191.71,7,191.67,3,191.66,3,192.06,3,192.09,2,192.1,3,,,,,,,,,,,,,,
2025-04-10 09:34:16,192.065,192.04,1,192.04,2,192.09,1,192.09,192.04,192.04,2,191.94,2,191.9,5,191.89,1,191.86,4,191.8,1,191.79,2,191.75,2,191.71,7,191.67,3,192.09,1,192.1,2,,,,,,,,,,,,,,,,
2025-04-10 09:34:17,192.21,192.24,1,192.18,6,192.24,1,192.24,192.18,192.18,6,192.16,1,192.15,1,192.14,1,192.07,3,192.02,3,191.94,2,191.9,5,191.89,1,191.86,4,192.24,1,,,,,,,,,,,,,,,,,,
2025-04-10 09:34:18,192.3,192.29,1,192.28,1,192.32,3,192.32,192.28,192.28,1,192.25,6,192.23,2,192.22,1,192.21,2,192.18,6,192.16,1,192.15,1,192.14,1,192.07,3,192.32,3,,,,,,,,,,,,,,,,,,
2025-04-10 09:34:19,192.3,192.3,1,192.23,2,192.37,3,192.37,192.23,192.23,2,192.22,1,192.21,1,192.2,1,192.18,6,192.16,1,192.15,1,192.14,1,192.07,3,192.02,3,192.37,3,192.38,9,,,,,,,,,,,,,,,,
2025-04-10 09:34:20,192.335,192.38,1,192.28,3,192.39,3,192.39,192.28,192.28,3,192.26,5,192.23,2,192.22,1,192.21,1,192.2,1,192.18,6,192.16,1,192.15,1,192.14,1,192.39,3,192.41,1,192.42,2,192.43,1,,,,,,,,,,,,
2025-04-10 09:34:21,192.4,192.4,1,192.36,1,192.44,3,192.44,192.36,192.36,1,192.3,2,192.29,3,192.28,3,192.26,5,192.23,2,192.22,1,192.21,1,192.2,1,192.18,6,192.44,3,,,,,,,,,,,,,,,,,,
2025-04-10 09:34:22,192.39,192.4,2,192.33,4,192.45,5,192.45,192.33,192.33,4,192.3,2,192.29,3,192.28,3,192.26,5,192.23,2,192.22,1,192.21,1,192.2,1,192.18,6,192.45,5,192.46,6,,,,,,,,,,,,,,,,
2025-04-10 09:34:23,192.2,192.18,4,192.17,1,192.23,4,192.23,192.17,192.17,1,192.16,1,192.15,1,192.14,1,192.07,3,192.02,3,191.94,2,191.9,5,191.89,1,191.86,4,192.23,4,192.24,1,192.28,2,192.33,7,192.34,1,192.37,1,192.38,3,192.41,2,192.42,3,192.43,3
2025-04-10 09:34:24,192.13,192.16,1,192.09,2,192.17,5,192.17,192.09,192.09,2,192.07,3,192.02,3,191.94,2,191.9,5,191.89,1,191.86,4,191.8,1,191.79,2,191.75,2,192.17,5,192.18,2,192.19,1,192.2,5,192.23,2,192.28,4,192.32,3,192.33,7,192.34,1,192.37,1
2025-04-10 09:34:25,192.36,192.41,1,192.28,1,192.44,2,192.44,192.28,192.28,1,192.24,2,192.21,1,192.16,1,192.12,3,192.09,3,192.07,3,192.02,3,191.94,2,191.9,5,192.44,2,192.45,5,192.46,6,,,,,,,,,,,,,,
2025-04-10 09:34:26,192.38,192.33,1,192.32,2,192.44,3,192.44,192.32,192.32,2,192.28,3,192.24,2,192.21,1,192.16,1,192.12,3,192.09,3,192.07,3,192.02,3,191.94,2,192.44,3,192.45,8,192.46,6,,,,,,,,,,,,,,
2025-04-10 09:34:27,192.38,192.42,1,192.32,4,192.44,1,192.44,192.32,192.32,4,192.28,3,192.24,2,192.21,1,192.16,1,192.12,3,192.09,3,192.07,3,192.02,3,191.94,2,192.44,1,192.45,9,192.46,6,,,,,,,,,,,,,,
2025-04-10 09:34:28,192.53,192.53,1,192.5,3,192.56,3,192.56,192.5,192.5,3,192.49,3,192.42,2,192.38,2,192.32,4,192.28,3,192.24,2,192.21,1,192.16,1,192.12,3,192.56,3,,,,,,,,,,,,,,,,,,
2025-04-10 09:34:29,192.445,192.51,1,192.39,4,192.5,4,192.5,192.39,192.39,4,192.38,2,192.32,4,192.28,3,192.24,2,192.21,1,192.16,1,192.12,3,192.09,3,192.07,3,192.5,4,192.52,3,192.55,1,192.56,1,192.58,2,192.6,3,,,,,,,,
2025-04-10 09:34:30,192.445,192.5,3,192.39,5,192.5,5,192.5,192.39,192.39,5,192.38,2,192.32,4,192.28,3,192.24,2,192.21,1,192.16,1,192.12,3,192.09,3,192.07,3,192.5,5,192.52,3,192.55,1,192.56,1,192.58,2,192.6,3,,,,,,,,
2025-04-10 09:34:31,192.42,192.42,1,192.34,2,192.5,1,192.5,192.34,192.34,2,192.29,1,192.28,4,192.24,2,192.21,1,192.16,1,192.12,3,192.09,3,192.07,3,192.02,3,192.5,1,192.51,2,192.52,3,192.55,1,192.56,1,192.58,2,192.6,3,,,,,,
2025-04-10 09:34:32,192.435,192.49,1,192.37,2,192.5,1,192.5,192.37,192.37,2,192.34,3,192.29,1,192.28,4,192.24,2,192.21,1,192.16,1,192.12,3,192.09,3,192.07,3,192.5,1,192.51,4,192.52,3,192.55,1,192.56,1,192.58,2,192.6,3,,,,,,
2025-04-10 09:34:33,192.405,192.45,1,192.34,2,192.47,1,192.47,192.34,192.34,2,192.28,5,192.24,2,192.21,1,192.16,1,192.12,3,192.09,3,192.07,3,192.02,3,191.94,2,192.47,1,192.49,4,192.5,1,192.51,4,192.52,3,192.55,1,192.56,1,192.58,2,192.6,3,,
2025-04-10 09:34:34,192.445,192.47,2,192.4,4,192.49,5,192.49,192.4,192.4,4,192.34,3,192.28,5,192.24,2,192.21,1,192.16,1,192.12,3,192.09,3,192.07,3,192.02,3,192.49,5,192.5,1,192.51,4,192.52,3,192.55,1,192.56,1,192.58,2,192.6,3,,,,
2025-04-10 09:34:35,192.525,192.52,1,192.47,3,192.58,1,192.58,192.47,192.47,3,192.46,2,192.44,2,192.4,4,192.34,3,192.28,5,192.24,2,192.21,1,192.16,1,192.12,3,192.58,1,192.59,4,192.6,3,,,,,,,,,,,,,,
2025-04-10 09:34:36,192.485,192.51,4,192.44,1,192.53,3,192.53,192.44,192.44,1,192.42,1,192.4,4,192.34,3,192.28,5,192.24,2,192.21,1,192.16,1,192.12,3,192.09,3,192.53,3,192.6,3,,,,,,,,,,,,,,,,
2025-04-10 09:34:37,192.415,192.4,1,192.34,1,192.49,3,192.49,192.34,192.34,1,192.32,1,192.3,1,192.28,5,192.24,2,192.21,1,192.16,1,192.12,3,192.09,3,192.07,3,192.49,3,192.53,4,192.6,3,,,,,,,,,,,,,,
2025-04-10 09:34:38,192.37,192.37,1,192.34,4,192.4,2,192.4,192.34,192.34,4,192.32,1,192.3,1,192.28,5,192.24,2,192.21,1,192.16,1,192.12,3,192.09,3,192.07,3,192.4,2,192.52,7,192.53,4,192.6,3,,,,,,,,,,,,
2025-04-10 09:34:39,192.44,192.44,1,192.38,1,192.5,4,192.5,192.38,192.38,1,192.32,4,192.29,1,192.28,5,192.24,2,192.21,1,192.16,1,192.12,3,192.09,3,192.07,3,192.5,4,192.52,7,192.53,4,192.6,3,,,,,,,,,,,,
2025-04-10 09:34:40,192.45,192.44,1,192.41,1,192.49,3,192.49,192.41,192.41,1,192.38,1,192.35,1,192.32,4,192.29,1,192.28,5,192.24,2,192.21,1,192.16,1,192.12,3,192.49,3,192.5,5,192.52,7,192.53,4,192.6,3,,,,,,,,,,
2025-04-10 09:34:41,192.365,192.34,1,192.32,3,192.41,3,192.41,192.32,192.32,3,192.29,1,192.28,5,192.24,2,192.21,1,192.16,1,192.12,3,192.09,3,192.07,3,192.02,3,192.41,3,192.43,3,192.49,3,192.5,5,192.52,7,192.53,4,192.6,3,,,,,,
2025-04-10 09:34:42,192.13,192.13,1,192.06,3,192.2,2,192.2,192.06,192.06,3,192.02,3,191.94,2,191.9,5,191.89,1,191.86,4,191.8,1,191.79,2,191.75,2,191.71,7,192.2,2,192.22,3,192.23,1,192.27,2,192.32,2,192.33,4,192.34,1,192.37,1,192.38,16,192.4,3
2025-04-10 09:34:43,192.195,192.19,1,192.08,2,192.31,1,192.31,192.08,192.08,2,192.07,1,192.06,2,192.02,3,191.94,2,191.9,5,191.89,1,191.86,4,191.8,1,191.79,2,192.31,1,192.32,4,192.33,4,192.34,1,192.37,1,192.38,16,192.4,3,192.41,3,192.43,3,192.49,3
2025-04-10 09:34:44,192.285,192.29,1,192.25,3,192.32,4,192.32,192.25,192.25,3,192.2,3,192.1,1,192.09,3,192.08,2,192.07,1,192.06,2,192.02,3,191.94,2,191.9,5,192.32,4,192.33,7,192.34,1,192.37,1,192.38,16,192.4,3,192.41,3,192.43,3,192.49,3,192.5,5
2025-04-10 09:34:45,192.255,192.26,2,192.2,7,192.31,1,192.31,192.2,192.2,7,192.19,4,192.17,3,192.1,1,192.09,3,192.08,2,192.07,1,192.06,2,192.02,3,191.94,2,192.31,1,192.32,4,192.33,7,192.34,1,192.37,1,192.38,16,192.4,3,192.41,3,192.43,3,192.49,3
2025-04-10 09:34:46,192.125,192.13,2,192.08,4,192.17,1,192.17,192.08,192.08,4,192.07,1,192.06,2,192.02,3,191.94,2,191.9,5,191.89,1,191.86,4,191.8,1,191.79,2,192.17,1,192.2,1,192.26,1,192.31,4,192.32,4,192.33,7,192.34,1,192.37,1,192.38,16,192.4,3
2025-04-10 09:34:47,192.2,192.19,1,192.14,1,192.26,5,192.26,192.14,192.14,1,192.13,2,192.09,2,192.08,3,192.07,1,192.06,2,192.02,3,191.94,2,191.9,5,191.89,1,192.26,5,192.31,4,192.32,4,192.33,7,192.34,1,192.37,1,192.38,16,192.4,3,192.41,3,192.43,3
2025-04-10 09:34:48,192.18,192.16,1,192.14,1,192.22,3,192.22,192.14,192.14,1,192.13,2,192.1,1,192.09,2,192.08,3,192.07,1,192.06,2,192.02,3,191.94,2,191.9,5,192.22,3,192.26,4,192.31,4,192.32,4,192.33,7,192.34,1,192.37,1,192.38,16,192.4,3,192.41,3
2025-04-10 09:34:49,192.18,192.23,1,192.1,3,192.26,5,192.26,192.1,192.1,3,192.08,4,192.07,1,192.06,2,192.02,3,191.94,2,191.9,5,191.89,1,191.86,4,191.8,1,192.26,5,192.31,4,192.32,4,192.33,7,192.34,1,192.37,1,192.38,16,192.4,3,192.41,3,192.43,3
2025-04-10 09:34:50,192.295,192.3,1,192.27,2,192.32,12,192.32,192.27,192.27,2,192.2,5,192.19,1,192.13,2,192.1,3,192.08,4,192.07,1,192.06,2,192.02,3,191.94,2,192.32,12,192.33,7,192.34,1,192.37,1,192.38,16,192.4,3,192.41,3,192.43,3,192.49,3,192.5,5
2025-04-10 09:34:51,192.295,192.36,1,192.21,1,192.38,1,192.38,192.21,192.21,1,192.2,5,192.19,1,192.13,2,192.1,3,192.08,4,192.07,1,192.06,2,192.02,3,191.94,2,192.38,1,192.41,2,192.43,2,192.49,3,192.5,5,192.52,7,192.53,4,192.6,3,,,,
2025-04-10 09:34:52,192.31,192.21,1,192.21,3,192.41,2,192.41,192.21,192.21,3,192.2,5,192.19,1,192.13,2,192.1,3,192.08,4,192.07,1,192.06,2,192.02,3,191.94,2,192.41,2,192.43,2,192.49,3,192.5,5,192.52,7,192.53,4,192.6,3,,,,,,
2025-04-10 09:34:53,192.335,192.34,1,192.27,2,192.4,3,192.4,192.27,192.27,2,192.21,3,192.2,5,192.19,1,192.13,2,192.1,3,192.08,4,192.07,1,192.06,2,192.02,3,192.4,3,192.41,2,192.43,2,192.49,3,192.5,5,192.52,7,192.53,4,192.6,3,,,,
2025-04-10 09:34:54,192.24,192.2,1,192.2,4,192.28,2,192.28,192.2,192.2,4,192.19,1,192.13,2,192.1,3,192.08,4,192.07,1,192.06,2,192.02,3,191.94,2,191.9,5,192.28,2,192.31,1,192.32,1,192.36,3,192.4,5,192.41,2,192.43,2,192.49,3,192.5,5,192.52,7
2025-04-10 09:34:55,192.09,192.18,1,192.0,3,192.18,1,192.18,192.0,192.0,3,191.95,5,191.94,2,191.9,5,191.89,1,191.86,4,191.8,1,191.79,2,191.75,2,191.71,7,192.18,1,192.21,1,192.25,3,192.28,2,192.31,1,192.32,1,192.36,3,192.4,5,192.41,2,192.43,2
2025-04-10 09:34:56,192.25,192.3,1,192.2,4,192.3,1,192.3,192.2,192.2,4,192.16,2,192.11,1,192.09,1,192.05,1,192.0,5,191.95,5,191.94,2,191.9,5,191.89,1,192.3,1,192.33,1,192.36,3,192.4,5,192.41,2,192.43,2,192.49,3,192.5,5,192.52,7,192.53,4
2025-04-10 09:34:57,192.265,192.27,3,192.2,3,192.33,4,192.33,192.2,192.2,3,192.16,2,192.11,1,192.09,1,192.05,1,192.0,5,191.95,5,191.94,2,191.9,5,191.89,1,192.33,4,192.36,3,192.4,5,192.41,2,192.43,2,192.49,3,192.5,5,192.52,7,192.53,4,192.6,3
2025-04-10 09:34:58,192.11,192.06,3,192.06,1,192.16,3,192.16,192.06,192.06,1,192.05,2,192.0,5,191.95,5,191.94,2,191.9,5,191.89,1,191.86,4,191.8,1,191.79,2,192.16,3,192.23,1,192.29,3,192.34,5,192.36,3,192.4,5,192.41,2,192.43,2,192.49,3,192.5,5
2025-04-10 09:34:59,192.195,192.16,1,192.13,2,192.26,3,192.26,192.13,192.13,2,192.11,1,192.06,1,192.05,2,192.0,5,191.95,5,191.94,2,191.9,5,191.89,1,191.86,4,192.26,3,192.29,3,192.34,5,192.36,3,192.4,5,192.41,2,192.43,2,192.49,3,192.5,5,192.52,7
2025-04-10 09:35:00,192.21,192.22,1,192.18,1,192.24,1,192.24,192.18,192.18,1,192.16,1,192.14,1,192.13,3,192.11,1,192.06,1,192.05,2,192.0,5,191.95,5,191.94,2,192.24,1,192.25,3,192.26,5,192.29,3,192.34,5,192.36,3,192.4,5,192.41,2,192.43,2,192.49,3
2025-04-10 09:35:01,192.375,192.39,1,192.35,5,192.4,6,192.4,192.35,192.35,5,192.33,3,192.32,1,192.31,3,192.27,3,192.26,2,192.24,1,192.21,1,192.2,1,192.14,4,192.4,6,192.41,2,192.43,2,192.49,3,192.5,5,192.52,7,192.53,4,192.6,3,,,,
2025-04-10 09:35:02,192.61,192.63,1,192.55,2,192.67,2,192.67,192.55,192.55,2,192.54,3,192.53,3,192.5,3,192.47,4,192.45,2,192.44,1,192.43,1,192.42,1,192.41,2,192.67,2,192.68,2,,,,,,,,,,,,,,,,
2025-04-10 09:35:03,192.58,192.56,1,192.54,2,192.62,2,192.62,192.54,192.54,2,192.53,1,192.52,1,192.5,3,192.49,1,192.44,2,192.43,1,192.42,1,192.41,2,192.38,5,192.62,2,192.66,2,192.68,2,,,,,,,,,,,,,,
2025-04-10 09:35:04,192.595,192.6,1,192.55,3,192.64,2,192.64,192.55,192.55,3,192.53,2,192.52,2,192.5,3,192.49,1,192.44,2,192.43,1,192.42,1,192.41,2,192.38,5,192.64,2,192.66,5,192.68,2,,,,,,,,,,,,,,
2025-04-10 09:35:05,192.765,192.75,1,192.74,1,192.79,2,192.79,192.74,192.74,1,192.72,3,192.71,6,192.7,1,192.67,1,192.6,3,192.54,2,192.53,2,192.52,2,192.5,3,192.79,2,192.8,1,192.81,4,,,,,,,,,,,,,,
2025-04-10 09:35:06,192.65,192.68,15,192.62,1,192.68,3,192.68,192.62,192.62,1,192.61,2,192.57,4,192.54,2,192.53,2,192.52,2,192.5,3,192.49,1,192.44,2,192.43,1,192.68,3,192.69,2,192.7,1,192.71,1,192.72,1,192.75,1,192.76,1,192.77,4,192.79,1,192.8,1
2025-04-10 09:35:07,192.63,192.63,1,192.59,1,192.67,2,192.67,192.59,192.59,1,192.58,2,192.53,2,192.52,2,192.51,1,192.5,3,192.49,1,192.44,2,192.43,1,192.42,1,192.67,2,192.68,3,192.69,2,192.7,1,192.71,1,192.72,1,192.75,1,192.76,1,192.77,4,192.79,1
2025-04-10 09:35:08,192.45,192.49,1,192.42,2,192.48,1,192.48,192.42,192.42,2,192.41,4,192.39,2,192.38,5,192.36,2,192.35,1,192.31,2,192.3,3,192.27,3,192.26,2,192.48,1,192.49,1,192.5,10,192.53,2,192.56,1,192.57,4,192.58,3,192.61,4,192.62,1,192.63,1
2025-04-10 09:35:09,192.475,192.48,1,192.43,4,192.52,2,192.52,192.43,192.43,4,192.42,2,192.41,4,192.39,2,192.38,5,192.36,2,192.35,1,192.31,2,192.3,3,192.27,3,192.52,2,192.57,4,192.58,3,192.61,4,192.62,1,192.63,1,192.67,4,192.68,3,192.69,2,192.7,1
2025-04-10 09:35:10,192.48,192.48,1,192.45,2,192.51,5,192.51,192.45,192.45,2,192.44,1,192.43,5,192.42,2,192.41,4,192.39,2,192.38,5,192.36,2,192.35,1,192.31,2,192.51,5,192.52,2,192.57,4,192.58,3,192.61,4,192.62,1,192.63,1,192.67,4,192.68,3,192.69,2
2025-04-10 09:35:11,192.23,192.26,1,192.21,4,192.25,3,192.25,192.21,192.21,4,192.2,1,192.14,4,192.13,3,192.11,1,192.06,1,192.05,2,192.0,5,191.95,5,191.94,2,192.25,3,192.27,4,192.3,4,192.31,2,192.34,2,192.35,4,192.36,2,192.37,2,192.4,5,192.41,1
2025-04-10 09:35:12,192.255,192.26,1,192.21,2,192.3,1,192.3,192.21,192.21,2,192.2,3,192.19,2,192.18,7,192.16,6,192.14,4,192.13,3,192.11,1,192.06,1,192.05,2,192.3,1,192.31,4,192.34,2,192.35,4,192.36,2,192.37,2,192.4,5,192.41,1,192.42,1,192.44,1
2025-04-10 09:35:13,192.29,192.31,2,192.27,2,192.31,4,192.31,192.27,192.27,2,192.26,2,192.25,3,192.21,3,192.2,3,192.19,2,192.18,7,192.16,6,192.14,4,192.13,3,192.31,4,192.34,2,192.35,4,192.36,2,192.37,2,192.4,5,192.41,1,192.42,1,192.44,1,192.45,5
2025-04-10 09:35:14,192.105,192.12,1,192.06,2,192.15,1,192.15,192.06,192.06,2,192.05,1,192.04,1,192.0,5,191.95,5,191.94,2,191.9,5,191.89,1,191.86,4,191.8,1,192.15,1,192.18,2,192.19,1,192.21,5,192.22,3,192.23,2,192.24,1,192.25,1,192.28,1,192.29,3
2025-04-10 09:35:15,192.105,192.1,1,192.06,2,192.15,9,192.15,192.06,192.06,2,192.05,3,192.04,2,192.0,5,191.95,5,191.94,2,191.9,5,191.89,1,191.86,4,191.8,1,192.15,9,192.18,2,192.19,1,192.21,5,192.22,3,192.23,2,192.24,1,192.25,1,192.28,1,192.29,3
2025-04-10 09:35:16,191.955,191.97,1,191.9,4,192.01,1,192.01,191.9,191.9,4,191.89,1,191.86,4,191.8,1,191.79,2,191.75,2,191.71,7,191.67,3,191.66,3,191.63,2,192.01,1,192.02,1,192.09,6,192.1,1,192.14,4,192.15,9,192.18,2,192.19,1,192.21,5,192.22,3
2025-04-10 09:35:17,191.925,191.91,1,191.88,3,191.97,1,191.97,191.88,191.88,3,191.86,4,191.8,1,191.79,2,191.75,2,191.71,7,191.67,3,191.66,3,191.63,2,191.57,3,191.97,1,191.98,1,192.01,2,192.02,1,192.09,6,192.1,1,192.14,4,192.15,9,192.18,2,192.19,1
2025-04-10 09:35:18,191.945,191.94,1,191.92,2,191.97,2,191.97,191.92,191.92,2,191.91,5,191.9,3,191.89,5,191.88,3,191.86,4,191.8,1,191.79,2,191.75,2,191.71,7,191.97,2,191.99,5,192.01,2,192.02,1,192.09,6,192.1,1,192.14,4,192.15,9,192.18,2,192.19,1
2025-04-10 09:35:19,191.77,191.78,1,191.75,1,191.79,1,191.79,191.75,191.75,1,191.71,4,191.67,13,191.66,3,191.63,2,191.57,3,191.53,3,191.51,4,191.5,1,191.49,1,191.79,1,191.82,1,191.84,1,191.85,1,191.86,1,191.87,2,191.9,2,191.91,3,191.93,1,192.0,2
2025-04-10 09:35:20,191.76,191.76,1,191.71,8,191.81,1,191.81,191.71,191.71,8,191.67,14,191.66,3,191.63,2,191.57,3,191.53,3,191.51,4,191.5,1,191.49,1,191.46,2,191.81,1,191.83,2,191.87,2,191.9,2,191.91,3,191.93,1,192.0,2,192.01,3,192.02,1,192.09,6
2025-04-10 09:35:21,191.605,191.63,1,191.58,2,191.64,1,191.64,191.58,191.58,1,191.57,4,191.53,3,191.51,4,191.5,1,191.49,1,191.46,2,191.44,3,191.41,2,191.4,3,191.63,2,191.64,2,191.65,1,191.67,2,191.68,1,191.69,1,191.72,3,191.73,2,191.75,2,191.8,2
2025-04-10 09:35:22,191.695,191.7,1,191.66,3,191.73,3,191.73,191.66,191.66,3,191.65,3,191.64,5,191.58,4,191.57,4,191.53,3,191.51,4,191.5,1,191.49,1,191.46,2,191.73,3,191.74,1,191.75,2,191.8,2,191.81,1,191.85,2,191.86,3,191.87,2,191.9,2,191.91,3
2025-04-10 09:35:23,191.765,191.78,2,191.71,3,191.82,3,191.82,191.71,191.71,3,191.7,6,191.69,2,191.68,1,191.66,3,191.65,3,191.64,5,191.58,4,191.57,4,191.53,3,191.82,3,191.85,2,191.86,3,191.87,2,191.9,2,191.91,3,191.93,1,192.0,2,192.01,3,192.02,1
2025-04-10 09:35:24,191.83,191.83,2,191.8,1,191.86,9,191.86,191.8,191.8,1,191.77,1,191.76,1,191.71,3,191.7,6,191.69,2,191.68,1,191.66,3,191.65,3,191.64,5,191.86,9,191.87,2,191.9,2,191.91,3,191.93,1,192.0,2,192.01,3,192.02,1,192.09,6,192.1,1
2025-04-10 09:35:25,191.96,191.95,1,191.92,2,192.0,1,192.0,191.92,191.92,2,191.9,2,191.89,1,191.88,1,191.86,3,191.85,2,191.8,4,191.79,1,191.77,1,191.76,1,192.0,1,192.03,2,192.09,6,192.1,1,192.14,4,192.15,9,192.18,2,192.19,1,192.21,5,192.22,3
2025-04-10 09:35:26,191.98,191.94,1,191.94,2,192.02,1,192.02,191.94,191.94,2,191.93,2,191.84,1,191.83,2,191.8,5,191.79,1,191.77,1,191.76,1,191.71,3,191.7,6,192.02,1,192.05,1,192.09,6,192.1,1,192.14,4,192.15,9,192.18,2,192.19,1,192.21,5,192.22,3
2025-04-10 09:35:27,191.895,191.9,1,191.86,4,191.94,3,191.94,191.86,191.85,1,191.83,1,191.8,5,191.79,1,191.77,1,191.76,1,191.71,3,191.7,6,191.69,2,191.68,1,191.94,1,191.95,2,191.96,2,191.97,2,192.01,1,192.02,1,192.05,1,192.09,6,192.1,1,192.14,4
2025-04-10 09:35:28,191.825,191.84,1,191.8,7,191.85,3,191.85,191.8,191.8,7,191.79,1,191.77,1,191.76,1,191.71,3,191.7,6,191.69,2,191.68,1,191.66,3,191.65,3,191.85,3,191.88,2,191.93,3,191.94,3,191.95,2,191.96,2,191.97,2,192.01,1,192.02,1,192.05,1
2025-04-10 09:35:29,191.81,191.84,1,191.77,2,191.85,1,191.85,191.77,191.77,2,191.76,4,191.71,3,191.7,6,191.69,2,191.68,1,191.66,3,191.65,3,191.64,5,191.58,4,191.85,1,191.87,3,191.88,3,191.93,3,191.94,3,191.95,2,191.96,2,191.97,2,192.01,1,192.02,1
2025-04-10 09:35:30,191.99,192.0,2,191.98,1,192.0,1,192.02,191.98,191.98,1,191.93,1,191.91,2,191.88,3,191.87,1,191.86,2,191.84,1,191.83,1,191.82,1,191.81,3,192.0,1,192.01,1,192.02,1,192.05,1,192.09,6,192.1,1,192.14,4,192.15,9,192.18,2,192.19,1
2025-04-10 09:35:31,192.035,192.04,1,192.01,3,192.06,1,192.06,192.01,192.01,3,191.97,1,191.96,2,191.95,1,191.91,3,191.88,3,191.87,1,191.86,2,191.84,1,191.83,1,192.06,1,192.07,2,192.08,2,192.09,6,192.1,1,192.14,4,192.15,9,192.18,2,192.19,1,192.21,5
2025-04-10 09:35:32,192.085,192.09,3,192.06,1,192.11,3,192.11,192.06,192.06,1,192.05,1,192.02,2,192.01,3,191.97,1,191.96,2,191.95,1,191.91,3,191.88,3,191.87,1,192.11,3,192.12,4,192.15,25,192.18,2,192.19,1,192.21,5,192.22,3,192.23,2,192.24,1,192.25,1
2025-04-10 09:35:33,192.255,192.25,1,192.18,2,192.33,1,192.33,192.18,192.18,2,192.17,1,192.15,2,192.14,1,192.13,3,192.1,1,192.08,1,192.07,1,192.03,1,192.02,1,192.33,1,192.34,2,192.35,4,192.36,2,192.37,2,192.4,5,192.41,1,192.42,1,192.44,1,192.45,5
2025-04-10 09:35:34,192.215,192.24,1,192.19,1,192.24,1,192.24,192.19,192.19,1,192.15,3,192.14,1,192.13,3,192.1,1,192.08,1,192.07,1,192.03,1,192.02,1,192.01,3,192.24,1,192.33,1,192.34,2,192.35,4,192.36,2,192.37,2,192.4,5,192.41,1,192.42,1,192.44,1
2025-04-10 09:35:35,192.29,192.29,1,192.25,1,192.33,4,192.33,192.25,192.25,1,192.24,3,192.2,3,192.19,3,192.15,3,192.14,1,192.13,3,192.1,1,192.08,1,192.07,1,192.33,4,192.34,2,192.35,4,192.36,2,192.37,2,192.4,5,192.41,1,192.42,1,192.44,1,192.45,5
2025-04-10 09:35:36,192.45,192.35,2,192.42,1,192.49,4,192.49,192.42,192.41,1,192.36,1,192.35,1,192.31,1,192.3,2,192.29,2,192.25,3,192.24,3,192.2,3,192.19,3,192.49,4,192.5,1,192.51,5,192.52,2,192.57,4,192.58,3,192.61,4,192.62,1,192.63,1,192.67,4
2025-04-10 09:35:37,192.4,192.4,5,192.35,1,192.45,4,192.45,192.35,192.35,1,192.34,2,192.31,1,192.3,2,192.29,2,192.25,3,192.24,3,192.2,3,192.19,3,192.15,3,192.45,4,192.46,1,192.47,1,192.48,2,192.49,4,192.5,1,192.51,5,192.52,2,192.57,4,192.58,3
2025-04-10 09:35:38,192.41,192.46,1,192.35,5,192.47,1,192.47,192.35,192.35,5,192.34,2,192.31,1,192.3,2,192.29,2,192.25,3,192.24,3,192.2,3,192.19,3,192.15,3,192.47,1,192.48,3,192.49,4,192.5,1,192.51,5,192.52,2,192.57,4,192.58,3,192.61,4,192.62,1
2025-04-10 09:35:39,192.44,192.42,10,192.41,1,192.48,2,192.48,192.41,192.4,1,192.35,3,192.34,2,192.31,1,192.3,2,192.29,2,192.25,3,192.24,3,192.2,3,192.19,3,192.48,2,192.49,4,192.5,1,192.51,5,192.52,2,192.57,4,192.58,3,192.61,4,192.62,1,192.63,1
2025-04-10 09:35:40,192.415,192.43,1,192.38,2,192.45,2,192.45,192.38,192.38,2,192.37,1,192.35,2,192.33,3,192.31,1,192.3,2,192.29,2,192.25,3,192.24,3,192.2,3,192.45,2,192.48,3,192.49,4,192.5,1,192.51,5,192.52,2,192.57,4,192.58,3,192.61,4,192.62,1
2025-04-10 09:35:41,192.21,192.23,1,192.16,2,192.26,3,192.26,192.16,192.16,2,192.15,3,192.14,1,192.13,3,192.1,1,192.08,1,192.07,1,192.03,1,192.02,1,192.01,3,192.26,3,192.27,2,192.28,3,192.3,2,192.32,2,192.33,3,192.38,3,192.39,3,192.4,1,192.41,1
2025-04-10 09:35:42,192.295,192.3,1,192.21,3,192.38,4,192.38,192.21,192.21,3,192.17,2,192.16,2,192.15,3,192.14,1,192.13,3,192.1,1,192.08,1,192.07,1,192.03,1,192.38,4,192.39,3,192.4,1,192.41,1,192.45,1,192.47,1,192.48,3,192.49,4,192.5,1,192.51,5
2025-04-10 09:35:43,192.27,192.27,2,192.23,2,192.31,1,192.31,192.23,192.23,2,192.21,3,192.17,2,192.16,2,192.15,3,192.14,1,192.13,3,192.1,1,192.08,1,192.07,1,192.31,1,192.34,5,192.38,4,192.39,3,192.4,1,192.41,1,192.45,1,192.47,1,192.48,3,192.49,4
2025-04-10 09:35:44,192.275,192.28,2,192.23,3,192.32,6,192.32,192.23,192.23,3,192.21,4,192.17,2,192.16,2,192.15,3,192.14,1,192.13,3,192.1,1,192.08,1,192.07,1,192.32,6,192.34,5,192.38,4,192.39,3,192.4,1,192.41,1,192.45,1,192.47,1,192.48,3,192.49,4
2025-04-10 09:35:45,192.205,192.22,1,192.17,3,192.24,4,192.24,192.17,192.17,3,192.16,2,192.15,3,192.14,1,192.13,3,192.1,1,192.08,1,192.07,1,192.03,1,192.02,1,192.24,4,192.26,2,192.28,3,192.32,6,192.34,5,192.38,4,192.39,3,192.4,1,192.41,1,192.45,1
2025-04-10 09:35:46,192.31,192.25,1,192.28,3,192.34,8,192.34,192.28,192.28,3,192.25,1,192.23,1,192.22,3,192.21,1,192.2,4,192.17,4,192.16,6,192.15,3,192.14,1,192.34,8,192.38,4,192.39,3,192.4,1,192.41,1,192.45,1,192.47,1,192.48,3,192.49,4,192.5,1
2025-04-10 09:35:47,192.175,192.18,1,192.1,4,192.25,4,192.25,192.1,192.1,4,192.09,1,192.06,1,192.05,2,192.03,1,192.02,1,192.01,3,191.97,1,191.96,2,191.95,1,192.25,4,192.28,2,192.29,1,192.32,4,192.34,8,192.38,4,192.39,3,192.4,1,192.41,1,192.45,1
2025-04-10 09:35:48,192.185,192.24,1,192.12,4,192.25,4,192.25,192.12,192.12,4,192.08,2,192.06,1,192.05,2,192.03,1,192.02,1,192.01,3,191.97,1,191.96,2,191.95,1,192.25,4,192.28,2,192.29,1,192.32,4,192.34,8,192.38,4,192.39,3,192.4,1,192.41,1,192.45,1
2025-04-10 09:35:49,192.365,192.38,1,192.35,4,192.38,3,192.38,192.35,192.35,4,192.33,4,192.32,4,192.31,2,192.3,4,192.29,1,192.28,3,192.26,2,192.25,1,192.23,1,192.38,3,192.39,3,192.4,1,192.41,1,192.45,1,192.47,1,192.48,3,192.49,4,192.5,1,192.51,5
2025-04-10 09:35:50,192.32,192.34,1,192.28,2,192.36,2,192.36,192.28,192.28,2,192.27,1,192.26,2,192.25,1,192.23,1,192.22,6,192.16,1,192.15,3,192.14,1,192.12,7,192.36,2,192.39,1,192.4,2,192.42,1,192.44,1,192.46,4,192.47,1,192.48,3,192.49,4,192.5,1
2025-04-10 09:35:51,192.325,192.35,1,192.29,4,192.36,2,192.36,192.29,192.29,4,192.28,4,192.27,1,192.26,1,192.25,4,192.23,1,192.22,6,192.16,1,192.15,3,192.14,1,192.36,2,192.37,1,192.4,1,192.42,3,192.44,1,192.46,4,192.47,1,192.48,3,192.49,4,192.5,1
2025-04-10 09:35:52,192.385,192.38,1,192.35,2,192.42,2,192.42,192.35,192.35,2,192.34,3,192.33,2,192.32,2,192.3,2,192.29,2,192.27,3,192.26,1,192.25,4,192.23,1,192.42,2,192.44,1,192.46,4,192.47,1,192.48,3,192.49,4,192.5,1,192.51,5,192.52,2,192.57,4
2025-04-10 09:35:53,192.395,192.39,1,192.35,1,192.44,3,192.44,192.35,192.35,1,192.33,1,192.3,4,192.29,2,192.27,3,192.26,1,192.25,4,192.23,1,192.22,6,192.16,1,192.44,3,192.46,4,192.47,1,192.48,3,192.49,4,192.5,1,192.51,5,192.52,2,192.57,4,192.58,3
2025-04-10 09:35:54,192.35,192.38,2,192.32,6,192.38,2,192.38,192.32,192.32,6,192.3,5,192.29,2,192.27,3,192.26,1,192.25,4,192.23,1,192.22,6,192.16,1,192.15,3,192.38,2,192.4,4,192.42,3,192.43,3,192.44,4,192.46,4,192.47,1,192.48,3,192.49,4,192.5,1
2025-04-10 09:35:55,192.34,192.36,1,192.32,5,192.36,7,192.36,192.32,192.32,5,192.3,5,192.29,2,192.27,3,192.26,1,192.25,4,192.23,1,192.22,6,192.16,1,192.15,3,192.36,7,192.4,4,192.42,3,192.43,3,192.44,4,192.46,4,192.47,1,192.48,3,192.49,4,192.5,1
2025-04-10 09:35:56,192.43,192.45,1,192.41,3,192.45,3,192.45,192.41,192.41,3,192.4,1,192.39,1,192.35,2,192.34,1,192.32,5,192.3,5,192.29,2,192.27,3,192.26,1,192.45,3,192.47,2,192.48,3,192.49,4,192.5,1,192.51,5,192.52,2,192.57,4,192.58,3,192.61,4
2025-04-10 09:35:57,192.465,192.5,1,192.43,2,192.5,32,192.5,192.43,192.43,2,192.42,2,192.41,2,192.4,1,192.39,1,192.35,2,192.34,1,192.32,5,192.3,5,192.29,2,192.5,32,192.51,5,192.52,2,192.57,4,192.58,3,192.61,4,192.62,1,192.63,1,192.67,4,192.68,3
2025-04-10 09:35:58,192.36,192.41,1,192.32,1,192.4,3,192.4,192.32,192.32,1,192.31,1,192.3,5,192.29,2,192.27,3,192.26,1,192.25,4,192.23,1,192.22,6,192.16,1,192.4,3,192.41,5,192.44,1,192.48,2,192.5,1,192.52,11,192.57,4,192.58,3,192.61,4,192.62,1
2025-04-10 09:35:59,192.355,192.35,1,192.32,1,192.39,1,192.39,192.32,192.32,1,192.29,1,192.27,3,192.26,1,192.25,4,192.23,1,192.22,6,192.16,1,192.15,3,192.14,1,192.39,1,192.4,6,192.41,5,192.44,1,192.48,2,192.5,1,192.52,11,192.57,4,192.58,3,192.61,4
2025-04-10 09:36:00,192.405,192.4,1,192.37,1,192.44,5,192.44,192.37,192.37,1,192.35,1,192.34,2,192.33,1,192.32,2,192.29,1,192.27,3,192.26,1,192.25,4,192.23,1,192.44,5,192.47,2,192.48,1,192.49,2,192.5,4,192.52,11,192.57,4,192.58,3,192.61,4,192.62,1
2025-04-10 09:36:01,192.44,192.45,1,192.4,2,192.48,3,192.48,192.4,192.4,2,192.39,1,192.37,3,192.35,2,192.34,2,192.33,1,192.32,2,192.29,1,192.27,3,192.26,1,192.48,3,192.5,4,192.52,11,192.57,4,192.58,3,192.61,4,192.62,1,192.63,1,192.67,4,192.68,3
2025-04-10 09:36:02,192.765,192.76,1,192.74,1,192.79,1,192.79,192.74,192.74,1,192.72,4,192.71,2,192.68,4,192.67,3,192.64,3,192.62,1,192.61,2,192.59,4,192.58,2,192.79,1,192.8,6,192.81,4,,,,,,,,,,,,,,
2025-04-10 09:36:03,192.73,192.73,8,192.67,1,192.79,2,192.79,192.67,192.67,1,192.63,1,192.62,1,192.61,3,192.6,1,192.59,4,192.58,2,192.57,1,192.54,4,192.53,2,192.79,2,192.8,6,192.81,4,,,,,,,,,,,,,,
2025-04-10 09:36:04,192.73,192.77,1,192.68,5,192.78,2,192.78,192.68,192.68,5,192.67,3,192.63,1,192.62,1,192.61,3,192.6,1,192.59,4,192.58,2,192.57,1,192.54,4,192.78,2,192.79,5,192.8,6,192.81,4,,,,,,,,,,,,
2025-04-10 09:36:05,192.87,192.88,1,192.86,5,192.88,2,192.88,192.86,192.86,5,192.85,1,192.83,4,192.82,1,192.79,5,192.74,4,192.71,1,192.68,5,192.67,3,192.63,1,192.88,2,192.89,1,192.9,3,,,,,,,,,,,,,,
2025-04-10 09:36:06,192.845,192.85,1,192.82,1,192.87,2,192.87,192.82,192.82,1,192.81,1,192.79,5,192.74,4,192.71,1,192.68,5,192.67,3,192.63,1,192.62,1,192.61,3,192.87,2,192.88,5,192.9,3,,,,,,,,,,,,,,
2025-04-10 09:36:07,192.74,192.75,1,192.68,4,192.8,3,192.8,192.68,192.68,4,192.65,1,192.63,1,192.62,1,192.61,3,192.6,1,192.59,4,192.58,2,192.57,1,192.54,4,192.8,3,192.81,5,192.83,3,192.86,5,192.87,2,192.88,6,192.9,3,,,,,,
2025-04-10 09:36:08,192.735,192.73,1,192.68,4,192.79,2,192.79,192.68,192.68,4,192.65,1,192.63,1,192.62,1,192.61,3,192.6,1,192.59,4,192.58,2,192.57,1,192.54,4,192.79,2,192.81,8,192.83,3,192.86,5,192.87,2,192.88,6,192.9,3,,,,,,
2025-04-10 09:36:09,192.66,192.61,1,192.6,3,192.72,4,192.72,192.6,192.6,3,192.59,6,192.58,1,192.56,4,192.54,1,192.52,3,192.5,5,192.49,3,192.47,1,192.4,3,192.72,4,192.74,4,192.79,2,192.81,8,192.83,3,192.86,5,192.87,2,192.88,6,192.9,3,,
2025-04-10 09:36:10,192.53,192.53,1,192.48,2,192.58,2,192.58,192.48,192.48,2,192.47,1,192.4,3,192.38,1,192.35,2,192.34,2,192.33,1,192.32,2,192.29,1,192.27,3,192.58,2,192.59,1,192.63,4,192.65,3,192.66,2,192.7,2,192.72,4,192.74,4,192.79,2,192.81,8
2025-04-10 09:36:11,192.38,192.37,1,192.35,9,192.41,3,192.41,192.35,192.35,9,192.32,4,192.29,1,192.27,3,192.26,1,192.25,4,192.23,1,192.22,6,192.16,1,192.15,3,192.41,3,192.43,1,192.45,2,192.46,1,192.47,1,192.48,7,192.54,2,192.55,2,192.57,2,192.58,2
2025-04-10 09:36:12,192.405,192.41,10,192.38,2,192.43,3,192.43,192.38,192.38,2,192.3,1,192.29,3,192.28,1,192.27,2,192.26,3,192.25,4,192.23,1,192.22,6,192.16,1,192.43,3,192.45,1,192.46,2,192.47,4,192.48,7,192.54,2,192.55,2,192.57,2,192.58,2,192.59,1
2025-04-10 09:36:13,192.365,192.36,1,192.31,1,192.42,3,192.42,192.31,192.31,1,192.3,3,192.29,5,192.28,1,192.27,2,192.26,3,192.25,4,192.23,1,192.22,6,192.16,1,192.42,3,192.43,2,192.45,2,192.46,2,192.47,4,192.48,7,192.54,2,192.55,2,192.57,2,192.58,2
2025-04-10 09:36:14,192.35,192.38,1,192.31,6,192.39,1,192.39,192.31,192.31,6,192.3,3,192.29,5,192.28,1,192.27,2,192.26,3,192.25,4,192.23,1,192.22,6,192.16,1,192.39,1,192.41,2,192.42,5,192.43,2,192.45,2,192.46,2,192.47,4,192.48,7,192.54,2,192.55,2
2025-04-10 09:36:15,192.345,192.31,1,192.31,1,192.38,2,192.38,192.32,192.31,1,192.26,4,192.25,4,192.23,1,192.22,6,192.16,1,192.15,3,192.14,1,192.12,7,192.08,2,192.38,2,192.41,1,192.42,6,192.43,2,192.45,2,192.46,2,192.47,4,192.48,7,192.54,2,192.55,2
2025-04-10 09:36:16,192.31,192.31,1,192.26,4,192.36,2,192.36,192.26,192.26,4,192.25,4,192.23,1,192.22,6,192.16,1,192.15,3,192.14,1,192.12,7,192.08,2,192.06,1,192.36,2,192.37,2,192.38,2,192.41,1,192.42,6,192.43,2,192.45,2,192.46,2,192.47,4,192.48,7
2025-04-10 09:36:17,192.32,192.32,1,192.28,5,192.36,3,192.36,192.28,192.28,5,192.26,4,192.25,4,192.23,1,192.22,6,192.16,1,192.15,3,192.14,1,192.12,7,192.08,2,192.36,3,192.37,1,192.38,4,192.41,1,192.42,6,192.43,2,192.45,2,192.46,2,192.47,4,192.48,7
2025-04-10 09:36:18,192.32,192.34,2,192.28,4,192.36,3,192.36,192.28,192.28,4,192.26,4,192.25,4,192.23,1,192.22,6,192.16,1,192.15,3,192.14,1,192.12,7,192.08,2,192.36,3,192.38,3,192.41,1,192.42,6,192.43,2,192.45,2,192.46,2,192.47,4,192.48,7,192.54,2
2025-04-10 09:36:19,192.165,192.16,1,192.14,2,192.19,1,192.19,192.14,192.14,2,192.12,7,192.08,2,192.06,1,192.05,2,192.03,1,192.02,1,192.01,3,191.97,1,191.96,2,192.19,1,192.2,1,192.21,4,192.23,1,192.24,2,192.25,1,192.26,2,192.27,2,192.31,4,192.32,3
2025-04-10 09:36:20,192.18,192.18,1,192.13,4,192.23,1,192.23,192.13,192.13,4,192.11,7,192.07,1,192.06,1,192.05,2,192.03,1,192.02,1,192.01,3,191.97,1,191.96,2,192.23,1,192.24,1,192.25,2,192.26,3,192.27,2,192.31,4,192.32,3,192.35,4,192.36,3,192.38,3
2025-04-10 09:36:21,192.29,192.26,8,192.26,1,192.32,4,192.32,192.26,192.26,1,192.24,4,192.23,4,192.2,2,192.19,5,192.18,4,192.17,1,192.14,6,192.11,7,192.07,1,192.32,4,192.35,3,192.36,4,192.38,3,192.41,1,192.42,6,192.43,2,192.45,2,192.46,2,192.47,4
2025-04-10 09:36:22,192.405,192.41,1,192.36,2,192.45,3,192.45,192.36,192.36,2,192.35,1,192.34,2,192.32,3,192.31,5,192.27,2,192.26,3,192.24,4,192.23,4,192.2,2,192.45,3,192.47,2,192.48,9,192.54,2,192.55,2,192.57,2,192.58,2,192.59,1,192.63,4,192.65,3
2025-04-10 09:36:23,192.455,192.46,1,192.4,1,192.51,1,192.51,192.4,192.4,1,192.36,2,192.35,1,192.34,2,192.32,3,192.31,5,192.27,2,192.26,3,192.24,4,192.23,4,192.51,1,192.54,2,192.55,2,192.58,5,192.6,4,192.63,4,192.65,3,192.66,2,192.7,2,192.72,4
2025-04-10 09:36:24,192.44,192.42,3,192.39,1,192.49,3,192.49,192.39,192.39,1,192.36,1,192.33,3,192.3,1,192.28,2,192.26,2,192.24,4,192.23,4,192.2,2,192.19,5,192.49,3,192.5,3,192.51,1,192.54,2,192.55,2,192.58,5,192.6,4,192.63,4,192.65,3,192.66,2
2025-04-10 09:36:25,192.345,192.34,2,192.28,4,192.41,2,192.41,192.28,192.28,4,192.26,2,192.24,4,192.23,4,192.2,2,192.19,5,192.18,4,192.17,1,192.14,6,192.11,7,192.41,2,192.45,1,192.47,1,192.49,3,192.5,3,192.51,1,192.54,2,192.55,2,192.58,5,192.6,4
2025-04-10 09:36:26,192.335,192.37,1,192.28,6,192.39,2,192.39,192.28,192.28,6,192.26,2,192.24,4,192.23,4,192.2,2,192.19,5,192.18,4,192.17,1,192.14,6,192.11,7,192.39,2,192.41,3,192.45,1,192.47,1,192.49,3,192.5,3,192.51,1,192.54,2,192.55,2,192.58,5
2025-04-10 09:36:27,192.51,192.52,1,192.47,3,192.55,4,192.55,192.47,192.47,3,192.44,1,192.42,4,192.37,1,192.36,2,192.34,1,192.29,1,192.28,7,192.26,2,192.24,4,192.55,4,192.58,5,192.6,4,192.63,4,192.65,3,192.66,2,192.7,2,192.72,4,192.74,4,192.79,2
2025-04-10 09:36:28,192.46,192.46,1,192.4,3,192.52,1,192.52,192.4,192.4,3,192.37,1,192.36,2,192.34,1,192.29,1,192.28,7,192.26,2,192.24,4,192.23,4,192.2,2,192.52,1,192.53,5,192.54,3,192.55,4,192.58,5,192.6,4,192.63,4,192.65,3,192.66,2,192.7,2
2025-04-10 09:36:29,192.56,192.53,10,192.53,3,192.59,3,192.59,192.53,192.53,3,192.52,3,192.51,1,192.5,4,192.49,4,192.44,1,192.4,3,192.37,1,192.36,2,192.34,1,192.59,3,192.6,4,192.63,4,192.65,3,192.66,2,192.7,2,192.72,4,192.74,4,192.79,2,192.81,8
2025-04-10 09:36:30,192.455,192.46,2,192.42,5,192.49,4,192.49,192.42,192.42,5,192.4,3,192.37,1,192.36,2,192.34,1,192.29,1,192.28,7,192.26,2,192.24,4,192.23,4,192.49,4,192.5,3,192.52,1,192.53,3,192.55,1,192.56,1,192.58,3,192.59,3,192.6,4,192.63,4
2025-04-10 09:36:31,192.37,192.36,3,192.31,2,192.43,1,192.43,192.31,192.31,2,192.29,2,192.28,15,192.26,2,192.24,4,192.23,4,192.2,2,192.19,5,192.18,4,192.17,1,192.43,1,192.45,7,192.49,6,192.5,3,192.52,1,192.53,3,192.55,1,192.56,1,192.58,3,192.59,3
2025-04-10 09:36:32,192.51,192.51,1,192.47,3,192.55,4,192.55,192.47,192.47,3,192.45,2,192.44,1,192.4,1,192.39,10,192.38,1,192.36,2,192.32,1,192.31,2,192.29,2,192.55,4,192.56,1,192.58,3,192.59,3,192.6,4,192.63,4,192.65,3,192.66,2,192.7,2,192.72,4
2025-04-10 09:36:33,192.51,192.5,3,192.47,5,192.55,7,192.55,192.47,192.47,5,192.45,2,192.44,1,192.4,1,192.39,10,192.38,1,192.36,2,192.32,1,192.31,2,192.29,2,192.55,7,192.56,1,192.58,3,192.59,3,192.6,4,192.63,4,192.65,3,192.66,2,192.7,2,192.72,4
2025-04-10 09:36:34,192.44,192.43,4,192.42,1,192.46,4,192.46,192.42,192.42,1,192.41,1,192.39,11,192.38,1,192.36,2,192.32,1,192.31,2,192.29,2,192.28,15,192.26,2,192.46,4,192.52,2,192.55,8,192.56,1,192.58,3,192.59,3,192.6,4,192.63,4,192.65,3,192.66,2
2025-04-10 09:36:35,192.52,192.47,1,192.47,5,192.57,5,192.57,192.47,192.47,5,192.46,1,192.45,1,192.44,1,192.42,1,192.39,11,192.38,1,192.36,2,192.32,1,192.31,2,192.57,5,192.58,6,192.59,3,192.6,4,192.63,4,192.65,3,192.66,2,192.7,2,192.72,4,192.74,4
2025-04-10 09:36:36,192.53,192.56,2,192.48,2,192.58,5,192.58,192.48,192.48,2,192.47,5,192.46,1,192.45,1,192.44,1,192.42,1,192.39,11,192.38,1,192.36,2,192.32,1,192.58,5,192.59,3,192.6,4,192.63,4,192.65,3,192.66,2,192.7,2,192.72,4,192.74,4,192.79,2
2025-04-10 09:36:37,192.635,192.66,1,192.61,1,192.66,3,192.66,192.61,192.61,1,192.6,3,192.59,2,192.58,1,192.57,5,192.55,2,192.54,2,192.51,3,192.49,2,192.48,2,192.66,3,192.68,3,192.71,2,192.72,4,192.74,4,192.79,2,192.81,8,192.83,3,192.86,5,192.87,2
2025-04-10 09:36:38,192.53,192.57,5,192.48,6,192.58,4,192.58,192.48,192.48,6,192.47,5,192.46,1,192.45,1,192.44,1,192.42,1,192.39,11,192.38,1,192.36,2,192.32,1,192.58,4,192.62,6,192.63,1,192.64,2,192.65,2,192.66,3,192.68,3,192.71,2,192.72,4,192.74,4
2025-04-10 09:36:39,192.6,192.58,1,192.54,3,192.66,5,192.66,192.54,192.54,3,192.51,1,192.48,6,192.47,5,192.46,1,192.45,1,192.44,1,192.42,1,192.39,11,192.38,1,192.66,5,192.68,3,192.71,2,192.72,4,192.74,4,192.79,2,192.81,8,192.83,3,192.86,5,192.87,2
2025-04-10 09:36:40,192.5,192.48,1,192.47,2,192.53,1,192.53,192.47,192.47,2,192.46,1,192.45,1,192.44,1,192.43,2,192.42,1,192.39,11,192.38,1,192.36,2,192.32,1,192.53,1,192.54,4,192.56,2,192.59,1,192.62,1,192.63,3,192.65,1,192.66,5,192.68,3,192.71,2
2025-04-10 09:36:41,192.555,192.59,2,192.51,3,192.6,3,192.6,192.51,192.51,3,192.47,4,192.46,1,192.45,1,192.44,1,192.43,2,192.42,1,192.39,11,192.38,1,192.36,2,192.6,3,192.62,2,192.63,3,192.65,1,192.66,5,192.68,3,192.71,2,192.72,4,192.74,4,192.79,2
2025-04-10 09:36:42,192.55,192.51,1,192.51,3,192.59,2,192.59,192.51,192.51,3,192.47,4,192.46,1,192.45,1,192.44,1,192.43,2,192.42,1,192.39,11,192.38,1,192.36,2,192.59,2,192.6,4,192.62,2,192.63,3,192.65,1,192.66,5,192.68,3,192.71,2,192.72,4,192.74,4
2025-04-10 09:36:43,192.55,192.55,1,192.51,3,192.59,4,192.59,192.51,192.51,3,192.47,4,192.46,1,192.45,1,192.44,1,192.43,2,192.42,1,192.39,11,192.38,1,192.36,2,192.59,4,192.6,4,192.62,2,192.63,3,192.65,1,192.66,5,192.68,3,192.71,2,192.72,4,192.74,4
2025-04-10 09:36:44,192.545,192.54,1,192.5,24,192.59,7,192.59,192.5,192.5,24,192.49,1,192.47,1,192.46,1,192.43,4,192.42,1,192.39,11,192.38,1,192.36,2,192.32,1,192.59,7,192.6,4,192.62,2,192.63,3,192.65,1,192.66,5,192.68,3,192.71,2,192.72,4,192.74,4
2025-04-10 09:36:45,192.535,192.54,1,192.51,5,192.56,5,192.56,192.51,192.51,5,192.5,25,192.49,1,192.47,1,192.46,1,192.43,4,192.42,1,192.39,11,192.38,1,192.36,2,192.56,5,192.62,10,192.63,3,192.65,1,192.66,5,192.68,3,192.71,2,192.72,4,192.74,4,192.79,2
2025-04-10 09:36:46,192.49,192.46,1,192.44,2,192.54,2,192.54,192.44,192.44,2,192.39,6,192.38,3,192.36,1,192.35,2,192.32,1,192.31,2,192.29,2,192.28,15,192.26,2,192.54,2,192.56,5,192.62,10,192.63,3,192.65,1,192.66,5,192.68,3,192.71,2,192.72,4,192.74,4
2025-04-10 09:36:47,192.525,192.56,5,192.48,2,192.57,1,192.57,192.48,192.48,2,192.45,1,192.44,2,192.39,6,192.38,3,192.36,1,192.35,2,192.32,1,192.31,2,192.29,2,192.57,1,192.62,10,192.63,3,192.65,1,192.66,5,192.68,3,192.71,2,192.72,4,192.74,4,192.79,2
2025-04-10 09:36:48,192.63,192.61,1,192.59,1,192.67,5,192.67,192.59,192.59,1,192.57,2,192.54,2,192.52,5,192.5,2,192.45,1,192.44,2,192.39,6,192.38,3,192.36,1,192.67,5,192.68,3,192.71,2,192.72,4,192.74,4,192.79,2,192.81,8,192.83,3,192.86,5,192.87,2
2025-04-10 09:36:49,192.715,192.72,1,192.69,5,192.74,5,192.74,192.69,192.69,5,192.66,4,192.64,6,192.61,4,192.6,2,192.59,3,192.57,2,192.54,2,192.52,5,192.5,2,192.74,5,192.79,2,192.81,8,192.83,3,192.86,5,192.87,2,192.88,6,192.9,3,,,,
2025-04-10 09:36:50,192.7,192.72,1,192.66,2,192.74,5,192.74,192.66,192.66,2,192.63,2,192.61,4,192.6,2,192.59,3,192.57,2,192.54,2,192.52,5,192.5,2,192.45,1,192.74,5,192.77,1,192.79,2,192.81,8,192.83,3,192.86,5,192.87,2,192.88,6,192.9,3,,
2025-04-10 09:36:51,192.765,192.77,1,192.74,2,192.79,7,192.79,192.74,192.74,2,192.72,5,192.71,2,192.68,3,192.66,4,192.65,1,192.63,2,192.61,4,192.6,2,192.59,3,192.79,7,192.81,8,192.83,3,192.86,5,192.87,2,192.88,6,192.9,3,,,,,,
2025-04-10 09:36:52,192.855,192.86,1,192.83,2,192.88,4,192.88,192.83,192.83,2,192.81,5,192.79,5,192.77,1,192.73,1,192.72,2,192.71,7,192.68,3,192.66,4,192.65,1,192.88,4,192.89,1,192.9,4,,,,,,,,,,,,,,
2025-04-10 09:36:53,192.81,192.81,1,192.77,4,192.85,4,192.85,192.77,192.77,4,192.73,1,192.72,2,192.71,7,192.68,3,192.66,4,192.65,1,192.63,2,192.61,4,192.6,2,192.85,4,192.88,4,192.89,1,192.9,4,,,,,,,,,,,,
2025-04-10 09:36:54,192.805,192.81,2,192.77,6,192.84,1,192.84,192.77,192.77,6,192.73,1,192.72,2,192.71,7,192.68,3,192.66,4,192.65,1,192.63,2,192.61,4,192.6,2,192.84,1,192.85,6,192.88,4,192.89,1,192.9,4,,,,,,,,,,
2025-04-10 09:36:55,192.825,192.85,1,192.79,1,192.86,3,192.86,192.79,192.79,1,192.77,6,192.73,1,192.72,2,192.71,7,192.68,3,192.66,4,192.65,1,192.63,2,192.61,4,192.86,3,192.88,4,192.89,1,192.9,4,,,,,,,,,,,,
2025-04-10 09:36:56,192.795,192.8,1,192.77,9,192.82,2,192.82,192.77,192.77,9,192.73,1,192.72,2,192.71,7,192.68,3,192.66,4,192.65,1,192.63,2,192.61,4,192.6,2,192.82,2,192.83,3,192.85,4,192.88,7,192.89,1,192.9,4,,,,,,,,
2025-04-10 09:36:57,192.81,192.84,1,192.77,8,192.85,3,192.85,192.77,192.77,8,192.73,1,192.72,2,192.71,7,192.68,3,192.66,4,192.65,1,192.63,2,192.61,4,192.6,2,192.85,3,192.86,3,192.88,6,192.89,1,192.9,4,,,,,,,,,,
2025-04-10 09:36:58,192.81,192.84,1,192.77,9,192.85,1,192.85,192.77,192.77,9,192.73,1,192.72,2,192.71,7,192.68,3,192.66,4,192.65,1,192.63,2,192.61,4,192.6,2,192.85,1,192.86,2,192.88,6,192.89,1,192.9,4,,,,,,,,,,
2025-04-10 09:36:59,192.805,192.81,1,192.78,5,192.83,2,192.83,192.78,192.78,5,192.77,2,192.74,3,192.73,1,192.72,2,192.71,7,192.68,3,192.66,4,192.65,1,192.63,2,192.83,2,192.84,2,192.85,14,192.86,2,192.88,6,192.89,1,192.9,4,,,,,,
2025-04-10 09:37:00,192.79,192.76,1,192.76,3,192.82,3,192.82,192.76,192.76,3,192.75,1,192.74,3,192.73,1,192.72,2,192.71,7,192.68,3,192.66,4,192.65,1,192.63,2,192.82,3,192.83,1,192.85,14,192.86,2,192.88,6,192.89,1,192.9,4,,,,,,
2025-04-10 09:37:01,192.725,192.73,2,192.7,1,192.75,1,192.75,192.7,192.7,1,192.69,2,192.68,3,192.66,4,192.65,1,192.63,2,192.61,4,192.6,2,192.59,3,192.57,2,192.75,1,192.76,1,192.8,5,192.81,1,192.82,3,192.83,1,192.85,14,192.86,2,192.88,6,192.89,1
2025-04-10 09:37:02,192.615,192.64,1,192.59,1,192.64,4,192.64,192.59,192.59,1,192.57,2,192.56,4,192.54,2,192.52,5,192.5,2,192.45,1,192.44,2,192.39,6,192.38,3,192.64,4,192.65,3,192.66,4,192.67,3,192.68,3,192.69,2,192.7,1,192.71,2,192.74,1,192.75,2
2025-04-10 09:37:03,192.64,192.64,1,192.6,1,192.68,5,192.68,192.6,192.6,1,192.59,4,192.58,1,192.57,7,192.56,3,192.54,2,192.52,5,192.5,2,192.45,1,192.44,2,192.68,5,192.69,2,192.7,1,192.71,2,192.74,1,192.75,2,192.76,1,192.78,4,192.79,2,192.8,5
2025-04-10 09:37:04,192.53,192.55,1,192.5,4,192.56,2,192.56,192.5,192.5,4,192.45,1,192.44,2,192.39,6,192.38,3,192.36,1,192.35,2,192.32,1,192.31,2,192.29,2,192.56,2,192.6,8,192.61,1,192.63,3,192.65,65,192.68,6,192.69,2,192.7,1,192.71,2,192.74,1
2025-04-10 09:37:05,192.505,192.51,1,192.47,4,192.54,2,192.54,192.47,192.47,4,192.45,1,192.44,2,192.39,6,192.38,3,192.36,1,192.35,2,192.32,1,192.31,2,192.29,2,192.54,2,192.55,2,192.56,2,192.57,2,192.59,1,192.6,8,192.61,1,192.63,3,192.65,65,192.68,6
2025-04-10 09:37:06,192.505,192.51,1,192.47,6,192.54,1,192.54,192.47,192.47,6,192.45,1,192.44,2,192.39,6,192.38,3,192.36,1,192.35,2,192.32,1,192.31,2,192.29,2,192.54,1,192.55,4,192.56,2,192.57,2,192.59,1,192.6,8,192.61,1,192.63,3,192.65,65,192.68,6
2025-04-10 09:37:07,192.695,192.7,1,192.68,1,192.71,5,192.71,192.68,192.68,1,192.66,3,192.63,2,192.61,1,192.6,2,192.59,1,192.55,1,192.54,1,192.53,1,192.48,3,192.71,5,192.74,1,192.75,2,192.76,1,192.78,4,192.79,2,192.8,5,192.81,1,192.82,3,192.83,1
2025-04-10 09:37:08,192.66,192.66,1,192.63,5,192.69,6,192.69,192.63,192.63,5,192.61,1,192.6,2,192.59,1,192.55,1,192.54,1,192.53,1,192.48,3,192.43,3,192.42,1,192.69,6,192.7,3,192.72,2,192.74,4,192.75,2,192.76,1,192.78,4,192.79,2,192.8,5,192.81,1
2025-04-10 09:37:09,192.605,192.58,2,192.55,1,192.66,5,192.66,192.55,192.55,1,192.54,11,192.53,1,192.48,3,192.43,3,192.42,1,192.41,1,192.39,6,192.38,3,192.36,1,192.66,5,192.69,7,192.7,3,192.72,2,192.74,4,192.75,2,192.76,1,192.78,4,192.79,2,192.8,5
2025-04-10 09:37:10,192.51,192.5,1,192.47,4,192.55,1,192.55,192.47,192.47,4,192.43,3,192.42,1,192.41,1,192.39,6,192.38,3,192.36,1,192.35,2,192.32,1,192.31,2,192.55,1,192.59,1,192.6,4,192.63,1,192.64,1,192.66,5,192.69,7,192.7,3,192.72,2,192.74,4
2025-04-10 09:37:11,192.435,192.43,1,192.4,2,192.47,2,192.47,192.4,192.4,2,192.39,6,192.38,3,192.36,1,192.35,2,192.32,1,192.31,2,192.29,2,192.28,15,192.26,2,192.47,2,192.49,1,192.53,2,192.54,7,192.55,3,192.56,1,192.59,1,192.6,4,192.63,1,192.64,1
2025-04-10 09:37:12,192.305,192.31,10,192.24,3,192.37,1,192.37,192.24,192.24,3,192.23,4,192.2,2,192.19,5,192.18,4,192.17,1,192.14,6,192.11,7,192.07,1,192.06,1,192.37,1,192.38,3,192.39,1,192.41,3,192.42,1,192.45,1,192.46,1,192.47,3,192.48,1,192.49,2
2025-04-10 09:37:13,192.305,192.31,5,192.26,2,192.35,3,192.35,192.26,192.26,2,192.25,1,192.24,3,192.23,4,192.2,2,192.19,5,192.18,4,192.17,1,192.14,6,192.11,7,192.35,3,192.37,2,192.38,2,192.39,3,192.4,4,192.41,3,192.42,1,192.45,1,192.46,1,192.47,3
2025-04-10 09:37:14,192.18,192.16,1,192.15,1,192.21,2,192.21,192.15,192.15,1,192.14,6,192.11,7,192.07,1,192.06,1,192.05,2,192.03,1,192.02,1,192.01,3,191.97,1,192.21,2,192.22,2,192.24,2,192.25,1,192.26,3,192.3,2,192.31,5,192.35,3,192.37,2,192.38,2
2025-04-10 09:37:15,192.13,192.13,1,192.11,6,192.15,3,192.15,192.11,192.11,6,192.07,1,192.06,1,192.05,2,192.03,1,192.02,1,192.01,3,191.97,1,191.96,2,191.95,1,192.15,3,192.17,1,192.18,2,192.19,5,192.2,1,192.22,2,192.25,5,192.26,4,192.3,2,192.31,5
