sim_time,mid_price,last_price,last_size,best_bid_price,best_bid_size,best_ask_price,best_ask_size,close_price_buy,close_price_sell,bid1_price,bid1_size,bid2_price,bid2_size,bid3_price,bid3_size,bid4_price,bid4_size,bid5_price,bid5_size,bid6_price,bid6_size,bid7_price,bid7_size,bid8_price,bid8_size,bid9_price,bid9_size,bid10_price,bid10_size,ask1_price,ask1_size,ask2_price,ask2_size,ask3_price,ask3_size,ask4_price,ask4_size,ask5_price,ask5_size,ask6_price,ask6_size,ask7_price,ask7_size,ask8_price,ask8_size,ask9_price,ask9_size,ask10_price,ask10_size
2025-04-10 09:30:11,287.9,0.0,0,287.0,1,288.8,3,288.8,287.0,287.0,1,,,,,,,,,,,,,,,,,,,288.8,3,,,,,,,,,,,,,,,,,,
2025-04-10 09:30:12,287.9,0.0,0,287.0,1,288.8,3,288.8,287.0,287.0,1,,,,,,,,,,,,,,,,,,,288.8,3,,,,,,,,,,,,,,,,,,
2025-04-10 09:30:14,287.9,0.0,0,287.0,1,288.8,3,288.8,287.0,287.0,1,,,,,,,,,,,,,,,,,,,288.8,3,,,,,,,,,,,,,,,,,,
2025-04-10 09:30:15,287.9,287.9,1,287.0,1,288.8,3,288.8,287.0,287.0,1,,,,,,,,,,,,,,,,,,,288.8,3,,,,,,,,,,,,,,,,,,
2025-04-10 09:30:16,287.9,287.9,1,287.0,1,288.8,3,288.8,287.0,287.0,1,,,,,,,,,,,,,,,,,,,288.8,3,,,,,,,,,,,,,,,,,,
2025-04-10 09:30:17,287.9,287.9,1,287.0,1,288.8,3,288.8,287.0,287.0,1,,,,,,,,,,,,,,,,,,,288.8,3,,,,,,,,,,,,,,,,,,
2025-04-10 09:30:18,287.96,287.9,1,287.12,4,288.8,3,288.8,287.12,287.12,4,287.0,1,,,,,,,,,,,,,,,,,288.8,3,,,,,,,,,,,,,,,,,,
2025-04-10 09:30:19,287.96,287.9,1,287.12,4,288.8,3,288.8,287.12,287.12,4,287.0,1,,,,,,,,,,,,,,,,,288.8,3,,,,,,,,,,,,,,,,,,
2025-04-10 09:30:20,287.96,287.9,1,287.12,4,288.8,3,288.8,287.12,287.12,4,287.0,1,,,,,,,,,,,,,,,,,288.8,3,,,,,,,,,,,,,,,,,,
2025-04-10 09:30:21,287.96,287.9,1,287.12,4,288.8,3,288.8,287.12,287.12,4,287.0,1,,,,,,,,,,,,,,,,,288.8,3,,,,,,,,,,,,,,,,,,
2025-04-10 09:30:22,287.96,287.9,1,287.12,4,288.8,3,288.8,287.12,287.12,4,287.0,1,,,,,,,,,,,,,,,,,288.8,3,,,,,,,,,,,,,,,,,,
2025-04-10 09:30:23,287.96,287.9,1,287.12,4,288.8,3,288.8,287.12,287.12,4,287.0,1,,,,,,,,,,,,,,,,,288.8,3,,,,,,,,,,,,,,,,,,
2025-04-10 09:30:24,287.955,287.9,1,287.11,2,288.8,3,288.8,287.11,287.11,2,287.0,1,,,,,,,,,,,,,,,,,288.8,3,,,,,,,,,,,,,,,,,,
2025-04-10 09:30:25,287.955,287.9,1,287.11,2,288.8,3,288.8,287.11,287.11,2,287.0,1,,,,,,,,,,,,,,,,,288.8,3,,,,,,,,,,,,,,,,,,
2025-04-10 09:30:26,287.955,287.9,1,287.11,2,288.8,3,288.8,287.11,287.11,2,287.0,1,,,,,,,,,,,,,,,,,288.8,3,,,,,,,,,,,,,,,,,,
2025-04-10 09:30:27,287.955,287.9,1,287.11,2,288.8,3,288.8,287.11,287.11,2,287.0,1,,,,,,,,,,,,,,,,,288.8,3,,,,,,,,,,,,,,,,,,
2025-04-10 09:30:28,287.955,287.9,1,287.11,2,288.8,3,288.8,287.11,287.11,2,287.0,1,,,,,,,,,,,,,,,,,288.8,3,,,,,,,,,,,,,,,,,,
2025-04-10 09:30:29,287.955,287.9,1,287.11,2,288.8,3,288.8,287.11,287.11,2,287.0,1,,,,,,,,,,,,,,,,,288.8,3,,,,,,,,,,,,,,,,,,
2025-04-10 09:30:30,287.955,287.9,1,287.11,2,288.8,3,288.8,287.11,287.11,2,287.0,1,,,,,,,,,,,,,,,,,288.8,3,,,,,,,,,,,,,,,,,,
2025-04-10 09:30:31,287.955,287.38,1,287.11,2,288.8,3,288.8,287.11,287.11,2,287.0,1,,,,,,,,,,,,,,,,,288.8,3,,,,,,,,,,,,,,,,,,
2025-04-10 09:30:32,287.955,287.38,1,287.11,2,288.8,3,288.8,287.11,287.11,2,287.0,1,,,,,,,,,,,,,,,,,288.8,3,,,,,,,,,,,,,,,,,,
2025-04-10 09:30:33,287.945,287.38,1,287.09,4,288.8,4,288.8,287.09,287.09,4,287.07,1,287.0,1,,,,,,,,,,,,,,,288.8,4,,,,,,,,,,,,,,,,,,
2025-04-10 09:30:34,287.955,287.38,1,287.11,2,288.8,4,288.8,287.11,287.11,2,287.07,1,287.0,1,,,,,,,,,,,,,,,288.8,4,,,,,,,,,,,,,,,,,,
2025-04-10 09:30:35,287.955,287.38,1,287.11,2,288.8,4,288.8,287.11,287.11,2,287.07,1,287.0,1,,,,,,,,,,,,,,,288.8,4,,,,,,,,,,,,,,,,,,
2025-04-10 09:30:36,287.935,287.38,1,287.07,1,288.8,4,288.8,287.07,287.07,1,287.0,1,,,,,,,,,,,,,,,,,288.8,4,,,,,,,,,,,,,,,,,,
2025-04-10 09:30:37,287.955,287.38,1,287.07,1,288.8,4,288.8,287.07,287.11,2,287.07,1,287.0,1,,,,,,,,,,,,,,,288.8,4,,,,,,,,,,,,,,,,,,
2025-04-10 09:30:38,287.935,287.94,1,287.07,1,288.8,4,288.8,287.07,287.07,1,287.0,1,,,,,,,,,,,,,,,,,288.8,4,,,,,,,,,,,,,,,,,,
2025-04-10 09:30:39,287.935,287.94,1,287.07,1,288.8,4,288.8,287.07,287.07,1,287.0,1,,,,,,,,,,,,,,,,,288.8,4,,,,,,,,,,,,,,,,,,
2025-04-10 09:30:40,287.935,287.94,1,287.07,1,288.8,4,288.8,287.07,287.07,1,287.0,1,,,,,,,,,,,,,,,,,288.8,4,,,,,,,,,,,,,,,,,,
2025-04-10 09:30:41,287.935,287.94,1,287.07,1,288.8,4,288.8,287.07,287.07,1,287.0,1,,,,,,,,,,,,,,,,,288.8,4,,,,,,,,,,,,,,,,,,
2025-04-10 09:30:42,287.935,287.94,1,287.07,1,288.8,4,288.8,287.07,287.07,1,287.0,1,,,,,,,,,,,,,,,,,288.8,4,,,,,,,,,,,,,,,,,,
2025-04-10 09:30:43,287.935,287.94,1,287.07,1,288.8,4,288.8,287.07,287.07,1,287.0,1,,,,,,,,,,,,,,,,,288.8,4,,,,,,,,,,,,,,,,,,
2025-04-10 09:30:44,287.935,287.94,1,287.07,1,288.8,4,288.8,287.07,287.07,1,287.0,1,,,,,,,,,,,,,,,,,288.8,4,,,,,,,,,,,,,,,,,,
2025-04-10 09:30:45,287.935,287.94,1,287.07,1,288.8,4,288.8,287.07,287.07,1,287.0,1,,,,,,,,,,,,,,,,,288.8,4,,,,,,,,,,,,,,,,,,
2025-04-10 09:30:46,287.955,287.94,1,287.11,2,288.8,4,288.8,287.11,287.11,2,287.07,1,287.0,1,,,,,,,,,,,,,,,288.8,4,,,,,,,,,,,,,,,,,,
2025-04-10 09:30:47,287.935,287.94,1,287.07,1,288.8,4,288.8,287.07,287.07,1,287.0,1,,,,,,,,,,,,,,,,,288.8,4,,,,,,,,,,,,,,,,,,
2025-04-10 09:30:48,287.935,287.94,1,287.07,1,288.8,4,288.8,287.07,287.07,1,287.0,1,,,,,,,,,,,,,,,,,288.8,4,,,,,,,,,,,,,,,,,,
2025-04-10 09:30:49,287.935,287.94,1,287.07,1,288.8,4,288.8,287.07,287.07,1,287.0,1,,,,,,,,,,,,,,,,,288.8,4,,,,,,,,,,,,,,,,,,
2025-04-10 09:30:50,287.955,287.94,1,287.11,2,288.8,4,288.8,287.11,287.11,2,287.07,1,287.0,1,,,,,,,,,,,,,,,288.8,4,,,,,,,,,,,,,,,,,,
2025-04-10 09:30:51,287.955,287.95,1,287.11,2,288.8,4,288.8,287.11,287.11,2,287.07,1,287.0,1,,,,,,,,,,,,,,,288.8,4,,,,,,,,,,,,,,,,,,
2025-04-10 09:30:52,287.955,287.95,1,287.11,2,288.8,4,288.8,287.11,287.11,2,287.07,1,287.0,1,,,,,,,,,,,,,,,288.8,4,,,,,,,,,,,,,,,,,,
2025-04-10 09:30:53,287.955,287.28,1,287.11,2,288.8,4,288.8,287.11,287.11,2,287.07,1,287.0,1,,,,,,,,,,,,,,,288.8,4,,,,,,,,,,,,,,,,,,
2025-04-10 09:30:54,287.955,287.28,1,287.11,2,288.8,4,288.8,287.11,287.11,2,287.07,1,287.0,1,,,,,,,,,,,,,,,288.8,4,,,,,,,,,,,,,,,,,,
2025-04-10 09:30:55,287.96,287.28,1,287.12,2,288.8,4,288.8,287.12,287.12,2,287.07,1,287.0,1,,,,,,,,,,,,,,,288.8,4,,,,,,,,,,,,,,,,,,
2025-04-10 09:30:56,287.96,287.28,1,287.12,2,288.8,4,288.8,287.12,287.12,2,287.07,1,287.0,1,,,,,,,,,,,,,,,288.8,4,,,,,,,,,,,,,,,,,,
2025-04-10 09:30:57,287.96,288.52,4,287.12,2,288.8,4,288.8,287.12,287.12,2,287.07,1,287.0,1,,,,,,,,,,,,,,,288.8,4,,,,,,,,,,,,,,,,,,
2025-04-10 09:30:58,287.96,288.52,4,287.12,3,288.8,4,288.8,287.12,287.12,3,287.07,1,287.0,1,,,,,,,,,,,,,,,288.8,4,,,,,,,,,,,,,,,,,,
2025-04-10 09:30:59,287.96,287.12,1,287.12,3,288.8,4,288.8,287.12,287.12,3,287.07,1,287.0,1,,,,,,,,,,,,,,,288.8,4,,,,,,,,,,,,,,,,,,
2025-04-10 09:31:00,287.96,287.12,1,287.12,3,288.8,4,288.8,287.12,287.12,3,287.07,1,287.0,1,,,,,,,,,,,,,,,288.8,4,,,,,,,,,,,,,,,,,,
2025-04-10 09:31:01,287.835,287.12,1,287.12,3,288.55,3,288.55,287.12,287.12,3,287.07,1,287.0,1,,,,,,,,,,,,,,,288.55,3,288.8,4,,,,,,,,,,,,,,,,
2025-04-10 09:31:02,287.835,287.12,1,287.12,3,288.55,3,288.55,287.12,287.12,3,287.07,1,287.0,1,,,,,,,,,,,,,,,288.55,3,288.8,4,,,,,,,,,,,,,,,,
2025-04-10 09:31:03,287.835,287.12,1,287.12,3,288.55,3,288.55,287.12,287.12,3,287.07,1,287.0,1,,,,,,,,,,,,,,,288.55,3,288.8,4,,,,,,,,,,,,,,,,
2025-04-10 09:31:04,287.835,287.12,1,287.12,3,288.55,3,288.55,287.12,287.12,3,287.07,1,287.0,1,,,,,,,,,,,,,,,288.55,3,288.8,4,,,,,,,,,,,,,,,,
2025-04-10 09:31:05,287.835,287.12,1,287.12,3,288.55,3,288.55,287.12,287.12,3,287.07,1,287.0,1,,,,,,,,,,,,,,,288.55,3,288.8,4,,,,,,,,,,,,,,,,
2025-04-10 09:31:06,287.835,287.12,1,287.12,3,288.55,3,288.55,287.12,287.12,3,287.07,1,287.0,1,,,,,,,,,,,,,,,288.55,3,288.8,4,,,,,,,,,,,,,,,,
2025-04-10 09:31:07,287.835,287.12,1,287.12,3,288.55,3,288.55,287.12,287.12,3,287.07,1,287.0,1,,,,,,,,,,,,,,,288.55,3,288.8,4,,,,,,,,,,,,,,,,
2025-04-10 09:31:08,287.835,287.12,1,287.12,3,288.55,3,288.55,287.12,287.12,3,287.07,1,287.0,1,,,,,,,,,,,,,,,288.55,3,288.8,4,,,,,,,,,,,,,,,,
2025-04-10 09:31:09,287.835,287.12,1,287.12,3,288.55,3,288.55,287.12,287.12,3,287.07,1,287.0,1,,,,,,,,,,,,,,,288.55,3,288.8,4,,,,,,,,,,,,,,,,
2025-04-10 09:31:10,287.835,287.12,1,287.12,1,288.55,3,288.55,287.12,287.12,1,287.07,1,287.0,1,,,,,,,,,,,,,,,288.55,3,288.8,4,,,,,,,,,,,,,,,,
2025-04-10 09:31:11,287.835,287.12,1,287.12,1,288.55,3,288.55,287.12,287.12,1,287.07,1,287.0,1,,,,,,,,,,,,,,,288.55,3,288.8,4,,,,,,,,,,,,,,,,
2025-04-10 09:31:12,287.81,287.12,1,287.07,3,288.55,3,288.55,287.07,287.07,3,287.0,1,,,,,,,,,,,,,,,,,288.55,3,288.8,4,,,,,,,,,,,,,,,,
2025-04-10 09:31:13,287.81,287.12,1,287.07,3,288.55,3,288.55,287.07,287.07,3,287.0,1,,,,,,,,,,,,,,,,,288.55,3,288.8,4,,,,,,,,,,,,,,,,
2025-04-10 09:31:14,287.675,287.17,1,287.07,3,288.28,3,288.28,287.07,287.07,3,287.0,1,,,,,,,,,,,,,,,,,288.28,3,288.55,1,288.8,4,,,,,,,,,,,,,,
2025-04-10 09:31:15,287.715,287.17,1,287.15,2,288.28,3,288.28,287.15,287.15,2,287.07,3,287.0,1,,,,,,,,,,,,,,,288.28,3,288.55,1,288.8,4,,,,,,,,,,,,,,
2025-04-10 09:31:16,287.715,287.17,1,287.15,3,288.28,3,288.28,287.15,287.15,3,287.07,3,287.0,1,,,,,,,,,,,,,,,288.28,3,288.55,1,288.8,4,,,,,,,,,,,,,,
2025-04-10 09:31:17,287.715,287.17,1,287.15,3,288.28,3,288.28,287.15,287.15,3,287.07,3,287.0,1,,,,,,,,,,,,,,,288.28,3,288.55,1,288.8,4,,,,,,,,,,,,,,
2025-04-10 09:31:18,287.715,287.17,1,287.15,3,288.28,3,288.28,287.15,287.15,3,287.07,3,287.0,1,,,,,,,,,,,,,,,288.28,3,288.55,1,288.8,4,,,,,,,,,,,,,,
2025-04-10 09:31:19,287.715,287.17,1,287.15,3,288.28,3,288.28,287.15,287.15,3,287.07,3,287.0,1,,,,,,,,,,,,,,,288.28,3,288.55,1,288.8,4,,,,,,,,,,,,,,
2025-04-10 09:31:20,287.715,287.17,1,287.15,3,288.28,3,288.28,287.15,287.15,3,287.07,3,287.0,1,,,,,,,,,,,,,,,288.28,3,288.55,1,288.8,4,,,,,,,,,,,,,,
2025-04-10 09:31:21,287.715,287.17,1,287.15,3,288.28,3,288.28,287.15,287.15,3,287.07,3,287.0,1,,,,,,,,,,,,,,,288.28,3,288.55,1,288.8,4,,,,,,,,,,,,,,
2025-04-10 09:31:22,287.715,287.17,1,287.15,3,288.28,3,288.28,287.15,287.15,3,287.07,3,287.0,1,,,,,,,,,,,,,,,288.28,3,288.55,1,288.8,4,,,,,,,,,,,,,,
2025-04-10 09:31:23,287.715,287.17,1,287.15,3,288.28,3,288.28,287.15,287.15,3,287.07,3,287.0,1,,,,,,,,,,,,,,,288.28,3,288.55,1,288.8,4,,,,,,,,,,,,,,
2025-04-10 09:31:24,287.715,287.71,1,287.15,3,288.28,3,288.28,287.15,287.15,3,287.07,3,287.0,1,,,,,,,,,,,,,,,288.28,3,288.55,1,288.8,4,,,,,,,,,,,,,,
2025-04-10 09:31:25,287.715,287.71,1,287.15,3,288.28,3,288.28,287.15,287.15,3,287.07,3,287.0,1,,,,,,,,,,,,,,,288.28,3,288.55,1,288.8,4,,,,,,,,,,,,,,
2025-04-10 09:31:26,287.715,287.71,1,287.15,3,288.28,3,288.28,287.15,287.15,3,287.07,3,287.0,1,,,,,,,,,,,,,,,288.28,3,288.55,1,288.8,4,,,,,,,,,,,,,,
2025-04-10 09:31:27,287.715,287.71,1,287.15,3,288.28,3,288.28,287.15,287.15,3,287.07,3,287.0,1,,,,,,,,,,,,,,,288.28,3,288.55,1,288.8,4,,,,,,,,,,,,,,
2025-04-10 09:31:28,287.72,287.71,1,287.16,2,288.28,3,288.28,287.16,287.16,2,287.15,1,287.07,3,287.0,1,,,,,,,,,,,,,288.28,3,288.55,1,288.8,4,,,,,,,,,,,,,,
2025-04-10 09:31:29,287.72,287.71,1,287.16,2,288.28,3,288.28,287.16,287.16,2,287.15,1,287.07,3,287.0,1,,,,,,,,,,,,,288.28,3,288.55,1,288.8,4,,,,,,,,,,,,,,
2025-04-10 09:31:30,287.72,287.71,1,287.16,2,288.28,1,288.28,287.16,287.16,2,287.15,1,287.07,3,287.0,1,,,,,,,,,,,,,288.28,1,288.55,1,288.8,4,,,,,,,,,,,,,,
2025-04-10 09:31:31,287.72,287.71,1,287.16,2,288.28,1,288.28,287.16,287.16,2,287.15,1,287.07,3,287.0,1,,,,,,,,,,,,,288.28,1,288.55,1,288.8,4,,,,,,,,,,,,,,
2025-04-10 09:31:32,287.72,287.71,1,287.16,2,288.28,1,288.28,287.16,287.16,2,287.15,1,287.07,3,287.0,1,,,,,,,,,,,,,288.28,1,288.55,1,288.8,4,,,,,,,,,,,,,,
2025-04-10 09:31:33,287.72,287.71,1,287.16,2,288.28,1,288.28,287.16,287.16,2,287.15,1,287.07,3,287.0,1,,,,,,,,,,,,,288.28,1,288.55,1,288.8,4,,,,,,,,,,,,,,
2025-04-10 09:31:34,287.72,287.71,1,287.16,2,288.28,1,288.28,287.16,287.16,2,287.15,1,287.07,3,287.0,1,,,,,,,,,,,,,288.28,1,288.55,1,288.8,4,,,,,,,,,,,,,,
2025-04-10 09:31:35,287.72,287.71,1,287.16,2,288.28,1,288.28,287.16,287.16,2,287.15,1,287.07,3,287.0,1,,,,,,,,,,,,,288.28,1,288.55,1,288.8,4,,,,,,,,,,,,,,
2025-04-10 09:31:36,287.72,287.71,1,287.16,2,288.28,1,288.28,287.16,287.16,2,287.15,1,287.07,3,287.0,1,,,,,,,,,,,,,288.28,1,288.55,1,288.8,4,,,,,,,,,,,,,,
2025-04-10 09:31:37,287.72,287.71,1,287.16,2,288.28,1,288.28,287.16,287.16,2,287.15,1,287.07,3,287.0,1,,,,,,,,,,,,,288.28,1,288.55,1,288.8,4,,,,,,,,,,,,,,
2025-04-10 09:31:38,287.72,287.72,1,287.16,2,288.28,1,288.28,287.16,287.16,2,287.15,1,287.07,3,287.0,1,,,,,,,,,,,,,288.28,1,288.55,1,288.8,4,,,,,,,,,,,,,,
2025-04-10 09:31:39,287.72,287.72,1,287.16,3,288.28,1,288.28,287.16,287.16,3,287.15,1,287.07,3,287.0,1,,,,,,,,,,,,,288.28,1,288.55,1,288.8,4,,,,,,,,,,,,,,
2025-04-10 09:31:40,287.72,287.72,1,287.16,3,288.28,1,288.28,287.16,287.16,3,287.15,1,287.07,3,287.0,1,,,,,,,,,,,,,288.28,1,288.55,1,288.8,4,,,,,,,,,,,,,,
2025-04-10 09:31:41,287.74,287.74,1,287.2,1,288.28,1,288.28,287.2,287.2,1,287.16,3,287.15,1,287.07,3,287.0,1,,,,,,,,,,,288.28,1,288.55,1,288.8,4,,,,,,,,,,,,,,
2025-04-10 09:31:42,287.74,288.28,2,287.2,3,288.28,1,288.28,287.2,287.2,3,287.16,3,287.15,1,287.07,3,287.0,1,,,,,,,,,,,288.28,1,288.55,1,288.8,4,,,,,,,,,,,,,,
2025-04-10 09:31:43,287.74,288.28,2,287.2,3,288.28,1,288.28,287.2,287.2,3,287.16,3,287.15,1,287.07,3,287.0,1,,,,,,,,,,,288.28,1,288.55,1,288.8,4,,,,,,,,,,,,,,
2025-04-10 09:31:44,287.74,288.28,2,287.2,3,288.28,1,288.28,287.2,287.2,3,287.16,3,287.15,1,287.07,3,287.0,1,,,,,,,,,,,288.28,1,288.55,1,288.8,4,,,,,,,,,,,,,,
2025-04-10 09:31:45,287.74,288.28,2,287.2,3,288.28,1,288.28,287.2,287.2,3,287.16,3,287.15,1,287.07,3,287.0,1,,,,,,,,,,,288.28,1,288.55,1,288.8,4,,,,,,,,,,,,,,
2025-04-10 09:31:46,287.74,288.28,2,287.2,3,288.28,1,288.28,287.2,287.2,3,287.16,3,287.15,1,287.07,3,287.0,1,,,,,,,,,,,288.28,1,288.55,1,288.8,4,,,,,,,,,,,,,,
2025-04-10 09:31:47,287.74,288.28,2,287.2,3,288.28,1,288.28,287.2,287.2,3,287.16,3,287.15,1,287.07,3,287.0,1,,,,,,,,,,,288.28,1,288.55,1,288.8,4,,,,,,,,,,,,,,
2025-04-10 09:31:48,287.74,288.28,2,287.2,3,288.28,1,288.28,287.2,287.2,3,287.16,3,287.15,1,287.07,3,287.0,1,,,,,,,,,,,288.28,1,288.55,1,288.8,4,,,,,,,,,,,,,,
2025-04-10 09:31:49,287.74,288.28,2,287.2,3,288.28,1,288.28,287.2,287.2,3,287.16,3,287.15,1,287.07,3,287.0,1,,,,,,,,,,,288.28,1,288.55,1,288.8,4,,,,,,,,,,,,,,
2025-04-10 09:31:50,287.74,288.28,2,287.2,3,288.28,1,288.28,287.2,287.2,3,287.16,3,287.15,1,287.07,3,287.0,1,,,,,,,,,,,288.28,1,288.55,1,288.8,4,,,,,,,,,,,,,,
2025-04-10 09:31:51,287.74,288.28,2,287.2,3,288.28,1,288.28,287.2,287.2,3,287.16,3,287.15,1,287.07,3,287.0,1,,,,,,,,,,,288.28,1,288.55,1,288.8,4,,,,,,,,,,,,,,
2025-04-10 09:31:52,287.74,288.28,2,287.2,3,288.28,1,288.28,287.2,287.2,3,287.16,3,287.15,1,287.07,3,287.0,1,,,,,,,,,,,288.28,1,288.55,1,288.8,4,,,,,,,,,,,,,,
2025-04-10 09:31:53,287.74,288.28,2,287.2,3,288.28,1,288.28,287.2,287.2,3,287.16,3,287.15,1,287.07,3,287.0,1,,,,,,,,,,,288.28,1,288.55,1,288.8,4,,,,,,,,,,,,,,
2025-04-10 09:31:54,287.74,288.28,2,287.2,3,288.28,1,288.28,287.2,287.2,3,287.16,3,287.15,1,287.07,3,287.0,1,,,,,,,,,,,288.28,1,288.55,1,288.8,4,,,,,,,,,,,,,,
2025-04-10 09:31:55,287.74,288.28,2,287.2,3,288.28,1,288.28,287.2,287.2,3,287.16,3,287.15,1,287.07,3,287.0,1,,,,,,,,,,,288.28,1,288.55,1,288.8,4,,,,,,,,,,,,,,
2025-04-10 09:31:56,287.74,288.28,2,287.2,3,288.28,1,288.28,287.2,287.2,3,287.16,3,287.15,1,287.07,3,287.0,1,,,,,,,,,,,288.28,1,288.55,1,288.8,4,,,,,,,,,,,,,,
2025-04-10 09:31:57,287.74,288.28,2,287.2,3,288.28,1,288.28,287.2,287.2,3,287.16,3,287.15,1,287.07,3,287.0,1,,,,,,,,,,,288.28,1,288.55,1,288.8,4,,,,,,,,,,,,,,
2025-04-10 09:31:58,287.74,287.74,1,287.2,3,288.28,1,288.28,287.2,287.2,3,287.16,3,287.15,1,287.07,3,287.0,1,,,,,,,,,,,288.28,1,288.55,1,288.8,4,,,,,,,,,,,,,,
2025-04-10 09:31:59,287.74,287.74,1,287.2,3,288.28,1,288.28,287.2,287.2,3,287.16,3,287.15,1,287.07,3,287.0,1,,,,,,,,,,,288.28,1,288.55,1,288.8,4,,,,,,,,,,,,,,
2025-04-10 09:32:00,287.74,287.74,1,287.2,3,288.28,1,288.28,287.2,287.2,3,287.16,3,287.15,1,287.07,3,287.0,1,,,,,,,,,,,288.28,1,288.55,1,288.8,4,,,,,,,,,,,,,,
2025-04-10 09:32:01,287.74,287.74,1,287.2,3,288.28,1,288.28,287.2,287.2,3,287.16,3,287.15,1,287.07,3,287.0,1,,,,,,,,,,,288.28,1,288.55,1,288.8,4,,,,,,,,,,,,,,
2025-04-10 09:32:02,287.74,287.74,1,287.2,3,288.28,1,288.28,287.2,287.2,3,287.16,3,287.15,1,287.07,3,287.0,1,,,,,,,,,,,288.28,1,288.55,1,288.8,4,,,,,,,,,,,,,,
2025-04-10 09:32:03,287.74,287.56,1,287.2,3,288.28,1,288.28,287.2,287.2,3,287.16,3,287.15,1,287.07,3,287.0,1,,,,,,,,,,,288.28,1,288.55,1,288.8,4,,,,,,,,,,,,,,
2025-04-10 09:32:04,287.74,287.56,1,287.2,3,288.28,1,288.28,287.2,287.2,3,287.16,3,287.15,1,287.07,3,287.0,1,,,,,,,,,,,288.28,1,288.55,1,288.8,4,,,,,,,,,,,,,,
2025-04-10 09:32:05,287.74,287.56,1,287.2,3,288.28,1,288.28,287.2,287.2,3,287.16,3,287.15,1,287.07,3,287.0,1,,,,,,,,,,,288.28,1,288.55,1,288.8,4,,,,,,,,,,,,,,
2025-04-10 09:32:06,287.74,287.56,1,287.2,3,288.28,1,288.28,287.2,287.2,3,287.16,3,287.15,1,287.07,3,287.0,1,,,,,,,,,,,288.28,1,288.55,1,288.8,4,,,,,,,,,,,,,,
2025-04-10 09:32:07,287.74,287.56,1,287.2,3,288.28,1,288.28,287.2,287.2,3,287.16,3,287.15,1,287.07,3,287.0,1,,,,,,,,,,,288.28,1,288.55,1,288.8,4,,,,,,,,,,,,,,
2025-04-10 09:32:08,287.74,287.56,1,287.2,3,288.28,1,288.28,287.2,287.2,3,287.16,3,287.15,1,287.07,3,287.0,1,,,,,,,,,,,288.28,1,288.55,1,288.8,4,,,,,,,,,,,,,,
2025-04-10 09:32:09,287.74,287.56,1,287.2,3,288.28,1,288.28,287.2,287.2,3,287.16,3,287.15,1,287.07,3,287.0,1,,,,,,,,,,,288.28,1,288.55,1,288.8,4,,,,,,,,,,,,,,
2025-04-10 09:32:10,287.74,287.75,1,287.2,3,288.28,1,288.28,287.2,287.2,3,287.16,3,287.15,1,287.07,3,287.0,1,,,,,,,,,,,288.28,1,288.55,1,288.8,4,,,,,,,,,,,,,,
2025-04-10 09:32:11,287.74,287.75,1,287.2,3,288.28,1,288.28,287.2,287.2,3,287.16,3,287.15,1,287.07,3,287.0,1,,,,,,,,,,,288.28,1,288.55,1,288.8,4,,,,,,,,,,,,,,
2025-04-10 09:32:12,287.765,287.75,1,287.2,3,288.33,1,288.33,287.2,287.2,3,287.16,3,287.15,1,287.07,3,287.0,1,,,,,,,,,,,288.33,1,288.55,1,288.8,4,,,,,,,,,,,,,,
2025-04-10 09:32:13,287.765,287.75,1,287.2,3,288.33,1,288.33,287.2,287.2,3,287.16,3,287.15,1,287.07,3,287.0,1,,,,,,,,,,,288.33,1,288.55,1,288.8,4,,,,,,,,,,,,,,
2025-04-10 09:32:14,287.765,287.75,1,287.2,4,288.33,1,288.33,287.2,287.2,4,287.16,3,287.15,1,287.07,3,287.0,1,,,,,,,,,,,288.33,1,288.55,1,288.8,4,,,,,,,,,,,,,,
2025-04-10 09:32:15,287.765,287.75,1,287.2,4,288.33,1,288.33,287.2,287.2,4,287.16,3,287.15,1,287.07,3,287.0,1,,,,,,,,,,,288.33,1,288.55,1,288.8,4,,,,,,,,,,,,,,
2025-04-10 09:32:16,287.765,287.75,1,287.2,4,288.33,1,288.33,287.2,287.2,4,287.16,3,287.15,1,287.07,3,287.0,1,,,,,,,,,,,288.33,1,288.55,1,288.8,4,,,,,,,,,,,,,,
2025-04-10 09:32:17,287.765,287.75,1,287.2,4,288.33,1,288.33,287.2,287.2,4,287.16,3,287.15,1,287.07,3,287.0,1,,,,,,,,,,,288.33,1,288.55,1,288.8,4,,,,,,,,,,,,,,
2025-04-10 09:32:18,287.765,287.75,1,287.2,4,288.33,1,288.33,287.2,287.2,4,287.16,3,287.15,1,287.07,3,287.0,1,,,,,,,,,,,288.33,1,288.55,1,288.8,4,,,,,,,,,,,,,,
2025-04-10 09:32:19,287.765,287.75,1,287.2,4,288.33,1,288.33,287.2,287.2,4,287.16,3,287.15,1,287.07,3,287.0,1,,,,,,,,,,,288.33,1,288.55,1,288.8,4,,,,,,,,,,,,,,
2025-04-10 09:32:20,287.765,287.75,1,287.2,4,288.33,1,288.33,287.2,287.2,4,287.16,3,287.15,1,287.07,3,287.0,1,,,,,,,,,,,288.33,1,288.55,1,288.8,4,,,,,,,,,,,,,,
2025-04-10 09:32:21,287.765,287.75,1,287.2,4,288.33,1,288.33,287.2,287.2,4,287.16,3,287.15,1,287.07,3,287.0,1,,,,,,,,,,,288.33,1,288.55,1,288.8,4,,,,,,,,,,,,,,
2025-04-10 09:32:22,287.765,287.75,1,287.2,4,288.33,1,288.33,287.2,287.2,4,287.16,3,287.15,1,287.07,3,287.0,1,,,,,,,,,,,288.33,1,288.55,1,288.8,4,,,,,,,,,,,,,,
2025-04-10 09:32:23,287.36,287.36,1,287.11,1,287.61,4,287.61,287.11,287.11,1,287.1,1,287.07,3,287.0,1,,,,,,,,,,,,,287.61,4,288.22,2,288.33,1,288.55,1,288.8,4,,,,,,,,,,
2025-04-10 09:32:24,287.36,287.36,1,287.11,1,287.61,4,287.61,287.11,287.11,1,287.1,1,287.07,3,287.0,1,,,,,,,,,,,,,287.61,4,288.22,2,288.33,1,288.55,1,288.8,4,,,,,,,,,,
2025-04-10 09:32:25,287.36,287.36,1,287.11,1,287.61,4,287.61,287.11,287.11,1,287.1,1,287.07,3,287.0,1,,,,,,,,,,,,,287.61,4,288.22,2,288.33,1,288.55,1,288.8,4,,,,,,,,,,
2025-04-10 09:32:26,287.36,287.36,1,287.11,1,287.61,4,287.61,287.11,287.11,1,287.1,1,287.07,3,287.0,1,,,,,,,,,,,,,287.61,4,288.22,2,288.33,1,288.55,1,288.8,4,,,,,,,,,,
2025-04-10 09:32:27,287.36,287.36,1,287.11,1,287.61,4,287.61,287.11,287.11,1,287.1,1,287.07,3,287.0,1,,,,,,,,,,,,,287.61,4,288.22,2,288.33,1,288.55,1,288.8,4,,,,,,,,,,
2025-04-10 09:32:28,287.36,287.36,1,287.11,1,287.61,4,287.61,287.11,287.11,1,287.1,1,287.07,3,287.0,1,,,,,,,,,,,,,287.61,4,288.22,2,288.33,1,288.55,1,288.8,4,,,,,,,,,,
2025-04-10 09:32:29,287.55,287.66,1,287.1,1,288.0,4,288.0,287.1,287.1,1,287.07,3,287.0,1,,,,,,,,,,,,,,,288.0,4,288.22,2,288.33,1,288.55,1,288.8,4,,,,,,,,,,
2025-04-10 09:32:30,287.55,287.6,1,287.1,1,288.0,2,288.0,287.1,287.1,1,287.07,3,287.0,1,,,,,,,,,,,,,,,288.0,2,288.22,2,288.33,1,288.55,1,288.8,4,,,,,,,,,,
2025-04-10 09:32:31,287.55,287.6,1,287.1,1,288.0,2,288.0,287.1,287.1,1,287.07,3,287.0,1,,,,,,,,,,,,,,,288.0,2,288.22,2,288.33,1,288.55,1,288.8,4,,,,,,,,,,
2025-04-10 09:32:32,287.55,287.6,1,287.1,1,288.0,2,288.0,287.1,287.1,1,287.07,3,287.0,1,,,,,,,,,,,,,,,288.0,2,288.22,2,288.33,1,288.55,1,288.8,4,,,,,,,,,,
2025-04-10 09:32:33,287.55,287.6,1,287.1,1,288.0,2,288.0,287.1,287.1,1,287.07,3,287.0,1,,,,,,,,,,,,,,,288.0,2,288.22,2,288.33,1,288.55,1,288.8,4,,,,,,,,,,
2025-04-10 09:32:34,287.55,287.6,1,287.1,1,288.0,2,288.0,287.1,287.1,1,287.07,3,287.0,1,,,,,,,,,,,,,,,288.0,2,288.22,2,288.33,1,288.55,1,288.8,4,,,,,,,,,,
2025-04-10 09:32:35,287.55,287.6,1,287.1,1,288.0,2,288.0,287.1,287.1,1,287.07,3,287.0,1,,,,,,,,,,,,,,,288.0,2,288.22,2,288.33,1,288.55,1,288.8,4,,,,,,,,,,
2025-04-10 09:32:36,287.55,287.6,1,287.1,1,288.0,2,288.0,287.1,287.1,1,287.07,3,287.0,1,,,,,,,,,,,,,,,288.0,2,288.22,2,288.33,1,288.55,1,288.8,4,,,,,,,,,,
2025-04-10 09:32:37,287.55,287.6,1,287.1,1,288.0,2,288.0,287.1,287.1,1,287.07,3,287.0,1,,,,,,,,,,,,,,,288.0,2,288.22,2,288.33,1,288.55,1,288.8,4,,,,,,,,,,
2025-04-10 09:32:38,287.55,287.6,1,287.1,1,288.0,2,288.0,287.1,287.1,1,287.07,3,287.0,1,,,,,,,,,,,,,,,288.0,2,288.22,2,288.33,1,288.55,1,288.8,4,,,,,,,,,,
2025-04-10 09:32:39,287.55,287.6,1,287.1,1,288.0,2,288.0,287.1,287.1,1,287.07,3,287.0,1,,,,,,,,,,,,,,,288.0,2,288.22,2,288.33,1,288.55,1,288.8,4,,,,,,,,,,
2025-04-10 09:32:40,287.545,287.55,1,287.1,1,287.99,2,287.99,287.1,287.1,1,287.07,3,287.0,1,,,,,,,,,,,,,,,287.99,2,288.0,2,288.22,2,288.33,1,288.55,1,288.8,4,,,,,,,,
2025-04-10 09:32:41,287.545,287.55,1,287.1,1,287.99,1,287.99,287.1,287.1,1,287.07,3,287.0,1,,,,,,,,,,,,,,,287.99,1,288.0,2,288.22,2,288.33,1,288.55,1,288.8,4,,,,,,,,
2025-04-10 09:32:42,287.065,286.87,1,286.17,2,287.96,2,287.96,286.17,286.17,2,,,,,,,,,,,,,,,,,,,287.96,2,287.99,1,288.0,2,288.22,2,288.33,1,288.55,1,288.8,4,,,,,,
2025-04-10 09:32:43,287.065,287.07,1,286.17,2,287.96,2,287.96,286.17,286.17,2,,,,,,,,,,,,,,,,,,,287.96,2,287.99,1,288.0,2,288.22,2,288.33,1,288.55,1,288.8,4,,,,,,
2025-04-10 09:32:44,287.085,287.16,1,286.17,2,288.0,3,288.0,286.17,286.17,2,,,,,,,,,,,,,,,,,,,288.0,3,288.22,2,288.33,1,288.55,1,288.8,4,,,,,,,,,,
2025-04-10 09:32:45,287.085,287.16,1,286.17,2,288.0,3,288.0,286.17,286.17,2,,,,,,,,,,,,,,,,,,,288.0,3,288.22,2,288.33,1,288.55,1,288.8,4,,,,,,,,,,
2025-04-10 09:32:46,287.085,287.16,1,286.17,2,288.0,3,288.0,286.17,286.17,2,,,,,,,,,,,,,,,,,,,288.0,3,288.22,2,288.33,1,288.55,1,288.8,4,,,,,,,,,,
2025-04-10 09:32:47,287.085,287.16,1,286.17,2,288.0,3,288.0,286.17,286.17,2,,,,,,,,,,,,,,,,,,,288.0,3,288.22,2,288.33,1,288.55,1,288.8,4,,,,,,,,,,
2025-04-10 09:32:48,287.085,287.16,1,286.17,2,288.0,3,288.0,286.17,286.17,2,,,,,,,,,,,,,,,,,,,288.0,3,288.22,2,288.33,1,288.55,1,288.8,4,,,,,,,,,,
2025-04-10 09:32:49,287.085,287.16,1,286.17,2,288.0,3,288.0,286.17,286.17,2,,,,,,,,,,,,,,,,,,,288.0,3,288.22,2,288.33,1,288.55,1,288.8,4,,,,,,,,,,
2025-04-10 09:32:50,287.085,287.16,1,286.17,2,288.0,3,288.0,286.17,286.17,2,,,,,,,,,,,,,,,,,,,288.0,3,288.22,2,288.33,1,288.55,1,288.8,4,,,,,,,,,,
2025-04-10 09:32:51,287.085,287.16,1,286.17,2,288.0,3,288.0,286.17,286.17,2,,,,,,,,,,,,,,,,,,,288.0,3,288.22,2,288.33,1,288.55,1,288.8,4,,,,,,,,,,
2025-04-10 09:32:52,287.085,287.16,1,286.17,2,288.0,3,288.0,286.17,286.17,2,,,,,,,,,,,,,,,,,,,288.0,3,288.22,2,288.33,1,288.55,1,288.8,4,,,,,,,,,,
2025-04-10 09:32:53,287.085,287.16,1,286.17,2,288.0,3,288.0,286.17,286.17,2,,,,,,,,,,,,,,,,,,,288.0,3,288.22,2,288.33,1,288.55,1,288.8,4,,,,,,,,,,
2025-04-10 09:32:54,287.085,287.16,1,286.17,2,288.0,3,288.0,286.17,286.17,2,,,,,,,,,,,,,,,,,,,288.0,3,288.22,2,288.33,1,288.55,1,288.8,4,,,,,,,,,,
2025-04-10 09:32:55,287.395,286.98,1,286.79,1,288.0,3,288.0,286.79,286.79,1,286.17,2,,,,,,,,,,,,,,,,,288.0,3,288.22,2,288.33,1,288.55,1,288.8,4,,,,,,,,,,
2025-04-10 09:32:56,287.395,286.98,1,286.79,1,288.0,3,288.0,286.79,286.79,1,286.17,2,,,,,,,,,,,,,,,,,288.0,3,288.22,2,288.33,1,288.55,1,288.8,4,,,,,,,,,,
2025-04-10 09:32:57,286.98,286.98,1,286.12,1,287.84,1,287.84,286.12,286.12,1,,,,,,,,,,,,,,,,,,,287.84,1,288.0,3,288.22,2,288.33,1,288.55,1,288.8,4,,,,,,,,
2025-04-10 09:32:58,286.98,286.98,1,286.12,1,287.84,1,287.84,286.12,286.12,1,,,,,,,,,,,,,,,,,,,287.84,1,288.0,3,288.22,2,288.33,1,288.55,1,288.8,4,,,,,,,,
2025-04-10 09:32:59,287.0,286.78,1,286.16,2,287.84,1,287.84,286.16,286.16,2,286.12,1,,,,,,,,,,,,,,,,,287.84,1,288.0,3,288.22,2,288.33,1,288.55,1,288.8,4,,,,,,,,
2025-04-10 09:33:00,287.08,286.78,1,286.16,2,288.0,3,288.0,286.16,286.16,2,286.12,1,,,,,,,,,,,,,,,,,288.0,3,288.22,2,288.33,1,288.55,1,288.8,4,,,,,,,,,,
2025-04-10 09:33:01,287.08,286.78,1,286.16,2,288.0,3,288.0,286.16,286.16,2,286.12,1,,,,,,,,,,,,,,,,,288.0,3,288.22,2,288.33,1,288.55,1,288.8,4,,,,,,,,,,
2025-04-10 09:33:02,287.08,286.78,1,286.16,2,288.0,3,288.0,286.16,286.16,2,286.12,1,,,,,,,,,,,,,,,,,288.0,3,288.22,2,288.33,1,288.55,1,288.8,4,,,,,,,,,,
2025-04-10 09:33:03,287.08,286.78,1,286.16,2,288.0,3,288.0,286.16,286.16,2,286.12,1,,,,,,,,,,,,,,,,,288.0,3,288.22,2,288.33,1,288.55,1,288.8,4,,,,,,,,,,
2025-04-10 09:33:04,287.08,286.78,1,286.16,2,288.0,3,288.0,286.16,286.16,2,286.12,1,,,,,,,,,,,,,,,,,288.0,3,288.22,2,288.33,1,288.55,1,288.8,4,,,,,,,,,,
2025-04-10 09:33:05,287.08,286.78,1,286.16,2,288.0,3,288.0,286.16,286.16,2,286.12,1,,,,,,,,,,,,,,,,,288.0,3,288.22,2,288.33,1,288.55,1,288.8,4,,,,,,,,,,
2025-04-10 09:33:06,287.08,286.78,1,286.16,2,288.0,3,288.0,286.16,286.16,2,286.12,1,,,,,,,,,,,,,,,,,288.0,3,288.22,2,288.33,1,288.55,1,288.8,4,,,,,,,,,,
2025-04-10 09:33:07,287.08,286.78,1,286.16,2,288.0,3,288.0,286.16,286.16,2,286.12,1,,,,,,,,,,,,,,,,,288.0,3,288.22,2,288.33,1,288.55,1,288.8,4,,,,,,,,,,
2025-04-10 09:33:08,287.08,286.78,1,286.16,2,288.0,3,288.0,286.16,286.16,2,286.12,1,,,,,,,,,,,,,,,,,288.0,3,288.22,2,288.33,1,288.55,1,288.8,4,,,,,,,,,,
2025-04-10 09:33:09,287.08,286.78,1,286.16,2,288.0,3,288.0,286.16,286.16,2,286.12,1,,,,,,,,,,,,,,,,,288.0,3,288.22,2,288.33,1,288.55,1,288.8,4,,,,,,,,,,
2025-04-10 09:33:10,287.06,286.78,1,286.12,1,288.0,3,288.0,286.12,286.12,1,,,,,,,,,,,,,,,,,,,288.0,3,288.22,2,288.33,1,288.55,1,288.8,4,,,,,,,,,,
2025-04-10 09:33:11,287.06,286.78,1,286.12,1,288.0,3,288.0,286.12,286.12,1,,,,,,,,,,,,,,,,,,,288.0,3,288.22,2,288.33,1,288.55,1,288.8,4,,,,,,,,,,
2025-04-10 09:33:12,287.06,286.78,1,286.12,1,288.0,3,288.0,286.12,286.12,1,,,,,,,,,,,,,,,,,,,288.0,3,288.22,2,288.33,1,288.55,1,288.8,4,,,,,,,,,,
2025-04-10 09:33:13,287.06,286.78,1,286.12,1,288.0,3,288.0,286.12,286.12,1,,,,,,,,,,,,,,,,,,,288.0,3,288.22,2,288.33,1,288.55,1,288.8,4,,,,,,,,,,
2025-04-10 09:33:14,287.06,286.78,1,286.12,1,288.0,3,288.0,286.12,286.12,1,,,,,,,,,,,,,,,,,,,288.0,3,288.22,2,288.33,1,288.55,1,288.8,4,,,,,,,,,,
2025-04-10 09:33:15,287.06,286.78,1,286.12,1,288.0,3,288.0,286.12,286.12,1,,,,,,,,,,,,,,,,,,,288.0,3,288.22,2,288.33,1,288.55,1,288.8,4,,,,,,,,,,
2025-04-10 09:33:16,287.085,286.78,1,286.17,1,288.0,4,288.0,286.17,286.17,1,286.12,1,,,,,,,,,,,,,,,,,288.0,4,288.22,2,288.33,1,288.55,1,288.8,4,,,,,,,,,,
2025-04-10 09:33:17,287.08,287.08,1,286.16,1,288.0,4,288.0,286.16,286.16,1,286.12,1,,,,,,,,,,,,,,,,,288.0,4,288.22,2,288.33,1,288.55,1,288.8,4,,,,,,,,,,
2025-04-10 09:33:18,287.08,287.08,1,286.16,1,288.0,4,288.0,286.16,286.16,1,286.12,1,,,,,,,,,,,,,,,,,288.0,4,288.22,2,288.33,1,288.55,1,288.8,4,,,,,,,,,,
2025-04-10 09:33:19,287.11,287.08,1,286.22,2,288.0,4,288.0,286.22,286.22,2,286.16,1,286.12,1,,,,,,,,,,,,,,,288.0,4,288.22,2,288.33,1,288.55,1,288.8,4,,,,,,,,,,
2025-04-10 09:33:20,287.365,287.11,1,286.73,1,288.0,4,288.0,286.73,286.73,1,286.22,2,286.16,1,286.12,1,,,,,,,,,,,,,288.0,4,288.22,2,288.33,1,288.55,1,288.8,4,,,,,,,,,,
2025-04-10 09:33:21,287.365,287.11,1,286.73,1,288.0,4,288.0,286.73,286.73,1,286.22,2,286.16,1,286.12,1,,,,,,,,,,,,,288.0,4,288.22,2,288.33,1,288.55,1,288.8,4,,,,,,,,,,
2025-04-10 09:33:22,287.365,287.11,1,286.73,1,288.0,4,288.0,286.73,286.73,1,286.22,2,286.16,1,286.12,1,,,,,,,,,,,,,288.0,4,288.22,2,288.33,1,288.55,1,288.8,4,,,,,,,,,,
2025-04-10 09:33:23,287.365,287.11,1,286.73,1,288.0,4,288.0,286.73,286.73,1,286.22,2,286.16,1,286.12,1,,,,,,,,,,,,,288.0,4,288.22,2,288.33,1,288.55,1,288.8,4,,,,,,,,,,
2025-04-10 09:33:24,287.365,287.11,1,286.73,1,288.0,4,288.0,286.73,286.73,1,286.22,2,286.16,1,286.12,1,,,,,,,,,,,,,288.0,4,288.22,2,288.33,1,288.55,1,288.8,4,,,,,,,,,,
2025-04-10 09:33:25,287.365,287.11,1,286.73,1,288.0,4,288.0,286.73,286.73,1,286.22,2,286.16,1,286.12,1,,,,,,,,,,,,,288.0,4,288.22,2,288.33,1,288.55,1,288.8,4,,,,,,,,,,
2025-04-10 09:33:26,287.365,287.11,1,286.73,1,288.0,4,288.0,286.73,286.73,1,286.22,2,286.16,1,286.12,1,,,,,,,,,,,,,288.0,4,288.22,2,288.33,1,288.55,1,288.8,4,,,,,,,,,,
2025-04-10 09:33:27,287.68,287.89,1,286.97,1,288.39,2,288.39,286.97,286.97,1,286.73,1,286.22,2,286.16,1,286.12,1,,,,,,,,,,,288.39,2,288.52,1,288.55,1,288.8,4,,,,,,,,,,,,
2025-04-10 09:33:28,287.885,287.68,2,286.97,1,288.8,5,288.8,286.97,286.97,1,286.73,1,286.22,2,286.16,1,286.12,1,,,,,,,,,,,288.8,5,,,,,,,,,,,,,,,,,,
2025-04-10 09:33:29,287.885,288.41,2,286.97,1,288.8,5,288.8,286.97,286.97,1,286.73,1,286.22,2,286.16,1,286.12,1,,,,,,,,,,,288.8,5,,,,,,,,,,,,,,,,,,
2025-04-10 09:33:30,287.745,288.41,2,286.99,1,288.5,1,288.5,286.99,286.99,1,286.97,1,286.73,1,286.22,2,286.16,1,286.12,1,,,,,,,,,288.5,1,288.8,5,,,,,,,,,,,,,,,,
2025-04-10 09:33:31,288.105,288.11,1,287.71,1,288.5,1,288.5,287.71,287.71,1,286.99,1,286.97,1,286.73,1,286.22,2,286.16,1,286.12,1,,,,,,,288.5,1,288.8,5,,,,,,,,,,,,,,,,
2025-04-10 09:33:32,288.105,288.11,1,287.71,1,288.5,1,288.5,287.71,287.71,1,286.99,1,286.97,1,286.73,1,286.22,2,286.16,1,286.12,1,,,,,,,288.5,1,288.8,5,,,,,,,,,,,,,,,,
2025-04-10 09:33:33,288.105,288.11,1,287.71,1,288.5,1,288.5,287.71,287.71,1,286.99,1,286.97,1,286.73,1,286.22,2,286.16,1,286.12,1,,,,,,,288.5,1,288.8,5,,,,,,,,,,,,,,,,
2025-04-10 09:33:34,288.105,288.11,1,287.71,1,288.5,1,288.5,287.71,287.71,1,286.99,1,286.97,1,286.73,1,286.22,2,286.16,1,286.12,1,,,,,,,288.5,1,288.8,5,,,,,,,,,,,,,,,,
2025-04-10 09:33:35,288.105,288.11,1,287.71,1,288.5,1,288.5,287.71,287.71,1,286.99,1,286.97,1,286.73,1,286.22,2,286.16,1,286.12,1,,,,,,,288.5,1,288.8,5,,,,,,,,,,,,,,,,
2025-04-10 09:33:36,288.105,288.11,1,287.71,1,288.5,1,288.5,287.71,287.71,1,286.99,1,286.97,1,286.73,1,286.22,2,286.16,1,286.12,1,,,,,,,288.5,1,288.8,5,,,,,,,,,,,,,,,,
2025-04-10 09:33:37,288.105,288.11,1,287.71,1,288.5,1,288.5,287.71,287.71,1,286.99,1,286.97,1,286.73,1,286.22,2,286.16,1,286.12,1,,,,,,,288.5,1,288.8,5,,,,,,,,,,,,,,,,
2025-04-10 09:33:38,288.105,288.0,1,287.71,1,288.5,1,288.5,287.71,287.71,1,286.99,1,286.97,1,286.73,1,286.22,2,286.16,1,286.12,1,,,,,,,288.5,1,288.8,5,,,,,,,,,,,,,,,,
2025-04-10 09:33:39,288.105,288.0,1,287.71,1,288.5,1,288.5,287.71,287.71,1,286.99,1,286.97,1,286.73,1,286.22,2,286.16,1,286.12,1,,,,,,,288.5,1,288.8,5,,,,,,,,,,,,,,,,
2025-04-10 09:33:40,288.18,288.0,1,287.86,1,288.5,3,288.5,287.86,287.86,1,287.71,1,286.99,1,286.97,1,286.73,1,286.22,2,286.16,1,286.12,1,,,,,288.5,3,288.8,5,,,,,,,,,,,,,,,,
2025-04-10 09:33:41,288.08,288.08,1,287.66,1,288.5,3,288.5,287.66,287.66,1,286.99,1,286.97,1,286.73,1,286.22,2,286.16,1,286.12,1,,,,,,,288.5,3,288.8,5,,,,,,,,,,,,,,,,
2025-04-10 09:33:42,288.08,288.08,1,287.66,1,288.5,3,288.5,287.66,287.66,1,286.99,1,286.97,1,286.73,1,286.22,2,286.16,1,286.12,1,,,,,,,288.5,3,288.8,5,,,,,,,,,,,,,,,,
2025-04-10 09:33:43,288.08,288.08,1,287.66,1,288.5,3,288.5,287.66,287.66,1,286.99,1,286.97,1,286.73,1,286.22,2,286.16,1,286.12,1,,,,,,,288.5,3,288.8,5,,,,,,,,,,,,,,,,
2025-04-10 09:33:44,288.08,288.08,1,287.66,1,288.5,3,288.5,287.66,287.66,1,286.99,1,286.97,1,286.73,1,286.22,2,286.16,1,286.12,1,,,,,,,288.5,3,288.8,5,,,,,,,,,,,,,,,,
2025-04-10 09:33:45,287.885,287.9,1,287.04,2,288.73,1,288.73,287.04,287.04,2,286.99,1,286.97,1,286.73,1,286.22,2,286.16,1,286.12,1,,,,,,,288.73,1,288.75,1,288.8,5,,,,,,,,,,,,,,
2025-04-10 09:33:46,287.885,287.9,1,287.04,2,288.73,1,288.73,287.04,287.04,2,286.99,1,286.97,1,286.73,1,286.22,2,286.16,1,286.12,1,,,,,,,288.73,1,288.75,1,288.8,5,,,,,,,,,,,,,,
2025-04-10 09:33:47,287.885,287.9,1,287.04,2,288.73,1,288.73,287.04,287.04,2,286.99,1,286.97,1,286.73,1,286.22,2,286.16,1,286.12,1,,,,,,,288.73,1,288.75,1,288.8,5,,,,,,,,,,,,,,
2025-04-10 09:33:49,287.885,287.9,1,287.04,2,288.73,1,288.73,287.04,287.04,2,286.99,1,286.97,1,286.73,1,286.22,2,286.16,1,286.12,1,,,,,,,288.73,1,288.75,1,288.8,5,,,,,,,,,,,,,,
2025-04-10 09:33:49,287.885,287.9,1,287.04,2,288.73,1,288.73,287.04,287.04,2,286.99,1,286.97,1,286.73,1,286.22,2,286.16,1,286.12,1,,,,,,,288.73,1,288.75,1,288.8,5,,,,,,,,,,,,,,
2025-04-10 09:33:50,287.885,287.9,1,287.04,2,288.73,1,288.73,287.04,287.04,2,286.99,1,286.97,1,286.73,1,286.22,2,286.16,1,286.12,1,,,,,,,288.73,1,288.75,1,288.8,5,,,,,,,,,,,,,,
2025-04-10 09:33:51,287.885,287.9,1,287.04,2,288.73,1,288.73,287.04,287.04,2,286.99,1,286.97,1,286.73,1,286.22,2,286.16,1,286.12,1,,,,,,,288.73,1,288.75,1,288.8,5,,,,,,,,,,,,,,
2025-04-10 09:33:53,287.885,287.9,1,287.04,2,288.73,1,288.73,287.04,287.04,2,286.99,1,286.97,1,286.73,1,286.22,2,286.16,1,286.12,1,,,,,,,288.73,1,288.75,1,288.8,5,,,,,,,,,,,,,,
2025-04-10 09:33:53,287.86,287.9,1,287.04,2,288.68,2,288.68,287.04,287.04,2,286.99,1,286.97,1,286.73,1,286.22,2,286.16,1,286.12,1,,,,,,,288.68,2,288.75,1,288.8,5,,,,,,,,,,,,,,
2025-04-10 09:33:55,287.86,287.9,1,287.04,2,288.68,2,288.68,287.04,287.04,2,286.99,1,286.97,1,286.73,1,286.22,2,286.16,1,286.12,1,,,,,,,288.68,2,288.75,1,288.8,5,,,,,,,,,,,,,,
2025-04-10 09:33:56,287.86,287.9,1,287.04,2,288.68,2,288.68,287.04,287.04,2,286.99,1,286.97,1,286.73,1,286.22,2,286.16,1,286.12,1,,,,,,,288.68,2,288.75,1,288.8,5,,,,,,,,,,,,,,
2025-04-10 09:33:57,287.685,287.9,1,286.69,3,288.68,2,288.68,286.69,286.69,3,286.22,2,286.16,1,286.12,1,,,,,,,,,,,,,288.68,2,288.75,1,288.8,5,,,,,,,,,,,,,,
2025-04-10 09:33:58,287.685,287.9,1,286.69,3,288.68,3,288.68,286.69,286.69,3,286.22,2,286.16,1,286.12,1,,,,,,,,,,,,,288.68,3,288.75,1,288.8,5,,,,,,,,,,,,,,
2025-04-10 09:33:58,287.685,287.9,1,286.69,3,288.68,3,288.68,286.69,286.69,3,286.22,2,286.16,1,286.12,1,,,,,,,,,,,,,288.68,3,288.75,1,288.8,5,,,,,,,,,,,,,,
2025-04-10 09:34:00,287.685,287.9,1,286.69,3,288.68,3,288.68,286.69,286.69,3,286.22,2,286.16,1,286.12,1,,,,,,,,,,,,,288.68,3,288.75,1,288.8,5,,,,,,,,,,,,,,
2025-04-10 09:34:01,287.685,287.9,1,286.69,3,288.68,3,288.68,286.69,286.69,3,286.22,2,286.16,1,286.12,1,,,,,,,,,,,,,288.68,3,288.75,1,288.8,5,,,,,,,,,,,,,,
2025-04-10 09:34:01,287.82,287.9,1,286.96,1,288.68,3,288.68,286.96,286.96,1,286.69,3,286.22,2,286.16,1,286.12,1,,,,,,,,,,,288.68,3,288.75,1,288.8,5,,,,,,,,,,,,,,
2025-04-10 09:34:02,287.82,287.9,1,286.96,1,288.68,3,288.68,286.96,286.96,1,286.69,3,286.22,2,286.16,1,286.12,1,,,,,,,,,,,288.68,3,288.75,1,288.8,5,,,,,,,,,,,,,,
2025-04-10 09:34:04,287.82,287.9,1,286.96,1,288.68,3,288.68,286.96,286.96,1,286.69,3,286.22,2,286.16,1,286.12,1,,,,,,,,,,,288.68,3,288.75,1,288.8,5,,,,,,,,,,,,,,
2025-04-10 09:34:04,287.82,287.9,1,286.96,1,288.68,3,288.68,286.96,286.96,1,286.69,3,286.22,2,286.16,1,286.12,1,,,,,,,,,,,288.68,3,288.75,1,288.8,5,,,,,,,,,,,,,,
2025-04-10 09:34:06,287.83,287.83,1,286.98,2,288.68,2,288.68,286.98,286.98,2,286.96,1,286.69,3,286.22,2,286.16,1,286.12,1,,,,,,,,,288.68,2,288.75,1,288.8,5,,,,,,,,,,,,,,
2025-04-10 09:34:07,287.83,287.83,1,286.98,2,288.68,2,288.68,286.98,286.98,2,286.96,1,286.69,3,286.22,2,286.16,1,286.12,1,,,,,,,,,288.68,2,288.75,1,288.8,5,,,,,,,,,,,,,,
2025-04-10 09:34:08,287.83,287.83,1,286.98,2,288.68,2,288.68,286.98,286.98,2,286.96,1,286.69,3,286.22,2,286.16,1,286.12,1,,,,,,,,,288.68,2,288.75,1,288.8,5,,,,,,,,,,,,,,
2025-04-10 09:34:09,287.83,287.83,1,286.98,2,288.68,2,288.68,286.98,286.98,2,286.96,1,286.69,3,286.22,2,286.16,1,286.12,1,,,,,,,,,288.68,2,288.75,1,288.8,5,,,,,,,,,,,,,,
2025-04-10 09:34:10,287.83,287.83,1,286.98,2,288.68,2,288.68,286.98,286.98,2,286.96,1,286.69,3,286.22,2,286.16,1,286.12,1,,,,,,,,,288.68,2,288.75,1,288.8,5,,,,,,,,,,,,,,
2025-04-10 09:34:11,287.83,287.83,1,286.98,2,288.68,2,288.68,286.98,286.98,2,286.96,1,286.69,3,286.22,2,286.16,1,286.12,1,,,,,,,,,288.68,2,288.75,1,288.8,5,,,,,,,,,,,,,,
2025-04-10 09:34:12,287.83,287.83,1,286.98,2,288.68,2,288.68,286.98,286.98,2,286.96,1,286.69,3,286.22,2,286.16,1,286.12,1,,,,,,,,,288.68,2,288.75,1,288.8,5,,,,,,,,,,,,,,
2025-04-10 09:34:13,287.83,287.83,1,286.98,2,288.68,2,288.68,286.98,286.98,2,286.96,1,286.69,3,286.22,2,286.16,1,286.12,1,,,,,,,,,288.68,2,288.75,1,288.8,5,,,,,,,,,,,,,,
2025-04-10 09:34:14,287.83,287.83,1,286.98,2,288.68,2,288.68,286.98,286.98,2,286.96,1,286.69,3,286.22,2,286.16,1,286.12,1,,,,,,,,,288.68,2,288.75,1,288.8,5,,,,,,,,,,,,,,
2025-04-10 09:34:15,287.83,288.29,1,286.98,2,288.68,2,288.68,286.98,286.98,2,286.96,1,286.69,3,286.22,2,286.16,1,286.12,1,,,,,,,,,288.68,2,288.75,1,288.8,5,,,,,,,,,,,,,,
2025-04-10 09:34:16,288.025,288.0,1,287.37,1,288.68,3,288.68,287.37,287.37,1,286.98,3,286.96,1,286.69,3,286.22,2,286.16,1,286.12,1,,,,,,,288.68,3,288.75,1,288.8,5,,,,,,,,,,,,,,
2025-04-10 09:34:17,287.945,288.0,1,287.21,1,288.68,1,288.68,287.21,287.21,1,286.98,2,286.96,1,286.69,3,286.22,2,286.16,1,286.12,1,,,,,,,288.68,1,288.75,1,288.8,5,,,,,,,,,,,,,,
2025-04-10 09:34:18,287.98,288.0,1,287.28,2,288.68,1,288.68,287.28,287.28,2,287.21,1,286.98,2,286.96,1,286.69,3,286.22,2,286.16,1,286.12,1,,,,,288.68,1,288.75,1,288.8,5,,,,,,,,,,,,,,
2025-04-10 09:34:19,287.98,288.0,1,287.28,2,288.68,1,288.68,287.28,287.28,2,287.21,1,286.98,2,286.96,1,286.69,3,286.22,2,286.16,1,286.12,1,,,,,288.68,1,288.75,1,288.8,5,,,,,,,,,,,,,,
2025-04-10 09:34:20,287.98,288.0,1,287.28,2,288.68,1,288.68,287.28,287.28,2,287.21,1,286.98,2,286.96,1,286.69,3,286.22,2,286.16,1,286.12,1,,,,,288.68,1,288.75,1,288.8,5,,,,,,,,,,,,,,
2025-04-10 09:34:21,287.98,288.0,1,287.28,2,288.68,1,288.68,287.28,287.28,2,287.21,1,286.98,2,286.96,1,286.69,3,286.22,2,286.16,1,286.12,1,,,,,288.68,1,288.75,1,288.8,5,,,,,,,,,,,,,,
2025-04-10 09:34:22,287.98,288.0,1,287.28,2,288.68,1,288.68,287.28,287.28,2,287.21,1,286.98,2,286.96,1,286.69,3,286.22,2,286.16,1,286.12,1,,,,,288.68,1,288.75,1,288.8,5,,,,,,,,,,,,,,
2025-04-10 09:34:23,288.58,288.0,1,288.36,1,288.8,5,288.8,288.36,288.36,1,288.03,2,287.37,1,287.28,3,287.21,1,286.98,2,286.96,1,286.69,3,286.22,2,286.16,1,288.8,5,,,,,,,,,,,,,,,,,,
2025-04-10 09:34:24,288.205,288.0,1,287.61,1,288.8,5,288.8,287.61,287.61,1,287.37,1,287.28,3,287.21,1,286.98,2,286.96,1,286.69,3,286.22,2,286.16,1,286.12,1,288.8,5,,,,,,,,,,,,,,,,,,
2025-04-10 09:34:25,288.205,288.0,1,287.61,1,288.8,5,288.8,287.61,287.61,1,287.37,1,287.28,3,287.21,1,286.98,2,286.96,1,286.69,3,286.22,2,286.16,1,286.12,1,288.8,5,,,,,,,,,,,,,,,,,,
2025-04-10 09:34:26,288.205,288.0,1,287.61,1,288.8,5,288.8,287.61,287.61,1,287.37,1,287.28,3,287.21,1,286.98,2,286.96,1,286.69,3,286.22,2,286.16,1,286.12,1,288.8,5,,,,,,,,,,,,,,,,,,
2025-04-10 09:34:27,288.205,288.0,1,287.61,1,288.8,5,288.8,287.61,287.61,1,287.37,1,287.28,3,287.21,1,286.98,2,286.96,1,286.69,3,286.22,2,286.16,1,286.12,1,288.8,5,,,,,,,,,,,,,,,,,,
2025-04-10 09:34:28,288.205,288.0,1,287.61,3,288.8,5,288.8,287.61,287.61,3,287.37,1,287.28,3,287.21,1,286.98,2,286.96,1,286.69,3,286.22,2,286.16,1,286.12,1,288.8,5,,,,,,,,,,,,,,,,,,
2025-04-10 09:34:29,288.205,288.0,1,287.61,3,288.8,5,288.8,287.61,287.61,3,287.37,1,287.28,3,287.21,1,286.98,2,286.96,1,286.69,3,286.22,2,286.16,1,286.12,1,288.8,5,,,,,,,,,,,,,,,,,,
2025-04-10 09:34:30,288.205,288.0,1,287.61,3,288.8,5,288.8,287.61,287.61,3,287.37,1,287.28,3,287.21,1,286.98,2,286.96,1,286.69,3,286.22,2,286.16,1,286.12,1,288.8,5,,,,,,,,,,,,,,,,,,
2025-04-10 09:34:31,288.205,288.0,1,287.61,3,288.8,5,288.8,287.61,287.61,3,287.37,1,287.28,3,287.21,1,286.98,2,286.96,1,286.69,3,286.22,2,286.16,1,286.12,1,288.8,5,,,,,,,,,,,,,,,,,,
2025-04-10 09:34:32,288.205,288.0,1,287.61,3,288.8,5,288.8,287.61,287.61,3,287.37,1,287.28,3,287.21,1,286.98,2,286.96,1,286.69,3,286.22,2,286.16,1,286.12,1,288.8,5,,,,,,,,,,,,,,,,,,
2025-04-10 09:34:33,288.205,288.0,1,287.61,3,288.8,5,288.8,287.61,287.61,3,287.37,1,287.28,3,287.21,1,286.98,2,286.96,1,286.69,3,286.22,2,286.16,1,286.12,1,288.8,5,,,,,,,,,,,,,,,,,,
2025-04-10 09:34:34,288.205,288.0,1,287.61,3,288.8,5,288.8,287.61,287.61,3,287.37,1,287.28,3,287.21,1,286.98,2,286.96,1,286.69,3,286.22,2,286.16,1,286.12,1,288.8,5,,,,,,,,,,,,,,,,,,
2025-04-10 09:34:35,288.205,288.0,1,287.61,3,288.8,5,288.8,287.61,287.61,3,287.37,1,287.28,3,287.21,1,286.98,2,286.96,1,286.69,3,286.22,2,286.16,1,286.12,1,288.8,5,,,,,,,,,,,,,,,,,,
2025-04-10 09:34:36,288.205,288.0,1,287.61,3,288.8,5,288.8,287.61,287.61,3,287.37,1,287.28,3,287.21,1,286.98,2,286.96,1,286.69,3,286.22,2,286.16,1,286.12,1,288.8,5,,,,,,,,,,,,,,,,,,
2025-04-10 09:34:37,288.205,288.2,1,287.61,3,288.8,5,288.8,287.61,287.61,3,287.37,1,287.28,3,287.21,1,286.98,2,286.96,1,286.69,3,286.22,2,286.16,1,286.12,1,288.8,5,,,,,,,,,,,,,,,,,,
2025-04-10 09:34:38,288.205,288.2,1,287.61,3,288.8,5,288.8,287.61,287.61,3,287.37,1,287.28,3,287.21,1,286.98,2,286.96,1,286.69,3,286.22,2,286.16,1,286.12,1,288.8,5,,,,,,,,,,,,,,,,,,
2025-04-10 09:34:39,288.205,288.2,1,287.61,3,288.8,5,288.8,287.61,287.61,3,287.37,1,287.28,3,287.21,1,286.98,2,286.96,1,286.69,3,286.22,2,286.16,1,286.12,1,288.8,5,,,,,,,,,,,,,,,,,,
2025-04-10 09:34:40,288.205,288.2,1,287.61,3,288.8,5,288.8,287.61,287.61,3,287.37,1,287.28,3,287.21,1,286.98,2,286.96,1,286.69,3,286.22,2,286.16,1,286.12,1,288.8,5,,,,,,,,,,,,,,,,,,
2025-04-10 09:34:41,288.205,288.2,1,287.61,3,288.8,5,288.8,287.61,287.61,3,287.37,1,287.28,3,287.21,1,286.98,2,286.96,1,286.69,3,286.22,2,286.16,1,286.12,1,288.8,5,,,,,,,,,,,,,,,,,,
2025-04-10 09:34:42,288.015,288.2,1,287.23,2,288.8,5,288.8,287.23,287.23,2,287.21,1,286.98,2,286.96,1,286.69,3,286.22,2,286.16,1,286.12,1,,,,,288.8,5,,,,,,,,,,,,,,,,,,
2025-04-10 09:34:43,288.015,288.2,1,287.23,3,288.8,5,288.8,287.23,287.23,3,287.21,1,286.98,2,286.96,1,286.69,3,286.22,2,286.16,1,286.12,1,,,,,288.8,5,,,,,,,,,,,,,,,,,,
2025-04-10 09:34:44,288.015,288.2,1,287.23,3,288.8,5,288.8,287.23,287.23,3,287.21,1,286.98,2,286.96,1,286.69,3,286.22,2,286.16,1,286.12,1,,,,,288.8,5,,,,,,,,,,,,,,,,,,
2025-04-10 09:34:45,288.015,288.2,1,287.23,3,288.8,5,288.8,287.23,287.23,3,287.21,1,286.98,2,286.96,1,286.69,3,286.22,2,286.16,1,286.12,1,,,,,288.8,5,,,,,,,,,,,,,,,,,,
2025-04-10 09:34:46,288.015,288.2,1,287.23,3,288.8,5,288.8,287.23,287.23,3,287.21,1,286.98,2,286.96,1,286.69,3,286.22,2,286.16,1,286.12,1,,,,,288.8,5,,,,,,,,,,,,,,,,,,
2025-04-10 09:34:47,288.015,288.2,1,287.23,2,288.8,5,288.8,287.23,287.23,2,287.21,1,286.98,2,286.96,1,286.69,3,286.22,2,286.16,1,286.12,1,,,,,288.8,5,,,,,,,,,,,,,,,,,,
2025-04-10 09:34:48,288.015,288.2,1,287.23,2,288.8,5,288.8,287.23,287.23,2,287.21,1,286.98,2,286.96,1,286.69,3,286.22,2,286.16,1,286.12,1,,,,,288.8,5,,,,,,,,,,,,,,,,,,
2025-04-10 09:34:49,288.015,288.2,1,287.23,2,288.8,5,288.8,287.23,287.23,2,287.21,1,286.98,2,286.96,1,286.69,3,286.22,2,286.16,1,286.12,1,,,,,288.8,5,,,,,,,,,,,,,,,,,,
2025-04-10 09:34:50,288.015,288.2,1,287.23,2,288.8,5,288.8,287.23,287.23,2,287.21,1,286.98,2,286.96,1,286.69,3,286.22,2,286.16,1,286.12,1,,,,,288.8,5,,,,,,,,,,,,,,,,,,
2025-04-10 09:34:51,288.015,288.2,1,287.23,2,288.8,5,288.8,287.23,287.23,2,287.21,1,286.98,2,286.96,1,286.69,3,286.22,2,286.16,1,286.12,1,,,,,288.8,5,,,,,,,,,,,,,,,,,,
2025-04-10 09:34:52,288.015,288.2,1,287.23,2,288.8,5,288.8,287.23,287.23,2,287.21,1,286.98,2,286.96,1,286.69,3,286.22,2,286.16,1,286.12,1,,,,,288.8,5,,,,,,,,,,,,,,,,,,
2025-04-10 09:34:53,288.015,288.2,1,287.23,2,288.8,5,288.8,287.23,287.23,2,287.21,1,286.98,2,286.96,1,286.69,3,286.22,2,286.16,1,286.12,1,,,,,288.8,5,,,,,,,,,,,,,,,,,,
2025-04-10 09:34:54,288.015,288.2,1,287.23,2,288.8,5,288.8,287.23,287.23,2,287.21,1,286.98,2,286.96,1,286.69,3,286.22,2,286.16,1,286.12,1,,,,,288.8,5,,,,,,,,,,,,,,,,,,
2025-04-10 09:34:55,288.015,288.2,1,287.23,3,288.8,5,288.8,287.23,287.23,3,287.21,1,286.98,2,286.96,1,286.69,3,286.22,2,286.16,1,286.12,1,,,,,288.8,5,,,,,,,,,,,,,,,,,,
2025-04-10 09:34:56,288.015,288.2,1,287.23,3,288.8,5,288.8,287.23,287.23,3,287.21,1,286.98,2,286.96,1,286.69,3,286.22,2,286.16,1,286.12,1,,,,,288.8,5,,,,,,,,,,,,,,,,,,
2025-04-10 09:34:57,288.015,288.2,1,287.23,3,288.8,5,288.8,287.23,287.23,3,287.21,1,286.98,2,286.96,1,286.69,3,286.22,2,286.16,1,286.12,1,,,,,288.8,5,,,,,,,,,,,,,,,,,,
2025-04-10 09:34:58,288.015,288.2,1,287.23,3,288.8,5,288.8,287.23,287.23,3,287.21,1,286.98,2,286.96,1,286.69,3,286.22,2,286.16,1,286.12,1,,,,,288.8,5,,,,,,,,,,,,,,,,,,
2025-04-10 09:34:59,288.015,288.2,1,287.23,3,288.8,5,288.8,287.23,287.23,3,287.21,1,286.98,2,286.96,1,286.69,3,286.22,2,286.16,1,286.12,1,,,,,288.8,5,,,,,,,,,,,,,,,,,,
2025-04-10 09:35:00,288.015,288.2,1,287.23,2,288.8,5,288.8,287.23,287.23,2,287.21,1,286.98,2,286.96,1,286.69,3,286.22,2,286.16,1,286.12,1,,,,,288.8,5,,,,,,,,,,,,,,,,,,
2025-04-10 09:35:01,288.015,288.2,1,287.23,2,288.8,5,288.8,287.23,287.23,2,287.21,1,286.98,2,286.96,1,286.69,3,286.22,2,286.16,1,286.12,1,,,,,288.8,5,,,,,,,,,,,,,,,,,,
2025-04-10 09:35:02,288.015,288.2,1,287.23,2,288.8,5,288.8,287.23,287.23,2,287.21,1,286.98,2,286.96,1,286.69,3,286.22,2,286.16,1,286.12,1,,,,,288.8,5,,,,,,,,,,,,,,,,,,
2025-04-10 09:35:03,288.015,288.2,1,287.23,2,288.8,5,288.8,287.23,287.23,2,287.21,1,286.98,2,286.96,1,286.69,3,286.22,2,286.16,1,286.12,1,,,,,288.8,5,,,,,,,,,,,,,,,,,,
2025-04-10 09:35:04,288.015,288.2,1,287.23,2,288.8,5,288.8,287.23,287.23,2,287.21,1,286.98,2,286.96,1,286.69,3,286.22,2,286.16,1,286.12,1,,,,,288.8,5,,,,,,,,,,,,,,,,,,
2025-04-10 09:35:05,287.145,288.2,1,286.63,1,287.66,3,287.66,286.63,286.63,1,286.22,2,286.16,1,286.12,1,,,,,,,,,,,,,287.66,3,287.67,1,288.05,3,288.06,1,288.07,1,288.08,1,288.36,2,288.8,5,,,,
2025-04-10 09:35:06,287.145,288.2,1,286.63,1,287.66,3,287.66,286.63,286.63,1,286.22,2,286.16,1,286.12,1,,,,,,,,,,,,,287.66,3,287.67,1,288.05,3,288.06,1,288.07,1,288.08,1,288.36,2,288.8,5,,,,
2025-04-10 09:35:07,287.145,288.2,1,286.63,1,287.66,3,287.66,286.63,286.63,1,286.22,2,286.16,1,286.12,1,,,,,,,,,,,,,287.66,3,287.67,1,288.05,3,288.06,1,288.07,1,288.08,1,288.36,2,288.8,5,,,,
2025-04-10 09:35:08,287.145,288.2,1,286.63,1,287.66,3,287.66,286.63,286.63,1,286.22,2,286.16,1,286.12,1,,,,,,,,,,,,,287.66,3,287.67,1,288.05,3,288.06,1,288.07,1,288.08,1,288.36,2,288.8,5,,,,
2025-04-10 09:35:09,287.145,288.2,1,286.63,1,287.66,3,287.66,286.63,286.63,1,286.22,2,286.16,1,286.12,1,,,,,,,,,,,,,287.66,3,287.67,1,288.05,3,288.06,1,288.07,1,288.08,1,288.36,2,288.8,5,,,,
2025-04-10 09:35:10,287.145,288.2,1,286.63,1,287.66,3,287.66,286.63,286.63,1,286.22,2,286.16,1,286.12,1,,,,,,,,,,,,,287.66,3,287.67,1,288.05,3,288.06,1,288.07,1,288.08,1,288.36,2,288.8,5,,,,
2025-04-10 09:35:11,287.145,288.2,1,286.63,1,287.66,3,287.66,286.63,286.63,1,286.22,2,286.16,1,286.12,1,,,,,,,,,,,,,287.66,3,287.67,1,288.05,3,288.06,1,288.07,1,288.08,1,288.36,2,288.8,5,,,,
2025-04-10 09:35:12,287.145,288.2,1,286.63,1,287.66,3,287.66,286.63,286.63,1,286.22,2,286.16,1,286.12,1,,,,,,,,,,,,,287.66,3,287.67,1,288.05,3,288.06,1,288.07,1,288.08,1,288.36,2,288.8,5,,,,
2025-04-10 09:35:13,287.145,288.2,1,286.63,1,287.66,3,287.66,286.63,286.63,1,286.22,2,286.16,1,286.12,1,,,,,,,,,,,,,287.66,3,287.67,1,288.05,3,288.06,1,288.07,1,288.08,1,288.36,2,288.8,5,,,,
2025-04-10 09:35:14,287.145,288.2,1,286.63,1,287.66,3,287.66,286.63,286.63,1,286.22,2,286.16,1,286.12,1,,,,,,,,,,,,,287.66,3,287.67,1,288.05,3,288.06,1,288.07,1,288.08,1,288.36,2,288.8,5,,,,
2025-04-10 09:35:15,287.145,288.2,1,286.63,1,287.66,3,287.66,286.63,286.63,1,286.22,2,286.16,1,286.12,1,,,,,,,,,,,,,287.66,3,287.67,1,288.05,3,288.06,1,288.07,1,288.08,1,288.36,2,288.8,5,,,,
2025-04-10 09:35:16,286.625,288.2,1,286.0,1,287.25,1,287.25,286.0,286.0,1,,,,,,,,,,,,,,,,,,,287.25,1,287.27,1,287.64,1,287.65,2,287.66,3,287.67,1,288.05,3,288.06,1,288.07,1,288.08,1
2025-04-10 09:35:17,286.625,288.2,1,286.0,1,287.25,1,287.25,286.0,286.0,1,,,,,,,,,,,,,,,,,,,287.25,1,287.26,1,287.27,1,287.64,1,287.65,2,287.66,3,287.67,1,288.05,3,288.06,1,288.07,1
2025-04-10 09:35:18,286.635,288.2,1,286.0,2,287.27,2,287.27,286.0,286.0,2,,,,,,,,,,,,,,,,,,,287.27,2,287.64,1,287.65,2,287.66,3,287.67,1,288.05,3,288.06,1,288.07,1,288.08,1,288.36,2
2025-04-10 09:35:19,286.635,288.2,1,286.0,2,287.27,2,287.27,286.0,286.0,2,,,,,,,,,,,,,,,,,,,287.27,2,287.64,1,287.65,2,287.66,3,287.67,1,288.05,3,288.06,1,288.07,1,288.08,1,288.36,2
2025-04-10 09:35:20,286.635,288.2,1,286.0,2,287.27,2,287.27,286.0,286.0,2,,,,,,,,,,,,,,,,,,,287.27,2,287.64,1,287.65,2,287.66,3,287.67,1,288.05,3,288.06,1,288.07,1,288.08,1,288.36,2
2025-04-10 09:35:21,286.635,288.2,1,286.0,2,287.27,2,287.27,286.0,286.0,2,,,,,,,,,,,,,,,,,,,287.27,2,287.64,1,287.65,2,287.66,3,287.67,1,288.05,3,288.06,1,288.07,1,288.08,1,288.36,2
2025-04-10 09:35:22,286.635,288.2,1,286.0,2,287.27,2,287.27,286.0,286.0,2,,,,,,,,,,,,,,,,,,,287.27,2,287.64,1,287.65,2,287.66,3,287.67,1,288.05,3,288.06,1,288.07,1,288.08,1,288.36,2
2025-04-10 09:35:23,286.635,288.2,1,286.0,2,287.27,2,287.27,286.0,286.0,2,,,,,,,,,,,,,,,,,,,287.27,2,287.64,1,287.65,2,287.66,3,287.67,1,288.05,3,288.06,1,288.07,1,288.08,1,288.36,2
2025-04-10 09:35:24,286.635,288.2,1,286.0,2,287.27,2,287.27,286.0,286.0,2,,,,,,,,,,,,,,,,,,,287.27,2,287.64,1,287.65,2,287.66,3,287.67,1,288.05,3,288.06,1,288.07,1,288.08,1,288.36,2
2025-04-10 09:35:25,286.635,288.2,1,286.0,2,287.27,2,287.27,286.0,286.0,2,,,,,,,,,,,,,,,,,,,287.27,2,287.64,1,287.65,2,287.66,3,287.67,1,288.05,3,288.06,1,288.07,1,288.08,1,288.36,2
2025-04-10 09:35:26,286.635,288.2,1,286.0,2,287.27,2,287.27,286.0,286.0,2,,,,,,,,,,,,,,,,,,,287.27,2,287.64,1,287.65,2,287.66,3,287.67,1,288.05,3,288.06,1,288.07,1,288.08,1,288.36,2
2025-04-10 09:35:27,286.635,288.2,1,286.0,2,287.27,2,287.27,286.0,286.0,2,,,,,,,,,,,,,,,,,,,287.27,2,287.64,1,287.65,2,287.66,3,287.67,1,288.05,3,288.06,1,288.07,1,288.08,1,288.36,2
2025-04-10 09:35:28,286.635,288.2,1,286.0,2,287.27,2,287.27,286.0,286.0,2,,,,,,,,,,,,,,,,,,,287.27,2,287.64,1,287.65,2,287.66,3,287.67,1,288.05,3,288.06,1,288.07,1,288.08,1,288.36,2
2025-04-10 09:35:29,286.635,288.2,1,286.0,2,287.27,2,287.27,286.0,286.0,2,,,,,,,,,,,,,,,,,,,287.27,2,287.64,1,287.65,2,287.66,3,287.67,1,288.05,3,288.06,1,288.07,1,288.08,1,288.36,2
2025-04-10 09:35:30,286.635,288.2,1,286.0,2,287.27,2,287.27,286.0,286.0,2,,,,,,,,,,,,,,,,,,,287.27,2,287.64,1,287.65,2,287.66,3,287.67,1,288.05,3,288.06,1,288.07,1,288.08,1,288.36,2
2025-04-10 09:35:31,286.635,288.2,1,286.0,2,287.27,2,287.27,286.0,286.0,2,,,,,,,,,,,,,,,,,,,287.27,2,287.64,1,287.65,2,287.66,3,287.67,1,288.05,3,288.06,1,288.07,1,288.08,1,288.36,2
2025-04-10 09:35:32,286.635,288.2,1,286.0,2,287.27,2,287.27,286.0,286.0,2,,,,,,,,,,,,,,,,,,,287.27,2,287.64,1,287.65,2,287.66,3,287.67,1,288.05,3,288.06,1,288.07,1,288.08,1,288.36,2
2025-04-10 09:35:33,286.635,288.2,1,286.0,2,287.27,2,287.27,286.0,286.0,2,,,,,,,,,,,,,,,,,,,287.27,2,287.64,1,287.65,2,287.66,3,287.67,1,288.05,3,288.06,1,288.07,1,288.08,1,288.36,2
2025-04-10 09:35:34,286.635,288.2,1,286.0,2,287.27,2,287.27,286.0,286.0,2,,,,,,,,,,,,,,,,,,,287.27,2,287.64,1,287.65,2,287.66,3,287.67,1,288.05,3,288.06,1,288.07,1,288.08,1,288.36,2
2025-04-10 09:35:35,286.635,288.2,1,286.0,2,287.27,2,287.27,286.0,286.0,2,,,,,,,,,,,,,,,,,,,287.27,2,287.64,1,287.65,2,287.66,3,287.67,1,288.05,3,288.06,1,288.07,1,288.08,1,288.36,2
2025-04-10 09:35:36,286.635,288.2,1,286.0,2,287.27,2,287.27,286.0,286.0,2,,,,,,,,,,,,,,,,,,,287.27,2,287.64,1,287.65,2,287.66,3,287.67,1,288.05,3,288.06,1,288.07,1,288.08,1,288.36,2
2025-04-10 09:35:37,286.635,288.2,1,286.0,2,287.27,2,287.27,286.0,286.0,2,,,,,,,,,,,,,,,,,,,287.27,2,287.64,1,287.65,2,287.66,3,287.67,1,288.05,3,288.06,1,288.07,1,288.08,1,288.36,2
2025-04-10 09:35:38,286.635,288.2,1,286.0,2,287.27,2,287.27,286.0,286.0,2,,,,,,,,,,,,,,,,,,,287.27,2,287.64,1,287.65,2,287.66,3,287.67,1,288.05,3,288.06,1,288.07,1,288.08,1,288.36,2
2025-04-10 09:35:39,286.635,288.2,1,286.0,2,287.27,2,287.27,286.0,286.0,2,,,,,,,,,,,,,,,,,,,287.27,2,287.64,1,287.65,2,287.66,3,287.67,1,288.05,3,288.06,1,288.07,1,288.08,1,288.36,2
2025-04-10 09:35:40,286.635,288.2,1,286.0,2,287.27,2,287.27,286.0,286.0,2,,,,,,,,,,,,,,,,,,,287.27,2,287.64,1,287.65,2,287.66,3,287.67,1,288.05,3,288.06,1,288.07,1,288.08,1,288.36,2
2025-04-10 09:35:41,286.635,288.2,1,286.0,2,287.27,2,287.27,286.0,286.0,2,,,,,,,,,,,,,,,,,,,287.27,2,287.64,1,287.65,2,287.66,3,287.67,1,288.05,3,288.06,1,288.07,1,288.08,1,288.36,2
2025-04-10 09:35:42,286.635,288.2,1,286.0,2,287.27,2,287.27,286.0,286.0,2,,,,,,,,,,,,,,,,,,,287.27,2,287.64,1,287.65,2,287.66,3,287.67,1,288.05,3,288.06,1,288.07,1,288.08,1,288.36,2
2025-04-10 09:35:43,286.635,288.2,1,286.0,2,287.27,2,287.27,286.0,286.0,2,,,,,,,,,,,,,,,,,,,287.27,2,287.64,1,287.65,2,287.66,3,287.67,1,288.05,3,288.06,1,288.07,1,288.08,1,288.36,2
2025-04-10 09:35:44,286.635,288.2,1,286.0,2,287.27,1,287.27,286.0,286.0,2,,,,,,,,,,,,,,,,,,,287.27,1,287.64,1,287.65,2,287.66,3,287.67,1,288.05,3,288.06,1,288.07,1,288.08,1,288.36,2
2025-04-10 09:35:45,286.635,288.2,1,286.0,2,287.27,1,287.27,286.0,286.0,2,,,,,,,,,,,,,,,,,,,287.27,1,287.64,1,287.65,2,287.66,3,287.67,1,288.05,3,288.06,1,288.07,1,288.08,1,288.36,2
2025-04-10 09:35:46,286.635,288.2,1,286.0,2,287.27,1,287.27,286.0,286.0,2,,,,,,,,,,,,,,,,,,,287.27,1,287.64,1,287.65,2,287.66,3,287.67,1,288.05,3,288.06,1,288.07,1,288.08,1,288.36,2
2025-04-10 09:35:47,286.865,286.97,1,286.46,1,287.27,3,287.27,286.46,286.46,1,286.36,1,286.11,1,286.0,2,,,,,,,,,,,,,287.27,3,287.64,1,287.65,2,287.66,3,287.67,1,288.05,3,288.06,1,288.07,1,288.08,1,288.36,2
2025-04-10 09:35:48,286.865,287.19,1,286.46,1,287.27,3,287.27,286.46,286.46,1,286.36,1,286.11,1,286.0,2,,,,,,,,,,,,,287.27,3,287.64,1,287.65,2,287.66,3,287.67,1,288.05,3,288.06,1,288.07,1,288.08,1,288.36,2
2025-04-10 09:35:49,287.385,287.27,1,286.7,1,288.07,2,288.07,286.7,286.7,1,286.55,1,286.46,1,286.36,1,286.11,1,286.0,2,,,,,,,,,288.07,2,288.08,1,288.36,2,288.8,5,,,,,,,,,,,,
2025-04-10 09:35:50,287.385,287.27,1,286.7,1,288.07,2,288.07,286.7,286.7,1,286.55,1,286.46,1,286.36,1,286.11,1,286.0,2,,,,,,,,,288.07,2,288.08,1,288.36,2,288.8,5,,,,,,,,,,,,
2025-04-10 09:35:51,287.385,287.27,1,286.7,1,288.07,2,288.07,286.7,286.7,1,286.55,1,286.46,1,286.36,1,286.11,1,286.0,2,,,,,,,,,288.07,2,288.08,1,288.36,2,288.8,5,,,,,,,,,,,,
2025-04-10 09:35:52,287.385,287.27,1,286.7,1,288.07,2,288.07,286.7,286.7,1,286.55,1,286.46,1,286.36,1,286.11,1,286.0,2,,,,,,,,,288.07,2,288.08,1,288.36,2,288.8,5,,,,,,,,,,,,
2025-04-10 09:35:53,287.385,287.27,1,286.7,1,288.07,2,288.07,286.7,286.7,1,286.55,1,286.46,1,286.36,1,286.11,1,286.0,2,,,,,,,,,288.07,2,288.08,1,288.36,2,288.8,5,,,,,,,,,,,,
2025-04-10 09:35:54,287.385,287.27,1,286.7,1,288.07,2,288.07,286.7,286.7,1,286.55,1,286.46,1,286.36,1,286.11,1,286.0,2,,,,,,,,,288.07,2,288.08,1,288.36,2,288.8,5,,,,,,,,,,,,
2025-04-10 09:35:55,287.385,287.27,1,286.7,1,288.07,2,288.07,286.7,286.7,1,286.55,1,286.46,1,286.36,1,286.11,1,286.0,2,,,,,,,,,288.07,2,288.08,1,288.36,2,288.8,5,,,,,,,,,,,,
2025-04-10 09:35:56,287.4,287.39,1,286.7,3,288.1,1,288.1,286.7,286.7,3,286.55,1,286.46,1,286.36,1,286.11,1,286.0,2,,,,,,,,,288.1,1,288.36,2,288.8,5,,,,,,,,,,,,,,
2025-04-10 09:35:57,287.4,287.39,1,286.7,3,288.1,1,288.1,286.7,286.7,3,286.55,1,286.46,1,286.36,1,286.11,1,286.0,2,,,,,,,,,288.1,1,288.36,2,288.8,5,,,,,,,,,,,,,,
2025-04-10 09:35:58,287.4,287.39,1,286.7,3,288.1,1,288.1,286.7,286.7,3,286.55,1,286.46,1,286.36,1,286.11,1,286.0,2,,,,,,,,,288.1,1,288.36,2,288.8,5,,,,,,,,,,,,,,
2025-04-10 09:35:59,287.385,287.39,1,286.67,1,288.1,1,288.1,286.67,286.67,1,286.55,1,286.46,1,286.36,1,286.11,1,286.0,2,,,,,,,,,288.1,1,288.36,2,288.8,5,,,,,,,,,,,,,,
2025-04-10 09:36:00,287.43,287.39,1,286.76,2,288.1,1,288.1,286.76,286.76,2,286.67,1,286.55,1,286.46,1,286.36,1,286.11,1,286.0,2,,,,,,,288.1,1,288.36,2,288.8,5,,,,,,,,,,,,,,
2025-04-10 09:36:01,287.435,287.39,1,286.77,2,288.1,1,288.1,286.77,286.77,2,286.67,1,286.55,1,286.46,1,286.36,1,286.11,1,286.0,2,,,,,,,288.1,1,288.36,2,288.8,5,,,,,,,,,,,,,,
2025-04-10 09:36:02,287.435,287.39,1,286.77,2,288.1,1,288.1,286.77,286.77,2,286.67,1,286.55,1,286.46,1,286.36,1,286.11,1,286.0,2,,,,,,,288.1,1,288.36,2,288.8,5,,,,,,,,,,,,,,
2025-04-10 09:36:03,287.415,287.39,1,286.73,2,288.1,2,288.1,286.73,286.73,2,286.67,1,286.55,1,286.46,1,286.36,1,286.11,1,286.0,2,,,,,,,288.1,2,288.36,2,288.8,5,,,,,,,,,,,,,,
2025-04-10 09:36:04,287.415,287.39,1,286.73,2,288.1,2,288.1,286.73,286.73,2,286.67,1,286.55,1,286.46,1,286.36,1,286.11,1,286.0,2,,,,,,,288.1,2,288.36,2,288.8,5,,,,,,,,,,,,,,
2025-04-10 09:36:05,287.405,287.4,1,286.71,2,288.1,2,288.1,286.71,286.71,2,286.67,1,286.55,1,286.46,1,286.36,1,286.11,1,286.0,2,,,,,,,288.1,2,288.36,2,288.8,5,,,,,,,,,,,,,,
2025-04-10 09:36:06,287.41,287.4,1,286.75,2,288.07,1,288.07,286.75,286.75,2,286.67,1,286.55,1,286.46,1,286.36,1,286.11,1,286.0,2,,,,,,,288.07,1,288.1,2,288.36,2,288.8,5,,,,,,,,,,,,
2025-04-10 09:36:07,287.41,287.4,1,286.75,2,288.07,1,288.07,286.75,286.75,2,286.67,1,286.55,1,286.46,1,286.36,1,286.11,1,286.0,2,,,,,,,288.07,1,288.1,2,288.36,2,288.8,5,,,,,,,,,,,,
2025-04-10 09:36:08,287.41,287.4,1,286.75,2,288.07,1,288.07,286.75,286.75,2,286.67,1,286.55,1,286.46,1,286.36,1,286.11,1,286.0,2,,,,,,,288.07,1,288.1,2,288.36,2,288.8,5,,,,,,,,,,,,
2025-04-10 09:36:09,287.405,287.41,1,286.74,2,288.07,1,288.07,286.74,286.74,2,286.7,1,286.67,1,286.55,1,286.46,1,286.36,1,286.11,1,286.0,2,,,,,288.07,1,288.1,2,288.36,2,288.8,5,,,,,,,,,,,,
2025-04-10 09:36:10,287.405,287.41,1,286.74,2,288.07,1,288.07,286.74,286.74,2,286.7,1,286.67,1,286.55,1,286.46,1,286.36,1,286.11,1,286.0,2,,,,,288.07,1,288.1,2,288.36,2,288.8,5,,,,,,,,,,,,
2025-04-10 09:36:11,287.42,287.41,1,286.77,2,288.07,1,288.07,286.77,286.77,2,286.7,1,286.67,1,286.55,1,286.46,1,286.36,1,286.11,1,286.0,2,,,,,288.07,1,288.1,2,288.36,2,288.8,5,,,,,,,,,,,,
2025-04-10 09:36:12,287.425,287.41,1,286.78,2,288.07,1,288.07,286.78,286.78,2,286.7,1,286.67,1,286.55,1,286.46,1,286.36,1,286.11,1,286.0,2,,,,,288.07,1,288.1,2,288.36,2,288.8,5,,,,,,,,,,,,
2025-04-10 09:36:13,287.425,287.41,1,286.78,2,288.07,1,288.07,286.78,286.78,2,286.7,1,286.67,1,286.55,1,286.46,1,286.36,1,286.11,1,286.0,2,,,,,288.07,1,288.1,2,288.36,2,288.8,5,,,,,,,,,,,,
2025-04-10 09:36:14,287.455,287.41,1,286.84,2,288.07,1,288.07,286.84,286.84,2,286.7,1,286.67,1,286.55,1,286.46,1,286.36,1,286.11,1,286.0,2,,,,,288.07,1,288.1,2,288.36,2,288.8,5,,,,,,,,,,,,
2025-04-10 09:36:15,287.455,287.41,1,286.84,2,288.07,1,288.07,286.84,286.84,2,286.7,1,286.67,1,286.55,1,286.46,1,286.36,1,286.11,1,286.0,2,,,,,288.07,1,288.1,2,288.36,2,288.8,5,,,,,,,,,,,,
2025-04-10 09:36:16,287.455,287.45,1,286.84,2,288.07,1,288.07,286.84,286.84,2,286.7,1,286.67,1,286.55,1,286.46,1,286.36,1,286.11,1,286.0,2,,,,,288.07,1,288.1,2,288.36,2,288.8,5,,,,,,,,,,,,
2025-04-10 09:36:17,287.485,287.45,1,286.9,2,288.07,1,288.07,286.9,286.9,2,286.7,1,286.67,1,286.55,1,286.46,1,286.36,1,286.11,1,286.0,2,,,,,288.07,1,288.1,2,288.36,2,288.8,5,,,,,,,,,,,,
2025-04-10 09:36:18,287.485,287.45,1,286.9,2,288.07,1,288.07,286.9,286.9,2,286.7,1,286.67,1,286.55,1,286.46,1,286.36,1,286.11,1,286.0,2,,,,,288.07,1,288.1,2,288.36,2,288.8,5,,,,,,,,,,,,
2025-04-10 09:36:19,287.49,287.45,1,286.91,2,288.07,1,288.07,286.91,286.91,2,286.67,1,286.55,1,286.46,1,286.36,1,286.11,1,286.0,2,,,,,,,288.07,1,288.1,2,288.36,2,288.8,5,,,,,,,,,,,,
2025-04-10 09:36:20,287.49,287.45,1,286.91,2,288.07,1,288.07,286.91,286.91,2,286.67,1,286.55,1,286.46,1,286.36,1,286.11,1,286.0,2,,,,,,,288.07,1,288.1,2,288.36,2,288.8,5,,,,,,,,,,,,
2025-04-10 09:36:21,287.49,287.45,1,286.91,2,288.07,1,288.07,286.91,286.91,2,286.67,1,286.55,1,286.46,1,286.36,1,286.11,1,286.0,2,,,,,,,288.07,1,288.1,2,288.36,2,288.8,5,,,,,,,,,,,,
2025-04-10 09:36:22,287.51,287.45,1,286.92,2,288.1,1,288.1,286.92,286.92,2,286.67,1,286.55,1,286.46,1,286.36,1,286.11,1,286.0,2,,,,,,,288.1,1,288.36,2,288.8,5,,,,,,,,,,,,,,
2025-04-10 09:36:23,287.51,287.45,1,286.92,2,288.1,1,288.1,286.92,286.92,2,286.67,1,286.55,1,286.46,1,286.36,1,286.11,1,286.0,2,,,,,,,288.1,1,288.36,2,288.8,5,,,,,,,,,,,,,,
2025-04-10 09:36:24,287.385,287.45,1,286.67,1,288.1,1,288.1,286.67,286.67,1,286.55,1,286.46,1,286.36,1,286.11,1,286.0,2,,,,,,,,,288.1,1,288.36,2,288.8,5,,,,,,,,,,,,,,
2025-04-10 09:36:25,287.385,287.45,1,286.67,1,288.1,1,288.1,286.67,286.67,1,286.55,1,286.46,1,286.36,1,286.11,1,286.0,2,,,,,,,,,288.1,1,288.36,2,288.8,5,,,,,,,,,,,,,,
2025-04-10 09:36:26,287.385,287.45,1,286.67,1,288.1,1,288.1,286.67,286.67,1,286.55,1,286.46,1,286.36,1,286.11,1,286.0,2,,,,,,,,,288.1,1,288.36,2,288.8,5,,,,,,,,,,,,,,
2025-04-10 09:36:27,286.94,287.45,1,286.46,3,287.42,1,287.42,286.46,286.46,3,286.36,1,286.11,1,286.0,2,,,,,,,,,,,,,287.42,1,288.1,2,288.36,2,288.8,5,,,,,,,,,,,,
2025-04-10 09:36:28,286.94,287.45,1,286.46,3,287.42,1,287.42,286.46,286.46,3,286.36,1,286.11,1,286.0,2,,,,,,,,,,,,,287.42,1,288.1,2,288.36,2,288.8,5,,,,,,,,,,,,
2025-04-10 09:36:29,286.94,287.45,1,286.46,1,287.42,1,287.42,286.46,286.46,1,286.36,1,286.11,1,286.0,2,,,,,,,,,,,,,287.42,1,288.1,2,288.36,2,288.8,5,,,,,,,,,,,,
2025-04-10 09:36:30,286.66,287.45,1,286.37,3,286.95,4,286.95,286.37,286.37,3,286.07,2,286.0,2,,,,,,,,,,,,,,,286.95,4,287.41,2,287.42,1,288.1,2,288.36,2,288.8,5,,,,,,,,
2025-04-10 09:36:31,286.32,286.51,1,285.81,1,286.83,1,286.83,285.81,285.81,1,,,,,,,,,,,,,,,,,,,286.83,1,286.95,3,287.41,2,287.42,1,288.1,2,288.36,2,288.8,5,,,,,,
2025-04-10 09:36:32,286.315,286.51,1,285.81,1,286.82,3,286.82,285.81,285.81,1,,,,,,,,,,,,,,,,,,,286.82,3,286.83,1,286.95,3,287.41,2,287.42,1,288.1,2,288.36,2,288.8,5,,,,
2025-04-10 09:36:33,286.315,286.51,1,285.81,1,286.82,4,286.82,285.81,285.81,1,,,,,,,,,,,,,,,,,,,286.82,4,286.83,1,286.95,3,287.41,2,287.42,1,288.1,2,288.36,2,288.8,5,,,,
2025-04-10 09:36:34,286.315,286.51,1,285.81,1,286.82,4,286.82,285.81,285.81,1,,,,,,,,,,,,,,,,,,,286.82,4,286.83,1,286.95,3,287.41,2,287.42,1,288.1,2,288.36,2,288.8,5,,,,
2025-04-10 09:36:35,286.315,286.51,1,285.81,1,286.82,4,286.82,285.81,285.81,1,,,,,,,,,,,,,,,,,,,286.82,4,286.83,1,286.95,3,287.41,2,287.42,1,288.1,2,288.36,2,288.8,5,,,,
2025-04-10 09:36:36,286.315,286.51,1,285.81,1,286.82,4,286.82,285.81,285.81,1,,,,,,,,,,,,,,,,,,,286.82,4,286.83,1,286.95,3,287.41,2,287.42,1,288.1,2,288.36,2,288.8,5,,,,
2025-04-10 09:36:37,286.315,286.51,1,285.81,1,286.82,4,286.82,285.81,285.81,1,,,,,,,,,,,,,,,,,,,286.82,4,286.83,1,286.95,3,287.41,2,287.42,1,288.1,2,288.36,2,288.8,5,,,,
2025-04-10 09:36:38,286.315,286.51,1,285.81,1,286.82,4,286.82,285.81,285.81,1,,,,,,,,,,,,,,,,,,,286.82,4,286.83,1,286.95,3,287.41,2,287.42,1,288.1,2,288.36,2,288.8,5,,,,
2025-04-10 09:36:39,286.315,286.51,1,285.81,1,286.82,4,286.82,285.81,285.81,1,,,,,,,,,,,,,,,,,,,286.82,4,286.83,1,286.95,3,287.41,2,287.42,1,288.1,2,288.36,2,288.8,5,,,,
2025-04-10 09:36:40,286.315,286.51,1,285.81,1,286.82,5,286.82,285.81,285.81,1,,,,,,,,,,,,,,,,,,,286.82,5,286.83,1,286.95,3,287.41,2,287.42,1,288.1,2,288.36,2,288.8,5,,,,
2025-04-10 09:36:41,286.315,286.51,1,285.81,1,286.82,4,286.82,285.81,285.81,1,,,,,,,,,,,,,,,,,,,286.82,4,286.83,1,286.95,3,287.41,2,287.42,1,288.1,2,288.36,2,288.8,5,,,,
2025-04-10 09:36:42,286.175,286.51,1,285.81,1,286.54,2,286.54,285.81,285.81,1,,,,,,,,,,,,,,,,,,,286.54,2,286.82,4,286.83,1,286.95,3,287.41,2,287.42,1,288.1,2,288.36,2,288.8,5,,
2025-04-10 09:36:43,285.965,285.96,1,285.39,2,286.54,4,286.54,285.39,285.39,2,285.17,2,,,,,,,,,,,,,,,,,286.54,4,286.82,4,286.83,1,286.95,3,287.41,2,287.42,1,288.1,2,288.36,2,288.8,5,,
2025-04-10 09:36:44,285.965,285.96,1,285.39,2,286.54,4,286.54,285.39,285.39,2,285.17,2,,,,,,,,,,,,,,,,,286.54,4,286.82,4,286.83,1,286.95,3,287.41,2,287.42,1,288.1,2,288.36,2,288.8,5,,
2025-04-10 09:36:45,285.965,285.96,1,285.39,2,286.54,4,286.54,285.39,285.39,2,285.17,2,,,,,,,,,,,,,,,,,286.54,4,286.82,4,286.83,1,286.95,3,287.41,2,287.42,1,288.1,2,288.36,2,288.8,5,,
2025-04-10 09:36:46,285.96,286.13,1,285.39,2,286.53,1,286.53,285.39,285.39,2,285.17,2,,,,,,,,,,,,,,,,,286.53,1,286.54,4,286.82,4,286.83,1,286.95,3,287.41,2,287.42,1,288.1,2,288.36,2,288.8,5
2025-04-10 09:36:47,285.96,286.13,1,285.39,2,286.53,1,286.53,285.39,285.39,2,285.17,2,,,,,,,,,,,,,,,,,286.53,1,286.54,4,286.82,4,286.83,1,286.95,3,287.41,2,287.42,1,288.1,2,288.36,2,288.8,5
2025-04-10 09:36:48,285.96,286.13,1,285.39,2,286.53,1,286.53,285.39,285.39,2,285.17,2,,,,,,,,,,,,,,,,,286.53,1,286.54,4,286.82,4,286.83,1,286.95,3,287.41,2,287.42,1,288.1,2,288.36,2,288.8,5
2025-04-10 09:36:49,285.96,286.13,1,285.39,2,286.53,1,286.53,285.39,285.39,2,285.17,2,,,,,,,,,,,,,,,,,286.53,1,286.54,4,286.82,4,286.83,1,286.95,3,287.41,2,287.42,1,288.1,2,288.36,2,288.8,5
2025-04-10 09:36:50,285.96,285.65,2,285.39,2,286.53,1,286.53,285.39,285.39,2,285.17,2,,,,,,,,,,,,,,,,,286.53,1,286.54,4,286.82,4,286.83,1,286.95,3,287.41,2,287.42,1,288.1,2,288.36,2,288.8,5
2025-04-10 09:36:51,286.42,286.11,1,286.02,1,286.82,3,286.82,286.02,286.02,1,285.4,1,285.39,2,285.17,2,,,,,,,,,,,,,286.82,3,286.83,1,286.95,3,287.41,2,287.42,1,288.1,2,288.36,2,288.8,5,,,,
2025-04-10 09:36:52,286.42,286.42,1,286.02,1,286.82,3,286.82,286.02,286.02,1,285.4,1,285.39,2,285.17,2,,,,,,,,,,,,,286.82,3,286.83,1,286.95,3,287.41,2,287.42,1,288.1,2,288.36,2,288.8,5,,,,
2025-04-10 09:36:53,286.42,286.42,1,286.02,1,286.82,3,286.82,286.02,286.02,1,285.4,1,285.39,2,285.17,2,,,,,,,,,,,,,286.82,3,286.83,1,286.95,3,287.41,2,287.42,1,288.1,2,288.36,2,288.8,5,,,,
2025-04-10 09:36:54,286.42,286.42,1,286.02,1,286.82,3,286.82,286.02,286.02,1,285.4,1,285.39,2,285.17,2,,,,,,,,,,,,,286.82,3,286.83,1,286.95,3,287.41,2,287.42,1,288.1,2,288.36,2,288.8,5,,,,
2025-04-10 09:36:55,286.42,286.42,1,286.02,1,286.82,3,286.82,286.02,286.02,1,285.4,1,285.39,2,285.17,2,,,,,,,,,,,,,286.82,3,286.83,1,286.95,3,287.41,2,287.42,1,288.1,2,288.36,2,288.8,5,,,,
2025-04-10 09:36:56,286.295,286.42,1,286.02,1,286.57,1,286.57,286.02,286.02,1,285.4,1,285.39,2,285.17,2,,,,,,,,,,,,,286.57,1,286.82,3,286.83,1,286.95,3,287.41,2,287.42,1,288.1,2,288.36,2,288.8,5,,
2025-04-10 09:36:57,286.295,286.3,1,286.02,1,286.57,1,286.57,286.02,286.02,1,285.9,1,285.4,1,285.39,2,285.17,2,,,,,,,,,,,286.57,1,286.82,3,286.83,1,286.95,3,287.41,2,287.42,1,288.1,2,288.36,2,288.8,5,,
2025-04-10 09:36:58,286.295,286.3,1,286.02,1,286.57,1,286.57,286.02,286.02,1,285.9,1,285.4,1,285.39,2,285.17,2,,,,,,,,,,,286.57,1,286.82,3,286.83,1,286.95,3,287.41,2,287.42,1,288.1,2,288.36,2,288.8,5,,
2025-04-10 09:36:59,286.19,286.3,1,285.81,1,286.57,1,286.57,285.81,285.81,1,285.4,1,285.39,2,285.17,2,,,,,,,,,,,,,286.57,1,286.82,3,286.83,1,286.95,3,287.41,2,287.42,1,288.1,2,288.36,2,288.8,5,,
2025-04-10 09:37:00,286.19,286.3,1,285.81,1,286.57,1,286.57,285.81,285.81,1,285.4,1,285.39,2,285.17,2,,,,,,,,,,,,,286.57,1,286.82,3,286.83,1,286.95,3,287.41,2,287.42,1,288.1,2,288.36,2,288.8,5,,
2025-04-10 09:37:01,286.05,286.3,1,285.81,1,286.29,3,286.29,285.81,285.81,1,285.4,1,285.39,2,285.17,2,,,,,,,,,,,,,286.29,3,286.56,1,286.57,1,286.82,3,286.83,1,286.95,3,287.41,2,287.42,1,288.1,2,288.36,2
2025-04-10 09:37:02,286.05,286.3,1,285.81,1,286.29,3,286.29,285.81,285.81,1,285.4,1,285.39,2,285.17,2,,,,,,,,,,,,,286.29,3,286.56,1,286.57,1,286.82,3,286.83,1,286.95,3,287.41,2,287.42,1,288.1,2,288.36,2
2025-04-10 09:37:03,286.05,286.3,1,285.81,1,286.29,3,286.29,285.81,285.81,1,285.4,1,285.39,2,285.17,2,,,,,,,,,,,,,286.29,3,286.56,1,286.57,1,286.82,3,286.83,1,286.95,3,287.41,2,287.42,1,288.1,2,288.36,2
2025-04-10 09:37:04,286.05,286.3,1,285.81,1,286.29,5,286.29,285.81,285.81,1,285.4,1,285.39,2,285.17,2,,,,,,,,,,,,,286.29,5,286.56,1,286.57,1,286.82,3,286.83,1,286.95,3,287.41,2,287.42,1,288.1,2,288.36,2
2025-04-10 09:37:05,285.72,286.3,1,285.15,2,286.29,2,286.29,285.15,285.15,2,285.0,1,,,,,,,,,,,,,,,,,286.29,2,286.56,1,286.57,1,286.82,3,286.83,1,286.95,3,287.41,2,287.42,1,288.1,2,288.36,2
2025-04-10 09:37:06,285.72,285.72,1,285.15,2,286.29,2,286.29,285.15,285.15,2,285.0,1,,,,,,,,,,,,,,,,,286.29,2,286.56,1,286.57,1,286.82,3,286.83,1,286.95,3,287.41,2,287.42,1,288.1,2,288.36,2
2025-04-10 09:37:07,285.72,285.72,1,285.15,2,286.29,2,286.29,285.15,285.15,2,285.0,1,,,,,,,,,,,,,,,,,286.29,2,286.56,1,286.57,1,286.82,3,286.83,1,286.95,3,287.41,2,287.42,1,288.1,2,288.36,2
2025-04-10 09:37:08,285.72,285.72,1,285.15,2,286.29,2,286.29,285.15,285.15,2,285.0,1,,,,,,,,,,,,,,,,,286.29,2,286.56,1,286.57,1,286.82,3,286.83,1,286.95,3,287.41,2,287.42,1,288.1,2,288.36,2
2025-04-10 09:37:09,285.72,285.72,1,285.15,4,286.29,2,286.29,285.15,285.15,4,285.0,1,,,,,,,,,,,,,,,,,286.29,2,286.56,1,286.57,1,286.82,3,286.83,1,286.95,3,287.41,2,287.42,1,288.1,2,288.36,2
2025-04-10 09:37:10,285.72,285.72,1,285.15,4,286.29,2,286.29,285.15,285.15,4,285.0,1,,,,,,,,,,,,,,,,,286.29,2,286.56,1,286.57,1,286.82,3,286.83,1,286.95,3,287.41,2,287.42,1,288.1,2,288.36,2
2025-04-10 09:37:11,285.06,284.76,1,284.68,3,285.44,3,285.44,284.68,284.68,3,284.07,2,284.0,1,,,,,,,,,,,,,,,285.44,3,285.71,1,286.26,1,286.29,3,286.56,1,286.57,1,286.82,3,286.83,1,286.95,3,287.41,2
2025-04-10 09:37:12,285.06,285.06,2,284.68,3,285.44,3,285.44,284.68,284.68,3,284.07,2,284.0,1,,,,,,,,,,,,,,,285.44,3,285.71,1,286.26,1,286.29,3,286.56,1,286.57,1,286.82,3,286.83,1,286.95,3,287.41,2
2025-04-10 09:37:13,284.755,284.76,1,284.07,2,285.44,3,285.44,284.07,284.07,2,284.0,1,,,,,,,,,,,,,,,,,285.44,3,285.71,1,286.26,1,286.29,3,286.56,1,286.57,1,286.82,3,286.83,1,286.95,3,287.41,2
2025-04-10 09:37:14,284.685,284.76,1,284.07,2,285.3,1,285.3,284.07,284.07,2,284.0,1,,,,,,,,,,,,,,,,,285.3,1,285.44,3,285.71,1,286.26,1,286.29,3,286.56,1,286.57,1,286.82,3,286.83,1,286.95,3
2025-04-10 09:37:15,284.685,284.69,1,284.07,2,285.3,1,285.3,284.07,284.07,2,284.0,1,,,,,,,,,,,,,,,,,285.3,1,285.44,3,285.71,1,286.26,1,286.29,3,286.56,1,286.57,1,286.82,3,286.83,1,286.95,3
2025-04-10 09:37:16,284.65,284.14,1,284.0,1,285.3,1,285.3,284.0,284.0,1,,,,,,,,,,,,,,,,,,,285.3,1,285.44,3,285.71,1,286.26,1,286.29,3,286.56,1,286.57,1,286.82,3,286.83,1,286.95,3
2025-04-10 09:37:17,284.65,284.56,1,284.0,1,285.3,2,285.3,284.0,284.0,1,,,,,,,,,,,,,,,,,,,285.3,2,285.44,3,285.71,1,286.26,1,286.29,3,286.56,1,286.57,1,286.82,3,286.83,1,286.95,3
2025-04-10 09:37:18,284.65,284.65,1,284.0,1,285.3,2,285.3,284.0,284.0,1,,,,,,,,,,,,,,,,,,,285.3,2,285.44,3,285.71,1,286.26,1,286.29,3,286.56,1,286.57,1,286.82,3,286.83,1,286.95,3
2025-04-10 09:37:19,284.65,284.65,1,284.0,1,285.3,2,285.3,284.0,284.0,1,,,,,,,,,,,,,,,,,,,285.3,2,285.44,3,285.71,1,286.26,1,286.29,3,286.56,1,286.57,1,286.82,3,286.83,1,286.95,3
2025-04-10 09:37:20,284.65,284.65,1,284.0,1,285.3,2,285.3,284.0,284.0,1,,,,,,,,,,,,,,,,,,,285.3,2,285.44,3,285.71,1,286.26,1,286.29,3,286.56,1,286.57,1,286.82,3,286.83,1,286.95,3
2025-04-10 09:37:21,284.65,284.65,1,284.0,1,285.3,2,285.3,284.0,284.0,1,,,,,,,,,,,,,,,,,,,285.3,2,285.44,3,285.71,1,286.26,1,286.29,3,286.56,1,286.57,1,286.82,3,286.83,1,286.95,3
2025-04-10 09:37:22,284.65,284.65,1,284.0,1,285.3,2,285.3,284.0,284.0,1,,,,,,,,,,,,,,,,,,,285.3,2,285.44,3,285.71,1,286.26,1,286.29,3,286.56,1,286.57,1,286.82,3,286.83,1,286.95,3
2025-04-10 09:37:23,284.65,284.65,1,284.0,1,285.3,2,285.3,284.0,284.0,1,,,,,,,,,,,,,,,,,,,285.3,2,285.44,3,285.71,1,286.26,1,286.29,3,286.56,1,286.57,1,286.82,3,286.83,1,286.95,3
2025-04-10 09:37:24,284.65,284.65,1,284.0,1,285.3,2,285.3,284.0,284.0,1,,,,,,,,,,,,,,,,,,,285.3,2,285.44,3,285.71,1,286.26,1,286.29,3,286.56,1,286.57,1,286.82,3,286.83,1,286.95,3
2025-04-10 09:37:25,284.65,284.65,1,284.0,1,285.3,2,285.3,284.0,284.0,1,,,,,,,,,,,,,,,,,,,285.3,2,285.44,3,285.71,1,286.26,1,286.29,3,286.56,1,286.57,1,286.82,3,286.83,1,286.95,3
2025-04-10 09:37:26,284.65,284.65,1,284.0,1,285.3,2,285.3,284.0,284.0,1,,,,,,,,,,,,,,,,,,,285.3,2,285.44,3,285.71,1,286.26,1,286.29,3,286.56,1,286.57,1,286.82,3,286.83,1,286.95,3
2025-04-10 09:37:27,284.65,284.65,1,284.0,1,285.3,2,285.3,284.0,284.0,1,,,,,,,,,,,,,,,,,,,285.3,2,285.44,3,285.71,1,286.26,1,286.29,3,286.56,1,286.57,1,286.82,3,286.83,1,286.95,3
2025-04-10 09:37:28,284.645,284.01,1,284.0,1,285.29,1,285.29,284.0,284.0,1,,,,,,,,,,,,,,,,,,,285.29,1,285.3,2,285.44,3,285.71,1,286.26,1,286.29,3,286.56,1,286.57,1,286.82,3,286.83,1
2025-04-10 09:37:29,284.645,284.04,1,284.0,1,285.29,2,285.29,284.0,284.0,1,,,,,,,,,,,,,,,,,,,285.29,2,285.3,2,285.44,3,285.71,1,286.26,1,286.29,3,286.56,1,286.57,1,286.82,3,286.83,1
2025-04-10 09:37:30,284.325,284.33,1,284.01,1,284.64,3,284.64,284.01,284.01,1,284.0,1,,,,,,,,,,,,,,,,,284.64,3,285.29,1,285.3,2,285.44,3,285.71,1,286.26,1,286.29,3,286.56,1,286.57,1,286.82,3
2025-04-10 09:37:31,284.315,284.32,1,284.0,1,284.63,4,284.63,284.0,284.0,1,,,,,,,,,,,,,,,,,,,284.63,4,284.64,4,285.29,1,285.3,2,285.44,3,285.71,1,286.26,1,286.29,3,286.56,1,286.57,1
2025-04-10 09:37:32,284.315,284.32,1,284.0,1,284.63,4,284.63,284.0,284.0,1,,,,,,,,,,,,,,,,,,,284.63,4,284.64,4,285.29,1,285.3,2,285.44,3,285.71,1,286.26,1,286.29,3,286.56,1,286.57,1
2025-04-10 09:37:33,284.315,284.32,1,284.0,1,284.63,4,284.63,284.0,284.0,1,,,,,,,,,,,,,,,,,,,284.63,4,284.64,4,285.29,1,285.3,2,285.44,3,285.71,1,286.26,1,286.29,3,286.56,1,286.57,1
2025-04-10 09:37:34,284.315,284.32,1,284.0,1,284.63,4,284.63,284.0,284.0,1,,,,,,,,,,,,,,,,,,,284.63,4,284.64,4,285.29,1,285.3,2,285.44,3,285.71,1,286.26,1,286.29,3,286.56,1,286.57,1
2025-04-10 09:37:35,283.855,284.22,1,283.22,3,284.49,2,284.49,283.22,283.22,3,,,,,,,,,,,,,,,,,,,284.49,2,284.63,2,284.64,4,285.29,1,285.3,2,285.44,3,285.71,1,286.26,1,286.29,3,286.56,1
2025-04-10 09:37:36,283.855,283.93,1,283.22,3,284.49,2,284.49,283.22,283.22,3,,,,,,,,,,,,,,,,,,,284.49,2,284.63,2,284.64,4,285.29,1,285.3,2,285.44,3,285.71,1,286.26,1,286.29,3,286.56,1
2025-04-10 09:37:37,283.855,283.93,1,283.22,3,284.49,2,284.49,283.22,283.22,3,,,,,,,,,,,,,,,,,,,284.49,2,284.63,2,284.64,4,285.29,1,285.3,2,285.44,3,285.71,1,286.26,1,286.29,3,286.56,1
2025-04-10 09:37:38,283.85,283.93,1,283.22,3,284.48,3,284.48,283.22,283.22,3,,,,,,,,,,,,,,,,,,,284.48,3,284.49,2,284.63,2,284.64,4,285.29,1,285.3,2,285.44,3,285.71,1,286.26,1,286.29,3
2025-04-10 09:37:39,283.85,283.93,1,283.22,3,284.48,1,284.48,283.22,283.22,3,,,,,,,,,,,,,,,,,,,284.48,1,284.49,2,284.63,2,284.64,4,285.29,1,285.3,2,285.44,3,285.71,1,286.26,1,286.29,3
2025-04-10 09:37:40,283.85,283.93,1,283.22,3,284.48,1,284.48,283.22,283.22,3,,,,,,,,,,,,,,,,,,,284.48,1,284.49,2,284.63,2,284.64,4,285.29,1,285.3,2,285.44,3,285.71,1,286.26,1,286.29,3
2025-04-10 09:37:41,283.85,283.85,1,283.22,3,284.48,1,284.48,283.22,283.22,3,,,,,,,,,,,,,,,,,,,284.48,1,284.49,2,284.63,2,284.64,4,285.29,1,285.3,2,285.44,3,285.71,1,286.26,1,286.29,3
2025-04-10 09:37:42,283.85,283.85,1,283.22,3,284.48,1,284.48,283.22,283.22,3,,,,,,,,,,,,,,,,,,,284.48,1,284.49,2,284.63,2,284.64,4,285.29,1,285.3,2,285.44,3,285.71,1,286.26,1,286.29,3
2025-04-10 09:37:43,283.85,283.85,1,283.22,3,284.48,1,284.48,283.22,283.22,3,,,,,,,,,,,,,,,,,,,284.48,1,284.49,2,284.63,2,284.64,4,285.29,1,285.3,2,285.44,3,285.71,1,286.26,1,286.29,3
2025-04-10 09:37:44,283.85,283.85,1,283.22,2,284.48,1,284.48,283.22,283.22,2,,,,,,,,,,,,,,,,,,,284.48,1,284.49,2,284.63,2,284.64,4,285.29,1,285.3,2,285.44,3,285.71,1,286.26,1,286.29,3
2025-04-10 09:37:45,283.85,283.85,1,283.22,2,284.48,1,284.48,283.22,283.22,2,,,,,,,,,,,,,,,,,,,284.48,1,284.49,2,284.63,2,284.64,4,285.29,1,285.3,2,285.44,3,285.71,1,286.26,1,286.29,3
2025-04-10 09:37:46,283.85,283.85,1,283.22,2,284.48,1,284.48,283.22,283.22,2,,,,,,,,,,,,,,,,,,,284.48,1,284.49,2,284.63,2,284.64,4,285.29,1,285.3,2,285.44,3,285.71,1,286.26,1,286.29,3
2025-04-10 09:37:47,283.85,283.85,1,283.22,2,284.48,1,284.48,283.22,283.22,2,,,,,,,,,,,,,,,,,,,284.48,1,284.49,2,284.63,2,284.64,4,285.29,1,285.3,2,285.44,3,285.71,1,286.26,1,286.29,3
2025-04-10 09:37:48,283.85,283.85,1,283.22,2,284.48,1,284.48,283.22,283.22,2,,,,,,,,,,,,,,,,,,,284.48,1,284.49,2,284.63,2,284.64,4,285.29,1,285.3,2,285.44,3,285.71,1,286.26,1,286.29,3
2025-04-10 09:37:49,283.72,283.85,1,283.22,2,284.22,1,284.22,283.22,283.22,2,,,,,,,,,,,,,,,,,,,284.22,1,284.48,1,284.49,2,284.63,2,284.64,4,285.29,1,285.3,2,285.44,3,285.71,1,286.26,1
2025-04-10 09:37:50,283.71,283.85,1,283.22,2,284.2,1,284.2,283.22,283.22,2,,,,,,,,,,,,,,,,,,,284.2,1,284.22,1,284.48,1,284.49,2,284.63,2,284.64,4,285.29,1,285.3,2,285.44,3,285.71,1
2025-04-10 09:37:51,283.71,283.85,1,283.22,2,284.2,1,284.2,283.22,283.22,2,,,,,,,,,,,,,,,,,,,284.2,1,284.22,1,284.48,1,284.49,2,284.63,2,284.64,4,285.29,1,285.3,2,285.44,3,285.71,1
2025-04-10 09:37:52,283.71,283.45,1,283.22,2,284.2,1,284.2,283.22,283.22,2,,,,,,,,,,,,,,,,,,,284.2,1,284.22,1,284.48,1,284.49,2,284.63,2,284.64,4,285.29,1,285.3,2,285.44,3,285.71,1
2025-04-10 09:37:53,283.45,283.44,1,282.75,3,284.15,2,284.15,282.75,282.75,3,,,,,,,,,,,,,,,,,,,284.15,2,284.2,1,284.22,1,284.48,1,284.49,2,284.63,2,284.64,4,285.29,1,285.3,2,285.44,3
2025-04-10 09:37:54,283.42,283.42,2,282.75,3,284.09,1,284.09,282.75,282.75,3,,,,,,,,,,,,,,,,,,,284.09,1,284.15,2,284.2,1,284.22,1,284.48,1,284.49,2,284.63,2,284.64,4,285.29,1,285.3,2
2025-04-10 09:37:55,283.42,283.42,2,282.75,3,284.09,2,284.09,282.75,282.75,3,,,,,,,,,,,,,,,,,,,284.09,2,284.15,2,284.2,1,284.22,1,284.48,1,284.49,2,284.63,2,284.64,4,285.29,1,285.3,2
2025-04-10 09:37:56,283.405,283.42,2,282.75,3,284.06,3,284.06,282.75,282.75,3,,,,,,,,,,,,,,,,,,,284.06,3,284.08,1,284.09,2,284.15,2,284.2,1,284.22,1,284.48,1,284.49,2,284.63,2,284.64,4
2025-04-10 09:37:57,283.315,283.35,1,282.75,2,283.88,2,283.88,282.75,282.75,2,,,,,,,,,,,,,,,,,,,283.88,2,283.89,2,283.9,2,283.91,1,283.92,2,283.93,1,283.94,2,283.95,1,283.96,2,284.06,3
2025-04-10 09:37:58,283.3,283.35,1,282.75,2,283.85,3,283.85,282.75,282.75,2,,,,,,,,,,,,,,,,,,,283.85,3,283.86,2,283.87,2,283.88,2,283.89,2,283.9,2,283.91,1,283.92,2,283.93,1,283.94,2
2025-04-10 09:37:59,283.3,283.35,1,282.75,2,283.85,4,283.85,282.75,282.75,2,,,,,,,,,,,,,,,,,,,283.85,4,283.86,2,283.87,2,283.88,2,283.89,2,283.9,2,283.91,1,283.92,2,283.93,1,283.94,2
2025-04-10 09:38:00,283.285,283.35,1,282.75,2,283.82,4,283.82,282.75,282.75,2,,,,,,,,,,,,,,,,,,,283.82,4,283.85,2,283.86,2,283.87,2,283.88,2,283.89,2,283.9,2,283.91,1,283.92,2,283.93,1
2025-04-10 09:38:01,283.285,283.35,1,282.75,2,283.82,4,283.82,282.75,282.75,2,,,,,,,,,,,,,,,,,,,283.82,4,283.85,2,283.86,2,283.87,2,283.88,2,283.89,2,283.9,2,283.91,1,283.92,2,283.93,1
2025-04-10 09:38:02,283.285,283.35,1,282.75,2,283.82,4,283.82,282.75,282.75,2,,,,,,,,,,,,,,,,,,,283.82,4,283.85,2,283.86,2,283.87,2,283.88,2,283.89,2,283.9,2,283.91,1,283.92,2,283.93,1
2025-04-10 09:38:03,283.285,283.35,1,282.75,2,283.82,4,283.82,282.75,282.75,2,,,,,,,,,,,,,,,,,,,283.82,4,283.85,2,283.86,2,283.87,2,283.88,2,283.89,2,283.9,2,283.91,1,283.92,2,283.93,1
2025-04-10 09:38:04,283.285,283.29,1,282.75,2,283.82,4,283.82,282.75,282.75,2,,,,,,,,,,,,,,,,,,,283.82,4,283.85,2,283.86,2,283.87,2,283.88,2,283.89,2,283.9,2,283.91,1,283.92,2,283.93,1
2025-04-10 09:38:05,283.31,283.32,1,282.81,1,283.81,1,283.81,282.81,282.81,1,282.75,3,,,,,,,,,,,,,,,,,283.81,1,283.82,4,283.85,2,283.86,2,283.87,2,283.88,2,283.89,2,283.9,2,283.91,1,283.92,2
2025-04-10 09:38:06,283.31,283.31,1,282.81,1,283.81,2,283.81,282.81,282.81,1,282.75,3,,,,,,,,,,,,,,,,,283.81,2,283.82,4,283.85,2,283.86,2,283.87,2,283.88,2,283.89,2,283.9,2,283.91,1,283.92,2
2025-04-10 09:38:07,283.895,283.89,1,283.56,1,284.23,2,284.23,283.56,283.56,1,283.23,2,282.81,1,282.75,3,,,,,,,,,,,,,284.23,2,284.48,1,284.49,2,284.63,2,284.64,4,285.29,1,285.3,2,285.44,3,285.71,1,286.26,1
2025-04-10 09:38:08,283.895,283.89,1,283.56,1,284.23,2,284.23,283.56,283.56,1,283.23,2,282.81,1,282.75,3,,,,,,,,,,,,,284.23,2,284.48,1,284.49,2,284.63,2,284.64,4,285.29,1,285.3,2,285.44,3,285.71,1,286.26,1
2025-04-10 09:38:09,283.895,283.89,1,283.56,1,284.23,2,284.23,283.56,283.56,1,283.23,2,282.81,1,282.75,3,,,,,,,,,,,,,284.23,2,284.48,1,284.49,2,284.63,2,284.64,4,285.29,1,285.3,2,285.44,3,285.71,1,286.26,1
2025-04-10 09:38:10,284.445,284.23,1,283.89,1,285.0,1,285.0,283.89,283.89,1,283.81,1,283.67,1,283.57,1,283.56,3,283.23,2,282.81,1,282.75,3,,,,,285.0,1,285.29,1,285.3,2,285.44,3,285.71,1,286.26,1,286.29,3,286.56,1,286.57,1,286.82,3
2025-04-10 09:38:11,284.345,284.23,1,283.69,1,285.0,1,285.0,283.69,283.69,1,283.67,1,283.57,1,283.56,3,283.23,2,282.81,1,282.75,3,,,,,,,285.0,1,285.29,1,285.3,2,285.44,3,285.71,1,286.26,1,286.29,3,286.56,1,286.57,1,286.82,3
2025-04-10 09:38:12,284.345,284.23,1,283.69,1,285.0,1,285.0,283.69,283.69,1,283.67,1,283.57,1,283.56,3,283.23,2,282.81,1,282.75,3,,,,,,,285.0,1,285.29,1,285.3,2,285.44,3,285.71,1,286.26,1,286.29,3,286.56,1,286.57,1,286.82,3
2025-04-10 09:38:13,284.615,284.23,1,284.23,2,285.0,1,285.0,284.23,284.23,2,283.67,1,283.57,1,283.56,3,283.23,2,282.81,1,282.75,3,,,,,,,285.0,1,285.29,1,285.3,2,285.44,3,285.71,1,286.26,1,286.29,3,286.56,1,286.57,1,286.82,3
2025-04-10 09:38:14,284.615,284.23,1,284.23,2,285.0,1,285.0,284.23,284.23,2,283.67,1,283.57,1,283.56,3,283.23,2,282.81,1,282.75,3,,,,,,,285.0,1,285.29,1,285.3,2,285.44,3,285.71,1,286.26,1,286.29,3,286.56,1,286.57,1,286.82,3
2025-04-10 09:38:15,284.615,284.23,1,284.23,2,285.0,1,285.0,284.23,284.23,2,283.67,1,283.57,1,283.56,3,283.23,2,282.81,1,282.75,3,,,,,,,285.0,1,285.29,1,285.3,2,285.44,3,285.71,1,286.26,1,286.29,3,286.56,1,286.57,1,286.82,3
2025-04-10 09:38:16,284.615,284.23,1,284.23,2,285.0,1,285.0,284.23,284.23,2,283.67,1,283.57,1,283.56,3,283.23,2,282.81,1,282.75,3,,,,,,,285.0,1,285.29,1,285.3,2,285.44,3,285.71,1,286.26,1,286.29,3,286.56,1,286.57,1,286.82,3
2025-04-10 09:38:17,284.615,284.23,1,284.23,2,285.0,1,285.0,284.23,284.23,2,283.67,1,283.57,1,283.56,3,283.23,2,282.81,1,282.75,3,,,,,,,285.0,1,285.29,1,285.3,2,285.44,3,285.71,1,286.26,1,286.29,3,286.56,1,286.57,1,286.82,3
2025-04-10 09:38:18,284.615,284.23,1,284.23,2,285.0,1,285.0,284.23,284.23,2,283.67,1,283.57,1,283.56,3,283.23,2,282.81,1,282.75,3,,,,,,,285.0,1,285.29,1,285.3,2,285.44,3,285.71,1,286.26,1,286.29,3,286.56,1,286.57,1,286.82,3
2025-04-10 09:38:19,284.615,284.23,1,284.23,2,285.0,1,285.0,284.23,284.23,2,283.67,1,283.57,1,283.56,3,283.23,2,282.81,1,282.75,3,,,,,,,285.0,1,285.29,1,285.3,2,285.44,3,285.71,1,286.26,1,286.29,3,286.56,1,286.57,1,286.82,3
2025-04-10 09:38:20,284.615,284.23,1,284.23,2,285.0,1,285.0,284.23,284.23,2,283.67,1,283.57,1,283.56,3,283.23,2,282.81,1,282.75,3,,,,,,,285.0,1,285.29,1,285.3,2,285.44,3,285.71,1,286.26,1,286.29,3,286.56,1,286.57,1,286.82,3
2025-04-10 09:38:21,284.615,284.62,1,284.23,2,285.0,1,285.0,284.23,284.23,2,283.67,1,283.57,1,283.56,3,283.23,2,282.81,1,282.75,3,,,,,,,285.0,1,285.29,1,285.3,2,285.44,3,285.71,1,286.26,1,286.29,3,286.56,1,286.57,1,286.82,3
2025-04-10 09:38:22,284.615,284.62,1,284.23,2,285.0,1,285.0,284.23,284.23,2,283.67,1,283.57,1,283.56,3,283.23,2,282.81,1,282.75,3,,,,,,,285.0,1,285.29,1,285.3,2,285.44,3,285.71,1,286.26,1,286.29,3,286.56,1,286.57,1,286.82,3
2025-04-10 09:38:23,284.615,284.62,1,284.23,2,285.0,1,285.0,284.23,284.23,2,283.67,1,283.57,1,283.56,3,283.23,2,282.81,1,282.75,3,,,,,,,285.0,1,285.29,1,285.3,2,285.44,3,285.71,1,286.26,1,286.29,3,286.56,1,286.57,1,286.82,3
2025-04-10 09:38:24,284.615,284.62,1,284.23,2,285.0,1,285.0,284.23,284.23,2,283.67,1,283.57,1,283.56,3,283.23,2,282.81,1,282.75,3,,,,,,,285.0,1,285.29,1,285.3,2,285.44,3,285.71,1,286.26,1,286.29,3,286.56,1,286.57,1,286.82,3
2025-04-10 09:38:25,284.61,284.62,1,284.23,2,284.99,1,284.99,284.23,284.23,2,283.67,1,283.57,1,283.56,3,283.23,2,282.81,1,282.75,3,,,,,,,284.99,1,285.0,1,285.29,1,285.3,2,285.44,3,285.71,1,286.26,1,286.29,3,286.56,1,286.57,1
2025-04-10 09:38:26,284.61,284.62,1,284.23,2,284.99,1,284.99,284.23,284.23,2,283.67,1,283.57,1,283.56,3,283.23,2,282.81,1,282.75,3,,,,,,,284.99,1,285.0,1,285.29,1,285.3,2,285.44,3,285.71,1,286.26,1,286.29,3,286.56,1,286.57,1
2025-04-10 09:38:28,284.585,284.62,1,284.18,2,284.99,1,284.99,284.18,284.18,2,283.67,1,283.57,1,283.56,3,283.23,2,282.81,1,282.75,3,,,,,,,284.99,1,285.0,1,285.29,1,285.3,2,285.44,3,285.71,1,286.26,1,286.29,3,286.56,1,286.57,1
2025-04-10 09:38:29,284.585,284.62,1,284.18,2,284.99,1,284.99,284.18,284.18,2,283.67,1,283.57,1,283.56,3,283.23,2,282.81,1,282.75,3,,,,,,,284.99,1,285.0,1,285.29,1,285.3,2,285.44,3,285.71,1,286.26,1,286.29,3,286.56,1,286.57,1
2025-04-10 09:38:30,284.585,284.62,1,284.18,2,284.99,2,284.99,284.18,284.18,2,283.67,1,283.57,1,283.56,3,283.23,2,282.81,1,282.75,3,,,,,,,284.99,2,285.0,1,285.29,1,285.3,2,285.44,3,285.71,1,286.26,1,286.29,3,286.56,1,286.57,1
2025-04-10 09:38:31,284.61,284.63,1,284.23,2,284.99,2,284.99,284.23,284.23,2,284.18,2,283.67,1,283.57,1,283.56,3,283.23,2,282.81,1,282.75,3,,,,,284.99,2,285.0,1,285.29,1,285.3,2,285.44,3,285.71,1,286.26,1,286.29,3,286.56,1,286.57,1
2025-04-10 09:38:32,284.61,284.61,1,284.23,2,284.99,2,284.99,284.23,284.23,2,284.18,2,283.67,1,283.57,1,283.56,3,283.23,2,282.81,1,282.75,3,,,,,284.99,2,285.0,1,285.29,1,285.3,2,285.44,3,285.71,1,286.26,1,286.29,3,286.56,1,286.57,1
2025-04-10 09:38:33,284.585,284.58,1,284.18,2,284.99,3,284.99,284.18,284.18,2,283.67,1,283.57,1,283.56,3,283.23,2,282.81,1,282.75,3,,,,,,,284.99,3,285.0,1,285.29,1,285.3,2,285.44,3,285.71,1,286.26,1,286.29,3,286.56,1,286.57,1
2025-04-10 09:38:34,284.585,284.58,1,284.18,2,284.99,3,284.99,284.18,284.18,2,283.67,1,283.57,1,283.56,3,283.23,2,282.81,1,282.75,3,,,,,,,284.99,3,285.0,1,285.29,1,285.3,2,285.44,3,285.71,1,286.26,1,286.29,3,286.56,1,286.57,1
2025-04-10 09:38:35,284.585,284.58,1,284.18,2,284.99,3,284.99,284.18,284.18,2,283.67,1,283.57,1,283.56,3,283.23,2,282.81,1,282.75,3,,,,,,,284.99,3,285.0,1,285.29,1,285.3,2,285.44,3,285.71,1,286.26,1,286.29,3,286.56,1,286.57,1
2025-04-10 09:38:36,284.585,284.18,1,284.18,2,284.99,2,284.99,284.18,284.18,2,283.67,1,283.57,1,283.56,3,283.23,2,282.81,1,282.75,3,,,,,,,284.99,2,285.0,1,285.29,1,285.3,2,285.44,3,285.71,1,286.26,1,286.29,3,286.56,1,286.57,1
2025-04-10 09:38:37,284.585,284.39,1,284.18,2,284.99,3,284.99,284.18,284.18,2,283.67,1,283.57,1,283.56,3,283.23,2,282.81,1,282.75,3,,,,,,,284.99,3,285.0,1,285.29,1,285.3,2,285.44,3,285.71,1,286.26,1,286.29,3,286.56,1,286.57,1
2025-04-10 09:38:38,284.585,284.39,1,284.18,2,284.99,3,284.99,284.18,284.18,2,283.67,1,283.57,1,283.56,3,283.23,2,282.81,1,282.75,3,,,,,,,284.99,3,285.0,1,285.29,1,285.3,2,285.44,3,285.71,1,286.26,1,286.29,3,286.56,1,286.57,1
2025-04-10 09:38:39,284.585,284.39,1,284.18,2,284.99,3,284.99,284.18,284.18,2,283.67,1,283.57,1,283.56,3,283.23,2,282.81,1,282.75,3,,,,,,,284.99,3,285.0,1,285.29,1,285.3,2,285.44,3,285.71,1,286.26,1,286.29,3,286.56,1,286.57,1
2025-04-10 09:38:40,284.585,284.39,1,284.18,2,284.99,3,284.99,284.18,284.18,2,283.67,1,283.57,1,283.56,3,283.23,2,282.81,1,282.75,3,,,,,,,284.99,3,285.0,1,285.29,1,285.3,2,285.44,3,285.71,1,286.26,1,286.29,3,286.56,1,286.57,1
2025-04-10 09:38:41,284.585,284.18,1,284.18,1,284.99,3,284.99,284.18,284.18,1,283.67,1,283.57,1,283.56,3,283.23,2,282.81,1,282.75,3,,,,,,,284.99,3,285.0,1,285.29,1,285.3,2,285.44,3,285.71,1,286.26,1,286.29,3,286.56,1,286.57,1
2025-04-10 09:38:42,284.585,284.18,1,284.18,1,284.99,2,284.99,284.18,284.18,1,283.67,1,283.57,1,283.56,3,283.23,2,282.81,1,282.75,3,,,,,,,284.99,2,285.0,1,285.29,1,285.3,2,285.44,3,285.71,1,286.26,1,286.29,3,286.56,1,286.57,1
2025-04-10 09:38:43,284.66,284.18,1,284.33,1,284.99,2,284.99,284.33,284.33,1,284.18,1,283.67,1,283.57,1,283.56,3,283.23,2,282.81,1,282.75,3,,,,,284.99,2,285.0,1,285.29,1,285.3,2,285.44,3,285.71,1,286.26,1,286.29,3,286.56,1,286.57,1
2025-04-10 09:38:44,284.66,284.18,1,284.33,1,284.99,2,284.99,284.33,284.33,1,284.18,1,283.67,1,283.57,1,283.56,3,283.23,2,282.81,1,282.75,3,,,,,284.99,2,285.0,1,285.29,1,285.3,2,285.44,3,285.71,1,286.26,1,286.29,3,286.56,1,286.57,1
2025-04-10 09:38:45,284.665,284.18,1,284.34,1,284.99,2,284.99,284.34,284.34,1,284.33,1,284.18,1,283.67,1,283.57,1,283.56,3,283.23,2,282.81,1,282.75,3,,,284.99,2,285.0,1,285.29,1,285.3,2,285.44,3,285.71,1,286.26,1,286.29,3,286.56,1,286.57,1
2025-04-10 09:38:46,284.665,284.18,1,284.34,1,284.99,2,284.99,284.34,284.34,1,284.33,1,284.18,1,283.67,1,283.57,1,283.56,3,283.23,2,282.81,1,282.75,3,,,284.99,2,285.0,1,285.29,1,285.3,2,285.44,3,285.71,1,286.26,1,286.29,3,286.56,1,286.57,1
2025-04-10 09:38:47,284.475,284.28,1,283.96,1,284.99,2,284.99,283.96,283.96,1,283.67,1,283.57,1,283.56,3,283.23,2,282.81,1,282.75,3,,,,,,,284.99,2,285.0,1,285.29,1,285.3,2,285.44,3,285.71,1,286.26,1,286.29,3,286.56,1,286.57,1
2025-04-10 09:38:48,284.475,284.28,1,283.96,1,284.99,2,284.99,283.96,283.96,1,283.67,1,283.57,1,283.56,3,283.23,2,282.81,1,282.75,3,,,,,,,284.99,2,285.0,1,285.29,1,285.3,2,285.44,3,285.71,1,286.26,1,286.29,3,286.56,1,286.57,1
2025-04-10 09:38:49,284.51,284.28,1,284.03,1,284.99,2,284.99,284.03,284.03,1,283.96,1,283.67,1,283.57,1,283.56,3,283.23,2,282.81,1,282.75,3,,,,,284.99,2,285.0,1,285.29,1,285.3,2,285.44,3,285.71,1,286.26,1,286.29,3,286.56,1,286.57,1
2025-04-10 09:38:50,284.58,284.24,1,284.17,1,284.99,2,284.99,284.17,284.17,1,284.03,1,283.96,1,283.67,1,283.57,1,283.56,3,283.23,2,282.81,1,282.75,3,,,284.99,2,285.0,1,285.29,1,285.3,2,285.44,3,285.71,1,286.26,1,286.29,3,286.56,1,286.57,1
2025-04-10 09:38:51,284.58,284.24,1,284.17,1,284.99,2,284.99,284.17,284.17,1,284.03,1,283.96,1,283.67,1,283.57,1,283.56,3,283.23,2,282.81,1,282.75,3,,,284.99,2,285.0,1,285.29,1,285.3,2,285.44,3,285.71,1,286.26,1,286.29,3,286.56,1,286.57,1
2025-04-10 09:38:52,284.58,284.24,1,284.17,1,284.99,2,284.99,284.17,284.17,1,284.03,1,283.96,1,283.67,1,283.57,1,283.56,3,283.23,2,282.81,1,282.75,3,,,284.99,2,285.0,1,285.29,1,285.3,2,285.44,3,285.71,1,286.26,1,286.29,3,286.56,1,286.57,1
2025-04-10 09:38:53,284.58,284.24,1,284.17,1,284.99,2,284.99,284.17,284.17,1,284.03,1,283.96,1,283.67,1,283.57,1,283.56,3,283.23,2,282.81,1,282.75,3,,,284.99,2,285.0,1,285.29,1,285.3,2,285.44,3,285.71,1,286.26,1,286.29,3,286.56,1,286.57,1
2025-04-10 09:38:54,284.58,284.46,1,284.17,1,284.99,2,284.99,284.17,284.17,1,284.03,1,283.96,1,283.67,1,283.57,1,283.56,3,283.23,2,282.81,1,282.75,3,,,284.99,2,285.0,1,285.29,1,285.3,2,285.44,3,285.71,1,286.26,1,286.29,3,286.56,1,286.57,1
2025-04-10 09:38:55,284.575,284.46,1,284.17,1,284.98,2,284.98,284.17,284.17,1,284.03,1,283.96,1,283.67,1,283.57,1,283.56,3,283.23,2,282.81,1,282.75,3,,,284.98,2,284.99,1,285.0,1,285.29,1,285.3,2,285.44,3,285.71,1,286.26,1,286.29,3,286.56,1
2025-04-10 09:38:56,284.575,284.46,1,284.17,1,284.98,2,284.98,284.17,284.17,1,284.03,1,283.96,1,283.67,1,283.57,1,283.56,3,283.23,2,282.81,1,282.75,3,,,284.98,2,284.99,1,285.0,1,285.29,1,285.3,2,285.44,3,285.71,1,286.26,1,286.29,3,286.56,1
2025-04-10 09:38:57,284.575,284.2,1,284.17,1,284.98,2,284.98,284.17,284.17,1,284.03,1,283.96,1,283.67,1,283.57,1,283.56,3,283.23,2,282.81,1,282.75,3,,,284.98,2,284.99,1,285.0,1,285.29,1,285.3,2,285.44,3,285.71,1,286.26,1,286.29,3,286.56,1
2025-04-10 09:38:58,284.575,284.62,1,284.17,1,284.98,2,284.98,284.17,284.17,1,284.03,1,283.96,1,283.67,1,283.57,1,283.56,3,283.23,2,282.81,1,282.75,3,,,284.98,2,284.99,1,285.0,1,285.29,1,285.3,2,285.44,3,285.71,1,286.26,1,286.29,3,286.56,1
2025-04-10 09:38:59,284.625,284.59,1,284.27,1,284.98,2,284.98,284.27,284.27,1,284.03,1,283.96,1,283.67,1,283.57,1,283.56,3,283.23,2,282.81,1,282.75,3,,,284.98,2,284.99,1,285.0,1,285.29,1,285.3,2,285.44,3,285.71,1,286.26,1,286.29,3,286.56,1
2025-04-10 09:39:00,284.625,284.3,1,284.27,1,284.98,4,284.98,284.27,284.27,1,284.03,1,283.96,1,283.67,1,283.57,1,283.56,3,283.23,2,282.81,1,282.75,3,,,284.98,4,284.99,1,285.0,1,285.29,1,285.3,2,285.44,3,285.71,1,286.26,1,286.29,3,286.56,1
2025-04-10 09:39:01,284.625,284.3,1,284.27,1,284.98,4,284.98,284.27,284.27,1,284.03,1,283.96,1,283.67,1,283.57,1,283.56,3,283.23,2,282.81,1,282.75,3,,,284.98,4,284.99,1,285.0,1,285.29,1,285.3,2,285.44,3,285.71,1,286.26,1,286.29,3,286.56,1
2025-04-10 09:39:02,284.625,284.3,1,284.27,1,284.98,4,284.98,284.27,284.27,1,284.03,1,283.96,1,283.67,1,283.57,1,283.56,3,283.23,2,282.81,1,282.75,3,,,284.98,4,284.99,1,285.0,1,285.29,1,285.3,2,285.44,3,285.71,1,286.26,1,286.29,3,286.56,1
2025-04-10 09:39:03,284.625,284.3,1,284.27,1,284.98,4,284.98,284.27,284.27,1,284.03,1,283.96,1,283.67,1,283.57,1,283.56,3,283.23,2,282.81,1,282.75,3,,,284.98,4,284.99,1,285.0,1,285.29,1,285.3,2,285.44,3,285.71,1,286.26,1,286.29,3,286.56,1
2025-04-10 09:39:04,284.625,284.3,1,284.27,1,284.98,4,284.98,284.27,284.27,1,284.03,1,283.96,1,283.67,1,283.57,1,283.56,3,283.23,2,282.81,1,282.75,3,,,284.98,4,284.99,1,285.0,1,285.29,1,285.3,2,285.44,3,285.71,1,286.26,1,286.29,3,286.56,1
2025-04-10 09:39:05,284.625,284.3,1,284.27,1,284.98,4,284.98,284.27,284.27,1,284.03,1,283.96,1,283.67,1,283.57,1,283.56,3,283.23,2,282.81,1,282.75,3,,,284.98,4,284.99,1,285.0,1,285.29,1,285.3,2,285.44,3,285.71,1,286.26,1,286.29,3,286.56,1
2025-04-10 09:39:06,284.625,284.3,1,284.27,1,284.98,4,284.98,284.27,284.27,1,284.03,1,283.96,1,283.67,1,283.57,1,283.56,3,283.23,2,282.81,1,282.75,3,,,284.98,4,284.99,1,285.0,1,285.29,1,285.3,2,285.44,3,285.71,1,286.26,1,286.29,3,286.56,1
2025-04-10 09:39:07,284.625,284.3,1,284.27,1,284.98,4,284.98,284.27,284.27,1,284.03,1,283.96,1,283.67,1,283.57,1,283.56,3,283.23,2,282.81,1,282.75,3,,,284.98,4,284.99,1,285.0,1,285.29,1,285.3,2,285.44,3,285.71,1,286.26,1,286.29,3,286.56,1
2025-04-10 09:39:08,284.625,284.3,1,284.27,1,284.98,4,284.98,284.27,284.27,1,284.03,1,283.96,1,283.67,1,283.57,1,283.56,3,283.23,2,282.81,1,282.75,3,,,284.98,4,284.99,1,285.0,1,285.29,1,285.3,2,285.44,3,285.71,1,286.26,1,286.29,3,286.56,1
2025-04-10 09:39:09,284.22,283.48,1,283.46,1,284.98,4,284.98,283.46,283.46,1,283.42,1,283.23,2,282.81,1,282.75,3,,,,,,,,,,,284.98,4,284.99,1,285.0,1,285.29,1,285.3,2,285.44,3,285.71,1,286.26,1,286.29,3,286.56,1
2025-04-10 09:39:10,284.22,283.49,1,283.46,1,284.98,2,284.98,283.46,283.46,1,283.42,1,283.23,2,282.81,1,282.75,3,,,,,,,,,,,284.98,2,284.99,1,285.0,1,285.29,1,285.3,2,285.44,3,285.71,1,286.26,1,286.29,3,286.56,1
2025-04-10 09:39:11,283.98,283.49,1,283.46,1,284.5,2,284.5,283.46,283.46,1,283.42,1,283.23,2,282.81,1,282.75,3,,,,,,,,,,,284.5,2,284.98,2,284.99,1,285.0,1,285.29,1,285.3,2,285.44,3,285.71,1,286.26,1,286.29,3
2025-04-10 09:39:12,283.79,283.49,1,283.08,2,284.5,2,284.5,283.08,283.08,2,282.81,1,282.75,3,,,,,,,,,,,,,,,284.5,2,284.98,2,284.99,1,285.0,1,285.29,1,285.3,2,285.44,3,285.71,1,286.26,1,286.29,3
2025-04-10 09:39:13,283.79,283.49,1,283.08,2,284.5,2,284.5,283.08,283.08,2,282.81,1,282.75,3,,,,,,,,,,,,,,,284.5,2,284.98,2,284.99,1,285.0,1,285.29,1,285.3,2,285.44,3,285.71,1,286.26,1,286.29,3
2025-04-10 09:39:14,283.355,283.11,1,283.04,1,283.67,1,283.67,283.04,283.04,1,282.81,1,282.75,3,,,,,,,,,,,,,,,283.67,1,284.5,2,284.98,2,284.99,1,285.0,1,285.29,1,285.3,2,285.44,3,285.71,1,286.26,1
2025-04-10 09:39:15,283.355,283.36,1,283.04,1,283.67,1,283.67,283.04,283.04,1,282.81,1,282.75,3,,,,,,,,,,,,,,,283.67,1,284.5,2,284.98,2,284.99,1,285.0,1,285.29,1,285.3,2,285.44,3,285.71,1,286.26,1
2025-04-10 09:39:16,283.335,283.36,1,283.0,1,283.67,1,283.67,283.0,283.0,1,282.81,1,282.75,3,,,,,,,,,,,,,,,283.67,1,284.5,2,284.98,2,284.99,1,285.0,1,285.29,1,285.3,2,285.44,3,285.71,1,286.26,1
2025-04-10 09:39:17,283.335,283.02,1,283.0,1,283.67,1,283.67,283.0,283.0,1,282.81,1,282.75,3,,,,,,,,,,,,,,,283.67,1,284.5,2,284.98,2,284.99,1,285.0,1,285.29,1,285.3,2,285.44,3,285.71,1,286.26,1
2025-04-10 09:39:18,283.335,283.02,1,283.0,1,283.67,1,283.67,283.0,283.0,1,282.81,1,282.75,3,,,,,,,,,,,,,,,283.67,1,284.5,2,284.98,2,284.99,1,285.0,1,285.29,1,285.3,2,285.44,3,285.71,1,286.26,1
2025-04-10 09:39:19,283.335,283.02,1,283.0,1,283.67,1,283.67,283.0,283.0,1,282.81,1,282.75,3,,,,,,,,,,,,,,,283.67,1,284.5,2,284.98,2,284.99,1,285.0,1,285.29,1,285.3,2,285.44,3,285.71,1,286.26,1
2025-04-10 09:39:20,283.335,283.02,1,283.0,1,283.67,1,283.67,283.0,283.0,1,282.81,1,282.75,3,,,,,,,,,,,,,,,283.67,1,284.5,2,284.98,2,284.99,1,285.0,1,285.29,1,285.3,2,285.44,3,285.71,1,286.26,1
2025-04-10 09:39:21,283.335,283.02,1,283.0,1,283.67,1,283.67,283.0,283.0,1,282.81,1,282.75,3,,,,,,,,,,,,,,,283.67,1,284.5,2,284.98,2,284.99,1,285.0,1,285.29,1,285.3,2,285.44,3,285.71,1,286.26,1
2025-04-10 09:39:22,283.01,283.02,1,282.36,1,283.66,1,283.66,282.36,282.36,1,282.23,1,,,,,,,,,,,,,,,,,283.66,1,283.67,1,284.5,2,284.98,2,284.99,1,285.0,1,285.29,1,285.3,2,285.44,3,285.71,1
2025-04-10 09:39:23,283.01,282.5,1,282.36,1,283.66,1,283.66,282.36,282.36,1,282.23,1,,,,,,,,,,,,,,,,,283.66,1,283.67,1,284.5,2,284.98,2,284.99,1,285.0,1,285.29,1,285.3,2,285.44,3,285.71,1
2025-04-10 09:39:24,283.01,282.72,1,282.36,1,283.66,1,283.66,282.36,282.36,1,282.23,1,,,,,,,,,,,,,,,,,283.66,1,283.67,1,284.5,2,284.98,2,284.99,1,285.0,1,285.29,1,285.3,2,285.44,3,285.71,1
2025-04-10 09:39:25,283.01,282.36,1,282.36,1,283.66,2,283.66,282.36,282.36,1,282.23,1,,,,,,,,,,,,,,,,,283.66,2,283.67,1,284.5,2,284.98,2,284.99,1,285.0,1,285.29,1,285.3,2,285.44,3,285.71,1
2025-04-10 09:39:26,283.01,282.36,1,282.36,1,283.66,2,283.66,282.36,282.36,1,282.23,1,,,,,,,,,,,,,,,,,283.66,2,283.67,1,284.5,2,284.98,2,284.99,1,285.0,1,285.29,1,285.3,2,285.44,3,285.71,1
2025-04-10 09:39:27,283.01,282.39,1,282.36,1,283.66,1,283.66,282.36,282.36,1,282.23,1,,,,,,,,,,,,,,,,,283.66,1,283.67,1,284.5,2,284.98,2,284.99,1,285.0,1,285.29,1,285.3,2,285.44,3,285.71,1
2025-04-10 09:39:28,283.01,282.39,1,282.36,1,283.66,1,283.66,282.36,282.36,1,282.23,1,,,,,,,,,,,,,,,,,283.66,1,283.67,1,284.5,2,284.98,2,284.99,1,285.0,1,285.29,1,285.3,2,285.44,3,285.71,1
2025-04-10 09:39:29,283.01,282.39,1,282.36,1,283.66,1,283.66,282.36,282.36,1,282.23,1,,,,,,,,,,,,,,,,,283.66,1,283.67,1,284.5,2,284.98,2,284.99,1,285.0,1,285.29,1,285.3,2,285.44,3,285.71,1
2025-04-10 09:39:30,283.01,282.71,1,282.36,1,283.66,1,283.66,282.36,282.36,1,282.23,1,,,,,,,,,,,,,,,,,283.66,1,283.67,1,284.5,2,284.98,2,284.99,1,285.0,1,285.29,1,285.3,2,285.44,3,285.71,1
2025-04-10 09:39:31,283.225,282.36,2,282.36,1,284.09,1,284.09,282.36,282.36,1,282.23,1,,,,,,,,,,,,,,,,,284.09,1,284.14,2,284.5,2,284.98,2,284.99,1,285.0,1,285.29,1,285.3,2,285.44,3,285.71,1
2025-04-10 09:39:32,283.225,282.36,2,282.36,1,284.09,1,284.09,282.36,282.36,1,282.23,1,,,,,,,,,,,,,,,,,284.09,1,284.14,2,284.5,2,284.98,2,284.99,1,285.0,1,285.29,1,285.3,2,285.44,3,285.71,1
2025-04-10 09:39:33,283.225,282.36,2,282.36,1,284.09,1,284.09,282.36,282.36,1,282.23,1,,,,,,,,,,,,,,,,,284.09,1,284.14,2,284.5,2,284.98,2,284.99,1,285.0,1,285.29,1,285.3,2,285.44,3,285.71,1
2025-04-10 09:39:34,283.49,283.39,1,282.9,1,284.08,1,284.08,282.9,282.9,1,282.89,1,282.76,1,282.64,2,282.36,1,282.23,1,,,,,,,,,284.08,1,284.14,3,284.5,2,284.98,2,284.99,1,285.0,1,285.29,1,285.3,2,285.44,3,285.71,1
2025-04-10 09:39:35,283.325,283.22,1,282.51,2,284.14,2,284.14,282.51,282.51,2,282.36,1,282.23,1,,,,,,,,,,,,,,,284.14,2,284.5,2,284.98,2,284.99,1,285.0,1,285.29,1,285.3,2,285.44,3,285.71,1,286.26,1
2025-04-10 09:39:36,283.325,283.22,1,282.51,2,284.14,2,284.14,282.51,282.51,2,282.36,1,282.23,1,,,,,,,,,,,,,,,284.14,2,284.5,2,284.98,2,284.99,1,285.0,1,285.29,1,285.3,2,285.44,3,285.71,1,286.26,1
2025-04-10 09:39:37,283.3,283.33,1,282.51,2,284.09,1,284.09,282.51,282.51,2,282.36,1,282.23,1,,,,,,,,,,,,,,,284.09,1,284.14,2,284.5,2,284.98,2,284.99,1,285.0,1,285.29,1,285.3,2,285.44,3,285.71,1
2025-04-10 09:39:38,283.045,283.33,1,282.51,2,283.58,1,283.58,282.51,282.51,2,282.36,1,282.23,1,,,,,,,,,,,,,,,283.58,1,284.09,1,284.14,2,284.5,2,284.98,2,284.99,1,285.0,1,285.29,1,285.3,2,285.44,3
2025-04-10 09:39:39,283.045,283.33,1,282.51,2,283.58,1,283.58,282.51,282.51,2,282.36,1,282.23,1,,,,,,,,,,,,,,,283.58,1,284.09,1,284.14,2,284.5,2,284.98,2,284.99,1,285.0,1,285.29,1,285.3,2,285.44,3
