sim_time,mid_price,last_price,last_size,best_bid_price,best_bid_size,best_ask_price,best_ask_size,close_price_buy,close_price_sell,bid1_price,bid1_size,bid2_price,bid2_size,bid3_price,bid3_size,bid4_price,bid4_size,bid5_price,bid5_size,bid6_price,bid6_size,bid7_price,bid7_size,bid8_price,bid8_size,bid9_price,bid9_size,bid10_price,bid10_size,ask1_price,ask1_size,ask2_price,ask2_size,ask3_price,ask3_size,ask4_price,ask4_size,ask5_price,ask5_size,ask6_price,ask6_size,ask7_price,ask7_size,ask8_price,ask8_size,ask9_price,ask9_size,ask10_price,ask10_size
2025-04-10 09:30:11,184.545,184.55,1,184.53,19,184.56,3,184.56,184.53,184.53,19,,,,,,,,,,,,,,,,,,,184.56,3,184.57,3,184.58,4,184.61,2,184.63,1,184.64,3,184.67,2,184.68,3,184.72,5,184.76,1
2025-04-10 09:30:12,184.67,184.66,1,184.65,1,184.69,1,184.69,184.65,184.65,1,184.63,5,184.62,6,184.61,2,184.6,3,184.59,1,184.58,2,184.57,1,184.56,2,184.55,1,184.69,1,184.72,5,184.76,1,184.77,7,184.78,1,184.79,1,184.8,3,184.81,2,184.82,3,184.83,2
2025-04-10 09:30:14,184.48,184.48,1,184.44,4,184.52,3,184.52,184.44,184.44,4,,,,,,,,,,,,,,,,,,,184.52,3,184.53,3,184.54,1,184.55,4,184.56,3,184.57,1,184.58,2,184.59,4,184.61,2,184.62,1
2025-04-10 09:30:15,184.615,184.59,4,184.54,10,184.69,5,184.69,184.54,184.54,10,184.5,3,184.49,5,184.44,6,,,,,,,,,,,,,184.69,5,184.7,3,184.71,1,184.72,5,184.76,1,184.77,7,184.78,1,184.79,1,184.8,3,184.81,2
2025-04-10 09:30:16,184.64,184.64,1,184.6,7,184.68,5,184.68,184.6,184.6,7,184.54,10,184.5,3,184.49,5,184.44,6,,,,,,,,,,,184.68,5,184.69,5,184.7,3,184.71,1,184.72,5,184.76,1,184.77,7,184.78,1,184.79,1,184.8,3
2025-04-10 09:30:17,184.675,184.69,1,184.64,1,184.71,4,184.71,184.64,184.64,1,184.6,2,184.59,1,184.58,1,184.56,2,184.55,4,184.5,2,184.49,5,184.44,6,,,184.71,4,184.72,5,184.76,1,184.77,7,184.78,1,184.79,1,184.8,3,184.81,2,184.82,3,184.83,2
2025-04-10 09:30:18,184.625,184.63,2,184.59,2,184.66,3,184.66,184.59,184.59,2,184.51,3,184.5,2,184.49,5,184.44,6,,,,,,,,,,,184.66,3,184.67,3,184.68,1,184.69,2,184.7,5,184.71,4,184.72,1,184.73,3,184.74,3,184.75,3
2025-04-10 09:30:19,184.715,184.71,1,184.66,4,184.77,1,184.77,184.66,184.66,4,184.65,1,184.63,4,184.62,4,184.58,3,184.51,3,184.5,2,184.49,5,184.44,6,,,184.77,1,184.78,4,184.79,1,184.82,3,184.83,2,184.84,1,184.85,2,184.87,1,184.88,1,184.89,1
2025-04-10 09:30:20,184.71,184.72,1,184.66,2,184.76,1,184.76,184.66,184.66,2,184.63,4,184.62,4,184.58,3,184.51,3,184.5,2,184.49,5,184.44,6,,,,,184.76,1,184.77,1,184.78,4,184.79,1,184.82,3,184.83,2,184.84,1,184.85,2,184.87,1,184.88,1
2025-04-10 09:30:21,184.875,184.87,1,184.84,6,184.91,3,184.91,184.84,184.84,6,184.81,7,184.78,8,184.77,2,184.76,2,184.75,3,184.74,3,184.66,5,184.63,4,184.62,4,184.91,3,184.92,5,184.93,2,184.94,2,184.96,3,184.97,1,184.98,1,184.99,2,185.0,5,185.01,3
2025-04-10 09:30:22,184.875,184.93,1,184.84,5,184.91,2,184.91,184.84,184.84,5,184.83,2,184.82,2,184.8,3,184.75,6,184.74,4,184.66,5,184.63,4,184.62,4,184.58,3,184.91,2,184.92,3,184.94,3,184.96,3,184.97,1,184.98,1,184.99,2,185.0,5,185.01,3,185.03,1
2025-04-10 09:30:23,184.935,184.94,2,184.9,4,184.97,4,184.97,184.9,184.9,4,184.89,3,184.88,3,184.87,4,184.86,4,184.85,2,184.84,4,184.83,1,184.82,6,184.81,2,184.97,4,184.98,6,184.99,2,185.0,5,185.01,3,185.03,1,185.04,3,185.07,3,185.08,1,185.09,1
2025-04-10 09:30:24,185.01,185.02,1,184.98,3,185.04,1,185.04,184.98,184.98,3,184.97,3,184.93,3,184.92,1,184.9,1,184.89,3,184.88,1,184.87,1,184.85,2,184.82,2,185.04,1,185.05,3,185.07,7,185.09,2,185.1,1,185.11,1,185.12,1,185.13,3,185.14,1,185.15,3
2025-04-10 09:30:25,185.055,185.02,1,185.01,1,185.1,5,185.1,185.01,185.01,1,185.0,4,184.98,2,184.97,1,184.96,3,184.95,1,184.92,1,184.91,3,184.89,4,184.88,1,185.1,5,185.11,1,185.12,1,185.13,3,185.14,1,185.15,3,185.16,1,185.17,5,185.18,2,185.19,4
2025-04-10 09:30:26,185.165,185.17,1,185.1,3,185.23,4,185.23,185.1,185.1,3,185.09,1,185.08,1,185.07,7,185.06,2,185.05,2,185.04,1,185.03,2,185.02,3,185.01,1,185.23,4,185.25,6,185.26,4,185.28,4,185.3,8,185.31,1,185.32,6,185.37,1,185.39,4,185.43,4
2025-04-10 09:30:27,185.27,185.27,3,185.23,3,185.31,5,185.31,185.23,185.23,3,185.22,2,185.16,2,185.15,2,185.13,1,185.12,1,185.11,1,185.1,3,185.09,1,185.08,1,185.31,3,185.32,3,185.33,3,185.34,4,185.36,7,185.38,4,185.39,1,185.4,5,185.41,5,185.44,4
2025-04-10 09:30:28,185.42,185.41,2,185.38,1,185.46,3,185.46,185.38,185.38,1,185.35,2,185.34,1,185.31,1,185.29,1,185.28,2,185.27,1,185.26,2,185.25,2,185.23,3,185.46,3,185.49,2,185.5,6,185.51,5,185.52,1,185.54,3,185.57,1,185.58,1,185.63,5,185.64,4
2025-04-10 09:30:29,185.185,185.19,10,185.15,4,185.22,2,185.22,185.15,185.15,4,185.13,1,185.12,1,185.11,1,185.1,3,185.09,1,185.08,1,185.07,7,185.06,2,185.05,2,185.22,2,185.23,4,185.25,1,185.26,1,185.27,1,185.28,1,185.29,1,185.3,1,185.31,2,185.32,3
2025-04-10 09:30:30,185.325,185.35,2,185.28,1,185.37,1,185.38,185.28,185.28,1,185.27,2,185.26,4,185.25,3,185.22,2,185.21,2,185.19,2,185.18,2,185.17,1,185.16,2,185.37,1,185.38,1,185.39,2,185.4,3,185.41,2,185.42,2,185.43,1,185.44,10,185.46,4,185.49,2
2025-04-10 09:30:31,185.32,185.34,1,185.28,2,185.36,2,185.36,185.28,185.28,2,185.27,2,185.26,1,185.25,5,185.22,2,185.21,2,185.19,2,185.18,2,185.17,1,185.16,2,185.36,2,185.38,1,185.39,2,185.4,10,185.41,2,185.42,2,185.43,1,185.44,2,185.47,2,185.48,2
2025-04-10 09:30:32,185.365,185.37,1,185.33,2,185.4,4,185.4,185.33,185.33,2,185.32,2,185.3,3,185.29,1,185.28,4,185.27,2,185.26,1,185.25,5,185.22,2,185.21,2,185.4,4,185.41,3,185.42,1,185.43,2,185.44,2,185.45,2,185.46,1,185.47,2,185.48,1,185.49,2
2025-04-10 09:30:33,185.405,185.35,2,185.35,3,185.46,2,185.46,185.35,185.35,3,185.34,1,185.33,2,185.32,2,185.3,3,185.29,1,185.28,4,185.27,2,185.26,1,185.25,5,185.46,2,185.47,4,185.48,2,185.49,2,185.5,3,185.51,5,185.52,1,185.54,3,185.57,1,185.58,1
2025-04-10 09:30:34,185.31,185.32,1,185.28,3,185.34,6,185.34,185.28,185.28,3,185.2,2,185.19,2,185.18,2,185.17,1,185.16,2,185.15,4,185.13,1,185.12,1,185.11,1,185.34,6,185.35,4,185.36,4,185.38,6,185.39,2,185.4,7,185.41,6,185.46,8,185.47,5,185.48,1
2025-04-10 09:30:35,185.44,185.48,1,185.39,2,185.49,11,185.49,185.39,185.39,2,185.38,2,185.37,2,185.36,2,185.35,3,185.34,1,185.33,1,185.32,1,185.31,2,185.3,1,185.49,11,185.5,3,185.51,5,185.52,1,185.54,3,185.57,1,185.58,1,185.63,5,185.64,4,185.65,3
2025-04-10 09:30:36,185.47,185.52,1,185.42,2,185.52,4,185.52,185.42,185.42,2,185.41,2,185.4,4,185.38,5,185.37,2,185.36,2,185.35,3,185.34,1,185.33,1,185.32,1,185.52,4,185.53,4,185.57,1,185.58,2,185.59,2,185.6,4,185.61,9,185.62,3,185.64,4,185.65,2
2025-04-10 09:30:37,185.53,185.53,2,185.49,1,185.57,1,185.57,185.49,185.49,1,185.48,2,185.47,5,185.46,1,185.44,2,185.43,1,185.42,1,185.39,2,185.37,2,185.36,2,185.57,1,185.58,2,185.59,2,185.6,4,185.61,9,185.62,3,185.64,4,185.65,2,185.66,5,185.67,14
2025-04-10 09:30:38,185.535,185.53,3,185.48,13,185.59,2,185.59,185.48,185.48,13,185.47,3,185.46,3,185.44,2,185.43,1,185.42,1,185.39,2,185.37,2,185.36,2,185.35,3,185.59,2,185.6,1,185.61,3,185.62,4,185.64,4,185.65,2,185.66,5,185.67,14,185.68,1,185.71,2
2025-04-10 09:30:39,185.62,185.62,1,185.57,1,185.67,15,185.67,185.57,185.57,1,185.56,7,185.54,1,185.53,3,185.52,1,185.51,17,185.48,13,185.47,3,185.46,3,185.44,2,185.67,15,185.68,1,185.71,2,185.74,1,185.75,3,185.78,1,185.79,5,185.82,1,185.84,1,185.9,2
2025-04-10 09:30:40,185.63,185.64,2,185.59,11,185.67,16,185.67,185.59,185.59,11,185.57,6,185.56,7,185.54,1,185.53,3,185.52,1,185.51,17,185.48,13,185.47,3,185.46,3,185.67,16,185.68,1,185.71,2,185.74,1,185.75,3,185.78,1,185.79,5,185.82,1,185.84,1,185.9,2
2025-04-10 09:30:41,185.525,185.42,3,185.47,1,185.58,1,185.58,185.47,185.47,1,185.46,2,185.45,1,185.44,1,185.43,1,185.42,2,185.4,2,185.39,2,185.37,2,185.36,2,185.58,1,185.61,1,185.64,4,185.65,2,185.67,16,185.68,1,185.71,2,185.74,1,185.75,3,185.78,1
2025-04-10 09:30:42,185.46,185.48,1,185.44,2,185.48,1,185.48,185.44,185.44,2,185.43,1,185.42,2,185.4,2,185.39,2,185.37,2,185.36,2,185.35,3,185.34,1,185.33,1,185.48,1,185.49,1,185.5,2,185.51,2,185.52,1,185.53,1,185.54,3,185.56,2,185.59,2,185.6,2
2025-04-10 09:30:43,185.565,185.62,1,185.51,1,185.62,2,185.62,185.51,185.51,1,185.5,3,185.49,1,185.48,1,185.46,1,185.45,1,185.44,1,185.43,1,185.42,2,185.4,2,185.62,2,185.63,2,185.64,1,185.65,2,185.67,16,185.68,1,185.71,2,185.74,1,185.75,3,185.78,1
2025-04-10 09:30:44,185.6,185.62,1,185.56,1,185.64,6,185.64,185.56,185.56,1,185.55,1,185.54,6,185.53,2,185.52,1,185.51,1,185.5,2,185.49,1,185.48,2,185.47,2,185.64,6,185.65,2,185.66,21,185.67,17,185.68,1,185.71,2,185.74,1,185.75,3,185.78,1,185.79,5
2025-04-10 09:30:45,185.6,185.62,1,185.56,3,185.64,5,185.64,185.56,185.56,3,185.54,2,185.53,2,185.52,1,185.51,1,185.5,1,185.49,5,185.47,1,185.46,1,185.45,1,185.64,5,185.65,2,185.66,21,185.67,17,185.68,1,185.71,2,185.74,1,185.75,3,185.78,1,185.79,5
2025-04-10 09:30:46,185.565,185.57,1,185.53,2,185.6,2,185.6,185.53,185.53,2,185.52,1,185.51,1,185.5,1,185.49,5,185.47,1,185.46,1,185.45,1,185.44,1,185.43,1,185.6,2,185.61,1,185.64,9,185.65,2,185.66,21,185.67,17,185.68,1,185.71,2,185.74,1,185.75,3
2025-04-10 09:30:47,185.515,185.53,1,185.49,6,185.54,1,185.54,185.49,185.49,6,185.47,1,185.46,1,185.45,1,185.44,1,185.43,1,185.42,2,185.4,2,185.35,3,185.34,1,185.54,1,185.58,3,185.59,2,185.6,5,185.61,1,185.64,9,185.65,2,185.66,21,185.67,17,185.68,1
2025-04-10 09:30:48,185.435,185.44,1,185.41,3,185.46,1,185.46,185.41,185.41,3,185.4,2,185.35,3,185.34,1,185.33,1,185.32,1,185.31,2,185.3,1,185.29,3,185.28,3,185.46,1,185.47,1,185.48,1,185.49,1,185.51,1,185.52,1,185.53,1,185.54,1,185.58,3,185.59,2
2025-04-10 09:30:49,185.495,185.47,1,185.46,3,185.53,2,185.53,185.46,185.46,3,185.39,1,185.35,3,185.34,1,185.33,1,185.32,1,185.31,2,185.3,1,185.29,3,185.28,3,185.53,2,185.54,3,185.58,3,185.59,2,185.6,5,185.61,1,185.64,9,185.65,2,185.66,21,185.67,17
2025-04-10 09:30:50,185.49,185.51,2,185.46,4,185.52,1,185.52,185.46,185.46,4,185.43,1,185.39,1,185.35,3,185.34,1,185.33,1,185.32,1,185.31,2,185.3,1,185.29,3,185.52,1,185.53,2,185.54,1,185.55,2,185.56,2,185.57,3,185.58,3,185.59,2,185.6,5,185.61,1
2025-04-10 09:30:51,185.49,185.46,2,185.44,1,185.54,3,185.54,185.44,185.44,1,185.43,2,185.42,1,185.41,1,185.39,3,185.35,3,185.34,1,185.33,1,185.32,1,185.31,2,185.54,3,185.55,3,185.56,2,185.57,6,185.59,3,185.6,5,185.61,1,185.64,9,185.65,2,185.66,21
2025-04-10 09:30:52,185.375,185.37,2,185.3,3,185.45,1,185.45,185.3,185.3,3,185.29,3,185.28,3,185.2,2,185.19,2,185.18,2,185.17,1,185.16,2,185.15,4,185.13,1,185.45,1,185.46,4,185.47,1,185.48,1,185.49,3,185.51,2,185.52,1,185.53,3,185.54,3,185.55,3
2025-04-10 09:30:53,185.45,185.45,1,185.41,5,185.49,3,185.49,185.41,185.41,5,185.39,2,185.37,2,185.35,3,185.34,3,185.33,1,185.31,2,185.3,2,185.29,3,185.28,3,185.49,3,185.51,2,185.52,1,185.53,3,185.54,3,185.55,3,185.56,2,185.57,6,185.59,3,185.6,5
2025-04-10 09:30:54,185.55,185.55,1,185.51,3,185.59,3,185.59,185.51,185.51,3,185.5,3,185.49,1,185.45,6,185.41,3,185.39,2,185.37,2,185.35,3,185.34,3,185.33,1,185.59,3,185.6,5,185.61,1,185.64,9,185.65,2,185.66,21,185.67,17,185.68,1,185.71,2,185.74,1
2025-04-10 09:30:55,185.565,185.56,1,185.55,1,185.58,3,185.58,185.55,185.55,1,185.52,4,185.51,3,185.5,3,185.49,1,185.45,6,185.41,3,185.39,2,185.37,2,185.35,3,185.58,3,185.59,3,185.6,5,185.61,1,185.64,9,185.65,2,185.66,21,185.67,17,185.68,1,185.71,2
2025-04-10 09:30:56,185.625,185.62,2,185.6,2,185.65,1,185.65,185.6,185.6,2,185.59,2,185.57,4,185.56,3,185.55,5,185.54,1,185.53,4,185.52,5,185.51,3,185.5,3,185.65,1,185.68,4,185.71,2,185.74,1,185.75,3,185.78,1,185.79,5,185.82,1,185.84,1,185.9,2
2025-04-10 09:30:57,185.645,185.64,1,185.61,3,185.68,4,185.68,185.61,185.61,3,185.58,4,185.57,4,185.56,3,185.55,5,185.54,1,185.53,4,185.52,5,185.51,3,185.5,3,185.68,4,185.71,2,185.74,1,185.75,3,185.78,1,185.79,5,185.82,1,185.84,1,185.9,2,,
2025-04-10 09:30:58,185.735,185.76,1,185.7,5,185.77,108,185.77,185.7,185.7,5,185.69,1,185.67,2,185.65,5,185.61,3,185.58,4,185.57,4,185.56,3,185.55,5,185.54,1,185.77,108,185.78,1,185.79,5,185.82,1,185.84,1,185.9,2,,,,,,,,
2025-04-10 09:30:59,185.72,185.72,1,185.67,8,185.77,55,185.77,185.67,185.67,8,185.66,2,185.65,1,185.64,2,185.63,1,185.62,1,185.61,1,185.6,2,185.59,2,185.58,4,185.77,55,185.78,1,185.79,5,185.82,1,185.84,1,185.9,2,,,,,,,,
2025-04-10 09:31:00,185.745,185.76,1,185.69,3,185.8,2,185.8,185.72,185.69,3,185.67,8,185.66,2,185.65,1,185.64,2,185.63,1,185.62,1,185.61,1,185.6,2,185.59,2,185.8,2,185.81,2,185.83,4,185.84,4,185.85,8,185.9,2,,,,,,,,
2025-04-10 09:31:01,185.64,185.65,1,185.6,3,185.68,2,185.68,185.6,185.6,3,185.59,2,185.58,4,185.57,4,185.56,3,185.55,5,185.54,1,185.53,4,185.52,5,185.51,3,185.68,2,185.7,1,185.72,6,185.73,1,185.74,3,185.75,6,185.76,3,185.78,9,185.79,1,185.8,1
2025-04-10 09:31:02,185.78,185.77,1,185.74,1,185.83,3,185.83,185.74,185.73,1,185.72,2,185.71,2,185.7,2,185.69,1,185.68,3,185.67,1,185.66,2,185.65,1,185.64,1,185.83,3,185.84,5,185.85,8,185.9,2,,,,,,,,,,,,
2025-04-10 09:31:03,185.77,185.77,1,185.73,1,185.81,1,185.81,185.73,185.73,1,185.72,1,185.71,1,185.7,1,185.69,2,185.68,3,185.67,1,185.66,2,185.65,1,185.64,1,185.81,1,185.82,1,185.83,2,185.85,9,185.9,2,,,,,,,,,,
2025-04-10 09:31:04,185.72,185.72,1,185.69,2,185.75,1,185.75,185.69,185.69,2,185.68,3,185.67,1,185.66,2,185.65,1,185.64,1,185.63,1,185.62,1,185.61,2,185.6,2,185.75,1,185.76,1,185.77,1,185.78,1,185.79,2,185.8,1,185.81,2,185.82,1,185.83,1,185.84,5
2025-04-10 09:31:05,185.585,185.65,2,185.55,7,185.62,2,185.62,185.55,185.55,7,185.54,1,185.53,4,185.52,5,185.51,3,185.5,3,185.49,1,185.45,6,185.41,3,185.39,2,185.62,2,185.63,2,185.64,3,185.65,3,185.67,5,185.68,2,185.69,2,185.7,2,185.71,1,185.72,1
2025-04-10 09:31:06,185.625,185.6,3,185.57,2,185.68,2,185.68,185.57,185.57,2,185.56,1,185.55,2,185.54,1,185.53,4,185.52,5,185.51,3,185.5,3,185.49,1,185.45,6,185.68,2,185.69,5,185.7,2,185.71,1,185.72,1,185.74,1,185.75,1,185.76,1,185.77,1,185.78,1
2025-04-10 09:31:07,185.52,185.52,1,185.47,1,185.57,1,185.57,185.47,185.47,1,185.46,1,185.45,6,185.41,3,185.39,2,185.37,2,185.35,3,185.34,3,185.33,1,185.31,2,185.57,1,185.58,3,185.59,4,185.6,2,185.61,6,185.62,7,185.63,1,185.64,2,185.65,2,185.66,2
2025-04-10 09:31:08,185.61,185.63,1,185.55,5,185.67,4,185.67,185.55,185.55,5,185.54,3,185.53,3,185.52,1,185.5,1,185.49,2,185.47,3,185.46,1,185.45,6,185.41,3,185.67,4,185.68,1,185.69,5,185.7,2,185.71,1,185.72,1,185.74,1,185.75,1,185.76,1,185.77,1
2025-04-10 09:31:09,185.55,185.55,1,185.5,1,185.6,2,185.6,185.5,185.5,1,185.49,4,185.47,3,185.46,1,185.45,6,185.41,3,185.39,2,185.37,2,185.35,3,185.34,3,185.6,2,185.66,1,185.67,5,185.68,1,185.69,5,185.7,2,185.71,1,185.72,1,185.74,1,185.75,1
2025-04-10 09:31:10,185.505,185.51,3,185.47,4,185.54,1,185.54,185.47,185.47,4,185.46,1,185.45,6,185.41,3,185.39,2,185.37,2,185.35,3,185.34,3,185.33,1,185.31,2,185.54,1,185.55,1,185.56,1,185.57,1,185.59,2,185.6,2,185.66,1,185.67,5,185.68,1,185.69,5
2025-04-10 09:31:11,185.59,185.57,1,185.56,3,185.62,2,185.62,185.56,185.56,3,185.55,2,185.54,1,185.53,2,185.52,1,185.51,3,185.48,3,185.47,2,185.46,1,185.45,2,185.62,2,185.66,1,185.67,5,185.68,1,185.69,5,185.7,2,185.71,1,185.72,1,185.74,1,185.75,1
2025-04-10 09:31:12,185.49,185.5,1,185.46,6,185.52,1,185.52,185.46,185.46,6,185.45,2,185.44,6,185.43,3,185.41,1,185.4,3,185.39,1,185.34,1,185.33,1,185.31,2,185.52,1,185.53,3,185.55,1,185.57,1,185.59,3,185.6,3,185.61,2,185.65,1,185.66,1,185.67,5
2025-04-10 09:31:13,185.465,185.46,2,185.42,1,185.51,2,185.51,185.42,185.42,1,185.41,5,185.4,3,185.39,1,185.34,1,185.33,1,185.31,2,185.3,2,185.29,3,185.28,3,185.51,2,185.52,2,185.53,3,185.55,1,185.57,1,185.59,3,185.6,3,185.61,2,185.65,1,185.66,1
2025-04-10 09:31:14,185.475,185.47,1,185.41,4,185.54,10,185.54,185.41,185.41,4,185.4,3,185.39,1,185.34,1,185.33,1,185.31,2,185.3,2,185.29,3,185.28,3,185.2,2,185.54,10,185.55,1,185.56,4,185.57,1,185.59,3,185.6,3,185.61,2,185.65,1,185.66,1,185.67,5
2025-04-10 09:31:15,185.435,185.47,1,185.38,1,185.49,3,185.49,185.38,185.38,1,185.37,3,185.36,3,185.35,1,185.34,1,185.33,2,185.32,2,185.31,2,185.3,2,185.29,3,185.49,3,185.5,1,185.51,2,185.54,10,185.55,1,185.56,4,185.57,1,185.59,3,185.6,3,185.61,2
2025-04-10 09:31:16,185.475,185.52,1,185.43,4,185.52,1,185.52,185.43,185.43,4,185.42,1,185.41,2,185.4,1,185.39,2,185.38,1,185.37,3,185.36,3,185.35,1,185.34,1,185.52,1,185.53,2,185.54,9,185.55,1,185.56,4,185.57,1,185.59,3,185.6,3,185.61,2,185.65,1
2025-04-10 09:31:17,185.42,185.4,1,185.38,1,185.46,2,185.46,185.38,185.38,1,185.35,1,185.31,3,185.3,2,185.29,3,185.28,3,185.2,2,185.19,2,185.18,2,185.17,1,185.46,2,185.47,4,185.48,2,185.49,1,185.5,2,185.51,1,185.52,3,185.53,1,185.54,2,185.55,2
2025-04-10 09:31:18,185.32,185.32,1,185.24,2,185.4,5,185.4,185.24,185.24,2,185.2,2,185.19,2,185.18,2,185.17,1,185.16,2,185.15,4,185.13,1,185.12,1,185.11,1,185.4,5,185.42,5,185.43,5,185.44,1,185.45,5,185.47,3,185.48,2,185.49,1,185.5,2,185.51,1
2025-04-10 09:31:19,185.275,185.26,1,185.21,2,185.34,5,185.34,185.21,185.21,2,185.2,2,185.19,2,185.18,2,185.17,1,185.16,2,185.15,4,185.13,1,185.12,1,185.11,1,185.34,5,185.35,2,185.37,3,185.38,2,185.39,1,185.4,5,185.42,5,185.43,5,185.44,1,185.45,5
2025-04-10 09:31:20,185.265,185.29,1,185.21,3,185.32,6,185.32,185.21,185.21,3,185.2,2,185.19,2,185.18,2,185.17,1,185.16,2,185.15,4,185.13,1,185.12,1,185.11,1,185.32,6,185.34,5,185.35,3,185.37,3,185.38,2,185.39,1,185.4,5,185.42,5,185.43,5,185.44,1
2025-04-10 09:31:21,185.315,185.32,1,185.26,2,185.37,3,185.37,185.26,185.26,2,185.25,3,185.22,1,185.21,3,185.2,2,185.19,2,185.18,2,185.17,1,185.16,2,185.15,4,185.37,3,185.38,1,185.39,1,185.4,1,185.41,2,185.42,2,185.43,6,185.44,1,185.45,5,185.47,3
2025-04-10 09:31:22,185.26,185.26,1,185.21,2,185.31,2,185.31,185.21,185.21,2,185.2,2,185.19,2,185.18,2,185.17,1,185.16,2,185.15,4,185.13,1,185.12,1,185.11,1,185.31,2,185.32,2,185.33,2,185.34,1,185.35,1,185.36,1,185.37,1,185.38,1,185.39,6,185.4,1
2025-04-10 09:31:23,185.295,185.31,1,185.26,1,185.33,2,185.33,185.26,185.26,1,185.21,2,185.2,1,185.18,1,185.16,1,185.15,4,185.13,1,185.12,1,185.11,1,185.1,3,185.33,2,185.34,1,185.35,3,185.36,1,185.37,1,185.38,1,185.39,6,185.4,1,185.41,2,185.42,2
2025-04-10 09:31:24,185.165,185.17,1,185.11,5,185.22,1,185.22,185.11,185.11,5,185.1,6,185.09,1,185.08,1,185.07,7,185.06,2,185.05,2,185.04,1,185.03,2,185.02,3,185.22,1,185.23,1,185.24,4,185.25,2,185.26,2,185.27,1,185.28,1,185.29,1,185.3,3,185.32,4
2025-04-10 09:31:25,185.2,185.22,1,185.14,1,185.26,2,185.26,185.14,185.14,1,185.13,2,185.12,1,185.11,5,185.1,6,185.09,1,185.08,1,185.07,7,185.06,2,185.05,2,185.26,2,185.27,1,185.28,1,185.29,1,185.3,3,185.32,4,185.34,5,185.35,3,185.36,1,185.37,1
2025-04-10 09:31:26,185.24,185.27,1,185.21,1,185.27,5,185.27,185.21,185.21,1,185.2,3,185.19,1,185.18,1,185.17,1,185.15,2,185.14,1,185.13,1,185.12,1,185.11,5,185.27,5,185.28,1,185.29,1,185.3,3,185.32,4,185.34,5,185.35,3,185.36,1,185.37,1,185.38,1
2025-04-10 09:31:27,185.265,185.27,1,185.22,3,185.31,2,185.31,185.22,185.22,3,185.21,1,185.2,3,185.19,1,185.18,1,185.17,1,185.15,2,185.14,1,185.13,1,185.12,1,185.31,2,185.32,4,185.34,5,185.35,3,185.36,1,185.37,1,185.38,1,185.39,6,185.4,1,185.41,2
2025-04-10 09:31:28,185.245,185.25,1,185.18,4,185.31,3,185.31,185.18,185.18,4,185.17,1,185.15,2,185.14,1,185.13,1,185.12,1,185.11,5,185.1,6,185.09,1,185.08,1,185.31,3,185.32,4,185.34,5,185.35,3,185.36,1,185.37,1,185.38,1,185.39,6,185.4,1,185.41,2
2025-04-10 09:31:29,185.27,185.27,1,185.23,1,185.31,3,185.31,185.23,185.23,1,185.22,2,185.18,4,185.17,1,185.15,2,185.14,1,185.13,1,185.12,1,185.11,5,185.1,6,185.31,3,185.32,4,185.34,5,185.35,3,185.36,1,185.37,1,185.38,1,185.39,6,185.4,1,185.41,2
2025-04-10 09:31:30,185.195,185.16,2,185.14,5,185.25,3,185.25,185.14,185.14,5,185.13,1,185.12,1,185.11,5,185.1,6,185.09,1,185.08,1,185.07,7,185.06,2,185.05,2,185.25,3,185.26,2,185.27,1,185.28,2,185.29,1,185.3,2,185.31,14,185.32,4,185.34,5,185.35,3
2025-04-10 09:31:31,185.13,185.13,2,185.07,2,185.19,6,185.19,185.07,185.07,2,185.06,5,185.05,2,185.04,1,185.03,2,185.02,3,185.01,1,185.0,4,184.98,2,184.97,1,185.19,6,185.2,1,185.21,2,185.23,3,185.24,2,185.25,3,185.26,2,185.27,1,185.28,2,185.29,1
2025-04-10 09:31:32,185.135,185.14,4,185.08,3,185.19,12,185.19,185.08,185.08,3,185.07,3,185.06,5,185.05,2,185.04,1,185.03,2,185.02,3,185.01,1,185.0,4,184.98,2,185.19,12,185.2,1,185.21,2,185.23,3,185.24,2,185.25,3,185.26,2,185.27,1,185.28,2,185.29,1
2025-04-10 09:31:33,185.145,185.15,2,185.1,1,185.19,20,185.19,185.1,185.1,1,185.08,1,185.07,5,185.06,5,185.05,2,185.04,1,185.03,2,185.02,3,185.01,1,185.0,4,185.19,20,185.2,1,185.21,2,185.23,3,185.24,2,185.25,3,185.26,2,185.27,1,185.28,2,185.29,1
2025-04-10 09:31:34,185.165,185.16,1,185.14,3,185.19,20,185.19,185.14,185.14,3,185.1,5,185.08,1,185.07,5,185.06,5,185.05,2,185.04,1,185.03,2,185.02,3,185.01,1,185.19,20,185.2,1,185.21,2,185.23,3,185.24,2,185.25,3,185.26,2,185.27,1,185.28,2,185.29,1
2025-04-10 09:31:35,185.21,185.21,1,185.17,1,185.25,11,185.25,185.17,185.17,1,185.16,2,185.13,3,185.1,2,185.08,1,185.07,5,185.06,5,185.05,2,185.04,1,185.03,2,185.25,11,185.26,2,185.27,1,185.28,2,185.29,1,185.3,2,185.31,14,185.32,4,185.34,5,185.35,3
2025-04-10 09:31:36,185.19,185.19,1,185.13,4,185.25,11,185.25,185.13,185.13,4,185.1,2,185.08,1,185.07,5,185.06,5,185.05,2,185.04,1,185.03,2,185.02,3,185.01,1,185.25,11,185.26,2,185.27,1,185.28,2,185.29,1,185.3,2,185.31,14,185.32,4,185.34,5,185.35,3
2025-04-10 09:31:37,185.25,185.29,8,185.2,3,185.3,1,185.3,185.2,185.2,3,185.16,5,185.15,2,185.13,4,185.1,2,185.08,1,185.07,5,185.06,5,185.05,2,185.04,1,185.3,1,185.31,15,185.32,4,185.34,5,185.35,3,185.36,1,185.37,1,185.38,1,185.39,6,185.4,1
2025-04-10 09:31:38,185.22,185.17,1,185.17,5,185.27,2,185.27,185.17,185.17,5,185.16,10,185.15,2,185.13,4,185.1,2,185.08,1,185.07,5,185.06,5,185.05,2,185.04,1,185.27,2,185.28,1,185.29,2,185.3,1,185.31,15,185.32,4,185.34,5,185.35,3,185.36,1,185.37,1
2025-04-10 09:31:39,185.18,185.21,1,185.13,6,185.23,2,185.23,185.13,185.13,6,185.1,2,185.08,1,185.07,5,185.06,5,185.05,2,185.04,1,185.03,2,185.02,3,185.01,1,185.23,2,185.24,2,185.27,2,185.28,1,185.29,2,185.3,1,185.31,15,185.32,4,185.34,5,185.35,3
2025-04-10 09:31:40,185.16,185.2,1,185.12,4,185.2,1,185.2,185.12,185.12,4,185.1,2,185.08,1,185.07,5,185.06,5,185.05,2,185.04,1,185.03,2,185.02,3,185.01,1,185.2,1,185.21,1,185.22,2,185.23,1,185.24,2,185.25,1,185.26,2,185.27,3,185.28,1,185.29,2
2025-04-10 09:31:41,185.175,185.16,1,185.12,5,185.23,1,185.23,185.12,185.12,5,185.1,2,185.08,1,185.07,5,185.06,5,185.05,2,185.04,1,185.03,2,185.02,3,185.01,1,185.23,1,185.24,2,185.25,1,185.26,2,185.27,3,185.28,1,185.29,2,185.3,1,185.31,15,185.32,4
2025-04-10 09:31:42,185.175,185.17,1,185.12,7,185.23,1,185.23,185.12,185.12,7,185.1,2,185.08,1,185.07,5,185.06,5,185.05,2,185.04,1,185.03,2,185.02,3,185.01,1,185.23,1,185.24,5,185.25,2,185.26,2,185.27,3,185.28,1,185.29,2,185.3,1,185.31,15,185.32,4
2025-04-10 09:31:43,185.18,185.19,1,185.12,7,185.24,1,185.24,185.12,185.12,7,185.1,2,185.08,1,185.07,5,185.06,5,185.05,2,185.04,1,185.03,2,185.02,3,185.01,1,185.24,1,185.25,1,185.26,1,185.27,6,185.28,1,185.29,2,185.3,1,185.31,15,185.32,4,185.34,5
2025-04-10 09:31:44,185.205,185.22,1,185.15,1,185.26,2,185.26,185.15,185.15,1,185.12,7,185.1,2,185.08,1,185.07,5,185.06,5,185.05,2,185.04,1,185.03,2,185.02,3,185.26,2,185.27,5,185.28,1,185.29,2,185.3,1,185.31,15,185.32,4,185.34,5,185.35,3,185.36,1
2025-04-10 09:31:45,185.17,185.17,1,185.14,2,185.2,2,185.2,185.14,185.14,2,185.12,7,185.1,2,185.08,1,185.07,5,185.06,5,185.05,2,185.04,1,185.03,2,185.02,3,185.2,2,185.21,2,185.22,4,185.24,3,185.25,1,185.26,2,185.27,5,185.28,1,185.29,2,185.3,1
2025-04-10 09:31:46,184.945,184.97,1,184.89,6,185.0,1,185.0,184.89,184.89,6,184.88,1,184.87,1,184.85,2,184.82,2,184.81,2,184.8,4,184.78,1,184.75,6,184.74,4,185.0,1,185.01,4,185.02,1,185.03,1,185.05,2,185.06,1,185.07,2,185.08,5,185.1,3,185.13,2
2025-04-10 09:31:47,184.87,184.85,1,184.82,3,184.92,3,184.92,184.82,184.82,3,184.81,1,184.78,2,184.77,1,184.76,2,184.75,6,184.74,4,184.66,5,184.63,4,184.62,4,184.92,3,184.94,2,184.95,2,184.96,2,184.97,1,184.98,2,184.99,2,185.0,3,185.01,4,185.02,1
2025-04-10 09:31:48,184.895,184.94,1,184.85,2,184.94,3,184.94,184.85,184.85,2,184.84,7,184.82,5,184.81,1,184.78,2,184.77,1,184.76,2,184.75,6,184.74,4,184.66,5,184.94,3,184.95,2,184.96,2,184.97,1,184.98,2,184.99,2,185.0,3,185.01,4,185.02,1,185.03,1
2025-04-10 09:31:49,184.86,184.83,1,184.82,5,184.9,3,184.9,184.82,184.82,5,184.79,2,184.77,5,184.76,2,184.75,6,184.74,4,184.66,5,184.63,4,184.62,4,184.58,3,184.9,3,184.91,1,184.92,1,184.93,1,184.94,3,184.95,2,184.96,2,184.97,1,184.98,2,184.99,2
2025-04-10 09:31:50,184.875,184.91,4,184.83,4,184.92,6,184.92,184.83,184.83,4,184.82,5,184.79,2,184.77,5,184.76,2,184.75,6,184.74,4,184.66,5,184.63,4,184.62,4,184.92,6,184.93,1,184.94,3,184.95,2,184.96,2,184.97,1,184.98,2,184.99,2,185.0,3,185.01,4
2025-04-10 09:31:51,184.96,184.97,1,184.92,3,185.0,9,185.0,184.92,184.92,3,184.91,1,184.9,1,184.88,2,184.87,2,184.82,5,184.79,2,184.77,5,184.76,2,184.75,6,185.0,9,185.01,4,185.02,1,185.03,1,185.05,2,185.06,1,185.07,2,185.08,5,185.1,3,185.13,2
2025-04-10 09:31:52,185.03,185.01,1,184.98,3,185.08,2,185.08,184.98,184.98,3,184.97,1,184.96,1,184.95,1,184.94,1,184.93,2,184.92,5,184.91,1,184.9,1,184.88,2,185.08,2,185.1,4,185.13,2,185.14,3,185.16,3,185.19,1,185.2,5,185.21,2,185.22,4,185.24,3
2025-04-10 09:31:53,185.03,184.98,1,184.98,4,185.08,2,185.08,184.98,184.98,4,184.97,1,184.96,1,184.95,1,184.94,1,184.93,2,184.92,5,184.91,1,184.9,1,184.88,2,185.08,2,185.1,4,185.13,2,185.14,3,185.16,3,185.19,1,185.2,5,185.21,2,185.22,4,185.24,3
2025-04-10 09:31:54,185.045,185.05,1,185.0,10,185.09,5,185.09,185.0,185.0,10,184.98,5,184.97,1,184.96,1,184.95,1,184.94,1,184.93,2,184.92,5,184.91,1,184.9,1,185.09,5,185.12,11,185.13,2,185.14,3,185.16,3,185.19,1,185.2,5,185.21,2,185.22,4,185.24,3
2025-04-10 09:31:55,184.98,185.01,1,184.92,4,185.04,3,185.04,184.92,184.92,4,184.91,1,184.9,1,184.88,2,184.87,2,184.82,5,184.79,2,184.77,5,184.76,2,184.75,6,185.04,3,185.05,2,185.06,2,185.07,2,185.09,1,185.1,2,185.12,11,185.13,2,185.14,3,185.16,3
2025-04-10 09:31:56,185.035,185.04,1,185.0,2,185.07,4,185.07,185.0,185.0,2,184.98,2,184.96,1,184.95,2,184.92,4,184.91,1,184.9,1,184.88,2,184.87,2,184.82,5,185.07,4,185.09,1,185.1,2,185.12,11,185.13,2,185.14,3,185.16,3,185.19,1,185.2,5,185.21,2
2025-04-10 09:31:57,185.015,185.03,1,184.96,1,185.07,4,185.07,184.96,184.96,1,184.95,4,184.94,2,184.93,5,184.92,4,184.91,1,184.9,1,184.88,2,184.87,2,184.82,5,185.07,4,185.09,1,185.1,2,185.12,11,185.13,2,185.14,3,185.16,3,185.19,1,185.2,5,185.21,2
2025-04-10 09:31:58,184.98,184.98,1,184.93,1,185.03,1,185.03,184.93,184.93,1,184.92,2,184.91,3,184.88,3,184.87,2,184.82,5,184.79,2,184.77,5,184.76,2,184.75,6,185.03,1,185.04,8,185.05,1,185.06,5,185.07,7,185.09,1,185.1,2,185.12,11,185.13,2,185.14,3
2025-04-10 09:31:59,184.97,185.0,1,184.91,6,185.03,4,185.03,184.91,184.91,6,184.88,3,184.87,2,184.82,5,184.79,2,184.77,5,184.76,2,184.75,6,184.74,4,184.66,5,185.03,4,185.04,1,185.05,4,185.06,12,185.07,7,185.09,1,185.1,2,185.12,11,185.13,2,185.14,3
2025-04-10 09:32:00,184.92,184.94,1,184.87,5,184.97,4,184.97,184.87,184.87,5,184.82,5,184.79,2,184.77,5,184.76,2,184.75,6,184.74,4,184.66,5,184.63,4,184.62,4,184.97,4,184.98,2,184.99,7,185.0,2,185.03,2,185.05,6,185.06,12,185.07,7,185.09,1,185.1,2
2025-04-10 09:32:01,184.85,184.87,1,184.79,1,184.91,1,184.91,184.79,184.79,1,184.77,5,184.76,2,184.75,6,184.74,4,184.66,5,184.63,4,184.62,4,184.58,3,184.51,3,184.91,1,184.92,2,184.93,3,184.94,2,184.99,6,185.0,2,185.03,2,185.05,6,185.06,12,185.07,7
2025-04-10 09:32:02,184.79,184.76,1,184.76,4,184.82,1,184.82,184.76,184.76,4,184.75,4,184.71,6,184.66,5,184.63,4,184.62,4,184.58,3,184.51,3,184.5,2,184.49,5,184.82,1,184.87,5,184.88,1,184.89,2,184.9,1,184.91,3,184.92,2,184.93,3,184.94,2,184.99,6
2025-04-10 09:32:03,184.825,184.87,1,184.76,4,184.89,1,184.89,184.76,184.76,4,184.75,1,184.71,3,184.66,5,184.63,4,184.62,4,184.58,3,184.51,3,184.5,2,184.49,5,184.89,1,184.9,2,184.91,3,184.92,2,184.93,3,184.94,2,184.99,6,185.0,2,185.03,2,185.05,6
2025-04-10 09:32:04,184.84,184.84,1,184.81,2,184.87,29,184.87,184.81,184.81,2,184.76,6,184.75,1,184.71,3,184.66,5,184.63,4,184.62,4,184.58,3,184.51,3,184.5,2,184.87,29,184.89,28,184.9,2,184.91,3,184.92,2,184.93,3,184.94,2,184.99,6,185.0,2,185.03,2
2025-04-10 09:32:05,184.855,184.86,1,184.8,5,184.91,2,184.91,184.8,184.8,5,184.76,6,184.75,1,184.71,3,184.66,5,184.63,4,184.62,4,184.58,3,184.51,3,184.5,2,184.91,2,184.92,1,184.93,4,184.94,2,184.99,6,185.0,2,185.03,2,185.05,6,185.06,12,185.07,7
2025-04-10 09:32:06,185.05,185.06,1,185.01,5,185.09,4,185.09,185.01,185.01,5,185.0,4,184.98,5,184.96,2,184.95,5,184.94,4,184.92,4,184.91,4,184.9,3,184.88,3,185.09,4,185.1,2,185.12,11,185.13,2,185.14,3,185.16,3,185.19,1,185.2,5,185.21,2,185.22,4
2025-04-10 09:32:07,184.97,185.02,3,184.91,9,185.03,3,185.03,184.91,184.91,9,184.9,3,184.88,3,184.86,6,184.84,4,184.8,5,184.76,6,184.75,1,184.71,3,184.66,5,185.03,3,185.04,1,185.05,2,185.06,4,185.07,3,185.08,2,185.09,4,185.1,2,185.12,11,185.13,2
2025-04-10 09:32:08,185.005,184.96,1,184.96,6,185.05,3,185.05,184.96,184.96,6,184.95,9,184.92,1,184.91,9,184.9,3,184.88,3,184.86,6,184.84,4,184.8,5,184.76,6,185.05,3,185.06,4,185.07,3,185.08,2,185.09,4,185.1,2,185.12,11,185.13,2,185.14,3,185.16,3
2025-04-10 09:32:09,185.175,185.2,1,185.14,3,185.21,5,185.21,185.14,185.14,3,185.13,8,185.12,4,185.11,3,185.1,2,185.09,6,185.08,2,185.07,5,185.06,6,185.05,7,185.21,5,185.22,4,185.24,3,185.25,1,185.26,2,185.27,5,185.28,1,185.29,2,185.3,1,185.31,15
2025-04-10 09:32:10,185.22,185.23,1,185.18,4,185.26,4,185.26,185.18,185.18,4,185.15,6,185.14,5,185.13,8,185.12,4,185.11,3,185.1,2,185.09,6,185.08,2,185.07,5,185.26,4,185.27,5,185.28,1,185.29,2,185.3,1,185.31,15,185.32,4,185.34,5,185.35,3,185.36,1
2025-04-10 09:32:11,185.15,185.18,1,185.1,4,185.2,3,185.2,185.1,185.1,4,185.09,6,185.08,2,185.07,5,185.06,6,185.05,7,185.04,5,185.03,1,185.02,6,185.01,7,185.2,3,185.21,2,185.22,1,185.23,2,185.24,1,185.25,2,185.26,7,185.27,5,185.28,1,185.29,2
2025-04-10 09:32:12,185.165,185.14,1,185.12,6,185.21,3,185.21,185.12,185.12,6,185.11,2,185.1,5,185.09,6,185.08,2,185.07,5,185.06,6,185.05,7,185.04,5,185.03,1,185.21,3,185.22,2,185.25,6,185.26,7,185.27,5,185.28,1,185.29,2,185.3,1,185.31,15,185.32,4
2025-04-10 09:32:13,185.13,185.13,1,185.09,1,185.17,1,185.17,185.09,185.09,1,185.08,3,185.07,5,185.06,6,185.05,7,185.04,5,185.03,1,185.02,6,185.01,7,185.0,10,185.17,1,185.18,3,185.21,3,185.22,2,185.25,6,185.26,7,185.27,5,185.28,1,185.29,2,185.3,1
2025-04-10 09:32:14,185.055,185.04,1,185.0,5,185.11,6,185.11,185.0,185.0,5,184.99,1,184.98,5,184.97,1,184.96,6,184.95,9,184.92,1,184.91,9,184.9,3,184.88,3,185.11,6,185.12,1,185.17,2,185.18,3,185.21,3,185.22,2,185.25,6,185.26,7,185.27,5,185.28,1
2025-04-10 09:32:15,185.04,185.07,1,185.0,3,185.08,5,185.08,185.0,185.0,3,184.99,1,184.98,5,184.97,1,184.96,6,184.95,9,184.92,1,184.91,9,184.9,3,184.88,3,185.08,5,185.09,2,185.1,1,185.11,4,185.12,1,185.17,2,185.18,3,185.21,3,185.22,2,185.25,6
2025-04-10 09:32:16,185.015,185.03,1,184.98,2,185.05,3,185.05,184.98,184.98,2,184.96,8,184.95,9,184.92,1,184.91,9,184.9,3,184.88,3,184.86,6,184.84,4,184.8,5,185.05,3,185.06,1,185.07,4,185.08,5,185.09,2,185.1,1,185.11,4,185.12,1,185.17,2,185.18,3
2025-04-10 09:32:17,185.04,185.04,4,185.0,3,185.08,5,185.08,185.0,185.0,3,184.98,2,184.96,8,184.95,9,184.92,1,184.91,9,184.9,3,184.88,3,184.86,6,184.84,4,185.08,5,185.09,2,185.1,1,185.11,4,185.12,1,185.17,2,185.18,3,185.21,3,185.22,2,185.25,6
2025-04-10 09:32:18,185.15,185.17,3,185.12,3,185.18,2,185.18,185.12,185.12,3,185.09,2,185.08,2,185.07,6,185.06,1,185.05,6,185.0,4,184.98,2,184.96,8,184.95,9,185.18,2,185.19,1,185.2,3,185.21,2,185.22,2,185.25,4,185.26,7,185.27,5,185.28,1,185.29,2
2025-04-10 09:32:19,185.22,185.21,1,185.19,6,185.25,2,185.25,185.19,185.19,6,185.18,2,185.17,4,185.16,2,185.14,3,185.12,7,185.09,2,185.08,2,185.07,6,185.06,1,185.25,2,185.26,4,185.27,5,185.28,1,185.29,2,185.3,1,185.31,15,185.32,4,185.34,5,185.35,3
2025-04-10 09:32:20,185.21,185.23,1,185.18,1,185.24,5,185.24,185.18,185.18,1,185.17,3,185.16,2,185.14,3,185.12,7,185.09,2,185.08,2,185.07,6,185.06,1,185.05,6,185.24,5,185.25,5,185.26,2,185.27,4,185.28,2,185.3,1,185.31,15,185.32,4,185.34,5,185.35,3
2025-04-10 09:32:21,185.225,185.19,1,185.19,1,185.26,6,185.26,185.19,185.19,1,185.18,2,185.17,3,185.16,2,185.14,3,185.12,7,185.09,2,185.08,2,185.07,6,185.06,1,185.26,6,185.27,2,185.28,7,185.29,9,185.3,6,185.31,15,185.32,4,185.34,5,185.35,3,185.36,1
2025-04-10 09:32:22,185.13,185.14,8,185.1,2,185.16,3,185.16,185.1,185.1,2,185.09,1,185.08,2,185.07,6,185.06,1,185.05,6,185.0,4,184.98,2,184.96,8,184.95,9,185.16,3,185.17,4,185.18,9,185.19,3,185.2,3,185.21,2,185.22,3,185.23,8,185.25,4,185.26,6
2025-04-10 09:32:23,185.055,185.06,1,185.02,4,185.09,5,185.09,185.02,185.02,4,185.0,5,184.98,2,184.96,8,184.95,9,184.92,1,184.91,9,184.9,3,184.88,3,184.86,6,185.09,5,185.1,3,185.11,1,185.12,3,185.13,5,185.14,3,185.15,1,185.16,5,185.17,4,185.18,9
2025-04-10 09:32:24,185.055,185.08,2,185.03,4,185.08,6,185.08,185.03,185.03,4,185.0,8,184.98,2,184.96,8,184.95,9,184.92,1,184.91,9,184.9,3,184.88,3,184.86,6,185.08,6,185.09,5,185.1,3,185.11,1,185.12,3,185.13,5,185.14,3,185.15,1,185.16,5,185.17,4
2025-04-10 09:32:25,185.095,185.1,1,185.06,4,185.13,1,185.13,185.06,185.06,4,185.03,4,185.02,1,185.0,8,184.98,2,184.96,8,184.95,9,184.92,1,184.91,9,184.9,3,185.13,1,185.15,1,185.16,1,185.17,6,185.18,9,185.19,3,185.2,3,185.21,2,185.22,3,185.23,8
2025-04-10 09:32:26,184.95,184.95,1,184.91,8,184.99,3,184.99,184.91,184.91,8,184.9,3,184.88,3,184.86,6,184.84,4,184.8,5,184.76,6,184.75,1,184.71,3,184.66,5,184.99,3,185.0,3,185.01,2,185.02,2,185.03,1,185.04,1,185.05,3,185.06,1,185.07,1,185.08,2
2025-04-10 09:32:27,184.865,184.84,1,184.82,3,184.91,1,184.91,184.82,184.82,3,184.78,1,184.76,5,184.75,1,184.71,3,184.66,5,184.63,4,184.62,4,184.58,3,184.51,3,184.91,1,184.92,3,184.93,1,184.94,2,184.95,1,184.96,2,184.97,1,184.98,2,184.99,4,185.0,3
2025-04-10 09:32:28,184.955,184.96,1,184.92,1,184.99,4,184.99,184.92,184.92,1,184.91,1,184.9,1,184.89,3,184.88,2,184.82,7,184.78,1,184.76,5,184.75,1,184.71,3,184.99,4,185.0,3,185.01,2,185.02,2,185.03,1,185.04,1,185.05,3,185.06,1,185.07,1,185.08,2
2025-04-10 09:32:29,184.98,184.94,15,184.94,2,185.02,2,185.02,184.94,184.94,2,184.92,1,184.91,1,184.89,3,184.88,2,184.82,7,184.78,1,184.76,5,184.75,1,184.71,3,185.02,2,185.06,2,185.07,1,185.08,2,185.09,1,185.1,4,185.11,2,185.12,1,185.13,4,185.15,1
2025-04-10 09:32:30,184.89,184.89,3,184.84,1,184.94,2,184.94,184.84,184.84,1,184.82,7,184.78,1,184.76,5,184.75,1,184.71,3,184.66,5,184.63,4,184.62,4,184.58,3,184.94,2,184.95,1,184.96,2,184.97,2,184.98,1,184.99,2,185.0,1,185.01,2,185.02,1,185.03,2
2025-04-10 09:32:31,184.84,184.85,1,184.81,3,184.87,2,184.87,184.81,184.81,3,184.78,1,184.76,5,184.75,1,184.71,3,184.66,5,184.63,4,184.62,4,184.58,3,184.51,3,184.87,2,184.88,1,184.89,1,184.9,2,184.91,1,184.92,2,184.93,1,184.94,2,184.96,3,184.97,2
2025-04-10 09:32:32,184.86,184.81,1,184.81,3,184.91,1,184.91,184.81,184.81,3,184.8,1,184.78,1,184.75,5,184.71,3,184.66,5,184.63,4,184.62,4,184.58,3,184.51,3,184.91,1,184.92,2,184.93,1,184.94,2,184.96,3,184.97,2,184.98,1,184.99,2,185.0,1,185.01,2
2025-04-10 09:32:33,184.875,184.87,1,184.82,2,184.93,3,184.93,184.82,184.82,2,184.81,3,184.8,1,184.78,1,184.75,5,184.71,3,184.66,5,184.63,4,184.62,4,184.58,3,184.93,3,184.94,2,184.96,3,184.97,2,184.98,1,184.99,2,185.0,1,185.01,2,185.02,1,185.03,2
2025-04-10 09:32:34,184.97,184.99,1,184.93,3,185.01,5,185.01,184.93,184.93,3,184.91,2,184.9,1,184.88,2,184.86,1,184.85,5,184.82,1,184.81,4,184.8,1,184.78,1,185.01,5,185.02,1,185.03,2,185.04,1,185.05,2,185.06,2,185.07,1,185.08,2,185.09,1,185.1,4
2025-04-10 09:32:35,184.94,184.94,1,184.9,3,184.98,1,184.98,184.9,184.9,3,184.88,2,184.86,1,184.85,5,184.82,1,184.81,4,184.8,1,184.78,1,184.75,5,184.71,3,184.98,1,185.0,3,185.01,5,185.02,1,185.03,2,185.04,1,185.05,2,185.06,2,185.07,1,185.08,2
2025-04-10 09:32:36,184.92,184.92,1,184.88,1,184.96,5,184.96,184.88,184.88,1,184.87,2,184.86,1,184.85,5,184.82,1,184.81,4,184.8,1,184.78,1,184.75,5,184.71,3,184.96,5,184.97,3,184.98,2,184.99,5,185.0,2,185.02,3,185.03,5,185.04,1,185.05,2,185.06,2
2025-04-10 09:32:37,184.95,184.95,1,184.91,6,184.99,7,184.99,184.91,184.91,6,184.9,3,184.88,2,184.87,3,184.86,1,184.85,5,184.82,1,184.81,4,184.8,1,184.78,1,184.99,7,185.0,2,185.02,3,185.03,5,185.04,1,185.05,2,185.06,2,185.07,1,185.08,2,185.09,1
2025-04-10 09:32:38,184.95,184.97,1,184.93,1,184.97,1,184.97,184.93,184.93,1,184.91,10,184.9,3,184.88,2,184.87,3,184.86,1,184.85,5,184.82,1,184.81,4,184.8,1,184.97,1,185.01,2,185.02,1,185.03,4,185.04,1,185.05,2,185.06,2,185.07,1,185.08,2,185.09,1
2025-04-10 09:32:39,184.965,184.96,1,184.92,1,185.01,7,185.01,184.92,184.92,1,184.91,3,184.89,1,184.88,2,184.87,3,184.86,1,184.85,5,184.82,1,184.81,4,184.8,1,185.01,7,185.03,5,185.04,1,185.05,2,185.06,2,185.07,1,185.08,2,185.09,1,185.1,4,185.11,2
2025-04-10 09:32:40,185.03,185.06,1,185.0,1,185.06,2,185.06,185.0,185.0,1,184.95,3,184.94,3,184.93,2,184.92,1,184.89,3,184.88,2,184.87,3,184.86,1,184.85,5,185.06,2,185.07,2,185.08,2,185.09,1,185.1,4,185.11,2,185.12,1,185.13,4,185.15,1,185.16,1
2025-04-10 09:32:41,184.955,184.95,1,184.91,2,185.0,2,185.0,184.91,184.91,2,184.89,3,184.88,2,184.87,3,184.86,1,184.85,5,184.82,1,184.81,4,184.8,1,184.78,1,185.0,2,185.01,2,185.02,7,185.03,1,185.04,2,185.05,3,185.06,8,185.07,2,185.08,2,185.09,1
2025-04-10 09:32:42,184.94,184.93,2,184.9,2,184.98,1,184.98,184.9,184.9,2,184.89,4,184.88,2,184.87,3,184.86,1,184.85,5,184.82,1,184.81,4,184.8,1,184.78,1,184.98,1,184.99,1,185.0,3,185.01,3,185.02,7,185.03,1,185.04,2,185.05,3,185.06,8,185.07,2
2025-04-10 09:32:43,184.935,184.95,2,184.92,1,184.95,3,184.95,184.92,184.92,1,184.9,1,184.88,3,184.87,3,184.86,1,184.85,5,184.82,1,184.81,4,184.8,1,184.78,1,184.95,3,184.98,6,184.99,1,185.0,3,185.01,3,185.02,7,185.03,1,185.04,2,185.05,3,185.06,8
2025-04-10 09:32:44,185.05,185.06,2,185.0,2,185.1,9,185.1,185.0,185.0,2,184.96,3,184.95,3,184.93,1,184.92,2,184.9,1,184.88,3,184.87,3,184.86,1,184.85,5,185.1,9,185.11,2,185.12,1,185.13,4,185.15,1,185.16,1,185.17,6,185.18,9,185.19,3,185.2,3
2025-04-10 09:32:45,185.005,185.01,1,184.94,2,185.07,3,185.07,184.94,184.94,2,184.92,3,184.9,1,184.88,3,184.87,3,184.86,1,184.85,5,184.82,1,184.81,4,184.8,1,185.07,3,185.08,4,185.1,8,185.11,2,185.12,1,185.13,4,185.15,1,185.16,1,185.17,6,185.18,9
2025-04-10 09:32:46,184.93,184.93,1,184.9,5,184.96,2,184.96,184.9,184.9,5,184.88,5,184.87,3,184.86,1,184.85,5,184.82,1,184.81,4,184.8,1,184.78,1,184.75,5,184.96,2,184.97,3,184.98,2,184.99,3,185.0,2,185.01,2,185.02,2,185.03,2,185.07,7,185.08,4
2025-04-10 09:32:47,185.0,185.01,1,184.98,1,185.02,6,185.02,184.98,184.98,1,184.95,2,184.94,3,184.93,2,184.9,3,184.89,2,184.88,5,184.87,3,184.86,1,184.85,5,185.02,6,185.03,2,185.07,7,185.08,4,185.1,8,185.11,2,185.12,1,185.13,4,185.15,1,185.16,1
2025-04-10 09:32:48,184.975,185.0,1,184.95,3,185.0,1,185.0,184.95,184.95,3,184.91,1,184.9,3,184.89,2,184.88,5,184.87,3,184.86,1,184.85,5,184.82,1,184.81,4,185.0,1,185.01,1,185.02,7,185.03,2,185.07,7,185.08,4,185.1,8,185.11,2,185.12,1,185.13,4
2025-04-10 09:32:49,184.89,184.93,1,184.86,3,184.92,2,184.92,184.86,184.86,3,184.85,5,184.82,1,184.81,4,184.8,1,184.78,1,184.75,5,184.71,3,184.66,5,184.63,4,184.92,2,184.94,3,184.95,2,184.96,2,184.97,1,184.98,5,185.0,1,185.01,1,185.02,7,185.03,2
2025-04-10 09:32:50,184.98,184.93,1,184.96,2,185.0,1,185.0,184.96,184.96,2,184.95,1,184.88,2,184.86,5,184.85,1,184.84,4,184.82,1,184.81,4,184.8,1,184.78,1,185.0,1,185.01,1,185.02,7,185.03,2,185.07,7,185.08,4,185.1,8,185.11,2,185.12,1,185.13,4
2025-04-10 09:32:51,185.055,184.98,16,185.01,2,185.1,4,185.1,185.01,185.01,2,185.0,3,184.99,5,184.98,2,184.97,3,184.96,2,184.95,1,184.88,2,184.86,5,184.85,1,185.1,4,185.11,1,185.12,2,185.14,5,185.15,1,185.16,1,185.17,6,185.18,9,185.19,3,185.2,3
2025-04-10 09:32:52,185.065,185.07,1,185.02,3,185.11,1,185.11,185.02,185.02,3,185.01,3,185.0,4,184.99,5,184.98,2,184.97,3,184.96,2,184.95,1,184.88,2,184.86,5,185.11,1,185.12,2,185.14,5,185.15,1,185.16,1,185.17,6,185.18,9,185.19,3,185.2,3,185.21,2
2025-04-10 09:32:53,185.03,185.03,3,185.0,2,185.06,1,185.06,185.0,185.0,2,184.99,2,184.98,2,184.97,2,184.96,2,184.95,1,184.88,2,184.86,5,184.85,1,184.84,4,185.06,1,185.12,4,185.13,5,185.14,5,185.15,2,185.16,2,185.17,10,185.18,9,185.19,3,185.2,3
2025-04-10 09:32:54,185.225,185.22,2,185.19,2,185.26,4,185.26,185.19,185.19,2,185.18,1,185.17,1,185.16,3,185.15,1,185.14,3,185.13,1,185.12,2,185.11,3,185.09,2,185.26,4,185.27,3,185.28,4,185.29,9,185.3,6,185.31,15,185.32,4,185.34,5,185.35,3,185.36,1
2025-04-10 09:32:55,185.335,185.31,1,185.31,1,185.36,1,185.36,185.31,185.31,1,185.3,2,185.29,2,185.26,2,185.23,2,185.22,3,185.21,1,185.2,4,185.19,2,185.18,1,185.36,1,185.37,1,185.38,1,185.39,6,185.4,1,185.41,2,185.42,2,185.43,6,185.44,1,185.45,5
2025-04-10 09:32:56,185.355,185.35,1,185.33,1,185.38,2,185.38,185.33,185.33,1,185.32,5,185.31,2,185.3,2,185.29,2,185.26,2,185.23,2,185.22,3,185.21,1,185.2,4,185.38,2,185.41,11,185.42,3,185.43,4,185.44,5,185.46,3,185.47,3,185.48,4,185.49,2,185.5,2
2025-04-10 09:32:57,185.38,185.38,2,185.33,1,185.43,10,185.43,185.33,185.33,1,185.32,5,185.31,2,185.3,2,185.29,2,185.26,2,185.23,2,185.22,3,185.21,1,185.2,4,185.43,10,185.44,5,185.46,3,185.47,3,185.48,4,185.49,2,185.5,2,185.51,1,185.52,3,185.53,1
2025-04-10 09:32:58,185.41,185.41,2,185.37,3,185.45,2,185.45,185.37,185.37,3,185.36,2,185.34,2,185.33,2,185.32,2,185.3,3,185.29,2,185.26,2,185.23,2,185.22,3,185.45,2,185.46,3,185.47,3,185.48,4,185.49,2,185.5,2,185.51,1,185.52,3,185.53,1,185.54,2
2025-04-10 09:32:59,185.605,185.64,6,185.56,4,185.65,2,185.65,185.56,185.56,4,185.55,1,185.54,2,185.53,1,185.52,5,185.5,5,185.48,3,185.47,1,185.43,1,185.42,3,185.65,2,185.66,1,185.67,5,185.68,1,185.69,5,185.7,2,185.71,1,185.72,1,185.74,1,185.75,1
2025-04-10 09:33:00,185.64,185.59,2,185.59,2,185.69,3,185.69,185.59,185.59,2,185.58,1,185.56,1,185.55,1,185.54,4,185.53,1,185.52,5,185.5,5,185.48,3,185.47,1,185.69,3,185.7,2,185.71,3,185.72,1,185.74,1,185.75,1,185.76,1,185.77,1,185.78,1,185.79,2
2025-04-10 09:33:01,185.535,185.54,1,185.47,4,185.6,6,185.6,185.47,185.47,4,185.43,1,185.42,3,185.41,2,185.4,3,185.38,2,185.37,4,185.36,2,185.34,2,185.33,2,185.6,6,185.63,3,185.64,2,185.65,3,185.66,3,185.68,2,185.69,1,185.73,1,185.74,1,185.75,1
2025-04-10 09:33:02,185.54,185.57,1,185.51,2,185.57,6,185.57,185.51,185.51,2,185.5,4,185.49,2,185.48,3,185.47,2,185.43,4,185.42,2,185.4,4,185.38,2,185.37,4,185.57,6,185.58,2,185.6,6,185.63,3,185.64,2,185.65,3,185.66,3,185.68,2,185.69,1,185.73,1
2025-04-10 09:33:03,185.39,185.36,1,185.36,1,185.42,3,185.42,185.36,185.36,1,185.34,1,185.33,2,185.32,2,185.3,3,185.29,2,185.26,2,185.23,2,185.22,3,185.21,1,185.42,3,185.43,2,185.44,1,185.45,2,185.46,1,185.47,2,185.48,25,185.49,4,185.52,1,185.54,5
2025-04-10 09:33:04,185.235,185.25,2,185.22,1,185.25,6,185.25,185.22,185.22,1,185.18,4,185.17,1,185.16,3,185.15,1,185.14,3,185.13,1,185.12,2,185.11,3,185.09,2,185.25,6,185.26,2,185.27,3,185.28,1,185.29,1,185.31,3,185.32,2,185.33,2,185.34,3,185.35,1
2025-04-10 09:33:05,185.185,185.19,2,185.16,7,185.21,2,185.21,185.16,185.16,7,185.15,2,185.14,3,185.13,2,185.12,5,185.09,1,185.08,2,185.04,2,185.03,3,185.0,4,185.21,2,185.23,2,185.24,2,185.25,2,185.26,1,185.27,2,185.28,1,185.29,2,185.3,3,185.31,3
2025-04-10 09:33:06,185.15,185.13,1,185.09,4,185.21,6,185.21,185.09,185.09,4,185.08,2,185.04,2,185.03,3,185.0,4,184.99,2,184.98,2,184.97,2,184.96,2,184.95,1,185.21,6,185.23,2,185.24,2,185.25,2,185.26,1,185.27,2,185.28,1,185.29,2,185.3,3,185.31,3
2025-04-10 09:33:07,185.145,185.12,2,185.09,1,185.2,2,185.2,185.09,185.09,1,185.08,2,185.04,2,185.03,3,185.0,4,184.99,2,184.98,2,184.97,2,184.96,2,184.95,1,185.2,2,185.21,8,185.23,2,185.24,2,185.25,2,185.26,1,185.27,2,185.28,1,185.29,2,185.3,3
2025-04-10 09:33:08,185.12,185.12,1,185.07,1,185.17,4,185.17,185.07,185.07,1,185.05,4,185.04,4,185.03,3,185.02,1,185.0,4,184.99,2,184.98,2,184.97,2,184.96,2,185.17,4,185.18,1,185.19,1,185.2,2,185.21,8,185.23,2,185.24,2,185.25,2,185.26,1,185.27,2
2025-04-10 09:33:09,185.205,185.21,1,185.14,3,185.27,1,185.27,185.14,185.14,3,185.12,2,185.09,3,185.07,1,185.05,4,185.04,4,185.03,3,185.02,1,185.0,4,184.99,2,185.27,1,185.28,5,185.29,3,185.3,3,185.31,3,185.32,2,185.33,2,185.34,3,185.35,1,185.36,2
2025-04-10 09:33:10,185.375,185.32,1,185.32,3,185.43,2,185.43,185.32,185.32,3,185.3,1,185.28,6,185.27,1,185.26,1,185.25,1,185.23,1,185.2,1,185.14,6,185.12,2,185.43,2,185.44,1,185.45,2,185.46,1,185.47,2,185.48,25,185.49,4,185.52,1,185.54,5,185.55,1
2025-04-10 09:33:11,185.33,185.32,1,185.29,2,185.37,2,185.37,185.29,185.29,2,185.28,6,185.27,1,185.26,1,185.25,1,185.23,1,185.2,1,185.14,6,185.12,2,185.09,3,185.37,2,185.38,1,185.39,1,185.4,3,185.43,4,185.44,1,185.45,2,185.46,1,185.47,2,185.48,25
2025-04-10 09:33:12,185.29,185.27,1,185.27,1,185.31,3,185.31,185.27,185.27,1,185.26,1,185.23,2,185.22,1,185.21,2,185.2,1,185.14,6,185.12,2,185.09,3,185.07,1,185.31,3,185.34,1,185.35,1,185.36,1,185.37,5,185.38,1,185.39,1,185.4,3,185.43,4,185.44,1
2025-04-10 09:33:13,185.305,185.28,12,185.28,2,185.33,2,185.33,185.28,185.28,2,185.25,2,185.23,2,185.22,1,185.21,2,185.2,1,185.14,6,185.12,2,185.09,3,185.07,1,185.33,2,185.34,3,185.35,4,185.36,3,185.37,4,185.38,4,185.39,16,185.4,18,185.41,3,185.42,3
2025-04-10 09:33:14,185.45,185.45,1,185.4,2,185.5,7,185.5,185.4,185.4,2,185.37,3,185.35,3,185.33,2,185.31,3,185.3,1,185.29,3,185.28,2,185.25,2,185.23,2,185.5,7,185.52,1,185.54,5,185.55,1,185.56,2,185.57,6,185.58,2,185.6,6,185.63,3,185.64,2
2025-04-10 09:33:15,185.455,185.46,1,185.4,3,185.51,6,185.51,185.4,185.4,3,185.38,5,185.34,2,185.31,5,185.3,1,185.29,3,185.28,2,185.25,2,185.23,2,185.22,1,185.51,6,185.52,1,185.54,5,185.55,1,185.56,2,185.57,6,185.58,2,185.6,6,185.63,3,185.64,2
2025-04-10 09:33:16,185.41,185.36,1,185.37,1,185.45,3,185.45,185.37,185.37,1,185.36,3,185.35,1,185.34,2,185.33,2,185.32,1,185.31,4,185.3,1,185.29,3,185.28,2,185.45,3,185.46,2,185.48,2,185.51,6,185.52,1,185.54,5,185.55,1,185.56,2,185.57,6,185.58,2
2025-04-10 09:33:17,185.395,185.42,5,185.34,2,185.45,9,185.45,185.34,185.34,2,185.33,2,185.31,5,185.3,1,185.29,3,185.28,2,185.25,2,185.23,2,185.22,1,185.21,2,185.45,9,185.46,2,185.48,2,185.51,6,185.52,1,185.54,5,185.55,1,185.56,2,185.57,6,185.58,2
2025-04-10 09:33:18,185.315,185.32,1,185.26,2,185.37,3,185.37,185.26,185.26,2,185.25,2,185.24,1,185.23,2,185.22,1,185.21,2,185.2,1,185.14,6,185.12,2,185.09,3,185.37,3,185.38,1,185.39,1,185.4,1,185.41,2,185.45,9,185.46,2,185.48,2,185.51,6,185.52,1
2025-04-10 09:33:19,185.295,185.31,1,185.25,2,185.34,3,185.34,185.25,185.25,2,185.24,1,185.23,2,185.22,1,185.21,2,185.2,1,185.14,6,185.12,2,185.09,3,185.07,1,185.34,3,185.37,7,185.38,1,185.39,1,185.4,1,185.41,2,185.45,9,185.46,2,185.48,2,185.51,6
2025-04-10 09:33:20,185.29,185.29,1,185.25,3,185.33,3,185.33,185.25,185.25,3,185.24,1,185.23,2,185.22,1,185.21,2,185.2,1,185.14,6,185.12,2,185.09,3,185.07,1,185.33,3,185.34,6,185.35,3,185.36,1,185.37,14,185.38,1,185.39,1,185.4,1,185.41,2,185.45,9
2025-04-10 09:33:21,185.185,185.22,3,185.15,2,185.22,1,185.22,185.15,185.15,2,185.14,1,185.12,1,185.1,3,185.09,3,185.07,1,185.05,4,185.04,4,185.03,3,185.02,1,185.22,1,185.26,2,185.27,2,185.3,7,185.31,1,185.32,6,185.33,3,185.34,6,185.35,3,185.36,1
2025-04-10 09:33:22,185.325,185.35,1,185.29,1,185.36,1,185.36,185.29,185.29,1,185.28,2,185.27,2,185.26,2,185.25,1,185.24,2,185.23,2,185.21,2,185.19,3,185.15,3,185.36,1,185.38,1,185.39,1,185.4,1,185.41,2,185.45,9,185.46,2,185.48,2,185.51,6,185.52,1
2025-04-10 09:33:23,185.355,185.34,1,185.31,2,185.4,3,185.4,185.31,185.31,2,185.3,6,185.29,3,185.28,2,185.27,2,185.26,2,185.25,1,185.24,2,185.23,2,185.21,2,185.4,3,185.41,2,185.45,9,185.46,2,185.48,2,185.51,6,185.52,1,185.54,5,185.55,1,185.56,2
2025-04-10 09:33:24,185.53,185.55,1,185.49,2,185.57,8,185.57,185.49,185.49,2,185.47,1,185.46,1,185.45,1,185.43,3,185.41,3,185.39,1,185.38,3,185.37,3,185.35,3,185.57,8,185.58,2,185.6,6,185.63,3,185.64,2,185.65,3,185.66,3,185.68,2,185.69,1,185.73,1
2025-04-10 09:33:25,185.375,185.38,1,185.33,1,185.42,2,185.42,185.33,185.33,1,185.32,3,185.31,3,185.3,6,185.29,3,185.28,2,185.27,2,185.26,2,185.25,1,185.24,2,185.42,2,185.43,2,185.44,1,185.45,2,185.46,3,185.47,1,185.48,1,185.49,3,185.5,3,185.51,1
2025-04-10 09:33:26,185.35,185.32,2,185.32,2,185.38,3,185.38,185.32,185.32,2,185.31,3,185.3,6,185.29,3,185.28,2,185.27,2,185.26,2,185.25,1,185.24,2,185.23,2,185.38,3,185.39,3,185.43,6,185.44,1,185.45,2,185.46,3,185.47,1,185.48,1,185.49,3,185.5,3
2025-04-10 09:33:27,185.305,185.31,2,185.26,2,185.35,7,185.35,185.26,185.26,2,185.24,4,185.23,3,185.21,2,185.19,3,185.15,3,185.14,1,185.12,1,185.1,3,185.09,3,185.35,7,185.37,1,185.38,2,185.39,3,185.43,6,185.44,1,185.45,2,185.46,3,185.47,1,185.48,1
2025-04-10 09:33:28,185.31,185.31,1,185.27,5,185.35,6,185.35,185.27,185.27,5,185.26,1,185.24,4,185.23,3,185.21,2,185.19,3,185.15,3,185.14,1,185.12,1,185.1,3,185.35,6,185.37,1,185.38,2,185.39,3,185.43,6,185.44,1,185.45,2,185.46,3,185.47,1,185.48,1
2025-04-10 09:33:29,185.31,185.31,1,185.27,5,185.35,7,185.35,185.27,185.27,5,185.26,1,185.24,4,185.23,3,185.21,2,185.19,3,185.15,3,185.14,1,185.12,1,185.1,3,185.35,7,185.37,1,185.38,2,185.39,3,185.43,6,185.44,1,185.45,2,185.46,3,185.47,1,185.48,1
2025-04-10 09:33:30,185.38,185.35,1,185.33,4,185.43,4,185.43,185.33,185.33,4,185.32,3,185.31,4,185.3,7,185.28,4,185.27,5,185.26,1,185.24,4,185.23,3,185.21,2,185.43,4,185.44,5,185.45,2,185.46,3,185.47,1,185.48,1,185.49,3,185.5,3,185.51,1,185.52,1
2025-04-10 09:33:31,185.31,185.31,1,185.27,3,185.35,3,185.35,185.27,185.27,3,185.26,6,185.24,4,185.23,3,185.21,2,185.19,3,185.15,3,185.14,1,185.12,1,185.1,3,185.35,3,185.36,1,185.37,2,185.38,1,185.39,11,185.4,3,185.41,3,185.42,1,185.43,3,185.44,5
2025-04-10 09:33:32,185.255,185.29,1,185.21,4,185.3,2,185.3,185.21,185.21,4,185.2,4,185.19,3,185.15,3,185.14,1,185.12,1,185.1,3,185.09,3,185.07,1,185.05,4,185.3,2,185.31,4,185.36,6,185.37,5,185.38,1,185.39,11,185.4,3,185.41,3,185.42,1,185.43,3
2025-04-10 09:33:33,185.29,185.29,1,185.25,4,185.33,3,185.33,185.25,185.25,4,185.23,4,185.22,1,185.21,4,185.2,4,185.19,3,185.15,3,185.14,1,185.12,1,185.1,3,185.33,3,185.35,2,185.36,6,185.37,5,185.38,1,185.39,11,185.4,3,185.41,3,185.42,1,185.43,3
2025-04-10 09:33:34,185.29,185.29,3,185.25,9,185.33,2,185.33,185.25,185.25,9,185.23,4,185.22,1,185.21,4,185.2,4,185.19,3,185.15,3,185.14,1,185.12,1,185.1,3,185.33,2,185.34,2,185.35,2,185.36,6,185.37,5,185.38,1,185.39,11,185.4,3,185.41,3,185.42,1
2025-04-10 09:33:35,185.28,185.29,1,185.25,8,185.31,1,185.31,185.25,185.25,8,185.23,4,185.22,1,185.21,4,185.2,4,185.19,3,185.15,3,185.14,1,185.12,1,185.1,3,185.31,1,185.33,8,185.34,5,185.35,6,185.36,6,185.37,5,185.38,1,185.39,11,185.4,3,185.41,3
2025-04-10 09:33:36,185.49,185.49,1,185.44,3,185.54,3,185.54,185.44,185.44,3,185.43,4,185.42,3,185.41,2,185.39,4,185.38,4,185.37,2,185.36,1,185.31,4,185.3,3,185.54,3,185.55,2,185.56,2,185.57,8,185.58,2,185.6,6,185.63,3,185.64,2,185.65,3,185.66,3
2025-04-10 09:33:37,185.51,185.54,2,185.48,1,185.54,8,185.54,185.48,185.48,1,185.47,2,185.46,3,185.45,1,185.43,3,185.42,2,185.41,3,185.4,4,185.39,2,185.38,2,185.54,8,185.55,2,185.56,2,185.57,8,185.58,2,185.6,6,185.63,3,185.64,2,185.65,3,185.66,3
2025-04-10 09:33:38,185.435,185.47,3,185.39,1,185.48,2,185.48,185.39,185.39,1,185.38,2,185.37,2,185.36,1,185.31,4,185.3,3,185.29,4,185.28,3,185.26,1,185.25,27,185.48,2,185.49,1,185.5,2,185.51,1,185.52,2,185.54,9,185.55,2,185.56,2,185.57,8,185.58,2
2025-04-10 09:33:39,185.35,185.34,1,185.32,1,185.38,2,185.38,185.32,185.32,1,185.31,4,185.3,3,185.29,4,185.28,3,185.26,1,185.25,27,185.23,4,185.22,1,185.21,4,185.38,2,185.39,1,185.4,2,185.41,1,185.42,2,185.43,1,185.44,2,185.45,1,185.46,11,185.48,2
2025-04-10 09:33:40,185.195,185.19,1,185.17,2,185.22,3,185.22,185.17,185.17,2,185.15,3,185.14,1,185.12,1,185.1,3,185.09,3,185.07,1,185.05,4,185.04,4,185.03,3,185.22,3,185.23,1,185.24,4,185.25,2,185.27,4,185.28,3,185.29,5,185.3,2,185.34,4,185.35,3
2025-04-10 09:33:41,185.13,185.14,1,185.1,1,185.16,1,185.16,185.1,185.1,1,185.09,5,185.07,1,185.05,4,185.04,4,185.03,3,185.02,1,185.0,4,184.99,2,184.98,2,185.16,1,185.17,1,185.18,2,185.19,3,185.2,2,185.21,1,185.22,11,185.23,1,185.24,4,185.25,2
2025-04-10 09:33:42,185.125,185.08,1,185.07,4,185.18,4,185.18,185.07,185.07,4,185.05,3,185.04,4,185.02,8,185.0,4,184.99,2,184.98,2,184.97,2,184.96,2,184.95,1,185.18,4,185.19,3,185.2,2,185.21,1,185.22,11,185.23,1,185.24,4,185.25,2,185.27,4,185.28,3
2025-04-10 09:33:43,185.14,185.14,1,185.08,5,185.2,2,185.2,185.08,185.08,5,185.07,5,185.05,3,185.04,4,185.02,8,185.0,4,184.99,2,184.98,2,184.97,2,184.96,2,185.2,2,185.22,6,185.23,1,185.24,4,185.25,2,185.27,4,185.28,3,185.29,5,185.3,2,185.34,4
2025-04-10 09:33:44,185.18,185.2,1,185.14,4,185.22,1,185.22,185.14,185.14,4,185.1,3,185.09,1,185.08,7,185.07,5,185.05,3,185.04,4,185.02,8,185.0,4,184.99,2,185.22,1,185.24,3,185.25,6,185.27,4,185.28,3,185.29,5,185.3,2,185.34,4,185.35,3,185.36,2
2025-04-10 09:33:45,185.17,185.16,1,185.12,2,185.22,5,185.22,185.12,185.12,2,185.11,1,185.08,5,185.07,5,185.05,3,185.04,4,185.02,8,185.0,4,184.99,2,184.98,2,185.22,5,185.23,1,185.24,5,185.25,6,185.27,4,185.28,3,185.29,5,185.3,2,185.34,4,185.35,3
2025-04-10 09:33:46,185.19,185.2,1,185.14,1,185.24,4,185.24,185.14,185.14,1,185.11,1,185.08,5,185.07,5,185.05,3,185.04,4,185.02,8,185.0,4,184.99,2,184.98,2,185.24,4,185.25,6,185.27,4,185.28,3,185.29,5,185.3,2,185.34,4,185.35,3,185.36,2,185.37,1
2025-04-10 09:33:47,185.245,185.24,1,185.19,2,185.3,1,185.3,185.19,185.19,2,185.17,5,185.14,3,185.11,1,185.08,5,185.07,5,185.05,3,185.04,4,185.02,8,185.0,4,185.3,1,185.31,1,185.32,1,185.33,2,185.35,1,185.37,4,185.38,3,185.39,1,185.4,2,185.41,1
2025-04-10 09:33:49,185.3,185.3,1,185.24,3,185.36,4,185.36,185.24,185.24,3,185.21,3,185.2,2,185.19,3,185.17,5,185.14,3,185.11,1,185.08,5,185.07,5,185.05,3,185.36,4,185.37,4,185.38,3,185.39,1,185.4,2,185.41,1,185.42,2,185.43,1,185.44,2,185.45,1
2025-04-10 09:33:49,185.315,185.33,2,185.26,3,185.37,6,185.37,185.26,185.26,3,185.24,2,185.21,3,185.2,2,185.19,3,185.17,5,185.14,3,185.11,1,185.08,5,185.07,5,185.37,6,185.38,3,185.39,1,185.4,2,185.41,1,185.42,2,185.43,1,185.44,2,185.45,1,185.46,11
2025-04-10 09:33:50,185.315,185.33,1,185.26,4,185.37,7,185.37,185.26,185.26,4,185.24,2,185.21,3,185.2,2,185.19,3,185.17,5,185.14,3,185.11,1,185.08,5,185.07,5,185.37,7,185.38,3,185.39,1,185.4,2,185.41,1,185.42,2,185.43,1,185.44,2,185.45,1,185.46,11
2025-04-10 09:33:51,185.33,185.34,1,185.3,4,185.36,1,185.36,185.3,185.3,4,185.28,3,185.26,1,185.25,3,185.24,1,185.23,4,185.21,3,185.2,2,185.19,3,185.17,5,185.36,1,185.4,3,185.41,1,185.42,2,185.43,1,185.44,2,185.45,1,185.46,11,185.48,2,185.49,1
2025-04-10 09:33:53,185.29,185.29,1,185.24,3,185.34,4,185.34,185.24,185.24,3,185.23,3,185.21,3,185.2,2,185.19,3,185.17,5,185.14,3,185.11,1,185.08,5,185.07,5,185.34,4,185.36,2,185.4,3,185.41,1,185.42,2,185.43,1,185.44,2,185.45,1,185.46,11,185.48,2
2025-04-10 09:33:53,185.29,185.27,1,185.25,2,185.33,4,185.33,185.25,185.25,2,185.24,3,185.23,3,185.21,3,185.2,2,185.19,3,185.17,5,185.14,3,185.11,1,185.08,5,185.33,4,185.34,4,185.36,2,185.4,3,185.41,1,185.42,2,185.43,1,185.44,2,185.45,1,185.46,11
2025-04-10 09:33:55,185.3,185.3,1,185.27,1,185.33,5,185.33,185.27,185.27,1,185.25,2,185.24,3,185.23,3,185.21,3,185.2,2,185.19,3,185.17,5,185.14,3,185.11,1,185.33,5,185.34,4,185.36,2,185.4,3,185.41,1,185.42,2,185.43,1,185.44,2,185.45,1,185.46,11
2025-04-10 09:33:56,185.29,185.29,1,185.25,6,185.33,3,185.33,185.25,185.25,6,185.24,3,185.23,3,185.21,3,185.2,2,185.19,3,185.17,5,185.14,3,185.11,1,185.08,5,185.33,3,185.37,1,185.4,3,185.41,1,185.42,2,185.43,1,185.44,2,185.45,1,185.46,11,185.48,2
2025-04-10 09:33:57,185.25,185.21,1,185.21,1,185.29,3,185.29,185.21,185.21,1,185.2,2,185.19,3,185.18,3,185.17,2,185.16,3,185.14,3,185.11,1,185.08,5,185.07,5,185.29,3,185.3,2,185.31,1,185.32,1,185.33,2,185.37,1,185.4,3,185.41,1,185.42,2,185.43,1
2025-04-10 09:33:58,185.195,185.17,1,185.16,2,185.23,2,185.23,185.16,185.16,2,185.12,1,185.11,1,185.1,1,185.08,12,185.07,5,185.05,3,185.04,4,185.02,8,185.0,4,185.23,2,185.24,3,185.25,2,185.29,3,185.3,2,185.31,1,185.32,1,185.33,2,185.37,1,185.4,3
2025-04-10 09:33:58,185.205,185.19,1,185.15,2,185.26,1,185.26,185.15,185.15,2,185.14,1,185.13,2,185.11,1,185.1,1,185.08,12,185.07,5,185.05,3,185.04,4,185.02,8,185.26,1,185.29,3,185.3,2,185.31,1,185.32,1,185.33,2,185.37,1,185.4,3,185.41,1,185.42,2
2025-04-10 09:34:00,185.3,185.24,1,185.27,2,185.33,2,185.33,185.27,185.27,2,185.26,2,185.25,3,185.18,1,185.16,2,185.15,2,185.14,1,185.13,2,185.11,1,185.1,1,185.33,2,185.37,1,185.4,3,185.41,1,185.42,2,185.43,1,185.44,2,185.45,1,185.46,11,185.48,2
2025-04-10 09:34:01,185.265,185.22,2,185.21,4,185.32,4,185.32,185.21,185.21,4,185.18,1,185.16,2,185.15,2,185.14,1,185.13,2,185.11,1,185.1,1,185.08,12,185.07,5,185.32,4,185.33,1,185.34,1,185.37,1,185.4,3,185.41,1,185.42,2,185.43,1,185.44,2,185.45,1
2025-04-10 09:34:01,185.345,185.28,2,185.31,1,185.38,1,185.38,185.31,185.31,1,185.3,1,185.29,2,185.27,4,185.23,5,185.21,4,185.18,1,185.16,2,185.15,2,185.14,1,185.38,1,185.4,3,185.41,1,185.42,2,185.43,1,185.44,2,185.45,1,185.46,11,185.48,2,185.49,1
2025-04-10 09:34:02,185.515,185.52,3,185.49,2,185.54,1,185.54,185.49,185.49,2,185.44,3,185.43,2,185.42,2,185.4,2,185.39,3,185.38,3,185.37,3,185.36,2,185.35,1,185.54,1,185.58,6,185.6,6,185.63,3,185.64,2,185.65,3,185.66,3,185.68,2,185.69,1,185.73,1
2025-04-10 09:34:04,185.46,185.45,1,185.42,3,185.5,4,185.5,185.42,185.42,3,185.4,3,185.38,2,185.37,4,185.36,2,185.35,1,185.34,2,185.33,1,185.32,3,185.3,1,185.5,4,185.53,1,185.54,3,185.58,6,185.6,6,185.63,3,185.64,2,185.65,3,185.66,3,185.68,2
2025-04-10 09:34:04,185.415,185.39,1,185.37,1,185.46,4,185.46,185.37,185.37,1,185.36,2,185.35,2,185.34,2,185.33,1,185.32,3,185.3,1,185.29,2,185.27,4,185.23,5,185.46,4,185.47,4,185.49,1,185.5,3,185.52,3,185.53,1,185.54,3,185.58,6,185.6,6,185.63,3
2025-04-10 09:34:06,185.45,185.44,1,185.4,1,185.5,5,185.5,185.4,185.4,1,185.38,1,185.37,2,185.35,3,185.34,2,185.33,1,185.32,3,185.3,1,185.29,2,185.27,4,185.5,5,185.52,3,185.53,1,185.54,3,185.58,6,185.6,6,185.63,3,185.64,2,185.65,3,185.66,3
2025-04-10 09:34:07,185.395,185.37,1,185.35,2,185.44,3,185.44,185.35,185.35,2,185.34,2,185.33,1,185.3,3,185.28,1,185.26,3,185.23,5,185.21,4,185.18,1,185.16,2,185.44,3,185.45,1,185.48,2,185.5,8,185.52,3,185.53,1,185.54,3,185.58,6,185.6,6,185.63,3
2025-04-10 09:34:08,185.355,185.37,1,185.31,1,185.4,3,185.4,185.31,185.31,1,185.3,3,185.28,1,185.26,3,185.23,5,185.21,4,185.18,1,185.16,2,185.15,2,185.14,1,185.4,3,185.42,1,185.44,3,185.45,1,185.48,2,185.5,8,185.52,3,185.53,1,185.54,3,185.58,6
2025-04-10 09:34:09,185.455,185.45,1,185.42,2,185.49,6,185.49,185.42,185.42,2,185.41,1,185.4,1,185.39,1,185.37,1,185.36,2,185.35,2,185.34,2,185.32,2,185.31,2,185.49,6,185.5,8,185.52,3,185.53,1,185.54,3,185.58,6,185.6,6,185.63,3,185.64,2,185.65,3
2025-04-10 09:34:10,185.455,185.48,1,185.41,2,185.5,9,185.5,185.41,185.41,2,185.4,1,185.39,1,185.37,1,185.36,2,185.35,2,185.34,2,185.32,2,185.31,2,185.29,2,185.5,9,185.51,20,185.52,3,185.53,1,185.54,3,185.58,6,185.6,6,185.63,3,185.64,2,185.65,3
2025-04-10 09:34:11,185.355,185.36,1,185.3,3,185.41,7,185.41,185.3,185.3,3,185.29,2,185.28,2,185.27,2,185.25,2,185.23,6,185.21,4,185.18,1,185.16,2,185.15,2,185.41,7,185.42,8,185.43,3,185.44,2,185.45,1,185.46,7,185.47,7,185.48,2,185.49,8,185.5,9
2025-04-10 09:34:12,185.32,185.32,1,185.28,3,185.36,5,185.36,185.28,185.28,3,185.27,2,185.25,2,185.23,6,185.21,4,185.18,1,185.16,2,185.15,2,185.14,1,185.13,2,185.36,5,185.37,1,185.38,2,185.41,7,185.42,8,185.43,3,185.44,2,185.45,1,185.46,7,185.47,7
2025-04-10 09:34:13,185.37,185.37,1,185.32,2,185.42,9,185.42,185.32,185.32,2,185.3,2,185.29,1,185.28,4,185.27,2,185.25,2,185.23,6,185.21,4,185.18,1,185.16,2,185.42,9,185.43,3,185.44,2,185.45,1,185.46,7,185.47,7,185.48,2,185.49,8,185.5,9,185.51,20
2025-04-10 09:34:14,185.34,185.33,1,185.3,3,185.38,1,185.38,185.3,185.3,3,185.28,7,185.27,2,185.25,2,185.23,6,185.21,4,185.18,1,185.16,2,185.15,2,185.14,1,185.38,1,185.39,1,185.4,3,185.41,1,185.42,1,185.43,2,185.44,5,185.45,1,185.46,7,185.47,7
2025-04-10 09:34:15,185.315,185.35,1,185.27,2,185.36,1,185.36,185.27,185.27,2,185.25,2,185.23,6,185.21,4,185.18,1,185.16,2,185.15,2,185.14,1,185.13,2,185.11,1,185.36,1,185.38,2,185.39,1,185.4,1,185.42,2,185.43,1,185.44,2,185.47,1,185.48,1,185.5,12
2025-04-10 09:34:16,185.335,185.35,1,185.29,6,185.38,3,185.38,185.29,185.29,6,185.28,5,185.27,2,185.26,1,185.25,1,185.24,6,185.23,1,185.21,6,185.18,1,185.16,2,185.38,3,185.39,1,185.4,1,185.42,2,185.43,1,185.44,2,185.47,1,185.48,1,185.5,12,185.51,20
2025-04-10 09:34:17,185.34,185.34,2,185.3,2,185.38,5,185.38,185.3,185.3,2,185.29,6,185.28,5,185.27,2,185.26,1,185.25,1,185.24,6,185.23,1,185.21,6,185.18,1,185.38,5,185.41,1,185.42,2,185.43,1,185.44,2,185.47,1,185.48,1,185.5,12,185.51,20,185.52,3
2025-04-10 09:34:18,185.385,185.4,50,185.34,2,185.43,1,185.43,185.34,185.34,2,185.33,2,185.32,1,185.3,2,185.29,6,185.28,5,185.27,2,185.26,1,185.25,1,185.24,6,185.43,1,185.44,2,185.46,6,185.47,1,185.48,1,185.5,12,185.51,20,185.52,3,185.53,1,185.54,3
2025-04-10 09:34:19,185.34,185.33,5,185.3,4,185.38,5,185.38,185.3,185.3,4,185.29,6,185.28,5,185.27,2,185.26,1,185.25,1,185.24,6,185.23,1,185.21,6,185.18,1,185.38,5,185.4,3,185.41,2,185.42,1,185.43,3,185.44,2,185.45,3,185.46,6,185.47,1,185.48,1
2025-04-10 09:34:20,185.38,185.38,1,185.34,2,185.42,2,185.42,185.34,185.34,2,185.33,2,185.31,3,185.3,5,185.29,6,185.28,5,185.27,2,185.26,1,185.25,1,185.24,6,185.42,2,185.43,3,185.44,4,185.46,3,185.47,1,185.48,1,185.5,12,185.51,20,185.52,3,185.53,1
2025-04-10 09:34:21,185.385,185.39,1,185.34,3,185.43,4,185.43,185.34,185.34,3,185.33,2,185.32,1,185.31,8,185.3,5,185.29,6,185.28,5,185.27,2,185.26,1,185.25,1,185.43,4,185.44,3,185.46,3,185.47,1,185.48,1,185.5,12,185.51,20,185.52,3,185.53,1,185.54,3
2025-04-10 09:34:22,185.36,185.4,1,185.32,3,185.4,4,185.4,185.32,185.32,3,185.31,8,185.3,5,185.29,6,185.28,5,185.27,2,185.26,1,185.25,1,185.24,6,185.23,1,185.4,4,185.42,3,185.43,4,185.44,3,185.46,3,185.47,1,185.48,1,185.5,12,185.51,20,185.52,3
2025-04-10 09:34:23,185.165,185.13,1,185.13,4,185.2,2,185.2,185.13,185.13,4,185.11,1,185.1,1,185.08,12,185.07,5,185.05,3,185.04,4,185.02,8,185.0,4,184.99,2,185.2,2,185.22,2,185.24,1,185.27,2,185.28,2,185.29,1,185.3,2,185.31,5,185.32,3,185.35,1
2025-04-10 09:34:24,185.17,185.09,145,185.15,6,185.19,1,185.19,185.15,185.15,6,185.09,9,185.08,12,185.07,5,185.05,3,185.04,4,185.02,8,185.0,4,184.99,2,184.98,2,185.19,1,185.2,4,185.21,4,185.22,3,185.23,1,185.24,3,185.25,3,185.28,3,185.29,4,185.3,2
2025-04-10 09:34:25,185.315,185.33,1,185.28,2,185.35,3,185.35,185.28,185.28,2,185.27,3,185.26,2,185.25,4,185.24,2,185.23,5,185.22,1,185.18,3,185.17,3,185.15,5,185.35,3,185.36,2,185.37,1,185.38,3,185.39,3,185.4,2,185.41,1,185.42,8,185.43,4,185.44,3
2025-04-10 09:34:26,185.345,185.34,1,185.31,9,185.38,2,185.38,185.31,185.31,9,185.3,3,185.29,1,185.28,2,185.27,3,185.26,2,185.25,4,185.24,2,185.23,5,185.22,1,185.38,2,185.4,4,185.41,2,185.42,2,185.44,4,185.45,2,185.47,2,185.48,3,185.5,12,185.51,20
2025-04-10 09:34:27,185.35,185.37,1,185.31,2,185.39,1,185.39,185.31,185.31,2,185.3,2,185.29,1,185.28,2,185.27,3,185.26,2,185.25,4,185.24,2,185.23,5,185.22,1,185.39,1,185.41,5,185.42,2,185.44,4,185.45,2,185.47,2,185.48,3,185.5,12,185.51,20,185.52,3
2025-04-10 09:34:28,185.31,185.31,2,185.28,3,185.34,1,185.34,185.28,185.28,3,185.27,3,185.26,2,185.25,4,185.24,2,185.23,5,185.22,1,185.18,3,185.17,3,185.15,5,185.34,1,185.35,2,185.36,2,185.37,2,185.39,2,185.4,1,185.41,5,185.42,2,185.44,4,185.45,2
2025-04-10 09:34:29,185.215,185.18,5,185.18,7,185.25,5,185.25,185.18,185.18,7,185.17,3,185.15,5,185.09,9,185.08,12,185.07,5,185.05,3,185.04,4,185.02,8,185.0,4,185.25,5,185.28,4,185.29,1,185.3,1,185.34,1,185.35,2,185.36,3,185.37,5,185.39,2,185.4,1
2025-04-10 09:34:30,185.205,185.25,2,185.16,1,185.25,7,185.25,185.16,185.16,1,185.15,4,185.09,9,185.08,12,185.07,5,185.05,3,185.04,4,185.02,8,185.0,4,184.99,2,185.25,7,185.28,4,185.29,1,185.3,1,185.34,1,185.35,2,185.36,3,185.37,5,185.39,2,185.4,1
2025-04-10 09:34:31,185.295,185.3,1,185.26,1,185.33,10,185.33,185.26,185.26,1,185.25,2,185.24,1,185.23,2,185.22,1,185.21,2,185.2,1,185.19,1,185.18,1,185.17,1,185.33,10,185.34,1,185.35,2,185.36,3,185.37,5,185.39,2,185.4,1,185.41,5,185.42,2,185.44,4
2025-04-10 09:34:32,185.24,185.25,1,185.2,16,185.28,9,185.28,185.2,185.2,16,185.19,1,185.18,1,185.17,1,185.16,3,185.15,1,185.14,1,185.13,9,185.12,8,185.11,13,185.28,9,185.29,4,185.3,14,185.31,109,185.33,10,185.34,1,185.35,2,185.36,3,185.37,5,185.39,2
2025-04-10 09:34:33,185.175,185.15,1,185.13,11,185.22,1,185.22,185.13,185.13,11,185.12,8,185.11,13,185.09,3,185.08,12,185.07,5,185.05,3,185.04,4,185.02,8,185.0,4,185.22,1,185.23,2,185.26,4,185.27,4,185.28,10,185.29,4,185.3,14,185.31,109,185.33,10,185.34,1
2025-04-10 09:34:34,185.235,185.25,1,185.22,4,185.25,6,185.25,185.22,185.22,4,185.21,1,185.2,1,185.19,3,185.18,1,185.17,5,185.16,2,185.15,1,185.14,2,185.13,11,185.25,6,185.26,4,185.27,4,185.28,10,185.29,4,185.3,14,185.31,109,185.33,10,185.34,1,185.35,2
2025-04-10 09:34:35,185.23,185.25,10,185.19,4,185.27,3,185.27,185.19,185.19,4,185.18,1,185.17,5,185.16,2,185.15,1,185.14,2,185.13,11,185.12,8,185.11,13,185.09,3,185.27,3,185.29,2,185.3,14,185.31,109,185.33,10,185.34,1,185.35,2,185.36,3,185.37,5,185.39,2
2025-04-10 09:34:36,185.205,185.19,1,185.17,1,185.24,4,185.24,185.17,185.17,1,185.16,3,185.15,3,185.14,1,185.13,14,185.12,8,185.11,13,185.09,3,185.08,12,185.07,5,185.24,4,185.27,3,185.29,2,185.3,14,185.31,109,185.33,10,185.34,1,185.35,2,185.36,3,185.37,5
2025-04-10 09:34:37,185.16,185.16,1,185.13,15,185.19,2,185.19,185.13,185.13,15,185.12,8,185.11,13,185.09,3,185.08,12,185.07,5,185.05,3,185.04,4,185.02,8,185.0,4,185.19,2,185.21,1,185.23,1,185.24,4,185.27,3,185.29,2,185.3,14,185.31,109,185.33,10,185.34,1
2025-04-10 09:34:38,185.055,185.08,1,185.01,2,185.1,6,185.1,185.01,185.01,2,185.0,4,184.99,2,184.98,2,184.97,2,184.96,2,184.95,1,184.88,2,184.86,5,184.85,1,185.1,6,185.11,4,185.14,5,185.17,1,185.19,2,185.21,1,185.23,1,185.24,4,185.27,3,185.29,2
2025-04-10 09:34:39,184.98,184.96,1,184.94,1,185.01,1,185.01,184.94,184.95,2,184.88,2,184.86,5,184.85,1,184.84,4,184.82,1,184.81,4,184.8,1,184.78,1,184.75,5,185.01,1,185.02,3,185.03,1,185.04,1,185.05,1,185.06,2,185.07,3,185.08,3,185.09,1,185.1,6
2025-04-10 09:34:40,184.915,184.89,3,184.88,7,184.95,1,184.95,184.88,184.88,7,184.86,5,184.85,1,184.84,4,184.82,1,184.81,4,184.8,1,184.78,1,184.75,5,184.71,3,184.95,1,184.96,1,184.97,1,184.98,2,184.99,1,185.0,2,185.01,3,185.02,3,185.03,1,185.04,1
2025-04-10 09:34:41,184.9,184.86,2,184.85,2,184.95,6,184.95,184.85,184.85,2,184.84,3,184.83,5,184.82,1,184.81,4,184.8,1,184.78,1,184.75,5,184.71,3,184.66,5,184.95,6,184.96,1,184.97,1,184.98,2,184.99,1,185.0,2,185.01,3,185.02,3,185.03,1,185.04,1
2025-04-10 09:34:42,184.91,184.88,3,184.87,1,184.95,6,184.95,184.87,184.87,1,184.85,6,184.84,3,184.83,5,184.82,1,184.81,4,184.8,1,184.78,1,184.75,5,184.71,3,184.95,6,184.96,1,184.97,1,184.98,2,184.99,1,185.0,2,185.01,3,185.02,3,185.03,1,185.04,1
2025-04-10 09:34:43,184.83,184.81,1,184.8,6,184.86,3,184.86,184.8,184.8,6,184.78,1,184.75,5,184.71,3,184.66,5,184.63,4,184.62,4,184.58,3,184.51,3,184.5,2,184.86,3,184.87,1,184.88,3,184.89,1,184.9,2,184.91,2,184.93,3,184.94,1,184.95,4,184.96,3
2025-04-10 09:34:44,184.855,184.89,1,184.81,4,184.9,3,184.9,184.81,184.81,4,184.8,6,184.78,1,184.75,5,184.71,3,184.66,5,184.63,4,184.62,4,184.58,3,184.51,3,184.9,3,184.91,3,184.93,3,184.94,1,184.95,4,184.96,3,184.97,3,184.98,3,184.99,1,185.0,2
2025-04-10 09:34:45,184.845,184.85,1,184.81,3,184.88,2,184.88,184.81,184.81,3,184.8,6,184.78,1,184.75,5,184.71,3,184.66,5,184.63,4,184.62,4,184.58,3,184.51,3,184.88,2,184.89,1,184.9,3,184.91,3,184.93,3,184.94,1,184.95,4,184.96,3,184.97,3,184.98,3
2025-04-10 09:34:46,184.97,184.97,1,184.93,1,185.01,3,185.01,184.93,184.93,1,184.92,2,184.91,1,184.9,2,184.89,2,184.88,2,184.87,1,184.86,1,184.85,1,184.84,2,185.01,3,185.02,3,185.03,1,185.04,1,185.05,1,185.06,2,185.07,3,185.08,3,185.09,1,185.1,6
2025-04-10 09:34:47,184.99,184.98,2,184.94,3,185.04,4,185.04,184.94,184.94,3,184.93,1,184.89,4,184.88,2,184.87,1,184.86,1,184.85,1,184.84,2,184.83,1,184.82,1,185.04,4,185.05,1,185.06,2,185.07,3,185.08,3,185.09,1,185.1,6,185.11,4,185.14,5,185.17,1
2025-04-10 09:34:48,185.06,185.08,1,185.03,2,185.09,5,185.09,185.03,185.03,2,185.01,2,184.95,2,184.94,3,184.93,1,184.89,4,184.88,2,184.87,1,184.86,1,184.85,1,185.09,5,185.1,6,185.11,4,185.14,5,185.17,1,185.19,2,185.21,1,185.23,1,185.24,4,185.27,3
2025-04-10 09:34:49,185.065,185.07,1,185.03,2,185.1,7,185.1,185.03,185.03,2,184.98,1,184.95,1,184.94,3,184.93,1,184.89,4,184.88,2,184.87,1,184.86,1,184.85,1,185.1,7,185.11,4,185.14,5,185.17,1,185.19,2,185.21,1,185.23,1,185.24,4,185.27,3,185.29,2
2025-04-10 09:34:50,185.175,185.17,1,185.13,3,185.22,3,185.22,185.13,185.13,3,185.12,1,185.11,1,185.09,4,185.08,3,185.07,1,185.06,1,185.05,2,185.04,5,185.03,5,185.22,3,185.23,1,185.24,4,185.27,3,185.29,2,185.3,14,185.31,109,185.33,10,185.34,1,185.35,2
2025-04-10 09:34:51,185.125,185.13,2,185.11,5,185.14,1,185.14,185.11,185.11,5,185.09,4,185.08,3,185.07,1,185.06,1,185.05,2,185.04,5,185.03,5,184.98,1,184.95,1,185.14,1,185.15,2,185.17,2,185.18,2,185.19,1,185.2,1,185.21,1,185.22,4,185.23,1,185.24,4
2025-04-10 09:34:52,185.16,185.1,1,185.11,1,185.21,2,185.21,185.11,185.11,1,185.1,1,185.09,2,185.04,4,185.03,4,184.98,1,184.95,1,184.94,3,184.93,1,184.89,4,185.21,2,185.22,4,185.23,1,185.24,4,185.27,3,185.29,2,185.3,14,185.31,109,185.33,10,185.34,1
2025-04-10 09:34:53,185.15,185.15,1,185.11,4,185.19,1,185.19,185.11,185.11,4,185.1,1,185.09,2,185.04,4,185.03,4,184.98,1,184.95,1,184.94,3,184.93,1,184.89,4,185.19,1,185.2,3,185.21,2,185.22,4,185.23,1,185.24,4,185.27,3,185.29,2,185.3,14,185.31,109
2025-04-10 09:34:54,185.04,185.04,1,184.98,4,185.1,2,185.1,184.98,184.98,4,184.95,1,184.94,3,184.93,1,184.89,4,184.88,2,184.87,1,184.86,1,184.85,1,184.84,2,185.1,2,185.11,1,185.12,2,185.14,4,185.15,2,185.17,3,185.18,3,185.19,2,185.2,3,185.21,2
2025-04-10 09:34:55,185.0,184.98,1,184.95,4,185.05,3,185.05,184.95,184.95,4,184.94,2,184.93,3,184.92,3,184.91,3,184.9,2,184.89,2,184.88,3,184.87,2,184.86,1,185.05,3,185.07,4,185.09,2,185.1,1,185.11,2,185.12,2,185.14,4,185.15,2,185.17,3,185.18,3
2025-04-10 09:34:56,185.01,185.02,1,184.96,2,185.06,5,185.06,184.96,184.96,2,184.95,5,184.94,2,184.93,3,184.92,3,184.91,3,184.9,2,184.89,2,184.88,3,184.87,2,185.06,5,185.09,3,185.1,1,185.11,2,185.12,1,185.13,2,185.14,1,185.16,4,185.17,3,185.18,3
2025-04-10 09:34:57,185.03,185.0,1,185.0,4,185.06,4,185.06,185.0,185.0,4,184.99,2,184.96,1,184.95,3,184.94,5,184.93,3,184.92,3,184.91,3,184.9,2,184.89,2,185.06,4,185.08,1,185.09,3,185.1,1,185.11,2,185.12,1,185.13,2,185.14,1,185.16,4,185.17,3
2025-04-10 09:34:58,184.95,185.0,1,184.89,4,185.01,1,185.01,184.89,184.89,4,184.88,3,184.87,2,184.86,1,184.85,5,184.84,2,184.83,1,184.82,1,184.81,2,184.8,5,185.01,1,185.02,1,185.03,2,185.04,2,185.05,1,185.06,2,185.08,3,185.09,3,185.1,1,185.11,2
2025-04-10 09:34:59,184.935,184.92,1,184.89,3,184.98,3,184.98,184.89,184.89,3,184.88,3,184.87,2,184.86,1,184.85,5,184.84,2,184.83,1,184.82,1,184.81,2,184.8,5,184.98,3,185.0,2,185.01,5,185.02,1,185.03,2,185.04,2,185.05,1,185.06,2,185.08,3,185.09,3
2025-04-10 09:35:00,184.935,184.94,3,184.89,3,184.98,1,184.98,184.89,184.89,3,184.88,3,184.87,2,184.86,1,184.85,5,184.84,2,184.83,1,184.82,1,184.81,2,184.8,5,184.98,1,185.0,1,185.01,4,185.02,1,185.03,2,185.04,2,185.05,1,185.06,2,185.08,3,185.09,3
2025-04-10 09:35:01,185.025,185.01,1,184.95,3,185.1,2,185.1,184.95,184.95,3,184.91,3,184.89,7,184.88,4,184.86,3,184.85,5,184.84,2,184.83,1,184.82,1,184.81,2,185.1,2,185.11,2,185.12,1,185.13,2,185.14,1,185.16,4,185.17,3,185.18,3,185.19,2,185.2,3
2025-04-10 09:35:02,185.16,185.19,1,185.1,3,185.22,4,185.22,185.1,185.1,3,185.08,4,185.07,4,185.06,1,185.04,3,185.02,2,185.0,5,184.95,8,184.91,3,184.89,7,185.22,4,185.23,1,185.24,4,185.27,3,185.29,2,185.3,14,185.31,109,185.33,10,185.34,1,185.35,2
2025-04-10 09:35:03,185.125,185.0,11,185.07,8,185.18,4,185.18,185.07,185.07,8,185.06,1,185.04,3,185.02,2,185.0,5,184.95,8,184.91,3,184.89,7,184.88,4,184.86,3,185.18,4,185.21,1,185.22,1,185.23,3,185.24,4,185.27,3,185.29,2,185.3,14,185.31,109,185.33,10
2025-04-10 09:35:04,185.065,185.11,1,185.04,2,185.09,2,185.09,185.04,185.04,2,185.02,2,185.0,5,184.95,8,184.91,3,184.89,7,184.88,4,184.86,3,184.85,5,184.84,2,185.09,2,185.11,4,185.12,1,185.13,1,185.14,4,185.15,3,185.17,1,185.18,4,185.21,1,185.22,1
2025-04-10 09:35:05,185.12,185.14,1,185.07,2,185.17,1,185.16,185.07,185.07,2,185.06,1,185.01,2,185.0,1,184.99,1,184.98,1,184.95,8,184.91,3,184.89,7,184.88,4,185.17,1,185.18,3,185.19,1,185.2,2,185.21,1,185.22,3,185.23,3,185.24,4,185.27,3,185.29,2
2025-04-10 09:35:06,185.12,185.09,4,185.07,5,185.17,1,185.17,185.07,185.07,5,185.06,1,185.01,2,185.0,1,184.99,1,184.98,1,184.95,8,184.91,3,184.89,7,184.88,4,185.17,1,185.18,3,185.19,1,185.2,2,185.21,1,185.22,3,185.23,3,185.24,4,185.27,3,185.29,2
2025-04-10 09:35:07,185.115,185.06,1,185.06,1,185.17,2,185.17,185.06,185.06,1,185.03,3,185.02,6,185.0,2,184.99,1,184.98,1,184.95,8,184.91,3,184.89,7,184.88,4,185.17,2,185.18,3,185.19,1,185.2,2,185.21,1,185.22,3,185.23,3,185.24,4,185.27,3,185.29,2
2025-04-10 09:35:08,185.09,185.08,1,185.04,5,185.14,1,185.14,185.04,185.04,5,185.03,5,185.02,6,185.0,2,184.99,1,184.98,1,184.95,8,184.91,3,184.89,7,184.88,4,185.14,1,185.16,1,185.17,4,185.18,3,185.19,1,185.2,2,185.21,1,185.22,3,185.23,3,185.24,4
2025-04-10 09:35:09,185.195,185.21,1,185.17,1,185.22,2,185.22,185.17,185.17,1,185.16,4,185.13,1,185.11,3,185.1,2,185.08,2,185.06,2,185.05,5,185.04,5,185.03,5,185.22,2,185.23,3,185.24,4,185.27,3,185.29,2,185.3,14,185.31,109,185.33,10,185.34,1,185.35,2
2025-04-10 09:35:10,185.215,185.21,1,185.15,7,185.28,3,185.28,185.15,185.15,7,185.13,7,185.11,3,185.1,2,185.08,2,185.06,2,185.05,5,185.04,5,185.03,5,185.02,6,185.28,3,185.3,17,185.31,109,185.33,10,185.34,1,185.35,2,185.36,3,185.37,5,185.39,2,185.4,1
2025-04-10 09:35:11,185.11,185.15,1,185.06,3,185.16,1,185.16,185.06,185.06,3,185.05,5,185.04,5,185.03,5,185.02,6,185.0,2,184.99,1,184.98,1,184.95,8,184.91,3,185.16,1,185.18,2,185.2,3,185.21,2,185.23,6,185.24,3,185.25,2,185.26,1,185.28,3,185.3,17
2025-04-10 09:35:12,185.125,185.09,5,185.06,3,185.19,3,185.19,185.06,185.06,3,185.05,5,185.04,5,185.03,5,185.02,6,185.0,2,184.99,1,184.98,1,184.95,8,184.91,3,185.19,3,185.21,3,185.23,6,185.24,3,185.25,2,185.26,1,185.28,3,185.3,17,185.31,109,185.33,10
2025-04-10 09:35:13,185.195,185.2,10,185.15,2,185.24,6,185.24,185.15,185.15,2,185.11,2,185.09,7,185.06,4,185.05,5,185.04,5,185.03,5,185.02,6,185.0,2,184.99,1,185.24,6,185.25,2,185.26,1,185.28,3,185.3,17,185.31,109,185.33,10,185.34,1,185.35,2,185.36,3
2025-04-10 09:35:14,185.165,185.19,1,185.12,7,185.21,2,185.21,185.12,185.12,7,185.11,4,185.1,1,185.09,2,185.07,2,185.06,2,185.05,7,185.04,5,185.03,5,185.02,6,185.21,2,185.22,3,185.23,1,185.24,6,185.25,2,185.26,1,185.28,3,185.3,17,185.31,109,185.33,10
2025-04-10 09:35:15,185.545,185.49,1,185.51,5,185.58,6,185.58,185.51,185.51,5,185.47,2,185.45,4,185.44,1,185.43,1,185.42,4,185.39,4,185.38,1,185.37,2,185.36,1,185.58,6,185.6,6,185.63,3,185.64,2,185.65,3,185.66,3,185.68,2,185.69,1,185.73,1,185.74,1
2025-04-10 09:35:16,185.44,185.48,2,185.39,2,185.49,3,185.49,185.39,185.39,2,185.37,3,185.36,1,185.35,2,185.34,1,185.33,3,185.32,1,185.3,2,185.29,2,185.26,1,185.49,3,185.5,4,185.52,1,185.53,2,185.54,6,185.56,3,185.57,1,185.58,7,185.59,1,185.61,3
2025-04-10 09:35:17,185.415,185.42,1,185.37,3,185.46,4,185.46,185.37,185.37,3,185.35,4,185.34,2,185.33,3,185.32,1,185.3,2,185.29,2,185.26,1,185.25,2,185.24,1,185.46,4,185.47,2,185.48,2,185.49,1,185.5,1,185.51,3,185.52,4,185.54,6,185.55,1,185.56,3
2025-04-10 09:35:18,185.515,185.54,2,185.47,4,185.56,4,185.56,185.47,185.47,4,185.46,3,185.45,2,185.44,1,185.43,3,185.42,5,185.41,7,185.4,2,185.39,7,185.38,1,185.56,4,185.57,1,185.58,7,185.59,1,185.61,3,185.62,6,185.63,7,185.64,2,185.65,3,185.66,3
2025-04-10 09:35:19,185.495,185.48,1,185.45,5,185.54,2,185.54,185.45,185.45,5,185.43,5,185.42,5,185.41,7,185.4,2,185.39,7,185.38,1,185.37,7,185.35,4,185.34,2,185.54,2,185.56,2,185.58,7,185.59,1,185.61,3,185.62,6,185.63,7,185.64,2,185.65,3,185.66,3
2025-04-10 09:35:20,185.775,185.8,2,185.72,4,185.83,7,185.83,185.72,185.72,4,185.71,1,185.69,5,185.66,4,185.65,1,185.64,1,185.63,1,185.62,1,185.61,1,185.6,1,185.83,7,185.84,5,185.85,9,185.9,2,,,,,,,,,,,,
2025-04-10 09:35:21,185.66,185.68,1,185.62,2,185.7,1,185.7,185.62,185.62,2,185.61,2,185.6,1,185.59,1,185.58,3,185.57,2,185.56,1,185.55,3,185.53,2,185.52,1,185.7,1,185.74,1,185.75,3,185.77,2,185.78,1,185.82,1,185.83,3,185.84,2,185.85,11,185.9,2
2025-04-10 09:35:22,185.69,185.63,2,185.64,3,185.74,1,185.74,185.64,185.64,3,185.62,8,185.59,3,185.58,3,185.57,2,185.56,1,185.55,3,185.53,2,185.52,1,185.51,2,185.74,1,185.75,4,185.77,2,185.78,1,185.82,1,185.83,3,185.84,2,185.85,11,185.9,2,,
2025-04-10 09:35:23,185.79,185.78,1,185.74,3,185.84,8,185.84,185.74,185.74,3,185.72,2,185.71,1,185.7,2,185.68,7,185.66,2,185.65,1,185.64,3,185.62,8,185.59,3,185.84,8,185.85,4,185.88,10,185.9,2,,,,,,,,,,,,
2025-04-10 09:35:24,185.675,185.68,1,185.62,6,185.73,1,185.73,185.62,185.62,6,185.59,3,185.58,3,185.57,2,185.56,1,185.55,3,185.53,2,185.52,1,185.51,2,185.49,2,185.73,1,185.78,2,185.81,2,185.83,1,185.84,8,185.85,4,185.88,10,185.9,2,,,,
2025-04-10 09:35:25,185.7,185.7,1,185.66,2,185.74,2,185.74,185.66,185.66,2,185.65,2,185.64,3,185.63,1,185.62,7,185.59,3,185.58,3,185.57,2,185.56,1,185.55,3,185.74,2,185.75,1,185.76,2,185.77,2,185.78,1,185.79,2,185.81,2,185.82,3,185.84,8,185.85,4
2025-04-10 09:35:26,185.735,185.74,1,185.72,6,185.75,8,185.75,185.72,185.72,6,185.71,5,185.7,5,185.69,1,185.68,2,185.67,1,185.66,2,185.65,2,185.64,3,185.63,3,185.75,8,185.76,7,185.77,2,185.78,1,185.79,2,185.81,2,185.82,3,185.84,8,185.85,4,185.88,10
2025-04-10 09:35:27,185.62,185.64,5,185.57,6,185.67,6,185.67,185.57,185.57,6,185.56,1,185.55,3,185.54,5,185.53,1,185.52,1,185.51,2,185.5,1,185.49,4,185.45,10,185.67,6,185.69,2,185.7,3,185.71,1,185.72,4,185.73,2,185.75,7,185.76,7,185.77,2,185.78,1
2025-04-10 09:35:28,185.585,185.61,3,185.54,6,185.63,1,185.63,185.54,185.54,6,185.53,1,185.52,1,185.51,2,185.5,1,185.49,4,185.45,10,185.43,5,185.42,5,185.41,7,185.63,1,185.64,6,185.65,5,185.66,2,185.67,1,185.68,4,185.69,2,185.7,3,185.71,1,185.72,4
2025-04-10 09:35:29,185.525,185.55,2,185.5,3,185.55,5,185.55,185.5,185.5,3,185.49,1,185.48,1,185.47,1,185.45,2,185.43,5,185.42,5,185.41,7,185.4,2,185.39,7,185.55,5,185.63,2,185.64,6,185.65,5,185.66,2,185.67,1,185.68,4,185.69,2,185.7,3,185.71,1
2025-04-10 09:35:30,185.495,185.44,1,185.45,2,185.54,2,185.54,185.45,185.45,2,185.44,2,185.43,3,185.42,2,185.41,3,185.4,6,185.39,5,185.35,6,185.34,2,185.33,3,185.54,2,185.55,2,185.56,4,185.58,2,185.59,1,185.6,8,185.63,2,185.64,6,185.65,5,185.66,2
2025-04-10 09:35:31,185.49,185.53,1,185.45,2,185.53,1,185.53,185.45,185.45,2,185.43,1,185.42,3,185.41,3,185.4,6,185.39,5,185.35,6,185.34,2,185.33,3,185.32,1,185.53,1,185.54,2,185.55,3,185.56,4,185.58,2,185.59,1,185.6,8,185.63,2,185.64,6,185.65,5
2025-04-10 09:35:32,185.615,185.61,1,185.58,2,185.65,6,185.65,185.58,185.58,2,185.57,1,185.56,3,185.55,3,185.54,2,185.52,1,185.51,2,185.5,1,185.49,3,185.48,1,185.65,6,185.66,2,185.67,1,185.68,4,185.69,2,185.7,3,185.71,1,185.72,4,185.73,2,185.75,7
2025-04-10 09:35:33,185.65,185.64,1,185.62,2,185.68,5,185.68,185.62,185.62,2,185.61,1,185.6,4,185.59,1,185.58,2,185.57,1,185.56,5,185.55,3,185.54,2,185.52,1,185.68,5,185.69,5,185.7,3,185.71,1,185.72,4,185.73,2,185.75,7,185.76,7,185.77,2,185.78,1
2025-04-10 09:35:34,185.685,185.69,1,185.66,3,185.71,9,185.71,185.66,185.66,3,185.65,1,185.64,2,185.63,2,185.62,3,185.61,1,185.6,4,185.59,1,185.58,2,185.57,1,185.71,9,185.72,4,185.73,2,185.75,7,185.76,7,185.77,2,185.78,1,185.79,2,185.81,2,185.82,3
2025-04-10 09:35:35,185.7,185.71,1,185.66,3,185.74,1,185.74,185.66,185.66,3,185.65,2,185.64,5,185.62,3,185.61,2,185.6,4,185.59,4,185.58,1,185.57,1,185.56,5,185.74,1,185.75,8,185.76,7,185.77,2,185.78,1,185.79,2,185.81,2,185.82,3,185.84,8,185.85,4
2025-04-10 09:35:36,185.79,185.8,26,185.75,2,185.83,1,185.83,185.75,185.75,2,185.74,2,185.73,4,185.72,1,185.71,2,185.7,2,185.69,4,185.67,1,185.65,1,185.64,7,185.83,1,185.84,7,185.85,4,185.88,10,185.9,2,,,,,,,,,,
2025-04-10 09:35:37,185.705,185.7,1,185.67,1,185.77,4,185.77,185.67,185.64,8,185.62,3,185.61,2,185.6,4,185.59,4,185.58,1,185.57,1,185.56,5,185.55,3,185.54,2,185.77,2,185.78,4,185.79,1,185.81,2,185.83,2,185.84,7,185.85,4,185.88,10,185.9,2,,
2025-04-10 09:35:38,185.7,185.68,1,185.66,3,185.74,5,185.74,185.66,185.66,3,185.65,2,185.64,9,185.62,3,185.61,2,185.6,4,185.59,4,185.58,1,185.57,1,185.56,5,185.74,5,185.76,3,185.78,2,185.8,4,185.81,2,185.83,2,185.84,7,185.85,4,185.88,10,185.9,2
2025-04-10 09:35:39,185.635,185.7,1,185.57,3,185.7,6,185.7,185.57,185.57,3,185.56,5,185.55,3,185.54,2,185.52,1,185.51,2,185.5,1,185.49,3,185.48,1,185.47,1,185.7,6,185.72,4,185.73,5,185.74,1,185.75,4,185.76,5,185.78,2,185.8,4,185.81,2,185.83,2
2025-04-10 09:35:40,185.465,185.47,1,185.43,3,185.5,3,185.5,185.43,185.43,3,185.42,3,185.41,3,185.4,6,185.39,5,185.35,6,185.34,2,185.33,3,185.32,1,185.3,2,185.5,3,185.51,2,185.53,7,185.54,1,185.55,1,185.56,2,185.57,3,185.58,4,185.59,3,185.6,1
2025-04-10 09:35:41,185.305,185.3,1,185.26,2,185.35,2,185.35,185.26,185.26,2,185.25,2,185.24,1,185.23,2,185.22,1,185.2,4,185.19,3,185.17,8,185.16,1,185.15,2,185.35,2,185.36,3,185.37,3,185.38,3,185.39,3,185.4,1,185.41,2,185.42,1,185.43,2,185.44,1
2025-04-10 09:35:42,185.135,185.11,1,185.11,1,185.16,5,185.16,185.11,185.11,1,185.09,12,185.07,2,185.06,2,185.05,7,185.04,5,185.03,5,185.02,6,185.0,2,184.99,1,185.16,5,185.18,3,185.2,2,185.22,6,185.23,1,185.24,2,185.25,1,185.26,2,185.27,2,185.28,8
2025-04-10 09:35:43,185.105,185.08,1,185.07,1,185.14,2,185.14,185.07,185.07,1,185.06,2,185.05,5,185.04,5,185.03,9,185.02,6,185.0,2,184.99,1,184.98,1,184.95,8,185.14,2,185.16,5,185.17,3,185.18,3,185.2,2,185.22,6,185.23,1,185.24,2,185.25,1,185.26,2
2025-04-10 09:35:44,185.08,185.08,1,185.04,5,185.12,2,185.12,185.04,185.04,5,185.03,9,185.02,6,185.0,2,184.99,1,184.98,1,184.95,8,184.91,3,184.89,7,184.88,4,185.12,2,185.13,2,185.16,5,185.17,3,185.18,3,185.2,2,185.22,6,185.23,1,185.24,2,185.25,1
2025-04-10 09:35:45,185.145,185.17,1,185.12,5,185.17,5,185.17,185.12,185.12,5,185.11,2,185.09,2,185.08,2,185.07,8,185.06,2,185.05,1,185.04,4,185.03,9,185.02,6,185.17,5,185.2,2,185.22,6,185.23,1,185.24,2,185.25,1,185.26,2,185.27,2,185.28,8,185.3,3
2025-04-10 09:35:46,185.07,185.03,1,185.03,10,185.11,3,185.11,185.03,185.03,10,185.02,6,185.0,2,184.99,1,184.98,1,184.95,8,184.91,3,184.89,7,184.88,4,184.86,3,185.11,3,185.13,2,185.14,3,185.15,4,185.18,1,185.19,4,185.2,8,185.22,6,185.23,1,185.24,2
2025-04-10 09:35:47,185.03,185.03,1,185.02,6,185.04,3,185.04,185.02,185.02,6,185.01,3,185.0,3,184.98,7,184.95,8,184.91,3,184.89,7,184.88,4,184.86,3,184.85,5,185.04,3,185.07,2,185.09,3,185.1,1,185.11,5,185.13,3,185.14,3,185.15,4,185.18,1,185.19,4
2025-04-10 09:35:48,185.08,185.08,1,185.03,3,185.13,4,185.13,185.03,185.03,3,185.01,9,185.0,3,184.98,7,184.95,8,184.91,3,184.89,7,184.88,4,184.86,3,184.85,5,185.13,4,185.14,3,185.15,4,185.18,1,185.19,4,185.2,8,185.22,6,185.23,1,185.24,2,185.25,1
2025-04-10 09:35:49,185.215,185.27,1,185.17,5,185.26,2,185.26,185.17,185.17,5,185.16,3,185.15,2,185.14,2,185.13,2,185.12,1,185.11,2,185.09,2,185.08,1,185.07,2,185.26,2,185.27,4,185.28,1,185.29,2,185.3,2,185.31,3,185.33,4,185.34,5,185.35,5,185.36,3
2025-04-10 09:35:50,185.225,185.22,1,185.19,2,185.26,3,185.26,185.19,185.19,2,185.17,2,185.16,1,185.15,2,185.13,2,185.12,1,185.11,1,185.09,2,185.08,1,185.07,2,185.26,3,185.27,4,185.28,1,185.29,2,185.3,2,185.31,3,185.33,4,185.34,5,185.35,5,185.36,3
2025-04-10 09:35:51,185.2,185.2,1,185.15,4,185.25,1,185.25,185.15,185.15,4,185.13,1,185.12,1,185.11,1,185.09,2,185.08,1,185.07,2,185.06,1,185.05,2,185.04,1,185.25,1,185.26,1,185.27,3,185.29,3,185.3,1,185.31,5,185.33,4,185.34,5,185.35,5,185.36,3
2025-04-10 09:35:52,185.13,185.15,1,185.08,1,185.18,3,185.18,185.08,185.08,1,185.07,2,185.06,1,185.05,2,185.04,1,185.03,5,185.01,9,185.0,3,184.98,7,184.95,8,185.18,3,185.19,4,185.2,3,185.21,3,185.22,3,185.23,1,185.24,2,185.25,1,185.26,3,185.27,1
2025-04-10 09:35:53,185.11,185.11,1,185.09,1,185.13,1,185.13,185.09,185.09,1,185.08,2,185.07,2,185.06,1,185.05,2,185.04,1,185.03,5,185.01,9,185.0,3,184.98,7,185.13,1,185.14,2,185.15,1,185.16,2,185.17,1,185.18,2,185.19,1,185.2,1,185.21,1,185.22,2
2025-04-10 09:35:54,185.155,185.16,1,185.11,3,185.2,3,185.2,185.11,185.11,3,185.1,1,185.09,3,185.08,2,185.07,2,185.06,1,185.05,2,185.04,1,185.03,5,185.01,9,185.2,3,185.21,1,185.22,3,185.23,1,185.24,7,185.26,3,185.27,1,185.28,4,185.29,7,185.3,1
2025-04-10 09:35:55,185.14,185.17,1,185.1,3,185.18,4,185.18,185.1,185.1,3,185.09,3,185.08,2,185.07,2,185.06,1,185.05,2,185.04,1,185.03,5,185.01,9,185.0,3,185.18,4,185.2,10,185.21,1,185.22,3,185.23,1,185.24,7,185.26,3,185.27,1,185.28,4,185.29,7
2025-04-10 09:35:56,185.235,185.25,1,185.19,2,185.28,5,185.28,185.19,185.19,2,185.18,3,185.15,1,185.14,5,185.13,3,185.11,3,185.1,3,185.09,3,185.08,2,185.07,2,185.28,5,185.29,7,185.3,1,185.31,5,185.33,4,185.34,5,185.35,5,185.36,3,185.37,3,185.38,3
2025-04-10 09:35:57,185.18,185.18,2,185.15,4,185.21,1,185.21,185.15,185.15,4,185.14,5,185.13,3,185.11,3,185.1,3,185.09,3,185.08,2,185.07,2,185.06,1,185.05,2,185.21,1,185.22,1,185.23,2,185.24,2,185.28,3,185.29,1,185.31,5,185.33,4,185.34,5,185.35,5
2025-04-10 09:35:58,185.145,185.19,1,185.1,4,185.19,2,185.19,185.1,185.1,4,185.09,3,185.08,2,185.07,2,185.06,1,185.05,2,185.04,1,185.03,5,185.01,9,185.0,3,185.19,2,185.2,2,185.21,2,185.22,1,185.23,2,185.24,1,185.25,2,185.27,3,185.28,3,185.29,1
2025-04-10 09:35:59,185.205,185.19,1,185.17,4,185.24,2,185.24,185.17,185.17,4,185.16,2,185.15,2,185.13,2,185.1,5,185.09,3,185.08,2,185.07,2,185.06,1,185.05,2,185.24,2,185.25,1,185.26,2,185.27,1,185.29,5,185.31,5,185.33,4,185.34,5,185.35,5,185.36,3
2025-04-10 09:36:00,185.215,185.21,1,185.18,3,185.25,2,185.25,185.18,185.18,3,185.17,7,185.16,2,185.15,2,185.13,2,185.1,5,185.09,3,185.08,2,185.07,2,185.06,1,185.25,2,185.26,1,185.27,3,185.28,1,185.29,2,185.3,1,185.31,2,185.32,1,185.33,2,185.34,3
2025-04-10 09:36:01,185.155,185.18,1,185.12,2,185.19,2,185.19,185.12,185.12,2,185.11,2,185.1,5,185.09,3,185.08,2,185.07,2,185.06,1,185.05,2,185.04,1,185.03,5,185.19,2,185.2,2,185.22,2,185.24,4,185.25,2,185.27,2,185.28,1,185.29,2,185.3,3,185.31,2
2025-04-10 09:36:02,185.195,185.22,1,185.14,3,185.25,1,185.25,185.14,185.14,3,185.12,4,185.11,5,185.1,2,185.09,2,185.07,2,185.06,3,185.05,2,185.04,1,185.03,5,185.25,1,185.26,4,185.27,1,185.28,2,185.29,3,185.3,5,185.31,2,185.32,1,185.33,2,185.34,3
2025-04-10 09:36:03,185.105,185.12,1,185.07,7,185.14,4,185.14,185.07,185.07,7,185.06,3,185.05,2,185.04,1,185.03,5,185.01,9,185.0,3,184.98,7,184.95,8,184.91,3,185.14,4,185.15,5,185.16,2,185.17,3,185.18,3,185.19,1,185.2,2,185.21,2,185.22,1,185.23,2
2025-04-10 09:36:04,185.27,185.26,1,185.23,1,185.31,2,185.31,185.23,185.23,1,185.22,2,185.21,5,185.2,5,185.19,4,185.17,1,185.16,1,185.14,6,185.12,3,185.1,4,185.31,2,185.32,2,185.33,1,185.34,2,185.35,4,185.36,3,185.37,3,185.38,3,185.39,3,185.4,1
2025-04-10 09:36:05,185.435,185.46,1,185.39,5,185.48,2,185.48,185.39,185.39,5,185.37,4,185.36,2,185.33,2,185.32,4,185.29,2,185.28,1,185.27,4,185.24,1,185.22,4,185.48,2,185.49,2,185.5,1,185.51,1,185.53,9,185.54,1,185.55,1,185.56,2,185.57,3,185.58,4
2025-04-10 09:36:06,185.54,185.55,1,185.49,6,185.59,5,185.59,185.49,185.49,6,185.48,4,185.46,1,185.45,1,185.44,8,185.43,1,185.42,1,185.41,2,185.4,1,185.39,5,185.59,5,185.6,3,185.61,3,185.62,2,185.63,1,185.64,1,185.65,2,185.67,2,185.68,2,185.7,6
2025-04-10 09:36:07,185.42,185.39,5,185.38,2,185.46,5,185.46,185.38,185.38,2,185.37,4,185.36,2,185.33,2,185.32,4,185.29,2,185.28,1,185.27,4,185.24,1,185.22,4,185.46,5,185.47,2,185.48,2,185.49,3,185.53,1,185.54,4,185.55,1,185.56,2,185.57,1,185.58,1
2025-04-10 09:36:08,185.395,185.36,10,185.35,1,185.44,4,185.44,185.35,185.35,1,185.33,5,185.32,1,185.29,2,185.28,1,185.27,4,185.24,1,185.22,4,185.21,3,185.2,5,185.44,4,185.45,4,185.46,4,185.47,2,185.48,2,185.49,3,185.53,1,185.54,4,185.55,1,185.56,2
2025-04-10 09:36:09,185.375,185.36,1,185.35,3,185.4,4,185.4,185.35,185.35,3,185.34,2,185.33,1,185.32,1,185.31,2,185.3,1,185.29,3,185.28,1,185.27,4,185.24,1,185.4,4,185.41,1,185.42,2,185.43,3,185.44,7,185.45,4,185.46,4,185.47,2,185.48,2,185.49,3
2025-04-10 09:36:10,185.27,185.31,5,185.23,2,185.31,4,185.31,185.23,185.23,2,185.22,4,185.21,3,185.2,5,185.19,4,185.17,1,185.16,1,185.14,6,185.12,3,185.1,4,185.31,4,185.32,2,185.33,1,185.34,3,185.35,1,185.36,3,185.37,3,185.38,2,185.4,5,185.41,1
2025-04-10 09:36:11,185.155,185.12,1,185.11,3,185.2,2,185.2,185.11,185.11,3,185.1,2,185.07,7,185.06,3,185.05,2,185.04,1,185.03,5,185.01,9,185.0,3,184.98,7,185.2,2,185.21,4,185.22,2,185.23,1,185.24,2,185.27,4,185.29,4,185.3,3,185.31,4,185.32,2
2025-04-10 09:36:12,185.165,185.13,1,185.12,3,185.21,3,185.21,185.12,185.12,3,185.11,1,185.1,3,185.09,1,185.08,2,185.07,1,185.06,5,185.05,2,185.04,1,185.03,5,185.21,3,185.23,5,185.24,2,185.27,4,185.29,4,185.3,3,185.31,4,185.32,2,185.33,1,185.34,3
2025-04-10 09:36:13,185.105,185.11,1,185.06,5,185.15,1,185.15,185.06,185.06,5,185.05,2,185.04,1,185.03,5,185.01,9,185.0,3,184.98,7,184.95,8,184.91,3,184.89,7,185.15,1,185.16,1,185.18,3,185.21,2,185.23,5,185.24,2,185.27,4,185.29,4,185.3,3,185.31,4
2025-04-10 09:36:14,185.135,185.13,1,185.1,4,185.17,2,185.18,185.1,185.1,4,185.09,3,185.08,1,185.07,1,185.06,5,185.05,2,185.04,1,185.03,5,185.01,9,185.0,3,185.17,2,185.18,3,185.2,3,185.21,2,185.23,5,185.24,2,185.27,4,185.29,4,185.3,3,185.31,4
2025-04-10 09:36:15,185.2,185.22,3,185.17,1,185.23,3,185.23,185.17,185.17,1,185.15,2,185.14,1,185.13,1,185.12,1,185.11,1,185.1,5,185.09,3,185.08,1,185.07,1,185.23,3,185.24,2,185.25,7,185.26,2,185.27,1,185.28,1,185.29,4,185.3,3,185.31,4,185.32,2
2025-04-10 09:36:16,185.39,185.22,1,185.35,3,185.43,4,185.43,185.35,185.35,3,185.34,2,185.33,2,185.32,2,185.31,1,185.3,3,185.29,4,185.28,6,185.27,1,185.26,1,185.43,4,185.44,7,185.45,4,185.46,4,185.47,2,185.48,2,185.49,3,185.53,1,185.54,4,185.55,1
2025-04-10 09:36:17,185.39,185.42,2,185.34,5,185.44,7,185.44,185.34,185.34,5,185.33,1,185.32,2,185.31,1,185.29,1,185.27,20,185.25,4,185.21,6,185.2,1,185.19,1,185.44,7,185.45,4,185.46,4,185.47,2,185.48,2,185.49,3,185.53,1,185.54,4,185.55,1,185.56,2
2025-04-10 09:36:18,185.57,185.57,1,185.52,3,185.62,5,185.62,185.52,185.52,3,185.51,5,185.5,2,185.49,1,185.48,2,185.47,1,185.46,2,185.45,1,185.44,2,185.43,2,185.62,5,185.63,1,185.64,1,185.65,2,185.67,2,185.68,2,185.7,6,185.72,4,185.73,5,185.74,1
2025-04-10 09:36:19,185.55,185.54,4,185.51,4,185.59,6,185.59,185.51,185.51,4,185.5,2,185.49,1,185.48,2,185.47,1,185.46,2,185.45,1,185.44,2,185.43,2,185.42,2,185.59,6,185.6,3,185.61,3,185.62,2,185.64,4,185.65,2,185.67,2,185.68,2,185.7,6,185.72,4
2025-04-10 09:36:20,185.525,185.52,1,185.46,2,185.59,3,185.59,185.46,185.46,2,185.45,1,185.44,3,185.43,2,185.42,2,185.41,1,185.4,3,185.39,3,185.38,1,185.37,2,185.59,3,185.61,5,185.62,2,185.64,4,185.65,2,185.67,2,185.68,2,185.7,6,185.72,4,185.73,5
2025-04-10 09:36:21,185.5,185.5,5,185.45,2,185.55,5,185.55,185.45,185.45,2,185.44,1,185.43,2,185.42,2,185.39,1,185.38,2,185.37,2,185.35,1,185.34,5,185.33,1,185.55,5,185.56,3,185.57,2,185.58,4,185.59,3,185.61,5,185.62,2,185.64,4,185.65,2,185.67,2
2025-04-10 09:36:22,185.54,185.54,2,185.49,2,185.59,2,185.59,185.49,185.49,2,185.48,1,185.47,2,185.45,2,185.44,1,185.43,2,185.42,2,185.39,1,185.38,2,185.37,2,185.59,2,185.6,1,185.61,2,185.62,2,185.63,2,185.64,4,185.65,2,185.67,2,185.68,2,185.7,6
2025-04-10 09:36:23,185.605,185.61,1,185.56,1,185.65,3,185.65,185.56,185.56,1,185.55,2,185.54,3,185.53,2,185.52,2,185.5,1,185.49,2,185.48,1,185.47,2,185.45,2,185.65,3,185.66,2,185.67,2,185.68,2,185.69,1,185.7,9,185.72,4,185.73,5,185.74,1,185.75,4
2025-04-10 09:36:24,185.515,185.57,1,185.46,2,185.57,4,185.57,185.46,185.46,2,185.45,2,185.44,1,185.43,2,185.42,2,185.39,1,185.38,2,185.37,2,185.35,1,185.34,5,185.57,4,185.58,3,185.59,3,185.6,6,185.63,1,185.64,1,185.65,3,185.66,2,185.67,2,185.68,2
2025-04-10 09:36:25,185.51,185.51,1,185.46,3,185.56,2,185.56,185.46,185.46,3,185.45,2,185.44,1,185.43,2,185.42,2,185.39,1,185.38,2,185.37,2,185.35,1,185.34,5,185.56,2,185.57,4,185.58,3,185.59,3,185.6,6,185.63,1,185.64,1,185.65,3,185.66,2,185.67,2
2025-04-10 09:36:26,185.5,185.49,1,185.45,6,185.55,2,185.55,185.45,185.45,6,185.44,1,185.43,4,185.42,2,185.39,1,185.38,2,185.37,2,185.35,1,185.34,5,185.33,1,185.55,2,185.56,5,185.57,4,185.58,3,185.59,3,185.6,6,185.63,1,185.64,1,185.65,3,185.66,2
2025-04-10 09:36:27,185.5,185.5,4,185.45,5,185.55,7,185.55,185.45,185.45,5,185.44,1,185.43,4,185.42,2,185.39,1,185.38,2,185.37,2,185.35,1,185.34,5,185.33,1,185.55,7,185.56,5,185.57,4,185.58,3,185.59,3,185.6,6,185.63,1,185.64,1,185.65,3,185.66,2
2025-04-10 09:36:28,185.425,185.42,1,185.38,3,185.47,3,185.47,185.38,185.38,3,185.36,4,185.35,1,185.34,5,185.33,1,185.32,2,185.31,1,185.29,1,185.27,20,185.25,4,185.47,3,185.48,3,185.53,6,185.54,3,185.55,7,185.56,5,185.57,4,185.58,3,185.59,3,185.6,6
2025-04-10 09:36:29,185.46,185.46,2,185.42,2,185.5,5,185.5,185.42,185.42,2,185.41,1,185.4,2,185.39,1,185.38,5,185.36,4,185.35,1,185.34,5,185.33,1,185.32,2,185.5,5,185.53,6,185.54,3,185.55,7,185.56,5,185.57,4,185.58,3,185.59,3,185.6,6,185.63,1
2025-04-10 09:36:30,185.605,185.61,1,185.56,5,185.65,3,185.65,185.56,185.56,5,185.55,4,185.54,5,185.53,2,185.51,1,185.5,2,185.49,26,185.44,1,185.43,1,185.42,4,185.65,3,185.66,3,185.67,2,185.68,1,185.69,1,185.7,9,185.72,4,185.73,5,185.74,1,185.75,4
2025-04-10 09:36:31,185.6,185.6,1,185.56,4,185.64,4,185.64,185.56,185.56,4,185.55,4,185.54,5,185.53,2,185.51,1,185.5,2,185.49,26,185.44,1,185.43,1,185.42,4,185.64,4,185.65,5,185.66,2,185.67,2,185.68,3,185.69,4,185.7,9,185.72,4,185.73,5,185.74,1
2025-04-10 09:36:32,185.73,185.73,1,185.7,5,185.76,5,185.76,185.7,185.7,5,185.65,1,185.64,4,185.63,1,185.62,2,185.61,3,185.6,4,185.59,2,185.58,2,185.57,1,185.76,5,185.78,2,185.8,4,185.81,2,185.83,2,185.84,7,185.85,4,185.88,10,185.9,2,,
2025-04-10 09:36:33,185.755,185.75,5,185.72,1,185.79,4,185.79,185.72,185.72,1,185.71,5,185.7,8,185.65,1,185.64,4,185.63,1,185.62,2,185.61,3,185.6,4,185.59,2,185.79,4,185.8,4,185.81,2,185.83,2,185.84,7,185.85,4,185.88,10,185.9,2,,,,
2025-04-10 09:36:34,185.675,185.71,2,185.64,3,185.71,1,185.71,185.64,185.64,3,185.63,1,185.62,2,185.61,3,185.6,4,185.59,2,185.58,2,185.57,1,185.56,7,185.55,4,185.71,1,185.72,2,185.73,2,185.75,2,185.76,3,185.77,4,185.79,2,185.8,2,185.81,2,185.82,3
2025-04-10 09:36:35,185.625,185.67,1,185.58,2,185.67,1,185.67,185.58,185.58,2,185.56,6,185.55,4,185.54,5,185.53,2,185.51,1,185.5,2,185.49,26,185.44,1,185.43,1,185.67,1,185.68,5,185.69,4,185.7,3,185.71,5,185.72,2,185.73,5,185.75,2,185.76,3,185.77,4
2025-04-10 09:36:36,185.61,185.67,2,185.56,5,185.66,3,185.66,185.56,185.56,5,185.55,4,185.54,5,185.53,2,185.51,1,185.5,2,185.49,26,185.44,1,185.43,1,185.42,4,185.66,3,185.71,2,185.72,5,185.73,5,185.75,2,185.76,3,185.77,4,185.79,2,185.8,2,185.81,2
2025-04-10 09:36:37,185.69,185.72,1,185.64,2,185.74,1,185.74,185.64,185.64,2,185.59,3,185.56,6,185.55,4,185.54,5,185.53,2,185.51,1,185.5,2,185.49,26,185.44,1,185.74,1,185.75,2,185.76,3,185.77,2,185.79,6,185.8,2,185.81,2,185.82,3,185.83,2,185.84,7
2025-04-10 09:36:38,185.675,185.71,2,185.65,2,185.7,1,185.7,185.65,185.65,2,185.63,2,185.6,3,185.59,3,185.56,6,185.55,4,185.54,5,185.53,2,185.51,1,185.5,2,185.7,1,185.72,1,185.74,2,185.75,2,185.76,3,185.77,2,185.79,6,185.8,2,185.81,2,185.82,3
2025-04-10 09:36:39,185.745,185.78,3,185.7,2,185.79,6,185.79,185.7,185.7,2,185.69,2,185.68,3,185.67,1,185.65,2,185.63,2,185.61,3,185.6,1,185.58,3,185.56,6,185.79,6,185.8,2,185.81,2,185.82,3,185.83,2,185.84,7,185.85,4,185.88,10,185.9,2,,
2025-04-10 09:36:40,185.815,185.82,2,185.79,3,185.84,9,185.84,185.79,185.79,3,185.78,2,185.76,3,185.75,3,185.72,1,185.71,4,185.7,1,185.69,2,185.66,3,185.65,2,185.84,9,185.85,4,185.88,10,185.9,2,,,,,,,,,,,,
2025-04-10 09:36:41,185.81,185.81,1,185.77,3,185.85,4,185.85,185.77,185.77,3,185.76,6,185.75,3,185.72,1,185.71,4,185.7,1,185.69,2,185.66,3,185.65,2,185.63,2,185.85,4,185.87,3,185.88,10,185.9,2,,,,,,,,,,,,
2025-04-10 09:36:42,185.815,185.84,1,185.78,1,185.85,3,185.85,185.78,185.78,1,185.77,4,185.76,6,185.75,3,185.72,1,185.71,4,185.7,1,185.69,2,185.66,3,185.65,2,185.85,3,185.86,2,185.87,4,185.88,10,185.9,2,,,,,,,,,,
2025-04-10 09:36:43,185.82,185.78,1,185.78,1,185.86,2,185.86,185.78,185.78,1,185.77,4,185.76,6,185.75,3,185.72,1,185.71,4,185.7,1,185.69,2,185.66,3,185.65,2,185.86,2,185.87,6,185.88,10,185.9,2,,,,,,,,,,,,
2025-04-10 09:36:44,185.815,185.82,1,185.77,2,185.86,6,185.86,185.77,185.77,2,185.76,7,185.75,3,185.72,1,185.71,4,185.7,1,185.69,2,185.66,3,185.65,2,185.63,2,185.86,6,185.87,5,185.88,10,185.9,2,,,,,,,,,,,,
2025-04-10 09:36:45,185.77,185.81,10,185.72,4,185.82,2,185.82,185.72,185.72,4,185.71,1,185.7,1,185.69,2,185.66,3,185.65,2,185.63,2,185.61,3,185.6,1,185.58,3,185.82,2,185.83,1,185.84,1,185.85,1,185.86,6,185.87,5,185.88,10,185.9,2,,,,
2025-04-10 09:36:46,185.78,185.73,1,185.74,2,185.82,6,185.82,185.74,185.74,2,185.73,2,185.72,4,185.68,1,185.67,4,185.66,2,185.65,2,185.63,2,185.61,3,185.6,1,185.82,6,185.83,1,185.84,1,185.85,1,185.86,6,185.87,5,185.88,10,185.9,2,,,,
2025-04-10 09:36:47,185.815,185.82,1,185.77,4,185.86,8,185.86,185.77,185.77,4,185.76,2,185.75,1,185.74,2,185.73,2,185.72,6,185.68,1,185.67,4,185.66,2,185.65,2,185.86,8,185.87,5,185.88,10,185.9,2,,,,,,,,,,,,
2025-04-10 09:36:48,185.84,185.84,1,185.8,3,185.88,34,185.88,185.8,185.8,3,185.77,3,185.76,5,185.75,1,185.74,2,185.73,2,185.72,6,185.68,1,185.67,4,185.66,2,185.88,34,185.9,2,,,,,,,,,,,,,,,,
2025-04-10 09:36:49,185.85,185.88,1,185.82,5,185.88,42,185.88,185.82,185.82,5,185.81,4,185.8,1,185.77,7,185.76,5,185.75,1,185.74,2,185.73,2,185.72,6,185.68,1,185.88,42,185.9,2,,,,,,,,,,,,,,,,
2025-04-10 09:36:50,185.85,185.86,1,185.82,5,185.88,2,185.88,185.82,185.82,5,185.81,4,185.8,1,185.77,7,185.76,5,185.75,1,185.74,2,185.73,2,185.72,6,185.68,1,185.88,2,185.89,3,185.9,2,,,,,,,,,,,,,,
2025-04-10 09:36:51,185.94,185.95,1,185.92,7,185.96,4,185.96,185.92,185.92,7,185.91,9,185.9,4,185.89,3,185.88,2,185.87,3,185.86,1,185.85,4,185.84,1,185.83,5,185.96,4,,,,,,,,,,,,,,,,,,
2025-04-10 09:36:52,185.895,185.88,3,185.85,3,185.94,5,185.94,185.85,185.85,3,185.84,2,185.83,5,185.82,13,185.81,4,185.8,1,185.77,7,185.76,5,185.75,1,185.74,2,185.94,5,185.98,2,185.99,6,,,,,,,,,,,,,,
2025-04-10 09:36:53,185.905,185.93,1,185.87,3,185.94,1,185.94,185.87,185.87,3,185.86,1,185.85,2,185.83,7,185.82,13,185.81,4,185.8,1,185.77,7,185.76,5,185.75,1,185.94,1,185.97,5,185.98,2,185.99,6,,,,,,,,,,,,
2025-04-10 09:36:54,185.895,185.9,1,185.87,3,185.92,2,185.92,185.87,185.87,3,185.86,1,185.85,2,185.83,7,185.82,13,185.81,4,185.8,1,185.77,7,185.76,5,185.75,1,185.92,2,185.93,3,185.94,4,185.97,5,185.98,2,185.99,6,,,,,,,,
2025-04-10 09:36:55,186.06,185.96,1,186.04,1,186.08,4,186.08,186.04,186.04,1,186.03,6,186.02,3,186.01,2,186.0,1,185.99,3,185.97,1,185.95,3,185.92,2,185.91,1,186.08,4,,,,,,,,,,,,,,,,,,
2025-04-10 09:36:56,186.14,186.15,2,186.1,4,186.18,2,186.18,186.1,186.1,4,186.09,1,186.08,5,186.05,1,186.04,4,186.03,6,186.02,3,186.01,2,186.0,1,185.99,3,186.18,2,186.19,3,186.2,4,,,,,,,,,,,,,,
2025-04-10 09:36:57,186.16,186.17,1,186.12,4,186.2,4,186.2,186.12,186.12,4,186.11,4,186.1,5,186.09,1,186.08,5,186.05,1,186.04,4,186.03,6,186.02,3,186.01,2,186.2,4,,,,,,,,,,,,,,,,,,
2025-04-10 09:36:58,186.11,186.13,1,186.06,4,186.16,1,186.16,186.06,186.06,4,186.04,2,186.03,6,186.02,3,186.01,2,186.0,1,185.99,3,185.97,1,185.95,3,185.92,2,186.16,1,186.18,1,186.2,4,,,,,,,,,,,,,,
2025-04-10 09:36:59,186.11,186.1,1,186.06,2,186.16,4,186.16,186.06,186.06,2,186.05,2,186.04,2,186.03,6,186.02,3,186.01,2,186.0,1,185.99,3,185.97,1,185.95,3,186.16,4,186.18,1,186.2,4,,,,,,,,,,,,,,
2025-04-10 09:37:00,186.145,186.19,3,186.1,2,186.19,1,186.19,186.1,186.1,2,186.09,1,186.08,2,186.07,1,186.06,2,186.04,3,186.03,6,186.02,3,186.01,2,186.0,1,186.19,1,186.2,4,,,,,,,,,,,,,,,,
