sim_time,mid_price,last_price,last_size,best_bid_price,best_bid_size,best_ask_price,best_ask_size,close_price_buy,close_price_sell,bid1_price,bid1_size,bid2_price,bid2_size,bid3_price,bid3_size,bid4_price,bid4_size,bid5_price,bid5_size,bid6_price,bid6_size,bid7_price,bid7_size,bid8_price,bid8_size,bid9_price,bid9_size,bid10_price,bid10_size,ask1_price,ask1_size,ask2_price,ask2_size,ask3_price,ask3_size,ask4_price,ask4_size,ask5_price,ask5_size,ask6_price,ask6_size,ask7_price,ask7_size,ask8_price,ask8_size,ask9_price,ask9_size,ask10_price,ask10_size
2025-04-10 09:30:11,255.27,255.27,6,253.86,6,256.68,3,256.68,253.86,253.86,6,253.35,5,,,,,,,,,,,,,,,,,256.68,3,,,,,,,,,,,,,,,,,,
2025-04-10 09:30:12,254.84,254.63,1,253.0,5,256.68,3,256.68,253.0,253.0,5,,,,,,,,,,,,,,,,,,,256.68,3,,,,,,,,,,,,,,,,,,
2025-04-10 09:30:14,255.005,254.63,1,253.33,1,256.68,3,256.68,253.33,253.33,1,253.0,5,,,,,,,,,,,,,,,,,256.68,3,,,,,,,,,,,,,,,,,,
2025-04-10 09:30:15,255.005,254.63,1,253.33,1,256.68,3,256.68,253.33,253.33,1,253.0,5,,,,,,,,,,,,,,,,,256.68,3,,,,,,,,,,,,,,,,,,
2025-04-10 09:30:16,255.005,254.63,1,253.33,1,256.68,3,256.68,253.33,253.33,1,253.0,5,,,,,,,,,,,,,,,,,256.68,3,,,,,,,,,,,,,,,,,,
2025-04-10 09:30:17,255.005,254.63,1,253.33,1,256.68,3,256.68,253.33,253.33,1,253.0,5,,,,,,,,,,,,,,,,,256.68,3,,,,,,,,,,,,,,,,,,
2025-04-10 09:30:18,255.005,254.63,1,253.33,1,256.68,3,256.68,253.33,253.33,1,253.0,5,,,,,,,,,,,,,,,,,256.68,3,,,,,,,,,,,,,,,,,,
2025-04-10 09:30:19,254.875,254.63,1,253.36,5,256.39,5,256.39,253.36,253.36,5,253.33,1,253.0,5,,,,,,,,,,,,,,,256.39,5,256.42,1,256.68,3,,,,,,,,,,,,,,
2025-04-10 09:30:20,254.875,254.63,1,253.36,5,256.39,5,256.39,253.36,253.36,5,253.33,1,253.0,5,,,,,,,,,,,,,,,256.39,5,256.42,1,256.68,3,,,,,,,,,,,,,,
2025-04-10 09:30:21,254.875,254.63,1,253.36,5,256.39,5,256.39,253.36,253.36,5,253.33,1,253.0,5,,,,,,,,,,,,,,,256.39,5,256.42,1,256.68,3,,,,,,,,,,,,,,
2025-04-10 09:30:22,254.875,254.63,1,253.36,5,256.39,5,256.39,253.36,253.36,5,253.33,1,253.0,5,,,,,,,,,,,,,,,256.39,5,256.42,1,256.68,3,,,,,,,,,,,,,,
2025-04-10 09:30:23,254.875,254.63,1,253.36,5,256.39,5,256.39,253.36,253.36,5,253.33,1,253.0,5,,,,,,,,,,,,,,,256.39,5,256.42,1,256.68,3,,,,,,,,,,,,,,
2025-04-10 09:30:24,254.875,254.63,1,253.36,5,256.39,5,256.39,253.36,253.36,5,253.33,1,253.0,5,,,,,,,,,,,,,,,256.39,5,256.42,1,256.68,3,,,,,,,,,,,,,,
2025-04-10 09:30:25,254.875,254.63,1,253.36,5,256.39,5,256.39,253.36,253.36,5,253.33,1,253.0,5,,,,,,,,,,,,,,,256.39,5,256.42,1,256.68,3,,,,,,,,,,,,,,
2025-04-10 09:30:26,254.875,254.84,1,253.36,5,256.39,5,256.39,253.36,253.36,5,253.33,1,253.0,5,,,,,,,,,,,,,,,256.39,5,256.42,1,256.68,3,,,,,,,,,,,,,,
2025-04-10 09:30:27,255.125,255.07,1,253.86,1,256.39,5,256.39,253.86,253.86,1,253.36,5,253.33,1,253.0,5,,,,,,,,,,,,,256.39,5,256.42,1,256.68,3,,,,,,,,,,,,,,
2025-04-10 09:30:28,255.125,255.07,1,253.86,1,256.39,5,256.39,253.86,253.86,1,253.36,5,253.33,1,253.0,5,,,,,,,,,,,,,256.39,5,256.42,1,256.68,3,,,,,,,,,,,,,,
2025-04-10 09:30:29,255.125,255.07,1,253.86,1,256.39,5,256.39,253.86,253.86,1,253.36,5,253.33,1,253.0,5,,,,,,,,,,,,,256.39,5,256.42,1,256.68,3,,,,,,,,,,,,,,
2025-04-10 09:30:30,255.455,255.07,1,253.86,1,257.05,1,257.05,253.86,253.86,1,253.36,5,253.33,1,253.0,5,,,,,,,,,,,,,257.05,1,,,,,,,,,,,,,,,,,,
2025-04-10 09:30:31,255.455,255.07,1,253.86,1,257.05,1,257.05,253.86,253.86,1,253.36,5,253.33,1,253.0,5,,,,,,,,,,,,,257.05,1,,,,,,,,,,,,,,,,,,
2025-04-10 09:30:32,255.455,255.07,1,253.86,1,257.05,1,257.05,253.86,253.86,1,253.36,5,253.33,1,253.0,5,,,,,,,,,,,,,257.05,1,,,,,,,,,,,,,,,,,,
2025-04-10 09:30:33,255.455,255.07,1,253.86,1,257.05,1,257.05,253.86,253.86,1,253.36,5,253.33,1,253.0,5,,,,,,,,,,,,,257.05,1,,,,,,,,,,,,,,,,,,
2025-04-10 09:30:34,255.455,255.07,1,253.86,1,257.05,1,257.05,253.86,253.86,1,253.36,5,253.33,1,253.0,5,,,,,,,,,,,,,257.05,1,,,,,,,,,,,,,,,,,,
2025-04-10 09:30:35,255.455,255.07,1,253.86,1,257.05,1,257.05,253.86,253.86,1,253.36,5,253.33,1,253.0,5,,,,,,,,,,,,,257.05,1,,,,,,,,,,,,,,,,,,
2025-04-10 09:30:36,255.455,255.07,1,253.86,1,257.05,1,257.05,253.86,253.86,1,253.36,5,253.33,1,253.0,5,,,,,,,,,,,,,257.05,1,,,,,,,,,,,,,,,,,,
2025-04-10 09:30:37,255.455,255.07,1,253.86,1,257.05,1,257.05,253.86,253.86,1,253.36,5,253.33,1,253.0,5,,,,,,,,,,,,,257.05,1,,,,,,,,,,,,,,,,,,
2025-04-10 09:30:38,255.455,255.07,1,253.86,1,257.05,1,257.05,253.86,253.86,1,253.36,5,253.33,1,253.0,5,,,,,,,,,,,,,257.05,1,,,,,,,,,,,,,,,,,,
2025-04-10 09:30:39,255.455,255.07,1,253.86,1,257.05,1,257.05,253.86,253.86,1,253.36,5,253.33,1,253.0,5,,,,,,,,,,,,,257.05,1,,,,,,,,,,,,,,,,,,
2025-04-10 09:30:40,255.455,255.07,1,253.86,1,257.05,1,257.05,253.86,253.86,1,253.36,5,253.33,1,253.0,5,,,,,,,,,,,,,257.05,1,,,,,,,,,,,,,,,,,,
2025-04-10 09:30:41,255.455,255.07,1,253.86,1,257.05,1,257.05,253.86,253.86,1,253.36,5,253.33,1,253.0,5,,,,,,,,,,,,,257.05,1,,,,,,,,,,,,,,,,,,
2025-04-10 09:30:42,255.455,255.07,1,253.86,1,257.05,1,257.05,253.86,253.86,1,253.36,5,253.33,1,253.0,5,,,,,,,,,,,,,257.05,1,,,,,,,,,,,,,,,,,,
2025-04-10 09:30:43,255.455,255.07,1,253.86,1,257.05,1,257.05,253.86,253.86,1,253.36,5,253.33,1,253.0,5,,,,,,,,,,,,,257.05,1,,,,,,,,,,,,,,,,,,
2025-04-10 09:30:44,255.455,255.07,1,253.86,1,257.05,1,257.05,253.86,253.86,1,253.36,5,253.33,1,253.0,5,,,,,,,,,,,,,257.05,1,,,,,,,,,,,,,,,,,,
2025-04-10 09:30:45,255.455,255.07,1,253.86,1,257.05,1,257.05,253.86,253.86,1,253.36,5,253.33,1,253.0,5,,,,,,,,,,,,,257.05,1,,,,,,,,,,,,,,,,,,
2025-04-10 09:30:46,255.455,255.07,1,253.86,1,257.05,1,257.05,253.86,253.86,1,253.36,5,253.33,1,253.0,5,,,,,,,,,,,,,257.05,1,,,,,,,,,,,,,,,,,,
2025-04-10 09:30:47,255.24,255.07,1,253.86,1,256.62,7,256.62,253.86,253.86,1,253.36,5,253.33,1,253.0,5,,,,,,,,,,,,,256.62,7,257.05,1,,,,,,,,,,,,,,,,
2025-04-10 09:30:48,255.24,255.07,1,253.86,1,256.62,7,256.62,253.86,253.86,1,253.36,5,253.33,1,253.0,5,,,,,,,,,,,,,256.62,7,257.05,1,,,,,,,,,,,,,,,,
2025-04-10 09:30:49,255.24,255.07,1,253.86,1,256.62,7,256.62,253.86,253.86,1,253.36,5,253.33,1,253.0,5,,,,,,,,,,,,,256.62,7,257.05,1,,,,,,,,,,,,,,,,
2025-04-10 09:30:50,255.24,255.07,1,253.86,1,256.62,7,256.62,253.86,253.86,1,253.36,5,253.33,1,253.0,5,,,,,,,,,,,,,256.62,7,257.05,1,,,,,,,,,,,,,,,,
2025-04-10 09:30:51,255.24,255.07,1,253.86,1,256.62,7,256.62,253.86,253.86,1,253.36,5,253.33,1,253.0,5,,,,,,,,,,,,,256.62,7,257.05,1,,,,,,,,,,,,,,,,
2025-04-10 09:30:52,255.24,255.24,1,253.86,1,256.62,7,256.62,253.86,253.86,1,253.36,5,253.33,1,253.0,5,,,,,,,,,,,,,256.62,7,257.05,1,,,,,,,,,,,,,,,,
2025-04-10 09:30:53,255.24,255.24,1,253.86,1,256.62,7,256.62,253.86,253.86,1,253.36,5,253.33,1,253.0,5,,,,,,,,,,,,,256.62,7,257.05,1,,,,,,,,,,,,,,,,
2025-04-10 09:30:54,255.24,255.24,1,253.86,1,256.62,7,256.62,253.86,253.86,1,253.36,5,253.33,1,253.0,5,,,,,,,,,,,,,256.62,7,257.05,1,,,,,,,,,,,,,,,,
2025-04-10 09:30:55,255.24,255.24,1,253.86,1,256.62,7,256.62,253.86,253.86,1,253.36,5,253.33,1,253.0,5,,,,,,,,,,,,,256.62,7,257.05,1,,,,,,,,,,,,,,,,
2025-04-10 09:30:56,255.24,255.24,1,253.86,1,256.62,7,256.62,253.86,253.86,1,253.36,5,253.33,1,253.0,5,,,,,,,,,,,,,256.62,7,257.05,1,,,,,,,,,,,,,,,,
2025-04-10 09:30:57,255.165,254.83,2,254.83,5,255.5,35,255.5,254.83,254.83,5,254.5,5,253.86,1,253.36,5,253.33,1,253.0,5,,,,,,,,,255.5,35,256.62,7,257.05,1,,,,,,,,,,,,,,
2025-04-10 09:30:58,255.165,254.83,2,254.83,5,255.5,35,255.5,254.83,254.83,5,254.5,5,253.86,1,253.36,5,253.33,1,253.0,5,,,,,,,,,255.5,35,256.62,7,257.05,1,,,,,,,,,,,,,,
2025-04-10 09:30:59,255.16,254.84,2,254.83,5,255.49,7,255.49,254.83,254.83,5,254.5,5,253.86,1,253.36,5,253.33,1,253.0,5,,,,,,,,,255.49,7,255.5,35,256.62,7,257.05,1,,,,,,,,,,,,
2025-04-10 09:31:00,255.16,254.84,2,254.83,5,255.49,7,255.49,254.83,254.83,5,254.5,5,253.86,1,253.36,5,253.33,1,253.0,5,,,,,,,,,255.49,7,255.5,35,256.62,7,257.05,1,,,,,,,,,,,,
2025-04-10 09:31:01,255.16,254.84,2,254.83,5,255.49,7,255.49,254.83,254.83,5,254.5,5,253.86,1,253.36,5,253.33,1,253.0,5,,,,,,,,,255.49,7,255.5,35,256.62,7,257.05,1,,,,,,,,,,,,
2025-04-10 09:31:02,255.16,254.84,2,254.83,5,255.49,7,255.49,254.83,254.83,5,254.5,5,253.86,1,253.36,5,253.33,1,253.0,5,,,,,,,,,255.49,7,255.5,35,256.62,7,257.05,1,,,,,,,,,,,,
2025-04-10 09:31:03,255.175,255.03,1,254.86,3,255.49,7,255.49,254.86,254.86,3,254.83,5,254.5,5,253.86,1,253.36,5,253.33,1,253.0,5,,,,,,,255.49,7,255.5,35,256.62,7,257.05,1,,,,,,,,,,,,
2025-04-10 09:31:04,255.175,255.03,1,254.86,3,255.49,7,255.49,254.86,254.86,3,254.83,5,254.5,5,253.86,1,253.36,5,253.33,1,253.0,5,,,,,,,255.49,7,255.5,35,256.62,7,257.05,1,,,,,,,,,,,,
2025-04-10 09:31:05,255.175,255.03,1,254.86,3,255.49,7,255.49,254.86,254.86,3,254.83,5,254.5,5,253.86,1,253.36,5,253.33,1,253.0,5,,,,,,,255.49,7,255.5,35,256.62,7,257.05,1,,,,,,,,,,,,
2025-04-10 09:31:06,255.175,255.03,1,254.86,4,255.49,7,255.49,254.86,254.86,4,254.83,5,254.5,5,253.86,1,253.36,5,253.33,1,253.0,5,,,,,,,255.49,7,255.5,35,256.62,7,257.05,1,,,,,,,,,,,,
2025-04-10 09:31:07,254.995,254.86,1,254.5,5,255.49,10,255.49,254.5,254.5,5,253.86,1,253.36,5,253.33,1,253.0,5,,,,,,,,,,,255.49,10,255.5,35,256.62,7,257.05,1,,,,,,,,,,,,
2025-04-10 09:31:08,254.99,254.63,1,254.5,5,255.48,1,255.48,254.5,254.5,5,253.86,1,253.36,5,253.33,1,253.0,5,,,,,,,,,,,255.48,1,255.49,10,255.5,35,256.62,7,257.05,1,,,,,,,,,,
2025-04-10 09:31:09,254.99,254.63,1,254.5,5,255.48,1,255.48,254.5,254.5,5,253.86,1,253.36,5,253.33,1,253.0,5,,,,,,,,,,,255.48,1,255.49,10,255.5,35,256.62,7,257.05,1,,,,,,,,,,
2025-04-10 09:31:10,254.99,254.92,1,254.5,5,255.48,1,255.48,254.5,254.5,5,253.86,1,253.36,5,253.33,1,253.0,5,,,,,,,,,,,255.48,1,255.49,10,255.5,35,256.62,7,257.05,1,,,,,,,,,,
2025-04-10 09:31:11,254.99,254.53,1,254.5,5,255.48,1,255.48,254.5,254.5,5,253.86,1,253.36,5,253.33,1,253.0,5,,,,,,,,,,,255.48,1,255.49,10,255.5,35,256.62,7,257.05,1,,,,,,,,,,
2025-04-10 09:31:12,254.99,254.53,1,254.5,5,255.48,1,255.48,254.5,254.5,5,253.86,1,253.36,5,253.33,1,253.0,5,,,,,,,,,,,255.48,1,255.49,10,255.5,35,256.62,7,257.05,1,,,,,,,,,,
2025-04-10 09:31:13,254.99,254.53,1,254.5,5,255.48,1,255.48,254.5,254.5,5,253.86,1,253.36,5,253.33,1,253.0,5,,,,,,,,,,,255.48,1,255.49,10,255.5,35,256.62,7,257.05,1,,,,,,,,,,
2025-04-10 09:31:14,254.99,254.53,1,254.5,5,255.48,1,255.48,254.5,254.5,5,253.86,1,253.36,5,253.33,1,253.0,5,,,,,,,,,,,255.48,1,255.49,10,255.5,35,256.62,7,257.05,1,,,,,,,,,,
2025-04-10 09:31:15,254.99,254.53,1,254.5,5,255.48,1,255.48,254.5,254.5,5,253.86,1,253.36,5,253.33,1,253.0,5,,,,,,,,,,,255.48,1,255.49,10,255.5,35,256.62,7,257.05,1,,,,,,,,,,
2025-04-10 09:31:16,254.99,254.53,1,254.5,5,255.48,1,255.48,254.5,254.5,5,253.86,1,253.36,5,253.33,1,253.0,5,,,,,,,,,,,255.48,1,255.49,10,255.5,35,256.62,7,257.05,1,,,,,,,,,,
2025-04-10 09:31:17,254.99,254.53,1,254.5,5,255.48,1,255.48,254.5,254.5,5,253.86,1,253.36,5,253.33,1,253.0,5,,,,,,,,,,,255.48,1,255.49,10,255.5,35,256.62,7,257.05,1,,,,,,,,,,
2025-04-10 09:31:18,254.99,254.53,1,254.5,5,255.48,1,255.48,254.5,254.5,5,253.86,1,253.36,5,253.33,1,253.0,5,,,,,,,,,,,255.48,1,255.49,10,255.5,35,256.62,7,257.05,1,,,,,,,,,,
2025-04-10 09:31:19,254.99,254.53,1,254.5,5,255.48,1,255.48,254.5,254.5,5,253.86,1,253.36,5,253.33,1,253.0,5,,,,,,,,,,,255.48,1,255.49,10,255.5,35,256.62,7,257.05,1,,,,,,,,,,
2025-04-10 09:31:20,254.59,254.42,1,254.0,6,255.18,1,255.18,254.0,254.0,6,253.86,1,253.36,5,253.33,1,253.0,5,,,,,,,,,,,255.18,1,255.34,1,255.46,2,255.47,1,255.48,2,255.49,10,255.5,35,256.62,7,257.05,1,,
2025-04-10 09:31:21,254.59,254.42,1,254.0,6,255.18,2,255.18,254.0,254.0,6,253.86,1,253.36,5,253.33,1,253.0,5,,,,,,,,,,,255.18,2,255.34,1,255.46,2,255.47,1,255.48,2,255.49,10,255.5,35,256.62,7,257.05,1,,
2025-04-10 09:31:22,254.59,254.42,1,254.0,6,255.18,5,255.18,254.0,254.0,6,253.86,1,253.36,5,253.33,1,253.0,5,,,,,,,,,,,255.18,5,255.34,1,255.46,2,255.47,1,255.48,2,255.49,10,255.5,35,256.62,7,257.05,1,,
2025-04-10 09:31:23,254.59,254.42,1,254.0,6,255.18,5,255.18,254.0,254.0,6,253.86,1,253.36,5,253.33,1,253.0,5,,,,,,,,,,,255.18,5,255.34,1,255.46,2,255.47,1,255.48,2,255.49,10,255.5,35,256.62,7,257.05,1,,
2025-04-10 09:31:24,254.59,254.42,1,254.0,6,255.18,5,255.18,254.0,254.0,6,253.86,1,253.36,5,253.33,1,253.0,5,,,,,,,,,,,255.18,5,255.34,1,255.46,2,255.47,1,255.48,2,255.49,10,255.5,35,256.62,7,257.05,1,,
2025-04-10 09:31:25,254.59,254.59,1,254.0,6,255.18,5,255.18,254.0,254.0,6,253.86,1,253.36,5,253.33,1,253.0,5,,,,,,,,,,,255.18,5,255.34,1,255.46,2,255.47,1,255.48,2,255.49,10,255.5,35,256.62,7,257.05,1,,
2025-04-10 09:31:26,254.59,254.59,1,254.0,6,255.18,5,255.18,254.0,254.0,6,253.86,1,253.36,5,253.33,1,253.0,5,,,,,,,,,,,255.18,5,255.34,1,255.46,2,255.47,1,255.48,2,255.49,10,255.5,35,256.62,7,257.05,1,,
2025-04-10 09:31:27,254.59,254.59,1,254.0,6,255.18,5,255.18,254.0,254.0,6,253.86,1,253.36,5,253.33,1,253.0,5,,,,,,,,,,,255.18,5,255.34,1,255.46,2,255.47,1,255.48,2,255.49,10,255.5,35,256.62,7,257.05,1,,
2025-04-10 09:31:28,254.59,254.59,1,254.0,6,255.18,5,255.18,254.0,254.0,6,253.86,1,253.36,5,253.33,1,253.0,5,,,,,,,,,,,255.18,5,255.34,1,255.46,2,255.47,1,255.48,2,255.49,10,255.5,35,256.62,7,257.05,1,,
2025-04-10 09:31:29,254.59,254.59,1,254.0,6,255.18,4,255.18,254.0,254.0,6,253.86,1,253.36,5,253.33,1,253.0,5,,,,,,,,,,,255.18,4,255.34,1,255.46,2,255.47,1,255.48,2,255.49,10,255.5,35,256.62,7,257.05,1,,
2025-04-10 09:31:30,254.59,254.59,1,254.0,6,255.18,5,255.18,254.0,254.0,6,253.86,1,253.36,5,253.33,1,253.0,5,,,,,,,,,,,255.18,5,255.34,1,255.46,2,255.47,1,255.48,2,255.49,10,255.5,35,256.62,7,257.05,1,,
2025-04-10 09:31:31,254.59,254.59,1,254.0,6,255.18,5,255.18,254.0,254.0,6,253.86,1,253.36,5,253.33,1,253.0,5,,,,,,,,,,,255.18,5,255.34,1,255.46,2,255.47,1,255.48,2,255.49,10,255.5,35,256.62,7,257.05,1,,
2025-04-10 09:31:32,254.02,253.57,1,253.17,3,254.87,3,254.87,253.17,253.17,3,253.0,5,,,,,,,,,,,,,,,,,254.87,3,255.05,3,255.18,5,255.34,1,255.46,2,255.47,1,255.48,2,255.49,10,255.5,35,256.62,7
2025-04-10 09:31:33,254.02,253.98,1,253.17,4,254.87,3,254.87,253.17,253.17,4,253.0,5,,,,,,,,,,,,,,,,,254.87,3,255.05,3,255.18,5,255.34,1,255.46,2,255.47,1,255.48,2,255.49,10,255.5,35,256.62,7
2025-04-10 09:31:34,254.02,253.98,1,253.17,4,254.87,6,254.87,253.17,253.17,4,253.0,5,,,,,,,,,,,,,,,,,254.87,6,255.05,3,255.18,5,255.34,1,255.46,2,255.47,1,255.48,2,255.49,10,255.5,35,256.62,7
2025-04-10 09:31:35,254.02,253.98,1,253.17,4,254.87,6,254.87,253.17,253.17,4,253.0,5,,,,,,,,,,,,,,,,,254.87,6,255.05,3,255.18,5,255.34,1,255.46,2,255.47,1,255.48,2,255.49,10,255.5,35,256.62,7
2025-04-10 09:31:36,254.02,254.02,1,253.17,2,254.87,6,254.87,253.17,253.17,2,253.0,5,,,,,,,,,,,,,,,,,254.87,6,255.05,3,255.18,5,255.34,1,255.46,2,255.47,1,255.48,2,255.49,10,255.5,35,256.62,7
2025-04-10 09:31:37,254.02,254.02,1,253.17,2,254.87,6,254.87,253.17,253.17,2,253.0,5,,,,,,,,,,,,,,,,,254.87,6,255.05,3,255.18,5,255.34,1,255.46,2,255.47,1,255.48,2,255.49,10,255.5,35,256.62,7
2025-04-10 09:31:38,254.02,254.02,1,253.17,2,254.87,6,254.87,253.17,253.17,2,253.0,5,,,,,,,,,,,,,,,,,254.87,6,255.05,3,255.18,5,255.34,1,255.46,2,255.47,1,255.48,2,255.49,10,255.5,35,256.62,7
2025-04-10 09:31:39,254.02,254.02,1,253.17,2,254.87,6,254.87,253.17,253.17,2,253.0,5,,,,,,,,,,,,,,,,,254.87,6,255.05,3,255.18,5,255.34,1,255.46,2,255.47,1,255.48,2,255.49,10,255.5,35,256.62,7
2025-04-10 09:31:40,254.02,254.02,1,253.17,2,254.87,6,254.87,253.17,253.17,2,253.0,5,,,,,,,,,,,,,,,,,254.87,6,255.05,3,255.18,5,255.34,1,255.46,2,255.47,1,255.48,2,255.49,10,255.5,35,256.62,7
2025-04-10 09:31:41,254.02,254.02,1,253.17,2,254.87,6,254.87,253.17,253.17,2,253.0,5,,,,,,,,,,,,,,,,,254.87,6,255.05,3,255.18,5,255.34,1,255.46,2,255.47,1,255.48,2,255.49,10,255.5,35,256.62,7
2025-04-10 09:31:42,254.02,254.02,1,253.17,2,254.87,6,254.87,253.17,253.17,2,253.0,5,,,,,,,,,,,,,,,,,254.87,6,255.05,3,255.18,5,255.34,1,255.46,2,255.47,1,255.48,2,255.49,10,255.5,35,256.62,7
2025-04-10 09:31:43,254.435,254.02,1,254.0,1,254.87,6,254.87,254.0,254.0,1,253.17,2,253.0,5,,,,,,,,,,,,,,,254.87,6,255.05,3,255.18,5,255.34,1,255.46,2,255.47,1,255.48,2,255.49,10,255.5,35,256.62,7
2025-04-10 09:31:44,254.435,254.0,1,254.0,1,254.87,6,254.87,254.0,254.0,1,253.17,2,253.0,5,,,,,,,,,,,,,,,254.87,6,255.05,3,255.18,5,255.34,1,255.46,2,255.47,1,255.48,2,255.49,10,255.5,35,256.62,7
2025-04-10 09:31:45,254.435,254.0,1,254.0,1,254.87,6,254.87,254.0,254.0,1,253.17,2,253.0,5,,,,,,,,,,,,,,,254.87,6,255.05,3,255.18,5,255.34,1,255.46,2,255.47,1,255.48,2,255.49,10,255.5,35,256.62,7
2025-04-10 09:31:46,254.435,254.0,1,254.0,1,254.87,6,254.87,254.0,254.0,1,253.17,2,253.0,5,,,,,,,,,,,,,,,254.87,6,255.05,3,255.18,5,255.34,1,255.46,2,255.47,1,255.48,2,255.49,10,255.5,35,256.62,7
2025-04-10 09:31:47,254.435,254.0,1,254.0,1,254.87,6,254.87,254.0,254.0,1,253.17,2,253.0,5,,,,,,,,,,,,,,,254.87,6,255.05,3,255.18,5,255.34,1,255.46,2,255.47,1,255.48,2,255.49,10,255.5,35,256.62,7
2025-04-10 09:31:48,254.435,254.05,1,254.0,2,254.87,6,254.87,254.0,254.0,2,253.17,2,253.0,5,,,,,,,,,,,,,,,254.87,6,255.05,3,255.18,5,255.34,1,255.46,2,255.47,1,255.48,2,255.49,10,255.5,35,256.62,7
2025-04-10 09:31:49,254.435,254.05,1,254.0,2,254.87,6,254.87,254.0,254.0,2,253.17,2,253.0,5,,,,,,,,,,,,,,,254.87,6,255.05,3,255.18,5,255.34,1,255.46,2,255.47,1,255.48,2,255.49,10,255.5,35,256.62,7
2025-04-10 09:31:50,254.435,254.05,1,254.0,2,254.87,6,254.87,254.0,254.0,2,253.17,2,253.0,5,,,,,,,,,,,,,,,254.87,6,255.05,3,255.18,5,255.34,1,255.46,2,255.47,1,255.48,2,255.49,10,255.5,35,256.62,7
2025-04-10 09:31:51,254.435,254.36,1,254.0,2,254.87,6,254.87,254.0,254.0,2,253.17,2,253.0,5,,,,,,,,,,,,,,,254.87,6,255.05,3,255.18,5,255.34,1,255.46,2,255.47,1,255.48,2,255.49,10,255.5,35,256.62,7
2025-04-10 09:31:52,254.435,254.36,1,254.0,2,254.87,6,254.87,254.0,254.0,2,253.17,2,253.0,5,,,,,,,,,,,,,,,254.87,6,255.05,3,255.18,5,255.34,1,255.46,2,255.47,1,255.48,2,255.49,10,255.5,35,256.62,7
2025-04-10 09:31:53,254.435,254.36,1,254.0,2,254.87,6,254.87,254.0,254.0,2,253.17,2,253.0,5,,,,,,,,,,,,,,,254.87,6,255.05,3,255.18,5,255.34,1,255.46,2,255.47,1,255.48,2,255.49,10,255.5,35,256.62,7
2025-04-10 09:31:54,254.435,254.36,1,254.0,2,254.87,6,254.87,254.0,254.0,2,253.17,2,253.0,5,,,,,,,,,,,,,,,254.87,6,255.05,3,255.18,5,255.34,1,255.46,2,255.47,1,255.48,2,255.49,10,255.5,35,256.62,7
2025-04-10 09:31:55,254.435,254.36,1,254.0,2,254.87,6,254.87,254.0,254.0,2,253.17,2,253.0,5,,,,,,,,,,,,,,,254.87,6,255.05,3,255.18,5,255.34,1,255.46,2,255.47,1,255.48,2,255.49,10,255.5,35,256.62,7
2025-04-10 09:31:56,254.435,254.36,1,254.0,2,254.87,6,254.87,254.0,254.0,2,253.17,2,253.0,5,,,,,,,,,,,,,,,254.87,6,255.05,3,255.18,5,255.34,1,255.46,2,255.47,1,255.48,2,255.49,10,255.5,35,256.62,7
2025-04-10 09:31:57,254.435,254.36,1,254.0,2,254.87,6,254.87,254.0,254.0,2,253.17,2,253.0,5,,,,,,,,,,,,,,,254.87,6,255.05,3,255.18,5,255.34,1,255.46,2,255.47,1,255.48,2,255.49,10,255.5,35,256.62,7
2025-04-10 09:31:58,254.435,254.36,1,254.0,2,254.87,6,254.87,254.0,254.0,2,253.17,2,253.0,5,,,,,,,,,,,,,,,254.87,6,255.05,3,255.18,5,255.34,1,255.46,2,255.47,1,255.48,2,255.49,10,255.5,35,256.62,7
2025-04-10 09:31:59,254.435,254.36,1,254.0,2,254.87,6,254.87,254.0,254.0,2,253.17,2,253.0,5,,,,,,,,,,,,,,,254.87,6,255.05,3,255.18,5,255.34,1,255.46,2,255.47,1,255.48,2,255.49,10,255.5,35,256.62,7
2025-04-10 09:32:00,254.435,254.36,1,254.0,2,254.87,6,254.87,254.0,254.0,2,253.17,2,253.0,5,,,,,,,,,,,,,,,254.87,6,255.05,3,255.18,5,255.34,1,255.46,2,255.47,1,255.48,2,255.49,10,255.5,35,256.62,7
2025-04-10 09:32:01,254.435,254.36,1,254.0,2,254.87,6,254.87,254.0,254.0,2,253.17,2,253.0,5,,,,,,,,,,,,,,,254.87,6,255.05,3,255.18,5,255.34,1,255.46,2,255.47,1,255.48,2,255.49,10,255.5,35,256.62,7
2025-04-10 09:32:02,254.435,254.36,1,254.0,2,254.87,8,254.87,254.0,254.0,2,253.17,2,253.0,5,,,,,,,,,,,,,,,254.87,8,255.05,3,255.18,5,255.34,1,255.46,2,255.47,1,255.48,2,255.49,10,255.5,35,256.62,7
2025-04-10 09:32:03,253.915,253.92,1,253.17,2,254.66,3,254.66,253.17,253.17,2,253.0,5,,,,,,,,,,,,,,,,,254.66,3,254.86,3,254.87,8,255.05,3,255.18,5,255.34,1,255.46,2,255.47,1,255.48,2,255.49,10
2025-04-10 09:32:04,253.915,253.92,1,253.17,3,254.66,3,254.66,253.17,253.17,3,253.0,5,,,,,,,,,,,,,,,,,254.66,3,254.86,3,254.87,8,255.05,3,255.18,5,255.34,1,255.46,2,255.47,1,255.48,2,255.49,10
2025-04-10 09:32:05,253.915,253.92,1,253.17,3,254.66,3,254.66,253.17,253.17,3,253.0,5,,,,,,,,,,,,,,,,,254.66,3,254.86,3,254.87,8,255.05,3,255.18,5,255.34,1,255.46,2,255.47,1,255.48,2,255.49,10
2025-04-10 09:32:06,253.76,253.16,1,253.0,4,254.52,2,254.52,253.0,253.0,4,,,,,,,,,,,,,,,,,,,254.52,2,254.65,1,254.66,5,254.86,3,254.87,8,255.05,3,255.18,5,255.34,1,255.46,2,255.47,1
2025-04-10 09:32:07,253.76,253.16,1,253.0,4,254.52,3,254.52,253.0,253.0,4,,,,,,,,,,,,,,,,,,,254.52,3,254.65,1,254.66,5,254.86,3,254.87,8,255.05,3,255.18,5,255.34,1,255.46,2,255.47,1
2025-04-10 09:32:08,253.235,254.52,1,252.41,2,254.06,3,254.06,252.41,252.41,2,,,,,,,,,,,,,,,,,,,254.06,3,254.52,5,254.65,1,254.66,5,254.86,3,254.87,8,255.05,3,255.18,5,255.34,1,255.46,2
2025-04-10 09:32:09,253.235,253.24,1,252.41,3,254.06,3,254.06,252.41,252.41,3,,,,,,,,,,,,,,,,,,,254.06,3,254.52,5,254.65,1,254.66,5,254.86,3,254.87,8,255.05,3,255.18,5,255.34,1,255.46,2
2025-04-10 09:32:10,253.235,253.24,1,252.41,3,254.06,3,254.06,252.41,252.41,3,,,,,,,,,,,,,,,,,,,254.06,3,254.52,5,254.65,1,254.66,5,254.86,3,254.87,8,255.05,3,255.18,5,255.34,1,255.46,2
2025-04-10 09:32:11,253.235,253.24,1,252.41,3,254.06,3,254.06,252.41,252.41,3,,,,,,,,,,,,,,,,,,,254.06,3,254.52,5,254.65,1,254.66,5,254.86,3,254.87,8,255.05,3,255.18,5,255.34,1,255.46,2
2025-04-10 09:32:12,253.235,253.24,1,252.41,3,254.06,3,254.06,252.41,252.41,3,,,,,,,,,,,,,,,,,,,254.06,3,254.52,5,254.65,1,254.66,5,254.86,3,254.87,8,255.05,3,255.18,5,255.34,1,255.46,2
2025-04-10 09:32:13,253.235,252.47,1,252.41,3,254.06,3,254.06,252.41,252.41,3,,,,,,,,,,,,,,,,,,,254.06,3,254.52,5,254.65,1,254.66,5,254.86,3,254.87,8,255.05,3,255.18,5,255.34,1,255.46,2
2025-04-10 09:32:14,253.235,252.47,1,252.41,3,254.06,3,254.06,252.41,252.41,3,,,,,,,,,,,,,,,,,,,254.06,3,254.52,5,254.65,1,254.66,5,254.86,3,254.87,8,255.05,3,255.18,5,255.34,1,255.46,2
2025-04-10 09:32:15,253.235,252.76,1,252.41,3,254.06,3,254.06,252.41,252.41,3,,,,,,,,,,,,,,,,,,,254.06,3,254.52,5,254.65,1,254.66,5,254.86,3,254.87,8,255.05,3,255.18,5,255.34,1,255.46,2
2025-04-10 09:32:16,253.235,252.76,1,252.41,3,254.06,3,254.06,252.41,252.41,3,,,,,,,,,,,,,,,,,,,254.06,3,254.52,5,254.65,1,254.66,5,254.86,3,254.87,8,255.05,3,255.18,5,255.34,1,255.46,2
2025-04-10 09:32:17,253.235,252.76,1,252.41,3,254.06,3,254.06,252.41,252.41,3,,,,,,,,,,,,,,,,,,,254.06,3,254.52,5,254.65,1,254.66,5,254.86,3,254.87,8,255.05,3,255.18,5,255.34,1,255.46,2
2025-04-10 09:32:18,253.235,252.76,1,252.41,3,254.06,3,254.06,252.41,252.41,3,,,,,,,,,,,,,,,,,,,254.06,3,254.52,5,254.65,1,254.66,5,254.86,3,254.87,8,255.05,3,255.18,5,255.34,1,255.46,2
2025-04-10 09:32:19,253.25,252.65,1,252.44,2,254.06,6,254.06,252.44,252.44,2,252.41,3,,,,,,,,,,,,,,,,,254.06,6,254.52,5,254.65,1,254.66,5,254.86,3,254.87,8,255.05,3,255.18,5,255.34,1,255.46,2
2025-04-10 09:32:20,253.25,252.65,1,252.44,2,254.06,6,254.06,252.44,252.44,2,252.41,3,,,,,,,,,,,,,,,,,254.06,6,254.52,5,254.65,1,254.66,5,254.86,3,254.87,8,255.05,3,255.18,5,255.34,1,255.46,2
2025-04-10 09:32:21,253.22,252.65,1,252.44,3,254.0,2,254.0,252.44,252.44,3,252.41,3,,,,,,,,,,,,,,,,,254.0,2,254.06,6,254.52,5,254.65,1,254.66,5,254.86,3,254.87,8,255.05,3,255.18,5,255.34,1
2025-04-10 09:32:22,253.22,252.46,1,252.44,3,254.0,2,254.0,252.44,252.44,3,252.41,3,,,,,,,,,,,,,,,,,254.0,2,254.06,6,254.52,5,254.65,1,254.66,5,254.86,3,254.87,8,255.05,3,255.18,5,255.34,1
2025-04-10 09:32:23,253.095,252.46,1,252.44,4,253.75,3,253.75,252.44,252.44,4,252.41,3,,,,,,,,,,,,,,,,,253.75,3,254.0,1,254.06,6,254.52,5,254.65,1,254.66,5,254.86,3,254.87,8,255.05,3,255.18,5
2025-04-10 09:32:24,253.15,252.46,1,252.55,2,253.75,3,253.75,252.55,252.55,2,252.44,4,252.41,3,,,,,,,,,,,,,,,253.75,3,254.0,1,254.06,6,254.52,5,254.65,1,254.66,5,254.86,3,254.87,8,255.05,3,255.18,5
2025-04-10 09:32:25,253.15,252.46,1,252.55,2,253.75,3,253.75,252.55,252.55,2,252.44,4,252.41,3,,,,,,,,,,,,,,,253.75,3,254.0,1,254.06,6,254.52,5,254.65,1,254.66,5,254.86,3,254.87,8,255.05,3,255.18,5
2025-04-10 09:32:26,253.15,252.46,1,252.55,2,253.75,3,253.75,252.55,252.55,2,252.44,4,252.41,3,,,,,,,,,,,,,,,253.75,3,254.0,1,254.06,6,254.52,5,254.65,1,254.66,5,254.86,3,254.87,8,255.05,3,255.18,5
2025-04-10 09:32:27,253.15,252.46,1,252.55,2,253.75,3,253.75,252.55,252.55,2,252.44,4,252.41,3,,,,,,,,,,,,,,,253.75,3,254.0,1,254.06,6,254.52,5,254.65,1,254.66,5,254.86,3,254.87,8,255.05,3,255.18,5
2025-04-10 09:32:28,253.15,252.46,1,252.55,2,253.75,3,253.75,252.55,252.55,2,252.44,4,252.41,3,,,,,,,,,,,,,,,253.75,3,254.0,1,254.06,6,254.52,5,254.65,1,254.66,5,254.86,3,254.87,8,255.05,3,255.18,5
2025-04-10 09:32:29,253.15,253.15,1,252.55,4,253.75,4,253.75,252.55,252.55,4,252.44,4,252.41,3,,,,,,,,,,,,,,,253.75,4,254.0,1,254.06,6,254.52,5,254.65,1,254.66,5,254.86,3,254.87,8,255.05,3,255.18,5
2025-04-10 09:32:30,253.15,253.15,1,252.55,4,253.75,4,253.75,252.55,252.55,4,252.44,4,252.41,3,,,,,,,,,,,,,,,253.75,4,254.0,1,254.06,6,254.52,5,254.65,1,254.66,5,254.86,3,254.87,8,255.05,3,255.18,5
2025-04-10 09:32:31,253.15,253.15,1,252.55,4,253.75,4,253.75,252.55,252.55,4,252.44,4,252.41,3,,,,,,,,,,,,,,,253.75,4,254.0,1,254.06,6,254.52,5,254.65,1,254.66,5,254.86,3,254.87,8,255.05,3,255.18,5
2025-04-10 09:32:32,253.275,253.28,1,252.55,4,254.0,2,254.0,252.55,252.55,4,252.44,4,252.41,3,,,,,,,,,,,,,,,254.0,2,254.06,6,254.52,5,254.65,1,254.66,5,254.86,3,254.87,8,255.05,3,255.18,5,255.34,1
2025-04-10 09:32:33,253.275,253.28,1,252.55,4,254.0,2,254.0,252.55,252.55,4,252.44,4,252.41,3,,,,,,,,,,,,,,,254.0,2,254.06,6,254.52,5,254.65,1,254.66,5,254.86,3,254.87,8,255.05,3,255.18,5,255.34,1
2025-04-10 09:32:34,253.275,253.28,1,252.55,4,254.0,2,254.0,252.55,252.55,4,252.44,4,252.41,3,,,,,,,,,,,,,,,254.0,2,254.06,6,254.52,5,254.65,1,254.66,5,254.86,3,254.87,8,255.05,3,255.18,5,255.34,1
2025-04-10 09:32:35,253.275,253.28,1,252.55,7,254.0,3,254.0,252.55,252.55,7,252.44,4,252.41,3,,,,,,,,,,,,,,,254.0,3,254.06,6,254.52,5,254.65,1,254.66,5,254.86,3,254.87,8,255.05,3,255.18,5,255.34,1
2025-04-10 09:32:36,253.45,253.45,1,252.9,3,254.0,4,254.0,252.9,252.9,3,252.55,7,252.44,4,252.41,3,,,,,,,,,,,,,254.0,4,254.06,6,254.52,5,254.65,1,254.66,5,254.86,3,254.87,8,255.05,3,255.18,5,255.34,1
2025-04-10 09:32:37,253.545,253.09,1,253.09,2,254.0,5,254.0,253.09,253.09,2,252.9,3,252.55,7,252.44,4,252.41,3,,,,,,,,,,,254.0,5,254.06,6,254.52,5,254.65,1,254.66,5,254.86,3,254.87,8,255.05,3,255.18,5,255.34,1
2025-04-10 09:32:38,254.235,254.0,1,253.52,5,254.95,2,254.95,253.52,253.52,5,253.13,1,253.09,3,252.9,3,252.55,7,252.44,4,252.41,3,,,,,,,254.95,2,255.05,3,255.18,5,255.34,1,255.46,2,255.47,1,255.48,2,255.49,10,255.5,35,256.62,7
2025-04-10 09:32:39,254.315,254.3,1,253.68,2,254.95,2,254.95,253.68,253.68,2,253.52,5,253.13,1,253.09,3,252.9,3,252.55,7,252.44,4,252.41,3,,,,,254.95,2,255.05,3,255.18,5,255.34,1,255.46,2,255.47,1,255.48,2,255.49,10,255.5,35,256.62,7
2025-04-10 09:32:40,254.05,254.21,1,252.77,5,255.33,3,255.33,252.77,252.77,5,252.55,7,252.44,4,252.41,3,,,,,,,,,,,,,255.33,3,255.34,1,255.46,2,255.47,1,255.48,2,255.49,10,255.5,35,256.62,7,257.05,1,,
2025-04-10 09:32:41,254.05,254.37,1,252.77,6,255.33,3,255.33,252.77,252.77,6,252.55,7,252.44,4,252.41,3,,,,,,,,,,,,,255.33,3,255.34,1,255.46,2,255.47,1,255.48,2,255.49,10,255.5,35,256.62,7,257.05,1,,
2025-04-10 09:32:42,254.05,254.37,1,252.77,6,255.33,3,255.33,252.77,252.77,6,252.55,7,252.44,4,252.41,3,,,,,,,,,,,,,255.33,3,255.34,1,255.46,2,255.47,1,255.48,2,255.49,10,255.5,35,256.62,7,257.05,1,,
2025-04-10 09:32:43,254.05,254.37,1,252.77,6,255.33,3,255.33,252.77,252.77,6,252.55,7,252.44,4,252.41,3,,,,,,,,,,,,,255.33,3,255.34,1,255.46,2,255.47,1,255.48,2,255.49,10,255.5,35,256.62,7,257.05,1,,
2025-04-10 09:32:44,254.05,254.45,1,252.77,6,255.33,2,255.33,252.77,252.77,6,252.55,7,252.44,4,252.41,3,,,,,,,,,,,,,255.33,2,255.34,1,255.46,2,255.47,1,255.48,2,255.49,10,255.5,35,256.62,7,257.05,1,,
2025-04-10 09:32:45,254.05,254.45,1,252.77,9,255.33,2,255.33,252.77,252.77,9,252.55,7,252.44,4,252.41,3,,,,,,,,,,,,,255.33,2,255.34,1,255.46,2,255.47,1,255.48,2,255.49,10,255.5,35,256.62,7,257.05,1,,
2025-04-10 09:32:46,254.05,254.45,1,252.77,9,255.33,2,255.33,252.77,252.77,9,252.55,7,252.44,4,252.41,3,,,,,,,,,,,,,255.33,2,255.34,1,255.46,2,255.47,1,255.48,2,255.49,10,255.5,35,256.62,7,257.05,1,,
2025-04-10 09:32:47,254.05,254.14,1,252.77,9,255.33,2,255.33,252.77,252.77,9,252.55,7,252.44,4,252.41,3,,,,,,,,,,,,,255.33,2,255.34,1,255.46,2,255.47,1,255.48,2,255.49,10,255.5,35,256.62,7,257.05,1,,
2025-04-10 09:32:48,254.05,254.14,1,252.77,9,255.33,2,255.33,252.77,252.77,9,252.55,7,252.44,4,252.41,3,,,,,,,,,,,,,255.33,2,255.34,1,255.46,2,255.47,1,255.48,2,255.49,10,255.5,35,256.62,7,257.05,1,,
2025-04-10 09:32:49,254.05,254.14,1,252.77,9,255.33,2,255.33,252.77,252.77,9,252.55,7,252.44,4,252.41,3,,,,,,,,,,,,,255.33,2,255.34,1,255.46,2,255.47,1,255.48,2,255.49,10,255.5,35,256.62,7,257.05,1,,
2025-04-10 09:32:50,254.05,254.39,1,252.77,9,255.33,2,255.33,252.77,252.77,9,252.55,7,252.44,4,252.41,3,,,,,,,,,,,,,255.33,2,255.34,1,255.46,2,255.47,1,255.48,2,255.49,10,255.5,35,256.62,7,257.05,1,,
2025-04-10 09:32:51,254.05,254.39,1,252.77,9,255.33,2,255.33,252.77,252.77,9,252.55,7,252.44,4,252.41,3,,,,,,,,,,,,,255.33,2,255.34,1,255.46,2,255.47,1,255.48,2,255.49,10,255.5,35,256.62,7,257.05,1,,
2025-04-10 09:32:52,254.05,254.05,1,252.77,9,255.33,2,255.33,252.77,252.77,9,252.55,7,252.44,4,252.41,3,,,,,,,,,,,,,255.33,2,255.34,1,255.46,2,255.47,1,255.48,2,255.49,10,255.5,35,256.62,7,257.05,1,,
2025-04-10 09:32:53,254.52,254.05,1,253.71,2,255.33,6,255.33,253.71,253.71,2,252.77,9,252.55,7,252.44,4,252.41,3,,,,,,,,,,,255.33,6,255.34,1,255.46,2,255.47,1,255.48,2,255.49,10,255.5,35,256.62,7,257.05,1,,
2025-04-10 09:32:54,254.185,254.05,1,253.72,1,254.65,1,254.65,253.72,253.72,1,253.71,2,252.77,9,252.55,7,252.44,4,252.41,3,,,,,,,,,254.65,1,255.33,6,255.34,1,255.46,2,255.47,1,255.48,2,255.49,10,255.5,35,256.62,7,257.05,1
2025-04-10 09:32:55,254.27,254.18,1,253.9,1,254.64,3,254.64,253.9,253.9,1,253.72,1,253.71,2,252.77,9,252.55,7,252.44,4,252.41,3,,,,,,,254.64,3,254.65,1,255.33,6,255.34,1,255.46,2,255.47,1,255.48,2,255.49,10,255.5,35,256.62,7
2025-04-10 09:32:56,254.27,254.18,1,253.9,1,254.64,3,254.64,253.9,253.9,1,253.72,1,253.71,2,252.77,9,252.55,7,252.44,4,252.41,3,,,,,,,254.64,3,254.65,1,255.33,6,255.34,1,255.46,2,255.47,1,255.48,2,255.49,10,255.5,35,256.62,7
2025-04-10 09:32:57,254.27,254.18,1,253.9,1,254.64,3,254.64,253.9,253.9,1,253.72,1,253.71,2,252.77,9,252.55,7,252.44,4,252.41,3,,,,,,,254.64,3,254.65,1,255.33,6,255.34,1,255.46,2,255.47,1,255.48,2,255.49,10,255.5,35,256.62,7
2025-04-10 09:32:58,254.27,254.18,1,253.9,1,254.64,3,254.64,253.9,253.9,1,253.72,1,253.71,2,252.77,9,252.55,7,252.44,4,252.41,3,,,,,,,254.64,3,254.65,1,255.33,6,255.34,1,255.46,2,255.47,1,255.48,2,255.49,10,255.5,35,256.62,7
2025-04-10 09:32:59,254.27,254.41,1,253.9,1,254.64,3,254.64,253.9,253.9,1,253.72,1,253.71,2,252.77,9,252.55,7,252.44,4,252.41,3,,,,,,,254.64,3,254.65,1,255.33,6,255.34,1,255.46,2,255.47,1,255.48,2,255.49,10,255.5,35,256.62,7
2025-04-10 09:33:00,254.275,254.41,1,253.91,1,254.64,3,254.64,253.91,253.91,1,253.9,1,253.72,1,253.71,2,252.77,9,252.55,7,252.44,4,252.41,3,,,,,254.64,3,254.65,1,255.33,6,255.34,1,255.46,2,255.47,1,255.48,2,255.49,10,255.5,35,256.62,7
2025-04-10 09:33:01,254.275,254.41,1,253.91,1,254.64,3,254.64,253.91,253.91,1,253.9,1,253.72,1,253.71,2,252.77,9,252.55,7,252.44,4,252.41,3,,,,,254.64,3,254.65,1,255.33,6,255.34,1,255.46,2,255.47,1,255.48,2,255.49,10,255.5,35,256.62,7
2025-04-10 09:33:02,254.275,254.41,1,253.91,1,254.64,3,254.64,253.91,253.91,1,253.9,1,253.72,1,253.71,2,252.77,9,252.55,7,252.44,4,252.41,3,,,,,254.64,3,254.65,1,255.33,6,255.34,1,255.46,2,255.47,1,255.48,2,255.49,10,255.5,35,256.62,7
2025-04-10 09:33:03,254.26,254.41,1,253.9,1,254.62,1,254.62,253.9,253.9,1,253.72,1,253.71,2,252.77,9,252.55,7,252.44,4,252.41,3,,,,,,,254.62,1,254.64,2,254.65,1,255.33,6,255.34,1,255.46,2,255.47,1,255.48,2,255.49,10,255.5,35
2025-04-10 09:33:04,253.525,253.53,2,252.77,2,254.28,2,254.28,252.77,252.77,2,252.66,2,252.55,7,252.44,4,252.41,3,,,,,,,,,,,254.28,2,254.46,1,254.61,1,254.64,2,254.65,1,255.33,6,255.34,1,255.46,2,255.47,1,255.48,2
2025-04-10 09:33:05,253.38,253.38,1,252.77,5,253.99,2,253.99,252.77,252.77,5,252.66,2,252.55,7,252.44,4,252.41,3,,,,,,,,,,,253.99,2,254.28,4,254.46,1,254.61,1,254.64,2,254.65,1,255.33,6,255.34,1,255.46,2,255.47,1
2025-04-10 09:33:06,253.37,253.38,1,252.77,5,253.97,2,253.97,252.77,252.77,5,252.66,2,252.55,7,252.44,4,252.41,3,,,,,,,,,,,253.97,2,253.98,1,253.99,4,254.28,4,254.46,1,254.61,1,254.64,2,254.65,1,255.33,6,255.34,1
2025-04-10 09:33:07,253.365,253.38,1,252.77,5,253.96,2,253.96,252.77,252.77,5,252.66,2,252.55,7,252.44,4,252.41,3,,,,,,,,,,,253.96,2,253.97,1,253.98,1,253.99,4,254.28,4,254.46,1,254.61,1,254.64,2,254.65,1,255.33,6
2025-04-10 09:33:08,253.355,253.38,1,252.77,5,253.94,2,253.94,252.77,252.77,5,252.66,2,252.55,7,252.44,4,252.41,3,,,,,,,,,,,253.94,2,253.95,1,253.96,1,253.97,1,253.98,1,253.99,4,254.28,4,254.46,1,254.61,1,254.64,2
2025-04-10 09:33:09,253.35,253.38,1,252.77,5,253.93,1,253.93,252.77,252.77,5,252.66,2,252.55,7,252.44,4,252.41,3,,,,,,,,,,,253.93,1,253.94,1,253.95,1,253.96,1,253.97,1,253.98,1,253.99,4,254.28,4,254.46,1,254.61,1
2025-04-10 09:33:10,253.345,253.38,1,252.77,5,253.92,2,253.92,252.77,252.77,5,252.66,2,252.55,7,252.44,4,252.41,3,,,,,,,,,,,253.92,2,253.99,3,254.28,4,254.46,1,254.61,1,254.64,2,254.65,1,255.33,6,255.34,1,255.46,2
2025-04-10 09:33:11,253.34,253.38,1,252.77,5,253.91,2,253.91,252.77,252.77,5,252.66,2,252.55,7,252.44,4,252.41,3,,,,,,,,,,,253.91,2,253.92,3,253.99,3,254.28,4,254.46,1,254.61,1,254.64,2,254.65,1,255.33,6,255.34,1
2025-04-10 09:33:12,253.335,253.38,1,252.77,5,253.9,1,253.9,252.77,252.77,5,252.66,2,252.55,7,252.44,4,252.41,3,,,,,,,,,,,253.9,1,253.92,3,253.99,3,254.28,4,254.46,1,254.61,1,254.64,2,254.65,1,255.33,6,255.34,1
2025-04-10 09:33:13,253.335,253.34,1,252.77,5,253.9,1,253.9,252.77,252.77,5,252.66,2,252.55,7,252.44,4,252.41,3,,,,,,,,,,,253.9,1,253.92,3,253.99,3,254.28,4,254.46,1,254.61,1,254.64,2,254.65,1,255.33,6,255.34,1
2025-04-10 09:33:14,253.335,253.34,1,252.77,5,253.9,1,253.9,252.77,252.77,5,252.66,2,252.55,7,252.44,4,252.41,3,,,,,,,,,,,253.9,1,253.92,3,253.99,3,254.28,4,254.46,1,254.61,1,254.64,2,254.65,1,255.33,6,255.34,1
2025-04-10 09:33:15,253.335,253.34,1,252.77,5,253.9,1,253.9,252.77,252.77,5,252.66,2,252.55,7,252.44,4,252.41,3,,,,,,,,,,,253.9,1,253.92,3,253.99,3,254.28,4,254.46,1,254.61,1,254.64,2,254.65,1,255.33,6,255.34,1
2025-04-10 09:33:16,253.335,253.34,1,252.77,5,253.9,1,253.9,252.77,252.77,5,252.66,2,252.55,7,252.44,4,252.41,3,,,,,,,,,,,253.9,1,253.92,3,253.99,3,254.28,4,254.46,1,254.61,1,254.64,2,254.65,1,255.33,6,255.34,1
2025-04-10 09:33:17,253.335,253.34,1,252.77,5,253.9,1,253.9,252.77,252.77,5,252.66,2,252.55,7,252.44,4,252.41,3,,,,,,,,,,,253.9,1,253.92,3,253.99,3,254.28,4,254.46,1,254.61,1,254.64,2,254.65,1,255.33,6,255.34,1
2025-04-10 09:33:18,253.335,253.34,1,252.77,4,253.9,1,253.9,252.77,252.77,4,252.66,2,252.55,7,252.44,4,252.41,3,,,,,,,,,,,253.9,1,253.92,3,253.99,3,254.28,4,254.46,1,254.61,1,254.64,2,254.65,1,255.33,6,255.34,1
2025-04-10 09:33:19,253.335,253.34,1,252.77,4,253.9,1,253.9,252.77,252.77,4,252.66,2,252.55,7,252.44,4,252.41,3,,,,,,,,,,,253.9,1,253.92,3,253.99,3,254.28,4,254.46,1,254.61,1,254.64,2,254.65,1,255.33,6,255.34,1
2025-04-10 09:33:20,253.335,253.34,1,252.77,4,253.9,1,253.9,252.77,252.77,4,252.66,2,252.55,7,252.44,4,252.41,3,,,,,,,,,,,253.9,1,253.92,3,253.99,3,254.28,4,254.46,1,254.61,1,254.64,2,254.65,1,255.33,6,255.34,1
2025-04-10 09:33:21,253.335,253.34,1,252.77,4,253.9,1,253.9,252.77,252.77,4,252.66,2,252.55,7,252.44,4,252.41,3,,,,,,,,,,,253.9,1,253.92,3,253.99,3,254.28,4,254.46,1,254.61,1,254.64,2,254.65,1,255.33,6,255.34,1
2025-04-10 09:33:22,253.335,253.34,1,252.77,4,253.9,1,253.9,252.77,252.77,4,252.66,2,252.55,7,252.44,4,252.41,3,,,,,,,,,,,253.9,1,253.92,3,253.99,3,254.28,4,254.46,1,254.61,1,254.64,2,254.65,1,255.33,6,255.34,1
2025-04-10 09:33:23,253.325,253.34,1,252.77,5,253.88,1,253.88,252.77,252.77,5,252.66,2,252.55,7,252.44,4,252.41,3,,,,,,,,,,,253.88,1,253.92,3,253.99,3,254.28,4,254.46,1,254.61,1,254.64,2,254.65,1,255.33,6,255.34,1
2025-04-10 09:33:24,253.67,253.94,1,253.35,1,253.99,3,253.99,253.35,253.35,1,253.34,3,253.18,6,252.77,5,252.66,2,252.55,7,252.44,4,252.41,3,,,,,253.99,3,254.28,4,254.46,1,254.61,1,254.64,2,254.65,1,255.33,6,255.34,1,255.46,2,255.47,1
2025-04-10 09:33:25,253.67,253.94,1,253.35,2,253.99,1,253.99,253.35,253.35,2,253.34,3,253.18,6,252.77,5,252.66,2,252.55,7,252.44,4,252.41,3,,,,,253.99,1,254.28,3,254.46,1,254.61,1,254.64,2,254.65,1,255.33,6,255.34,1,255.46,2,255.47,1
2025-04-10 09:33:26,253.895,253.99,1,253.51,2,254.28,3,254.28,253.51,253.51,2,253.36,2,253.35,4,253.34,3,253.18,6,252.77,5,252.66,2,252.55,7,252.44,4,252.41,3,254.28,3,254.46,1,254.61,1,254.64,2,254.65,1,255.33,6,255.34,1,255.46,2,255.47,1,255.48,2
2025-04-10 09:33:27,253.895,253.99,1,253.51,2,254.28,3,254.28,253.51,253.51,2,253.36,2,253.35,4,253.34,3,253.18,6,252.77,5,252.66,2,252.55,7,252.44,4,252.41,3,254.28,3,254.46,1,254.61,1,254.64,2,254.65,1,255.33,6,255.34,1,255.46,2,255.47,1,255.48,2
2025-04-10 09:33:28,253.895,253.99,1,253.51,2,254.28,3,254.28,253.51,253.51,2,253.36,2,253.35,4,253.34,3,253.18,6,252.77,5,252.66,2,252.55,7,252.44,4,252.41,3,254.28,3,254.46,1,254.61,1,254.64,2,254.65,1,255.33,6,255.34,1,255.46,2,255.47,1,255.48,2
2025-04-10 09:33:29,253.895,253.9,5,253.51,2,254.28,3,254.28,253.51,253.51,2,253.36,2,253.35,4,253.34,3,253.18,6,252.77,5,252.66,2,252.55,7,252.44,4,252.41,3,254.28,3,254.46,1,254.61,1,254.64,2,254.65,1,255.33,6,255.34,1,255.46,2,255.47,1,255.48,2
2025-04-10 09:33:30,253.895,253.9,5,253.51,2,254.28,3,254.28,253.51,253.51,2,253.36,2,253.35,4,253.34,3,253.18,6,252.77,5,252.66,2,252.55,7,252.44,4,252.41,3,254.28,3,254.46,1,254.61,1,254.64,2,254.65,1,255.33,6,255.34,1,255.46,2,255.47,1,255.48,2
2025-04-10 09:33:31,253.895,253.9,5,253.51,2,254.28,3,254.28,253.51,253.51,2,253.36,2,253.35,4,253.34,3,253.18,6,252.77,5,252.66,2,252.55,7,252.44,4,252.41,3,254.28,3,254.46,1,254.61,1,254.64,2,254.65,1,255.33,6,255.34,1,255.46,2,255.47,1,255.48,2
2025-04-10 09:33:32,253.895,253.9,5,253.51,2,254.28,3,254.28,253.51,253.51,2,253.36,2,253.35,4,253.34,3,253.18,6,252.77,5,252.66,2,252.55,7,252.44,4,252.41,3,254.28,3,254.46,1,254.61,1,254.64,2,254.65,1,255.33,6,255.34,1,255.46,2,255.47,1,255.48,2
2025-04-10 09:33:33,253.895,253.9,5,253.51,2,254.28,3,254.28,253.51,253.51,2,253.36,2,253.35,4,253.34,3,253.18,6,252.77,5,252.66,2,252.55,7,252.44,4,252.41,3,254.28,3,254.46,1,254.61,1,254.64,2,254.65,1,255.33,6,255.34,1,255.46,2,255.47,1,255.48,2
2025-04-10 09:33:34,253.895,253.9,5,253.51,2,254.28,3,254.28,253.51,253.51,2,253.36,2,253.35,4,253.34,3,253.18,6,252.77,5,252.66,2,252.55,7,252.44,4,252.41,3,254.28,3,254.46,1,254.61,1,254.64,2,254.65,1,255.33,6,255.34,1,255.46,2,255.47,1,255.48,2
2025-04-10 09:33:35,253.9,253.9,5,253.52,1,254.28,3,254.28,253.52,253.52,1,253.51,2,253.36,2,253.35,4,253.34,3,253.18,6,252.77,5,252.66,2,252.55,7,252.44,4,254.28,3,254.46,1,254.61,1,254.64,2,254.65,1,255.33,6,255.34,1,255.46,2,255.47,1,255.48,2
2025-04-10 09:33:36,253.9,253.9,5,253.52,1,254.28,3,254.28,253.52,253.52,1,253.51,2,253.36,2,253.35,4,253.34,3,253.18,6,252.77,5,252.66,2,252.55,7,252.44,4,254.28,3,254.46,1,254.61,1,254.64,2,254.65,1,255.33,6,255.34,1,255.46,2,255.47,1,255.48,2
2025-04-10 09:33:37,253.9,253.83,1,253.52,1,254.28,2,254.28,253.52,253.52,1,253.51,2,253.36,2,253.35,4,253.34,3,253.18,6,252.77,5,252.66,2,252.55,7,252.44,4,254.28,2,254.46,1,254.61,1,254.64,2,254.65,1,255.33,6,255.34,1,255.46,2,255.47,1,255.48,2
2025-04-10 09:33:38,253.9,253.83,1,253.52,1,254.28,2,254.28,253.52,253.52,1,253.51,2,253.36,2,253.35,4,253.34,3,253.18,6,252.77,5,252.66,2,252.55,7,252.44,4,254.28,2,254.46,1,254.61,1,254.64,2,254.65,1,255.33,6,255.34,1,255.46,2,255.47,1,255.48,2
2025-04-10 09:33:39,253.9,253.83,1,253.52,1,254.28,2,254.28,253.52,253.52,1,253.51,2,253.36,2,253.35,4,253.34,3,253.18,6,252.77,5,252.66,2,252.55,7,252.44,4,254.28,2,254.46,1,254.61,1,254.64,2,254.65,1,255.33,6,255.34,1,255.46,2,255.47,1,255.48,2
2025-04-10 09:33:40,253.9,253.83,1,253.52,2,254.28,2,254.28,253.52,253.52,2,253.51,2,253.36,2,253.35,4,253.34,3,253.18,6,252.77,5,252.66,2,252.55,7,252.44,4,254.28,2,254.46,1,254.61,1,254.64,2,254.65,1,255.33,6,255.34,1,255.46,2,255.47,1,255.48,2
2025-04-10 09:33:41,253.9,253.83,1,253.52,3,254.28,2,254.28,253.52,253.52,3,253.51,2,253.36,2,253.35,4,253.34,3,253.18,6,252.77,5,252.66,2,252.55,7,252.44,4,254.28,2,254.46,1,254.61,1,254.64,2,254.65,1,255.33,6,255.34,1,255.46,2,255.47,1,255.48,2
2025-04-10 09:33:42,253.9,253.83,1,253.52,4,254.28,2,254.28,253.52,253.52,4,253.51,2,253.36,2,253.35,4,253.34,3,253.18,6,252.77,5,252.66,2,252.55,7,252.44,4,254.28,2,254.46,1,254.61,1,254.64,2,254.65,1,255.33,6,255.34,1,255.46,2,255.47,1,255.48,2
2025-04-10 09:33:43,253.9,253.83,1,253.52,6,254.28,2,254.28,253.52,253.52,6,253.51,2,253.36,2,253.35,4,253.34,3,253.18,6,252.77,5,252.66,2,252.55,7,252.44,4,254.28,2,254.46,1,254.61,1,254.64,2,254.65,1,255.33,6,255.34,1,255.46,2,255.47,1,255.48,2
2025-04-10 09:33:44,253.9,253.83,1,253.52,6,254.28,2,254.28,253.52,253.52,6,253.51,2,253.36,2,253.35,4,253.34,3,253.18,6,252.77,5,252.66,2,252.55,7,252.44,4,254.28,2,254.46,1,254.61,1,254.64,2,254.65,1,255.33,6,255.34,1,255.46,2,255.47,1,255.48,2
2025-04-10 09:33:45,253.455,253.66,1,253.12,3,253.79,2,253.79,253.12,253.12,3,252.78,2,252.62,2,252.55,7,252.44,4,252.41,3,,,,,,,,,253.79,2,253.8,2,254.27,1,254.28,2,254.46,1,254.61,1,254.64,2,254.65,1,255.33,6,255.34,1
2025-04-10 09:33:46,252.655,252.66,1,252.05,2,253.26,1,253.26,252.05,252.05,2,,,,,,,,,,,,,,,,,,,253.26,1,253.77,1,253.79,2,253.8,2,254.27,1,254.28,2,254.46,1,254.61,1,254.64,2,254.65,1
2025-04-10 09:33:47,252.635,252.64,1,252.05,4,253.22,1,253.22,252.05,252.05,4,,,,,,,,,,,,,,,,,,,253.22,1,253.26,2,253.77,1,253.79,2,253.8,2,254.27,1,254.28,2,254.46,1,254.61,1,254.64,2
2025-04-10 09:33:49,252.635,252.64,1,252.05,4,253.22,1,253.22,252.05,252.05,4,,,,,,,,,,,,,,,,,,,253.22,1,253.26,2,253.77,1,253.79,2,253.8,2,254.27,1,254.28,2,254.46,1,254.61,1,254.64,2
2025-04-10 09:33:49,252.635,252.64,1,252.05,4,253.22,1,253.22,252.05,252.05,4,,,,,,,,,,,,,,,,,,,253.22,1,253.26,2,253.77,1,253.79,2,253.8,2,254.27,1,254.28,2,254.46,1,254.61,1,254.64,2
2025-04-10 09:33:50,252.595,252.62,1,252.05,4,253.14,1,253.14,252.05,252.05,4,,,,,,,,,,,,,,,,,,,253.14,1,253.19,2,253.22,2,253.26,2,253.77,1,253.79,2,253.8,2,254.27,1,254.28,2,254.46,1
2025-04-10 09:33:51,252.595,252.62,1,252.05,4,253.14,1,253.14,252.05,252.05,4,,,,,,,,,,,,,,,,,,,253.14,1,253.19,2,253.22,2,253.26,2,253.77,1,253.79,2,253.8,2,254.27,1,254.28,2,254.46,1
2025-04-10 09:33:53,252.595,252.6,1,252.05,4,253.14,1,253.14,252.05,252.05,4,,,,,,,,,,,,,,,,,,,253.14,1,253.19,2,253.22,2,253.26,2,253.77,1,253.79,2,253.8,2,254.27,1,254.28,2,254.46,1
2025-04-10 09:33:53,252.595,252.6,1,252.1,2,253.09,1,253.09,252.1,252.1,2,252.05,4,,,,,,,,,,,,,,,,,253.09,1,253.19,2,253.22,2,253.26,2,253.77,1,253.79,2,253.8,2,254.27,1,254.28,2,254.46,1
2025-04-10 09:33:55,252.62,252.6,1,252.1,2,253.14,1,253.14,252.1,252.1,2,252.05,4,,,,,,,,,,,,,,,,,253.14,1,253.19,2,253.22,2,253.26,2,253.77,1,253.79,2,253.8,2,254.27,1,254.28,2,254.46,1
2025-04-10 09:33:56,252.57,252.6,1,252.1,3,253.04,1,253.04,252.1,252.1,3,252.05,4,,,,,,,,,,,,,,,,,253.04,1,253.19,2,253.22,2,253.26,2,253.77,1,253.79,2,253.8,2,254.27,1,254.28,2,254.46,1
2025-04-10 09:33:57,252.51,252.51,1,252.1,3,252.92,1,252.92,252.1,252.1,3,252.05,4,,,,,,,,,,,,,,,,,252.92,1,252.98,1,253.04,2,253.19,2,253.22,2,253.26,2,253.77,1,253.79,2,253.8,2,254.27,1
2025-04-10 09:33:58,252.48,252.51,1,252.1,3,252.86,1,252.86,252.1,252.1,3,252.05,4,,,,,,,,,,,,,,,,,252.86,1,252.98,1,253.04,2,253.19,2,253.22,2,253.26,2,253.77,1,253.79,2,253.8,2,254.27,1
2025-04-10 09:33:58,252.48,252.51,1,252.1,3,252.86,2,252.86,252.1,252.1,3,252.05,4,,,,,,,,,,,,,,,,,252.86,2,252.98,1,253.04,2,253.19,2,253.22,2,253.26,2,253.77,1,253.79,2,253.8,2,254.27,1
2025-04-10 09:34:00,251.83,251.83,1,251.5,2,252.16,1,252.16,251.5,251.5,2,,,,,,,,,,,,,,,,,,,252.16,1,252.86,2,252.98,1,253.04,2,253.19,2,253.22,2,253.26,2,253.77,1,253.79,2,253.8,2
2025-04-10 09:34:01,252.31,252.1,1,251.99,1,252.63,1,252.63,251.99,251.99,1,251.57,1,251.56,1,251.5,3,,,,,,,,,,,,,252.63,1,252.98,1,253.04,2,253.19,2,253.22,2,253.26,2,253.77,1,253.79,2,253.8,2,254.27,1
2025-04-10 09:34:01,252.14,252.14,1,251.65,3,252.63,1,252.63,251.65,251.65,3,251.57,1,251.56,1,251.5,3,,,,,,,,,,,,,252.63,1,252.98,1,253.04,2,253.19,2,253.22,2,253.26,2,253.77,1,253.79,2,253.8,2,254.27,1
2025-04-10 09:34:02,252.14,252.14,1,251.65,3,252.63,1,252.63,251.65,251.65,3,251.57,1,251.56,1,251.5,3,,,,,,,,,,,,,252.63,1,252.98,1,253.04,2,253.19,2,253.22,2,253.26,2,253.77,1,253.79,2,253.8,2,254.27,1
2025-04-10 09:34:04,253.21,252.64,1,252.64,3,253.78,3,253.78,252.64,252.64,3,251.96,1,251.65,3,251.57,1,251.56,1,251.5,3,,,,,,,,,253.78,3,253.79,2,253.8,2,254.27,1,254.28,2,254.46,1,254.61,1,254.64,2,254.65,1,255.33,6
2025-04-10 09:34:04,253.21,252.64,1,252.64,3,253.78,3,253.78,252.64,252.64,3,251.96,1,251.65,3,251.57,1,251.56,1,251.5,3,,,,,,,,,253.78,3,253.79,2,253.8,2,254.27,1,254.28,2,254.46,1,254.61,1,254.64,2,254.65,1,255.33,6
2025-04-10 09:34:06,253.21,252.64,1,252.64,3,253.78,3,253.78,252.64,252.64,3,251.96,1,251.65,3,251.57,1,251.56,1,251.5,3,,,,,,,,,253.78,3,253.79,2,253.8,2,254.27,1,254.28,2,254.46,1,254.61,1,254.64,2,254.65,1,255.33,6
2025-04-10 09:34:07,253.21,252.64,1,252.64,3,253.78,3,253.78,252.64,252.64,3,251.96,1,251.65,3,251.57,1,251.56,1,251.5,3,,,,,,,,,253.78,3,253.79,2,253.8,2,254.27,1,254.28,2,254.46,1,254.61,1,254.64,2,254.65,1,255.33,6
2025-04-10 09:34:08,253.21,252.64,1,252.64,3,253.78,3,253.78,252.64,252.64,3,251.96,1,251.65,3,251.57,1,251.56,1,251.5,3,,,,,,,,,253.78,3,253.79,2,253.8,2,254.27,1,254.28,2,254.46,1,254.61,1,254.64,2,254.65,1,255.33,6
2025-04-10 09:34:09,253.22,252.64,1,252.64,3,253.8,4,253.8,252.64,252.64,3,251.96,1,251.65,3,251.57,1,251.56,1,251.5,3,,,,,,,,,253.8,4,254.27,1,254.28,2,254.46,1,254.61,1,254.64,2,254.65,1,255.33,6,255.34,1,255.46,2
2025-04-10 09:34:10,253.22,252.69,1,252.64,2,253.8,3,253.8,252.64,252.64,2,251.96,1,251.65,3,251.57,1,251.56,1,251.5,3,,,,,,,,,253.8,3,254.27,1,254.28,2,254.46,1,254.61,1,254.64,2,254.65,1,255.33,6,255.34,1,255.46,2
2025-04-10 09:34:11,253.22,252.69,1,252.64,2,253.8,4,253.8,252.64,252.64,2,251.96,1,251.65,3,251.57,1,251.56,1,251.5,3,,,,,,,,,253.8,4,254.27,1,254.28,2,254.46,1,254.61,1,254.64,2,254.65,1,255.33,6,255.34,1,255.46,2
2025-04-10 09:34:12,253.22,252.69,1,252.64,2,253.8,4,253.8,252.64,252.64,2,251.96,1,251.65,3,251.57,1,251.56,1,251.5,3,,,,,,,,,253.8,4,254.27,1,254.28,2,254.46,1,254.61,1,254.64,2,254.65,1,255.33,6,255.34,1,255.46,2
2025-04-10 09:34:13,253.22,252.69,1,252.64,2,253.8,4,253.8,252.64,252.64,2,251.96,1,251.65,3,251.57,1,251.56,1,251.5,3,,,,,,,,,253.8,4,254.27,1,254.28,2,254.46,1,254.61,1,254.64,2,254.65,1,255.33,6,255.34,1,255.46,2
2025-04-10 09:34:14,253.22,252.69,1,252.64,2,253.8,4,253.8,252.64,252.64,2,251.96,1,251.65,3,251.57,1,251.56,1,251.5,3,,,,,,,,,253.8,4,254.27,1,254.28,2,254.46,1,254.61,1,254.64,2,254.65,1,255.33,6,255.34,1,255.46,2
2025-04-10 09:34:15,253.22,253.02,1,252.64,2,253.8,4,253.8,252.64,252.64,2,251.96,1,251.65,3,251.57,1,251.56,1,251.5,3,,,,,,,,,253.8,4,254.27,1,254.28,2,254.46,1,254.61,1,254.64,2,254.65,1,255.33,6,255.34,1,255.46,2
2025-04-10 09:34:16,253.22,253.02,1,252.64,2,253.8,4,253.8,252.64,252.64,2,251.96,1,251.65,3,251.57,1,251.56,1,251.5,3,,,,,,,,,253.8,4,254.27,1,254.28,2,254.46,1,254.61,1,254.64,2,254.65,1,255.33,6,255.34,1,255.46,2
2025-04-10 09:34:17,252.925,252.93,1,252.05,3,253.8,4,253.8,252.05,252.05,3,251.96,1,251.65,3,251.57,1,251.56,1,251.5,3,,,,,,,,,253.8,4,254.27,1,254.28,2,254.46,1,254.61,1,254.64,2,254.65,1,255.33,6,255.34,1,255.46,2
2025-04-10 09:34:18,253.31,252.7,1,252.44,3,254.18,3,254.18,252.44,252.44,3,252.08,4,252.05,3,251.96,1,251.65,3,251.57,1,251.56,1,251.5,3,,,,,254.18,3,254.27,1,254.28,2,254.46,1,254.61,1,254.64,2,254.65,1,255.33,6,255.34,1,255.46,2
2025-04-10 09:34:19,253.31,252.7,1,252.44,3,254.18,3,254.18,252.44,252.44,3,252.08,4,252.05,3,251.96,1,251.65,3,251.57,1,251.56,1,251.5,3,,,,,254.18,3,254.27,1,254.28,2,254.46,1,254.61,1,254.64,2,254.65,1,255.33,6,255.34,1,255.46,2
2025-04-10 09:34:20,253.31,252.7,1,252.44,3,254.18,3,254.18,252.44,252.44,3,252.08,4,252.05,3,251.96,1,251.65,3,251.57,1,251.56,1,251.5,3,,,,,254.18,3,254.27,1,254.28,2,254.46,1,254.61,1,254.64,2,254.65,1,255.33,6,255.34,1,255.46,2
2025-04-10 09:34:21,253.31,253.31,1,252.44,4,254.18,3,254.18,252.44,252.44,4,252.08,4,252.05,3,251.96,1,251.65,3,251.57,1,251.56,1,251.5,3,,,,,254.18,3,254.27,1,254.28,2,254.46,1,254.61,1,254.64,2,254.65,1,255.33,6,255.34,1,255.46,2
2025-04-10 09:34:22,253.395,253.05,1,252.61,2,254.18,3,254.18,252.61,252.61,2,252.09,3,252.08,5,252.05,3,251.96,1,251.65,3,251.57,1,251.56,1,251.5,3,,,254.18,3,254.27,1,254.28,2,254.46,1,254.61,1,254.64,2,254.65,1,255.33,6,255.34,1,255.46,2
2025-04-10 09:34:23,253.395,253.1,1,252.61,2,254.18,3,254.18,252.61,252.61,2,252.09,3,252.08,5,252.05,3,251.96,1,251.65,3,251.57,1,251.56,1,251.5,3,,,254.18,3,254.27,1,254.28,2,254.46,1,254.61,1,254.64,2,254.65,1,255.33,6,255.34,1,255.46,2
2025-04-10 09:34:24,253.395,253.1,1,252.61,2,254.18,4,254.18,252.61,252.61,2,252.09,3,252.08,5,252.05,3,251.96,1,251.65,3,251.57,1,251.56,1,251.5,3,,,254.18,4,254.27,1,254.28,2,254.46,1,254.61,1,254.64,2,254.65,1,255.33,6,255.34,1,255.46,2
2025-04-10 09:34:25,253.395,253.1,1,252.61,1,254.18,4,254.18,252.61,252.61,1,252.09,3,252.08,5,252.05,3,251.96,1,251.65,3,251.57,1,251.56,1,251.5,3,,,254.18,4,254.27,1,254.28,2,254.46,1,254.61,1,254.64,2,254.65,1,255.33,6,255.34,1,255.46,2
2025-04-10 09:34:26,253.395,253.1,1,252.61,1,254.18,4,254.18,252.61,252.61,1,252.09,3,252.08,5,252.05,3,251.96,1,251.65,3,251.57,1,251.56,1,251.5,3,,,254.18,4,254.27,1,254.28,2,254.46,1,254.61,1,254.64,2,254.65,1,255.33,6,255.34,1,255.46,2
2025-04-10 09:34:27,253.395,253.1,1,252.61,1,254.18,4,254.18,252.61,252.61,1,252.09,3,252.08,5,252.05,3,251.96,1,251.65,3,251.57,1,251.56,1,251.5,3,,,254.18,4,254.27,1,254.28,2,254.46,1,254.61,1,254.64,2,254.65,1,255.33,6,255.34,1,255.46,2
2025-04-10 09:34:28,253.395,253.1,1,252.61,1,254.18,4,254.18,252.61,252.61,1,252.09,3,252.08,5,252.05,3,251.96,1,251.65,3,251.57,1,251.56,1,251.5,3,,,254.18,4,254.27,1,254.28,2,254.46,1,254.61,1,254.64,2,254.65,1,255.33,6,255.34,1,255.46,2
2025-04-10 09:34:29,253.395,253.1,1,252.61,1,254.18,4,254.18,252.61,252.61,1,252.09,3,252.08,5,252.05,3,251.96,1,251.65,3,251.57,1,251.56,1,251.5,3,,,254.18,4,254.27,1,254.28,2,254.46,1,254.61,1,254.64,2,254.65,1,255.33,6,255.34,1,255.46,2
2025-04-10 09:34:30,253.395,253.1,1,252.61,1,254.18,4,254.18,252.61,252.61,1,252.09,3,252.08,5,252.05,3,251.96,1,251.65,3,251.57,1,251.56,1,251.5,3,,,254.18,4,254.27,1,254.28,2,254.46,1,254.61,1,254.64,2,254.65,1,255.33,6,255.34,1,255.46,2
2025-04-10 09:34:31,253.395,253.1,1,252.61,1,254.18,4,254.18,252.61,252.61,1,252.09,3,252.08,5,252.05,3,251.96,1,251.65,3,251.57,1,251.56,1,251.5,3,,,254.18,4,254.27,1,254.28,2,254.46,1,254.61,1,254.64,2,254.65,1,255.33,6,255.34,1,255.46,2
2025-04-10 09:34:32,253.395,253.1,1,252.61,1,254.18,4,254.18,252.61,252.61,1,252.09,3,252.08,5,252.05,3,251.96,1,251.65,3,251.57,1,251.56,1,251.5,3,,,254.18,4,254.27,1,254.28,2,254.46,1,254.61,1,254.64,2,254.65,1,255.33,6,255.34,1,255.46,2
2025-04-10 09:34:33,253.395,253.1,1,252.61,1,254.18,4,254.18,252.61,252.61,1,252.09,3,252.08,5,252.05,3,251.96,1,251.65,3,251.57,1,251.56,1,251.5,3,,,254.18,4,254.27,1,254.28,2,254.46,1,254.61,1,254.64,2,254.65,1,255.33,6,255.34,1,255.46,2
2025-04-10 09:34:34,252.585,252.13,1,251.5,2,253.67,3,253.67,251.5,251.5,2,,,,,,,,,,,,,,,,,,,253.67,3,253.86,1,254.18,4,254.27,1,254.28,2,254.46,1,254.61,1,254.64,2,254.65,1,255.33,6
2025-04-10 09:34:35,252.585,252.13,1,251.5,2,253.67,3,253.67,251.5,251.5,2,,,,,,,,,,,,,,,,,,,253.67,3,253.86,1,254.18,4,254.27,1,254.28,2,254.46,1,254.61,1,254.64,2,254.65,1,255.33,6
2025-04-10 09:34:36,252.585,252.13,1,251.5,2,253.67,3,253.67,251.5,251.5,2,,,,,,,,,,,,,,,,,,,253.67,3,253.86,1,254.18,4,254.27,1,254.28,2,254.46,1,254.61,1,254.64,2,254.65,1,255.33,6
2025-04-10 09:34:37,252.585,252.13,1,251.5,2,253.67,3,253.67,251.5,251.5,2,,,,,,,,,,,,,,,,,,,253.67,3,253.86,1,254.18,4,254.27,1,254.28,2,254.46,1,254.61,1,254.64,2,254.65,1,255.33,6
2025-04-10 09:34:38,252.585,252.13,1,251.5,2,253.67,3,253.67,251.5,251.5,2,,,,,,,,,,,,,,,,,,,253.67,3,253.86,1,254.18,4,254.27,1,254.28,2,254.46,1,254.61,1,254.64,2,254.65,1,255.33,6
2025-04-10 09:34:39,252.585,252.59,2,251.5,2,253.67,3,253.67,251.5,251.5,2,,,,,,,,,,,,,,,,,,,253.67,3,253.86,1,254.18,4,254.27,1,254.28,2,254.46,1,254.61,1,254.64,2,254.65,1,255.33,6
2025-04-10 09:34:40,252.585,252.59,2,251.5,2,253.67,3,253.67,251.5,251.5,2,,,,,,,,,,,,,,,,,,,253.67,3,253.86,1,254.18,4,254.27,1,254.28,2,254.46,1,254.61,1,254.64,2,254.65,1,255.33,6
2025-04-10 09:34:41,252.32,252.06,1,251.5,3,253.14,2,253.14,251.5,251.5,3,,,,,,,,,,,,,,,,,,,253.14,2,253.67,3,253.86,1,254.18,4,254.27,1,254.28,2,254.46,1,254.61,1,254.64,2,254.65,1
2025-04-10 09:34:42,252.32,252.32,1,251.5,3,253.14,2,253.14,251.5,251.5,3,,,,,,,,,,,,,,,,,,,253.14,2,253.67,3,253.86,1,254.18,4,254.27,1,254.28,2,254.46,1,254.61,1,254.64,2,254.65,1
2025-04-10 09:34:43,252.32,252.32,1,251.5,3,253.14,2,253.14,251.5,251.5,3,,,,,,,,,,,,,,,,,,,253.14,2,253.67,3,253.86,1,254.18,4,254.27,1,254.28,2,254.46,1,254.61,1,254.64,2,254.65,1
2025-04-10 09:34:44,252.32,252.32,1,251.5,3,253.14,2,253.14,251.5,251.5,3,,,,,,,,,,,,,,,,,,,253.14,2,253.67,3,253.86,1,254.18,4,254.27,1,254.28,2,254.46,1,254.61,1,254.64,2,254.65,1
2025-04-10 09:34:45,252.32,252.32,1,251.5,3,253.14,2,253.14,251.5,251.5,3,,,,,,,,,,,,,,,,,,,253.14,2,253.67,3,253.86,1,254.18,4,254.27,1,254.28,2,254.46,1,254.61,1,254.64,2,254.65,1
2025-04-10 09:34:46,252.32,252.32,1,251.5,3,253.14,2,253.14,251.5,251.5,3,,,,,,,,,,,,,,,,,,,253.14,2,253.67,3,253.86,1,254.18,4,254.27,1,254.28,2,254.46,1,254.61,1,254.64,2,254.65,1
2025-04-10 09:34:47,252.32,252.32,1,251.5,3,253.14,3,253.14,251.5,251.5,3,,,,,,,,,,,,,,,,,,,253.14,3,253.67,3,253.86,1,254.18,4,254.27,1,254.28,2,254.46,1,254.61,1,254.64,2,254.65,1
2025-04-10 09:34:48,252.32,252.32,1,251.5,3,253.14,3,253.14,251.5,251.5,3,,,,,,,,,,,,,,,,,,,253.14,3,253.67,3,253.86,1,254.18,4,254.27,1,254.28,2,254.46,1,254.61,1,254.64,2,254.65,1
2025-04-10 09:34:49,252.32,252.32,1,251.5,3,253.14,3,253.14,251.5,251.5,3,,,,,,,,,,,,,,,,,,,253.14,3,253.67,3,253.86,1,254.18,4,254.27,1,254.28,2,254.46,1,254.61,1,254.64,2,254.65,1
2025-04-10 09:34:50,252.095,252.1,1,251.5,3,252.69,1,252.69,251.5,251.5,3,,,,,,,,,,,,,,,,,,,252.69,1,253.14,2,253.67,3,253.86,1,254.18,4,254.27,1,254.28,2,254.46,1,254.61,1,254.64,2
2025-04-10 09:34:51,252.175,252.1,1,251.66,2,252.69,1,252.69,251.66,251.66,2,251.5,3,,,,,,,,,,,,,,,,,252.69,1,253.14,2,253.67,3,253.86,1,254.18,4,254.27,1,254.28,2,254.46,1,254.61,1,254.64,2
2025-04-10 09:34:52,252.175,252.18,1,251.66,2,252.69,1,252.69,251.66,251.66,2,251.5,3,,,,,,,,,,,,,,,,,252.69,1,253.14,2,253.67,3,253.86,1,254.18,4,254.27,1,254.28,2,254.46,1,254.61,1,254.64,2
2025-04-10 09:34:53,252.18,252.18,1,251.67,1,252.69,1,252.69,251.67,251.67,1,251.66,2,251.5,3,,,,,,,,,,,,,,,252.69,1,253.14,2,253.67,3,253.86,1,254.18,4,254.27,1,254.28,2,254.46,1,254.61,1,254.64,2
2025-04-10 09:34:54,252.225,252.18,1,251.76,5,252.69,1,252.69,251.76,251.76,5,251.67,1,251.66,2,251.5,3,,,,,,,,,,,,,252.69,1,253.14,2,253.67,3,253.86,1,254.18,4,254.27,1,254.28,2,254.46,1,254.61,1,254.64,2
2025-04-10 09:34:55,252.225,252.18,1,251.76,5,252.69,1,252.69,251.76,251.76,5,251.67,1,251.66,2,251.5,3,,,,,,,,,,,,,252.69,1,253.14,2,253.67,3,253.86,1,254.18,4,254.27,1,254.28,2,254.46,1,254.61,1,254.64,2
2025-04-10 09:34:56,252.225,252.01,1,251.76,5,252.69,1,252.69,251.76,251.76,5,251.67,1,251.66,2,251.5,3,,,,,,,,,,,,,252.69,1,253.14,2,253.67,3,253.86,1,254.18,4,254.27,1,254.28,2,254.46,1,254.61,1,254.64,2
2025-04-10 09:34:57,252.22,252.01,1,251.76,5,252.68,2,252.68,251.76,251.76,5,251.67,1,251.66,2,251.5,3,,,,,,,,,,,,,252.68,2,252.69,1,253.14,2,253.67,3,253.86,1,254.18,4,254.27,1,254.28,2,254.46,1,254.61,1
2025-04-10 09:34:58,252.22,252.01,1,251.76,3,252.68,3,252.68,251.76,251.76,3,251.67,1,251.66,2,251.5,3,,,,,,,,,,,,,252.68,3,252.69,1,253.14,2,253.67,3,253.86,1,254.18,4,254.27,1,254.28,2,254.46,1,254.61,1
2025-04-10 09:34:59,252.22,252.22,2,251.76,3,252.68,2,252.68,251.76,251.76,3,251.67,1,251.66,2,251.5,3,,,,,,,,,,,,,252.68,2,252.69,1,253.14,2,253.67,3,253.86,1,254.18,4,254.27,1,254.28,2,254.46,1,254.61,1
2025-04-10 09:35:00,252.22,251.76,2,251.76,3,252.68,2,252.68,251.76,251.76,3,251.67,1,251.66,2,251.5,3,,,,,,,,,,,,,252.68,2,252.69,1,253.14,2,253.67,3,253.86,1,254.18,4,254.27,1,254.28,2,254.46,1,254.61,1
2025-04-10 09:35:01,252.22,251.76,2,251.76,3,252.68,2,252.68,251.76,251.76,3,251.67,1,251.66,2,251.5,3,,,,,,,,,,,,,252.68,2,252.69,1,253.14,2,253.67,3,253.86,1,254.18,4,254.27,1,254.28,2,254.46,1,254.61,1
2025-04-10 09:35:02,252.365,252.37,1,252.05,1,252.68,2,252.68,252.05,252.05,1,251.77,1,251.76,6,251.67,1,251.66,2,251.5,3,,,,,,,,,252.68,2,252.69,1,253.14,2,253.67,3,253.86,1,254.18,4,254.27,1,254.28,2,254.46,1,254.61,1
2025-04-10 09:35:03,252.725,252.73,1,252.11,2,253.34,2,253.34,252.11,252.11,2,252.1,5,252.05,1,251.77,1,251.76,6,251.67,1,251.66,2,251.5,3,,,,,253.34,2,253.69,2,253.86,1,254.18,4,254.27,1,254.28,2,254.46,1,254.61,1,254.64,2,254.65,1
2025-04-10 09:35:04,252.72,252.73,1,252.1,3,253.34,2,253.34,252.1,252.1,3,252.05,1,251.77,1,251.76,6,251.67,1,251.66,2,251.5,3,,,,,,,253.34,2,253.69,2,253.86,1,254.18,4,254.27,1,254.28,2,254.46,1,254.61,1,254.64,2,254.65,1
2025-04-10 09:35:05,252.82,252.82,1,252.3,4,253.34,2,253.34,252.3,252.3,4,252.1,3,252.05,1,251.77,1,251.76,6,251.67,1,251.66,2,251.5,3,,,,,253.34,2,253.69,2,253.86,1,254.18,4,254.27,1,254.28,2,254.46,1,254.61,1,254.64,2,254.65,1
2025-04-10 09:35:06,252.82,252.82,1,252.3,4,253.34,2,253.34,252.3,252.3,4,252.1,3,252.05,1,251.77,1,251.76,6,251.67,1,251.66,2,251.5,3,,,,,253.34,2,253.69,2,253.86,1,254.18,4,254.27,1,254.28,2,254.46,1,254.61,1,254.64,2,254.65,1
2025-04-10 09:35:07,252.995,252.82,1,252.3,4,253.69,2,253.69,252.3,252.3,4,252.1,3,252.05,1,251.77,1,251.76,6,251.67,1,251.66,2,251.5,3,,,,,253.69,2,253.86,1,254.18,4,254.27,1,254.28,2,254.46,1,254.61,1,254.64,2,254.65,1,255.33,6
2025-04-10 09:35:08,252.82,252.82,1,252.3,5,253.34,2,253.34,252.3,252.3,5,252.1,3,252.05,1,251.77,1,251.76,6,251.67,1,251.66,2,251.5,3,,,,,253.34,2,253.69,2,253.86,1,254.18,4,254.27,1,254.28,2,254.46,1,254.61,1,254.64,2,254.65,1
2025-04-10 09:35:09,252.82,252.82,1,252.3,5,253.34,2,253.34,252.3,252.3,5,252.1,3,252.05,1,251.77,1,251.76,6,251.67,1,251.66,2,251.5,3,,,,,253.34,2,253.69,2,253.86,1,254.18,4,254.27,1,254.28,2,254.46,1,254.61,1,254.64,2,254.65,1
2025-04-10 09:35:10,253.075,252.82,1,252.46,1,253.69,2,253.69,252.46,252.46,1,252.45,4,252.3,6,252.1,3,252.05,1,251.77,1,251.76,6,251.67,1,251.66,2,251.5,3,253.69,2,253.86,1,254.18,4,254.27,1,254.28,2,254.46,1,254.61,1,254.64,2,254.65,1,255.33,6
2025-04-10 09:35:11,253.03,252.82,1,252.46,2,253.6,2,253.6,252.46,252.46,2,252.45,4,252.3,6,252.1,3,252.05,1,251.77,1,251.76,6,251.67,1,251.66,2,251.5,3,253.6,2,253.69,2,253.86,1,254.18,4,254.27,1,254.28,2,254.46,1,254.61,1,254.64,2,254.65,1
2025-04-10 09:35:12,253.03,252.82,1,252.46,2,253.6,2,253.6,252.46,252.46,2,252.45,4,252.3,6,252.1,3,252.05,1,251.77,1,251.76,6,251.67,1,251.66,2,251.5,3,253.6,2,253.69,2,253.86,1,254.18,4,254.27,1,254.28,2,254.46,1,254.61,1,254.64,2,254.65,1
2025-04-10 09:35:13,253.03,252.82,1,252.46,2,253.6,2,253.6,252.46,252.46,2,252.45,4,252.3,6,252.1,3,252.05,1,251.77,1,251.76,6,251.67,1,251.66,2,251.5,3,253.6,2,253.69,2,253.86,1,254.18,4,254.27,1,254.28,2,254.46,1,254.61,1,254.64,2,254.65,1
2025-04-10 09:35:14,253.03,252.82,1,252.46,2,253.6,2,253.6,252.46,252.46,2,252.45,4,252.3,6,252.1,3,252.05,1,251.77,1,251.76,6,251.67,1,251.66,2,251.5,3,253.6,2,253.69,2,253.86,1,254.18,4,254.27,1,254.28,2,254.46,1,254.61,1,254.64,2,254.65,1
2025-04-10 09:35:15,253.03,252.82,1,252.46,2,253.6,2,253.6,252.46,252.46,2,252.45,4,252.3,6,252.1,3,252.05,1,251.77,1,251.76,6,251.67,1,251.66,2,251.5,3,253.6,2,253.69,2,253.86,1,254.18,4,254.27,1,254.28,2,254.46,1,254.61,1,254.64,2,254.65,1
2025-04-10 09:35:16,253.075,252.79,1,252.46,1,253.69,2,253.69,252.46,252.46,1,252.45,4,252.3,6,252.1,3,252.05,1,251.77,1,251.76,6,251.67,1,251.66,2,251.5,3,253.69,2,253.86,1,254.18,4,254.27,1,254.28,2,254.46,1,254.61,1,254.64,2,254.65,1,255.33,6
2025-04-10 09:35:17,253.075,252.79,1,252.46,1,253.69,2,253.69,252.46,252.46,1,252.45,4,252.3,6,252.1,3,252.05,1,251.77,1,251.76,6,251.67,1,251.66,2,251.5,3,253.69,2,253.86,1,254.18,4,254.27,1,254.28,2,254.46,1,254.61,1,254.64,2,254.65,1,255.33,6
2025-04-10 09:35:18,253.07,252.61,1,252.45,2,253.69,2,253.69,252.45,252.45,2,252.3,6,252.1,3,252.05,1,251.77,1,251.76,6,251.67,1,251.66,2,251.5,3,,,253.69,2,253.86,1,254.18,4,254.27,1,254.28,2,254.46,1,254.61,1,254.64,2,254.65,1,255.33,6
2025-04-10 09:35:19,253.07,253.07,1,252.45,2,253.69,2,253.69,252.45,252.45,2,252.3,6,252.1,3,252.05,1,251.77,1,251.76,6,251.67,1,251.66,2,251.5,3,,,253.69,2,253.86,1,254.18,4,254.27,1,254.28,2,254.46,1,254.61,1,254.64,2,254.65,1,255.33,6
2025-04-10 09:35:20,253.07,253.07,1,252.45,2,253.69,2,253.69,252.45,252.45,2,252.3,6,252.1,3,252.05,1,251.77,1,251.76,6,251.67,1,251.66,2,251.5,3,,,253.69,2,253.86,1,254.18,4,254.27,1,254.28,2,254.46,1,254.61,1,254.64,2,254.65,1,255.33,6
2025-04-10 09:35:21,253.07,253.07,1,252.45,2,253.69,2,253.69,252.45,252.45,2,252.3,6,252.1,3,252.05,1,251.77,1,251.76,6,251.67,1,251.66,2,251.5,3,,,253.69,2,253.86,1,254.18,4,254.27,1,254.28,2,254.46,1,254.61,1,254.64,2,254.65,1,255.33,6
2025-04-10 09:35:22,253.07,253.07,1,252.45,2,253.69,2,253.69,252.45,252.45,2,252.3,6,252.1,3,252.05,1,251.77,1,251.76,6,251.67,1,251.66,2,251.5,3,,,253.69,2,253.86,1,254.18,4,254.27,1,254.28,2,254.46,1,254.61,1,254.64,2,254.65,1,255.33,6
2025-04-10 09:35:23,253.07,253.07,1,252.45,2,253.69,2,253.69,252.45,252.45,2,252.3,6,252.1,3,252.05,1,251.77,1,251.76,6,251.67,1,251.66,2,251.5,3,,,253.69,2,253.86,1,254.18,4,254.27,1,254.28,2,254.46,1,254.61,1,254.64,2,254.65,1,255.33,6
2025-04-10 09:35:24,253.07,253.07,1,252.45,2,253.69,2,253.69,252.45,252.45,2,252.3,6,252.1,3,252.05,1,251.77,1,251.76,6,251.67,1,251.66,2,251.5,3,,,253.69,2,253.86,1,254.18,4,254.27,1,254.28,2,254.46,1,254.61,1,254.64,2,254.65,1,255.33,6
2025-04-10 09:35:25,253.07,253.07,1,252.45,2,253.69,2,253.69,252.45,252.45,2,252.3,6,252.1,3,252.05,1,251.77,1,251.76,6,251.67,1,251.66,2,251.5,3,,,253.69,2,253.86,1,254.18,4,254.27,1,254.28,2,254.46,1,254.61,1,254.64,2,254.65,1,255.33,6
2025-04-10 09:35:26,253.07,253.07,1,252.45,2,253.69,2,253.69,252.45,252.45,2,252.3,6,252.1,3,252.05,1,251.77,1,251.76,6,251.67,1,251.66,2,251.5,3,,,253.69,2,253.86,1,254.18,4,254.27,1,254.28,2,254.46,1,254.61,1,254.64,2,254.65,1,255.33,6
2025-04-10 09:35:27,252.815,252.48,2,252.3,2,253.33,3,253.33,252.3,252.3,2,252.1,3,252.05,1,251.77,1,251.76,6,251.67,1,251.66,2,251.5,3,,,,,253.33,3,253.34,2,253.69,2,253.86,1,254.18,4,254.27,1,254.28,2,254.46,1,254.61,1,254.64,2
2025-04-10 09:35:28,252.815,252.48,2,252.3,2,253.33,4,253.33,252.3,252.3,2,252.1,3,252.05,1,251.77,1,251.76,6,251.67,1,251.66,2,251.5,3,,,,,253.33,4,253.34,2,253.69,2,253.86,1,254.18,4,254.27,1,254.28,2,254.46,1,254.61,1,254.64,2
2025-04-10 09:35:29,252.815,252.48,2,252.3,2,253.33,4,253.33,252.3,252.3,2,252.1,3,252.05,1,251.77,1,251.76,6,251.67,1,251.66,2,251.5,3,,,,,253.33,4,253.34,2,253.69,2,253.86,1,254.18,4,254.27,1,254.28,2,254.46,1,254.61,1,254.64,2
2025-04-10 09:35:30,252.815,252.78,1,252.3,2,253.33,6,253.33,252.3,252.3,2,252.1,3,252.05,1,251.77,1,251.76,6,251.67,1,251.66,2,251.5,3,,,,,253.33,6,253.34,2,253.69,2,253.86,1,254.18,4,254.27,1,254.28,2,254.46,1,254.61,1,254.64,2
2025-04-10 09:35:31,252.815,252.78,1,252.3,2,253.33,6,253.33,252.3,252.3,2,252.1,3,252.05,1,251.77,1,251.76,6,251.67,1,251.66,2,251.5,3,,,,,253.33,6,253.34,2,253.69,2,253.86,1,254.18,4,254.27,1,254.28,2,254.46,1,254.61,1,254.64,2
2025-04-10 09:35:32,252.815,252.78,1,252.3,2,253.33,6,253.33,252.3,252.3,2,252.1,3,252.05,1,251.77,1,251.76,6,251.67,1,251.66,2,251.5,3,,,,,253.33,6,253.34,2,253.69,2,253.86,1,254.18,4,254.27,1,254.28,2,254.46,1,254.61,1,254.64,2
2025-04-10 09:35:33,252.815,252.78,1,252.3,2,253.33,6,253.33,252.3,252.3,2,252.1,3,252.05,1,251.77,1,251.76,6,251.67,1,251.66,2,251.5,3,,,,,253.33,6,253.34,2,253.69,2,253.86,1,254.18,4,254.27,1,254.28,2,254.46,1,254.61,1,254.64,2
2025-04-10 09:35:34,252.95,253.06,5,252.57,4,253.33,7,253.33,252.57,252.57,4,252.3,2,252.1,3,252.05,1,251.77,1,251.76,6,251.67,1,251.66,2,251.5,3,,,253.33,7,253.34,2,253.69,2,253.86,1,254.18,4,254.27,1,254.28,2,254.46,1,254.61,1,254.64,2
2025-04-10 09:35:35,252.95,253.06,5,252.57,4,253.33,7,253.33,252.57,252.57,4,252.3,2,252.1,3,252.05,1,251.77,1,251.76,6,251.67,1,251.66,2,251.5,3,,,253.33,7,253.34,2,253.69,2,253.86,1,254.18,4,254.27,1,254.28,2,254.46,1,254.61,1,254.64,2
2025-04-10 09:35:36,252.95,253.06,5,252.57,4,253.33,7,253.33,252.57,252.57,4,252.3,2,252.1,3,252.05,1,251.77,1,251.76,6,251.67,1,251.66,2,251.5,3,,,253.33,7,253.34,2,253.69,2,253.86,1,254.18,4,254.27,1,254.28,2,254.46,1,254.61,1,254.64,2
2025-04-10 09:35:37,252.955,252.96,1,252.58,2,253.33,7,253.33,252.58,252.58,2,252.57,3,252.3,2,252.1,3,252.05,1,251.77,1,251.76,6,251.67,1,251.66,2,251.5,3,253.33,7,253.34,2,253.69,2,253.86,1,254.18,4,254.27,1,254.28,2,254.46,1,254.61,1,254.64,2
2025-04-10 09:35:38,253.03,252.96,1,252.73,3,253.33,7,253.33,252.73,252.73,3,252.58,2,252.57,3,252.3,2,252.1,3,252.05,1,251.77,1,251.76,6,251.67,1,251.66,2,253.33,7,253.34,2,253.69,2,253.86,1,254.18,4,254.27,1,254.28,2,254.46,1,254.61,1,254.64,2
2025-04-10 09:35:39,253.03,252.96,1,252.73,3,253.33,7,253.33,252.73,252.73,3,252.58,2,252.57,3,252.3,2,252.1,3,252.05,1,251.77,1,251.76,6,251.67,1,251.66,2,253.33,7,253.34,2,253.69,2,253.86,1,254.18,4,254.27,1,254.28,2,254.46,1,254.61,1,254.64,2
2025-04-10 09:35:40,253.03,252.96,1,252.73,3,253.33,7,253.33,252.73,252.73,3,252.58,2,252.57,3,252.3,2,252.1,3,252.05,1,251.77,1,251.76,6,251.67,1,251.66,2,253.33,7,253.34,2,253.69,2,253.86,1,254.18,4,254.27,1,254.28,2,254.46,1,254.61,1,254.64,2
2025-04-10 09:35:41,252.8,252.8,1,252.3,1,253.3,4,253.3,252.3,252.3,1,252.1,3,252.05,1,251.77,1,251.76,6,251.67,1,251.66,2,251.5,3,,,,,253.3,4,253.33,7,253.34,2,253.69,2,253.86,1,254.18,4,254.27,1,254.28,2,254.46,1,254.61,1
2025-04-10 09:35:42,252.8,252.8,1,252.3,1,253.3,4,253.3,252.3,252.3,1,252.1,3,252.05,1,251.77,1,251.76,6,251.67,1,251.66,2,251.5,3,,,,,253.3,4,253.33,7,253.34,2,253.69,2,253.86,1,254.18,4,254.27,1,254.28,2,254.46,1,254.61,1
2025-04-10 09:35:43,252.8,252.8,1,252.3,1,253.3,4,253.3,252.3,252.3,1,252.1,3,252.05,1,251.77,1,251.76,6,251.67,1,251.66,2,251.5,3,,,,,253.3,4,253.33,7,253.34,2,253.69,2,253.86,1,254.18,4,254.27,1,254.28,2,254.46,1,254.61,1
2025-04-10 09:35:44,252.8,252.8,1,252.3,1,253.3,5,253.3,252.3,252.3,1,252.1,3,252.05,1,251.77,1,251.76,6,251.67,1,251.66,2,251.5,3,,,,,253.3,5,253.33,7,253.34,2,253.69,2,253.86,1,254.18,4,254.27,1,254.28,2,254.46,1,254.61,1
2025-04-10 09:35:45,252.8,252.8,1,252.3,1,253.3,5,253.3,252.3,252.3,1,252.1,3,252.05,1,251.77,1,251.76,6,251.67,1,251.66,2,251.5,3,,,,,253.3,5,253.33,7,253.34,2,253.69,2,253.86,1,254.18,4,254.27,1,254.28,2,254.46,1,254.61,1
2025-04-10 09:35:46,252.795,252.8,1,252.3,1,253.29,2,253.29,252.3,252.3,1,252.1,3,252.05,1,251.77,1,251.76,6,251.67,1,251.66,2,251.5,3,,,,,253.29,2,253.3,5,253.33,7,253.34,2,253.69,2,253.86,1,254.18,4,254.27,1,254.28,2,254.46,1
2025-04-10 09:35:47,252.67,252.67,1,252.3,1,253.04,2,253.04,252.3,252.3,1,252.1,3,252.05,1,251.77,1,251.76,6,251.67,1,251.66,2,251.5,3,,,,,253.04,2,253.29,1,253.3,5,253.33,7,253.34,2,253.69,2,253.86,1,254.18,4,254.27,1,254.28,2
2025-04-10 09:35:48,252.67,252.45,1,252.3,1,253.04,2,253.04,252.3,252.3,1,252.1,3,252.05,1,251.77,1,251.76,6,251.67,1,251.66,2,251.5,3,,,,,253.04,2,253.29,1,253.3,5,253.33,7,253.34,2,253.69,2,253.86,1,254.18,4,254.27,1,254.28,2
2025-04-10 09:35:49,252.67,252.45,1,252.3,1,253.04,2,253.04,252.3,252.3,1,252.1,3,252.05,1,251.77,1,251.76,6,251.67,1,251.66,2,251.5,3,,,,,253.04,2,253.29,1,253.3,5,253.33,7,253.34,2,253.69,2,253.86,1,254.18,4,254.27,1,254.28,2
2025-04-10 09:35:50,252.67,252.45,1,252.3,1,253.04,2,253.04,252.3,252.3,1,252.1,3,252.05,1,251.77,1,251.76,6,251.67,1,251.66,2,251.5,3,,,,,253.04,2,253.29,1,253.3,5,253.33,7,253.34,2,253.69,2,253.86,1,254.18,4,254.27,1,254.28,2
2025-04-10 09:35:51,252.67,252.45,1,252.3,1,253.04,1,253.04,252.3,252.3,1,252.1,3,252.05,1,251.77,1,251.76,6,251.67,1,251.66,2,251.5,3,,,,,253.04,1,253.29,1,253.3,5,253.33,7,253.34,2,253.69,2,253.86,1,254.18,4,254.27,1,254.28,2
2025-04-10 09:35:52,252.665,252.45,1,252.3,1,253.03,1,253.03,252.3,252.3,1,252.1,3,252.05,1,251.77,1,251.76,6,251.67,1,251.66,2,251.5,3,,,,,253.03,1,253.29,1,253.3,5,253.33,7,253.34,2,253.69,2,253.86,1,254.18,4,254.27,1,254.28,2
2025-04-10 09:35:53,252.66,252.45,1,252.3,1,253.02,1,253.02,252.3,252.3,1,252.1,3,252.05,1,251.77,1,251.76,6,251.67,1,251.66,2,251.5,3,,,,,253.02,1,253.03,4,253.29,1,253.3,5,253.33,7,253.34,2,253.69,2,253.86,1,254.18,4,254.27,1
2025-04-10 09:35:54,252.66,252.45,1,252.3,1,253.02,1,253.02,252.3,252.3,1,252.1,3,252.05,1,251.77,1,251.76,6,251.67,1,251.66,2,251.5,3,,,,,253.02,1,253.03,4,253.29,1,253.3,5,253.33,7,253.34,2,253.69,2,253.86,1,254.18,4,254.27,1
2025-04-10 09:35:55,252.66,252.45,1,252.3,2,253.02,1,253.02,252.3,252.3,2,252.1,3,252.05,1,251.77,1,251.76,6,251.67,1,251.66,2,251.5,3,,,,,253.02,1,253.03,4,253.29,1,253.3,5,253.33,7,253.34,2,253.69,2,253.86,1,254.18,4,254.27,1
2025-04-10 09:35:56,252.66,252.45,1,252.3,2,253.02,1,253.02,252.3,252.3,2,252.1,3,252.05,1,251.77,1,251.76,6,251.67,1,251.66,2,251.5,3,,,,,253.02,1,253.03,4,253.29,1,253.3,5,253.33,7,253.34,2,253.69,2,253.86,1,254.18,4,254.27,1
2025-04-10 09:35:57,252.66,252.45,1,252.3,2,253.02,1,253.02,252.3,252.3,2,252.1,3,252.05,1,251.77,1,251.76,6,251.67,1,251.66,2,251.5,3,,,,,253.02,1,253.03,4,253.29,1,253.3,5,253.33,7,253.34,2,253.69,2,253.86,1,254.18,4,254.27,1
2025-04-10 09:35:58,252.66,252.45,1,252.3,2,253.02,1,253.02,252.3,252.3,2,252.1,3,252.05,1,251.77,1,251.76,6,251.67,1,251.66,2,251.5,3,,,,,253.02,1,253.03,4,253.29,1,253.3,5,253.33,7,253.34,2,253.69,2,253.86,1,254.18,4,254.27,1
2025-04-10 09:35:59,252.66,252.66,1,252.3,2,253.02,1,253.02,252.3,252.3,2,252.1,3,252.05,1,251.77,1,251.76,6,251.67,1,251.66,2,251.5,3,,,,,253.02,1,253.03,4,253.29,1,253.3,5,253.33,7,253.34,2,253.69,2,253.86,1,254.18,4,254.27,1
2025-04-10 09:36:00,252.66,252.49,1,252.3,2,253.02,1,253.02,252.3,252.3,2,252.1,3,252.05,1,251.77,1,251.76,6,251.67,1,251.66,2,251.5,3,,,,,253.02,1,253.03,4,253.29,1,253.3,5,253.33,7,253.34,2,253.69,2,253.86,1,254.18,4,254.27,1
2025-04-10 09:36:01,252.66,252.49,1,252.3,2,253.02,1,253.02,252.3,252.3,2,252.1,3,252.05,1,251.77,1,251.76,6,251.67,1,251.66,2,251.5,3,,,,,253.02,1,253.03,4,253.29,1,253.3,5,253.33,7,253.34,2,253.69,2,253.86,1,254.18,4,254.27,1
2025-04-10 09:36:02,252.66,252.49,1,252.3,2,253.02,1,253.02,252.3,252.3,2,252.1,3,252.05,1,251.77,1,251.76,6,251.67,1,251.66,2,251.5,3,,,,,253.02,1,253.03,4,253.29,1,253.3,5,253.33,7,253.34,2,253.69,2,253.86,1,254.18,4,254.27,1
2025-04-10 09:36:03,252.66,252.49,1,252.3,2,253.02,1,253.02,252.3,252.3,2,252.1,3,252.05,1,251.77,1,251.76,6,251.67,1,251.66,2,251.5,3,,,,,253.02,1,253.03,4,253.29,1,253.3,5,253.33,7,253.34,2,253.69,2,253.86,1,254.18,4,254.27,1
2025-04-10 09:36:04,252.415,252.46,2,252.17,1,252.66,1,252.66,252.17,252.17,1,251.7,2,251.67,1,251.66,2,251.5,3,,,,,,,,,,,252.66,1,253.01,3,253.02,1,253.03,4,253.29,1,253.3,5,253.33,7,253.34,2,253.69,2,253.86,1
2025-04-10 09:36:05,252.675,252.65,1,252.34,2,253.01,3,253.01,252.34,252.34,2,252.19,1,252.18,2,252.17,2,251.7,2,251.67,1,251.66,2,251.5,3,,,,,253.01,3,253.02,1,253.03,4,253.29,1,253.3,5,253.33,7,253.34,2,253.69,2,253.86,1,254.18,4
2025-04-10 09:36:06,252.67,252.67,1,252.34,2,253.0,1,253.0,252.34,252.34,2,252.19,1,252.18,2,252.17,2,251.7,2,251.67,1,251.66,2,251.5,3,,,,,253.0,1,253.01,3,253.02,1,253.03,4,253.29,1,253.3,5,253.33,7,253.34,2,253.69,2,253.86,1
2025-04-10 09:36:07,252.67,252.67,1,252.34,2,253.0,1,253.0,252.34,252.34,2,252.19,1,252.18,2,252.17,2,251.7,2,251.67,1,251.66,2,251.5,3,,,,,253.0,1,253.01,3,253.02,1,253.03,4,253.29,1,253.3,5,253.33,7,253.34,2,253.69,2,253.86,1
2025-04-10 09:36:08,252.67,252.67,1,252.34,2,253.0,1,253.0,252.34,252.34,2,252.19,1,252.18,2,252.17,2,251.7,2,251.67,1,251.66,2,251.5,3,,,,,253.0,1,253.01,3,253.02,1,253.03,4,253.29,1,253.3,5,253.33,7,253.34,2,253.69,2,253.86,1
2025-04-10 09:36:09,252.67,252.67,1,252.34,2,253.0,1,253.0,252.34,252.34,2,252.19,1,252.18,2,252.17,2,251.7,2,251.67,1,251.66,2,251.5,3,,,,,253.0,1,253.01,3,253.02,1,253.03,4,253.29,1,253.3,5,253.33,7,253.34,2,253.69,2,253.86,1
2025-04-10 09:36:10,252.67,252.68,3,252.34,2,253.0,1,253.0,252.34,252.34,2,252.19,1,252.18,2,252.17,2,251.7,2,251.67,1,251.66,2,251.5,3,,,,,253.0,1,253.01,3,253.02,1,253.03,4,253.29,1,253.3,5,253.33,7,253.34,2,253.69,2,253.86,1
2025-04-10 09:36:11,252.33,252.39,1,251.67,1,252.99,1,252.99,251.67,251.67,1,251.66,2,251.5,3,,,,,,,,,,,,,,,252.99,1,253.0,7,253.01,3,253.02,1,253.03,4,253.29,1,253.3,5,253.33,7,253.34,2,253.69,2
2025-04-10 09:36:12,252.165,251.82,1,251.67,1,252.66,3,252.66,251.67,251.67,1,251.66,2,251.5,3,,,,,,,,,,,,,,,252.66,3,252.86,4,252.99,5,253.0,7,253.01,3,253.02,1,253.03,4,253.29,1,253.3,5,253.33,7
2025-04-10 09:36:13,252.165,251.82,1,251.67,1,252.66,4,252.66,251.67,251.67,1,251.66,2,251.5,3,,,,,,,,,,,,,,,252.66,4,252.86,4,252.99,5,253.0,7,253.01,3,253.02,1,253.03,4,253.29,1,253.3,5,253.33,7
2025-04-10 09:36:14,252.165,252.17,4,251.67,1,252.66,4,252.66,251.67,251.67,1,251.66,2,251.5,3,,,,,,,,,,,,,,,252.66,4,252.86,4,252.99,5,253.0,7,253.01,3,253.02,1,253.03,4,253.29,1,253.3,5,253.33,7
2025-04-10 09:36:15,252.005,252.01,2,251.67,1,252.34,4,252.34,251.67,251.67,1,251.66,2,251.5,3,,,,,,,,,,,,,,,252.34,4,252.66,2,252.86,4,252.99,5,253.0,7,253.01,3,253.02,1,253.03,4,253.29,1,253.3,5
2025-04-10 09:36:16,252.005,252.01,1,251.67,1,252.34,4,252.34,251.67,251.67,1,251.66,2,251.5,3,,,,,,,,,,,,,,,252.34,4,252.66,2,252.86,4,252.99,5,253.0,7,253.01,3,253.02,1,253.03,4,253.29,1,253.3,5
2025-04-10 09:36:17,252.005,252.01,1,251.67,1,252.34,4,252.34,251.67,251.67,1,251.66,2,251.5,3,,,,,,,,,,,,,,,252.34,4,252.66,2,252.86,4,252.99,5,253.0,7,253.01,3,253.02,1,253.03,4,253.29,1,253.3,5
2025-04-10 09:36:18,252.005,251.68,1,251.67,1,252.34,4,252.34,251.67,251.67,1,251.66,2,251.5,3,,,,,,,,,,,,,,,252.34,4,252.66,2,252.86,4,252.99,5,253.0,7,253.01,3,253.02,1,253.03,4,253.29,1,253.3,5
2025-04-10 09:36:19,252.005,251.68,1,251.67,1,252.34,4,252.34,251.67,251.67,1,251.66,2,251.5,3,,,,,,,,,,,,,,,252.34,4,252.66,2,252.86,4,252.99,5,253.0,7,253.01,3,253.02,1,253.03,4,253.29,1,253.3,5
2025-04-10 09:36:20,252.005,252.01,3,251.67,1,252.34,4,252.34,251.67,251.67,1,251.66,2,251.5,3,,,,,,,,,,,,,,,252.34,4,252.66,2,252.86,4,252.99,5,253.0,7,253.01,3,253.02,1,253.03,4,253.29,1,253.3,5
2025-04-10 09:36:21,252.005,251.8,1,251.68,1,252.33,1,252.33,251.68,251.68,1,251.67,1,251.66,2,251.5,3,,,,,,,,,,,,,252.33,1,252.34,3,252.66,2,252.86,4,252.99,5,253.0,7,253.01,3,253.02,1,253.03,4,253.29,1
2025-04-10 09:36:22,252.355,252.07,2,251.85,1,252.86,1,252.86,251.85,251.85,1,251.75,2,251.67,1,251.66,2,251.5,3,,,,,,,,,,,252.86,1,253.45,2,253.69,2,253.86,1,254.18,4,254.27,1,254.28,2,254.46,1,254.61,1,254.64,2
2025-04-10 09:36:23,252.35,252.36,1,251.85,1,252.85,1,252.85,251.85,251.85,1,251.75,2,251.67,1,251.66,2,251.5,3,,,,,,,,,,,252.85,1,253.11,2,253.45,2,253.69,2,253.86,1,254.18,4,254.27,1,254.28,2,254.46,1,254.61,1
2025-04-10 09:36:24,252.295,252.36,1,251.75,2,252.84,1,252.84,251.75,251.75,2,251.67,1,251.66,2,251.5,3,,,,,,,,,,,,,252.84,1,253.45,2,253.69,2,253.86,1,254.18,4,254.27,1,254.28,2,254.46,1,254.61,1,254.64,2
2025-04-10 09:36:25,252.295,252.36,1,251.75,2,252.84,1,252.84,251.75,251.75,2,251.67,1,251.66,2,251.5,3,,,,,,,,,,,,,252.84,1,253.45,2,253.69,2,253.86,1,254.18,4,254.27,1,254.28,2,254.46,1,254.61,1,254.64,2
2025-04-10 09:36:26,252.29,252.36,1,251.75,2,252.83,1,252.83,251.75,251.75,2,251.67,1,251.66,2,251.5,3,,,,,,,,,,,,,252.83,1,253.09,2,253.45,2,253.69,2,253.86,1,254.18,4,254.27,1,254.28,2,254.46,1,254.61,1
2025-04-10 09:36:27,252.355,252.36,1,251.89,2,252.82,1,252.82,251.89,251.89,2,251.75,2,251.67,1,251.66,2,251.5,3,,,,,,,,,,,252.82,1,253.45,2,253.69,2,253.86,1,254.18,4,254.27,1,254.28,2,254.46,1,254.61,1,254.64,2
2025-04-10 09:36:28,252.355,252.36,1,251.89,2,252.82,1,252.82,251.89,251.89,2,251.75,2,251.67,1,251.66,2,251.5,3,,,,,,,,,,,252.82,1,253.45,2,253.69,2,253.86,1,254.18,4,254.27,1,254.28,2,254.46,1,254.61,1,254.64,2
2025-04-10 09:36:29,252.35,252.25,2,251.89,2,252.81,1,252.81,251.89,251.89,2,251.75,2,251.67,1,251.66,2,251.5,3,,,,,,,,,,,252.81,1,253.45,2,253.69,2,253.86,1,254.18,4,254.27,1,254.28,2,254.46,1,254.61,1,254.64,2
2025-04-10 09:36:30,252.35,252.25,2,251.89,2,252.81,1,252.81,251.89,251.89,2,251.75,2,251.67,1,251.66,2,251.5,3,,,,,,,,,,,252.81,1,253.45,2,253.69,2,253.86,1,254.18,4,254.27,1,254.28,2,254.46,1,254.61,1,254.64,2
2025-04-10 09:36:31,252.35,252.25,2,251.89,2,252.81,1,252.81,251.89,251.89,2,251.75,2,251.67,1,251.66,2,251.5,3,,,,,,,,,,,252.81,1,253.45,2,253.69,2,253.86,1,254.18,4,254.27,1,254.28,2,254.46,1,254.61,1,254.64,2
2025-04-10 09:36:32,252.28,252.25,2,251.75,2,252.81,1,252.81,251.75,251.75,2,251.67,1,251.66,2,251.5,3,,,,,,,,,,,,,252.81,1,253.45,2,253.69,2,253.86,1,254.18,4,254.27,1,254.28,2,254.46,1,254.61,1,254.64,2
2025-04-10 09:36:33,252.28,252.25,2,251.75,2,252.81,1,252.81,251.75,251.75,2,251.67,1,251.66,2,251.5,3,,,,,,,,,,,,,252.81,1,253.45,2,253.69,2,253.86,1,254.18,4,254.27,1,254.28,2,254.46,1,254.61,1,254.64,2
2025-04-10 09:36:34,252.28,252.25,2,251.75,2,252.81,1,252.81,251.75,251.75,2,251.67,1,251.66,2,251.5,3,,,,,,,,,,,,,252.81,1,253.45,2,253.69,2,253.86,1,254.18,4,254.27,1,254.28,2,254.46,1,254.61,1,254.64,2
2025-04-10 09:36:35,252.28,252.25,2,251.75,2,252.81,1,252.81,251.75,251.75,2,251.67,1,251.66,2,251.5,3,,,,,,,,,,,,,252.81,1,253.45,2,253.69,2,253.86,1,254.18,4,254.27,1,254.28,2,254.46,1,254.61,1,254.64,2
2025-04-10 09:36:36,251.95,251.67,1,251.5,3,252.4,1,252.4,251.5,251.5,3,,,,,,,,,,,,,,,,,,,252.4,1,252.41,1,252.68,2,252.81,2,253.45,2,253.69,2,253.86,1,254.18,4,254.27,1,254.28,2
2025-04-10 09:36:37,251.95,251.67,1,251.5,3,252.4,1,252.4,251.5,251.5,3,,,,,,,,,,,,,,,,,,,252.4,1,252.41,1,252.68,2,252.81,2,253.45,2,253.69,2,253.86,1,254.18,4,254.27,1,254.28,2
2025-04-10 09:36:38,251.95,251.67,1,251.5,3,252.4,1,252.4,251.5,251.5,3,,,,,,,,,,,,,,,,,,,252.4,1,252.41,1,252.68,2,252.81,2,253.45,2,253.69,2,253.86,1,254.18,4,254.27,1,254.28,2
2025-04-10 09:36:39,251.95,251.67,1,251.5,3,252.4,1,252.4,251.5,251.5,3,,,,,,,,,,,,,,,,,,,252.4,1,252.41,1,252.68,2,252.81,2,253.45,2,253.69,2,253.86,1,254.18,4,254.27,1,254.28,2
2025-04-10 09:36:40,251.95,251.84,1,251.5,3,252.4,1,252.4,251.5,251.5,3,,,,,,,,,,,,,,,,,,,252.4,1,252.41,1,252.68,2,252.81,2,253.45,2,253.69,2,253.86,1,254.18,4,254.27,1,254.28,2
2025-04-10 09:36:41,251.95,251.84,1,251.5,3,252.4,1,252.4,251.5,251.5,3,,,,,,,,,,,,,,,,,,,252.4,1,252.41,1,252.68,2,252.81,2,253.45,2,253.69,2,253.86,1,254.18,4,254.27,1,254.28,2
2025-04-10 09:36:42,251.95,251.84,1,251.5,3,252.4,1,252.4,251.5,251.5,3,,,,,,,,,,,,,,,,,,,252.4,1,252.41,1,252.68,2,252.81,2,253.45,2,253.69,2,253.86,1,254.18,4,254.27,1,254.28,2
2025-04-10 09:36:43,251.945,251.84,1,251.5,3,252.39,1,252.39,251.5,251.5,3,,,,,,,,,,,,,,,,,,,252.39,1,252.4,1,252.41,1,252.68,2,252.81,2,253.45,2,253.69,2,253.86,1,254.18,4,254.27,1
2025-04-10 09:36:44,251.945,251.84,1,251.5,3,252.39,1,252.39,251.5,251.5,3,,,,,,,,,,,,,,,,,,,252.39,1,252.4,1,252.41,1,252.68,2,252.81,2,253.45,2,253.69,2,253.86,1,254.18,4,254.27,1
2025-04-10 09:36:45,251.945,251.84,1,251.5,3,252.39,1,252.39,251.5,251.5,3,,,,,,,,,,,,,,,,,,,252.39,1,252.4,1,252.41,1,252.68,2,252.81,2,253.45,2,253.69,2,253.86,1,254.18,4,254.27,1
2025-04-10 09:36:46,251.945,251.84,1,251.5,3,252.39,1,252.39,251.5,251.5,3,,,,,,,,,,,,,,,,,,,252.39,1,252.4,1,252.41,1,252.68,2,252.81,2,253.45,2,253.69,2,253.86,1,254.18,4,254.27,1
2025-04-10 09:36:47,251.945,251.84,1,251.5,3,252.39,1,252.39,251.5,251.5,3,,,,,,,,,,,,,,,,,,,252.39,1,252.4,1,252.41,1,252.68,2,252.81,2,253.45,2,253.69,2,253.86,1,254.18,4,254.27,1
2025-04-10 09:36:48,251.945,251.84,1,251.5,3,252.39,1,252.39,251.5,251.5,3,,,,,,,,,,,,,,,,,,,252.39,1,252.4,1,252.41,1,252.68,2,252.81,2,253.45,2,253.69,2,253.86,1,254.18,4,254.27,1
2025-04-10 09:36:49,251.945,251.84,1,251.5,3,252.39,1,252.39,251.5,251.5,3,,,,,,,,,,,,,,,,,,,252.39,1,252.4,1,252.41,1,252.68,2,252.81,2,253.45,2,253.69,2,253.86,1,254.18,4,254.27,1
2025-04-10 09:36:50,251.945,251.84,1,251.5,3,252.39,1,252.39,251.5,251.5,3,,,,,,,,,,,,,,,,,,,252.39,1,252.4,1,252.41,1,252.68,2,252.81,2,253.45,2,253.69,2,253.86,1,254.18,4,254.27,1
2025-04-10 09:36:51,252.005,251.84,1,251.62,1,252.39,1,252.39,251.62,251.62,1,251.55,1,251.54,2,251.5,3,,,,,,,,,,,,,252.39,1,252.4,1,252.41,1,252.68,2,252.81,2,253.45,2,253.69,2,253.86,1,254.18,4,254.27,1
2025-04-10 09:36:52,251.96,251.84,1,251.54,2,252.38,1,252.38,251.54,251.54,2,251.5,3,,,,,,,,,,,,,,,,,252.38,1,252.64,2,252.68,2,252.81,2,253.45,2,253.69,2,253.86,1,254.18,4,254.27,1,254.28,2
2025-04-10 09:36:53,251.96,251.84,1,251.54,2,252.38,1,252.38,251.54,251.54,2,251.5,3,,,,,,,,,,,,,,,,,252.38,1,252.64,2,252.68,2,252.81,2,253.45,2,253.69,2,253.86,1,254.18,4,254.27,1,254.28,2
2025-04-10 09:36:54,252.0,251.84,1,251.62,2,252.38,1,252.38,251.62,251.62,2,251.54,2,251.5,3,,,,,,,,,,,,,,,252.38,1,252.64,2,252.68,2,252.81,2,253.45,2,253.69,2,253.86,1,254.18,4,254.27,1,254.28,2
2025-04-10 09:36:55,251.995,251.84,1,251.62,1,252.37,1,252.37,251.62,251.62,1,251.56,1,251.5,3,,,,,,,,,,,,,,,252.37,1,252.38,2,252.64,2,252.68,2,252.81,2,253.45,2,253.69,2,253.86,1,254.18,4,254.27,1
2025-04-10 09:36:56,251.995,251.84,1,251.62,1,252.37,1,252.37,251.62,251.62,1,251.56,1,251.5,3,,,,,,,,,,,,,,,252.37,1,252.38,2,252.64,2,252.68,2,252.81,2,253.45,2,253.69,2,253.86,1,254.18,4,254.27,1
2025-04-10 09:36:57,251.965,251.84,1,251.56,1,252.37,1,252.37,251.56,251.56,1,251.5,3,,,,,,,,,,,,,,,,,252.37,1,252.38,2,252.64,2,252.68,2,252.81,2,253.45,2,253.69,2,253.86,1,254.18,4,254.27,1
2025-04-10 09:36:58,251.935,251.84,1,251.5,3,252.37,2,252.37,251.5,251.5,3,,,,,,,,,,,,,,,,,,,252.37,2,252.38,2,252.64,2,252.68,2,252.81,2,253.45,2,253.69,2,253.86,1,254.18,4,254.27,1
2025-04-10 09:36:59,251.93,251.84,1,251.5,3,252.36,2,252.36,251.5,251.5,3,,,,,,,,,,,,,,,,,,,252.36,2,252.37,1,252.38,2,252.64,2,252.68,2,252.81,2,253.45,2,253.69,2,253.86,1,254.18,4
2025-04-10 09:37:00,251.93,251.84,1,251.5,3,252.36,2,252.36,251.5,251.5,3,,,,,,,,,,,,,,,,,,,252.36,2,252.37,1,252.38,2,252.64,2,252.68,2,252.81,2,253.45,2,253.69,2,253.86,1,254.18,4
2025-04-10 09:37:01,251.575,251.5,1,251.14,2,252.01,1,252.01,251.14,251.14,2,251.0,1,,,,,,,,,,,,,,,,,252.01,1,252.35,4,252.36,5,252.37,1,252.38,2,252.64,2,252.68,2,252.81,2,253.45,2,253.69,2
2025-04-10 09:37:02,251.575,251.5,1,251.14,2,252.01,5,252.01,251.14,251.14,2,251.0,1,,,,,,,,,,,,,,,,,252.01,5,252.35,4,252.36,5,252.37,1,252.38,2,252.64,2,252.68,2,252.81,2,253.45,2,253.69,2
2025-04-10 09:37:03,251.38,251.38,1,251.14,2,251.62,2,251.62,251.14,251.14,2,251.0,1,,,,,,,,,,,,,,,,,251.62,2,252.01,5,252.35,4,252.36,5,252.37,1,252.38,2,252.64,2,252.68,2,252.81,2,253.45,2
2025-04-10 09:37:04,251.31,251.16,1,251.0,1,251.62,2,251.62,251.0,251.0,1,,,,,,,,,,,,,,,,,,,251.62,2,252.01,5,252.35,4,252.36,5,252.37,1,252.38,2,252.64,2,252.68,2,252.81,2,253.45,2
2025-04-10 09:37:05,250.665,250.55,1,250.24,2,251.09,1,251.09,250.24,250.24,2,250.0,38,,,,,,,,,,,,,,,,,251.09,1,251.32,1,251.62,1,252.01,5,252.35,4,252.36,5,252.37,1,252.38,2,252.64,2,252.68,2
2025-04-10 09:37:06,250.655,250.55,1,250.24,2,251.07,1,251.07,250.24,250.24,2,250.0,38,,,,,,,,,,,,,,,,,251.07,1,251.08,1,251.09,1,251.32,1,251.62,1,252.01,5,252.35,4,252.36,5,252.37,1,252.38,2
2025-04-10 09:37:07,250.645,250.55,1,250.24,2,251.05,1,251.05,250.24,250.24,2,250.0,38,,,,,,,,,,,,,,,,,251.05,1,251.06,3,251.07,1,251.08,1,251.09,1,251.32,1,251.62,1,252.01,5,252.35,4,252.36,5
2025-04-10 09:37:08,250.64,250.65,1,250.24,3,251.04,2,251.04,250.24,250.24,3,250.0,38,,,,,,,,,,,,,,,,,251.04,2,251.05,1,251.06,3,251.07,1,251.08,1,251.09,1,251.32,1,251.62,1,252.01,5,252.35,4
2025-04-10 09:37:09,250.63,250.65,1,250.24,3,251.02,1,251.02,250.24,250.24,3,250.0,38,,,,,,,,,,,,,,,,,251.02,1,251.03,1,251.04,1,251.05,1,251.06,3,251.07,1,251.08,1,251.09,1,251.32,1,251.62,1
2025-04-10 09:37:10,250.685,250.65,1,250.36,2,251.01,2,251.01,250.36,250.36,2,250.24,5,250.0,38,,,,,,,,,,,,,,,251.01,2,251.02,1,251.03,1,251.04,1,251.05,1,251.06,3,251.07,1,251.08,1,251.09,1,251.32,1
2025-04-10 09:37:11,250.595,250.6,1,250.38,1,250.81,2,250.81,250.38,250.38,1,250.0,38,,,,,,,,,,,,,,,,,250.81,2,251.01,1,251.02,1,251.03,1,251.04,1,251.05,1,251.06,3,251.07,1,251.08,1,251.09,1
2025-04-10 09:37:12,250.405,250.41,1,250.0,38,250.81,2,250.81,250.0,250.0,38,,,,,,,,,,,,,,,,,,,250.81,2,251.01,1,251.02,1,251.03,1,251.04,1,251.05,1,251.06,3,251.07,1,251.08,1,251.09,1
2025-04-10 09:37:13,250.405,250.41,1,250.0,38,250.81,2,250.81,250.0,250.0,38,,,,,,,,,,,,,,,,,,,250.81,2,251.01,1,251.02,1,251.03,1,251.04,1,251.05,1,251.06,3,251.07,1,251.08,1,251.09,1
2025-04-10 09:37:14,250.405,250.41,1,250.0,38,250.81,2,250.81,250.0,250.0,38,,,,,,,,,,,,,,,,,,,250.81,2,251.01,1,251.02,1,251.03,1,251.04,1,251.05,1,251.06,3,251.07,1,251.08,1,251.09,1
2025-04-10 09:37:15,250.4,250.41,1,250.0,38,250.8,2,250.8,250.0,250.0,38,,,,,,,,,,,,,,,,,,,250.8,2,250.81,1,251.01,1,251.02,1,251.03,1,251.04,1,251.05,1,251.06,3,251.07,1,251.08,1
2025-04-10 09:37:16,250.4,250.41,1,250.0,38,250.8,2,250.8,250.0,250.0,38,,,,,,,,,,,,,,,,,,,250.8,2,250.81,1,251.01,1,251.02,1,251.03,1,251.04,1,251.05,1,251.06,3,251.07,1,251.08,1
2025-04-10 09:37:17,250.46,250.41,1,250.13,2,250.79,1,250.79,250.13,250.13,2,250.0,38,,,,,,,,,,,,,,,,,250.79,1,250.8,1,250.81,1,251.01,1,251.02,1,251.03,1,251.04,1,251.05,1,251.06,3,251.07,1
2025-04-10 09:37:18,250.39,250.6,1,250.0,38,250.78,2,250.78,250.0,250.0,38,,,,,,,,,,,,,,,,,,,250.78,2,250.79,4,250.8,1,250.81,1,251.01,1,251.02,1,251.03,1,251.04,1,251.05,1,251.06,3
2025-04-10 09:37:19,250.39,250.6,1,250.0,39,250.78,2,250.78,250.0,250.0,39,,,,,,,,,,,,,,,,,,,250.78,2,250.79,4,250.8,1,250.81,1,251.01,1,251.02,1,251.03,1,251.04,1,251.05,1,251.06,3
2025-04-10 09:37:20,250.39,250.6,1,250.0,39,250.78,2,250.78,250.0,250.0,39,,,,,,,,,,,,,,,,,,,250.78,2,250.79,4,250.8,1,250.81,1,251.01,1,251.02,1,251.03,1,251.04,1,251.05,1,251.06,3
2025-04-10 09:37:21,250.385,250.6,1,250.0,39,250.77,2,250.77,250.0,250.0,39,,,,,,,,,,,,,,,,,,,250.77,2,250.78,1,250.79,4,250.8,1,250.81,1,251.01,1,251.02,1,251.03,1,251.04,1,251.05,1
2025-04-10 09:37:22,250.38,250.6,1,250.0,39,250.76,2,250.76,250.0,250.0,39,,,,,,,,,,,,,,,,,,,250.76,2,250.77,1,250.78,1,250.79,4,250.8,1,250.81,1,251.01,1,251.02,1,251.03,1,251.04,1
2025-04-10 09:37:23,250.38,250.6,1,250.0,38,250.76,2,250.76,250.0,250.0,38,,,,,,,,,,,,,,,,,,,250.76,2,250.77,1,250.78,1,250.79,4,250.8,1,250.81,1,251.01,1,251.02,1,251.03,1,251.04,1
2025-04-10 09:37:24,250.375,250.6,1,250.0,38,250.75,2,250.75,250.0,250.0,38,,,,,,,,,,,,,,,,,,,250.75,2,250.76,1,250.77,1,250.78,1,250.79,4,250.8,1,250.81,1,251.01,1,251.02,1,251.03,1
2025-04-10 09:37:25,250.43,250.38,1,250.13,1,250.73,2,250.73,250.13,250.13,1,250.0,38,,,,,,,,,,,,,,,,,250.73,2,250.74,1,250.75,3,250.76,1,250.77,1,250.78,1,250.79,4,250.8,1,250.81,1,251.01,1
2025-04-10 09:37:26,250.43,250.38,1,250.13,1,250.73,2,250.73,250.13,250.13,1,250.0,38,,,,,,,,,,,,,,,,,250.73,2,250.74,1,250.75,3,250.76,1,250.77,1,250.78,1,250.79,4,250.8,1,250.81,1,251.01,1
2025-04-10 09:37:27,250.425,250.38,1,250.13,1,250.72,2,250.72,250.13,250.13,1,250.0,38,,,,,,,,,,,,,,,,,250.72,2,250.73,1,250.74,1,250.75,3,250.76,1,250.77,1,250.78,1,250.79,4,250.8,1,250.81,1
2025-04-10 09:37:28,250.425,250.38,1,250.13,1,250.72,2,250.72,250.13,250.13,1,250.0,38,,,,,,,,,,,,,,,,,250.72,2,250.73,1,250.74,1,250.75,3,250.76,1,250.77,1,250.78,1,250.79,4,250.8,1,250.81,1
2025-04-10 09:37:29,250.42,250.38,1,250.13,2,250.71,2,250.71,250.13,250.13,2,250.0,38,,,,,,,,,,,,,,,,,250.71,2,250.72,1,250.73,1,250.74,1,250.75,3,250.76,1,250.77,1,250.78,1,250.79,4,250.8,1
2025-04-10 09:37:30,250.415,250.38,1,250.13,1,250.7,2,250.7,250.13,250.13,1,250.0,38,,,,,,,,,,,,,,,,,250.7,2,250.71,1,250.72,1,250.73,1,250.74,1,250.75,3,250.76,1,250.77,1,250.78,1,250.79,4
2025-04-10 09:37:31,250.415,250.38,1,250.13,1,250.7,2,250.7,250.13,250.13,1,250.0,38,,,,,,,,,,,,,,,,,250.7,2,250.71,1,250.72,1,250.73,1,250.74,1,250.75,3,250.76,1,250.77,1,250.78,1,250.79,4
2025-04-10 09:37:32,250.41,250.38,1,250.13,1,250.69,2,250.69,250.13,250.13,1,250.0,38,,,,,,,,,,,,,,,,,250.69,2,250.7,1,250.71,1,250.72,1,250.73,1,250.74,1,250.75,3,250.76,1,250.77,1,250.78,1
2025-04-10 09:37:33,250.41,250.38,1,250.13,2,250.69,2,250.69,250.13,250.13,2,250.0,38,,,,,,,,,,,,,,,,,250.69,2,250.7,1,250.71,1,250.72,1,250.73,1,250.74,1,250.75,3,250.76,1,250.77,1,250.78,1
2025-04-10 09:37:34,250.405,250.38,1,250.13,2,250.68,2,250.68,250.13,250.13,2,250.0,38,,,,,,,,,,,,,,,,,250.68,2,250.69,1,250.7,1,250.71,1,250.72,1,250.73,1,250.74,1,250.75,3,250.76,1,250.77,1
2025-04-10 09:37:35,250.195,250.13,1,250.0,38,250.39,2,250.39,250.0,250.0,38,,,,,,,,,,,,,,,,,,,250.39,2,250.67,1,250.68,1,250.69,1,250.7,1,250.71,1,250.72,1,250.73,1,250.74,1,250.75,3
2025-04-10 09:37:36,250.195,250.2,1,250.0,38,250.39,2,250.39,250.0,250.0,38,,,,,,,,,,,,,,,,,,,250.39,2,250.67,1,250.68,1,250.69,1,250.7,1,250.71,1,250.72,1,250.73,1,250.74,1,250.75,3
2025-04-10 09:37:37,250.195,250.2,1,250.0,38,250.39,2,250.39,250.0,250.0,38,,,,,,,,,,,,,,,,,,,250.39,2,250.67,1,250.68,1,250.69,1,250.7,1,250.71,1,250.72,1,250.73,1,250.74,1,250.75,3
2025-04-10 09:37:38,250.19,250.2,1,250.0,38,250.38,2,250.38,250.0,250.0,38,,,,,,,,,,,,,,,,,,,250.38,2,250.39,1,250.67,1,250.68,1,250.69,1,250.7,1,250.71,1,250.72,1,250.73,1,250.74,1
2025-04-10 09:37:39,250.19,250.2,1,250.0,38,250.38,2,250.38,250.0,250.0,38,,,,,,,,,,,,,,,,,,,250.38,2,250.39,1,250.67,1,250.68,1,250.69,1,250.7,1,250.71,1,250.72,1,250.73,1,250.74,1
2025-04-10 09:37:40,249.79,249.56,1,249.39,2,250.19,2,250.19,249.39,249.39,2,249.26,2,248.93,3,,,,,,,,,,,,,,,250.19,2,250.38,1,250.39,1,250.67,1,250.68,1,250.69,1,250.7,1,250.71,1,250.72,1,250.73,1
2025-04-10 09:37:41,249.85,249.79,1,249.51,2,250.19,2,250.19,249.51,249.51,2,249.39,2,249.26,2,248.93,3,,,,,,,,,,,,,250.19,2,250.38,1,250.39,1,250.67,1,250.68,1,250.69,1,250.7,1,250.71,1,250.72,1,250.73,1
2025-04-10 09:37:42,249.85,249.79,1,249.51,2,250.19,2,250.19,249.51,249.51,2,249.39,2,249.26,2,248.93,3,,,,,,,,,,,,,250.19,2,250.38,1,250.39,1,250.67,1,250.68,1,250.69,1,250.7,1,250.71,1,250.72,1,250.73,1
2025-04-10 09:37:43,249.85,249.79,1,249.51,2,250.19,2,250.19,249.51,249.51,2,249.39,2,249.26,2,248.93,3,,,,,,,,,,,,,250.19,2,250.38,1,250.39,1,250.67,1,250.68,1,250.69,1,250.7,1,250.71,1,250.72,1,250.73,1
2025-04-10 09:37:44,249.85,249.79,1,249.51,2,250.19,2,250.19,249.51,249.51,2,249.39,2,249.26,2,248.93,3,,,,,,,,,,,,,250.19,2,250.38,1,250.39,1,250.67,1,250.68,1,250.69,1,250.7,1,250.71,1,250.72,1,250.73,1
2025-04-10 09:37:45,249.89,249.79,1,249.59,2,250.19,2,250.19,249.59,249.59,2,249.51,2,249.39,2,249.26,2,248.93,3,,,,,,,,,,,250.19,2,250.38,1,250.39,1,250.67,1,250.68,1,250.69,1,250.7,1,250.71,1,250.72,1,250.73,1
2025-04-10 09:37:46,249.89,249.79,1,249.59,2,250.19,2,250.19,249.59,249.59,2,249.51,2,249.39,2,249.26,2,248.93,3,,,,,,,,,,,250.19,2,250.38,1,250.39,1,250.67,1,250.68,1,250.69,1,250.7,1,250.71,1,250.72,1,250.73,1
2025-04-10 09:37:47,249.89,249.79,1,249.59,2,250.19,2,250.19,249.59,249.59,2,249.51,2,249.39,2,249.26,2,248.93,3,,,,,,,,,,,250.19,2,250.38,1,250.39,1,250.67,1,250.68,1,250.69,1,250.7,1,250.71,1,250.72,1,250.73,1
2025-04-10 09:37:48,249.89,249.79,1,249.59,2,250.19,2,250.19,249.59,249.59,2,249.51,2,249.39,2,249.26,2,248.93,3,,,,,,,,,,,250.19,2,250.38,1,250.39,1,250.67,1,250.68,1,250.69,1,250.7,1,250.71,1,250.72,1,250.73,1
2025-04-10 09:37:49,249.89,249.79,1,249.59,2,250.19,2,250.19,249.59,249.59,2,249.51,2,249.39,2,249.26,2,248.93,3,,,,,,,,,,,250.19,2,250.38,1,250.39,1,250.67,1,250.68,1,250.69,1,250.7,1,250.71,1,250.72,1,250.73,1
2025-04-10 09:37:50,249.89,249.79,1,249.59,2,250.19,2,250.19,249.59,249.59,2,249.51,2,249.39,2,249.26,2,248.93,3,,,,,,,,,,,250.19,2,250.38,1,250.39,1,250.67,1,250.68,1,250.69,1,250.7,1,250.71,1,250.72,1,250.73,1
2025-04-10 09:37:51,249.885,249.79,1,249.59,2,250.18,2,250.18,249.59,249.59,2,249.51,2,249.39,2,249.26,2,248.93,3,,,,,,,,,,,250.18,2,250.19,3,250.38,1,250.39,1,250.67,1,250.68,1,250.69,1,250.7,1,250.71,1,250.72,1
2025-04-10 09:37:52,249.565,249.57,1,249.27,3,249.86,2,249.86,249.27,249.27,3,248.93,2,,,,,,,,,,,,,,,,,249.86,2,250.18,3,250.19,3,250.38,1,250.39,1,250.67,1,250.68,1,250.69,1,250.7,1,250.71,1
2025-04-10 09:37:53,249.565,249.57,1,249.27,2,249.86,2,249.86,249.27,249.27,2,248.93,2,,,,,,,,,,,,,,,,,249.86,2,250.18,3,250.19,3,250.38,1,250.39,1,250.67,1,250.68,1,250.69,1,250.7,1,250.71,1
2025-04-10 09:37:54,249.565,249.57,1,249.27,2,249.86,2,249.86,249.27,249.27,2,248.93,2,,,,,,,,,,,,,,,,,249.86,2,250.18,3,250.19,3,250.38,1,250.39,1,250.67,1,250.68,1,250.69,1,250.7,1,250.71,1
2025-04-10 09:37:55,249.565,249.57,1,249.27,2,249.86,2,249.86,249.27,249.27,2,248.93,2,,,,,,,,,,,,,,,,,249.86,2,250.18,3,250.19,3,250.38,1,250.39,1,250.67,1,250.68,1,250.69,1,250.7,1,250.71,1
2025-04-10 09:37:56,249.44,249.57,1,249.03,2,249.85,2,249.85,249.03,249.03,2,248.93,2,,,,,,,,,,,,,,,,,249.85,2,249.86,2,250.18,3,250.19,3,250.38,1,250.39,1,250.67,1,250.68,1,250.69,1,250.7,1
2025-04-10 09:37:57,249.44,249.57,1,249.03,2,249.85,2,249.85,249.03,249.03,2,248.93,2,,,,,,,,,,,,,,,,,249.85,2,249.86,2,250.18,3,250.19,3,250.38,1,250.39,1,250.67,1,250.68,1,250.69,1,250.7,1
2025-04-10 09:37:58,249.55,249.57,1,249.26,1,249.84,3,249.84,249.26,249.26,1,249.03,2,248.93,2,,,,,,,,,,,,,,,249.84,3,249.85,4,249.86,2,250.18,3,250.19,3,250.38,1,250.39,1,250.67,1,250.68,1,250.69,1
2025-04-10 09:37:59,249.55,249.57,1,249.26,1,249.84,3,249.84,249.26,249.26,1,249.03,2,248.93,2,,,,,,,,,,,,,,,249.84,3,249.85,4,249.86,2,250.18,3,250.19,3,250.38,1,250.39,1,250.67,1,250.68,1,250.69,1
2025-04-10 09:38:00,249.555,249.57,1,249.27,3,249.84,3,249.84,249.27,249.27,3,249.26,1,249.03,2,248.93,2,,,,,,,,,,,,,249.84,3,249.85,4,249.86,2,250.18,3,250.19,3,250.38,1,250.39,1,250.67,1,250.68,1,250.69,1
2025-04-10 09:38:01,249.55,249.55,1,249.26,1,249.84,3,249.84,249.26,249.26,1,249.03,2,248.93,2,,,,,,,,,,,,,,,249.84,3,249.85,4,249.86,2,250.18,3,250.19,3,250.38,1,250.39,1,250.67,1,250.68,1,250.69,1
2025-04-10 09:38:02,249.55,249.55,1,249.26,1,249.84,3,249.84,249.26,249.26,1,249.03,2,248.93,2,,,,,,,,,,,,,,,249.84,3,249.85,4,249.86,2,250.18,3,250.19,3,250.38,1,250.39,1,250.67,1,250.68,1,250.69,1
2025-04-10 09:38:03,249.55,249.55,1,249.26,1,249.84,3,249.84,249.26,249.26,1,249.03,2,248.93,2,,,,,,,,,,,,,,,249.84,3,249.85,4,249.86,2,250.18,3,250.19,3,250.38,1,250.39,1,250.67,1,250.68,1,250.69,1
2025-04-10 09:38:04,249.545,249.55,1,249.26,1,249.83,2,249.83,249.26,249.26,1,249.03,2,248.93,2,,,,,,,,,,,,,,,249.83,2,249.84,3,249.85,4,249.86,2,250.18,3,250.19,3,250.38,1,250.39,1,250.67,1,250.68,1
2025-04-10 09:38:05,249.545,249.29,1,249.26,1,249.83,2,249.83,249.26,249.26,1,249.03,2,248.93,2,,,,,,,,,,,,,,,249.83,2,249.84,3,249.85,4,249.86,2,250.18,3,250.19,3,250.38,1,250.39,1,250.67,1,250.68,1
2025-04-10 09:38:06,249.54,249.55,2,249.26,1,249.82,2,249.82,249.26,249.26,1,249.03,2,248.93,2,,,,,,,,,,,,,,,249.82,2,249.83,3,249.84,3,249.85,4,249.86,2,250.18,3,250.19,3,250.38,1,250.39,1,250.67,1
2025-04-10 09:38:07,249.54,249.55,2,249.26,1,249.82,2,249.82,249.26,249.26,1,249.03,2,248.93,2,,,,,,,,,,,,,,,249.82,2,249.83,3,249.84,3,249.85,4,249.86,2,250.18,3,250.19,3,250.38,1,250.39,1,250.67,1
2025-04-10 09:38:08,249.54,249.55,2,249.26,1,249.82,2,249.82,249.26,249.26,1,249.03,2,248.93,2,,,,,,,,,,,,,,,249.82,2,249.83,3,249.84,3,249.85,4,249.86,2,250.18,3,250.19,3,250.38,1,250.39,1,250.67,1
2025-04-10 09:38:09,249.54,249.55,2,249.26,1,249.82,2,249.82,249.26,249.26,1,249.03,2,248.93,2,,,,,,,,,,,,,,,249.82,2,249.83,3,249.84,3,249.85,4,249.86,2,250.18,3,250.19,3,250.38,1,250.39,1,250.67,1
2025-04-10 09:38:10,249.54,249.54,1,249.26,1,249.82,2,249.82,249.26,249.26,1,249.03,2,248.93,2,,,,,,,,,,,,,,,249.82,2,249.83,3,249.84,3,249.85,4,249.86,2,250.18,3,250.19,3,250.38,1,250.39,1,250.67,1
2025-04-10 09:38:11,250.06,249.83,1,249.74,2,250.38,1,250.38,249.74,249.74,2,249.59,2,249.42,1,249.38,1,249.26,1,249.03,2,248.93,2,,,,,,,250.38,1,250.72,3,250.73,1,250.74,1,250.75,3,250.76,1,250.77,1,250.78,1,250.79,4,250.8,1
2025-04-10 09:38:12,250.055,250.06,1,249.74,2,250.37,3,250.37,249.74,249.74,2,249.59,2,249.42,1,249.38,1,249.26,1,249.03,2,248.93,2,,,,,,,250.37,3,250.38,1,250.72,3,250.73,1,250.74,1,250.75,3,250.76,1,250.77,1,250.78,1,250.79,4
2025-04-10 09:38:13,250.05,250.06,1,249.74,2,250.36,2,250.36,249.74,249.74,2,249.59,2,249.42,1,249.38,1,249.26,1,249.03,2,248.93,2,,,,,,,250.36,2,250.37,4,250.38,1,250.72,3,250.73,1,250.74,1,250.75,3,250.76,1,250.77,1,250.78,1
2025-04-10 09:38:14,249.85,249.85,2,249.59,2,250.11,2,250.11,249.59,249.59,2,249.42,1,249.38,1,249.26,1,249.03,2,248.93,2,,,,,,,,,250.11,2,250.35,1,250.36,2,250.37,4,250.38,1,250.72,3,250.73,1,250.74,1,250.75,3,250.76,1
2025-04-10 09:38:15,249.85,249.85,2,249.59,2,250.11,2,250.11,249.59,249.59,2,249.42,1,249.38,1,249.26,1,249.03,2,248.93,2,,,,,,,,,250.11,2,250.35,1,250.36,2,250.37,4,250.38,1,250.72,3,250.73,1,250.74,1,250.75,3,250.76,1
2025-04-10 09:38:16,249.85,249.85,2,249.59,2,250.11,2,250.11,249.59,249.59,2,249.42,1,249.38,1,249.26,1,249.03,2,248.93,2,,,,,,,,,250.11,2,250.35,1,250.36,2,250.37,4,250.38,1,250.72,3,250.73,1,250.74,1,250.75,3,250.76,1
2025-04-10 09:38:17,249.985,249.99,1,249.59,2,250.38,1,250.38,249.59,249.59,2,249.42,1,249.38,1,249.26,1,249.03,2,248.93,2,,,,,,,,,250.38,1,250.64,2,250.68,2,250.72,4,250.73,1,250.74,1,250.75,3,250.76,1,250.77,1,250.78,1
2025-04-10 09:38:18,249.985,249.99,1,249.59,2,250.38,1,250.38,249.59,249.59,2,249.42,1,249.38,1,249.26,1,249.03,2,248.93,2,,,,,,,,,250.38,1,250.64,2,250.68,2,250.72,4,250.73,1,250.74,1,250.75,3,250.76,1,250.77,1,250.78,1
2025-04-10 09:38:19,250.06,249.99,1,249.74,2,250.38,1,250.38,249.74,249.74,2,249.59,2,249.42,1,249.38,1,249.26,1,249.03,2,248.93,2,,,,,,,250.38,1,250.64,2,250.68,2,250.72,4,250.73,1,250.74,1,250.75,3,250.76,1,250.77,1,250.78,1
2025-04-10 09:38:20,250.06,249.99,1,249.74,2,250.38,1,250.38,249.74,249.74,2,249.59,2,249.42,1,249.38,1,249.26,1,249.03,2,248.93,2,,,,,,,250.38,1,250.64,2,250.68,2,250.72,4,250.73,1,250.74,1,250.75,3,250.76,1,250.77,1,250.78,1
2025-04-10 09:38:21,250.06,249.99,1,249.74,2,250.38,1,250.38,249.74,249.74,2,249.59,2,249.42,1,249.38,1,249.26,1,249.03,2,248.93,2,,,,,,,250.38,1,250.64,2,250.68,2,250.72,4,250.73,1,250.74,1,250.75,3,250.76,1,250.77,1,250.78,1
2025-04-10 09:38:22,250.06,249.99,1,249.74,2,250.38,1,250.38,249.74,249.74,2,249.59,2,249.42,1,249.38,1,249.26,1,249.03,2,248.93,2,,,,,,,250.38,1,250.64,2,250.68,2,250.72,4,250.73,1,250.74,1,250.75,3,250.76,1,250.77,1,250.78,1
2025-04-10 09:38:24,250.06,249.99,1,249.74,2,250.38,1,250.38,249.74,249.74,2,249.59,2,249.42,1,249.38,1,249.26,1,249.03,2,248.93,2,,,,,,,250.38,1,250.64,2,250.68,2,250.72,4,250.73,1,250.74,1,250.75,3,250.76,1,250.77,1,250.78,1
2025-04-10 09:38:24,250.06,249.99,1,249.74,2,250.38,1,250.38,249.74,249.74,2,249.59,2,249.42,1,249.38,1,249.26,1,249.03,2,248.93,2,,,,,,,250.38,1,250.64,2,250.68,2,250.72,4,250.73,1,250.74,1,250.75,3,250.76,1,250.77,1,250.78,1
