sim_time,mid_price,last_price,last_size,best_bid_price,best_bid_size,best_ask_price,best_ask_size,close_price_buy,close_price_sell,bid1_price,bid1_size,bid2_price,bid2_size,bid3_price,bid3_size,bid4_price,bid4_size,bid5_price,bid5_size,bid6_price,bid6_size,bid7_price,bid7_size,bid8_price,bid8_size,bid9_price,bid9_size,bid10_price,bid10_size,ask1_price,ask1_size,ask2_price,ask2_size,ask3_price,ask3_size,ask4_price,ask4_size,ask5_price,ask5_size,ask6_price,ask6_size,ask7_price,ask7_size,ask8_price,ask8_size,ask9_price,ask9_size,ask10_price,ask10_size
2025-04-10 09:30:11,154.855,154.99,1,154.72,2,154.99,3,154.99,154.72,154.72,2,154.71,27,154.55,3,154.54,2,154.5,1,,,,,,,,,,,154.99,3,155.0,42,155.01,11,,,,,,,,,,,,,,
2025-04-10 09:30:12,154.97,155.0,1,154.78,12,155.16,6,155.16,154.78,154.78,12,154.72,2,154.71,27,154.55,3,154.54,2,154.5,1,,,,,,,,,155.16,6,,,,,,,,,,,,,,,,,,
2025-04-10 09:30:14,154.89,155.0,1,154.78,12,155.0,2,155.0,154.78,154.78,12,154.72,2,154.71,27,154.55,3,154.54,2,154.5,1,,,,,,,,,155.0,2,155.16,5,,,,,,,,,,,,,,,,
2025-04-10 09:30:15,154.89,155.0,1,154.78,12,155.0,2,155.0,154.78,154.78,12,154.72,2,154.71,27,154.55,3,154.54,2,154.5,1,,,,,,,,,155.0,2,155.16,5,,,,,,,,,,,,,,,,
2025-04-10 09:30:16,154.865,154.79,1,154.73,1,155.0,2,155.0,154.73,154.73,1,154.72,2,154.71,27,154.55,3,154.54,2,154.5,1,,,,,,,,,155.0,2,155.16,5,,,,,,,,,,,,,,,,
2025-04-10 09:30:17,154.865,154.8,3,154.73,1,155.0,2,155.0,154.73,154.73,1,154.72,2,154.71,27,154.55,3,154.54,2,154.5,1,,,,,,,,,155.0,2,155.16,5,,,,,,,,,,,,,,,,
2025-04-10 09:30:18,154.865,154.87,1,154.73,7,155.0,2,155.0,154.73,154.73,7,154.72,2,154.71,27,154.55,3,154.54,2,154.5,1,,,,,,,,,155.0,2,155.16,5,,,,,,,,,,,,,,,,
2025-04-10 09:30:19,154.865,154.87,1,154.73,7,155.0,2,155.0,154.73,154.73,7,154.72,2,154.71,27,154.55,3,154.54,2,154.5,1,,,,,,,,,155.0,2,155.16,5,,,,,,,,,,,,,,,,
2025-04-10 09:30:20,154.865,154.87,1,154.73,7,155.0,2,155.0,154.73,154.73,7,154.72,2,154.71,27,154.55,3,154.54,2,154.5,1,,,,,,,,,155.0,2,155.16,5,,,,,,,,,,,,,,,,
2025-04-10 09:30:21,155.0,155.0,1,154.84,11,155.16,5,155.16,154.84,154.84,11,154.73,8,154.72,2,154.71,27,154.55,3,154.54,2,154.5,1,,,,,,,155.16,5,,,,,,,,,,,,,,,,,,
2025-04-10 09:30:22,155.0,155.0,1,154.84,11,155.16,4,155.16,154.84,154.84,11,154.73,8,154.72,2,154.71,27,154.55,3,154.54,2,154.5,1,,,,,,,155.16,4,,,,,,,,,,,,,,,,,,
2025-04-10 09:30:23,155.0,155.0,1,154.84,11,155.16,4,155.16,154.84,154.84,11,154.73,8,154.72,2,154.71,27,154.55,3,154.54,2,154.5,1,,,,,,,155.16,4,,,,,,,,,,,,,,,,,,
2025-04-10 09:30:24,155.0,155.0,1,154.84,11,155.16,4,155.16,154.84,154.84,11,154.73,8,154.72,2,154.71,27,154.55,3,154.54,2,154.5,1,,,,,,,155.16,4,,,,,,,,,,,,,,,,,,
2025-04-10 09:30:25,155.06,155.16,1,154.87,3,155.25,1,155.25,154.87,154.87,3,154.84,11,154.73,8,154.72,2,154.71,27,154.55,3,154.54,2,154.5,1,,,,,155.25,1,,,,,,,,,,,,,,,,,,
2025-04-10 09:30:26,155.28,155.09,1,155.08,14,155.48,1,155.48,155.08,155.08,14,154.87,3,154.84,11,154.73,8,154.72,2,154.71,27,154.55,3,154.54,2,154.5,1,,,155.48,1,,,,,,,,,,,,,,,,,,
2025-04-10 09:30:27,155.275,155.28,3,155.08,14,155.47,2,155.47,155.08,155.08,14,154.87,3,154.84,11,154.73,8,154.72,2,154.71,27,154.55,3,154.54,2,154.5,1,,,155.47,2,155.48,1,,,,,,,,,,,,,,,,
2025-04-10 09:30:28,155.275,155.28,1,155.09,5,155.46,1,155.46,155.09,155.09,5,155.08,14,154.87,3,154.84,11,154.73,8,154.72,2,154.71,27,154.55,3,154.54,2,154.5,1,155.46,1,155.47,2,155.48,1,,,,,,,,,,,,,,
2025-04-10 09:30:29,155.275,155.28,1,155.09,5,155.46,1,155.46,155.09,155.09,5,155.08,14,154.87,3,154.84,11,154.73,8,154.72,2,154.71,27,154.55,3,154.54,2,154.5,1,155.46,1,155.47,2,155.48,1,,,,,,,,,,,,,,
2025-04-10 09:30:30,155.27,155.46,1,155.09,3,155.45,1,155.45,155.09,155.09,3,155.08,14,154.87,3,154.84,11,154.73,8,154.72,2,154.71,27,154.55,3,154.54,2,154.5,1,155.45,1,155.48,1,,,,,,,,,,,,,,,,
2025-04-10 09:30:31,155.27,155.09,30,155.09,4,155.45,1,155.45,155.09,155.09,4,155.08,14,154.87,3,154.84,11,154.73,8,154.72,2,154.71,27,154.55,3,154.54,2,154.5,1,155.45,1,155.48,1,,,,,,,,,,,,,,,,
2025-04-10 09:30:32,155.28,155.09,30,155.11,8,155.45,1,155.45,155.11,155.11,8,155.09,4,155.08,14,154.87,3,154.84,11,154.73,8,154.72,2,154.71,27,154.55,3,154.54,2,155.45,1,155.48,1,,,,,,,,,,,,,,,,
2025-04-10 09:30:33,155.28,155.45,1,155.11,7,155.45,1,155.45,155.11,155.11,7,155.09,4,155.08,14,154.87,3,154.84,11,154.73,8,154.72,2,154.71,27,154.55,3,154.54,2,155.45,1,155.48,1,,,,,,,,,,,,,,,,
2025-04-10 09:30:34,155.42,155.29,1,155.19,3,155.65,2,155.65,155.19,155.19,3,155.11,7,155.09,4,155.08,14,154.87,3,154.84,11,154.73,8,154.72,2,154.71,27,154.55,3,155.65,2,,,,,,,,,,,,,,,,,,
2025-04-10 09:30:35,155.415,155.21,4,155.19,3,155.64,1,155.64,155.19,155.19,3,155.11,7,155.09,4,155.08,14,154.87,3,154.84,11,154.73,8,154.72,2,154.71,27,154.55,3,155.64,1,155.65,2,,,,,,,,,,,,,,,,
2025-04-10 09:30:36,155.735,155.71,1,155.5,7,155.97,1,155.97,155.5,155.5,7,155.2,6,155.19,4,155.11,7,155.09,4,155.08,14,154.87,3,154.84,11,154.73,8,154.72,2,155.97,1,,,,,,,,,,,,,,,,,,
2025-04-10 09:30:37,155.73,155.74,1,155.5,11,155.96,1,155.96,155.5,155.5,11,155.2,6,155.19,4,155.11,7,155.09,4,155.08,14,154.87,3,154.84,11,154.73,8,154.72,2,155.96,1,155.97,1,,,,,,,,,,,,,,,,
2025-04-10 09:30:38,155.73,155.73,1,155.5,11,155.96,1,155.96,155.5,155.5,11,155.2,6,155.19,4,155.11,7,155.09,4,155.08,14,154.87,3,154.84,11,154.73,8,154.72,2,155.96,1,155.97,1,,,,,,,,,,,,,,,,
2025-04-10 09:30:39,155.73,155.73,1,155.5,11,155.96,1,155.96,155.5,155.5,11,155.2,6,155.19,4,155.11,7,155.09,4,155.08,14,154.87,3,154.84,11,154.73,8,154.72,2,155.96,1,155.97,1,,,,,,,,,,,,,,,,
2025-04-10 09:30:40,155.73,155.73,1,155.5,11,155.96,1,155.96,155.5,155.5,11,155.2,6,155.19,4,155.11,7,155.09,4,155.08,14,154.87,3,154.84,11,154.73,8,154.72,2,155.96,1,155.97,1,,,,,,,,,,,,,,,,
2025-04-10 09:30:41,155.73,155.73,1,155.5,11,155.96,1,155.96,155.5,155.5,11,155.2,6,155.19,4,155.11,7,155.09,4,155.08,14,154.87,3,154.84,11,154.73,8,154.72,2,155.96,1,155.97,1,,,,,,,,,,,,,,,,
2025-04-10 09:30:42,155.735,155.56,1,155.51,3,155.96,1,155.96,155.51,155.51,3,155.5,11,155.2,6,155.19,4,155.11,7,155.09,4,155.08,14,154.87,3,154.84,11,154.73,8,155.96,1,155.97,1,,,,,,,,,,,,,,,,
2025-04-10 09:30:43,155.735,155.56,1,155.51,3,155.96,1,155.96,155.51,155.51,3,155.5,11,155.2,6,155.19,4,155.11,7,155.09,4,155.08,14,154.87,3,154.84,11,154.73,8,155.96,1,155.97,1,,,,,,,,,,,,,,,,
2025-04-10 09:30:44,155.735,155.74,1,155.51,7,155.96,1,155.96,155.51,155.51,7,155.5,11,155.2,6,155.19,4,155.11,7,155.09,4,155.08,14,154.87,3,154.84,11,154.73,8,155.96,1,155.97,1,,,,,,,,,,,,,,,,
2025-04-10 09:30:45,155.735,155.74,1,155.51,7,155.96,1,155.96,155.51,155.51,7,155.5,11,155.2,6,155.19,4,155.11,7,155.09,4,155.08,14,154.87,3,154.84,11,154.73,8,155.96,1,155.97,1,,,,,,,,,,,,,,,,
2025-04-10 09:30:46,155.735,155.74,1,155.51,7,155.96,1,155.96,155.51,155.51,7,155.5,11,155.2,6,155.19,4,155.11,7,155.09,4,155.08,14,154.87,3,154.84,11,154.73,8,155.96,1,155.97,1,,,,,,,,,,,,,,,,
2025-04-10 09:30:47,155.735,155.69,1,155.51,7,155.96,1,155.96,155.51,155.51,7,155.5,11,155.2,6,155.19,4,155.11,7,155.09,4,155.08,14,154.87,3,154.84,11,154.73,8,155.96,1,155.97,1,,,,,,,,,,,,,,,,
2025-04-10 09:30:48,155.735,155.69,1,155.51,7,155.96,1,155.96,155.51,155.51,7,155.5,11,155.2,6,155.19,4,155.11,7,155.09,4,155.08,14,154.87,3,154.84,11,154.73,8,155.96,1,155.97,1,,,,,,,,,,,,,,,,
2025-04-10 09:30:49,155.735,155.74,1,155.51,7,155.96,1,155.96,155.51,155.51,7,155.5,11,155.2,6,155.19,4,155.11,7,155.09,4,155.08,14,154.87,3,154.84,11,154.73,8,155.96,1,155.97,1,,,,,,,,,,,,,,,,
2025-04-10 09:30:50,155.735,155.76,2,155.51,7,155.96,2,155.96,155.51,155.51,7,155.5,11,155.2,6,155.19,4,155.11,7,155.09,4,155.08,14,154.87,3,154.84,11,154.73,8,155.96,2,155.97,1,,,,,,,,,,,,,,,,
2025-04-10 09:30:51,155.735,155.74,1,155.51,7,155.96,1,155.96,155.51,155.51,7,155.5,11,155.2,6,155.19,4,155.11,7,155.09,4,155.08,14,154.87,3,154.84,11,154.73,8,155.96,1,155.97,1,,,,,,,,,,,,,,,,
2025-04-10 09:30:52,155.73,155.74,1,155.51,6,155.95,2,155.95,155.51,155.51,6,155.5,11,155.2,6,155.19,4,155.11,7,155.09,4,155.08,14,154.87,3,154.84,11,154.73,8,155.95,2,155.96,1,155.97,1,,,,,,,,,,,,,,
2025-04-10 09:30:53,155.65,155.56,1,155.45,6,155.85,1,155.85,155.45,155.45,6,155.2,6,155.19,4,155.11,7,155.09,4,155.08,14,154.87,3,154.84,11,154.73,8,154.72,2,155.85,1,155.94,1,155.95,2,155.96,1,155.97,1,,,,,,,,,,
2025-04-10 09:30:54,155.655,155.47,5,155.46,2,155.85,1,155.85,155.46,155.46,2,155.45,6,155.2,6,155.19,4,155.11,7,155.09,4,155.08,14,154.87,3,154.84,11,154.73,8,155.85,1,155.94,1,155.95,2,155.96,1,155.97,1,,,,,,,,,,
2025-04-10 09:30:55,155.655,155.47,5,155.46,2,155.85,1,155.85,155.46,155.46,2,155.45,6,155.2,6,155.19,4,155.11,7,155.09,4,155.08,14,154.87,3,154.84,11,154.73,8,155.85,1,155.94,1,155.95,2,155.96,1,155.97,1,,,,,,,,,,
2025-04-10 09:30:56,155.705,155.6,1,155.46,3,155.95,2,155.95,155.46,155.46,3,155.45,6,155.2,6,155.19,4,155.11,7,155.09,4,155.08,14,154.87,3,154.84,11,154.73,8,155.95,2,155.96,1,155.97,1,,,,,,,,,,,,,,
2025-04-10 09:30:57,155.705,155.71,2,155.46,3,155.95,2,155.95,155.46,155.46,3,155.45,6,155.2,6,155.19,4,155.11,7,155.09,4,155.08,14,154.87,3,154.84,11,154.73,8,155.95,2,155.96,1,155.97,1,,,,,,,,,,,,,,
2025-04-10 09:30:58,155.705,155.85,2,155.46,3,155.95,2,155.95,155.46,155.46,3,155.45,6,155.2,6,155.19,4,155.11,7,155.09,4,155.08,14,154.87,3,154.84,11,154.73,8,155.95,2,155.96,1,155.97,1,,,,,,,,,,,,,,
2025-04-10 09:30:59,155.705,155.85,2,155.46,3,155.95,5,155.95,155.46,155.46,3,155.45,6,155.2,6,155.19,4,155.11,7,155.09,4,155.08,14,154.87,3,154.84,11,154.73,8,155.95,5,155.96,1,155.97,1,,,,,,,,,,,,,,
2025-04-10 09:31:00,155.95,156.0,1,155.72,3,156.18,2,156.18,155.72,155.72,3,155.71,1,155.48,3,155.47,2,155.46,3,155.45,6,155.2,6,155.19,4,155.11,7,155.09,4,156.18,2,,,,,,,,,,,,,,,,,,
2025-04-10 09:31:01,155.95,156.0,1,155.72,3,156.18,3,156.18,155.72,155.72,3,155.71,1,155.48,3,155.47,2,155.46,3,155.45,6,155.2,6,155.19,4,155.11,7,155.09,4,156.18,3,,,,,,,,,,,,,,,,,,
2025-04-10 09:31:02,155.95,155.95,1,155.72,3,156.18,3,156.18,155.72,155.72,3,155.71,1,155.48,3,155.47,2,155.46,3,155.45,6,155.2,6,155.19,4,155.11,7,155.09,4,156.18,3,,,,,,,,,,,,,,,,,,
2025-04-10 09:31:03,155.93,155.95,1,155.68,1,156.18,3,156.18,155.68,155.68,1,155.67,1,155.48,3,155.47,2,155.46,3,155.45,6,155.2,6,155.19,4,155.11,7,155.09,4,156.18,3,,,,,,,,,,,,,,,,,,
2025-04-10 09:31:04,155.935,156.08,1,155.69,1,156.18,3,156.18,155.69,155.69,1,155.68,1,155.67,1,155.48,3,155.47,2,155.46,3,155.45,6,155.2,6,155.19,4,155.11,7,156.18,3,,,,,,,,,,,,,,,,,,
2025-04-10 09:31:05,155.955,156.08,1,155.74,4,156.17,2,156.17,155.74,155.74,4,155.47,4,155.46,3,155.45,6,155.2,6,155.19,4,155.11,7,155.09,4,155.08,14,154.87,3,156.17,2,156.18,3,,,,,,,,,,,,,,,,
2025-04-10 09:31:06,156.03,156.03,1,155.89,24,156.17,3,156.17,155.89,155.89,24,155.74,4,155.47,4,155.46,3,155.45,6,155.2,6,155.19,4,155.11,7,155.09,4,155.08,14,156.17,3,156.18,3,,,,,,,,,,,,,,,,
2025-04-10 09:31:07,156.03,155.9,1,155.9,9,156.16,3,156.16,155.9,155.9,9,155.74,4,155.47,4,155.46,3,155.45,6,155.2,6,155.19,4,155.11,7,155.09,4,155.08,14,156.16,3,156.17,3,156.18,3,,,,,,,,,,,,,,
2025-04-10 09:31:08,156.025,156.03,2,155.9,18,156.15,3,156.15,155.9,155.9,18,155.74,4,155.47,4,155.46,3,155.45,6,155.2,6,155.19,4,155.11,7,155.09,4,155.08,14,156.15,3,156.16,3,156.17,3,156.18,3,,,,,,,,,,,,
2025-04-10 09:31:09,156.025,156.03,2,155.9,18,156.15,4,156.15,155.9,155.9,18,155.74,4,155.47,4,155.46,3,155.45,6,155.2,6,155.19,4,155.11,7,155.09,4,155.08,14,156.15,4,156.16,3,156.17,3,156.18,3,,,,,,,,,,,,
2025-04-10 09:31:10,156.025,156.12,1,155.9,18,156.15,4,156.15,155.9,155.9,18,155.74,4,155.47,4,155.46,3,155.45,6,155.2,6,155.19,4,155.11,7,155.09,4,155.08,14,156.15,4,156.16,3,156.17,3,156.18,3,,,,,,,,,,,,
2025-04-10 09:31:11,156.025,156.12,1,155.9,18,156.15,4,156.15,155.9,155.9,18,155.74,4,155.47,4,155.46,3,155.45,6,155.2,6,155.19,4,155.11,7,155.09,4,155.08,14,156.15,4,156.16,3,156.17,3,156.18,3,,,,,,,,,,,,
2025-04-10 09:31:12,155.945,155.94,5,155.74,4,156.15,5,156.15,155.74,155.74,4,155.47,4,155.46,3,155.45,6,155.2,6,155.19,4,155.11,7,155.09,4,155.08,14,154.87,3,156.15,5,156.16,3,156.17,3,156.18,3,,,,,,,,,,,,
2025-04-10 09:31:13,155.945,155.94,5,155.74,4,156.15,5,156.15,155.74,155.74,4,155.47,4,155.46,3,155.45,6,155.2,6,155.19,4,155.11,7,155.09,4,155.08,14,154.87,3,156.15,5,156.16,3,156.17,3,156.18,3,,,,,,,,,,,,
2025-04-10 09:31:14,155.945,155.94,5,155.74,4,156.15,5,156.15,155.74,155.74,4,155.47,4,155.46,3,155.45,6,155.2,6,155.19,4,155.11,7,155.09,4,155.08,14,154.87,3,156.15,5,156.16,3,156.17,3,156.18,3,,,,,,,,,,,,
2025-04-10 09:31:15,155.945,155.94,5,155.74,4,156.15,5,156.15,155.74,155.74,4,155.47,4,155.46,3,155.45,6,155.2,6,155.19,4,155.11,7,155.09,4,155.08,14,154.87,3,156.15,5,156.16,3,156.17,3,156.18,3,,,,,,,,,,,,
2025-04-10 09:31:16,155.945,155.94,1,155.74,4,156.15,14,156.15,155.74,155.74,4,155.47,4,155.46,3,155.45,6,155.2,6,155.19,4,155.11,7,155.09,4,155.08,14,154.87,3,156.15,14,156.16,3,156.17,3,156.18,3,,,,,,,,,,,,
2025-04-10 09:31:17,155.945,155.94,1,155.74,4,156.15,14,156.15,155.74,155.74,4,155.47,4,155.46,3,155.45,6,155.2,6,155.19,4,155.11,7,155.09,4,155.08,14,154.87,3,156.15,14,156.16,3,156.17,3,156.18,3,,,,,,,,,,,,
2025-04-10 09:31:18,155.945,155.94,2,155.74,4,156.15,15,156.15,155.74,155.74,4,155.47,4,155.46,3,155.45,6,155.2,6,155.19,4,155.11,7,155.09,4,155.08,14,154.87,3,156.15,15,156.16,3,156.17,3,156.18,3,,,,,,,,,,,,
2025-04-10 09:31:19,155.95,155.94,2,155.75,5,156.15,15,156.15,155.75,155.75,5,155.74,4,155.47,4,155.46,3,155.45,6,155.2,6,155.19,4,155.11,7,155.09,4,155.08,14,156.15,15,156.16,3,156.17,3,156.18,3,,,,,,,,,,,,
2025-04-10 09:31:20,155.95,155.94,2,155.75,5,156.15,15,156.15,155.75,155.75,5,155.74,4,155.47,4,155.46,3,155.45,6,155.2,6,155.19,4,155.11,7,155.09,4,155.08,14,156.15,15,156.16,3,156.17,3,156.18,3,,,,,,,,,,,,
2025-04-10 09:31:21,155.95,155.94,2,155.75,5,156.15,15,156.15,155.75,155.75,5,155.74,4,155.47,4,155.46,3,155.45,6,155.2,6,155.19,4,155.11,7,155.09,4,155.08,14,156.15,15,156.16,3,156.17,3,156.18,3,,,,,,,,,,,,
2025-04-10 09:31:22,155.95,155.94,2,155.75,5,156.15,15,156.15,155.75,155.75,5,155.74,4,155.47,4,155.46,3,155.45,6,155.2,6,155.19,4,155.11,7,155.09,4,155.08,14,156.15,15,156.16,3,156.17,3,156.18,3,,,,,,,,,,,,
2025-04-10 09:31:23,155.95,155.8,1,155.75,5,156.15,15,156.15,155.75,155.75,5,155.74,4,155.47,4,155.46,3,155.45,6,155.2,6,155.19,4,155.11,7,155.09,4,155.08,14,156.15,15,156.16,3,156.17,3,156.18,3,,,,,,,,,,,,
2025-04-10 09:31:24,155.995,156.0,1,155.85,2,156.14,3,156.14,155.85,155.85,2,155.76,1,155.75,5,155.74,4,155.47,4,155.46,3,155.45,6,155.2,6,155.19,4,155.11,7,156.14,3,156.15,14,156.16,3,156.17,3,156.18,3,,,,,,,,,,
2025-04-10 09:31:25,155.995,156.0,2,155.85,3,156.14,2,156.14,155.85,155.85,3,155.76,1,155.75,5,155.74,4,155.47,4,155.46,3,155.45,6,155.2,6,155.19,4,155.11,7,156.14,2,156.15,14,156.16,3,156.17,3,156.18,3,,,,,,,,,,
2025-04-10 09:31:26,155.99,156.0,1,155.85,4,156.13,1,156.13,155.85,155.85,4,155.76,1,155.75,5,155.74,4,155.47,4,155.46,3,155.45,6,155.2,6,155.19,4,155.11,7,156.13,1,156.14,2,156.15,14,156.16,3,156.17,3,156.18,3,,,,,,,,
2025-04-10 09:31:27,156.645,156.5,1,156.48,27,156.81,1,156.81,156.48,156.48,27,156.47,2,156.43,1,156.42,1,156.41,1,156.36,1,156.35,1,156.27,1,156.26,1,156.22,1,156.81,1,,,,,,,,,,,,,,,,,,
2025-04-10 09:31:28,156.31,156.48,1,156.14,4,156.48,3,156.48,156.14,156.14,4,156.08,1,156.01,1,156.0,1,155.85,4,155.76,1,155.75,5,155.74,4,155.47,4,155.46,3,156.48,3,156.49,1,156.8,1,156.81,1,,,,,,,,,,,,
2025-04-10 09:31:29,156.31,156.48,1,156.14,4,156.48,3,156.48,156.14,156.14,4,156.08,1,156.01,1,156.0,1,155.85,4,155.76,1,155.75,5,155.74,4,155.47,4,155.46,3,156.48,3,156.49,1,156.8,1,156.81,1,,,,,,,,,,,,
2025-04-10 09:31:30,156.31,156.48,1,156.14,10,156.48,5,156.48,156.14,156.14,10,156.08,1,156.01,1,156.0,1,155.85,4,155.76,1,155.75,5,155.74,4,155.47,4,155.46,3,156.48,5,156.49,1,156.8,1,156.81,1,,,,,,,,,,,,
2025-04-10 09:31:31,156.31,156.31,1,156.14,10,156.48,5,156.48,156.14,156.14,10,156.08,1,156.01,1,156.0,1,155.85,4,155.76,1,155.75,5,155.74,4,155.47,4,155.46,3,156.48,5,156.49,1,156.8,1,156.81,1,,,,,,,,,,,,
2025-04-10 09:31:32,156.31,156.48,10,156.14,10,156.48,5,156.48,156.14,156.14,10,156.08,1,156.01,1,156.0,1,155.85,4,155.76,1,155.75,5,155.74,4,155.47,4,155.46,3,156.48,5,156.49,1,156.8,1,156.81,1,,,,,,,,,,,,
2025-04-10 09:31:33,156.31,156.14,1,156.14,10,156.48,5,156.48,156.14,156.14,10,156.08,1,156.01,1,156.0,1,155.85,4,155.76,1,155.75,5,155.74,4,155.47,4,155.46,3,156.48,5,156.49,1,156.8,1,156.81,1,,,,,,,,,,,,
2025-04-10 09:31:34,156.31,156.41,2,156.14,10,156.48,5,156.48,156.14,156.14,10,156.08,1,156.01,1,156.0,1,155.85,4,155.76,1,155.75,5,155.74,4,155.47,4,155.46,3,156.48,5,156.49,1,156.8,1,156.81,1,,,,,,,,,,,,
2025-04-10 09:31:35,156.31,156.29,1,156.14,10,156.48,5,156.48,156.14,156.14,10,156.08,1,156.01,1,156.0,1,155.85,4,155.76,1,155.75,5,155.74,4,155.47,4,155.46,3,156.48,5,156.49,1,156.8,1,156.81,1,,,,,,,,,,,,
2025-04-10 09:31:36,156.555,156.56,1,156.31,2,156.8,1,156.8,156.31,156.31,2,156.16,1,156.15,4,156.14,10,156.08,1,156.01,1,156.0,1,155.85,4,155.76,1,155.75,5,156.8,1,156.81,1,,,,,,,,,,,,,,,,
2025-04-10 09:31:37,156.55,156.55,1,156.3,2,156.8,2,156.8,156.3,156.3,2,156.16,1,156.15,4,156.14,10,156.08,1,156.01,1,156.0,1,155.85,4,155.76,1,155.75,5,156.8,2,156.81,1,,,,,,,,,,,,,,,,
2025-04-10 09:31:38,156.55,156.48,5,156.3,2,156.8,2,156.8,156.3,156.3,2,156.16,1,156.15,4,156.14,10,156.08,1,156.01,1,156.0,1,155.85,4,155.76,1,155.75,5,156.8,2,156.81,1,,,,,,,,,,,,,,,,
2025-04-10 09:31:39,156.55,156.44,1,156.3,2,156.8,2,156.8,156.3,156.3,2,156.16,1,156.15,4,156.14,10,156.08,1,156.01,1,156.0,1,155.85,4,155.76,1,155.75,5,156.8,2,156.81,1,,,,,,,,,,,,,,,,
2025-04-10 09:31:40,156.55,156.53,1,156.3,2,156.8,2,156.8,156.3,156.3,2,156.16,1,156.15,4,156.14,10,156.08,1,156.01,1,156.0,1,155.85,4,155.76,1,155.75,5,156.8,2,156.81,1,,,,,,,,,,,,,,,,
2025-04-10 09:31:41,156.55,156.53,1,156.3,2,156.8,2,156.8,156.3,156.3,2,156.16,1,156.15,4,156.14,10,156.08,1,156.01,1,156.0,1,155.85,4,155.76,1,155.75,5,156.8,2,156.81,1,,,,,,,,,,,,,,,,
2025-04-10 09:31:42,156.475,156.35,1,156.15,2,156.8,2,156.8,156.15,156.15,2,156.14,10,156.08,1,156.01,1,156.0,1,155.85,4,155.76,1,155.75,5,155.74,4,155.47,4,156.8,2,156.81,1,,,,,,,,,,,,,,,,
2025-04-10 09:31:43,156.475,156.35,1,156.15,2,156.8,2,156.8,156.15,156.15,2,156.14,10,156.08,1,156.01,1,156.0,1,155.85,4,155.76,1,155.75,5,155.74,4,155.47,4,156.8,2,156.81,1,,,,,,,,,,,,,,,,
2025-04-10 09:31:44,156.475,156.35,1,156.15,2,156.8,2,156.8,156.15,156.15,2,156.14,10,156.08,1,156.01,1,156.0,1,155.85,4,155.76,1,155.75,5,155.74,4,155.47,4,156.8,2,156.81,1,,,,,,,,,,,,,,,,
2025-04-10 09:31:45,156.305,156.18,1,156.15,1,156.46,1,156.46,156.15,156.15,1,156.14,10,156.08,1,156.01,1,156.0,1,155.85,4,155.76,1,155.75,5,155.74,4,155.47,4,156.46,1,156.47,1,156.8,2,156.81,1,,,,,,,,,,,,
2025-04-10 09:31:46,156.305,156.3,1,156.15,1,156.46,4,156.46,156.15,156.15,1,156.14,10,156.08,1,156.01,1,156.0,1,155.85,4,155.76,1,155.75,5,155.74,4,155.47,4,156.46,4,156.47,1,156.8,2,156.81,1,,,,,,,,,,,,
2025-04-10 09:31:47,156.145,156.15,1,156.0,4,156.29,1,156.29,156.0,156.0,4,155.85,4,155.76,1,155.75,5,155.74,4,155.47,4,155.46,3,155.45,6,155.2,6,155.19,4,156.29,1,156.3,2,156.46,3,156.47,1,156.8,2,156.81,1,,,,,,,,
2025-04-10 09:31:48,156.0,155.92,1,155.86,4,156.14,1,156.14,155.86,155.86,4,155.85,14,155.76,1,155.75,5,155.74,4,155.47,4,155.46,3,155.45,6,155.2,6,155.19,4,156.14,1,156.15,1,156.3,1,156.46,3,156.47,1,156.8,2,156.81,1,,,,,,
2025-04-10 09:31:49,155.995,155.9,1,155.86,4,156.13,1,156.13,155.86,155.86,4,155.85,14,155.76,1,155.75,5,155.74,4,155.47,4,155.46,3,155.45,6,155.2,6,155.19,4,156.13,1,156.14,2,156.15,1,156.3,1,156.46,3,156.47,1,156.8,2,156.81,1,,,,
2025-04-10 09:31:50,155.975,155.9,1,155.86,4,156.09,1,156.09,155.86,155.86,4,155.85,14,155.76,1,155.75,5,155.74,4,155.47,4,155.46,3,155.45,6,155.2,6,155.19,4,156.09,1,156.11,1,156.13,1,156.14,2,156.15,1,156.3,1,156.46,3,156.47,1,156.8,2,156.81,1
2025-04-10 09:31:51,156.285,156.45,1,155.94,1,156.63,3,156.63,155.94,155.94,1,155.93,1,155.86,4,155.85,14,155.76,1,155.75,5,155.74,4,155.47,4,155.46,3,155.45,6,156.63,3,156.8,2,156.81,1,,,,,,,,,,,,,,
2025-04-10 09:31:52,156.33,156.57,1,155.94,3,156.72,2,156.72,155.94,155.94,3,155.93,1,155.86,4,155.85,14,155.76,1,155.75,5,155.74,4,155.47,4,155.46,3,155.45,6,156.72,2,156.84,6,156.9,5,,,,,,,,,,,,,,
2025-04-10 09:31:53,156.32,156.57,1,155.94,4,156.7,1,156.7,155.94,155.94,4,155.93,1,155.86,4,155.85,14,155.76,1,155.75,5,155.74,4,155.47,4,155.46,3,155.45,6,156.7,1,156.71,1,156.72,2,156.84,6,156.9,5,,,,,,,,,,
2025-04-10 09:31:54,156.315,156.41,1,155.94,4,156.69,1,156.69,155.94,155.94,4,155.93,1,155.86,4,155.85,14,155.76,1,155.75,5,155.74,4,155.47,4,155.46,3,155.45,6,156.69,1,156.71,1,156.72,2,156.84,6,156.9,5,,,,,,,,,,
2025-04-10 09:31:55,156.28,156.41,1,155.94,4,156.62,1,156.62,155.94,155.94,4,155.93,1,155.86,4,155.85,14,155.76,1,155.75,5,155.74,4,155.47,4,155.46,3,155.45,6,156.62,1,156.71,1,156.72,2,156.84,6,156.9,5,,,,,,,,,,
2025-04-10 09:31:56,156.265,156.41,1,155.94,4,156.59,1,156.59,155.94,155.94,4,155.93,1,155.86,4,155.85,14,155.76,1,155.75,5,155.74,4,155.47,4,155.46,3,155.45,6,156.59,1,156.71,1,156.72,2,156.84,6,156.9,5,,,,,,,,,,
2025-04-10 09:31:57,156.19,156.19,5,156.0,1,156.38,1,156.38,156.0,156.0,1,155.94,4,155.93,1,155.86,4,155.85,14,155.76,1,155.75,5,155.74,4,155.47,4,155.46,3,156.38,1,156.58,1,156.59,1,156.71,1,156.72,2,156.84,6,156.9,5,,,,,,
2025-04-10 09:31:58,156.185,156.19,5,156.0,1,156.37,1,156.37,156.0,156.0,1,155.94,4,155.93,1,155.86,4,155.85,14,155.76,1,155.75,5,155.74,4,155.47,4,155.46,3,156.37,1,156.38,3,156.58,1,156.59,1,156.71,1,156.72,2,156.84,6,156.9,5,,,,
2025-04-10 09:31:59,156.185,156.19,5,156.0,1,156.37,2,156.37,156.0,156.0,1,155.94,4,155.93,1,155.86,4,155.85,14,155.76,1,155.75,5,155.74,4,155.47,4,155.46,3,156.37,2,156.38,3,156.58,1,156.59,1,156.71,1,156.72,2,156.84,6,156.9,5,,,,
2025-04-10 09:32:00,156.185,156.13,1,156.0,1,156.37,2,156.37,156.0,156.0,1,155.94,4,155.93,1,155.86,4,155.85,14,155.76,1,155.75,5,155.74,4,155.47,4,155.46,3,156.37,2,156.38,3,156.58,1,156.59,1,156.71,1,156.72,2,156.84,6,156.9,5,,,,
2025-04-10 09:32:01,156.185,156.13,1,156.0,2,156.37,2,156.37,156.0,156.0,2,155.94,4,155.93,1,155.86,4,155.85,14,155.76,1,155.75,5,155.74,4,155.47,4,155.46,3,156.37,2,156.38,3,156.58,1,156.59,1,156.71,1,156.72,2,156.84,6,156.9,5,,,,
2025-04-10 09:32:02,156.185,156.13,1,156.0,2,156.37,2,156.37,156.0,156.0,2,155.94,4,155.93,1,155.86,4,155.85,14,155.76,1,155.75,5,155.74,4,155.47,4,155.46,3,156.37,2,156.38,3,156.58,1,156.59,1,156.71,1,156.72,2,156.84,6,156.9,5,,,,
2025-04-10 09:32:03,156.185,156.13,1,156.0,2,156.37,2,156.37,156.0,156.0,2,155.94,4,155.93,1,155.86,4,155.85,14,155.76,1,155.75,5,155.74,4,155.47,4,155.46,3,156.37,2,156.38,3,156.58,1,156.59,1,156.71,1,156.72,2,156.84,6,156.9,5,,,,
2025-04-10 09:32:04,155.815,155.82,1,155.63,2,156.0,2,156.0,155.63,155.63,2,155.55,3,155.47,4,155.46,3,155.45,6,155.2,6,155.19,4,155.11,7,155.09,4,155.08,14,156.0,2,156.01,1,156.19,2,156.37,3,156.38,3,156.58,1,156.59,1,156.71,1,156.72,2,156.84,6
2025-04-10 09:32:05,155.91,155.81,1,155.63,4,156.19,5,156.19,155.63,155.63,4,155.55,3,155.47,4,155.46,3,155.45,6,155.2,6,155.19,4,155.11,7,155.09,4,155.08,14,156.19,5,156.37,3,156.38,3,156.58,1,156.59,1,156.71,1,156.72,2,156.84,6,156.9,5,,
2025-04-10 09:32:06,155.905,155.92,1,155.63,4,156.18,2,156.18,155.63,155.63,4,155.55,3,155.47,4,155.46,3,155.45,6,155.2,6,155.19,4,155.11,7,155.09,4,155.08,14,156.18,2,156.19,5,156.37,3,156.38,3,156.58,1,156.59,1,156.71,1,156.72,2,156.84,6,156.9,5
2025-04-10 09:32:07,155.775,155.92,1,155.63,3,155.92,10,155.92,155.63,155.63,3,155.55,3,155.47,4,155.46,3,155.45,6,155.2,6,155.19,4,155.11,7,155.09,4,155.08,14,155.92,10,156.18,4,156.19,5,156.37,3,156.38,3,156.58,1,156.59,1,156.71,1,156.72,2,156.84,6
2025-04-10 09:32:08,155.55,155.4,3,155.35,3,155.75,3,155.75,155.35,155.35,3,155.2,6,155.19,4,155.11,7,155.09,4,155.08,14,154.87,3,154.84,11,154.73,8,154.72,2,155.75,3,155.76,4,155.78,5,155.92,10,156.18,4,156.19,5,156.37,3,156.38,3,156.58,1,156.59,1
2025-04-10 09:32:09,155.655,155.81,1,155.39,1,155.92,10,155.92,155.39,155.39,1,155.37,1,155.35,3,155.2,6,155.19,4,155.11,7,155.09,4,155.08,14,154.87,3,154.84,11,155.92,10,156.18,4,156.19,5,156.37,3,156.38,3,156.58,1,156.59,1,156.71,1,156.72,2,156.84,6
2025-04-10 09:32:10,155.675,155.81,1,155.44,2,155.91,1,155.91,155.44,155.44,2,155.39,1,155.37,1,155.35,3,155.2,6,155.19,4,155.11,7,155.09,4,155.08,14,154.87,3,155.91,1,155.92,10,156.18,4,156.19,5,156.37,3,156.38,3,156.58,1,156.59,1,156.71,1,156.72,2
2025-04-10 09:32:11,155.675,155.81,1,155.44,2,155.91,1,155.91,155.44,155.44,2,155.39,1,155.37,1,155.35,3,155.2,6,155.19,4,155.11,7,155.09,4,155.08,14,154.87,3,155.91,1,155.92,10,156.18,4,156.19,5,156.37,3,156.38,3,156.58,1,156.59,1,156.71,1,156.72,2
2025-04-10 09:32:12,155.63,155.68,1,155.35,4,155.91,2,155.91,155.35,155.35,4,155.2,6,155.19,4,155.11,7,155.09,4,155.08,14,154.87,3,154.84,11,154.73,8,154.72,2,155.91,2,155.92,10,156.18,4,156.19,5,156.37,3,156.38,3,156.58,1,156.59,1,156.71,1,156.72,2
2025-04-10 09:32:13,155.62,155.62,1,155.35,3,155.89,2,155.89,155.35,155.35,3,155.2,6,155.19,4,155.11,7,155.09,4,155.08,14,154.87,3,154.84,11,154.73,8,154.72,2,155.89,2,155.9,2,155.91,4,155.92,10,156.18,4,156.19,5,156.37,3,156.38,3,156.58,1,156.59,1
2025-04-10 09:32:14,155.61,155.62,1,155.35,3,155.87,4,155.87,155.35,155.35,3,155.2,6,155.19,4,155.11,7,155.09,4,155.08,14,154.87,3,154.84,11,154.73,8,154.72,2,155.87,4,155.88,2,155.89,4,155.9,2,155.91,4,155.92,10,156.18,4,156.19,5,156.37,3,156.38,3
2025-04-10 09:32:15,155.565,155.62,1,155.35,3,155.78,3,155.78,155.35,155.35,3,155.2,6,155.19,4,155.11,7,155.09,4,155.08,14,154.87,3,154.84,11,154.73,8,154.72,2,155.78,3,155.86,2,155.87,4,155.88,2,155.89,4,155.9,2,155.91,4,155.92,10,156.18,4,156.19,5
2025-04-10 09:32:16,155.56,155.56,1,155.35,3,155.77,3,155.77,155.35,155.35,3,155.2,6,155.19,4,155.11,7,155.09,4,155.08,14,154.87,3,154.84,11,154.73,8,154.72,2,155.77,3,155.78,5,155.86,2,155.87,4,155.88,2,155.89,4,155.9,2,155.91,4,155.92,10,156.18,4
2025-04-10 09:32:17,155.55,155.56,1,155.35,3,155.75,4,155.75,155.35,155.35,3,155.2,6,155.19,4,155.11,7,155.09,4,155.08,14,154.87,3,154.84,11,154.73,8,154.72,2,155.75,4,155.76,2,155.77,4,155.78,5,155.86,2,155.87,4,155.88,2,155.89,4,155.9,2,155.91,4
2025-04-10 09:32:18,155.565,155.77,1,155.35,3,155.78,4,155.78,155.35,155.35,3,155.2,6,155.19,4,155.11,7,155.09,4,155.08,14,154.87,3,154.84,11,154.73,8,154.72,2,155.78,4,155.86,2,155.87,4,155.88,2,155.89,4,155.9,2,155.91,4,155.92,10,156.18,4,156.19,5
2025-04-10 09:32:19,155.59,155.59,2,155.4,1,155.78,5,155.78,155.4,155.4,1,155.35,3,155.2,6,155.19,4,155.11,7,155.09,4,155.08,14,154.87,3,154.84,11,154.73,8,155.78,5,155.86,2,155.87,4,155.88,2,155.89,4,155.9,2,155.91,4,155.92,10,156.18,4,156.19,5
2025-04-10 09:32:20,155.59,155.59,2,155.4,1,155.78,5,155.78,155.4,155.4,1,155.35,3,155.2,6,155.19,4,155.11,7,155.09,4,155.08,14,154.87,3,154.84,11,154.73,8,155.78,5,155.86,2,155.87,4,155.88,2,155.89,4,155.9,2,155.91,4,155.92,10,156.18,4,156.19,5
2025-04-10 09:32:21,155.595,155.59,2,155.41,2,155.78,3,155.78,155.41,155.41,2,155.35,3,155.2,6,155.19,4,155.11,7,155.09,4,155.08,14,154.87,3,154.84,11,154.73,8,155.78,3,155.86,2,155.87,4,155.88,2,155.89,4,155.9,2,155.91,4,155.92,10,156.18,4,156.19,5
2025-04-10 09:32:22,155.595,155.59,2,155.41,1,155.78,3,155.78,155.41,155.41,1,155.35,3,155.2,6,155.19,4,155.11,7,155.09,4,155.08,14,154.87,3,154.84,11,154.73,8,155.78,3,155.86,2,155.87,4,155.88,2,155.89,4,155.9,2,155.91,4,155.92,10,156.18,4,156.19,5
2025-04-10 09:32:23,155.595,155.54,1,155.41,2,155.78,3,155.78,155.41,155.41,2,155.35,3,155.2,6,155.19,4,155.11,7,155.09,4,155.08,14,154.87,3,154.84,11,154.73,8,155.78,3,155.86,2,155.87,4,155.88,2,155.89,4,155.9,2,155.91,4,155.92,10,156.18,4,156.19,5
2025-04-10 09:32:24,155.595,155.54,1,155.41,2,155.78,4,155.78,155.41,155.41,2,155.35,3,155.2,6,155.19,4,155.11,7,155.09,4,155.08,14,154.87,3,154.84,11,154.73,8,155.78,4,155.86,2,155.87,4,155.88,2,155.89,4,155.9,2,155.91,4,155.92,10,156.18,4,156.19,5
2025-04-10 09:32:25,155.63,155.63,1,155.5,1,155.76,2,155.76,155.5,155.5,1,155.42,1,155.41,2,155.35,3,155.2,6,155.19,4,155.11,7,155.09,4,155.08,14,154.87,3,155.76,2,155.78,4,155.86,2,155.87,4,155.88,2,155.89,4,155.9,2,155.91,4,155.92,10,156.18,4
2025-04-10 09:32:26,155.275,155.35,1,155.03,1,155.52,5,155.52,155.03,155.03,1,154.99,2,154.87,3,154.84,11,154.73,8,154.72,2,154.71,27,154.55,3,154.54,2,154.5,1,155.52,5,155.61,4,155.63,2,155.7,1,155.74,1,155.75,3,155.76,3,155.78,4,155.86,2,155.87,4
2025-04-10 09:32:27,155.275,155.35,1,155.03,2,155.52,5,155.52,155.03,155.03,2,154.99,2,154.87,3,154.84,11,154.73,8,154.72,2,154.71,27,154.55,3,154.54,2,154.5,1,155.52,5,155.61,4,155.63,2,155.7,1,155.74,1,155.75,3,155.76,3,155.78,4,155.86,2,155.87,4
2025-04-10 09:32:28,155.275,155.28,1,155.03,2,155.52,5,155.52,155.03,155.03,2,154.99,2,154.87,3,154.84,11,154.73,8,154.72,2,154.71,27,154.55,3,154.54,2,154.5,1,155.52,5,155.61,4,155.63,2,155.7,1,155.74,1,155.75,3,155.76,3,155.78,4,155.86,2,155.87,4
2025-04-10 09:32:29,155.39,155.38,1,155.26,1,155.52,5,155.52,155.26,155.26,1,155.17,1,155.03,2,154.99,2,154.87,3,154.84,11,154.73,8,154.72,2,154.71,27,154.55,3,155.52,5,155.61,4,155.63,2,155.7,1,155.74,1,155.75,3,155.76,3,155.78,4,155.86,2,155.87,4
2025-04-10 09:32:30,155.39,155.38,1,155.26,1,155.52,5,155.52,155.26,155.26,1,155.17,1,155.03,2,154.99,2,154.87,3,154.84,11,154.73,8,154.72,2,154.71,27,154.55,3,155.52,5,155.61,4,155.63,2,155.7,1,155.74,1,155.75,3,155.76,3,155.78,4,155.86,2,155.87,4
2025-04-10 09:32:31,155.39,155.38,1,155.26,1,155.52,5,155.52,155.26,155.26,1,155.17,1,155.03,2,154.99,2,154.87,3,154.84,11,154.73,8,154.72,2,154.71,27,154.55,3,155.52,5,155.61,4,155.63,2,155.7,1,155.74,1,155.75,3,155.76,3,155.78,4,155.86,2,155.87,4
2025-04-10 09:32:32,155.39,155.38,1,155.26,1,155.52,4,155.52,155.26,155.26,1,155.17,1,155.03,2,154.99,2,154.87,3,154.84,11,154.73,8,154.72,2,154.71,27,154.55,3,155.52,4,155.61,4,155.63,2,155.7,1,155.74,1,155.75,3,155.76,3,155.78,4,155.86,2,155.87,4
2025-04-10 09:32:33,155.385,155.28,2,155.26,1,155.51,3,155.51,155.26,155.26,1,155.17,1,155.03,2,154.99,2,154.87,3,154.84,11,154.73,8,154.72,2,154.71,27,154.55,3,155.51,3,155.52,4,155.61,4,155.63,2,155.7,1,155.74,1,155.75,3,155.76,3,155.78,4,155.86,2
2025-04-10 09:32:34,155.48,155.57,1,155.39,1,155.76,3,155.76,155.39,155.39,1,155.38,1,155.26,1,155.17,1,155.03,2,154.99,2,154.87,3,154.84,11,154.73,8,154.72,2,155.57,1,155.61,4,155.63,2,155.7,1,155.74,1,155.75,3,155.76,3,155.78,4,155.86,2,155.87,4
2025-04-10 09:32:35,155.605,155.93,7,155.22,3,155.99,2,155.99,155.22,155.22,3,155.19,1,155.17,1,155.03,2,154.99,2,154.87,3,154.84,11,154.73,8,154.72,2,154.71,27,155.99,2,156.0,3,156.18,7,156.19,5,156.37,3,156.38,3,156.58,1,156.59,1,156.71,1,156.72,2
2025-04-10 09:32:36,155.6,155.93,7,155.23,3,155.97,3,155.97,155.23,155.23,3,155.22,3,155.19,1,155.17,1,155.03,2,154.99,2,154.87,3,154.84,11,154.73,8,154.72,2,155.97,3,155.98,2,155.99,4,156.0,3,156.18,7,156.19,5,156.37,3,156.38,3,156.58,1,156.59,1
2025-04-10 09:32:37,155.6,155.93,7,155.23,3,155.97,3,155.97,155.23,155.23,3,155.22,3,155.19,1,155.17,1,155.03,2,154.99,2,154.87,3,154.84,11,154.73,8,154.72,2,155.97,3,155.98,2,155.99,4,156.0,3,156.18,7,156.19,5,156.37,3,156.38,3,156.58,1,156.59,1
2025-04-10 09:32:38,155.6,155.34,1,155.23,3,155.97,9,155.97,155.23,155.23,3,155.22,3,155.19,1,155.17,1,155.03,2,154.99,2,154.87,3,154.84,11,154.73,8,154.72,2,155.97,9,155.98,2,155.99,4,156.0,3,156.18,7,156.19,5,156.37,3,156.38,3,156.58,1,156.59,1
2025-04-10 09:32:39,155.6,155.34,1,155.23,3,155.97,10,155.97,155.23,155.23,3,155.22,3,155.19,1,155.17,1,155.03,2,154.99,2,154.87,3,154.84,11,154.73,8,154.72,2,155.97,10,155.98,2,155.99,4,156.0,3,156.18,7,156.19,5,156.37,3,156.38,3,156.58,1,156.59,1
2025-04-10 09:32:40,155.6,155.77,1,155.23,4,155.97,10,155.97,155.23,155.23,4,155.22,3,155.19,1,155.17,1,155.03,2,154.99,2,154.87,3,154.84,11,154.73,8,154.72,2,155.97,10,155.98,2,155.99,4,156.0,3,156.18,7,156.19,5,156.37,3,156.38,3,156.58,1,156.59,1
2025-04-10 09:32:41,155.6,155.77,1,155.23,4,155.97,10,155.97,155.23,155.23,4,155.22,3,155.19,1,155.17,1,155.03,2,154.99,2,154.87,3,154.84,11,154.73,8,154.72,2,155.97,10,155.98,2,155.99,4,156.0,3,156.18,7,156.19,5,156.37,3,156.38,3,156.58,1,156.59,1
2025-04-10 09:32:42,155.6,155.6,1,155.23,4,155.97,10,155.97,155.23,155.23,4,155.22,3,155.19,1,155.17,1,155.03,2,154.99,2,154.87,3,154.84,11,154.73,8,154.72,2,155.97,10,155.98,2,155.99,4,156.0,3,156.18,7,156.19,5,156.37,3,156.38,3,156.58,1,156.59,1
2025-04-10 09:32:43,155.6,155.64,2,155.23,4,155.97,10,155.97,155.23,155.23,4,155.22,3,155.19,1,155.17,1,155.03,2,154.99,2,154.87,3,154.84,11,154.73,8,154.72,2,155.97,10,155.98,2,155.99,4,156.0,3,156.18,7,156.19,5,156.37,3,156.38,3,156.58,1,156.59,1
2025-04-10 09:32:44,155.585,155.63,1,155.23,2,155.94,1,155.94,155.23,155.23,2,155.22,3,155.19,1,155.17,1,155.03,2,154.99,2,154.87,3,154.84,11,154.73,8,154.72,2,155.94,1,155.97,9,155.98,2,155.99,4,156.0,3,156.18,7,156.19,5,156.37,3,156.38,3,156.58,1
2025-04-10 09:32:45,155.585,155.63,1,155.23,2,155.94,1,155.94,155.23,155.23,2,155.22,3,155.19,1,155.17,1,155.03,2,154.99,2,154.87,3,154.84,11,154.73,8,154.72,2,155.94,1,155.97,9,155.98,2,155.99,4,156.0,3,156.18,7,156.19,5,156.37,3,156.38,3,156.58,1
2025-04-10 09:32:46,155.58,155.59,2,155.23,2,155.93,1,155.93,155.23,155.23,2,155.22,3,155.19,1,155.17,1,155.03,2,154.99,2,154.87,3,154.84,11,154.73,8,154.72,2,155.93,1,155.94,1,155.97,9,155.98,2,155.99,4,156.0,3,156.18,7,156.19,5,156.37,3,156.38,3
2025-04-10 09:32:47,155.575,155.8,1,155.23,3,155.92,1,155.92,155.23,155.23,3,155.22,3,155.19,1,155.17,1,155.03,2,154.99,2,154.87,3,154.84,11,154.73,8,154.72,2,155.92,1,155.93,5,155.94,1,155.97,9,155.98,2,155.99,4,156.0,3,156.18,7,156.19,5,156.37,3
2025-04-10 09:32:48,155.575,155.8,1,155.23,3,155.92,1,155.92,155.23,155.23,3,155.22,3,155.19,1,155.17,1,155.03,2,154.99,2,154.87,3,154.84,11,154.73,8,154.72,2,155.92,1,155.93,5,155.94,1,155.97,9,155.98,2,155.99,4,156.0,3,156.18,7,156.19,5,156.37,3
2025-04-10 09:32:49,155.705,155.8,1,155.5,5,155.91,1,155.91,155.5,155.5,5,155.23,2,155.22,3,155.19,1,155.17,1,155.03,2,154.99,2,154.87,3,154.84,11,154.73,8,155.91,1,155.92,2,155.93,5,155.94,1,155.97,9,155.98,2,155.99,4,156.0,3,156.18,7,156.19,5
2025-04-10 09:32:50,155.86,155.97,1,155.52,2,156.2,6,156.2,155.52,155.52,2,155.51,2,155.5,5,155.23,2,155.22,3,155.19,1,155.17,1,155.03,2,154.99,2,154.87,3,156.2,6,156.37,3,156.38,3,156.58,1,156.59,1,156.71,1,156.72,2,156.84,6,156.9,5,,
2025-04-10 09:32:51,155.985,155.99,1,155.77,1,156.2,6,156.2,155.77,155.77,1,155.53,1,155.52,2,155.51,2,155.5,5,155.23,2,155.22,3,155.19,1,155.17,1,155.03,2,156.2,6,156.37,3,156.38,3,156.58,1,156.59,1,156.71,1,156.72,2,156.84,6,156.9,5,,
2025-04-10 09:32:52,155.835,155.99,1,155.52,3,156.15,2,156.15,155.52,155.52,3,155.51,2,155.5,5,155.23,2,155.22,3,155.19,1,155.17,1,155.03,2,154.99,2,154.87,3,156.15,2,156.2,7,156.37,3,156.38,3,156.58,1,156.59,1,156.71,1,156.72,2,156.84,6,156.9,5
2025-04-10 09:32:53,155.835,155.86,3,155.52,3,156.15,2,156.15,155.52,155.52,3,155.51,2,155.5,5,155.23,2,155.22,3,155.19,1,155.17,1,155.03,2,154.99,2,154.87,3,156.15,2,156.2,7,156.37,3,156.38,3,156.58,1,156.59,1,156.71,1,156.72,2,156.84,6,156.9,5
2025-04-10 09:32:54,155.86,155.86,3,155.6,2,156.12,1,156.12,155.6,155.6,2,155.52,5,155.51,2,155.5,5,155.23,2,155.22,3,155.19,1,155.17,1,155.03,2,154.99,2,156.12,1,156.15,2,156.2,7,156.37,3,156.38,3,156.58,1,156.59,1,156.71,1,156.72,2,156.84,6
2025-04-10 09:32:55,155.89,156.13,1,155.6,2,156.18,2,156.18,155.6,155.6,2,155.52,5,155.51,2,155.5,5,155.23,2,155.22,3,155.19,1,155.17,1,155.03,2,154.99,2,156.18,2,156.19,2,156.2,2,156.24,1,156.37,3,156.38,3,156.58,1,156.59,1,156.71,1,156.72,2
2025-04-10 09:32:56,156.195,156.18,1,155.97,2,156.42,1,156.42,155.97,155.97,2,155.6,2,155.52,5,155.51,2,155.5,5,155.23,2,155.22,3,155.19,1,155.17,1,155.03,2,156.42,1,156.5,1,156.57,2,156.58,1,156.59,1,156.71,1,156.72,2,156.84,6,156.9,5,,
2025-04-10 09:32:57,156.195,156.18,1,155.97,2,156.42,3,156.42,155.97,155.97,2,155.6,2,155.52,5,155.51,2,155.5,5,155.23,2,155.22,3,155.19,1,155.17,1,155.03,2,156.42,3,156.5,1,156.57,2,156.58,1,156.59,1,156.71,1,156.72,2,156.84,6,156.9,5,,
2025-04-10 09:32:58,156.195,156.34,1,155.97,2,156.42,3,156.42,155.97,155.97,2,155.6,2,155.52,5,155.51,2,155.5,5,155.23,2,155.22,3,155.19,1,155.17,1,155.03,2,156.42,3,156.5,1,156.57,2,156.58,1,156.59,1,156.71,1,156.72,2,156.84,6,156.9,5,,
2025-04-10 09:32:59,156.415,156.64,1,156.11,1,156.72,4,156.72,156.11,156.11,1,155.99,2,155.98,4,155.97,3,155.6,2,155.52,5,155.51,2,155.5,5,155.23,2,155.22,3,156.72,4,156.84,6,156.9,5,,,,,,,,,,,,,,
2025-04-10 09:33:00,156.34,156.11,5,156.11,1,156.57,3,156.57,156.11,156.11,1,155.99,2,155.98,4,155.97,3,155.6,2,155.52,5,155.51,2,155.5,5,155.23,2,155.22,3,156.57,3,156.68,2,156.72,6,156.84,6,156.9,5,,,,,,,,,,
2025-04-10 09:33:01,156.235,156.11,5,155.99,2,156.48,3,156.48,155.99,155.99,2,155.98,4,155.97,3,155.6,2,155.52,5,155.51,2,155.5,5,155.23,2,155.22,3,155.19,1,156.48,3,156.57,3,156.68,2,156.72,6,156.84,6,156.9,5,,,,,,,,
2025-04-10 09:33:02,156.195,156.11,5,155.99,4,156.4,1,156.4,155.99,155.99,4,155.98,4,155.97,3,155.6,2,155.52,5,155.51,2,155.5,5,155.23,2,155.22,3,155.19,1,156.4,1,156.48,3,156.57,3,156.68,2,156.72,6,156.84,6,156.9,5,,,,,,
2025-04-10 09:33:03,156.195,156.19,2,155.99,3,156.4,4,156.4,155.99,155.99,3,155.98,4,155.97,3,155.6,2,155.52,5,155.51,2,155.5,5,155.23,2,155.22,3,155.19,1,156.4,4,156.48,3,156.57,3,156.68,2,156.72,6,156.84,6,156.9,5,,,,,,
2025-04-10 09:33:04,156.18,156.31,1,155.99,2,156.37,1,156.37,155.99,155.99,2,155.98,4,155.97,3,155.6,2,155.52,5,155.51,2,155.5,5,155.23,2,155.22,3,155.19,1,156.37,1,156.4,4,156.48,3,156.57,3,156.68,2,156.72,6,156.84,6,156.9,5,,,,
2025-04-10 09:33:05,156.175,156.05,1,155.99,2,156.36,3,156.36,155.99,155.99,2,155.98,4,155.97,3,155.6,2,155.52,5,155.51,2,155.5,5,155.23,2,155.22,3,155.19,1,156.36,3,156.37,1,156.4,4,156.48,3,156.57,3,156.68,2,156.72,6,156.84,6,156.9,5,,
2025-04-10 09:33:06,156.215,156.22,1,156.07,1,156.36,5,156.36,156.07,156.07,1,156.05,3,155.99,4,155.98,4,155.97,3,155.6,2,155.52,5,155.51,2,155.5,5,155.23,2,156.36,5,156.37,1,156.4,4,156.48,3,156.57,3,156.68,2,156.72,6,156.84,6,156.9,5,,
2025-04-10 09:33:07,156.21,156.21,1,156.07,1,156.35,2,156.35,156.07,156.07,1,156.05,3,155.99,4,155.98,4,155.97,3,155.6,2,155.52,5,155.51,2,155.5,5,155.23,2,156.35,2,156.36,5,156.37,1,156.4,4,156.48,3,156.57,3,156.68,2,156.72,6,156.84,6,156.9,5
2025-04-10 09:33:08,156.275,156.35,1,156.13,1,156.42,2,156.42,156.13,156.13,1,156.05,1,155.99,4,155.98,4,155.97,3,155.6,2,155.52,5,155.51,2,155.5,5,155.23,2,156.42,2,156.68,1,156.72,6,156.84,6,156.9,5,,,,,,,,,,
2025-04-10 09:33:09,156.35,156.35,1,155.98,6,156.72,7,156.72,155.98,155.98,6,155.97,3,155.6,2,155.52,5,155.51,2,155.5,5,155.23,2,155.22,3,155.19,1,155.17,1,156.72,7,156.84,6,156.9,5,,,,,,,,,,,,,,
2025-04-10 09:33:10,156.35,156.35,1,155.98,7,156.72,7,156.72,155.98,155.98,7,155.97,3,155.6,2,155.52,5,155.51,2,155.5,5,155.23,2,155.22,3,155.19,1,155.17,1,156.72,7,156.84,6,156.9,5,,,,,,,,,,,,,,
2025-04-10 09:33:11,156.355,156.35,3,155.99,2,156.72,7,156.72,155.99,155.99,2,155.98,7,155.97,3,155.6,2,155.52,5,155.51,2,155.5,5,155.23,2,155.22,3,155.19,1,156.72,7,156.84,6,156.9,5,,,,,,,,,,,,,,
2025-04-10 09:33:12,156.355,156.35,2,155.99,2,156.72,9,156.72,155.99,155.99,2,155.98,7,155.97,3,155.6,2,155.52,5,155.51,2,155.5,5,155.23,2,155.22,3,155.19,1,156.72,9,156.84,6,156.9,5,,,,,,,,,,,,,,
2025-04-10 09:33:13,156.355,156.35,1,155.99,2,156.72,9,156.72,155.99,155.99,2,155.98,7,155.97,3,155.6,2,155.52,5,155.51,2,155.5,5,155.23,2,155.22,3,155.19,1,156.72,9,156.84,6,156.9,5,,,,,,,,,,,,,,
2025-04-10 09:33:14,156.525,156.71,1,156.33,1,156.72,9,156.72,156.33,156.33,1,156.14,1,156.07,1,156.06,1,155.99,2,155.98,7,155.97,3,155.6,2,155.52,5,155.51,2,156.72,9,156.84,6,156.9,5,,,,,,,,,,,,,,
2025-04-10 09:33:15,156.645,156.72,1,156.39,2,156.9,5,156.9,156.39,156.39,2,156.35,1,156.34,3,156.33,3,156.14,1,156.07,1,156.06,1,155.99,2,155.98,7,155.97,3,156.9,5,,,,,,,,,,,,,,,,,,
2025-04-10 09:33:16,156.685,156.72,1,156.47,7,156.9,5,156.9,156.47,156.47,7,156.4,1,156.39,3,156.35,1,156.34,3,156.33,3,156.14,1,156.07,1,156.06,1,155.99,2,156.9,5,,,,,,,,,,,,,,,,,,
2025-04-10 09:33:17,156.745,156.9,4,156.57,8,156.92,5,156.92,156.57,156.57,8,156.47,6,156.4,1,156.39,3,156.35,1,156.34,3,156.33,3,156.14,1,156.07,1,156.06,1,156.92,5,,,,,,,,,,,,,,,,,,
2025-04-10 09:33:18,156.78,156.82,1,156.64,3,156.92,3,156.92,156.64,156.64,3,156.57,7,156.47,6,156.4,1,156.39,3,156.35,1,156.34,3,156.33,3,156.14,1,156.07,1,156.92,3,156.98,1,,,,,,,,,,,,,,,,
2025-04-10 09:33:19,156.815,156.92,3,156.71,1,156.92,5,156.92,156.71,156.71,1,156.64,3,156.57,7,156.47,6,156.4,1,156.39,3,156.35,1,156.34,3,156.33,3,156.14,1,156.92,5,156.98,1,,,,,,,,,,,,,,,,
2025-04-10 09:33:20,156.93,156.93,1,156.71,6,157.15,4,157.15,156.71,156.71,6,156.67,5,156.65,1,156.64,4,156.57,7,156.47,6,156.4,1,156.39,3,156.35,1,156.34,3,157.15,4,,,,,,,,,,,,,,,,,,
2025-04-10 09:33:21,156.885,157.02,1,156.71,6,157.06,5,157.06,156.71,156.71,6,156.67,5,156.65,1,156.64,4,156.57,7,156.47,6,156.4,1,156.39,3,156.35,1,156.34,3,157.06,5,157.15,4,,,,,,,,,,,,,,,,
2025-04-10 09:33:22,156.89,157.02,1,156.72,1,157.06,5,157.06,156.72,156.72,1,156.71,6,156.67,5,156.65,1,156.64,4,156.57,7,156.47,6,156.4,1,156.39,3,156.35,1,157.06,5,157.15,4,,,,,,,,,,,,,,,,
2025-04-10 09:33:23,156.89,156.89,1,156.72,1,157.06,6,157.06,156.72,156.72,1,156.71,6,156.67,5,156.65,1,156.64,4,156.57,7,156.47,6,156.4,1,156.39,3,156.35,1,157.06,6,157.15,4,,,,,,,,,,,,,,,,
2025-04-10 09:33:24,156.855,157.04,1,156.72,1,156.99,1,156.99,156.72,156.72,1,156.71,6,156.67,5,156.65,1,156.64,4,156.57,7,156.47,6,156.4,1,156.39,3,156.35,1,156.99,1,157.05,1,157.06,6,157.15,4,,,,,,,,,,,,
2025-04-10 09:33:25,156.855,156.85,1,156.72,1,156.99,5,156.99,156.72,156.72,1,156.71,6,156.67,5,156.65,1,156.64,4,156.57,7,156.47,6,156.4,1,156.39,3,156.35,1,156.99,5,157.05,1,157.06,6,157.15,4,,,,,,,,,,,,
2025-04-10 09:33:26,156.855,156.85,1,156.72,8,156.99,5,156.99,156.72,156.72,8,156.71,6,156.67,5,156.65,1,156.64,4,156.57,7,156.47,6,156.4,1,156.39,3,156.35,1,156.99,5,157.05,1,157.06,6,157.15,4,,,,,,,,,,,,
2025-04-10 09:33:27,156.69,156.75,1,156.39,1,156.99,5,156.99,156.39,156.39,1,156.38,2,156.35,1,156.34,3,156.33,3,156.14,1,156.07,1,156.06,1,155.99,2,155.98,7,156.99,5,157.05,1,157.06,6,157.15,4,,,,,,,,,,,,
2025-04-10 09:33:28,156.69,156.69,1,156.39,2,156.99,5,156.99,156.39,156.39,2,156.38,2,156.35,1,156.34,3,156.33,3,156.14,1,156.07,1,156.06,1,155.99,2,155.98,7,156.99,5,157.05,1,157.06,6,157.15,4,,,,,,,,,,,,
2025-04-10 09:33:29,156.69,156.82,2,156.39,2,156.99,5,156.99,156.39,156.39,2,156.38,2,156.35,1,156.34,3,156.33,3,156.14,1,156.07,1,156.06,1,155.99,2,155.98,7,156.99,5,157.05,1,157.06,6,157.15,4,,,,,,,,,,,,
2025-04-10 09:33:30,156.865,156.98,1,156.58,2,157.15,4,157.15,156.58,156.58,2,156.39,1,156.38,2,156.35,1,156.34,3,156.33,3,156.14,1,156.07,1,156.06,1,155.99,2,157.15,4,,,,,,,,,,,,,,,,,,
2025-04-10 09:33:31,156.87,156.86,1,156.59,2,157.15,4,157.15,156.59,156.59,2,156.58,2,156.39,1,156.38,2,156.35,1,156.34,3,156.33,3,156.14,1,156.07,1,156.06,1,157.15,4,,,,,,,,,,,,,,,,,,
2025-04-10 09:33:32,156.87,156.83,1,156.59,2,157.15,5,157.15,156.59,156.59,2,156.58,2,156.39,1,156.38,2,156.35,1,156.34,3,156.33,3,156.14,1,156.07,1,156.06,1,157.15,5,,,,,,,,,,,,,,,,,,
2025-04-10 09:33:33,156.87,156.8,1,156.59,1,157.15,5,157.15,156.59,156.59,1,156.58,2,156.39,1,156.38,2,156.35,1,156.34,3,156.33,3,156.14,1,156.07,1,156.06,1,157.15,5,,,,,,,,,,,,,,,,,,
2025-04-10 09:33:34,156.57,156.76,2,156.38,2,156.76,3,156.76,156.38,156.38,2,156.35,1,156.34,3,156.33,3,156.14,1,156.07,1,156.06,1,155.99,2,155.98,7,155.97,3,156.76,3,157.14,1,157.15,5,,,,,,,,,,,,,,
2025-04-10 09:33:35,156.57,156.47,1,156.38,2,156.76,3,156.76,156.38,156.38,2,156.35,1,156.34,3,156.33,3,156.14,1,156.07,1,156.06,1,155.99,2,155.98,7,155.97,3,156.76,3,157.14,1,157.15,5,,,,,,,,,,,,,,
2025-04-10 09:33:36,156.6,156.65,1,156.44,1,156.76,3,156.76,156.44,156.44,1,156.38,2,156.35,1,156.34,3,156.33,3,156.14,1,156.07,1,156.06,1,155.99,2,155.98,7,156.76,3,157.14,1,157.15,5,,,,,,,,,,,,,,
2025-04-10 09:33:37,156.57,156.65,1,156.38,2,156.76,3,156.76,156.38,156.38,2,156.35,1,156.34,3,156.33,3,156.14,1,156.07,1,156.06,1,155.99,2,155.98,7,155.97,3,156.76,3,157.14,1,157.15,5,,,,,,,,,,,,,,
2025-04-10 09:33:38,156.57,156.76,1,156.38,2,156.76,3,156.76,156.38,156.38,2,156.35,1,156.34,3,156.33,3,156.14,1,156.07,1,156.06,1,155.99,2,155.98,7,155.97,3,156.76,3,157.14,1,157.15,5,,,,,,,,,,,,,,
2025-04-10 09:33:39,156.575,156.47,5,156.39,1,156.76,3,156.76,156.39,156.39,1,156.38,2,156.35,1,156.34,3,156.33,3,156.14,1,156.07,1,156.06,1,155.99,2,155.98,7,156.76,3,157.14,1,157.15,5,,,,,,,,,,,,,,
2025-04-10 09:33:40,156.575,156.57,1,156.39,1,156.76,3,156.76,156.39,156.39,1,156.38,2,156.35,1,156.34,3,156.33,3,156.14,1,156.07,1,156.06,1,155.99,2,155.98,7,156.76,3,157.14,1,157.15,5,,,,,,,,,,,,,,
2025-04-10 09:33:41,156.575,156.57,1,156.39,1,156.76,3,156.76,156.39,156.39,1,156.38,2,156.35,1,156.34,3,156.33,3,156.14,1,156.07,1,156.06,1,155.99,2,155.98,7,156.76,3,157.14,1,157.15,5,,,,,,,,,,,,,,
2025-04-10 09:33:42,156.575,156.65,1,156.39,2,156.76,5,156.76,156.39,156.39,2,156.38,2,156.35,1,156.34,3,156.33,3,156.14,1,156.07,1,156.06,1,155.99,2,155.98,7,156.76,5,157.14,1,157.15,5,,,,,,,,,,,,,,
2025-04-10 09:33:43,156.575,156.63,1,156.39,3,156.76,5,156.76,156.39,156.39,3,156.38,2,156.35,1,156.34,3,156.33,3,156.14,1,156.07,1,156.06,1,155.99,2,155.98,7,156.76,5,157.14,1,157.15,5,,,,,,,,,,,,,,
2025-04-10 09:33:44,156.545,156.63,1,156.39,2,156.7,1,156.7,156.39,156.39,2,156.38,2,156.35,1,156.34,3,156.33,3,156.14,1,156.07,1,156.06,1,155.99,2,155.98,7,156.7,1,156.76,5,157.14,1,157.15,5,,,,,,,,,,,,
2025-04-10 09:33:45,156.55,156.63,1,156.4,1,156.7,2,156.7,156.4,156.4,1,156.39,2,156.38,2,156.35,1,156.34,3,156.33,3,156.14,1,156.07,1,156.06,1,155.99,2,156.7,2,156.76,5,157.14,1,157.15,5,,,,,,,,,,,,
2025-04-10 09:33:46,156.545,156.52,1,156.4,2,156.69,1,156.69,156.4,156.4,2,156.39,2,156.38,2,156.35,1,156.34,3,156.33,3,156.14,1,156.07,1,156.06,1,155.99,2,156.69,1,156.7,2,156.76,5,157.14,1,157.15,5,,,,,,,,,,
2025-04-10 09:33:47,156.545,156.54,1,156.4,2,156.69,1,156.69,156.4,156.4,2,156.39,2,156.38,2,156.35,1,156.34,3,156.33,3,156.14,1,156.07,1,156.06,1,155.99,2,156.69,1,156.7,2,156.76,5,157.14,1,157.15,5,,,,,,,,,,
2025-04-10 09:33:49,156.585,156.71,1,156.4,2,156.77,1,156.77,156.4,156.4,2,156.39,2,156.38,2,156.35,1,156.34,3,156.33,3,156.14,1,156.07,1,156.06,1,155.99,2,156.77,1,157.14,1,157.15,5,,,,,,,,,,,,,,
2025-04-10 09:33:49,156.585,156.71,1,156.4,2,156.77,1,156.77,156.4,156.4,2,156.39,2,156.38,2,156.35,1,156.34,3,156.33,3,156.14,1,156.07,1,156.06,1,155.99,2,156.77,1,157.14,1,157.15,5,,,,,,,,,,,,,,
2025-04-10 09:33:50,156.585,156.59,1,156.4,2,156.77,1,156.77,156.4,156.4,2,156.39,2,156.38,2,156.35,1,156.34,3,156.33,3,156.14,1,156.07,1,156.06,1,155.99,2,156.77,1,157.14,1,157.15,5,,,,,,,,,,,,,,
2025-04-10 09:33:51,156.585,156.59,1,156.4,2,156.77,1,156.77,156.4,156.4,2,156.39,2,156.38,2,156.35,1,156.34,3,156.33,3,156.14,1,156.07,1,156.06,1,155.99,2,156.77,1,157.14,1,157.15,5,,,,,,,,,,,,,,
2025-04-10 09:33:53,156.585,156.59,1,156.4,2,156.77,1,156.77,156.4,156.4,2,156.39,2,156.38,2,156.35,1,156.34,3,156.33,3,156.14,1,156.07,1,156.06,1,155.99,2,156.77,1,157.14,1,157.15,5,,,,,,,,,,,,,,
2025-04-10 09:33:53,156.585,156.59,1,156.4,3,156.77,1,156.77,156.4,156.4,3,156.39,2,156.38,2,156.35,1,156.34,3,156.33,3,156.14,1,156.07,1,156.06,1,155.99,2,156.77,1,157.14,1,157.15,5,,,,,,,,,,,,,,
2025-04-10 09:33:55,156.46,156.46,1,156.32,2,156.6,3,156.6,156.32,156.32,2,156.31,4,156.14,1,156.07,1,156.06,1,155.99,2,155.98,7,155.97,3,155.6,2,155.52,5,156.6,3,156.7,3,156.77,1,157.14,1,157.15,5,,,,,,,,,,
2025-04-10 09:33:56,156.455,156.46,1,156.32,5,156.59,1,156.59,156.32,156.32,5,156.31,4,156.14,1,156.07,1,156.06,1,155.99,2,155.98,7,155.97,3,155.6,2,155.52,5,156.59,1,156.6,3,156.7,3,156.77,1,157.14,1,157.15,5,,,,,,,,
2025-04-10 09:33:57,156.36,156.34,1,156.14,4,156.58,3,156.58,156.14,156.14,4,156.07,1,156.06,1,155.99,2,155.98,7,155.97,3,155.6,2,155.52,5,155.51,2,155.5,5,156.58,3,156.59,1,156.6,3,156.7,3,156.77,1,157.14,1,157.15,5,,,,,,
2025-04-10 09:33:58,156.365,156.36,1,156.15,1,156.58,4,156.58,156.15,156.15,1,156.13,1,156.07,1,156.06,1,155.99,2,155.98,7,155.97,3,155.6,2,155.52,5,155.51,2,156.58,4,156.59,1,156.6,3,156.7,3,156.77,1,157.14,1,157.15,5,,,,,,
2025-04-10 09:33:58,156.365,156.36,1,156.15,1,156.58,3,156.58,156.15,156.15,1,156.13,1,156.07,1,156.06,1,155.99,2,155.98,7,155.97,3,155.6,2,155.52,5,155.51,2,156.58,3,156.59,1,156.6,3,156.7,3,156.77,1,157.14,1,157.15,5,,,,,,
2025-04-10 09:34:00,156.365,156.37,1,156.15,1,156.58,2,156.58,156.15,156.15,1,156.13,1,156.07,1,156.06,1,155.99,2,155.98,7,155.97,3,155.6,2,155.52,5,155.51,2,156.58,2,156.59,1,156.6,3,156.7,3,156.77,1,157.14,1,157.15,5,,,,,,
2025-04-10 09:34:01,156.365,156.32,1,156.15,1,156.58,2,156.58,156.15,156.15,1,156.13,1,156.07,1,156.06,1,155.99,2,155.98,7,155.97,3,155.6,2,155.52,5,155.51,2,156.58,2,156.59,1,156.6,3,156.7,3,156.77,1,157.14,1,157.15,5,,,,,,
2025-04-10 09:34:01,156.385,156.39,1,156.19,1,156.58,3,156.58,156.19,156.19,1,156.15,2,156.13,1,156.07,1,156.06,1,155.99,2,155.98,7,155.97,3,155.6,2,155.52,5,156.58,3,156.59,1,156.6,3,156.7,3,156.77,1,157.14,1,157.15,5,,,,,,
2025-04-10 09:34:02,156.385,156.39,1,156.19,3,156.58,3,156.58,156.19,156.19,3,156.15,2,156.13,1,156.07,1,156.06,1,155.99,2,155.98,7,155.97,3,155.6,2,155.52,5,156.58,3,156.59,1,156.6,3,156.7,3,156.77,1,157.14,1,157.15,5,,,,,,
2025-04-10 09:34:04,156.385,156.38,2,156.19,1,156.58,3,156.58,156.19,156.19,1,156.15,2,156.13,1,156.07,1,156.06,1,155.99,2,155.98,7,155.97,3,155.6,2,155.52,5,156.58,3,156.59,1,156.6,3,156.7,3,156.77,1,157.14,1,157.15,5,,,,,,
2025-04-10 09:34:04,156.39,156.38,1,156.2,1,156.58,2,156.58,156.2,156.2,1,156.19,3,156.15,2,156.13,1,156.07,1,156.06,1,155.99,2,155.98,7,155.97,3,155.6,2,156.58,2,156.59,1,156.6,3,156.7,3,156.77,1,157.14,1,157.15,5,,,,,,
2025-04-10 09:34:06,156.335,156.38,1,156.19,2,156.48,1,156.48,156.19,156.19,2,156.15,2,156.13,1,156.07,1,156.06,1,155.99,2,155.98,7,155.97,3,155.6,2,155.52,5,156.48,1,156.58,2,156.59,1,156.6,3,156.7,3,156.77,1,157.14,1,157.15,5,,,,
2025-04-10 09:34:07,156.39,156.39,1,156.2,2,156.58,2,156.58,156.2,156.2,2,156.19,2,156.15,2,156.13,1,156.07,1,156.06,1,155.99,2,155.98,7,155.97,3,155.6,2,156.58,2,156.59,1,156.6,3,156.7,3,156.77,1,157.14,1,157.15,5,,,,,,
2025-04-10 09:34:08,156.39,156.39,1,156.21,2,156.57,1,156.57,156.21,156.21,2,156.2,3,156.19,2,156.15,2,156.13,1,156.07,1,156.06,1,155.99,2,155.98,7,155.97,3,156.57,1,156.58,2,156.59,1,156.6,3,156.7,3,156.77,1,157.14,1,157.15,5,,,,
2025-04-10 09:34:09,156.395,156.4,1,156.21,2,156.58,2,156.58,156.21,156.21,2,156.2,3,156.19,2,156.15,2,156.13,1,156.07,1,156.06,1,155.99,2,155.98,7,155.97,3,156.58,2,156.59,1,156.6,3,156.7,3,156.77,1,157.14,1,157.15,5,,,,,,
2025-04-10 09:34:10,156.395,156.4,1,156.21,2,156.58,2,156.58,156.21,156.21,2,156.2,3,156.19,2,156.15,2,156.13,1,156.07,1,156.06,1,155.99,2,155.98,7,155.97,3,156.58,2,156.59,1,156.6,3,156.7,3,156.77,1,157.14,1,157.15,5,,,,,,
2025-04-10 09:34:11,156.395,156.53,1,156.21,3,156.58,2,156.58,156.21,156.21,3,156.2,3,156.19,2,156.15,2,156.13,1,156.07,1,156.06,1,155.99,2,155.98,7,155.97,3,156.58,2,156.59,1,156.6,3,156.7,3,156.77,1,157.14,1,157.15,5,,,,,,
2025-04-10 09:34:12,156.395,156.49,1,156.21,2,156.58,3,156.58,156.21,156.21,2,156.2,3,156.19,2,156.15,2,156.13,1,156.07,1,156.06,1,155.99,2,155.98,7,155.97,3,156.58,3,156.59,1,156.6,3,156.7,3,156.77,1,157.14,1,157.15,5,,,,,,
2025-04-10 09:34:13,156.4,156.49,1,156.22,6,156.58,3,156.58,156.22,156.22,6,156.21,2,156.2,3,156.19,2,156.15,2,156.13,1,156.07,1,156.06,1,155.99,2,155.98,7,156.58,3,156.59,1,156.6,3,156.7,3,156.77,1,157.14,1,157.15,5,,,,,,
2025-04-10 09:34:14,156.4,156.49,1,156.22,6,156.58,3,156.58,156.22,156.22,6,156.21,2,156.2,3,156.19,2,156.15,2,156.13,1,156.07,1,156.06,1,155.99,2,155.98,7,156.58,3,156.59,1,156.6,3,156.7,3,156.77,1,157.14,1,157.15,5,,,,,,
2025-04-10 09:34:15,156.705,156.49,6,156.26,1,157.15,5,157.15,156.26,156.26,1,156.22,6,156.21,2,156.2,3,156.19,2,156.15,2,156.13,1,156.07,1,156.06,1,155.99,2,157.15,5,,,,,,,,,,,,,,,,,,
2025-04-10 09:34:16,156.58,156.58,1,156.26,7,156.9,5,156.9,156.26,156.26,7,156.22,6,156.21,2,156.2,3,156.19,2,156.15,2,156.13,1,156.07,1,156.06,1,155.99,2,156.9,5,157.15,5,,,,,,,,,,,,,,,,
2025-04-10 09:34:17,156.58,156.76,2,156.26,6,156.9,5,156.9,156.26,156.26,6,156.22,6,156.21,2,156.2,3,156.19,2,156.15,2,156.13,1,156.07,1,156.06,1,155.99,2,156.9,5,157.15,5,,,,,,,,,,,,,,,,
2025-04-10 09:34:18,156.895,156.9,1,156.64,1,157.15,5,157.15,156.64,156.64,1,156.58,2,156.57,1,156.56,1,156.32,1,156.26,6,156.22,6,156.21,2,156.2,3,156.19,2,157.15,5,,,,,,,,,,,,,,,,,,
2025-04-10 09:34:19,156.9,156.9,1,156.65,1,157.15,5,157.15,156.65,156.65,1,156.64,1,156.58,2,156.57,1,156.56,1,156.32,1,156.26,6,156.22,6,156.21,2,156.2,3,157.15,5,,,,,,,,,,,,,,,,,,
2025-04-10 09:34:20,156.905,156.9,1,156.66,1,157.15,5,157.15,156.66,156.66,1,156.65,2,156.64,1,156.58,2,156.57,1,156.56,1,156.32,1,156.26,6,156.22,6,156.21,2,157.15,5,,,,,,,,,,,,,,,,,,
2025-04-10 09:34:21,156.945,156.85,1,156.74,1,157.15,5,157.15,156.74,156.74,1,156.67,1,156.66,1,156.65,2,156.64,1,156.58,2,156.57,1,156.56,1,156.32,1,156.26,6,157.15,5,,,,,,,,,,,,,,,,,,
2025-04-10 09:34:22,156.79,156.79,1,156.66,1,156.92,2,156.92,156.66,156.66,1,156.65,2,156.64,1,156.58,2,156.57,1,156.56,1,156.32,1,156.26,6,156.22,6,156.21,2,156.92,2,157.15,5,,,,,,,,,,,,,,,,
2025-04-10 09:34:23,156.79,156.71,1,156.66,1,156.92,2,156.92,156.66,156.66,1,156.65,2,156.64,1,156.58,2,156.57,1,156.56,1,156.32,1,156.26,6,156.22,6,156.21,2,156.92,2,157.15,5,,,,,,,,,,,,,,,,
2025-04-10 09:34:24,156.79,156.79,1,156.66,1,156.92,1,156.92,156.66,156.66,1,156.65,2,156.64,1,156.58,2,156.57,1,156.56,1,156.32,1,156.26,6,156.22,6,156.21,2,156.92,1,157.15,5,,,,,,,,,,,,,,,,
2025-04-10 09:34:25,156.875,156.71,1,156.66,1,157.09,2,157.09,156.66,156.66,1,156.65,2,156.64,1,156.58,2,156.57,1,156.56,1,156.32,1,156.26,6,156.22,6,156.21,2,157.09,2,157.15,5,,,,,,,,,,,,,,,,
2025-04-10 09:34:26,156.77,156.87,1,156.66,1,156.88,2,156.88,156.66,156.66,1,156.65,2,156.64,1,156.58,2,156.57,1,156.56,1,156.32,1,156.26,6,156.22,6,156.21,2,156.88,2,157.09,2,157.15,5,,,,,,,,,,,,,,
2025-04-10 09:34:27,156.77,156.76,1,156.66,1,156.88,2,156.88,156.66,156.66,1,156.65,2,156.64,1,156.58,2,156.57,1,156.56,1,156.32,1,156.26,6,156.22,6,156.21,2,156.88,2,157.09,2,157.15,5,,,,,,,,,,,,,,
2025-04-10 09:34:28,156.79,156.67,2,156.7,1,156.88,2,156.88,156.7,156.7,1,156.66,1,156.65,2,156.64,1,156.58,2,156.57,1,156.56,1,156.32,1,156.26,6,156.22,6,156.88,2,157.09,2,157.15,5,,,,,,,,,,,,,,
2025-04-10 09:34:29,156.79,156.71,2,156.7,2,156.88,2,156.88,156.7,156.7,2,156.66,1,156.65,2,156.64,1,156.58,2,156.57,1,156.56,1,156.32,1,156.26,6,156.22,6,156.88,2,157.09,2,157.15,5,,,,,,,,,,,,,,
2025-04-10 09:34:30,156.79,156.71,2,156.7,1,156.88,2,156.88,156.7,156.7,1,156.66,1,156.65,2,156.64,1,156.58,2,156.57,1,156.56,1,156.32,1,156.26,6,156.22,6,156.88,2,157.09,2,157.15,5,,,,,,,,,,,,,,
2025-04-10 09:34:31,156.56,156.66,1,156.27,4,156.85,3,156.85,156.27,156.27,4,156.26,5,156.22,6,156.21,2,156.2,3,156.19,2,156.15,2,156.13,1,156.07,1,156.06,1,156.85,3,156.88,3,157.09,2,157.15,5,,,,,,,,,,,,
2025-04-10 09:34:32,156.44,156.46,1,156.28,1,156.6,3,156.6,156.28,156.28,1,156.27,4,156.26,5,156.22,6,156.21,2,156.2,3,156.19,2,156.15,2,156.13,1,156.07,1,156.6,3,156.66,6,156.85,3,156.88,3,157.09,2,157.15,5,,,,,,,,
2025-04-10 09:34:33,156.44,156.46,1,156.28,1,156.6,3,156.6,156.28,156.28,1,156.27,4,156.26,5,156.22,6,156.21,2,156.2,3,156.19,2,156.15,2,156.13,1,156.07,1,156.6,3,156.66,6,156.85,3,156.88,3,157.09,2,157.15,5,,,,,,,,
2025-04-10 09:34:34,156.44,156.46,1,156.28,1,156.6,3,156.6,156.28,156.28,1,156.27,4,156.26,5,156.22,6,156.21,2,156.2,3,156.19,2,156.15,2,156.13,1,156.07,1,156.6,3,156.66,6,156.85,3,156.88,3,157.09,2,157.15,5,,,,,,,,
2025-04-10 09:34:35,156.44,156.46,1,156.28,1,156.6,3,156.6,156.28,156.28,1,156.27,4,156.26,5,156.22,6,156.21,2,156.2,3,156.19,2,156.15,2,156.13,1,156.07,1,156.6,3,156.66,6,156.85,3,156.88,3,157.09,2,157.15,5,,,,,,,,
2025-04-10 09:34:36,156.44,156.45,1,156.28,2,156.6,4,156.6,156.28,156.28,2,156.27,4,156.26,5,156.22,6,156.21,2,156.2,3,156.19,2,156.15,2,156.13,1,156.07,1,156.6,4,156.66,6,156.85,3,156.88,3,157.09,2,157.15,5,,,,,,,,
2025-04-10 09:34:37,156.44,156.45,1,156.28,2,156.6,4,156.6,156.28,156.28,2,156.27,4,156.26,5,156.22,6,156.21,2,156.2,3,156.19,2,156.15,2,156.13,1,156.07,1,156.6,4,156.66,6,156.85,3,156.88,3,157.09,2,157.15,5,,,,,,,,
2025-04-10 09:34:38,156.44,156.29,10,156.28,2,156.6,5,156.6,156.28,156.28,2,156.27,4,156.26,5,156.22,6,156.21,2,156.2,3,156.19,2,156.15,2,156.13,1,156.07,1,156.6,5,156.66,6,156.85,3,156.88,3,157.09,2,157.15,5,,,,,,,,
2025-04-10 09:34:39,156.44,156.29,10,156.28,2,156.6,5,156.6,156.28,156.28,2,156.27,4,156.26,5,156.22,6,156.21,2,156.2,3,156.19,2,156.15,2,156.13,1,156.07,1,156.6,5,156.66,6,156.85,3,156.88,3,157.09,2,157.15,5,,,,,,,,
2025-04-10 09:34:40,156.44,156.56,5,156.28,2,156.6,5,156.6,156.28,156.28,2,156.27,4,156.26,5,156.22,6,156.21,2,156.2,3,156.19,2,156.15,2,156.13,1,156.07,1,156.6,5,156.66,6,156.85,3,156.88,3,157.09,2,157.15,5,,,,,,,,
2025-04-10 09:34:41,156.445,156.44,1,156.29,1,156.6,5,156.6,156.29,156.29,1,156.28,2,156.27,4,156.26,5,156.22,6,156.21,2,156.2,3,156.19,2,156.15,2,156.13,1,156.6,5,156.66,6,156.85,3,156.88,3,157.09,2,157.15,5,,,,,,,,
2025-04-10 09:34:42,156.445,156.44,1,156.29,1,156.6,5,156.6,156.29,156.29,1,156.28,2,156.27,4,156.26,5,156.22,6,156.21,2,156.2,3,156.19,2,156.15,2,156.13,1,156.6,5,156.66,6,156.85,3,156.88,3,157.09,2,157.15,5,,,,,,,,
2025-04-10 09:34:43,156.37,156.44,1,156.3,1,156.44,1,156.44,156.3,156.3,1,156.29,1,156.28,2,156.27,4,156.26,5,156.22,6,156.21,2,156.2,3,156.19,2,156.15,2,156.44,1,156.58,8,156.6,5,156.66,6,156.85,3,156.88,3,157.09,2,157.15,5,,,,
2025-04-10 09:34:44,156.4,156.44,1,156.3,1,156.5,4,156.5,156.3,156.3,1,156.29,1,156.28,2,156.27,4,156.26,5,156.22,6,156.21,2,156.2,3,156.19,2,156.15,2,156.5,4,156.51,1,156.6,5,156.66,6,156.85,3,156.88,3,157.09,2,157.15,5,,,,
2025-04-10 09:34:45,156.4,156.45,1,156.3,1,156.5,4,156.5,156.3,156.3,1,156.29,1,156.28,2,156.27,4,156.26,5,156.22,6,156.21,2,156.2,3,156.19,2,156.15,2,156.5,4,156.51,1,156.6,5,156.66,6,156.85,3,156.88,3,157.09,2,157.15,5,,,,
2025-04-10 09:34:46,156.375,156.45,1,156.3,1,156.45,1,156.45,156.3,156.3,1,156.29,1,156.28,2,156.27,4,156.26,5,156.22,6,156.21,2,156.2,3,156.19,2,156.15,2,156.45,1,156.5,4,156.51,1,156.6,5,156.66,6,156.85,3,156.88,3,157.09,2,157.15,5,,
2025-04-10 09:34:47,156.375,156.31,1,156.3,1,156.45,2,156.45,156.3,156.3,1,156.29,1,156.28,2,156.27,4,156.26,5,156.22,6,156.21,2,156.2,3,156.19,2,156.15,2,156.45,2,156.5,4,156.51,1,156.6,5,156.66,6,156.85,3,156.88,3,157.09,2,157.15,5,,
2025-04-10 09:34:48,156.45,156.5,1,156.3,3,156.6,5,156.6,156.3,156.3,3,156.29,1,156.28,2,156.27,4,156.26,5,156.22,6,156.21,2,156.2,3,156.19,2,156.15,2,156.6,5,156.66,6,156.85,3,156.88,3,157.09,2,157.15,5,,,,,,,,
2025-04-10 09:34:49,156.45,156.45,1,156.3,3,156.6,5,156.6,156.3,156.3,3,156.29,1,156.28,2,156.27,4,156.26,5,156.22,6,156.21,2,156.2,3,156.19,2,156.15,2,156.6,5,156.66,6,156.85,3,156.88,3,157.09,2,157.15,5,,,,,,,,
2025-04-10 09:34:50,156.455,156.45,1,156.31,2,156.6,5,156.6,156.31,156.31,2,156.3,3,156.29,1,156.28,2,156.27,4,156.26,5,156.22,6,156.21,2,156.2,3,156.19,2,156.6,5,156.66,6,156.85,3,156.88,3,157.09,2,157.15,5,,,,,,,,
2025-04-10 09:34:51,156.46,156.45,1,156.32,1,156.6,5,156.6,156.32,156.32,1,156.31,2,156.3,3,156.29,1,156.28,2,156.27,4,156.26,5,156.22,6,156.21,2,156.2,3,156.6,5,156.66,6,156.85,3,156.88,3,157.09,2,157.15,5,,,,,,,,
2025-04-10 09:34:52,156.46,156.45,1,156.32,2,156.6,2,156.6,156.32,156.32,2,156.31,2,156.3,3,156.29,1,156.28,2,156.27,4,156.26,5,156.22,6,156.21,2,156.2,3,156.6,2,156.66,6,156.85,3,156.88,3,157.09,2,157.15,5,,,,,,,,
2025-04-10 09:34:53,156.49,156.6,4,156.32,3,156.66,6,156.66,156.32,156.32,3,156.31,2,156.3,3,156.29,1,156.28,2,156.27,4,156.26,5,156.22,6,156.21,2,156.2,3,156.66,6,156.85,3,156.88,3,157.09,2,157.15,5,,,,,,,,,,
2025-04-10 09:34:54,156.49,156.49,1,156.32,3,156.66,6,156.66,156.32,156.32,3,156.31,2,156.3,3,156.29,1,156.28,2,156.27,4,156.26,5,156.22,6,156.21,2,156.2,3,156.66,6,156.85,3,156.88,3,157.09,2,157.15,5,,,,,,,,,,
2025-04-10 09:34:55,156.385,156.49,1,156.31,1,156.46,2,156.46,156.31,156.31,1,156.3,3,156.29,1,156.28,2,156.27,4,156.26,5,156.22,6,156.21,2,156.2,3,156.19,2,156.46,2,156.57,1,156.65,1,156.66,6,156.85,3,156.88,3,157.09,2,157.15,5,,,,
2025-04-10 09:34:56,156.485,156.46,1,156.31,3,156.66,6,156.66,156.31,156.31,3,156.3,3,156.29,1,156.28,2,156.27,4,156.26,5,156.22,6,156.21,2,156.2,3,156.19,2,156.66,6,156.85,3,156.88,3,157.09,2,157.15,5,,,,,,,,,,
2025-04-10 09:34:57,156.485,156.66,8,156.31,4,156.66,6,156.66,156.31,156.31,4,156.3,3,156.29,1,156.28,2,156.27,4,156.26,5,156.22,6,156.21,2,156.2,3,156.19,2,156.66,6,156.85,3,156.88,3,157.09,2,157.15,5,,,,,,,,,,
2025-04-10 09:34:58,156.485,156.66,8,156.31,4,156.66,6,156.66,156.31,156.31,4,156.3,3,156.29,1,156.28,2,156.27,4,156.26,5,156.22,6,156.21,2,156.2,3,156.19,2,156.66,6,156.85,3,156.88,3,157.09,2,157.15,5,,,,,,,,,,
2025-04-10 09:34:59,156.485,156.49,1,156.31,4,156.66,6,156.66,156.31,156.31,4,156.3,3,156.29,1,156.28,2,156.27,4,156.26,5,156.22,6,156.21,2,156.2,3,156.19,2,156.66,6,156.85,3,156.88,3,157.09,2,157.15,5,,,,,,,,,,
2025-04-10 09:35:00,156.445,156.49,1,156.32,1,156.57,1,156.57,156.32,156.32,1,156.31,3,156.3,3,156.29,1,156.28,2,156.27,4,156.26,5,156.22,6,156.21,2,156.2,3,156.57,1,156.66,6,156.85,3,156.88,3,157.09,2,157.15,5,,,,,,,,
2025-04-10 09:35:01,156.445,156.49,1,156.32,1,156.57,1,156.57,156.32,156.32,1,156.31,3,156.3,3,156.29,1,156.28,2,156.27,4,156.26,5,156.22,6,156.21,2,156.2,3,156.57,1,156.66,6,156.85,3,156.88,3,157.09,2,157.15,5,,,,,,,,
2025-04-10 09:35:02,156.445,156.49,1,156.32,1,156.57,1,156.57,156.32,156.32,1,156.31,3,156.3,3,156.29,1,156.28,2,156.27,4,156.26,5,156.22,6,156.21,2,156.2,3,156.57,1,156.66,6,156.85,3,156.88,3,157.09,2,157.15,5,,,,,,,,
2025-04-10 09:35:03,156.52,156.66,5,156.33,5,156.71,1,156.71,156.33,156.33,5,156.32,1,156.31,3,156.3,3,156.29,1,156.28,2,156.27,4,156.26,5,156.22,6,156.21,2,156.71,1,156.85,3,156.88,3,157.09,2,157.15,5,,,,,,,,,,
2025-04-10 09:35:04,156.515,156.66,5,156.32,1,156.71,1,156.71,156.32,156.32,1,156.31,3,156.3,3,156.29,1,156.28,2,156.27,4,156.26,5,156.22,6,156.21,2,156.2,3,156.71,1,156.85,3,156.88,3,157.09,2,157.15,5,,,,,,,,,,
2025-04-10 09:35:05,156.595,156.6,1,156.48,8,156.71,1,156.71,156.48,156.48,8,156.32,1,156.31,3,156.3,3,156.29,1,156.28,2,156.27,4,156.26,5,156.22,6,156.21,2,156.71,1,156.85,3,156.88,3,157.09,2,157.15,5,,,,,,,,,,
2025-04-10 09:35:06,156.605,156.68,1,156.5,2,156.71,1,156.71,156.5,156.5,2,156.48,8,156.32,1,156.31,3,156.3,3,156.29,1,156.28,2,156.27,4,156.26,5,156.22,6,156.71,1,156.85,3,156.88,3,157.09,2,157.15,5,,,,,,,,,,
2025-04-10 09:35:07,156.605,156.68,1,156.5,2,156.71,1,156.71,156.5,156.5,2,156.48,8,156.32,1,156.31,3,156.3,3,156.29,1,156.28,2,156.27,4,156.26,5,156.22,6,156.71,1,156.85,3,156.88,3,157.09,2,157.15,5,,,,,,,,,,
2025-04-10 09:35:08,156.605,156.68,1,156.5,2,156.71,1,156.71,156.5,156.5,2,156.48,8,156.32,1,156.31,3,156.3,3,156.29,1,156.28,2,156.27,4,156.26,5,156.22,6,156.71,1,156.85,3,156.88,3,157.09,2,157.15,5,,,,,,,,,,
2025-04-10 09:35:09,156.605,156.68,1,156.5,2,156.71,1,156.71,156.5,156.5,2,156.48,8,156.32,1,156.31,3,156.3,3,156.29,1,156.28,2,156.27,4,156.26,5,156.22,6,156.71,1,156.85,3,156.88,3,157.09,2,157.15,5,,,,,,,,,,
2025-04-10 09:35:10,156.745,156.75,1,156.59,2,156.9,1,156.9,156.59,156.59,2,156.5,2,156.48,8,156.32,1,156.31,3,156.3,3,156.29,1,156.28,2,156.27,4,156.26,5,156.9,1,157.09,2,157.15,5,,,,,,,,,,,,,,
2025-04-10 09:35:11,156.705,156.65,1,156.51,2,156.9,4,156.9,156.51,156.51,2,156.5,2,156.48,8,156.32,1,156.31,3,156.3,3,156.29,1,156.28,2,156.27,4,156.26,5,156.9,4,157.09,2,157.15,5,,,,,,,,,,,,,,
2025-04-10 09:35:12,156.705,156.65,1,156.51,6,156.9,4,156.9,156.51,156.51,6,156.5,2,156.48,8,156.32,1,156.31,3,156.3,3,156.29,1,156.28,2,156.27,4,156.26,5,156.9,4,157.09,2,157.15,5,,,,,,,,,,,,,,
2025-04-10 09:35:13,156.5,156.59,1,156.26,6,156.74,1,156.74,156.26,156.26,6,156.22,6,156.21,2,156.2,3,156.19,2,156.15,2,156.13,1,156.07,1,156.06,1,155.99,2,156.74,1,156.75,2,156.9,4,157.09,2,157.15,5,,,,,,,,,,
2025-04-10 09:35:14,156.505,156.59,1,156.27,2,156.74,3,156.74,156.27,156.27,2,156.26,7,156.22,6,156.21,2,156.2,3,156.19,2,156.15,2,156.13,1,156.07,1,156.06,1,156.74,3,156.75,2,156.9,4,157.09,2,157.15,5,,,,,,,,,,
2025-04-10 09:35:15,156.35,156.45,2,156.1,2,156.6,4,156.6,156.1,156.1,2,156.09,2,156.07,1,156.06,1,155.99,2,155.98,7,155.97,3,155.6,2,155.52,5,155.51,2,156.6,4,156.61,3,156.84,1,156.9,4,157.09,2,157.15,5,,,,,,,,
2025-04-10 09:35:16,156.355,156.3,1,156.11,2,156.6,5,156.6,156.11,156.11,2,156.1,4,156.09,2,156.07,1,156.06,1,155.99,2,155.98,7,155.97,3,155.6,2,155.52,5,156.6,5,156.61,3,156.84,1,156.9,4,157.09,2,157.15,5,,,,,,,,
2025-04-10 09:35:17,156.355,156.3,1,156.11,3,156.6,5,156.6,156.11,156.11,3,156.1,4,156.09,2,156.07,1,156.06,1,155.99,2,155.98,7,155.97,3,155.6,2,155.52,5,156.6,5,156.61,3,156.84,1,156.9,4,157.09,2,157.15,5,,,,,,,,
2025-04-10 09:35:18,156.355,156.3,1,156.11,3,156.6,5,156.6,156.11,156.11,3,156.1,4,156.09,2,156.07,1,156.06,1,155.99,2,155.98,7,155.97,3,155.6,2,155.52,5,156.6,5,156.61,3,156.84,1,156.9,4,157.09,2,157.15,5,,,,,,,,
2025-04-10 09:35:19,156.355,156.3,1,156.11,3,156.6,5,156.6,156.11,156.11,3,156.1,4,156.09,2,156.07,1,156.06,1,155.99,2,155.98,7,155.97,3,155.6,2,155.52,5,156.6,5,156.61,3,156.84,1,156.9,4,157.09,2,157.15,5,,,,,,,,
2025-04-10 09:35:20,156.355,156.35,2,156.11,3,156.6,5,156.6,156.11,156.11,3,156.1,4,156.09,2,156.07,1,156.06,1,155.99,2,155.98,7,155.97,3,155.6,2,155.52,5,156.6,5,156.61,3,156.84,1,156.9,4,157.09,2,157.15,5,,,,,,,,
2025-04-10 09:35:21,156.355,156.35,2,156.11,3,156.6,5,156.6,156.11,156.11,3,156.1,4,156.09,2,156.07,1,156.06,1,155.99,2,155.98,7,155.97,3,155.6,2,155.52,5,156.6,5,156.61,3,156.84,1,156.9,4,157.09,2,157.15,5,,,,,,,,
2025-04-10 09:35:22,156.355,156.35,2,156.11,3,156.6,5,156.6,156.11,156.11,3,156.1,4,156.09,2,156.07,1,156.06,1,155.99,2,155.98,7,155.97,3,155.6,2,155.52,5,156.6,5,156.61,3,156.84,1,156.9,4,157.09,2,157.15,5,,,,,,,,
2025-04-10 09:35:23,156.295,156.35,1,156.12,2,156.47,1,156.47,156.12,156.12,2,156.11,3,156.1,4,156.09,2,156.07,1,156.06,1,155.99,2,155.98,7,155.97,3,155.6,2,156.47,1,156.6,5,156.61,3,156.84,1,156.9,4,157.09,2,157.15,5,,,,,,
2025-04-10 09:35:24,156.29,156.24,1,156.11,2,156.47,5,156.47,156.11,156.11,2,156.1,4,156.09,2,156.07,1,156.06,1,155.99,2,155.98,7,155.97,3,155.6,2,155.52,5,156.47,5,156.6,5,156.61,3,156.84,1,156.9,4,157.09,2,157.15,5,,,,,,
2025-04-10 09:35:25,156.29,156.24,1,156.11,2,156.47,5,156.47,156.11,156.11,2,156.1,4,156.09,2,156.07,1,156.06,1,155.99,2,155.98,7,155.97,3,155.6,2,155.52,5,156.47,5,156.6,5,156.61,3,156.84,1,156.9,4,157.09,2,157.15,5,,,,,,
2025-04-10 09:35:26,156.29,156.24,1,156.11,2,156.47,5,156.47,156.11,156.11,2,156.1,4,156.09,2,156.07,1,156.06,1,155.99,2,155.98,7,155.97,3,155.6,2,155.52,5,156.47,5,156.6,5,156.61,3,156.84,1,156.9,4,157.09,2,157.15,5,,,,,,
2025-04-10 09:35:27,156.175,156.13,1,156.11,2,156.24,1,156.24,156.11,156.11,2,156.1,4,156.09,2,156.07,1,156.06,1,155.99,2,155.98,7,155.97,3,155.6,2,155.52,5,156.24,1,156.47,4,156.6,5,156.61,3,156.84,1,156.9,4,157.09,2,157.15,5,,,,
2025-04-10 09:35:28,156.29,156.24,3,156.11,4,156.47,7,156.47,156.11,156.11,4,156.1,4,156.09,2,156.07,1,156.06,1,155.99,2,155.98,7,155.97,3,155.6,2,155.52,5,156.47,7,156.6,5,156.61,3,156.84,1,156.9,4,157.09,2,157.15,5,,,,,,
2025-04-10 09:35:29,156.29,156.24,3,156.11,4,156.47,8,156.47,156.11,156.11,4,156.1,4,156.09,2,156.07,1,156.06,1,155.99,2,155.98,7,155.97,3,155.6,2,155.52,5,156.47,8,156.6,5,156.61,3,156.84,1,156.9,4,157.09,2,157.15,5,,,,,,
2025-04-10 09:35:30,156.29,156.24,3,156.11,3,156.47,8,156.47,156.11,156.11,3,156.1,4,156.09,2,156.07,1,156.06,1,155.99,2,155.98,7,155.97,3,155.6,2,155.52,5,156.47,8,156.6,5,156.61,3,156.84,1,156.9,4,157.09,2,157.15,5,,,,,,
2025-04-10 09:35:31,156.065,156.07,1,155.89,1,156.24,4,156.24,155.89,155.89,1,155.6,2,155.52,5,155.51,2,155.5,5,155.23,2,155.22,3,155.19,1,155.17,1,155.03,2,156.24,4,156.26,2,156.46,1,156.47,8,156.6,5,156.61,3,156.84,1,156.9,4,157.09,2,157.15,5
2025-04-10 09:35:32,156.065,156.07,1,155.89,4,156.24,3,156.24,155.89,155.89,4,155.6,2,155.52,5,155.51,2,155.5,5,155.23,2,155.22,3,155.19,1,155.17,1,155.03,2,156.24,3,156.26,2,156.46,1,156.47,8,156.6,5,156.61,3,156.84,1,156.9,4,157.09,2,157.15,5
2025-04-10 09:35:33,156.03,156.07,1,155.89,3,156.17,1,156.17,155.89,155.89,3,155.6,2,155.52,5,155.51,2,155.5,5,155.23,2,155.22,3,155.19,1,155.17,1,155.03,2,156.17,1,156.24,3,156.26,2,156.46,1,156.47,8,156.6,5,156.61,3,156.84,1,156.9,4,157.09,2
2025-04-10 09:35:34,156.03,156.03,1,155.89,3,156.17,1,156.17,155.89,155.89,3,155.6,2,155.52,5,155.51,2,155.5,5,155.23,2,155.22,3,155.19,1,155.17,1,155.03,2,156.17,1,156.24,3,156.26,2,156.46,1,156.47,8,156.6,5,156.61,3,156.84,1,156.9,4,157.09,2
2025-04-10 09:35:35,156.035,156.03,1,155.9,1,156.17,2,156.17,155.9,155.9,1,155.89,3,155.6,2,155.52,5,155.51,2,155.5,5,155.23,2,155.22,3,155.19,1,155.17,1,156.17,2,156.24,3,156.26,2,156.46,1,156.47,8,156.6,5,156.61,3,156.84,1,156.9,4,157.09,2
2025-04-10 09:35:36,156.035,156.0,1,155.9,1,156.17,2,156.17,155.9,155.9,1,155.89,3,155.6,2,155.52,5,155.51,2,155.5,5,155.23,2,155.22,3,155.19,1,155.17,1,156.17,2,156.24,3,156.26,2,156.46,1,156.47,8,156.6,5,156.61,3,156.84,1,156.9,4,157.09,2
2025-04-10 09:35:37,156.035,156.0,1,155.9,1,156.17,2,156.17,155.9,155.9,1,155.89,3,155.6,2,155.52,5,155.51,2,155.5,5,155.23,2,155.22,3,155.19,1,155.17,1,156.17,2,156.24,3,156.26,2,156.46,1,156.47,8,156.6,5,156.61,3,156.84,1,156.9,4,157.09,2
2025-04-10 09:35:38,156.035,156.0,1,155.9,1,156.17,2,156.17,155.9,155.9,1,155.89,3,155.6,2,155.52,5,155.51,2,155.5,5,155.23,2,155.22,3,155.19,1,155.17,1,156.17,2,156.24,3,156.26,2,156.46,1,156.47,8,156.6,5,156.61,3,156.84,1,156.9,4,157.09,2
2025-04-10 09:35:39,156.035,155.99,5,155.9,1,156.17,2,156.17,155.9,155.9,1,155.89,3,155.6,2,155.52,5,155.51,2,155.5,5,155.23,2,155.22,3,155.19,1,155.17,1,156.17,2,156.24,3,156.26,2,156.46,1,156.47,8,156.6,5,156.61,3,156.84,1,156.9,4,157.09,2
2025-04-10 09:35:40,156.035,156.04,12,155.9,1,156.17,2,156.17,155.9,155.9,1,155.89,3,155.6,2,155.52,5,155.51,2,155.5,5,155.23,2,155.22,3,155.19,1,155.17,1,156.17,2,156.24,3,156.26,2,156.46,1,156.47,8,156.6,5,156.61,3,156.84,1,156.9,4,157.09,2
2025-04-10 09:35:41,156.035,156.04,4,155.9,2,156.17,4,156.17,155.9,155.9,2,155.89,3,155.6,2,155.52,5,155.51,2,155.5,5,155.23,2,155.22,3,155.19,1,155.17,1,156.17,4,156.24,3,156.26,2,156.46,1,156.47,8,156.6,5,156.61,3,156.84,1,156.9,4,157.09,2
2025-04-10 09:35:42,155.935,156.0,1,155.76,2,156.11,5,156.11,155.76,155.76,2,155.6,2,155.52,5,155.51,2,155.5,5,155.23,2,155.22,3,155.19,1,155.17,1,155.03,2,156.11,5,156.17,6,156.24,3,156.26,2,156.46,1,156.47,8,156.6,5,156.61,3,156.84,1,156.9,4
2025-04-10 09:35:43,155.945,155.97,1,155.78,1,156.11,4,156.11,155.78,155.78,1,155.77,4,155.76,2,155.6,2,155.52,5,155.51,2,155.5,5,155.23,2,155.22,3,155.19,1,156.11,4,156.17,6,156.24,3,156.26,2,156.46,1,156.47,8,156.6,5,156.61,3,156.84,1,156.9,4
2025-04-10 09:35:44,155.945,155.94,5,155.78,1,156.11,4,156.11,155.78,155.78,1,155.77,4,155.76,2,155.6,2,155.52,5,155.51,2,155.5,5,155.23,2,155.22,3,155.19,1,156.11,4,156.17,6,156.24,3,156.26,2,156.46,1,156.47,8,156.6,5,156.61,3,156.84,1,156.9,4
2025-04-10 09:35:45,155.95,156.11,1,155.79,1,156.11,4,156.11,155.79,155.79,1,155.78,1,155.77,4,155.76,2,155.6,2,155.52,5,155.51,2,155.5,5,155.23,2,155.22,3,156.11,4,156.17,6,156.24,3,156.26,2,156.46,1,156.47,8,156.6,5,156.61,3,156.84,1,156.9,4
2025-04-10 09:35:46,155.95,156.11,1,155.79,1,156.11,4,156.11,155.79,155.79,1,155.78,1,155.77,4,155.76,2,155.6,2,155.52,5,155.51,2,155.5,5,155.23,2,155.22,3,156.11,4,156.17,6,156.24,3,156.26,2,156.46,1,156.47,8,156.6,5,156.61,3,156.84,1,156.9,4
2025-04-10 09:35:47,155.92,156.11,1,155.79,1,156.05,1,156.05,155.79,155.79,1,155.78,1,155.77,4,155.76,2,155.6,2,155.52,5,155.51,2,155.5,5,155.23,2,155.22,3,156.05,1,156.11,6,156.17,6,156.24,3,156.26,2,156.46,1,156.47,8,156.6,5,156.61,3,156.84,1
2025-04-10 09:35:48,156.225,156.16,1,155.84,3,156.61,4,156.61,155.84,155.84,3,155.81,3,155.79,1,155.78,1,155.77,4,155.76,2,155.6,2,155.52,5,155.51,2,155.5,5,156.61,4,156.79,3,156.84,1,156.9,4,157.09,2,157.15,5,,,,,,,,
2025-04-10 09:35:49,156.165,156.61,1,155.84,3,156.49,3,156.49,155.84,155.84,3,155.81,3,155.79,1,155.78,1,155.77,4,155.76,2,155.6,2,155.52,5,155.51,2,155.5,5,156.49,3,156.61,6,156.79,3,156.84,1,156.9,4,157.09,2,157.15,5,,,,,,
2025-04-10 09:35:50,156.165,156.61,1,155.84,3,156.49,3,156.49,155.84,155.84,3,155.81,3,155.79,1,155.78,1,155.77,4,155.76,2,155.6,2,155.52,5,155.51,2,155.5,5,156.49,3,156.61,6,156.79,3,156.84,1,156.9,4,157.09,2,157.15,5,,,,,,
2025-04-10 09:35:51,156.17,156.61,1,155.85,1,156.49,3,156.49,155.85,155.85,1,155.84,3,155.81,3,155.79,1,155.78,1,155.77,4,155.76,2,155.6,2,155.52,5,155.51,2,156.49,3,156.61,6,156.79,3,156.84,1,156.9,4,157.09,2,157.15,5,,,,,,
2025-04-10 09:35:52,156.17,156.3,1,155.85,2,156.49,3,156.49,155.85,155.85,2,155.84,3,155.81,3,155.79,1,155.78,1,155.77,4,155.76,2,155.6,2,155.52,5,155.51,2,156.49,3,156.61,6,156.79,3,156.84,1,156.9,4,157.09,2,157.15,5,,,,,,
2025-04-10 09:35:53,156.17,156.17,1,155.85,2,156.49,3,156.49,155.85,155.85,2,155.84,3,155.81,3,155.79,1,155.78,1,155.77,4,155.76,2,155.6,2,155.52,5,155.51,2,156.49,3,156.61,6,156.79,3,156.84,1,156.9,4,157.09,2,157.15,5,,,,,,
2025-04-10 09:35:54,156.17,156.15,1,155.85,2,156.49,3,156.49,155.85,155.85,2,155.84,3,155.81,3,155.79,1,155.78,1,155.77,4,155.76,2,155.6,2,155.52,5,155.51,2,156.49,3,156.61,6,156.79,3,156.84,1,156.9,4,157.09,2,157.15,5,,,,,,
2025-04-10 09:35:55,156.17,156.17,1,155.85,4,156.49,4,156.49,155.85,155.85,4,155.84,3,155.81,3,155.79,1,155.78,1,155.77,4,155.76,2,155.6,2,155.52,5,155.51,2,156.49,4,156.61,6,156.79,3,156.84,1,156.9,4,157.09,2,157.15,5,,,,,,
2025-04-10 09:35:56,156.26,156.18,4,156.03,1,156.49,3,156.49,156.03,156.03,1,155.85,5,155.84,3,155.81,3,155.79,1,155.78,1,155.77,4,155.76,2,155.6,2,155.52,5,156.49,3,156.61,6,156.79,3,156.84,1,156.9,4,157.09,2,157.15,5,,,,,,
2025-04-10 09:35:57,156.26,156.18,4,156.03,2,156.49,3,156.49,156.03,156.03,2,155.85,5,155.84,3,155.81,3,155.79,1,155.78,1,155.77,4,155.76,2,155.6,2,155.52,5,156.49,3,156.61,6,156.79,3,156.84,1,156.9,4,157.09,2,157.15,5,,,,,,
2025-04-10 09:35:58,156.26,156.13,1,156.03,2,156.49,3,156.49,156.03,156.03,2,155.85,5,155.84,3,155.81,3,155.79,1,155.78,1,155.77,4,155.76,2,155.6,2,155.52,5,156.49,3,156.61,6,156.79,3,156.84,1,156.9,4,157.09,2,157.15,5,,,,,,
2025-04-10 09:35:59,156.16,156.16,1,156.03,1,156.29,2,156.29,156.03,156.03,1,155.85,5,155.84,3,155.81,3,155.79,1,155.78,1,155.77,4,155.76,2,155.6,2,155.52,5,156.29,2,156.48,3,156.49,3,156.61,6,156.79,3,156.84,1,156.9,4,157.09,2,157.15,5,,
2025-04-10 09:36:00,156.16,156.15,1,156.03,2,156.29,2,156.29,156.03,156.03,2,155.85,5,155.84,3,155.81,3,155.79,1,155.78,1,155.77,4,155.76,2,155.6,2,155.52,5,156.29,2,156.48,3,156.49,3,156.61,6,156.79,3,156.84,1,156.9,4,157.09,2,157.15,5,,
2025-04-10 09:36:01,156.165,156.16,1,156.04,2,156.29,2,156.29,156.04,156.04,2,156.03,2,155.85,5,155.84,3,155.81,3,155.79,1,155.78,1,155.77,4,155.76,2,155.6,2,156.29,2,156.48,3,156.49,3,156.61,6,156.79,3,156.84,1,156.9,4,157.09,2,157.15,5,,
2025-04-10 09:36:02,156.6,156.52,1,156.41,1,156.75,1,156.66,156.41,156.41,1,156.14,1,156.13,3,156.04,3,156.03,2,155.85,5,155.84,3,155.81,3,155.79,1,155.78,1,156.79,3,156.84,1,156.9,4,157.09,2,157.15,5,,,,,,,,,,
2025-04-10 09:36:03,156.525,156.51,2,156.26,2,156.79,4,156.79,156.26,156.26,2,156.13,3,156.04,3,156.03,2,155.85,5,155.84,3,155.81,3,155.79,1,155.78,1,155.77,4,156.79,4,156.84,1,156.9,4,157.09,2,157.15,5,,,,,,,,,,
2025-04-10 09:36:04,156.455,156.53,1,156.26,3,156.65,3,156.65,156.26,156.26,3,156.13,3,156.04,3,156.03,2,155.85,5,155.84,3,155.81,3,155.79,1,155.78,1,155.77,4,156.65,3,156.79,4,156.84,1,156.9,4,157.09,2,157.15,5,,,,,,,,
2025-04-10 09:36:05,156.605,156.7,1,156.36,3,156.85,1,156.85,156.36,156.36,3,156.27,1,156.26,3,156.13,3,156.04,3,156.03,2,155.85,5,155.84,3,155.81,3,155.79,1,156.85,1,156.9,4,157.09,2,157.15,5,,,,,,,,,,,,
2025-04-10 09:36:06,156.605,156.71,1,156.36,3,156.85,1,156.85,156.36,156.36,3,156.27,1,156.26,3,156.13,3,156.04,3,156.03,2,155.85,5,155.84,3,155.81,3,155.79,1,156.85,1,156.9,4,157.09,2,157.15,5,,,,,,,,,,,,
2025-04-10 09:36:07,156.61,156.71,1,156.37,3,156.85,1,156.85,156.37,156.37,3,156.36,3,156.27,1,156.26,3,156.13,3,156.04,3,156.03,2,155.85,5,155.84,3,155.81,3,156.85,1,156.9,4,157.09,2,157.15,5,,,,,,,,,,,,
2025-04-10 09:36:08,156.67,156.71,1,156.49,10,156.85,2,156.85,156.49,156.49,10,156.38,1,156.37,3,156.36,3,156.27,1,156.26,3,156.13,3,156.04,3,156.03,2,155.85,5,156.85,2,156.9,4,157.09,2,157.15,5,,,,,,,,,,,,
2025-04-10 09:36:09,156.69,156.7,1,156.5,3,156.88,1,156.88,156.5,156.5,3,156.49,10,156.38,1,156.37,3,156.36,3,156.27,1,156.26,3,156.13,3,156.04,3,156.03,2,156.88,1,156.9,4,157.09,2,157.15,5,,,,,,,,,,,,
2025-04-10 09:36:10,156.7,156.7,1,156.5,3,156.9,2,156.9,156.5,156.5,3,156.49,10,156.38,1,156.37,3,156.36,3,156.27,1,156.26,3,156.13,3,156.04,3,156.03,2,156.9,2,157.09,2,157.15,5,,,,,,,,,,,,,,
2025-04-10 09:36:11,156.7,156.73,1,156.5,3,156.9,2,156.9,156.5,156.5,3,156.49,10,156.38,1,156.37,3,156.36,3,156.27,1,156.26,3,156.13,3,156.04,3,156.03,2,156.9,2,157.09,2,157.15,5,,,,,,,,,,,,,,
2025-04-10 09:36:12,156.7,156.7,2,156.5,4,156.9,2,156.9,156.5,156.5,4,156.49,10,156.38,1,156.37,3,156.36,3,156.27,1,156.26,3,156.13,3,156.04,3,156.03,2,156.9,2,157.09,2,157.15,5,,,,,,,,,,,,,,
2025-04-10 09:36:13,156.7,156.7,2,156.5,4,156.9,2,156.9,156.5,156.5,4,156.49,10,156.38,1,156.37,3,156.36,3,156.27,1,156.26,3,156.13,3,156.04,3,156.03,2,156.9,2,157.09,2,157.15,5,,,,,,,,,,,,,,
2025-04-10 09:36:14,156.725,156.65,5,156.55,1,156.9,2,156.9,156.55,156.55,1,156.5,4,156.49,10,156.38,1,156.37,3,156.36,3,156.27,1,156.26,3,156.13,3,156.04,3,156.9,2,157.09,2,157.15,5,,,,,,,,,,,,,,
2025-04-10 09:36:15,156.7,156.65,5,156.5,3,156.9,3,156.9,156.5,156.5,3,156.49,10,156.38,1,156.37,3,156.36,3,156.27,1,156.26,3,156.13,3,156.04,3,156.03,2,156.9,3,157.09,2,157.15,5,,,,,,,,,,,,,,
2025-04-10 09:36:16,156.755,156.65,5,156.61,2,156.9,3,156.9,156.61,156.61,2,156.51,2,156.5,4,156.49,10,156.38,1,156.37,3,156.36,3,156.27,1,156.26,3,156.13,3,156.9,3,157.09,2,157.15,5,,,,,,,,,,,,,,
2025-04-10 09:36:17,156.76,156.62,1,156.62,2,156.9,3,156.9,156.62,156.62,2,156.61,3,156.51,2,156.5,4,156.49,10,156.38,1,156.37,3,156.36,3,156.27,1,156.26,3,156.9,3,157.09,2,157.15,5,,,,,,,,,,,,,,
2025-04-10 09:36:18,156.76,156.76,1,156.62,1,156.9,3,156.9,156.62,156.62,1,156.61,1,156.51,2,156.5,4,156.49,10,156.38,1,156.37,3,156.36,3,156.27,1,156.26,3,156.9,3,157.09,2,157.15,5,,,,,,,,,,,,,,
2025-04-10 09:36:19,156.76,156.35,1,156.62,3,156.9,3,156.9,156.62,156.62,3,156.61,1,156.51,2,156.5,4,156.49,10,156.38,1,156.37,3,156.36,3,156.27,1,156.26,3,156.9,3,157.09,2,157.15,5,,,,,,,,,,,,,,
2025-04-10 09:36:20,156.845,156.92,1,156.69,1,157.0,3,157.0,156.69,156.69,1,156.64,1,156.63,1,156.62,4,156.61,1,156.51,2,156.5,4,156.49,10,156.38,1,156.37,3,157.0,3,157.09,2,157.15,5,,,,,,,,,,,,,,
2025-04-10 09:36:21,156.87,156.85,1,156.74,1,157.0,3,157.0,156.74,156.74,1,156.69,1,156.64,1,156.63,1,156.62,4,156.61,1,156.51,2,156.5,4,156.49,10,156.38,1,157.0,3,157.09,2,157.15,5,,,,,,,,,,,,,,
2025-04-10 09:36:22,156.95,156.98,1,156.75,6,157.15,5,157.15,156.75,156.75,6,156.74,1,156.69,1,156.64,1,156.63,1,156.62,4,156.61,1,156.51,2,156.5,4,156.49,10,157.15,5,,,,,,,,,,,,,,,,,,
2025-04-10 09:36:23,157.04,157.07,1,156.78,2,157.3,2,157.3,156.78,156.78,2,156.76,2,156.75,6,156.74,1,156.69,1,156.64,1,156.63,1,156.62,4,156.61,1,156.51,2,157.3,2,,,,,,,,,,,,,,,,,,
2025-04-10 09:36:24,157.1,157.25,1,156.85,3,157.35,3,157.35,156.85,156.85,3,156.78,2,156.76,2,156.75,6,156.74,1,156.69,1,156.64,1,156.63,1,156.62,4,156.61,1,157.35,3,,,,,,,,,,,,,,,,,,
2025-04-10 09:36:25,156.995,157.0,3,156.78,2,157.21,2,157.21,156.78,156.78,2,156.76,2,156.75,6,156.74,1,156.69,1,156.64,1,156.63,1,156.62,4,156.61,1,156.51,2,157.21,2,157.3,1,157.35,4,,,,,,,,,,,,,,
2025-04-10 09:36:26,156.995,157.0,3,156.78,3,157.21,2,157.21,156.78,156.78,3,156.76,2,156.75,6,156.74,1,156.69,1,156.64,1,156.63,1,156.62,4,156.61,1,156.51,2,157.21,2,157.3,1,157.35,4,,,,,,,,,,,,,,
2025-04-10 09:36:27,156.91,157.0,3,156.78,2,157.04,1,157.04,156.78,156.78,2,156.76,2,156.75,6,156.74,1,156.69,1,156.64,1,156.63,1,156.62,4,156.61,1,156.51,2,157.04,1,157.21,3,157.3,1,157.35,4,,,,,,,,,,,,
2025-04-10 09:36:28,156.855,156.93,1,156.78,2,156.93,1,156.93,156.78,156.78,2,156.76,2,156.75,6,156.74,1,156.69,1,156.64,1,156.63,1,156.62,4,156.61,1,156.51,2,156.93,1,157.04,3,157.21,3,157.3,1,157.35,4,,,,,,,,,,
2025-04-10 09:36:29,156.775,156.78,2,156.62,2,156.93,1,156.93,156.62,156.62,2,156.61,1,156.51,2,156.5,4,156.49,10,156.38,1,156.37,3,156.36,3,156.27,1,156.26,3,156.93,1,157.04,3,157.21,3,157.3,1,157.35,4,,,,,,,,,,
2025-04-10 09:36:30,156.775,156.78,2,156.62,2,156.93,4,156.93,156.62,156.62,2,156.61,1,156.51,2,156.5,4,156.49,10,156.38,1,156.37,3,156.36,3,156.27,1,156.26,3,156.93,4,157.04,3,157.21,3,157.3,1,157.35,4,,,,,,,,,,
2025-04-10 09:36:31,156.775,156.78,2,156.62,2,156.93,4,156.93,156.62,156.62,2,156.61,1,156.51,2,156.5,4,156.49,10,156.38,1,156.37,3,156.36,3,156.27,1,156.26,3,156.93,4,157.04,3,157.21,3,157.3,1,157.35,4,,,,,,,,,,
2025-04-10 09:36:32,156.76,156.88,4,156.62,2,156.9,5,156.9,156.62,156.62,2,156.61,1,156.51,2,156.5,4,156.49,10,156.38,1,156.37,3,156.36,3,156.27,1,156.26,3,156.9,5,156.93,4,157.04,3,157.21,3,157.3,1,157.35,4,,,,,,,,
2025-04-10 09:36:33,156.76,156.88,4,156.62,2,156.9,5,156.9,156.62,156.62,2,156.61,1,156.51,2,156.5,4,156.49,10,156.38,1,156.37,3,156.36,3,156.27,1,156.26,3,156.9,5,156.93,4,157.04,3,157.21,3,157.3,1,157.35,4,,,,,,,,
2025-04-10 09:36:34,156.76,156.76,1,156.62,5,156.9,5,156.9,156.62,156.62,5,156.61,1,156.51,2,156.5,4,156.49,10,156.38,1,156.37,3,156.36,3,156.27,1,156.26,3,156.9,5,156.93,4,157.04,3,157.21,3,157.3,1,157.35,4,,,,,,,,
2025-04-10 09:36:35,156.76,156.76,1,156.62,5,156.9,5,156.9,156.62,156.62,5,156.61,1,156.51,2,156.5,4,156.49,10,156.38,1,156.37,3,156.36,3,156.27,1,156.26,3,156.9,5,156.93,4,157.04,3,157.21,3,157.3,1,157.35,4,,,,,,,,
2025-04-10 09:36:36,156.855,156.9,1,156.73,2,156.98,1,156.98,156.73,156.73,2,156.62,6,156.61,1,156.51,2,156.5,4,156.49,10,156.38,1,156.37,3,156.36,3,156.27,1,156.98,1,157.04,3,157.21,3,157.3,1,157.35,4,,,,,,,,,,
2025-04-10 09:36:37,156.855,156.9,1,156.73,2,156.98,2,156.98,156.73,156.73,2,156.62,6,156.61,1,156.51,2,156.5,4,156.49,10,156.38,1,156.37,3,156.36,3,156.27,1,156.98,2,157.04,3,157.21,3,157.3,1,157.35,4,,,,,,,,,,
2025-04-10 09:36:38,156.855,156.9,1,156.73,2,156.98,2,156.98,156.73,156.73,2,156.62,6,156.61,1,156.51,2,156.5,4,156.49,10,156.38,1,156.37,3,156.36,3,156.27,1,156.98,2,157.04,3,157.21,3,157.3,1,157.35,4,,,,,,,,,,
2025-04-10 09:36:39,156.855,156.77,2,156.73,2,156.98,2,156.98,156.73,156.73,2,156.62,6,156.61,1,156.51,2,156.5,4,156.49,10,156.38,1,156.37,3,156.36,3,156.27,1,156.98,2,157.04,3,157.21,3,157.3,1,157.35,4,,,,,,,,,,
2025-04-10 09:36:40,156.635,156.62,4,156.54,1,156.73,1,156.73,156.54,156.54,1,156.51,2,156.5,4,156.49,10,156.38,1,156.37,3,156.36,3,156.27,1,156.26,3,156.13,3,156.73,1,156.81,1,156.86,1,156.98,2,157.04,3,157.21,3,157.3,1,157.35,4,,,,
2025-04-10 09:36:41,156.615,156.72,1,156.5,6,156.73,1,156.73,156.5,156.5,6,156.49,10,156.38,1,156.37,3,156.36,3,156.27,1,156.26,3,156.13,3,156.04,3,156.03,2,156.73,1,156.81,1,156.86,1,156.98,2,157.04,3,157.21,3,157.3,1,157.35,4,,,,
2025-04-10 09:36:42,156.615,156.72,1,156.5,6,156.73,1,156.73,156.5,156.5,6,156.49,10,156.38,1,156.37,3,156.36,3,156.27,1,156.26,3,156.13,3,156.04,3,156.03,2,156.73,1,156.81,1,156.86,1,156.98,2,157.04,3,157.21,3,157.3,1,157.35,4,,,,
2025-04-10 09:36:43,156.625,156.73,1,156.52,2,156.73,1,156.73,156.52,156.52,2,156.5,6,156.49,10,156.38,1,156.37,3,156.36,3,156.27,1,156.26,3,156.13,3,156.04,3,156.73,1,156.81,1,156.86,1,156.98,2,157.04,3,157.21,3,157.3,1,157.35,4,,,,
2025-04-10 09:36:44,156.63,156.74,1,156.5,6,156.76,1,156.76,156.5,156.5,6,156.49,10,156.38,1,156.37,3,156.36,3,156.27,1,156.26,3,156.13,3,156.04,3,156.03,2,156.76,1,156.81,1,156.86,1,156.98,2,157.04,3,157.21,3,157.3,1,157.35,4,,,,
2025-04-10 09:36:45,156.635,156.75,2,156.51,2,156.76,1,156.76,156.51,156.51,2,156.5,6,156.49,10,156.38,1,156.37,3,156.36,3,156.27,1,156.26,3,156.13,3,156.04,3,156.76,1,156.81,1,156.86,1,156.98,2,157.04,3,157.21,3,157.3,1,157.35,4,,,,
2025-04-10 09:36:46,156.795,156.75,2,156.59,2,157.0,6,157.0,156.59,156.59,2,156.5,6,156.49,10,156.38,1,156.37,3,156.36,3,156.27,1,156.26,3,156.13,3,156.04,3,157.0,6,157.04,3,157.21,3,157.3,1,157.35,4,,,,,,,,,,
2025-04-10 09:36:47,156.795,156.75,2,156.59,2,157.0,6,157.0,156.59,156.59,2,156.5,6,156.49,10,156.38,1,156.37,3,156.36,3,156.27,1,156.26,3,156.13,3,156.04,3,157.0,6,157.04,3,157.21,3,157.3,1,157.35,4,,,,,,,,,,
2025-04-10 09:36:48,156.79,156.82,1,156.59,3,156.99,1,156.99,156.59,156.59,3,156.5,6,156.49,10,156.38,1,156.37,3,156.36,3,156.27,1,156.26,3,156.13,3,156.04,3,156.99,1,157.0,6,157.04,3,157.21,3,157.3,1,157.35,4,,,,,,,,
2025-04-10 09:36:49,156.79,156.82,1,156.59,2,156.99,1,156.99,156.59,156.59,2,156.5,6,156.49,10,156.38,1,156.37,3,156.36,3,156.27,1,156.26,3,156.13,3,156.04,3,156.99,1,157.0,6,157.04,3,157.21,3,157.3,1,157.35,4,,,,,,,,
2025-04-10 09:36:50,156.805,156.8,1,156.61,2,157.0,6,157.0,156.61,156.61,2,156.6,3,156.59,2,156.5,6,156.49,10,156.38,1,156.37,3,156.36,3,156.27,1,156.26,3,157.0,6,157.04,3,157.21,3,157.3,1,157.35,4,,,,,,,,,,
2025-04-10 09:36:51,156.82,156.81,1,156.64,1,157.0,6,157.0,156.64,156.64,1,156.61,2,156.6,3,156.59,2,156.5,6,156.49,10,156.38,1,156.37,3,156.36,3,156.27,1,157.0,6,157.04,3,157.21,3,157.3,1,157.35,4,,,,,,,,,,
2025-04-10 09:36:52,157.0,157.0,7,156.79,1,157.21,2,157.21,156.79,156.79,1,156.78,3,156.64,1,156.61,2,156.6,3,156.59,2,156.5,6,156.49,10,156.38,1,156.37,3,157.21,2,157.3,1,157.35,4,,,,,,,,,,,,,,
2025-04-10 09:36:53,157.0,157.0,7,156.79,2,157.21,2,157.21,156.79,156.79,2,156.78,3,156.64,1,156.61,2,156.6,3,156.59,2,156.5,6,156.49,10,156.38,1,156.37,3,157.21,2,157.3,1,157.35,4,,,,,,,,,,,,,,
2025-04-10 09:36:54,157.0,157.0,7,156.79,2,157.21,2,157.21,156.79,156.79,2,156.78,3,156.64,1,156.61,2,156.6,3,156.59,2,156.5,6,156.49,10,156.38,1,156.37,3,157.21,2,157.3,1,157.35,4,,,,,,,,,,,,,,
2025-04-10 09:36:55,156.895,157.0,7,156.79,2,157.0,1,157.0,156.79,156.79,2,156.78,3,156.64,1,156.61,2,156.6,3,156.59,2,156.5,6,156.49,10,156.38,1,156.37,3,157.0,1,157.21,2,157.3,1,157.35,4,,,,,,,,,,,,
2025-04-10 09:36:56,156.895,157.0,7,156.79,2,157.0,2,157.0,156.79,156.79,2,156.78,3,156.64,1,156.61,2,156.6,3,156.59,2,156.5,6,156.49,10,156.38,1,156.37,3,157.0,2,157.21,2,157.3,1,157.35,4,,,,,,,,,,,,
2025-04-10 09:36:57,156.885,157.0,7,156.79,3,156.98,1,156.98,156.79,156.79,3,156.78,3,156.64,1,156.61,2,156.6,3,156.59,2,156.5,6,156.49,10,156.38,1,156.37,3,156.98,1,157.0,2,157.21,2,157.3,1,157.35,4,,,,,,,,,,
2025-04-10 09:36:58,156.885,157.0,7,156.79,3,156.98,1,156.98,156.79,156.79,3,156.78,3,156.64,1,156.61,2,156.6,3,156.59,2,156.5,6,156.49,10,156.38,1,156.37,3,156.98,1,157.0,2,157.21,2,157.3,1,157.35,4,,,,,,,,,,
2025-04-10 09:36:59,156.885,157.0,7,156.79,3,156.98,1,156.98,156.79,156.79,3,156.78,3,156.64,1,156.61,2,156.6,3,156.59,2,156.5,6,156.49,10,156.38,1,156.37,3,156.98,1,157.0,2,157.21,2,157.3,1,157.35,4,,,,,,,,,,
2025-04-10 09:37:00,156.885,156.8,1,156.79,3,156.98,1,156.98,156.79,156.79,3,156.78,3,156.64,1,156.61,2,156.6,3,156.59,2,156.5,6,156.49,10,156.38,1,156.37,3,156.98,1,157.0,2,157.21,2,157.3,1,157.35,4,,,,,,,,,,
2025-04-10 09:37:01,156.885,156.8,1,156.79,3,156.98,1,156.98,156.79,156.79,3,156.78,3,156.64,1,156.61,2,156.6,3,156.59,2,156.5,6,156.49,10,156.38,1,156.37,3,156.98,1,157.0,2,157.21,2,157.3,1,157.35,4,,,,,,,,,,
2025-04-10 09:37:02,156.685,156.79,1,156.6,3,156.77,1,156.77,156.6,156.6,3,156.59,2,156.5,6,156.49,10,156.38,1,156.37,3,156.36,3,156.27,1,156.26,3,156.13,3,156.77,1,156.86,2,156.96,2,156.97,1,156.98,1,157.0,2,157.21,2,157.3,1,157.35,4,,
2025-04-10 09:37:03,156.685,156.69,1,156.6,5,156.77,2,156.77,156.6,156.6,5,156.59,2,156.5,6,156.49,10,156.38,1,156.37,3,156.36,3,156.27,1,156.26,3,156.13,3,156.77,2,156.86,2,156.96,2,156.97,1,156.98,1,157.0,2,157.21,2,157.3,1,157.35,4,,
2025-04-10 09:37:04,156.615,156.6,1,156.49,10,156.74,2,156.74,156.49,156.49,10,156.38,1,156.37,3,156.36,3,156.27,1,156.26,3,156.13,3,156.04,3,156.03,2,155.85,5,156.74,2,156.77,3,156.86,2,156.96,2,156.97,1,156.98,1,157.0,2,157.21,2,157.3,1,157.35,4
2025-04-10 09:37:05,156.405,156.49,1,156.29,1,156.52,2,156.52,156.29,156.29,1,156.27,1,156.26,3,156.13,3,156.04,3,156.03,2,155.85,5,155.84,3,155.81,3,155.79,1,156.52,2,156.53,4,156.67,5,156.68,1,156.69,1,156.74,2,156.77,3,156.86,2,156.96,2,156.97,1
2025-04-10 09:37:06,156.4,156.4,1,156.29,1,156.51,2,156.51,156.29,156.29,1,156.27,1,156.26,3,156.13,3,156.04,3,156.03,2,155.85,5,155.84,3,155.81,3,155.79,1,156.51,2,156.52,2,156.53,4,156.67,5,156.68,1,156.69,1,156.74,2,156.77,3,156.86,2,156.96,2
2025-04-10 09:37:07,156.4,156.4,1,156.29,3,156.51,2,156.51,156.29,156.29,3,156.27,1,156.26,3,156.13,3,156.04,3,156.03,2,155.85,5,155.84,3,155.81,3,155.79,1,156.51,2,156.52,2,156.53,4,156.67,5,156.68,1,156.69,1,156.74,2,156.77,3,156.86,2,156.96,2
2025-04-10 09:37:08,156.4,156.45,2,156.29,3,156.51,2,156.51,156.29,156.29,3,156.27,1,156.26,3,156.13,3,156.04,3,156.03,2,155.85,5,155.84,3,155.81,3,155.79,1,156.51,2,156.52,2,156.53,4,156.67,5,156.68,1,156.69,1,156.74,2,156.77,3,156.86,2,156.96,2
2025-04-10 09:37:09,156.4,156.45,2,156.29,3,156.51,2,156.51,156.29,156.29,3,156.27,1,156.26,3,156.13,3,156.04,3,156.03,2,155.85,5,155.84,3,155.81,3,155.79,1,156.51,2,156.52,2,156.53,4,156.67,5,156.68,1,156.69,1,156.74,2,156.77,3,156.86,2,156.96,2
2025-04-10 09:37:10,156.35,156.29,1,156.29,3,156.41,1,156.41,156.29,156.29,3,156.27,1,156.26,3,156.13,3,156.04,3,156.03,2,155.85,5,155.84,3,155.81,3,155.79,1,156.41,1,156.42,1,156.43,1,156.47,3,156.51,2,156.52,2,156.53,4,156.67,5,156.68,1,156.69,1
2025-04-10 09:37:11,156.23,156.29,2,156.11,2,156.35,2,156.35,156.11,156.11,2,156.04,3,156.03,2,155.85,5,155.84,3,155.81,3,155.79,1,155.78,1,155.77,4,155.76,2,156.35,2,156.41,3,156.42,1,156.43,1,156.47,3,156.51,2,156.52,2,156.53,4,156.67,5,156.68,1
2025-04-10 09:37:12,156.215,156.11,1,156.11,4,156.32,2,156.32,156.11,156.11,4,156.04,3,156.03,2,155.85,5,155.84,3,155.81,3,155.79,1,155.78,1,155.77,4,155.76,2,156.32,2,156.33,1,156.34,2,156.35,2,156.41,3,156.42,1,156.43,1,156.47,3,156.51,2,156.52,2
2025-04-10 09:37:13,156.105,156.13,2,156.0,1,156.21,1,156.21,156.0,156.0,1,155.85,5,155.84,3,155.81,3,155.79,1,155.78,1,155.77,4,155.76,2,155.6,2,155.52,5,156.21,1,156.26,1,156.31,3,156.32,2,156.33,1,156.34,2,156.35,2,156.41,3,156.42,1,156.43,1
2025-04-10 09:37:14,156.09,156.09,1,156.0,1,156.18,3,156.18,156.0,156.0,1,155.85,5,155.84,3,155.81,3,155.79,1,155.78,1,155.77,4,155.76,2,155.6,2,155.52,5,156.18,3,156.19,1,156.2,1,156.21,1,156.26,1,156.31,3,156.32,2,156.33,1,156.34,2,156.35,2
2025-04-10 09:37:15,156.08,156.02,1,156.0,1,156.16,2,156.16,156.0,156.0,1,155.85,5,155.84,3,155.81,3,155.79,1,155.78,1,155.77,4,155.76,2,155.6,2,155.52,5,156.16,2,156.17,1,156.18,3,156.19,1,156.2,1,156.21,1,156.26,1,156.31,3,156.32,2,156.33,1
2025-04-10 09:37:16,156.035,156.1,1,155.77,7,156.3,2,156.3,155.77,155.77,7,155.76,2,155.6,2,155.52,5,155.51,2,155.5,5,155.23,2,155.22,3,155.19,1,155.17,1,156.3,2,156.31,3,156.32,2,156.33,1,156.34,2,156.35,2,156.41,3,156.42,1,156.43,1,156.47,3
2025-04-10 09:37:17,156.06,156.1,1,155.82,1,156.3,3,156.3,155.82,155.82,1,155.78,4,155.77,7,155.76,2,155.6,2,155.52,5,155.51,2,155.5,5,155.23,2,155.22,3,156.3,3,156.31,3,156.32,2,156.33,1,156.34,2,156.35,2,156.41,3,156.42,1,156.43,1,156.47,3
2025-04-10 09:37:18,156.045,156.06,1,155.82,1,156.27,1,156.27,155.82,155.82,1,155.78,4,155.77,7,155.76,2,155.6,2,155.52,5,155.51,2,155.5,5,155.23,2,155.22,3,156.27,1,156.3,2,156.31,3,156.32,2,156.33,1,156.34,2,156.35,2,156.41,3,156.42,1,156.43,1
2025-04-10 09:37:19,155.88,155.78,1,155.76,2,156.0,1,156.0,155.76,155.76,2,155.6,2,155.52,5,155.51,2,155.5,5,155.23,2,155.22,3,155.19,1,155.17,1,155.03,2,156.0,1,156.02,1,156.1,1,156.14,1,156.18,4,156.27,1,156.3,2,156.31,3,156.32,2,156.33,1
2025-04-10 09:37:20,155.86,155.78,1,155.72,2,156.0,3,156.0,155.72,155.72,2,155.6,2,155.52,5,155.51,2,155.5,5,155.23,2,155.22,3,155.19,1,155.17,1,155.03,2,156.0,3,156.1,1,156.14,1,156.18,4,156.27,1,156.3,2,156.31,3,156.32,2,156.33,1,156.34,2
2025-04-10 09:37:21,155.86,155.86,2,155.72,5,156.0,3,156.0,155.72,155.72,5,155.6,2,155.52,5,155.51,2,155.5,5,155.23,2,155.22,3,155.19,1,155.17,1,155.03,2,156.0,3,156.1,1,156.14,1,156.18,4,156.27,1,156.3,2,156.31,3,156.32,2,156.33,1,156.34,2
2025-04-10 09:37:22,155.835,155.74,1,155.69,2,155.98,5,155.98,155.69,155.69,2,155.6,2,155.52,5,155.51,2,155.5,5,155.23,2,155.22,3,155.19,1,155.17,1,155.03,2,155.98,5,155.99,1,156.0,5,156.1,1,156.14,1,156.18,4,156.27,1,156.3,2,156.31,3,156.32,2
2025-04-10 09:37:23,155.805,155.92,1,155.69,4,155.92,4,155.92,155.69,155.69,4,155.6,2,155.52,5,155.51,2,155.5,5,155.23,2,155.22,3,155.19,1,155.17,1,155.03,2,155.92,4,155.98,5,155.99,1,156.0,5,156.1,1,156.14,1,156.18,4,156.27,1,156.3,2,156.31,3
2025-04-10 09:37:24,155.78,155.68,1,155.68,1,155.88,2,155.88,155.68,155.68,1,155.6,2,155.52,5,155.51,2,155.5,5,155.23,2,155.22,3,155.19,1,155.17,1,155.03,2,155.88,2,155.9,4,155.92,5,155.98,5,155.99,1,156.0,5,156.1,1,156.14,1,156.18,4,156.27,1
2025-04-10 09:37:25,155.725,155.68,1,155.62,1,155.83,1,155.83,155.62,155.62,1,155.6,2,155.52,5,155.51,2,155.5,5,155.23,2,155.22,3,155.19,1,155.17,1,155.03,2,155.83,1,155.88,1,155.9,4,155.92,5,155.98,5,155.99,1,156.0,5,156.1,1,156.14,1,156.18,4
2025-04-10 09:37:26,155.485,155.49,1,155.32,1,155.65,2,155.65,155.32,155.32,1,155.31,3,155.23,2,155.22,3,155.19,1,155.17,1,155.03,2,154.99,2,154.87,3,154.84,11,155.65,2,155.67,2,155.83,1,155.88,1,155.9,4,155.92,5,155.98,5,155.99,1,156.0,5,156.1,1
2025-04-10 09:37:27,155.445,155.44,1,155.32,3,155.57,3,155.57,155.32,155.32,3,155.31,3,155.23,2,155.22,3,155.19,1,155.17,1,155.03,2,154.99,2,154.87,3,154.84,11,155.57,3,155.64,1,155.65,2,155.67,2,155.83,1,155.88,1,155.9,4,155.92,5,155.98,5,155.99,1
2025-04-10 09:37:28,155.87,155.69,1,155.67,3,156.07,2,156.07,155.67,155.67,3,155.38,2,155.37,3,155.32,3,155.31,3,155.23,2,155.22,3,155.19,1,155.17,1,155.03,2,156.07,2,156.1,1,156.14,1,156.18,4,156.27,1,156.3,2,156.31,3,156.32,2,156.33,1,156.34,2
2025-04-10 09:37:29,155.72,155.67,1,155.37,3,156.07,2,156.07,155.37,155.37,3,155.32,3,155.31,3,155.23,2,155.22,3,155.19,1,155.17,1,155.03,2,154.99,2,154.87,3,156.07,2,156.1,1,156.14,1,156.18,4,156.27,1,156.3,2,156.31,3,156.32,2,156.33,1,156.34,2
2025-04-10 09:37:30,155.72,155.67,1,155.37,3,156.07,3,156.07,155.37,155.37,3,155.32,3,155.31,3,155.23,2,155.22,3,155.19,1,155.17,1,155.03,2,154.99,2,154.87,3,156.07,3,156.1,1,156.14,1,156.18,4,156.27,1,156.3,2,156.31,3,156.32,2,156.33,1,156.34,2
2025-04-10 09:37:31,155.58,155.63,1,155.41,3,155.75,1,155.75,155.41,155.41,3,155.4,4,155.37,3,155.32,3,155.31,3,155.23,2,155.22,3,155.19,1,155.17,1,155.03,2,155.75,1,155.83,2,155.84,1,155.88,1,156.07,3,156.1,1,156.14,1,156.18,4,156.27,1,156.3,2
2025-04-10 09:37:32,155.54,155.54,1,155.41,2,155.67,1,155.67,155.41,155.41,2,155.4,4,155.37,3,155.32,3,155.31,3,155.23,2,155.22,3,155.19,1,155.17,1,155.03,2,155.67,1,155.75,3,155.83,2,155.84,1,155.88,1,156.07,3,156.1,1,156.14,1,156.18,4,156.27,1
2025-04-10 09:37:33,155.54,155.54,2,155.41,1,155.67,1,155.67,155.41,155.41,1,155.4,4,155.37,3,155.32,3,155.31,3,155.23,2,155.22,3,155.19,1,155.17,1,155.03,2,155.67,1,155.75,3,155.83,2,155.84,1,155.88,1,156.07,3,156.1,1,156.14,1,156.18,4,156.27,1
2025-04-10 09:37:34,155.495,155.41,1,155.41,1,155.58,1,155.58,155.41,155.41,1,155.4,4,155.37,3,155.32,3,155.31,3,155.23,2,155.22,3,155.19,1,155.17,1,155.03,2,155.58,1,155.67,2,155.75,3,155.83,2,155.84,1,155.88,1,156.07,3,156.1,1,156.14,1,156.18,4
2025-04-10 09:37:35,155.745,155.57,1,155.5,2,155.99,1,155.99,155.5,155.5,2,155.41,1,155.4,4,155.37,3,155.32,3,155.31,3,155.23,2,155.22,3,155.19,1,155.17,1,155.99,1,156.07,3,156.1,1,156.14,1,156.18,4,156.27,1,156.3,2,156.31,3,156.32,2,156.33,1
2025-04-10 09:37:36,155.69,155.57,1,155.5,2,155.88,1,155.88,155.5,155.5,2,155.41,1,155.4,4,155.37,3,155.32,3,155.31,3,155.23,2,155.22,3,155.19,1,155.17,1,155.88,1,155.99,1,156.07,3,156.1,1,156.14,1,156.18,4,156.27,1,156.3,2,156.31,3,156.32,2
2025-04-10 09:37:37,155.605,155.57,1,155.51,1,155.7,2,155.7,155.51,155.51,1,155.5,2,155.41,1,155.4,4,155.37,3,155.32,3,155.31,3,155.23,2,155.22,3,155.19,1,155.7,2,155.81,1,155.88,1,155.99,1,156.07,3,156.1,1,156.14,1,156.18,4,156.27,1,156.3,2
2025-04-10 09:37:38,155.605,155.52,1,155.51,1,155.7,2,155.7,155.51,155.51,1,155.5,2,155.41,1,155.4,4,155.37,3,155.32,3,155.31,3,155.23,2,155.22,3,155.19,1,155.7,2,155.81,1,155.88,1,155.99,1,156.07,3,156.1,1,156.14,1,156.18,4,156.27,1,156.3,2
2025-04-10 09:37:39,155.605,155.52,1,155.51,1,155.7,2,155.7,155.51,155.51,1,155.5,2,155.41,1,155.4,4,155.37,3,155.32,3,155.31,3,155.23,2,155.22,3,155.19,1,155.7,2,155.81,1,155.88,1,155.99,1,156.07,3,156.1,1,156.14,1,156.18,4,156.27,1,156.3,2
2025-04-10 09:37:40,155.605,155.6,1,155.51,1,155.7,2,155.7,155.51,155.51,1,155.5,2,155.41,1,155.4,4,155.37,3,155.32,3,155.31,3,155.23,2,155.22,3,155.19,1,155.7,2,155.81,1,155.88,1,155.99,1,156.07,3,156.1,1,156.14,1,156.18,4,156.27,1,156.3,2
2025-04-10 09:37:41,155.555,155.6,1,155.51,1,155.6,1,155.6,155.51,155.51,1,155.5,2,155.41,1,155.4,4,155.37,3,155.32,3,155.31,3,155.23,2,155.22,3,155.19,1,155.6,1,155.68,2,155.69,3,155.7,2,155.81,1,155.88,1,155.99,1,156.07,3,156.1,1,156.14,1
2025-04-10 09:37:42,155.63,155.6,2,155.47,2,155.79,1,155.79,155.47,155.47,2,155.41,1,155.4,4,155.37,3,155.32,3,155.31,3,155.23,2,155.22,3,155.19,1,155.17,1,155.79,1,155.81,1,155.88,1,155.99,1,156.07,3,156.1,1,156.14,1,156.18,4,156.27,1,156.3,2
2025-04-10 09:37:43,155.64,155.63,2,155.49,2,155.79,1,155.79,155.49,155.49,2,155.3,1,155.23,2,155.22,3,155.19,1,155.17,1,155.03,2,154.99,2,154.87,3,154.84,11,155.79,1,155.81,1,155.88,1,155.99,1,156.07,3,156.1,1,156.14,1,156.18,4,156.27,1,156.3,2
2025-04-10 09:37:44,155.64,155.64,1,155.49,3,155.79,1,155.79,155.49,155.49,3,155.3,1,155.23,2,155.22,3,155.19,1,155.17,1,155.03,2,154.99,2,154.87,3,154.84,11,155.79,1,155.81,1,155.88,1,155.99,1,156.07,3,156.1,1,156.14,1,156.18,4,156.27,1,156.3,2
2025-04-10 09:37:45,155.64,155.64,1,155.49,3,155.79,1,155.79,155.49,155.49,3,155.3,1,155.23,2,155.22,3,155.19,1,155.17,1,155.03,2,154.99,2,154.87,3,154.84,11,155.79,1,155.81,1,155.88,1,155.99,1,156.07,3,156.1,1,156.14,1,156.18,4,156.27,1,156.3,2
2025-04-10 09:37:46,155.605,155.59,1,155.49,3,155.72,1,155.72,155.49,155.49,3,155.3,1,155.23,2,155.22,3,155.19,1,155.17,1,155.03,2,154.99,2,154.87,3,154.84,11,155.72,1,155.79,1,155.81,1,155.88,1,155.99,1,156.07,3,156.1,1,156.14,1,156.18,4,156.27,1
2025-04-10 09:37:47,155.575,155.59,1,155.49,3,155.66,1,155.66,155.49,155.49,3,155.3,1,155.23,2,155.22,3,155.19,1,155.17,1,155.03,2,154.99,2,154.87,3,154.84,11,155.66,1,155.74,1,155.79,1,155.81,1,155.88,1,155.99,1,156.07,3,156.1,1,156.14,1,156.18,4
2025-04-10 09:37:48,155.61,155.59,1,155.49,4,155.73,2,155.73,155.49,155.49,4,155.3,1,155.23,2,155.22,3,155.19,1,155.17,1,155.03,2,154.99,2,154.87,3,154.84,11,155.73,2,155.74,1,155.79,1,155.81,1,155.88,1,155.99,1,156.07,3,156.1,1,156.14,1,156.18,4
2025-04-10 09:37:49,155.61,155.5,1,155.49,4,155.73,2,155.73,155.49,155.49,4,155.3,1,155.23,2,155.22,3,155.19,1,155.17,1,155.03,2,154.99,2,154.87,3,154.84,11,155.73,2,155.74,1,155.79,1,155.81,1,155.88,1,155.99,1,156.07,3,156.1,1,156.14,1,156.18,4
