sim_time,mid_price,last_price,last_size,best_bid_price,best_bid_size,best_ask_price,best_ask_size,close_price_buy,close_price_sell,bid1_price,bid1_size,bid2_price,bid2_size,bid3_price,bid3_size,bid4_price,bid4_size,bid5_price,bid5_size,bid6_price,bid6_size,bid7_price,bid7_size,bid8_price,bid8_size,bid9_price,bid9_size,bid10_price,bid10_size,ask1_price,ask1_size,ask2_price,ask2_size,ask3_price,ask3_size,ask4_price,ask4_size,ask5_price,ask5_size,ask6_price,ask6_size,ask7_price,ask7_size,ask8_price,ask8_size,ask9_price,ask9_size,ask10_price,ask10_size
2025-04-10 09:30:11,295.955,295.97,1,295.5,3,296.41,2,296.41,295.5,295.5,3,295.44,1,295.35,1,295.34,1,295.26,1,295.0,3,294.47,1,,,,,,,296.41,2,296.42,1,296.43,1,296.44,1,296.45,1,296.46,1,296.47,1,296.79,1,296.8,1,296.81,2
2025-04-10 09:30:12,295.945,295.97,1,295.5,3,296.39,2,296.39,295.5,295.5,3,295.44,1,295.35,1,295.34,1,295.26,1,295.0,3,294.47,1,,,,,,,296.39,2,296.4,2,296.41,2,296.42,1,296.43,1,296.44,1,296.45,1,296.46,1,296.47,1,296.79,1
2025-04-10 09:30:14,295.93,295.97,1,295.5,3,296.36,2,296.36,295.5,295.5,3,295.44,1,295.35,1,295.34,1,295.26,1,295.0,3,294.47,1,,,,,,,296.36,2,296.37,2,296.38,2,296.39,2,296.4,2,296.41,2,296.42,1,296.43,1,296.44,1,296.45,1
2025-04-10 09:30:15,296.195,295.97,1,295.55,1,296.84,1,296.84,295.55,295.55,1,295.5,4,295.44,1,295.35,1,295.34,1,295.26,1,295.0,3,294.47,1,,,,,296.84,1,297.74,4,298.27,3,298.89,2,,,,,,,,,,,,
2025-04-10 09:30:16,296.195,295.97,1,295.55,1,296.84,1,296.84,295.55,295.55,1,295.5,4,295.44,1,295.35,1,295.34,1,295.26,1,295.0,3,294.47,1,,,,,296.84,1,297.74,4,298.27,3,298.89,2,,,,,,,,,,,,
2025-04-10 09:30:17,296.195,295.97,1,295.55,1,296.84,1,296.84,295.55,295.55,1,295.5,4,295.44,1,295.35,1,295.34,1,295.26,1,295.0,3,294.47,1,,,,,296.84,1,297.74,4,298.27,3,298.89,2,,,,,,,,,,,,
2025-04-10 09:30:18,296.195,295.97,1,295.55,1,296.84,1,296.84,295.55,295.55,1,295.5,4,295.44,1,295.35,1,295.34,1,295.26,1,295.0,3,294.47,1,,,,,296.84,1,297.74,4,298.27,3,298.89,2,,,,,,,,,,,,
2025-04-10 09:30:19,296.195,295.97,1,295.55,1,296.84,1,296.84,295.55,295.55,1,295.5,4,295.44,1,295.35,1,295.34,1,295.26,1,295.0,3,294.47,1,,,,,296.84,1,297.74,4,298.27,3,298.89,2,,,,,,,,,,,,
2025-04-10 09:30:20,296.195,295.97,1,295.55,1,296.84,1,296.84,295.55,295.55,1,295.5,4,295.44,1,295.35,1,295.34,1,295.26,1,295.0,3,294.47,1,,,,,296.84,1,297.74,4,298.27,3,298.89,2,,,,,,,,,,,,
2025-04-10 09:30:21,296.195,295.97,1,295.55,1,296.84,1,296.84,295.55,295.55,1,295.5,4,295.44,1,295.35,1,295.34,1,295.26,1,295.0,3,294.47,1,,,,,296.84,1,297.74,4,298.27,3,298.89,2,,,,,,,,,,,,
2025-04-10 09:30:22,296.195,295.97,1,295.55,3,296.84,1,296.84,295.55,295.55,3,295.5,4,295.44,1,295.35,1,295.34,1,295.26,1,295.0,3,294.47,1,,,,,296.84,1,297.74,4,298.27,3,298.89,2,,,,,,,,,,,,
2025-04-10 09:30:23,296.195,295.97,1,295.55,3,296.84,1,296.84,295.55,295.55,3,295.5,4,295.44,1,295.35,1,295.34,1,295.26,1,295.0,3,294.47,1,,,,,296.84,1,297.74,4,298.27,3,298.89,2,,,,,,,,,,,,
2025-04-10 09:30:24,296.195,295.97,1,295.55,4,296.84,1,296.84,295.55,295.55,4,295.5,4,295.44,1,295.35,1,295.34,1,295.26,1,295.0,3,294.47,1,,,,,296.84,1,297.74,4,298.27,3,298.89,2,,,,,,,,,,,,
2025-04-10 09:30:25,296.195,295.97,1,295.55,4,296.84,1,296.84,295.55,295.55,4,295.5,4,295.44,1,295.35,1,295.34,1,295.26,1,295.0,3,294.47,1,,,,,296.84,1,297.74,4,298.27,3,298.89,2,,,,,,,,,,,,
2025-04-10 09:30:26,296.195,295.97,1,295.55,4,296.84,1,296.84,295.55,295.55,4,295.5,4,295.44,1,295.35,1,295.34,1,295.26,1,295.0,3,294.47,1,,,,,296.84,1,297.74,4,298.27,3,298.89,2,,,,,,,,,,,,
2025-04-10 09:30:27,296.195,295.97,1,295.55,4,296.84,1,296.84,295.55,295.55,4,295.5,4,295.44,1,295.35,1,295.34,1,295.26,1,295.0,3,294.47,1,,,,,296.84,1,297.74,4,298.27,3,298.89,2,,,,,,,,,,,,
2025-04-10 09:30:28,295.985,295.97,1,295.55,4,296.42,2,296.42,295.55,295.55,4,295.5,4,295.44,1,295.35,1,295.34,1,295.26,1,295.0,3,294.47,1,,,,,296.42,2,296.84,1,297.74,4,298.27,3,298.89,2,,,,,,,,,,
2025-04-10 09:30:29,295.985,295.97,1,295.55,4,296.42,2,296.42,295.55,295.55,4,295.5,4,295.44,1,295.35,1,295.34,1,295.26,1,295.0,3,294.47,1,,,,,296.42,2,296.84,1,297.74,4,298.27,3,298.89,2,,,,,,,,,,
2025-04-10 09:30:30,295.985,295.97,1,295.55,4,296.42,2,296.42,295.55,295.55,4,295.5,4,295.44,1,295.35,1,295.34,1,295.26,1,295.0,3,294.47,1,,,,,296.42,2,296.84,1,297.74,4,298.27,3,298.89,2,,,,,,,,,,
2025-04-10 09:30:31,295.985,295.97,1,295.55,4,296.42,2,296.42,295.55,295.55,4,295.5,4,295.44,1,295.35,1,295.34,1,295.26,1,295.0,3,294.47,1,,,,,296.42,2,296.84,1,297.74,4,298.27,3,298.89,2,,,,,,,,,,
2025-04-10 09:30:32,295.985,295.97,1,295.55,4,296.42,2,296.42,295.55,295.55,4,295.5,4,295.44,1,295.35,1,295.34,1,295.26,1,295.0,3,294.47,1,,,,,296.42,2,296.84,1,297.74,4,298.27,3,298.89,2,,,,,,,,,,
2025-04-10 09:30:33,295.985,295.97,1,295.55,4,296.42,2,296.42,295.55,295.55,4,295.5,4,295.44,1,295.35,1,295.34,1,295.26,1,295.0,3,294.47,1,,,,,296.42,2,296.84,1,297.74,4,298.27,3,298.89,2,,,,,,,,,,
2025-04-10 09:30:34,295.985,295.97,1,295.55,4,296.42,2,296.42,295.55,295.55,4,295.5,4,295.44,1,295.35,1,295.34,1,295.26,1,295.0,3,294.47,1,,,,,296.42,2,296.84,1,297.74,4,298.27,3,298.89,2,,,,,,,,,,
2025-04-10 09:30:35,295.985,295.97,1,295.55,4,296.42,2,296.42,295.55,295.55,4,295.5,4,295.44,1,295.35,1,295.34,1,295.26,1,295.0,3,294.47,1,,,,,296.42,2,296.84,1,297.74,4,298.27,3,298.89,2,,,,,,,,,,
2025-04-10 09:30:36,295.975,295.85,1,295.55,3,296.4,2,296.4,295.55,295.55,3,295.5,4,295.44,1,295.35,1,295.34,1,295.26,1,295.0,3,294.47,1,,,,,296.4,2,296.42,2,296.84,1,297.74,4,298.27,3,298.89,2,,,,,,,,
2025-04-10 09:30:37,295.97,295.85,1,295.55,3,296.39,2,296.39,295.55,295.55,3,295.5,4,295.44,1,295.35,1,295.34,1,295.26,1,295.0,3,294.47,1,,,,,296.39,2,296.4,2,296.42,2,296.84,1,297.74,4,298.27,3,298.89,2,,,,,,
2025-04-10 09:30:38,295.95,295.85,1,295.55,3,296.35,2,296.35,295.55,295.55,3,295.5,4,295.44,1,295.35,1,295.34,1,295.26,1,295.0,3,294.47,1,,,,,296.35,2,296.36,2,296.37,2,296.38,2,296.39,2,296.4,2,296.42,2,296.84,1,297.74,4,298.27,3
2025-04-10 09:30:39,295.945,295.85,1,295.55,3,296.34,2,296.34,295.55,295.55,3,295.5,4,295.44,1,295.35,1,295.34,1,295.26,1,295.0,3,294.47,1,,,,,296.34,2,296.35,2,296.36,2,296.37,2,296.38,2,296.39,2,296.4,2,296.42,2,296.84,1,297.74,4
2025-04-10 09:30:40,295.945,295.85,1,295.55,3,296.34,2,296.34,295.55,295.55,3,295.5,4,295.44,1,295.35,1,295.34,1,295.26,1,295.0,3,294.47,1,,,,,296.34,2,296.35,2,296.36,2,296.37,2,296.38,2,296.39,2,296.4,2,296.42,2,296.84,1,297.74,4
2025-04-10 09:30:41,295.945,295.85,1,295.55,3,296.34,2,296.34,295.55,295.55,3,295.5,4,295.44,1,295.35,1,295.34,1,295.26,1,295.0,3,294.47,1,,,,,296.34,2,296.35,2,296.36,2,296.37,2,296.38,2,296.39,2,296.4,2,296.42,2,296.84,1,297.74,4
2025-04-10 09:30:42,295.945,295.85,1,295.55,3,296.34,2,296.34,295.55,295.55,3,295.5,4,295.44,1,295.35,1,295.34,1,295.26,1,295.0,3,294.47,1,,,,,296.34,2,296.35,2,296.36,2,296.37,2,296.38,2,296.39,2,296.4,2,296.42,2,296.84,1,297.74,4
2025-04-10 09:30:43,295.945,295.85,1,295.55,3,296.34,2,296.34,295.55,295.55,3,295.5,4,295.44,1,295.35,1,295.34,1,295.26,1,295.0,3,294.47,1,,,,,296.34,2,296.35,2,296.36,2,296.37,2,296.38,2,296.39,2,296.4,2,296.42,2,296.84,1,297.74,4
2025-04-10 09:30:44,295.935,295.85,1,295.55,3,296.32,2,296.32,295.55,295.55,3,295.5,4,295.44,1,295.35,1,295.34,1,295.26,1,295.0,3,294.47,1,,,,,296.32,2,296.33,2,296.34,2,296.35,2,296.36,2,296.37,2,296.38,2,296.39,2,296.4,2,296.42,2
2025-04-10 09:30:45,295.935,295.85,1,295.55,3,296.32,2,296.32,295.55,295.55,3,295.5,4,295.44,1,295.35,1,295.34,1,295.26,1,295.0,3,294.47,1,,,,,296.32,2,296.33,2,296.34,2,296.35,2,296.36,2,296.37,2,296.38,2,296.39,2,296.4,2,296.42,2
2025-04-10 09:30:46,295.935,295.85,1,295.55,3,296.32,2,296.32,295.55,295.55,3,295.5,4,295.44,1,295.35,1,295.34,1,295.26,1,295.0,3,294.47,1,,,,,296.32,2,296.33,2,296.34,2,296.35,2,296.36,2,296.37,2,296.38,2,296.39,2,296.4,2,296.42,2
2025-04-10 09:30:47,295.92,295.85,1,295.55,3,296.29,2,296.29,295.55,295.55,3,295.5,4,295.44,1,295.35,1,295.34,1,295.26,1,295.0,3,294.47,1,,,,,296.29,2,296.3,2,296.31,2,296.32,2,296.33,2,296.34,2,296.35,2,296.36,2,296.37,2,296.38,2
2025-04-10 09:30:48,295.905,295.85,1,295.55,3,296.26,3,296.26,295.55,295.55,3,295.5,4,295.44,1,295.35,1,295.34,1,295.26,1,295.0,3,294.47,1,,,,,296.26,3,296.27,2,296.28,3,296.29,2,296.3,2,296.31,2,296.32,2,296.33,2,296.34,2,296.35,2
2025-04-10 09:30:49,295.88,295.85,1,295.55,3,296.21,2,296.21,295.55,295.55,3,295.5,4,295.44,1,295.35,1,295.34,1,295.26,1,295.0,3,294.47,1,,,,,296.21,2,296.22,2,296.23,3,296.24,2,296.25,2,296.26,3,296.27,2,296.28,3,296.29,2,296.3,2
2025-04-10 09:30:50,295.875,295.85,1,295.55,3,296.2,2,296.2,295.55,295.55,3,295.5,4,295.44,1,295.35,1,295.34,1,295.26,1,295.0,3,294.47,1,,,,,296.2,2,296.21,2,296.22,2,296.23,3,296.24,2,296.25,2,296.26,3,296.27,2,296.28,3,296.29,2
2025-04-10 09:30:51,295.865,295.85,1,295.55,3,296.18,2,296.18,295.55,295.55,3,295.5,4,295.44,1,295.35,1,295.34,1,295.26,1,295.0,3,294.47,1,,,,,296.18,2,296.19,2,296.2,2,296.21,2,296.22,2,296.23,3,296.24,2,296.25,2,296.26,3,296.27,2
2025-04-10 09:30:52,295.855,295.85,1,295.55,3,296.16,2,296.16,295.55,295.55,3,295.5,4,295.44,1,295.35,1,295.34,1,295.26,1,295.0,3,294.47,1,,,,,296.16,2,296.17,2,296.18,2,296.19,2,296.2,2,296.21,2,296.22,2,296.23,3,296.24,2,296.25,2
2025-04-10 09:30:53,295.84,295.85,1,295.55,3,296.13,2,296.13,295.55,295.55,3,295.5,4,295.44,1,295.35,1,295.34,1,295.26,1,295.0,3,294.47,1,,,,,296.13,2,296.14,2,296.15,2,296.16,2,296.17,2,296.18,2,296.19,2,296.2,2,296.21,2,296.22,2
2025-04-10 09:30:54,295.845,295.85,1,295.55,3,296.14,2,296.14,295.55,295.55,3,295.5,4,295.44,1,295.35,1,295.34,1,295.26,1,295.0,3,294.47,1,,,,,296.14,2,296.24,3,296.25,2,296.26,3,296.27,2,296.28,3,296.29,2,296.3,2,296.31,2,296.32,2
2025-04-10 09:30:55,295.845,295.85,1,295.55,3,296.14,2,296.14,295.55,295.55,3,295.5,4,295.44,1,295.35,1,295.34,1,295.26,1,295.0,3,294.47,1,,,,,296.14,2,296.24,3,296.25,2,296.26,3,296.27,2,296.28,3,296.29,2,296.3,2,296.31,2,296.32,2
2025-04-10 09:30:56,295.845,295.85,1,295.55,3,296.14,3,296.14,295.55,295.55,3,295.5,4,295.44,1,295.35,1,295.34,1,295.26,1,295.0,3,294.47,1,,,,,296.14,3,296.24,3,296.25,2,296.26,3,296.27,2,296.28,3,296.29,2,296.3,2,296.31,2,296.32,2
2025-04-10 09:30:57,295.845,295.85,1,295.55,3,296.14,3,296.14,295.55,295.55,3,295.5,4,295.44,1,295.35,1,295.34,1,295.26,1,295.0,3,294.47,1,,,,,296.14,3,296.24,3,296.25,2,296.26,3,296.27,2,296.28,3,296.29,2,296.3,2,296.31,2,296.32,2
2025-04-10 09:30:58,295.845,295.85,1,295.55,3,296.14,3,296.14,295.55,295.55,3,295.5,4,295.44,1,295.35,1,295.34,1,295.26,1,295.0,3,294.47,1,,,,,296.14,3,296.24,3,296.25,2,296.26,3,296.27,2,296.28,3,296.29,2,296.3,2,296.31,2,296.32,2
2025-04-10 09:30:59,295.845,295.85,1,295.55,3,296.14,3,296.14,295.55,295.55,3,295.5,4,295.44,1,295.35,1,295.34,1,295.26,1,295.0,3,294.47,1,,,,,296.14,3,296.24,3,296.25,2,296.26,3,296.27,2,296.28,3,296.29,2,296.3,2,296.31,2,296.32,2
2025-04-10 09:31:00,295.845,295.85,1,295.55,3,296.14,3,296.14,295.55,295.55,3,295.5,4,295.44,1,295.35,1,295.34,1,295.26,1,295.0,3,294.47,1,,,,,296.14,3,296.24,3,296.25,2,296.26,3,296.27,2,296.28,3,296.29,2,296.3,2,296.31,2,296.32,2
2025-04-10 09:31:01,295.845,295.85,1,295.55,3,296.14,3,296.14,295.55,295.55,3,295.5,4,295.44,1,295.35,1,295.34,1,295.26,1,295.0,3,294.47,1,,,,,296.14,3,296.24,3,296.25,2,296.26,3,296.27,2,296.28,3,296.29,2,296.3,2,296.31,2,296.32,2
2025-04-10 09:31:02,295.845,295.85,1,295.55,3,296.14,3,296.14,295.55,295.55,3,295.5,4,295.44,1,295.35,1,295.34,1,295.26,1,295.0,3,294.47,1,,,,,296.14,3,296.24,3,296.25,2,296.26,3,296.27,2,296.28,3,296.29,2,296.3,2,296.31,2,296.32,2
2025-04-10 09:31:03,295.845,295.85,1,295.55,3,296.14,3,296.14,295.55,295.55,3,295.5,4,295.44,1,295.35,1,295.34,1,295.26,1,295.0,3,294.47,1,,,,,296.14,3,296.24,3,296.25,2,296.26,3,296.27,2,296.28,3,296.29,2,296.3,2,296.31,2,296.32,2
2025-04-10 09:31:04,295.845,295.85,1,295.55,3,296.14,3,296.14,295.55,295.55,3,295.5,4,295.44,1,295.35,1,295.34,1,295.26,1,295.0,3,294.47,1,,,,,296.14,3,296.24,3,296.25,2,296.26,3,296.27,2,296.28,3,296.29,2,296.3,2,296.31,2,296.32,2
2025-04-10 09:31:05,295.845,295.85,1,295.55,3,296.14,3,296.14,295.55,295.55,3,295.5,4,295.44,1,295.35,1,295.34,1,295.26,1,295.0,3,294.47,1,,,,,296.14,3,296.24,3,296.25,2,296.26,3,296.27,2,296.28,3,296.29,2,296.3,2,296.31,2,296.32,2
2025-04-10 09:31:06,295.845,295.85,1,295.55,3,296.14,3,296.14,295.55,295.55,3,295.5,4,295.44,1,295.35,1,295.34,1,295.26,1,295.0,3,294.47,1,,,,,296.14,3,296.24,3,296.25,2,296.26,3,296.27,2,296.28,3,296.29,2,296.3,2,296.31,2,296.32,2
2025-04-10 09:31:07,295.845,295.85,1,295.55,3,296.14,3,296.14,295.55,295.55,3,295.5,4,295.44,1,295.35,1,295.34,1,295.26,1,295.0,3,294.47,1,,,,,296.14,3,296.24,3,296.25,2,296.26,3,296.27,2,296.28,3,296.29,2,296.3,2,296.31,2,296.32,2
2025-04-10 09:31:08,295.845,295.85,1,295.55,3,296.14,3,296.14,295.55,295.55,3,295.5,4,295.44,1,295.35,1,295.34,1,295.26,1,295.0,3,294.47,1,,,,,296.14,3,296.24,3,296.25,2,296.26,3,296.27,2,296.28,3,296.29,2,296.3,2,296.31,2,296.32,2
2025-04-10 09:31:09,295.845,295.85,1,295.55,3,296.14,3,296.14,295.55,295.55,3,295.5,4,295.44,1,295.35,1,295.34,1,295.26,1,295.0,3,294.47,1,,,,,296.14,3,296.24,3,296.25,2,296.26,3,296.27,2,296.28,3,296.29,2,296.3,2,296.31,2,296.32,2
2025-04-10 09:31:10,295.845,295.85,1,295.55,3,296.14,4,296.14,295.55,295.55,3,295.5,4,295.44,1,295.35,1,295.34,1,295.26,1,295.0,3,294.47,1,,,,,296.14,4,296.24,3,296.25,2,296.26,3,296.27,2,296.28,3,296.29,2,296.3,2,296.31,2,296.32,2
2025-04-10 09:31:11,295.845,295.85,1,295.55,3,296.14,4,296.14,295.55,295.55,3,295.5,4,295.44,1,295.35,1,295.34,1,295.26,1,295.0,3,294.47,1,,,,,296.14,4,296.24,3,296.25,2,296.26,3,296.27,2,296.28,3,296.29,2,296.3,2,296.31,2,296.32,2
2025-04-10 09:31:12,295.81,295.51,1,295.49,2,296.13,3,296.13,295.49,295.49,2,295.44,1,295.35,1,295.34,1,295.26,1,295.0,3,294.47,1,,,,,,,296.13,3,296.14,3,296.24,3,296.25,2,296.26,3,296.27,2,296.28,3,296.29,2,296.3,2,296.31,2
2025-04-10 09:31:13,295.4,295.01,1,295.0,1,295.8,2,295.8,295.0,295.0,1,294.47,1,,,,,,,,,,,,,,,,,295.8,2,296.11,2,296.12,4,296.13,3,296.14,3,296.24,3,296.25,2,296.26,3,296.27,2,296.28,3
2025-04-10 09:31:14,295.2,295.01,1,294.6,2,295.8,5,295.8,294.6,294.6,2,294.47,1,,,,,,,,,,,,,,,,,295.8,5,296.11,2,296.12,4,296.13,3,296.14,3,296.24,3,296.25,2,296.26,3,296.27,2,296.28,3
2025-04-10 09:31:15,295.185,295.01,1,294.59,2,295.78,3,295.78,294.59,294.59,2,294.47,1,,,,,,,,,,,,,,,,,295.78,3,295.79,2,295.8,5,296.11,2,296.12,4,296.13,3,296.14,3,296.24,3,296.25,2,296.26,3
2025-04-10 09:31:16,295.185,295.01,1,294.59,2,295.78,4,295.78,294.59,294.59,2,294.47,1,,,,,,,,,,,,,,,,,295.78,4,295.79,2,295.8,5,296.11,2,296.12,4,296.13,3,296.14,3,296.24,3,296.25,2,296.26,3
2025-04-10 09:31:17,295.17,295.18,1,294.59,2,295.75,4,295.75,294.59,294.59,2,294.47,1,,,,,,,,,,,,,,,,,295.75,4,295.76,4,295.77,4,295.78,4,295.79,2,295.8,5,296.11,2,296.12,4,296.13,3,296.14,3
2025-04-10 09:31:18,295.16,295.18,1,294.59,2,295.73,3,295.73,294.59,294.59,2,294.47,1,,,,,,,,,,,,,,,,,295.73,3,295.74,4,295.75,4,295.76,4,295.77,4,295.78,4,295.79,2,295.8,5,296.11,2,296.12,4
2025-04-10 09:31:19,295.16,295.18,1,294.59,2,295.73,3,295.73,294.59,294.59,2,294.47,1,,,,,,,,,,,,,,,,,295.73,3,295.74,4,295.75,4,295.76,4,295.77,4,295.78,4,295.79,2,295.8,5,296.11,2,296.12,4
2025-04-10 09:31:20,295.16,295.18,1,294.59,2,295.73,3,295.73,294.59,294.59,2,294.47,1,,,,,,,,,,,,,,,,,295.73,3,295.74,4,295.75,4,295.76,4,295.77,4,295.78,4,295.79,2,295.8,5,296.11,2,296.12,4
2025-04-10 09:31:21,295.08,295.18,1,294.59,2,295.57,2,295.57,294.59,294.59,2,294.47,1,,,,,,,,,,,,,,,,,295.57,2,295.58,2,295.73,3,295.74,4,295.75,4,295.76,4,295.77,4,295.78,4,295.79,2,295.8,5
2025-04-10 09:31:22,295.065,294.59,1,294.59,1,295.54,3,295.54,294.59,294.59,1,294.47,1,,,,,,,,,,,,,,,,,295.54,3,295.55,4,295.56,3,295.57,4,295.58,2,295.73,3,295.74,4,295.75,4,295.76,4,295.77,4
2025-04-10 09:31:23,295.055,294.59,1,294.59,1,295.52,4,295.52,294.59,294.59,1,294.47,1,,,,,,,,,,,,,,,,,295.52,4,295.53,4,295.54,4,295.55,4,295.56,3,295.57,4,295.58,2,295.73,3,295.74,4,295.75,4
2025-04-10 09:31:24,295.055,294.59,1,294.59,1,295.52,4,295.52,294.59,294.59,1,294.47,1,,,,,,,,,,,,,,,,,295.52,4,295.53,4,295.54,4,295.55,4,295.56,3,295.57,4,295.58,2,295.73,3,295.74,4,295.75,4
2025-04-10 09:31:25,295.055,294.59,1,294.59,1,295.52,4,295.52,294.59,294.59,1,294.47,1,,,,,,,,,,,,,,,,,295.52,4,295.53,4,295.54,4,295.55,4,295.56,3,295.57,4,295.58,2,295.73,3,295.74,4,295.75,4
2025-04-10 09:31:26,295.055,294.59,1,294.59,1,295.52,4,295.52,294.59,294.59,1,294.47,1,,,,,,,,,,,,,,,,,295.52,4,295.53,4,295.54,4,295.55,4,295.56,3,295.57,4,295.58,2,295.73,3,295.74,4,295.75,4
2025-04-10 09:31:27,295.055,294.59,1,294.59,1,295.52,4,295.52,294.59,294.59,1,294.47,1,,,,,,,,,,,,,,,,,295.52,4,295.53,4,295.54,4,295.55,4,295.56,3,295.57,4,295.58,2,295.73,3,295.74,4,295.75,4
2025-04-10 09:31:28,295.055,294.59,1,294.59,1,295.52,4,295.52,294.59,294.59,1,294.47,1,,,,,,,,,,,,,,,,,295.52,4,295.53,4,295.54,4,295.55,4,295.56,3,295.57,4,295.58,2,295.73,3,295.74,4,295.75,4
2025-04-10 09:31:29,295.055,294.59,1,294.59,1,295.52,4,295.52,294.59,294.59,1,294.47,1,,,,,,,,,,,,,,,,,295.52,4,295.53,4,295.54,4,295.55,4,295.56,3,295.57,4,295.58,2,295.73,3,295.74,4,295.75,4
2025-04-10 09:31:30,295.055,294.59,1,294.59,1,295.52,4,295.52,294.59,294.59,1,294.47,1,,,,,,,,,,,,,,,,,295.52,4,295.53,4,295.54,4,295.55,4,295.56,3,295.57,4,295.58,2,295.73,3,295.74,4,295.75,4
2025-04-10 09:31:31,295.055,294.59,1,294.59,1,295.52,4,295.52,294.59,294.59,1,294.47,1,,,,,,,,,,,,,,,,,295.52,4,295.53,4,295.54,4,295.55,4,295.56,3,295.57,4,295.58,2,295.73,3,295.74,4,295.75,4
2025-04-10 09:31:32,295.03,294.89,1,294.59,1,295.47,3,295.47,294.59,294.59,1,294.47,1,,,,,,,,,,,,,,,,,295.47,3,295.48,4,295.49,4,295.5,4,295.51,4,295.52,4,295.53,4,295.54,4,295.55,4,295.56,3
2025-04-10 09:31:33,295.03,294.89,1,294.59,1,295.47,4,295.47,294.59,294.59,1,294.47,1,,,,,,,,,,,,,,,,,295.47,4,295.48,4,295.49,4,295.5,4,295.51,4,295.52,4,295.53,4,295.54,4,295.55,4,295.56,3
2025-04-10 09:31:34,295.015,294.89,1,294.59,1,295.44,4,295.44,294.59,294.59,1,294.47,1,,,,,,,,,,,,,,,,,295.44,4,295.45,4,295.46,4,295.47,4,295.48,4,295.49,4,295.5,4,295.51,4,295.52,4,295.53,4
2025-04-10 09:31:35,295.015,295.44,1,294.59,1,295.44,4,295.44,294.59,294.59,1,294.47,1,,,,,,,,,,,,,,,,,295.44,4,295.45,4,295.46,4,295.47,4,295.48,4,295.49,4,295.5,4,295.51,4,295.52,4,295.53,4
2025-04-10 09:31:36,295.005,295.44,1,294.59,1,295.42,3,295.42,294.59,294.59,1,294.47,1,,,,,,,,,,,,,,,,,295.42,3,295.43,3,295.44,4,295.45,4,295.46,4,295.47,4,295.48,4,295.49,4,295.5,4,295.51,4
2025-04-10 09:31:37,294.995,295.44,1,294.59,1,295.4,3,295.4,294.59,294.59,1,294.47,1,,,,,,,,,,,,,,,,,295.4,3,295.41,3,295.42,3,295.43,3,295.44,4,295.45,4,295.46,4,295.47,4,295.48,4,295.49,4
2025-04-10 09:31:38,294.985,295.44,1,294.59,1,295.38,3,295.38,294.59,294.59,1,294.47,1,,,,,,,,,,,,,,,,,295.38,3,295.39,3,295.4,3,295.41,3,295.42,3,295.43,3,295.44,4,295.45,4,295.46,4,295.47,4
2025-04-10 09:31:39,294.98,295.44,1,294.59,1,295.37,4,295.37,294.59,294.59,1,294.47,1,,,,,,,,,,,,,,,,,295.37,4,295.38,3,295.39,3,295.4,3,295.41,3,295.42,3,295.43,3,295.44,4,295.45,4,295.46,4
2025-04-10 09:31:40,294.975,295.44,1,294.59,1,295.36,4,295.36,294.59,294.59,1,294.47,1,,,,,,,,,,,,,,,,,295.36,4,295.37,4,295.38,3,295.39,3,295.4,3,295.41,3,295.42,3,295.43,3,295.44,4,295.45,4
2025-04-10 09:31:41,294.96,295.44,1,294.59,1,295.33,4,295.33,294.59,294.59,1,294.47,1,,,,,,,,,,,,,,,,,295.33,4,295.34,4,295.35,4,295.36,4,295.37,4,295.38,3,295.39,3,295.4,3,295.41,3,295.42,3
2025-04-10 09:31:42,294.925,295.44,1,294.59,1,295.26,3,295.26,294.59,294.59,1,294.47,1,,,,,,,,,,,,,,,,,295.26,3,295.27,4,295.28,4,295.29,4,295.3,3,295.31,4,295.32,4,295.33,4,295.34,4,295.35,4
2025-04-10 09:31:43,294.915,295.44,1,294.59,1,295.24,4,295.24,294.59,294.59,1,294.47,1,,,,,,,,,,,,,,,,,295.24,4,295.25,3,295.26,4,295.27,4,295.28,4,295.29,4,295.3,3,295.31,4,295.32,4,295.33,4
2025-04-10 09:31:44,294.915,295.44,1,294.59,1,295.24,4,295.24,294.59,294.59,1,294.47,1,,,,,,,,,,,,,,,,,295.24,4,295.25,3,295.26,4,295.27,4,295.28,4,295.29,4,295.3,3,295.31,4,295.32,4,295.33,4
2025-04-10 09:31:45,294.91,295.44,1,294.59,1,295.23,4,295.23,294.59,294.59,1,294.47,1,,,,,,,,,,,,,,,,,295.23,4,295.24,3,295.25,3,295.26,4,295.27,4,295.28,4,295.29,4,295.3,3,295.31,4,295.32,4
2025-04-10 09:31:46,294.9,295.44,1,294.59,2,295.21,2,295.21,294.59,294.59,2,294.47,1,,,,,,,,,,,,,,,,,295.21,2,295.22,2,295.23,2,295.24,3,295.25,3,295.26,4,295.27,4,295.28,4,295.29,4,295.3,3
2025-04-10 09:31:47,294.9,295.44,1,294.59,2,295.21,3,295.21,294.59,294.59,2,294.47,1,,,,,,,,,,,,,,,,,295.21,3,295.22,2,295.23,2,295.24,3,295.25,3,295.26,4,295.27,4,295.28,4,295.29,4,295.3,3
2025-04-10 09:31:48,294.875,295.44,1,294.59,2,295.16,3,295.16,294.59,294.59,2,294.47,1,,,,,,,,,,,,,,,,,295.16,3,295.17,3,295.18,3,295.19,3,295.2,3,295.21,3,295.22,2,295.23,2,295.24,3,295.25,3
2025-04-10 09:31:49,294.265,294.52,1,294.0,2,294.53,1,294.53,294.0,294.0,2,,,,,,,,,,,,,,,,,,,294.53,1,294.54,1,294.55,2,294.56,2,294.57,2,294.58,2,295.15,5,295.16,3,295.17,3,295.18,3
2025-04-10 09:31:50,294.26,294.26,1,294.0,2,294.52,4,294.52,294.0,294.0,2,,,,,,,,,,,,,,,,,,,294.52,4,294.53,1,294.54,1,294.55,2,294.56,2,294.57,2,294.58,2,295.15,5,295.16,3,295.17,3
2025-04-10 09:31:51,294.26,294.26,1,294.0,2,294.52,4,294.52,294.0,294.0,2,,,,,,,,,,,,,,,,,,,294.52,4,294.53,1,294.54,1,294.55,2,294.56,2,294.57,2,294.58,2,295.15,5,295.16,3,295.17,3
2025-04-10 09:31:52,294.265,294.26,1,294.0,2,294.53,2,294.53,294.0,294.0,2,,,,,,,,,,,,,,,,,,,294.53,2,294.54,1,294.55,2,294.56,2,294.57,2,294.58,2,295.15,5,295.16,3,295.17,3,295.18,3
2025-04-10 09:31:53,294.265,294.26,1,294.0,2,294.53,2,294.53,294.0,294.0,2,,,,,,,,,,,,,,,,,,,294.53,2,294.54,1,294.55,2,294.56,2,294.57,2,294.58,2,295.15,5,295.16,3,295.17,3,295.18,3
2025-04-10 09:31:54,294.265,294.26,1,294.0,2,294.53,2,294.53,294.0,294.0,2,,,,,,,,,,,,,,,,,,,294.53,2,294.54,1,294.55,2,294.56,2,294.57,2,294.58,2,295.15,5,295.16,3,295.17,3,295.18,3
2025-04-10 09:31:55,294.265,294.26,1,294.0,2,294.53,2,294.53,294.0,294.0,2,,,,,,,,,,,,,,,,,,,294.53,2,294.54,1,294.55,2,294.56,2,294.57,2,294.58,2,295.15,5,295.16,3,295.17,3,295.18,3
2025-04-10 09:31:56,294.265,294.26,1,294.0,2,294.53,2,294.53,294.0,294.0,2,,,,,,,,,,,,,,,,,,,294.53,2,294.54,1,294.55,2,294.56,2,294.57,2,294.58,2,295.15,5,295.16,3,295.17,3,295.18,3
2025-04-10 09:31:57,294.265,294.26,1,294.0,2,294.53,2,294.53,294.0,294.0,2,,,,,,,,,,,,,,,,,,,294.53,2,294.54,1,294.55,2,294.56,2,294.57,2,294.58,2,295.15,5,295.16,3,295.17,3,295.18,3
2025-04-10 09:31:58,294.265,294.26,1,294.0,2,294.53,1,294.53,294.0,294.0,2,,,,,,,,,,,,,,,,,,,294.53,1,295.09,2,295.15,5,295.16,3,295.17,3,295.18,3,295.19,3,295.2,3,295.21,3,295.22,2
2025-04-10 09:31:59,294.04,294.0,1,293.81,1,294.27,1,294.27,293.81,293.81,1,293.8,1,293.57,2,,,,,,,,,,,,,,,294.27,1,294.53,1,295.09,2,295.15,5,295.16,3,295.17,3,295.18,3,295.19,3,295.2,3,295.21,3
2025-04-10 09:32:00,293.965,293.92,1,293.66,1,294.27,1,294.27,293.66,293.66,1,293.65,1,293.57,2,,,,,,,,,,,,,,,294.27,1,294.53,1,295.09,2,295.15,5,295.16,3,295.17,3,295.18,3,295.19,3,295.2,3,295.21,3
2025-04-10 09:32:01,294.33,294.27,1,293.57,2,295.09,2,295.09,293.57,293.57,2,,,,,,,,,,,,,,,,,,,295.09,2,295.15,5,295.16,3,295.17,3,295.18,3,295.19,3,295.2,3,295.21,3,295.22,2,295.23,2
2025-04-10 09:32:02,294.33,294.05,1,293.57,4,295.09,2,295.09,293.57,293.57,4,,,,,,,,,,,,,,,,,,,295.09,2,295.15,5,295.16,3,295.17,3,295.18,3,295.19,3,295.2,3,295.21,3,295.22,2,295.23,2
2025-04-10 09:32:03,294.33,294.05,1,293.57,4,295.09,2,295.09,293.57,293.57,4,,,,,,,,,,,,,,,,,,,295.09,2,295.15,5,295.16,3,295.17,3,295.18,3,295.19,3,295.2,3,295.21,3,295.22,2,295.23,2
2025-04-10 09:32:04,294.145,294.05,1,293.57,5,294.72,1,294.72,293.57,293.57,5,,,,,,,,,,,,,,,,,,,294.72,1,295.08,1,295.09,2,295.15,5,295.16,3,295.17,3,295.18,3,295.19,3,295.2,3,295.21,3
2025-04-10 09:32:05,294.145,294.05,1,293.57,5,294.72,1,294.72,293.57,293.57,5,,,,,,,,,,,,,,,,,,,294.72,1,295.08,1,295.09,2,295.15,5,295.16,3,295.17,3,295.18,3,295.19,3,295.2,3,295.21,3
2025-04-10 09:32:06,294.145,294.05,1,293.57,5,294.72,1,294.72,293.57,293.57,5,,,,,,,,,,,,,,,,,,,294.72,1,295.08,1,295.09,2,295.15,5,295.16,3,295.17,3,295.18,3,295.19,3,295.2,3,295.21,3
2025-04-10 09:32:07,294.145,294.05,1,293.57,5,294.72,1,294.72,293.57,293.57,5,,,,,,,,,,,,,,,,,,,294.72,1,295.08,1,295.09,2,295.15,5,295.16,3,295.17,3,295.18,3,295.19,3,295.2,3,295.21,3
2025-04-10 09:32:08,294.145,294.14,1,293.57,5,294.72,1,294.72,293.57,293.57,5,,,,,,,,,,,,,,,,,,,294.72,1,295.08,1,295.09,2,295.15,5,295.16,3,295.17,3,295.18,3,295.19,3,295.2,3,295.21,3
2025-04-10 09:32:09,294.145,294.14,1,293.57,5,294.72,1,294.72,293.57,293.57,5,,,,,,,,,,,,,,,,,,,294.72,1,295.08,1,295.09,2,295.15,5,295.16,3,295.17,3,295.18,3,295.19,3,295.2,3,295.21,3
2025-04-10 09:32:10,294.145,294.14,1,293.57,5,294.72,1,294.72,293.57,293.57,5,,,,,,,,,,,,,,,,,,,294.72,1,295.08,1,295.09,2,295.15,5,295.16,3,295.17,3,295.18,3,295.19,3,295.2,3,295.21,3
2025-04-10 09:32:11,294.145,294.14,1,293.57,5,294.72,1,294.72,293.57,293.57,5,,,,,,,,,,,,,,,,,,,294.72,1,295.08,1,295.09,2,295.15,5,295.16,3,295.17,3,295.18,3,295.19,3,295.2,3,295.21,3
2025-04-10 09:32:12,294.145,294.14,1,293.57,5,294.72,1,294.72,293.57,293.57,5,,,,,,,,,,,,,,,,,,,294.72,1,295.08,1,295.09,2,295.15,5,295.16,3,295.17,3,295.18,3,295.19,3,295.2,3,295.21,3
2025-04-10 09:32:13,294.145,294.14,1,293.57,5,294.72,1,294.72,293.57,293.57,5,,,,,,,,,,,,,,,,,,,294.72,1,295.08,1,295.09,2,295.15,5,295.16,3,295.17,3,295.18,3,295.19,3,295.2,3,295.21,3
2025-04-10 09:32:14,294.145,294.14,1,293.57,5,294.72,1,294.72,293.57,293.57,5,,,,,,,,,,,,,,,,,,,294.72,1,295.08,1,295.09,2,295.15,5,295.16,3,295.17,3,295.18,3,295.19,3,295.2,3,295.21,3
2025-04-10 09:32:15,294.145,294.14,1,293.57,5,294.72,1,294.72,293.57,293.57,5,,,,,,,,,,,,,,,,,,,294.72,1,295.08,1,295.09,2,295.15,5,295.16,3,295.17,3,295.18,3,295.19,3,295.2,3,295.21,3
2025-04-10 09:32:16,294.145,294.14,1,293.57,5,294.72,2,294.72,293.57,293.57,5,,,,,,,,,,,,,,,,,,,294.72,2,295.08,1,295.09,2,295.15,5,295.16,3,295.17,3,295.18,3,295.19,3,295.2,3,295.21,3
2025-04-10 09:32:17,294.145,294.14,1,293.57,5,294.72,2,294.72,293.57,293.57,5,,,,,,,,,,,,,,,,,,,294.72,2,295.08,1,295.09,2,295.15,5,295.16,3,295.17,3,295.18,3,295.19,3,295.2,3,295.21,3
2025-04-10 09:32:18,294.145,294.14,1,293.57,5,294.72,1,294.72,293.57,293.57,5,,,,,,,,,,,,,,,,,,,294.72,1,295.08,1,295.09,2,295.15,5,295.16,3,295.17,3,295.18,3,295.19,3,295.2,3,295.21,3
2025-04-10 09:32:19,294.145,294.14,1,293.57,5,294.72,1,294.72,293.57,293.57,5,,,,,,,,,,,,,,,,,,,294.72,1,295.08,1,295.09,2,295.15,5,295.16,3,295.17,3,295.18,3,295.19,3,295.2,3,295.21,3
2025-04-10 09:32:20,294.145,294.14,1,293.57,5,294.72,1,294.72,293.57,293.57,5,,,,,,,,,,,,,,,,,,,294.72,1,295.08,1,295.09,2,295.15,5,295.16,3,295.17,3,295.18,3,295.19,3,295.2,3,295.21,3
2025-04-10 09:32:21,294.145,294.14,1,293.57,5,294.72,2,294.72,293.57,293.57,5,,,,,,,,,,,,,,,,,,,294.72,2,295.08,1,295.09,2,295.15,5,295.16,3,295.17,3,295.18,3,295.19,3,295.2,3,295.21,3
2025-04-10 09:32:22,294.145,294.14,1,293.57,5,294.72,2,294.72,293.57,293.57,5,,,,,,,,,,,,,,,,,,,294.72,2,295.08,1,295.09,2,295.15,5,295.16,3,295.17,3,295.18,3,295.19,3,295.2,3,295.21,3
2025-04-10 09:32:23,294.145,294.14,1,293.57,5,294.72,2,294.72,293.57,293.57,5,,,,,,,,,,,,,,,,,,,294.72,2,295.08,1,295.09,2,295.15,5,295.16,3,295.17,3,295.18,3,295.19,3,295.2,3,295.21,3
2025-04-10 09:32:24,294.145,294.14,1,293.57,5,294.72,2,294.72,293.57,293.57,5,,,,,,,,,,,,,,,,,,,294.72,2,295.08,1,295.09,2,295.15,5,295.16,3,295.17,3,295.18,3,295.19,3,295.2,3,295.21,3
2025-04-10 09:32:25,294.145,294.14,1,293.57,5,294.72,2,294.72,293.57,293.57,5,,,,,,,,,,,,,,,,,,,294.72,2,295.08,1,295.09,2,295.15,5,295.16,3,295.17,3,295.18,3,295.19,3,295.2,3,295.21,3
2025-04-10 09:32:26,294.145,294.14,1,293.57,5,294.72,2,294.72,293.57,293.57,5,,,,,,,,,,,,,,,,,,,294.72,2,295.08,1,295.09,2,295.15,5,295.16,3,295.17,3,295.18,3,295.19,3,295.2,3,295.21,3
2025-04-10 09:32:27,294.145,294.14,1,293.57,5,294.72,2,294.72,293.57,293.57,5,,,,,,,,,,,,,,,,,,,294.72,2,295.08,1,295.09,2,295.15,5,295.16,3,295.17,3,295.18,3,295.19,3,295.2,3,295.21,3
2025-04-10 09:32:28,294.145,294.14,1,293.57,5,294.72,2,294.72,293.57,293.57,5,,,,,,,,,,,,,,,,,,,294.72,2,295.08,1,295.09,2,295.15,5,295.16,3,295.17,3,295.18,3,295.19,3,295.2,3,295.21,3
2025-04-10 09:32:29,294.145,294.14,1,293.57,5,294.72,2,294.72,293.57,293.57,5,,,,,,,,,,,,,,,,,,,294.72,2,295.08,1,295.09,2,295.15,5,295.16,3,295.17,3,295.18,3,295.19,3,295.2,3,295.21,3
2025-04-10 09:32:30,294.145,294.14,1,293.57,5,294.72,2,294.72,293.57,293.57,5,,,,,,,,,,,,,,,,,,,294.72,2,295.08,1,295.09,2,295.15,5,295.16,3,295.17,3,295.18,3,295.19,3,295.2,3,295.21,3
2025-04-10 09:32:31,294.145,294.14,1,293.57,5,294.72,2,294.72,293.57,293.57,5,,,,,,,,,,,,,,,,,,,294.72,2,295.08,1,295.09,2,295.15,5,295.16,3,295.17,3,295.18,3,295.19,3,295.2,3,295.21,3
2025-04-10 09:32:32,294.05,294.14,1,293.57,5,294.53,1,294.53,293.57,293.57,5,,,,,,,,,,,,,,,,,,,294.53,1,294.72,2,295.08,1,295.09,2,295.15,5,295.16,3,295.17,3,295.18,3,295.19,3,295.2,3
2025-04-10 09:32:33,294.05,294.14,1,293.57,5,294.53,1,294.53,293.57,293.57,5,,,,,,,,,,,,,,,,,,,294.53,1,294.72,2,295.08,1,295.09,2,295.15,5,295.16,3,295.17,3,295.18,3,295.19,3,295.2,3
2025-04-10 09:32:34,294.05,294.14,1,293.57,5,294.53,1,294.53,293.57,293.57,5,,,,,,,,,,,,,,,,,,,294.53,1,294.72,2,295.08,1,295.09,2,295.15,5,295.16,3,295.17,3,295.18,3,295.19,3,295.2,3
2025-04-10 09:32:35,293.885,294.14,1,293.57,5,294.2,1,294.2,293.57,293.57,5,,,,,,,,,,,,,,,,,,,294.2,1,294.53,1,294.72,2,295.08,1,295.09,2,295.15,5,295.16,3,295.17,3,295.18,3,295.19,3
2025-04-10 09:32:36,293.885,294.14,1,293.57,5,294.2,1,294.2,293.57,293.57,5,,,,,,,,,,,,,,,,,,,294.2,1,294.53,1,294.72,2,295.08,1,295.09,2,295.15,5,295.16,3,295.17,3,295.18,3,295.19,3
2025-04-10 09:32:37,293.885,294.14,1,293.57,5,294.2,1,294.2,293.57,293.57,5,,,,,,,,,,,,,,,,,,,294.2,1,294.53,1,294.72,2,295.08,1,295.09,2,295.15,5,295.16,3,295.17,3,295.18,3,295.19,3
2025-04-10 09:32:38,293.885,294.14,1,293.57,5,294.2,1,294.2,293.57,293.57,5,,,,,,,,,,,,,,,,,,,294.2,1,294.53,1,294.72,2,295.08,1,295.09,2,295.15,5,295.16,3,295.17,3,295.18,3,295.19,3
2025-04-10 09:32:39,293.885,294.06,1,293.57,5,294.2,1,294.2,293.57,293.57,5,,,,,,,,,,,,,,,,,,,294.2,1,294.53,1,294.72,2,295.08,1,295.09,2,295.15,5,295.16,3,295.17,3,295.18,3,295.19,3
2025-04-10 09:32:40,293.885,294.06,1,293.57,5,294.2,1,294.2,293.57,293.57,5,,,,,,,,,,,,,,,,,,,294.2,1,294.53,1,294.72,2,295.08,1,295.09,2,295.15,5,295.16,3,295.17,3,295.18,3,295.19,3
2025-04-10 09:32:41,293.885,293.94,1,293.57,5,294.2,1,294.2,293.57,293.57,5,,,,,,,,,,,,,,,,,,,294.2,1,294.53,1,294.72,2,295.08,1,295.09,2,295.15,5,295.16,3,295.17,3,295.18,3,295.19,3
2025-04-10 09:32:42,293.885,293.94,1,293.57,5,294.2,1,294.2,293.57,293.57,5,,,,,,,,,,,,,,,,,,,294.2,1,294.53,1,294.72,2,295.08,1,295.09,2,295.15,5,295.16,3,295.17,3,295.18,3,295.19,3
2025-04-10 09:32:43,293.885,293.94,1,293.57,1,294.2,1,294.2,293.57,293.57,1,293.53,1,,,,,,,,,,,,,,,,,294.2,1,294.53,1,294.72,2,295.08,1,295.09,2,295.15,5,295.16,3,295.17,3,295.18,3,295.19,3
2025-04-10 09:32:44,293.885,293.89,1,293.57,1,294.2,1,294.2,293.57,293.57,1,293.53,1,,,,,,,,,,,,,,,,,294.2,1,294.53,1,294.72,2,295.08,1,295.09,2,295.15,5,295.16,3,295.17,3,295.18,3,295.19,3
2025-04-10 09:32:45,293.885,293.89,1,293.57,1,294.2,1,294.2,293.57,293.57,1,293.53,1,,,,,,,,,,,,,,,,,294.2,1,294.53,1,294.72,2,295.08,1,295.09,2,295.15,5,295.16,3,295.17,3,295.18,3,295.19,3
2025-04-10 09:32:46,293.885,293.89,1,293.57,1,294.2,1,294.2,293.57,293.57,1,293.53,1,,,,,,,,,,,,,,,,,294.2,1,294.53,1,294.72,2,295.08,1,295.09,2,295.15,5,295.16,3,295.17,3,295.18,3,295.19,3
2025-04-10 09:32:47,293.885,293.89,1,293.57,1,294.2,1,294.2,293.57,293.57,1,293.53,1,,,,,,,,,,,,,,,,,294.2,1,294.53,1,294.72,2,295.08,1,295.09,2,295.15,5,295.16,3,295.17,3,295.18,3,295.19,3
2025-04-10 09:32:48,293.885,293.89,1,293.57,1,294.2,1,294.2,293.57,293.57,1,293.53,1,,,,,,,,,,,,,,,,,294.2,1,294.53,1,294.72,2,295.08,1,295.09,2,295.15,5,295.16,3,295.17,3,295.18,3,295.19,3
2025-04-10 09:32:49,293.885,293.89,1,293.57,1,294.2,1,294.2,293.57,293.57,1,293.53,1,,,,,,,,,,,,,,,,,294.2,1,294.53,1,294.72,2,295.08,1,295.09,2,295.15,5,295.16,3,295.17,3,295.18,3,295.19,3
2025-04-10 09:32:50,293.865,293.89,1,293.53,1,294.2,1,294.2,293.53,293.53,1,,,,,,,,,,,,,,,,,,,294.2,1,294.53,1,294.72,2,295.08,1,295.09,2,295.15,5,295.16,3,295.17,3,295.18,3,295.19,3
2025-04-10 09:32:51,293.865,293.89,1,293.53,1,294.2,2,294.2,293.53,293.53,1,,,,,,,,,,,,,,,,,,,294.2,2,294.53,1,294.72,2,295.08,1,295.09,2,295.15,5,295.16,3,295.17,3,295.18,3,295.19,3
2025-04-10 09:32:52,293.865,293.89,1,293.53,1,294.2,2,294.2,293.53,293.53,1,,,,,,,,,,,,,,,,,,,294.2,2,294.53,1,294.72,2,295.08,1,295.09,2,295.15,5,295.16,3,295.17,3,295.18,3,295.19,3
2025-04-10 09:32:53,293.865,293.89,1,293.53,1,294.2,2,294.2,293.53,293.53,1,,,,,,,,,,,,,,,,,,,294.2,2,294.53,1,294.72,2,295.08,1,295.09,2,295.15,5,295.16,3,295.17,3,295.18,3,295.19,3
2025-04-10 09:32:54,293.865,293.89,1,293.53,1,294.2,2,294.2,293.53,293.53,1,,,,,,,,,,,,,,,,,,,294.2,2,294.53,1,294.72,2,295.08,1,295.09,2,295.15,5,295.16,3,295.17,3,295.18,3,295.19,3
2025-04-10 09:32:55,293.865,293.89,1,293.53,1,294.2,2,294.2,293.53,293.53,1,,,,,,,,,,,,,,,,,,,294.2,2,294.53,1,294.72,2,295.08,1,295.09,2,295.15,5,295.16,3,295.17,3,295.18,3,295.19,3
2025-04-10 09:32:56,293.865,293.89,1,293.53,1,294.2,2,294.2,293.53,293.53,1,,,,,,,,,,,,,,,,,,,294.2,2,294.53,1,294.72,2,295.08,1,295.09,2,295.15,5,295.16,3,295.17,3,295.18,3,295.19,3
2025-04-10 09:32:57,293.865,293.89,1,293.53,1,294.2,2,294.2,293.53,293.53,1,,,,,,,,,,,,,,,,,,,294.2,2,294.53,1,294.72,2,295.08,1,295.09,2,295.15,5,295.16,3,295.17,3,295.18,3,295.19,3
2025-04-10 09:32:58,293.865,293.87,1,293.53,2,294.2,2,294.2,293.53,293.53,2,,,,,,,,,,,,,,,,,,,294.2,2,294.53,1,294.72,2,295.08,1,295.09,2,295.15,5,295.16,3,295.17,3,295.18,3,295.19,3
2025-04-10 09:32:59,294.34,293.91,1,293.89,5,294.79,3,294.79,293.89,293.89,5,293.88,3,293.68,1,293.53,2,,,,,,,,,,,,,294.79,3,295.08,1,295.09,2,295.15,5,295.16,3,295.17,3,295.18,3,295.19,3,295.2,3,295.21,3
2025-04-10 09:33:00,294.34,293.91,1,293.89,4,294.79,6,294.79,293.89,293.89,4,293.88,3,293.68,1,293.53,2,,,,,,,,,,,,,294.79,6,295.08,1,295.09,2,295.15,5,295.16,3,295.17,3,295.18,3,295.19,3,295.2,3,295.21,3
2025-04-10 09:33:01,294.34,293.91,1,293.89,4,294.79,8,294.79,293.89,293.89,4,293.88,3,293.68,1,293.53,2,,,,,,,,,,,,,294.79,8,295.08,1,295.09,2,295.15,5,295.16,3,295.17,3,295.18,3,295.19,3,295.2,3,295.21,3
2025-04-10 09:33:02,293.88,293.89,1,293.53,2,294.23,1,294.23,293.53,293.53,2,,,,,,,,,,,,,,,,,,,294.23,1,294.72,2,294.79,8,295.08,1,295.09,2,295.15,5,295.16,3,295.17,3,295.18,3,295.19,3
2025-04-10 09:33:03,293.88,293.89,1,293.53,2,294.23,2,294.23,293.53,293.53,2,,,,,,,,,,,,,,,,,,,294.23,2,294.72,2,294.79,8,295.08,1,295.09,2,295.15,5,295.16,3,295.17,3,295.18,3,295.19,3
2025-04-10 09:33:04,293.295,293.02,1,292.8,1,293.79,1,293.79,292.8,292.8,1,292.66,4,292.5,2,,,,,,,,,,,,,,,293.79,1,294.23,3,294.53,2,294.75,3,294.79,8,295.08,1,295.09,2,295.15,5,295.16,3,295.17,3
2025-04-10 09:33:05,292.94,293.02,1,292.2,2,293.68,1,293.68,292.2,292.2,2,,,,,,,,,,,,,,,,,,,293.68,1,293.69,1,293.79,1,294.23,3,294.53,2,294.75,3,294.79,8,295.08,1,295.09,2,295.15,5
2025-04-10 09:33:06,292.94,293.02,1,292.2,4,293.68,2,293.68,292.2,292.2,4,,,,,,,,,,,,,,,,,,,293.68,2,293.69,1,293.79,1,294.23,3,294.53,2,294.75,3,294.79,8,295.08,1,295.09,2,295.15,5
2025-04-10 09:33:07,292.94,293.02,1,292.2,4,293.68,2,293.68,292.2,292.2,4,,,,,,,,,,,,,,,,,,,293.68,2,293.69,1,293.79,1,294.23,3,294.53,2,294.75,3,294.79,8,295.08,1,295.09,2,295.15,5
2025-04-10 09:33:08,292.94,293.02,1,292.2,4,293.68,2,293.68,292.2,292.2,4,,,,,,,,,,,,,,,,,,,293.68,2,293.69,1,293.79,1,294.23,3,294.53,2,294.75,3,294.79,8,295.08,1,295.09,2,295.15,5
2025-04-10 09:33:09,292.94,293.02,1,292.2,4,293.68,3,293.68,292.2,292.2,4,,,,,,,,,,,,,,,,,,,293.68,3,293.69,1,293.79,1,294.23,3,294.53,2,294.75,3,294.79,8,295.08,1,295.09,2,295.15,5
2025-04-10 09:33:10,292.94,293.02,1,292.2,4,293.68,3,293.68,292.2,292.2,4,,,,,,,,,,,,,,,,,,,293.68,3,293.69,1,293.79,1,294.23,3,294.53,2,294.75,3,294.79,8,295.08,1,295.09,2,295.15,5
2025-04-10 09:33:11,292.94,293.02,1,292.2,4,293.68,3,293.68,292.2,292.2,4,,,,,,,,,,,,,,,,,,,293.68,3,293.69,1,293.79,1,294.23,3,294.53,2,294.75,3,294.79,8,295.08,1,295.09,2,295.15,5
2025-04-10 09:33:12,292.94,293.02,1,292.2,4,293.68,3,293.68,292.2,292.2,4,,,,,,,,,,,,,,,,,,,293.68,3,293.69,1,293.79,1,294.23,3,294.53,2,294.75,3,294.79,8,295.08,1,295.09,2,295.15,5
2025-04-10 09:33:13,292.94,293.02,1,292.2,4,293.68,3,293.68,292.2,292.2,4,,,,,,,,,,,,,,,,,,,293.68,3,293.69,1,293.79,1,294.23,3,294.53,2,294.75,3,294.79,8,295.08,1,295.09,2,295.15,5
2025-04-10 09:33:14,292.94,293.02,1,292.2,4,293.68,3,293.68,292.2,292.2,4,,,,,,,,,,,,,,,,,,,293.68,3,293.69,1,293.79,1,294.23,3,294.53,2,294.75,3,294.79,8,295.08,1,295.09,2,295.15,5
2025-04-10 09:33:15,292.94,293.02,1,292.2,4,293.68,4,293.68,292.2,292.2,4,,,,,,,,,,,,,,,,,,,293.68,4,293.69,1,293.79,1,294.23,3,294.53,2,294.75,3,294.79,8,295.08,1,295.09,2,295.15,5
2025-04-10 09:33:16,292.94,293.02,1,292.2,4,293.68,4,293.68,292.2,292.2,4,,,,,,,,,,,,,,,,,,,293.68,4,293.69,1,293.79,1,294.23,3,294.53,2,294.75,3,294.79,8,295.08,1,295.09,2,295.15,5
2025-04-10 09:33:17,292.94,293.02,1,292.2,4,293.68,4,293.68,292.2,292.2,4,,,,,,,,,,,,,,,,,,,293.68,4,293.69,1,293.79,1,294.23,3,294.53,2,294.75,3,294.79,8,295.08,1,295.09,2,295.15,5
2025-04-10 09:33:18,292.94,293.03,1,292.2,4,293.68,5,293.68,292.2,292.2,4,,,,,,,,,,,,,,,,,,,293.68,5,293.69,1,293.79,1,294.23,3,294.53,2,294.75,3,294.79,8,295.08,1,295.09,2,295.15,5
2025-04-10 09:33:19,292.94,293.03,1,292.2,4,293.68,5,293.68,292.2,292.2,4,,,,,,,,,,,,,,,,,,,293.68,5,293.69,1,293.79,1,294.23,3,294.53,2,294.75,3,294.79,8,295.08,1,295.09,2,295.15,5
2025-04-10 09:33:20,292.94,293.03,1,292.2,4,293.68,5,293.68,292.2,292.2,4,,,,,,,,,,,,,,,,,,,293.68,5,293.69,1,293.79,1,294.23,3,294.53,2,294.75,3,294.79,8,295.08,1,295.09,2,295.15,5
2025-04-10 09:33:21,292.94,293.67,1,292.2,4,293.68,5,293.68,292.2,292.2,4,,,,,,,,,,,,,,,,,,,293.68,5,293.69,1,293.79,1,294.23,3,294.53,2,294.75,3,294.79,8,295.08,1,295.09,2,295.15,5
2025-04-10 09:33:22,292.94,293.67,1,292.2,5,293.68,4,293.68,292.2,292.2,5,,,,,,,,,,,,,,,,,,,293.68,4,293.69,1,293.79,1,294.23,3,294.53,2,294.75,3,294.79,8,295.08,1,295.09,2,295.15,5
2025-04-10 09:33:23,292.94,293.67,1,292.2,5,293.68,4,293.68,292.2,292.2,5,,,,,,,,,,,,,,,,,,,293.68,4,293.69,1,293.79,1,294.23,3,294.53,2,294.75,3,294.79,8,295.08,1,295.09,2,295.15,5
2025-04-10 09:33:24,292.94,293.67,1,292.2,5,293.68,4,293.68,292.2,292.2,5,,,,,,,,,,,,,,,,,,,293.68,4,293.69,1,293.79,1,294.23,3,294.53,2,294.75,3,294.79,8,295.08,1,295.09,2,295.15,5
2025-04-10 09:33:25,292.94,293.67,1,292.2,5,293.68,4,293.68,292.2,292.2,5,,,,,,,,,,,,,,,,,,,293.68,4,293.69,1,293.79,1,294.23,3,294.53,2,294.75,3,294.79,8,295.08,1,295.09,2,295.15,5
2025-04-10 09:33:26,292.94,293.67,1,292.2,5,293.68,4,293.68,292.2,292.2,5,,,,,,,,,,,,,,,,,,,293.68,4,293.69,1,293.79,1,294.23,3,294.53,2,294.75,3,294.79,8,295.08,1,295.09,2,295.15,5
2025-04-10 09:33:27,292.94,293.67,1,292.2,5,293.68,4,293.68,292.2,292.2,5,,,,,,,,,,,,,,,,,,,293.68,4,293.69,1,293.79,1,294.23,3,294.53,2,294.75,3,294.79,8,295.08,1,295.09,2,295.15,5
2025-04-10 09:33:28,292.94,293.67,1,292.2,5,293.68,4,293.68,292.2,292.2,5,,,,,,,,,,,,,,,,,,,293.68,4,293.69,1,293.79,1,294.23,3,294.53,2,294.75,3,294.79,8,295.08,1,295.09,2,295.15,5
2025-04-10 09:33:29,292.94,292.94,1,292.2,5,293.68,4,293.68,292.2,292.2,5,,,,,,,,,,,,,,,,,,,293.68,4,293.69,1,293.79,1,294.23,3,294.53,2,294.75,3,294.79,8,295.08,1,295.09,2,295.15,5
2025-04-10 09:33:30,292.94,292.94,1,292.2,5,293.68,4,293.68,292.2,292.2,5,,,,,,,,,,,,,,,,,,,293.68,4,293.69,1,293.79,1,294.23,3,294.53,2,294.75,3,294.79,8,295.08,1,295.09,2,295.15,5
2025-04-10 09:33:31,292.94,292.94,1,292.2,5,293.68,4,293.68,292.2,292.2,5,,,,,,,,,,,,,,,,,,,293.68,4,293.69,1,293.79,1,294.23,3,294.53,2,294.75,3,294.79,8,295.08,1,295.09,2,295.15,5
2025-04-10 09:33:32,292.94,292.94,1,292.2,5,293.68,4,293.68,292.2,292.2,5,,,,,,,,,,,,,,,,,,,293.68,4,293.69,1,293.79,1,294.23,3,294.53,2,294.75,3,294.79,8,295.08,1,295.09,2,295.15,5
2025-04-10 09:33:33,292.94,292.94,1,292.2,5,293.68,4,293.68,292.2,292.2,5,,,,,,,,,,,,,,,,,,,293.68,4,293.69,1,293.79,1,294.23,3,294.53,2,294.75,3,294.79,8,295.08,1,295.09,2,295.15,5
2025-04-10 09:33:34,292.94,292.94,1,292.2,5,293.68,4,293.68,292.2,292.2,5,,,,,,,,,,,,,,,,,,,293.68,4,293.69,1,293.79,1,294.23,3,294.53,2,294.75,3,294.79,8,295.08,1,295.09,2,295.15,5
2025-04-10 09:33:35,292.94,292.94,1,292.2,5,293.68,4,293.68,292.2,292.2,5,,,,,,,,,,,,,,,,,,,293.68,4,293.69,1,293.79,1,294.23,3,294.53,2,294.75,3,294.79,8,295.08,1,295.09,2,295.15,5
2025-04-10 09:33:36,292.94,292.94,1,292.2,5,293.68,4,293.68,292.2,292.2,5,,,,,,,,,,,,,,,,,,,293.68,4,293.69,1,293.79,1,294.23,3,294.53,2,294.75,3,294.79,8,295.08,1,295.09,2,295.15,5
2025-04-10 09:33:37,293.31,292.94,1,292.94,1,293.68,3,293.68,292.94,292.94,1,292.2,5,,,,,,,,,,,,,,,,,293.68,3,293.69,1,293.79,1,294.23,3,294.53,2,294.75,3,294.79,8,295.08,1,295.09,2,295.15,5
2025-04-10 09:33:38,293.31,292.94,1,292.94,1,293.68,3,293.68,292.94,292.94,1,292.2,5,,,,,,,,,,,,,,,,,293.68,3,293.69,1,293.79,1,294.23,3,294.53,2,294.75,3,294.79,8,295.08,1,295.09,2,295.15,5
2025-04-10 09:33:39,293.31,293.67,1,292.94,1,293.68,3,293.68,292.94,292.94,1,292.2,5,,,,,,,,,,,,,,,,,293.68,3,293.69,1,293.79,1,294.23,3,294.53,2,294.75,3,294.79,8,295.08,1,295.09,2,295.15,5
2025-04-10 09:33:40,293.31,293.67,1,292.94,1,293.68,3,293.68,292.94,292.94,1,292.2,5,,,,,,,,,,,,,,,,,293.68,3,293.69,1,293.79,1,294.23,3,294.53,2,294.75,3,294.79,8,295.08,1,295.09,2,295.15,5
2025-04-10 09:33:41,293.31,293.67,1,292.94,2,293.68,2,293.68,292.94,292.94,2,292.2,5,,,,,,,,,,,,,,,,,293.68,2,293.69,1,293.79,1,294.23,3,294.53,2,294.75,3,294.79,8,295.08,1,295.09,2,295.15,5
2025-04-10 09:33:43,293.31,293.33,1,292.94,2,293.68,2,293.68,292.94,292.94,2,292.2,5,,,,,,,,,,,,,,,,,293.68,2,293.69,1,293.79,1,294.23,3,294.53,2,294.75,3,294.79,8,295.08,1,295.09,2,295.15,5
2025-04-10 09:33:43,293.31,293.33,1,292.94,2,293.68,2,293.68,292.94,292.94,2,292.2,5,,,,,,,,,,,,,,,,,293.68,2,293.69,1,293.79,1,294.23,3,294.53,2,294.75,3,294.79,8,295.08,1,295.09,2,295.15,5
2025-04-10 09:33:44,293.285,293.33,1,292.89,1,293.68,2,293.68,292.89,292.89,1,292.2,5,,,,,,,,,,,,,,,,,293.68,2,293.69,1,293.79,1,294.23,3,294.53,2,294.75,3,294.79,8,295.08,1,295.09,2,295.15,5
2025-04-10 09:33:45,293.31,293.33,1,292.94,1,293.68,2,293.68,292.94,292.94,1,292.89,1,292.2,5,,,,,,,,,,,,,,,293.68,2,293.69,1,293.79,1,294.23,3,294.53,2,294.75,3,294.79,8,295.08,1,295.09,2,295.15,5
2025-04-10 09:33:46,292.945,292.94,1,292.21,3,293.68,3,293.68,292.21,292.21,3,292.2,5,,,,,,,,,,,,,,,,,293.68,3,293.69,1,293.79,1,294.23,3,294.53,2,294.75,3,294.79,8,295.08,1,295.09,2,295.15,5
2025-04-10 09:33:47,292.76,292.94,1,292.21,3,293.31,1,293.31,292.21,292.21,3,292.2,5,,,,,,,,,,,,,,,,,293.31,1,293.67,1,293.68,3,293.69,1,293.79,1,294.23,3,294.53,2,294.75,3,294.79,8,295.08,1
2025-04-10 09:33:49,292.755,292.94,1,292.21,3,293.3,2,293.3,292.21,292.21,3,292.2,5,,,,,,,,,,,,,,,,,293.3,2,293.31,1,293.67,1,293.68,3,293.69,1,293.79,1,294.23,3,294.53,2,294.75,3,294.79,8
2025-04-10 09:33:49,292.945,292.94,1,292.6,1,293.29,2,293.29,292.6,292.6,1,292.21,3,292.2,5,,,,,,,,,,,,,,,293.29,2,293.3,1,293.31,1,293.67,1,293.68,3,293.69,1,293.79,1,294.23,3,294.53,2,294.75,3
2025-04-10 09:33:50,292.945,292.94,1,292.6,1,293.29,2,293.29,292.6,292.6,1,292.21,3,292.2,5,,,,,,,,,,,,,,,293.29,2,293.3,1,293.31,1,293.67,1,293.68,3,293.69,1,293.79,1,294.23,3,294.53,2,294.75,3
2025-04-10 09:33:51,292.94,292.94,1,292.6,1,293.28,2,293.28,292.6,292.6,1,292.21,3,292.2,5,,,,,,,,,,,,,,,293.28,2,293.29,4,293.3,1,293.31,1,293.67,1,293.68,3,293.69,1,293.79,1,294.23,3,294.53,2
2025-04-10 09:33:53,292.745,292.94,1,292.21,3,293.28,2,293.28,292.21,292.21,3,292.2,5,,,,,,,,,,,,,,,,,293.28,2,293.29,4,293.3,1,293.31,1,293.67,1,293.68,3,293.69,1,293.79,1,294.23,3,294.53,2
2025-04-10 09:33:53,292.69,292.94,1,292.11,2,293.27,3,293.27,292.11,292.11,2,,,,,,,,,,,,,,,,,,,293.27,3,293.28,4,293.29,4,293.3,1,293.31,1,293.67,1,293.68,3,293.69,1,293.79,1,294.23,3
2025-04-10 09:33:55,292.68,292.94,1,292.11,2,293.25,2,293.25,292.11,292.11,2,,,,,,,,,,,,,,,,,,,293.25,2,293.26,6,293.27,4,293.28,4,293.29,4,293.3,1,293.31,1,293.67,1,293.68,3,293.69,1
2025-04-10 09:33:56,291.86,291.86,1,291.12,2,292.6,1,292.6,291.12,291.12,2,,,,,,,,,,,,,,,,,,,292.6,1,293.25,2,293.26,6,293.27,4,293.28,4,293.29,4,293.3,1,293.31,1,293.67,1,293.68,3
2025-04-10 09:33:57,291.855,291.86,1,291.12,4,292.59,1,292.59,291.12,291.12,4,,,,,,,,,,,,,,,,,,,292.59,1,292.6,4,293.25,2,293.26,6,293.27,4,293.28,4,293.29,4,293.3,1,293.31,1,293.67,1
2025-04-10 09:33:58,291.85,291.86,1,291.12,4,292.58,2,292.58,291.12,291.12,4,,,,,,,,,,,,,,,,,,,292.58,2,292.59,3,292.6,4,293.25,2,293.26,6,293.27,4,293.28,4,293.29,4,293.3,1,293.31,1
2025-04-10 09:33:58,291.845,291.86,1,291.12,4,292.57,2,292.57,291.12,291.12,4,,,,,,,,,,,,,,,,,,,292.57,2,292.58,3,292.59,3,292.6,4,293.25,2,293.26,6,293.27,4,293.28,4,293.29,4,293.3,1
2025-04-10 09:34:00,291.84,291.15,3,291.12,4,292.56,2,292.56,291.12,291.12,4,,,,,,,,,,,,,,,,,,,292.56,2,292.57,3,292.58,3,292.59,3,292.6,4,293.25,2,293.26,6,293.27,4,293.28,4,293.29,4
2025-04-10 09:34:01,291.835,291.83,1,291.12,5,292.55,5,292.55,291.12,291.12,5,,,,,,,,,,,,,,,,,,,292.55,5,292.56,6,292.57,3,292.58,3,292.59,3,292.6,4,293.25,2,293.26,6,293.27,4,293.28,4
2025-04-10 09:34:02,291.83,291.84,1,291.12,7,292.54,1,292.54,291.12,291.12,7,,,,,,,,,,,,,,,,,,,292.54,1,292.55,5,292.56,6,292.57,3,292.58,3,292.59,3,292.6,4,293.25,2,293.26,6,293.27,4
2025-04-10 09:34:02,291.825,291.84,1,291.12,8,292.53,1,292.53,291.12,291.12,8,,,,,,,,,,,,,,,,,,,292.53,1,292.54,2,292.55,5,292.56,6,292.57,3,292.58,3,292.59,3,292.6,4,293.25,2,293.26,6
2025-04-10 09:34:04,291.82,291.84,1,291.12,8,292.52,1,292.52,291.12,291.12,8,,,,,,,,,,,,,,,,,,,292.52,1,292.53,2,292.54,2,292.55,5,292.56,6,292.57,3,292.58,3,292.59,3,292.6,4,293.25,2
2025-04-10 09:34:04,292.81,292.9,1,292.02,1,293.6,1,293.6,292.02,292.02,1,291.12,6,,,,,,,,,,,,,,,,,293.6,1,293.67,1,293.71,1,293.79,1,294.23,3,294.53,2,294.75,3,294.79,8,295.08,1,295.09,2
2025-04-10 09:34:06,292.81,292.9,1,292.02,1,293.6,6,293.6,292.02,292.02,1,291.12,6,,,,,,,,,,,,,,,,,293.6,6,293.67,1,293.71,1,293.79,1,294.23,3,294.53,2,294.75,3,294.79,8,295.08,1,295.09,2
2025-04-10 09:34:07,292.81,292.9,1,292.02,1,293.6,6,293.6,292.02,292.02,1,291.12,6,,,,,,,,,,,,,,,,,293.6,6,293.67,1,293.71,1,293.79,1,294.23,3,294.53,2,294.75,3,294.79,8,295.08,1,295.09,2
2025-04-10 09:34:08,292.775,292.9,1,292.02,1,293.53,3,293.53,292.02,292.02,1,291.12,6,,,,,,,,,,,,,,,,,293.53,3,293.6,6,293.67,1,293.71,1,293.79,1,294.23,3,294.53,2,294.75,3,294.79,8,295.08,1
2025-04-10 09:34:09,292.775,292.9,1,292.02,1,293.53,3,293.53,292.02,292.02,1,291.12,6,,,,,,,,,,,,,,,,,293.53,3,293.6,6,293.67,1,293.71,1,293.79,1,294.23,3,294.53,2,294.75,3,294.79,8,295.08,1
2025-04-10 09:34:10,292.775,292.9,1,292.02,1,293.53,3,293.53,292.02,292.02,1,291.12,6,,,,,,,,,,,,,,,,,293.53,3,293.6,6,293.67,1,293.71,1,293.79,1,294.23,3,294.53,2,294.75,3,294.79,8,295.08,1
2025-04-10 09:34:11,292.775,292.9,1,292.02,1,293.53,3,293.53,292.02,292.02,1,291.12,6,,,,,,,,,,,,,,,,,293.53,3,293.6,6,293.67,1,293.71,1,293.79,1,294.23,3,294.53,2,294.75,3,294.79,8,295.08,1
2025-04-10 09:34:12,292.775,292.9,1,292.02,1,293.53,3,293.53,292.02,292.02,1,291.12,6,,,,,,,,,,,,,,,,,293.53,3,293.6,6,293.67,1,293.71,1,293.79,1,294.23,3,294.53,2,294.75,3,294.79,8,295.08,1
2025-04-10 09:34:13,292.775,292.9,1,292.02,1,293.53,3,293.53,292.02,292.02,1,291.12,6,,,,,,,,,,,,,,,,,293.53,3,293.6,6,293.67,1,293.71,1,293.79,1,294.23,3,294.53,2,294.75,3,294.79,8,295.08,1
2025-04-10 09:34:14,292.655,292.9,1,292.02,2,293.29,3,293.29,292.02,292.02,2,291.12,6,,,,,,,,,,,,,,,,,293.29,3,293.53,3,293.6,6,293.67,1,293.71,1,293.79,1,294.23,3,294.53,2,294.75,3,294.79,8
2025-04-10 09:34:15,292.655,292.9,1,292.02,3,293.29,3,293.29,292.02,292.02,3,291.12,6,,,,,,,,,,,,,,,,,293.29,3,293.53,3,293.6,6,293.67,1,293.71,1,293.79,1,294.23,3,294.53,2,294.75,3,294.79,8
2025-04-10 09:34:16,292.65,292.9,1,292.02,3,293.28,3,293.28,292.02,292.02,3,291.12,6,,,,,,,,,,,,,,,,,293.28,3,293.53,3,293.6,6,293.67,1,293.71,1,293.79,1,294.23,3,294.53,2,294.75,3,294.79,8
2025-04-10 09:34:17,292.65,292.9,1,292.02,3,293.28,3,293.28,292.02,292.02,3,291.12,6,,,,,,,,,,,,,,,,,293.28,3,293.53,3,293.6,6,293.67,1,293.71,1,293.79,1,294.23,3,294.53,2,294.75,3,294.79,8
2025-04-10 09:34:18,294.155,293.48,1,293.42,1,294.89,2,294.89,293.42,293.42,1,293.17,4,292.87,7,292.3,1,292.02,2,291.12,6,,,,,,,,,294.89,2,295.11,4,295.15,5,295.16,3,295.17,3,295.18,3,295.19,3,295.2,3,295.21,3,295.22,2
2025-04-10 09:34:19,294.155,293.48,1,293.42,1,294.89,2,294.89,293.42,293.42,1,293.17,4,292.87,7,292.3,1,292.02,2,291.12,6,,,,,,,,,294.89,2,295.11,4,295.15,5,295.16,3,295.17,3,295.18,3,295.19,3,295.2,3,295.21,3,295.22,2
2025-04-10 09:34:20,294.155,293.48,1,293.42,1,294.89,2,294.89,293.42,293.42,1,293.17,4,292.87,7,292.3,1,292.02,2,291.12,6,,,,,,,,,294.89,2,295.11,4,295.15,5,295.16,3,295.17,3,295.18,3,295.19,3,295.2,3,295.21,3,295.22,2
2025-04-10 09:34:21,294.1,293.48,1,293.42,1,294.78,1,294.78,293.42,293.42,1,293.17,4,292.87,7,292.3,1,292.02,2,291.12,6,,,,,,,,,294.78,1,294.89,2,295.11,4,295.15,5,295.16,3,295.17,3,295.18,3,295.19,3,295.2,3,295.21,3
2025-04-10 09:34:22,294.07,293.48,1,293.42,1,294.72,1,294.72,293.42,293.42,1,293.17,4,292.87,7,292.3,1,292.02,2,291.12,6,,,,,,,,,294.72,1,294.78,1,294.89,2,295.11,4,295.15,5,295.16,3,295.17,3,295.18,3,295.19,3,295.2,3
2025-04-10 09:34:23,294.07,293.48,1,293.42,1,294.72,1,294.72,293.42,293.42,1,293.17,4,292.87,7,292.3,1,292.02,2,291.12,6,,,,,,,,,294.72,1,294.78,1,294.89,2,295.11,4,295.15,5,295.16,3,295.17,3,295.18,3,295.19,3,295.2,3
2025-04-10 09:34:24,294.07,293.48,1,293.42,1,294.72,1,294.72,293.42,293.42,1,293.17,4,292.87,7,292.3,1,292.02,2,291.12,6,,,,,,,,,294.72,1,294.78,1,294.89,2,295.11,4,295.15,5,295.16,3,295.17,3,295.18,3,295.19,3,295.2,3
2025-04-10 09:34:25,294.065,293.48,1,293.42,1,294.71,1,294.71,293.42,293.42,1,293.17,4,292.87,7,292.3,1,292.02,2,291.12,6,,,,,,,,,294.71,1,294.72,1,294.78,1,294.89,2,295.11,4,295.15,5,295.16,3,295.17,3,295.18,3,295.19,3
2025-04-10 09:34:26,294.045,293.48,1,293.42,1,294.67,1,294.67,293.42,293.42,1,293.17,4,292.87,7,292.3,1,292.02,2,291.12,6,,,,,,,,,294.67,1,294.71,1,294.72,1,294.78,1,294.89,2,295.11,4,295.15,5,295.16,3,295.17,3,295.18,3
2025-04-10 09:34:27,294.01,293.48,1,293.42,1,294.6,1,294.6,293.42,293.42,1,293.17,4,292.87,7,292.3,1,292.02,2,291.12,6,,,,,,,,,294.6,1,294.67,1,294.71,1,294.72,1,294.78,1,294.89,2,295.11,4,295.15,5,295.16,3,295.17,3
2025-04-10 09:34:28,294.01,293.48,1,293.42,1,294.6,1,294.6,293.42,293.42,1,293.17,4,292.87,7,292.3,1,292.02,2,291.12,6,,,,,,,,,294.6,1,294.67,1,294.71,1,294.72,1,294.78,1,294.89,2,295.11,4,295.15,5,295.16,3,295.17,3
2025-04-10 09:34:29,293.995,293.48,1,293.42,1,294.57,1,294.57,293.42,293.42,1,293.17,4,292.87,7,292.3,1,292.02,2,291.12,6,,,,,,,,,294.57,1,294.71,2,294.72,1,294.78,1,294.89,2,295.11,4,295.15,5,295.16,3,295.17,3,295.18,3
2025-04-10 09:34:30,293.995,293.48,1,293.42,1,294.57,1,294.57,293.42,293.42,1,293.17,4,292.87,7,292.3,1,292.02,2,291.12,6,,,,,,,,,294.57,1,294.71,2,294.72,1,294.78,1,294.89,2,295.11,4,295.15,5,295.16,3,295.17,3,295.18,3
2025-04-10 09:34:31,293.995,293.48,1,293.42,1,294.57,1,294.57,293.42,293.42,1,293.17,4,292.87,7,292.3,1,292.02,2,291.12,6,,,,,,,,,294.57,1,294.71,2,294.72,1,294.78,1,294.89,2,295.11,4,295.15,5,295.16,3,295.17,3,295.18,3
2025-04-10 09:34:32,293.995,293.48,1,293.42,1,294.57,1,294.57,293.42,293.42,1,293.17,4,292.87,7,292.3,1,292.02,2,291.12,6,,,,,,,,,294.57,1,294.71,2,294.72,1,294.78,1,294.89,2,295.11,4,295.15,5,295.16,3,295.17,3,295.18,3
2025-04-10 09:34:33,293.4,293.37,1,292.27,4,294.53,1,294.53,292.27,292.27,4,292.02,2,291.12,6,,,,,,,,,,,,,,,294.53,1,294.57,2,294.71,2,294.72,1,294.78,1,294.89,2,295.11,4,295.15,5,295.16,3,295.17,3
2025-04-10 09:34:34,293.4,293.37,1,292.27,4,294.53,1,294.53,292.27,292.27,4,292.02,2,291.12,6,,,,,,,,,,,,,,,294.53,1,294.57,2,294.71,2,294.72,1,294.78,1,294.89,2,295.11,4,295.15,5,295.16,3,295.17,3
2025-04-10 09:34:35,293.4,293.37,1,292.27,4,294.53,1,294.53,292.27,292.27,4,292.02,2,291.12,6,,,,,,,,,,,,,,,294.53,1,294.57,2,294.71,2,294.72,1,294.78,1,294.89,2,295.11,4,295.15,5,295.16,3,295.17,3
2025-04-10 09:34:36,293.4,293.37,1,292.27,4,294.53,1,294.53,292.27,292.27,4,292.02,2,291.12,6,,,,,,,,,,,,,,,294.53,1,294.57,2,294.71,2,294.72,1,294.78,1,294.89,2,295.11,4,295.15,5,295.16,3,295.17,3
2025-04-10 09:34:37,293.4,293.37,1,292.27,4,294.53,1,294.53,292.27,292.27,4,292.02,2,291.12,6,,,,,,,,,,,,,,,294.53,1,294.57,2,294.71,2,294.72,1,294.78,1,294.89,2,295.11,4,295.15,5,295.16,3,295.17,3
2025-04-10 09:34:38,293.4,293.37,1,292.27,4,294.53,1,294.53,292.27,292.27,4,292.02,2,291.12,6,,,,,,,,,,,,,,,294.53,1,294.57,2,294.71,2,294.72,1,294.78,1,294.89,2,295.11,4,295.15,5,295.16,3,295.17,3
2025-04-10 09:34:39,293.4,293.37,1,292.27,5,294.53,4,294.53,292.27,292.27,5,292.02,2,291.12,6,,,,,,,,,,,,,,,294.53,4,294.57,2,294.71,2,294.72,1,294.78,1,294.89,2,295.11,4,295.15,5,295.16,3,295.17,3
2025-04-10 09:34:40,293.4,293.37,1,292.27,5,294.53,4,294.53,292.27,292.27,5,292.02,2,291.12,6,,,,,,,,,,,,,,,294.53,4,294.57,2,294.71,2,294.72,1,294.78,1,294.89,2,295.11,4,295.15,5,295.16,3,295.17,3
2025-04-10 09:34:41,293.41,294.4,1,292.29,2,294.53,4,294.53,292.29,292.29,2,292.27,5,292.02,2,291.12,6,,,,,,,,,,,,,294.53,4,294.57,2,294.71,2,294.72,1,294.78,1,294.89,2,295.11,4,295.15,5,295.16,3,295.17,3
2025-04-10 09:34:42,292.505,292.19,1,291.6,1,293.41,1,293.41,291.6,291.6,1,291.58,2,291.17,3,291.09,1,291.01,5,,,,,,,,,,,293.41,1,294.53,7,294.57,2,294.71,2,294.72,1,294.78,1,294.89,2,295.11,4,295.15,5,295.16,3
2025-04-10 09:34:43,292.505,292.19,1,291.6,1,293.41,1,293.41,291.6,291.6,1,291.58,2,291.17,3,291.09,1,291.01,5,,,,,,,,,,,293.41,1,294.53,7,294.57,2,294.71,2,294.72,1,294.78,1,294.89,2,295.11,4,295.15,5,295.16,3
2025-04-10 09:34:44,292.505,292.07,1,291.6,2,293.41,1,293.41,291.6,291.6,2,291.58,2,291.17,3,291.09,1,291.01,5,,,,,,,,,,,293.41,1,294.53,7,294.57,2,294.71,2,294.72,1,294.78,1,294.89,2,295.11,4,295.15,5,295.16,3
2025-04-10 09:34:45,292.505,292.07,1,291.6,2,293.41,3,293.41,291.6,291.6,2,291.58,2,291.17,3,291.09,1,291.01,5,,,,,,,,,,,293.41,3,294.53,7,294.57,2,294.71,2,294.72,1,294.78,1,294.89,2,295.11,4,295.15,5,295.16,3
2025-04-10 09:34:46,292.505,292.07,1,291.6,2,293.41,3,293.41,291.6,291.6,2,291.58,2,291.17,3,291.09,1,291.01,5,,,,,,,,,,,293.41,3,294.53,7,294.57,2,294.71,2,294.72,1,294.78,1,294.89,2,295.11,4,295.15,5,295.16,3
2025-04-10 09:34:47,292.505,292.07,1,291.6,2,293.41,3,293.41,291.6,291.6,2,291.58,2,291.17,3,291.09,1,291.01,5,,,,,,,,,,,293.41,3,294.53,7,294.57,2,294.71,2,294.72,1,294.78,1,294.89,2,295.11,4,295.15,5,295.16,3
2025-04-10 09:34:48,292.505,292.07,1,291.6,2,293.41,3,293.41,291.6,291.6,2,291.58,2,291.17,3,291.09,1,291.01,5,,,,,,,,,,,293.41,3,294.53,7,294.57,2,294.71,2,294.72,1,294.78,1,294.89,2,295.11,4,295.15,5,295.16,3
2025-04-10 09:34:49,292.505,292.07,1,291.6,2,293.41,3,293.41,291.6,291.6,2,291.58,2,291.17,3,291.09,1,291.01,5,,,,,,,,,,,293.41,3,294.53,7,294.57,2,294.71,2,294.72,1,294.78,1,294.89,2,295.11,4,295.15,5,295.16,3
2025-04-10 09:34:50,292.505,292.07,1,291.6,2,293.41,3,293.41,291.6,291.6,2,291.58,2,291.17,3,291.09,1,291.01,5,,,,,,,,,,,293.41,3,294.53,7,294.57,2,294.71,2,294.72,1,294.78,1,294.89,2,295.11,4,295.15,5,295.16,3
2025-04-10 09:34:51,292.505,292.07,1,291.6,2,293.41,3,293.41,291.6,291.6,2,291.58,2,291.17,3,291.09,1,291.01,5,,,,,,,,,,,293.41,3,294.53,7,294.57,2,294.71,2,294.72,1,294.78,1,294.89,2,295.11,4,295.15,5,295.16,3
2025-04-10 09:34:52,292.505,292.07,1,291.6,2,293.41,3,293.41,291.6,291.6,2,291.58,2,291.17,3,291.09,1,291.01,5,,,,,,,,,,,293.41,3,294.53,7,294.57,2,294.71,2,294.72,1,294.78,1,294.89,2,295.11,4,295.15,5,295.16,3
2025-04-10 09:34:53,292.505,291.6,1,291.6,2,293.41,3,293.41,291.6,291.6,2,291.58,2,291.17,3,291.09,1,291.01,5,,,,,,,,,,,293.41,3,294.53,7,294.57,2,294.71,2,294.72,1,294.78,1,294.89,2,295.11,4,295.15,5,295.16,3
2025-04-10 09:34:54,292.505,292.3,1,291.6,2,293.41,3,293.41,291.6,291.6,2,291.58,2,291.17,3,291.09,1,291.01,5,,,,,,,,,,,293.41,3,294.53,7,294.57,2,294.71,2,294.72,1,294.78,1,294.89,2,295.11,4,295.15,5,295.16,3
2025-04-10 09:34:55,292.505,292.3,1,291.6,2,293.41,3,293.41,291.6,291.6,2,291.58,2,291.17,3,291.09,1,291.01,5,,,,,,,,,,,293.41,3,294.53,7,294.57,2,294.71,2,294.72,1,294.78,1,294.89,2,295.11,4,295.15,5,295.16,3
2025-04-10 09:34:56,292.365,292.3,1,291.6,1,293.13,1,293.13,291.6,291.6,1,291.58,2,291.17,3,291.09,1,291.01,5,,,,,,,,,,,293.13,1,293.41,4,294.53,7,294.57,2,294.71,2,294.72,1,294.78,1,294.89,2,295.11,4,295.15,5
2025-04-10 09:34:57,292.365,292.3,1,291.6,1,293.13,1,293.13,291.6,291.6,1,291.58,2,291.17,3,291.09,1,291.01,5,,,,,,,,,,,293.13,1,293.41,4,294.53,7,294.57,2,294.71,2,294.72,1,294.78,1,294.89,2,295.11,4,295.15,5
2025-04-10 09:34:58,292.365,292.3,1,291.6,1,293.13,1,293.13,291.6,291.6,1,291.58,2,291.17,3,291.09,1,291.01,5,,,,,,,,,,,293.13,1,293.41,4,294.53,7,294.57,2,294.71,2,294.72,1,294.78,1,294.89,2,295.11,4,295.15,5
2025-04-10 09:34:59,292.365,292.3,1,291.6,1,293.13,2,293.13,291.6,291.6,1,291.58,2,291.17,3,291.09,1,291.01,5,,,,,,,,,,,293.13,2,293.41,4,294.53,7,294.57,2,294.71,2,294.72,1,294.78,1,294.89,2,295.11,4,295.15,5
2025-04-10 09:35:00,292.365,292.37,1,291.6,1,293.13,2,293.13,291.6,291.6,1,291.58,2,291.17,3,291.09,1,291.01,5,,,,,,,,,,,293.13,2,293.41,4,294.53,7,294.57,2,294.71,2,294.72,1,294.78,1,294.89,2,295.11,4,295.15,5
2025-04-10 09:35:01,292.205,292.37,1,291.6,1,292.81,1,292.81,291.6,291.6,1,291.58,2,291.17,3,291.09,1,291.01,5,,,,,,,,,,,292.81,1,293.13,4,293.41,4,294.53,7,294.57,2,294.71,2,294.72,1,294.78,1,294.89,2,295.11,4
2025-04-10 09:35:02,292.205,292.37,1,291.6,1,292.81,1,292.81,291.6,291.6,1,291.58,2,291.17,3,291.09,1,291.01,5,,,,,,,,,,,292.81,1,293.13,4,293.41,4,294.53,7,294.57,2,294.71,2,294.72,1,294.78,1,294.89,2,295.11,4
2025-04-10 09:35:03,292.205,292.37,1,291.6,1,292.81,2,292.81,291.6,291.6,1,291.58,2,291.17,3,291.09,1,291.01,5,,,,,,,,,,,292.81,2,293.13,4,293.41,4,294.53,7,294.57,2,294.71,2,294.72,1,294.78,1,294.89,2,295.11,4
2025-04-10 09:35:04,292.205,292.2,4,291.6,1,292.81,4,292.81,291.6,291.6,1,291.58,2,291.17,3,291.09,1,291.01,5,,,,,,,,,,,292.81,4,293.13,4,293.41,4,294.53,7,294.57,2,294.71,2,294.72,1,294.78,1,294.89,2,295.11,4
2025-04-10 09:35:05,292.205,292.2,4,291.6,1,292.81,4,292.81,291.6,291.6,1,291.58,2,291.17,3,291.09,1,291.01,5,,,,,,,,,,,292.81,4,293.13,4,293.41,4,294.53,7,294.57,2,294.71,2,294.72,1,294.78,1,294.89,2,295.11,4
2025-04-10 09:35:06,292.22,292.22,1,291.63,2,292.81,5,292.81,291.63,291.63,2,291.62,1,291.6,1,291.58,2,291.17,3,291.09,1,291.01,5,,,,,,,292.81,5,293.13,4,293.41,4,294.53,7,294.57,2,294.71,2,294.72,1,294.78,1,294.89,2,295.11,4
2025-04-10 09:35:07,292.22,292.22,1,291.63,2,292.81,5,292.81,291.63,291.63,2,291.62,1,291.6,1,291.58,2,291.17,3,291.09,1,291.01,5,,,,,,,292.81,5,293.13,4,293.41,4,294.53,7,294.57,2,294.71,2,294.72,1,294.78,1,294.89,2,295.11,4
2025-04-10 09:35:08,292.22,292.22,1,291.63,2,292.81,5,292.81,291.63,291.63,2,291.62,1,291.6,1,291.58,2,291.17,3,291.09,1,291.01,5,,,,,,,292.81,5,293.13,4,293.41,4,294.53,7,294.57,2,294.71,2,294.72,1,294.78,1,294.89,2,295.11,4
2025-04-10 09:35:09,292.22,292.22,1,291.63,2,292.81,5,292.81,291.63,291.63,2,291.62,1,291.6,1,291.58,2,291.17,3,291.09,1,291.01,5,,,,,,,292.81,5,293.13,4,293.41,4,294.53,7,294.57,2,294.71,2,294.72,1,294.78,1,294.89,2,295.11,4
2025-04-10 09:35:10,292.22,292.22,1,291.63,2,292.81,5,292.81,291.63,291.63,2,291.62,1,291.6,1,291.58,2,291.17,3,291.09,1,291.01,5,,,,,,,292.81,5,293.13,4,293.41,4,294.53,7,294.57,2,294.71,2,294.72,1,294.78,1,294.89,2,295.11,4
2025-04-10 09:35:11,292.22,292.22,1,291.63,2,292.81,6,292.81,291.63,291.63,2,291.62,1,291.6,1,291.58,2,291.17,3,291.09,1,291.01,5,,,,,,,292.81,6,293.13,4,293.41,4,294.53,7,294.57,2,294.71,2,294.72,1,294.78,1,294.89,2,295.11,4
2025-04-10 09:35:12,292.22,292.22,2,291.63,2,292.81,6,292.81,291.63,291.63,2,291.62,1,291.6,1,291.58,2,291.17,3,291.09,1,291.01,5,,,,,,,292.81,6,293.13,4,293.41,4,294.53,7,294.57,2,294.71,2,294.72,1,294.78,1,294.89,2,295.11,4
2025-04-10 09:35:13,292.22,292.22,2,291.63,2,292.81,6,292.81,291.63,291.63,2,291.62,1,291.6,1,291.58,2,291.17,3,291.09,1,291.01,5,,,,,,,292.81,6,293.13,4,293.41,4,294.53,7,294.57,2,294.71,2,294.72,1,294.78,1,294.89,2,295.11,4
2025-04-10 09:35:14,292.22,292.22,2,291.63,1,292.81,6,292.81,291.63,291.63,1,291.62,1,291.6,1,291.58,2,291.17,3,291.09,1,291.01,5,,,,,,,292.81,6,293.13,4,293.41,4,294.53,7,294.57,2,294.71,2,294.72,1,294.78,1,294.89,2,295.11,4
2025-04-10 09:35:15,292.22,292.22,2,291.63,2,292.81,6,292.81,291.63,291.63,2,291.62,1,291.6,1,291.58,2,291.17,3,291.09,1,291.01,5,,,,,,,292.81,6,293.13,4,293.41,4,294.53,7,294.57,2,294.71,2,294.72,1,294.78,1,294.89,2,295.11,4
2025-04-10 09:35:16,292.22,292.22,2,291.63,2,292.81,6,292.81,291.63,291.63,2,291.62,1,291.6,1,291.58,2,291.17,3,291.09,1,291.01,5,,,,,,,292.81,6,293.13,4,293.41,4,294.53,7,294.57,2,294.71,2,294.72,1,294.78,1,294.89,2,295.11,4
2025-04-10 09:35:17,292.22,292.22,2,291.63,1,292.81,6,292.81,291.63,291.63,1,291.62,1,291.6,1,291.58,2,291.17,3,291.09,1,291.01,5,,,,,,,292.81,6,293.13,4,293.41,4,294.53,7,294.57,2,294.71,2,294.72,1,294.78,1,294.89,2,295.11,4
2025-04-10 09:35:18,292.22,292.22,2,291.63,1,292.81,6,292.81,291.63,291.63,1,291.62,1,291.6,1,291.58,2,291.17,3,291.09,1,291.01,5,,,,,,,292.81,6,293.13,4,293.41,4,294.53,7,294.57,2,294.71,2,294.72,1,294.78,1,294.89,2,295.11,4
2025-04-10 09:35:19,292.22,292.22,2,291.63,1,292.81,6,292.81,291.63,291.63,1,291.62,1,291.6,1,291.58,2,291.17,3,291.09,1,291.01,5,,,,,,,292.81,6,293.13,4,293.41,4,294.53,7,294.57,2,294.71,2,294.72,1,294.78,1,294.89,2,295.11,4
2025-04-10 09:35:20,292.225,292.22,2,291.64,1,292.81,6,292.81,291.64,291.64,1,291.63,1,291.62,1,291.6,1,291.58,2,291.17,3,291.09,1,291.01,5,,,,,292.81,6,293.13,4,293.41,4,294.53,7,294.57,2,294.71,2,294.72,1,294.78,1,294.89,2,295.11,4
2025-04-10 09:35:21,291.935,292.22,2,291.65,1,292.22,60,292.22,291.65,291.65,1,291.63,1,291.62,1,291.6,1,291.58,2,291.17,3,291.09,1,291.01,5,,,,,292.22,60,292.81,6,293.13,4,293.41,4,294.53,7,294.57,2,294.71,2,294.72,1,294.78,1,294.89,2
2025-04-10 09:35:22,291.515,291.26,5,290.81,4,292.22,70,292.22,290.81,290.81,4,,,,,,,,,,,,,,,,,,,292.22,70,292.81,6,293.13,4,293.41,4,294.53,7,294.57,2,294.71,2,294.72,1,294.78,1,294.89,2
2025-04-10 09:35:23,291.515,291.26,5,290.81,5,292.22,71,292.22,290.81,290.81,5,,,,,,,,,,,,,,,,,,,292.22,71,292.81,6,293.13,4,293.41,4,294.53,7,294.57,2,294.71,2,294.72,1,294.78,1,294.89,2
2025-04-10 09:35:24,291.59,291.26,5,290.96,2,292.22,71,292.22,290.96,290.96,2,290.81,5,,,,,,,,,,,,,,,,,292.22,71,292.81,6,293.13,4,293.41,4,294.53,7,294.57,2,294.71,2,294.72,1,294.78,1,294.89,2
2025-04-10 09:35:25,291.6,291.26,5,290.98,1,292.22,71,292.22,290.98,290.98,1,290.96,2,290.81,5,,,,,,,,,,,,,,,292.22,71,292.81,6,293.13,4,293.41,4,294.53,7,294.57,2,294.71,2,294.72,1,294.78,1,294.89,2
2025-04-10 09:35:26,291.6,291.26,5,290.98,2,292.22,71,292.22,290.98,290.98,2,290.96,2,290.81,5,,,,,,,,,,,,,,,292.22,71,292.81,6,293.13,4,293.41,4,294.53,7,294.57,2,294.71,2,294.72,1,294.78,1,294.89,2
2025-04-10 09:35:27,291.78,291.78,1,291.34,3,292.22,71,292.22,291.34,291.34,3,290.98,1,290.96,2,290.81,5,,,,,,,,,,,,,292.22,71,292.81,6,293.13,4,293.41,4,294.53,7,294.57,2,294.71,2,294.72,1,294.78,1,294.89,2
2025-04-10 09:35:28,291.78,291.78,1,291.34,4,292.22,71,292.22,291.34,291.34,4,290.98,1,290.96,2,290.81,5,,,,,,,,,,,,,292.22,71,292.81,6,293.13,4,293.41,4,294.53,7,294.57,2,294.71,2,294.72,1,294.78,1,294.89,2
2025-04-10 09:35:29,291.78,291.78,1,291.34,4,292.22,71,292.22,291.34,291.34,4,290.98,1,290.96,2,290.81,5,,,,,,,,,,,,,292.22,71,292.81,6,293.13,4,293.41,4,294.53,7,294.57,2,294.71,2,294.72,1,294.78,1,294.89,2
2025-04-10 09:35:30,291.78,291.78,1,291.34,5,292.22,71,292.22,291.34,291.34,5,290.98,1,290.96,2,290.81,5,,,,,,,,,,,,,292.22,71,292.81,6,293.13,4,293.41,4,294.53,7,294.57,2,294.71,2,294.72,1,294.78,1,294.89,2
2025-04-10 09:35:31,291.78,291.78,1,291.34,7,292.22,71,292.22,291.34,291.34,7,290.98,1,290.96,2,290.81,5,,,,,,,,,,,,,292.22,71,292.81,6,293.13,4,293.41,4,294.53,7,294.57,2,294.71,2,294.72,1,294.78,1,294.89,2
2025-04-10 09:35:32,291.815,291.78,1,291.41,1,292.22,71,292.22,291.41,291.41,1,291.34,7,290.98,1,290.96,2,290.81,5,,,,,,,,,,,292.22,71,292.81,6,293.13,4,293.41,4,294.53,7,294.57,2,294.71,2,294.72,1,294.78,1,294.89,2
2025-04-10 09:35:33,291.995,291.78,1,291.77,1,292.22,71,292.22,291.77,291.77,1,291.41,1,291.34,7,290.98,1,290.96,2,290.81,5,,,,,,,,,292.22,71,292.81,6,293.13,4,293.41,4,294.53,7,294.57,2,294.71,2,294.72,1,294.78,1,294.89,2
2025-04-10 09:35:34,291.995,291.78,1,291.77,1,292.22,71,292.22,291.77,291.77,1,291.41,1,291.34,7,290.98,1,290.96,2,290.81,5,,,,,,,,,292.22,71,292.81,6,293.13,4,293.41,4,294.53,7,294.57,2,294.71,2,294.72,1,294.78,1,294.89,2
2025-04-10 09:35:35,291.995,291.78,1,291.77,1,292.22,71,292.22,291.77,291.77,1,291.41,1,291.34,7,290.98,1,290.96,2,290.81,5,,,,,,,,,292.22,71,292.81,6,293.13,4,293.41,4,294.53,7,294.57,2,294.71,2,294.72,1,294.78,1,294.89,2
2025-04-10 09:35:36,291.995,291.78,1,291.77,1,292.22,71,292.22,291.77,291.77,1,291.41,1,291.34,7,290.98,1,290.96,2,290.81,5,,,,,,,,,292.22,71,292.81,6,293.13,4,293.41,4,294.53,7,294.57,2,294.71,2,294.72,1,294.78,1,294.89,2
2025-04-10 09:35:37,291.995,291.78,1,291.77,3,292.22,72,292.22,291.77,291.77,3,291.41,1,291.34,7,290.98,1,290.96,2,290.81,5,,,,,,,,,292.22,72,292.81,6,293.13,4,293.41,4,294.53,7,294.57,2,294.71,2,294.72,1,294.78,1,294.89,2
2025-04-10 09:35:38,292.85,292.64,1,292.3,2,293.4,3,293.4,292.3,292.3,2,291.77,5,291.41,1,291.34,7,290.98,1,290.96,2,290.81,5,,,,,,,293.4,3,293.51,4,293.61,2,294.53,7,294.57,2,294.71,2,294.72,1,294.78,1,294.89,2,295.11,4
2025-04-10 09:35:39,292.265,292.64,1,291.77,5,292.76,4,292.76,291.77,291.77,5,291.41,1,291.34,7,290.98,1,290.96,2,290.81,5,,,,,,,,,292.76,4,293.34,1,293.4,3,293.51,4,293.61,2,294.53,7,294.57,2,294.71,2,294.72,1,294.78,1
2025-04-10 09:35:40,292.36,292.64,1,291.96,1,292.76,4,292.76,291.96,291.96,1,291.77,5,291.41,1,291.34,7,290.98,1,290.96,2,290.81,5,,,,,,,292.76,4,293.34,1,293.4,3,293.51,4,293.61,2,294.53,7,294.57,2,294.71,2,294.72,1,294.78,1
2025-04-10 09:35:41,292.36,292.64,1,291.96,1,292.76,4,292.76,291.96,291.96,1,291.77,5,291.41,1,291.34,7,290.98,1,290.96,2,290.81,5,,,,,,,292.76,4,293.34,1,293.4,3,293.51,4,293.61,2,294.53,7,294.57,2,294.71,2,294.72,1,294.78,1
2025-04-10 09:35:42,292.36,292.64,1,291.96,1,292.76,4,292.76,291.96,291.96,1,291.77,5,291.41,1,291.34,7,290.98,1,290.96,2,290.81,5,,,,,,,292.76,4,293.34,1,293.4,3,293.51,4,293.61,2,294.53,7,294.57,2,294.71,2,294.72,1,294.78,1
2025-04-10 09:35:43,292.36,292.64,1,291.96,2,292.76,4,292.76,291.96,291.96,2,291.77,5,291.41,1,291.34,7,290.98,1,290.96,2,290.81,5,,,,,,,292.76,4,293.34,1,293.4,3,293.51,4,293.61,2,294.53,7,294.57,2,294.71,2,294.72,1,294.78,1
2025-04-10 09:35:44,292.36,292.64,1,291.96,2,292.76,4,292.76,291.96,291.96,2,291.77,5,291.41,1,291.34,7,290.98,1,290.96,2,290.81,5,,,,,,,292.76,4,293.34,1,293.4,3,293.51,4,293.61,2,294.53,7,294.57,2,294.71,2,294.72,1,294.78,1
2025-04-10 09:35:45,292.36,292.64,1,291.96,2,292.76,4,292.76,291.96,291.96,2,291.77,5,291.41,1,291.34,7,290.98,1,290.96,2,290.81,5,,,,,,,292.76,4,293.34,1,293.4,3,293.51,4,293.61,2,294.53,7,294.57,2,294.71,2,294.72,1,294.78,1
2025-04-10 09:35:46,292.36,292.64,1,291.96,2,292.76,4,292.76,291.96,291.96,2,291.77,5,291.41,1,291.34,7,290.98,1,290.96,2,290.81,5,,,,,,,292.76,4,293.34,1,293.4,3,293.51,4,293.61,2,294.53,7,294.57,2,294.71,2,294.72,1,294.78,1
2025-04-10 09:35:47,292.355,292.64,1,291.96,2,292.75,3,292.75,291.96,291.96,2,291.77,5,291.41,1,291.34,7,290.98,1,290.96,2,290.81,5,,,,,,,292.75,3,292.76,4,293.34,1,293.4,3,293.51,4,293.61,2,294.53,7,294.57,2,294.71,2,294.72,1
2025-04-10 09:35:48,292.355,292.21,1,291.96,2,292.75,3,292.75,291.96,291.96,2,291.77,5,291.41,1,291.34,7,290.98,1,290.96,2,290.81,5,,,,,,,292.75,3,292.76,4,293.34,1,293.4,3,293.51,4,293.61,2,294.53,7,294.57,2,294.71,2,294.72,1
2025-04-10 09:35:49,292.355,292.21,1,291.96,2,292.75,3,292.75,291.96,291.96,2,291.77,5,291.41,1,291.34,7,290.98,1,290.96,2,290.81,5,,,,,,,292.75,3,292.76,4,293.34,1,293.4,3,293.51,4,293.61,2,294.53,7,294.57,2,294.71,2,294.72,1
2025-04-10 09:35:50,292.36,292.21,1,291.97,5,292.75,3,292.75,291.97,291.97,5,291.96,2,291.77,5,291.41,1,291.34,7,290.98,1,290.96,2,290.81,5,,,,,292.75,3,292.76,4,293.34,1,293.4,3,293.51,4,293.61,2,294.53,7,294.57,2,294.71,2,294.72,1
2025-04-10 09:35:51,292.37,292.21,1,291.99,1,292.75,3,292.75,291.99,291.99,1,291.98,1,291.97,5,291.96,2,291.77,5,291.41,1,291.34,7,290.98,1,290.96,2,290.81,5,292.75,3,292.76,4,293.34,1,293.4,3,293.51,4,293.61,2,294.53,7,294.57,2,294.71,2,294.72,1
2025-04-10 09:35:52,292.37,292.21,1,291.99,1,292.75,3,292.75,291.99,291.99,1,291.98,1,291.97,5,291.96,2,291.77,5,291.41,1,291.34,7,290.98,1,290.96,2,290.81,5,292.75,3,292.76,4,293.34,1,293.4,3,293.51,4,293.61,2,294.53,7,294.57,2,294.71,2,294.72,1
2025-04-10 09:35:53,292.955,292.9,1,292.51,2,293.4,5,293.4,292.51,292.51,2,292.3,1,292.07,1,291.99,1,291.98,1,291.97,5,291.96,2,291.77,5,291.41,1,291.34,7,293.4,5,293.51,4,293.61,2,294.53,7,294.57,2,294.71,2,294.72,1,294.78,1,294.89,2,295.11,4
2025-04-10 09:35:54,292.955,292.9,1,292.51,1,293.4,5,293.4,292.51,292.51,1,292.3,1,292.07,1,291.99,1,291.98,1,291.97,5,291.96,2,291.77,5,291.41,1,291.34,7,293.4,5,293.51,4,293.61,2,294.53,7,294.57,2,294.71,2,294.72,1,294.78,1,294.89,2,295.11,4
2025-04-10 09:35:55,292.91,292.9,1,292.42,1,293.4,5,293.4,292.42,292.42,1,292.3,1,292.07,1,291.99,1,291.98,1,291.97,5,291.96,2,291.77,5,291.41,1,291.34,7,293.4,5,293.51,4,293.61,2,294.53,7,294.57,2,294.71,2,294.72,1,294.78,1,294.89,2,295.11,4
2025-04-10 09:35:56,292.91,292.9,1,292.42,1,293.4,5,293.4,292.42,292.42,1,292.3,1,292.07,1,291.99,1,291.98,1,291.97,5,291.96,2,291.77,5,291.41,1,291.34,7,293.4,5,293.51,4,293.61,2,294.53,7,294.57,2,294.71,2,294.72,1,294.78,1,294.89,2,295.11,4
2025-04-10 09:35:57,292.85,292.9,1,292.3,1,293.4,5,293.4,292.3,292.3,1,292.07,1,291.99,1,291.98,1,291.97,5,291.96,2,291.77,5,291.41,1,291.34,7,290.98,1,293.4,5,293.51,4,293.61,2,294.53,7,294.57,2,294.71,2,294.72,1,294.78,1,294.89,2,295.11,4
2025-04-10 09:35:58,292.635,292.9,1,292.31,1,292.96,4,292.96,292.31,292.31,1,292.3,1,292.07,1,291.99,1,291.98,1,291.97,5,291.96,2,291.77,5,291.41,1,291.34,7,292.96,4,293.4,6,293.51,4,293.61,2,294.53,7,294.57,2,294.71,2,294.72,1,294.78,1,294.89,2
2025-04-10 09:35:59,292.635,292.9,1,292.31,1,292.96,4,292.96,292.31,292.31,1,292.3,1,292.07,1,291.99,1,291.98,1,291.97,5,291.96,2,291.77,5,291.41,1,291.34,7,292.96,4,293.4,6,293.51,4,293.61,2,294.53,7,294.57,2,294.71,2,294.72,1,294.78,1,294.89,2
2025-04-10 09:36:00,292.64,292.9,1,292.32,1,292.96,4,292.96,292.32,292.32,1,292.31,1,292.3,1,292.07,1,291.99,1,291.98,1,291.97,5,291.96,2,291.77,5,291.41,1,292.96,4,293.4,6,293.51,4,293.61,2,294.53,7,294.57,2,294.71,2,294.72,1,294.78,1,294.89,2
2025-04-10 09:36:01,292.64,292.9,1,292.32,1,292.96,4,292.96,292.32,292.32,1,292.31,1,292.3,1,292.07,1,291.99,1,291.98,1,291.97,5,291.96,2,291.77,5,291.41,1,292.96,4,293.4,6,293.51,4,293.61,2,294.53,7,294.57,2,294.71,2,294.72,1,294.78,1,294.89,2
2025-04-10 09:36:02,292.64,292.9,1,292.32,1,292.96,4,292.96,292.32,292.32,1,292.31,1,292.3,1,292.07,1,291.99,1,291.98,1,291.97,5,291.96,2,291.77,5,291.41,1,292.96,4,293.4,6,293.51,4,293.61,2,294.53,7,294.57,2,294.71,2,294.72,1,294.78,1,294.89,2
2025-04-10 09:36:03,292.64,292.9,1,292.32,1,292.96,4,292.96,292.32,292.32,1,292.31,1,292.3,1,292.07,1,291.99,1,291.98,1,291.97,5,291.96,2,291.77,5,291.41,1,292.96,4,293.4,6,293.51,4,293.61,2,294.53,7,294.57,2,294.71,2,294.72,1,294.78,1,294.89,2
2025-04-10 09:36:04,292.64,292.9,1,292.32,1,292.96,4,292.96,292.32,292.32,1,292.31,1,292.3,1,292.07,1,291.99,1,291.98,1,291.97,5,291.96,2,291.77,5,291.41,1,292.96,4,293.4,6,293.51,4,293.61,2,294.53,7,294.57,2,294.71,2,294.72,1,294.78,1,294.89,2
2025-04-10 09:36:05,292.64,292.9,1,292.32,1,292.96,4,292.96,292.32,292.32,1,292.31,1,292.3,1,292.07,1,291.99,1,291.98,1,291.97,5,291.96,2,291.77,5,291.41,1,292.96,4,293.4,6,293.51,4,293.61,2,294.53,7,294.57,2,294.71,2,294.72,1,294.78,1,294.89,2
2025-04-10 09:36:06,293.09,292.96,2,292.32,3,293.86,2,293.86,292.32,292.32,3,292.31,1,292.3,1,292.07,1,291.99,1,291.98,1,291.97,5,291.96,2,291.77,5,291.41,1,293.86,2,294.15,3,294.53,7,294.57,2,294.71,2,294.72,1,294.78,1,294.89,2,295.11,4,295.15,5
2025-04-10 09:36:07,293.09,292.96,2,292.32,2,293.86,2,293.86,292.32,292.32,2,292.31,1,292.3,1,292.07,1,291.99,1,291.98,1,291.97,5,291.96,2,291.77,5,291.41,1,293.86,2,294.15,3,294.53,7,294.57,2,294.71,2,294.72,1,294.78,1,294.89,2,295.11,4,295.15,5
2025-04-10 09:36:08,293.305,292.96,2,292.75,1,293.86,4,293.86,292.75,292.75,1,292.32,1,292.31,1,292.3,1,292.07,1,291.99,1,291.98,1,291.97,5,291.96,2,291.77,5,293.86,4,294.15,3,294.53,7,294.57,2,294.71,2,294.72,1,294.78,1,294.89,2,295.11,4,295.15,5
2025-04-10 09:36:09,293.18,292.96,2,292.75,1,293.61,1,293.61,292.75,292.75,1,292.32,1,292.31,1,292.3,1,292.07,1,291.99,1,291.98,1,291.97,5,291.96,2,291.77,5,293.61,1,293.86,4,294.15,3,294.53,7,294.57,2,294.71,2,294.72,1,294.78,1,294.89,2,295.11,4
2025-04-10 09:36:10,293.18,292.96,2,292.75,2,293.61,1,293.61,292.75,292.75,2,292.32,1,292.31,1,292.3,1,292.07,1,291.99,1,291.98,1,291.97,5,291.96,2,291.77,5,293.61,1,293.86,4,294.15,3,294.53,7,294.57,2,294.71,2,294.72,1,294.78,1,294.89,2,295.11,4
2025-04-10 09:36:11,292.83,292.77,1,292.31,2,293.35,2,293.35,292.31,292.31,2,292.3,1,292.07,1,291.99,1,291.98,1,291.97,5,291.96,2,291.77,5,291.41,1,291.34,7,293.35,2,293.6,1,293.61,3,293.86,4,294.15,3,294.53,7,294.57,2,294.71,2,294.72,1,294.78,1
2025-04-10 09:36:12,292.475,292.32,1,291.98,1,292.97,2,292.97,291.98,291.98,1,291.97,5,291.96,2,291.77,5,291.41,1,291.34,7,290.98,1,290.96,2,290.81,5,,,292.97,2,293.28,4,293.36,5,293.6,1,293.61,3,293.86,4,294.15,3,294.53,7,294.57,2,294.71,2
2025-04-10 09:36:13,292.48,292.47,1,291.99,2,292.97,4,292.97,291.99,291.99,2,291.98,1,291.97,5,291.96,2,291.77,5,291.41,1,291.34,7,290.98,1,290.96,2,290.81,5,292.97,4,293.28,4,293.36,5,293.6,1,293.61,3,293.86,4,294.15,3,294.53,7,294.57,2,294.71,2
2025-04-10 09:36:14,292.405,292.47,1,291.99,2,292.82,1,292.82,291.99,291.99,2,291.98,1,291.97,5,291.96,2,291.77,5,291.41,1,291.34,7,290.98,1,290.96,2,290.81,5,292.82,1,292.97,4,293.28,4,293.36,5,293.6,1,293.61,3,293.86,4,294.15,3,294.53,7,294.57,2
2025-04-10 09:36:15,292.405,292.47,1,291.99,2,292.82,1,292.82,291.99,291.99,2,291.98,1,291.97,5,291.96,2,291.77,5,291.41,1,291.34,7,290.98,1,290.96,2,290.81,5,292.82,1,292.97,4,293.28,4,293.36,5,293.6,1,293.61,3,293.86,4,294.15,3,294.53,7,294.57,2
2025-04-10 09:36:16,292.615,292.47,1,292.26,1,292.97,3,292.97,292.26,292.26,1,292.0,2,291.99,2,291.98,1,291.97,5,291.96,2,291.77,5,291.41,1,291.34,7,290.98,1,292.97,3,293.28,4,293.36,5,293.6,1,293.61,3,293.86,4,294.15,3,294.53,7,294.57,2,294.71,2
2025-04-10 09:36:17,292.615,292.47,1,292.26,1,292.97,3,292.97,292.26,292.26,1,292.0,2,291.99,2,291.98,1,291.97,5,291.96,2,291.77,5,291.41,1,291.34,7,290.98,1,292.97,3,293.28,4,293.36,5,293.6,1,293.61,3,293.86,4,294.15,3,294.53,7,294.57,2,294.71,2
2025-04-10 09:36:18,292.615,292.62,1,292.26,1,292.97,3,292.97,292.26,292.26,1,292.0,2,291.99,2,291.98,1,291.97,5,291.96,2,291.77,5,291.41,1,291.34,7,290.98,1,292.97,3,293.28,4,293.36,5,293.6,1,293.61,3,293.86,4,294.15,3,294.53,7,294.57,2,294.71,2
2025-04-10 09:36:19,292.615,292.62,1,292.26,1,292.97,3,292.97,292.26,292.26,1,292.0,2,291.99,2,291.98,1,291.97,5,291.96,2,291.77,5,291.41,1,291.34,7,290.98,1,292.97,3,293.28,4,293.36,5,293.6,1,293.61,3,293.86,4,294.15,3,294.53,7,294.57,2,294.71,2
2025-04-10 09:36:20,292.615,292.62,1,292.26,1,292.97,3,292.97,292.26,292.26,1,292.0,2,291.99,2,291.98,1,291.97,5,291.96,2,291.77,5,291.41,1,291.34,7,290.98,1,292.97,3,293.28,4,293.36,5,293.6,1,293.61,3,293.86,4,294.15,3,294.53,7,294.57,2,294.71,2
2025-04-10 09:36:21,292.615,292.62,1,292.26,1,292.97,3,292.97,292.26,292.26,1,292.0,2,291.99,2,291.98,1,291.97,5,291.96,2,291.77,5,291.41,1,291.34,7,290.98,1,292.97,3,293.28,4,293.36,5,293.6,1,293.61,3,293.86,4,294.15,3,294.53,7,294.57,2,294.71,2
2025-04-10 09:36:22,292.685,292.62,1,292.4,1,292.97,3,292.97,292.4,292.4,1,292.26,1,292.0,2,291.99,2,291.98,1,291.97,5,291.96,2,291.77,5,291.41,1,291.34,7,292.97,3,293.28,4,293.36,5,293.6,1,293.61,3,293.86,4,294.15,3,294.53,7,294.57,2,294.71,2
2025-04-10 09:36:23,292.85,292.97,1,292.43,1,293.27,2,293.27,292.43,292.43,1,292.42,1,292.41,1,292.4,1,292.26,1,292.0,2,291.99,2,291.98,1,291.97,5,291.96,2,293.27,2,293.46,2,293.86,4,294.15,3,294.53,7,294.57,2,294.71,2,294.72,1,294.78,1,294.89,2
2025-04-10 09:36:24,292.85,292.85,1,292.43,1,293.27,4,293.27,292.43,292.43,1,292.42,1,292.41,1,292.4,1,292.26,1,292.0,2,291.99,2,291.98,1,291.97,5,291.96,2,293.27,4,293.46,2,293.86,4,294.15,3,294.53,7,294.57,2,294.71,2,294.72,1,294.78,1,294.89,2
2025-04-10 09:36:25,292.85,292.85,1,292.43,1,293.27,4,293.27,292.43,292.43,1,292.42,1,292.41,1,292.4,1,292.26,1,292.0,2,291.99,2,291.98,1,291.97,5,291.96,2,293.27,4,293.46,2,293.86,4,294.15,3,294.53,7,294.57,2,294.71,2,294.72,1,294.78,1,294.89,2
2025-04-10 09:36:26,292.85,292.85,1,292.43,1,293.27,4,293.27,292.43,292.43,1,292.42,1,292.41,1,292.4,1,292.26,1,292.0,2,291.99,2,291.98,1,291.97,5,291.96,2,293.27,4,293.46,2,293.86,4,294.15,3,294.53,7,294.57,2,294.71,2,294.72,1,294.78,1,294.89,2
2025-04-10 09:36:27,292.85,292.85,1,292.43,1,293.27,4,293.27,292.43,292.43,1,292.42,1,292.41,1,292.4,1,292.26,1,292.0,2,291.99,2,291.98,1,291.97,5,291.96,2,293.27,4,293.46,2,293.86,4,294.15,3,294.53,7,294.57,2,294.71,2,294.72,1,294.78,1,294.89,2
2025-04-10 09:36:28,292.46,292.4,1,291.99,2,292.93,61,292.93,291.99,291.99,2,291.98,1,291.97,5,291.96,2,291.77,5,291.41,1,291.34,7,290.98,1,290.96,2,290.81,5,292.93,61,293.27,4,293.46,2,293.86,4,294.15,3,294.53,7,294.57,2,294.71,2,294.72,1,294.78,1
2025-04-10 09:36:29,292.46,292.4,1,291.99,2,292.93,61,292.93,291.99,291.99,2,291.98,1,291.97,5,291.96,2,291.77,5,291.41,1,291.34,7,290.98,1,290.96,2,290.81,5,292.93,61,293.27,4,293.46,2,293.86,4,294.15,3,294.53,7,294.57,2,294.71,2,294.72,1,294.78,1
2025-04-10 09:36:30,292.405,292.4,1,291.99,2,292.82,2,292.82,291.99,291.99,2,291.98,1,291.97,5,291.96,2,291.77,5,291.41,1,291.34,7,290.98,1,290.96,2,290.81,5,292.82,2,292.93,60,293.27,4,293.46,2,293.86,4,294.15,3,294.53,7,294.57,2,294.71,2,294.72,1
2025-04-10 09:36:31,292.245,292.4,1,291.99,2,292.5,2,292.5,291.99,291.99,2,291.98,1,291.97,5,291.96,2,291.77,5,291.41,1,291.34,7,290.98,1,290.96,2,290.81,5,292.5,2,292.82,2,292.93,60,293.27,4,293.46,2,293.86,4,294.15,3,294.53,7,294.57,2,294.71,2
2025-04-10 09:36:32,292.16,292.4,1,291.99,2,292.33,1,292.33,291.99,291.99,2,291.98,1,291.97,5,291.96,2,291.77,5,291.41,1,291.34,7,290.98,1,290.96,2,290.81,5,292.33,1,292.5,2,292.82,2,292.93,60,293.27,4,293.46,2,293.86,4,294.15,3,294.53,7,294.57,2
2025-04-10 09:36:33,292.16,292.4,1,291.99,2,292.33,1,292.33,291.99,291.99,2,291.98,1,291.97,5,291.96,2,291.77,5,291.41,1,291.34,7,290.98,1,290.96,2,290.81,5,292.33,1,292.5,2,292.82,2,292.93,60,293.27,4,293.46,2,293.86,4,294.15,3,294.53,7,294.57,2
2025-04-10 09:36:34,292.155,292.4,1,291.98,3,292.33,1,292.33,291.98,291.98,3,291.97,5,291.96,2,291.77,5,291.41,1,291.34,7,290.98,1,290.96,2,290.81,5,,,292.33,1,292.5,2,292.82,2,292.93,60,293.27,4,293.46,2,293.86,4,294.15,3,294.53,7,294.57,2
2025-04-10 09:36:35,292.155,292.4,1,291.98,3,292.33,1,292.33,291.98,291.98,3,291.97,5,291.96,2,291.77,5,291.41,1,291.34,7,290.98,1,290.96,2,290.81,5,,,292.33,1,292.5,2,292.82,2,292.93,60,293.27,4,293.46,2,293.86,4,294.15,3,294.53,7,294.57,2
2025-04-10 09:36:36,292.155,292.4,1,291.98,3,292.33,3,292.33,291.98,291.98,3,291.97,5,291.96,2,291.77,5,291.41,1,291.34,7,290.98,1,290.96,2,290.81,5,,,292.33,3,292.5,2,292.82,2,292.93,60,293.27,4,293.46,2,293.86,4,294.15,3,294.53,7,294.57,2
2025-04-10 09:36:37,292.155,292.4,1,291.98,3,292.33,3,292.33,291.98,291.98,3,291.97,5,291.96,2,291.77,5,291.41,1,291.34,7,290.98,1,290.96,2,290.81,5,,,292.33,3,292.5,2,292.82,2,292.93,60,293.27,4,293.46,2,293.86,4,294.15,3,294.53,7,294.57,2
2025-04-10 09:36:38,292.155,292.4,1,291.98,3,292.33,3,292.33,291.98,291.98,3,291.97,5,291.96,2,291.77,5,291.41,1,291.34,7,290.98,1,290.96,2,290.81,5,,,292.33,3,292.5,2,292.82,2,292.93,60,293.27,4,293.46,2,293.86,4,294.15,3,294.53,7,294.57,2
2025-04-10 09:36:39,292.155,292.4,1,291.98,3,292.33,3,292.33,291.98,291.98,3,291.97,5,291.96,2,291.77,5,291.41,1,291.34,7,290.98,1,290.96,2,290.81,5,,,292.33,3,292.5,2,292.82,2,292.93,60,293.27,4,293.46,2,293.86,4,294.15,3,294.53,7,294.57,2
2025-04-10 09:36:40,292.155,292.4,1,291.98,3,292.33,3,292.33,291.98,291.98,3,291.97,5,291.96,2,291.77,5,291.41,1,291.34,7,290.98,1,290.96,2,290.81,5,,,292.33,3,292.5,2,292.82,2,292.93,60,293.27,4,293.46,2,293.86,4,294.15,3,294.53,7,294.57,2
2025-04-10 09:36:41,292.455,292.33,1,291.98,4,292.93,60,292.93,291.98,291.98,4,291.97,5,291.96,2,291.77,5,291.41,1,291.34,7,290.98,1,290.96,2,290.81,5,,,292.93,60,293.27,4,293.46,2,293.86,4,294.15,3,294.53,7,294.57,2,294.71,2,294.72,1,294.78,1
2025-04-10 09:36:42,292.465,292.33,1,292.0,1,292.93,60,292.93,292.0,292.0,1,291.99,4,291.98,4,291.97,5,291.96,2,291.77,5,291.41,1,291.34,7,290.98,1,290.96,2,292.93,60,293.27,4,293.46,2,293.86,4,294.15,3,294.53,7,294.57,2,294.71,2,294.72,1,294.78,1
2025-04-10 09:36:43,292.465,292.33,1,292.0,1,292.93,60,292.93,292.0,292.0,1,291.99,4,291.98,4,291.97,5,291.96,2,291.77,5,291.41,1,291.34,7,290.98,1,290.96,2,292.93,60,293.27,4,293.46,2,293.86,4,294.15,3,294.53,7,294.57,2,294.71,2,294.72,1,294.78,1
2025-04-10 09:36:44,292.465,292.33,1,292.0,2,292.93,60,292.93,292.0,292.0,2,291.99,4,291.98,4,291.97,5,291.96,2,291.77,5,291.41,1,291.34,7,290.98,1,290.96,2,292.93,60,293.27,4,293.46,2,293.86,4,294.15,3,294.53,7,294.57,2,294.71,2,294.72,1,294.78,1
2025-04-10 09:36:45,292.465,292.33,1,292.0,2,292.93,61,292.93,292.0,292.0,2,291.99,4,291.98,4,291.97,5,291.96,2,291.77,5,291.41,1,291.34,7,290.98,1,290.96,2,292.93,61,293.27,4,293.46,2,293.86,4,294.15,3,294.53,7,294.57,2,294.71,2,294.72,1,294.78,1
2025-04-10 09:36:46,292.465,292.46,1,292.0,2,292.93,61,292.93,292.0,292.0,2,291.99,4,291.98,4,291.97,5,291.96,2,291.77,5,291.41,1,291.34,7,290.98,1,290.96,2,292.93,61,293.27,4,293.46,2,293.86,4,294.15,3,294.53,7,294.57,2,294.71,2,294.72,1,294.78,1
2025-04-10 09:36:47,292.465,292.46,1,292.0,2,292.93,61,292.93,292.0,292.0,2,291.99,4,291.98,4,291.97,5,291.96,2,291.77,5,291.41,1,291.34,7,290.98,1,290.96,2,292.93,61,293.27,4,293.46,2,293.86,4,294.15,3,294.53,7,294.57,2,294.71,2,294.72,1,294.78,1
2025-04-10 09:36:48,292.465,292.46,1,292.0,2,292.93,61,292.93,292.0,292.0,2,291.99,4,291.98,4,291.97,5,291.96,2,291.77,5,291.41,1,291.34,7,290.98,1,290.96,2,292.93,61,293.27,4,293.46,2,293.86,4,294.15,3,294.53,7,294.57,2,294.71,2,294.72,1,294.78,1
2025-04-10 09:36:49,292.465,292.46,1,292.0,2,292.93,61,292.93,292.0,292.0,2,291.99,4,291.98,4,291.97,5,291.96,2,291.77,5,291.41,1,291.34,7,290.98,1,290.96,2,292.93,61,293.27,4,293.46,2,293.86,4,294.15,3,294.53,7,294.57,2,294.71,2,294.72,1,294.78,1
2025-04-10 09:36:50,292.47,292.46,1,292.01,2,292.93,60,292.93,292.01,292.01,2,292.0,2,291.99,4,291.98,4,291.97,5,291.96,2,291.77,5,291.41,1,291.34,7,290.98,1,292.93,60,293.27,4,293.46,2,293.86,4,294.15,3,294.53,7,294.57,2,294.71,2,294.72,1,294.78,1
2025-04-10 09:36:51,292.47,292.46,1,292.01,2,292.93,60,292.93,292.01,292.01,2,292.0,2,291.99,4,291.98,4,291.97,5,291.96,2,291.77,5,291.41,1,291.34,7,290.98,1,292.93,60,293.27,4,293.46,2,293.86,4,294.15,3,294.53,7,294.57,2,294.71,2,294.72,1,294.78,1
2025-04-10 09:36:52,293.235,292.93,1,292.76,2,293.71,1,293.71,292.76,292.76,2,292.62,3,292.05,1,292.01,2,292.0,2,291.99,4,291.98,4,291.97,5,291.96,2,291.77,5,293.71,1,293.86,4,294.15,3,294.53,7,294.57,2,294.71,2,294.72,1,294.78,1,294.89,2,295.11,4
2025-04-10 09:36:53,293.235,292.93,1,292.76,2,293.71,3,293.71,292.76,292.76,2,292.62,3,292.05,1,292.01,2,292.0,2,291.99,4,291.98,4,291.97,5,291.96,2,291.77,5,293.71,3,293.86,4,294.15,3,294.53,7,294.57,2,294.71,2,294.72,1,294.78,1,294.89,2,295.11,4
2025-04-10 09:36:54,293.235,292.93,1,292.76,2,293.71,3,293.71,292.76,292.76,2,292.62,3,292.05,1,292.01,2,292.0,2,291.99,4,291.98,4,291.97,5,291.96,2,291.77,5,293.71,3,293.86,4,294.15,3,294.53,7,294.57,2,294.71,2,294.72,1,294.78,1,294.89,2,295.11,4
2025-04-10 09:36:55,293.235,292.93,1,292.76,2,293.71,3,293.71,292.76,292.76,2,292.62,3,292.05,1,292.01,2,292.0,2,291.99,4,291.98,4,291.97,5,291.96,2,291.77,5,293.71,3,293.86,4,294.15,3,294.53,7,294.57,2,294.71,2,294.72,1,294.78,1,294.89,2,295.11,4
2025-04-10 09:36:56,293.235,292.93,1,292.76,3,293.71,3,293.71,292.76,292.76,3,292.62,3,292.05,1,292.01,2,292.0,2,291.99,4,291.98,4,291.97,5,291.96,2,291.77,5,293.71,3,293.86,4,294.15,3,294.53,7,294.57,2,294.71,2,294.72,1,294.78,1,294.89,2,295.11,4
2025-04-10 09:36:57,292.44,292.44,1,292.01,1,293.41,6,292.86,292.01,292.01,1,292.0,2,291.99,4,291.98,4,291.97,5,291.96,2,291.77,5,291.41,1,291.34,7,290.98,1,292.87,2,293.41,6,293.42,4,293.7,3,293.71,4,293.86,4,294.15,3,294.53,7,294.57,2,294.71,2
2025-04-10 09:36:58,292.715,292.44,1,292.01,2,293.42,6,293.42,292.01,292.01,2,292.0,2,291.99,4,291.98,4,291.97,5,291.96,2,291.77,5,291.41,1,291.34,7,290.98,1,293.42,6,293.71,4,293.86,4,294.15,3,294.53,7,294.57,2,294.71,2,294.72,1,294.78,1,294.89,2
2025-04-10 09:36:59,292.715,292.44,1,292.01,1,293.42,6,293.42,292.01,292.01,1,292.0,2,291.99,4,291.98,4,291.97,5,291.96,2,291.77,5,291.41,1,291.34,7,290.98,1,293.42,6,293.71,4,293.86,4,294.15,3,294.53,7,294.57,2,294.71,2,294.72,1,294.78,1,294.89,2
2025-04-10 09:37:00,292.715,292.44,1,292.01,1,293.42,6,293.42,292.01,292.01,1,292.0,2,291.99,4,291.98,4,291.97,5,291.96,2,291.77,5,291.41,1,291.34,7,290.98,1,293.42,6,293.71,4,293.86,4,294.15,3,294.53,7,294.57,2,294.71,2,294.72,1,294.78,1,294.89,2
2025-04-10 09:37:01,292.715,292.44,1,292.01,1,293.42,6,293.42,292.01,292.01,1,292.0,2,291.99,4,291.98,4,291.97,5,291.96,2,291.77,5,291.41,1,291.34,7,290.98,1,293.42,6,293.71,4,293.86,4,294.15,3,294.53,7,294.57,2,294.71,2,294.72,1,294.78,1,294.89,2
2025-04-10 09:37:02,292.715,292.44,1,292.01,1,293.42,6,293.42,292.01,292.01,1,292.0,2,291.99,4,291.98,4,291.97,5,291.96,2,291.77,5,291.41,1,291.34,7,290.98,1,293.42,6,293.71,4,293.86,4,294.15,3,294.53,7,294.57,2,294.71,2,294.72,1,294.78,1,294.89,2
2025-04-10 09:37:03,292.62,292.44,1,291.98,3,293.26,5,293.26,291.98,291.98,3,291.97,5,291.96,2,291.77,5,291.41,1,291.34,7,290.98,1,290.96,2,290.81,5,,,293.26,5,293.27,5,293.42,6,293.71,4,293.86,4,294.15,3,294.53,7,294.57,2,294.71,2,294.72,1
2025-04-10 09:37:04,292.62,292.44,1,291.98,3,293.26,5,293.26,291.98,291.98,3,291.97,5,291.96,2,291.77,5,291.41,1,291.34,7,290.98,1,290.96,2,290.81,5,,,293.26,5,293.27,5,293.42,6,293.71,4,293.86,4,294.15,3,294.53,7,294.57,2,294.71,2,294.72,1
2025-04-10 09:37:05,292.1,291.98,2,291.96,2,292.24,3,292.24,291.96,291.96,2,291.77,5,291.41,1,291.34,7,290.98,1,290.96,2,290.81,5,,,,,,,292.24,3,292.25,3,292.63,3,293.01,4,293.25,4,293.26,6,293.27,5,293.42,6,293.71,4,293.86,4
2025-04-10 09:37:06,291.67,291.67,1,291.11,2,292.23,3,292.23,291.11,291.11,2,290.98,1,290.96,2,290.81,5,,,,,,,,,,,,,292.23,3,292.24,3,292.25,3,292.63,3,293.01,4,293.25,4,293.26,6,293.27,5,293.42,6,293.71,4
2025-04-10 09:37:07,291.83,291.67,1,291.47,1,292.19,3,292.19,291.47,291.47,1,291.46,1,291.11,2,290.98,1,290.96,2,290.81,5,,,,,,,,,292.19,3,292.2,3,292.21,3,292.22,3,292.23,3,292.24,3,292.25,3,292.63,3,293.01,4,293.25,4
2025-04-10 09:37:08,291.83,291.67,1,291.47,1,292.19,3,292.19,291.47,291.47,1,291.46,1,291.11,2,290.98,1,290.96,2,290.81,5,,,,,,,,,292.19,3,292.2,3,292.21,3,292.22,3,292.23,3,292.24,3,292.25,3,292.63,3,293.01,4,293.25,4
2025-04-10 09:37:09,291.805,291.67,1,291.47,1,292.14,3,292.14,291.47,291.47,1,291.46,1,291.11,2,290.98,1,290.96,2,290.81,5,,,,,,,,,292.14,3,292.15,3,292.16,3,292.17,3,292.18,3,292.19,3,292.2,3,292.21,3,292.22,3,292.23,3
2025-04-10 09:37:10,291.805,291.67,1,291.5,5,292.11,3,292.11,291.5,291.5,5,291.47,1,291.46,1,291.11,2,290.98,1,290.96,2,290.81,5,,,,,,,292.11,3,292.12,3,292.13,3,292.14,3,292.15,3,292.16,3,292.17,3,292.18,3,292.19,3,292.2,3
2025-04-10 09:37:11,291.805,291.51,1,291.5,5,292.11,3,292.11,291.5,291.5,5,291.47,1,291.46,1,291.11,2,290.98,1,290.96,2,290.81,5,,,,,,,292.11,3,292.12,3,292.13,3,292.14,3,292.15,3,292.16,3,292.17,3,292.18,3,292.19,3,292.2,3
2025-04-10 09:37:12,291.66,291.5,7,291.47,1,291.85,3,291.85,291.47,291.47,1,291.46,1,291.11,2,290.98,1,290.96,2,290.81,5,,,,,,,,,291.85,3,291.96,3,292.06,5,292.07,3,292.11,5,292.12,3,292.13,3,292.14,3,292.15,3,292.16,3
2025-04-10 09:37:13,291.785,291.79,1,291.47,1,292.1,3,292.1,291.47,291.47,1,291.46,1,291.11,2,290.98,1,290.96,2,290.81,5,,,,,,,,,292.1,3,292.11,5,292.12,3,292.13,3,292.14,3,292.15,3,292.16,3,292.17,3,292.18,3,292.19,3
2025-04-10 09:37:14,291.785,291.47,1,291.47,1,292.1,3,292.1,291.47,291.47,1,291.46,1,291.11,2,290.98,1,290.96,2,290.81,5,,,,,,,,,292.1,3,292.11,5,292.12,3,292.13,3,292.14,3,292.15,3,292.16,3,292.17,3,292.18,3,292.19,3
2025-04-10 09:37:15,291.785,291.47,1,291.47,1,292.1,3,292.1,291.47,291.47,1,291.46,1,291.11,2,290.98,1,290.96,2,290.81,5,,,,,,,,,292.1,3,292.11,5,292.12,3,292.13,3,292.14,3,292.15,3,292.16,3,292.17,3,292.18,3,292.19,3
2025-04-10 09:37:16,291.785,291.47,1,291.47,1,292.1,3,292.1,291.47,291.47,1,291.46,1,291.11,2,290.98,1,290.96,2,290.81,5,,,,,,,,,292.1,3,292.11,5,292.12,3,292.13,3,292.14,3,292.15,3,292.16,3,292.17,3,292.18,3,292.19,3
2025-04-10 09:37:17,291.435,291.44,1,290.78,2,292.09,2,292.09,290.78,290.78,2,,,,,,,,,,,,,,,,,,,292.09,2,292.23,3,292.24,3,292.25,3,292.63,3,293.01,4,293.25,4,293.26,6,293.27,5,293.42,6
2025-04-10 09:37:18,291.435,291.44,1,290.78,2,292.09,2,292.09,290.78,290.78,2,,,,,,,,,,,,,,,,,,,292.09,2,292.23,3,292.24,3,292.25,3,292.63,3,293.01,4,293.25,4,293.26,6,293.27,5,293.42,6
2025-04-10 09:37:19,291.335,291.44,1,290.78,5,291.89,2,291.89,290.78,290.78,5,,,,,,,,,,,,,,,,,,,291.89,2,292.09,2,292.23,3,292.24,3,292.25,3,292.63,3,293.01,4,293.25,4,293.26,6,293.27,5
2025-04-10 09:37:20,291.2,291.2,1,290.51,2,291.89,6,291.89,290.51,290.51,2,290.41,5,,,,,,,,,,,,,,,,,291.89,6,292.09,2,292.23,3,292.24,3,292.25,3,292.63,3,293.01,4,293.25,4,293.26,6,293.27,5
2025-04-10 09:37:21,290.91,291.2,1,290.51,1,291.31,1,291.31,290.51,290.51,1,290.41,5,,,,,,,,,,,,,,,,,291.31,1,291.52,4,291.82,4,291.88,3,291.89,6,292.09,2,292.23,3,292.24,3,292.25,3,292.63,3
2025-04-10 09:37:22,291.415,291.25,2,290.95,1,291.88,6,291.88,290.95,290.95,1,290.51,1,290.41,5,,,,,,,,,,,,,,,291.88,6,291.89,6,292.09,2,292.23,3,292.24,3,292.25,3,292.63,3,293.01,4,293.25,4,293.26,6
2025-04-10 09:37:23,291.43,291.25,2,290.98,1,291.88,6,291.88,290.98,290.98,1,290.96,3,290.95,1,290.51,1,290.41,5,,,,,,,,,,,291.88,6,291.89,6,292.09,2,292.23,3,292.24,3,292.25,3,292.63,3,293.01,4,293.25,4,293.26,6
2025-04-10 09:37:24,291.435,291.25,2,290.99,1,291.88,6,291.88,290.99,290.99,1,290.98,1,290.96,3,290.95,1,290.51,1,290.41,5,,,,,,,,,291.88,6,291.89,6,292.09,2,292.23,3,292.24,3,292.25,3,292.63,3,293.01,4,293.25,4,293.26,6
2025-04-10 09:37:25,291.42,291.25,2,290.96,2,291.88,6,291.88,290.96,290.96,2,290.95,1,290.51,1,290.41,5,,,,,,,,,,,,,291.88,6,291.89,6,292.09,2,292.23,3,292.24,3,292.25,3,292.63,3,293.01,4,293.25,4,293.26,6
2025-04-10 09:37:26,291.42,291.25,2,290.96,2,291.88,6,291.88,290.96,290.96,2,290.95,1,290.51,1,290.41,5,,,,,,,,,,,,,291.88,6,291.89,6,292.09,2,292.23,3,292.24,3,292.25,3,292.63,3,293.01,4,293.25,4,293.26,6
2025-04-10 09:37:27,291.42,291.25,2,290.96,2,291.88,6,291.88,290.96,290.96,2,290.95,1,290.51,1,290.41,5,,,,,,,,,,,,,291.88,6,291.89,6,292.09,2,292.23,3,292.24,3,292.25,3,292.63,3,293.01,4,293.25,4,293.26,6
2025-04-10 09:37:28,291.42,291.25,2,290.96,2,291.88,6,291.88,290.96,290.96,2,290.95,1,290.51,1,290.41,5,,,,,,,,,,,,,291.88,6,291.89,6,292.09,2,292.23,3,292.24,3,292.25,3,292.63,3,293.01,4,293.25,4,293.26,6
2025-04-10 09:37:29,291.42,291.25,2,290.96,2,291.88,6,291.88,290.96,290.96,2,290.95,1,290.51,1,290.41,5,,,,,,,,,,,,,291.88,6,291.89,6,292.09,2,292.23,3,292.24,3,292.25,3,292.63,3,293.01,4,293.25,4,293.26,6
2025-04-10 09:37:30,291.42,291.25,2,290.96,2,291.88,6,291.88,290.96,290.96,2,290.95,1,290.51,1,290.41,5,,,,,,,,,,,,,291.88,6,291.89,6,292.09,2,292.23,3,292.24,3,292.25,3,292.63,3,293.01,4,293.25,4,293.26,6
2025-04-10 09:37:31,291.42,291.25,2,290.96,2,291.88,6,291.88,290.96,290.96,2,290.95,1,290.51,1,290.41,5,,,,,,,,,,,,,291.88,6,291.89,6,292.09,2,292.23,3,292.24,3,292.25,3,292.63,3,293.01,4,293.25,4,293.26,6
2025-04-10 09:37:32,291.345,291.25,2,290.96,2,291.73,2,291.73,290.96,290.96,2,290.95,1,290.51,1,290.41,5,,,,,,,,,,,,,291.73,2,291.88,7,291.89,6,292.09,2,292.23,3,292.24,3,292.25,3,292.63,3,293.01,4,293.25,4
2025-04-10 09:37:33,291.345,291.34,1,290.96,2,291.73,5,291.73,290.96,290.96,2,290.95,1,290.51,1,290.41,5,,,,,,,,,,,,,291.73,5,291.88,7,291.89,6,292.09,2,292.23,3,292.24,3,292.25,3,292.63,3,293.01,4,293.25,4
2025-04-10 09:37:34,291.345,291.34,1,290.96,2,291.73,5,291.73,290.96,290.96,2,290.95,1,290.51,1,290.41,5,,,,,,,,,,,,,291.73,5,291.88,7,291.89,6,292.09,2,292.23,3,292.24,3,292.25,3,292.63,3,293.01,4,293.25,4
2025-04-10 09:37:35,291.345,291.35,3,290.96,2,291.73,5,291.73,290.96,290.96,2,290.95,1,290.51,1,290.41,5,,,,,,,,,,,,,291.73,5,291.88,7,291.89,6,292.09,2,292.23,3,292.24,3,292.25,3,292.63,3,293.01,4,293.25,4
2025-04-10 09:37:36,291.345,291.35,3,290.96,2,291.73,5,291.73,290.96,290.96,2,290.95,1,290.51,1,290.41,5,,,,,,,,,,,,,291.73,5,291.88,7,291.89,6,292.09,2,292.23,3,292.24,3,292.25,3,292.63,3,293.01,4,293.25,4
2025-04-10 09:37:37,291.345,291.35,3,290.96,2,291.73,7,291.73,290.96,290.96,2,290.95,1,290.51,1,290.41,5,,,,,,,,,,,,,291.73,7,291.88,7,291.89,6,292.09,2,292.23,3,292.24,3,292.25,3,292.63,3,293.01,4,293.25,4
2025-04-10 09:37:38,291.345,291.35,3,290.96,2,291.73,7,291.73,290.96,290.96,2,290.95,1,290.51,1,290.41,5,,,,,,,,,,,,,291.73,7,291.88,7,291.89,6,292.09,2,292.23,3,292.24,3,292.25,3,292.63,3,293.01,4,293.25,4
2025-04-10 09:37:39,291.345,291.35,3,290.96,2,291.73,7,291.73,290.96,290.96,2,290.95,1,290.51,1,290.41,5,,,,,,,,,,,,,291.73,7,291.88,7,291.89,6,292.09,2,292.23,3,292.24,3,292.25,3,292.63,3,293.01,4,293.25,4
2025-04-10 09:37:40,291.345,291.62,2,290.96,2,291.73,7,291.73,290.96,290.96,2,290.95,1,290.51,1,290.41,5,,,,,,,,,,,,,291.73,7,291.88,7,291.89,6,292.09,2,292.23,3,292.24,3,292.25,3,292.63,3,293.01,4,293.25,4
2025-04-10 09:37:41,291.345,291.62,2,290.96,2,291.73,7,291.73,290.96,290.96,2,290.95,1,290.51,1,290.41,5,,,,,,,,,,,,,291.73,7,291.88,7,291.89,6,292.09,2,292.23,3,292.24,3,292.25,3,292.63,3,293.01,4,293.25,4
2025-04-10 09:37:42,291.345,291.62,2,290.96,2,291.73,7,291.73,290.96,290.96,2,290.95,1,290.51,1,290.41,5,,,,,,,,,,,,,291.73,7,291.88,7,291.89,6,292.09,2,292.23,3,292.24,3,292.25,3,292.63,3,293.01,4,293.25,4
2025-04-10 09:37:43,291.345,291.62,2,290.96,2,291.73,7,291.73,290.96,290.96,2,290.95,1,290.51,1,290.41,5,,,,,,,,,,,,,291.73,7,291.88,7,291.89,6,292.09,2,292.23,3,292.24,3,292.25,3,292.63,3,293.01,4,293.25,4
2025-04-10 09:37:44,291.325,291.62,2,290.96,2,291.69,1,291.69,290.96,290.96,2,290.95,1,290.51,1,290.41,5,,,,,,,,,,,,,291.69,1,291.72,2,291.73,7,291.88,7,291.89,6,292.09,2,292.23,3,292.24,3,292.25,3,292.63,3
2025-04-10 09:37:45,290.97,290.96,1,290.41,5,291.53,2,291.53,290.41,290.41,5,,,,,,,,,,,,,,,,,,,291.53,2,291.69,2,291.72,2,291.73,7,291.88,7,291.89,6,292.09,2,292.23,3,292.24,3,292.25,3
2025-04-10 09:37:46,290.97,290.96,1,290.41,5,291.53,2,291.53,290.41,290.41,5,,,,,,,,,,,,,,,,,,,291.53,2,291.69,2,291.72,2,291.73,7,291.88,7,291.89,6,292.09,2,292.23,3,292.24,3,292.25,3
2025-04-10 09:37:47,291.005,290.99,1,290.48,1,291.53,4,291.53,290.48,290.48,1,290.45,3,290.44,1,290.41,5,,,,,,,,,,,,,291.53,4,291.69,2,291.72,2,291.73,7,291.88,7,291.89,6,292.09,2,292.23,3,292.24,3,292.25,3
2025-04-10 09:37:48,291.005,290.99,1,290.48,1,291.53,4,291.53,290.48,290.48,1,290.45,3,290.44,1,290.41,5,,,,,,,,,,,,,291.53,4,291.69,2,291.72,2,291.73,7,291.88,7,291.89,6,292.09,2,292.23,3,292.24,3,292.25,3
2025-04-10 09:37:49,290.86,290.99,1,290.41,5,291.31,2,291.31,290.41,290.41,5,,,,,,,,,,,,,,,,,,,291.31,2,291.53,4,291.69,2,291.72,2,291.73,7,291.88,7,291.89,6,292.09,2,292.23,3,292.24,3
2025-04-10 09:37:50,290.965,291.06,1,290.62,1,291.31,2,291.31,290.62,290.62,1,290.61,1,290.46,1,290.41,5,,,,,,,,,,,,,291.31,2,291.53,4,291.69,2,291.72,2,291.73,7,291.88,7,291.89,6,292.09,2,292.23,3,292.24,3
2025-04-10 09:37:51,291.075,291.06,1,290.62,2,291.53,4,291.53,290.62,290.62,2,290.61,1,290.46,1,290.41,5,,,,,,,,,,,,,291.53,4,291.69,2,291.72,2,291.73,7,291.88,7,291.89,6,292.09,2,292.23,3,292.24,3,292.25,3
2025-04-10 09:37:52,291.08,291.06,1,290.63,1,291.53,4,291.53,290.63,290.63,1,290.62,2,290.61,1,290.46,1,290.41,5,,,,,,,,,,,291.53,4,291.69,2,291.72,2,291.73,7,291.88,7,291.89,6,292.09,2,292.23,3,292.24,3,292.25,3
2025-04-10 09:37:53,291.085,291.06,1,290.64,1,291.53,4,291.53,290.64,290.64,1,290.63,1,290.62,2,290.61,1,290.46,1,290.41,5,,,,,,,,,291.53,4,291.69,2,291.72,2,291.73,7,291.88,7,291.89,6,292.09,2,292.23,3,292.24,3,292.25,3
2025-04-10 09:37:54,291.09,291.06,1,290.65,1,291.53,4,291.53,290.65,290.65,1,290.64,1,290.63,1,290.62,2,290.61,1,290.46,1,290.41,5,,,,,,,291.53,4,291.69,2,291.72,2,291.73,7,291.88,7,291.89,6,292.09,2,292.23,3,292.24,3,292.25,3
2025-04-10 09:37:55,291.09,291.06,1,290.65,1,291.53,4,291.53,290.65,290.65,1,290.64,1,290.63,1,290.62,2,290.61,1,290.46,1,290.41,5,,,,,,,291.53,4,291.69,2,291.72,2,291.73,7,291.88,7,291.89,6,292.09,2,292.23,3,292.24,3,292.25,3
2025-04-10 09:37:56,291.005,291.06,1,290.62,2,291.39,5,291.39,290.62,290.62,2,290.61,1,290.46,1,290.41,5,,,,,,,,,,,,,291.39,5,291.53,4,291.69,2,291.72,2,291.73,7,291.88,7,291.89,6,292.09,2,292.23,3,292.24,3
2025-04-10 09:37:57,291.005,291.06,1,290.62,2,291.39,5,291.39,290.62,290.62,2,290.61,1,290.46,1,290.41,5,,,,,,,,,,,,,291.39,5,291.53,4,291.69,2,291.72,2,291.73,7,291.88,7,291.89,6,292.09,2,292.23,3,292.24,3
2025-04-10 09:37:58,291.005,291.06,1,290.62,2,291.39,5,291.39,290.62,290.62,2,290.61,1,290.46,1,290.41,5,,,,,,,,,,,,,291.39,5,291.53,4,291.69,2,291.72,2,291.73,7,291.88,7,291.89,6,292.09,2,292.23,3,292.24,3
2025-04-10 09:37:59,291.005,291.06,1,290.62,2,291.39,5,291.39,290.62,290.62,2,290.61,1,290.46,1,290.41,5,,,,,,,,,,,,,291.39,5,291.53,4,291.69,2,291.72,2,291.73,7,291.88,7,291.89,6,292.09,2,292.23,3,292.24,3
2025-04-10 09:38:00,291.005,291.06,1,290.62,2,291.39,5,291.39,290.62,290.62,2,290.61,1,290.46,1,290.41,5,,,,,,,,,,,,,291.39,5,291.53,4,291.69,2,291.72,2,291.73,7,291.88,7,291.89,6,292.09,2,292.23,3,292.24,3
2025-04-10 09:38:01,291.015,291.06,1,290.64,1,291.39,5,291.39,290.64,290.64,1,290.62,2,290.61,1,290.46,1,290.41,5,,,,,,,,,,,291.39,5,291.53,4,291.69,2,291.72,2,291.73,7,291.88,7,291.89,6,292.09,2,292.23,3,292.24,3
2025-04-10 09:38:02,291.015,291.06,1,290.64,1,291.39,5,291.39,290.64,290.64,1,290.62,2,290.61,1,290.46,1,290.41,5,,,,,,,,,,,291.39,5,291.53,4,291.69,2,291.72,2,291.73,7,291.88,7,291.89,6,292.09,2,292.23,3,292.24,3
2025-04-10 09:38:03,291.015,291.06,1,290.64,1,291.39,5,291.39,290.64,290.64,1,290.62,2,290.61,1,290.46,1,290.41,5,,,,,,,,,,,291.39,5,291.53,4,291.69,2,291.72,2,291.73,7,291.88,7,291.89,6,292.09,2,292.23,3,292.24,3
2025-04-10 09:38:04,290.94,291.06,1,290.57,1,291.31,3,291.31,290.57,290.57,1,290.46,1,290.41,5,,,,,,,,,,,,,,,291.31,3,291.33,1,291.35,5,291.36,4,291.39,5,291.53,4,291.69,2,291.72,2,291.73,7,291.88,7
2025-04-10 09:38:05,290.79,290.57,1,290.28,1,291.3,9,291.3,290.28,290.28,1,290.21,3,,,,,,,,,,,,,,,,,291.3,9,291.31,3,291.33,1,291.35,5,291.36,4,291.39,5,291.53,4,291.69,2,291.72,2,291.73,7
2025-04-10 09:38:06,290.815,290.57,1,290.33,1,291.3,9,291.3,290.33,290.33,1,290.28,1,290.21,3,,,,,,,,,,,,,,,291.3,9,291.31,3,291.33,1,291.35,5,291.36,4,291.39,5,291.53,4,291.69,2,291.72,2,291.73,7
