sim_time,mid_price,last_price,last_size,best_bid_price,best_bid_size,best_ask_price,best_ask_size,close_price_buy,close_price_sell,bid1_price,bid1_size,bid2_price,bid2_size,bid3_price,bid3_size,bid4_price,bid4_size,bid5_price,bid5_size,bid6_price,bid6_size,bid7_price,bid7_size,bid8_price,bid8_size,bid9_price,bid9_size,bid10_price,bid10_size,ask1_price,ask1_size,ask2_price,ask2_size,ask3_price,ask3_size,ask4_price,ask4_size,ask5_price,ask5_size,ask6_price,ask6_size,ask7_price,ask7_size,ask8_price,ask8_size,ask9_price,ask9_size,ask10_price,ask10_size
2025-04-10 09:30:11,,0.0,0,0.0,0,0.0,0,0.0,0.0,,,,,,,,,,,,,,,,,,,,,,,,,,,,,,,,,,,,,,,,
2025-04-10 09:30:12,,0.0,0,0.0,0,0.0,0,0.0,0.0,,,,,,,,,,,,,,,,,,,,,,,,,,,,,,,,,,,,,,,,
2025-04-10 09:30:14,,0.0,0,0.0,0,0.0,0,0.0,0.0,,,,,,,,,,,,,,,,,,,,,,,,,,,,,,,,,,,,,,,,
2025-04-10 09:30:15,,0.0,0,0.0,0,0.0,0,0.0,0.0,,,,,,,,,,,,,,,,,,,,,,,,,,,,,,,,,,,,,,,,
2025-04-10 09:30:16,,0.0,0,0.0,0,0.0,0,0.0,0.0,,,,,,,,,,,,,,,,,,,,,,,,,,,,,,,,,,,,,,,,
2025-04-10 09:30:17,260.28,260.08,1,259.81,4,260.75,6,260.75,259.81,259.81,4,259.8,3,259.78,1,259.6,12,259.24,4,259.23,1,259.17,1,259.05,1,259.0,2,258.96,7,260.75,6,260.76,1,260.93,1,264.0,1,,,,,,,,,,,,
2025-04-10 09:30:18,260.28,260.28,1,259.81,4,260.75,7,260.75,259.81,259.81,4,259.8,3,259.78,1,259.6,12,259.24,4,259.23,1,259.17,1,259.05,1,259.0,2,258.96,7,260.75,7,260.76,1,260.93,1,264.0,1,,,,,,,,,,,,
2025-04-10 09:30:19,260.28,260.28,1,259.81,4,260.75,6,260.75,259.81,259.81,4,259.8,3,259.78,1,259.6,12,259.24,4,259.23,1,259.17,1,259.05,1,259.0,2,258.96,7,260.75,6,260.76,1,260.93,1,264.0,1,,,,,,,,,,,,
2025-04-10 09:30:20,260.28,260.28,1,259.81,4,260.75,7,260.75,259.81,259.81,4,259.8,3,259.78,1,259.6,12,259.24,4,259.23,1,259.17,1,259.05,1,259.0,2,258.96,7,260.75,7,260.76,1,260.93,1,264.0,1,,,,,,,,,,,,
2025-04-10 09:30:21,260.28,260.28,1,259.81,4,260.75,6,260.75,259.81,259.81,4,259.8,3,259.78,1,259.6,12,259.24,4,259.23,1,259.17,1,259.05,1,259.0,2,258.96,7,260.75,6,260.76,1,260.93,1,264.0,1,,,,,,,,,,,,
2025-04-10 09:30:22,260.28,260.28,1,259.81,4,260.75,6,260.75,259.81,259.81,4,259.8,3,259.78,1,259.6,12,259.24,4,259.23,1,259.17,1,259.05,1,259.0,2,258.96,7,260.75,6,260.76,1,260.93,1,264.0,1,,,,,,,,,,,,
2025-04-10 09:30:23,260.28,260.28,1,259.81,4,260.75,7,260.75,259.81,259.81,4,259.8,3,259.78,1,259.6,12,259.24,4,259.23,1,259.17,1,259.05,1,259.0,2,258.96,7,260.75,7,260.76,1,260.93,1,264.0,1,,,,,,,,,,,,
2025-04-10 09:30:24,260.28,260.28,1,259.81,4,260.75,6,260.75,259.81,259.81,4,259.8,3,259.78,1,259.6,12,259.24,4,259.23,1,259.17,1,259.05,1,259.0,2,258.96,7,260.75,6,260.76,1,260.93,1,264.0,1,,,,,,,,,,,,
2025-04-10 09:30:25,260.28,260.28,1,259.81,4,260.75,5,260.75,259.81,259.81,4,259.8,3,259.78,1,259.6,12,259.24,4,259.23,1,259.17,1,259.05,1,259.0,2,258.96,7,260.75,5,260.76,1,260.93,1,264.0,1,,,,,,,,,,,,
2025-04-10 09:30:26,260.28,260.28,1,259.81,4,260.75,5,260.75,259.81,259.81,4,259.8,3,259.78,1,259.6,12,259.24,4,259.23,1,259.17,1,259.05,1,259.0,2,258.96,7,260.75,5,260.76,1,260.93,1,264.0,1,,,,,,,,,,,,
2025-04-10 09:30:27,260.28,260.28,1,259.81,4,260.75,5,260.75,259.81,259.81,4,259.8,3,259.78,1,259.6,12,259.24,4,259.23,1,259.17,1,259.05,1,259.0,2,258.96,7,260.75,5,260.76,1,260.93,1,264.0,1,,,,,,,,,,,,
2025-04-10 09:30:28,260.28,260.28,1,259.81,4,260.75,2,260.75,259.81,259.81,4,259.8,3,259.78,1,259.6,12,259.24,4,259.23,1,259.17,1,259.05,1,259.0,2,258.96,7,260.75,2,260.76,1,260.93,1,264.0,1,,,,,,,,,,,,
2025-04-10 09:30:29,260.275,260.28,1,259.81,4,260.74,2,260.74,259.81,259.81,4,259.8,3,259.78,1,259.6,12,259.24,4,259.23,1,259.17,1,259.05,1,259.0,2,258.96,7,260.74,2,260.75,2,260.76,1,260.93,1,264.0,1,,,,,,,,,,
2025-04-10 09:30:30,260.275,260.28,1,259.81,4,260.74,2,260.74,259.81,259.81,4,259.8,3,259.78,1,259.6,12,259.24,4,259.23,1,259.17,1,259.05,1,259.0,2,258.96,7,260.74,2,260.75,2,260.76,1,260.93,1,264.0,1,,,,,,,,,,
2025-04-10 09:30:31,260.275,260.55,1,259.81,4,260.74,2,260.74,259.81,259.81,4,259.8,3,259.78,1,259.6,12,259.24,4,259.23,1,259.17,1,259.05,1,259.0,2,258.96,7,260.74,2,260.75,2,260.76,1,260.93,1,264.0,1,,,,,,,,,,
2025-04-10 09:30:32,260.275,260.74,1,259.81,4,260.74,2,260.74,259.81,259.81,4,259.8,3,259.78,1,259.6,12,259.24,4,259.23,1,259.17,1,259.05,1,259.0,2,258.96,7,260.74,2,260.75,2,260.76,1,260.93,1,264.0,1,,,,,,,,,,
2025-04-10 09:30:33,261.24,261.24,1,260.66,2,261.82,1,261.82,260.66,260.66,2,260.0,1,259.81,4,259.8,3,259.78,1,259.6,12,259.24,4,259.23,1,259.17,1,259.05,1,261.82,1,261.92,2,264.0,1,,,,,,,,,,,,,,
2025-04-10 09:30:34,261.24,261.24,1,260.66,2,261.82,1,261.82,260.66,260.66,2,260.0,1,259.81,4,259.8,3,259.78,1,259.6,12,259.24,4,259.23,1,259.17,1,259.05,1,261.82,1,261.92,2,264.0,1,,,,,,,,,,,,,,
2025-04-10 09:30:35,261.24,260.77,1,260.66,2,261.82,1,261.82,260.66,260.66,2,260.0,1,259.81,4,259.8,3,259.78,1,259.6,12,259.24,4,259.23,1,259.17,1,259.05,1,261.82,1,261.92,2,264.0,1,,,,,,,,,,,,,,
2025-04-10 09:30:36,261.24,260.77,1,260.66,2,261.82,1,261.82,260.66,260.66,2,260.0,1,259.81,4,259.8,3,259.78,1,259.6,12,259.24,4,259.23,1,259.17,1,259.05,1,261.82,1,261.92,2,264.0,1,,,,,,,,,,,,,,
2025-04-10 09:30:37,261.24,260.77,1,260.66,4,261.82,1,261.82,260.66,260.66,4,260.0,1,259.81,4,259.8,3,259.78,1,259.6,12,259.24,4,259.23,1,259.17,1,259.05,1,261.82,1,261.92,2,264.0,1,,,,,,,,,,,,,,
2025-04-10 09:30:38,261.24,260.77,1,260.66,6,261.82,2,261.82,260.66,260.66,6,260.0,1,259.81,4,259.8,3,259.78,1,259.6,12,259.24,4,259.23,1,259.17,1,259.05,1,261.82,2,261.92,2,264.0,1,,,,,,,,,,,,,,
2025-04-10 09:30:39,261.24,260.77,1,260.66,6,261.82,1,261.82,260.66,260.66,6,260.0,1,259.81,4,259.8,3,259.78,1,259.6,12,259.24,4,259.23,1,259.17,1,259.05,1,261.82,1,261.92,2,264.0,1,,,,,,,,,,,,,,
2025-04-10 09:30:40,261.24,260.77,1,260.66,6,261.82,1,261.82,260.66,260.66,6,260.0,1,259.81,4,259.8,3,259.78,1,259.6,12,259.24,4,259.23,1,259.17,1,259.05,1,261.82,1,261.92,2,264.0,1,,,,,,,,,,,,,,
2025-04-10 09:30:41,261.24,261.02,1,260.66,6,261.82,2,261.82,260.66,260.66,6,260.0,1,259.81,4,259.8,3,259.78,1,259.6,12,259.24,4,259.23,1,259.17,1,259.05,1,261.82,2,261.92,2,264.0,1,,,,,,,,,,,,,,
2025-04-10 09:30:42,261.24,261.02,1,260.66,6,261.82,2,261.82,260.66,260.66,6,260.0,1,259.81,4,259.8,3,259.78,1,259.6,12,259.24,4,259.23,1,259.17,1,259.05,1,261.82,2,261.92,2,264.0,1,,,,,,,,,,,,,,
2025-04-10 09:30:43,261.24,261.02,1,260.66,6,261.82,2,261.82,260.66,260.66,6,260.0,1,259.81,4,259.8,3,259.78,1,259.6,12,259.24,4,259.23,1,259.17,1,259.05,1,261.82,2,261.92,2,264.0,1,,,,,,,,,,,,,,
2025-04-10 09:30:44,261.245,260.84,1,260.67,5,261.82,2,261.82,260.67,260.67,5,260.66,6,260.0,1,259.81,4,259.8,3,259.78,1,259.6,12,259.24,4,259.23,1,259.17,1,261.82,2,261.92,2,264.0,1,,,,,,,,,,,,,,
2025-04-10 09:30:45,261.235,260.77,1,260.66,6,261.81,1,261.81,260.66,260.66,6,260.0,1,259.81,4,259.8,3,259.78,1,259.6,12,259.24,4,259.23,1,259.17,1,259.05,1,261.81,1,261.82,2,261.92,2,264.0,1,,,,,,,,,,,,
2025-04-10 09:30:46,261.075,260.67,1,260.61,3,261.54,2,261.54,260.61,260.61,3,260.0,1,259.81,4,259.8,3,259.78,1,259.6,12,259.24,4,259.23,1,259.17,1,259.05,1,261.54,2,261.58,1,261.81,1,261.82,2,261.92,2,264.0,1,,,,,,,,
2025-04-10 09:30:47,261.07,260.67,1,260.61,3,261.53,1,261.53,260.61,260.61,3,260.0,1,259.81,4,259.8,3,259.78,1,259.6,12,259.24,4,259.23,1,259.17,1,259.05,1,261.53,1,261.54,1,261.58,1,261.81,1,261.82,2,261.92,2,264.0,1,,,,,,
2025-04-10 09:30:48,261.07,260.67,1,260.61,3,261.53,2,261.53,260.61,260.61,3,260.0,1,259.81,4,259.8,3,259.78,1,259.6,12,259.24,4,259.23,1,259.17,1,259.05,1,261.53,2,261.54,1,261.58,1,261.81,1,261.82,2,261.92,2,264.0,1,,,,,,
2025-04-10 09:30:49,261.07,260.67,1,260.61,3,261.53,3,261.53,260.61,260.61,3,260.0,1,259.81,4,259.8,3,259.78,1,259.6,12,259.24,4,259.23,1,259.17,1,259.05,1,261.53,3,261.54,1,261.58,1,261.81,1,261.82,2,261.92,2,264.0,1,,,,,,
2025-04-10 09:30:50,260.585,260.62,1,259.82,2,261.35,1,261.35,259.82,259.82,2,259.81,2,259.8,3,259.78,1,259.6,12,259.24,4,259.23,1,259.17,1,259.05,1,259.0,2,261.35,1,261.49,1,261.53,3,261.54,1,261.58,1,261.81,1,261.82,2,261.92,2,264.0,1,,
2025-04-10 09:30:51,260.58,260.58,1,259.81,3,261.35,1,261.35,259.81,259.81,3,259.8,3,259.78,1,259.6,12,259.24,4,259.23,1,259.17,1,259.05,1,259.0,2,258.96,7,261.35,1,261.49,1,261.53,3,261.54,1,261.58,1,261.81,1,261.82,2,261.92,2,264.0,1,,
2025-04-10 09:30:52,260.58,260.58,1,259.81,4,261.35,3,261.35,259.81,259.81,4,259.8,3,259.78,1,259.6,12,259.24,4,259.23,1,259.17,1,259.05,1,259.0,2,258.96,7,261.35,3,261.49,1,261.53,3,261.54,1,261.58,1,261.81,1,261.82,2,261.92,2,264.0,1,,
2025-04-10 09:30:53,260.58,260.58,1,259.81,4,261.35,3,261.35,259.81,259.81,4,259.8,3,259.78,1,259.6,12,259.24,4,259.23,1,259.17,1,259.05,1,259.0,2,258.96,7,261.35,3,261.49,1,261.53,3,261.54,1,261.58,1,261.81,1,261.82,2,261.92,2,264.0,1,,
2025-04-10 09:30:54,260.58,260.58,1,259.81,4,261.35,3,261.35,259.81,259.81,4,259.8,3,259.78,1,259.6,12,259.24,4,259.23,1,259.17,1,259.05,1,259.0,2,258.96,7,261.35,3,261.49,1,261.53,3,261.54,1,261.58,1,261.81,1,261.82,2,261.92,2,264.0,1,,
2025-04-10 09:30:55,260.58,260.58,1,259.81,4,261.35,3,261.35,259.81,259.81,4,259.8,3,259.78,1,259.6,12,259.24,4,259.23,1,259.17,1,259.05,1,259.0,2,258.96,7,261.35,3,261.49,1,261.53,3,261.54,1,261.58,1,261.81,1,261.82,2,261.92,2,264.0,1,,
2025-04-10 09:30:56,260.15,260.15,1,259.81,4,260.49,21,260.49,259.81,259.81,4,259.8,3,259.78,1,259.6,12,259.24,4,259.23,1,259.17,1,259.05,1,259.0,2,258.96,7,260.49,21,260.5,20,260.98,22,261.0,1,261.35,7,261.49,1,261.53,3,261.54,1,261.58,1,261.81,1
2025-04-10 09:30:57,260.27,260.27,1,259.98,1,260.56,1,260.56,259.98,259.98,1,259.76,2,259.6,12,259.24,4,259.23,1,259.17,1,259.05,1,259.0,2,258.96,7,258.91,2,260.56,1,260.98,22,261.0,1,261.35,7,261.49,1,261.53,3,261.54,1,261.58,1,261.81,1,261.82,2
2025-04-10 09:30:58,260.27,260.27,1,259.98,1,260.56,2,260.56,259.98,259.98,1,259.76,2,259.6,12,259.24,4,259.23,1,259.17,1,259.05,1,259.0,2,258.96,7,258.91,2,260.56,2,260.98,22,261.0,1,261.35,7,261.49,1,261.53,3,261.54,1,261.58,1,261.81,1,261.82,2
2025-04-10 09:30:59,260.27,260.25,1,259.98,1,260.56,2,260.56,259.98,259.98,1,259.76,2,259.6,12,259.24,4,259.23,1,259.17,1,259.05,1,259.0,2,258.96,7,258.91,2,260.56,2,260.98,22,261.0,1,261.35,7,261.49,1,261.53,3,261.54,1,261.58,1,261.81,1,261.82,2
2025-04-10 09:31:00,260.27,260.27,1,259.98,1,260.56,2,260.56,259.98,259.98,1,259.76,2,259.6,12,259.24,4,259.23,1,259.17,1,259.05,1,259.0,2,258.96,7,258.91,2,260.56,2,260.98,22,261.0,1,261.35,7,261.49,1,261.53,3,261.54,1,261.58,1,261.81,1,261.82,2
2025-04-10 09:31:01,260.27,260.27,1,259.98,1,260.56,3,260.56,259.98,259.98,1,259.76,2,259.6,12,259.24,4,259.23,1,259.17,1,259.05,1,259.0,2,258.96,7,258.91,2,260.56,3,260.98,22,261.0,1,261.35,7,261.49,1,261.53,3,261.54,1,261.58,1,261.81,1,261.82,2
2025-04-10 09:31:02,260.27,260.27,1,259.98,1,260.56,3,260.56,259.98,259.98,1,259.76,2,259.6,12,259.24,4,259.23,1,259.17,1,259.05,1,259.0,2,258.96,7,258.91,2,260.56,3,260.98,22,261.0,1,261.35,7,261.49,1,261.53,3,261.54,1,261.58,1,261.81,1,261.82,2
2025-04-10 09:31:03,260.27,260.27,1,259.98,1,260.56,3,260.56,259.98,259.98,1,259.76,2,259.6,12,259.24,4,259.23,1,259.17,1,259.05,1,259.0,2,258.96,7,258.91,2,260.56,3,260.98,22,261.0,1,261.35,7,261.49,1,261.53,3,261.54,1,261.58,1,261.81,1,261.82,2
2025-04-10 09:31:04,260.27,260.27,1,259.98,1,260.56,3,260.56,259.98,259.98,1,259.76,2,259.6,12,259.24,4,259.23,1,259.17,1,259.05,1,259.0,2,258.96,7,258.91,2,260.56,3,260.98,22,261.0,1,261.35,7,261.49,1,261.53,3,261.54,1,261.58,1,261.81,1,261.82,2
2025-04-10 09:31:05,260.27,260.27,1,259.98,1,260.56,3,260.56,259.98,259.98,1,259.76,2,259.6,12,259.24,4,259.23,1,259.17,1,259.05,1,259.0,2,258.96,7,258.91,2,260.56,3,260.98,22,261.0,1,261.35,7,261.49,1,261.53,3,261.54,1,261.58,1,261.81,1,261.82,2
2025-04-10 09:31:06,260.27,260.27,1,259.98,1,260.56,2,260.56,259.98,259.98,1,259.76,2,259.6,12,259.24,4,259.23,1,259.17,1,259.05,1,259.0,2,258.96,7,258.91,2,260.56,2,260.98,22,261.0,1,261.35,7,261.49,1,261.53,3,261.54,1,261.58,1,261.81,1,261.82,2
2025-04-10 09:31:07,260.12,259.94,1,259.68,1,260.56,3,260.56,259.68,259.68,1,259.6,12,259.24,4,259.23,1,259.17,1,259.05,1,259.0,2,258.96,7,258.91,2,258.81,2,260.56,3,260.98,22,261.0,1,261.35,7,261.49,1,261.53,3,261.54,1,261.58,1,261.81,1,261.82,2
2025-04-10 09:31:08,260.12,259.94,1,259.68,2,260.56,4,260.56,259.68,259.68,2,259.6,12,259.24,4,259.23,1,259.17,1,259.05,1,259.0,2,258.96,7,258.91,2,258.81,2,260.56,4,260.98,22,261.0,1,261.35,7,261.49,1,261.53,3,261.54,1,261.58,1,261.81,1,261.82,2
2025-04-10 09:31:09,260.115,259.94,1,259.68,2,260.55,2,260.55,259.68,259.68,2,259.6,12,259.24,4,259.23,1,259.17,1,259.05,1,259.0,2,258.96,7,258.91,2,258.81,2,260.55,2,260.56,4,260.98,22,261.0,1,261.35,7,261.49,1,261.53,3,261.54,1,261.58,1,261.81,1
2025-04-10 09:31:10,260.11,259.94,1,259.68,2,260.54,3,260.54,259.68,259.68,2,259.6,12,259.24,4,259.23,1,259.17,1,259.05,1,259.0,2,258.96,7,258.91,2,258.81,2,260.54,3,260.55,2,260.56,4,260.98,22,261.0,1,261.35,7,261.49,1,261.53,3,261.54,1,261.58,1
2025-04-10 09:31:11,260.105,259.94,1,259.68,2,260.53,1,260.53,259.68,259.68,2,259.6,12,259.24,4,259.23,1,259.17,1,259.05,1,259.0,2,258.96,7,258.91,2,258.81,2,260.53,1,260.54,3,260.55,2,260.56,4,260.98,22,261.0,1,261.35,7,261.49,1,261.53,3,261.54,1
2025-04-10 09:31:12,260.105,259.94,1,259.68,2,260.53,3,260.53,259.68,259.68,2,259.6,12,259.24,4,259.23,1,259.17,1,259.05,1,259.0,2,258.96,7,258.91,2,258.81,2,260.53,3,260.54,3,260.55,2,260.56,4,260.98,22,261.0,1,261.35,7,261.49,1,261.53,3,261.54,1
2025-04-10 09:31:13,260.07,259.68,1,259.63,3,260.51,5,260.51,259.63,259.63,3,259.6,12,259.24,4,259.23,1,259.17,1,259.05,1,259.0,2,258.96,7,258.91,2,258.81,2,260.51,5,260.52,2,260.53,2,260.54,3,260.55,2,260.56,4,260.98,22,261.0,1,261.35,7,261.49,1
2025-04-10 09:31:14,260.07,260.07,1,259.63,3,260.51,4,260.51,259.63,259.63,3,259.6,12,259.24,4,259.23,1,259.17,1,259.05,1,259.0,2,258.96,7,258.91,2,258.81,2,260.51,4,260.52,2,260.53,2,260.54,3,260.55,2,260.56,4,260.98,22,261.0,1,261.35,7,261.49,1
2025-04-10 09:31:15,260.07,260.07,1,259.63,3,260.51,4,260.51,259.63,259.63,3,259.6,12,259.24,4,259.23,1,259.17,1,259.05,1,259.0,2,258.96,7,258.91,2,258.81,2,260.51,4,260.52,2,260.53,2,260.54,3,260.55,2,260.56,4,260.98,22,261.0,1,261.35,7,261.49,1
2025-04-10 09:31:16,260.07,260.07,1,259.63,3,260.51,5,260.51,259.63,259.63,3,259.6,12,259.24,4,259.23,1,259.17,1,259.05,1,259.0,2,258.96,7,258.91,2,258.81,2,260.51,5,260.52,2,260.53,2,260.54,3,260.55,2,260.56,4,260.98,22,261.0,1,261.35,7,261.49,1
2025-04-10 09:31:17,260.07,260.07,1,259.63,3,260.51,5,260.51,259.63,259.63,3,259.6,12,259.24,4,259.23,1,259.17,1,259.05,1,259.0,2,258.96,7,258.91,2,258.81,2,260.51,5,260.52,2,260.53,2,260.54,3,260.55,2,260.56,4,260.98,22,261.0,1,261.35,7,261.49,1
2025-04-10 09:31:18,260.07,260.07,1,259.63,3,260.51,5,260.51,259.63,259.63,3,259.6,12,259.24,4,259.23,1,259.17,1,259.05,1,259.0,2,258.96,7,258.91,2,258.81,2,260.51,5,260.52,2,260.53,2,260.54,3,260.55,2,260.56,4,260.98,22,261.0,1,261.35,7,261.49,1
2025-04-10 09:31:19,259.755,259.95,1,259.42,3,260.09,3,260.09,259.42,259.42,3,259.27,3,259.24,4,259.23,1,259.17,1,259.05,1,259.0,2,258.96,7,258.91,2,258.81,2,260.09,3,260.39,1,260.45,1,260.51,5,260.52,2,260.53,2,260.54,3,260.55,2,260.56,4,260.98,22
2025-04-10 09:31:20,259.755,260.04,1,259.42,3,260.09,3,260.09,259.42,259.42,3,259.27,3,259.24,4,259.23,1,259.17,1,259.05,1,259.0,2,258.96,7,258.91,2,258.81,2,260.09,3,260.39,1,260.45,1,260.51,5,260.52,2,260.53,2,260.54,3,260.55,2,260.56,4,260.98,22
2025-04-10 09:31:21,259.585,259.63,1,259.42,2,259.75,1,259.75,259.42,259.42,2,259.27,3,259.24,4,259.23,1,259.17,1,259.05,1,259.0,2,258.96,7,258.91,2,258.81,2,259.75,1,259.87,2,260.09,3,260.39,1,260.45,1,260.51,5,260.52,2,260.53,2,260.54,3,260.55,2
2025-04-10 09:31:22,259.67,259.59,1,259.42,1,259.92,1,259.92,259.42,259.42,1,259.12,1,259.08,2,259.05,1,259.0,2,258.96,7,258.91,2,258.81,2,258.32,1,258.0,1,259.92,1,260.09,3,260.39,1,260.45,1,260.51,5,260.52,2,260.53,2,260.54,3,260.55,2,260.56,4
2025-04-10 09:31:23,259.67,259.59,1,259.42,1,259.92,1,259.92,259.42,259.42,1,259.12,1,259.08,2,259.05,1,259.0,2,258.96,7,258.91,2,258.81,2,258.32,1,258.0,1,259.92,1,260.09,3,260.39,1,260.45,1,260.51,5,260.52,2,260.53,2,260.54,3,260.55,2,260.56,4
2025-04-10 09:31:24,259.235,259.24,1,258.89,2,259.58,1,259.58,258.89,258.89,2,258.81,2,258.32,1,258.0,1,,,,,,,,,,,,,259.58,1,259.92,1,260.09,3,260.39,1,260.45,1,260.51,5,260.52,2,260.53,2,260.54,3,260.55,2
2025-04-10 09:31:25,259.115,259.42,1,258.65,2,259.58,2,259.58,258.65,258.65,2,258.32,1,258.0,1,,,,,,,,,,,,,,,259.58,2,259.92,1,260.09,3,260.39,1,260.45,1,260.51,5,260.52,2,260.53,2,260.54,3,260.55,2
2025-04-10 09:31:26,259.23,259.42,1,258.88,2,259.58,2,259.58,258.88,258.88,2,258.81,1,258.65,2,258.32,1,258.0,1,,,,,,,,,,,259.58,2,259.92,1,260.09,3,260.39,1,260.45,1,260.51,5,260.52,2,260.53,2,260.54,3,260.55,2
2025-04-10 09:31:27,259.23,259.42,1,258.88,3,259.58,2,259.58,258.88,258.88,3,258.81,1,258.65,2,258.32,1,258.0,1,,,,,,,,,,,259.58,2,259.92,1,260.09,3,260.39,1,260.45,1,260.51,5,260.52,2,260.53,2,260.54,3,260.55,2
2025-04-10 09:31:28,259.4,259.42,1,258.88,3,259.92,1,259.92,258.88,258.88,3,258.81,1,258.65,2,258.32,1,258.0,1,,,,,,,,,,,259.92,1,260.09,3,260.39,1,260.45,1,260.51,5,260.52,2,260.53,2,260.54,3,260.55,2,260.56,4
2025-04-10 09:31:29,259.4,259.42,1,258.88,3,259.92,3,259.92,258.88,258.88,3,258.81,1,258.65,2,258.32,1,258.0,1,,,,,,,,,,,259.92,3,260.09,3,260.39,1,260.45,1,260.51,5,260.52,2,260.53,2,260.54,3,260.55,2,260.56,4
2025-04-10 09:31:30,259.375,259.4,1,258.88,3,259.87,1,259.87,258.88,258.88,3,258.81,1,258.65,2,258.32,1,258.0,1,,,,,,,,,,,259.87,1,259.92,3,260.09,3,260.39,1,260.45,1,260.51,5,260.52,2,260.53,2,260.54,3,260.55,2
2025-04-10 09:31:31,259.255,259.4,1,258.88,5,259.63,2,259.63,258.88,258.88,5,258.81,1,258.65,2,258.32,1,258.0,1,,,,,,,,,,,259.63,2,259.87,1,259.92,3,260.09,3,260.39,1,260.45,1,260.51,5,260.52,2,260.53,2,260.54,3
2025-04-10 09:31:32,259.255,259.63,1,258.88,5,259.63,1,259.63,258.88,258.88,5,258.81,1,258.65,2,258.32,1,258.0,1,,,,,,,,,,,259.63,1,259.87,1,259.92,3,260.09,3,260.39,1,260.45,1,260.51,5,260.52,2,260.53,2,260.54,3
2025-04-10 09:31:33,259.255,259.63,1,258.88,7,259.63,1,259.63,258.88,258.88,7,258.81,1,258.65,2,258.32,1,258.0,1,,,,,,,,,,,259.63,1,259.87,1,259.92,3,260.09,3,260.39,1,260.45,1,260.51,5,260.52,2,260.53,2,260.54,3
2025-04-10 09:31:34,259.455,259.67,1,258.99,5,259.92,2,259.92,258.99,258.99,5,258.93,1,258.88,7,258.81,1,258.65,2,258.32,1,258.0,1,,,,,,,259.92,2,260.09,3,260.39,1,260.45,1,260.51,5,260.52,2,260.53,2,260.54,3,260.55,2,260.56,4
2025-04-10 09:31:35,259.455,259.45,1,258.99,5,259.92,2,259.92,258.99,258.99,5,258.93,1,258.88,7,258.81,1,258.65,2,258.32,1,258.0,1,,,,,,,259.92,2,260.09,3,260.39,1,260.45,1,260.51,5,260.52,2,260.53,2,260.54,3,260.55,2,260.56,4
2025-04-10 09:31:36,259.455,259.45,1,258.99,5,259.92,2,259.92,258.99,258.99,5,258.93,1,258.88,7,258.81,1,258.65,2,258.32,1,258.0,1,,,,,,,259.92,2,260.09,3,260.39,1,260.45,1,260.51,5,260.52,2,260.53,2,260.54,3,260.55,2,260.56,4
2025-04-10 09:31:37,259.455,259.45,1,258.99,5,259.92,2,259.92,258.99,258.99,5,258.93,1,258.88,7,258.81,1,258.65,2,258.32,1,258.0,1,,,,,,,259.92,2,260.09,3,260.39,1,260.45,1,260.51,5,260.52,2,260.53,2,260.54,3,260.55,2,260.56,4
2025-04-10 09:31:38,259.455,259.45,1,258.99,5,259.92,2,259.92,258.99,258.99,5,258.93,1,258.88,7,258.81,1,258.65,2,258.32,1,258.0,1,,,,,,,259.92,2,260.09,3,260.39,1,260.45,1,260.51,5,260.52,2,260.53,2,260.54,3,260.55,2,260.56,4
2025-04-10 09:31:39,259.455,259.45,1,258.99,5,259.92,2,259.92,258.99,258.99,5,258.93,1,258.88,7,258.81,1,258.65,2,258.32,1,258.0,1,,,,,,,259.92,2,260.09,3,260.39,1,260.45,1,260.51,5,260.52,2,260.53,2,260.54,3,260.55,2,260.56,4
2025-04-10 09:31:40,259.455,259.69,1,258.99,5,259.92,2,259.92,258.99,258.99,5,258.93,1,258.88,7,258.81,1,258.65,2,258.32,1,258.0,1,,,,,,,259.92,2,260.09,3,260.39,1,260.45,1,260.51,5,260.52,2,260.53,2,260.54,3,260.55,2,260.56,4
2025-04-10 09:31:41,259.455,259.69,1,258.99,5,259.92,2,259.92,258.99,258.99,5,258.93,1,258.88,7,258.81,1,258.65,2,258.32,1,258.0,1,,,,,,,259.92,2,260.09,3,260.39,1,260.45,1,260.51,5,260.52,2,260.53,2,260.54,3,260.55,2,260.56,4
2025-04-10 09:31:42,259.455,259.69,1,258.99,5,259.92,2,259.92,258.99,258.99,5,258.93,1,258.88,7,258.81,1,258.65,2,258.32,1,258.0,1,,,,,,,259.92,2,260.09,3,260.39,1,260.45,1,260.51,5,260.52,2,260.53,2,260.54,3,260.55,2,260.56,4
2025-04-10 09:31:43,259.465,259.69,1,259.01,3,259.92,2,259.92,259.01,259.01,3,258.99,5,258.93,1,258.88,7,258.81,1,258.65,2,258.32,1,258.0,1,,,,,259.92,2,260.09,3,260.39,1,260.45,1,260.51,5,260.52,2,260.53,2,260.54,3,260.55,2,260.56,4
2025-04-10 09:31:44,259.465,259.69,1,259.01,3,259.92,2,259.92,259.01,259.01,3,258.99,5,258.93,1,258.88,7,258.81,1,258.65,2,258.32,1,258.0,1,,,,,259.92,2,260.09,3,260.39,1,260.45,1,260.51,5,260.52,2,260.53,2,260.54,3,260.55,2,260.56,4
2025-04-10 09:31:45,259.465,259.69,1,259.01,3,259.92,2,259.92,259.01,259.01,3,258.99,5,258.93,1,258.88,7,258.81,1,258.65,2,258.32,1,258.0,1,,,,,259.92,2,260.09,3,260.39,1,260.45,1,260.51,5,260.52,2,260.53,2,260.54,3,260.55,2,260.56,4
2025-04-10 09:31:46,259.465,259.55,1,259.01,3,259.92,2,259.92,259.01,259.01,3,258.99,5,258.93,1,258.88,7,258.81,1,258.65,2,258.32,1,258.0,1,,,,,259.92,2,260.09,3,260.39,1,260.45,1,260.51,5,260.52,2,260.53,2,260.54,3,260.55,2,260.56,4
2025-04-10 09:31:47,259.51,259.51,1,259.1,1,259.92,2,259.92,259.1,259.1,1,259.01,3,258.99,5,258.93,1,258.88,7,258.81,1,258.65,2,258.32,1,258.0,1,,,259.92,2,260.09,3,260.39,1,260.45,1,260.51,5,260.52,2,260.53,2,260.54,3,260.55,2,260.56,4
2025-04-10 09:31:48,259.51,259.49,1,259.1,1,259.92,2,259.92,259.1,259.1,1,259.01,3,258.99,5,258.93,1,258.88,7,258.81,1,258.65,2,258.32,1,258.0,1,,,259.92,2,260.09,3,260.39,1,260.45,1,260.51,5,260.52,2,260.53,2,260.54,3,260.55,2,260.56,4
2025-04-10 09:31:49,259.51,259.56,1,259.1,1,259.92,2,259.92,259.1,259.1,1,259.01,3,258.99,5,258.93,1,258.88,7,258.81,1,258.65,2,258.32,1,258.0,1,,,259.92,2,260.09,3,260.39,1,260.45,1,260.51,5,260.52,2,260.53,2,260.54,3,260.55,2,260.56,4
2025-04-10 09:31:50,259.44,259.56,1,258.96,1,259.92,2,259.92,258.96,258.96,1,258.93,1,258.88,7,258.81,1,258.65,2,258.32,1,258.0,1,,,,,,,259.92,2,260.09,3,260.39,1,260.45,1,260.51,5,260.52,2,260.53,2,260.54,3,260.55,2,260.56,4
2025-04-10 09:31:51,259.43,259.56,1,258.99,1,259.87,1,259.87,258.99,258.99,1,258.96,1,258.93,1,258.88,7,258.81,1,258.65,2,258.32,1,258.0,1,,,,,259.87,1,259.89,1,259.92,2,260.09,3,260.39,1,260.45,1,260.51,5,260.52,2,260.53,2,260.54,3
2025-04-10 09:31:52,259.435,259.4,1,259.0,1,259.87,1,259.87,259.0,259.0,1,258.99,1,258.96,1,258.93,1,258.88,7,258.81,1,258.65,2,258.32,1,258.0,1,,,259.87,1,259.89,1,259.92,2,260.09,3,260.39,1,260.45,1,260.51,5,260.52,2,260.53,2,260.54,3
2025-04-10 09:31:53,259.38,258.96,1,258.96,1,259.8,6,259.8,258.96,258.96,1,258.93,1,258.88,7,258.81,1,258.65,2,258.32,1,258.0,1,,,,,,,259.8,6,259.81,1,259.83,4,259.84,4,259.86,5,259.87,1,259.89,1,259.92,2,260.09,3,260.39,1
2025-04-10 09:31:54,259.38,258.96,1,258.96,1,259.8,6,259.8,258.96,258.96,1,258.93,1,258.88,7,258.81,1,258.65,2,258.32,1,258.0,1,,,,,,,259.8,6,259.81,1,259.83,4,259.84,4,259.86,5,259.87,1,259.89,1,259.92,2,260.09,3,260.39,1
2025-04-10 09:31:55,259.075,259.0,1,258.41,1,259.74,2,259.74,258.41,258.41,1,258.16,2,258.0,1,,,,,,,,,,,,,,,259.74,2,259.77,3,259.8,6,259.81,1,259.83,4,259.84,4,259.86,5,259.87,1,259.89,1,259.92,2
2025-04-10 09:31:56,259.075,259.01,1,258.41,1,259.74,2,259.74,258.41,258.41,1,258.16,2,258.0,1,,,,,,,,,,,,,,,259.74,2,259.77,3,259.8,6,259.81,1,259.83,4,259.84,4,259.86,5,259.87,1,259.89,1,259.92,2
2025-04-10 09:31:57,259.075,259.01,1,258.41,1,259.74,2,259.74,258.41,258.41,1,258.16,2,258.0,1,,,,,,,,,,,,,,,259.74,2,259.77,3,259.8,6,259.81,1,259.83,4,259.84,4,259.86,5,259.87,1,259.89,1,259.92,2
2025-04-10 09:31:58,259.05,259.01,1,258.4,1,259.7,3,259.7,258.4,258.4,1,258.16,2,258.0,1,,,,,,,,,,,,,,,259.7,3,259.74,2,259.77,3,259.8,6,259.81,1,259.83,4,259.84,4,259.86,5,259.87,1,259.89,1
2025-04-10 09:31:59,259.05,259.01,1,258.4,1,259.7,3,259.7,258.4,258.4,1,258.16,2,258.0,1,,,,,,,,,,,,,,,259.7,3,259.74,2,259.77,3,259.8,6,259.81,1,259.83,4,259.84,4,259.86,5,259.87,1,259.89,1
2025-04-10 09:32:00,259.05,259.01,1,258.4,1,259.7,3,259.7,258.4,258.4,1,258.16,2,258.0,1,,,,,,,,,,,,,,,259.7,3,259.74,2,259.77,3,259.8,6,259.81,1,259.83,4,259.84,4,259.86,5,259.87,1,259.89,1
2025-04-10 09:32:01,259.025,259.01,1,258.4,1,259.65,2,259.65,258.4,258.4,1,258.16,2,258.0,1,,,,,,,,,,,,,,,259.65,2,259.7,3,259.74,2,259.77,3,259.8,6,259.81,1,259.83,4,259.84,4,259.86,5,259.87,1
2025-04-10 09:32:02,259.005,259.01,1,258.4,1,259.61,2,259.61,258.4,258.4,1,258.16,2,258.0,1,,,,,,,,,,,,,,,259.61,2,259.65,2,259.7,3,259.74,2,259.77,3,259.8,6,259.81,1,259.83,4,259.84,4,259.86,5
2025-04-10 09:32:03,259.005,258.78,1,258.4,1,259.61,2,259.61,258.4,258.4,1,258.16,2,258.0,1,,,,,,,,,,,,,,,259.61,2,259.65,2,259.7,3,259.74,2,259.77,3,259.8,6,259.81,1,259.83,4,259.84,4,259.86,5
2025-04-10 09:32:04,258.835,258.41,5,258.16,4,259.51,2,259.51,258.16,258.16,4,258.0,1,,,,,,,,,,,,,,,,,259.51,2,259.57,1,259.61,2,259.65,2,259.7,3,259.74,2,259.77,3,259.8,6,259.81,1,259.83,4
2025-04-10 09:32:05,258.835,258.83,1,258.16,4,259.51,7,259.51,258.16,258.16,4,258.0,1,,,,,,,,,,,,,,,,,259.51,7,259.57,1,259.61,2,259.65,2,259.7,3,259.74,2,259.77,3,259.8,6,259.81,1,259.83,4
2025-04-10 09:32:06,258.835,258.83,1,258.16,4,259.51,7,259.51,258.16,258.16,4,258.0,1,,,,,,,,,,,,,,,,,259.51,7,259.57,1,259.61,2,259.65,2,259.7,3,259.74,2,259.77,3,259.8,6,259.81,1,259.83,4
2025-04-10 09:32:07,258.82,258.83,1,258.16,4,259.48,1,259.48,258.16,258.16,4,258.0,1,,,,,,,,,,,,,,,,,259.48,1,259.51,8,259.57,1,259.61,2,259.65,2,259.7,3,259.74,2,259.77,3,259.8,6,259.81,1
2025-04-10 09:32:08,258.82,258.83,1,258.16,4,259.48,1,259.48,258.16,258.16,4,258.0,1,,,,,,,,,,,,,,,,,259.48,1,259.51,8,259.57,1,259.61,2,259.65,2,259.7,3,259.74,2,259.77,3,259.8,6,259.81,1
2025-04-10 09:32:09,258.82,258.83,1,258.16,4,259.48,2,259.48,258.16,258.16,4,258.0,1,,,,,,,,,,,,,,,,,259.48,2,259.51,8,259.57,1,259.61,2,259.65,2,259.7,3,259.74,2,259.77,3,259.8,6,259.81,1
2025-04-10 09:32:10,258.82,258.83,1,258.16,4,259.48,2,259.48,258.16,258.16,4,258.0,1,,,,,,,,,,,,,,,,,259.48,2,259.51,8,259.57,1,259.61,2,259.65,2,259.7,3,259.74,2,259.77,3,259.8,6,259.81,1
2025-04-10 09:32:11,258.82,258.83,1,258.16,4,259.48,3,259.48,258.16,258.16,4,258.0,1,,,,,,,,,,,,,,,,,259.48,3,259.51,8,259.57,1,259.61,2,259.65,2,259.7,3,259.74,2,259.77,3,259.8,6,259.81,1
2025-04-10 09:32:12,258.805,258.83,1,258.16,4,259.45,2,259.45,258.16,258.16,4,258.0,1,,,,,,,,,,,,,,,,,259.45,2,259.48,3,259.51,8,259.57,1,259.61,2,259.65,2,259.7,3,259.74,2,259.77,3,259.8,6
2025-04-10 09:32:13,258.805,258.83,1,258.16,4,259.45,2,259.45,258.16,258.16,4,258.0,1,,,,,,,,,,,,,,,,,259.45,2,259.48,3,259.51,8,259.57,1,259.61,2,259.65,2,259.7,3,259.74,2,259.77,3,259.8,6
2025-04-10 09:32:14,258.785,258.34,1,258.16,4,259.41,2,259.41,258.16,258.16,4,258.0,1,,,,,,,,,,,,,,,,,259.41,2,259.45,6,259.48,3,259.51,8,259.57,1,259.61,2,259.65,2,259.7,3,259.74,2,259.77,3
2025-04-10 09:32:15,258.675,258.16,1,258.16,4,259.19,3,259.19,258.16,258.16,4,258.0,1,,,,,,,,,,,,,,,,,259.19,3,259.41,2,259.45,6,259.48,3,259.51,8,259.57,1,259.61,2,259.65,2,259.7,3,259.74,2
2025-04-10 09:32:16,258.675,258.16,1,258.16,4,259.19,3,259.19,258.16,258.16,4,258.0,1,,,,,,,,,,,,,,,,,259.19,3,259.41,2,259.45,6,259.48,3,259.51,8,259.57,1,259.61,2,259.65,2,259.7,3,259.74,2
2025-04-10 09:32:17,258.675,258.16,1,258.16,4,259.19,3,259.19,258.16,258.16,4,258.0,1,,,,,,,,,,,,,,,,,259.19,3,259.41,2,259.45,6,259.48,3,259.51,8,259.57,1,259.61,2,259.65,2,259.7,3,259.74,2
2025-04-10 09:32:18,258.675,258.16,1,258.16,4,259.19,5,259.19,258.16,258.16,4,258.0,1,,,,,,,,,,,,,,,,,259.19,5,259.41,2,259.45,6,259.48,3,259.51,8,259.57,1,259.61,2,259.65,2,259.7,3,259.74,2
2025-04-10 09:32:19,258.675,258.16,1,258.16,4,259.19,5,259.19,258.16,258.16,4,258.0,1,,,,,,,,,,,,,,,,,259.19,5,259.41,2,259.45,6,259.48,3,259.51,8,259.57,1,259.61,2,259.65,2,259.7,3,259.74,2
2025-04-10 09:32:20,258.675,258.68,1,258.16,4,259.19,7,259.19,258.16,258.16,4,258.0,1,,,,,,,,,,,,,,,,,259.19,7,259.41,2,259.45,6,259.48,3,259.51,8,259.57,1,259.61,2,259.65,2,259.7,3,259.74,2
2025-04-10 09:32:21,258.65,258.54,1,258.11,2,259.19,5,259.19,258.11,258.11,2,258.0,1,,,,,,,,,,,,,,,,,259.19,5,259.41,2,259.45,6,259.48,3,259.51,8,259.57,1,259.61,2,259.65,2,259.7,3,259.74,2
2025-04-10 09:32:22,258.57,258.54,1,258.11,3,259.03,1,259.03,258.11,258.11,3,258.0,1,,,,,,,,,,,,,,,,,259.03,1,259.11,1,259.15,1,259.19,5,259.41,2,259.45,6,259.48,3,259.51,8,259.57,1,259.61,2
2025-04-10 09:32:23,258.565,258.32,1,258.11,3,259.02,1,259.02,258.11,258.11,3,258.0,1,,,,,,,,,,,,,,,,,259.02,1,259.03,1,259.11,1,259.15,1,259.19,5,259.41,2,259.45,6,259.48,3,259.51,8,259.57,1
2025-04-10 09:32:24,258.515,258.39,1,258.11,3,258.92,1,258.92,258.11,258.11,3,258.0,1,,,,,,,,,,,,,,,,,258.92,1,259.19,6,259.41,2,259.45,6,259.48,3,259.51,8,259.57,1,259.61,2,259.65,2,259.7,3
2025-04-10 09:32:25,258.51,258.51,1,258.11,4,258.91,2,258.91,258.11,258.11,4,258.0,1,,,,,,,,,,,,,,,,,258.91,2,259.19,6,259.41,2,259.45,6,259.48,3,259.51,8,259.57,1,259.61,2,259.65,2,259.7,3
2025-04-10 09:32:26,258.51,258.51,1,258.11,4,258.91,3,258.91,258.11,258.11,4,258.0,1,,,,,,,,,,,,,,,,,258.91,3,259.19,6,259.41,2,259.45,6,259.48,3,259.51,8,259.57,1,259.61,2,259.65,2,259.7,3
2025-04-10 09:32:27,258.465,258.51,1,258.11,3,258.82,1,258.82,258.11,258.11,3,258.0,1,,,,,,,,,,,,,,,,,258.82,1,258.91,3,259.19,6,259.41,2,259.45,6,259.48,3,259.51,8,259.57,1,259.61,2,259.65,2
2025-04-10 09:32:28,258.405,258.4,1,258.11,3,258.7,2,258.7,258.11,258.11,3,258.0,1,,,,,,,,,,,,,,,,,258.7,2,258.82,1,258.91,3,259.19,6,259.41,2,259.45,6,259.48,3,259.51,8,259.57,1,259.61,2
2025-04-10 09:32:29,258.385,258.4,1,258.11,3,258.66,1,258.66,258.11,258.11,3,258.0,1,,,,,,,,,,,,,,,,,258.66,1,258.7,1,258.82,1,258.91,3,259.19,6,259.41,2,259.45,6,259.48,3,259.51,8,259.57,1
2025-04-10 09:32:30,258.385,258.23,1,258.11,3,258.66,1,258.66,258.11,258.11,3,258.0,1,,,,,,,,,,,,,,,,,258.66,1,258.7,1,258.82,1,258.91,3,259.19,6,259.41,2,259.45,6,259.48,3,259.51,8,259.57,1
2025-04-10 09:32:31,258.395,258.11,1,258.14,1,258.65,1,258.65,258.14,258.14,1,258.11,3,258.0,1,,,,,,,,,,,,,,,258.65,1,258.66,1,258.7,1,258.82,1,258.91,3,259.19,6,259.41,2,259.45,6,259.48,3,259.51,8
2025-04-10 09:32:32,258.43,258.26,1,258.21,1,258.65,1,258.65,258.21,258.21,1,258.06,1,258.0,1,,,,,,,,,,,,,,,258.65,1,258.66,1,258.7,1,258.82,1,258.91,3,259.19,6,259.41,2,259.45,6,259.48,3,259.51,8
2025-04-10 09:32:33,258.435,258.66,3,258.21,1,258.66,1,258.66,258.21,258.21,1,258.06,1,258.0,1,,,,,,,,,,,,,,,258.66,1,258.7,1,258.82,1,258.91,3,259.19,6,259.41,2,259.45,6,259.48,3,259.51,8,259.57,1
2025-04-10 09:32:34,258.735,258.66,1,258.56,1,258.91,4,258.91,258.56,258.56,1,258.54,2,258.16,1,258.06,1,258.0,1,,,,,,,,,,,258.91,4,259.19,6,259.41,2,259.45,6,259.48,3,259.51,8,259.57,1,259.61,2,259.65,2,259.7,3
2025-04-10 09:32:35,258.725,258.73,1,258.54,1,258.91,4,258.91,258.54,258.54,1,258.34,1,258.16,1,258.06,1,258.0,1,,,,,,,,,,,258.91,4,259.19,6,259.41,2,259.45,6,259.48,3,259.51,8,259.57,1,259.61,2,259.65,2,259.7,3
2025-04-10 09:32:36,258.735,258.73,1,258.56,1,258.91,4,258.91,258.56,258.56,1,258.54,3,258.16,1,258.06,1,258.0,1,,,,,,,,,,,258.91,4,259.19,6,259.41,2,259.45,6,259.48,3,259.51,8,259.57,1,259.61,2,259.65,2,259.7,3
2025-04-10 09:32:37,258.795,258.95,1,258.59,3,259.0,1,259.0,258.59,258.59,3,258.35,1,258.16,1,258.06,1,258.0,1,,,,,,,,,,,259.0,1,259.19,6,259.41,2,259.45,6,259.48,3,259.51,8,259.57,1,259.61,2,259.65,2,259.7,3
2025-04-10 09:32:38,259.07,259.07,1,258.95,4,259.19,3,259.19,258.95,258.95,4,258.93,4,258.54,1,258.35,1,258.16,1,258.06,1,258.0,1,,,,,,,259.19,3,259.41,2,259.45,6,259.48,3,259.51,8,259.57,1,259.61,2,259.65,2,259.7,3,259.74,2
2025-04-10 09:32:39,259.07,259.07,1,258.95,4,259.19,3,259.19,258.95,258.95,4,258.93,4,258.54,1,258.35,1,258.16,1,258.06,1,258.0,1,,,,,,,259.19,3,259.41,2,259.45,6,259.48,3,259.51,8,259.57,1,259.61,2,259.65,2,259.7,3,259.74,2
2025-04-10 09:32:40,259.23,259.16,1,258.87,1,259.59,1,259.59,258.87,258.87,1,258.54,1,258.35,1,258.16,1,258.06,1,258.0,1,,,,,,,,,259.59,1,259.75,2,259.77,3,259.8,6,259.81,1,259.83,4,259.84,4,259.86,5,259.87,1,259.89,1
2025-04-10 09:32:41,259.27,259.4,1,258.91,1,259.63,1,259.63,258.91,258.91,1,258.88,1,258.87,1,258.54,1,258.35,1,258.16,1,258.06,1,258.0,1,,,,,259.63,1,259.73,1,259.75,2,259.77,3,259.8,6,259.81,1,259.83,4,259.84,4,259.86,5,259.87,1
2025-04-10 09:32:42,259.335,259.4,1,258.93,1,259.74,1,259.74,258.93,258.93,1,258.92,1,258.91,1,258.88,1,258.87,1,258.54,1,258.35,1,258.16,1,258.06,1,258.0,1,259.74,1,259.75,2,259.77,3,259.8,6,259.81,1,259.83,4,259.84,4,259.86,5,259.87,1,259.89,1
2025-04-10 09:32:43,259.335,259.31,1,258.93,1,259.74,1,259.74,258.93,258.93,1,258.92,1,258.91,1,258.88,1,258.87,1,258.54,1,258.35,1,258.16,1,258.06,1,258.0,1,259.74,1,259.75,2,259.77,3,259.8,6,259.81,1,259.83,4,259.84,4,259.86,5,259.87,1,259.89,1
2025-04-10 09:32:44,259.335,259.31,1,258.93,1,259.74,1,259.74,258.93,258.93,1,258.92,1,258.91,1,258.88,1,258.87,1,258.54,1,258.35,1,258.16,1,258.06,1,258.0,1,259.74,1,259.75,2,259.77,3,259.8,6,259.81,1,259.83,4,259.84,4,259.86,5,259.87,1,259.89,1
2025-04-10 09:32:45,259.34,259.48,1,258.93,2,259.75,2,259.75,258.93,258.93,2,258.92,1,258.91,1,258.88,1,258.87,1,258.54,1,258.35,1,258.16,1,258.06,1,258.0,1,259.75,2,259.77,3,259.8,6,259.81,1,259.83,4,259.84,4,259.86,5,259.87,1,259.89,1,259.92,2
2025-04-10 09:32:46,259.34,259.48,1,258.93,2,259.75,2,259.75,258.93,258.93,2,258.92,1,258.91,1,258.88,1,258.87,1,258.54,1,258.35,1,258.16,1,258.06,1,258.0,1,259.75,2,259.77,3,259.8,6,259.81,1,259.83,4,259.84,4,259.86,5,259.87,1,259.89,1,259.92,2
2025-04-10 09:32:47,259.34,258.95,1,258.93,2,259.75,2,259.75,258.93,258.93,2,258.92,1,258.91,1,258.88,1,258.87,1,258.54,1,258.35,1,258.16,1,258.06,1,258.0,1,259.75,2,259.77,3,259.8,6,259.81,1,259.83,4,259.84,4,259.86,5,259.87,1,259.89,1,259.92,2
2025-04-10 09:32:48,259.34,258.95,1,258.93,2,259.75,2,259.75,258.93,258.93,2,258.92,1,258.91,1,258.88,1,258.87,1,258.54,1,258.35,1,258.16,1,258.06,1,258.0,1,259.75,2,259.77,3,259.8,6,259.81,1,259.83,4,259.84,4,259.86,5,259.87,1,259.89,1,259.92,2
2025-04-10 09:32:49,259.34,259.34,1,258.93,2,259.75,2,259.75,258.93,258.93,2,258.92,1,258.91,1,258.88,1,258.87,1,258.54,1,258.35,1,258.16,1,258.06,1,258.0,1,259.75,2,259.77,3,259.8,6,259.81,1,259.83,4,259.84,4,259.86,5,259.87,1,259.89,1,259.92,2
2025-04-10 09:32:50,259.575,259.34,1,259.17,1,259.98,4,259.98,259.17,259.17,1,259.03,1,258.93,2,258.92,1,258.91,1,258.88,1,258.87,1,258.54,1,258.35,1,258.16,1,259.98,4,260.09,3,260.39,1,260.45,1,260.51,5,260.52,2,260.53,2,260.54,3,260.55,2,260.56,4
2025-04-10 09:32:51,259.55,259.6,1,259.12,2,259.98,4,259.98,259.12,259.12,2,259.03,1,258.93,2,258.92,1,258.91,1,258.88,1,258.87,1,258.54,1,258.35,1,258.16,1,259.98,4,260.09,3,260.39,1,260.45,1,260.51,5,260.52,2,260.53,2,260.54,3,260.55,2,260.56,4
2025-04-10 09:32:52,259.59,259.75,2,259.2,1,259.98,4,259.98,259.2,259.2,1,259.19,1,259.18,1,259.12,2,259.03,1,258.93,2,258.92,1,258.91,1,258.88,1,258.87,1,259.98,4,260.09,3,260.39,1,260.45,1,260.51,5,260.52,2,260.53,2,260.54,3,260.55,2,260.56,4
2025-04-10 09:32:53,259.64,259.64,1,259.27,1,260.01,1,260.01,259.27,259.27,1,259.12,2,259.03,1,258.93,2,258.92,1,258.91,1,258.88,1,258.87,1,258.54,1,258.35,1,260.01,1,260.2,2,260.39,1,260.45,1,260.51,5,260.52,2,260.53,2,260.54,3,260.55,2,260.56,4
2025-04-10 09:32:54,259.805,259.8,1,259.43,1,260.18,1,260.18,259.43,259.43,1,259.39,2,259.12,2,259.03,1,258.93,2,258.92,1,258.91,1,258.88,1,258.87,1,258.54,1,260.18,1,260.2,5,260.39,1,260.45,1,260.51,5,260.52,2,260.53,2,260.54,3,260.55,2,260.56,4
2025-04-10 09:32:55,259.83,259.83,1,259.48,1,260.18,1,260.18,259.48,259.48,1,259.44,1,259.43,1,259.39,2,259.12,2,259.03,1,258.93,2,258.92,1,258.91,1,258.88,1,260.18,1,260.2,5,260.39,1,260.45,1,260.51,5,260.52,2,260.53,2,260.54,3,260.55,2,260.56,4
2025-04-10 09:32:56,259.815,259.83,1,259.43,2,260.2,4,260.2,259.43,259.43,2,259.39,2,259.12,2,259.03,1,258.93,2,258.92,1,258.91,1,258.88,1,258.87,1,258.54,1,260.2,4,260.39,1,260.45,1,260.51,5,260.52,2,260.53,2,260.54,3,260.55,2,260.56,4,260.98,22
2025-04-10 09:32:57,259.815,260.0,1,259.43,3,260.2,5,260.2,259.43,259.43,3,259.39,2,259.12,2,259.03,1,258.93,2,258.92,1,258.91,1,258.88,1,258.87,1,258.54,1,260.2,5,260.39,1,260.45,1,260.51,5,260.52,2,260.53,2,260.54,3,260.55,2,260.56,4,260.98,22
2025-04-10 09:32:58,259.81,260.0,1,259.43,2,260.19,1,260.19,259.43,259.43,2,259.39,2,259.12,2,259.03,1,258.93,2,258.92,1,258.91,1,258.88,1,258.87,1,258.54,1,260.19,1,260.2,4,260.39,1,260.45,1,260.51,5,260.52,2,260.53,2,260.54,3,260.55,2,260.56,4
2025-04-10 09:32:59,259.81,260.06,2,259.43,2,260.19,2,260.19,259.43,259.43,2,259.39,2,259.12,2,259.03,1,258.93,2,258.92,1,258.91,1,258.88,1,258.87,1,258.54,1,260.19,2,260.2,4,260.39,1,260.45,1,260.51,5,260.52,2,260.53,2,260.54,3,260.55,2,260.56,4
2025-04-10 09:33:00,259.81,260.0,1,259.43,2,260.19,2,260.19,259.43,259.43,2,259.39,2,259.12,2,259.03,1,258.93,2,258.92,1,258.91,1,258.88,1,258.87,1,258.54,1,260.19,2,260.2,4,260.39,1,260.45,1,260.51,5,260.52,2,260.53,2,260.54,3,260.55,2,260.56,4
2025-04-10 09:33:01,259.81,259.89,1,259.43,2,260.19,2,260.19,259.43,259.43,2,259.39,2,259.12,2,259.03,1,258.93,2,258.92,1,258.91,1,258.88,1,258.87,1,258.54,1,260.19,2,260.2,4,260.39,1,260.45,1,260.51,5,260.52,2,260.53,2,260.54,3,260.55,2,260.56,4
2025-04-10 09:33:02,259.81,259.89,1,259.43,2,260.19,2,260.19,259.43,259.43,2,259.39,2,259.12,2,259.03,1,258.93,2,258.92,1,258.91,1,258.88,1,258.87,1,258.54,1,260.19,2,260.2,4,260.39,1,260.45,1,260.51,5,260.52,2,260.53,2,260.54,3,260.55,2,260.56,4
2025-04-10 09:33:03,259.81,259.89,1,259.43,2,260.19,3,260.19,259.43,259.43,2,259.39,2,259.12,2,259.03,1,258.93,2,258.92,1,258.91,1,258.88,1,258.87,1,258.54,1,260.19,3,260.2,4,260.39,1,260.45,1,260.51,5,260.52,2,260.53,2,260.54,3,260.55,2,260.56,4
2025-04-10 09:33:04,259.775,259.77,1,259.38,2,260.17,9,260.17,259.38,259.38,2,259.12,2,259.03,1,258.93,2,258.92,1,258.91,1,258.88,1,258.87,1,258.54,1,258.35,1,260.17,9,260.19,3,260.2,4,260.39,1,260.45,1,260.51,5,260.52,2,260.53,2,260.54,3,260.55,2
2025-04-10 09:33:05,259.085,259.38,1,258.53,3,259.64,2,259.64,258.53,258.53,3,258.35,1,258.16,1,258.06,1,258.0,1,,,,,,,,,,,259.64,2,259.65,3,259.82,1,260.14,1,260.15,4,260.16,5,260.17,11,260.19,3,260.2,4,260.39,1
2025-04-10 09:33:06,259.235,259.38,1,258.83,2,259.64,2,259.64,258.83,258.83,2,258.53,3,258.35,1,258.16,1,258.06,1,258.0,1,,,,,,,,,259.64,2,259.65,3,259.82,1,260.14,1,260.15,4,260.16,5,260.17,11,260.19,3,260.2,4,260.39,1
2025-04-10 09:33:07,259.09,259.38,1,258.54,2,259.64,2,259.64,258.54,258.54,2,258.53,3,258.35,1,258.16,1,258.06,1,258.0,1,,,,,,,,,259.64,2,259.65,3,259.82,1,260.14,1,260.15,4,260.16,5,260.17,11,260.19,3,260.2,4,260.39,1
2025-04-10 09:33:08,259.09,259.09,1,258.54,2,259.64,2,259.64,258.54,258.54,2,258.53,3,258.35,1,258.16,1,258.06,1,258.0,1,,,,,,,,,259.64,2,259.65,3,259.82,1,260.14,1,260.15,4,260.16,5,260.17,11,260.19,3,260.2,4,260.39,1
2025-04-10 09:33:09,259.085,259.09,1,258.53,3,259.64,3,259.64,258.53,258.53,3,258.35,1,258.16,1,258.06,1,258.0,1,,,,,,,,,,,259.64,3,259.65,3,259.82,1,260.14,1,260.15,4,260.16,5,260.17,11,260.19,3,260.2,4,260.39,1
2025-04-10 09:33:10,259.315,259.09,1,258.99,2,259.64,2,259.64,258.99,258.99,2,258.8,1,258.79,1,258.53,3,258.35,1,258.16,1,258.06,1,258.0,1,,,,,259.64,2,259.65,3,259.82,1,260.14,1,260.15,4,260.16,5,260.17,11,260.19,3,260.2,4,260.39,1
2025-04-10 09:33:11,259.315,259.4,1,258.99,2,259.64,2,259.64,258.99,258.99,2,258.8,1,258.79,1,258.53,3,258.35,1,258.16,1,258.06,1,258.0,1,,,,,259.64,2,259.65,3,259.82,1,260.14,1,260.15,4,260.16,5,260.17,11,260.19,3,260.2,4,260.39,1
2025-04-10 09:33:12,259.315,259.4,1,258.99,2,259.64,2,259.64,258.99,258.99,2,258.8,1,258.79,1,258.53,3,258.35,1,258.16,1,258.06,1,258.0,1,,,,,259.64,2,259.65,3,259.82,1,260.14,1,260.15,4,260.16,5,260.17,11,260.19,3,260.2,4,260.39,1
2025-04-10 09:33:13,259.315,259.4,1,258.99,2,259.64,2,259.64,258.99,258.99,2,258.8,1,258.79,1,258.53,3,258.35,1,258.16,1,258.06,1,258.0,1,,,,,259.64,2,259.65,3,259.82,1,260.14,1,260.15,4,260.16,5,260.17,11,260.19,3,260.2,4,260.39,1
2025-04-10 09:33:14,259.5,259.59,1,258.99,3,260.01,1,260.01,258.99,258.99,3,258.8,1,258.79,1,258.53,3,258.35,1,258.16,1,258.06,1,258.0,1,,,,,260.01,1,260.14,1,260.15,4,260.16,5,260.17,11,260.19,3,260.2,4,260.39,1,260.45,1,260.51,5
2025-04-10 09:33:15,259.525,259.59,1,259.04,2,260.01,2,260.01,259.04,259.04,2,258.99,3,258.8,1,258.79,1,258.53,3,258.35,1,258.16,1,258.06,1,258.0,1,,,260.01,2,260.14,1,260.15,4,260.16,5,260.17,11,260.19,3,260.2,4,260.39,1,260.45,1,260.51,5
2025-04-10 09:33:16,259.525,259.59,1,259.04,2,260.01,2,260.01,259.04,259.04,2,258.99,3,258.8,1,258.79,1,258.53,3,258.35,1,258.16,1,258.06,1,258.0,1,,,260.01,2,260.14,1,260.15,4,260.16,5,260.17,11,260.19,3,260.2,4,260.39,1,260.45,1,260.51,5
2025-04-10 09:33:17,259.52,259.52,1,259.04,2,260.0,1,260.0,259.04,259.04,2,258.99,3,258.8,1,258.79,1,258.53,3,258.35,1,258.16,1,258.06,1,258.0,1,,,260.0,1,260.01,2,260.14,1,260.15,4,260.16,5,260.17,11,260.19,3,260.2,4,260.39,1,260.45,1
2025-04-10 09:33:18,259.52,259.52,1,259.04,2,260.0,1,260.0,259.04,259.04,2,258.99,3,258.8,1,258.79,1,258.53,3,258.35,1,258.16,1,258.06,1,258.0,1,,,260.0,1,260.01,2,260.14,1,260.15,4,260.16,5,260.17,11,260.19,3,260.2,4,260.39,1,260.45,1
2025-04-10 09:33:19,259.52,259.52,1,259.04,2,260.0,1,260.0,259.04,259.04,2,258.99,3,258.8,1,258.79,1,258.53,3,258.35,1,258.16,1,258.06,1,258.0,1,,,260.0,1,260.01,2,260.14,1,260.15,4,260.16,5,260.17,11,260.19,3,260.2,4,260.39,1,260.45,1
2025-04-10 09:33:20,259.61,259.52,1,259.22,2,260.0,1,260.0,259.22,259.22,2,259.04,2,258.99,3,258.8,1,258.79,1,258.53,3,258.35,1,258.16,1,258.06,1,258.0,1,260.0,1,260.01,2,260.14,1,260.15,4,260.16,5,260.17,11,260.19,3,260.2,4,260.39,1,260.45,1
2025-04-10 09:33:21,259.605,259.53,1,259.22,2,259.99,1,259.99,259.22,259.22,2,259.04,2,258.99,3,258.8,1,258.79,1,258.53,3,258.35,1,258.16,1,258.06,1,258.0,1,259.99,1,260.0,2,260.01,2,260.14,1,260.15,4,260.16,5,260.17,11,260.19,3,260.2,4,260.39,1
2025-04-10 09:33:22,259.605,259.53,1,259.22,2,259.99,1,259.99,259.22,259.22,2,259.04,2,258.99,3,258.8,1,258.79,1,258.53,3,258.35,1,258.16,1,258.06,1,258.0,1,259.99,1,260.0,2,260.01,2,260.14,1,260.15,4,260.16,5,260.17,11,260.19,3,260.2,4,260.39,1
2025-04-10 09:33:23,259.605,259.61,1,259.22,2,259.99,1,259.99,259.22,259.22,2,259.04,2,258.99,3,258.8,1,258.79,1,258.53,3,258.35,1,258.16,1,258.06,1,258.0,1,259.99,1,260.0,2,260.01,2,260.14,1,260.15,4,260.16,5,260.17,11,260.19,3,260.2,4,260.39,1
2025-04-10 09:33:24,259.605,259.61,1,259.22,2,259.99,1,259.99,259.22,259.22,2,259.04,2,258.99,3,258.8,1,258.79,1,258.53,3,258.35,1,258.16,1,258.06,1,258.0,1,259.99,1,260.0,2,260.01,2,260.14,1,260.15,4,260.16,5,260.17,11,260.19,3,260.2,4,260.39,1
2025-04-10 09:33:25,259.605,259.61,1,259.22,2,259.99,1,259.99,259.22,259.22,2,259.04,2,258.99,3,258.8,1,258.79,1,258.53,3,258.35,1,258.16,1,258.06,1,258.0,1,259.99,1,260.0,2,260.01,2,260.14,1,260.15,4,260.16,5,260.17,11,260.19,3,260.2,4,260.39,1
2025-04-10 09:33:26,259.605,259.61,1,259.22,2,259.99,1,259.99,259.22,259.22,2,259.04,2,258.99,3,258.8,1,258.79,1,258.53,3,258.35,1,258.16,1,258.06,1,258.0,1,259.99,1,260.0,2,260.01,2,260.14,1,260.15,4,260.16,5,260.17,11,260.19,3,260.2,4,260.39,1
2025-04-10 09:33:27,259.605,259.61,1,259.22,2,259.99,1,259.99,259.22,259.22,2,259.04,2,258.99,3,258.8,1,258.79,1,258.53,3,258.35,1,258.16,1,258.06,1,258.0,1,259.99,1,260.0,2,260.01,2,260.14,1,260.15,4,260.16,5,260.17,11,260.19,3,260.2,4,260.39,1
2025-04-10 09:33:28,259.605,259.61,1,259.22,2,259.99,1,259.99,259.22,259.22,2,259.04,2,258.99,3,258.8,1,258.79,1,258.53,3,258.35,1,258.16,1,258.06,1,258.0,1,259.99,1,260.0,2,260.01,2,260.14,1,260.15,4,260.16,5,260.17,11,260.19,3,260.2,4,260.39,1
2025-04-10 09:33:29,259.605,259.61,1,259.22,2,259.99,1,259.99,259.22,259.22,2,259.04,2,258.99,3,258.8,1,258.79,1,258.53,3,258.35,1,258.16,1,258.06,1,258.0,1,259.99,1,260.0,2,260.01,2,260.14,1,260.15,4,260.16,5,260.17,11,260.19,3,260.2,4,260.39,1
2025-04-10 09:33:30,259.605,259.61,1,259.22,2,259.99,1,259.99,259.22,259.22,2,259.04,2,258.99,3,258.8,1,258.79,1,258.53,3,258.35,1,258.16,1,258.06,1,258.0,1,259.99,1,260.0,2,260.01,2,260.14,1,260.15,4,260.16,5,260.17,11,260.19,3,260.2,4,260.39,1
2025-04-10 09:33:31,259.605,259.61,1,259.22,2,259.99,1,259.99,259.22,259.22,2,259.04,2,258.99,3,258.8,1,258.79,1,258.53,3,258.35,1,258.16,1,258.06,1,258.0,1,259.99,1,260.0,2,260.01,2,260.14,1,260.15,4,260.16,5,260.17,11,260.19,3,260.2,4,260.39,1
2025-04-10 09:33:32,259.585,259.37,1,259.22,2,259.95,2,259.95,259.22,259.22,2,259.04,2,258.99,3,258.8,1,258.79,1,258.53,3,258.35,1,258.16,1,258.06,1,258.0,1,259.95,2,259.98,3,259.99,1,260.0,2,260.01,2,260.14,1,260.15,4,260.16,5,260.17,11,260.19,3
2025-04-10 09:33:33,259.585,259.37,1,259.22,2,259.95,2,259.95,259.22,259.22,2,259.04,2,258.99,3,258.8,1,258.79,1,258.53,3,258.35,1,258.16,1,258.06,1,258.0,1,259.95,2,259.98,3,259.99,1,260.0,2,260.01,2,260.14,1,260.15,4,260.16,5,260.17,11,260.19,3
2025-04-10 09:33:34,259.585,259.37,1,259.22,2,259.95,2,259.95,259.22,259.22,2,259.04,2,258.99,3,258.8,1,258.79,1,258.53,3,258.35,1,258.16,1,258.06,1,258.0,1,259.95,2,259.98,3,259.99,1,260.0,2,260.01,2,260.14,1,260.15,4,260.16,5,260.17,11,260.19,3
2025-04-10 09:33:35,259.465,259.3,1,259.22,2,259.71,1,259.71,259.22,259.22,2,259.04,2,258.99,3,258.8,1,258.79,1,258.53,3,258.35,1,258.16,1,258.06,1,258.0,1,259.71,1,259.94,1,259.95,2,259.98,3,259.99,1,260.0,2,260.01,2,260.14,1,260.15,4,260.16,5
2025-04-10 09:33:36,259.465,259.3,1,259.22,2,259.71,1,259.71,259.22,259.22,2,259.04,2,258.99,3,258.8,1,258.79,1,258.53,3,258.35,1,258.16,1,258.06,1,258.0,1,259.71,1,259.94,1,259.95,2,259.98,3,259.99,1,260.0,2,260.01,2,260.14,1,260.15,4,260.16,5
2025-04-10 09:33:37,259.6,259.3,1,259.22,2,259.98,1,259.98,259.22,259.22,2,259.04,2,258.99,3,258.8,1,258.79,1,258.53,3,258.35,1,258.16,1,258.06,1,258.0,1,259.98,1,260.01,1,260.14,1,260.15,4,260.16,5,260.17,11,260.19,3,260.2,4,260.39,1,260.45,1
2025-04-10 09:33:38,259.62,259.84,1,259.23,2,260.01,2,260.01,259.23,259.23,2,259.22,4,259.04,2,258.99,3,258.8,1,258.79,1,258.53,3,258.35,1,258.16,1,258.06,1,260.01,2,260.14,1,260.15,4,260.16,5,260.17,11,260.19,3,260.2,4,260.39,1,260.45,1,260.51,5
2025-04-10 09:33:39,259.705,260.01,1,259.24,4,260.17,8,260.17,259.24,259.24,4,259.23,4,259.22,4,259.04,2,258.99,3,258.8,1,258.79,1,258.53,3,258.35,1,258.16,1,260.17,8,260.19,3,260.2,4,260.39,1,260.45,1,260.51,5,260.52,2,260.53,2,260.54,3,260.55,2
2025-04-10 09:33:40,259.705,259.7,1,259.24,5,260.17,9,260.17,259.24,259.24,5,259.23,4,259.22,4,259.04,2,258.99,3,258.8,1,258.79,1,258.53,3,258.35,1,258.16,1,260.17,9,260.19,3,260.2,4,260.39,1,260.45,1,260.51,5,260.52,2,260.53,2,260.54,3,260.55,2
2025-04-10 09:33:41,259.705,259.7,1,259.24,5,260.17,9,260.17,259.24,259.24,5,259.23,4,259.22,4,259.04,2,258.99,3,258.8,1,258.79,1,258.53,3,258.35,1,258.16,1,260.17,9,260.19,3,260.2,4,260.39,1,260.45,1,260.51,5,260.52,2,260.53,2,260.54,3,260.55,2
2025-04-10 09:33:43,259.705,259.7,8,259.24,5,260.17,9,260.17,259.24,259.24,5,259.23,4,259.22,4,259.04,2,258.99,3,258.8,1,258.79,1,258.53,3,258.35,1,258.16,1,260.17,9,260.19,3,260.2,4,260.39,1,260.45,1,260.51,5,260.52,2,260.53,2,260.54,3,260.55,2
2025-04-10 09:33:43,259.7,259.7,8,259.24,5,260.16,1,260.16,259.24,259.24,5,259.23,4,259.22,4,259.04,2,258.99,3,258.8,1,258.79,1,258.53,3,258.35,1,258.16,1,260.16,1,260.17,9,260.19,3,260.2,4,260.39,1,260.45,1,260.51,5,260.52,2,260.53,2,260.54,3
2025-04-10 09:33:44,259.7,259.7,8,259.24,5,260.16,2,260.16,259.24,259.24,5,259.23,4,259.22,4,259.04,2,258.99,3,258.8,1,258.79,1,258.53,3,258.35,1,258.16,1,260.16,2,260.17,9,260.19,3,260.2,4,260.39,1,260.45,1,260.51,5,260.52,2,260.53,2,260.54,3
2025-04-10 09:33:45,259.7,259.7,3,259.24,5,260.16,2,260.16,259.24,259.24,5,259.23,4,259.22,4,259.04,2,258.99,3,258.8,1,258.79,1,258.53,3,258.35,1,258.16,1,260.16,2,260.17,9,260.19,3,260.2,4,260.39,1,260.45,1,260.51,5,260.52,2,260.53,2,260.54,3
2025-04-10 09:33:46,259.7,259.7,1,259.24,5,260.16,2,260.16,259.24,259.24,5,259.23,4,259.22,4,259.04,2,258.99,3,258.8,1,258.79,1,258.53,3,258.35,1,258.16,1,260.16,2,260.17,9,260.19,3,260.2,4,260.39,1,260.45,1,260.51,5,260.52,2,260.53,2,260.54,3
2025-04-10 09:33:47,259.7,259.7,1,259.24,5,260.16,2,260.16,259.24,259.24,5,259.23,4,259.22,4,259.04,2,258.99,3,258.8,1,258.79,1,258.53,3,258.35,1,258.16,1,260.16,2,260.17,9,260.19,3,260.2,4,260.39,1,260.45,1,260.51,5,260.52,2,260.53,2,260.54,3
2025-04-10 09:33:49,259.705,259.7,1,259.25,1,260.16,2,260.16,259.25,259.25,1,259.24,5,259.23,4,259.22,4,259.04,2,258.99,3,258.8,1,258.79,1,258.53,3,258.35,1,260.16,2,260.17,9,260.19,3,260.2,4,260.39,1,260.45,1,260.51,5,260.52,2,260.53,2,260.54,3
2025-04-10 09:33:49,259.705,259.7,1,259.25,2,260.16,3,260.16,259.25,259.25,2,259.24,5,259.23,4,259.22,4,259.04,2,258.99,3,258.8,1,258.79,1,258.53,3,258.35,1,260.16,3,260.17,9,260.19,3,260.2,4,260.39,1,260.45,1,260.51,5,260.52,2,260.53,2,260.54,3
2025-04-10 09:33:50,259.705,259.7,1,259.25,2,260.16,3,260.16,259.25,259.25,2,259.24,5,259.23,4,259.22,4,259.04,2,258.99,3,258.8,1,258.79,1,258.53,3,258.35,1,260.16,3,260.17,9,260.19,3,260.2,4,260.39,1,260.45,1,260.51,5,260.52,2,260.53,2,260.54,3
2025-04-10 09:33:51,259.71,259.7,1,259.26,2,260.16,3,260.16,259.26,259.26,2,259.25,2,259.24,5,259.23,4,259.22,4,259.04,2,258.99,3,258.8,1,258.79,1,258.53,3,260.16,3,260.17,9,260.19,3,260.2,4,260.39,1,260.45,1,260.51,5,260.52,2,260.53,2,260.54,3
2025-04-10 09:33:53,259.71,259.71,2,259.26,2,260.16,3,260.16,259.26,259.26,2,259.25,2,259.24,5,259.23,4,259.22,4,259.04,2,258.99,3,258.8,1,258.79,1,258.53,3,260.16,3,260.17,9,260.19,3,260.2,4,260.39,1,260.45,1,260.51,5,260.52,2,260.53,2,260.54,3
2025-04-10 09:33:53,259.875,259.71,2,259.59,1,260.16,2,260.16,259.59,259.59,1,259.26,4,259.25,2,259.24,5,259.23,4,259.22,4,259.04,2,258.99,3,258.8,1,258.79,1,260.16,2,260.17,9,260.19,3,260.2,4,260.39,1,260.45,1,260.51,5,260.52,2,260.53,2,260.54,3
2025-04-10 09:33:55,259.875,259.75,1,259.59,1,260.16,2,260.16,259.59,259.59,1,259.26,4,259.25,2,259.24,5,259.23,4,259.22,4,259.04,2,258.99,3,258.8,1,258.79,1,260.16,2,260.17,9,260.19,3,260.2,4,260.39,1,260.45,1,260.51,5,260.52,2,260.53,2,260.54,3
2025-04-10 09:33:56,259.68,259.59,1,259.22,3,260.14,2,260.14,259.22,259.22,3,259.04,2,258.99,3,258.8,1,258.79,1,258.53,3,258.35,1,258.16,1,258.06,1,258.0,1,260.14,2,260.15,1,260.16,2,260.17,9,260.19,3,260.2,4,260.39,1,260.45,1,260.51,5,260.52,2
2025-04-10 09:33:57,259.615,259.22,2,259.22,1,260.01,2,260.01,259.22,259.22,1,259.04,2,258.99,3,258.8,1,258.79,1,258.53,3,258.35,1,258.16,1,258.06,1,258.0,1,260.01,2,260.14,2,260.15,1,260.16,2,260.17,9,260.19,3,260.2,4,260.39,1,260.45,1,260.51,5
2025-04-10 09:33:58,259.615,259.22,2,259.22,1,260.01,2,260.01,259.22,259.22,1,259.04,2,258.99,3,258.8,1,258.79,1,258.53,3,258.35,1,258.16,1,258.06,1,258.0,1,260.01,2,260.14,2,260.15,1,260.16,2,260.17,9,260.19,3,260.2,4,260.39,1,260.45,1,260.51,5
2025-04-10 09:33:58,259.615,259.22,2,259.22,1,260.01,2,260.01,259.22,259.22,1,259.04,2,258.99,3,258.8,1,258.79,1,258.53,3,258.35,1,258.16,1,258.06,1,258.0,1,260.01,2,260.14,2,260.15,1,260.16,2,260.17,9,260.19,3,260.2,4,260.39,1,260.45,1,260.51,5
2025-04-10 09:34:00,259.615,259.22,2,259.22,3,260.01,2,260.01,259.22,259.22,3,259.04,2,258.99,3,258.8,1,258.79,1,258.53,3,258.35,1,258.16,1,258.06,1,258.0,1,260.01,2,260.14,2,260.15,1,260.16,2,260.17,9,260.19,3,260.2,4,260.39,1,260.45,1,260.51,5
2025-04-10 09:34:01,259.615,259.25,1,259.22,3,260.01,2,260.01,259.22,259.22,3,259.04,2,258.99,3,258.8,1,258.79,1,258.53,3,258.35,1,258.16,1,258.06,1,258.0,1,260.01,2,260.14,2,260.15,1,260.16,2,260.17,9,260.19,3,260.2,4,260.39,1,260.45,1,260.51,5
2025-04-10 09:34:02,259.575,259.58,1,259.22,3,259.93,3,259.93,259.22,259.22,3,259.04,2,258.99,3,258.8,1,258.79,1,258.53,3,258.35,1,258.16,1,258.06,1,258.0,1,259.93,3,260.01,1,260.14,2,260.15,1,260.16,2,260.17,9,260.19,3,260.2,4,260.39,1,260.45,1
2025-04-10 09:34:02,259.625,259.65,1,259.23,2,260.02,1,260.02,259.23,259.23,2,259.22,3,259.04,2,258.99,3,258.8,1,258.79,1,258.53,3,258.35,1,258.16,1,258.06,1,260.02,1,260.14,2,260.15,1,260.16,2,260.17,9,260.19,3,260.2,4,260.39,1,260.45,1,260.51,5
2025-04-10 09:34:04,259.625,259.65,1,259.23,2,260.02,1,260.02,259.23,259.23,2,259.22,3,259.04,2,258.99,3,258.8,1,258.79,1,258.53,3,258.35,1,258.16,1,258.06,1,260.02,1,260.14,2,260.15,1,260.16,2,260.17,9,260.19,3,260.2,4,260.39,1,260.45,1,260.51,5
2025-04-10 09:34:04,259.625,259.65,1,259.23,2,260.02,1,260.02,259.23,259.23,2,259.22,3,259.04,2,258.99,3,258.8,1,258.79,1,258.53,3,258.35,1,258.16,1,258.06,1,260.02,1,260.14,2,260.15,1,260.16,2,260.17,9,260.19,3,260.2,4,260.39,1,260.45,1,260.51,5
2025-04-10 09:34:06,259.625,259.63,1,259.23,2,260.02,1,260.02,259.23,259.23,2,259.22,3,259.04,2,258.99,3,258.8,1,258.79,1,258.53,3,258.35,1,258.16,1,258.06,1,260.02,1,260.14,2,260.15,1,260.16,2,260.17,9,260.19,3,260.2,4,260.39,1,260.45,1,260.51,5
2025-04-10 09:34:07,259.625,259.93,1,259.23,2,260.02,1,260.02,259.23,259.23,2,259.22,3,259.04,2,258.99,3,258.8,1,258.79,1,258.53,3,258.35,1,258.16,1,258.06,1,260.02,1,260.14,2,260.15,1,260.16,2,260.17,9,260.19,3,260.2,4,260.39,1,260.45,1,260.51,5
2025-04-10 09:34:08,259.625,259.93,1,259.23,2,260.02,1,260.02,259.23,259.23,2,259.22,3,259.04,2,258.99,3,258.8,1,258.79,1,258.53,3,258.35,1,258.16,1,258.06,1,260.02,1,260.14,2,260.15,1,260.16,2,260.17,9,260.19,3,260.2,4,260.39,1,260.45,1,260.51,5
2025-04-10 09:34:09,259.625,259.93,1,259.23,2,260.02,1,260.02,259.23,259.23,2,259.22,3,259.04,2,258.99,3,258.8,1,258.79,1,258.53,3,258.35,1,258.16,1,258.06,1,260.02,1,260.14,2,260.15,1,260.16,2,260.17,9,260.19,3,260.2,4,260.39,1,260.45,1,260.51,5
2025-04-10 09:34:10,259.625,259.93,1,259.23,2,260.02,1,260.02,259.23,259.23,2,259.22,3,259.04,2,258.99,3,258.8,1,258.79,1,258.53,3,258.35,1,258.16,1,258.06,1,260.02,1,260.14,2,260.15,1,260.16,2,260.17,9,260.19,3,260.2,4,260.39,1,260.45,1,260.51,5
2025-04-10 09:34:11,259.685,259.23,1,259.24,1,260.13,1,260.13,259.24,259.24,1,259.23,2,259.22,3,259.04,2,258.99,3,258.8,1,258.79,1,258.53,3,258.35,1,258.16,1,260.13,1,260.14,2,260.15,1,260.16,2,260.17,9,260.19,3,260.2,4,260.39,1,260.45,1,260.51,5
2025-04-10 09:34:12,259.625,259.23,1,259.24,1,260.01,1,260.01,259.24,259.24,1,259.23,2,259.22,3,259.04,2,258.99,3,258.8,1,258.79,1,258.53,3,258.35,1,258.16,1,260.01,1,260.04,1,260.13,1,260.14,2,260.15,1,260.16,2,260.17,9,260.19,3,260.2,4,260.39,1
2025-04-10 09:34:13,259.62,259.23,1,259.24,1,260.0,1,260.0,259.24,259.24,1,259.23,2,259.22,3,259.04,2,258.99,3,258.8,1,258.79,1,258.53,3,258.35,1,258.16,1,260.0,1,260.01,1,260.04,1,260.13,1,260.14,2,260.15,1,260.16,2,260.17,9,260.19,3,260.2,4
2025-04-10 09:34:14,259.62,259.23,1,259.24,1,260.0,1,260.0,259.24,259.24,1,259.23,2,259.22,3,259.04,2,258.99,3,258.8,1,258.79,1,258.53,3,258.35,1,258.16,1,260.0,1,260.01,1,260.04,1,260.13,1,260.14,2,260.15,1,260.16,2,260.17,9,260.19,3,260.2,4
2025-04-10 09:34:15,259.72,260.0,1,259.31,1,260.13,2,260.13,259.31,259.31,1,259.29,2,259.26,2,259.25,1,259.24,1,259.23,2,259.22,3,259.04,2,258.99,3,258.8,1,260.13,2,260.14,2,260.15,1,260.16,2,260.17,9,260.19,3,260.2,4,260.39,1,260.45,1,260.51,5
2025-04-10 09:34:16,259.725,260.0,1,259.32,1,260.13,2,260.13,259.32,259.32,1,259.31,2,259.29,2,259.26,2,259.25,1,259.24,1,259.23,2,259.22,3,259.04,2,258.99,3,260.13,2,260.14,2,260.15,1,260.16,2,260.17,9,260.19,3,260.2,4,260.39,1,260.45,1,260.51,5
2025-04-10 09:34:17,259.695,259.93,1,259.26,5,260.13,2,260.13,259.26,259.26,5,259.25,1,259.24,1,259.23,2,259.22,3,259.04,2,258.99,3,258.8,1,258.79,1,258.53,3,260.13,2,260.14,2,260.15,1,260.16,2,260.17,9,260.19,3,260.2,4,260.39,1,260.45,1,260.51,5
2025-04-10 09:34:18,259.725,260.0,1,259.32,2,260.13,2,260.13,259.32,259.32,2,259.27,1,259.26,5,259.25,1,259.24,1,259.23,2,259.22,3,259.04,2,258.99,3,258.8,1,260.13,2,260.14,2,260.15,1,260.16,2,260.17,9,260.19,3,260.2,4,260.39,1,260.45,1,260.51,5
2025-04-10 09:34:19,259.725,260.0,1,259.32,2,260.13,2,260.13,259.32,259.32,2,259.27,1,259.26,5,259.25,1,259.24,1,259.23,2,259.22,3,259.04,2,258.99,3,258.8,1,260.13,2,260.14,2,260.15,1,260.16,2,260.17,9,260.19,3,260.2,4,260.39,1,260.45,1,260.51,5
2025-04-10 09:34:20,259.725,260.0,1,259.32,2,260.13,2,260.13,259.32,259.32,2,259.27,1,259.26,5,259.25,1,259.24,1,259.23,2,259.22,3,259.04,2,258.99,3,258.8,1,260.13,2,260.14,2,260.15,1,260.16,2,260.17,9,260.19,3,260.2,4,260.39,1,260.45,1,260.51,5
2025-04-10 09:34:21,259.725,260.0,1,259.32,4,260.13,2,260.13,259.32,259.32,4,259.27,1,259.26,5,259.25,1,259.24,1,259.23,2,259.22,3,259.04,2,258.99,3,258.8,1,260.13,2,260.14,2,260.15,1,260.16,2,260.17,9,260.19,3,260.2,4,260.39,1,260.45,1,260.51,5
2025-04-10 09:34:22,259.69,260.0,1,259.32,6,260.06,1,260.06,259.32,259.32,6,259.27,1,259.26,5,259.25,1,259.24,1,259.23,2,259.22,3,259.04,2,258.99,3,258.8,1,260.06,1,260.13,2,260.14,2,260.15,1,260.16,2,260.17,9,260.19,3,260.2,4,260.39,1,260.45,1
2025-04-10 09:34:23,259.66,259.69,1,259.34,5,259.98,1,259.98,259.34,259.34,5,259.32,6,259.27,1,259.26,5,259.25,1,259.24,1,259.23,2,259.22,3,259.04,2,258.99,3,259.98,1,260.06,1,260.13,1,260.14,2,260.15,1,260.16,2,260.17,9,260.19,3,260.2,4,260.39,1
2025-04-10 09:34:24,259.64,259.69,1,259.34,3,259.94,1,259.94,259.34,259.34,3,259.32,6,259.27,1,259.26,5,259.25,1,259.24,1,259.23,2,259.22,3,259.04,2,258.99,3,259.94,1,259.98,1,260.06,1,260.13,1,260.14,2,260.15,1,260.16,2,260.17,9,260.19,3,260.2,4
2025-04-10 09:34:25,259.625,259.63,1,259.34,3,259.91,1,259.91,259.34,259.34,3,259.32,6,259.27,1,259.26,5,259.25,1,259.24,1,259.23,2,259.22,3,259.04,2,258.99,3,259.91,1,259.94,1,259.98,1,260.06,1,260.13,1,260.14,2,260.15,1,260.16,2,260.17,9,260.19,3
2025-04-10 09:34:26,259.625,259.63,1,259.34,3,259.91,1,259.91,259.34,259.34,3,259.32,6,259.27,1,259.26,5,259.25,1,259.24,1,259.23,2,259.22,3,259.04,2,258.99,3,259.91,1,259.94,1,259.98,1,260.06,1,260.13,1,260.14,2,260.15,1,260.16,2,260.17,9,260.19,3
2025-04-10 09:34:27,259.625,259.63,1,259.34,3,259.91,1,259.91,259.34,259.34,3,259.32,6,259.27,1,259.26,5,259.25,1,259.24,1,259.23,2,259.22,3,259.04,2,258.99,3,259.91,1,259.94,1,259.98,1,260.06,1,260.13,1,260.14,2,260.15,1,260.16,2,260.17,9,260.19,3
2025-04-10 09:34:28,259.625,259.63,1,259.34,3,259.91,1,259.91,259.34,259.34,3,259.32,6,259.27,1,259.26,5,259.25,1,259.24,1,259.23,2,259.22,3,259.04,2,258.99,3,259.91,1,259.94,1,259.98,1,260.06,1,260.13,1,260.14,2,260.15,1,260.16,2,260.17,9,260.19,3
2025-04-10 09:34:29,259.64,259.63,1,259.34,4,259.94,1,259.94,259.34,259.34,4,259.32,6,259.27,1,259.26,5,259.25,1,259.24,1,259.23,2,259.22,3,259.04,2,258.99,3,259.94,1,259.96,1,260.13,1,260.14,2,260.15,1,260.16,2,260.17,9,260.19,3,260.2,4,260.39,1
2025-04-10 09:34:30,259.595,259.39,1,259.29,2,259.9,1,259.9,259.29,259.29,2,259.27,1,259.26,5,259.25,1,259.24,1,259.23,2,259.22,3,259.04,2,258.99,3,258.8,1,259.9,1,259.94,2,259.96,1,260.13,1,260.14,2,260.15,1,260.16,2,260.17,9,260.19,3,260.2,4
2025-04-10 09:34:31,259.45,259.34,1,259.0,2,259.9,7,259.9,259.0,259.0,2,258.99,3,258.8,1,258.79,1,258.53,3,258.35,1,258.16,1,258.06,1,258.0,1,,,259.9,7,259.94,2,259.96,1,260.13,1,260.14,2,260.15,1,260.16,2,260.17,9,260.19,3,260.2,4
2025-04-10 09:34:32,259.45,259.34,1,259.0,2,259.9,7,259.9,259.0,259.0,2,258.99,3,258.8,1,258.79,1,258.53,3,258.35,1,258.16,1,258.06,1,258.0,1,,,259.9,7,259.94,2,259.96,1,260.13,1,260.14,2,260.15,1,260.16,2,260.17,9,260.19,3,260.2,4
2025-04-10 09:34:33,259.275,259.34,1,259.0,2,259.55,2,259.55,259.0,259.0,2,258.99,3,258.8,1,258.79,1,258.53,3,258.35,1,258.16,1,258.06,1,258.0,1,,,259.55,2,259.89,1,259.9,7,259.94,2,259.96,1,260.13,1,260.14,2,260.15,1,260.16,2,260.17,9
2025-04-10 09:34:34,259.275,259.34,1,259.0,2,259.55,2,259.55,259.0,259.0,2,258.99,3,258.8,1,258.79,1,258.53,3,258.35,1,258.16,1,258.06,1,258.0,1,,,259.55,2,259.89,1,259.9,7,259.94,2,259.96,1,260.13,1,260.14,2,260.15,1,260.16,2,260.17,9
2025-04-10 09:34:35,259.275,259.34,1,259.0,2,259.55,2,259.55,259.0,259.0,2,258.99,3,258.8,1,258.79,1,258.53,3,258.35,1,258.16,1,258.06,1,258.0,1,,,259.55,2,259.89,1,259.9,7,259.94,2,259.96,1,260.13,1,260.14,2,260.15,1,260.16,2,260.17,9
2025-04-10 09:34:36,259.275,259.34,1,259.0,2,259.55,2,259.55,259.0,259.0,2,258.99,3,258.8,1,258.79,1,258.53,3,258.35,1,258.16,1,258.06,1,258.0,1,,,259.55,2,259.89,1,259.9,7,259.94,2,259.96,1,260.13,1,260.14,2,260.15,1,260.16,2,260.17,9
2025-04-10 09:34:37,259.275,259.26,1,259.0,2,259.55,2,259.55,259.0,259.0,2,258.99,3,258.8,1,258.79,1,258.53,3,258.35,1,258.16,1,258.06,1,258.0,1,,,259.55,2,259.89,1,259.9,7,259.94,2,259.96,1,260.13,1,260.14,2,260.15,1,260.16,2,260.17,9
2025-04-10 09:34:38,259.275,259.26,1,259.0,2,259.55,2,259.55,259.0,259.0,2,258.99,3,258.8,1,258.79,1,258.53,3,258.35,1,258.16,1,258.06,1,258.0,1,,,259.55,2,259.89,1,259.9,7,259.94,2,259.96,1,260.13,1,260.14,2,260.15,1,260.16,2,260.17,9
2025-04-10 09:34:39,259.275,259.26,1,259.0,2,259.55,2,259.55,259.0,259.0,2,258.99,3,258.8,1,258.79,1,258.53,3,258.35,1,258.16,1,258.06,1,258.0,1,,,259.55,2,259.89,1,259.9,7,259.94,2,259.96,1,260.13,1,260.14,2,260.15,1,260.16,2,260.17,9
2025-04-10 09:34:40,259.27,259.26,1,259.0,2,259.54,2,259.54,259.0,259.0,2,258.99,3,258.8,1,258.79,1,258.53,3,258.35,1,258.16,1,258.06,1,258.0,1,,,259.54,2,259.55,2,259.89,1,259.9,7,259.94,2,259.96,1,260.13,1,260.14,2,260.15,1,260.16,2
2025-04-10 09:34:41,258.98,259.0,1,258.43,2,259.53,1,259.53,258.43,258.43,2,258.35,1,258.16,1,258.06,1,258.0,1,,,,,,,,,,,259.53,1,259.54,4,259.55,2,259.89,1,259.9,7,259.94,2,259.96,1,260.13,1,260.14,2,260.15,1
2025-04-10 09:34:42,258.915,258.92,1,258.43,2,259.4,1,259.4,258.43,258.43,2,258.35,1,258.16,1,258.06,1,258.0,1,,,,,,,,,,,259.4,1,259.41,2,259.53,1,259.54,4,259.55,2,259.89,1,259.9,7,259.94,2,259.96,1,260.13,1
2025-04-10 09:34:43,258.91,258.92,1,258.43,2,259.39,1,259.39,258.43,258.43,2,258.35,1,258.16,1,258.06,1,258.0,1,,,,,,,,,,,259.39,1,259.4,1,259.41,2,259.53,1,259.54,4,259.55,2,259.89,1,259.9,7,259.94,2,259.96,1
2025-04-10 09:34:44,258.91,258.92,1,258.43,2,259.39,1,259.39,258.43,258.43,2,258.35,1,258.16,1,258.06,1,258.0,1,,,,,,,,,,,259.39,1,259.4,1,259.41,2,259.53,1,259.54,4,259.55,2,259.89,1,259.9,7,259.94,2,259.96,1
2025-04-10 09:34:45,258.91,258.92,1,258.43,2,259.39,1,259.39,258.43,258.43,2,258.35,1,258.16,1,258.06,1,258.0,1,,,,,,,,,,,259.39,1,259.4,1,259.41,2,259.53,1,259.54,4,259.55,2,259.89,1,259.9,7,259.94,2,259.96,1
2025-04-10 09:34:46,258.91,258.92,1,258.43,2,259.39,2,259.39,258.43,258.43,2,258.35,1,258.16,1,258.06,1,258.0,1,,,,,,,,,,,259.39,2,259.4,1,259.41,2,259.53,1,259.54,4,259.55,2,259.89,1,259.9,7,259.94,2,259.96,1
2025-04-10 09:34:47,258.91,258.91,1,258.43,2,259.39,2,259.39,258.43,258.43,2,258.35,1,258.16,1,258.06,1,258.0,1,,,,,,,,,,,259.39,2,259.4,1,259.41,2,259.53,1,259.54,4,259.55,2,259.89,1,259.9,7,259.94,2,259.96,1
2025-04-10 09:34:48,258.91,258.91,1,258.43,2,259.39,2,259.39,258.43,258.43,2,258.35,1,258.16,1,258.06,1,258.0,1,,,,,,,,,,,259.39,2,259.4,1,259.41,2,259.53,1,259.54,4,259.55,2,259.89,1,259.9,7,259.94,2,259.96,1
2025-04-10 09:34:49,258.91,258.91,3,258.43,2,259.39,2,259.39,258.43,258.43,2,258.35,1,258.16,1,258.06,1,258.0,1,,,,,,,,,,,259.39,2,259.4,1,259.41,2,259.53,1,259.54,4,259.55,2,259.89,1,259.9,7,259.94,2,259.96,1
2025-04-10 09:34:50,259.06,259.39,1,258.68,1,259.44,1,259.44,258.68,258.68,1,258.43,2,258.35,1,258.16,1,258.06,1,258.0,1,,,,,,,,,259.44,1,259.53,1,259.54,4,259.55,2,259.89,1,259.9,7,259.94,2,259.96,1,260.13,1,260.14,2
2025-04-10 09:34:51,259.13,259.39,1,258.71,1,259.55,1,259.55,258.71,258.71,1,258.68,1,258.43,2,258.35,1,258.16,1,258.06,1,258.0,1,,,,,,,259.55,1,259.66,1,259.89,1,259.9,7,259.94,2,259.96,1,260.13,1,260.14,2,260.15,1,260.16,2
2025-04-10 09:34:52,259.13,259.39,1,258.71,1,259.55,1,259.55,258.71,258.71,1,258.68,1,258.43,2,258.35,1,258.16,1,258.06,1,258.0,1,,,,,,,259.55,1,259.66,1,259.89,1,259.9,7,259.94,2,259.96,1,260.13,1,260.14,2,260.15,1,260.16,2
2025-04-10 09:34:53,259.135,259.39,1,258.72,1,259.55,1,259.55,258.72,258.72,1,258.71,1,258.68,1,258.43,2,258.35,1,258.16,1,258.06,1,258.0,1,,,,,259.55,1,259.66,1,259.89,1,259.9,7,259.94,2,259.96,1,260.13,1,260.14,2,260.15,1,260.16,2
2025-04-10 09:34:54,259.135,259.14,1,258.72,2,259.55,1,259.55,258.72,258.72,2,258.71,1,258.68,1,258.43,2,258.35,1,258.16,1,258.06,1,258.0,1,,,,,259.55,1,259.66,1,259.89,1,259.9,7,259.94,2,259.96,1,260.13,1,260.14,2,260.15,1,260.16,2
2025-04-10 09:34:55,259.13,259.13,1,258.72,1,259.54,2,259.54,258.72,258.72,1,258.65,1,258.43,2,258.35,1,258.16,1,258.06,1,258.0,1,,,,,,,259.54,2,259.55,1,259.66,1,259.89,1,259.9,7,259.94,2,259.96,1,260.13,1,260.14,2,260.15,1
2025-04-10 09:34:56,259.13,259.13,1,258.72,1,259.54,2,259.54,258.72,258.72,1,258.65,1,258.43,2,258.35,1,258.16,1,258.06,1,258.0,1,,,,,,,259.54,2,259.55,1,259.66,1,259.89,1,259.9,7,259.94,2,259.96,1,260.13,1,260.14,2,260.15,1
2025-04-10 09:34:57,259.09,259.13,1,258.64,1,259.54,2,259.54,258.64,258.64,1,258.43,2,258.35,1,258.16,1,258.06,1,258.0,1,,,,,,,,,259.54,2,259.55,1,259.66,1,259.89,1,259.9,7,259.94,2,259.96,1,260.13,1,260.14,2,260.15,1
2025-04-10 09:34:58,259.105,259.13,1,258.67,1,259.54,1,259.54,258.67,258.67,1,258.66,1,258.64,1,258.43,2,258.35,1,258.16,1,258.06,1,258.0,1,,,,,259.54,1,259.55,1,259.66,1,259.89,1,259.9,7,259.94,2,259.96,1,260.13,1,260.14,2,260.15,1
2025-04-10 09:34:59,259.105,258.78,10,258.67,2,259.54,1,259.54,258.67,258.67,2,258.66,1,258.64,1,258.43,2,258.35,1,258.16,1,258.06,1,258.0,1,,,,,259.54,1,259.55,1,259.66,1,259.89,1,259.9,7,259.94,2,259.96,1,260.13,1,260.14,2,260.15,1
2025-04-10 09:35:00,259.13,259.27,1,258.72,1,259.54,1,259.54,258.72,258.72,1,258.7,1,258.68,1,258.67,3,258.66,1,258.64,1,258.43,2,258.35,1,258.16,1,258.06,1,259.54,1,259.55,1,259.66,1,259.89,1,259.9,7,259.94,2,259.96,1,260.13,1,260.14,2,260.15,1
2025-04-10 09:35:01,259.23,259.27,1,258.92,3,259.54,1,259.54,258.92,258.92,3,258.83,2,258.72,1,258.7,1,258.68,1,258.67,3,258.66,1,258.64,1,258.43,2,258.35,1,259.54,1,259.55,1,259.66,1,259.89,1,259.9,7,259.94,2,259.96,1,260.13,1,260.14,2,260.15,1
2025-04-10 09:35:02,259.23,259.23,2,258.92,2,259.54,2,259.54,258.92,258.92,2,258.83,2,258.72,1,258.7,1,258.68,1,258.67,3,258.66,1,258.64,1,258.43,2,258.35,1,259.54,2,259.55,1,259.66,1,259.89,1,259.9,7,259.94,2,259.96,1,260.13,1,260.14,2,260.15,1
2025-04-10 09:35:03,259.23,259.23,2,258.92,2,259.54,2,259.54,258.92,258.92,2,258.83,2,258.72,1,258.7,1,258.68,1,258.67,3,258.66,1,258.64,1,258.43,2,258.35,1,259.54,2,259.55,1,259.66,1,259.89,1,259.9,7,259.94,2,259.96,1,260.13,1,260.14,2,260.15,1
2025-04-10 09:35:04,259.23,259.23,2,258.92,4,259.54,2,259.54,258.92,258.92,4,258.83,2,258.72,1,258.7,1,258.68,1,258.67,3,258.66,1,258.64,1,258.43,2,258.35,1,259.54,2,259.55,1,259.66,1,259.89,1,259.9,7,259.94,2,259.96,1,260.13,1,260.14,2,260.15,1
2025-04-10 09:35:05,259.23,259.23,2,258.92,4,259.54,2,259.54,258.92,258.92,4,258.83,2,258.72,1,258.7,1,258.68,1,258.67,3,258.66,1,258.64,1,258.43,2,258.35,1,259.54,2,259.55,1,259.66,1,259.89,1,259.9,7,259.94,2,259.96,1,260.13,1,260.14,2,260.15,1
2025-04-10 09:35:06,259.265,259.23,2,258.99,3,259.54,2,259.54,258.99,258.99,3,258.92,4,258.83,2,258.72,1,258.7,1,258.68,1,258.67,3,258.66,1,258.64,1,258.43,2,259.54,2,259.55,1,259.66,1,259.89,1,259.9,7,259.94,2,259.96,1,260.13,1,260.14,2,260.15,1
2025-04-10 09:35:07,259.265,259.23,2,258.99,3,259.54,2,259.54,258.99,258.99,3,258.92,4,258.83,2,258.72,1,258.7,1,258.68,1,258.67,3,258.66,1,258.64,1,258.43,2,259.54,2,259.55,1,259.66,1,259.89,1,259.9,7,259.94,2,259.96,1,260.13,1,260.14,2,260.15,1
2025-04-10 09:35:08,259.265,259.23,2,258.99,3,259.54,2,259.54,258.99,258.99,3,258.92,4,258.83,2,258.72,1,258.7,1,258.68,1,258.67,3,258.66,1,258.64,1,258.43,2,259.54,2,259.55,1,259.66,1,259.89,1,259.9,7,259.94,2,259.96,1,260.13,1,260.14,2,260.15,1
2025-04-10 09:35:09,259.265,259.3,1,258.99,3,259.54,2,259.54,258.99,258.99,3,258.92,4,258.83,2,258.72,1,258.7,1,258.68,1,258.67,3,258.66,1,258.64,1,258.43,2,259.54,2,259.55,1,259.66,1,259.89,1,259.9,7,259.94,2,259.96,1,260.13,1,260.14,2,260.15,1
2025-04-10 09:35:10,259.265,259.28,1,258.99,3,259.54,1,259.54,258.99,258.99,3,258.92,4,258.83,2,258.72,1,258.7,1,258.68,1,258.67,3,258.66,1,258.64,1,258.43,2,259.54,1,259.55,1,259.66,1,259.89,1,259.9,7,259.94,2,259.96,1,260.13,1,260.14,2,260.15,1
2025-04-10 09:35:11,259.265,259.28,1,258.99,2,259.54,1,259.54,258.99,258.99,2,258.92,4,258.83,2,258.72,1,258.7,1,258.68,1,258.67,3,258.66,1,258.64,1,258.43,2,259.54,1,259.55,1,259.66,1,259.89,1,259.9,7,259.94,2,259.96,1,260.13,1,260.14,2,260.15,1
2025-04-10 09:35:12,259.265,259.26,1,258.99,2,259.54,1,259.54,258.99,258.99,2,258.92,4,258.83,2,258.72,1,258.7,1,258.68,1,258.67,3,258.66,1,258.64,1,258.43,2,259.54,1,259.55,1,259.66,1,259.89,1,259.9,7,259.94,2,259.96,1,260.13,1,260.14,2,260.15,1
2025-04-10 09:35:13,259.265,259.26,1,258.99,2,259.54,2,259.54,258.99,258.99,2,258.92,4,258.83,2,258.72,1,258.7,1,258.68,1,258.67,3,258.66,1,258.64,1,258.43,2,259.54,2,259.55,1,259.66,1,259.89,1,259.9,7,259.94,2,259.96,1,260.13,1,260.14,2,260.15,1
2025-04-10 09:35:14,259.265,259.26,1,258.99,2,259.54,1,259.54,258.99,258.99,2,258.92,4,258.83,2,258.72,1,258.7,1,258.68,1,258.67,3,258.66,1,258.64,1,258.43,2,259.54,1,259.55,1,259.66,1,259.89,1,259.9,7,259.94,2,259.96,1,260.13,1,260.14,2,260.15,1
2025-04-10 09:35:15,259.265,259.26,1,258.99,3,259.54,1,259.54,258.99,258.99,3,258.92,4,258.83,2,258.72,1,258.7,1,258.68,1,258.67,3,258.66,1,258.64,1,258.43,2,259.54,1,259.55,1,259.66,1,259.89,1,259.9,7,259.94,2,259.96,1,260.13,1,260.14,2,260.15,1
2025-04-10 09:35:16,259.265,259.26,1,258.99,3,259.54,2,259.54,258.99,258.99,3,258.92,4,258.83,2,258.72,1,258.7,1,258.68,1,258.67,3,258.66,1,258.64,1,258.43,2,259.54,2,259.55,1,259.66,1,259.89,1,259.9,7,259.94,2,259.96,1,260.13,1,260.14,2,260.15,1
2025-04-10 09:35:17,259.265,259.26,1,258.99,3,259.54,2,259.54,258.99,258.99,3,258.92,4,258.83,2,258.72,1,258.7,1,258.68,1,258.67,3,258.66,1,258.64,1,258.43,2,259.54,2,259.55,1,259.66,1,259.89,1,259.9,7,259.94,2,259.96,1,260.13,1,260.14,2,260.15,1
2025-04-10 09:35:18,259.265,259.26,1,258.99,3,259.54,2,259.54,258.99,258.99,3,258.92,4,258.83,2,258.72,1,258.7,1,258.68,1,258.67,3,258.66,1,258.64,1,258.43,2,259.54,2,259.55,1,259.66,1,259.89,1,259.9,7,259.94,2,259.96,1,260.13,1,260.14,2,260.15,1
2025-04-10 09:35:19,259.265,259.26,1,258.99,3,259.54,2,259.54,258.99,258.99,3,258.92,4,258.83,2,258.72,1,258.7,1,258.68,1,258.67,3,258.66,1,258.64,1,258.43,2,259.54,2,259.55,1,259.66,1,259.89,1,259.9,7,259.94,2,259.96,1,260.13,1,260.14,2,260.15,1
2025-04-10 09:35:20,259.265,259.26,1,258.99,3,259.54,2,259.54,258.99,258.99,3,258.92,4,258.83,2,258.72,1,258.7,1,258.68,1,258.67,3,258.66,1,258.64,1,258.43,2,259.54,2,259.55,1,259.66,1,259.89,1,259.9,7,259.94,2,259.96,1,260.13,1,260.14,2,260.15,1
2025-04-10 09:35:21,259.265,259.19,1,258.99,3,259.54,2,259.54,258.99,258.99,3,258.92,4,258.83,2,258.72,1,258.7,1,258.68,1,258.67,3,258.66,1,258.64,1,258.43,2,259.54,2,259.55,1,259.66,1,259.89,1,259.9,7,259.94,2,259.96,1,260.13,1,260.14,2,260.15,1
2025-04-10 09:35:22,259.265,259.19,1,258.99,3,259.54,2,259.54,258.99,258.99,3,258.92,4,258.83,2,258.72,1,258.7,1,258.68,1,258.67,3,258.66,1,258.64,1,258.43,2,259.54,2,259.55,1,259.66,1,259.89,1,259.9,7,259.94,2,259.96,1,260.13,1,260.14,2,260.15,1
2025-04-10 09:35:23,259.265,259.19,1,258.99,3,259.54,2,259.54,258.99,258.99,3,258.92,4,258.83,2,258.72,1,258.7,1,258.68,1,258.67,3,258.66,1,258.64,1,258.43,2,259.54,2,259.55,1,259.66,1,259.89,1,259.9,7,259.94,2,259.96,1,260.13,1,260.14,2,260.15,1
2025-04-10 09:35:24,259.265,259.19,1,258.99,3,259.54,2,259.54,258.99,258.99,3,258.92,4,258.83,2,258.72,1,258.7,1,258.68,1,258.67,3,258.66,1,258.64,1,258.43,2,259.54,2,259.55,1,259.66,1,259.89,1,259.9,7,259.94,2,259.96,1,260.13,1,260.14,2,260.15,1
2025-04-10 09:35:25,259.265,259.19,1,258.99,3,259.54,2,259.54,258.99,258.99,3,258.92,4,258.83,2,258.72,1,258.7,1,258.68,1,258.67,3,258.66,1,258.64,1,258.43,2,259.54,2,259.55,1,259.66,1,259.89,1,259.9,7,259.94,2,259.96,1,260.13,1,260.14,2,260.15,1
2025-04-10 09:35:26,259.265,259.26,1,258.99,4,259.54,2,259.54,258.99,258.99,4,258.92,4,258.83,2,258.72,1,258.7,1,258.68,1,258.67,3,258.66,1,258.64,1,258.43,2,259.54,2,259.55,1,259.66,1,259.89,1,259.9,7,259.94,2,259.96,1,260.13,1,260.14,2,260.15,1
2025-04-10 09:35:27,259.265,259.26,1,258.99,4,259.54,2,259.54,258.99,258.99,4,258.92,4,258.83,2,258.72,1,258.7,1,258.68,1,258.67,3,258.66,1,258.64,1,258.43,2,259.54,2,259.55,1,259.66,1,259.89,1,259.9,7,259.94,2,259.96,1,260.13,1,260.14,2,260.15,1
2025-04-10 09:35:28,259.265,259.26,2,258.99,4,259.54,2,259.54,258.99,258.99,4,258.92,4,258.83,2,258.72,1,258.7,1,258.68,1,258.67,3,258.66,1,258.64,1,258.43,2,259.54,2,259.55,1,259.66,1,259.89,1,259.9,7,259.94,2,259.96,1,260.13,1,260.14,2,260.15,1
2025-04-10 09:35:29,259.265,259.38,1,258.99,4,259.54,2,259.54,258.99,258.99,4,258.92,4,258.83,2,258.72,1,258.7,1,258.68,1,258.67,3,258.66,1,258.64,1,258.43,2,259.54,2,259.55,1,259.66,1,259.89,1,259.9,7,259.94,2,259.96,1,260.13,1,260.14,2,260.15,1
2025-04-10 09:35:30,259.26,259.5,1,258.99,5,259.53,1,259.53,258.99,258.99,5,258.92,4,258.83,2,258.72,1,258.7,1,258.68,1,258.67,3,258.66,1,258.64,1,258.43,2,259.53,1,259.54,2,259.55,1,259.66,1,259.89,1,259.9,7,259.94,2,259.96,1,260.13,1,260.14,2
2025-04-10 09:35:31,259.26,259.02,1,258.99,4,259.53,1,259.53,258.99,258.99,4,258.92,4,258.83,2,258.72,1,258.7,1,258.68,1,258.67,3,258.66,1,258.64,1,258.43,2,259.53,1,259.54,2,259.55,1,259.66,1,259.89,1,259.9,7,259.94,2,259.96,1,260.13,1,260.14,2
2025-04-10 09:35:32,259.27,259.02,1,259.01,1,259.53,2,259.53,259.01,259.01,1,258.99,4,258.92,4,258.83,2,258.72,1,258.7,1,258.68,1,258.67,3,258.66,1,258.64,1,259.53,2,259.54,2,259.55,1,259.66,1,259.89,1,259.9,7,259.94,2,259.96,1,260.13,1,260.14,2
2025-04-10 09:35:33,259.25,259.02,1,259.01,1,259.49,2,259.49,259.01,259.01,1,258.99,4,258.92,4,258.83,2,258.72,1,258.7,1,258.68,1,258.67,3,258.66,1,258.64,1,259.49,2,259.53,2,259.54,2,259.55,1,259.66,1,259.89,1,259.9,7,259.94,2,259.96,1,260.13,1
2025-04-10 09:35:34,259.26,259.16,1,259.03,1,259.49,1,259.49,259.03,259.03,1,259.01,1,258.99,4,258.92,4,258.83,2,258.72,1,258.7,1,258.68,1,258.67,3,258.66,1,259.49,1,259.53,2,259.54,2,259.55,1,259.66,1,259.89,1,259.9,7,259.94,2,259.96,1,260.13,1
2025-04-10 09:35:35,259.26,259.16,1,259.03,1,259.49,1,259.49,259.03,259.03,1,259.01,1,258.99,4,258.92,4,258.83,2,258.72,1,258.7,1,258.68,1,258.67,3,258.66,1,259.49,1,259.53,2,259.54,2,259.55,1,259.66,1,259.89,1,259.9,7,259.94,2,259.96,1,260.13,1
2025-04-10 09:35:36,259.28,259.16,1,259.07,1,259.49,1,259.49,259.07,259.07,1,259.03,1,259.01,1,258.99,4,258.92,4,258.83,2,258.72,1,258.7,1,258.68,1,258.67,3,259.49,1,259.53,2,259.54,2,259.55,1,259.66,1,259.89,1,259.9,7,259.94,2,259.96,1,260.13,1
2025-04-10 09:35:37,259.29,259.16,1,259.09,2,259.49,1,259.49,259.09,259.09,2,259.07,2,259.03,1,259.01,1,258.99,4,258.92,4,258.83,2,258.72,1,258.7,1,258.68,1,259.49,1,259.53,2,259.54,2,259.55,1,259.66,1,259.89,1,259.9,7,259.94,2,259.96,1,260.13,1
2025-04-10 09:35:38,259.29,259.48,1,259.09,2,259.49,1,259.49,259.09,259.09,2,259.07,2,259.03,1,259.01,1,258.99,4,258.92,4,258.83,2,258.72,1,258.7,1,258.68,1,259.49,1,259.53,2,259.54,2,259.55,1,259.66,1,259.89,1,259.9,7,259.94,2,259.96,1,260.13,1
2025-04-10 09:35:39,259.255,259.06,1,259.02,2,259.49,2,259.49,259.02,259.02,2,259.01,1,258.99,4,258.92,4,258.83,2,258.72,1,258.7,1,258.68,1,258.67,3,258.66,1,259.49,2,259.53,2,259.54,2,259.55,1,259.66,1,259.89,1,259.9,7,259.94,2,259.96,1,260.13,1
2025-04-10 09:35:40,259.12,259.12,1,258.76,1,259.48,2,259.48,258.76,258.76,1,258.72,1,258.7,1,258.68,1,258.67,3,258.66,1,258.64,1,258.43,2,258.35,1,258.16,1,259.48,2,259.49,2,259.53,2,259.54,2,259.55,1,259.66,1,259.89,1,259.9,7,259.94,2,259.96,1
2025-04-10 09:35:41,258.91,258.9,1,258.46,1,259.36,6,259.36,258.46,258.46,1,258.44,2,258.43,2,258.35,1,258.16,1,258.06,1,258.0,1,,,,,,,259.36,6,259.48,3,259.49,2,259.53,2,259.54,2,259.55,1,259.66,1,259.89,1,259.9,7,259.94,2
2025-04-10 09:35:42,259.01,258.9,1,258.66,1,259.36,6,259.36,258.66,258.66,1,258.53,1,258.46,2,258.44,2,258.43,2,258.35,1,258.16,1,258.06,1,258.0,1,,,259.36,6,259.48,3,259.49,2,259.53,2,259.54,2,259.55,1,259.66,1,259.89,1,259.9,7,259.94,2
2025-04-10 09:35:43,259.01,258.9,1,258.66,1,259.36,6,259.36,258.66,258.66,1,258.53,1,258.46,2,258.44,2,258.43,2,258.35,1,258.16,1,258.06,1,258.0,1,,,259.36,6,259.48,3,259.49,2,259.53,2,259.54,2,259.55,1,259.66,1,259.89,1,259.9,7,259.94,2
2025-04-10 09:35:44,259.01,258.9,1,258.66,1,259.36,10,259.36,258.66,258.66,1,258.53,1,258.46,2,258.44,2,258.43,2,258.35,1,258.16,1,258.06,1,258.0,1,,,259.36,10,259.48,3,259.49,2,259.53,2,259.54,2,259.55,1,259.66,1,259.89,1,259.9,7,259.94,2
2025-04-10 09:35:45,259.01,258.9,1,258.66,1,259.36,10,259.36,258.66,258.66,1,258.53,1,258.46,2,258.44,2,258.43,2,258.35,1,258.16,1,258.06,1,258.0,1,,,259.36,10,259.48,3,259.49,2,259.53,2,259.54,2,259.55,1,259.66,1,259.89,1,259.9,7,259.94,2
2025-04-10 09:35:46,259.01,258.9,1,258.66,1,259.36,10,259.36,258.66,258.66,1,258.53,1,258.46,2,258.44,2,258.43,2,258.35,1,258.16,1,258.06,1,258.0,1,,,259.36,10,259.48,3,259.49,2,259.53,2,259.54,2,259.55,1,259.66,1,259.89,1,259.9,7,259.94,2
2025-04-10 09:35:47,259.01,258.76,1,258.66,1,259.36,10,259.36,258.66,258.66,1,258.53,1,258.46,2,258.44,2,258.43,2,258.35,1,258.16,1,258.06,1,258.0,1,,,259.36,10,259.48,3,259.49,2,259.53,2,259.54,2,259.55,1,259.66,1,259.89,1,259.9,7,259.94,2
2025-04-10 09:35:48,258.85,258.91,1,258.66,4,259.04,1,259.04,258.66,258.66,4,258.53,1,258.46,2,258.44,2,258.43,2,258.35,1,258.16,1,258.06,1,258.0,1,,,259.04,1,259.35,1,259.36,9,259.48,3,259.49,2,259.53,2,259.54,2,259.55,1,259.66,1,259.89,1
2025-04-10 09:35:49,258.85,258.98,1,258.66,4,259.04,1,259.04,258.66,258.66,4,258.53,1,258.46,2,258.44,2,258.43,2,258.35,1,258.16,1,258.06,1,258.0,1,,,259.04,1,259.35,1,259.36,9,259.48,3,259.49,2,259.53,2,259.54,2,259.55,1,259.66,1,259.89,1
2025-04-10 09:35:50,258.85,258.98,1,258.66,4,259.04,1,259.04,258.66,258.66,4,258.53,1,258.46,2,258.44,2,258.43,2,258.35,1,258.16,1,258.06,1,258.0,1,,,259.04,1,259.35,1,259.36,9,259.48,3,259.49,2,259.53,2,259.54,2,259.55,1,259.66,1,259.89,1
2025-04-10 09:35:51,258.915,258.98,1,258.66,4,259.17,1,259.17,258.66,258.66,4,258.53,1,258.46,2,258.44,2,258.43,2,258.35,1,258.16,1,258.06,1,258.0,1,,,259.17,1,259.35,1,259.36,9,259.48,3,259.49,2,259.53,2,259.54,2,259.55,1,259.66,1,259.89,1
2025-04-10 09:35:52,258.915,258.98,1,258.66,4,259.17,1,259.17,258.66,258.66,4,258.53,1,258.46,2,258.44,2,258.43,2,258.35,1,258.16,1,258.06,1,258.0,1,,,259.17,1,259.35,1,259.36,9,259.48,3,259.49,2,259.53,2,259.54,2,259.55,1,259.66,1,259.89,1
2025-04-10 09:35:53,258.915,258.92,1,258.66,4,259.17,1,259.17,258.66,258.66,4,258.53,1,258.46,2,258.44,2,258.43,2,258.35,1,258.16,1,258.06,1,258.0,1,,,259.17,1,259.35,1,259.36,9,259.48,3,259.49,2,259.53,2,259.54,2,259.55,1,259.66,1,259.89,1
2025-04-10 09:35:54,258.915,258.92,1,258.66,4,259.17,1,259.17,258.66,258.66,4,258.53,1,258.46,2,258.44,2,258.43,2,258.35,1,258.16,1,258.06,1,258.0,1,,,259.17,1,259.35,1,259.36,9,259.48,3,259.49,2,259.53,2,259.54,2,259.55,1,259.66,1,259.89,1
2025-04-10 09:35:55,258.915,258.92,1,258.66,4,259.17,1,259.17,258.66,258.66,4,258.53,1,258.46,2,258.44,2,258.43,2,258.35,1,258.16,1,258.06,1,258.0,1,,,259.17,1,259.35,1,259.36,9,259.48,3,259.49,2,259.53,2,259.54,2,259.55,1,259.66,1,259.89,1
2025-04-10 09:35:56,258.915,258.92,1,258.66,4,259.17,1,259.17,258.66,258.66,4,258.53,1,258.46,2,258.44,2,258.43,2,258.35,1,258.16,1,258.06,1,258.0,1,,,259.17,1,259.35,1,259.36,9,259.48,3,259.49,2,259.53,2,259.54,2,259.55,1,259.66,1,259.89,1
2025-04-10 09:35:57,258.965,258.92,1,258.66,4,259.27,1,259.27,258.66,258.66,4,258.53,1,258.46,2,258.44,2,258.43,2,258.35,1,258.16,1,258.06,1,258.0,1,,,259.27,1,259.28,1,259.35,1,259.36,9,259.48,3,259.49,2,259.53,2,259.54,2,259.55,1,259.66,1
2025-04-10 09:35:58,258.965,259.02,1,258.66,4,259.27,1,259.27,258.66,258.66,4,258.53,1,258.46,2,258.44,2,258.43,2,258.35,1,258.16,1,258.06,1,258.0,1,,,259.27,1,259.28,1,259.35,1,259.36,9,259.48,3,259.49,2,259.53,2,259.54,2,259.55,1,259.66,1
2025-04-10 09:35:59,258.965,259.02,1,258.66,4,259.27,1,259.27,258.66,258.66,4,258.53,1,258.46,2,258.44,2,258.43,2,258.35,1,258.16,1,258.06,1,258.0,1,,,259.27,1,259.28,1,259.35,1,259.36,9,259.48,3,259.49,2,259.53,2,259.54,2,259.55,1,259.66,1
2025-04-10 09:36:00,258.955,258.73,1,258.66,5,259.25,1,259.25,258.66,258.66,5,258.53,1,258.46,2,258.44,2,258.43,2,258.35,1,258.16,1,258.06,1,258.0,1,,,259.25,1,259.27,1,259.28,1,259.35,1,259.36,9,259.48,3,259.49,2,259.53,2,259.54,2,259.55,1
2025-04-10 09:36:01,258.955,258.73,1,258.66,5,259.25,1,259.25,258.66,258.66,5,258.53,1,258.46,2,258.44,2,258.43,2,258.35,1,258.16,1,258.06,1,258.0,1,,,259.25,1,259.27,1,259.28,1,259.35,1,259.36,9,259.48,3,259.49,2,259.53,2,259.54,2,259.55,1
2025-04-10 09:36:02,258.775,258.77,1,258.44,1,259.11,5,259.11,258.44,258.44,1,258.4,1,258.35,1,258.16,1,258.06,1,258.0,1,,,,,,,,,259.11,5,259.18,2,259.24,1,259.25,2,259.27,1,259.28,1,259.35,1,259.36,9,259.48,3,259.49,2
2025-04-10 09:36:03,258.76,258.77,1,258.44,1,259.08,1,259.08,258.44,258.44,1,258.4,1,258.35,1,258.16,1,258.06,1,258.0,1,,,,,,,,,259.08,1,259.11,5,259.18,2,259.24,1,259.25,2,259.27,1,259.28,1,259.35,1,259.36,9,259.48,3
2025-04-10 09:36:04,258.76,258.77,1,258.44,1,259.08,1,259.08,258.44,258.44,1,258.4,1,258.35,1,258.16,1,258.06,1,258.0,1,,,,,,,,,259.08,1,259.11,5,259.18,2,259.24,1,259.25,2,259.27,1,259.28,1,259.35,1,259.36,9,259.48,3
2025-04-10 09:36:05,258.865,258.77,1,258.59,1,259.14,1,259.14,258.59,258.59,1,258.46,3,258.43,1,258.42,3,258.35,3,258.16,1,258.06,1,258.0,1,,,,,259.14,1,259.18,2,259.24,1,259.25,2,259.27,1,259.28,1,259.35,1,259.36,9,259.48,3,259.49,2
2025-04-10 09:36:06,258.865,258.87,1,258.59,1,259.14,1,259.14,258.59,258.59,1,258.46,3,258.43,1,258.42,3,258.35,3,258.16,1,258.06,1,258.0,1,,,,,259.14,1,259.18,2,259.24,1,259.25,2,259.27,1,259.28,1,259.35,1,259.36,9,259.48,3,259.49,2
2025-04-10 09:36:07,258.955,258.87,1,258.77,1,259.14,1,259.14,258.77,258.77,1,258.59,4,258.46,3,258.43,1,258.42,3,258.35,3,258.16,1,258.06,1,258.0,1,,,259.14,1,259.18,2,259.24,1,259.25,2,259.27,1,259.28,1,259.35,1,259.36,9,259.48,3,259.49,2
2025-04-10 09:36:08,258.955,258.87,1,258.77,1,259.14,1,259.14,258.77,258.77,1,258.59,4,258.46,3,258.43,1,258.42,3,258.35,3,258.16,1,258.06,1,258.0,1,,,259.14,1,259.18,2,259.24,1,259.25,2,259.27,1,259.28,1,259.35,1,259.36,9,259.48,3,259.49,2
2025-04-10 09:36:09,258.955,258.77,1,258.77,1,259.14,1,259.14,258.77,258.77,1,258.59,4,258.46,3,258.43,1,258.42,3,258.35,3,258.16,1,258.06,1,258.0,1,,,259.14,1,259.18,2,259.24,1,259.25,2,259.27,1,259.28,1,259.35,1,259.36,9,259.48,3,259.49,2
2025-04-10 09:36:10,258.955,258.77,1,258.77,1,259.14,1,259.14,258.77,258.77,1,258.59,4,258.46,3,258.43,1,258.42,3,258.35,3,258.16,1,258.06,1,258.0,1,,,259.14,1,259.18,2,259.24,1,259.25,2,259.27,1,259.28,1,259.35,1,259.36,9,259.48,3,259.49,2
2025-04-10 09:36:11,258.79,258.52,1,258.44,1,259.14,2,259.14,258.44,258.44,1,258.42,5,258.35,3,258.16,1,258.06,1,258.0,1,,,,,,,,,259.14,2,259.18,2,259.24,1,259.25,2,259.27,1,259.28,1,259.35,1,259.36,9,259.48,3,259.49,2
2025-04-10 09:36:12,258.79,258.52,1,258.44,1,259.14,3,259.14,258.44,258.44,1,258.42,5,258.35,3,258.16,1,258.06,1,258.0,1,,,,,,,,,259.14,3,259.18,2,259.24,1,259.25,2,259.27,1,259.28,1,259.35,1,259.36,9,259.48,3,259.49,2
2025-04-10 09:36:13,258.79,258.52,1,258.44,1,259.14,3,259.14,258.44,258.44,1,258.42,5,258.35,3,258.16,1,258.06,1,258.0,1,,,,,,,,,259.14,3,259.18,2,259.24,1,259.25,2,259.27,1,259.28,1,259.35,1,259.36,9,259.48,3,259.49,2
2025-04-10 09:36:14,258.79,258.52,1,258.44,1,259.14,3,259.14,258.44,258.44,1,258.42,5,258.35,3,258.16,1,258.06,1,258.0,1,,,,,,,,,259.14,3,259.18,2,259.24,1,259.25,2,259.27,1,259.28,1,259.35,1,259.36,9,259.48,3,259.49,2
2025-04-10 09:36:15,258.79,258.79,1,258.44,1,259.14,3,259.14,258.44,258.44,1,258.42,5,258.35,3,258.16,1,258.06,1,258.0,1,,,,,,,,,259.14,3,259.18,2,259.24,1,259.25,2,259.27,1,259.28,1,259.35,1,259.36,9,259.48,3,259.49,2
2025-04-10 09:36:16,258.79,258.81,1,258.44,1,259.14,3,259.14,258.44,258.44,1,258.42,5,258.35,3,258.16,1,258.06,1,258.0,1,,,,,,,,,259.14,3,259.18,2,259.24,1,259.25,2,259.27,1,259.28,1,259.35,1,259.36,9,259.48,3,259.49,2
2025-04-10 09:36:17,258.79,258.81,1,258.44,1,259.14,2,259.14,258.44,258.44,1,258.42,5,258.35,3,258.16,1,258.06,1,258.0,1,,,,,,,,,259.14,2,259.18,2,259.24,1,259.25,2,259.27,1,259.28,1,259.35,1,259.36,9,259.48,3,259.49,2
2025-04-10 09:36:18,258.79,258.81,1,258.44,2,259.14,1,259.14,258.44,258.44,2,258.42,5,258.35,3,258.16,1,258.06,1,258.0,1,,,,,,,,,259.14,1,259.18,2,259.24,1,259.25,2,259.27,1,259.28,1,259.35,1,259.36,9,259.48,3,259.49,2
2025-04-10 09:36:19,258.79,258.81,1,258.44,2,259.14,1,259.14,258.44,258.44,2,258.42,5,258.35,3,258.16,1,258.06,1,258.0,1,,,,,,,,,259.14,1,259.18,2,259.24,1,259.25,2,259.27,1,259.28,1,259.35,1,259.36,9,259.48,3,259.49,2
2025-04-10 09:36:20,258.79,258.99,1,258.44,2,259.14,1,259.14,258.44,258.44,2,258.42,5,258.35,3,258.16,1,258.06,1,258.0,1,,,,,,,,,259.14,1,259.18,2,259.24,1,259.25,2,259.27,1,259.28,1,259.35,1,259.36,9,259.48,3,259.49,2
2025-04-10 09:36:21,258.79,258.99,1,258.44,2,259.14,1,259.14,258.44,258.44,2,258.42,5,258.35,3,258.16,1,258.06,1,258.0,1,,,,,,,,,259.14,1,259.18,2,259.24,1,259.25,2,259.27,1,259.28,1,259.35,1,259.36,9,259.48,3,259.49,2
2025-04-10 09:36:22,258.79,258.79,1,258.44,2,259.14,1,259.14,258.44,258.44,2,258.42,5,258.35,3,258.16,1,258.06,1,258.0,1,,,,,,,,,259.14,1,259.18,2,259.24,1,259.25,2,259.27,1,259.28,1,259.35,1,259.36,9,259.48,3,259.49,2
2025-04-10 09:36:23,258.79,258.79,1,258.44,2,259.14,1,259.14,258.44,258.44,2,258.42,5,258.35,3,258.16,1,258.06,1,258.0,1,,,,,,,,,259.14,1,259.18,2,259.24,1,259.25,2,259.27,1,259.28,1,259.35,1,259.36,9,259.48,3,259.49,2
2025-04-10 09:36:24,258.79,258.79,1,258.44,2,259.14,1,259.14,258.44,258.44,2,258.42,5,258.35,3,258.16,1,258.06,1,258.0,1,,,,,,,,,259.14,1,259.18,2,259.24,1,259.25,2,259.27,1,259.28,1,259.35,1,259.36,9,259.48,3,259.49,2
2025-04-10 09:36:25,258.79,258.79,1,258.44,2,259.14,1,259.14,258.44,258.44,2,258.42,5,258.35,3,258.16,1,258.06,1,258.0,1,,,,,,,,,259.14,1,259.18,2,259.24,1,259.25,2,259.27,1,259.28,1,259.35,1,259.36,9,259.48,3,259.49,2
2025-04-10 09:36:26,258.69,258.44,1,258.39,1,258.99,1,258.99,258.39,258.39,1,258.35,3,258.16,1,258.06,1,258.0,1,,,,,,,,,,,258.99,1,259.07,3,259.14,3,259.18,2,259.24,1,259.25,2,259.27,1,259.28,1,259.35,1,259.36,9
2025-04-10 09:36:27,258.69,258.44,1,258.39,1,258.99,2,258.99,258.39,258.39,1,258.35,3,258.16,1,258.06,1,258.0,1,,,,,,,,,,,258.99,2,259.07,3,259.14,3,259.18,2,259.24,1,259.25,2,259.27,1,259.28,1,259.35,1,259.36,9
2025-04-10 09:36:28,258.435,258.74,36,258.12,1,258.75,1,258.75,258.12,258.12,1,258.05,1,258.0,1,,,,,,,,,,,,,,,258.75,1,258.76,1,258.97,1,258.98,3,258.99,5,259.07,3,259.14,3,259.18,2,259.24,1,259.25,2
2025-04-10 09:36:29,258.475,258.48,1,258.2,1,258.75,2,258.75,258.2,258.2,1,258.12,1,258.05,1,258.0,1,,,,,,,,,,,,,258.75,2,258.76,1,258.97,1,258.98,3,258.99,5,259.07,3,259.14,3,259.18,2,259.24,1,259.25,2
2025-04-10 09:36:30,258.495,258.48,1,258.25,1,258.74,1,258.74,258.25,258.25,1,258.12,2,258.05,1,258.0,1,,,,,,,,,,,,,258.74,1,258.75,2,258.76,1,258.97,1,258.98,3,258.99,5,259.07,3,259.14,3,259.18,2,259.24,1
2025-04-10 09:36:31,258.495,258.65,1,258.25,1,258.74,1,258.74,258.25,258.25,1,258.12,2,258.05,1,258.0,1,,,,,,,,,,,,,258.74,1,258.75,2,258.76,1,258.97,1,258.98,3,258.99,5,259.07,3,259.14,3,259.18,2,259.24,1
2025-04-10 09:36:32,258.5,258.65,1,258.25,1,258.75,1,258.75,258.25,258.25,1,258.12,1,258.05,1,258.0,1,,,,,,,,,,,,,258.75,1,258.76,1,258.97,1,258.98,3,258.99,5,259.07,3,259.14,3,259.18,2,259.24,1,259.25,2
2025-04-10 09:36:33,258.79,258.98,1,258.46,1,259.12,1,259.12,258.46,258.46,1,258.34,1,258.25,1,258.12,1,258.05,1,258.0,1,,,,,,,,,259.12,1,259.14,1,259.18,2,259.24,1,259.25,2,259.27,1,259.28,1,259.35,1,259.36,9,259.48,3
2025-04-10 09:36:34,258.67,258.79,1,258.35,1,258.99,1,258.99,258.35,258.35,1,258.34,1,258.25,1,258.12,1,258.05,1,258.0,1,,,,,,,,,258.99,1,259.12,1,259.14,1,259.18,2,259.24,1,259.25,2,259.27,1,259.28,1,259.35,1,259.36,9
2025-04-10 09:36:35,258.69,258.79,1,258.39,1,258.99,2,258.99,258.39,258.39,1,258.35,1,258.34,1,258.25,1,258.12,1,258.05,1,258.0,1,,,,,,,258.99,2,259.12,1,259.14,1,259.18,2,259.24,1,259.25,2,259.27,1,259.28,1,259.35,1,259.36,9
2025-04-10 09:36:36,258.69,258.79,1,258.39,1,258.99,2,258.99,258.39,258.39,1,258.35,1,258.34,1,258.25,1,258.12,1,258.05,1,258.0,1,,,,,,,258.99,2,259.12,1,259.14,1,259.18,2,259.24,1,259.25,2,259.27,1,259.28,1,259.35,1,259.36,9
2025-04-10 09:36:37,258.7,258.79,1,258.41,1,258.99,3,258.99,258.41,258.41,1,258.39,1,258.35,1,258.34,1,258.25,1,258.12,1,258.05,1,258.0,1,,,,,258.99,3,259.12,1,259.14,1,259.18,2,259.24,1,259.25,2,259.27,1,259.28,1,259.35,1,259.36,9
2025-04-10 09:36:38,258.705,258.7,1,258.42,1,258.99,3,258.99,258.42,258.42,1,258.41,1,258.39,1,258.35,1,258.34,1,258.25,1,258.12,1,258.05,1,258.0,1,,,258.99,3,259.12,1,259.14,1,259.18,2,259.24,1,259.25,2,259.27,1,259.28,1,259.35,1,259.36,9
2025-04-10 09:36:39,258.705,258.7,1,258.42,1,258.99,3,258.99,258.42,258.42,1,258.41,1,258.39,1,258.35,1,258.34,1,258.25,1,258.12,1,258.05,1,258.0,1,,,258.99,3,259.12,1,259.14,1,259.18,2,259.24,1,259.25,2,259.27,1,259.28,1,259.35,1,259.36,9
2025-04-10 09:36:40,258.705,258.7,1,258.42,1,258.99,3,258.99,258.42,258.42,1,258.41,1,258.39,1,258.35,1,258.34,1,258.25,1,258.12,1,258.05,1,258.0,1,,,258.99,3,259.12,1,259.14,1,259.18,2,259.24,1,259.25,2,259.27,1,259.28,1,259.35,1,259.36,9
2025-04-10 09:36:41,258.715,258.7,1,258.44,1,258.99,3,258.99,258.44,258.44,1,258.42,2,258.41,1,258.39,1,258.35,1,258.34,1,258.25,1,258.12,1,258.05,1,258.0,1,258.99,3,259.12,1,259.14,1,259.18,2,259.24,1,259.25,2,259.27,1,259.28,1,259.35,1,259.36,9
2025-04-10 09:36:42,258.735,258.7,1,258.48,1,258.99,3,258.99,258.48,258.48,1,258.41,2,258.39,2,258.35,1,258.34,1,258.25,1,258.12,1,258.05,1,258.0,1,,,258.99,3,259.12,1,259.14,1,259.18,2,259.24,1,259.25,2,259.27,1,259.28,1,259.35,1,259.36,9
2025-04-10 09:36:43,258.735,258.7,1,258.48,3,258.99,3,258.99,258.48,258.48,3,258.41,2,258.39,2,258.35,1,258.34,1,258.25,1,258.12,1,258.05,1,258.0,1,,,258.99,3,259.12,1,259.14,1,259.18,2,259.24,1,259.25,2,259.27,1,259.28,1,259.35,1,259.36,9
2025-04-10 09:36:44,258.935,258.94,1,258.73,2,259.14,1,259.14,258.73,258.73,2,258.5,1,258.49,1,258.48,3,258.41,2,258.39,2,258.35,1,258.34,1,258.25,1,258.12,1,259.14,1,259.18,2,259.24,1,259.25,2,259.27,1,259.28,1,259.35,1,259.36,9,259.48,3,259.49,2
2025-04-10 09:36:45,258.935,258.94,1,258.73,2,259.14,1,259.14,258.73,258.73,2,258.5,1,258.49,1,258.48,3,258.41,2,258.39,2,258.35,1,258.34,1,258.25,1,258.12,1,259.14,1,259.18,2,259.24,1,259.25,2,259.27,1,259.28,1,259.35,1,259.36,9,259.48,3,259.49,2
2025-04-10 09:36:46,258.74,258.94,1,258.48,4,259.0,1,259.0,258.48,258.48,4,258.41,2,258.39,2,258.35,1,258.34,1,258.25,1,258.12,1,258.05,1,258.0,1,,,259.0,1,259.14,2,259.18,2,259.24,1,259.25,2,259.27,1,259.28,1,259.35,1,259.36,9,259.48,3
2025-04-10 09:36:47,258.74,258.94,1,258.48,4,259.0,1,259.0,258.48,258.48,4,258.41,2,258.39,2,258.35,1,258.34,1,258.25,1,258.12,1,258.05,1,258.0,1,,,259.0,1,259.14,2,259.18,2,259.24,1,259.25,2,259.27,1,259.28,1,259.35,1,259.36,9,259.48,3
2025-04-10 09:36:48,258.74,258.94,1,258.48,6,259.0,1,259.0,258.48,258.48,6,258.41,2,258.39,2,258.35,1,258.34,1,258.25,1,258.12,1,258.05,1,258.0,1,,,259.0,1,259.14,2,259.18,2,259.24,1,259.25,2,259.27,1,259.28,1,259.35,1,259.36,9,259.48,3
2025-04-10 09:36:49,258.74,258.94,1,258.48,6,259.0,1,259.0,258.48,258.48,6,258.41,2,258.39,2,258.35,1,258.34,1,258.25,1,258.12,1,258.05,1,258.0,1,,,259.0,1,259.14,2,259.18,2,259.24,1,259.25,2,259.27,1,259.28,1,259.35,1,259.36,9,259.48,3
2025-04-10 09:36:50,258.74,258.74,1,258.48,7,259.0,1,259.0,258.48,258.48,7,258.41,2,258.39,2,258.35,1,258.34,1,258.25,1,258.12,1,258.05,1,258.0,1,,,259.0,1,259.14,2,259.18,2,259.24,1,259.25,2,259.27,1,259.28,1,259.35,1,259.36,9,259.48,3
2025-04-10 09:36:51,258.74,258.74,1,258.48,7,259.0,1,259.0,258.48,258.48,7,258.41,2,258.39,2,258.35,1,258.34,1,258.25,1,258.12,1,258.05,1,258.0,1,,,259.0,1,259.14,2,259.18,2,259.24,1,259.25,2,259.27,1,259.28,1,259.35,1,259.36,9,259.48,3
2025-04-10 09:36:52,258.81,259.0,1,258.48,7,259.14,1,259.14,258.48,258.48,7,258.41,2,258.39,2,258.35,1,258.34,1,258.25,1,258.12,1,258.05,1,258.0,1,,,259.14,1,259.18,2,259.24,1,259.25,2,259.27,1,259.28,1,259.35,1,259.36,9,259.48,3,259.49,2
2025-04-10 09:36:53,258.81,259.14,1,258.48,7,259.14,1,259.14,258.48,258.48,7,258.41,2,258.39,2,258.35,1,258.34,1,258.25,1,258.12,1,258.05,1,258.0,1,,,259.14,1,259.18,2,259.24,1,259.25,2,259.27,1,259.28,1,259.35,1,259.36,9,259.48,3,259.49,2
2025-04-10 09:36:54,258.81,259.14,1,258.48,7,259.14,1,259.14,258.48,258.48,7,258.41,2,258.39,2,258.35,1,258.34,1,258.25,1,258.12,1,258.05,1,258.0,1,,,259.14,1,259.18,2,259.24,1,259.25,2,259.27,1,259.28,1,259.35,1,259.36,9,259.48,3,259.49,2
2025-04-10 09:36:55,258.9,259.03,1,258.55,1,259.25,1,259.25,258.55,258.55,1,258.48,6,258.41,2,258.39,2,258.35,1,258.34,1,258.25,1,258.12,1,258.05,1,258.0,1,259.25,1,259.32,1,259.35,2,259.36,9,259.48,3,259.49,2,259.53,2,259.54,2,259.55,1,259.66,1
2025-04-10 09:36:56,258.955,258.94,1,258.63,1,259.28,1,259.28,258.63,258.63,1,258.62,1,258.57,1,258.55,1,258.48,6,258.41,2,258.39,2,258.35,1,258.34,1,258.25,1,259.28,1,259.35,2,259.36,9,259.48,3,259.49,2,259.53,2,259.54,2,259.55,1,259.66,1,259.89,1
2025-04-10 09:36:57,258.94,258.94,1,258.63,1,259.25,1,259.25,258.63,258.63,1,258.62,1,258.57,1,258.55,1,258.48,6,258.41,2,258.39,2,258.35,1,258.34,1,258.25,1,259.25,1,259.26,1,259.28,1,259.35,2,259.36,9,259.48,3,259.49,2,259.53,2,259.54,2,259.55,1
2025-04-10 09:36:58,258.94,258.94,1,258.63,1,259.25,1,259.25,258.63,258.63,1,258.62,1,258.57,1,258.55,1,258.48,6,258.41,2,258.39,2,258.35,1,258.34,1,258.25,1,259.25,1,259.26,1,259.28,1,259.35,2,259.36,9,259.48,3,259.49,2,259.53,2,259.54,2,259.55,1
2025-04-10 09:36:59,258.91,258.95,1,258.63,1,259.19,1,259.19,258.63,258.63,1,258.62,1,258.57,1,258.55,1,258.48,6,258.41,2,258.39,2,258.35,1,258.34,1,258.25,1,259.19,1,259.25,1,259.26,1,259.28,1,259.35,2,259.36,9,259.48,3,259.49,2,259.53,2,259.54,2
2025-04-10 09:37:00,259.055,259.17,1,258.75,3,259.36,10,259.36,258.75,258.75,3,258.63,2,258.62,1,258.57,1,258.55,1,258.48,6,258.41,2,258.39,2,258.35,1,258.34,1,259.36,10,259.48,3,259.49,2,259.53,2,259.54,2,259.55,1,259.66,1,259.89,1,259.9,7,259.94,2
2025-04-10 09:37:01,259.035,259.1,1,258.75,4,259.32,1,259.32,258.75,258.75,4,258.63,2,258.62,1,258.57,1,258.55,1,258.48,6,258.41,2,258.39,2,258.35,1,258.34,1,259.32,1,259.36,10,259.48,3,259.49,2,259.53,2,259.54,2,259.55,1,259.66,1,259.89,1,259.9,7
2025-04-10 09:37:02,258.97,259.1,1,258.75,4,259.19,1,259.19,258.75,258.75,4,258.63,2,258.62,1,258.57,1,258.55,1,258.48,6,258.41,2,258.39,2,258.35,1,258.34,1,259.19,1,259.32,1,259.36,10,259.48,3,259.49,2,259.53,2,259.54,2,259.55,1,259.66,1,259.89,1
2025-04-10 09:37:03,259.035,259.1,1,258.75,4,259.32,1,259.32,258.75,258.75,4,258.63,2,258.62,1,258.57,1,258.55,1,258.48,6,258.41,2,258.39,2,258.35,1,258.34,1,259.32,1,259.36,10,259.48,3,259.49,2,259.53,2,259.54,2,259.55,1,259.66,1,259.89,1,259.9,7
2025-04-10 09:37:04,259.035,259.02,1,258.75,4,259.32,1,259.32,258.75,258.75,4,258.63,2,258.62,1,258.57,1,258.55,1,258.48,6,258.41,2,258.39,2,258.35,1,258.34,1,259.32,1,259.36,10,259.48,3,259.49,2,259.53,2,259.54,2,259.55,1,259.66,1,259.89,1,259.9,7
2025-04-10 09:37:05,258.895,258.9,1,258.7,4,259.09,2,259.09,258.7,258.7,4,258.63,2,258.62,1,258.57,1,258.55,1,258.48,6,258.41,2,258.39,2,258.35,1,258.34,1,259.09,2,259.18,2,259.19,2,259.32,2,259.36,10,259.48,3,259.49,2,259.53,2,259.54,2,259.55,1
2025-04-10 09:37:06,258.77,258.7,1,258.49,1,259.05,2,259.05,258.49,258.49,1,258.13,1,258.03,1,258.0,2,,,,,,,,,,,,,259.05,2,259.18,2,259.19,2,259.32,2,259.36,10,259.48,3,259.49,2,259.53,2,259.54,2,259.55,1
2025-04-10 09:37:07,258.77,258.76,1,258.49,1,259.05,2,259.05,258.49,258.49,1,258.13,1,258.03,1,258.0,2,,,,,,,,,,,,,259.05,2,259.18,2,259.19,2,259.32,2,259.36,10,259.48,3,259.49,2,259.53,2,259.54,2,259.55,1
2025-04-10 09:37:08,258.765,259.0,1,258.49,1,259.04,1,259.04,258.49,258.49,1,258.13,1,258.03,1,258.0,2,,,,,,,,,,,,,259.04,1,259.05,2,259.18,2,259.19,2,259.32,2,259.36,10,259.48,3,259.49,2,259.53,2,259.54,2
2025-04-10 09:37:09,258.765,259.0,1,258.49,1,259.04,1,259.04,258.49,258.49,1,258.13,1,258.03,1,258.0,2,,,,,,,,,,,,,259.04,1,259.05,2,259.18,2,259.19,2,259.32,2,259.36,10,259.48,3,259.49,2,259.53,2,259.54,2
2025-04-10 09:37:10,258.46,258.49,1,258.15,1,258.77,1,258.77,258.15,258.15,1,258.13,1,258.03,1,258.0,2,,,,,,,,,,,,,258.77,1,258.79,1,259.03,2,259.04,2,259.05,2,259.18,2,259.19,2,259.32,2,259.36,10,259.48,3
2025-04-10 09:37:11,258.46,258.49,1,258.15,2,258.77,3,258.77,258.15,258.15,2,258.13,1,258.03,1,258.0,2,,,,,,,,,,,,,258.77,3,258.79,1,259.03,2,259.04,2,259.05,2,259.18,2,259.19,2,259.32,2,259.36,10,259.48,3
2025-04-10 09:37:12,258.345,258.35,2,258.11,2,258.58,1,258.58,258.11,258.11,2,258.0,1,,,,,,,,,,,,,,,,,258.58,1,258.59,2,258.73,1,258.76,1,258.77,3,258.79,1,259.03,2,259.04,2,259.05,2,259.18,2
2025-04-10 09:37:13,258.345,258.35,1,258.11,2,258.58,2,258.58,258.11,258.11,2,258.0,1,,,,,,,,,,,,,,,,,258.58,2,258.59,2,258.73,1,258.76,1,258.77,3,258.79,1,259.03,2,259.04,2,259.05,2,259.18,2
2025-04-10 09:37:14,258.345,258.35,1,258.11,2,258.58,3,258.58,258.11,258.11,2,258.0,1,,,,,,,,,,,,,,,,,258.58,3,258.59,2,258.73,1,258.76,1,258.77,3,258.79,1,259.03,2,259.04,2,259.05,2,259.18,2
2025-04-10 09:37:15,258.29,258.39,1,258.11,2,258.47,1,258.47,258.11,258.11,2,258.0,1,,,,,,,,,,,,,,,,,258.47,1,258.57,1,258.58,3,258.59,2,258.73,1,258.76,1,258.77,3,258.79,1,259.03,2,259.04,2
2025-04-10 09:37:16,258.32,258.47,1,258.06,1,258.58,3,258.58,258.06,258.06,1,258.0,1,,,,,,,,,,,,,,,,,258.58,3,258.59,2,258.73,1,258.76,1,258.77,3,258.79,1,259.03,2,259.04,2,259.05,2,259.18,2
2025-04-10 09:37:17,258.32,258.32,1,258.06,2,258.58,3,258.58,258.06,258.06,2,258.0,1,,,,,,,,,,,,,,,,,258.58,3,258.59,2,258.73,1,258.76,1,258.77,3,258.79,1,259.03,2,259.04,2,259.05,2,259.18,2
2025-04-10 09:37:18,258.345,258.32,1,258.11,1,258.58,3,258.58,258.11,258.11,1,258.06,2,258.0,1,,,,,,,,,,,,,,,258.58,3,258.59,2,258.73,1,258.76,1,258.77,3,258.79,1,259.03,2,259.04,2,259.05,2,259.18,2
2025-04-10 09:37:19,258.365,258.32,1,258.15,1,258.58,3,258.58,258.15,258.15,1,258.11,1,258.06,2,258.0,1,,,,,,,,,,,,,258.58,3,258.59,2,258.73,1,258.76,1,258.77,3,258.79,1,259.03,2,259.04,2,259.05,2,259.18,2
2025-04-10 09:37:20,258.365,258.37,1,258.15,1,258.58,3,258.58,258.15,258.15,1,258.11,1,258.06,2,258.0,1,,,,,,,,,,,,,258.58,3,258.59,2,258.73,1,258.76,1,258.77,3,258.79,1,259.03,2,259.04,2,259.05,2,259.18,2
2025-04-10 09:37:21,258.365,258.37,1,258.15,1,258.58,3,258.58,258.15,258.15,1,258.11,1,258.06,2,258.0,1,,,,,,,,,,,,,258.58,3,258.59,2,258.73,1,258.76,1,258.77,3,258.79,1,259.03,2,259.04,2,259.05,2,259.18,2
2025-04-10 09:37:22,258.365,258.37,1,258.15,1,258.58,3,258.58,258.15,258.15,1,258.11,1,258.06,2,258.0,1,,,,,,,,,,,,,258.58,3,258.59,2,258.73,1,258.76,1,258.77,3,258.79,1,259.03,2,259.04,2,259.05,2,259.18,2
2025-04-10 09:37:23,258.365,258.37,1,258.15,1,258.58,3,258.58,258.15,258.15,1,258.11,1,258.06,2,258.0,1,,,,,,,,,,,,,258.58,3,258.59,2,258.73,1,258.76,1,258.77,3,258.79,1,259.03,2,259.04,2,259.05,2,259.18,2
2025-04-10 09:37:24,258.36,258.19,1,258.15,1,258.57,1,258.57,258.15,258.15,1,258.11,1,258.06,2,258.0,1,,,,,,,,,,,,,258.57,1,258.58,3,258.59,2,258.73,1,258.76,1,258.77,3,258.79,1,259.03,2,259.04,2,259.05,2
2025-04-10 09:37:25,258.315,258.19,1,258.06,2,258.57,2,258.57,258.06,258.06,2,258.0,1,,,,,,,,,,,,,,,,,258.57,2,258.58,3,258.59,2,258.73,1,258.76,1,258.77,3,258.79,1,259.03,2,259.04,2,259.05,2
2025-04-10 09:37:26,258.31,258.19,1,258.06,2,258.56,2,258.56,258.06,258.06,2,258.0,1,,,,,,,,,,,,,,,,,258.56,2,258.57,2,258.58,3,258.59,2,258.73,1,258.76,1,258.77,3,258.79,1,259.03,2,259.04,2
2025-04-10 09:37:27,258.31,258.31,2,258.06,2,258.56,3,258.56,258.06,258.06,2,258.0,1,,,,,,,,,,,,,,,,,258.56,3,258.57,2,258.58,3,258.59,2,258.73,1,258.76,1,258.77,3,258.79,1,259.03,2,259.04,2
2025-04-10 09:37:28,258.275,258.31,2,258.06,2,258.49,1,258.49,258.06,258.06,2,258.0,1,,,,,,,,,,,,,,,,,258.49,1,258.56,2,258.57,2,258.58,3,258.59,2,258.73,1,258.76,1,258.77,3,258.79,1,259.03,2
