sim_time,mid_price,last_price,last_size,best_bid_price,best_bid_size,best_ask_price,best_ask_size,close_price_buy,close_price_sell,bid1_price,bid1_size,bid2_price,bid2_size,bid3_price,bid3_size,bid4_price,bid4_size,bid5_price,bid5_size,bid6_price,bid6_size,bid7_price,bid7_size,bid8_price,bid8_size,bid9_price,bid9_size,bid10_price,bid10_size,ask1_price,ask1_size,ask2_price,ask2_size,ask3_price,ask3_size,ask4_price,ask4_size,ask5_price,ask5_size,ask6_price,ask6_size,ask7_price,ask7_size,ask8_price,ask8_size,ask9_price,ask9_size,ask10_price,ask10_size
2025-04-10 09:30:11,57.725,57.73,9,57.7,8,57.75,3,57.75,57.7,57.7,8,57.69,8,57.68,5,57.67,4,57.66,3,57.64,5,57.61,1,57.6,6,57.59,4,57.57,3,57.75,3,57.76,2,57.77,4,57.78,6,57.79,9,57.8,6,57.81,4,57.82,7,57.85,5,57.86,8
2025-04-10 09:30:12,57.725,57.73,8,57.7,8,57.75,3,57.75,57.7,57.7,8,57.69,8,57.68,5,57.67,4,57.66,3,57.64,5,57.61,1,57.6,6,57.59,4,57.57,3,57.75,3,57.76,2,57.77,4,57.78,6,57.79,9,57.8,6,57.81,4,57.82,7,57.85,5,57.86,8
2025-04-10 09:30:14,57.69,57.7,1,57.67,5,57.71,3,57.71,57.67,57.67,5,57.66,3,57.64,5,57.61,1,57.6,6,57.59,4,57.57,3,57.55,8,57.54,9,,,57.71,3,57.72,5,57.73,1,57.75,3,57.76,2,57.77,4,57.78,6,57.79,9,57.8,6,57.81,4
2025-04-10 09:30:15,57.69,57.71,1,57.67,5,57.71,3,57.71,57.67,57.67,5,57.66,3,57.64,5,57.61,1,57.6,6,57.59,4,57.57,3,57.55,8,57.54,9,,,57.71,3,57.72,5,57.73,1,57.75,3,57.76,2,57.77,4,57.78,6,57.79,9,57.8,6,57.81,4
2025-04-10 09:30:16,57.645,57.65,1,57.63,5,57.66,4,57.66,57.63,57.63,5,57.62,6,57.61,6,57.6,6,57.59,4,57.57,3,57.55,8,57.54,9,,,,,57.66,4,57.67,6,57.68,6,57.69,5,57.7,8,57.71,4,57.72,5,57.73,1,57.75,3,57.76,2
2025-04-10 09:30:17,57.635,57.63,1,57.62,3,57.65,7,57.65,57.62,57.62,3,57.61,6,57.6,6,57.59,4,57.57,3,57.55,8,57.54,9,,,,,,,57.65,7,57.66,5,57.67,4,57.68,7,57.69,5,57.7,9,57.71,4,57.72,5,57.73,1,57.75,3
2025-04-10 09:30:18,57.63,57.63,1,57.61,6,57.65,7,57.65,57.61,57.61,6,57.6,6,57.59,4,57.57,3,57.55,8,57.54,9,,,,,,,,,57.65,7,57.66,5,57.67,4,57.68,7,57.69,5,57.7,9,57.71,4,57.72,5,57.73,1,57.75,3
2025-04-10 09:30:19,57.69,57.68,1,57.68,2,57.7,6,57.7,57.68,57.68,2,57.67,2,57.63,2,57.62,8,57.61,6,57.6,6,57.59,4,57.57,3,57.55,8,57.54,9,57.7,6,57.71,4,57.72,5,57.73,1,57.75,3,57.76,2,57.77,4,57.78,6,57.79,9,57.8,6
2025-04-10 09:30:20,57.685,57.69,1,57.67,1,57.7,6,57.7,57.67,57.67,1,57.63,2,57.62,8,57.61,6,57.6,6,57.59,4,57.57,3,57.55,8,57.54,9,,,57.7,6,57.71,4,57.72,5,57.73,1,57.75,3,57.76,2,57.77,4,57.78,6,57.79,9,57.8,6
2025-04-10 09:30:21,57.8,57.79,1,57.78,1,57.82,3,57.82,57.78,57.78,1,57.77,1,57.76,1,57.74,2,57.73,2,57.72,1,57.71,4,57.7,1,57.69,1,57.67,1,57.82,3,57.85,5,57.86,8,57.87,9,57.88,10,57.89,10,57.92,13,57.93,4,57.94,1,57.95,4
2025-04-10 09:30:22,57.76,57.76,1,57.75,3,57.77,4,57.77,57.75,57.75,3,57.74,2,57.73,2,57.72,1,57.71,4,57.7,1,57.69,1,57.67,1,57.63,2,57.62,8,57.77,4,57.78,6,57.79,3,57.81,3,57.82,3,57.85,5,57.86,8,57.87,9,57.88,10,57.89,10
2025-04-10 09:30:23,57.71,57.71,1,57.7,3,57.72,3,57.72,57.7,57.7,3,57.69,1,57.67,1,57.63,2,57.62,8,57.61,6,57.6,6,57.59,4,57.57,3,57.55,8,57.72,3,57.73,5,57.74,5,57.75,5,57.76,5,57.78,5,57.79,3,57.81,3,57.82,3,57.85,5
2025-04-10 09:30:24,57.78,57.78,1,57.77,2,57.79,6,57.79,57.77,57.77,2,57.76,4,57.75,9,57.74,8,57.73,9,57.7,3,57.69,1,57.67,1,57.63,2,57.62,8,57.79,6,57.81,3,57.82,3,57.85,5,57.86,8,57.87,9,57.88,10,57.89,10,57.92,13,57.93,4
2025-04-10 09:30:25,57.785,57.79,1,57.77,3,57.8,2,57.8,57.77,57.77,3,57.76,3,57.75,9,57.74,8,57.73,9,57.7,3,57.69,1,57.67,1,57.63,2,57.62,8,57.8,2,57.81,3,57.82,3,57.85,5,57.86,8,57.87,9,57.88,10,57.89,10,57.92,13,57.93,4
2025-04-10 09:30:26,57.8,57.79,1,57.79,4,57.81,4,57.81,57.79,57.79,4,57.78,5,57.77,6,57.76,3,57.75,9,57.74,8,57.73,9,57.7,3,57.69,1,57.67,1,57.81,4,57.82,3,57.83,2,57.84,5,57.85,7,57.86,8,57.87,9,57.88,10,57.89,10,57.92,13
2025-04-10 09:30:27,57.785,57.8,3,57.77,5,57.8,5,57.8,57.77,57.77,5,57.76,3,57.75,9,57.74,8,57.73,9,57.7,3,57.69,1,57.67,1,57.63,2,57.62,8,57.8,5,57.81,7,57.82,8,57.83,3,57.84,3,57.85,7,57.86,8,57.87,9,57.88,10,57.89,10
2025-04-10 09:30:28,57.785,57.78,1,57.77,2,57.8,11,57.8,57.77,57.77,2,57.76,3,57.75,9,57.74,8,57.73,9,57.7,3,57.69,1,57.67,1,57.63,2,57.62,8,57.8,11,57.81,7,57.82,11,57.83,3,57.84,3,57.85,7,57.86,8,57.87,9,57.88,10,57.89,10
2025-04-10 09:30:29,57.75,57.75,1,57.74,2,57.76,3,57.76,57.74,57.74,2,57.73,3,57.72,4,57.71,6,57.7,3,57.69,2,57.67,1,57.63,2,57.62,8,57.61,6,57.76,3,57.79,5,57.8,11,57.81,7,57.82,11,57.83,3,57.84,3,57.85,7,57.86,8,57.87,9
2025-04-10 09:30:30,57.74,57.78,1,57.73,3,57.75,1,57.75,57.73,57.73,3,57.72,4,57.71,6,57.7,3,57.69,2,57.67,1,57.63,2,57.62,8,57.61,6,57.6,6,57.75,1,57.76,4,57.77,7,57.78,5,57.79,5,57.8,5,57.82,11,57.83,3,57.84,3,57.85,7
2025-04-10 09:30:31,57.735,57.74,2,57.72,6,57.75,13,57.75,57.72,57.72,6,57.71,6,57.7,3,57.69,2,57.67,1,57.63,2,57.62,8,57.61,6,57.6,6,57.59,4,57.75,13,57.76,7,57.77,5,57.78,7,57.79,5,57.8,8,57.82,11,57.83,3,57.84,3,57.85,7
2025-04-10 09:30:32,57.685,57.69,1,57.67,3,57.7,6,57.7,57.67,57.67,3,57.63,2,57.62,8,57.61,6,57.6,6,57.59,4,57.57,3,57.55,8,57.54,9,,,57.7,6,57.71,6,57.72,3,57.73,2,57.74,6,57.75,5,57.76,5,57.77,11,57.78,7,57.79,5
2025-04-10 09:30:33,57.68,57.68,1,57.67,1,57.69,4,57.69,57.67,57.67,1,57.66,9,57.63,2,57.62,8,57.61,6,57.6,6,57.59,4,57.57,3,57.55,8,57.54,9,57.69,4,57.7,8,57.71,6,57.72,3,57.73,2,57.74,6,57.75,5,57.76,5,57.77,11,57.78,7
2025-04-10 09:30:34,57.71,57.7,1,57.7,3,57.72,7,57.72,57.7,57.7,3,57.69,6,57.68,6,57.67,2,57.66,9,57.63,2,57.62,8,57.61,6,57.6,6,57.59,4,57.72,7,57.73,2,57.74,6,57.75,5,57.76,5,57.77,11,57.78,7,57.79,5,57.8,8,57.82,11
2025-04-10 09:30:35,57.69,57.68,1,57.67,5,57.71,5,57.71,57.67,57.67,5,57.66,9,57.63,2,57.62,8,57.61,6,57.6,6,57.59,4,57.57,3,57.55,8,57.54,9,57.71,5,57.73,5,57.74,10,57.75,6,57.76,7,57.77,10,57.78,7,57.79,5,57.8,8,57.82,11
2025-04-10 09:30:36,57.72,57.73,1,57.7,1,57.74,6,57.74,57.7,57.7,1,57.69,3,57.68,2,57.67,4,57.66,11,57.63,2,57.62,8,57.61,6,57.6,6,57.59,4,57.74,6,57.75,6,57.76,7,57.77,10,57.78,7,57.79,5,57.8,8,57.82,11,57.83,3,57.84,3
2025-04-10 09:30:37,57.73,57.73,1,57.72,4,57.74,4,57.74,57.72,57.72,4,57.71,6,57.7,7,57.69,12,57.68,2,57.67,4,57.66,11,57.63,2,57.62,8,57.61,6,57.74,4,57.75,6,57.76,7,57.77,10,57.78,7,57.79,5,57.8,8,57.82,11,57.83,3,57.84,3
2025-04-10 09:30:38,57.73,57.72,2,57.72,2,57.74,7,57.74,57.72,57.72,2,57.71,3,57.7,6,57.69,12,57.68,2,57.67,4,57.66,11,57.63,2,57.62,8,57.61,6,57.74,7,57.75,6,57.76,7,57.77,10,57.78,7,57.79,5,57.8,8,57.82,11,57.83,3,57.84,3
2025-04-10 09:30:39,57.72,57.71,1,57.7,9,57.74,7,57.74,57.7,57.7,9,57.69,12,57.68,2,57.67,4,57.66,11,57.63,2,57.62,8,57.61,6,57.6,6,57.59,4,57.74,7,57.75,6,57.76,7,57.77,10,57.78,7,57.79,5,57.8,8,57.82,11,57.83,3,57.84,3
2025-04-10 09:30:40,57.72,57.71,1,57.7,9,57.74,7,57.74,57.7,57.7,9,57.69,12,57.68,2,57.67,4,57.66,11,57.63,2,57.62,8,57.61,6,57.6,6,57.59,4,57.74,7,57.75,6,57.76,7,57.77,10,57.78,7,57.79,5,57.8,8,57.82,11,57.83,3,57.84,3
2025-04-10 09:30:41,57.72,57.72,1,57.71,2,57.73,14,57.73,57.71,57.71,2,57.7,14,57.69,12,57.68,2,57.67,4,57.66,11,57.63,2,57.62,8,57.61,6,57.6,6,57.73,14,57.74,10,57.75,16,57.76,7,57.77,10,57.78,7,57.79,5,57.8,8,57.82,11,57.83,3
2025-04-10 09:30:42,57.715,57.72,2,57.7,13,57.73,13,57.73,57.7,57.7,13,57.69,12,57.68,2,57.67,4,57.66,11,57.63,2,57.62,8,57.61,6,57.6,6,57.59,4,57.73,13,57.74,10,57.75,16,57.76,7,57.77,10,57.78,7,57.79,5,57.8,8,57.82,11,57.83,3
2025-04-10 09:30:43,57.725,57.73,1,57.71,5,57.74,3,57.74,57.71,57.71,1,57.7,5,57.69,10,57.68,2,57.67,4,57.66,11,57.63,2,57.62,8,57.61,6,57.6,6,57.74,3,57.75,16,57.76,7,57.77,10,57.78,7,57.79,5,57.8,8,57.82,11,57.83,3,57.84,3
2025-04-10 09:30:44,57.75,57.75,2,57.74,3,57.76,9,57.76,57.74,57.74,3,57.73,5,57.72,4,57.71,15,57.7,10,57.69,10,57.68,2,57.67,4,57.66,11,57.63,2,57.76,9,57.77,10,57.78,7,57.79,5,57.8,8,57.82,11,57.83,3,57.84,3,57.85,7,57.86,8
2025-04-10 09:30:45,57.745,57.75,1,57.73,5,57.76,10,57.76,57.73,57.73,5,57.72,4,57.71,15,57.7,10,57.69,10,57.68,2,57.67,4,57.66,11,57.63,2,57.62,8,57.76,10,57.77,10,57.78,7,57.79,5,57.8,8,57.82,11,57.83,3,57.84,3,57.85,7,57.86,8
2025-04-10 09:30:46,57.745,57.75,2,57.73,5,57.76,10,57.76,57.73,57.73,5,57.72,4,57.71,15,57.7,10,57.69,10,57.68,2,57.67,4,57.66,11,57.63,2,57.62,8,57.76,10,57.77,10,57.78,7,57.79,5,57.8,8,57.82,11,57.83,3,57.84,3,57.85,7,57.86,8
2025-04-10 09:30:47,57.745,57.75,2,57.73,5,57.76,9,57.76,57.73,57.73,5,57.72,4,57.71,15,57.7,10,57.69,10,57.68,2,57.67,4,57.66,11,57.63,2,57.62,8,57.76,9,57.77,10,57.78,7,57.79,5,57.8,8,57.82,11,57.83,3,57.84,3,57.85,7,57.86,8
2025-04-10 09:30:48,57.745,57.75,1,57.73,5,57.76,9,57.76,57.73,57.73,5,57.72,4,57.71,15,57.7,10,57.69,10,57.68,2,57.67,4,57.66,11,57.63,2,57.62,8,57.76,9,57.77,10,57.78,7,57.79,5,57.8,8,57.82,11,57.83,3,57.84,3,57.85,7,57.86,8
2025-04-10 09:30:49,57.735,57.76,1,57.72,3,57.75,7,57.75,57.72,57.72,3,57.71,15,57.7,10,57.69,10,57.68,2,57.67,4,57.66,11,57.63,2,57.62,8,57.61,6,57.75,7,57.76,6,57.77,6,57.78,10,57.79,5,57.8,8,57.82,11,57.83,3,57.84,3,57.85,7
2025-04-10 09:30:50,57.735,57.74,1,57.72,3,57.75,7,57.75,57.72,57.72,3,57.71,15,57.7,10,57.69,10,57.68,2,57.67,4,57.66,11,57.63,2,57.62,8,57.61,6,57.75,7,57.76,6,57.77,6,57.78,10,57.79,5,57.8,8,57.82,11,57.83,3,57.84,3,57.85,7
2025-04-10 09:30:51,57.715,57.72,1,57.7,8,57.73,6,57.73,57.7,57.7,8,57.69,10,57.68,2,57.67,4,57.66,11,57.63,2,57.62,8,57.61,6,57.6,6,57.59,4,57.73,6,57.74,6,57.75,7,57.76,6,57.77,6,57.78,10,57.79,5,57.8,8,57.82,11,57.83,3
2025-04-10 09:30:52,57.715,57.72,1,57.7,8,57.73,6,57.73,57.7,57.7,8,57.69,10,57.68,2,57.67,4,57.66,11,57.63,2,57.62,8,57.61,6,57.6,6,57.59,4,57.73,6,57.74,6,57.75,7,57.76,6,57.77,6,57.78,10,57.79,5,57.8,8,57.82,11,57.83,3
2025-04-10 09:30:53,57.67,57.67,1,57.66,9,57.68,4,57.68,57.66,57.66,9,57.63,2,57.62,8,57.61,6,57.6,6,57.59,4,57.57,3,57.55,8,57.54,9,,,57.68,4,57.69,3,57.7,8,57.71,14,57.72,4,57.73,5,57.74,8,57.75,7,57.76,6,57.77,6
2025-04-10 09:30:54,57.71,57.71,2,57.7,4,57.72,10,57.72,57.7,57.7,4,57.69,5,57.68,4,57.67,3,57.66,13,57.63,2,57.62,8,57.61,6,57.6,6,57.59,4,57.72,10,57.73,5,57.74,8,57.75,7,57.76,6,57.77,6,57.78,10,57.79,5,57.8,8,57.82,11
2025-04-10 09:30:55,57.7,57.7,2,57.69,6,57.71,7,57.71,57.69,57.69,6,57.68,4,57.67,3,57.66,13,57.63,2,57.62,8,57.61,6,57.6,6,57.59,4,57.57,3,57.71,7,57.72,8,57.73,5,57.74,8,57.75,7,57.76,6,57.77,6,57.78,10,57.79,5,57.8,8
2025-04-10 09:30:56,57.695,57.7,1,57.68,2,57.71,7,57.71,57.68,57.68,2,57.67,3,57.66,13,57.63,2,57.62,8,57.61,6,57.6,6,57.59,4,57.57,3,57.55,8,57.71,7,57.72,8,57.73,5,57.74,8,57.75,7,57.76,6,57.77,6,57.78,10,57.79,5,57.8,8
2025-04-10 09:30:57,57.725,57.73,1,57.71,3,57.74,8,57.74,57.71,57.71,3,57.7,6,57.69,4,57.68,3,57.67,3,57.66,13,57.63,2,57.62,8,57.61,6,57.6,6,57.74,8,57.75,7,57.76,6,57.77,6,57.78,10,57.79,5,57.8,8,57.82,11,57.83,3,57.84,3
2025-04-10 09:30:58,57.75,57.75,1,57.74,2,57.76,1,57.76,57.74,57.74,2,57.73,3,57.72,3,57.71,5,57.7,6,57.69,4,57.68,3,57.67,3,57.66,13,57.63,2,57.76,1,57.77,7,57.78,10,57.79,5,57.8,8,57.82,11,57.83,3,57.84,3,57.85,7,57.86,8
2025-04-10 09:30:59,57.755,57.76,2,57.74,2,57.77,5,57.77,57.74,57.74,2,57.73,3,57.72,3,57.71,5,57.7,6,57.69,4,57.68,3,57.67,3,57.66,13,57.63,2,57.77,5,57.78,10,57.79,5,57.8,8,57.82,11,57.83,3,57.84,3,57.85,7,57.86,8,57.87,9
2025-04-10 09:31:00,57.755,57.76,1,57.74,2,57.77,4,57.77,57.74,57.74,2,57.73,3,57.72,3,57.71,5,57.7,6,57.69,4,57.68,3,57.67,3,57.66,13,57.63,2,57.77,4,57.78,10,57.79,5,57.8,8,57.82,11,57.83,3,57.84,3,57.85,7,57.86,8,57.87,9
2025-04-10 09:31:01,57.76,57.77,1,57.74,5,57.78,5,57.78,57.74,57.74,5,57.73,3,57.72,3,57.71,5,57.7,6,57.69,4,57.68,3,57.67,3,57.66,13,57.63,2,57.78,5,57.79,6,57.8,8,57.82,11,57.83,3,57.84,3,57.85,7,57.86,8,57.87,9,57.88,10
2025-04-10 09:31:02,57.76,57.76,1,57.74,5,57.78,4,57.78,57.74,57.74,5,57.73,3,57.72,3,57.71,5,57.7,6,57.69,4,57.68,3,57.67,3,57.66,13,57.63,2,57.78,4,57.79,6,57.8,8,57.82,11,57.83,3,57.84,3,57.85,7,57.86,8,57.87,9,57.88,10
2025-04-10 09:31:03,57.72,57.71,1,57.71,11,57.73,4,57.73,57.71,57.71,11,57.7,6,57.69,4,57.68,3,57.67,3,57.66,13,57.63,2,57.62,8,57.61,6,57.6,6,57.73,4,57.74,5,57.75,3,57.77,5,57.78,4,57.79,6,57.8,8,57.82,11,57.83,3,57.84,3
2025-04-10 09:31:04,57.695,57.7,1,57.68,7,57.71,8,57.71,57.68,57.68,7,57.67,3,57.66,13,57.63,2,57.62,8,57.61,6,57.6,6,57.59,4,57.57,3,57.55,8,57.71,8,57.72,9,57.73,4,57.74,5,57.75,3,57.77,5,57.78,4,57.79,6,57.8,8,57.82,11
2025-04-10 09:31:05,57.63,57.66,1,57.62,5,57.64,4,57.64,57.62,57.62,5,57.61,6,57.6,6,57.59,4,57.57,3,57.55,8,57.54,9,,,,,,,57.64,4,57.65,3,57.66,4,57.67,3,57.68,2,57.69,3,57.7,6,57.71,9,57.72,9,57.73,4
2025-04-10 09:31:06,57.675,57.67,1,57.67,1,57.68,5,57.68,57.67,57.67,1,57.66,7,57.65,1,57.64,1,57.63,10,57.62,9,57.61,6,57.6,6,57.59,4,57.57,3,57.68,5,57.69,3,57.7,6,57.71,9,57.72,9,57.73,4,57.74,5,57.75,3,57.77,5,57.78,4
2025-04-10 09:31:07,57.645,57.66,1,57.63,10,57.66,5,57.66,57.63,57.63,10,57.62,9,57.61,6,57.6,6,57.59,4,57.57,3,57.55,8,57.54,9,,,,,57.66,5,57.67,4,57.68,6,57.69,3,57.7,6,57.71,9,57.72,9,57.73,4,57.74,5,57.75,3
2025-04-10 09:31:08,57.65,57.66,1,57.64,2,57.66,4,57.66,57.64,57.64,2,57.63,10,57.62,9,57.61,6,57.6,6,57.59,4,57.57,3,57.55,8,57.54,9,,,57.66,4,57.67,4,57.68,6,57.69,3,57.7,6,57.71,9,57.72,9,57.73,4,57.74,5,57.75,3
2025-04-10 09:31:09,57.69,57.68,1,57.68,2,57.7,9,57.7,57.68,57.68,2,57.67,5,57.66,6,57.65,4,57.64,7,57.63,6,57.62,3,57.61,9,57.6,6,57.59,4,57.7,9,57.71,9,57.72,9,57.73,4,57.74,5,57.75,3,57.77,5,57.78,4,57.79,6,57.8,8
2025-04-10 09:31:10,57.7,57.7,1,57.69,2,57.71,7,57.71,57.69,57.69,2,57.68,4,57.67,5,57.66,6,57.65,4,57.64,7,57.63,6,57.62,3,57.61,9,57.6,6,57.71,7,57.72,9,57.73,4,57.74,5,57.75,3,57.77,5,57.78,4,57.79,6,57.8,8,57.82,11
2025-04-10 09:31:11,57.7,57.7,1,57.69,2,57.71,8,57.71,57.69,57.69,2,57.68,4,57.67,5,57.66,6,57.65,4,57.64,7,57.63,6,57.62,3,57.61,9,57.6,6,57.71,8,57.72,9,57.73,4,57.74,5,57.75,3,57.77,5,57.78,4,57.79,6,57.8,8,57.82,11
2025-04-10 09:31:12,57.725,57.72,1,57.71,3,57.74,5,57.74,57.71,57.71,3,57.7,5,57.69,5,57.68,4,57.67,5,57.66,6,57.65,4,57.64,7,57.63,6,57.62,3,57.74,5,57.75,3,57.77,5,57.78,4,57.79,6,57.8,8,57.82,11,57.83,3,57.84,3,57.85,7
2025-04-10 09:31:13,57.73,57.73,1,57.72,3,57.74,5,57.74,57.72,57.72,3,57.71,1,57.7,5,57.69,5,57.68,4,57.67,5,57.66,6,57.65,4,57.64,7,57.63,6,57.74,5,57.75,3,57.77,5,57.78,4,57.79,6,57.8,8,57.82,11,57.83,3,57.84,3,57.85,7
2025-04-10 09:31:14,57.735,57.74,3,57.72,2,57.75,4,57.75,57.72,57.72,2,57.71,1,57.7,5,57.69,5,57.68,4,57.67,5,57.66,6,57.65,4,57.64,7,57.63,6,57.75,4,57.77,5,57.78,4,57.79,6,57.8,8,57.82,11,57.83,3,57.84,3,57.85,7,57.86,8
2025-04-10 09:31:15,57.74,57.73,3,57.73,2,57.75,4,57.75,57.73,57.73,2,57.72,7,57.71,6,57.7,5,57.69,5,57.68,4,57.67,5,57.66,6,57.65,4,57.64,7,57.75,4,57.77,5,57.78,4,57.79,6,57.8,8,57.82,11,57.83,3,57.84,3,57.85,7,57.86,8
2025-04-10 09:31:16,57.745,57.74,2,57.73,1,57.76,8,57.76,57.73,57.73,1,57.72,7,57.71,6,57.7,5,57.69,5,57.68,4,57.67,5,57.66,6,57.65,4,57.64,7,57.76,8,57.77,5,57.78,4,57.79,6,57.8,8,57.82,11,57.83,3,57.84,3,57.85,7,57.86,8
2025-04-10 09:31:17,57.745,57.74,2,57.73,1,57.76,8,57.76,57.73,57.73,1,57.72,7,57.71,6,57.7,5,57.69,5,57.68,4,57.67,5,57.66,6,57.65,4,57.64,7,57.76,8,57.77,5,57.78,4,57.79,6,57.8,8,57.82,11,57.83,3,57.84,3,57.85,7,57.86,8
2025-04-10 09:31:18,57.745,57.74,1,57.73,1,57.76,8,57.76,57.73,57.73,1,57.72,7,57.71,6,57.7,5,57.69,5,57.68,4,57.67,5,57.66,6,57.65,4,57.64,7,57.76,8,57.77,5,57.78,4,57.79,6,57.8,8,57.82,11,57.83,3,57.84,3,57.85,7,57.86,8
2025-04-10 09:31:19,57.745,57.75,1,57.73,2,57.76,7,57.76,57.73,57.73,2,57.72,7,57.71,6,57.7,5,57.69,5,57.68,4,57.67,5,57.66,6,57.65,4,57.64,7,57.76,7,57.77,5,57.78,4,57.79,6,57.8,8,57.82,11,57.83,3,57.84,3,57.85,7,57.86,8
2025-04-10 09:31:20,57.735,57.74,3,57.72,7,57.75,2,57.75,57.72,57.72,7,57.71,6,57.7,5,57.69,5,57.68,4,57.67,5,57.66,6,57.65,4,57.64,7,57.63,6,57.75,2,57.76,7,57.77,5,57.78,4,57.79,6,57.8,8,57.82,11,57.83,3,57.84,3,57.85,7
2025-04-10 09:31:21,57.735,57.74,3,57.72,8,57.75,3,57.75,57.72,57.72,8,57.71,6,57.7,5,57.69,5,57.68,4,57.67,5,57.66,6,57.65,4,57.64,7,57.63,6,57.75,3,57.76,7,57.77,5,57.78,4,57.79,6,57.8,8,57.82,11,57.83,3,57.84,3,57.85,7
2025-04-10 09:31:22,57.685,57.69,1,57.67,4,57.7,8,57.7,57.67,57.67,4,57.66,6,57.65,4,57.64,7,57.63,6,57.62,3,57.61,9,57.6,6,57.59,4,57.57,3,57.7,8,57.71,4,57.72,5,57.73,4,57.74,3,57.75,3,57.76,7,57.77,5,57.78,4,57.79,6
2025-04-10 09:31:23,57.67,57.67,1,57.65,5,57.69,5,57.69,57.65,57.65,5,57.64,7,57.63,6,57.62,3,57.61,9,57.6,6,57.59,4,57.57,3,57.55,8,57.54,9,57.69,5,57.7,18,57.71,4,57.72,5,57.73,4,57.74,3,57.75,3,57.76,7,57.77,5,57.78,4
2025-04-10 09:31:24,57.62,57.62,1,57.61,5,57.63,13,57.63,57.61,57.61,5,57.6,12,57.59,4,57.57,3,57.55,8,57.54,9,,,,,,,,,57.63,13,57.64,6,57.65,4,57.67,1,57.68,10,57.69,11,57.7,18,57.71,4,57.72,5,57.73,4
2025-04-10 09:31:25,57.62,57.62,1,57.61,4,57.63,16,57.63,57.61,57.61,4,57.6,12,57.59,4,57.57,3,57.55,8,57.54,9,,,,,,,,,57.63,16,57.64,6,57.65,4,57.67,1,57.68,10,57.69,11,57.7,18,57.71,4,57.72,5,57.73,4
2025-04-10 09:31:26,57.65,57.64,1,57.64,6,57.66,2,57.66,57.64,57.64,6,57.63,5,57.62,4,57.61,9,57.6,11,57.59,8,57.57,3,57.55,8,57.54,9,,,57.66,2,57.67,12,57.68,10,57.69,11,57.7,18,57.71,4,57.72,5,57.73,4,57.74,3,57.75,3
2025-04-10 09:31:27,57.65,57.64,1,57.64,3,57.66,3,57.66,57.64,57.64,3,57.63,5,57.62,4,57.61,9,57.6,11,57.59,8,57.57,3,57.55,8,57.54,9,,,57.66,3,57.67,12,57.68,10,57.69,11,57.7,18,57.71,4,57.72,5,57.73,4,57.74,3,57.75,3
2025-04-10 09:31:28,57.66,57.65,1,57.65,1,57.67,9,57.67,57.65,57.65,1,57.64,4,57.63,5,57.62,4,57.61,9,57.6,11,57.59,8,57.57,3,57.55,8,57.54,9,57.67,9,57.68,10,57.69,11,57.7,18,57.71,4,57.72,5,57.73,4,57.74,3,57.75,3,57.76,7
2025-04-10 09:31:29,57.66,57.65,1,57.65,2,57.67,9,57.67,57.65,57.65,2,57.64,4,57.63,5,57.62,4,57.61,9,57.6,11,57.59,8,57.57,3,57.55,8,57.54,9,57.67,9,57.68,10,57.69,11,57.7,18,57.71,4,57.72,5,57.73,4,57.74,3,57.75,3,57.76,7
2025-04-10 09:31:30,57.7,57.7,1,57.69,1,57.71,3,57.71,57.69,57.69,1,57.68,6,57.67,4,57.66,2,57.65,1,57.64,4,57.63,5,57.62,4,57.61,9,57.6,11,57.71,3,57.72,5,57.73,4,57.74,3,57.75,3,57.76,7,57.77,5,57.78,4,57.79,6,57.8,8
2025-04-10 09:31:31,57.66,57.67,2,57.65,3,57.67,2,57.67,57.65,57.65,3,57.64,4,57.63,5,57.62,4,57.61,9,57.6,11,57.59,8,57.57,3,57.55,8,57.54,9,57.67,2,57.68,1,57.69,3,57.7,4,57.71,5,57.72,5,57.73,4,57.74,3,57.75,3,57.76,7
2025-04-10 09:31:32,57.68,57.67,2,57.67,2,57.69,2,57.69,57.67,57.67,2,57.66,2,57.65,3,57.64,4,57.63,5,57.62,4,57.61,9,57.6,11,57.59,8,57.57,3,57.69,2,57.7,4,57.71,5,57.72,5,57.73,4,57.74,3,57.75,3,57.76,7,57.77,5,57.78,4
2025-04-10 09:31:33,57.65,57.66,1,57.64,3,57.66,3,57.66,57.64,57.64,3,57.63,5,57.62,4,57.61,9,57.6,11,57.59,8,57.57,3,57.55,8,57.54,9,,,57.66,3,57.67,5,57.68,5,57.69,3,57.7,4,57.71,5,57.72,5,57.73,4,57.74,3,57.75,3
2025-04-10 09:31:34,57.66,57.66,1,57.65,3,57.67,3,57.67,57.65,57.65,3,57.64,3,57.63,5,57.62,4,57.61,9,57.6,11,57.59,8,57.57,3,57.55,8,57.54,9,57.67,3,57.68,5,57.69,3,57.7,4,57.71,5,57.72,5,57.73,4,57.74,3,57.75,3,57.76,7
2025-04-10 09:31:35,57.7,57.7,1,57.69,3,57.71,5,57.71,57.69,57.69,3,57.68,2,57.67,4,57.66,5,57.65,3,57.64,3,57.63,5,57.62,4,57.61,9,57.6,11,57.71,5,57.72,5,57.73,4,57.74,3,57.75,3,57.76,7,57.77,5,57.78,4,57.79,6,57.8,8
2025-04-10 09:31:36,57.765,57.76,1,57.75,3,57.78,11,57.78,57.75,57.75,3,57.74,5,57.73,5,57.72,5,57.71,2,57.7,7,57.69,4,57.68,2,57.67,4,57.66,5,57.78,11,57.79,6,57.8,8,57.82,11,57.83,3,57.84,3,57.85,7,57.86,8,57.87,9,57.88,10
2025-04-10 09:31:37,57.775,57.78,1,57.76,5,57.79,6,57.79,57.76,57.76,5,57.75,5,57.74,5,57.73,5,57.72,5,57.71,2,57.7,7,57.69,4,57.68,2,57.67,4,57.79,6,57.8,8,57.82,11,57.83,3,57.84,3,57.85,7,57.86,8,57.87,9,57.88,10,57.89,10
2025-04-10 09:31:38,57.78,57.78,2,57.76,5,57.8,3,57.8,57.76,57.76,5,57.75,5,57.74,5,57.73,5,57.72,5,57.71,2,57.7,7,57.69,4,57.68,2,57.67,4,57.8,3,57.82,11,57.83,3,57.84,3,57.85,7,57.86,8,57.87,9,57.88,10,57.89,10,57.92,13
2025-04-10 09:31:39,57.78,57.78,2,57.76,5,57.8,3,57.8,57.76,57.76,5,57.75,5,57.74,5,57.73,5,57.72,5,57.71,2,57.7,7,57.69,4,57.68,2,57.67,4,57.8,3,57.82,11,57.83,3,57.84,3,57.85,7,57.86,8,57.87,9,57.88,10,57.89,10,57.92,13
2025-04-10 09:31:40,57.715,57.72,2,57.7,2,57.73,7,57.73,57.7,57.7,2,57.69,6,57.68,2,57.67,4,57.66,5,57.65,3,57.64,3,57.63,5,57.62,4,57.61,9,57.73,7,57.74,4,57.75,8,57.76,4,57.77,8,57.78,3,57.8,5,57.82,11,57.83,3,57.84,3
2025-04-10 09:31:41,57.715,57.72,2,57.7,3,57.73,7,57.73,57.7,57.7,3,57.69,6,57.68,2,57.67,4,57.66,5,57.65,3,57.64,3,57.63,5,57.62,4,57.61,9,57.73,7,57.74,4,57.75,8,57.76,4,57.77,8,57.78,3,57.8,5,57.82,11,57.83,3,57.84,3
2025-04-10 09:31:42,57.725,57.72,3,57.71,3,57.74,9,57.74,57.71,57.71,3,57.7,3,57.69,6,57.68,2,57.67,4,57.66,5,57.65,3,57.64,3,57.63,5,57.62,4,57.74,9,57.75,8,57.76,4,57.77,8,57.78,3,57.8,5,57.82,11,57.83,3,57.84,3,57.85,7
2025-04-10 09:31:43,57.73,57.73,3,57.71,3,57.75,7,57.75,57.71,57.71,3,57.7,3,57.69,6,57.68,2,57.67,4,57.66,5,57.65,3,57.64,3,57.63,5,57.62,4,57.75,7,57.76,4,57.77,8,57.78,3,57.8,5,57.82,11,57.83,3,57.84,3,57.85,7,57.86,8
2025-04-10 09:31:44,57.73,57.73,3,57.71,3,57.75,7,57.75,57.71,57.71,3,57.7,3,57.69,6,57.68,2,57.67,4,57.66,5,57.65,3,57.64,3,57.63,5,57.62,4,57.75,7,57.76,4,57.77,8,57.78,3,57.8,5,57.82,11,57.83,3,57.84,3,57.85,7,57.86,8
2025-04-10 09:31:45,57.735,57.72,1,57.72,3,57.75,6,57.75,57.72,57.72,3,57.71,3,57.7,3,57.69,6,57.68,2,57.67,4,57.66,5,57.65,3,57.64,3,57.63,5,57.75,6,57.76,4,57.77,8,57.78,3,57.8,5,57.82,11,57.83,3,57.84,3,57.85,7,57.86,8
2025-04-10 09:31:46,57.71,57.73,1,57.69,5,57.73,3,57.73,57.69,57.69,5,57.68,2,57.67,4,57.66,5,57.65,3,57.64,3,57.63,5,57.62,4,57.61,9,57.6,11,57.73,3,57.74,11,57.75,6,57.76,4,57.77,8,57.78,3,57.8,5,57.82,11,57.83,3,57.84,3
2025-04-10 09:31:47,57.7,57.7,1,57.69,4,57.71,5,57.71,57.69,57.69,4,57.68,10,57.67,5,57.66,5,57.65,3,57.64,3,57.63,5,57.62,4,57.61,9,57.6,11,57.71,5,57.72,15,57.73,3,57.74,11,57.75,6,57.76,4,57.77,8,57.78,3,57.8,5,57.82,11
2025-04-10 09:31:48,57.705,57.7,1,57.69,4,57.72,14,57.72,57.69,57.69,4,57.68,10,57.67,5,57.66,5,57.65,3,57.64,3,57.63,5,57.62,4,57.61,9,57.6,11,57.72,14,57.73,3,57.74,11,57.75,6,57.76,4,57.77,8,57.78,3,57.8,5,57.82,11,57.83,3
2025-04-10 09:31:49,57.67,57.67,1,57.66,7,57.68,3,57.68,57.66,57.66,7,57.65,3,57.64,3,57.63,5,57.62,4,57.61,9,57.6,11,57.59,8,57.57,3,57.55,8,57.68,3,57.69,5,57.7,5,57.71,5,57.72,16,57.73,3,57.74,11,57.75,6,57.76,4,57.77,8
2025-04-10 09:31:50,57.665,57.67,1,57.65,3,57.68,5,57.68,57.65,57.65,3,57.64,3,57.63,5,57.62,4,57.61,9,57.6,11,57.59,8,57.57,3,57.55,8,57.54,9,57.68,5,57.69,5,57.7,5,57.71,5,57.72,16,57.73,3,57.74,11,57.75,6,57.76,4,57.77,8
2025-04-10 09:31:51,57.675,57.68,1,57.67,8,57.68,7,57.68,57.67,57.67,8,57.66,6,57.65,5,57.64,3,57.63,5,57.62,4,57.61,9,57.6,11,57.59,8,57.57,3,57.68,7,57.69,5,57.7,5,57.71,5,57.72,16,57.73,3,57.74,11,57.75,6,57.76,4,57.77,8
2025-04-10 09:31:52,57.74,57.74,1,57.73,2,57.75,14,57.75,57.73,57.73,2,57.72,6,57.71,7,57.7,3,57.69,6,57.68,8,57.67,10,57.66,6,57.65,5,57.64,3,57.75,14,57.76,4,57.77,8,57.78,3,57.8,5,57.82,11,57.83,3,57.84,3,57.85,7,57.86,8
2025-04-10 09:31:53,57.74,57.74,1,57.73,2,57.75,14,57.75,57.73,57.73,2,57.72,6,57.71,7,57.7,3,57.69,6,57.68,8,57.67,10,57.66,6,57.65,5,57.64,3,57.75,14,57.76,4,57.77,8,57.78,3,57.8,5,57.82,11,57.83,3,57.84,3,57.85,7,57.86,8
2025-04-10 09:31:54,57.74,57.74,1,57.73,2,57.75,14,57.75,57.73,57.73,2,57.72,6,57.71,7,57.7,3,57.69,6,57.68,8,57.67,10,57.66,6,57.65,5,57.64,3,57.75,14,57.76,4,57.77,8,57.78,3,57.8,5,57.82,11,57.83,3,57.84,3,57.85,7,57.86,8
2025-04-10 09:31:55,57.71,57.71,1,57.7,5,57.72,9,57.72,57.7,57.7,5,57.69,9,57.68,8,57.67,10,57.66,6,57.65,5,57.64,3,57.63,5,57.62,4,57.61,9,57.72,9,57.73,5,57.74,5,57.75,18,57.76,4,57.77,8,57.78,3,57.8,5,57.82,11,57.83,3
2025-04-10 09:31:56,57.705,57.7,1,57.7,4,57.71,10,57.71,57.7,57.7,4,57.69,7,57.68,5,57.67,10,57.66,6,57.65,5,57.64,3,57.63,5,57.62,4,57.61,9,57.71,10,57.72,14,57.73,5,57.74,5,57.75,18,57.76,4,57.77,8,57.78,3,57.8,5,57.82,11
2025-04-10 09:31:57,57.71,57.71,1,57.7,6,57.72,14,57.72,57.7,57.7,6,57.69,7,57.68,5,57.67,10,57.66,6,57.65,5,57.64,3,57.63,5,57.62,4,57.61,9,57.72,14,57.73,5,57.74,5,57.75,18,57.76,4,57.77,8,57.78,3,57.8,5,57.82,11,57.83,3
2025-04-10 09:31:58,57.725,57.73,1,57.72,3,57.73,8,57.73,57.72,57.72,3,57.71,7,57.7,6,57.69,3,57.68,5,57.67,10,57.66,6,57.65,5,57.64,3,57.63,5,57.73,8,57.74,5,57.75,18,57.76,4,57.77,8,57.78,3,57.8,5,57.82,11,57.83,3,57.84,3
2025-04-10 09:31:59,57.745,57.73,1,57.73,6,57.76,8,57.76,57.73,57.73,6,57.72,7,57.71,7,57.7,6,57.69,3,57.68,5,57.67,10,57.66,6,57.65,5,57.64,3,57.76,8,57.77,8,57.78,3,57.8,5,57.82,11,57.83,3,57.84,3,57.85,7,57.86,8,57.87,9
2025-04-10 09:32:00,57.73,57.73,1,57.71,16,57.75,5,57.75,57.71,57.71,16,57.7,6,57.69,3,57.68,5,57.67,10,57.66,6,57.65,5,57.64,3,57.63,5,57.62,4,57.75,5,57.76,8,57.77,8,57.78,3,57.8,5,57.82,11,57.83,3,57.84,3,57.85,7,57.86,8
2025-04-10 09:32:01,57.74,57.74,1,57.73,3,57.75,2,57.75,57.73,57.73,3,57.71,16,57.7,6,57.69,3,57.68,5,57.67,10,57.66,6,57.65,5,57.64,3,57.63,5,57.75,2,57.76,8,57.77,8,57.78,3,57.8,5,57.82,11,57.83,3,57.84,3,57.85,7,57.86,8
2025-04-10 09:32:02,57.755,57.76,1,57.74,3,57.77,5,57.77,57.74,57.74,3,57.73,4,57.71,16,57.7,6,57.69,3,57.68,5,57.67,10,57.66,6,57.65,5,57.64,3,57.77,5,57.78,8,57.79,8,57.8,5,57.82,11,57.83,3,57.84,3,57.85,7,57.86,8,57.87,9
2025-04-10 09:32:03,57.75,57.76,1,57.74,4,57.76,4,57.76,57.74,57.74,4,57.73,13,57.71,16,57.7,6,57.69,3,57.68,5,57.67,10,57.66,6,57.65,5,57.64,3,57.76,4,57.77,8,57.78,8,57.79,8,57.8,5,57.82,11,57.83,3,57.84,3,57.85,7,57.86,8
2025-04-10 09:32:04,57.745,57.74,1,57.74,3,57.75,1,57.75,57.74,57.74,3,57.73,8,57.72,18,57.71,16,57.7,6,57.69,3,57.68,5,57.67,10,57.66,6,57.65,5,57.75,1,57.76,11,57.77,8,57.78,8,57.79,8,57.8,5,57.82,11,57.83,3,57.84,3,57.85,7
2025-04-10 09:32:05,57.75,57.74,1,57.74,3,57.76,10,57.76,57.74,57.74,3,57.73,8,57.72,18,57.71,16,57.7,6,57.69,3,57.68,5,57.67,10,57.66,6,57.65,5,57.76,10,57.77,8,57.78,8,57.79,8,57.8,5,57.82,11,57.83,3,57.84,3,57.85,7,57.86,8
2025-04-10 09:32:06,57.785,57.78,1,57.77,4,57.8,3,57.8,57.77,57.77,4,57.75,1,57.74,5,57.73,8,57.72,18,57.71,16,57.7,6,57.69,3,57.68,5,57.67,10,57.8,3,57.82,11,57.83,3,57.84,3,57.85,7,57.86,8,57.87,9,57.88,10,57.89,10,57.92,13
2025-04-10 09:32:07,57.785,57.78,1,57.77,3,57.8,4,57.8,57.77,57.77,3,57.75,1,57.74,5,57.73,8,57.72,18,57.71,16,57.7,6,57.69,3,57.68,5,57.67,10,57.8,4,57.82,11,57.83,3,57.84,3,57.85,7,57.86,8,57.87,9,57.88,10,57.89,10,57.92,13
2025-04-10 09:32:08,57.785,57.78,1,57.77,1,57.8,4,57.8,57.77,57.77,1,57.76,1,57.75,1,57.74,5,57.73,8,57.72,18,57.71,16,57.7,6,57.69,3,57.68,5,57.8,4,57.82,11,57.83,3,57.84,3,57.85,7,57.86,8,57.87,9,57.88,10,57.89,10,57.92,13
2025-04-10 09:32:09,57.785,57.78,1,57.77,3,57.8,2,57.8,57.77,57.77,3,57.76,1,57.75,1,57.74,5,57.73,8,57.72,18,57.71,16,57.7,6,57.69,3,57.68,5,57.8,2,57.82,11,57.83,3,57.84,3,57.85,7,57.86,8,57.87,9,57.88,10,57.89,10,57.92,13
2025-04-10 09:32:10,57.81,57.79,1,57.79,6,57.83,4,57.83,57.79,57.79,6,57.78,7,57.77,3,57.76,1,57.75,1,57.74,5,57.73,8,57.72,18,57.71,16,57.7,6,57.83,4,57.84,3,57.85,7,57.86,8,57.87,9,57.88,10,57.89,10,57.92,13,57.93,4,57.94,1
2025-04-10 09:32:11,57.825,57.83,1,57.81,3,57.84,5,57.84,57.81,57.81,3,57.8,4,57.79,8,57.78,7,57.77,3,57.76,1,57.75,1,57.74,5,57.73,8,57.72,18,57.84,5,57.85,7,57.86,8,57.87,9,57.88,10,57.89,10,57.92,13,57.93,4,57.94,1,57.95,4
2025-04-10 09:32:12,57.79,57.77,1,57.79,1,57.79,1,57.79,57.79,57.79,1,57.78,5,57.76,2,57.75,5,57.74,5,57.73,8,57.72,18,57.71,16,57.7,6,57.69,3,57.79,1,57.8,12,57.81,5,57.82,7,57.83,11,57.84,6,57.85,7,57.86,8,57.87,9,57.88,10
2025-04-10 09:32:13,57.77,57.77,1,57.76,8,57.78,4,57.78,57.76,57.76,8,57.75,5,57.74,5,57.73,8,57.72,18,57.71,16,57.7,6,57.69,3,57.68,5,57.67,10,57.78,4,57.79,6,57.8,6,57.81,5,57.82,13,57.83,10,57.84,6,57.85,7,57.86,8,57.87,9
2025-04-10 09:32:14,57.76,57.76,1,57.75,2,57.77,5,57.77,57.75,57.75,2,57.73,5,57.72,18,57.71,16,57.7,6,57.69,3,57.68,5,57.67,10,57.66,6,57.65,5,57.77,5,57.78,7,57.79,6,57.8,6,57.81,5,57.82,13,57.83,10,57.84,6,57.85,7,57.86,8
2025-04-10 09:32:15,57.76,57.76,1,57.75,2,57.77,5,57.77,57.75,57.75,2,57.73,5,57.72,18,57.71,16,57.7,6,57.69,3,57.68,5,57.67,10,57.66,6,57.65,5,57.77,5,57.78,7,57.79,6,57.8,6,57.81,5,57.82,13,57.83,10,57.84,6,57.85,7,57.86,8
2025-04-10 09:32:16,57.745,57.74,1,57.73,6,57.76,8,57.76,57.73,57.73,6,57.72,18,57.71,16,57.7,6,57.69,3,57.68,5,57.67,10,57.66,6,57.65,5,57.64,3,57.76,8,57.77,5,57.78,6,57.79,6,57.8,6,57.81,5,57.82,13,57.83,10,57.84,6,57.85,7
2025-04-10 09:32:17,57.745,57.75,1,57.73,2,57.76,7,57.76,57.73,57.73,2,57.72,18,57.71,16,57.7,6,57.69,3,57.68,5,57.67,10,57.66,6,57.65,5,57.64,3,57.76,7,57.77,5,57.78,6,57.79,6,57.8,6,57.81,5,57.82,13,57.83,10,57.84,6,57.85,7
2025-04-10 09:32:18,57.75,57.76,2,57.73,2,57.77,7,57.77,57.73,57.73,2,57.72,18,57.71,16,57.7,6,57.69,3,57.68,5,57.67,10,57.66,6,57.65,5,57.64,3,57.77,7,57.78,6,57.79,6,57.8,6,57.81,5,57.82,13,57.83,10,57.84,6,57.85,7,57.86,8
2025-04-10 09:32:19,57.775,57.78,1,57.76,12,57.79,3,57.79,57.76,57.76,12,57.75,5,57.74,3,57.73,4,57.72,18,57.71,16,57.7,6,57.69,3,57.68,5,57.67,10,57.79,3,57.8,6,57.81,10,57.82,13,57.83,10,57.84,6,57.85,7,57.86,8,57.87,9,57.88,10
2025-04-10 09:32:20,57.775,57.78,1,57.76,12,57.79,3,57.79,57.76,57.76,12,57.75,5,57.74,3,57.73,4,57.72,18,57.71,16,57.7,6,57.69,3,57.68,5,57.67,10,57.79,3,57.8,6,57.81,10,57.82,13,57.83,10,57.84,6,57.85,7,57.86,8,57.87,9,57.88,10
2025-04-10 09:32:21,57.795,57.8,1,57.78,8,57.81,9,57.81,57.78,57.78,8,57.77,5,57.76,12,57.75,5,57.74,3,57.73,4,57.72,18,57.71,16,57.7,6,57.69,3,57.81,9,57.82,13,57.83,10,57.84,6,57.85,7,57.86,8,57.87,9,57.88,10,57.89,10,57.92,13
2025-04-10 09:32:22,57.795,57.8,1,57.78,8,57.81,7,57.81,57.78,57.78,8,57.77,5,57.76,12,57.75,5,57.74,3,57.73,4,57.72,18,57.71,16,57.7,6,57.69,3,57.81,7,57.82,13,57.83,10,57.84,6,57.85,7,57.86,8,57.87,9,57.88,10,57.89,10,57.92,13
2025-04-10 09:32:23,57.795,57.8,1,57.78,6,57.81,13,57.81,57.78,57.78,6,57.77,5,57.76,12,57.75,5,57.74,3,57.73,4,57.72,18,57.71,16,57.7,6,57.69,3,57.81,13,57.82,13,57.83,10,57.84,6,57.85,7,57.86,8,57.87,9,57.88,10,57.89,10,57.92,13
2025-04-10 09:32:24,57.78,57.79,1,57.77,5,57.79,9,57.79,57.77,57.77,5,57.76,10,57.75,5,57.74,3,57.73,4,57.72,18,57.71,16,57.7,6,57.69,3,57.68,5,57.79,9,57.8,6,57.81,16,57.82,13,57.83,10,57.84,6,57.85,7,57.86,8,57.87,9,57.88,10
2025-04-10 09:32:25,57.79,57.78,26,57.78,4,57.8,3,57.8,57.78,57.78,4,57.77,5,57.76,10,57.75,5,57.74,3,57.73,4,57.72,18,57.71,16,57.7,6,57.69,3,57.8,3,57.81,16,57.82,13,57.83,10,57.84,6,57.85,7,57.86,8,57.87,9,57.88,10,57.89,10
2025-04-10 09:32:26,57.785,57.79,1,57.77,10,57.8,3,57.8,57.77,57.77,10,57.76,10,57.75,5,57.74,3,57.73,4,57.72,18,57.71,16,57.7,6,57.69,3,57.68,5,57.8,3,57.81,16,57.82,13,57.83,10,57.84,6,57.85,7,57.86,8,57.87,9,57.88,10,57.89,10
2025-04-10 09:32:27,57.785,57.79,1,57.77,5,57.8,3,57.8,57.77,57.77,5,57.76,10,57.75,5,57.74,3,57.73,4,57.72,18,57.71,16,57.7,6,57.69,3,57.68,5,57.8,3,57.81,16,57.82,13,57.83,10,57.84,6,57.85,7,57.86,8,57.87,9,57.88,10,57.89,10
2025-04-10 09:32:28,57.785,57.78,1,57.77,5,57.8,3,57.8,57.77,57.77,5,57.76,10,57.75,5,57.74,3,57.73,4,57.72,18,57.71,16,57.7,6,57.69,3,57.68,5,57.8,3,57.81,16,57.82,13,57.83,10,57.84,6,57.85,7,57.86,8,57.87,9,57.88,10,57.89,10
2025-04-10 09:32:29,57.765,57.77,1,57.76,8,57.77,8,57.77,57.76,57.76,8,57.75,8,57.74,8,57.73,8,57.72,18,57.71,16,57.7,6,57.69,3,57.68,5,57.67,10,57.77,8,57.78,9,57.79,16,57.8,12,57.81,16,57.82,13,57.83,10,57.84,6,57.85,7,57.86,8
2025-04-10 09:32:30,57.75,57.76,1,57.74,7,57.76,2,57.76,57.74,57.74,7,57.73,7,57.72,18,57.71,16,57.7,6,57.69,3,57.68,5,57.67,10,57.66,6,57.65,5,57.76,2,57.77,6,57.78,10,57.79,16,57.8,12,57.81,16,57.82,13,57.83,10,57.84,6,57.85,7
2025-04-10 09:32:31,57.74,57.75,1,57.73,5,57.75,4,57.75,57.73,57.73,5,57.72,18,57.71,16,57.7,6,57.69,3,57.68,5,57.67,10,57.66,6,57.65,5,57.64,3,57.75,4,57.76,5,57.77,6,57.78,10,57.79,16,57.8,12,57.81,16,57.82,13,57.83,10,57.84,6
2025-04-10 09:32:32,57.75,57.75,1,57.74,3,57.76,3,57.76,57.74,57.74,3,57.73,7,57.72,18,57.71,16,57.7,6,57.69,3,57.68,5,57.67,10,57.66,6,57.65,5,57.76,3,57.77,6,57.78,10,57.79,16,57.8,12,57.81,16,57.82,13,57.83,10,57.84,6,57.85,7
2025-04-10 09:32:33,57.75,57.75,1,57.74,4,57.76,4,57.76,57.74,57.74,4,57.73,7,57.72,18,57.71,16,57.7,6,57.69,3,57.68,5,57.67,10,57.66,6,57.65,5,57.76,4,57.77,6,57.78,10,57.79,16,57.8,12,57.81,16,57.82,13,57.83,10,57.84,6,57.85,7
2025-04-10 09:32:34,57.73,57.74,1,57.72,13,57.74,15,57.74,57.72,57.72,13,57.71,16,57.7,6,57.69,3,57.68,5,57.67,10,57.66,6,57.65,5,57.64,3,57.63,5,57.74,15,57.75,4,57.76,7,57.77,6,57.78,10,57.79,16,57.8,12,57.81,16,57.82,13,57.83,10
2025-04-10 09:32:35,57.725,57.72,1,57.71,16,57.74,17,57.74,57.71,57.71,16,57.7,6,57.69,3,57.68,5,57.67,10,57.66,6,57.65,5,57.64,3,57.63,5,57.62,4,57.74,17,57.75,4,57.76,7,57.77,6,57.78,10,57.79,16,57.8,12,57.81,16,57.82,13,57.83,10
2025-04-10 09:32:36,57.72,57.72,1,57.71,13,57.73,9,57.73,57.71,57.71,13,57.7,6,57.69,3,57.68,5,57.67,10,57.66,6,57.65,5,57.64,3,57.63,5,57.62,4,57.73,9,57.74,16,57.75,4,57.76,7,57.77,6,57.78,10,57.79,16,57.8,12,57.81,16,57.82,13
2025-04-10 09:32:37,57.725,57.72,1,57.71,13,57.74,16,57.74,57.71,57.71,13,57.7,6,57.69,3,57.68,5,57.67,10,57.66,6,57.65,5,57.64,3,57.63,5,57.62,4,57.74,16,57.75,4,57.76,7,57.77,6,57.78,10,57.79,16,57.8,12,57.81,16,57.82,13,57.83,10
2025-04-10 09:32:38,57.725,57.72,1,57.71,13,57.74,14,57.74,57.71,57.71,13,57.7,6,57.69,3,57.68,5,57.67,10,57.66,6,57.65,5,57.64,3,57.63,5,57.62,4,57.74,14,57.75,4,57.76,7,57.77,6,57.78,10,57.79,16,57.8,12,57.81,16,57.82,13,57.83,10
2025-04-10 09:32:39,57.725,57.72,1,57.71,13,57.74,14,57.74,57.71,57.71,13,57.7,6,57.69,3,57.68,5,57.67,10,57.66,6,57.65,5,57.64,3,57.63,5,57.62,4,57.74,14,57.75,4,57.76,7,57.77,6,57.78,10,57.79,16,57.8,12,57.81,16,57.82,13,57.83,10
2025-04-10 09:32:40,57.72,57.73,1,57.71,11,57.73,6,57.73,57.71,57.71,11,57.7,6,57.69,3,57.68,5,57.67,10,57.66,6,57.65,5,57.64,3,57.63,5,57.62,4,57.73,6,57.74,16,57.75,4,57.76,7,57.77,6,57.78,10,57.79,16,57.8,12,57.81,16,57.82,13
2025-04-10 09:32:41,57.725,57.73,1,57.71,11,57.74,13,57.74,57.71,57.71,11,57.7,6,57.69,3,57.68,5,57.67,10,57.66,6,57.65,5,57.64,3,57.63,5,57.62,4,57.74,13,57.75,4,57.76,7,57.77,6,57.78,10,57.79,16,57.8,12,57.81,16,57.82,13,57.83,10
2025-04-10 09:32:42,57.69,57.7,1,57.68,9,57.7,3,57.7,57.68,57.68,9,57.67,10,57.66,6,57.65,5,57.64,3,57.63,5,57.62,4,57.61,9,57.6,11,57.59,8,57.7,3,57.71,5,57.72,4,57.73,7,57.74,15,57.75,4,57.76,7,57.77,6,57.78,10,57.79,16
2025-04-10 09:32:43,57.695,57.69,1,57.68,13,57.71,6,57.71,57.68,57.68,13,57.67,10,57.66,6,57.65,5,57.64,3,57.63,5,57.62,4,57.61,9,57.6,11,57.59,8,57.71,6,57.72,4,57.73,7,57.74,15,57.75,4,57.76,7,57.77,6,57.78,10,57.79,16,57.8,12
2025-04-10 09:32:44,57.71,57.7,1,57.7,3,57.72,5,57.72,57.7,57.7,3,57.69,5,57.68,13,57.67,10,57.66,6,57.65,5,57.64,3,57.63,5,57.62,4,57.61,9,57.72,5,57.73,6,57.74,15,57.75,4,57.76,7,57.77,6,57.78,10,57.79,16,57.8,12,57.81,16
2025-04-10 09:32:45,57.71,57.7,1,57.7,3,57.72,9,57.72,57.7,57.7,3,57.69,5,57.68,13,57.67,10,57.66,6,57.65,5,57.64,3,57.63,5,57.62,4,57.61,9,57.72,9,57.73,6,57.74,15,57.75,4,57.76,7,57.77,6,57.78,10,57.79,16,57.8,12,57.81,16
2025-04-10 09:32:46,57.675,57.7,1,57.67,4,57.68,3,57.68,57.67,57.67,4,57.66,6,57.65,5,57.64,3,57.63,5,57.62,4,57.61,9,57.6,11,57.59,8,57.57,3,57.68,3,57.69,8,57.7,6,57.71,6,57.72,10,57.73,6,57.74,15,57.75,4,57.76,7,57.77,6
2025-04-10 09:32:47,57.695,57.69,1,57.68,5,57.71,3,57.71,57.68,57.68,5,57.67,7,57.66,6,57.65,5,57.64,3,57.63,5,57.62,4,57.61,9,57.6,11,57.59,8,57.71,3,57.72,10,57.73,6,57.74,15,57.75,4,57.76,7,57.77,6,57.78,10,57.79,16,57.8,12
2025-04-10 09:32:48,57.705,57.71,1,57.69,5,57.72,19,57.72,57.69,57.69,5,57.68,5,57.67,7,57.66,6,57.65,5,57.64,3,57.63,5,57.62,4,57.61,9,57.6,11,57.72,19,57.73,6,57.74,15,57.75,4,57.76,7,57.77,6,57.78,10,57.79,16,57.8,12,57.81,16
2025-04-10 09:32:49,57.7,57.71,1,57.68,5,57.72,17,57.72,57.68,57.68,5,57.67,7,57.66,6,57.65,5,57.64,3,57.63,5,57.62,4,57.61,9,57.6,11,57.59,8,57.72,17,57.73,6,57.74,15,57.75,4,57.76,7,57.77,6,57.78,10,57.79,16,57.8,12,57.81,16
2025-04-10 09:32:50,57.705,57.71,1,57.69,3,57.72,17,57.72,57.69,57.69,3,57.68,5,57.67,7,57.66,6,57.65,5,57.64,3,57.63,5,57.62,4,57.61,9,57.6,11,57.72,17,57.73,6,57.74,15,57.75,4,57.76,7,57.77,6,57.78,10,57.79,16,57.8,12,57.81,16
2025-04-10 09:32:51,57.695,57.7,1,57.68,5,57.71,3,57.71,57.68,57.68,5,57.67,7,57.66,6,57.65,5,57.64,3,57.63,5,57.62,4,57.61,9,57.6,11,57.59,8,57.71,3,57.72,8,57.73,6,57.74,15,57.75,4,57.76,7,57.77,6,57.78,10,57.79,16,57.8,12
2025-04-10 09:32:52,57.69,57.69,1,57.68,5,57.7,5,57.7,57.68,57.68,5,57.67,7,57.66,6,57.65,5,57.64,3,57.63,5,57.62,4,57.61,9,57.6,11,57.59,8,57.7,5,57.71,5,57.72,8,57.73,6,57.74,15,57.75,4,57.76,7,57.77,6,57.78,10,57.79,16
2025-04-10 09:32:53,57.665,57.67,1,57.65,5,57.68,4,57.68,57.65,57.65,5,57.64,3,57.63,5,57.62,4,57.61,9,57.6,11,57.59,8,57.57,3,57.55,8,57.54,9,57.68,4,57.69,5,57.7,5,57.71,5,57.72,8,57.73,6,57.74,15,57.75,4,57.76,7,57.77,6
2025-04-10 09:32:54,57.665,57.67,1,57.65,5,57.68,3,57.68,57.65,57.65,5,57.64,3,57.63,5,57.62,4,57.61,9,57.6,11,57.59,8,57.57,3,57.55,8,57.54,9,57.68,3,57.69,5,57.7,5,57.71,5,57.72,8,57.73,6,57.74,15,57.75,4,57.76,7,57.77,6
2025-04-10 09:32:55,57.71,57.71,2,57.7,3,57.72,10,57.72,57.7,57.7,3,57.69,5,57.68,6,57.67,7,57.66,1,57.65,5,57.64,3,57.63,5,57.62,4,57.61,9,57.72,10,57.73,6,57.74,15,57.75,4,57.76,7,57.77,6,57.78,10,57.79,16,57.8,12,57.81,16
2025-04-10 09:32:56,57.71,57.71,1,57.7,3,57.72,10,57.72,57.7,57.7,3,57.69,5,57.68,6,57.67,7,57.66,1,57.65,5,57.64,3,57.63,5,57.62,4,57.61,9,57.72,10,57.73,6,57.74,15,57.75,4,57.76,7,57.77,6,57.78,10,57.79,16,57.8,12,57.81,16
2025-04-10 09:32:57,57.715,57.72,1,57.7,5,57.73,9,57.73,57.7,57.7,5,57.69,5,57.68,6,57.67,7,57.66,1,57.65,5,57.64,3,57.63,5,57.62,4,57.61,9,57.73,9,57.74,15,57.75,4,57.76,7,57.77,6,57.78,10,57.79,16,57.8,12,57.81,16,57.82,13
2025-04-10 09:32:58,57.73,57.73,1,57.72,4,57.74,9,57.74,57.72,57.72,4,57.71,8,57.7,5,57.69,5,57.68,6,57.67,7,57.66,1,57.65,5,57.64,3,57.63,5,57.74,9,57.75,4,57.76,7,57.77,6,57.78,10,57.79,16,57.8,12,57.81,16,57.82,13,57.83,10
2025-04-10 09:32:59,57.755,57.76,2,57.74,12,57.77,3,57.77,57.74,57.74,12,57.73,10,57.72,6,57.71,8,57.7,5,57.69,5,57.68,6,57.67,7,57.66,1,57.65,5,57.77,3,57.78,10,57.79,16,57.8,12,57.81,16,57.82,13,57.83,10,57.84,6,57.85,7,57.86,8
2025-04-10 09:33:00,57.75,57.75,1,57.74,10,57.76,3,57.76,57.74,57.74,10,57.73,10,57.72,6,57.71,8,57.7,5,57.69,5,57.68,6,57.67,7,57.66,1,57.65,5,57.76,3,57.78,10,57.79,7,57.8,1,57.81,15,57.82,13,57.83,10,57.84,6,57.85,7,57.86,8
2025-04-10 09:33:01,57.71,57.71,1,57.7,3,57.72,2,57.72,57.7,57.7,3,57.69,5,57.68,6,57.67,7,57.66,1,57.65,5,57.64,3,57.63,5,57.62,4,57.61,9,57.72,2,57.73,2,57.74,2,57.75,5,57.76,6,57.78,10,57.79,7,57.8,1,57.81,15,57.82,13
2025-04-10 09:33:02,57.7,57.7,1,57.69,4,57.71,7,57.71,57.69,57.69,4,57.68,6,57.67,7,57.66,1,57.65,5,57.64,3,57.63,5,57.62,4,57.61,9,57.6,11,57.71,7,57.72,3,57.73,2,57.74,2,57.75,5,57.76,6,57.78,10,57.79,7,57.8,1,57.81,15
2025-04-10 09:33:03,57.66,57.66,1,57.65,3,57.67,3,57.67,57.65,57.65,3,57.64,5,57.63,5,57.62,4,57.61,9,57.6,11,57.59,8,57.57,3,57.55,8,57.54,9,57.67,3,57.68,5,57.69,5,57.71,7,57.72,3,57.73,2,57.74,2,57.75,5,57.76,6,57.78,10
2025-04-10 09:33:04,57.67,57.66,1,57.66,4,57.68,7,57.68,57.66,57.66,4,57.65,3,57.64,5,57.63,5,57.62,4,57.61,9,57.6,11,57.59,8,57.57,3,57.55,8,57.68,7,57.69,5,57.71,7,57.72,3,57.73,2,57.74,2,57.75,5,57.76,6,57.78,10,57.79,7
2025-04-10 09:33:05,57.65,57.64,1,57.64,3,57.66,3,57.66,57.64,57.64,3,57.63,5,57.62,4,57.61,9,57.6,11,57.59,8,57.57,3,57.55,8,57.54,9,,,57.66,3,57.67,7,57.68,7,57.69,5,57.71,7,57.72,3,57.73,2,57.74,2,57.75,5,57.76,6
2025-04-10 09:33:06,57.64,57.64,1,57.63,4,57.65,8,57.65,57.63,57.63,4,57.62,4,57.61,9,57.6,11,57.59,8,57.57,3,57.55,8,57.54,9,,,,,57.65,8,57.66,5,57.67,7,57.68,7,57.69,5,57.71,7,57.72,3,57.73,2,57.74,2,57.75,5
2025-04-10 09:33:07,57.64,57.63,1,57.63,2,57.65,9,57.65,57.63,57.63,2,57.62,4,57.61,9,57.6,11,57.59,8,57.57,3,57.55,8,57.54,9,,,,,57.65,9,57.66,5,57.67,7,57.68,7,57.69,5,57.71,7,57.72,3,57.73,2,57.74,2,57.75,5
2025-04-10 09:33:08,57.64,57.64,1,57.63,2,57.65,9,57.65,57.63,57.63,2,57.62,4,57.61,9,57.6,11,57.59,8,57.57,3,57.55,8,57.54,9,,,,,57.65,9,57.66,5,57.67,7,57.68,7,57.69,5,57.71,7,57.72,3,57.73,2,57.74,2,57.75,5
2025-04-10 09:33:09,57.66,57.65,1,57.65,3,57.67,7,57.67,57.65,57.65,3,57.64,5,57.63,14,57.62,4,57.61,9,57.6,11,57.59,8,57.57,3,57.55,8,57.54,9,57.67,7,57.68,7,57.69,5,57.71,7,57.72,3,57.73,2,57.74,2,57.75,5,57.76,6,57.78,10
2025-04-10 09:33:10,57.67,57.67,3,57.66,3,57.68,7,57.68,57.66,57.66,3,57.65,6,57.64,5,57.63,14,57.62,4,57.61,9,57.6,11,57.59,8,57.57,3,57.55,8,57.68,7,57.69,5,57.71,7,57.72,3,57.73,2,57.74,2,57.75,5,57.76,6,57.78,10,57.79,7
2025-04-10 09:33:11,57.67,57.67,3,57.66,2,57.68,9,57.68,57.66,57.66,2,57.65,6,57.64,5,57.63,14,57.62,4,57.61,9,57.6,11,57.59,8,57.57,3,57.55,8,57.68,9,57.69,5,57.71,7,57.72,3,57.73,2,57.74,2,57.75,5,57.76,6,57.78,10,57.79,7
2025-04-10 09:33:12,57.68,57.68,1,57.67,6,57.69,5,57.69,57.67,57.67,6,57.66,12,57.65,6,57.64,5,57.63,14,57.62,4,57.61,9,57.6,11,57.59,8,57.57,3,57.69,5,57.7,5,57.71,8,57.72,3,57.73,2,57.74,2,57.75,5,57.76,6,57.78,10,57.79,7
2025-04-10 09:33:13,57.69,57.69,1,57.68,3,57.7,5,57.7,57.68,57.68,3,57.67,10,57.66,12,57.65,6,57.64,5,57.63,14,57.62,4,57.61,9,57.6,11,57.59,8,57.7,5,57.71,8,57.72,3,57.73,2,57.74,2,57.75,5,57.76,6,57.78,10,57.79,7,57.8,1
2025-04-10 09:33:14,57.705,57.71,2,57.69,4,57.72,9,57.72,57.69,57.69,4,57.68,3,57.67,10,57.66,12,57.65,6,57.64,5,57.63,14,57.62,4,57.61,9,57.6,11,57.72,9,57.73,2,57.74,2,57.75,5,57.76,6,57.78,10,57.79,7,57.8,1,57.81,15,57.82,13
2025-04-10 09:33:15,57.72,57.72,1,57.71,5,57.73,4,57.73,57.71,57.71,5,57.7,5,57.69,4,57.68,3,57.67,10,57.66,12,57.65,6,57.64,5,57.63,14,57.62,4,57.73,4,57.74,2,57.75,5,57.76,6,57.78,10,57.79,7,57.8,1,57.81,15,57.82,13,57.83,10
2025-04-10 09:33:16,57.73,57.72,2,57.72,3,57.74,4,57.74,57.72,57.72,3,57.71,5,57.7,5,57.69,4,57.68,3,57.67,10,57.66,12,57.65,6,57.64,5,57.63,14,57.74,4,57.75,5,57.76,6,57.78,10,57.79,7,57.8,1,57.81,15,57.82,13,57.83,10,57.84,6
2025-04-10 09:33:17,57.725,57.72,2,57.71,3,57.74,4,57.74,57.71,57.71,3,57.7,5,57.69,4,57.68,3,57.67,10,57.66,12,57.65,6,57.64,5,57.63,14,57.62,4,57.74,4,57.75,5,57.76,6,57.78,10,57.79,7,57.8,1,57.81,15,57.82,13,57.83,10,57.84,6
2025-04-10 09:33:18,57.725,57.73,1,57.71,3,57.74,4,57.74,57.71,57.71,3,57.7,5,57.69,4,57.68,3,57.67,10,57.66,12,57.65,6,57.64,5,57.63,14,57.62,4,57.74,4,57.75,5,57.76,6,57.78,10,57.79,7,57.8,1,57.81,15,57.82,13,57.83,10,57.84,6
2025-04-10 09:33:19,57.72,57.72,2,57.71,6,57.73,7,57.73,57.71,57.71,6,57.7,7,57.69,4,57.68,3,57.67,10,57.66,12,57.65,6,57.64,5,57.63,14,57.62,4,57.73,7,57.74,4,57.75,5,57.76,6,57.78,10,57.79,7,57.8,1,57.81,15,57.82,13,57.83,10
2025-04-10 09:33:20,57.735,57.73,1,57.72,9,57.75,5,57.75,57.72,57.72,9,57.71,6,57.7,7,57.69,4,57.68,3,57.67,10,57.66,12,57.65,6,57.64,5,57.63,14,57.75,5,57.76,10,57.78,10,57.79,7,57.8,1,57.81,15,57.82,13,57.83,10,57.84,6,57.85,7
2025-04-10 09:33:21,57.73,57.73,1,57.72,5,57.74,3,57.74,57.72,57.72,5,57.71,7,57.7,7,57.69,4,57.68,3,57.67,10,57.66,12,57.65,6,57.64,5,57.63,14,57.74,3,57.75,5,57.76,10,57.78,10,57.79,7,57.8,1,57.81,15,57.82,13,57.83,10,57.84,6
2025-04-10 09:33:22,57.735,57.74,1,57.73,2,57.74,3,57.74,57.73,57.73,2,57.72,5,57.71,7,57.7,7,57.69,4,57.68,3,57.67,10,57.66,12,57.65,6,57.64,5,57.74,3,57.75,5,57.76,10,57.78,10,57.79,7,57.8,1,57.81,15,57.82,13,57.83,10,57.84,6
2025-04-10 09:33:23,57.755,57.75,1,57.75,5,57.76,7,57.76,57.75,57.75,5,57.74,4,57.73,7,57.72,5,57.71,7,57.7,7,57.69,4,57.68,3,57.67,10,57.66,12,57.76,7,57.78,10,57.79,7,57.8,1,57.81,15,57.82,13,57.83,10,57.84,6,57.85,7,57.86,8
2025-04-10 09:33:24,57.795,57.79,1,57.78,5,57.81,14,57.81,57.78,57.78,5,57.77,4,57.76,4,57.75,9,57.74,4,57.73,7,57.72,5,57.71,7,57.7,7,57.69,4,57.81,14,57.82,13,57.83,10,57.84,6,57.85,7,57.86,8,57.87,9,57.88,10,57.89,10,57.92,13
2025-04-10 09:33:25,57.74,57.76,1,57.73,9,57.75,5,57.75,57.73,57.73,9,57.72,5,57.71,7,57.7,7,57.69,4,57.68,3,57.67,10,57.66,12,57.65,6,57.64,5,57.75,5,57.76,3,57.77,7,57.79,7,57.8,4,57.81,14,57.82,13,57.83,10,57.84,6,57.85,7
2025-04-10 09:33:26,57.74,57.74,1,57.73,9,57.75,5,57.75,57.73,57.73,9,57.72,5,57.71,7,57.7,7,57.69,4,57.68,3,57.67,10,57.66,12,57.65,6,57.64,5,57.75,5,57.76,3,57.77,7,57.79,7,57.8,4,57.81,14,57.82,13,57.83,10,57.84,6,57.85,7
2025-04-10 09:33:27,57.74,57.75,1,57.73,8,57.75,2,57.75,57.73,57.73,8,57.72,5,57.71,7,57.7,7,57.69,4,57.68,3,57.67,10,57.66,12,57.65,6,57.64,5,57.75,2,57.76,3,57.77,7,57.79,7,57.8,4,57.81,14,57.82,13,57.83,10,57.84,6,57.85,7
2025-04-10 09:33:28,57.74,57.75,1,57.73,8,57.75,1,57.75,57.73,57.73,8,57.72,5,57.71,7,57.7,7,57.69,4,57.68,3,57.67,10,57.66,12,57.65,6,57.64,5,57.75,1,57.76,3,57.77,7,57.79,7,57.8,4,57.81,14,57.82,13,57.83,10,57.84,6,57.85,7
2025-04-10 09:33:29,57.74,57.75,1,57.73,7,57.75,2,57.75,57.73,57.73,7,57.72,5,57.71,7,57.7,7,57.69,4,57.68,3,57.67,10,57.66,12,57.65,6,57.64,5,57.75,2,57.76,3,57.77,7,57.79,7,57.8,4,57.81,14,57.82,13,57.83,10,57.84,6,57.85,7
2025-04-10 09:33:30,57.76,57.75,1,57.75,3,57.77,15,57.77,57.75,57.75,3,57.73,7,57.72,5,57.71,7,57.7,7,57.69,4,57.68,3,57.67,10,57.66,12,57.65,6,57.77,15,57.79,7,57.8,4,57.81,14,57.82,13,57.83,10,57.84,6,57.85,7,57.86,8,57.87,9
2025-04-10 09:33:31,57.765,57.76,1,57.75,5,57.78,3,57.78,57.75,57.75,5,57.74,5,57.73,7,57.72,5,57.71,7,57.7,7,57.69,4,57.68,3,57.67,10,57.66,12,57.78,3,57.79,6,57.8,4,57.81,14,57.82,13,57.83,10,57.84,6,57.85,7,57.86,8,57.87,9
2025-04-10 09:33:32,57.765,57.77,1,57.75,3,57.78,3,57.78,57.75,57.75,3,57.74,5,57.73,7,57.72,5,57.71,7,57.7,7,57.69,4,57.68,3,57.67,10,57.66,12,57.78,3,57.79,6,57.8,4,57.81,14,57.82,13,57.83,10,57.84,6,57.85,7,57.86,8,57.87,9
2025-04-10 09:33:33,57.76,57.77,1,57.74,5,57.78,4,57.78,57.74,57.74,5,57.73,7,57.72,5,57.71,7,57.7,7,57.69,4,57.68,3,57.67,10,57.66,12,57.65,6,57.78,4,57.79,6,57.8,4,57.81,14,57.82,13,57.83,10,57.84,6,57.85,7,57.86,8,57.87,9
2025-04-10 09:33:34,57.765,57.77,1,57.75,3,57.78,2,57.78,57.75,57.75,3,57.74,5,57.73,7,57.72,5,57.71,7,57.7,7,57.69,4,57.68,3,57.67,10,57.66,12,57.78,2,57.79,6,57.8,4,57.81,14,57.82,13,57.83,10,57.84,6,57.85,7,57.86,8,57.87,9
2025-04-10 09:33:35,57.75,57.75,1,57.74,3,57.76,3,57.76,57.74,57.74,3,57.73,11,57.72,5,57.71,7,57.7,7,57.69,4,57.68,3,57.67,10,57.66,12,57.65,6,57.76,3,57.77,3,57.78,2,57.79,6,57.8,4,57.81,14,57.82,13,57.83,10,57.84,6,57.85,7
2025-04-10 09:33:36,57.755,57.75,1,57.74,5,57.77,3,57.77,57.74,57.74,5,57.73,11,57.72,5,57.71,7,57.7,7,57.69,4,57.68,3,57.67,10,57.66,12,57.65,6,57.77,3,57.78,2,57.79,6,57.8,4,57.81,14,57.82,13,57.83,10,57.84,6,57.85,7,57.86,8
2025-04-10 09:33:37,57.755,57.76,1,57.74,5,57.77,3,57.77,57.74,57.74,5,57.73,11,57.72,5,57.71,7,57.7,7,57.69,4,57.68,3,57.67,10,57.66,12,57.65,6,57.77,3,57.78,2,57.79,6,57.8,4,57.81,14,57.82,13,57.83,10,57.84,6,57.85,7,57.86,8
2025-04-10 09:33:38,57.79,57.78,1,57.78,2,57.8,4,57.8,57.78,57.78,2,57.77,3,57.76,6,57.75,7,57.74,8,57.73,11,57.72,5,57.71,7,57.7,7,57.69,4,57.8,4,57.81,14,57.82,13,57.83,10,57.84,6,57.85,7,57.86,8,57.87,9,57.88,10,57.89,10
2025-04-10 09:33:39,57.785,57.79,1,57.77,7,57.8,4,57.8,57.77,57.77,7,57.76,6,57.75,7,57.74,8,57.73,11,57.72,5,57.71,7,57.7,7,57.69,4,57.68,3,57.8,4,57.81,14,57.82,13,57.83,10,57.84,6,57.85,7,57.86,8,57.87,9,57.88,10,57.89,10
2025-04-10 09:33:40,57.785,57.78,1,57.77,6,57.8,5,57.8,57.77,57.77,6,57.76,6,57.75,7,57.74,8,57.73,11,57.72,5,57.71,7,57.7,7,57.69,4,57.68,3,57.8,5,57.81,14,57.82,13,57.83,10,57.84,6,57.85,7,57.86,8,57.87,9,57.88,10,57.89,10
2025-04-10 09:33:41,57.765,57.76,1,57.75,4,57.78,17,57.78,57.75,57.75,4,57.74,8,57.73,11,57.72,5,57.71,7,57.7,7,57.69,4,57.68,3,57.67,10,57.66,12,57.78,17,57.8,5,57.81,14,57.82,13,57.83,10,57.84,6,57.85,7,57.86,8,57.87,9,57.88,10
2025-04-10 09:33:43,57.73,57.73,2,57.72,9,57.74,8,57.74,57.72,57.72,9,57.71,7,57.7,7,57.69,4,57.68,3,57.67,10,57.66,12,57.65,6,57.64,5,57.63,14,57.74,8,57.76,15,57.77,10,57.78,18,57.8,5,57.81,14,57.82,13,57.83,10,57.84,6,57.85,7
2025-04-10 09:33:43,57.74,57.73,1,57.73,3,57.75,5,57.75,57.73,57.73,3,57.72,9,57.71,7,57.7,7,57.69,4,57.68,3,57.67,10,57.66,12,57.65,6,57.64,5,57.75,5,57.76,15,57.77,10,57.78,18,57.8,5,57.81,14,57.82,13,57.83,10,57.84,6,57.85,7
2025-04-10 09:33:44,57.745,57.75,1,57.73,3,57.76,9,57.76,57.73,57.73,3,57.72,9,57.71,7,57.7,7,57.69,4,57.68,3,57.67,10,57.66,12,57.65,6,57.64,5,57.76,9,57.77,10,57.78,18,57.8,5,57.81,14,57.82,13,57.83,10,57.84,6,57.85,7,57.86,8
2025-04-10 09:33:45,57.73,57.73,1,57.72,8,57.74,5,57.74,57.72,57.72,8,57.71,7,57.7,7,57.69,4,57.68,3,57.67,10,57.66,12,57.65,6,57.64,5,57.63,14,57.74,5,57.75,5,57.76,14,57.77,10,57.78,18,57.8,5,57.81,14,57.82,13,57.83,10,57.84,6
2025-04-10 09:33:47,57.73,57.73,1,57.72,10,57.74,5,57.74,57.72,57.72,10,57.71,7,57.7,7,57.69,4,57.68,3,57.67,10,57.66,12,57.65,6,57.64,5,57.63,14,57.74,5,57.75,5,57.76,14,57.77,10,57.78,18,57.8,5,57.81,14,57.82,13,57.83,10,57.84,6
2025-04-10 09:33:47,57.725,57.73,1,57.71,5,57.74,5,57.74,57.71,57.71,5,57.7,7,57.69,4,57.68,3,57.67,10,57.66,12,57.65,6,57.64,5,57.63,14,57.62,4,57.74,5,57.75,5,57.76,14,57.77,10,57.78,18,57.8,5,57.81,14,57.82,13,57.83,10,57.84,6
2025-04-10 09:33:49,57.73,57.73,1,57.72,2,57.74,2,57.74,57.72,57.72,2,57.71,5,57.7,7,57.69,4,57.68,3,57.67,10,57.66,12,57.65,6,57.64,5,57.63,14,57.74,2,57.75,5,57.76,14,57.77,10,57.78,18,57.8,5,57.81,14,57.82,13,57.83,10,57.84,6
2025-04-10 09:33:49,57.73,57.73,2,57.72,3,57.74,2,57.74,57.72,57.72,3,57.71,5,57.7,7,57.69,4,57.68,3,57.67,10,57.66,12,57.65,6,57.64,5,57.63,14,57.74,2,57.75,5,57.76,14,57.77,10,57.78,18,57.8,5,57.81,14,57.82,13,57.83,10,57.84,6
2025-04-10 09:33:50,57.73,57.73,2,57.72,1,57.74,4,57.74,57.72,57.72,1,57.71,5,57.7,7,57.69,4,57.68,3,57.67,10,57.66,12,57.65,6,57.64,5,57.63,14,57.74,4,57.75,5,57.76,14,57.77,10,57.78,18,57.8,5,57.81,14,57.82,13,57.83,10,57.84,6
2025-04-10 09:33:51,57.74,57.74,1,57.73,14,57.75,5,57.75,57.73,57.73,14,57.72,5,57.71,5,57.7,7,57.69,6,57.68,3,57.67,10,57.66,12,57.65,6,57.64,5,57.75,5,57.76,12,57.77,10,57.78,18,57.8,5,57.81,14,57.82,13,57.83,10,57.84,6,57.85,7
2025-04-10 09:33:53,57.72,57.72,1,57.71,5,57.73,6,57.73,57.71,57.71,5,57.7,7,57.69,6,57.68,3,57.67,10,57.66,12,57.65,6,57.64,5,57.63,14,57.62,4,57.73,6,57.74,8,57.75,6,57.76,12,57.77,10,57.78,18,57.8,5,57.81,14,57.82,13,57.83,10
2025-04-10 09:33:53,57.72,57.72,1,57.71,3,57.73,6,57.73,57.71,57.71,3,57.7,4,57.69,6,57.68,3,57.67,10,57.66,12,57.65,6,57.64,5,57.63,14,57.62,4,57.73,6,57.74,8,57.75,6,57.76,12,57.77,10,57.78,18,57.8,5,57.81,14,57.82,13,57.83,10
2025-04-10 09:33:55,57.71,57.72,1,57.7,3,57.72,4,57.72,57.7,57.7,3,57.69,9,57.68,3,57.67,10,57.66,12,57.65,6,57.64,5,57.63,14,57.62,4,57.61,9,57.72,4,57.73,7,57.74,10,57.75,6,57.76,12,57.77,10,57.78,18,57.8,5,57.81,14,57.82,13
2025-04-10 09:33:56,57.7,57.7,1,57.69,6,57.71,3,57.71,57.69,57.69,6,57.68,3,57.67,10,57.66,12,57.65,6,57.64,5,57.63,14,57.62,4,57.61,9,57.6,11,57.71,3,57.72,6,57.73,5,57.74,10,57.75,6,57.76,12,57.77,10,57.78,18,57.8,5,57.81,14
2025-04-10 09:33:57,57.69,57.69,1,57.68,8,57.7,6,57.7,57.68,57.68,8,57.67,10,57.66,12,57.65,6,57.64,5,57.63,14,57.62,4,57.61,9,57.6,11,57.59,8,57.7,6,57.71,5,57.72,11,57.73,5,57.74,10,57.75,6,57.76,12,57.77,10,57.78,18,57.8,5
2025-04-10 09:33:58,57.675,57.67,1,57.66,12,57.69,5,57.69,57.66,57.66,12,57.65,6,57.64,5,57.63,14,57.62,4,57.61,9,57.6,11,57.59,8,57.57,3,57.55,8,57.69,5,57.7,17,57.71,5,57.72,11,57.73,5,57.74,10,57.75,6,57.76,12,57.77,10,57.78,18
2025-04-10 09:33:58,57.675,57.68,1,57.66,13,57.69,5,57.69,57.66,57.66,13,57.65,6,57.64,5,57.63,14,57.62,4,57.61,9,57.6,11,57.59,8,57.57,3,57.55,8,57.69,5,57.7,17,57.71,5,57.72,11,57.73,5,57.74,10,57.75,6,57.76,12,57.77,10,57.78,18
2025-04-10 09:34:00,57.685,57.69,1,57.67,3,57.7,19,57.7,57.67,57.67,3,57.66,13,57.65,6,57.64,5,57.63,14,57.62,4,57.61,9,57.6,11,57.59,8,57.57,3,57.7,19,57.71,5,57.72,11,57.73,5,57.74,10,57.75,6,57.76,12,57.77,10,57.78,18,57.8,5
2025-04-10 09:34:01,57.695,57.7,1,57.68,3,57.71,3,57.71,57.68,57.68,3,57.67,6,57.66,13,57.65,6,57.64,5,57.63,14,57.62,4,57.61,9,57.6,11,57.59,8,57.71,3,57.72,11,57.73,5,57.74,10,57.75,6,57.76,12,57.77,10,57.78,18,57.8,5,57.81,14
2025-04-10 09:34:02,57.705,57.68,5,57.69,3,57.71,1,57.71,57.69,57.69,3,57.68,7,57.67,6,57.66,13,57.65,6,57.64,5,57.63,14,57.62,4,57.61,9,57.6,11,57.72,11,57.73,5,57.74,10,57.75,6,57.76,12,57.77,10,57.78,18,57.8,5,57.81,14,57.82,13
2025-04-10 09:34:02,57.735,57.74,1,57.72,10,57.75,7,57.75,57.72,57.72,10,57.71,6,57.69,6,57.68,7,57.67,6,57.66,13,57.65,6,57.64,5,57.63,14,57.62,4,57.75,7,57.76,12,57.77,10,57.78,18,57.8,5,57.81,14,57.82,13,57.83,10,57.84,6,57.85,7
2025-04-10 09:34:04,57.735,57.74,1,57.72,10,57.75,7,57.75,57.72,57.72,10,57.71,6,57.69,6,57.68,7,57.67,6,57.66,13,57.65,6,57.64,5,57.63,14,57.62,4,57.75,7,57.76,12,57.77,10,57.78,18,57.8,5,57.81,14,57.82,13,57.83,10,57.84,6,57.85,7
2025-04-10 09:34:04,57.74,57.74,1,57.73,3,57.75,6,57.75,57.73,57.73,3,57.72,10,57.71,6,57.69,6,57.68,7,57.67,6,57.66,13,57.65,6,57.64,5,57.63,14,57.75,6,57.76,12,57.77,10,57.78,18,57.8,5,57.81,14,57.82,13,57.83,10,57.84,6,57.85,7
2025-04-10 09:34:06,57.745,57.75,1,57.74,1,57.75,3,57.75,57.74,57.74,1,57.73,10,57.72,10,57.71,6,57.69,6,57.68,7,57.67,6,57.66,13,57.65,6,57.64,5,57.75,3,57.76,15,57.77,10,57.78,18,57.8,5,57.81,14,57.82,13,57.83,10,57.84,6,57.85,7
2025-04-10 09:34:07,57.75,57.75,2,57.74,2,57.76,13,57.76,57.74,57.74,2,57.73,8,57.72,10,57.71,6,57.69,6,57.68,7,57.67,6,57.66,13,57.65,6,57.64,5,57.76,13,57.77,10,57.78,18,57.8,5,57.81,14,57.82,13,57.83,10,57.84,6,57.85,7,57.86,8
2025-04-10 09:34:08,57.74,57.74,1,57.73,8,57.75,5,57.75,57.73,57.73,8,57.72,10,57.71,6,57.69,6,57.68,7,57.67,6,57.66,13,57.65,6,57.64,5,57.63,14,57.75,5,57.76,15,57.77,10,57.78,18,57.8,5,57.81,14,57.82,13,57.83,10,57.84,6,57.85,7
2025-04-10 09:34:09,57.74,57.74,1,57.73,12,57.75,2,57.75,57.73,57.73,12,57.72,10,57.71,6,57.69,6,57.68,7,57.67,6,57.66,13,57.65,6,57.64,5,57.63,14,57.75,2,57.76,15,57.77,10,57.78,18,57.8,5,57.81,14,57.82,13,57.83,10,57.84,6,57.85,7
2025-04-10 09:34:10,57.74,57.74,1,57.73,6,57.75,3,57.75,57.73,57.73,6,57.72,10,57.71,6,57.69,6,57.68,7,57.67,6,57.66,13,57.65,6,57.64,5,57.63,14,57.75,3,57.76,13,57.77,10,57.78,18,57.8,5,57.81,14,57.82,13,57.83,10,57.84,6,57.85,7
2025-04-10 09:34:11,57.71,57.71,1,57.7,6,57.72,2,57.72,57.7,57.7,6,57.69,6,57.68,7,57.67,6,57.66,13,57.65,6,57.64,5,57.63,14,57.62,4,57.61,9,57.72,2,57.73,5,57.74,5,57.75,5,57.76,13,57.77,10,57.78,18,57.8,5,57.81,14,57.82,13
2025-04-10 09:34:12,57.715,57.71,1,57.7,5,57.73,18,57.73,57.7,57.7,5,57.69,6,57.68,7,57.67,6,57.66,13,57.65,6,57.64,5,57.63,14,57.62,4,57.61,9,57.73,18,57.74,5,57.75,5,57.76,13,57.77,10,57.78,18,57.8,5,57.81,14,57.82,13,57.83,10
2025-04-10 09:34:13,57.725,57.71,1,57.71,3,57.74,5,57.74,57.71,57.71,3,57.7,5,57.69,6,57.68,7,57.67,6,57.66,13,57.65,6,57.64,5,57.63,14,57.62,4,57.74,5,57.75,5,57.76,13,57.77,10,57.78,18,57.8,5,57.81,14,57.82,13,57.83,10,57.84,6
2025-04-10 09:34:14,57.745,57.74,1,57.74,2,57.75,7,57.75,57.74,57.74,2,57.73,6,57.72,3,57.71,3,57.7,5,57.69,6,57.68,7,57.67,6,57.66,13,57.65,6,57.75,7,57.76,13,57.77,10,57.78,18,57.8,5,57.81,14,57.82,13,57.83,10,57.84,6,57.85,7
2025-04-10 09:34:15,57.82,57.82,1,57.81,1,57.83,9,57.83,57.81,57.81,1,57.79,9,57.78,6,57.77,11,57.76,2,57.75,6,57.74,2,57.73,6,57.72,3,57.71,3,57.83,9,57.84,6,57.85,7,57.86,8,57.87,9,57.88,10,57.89,10,57.92,13,57.93,4,57.94,1
2025-04-10 09:34:16,57.81,57.81,1,57.79,11,57.83,8,57.83,57.79,57.79,11,57.78,6,57.77,11,57.76,2,57.75,6,57.74,2,57.73,6,57.72,3,57.71,3,57.7,5,57.83,8,57.84,6,57.85,7,57.86,8,57.87,9,57.88,10,57.89,10,57.92,13,57.93,4,57.94,1
2025-04-10 09:34:17,57.82,57.82,2,57.81,6,57.83,9,57.83,57.81,57.81,6,57.8,5,57.79,10,57.78,6,57.77,11,57.76,2,57.75,6,57.74,2,57.73,6,57.72,3,57.83,9,57.84,6,57.85,7,57.86,8,57.87,9,57.88,10,57.89,10,57.92,13,57.93,4,57.94,1
2025-04-10 09:34:18,57.845,57.84,1,57.83,3,57.86,12,57.86,57.83,57.83,3,57.82,5,57.81,6,57.8,5,57.79,10,57.78,6,57.77,11,57.76,2,57.75,6,57.74,2,57.86,12,57.87,9,57.88,10,57.89,10,57.92,13,57.93,4,57.94,1,57.95,4,,,,
2025-04-10 09:34:19,57.84,57.84,2,57.83,3,57.85,3,57.85,57.83,57.83,3,57.82,5,57.81,6,57.8,5,57.79,10,57.78,6,57.77,11,57.76,2,57.75,6,57.74,2,57.85,3,57.86,11,57.87,9,57.88,10,57.89,10,57.92,13,57.93,4,57.94,1,57.95,4,,
2025-04-10 09:34:20,57.84,57.84,1,57.83,3,57.85,5,57.85,57.83,57.83,3,57.82,5,57.81,6,57.8,5,57.79,10,57.78,6,57.77,11,57.76,2,57.75,6,57.74,2,57.85,5,57.86,11,57.87,9,57.88,10,57.89,10,57.92,13,57.93,4,57.94,1,57.95,4,,
2025-04-10 09:34:21,57.845,57.84,2,57.83,3,57.86,10,57.86,57.83,57.83,3,57.82,5,57.81,6,57.8,5,57.79,10,57.78,6,57.77,11,57.76,2,57.75,6,57.74,2,57.86,10,57.87,9,57.88,10,57.89,10,57.92,13,57.93,4,57.94,1,57.95,4,,,,
2025-04-10 09:34:22,57.845,57.85,1,57.83,3,57.86,10,57.86,57.83,57.83,3,57.82,5,57.81,6,57.8,5,57.79,10,57.78,6,57.77,11,57.76,2,57.75,6,57.74,2,57.86,10,57.87,9,57.88,10,57.89,10,57.92,13,57.93,4,57.94,1,57.95,4,,,,
2025-04-10 09:34:23,57.825,57.83,1,57.81,6,57.84,4,57.84,57.81,57.81,6,57.8,5,57.79,10,57.78,6,57.77,11,57.76,2,57.75,6,57.74,2,57.73,6,57.72,3,57.84,4,57.85,6,57.86,13,57.87,9,57.88,10,57.89,10,57.92,13,57.93,4,57.94,1,57.95,4
2025-04-10 09:34:24,57.815,57.81,2,57.8,4,57.83,5,57.83,57.8,57.8,4,57.79,10,57.78,6,57.77,11,57.76,2,57.75,6,57.74,2,57.73,6,57.72,3,57.71,3,57.83,5,57.84,7,57.85,6,57.86,13,57.87,9,57.88,10,57.89,10,57.92,13,57.93,4,57.94,1
2025-04-10 09:34:25,57.815,57.82,1,57.8,8,57.83,3,57.83,57.8,57.8,8,57.79,10,57.78,6,57.77,11,57.76,2,57.75,6,57.74,2,57.73,6,57.72,3,57.71,3,57.83,3,57.84,7,57.85,6,57.86,13,57.87,9,57.88,10,57.89,10,57.92,13,57.93,4,57.94,1
2025-04-10 09:34:26,57.84,57.84,1,57.83,1,57.85,8,57.85,57.83,57.83,1,57.82,1,57.81,6,57.8,8,57.79,10,57.78,6,57.77,11,57.76,2,57.75,6,57.74,2,57.85,8,57.86,13,57.87,9,57.88,10,57.89,10,57.92,13,57.93,4,57.94,1,57.95,4,,
2025-04-10 09:34:27,57.845,57.84,1,57.83,6,57.86,10,57.86,57.83,57.83,6,57.82,1,57.81,6,57.8,8,57.79,10,57.78,6,57.77,11,57.76,2,57.75,6,57.74,2,57.86,10,57.87,9,57.88,10,57.89,10,57.92,13,57.93,4,57.94,1,57.95,4,,,,
2025-04-10 09:34:28,57.87,57.88,1,57.86,4,57.88,7,57.88,57.86,57.86,4,57.85,7,57.84,3,57.83,8,57.82,1,57.81,6,57.8,8,57.79,10,57.78,6,57.77,11,57.88,7,57.89,10,57.92,13,57.93,4,57.94,1,57.95,4,,,,,,,,
2025-04-10 09:34:29,57.855,57.86,1,57.84,4,57.87,7,57.87,57.84,57.84,4,57.83,8,57.82,1,57.81,6,57.8,8,57.79,10,57.78,6,57.77,11,57.76,2,57.75,6,57.87,7,57.88,9,57.89,10,57.92,13,57.93,4,57.94,1,57.95,4,,,,,,
2025-04-10 09:34:30,57.845,57.86,1,57.83,8,57.86,2,57.86,57.83,57.83,8,57.82,1,57.81,6,57.8,8,57.79,10,57.78,6,57.77,11,57.76,2,57.75,6,57.74,2,57.86,2,57.88,9,57.89,10,57.92,13,57.93,4,57.94,1,57.95,4,,,,,,
2025-04-10 09:34:31,57.84,57.83,1,57.83,3,57.85,16,57.85,57.83,57.83,3,57.82,5,57.81,3,57.8,9,57.79,10,57.78,6,57.77,11,57.76,2,57.75,6,57.74,2,57.85,16,57.86,4,57.88,9,57.89,10,57.92,13,57.93,4,57.94,1,57.95,4,,,,
2025-04-10 09:34:32,57.82,57.82,2,57.81,8,57.83,3,57.83,57.81,57.81,8,57.8,9,57.79,10,57.78,6,57.77,11,57.76,2,57.75,6,57.74,2,57.73,6,57.72,3,57.83,3,57.84,5,57.85,18,57.86,4,57.88,9,57.89,10,57.92,13,57.93,4,57.94,1,57.95,4
2025-04-10 09:34:33,57.8,57.8,2,57.79,11,57.81,3,57.81,57.79,57.79,11,57.78,6,57.77,11,57.76,2,57.75,6,57.74,2,57.73,6,57.72,3,57.71,3,57.7,5,57.81,3,57.82,3,57.83,5,57.84,5,57.85,18,57.86,4,57.88,9,57.89,10,57.92,13,57.93,4
2025-04-10 09:34:34,57.8,57.8,2,57.79,9,57.81,3,57.81,57.79,57.79,9,57.78,6,57.77,11,57.76,2,57.75,6,57.74,2,57.73,6,57.72,3,57.71,3,57.7,5,57.81,3,57.82,3,57.83,5,57.84,5,57.85,18,57.86,4,57.88,9,57.89,10,57.92,13,57.93,4
2025-04-10 09:34:35,57.785,57.79,1,57.77,11,57.8,5,57.8,57.77,57.77,11,57.76,2,57.75,6,57.74,2,57.73,6,57.72,3,57.71,3,57.7,5,57.69,6,57.68,7,57.8,5,57.81,5,57.82,3,57.83,5,57.84,5,57.85,18,57.86,4,57.88,9,57.89,10,57.92,13
2025-04-10 09:34:36,57.8,57.79,2,57.79,1,57.81,13,57.81,57.79,57.79,1,57.78,6,57.77,12,57.76,2,57.75,6,57.74,2,57.73,6,57.72,3,57.71,3,57.7,5,57.81,13,57.82,3,57.83,5,57.84,5,57.85,18,57.86,4,57.88,9,57.89,10,57.92,13,57.93,4
2025-04-10 09:34:37,57.795,57.79,2,57.78,6,57.81,15,57.81,57.78,57.78,6,57.77,12,57.76,2,57.75,6,57.74,2,57.73,6,57.72,3,57.71,3,57.7,5,57.69,6,57.81,15,57.82,3,57.83,5,57.84,5,57.85,18,57.86,4,57.88,9,57.89,10,57.92,13,57.93,4
2025-04-10 09:34:38,57.78,57.78,2,57.77,9,57.79,3,57.79,57.77,57.77,9,57.76,2,57.75,6,57.74,2,57.73,6,57.72,3,57.71,3,57.7,5,57.69,6,57.68,7,57.79,3,57.8,5,57.81,15,57.82,3,57.83,5,57.84,5,57.85,18,57.86,4,57.88,9,57.89,10
2025-04-10 09:34:39,57.78,57.78,2,57.77,4,57.79,7,57.79,57.77,57.77,4,57.76,5,57.75,6,57.74,2,57.73,6,57.72,3,57.71,3,57.7,5,57.69,6,57.68,7,57.79,7,57.8,5,57.81,15,57.82,3,57.83,5,57.84,5,57.85,18,57.86,4,57.88,9,57.89,10
2025-04-10 09:34:40,57.775,57.77,1,57.76,6,57.79,10,57.79,57.76,57.76,6,57.75,6,57.74,2,57.73,6,57.72,3,57.71,3,57.7,5,57.69,6,57.68,7,57.67,6,57.79,10,57.8,5,57.81,15,57.82,3,57.83,5,57.84,5,57.85,18,57.86,4,57.88,9,57.89,10
2025-04-10 09:34:41,57.75,57.75,2,57.74,5,57.76,4,57.76,57.74,57.74,5,57.73,6,57.72,3,57.71,3,57.7,5,57.69,6,57.68,7,57.67,6,57.66,13,57.65,6,57.76,4,57.77,6,57.78,10,57.79,10,57.8,5,57.81,15,57.82,3,57.83,5,57.84,5,57.85,18
2025-04-10 09:34:42,57.75,57.75,2,57.74,5,57.76,2,57.76,57.74,57.74,5,57.73,6,57.72,3,57.71,3,57.7,5,57.69,6,57.68,7,57.67,6,57.66,13,57.65,6,57.76,2,57.77,6,57.78,10,57.79,10,57.8,5,57.81,15,57.82,3,57.83,5,57.84,5,57.85,18
2025-04-10 09:34:43,57.755,57.74,1,57.74,5,57.77,10,57.77,57.74,57.74,5,57.73,6,57.72,3,57.71,3,57.7,5,57.69,6,57.68,7,57.67,6,57.66,13,57.65,6,57.77,10,57.78,10,57.79,10,57.8,5,57.81,15,57.82,3,57.83,5,57.84,5,57.85,18,57.86,4
2025-04-10 09:34:44,57.79,57.79,1,57.78,10,57.8,10,57.8,57.78,57.78,10,57.77,5,57.76,6,57.75,3,57.74,5,57.73,6,57.72,3,57.71,3,57.7,5,57.69,6,57.8,10,57.81,15,57.82,3,57.83,5,57.84,5,57.85,18,57.86,4,57.88,9,57.89,10,57.92,13
2025-04-10 09:34:45,57.79,57.79,1,57.78,9,57.8,8,57.8,57.78,57.78,9,57.77,5,57.76,6,57.75,3,57.74,5,57.73,6,57.72,3,57.71,3,57.7,5,57.69,6,57.8,8,57.81,15,57.82,3,57.83,5,57.84,5,57.85,18,57.86,4,57.88,9,57.89,10,57.92,13
2025-04-10 09:34:46,57.8,57.8,3,57.79,5,57.81,13,57.81,57.79,57.79,5,57.78,5,57.77,5,57.76,6,57.75,3,57.74,5,57.73,6,57.72,3,57.71,3,57.7,5,57.81,13,57.82,3,57.83,5,57.84,5,57.85,18,57.86,4,57.88,9,57.89,10,57.92,13,57.93,4
2025-04-10 09:34:47,57.8,57.8,3,57.79,5,57.81,13,57.81,57.79,57.79,5,57.78,5,57.77,5,57.76,6,57.75,3,57.74,5,57.73,6,57.72,3,57.71,3,57.7,5,57.81,13,57.82,3,57.83,5,57.84,5,57.85,18,57.86,4,57.88,9,57.89,10,57.92,13,57.93,4
2025-04-10 09:34:48,57.815,57.81,3,57.8,5,57.83,3,57.83,57.8,57.8,5,57.79,5,57.78,5,57.77,5,57.76,6,57.75,3,57.74,5,57.73,6,57.72,3,57.71,3,57.83,3,57.84,5,57.85,18,57.86,4,57.88,9,57.89,10,57.92,13,57.93,4,57.94,1,57.95,4
2025-04-10 09:34:49,57.815,57.82,1,57.8,6,57.83,3,57.83,57.8,57.8,6,57.79,5,57.78,5,57.77,5,57.76,6,57.75,3,57.74,5,57.73,6,57.72,3,57.71,3,57.83,3,57.84,5,57.85,18,57.86,4,57.88,9,57.89,10,57.92,13,57.93,4,57.94,1,57.95,4
2025-04-10 09:34:50,57.83,57.83,1,57.81,5,57.85,16,57.85,57.81,57.81,5,57.8,6,57.79,5,57.78,5,57.77,5,57.76,6,57.75,3,57.74,5,57.73,6,57.72,3,57.85,16,57.86,4,57.88,9,57.89,10,57.92,13,57.93,4,57.94,1,57.95,4,,,,
2025-04-10 09:34:51,57.825,57.83,1,57.81,5,57.84,3,57.84,57.81,57.81,5,57.8,6,57.79,5,57.78,5,57.77,5,57.76,6,57.75,3,57.74,5,57.73,6,57.72,3,57.84,3,57.85,16,57.86,4,57.88,9,57.89,10,57.92,13,57.93,4,57.94,1,57.95,4,,
2025-04-10 09:34:52,57.835,57.84,2,57.82,5,57.85,19,57.85,57.82,57.82,5,57.81,5,57.8,6,57.79,5,57.78,5,57.77,5,57.76,6,57.75,3,57.74,5,57.73,6,57.85,19,57.86,4,57.88,9,57.89,10,57.92,13,57.93,4,57.94,1,57.95,4,,,,
2025-04-10 09:34:53,57.8,57.8,1,57.79,13,57.81,13,57.81,57.79,57.79,13,57.78,5,57.77,5,57.76,6,57.75,3,57.74,5,57.73,6,57.72,3,57.71,3,57.7,5,57.81,13,57.82,5,57.85,19,57.86,4,57.88,9,57.89,10,57.92,13,57.93,4,57.94,1,57.95,4
2025-04-10 09:34:54,57.765,57.77,1,57.75,5,57.78,5,57.78,57.75,57.75,5,57.74,5,57.73,6,57.72,3,57.71,3,57.7,5,57.69,6,57.68,7,57.67,6,57.66,13,57.78,5,57.79,5,57.8,10,57.81,15,57.82,5,57.85,19,57.86,4,57.88,9,57.89,10,57.92,13
2025-04-10 09:34:55,57.705,57.7,1,57.69,10,57.72,5,57.72,57.69,57.69,10,57.68,7,57.67,6,57.66,13,57.65,6,57.64,5,57.63,14,57.62,4,57.61,9,57.6,11,57.72,5,57.73,8,57.74,6,57.75,8,57.76,11,57.77,9,57.78,5,57.79,5,57.8,10,57.81,15
2025-04-10 09:34:56,57.705,57.7,1,57.69,17,57.72,2,57.72,57.69,57.69,17,57.68,7,57.67,6,57.66,13,57.65,6,57.64,5,57.63,14,57.62,4,57.61,9,57.6,11,57.72,2,57.73,6,57.74,6,57.75,8,57.76,11,57.77,9,57.78,5,57.79,5,57.8,10,57.81,15
2025-04-10 09:34:57,57.715,57.72,1,57.7,11,57.73,7,57.73,57.7,57.7,11,57.69,17,57.68,7,57.67,6,57.66,13,57.65,6,57.64,5,57.63,14,57.62,4,57.61,9,57.73,7,57.74,8,57.75,8,57.76,11,57.77,9,57.78,5,57.79,5,57.8,10,57.81,15,57.82,5
2025-04-10 09:34:58,57.715,57.72,1,57.7,19,57.73,4,57.73,57.7,57.7,19,57.69,17,57.68,7,57.67,6,57.66,13,57.65,6,57.64,5,57.63,14,57.62,4,57.61,9,57.73,4,57.74,8,57.75,8,57.76,11,57.77,9,57.78,5,57.79,5,57.8,10,57.81,15,57.82,5
2025-04-10 09:34:59,57.715,57.72,1,57.7,18,57.73,5,57.73,57.7,57.7,18,57.69,17,57.68,7,57.67,6,57.66,13,57.65,6,57.64,5,57.63,14,57.62,4,57.61,9,57.73,5,57.74,8,57.75,8,57.76,11,57.77,9,57.78,5,57.79,5,57.8,10,57.81,15,57.82,5
2025-04-10 09:35:00,57.715,57.7,2,57.7,17,57.73,6,57.73,57.7,57.7,17,57.69,17,57.68,7,57.67,6,57.66,13,57.65,6,57.64,5,57.63,14,57.62,4,57.61,9,57.73,6,57.74,9,57.75,8,57.76,11,57.77,9,57.78,5,57.79,5,57.8,10,57.81,15,57.82,5
2025-04-10 09:35:01,57.72,57.72,1,57.71,2,57.73,5,57.73,57.71,57.71,2,57.7,17,57.69,17,57.68,7,57.67,6,57.66,13,57.65,6,57.64,5,57.63,14,57.62,4,57.73,5,57.74,9,57.75,8,57.76,11,57.77,9,57.78,5,57.79,5,57.8,10,57.81,15,57.82,5
2025-04-10 09:35:02,57.725,57.73,2,57.71,10,57.74,5,57.74,57.71,57.71,10,57.7,17,57.69,17,57.68,7,57.67,6,57.66,13,57.65,6,57.64,5,57.63,14,57.62,4,57.74,5,57.75,8,57.76,11,57.77,9,57.78,5,57.79,5,57.8,10,57.81,15,57.82,5,57.85,19
2025-04-10 09:35:03,57.705,57.7,2,57.69,13,57.72,10,57.72,57.69,57.69,13,57.68,7,57.67,6,57.66,13,57.65,6,57.64,5,57.63,14,57.62,4,57.61,9,57.6,11,57.72,10,57.73,6,57.74,7,57.75,8,57.76,11,57.77,9,57.78,5,57.79,5,57.8,10,57.81,15
2025-04-10 09:35:04,57.705,57.7,1,57.69,13,57.72,10,57.72,57.69,57.69,13,57.68,7,57.67,6,57.66,13,57.65,6,57.64,5,57.63,14,57.62,4,57.61,9,57.6,11,57.72,10,57.73,6,57.74,7,57.75,8,57.76,11,57.77,9,57.78,5,57.79,5,57.8,10,57.81,15
2025-04-10 09:35:05,57.705,57.7,1,57.69,15,57.72,11,57.72,57.69,57.69,15,57.68,14,57.67,6,57.66,13,57.65,6,57.64,5,57.63,14,57.62,4,57.61,9,57.6,11,57.72,11,57.73,6,57.74,7,57.75,8,57.76,11,57.77,9,57.78,5,57.79,5,57.8,10,57.81,15
2025-04-10 09:35:06,57.705,57.7,1,57.69,22,57.72,11,57.72,57.69,57.69,22,57.68,14,57.67,6,57.66,13,57.65,6,57.64,5,57.63,14,57.62,4,57.61,9,57.6,11,57.72,11,57.73,6,57.74,7,57.75,8,57.76,11,57.77,9,57.78,5,57.79,5,57.8,10,57.81,15
2025-04-10 09:35:07,57.715,57.7,1,57.7,5,57.73,3,57.73,57.7,57.7,5,57.69,21,57.68,14,57.67,6,57.66,13,57.65,6,57.64,5,57.63,14,57.62,4,57.61,9,57.73,3,57.74,7,57.75,8,57.76,11,57.77,9,57.78,5,57.79,5,57.8,10,57.81,15,57.82,5
2025-04-10 09:35:08,57.715,57.7,1,57.7,3,57.73,3,57.73,57.7,57.7,3,57.69,21,57.68,14,57.67,6,57.66,13,57.65,6,57.64,5,57.63,14,57.62,4,57.61,9,57.73,3,57.74,7,57.75,8,57.76,11,57.77,9,57.78,5,57.79,5,57.8,10,57.81,15,57.82,5
2025-04-10 09:35:09,57.715,57.7,2,57.7,10,57.73,3,57.73,57.7,57.7,10,57.69,21,57.68,14,57.67,6,57.66,13,57.65,6,57.64,5,57.63,14,57.62,4,57.61,9,57.73,3,57.74,7,57.75,8,57.76,11,57.77,9,57.78,5,57.79,5,57.8,10,57.81,15,57.82,5
2025-04-10 09:35:10,57.715,57.72,1,57.7,7,57.73,3,57.73,57.7,57.7,7,57.69,21,57.68,14,57.67,6,57.66,13,57.65,6,57.64,5,57.63,14,57.62,4,57.61,9,57.73,3,57.74,7,57.75,8,57.76,11,57.77,9,57.78,5,57.79,5,57.8,10,57.81,15,57.82,5
2025-04-10 09:35:11,57.68,57.68,1,57.67,7,57.69,6,57.69,57.67,57.67,7,57.66,13,57.65,6,57.64,5,57.63,14,57.62,4,57.61,9,57.6,11,57.59,8,57.57,3,57.69,6,57.7,5,57.71,7,57.72,6,57.73,4,57.74,7,57.75,8,57.76,11,57.77,9,57.78,5
2025-04-10 09:35:12,57.68,57.68,1,57.67,7,57.69,6,57.69,57.67,57.67,7,57.66,13,57.65,6,57.64,5,57.63,14,57.62,4,57.61,9,57.6,11,57.59,8,57.57,3,57.69,6,57.7,5,57.71,7,57.72,6,57.73,4,57.74,7,57.75,8,57.76,11,57.77,9,57.78,5
2025-04-10 09:35:13,57.685,57.69,1,57.67,17,57.7,3,57.7,57.67,57.67,17,57.66,13,57.65,6,57.64,5,57.63,14,57.62,4,57.61,9,57.6,11,57.59,8,57.57,3,57.7,3,57.71,7,57.72,6,57.73,4,57.74,7,57.75,8,57.76,11,57.77,9,57.78,5,57.79,5
2025-04-10 09:35:14,57.67,57.66,1,57.66,13,57.68,5,57.68,57.66,57.66,13,57.65,6,57.64,5,57.63,14,57.62,4,57.61,9,57.6,11,57.59,8,57.57,3,57.55,8,57.68,5,57.69,13,57.7,6,57.71,7,57.72,6,57.73,4,57.74,7,57.75,8,57.76,11,57.77,9
2025-04-10 09:35:15,57.665,57.66,1,57.65,6,57.68,6,57.68,57.65,57.65,6,57.64,5,57.63,14,57.62,4,57.61,9,57.6,11,57.59,8,57.57,3,57.55,8,57.54,9,57.68,6,57.69,13,57.7,6,57.71,7,57.72,6,57.73,4,57.74,7,57.75,8,57.76,11,57.77,9
2025-04-10 09:35:16,57.665,57.67,1,57.65,4,57.68,6,57.68,57.65,57.65,4,57.64,5,57.63,14,57.62,4,57.61,9,57.6,11,57.59,8,57.57,3,57.55,8,57.54,9,57.68,6,57.69,13,57.7,6,57.71,7,57.72,6,57.73,4,57.74,7,57.75,8,57.76,11,57.77,9
2025-04-10 09:35:17,57.65,57.64,1,57.64,12,57.66,5,57.66,57.64,57.64,12,57.63,14,57.62,4,57.61,9,57.6,11,57.59,8,57.57,3,57.55,8,57.54,9,,,57.66,5,57.67,6,57.68,9,57.69,13,57.7,6,57.71,7,57.72,6,57.73,4,57.74,7,57.75,8
2025-04-10 09:35:18,57.65,57.64,1,57.64,12,57.66,3,57.66,57.64,57.64,12,57.63,14,57.62,4,57.61,9,57.6,11,57.59,8,57.57,3,57.55,8,57.54,9,,,57.66,3,57.67,6,57.68,9,57.69,13,57.7,6,57.71,7,57.72,6,57.73,4,57.74,7,57.75,8
2025-04-10 09:35:19,57.645,57.64,1,57.64,12,57.65,3,57.65,57.64,57.64,12,57.63,14,57.62,4,57.61,9,57.6,11,57.59,8,57.57,3,57.55,8,57.54,9,,,57.65,3,57.66,5,57.67,6,57.68,9,57.69,13,57.7,6,57.71,7,57.72,6,57.73,4,57.74,7
2025-04-10 09:35:20,57.665,57.66,1,57.65,9,57.68,15,57.68,57.65,57.65,9,57.64,12,57.63,14,57.62,4,57.61,9,57.6,11,57.59,8,57.57,3,57.55,8,57.54,9,57.68,15,57.69,13,57.7,6,57.71,7,57.72,6,57.73,4,57.74,7,57.75,8,57.76,11,57.77,9
2025-04-10 09:35:21,57.665,57.66,1,57.65,9,57.68,15,57.68,57.65,57.65,9,57.64,12,57.63,14,57.62,4,57.61,9,57.6,11,57.59,8,57.57,3,57.55,8,57.54,9,57.68,15,57.69,13,57.7,6,57.71,7,57.72,6,57.73,4,57.74,7,57.75,8,57.76,11,57.77,9
2025-04-10 09:35:22,57.66,57.65,1,57.65,9,57.67,3,57.67,57.65,57.65,9,57.64,12,57.63,14,57.62,4,57.61,9,57.6,11,57.59,8,57.57,3,57.55,8,57.54,9,57.67,3,57.68,16,57.69,13,57.7,6,57.71,7,57.72,6,57.73,4,57.74,7,57.75,8,57.76,11
2025-04-10 09:35:23,57.675,57.67,1,57.66,3,57.69,15,57.69,57.66,57.66,3,57.65,11,57.64,12,57.63,14,57.62,4,57.61,9,57.6,11,57.59,8,57.57,3,57.55,8,57.69,15,57.7,6,57.71,7,57.72,6,57.73,4,57.74,7,57.75,8,57.76,11,57.77,9,57.78,5
2025-04-10 09:35:24,57.665,57.66,1,57.65,7,57.68,7,57.68,57.65,57.65,7,57.64,12,57.63,14,57.62,4,57.61,9,57.6,11,57.59,8,57.57,3,57.55,8,57.54,9,57.68,7,57.69,16,57.7,6,57.71,7,57.72,6,57.73,4,57.74,7,57.75,8,57.76,11,57.77,9
2025-04-10 09:35:25,57.665,57.67,1,57.65,10,57.68,5,57.68,57.65,57.65,10,57.64,12,57.63,14,57.62,4,57.61,9,57.6,11,57.59,8,57.57,3,57.55,8,57.54,9,57.68,5,57.69,16,57.7,6,57.71,7,57.72,6,57.73,4,57.74,7,57.75,8,57.76,11,57.77,9
2025-04-10 09:35:26,57.675,57.68,1,57.66,10,57.69,13,57.69,57.66,57.66,10,57.65,5,57.64,13,57.63,14,57.62,4,57.61,9,57.6,11,57.59,8,57.57,3,57.55,8,57.69,13,57.7,6,57.71,7,57.72,6,57.73,4,57.74,7,57.75,8,57.76,11,57.77,9,57.78,5
2025-04-10 09:35:27,57.675,57.68,1,57.66,10,57.69,13,57.69,57.66,57.66,10,57.65,5,57.64,13,57.63,14,57.62,4,57.61,9,57.6,11,57.59,8,57.57,3,57.55,8,57.69,13,57.7,6,57.71,7,57.72,6,57.73,4,57.74,7,57.75,8,57.76,11,57.77,9,57.78,5
2025-04-10 09:35:28,57.675,57.67,1,57.66,10,57.69,15,57.69,57.66,57.66,10,57.65,5,57.64,13,57.63,14,57.62,4,57.61,9,57.6,11,57.59,8,57.57,3,57.55,8,57.69,15,57.7,6,57.71,7,57.72,6,57.73,4,57.74,7,57.75,8,57.76,11,57.77,9,57.78,5
2025-04-10 09:35:29,57.67,57.67,1,57.66,8,57.68,5,57.68,57.66,57.66,8,57.65,5,57.64,13,57.63,14,57.62,4,57.61,9,57.6,11,57.59,8,57.57,3,57.55,8,57.68,5,57.69,15,57.7,6,57.71,7,57.72,6,57.73,4,57.74,7,57.75,8,57.76,11,57.77,9
2025-04-10 09:35:30,57.69,57.69,1,57.68,7,57.7,3,57.7,57.68,57.68,7,57.67,7,57.66,8,57.65,5,57.64,13,57.63,14,57.62,4,57.61,9,57.6,11,57.59,8,57.7,3,57.71,7,57.72,6,57.73,4,57.74,7,57.75,8,57.76,11,57.77,9,57.78,5,57.79,5
2025-04-10 09:35:31,57.675,57.69,1,57.66,10,57.69,3,57.69,57.66,57.66,10,57.65,5,57.64,13,57.63,14,57.62,4,57.61,9,57.6,11,57.59,8,57.57,3,57.55,8,57.69,3,57.7,5,57.71,7,57.72,6,57.73,4,57.74,7,57.75,8,57.76,11,57.77,9,57.78,5
2025-04-10 09:35:32,57.68,57.68,1,57.67,3,57.69,3,57.69,57.67,57.67,3,57.66,10,57.65,5,57.64,13,57.63,14,57.62,4,57.61,9,57.6,11,57.59,8,57.57,3,57.69,3,57.7,5,57.71,7,57.72,6,57.73,4,57.74,7,57.75,8,57.76,11,57.77,9,57.78,5
2025-04-10 09:35:33,57.67,57.67,1,57.66,1,57.68,5,57.68,57.66,57.66,1,57.65,6,57.64,13,57.63,14,57.62,4,57.61,9,57.6,11,57.59,8,57.57,3,57.55,8,57.68,5,57.69,5,57.7,5,57.71,7,57.72,6,57.73,4,57.74,7,57.75,8,57.76,11,57.77,9
2025-04-10 09:35:34,57.67,57.67,1,57.66,1,57.68,5,57.68,57.66,57.66,1,57.65,6,57.64,13,57.63,14,57.62,4,57.61,9,57.6,11,57.59,8,57.57,3,57.55,8,57.68,5,57.69,5,57.7,5,57.71,7,57.72,6,57.73,4,57.74,7,57.75,8,57.76,11,57.77,9
2025-04-10 09:35:35,57.675,57.68,1,57.67,2,57.68,5,57.68,57.67,57.67,2,57.66,1,57.65,6,57.64,13,57.63,14,57.62,4,57.61,9,57.6,11,57.59,8,57.57,3,57.68,5,57.69,5,57.7,5,57.71,7,57.72,6,57.73,4,57.74,7,57.75,8,57.76,11,57.77,9
2025-04-10 09:35:36,57.67,57.68,1,57.66,5,57.68,5,57.68,57.66,57.66,5,57.65,6,57.64,13,57.63,14,57.62,4,57.61,9,57.6,11,57.59,8,57.57,3,57.55,8,57.68,5,57.69,5,57.7,5,57.71,7,57.72,6,57.73,4,57.74,7,57.75,8,57.76,11,57.77,9
2025-04-10 09:35:37,57.685,57.69,1,57.67,9,57.7,3,57.7,57.67,57.67,9,57.66,5,57.65,6,57.64,13,57.63,14,57.62,4,57.61,9,57.6,11,57.59,8,57.57,3,57.7,3,57.71,7,57.72,6,57.73,4,57.74,7,57.75,8,57.76,11,57.77,9,57.78,5,57.79,5
2025-04-10 09:35:38,57.685,57.69,1,57.68,1,57.69,6,57.69,57.68,57.68,1,57.67,10,57.66,5,57.65,6,57.64,13,57.63,14,57.62,4,57.61,9,57.6,11,57.59,8,57.69,6,57.7,3,57.71,7,57.72,6,57.73,4,57.74,7,57.75,8,57.76,11,57.77,9,57.78,5
2025-04-10 09:35:39,57.66,57.67,1,57.65,8,57.67,3,57.67,57.65,57.65,8,57.64,13,57.63,14,57.62,4,57.61,9,57.6,11,57.59,8,57.57,3,57.55,8,57.54,9,57.67,3,57.68,4,57.69,9,57.7,3,57.71,7,57.72,6,57.73,4,57.74,7,57.75,8,57.76,11
2025-04-10 09:35:40,57.665,57.66,1,57.66,1,57.67,3,57.67,57.66,57.66,1,57.65,14,57.64,13,57.63,14,57.62,4,57.61,9,57.6,11,57.59,8,57.57,3,57.55,8,57.67,3,57.68,4,57.69,9,57.7,3,57.71,7,57.72,6,57.73,4,57.74,7,57.75,8,57.76,11
2025-04-10 09:35:41,57.64,57.64,1,57.63,17,57.65,12,57.65,57.63,57.63,17,57.62,10,57.61,9,57.6,11,57.59,8,57.57,3,57.55,8,57.54,9,,,,,57.65,12,57.66,6,57.67,5,57.68,4,57.69,9,57.7,3,57.71,7,57.72,6,57.73,4,57.74,7
2025-04-10 09:35:42,57.65,57.64,1,57.64,4,57.66,6,57.66,57.64,57.64,4,57.63,15,57.62,10,57.61,9,57.6,11,57.59,8,57.57,3,57.55,8,57.54,9,,,57.66,6,57.67,5,57.68,4,57.69,9,57.7,3,57.71,7,57.72,6,57.73,4,57.74,7,57.75,8
2025-04-10 09:35:43,57.655,57.65,1,57.64,5,57.67,8,57.67,57.64,57.64,5,57.63,15,57.62,10,57.61,9,57.6,11,57.59,8,57.57,3,57.55,8,57.54,9,,,57.67,8,57.68,4,57.69,9,57.7,3,57.71,7,57.72,6,57.73,4,57.74,7,57.75,8,57.76,11
2025-04-10 09:35:44,57.655,57.66,1,57.64,4,57.67,8,57.67,57.64,57.64,4,57.63,15,57.62,10,57.61,9,57.6,11,57.59,8,57.57,3,57.55,8,57.54,9,,,57.67,8,57.68,4,57.69,9,57.7,3,57.71,7,57.72,6,57.73,4,57.74,7,57.75,8,57.76,11
2025-04-10 09:35:45,57.655,57.65,1,57.64,4,57.67,8,57.67,57.64,57.64,4,57.63,15,57.62,10,57.61,9,57.6,11,57.59,8,57.57,3,57.55,8,57.54,9,,,57.67,8,57.68,4,57.69,9,57.7,3,57.71,7,57.72,6,57.73,4,57.74,7,57.75,8,57.76,11
2025-04-10 09:35:46,57.655,57.65,1,57.65,4,57.66,3,57.66,57.65,57.65,4,57.64,5,57.63,15,57.62,10,57.61,9,57.6,11,57.59,8,57.57,3,57.55,8,57.54,9,57.66,3,57.67,5,57.68,4,57.69,9,57.7,3,57.71,7,57.72,6,57.73,4,57.74,7,57.75,8
2025-04-10 09:35:47,57.67,57.66,2,57.66,3,57.68,4,57.68,57.66,57.66,3,57.65,8,57.64,4,57.63,15,57.62,10,57.61,9,57.6,11,57.59,8,57.57,3,57.55,8,57.68,4,57.69,9,57.7,3,57.71,7,57.72,6,57.73,4,57.74,7,57.75,8,57.76,11,57.77,9
2025-04-10 09:35:48,57.685,57.68,1,57.67,5,57.7,5,57.7,57.67,57.67,5,57.66,5,57.65,8,57.64,4,57.63,15,57.62,10,57.61,9,57.6,11,57.59,8,57.57,3,57.7,5,57.71,7,57.72,6,57.73,4,57.74,7,57.75,8,57.76,11,57.77,9,57.78,5,57.79,5
2025-04-10 09:35:49,57.69,57.69,1,57.68,6,57.7,3,57.7,57.68,57.68,6,57.67,5,57.66,5,57.65,8,57.64,4,57.63,15,57.62,10,57.61,9,57.6,11,57.59,8,57.7,3,57.71,7,57.72,6,57.73,4,57.74,7,57.75,8,57.76,11,57.77,9,57.78,5,57.79,5
2025-04-10 09:35:50,57.7,57.7,1,57.69,7,57.71,11,57.71,57.69,57.69,7,57.68,6,57.67,5,57.66,5,57.65,8,57.64,4,57.63,15,57.62,10,57.61,9,57.6,11,57.71,11,57.72,6,57.73,4,57.74,7,57.75,8,57.76,11,57.77,9,57.78,5,57.79,5,57.8,10
2025-04-10 09:35:51,57.7,57.7,1,57.69,6,57.71,11,57.71,57.69,57.69,6,57.68,6,57.67,5,57.66,5,57.65,8,57.64,4,57.63,15,57.62,10,57.61,9,57.6,11,57.71,11,57.72,6,57.73,4,57.74,7,57.75,8,57.76,11,57.77,9,57.78,5,57.79,5,57.8,10
2025-04-10 09:35:52,57.71,57.73,1,57.7,7,57.72,3,57.72,57.7,57.7,7,57.69,6,57.68,6,57.67,5,57.66,5,57.65,8,57.64,4,57.63,15,57.62,10,57.61,9,57.72,3,57.73,5,57.74,6,57.75,8,57.76,11,57.77,9,57.78,5,57.79,5,57.8,10,57.81,15
2025-04-10 09:35:53,57.715,57.72,1,57.7,7,57.73,11,57.73,57.7,57.7,7,57.69,6,57.68,6,57.67,5,57.66,5,57.65,8,57.64,4,57.63,15,57.62,10,57.61,9,57.73,11,57.74,6,57.75,8,57.76,11,57.77,9,57.78,5,57.79,5,57.8,10,57.81,15,57.82,5
2025-04-10 09:35:54,57.72,57.72,1,57.71,3,57.73,9,57.73,57.71,57.71,3,57.7,8,57.69,6,57.68,6,57.67,5,57.66,5,57.65,8,57.64,4,57.63,15,57.62,10,57.73,9,57.74,6,57.75,8,57.76,11,57.77,9,57.78,5,57.79,5,57.8,10,57.81,15,57.82,5
2025-04-10 09:35:55,57.72,57.72,1,57.71,7,57.73,9,57.73,57.71,57.71,7,57.7,8,57.69,6,57.68,6,57.67,5,57.66,5,57.65,8,57.64,4,57.63,15,57.62,10,57.73,9,57.74,6,57.75,8,57.76,11,57.77,9,57.78,5,57.79,5,57.8,10,57.81,15,57.82,5
2025-04-10 09:35:56,57.74,57.73,2,57.73,3,57.75,16,57.75,57.73,57.73,3,57.72,5,57.71,7,57.7,8,57.69,6,57.68,6,57.67,5,57.66,5,57.65,8,57.64,4,57.75,16,57.76,11,57.77,9,57.78,5,57.79,5,57.8,10,57.81,15,57.82,5,57.85,19,57.86,4
2025-04-10 09:35:57,57.7,57.73,1,57.69,7,57.71,6,57.71,57.69,57.69,7,57.68,6,57.67,5,57.66,5,57.65,8,57.64,4,57.63,15,57.62,10,57.61,9,57.6,11,57.71,6,57.72,5,57.73,5,57.74,5,57.75,18,57.76,11,57.77,9,57.78,5,57.79,5,57.8,10
2025-04-10 09:35:58,57.705,57.7,1,57.7,4,57.71,5,57.71,57.7,57.7,4,57.69,6,57.68,8,57.67,5,57.66,5,57.65,8,57.64,4,57.63,15,57.62,10,57.61,9,57.71,5,57.72,5,57.73,5,57.74,5,57.75,18,57.76,11,57.77,9,57.78,5,57.79,5,57.8,10
2025-04-10 09:35:59,57.705,57.7,1,57.7,4,57.71,5,57.71,57.7,57.7,4,57.69,6,57.68,8,57.67,5,57.66,5,57.65,8,57.64,4,57.63,15,57.62,10,57.61,9,57.71,5,57.72,5,57.73,5,57.74,5,57.75,18,57.76,11,57.77,9,57.78,5,57.79,5,57.8,10
2025-04-10 09:36:00,57.71,57.71,1,57.7,8,57.72,3,57.72,57.7,57.7,8,57.69,6,57.68,8,57.67,5,57.66,5,57.65,8,57.64,4,57.63,15,57.62,10,57.61,9,57.72,3,57.73,3,57.74,5,57.75,18,57.76,11,57.77,9,57.78,5,57.79,5,57.8,10,57.81,15
2025-04-10 09:36:01,57.69,57.69,1,57.68,5,57.7,5,57.7,57.68,57.68,5,57.67,5,57.66,5,57.65,8,57.64,4,57.63,15,57.62,10,57.61,9,57.6,11,57.59,8,57.7,5,57.71,8,57.72,5,57.73,3,57.74,5,57.75,18,57.76,11,57.77,9,57.78,5,57.79,5
2025-04-10 09:36:02,57.73,57.72,1,57.72,5,57.74,3,57.74,57.72,57.72,5,57.71,9,57.7,6,57.68,5,57.67,5,57.66,5,57.65,8,57.64,4,57.63,15,57.62,10,57.74,3,57.75,18,57.76,11,57.77,9,57.78,5,57.79,5,57.8,10,57.81,15,57.82,5,57.85,19
2025-04-10 09:36:03,57.73,57.72,1,57.72,5,57.74,3,57.74,57.72,57.72,5,57.71,9,57.7,6,57.68,5,57.67,5,57.66,5,57.65,8,57.64,4,57.63,15,57.62,10,57.74,3,57.75,18,57.76,11,57.77,9,57.78,5,57.79,5,57.8,10,57.81,15,57.82,5,57.85,19
2025-04-10 09:36:04,57.735,57.72,1,57.72,4,57.75,18,57.75,57.72,57.72,4,57.71,9,57.7,6,57.68,5,57.67,5,57.66,5,57.65,8,57.64,4,57.63,15,57.62,10,57.75,18,57.76,11,57.77,9,57.78,5,57.79,5,57.8,10,57.81,15,57.82,5,57.85,19,57.86,4
2025-04-10 09:36:05,57.785,57.79,1,57.77,10,57.8,13,57.8,57.77,57.77,10,57.76,5,57.75,3,57.74,6,57.73,5,57.72,4,57.71,9,57.7,6,57.68,5,57.67,5,57.8,13,57.81,15,57.82,5,57.85,19,57.86,4,57.88,9,57.89,10,57.92,13,57.93,4,57.94,1
2025-04-10 09:36:06,57.785,57.78,1,57.77,10,57.8,10,57.8,57.77,57.77,10,57.76,5,57.75,3,57.74,6,57.73,5,57.72,4,57.71,9,57.7,6,57.68,5,57.67,5,57.8,10,57.81,15,57.82,5,57.85,19,57.86,4,57.88,9,57.89,10,57.92,13,57.93,4,57.94,1
2025-04-10 09:36:07,57.78,57.78,1,57.76,9,57.8,11,57.8,57.76,57.76,9,57.75,3,57.74,6,57.73,5,57.72,4,57.71,9,57.7,6,57.68,5,57.67,5,57.66,5,57.8,11,57.81,15,57.82,5,57.85,19,57.86,4,57.88,9,57.89,10,57.92,13,57.93,4,57.94,1
2025-04-10 09:36:08,57.765,57.74,1,57.75,7,57.78,5,57.78,57.75,57.75,7,57.74,6,57.73,5,57.72,4,57.71,9,57.7,6,57.68,5,57.67,5,57.66,5,57.65,8,57.78,5,57.79,5,57.8,13,57.81,15,57.82,5,57.85,19,57.86,4,57.88,9,57.89,10,57.92,13
2025-04-10 09:36:09,57.76,57.76,1,57.75,12,57.77,7,57.77,57.75,57.75,12,57.74,13,57.73,5,57.72,4,57.71,9,57.7,6,57.68,5,57.67,5,57.66,5,57.65,8,57.77,7,57.78,5,57.79,5,57.8,13,57.81,15,57.82,5,57.85,19,57.86,4,57.88,9,57.89,10
2025-04-10 09:36:10,57.755,57.76,1,57.74,9,57.77,7,57.77,57.74,57.74,9,57.73,5,57.72,4,57.71,9,57.7,6,57.68,5,57.67,5,57.66,5,57.65,8,57.64,4,57.77,7,57.78,5,57.79,5,57.8,13,57.81,15,57.82,5,57.85,19,57.86,4,57.88,9,57.89,10
2025-04-10 09:36:11,57.71,57.72,6,57.7,8,57.72,8,57.72,57.7,57.7,8,57.68,5,57.67,5,57.66,5,57.65,8,57.64,4,57.63,15,57.62,10,57.61,9,57.6,11,57.72,8,57.73,12,57.74,6,57.77,10,57.78,5,57.79,5,57.8,13,57.81,15,57.82,5,57.85,19
2025-04-10 09:36:12,57.73,57.73,1,57.72,3,57.74,5,57.74,57.72,57.72,3,57.71,7,57.7,15,57.68,5,57.67,5,57.66,5,57.65,8,57.64,4,57.63,15,57.62,10,57.74,5,57.77,10,57.78,5,57.79,5,57.8,13,57.81,15,57.82,5,57.85,19,57.86,4,57.88,9
2025-04-10 09:36:13,57.735,57.72,1,57.72,4,57.75,5,57.75,57.72,57.72,4,57.71,7,57.7,15,57.68,5,57.67,5,57.66,5,57.65,8,57.64,4,57.63,15,57.62,10,57.75,5,57.77,10,57.78,5,57.79,5,57.8,13,57.81,15,57.82,5,57.85,19,57.86,4,57.88,9
2025-04-10 09:36:14,57.73,57.72,1,57.72,7,57.74,1,57.74,57.72,57.72,7,57.71,7,57.7,15,57.68,5,57.67,5,57.66,5,57.65,8,57.64,4,57.63,15,57.62,10,57.74,1,57.75,5,57.77,10,57.78,5,57.79,5,57.8,13,57.81,15,57.82,5,57.85,19,57.86,4
2025-04-10 09:36:15,57.74,57.74,2,57.73,8,57.75,5,57.75,57.73,57.73,8,57.72,7,57.71,7,57.7,15,57.68,5,57.67,5,57.66,5,57.65,8,57.64,4,57.63,15,57.75,5,57.76,5,57.77,10,57.78,5,57.79,5,57.8,13,57.81,15,57.82,5,57.85,19,57.86,4
2025-04-10 09:36:16,57.78,57.78,2,57.77,3,57.79,2,57.79,57.77,57.77,3,57.76,8,57.75,6,57.74,5,57.73,10,57.72,7,57.71,7,57.7,15,57.68,5,57.67,5,57.79,2,57.8,13,57.81,15,57.82,5,57.85,19,57.86,4,57.88,9,57.89,10,57.92,13,57.93,4
2025-04-10 09:36:17,57.77,57.77,1,57.76,6,57.78,13,57.78,57.76,57.76,6,57.75,3,57.74,5,57.73,10,57.72,7,57.71,7,57.7,15,57.68,5,57.67,5,57.66,5,57.78,13,57.79,5,57.8,13,57.81,15,57.82,5,57.85,19,57.86,4,57.88,9,57.89,10,57.92,13
2025-04-10 09:36:18,57.77,57.77,1,57.76,6,57.78,12,57.78,57.76,57.76,6,57.75,3,57.74,5,57.73,10,57.72,7,57.71,7,57.7,15,57.68,5,57.67,5,57.66,5,57.78,12,57.79,5,57.8,13,57.81,15,57.82,5,57.85,19,57.86,4,57.88,9,57.89,10,57.92,13
2025-04-10 09:36:19,57.75,57.75,1,57.74,6,57.76,6,57.76,57.74,57.74,6,57.73,10,57.72,7,57.71,7,57.7,15,57.68,5,57.67,5,57.66,5,57.65,8,57.64,4,57.76,6,57.77,5,57.78,14,57.79,5,57.8,13,57.81,15,57.82,5,57.85,19,57.86,4,57.88,9
2025-04-10 09:36:20,57.74,57.74,1,57.73,6,57.75,6,57.75,57.73,57.73,6,57.72,10,57.71,7,57.7,15,57.68,5,57.67,5,57.66,5,57.65,8,57.64,4,57.63,15,57.75,6,57.76,14,57.77,5,57.78,14,57.79,5,57.8,13,57.81,15,57.82,5,57.85,19,57.86,4
2025-04-10 09:36:21,57.74,57.74,1,57.72,11,57.76,12,57.76,57.72,57.72,11,57.71,7,57.7,15,57.68,5,57.67,5,57.66,5,57.65,8,57.64,4,57.63,15,57.62,10,57.76,12,57.77,5,57.78,14,57.79,5,57.8,13,57.81,15,57.82,5,57.85,19,57.86,4,57.88,9
2025-04-10 09:36:22,57.745,57.75,1,57.73,8,57.76,8,57.76,57.73,57.73,8,57.72,11,57.71,7,57.7,15,57.68,5,57.67,5,57.66,5,57.65,8,57.64,4,57.63,15,57.76,8,57.77,5,57.78,14,57.79,5,57.8,13,57.81,15,57.82,5,57.85,19,57.86,4,57.88,9
2025-04-10 09:36:23,57.765,57.77,1,57.75,10,57.78,13,57.78,57.75,57.75,10,57.74,1,57.73,9,57.72,11,57.71,7,57.7,15,57.68,5,57.67,5,57.66,5,57.65,8,57.78,13,57.79,17,57.8,17,57.81,15,57.82,5,57.85,19,57.86,4,57.88,9,57.89,10,57.92,13
2025-04-10 09:36:24,57.745,57.76,5,57.73,7,57.76,7,57.76,57.73,57.73,7,57.72,11,57.71,7,57.7,15,57.68,5,57.67,5,57.66,5,57.65,8,57.64,4,57.63,15,57.76,7,57.77,13,57.78,18,57.79,17,57.8,17,57.81,15,57.82,5,57.85,19,57.86,4,57.88,9
2025-04-10 09:36:25,57.745,57.75,1,57.73,7,57.76,7,57.76,57.73,57.73,7,57.72,11,57.71,7,57.7,15,57.68,5,57.67,5,57.66,5,57.65,8,57.64,4,57.63,15,57.76,7,57.77,13,57.78,18,57.79,17,57.8,17,57.81,15,57.82,5,57.85,19,57.86,4,57.88,9
2025-04-10 09:36:26,57.745,57.75,1,57.73,7,57.76,7,57.76,57.73,57.73,7,57.72,11,57.71,7,57.7,15,57.68,5,57.67,5,57.66,5,57.65,8,57.64,4,57.63,15,57.76,7,57.77,13,57.78,18,57.79,17,57.8,17,57.81,15,57.82,5,57.85,19,57.86,4,57.88,9
2025-04-10 09:36:27,57.74,57.74,2,57.73,4,57.75,2,57.75,57.73,57.73,4,57.72,11,57.71,7,57.7,15,57.68,5,57.67,5,57.66,5,57.65,8,57.64,4,57.63,15,57.75,2,57.76,7,57.77,13,57.78,18,57.79,17,57.8,17,57.81,15,57.82,5,57.85,19,57.86,4
2025-04-10 09:36:28,57.71,57.72,5,57.7,11,57.72,5,57.72,57.7,57.7,11,57.68,5,57.67,5,57.66,5,57.65,8,57.64,4,57.63,15,57.62,10,57.61,9,57.6,11,57.72,5,57.73,5,57.74,18,57.75,11,57.76,7,57.77,13,57.78,18,57.79,17,57.8,17,57.81,15
2025-04-10 09:36:29,57.7,57.7,1,57.69,3,57.71,5,57.71,57.69,57.69,3,57.68,5,57.67,5,57.66,5,57.65,8,57.64,4,57.63,15,57.62,10,57.61,9,57.6,11,57.71,5,57.72,5,57.73,5,57.74,18,57.75,11,57.76,7,57.77,13,57.78,18,57.79,17,57.8,17
2025-04-10 09:36:30,57.69,57.7,1,57.68,10,57.7,10,57.7,57.68,57.68,10,57.67,5,57.66,5,57.65,8,57.64,4,57.63,15,57.62,10,57.61,9,57.6,11,57.59,8,57.7,10,57.71,5,57.72,5,57.73,5,57.74,18,57.75,11,57.76,7,57.77,13,57.78,18,57.79,17
2025-04-10 09:36:31,57.69,57.69,1,57.68,10,57.7,10,57.7,57.68,57.68,10,57.67,5,57.66,5,57.65,8,57.64,4,57.63,15,57.62,10,57.61,9,57.6,11,57.59,8,57.7,10,57.71,5,57.72,5,57.73,5,57.74,18,57.75,11,57.76,7,57.77,13,57.78,18,57.79,17
2025-04-10 09:36:32,57.69,57.69,1,57.68,5,57.7,9,57.7,57.68,57.68,5,57.67,7,57.66,5,57.65,8,57.64,4,57.63,15,57.62,10,57.61,9,57.6,11,57.59,8,57.7,9,57.71,5,57.72,5,57.73,5,57.74,18,57.75,11,57.76,7,57.77,13,57.78,18,57.79,17
2025-04-10 09:36:33,57.69,57.69,1,57.68,5,57.7,9,57.7,57.68,57.68,5,57.67,7,57.66,5,57.65,8,57.64,4,57.63,15,57.62,10,57.61,9,57.6,11,57.59,8,57.7,9,57.71,5,57.72,5,57.73,5,57.74,18,57.75,11,57.76,7,57.77,13,57.78,18,57.79,17
2025-04-10 09:36:34,57.71,57.71,1,57.7,7,57.72,10,57.72,57.7,57.7,7,57.69,3,57.68,5,57.67,7,57.66,5,57.65,8,57.64,4,57.63,15,57.62,10,57.61,9,57.72,10,57.73,5,57.74,18,57.75,11,57.76,7,57.77,13,57.78,18,57.79,17,57.8,17,57.81,15
2025-04-10 09:36:35,57.7,57.7,1,57.69,3,57.71,6,57.71,57.69,57.69,3,57.68,5,57.67,7,57.66,5,57.65,8,57.64,4,57.63,15,57.62,10,57.61,9,57.6,11,57.71,6,57.72,12,57.73,5,57.74,18,57.75,11,57.76,7,57.77,13,57.78,18,57.79,17,57.8,17
2025-04-10 09:36:36,57.705,57.7,1,57.69,6,57.72,12,57.72,57.69,57.69,6,57.68,5,57.67,7,57.66,5,57.65,8,57.64,4,57.63,15,57.62,10,57.61,9,57.6,11,57.72,12,57.73,5,57.74,18,57.75,11,57.76,7,57.77,13,57.78,18,57.79,17,57.8,17,57.81,15
2025-04-10 09:36:37,57.72,57.71,1,57.71,9,57.73,5,57.73,57.71,57.71,9,57.7,11,57.69,8,57.68,5,57.67,7,57.66,5,57.65,8,57.64,4,57.63,15,57.62,10,57.73,5,57.74,18,57.75,11,57.76,7,57.77,13,57.78,18,57.79,17,57.8,17,57.81,15,57.82,5
2025-04-10 09:36:38,57.71,57.71,1,57.7,9,57.72,6,57.72,57.7,57.7,9,57.69,8,57.68,5,57.67,7,57.66,5,57.65,8,57.64,4,57.63,15,57.62,10,57.61,9,57.72,6,57.73,7,57.74,18,57.75,11,57.76,7,57.77,13,57.78,18,57.79,17,57.8,17,57.81,15
2025-04-10 09:36:39,57.71,57.71,1,57.7,8,57.72,7,57.72,57.7,57.7,8,57.69,8,57.68,5,57.67,7,57.66,5,57.65,8,57.64,4,57.63,15,57.62,10,57.61,9,57.72,7,57.73,7,57.74,18,57.75,11,57.76,7,57.77,13,57.78,18,57.79,17,57.8,17,57.81,15
2025-04-10 09:36:40,57.705,57.7,1,57.7,5,57.71,16,57.71,57.7,57.7,5,57.69,5,57.68,4,57.67,7,57.66,5,57.65,8,57.64,4,57.63,15,57.62,10,57.61,9,57.71,16,57.72,9,57.73,7,57.74,18,57.75,11,57.76,7,57.77,13,57.78,18,57.79,17,57.8,17
2025-04-10 09:36:41,57.705,57.7,1,57.69,2,57.72,20,57.72,57.69,57.69,2,57.68,4,57.67,7,57.66,5,57.65,8,57.64,4,57.63,15,57.62,10,57.61,9,57.6,11,57.72,20,57.73,8,57.74,18,57.75,11,57.76,7,57.77,13,57.78,18,57.79,17,57.8,17,57.81,15
2025-04-10 09:36:42,57.705,57.71,1,57.69,6,57.72,26,57.72,57.69,57.69,6,57.68,4,57.67,7,57.66,5,57.65,8,57.64,4,57.63,15,57.62,10,57.61,9,57.6,11,57.72,26,57.73,8,57.74,18,57.75,11,57.76,7,57.77,13,57.78,18,57.79,17,57.8,17,57.81,15
2025-04-10 09:36:43,57.7,57.71,1,57.69,6,57.71,3,57.71,57.69,57.69,6,57.68,4,57.67,7,57.66,5,57.65,8,57.64,4,57.63,15,57.62,10,57.61,9,57.6,11,57.71,3,57.72,26,57.73,8,57.74,18,57.75,11,57.76,7,57.77,13,57.78,18,57.79,17,57.8,17
2025-04-10 09:36:44,57.715,57.72,1,57.71,3,57.72,5,57.72,57.71,57.71,3,57.7,4,57.69,6,57.68,4,57.67,7,57.66,5,57.65,8,57.64,4,57.63,15,57.62,10,57.72,5,57.73,9,57.74,18,57.75,11,57.76,7,57.77,13,57.78,18,57.79,17,57.8,17,57.81,15
2025-04-10 09:36:45,57.7,57.71,2,57.69,11,57.71,3,57.71,57.69,57.69,11,57.68,4,57.67,7,57.66,5,57.65,8,57.64,4,57.63,15,57.62,10,57.61,9,57.6,11,57.71,3,57.72,4,57.73,9,57.74,18,57.75,11,57.76,7,57.77,13,57.78,18,57.79,17,57.8,17
2025-04-10 09:36:46,57.71,57.69,1,57.7,3,57.72,6,57.72,57.7,57.7,3,57.69,4,57.68,10,57.67,7,57.66,5,57.65,8,57.64,4,57.63,15,57.62,10,57.61,9,57.72,6,57.73,9,57.74,18,57.75,11,57.76,7,57.77,13,57.78,18,57.79,17,57.8,17,57.81,15
2025-04-10 09:36:47,57.705,57.69,1,57.69,4,57.72,11,57.72,57.69,57.69,4,57.68,10,57.67,7,57.66,5,57.65,8,57.64,4,57.63,15,57.62,10,57.61,9,57.6,11,57.72,11,57.73,9,57.74,18,57.75,11,57.76,7,57.77,13,57.78,18,57.79,17,57.8,17,57.81,15
2025-04-10 09:36:48,57.715,57.71,1,57.71,1,57.72,6,57.72,57.71,57.71,1,57.7,7,57.69,4,57.68,10,57.67,7,57.66,5,57.65,8,57.64,4,57.63,15,57.62,10,57.72,6,57.73,9,57.74,18,57.75,11,57.76,7,57.77,13,57.78,18,57.79,17,57.8,17,57.81,15
2025-04-10 09:36:49,57.73,57.72,1,57.72,5,57.74,5,57.74,57.72,57.72,5,57.71,4,57.7,7,57.69,4,57.68,10,57.67,7,57.66,5,57.65,8,57.64,4,57.63,15,57.74,5,57.75,14,57.76,7,57.77,13,57.78,18,57.79,17,57.8,17,57.81,15,57.82,5,57.85,19
2025-04-10 09:36:50,57.73,57.73,1,57.72,5,57.74,10,57.74,57.72,57.72,5,57.71,4,57.7,7,57.69,4,57.68,10,57.67,7,57.66,5,57.65,8,57.64,4,57.63,15,57.74,10,57.75,14,57.76,7,57.77,13,57.78,18,57.79,17,57.8,17,57.81,15,57.82,5,57.85,19
2025-04-10 09:36:51,57.75,57.75,1,57.74,5,57.76,13,57.76,57.74,57.74,5,57.73,6,57.72,11,57.71,4,57.7,7,57.69,4,57.68,10,57.67,7,57.66,5,57.65,8,57.76,13,57.77,13,57.78,18,57.79,17,57.8,17,57.81,15,57.82,5,57.85,19,57.86,4,57.88,9
2025-04-10 09:36:52,57.75,57.75,1,57.74,7,57.76,13,57.76,57.74,57.74,7,57.73,6,57.72,11,57.71,4,57.7,7,57.69,4,57.68,10,57.67,7,57.66,5,57.65,8,57.76,13,57.77,13,57.78,18,57.79,17,57.8,17,57.81,15,57.82,5,57.85,19,57.86,4,57.88,9
2025-04-10 09:36:53,57.75,57.75,1,57.74,8,57.76,13,57.76,57.74,57.74,8,57.73,6,57.72,11,57.71,4,57.7,7,57.69,4,57.68,10,57.67,7,57.66,5,57.65,8,57.76,13,57.77,13,57.78,18,57.79,17,57.8,17,57.81,15,57.82,5,57.85,19,57.86,4,57.88,9
2025-04-10 09:36:54,57.75,57.75,3,57.74,11,57.76,13,57.76,57.74,57.74,11,57.73,6,57.72,11,57.71,4,57.7,7,57.69,4,57.68,10,57.67,7,57.66,5,57.65,8,57.76,13,57.77,13,57.78,18,57.79,17,57.8,17,57.81,15,57.82,5,57.85,19,57.86,4,57.88,9
2025-04-10 09:36:55,57.75,57.74,1,57.74,13,57.76,22,57.76,57.74,57.74,13,57.73,6,57.72,11,57.71,4,57.7,7,57.69,4,57.68,10,57.67,7,57.66,5,57.65,8,57.76,22,57.77,13,57.78,18,57.79,17,57.8,17,57.81,15,57.82,5,57.85,19,57.86,4,57.88,9
2025-04-10 09:36:56,57.74,57.74,1,57.73,5,57.75,9,57.75,57.73,57.73,5,57.72,11,57.71,4,57.7,7,57.69,4,57.68,10,57.67,7,57.66,5,57.65,8,57.64,4,57.75,9,57.76,26,57.77,13,57.78,18,57.79,17,57.8,17,57.81,15,57.82,5,57.85,19,57.86,4
2025-04-10 09:36:57,57.725,57.73,1,57.71,7,57.74,10,57.74,57.71,57.71,7,57.7,7,57.69,4,57.68,10,57.67,7,57.66,5,57.65,8,57.64,4,57.63,15,57.62,10,57.74,10,57.75,12,57.76,26,57.77,13,57.78,18,57.79,17,57.8,17,57.81,15,57.82,5,57.85,19
2025-04-10 09:36:58,57.725,57.73,1,57.71,7,57.74,16,57.74,57.71,57.71,7,57.7,7,57.69,4,57.68,10,57.67,7,57.66,5,57.65,8,57.64,4,57.63,15,57.62,10,57.74,16,57.75,12,57.76,26,57.77,13,57.78,18,57.79,17,57.8,17,57.81,15,57.82,5,57.85,19
2025-04-10 09:36:59,57.725,57.73,1,57.71,8,57.74,15,57.74,57.71,57.71,8,57.7,7,57.69,4,57.68,10,57.67,7,57.66,5,57.65,8,57.64,4,57.63,15,57.62,10,57.74,15,57.75,12,57.76,26,57.77,13,57.78,18,57.79,17,57.8,17,57.81,15,57.82,5,57.85,19
2025-04-10 09:37:00,57.725,57.73,1,57.71,7,57.74,13,57.74,57.71,57.71,7,57.7,7,57.69,4,57.68,10,57.67,7,57.66,5,57.65,8,57.64,4,57.63,15,57.62,10,57.74,13,57.75,12,57.76,26,57.77,13,57.78,18,57.79,17,57.8,17,57.81,15,57.82,5,57.85,19
2025-04-10 09:37:01,57.715,57.71,1,57.71,10,57.72,6,57.72,57.71,57.71,10,57.7,9,57.69,4,57.68,10,57.67,7,57.66,5,57.65,8,57.64,4,57.63,15,57.62,10,57.72,6,57.74,13,57.75,12,57.76,26,57.77,13,57.78,18,57.79,17,57.8,17,57.81,15,57.82,5
2025-04-10 09:37:02,57.71,57.71,1,57.7,4,57.72,13,57.72,57.7,57.7,4,57.69,5,57.68,10,57.67,7,57.66,5,57.65,8,57.64,4,57.63,15,57.62,10,57.61,9,57.72,13,57.74,13,57.75,12,57.76,26,57.77,13,57.78,18,57.79,17,57.8,17,57.81,15,57.82,5
2025-04-10 09:37:03,57.71,57.71,1,57.7,8,57.72,14,57.72,57.7,57.7,8,57.69,5,57.68,10,57.67,7,57.66,5,57.65,8,57.64,4,57.63,15,57.62,10,57.61,9,57.72,14,57.74,13,57.75,12,57.76,26,57.77,13,57.78,18,57.79,17,57.8,17,57.81,15,57.82,5
2025-04-10 09:37:04,57.69,57.69,1,57.68,9,57.7,7,57.7,57.68,57.68,9,57.67,7,57.66,5,57.65,8,57.64,4,57.63,15,57.62,10,57.61,9,57.6,11,57.59,8,57.7,7,57.72,14,57.74,13,57.75,12,57.76,26,57.77,13,57.78,18,57.79,17,57.8,17,57.81,15
2025-04-10 09:37:05,57.66,57.67,1,57.65,10,57.67,7,57.67,57.65,57.65,10,57.64,4,57.63,15,57.62,10,57.61,9,57.6,11,57.59,8,57.57,3,57.55,8,57.54,9,57.67,7,57.68,14,57.69,5,57.7,7,57.72,14,57.74,13,57.75,12,57.76,26,57.77,13,57.78,18
2025-04-10 09:37:06,57.645,57.65,1,57.63,15,57.66,10,57.66,57.63,57.63,15,57.62,10,57.61,9,57.6,11,57.59,8,57.57,3,57.55,8,57.54,9,,,,,57.66,10,57.67,9,57.68,14,57.69,5,57.7,7,57.72,14,57.74,13,57.75,12,57.76,26,57.77,13
2025-04-10 09:37:07,57.675,57.68,1,57.67,3,57.68,12,57.68,57.67,57.67,3,57.66,6,57.65,7,57.64,9,57.63,18,57.62,10,57.61,9,57.6,11,57.59,8,57.57,3,57.68,12,57.69,5,57.7,7,57.72,14,57.74,13,57.75,12,57.76,26,57.77,13,57.78,18,57.79,17
2025-04-10 09:37:08,57.67,57.67,5,57.66,2,57.68,17,57.68,57.66,57.66,2,57.65,7,57.64,9,57.63,18,57.62,10,57.61,9,57.6,11,57.59,8,57.57,3,57.55,8,57.68,17,57.69,5,57.7,7,57.72,14,57.74,13,57.75,12,57.76,26,57.77,13,57.78,18,57.79,17
2025-04-10 09:37:09,57.65,57.65,1,57.64,6,57.66,3,57.66,57.64,57.64,6,57.63,18,57.62,10,57.61,9,57.6,11,57.59,8,57.57,3,57.55,8,57.54,9,,,57.66,3,57.68,18,57.69,5,57.7,7,57.72,14,57.74,13,57.75,12,57.76,26,57.77,13,57.78,18
2025-04-10 09:37:10,57.64,57.64,1,57.63,7,57.65,6,57.65,57.63,57.63,7,57.62,10,57.61,9,57.6,11,57.59,8,57.57,3,57.55,8,57.54,9,,,,,57.65,6,57.66,19,57.68,18,57.69,5,57.7,7,57.72,14,57.74,13,57.75,12,57.76,26,57.77,13
2025-04-10 09:37:11,57.64,57.64,1,57.63,3,57.65,10,57.65,57.63,57.63,3,57.62,10,57.61,9,57.6,11,57.59,8,57.57,3,57.55,8,57.54,9,,,,,57.65,10,57.66,19,57.68,18,57.69,5,57.7,7,57.72,14,57.74,13,57.75,12,57.76,26,57.77,13
2025-04-10 09:37:12,57.595,57.6,1,57.59,5,57.6,1,57.6,57.59,57.59,5,57.58,8,57.57,5,57.55,8,57.54,9,,,,,,,,,,,57.6,1,57.61,13,57.62,12,57.63,6,57.64,11,57.65,12,57.66,19,57.68,18,57.69,5,57.7,7
2025-04-10 09:37:13,57.575,57.58,1,57.56,4,57.59,6,57.59,57.56,57.56,4,57.55,8,57.54,9,,,,,,,,,,,,,,,57.59,6,57.6,6,57.61,18,57.62,12,57.63,6,57.64,11,57.65,12,57.66,19,57.68,18,57.69,5
2025-04-10 09:37:14,57.575,57.57,1,57.56,5,57.59,12,57.59,57.56,57.56,5,57.55,8,57.54,9,,,,,,,,,,,,,,,57.59,12,57.6,6,57.61,18,57.62,12,57.63,6,57.64,11,57.65,12,57.66,19,57.68,18,57.69,5
2025-04-10 09:37:15,57.585,57.59,1,57.58,3,57.59,13,57.59,57.58,57.58,3,57.57,2,57.56,5,57.55,8,57.54,9,,,,,,,,,,,57.59,13,57.6,6,57.61,18,57.62,12,57.63,6,57.64,11,57.65,12,57.66,19,57.68,18,57.69,5
2025-04-10 09:37:16,57.605,57.6,1,57.6,2,57.61,11,57.61,57.6,57.6,2,57.59,5,57.58,6,57.57,2,57.56,5,57.55,8,57.54,9,,,,,,,57.61,11,57.62,12,57.63,6,57.64,11,57.65,12,57.66,19,57.68,18,57.69,5,57.7,7,57.72,14
2025-04-10 09:37:17,57.605,57.6,1,57.6,2,57.61,7,57.61,57.6,57.6,2,57.59,5,57.58,6,57.57,2,57.56,5,57.55,8,57.54,9,,,,,,,57.61,7,57.62,11,57.63,6,57.64,11,57.65,12,57.66,19,57.68,18,57.69,5,57.7,7,57.72,14
2025-04-10 09:37:18,57.625,57.62,1,57.62,4,57.63,5,57.63,57.62,57.62,1,57.61,6,57.6,6,57.59,5,57.58,6,57.57,2,57.56,5,57.55,8,57.54,9,,,57.63,5,57.64,11,57.65,12,57.66,19,57.68,18,57.69,5,57.7,7,57.72,14,57.74,13,57.75,12
2025-04-10 09:37:19,57.63,57.62,1,57.62,4,57.64,12,57.64,57.62,57.62,4,57.61,6,57.6,6,57.59,5,57.58,6,57.57,2,57.56,5,57.55,8,57.54,9,,,57.64,12,57.65,12,57.66,19,57.68,18,57.69,5,57.7,7,57.72,14,57.74,13,57.75,12,57.76,26
2025-04-10 09:37:20,57.605,57.61,1,57.59,8,57.62,5,57.62,57.59,57.59,8,57.58,6,57.57,2,57.56,5,57.55,8,57.54,9,,,,,,,,,57.62,5,57.63,10,57.64,18,57.65,12,57.66,19,57.68,18,57.69,5,57.7,7,57.72,14,57.74,13
2025-04-10 09:37:21,57.615,57.59,6,57.6,9,57.63,10,57.63,57.6,57.6,9,57.59,9,57.58,6,57.57,2,57.56,5,57.55,8,57.54,9,,,,,,,57.63,10,57.64,18,57.65,12,57.66,19,57.68,18,57.69,5,57.7,7,57.72,14,57.74,13,57.75,12
2025-04-10 09:37:22,57.615,57.59,6,57.6,7,57.63,13,57.63,57.6,57.6,7,57.59,9,57.58,6,57.57,2,57.56,5,57.55,8,57.54,9,,,,,,,57.63,13,57.64,18,57.65,12,57.66,19,57.68,18,57.69,5,57.7,7,57.72,14,57.74,13,57.75,12
2025-04-10 09:37:23,57.58,57.62,1,57.57,7,57.59,3,57.59,57.57,57.57,7,57.56,5,57.55,8,57.54,9,,,,,,,,,,,,,57.59,3,57.6,6,57.61,6,57.62,15,57.63,16,57.64,18,57.65,12,57.66,19,57.68,18,57.69,5
2025-04-10 09:37:24,57.58,57.62,1,57.57,8,57.59,6,57.59,57.57,57.57,8,57.56,5,57.55,8,57.54,9,,,,,,,,,,,,,57.59,6,57.6,6,57.61,6,57.62,15,57.63,16,57.64,18,57.65,12,57.66,19,57.68,18,57.69,5
2025-04-10 09:37:25,57.565,57.57,1,57.56,5,57.57,3,57.57,57.56,57.56,5,57.55,8,57.54,9,,,,,,,,,,,,,,,57.57,3,57.58,5,57.59,8,57.6,6,57.61,6,57.62,15,57.63,16,57.64,18,57.65,12,57.66,19
2025-04-10 09:37:26,57.55,57.56,1,57.54,13,57.56,6,57.56,57.54,57.54,13,,,,,,,,,,,,,,,,,,,57.56,6,57.57,5,57.58,5,57.59,8,57.6,6,57.61,6,57.62,15,57.63,16,57.64,18,57.65,12
2025-04-10 09:37:27,57.55,57.56,1,57.54,13,57.56,6,57.56,57.54,57.54,13,,,,,,,,,,,,,,,,,,,57.56,6,57.57,5,57.58,5,57.59,8,57.6,6,57.61,6,57.62,15,57.63,16,57.64,18,57.65,12
2025-04-10 09:37:28,57.56,57.56,1,57.55,3,57.57,12,57.57,57.55,57.55,3,57.54,15,,,,,,,,,,,,,,,,,57.57,12,57.58,5,57.59,8,57.6,6,57.61,6,57.62,15,57.63,16,57.64,18,57.65,12,57.66,19
2025-04-10 09:37:29,57.56,57.56,10,57.55,4,57.57,12,57.57,57.55,57.55,4,57.54,15,,,,,,,,,,,,,,,,,57.57,12,57.58,5,57.59,8,57.6,6,57.61,6,57.62,15,57.63,16,57.64,18,57.65,12,57.66,19
2025-04-10 09:37:30,57.55,57.55,1,57.54,19,57.56,3,57.56,57.54,57.54,19,,,,,,,,,,,,,,,,,,,57.56,3,57.57,16,57.58,5,57.59,8,57.6,6,57.61,6,57.62,15,57.63,16,57.64,18,57.65,12
2025-04-10 09:37:31,57.55,57.54,3,57.54,19,57.56,3,57.56,57.54,57.54,19,,,,,,,,,,,,,,,,,,,57.56,3,57.57,16,57.58,5,57.59,8,57.6,6,57.61,6,57.62,15,57.63,16,57.64,18,57.65,12
2025-04-10 09:37:32,57.55,57.55,1,57.54,19,57.56,3,57.56,57.54,57.54,19,,,,,,,,,,,,,,,,,,,57.56,3,57.57,16,57.58,5,57.59,8,57.6,6,57.61,6,57.62,15,57.63,16,57.64,18,57.65,12
2025-04-10 09:37:33,57.54,57.55,1,57.53,4,57.55,16,57.55,57.53,57.53,4,,,,,,,,,,,,,,,,,,,57.55,16,57.56,5,57.57,16,57.58,5,57.59,8,57.6,6,57.61,6,57.62,15,57.63,16,57.64,18
2025-04-10 09:37:34,57.53,57.53,1,57.52,6,57.54,8,57.54,57.52,57.52,6,,,,,,,,,,,,,,,,,,,57.54,8,57.55,16,57.56,5,57.57,16,57.58,5,57.59,8,57.6,6,57.61,6,57.62,15,57.63,16
2025-04-10 09:37:35,57.535,57.53,1,57.52,9,57.55,14,57.55,57.52,57.52,9,,,,,,,,,,,,,,,,,,,57.55,14,57.56,5,57.57,16,57.58,5,57.59,8,57.6,6,57.61,6,57.62,15,57.63,16,57.64,18
2025-04-10 09:37:36,57.535,57.53,1,57.52,6,57.55,14,57.55,57.52,57.52,6,,,,,,,,,,,,,,,,,,,57.55,14,57.56,5,57.57,16,57.58,5,57.59,8,57.6,6,57.61,6,57.62,15,57.63,16,57.64,18
