sim_time,mid_price,last_price,last_size,best_bid_price,best_bid_size,best_ask_price,best_ask_size,close_price_buy,close_price_sell,bid1_price,bid1_size,bid2_price,bid2_size,bid3_price,bid3_size,bid4_price,bid4_size,bid5_price,bid5_size,bid6_price,bid6_size,bid7_price,bid7_size,bid8_price,bid8_size,bid9_price,bid9_size,bid10_price,bid10_size,ask1_price,ask1_size,ask2_price,ask2_size,ask3_price,ask3_size,ask4_price,ask4_size,ask5_price,ask5_size,ask6_price,ask6_size,ask7_price,ask7_size,ask8_price,ask8_size,ask9_price,ask9_size,ask10_price,ask10_size
2025-04-10 09:30:11,143.32,143.32,2,142.97,1,143.67,4,143.67,142.97,142.97,1,142.81,8,142.8,8,,,,,,,,,,,,,,,143.67,4,143.69,9,143.9,8,,,,,,,,,,,,,,
2025-04-10 09:30:12,143.32,143.32,2,142.97,1,143.67,4,143.67,142.97,142.97,1,142.81,8,142.8,8,,,,,,,,,,,,,,,143.67,4,143.69,9,143.9,8,,,,,,,,,,,,,,
2025-04-10 09:30:14,143.32,143.32,1,142.97,1,143.67,12,143.67,142.97,142.97,1,142.81,8,142.8,8,,,,,,,,,,,,,,,143.67,12,143.69,9,143.9,8,,,,,,,,,,,,,,
2025-04-10 09:30:15,143.32,143.32,1,142.97,1,143.67,12,143.67,142.97,142.97,1,142.81,8,142.8,8,,,,,,,,,,,,,,,143.67,12,143.69,9,143.9,8,,,,,,,,,,,,,,
2025-04-10 09:30:16,143.32,143.32,1,142.97,1,143.67,12,143.67,142.97,142.97,1,142.81,8,142.8,8,,,,,,,,,,,,,,,143.67,12,143.69,9,143.9,8,,,,,,,,,,,,,,
2025-04-10 09:30:17,143.32,143.32,1,142.97,1,143.67,12,143.67,142.97,142.97,1,142.81,8,142.8,8,,,,,,,,,,,,,,,143.67,12,143.69,9,143.9,8,,,,,,,,,,,,,,
2025-04-10 09:30:18,143.32,143.32,1,142.97,1,143.67,12,143.67,142.97,142.97,1,142.81,8,142.8,8,,,,,,,,,,,,,,,143.67,12,143.69,9,143.9,8,,,,,,,,,,,,,,
2025-04-10 09:30:19,143.21,142.8,1,142.75,2,143.67,10,143.67,142.75,142.75,2,142.74,3,,,,,,,,,,,,,,,,,143.67,10,143.69,9,143.9,8,,,,,,,,,,,,,,
2025-04-10 09:30:20,143.13,142.83,1,142.59,3,143.67,11,143.67,142.59,142.59,3,,,,,,,,,,,,,,,,,,,143.67,11,143.69,9,143.9,8,,,,,,,,,,,,,,
2025-04-10 09:30:21,143.13,142.83,1,142.59,3,143.67,11,143.67,142.59,142.59,3,,,,,,,,,,,,,,,,,,,143.67,11,143.69,9,143.9,8,,,,,,,,,,,,,,
2025-04-10 09:30:22,143.105,143.13,1,142.59,3,143.62,3,143.62,142.59,142.59,3,,,,,,,,,,,,,,,,,,,143.62,3,143.67,11,143.69,9,143.9,8,,,,,,,,,,,,
2025-04-10 09:30:23,143.105,143.13,1,142.59,3,143.62,3,143.62,142.59,142.59,3,,,,,,,,,,,,,,,,,,,143.62,3,143.67,11,143.69,9,143.9,8,,,,,,,,,,,,
2025-04-10 09:30:24,143.105,143.13,1,142.59,3,143.62,3,143.62,142.59,142.59,3,,,,,,,,,,,,,,,,,,,143.62,3,143.67,11,143.69,9,143.9,8,,,,,,,,,,,,
2025-04-10 09:30:25,143.105,143.13,1,142.59,3,143.62,3,143.62,142.59,142.59,3,,,,,,,,,,,,,,,,,,,143.62,3,143.67,11,143.69,9,143.9,8,,,,,,,,,,,,
2025-04-10 09:30:26,143.105,143.13,1,142.59,3,143.62,10,143.62,142.59,142.59,3,,,,,,,,,,,,,,,,,,,143.62,10,143.67,11,143.69,9,143.9,8,,,,,,,,,,,,
2025-04-10 09:30:27,143.105,143.1,1,142.59,3,143.62,10,143.62,142.59,142.59,3,,,,,,,,,,,,,,,,,,,143.62,10,143.67,11,143.69,9,143.9,8,,,,,,,,,,,,
2025-04-10 09:30:28,143.105,143.1,1,142.59,3,143.62,10,143.62,142.59,142.59,3,,,,,,,,,,,,,,,,,,,143.62,10,143.67,11,143.69,9,143.9,8,,,,,,,,,,,,
2025-04-10 09:30:29,143.105,143.1,1,142.59,3,143.62,10,143.62,142.59,142.59,3,,,,,,,,,,,,,,,,,,,143.62,10,143.67,11,143.69,9,143.9,8,,,,,,,,,,,,
2025-04-10 09:30:30,143.105,143.1,1,142.59,3,143.62,10,143.62,142.59,142.59,3,,,,,,,,,,,,,,,,,,,143.62,10,143.67,11,143.69,9,143.9,8,,,,,,,,,,,,
2025-04-10 09:30:31,143.105,143.1,1,142.59,3,143.62,10,143.62,142.59,142.59,3,,,,,,,,,,,,,,,,,,,143.62,10,143.67,11,143.69,9,143.9,8,,,,,,,,,,,,
2025-04-10 09:30:32,143.095,143.1,1,142.59,3,143.6,8,143.6,142.59,142.59,3,,,,,,,,,,,,,,,,,,,143.6,8,143.62,10,143.67,11,143.69,9,143.9,8,,,,,,,,,,
2025-04-10 09:30:33,142.995,143.1,1,142.59,3,143.4,2,143.4,142.59,142.59,3,,,,,,,,,,,,,,,,,,,143.4,2,143.6,8,143.62,10,143.67,11,143.69,9,143.9,8,,,,,,,,
2025-04-10 09:30:34,142.775,142.78,2,142.58,7,142.97,5,142.97,142.58,142.58,7,142.55,8,,,,,,,,,,,,,,,,,142.97,5,143.03,1,143.04,2,143.05,4,143.06,8,143.22,1,143.4,2,143.6,8,143.62,10,143.67,11
2025-04-10 09:30:35,142.805,143.01,2,142.59,6,143.02,8,143.02,142.59,142.59,6,142.56,4,142.55,7,,,,,,,,,,,,,,,143.02,8,143.03,1,143.04,2,143.05,4,143.06,8,143.22,1,143.4,2,143.6,8,143.62,10,143.67,11
2025-04-10 09:30:36,142.96,143.02,1,143.02,1,143.25,1,143.25,143.02,142.8,2,142.59,7,142.56,4,142.55,7,,,,,,,,,,,,,143.12,1,143.22,1,143.4,2,143.6,8,143.62,10,143.67,11,143.69,9,143.9,8,,,,
2025-04-10 09:30:37,143.265,143.38,1,143.13,2,143.4,2,143.4,143.13,143.13,2,143.01,1,142.99,1,142.91,2,142.8,2,142.59,7,142.56,4,142.55,7,,,,,143.4,2,143.6,8,143.62,10,143.67,11,143.69,9,143.9,8,,,,,,,,
2025-04-10 09:30:38,143.28,143.28,1,143.13,7,143.43,3,143.43,143.13,143.13,7,143.01,1,142.99,1,142.91,2,142.8,2,142.59,7,142.56,4,142.55,7,,,,,143.43,3,143.6,8,143.62,10,143.67,11,143.69,9,143.9,8,,,,,,,,
2025-04-10 09:30:39,143.28,143.28,1,143.13,7,143.43,3,143.43,143.13,143.13,7,143.01,1,142.99,1,142.91,2,142.8,2,142.59,7,142.56,4,142.55,7,,,,,143.43,3,143.6,8,143.62,10,143.67,11,143.69,9,143.9,8,,,,,,,,
2025-04-10 09:30:40,143.28,143.28,1,143.13,7,143.43,2,143.43,143.13,143.13,7,143.01,1,142.99,1,142.91,2,142.8,2,142.59,7,142.56,4,142.55,7,,,,,143.43,2,143.6,8,143.62,10,143.67,11,143.69,9,143.9,8,,,,,,,,
2025-04-10 09:30:41,142.955,143.0,1,142.91,7,143.0,1,143.0,142.91,142.91,7,142.8,2,142.59,7,142.56,4,142.55,7,,,,,,,,,,,143.0,1,143.25,3,143.38,1,143.42,3,143.43,6,143.6,8,143.62,10,143.67,11,143.69,9,143.9,8
2025-04-10 09:30:42,143.125,142.93,1,143.0,2,143.25,3,143.25,143.0,143.0,2,142.91,7,142.8,2,142.59,7,142.56,4,142.55,7,,,,,,,,,143.25,3,143.38,1,143.42,3,143.43,6,143.6,8,143.62,10,143.67,11,143.69,9,143.9,8,,
2025-04-10 09:30:43,143.125,143.12,1,143.0,1,143.25,3,143.25,143.0,143.0,1,142.91,7,142.8,2,142.59,7,142.56,4,142.55,7,,,,,,,,,143.25,3,143.38,1,143.42,3,143.43,6,143.6,8,143.62,10,143.67,11,143.69,9,143.9,8,,
2025-04-10 09:30:44,143.125,143.23,1,143.0,1,143.25,3,143.25,143.0,143.0,1,142.91,7,142.8,2,142.59,7,142.56,4,142.55,7,,,,,,,,,143.25,3,143.38,1,143.42,3,143.43,6,143.6,8,143.62,10,143.67,11,143.69,9,143.9,8,,
2025-04-10 09:30:45,143.125,143.23,1,143.0,2,143.25,3,143.25,143.0,143.0,2,142.91,7,142.8,2,142.59,7,142.56,4,142.55,7,,,,,,,,,143.25,3,143.38,1,143.42,3,143.43,6,143.6,8,143.62,10,143.67,11,143.69,9,143.9,8,,
2025-04-10 09:30:46,143.125,143.2,1,143.0,2,143.25,3,143.25,143.0,143.0,2,142.91,7,142.8,2,142.59,7,142.56,4,142.55,7,,,,,,,,,143.25,3,143.38,1,143.42,3,143.43,6,143.6,8,143.62,10,143.67,11,143.69,9,143.9,8,,
2025-04-10 09:30:47,143.125,143.2,1,143.0,2,143.25,3,143.25,143.0,143.0,2,142.91,7,142.8,2,142.59,7,142.56,4,142.55,7,,,,,,,,,143.25,3,143.38,1,143.42,3,143.43,6,143.6,8,143.62,10,143.67,11,143.69,9,143.9,8,,
2025-04-10 09:30:48,143.125,143.2,1,143.0,2,143.25,3,143.25,143.0,143.0,2,142.91,7,142.8,2,142.59,7,142.56,4,142.55,7,,,,,,,,,143.25,3,143.38,1,143.42,3,143.43,6,143.6,8,143.62,10,143.67,11,143.69,9,143.9,8,,
2025-04-10 09:30:49,143.125,143.2,1,143.0,2,143.25,3,143.25,143.0,143.0,2,142.91,7,142.8,2,142.59,7,142.56,4,142.55,7,,,,,,,,,143.25,3,143.38,1,143.42,3,143.43,6,143.6,8,143.62,10,143.67,11,143.69,9,143.9,8,,
2025-04-10 09:30:50,143.125,143.13,4,143.0,2,143.25,3,143.25,143.0,143.0,2,142.91,7,142.8,2,142.59,7,142.56,4,142.55,7,,,,,,,,,143.25,3,143.38,1,143.42,3,143.43,6,143.6,8,143.62,10,143.67,11,143.69,9,143.9,8,,
2025-04-10 09:30:51,143.125,143.13,2,143.0,2,143.25,3,143.25,143.0,143.0,2,142.91,7,142.8,2,142.59,7,142.56,4,142.55,7,,,,,,,,,143.25,3,143.38,1,143.42,3,143.43,6,143.6,8,143.62,10,143.67,11,143.69,9,143.9,8,,
2025-04-10 09:30:52,143.125,143.13,2,143.0,2,143.25,3,143.25,143.0,143.0,2,142.91,7,142.8,2,142.59,7,142.56,4,142.55,7,,,,,,,,,143.25,3,143.38,1,143.42,3,143.43,6,143.6,8,143.62,10,143.67,11,143.69,9,143.9,8,,
2025-04-10 09:30:53,143.125,143.11,1,143.0,2,143.25,3,143.25,143.0,143.0,2,142.91,7,142.8,2,142.59,7,142.56,4,142.55,7,,,,,,,,,143.25,3,143.38,1,143.42,3,143.43,6,143.6,8,143.62,10,143.67,11,143.69,9,143.9,8,,
2025-04-10 09:30:54,142.96,142.96,2,142.78,4,143.14,4,143.14,142.78,142.78,4,142.59,7,142.56,4,142.55,7,,,,,,,,,,,,,143.14,4,143.19,1,143.25,3,143.38,1,143.42,3,143.43,6,143.6,8,143.62,10,143.67,11,143.69,9
2025-04-10 09:30:55,142.96,142.96,2,142.78,4,143.14,4,143.14,142.78,142.78,4,142.59,7,142.56,4,142.55,7,,,,,,,,,,,,,143.14,4,143.19,1,143.25,3,143.38,1,143.42,3,143.43,6,143.6,8,143.62,10,143.67,11,143.69,9
2025-04-10 09:30:56,142.96,143.03,1,142.78,4,143.14,4,143.14,142.78,142.78,4,142.59,7,142.56,4,142.55,7,,,,,,,,,,,,,143.14,4,143.19,1,143.25,3,143.38,1,143.42,3,143.43,6,143.6,8,143.62,10,143.67,11,143.69,9
2025-04-10 09:30:57,142.96,143.03,1,142.78,5,143.14,4,143.14,142.78,142.78,5,142.59,7,142.56,4,142.55,7,,,,,,,,,,,,,143.14,4,143.19,1,143.25,3,143.38,1,143.42,3,143.43,6,143.6,8,143.62,10,143.67,11,143.69,9
2025-04-10 09:30:58,142.96,143.03,1,142.78,5,143.14,4,143.14,142.78,142.78,5,142.59,7,142.56,4,142.55,7,,,,,,,,,,,,,143.14,4,143.19,1,143.25,3,143.38,1,143.42,3,143.43,6,143.6,8,143.62,10,143.67,11,143.69,9
2025-04-10 09:30:59,142.96,143.03,1,142.78,5,143.14,4,143.14,142.78,142.78,5,142.59,7,142.56,4,142.55,7,,,,,,,,,,,,,143.14,4,143.19,1,143.25,3,143.38,1,143.42,3,143.43,6,143.6,8,143.62,10,143.67,11,143.69,9
2025-04-10 09:31:00,142.96,143.03,1,142.78,5,143.14,4,143.14,142.78,142.78,5,142.59,7,142.56,4,142.55,7,,,,,,,,,,,,,143.14,4,143.19,1,143.25,3,143.38,1,143.42,3,143.43,6,143.6,8,143.62,10,143.67,11,143.69,9
2025-04-10 09:31:01,142.985,143.03,1,142.78,5,143.19,2,143.19,142.78,142.78,5,142.59,7,142.56,4,142.55,7,,,,,,,,,,,,,143.19,2,143.25,3,143.38,1,143.42,3,143.43,6,143.6,8,143.62,10,143.67,11,143.69,9,143.9,8
2025-04-10 09:31:02,142.985,143.03,1,142.78,5,143.19,2,143.19,142.78,142.78,5,142.59,7,142.56,4,142.55,7,,,,,,,,,,,,,143.19,2,143.25,3,143.38,1,143.42,3,143.43,6,143.6,8,143.62,10,143.67,11,143.69,9,143.9,8
2025-04-10 09:31:03,142.985,143.02,1,142.78,3,143.19,2,143.19,142.78,142.78,3,142.59,7,142.56,4,142.55,7,,,,,,,,,,,,,143.19,2,143.25,3,143.38,1,143.42,3,143.43,6,143.6,8,143.62,10,143.67,11,143.69,9,143.9,8
2025-04-10 09:31:04,142.99,143.02,1,142.79,2,143.19,2,143.19,142.79,142.79,2,142.78,3,142.59,7,142.56,4,142.55,7,,,,,,,,,,,143.19,2,143.25,3,143.38,1,143.42,3,143.43,6,143.6,8,143.62,10,143.67,11,143.69,9,143.9,8
2025-04-10 09:31:05,143.25,143.27,1,143.1,3,143.4,1,143.4,143.1,143.1,3,143.01,2,143.0,2,142.79,2,142.78,3,142.59,7,142.56,4,142.55,7,,,,,143.4,1,143.42,3,143.43,6,143.6,8,143.62,10,143.67,11,143.69,9,143.9,8,,,,
2025-04-10 09:31:06,143.25,143.34,3,143.1,5,143.4,1,143.4,143.1,143.1,5,143.01,2,143.0,2,142.79,2,142.78,3,142.59,7,142.56,4,142.55,7,,,,,143.4,1,143.42,3,143.43,6,143.6,8,143.62,10,143.67,11,143.69,9,143.9,8,,,,
2025-04-10 09:31:07,143.25,143.34,3,143.1,5,143.4,1,143.4,143.1,143.1,5,143.01,2,143.0,2,142.79,2,142.78,3,142.59,7,142.56,4,142.55,7,,,,,143.4,1,143.42,3,143.43,6,143.6,8,143.62,10,143.67,11,143.69,9,143.9,8,,,,
2025-04-10 09:31:08,143.25,143.32,1,143.1,5,143.4,1,143.4,143.1,143.1,5,143.01,2,143.0,2,142.79,2,142.78,3,142.59,7,142.56,4,142.55,7,,,,,143.4,1,143.42,3,143.43,6,143.6,8,143.62,10,143.67,11,143.69,9,143.9,8,,,,
2025-04-10 09:31:09,143.25,143.32,1,143.1,4,143.4,1,143.4,143.1,143.1,4,143.01,2,143.0,2,142.79,2,142.78,3,142.59,7,142.56,4,142.55,7,,,,,143.4,1,143.42,3,143.43,6,143.6,8,143.62,10,143.67,11,143.69,9,143.9,8,,,,
2025-04-10 09:31:10,143.24,143.24,1,143.1,4,143.38,2,143.38,143.1,143.1,4,143.01,2,143.0,2,142.79,2,142.78,3,142.59,7,142.56,4,142.55,7,,,,,143.38,2,143.4,1,143.42,3,143.43,6,143.6,8,143.62,10,143.67,11,143.69,9,143.9,8,,
2025-04-10 09:31:11,143.24,143.24,1,143.1,4,143.38,2,143.38,143.1,143.1,4,143.01,2,143.0,2,142.79,2,142.78,3,142.59,7,142.56,4,142.55,7,,,,,143.38,2,143.4,1,143.42,3,143.43,6,143.6,8,143.62,10,143.67,11,143.69,9,143.9,8,,
2025-04-10 09:31:12,143.185,143.18,1,143.01,3,143.36,1,143.36,143.01,143.01,3,143.0,2,142.79,2,142.78,3,142.59,7,142.56,4,142.55,7,,,,,,,143.36,1,143.38,2,143.4,1,143.42,3,143.43,6,143.6,8,143.62,10,143.67,11,143.69,9,143.9,8
2025-04-10 09:31:13,143.185,143.19,1,143.01,4,143.36,1,143.36,143.01,143.01,4,143.0,2,142.79,2,142.78,3,142.59,7,142.56,4,142.55,7,,,,,,,143.36,1,143.38,2,143.4,1,143.42,3,143.43,6,143.6,8,143.62,10,143.67,11,143.69,9,143.9,8
2025-04-10 09:31:14,143.185,143.19,1,143.01,4,143.36,1,143.36,143.01,143.01,4,143.0,2,142.79,2,142.78,3,142.59,7,142.56,4,142.55,7,,,,,,,143.36,1,143.38,2,143.4,1,143.42,3,143.43,6,143.6,8,143.62,10,143.67,11,143.69,9,143.9,8
2025-04-10 09:31:15,143.185,143.19,1,143.01,4,143.36,1,143.36,143.01,143.01,4,143.0,2,142.79,2,142.78,3,142.59,7,142.56,4,142.55,7,,,,,,,143.36,1,143.38,2,143.4,1,143.42,3,143.43,6,143.6,8,143.62,10,143.67,11,143.69,9,143.9,8
2025-04-10 09:31:16,143.185,143.19,1,143.01,4,143.36,1,143.36,143.01,143.01,4,143.0,2,142.79,2,142.78,3,142.59,7,142.56,4,142.55,7,,,,,,,143.36,1,143.38,2,143.4,1,143.42,3,143.43,6,143.6,8,143.62,10,143.67,11,143.69,9,143.9,8
2025-04-10 09:31:17,143.185,143.19,1,143.01,5,143.36,1,143.36,143.01,143.01,5,143.0,2,142.79,2,142.78,3,142.59,7,142.56,4,142.55,7,,,,,,,143.36,1,143.38,2,143.4,1,143.42,3,143.43,6,143.6,8,143.62,10,143.67,11,143.69,9,143.9,8
2025-04-10 09:31:18,143.185,143.19,2,143.01,5,143.36,1,143.36,143.01,143.01,5,143.0,2,142.79,2,142.78,3,142.59,7,142.56,4,142.55,7,,,,,,,143.36,1,143.38,2,143.4,1,143.42,3,143.43,6,143.6,8,143.62,10,143.67,11,143.69,9,143.9,8
2025-04-10 09:31:19,143.185,143.19,13,143.01,5,143.36,1,143.36,143.01,143.01,5,143.0,2,142.79,2,142.78,3,142.59,7,142.56,4,142.55,7,,,,,,,143.36,1,143.38,2,143.4,1,143.42,3,143.43,6,143.6,8,143.62,10,143.67,11,143.69,9,143.9,8
2025-04-10 09:31:20,143.185,143.36,1,143.01,5,143.36,1,143.36,143.01,143.01,5,143.0,2,142.79,2,142.78,3,142.59,7,142.56,4,142.55,7,,,,,,,143.36,1,143.38,2,143.4,1,143.42,3,143.43,6,143.6,8,143.62,10,143.67,11,143.69,9,143.9,8
2025-04-10 09:31:21,142.9,142.94,1,142.79,5,143.01,1,143.01,142.79,142.79,5,142.78,3,142.59,7,142.56,4,142.55,7,,,,,,,,,,,143.01,1,143.02,1,143.09,3,143.1,1,143.11,1,143.2,8,143.24,1,143.36,1,143.38,2,143.4,1
2025-04-10 09:31:22,142.9,142.94,1,142.79,5,143.01,1,143.01,142.79,142.79,5,142.78,3,142.59,7,142.56,4,142.55,7,,,,,,,,,,,143.01,1,143.02,1,143.09,3,143.1,1,143.11,1,143.2,8,143.24,1,143.36,1,143.38,2,143.4,1
2025-04-10 09:31:23,142.72,142.6,1,142.6,2,142.84,4,142.84,142.6,142.6,2,142.59,7,142.56,4,142.55,7,,,,,,,,,,,,,142.84,4,142.88,7,142.89,2,142.97,4,143.01,2,143.02,1,143.09,3,143.1,1,143.11,1,143.2,8
2025-04-10 09:31:24,142.72,142.68,2,142.6,3,142.84,3,142.84,142.6,142.6,3,142.59,7,142.56,4,142.55,7,,,,,,,,,,,,,142.84,3,142.88,7,142.89,2,142.97,4,143.01,2,143.02,1,143.09,3,143.1,1,143.11,1,143.2,8
2025-04-10 09:31:25,142.72,142.75,1,142.6,3,142.84,3,142.84,142.6,142.6,3,142.59,7,142.56,4,142.55,7,,,,,,,,,,,,,142.84,3,142.88,7,142.89,2,142.97,4,143.01,2,143.02,1,143.09,3,143.1,1,143.11,1,143.2,8
2025-04-10 09:31:26,142.72,142.75,1,142.6,3,142.84,3,142.84,142.6,142.6,3,142.59,7,142.56,4,142.55,7,,,,,,,,,,,,,142.84,3,142.88,7,142.89,2,142.97,4,143.01,2,143.02,1,143.09,3,143.1,1,143.11,1,143.2,8
2025-04-10 09:31:27,142.87,142.72,1,142.72,6,143.02,4,143.02,142.72,142.72,6,142.61,1,142.6,4,142.59,7,142.56,4,142.55,7,,,,,,,,,143.02,4,143.09,3,143.1,1,143.11,1,143.2,8,143.24,1,143.36,1,143.38,2,143.4,1,143.42,3
2025-04-10 09:31:28,142.87,142.85,1,142.72,6,143.02,4,143.02,142.72,142.72,6,142.61,1,142.6,4,142.59,7,142.56,4,142.55,7,,,,,,,,,143.02,4,143.09,3,143.1,1,143.11,1,143.2,8,143.24,1,143.36,1,143.38,2,143.4,1,143.42,3
2025-04-10 09:31:29,142.87,142.84,1,142.72,7,143.02,4,143.02,142.72,142.72,7,142.61,1,142.6,4,142.59,7,142.56,4,142.55,7,,,,,,,,,143.02,4,143.09,3,143.1,1,143.11,1,143.2,8,143.24,1,143.36,1,143.38,2,143.4,1,143.42,3
2025-04-10 09:31:30,142.87,142.84,1,142.72,7,143.02,4,143.02,142.72,142.72,7,142.61,1,142.6,4,142.59,7,142.56,4,142.55,7,,,,,,,,,143.02,4,143.09,3,143.1,1,143.11,1,143.2,8,143.24,1,143.36,1,143.38,2,143.4,1,143.42,3
2025-04-10 09:31:31,142.775,142.61,2,142.59,10,142.96,2,142.96,142.59,142.59,10,142.56,4,142.55,7,,,,,,,,,,,,,,,142.96,2,142.99,1,143.01,1,143.02,4,143.09,3,143.1,1,143.11,1,143.2,8,143.24,1,143.36,1
2025-04-10 09:31:32,142.775,142.72,1,142.59,10,142.96,4,142.96,142.59,142.59,10,142.56,4,142.55,7,,,,,,,,,,,,,,,142.96,4,142.99,1,143.01,1,143.02,4,143.09,3,143.1,1,143.11,1,143.2,8,143.24,1,143.36,1
2025-04-10 09:31:33,142.775,142.73,1,142.59,11,142.96,4,142.96,142.59,142.59,11,142.56,4,142.55,7,,,,,,,,,,,,,,,142.96,4,142.99,1,143.01,1,143.02,4,143.09,3,143.1,1,143.11,1,143.2,8,143.24,1,143.36,1
2025-04-10 09:31:34,142.775,142.73,1,142.59,11,142.96,4,142.96,142.59,142.59,11,142.56,4,142.55,7,,,,,,,,,,,,,,,142.96,4,142.99,1,143.01,1,143.02,4,143.09,3,143.1,1,143.11,1,143.2,8,143.24,1,143.36,1
2025-04-10 09:31:35,142.775,143.04,1,142.59,11,142.96,4,142.96,142.59,142.59,11,142.56,4,142.55,7,,,,,,,,,,,,,,,142.96,4,142.99,1,143.01,1,143.02,4,143.09,3,143.1,1,143.11,1,143.2,8,143.24,1,143.36,1
2025-04-10 09:31:36,142.8,142.8,1,142.62,2,142.98,3,142.98,142.62,142.62,2,142.61,1,142.59,13,142.56,4,142.55,7,,,,,,,,,,,142.98,3,142.99,1,143.01,1,143.02,4,143.09,3,143.1,1,143.11,1,143.2,8,143.24,1,143.36,1
2025-04-10 09:31:37,142.8,142.62,3,142.62,4,142.98,3,142.98,142.62,142.62,4,142.61,1,142.59,13,142.56,4,142.55,7,,,,,,,,,,,142.98,3,142.99,1,143.01,1,143.02,4,143.09,3,143.1,1,143.11,1,143.2,8,143.24,1,143.36,1
2025-04-10 09:31:38,142.8,142.62,3,142.62,4,142.98,3,142.98,142.62,142.62,4,142.61,1,142.59,13,142.56,4,142.55,7,,,,,,,,,,,142.98,3,142.99,1,143.01,1,143.02,4,143.09,3,143.1,1,143.11,1,143.2,8,143.24,1,143.36,1
2025-04-10 09:31:39,142.65,142.73,1,142.51,1,142.79,3,142.79,142.51,142.51,1,142.5,2,,,,,,,,,,,,,,,,,142.79,3,142.95,1,142.98,3,142.99,1,143.01,1,143.02,4,143.09,3,143.1,1,143.11,1,143.2,8
2025-04-10 09:31:40,142.675,142.65,2,142.5,2,142.85,4,142.85,142.5,142.5,2,,,,,,,,,,,,,,,,,,,142.85,4,142.98,3,142.99,1,143.01,1,143.02,4,143.09,3,143.1,1,143.11,1,143.2,8,143.24,1
2025-04-10 09:31:41,142.675,142.65,2,142.5,2,142.85,4,142.85,142.5,142.5,2,,,,,,,,,,,,,,,,,,,142.85,4,142.98,3,142.99,1,143.01,1,143.02,4,143.09,3,143.1,1,143.11,1,143.2,8,143.24,1
2025-04-10 09:31:42,142.675,142.65,2,142.5,2,142.85,4,142.85,142.5,142.5,2,,,,,,,,,,,,,,,,,,,142.85,4,142.98,3,142.99,1,143.01,1,143.02,4,143.09,3,143.1,1,143.11,1,143.2,8,143.24,1
2025-04-10 09:31:43,142.62,142.68,1,142.49,1,142.75,3,142.75,142.49,142.49,1,,,,,,,,,,,,,,,,,,,142.75,3,142.79,1,142.85,4,142.98,3,142.99,1,143.01,1,143.02,4,143.09,3,143.1,1,143.11,1
2025-04-10 09:31:44,142.62,142.68,1,142.49,1,142.75,3,142.75,142.49,142.49,1,,,,,,,,,,,,,,,,,,,142.75,3,142.79,1,142.85,4,142.98,3,142.99,1,143.01,1,143.02,4,143.09,3,143.1,1,143.11,1
2025-04-10 09:31:45,142.67,142.68,1,142.49,2,142.85,4,142.85,142.49,142.49,2,,,,,,,,,,,,,,,,,,,142.85,4,142.98,3,142.99,1,143.01,1,143.02,4,143.09,3,143.1,1,143.11,1,143.2,8,143.24,1
2025-04-10 09:31:46,142.67,142.68,1,142.49,2,142.85,4,142.85,142.49,142.49,2,,,,,,,,,,,,,,,,,,,142.85,4,142.98,3,142.99,1,143.01,1,143.02,4,143.09,3,143.1,1,143.11,1,143.2,8,143.24,1
2025-04-10 09:31:47,142.28,142.27,1,142.1,6,142.46,1,142.46,142.1,142.1,6,,,,,,,,,,,,,,,,,,,142.46,1,142.47,1,142.5,1,142.6,7,142.67,2,142.71,2,142.77,1,142.85,4,142.98,3,142.99,1
2025-04-10 09:31:48,142.235,142.27,1,142.17,4,142.3,1,142.3,142.17,142.17,4,142.1,7,,,,,,,,,,,,,,,,,142.3,1,142.46,1,142.47,1,142.5,1,142.6,7,142.67,2,142.71,2,142.77,1,142.85,4,142.98,3
2025-04-10 09:31:49,142.2,142.17,1,142.1,8,142.3,4,142.3,142.1,142.1,8,,,,,,,,,,,,,,,,,,,142.3,4,142.46,1,142.47,1,142.5,1,142.6,7,142.67,2,142.71,2,142.77,1,142.85,4,142.98,3
2025-04-10 09:31:50,142.225,142.17,1,142.1,8,142.35,1,142.35,142.1,142.1,8,,,,,,,,,,,,,,,,,,,142.35,1,142.46,1,142.47,1,142.5,1,142.6,7,142.67,2,142.71,2,142.77,1,142.85,4,142.98,3
2025-04-10 09:31:51,142.225,142.17,1,142.1,8,142.35,1,142.35,142.1,142.1,8,,,,,,,,,,,,,,,,,,,142.35,1,142.46,1,142.47,1,142.5,1,142.6,7,142.67,2,142.71,2,142.77,1,142.85,4,142.98,3
2025-04-10 09:31:52,142.225,142.17,1,142.1,9,142.35,1,142.35,142.1,142.1,9,,,,,,,,,,,,,,,,,,,142.35,1,142.46,1,142.47,1,142.5,1,142.6,7,142.67,2,142.71,2,142.77,1,142.85,4,142.98,3
2025-04-10 09:31:53,142.225,142.17,1,142.1,9,142.35,1,142.35,142.1,142.1,9,,,,,,,,,,,,,,,,,,,142.35,1,142.46,1,142.47,1,142.5,1,142.6,7,142.67,2,142.71,2,142.77,1,142.85,4,142.98,3
2025-04-10 09:31:54,142.225,142.17,1,142.1,9,142.35,1,142.35,142.1,142.1,9,,,,,,,,,,,,,,,,,,,142.35,1,142.46,1,142.47,1,142.5,1,142.6,7,142.67,2,142.71,2,142.77,1,142.85,4,142.98,3
2025-04-10 09:31:55,142.225,142.17,1,142.1,9,142.35,2,142.35,142.1,142.1,9,,,,,,,,,,,,,,,,,,,142.35,2,142.46,1,142.47,1,142.5,1,142.6,7,142.67,2,142.71,2,142.77,1,142.85,4,142.98,3
2025-04-10 09:31:56,142.225,142.17,1,142.1,9,142.35,2,142.35,142.1,142.1,9,,,,,,,,,,,,,,,,,,,142.35,2,142.46,1,142.47,1,142.5,1,142.6,7,142.67,2,142.71,2,142.77,1,142.85,4,142.98,3
2025-04-10 09:31:57,142.225,142.17,1,142.1,8,142.35,4,142.35,142.1,142.1,8,,,,,,,,,,,,,,,,,,,142.35,4,142.46,1,142.47,1,142.5,1,142.6,7,142.67,2,142.71,2,142.77,1,142.85,4,142.98,3
2025-04-10 09:31:58,142.225,142.17,1,142.1,8,142.35,4,142.35,142.1,142.1,8,,,,,,,,,,,,,,,,,,,142.35,4,142.46,1,142.47,1,142.5,1,142.6,7,142.67,2,142.71,2,142.77,1,142.85,4,142.98,3
2025-04-10 09:31:59,142.0,142.0,1,141.84,3,142.16,1,142.16,141.84,141.84,3,,,,,,,,,,,,,,,,,,,142.16,1,142.35,4,142.46,1,142.47,1,142.5,1,142.6,7,142.67,2,142.71,2,142.77,1,142.85,4
2025-04-10 09:32:00,142.0,142.0,3,141.84,4,142.16,3,142.16,141.84,141.84,4,,,,,,,,,,,,,,,,,,,142.16,3,142.35,4,142.46,1,142.47,1,142.5,1,142.6,7,142.67,2,142.71,2,142.77,1,142.85,4
2025-04-10 09:32:01,142.025,142.0,1,141.84,4,142.21,4,142.21,141.84,141.84,4,,,,,,,,,,,,,,,,,,,142.21,4,142.35,4,142.46,1,142.47,1,142.5,1,142.6,7,142.67,2,142.71,2,142.77,1,142.85,4
2025-04-10 09:32:02,142.025,142.0,1,141.84,4,142.21,4,142.21,141.84,141.84,4,,,,,,,,,,,,,,,,,,,142.21,4,142.35,4,142.46,1,142.47,1,142.5,1,142.6,7,142.67,2,142.71,2,142.77,1,142.85,4
2025-04-10 09:32:03,142.025,142.0,1,141.84,4,142.21,4,142.21,141.84,141.84,4,,,,,,,,,,,,,,,,,,,142.21,4,142.35,4,142.46,1,142.47,1,142.5,1,142.6,7,142.67,2,142.71,2,142.77,1,142.85,4
2025-04-10 09:32:04,142.02,142.0,1,141.84,4,142.2,1,142.2,141.84,141.84,4,,,,,,,,,,,,,,,,,,,142.2,1,142.21,4,142.35,4,142.46,1,142.47,1,142.5,1,142.6,7,142.67,2,142.71,2,142.77,1
2025-04-10 09:32:05,142.02,142.02,1,141.84,4,142.2,1,142.2,141.84,141.84,4,,,,,,,,,,,,,,,,,,,142.2,1,142.21,4,142.35,4,142.46,1,142.47,1,142.5,1,142.6,7,142.67,2,142.71,2,142.77,1
2025-04-10 09:32:06,142.02,142.02,1,141.84,4,142.2,1,142.2,141.84,141.84,4,,,,,,,,,,,,,,,,,,,142.2,1,142.21,4,142.35,4,142.46,1,142.47,1,142.5,1,142.6,7,142.67,2,142.71,2,142.77,1
2025-04-10 09:32:07,142.02,142.02,1,141.88,5,142.16,2,142.16,141.88,141.88,5,141.84,4,,,,,,,,,,,,,,,,,142.16,2,142.2,1,142.21,4,142.35,4,142.46,1,142.47,1,142.5,1,142.6,7,142.67,2,142.71,2
2025-04-10 09:32:08,142.02,142.02,1,141.88,5,142.16,2,142.16,141.88,141.88,5,141.84,4,,,,,,,,,,,,,,,,,142.16,2,142.2,1,142.21,4,142.35,4,142.46,1,142.47,1,142.5,1,142.6,7,142.67,2,142.71,2
2025-04-10 09:32:09,142.11,142.02,1,142.02,5,142.2,1,142.2,142.02,142.02,5,141.97,1,141.94,1,141.88,5,141.84,4,,,,,,,,,,,142.2,1,142.21,4,142.35,4,142.46,1,142.47,1,142.5,1,142.6,7,142.67,2,142.71,2,142.77,1
2025-04-10 09:32:10,142.345,142.27,1,142.22,1,142.47,3,142.47,142.22,142.22,1,142.2,1,142.02,5,141.97,1,141.94,1,141.88,5,141.84,4,,,,,,,142.47,3,142.5,1,142.6,7,142.67,2,142.71,2,142.77,1,142.85,4,142.98,3,142.99,1,143.01,1
2025-04-10 09:32:11,142.245,142.23,1,142.02,7,142.47,3,142.47,142.02,142.02,7,141.97,1,141.94,1,141.88,5,141.84,4,,,,,,,,,,,142.47,3,142.5,1,142.6,7,142.67,2,142.71,2,142.77,1,142.85,4,142.98,3,142.99,1,143.01,1
2025-04-10 09:32:12,142.21,142.21,1,142.02,7,142.4,3,142.4,142.02,142.02,7,141.97,1,141.94,1,141.88,5,141.84,4,,,,,,,,,,,142.4,3,142.47,3,142.5,1,142.6,7,142.67,2,142.71,2,142.77,1,142.85,4,142.98,3,142.99,1
2025-04-10 09:32:13,142.16,142.21,1,142.02,6,142.3,4,142.3,142.02,142.02,6,141.97,1,141.94,1,141.88,5,141.84,4,,,,,,,,,,,142.3,4,142.31,1,142.39,3,142.4,3,142.47,3,142.5,1,142.6,7,142.67,2,142.71,2,142.77,1
2025-04-10 09:32:14,142.16,142.16,1,142.02,6,142.3,4,142.3,142.02,142.02,6,141.97,1,141.94,1,141.88,5,141.84,4,,,,,,,,,,,142.3,4,142.31,1,142.39,3,142.4,3,142.47,3,142.5,1,142.6,7,142.67,2,142.71,2,142.77,1
2025-04-10 09:32:15,142.16,142.16,1,142.02,6,142.3,4,142.3,142.02,142.02,6,141.97,1,141.94,1,141.88,5,141.84,4,,,,,,,,,,,142.3,4,142.31,1,142.39,3,142.4,3,142.47,3,142.5,1,142.6,7,142.67,2,142.71,2,142.77,1
2025-04-10 09:32:16,142.16,142.16,1,142.02,6,142.3,4,142.3,142.02,142.02,6,141.97,1,141.94,1,141.88,5,141.84,4,,,,,,,,,,,142.3,4,142.31,1,142.39,3,142.4,3,142.47,3,142.5,1,142.6,7,142.67,2,142.71,2,142.77,1
2025-04-10 09:32:17,142.16,142.16,1,142.02,6,142.3,4,142.3,142.02,142.02,6,141.97,1,141.94,1,141.88,5,141.84,4,,,,,,,,,,,142.3,4,142.31,1,142.39,3,142.4,3,142.47,3,142.5,1,142.6,7,142.67,2,142.71,2,142.77,1
2025-04-10 09:32:18,142.16,142.16,1,142.02,6,142.3,3,142.3,142.02,142.02,6,141.97,1,141.94,1,141.88,5,141.84,4,,,,,,,,,,,142.3,3,142.31,1,142.39,3,142.4,3,142.47,3,142.5,1,142.6,7,142.67,2,142.71,2,142.77,1
2025-04-10 09:32:19,142.155,142.16,1,142.02,6,142.29,1,142.29,142.02,142.02,6,141.97,1,141.94,1,141.88,5,141.84,4,,,,,,,,,,,142.29,1,142.3,3,142.31,1,142.39,3,142.4,3,142.47,3,142.5,1,142.6,7,142.67,2,142.71,2
2025-04-10 09:32:20,142.155,142.06,1,142.02,6,142.29,1,142.29,142.02,142.02,6,141.97,1,141.94,1,141.88,5,141.84,4,,,,,,,,,,,142.29,1,142.3,3,142.31,1,142.39,3,142.4,3,142.47,3,142.5,1,142.6,7,142.67,2,142.71,2
2025-04-10 09:32:21,142.335,142.29,1,142.2,4,142.47,3,142.47,142.2,142.2,4,142.14,6,142.08,3,142.03,2,142.02,6,141.97,1,141.94,1,141.88,5,141.84,4,,,142.47,3,142.5,1,142.6,7,142.67,2,142.71,2,142.77,1,142.85,4,142.98,3,142.99,1,143.01,1
2025-04-10 09:32:22,142.435,142.29,1,142.3,2,142.57,2,142.57,142.3,142.3,2,142.21,1,142.2,4,142.14,6,142.08,3,142.03,2,142.02,6,141.97,1,141.94,1,141.88,5,142.57,2,142.6,7,142.67,2,142.71,2,142.77,1,142.85,4,142.98,3,142.99,1,143.01,1,143.02,4
2025-04-10 09:32:23,142.43,142.29,1,142.3,2,142.56,1,142.56,142.3,142.3,2,142.21,1,142.2,4,142.14,6,142.08,3,142.03,2,142.02,6,141.97,1,141.94,1,141.88,5,142.56,1,142.57,2,142.6,7,142.67,2,142.71,2,142.77,1,142.85,4,142.98,3,142.99,1,143.01,1
2025-04-10 09:32:24,142.43,142.29,1,142.3,3,142.56,1,142.56,142.3,142.3,3,142.21,1,142.2,4,142.14,6,142.08,3,142.03,2,142.02,6,141.97,1,141.94,1,141.88,5,142.56,1,142.57,2,142.6,7,142.67,2,142.71,2,142.77,1,142.85,4,142.98,3,142.99,1,143.01,1
2025-04-10 09:32:25,142.43,142.56,2,142.3,3,142.56,1,142.56,142.3,142.3,3,142.21,1,142.2,4,142.14,6,142.08,3,142.03,2,142.02,6,141.97,1,141.94,1,141.88,5,142.56,1,142.57,2,142.6,7,142.67,2,142.71,2,142.77,1,142.85,4,142.98,3,142.99,1,143.01,1
2025-04-10 09:32:26,142.43,142.31,1,142.3,3,142.56,1,142.56,142.3,142.3,3,142.21,1,142.2,4,142.14,6,142.08,3,142.03,2,142.02,6,141.97,1,141.94,1,141.88,5,142.56,1,142.57,2,142.6,7,142.67,2,142.71,2,142.77,1,142.85,4,142.98,3,142.99,1,143.01,1
2025-04-10 09:32:27,142.34,142.38,10,142.2,4,142.48,3,142.48,142.2,142.2,4,142.14,6,142.08,3,142.03,2,142.02,6,141.97,1,141.94,1,141.88,5,141.84,4,,,142.48,3,142.56,5,142.57,2,142.6,7,142.67,2,142.71,2,142.77,1,142.85,4,142.98,3,142.99,1
2025-04-10 09:32:28,142.315,142.34,2,142.15,1,142.48,4,142.48,142.15,142.15,1,142.14,4,142.08,3,142.03,2,142.02,6,141.97,1,141.94,1,141.88,5,141.84,4,,,142.48,4,142.56,5,142.57,2,142.6,7,142.67,2,142.71,2,142.77,1,142.85,4,142.98,3,142.99,1
2025-04-10 09:32:29,142.315,142.32,1,142.14,5,142.49,1,142.49,142.14,142.14,5,142.08,3,142.03,2,142.02,6,141.97,1,141.94,1,141.88,5,141.84,4,,,,,142.49,1,142.56,5,142.57,2,142.6,7,142.67,2,142.71,2,142.77,1,142.85,4,142.98,3,142.99,1
2025-04-10 09:32:30,142.315,142.32,1,142.14,5,142.49,1,142.49,142.14,142.14,5,142.08,3,142.03,2,142.02,6,141.97,1,141.94,1,141.88,5,141.84,4,,,,,142.49,1,142.56,5,142.57,2,142.6,7,142.67,2,142.71,2,142.77,1,142.85,4,142.98,3,142.99,1
2025-04-10 09:32:31,142.31,142.32,1,142.14,5,142.48,1,142.48,142.14,142.14,5,142.08,3,142.03,2,142.02,6,141.97,1,141.94,1,141.88,5,141.84,4,,,,,142.48,1,142.49,1,142.56,5,142.57,2,142.6,7,142.67,2,142.71,2,142.77,1,142.85,4,142.98,3
2025-04-10 09:32:32,142.31,142.32,1,142.14,5,142.48,1,142.48,142.14,142.14,5,142.08,3,142.03,2,142.02,6,141.97,1,141.94,1,141.88,5,141.84,4,,,,,142.48,1,142.49,1,142.56,5,142.57,2,142.6,7,142.67,2,142.71,2,142.77,1,142.85,4,142.98,3
2025-04-10 09:32:33,142.31,142.32,1,142.14,5,142.48,1,142.48,142.14,142.14,5,142.08,3,142.03,2,142.02,6,141.97,1,141.94,1,141.88,5,141.84,4,,,,,142.48,1,142.49,1,142.56,5,142.57,2,142.6,7,142.67,2,142.71,2,142.77,1,142.85,4,142.98,3
2025-04-10 09:32:34,142.31,142.31,1,142.14,5,142.48,1,142.48,142.14,142.14,5,142.08,3,142.03,2,142.02,6,141.97,1,141.94,1,141.88,5,141.84,4,,,,,142.48,1,142.49,1,142.56,5,142.57,2,142.6,7,142.67,2,142.71,2,142.77,1,142.85,4,142.98,3
2025-04-10 09:32:35,142.31,142.31,1,142.14,4,142.48,1,142.48,142.14,142.14,4,142.08,3,142.03,2,142.02,6,141.97,1,141.94,1,141.88,5,141.84,4,,,,,142.48,1,142.49,1,142.56,5,142.57,2,142.6,7,142.67,2,142.71,2,142.77,1,142.85,4,142.98,3
2025-04-10 09:32:36,142.31,142.31,1,142.14,4,142.48,1,142.48,142.14,142.14,4,142.08,3,142.03,2,142.02,6,141.97,1,141.94,1,141.88,5,141.84,4,,,,,142.48,1,142.49,1,142.56,5,142.57,2,142.6,7,142.67,2,142.71,2,142.77,1,142.85,4,142.98,3
2025-04-10 09:32:37,142.285,142.31,1,142.14,4,142.43,1,142.43,142.14,142.14,4,142.08,3,142.03,2,142.02,6,141.97,1,141.94,1,141.88,5,141.84,4,,,,,142.43,1,142.48,1,142.49,1,142.56,5,142.57,2,142.6,7,142.67,2,142.71,2,142.77,1,142.85,4
2025-04-10 09:32:38,142.285,142.33,1,142.14,3,142.43,1,142.43,142.14,142.14,3,142.08,3,142.03,2,142.02,6,141.97,1,141.94,1,141.88,5,141.84,4,,,,,142.43,1,142.48,1,142.49,1,142.56,5,142.57,2,142.6,7,142.67,2,142.71,2,142.77,1,142.85,4
2025-04-10 09:32:39,142.285,142.33,1,142.14,4,142.43,1,142.43,142.14,142.14,4,142.08,3,142.03,2,142.02,6,141.97,1,141.94,1,141.88,5,141.84,4,,,,,142.43,1,142.48,1,142.49,1,142.56,5,142.57,2,142.6,7,142.67,2,142.71,2,142.77,1,142.85,4
2025-04-10 09:32:40,142.285,142.33,1,142.14,4,142.43,1,142.43,142.14,142.14,4,142.08,3,142.03,2,142.02,6,141.97,1,141.94,1,141.88,5,141.84,4,,,,,142.43,1,142.48,1,142.49,1,142.56,5,142.57,2,142.6,7,142.67,2,142.71,2,142.77,1,142.85,4
2025-04-10 09:32:41,142.31,142.41,2,142.14,4,142.48,2,142.48,142.14,142.14,4,142.08,3,142.03,2,142.02,6,141.97,1,141.94,1,141.88,5,141.84,4,,,,,142.48,2,142.49,1,142.56,5,142.57,2,142.6,7,142.67,2,142.71,2,142.77,1,142.85,4,142.98,3
2025-04-10 09:32:42,142.31,142.41,2,142.14,4,142.48,2,142.48,142.14,142.14,4,142.08,3,142.03,2,142.02,6,141.97,1,141.94,1,141.88,5,141.84,4,,,,,142.48,2,142.49,1,142.56,5,142.57,2,142.6,7,142.67,2,142.71,2,142.77,1,142.85,4,142.98,3
2025-04-10 09:32:43,142.31,142.31,1,142.14,4,142.48,2,142.48,142.14,142.14,4,142.08,3,142.03,2,142.02,6,141.97,1,141.94,1,141.88,5,141.84,4,,,,,142.48,2,142.49,1,142.56,5,142.57,2,142.6,7,142.67,2,142.71,2,142.77,1,142.85,4,142.98,3
2025-04-10 09:32:44,142.51,142.5,1,142.38,2,142.64,1,142.64,142.38,142.38,2,142.2,5,142.14,4,142.08,3,142.03,2,142.02,6,141.97,1,141.94,1,141.88,5,141.84,4,142.64,1,142.67,2,142.71,2,142.77,1,142.85,4,142.98,3,142.99,1,143.01,1,143.02,4,143.09,3
2025-04-10 09:32:45,142.485,142.5,1,142.38,2,142.59,1,142.59,142.38,142.38,2,142.2,5,142.14,4,142.08,3,142.03,2,142.02,6,141.97,1,141.94,1,141.88,5,141.84,4,142.59,1,142.64,1,142.67,2,142.71,2,142.77,1,142.85,4,142.98,3,142.99,1,143.01,1,143.02,4
2025-04-10 09:32:46,142.485,142.5,1,142.38,2,142.59,1,142.59,142.38,142.38,2,142.2,5,142.14,4,142.08,3,142.03,2,142.02,6,141.97,1,141.94,1,141.88,5,141.84,4,142.59,1,142.64,1,142.67,2,142.71,2,142.77,1,142.85,4,142.98,3,142.99,1,143.01,1,143.02,4
2025-04-10 09:32:47,142.44,142.44,1,142.3,3,142.58,1,142.58,142.3,142.3,3,142.2,5,142.14,4,142.08,3,142.03,2,142.02,6,141.97,1,141.94,1,141.88,5,141.84,4,142.58,1,142.59,2,142.64,1,142.67,2,142.71,2,142.77,1,142.85,4,142.98,3,142.99,1,143.01,1
2025-04-10 09:32:48,142.405,142.44,1,142.3,4,142.51,1,142.51,142.3,142.3,4,142.2,5,142.14,4,142.08,3,142.03,2,142.02,6,141.97,1,141.94,1,141.88,5,141.84,4,142.51,1,142.58,2,142.59,2,142.64,1,142.67,2,142.71,2,142.77,1,142.85,4,142.98,3,142.99,1
2025-04-10 09:32:49,142.4,142.44,1,142.3,4,142.5,1,142.5,142.3,142.3,4,142.2,5,142.14,4,142.08,3,142.03,2,142.02,6,141.97,1,141.94,1,141.88,5,141.84,4,142.5,1,142.51,2,142.58,2,142.59,2,142.64,1,142.67,2,142.71,2,142.77,1,142.85,4,142.98,3
2025-04-10 09:32:50,142.41,142.44,1,142.31,1,142.51,2,142.51,142.31,142.31,1,142.3,4,142.2,5,142.14,4,142.08,3,142.03,2,142.02,6,141.97,1,141.94,1,141.88,5,142.51,2,142.58,2,142.59,2,142.64,1,142.67,2,142.71,2,142.77,1,142.85,4,142.98,3,142.99,1
2025-04-10 09:32:51,142.425,142.49,2,142.34,1,142.51,1,142.51,142.34,142.34,1,142.3,4,142.2,5,142.14,4,142.08,3,142.03,2,142.02,6,141.97,1,141.94,1,141.88,5,142.51,1,142.52,1,142.58,2,142.59,2,142.64,1,142.67,2,142.71,2,142.77,1,142.85,4,142.98,3
2025-04-10 09:32:52,142.395,142.4,1,142.3,4,142.49,2,142.49,142.3,142.3,4,142.2,5,142.14,4,142.08,3,142.03,2,142.02,6,141.97,1,141.94,1,141.88,5,141.84,4,142.49,2,142.5,1,142.51,1,142.52,1,142.58,2,142.59,2,142.64,1,142.67,2,142.71,2,142.77,1
2025-04-10 09:32:53,142.28,142.31,1,142.17,1,142.39,5,142.39,142.17,142.17,1,142.14,4,142.08,3,142.03,2,142.02,6,141.97,1,141.94,1,141.88,5,141.84,4,,,142.39,5,142.48,2,142.49,7,142.5,1,142.51,1,142.52,1,142.58,2,142.59,2,142.64,1,142.67,2
2025-04-10 09:32:54,142.275,142.28,1,142.17,3,142.38,2,142.38,142.17,142.17,3,142.14,4,142.08,3,142.03,2,142.02,6,141.97,1,141.94,1,141.88,5,141.84,4,,,142.38,2,142.39,4,142.48,2,142.49,7,142.5,1,142.51,1,142.52,1,142.58,2,142.59,2,142.64,1
2025-04-10 09:32:55,142.26,142.28,1,142.15,3,142.37,2,142.37,142.15,142.15,3,142.14,4,142.08,3,142.03,2,142.02,6,141.97,1,141.94,1,141.88,5,141.84,4,,,142.37,2,142.38,8,142.39,4,142.48,2,142.49,7,142.5,1,142.51,1,142.52,1,142.58,2,142.59,2
2025-04-10 09:32:56,142.255,142.26,1,142.15,3,142.36,5,142.36,142.15,142.15,3,142.14,4,142.08,3,142.03,2,142.02,6,141.97,1,141.94,1,141.88,5,141.84,4,,,142.36,5,142.37,4,142.38,8,142.39,4,142.48,2,142.49,7,142.5,1,142.51,1,142.52,1,142.58,2
2025-04-10 09:32:57,142.245,142.26,1,142.15,3,142.34,2,142.34,142.15,142.15,3,142.14,4,142.08,3,142.03,2,142.02,6,141.97,1,141.94,1,141.88,5,141.84,4,,,142.34,2,142.35,1,142.36,5,142.37,4,142.38,8,142.39,4,142.48,2,142.49,7,142.5,1,142.51,1
2025-04-10 09:32:58,142.24,142.15,1,142.15,3,142.33,1,142.33,142.15,142.15,3,142.14,4,142.08,3,142.03,2,142.02,6,141.97,1,141.94,1,141.88,5,141.84,4,,,142.33,1,142.34,4,142.35,1,142.36,5,142.37,4,142.38,8,142.39,4,142.48,2,142.49,7,142.5,1
2025-04-10 09:32:59,142.255,142.31,1,142.15,3,142.36,6,142.36,142.15,142.15,3,142.14,4,142.08,3,142.03,2,142.02,6,141.97,1,141.94,1,141.88,5,141.84,4,,,142.36,6,142.37,4,142.38,8,142.39,4,142.48,2,142.49,7,142.5,1,142.51,1,142.52,1,142.58,2
2025-04-10 09:33:00,142.255,142.26,1,142.15,3,142.36,7,142.36,142.15,142.15,3,142.14,4,142.08,3,142.03,2,142.02,6,141.97,1,141.94,1,141.88,5,141.84,4,,,142.36,7,142.37,4,142.38,8,142.39,4,142.48,2,142.49,7,142.5,1,142.51,1,142.52,1,142.58,2
2025-04-10 09:33:01,142.245,142.19,1,142.13,4,142.36,7,142.36,142.13,142.13,4,142.08,3,142.03,2,142.02,6,141.97,1,141.94,1,141.88,5,141.84,4,,,,,142.36,7,142.37,4,142.38,8,142.39,4,142.48,2,142.49,7,142.5,1,142.51,1,142.52,1,142.58,2
2025-04-10 09:33:02,142.23,142.19,1,142.13,4,142.33,2,142.33,142.13,142.13,4,142.08,3,142.03,2,142.02,6,141.97,1,141.94,1,141.88,5,141.84,4,,,,,142.33,2,142.36,10,142.37,4,142.38,8,142.39,4,142.48,2,142.49,7,142.5,1,142.51,1,142.52,1
2025-04-10 09:33:03,142.105,142.1,1,141.96,3,142.25,3,142.25,141.96,141.96,3,141.94,1,141.88,5,141.84,4,,,,,,,,,,,,,142.25,3,142.27,5,142.33,4,142.36,10,142.37,4,142.38,8,142.39,4,142.48,2,142.49,7,142.5,1
2025-04-10 09:33:04,142.07,141.95,1,141.89,3,142.25,10,142.25,141.89,141.89,3,141.88,5,141.84,4,,,,,,,,,,,,,,,142.25,10,142.27,5,142.33,4,142.36,10,142.37,4,142.38,8,142.39,4,142.48,2,142.49,7,142.5,1
2025-04-10 09:33:05,142.005,141.96,1,141.89,3,142.12,1,142.12,141.89,141.89,3,141.88,5,141.84,4,,,,,,,,,,,,,,,142.12,1,142.25,9,142.27,5,142.33,4,142.36,10,142.37,4,142.38,8,142.39,4,142.48,2,142.49,7
2025-04-10 09:33:06,142.025,141.96,1,141.89,4,142.16,2,142.16,141.89,141.89,4,141.88,5,141.84,4,,,,,,,,,,,,,,,142.16,2,142.25,9,142.27,5,142.33,4,142.36,10,142.37,4,142.38,8,142.39,4,142.48,2,142.49,7
2025-04-10 09:33:07,142.0,141.96,1,141.88,4,142.12,2,142.12,141.88,141.88,4,141.84,4,,,,,,,,,,,,,,,,,142.12,2,142.16,2,142.25,9,142.27,5,142.33,4,142.36,10,142.37,4,142.38,8,142.39,4,142.48,2
2025-04-10 09:33:08,142.0,141.97,1,141.88,4,142.12,6,142.12,141.88,141.88,4,141.84,4,,,,,,,,,,,,,,,,,142.12,6,142.16,2,142.25,9,142.27,5,142.33,4,142.36,10,142.37,4,142.38,8,142.39,4,142.48,2
2025-04-10 09:33:09,142.0,142.0,1,141.88,4,142.12,5,142.12,141.88,141.88,4,141.84,4,,,,,,,,,,,,,,,,,142.12,5,142.16,2,142.25,9,142.27,5,142.33,4,142.36,10,142.37,4,142.38,8,142.39,4,142.48,2
2025-04-10 09:33:10,142.0,142.0,1,141.88,4,142.12,4,142.12,141.88,141.88,4,141.84,4,,,,,,,,,,,,,,,,,142.12,4,142.16,2,142.25,9,142.27,5,142.33,4,142.36,10,142.37,4,142.38,8,142.39,4,142.48,2
2025-04-10 09:33:11,142.0,142.0,1,141.88,3,142.12,4,142.12,141.88,141.88,3,141.84,4,,,,,,,,,,,,,,,,,142.12,4,142.16,2,142.25,9,142.27,5,142.33,4,142.36,10,142.37,4,142.38,8,142.39,4,142.48,2
2025-04-10 09:33:12,142.0,142.01,1,141.88,3,142.12,5,142.12,141.88,141.88,3,141.84,4,,,,,,,,,,,,,,,,,142.12,5,142.16,2,142.25,9,142.27,5,142.33,4,142.36,10,142.37,4,142.38,8,142.39,4,142.48,2
2025-04-10 09:33:13,142.0,142.0,1,141.88,3,142.12,6,142.12,141.88,141.88,3,141.84,4,,,,,,,,,,,,,,,,,142.12,6,142.16,2,142.25,9,142.27,5,142.33,4,142.36,10,142.37,4,142.38,8,142.39,4,142.48,2
2025-04-10 09:33:14,142.0,142.0,1,141.88,3,142.12,6,142.12,141.88,141.88,3,141.84,4,,,,,,,,,,,,,,,,,142.12,6,142.16,2,142.25,9,142.27,5,142.33,4,142.36,10,142.37,4,142.38,8,142.39,4,142.48,2
2025-04-10 09:33:15,142.0,142.0,1,141.88,3,142.12,5,142.12,141.88,141.88,3,141.84,4,,,,,,,,,,,,,,,,,142.12,5,142.16,2,142.25,9,142.27,5,142.33,4,142.36,10,142.37,4,142.38,8,142.39,4,142.48,2
2025-04-10 09:33:16,142.0,141.93,1,141.88,3,142.12,5,142.12,141.88,141.88,3,141.84,4,,,,,,,,,,,,,,,,,142.12,5,142.16,2,142.25,9,142.27,5,142.33,4,142.36,10,142.37,4,142.38,8,142.39,4,142.48,2
2025-04-10 09:33:17,142.0,141.93,1,141.88,5,142.12,5,142.12,141.88,141.88,5,141.84,4,,,,,,,,,,,,,,,,,142.12,5,142.16,2,142.25,9,142.27,5,142.33,4,142.36,10,142.37,4,142.38,8,142.39,4,142.48,2
2025-04-10 09:33:18,141.98,141.93,1,141.88,5,142.08,1,142.08,141.88,141.88,5,141.84,4,,,,,,,,,,,,,,,,,142.08,1,142.12,5,142.16,2,142.25,9,142.27,5,142.33,4,142.36,10,142.37,4,142.38,8,142.39,4
2025-04-10 09:33:19,142.0,141.93,1,141.92,1,142.08,1,142.08,141.92,141.92,1,141.88,5,141.84,4,,,,,,,,,,,,,,,142.08,1,142.12,5,142.16,2,142.25,9,142.27,5,142.33,4,142.36,10,142.37,4,142.38,8,142.39,4
2025-04-10 09:33:20,142.17,142.11,3,142.09,1,142.25,11,142.25,142.09,142.09,1,142.04,2,141.96,1,141.92,1,141.88,5,141.84,4,,,,,,,,,142.25,11,142.27,5,142.33,4,142.36,10,142.37,4,142.38,8,142.39,4,142.48,2,142.49,7,142.5,1
2025-04-10 09:33:21,142.095,142.09,1,141.99,2,142.2,3,142.2,141.99,141.99,2,141.96,1,141.92,1,141.88,5,141.84,4,,,,,,,,,,,142.2,3,142.25,1,142.26,2,142.27,3,142.33,4,142.36,10,142.37,4,142.38,8,142.39,4,142.48,2
2025-04-10 09:33:22,142.145,142.09,1,142.02,1,142.27,3,142.27,142.02,142.02,1,142.01,1,142.0,1,141.99,3,141.96,1,141.92,1,141.88,5,141.84,4,,,,,142.27,3,142.33,4,142.36,10,142.37,4,142.38,8,142.39,4,142.48,2,142.49,7,142.5,1,142.51,1
2025-04-10 09:33:23,142.155,142.09,1,142.06,5,142.25,2,142.25,142.06,142.06,5,142.05,1,142.04,1,142.03,1,142.02,1,142.01,1,142.0,1,141.99,3,141.96,1,141.92,1,142.25,2,142.27,3,142.33,4,142.36,10,142.37,4,142.38,8,142.39,4,142.48,2,142.49,7,142.5,1
2025-04-10 09:33:24,142.16,142.09,1,142.07,4,142.25,1,142.25,142.07,142.07,4,142.06,5,142.05,1,142.04,1,142.03,1,142.02,1,142.01,1,142.0,1,141.99,3,141.96,1,142.25,1,142.26,1,142.27,3,142.33,4,142.36,10,142.37,4,142.38,8,142.39,4,142.48,2,142.49,7
2025-04-10 09:33:25,142.16,142.16,10,142.07,4,142.25,1,142.25,142.07,142.07,4,142.06,5,142.05,1,142.04,1,142.03,1,142.02,1,142.01,1,142.0,1,141.99,3,141.96,1,142.25,1,142.26,1,142.27,3,142.33,4,142.36,10,142.37,4,142.38,8,142.39,4,142.48,2,142.49,7
2025-04-10 09:33:26,142.16,142.16,10,142.07,5,142.25,1,142.25,142.07,142.07,5,142.06,5,142.05,1,142.04,1,142.03,1,142.02,1,142.01,1,142.0,1,141.99,3,141.96,1,142.25,1,142.26,1,142.27,3,142.33,4,142.36,10,142.37,4,142.38,8,142.39,4,142.48,2,142.49,7
2025-04-10 09:33:27,142.16,142.16,1,142.07,2,142.25,2,142.25,142.07,142.07,2,142.06,5,142.05,1,142.04,1,142.03,1,142.02,1,142.01,1,142.0,1,141.99,3,141.96,1,142.25,2,142.26,1,142.27,3,142.33,4,142.36,10,142.37,4,142.38,8,142.39,4,142.48,2,142.49,7
2025-04-10 09:33:28,142.16,142.16,1,142.07,2,142.25,2,142.25,142.07,142.07,2,142.06,5,142.05,1,142.04,1,142.03,1,142.02,1,142.01,1,142.0,1,141.99,3,141.96,1,142.25,2,142.26,1,142.27,3,142.33,4,142.36,10,142.37,4,142.38,8,142.39,4,142.48,2,142.49,7
2025-04-10 09:33:29,142.16,142.16,1,142.07,2,142.25,2,142.25,142.07,142.07,2,142.06,5,142.05,1,142.04,1,142.03,1,142.02,1,142.01,1,142.0,1,141.99,3,141.96,1,142.25,2,142.26,1,142.27,3,142.33,4,142.36,10,142.37,4,142.38,8,142.39,4,142.48,2,142.49,7
2025-04-10 09:33:30,142.16,142.25,5,142.07,2,142.25,2,142.25,142.07,142.07,2,142.06,5,142.05,1,142.04,1,142.03,1,142.02,1,142.01,1,142.0,1,141.99,3,141.96,1,142.25,2,142.26,1,142.27,3,142.33,4,142.36,10,142.37,4,142.38,8,142.39,4,142.48,2,142.49,7
2025-04-10 09:33:31,142.165,142.25,5,142.08,1,142.25,1,142.25,142.08,142.08,1,142.07,2,142.06,5,142.05,1,142.04,1,142.03,1,142.02,1,142.01,1,142.0,1,141.99,3,142.25,1,142.26,1,142.27,3,142.33,4,142.36,10,142.37,4,142.38,8,142.39,4,142.48,2,142.49,7
2025-04-10 09:33:32,142.165,142.14,1,142.08,1,142.25,1,142.25,142.08,142.08,1,142.06,5,142.05,1,142.04,1,142.03,1,142.02,1,142.01,1,142.0,1,141.99,3,141.96,1,142.25,1,142.26,1,142.27,3,142.33,4,142.36,10,142.37,4,142.38,8,142.39,4,142.48,2,142.49,7
2025-04-10 09:33:33,142.165,142.16,1,142.08,1,142.25,1,142.25,142.08,142.08,1,142.06,5,142.05,1,142.04,1,142.03,1,142.02,1,142.01,1,142.0,1,141.99,3,141.96,1,142.25,1,142.26,1,142.27,3,142.33,4,142.36,10,142.37,4,142.38,8,142.39,4,142.48,2,142.49,7
2025-04-10 09:33:34,142.165,142.18,1,142.08,1,142.25,1,142.25,142.08,142.08,1,142.06,5,142.05,1,142.04,1,142.03,1,142.02,1,142.01,1,142.0,1,141.99,3,141.96,1,142.25,1,142.26,1,142.27,3,142.33,4,142.36,10,142.37,4,142.38,8,142.39,4,142.48,2,142.49,7
2025-04-10 09:33:35,142.165,142.18,1,142.08,2,142.25,1,142.25,142.08,142.08,2,142.06,5,142.05,1,142.04,1,142.03,1,142.02,1,142.01,1,142.0,1,141.99,3,141.96,1,142.25,1,142.26,1,142.27,3,142.33,4,142.36,10,142.37,4,142.38,8,142.39,4,142.48,2,142.49,7
2025-04-10 09:33:36,142.165,142.17,1,142.08,2,142.25,1,142.25,142.08,142.08,2,142.06,5,142.05,1,142.04,1,142.03,1,142.02,1,142.01,1,142.0,1,141.99,3,141.96,1,142.25,1,142.26,1,142.27,3,142.33,4,142.36,10,142.37,4,142.38,8,142.39,4,142.48,2,142.49,7
2025-04-10 09:33:37,142.17,142.17,1,142.09,1,142.25,1,142.25,142.09,142.09,1,142.08,3,142.06,5,142.05,1,142.04,1,142.03,1,142.02,1,142.01,1,142.0,1,141.99,3,142.25,1,142.26,1,142.27,3,142.33,4,142.36,10,142.37,4,142.38,8,142.39,4,142.48,2,142.49,7
2025-04-10 09:33:38,142.175,142.17,1,142.1,2,142.25,1,142.25,142.1,142.1,2,142.08,3,142.06,5,142.05,1,142.04,1,142.03,1,142.02,1,142.01,1,142.0,1,141.99,3,142.25,1,142.26,1,142.27,3,142.33,4,142.36,10,142.37,4,142.38,8,142.39,4,142.48,2,142.49,7
2025-04-10 09:33:39,142.175,142.17,1,142.1,4,142.25,2,142.25,142.1,142.1,4,142.08,3,142.06,5,142.05,1,142.04,1,142.03,1,142.02,1,142.01,1,142.0,1,141.99,3,142.25,2,142.26,1,142.27,3,142.33,4,142.36,10,142.37,4,142.38,8,142.39,4,142.48,2,142.49,7
2025-04-10 09:33:40,142.135,142.06,1,142.02,2,142.25,5,142.25,142.02,142.02,2,142.01,1,142.0,1,141.99,3,141.96,1,141.92,1,141.88,5,141.84,4,,,,,142.25,5,142.26,1,142.27,3,142.33,4,142.36,10,142.37,4,142.38,8,142.39,4,142.48,2,142.49,7
2025-04-10 09:33:41,142.135,142.06,1,142.02,2,142.25,11,142.25,142.02,142.02,2,142.01,1,142.0,1,141.99,3,141.96,1,141.92,1,141.88,5,141.84,4,,,,,142.25,11,142.26,1,142.27,3,142.33,4,142.36,10,142.37,4,142.38,8,142.39,4,142.48,2,142.49,7
2025-04-10 09:33:43,141.98,141.91,12,141.9,5,142.06,3,142.06,141.9,141.9,5,141.88,5,141.84,4,,,,,,,,,,,,,,,142.06,3,142.1,1,142.25,11,142.26,1,142.27,3,142.33,4,142.36,10,142.37,4,142.38,8,142.39,4
2025-04-10 09:33:43,142.02,142.1,1,141.9,7,142.14,1,142.14,141.9,141.9,7,141.88,5,141.84,4,,,,,,,,,,,,,,,142.14,1,142.15,2,142.18,1,142.25,15,142.26,1,142.27,3,142.33,4,142.36,10,142.37,4,142.38,8
2025-04-10 09:33:44,142.035,142.1,1,141.9,7,142.17,1,142.17,141.9,141.9,7,141.88,5,141.84,4,,,,,,,,,,,,,,,142.17,1,142.18,1,142.19,2,142.25,15,142.26,1,142.27,3,142.33,4,142.36,10,142.37,4,142.38,8
2025-04-10 09:33:45,142.035,142.1,1,141.9,7,142.17,1,142.17,141.9,141.9,7,141.88,5,141.84,4,,,,,,,,,,,,,,,142.17,1,142.18,1,142.19,2,142.25,15,142.26,1,142.27,3,142.33,4,142.36,10,142.37,4,142.38,8
2025-04-10 09:33:47,142.035,142.04,1,141.9,7,142.17,1,142.17,141.9,141.9,7,141.88,5,141.84,4,,,,,,,,,,,,,,,142.17,1,142.18,1,142.19,2,142.25,15,142.26,1,142.27,3,142.33,4,142.36,10,142.37,4,142.38,8
2025-04-10 09:33:47,142.035,142.04,1,141.9,7,142.17,1,142.17,141.9,141.9,7,141.88,5,141.84,4,,,,,,,,,,,,,,,142.17,1,142.18,1,142.19,2,142.25,15,142.26,1,142.27,3,142.33,4,142.36,10,142.37,4,142.38,8
2025-04-10 09:33:49,142.035,142.04,1,141.9,7,142.17,1,142.17,141.9,141.9,7,141.88,5,141.84,4,,,,,,,,,,,,,,,142.17,1,142.18,1,142.19,2,142.25,15,142.26,1,142.27,3,142.33,4,142.36,10,142.37,4,142.38,8
2025-04-10 09:33:49,142.035,142.04,1,141.9,7,142.17,2,142.17,141.9,141.9,7,141.88,5,141.84,4,,,,,,,,,,,,,,,142.17,2,142.18,1,142.19,2,142.25,15,142.26,1,142.27,3,142.33,4,142.36,10,142.37,4,142.38,8
2025-04-10 09:33:50,142.035,142.04,1,141.9,7,142.17,2,142.17,141.9,141.9,7,141.88,5,141.84,4,,,,,,,,,,,,,,,142.17,2,142.18,1,142.19,2,142.25,15,142.26,1,142.27,3,142.33,4,142.36,10,142.37,4,142.38,8
2025-04-10 09:33:51,142.035,142.04,1,141.9,7,142.17,1,142.17,141.9,141.9,7,141.88,5,141.84,4,,,,,,,,,,,,,,,142.17,1,142.18,1,142.19,2,142.25,15,142.26,1,142.27,3,142.33,4,142.36,10,142.37,4,142.38,8
2025-04-10 09:33:53,141.94,141.94,4,141.84,3,142.04,7,142.04,141.84,141.84,3,,,,,,,,,,,,,,,,,,,142.04,7,142.06,1,142.1,1,142.14,3,142.17,1,142.18,1,142.19,2,142.25,15,142.26,1,142.27,3
2025-04-10 09:33:53,141.94,141.94,4,141.84,3,142.04,7,142.04,141.84,141.84,3,,,,,,,,,,,,,,,,,,,142.04,7,142.06,1,142.1,1,142.14,3,142.17,1,142.18,1,142.19,2,142.25,15,142.26,1,142.27,3
2025-04-10 09:33:55,141.99,141.94,4,141.94,1,142.04,7,142.04,141.94,141.94,1,141.84,3,,,,,,,,,,,,,,,,,142.04,7,142.06,1,142.1,1,142.14,3,142.17,1,142.18,1,142.19,2,142.25,15,142.26,1,142.27,3
2025-04-10 09:33:56,141.935,141.94,1,141.84,4,142.03,1,142.03,141.84,141.84,4,,,,,,,,,,,,,,,,,,,142.03,1,142.04,7,142.06,1,142.1,1,142.14,3,142.17,1,142.18,1,142.19,2,142.25,15,142.26,1
2025-04-10 09:33:57,141.92,141.93,2,141.81,4,142.03,3,142.03,141.81,141.81,4,,,,,,,,,,,,,,,,,,,142.03,3,142.04,7,142.06,1,142.1,1,142.14,3,142.17,1,142.18,1,142.19,2,142.25,15,142.26,1
2025-04-10 09:33:58,141.92,141.94,1,141.81,4,142.03,3,142.03,141.81,141.81,4,,,,,,,,,,,,,,,,,,,142.03,3,142.04,7,142.06,1,142.1,1,142.14,3,142.17,1,142.18,1,142.19,2,142.25,15,142.26,1
2025-04-10 09:33:59,141.89,141.97,16,141.81,4,141.97,1,141.97,141.81,141.81,4,,,,,,,,,,,,,,,,,,,141.97,1,142.03,3,142.04,7,142.06,1,142.1,1,142.14,3,142.17,1,142.18,1,142.19,2,142.25,15
2025-04-10 09:34:00,141.895,141.97,16,141.81,4,141.98,1,141.98,141.81,141.81,4,,,,,,,,,,,,,,,,,,,141.98,1,142.03,3,142.04,7,142.06,1,142.1,1,142.14,3,142.17,1,142.18,1,142.19,2,142.25,15
2025-04-10 09:34:01,142.055,142.02,1,142.02,1,142.09,1,142.09,142.02,142.02,1,141.97,2,141.96,2,141.89,1,141.81,4,,,,,,,,,,,142.09,1,142.1,1,142.14,3,142.17,1,142.18,1,142.19,2,142.25,15,142.26,1,142.27,3,142.33,4
2025-04-10 09:34:02,142.055,142.02,1,142.02,1,142.09,1,142.09,142.02,142.02,1,141.97,2,141.96,2,141.89,1,141.81,4,,,,,,,,,,,142.09,1,142.1,1,142.14,3,142.17,1,142.18,1,142.19,2,142.25,15,142.26,1,142.27,3,142.33,4
2025-04-10 09:34:02,142.26,142.19,2,142.17,2,142.35,1,142.35,142.17,142.17,2,142.16,2,142.09,1,142.06,2,142.02,1,141.97,2,141.96,2,141.89,1,141.81,4,,,142.35,1,142.36,10,142.37,4,142.38,8,142.39,4,142.48,2,142.49,7,142.5,1,142.51,1,142.52,1
2025-04-10 09:34:04,142.26,142.35,2,142.17,2,142.35,1,142.35,142.17,142.17,2,142.16,2,142.09,1,142.06,2,142.02,1,141.97,2,141.96,2,141.89,1,141.81,4,,,142.35,1,142.36,10,142.37,4,142.38,8,142.39,4,142.48,2,142.49,7,142.5,1,142.51,1,142.52,1
2025-04-10 09:34:04,142.26,142.35,2,142.17,2,142.35,1,142.35,142.17,142.17,2,142.16,2,142.09,1,142.06,2,142.02,1,141.97,2,141.96,2,141.89,1,141.81,4,,,142.35,1,142.36,10,142.37,4,142.38,8,142.39,4,142.48,2,142.49,7,142.5,1,142.51,1,142.52,1
2025-04-10 09:34:06,142.26,142.34,1,142.17,1,142.35,3,142.35,142.17,142.17,1,142.16,4,142.07,1,142.06,2,141.86,1,141.81,4,,,,,,,,,142.35,3,142.36,10,142.37,4,142.38,8,142.39,4,142.48,2,142.49,7,142.5,1,142.51,1,142.52,1
2025-04-10 09:34:07,142.255,142.18,1,142.16,4,142.35,4,142.35,142.16,142.16,4,142.07,1,142.06,2,141.86,1,141.81,4,,,,,,,,,,,142.35,4,142.36,10,142.37,4,142.38,8,142.39,4,142.48,2,142.49,7,142.5,1,142.51,1,142.52,1
2025-04-10 09:34:08,142.28,142.35,1,142.16,4,142.4,1,142.4,142.16,142.16,4,142.07,1,142.06,2,141.86,1,141.81,4,,,,,,,,,,,142.4,1,142.48,2,142.49,7,142.5,1,142.51,1,142.52,1,142.58,2,142.59,2,142.64,1,142.67,2
2025-04-10 09:34:09,142.285,142.4,1,142.17,3,142.4,1,142.4,142.17,142.17,3,142.16,4,142.07,1,142.06,2,141.86,1,141.81,4,,,,,,,,,142.4,1,142.48,2,142.49,7,142.5,1,142.51,1,142.52,1,142.58,2,142.59,2,142.64,1,142.67,2
2025-04-10 09:34:10,142.285,142.4,1,142.17,3,142.4,1,142.4,142.17,142.17,3,142.16,4,142.07,1,142.06,2,141.86,1,141.81,4,,,,,,,,,142.4,1,142.48,2,142.49,7,142.5,1,142.51,1,142.52,1,142.58,2,142.59,2,142.64,1,142.67,2
2025-04-10 09:34:11,142.285,142.4,1,142.17,3,142.4,1,142.4,142.17,142.17,3,142.16,4,142.07,1,142.06,2,141.86,1,141.81,4,,,,,,,,,142.4,1,142.48,2,142.49,7,142.5,1,142.51,1,142.52,1,142.58,2,142.59,2,142.64,1,142.67,2
2025-04-10 09:34:12,142.285,142.4,1,142.17,3,142.4,1,142.4,142.17,142.17,3,142.16,4,142.07,1,142.06,2,141.86,1,141.81,4,,,,,,,,,142.4,1,142.48,2,142.49,7,142.5,1,142.51,1,142.52,1,142.58,2,142.59,2,142.64,1,142.67,2
2025-04-10 09:34:13,142.285,142.4,1,142.17,3,142.4,2,142.4,142.17,142.17,3,142.16,4,142.07,1,142.06,2,141.86,1,141.81,4,,,,,,,,,142.4,2,142.48,2,142.49,7,142.5,1,142.51,1,142.52,1,142.58,2,142.59,2,142.64,1,142.67,2
2025-04-10 09:34:14,142.285,142.4,1,142.17,3,142.4,2,142.4,142.17,142.17,3,142.16,4,142.07,1,142.06,2,141.86,1,141.81,4,,,,,,,,,142.4,2,142.48,2,142.49,7,142.5,1,142.51,1,142.52,1,142.58,2,142.59,2,142.64,1,142.67,2
2025-04-10 09:34:15,142.395,142.4,1,142.17,4,142.62,5,142.62,142.17,142.17,4,142.16,4,142.07,1,142.06,2,141.86,1,141.81,4,,,,,,,,,142.62,5,142.64,1,142.67,2,142.71,2,142.77,1,142.85,4,142.98,3,142.99,1,143.01,1,143.02,4
2025-04-10 09:34:16,142.51,142.4,1,142.4,1,142.62,3,142.62,142.4,142.4,1,142.17,4,142.16,4,142.07,1,142.06,2,141.86,1,141.81,4,,,,,,,142.62,3,142.64,1,142.67,2,142.71,2,142.77,1,142.85,4,142.98,3,142.99,1,143.01,1,143.02,4
2025-04-10 09:34:17,142.405,142.54,1,142.18,6,142.63,2,142.63,142.18,142.18,6,142.17,7,142.16,4,142.07,1,142.06,2,141.86,1,141.81,4,,,,,,,142.63,2,142.64,1,142.67,2,142.71,2,142.77,1,142.85,4,142.98,3,142.99,1,143.01,1,143.02,4
2025-04-10 09:34:18,142.52,142.63,1,142.41,1,142.63,2,142.63,142.41,142.41,1,142.18,6,142.17,7,142.16,4,142.07,1,142.06,2,141.86,1,141.81,4,,,,,142.63,2,142.64,1,142.67,2,142.71,2,142.77,1,142.85,4,142.98,3,142.99,1,143.01,1,143.02,4
2025-04-10 09:34:19,142.52,142.63,3,142.41,1,142.63,2,142.63,142.41,142.41,1,142.18,6,142.17,7,142.16,4,142.07,1,142.06,2,141.86,1,141.81,4,,,,,142.63,2,142.64,1,142.67,2,142.71,2,142.77,1,142.85,4,142.98,3,142.99,1,143.01,1,143.02,4
2025-04-10 09:34:20,142.52,142.63,3,142.41,1,142.63,2,142.63,142.41,142.41,1,142.18,6,142.17,7,142.16,4,142.07,1,142.06,2,141.86,1,141.81,4,,,,,142.63,2,142.64,1,142.67,2,142.71,2,142.77,1,142.85,4,142.98,3,142.99,1,143.01,1,143.02,4
2025-04-10 09:34:21,142.52,142.63,3,142.41,3,142.63,2,142.63,142.41,142.41,3,142.18,6,142.17,7,142.16,4,142.07,1,142.06,2,141.86,1,141.81,4,,,,,142.63,2,142.64,1,142.67,2,142.71,2,142.77,1,142.85,4,142.98,3,142.99,1,143.01,1,143.02,4
2025-04-10 09:34:22,142.685,142.8,1,142.52,3,142.85,5,142.85,142.52,142.52,3,142.47,1,142.46,1,142.42,1,142.41,3,142.18,6,142.17,7,142.16,4,142.07,1,142.06,2,142.85,5,142.98,3,142.99,1,143.01,1,143.02,4,143.09,3,143.1,1,143.11,1,143.2,8,143.24,1
2025-04-10 09:34:23,142.68,142.68,2,142.52,3,142.84,1,142.84,142.52,142.52,3,142.47,1,142.46,1,142.42,1,142.41,3,142.18,6,142.17,7,142.16,4,142.07,1,142.06,2,142.84,1,142.85,5,142.98,3,142.99,1,143.01,1,143.02,4,143.09,3,143.1,1,143.11,1,143.2,8
2025-04-10 09:34:24,142.685,142.68,2,142.53,1,142.84,1,142.84,142.53,142.53,1,142.49,1,142.47,1,142.46,1,142.42,1,142.41,3,142.18,6,142.17,7,142.16,4,142.07,1,142.84,1,142.85,5,142.98,3,142.99,1,143.01,1,143.02,4,143.09,3,143.1,1,143.11,1,143.2,8
2025-04-10 09:34:25,142.625,142.68,2,142.49,3,142.76,1,142.76,142.49,142.49,3,142.47,1,142.46,1,142.42,1,142.41,3,142.18,6,142.17,7,142.16,4,142.07,1,142.06,2,142.76,1,142.84,2,142.85,5,142.98,3,142.99,1,143.01,1,143.02,4,143.09,3,143.1,1,143.11,1
2025-04-10 09:34:26,142.745,142.75,1,142.68,1,142.81,1,142.81,142.68,142.68,1,142.49,3,142.47,1,142.46,1,142.42,1,142.41,3,142.18,6,142.17,7,142.16,4,142.07,1,142.81,1,142.84,2,142.85,5,142.98,3,142.99,1,143.01,1,143.02,4,143.09,3,143.1,1,143.11,1
2025-04-10 09:34:27,142.81,142.85,1,142.67,2,142.95,3,142.95,142.67,142.67,2,142.49,3,142.47,1,142.46,1,142.42,1,142.41,3,142.18,6,142.17,7,142.16,4,142.07,1,142.95,3,142.98,3,142.99,1,143.01,1,143.02,4,143.09,3,143.1,1,143.11,1,143.2,8,143.24,1
2025-04-10 09:34:28,142.81,142.83,1,142.67,4,142.95,1,142.95,142.67,142.67,4,142.49,3,142.47,1,142.46,1,142.42,1,142.41,3,142.18,6,142.17,7,142.16,4,142.07,1,142.95,1,142.97,1,142.98,3,142.99,1,143.01,1,143.02,4,143.09,3,143.1,1,143.11,1,143.2,8
2025-04-10 09:34:29,142.81,142.83,1,142.67,4,142.95,1,142.95,142.67,142.67,4,142.49,3,142.47,1,142.46,1,142.42,1,142.41,3,142.18,6,142.17,7,142.16,4,142.07,1,142.95,1,142.97,1,142.98,3,142.99,1,143.01,1,143.02,4,143.09,3,143.1,1,143.11,1,143.2,8
2025-04-10 09:34:30,142.81,142.83,1,142.67,4,142.95,1,142.95,142.67,142.67,4,142.49,3,142.47,1,142.46,1,142.42,1,142.41,3,142.18,6,142.17,7,142.16,4,142.07,1,142.95,1,142.97,1,142.98,3,142.99,1,143.01,1,143.02,4,143.09,3,143.1,1,143.11,1,143.2,8
2025-04-10 09:34:31,142.805,142.83,1,142.66,2,142.95,3,142.95,142.66,142.66,2,142.49,3,142.47,1,142.46,1,142.42,1,142.41,3,142.18,6,142.17,7,142.16,4,142.07,1,142.95,3,142.97,1,142.98,3,142.99,1,143.01,1,143.02,4,143.09,3,143.1,1,143.11,1,143.2,8
2025-04-10 09:34:32,142.77,142.76,1,142.66,3,142.88,7,142.88,142.66,142.66,3,142.49,3,142.47,1,142.46,1,142.42,1,142.41,3,142.18,6,142.17,7,142.16,4,142.07,1,142.88,7,142.95,6,142.97,1,142.98,3,142.99,1,143.01,1,143.02,4,143.09,3,143.1,1,143.11,1
2025-04-10 09:34:33,142.605,142.72,1,142.47,2,142.74,9,142.74,142.47,142.47,2,142.46,1,142.42,1,142.41,3,142.18,6,142.17,7,142.16,4,142.07,1,142.06,2,141.86,1,142.74,9,142.76,1,142.88,7,142.95,6,142.97,1,142.98,3,142.99,1,143.01,1,143.02,4,143.09,3
2025-04-10 09:34:34,142.605,142.72,1,142.47,3,142.74,3,142.74,142.47,142.47,3,142.46,1,142.42,1,142.41,3,142.18,6,142.17,7,142.16,4,142.07,1,142.06,2,141.86,1,142.74,3,142.76,1,142.88,7,142.95,6,142.97,1,142.98,3,142.99,1,143.01,1,143.02,4,143.09,3
2025-04-10 09:34:35,142.605,142.72,1,142.47,3,142.74,3,142.74,142.47,142.47,3,142.46,1,142.42,1,142.41,3,142.18,6,142.17,7,142.16,4,142.07,1,142.06,2,141.86,1,142.74,3,142.76,1,142.88,7,142.95,6,142.97,1,142.98,3,142.99,1,143.01,1,143.02,4,143.09,3
2025-04-10 09:34:36,142.605,142.72,1,142.47,3,142.74,3,142.74,142.47,142.47,3,142.46,1,142.42,1,142.41,3,142.18,6,142.17,7,142.16,4,142.07,1,142.06,2,141.86,1,142.74,3,142.76,1,142.88,7,142.95,6,142.97,1,142.98,3,142.99,1,143.01,1,143.02,4,143.09,3
2025-04-10 09:34:37,142.605,142.72,1,142.47,3,142.74,3,142.74,142.47,142.47,3,142.46,1,142.42,1,142.41,3,142.18,6,142.17,7,142.16,4,142.07,1,142.06,2,141.86,1,142.74,3,142.76,1,142.88,7,142.95,6,142.97,1,142.98,3,142.99,1,143.01,1,143.02,4,143.09,3
2025-04-10 09:34:38,142.605,142.72,1,142.47,3,142.74,3,142.74,142.47,142.47,3,142.46,1,142.42,1,142.41,3,142.18,6,142.17,7,142.16,4,142.07,1,142.06,2,141.86,1,142.74,3,142.76,1,142.88,7,142.95,6,142.97,1,142.98,3,142.99,1,143.01,1,143.02,4,143.09,3
2025-04-10 09:34:39,142.605,142.74,1,142.47,3,142.74,3,142.74,142.47,142.47,3,142.46,1,142.42,1,142.41,3,142.18,6,142.17,7,142.16,4,142.07,1,142.06,2,141.86,1,142.74,3,142.76,1,142.88,7,142.95,6,142.97,1,142.98,3,142.99,1,143.01,1,143.02,4,143.09,3
2025-04-10 09:34:40,142.505,142.45,1,142.41,4,142.6,4,142.6,142.41,142.41,4,142.18,6,142.17,7,142.16,4,142.07,1,142.06,2,141.86,1,141.81,4,,,,,142.6,4,142.62,5,142.63,2,142.74,5,142.76,1,142.88,7,142.95,6,142.97,1,142.98,3,142.99,1
2025-04-10 09:34:41,142.47,142.46,1,142.35,4,142.59,4,142.59,142.35,142.35,4,142.18,6,142.17,7,142.16,4,142.07,1,142.06,2,141.86,1,141.81,4,,,,,142.59,4,142.63,2,142.74,5,142.76,1,142.88,7,142.95,6,142.97,1,142.98,3,142.99,1,143.01,1
2025-04-10 09:34:42,142.515,142.44,1,142.44,1,142.59,5,142.59,142.44,142.44,1,142.35,4,142.18,6,142.17,7,142.16,4,142.07,1,142.06,2,141.86,1,141.81,4,,,142.59,5,142.63,2,142.74,5,142.76,1,142.88,7,142.95,6,142.97,1,142.98,3,142.99,1,143.01,1
2025-04-10 09:34:43,142.46,142.46,2,142.39,3,142.53,1,142.53,142.39,142.39,3,142.38,1,142.35,2,142.18,6,142.17,7,142.16,4,142.07,1,142.06,2,141.86,1,141.81,4,142.53,1,142.59,4,142.63,2,142.74,5,142.76,1,142.88,7,142.95,6,142.97,1,142.98,3,142.99,1
2025-04-10 09:34:44,142.455,142.39,1,142.38,4,142.53,1,142.53,142.38,142.38,4,142.35,2,142.18,6,142.17,7,142.16,4,142.07,1,142.06,2,141.86,1,141.81,4,,,142.53,1,142.59,4,142.63,2,142.74,5,142.76,1,142.88,7,142.95,6,142.97,1,142.98,3,142.99,1
2025-04-10 09:34:45,142.43,142.35,2,142.34,1,142.52,1,142.52,142.34,142.34,1,142.18,6,142.17,7,142.16,4,142.07,1,142.06,2,141.86,1,141.81,4,,,,,142.52,1,142.53,2,142.59,4,142.63,2,142.74,5,142.76,1,142.88,7,142.95,6,142.97,1,142.98,3
2025-04-10 09:34:46,142.305,142.34,1,142.23,1,142.38,1,142.38,142.23,142.23,1,142.18,6,142.17,7,142.16,4,142.07,1,142.06,2,141.86,1,141.81,4,,,,,142.38,1,142.43,2,142.45,2,142.48,1,142.52,6,142.53,2,142.59,4,142.63,2,142.74,5,142.76,1
2025-04-10 09:34:47,142.3,142.23,1,142.22,4,142.38,1,142.38,142.22,142.22,4,142.18,6,142.17,7,142.16,4,142.07,1,142.06,2,141.86,1,141.81,4,,,,,142.38,1,142.43,2,142.45,2,142.48,1,142.52,6,142.53,2,142.59,4,142.63,2,142.74,5,142.76,1
2025-04-10 09:34:48,142.3,142.22,2,142.22,4,142.38,1,142.38,142.22,142.22,4,142.18,6,142.17,7,142.16,4,142.07,1,142.06,2,141.86,1,141.81,4,,,,,142.38,1,142.43,2,142.45,2,142.48,1,142.52,6,142.53,2,142.59,4,142.63,2,142.74,5,142.76,1
2025-04-10 09:34:49,142.3,142.29,1,142.22,4,142.38,1,142.38,142.22,142.22,4,142.18,6,142.17,7,142.16,4,142.07,1,142.06,2,141.86,1,141.81,4,,,,,142.38,1,142.43,2,142.45,2,142.48,1,142.52,6,142.53,2,142.59,4,142.63,2,142.74,5,142.76,1
2025-04-10 09:34:50,142.37,142.37,1,142.22,5,142.52,6,142.52,142.22,142.22,5,142.18,6,142.17,7,142.16,4,142.07,1,142.06,2,141.86,1,141.81,4,,,,,142.52,6,142.53,2,142.59,4,142.63,2,142.74,5,142.76,1,142.88,7,142.95,6,142.97,1,142.98,3
2025-04-10 09:34:51,142.32,142.37,1,142.17,8,142.47,4,142.47,142.17,142.17,8,142.16,4,142.07,1,142.06,2,141.86,1,141.81,4,,,,,,,,,142.47,4,142.51,1,142.52,6,142.53,2,142.59,4,142.63,2,142.74,5,142.76,1,142.88,7,142.95,6
2025-04-10 09:34:52,142.33,142.33,1,142.19,1,142.47,9,142.47,142.19,142.19,1,142.17,8,142.16,4,142.07,1,142.06,2,141.86,1,141.81,4,,,,,,,142.47,9,142.51,1,142.52,6,142.53,2,142.59,4,142.63,2,142.74,5,142.76,1,142.88,7,142.95,6
2025-04-10 09:34:53,142.295,142.33,1,142.17,6,142.42,6,142.42,142.17,142.17,6,142.16,4,142.07,1,142.06,2,141.86,1,141.81,4,,,,,,,,,142.42,6,142.47,9,142.51,1,142.52,6,142.53,2,142.59,4,142.63,2,142.74,5,142.76,1,142.88,7
2025-04-10 09:34:54,142.19,142.18,3,142.11,2,142.27,3,142.27,142.11,142.11,2,142.07,1,142.06,2,141.86,1,141.81,4,,,,,,,,,,,142.27,3,142.29,3,142.31,1,142.32,3,142.33,1,142.42,6,142.47,9,142.51,1,142.52,6,142.53,2
2025-04-10 09:34:55,142.0,141.9,1,141.9,3,142.1,3,142.1,141.9,141.9,3,141.86,1,141.81,4,,,,,,,,,,,,,,,142.1,3,142.12,4,142.26,1,142.27,5,142.29,3,142.31,1,142.32,3,142.33,1,142.42,6,142.47,9
2025-04-10 09:34:56,142.0,142.0,1,141.9,3,142.1,6,142.1,141.9,141.9,3,141.86,1,141.81,4,,,,,,,,,,,,,,,142.1,6,142.12,4,142.26,1,142.27,5,142.29,3,142.31,1,142.32,3,142.33,1,142.42,6,142.47,9
2025-04-10 09:34:57,142.0,142.0,1,141.9,3,142.1,7,142.1,141.9,141.9,3,141.86,1,141.81,4,,,,,,,,,,,,,,,142.1,7,142.12,4,142.26,1,142.27,5,142.29,3,142.31,1,142.32,3,142.33,1,142.42,6,142.47,9
2025-04-10 09:34:58,142.0,141.9,1,141.9,3,142.1,7,142.1,141.9,141.9,3,141.86,1,141.81,4,,,,,,,,,,,,,,,142.1,7,142.12,4,142.26,1,142.27,5,142.29,3,142.31,1,142.32,3,142.33,1,142.42,6,142.47,9
2025-04-10 09:34:59,141.905,141.85,1,141.81,5,142.0,5,142.0,141.81,141.81,5,,,,,,,,,,,,,,,,,,,142.0,5,142.09,1,142.1,7,142.12,4,142.26,1,142.27,5,142.29,3,142.31,1,142.32,3,142.33,1
2025-04-10 09:35:00,141.905,141.91,1,141.81,5,142.0,5,142.0,141.81,141.81,5,,,,,,,,,,,,,,,,,,,142.0,5,142.09,1,142.1,7,142.12,4,142.26,1,142.27,5,142.29,3,142.31,1,142.32,3,142.33,1
2025-04-10 09:35:01,141.905,141.91,1,141.81,5,142.0,6,142.0,141.81,141.81,5,,,,,,,,,,,,,,,,,,,142.0,6,142.09,1,142.1,7,142.12,4,142.26,1,142.27,5,142.29,3,142.31,1,142.32,3,142.33,1
2025-04-10 09:35:02,141.905,141.85,1,141.81,5,142.0,4,142.0,141.81,141.81,5,,,,,,,,,,,,,,,,,,,142.0,4,142.09,1,142.1,7,142.12,4,142.26,1,142.27,5,142.29,3,142.31,1,142.32,3,142.33,1
2025-04-10 09:35:03,141.9,141.81,1,141.8,6,142.0,6,142.0,141.8,141.8,6,,,,,,,,,,,,,,,,,,,142.0,6,142.09,1,142.1,7,142.12,4,142.26,1,142.27,5,142.29,3,142.31,1,142.32,3,142.33,1
2025-04-10 09:35:04,141.855,141.8,5,141.8,4,141.91,3,141.91,141.8,141.8,4,,,,,,,,,,,,,,,,,,,141.91,3,141.97,1,142.0,8,142.09,1,142.1,7,142.12,4,142.26,1,142.27,5,142.29,3,142.31,1
2025-04-10 09:35:05,141.855,141.82,1,141.8,4,141.91,4,141.91,141.8,141.8,4,,,,,,,,,,,,,,,,,,,141.91,4,141.97,1,142.0,8,142.09,1,142.1,7,142.12,4,142.26,1,142.27,5,142.29,3,142.31,1
2025-04-10 09:35:06,141.855,141.85,4,141.8,4,141.91,4,141.91,141.8,141.8,4,,,,,,,,,,,,,,,,,,,141.91,4,141.97,1,142.0,8,142.09,1,142.1,7,142.12,4,142.26,1,142.27,5,142.29,3,142.31,1
2025-04-10 09:35:07,141.855,141.85,4,141.8,4,141.91,4,141.91,141.8,141.8,4,,,,,,,,,,,,,,,,,,,141.91,4,141.97,1,142.0,8,142.09,1,142.1,7,142.12,4,142.26,1,142.27,5,142.29,3,142.31,1
2025-04-10 09:35:08,141.85,141.82,1,141.8,3,141.9,3,141.9,141.8,141.8,3,,,,,,,,,,,,,,,,,,,141.9,3,141.91,4,141.97,1,142.0,8,142.09,1,142.1,7,142.12,4,142.26,1,142.27,5,142.29,3
2025-04-10 09:35:09,141.835,141.78,1,141.78,1,141.89,3,141.89,141.78,141.78,1,,,,,,,,,,,,,,,,,,,141.89,3,141.9,3,141.91,4,141.97,1,142.0,8,142.09,1,142.1,7,142.12,4,142.26,1,142.27,5
2025-04-10 09:35:10,141.835,141.79,1,141.78,1,141.89,4,141.89,141.78,141.78,1,,,,,,,,,,,,,,,,,,,141.89,4,141.9,3,141.91,4,141.97,1,142.0,8,142.09,1,142.1,7,142.12,4,142.26,1,142.27,5
2025-04-10 09:35:11,141.825,141.78,1,141.77,2,141.88,3,141.88,141.77,141.77,2,,,,,,,,,,,,,,,,,,,141.88,3,141.89,4,141.9,3,141.91,4,141.97,1,142.0,8,142.09,1,142.1,7,142.12,4,142.26,1
2025-04-10 09:35:12,141.795,141.78,1,141.72,3,141.87,2,141.87,141.72,141.72,3,,,,,,,,,,,,,,,,,,,141.87,2,141.88,3,141.89,4,141.9,3,141.91,4,141.97,1,142.0,8,142.09,1,142.1,7,142.12,4
2025-04-10 09:35:13,141.79,141.77,1,141.72,2,141.86,3,141.86,141.72,141.72,2,,,,,,,,,,,,,,,,,,,141.86,3,141.87,3,141.88,3,141.89,4,141.9,3,141.91,4,141.97,1,142.0,8,142.09,1,142.1,7
2025-04-10 09:35:14,141.79,141.78,1,141.72,2,141.86,4,141.86,141.72,141.72,2,,,,,,,,,,,,,,,,,,,141.86,4,141.87,3,141.88,3,141.89,4,141.9,3,141.91,4,141.97,1,142.0,8,142.09,1,142.1,7
2025-04-10 09:35:15,141.78,141.74,1,141.71,2,141.85,5,141.85,141.71,141.71,2,,,,,,,,,,,,,,,,,,,141.85,5,141.86,4,141.87,3,141.88,3,141.89,4,141.9,3,141.91,4,141.97,1,142.0,8,142.09,1
2025-04-10 09:35:16,141.72,141.64,2,141.64,1,141.8,6,141.8,141.64,141.64,1,,,,,,,,,,,,,,,,,,,141.8,6,141.83,1,141.85,5,141.86,4,141.87,3,141.88,3,141.89,4,141.9,3,141.91,4,141.97,1
2025-04-10 09:35:17,141.715,141.64,2,141.64,1,141.79,3,141.79,141.64,141.64,1,,,,,,,,,,,,,,,,,,,141.79,3,141.8,5,141.83,1,141.85,5,141.86,4,141.87,3,141.88,3,141.89,4,141.9,3,141.91,4
2025-04-10 09:35:18,141.71,141.66,1,141.66,1,141.76,3,141.76,141.66,141.66,1,141.64,2,,,,,,,,,,,,,,,,,141.76,3,141.79,3,141.8,5,141.83,1,141.85,5,141.86,4,141.87,3,141.88,3,141.89,4,141.9,3
2025-04-10 09:35:19,141.725,141.73,1,141.64,5,141.81,5,141.81,141.64,141.64,5,,,,,,,,,,,,,,,,,,,141.81,5,141.83,1,141.85,5,141.86,4,141.87,3,141.88,3,141.89,4,141.9,3,141.91,4,141.97,1
2025-04-10 09:35:20,141.725,141.73,1,141.64,6,141.81,5,141.81,141.64,141.64,6,,,,,,,,,,,,,,,,,,,141.81,5,141.83,1,141.85,5,141.86,4,141.87,3,141.88,3,141.89,4,141.9,3,141.91,4,141.97,1
2025-04-10 09:35:21,141.75,141.75,1,141.64,6,141.86,5,141.86,141.64,141.64,6,,,,,,,,,,,,,,,,,,,141.86,5,141.87,3,141.88,3,141.89,4,141.9,3,141.91,4,141.97,1,142.0,8,142.09,1,142.1,7
2025-04-10 09:35:22,141.75,141.75,1,141.64,5,141.86,5,141.86,141.64,141.64,5,,,,,,,,,,,,,,,,,,,141.86,5,141.87,3,141.88,3,141.89,4,141.9,3,141.91,4,141.97,1,142.0,8,142.09,1,142.1,7
2025-04-10 09:35:23,141.755,141.8,1,141.65,5,141.86,4,141.86,141.65,141.65,5,141.64,7,,,,,,,,,,,,,,,,,141.86,4,141.87,3,141.88,3,141.89,4,141.9,3,141.91,4,141.97,1,142.0,8,142.09,1,142.1,7
2025-04-10 09:35:24,141.78,141.85,1,141.65,5,141.91,2,141.91,141.65,141.65,5,141.64,7,,,,,,,,,,,,,,,,,141.91,2,141.97,1,142.0,8,142.09,1,142.1,7,142.12,4,142.26,1,142.27,5,142.29,3,142.31,1
2025-04-10 09:35:25,141.78,141.85,1,141.65,5,141.91,2,141.91,141.65,141.65,5,141.64,7,,,,,,,,,,,,,,,,,141.91,2,141.97,1,142.0,8,142.09,1,142.1,7,142.12,4,142.26,1,142.27,5,142.29,3,142.31,1
2025-04-10 09:35:26,141.84,141.89,1,141.77,6,141.91,1,141.91,141.77,141.77,6,141.75,1,141.7,1,141.68,2,141.65,5,141.64,7,,,,,,,,,141.91,1,141.97,1,142.0,8,142.09,1,142.1,7,142.12,4,142.26,1,142.27,5,142.29,3,142.31,1
2025-04-10 09:35:27,141.84,141.89,1,141.77,6,141.91,1,141.91,141.77,141.77,6,141.75,1,141.7,1,141.68,2,141.65,5,141.64,7,,,,,,,,,141.91,1,141.97,1,142.0,8,142.09,1,142.1,7,142.12,4,142.26,1,142.27,5,142.29,3,142.31,1
2025-04-10 09:35:28,141.84,141.89,1,141.77,6,141.91,1,141.91,141.77,141.77,6,141.75,1,141.7,1,141.68,2,141.65,5,141.64,7,,,,,,,,,141.91,1,141.97,1,142.0,8,142.09,1,142.1,7,142.12,4,142.26,1,142.27,5,142.29,3,142.31,1
2025-04-10 09:35:29,141.84,141.89,1,141.77,5,141.91,2,141.91,141.77,141.77,5,141.75,1,141.7,1,141.68,2,141.65,5,141.64,7,,,,,,,,,141.91,2,141.97,1,142.0,8,142.09,1,142.1,7,142.12,4,142.26,1,142.27,5,142.29,3,142.31,1
2025-04-10 09:35:30,141.84,141.89,1,141.77,5,141.91,2,141.91,141.77,141.77,5,141.75,1,141.7,1,141.68,2,141.65,5,141.64,7,,,,,,,,,141.91,2,141.97,1,142.0,8,142.09,1,142.1,7,142.12,4,142.26,1,142.27,5,142.29,3,142.31,1
2025-04-10 09:35:31,141.82,141.8,3,141.68,6,141.96,3,141.96,141.68,141.68,6,141.65,5,141.64,7,,,,,,,,,,,,,,,141.96,3,142.0,5,142.09,1,142.1,7,142.12,4,142.26,1,142.27,5,142.29,3,142.31,1,142.32,3
2025-04-10 09:35:32,141.845,141.8,3,141.73,5,141.96,3,141.96,141.73,141.73,5,141.68,6,141.65,5,141.64,7,,,,,,,,,,,,,141.96,3,142.0,5,142.09,1,142.1,7,142.12,4,142.26,1,142.27,5,142.29,3,142.31,1,142.32,3
2025-04-10 09:35:33,141.845,141.8,3,141.73,5,141.96,3,141.96,141.73,141.73,5,141.68,6,141.65,5,141.64,7,,,,,,,,,,,,,141.96,3,142.0,5,142.09,1,142.1,7,142.12,4,142.26,1,142.27,5,142.29,3,142.31,1,142.32,3
2025-04-10 09:35:34,141.845,141.8,3,141.73,5,141.96,3,141.96,141.73,141.73,5,141.68,6,141.65,5,141.64,7,,,,,,,,,,,,,141.96,3,142.0,5,142.09,1,142.1,7,142.12,4,142.26,1,142.27,5,142.29,3,142.31,1,142.32,3
2025-04-10 09:35:35,141.845,141.8,3,141.73,5,141.96,3,141.96,141.73,141.73,5,141.68,6,141.65,5,141.64,7,,,,,,,,,,,,,141.96,3,142.0,5,142.09,1,142.1,7,142.12,4,142.26,1,142.27,5,142.29,3,142.31,1,142.32,3
2025-04-10 09:35:36,141.88,141.95,1,141.8,2,141.96,2,141.96,141.8,141.8,2,141.73,5,141.68,6,141.65,5,141.64,7,,,,,,,,,,,141.96,2,142.0,5,142.09,1,142.1,7,142.12,4,142.26,1,142.27,5,142.29,3,142.31,1,142.32,3
2025-04-10 09:35:37,141.96,141.96,1,141.86,6,142.06,2,142.06,141.86,141.86,6,141.85,1,141.8,4,141.73,5,141.68,6,141.65,5,141.64,7,,,,,,,142.06,2,142.09,1,142.1,7,142.12,4,142.26,1,142.27,5,142.29,3,142.31,1,142.32,3,142.33,1
2025-04-10 09:35:38,141.955,141.96,1,141.85,6,142.06,2,142.06,141.85,141.85,6,141.8,4,141.73,5,141.68,6,141.65,5,141.64,7,,,,,,,,,142.06,2,142.09,1,142.1,7,142.12,4,142.26,1,142.27,5,142.29,3,142.31,1,142.32,3,142.33,1
2025-04-10 09:35:39,141.935,141.94,1,141.82,2,142.05,4,142.05,141.82,141.82,2,141.8,4,141.73,5,141.68,6,141.65,5,141.64,7,,,,,,,,,142.05,4,142.06,2,142.09,1,142.1,7,142.12,4,142.26,1,142.27,5,142.29,3,142.31,1,142.32,3
2025-04-10 09:35:40,141.945,141.94,1,141.84,1,142.05,3,142.05,141.84,141.84,1,141.82,2,141.8,4,141.73,5,141.68,6,141.65,5,141.64,7,,,,,,,142.05,3,142.06,2,142.09,1,142.1,7,142.12,4,142.26,1,142.27,5,142.29,3,142.31,1,142.32,3
2025-04-10 09:35:41,141.88,141.89,1,141.8,4,141.96,2,141.96,141.8,141.8,4,141.73,5,141.68,6,141.65,5,141.64,7,,,,,,,,,,,141.96,2,141.98,1,142.05,4,142.06,2,142.09,1,142.1,7,142.12,4,142.26,1,142.27,5,142.29,3
2025-04-10 09:35:42,141.88,141.88,1,141.8,3,141.96,2,141.96,141.8,141.8,3,141.73,5,141.68,6,141.65,5,141.64,7,,,,,,,,,,,141.96,2,141.98,1,142.05,4,142.06,2,142.09,1,142.1,7,142.12,4,142.26,1,142.27,5,142.29,3
2025-04-10 09:35:43,141.88,141.8,1,141.8,3,141.96,3,141.96,141.8,141.8,3,141.73,5,141.68,6,141.65,5,141.64,7,,,,,,,,,,,141.96,3,141.98,1,142.05,4,142.06,2,142.09,1,142.1,7,142.12,4,142.26,1,142.27,5,142.29,3
2025-04-10 09:35:44,141.725,141.8,1,141.64,6,141.81,3,141.81,141.64,141.64,6,,,,,,,,,,,,,,,,,,,141.81,3,141.87,1,141.96,3,141.98,1,142.05,4,142.06,2,142.09,1,142.1,7,142.12,4,142.26,1
2025-04-10 09:35:45,141.72,141.75,1,141.64,6,141.8,3,141.8,141.64,141.64,6,,,,,,,,,,,,,,,,,,,141.8,3,141.81,3,141.87,1,141.96,3,141.98,1,142.05,4,142.06,2,142.09,1,142.1,7,142.12,4
2025-04-10 09:35:46,141.72,141.75,1,141.64,7,141.8,3,141.8,141.64,141.64,7,,,,,,,,,,,,,,,,,,,141.8,3,141.81,3,141.87,1,141.96,3,141.98,1,142.05,4,142.06,2,142.09,1,142.1,7,142.12,4
2025-04-10 09:35:47,141.72,141.72,1,141.64,7,141.8,3,141.8,141.64,141.64,7,,,,,,,,,,,,,,,,,,,141.8,3,141.81,3,141.87,1,141.96,3,141.98,1,142.05,4,142.06,2,142.09,1,142.1,7,142.12,4
2025-04-10 09:35:48,141.72,141.72,2,141.64,8,141.8,2,141.8,141.64,141.64,8,,,,,,,,,,,,,,,,,,,141.8,2,141.81,3,141.87,1,141.96,3,141.98,1,142.05,4,142.06,2,142.09,1,142.1,7,142.12,4
2025-04-10 09:35:49,141.81,141.8,1,141.77,1,141.85,1,141.85,141.77,141.77,1,141.68,2,141.65,1,141.64,7,,,,,,,,,,,,,141.85,1,141.87,1,141.96,3,141.98,1,142.05,4,142.06,2,142.09,1,142.1,7,142.12,4,142.26,1
2025-04-10 09:35:50,141.745,141.77,1,141.64,8,141.85,3,141.85,141.64,141.64,8,,,,,,,,,,,,,,,,,,,141.85,3,141.87,1,141.96,3,141.98,1,142.05,4,142.06,2,142.09,1,142.1,7,142.12,4,142.26,1
2025-04-10 09:35:51,141.745,141.77,1,141.64,8,141.85,3,141.85,141.64,141.64,8,,,,,,,,,,,,,,,,,,,141.85,3,141.87,1,141.96,3,141.98,1,142.05,4,142.06,2,142.09,1,142.1,7,142.12,4,142.26,1
2025-04-10 09:35:52,141.825,141.87,1,141.75,4,141.9,3,141.9,141.75,141.75,4,141.64,8,,,,,,,,,,,,,,,,,141.9,3,141.97,1,141.98,1,142.02,4,142.05,4,142.06,2,142.09,1,142.1,7,142.12,4,142.26,1
2025-04-10 09:35:53,141.86,141.77,1,141.75,4,141.97,1,141.97,141.75,141.75,4,141.74,3,141.64,8,,,,,,,,,,,,,,,141.97,1,141.98,1,142.02,4,142.05,4,142.06,2,142.09,1,142.1,7,142.12,4,142.26,1,142.27,5
2025-04-10 09:35:54,141.86,141.75,1,141.75,4,141.97,1,141.97,141.75,141.75,4,141.74,3,141.64,8,,,,,,,,,,,,,,,141.97,1,141.98,1,142.02,4,142.05,4,142.06,2,142.09,1,142.1,7,142.12,4,142.26,1,142.27,5
2025-04-10 09:35:55,141.86,141.75,1,141.75,3,141.97,4,141.97,141.75,141.75,3,141.74,3,141.64,8,,,,,,,,,,,,,,,141.97,4,141.98,1,142.02,4,142.05,4,142.06,2,142.09,1,142.1,7,142.12,4,142.26,1,142.27,5
2025-04-10 09:35:56,141.86,141.86,1,141.75,2,141.97,4,141.97,141.75,141.75,2,141.74,3,141.64,8,,,,,,,,,,,,,,,141.97,4,141.98,1,142.02,4,142.05,4,142.06,2,142.09,1,142.1,7,142.12,4,142.26,1,142.27,5
2025-04-10 09:35:57,141.86,141.87,1,141.75,1,141.97,3,141.97,141.75,141.75,1,141.74,3,141.64,8,,,,,,,,,,,,,,,141.97,3,141.98,1,142.02,4,142.05,4,142.06,2,142.09,1,142.1,7,142.12,4,142.26,1,142.27,5
2025-04-10 09:35:58,141.865,141.84,1,141.76,1,141.97,4,141.97,141.76,141.76,1,141.75,2,141.74,3,141.64,8,,,,,,,,,,,,,141.97,4,141.98,1,142.02,4,142.05,4,142.06,2,142.09,1,142.1,7,142.12,4,142.26,1,142.27,5
2025-04-10 09:35:59,141.895,141.86,1,141.82,2,141.97,4,141.97,141.82,141.82,2,141.75,2,141.74,3,141.64,8,,,,,,,,,,,,,141.97,4,141.98,1,142.02,4,142.05,4,142.06,2,142.09,1,142.1,7,142.12,4,142.26,1,142.27,5
2025-04-10 09:36:00,141.895,141.9,1,141.82,2,141.97,4,141.97,141.82,141.82,2,141.75,2,141.74,3,141.64,8,,,,,,,,,,,,,141.97,4,141.98,1,142.02,4,142.05,4,142.06,2,142.09,1,142.1,7,142.12,4,142.26,1,142.27,5
2025-04-10 09:36:01,141.895,141.9,1,141.82,2,141.97,4,141.97,141.82,141.82,2,141.75,2,141.74,3,141.64,8,,,,,,,,,,,,,141.97,4,141.98,1,142.02,4,142.05,4,142.06,2,142.09,1,142.1,7,142.12,4,142.26,1,142.27,5
2025-04-10 09:36:02,141.955,141.93,5,141.86,1,142.05,1,142.05,141.86,141.86,1,141.75,4,141.74,3,141.64,8,,,,,,,,,,,,,142.05,1,142.08,2,142.09,1,142.1,7,142.12,4,142.26,1,142.27,5,142.29,3,142.31,1,142.32,3
2025-04-10 09:36:03,141.865,141.93,5,141.75,5,141.98,1,141.98,141.75,141.75,5,141.74,3,141.64,8,,,,,,,,,,,,,,,141.98,1,142.04,1,142.05,1,142.08,2,142.09,1,142.1,7,142.12,4,142.26,1,142.27,5,142.29,3
2025-04-10 09:36:04,141.865,141.93,5,141.75,5,141.98,1,141.98,141.75,141.75,5,141.74,3,141.64,8,,,,,,,,,,,,,,,141.98,1,142.04,1,142.05,1,142.08,2,142.09,1,142.1,7,142.12,4,142.26,1,142.27,5,142.29,3
2025-04-10 09:36:05,141.935,141.98,1,141.82,4,142.05,3,142.05,141.82,141.82,4,141.75,6,141.74,3,141.64,8,,,,,,,,,,,,,142.05,3,142.08,2,142.09,1,142.1,7,142.12,4,142.26,1,142.27,5,142.29,3,142.31,1,142.32,3
2025-04-10 09:36:06,141.935,141.98,1,141.82,4,142.05,3,142.05,141.82,141.82,4,141.75,6,141.74,3,141.64,8,,,,,,,,,,,,,142.05,3,142.08,2,142.09,1,142.1,7,142.12,4,142.26,1,142.27,5,142.29,3,142.31,1,142.32,3
2025-04-10 09:36:07,141.935,141.98,1,141.82,4,142.05,3,142.05,141.82,141.82,4,141.75,6,141.74,3,141.64,8,,,,,,,,,,,,,142.05,3,142.08,2,142.09,1,142.1,7,142.12,4,142.26,1,142.27,5,142.29,3,142.31,1,142.32,3
2025-04-10 09:36:08,141.935,141.98,1,141.82,4,142.05,3,142.05,141.82,141.82,4,141.75,6,141.74,3,141.64,8,,,,,,,,,,,,,142.05,3,142.08,2,142.09,1,142.1,7,142.12,4,142.26,1,142.27,5,142.29,3,142.31,1,142.32,3
2025-04-10 09:36:09,142.055,142.05,1,141.95,1,142.16,3,142.16,141.95,141.95,1,141.89,1,141.88,5,141.87,4,141.82,4,141.75,6,141.74,3,141.64,8,,,,,142.16,3,142.26,1,142.27,5,142.29,3,142.31,1,142.32,3,142.33,1,142.42,6,142.47,9,142.51,1
2025-04-10 09:36:10,142.005,142.25,1,141.89,1,142.12,1,142.12,141.89,141.89,1,141.88,5,141.87,4,141.82,4,141.75,6,141.74,3,141.64,8,,,,,,,142.12,1,142.16,5,142.26,1,142.27,5,142.29,3,142.31,1,142.32,3,142.33,1,142.42,6,142.47,9
2025-04-10 09:36:11,141.98,142.25,1,141.85,4,142.11,3,142.11,141.85,141.85,4,141.82,4,141.75,6,141.74,3,141.64,8,,,,,,,,,,,142.11,3,142.12,1,142.16,5,142.26,1,142.27,5,142.29,3,142.31,1,142.32,3,142.33,1,142.42,6
2025-04-10 09:36:12,141.98,141.98,1,141.85,4,142.11,3,142.11,141.85,141.85,4,141.82,4,141.75,6,141.74,3,141.64,8,,,,,,,,,,,142.11,3,142.12,1,142.16,5,142.26,1,142.27,5,142.29,3,142.31,1,142.32,3,142.33,1,142.42,6
2025-04-10 09:36:13,142.005,142.01,1,141.9,1,142.11,3,142.11,141.9,141.9,1,141.85,4,141.82,4,141.75,6,141.74,3,141.64,8,,,,,,,,,142.11,3,142.12,1,142.16,5,142.26,1,142.27,5,142.29,3,142.31,1,142.32,3,142.33,1,142.42,6
2025-04-10 09:36:14,142.12,142.08,1,142.08,1,142.16,5,142.16,142.08,142.08,1,142.01,1,142.0,2,141.9,1,141.85,4,141.82,4,141.75,6,141.74,3,141.64,8,,,142.16,5,142.26,1,142.27,5,142.29,3,142.31,1,142.32,3,142.33,1,142.42,6,142.47,9,142.51,1
2025-04-10 09:36:15,142.12,142.14,1,142.08,1,142.16,5,142.16,142.08,142.08,1,142.01,1,142.0,2,141.9,1,141.85,4,141.82,4,141.75,6,141.74,3,141.64,8,,,142.16,5,142.26,1,142.27,5,142.29,3,142.31,1,142.32,3,142.33,1,142.42,6,142.47,9,142.51,1
2025-04-10 09:36:16,142.07,142.14,1,141.98,1,142.16,5,142.16,141.98,141.98,1,141.91,1,141.9,1,141.85,4,141.82,4,141.75,6,141.74,3,141.64,8,,,,,142.16,5,142.26,1,142.27,5,142.29,3,142.31,1,142.32,3,142.33,1,142.42,6,142.47,9,142.51,1
2025-04-10 09:36:17,142.03,142.14,1,141.9,3,142.16,5,142.16,141.9,141.9,3,141.85,4,141.82,4,141.75,6,141.74,3,141.64,8,,,,,,,,,142.16,5,142.26,1,142.27,5,142.29,3,142.31,1,142.32,3,142.33,1,142.42,6,142.47,9,142.51,1
2025-04-10 09:36:18,142.03,142.14,1,141.9,3,142.16,5,142.16,141.9,141.9,3,141.85,4,141.82,4,141.75,6,141.74,3,141.64,8,,,,,,,,,142.16,5,142.26,1,142.27,5,142.29,3,142.31,1,142.32,3,142.33,1,142.42,6,142.47,9,142.51,1
2025-04-10 09:36:19,142.085,142.01,3,142.01,3,142.16,5,142.16,142.01,142.01,3,141.9,3,141.85,4,141.82,4,141.75,6,141.74,3,141.64,8,,,,,,,142.16,5,142.26,1,142.27,5,142.29,3,142.31,1,142.32,3,142.33,1,142.42,6,142.47,9,142.51,1
2025-04-10 09:36:20,142.085,142.01,3,142.01,3,142.16,5,142.16,142.01,142.01,3,141.9,3,141.85,4,141.82,4,141.75,6,141.74,3,141.64,8,,,,,,,142.16,5,142.26,1,142.27,5,142.29,3,142.31,1,142.32,3,142.33,1,142.42,6,142.47,9,142.51,1
2025-04-10 09:36:21,142.12,142.09,1,142.08,1,142.16,5,142.16,142.08,142.08,1,142.01,3,141.9,3,141.85,4,141.82,4,141.75,6,141.74,3,141.64,8,,,,,142.16,5,142.26,1,142.27,5,142.29,3,142.31,1,142.32,3,142.33,1,142.42,6,142.47,9,142.51,1
2025-04-10 09:36:22,142.12,142.09,1,142.08,1,142.16,5,142.16,142.08,142.08,1,142.01,3,141.9,3,141.85,4,141.82,4,141.75,6,141.74,3,141.64,8,,,,,142.16,5,142.26,1,142.27,5,142.29,3,142.31,1,142.32,3,142.33,1,142.42,6,142.47,9,142.51,1
2025-04-10 09:36:23,142.15,142.21,1,142.01,3,142.29,4,142.29,142.01,142.01,3,141.98,1,141.9,3,141.85,4,141.82,4,141.75,6,141.74,3,141.64,8,,,,,142.29,4,142.3,5,142.31,1,142.32,3,142.33,1,142.42,6,142.47,9,142.51,1,142.52,6,142.53,2
2025-04-10 09:36:24,142.15,142.21,1,142.01,3,142.29,5,142.29,142.01,142.01,3,141.98,1,141.9,3,141.85,4,141.82,4,141.75,6,141.74,3,141.64,8,,,,,142.29,5,142.3,5,142.31,1,142.32,3,142.33,1,142.42,6,142.47,9,142.51,1,142.52,6,142.53,2
2025-04-10 09:36:25,142.005,142.01,1,141.91,1,142.1,4,142.1,141.91,141.91,1,141.81,6,141.75,6,141.74,3,141.64,8,,,,,,,,,,,142.1,4,142.11,1,142.12,1,142.23,1,142.29,8,142.3,5,142.31,1,142.32,3,142.33,1,142.42,6
2025-04-10 09:36:26,142.005,142.01,1,141.91,1,142.1,6,142.1,141.91,141.91,1,141.81,6,141.75,6,141.74,3,141.64,8,,,,,,,,,,,142.1,6,142.11,1,142.12,1,142.23,1,142.29,8,142.3,5,142.31,1,142.32,3,142.33,1,142.42,6
2025-04-10 09:36:27,142.005,142.01,1,141.91,1,142.1,6,142.1,141.91,141.91,1,141.81,6,141.75,6,141.74,3,141.64,8,,,,,,,,,,,142.1,6,142.11,1,142.12,1,142.23,1,142.29,8,142.3,5,142.31,1,142.32,3,142.33,1,142.42,6
2025-04-10 09:36:28,141.91,141.91,1,141.81,4,142.01,5,142.01,141.81,141.81,4,141.75,6,141.74,3,141.64,8,,,,,,,,,,,,,142.01,5,142.06,1,142.1,6,142.11,1,142.12,1,142.23,1,142.29,8,142.3,5,142.31,1,142.32,3
2025-04-10 09:36:29,141.91,141.91,1,141.81,5,142.01,4,142.01,141.81,141.81,5,141.75,6,141.74,3,141.64,8,,,,,,,,,,,,,142.01,4,142.06,1,142.1,6,142.11,1,142.12,1,142.23,1,142.29,8,142.3,5,142.31,1,142.32,3
2025-04-10 09:36:30,141.91,141.91,1,141.81,4,142.01,5,142.01,141.81,141.81,4,141.75,6,141.74,3,141.64,8,,,,,,,,,,,,,142.01,5,142.06,1,142.1,6,142.11,1,142.12,1,142.23,1,142.29,8,142.3,5,142.31,1,142.32,3
2025-04-10 09:36:31,141.91,141.91,1,141.81,4,142.01,5,142.01,141.81,141.81,4,141.75,6,141.74,3,141.64,8,,,,,,,,,,,,,142.01,5,142.06,1,142.1,6,142.11,1,142.12,1,142.23,1,142.29,8,142.3,5,142.31,1,142.32,3
2025-04-10 09:36:32,141.89,141.81,1,141.79,12,141.99,4,141.99,141.79,141.79,12,141.77,12,141.75,2,141.74,3,141.64,8,,,,,,,,,,,141.99,4,142.01,5,142.06,1,142.1,6,142.11,1,142.12,1,142.23,1,142.29,8,142.3,5,142.31,1
2025-04-10 09:36:33,141.885,141.89,1,141.78,12,141.99,4,141.99,141.78,141.78,12,141.77,12,141.75,2,141.74,3,141.64,8,,,,,,,,,,,141.99,4,142.01,5,142.06,1,142.1,6,142.11,1,142.12,1,142.23,1,142.29,8,142.3,5,142.31,1
2025-04-10 09:36:34,141.885,141.92,3,141.78,12,141.99,4,141.99,141.78,141.78,12,141.77,12,141.75,2,141.74,3,141.64,8,,,,,,,,,,,141.99,4,142.01,5,142.06,1,142.1,6,142.11,1,142.12,1,142.23,1,142.29,8,142.3,5,142.31,1
2025-04-10 09:36:35,141.885,141.92,3,141.78,24,141.99,3,141.99,141.78,141.78,24,141.77,12,141.75,2,141.74,3,141.64,8,,,,,,,,,,,141.99,3,142.01,5,142.06,1,142.1,6,142.11,1,142.12,1,142.23,1,142.29,8,142.3,5,142.31,1
2025-04-10 09:36:36,141.87,141.92,3,141.75,3,141.99,3,141.99,141.75,141.75,3,141.74,3,141.64,8,,,,,,,,,,,,,,,141.99,3,142.01,5,142.06,1,142.1,6,142.11,1,142.12,1,142.23,1,142.29,8,142.3,5,142.31,1
2025-04-10 09:36:37,141.895,141.92,3,141.78,12,142.01,6,142.01,141.78,141.78,12,141.77,12,141.75,4,141.74,3,141.64,8,,,,,,,,,,,142.01,6,142.06,1,142.1,6,142.11,1,142.12,1,142.23,1,142.29,8,142.3,5,142.31,1,142.32,3
2025-04-10 09:36:38,141.9,141.92,3,141.79,12,142.01,6,142.01,141.79,141.79,12,141.75,4,141.74,3,141.64,8,,,,,,,,,,,,,142.01,6,142.06,1,142.1,6,142.11,1,142.12,1,142.23,1,142.29,8,142.3,5,142.31,1,142.32,3
2025-04-10 09:36:39,141.9,141.92,3,141.79,12,142.01,6,142.01,141.79,141.79,12,141.75,4,141.74,3,141.64,8,,,,,,,,,,,,,142.01,6,142.06,1,142.1,6,142.11,1,142.12,1,142.23,1,142.29,8,142.3,5,142.31,1,142.32,3
2025-04-10 09:36:40,141.9,141.92,3,141.79,12,142.01,6,142.01,141.79,141.79,12,141.75,4,141.74,3,141.64,8,,,,,,,,,,,,,142.01,6,142.06,1,142.1,6,142.11,1,142.12,1,142.23,1,142.29,8,142.3,5,142.31,1,142.32,3
2025-04-10 09:36:41,141.985,141.96,1,141.96,1,142.01,6,142.01,141.96,141.96,1,141.91,1,141.79,12,141.75,4,141.74,3,141.64,8,,,,,,,,,142.01,6,142.06,1,142.1,6,142.11,1,142.12,1,142.23,1,142.29,8,142.3,5,142.31,1,142.32,3
2025-04-10 09:36:42,141.985,141.96,5,141.96,1,142.01,6,142.01,141.96,141.96,1,141.91,1,141.79,12,141.75,4,141.74,3,141.64,8,,,,,,,,,142.01,6,142.06,1,142.1,6,142.11,1,142.12,1,142.23,1,142.29,8,142.3,5,142.31,1,142.32,3
2025-04-10 09:36:43,141.86,141.96,1,141.75,4,141.97,1,141.97,141.75,141.75,4,141.74,3,141.64,8,,,,,,,,,,,,,,,141.97,1,142.01,6,142.06,1,142.1,6,142.11,1,142.12,1,142.23,1,142.29,8,142.3,5,142.31,1
2025-04-10 09:36:44,141.86,141.86,2,141.75,4,141.97,1,141.97,141.75,141.75,4,141.74,3,141.64,8,,,,,,,,,,,,,,,141.97,1,142.01,6,142.06,1,142.1,6,142.11,1,142.12,1,142.23,1,142.29,8,142.3,5,142.31,1
2025-04-10 09:36:45,141.855,141.86,2,141.75,4,141.96,1,141.96,141.75,141.75,4,141.74,3,141.64,8,,,,,,,,,,,,,,,141.96,1,141.97,1,142.01,6,142.06,1,142.1,6,142.11,1,142.12,1,142.23,1,142.29,8,142.3,5
2025-04-10 09:36:46,141.845,141.86,2,141.75,4,141.94,1,141.94,141.75,141.75,4,141.74,3,141.64,8,,,,,,,,,,,,,,,141.94,1,141.95,1,141.96,2,141.97,1,142.01,6,142.06,1,142.1,6,142.11,1,142.12,1,142.23,1
2025-04-10 09:36:47,141.835,141.86,2,141.75,4,141.92,1,141.92,141.75,141.75,4,141.74,3,141.64,8,,,,,,,,,,,,,,,141.92,1,141.93,2,141.94,1,141.95,1,141.96,2,141.97,1,142.01,6,142.06,1,142.1,6,142.11,1
2025-04-10 09:36:48,141.835,141.86,2,141.75,4,141.92,1,141.92,141.75,141.75,4,141.74,3,141.64,8,,,,,,,,,,,,,,,141.92,1,141.93,2,141.94,1,141.95,1,141.96,2,141.97,1,142.01,6,142.06,1,142.1,6,142.11,1
2025-04-10 09:36:49,141.88,141.86,2,141.84,1,141.92,1,141.92,141.84,141.84,1,141.75,4,141.74,3,141.64,8,,,,,,,,,,,,,141.92,1,141.93,2,141.94,1,141.95,1,141.96,2,141.97,1,142.01,6,142.06,1,142.1,6,142.11,1
2025-04-10 09:36:50,141.88,141.86,2,141.84,1,141.92,1,141.92,141.84,141.84,1,141.75,4,141.74,3,141.64,8,,,,,,,,,,,,,141.92,1,141.93,2,141.94,1,141.95,1,141.96,2,141.97,1,142.01,6,142.06,1,142.1,6,142.11,1
2025-04-10 09:36:51,141.945,141.88,1,141.92,3,141.97,2,141.97,141.92,141.92,3,141.88,3,141.84,3,141.75,4,141.74,3,141.64,8,,,,,,,,,141.97,2,142.01,6,142.06,1,142.1,6,142.11,1,142.12,1,142.23,1,142.29,8,142.3,5,142.31,1
2025-04-10 09:36:52,141.92,141.93,1,141.84,4,142.0,1,142.0,141.84,141.84,4,141.75,4,141.74,3,141.64,8,,,,,,,,,,,,,142.0,1,142.01,6,142.06,1,142.1,6,142.11,1,142.12,1,142.23,1,142.29,8,142.3,5,142.31,1
2025-04-10 09:36:53,141.92,141.93,1,141.84,3,142.0,1,142.0,141.84,141.84,3,141.75,4,141.74,3,141.64,8,,,,,,,,,,,,,142.0,1,142.01,6,142.06,1,142.1,6,142.11,1,142.12,1,142.23,1,142.29,8,142.3,5,142.31,1
2025-04-10 09:36:54,141.905,141.93,1,141.84,3,141.97,2,141.97,141.84,141.84,3,141.75,4,141.74,3,141.64,8,,,,,,,,,,,,,141.97,2,142.0,1,142.01,6,142.06,1,142.1,6,142.11,1,142.12,1,142.23,1,142.29,8,142.3,5
2025-04-10 09:36:55,141.905,141.86,1,141.84,5,141.97,1,141.97,141.84,141.84,5,141.75,4,141.74,3,141.64,8,,,,,,,,,,,,,141.97,1,142.01,6,142.06,1,142.1,6,142.11,1,142.12,1,142.23,1,142.29,8,142.3,5,142.31,1
2025-04-10 09:36:56,141.925,141.86,1,141.84,6,142.01,6,142.01,141.84,141.84,6,141.75,4,141.74,3,141.64,8,,,,,,,,,,,,,142.01,6,142.06,1,142.1,6,142.11,1,142.12,1,142.23,1,142.29,8,142.3,5,142.31,1,142.32,3
2025-04-10 09:36:57,141.925,141.86,1,141.84,6,142.01,6,142.01,141.84,141.84,6,141.75,4,141.74,3,141.64,8,,,,,,,,,,,,,142.01,6,142.06,1,142.1,6,142.11,1,142.12,1,142.23,1,142.29,8,142.3,5,142.31,1,142.32,3
2025-04-10 09:36:58,141.925,141.93,1,141.84,7,142.01,5,142.01,141.84,141.84,7,141.75,4,141.74,3,141.64,8,,,,,,,,,,,,,142.01,5,142.06,1,142.1,6,142.11,1,142.12,1,142.23,1,142.29,8,142.3,5,142.31,1,142.32,3
2025-04-10 09:36:59,141.915,141.98,1,141.84,7,141.99,1,141.99,141.84,141.84,7,141.75,4,141.74,3,141.64,8,,,,,,,,,,,,,141.99,1,142.0,1,142.01,7,142.06,1,142.1,6,142.11,1,142.12,1,142.23,1,142.29,8,142.3,5
2025-04-10 09:37:00,141.975,141.99,1,141.86,4,142.09,3,142.09,141.86,141.86,4,141.84,6,141.75,4,141.74,3,141.64,8,,,,,,,,,,,142.09,3,142.1,6,142.11,1,142.12,1,142.23,1,142.29,8,142.3,5,142.31,1,142.32,3,142.33,1
2025-04-10 09:37:01,141.97,141.97,1,141.85,3,142.09,4,142.09,141.85,141.85,3,141.84,6,141.75,4,141.74,3,141.64,8,,,,,,,,,,,142.09,4,142.1,6,142.11,1,142.12,1,142.23,1,142.29,8,142.3,5,142.31,1,142.32,3,142.33,1
2025-04-10 09:37:02,141.975,141.97,1,141.86,4,142.09,4,142.09,141.86,141.86,4,141.85,3,141.84,6,141.75,4,141.74,3,141.64,8,,,,,,,,,142.09,4,142.1,6,142.11,1,142.12,1,142.23,1,142.29,8,142.3,5,142.31,1,142.32,3,142.33,1
2025-04-10 09:37:03,141.975,142.0,1,141.86,4,142.09,4,142.09,141.86,141.86,4,141.85,3,141.84,6,141.75,4,141.74,3,141.64,8,,,,,,,,,142.09,4,142.1,6,142.11,1,142.12,1,142.23,1,142.29,8,142.3,5,142.31,1,142.32,3,142.33,1
2025-04-10 09:37:04,141.975,141.98,1,141.86,2,142.09,4,142.09,141.86,141.86,2,141.85,3,141.84,6,141.75,4,141.74,3,141.64,8,,,,,,,,,142.09,4,142.1,6,142.11,1,142.12,1,142.23,1,142.29,8,142.3,5,142.31,1,142.32,3,142.33,1
2025-04-10 09:37:05,141.91,141.85,1,141.79,2,142.03,1,142.03,141.79,141.79,2,141.76,1,141.75,3,141.74,2,141.64,8,,,,,,,,,,,142.03,1,142.08,3,142.09,5,142.1,6,142.11,1,142.12,1,142.23,1,142.29,8,142.3,5,142.31,1
2025-04-10 09:37:06,141.77,141.8,9,141.72,13,141.82,2,141.82,141.72,141.72,13,141.64,8,,,,,,,,,,,,,,,,,141.82,2,141.88,2,141.99,1,142.0,1,142.01,1,142.03,6,142.08,3,142.09,5,142.1,6,142.11,1
2025-04-10 09:37:07,141.8,141.8,1,141.72,13,141.88,3,141.88,141.72,141.72,13,141.64,8,,,,,,,,,,,,,,,,,141.88,3,141.99,1,142.0,1,142.01,1,142.03,6,142.08,3,142.09,5,142.1,6,142.11,1,142.12,1
2025-04-10 09:37:08,141.77,141.8,1,141.72,13,141.82,1,141.82,141.72,141.72,13,141.64,8,,,,,,,,,,,,,,,,,141.82,1,141.88,3,141.99,1,142.0,1,142.01,1,142.03,6,142.08,3,142.09,5,142.1,6,142.11,1
2025-04-10 09:37:09,141.77,141.8,1,141.72,13,141.82,1,141.82,141.72,141.72,13,141.64,8,,,,,,,,,,,,,,,,,141.82,1,141.88,3,141.99,1,142.0,1,142.01,1,142.03,6,142.08,3,142.09,5,142.1,6,142.11,1
2025-04-10 09:37:10,141.72,141.72,1,141.64,8,141.8,5,141.8,141.64,141.64,8,,,,,,,,,,,,,,,,,,,141.8,5,141.81,1,141.82,1,141.88,3,141.99,1,142.0,1,142.01,1,142.03,6,142.08,3,142.09,5
2025-04-10 09:37:11,141.74,141.75,1,141.64,8,141.84,3,141.84,141.64,141.64,8,,,,,,,,,,,,,,,,,,,141.84,3,141.85,4,141.88,3,141.99,1,142.0,1,142.01,1,142.03,6,142.08,3,142.09,5,142.1,6
2025-04-10 09:37:12,141.62,141.62,1,141.55,4,141.69,3,141.69,141.55,141.55,4,,,,,,,,,,,,,,,,,,,141.69,3,141.71,3,141.73,2,141.77,2,141.79,2,141.8,1,141.84,3,141.85,4,141.88,3,141.99,1
2025-04-10 09:37:13,141.66,141.69,1,141.55,4,141.77,1,141.77,141.55,141.55,4,,,,,,,,,,,,,,,,,,,141.77,1,141.79,2,141.8,1,141.84,3,141.85,4,141.88,3,141.99,1,142.0,1,142.01,1,142.03,6
2025-04-10 09:37:14,141.66,141.59,2,141.55,4,141.77,1,141.77,141.55,141.55,4,,,,,,,,,,,,,,,,,,,141.77,1,141.79,2,141.8,1,141.84,3,141.85,4,141.88,3,141.99,1,142.0,1,142.01,1,142.03,6
2025-04-10 09:37:15,141.66,141.59,2,141.55,4,141.77,3,141.77,141.55,141.55,4,,,,,,,,,,,,,,,,,,,141.77,3,141.79,2,141.8,1,141.84,3,141.85,4,141.88,3,141.99,1,142.0,1,142.01,1,142.03,6
2025-04-10 09:37:16,141.68,141.59,2,141.59,1,141.77,3,141.77,141.59,141.59,1,141.55,4,,,,,,,,,,,,,,,,,141.77,3,141.79,2,141.8,1,141.84,3,141.85,4,141.88,3,141.99,1,142.0,1,142.01,1,142.03,6
2025-04-10 09:37:17,141.68,141.59,2,141.59,1,141.77,3,141.77,141.59,141.59,1,141.55,4,,,,,,,,,,,,,,,,,141.77,3,141.79,2,141.8,1,141.84,3,141.85,4,141.88,3,141.99,1,142.0,1,142.01,1,142.03,6
2025-04-10 09:37:18,141.68,141.64,1,141.59,1,141.77,3,141.77,141.59,141.59,1,141.55,4,,,,,,,,,,,,,,,,,141.77,3,141.79,2,141.8,1,141.84,3,141.85,4,141.88,3,141.99,1,142.0,1,142.01,1,142.03,6
2025-04-10 09:37:19,141.655,141.66,1,141.55,4,141.76,1,141.76,141.55,141.55,4,,,,,,,,,,,,,,,,,,,141.76,1,141.77,4,141.79,2,141.8,1,141.84,3,141.85,4,141.88,3,141.99,1,142.0,1,142.01,1
2025-04-10 09:37:20,141.66,141.66,1,141.55,3,141.77,4,141.77,141.55,141.55,3,,,,,,,,,,,,,,,,,,,141.77,4,141.79,2,141.8,1,141.84,3,141.85,4,141.88,3,141.99,1,142.0,1,142.01,1,142.03,6
2025-04-10 09:37:21,141.66,141.66,1,141.55,3,141.77,4,141.77,141.55,141.55,3,,,,,,,,,,,,,,,,,,,141.77,4,141.79,2,141.8,1,141.84,3,141.85,4,141.88,3,141.99,1,142.0,1,142.01,1,142.03,6
2025-04-10 09:37:22,141.695,141.66,1,141.62,1,141.77,4,141.77,141.62,141.62,1,141.55,3,,,,,,,,,,,,,,,,,141.77,4,141.79,2,141.8,1,141.84,3,141.85,4,141.88,3,141.99,1,142.0,1,142.01,1,142.03,6
2025-04-10 09:37:23,141.625,141.66,1,141.5,10,141.75,5,141.75,141.5,141.5,10,,,,,,,,,,,,,,,,,,,141.75,5,141.77,9,141.79,2,141.8,1,141.84,3,141.85,4,141.88,3,141.99,1,142.0,1,142.01,1
2025-04-10 09:37:24,141.625,141.6,1,141.5,10,141.75,5,141.75,141.5,141.5,10,,,,,,,,,,,,,,,,,,,141.75,5,141.77,9,141.79,2,141.8,1,141.84,3,141.85,4,141.88,3,141.99,1,142.0,1,142.01,1
2025-04-10 09:37:25,141.58,141.6,1,141.5,10,141.66,5,141.66,141.5,141.5,10,,,,,,,,,,,,,,,,,,,141.66,5,141.75,5,141.77,9,141.79,2,141.8,1,141.84,3,141.85,4,141.88,3,141.99,1,142.0,1
2025-04-10 09:37:26,141.58,141.58,1,141.5,10,141.66,5,141.66,141.5,141.5,10,,,,,,,,,,,,,,,,,,,141.66,5,141.75,5,141.77,9,141.79,2,141.8,1,141.84,3,141.85,4,141.88,3,141.99,1,142.0,1
2025-04-10 09:37:27,141.58,141.58,1,141.5,10,141.66,4,141.66,141.5,141.5,10,,,,,,,,,,,,,,,,,,,141.66,4,141.75,5,141.77,9,141.79,2,141.8,1,141.84,3,141.85,4,141.88,3,141.99,1,142.0,1
2025-04-10 09:37:28,141.625,141.75,1,141.5,10,141.75,3,141.75,141.5,141.5,10,,,,,,,,,,,,,,,,,,,141.75,3,141.77,9,141.79,2,141.8,1,141.84,3,141.85,4,141.88,3,141.99,1,142.0,1,142.01,1
2025-04-10 09:37:29,141.625,141.75,1,141.5,10,141.75,3,141.75,141.5,141.5,10,,,,,,,,,,,,,,,,,,,141.75,3,141.77,9,141.79,2,141.8,1,141.84,3,141.85,4,141.88,3,141.99,1,142.0,1,142.01,1
2025-04-10 09:37:30,141.625,141.75,1,141.5,10,141.75,3,141.75,141.5,141.5,10,,,,,,,,,,,,,,,,,,,141.75,3,141.77,9,141.79,2,141.8,1,141.84,3,141.85,4,141.88,3,141.99,1,142.0,1,142.01,1
2025-04-10 09:37:31,141.625,141.75,1,141.5,10,141.75,3,141.75,141.5,141.5,10,,,,,,,,,,,,,,,,,,,141.75,3,141.77,9,141.79,2,141.8,1,141.84,3,141.85,4,141.88,3,141.99,1,142.0,1,142.01,1
2025-04-10 09:37:32,141.625,141.75,1,141.5,10,141.75,3,141.75,141.5,141.5,10,,,,,,,,,,,,,,,,,,,141.75,3,141.77,9,141.79,2,141.8,1,141.84,3,141.85,4,141.88,3,141.99,1,142.0,1,142.01,1
2025-04-10 09:37:33,141.625,141.66,2,141.5,10,141.75,4,141.75,141.5,141.5,10,,,,,,,,,,,,,,,,,,,141.75,4,141.77,9,141.79,2,141.8,1,141.84,3,141.85,4,141.88,3,141.99,1,142.0,1,142.01,1
2025-04-10 09:37:34,141.52,141.44,1,141.42,3,141.62,4,141.62,141.42,141.42,3,,,,,,,,,,,,,,,,,,,141.62,4,141.63,1,141.74,1,141.75,5,141.77,9,141.79,2,141.8,1,141.84,3,141.85,4,141.88,3
2025-04-10 09:37:35,141.52,141.52,1,141.42,5,141.62,4,141.62,141.42,141.42,5,,,,,,,,,,,,,,,,,,,141.62,4,141.63,1,141.74,1,141.75,5,141.77,9,141.79,2,141.8,1,141.84,3,141.85,4,141.88,3
2025-04-10 09:37:36,141.52,141.52,1,141.42,5,141.62,4,141.62,141.42,141.42,5,,,,,,,,,,,,,,,,,,,141.62,4,141.63,1,141.74,1,141.75,5,141.77,9,141.79,2,141.8,1,141.84,3,141.85,4,141.88,3
2025-04-10 09:37:37,141.6,141.53,2,141.53,1,141.67,2,141.67,141.53,141.53,1,141.52,1,141.42,5,,,,,,,,,,,,,,,141.67,2,141.74,1,141.75,5,141.77,9,141.79,2,141.8,1,141.84,3,141.85,4,141.88,3,141.99,1
2025-04-10 09:37:38,141.6,141.53,2,141.53,1,141.67,2,141.67,141.53,141.53,1,141.52,1,141.42,5,,,,,,,,,,,,,,,141.67,2,141.74,1,141.75,5,141.77,9,141.79,2,141.8,1,141.84,3,141.85,4,141.88,3,141.99,1
2025-04-10 09:37:39,141.615,141.63,1,141.5,5,141.73,4,141.73,141.5,141.5,5,141.42,5,,,,,,,,,,,,,,,,,141.73,4,141.74,1,141.75,5,141.77,9,141.79,2,141.8,1,141.84,3,141.85,4,141.88,3,141.99,1
2025-04-10 09:37:40,141.615,141.63,1,141.5,5,141.73,4,141.73,141.5,141.5,5,141.42,5,,,,,,,,,,,,,,,,,141.73,4,141.74,1,141.75,5,141.77,9,141.79,2,141.8,1,141.84,3,141.85,4,141.88,3,141.99,1
2025-04-10 09:37:41,141.615,136.78,1,141.5,5,141.73,5,141.73,141.5,141.5,5,141.42,5,,,,,,,,,,,,,,,,,141.73,5,141.74,1,141.75,5,141.77,9,141.79,2,141.8,1,141.84,3,141.85,4,141.88,3,141.99,1
2025-04-10 09:37:42,141.615,141.62,1,141.5,5,141.73,5,141.73,141.5,141.5,5,141.42,5,,,,,,,,,,,,,,,,,141.73,5,141.74,1,141.75,5,141.77,9,141.79,2,141.8,1,141.84,3,141.85,4,141.88,3,141.99,1
2025-04-10 09:37:43,141.615,141.62,1,141.5,5,141.73,5,141.73,141.5,141.5,5,141.42,5,,,,,,,,,,,,,,,,,141.73,5,141.74,1,141.75,5,141.77,9,141.79,2,141.8,1,141.84,3,141.85,4,141.88,3,141.99,1
2025-04-10 09:37:44,141.615,141.62,1,141.5,5,141.73,5,141.73,141.5,141.5,5,141.42,5,,,,,,,,,,,,,,,,,141.73,5,141.74,1,141.75,5,141.77,9,141.79,2,141.8,1,141.84,3,141.85,4,141.88,3,141.99,1
2025-04-10 09:37:45,141.615,141.6,1,141.5,5,141.73,6,141.73,141.5,141.5,5,141.42,5,,,,,,,,,,,,,,,,,141.73,6,141.74,1,141.75,5,141.77,9,141.79,2,141.8,1,141.84,3,141.85,4,141.88,3,141.99,1
2025-04-10 09:37:46,141.615,141.6,1,141.5,5,141.73,6,141.73,141.5,141.5,5,141.42,5,,,,,,,,,,,,,,,,,141.73,6,141.74,1,141.75,5,141.77,9,141.79,2,141.8,1,141.84,3,141.85,4,141.88,3,141.99,1
2025-04-10 09:37:47,141.615,141.6,1,141.5,5,141.73,6,141.73,141.5,141.5,5,141.42,5,,,,,,,,,,,,,,,,,141.73,6,141.74,1,141.75,5,141.77,9,141.79,2,141.8,1,141.84,3,141.85,4,141.88,3,141.99,1
2025-04-10 09:37:48,141.615,141.62,1,141.5,5,141.73,7,141.73,141.5,141.5,5,141.42,5,,,,,,,,,,,,,,,,,141.73,7,141.74,1,141.75,5,141.77,9,141.79,2,141.8,1,141.84,3,141.85,4,141.88,3,141.99,1
2025-04-10 09:37:49,141.585,141.62,1,141.5,5,141.67,1,141.67,141.5,141.5,5,141.42,5,,,,,,,,,,,,,,,,,141.67,1,141.73,7,141.74,1,141.75,5,141.77,9,141.79,2,141.8,1,141.84,3,141.85,4,141.88,3
2025-04-10 09:37:50,141.585,141.59,1,141.5,5,141.67,1,141.67,141.5,141.5,5,141.42,5,,,,,,,,,,,,,,,,,141.67,1,141.73,7,141.74,1,141.75,5,141.77,9,141.79,2,141.8,1,141.84,3,141.85,4,141.88,3
2025-04-10 09:37:51,141.56,141.59,1,141.5,5,141.62,1,141.62,141.5,141.5,5,141.42,5,,,,,,,,,,,,,,,,,141.62,1,141.67,1,141.73,7,141.74,1,141.75,5,141.77,9,141.79,2,141.8,1,141.84,3,141.85,4
2025-04-10 09:37:52,141.49,141.5,1,141.42,3,141.56,1,141.56,141.42,141.42,3,,,,,,,,,,,,,,,,,,,141.56,1,141.61,3,141.62,4,141.67,1,141.73,7,141.74,1,141.75,5,141.77,9,141.79,2,141.8,1
2025-04-10 09:37:53,141.46,141.44,1,141.39,3,141.53,1,141.53,141.39,141.39,3,,,,,,,,,,,,,,,,,,,141.53,1,141.56,1,141.57,1,141.61,1,141.62,5,141.67,1,141.73,7,141.74,1,141.75,5,141.77,9
2025-04-10 09:37:54,141.46,141.44,1,141.39,3,141.53,1,141.53,141.39,141.39,3,,,,,,,,,,,,,,,,,,,141.53,1,141.54,1,141.56,1,141.57,1,141.61,1,141.62,5,141.67,1,141.73,7,141.74,1,141.75,5
2025-04-10 09:37:55,141.515,141.46,1,141.42,1,141.61,1,141.61,141.42,141.42,1,141.39,3,,,,,,,,,,,,,,,,,141.61,1,141.62,5,141.67,1,141.73,7,141.74,1,141.75,5,141.77,9,141.79,2,141.8,1,141.84,3
2025-04-10 09:37:56,141.49,141.48,1,141.37,3,141.61,1,141.61,141.37,141.37,3,,,,,,,,,,,,,,,,,,,141.61,1,141.62,5,141.67,1,141.73,7,141.74,1,141.75,5,141.77,9,141.79,2,141.8,1,141.84,3
2025-04-10 09:37:57,141.505,141.48,1,141.39,1,141.62,4,141.62,141.39,141.39,1,141.37,3,,,,,,,,,,,,,,,,,141.62,4,141.67,1,141.73,7,141.74,1,141.75,5,141.77,9,141.79,2,141.8,1,141.84,3,141.85,4
2025-04-10 09:37:58,141.495,141.48,1,141.37,3,141.62,4,141.62,141.37,141.37,3,,,,,,,,,,,,,,,,,,,141.62,4,141.67,1,141.73,7,141.74,1,141.75,5,141.77,9,141.79,2,141.8,1,141.84,3,141.85,4
2025-04-10 09:37:59,141.53,141.5,1,141.44,1,141.62,4,141.62,141.44,141.44,1,141.43,1,141.42,1,141.41,1,141.4,1,141.39,1,141.37,3,,,,,,,141.62,4,141.67,1,141.73,7,141.74,1,141.75,5,141.77,9,141.79,2,141.8,1,141.84,3,141.85,4
2025-04-10 09:38:00,141.505,141.5,1,141.39,1,141.62,4,141.62,141.39,141.39,1,141.37,3,,,,,,,,,,,,,,,,,141.62,4,141.67,1,141.73,7,141.74,1,141.75,5,141.77,9,141.79,2,141.8,1,141.84,3,141.85,4
2025-04-10 09:38:01,141.465,141.5,1,141.37,4,141.56,1,141.56,141.37,141.37,4,,,,,,,,,,,,,,,,,,,141.56,1,141.58,1,141.62,4,141.67,1,141.73,7,141.74,1,141.75,5,141.77,9,141.79,2,141.8,1
2025-04-10 09:38:02,141.465,141.5,1,141.37,4,141.56,1,141.56,141.37,141.37,4,,,,,,,,,,,,,,,,,,,141.56,1,141.58,1,141.62,4,141.67,1,141.73,7,141.74,1,141.75,5,141.77,9,141.79,2,141.8,1
2025-04-10 09:38:03,141.435,141.47,1,141.37,4,141.5,1,141.5,141.37,141.37,4,,,,,,,,,,,,,,,,,,,141.5,1,141.55,1,141.56,1,141.58,1,141.62,4,141.67,1,141.73,7,141.74,1,141.75,5,141.77,9
2025-04-10 09:38:04,141.46,141.39,1,141.37,4,141.55,4,141.55,141.37,141.37,4,,,,,,,,,,,,,,,,,,,141.55,4,141.56,1,141.58,1,141.62,4,141.67,1,141.73,7,141.74,1,141.75,5,141.77,9,141.79,2
2025-04-10 09:38:05,141.4,141.39,1,141.32,3,141.48,2,141.48,141.32,141.32,3,,,,,,,,,,,,,,,,,,,141.48,2,141.53,2,141.55,4,141.56,1,141.58,1,141.62,4,141.67,1,141.73,7,141.74,1,141.75,5
2025-04-10 09:38:06,141.39,141.39,1,141.3,3,141.48,2,141.48,141.3,141.3,3,,,,,,,,,,,,,,,,,,,141.48,2,141.53,2,141.55,4,141.56,1,141.58,1,141.62,4,141.67,1,141.73,7,141.74,1,141.75,5
2025-04-10 09:38:07,141.49,141.48,1,141.39,2,141.59,3,141.59,141.39,141.39,2,141.38,3,141.32,1,141.31,1,141.3,4,,,,,,,,,,,141.59,3,141.62,4,141.67,1,141.73,7,141.74,1,141.75,5,141.77,9,141.79,2,141.8,1,141.84,3
2025-04-10 09:38:08,141.5,141.56,20,141.39,5,141.61,1,141.61,141.39,141.39,5,141.38,3,141.32,1,141.31,1,141.3,4,,,,,,,,,,,141.61,1,141.62,4,141.67,1,141.73,7,141.74,1,141.75,5,141.77,9,141.79,2,141.8,1,141.84,3
2025-04-10 09:38:09,141.495,142.0,1,141.39,4,141.6,1,141.6,141.39,141.39,4,141.38,3,141.32,1,141.31,1,141.3,4,,,,,,,,,,,141.6,1,141.61,1,141.62,4,141.67,1,141.73,7,141.74,1,141.75,5,141.77,9,141.79,2,141.8,1
2025-04-10 09:38:10,141.57,142.0,1,141.47,2,141.67,2,141.67,141.47,141.47,2,141.44,4,141.41,1,141.4,2,141.39,4,141.38,3,141.32,1,141.31,1,141.3,4,,,141.67,2,141.73,7,141.74,1,141.75,5,141.77,9,141.79,2,141.8,1,141.84,3,141.85,4,141.88,3
2025-04-10 09:38:11,141.57,142.0,1,141.47,4,141.67,2,141.67,141.47,141.47,4,141.44,4,141.41,1,141.4,2,141.39,4,141.38,3,141.32,1,141.31,1,141.3,4,,,141.67,2,141.73,7,141.74,1,141.75,5,141.77,9,141.79,2,141.8,1,141.84,3,141.85,4,141.88,3
