sim_time,mid_price,last_price,last_size,best_bid_price,best_bid_size,best_ask_price,best_ask_size,close_price_buy,close_price_sell,bid1_price,bid1_size,bid2_price,bid2_size,bid3_price,bid3_size,bid4_price,bid4_size,bid5_price,bid5_size,bid6_price,bid6_size,bid7_price,bid7_size,bid8_price,bid8_size,bid9_price,bid9_size,bid10_price,bid10_size,ask1_price,ask1_size,ask2_price,ask2_size,ask3_price,ask3_size,ask4_price,ask4_size,ask5_price,ask5_size,ask6_price,ask6_size,ask7_price,ask7_size,ask8_price,ask8_size,ask9_price,ask9_size,ask10_price,ask10_size
2025-04-10 09:30:11,,0.0,0,0.0,0,0.0,0,0.0,0.0,,,,,,,,,,,,,,,,,,,,,,,,,,,,,,,,,,,,,,,,
2025-04-10 09:30:12,,0.0,0,0.0,0,0.0,0,0.0,0.0,,,,,,,,,,,,,,,,,,,,,,,,,,,,,,,,,,,,,,,,
2025-04-10 09:30:14,,0.0,0,0.0,0,0.0,0,0.0,0.0,,,,,,,,,,,,,,,,,,,,,,,,,,,,,,,,,,,,,,,,
2025-04-10 09:30:15,,0.0,0,0.0,0,0.0,0,0.0,0.0,,,,,,,,,,,,,,,,,,,,,,,,,,,,,,,,,,,,,,,,
2025-04-10 09:30:16,,0.0,0,0.0,0,0.0,0,0.0,0.0,,,,,,,,,,,,,,,,,,,,,,,,,,,,,,,,,,,,,,,,
2025-04-10 09:30:17,,0.0,0,0.0,0,0.0,0,0.0,0.0,,,,,,,,,,,,,,,,,,,,,,,,,,,,,,,,,,,,,,,,
2025-04-10 09:30:18,,0.0,0,0.0,0,0.0,0,0.0,0.0,,,,,,,,,,,,,,,,,,,,,,,,,,,,,,,,,,,,,,,,
2025-04-10 09:30:19,88.13,88.18,1,88.05,11,88.21,10,88.21,88.05,88.05,11,88.0,7,,,,,,,,,,,,,,,,,88.21,10,88.22,6,88.24,1,88.28,1,88.41,11,88.9,3,88.93,5,88.94,3,,,,
2025-04-10 09:30:20,88.13,88.07,2,88.05,11,88.21,10,88.21,88.05,88.05,11,88.0,7,,,,,,,,,,,,,,,,,88.21,10,88.22,6,88.24,1,88.28,1,88.41,11,88.9,3,88.93,5,88.94,3,,,,
2025-04-10 09:30:21,88.105,88.11,2,88.0,11,88.21,6,88.21,88.0,88.0,11,,,,,,,,,,,,,,,,,,,88.21,6,88.22,5,88.24,1,88.28,1,88.41,11,88.9,3,88.93,5,88.94,3,,,,
2025-04-10 09:30:22,88.105,88.11,2,88.0,12,88.21,6,88.21,88.0,88.0,12,,,,,,,,,,,,,,,,,,,88.21,6,88.22,5,88.24,1,88.28,1,88.41,11,88.9,3,88.93,5,88.94,3,,,,
2025-04-10 09:30:23,88.325,88.33,1,88.15,1,88.5,2,88.5,88.15,88.15,1,88.0,13,,,,,,,,,,,,,,,,,88.5,2,88.9,3,88.93,5,88.94,3,,,,,,,,,,,,
2025-04-10 09:30:24,88.345,88.37,1,88.19,5,88.5,2,88.5,88.19,88.19,5,88.0,13,,,,,,,,,,,,,,,,,88.5,2,88.9,3,88.93,5,88.94,3,,,,,,,,,,,,
2025-04-10 09:30:25,88.35,88.37,1,88.2,1,88.5,2,88.5,88.2,88.2,1,88.19,5,88.0,13,,,,,,,,,,,,,,,88.5,2,88.9,3,88.93,5,88.94,3,,,,,,,,,,,,
2025-04-10 09:30:26,88.35,88.37,1,88.2,2,88.5,1,88.5,88.2,88.2,2,88.19,5,88.0,13,,,,,,,,,,,,,,,88.5,1,88.9,3,88.93,5,88.94,3,,,,,,,,,,,,
2025-04-10 09:30:27,88.35,88.37,1,88.2,2,88.5,2,88.5,88.2,88.2,2,88.19,5,88.0,13,,,,,,,,,,,,,,,88.5,2,88.9,3,88.93,5,88.94,3,,,,,,,,,,,,
2025-04-10 09:30:28,88.55,88.55,1,88.4,7,88.7,3,88.7,88.4,88.4,7,88.34,2,88.2,3,88.19,5,88.0,13,,,,,,,,,,,88.7,3,88.9,3,88.93,5,88.94,3,,,,,,,,,,,,
2025-04-10 09:30:29,88.55,88.5,1,88.4,7,88.7,5,88.7,88.4,88.4,7,88.34,2,88.2,3,88.19,5,88.0,13,,,,,,,,,,,88.7,5,88.9,3,88.93,5,88.94,3,,,,,,,,,,,,
2025-04-10 09:30:30,88.55,88.61,4,88.4,7,88.7,5,88.7,88.4,88.4,7,88.34,2,88.2,3,88.19,5,88.0,13,,,,,,,,,,,88.7,5,88.9,3,88.93,5,88.94,3,,,,,,,,,,,,
2025-04-10 09:30:31,88.55,88.61,4,88.4,7,88.7,6,88.7,88.4,88.4,7,88.34,2,88.2,3,88.19,5,88.0,13,,,,,,,,,,,88.7,6,88.9,3,88.93,5,88.94,3,,,,,,,,,,,,
2025-04-10 09:30:32,88.55,88.55,1,88.4,9,88.7,6,88.7,88.4,88.4,9,88.34,2,88.2,3,88.19,5,88.0,13,,,,,,,,,,,88.7,6,88.9,3,88.93,5,88.94,3,,,,,,,,,,,,
2025-04-10 09:30:33,88.55,88.51,5,88.4,9,88.7,6,88.7,88.4,88.4,9,88.34,2,88.2,3,88.19,5,88.0,13,,,,,,,,,,,88.7,6,88.9,3,88.93,5,88.94,3,,,,,,,,,,,,
2025-04-10 09:30:34,88.56,88.56,1,88.42,10,88.7,6,88.7,88.42,88.42,10,88.4,9,88.34,2,88.2,3,88.19,5,88.0,13,,,,,,,,,88.7,6,88.9,3,88.93,5,88.94,3,,,,,,,,,,,,
2025-04-10 09:30:35,88.615,88.62,2,88.42,10,88.81,7,88.81,88.42,88.42,10,88.4,9,88.34,2,88.2,3,88.19,5,88.0,13,,,,,,,,,88.81,7,88.85,8,88.9,3,88.93,5,88.94,3,,,,,,,,,,
2025-04-10 09:30:36,88.615,88.62,2,88.42,10,88.81,6,88.81,88.42,88.42,10,88.4,9,88.34,2,88.2,3,88.19,5,88.0,13,,,,,,,,,88.81,6,88.85,8,88.9,3,88.93,5,88.94,3,,,,,,,,,,
2025-04-10 09:30:37,88.61,88.61,1,88.42,10,88.8,3,88.8,88.42,88.42,10,88.4,9,88.34,2,88.2,3,88.19,5,88.0,13,,,,,,,,,88.8,3,88.85,11,88.9,3,88.93,5,88.94,3,,,,,,,,,,
2025-04-10 09:30:38,88.61,88.61,1,88.42,10,88.8,3,88.8,88.42,88.42,10,88.4,9,88.34,2,88.2,3,88.19,5,88.0,13,,,,,,,,,88.8,3,88.85,11,88.9,3,88.93,5,88.94,3,,,,,,,,,,
2025-04-10 09:30:39,88.605,88.73,1,88.42,10,88.79,4,88.79,88.42,88.42,10,88.4,9,88.34,2,88.2,3,88.19,5,88.0,13,,,,,,,,,88.79,4,88.8,3,88.85,11,88.9,3,88.93,5,88.94,3,,,,,,,,
2025-04-10 09:30:40,88.605,88.73,1,88.42,10,88.79,7,88.79,88.42,88.42,10,88.4,9,88.34,2,88.2,3,88.19,5,88.0,13,,,,,,,,,88.79,7,88.8,3,88.85,11,88.9,3,88.93,5,88.94,3,,,,,,,,
2025-04-10 09:30:41,88.605,88.61,1,88.42,10,88.79,7,88.79,88.42,88.42,10,88.4,9,88.34,2,88.2,3,88.19,5,88.0,13,,,,,,,,,88.79,7,88.8,3,88.85,11,88.9,3,88.93,5,88.94,3,,,,,,,,
2025-04-10 09:30:42,88.605,88.61,1,88.42,10,88.79,7,88.79,88.42,88.42,10,88.4,9,88.34,2,88.2,3,88.19,5,88.0,13,,,,,,,,,88.79,7,88.8,3,88.85,11,88.9,3,88.93,5,88.94,3,,,,,,,,
2025-04-10 09:30:43,88.605,88.6,1,88.42,10,88.79,7,88.79,88.42,88.42,10,88.4,9,88.34,2,88.2,3,88.19,5,88.0,13,,,,,,,,,88.79,7,88.8,3,88.85,11,88.9,3,88.93,5,88.94,3,,,,,,,,
2025-04-10 09:30:44,88.605,88.61,1,88.42,10,88.79,7,88.79,88.42,88.42,10,88.4,9,88.34,2,88.2,3,88.19,5,88.0,13,,,,,,,,,88.79,7,88.8,3,88.85,11,88.9,3,88.93,5,88.94,3,,,,,,,,
2025-04-10 09:30:45,88.6,88.6,1,88.42,11,88.78,3,88.78,88.42,88.42,11,88.4,9,88.34,2,88.2,3,88.19,5,88.0,13,,,,,,,,,88.78,3,88.79,7,88.8,3,88.85,11,88.9,3,88.93,5,88.94,3,,,,,,
2025-04-10 09:30:46,88.6,88.6,1,88.42,11,88.78,3,88.78,88.42,88.42,11,88.4,9,88.34,2,88.2,3,88.19,5,88.0,13,,,,,,,,,88.78,3,88.79,7,88.8,3,88.85,11,88.9,3,88.93,5,88.94,3,,,,,,
2025-04-10 09:30:47,88.6,88.6,1,88.42,11,88.78,2,88.78,88.42,88.42,11,88.4,9,88.34,2,88.2,3,88.19,5,88.0,13,,,,,,,,,88.78,2,88.79,7,88.8,3,88.85,11,88.9,3,88.93,5,88.94,3,,,,,,
2025-04-10 09:30:48,88.6,88.6,1,88.42,11,88.78,2,88.78,88.42,88.42,11,88.4,9,88.34,2,88.2,3,88.19,5,88.0,13,,,,,,,,,88.78,2,88.79,7,88.8,3,88.85,11,88.9,3,88.93,5,88.94,3,,,,,,
2025-04-10 09:30:49,88.715,88.78,1,88.57,4,88.86,6,88.86,88.57,88.57,4,88.52,1,88.51,2,88.5,1,88.42,11,88.4,9,88.34,2,88.2,3,88.19,5,88.0,13,88.86,6,88.9,3,88.93,5,88.94,3,,,,,,,,,,,,
2025-04-10 09:30:50,88.71,88.78,1,88.57,4,88.85,2,88.85,88.57,88.57,4,88.52,1,88.51,2,88.5,1,88.42,11,88.4,9,88.34,2,88.2,3,88.19,5,88.0,13,88.85,2,88.86,6,88.9,3,88.93,5,88.94,3,,,,,,,,,,
2025-04-10 09:30:51,88.71,88.78,1,88.57,6,88.85,2,88.85,88.57,88.57,6,88.52,1,88.51,2,88.5,1,88.42,11,88.4,9,88.34,2,88.2,3,88.19,5,88.0,13,88.85,2,88.86,6,88.9,3,88.93,5,88.94,3,,,,,,,,,,
2025-04-10 09:30:52,88.71,88.83,1,88.57,6,88.85,2,88.85,88.57,88.57,6,88.52,1,88.51,2,88.5,1,88.42,11,88.4,9,88.34,2,88.2,3,88.19,5,88.0,13,88.85,2,88.86,6,88.9,3,88.93,5,88.94,3,,,,,,,,,,
2025-04-10 09:30:53,88.71,88.83,1,88.57,9,88.85,2,88.85,88.57,88.57,9,88.52,1,88.51,2,88.5,1,88.42,11,88.4,9,88.34,2,88.2,3,88.19,5,88.0,13,88.85,2,88.86,6,88.9,3,88.93,5,88.94,3,,,,,,,,,,
2025-04-10 09:30:54,88.71,88.84,2,88.57,9,88.85,2,88.85,88.57,88.57,9,88.52,1,88.51,2,88.5,1,88.42,11,88.4,9,88.34,2,88.2,3,88.19,5,88.0,13,88.85,2,88.86,6,88.9,3,88.93,5,88.94,3,,,,,,,,,,
2025-04-10 09:30:55,88.715,88.85,1,88.57,9,88.86,10,88.86,88.57,88.57,9,88.52,1,88.51,2,88.5,1,88.42,11,88.4,9,88.34,2,88.2,3,88.19,5,88.0,13,88.86,10,88.9,3,88.93,5,88.94,3,,,,,,,,,,,,
2025-04-10 09:30:56,88.71,88.84,1,88.57,9,88.85,9,88.85,88.57,88.57,9,88.52,1,88.51,2,88.5,1,88.42,11,88.4,9,88.34,2,88.2,3,88.19,5,88.0,13,88.85,9,88.86,10,88.9,3,88.93,5,88.94,3,,,,,,,,,,
2025-04-10 09:30:57,88.71,88.85,1,88.57,9,88.85,8,88.85,88.57,88.57,9,88.52,1,88.51,2,88.5,1,88.42,11,88.4,9,88.34,2,88.2,3,88.19,5,88.0,13,88.85,8,88.86,10,88.9,3,88.93,5,88.94,3,,,,,,,,,,
2025-04-10 09:30:58,88.71,88.71,5,88.57,9,88.85,8,88.85,88.57,88.57,9,88.52,1,88.51,2,88.5,1,88.42,11,88.4,9,88.34,2,88.2,3,88.19,5,88.0,13,88.85,8,88.86,10,88.9,3,88.93,5,88.94,3,,,,,,,,,,
2025-04-10 09:30:59,88.8,88.89,1,88.7,11,88.9,6,88.9,88.7,88.7,11,88.57,9,88.52,1,88.51,2,88.5,1,88.42,11,88.4,9,88.34,2,88.2,3,88.19,5,88.9,6,88.93,5,88.94,3,,,,,,,,,,,,,,
2025-04-10 09:31:00,88.87,88.9,1,88.74,5,89.0,32,89.0,88.74,88.74,5,88.7,11,88.57,9,88.52,1,88.51,2,88.5,1,88.42,11,88.4,9,88.34,2,88.2,3,89.0,32,,,,,,,,,,,,,,,,,,
2025-04-10 09:31:01,88.87,89.0,5,88.74,6,89.0,32,89.0,88.74,88.74,6,88.7,11,88.57,9,88.52,1,88.51,2,88.5,1,88.42,11,88.4,9,88.34,2,88.2,3,89.0,32,,,,,,,,,,,,,,,,,,
2025-04-10 09:31:02,88.87,89.0,5,88.74,6,89.0,32,89.0,88.74,88.74,6,88.7,11,88.57,9,88.52,1,88.51,2,88.5,1,88.42,11,88.4,9,88.34,2,88.2,3,89.0,32,,,,,,,,,,,,,,,,,,
2025-04-10 09:31:03,88.87,89.0,5,88.74,6,89.0,32,89.0,88.74,88.74,6,88.7,11,88.57,9,88.52,1,88.51,2,88.5,1,88.42,11,88.4,9,88.34,2,88.2,3,89.0,32,,,,,,,,,,,,,,,,,,
2025-04-10 09:31:04,88.935,88.94,1,88.87,2,89.0,2,89.0,88.87,88.87,2,88.83,1,88.8,1,88.74,9,88.7,11,88.57,9,88.52,1,88.51,2,88.5,1,88.42,11,89.0,2,89.1,2,,,,,,,,,,,,,,,,
2025-04-10 09:31:05,88.87,88.87,2,88.74,9,89.0,8,89.0,88.74,88.74,9,88.7,11,88.57,9,88.52,1,88.51,2,88.5,1,88.42,11,88.4,9,88.34,2,88.2,3,89.0,8,89.1,2,,,,,,,,,,,,,,,,
2025-04-10 09:31:06,88.87,88.87,2,88.74,9,89.0,9,89.0,88.74,88.74,9,88.7,11,88.57,9,88.52,1,88.51,2,88.5,1,88.42,11,88.4,9,88.34,2,88.2,3,89.0,9,89.1,2,,,,,,,,,,,,,,,,
2025-04-10 09:31:07,88.87,89.0,1,88.74,9,89.0,10,89.0,88.74,88.74,9,88.7,11,88.57,9,88.52,1,88.51,2,88.5,1,88.42,11,88.4,9,88.34,2,88.2,3,89.0,10,89.1,2,,,,,,,,,,,,,,,,
2025-04-10 09:31:08,88.87,89.0,1,88.74,9,89.0,10,89.0,88.74,88.74,9,88.7,11,88.57,9,88.52,1,88.51,2,88.5,1,88.42,11,88.4,9,88.34,2,88.2,3,89.0,10,89.1,2,,,,,,,,,,,,,,,,
2025-04-10 09:31:09,88.87,88.87,1,88.74,9,89.0,8,89.0,88.74,88.74,9,88.7,11,88.57,9,88.52,1,88.51,2,88.5,1,88.42,11,88.4,9,88.34,2,88.2,3,89.0,8,89.1,2,,,,,,,,,,,,,,,,
2025-04-10 09:31:10,88.87,88.87,1,88.74,9,89.0,8,89.0,88.74,88.74,9,88.7,11,88.57,9,88.52,1,88.51,2,88.5,1,88.42,11,88.4,9,88.34,2,88.2,3,89.0,8,89.1,2,,,,,,,,,,,,,,,,
2025-04-10 09:31:11,88.87,88.87,1,88.74,9,89.0,8,89.0,88.74,88.74,9,88.7,11,88.57,9,88.52,1,88.51,2,88.5,1,88.42,11,88.4,9,88.34,2,88.2,3,89.0,8,89.1,2,,,,,,,,,,,,,,,,
2025-04-10 09:31:12,88.87,88.87,1,88.74,9,89.0,8,89.0,88.74,88.74,9,88.7,11,88.57,9,88.52,1,88.51,2,88.5,1,88.42,11,88.4,9,88.34,2,88.2,3,89.0,8,89.1,2,,,,,,,,,,,,,,,,
2025-04-10 09:31:13,88.87,88.87,1,88.74,9,89.0,10,89.0,88.74,88.74,9,88.7,11,88.57,9,88.52,1,88.51,2,88.5,1,88.42,11,88.4,9,88.34,2,88.2,3,89.0,10,89.1,2,,,,,,,,,,,,,,,,
2025-04-10 09:31:14,88.87,88.87,3,88.74,9,89.0,10,89.0,88.74,88.74,9,88.7,11,88.57,9,88.52,1,88.51,2,88.5,1,88.42,11,88.4,9,88.34,2,88.2,3,89.0,10,89.1,2,,,,,,,,,,,,,,,,
2025-04-10 09:31:15,88.87,88.8,1,88.74,9,89.0,10,89.0,88.74,88.74,9,88.7,11,88.57,9,88.52,1,88.51,2,88.5,1,88.42,11,88.4,9,88.34,2,88.2,3,89.0,10,89.1,2,,,,,,,,,,,,,,,,
2025-04-10 09:31:16,88.87,88.8,1,88.74,9,89.0,10,89.0,88.74,88.74,9,88.7,11,88.57,9,88.52,1,88.51,2,88.5,1,88.42,11,88.4,9,88.34,2,88.2,3,89.0,10,89.1,2,,,,,,,,,,,,,,,,
2025-04-10 09:31:17,88.87,88.8,1,88.74,10,89.0,10,89.0,88.74,88.74,10,88.7,11,88.57,9,88.52,1,88.51,2,88.5,1,88.42,11,88.4,9,88.34,2,88.2,3,89.0,10,89.1,2,,,,,,,,,,,,,,,,
2025-04-10 09:31:18,88.9,88.8,1,88.8,11,89.0,10,89.0,88.8,88.8,11,88.74,10,88.7,11,88.57,9,88.52,1,88.51,2,88.5,1,88.42,11,88.4,9,88.34,2,89.0,10,89.1,2,,,,,,,,,,,,,,,,
2025-04-10 09:31:19,88.9,88.88,1,88.8,11,89.0,10,89.0,88.8,88.8,11,88.74,10,88.7,11,88.57,9,88.52,1,88.51,2,88.5,1,88.42,11,88.4,9,88.34,2,89.0,10,89.1,2,,,,,,,,,,,,,,,,
2025-04-10 09:31:20,88.9,88.88,1,88.8,11,89.0,10,89.0,88.8,88.8,11,88.74,10,88.7,11,88.57,9,88.52,1,88.51,2,88.5,1,88.42,11,88.4,9,88.34,2,89.0,10,89.1,2,,,,,,,,,,,,,,,,
2025-04-10 09:31:21,88.805,88.7,1,88.7,4,88.91,9,88.91,88.7,88.7,4,88.69,1,88.57,9,88.52,1,88.51,2,88.5,1,88.42,11,88.4,9,88.34,2,88.2,3,88.91,9,88.93,2,89.0,10,89.1,2,,,,,,,,,,,,
2025-04-10 09:31:22,88.72,88.8,1,88.65,4,88.79,5,88.79,88.65,88.65,4,88.57,9,88.52,1,88.51,2,88.5,1,88.42,11,88.4,9,88.34,2,88.2,3,88.19,5,88.79,5,88.91,8,88.93,2,89.0,10,89.1,2,,,,,,,,,,
2025-04-10 09:31:23,88.64,88.64,2,88.56,2,88.72,4,88.72,88.56,88.56,2,88.54,8,88.52,1,88.51,2,88.5,1,88.42,11,88.4,9,88.34,2,88.2,3,88.19,5,88.72,4,88.78,5,88.79,5,88.91,8,88.93,2,89.0,10,89.1,2,,,,,,
2025-04-10 09:31:24,88.6,88.56,1,88.48,1,88.72,4,88.72,88.48,88.48,1,88.42,11,88.4,9,88.34,2,88.2,3,88.19,5,88.0,13,,,,,,,88.72,4,88.78,5,88.79,5,88.91,8,88.93,2,89.0,10,89.1,2,,,,,,
2025-04-10 09:31:25,88.6,88.6,1,88.48,1,88.72,4,88.72,88.48,88.48,1,88.42,11,88.4,9,88.34,2,88.2,3,88.19,5,88.0,13,,,,,,,88.72,4,88.78,5,88.79,5,88.91,8,88.93,2,89.0,10,89.1,2,,,,,,
2025-04-10 09:31:26,88.6,88.6,1,88.48,1,88.72,6,88.72,88.48,88.48,1,88.42,11,88.4,9,88.34,2,88.2,3,88.19,5,88.0,13,,,,,,,88.72,6,88.78,5,88.79,5,88.91,8,88.93,2,89.0,10,89.1,2,,,,,,
2025-04-10 09:31:27,88.6,88.61,2,88.48,1,88.72,6,88.72,88.48,88.48,1,88.42,11,88.4,9,88.34,2,88.2,3,88.19,5,88.0,13,,,,,,,88.72,6,88.78,5,88.79,5,88.91,8,88.93,2,89.0,10,89.1,2,,,,,,
2025-04-10 09:31:28,88.6,88.61,2,88.48,1,88.72,6,88.72,88.48,88.48,1,88.42,11,88.4,9,88.34,2,88.2,3,88.19,5,88.0,13,,,,,,,88.72,6,88.78,5,88.79,5,88.91,8,88.93,2,89.0,10,89.1,2,,,,,,
2025-04-10 09:31:29,88.6,88.61,2,88.48,1,88.72,6,88.72,88.48,88.48,1,88.42,11,88.4,9,88.34,2,88.2,3,88.19,5,88.0,13,,,,,,,88.72,6,88.78,5,88.79,5,88.91,8,88.93,2,89.0,10,89.1,2,,,,,,
2025-04-10 09:31:30,88.6,88.61,2,88.48,1,88.72,6,88.72,88.48,88.48,1,88.42,11,88.4,9,88.34,2,88.2,3,88.19,5,88.0,13,,,,,,,88.72,6,88.78,5,88.79,5,88.91,8,88.93,2,89.0,10,89.1,2,,,,,,
2025-04-10 09:31:31,88.6,88.61,2,88.48,1,88.72,6,88.72,88.48,88.48,1,88.42,11,88.4,9,88.34,2,88.2,3,88.19,5,88.0,13,,,,,,,88.72,6,88.78,5,88.79,5,88.91,8,88.93,2,89.0,10,89.1,2,,,,,,
2025-04-10 09:31:32,88.6,88.6,1,88.48,1,88.72,6,88.72,88.48,88.48,1,88.42,11,88.4,9,88.34,2,88.2,3,88.19,5,88.0,13,,,,,,,88.72,6,88.78,5,88.79,5,88.91,8,88.93,2,89.0,10,89.1,2,,,,,,
2025-04-10 09:31:33,88.6,88.6,1,88.48,1,88.72,6,88.72,88.48,88.48,1,88.42,11,88.4,9,88.34,2,88.2,3,88.19,5,88.0,13,,,,,,,88.72,6,88.78,5,88.79,5,88.91,8,88.93,2,89.0,10,89.1,2,,,,,,
2025-04-10 09:31:34,88.6,88.59,1,88.48,1,88.72,6,88.72,88.48,88.48,1,88.42,11,88.4,9,88.34,2,88.2,3,88.19,5,88.0,13,,,,,,,88.72,6,88.78,5,88.79,5,88.91,8,88.93,2,89.0,10,89.1,2,,,,,,
2025-04-10 09:31:35,88.6,88.62,1,88.48,1,88.72,6,88.72,88.48,88.48,1,88.42,11,88.4,9,88.34,2,88.2,3,88.19,5,88.0,13,,,,,,,88.72,6,88.78,5,88.79,5,88.91,8,88.93,2,89.0,10,89.1,2,,,,,,
2025-04-10 09:31:36,88.6,88.62,1,88.48,1,88.72,7,88.72,88.48,88.48,1,88.42,11,88.4,9,88.34,2,88.2,3,88.19,5,88.0,13,,,,,,,88.72,7,88.78,5,88.79,5,88.91,8,88.93,2,89.0,10,89.1,2,,,,,,
2025-04-10 09:31:37,88.6,88.6,1,88.48,1,88.72,7,88.72,88.48,88.48,1,88.42,11,88.4,9,88.34,2,88.2,3,88.19,5,88.0,13,,,,,,,88.72,7,88.78,5,88.79,5,88.91,8,88.93,2,89.0,10,89.1,2,,,,,,
2025-04-10 09:31:38,88.595,88.6,1,88.47,4,88.72,7,88.72,88.47,88.47,4,88.42,11,88.4,9,88.34,2,88.2,3,88.19,5,88.0,13,,,,,,,88.72,7,88.78,5,88.79,5,88.91,8,88.93,2,89.0,10,89.1,2,,,,,,
2025-04-10 09:31:39,88.525,88.51,1,88.43,1,88.62,8,88.62,88.43,88.43,1,88.42,11,88.4,9,88.34,2,88.2,3,88.19,5,88.0,13,,,,,,,88.62,8,88.72,7,88.78,5,88.79,5,88.91,8,88.93,2,89.0,10,89.1,2,,,,
2025-04-10 09:31:40,88.44,88.44,2,88.26,6,88.62,9,88.62,88.26,88.26,6,88.2,3,88.19,5,88.0,13,,,,,,,,,,,,,88.62,9,88.72,7,88.78,5,88.79,5,88.91,8,88.93,2,89.0,10,89.1,2,,,,
2025-04-10 09:31:41,88.44,88.44,2,88.26,6,88.62,9,88.62,88.26,88.26,6,88.2,3,88.19,5,88.0,13,,,,,,,,,,,,,88.62,9,88.72,7,88.78,5,88.79,5,88.91,8,88.93,2,89.0,10,89.1,2,,,,
2025-04-10 09:31:42,88.44,88.44,2,88.26,7,88.62,8,88.62,88.26,88.26,7,88.2,3,88.19,5,88.0,13,,,,,,,,,,,,,88.62,8,88.72,7,88.78,5,88.79,5,88.91,8,88.93,2,89.0,10,89.1,2,,,,
2025-04-10 09:31:43,88.44,88.44,1,88.26,7,88.62,8,88.62,88.26,88.26,7,88.2,3,88.19,5,88.0,13,,,,,,,,,,,,,88.62,8,88.72,7,88.78,5,88.79,5,88.91,8,88.93,2,89.0,10,89.1,2,,,,
2025-04-10 09:31:44,88.385,88.38,1,88.27,2,88.5,2,88.5,88.27,88.27,2,88.26,2,88.2,3,88.19,5,88.0,13,,,,,,,,,,,88.5,2,88.62,7,88.72,7,88.78,5,88.79,5,88.91,8,88.93,2,89.0,10,89.1,2,,
2025-04-10 09:31:45,88.385,88.33,1,88.27,2,88.5,3,88.5,88.27,88.27,2,88.26,2,88.2,3,88.19,5,88.0,13,,,,,,,,,,,88.5,3,88.62,7,88.72,7,88.78,5,88.79,5,88.91,8,88.93,2,89.0,10,89.1,2,,
2025-04-10 09:31:46,88.335,88.29,1,88.17,2,88.5,5,88.5,88.17,88.17,2,88.16,3,88.0,13,,,,,,,,,,,,,,,88.5,5,88.62,7,88.72,7,88.78,5,88.79,5,88.91,8,88.93,2,89.0,10,89.1,2,,
2025-04-10 09:31:47,88.305,88.29,1,88.16,3,88.45,8,88.45,88.16,88.16,3,88.0,13,,,,,,,,,,,,,,,,,88.45,8,88.49,1,88.5,10,88.62,7,88.72,7,88.78,5,88.79,5,88.91,8,88.93,2,89.0,10
2025-04-10 09:31:48,88.305,88.45,7,88.16,3,88.45,8,88.45,88.16,88.16,3,88.0,13,,,,,,,,,,,,,,,,,88.45,8,88.49,1,88.5,10,88.62,7,88.72,7,88.78,5,88.79,5,88.91,8,88.93,2,89.0,10
2025-04-10 09:31:49,88.305,88.45,7,88.16,3,88.45,8,88.45,88.16,88.16,3,88.0,13,,,,,,,,,,,,,,,,,88.45,8,88.49,1,88.5,10,88.62,7,88.72,7,88.78,5,88.79,5,88.91,8,88.93,2,89.0,10
2025-04-10 09:31:50,88.305,88.45,7,88.16,4,88.45,8,88.45,88.16,88.16,4,88.0,13,,,,,,,,,,,,,,,,,88.45,8,88.49,1,88.5,10,88.62,7,88.72,7,88.78,5,88.79,5,88.91,8,88.93,2,89.0,10
2025-04-10 09:31:51,88.3,88.45,7,88.16,4,88.44,7,88.44,88.16,88.16,4,88.0,13,,,,,,,,,,,,,,,,,88.44,7,88.45,10,88.49,1,88.5,10,88.62,7,88.72,7,88.78,5,88.79,5,88.91,8,88.93,2
2025-04-10 09:31:52,88.3,88.45,7,88.16,4,88.44,7,88.44,88.16,88.16,4,88.0,13,,,,,,,,,,,,,,,,,88.44,7,88.45,10,88.49,1,88.5,10,88.62,7,88.72,7,88.78,5,88.79,5,88.91,8,88.93,2
2025-04-10 09:31:53,88.3,88.45,7,88.16,4,88.44,7,88.44,88.16,88.16,4,88.0,13,,,,,,,,,,,,,,,,,88.44,7,88.45,10,88.49,1,88.5,10,88.62,7,88.72,7,88.78,5,88.79,5,88.91,8,88.93,2
2025-04-10 09:31:54,88.3,88.45,7,88.16,4,88.44,7,88.44,88.16,88.16,4,88.0,13,,,,,,,,,,,,,,,,,88.44,7,88.45,10,88.49,1,88.5,10,88.62,7,88.72,7,88.78,5,88.79,5,88.91,8,88.93,2
2025-04-10 09:31:55,88.22,88.16,1,88.03,1,88.41,5,88.41,88.03,88.03,1,88.0,13,,,,,,,,,,,,,,,,,88.41,5,88.44,7,88.45,10,88.49,1,88.5,10,88.62,7,88.72,7,88.78,5,88.79,5,88.91,8
2025-04-10 09:31:56,88.225,88.23,1,88.04,3,88.41,8,88.41,88.04,88.04,3,88.03,3,88.0,13,,,,,,,,,,,,,,,88.41,8,88.44,7,88.45,10,88.49,1,88.5,10,88.62,7,88.72,7,88.78,5,88.79,5,88.91,8
2025-04-10 09:31:57,88.225,88.23,1,88.04,1,88.41,8,88.41,88.04,88.04,1,88.03,3,88.0,13,,,,,,,,,,,,,,,88.41,8,88.44,7,88.45,10,88.49,1,88.5,10,88.62,7,88.72,7,88.78,5,88.79,5,88.91,8
2025-04-10 09:31:58,88.225,88.23,1,88.04,1,88.41,8,88.41,88.04,88.04,1,88.03,3,88.0,13,,,,,,,,,,,,,,,88.41,8,88.44,7,88.45,10,88.49,1,88.5,10,88.62,7,88.72,7,88.78,5,88.79,5,88.91,8
2025-04-10 09:31:59,88.225,88.13,1,88.04,4,88.41,8,88.41,88.04,88.04,4,88.03,3,88.0,13,,,,,,,,,,,,,,,88.41,8,88.44,7,88.45,10,88.49,1,88.5,10,88.62,7,88.72,7,88.78,5,88.79,5,88.91,8
2025-04-10 09:32:00,88.225,88.08,2,88.04,4,88.41,8,88.41,88.04,88.04,4,88.03,3,88.0,13,,,,,,,,,,,,,,,88.41,8,88.44,7,88.45,10,88.49,1,88.5,10,88.62,7,88.72,7,88.78,5,88.79,5,88.91,8
2025-04-10 09:32:01,88.13,88.13,2,88.04,6,88.22,7,88.22,88.04,88.04,6,88.03,3,88.0,13,,,,,,,,,,,,,,,88.22,7,88.41,8,88.44,7,88.45,10,88.49,1,88.5,10,88.62,7,88.72,7,88.78,5,88.79,5
2025-04-10 09:32:02,88.185,88.11,1,88.1,2,88.27,2,88.27,88.1,88.1,2,88.04,6,88.03,3,88.0,13,,,,,,,,,,,,,88.27,2,88.41,8,88.44,7,88.45,10,88.49,1,88.5,10,88.62,7,88.72,7,88.78,5,88.79,5
2025-04-10 09:32:03,88.185,88.1,2,88.1,2,88.27,3,88.27,88.1,88.1,2,88.04,6,88.03,3,88.0,13,,,,,,,,,,,,,88.27,3,88.41,8,88.44,7,88.45,10,88.49,1,88.5,10,88.62,7,88.72,7,88.78,5,88.79,5
2025-04-10 09:32:04,88.21,88.21,1,88.15,1,88.27,2,88.27,88.15,88.15,1,88.11,1,88.09,3,88.04,7,88.03,3,88.0,13,,,,,,,,,88.27,2,88.41,8,88.44,7,88.45,10,88.49,1,88.5,10,88.62,7,88.72,7,88.78,5,88.79,5
2025-04-10 09:32:05,88.21,88.21,1,88.15,4,88.27,2,88.27,88.15,88.15,4,88.11,1,88.09,3,88.04,7,88.03,3,88.0,13,,,,,,,,,88.27,2,88.41,8,88.44,7,88.45,10,88.49,1,88.5,10,88.62,7,88.72,7,88.78,5,88.79,5
2025-04-10 09:32:06,88.32,88.32,1,88.24,2,88.4,1,88.4,88.24,88.24,2,88.22,1,88.15,4,88.11,1,88.09,3,88.04,7,88.03,3,88.0,13,,,,,88.4,1,88.41,7,88.44,7,88.45,10,88.49,1,88.5,10,88.62,7,88.72,7,88.78,5,88.79,5
2025-04-10 09:32:07,88.32,88.32,1,88.24,2,88.4,1,88.4,88.24,88.24,2,88.22,1,88.15,4,88.11,1,88.09,3,88.04,7,88.03,3,88.0,13,,,,,88.4,1,88.41,7,88.44,7,88.45,10,88.49,1,88.5,10,88.62,7,88.72,7,88.78,5,88.79,5
2025-04-10 09:32:08,88.32,88.32,1,88.24,2,88.4,1,88.4,88.24,88.24,2,88.22,1,88.15,4,88.11,1,88.09,3,88.04,7,88.03,3,88.0,13,,,,,88.4,1,88.41,7,88.44,7,88.45,10,88.49,1,88.5,10,88.62,7,88.72,7,88.78,5,88.79,5
2025-04-10 09:32:09,88.33,88.26,2,88.26,1,88.4,2,88.4,88.26,88.26,1,88.15,3,88.11,1,88.09,3,88.04,7,88.03,3,88.0,13,,,,,,,88.4,2,88.41,7,88.44,7,88.45,10,88.49,1,88.5,10,88.62,7,88.72,7,88.78,5,88.79,5
2025-04-10 09:32:10,88.33,88.4,1,88.26,1,88.4,2,88.4,88.26,88.26,1,88.15,3,88.11,1,88.09,3,88.04,7,88.03,3,88.0,13,,,,,,,88.4,2,88.41,7,88.44,7,88.45,10,88.49,1,88.5,10,88.62,7,88.72,7,88.78,5,88.79,5
2025-04-10 09:32:11,88.35,88.4,1,88.3,1,88.4,2,88.4,88.3,88.3,1,88.26,4,88.15,3,88.11,1,88.09,3,88.04,7,88.03,3,88.0,13,,,,,88.4,2,88.41,7,88.44,7,88.45,10,88.49,1,88.5,10,88.62,7,88.72,7,88.78,5,88.79,5
2025-04-10 09:32:12,88.35,88.4,1,88.3,1,88.4,2,88.4,88.3,88.3,1,88.26,4,88.15,3,88.11,1,88.09,3,88.04,7,88.03,3,88.0,13,,,,,88.4,2,88.41,7,88.44,7,88.45,10,88.49,1,88.5,10,88.62,7,88.72,7,88.78,5,88.79,5
2025-04-10 09:32:13,88.35,88.4,1,88.3,1,88.4,2,88.4,88.3,88.3,1,88.26,4,88.15,3,88.11,1,88.09,3,88.04,7,88.03,3,88.0,13,,,,,88.4,2,88.41,7,88.44,7,88.45,10,88.49,1,88.5,10,88.62,7,88.72,7,88.78,5,88.79,5
2025-04-10 09:32:14,88.32,88.4,1,88.26,3,88.38,1,88.38,88.26,88.26,3,88.15,3,88.11,1,88.09,3,88.04,7,88.03,3,88.0,13,,,,,,,88.38,1,88.4,5,88.41,7,88.44,7,88.45,10,88.49,1,88.5,10,88.62,7,88.72,7,88.78,5
2025-04-10 09:32:15,88.32,88.4,1,88.26,3,88.38,3,88.38,88.26,88.26,3,88.15,3,88.11,1,88.09,3,88.04,7,88.03,3,88.0,13,,,,,,,88.38,3,88.4,5,88.41,7,88.44,7,88.45,10,88.49,1,88.5,10,88.62,7,88.72,7,88.78,5
2025-04-10 09:32:16,88.235,88.24,2,88.09,9,88.38,42,88.38,88.09,88.09,9,88.04,7,88.03,3,88.0,13,,,,,,,,,,,,,88.38,42,88.4,5,88.41,7,88.44,7,88.45,10,88.49,1,88.5,10,88.62,7,88.72,7,88.78,5
2025-04-10 09:32:17,88.235,88.24,2,88.09,9,88.38,42,88.38,88.09,88.09,9,88.04,7,88.03,3,88.0,13,,,,,,,,,,,,,88.38,42,88.4,5,88.41,7,88.44,7,88.45,10,88.49,1,88.5,10,88.62,7,88.72,7,88.78,5
2025-04-10 09:32:18,88.235,88.24,2,88.09,9,88.38,42,88.38,88.09,88.09,9,88.04,7,88.03,3,88.0,13,,,,,,,,,,,,,88.38,42,88.4,5,88.41,7,88.44,7,88.45,10,88.49,1,88.5,10,88.62,7,88.72,7,88.78,5
2025-04-10 09:32:19,88.235,88.24,1,88.09,9,88.38,43,88.38,88.09,88.09,9,88.04,7,88.03,3,88.0,13,,,,,,,,,,,,,88.38,43,88.4,5,88.41,7,88.44,7,88.45,10,88.49,1,88.5,10,88.62,7,88.72,7,88.78,5
2025-04-10 09:32:20,88.24,88.24,1,88.1,2,88.38,43,88.38,88.1,88.1,2,88.09,7,88.04,7,88.03,3,88.0,13,,,,,,,,,,,88.38,43,88.4,5,88.41,7,88.44,7,88.45,10,88.49,1,88.5,10,88.62,7,88.72,7,88.78,5
2025-04-10 09:32:21,88.49,88.48,2,88.45,3,88.53,7,88.53,88.45,88.45,3,88.42,1,88.41,2,88.4,1,88.32,1,88.31,1,88.25,1,88.24,2,88.2,1,88.1,5,88.53,7,88.62,7,88.72,7,88.78,5,88.79,5,88.91,8,88.93,2,89.0,10,89.1,2,,
2025-04-10 09:32:22,88.49,88.45,2,88.45,4,88.53,7,88.53,88.45,88.45,4,88.42,1,88.41,2,88.4,1,88.32,1,88.31,1,88.25,1,88.24,2,88.2,1,88.1,5,88.53,7,88.62,7,88.72,7,88.78,5,88.79,5,88.91,8,88.93,2,89.0,10,89.1,2,,
2025-04-10 09:32:23,88.5,88.44,1,88.42,1,88.58,5,88.58,88.42,88.42,1,88.41,2,88.4,1,88.32,1,88.31,1,88.25,1,88.24,2,88.2,1,88.1,5,88.09,7,88.58,5,88.62,7,88.72,7,88.78,5,88.79,5,88.91,8,88.93,2,89.0,10,89.1,2,,
2025-04-10 09:32:24,88.41,88.42,1,88.24,3,88.58,5,88.58,88.24,88.24,3,88.2,2,88.19,6,88.1,5,88.09,7,88.04,7,88.03,3,88.0,13,,,,,88.58,5,88.62,7,88.72,7,88.78,5,88.79,5,88.91,8,88.93,2,89.0,10,89.1,2,,
2025-04-10 09:32:25,88.405,88.41,1,88.24,3,88.57,3,88.57,88.24,88.24,3,88.2,2,88.19,6,88.1,5,88.09,7,88.04,7,88.03,3,88.0,13,,,,,88.57,3,88.58,5,88.62,7,88.72,7,88.78,5,88.79,5,88.91,8,88.93,2,89.0,10,89.1,2
2025-04-10 09:32:26,88.405,88.41,1,88.24,3,88.57,3,88.57,88.24,88.24,3,88.2,2,88.19,6,88.1,5,88.09,7,88.04,7,88.03,3,88.0,13,,,,,88.57,3,88.58,5,88.62,7,88.72,7,88.78,5,88.79,5,88.91,8,88.93,2,89.0,10,89.1,2
2025-04-10 09:32:27,88.405,88.27,1,88.24,3,88.57,10,88.57,88.24,88.24,3,88.2,2,88.19,6,88.1,5,88.09,7,88.04,7,88.03,3,88.0,13,,,,,88.57,10,88.58,5,88.62,7,88.72,7,88.78,5,88.79,5,88.91,8,88.93,2,89.0,10,89.1,2
2025-04-10 09:32:28,88.405,88.27,1,88.24,3,88.57,10,88.57,88.24,88.24,3,88.2,2,88.19,6,88.1,5,88.09,7,88.04,7,88.03,3,88.0,13,,,,,88.57,10,88.58,5,88.62,7,88.72,7,88.78,5,88.79,5,88.91,8,88.93,2,89.0,10,89.1,2
2025-04-10 09:32:29,88.425,88.27,1,88.28,1,88.57,10,88.57,88.28,88.28,1,88.24,3,88.2,2,88.19,6,88.1,5,88.09,7,88.04,7,88.03,3,88.0,13,,,88.57,10,88.58,5,88.62,7,88.72,7,88.78,5,88.79,5,88.91,8,88.93,2,89.0,10,89.1,2
2025-04-10 09:32:30,88.425,88.27,1,88.28,1,88.57,9,88.57,88.28,88.28,1,88.24,3,88.2,2,88.19,6,88.1,5,88.09,7,88.04,7,88.03,3,88.0,13,,,88.57,9,88.58,5,88.62,7,88.72,7,88.78,5,88.79,5,88.91,8,88.93,2,89.0,10,89.1,2
2025-04-10 09:32:31,88.425,88.27,1,88.28,1,88.57,9,88.57,88.28,88.28,1,88.24,3,88.2,2,88.19,6,88.1,5,88.09,7,88.04,7,88.03,3,88.0,13,,,88.57,9,88.58,5,88.62,7,88.72,7,88.78,5,88.79,5,88.91,8,88.93,2,89.0,10,89.1,2
2025-04-10 09:32:32,88.425,88.37,6,88.28,1,88.57,10,88.57,88.28,88.28,1,88.17,3,88.1,5,88.09,7,88.04,7,88.03,3,88.0,13,,,,,,,88.57,10,88.58,5,88.62,7,88.72,7,88.78,5,88.79,5,88.91,8,88.93,2,89.0,10,89.1,2
2025-04-10 09:32:33,88.485,88.49,1,88.4,1,88.57,10,88.57,88.4,88.4,1,88.28,1,88.17,3,88.1,5,88.09,7,88.04,7,88.03,3,88.0,13,,,,,88.57,10,88.58,5,88.62,7,88.72,7,88.78,5,88.79,5,88.91,8,88.93,2,89.0,10,89.1,2
2025-04-10 09:32:34,88.425,88.32,1,88.28,3,88.57,7,88.57,88.28,88.28,3,88.17,3,88.1,5,88.09,7,88.04,7,88.03,3,88.0,13,,,,,,,88.57,7,88.58,5,88.62,7,88.72,7,88.78,5,88.79,5,88.91,8,88.93,2,89.0,10,89.1,2
2025-04-10 09:32:35,88.42,88.42,1,88.28,3,88.56,9,88.56,88.28,88.28,3,88.17,3,88.1,5,88.09,7,88.04,7,88.03,3,88.0,13,,,,,,,88.56,9,88.57,8,88.58,5,88.62,7,88.72,7,88.78,5,88.79,5,88.91,8,88.93,2,89.0,10
2025-04-10 09:32:36,88.415,88.42,2,88.28,3,88.55,2,88.55,88.28,88.28,3,88.17,3,88.1,5,88.09,7,88.04,7,88.03,3,88.0,13,,,,,,,88.55,2,88.56,9,88.57,8,88.58,5,88.62,7,88.72,7,88.78,5,88.79,5,88.91,8,88.93,2
2025-04-10 09:32:37,88.415,88.42,2,88.28,3,88.55,2,88.55,88.28,88.28,3,88.17,3,88.1,5,88.09,7,88.04,7,88.03,3,88.0,13,,,,,,,88.55,2,88.56,9,88.57,8,88.58,5,88.62,7,88.72,7,88.78,5,88.79,5,88.91,8,88.93,2
2025-04-10 09:32:38,88.485,88.54,1,88.42,3,88.55,2,88.55,88.42,88.42,3,88.28,3,88.17,3,88.1,5,88.09,7,88.04,7,88.03,3,88.0,13,,,,,88.55,2,88.56,9,88.57,8,88.58,5,88.62,7,88.72,7,88.78,5,88.79,5,88.91,8,88.93,2
2025-04-10 09:32:39,88.485,88.43,1,88.42,3,88.55,2,88.55,88.42,88.42,3,88.28,3,88.17,3,88.1,5,88.09,7,88.04,7,88.03,3,88.0,13,,,,,88.55,2,88.56,9,88.57,8,88.58,5,88.62,7,88.72,7,88.78,5,88.79,5,88.91,8,88.93,2
2025-04-10 09:32:40,88.46,88.46,2,88.37,1,88.55,5,88.55,88.37,88.37,1,88.28,3,88.17,3,88.1,5,88.09,7,88.04,7,88.03,3,88.0,13,,,,,88.55,5,88.56,9,88.57,8,88.58,5,88.62,7,88.72,7,88.78,5,88.79,5,88.91,8,88.93,2
2025-04-10 09:32:41,88.46,88.46,2,88.37,1,88.55,5,88.55,88.37,88.37,1,88.28,3,88.17,3,88.1,5,88.09,7,88.04,7,88.03,3,88.0,13,,,,,88.55,5,88.56,9,88.57,8,88.58,5,88.62,7,88.72,7,88.78,5,88.79,5,88.91,8,88.93,2
2025-04-10 09:32:42,88.46,88.46,5,88.37,1,88.55,3,88.55,88.37,88.37,1,88.28,3,88.17,3,88.1,5,88.09,7,88.04,7,88.03,3,88.0,13,,,,,88.55,3,88.56,9,88.57,8,88.58,5,88.62,7,88.72,7,88.78,5,88.79,5,88.91,8,88.93,2
2025-04-10 09:32:43,88.53,88.62,1,88.44,1,88.62,6,88.62,88.44,88.44,1,88.37,4,88.28,3,88.17,3,88.1,5,88.09,7,88.04,7,88.03,3,88.0,13,,,88.62,6,88.72,7,88.78,5,88.79,5,88.91,8,88.93,2,89.0,10,89.1,2,,,,
2025-04-10 09:32:44,88.53,88.62,1,88.44,1,88.62,6,88.62,88.44,88.44,1,88.37,4,88.28,3,88.17,3,88.1,5,88.09,7,88.04,7,88.03,3,88.0,13,,,88.62,6,88.72,7,88.78,5,88.79,5,88.91,8,88.93,2,89.0,10,89.1,2,,,,
2025-04-10 09:32:45,88.53,88.62,1,88.44,1,88.62,6,88.62,88.44,88.44,1,88.37,4,88.28,3,88.17,3,88.1,5,88.09,7,88.04,7,88.03,3,88.0,13,,,88.62,6,88.72,7,88.78,5,88.79,5,88.91,8,88.93,2,89.0,10,89.1,2,,,,
2025-04-10 09:32:46,88.555,88.66,1,88.44,1,88.67,4,88.67,88.44,88.44,1,88.37,4,88.28,3,88.17,3,88.1,5,88.09,7,88.04,7,88.03,3,88.0,13,,,88.67,4,88.72,7,88.78,5,88.79,5,88.91,8,88.93,2,89.0,10,89.1,2,,,,
2025-04-10 09:32:47,88.555,88.66,1,88.44,1,88.67,6,88.67,88.44,88.44,1,88.37,4,88.28,3,88.17,3,88.1,5,88.09,7,88.04,7,88.03,3,88.0,13,,,88.67,6,88.72,7,88.78,5,88.79,5,88.91,8,88.93,2,89.0,10,89.1,2,,,,
2025-04-10 09:32:48,88.685,88.67,2,88.45,4,88.92,9,88.92,88.45,88.45,4,88.44,1,88.37,4,88.28,3,88.17,3,88.1,5,88.09,7,88.04,7,88.03,3,88.0,13,88.92,9,88.93,2,89.0,10,89.1,2,,,,,,,,,,,,
2025-04-10 09:32:49,88.71,88.69,2,88.45,4,88.97,5,88.97,88.45,88.45,4,88.44,1,88.37,4,88.28,3,88.17,3,88.1,5,88.09,7,88.04,7,88.03,3,88.0,13,88.97,5,88.98,9,89.0,10,89.1,2,,,,,,,,,,,,
2025-04-10 09:32:50,88.745,88.64,2,88.52,4,88.97,4,88.97,88.52,88.52,4,88.45,4,88.44,1,88.37,4,88.28,3,88.17,3,88.1,5,88.09,7,88.04,7,88.03,3,88.97,4,88.98,9,89.0,10,89.1,2,,,,,,,,,,,,
2025-04-10 09:32:51,88.775,88.64,2,88.58,1,88.97,4,88.97,88.52,88.58,1,88.52,6,88.45,4,88.44,1,88.37,4,88.28,3,88.17,3,88.1,5,88.09,7,88.04,7,88.97,4,88.98,9,89.0,10,89.1,2,,,,,,,,,,,,
2025-04-10 09:32:52,88.745,88.64,2,88.52,6,88.97,4,88.97,88.52,88.52,6,88.45,4,88.44,1,88.37,4,88.28,3,88.17,3,88.1,5,88.09,7,88.04,7,88.03,3,88.97,4,88.98,9,89.0,10,89.1,2,,,,,,,,,,,,
2025-04-10 09:32:53,88.745,88.64,2,88.52,6,88.97,4,88.97,88.52,88.52,6,88.45,4,88.44,1,88.37,4,88.28,3,88.17,3,88.1,5,88.09,7,88.04,7,88.03,3,88.97,4,88.98,9,89.0,10,89.1,2,,,,,,,,,,,,
2025-04-10 09:32:54,88.775,88.89,1,88.58,1,88.97,5,88.97,88.58,88.58,1,88.52,6,88.45,4,88.44,1,88.37,4,88.28,3,88.17,3,88.1,5,88.09,7,88.04,7,88.97,5,88.98,9,89.0,10,89.1,2,,,,,,,,,,,,
2025-04-10 09:32:55,88.75,88.89,1,88.58,2,88.92,3,88.92,88.58,88.58,2,88.52,6,88.45,4,88.44,1,88.37,4,88.28,3,88.17,3,88.1,5,88.09,7,88.04,7,88.92,3,88.97,4,88.98,9,89.0,10,89.1,2,,,,,,,,,,
2025-04-10 09:32:56,88.75,88.8,1,88.58,6,88.92,4,88.92,88.58,88.58,6,88.52,6,88.45,4,88.44,1,88.37,4,88.28,3,88.17,3,88.1,5,88.09,7,88.04,7,88.92,4,88.97,4,88.98,9,89.0,10,89.1,2,,,,,,,,,,
2025-04-10 09:32:57,88.745,88.66,1,88.58,6,88.91,4,88.91,88.58,88.58,6,88.52,6,88.45,4,88.44,1,88.37,4,88.28,3,88.17,3,88.1,5,88.09,7,88.04,7,88.91,4,88.92,4,88.97,4,88.98,9,89.0,10,89.1,2,,,,,,,,
2025-04-10 09:32:58,88.745,88.66,1,88.58,6,88.91,5,88.91,88.58,88.58,6,88.52,6,88.45,4,88.44,1,88.37,4,88.28,3,88.17,3,88.1,5,88.09,7,88.04,7,88.91,5,88.92,4,88.97,4,88.98,9,89.0,10,89.1,2,,,,,,,,
2025-04-10 09:32:59,88.745,88.66,1,88.58,6,88.91,4,88.91,88.58,88.58,6,88.52,6,88.45,4,88.44,1,88.37,4,88.28,3,88.17,3,88.1,5,88.09,7,88.04,7,88.91,4,88.92,4,88.97,4,88.98,9,89.0,10,89.1,2,,,,,,,,
2025-04-10 09:33:00,88.745,88.66,1,88.58,6,88.91,4,88.91,88.58,88.58,6,88.52,6,88.45,4,88.44,1,88.37,4,88.28,3,88.17,3,88.1,5,88.09,7,88.04,7,88.91,4,88.92,4,88.97,4,88.98,9,89.0,10,89.1,2,,,,,,,,
2025-04-10 09:33:01,88.745,88.75,1,88.58,6,88.91,4,88.91,88.58,88.58,6,88.52,6,88.45,4,88.44,1,88.37,4,88.28,3,88.17,3,88.1,5,88.09,7,88.04,7,88.91,4,88.92,4,88.97,4,88.98,9,89.0,10,89.1,2,,,,,,,,
2025-04-10 09:33:02,88.745,88.75,1,88.58,5,88.91,5,88.91,88.58,88.58,5,88.52,6,88.45,4,88.44,1,88.37,4,88.28,3,88.17,3,88.1,5,88.09,7,88.04,7,88.91,5,88.92,4,88.97,4,88.98,9,89.0,10,89.1,2,,,,,,,,
2025-04-10 09:33:03,88.745,88.75,1,88.58,5,88.91,5,88.91,88.58,88.58,5,88.52,6,88.45,4,88.44,1,88.37,4,88.28,3,88.17,3,88.1,5,88.09,7,88.04,7,88.91,5,88.92,4,88.97,4,88.98,9,89.0,10,89.1,2,,,,,,,,
2025-04-10 09:33:04,88.745,88.75,7,88.58,5,88.91,5,88.91,88.58,88.58,5,88.52,6,88.45,4,88.44,1,88.37,4,88.28,3,88.17,3,88.1,5,88.09,7,88.04,7,88.91,5,88.92,4,88.97,4,88.98,9,89.0,10,89.1,2,,,,,,,,
2025-04-10 09:33:05,88.51,88.56,2,88.45,8,88.57,3,88.57,88.45,88.45,8,88.44,1,88.37,4,88.28,3,88.17,3,88.1,5,88.09,7,88.04,7,88.03,3,88.0,13,88.57,3,88.58,1,88.59,2,88.75,1,88.85,1,88.91,5,88.92,4,88.97,4,88.98,9,89.0,10
2025-04-10 09:33:06,88.435,88.45,8,88.3,3,88.57,6,88.57,88.3,88.3,3,88.28,3,88.17,3,88.1,5,88.09,7,88.04,7,88.03,3,88.0,13,,,,,88.57,6,88.58,1,88.59,2,88.75,1,88.85,1,88.91,5,88.92,4,88.97,4,88.98,9,89.0,10
2025-04-10 09:33:07,88.435,88.45,8,88.3,3,88.57,9,88.57,88.3,88.3,3,88.28,3,88.17,3,88.1,5,88.09,7,88.04,7,88.03,3,88.0,13,,,,,88.57,9,88.58,1,88.59,2,88.75,1,88.85,1,88.91,5,88.92,4,88.97,4,88.98,9,89.0,10
2025-04-10 09:33:08,88.435,88.45,8,88.3,3,88.57,10,88.57,88.3,88.3,3,88.28,3,88.17,3,88.1,5,88.09,7,88.04,7,88.03,3,88.0,13,,,,,88.57,10,88.58,1,88.59,2,88.75,1,88.85,1,88.91,5,88.92,4,88.97,4,88.98,9,89.0,10
2025-04-10 09:33:09,88.435,88.45,8,88.3,3,88.57,10,88.57,88.3,88.3,3,88.28,3,88.17,3,88.1,5,88.09,7,88.04,7,88.03,3,88.0,13,,,,,88.57,10,88.58,1,88.59,2,88.75,1,88.85,1,88.91,5,88.92,4,88.97,4,88.98,9,89.0,10
2025-04-10 09:33:10,88.435,88.3,1,88.3,3,88.57,10,88.57,88.3,88.3,3,88.28,3,88.17,3,88.1,5,88.09,7,88.04,7,88.03,3,88.0,13,,,,,88.57,10,88.58,1,88.59,2,88.75,1,88.85,1,88.91,5,88.92,4,88.97,4,88.98,9,89.0,10
2025-04-10 09:33:11,88.435,88.3,1,88.3,3,88.57,10,88.57,88.3,88.3,3,88.28,3,88.17,3,88.1,5,88.09,7,88.04,7,88.03,3,88.0,13,,,,,88.57,10,88.58,1,88.59,2,88.75,1,88.85,1,88.91,5,88.92,4,88.97,4,88.98,9,89.0,10
2025-04-10 09:33:12,88.435,88.4,1,88.3,5,88.57,7,88.57,88.3,88.3,5,88.28,3,88.17,3,88.1,5,88.09,7,88.04,7,88.03,3,88.0,13,,,,,88.57,7,88.58,1,88.59,2,88.75,1,88.85,1,88.91,5,88.92,4,88.97,4,88.98,9,89.0,10
2025-04-10 09:33:13,88.435,88.4,1,88.3,5,88.57,6,88.57,88.3,88.3,5,88.28,3,88.17,3,88.1,5,88.09,7,88.04,7,88.03,3,88.0,13,,,,,88.57,6,88.58,1,88.59,2,88.75,1,88.85,1,88.91,5,88.92,4,88.97,4,88.98,9,89.0,10
2025-04-10 09:33:14,88.45,88.45,1,88.33,1,88.57,5,88.57,88.33,88.33,1,88.3,5,88.28,3,88.17,3,88.1,5,88.09,7,88.04,7,88.03,3,88.0,13,,,88.57,5,88.58,1,88.59,2,88.75,1,88.85,1,88.91,5,88.92,4,88.97,4,88.98,9,89.0,10
2025-04-10 09:33:15,88.45,88.45,1,88.33,2,88.57,5,88.57,88.33,88.33,2,88.3,5,88.28,3,88.17,3,88.1,5,88.09,7,88.04,7,88.03,3,88.0,13,,,88.57,5,88.58,1,88.59,2,88.75,1,88.85,1,88.91,5,88.92,4,88.97,4,88.98,9,89.0,10
2025-04-10 09:33:16,88.405,88.48,1,88.31,6,88.5,2,88.5,88.31,88.31,6,88.3,5,88.28,3,88.17,3,88.1,5,88.09,7,88.04,7,88.03,3,88.0,13,,,88.5,2,88.57,5,88.58,1,88.59,2,88.75,1,88.85,1,88.91,5,88.92,4,88.97,4,88.98,9
2025-04-10 09:33:17,88.47,88.47,1,88.33,4,88.61,4,88.61,88.33,88.33,4,88.31,6,88.3,5,88.28,3,88.17,3,88.1,5,88.09,7,88.04,7,88.03,3,88.0,13,88.61,4,88.62,5,88.75,1,88.85,1,88.91,5,88.92,4,88.97,4,88.98,9,89.0,10,89.1,2
2025-04-10 09:33:18,88.47,88.47,2,88.33,5,88.61,4,88.61,88.33,88.33,5,88.31,6,88.3,5,88.28,3,88.17,3,88.1,5,88.09,7,88.04,7,88.03,3,88.0,13,88.61,4,88.62,5,88.75,1,88.85,1,88.91,5,88.92,4,88.97,4,88.98,9,89.0,10,89.1,2
2025-04-10 09:33:19,88.47,88.5,1,88.33,4,88.61,5,88.61,88.33,88.33,4,88.31,6,88.3,5,88.28,3,88.17,3,88.1,5,88.09,7,88.04,7,88.03,3,88.0,13,88.61,5,88.62,5,88.75,1,88.85,1,88.91,5,88.92,4,88.97,4,88.98,9,89.0,10,89.1,2
2025-04-10 09:33:20,88.475,88.48,2,88.34,3,88.61,3,88.61,88.34,88.34,3,88.33,4,88.31,6,88.3,5,88.28,3,88.17,3,88.1,5,88.09,7,88.04,7,88.03,3,88.61,3,88.62,5,88.75,1,88.85,1,88.91,5,88.92,4,88.97,4,88.98,9,89.0,10,89.1,2
2025-04-10 09:33:21,88.52,88.52,1,88.43,1,88.61,5,88.61,88.43,88.43,1,88.34,4,88.33,4,88.31,6,88.3,5,88.28,3,88.17,3,88.1,5,88.09,7,88.04,7,88.61,5,88.62,5,88.75,1,88.85,1,88.91,5,88.92,4,88.97,4,88.98,9,89.0,10,89.1,2
2025-04-10 09:33:22,88.52,88.52,5,88.43,1,88.61,5,88.61,88.43,88.43,1,88.34,4,88.33,4,88.31,6,88.3,5,88.28,3,88.17,3,88.1,5,88.09,7,88.04,7,88.61,5,88.62,5,88.75,1,88.85,1,88.91,5,88.92,4,88.97,4,88.98,9,89.0,10,89.1,2
2025-04-10 09:33:23,88.52,88.45,3,88.43,1,88.61,4,88.61,88.43,88.43,1,88.34,4,88.33,4,88.31,6,88.3,5,88.28,3,88.17,3,88.1,5,88.09,7,88.04,7,88.61,4,88.62,5,88.75,1,88.85,1,88.91,5,88.92,4,88.97,4,88.98,9,89.0,10,89.1,2
2025-04-10 09:33:24,88.72,88.71,2,88.65,2,88.79,12,88.79,88.65,88.65,2,88.62,1,88.61,1,88.56,3,88.52,1,88.5,1,88.49,1,88.43,1,88.34,4,88.33,4,88.79,12,88.85,1,88.91,5,88.92,4,88.97,4,88.98,9,89.0,10,89.1,2,,,,
2025-04-10 09:33:25,88.61,88.6,1,88.43,9,88.79,12,88.79,88.43,88.43,9,88.34,4,88.33,4,88.31,6,88.3,5,88.28,3,88.17,3,88.1,5,88.09,7,88.04,7,88.79,12,88.85,1,88.91,5,88.92,4,88.97,4,88.98,9,89.0,10,89.1,2,,,,
2025-04-10 09:33:26,88.61,88.59,1,88.43,12,88.79,12,88.79,88.43,88.43,12,88.34,4,88.33,4,88.31,6,88.3,5,88.28,3,88.17,3,88.1,5,88.09,7,88.04,7,88.79,12,88.85,1,88.91,5,88.92,4,88.97,4,88.98,9,89.0,10,89.1,2,,,,
2025-04-10 09:33:27,88.61,88.59,1,88.43,12,88.79,12,88.79,88.43,88.43,12,88.34,4,88.33,4,88.31,6,88.3,5,88.28,3,88.17,3,88.1,5,88.09,7,88.04,7,88.79,12,88.85,1,88.91,5,88.92,4,88.97,4,88.98,9,89.0,10,89.1,2,,,,
2025-04-10 09:33:28,88.61,88.59,1,88.43,12,88.79,13,88.79,88.43,88.43,12,88.34,4,88.33,4,88.31,6,88.3,5,88.28,3,88.17,3,88.1,5,88.09,7,88.04,7,88.79,13,88.85,1,88.91,5,88.92,4,88.97,4,88.98,9,89.0,10,89.1,2,,,,
2025-04-10 09:33:29,88.61,88.59,1,88.43,12,88.79,13,88.79,88.43,88.43,12,88.34,4,88.33,4,88.31,6,88.3,5,88.28,3,88.17,3,88.1,5,88.09,7,88.04,7,88.79,13,88.85,1,88.91,5,88.92,4,88.97,4,88.98,9,89.0,10,89.1,2,,,,
2025-04-10 09:33:30,88.525,88.53,1,88.43,12,88.62,1,88.62,88.43,88.43,12,88.34,4,88.33,4,88.31,6,88.3,5,88.28,3,88.17,3,88.1,5,88.09,7,88.04,7,88.62,1,88.79,13,88.85,1,88.91,5,88.92,4,88.97,4,88.98,9,89.0,10,89.1,2,,
2025-04-10 09:33:31,88.52,88.53,1,88.43,12,88.61,1,88.61,88.43,88.43,12,88.34,4,88.33,4,88.31,6,88.3,5,88.28,3,88.17,3,88.1,5,88.09,7,88.04,7,88.61,1,88.62,1,88.79,13,88.85,1,88.91,5,88.92,4,88.97,4,88.98,9,89.0,10,89.1,2
2025-04-10 09:33:32,88.52,88.52,1,88.43,12,88.61,2,88.61,88.43,88.43,12,88.34,4,88.33,4,88.31,6,88.3,5,88.28,3,88.17,3,88.1,5,88.09,7,88.04,7,88.61,2,88.62,1,88.79,13,88.85,1,88.91,5,88.92,4,88.97,4,88.98,9,89.0,10,89.1,2
2025-04-10 09:33:33,88.52,88.52,1,88.43,12,88.61,3,88.61,88.43,88.43,12,88.34,4,88.33,4,88.31,6,88.3,5,88.28,3,88.17,3,88.1,5,88.09,7,88.04,7,88.61,3,88.62,1,88.79,13,88.85,1,88.91,5,88.92,4,88.97,4,88.98,9,89.0,10,89.1,2
2025-04-10 09:33:34,88.52,88.52,1,88.43,12,88.61,3,88.61,88.43,88.43,12,88.34,4,88.33,4,88.31,6,88.3,5,88.28,3,88.17,3,88.1,5,88.09,7,88.04,7,88.61,3,88.62,1,88.79,13,88.85,1,88.91,5,88.92,4,88.97,4,88.98,9,89.0,10,89.1,2
2025-04-10 09:33:35,88.52,88.52,1,88.43,12,88.61,3,88.61,88.43,88.43,12,88.34,4,88.33,4,88.31,6,88.3,5,88.28,3,88.17,3,88.1,5,88.09,7,88.04,7,88.61,3,88.62,1,88.79,13,88.85,1,88.91,5,88.92,4,88.97,4,88.98,9,89.0,10,89.1,2
2025-04-10 09:33:36,88.52,88.52,1,88.43,12,88.61,3,88.61,88.43,88.43,12,88.34,4,88.33,4,88.31,6,88.3,5,88.28,3,88.17,3,88.1,5,88.09,7,88.04,7,88.61,3,88.62,1,88.79,13,88.85,1,88.91,5,88.92,4,88.97,4,88.98,9,89.0,10,89.1,2
2025-04-10 09:33:37,88.52,88.52,2,88.43,12,88.61,3,88.61,88.43,88.43,12,88.34,4,88.33,4,88.31,6,88.3,5,88.28,3,88.17,3,88.1,5,88.09,7,88.04,7,88.61,3,88.62,1,88.79,13,88.85,1,88.91,5,88.92,4,88.97,4,88.98,9,89.0,10,89.1,2
2025-04-10 09:33:38,88.52,88.52,1,88.43,13,88.61,3,88.61,88.43,88.43,13,88.34,4,88.33,4,88.31,6,88.3,5,88.28,3,88.17,3,88.1,5,88.09,7,88.04,7,88.61,3,88.62,1,88.79,13,88.85,1,88.91,5,88.92,4,88.97,4,88.98,9,89.0,10,89.1,2
2025-04-10 09:33:39,88.52,88.52,1,88.43,13,88.61,3,88.61,88.43,88.43,13,88.34,4,88.33,4,88.31,6,88.3,5,88.28,3,88.17,3,88.1,5,88.09,7,88.04,7,88.61,3,88.62,1,88.79,13,88.85,1,88.91,5,88.92,4,88.97,4,88.98,9,89.0,10,89.1,2
2025-04-10 09:33:40,88.52,88.52,1,88.43,13,88.61,3,88.61,88.43,88.43,13,88.34,4,88.33,4,88.31,6,88.3,5,88.28,3,88.17,3,88.1,5,88.09,7,88.04,7,88.61,3,88.62,1,88.79,13,88.85,1,88.91,5,88.92,4,88.97,4,88.98,9,89.0,10,89.1,2
2025-04-10 09:33:41,88.52,88.55,1,88.43,13,88.61,2,88.61,88.43,88.43,13,88.34,4,88.33,4,88.31,6,88.3,5,88.28,3,88.17,3,88.1,5,88.09,7,88.04,7,88.61,2,88.62,1,88.79,13,88.85,1,88.91,5,88.92,4,88.97,4,88.98,9,89.0,10,89.1,2
2025-04-10 09:33:43,88.475,88.52,1,88.43,13,88.52,1,88.52,88.43,88.43,13,88.34,4,88.33,4,88.31,6,88.3,5,88.28,3,88.17,3,88.1,5,88.09,7,88.04,7,88.52,1,88.61,2,88.62,1,88.79,13,88.85,1,88.91,5,88.92,4,88.97,4,88.98,9,89.0,10
2025-04-10 09:33:43,88.52,88.51,3,88.43,13,88.61,2,88.61,88.43,88.43,13,88.34,4,88.33,4,88.31,6,88.3,5,88.28,3,88.17,3,88.1,5,88.09,7,88.04,7,88.61,2,88.62,1,88.79,13,88.85,1,88.91,5,88.92,4,88.97,4,88.98,9,89.0,10,89.1,2
2025-04-10 09:33:44,88.52,88.52,1,88.43,13,88.61,2,88.61,88.43,88.43,13,88.34,4,88.33,4,88.31,6,88.3,5,88.28,3,88.17,3,88.1,5,88.09,7,88.04,7,88.61,2,88.62,1,88.79,13,88.85,1,88.91,5,88.92,4,88.97,4,88.98,9,89.0,10,89.1,2
2025-04-10 09:33:45,88.515,88.52,1,88.43,13,88.6,2,88.6,88.43,88.43,13,88.34,4,88.33,4,88.31,6,88.3,5,88.28,3,88.17,3,88.1,5,88.09,7,88.04,7,88.6,2,88.61,2,88.62,1,88.79,13,88.85,1,88.91,5,88.92,4,88.97,4,88.98,9,89.0,10
2025-04-10 09:33:47,88.515,88.52,1,88.43,13,88.6,2,88.6,88.43,88.43,13,88.34,4,88.33,4,88.31,6,88.3,5,88.28,3,88.17,3,88.1,5,88.09,7,88.04,7,88.6,2,88.61,2,88.62,1,88.79,13,88.85,1,88.91,5,88.92,4,88.97,4,88.98,9,89.0,10
2025-04-10 09:33:47,88.515,88.52,1,88.43,13,88.6,2,88.6,88.43,88.43,13,88.34,4,88.33,4,88.31,6,88.3,5,88.28,3,88.17,3,88.1,5,88.09,7,88.04,7,88.6,2,88.61,2,88.62,1,88.79,13,88.85,1,88.91,5,88.92,4,88.97,4,88.98,9,89.0,10
2025-04-10 09:33:49,88.515,88.52,1,88.43,13,88.6,2,88.6,88.43,88.43,13,88.34,4,88.33,4,88.31,6,88.3,5,88.28,3,88.17,3,88.1,5,88.09,7,88.04,7,88.6,2,88.61,2,88.62,1,88.79,13,88.85,1,88.91,5,88.92,4,88.97,4,88.98,9,89.0,10
2025-04-10 09:33:50,88.515,88.52,1,88.43,13,88.6,2,88.6,88.43,88.43,13,88.34,4,88.33,4,88.31,6,88.3,5,88.28,3,88.17,3,88.1,5,88.09,7,88.04,7,88.6,2,88.61,2,88.62,1,88.79,13,88.85,1,88.91,5,88.92,4,88.97,4,88.98,9,89.0,10
2025-04-10 09:33:50,88.515,88.52,1,88.43,13,88.6,2,88.6,88.43,88.43,13,88.34,4,88.33,4,88.31,6,88.3,5,88.28,3,88.17,3,88.1,5,88.09,7,88.04,7,88.6,2,88.61,2,88.62,1,88.79,13,88.85,1,88.91,5,88.92,4,88.97,4,88.98,9,89.0,10
2025-04-10 09:33:51,88.48,88.43,1,88.36,6,88.6,2,88.6,88.36,88.36,6,88.34,4,88.33,4,88.31,6,88.3,5,88.28,3,88.17,3,88.1,5,88.09,7,88.04,7,88.6,2,88.61,2,88.62,1,88.79,13,88.85,1,88.91,5,88.92,4,88.97,4,88.98,9,89.0,10
2025-04-10 09:33:53,88.48,88.48,1,88.36,6,88.6,2,88.6,88.36,88.36,6,88.34,4,88.33,4,88.31,6,88.3,5,88.28,3,88.17,3,88.1,5,88.09,7,88.04,7,88.6,2,88.61,2,88.62,1,88.79,13,88.85,1,88.91,5,88.92,4,88.97,4,88.98,9,89.0,10
2025-04-10 09:33:53,88.48,88.49,1,88.36,8,88.6,3,88.6,88.36,88.36,8,88.34,4,88.33,4,88.31,6,88.3,5,88.28,3,88.17,3,88.1,5,88.09,7,88.04,7,88.6,3,88.61,2,88.62,1,88.79,13,88.85,1,88.91,5,88.92,4,88.97,4,88.98,9,89.0,10
2025-04-10 09:33:55,88.48,88.48,1,88.36,8,88.6,4,88.6,88.36,88.36,8,88.34,4,88.33,4,88.31,6,88.3,5,88.28,3,88.17,3,88.1,5,88.09,7,88.04,7,88.6,4,88.61,2,88.62,1,88.79,13,88.85,1,88.91,5,88.92,4,88.97,4,88.98,9,89.0,10
2025-04-10 09:33:56,88.48,88.4,1,88.36,8,88.6,4,88.6,88.36,88.36,8,88.34,4,88.33,4,88.31,6,88.3,5,88.28,3,88.17,3,88.1,5,88.09,7,88.04,7,88.6,4,88.61,2,88.62,1,88.79,13,88.85,1,88.91,5,88.92,4,88.97,4,88.98,9,89.0,10
2025-04-10 09:33:57,88.39,88.39,1,88.3,6,88.48,7,88.48,88.3,88.3,6,88.28,3,88.17,3,88.1,5,88.09,7,88.04,7,88.03,3,88.0,13,,,,,88.48,7,88.51,2,88.6,3,88.61,2,88.62,1,88.79,13,88.85,1,88.91,5,88.92,4,88.97,4
2025-04-10 09:33:58,88.37,88.3,1,88.26,2,88.48,5,88.48,88.26,88.26,2,88.17,3,88.1,5,88.09,7,88.04,7,88.03,3,88.0,13,,,,,,,88.48,5,88.51,2,88.6,3,88.61,2,88.62,1,88.79,13,88.85,1,88.91,5,88.92,4,88.97,4
2025-04-10 09:33:59,88.37,88.3,1,88.26,2,88.48,5,88.48,88.26,88.26,2,88.17,3,88.1,5,88.09,7,88.04,7,88.03,3,88.0,13,,,,,,,88.48,5,88.51,2,88.6,3,88.61,2,88.62,1,88.79,13,88.85,1,88.91,5,88.92,4,88.97,4
2025-04-10 09:34:00,88.37,88.45,1,88.26,2,88.48,7,88.48,88.26,88.26,2,88.17,3,88.1,5,88.09,7,88.04,7,88.03,3,88.0,13,,,,,,,88.48,7,88.51,2,88.6,3,88.61,2,88.62,1,88.79,13,88.85,1,88.91,5,88.92,4,88.97,4
2025-04-10 09:34:01,88.37,88.44,1,88.26,2,88.48,7,88.48,88.26,88.26,2,88.17,3,88.1,5,88.09,7,88.04,7,88.03,3,88.0,13,,,,,,,88.48,7,88.51,2,88.6,3,88.61,2,88.62,1,88.79,13,88.85,1,88.91,5,88.92,4,88.97,4
2025-04-10 09:34:02,88.37,88.37,1,88.26,2,88.48,7,88.48,88.26,88.26,2,88.17,3,88.1,5,88.09,7,88.04,7,88.03,3,88.0,13,,,,,,,88.48,7,88.51,2,88.6,3,88.61,2,88.62,1,88.79,13,88.85,1,88.91,5,88.92,4,88.97,4
2025-04-10 09:34:02,88.37,88.37,1,88.26,2,88.48,7,88.48,88.26,88.26,2,88.17,3,88.1,5,88.09,7,88.04,7,88.03,3,88.0,13,,,,,,,88.48,7,88.51,2,88.6,3,88.61,2,88.62,1,88.79,13,88.85,1,88.91,5,88.92,4,88.97,4
2025-04-10 09:34:04,88.37,88.37,1,88.26,2,88.48,7,88.48,88.26,88.26,2,88.17,3,88.1,5,88.09,7,88.04,7,88.03,3,88.0,13,,,,,,,88.48,7,88.51,2,88.6,3,88.61,2,88.62,1,88.79,13,88.85,1,88.91,5,88.92,4,88.97,4
2025-04-10 09:34:04,88.37,88.37,1,88.26,2,88.48,7,88.48,88.26,88.26,2,88.17,3,88.1,5,88.09,7,88.04,7,88.03,3,88.0,13,,,,,,,88.48,7,88.51,2,88.6,3,88.61,2,88.62,1,88.79,13,88.85,1,88.91,5,88.92,4,88.97,4
2025-04-10 09:34:06,88.37,88.33,1,88.26,5,88.48,7,88.48,88.26,88.26,5,88.17,3,88.1,5,88.09,7,88.04,7,88.03,3,88.0,13,,,,,,,88.48,7,88.51,2,88.6,3,88.61,2,88.62,1,88.79,13,88.85,1,88.91,5,88.92,4,88.97,4
2025-04-10 09:34:07,88.37,88.45,1,88.26,7,88.48,8,88.48,88.26,88.26,7,88.17,3,88.1,5,88.09,7,88.04,7,88.03,3,88.0,13,,,,,,,88.48,8,88.51,2,88.6,3,88.61,2,88.62,1,88.79,13,88.85,1,88.91,5,88.92,4,88.97,4
2025-04-10 09:34:08,88.37,88.45,1,88.26,7,88.48,8,88.48,88.26,88.26,7,88.17,3,88.1,5,88.09,7,88.04,7,88.03,3,88.0,13,,,,,,,88.48,8,88.51,2,88.6,3,88.61,2,88.62,1,88.79,13,88.85,1,88.91,5,88.92,4,88.97,4
2025-04-10 09:34:09,88.37,88.37,1,88.26,7,88.48,8,88.48,88.26,88.26,7,88.17,3,88.1,5,88.09,7,88.04,7,88.03,3,88.0,13,,,,,,,88.48,8,88.51,2,88.6,3,88.61,2,88.62,1,88.79,13,88.85,1,88.91,5,88.92,4,88.97,4
2025-04-10 09:34:10,88.37,88.37,1,88.26,4,88.48,8,88.48,88.26,88.26,4,88.17,3,88.1,5,88.09,7,88.04,7,88.03,3,88.0,13,,,,,,,88.48,8,88.51,2,88.6,3,88.61,2,88.62,1,88.79,13,88.85,1,88.91,5,88.92,4,88.97,4
2025-04-10 09:34:11,88.37,88.37,1,88.26,4,88.48,8,88.48,88.26,88.26,4,88.17,3,88.1,5,88.09,7,88.04,7,88.03,3,88.0,13,,,,,,,88.48,8,88.51,2,88.6,3,88.61,2,88.62,1,88.79,13,88.85,1,88.91,5,88.92,4,88.97,4
2025-04-10 09:34:12,88.37,88.28,1,88.26,2,88.48,8,88.48,88.26,88.26,2,88.17,3,88.1,5,88.09,7,88.04,7,88.03,3,88.0,13,,,,,,,88.48,8,88.51,2,88.6,3,88.61,2,88.62,1,88.79,13,88.85,1,88.91,5,88.92,4,88.97,4
2025-04-10 09:34:13,88.365,88.37,1,88.26,2,88.47,1,88.47,88.26,88.26,2,88.17,3,88.1,5,88.09,7,88.04,7,88.03,3,88.0,13,,,,,,,88.47,1,88.48,8,88.51,2,88.6,3,88.61,2,88.62,1,88.79,13,88.85,1,88.91,5,88.92,4
2025-04-10 09:34:14,88.37,88.28,1,88.23,6,88.51,4,88.51,88.23,88.23,6,88.17,3,88.1,5,88.09,7,88.04,7,88.03,3,88.0,13,,,,,,,88.51,4,88.6,3,88.61,2,88.62,1,88.79,13,88.85,1,88.91,5,88.92,4,88.97,4,88.98,9
2025-04-10 09:34:15,88.385,88.39,1,88.26,4,88.51,5,88.51,88.26,88.26,4,88.23,12,88.17,3,88.1,5,88.09,7,88.04,7,88.03,3,88.0,13,,,,,88.51,5,88.6,3,88.61,2,88.62,1,88.79,13,88.85,1,88.91,5,88.92,4,88.97,4,88.98,9
2025-04-10 09:34:16,88.385,88.39,1,88.26,5,88.51,6,88.51,88.26,88.26,5,88.23,12,88.17,3,88.1,5,88.09,7,88.04,7,88.03,3,88.0,13,,,,,88.51,6,88.6,3,88.61,2,88.62,1,88.79,13,88.85,1,88.91,5,88.92,4,88.97,4,88.98,9
2025-04-10 09:34:17,88.405,88.39,1,88.3,1,88.51,6,88.51,88.3,88.3,1,88.26,5,88.23,12,88.17,3,88.1,5,88.09,7,88.04,7,88.03,3,88.0,13,,,88.51,6,88.6,3,88.61,2,88.62,1,88.79,13,88.85,1,88.91,5,88.92,4,88.97,4,88.98,9
2025-04-10 09:34:18,88.54,88.54,1,88.51,1,88.57,1,88.57,88.51,88.51,1,88.5,1,88.3,2,88.26,5,88.23,12,88.17,3,88.1,5,88.09,7,88.04,7,88.03,3,88.57,1,88.6,3,88.61,2,88.62,1,88.79,13,88.85,1,88.91,5,88.92,4,88.97,4,88.98,9
2025-04-10 09:34:19,88.48,88.57,2,88.33,7,88.63,4,88.63,88.33,88.33,7,88.3,2,88.26,5,88.23,12,88.17,3,88.1,5,88.09,7,88.04,7,88.03,3,88.0,13,88.63,4,88.79,13,88.85,1,88.91,5,88.92,4,88.97,4,88.98,9,89.0,10,89.1,2,,
2025-04-10 09:34:20,88.54,88.57,3,88.45,5,88.63,6,88.63,88.45,88.45,5,88.44,3,88.33,7,88.3,2,88.26,5,88.23,12,88.17,3,88.1,5,88.09,7,88.04,7,88.63,6,88.79,13,88.85,1,88.91,5,88.92,4,88.97,4,88.98,9,89.0,10,89.1,2,,
2025-04-10 09:34:21,88.54,88.54,1,88.45,5,88.63,6,88.63,88.45,88.45,5,88.44,3,88.33,7,88.3,2,88.26,5,88.23,12,88.17,3,88.1,5,88.09,7,88.04,7,88.63,6,88.79,13,88.85,1,88.91,5,88.92,4,88.97,4,88.98,9,89.0,10,89.1,2,,
2025-04-10 09:34:22,88.54,88.54,1,88.45,4,88.63,7,88.63,88.45,88.45,4,88.44,3,88.33,7,88.3,2,88.26,5,88.23,12,88.17,3,88.1,5,88.09,7,88.04,7,88.63,7,88.79,13,88.85,1,88.91,5,88.92,4,88.97,4,88.98,9,89.0,10,89.1,2,,
2025-04-10 09:34:23,88.54,88.54,1,88.45,3,88.63,7,88.63,88.45,88.45,3,88.44,3,88.33,7,88.3,2,88.26,5,88.23,12,88.17,3,88.1,5,88.09,7,88.04,7,88.63,7,88.79,13,88.85,1,88.91,5,88.92,4,88.97,4,88.98,9,89.0,10,89.1,2,,
2025-04-10 09:34:24,88.44,88.3,1,88.3,3,88.58,7,88.58,88.3,88.3,3,88.26,5,88.23,12,88.17,3,88.1,5,88.09,7,88.04,7,88.03,3,88.0,13,,,88.58,7,88.59,4,88.61,5,88.63,7,88.79,13,88.85,1,88.91,5,88.92,4,88.97,4,88.98,9
2025-04-10 09:34:25,88.38,88.31,1,88.3,5,88.46,1,88.46,88.3,88.3,5,88.26,5,88.23,12,88.17,3,88.1,5,88.09,7,88.04,7,88.03,3,88.0,13,,,88.46,1,88.58,7,88.59,4,88.61,5,88.63,7,88.79,13,88.85,1,88.91,5,88.92,4,88.97,4
2025-04-10 09:34:26,88.37,88.31,1,88.3,8,88.44,1,88.44,88.3,88.3,8,88.26,5,88.23,12,88.17,3,88.1,5,88.09,7,88.04,7,88.03,3,88.0,13,,,88.44,1,88.46,1,88.58,7,88.59,4,88.61,5,88.63,7,88.79,13,88.85,1,88.91,5,88.92,4
2025-04-10 09:34:27,88.37,88.37,3,88.3,8,88.44,1,88.44,88.3,88.3,8,88.26,5,88.23,12,88.17,3,88.1,5,88.09,7,88.04,7,88.03,3,88.0,13,,,88.44,1,88.46,1,88.58,7,88.59,4,88.61,5,88.63,7,88.79,13,88.85,1,88.91,5,88.92,4
2025-04-10 09:34:28,88.37,88.31,1,88.3,8,88.44,3,88.44,88.3,88.3,8,88.26,5,88.23,12,88.17,3,88.1,5,88.09,7,88.04,7,88.03,3,88.0,13,,,88.44,3,88.46,1,88.58,7,88.59,4,88.61,5,88.63,7,88.79,13,88.85,1,88.91,5,88.92,4
2025-04-10 09:34:29,88.3,88.3,1,88.18,5,88.42,4,88.42,88.18,88.18,5,88.17,3,88.1,5,88.09,7,88.04,7,88.03,3,88.0,13,,,,,,,88.42,4,88.44,6,88.46,1,88.58,7,88.59,4,88.61,5,88.63,7,88.79,13,88.85,1,88.91,5
2025-04-10 09:34:30,88.3,88.3,1,88.18,4,88.42,4,88.42,88.18,88.18,4,88.17,3,88.1,5,88.09,7,88.04,7,88.03,3,88.0,13,,,,,,,88.42,4,88.44,6,88.46,1,88.58,7,88.59,4,88.61,5,88.63,7,88.79,13,88.85,1,88.91,5
2025-04-10 09:34:31,88.3,88.3,1,88.18,4,88.42,4,88.42,88.18,88.18,4,88.17,3,88.1,5,88.09,7,88.04,7,88.03,3,88.0,13,,,,,,,88.42,4,88.44,6,88.46,1,88.58,7,88.59,4,88.61,5,88.63,7,88.79,13,88.85,1,88.91,5
2025-04-10 09:34:32,88.3,88.3,1,88.18,4,88.42,6,88.42,88.18,88.18,4,88.17,3,88.1,5,88.09,7,88.04,7,88.03,3,88.0,13,,,,,,,88.42,6,88.44,6,88.46,1,88.58,7,88.59,4,88.61,5,88.63,7,88.79,13,88.85,1,88.91,5
2025-04-10 09:34:33,88.3,88.3,1,88.18,4,88.42,6,88.42,88.18,88.18,4,88.17,3,88.1,5,88.09,7,88.04,7,88.03,3,88.0,13,,,,,,,88.42,6,88.44,6,88.46,1,88.58,7,88.59,4,88.61,5,88.63,7,88.79,13,88.85,1,88.91,5
2025-04-10 09:34:34,88.3,88.3,1,88.18,4,88.42,6,88.42,88.18,88.18,4,88.17,3,88.1,5,88.09,7,88.04,7,88.03,3,88.0,13,,,,,,,88.42,6,88.44,6,88.46,1,88.58,7,88.59,4,88.61,5,88.63,7,88.79,13,88.85,1,88.91,5
2025-04-10 09:34:35,88.3,88.3,1,88.18,4,88.42,6,88.42,88.18,88.18,4,88.17,3,88.1,5,88.09,7,88.04,7,88.03,3,88.0,13,,,,,,,88.42,6,88.44,6,88.46,1,88.58,7,88.59,4,88.61,5,88.63,7,88.79,13,88.85,1,88.91,5
2025-04-10 09:34:36,88.3,88.3,3,88.18,4,88.42,7,88.42,88.18,88.18,4,88.17,3,88.1,5,88.09,7,88.04,7,88.03,3,88.0,13,,,,,,,88.42,7,88.44,6,88.46,1,88.58,7,88.59,4,88.61,5,88.63,7,88.79,13,88.85,1,88.91,5
2025-04-10 09:34:37,88.3,88.3,1,88.18,4,88.42,9,88.42,88.18,88.18,4,88.17,3,88.1,5,88.09,7,88.04,7,88.03,3,88.0,13,,,,,,,88.42,9,88.44,6,88.46,1,88.58,7,88.59,4,88.61,5,88.63,7,88.79,13,88.85,1,88.91,5
2025-04-10 09:34:38,88.3,88.3,1,88.18,4,88.42,12,88.42,88.18,88.18,4,88.17,3,88.1,5,88.09,7,88.04,7,88.03,3,88.0,13,,,,,,,88.42,12,88.44,6,88.46,1,88.58,7,88.59,4,88.61,5,88.63,7,88.79,13,88.85,1,88.91,5
2025-04-10 09:34:39,88.3,88.3,1,88.18,4,88.42,14,88.42,88.18,88.18,4,88.17,3,88.1,5,88.09,7,88.04,7,88.03,3,88.0,13,,,,,,,88.42,14,88.44,6,88.46,1,88.58,7,88.59,4,88.61,5,88.63,7,88.79,13,88.85,1,88.91,5
2025-04-10 09:34:40,88.255,88.3,1,88.18,3,88.33,6,88.33,88.18,88.18,3,88.17,3,88.1,5,88.09,7,88.04,7,88.03,3,88.0,13,,,,,,,88.33,6,88.42,21,88.44,6,88.46,1,88.58,7,88.59,4,88.61,5,88.63,7,88.79,13,88.85,1
2025-04-10 09:34:41,88.21,88.18,1,88.1,5,88.32,5,88.32,88.1,88.1,5,88.09,7,88.04,7,88.03,3,88.0,13,,,,,,,,,,,88.32,5,88.33,7,88.42,21,88.44,6,88.46,1,88.58,7,88.59,4,88.61,5,88.63,7,88.79,13
2025-04-10 09:34:42,88.21,88.18,1,88.1,5,88.32,5,88.32,88.1,88.1,5,88.09,7,88.04,7,88.03,3,88.0,13,,,,,,,,,,,88.32,5,88.33,7,88.42,21,88.44,6,88.46,1,88.58,7,88.59,4,88.61,5,88.63,7,88.79,13
2025-04-10 09:34:43,88.21,88.18,1,88.1,5,88.32,5,88.32,88.1,88.1,5,88.09,7,88.04,7,88.03,3,88.0,13,,,,,,,,,,,88.32,5,88.33,7,88.42,21,88.44,6,88.46,1,88.58,7,88.59,4,88.61,5,88.63,7,88.79,13
2025-04-10 09:34:44,88.14,88.14,1,88.06,4,88.22,5,88.22,88.06,88.06,4,88.04,7,88.03,3,88.0,13,,,,,,,,,,,,,88.22,5,88.32,5,88.33,7,88.42,21,88.44,6,88.46,1,88.58,7,88.59,4,88.61,5,88.63,7
2025-04-10 09:34:45,88.14,88.14,1,88.06,3,88.22,5,88.22,88.06,88.06,3,88.04,7,88.03,3,88.0,13,,,,,,,,,,,,,88.22,5,88.32,5,88.33,7,88.42,21,88.44,6,88.46,1,88.58,7,88.59,4,88.61,5,88.63,7
2025-04-10 09:34:46,88.14,88.13,1,88.06,3,88.22,5,88.22,88.06,88.06,3,88.04,7,88.03,3,88.0,13,,,,,,,,,,,,,88.22,5,88.32,5,88.33,7,88.42,21,88.44,6,88.46,1,88.58,7,88.59,4,88.61,5,88.63,7
2025-04-10 09:34:47,88.14,88.13,1,88.06,3,88.22,5,88.22,88.06,88.06,3,88.04,7,88.03,3,88.0,13,,,,,,,,,,,,,88.22,5,88.32,5,88.33,7,88.42,21,88.44,6,88.46,1,88.58,7,88.59,4,88.61,5,88.63,7
2025-04-10 09:34:48,88.14,88.13,1,88.06,3,88.22,5,88.22,88.06,88.06,3,88.04,7,88.03,3,88.0,13,,,,,,,,,,,,,88.22,5,88.32,5,88.33,7,88.42,21,88.44,6,88.46,1,88.58,7,88.59,4,88.61,5,88.63,7
2025-04-10 09:34:49,88.14,88.08,1,88.06,3,88.22,4,88.22,88.06,88.06,3,88.04,7,88.03,3,88.0,13,,,,,,,,,,,,,88.22,4,88.32,5,88.33,7,88.42,21,88.44,6,88.46,1,88.58,7,88.59,4,88.61,5,88.63,7
2025-04-10 09:34:50,88.14,88.14,1,88.06,3,88.22,4,88.22,88.06,88.06,3,88.04,7,88.03,3,88.0,13,,,,,,,,,,,,,88.22,4,88.32,5,88.33,7,88.42,21,88.44,6,88.46,1,88.58,7,88.59,4,88.61,5,88.63,7
2025-04-10 09:34:51,88.14,88.14,1,88.06,3,88.22,4,88.22,88.06,88.06,3,88.04,7,88.03,3,88.0,13,,,,,,,,,,,,,88.22,4,88.32,5,88.33,7,88.42,21,88.44,6,88.46,1,88.58,7,88.59,4,88.61,5,88.63,7
2025-04-10 09:34:52,88.14,88.15,1,88.06,4,88.22,4,88.22,88.06,88.06,4,88.04,7,88.03,3,88.0,13,,,,,,,,,,,,,88.22,4,88.32,5,88.33,7,88.42,21,88.44,6,88.46,1,88.58,7,88.59,4,88.61,5,88.63,7
2025-04-10 09:34:53,88.14,88.14,3,88.06,4,88.22,4,88.22,88.06,88.06,4,88.04,7,88.03,3,88.0,13,,,,,,,,,,,,,88.22,4,88.32,5,88.33,7,88.42,21,88.44,6,88.46,1,88.58,7,88.59,4,88.61,5,88.63,7
2025-04-10 09:34:54,88.14,88.06,3,88.06,5,88.22,4,88.22,88.06,88.06,5,88.04,7,88.03,3,88.0,13,,,,,,,,,,,,,88.22,4,88.32,5,88.33,7,88.42,21,88.44,6,88.46,1,88.58,7,88.59,4,88.61,5,88.63,7
2025-04-10 09:34:55,88.11,88.1,1,88.03,4,88.19,5,88.19,88.03,88.03,4,88.0,13,,,,,,,,,,,,,,,,,88.19,5,88.22,4,88.32,5,88.33,7,88.42,21,88.44,6,88.46,1,88.58,7,88.59,4,88.61,5
2025-04-10 09:34:56,88.11,88.1,1,88.03,4,88.19,5,88.19,88.03,88.03,4,88.0,13,,,,,,,,,,,,,,,,,88.19,5,88.22,4,88.32,5,88.33,7,88.42,21,88.44,6,88.46,1,88.58,7,88.59,4,88.61,5
2025-04-10 09:34:57,88.11,88.1,1,88.03,4,88.19,5,88.19,88.03,88.03,4,88.0,13,,,,,,,,,,,,,,,,,88.19,5,88.22,4,88.32,5,88.33,7,88.42,21,88.44,6,88.46,1,88.58,7,88.59,4,88.61,5
2025-04-10 09:34:58,88.11,88.1,1,88.03,4,88.19,5,88.19,88.03,88.03,4,88.0,13,,,,,,,,,,,,,,,,,88.19,5,88.22,4,88.32,5,88.33,7,88.42,21,88.44,6,88.46,1,88.58,7,88.59,4,88.61,5
2025-04-10 09:34:59,88.11,88.03,2,88.03,5,88.19,5,88.19,88.03,88.03,5,88.0,13,,,,,,,,,,,,,,,,,88.19,5,88.22,4,88.32,5,88.33,7,88.42,21,88.44,6,88.46,1,88.58,7,88.59,4,88.61,5
2025-04-10 09:35:00,88.11,88.03,2,88.03,4,88.19,5,88.19,88.03,88.03,4,88.0,13,,,,,,,,,,,,,,,,,88.19,5,88.22,4,88.32,5,88.33,7,88.42,21,88.44,6,88.46,1,88.58,7,88.59,4,88.61,5
2025-04-10 09:35:01,88.11,88.11,1,88.03,4,88.19,5,88.19,88.03,88.03,4,88.0,13,,,,,,,,,,,,,,,,,88.19,5,88.22,4,88.32,5,88.33,7,88.42,21,88.44,6,88.46,1,88.58,7,88.59,4,88.61,5
2025-04-10 09:35:02,88.105,88.11,1,88.03,5,88.18,1,88.18,88.03,88.03,5,88.0,13,,,,,,,,,,,,,,,,,88.18,1,88.19,6,88.22,4,88.32,5,88.33,7,88.42,21,88.44,6,88.46,1,88.58,7,88.59,4
2025-04-10 09:35:03,88.105,88.11,1,88.03,6,88.18,1,88.18,88.03,88.03,6,88.0,13,,,,,,,,,,,,,,,,,88.18,1,88.19,6,88.22,4,88.32,5,88.33,7,88.42,21,88.44,6,88.46,1,88.58,7,88.59,4
2025-04-10 09:35:04,88.105,88.11,1,88.03,5,88.18,3,88.18,88.03,88.03,5,88.0,13,,,,,,,,,,,,,,,,,88.18,3,88.19,6,88.22,4,88.32,5,88.33,7,88.42,21,88.44,6,88.46,1,88.58,7,88.59,4
2025-04-10 09:35:05,88.105,88.11,1,88.03,5,88.18,3,88.18,88.03,88.03,5,88.0,13,,,,,,,,,,,,,,,,,88.18,3,88.19,6,88.22,4,88.32,5,88.33,7,88.42,21,88.44,6,88.46,1,88.58,7,88.59,4
2025-04-10 09:35:06,88.105,88.46,1,88.03,5,88.18,3,88.18,88.03,88.03,5,88.0,13,,,,,,,,,,,,,,,,,88.18,3,88.19,6,88.22,4,88.32,5,88.33,7,88.42,21,88.44,6,88.46,1,88.58,7,88.59,4
2025-04-10 09:35:07,88.105,88.11,1,88.03,5,88.18,5,88.18,88.03,88.03,5,88.0,13,,,,,,,,,,,,,,,,,88.18,5,88.19,6,88.22,4,88.32,5,88.33,7,88.42,21,88.44,6,88.46,1,88.58,7,88.59,4
2025-04-10 09:35:08,88.105,88.18,3,88.03,5,88.18,3,88.18,88.03,88.03,5,88.0,13,,,,,,,,,,,,,,,,,88.18,3,88.19,6,88.22,4,88.32,5,88.33,7,88.42,21,88.44,6,88.46,1,88.58,7,88.59,4
2025-04-10 09:35:09,88.105,88.11,1,88.03,5,88.18,3,88.18,88.03,88.03,5,88.0,13,,,,,,,,,,,,,,,,,88.18,3,88.19,6,88.22,4,88.32,5,88.33,7,88.42,21,88.44,6,88.46,1,88.58,7,88.59,4
2025-04-10 09:35:10,88.12,88.18,1,88.03,10,88.21,2,88.21,88.03,88.03,10,88.0,13,,,,,,,,,,,,,,,,,88.21,2,88.22,4,88.32,5,88.33,7,88.42,21,88.44,6,88.46,1,88.58,7,88.59,4,88.61,5
2025-04-10 09:35:11,88.12,88.2,1,88.03,11,88.21,2,88.21,88.03,88.03,11,88.0,13,,,,,,,,,,,,,,,,,88.21,2,88.22,4,88.32,5,88.33,7,88.42,21,88.44,6,88.46,1,88.58,7,88.59,4,88.61,5
2025-04-10 09:35:12,88.125,88.13,1,88.04,4,88.21,2,88.21,88.04,88.04,4,88.03,12,88.0,13,,,,,,,,,,,,,,,88.21,2,88.22,4,88.32,5,88.33,7,88.42,21,88.44,6,88.46,1,88.58,7,88.59,4,88.61,5
2025-04-10 09:35:13,88.125,88.2,1,88.04,4,88.21,2,88.21,88.04,88.04,4,88.03,12,88.0,13,,,,,,,,,,,,,,,88.21,2,88.22,4,88.32,5,88.33,7,88.42,21,88.44,6,88.46,1,88.58,7,88.59,4,88.61,5
2025-04-10 09:35:14,88.12,88.2,1,88.03,11,88.21,3,88.21,88.03,88.03,11,88.0,13,,,,,,,,,,,,,,,,,88.21,3,88.22,4,88.32,5,88.33,7,88.42,21,88.44,6,88.46,1,88.58,7,88.59,4,88.61,5
2025-04-10 09:35:15,88.12,88.12,1,88.03,11,88.21,5,88.21,88.03,88.03,11,88.0,13,,,,,,,,,,,,,,,,,88.21,5,88.22,4,88.32,5,88.33,7,88.42,21,88.44,6,88.46,1,88.58,7,88.59,4,88.61,5
2025-04-10 09:35:16,88.115,88.12,2,88.03,8,88.2,4,88.2,88.03,88.03,8,88.0,13,,,,,,,,,,,,,,,,,88.2,4,88.21,5,88.22,4,88.32,5,88.33,7,88.42,21,88.44,6,88.46,1,88.58,7,88.59,4
2025-04-10 09:35:17,88.18,88.18,2,88.08,7,88.28,2,88.28,88.08,88.08,7,88.03,8,88.0,13,,,,,,,,,,,,,,,88.28,2,88.32,5,88.33,7,88.42,21,88.44,6,88.46,1,88.58,7,88.59,4,88.61,5,88.63,7
2025-04-10 09:35:18,88.19,88.25,1,88.08,10,88.3,7,88.3,88.08,88.08,10,88.03,8,88.0,13,,,,,,,,,,,,,,,88.3,7,88.32,5,88.33,7,88.42,21,88.44,6,88.46,1,88.58,7,88.59,4,88.61,5,88.63,7
2025-04-10 09:35:19,88.16,88.18,1,88.08,10,88.24,1,88.24,88.08,88.08,10,88.03,8,88.0,13,,,,,,,,,,,,,,,88.24,1,88.3,7,88.32,5,88.33,7,88.42,21,88.44,6,88.46,1,88.58,7,88.59,4,88.61,5
2025-04-10 09:35:20,88.16,88.16,1,88.08,10,88.24,1,88.24,88.08,88.08,10,88.03,8,88.0,13,,,,,,,,,,,,,,,88.24,1,88.3,7,88.32,5,88.33,7,88.42,21,88.44,6,88.46,1,88.58,7,88.59,4,88.61,5
2025-04-10 09:35:21,88.16,88.22,1,88.08,8,88.24,3,88.24,88.08,88.08,8,88.03,8,88.0,13,,,,,,,,,,,,,,,88.24,3,88.3,7,88.32,5,88.33,7,88.42,21,88.44,6,88.46,1,88.58,7,88.59,4,88.61,5
2025-04-10 09:35:22,88.18,88.18,1,88.12,3,88.24,3,88.24,88.12,88.12,3,88.08,8,88.03,8,88.0,13,,,,,,,,,,,,,88.24,3,88.3,7,88.32,5,88.33,7,88.42,21,88.44,6,88.46,1,88.58,7,88.59,4,88.61,5
2025-04-10 09:35:23,88.175,88.18,1,88.12,8,88.23,1,88.23,88.12,88.12,8,88.08,8,88.03,8,88.0,13,,,,,,,,,,,,,88.23,1,88.24,3,88.3,7,88.32,5,88.33,7,88.42,21,88.44,6,88.46,1,88.58,7,88.59,4
2025-04-10 09:35:24,88.175,88.18,1,88.12,8,88.23,1,88.23,88.12,88.12,8,88.08,8,88.03,8,88.0,13,,,,,,,,,,,,,88.23,1,88.24,3,88.3,7,88.32,5,88.33,7,88.42,21,88.44,6,88.46,1,88.58,7,88.59,4
2025-04-10 09:35:25,88.175,88.18,1,88.12,8,88.23,1,88.23,88.12,88.12,8,88.08,8,88.03,8,88.0,13,,,,,,,,,,,,,88.23,1,88.24,3,88.3,7,88.32,5,88.33,7,88.42,21,88.44,6,88.46,1,88.58,7,88.59,4
2025-04-10 09:35:26,88.175,88.18,1,88.12,8,88.23,1,88.23,88.12,88.12,8,88.08,8,88.03,8,88.0,13,,,,,,,,,,,,,88.23,1,88.24,3,88.3,7,88.32,5,88.33,7,88.42,21,88.44,6,88.46,1,88.58,7,88.59,4
2025-04-10 09:35:27,88.21,88.21,1,88.18,1,88.24,5,88.24,88.18,88.18,1,88.12,9,88.08,8,88.03,8,88.0,13,,,,,,,,,,,88.24,5,88.3,7,88.32,5,88.33,7,88.42,21,88.44,6,88.46,1,88.58,7,88.59,4,88.61,5
2025-04-10 09:35:28,88.235,88.24,1,88.21,2,88.26,1,88.26,88.21,88.21,2,88.18,2,88.12,9,88.08,8,88.03,8,88.0,13,,,,,,,,,88.26,1,88.27,1,88.3,7,88.32,5,88.33,7,88.42,21,88.44,6,88.46,1,88.58,7,88.59,4
2025-04-10 09:35:29,88.22,88.22,1,88.18,1,88.26,1,88.26,88.18,88.18,1,88.12,9,88.08,8,88.03,8,88.0,13,,,,,,,,,,,88.26,1,88.27,1,88.3,7,88.32,5,88.33,7,88.42,21,88.44,6,88.46,1,88.58,7,88.59,4
2025-04-10 09:35:30,88.22,88.22,1,88.18,1,88.26,1,88.26,88.18,88.18,1,88.12,9,88.08,8,88.03,8,88.0,13,,,,,,,,,,,88.26,1,88.27,1,88.3,7,88.32,5,88.33,7,88.42,21,88.44,6,88.46,1,88.58,7,88.59,4
2025-04-10 09:35:31,88.19,88.19,1,88.12,6,88.26,2,88.26,88.12,88.12,6,88.08,8,88.03,8,88.0,13,,,,,,,,,,,,,88.26,2,88.27,1,88.3,7,88.32,5,88.33,7,88.42,21,88.44,6,88.46,1,88.58,7,88.59,4
2025-04-10 09:35:32,88.19,88.19,1,88.12,6,88.26,2,88.26,88.12,88.12,6,88.08,8,88.03,8,88.0,13,,,,,,,,,,,,,88.26,2,88.27,1,88.3,7,88.32,5,88.33,7,88.42,21,88.44,6,88.46,1,88.58,7,88.59,4
2025-04-10 09:35:33,88.19,88.19,1,88.12,6,88.26,3,88.26,88.12,88.12,6,88.08,8,88.03,8,88.0,13,,,,,,,,,,,,,88.26,3,88.27,1,88.3,7,88.32,5,88.33,7,88.42,21,88.44,6,88.46,1,88.58,7,88.59,4
2025-04-10 09:35:34,88.175,88.18,1,88.12,6,88.23,2,88.23,88.12,88.12,6,88.08,8,88.03,8,88.0,13,,,,,,,,,,,,,88.23,2,88.26,3,88.27,1,88.3,7,88.32,5,88.33,7,88.42,21,88.44,6,88.46,1,88.58,7
2025-04-10 09:35:35,88.175,88.18,1,88.12,6,88.23,1,88.23,88.12,88.12,6,88.08,8,88.03,8,88.0,13,,,,,,,,,,,,,88.23,1,88.24,1,88.26,3,88.27,1,88.3,7,88.32,5,88.33,7,88.42,21,88.44,6,88.46,1
2025-04-10 09:35:36,88.175,88.18,1,88.12,5,88.23,3,88.23,88.12,88.12,5,88.08,8,88.03,8,88.0,13,,,,,,,,,,,,,88.23,3,88.24,1,88.26,3,88.27,1,88.3,7,88.32,5,88.33,7,88.42,21,88.44,6,88.46,1
2025-04-10 09:35:37,88.18,88.18,1,88.13,1,88.23,3,88.23,88.13,88.13,1,88.12,5,88.08,8,88.03,8,88.0,13,,,,,,,,,,,88.23,3,88.24,1,88.26,3,88.27,1,88.3,7,88.32,5,88.33,7,88.42,21,88.44,6,88.46,1
2025-04-10 09:35:38,88.2,88.25,1,88.14,1,88.26,3,88.26,88.14,88.14,1,88.13,4,88.12,5,88.08,8,88.03,8,88.0,13,,,,,,,,,88.26,3,88.27,1,88.3,7,88.32,5,88.33,7,88.42,21,88.44,6,88.46,1,88.58,7,88.59,4
2025-04-10 09:35:39,88.2,88.2,1,88.14,1,88.26,3,88.26,88.14,88.14,1,88.13,4,88.12,5,88.08,8,88.03,8,88.0,13,,,,,,,,,88.26,3,88.27,1,88.3,7,88.32,5,88.33,7,88.42,21,88.44,6,88.46,1,88.58,7,88.59,4
2025-04-10 09:35:40,88.2,88.2,1,88.14,1,88.26,5,88.26,88.14,88.14,1,88.13,4,88.12,5,88.08,8,88.03,8,88.0,13,,,,,,,,,88.26,5,88.27,1,88.3,7,88.32,5,88.33,7,88.42,21,88.44,6,88.46,1,88.58,7,88.59,4
2025-04-10 09:35:41,88.2,88.2,1,88.14,1,88.26,6,88.26,88.14,88.14,1,88.13,4,88.12,5,88.08,8,88.03,8,88.0,13,,,,,,,,,88.26,6,88.27,1,88.3,7,88.32,5,88.33,7,88.42,21,88.44,6,88.46,1,88.58,7,88.59,4
2025-04-10 09:35:42,88.2,88.2,1,88.14,4,88.26,9,88.26,88.14,88.14,4,88.13,4,88.12,5,88.08,8,88.03,8,88.0,13,,,,,,,,,88.26,9,88.27,1,88.3,7,88.32,5,88.33,7,88.42,21,88.44,6,88.46,1,88.58,7,88.59,4
2025-04-10 09:35:43,88.2,88.21,1,88.14,4,88.26,9,88.26,88.14,88.14,4,88.13,4,88.12,5,88.08,8,88.03,8,88.0,13,,,,,,,,,88.26,9,88.27,1,88.3,7,88.32,5,88.33,7,88.42,21,88.44,6,88.46,1,88.58,7,88.59,4
2025-04-10 09:35:44,88.195,88.2,1,88.14,4,88.25,1,88.25,88.14,88.14,4,88.13,4,88.12,5,88.08,8,88.03,8,88.0,13,,,,,,,,,88.25,1,88.26,9,88.27,1,88.3,7,88.32,5,88.33,7,88.42,21,88.44,6,88.46,1,88.58,7
2025-04-10 09:35:45,88.115,88.12,1,88.08,6,88.15,1,88.15,88.08,88.08,6,88.03,8,88.0,13,,,,,,,,,,,,,,,88.15,1,88.25,5,88.26,9,88.27,1,88.3,7,88.32,5,88.33,7,88.42,21,88.44,6,88.46,1
2025-04-10 09:35:46,88.165,88.12,1,88.08,6,88.25,5,88.25,88.08,88.08,6,88.03,8,88.0,13,,,,,,,,,,,,,,,88.25,5,88.26,9,88.27,1,88.3,7,88.32,5,88.33,7,88.42,21,88.44,6,88.46,1,88.58,7
2025-04-10 09:35:47,88.165,88.12,1,88.08,6,88.25,5,88.25,88.08,88.08,6,88.03,8,88.0,13,,,,,,,,,,,,,,,88.25,5,88.26,9,88.27,1,88.3,7,88.32,5,88.33,7,88.42,21,88.44,6,88.46,1,88.58,7
2025-04-10 09:35:48,88.165,88.14,7,88.08,6,88.25,7,88.25,88.08,88.08,6,88.03,8,88.0,13,,,,,,,,,,,,,,,88.25,7,88.26,9,88.27,1,88.3,7,88.32,5,88.33,7,88.42,21,88.44,6,88.46,1,88.58,7
2025-04-10 09:35:49,88.165,88.09,1,88.08,6,88.25,7,88.25,88.08,88.08,6,88.03,8,88.0,13,,,,,,,,,,,,,,,88.25,7,88.26,9,88.27,1,88.3,7,88.32,5,88.33,7,88.42,21,88.44,6,88.46,1,88.58,7
2025-04-10 09:35:50,88.165,88.14,1,88.08,6,88.25,7,88.25,88.08,88.08,6,88.03,8,88.0,13,,,,,,,,,,,,,,,88.25,7,88.26,9,88.27,1,88.3,7,88.32,5,88.33,7,88.42,21,88.44,6,88.46,1,88.58,7
2025-04-10 09:35:51,88.165,88.08,1,88.08,6,88.25,7,88.25,88.08,88.08,6,88.03,8,88.0,13,,,,,,,,,,,,,,,88.25,7,88.26,9,88.27,1,88.3,7,88.32,5,88.33,7,88.42,21,88.44,6,88.46,1,88.58,7
2025-04-10 09:35:52,88.165,88.17,1,88.08,6,88.25,7,88.25,88.08,88.08,6,88.03,8,88.0,13,,,,,,,,,,,,,,,88.25,7,88.26,9,88.27,1,88.3,7,88.32,5,88.33,7,88.42,21,88.44,6,88.46,1,88.58,7
2025-04-10 09:35:53,88.165,88.17,1,88.08,6,88.25,9,88.25,88.08,88.08,6,88.03,8,88.0,13,,,,,,,,,,,,,,,88.25,9,88.26,9,88.27,1,88.3,7,88.32,5,88.33,7,88.42,21,88.44,6,88.46,1,88.58,7
2025-04-10 09:35:54,88.165,88.17,1,88.08,6,88.25,9,88.25,88.08,88.08,6,88.03,8,88.0,13,,,,,,,,,,,,,,,88.25,9,88.26,9,88.27,1,88.3,7,88.32,5,88.33,7,88.42,21,88.44,6,88.46,1,88.58,7
2025-04-10 09:35:55,88.165,88.17,1,88.08,6,88.25,9,88.25,88.08,88.08,6,88.03,8,88.0,13,,,,,,,,,,,,,,,88.25,9,88.26,9,88.27,1,88.3,7,88.32,5,88.33,7,88.42,21,88.44,6,88.46,1,88.58,7
2025-04-10 09:35:56,88.165,88.17,1,88.08,6,88.25,9,88.25,88.08,88.08,6,88.03,8,88.0,13,,,,,,,,,,,,,,,88.25,9,88.26,9,88.27,1,88.3,7,88.32,5,88.33,7,88.42,21,88.44,6,88.46,1,88.58,7
2025-04-10 09:35:57,88.165,88.17,1,88.08,7,88.25,9,88.25,88.08,88.08,7,88.03,8,88.0,13,,,,,,,,,,,,,,,88.25,9,88.26,9,88.27,1,88.3,7,88.32,5,88.33,7,88.42,21,88.44,6,88.46,1,88.58,7
2025-04-10 09:35:58,88.125,88.13,1,88.08,7,88.17,3,88.17,88.08,88.08,7,88.03,8,88.0,13,,,,,,,,,,,,,,,88.17,3,88.25,9,88.26,9,88.27,1,88.3,7,88.32,5,88.33,7,88.42,21,88.44,6,88.46,1
2025-04-10 09:35:59,88.125,88.08,1,88.08,9,88.17,3,88.17,88.08,88.08,9,88.03,8,88.0,13,,,,,,,,,,,,,,,88.17,3,88.25,9,88.26,9,88.27,1,88.3,7,88.32,5,88.33,7,88.42,21,88.44,6,88.46,1
2025-04-10 09:36:00,88.125,88.14,1,88.08,9,88.17,5,88.17,88.08,88.08,9,88.03,8,88.0,13,,,,,,,,,,,,,,,88.17,5,88.25,9,88.26,9,88.27,1,88.3,7,88.32,5,88.33,7,88.42,21,88.44,6,88.46,1
2025-04-10 09:36:01,88.055,88.05,1,88.0,6,88.11,3,88.11,88.0,88.0,6,,,,,,,,,,,,,,,,,,,88.11,3,88.17,6,88.25,9,88.26,9,88.27,1,88.3,7,88.32,5,88.33,7,88.42,21,88.44,6
2025-04-10 09:36:02,88.01,87.99,1,87.94,2,88.08,3,88.08,87.94,87.94,2,87.88,4,,,,,,,,,,,,,,,,,88.08,3,88.1,1,88.11,6,88.17,6,88.25,9,88.26,9,88.27,1,88.3,7,88.32,5,88.33,7
2025-04-10 09:36:03,88.01,87.99,1,87.94,2,88.08,3,88.08,87.94,87.94,2,87.88,4,,,,,,,,,,,,,,,,,88.08,3,88.1,1,88.11,6,88.17,6,88.25,9,88.26,9,88.27,1,88.3,7,88.32,5,88.33,7
2025-04-10 09:36:04,88.01,88.01,1,87.94,4,88.08,2,88.08,87.94,87.94,4,87.88,4,,,,,,,,,,,,,,,,,88.08,2,88.1,1,88.11,6,88.17,6,88.25,9,88.26,9,88.27,1,88.3,7,88.32,5,88.33,7
2025-04-10 09:36:05,88.025,88.03,1,87.94,6,88.11,6,88.11,87.94,87.94,6,87.88,4,,,,,,,,,,,,,,,,,88.11,6,88.17,6,88.25,9,88.26,9,88.27,1,88.3,7,88.32,5,88.33,7,88.42,21,88.44,6
2025-04-10 09:36:06,88.005,88.01,1,87.94,6,88.07,1,88.07,87.94,87.94,6,87.88,4,,,,,,,,,,,,,,,,,88.07,1,88.08,4,88.11,4,88.17,6,88.25,9,88.26,9,88.27,1,88.3,7,88.32,5,88.33,7
2025-04-10 09:36:07,88.005,88.01,1,87.94,6,88.07,1,88.07,87.94,87.94,6,87.88,4,,,,,,,,,,,,,,,,,88.07,1,88.08,4,88.11,4,88.17,6,88.25,9,88.26,9,88.27,1,88.3,7,88.32,5,88.33,7
2025-04-10 09:36:08,88.005,88.01,1,87.94,6,88.07,1,88.07,87.94,87.94,6,87.88,4,,,,,,,,,,,,,,,,,88.07,1,88.08,4,88.11,4,88.17,6,88.25,9,88.26,9,88.27,1,88.3,7,88.32,5,88.33,7
2025-04-10 09:36:09,88.075,88.07,2,88.02,4,88.13,2,88.13,88.02,88.02,4,88.01,2,87.96,5,87.94,6,87.88,4,,,,,,,,,,,88.13,2,88.17,6,88.25,9,88.26,9,88.27,1,88.3,7,88.32,5,88.33,7,88.42,21,88.44,6
2025-04-10 09:36:10,88.075,88.08,1,88.02,4,88.13,3,88.13,88.02,88.02,4,88.01,2,87.96,5,87.94,6,87.88,4,,,,,,,,,,,88.13,3,88.17,6,88.25,9,88.26,9,88.27,1,88.3,7,88.32,5,88.33,7,88.42,21,88.44,6
2025-04-10 09:36:11,88.035,88.02,1,87.95,1,88.12,6,88.12,87.95,87.95,1,87.94,6,87.88,4,,,,,,,,,,,,,,,88.12,6,88.13,3,88.17,6,88.25,9,88.26,9,88.27,1,88.3,7,88.32,5,88.33,7,88.42,21
2025-04-10 09:36:12,88.035,88.02,1,87.95,3,88.12,7,88.12,87.95,87.95,3,87.94,6,87.88,4,,,,,,,,,,,,,,,88.12,7,88.13,3,88.17,6,88.25,9,88.26,9,88.27,1,88.3,7,88.32,5,88.33,7,88.42,21
2025-04-10 09:36:13,87.995,88.0,2,87.94,7,88.05,8,88.05,87.94,87.94,7,87.88,4,,,,,,,,,,,,,,,,,88.05,8,88.12,8,88.13,3,88.17,6,88.25,9,88.26,9,88.27,1,88.3,7,88.32,5,88.33,7
2025-04-10 09:36:14,87.97,87.95,1,87.9,6,88.04,1,88.04,87.9,87.9,6,87.88,4,,,,,,,,,,,,,,,,,88.04,1,88.05,8,88.12,8,88.13,3,88.17,6,88.25,9,88.26,9,88.27,1,88.3,7,88.32,5
2025-04-10 09:36:15,87.975,87.97,1,87.91,6,88.04,1,88.04,87.91,87.91,6,87.9,6,87.88,4,,,,,,,,,,,,,,,88.04,1,88.05,8,88.12,8,88.13,3,88.17,6,88.25,9,88.26,9,88.27,1,88.3,7,88.32,5
2025-04-10 09:36:16,87.98,87.98,1,87.91,7,88.05,7,88.05,87.91,87.91,7,87.9,6,87.88,4,,,,,,,,,,,,,,,88.05,7,88.12,8,88.13,3,88.17,6,88.25,9,88.26,9,88.27,1,88.3,7,88.32,5,88.33,7
2025-04-10 09:36:17,88.0,88.0,2,87.95,1,88.05,7,88.05,87.95,87.95,1,87.91,7,87.9,6,87.88,4,,,,,,,,,,,,,88.05,7,88.12,8,88.13,3,88.17,6,88.25,9,88.26,9,88.27,1,88.3,7,88.32,5,88.33,7
2025-04-10 09:36:18,87.96,87.96,1,87.91,7,88.01,1,88.01,87.91,87.91,7,87.9,6,87.88,4,,,,,,,,,,,,,,,88.01,1,88.05,7,88.12,8,88.13,3,88.17,6,88.25,9,88.26,9,88.27,1,88.3,7,88.32,5
2025-04-10 09:36:19,87.94,87.96,1,87.88,4,88.0,5,88.0,87.88,87.88,4,,,,,,,,,,,,,,,,,,,88.0,5,88.01,1,88.05,7,88.12,8,88.13,3,88.17,6,88.25,9,88.26,9,88.27,1,88.3,7
2025-04-10 09:36:20,87.94,87.94,1,87.88,4,88.0,6,88.0,87.88,87.88,4,,,,,,,,,,,,,,,,,,,88.0,6,88.01,1,88.05,7,88.12,8,88.13,3,88.17,6,88.25,9,88.26,9,88.27,1,88.3,7
2025-04-10 09:36:21,87.95,87.94,1,87.9,1,88.0,6,88.0,87.9,87.9,1,87.88,4,,,,,,,,,,,,,,,,,88.0,6,88.01,1,88.05,7,88.12,8,88.13,3,88.17,6,88.25,9,88.26,9,88.27,1,88.3,7
2025-04-10 09:36:22,88.02,88.02,1,87.98,4,88.06,3,88.06,87.98,87.98,4,87.97,1,87.95,1,87.93,1,87.9,3,87.88,4,,,,,,,,,88.06,3,88.12,8,88.13,3,88.17,6,88.25,9,88.26,9,88.27,1,88.3,7,88.32,5,88.33,7
2025-04-10 09:36:23,88.055,88.07,1,87.98,6,88.13,4,88.13,87.98,87.98,6,87.97,1,87.95,1,87.93,1,87.9,3,87.88,4,,,,,,,,,88.13,4,88.17,6,88.25,9,88.26,9,88.27,1,88.3,7,88.32,5,88.33,7,88.42,21,88.44,6
2025-04-10 09:36:24,88.055,88.05,1,87.98,6,88.13,4,88.13,87.98,87.98,6,87.97,1,87.95,1,87.93,1,87.9,3,87.88,4,,,,,,,,,88.13,4,88.17,6,88.25,9,88.26,9,88.27,1,88.3,7,88.32,5,88.33,7,88.42,21,88.44,6
2025-04-10 09:36:25,88.025,88.05,2,87.93,4,88.12,6,88.12,87.93,87.93,4,87.92,6,87.9,3,87.88,4,,,,,,,,,,,,,88.12,6,88.13,7,88.17,6,88.25,9,88.26,9,88.27,1,88.3,7,88.32,5,88.33,7,88.42,21
2025-04-10 09:36:26,88.025,88.05,2,87.93,4,88.12,6,88.12,87.93,87.93,4,87.92,6,87.9,3,87.88,4,,,,,,,,,,,,,88.12,6,88.13,7,88.17,6,88.25,9,88.26,9,88.27,1,88.3,7,88.32,5,88.33,7,88.42,21
2025-04-10 09:36:27,88.025,88.05,2,87.93,3,88.12,6,88.12,87.93,87.93,3,87.92,6,87.9,3,87.88,4,,,,,,,,,,,,,88.12,6,88.13,7,88.17,6,88.25,9,88.26,9,88.27,1,88.3,7,88.32,5,88.33,7,88.42,21
2025-04-10 09:36:28,87.98,87.98,1,87.87,3,88.09,5,88.09,87.87,87.87,3,,,,,,,,,,,,,,,,,,,88.09,5,88.1,5,88.11,1,88.12,6,88.13,7,88.17,6,88.25,9,88.26,9,88.27,1,88.3,7
2025-04-10 09:36:29,87.98,87.98,2,87.87,4,88.09,6,88.09,87.87,87.87,4,,,,,,,,,,,,,,,,,,,88.09,6,88.1,5,88.11,1,88.12,6,88.13,7,88.17,6,88.25,9,88.26,9,88.27,1,88.3,7
2025-04-10 09:36:30,87.98,87.93,7,87.87,4,88.09,6,88.09,87.87,87.87,4,,,,,,,,,,,,,,,,,,,88.09,6,88.1,5,88.11,1,88.12,6,88.13,7,88.17,6,88.25,9,88.26,9,88.27,1,88.3,7
2025-04-10 09:36:31,87.98,87.93,7,87.87,4,88.09,6,88.09,87.87,87.87,4,,,,,,,,,,,,,,,,,,,88.09,6,88.1,5,88.11,1,88.12,6,88.13,7,88.17,6,88.25,9,88.26,9,88.27,1,88.3,7
2025-04-10 09:36:32,87.945,87.87,1,87.9,1,87.99,5,87.99,87.9,87.9,1,87.88,3,87.87,4,,,,,,,,,,,,,,,87.99,5,88.09,6,88.1,5,88.11,1,88.12,6,88.13,7,88.17,6,88.25,9,88.26,9,88.27,1
2025-04-10 09:36:33,87.945,87.94,1,87.9,1,87.99,5,87.99,87.9,87.9,1,87.88,3,87.87,4,,,,,,,,,,,,,,,87.99,5,88.09,6,88.1,5,88.11,1,88.12,6,88.13,7,88.17,6,88.25,9,88.26,9,88.27,1
2025-04-10 09:36:34,87.945,87.94,1,87.9,1,87.99,5,87.99,87.9,87.9,1,87.88,3,87.87,4,,,,,,,,,,,,,,,87.99,5,88.09,6,88.1,5,88.11,1,88.12,6,88.13,7,88.17,6,88.25,9,88.26,9,88.27,1
2025-04-10 09:36:35,87.855,87.85,1,87.76,3,87.95,4,87.95,87.76,87.76,3,,,,,,,,,,,,,,,,,,,87.95,4,87.98,1,87.99,5,88.09,6,88.1,5,88.11,1,88.12,6,88.13,7,88.17,6,88.25,9
2025-04-10 09:36:36,87.85,87.85,1,87.76,3,87.94,1,87.94,87.76,87.76,3,,,,,,,,,,,,,,,,,,,87.94,1,87.95,4,87.98,1,87.99,5,88.09,6,88.1,5,88.11,1,88.12,6,88.13,7,88.17,6
2025-04-10 09:36:37,87.87,87.85,2,87.8,10,87.94,1,87.94,87.8,87.8,10,87.76,3,,,,,,,,,,,,,,,,,87.94,1,87.95,4,87.98,1,87.99,5,88.09,6,88.1,5,88.11,1,88.12,6,88.13,7,88.17,6
2025-04-10 09:36:38,87.87,87.87,1,87.8,10,87.94,1,87.94,87.8,87.8,10,87.76,3,,,,,,,,,,,,,,,,,87.94,1,87.95,4,87.98,1,87.99,5,88.09,6,88.1,5,88.11,1,88.12,6,88.13,7,88.17,6
2025-04-10 09:36:39,87.87,87.87,3,87.8,10,87.94,1,87.94,87.8,87.8,10,87.76,3,,,,,,,,,,,,,,,,,87.94,1,87.95,4,87.98,1,87.99,5,88.09,6,88.1,5,88.11,1,88.12,6,88.13,7,88.17,6
2025-04-10 09:36:40,87.87,87.87,3,87.8,10,87.94,1,87.94,87.8,87.8,10,87.76,3,,,,,,,,,,,,,,,,,87.94,1,87.95,4,87.98,1,87.99,5,88.09,6,88.1,5,88.11,1,88.12,6,88.13,7,88.17,6
2025-04-10 09:36:41,87.87,87.87,3,87.8,10,87.94,2,87.94,87.8,87.8,10,87.76,3,,,,,,,,,,,,,,,,,87.94,2,87.95,4,87.98,1,87.99,5,88.09,6,88.1,5,88.11,1,88.12,6,88.13,7,88.17,6
2025-04-10 09:36:42,87.87,87.83,1,87.8,10,87.94,3,87.94,87.8,87.8,10,87.76,3,,,,,,,,,,,,,,,,,87.94,3,87.95,4,87.98,1,87.99,5,88.09,6,88.1,5,88.11,1,88.12,6,88.13,7,88.17,6
2025-04-10 09:36:43,87.87,87.83,1,87.8,10,87.94,3,87.94,87.8,87.8,10,87.76,3,,,,,,,,,,,,,,,,,87.94,3,87.95,4,87.98,1,87.99,5,88.09,6,88.1,5,88.11,1,88.12,6,88.13,7,88.17,6
2025-04-10 09:36:44,87.87,87.83,1,87.8,10,87.94,3,87.94,87.8,87.8,10,87.76,3,,,,,,,,,,,,,,,,,87.94,3,87.95,4,87.98,1,87.99,5,88.09,6,88.1,5,88.11,1,88.12,6,88.13,7,88.17,6
2025-04-10 09:36:45,87.87,87.81,2,87.8,10,87.94,3,87.94,87.8,87.8,10,87.76,3,,,,,,,,,,,,,,,,,87.94,3,87.95,4,87.98,1,87.99,5,88.09,6,88.1,5,88.11,1,88.12,6,88.13,7,88.17,6
2025-04-10 09:36:46,87.87,87.87,1,87.8,10,87.94,3,87.94,87.8,87.8,10,87.76,3,,,,,,,,,,,,,,,,,87.94,3,87.95,4,87.98,1,87.99,5,88.09,6,88.1,5,88.11,1,88.12,6,88.13,7,88.17,6
2025-04-10 09:36:47,87.87,87.87,1,87.8,10,87.94,3,87.94,87.8,87.8,10,87.76,3,,,,,,,,,,,,,,,,,87.94,3,87.95,4,87.98,1,87.99,5,88.09,6,88.1,5,88.11,1,88.12,6,88.13,7,88.17,6
2025-04-10 09:36:48,87.885,87.87,1,87.83,3,87.94,3,87.94,87.83,87.83,3,87.8,10,87.76,3,,,,,,,,,,,,,,,87.94,3,87.95,4,87.98,1,87.99,5,88.09,6,88.1,5,88.11,1,88.12,6,88.13,7,88.17,6
2025-04-10 09:36:49,87.87,87.87,1,87.8,10,87.94,3,87.94,87.8,87.8,10,87.76,3,,,,,,,,,,,,,,,,,87.94,3,87.95,4,87.98,1,87.99,5,88.09,6,88.1,5,88.11,1,88.12,6,88.13,7,88.17,6
2025-04-10 09:36:50,87.87,87.85,1,87.8,10,87.94,3,87.94,87.8,87.8,10,87.76,3,,,,,,,,,,,,,,,,,87.94,3,87.95,4,87.98,1,87.99,5,88.09,6,88.1,5,88.11,1,88.12,6,88.13,7,88.17,6
2025-04-10 09:36:51,87.885,87.87,1,87.83,3,87.94,4,87.94,87.83,87.83,3,87.81,1,87.8,10,87.76,3,,,,,,,,,,,,,87.94,4,87.95,4,87.98,1,87.99,5,88.09,6,88.1,5,88.11,1,88.12,6,88.13,7,88.17,6
2025-04-10 09:36:52,87.895,87.9,3,87.85,1,87.94,4,87.94,87.85,87.85,1,87.84,4,87.83,4,87.81,1,87.8,10,87.76,3,,,,,,,,,87.94,4,87.95,4,87.98,1,87.99,5,88.09,6,88.1,5,88.11,1,88.12,6,88.13,7,88.17,6
2025-04-10 09:36:53,87.895,87.87,1,87.85,3,87.94,6,87.94,87.85,87.85,3,87.84,4,87.83,4,87.81,1,87.8,10,87.76,3,,,,,,,,,87.94,6,87.95,4,87.98,1,87.99,5,88.09,6,88.1,5,88.11,1,88.12,6,88.13,7,88.17,6
2025-04-10 09:36:54,87.87,87.84,1,87.8,10,87.94,6,87.94,87.8,87.8,10,87.76,3,,,,,,,,,,,,,,,,,87.94,6,87.95,4,87.98,1,87.99,5,88.09,6,88.1,5,88.11,1,88.12,6,88.13,7,88.17,6
2025-04-10 09:36:55,87.87,87.87,2,87.8,10,87.94,6,87.94,87.8,87.8,10,87.76,3,,,,,,,,,,,,,,,,,87.94,6,87.95,4,87.98,1,87.99,5,88.09,6,88.1,5,88.11,1,88.12,6,88.13,7,88.17,6
2025-04-10 09:36:56,87.87,87.87,2,87.8,10,87.94,6,87.94,87.8,87.8,10,87.76,3,,,,,,,,,,,,,,,,,87.94,6,87.95,4,87.98,1,87.99,5,88.09,6,88.1,5,88.11,1,88.12,6,88.13,7,88.17,6
2025-04-10 09:36:57,87.87,87.81,1,87.8,10,87.94,6,87.94,87.8,87.8,10,87.76,3,,,,,,,,,,,,,,,,,87.94,6,87.95,4,87.98,1,87.99,5,88.09,6,88.1,5,88.11,1,88.12,6,88.13,7,88.17,6
2025-04-10 09:36:58,87.87,87.81,1,87.8,10,87.94,6,87.94,87.8,87.8,10,87.76,3,,,,,,,,,,,,,,,,,87.94,6,87.95,4,87.98,1,87.99,5,88.09,6,88.1,5,88.11,1,88.12,6,88.13,7,88.17,6
2025-04-10 09:36:59,87.87,87.81,1,87.8,10,87.94,6,87.94,87.8,87.8,10,87.76,3,,,,,,,,,,,,,,,,,87.94,6,87.95,4,87.98,1,87.99,5,88.09,6,88.1,5,88.11,1,88.12,6,88.13,7,88.17,6
2025-04-10 09:37:00,87.87,87.81,1,87.8,10,87.94,7,87.94,87.8,87.8,10,87.76,3,,,,,,,,,,,,,,,,,87.94,7,87.95,4,87.98,1,87.99,5,88.09,6,88.1,5,88.11,1,88.12,6,88.13,7,88.17,6
2025-04-10 09:37:01,87.795,87.8,1,87.73,5,87.86,3,87.86,87.73,87.73,5,,,,,,,,,,,,,,,,,,,87.86,3,87.91,31,87.94,8,87.95,4,87.98,1,87.99,5,88.09,6,88.1,5,88.11,1,88.12,6
2025-04-10 09:37:02,87.84,87.8,1,87.74,1,87.94,10,87.94,87.74,87.74,1,87.73,5,,,,,,,,,,,,,,,,,87.94,10,87.95,4,87.98,1,87.99,5,88.09,6,88.1,5,88.11,1,88.12,6,88.13,7,88.17,6
2025-04-10 09:37:03,87.835,87.84,1,87.74,3,87.93,2,87.93,87.74,87.74,3,87.73,5,,,,,,,,,,,,,,,,,87.93,2,87.94,13,87.95,4,87.98,1,87.99,5,88.09,6,88.1,5,88.11,1,88.12,6,88.13,7
2025-04-10 09:37:04,87.785,87.81,1,87.73,6,87.84,2,87.84,87.73,87.73,6,,,,,,,,,,,,,,,,,,,87.84,2,87.91,2,87.93,2,87.94,13,87.95,4,87.98,1,87.99,5,88.09,6,88.1,5,88.11,1
2025-04-10 09:37:05,87.73,87.73,1,87.66,1,87.8,5,87.8,87.66,87.66,1,87.62,5,,,,,,,,,,,,,,,,,87.8,5,87.81,5,87.82,8,87.83,37,87.84,2,87.91,2,87.93,2,87.94,13,87.95,4,87.98,1
2025-04-10 09:37:06,87.705,87.67,1,87.62,8,87.79,7,87.79,87.62,87.62,8,,,,,,,,,,,,,,,,,,,87.79,7,87.8,8,87.81,5,87.82,8,87.83,37,87.84,2,87.91,2,87.93,2,87.94,13,87.95,4
2025-04-10 09:37:07,87.715,87.67,1,87.64,1,87.79,7,87.79,87.64,87.64,1,87.62,8,,,,,,,,,,,,,,,,,87.79,7,87.8,8,87.81,5,87.82,8,87.83,37,87.84,2,87.91,2,87.93,2,87.94,13,87.95,4
2025-04-10 09:37:08,87.715,87.66,3,87.64,1,87.79,8,87.79,87.64,87.64,1,87.62,8,,,,,,,,,,,,,,,,,87.79,8,87.8,8,87.81,5,87.82,8,87.83,37,87.84,2,87.91,2,87.93,2,87.94,13,87.95,4
2025-04-10 09:37:09,87.685,87.66,3,87.64,1,87.73,1,87.73,87.64,87.64,1,87.62,8,,,,,,,,,,,,,,,,,87.73,1,87.79,8,87.8,8,87.81,5,87.82,8,87.83,37,87.84,2,87.91,2,87.93,2,87.94,13
2025-04-10 09:37:10,87.64,87.66,1,87.55,4,87.73,8,87.73,87.55,87.55,4,,,,,,,,,,,,,,,,,,,87.73,8,87.79,8,87.8,8,87.81,5,87.82,8,87.83,37,87.84,2,87.91,2,87.93,2,87.94,13
2025-04-10 09:37:11,87.635,87.66,1,87.55,4,87.72,5,87.72,87.55,87.55,4,,,,,,,,,,,,,,,,,,,87.72,5,87.73,8,87.79,8,87.8,8,87.81,5,87.82,8,87.83,37,87.84,2,87.91,2,87.93,2
2025-04-10 09:37:12,87.595,87.61,1,87.5,6,87.69,3,87.69,87.5,87.5,6,,,,,,,,,,,,,,,,,,,87.69,3,87.71,5,87.72,9,87.73,8,87.79,8,87.8,8,87.81,5,87.82,8,87.83,37,87.84,2
2025-04-10 09:37:13,87.595,87.61,1,87.5,6,87.69,5,87.69,87.5,87.5,6,,,,,,,,,,,,,,,,,,,87.69,5,87.71,5,87.72,9,87.73,8,87.79,8,87.8,8,87.81,5,87.82,8,87.83,37,87.84,2
2025-04-10 09:37:14,87.595,87.57,1,87.5,6,87.69,6,87.69,87.5,87.5,6,,,,,,,,,,,,,,,,,,,87.69,6,87.71,5,87.72,9,87.73,8,87.79,8,87.8,8,87.81,5,87.82,8,87.83,37,87.84,2
2025-04-10 09:37:15,87.595,87.57,1,87.5,6,87.69,6,87.69,87.5,87.5,6,,,,,,,,,,,,,,,,,,,87.69,6,87.71,5,87.72,9,87.73,8,87.79,8,87.8,8,87.81,5,87.82,8,87.83,37,87.84,2
2025-04-10 09:37:16,87.585,87.59,1,87.5,7,87.67,3,87.67,87.5,87.5,7,,,,,,,,,,,,,,,,,,,87.67,3,87.69,6,87.71,5,87.72,9,87.73,8,87.79,8,87.8,8,87.81,5,87.82,8,87.83,37
2025-04-10 09:37:17,87.585,87.59,1,87.5,7,87.67,3,87.67,87.5,87.5,7,,,,,,,,,,,,,,,,,,,87.67,3,87.69,6,87.71,5,87.72,9,87.73,8,87.79,8,87.8,8,87.81,5,87.82,8,87.83,37
2025-04-10 09:37:18,87.61,87.59,1,87.55,6,87.67,7,87.67,87.55,87.55,6,87.5,7,,,,,,,,,,,,,,,,,87.67,7,87.69,6,87.71,5,87.72,9,87.73,8,87.79,8,87.8,8,87.81,5,87.82,8,87.83,37
2025-04-10 09:37:19,87.61,87.67,3,87.55,6,87.67,7,87.67,87.55,87.55,6,87.5,7,,,,,,,,,,,,,,,,,87.67,7,87.69,6,87.71,5,87.72,9,87.73,8,87.79,8,87.8,8,87.81,5,87.82,8,87.83,37
2025-04-10 09:37:20,87.61,87.61,1,87.55,6,87.67,7,87.67,87.55,87.55,6,87.5,7,,,,,,,,,,,,,,,,,87.67,7,87.69,6,87.71,5,87.72,9,87.73,8,87.79,8,87.8,8,87.81,5,87.82,8,87.83,37
2025-04-10 09:37:21,87.61,87.61,1,87.55,7,87.67,7,87.67,87.55,87.55,7,87.5,7,,,,,,,,,,,,,,,,,87.67,7,87.69,6,87.71,5,87.72,9,87.73,8,87.79,8,87.8,8,87.81,5,87.82,8,87.83,37
2025-04-10 09:37:22,87.63,87.63,1,87.59,1,87.67,7,87.67,87.59,87.59,1,87.55,7,87.5,7,,,,,,,,,,,,,,,87.67,7,87.69,6,87.71,5,87.72,9,87.73,8,87.79,8,87.8,8,87.81,5,87.82,8,87.83,37
2025-04-10 09:37:23,87.63,87.63,1,87.59,1,87.67,7,87.67,87.59,87.59,1,87.55,7,87.5,7,,,,,,,,,,,,,,,87.67,7,87.69,6,87.71,5,87.72,9,87.73,8,87.79,8,87.8,8,87.81,5,87.82,8,87.83,37
2025-04-10 09:37:24,87.615,87.58,1,87.56,2,87.67,14,87.67,87.56,87.56,2,87.55,6,87.5,7,,,,,,,,,,,,,,,87.67,14,87.69,6,87.71,5,87.72,9,87.73,8,87.79,8,87.8,8,87.81,5,87.82,8,87.83,37
2025-04-10 09:37:25,87.57,87.93,1,87.5,7,87.64,6,87.64,87.5,87.5,7,,,,,,,,,,,,,,,,,,,87.64,6,87.65,1,87.66,1,87.67,14,87.69,6,87.71,5,87.72,9,87.73,8,87.79,8,87.8,8
2025-04-10 09:37:26,87.57,87.93,1,87.5,7,87.64,7,87.64,87.5,87.5,7,,,,,,,,,,,,,,,,,,,87.64,7,87.65,1,87.66,1,87.67,14,87.69,6,87.71,5,87.72,9,87.73,8,87.79,8,87.8,8
2025-04-10 09:37:27,87.57,87.5,1,87.5,7,87.64,7,87.64,87.5,87.5,7,,,,,,,,,,,,,,,,,,,87.64,7,87.65,1,87.66,1,87.67,14,87.69,6,87.71,5,87.72,9,87.73,8,87.79,8,87.8,8
2025-04-10 09:37:28,87.565,87.57,1,87.5,6,87.63,2,87.63,87.5,87.5,6,,,,,,,,,,,,,,,,,,,87.63,2,87.64,8,87.65,1,87.66,1,87.67,14,87.69,6,87.71,5,87.72,9,87.73,8,87.79,8
2025-04-10 09:37:29,87.565,87.51,1,87.5,5,87.63,3,87.63,87.5,87.5,5,,,,,,,,,,,,,,,,,,,87.63,3,87.64,8,87.65,1,87.66,1,87.67,14,87.69,6,87.71,5,87.72,9,87.73,8,87.79,8
2025-04-10 09:37:30,87.565,87.5,1,87.5,5,87.63,6,87.63,87.5,87.5,5,,,,,,,,,,,,,,,,,,,87.63,6,87.64,8,87.65,1,87.66,1,87.67,14,87.69,6,87.71,5,87.72,9,87.73,8,87.79,8
2025-04-10 09:37:31,87.565,87.52,1,87.5,5,87.63,6,87.63,87.5,87.5,5,,,,,,,,,,,,,,,,,,,87.63,6,87.64,8,87.65,1,87.66,1,87.67,14,87.69,6,87.71,5,87.72,9,87.73,8,87.79,8
2025-04-10 09:37:32,87.525,87.44,2,87.44,2,87.61,2,87.61,87.44,87.44,2,,,,,,,,,,,,,,,,,,,87.61,2,87.62,5,87.63,6,87.64,8,87.65,1,87.66,1,87.67,14,87.69,6,87.71,5,87.72,9
2025-04-10 09:37:33,87.495,87.46,1,87.4,3,87.59,2,87.59,87.4,87.4,3,,,,,,,,,,,,,,,,,,,87.59,2,87.61,6,87.62,5,87.63,6,87.64,8,87.65,1,87.66,1,87.67,14,87.69,6,87.71,5
2025-04-10 09:37:34,87.49,87.41,2,87.4,2,87.58,1,87.58,87.4,87.4,2,,,,,,,,,,,,,,,,,,,87.58,1,87.59,2,87.61,6,87.62,5,87.63,6,87.64,8,87.65,1,87.66,1,87.67,14,87.69,6
2025-04-10 09:37:35,87.49,87.46,1,87.4,5,87.58,6,87.58,87.4,87.4,5,,,,,,,,,,,,,,,,,,,87.58,6,87.59,2,87.61,6,87.62,5,87.63,6,87.64,8,87.65,1,87.66,1,87.67,14,87.69,6
2025-04-10 09:37:36,87.48,87.46,1,87.4,5,87.56,3,87.56,87.4,87.4,5,,,,,,,,,,,,,,,,,,,87.56,3,87.58,6,87.59,2,87.61,6,87.62,5,87.63,6,87.64,8,87.65,1,87.66,1,87.67,14
2025-04-10 09:37:37,87.475,87.45,2,87.4,5,87.55,3,87.55,87.4,87.4,5,,,,,,,,,,,,,,,,,,,87.55,3,87.56,3,87.58,6,87.59,2,87.61,6,87.62,5,87.63,6,87.64,8,87.65,1,87.66,1
2025-04-10 09:37:38,87.475,87.41,1,87.4,5,87.55,3,87.55,87.4,87.4,5,,,,,,,,,,,,,,,,,,,87.55,3,87.56,3,87.58,6,87.59,2,87.61,6,87.62,5,87.63,6,87.64,8,87.65,1,87.66,1
2025-04-10 09:37:39,87.48,87.47,1,87.41,1,87.55,3,87.55,87.41,87.41,1,87.39,4,,,,,,,,,,,,,,,,,87.55,3,87.56,3,87.58,6,87.59,2,87.61,6,87.62,5,87.63,6,87.64,8,87.65,1,87.66,1
2025-04-10 09:37:40,87.48,87.41,1,87.41,1,87.55,4,87.55,87.41,87.41,1,87.39,4,,,,,,,,,,,,,,,,,87.55,4,87.56,3,87.58,6,87.59,2,87.61,6,87.62,5,87.63,6,87.64,8,87.65,1,87.66,1
2025-04-10 09:37:41,87.435,87.44,1,87.38,2,87.49,1,87.49,87.38,87.38,2,,,,,,,,,,,,,,,,,,,87.49,1,87.53,5,87.55,7,87.56,3,87.58,6,87.59,2,87.61,6,87.62,5,87.63,6,87.64,8
2025-04-10 09:37:42,87.445,87.44,1,87.4,1,87.49,4,87.49,87.4,87.4,1,87.39,1,87.38,2,,,,,,,,,,,,,,,87.49,4,87.53,5,87.55,7,87.56,3,87.58,6,87.59,2,87.61,6,87.62,5,87.63,6,87.64,8
2025-04-10 09:37:43,87.445,87.44,1,87.4,1,87.49,4,87.49,87.4,87.4,1,87.39,1,87.38,2,,,,,,,,,,,,,,,87.49,4,87.53,5,87.55,7,87.56,3,87.58,6,87.59,2,87.61,6,87.62,5,87.63,6,87.64,8
2025-04-10 09:37:44,87.445,87.4,1,87.4,4,87.49,5,87.49,87.4,87.4,4,87.39,1,87.38,2,,,,,,,,,,,,,,,87.49,5,87.53,5,87.55,7,87.56,3,87.58,6,87.59,2,87.61,6,87.62,5,87.63,6,87.64,8
2025-04-10 09:37:45,87.445,87.4,1,87.4,4,87.49,8,87.49,87.4,87.4,4,87.39,1,87.38,2,,,,,,,,,,,,,,,87.49,8,87.53,5,87.55,7,87.56,3,87.58,6,87.59,2,87.61,6,87.62,5,87.63,6,87.64,8
2025-04-10 09:37:46,87.505,87.51,2,87.47,1,87.54,5,87.54,87.47,87.47,1,87.4,4,87.39,1,87.38,2,,,,,,,,,,,,,87.54,5,87.55,7,87.56,3,87.58,6,87.59,2,87.61,6,87.62,5,87.63,6,87.64,8,87.65,1
2025-04-10 09:37:47,87.49,87.49,1,87.44,1,87.54,8,87.54,87.44,87.44,1,87.41,3,87.4,4,87.39,1,87.38,2,,,,,,,,,,,87.54,8,87.55,7,87.56,3,87.58,6,87.59,2,87.61,6,87.62,5,87.63,6,87.64,8,87.65,1
2025-04-10 09:37:48,87.465,87.47,1,87.41,4,87.52,4,87.52,87.41,87.41,4,87.4,4,87.39,1,87.38,2,,,,,,,,,,,,,87.52,4,87.54,8,87.55,7,87.56,3,87.58,6,87.59,2,87.61,6,87.62,5,87.63,6,87.64,8
2025-04-10 09:37:49,87.465,87.47,1,87.41,7,87.52,4,87.52,87.41,87.41,7,87.4,4,87.39,1,87.38,2,,,,,,,,,,,,,87.52,4,87.54,8,87.55,7,87.56,3,87.58,6,87.59,2,87.61,6,87.62,5,87.63,6,87.64,8
2025-04-10 09:37:50,87.48,87.5,1,87.44,2,87.52,2,87.52,87.44,87.44,2,87.41,7,87.4,4,87.39,1,87.38,2,,,,,,,,,,,87.52,2,87.54,7,87.55,7,87.56,3,87.58,6,87.59,2,87.61,6,87.62,5,87.63,6,87.64,8
2025-04-10 09:37:51,87.465,87.46,1,87.41,7,87.52,5,87.52,87.41,87.41,7,87.4,4,87.39,1,87.38,2,,,,,,,,,,,,,87.52,5,87.53,4,87.54,7,87.55,7,87.56,3,87.58,6,87.59,2,87.61,6,87.62,5,87.63,6
2025-04-10 09:37:52,87.445,87.47,1,87.39,2,87.5,5,87.5,87.39,87.39,2,87.38,2,,,,,,,,,,,,,,,,,87.5,5,87.51,1,87.52,1,87.53,29,87.54,7,87.55,7,87.56,3,87.58,6,87.59,2,87.61,6
2025-04-10 09:37:53,87.41,87.39,1,87.33,2,87.49,3,87.49,87.33,87.33,2,,,,,,,,,,,,,,,,,,,87.49,3,87.5,5,87.51,1,87.52,1,87.53,29,87.54,7,87.55,7,87.56,3,87.58,6,87.59,2
2025-04-10 09:37:54,87.41,87.33,2,87.33,2,87.49,6,87.49,87.33,87.33,2,,,,,,,,,,,,,,,,,,,87.49,6,87.5,5,87.51,1,87.52,1,87.53,29,87.54,7,87.55,7,87.56,3,87.58,6,87.59,2
2025-04-10 09:37:55,87.4,87.33,1,87.33,2,87.47,1,87.47,87.33,87.33,2,,,,,,,,,,,,,,,,,,,87.47,1,87.48,1,87.49,6,87.5,5,87.51,1,87.52,1,87.53,29,87.54,7,87.55,7,87.56,3
2025-04-10 09:37:56,87.33,87.33,1,87.27,1,87.39,1,87.39,87.27,87.27,1,,,,,,,,,,,,,,,,,,,87.39,1,87.45,5,87.47,2,87.48,1,87.49,6,87.5,5,87.51,1,87.52,1,87.53,29,87.54,7
2025-04-10 09:37:57,87.33,87.33,1,87.27,1,87.39,3,87.39,87.27,87.27,1,,,,,,,,,,,,,,,,,,,87.39,3,87.45,5,87.47,2,87.48,1,87.49,6,87.5,5,87.51,1,87.52,1,87.53,29,87.54,7
2025-04-10 09:37:58,87.33,87.33,1,87.27,2,87.39,3,87.39,87.27,87.27,2,,,,,,,,,,,,,,,,,,,87.39,3,87.45,5,87.47,2,87.48,1,87.49,6,87.5,5,87.51,1,87.52,1,87.53,29,87.54,7
2025-04-10 09:37:59,87.33,87.33,1,87.27,4,87.39,3,87.39,87.27,87.27,4,,,,,,,,,,,,,,,,,,,87.39,3,87.45,5,87.47,2,87.48,1,87.49,6,87.5,5,87.51,1,87.52,1,87.53,29,87.54,7
2025-04-10 09:38:00,87.33,87.33,1,87.27,7,87.39,3,87.39,87.27,87.27,7,,,,,,,,,,,,,,,,,,,87.39,3,87.45,5,87.47,2,87.48,1,87.49,6,87.5,5,87.51,1,87.52,1,87.53,29,87.54,7
2025-04-10 09:38:01,87.33,87.33,1,87.27,7,87.39,3,87.39,87.27,87.27,7,,,,,,,,,,,,,,,,,,,87.39,3,87.45,5,87.47,2,87.48,1,87.49,6,87.5,5,87.51,1,87.52,1,87.53,29,87.54,7
2025-04-10 09:38:02,87.335,87.33,1,87.28,1,87.39,3,87.39,87.28,87.28,1,87.27,7,,,,,,,,,,,,,,,,,87.39,3,87.45,5,87.47,2,87.48,1,87.49,6,87.5,5,87.51,1,87.52,1,87.53,29,87.54,7
2025-04-10 09:38:03,87.335,87.33,1,87.28,1,87.39,4,87.39,87.28,87.28,1,87.27,7,,,,,,,,,,,,,,,,,87.39,4,87.45,5,87.47,2,87.48,1,87.49,6,87.5,5,87.51,1,87.52,1,87.53,29,87.54,7
2025-04-10 09:38:04,87.335,87.34,1,87.28,1,87.39,4,87.39,87.28,87.28,1,87.27,7,,,,,,,,,,,,,,,,,87.39,4,87.45,5,87.47,2,87.48,1,87.49,6,87.5,5,87.51,1,87.52,1,87.53,29,87.54,7
2025-04-10 09:38:05,87.335,87.34,1,87.28,1,87.39,4,87.39,87.28,87.28,1,87.27,7,,,,,,,,,,,,,,,,,87.39,4,87.45,5,87.47,2,87.48,1,87.49,6,87.5,5,87.51,1,87.52,1,87.53,29,87.54,7
2025-04-10 09:38:06,87.335,87.34,1,87.28,3,87.39,4,87.39,87.28,87.28,3,87.27,7,,,,,,,,,,,,,,,,,87.39,4,87.45,5,87.47,2,87.48,1,87.49,6,87.5,5,87.51,1,87.52,1,87.53,29,87.54,7
2025-04-10 09:38:07,87.45,87.45,1,87.39,5,87.51,2,87.51,87.39,87.39,5,87.38,4,87.28,3,87.27,7,,,,,,,,,,,,,87.51,2,87.52,1,87.53,29,87.54,7,87.55,7,87.56,3,87.58,6,87.59,2,87.61,6,87.62,5
2025-04-10 09:38:08,87.455,87.42,2,87.4,2,87.51,2,87.51,87.4,87.4,2,87.39,8,87.38,4,87.28,3,87.27,7,,,,,,,,,,,87.51,2,87.52,1,87.53,29,87.54,7,87.55,7,87.56,3,87.58,6,87.59,2,87.61,6,87.62,5
2025-04-10 09:38:09,87.44,87.42,2,87.41,1,87.47,1,87.47,87.41,87.41,1,87.4,4,87.39,8,87.38,4,87.28,3,87.27,7,,,,,,,,,87.47,1,87.51,2,87.52,1,87.53,29,87.54,7,87.55,7,87.56,3,87.58,6,87.59,2,87.61,6
2025-04-10 09:38:10,87.44,87.4,1,87.38,7,87.5,5,87.5,87.38,87.38,7,87.28,3,87.27,7,,,,,,,,,,,,,,,87.5,5,87.51,4,87.52,1,87.53,29,87.54,7,87.55,7,87.56,3,87.58,6,87.59,2,87.61,6
2025-04-10 09:38:11,87.44,87.44,1,87.38,7,87.5,6,87.5,87.38,87.38,7,87.28,3,87.27,7,,,,,,,,,,,,,,,87.5,6,87.51,4,87.52,1,87.53,29,87.54,7,87.55,7,87.56,3,87.58,6,87.59,2,87.61,6
2025-04-10 09:38:12,87.44,87.44,1,87.38,5,87.5,4,87.5,87.38,87.38,5,87.28,3,87.27,7,,,,,,,,,,,,,,,87.5,4,87.51,4,87.52,1,87.53,29,87.54,7,87.55,7,87.56,3,87.58,6,87.59,2,87.61,6
2025-04-10 09:38:13,87.43,87.43,1,87.38,4,87.48,1,87.48,87.38,87.38,4,87.28,3,87.27,7,,,,,,,,,,,,,,,87.48,1,87.5,4,87.51,4,87.52,1,87.53,29,87.54,7,87.55,7,87.56,3,87.58,6,87.59,2
2025-04-10 09:38:14,87.43,87.43,1,87.38,4,87.48,2,87.48,87.38,87.38,4,87.28,3,87.27,7,,,,,,,,,,,,,,,87.48,2,87.5,4,87.51,4,87.52,1,87.53,29,87.54,7,87.55,7,87.56,3,87.58,6,87.59,2
2025-04-10 09:38:15,87.43,87.4,1,87.38,4,87.48,2,87.48,87.38,87.38,4,87.28,3,87.27,7,,,,,,,,,,,,,,,87.48,2,87.5,4,87.51,4,87.52,1,87.53,29,87.54,7,87.55,7,87.56,3,87.58,6,87.59,2
2025-04-10 09:38:16,87.44,87.38,1,87.38,4,87.5,4,87.5,87.38,87.38,4,87.28,3,87.27,7,,,,,,,,,,,,,,,87.5,4,87.51,4,87.52,1,87.53,29,87.54,7,87.55,7,87.56,3,87.58,6,87.59,2,87.61,6
2025-04-10 09:38:17,87.44,87.38,1,87.38,5,87.5,4,87.5,87.38,87.38,5,87.28,3,87.27,7,,,,,,,,,,,,,,,87.5,4,87.51,4,87.52,1,87.53,29,87.54,7,87.55,7,87.56,3,87.58,6,87.59,2,87.61,6
2025-04-10 09:38:18,87.44,87.38,1,87.38,5,87.5,4,87.5,87.38,87.38,5,87.28,3,87.27,7,,,,,,,,,,,,,,,87.5,4,87.51,4,87.52,1,87.53,29,87.54,7,87.55,7,87.56,3,87.58,6,87.59,2,87.61,6
2025-04-10 09:38:19,87.44,87.44,1,87.38,5,87.5,4,87.5,87.38,87.38,5,87.28,3,87.27,7,,,,,,,,,,,,,,,87.5,4,87.51,4,87.52,1,87.53,29,87.54,7,87.55,7,87.56,3,87.58,6,87.59,2,87.61,6
2025-04-10 09:38:20,87.44,87.42,1,87.38,5,87.5,5,87.5,87.38,87.38,5,87.28,3,87.27,7,,,,,,,,,,,,,,,87.5,5,87.51,4,87.52,1,87.53,29,87.54,7,87.55,7,87.56,3,87.58,6,87.59,2,87.61,6
2025-04-10 09:38:21,87.48,87.45,1,87.45,2,87.51,6,87.51,87.45,87.45,2,87.4,2,87.38,5,87.28,3,87.27,7,,,,,,,,,,,87.51,6,87.52,1,87.53,29,87.54,7,87.55,7,87.56,3,87.58,6,87.59,2,87.61,6,87.62,5
2025-04-10 09:38:22,87.48,87.48,1,87.45,2,87.51,6,87.51,87.45,87.45,2,87.4,2,87.38,5,87.28,3,87.27,7,,,,,,,,,,,87.51,6,87.52,1,87.53,29,87.54,7,87.55,7,87.56,3,87.58,6,87.59,2,87.61,6,87.62,5
2025-04-10 09:38:24,87.48,87.48,1,87.45,2,87.51,6,87.51,87.45,87.45,2,87.4,2,87.38,5,87.28,3,87.27,7,,,,,,,,,,,87.51,6,87.52,1,87.53,29,87.54,7,87.55,7,87.56,3,87.58,6,87.59,2,87.61,6,87.62,5
2025-04-10 09:38:25,87.49,87.49,1,87.41,1,87.57,5,87.57,87.41,87.41,1,87.4,2,87.38,5,87.28,3,87.27,7,,,,,,,,,,,87.57,5,87.58,6,87.59,2,87.61,6,87.62,5,87.63,6,87.64,8,87.65,1,87.66,1,87.67,14
2025-04-10 09:38:25,87.49,87.49,1,87.41,1,87.57,3,87.57,87.41,87.41,1,87.4,2,87.38,5,87.28,3,87.27,7,,,,,,,,,,,87.57,3,87.58,6,87.59,2,87.61,6,87.62,5,87.63,6,87.64,8,87.65,1,87.66,1,87.67,14
2025-04-10 09:38:27,87.49,87.49,1,87.41,3,87.57,4,87.57,87.41,87.41,3,87.4,2,87.38,5,87.28,3,87.27,7,,,,,,,,,,,87.57,4,87.58,6,87.59,2,87.61,6,87.62,5,87.63,6,87.64,8,87.65,1,87.66,1,87.67,14
2025-04-10 09:38:28,87.49,87.49,2,87.41,7,87.57,5,87.57,87.41,87.41,7,87.4,2,87.38,5,87.28,3,87.27,7,,,,,,,,,,,87.57,5,87.58,6,87.59,2,87.61,6,87.62,5,87.63,6,87.64,8,87.65,1,87.66,1,87.67,14
2025-04-10 09:38:29,87.605,87.63,2,87.58,3,87.63,8,87.63,87.58,87.58,3,87.53,2,87.48,4,87.47,1,87.42,1,87.41,8,87.4,2,87.38,5,87.28,3,87.27,7,87.63,8,87.64,8,87.65,1,87.66,1,87.67,14,87.69,6,87.71,5,87.72,9,87.73,8,87.79,8
2025-04-10 09:38:30,87.66,87.64,1,87.63,5,87.69,8,87.69,87.63,87.63,5,87.59,3,87.58,4,87.53,2,87.48,4,87.47,1,87.42,1,87.41,8,87.4,2,87.38,5,87.69,8,87.71,5,87.72,9,87.73,8,87.79,8,87.8,8,87.81,5,87.82,8,87.83,37,87.84,2
2025-04-10 09:38:31,87.64,87.64,3,87.59,3,87.69,9,87.69,87.59,87.59,3,87.58,4,87.53,2,87.48,4,87.47,1,87.42,1,87.41,8,87.4,2,87.38,5,87.28,3,87.69,9,87.71,5,87.72,9,87.73,8,87.79,8,87.8,8,87.81,5,87.82,8,87.83,37,87.84,2
2025-04-10 09:38:32,87.615,87.68,1,87.54,2,87.69,9,87.69,87.54,87.54,2,87.53,2,87.48,4,87.47,1,87.42,1,87.41,8,87.4,2,87.38,5,87.28,3,87.27,7,87.69,9,87.71,5,87.72,9,87.73,8,87.79,8,87.8,8,87.81,5,87.82,8,87.83,37,87.84,2
2025-04-10 09:38:33,87.615,87.68,1,87.54,5,87.69,9,87.69,87.54,87.54,5,87.53,2,87.48,4,87.47,1,87.42,1,87.41,8,87.4,2,87.38,5,87.28,3,87.27,7,87.69,9,87.71,5,87.72,9,87.73,8,87.79,8,87.8,8,87.81,5,87.82,8,87.83,37,87.84,2
2025-04-10 09:38:34,87.615,87.56,1,87.54,5,87.69,8,87.69,87.54,87.54,5,87.53,2,87.48,4,87.47,1,87.42,1,87.41,8,87.4,2,87.38,5,87.28,3,87.27,7,87.69,8,87.71,5,87.72,9,87.73,8,87.79,8,87.8,8,87.81,5,87.82,8,87.83,37,87.84,2
2025-04-10 09:38:35,87.615,87.62,1,87.54,5,87.69,8,87.69,87.54,87.54,5,87.53,2,87.48,4,87.47,1,87.42,1,87.41,8,87.4,2,87.38,5,87.28,3,87.27,7,87.69,8,87.71,5,87.72,9,87.73,8,87.79,8,87.8,8,87.81,5,87.82,8,87.83,37,87.84,2
2025-04-10 09:38:36,87.615,87.62,1,87.54,6,87.69,8,87.69,87.54,87.54,6,87.53,2,87.48,4,87.47,1,87.42,1,87.41,8,87.4,2,87.38,5,87.28,3,87.27,7,87.69,8,87.71,5,87.72,9,87.73,8,87.79,8,87.8,8,87.81,5,87.82,8,87.83,37,87.84,2
2025-04-10 09:38:37,87.615,87.62,1,87.54,7,87.69,8,87.69,87.54,87.54,7,87.53,2,87.48,4,87.47,1,87.42,1,87.41,8,87.4,2,87.38,5,87.28,3,87.27,7,87.69,8,87.71,5,87.72,9,87.73,8,87.79,8,87.8,8,87.81,5,87.82,8,87.83,37,87.84,2
2025-04-10 09:38:38,87.615,87.62,1,87.54,7,87.69,8,87.69,87.54,87.54,7,87.53,2,87.48,4,87.47,1,87.42,1,87.41,8,87.4,2,87.38,5,87.28,3,87.27,7,87.69,8,87.71,5,87.72,9,87.73,8,87.79,8,87.8,8,87.81,5,87.82,8,87.83,37,87.84,2
2025-04-10 09:38:39,87.615,87.57,1,87.54,6,87.69,8,87.69,87.54,87.54,6,87.53,2,87.48,4,87.47,1,87.42,1,87.41,8,87.4,2,87.38,5,87.28,3,87.27,7,87.69,8,87.71,5,87.72,9,87.73,8,87.79,8,87.8,8,87.81,5,87.82,8,87.83,37,87.84,2
2025-04-10 09:38:40,87.615,87.57,1,87.54,5,87.69,8,87.69,87.54,87.54,5,87.53,2,87.48,4,87.47,1,87.42,1,87.41,8,87.4,2,87.38,5,87.28,3,87.27,7,87.69,8,87.71,5,87.72,9,87.73,8,87.79,8,87.8,8,87.81,5,87.82,8,87.83,37,87.84,2
2025-04-10 09:38:41,87.615,87.59,3,87.54,5,87.69,8,87.69,87.54,87.54,5,87.53,2,87.48,4,87.47,1,87.42,1,87.41,8,87.4,2,87.38,5,87.28,3,87.27,7,87.69,8,87.71,5,87.72,9,87.73,8,87.79,8,87.8,8,87.81,5,87.82,8,87.83,37,87.84,2
2025-04-10 09:38:42,87.61,87.59,1,87.54,5,87.68,4,87.68,87.54,87.54,5,87.53,2,87.48,4,87.47,1,87.42,1,87.41,8,87.4,2,87.38,5,87.28,3,87.27,7,87.68,4,87.69,8,87.71,5,87.72,9,87.73,8,87.79,8,87.8,8,87.81,5,87.82,8,87.83,37
2025-04-10 09:38:43,87.61,87.59,1,87.54,5,87.68,4,87.68,87.54,87.54,5,87.53,2,87.48,4,87.47,1,87.42,1,87.41,8,87.4,2,87.38,5,87.28,3,87.27,7,87.68,4,87.69,8,87.71,5,87.72,9,87.73,8,87.79,8,87.8,8,87.81,5,87.82,8,87.83,37
2025-04-10 09:38:44,87.61,87.62,1,87.54,5,87.68,5,87.68,87.54,87.54,5,87.53,2,87.48,4,87.47,1,87.42,1,87.41,8,87.4,2,87.38,5,87.28,3,87.27,7,87.68,5,87.69,8,87.71,5,87.72,9,87.73,8,87.79,8,87.8,8,87.81,5,87.82,8,87.83,37
2025-04-10 09:38:45,87.61,87.62,1,87.54,5,87.68,5,87.68,87.54,87.54,5,87.53,2,87.48,4,87.47,1,87.42,1,87.41,8,87.4,2,87.38,5,87.28,3,87.27,7,87.68,5,87.69,8,87.71,5,87.72,9,87.73,8,87.79,8,87.8,8,87.81,5,87.82,8,87.83,37
2025-04-10 09:38:46,87.61,87.61,1,87.54,5,87.68,4,87.68,87.54,87.54,5,87.53,2,87.48,4,87.47,1,87.42,1,87.41,8,87.4,2,87.38,5,87.28,3,87.27,7,87.68,4,87.69,8,87.71,5,87.72,9,87.73,8,87.79,8,87.8,8,87.81,5,87.82,8,87.83,37
2025-04-10 09:38:47,87.61,87.61,1,87.54,5,87.68,4,87.68,87.54,87.54,5,87.53,2,87.48,4,87.47,1,87.42,1,87.41,8,87.4,2,87.38,5,87.28,3,87.27,7,87.68,4,87.69,8,87.71,5,87.72,9,87.73,8,87.79,8,87.8,8,87.81,5,87.82,8,87.83,37
2025-04-10 09:38:48,87.61,87.61,1,87.54,5,87.68,4,87.68,87.54,87.54,5,87.53,2,87.48,4,87.47,1,87.42,1,87.41,8,87.4,2,87.38,5,87.28,3,87.27,7,87.68,4,87.69,8,87.71,5,87.72,9,87.73,8,87.79,8,87.8,8,87.81,5,87.82,8,87.83,37
2025-04-10 09:38:49,87.61,87.61,1,87.54,5,87.68,4,87.68,87.54,87.54,5,87.53,2,87.48,4,87.47,1,87.42,1,87.41,8,87.4,2,87.38,5,87.28,3,87.27,7,87.68,4,87.69,8,87.71,5,87.72,9,87.73,8,87.79,8,87.8,8,87.81,5,87.82,8,87.83,37
2025-04-10 09:38:50,87.61,87.61,1,87.54,5,87.68,6,87.68,87.54,87.54,5,87.53,2,87.48,4,87.47,1,87.42,1,87.41,8,87.4,2,87.38,5,87.28,3,87.27,7,87.68,6,87.69,8,87.71,5,87.72,9,87.73,8,87.79,8,87.8,8,87.81,5,87.82,8,87.83,37
2025-04-10 09:38:51,87.605,87.61,1,87.54,5,87.67,3,87.67,87.54,87.54,5,87.53,2,87.48,4,87.47,1,87.42,1,87.41,8,87.4,2,87.38,5,87.28,3,87.27,7,87.67,3,87.68,6,87.69,8,87.71,5,87.72,9,87.73,8,87.79,8,87.8,8,87.81,5,87.82,8
2025-04-10 09:38:52,87.605,87.61,1,87.54,5,87.67,2,87.67,87.54,87.54,5,87.53,2,87.48,4,87.47,1,87.42,1,87.41,8,87.4,2,87.38,5,87.28,3,87.27,7,87.67,2,87.68,6,87.69,8,87.71,5,87.72,9,87.73,8,87.79,8,87.8,8,87.81,5,87.82,8
2025-04-10 09:38:53,87.605,87.61,1,87.54,5,87.67,4,87.67,87.54,87.54,5,87.53,2,87.48,4,87.47,1,87.42,1,87.41,8,87.4,2,87.38,5,87.28,3,87.27,7,87.67,4,87.68,6,87.69,8,87.71,5,87.72,9,87.73,8,87.79,8,87.8,8,87.81,5,87.82,8
2025-04-10 09:38:54,87.635,87.64,1,87.57,4,87.7,5,87.7,87.57,87.57,4,87.54,5,87.53,2,87.48,4,87.47,1,87.42,1,87.41,8,87.4,2,87.38,5,87.28,3,87.7,5,87.71,5,87.72,9,87.73,8,87.79,8,87.8,8,87.81,5,87.82,8,87.83,37,87.84,2
2025-04-10 09:38:55,87.705,87.76,2,87.63,3,87.78,10,87.78,87.63,87.63,3,87.6,1,87.57,7,87.54,5,87.53,2,87.48,4,87.47,1,87.42,1,87.41,8,87.4,2,87.78,10,87.79,8,87.8,8,87.81,5,87.82,8,87.83,37,87.84,2,87.91,2,87.93,2,87.94,13
2025-04-10 09:38:56,87.71,87.76,2,87.64,3,87.78,10,87.78,87.64,87.64,3,87.63,3,87.6,1,87.57,7,87.54,5,87.53,2,87.48,4,87.47,1,87.42,1,87.41,8,87.78,10,87.79,8,87.8,8,87.81,5,87.82,8,87.83,37,87.84,2,87.91,2,87.93,2,87.94,13
2025-04-10 09:38:57,87.83,87.89,2,87.76,4,87.9,4,87.9,87.76,87.76,4,87.75,3,87.74,2,87.73,3,87.72,1,87.71,2,87.7,1,87.67,1,87.64,3,87.63,3,87.9,4,87.91,6,87.93,2,87.94,13,87.95,4,87.98,1,87.99,5,88.09,6,88.1,5,88.11,1
2025-04-10 09:38:58,87.835,87.89,2,87.76,7,87.91,10,87.91,87.76,87.76,7,87.75,3,87.74,2,87.73,3,87.72,1,87.71,2,87.7,1,87.67,1,87.64,3,87.63,3,87.91,10,87.93,2,87.94,13,87.95,4,87.98,1,87.99,5,88.09,6,88.1,5,88.11,1,88.12,6
2025-04-10 09:38:59,87.8,87.8,1,87.69,3,87.91,8,87.91,87.69,87.69,3,87.67,1,87.64,3,87.63,3,87.6,1,87.57,7,87.54,5,87.53,2,87.48,4,87.47,1,87.91,8,87.93,2,87.94,13,87.95,4,87.98,1,87.99,5,88.09,6,88.1,5,88.11,1,88.12,6
2025-04-10 09:39:00,87.8,87.8,1,87.69,3,87.91,8,87.91,87.69,87.69,3,87.67,1,87.64,3,87.63,3,87.6,1,87.57,7,87.54,5,87.53,2,87.48,4,87.47,1,87.91,8,87.93,2,87.94,13,87.95,4,87.98,1,87.99,5,88.09,6,88.1,5,88.11,1,88.12,6
