sim_time,mid_price,last_price,last_size,best_bid_price,best_bid_size,best_ask_price,best_ask_size,close_price_buy,close_price_sell,bid1_price,bid1_size,bid2_price,bid2_size,bid3_price,bid3_size,bid4_price,bid4_size,bid5_price,bid5_size,bid6_price,bid6_size,bid7_price,bid7_size,bid8_price,bid8_size,bid9_price,bid9_size,bid10_price,bid10_size,ask1_price,ask1_size,ask2_price,ask2_size,ask3_price,ask3_size,ask4_price,ask4_size,ask5_price,ask5_size,ask6_price,ask6_size,ask7_price,ask7_size,ask8_price,ask8_size,ask9_price,ask9_size,ask10_price,ask10_size
2025-04-10 09:30:11,499.425,498.9,1,498.85,7,500.0,2,500.0,498.85,498.85,7,498.47,3,497.82,1,497.81,4,,,,,,,,,,,,,500.0,2,503.87,1,505.15,2,,,,,,,,,,,,,,
2025-04-10 09:30:12,499.425,498.85,1,498.85,7,500.0,2,500.0,498.85,498.85,7,498.47,3,497.82,1,497.81,4,,,,,,,,,,,,,500.0,2,503.87,1,505.15,2,,,,,,,,,,,,,,
2025-04-10 09:30:14,499.425,499.83,1,498.85,7,500.0,2,500.0,498.85,498.85,7,498.47,3,497.82,1,497.81,4,,,,,,,,,,,,,500.0,2,503.87,1,505.15,2,,,,,,,,,,,,,,
2025-04-10 09:30:15,499.425,499.83,1,498.85,7,500.0,2,500.0,498.85,498.85,7,498.47,3,497.82,1,497.81,4,,,,,,,,,,,,,500.0,2,503.87,1,505.15,2,,,,,,,,,,,,,,
2025-04-10 09:30:16,499.425,499.43,1,498.85,7,500.0,1,500.0,498.85,498.85,7,498.47,3,497.82,1,497.81,4,,,,,,,,,,,,,500.0,1,503.87,1,505.15,2,,,,,,,,,,,,,,
2025-04-10 09:30:17,499.425,499.43,1,498.85,7,500.0,2,500.0,498.85,498.85,7,498.47,3,497.82,1,497.81,4,,,,,,,,,,,,,500.0,2,503.87,1,505.15,2,,,,,,,,,,,,,,
2025-04-10 09:30:18,500.175,498.85,5,498.85,8,501.5,1,501.5,498.85,498.85,8,498.47,3,497.82,1,497.81,4,,,,,,,,,,,,,501.5,1,501.87,2,503.87,1,505.15,2,,,,,,,,,,,,
2025-04-10 09:30:19,500.175,498.85,5,498.85,8,501.5,3,501.5,498.85,498.85,8,498.47,3,497.82,1,497.81,4,,,,,,,,,,,,,501.5,3,501.87,2,503.87,1,505.15,2,,,,,,,,,,,,
2025-04-10 09:30:20,500.175,498.85,5,498.85,8,501.5,3,501.5,498.85,498.85,8,498.47,3,497.82,1,497.81,4,,,,,,,,,,,,,501.5,3,501.87,2,503.87,1,505.15,2,,,,,,,,,,,,
2025-04-10 09:30:21,500.175,498.85,5,498.85,8,501.5,3,501.5,498.85,498.85,8,498.47,3,497.82,1,497.81,4,,,,,,,,,,,,,501.5,3,501.87,2,503.87,1,505.15,2,,,,,,,,,,,,
2025-04-10 09:30:22,500.15,498.85,5,498.85,8,501.45,1,501.45,498.85,498.85,8,498.47,3,497.82,1,497.81,4,,,,,,,,,,,,,501.45,1,501.5,3,501.87,2,503.87,1,505.15,2,,,,,,,,,,
2025-04-10 09:30:23,500.15,500.3,1,498.85,8,501.45,1,501.45,498.85,498.85,8,498.47,3,497.82,1,497.81,4,,,,,,,,,,,,,501.45,1,501.5,3,501.87,2,503.87,1,505.15,2,,,,,,,,,,
2025-04-10 09:30:24,500.15,500.3,1,498.85,8,501.45,1,501.45,498.85,498.85,8,498.47,3,497.82,1,497.81,4,,,,,,,,,,,,,501.45,1,501.5,3,501.87,2,503.87,1,505.15,2,,,,,,,,,,
2025-04-10 09:30:25,500.15,500.3,1,498.85,8,501.45,1,501.45,498.85,498.85,8,498.47,3,497.82,1,497.81,4,,,,,,,,,,,,,501.45,1,501.5,3,501.87,2,503.87,1,505.15,2,,,,,,,,,,
2025-04-10 09:30:26,500.15,500.3,1,498.85,8,501.45,1,501.45,498.85,498.85,8,498.47,3,497.82,1,497.81,4,,,,,,,,,,,,,501.45,1,501.5,3,501.87,2,503.87,1,505.15,2,,,,,,,,,,
2025-04-10 09:30:27,500.395,500.57,1,499.34,3,501.45,3,501.45,499.34,499.34,3,498.85,8,498.47,3,497.82,1,497.81,4,,,,,,,,,,,501.45,3,501.5,3,501.87,2,503.87,1,505.15,2,,,,,,,,,,
2025-04-10 09:30:28,500.395,500.93,1,499.34,3,501.45,3,501.45,499.34,499.34,3,498.85,8,498.47,3,497.82,1,497.81,4,,,,,,,,,,,501.45,3,501.5,3,501.87,2,503.87,1,505.15,2,,,,,,,,,,
2025-04-10 09:30:29,500.39,500.4,1,499.34,3,501.44,2,501.44,499.34,499.34,3,498.85,8,498.47,3,497.82,1,497.81,4,,,,,,,,,,,501.44,2,501.45,3,501.5,3,501.87,2,503.87,1,505.15,2,,,,,,,,
2025-04-10 09:30:30,500.39,500.37,1,499.34,5,501.44,2,501.44,499.34,499.34,5,498.85,8,498.47,3,497.82,1,497.81,4,,,,,,,,,,,501.44,2,501.45,3,501.5,3,501.87,2,503.87,1,505.15,2,,,,,,,,
2025-04-10 09:30:31,500.39,500.37,1,499.34,5,501.44,2,501.44,499.34,499.34,5,498.85,8,498.47,3,497.82,1,497.81,4,,,,,,,,,,,501.44,2,501.45,3,501.5,3,501.87,2,503.87,1,505.15,2,,,,,,,,
2025-04-10 09:30:32,500.39,500.37,1,499.34,5,501.44,2,501.44,499.34,499.34,5,498.85,8,498.47,3,497.82,1,497.81,4,,,,,,,,,,,501.44,2,501.45,3,501.5,3,501.87,2,503.87,1,505.15,2,,,,,,,,
2025-04-10 09:30:33,500.39,500.37,1,499.34,5,501.44,2,501.44,499.34,499.34,5,498.85,8,498.47,3,497.82,1,497.81,4,,,,,,,,,,,501.44,2,501.45,3,501.5,3,501.87,2,503.87,1,505.15,2,,,,,,,,
2025-04-10 09:30:34,500.39,500.37,1,499.34,5,501.44,2,501.44,499.34,499.34,5,498.85,8,498.47,3,497.82,1,497.81,4,,,,,,,,,,,501.44,2,501.45,3,501.5,3,501.87,2,503.87,1,505.15,2,,,,,,,,
2025-04-10 09:30:35,500.365,500.37,1,499.34,5,501.39,1,501.39,499.34,499.34,5,498.85,8,498.47,3,497.82,1,497.81,4,,,,,,,,,,,501.39,1,501.44,2,501.45,3,501.5,3,501.87,2,503.87,1,505.15,2,,,,,,
2025-04-10 09:30:36,500.365,500.37,1,499.34,5,501.39,1,501.39,499.34,499.34,5,498.85,8,498.47,3,497.82,1,497.81,4,,,,,,,,,,,501.39,1,501.44,2,501.45,3,501.5,3,501.87,2,503.87,1,505.15,2,,,,,,
2025-04-10 09:30:37,500.365,500.37,1,499.34,5,501.39,1,501.39,499.34,499.34,5,498.85,8,498.47,3,497.82,1,497.81,4,,,,,,,,,,,501.39,1,501.44,2,501.45,3,501.5,3,501.87,2,503.87,1,505.15,2,,,,,,
2025-04-10 09:30:38,500.39,500.37,1,499.39,1,501.39,1,501.39,499.39,499.39,1,499.34,5,498.85,8,498.47,3,497.82,1,497.81,4,,,,,,,,,501.39,1,501.44,2,501.45,3,501.5,3,501.87,2,503.87,1,505.15,2,,,,,,
2025-04-10 09:30:39,500.39,500.37,1,499.39,1,501.39,1,501.39,499.39,499.39,1,499.34,5,498.85,8,498.47,3,497.82,1,497.81,4,,,,,,,,,501.39,1,501.44,2,501.45,3,501.5,3,501.87,2,503.87,1,505.15,2,,,,,,
2025-04-10 09:30:40,500.39,500.37,1,499.39,1,501.39,1,501.39,499.39,499.39,1,499.34,5,498.85,8,498.47,3,497.82,1,497.81,4,,,,,,,,,501.39,1,501.44,2,501.45,3,501.5,3,501.87,2,503.87,1,505.15,2,,,,,,
2025-04-10 09:30:41,500.39,500.37,1,499.39,1,501.39,1,501.39,499.39,499.39,1,499.34,5,498.85,8,498.47,3,497.82,1,497.81,4,,,,,,,,,501.39,1,501.44,2,501.45,3,501.5,3,501.87,2,503.87,1,505.15,2,,,,,,
2025-04-10 09:30:42,500.39,500.62,1,499.39,2,501.39,1,501.39,499.39,499.39,2,499.34,5,498.85,8,498.47,3,497.82,1,497.81,4,,,,,,,,,501.39,1,501.44,2,501.45,3,501.5,3,501.87,2,503.87,1,505.15,2,,,,,,
2025-04-10 09:30:43,500.39,500.62,1,499.39,2,501.39,1,501.39,499.39,499.39,2,499.34,5,498.85,8,498.47,3,497.82,1,497.81,4,,,,,,,,,501.39,1,501.44,2,501.45,3,501.5,3,501.87,2,503.87,1,505.15,2,,,,,,
2025-04-10 09:30:44,500.39,500.62,1,499.39,2,501.39,2,501.39,499.39,499.39,2,499.34,5,498.85,8,498.47,3,497.82,1,497.81,4,,,,,,,,,501.39,2,501.44,2,501.45,3,501.5,3,501.87,2,503.87,1,505.15,2,,,,,,
2025-04-10 09:30:45,500.39,500.62,1,499.39,2,501.39,2,501.39,499.39,499.39,2,499.34,5,498.85,8,498.47,3,497.82,1,497.81,4,,,,,,,,,501.39,2,501.44,2,501.45,3,501.5,3,501.87,2,503.87,1,505.15,2,,,,,,
2025-04-10 09:30:46,500.39,500.39,1,499.39,2,501.39,2,501.39,499.39,499.39,2,499.34,5,498.85,8,498.47,3,497.82,1,497.81,4,,,,,,,,,501.39,2,501.44,2,501.45,3,501.5,3,501.87,2,503.87,1,505.15,2,,,,,,
2025-04-10 09:30:47,500.39,500.39,1,499.39,2,501.39,2,501.39,499.39,499.39,2,499.34,5,498.85,8,498.47,3,497.82,1,497.81,4,,,,,,,,,501.39,2,501.44,2,501.45,3,501.5,3,501.87,2,503.87,1,505.15,2,,,,,,
2025-04-10 09:30:48,500.39,500.39,1,499.39,2,501.39,2,501.39,499.39,499.39,2,499.34,5,498.85,8,498.47,3,497.82,1,497.81,4,,,,,,,,,501.39,2,501.44,2,501.45,3,501.5,3,501.87,2,503.87,1,505.15,2,,,,,,
2025-04-10 09:30:49,500.39,500.39,1,499.39,3,501.39,2,501.39,499.39,499.39,3,499.34,5,498.85,8,498.47,3,497.82,1,497.81,4,,,,,,,,,501.39,2,501.44,2,501.45,3,501.5,3,501.87,2,503.87,1,505.15,2,,,,,,
2025-04-10 09:30:50,500.89,500.39,1,500.39,4,501.39,1,501.39,500.39,500.39,4,499.39,3,499.34,5,498.85,8,498.47,3,497.82,1,497.81,4,,,,,,,501.39,1,501.44,2,501.45,3,501.5,3,501.87,2,503.87,1,505.15,2,,,,,,
2025-04-10 09:30:51,500.885,500.89,2,500.39,4,501.38,2,501.38,500.39,500.39,4,499.39,3,499.34,5,498.85,8,498.47,3,497.82,1,497.81,4,,,,,,,501.38,2,501.39,1,501.44,2,501.45,3,501.5,3,501.87,2,503.87,1,505.15,2,,,,
2025-04-10 09:30:52,500.885,500.89,2,500.39,4,501.38,2,501.38,500.39,500.39,4,499.39,3,499.34,5,498.85,8,498.47,3,497.82,1,497.81,4,,,,,,,501.38,2,501.39,1,501.44,2,501.45,3,501.5,3,501.87,2,503.87,1,505.15,2,,,,
2025-04-10 09:30:53,500.385,500.39,1,499.39,1,501.38,3,501.38,499.39,499.39,1,499.34,5,498.85,8,498.47,3,497.82,1,497.81,4,,,,,,,,,501.38,3,501.39,1,501.44,2,501.45,3,501.5,3,501.87,2,503.87,1,505.15,2,,,,
2025-04-10 09:30:54,500.385,500.39,1,499.39,2,501.38,3,501.38,499.39,499.39,2,499.34,5,498.85,8,498.47,3,497.82,1,497.81,4,,,,,,,,,501.38,3,501.39,1,501.44,2,501.45,3,501.5,3,501.87,2,503.87,1,505.15,2,,,,
2025-04-10 09:30:55,500.385,500.39,1,499.39,3,501.38,3,501.38,499.39,499.39,3,499.34,5,498.85,8,498.47,3,497.82,1,497.81,4,,,,,,,,,501.38,3,501.39,1,501.44,2,501.45,3,501.5,3,501.87,2,503.87,1,505.15,2,,,,
2025-04-10 09:30:56,500.385,500.39,1,499.39,3,501.38,3,501.38,499.39,499.39,3,499.34,5,498.85,8,498.47,3,497.82,1,497.81,4,,,,,,,,,501.38,3,501.39,1,501.44,2,501.45,3,501.5,3,501.87,2,503.87,1,505.15,2,,,,
2025-04-10 09:30:57,500.385,500.39,1,499.39,3,501.38,3,501.38,499.39,499.39,3,499.34,5,498.85,8,498.47,3,497.82,1,497.81,4,,,,,,,,,501.38,3,501.39,1,501.44,2,501.45,3,501.5,3,501.87,2,503.87,1,505.15,2,,,,
2025-04-10 09:30:58,500.385,500.39,1,499.39,3,501.38,3,501.38,499.39,499.39,3,499.34,5,498.85,8,498.47,3,497.82,1,497.81,4,,,,,,,,,501.38,3,501.39,1,501.44,2,501.45,3,501.5,3,501.87,2,503.87,1,505.15,2,,,,
2025-04-10 09:30:59,500.69,500.39,1,500.0,1,501.38,1,501.38,500.0,500.0,1,499.39,3,499.34,5,498.85,8,498.47,3,497.82,1,497.81,4,,,,,,,501.38,1,501.39,1,501.44,2,501.45,3,501.5,3,501.87,2,503.87,1,505.15,2,,,,
2025-04-10 09:31:00,500.69,500.58,1,500.0,1,501.38,1,501.38,500.0,500.0,1,499.39,3,499.34,5,498.85,8,498.47,3,497.82,1,497.81,4,,,,,,,501.38,1,501.39,1,501.44,2,501.45,3,501.5,3,501.87,2,503.87,1,505.15,2,,,,
2025-04-10 09:31:01,500.555,500.2,1,499.72,1,501.39,2,501.39,499.72,499.72,1,499.0,1,498.85,8,498.47,3,497.82,1,497.81,4,,,,,,,,,501.39,2,501.44,2,501.45,3,501.5,3,501.87,2,503.87,1,505.15,2,,,,,,
2025-04-10 09:31:02,500.555,500.37,1,499.72,1,501.39,3,501.39,499.72,499.72,1,499.0,1,498.85,8,498.47,3,497.82,1,497.81,4,,,,,,,,,501.39,3,501.44,2,501.45,3,501.5,3,501.87,2,503.87,1,505.15,2,,,,,,
2025-04-10 09:31:03,500.555,500.37,1,499.72,1,501.39,2,501.39,499.72,499.72,1,499.0,1,498.85,8,498.47,3,497.82,1,497.81,4,,,,,,,,,501.39,2,501.44,2,501.45,3,501.5,3,501.87,2,503.87,1,505.15,2,,,,,,
2025-04-10 09:31:04,500.555,500.69,1,499.72,2,501.39,1,501.39,499.72,499.72,2,499.0,1,498.85,8,498.47,3,497.82,1,497.81,4,,,,,,,,,501.39,1,501.44,2,501.45,3,501.5,3,501.87,2,503.87,1,505.15,2,,,,,,
2025-04-10 09:31:05,500.555,500.69,1,499.72,2,501.39,1,501.39,499.72,499.72,2,499.0,1,498.85,8,498.47,3,497.82,1,497.81,4,,,,,,,,,501.39,1,501.44,2,501.45,3,501.5,3,501.87,2,503.87,1,505.15,2,,,,,,
2025-04-10 09:31:06,500.555,500.69,1,499.72,3,501.39,3,501.39,499.72,499.72,3,499.0,1,498.85,8,498.47,3,497.82,1,497.81,4,,,,,,,,,501.39,3,501.44,2,501.45,3,501.5,3,501.87,2,503.87,1,505.15,2,,,,,,
2025-04-10 09:31:07,500.0,500.0,1,499.0,1,501.0,3,501.0,499.0,499.0,1,498.85,8,498.47,3,497.82,1,497.81,4,,,,,,,,,,,501.0,3,501.05,2,501.39,3,501.44,2,501.45,3,501.5,3,501.87,2,503.87,1,505.15,2,,
2025-04-10 09:31:08,500.26,500.0,1,499.52,1,501.0,3,501.0,499.52,499.52,1,499.07,1,499.05,1,499.0,1,498.85,8,498.47,3,497.82,1,497.81,4,,,,,501.0,3,501.05,2,501.39,3,501.44,2,501.45,3,501.5,3,501.87,2,503.87,1,505.15,2,,
2025-04-10 09:31:09,500.26,500.26,1,499.52,1,501.0,3,501.0,499.52,499.52,1,499.07,1,499.05,1,499.0,1,498.85,8,498.47,3,497.82,1,497.81,4,,,,,501.0,3,501.05,2,501.39,3,501.44,2,501.45,3,501.5,3,501.87,2,503.87,1,505.15,2,,
2025-04-10 09:31:10,500.26,500.04,1,499.52,1,501.0,3,501.0,499.52,499.52,1,499.07,1,499.05,1,499.0,1,498.85,8,498.47,3,497.82,1,497.81,4,,,,,501.0,3,501.05,2,501.39,3,501.44,2,501.45,3,501.5,3,501.87,2,503.87,1,505.15,2,,
2025-04-10 09:31:11,500.26,500.04,1,499.52,1,501.0,3,501.0,499.52,499.52,1,499.07,1,499.05,1,499.0,1,498.85,8,498.47,3,497.82,1,497.81,4,,,,,501.0,3,501.05,2,501.39,3,501.44,2,501.45,3,501.5,3,501.87,2,503.87,1,505.15,2,,
2025-04-10 09:31:12,500.26,500.04,1,499.52,1,501.0,3,501.0,499.52,499.52,1,499.07,1,499.05,1,499.0,1,498.85,8,498.47,3,497.82,1,497.81,4,,,,,501.0,3,501.05,2,501.39,3,501.44,2,501.45,3,501.5,3,501.87,2,503.87,1,505.15,2,,
2025-04-10 09:31:13,500.26,500.26,3,499.52,1,501.0,3,501.0,499.52,499.52,1,499.07,1,499.05,1,499.0,1,498.85,8,498.47,3,497.82,1,497.81,4,,,,,501.0,3,501.05,2,501.39,3,501.44,2,501.45,3,501.5,3,501.87,2,503.87,1,505.15,2,,
2025-04-10 09:31:14,500.26,500.26,3,499.52,1,501.0,3,501.0,499.52,499.52,1,499.07,1,499.05,1,499.0,1,498.85,8,498.47,3,497.82,1,497.81,4,,,,,501.0,3,501.05,2,501.39,3,501.44,2,501.45,3,501.5,3,501.87,2,503.87,1,505.15,2,,
2025-04-10 09:31:15,500.26,500.26,3,499.52,1,501.0,3,501.0,499.52,499.52,1,499.07,1,499.05,1,499.0,1,498.85,8,498.47,3,497.82,1,497.81,4,,,,,501.0,3,501.05,2,501.39,3,501.44,2,501.45,3,501.5,3,501.87,2,503.87,1,505.15,2,,
2025-04-10 09:31:16,500.26,500.26,3,499.52,1,501.0,2,501.0,499.52,499.52,1,499.07,1,499.05,1,499.0,1,498.85,8,498.47,3,497.82,1,497.81,4,,,,,501.0,2,501.05,2,501.39,3,501.44,2,501.45,3,501.5,3,501.87,2,503.87,1,505.15,2,,
2025-04-10 09:31:17,500.695,501.34,1,500.0,1,501.39,5,501.39,500.0,500.0,1,499.52,1,499.07,1,499.05,1,499.0,1,498.85,8,498.47,3,497.82,1,497.81,4,,,501.39,5,501.44,2,501.45,3,501.5,3,501.87,2,503.87,1,505.15,2,,,,,,
2025-04-10 09:31:18,500.695,501.34,1,500.0,1,501.39,5,501.39,500.0,500.0,1,499.52,1,499.07,1,499.05,1,499.0,1,498.85,8,498.47,3,497.82,1,497.81,4,,,501.39,5,501.44,2,501.45,3,501.5,3,501.87,2,503.87,1,505.15,2,,,,,,
2025-04-10 09:31:19,500.695,501.34,1,500.0,1,501.39,5,501.39,500.0,500.0,1,499.52,1,499.07,1,499.05,1,499.0,1,498.85,8,498.47,3,497.82,1,497.81,4,,,501.39,5,501.44,2,501.45,3,501.5,3,501.87,2,503.87,1,505.15,2,,,,,,
2025-04-10 09:31:20,500.68,501.34,1,500.0,2,501.36,3,501.36,500.0,500.0,2,499.52,1,499.07,1,499.05,1,499.0,1,498.85,8,498.47,3,497.82,1,497.81,4,,,501.36,3,501.39,5,501.44,2,501.45,3,501.5,3,501.87,2,503.87,1,505.15,2,,,,
2025-04-10 09:31:21,500.68,501.34,1,500.0,2,501.36,5,501.36,500.0,500.0,2,499.52,1,499.07,1,499.05,1,499.0,1,498.85,8,498.47,3,497.82,1,497.81,4,,,501.36,5,501.39,5,501.44,2,501.45,3,501.5,3,501.87,2,503.87,1,505.15,2,,,,
2025-04-10 09:31:22,500.68,501.34,1,500.0,2,501.36,5,501.36,500.0,500.0,2,499.52,1,499.07,1,499.05,1,499.0,1,498.85,8,498.47,3,497.82,1,497.81,4,,,501.36,5,501.39,5,501.44,2,501.45,3,501.5,3,501.87,2,503.87,1,505.15,2,,,,
2025-04-10 09:31:23,499.515,499.52,1,499.0,1,500.03,2,500.03,499.0,499.0,1,498.85,8,498.47,3,497.82,1,497.81,4,,,,,,,,,,,500.03,2,501.36,7,501.39,5,501.44,2,501.45,3,501.5,3,501.87,2,503.87,1,505.15,2,,
2025-04-10 09:31:24,499.515,499.52,1,499.0,1,500.03,4,500.03,499.0,499.0,1,498.85,8,498.47,3,497.82,1,497.81,4,,,,,,,,,,,500.03,4,501.36,7,501.39,5,501.44,2,501.45,3,501.5,3,501.87,2,503.87,1,505.15,2,,
2025-04-10 09:31:25,499.515,499.52,1,499.0,1,500.03,4,500.03,499.0,499.0,1,498.85,8,498.47,3,497.82,1,497.81,4,,,,,,,,,,,500.03,4,501.36,7,501.39,5,501.44,2,501.45,3,501.5,3,501.87,2,503.87,1,505.15,2,,
2025-04-10 09:31:26,500.155,499.0,1,498.95,1,501.36,5,501.36,498.95,498.95,1,498.85,7,498.47,3,497.82,1,497.81,4,,,,,,,,,,,501.36,5,501.39,5,501.44,2,501.45,3,501.5,3,501.87,2,503.87,1,505.15,2,,,,
2025-04-10 09:31:27,500.155,500.15,1,498.95,2,501.36,6,501.36,498.95,498.95,2,498.85,7,498.47,3,497.82,1,497.81,4,,,,,,,,,,,501.36,6,501.39,5,501.44,2,501.45,3,501.5,3,501.87,2,503.87,1,505.15,2,,,,
2025-04-10 09:31:28,500.155,500.0,1,498.95,2,501.36,8,501.36,498.95,498.95,2,498.85,7,498.47,3,497.82,1,497.81,4,,,,,,,,,,,501.36,8,501.39,5,501.44,2,501.45,3,501.5,3,501.87,2,503.87,1,505.15,2,,,,
2025-04-10 09:31:29,500.155,500.0,1,498.95,2,501.36,8,501.36,498.95,498.95,2,498.85,7,498.47,3,497.82,1,497.81,4,,,,,,,,,,,501.36,8,501.39,5,501.44,2,501.45,3,501.5,3,501.87,2,503.87,1,505.15,2,,,,
2025-04-10 09:31:30,500.155,500.0,1,498.95,2,501.36,8,501.36,498.95,498.95,2,498.85,7,498.47,3,497.82,1,497.81,4,,,,,,,,,,,501.36,8,501.39,5,501.44,2,501.45,3,501.5,3,501.87,2,503.87,1,505.15,2,,,,
2025-04-10 09:31:31,500.155,500.0,1,498.95,2,501.36,8,501.36,498.95,498.95,2,498.85,7,498.47,3,497.82,1,497.81,4,,,,,,,,,,,501.36,8,501.39,5,501.44,2,501.45,3,501.5,3,501.87,2,503.87,1,505.15,2,,,,
2025-04-10 09:31:32,500.18,500.0,1,499.0,2,501.36,9,501.36,499.0,499.0,2,498.95,2,498.85,7,498.47,3,497.82,1,497.81,4,,,,,,,,,501.36,9,501.39,5,501.44,2,501.45,3,501.5,3,501.87,2,503.87,1,505.15,2,,,,
2025-04-10 09:31:33,500.18,500.0,1,499.0,2,501.36,9,501.36,499.0,499.0,2,498.95,2,498.85,7,498.47,3,497.82,1,497.81,4,,,,,,,,,501.36,9,501.39,5,501.44,2,501.45,3,501.5,3,501.87,2,503.87,1,505.15,2,,,,
2025-04-10 09:31:34,500.18,500.18,1,499.0,2,501.36,9,501.36,499.0,499.0,2,498.95,2,498.85,7,498.47,3,497.82,1,497.81,4,,,,,,,,,501.36,9,501.39,5,501.44,2,501.45,3,501.5,3,501.87,2,503.87,1,505.15,2,,,,
2025-04-10 09:31:35,500.18,500.18,1,499.0,2,501.36,8,501.36,499.0,499.0,2,498.95,2,498.85,7,498.47,3,497.82,1,497.81,4,,,,,,,,,501.36,8,501.39,5,501.44,2,501.45,3,501.5,3,501.87,2,503.87,1,505.15,2,,,,
2025-04-10 09:31:36,500.18,500.18,1,499.0,2,501.36,8,501.36,499.0,499.0,2,498.95,2,498.85,7,498.47,3,497.82,1,497.81,4,,,,,,,,,501.36,8,501.39,5,501.44,2,501.45,3,501.5,3,501.87,2,503.87,1,505.15,2,,,,
2025-04-10 09:31:37,500.18,500.18,1,499.0,2,501.36,8,501.36,499.0,499.0,2,498.95,2,498.85,7,498.47,3,497.82,1,497.81,4,,,,,,,,,501.36,8,501.39,5,501.44,2,501.45,3,501.5,3,501.87,2,503.87,1,505.15,2,,,,
2025-04-10 09:31:38,500.18,500.18,1,499.0,2,501.36,8,501.36,499.0,499.0,2,498.95,2,498.85,7,498.47,3,497.82,1,497.81,4,,,,,,,,,501.36,8,501.39,5,501.44,2,501.45,3,501.5,3,501.87,2,503.87,1,505.15,2,,,,
2025-04-10 09:31:39,500.18,500.18,1,499.0,2,501.36,8,501.36,499.0,499.0,2,498.95,2,498.85,7,498.47,3,497.82,1,497.81,4,,,,,,,,,501.36,8,501.39,5,501.44,2,501.45,3,501.5,3,501.87,2,503.87,1,505.15,2,,,,
2025-04-10 09:31:40,500.18,500.18,1,499.0,2,501.36,8,501.36,499.0,499.0,2,498.95,2,498.85,7,498.47,3,497.82,1,497.81,4,,,,,,,,,501.36,8,501.39,5,501.44,2,501.45,3,501.5,3,501.87,2,503.87,1,505.15,2,,,,
2025-04-10 09:31:41,500.18,500.18,1,499.0,2,501.36,8,501.36,499.0,499.0,2,498.95,2,498.85,7,498.47,3,497.82,1,497.81,4,,,,,,,,,501.36,8,501.39,5,501.44,2,501.45,3,501.5,3,501.87,2,503.87,1,505.15,2,,,,
2025-04-10 09:31:42,500.18,500.18,1,499.0,2,501.36,8,501.36,499.0,499.0,2,498.95,2,498.85,7,498.47,3,497.82,1,497.81,4,,,,,,,,,501.36,8,501.39,5,501.44,2,501.45,3,501.5,3,501.87,2,503.87,1,505.15,2,,,,
2025-04-10 09:31:43,500.18,500.18,1,499.0,2,501.36,8,501.36,499.0,499.0,2,498.95,2,498.85,7,498.47,3,497.82,1,497.81,4,,,,,,,,,501.36,8,501.39,5,501.44,2,501.45,3,501.5,3,501.87,2,503.87,1,505.15,2,,,,
2025-04-10 09:31:44,500.175,500.18,1,499.0,2,501.35,1,501.35,499.0,499.0,2,498.95,2,498.85,7,498.47,3,497.82,1,497.81,4,,,,,,,,,501.35,1,501.36,7,501.39,5,501.44,2,501.45,3,501.5,3,501.87,2,503.87,1,505.15,2,,
2025-04-10 09:31:45,500.175,500.18,1,499.0,2,501.35,2,501.35,499.0,499.0,2,498.95,2,498.85,7,498.47,3,497.82,1,497.81,4,,,,,,,,,501.35,2,501.36,7,501.39,5,501.44,2,501.45,3,501.5,3,501.87,2,503.87,1,505.15,2,,
2025-04-10 09:31:46,500.175,500.18,1,499.0,2,501.35,6,501.35,499.0,499.0,2,498.95,2,498.85,7,498.47,3,497.82,1,497.81,4,,,,,,,,,501.35,6,501.36,7,501.39,5,501.44,2,501.45,3,501.5,3,501.87,2,503.87,1,505.15,2,,
2025-04-10 09:31:47,500.175,500.18,1,499.0,2,501.35,7,501.35,499.0,499.0,2,498.95,2,498.85,7,498.47,3,497.82,1,497.81,4,,,,,,,,,501.35,7,501.36,7,501.39,5,501.44,2,501.45,3,501.5,3,501.87,2,503.87,1,505.15,2,,
2025-04-10 09:31:48,500.175,500.18,1,499.0,2,501.35,7,501.35,499.0,499.0,2,498.95,2,498.85,7,498.47,3,497.82,1,497.81,4,,,,,,,,,501.35,7,501.36,7,501.39,5,501.44,2,501.45,3,501.5,3,501.87,2,503.87,1,505.15,2,,
2025-04-10 09:31:49,500.175,500.18,1,499.0,2,501.35,7,501.35,499.0,499.0,2,498.95,2,498.85,7,498.47,3,497.82,1,497.81,4,,,,,,,,,501.35,7,501.36,7,501.39,5,501.44,2,501.45,3,501.5,3,501.87,2,503.87,1,505.15,2,,
2025-04-10 09:31:50,500.175,500.18,1,499.0,2,501.35,7,501.35,499.0,499.0,2,498.95,2,498.85,7,498.47,3,497.82,1,497.81,4,,,,,,,,,501.35,7,501.36,7,501.39,5,501.44,2,501.45,3,501.5,3,501.87,2,503.87,1,505.15,2,,
2025-04-10 09:31:51,500.175,500.18,1,499.0,2,501.35,7,501.35,499.0,499.0,2,498.95,2,498.85,7,498.47,3,497.82,1,497.81,4,,,,,,,,,501.35,7,501.36,7,501.39,5,501.44,2,501.45,3,501.5,3,501.87,2,503.87,1,505.15,2,,
2025-04-10 09:31:52,500.175,499.44,2,499.0,2,501.35,7,501.35,499.0,499.0,2,498.95,2,498.85,7,498.47,3,497.82,1,497.81,4,,,,,,,,,501.35,7,501.36,7,501.39,5,501.44,2,501.45,3,501.5,3,501.87,2,503.87,1,505.15,2,,
2025-04-10 09:31:53,500.175,499.44,2,499.0,2,501.35,7,501.35,499.0,499.0,2,498.95,2,498.85,7,498.47,3,497.82,1,497.81,4,,,,,,,,,501.35,7,501.36,7,501.39,5,501.44,2,501.45,3,501.5,3,501.87,2,503.87,1,505.15,2,,
2025-04-10 09:31:54,500.175,499.44,2,499.0,2,501.35,7,501.35,499.0,499.0,2,498.95,2,498.85,7,498.47,3,497.82,1,497.81,4,,,,,,,,,501.35,7,501.36,7,501.39,5,501.44,2,501.45,3,501.5,3,501.87,2,503.87,1,505.15,2,,
2025-04-10 09:31:55,500.175,499.44,2,499.0,2,501.35,7,501.35,499.0,499.0,2,498.95,2,498.85,7,498.47,3,497.82,1,497.81,4,,,,,,,,,501.35,7,501.36,7,501.39,5,501.44,2,501.45,3,501.5,3,501.87,2,503.87,1,505.15,2,,
2025-04-10 09:31:56,500.175,499.44,2,499.0,2,501.35,7,501.35,499.0,499.0,2,498.95,2,498.85,7,498.47,3,497.82,1,497.81,4,,,,,,,,,501.35,7,501.36,7,501.39,5,501.44,2,501.45,3,501.5,3,501.87,2,503.87,1,505.15,2,,
2025-04-10 09:31:57,500.24,499.44,2,499.13,1,501.35,7,501.35,499.13,499.13,1,499.0,2,498.95,2,498.85,7,498.47,3,497.82,1,497.81,4,,,,,,,501.35,7,501.36,7,501.39,5,501.44,2,501.45,3,501.5,3,501.87,2,503.87,1,505.15,2,,
2025-04-10 09:31:58,500.24,499.44,2,499.13,1,501.35,7,501.35,499.13,499.13,1,499.0,2,498.95,2,498.85,7,498.47,3,497.82,1,497.81,4,,,,,,,501.35,7,501.36,7,501.39,5,501.44,2,501.45,3,501.5,3,501.87,2,503.87,1,505.15,2,,
2025-04-10 09:31:59,500.24,499.44,2,499.13,1,501.35,7,501.35,499.13,499.13,1,499.0,2,498.95,2,498.85,7,498.47,3,497.82,1,497.81,4,,,,,,,501.35,7,501.36,7,501.39,5,501.44,2,501.45,3,501.5,3,501.87,2,503.87,1,505.15,2,,
2025-04-10 09:32:00,500.24,499.44,2,499.13,1,501.35,7,501.35,499.13,499.13,1,499.0,2,498.95,2,498.85,7,498.47,3,497.82,1,497.81,4,,,,,,,501.35,7,501.36,7,501.39,5,501.44,2,501.45,3,501.5,3,501.87,2,503.87,1,505.15,2,,
2025-04-10 09:32:01,500.24,499.44,2,499.13,1,501.35,7,501.35,499.13,499.13,1,499.0,2,498.95,2,498.85,7,498.47,3,497.82,1,497.81,4,,,,,,,501.35,7,501.36,7,501.39,5,501.44,2,501.45,3,501.5,3,501.87,2,503.87,1,505.15,2,,
2025-04-10 09:32:02,499.115,498.85,1,498.01,1,500.22,3,500.22,498.01,498.01,1,497.82,1,497.81,4,,,,,,,,,,,,,,,500.22,3,501.35,4,501.36,7,501.39,5,501.44,2,501.45,3,501.5,3,501.87,2,503.87,1,505.15,2
2025-04-10 09:32:03,499.01,498.85,1,497.81,1,500.21,3,500.21,497.81,497.81,1,497.76,1,497.07,1,,,,,,,,,,,,,,,500.21,3,500.22,3,501.35,4,501.36,7,501.39,5,501.44,2,501.45,3,501.5,3,501.87,2,503.87,1
2025-04-10 09:32:04,499.01,498.85,1,497.81,1,500.21,3,500.21,497.81,497.81,1,497.76,1,497.07,1,,,,,,,,,,,,,,,500.21,3,500.22,3,501.35,4,501.36,7,501.39,5,501.44,2,501.45,3,501.5,3,501.87,2,503.87,1
2025-04-10 09:32:05,499.01,498.85,1,497.81,1,500.21,3,500.21,497.81,497.81,1,497.76,1,497.07,1,,,,,,,,,,,,,,,500.21,3,500.22,3,501.35,4,501.36,7,501.39,5,501.44,2,501.45,3,501.5,3,501.87,2,503.87,1
2025-04-10 09:32:06,499.01,498.85,1,497.81,1,500.21,5,500.21,497.81,497.81,1,497.76,1,497.07,1,,,,,,,,,,,,,,,500.21,5,500.22,3,501.35,4,501.36,7,501.39,5,501.44,2,501.45,3,501.5,3,501.87,2,503.87,1
2025-04-10 09:32:07,499.02,498.85,1,497.84,1,500.2,3,500.2,497.84,497.84,1,497.81,1,497.76,1,497.07,1,,,,,,,,,,,,,500.2,3,500.21,5,500.22,3,501.35,4,501.36,7,501.39,5,501.44,2,501.45,3,501.5,3,501.87,2
2025-04-10 09:32:08,498.88,498.85,1,497.56,1,500.2,4,500.2,497.56,497.56,1,497.54,1,497.07,1,,,,,,,,,,,,,,,500.2,4,500.21,5,500.22,3,501.35,4,501.36,7,501.39,5,501.44,2,501.45,3,501.5,3,501.87,2
2025-04-10 09:32:09,498.895,498.85,1,497.59,1,500.2,4,500.2,497.59,497.59,1,497.57,1,497.07,1,,,,,,,,,,,,,,,500.2,4,500.21,5,500.22,3,501.35,4,501.36,7,501.39,5,501.44,2,501.45,3,501.5,3,501.87,2
2025-04-10 09:32:10,498.9,498.85,1,497.6,1,500.2,4,500.2,497.6,497.6,1,497.59,1,497.57,1,497.07,1,,,,,,,,,,,,,500.2,4,500.21,5,500.22,3,501.35,4,501.36,7,501.39,5,501.44,2,501.45,3,501.5,3,501.87,2
2025-04-10 09:32:11,498.9,497.99,1,497.6,1,500.2,4,500.2,497.6,497.6,1,497.59,1,497.57,1,497.07,1,,,,,,,,,,,,,500.2,4,500.21,5,500.22,3,501.35,4,501.36,7,501.39,5,501.44,2,501.45,3,501.5,3,501.87,2
2025-04-10 09:32:12,498.9,497.99,1,497.6,1,500.2,4,500.2,497.6,497.6,1,497.59,1,497.57,1,497.07,1,,,,,,,,,,,,,500.2,4,500.21,5,500.22,3,501.35,4,501.36,7,501.39,5,501.44,2,501.45,3,501.5,3,501.87,2
2025-04-10 09:32:13,498.87,497.99,1,497.54,1,500.2,4,500.2,497.54,497.54,1,497.07,1,,,,,,,,,,,,,,,,,500.2,4,500.21,5,500.22,3,501.35,4,501.36,7,501.39,5,501.44,2,501.45,3,501.5,3,501.87,2
2025-04-10 09:32:14,498.77,498.87,1,497.54,1,500.0,4,500.0,497.54,497.54,1,497.07,1,,,,,,,,,,,,,,,,,500.0,4,500.2,4,500.21,5,500.22,3,501.35,4,501.36,7,501.39,5,501.44,2,501.45,3,501.5,3
2025-04-10 09:32:15,498.77,498.87,1,497.54,1,500.0,5,500.0,497.54,497.54,1,497.07,1,,,,,,,,,,,,,,,,,500.0,5,500.2,4,500.21,5,500.22,3,501.35,4,501.36,7,501.39,5,501.44,2,501.45,3,501.5,3
2025-04-10 09:32:16,497.6,497.54,1,496.46,1,498.74,2,498.74,496.46,496.46,1,,,,,,,,,,,,,,,,,,,498.74,2,498.75,4,499.46,1,500.0,5,500.2,4,500.21,5,500.22,3,501.35,4,501.36,7,501.39,5
2025-04-10 09:32:17,497.6,497.54,1,496.46,1,498.74,2,498.74,496.46,496.46,1,,,,,,,,,,,,,,,,,,,498.74,2,498.75,4,499.46,1,500.0,5,500.2,4,500.21,5,500.22,3,501.35,4,501.36,7,501.39,5
2025-04-10 09:32:18,497.6,498.13,1,496.46,1,498.74,2,498.74,496.46,496.46,1,,,,,,,,,,,,,,,,,,,498.74,2,498.75,4,499.46,1,500.0,5,500.2,4,500.21,5,500.22,3,501.35,4,501.36,7,501.39,5
2025-04-10 09:32:19,497.6,498.13,1,496.46,1,498.74,2,498.74,496.46,496.46,1,,,,,,,,,,,,,,,,,,,498.74,2,498.75,4,499.46,1,500.0,5,500.2,4,500.21,5,500.22,3,501.35,4,501.36,7,501.39,5
2025-04-10 09:32:20,497.6,498.13,1,496.46,1,498.74,2,498.74,496.46,496.46,1,,,,,,,,,,,,,,,,,,,498.74,2,498.75,4,499.46,1,500.0,5,500.2,4,500.21,5,500.22,3,501.35,4,501.36,7,501.39,5
2025-04-10 09:32:21,497.595,497.6,1,496.46,1,498.73,1,498.73,496.46,496.46,1,,,,,,,,,,,,,,,,,,,498.73,1,498.74,2,498.75,4,499.46,1,500.0,5,500.2,4,500.21,5,500.22,3,501.35,4,501.36,7
2025-04-10 09:32:22,497.595,497.6,1,496.46,1,498.73,2,498.73,496.46,496.46,1,,,,,,,,,,,,,,,,,,,498.73,2,498.74,2,498.75,4,499.46,1,500.0,5,500.2,4,500.21,5,500.22,3,501.35,4,501.36,7
2025-04-10 09:32:23,497.595,497.6,1,496.46,1,498.73,2,498.73,496.46,496.46,1,,,,,,,,,,,,,,,,,,,498.73,2,498.74,2,498.75,4,499.46,1,500.0,5,500.2,4,500.21,5,500.22,3,501.35,4,501.36,7
2025-04-10 09:32:24,497.59,496.67,1,496.46,1,498.72,3,498.72,496.46,496.46,1,,,,,,,,,,,,,,,,,,,498.72,3,498.73,5,498.74,2,498.75,4,499.46,1,500.0,5,500.2,4,500.21,5,500.22,3,501.35,4
2025-04-10 09:32:25,497.59,496.67,1,496.46,1,498.72,4,498.72,496.46,496.46,1,,,,,,,,,,,,,,,,,,,498.72,4,498.73,5,498.74,2,498.75,4,499.46,1,500.0,5,500.2,4,500.21,5,500.22,3,501.35,4
2025-04-10 09:32:26,497.59,496.67,1,496.46,1,498.72,4,498.72,496.46,496.46,1,,,,,,,,,,,,,,,,,,,498.72,4,498.73,5,498.74,2,498.75,4,499.46,1,500.0,5,500.2,4,500.21,5,500.22,3,501.35,4
2025-04-10 09:32:27,497.49,496.67,1,496.46,1,498.52,10,498.52,496.46,496.46,1,,,,,,,,,,,,,,,,,,,498.52,10,498.72,4,498.73,5,498.74,2,498.75,4,499.46,1,500.0,5,500.2,4,500.21,5,500.22,3
2025-04-10 09:32:28,497.49,496.67,1,496.46,1,498.52,11,498.52,496.46,496.46,1,,,,,,,,,,,,,,,,,,,498.52,11,498.72,4,498.73,5,498.74,2,498.75,4,499.46,1,500.0,5,500.2,4,500.21,5,500.22,3
2025-04-10 09:32:29,497.49,496.67,1,496.46,1,498.52,12,498.52,496.46,496.46,1,,,,,,,,,,,,,,,,,,,498.52,12,498.72,4,498.73,5,498.74,2,498.75,4,499.46,1,500.0,5,500.2,4,500.21,5,500.22,3
2025-04-10 09:32:30,497.49,496.67,1,496.46,1,498.52,13,498.52,496.46,496.46,1,,,,,,,,,,,,,,,,,,,498.52,13,498.72,4,498.73,5,498.74,2,498.75,4,499.46,1,500.0,5,500.2,4,500.21,5,500.22,3
2025-04-10 09:32:31,497.49,496.67,1,496.46,1,498.52,13,498.52,496.46,496.46,1,,,,,,,,,,,,,,,,,,,498.52,13,498.72,4,498.73,5,498.74,2,498.75,4,499.46,1,500.0,5,500.2,4,500.21,5,500.22,3
2025-04-10 09:32:32,497.135,496.79,1,495.75,1,498.52,12,498.52,495.75,495.75,1,495.74,1,495.26,2,,,,,,,,,,,,,,,498.52,12,498.72,4,498.73,5,498.74,2,498.75,4,499.46,1,500.0,5,500.2,4,500.21,5,500.22,3
2025-04-10 09:32:33,497.37,496.35,8,496.22,1,498.52,12,498.52,496.22,496.22,1,496.1,1,495.76,1,495.75,1,495.74,1,495.26,2,,,,,,,,,498.52,12,498.72,4,498.73,5,498.74,2,498.75,4,499.46,1,500.0,5,500.2,4,500.21,5,500.22,3
2025-04-10 09:32:34,497.425,497.43,1,496.33,1,498.52,12,498.52,496.33,496.33,1,495.76,1,495.75,1,495.74,1,495.26,2,,,,,,,,,,,498.52,12,498.72,4,498.73,5,498.74,2,498.75,4,499.46,1,500.0,5,500.2,4,500.21,5,500.22,3
2025-04-10 09:32:35,497.895,497.43,1,497.27,1,498.52,11,498.52,497.27,497.27,1,496.75,1,496.37,1,496.33,1,495.76,1,495.75,1,495.74,1,495.26,2,,,,,498.52,11,498.72,4,498.73,5,498.74,2,498.75,4,499.46,1,500.0,5,500.2,4,500.21,5,500.22,3
2025-04-10 09:32:36,497.895,497.43,1,497.27,1,498.52,10,498.52,497.27,497.27,1,496.75,1,496.37,1,496.33,1,495.76,1,495.75,1,495.74,1,495.26,2,,,,,498.52,10,498.72,4,498.73,5,498.74,2,498.75,4,499.46,1,500.0,5,500.2,4,500.21,5,500.22,3
2025-04-10 09:32:37,497.895,497.28,1,497.27,1,498.52,10,498.52,497.27,497.27,1,496.75,1,496.37,1,496.33,1,495.76,1,495.75,1,495.74,1,495.26,2,,,,,498.52,10,498.72,4,498.73,5,498.74,2,498.75,4,499.46,1,500.0,5,500.2,4,500.21,5,500.22,3
2025-04-10 09:32:38,497.895,498.5,1,497.27,1,498.52,10,498.52,497.27,497.27,1,496.75,1,496.37,1,496.33,1,495.76,1,495.75,1,495.74,1,495.26,2,,,,,498.52,10,498.72,4,498.73,5,498.74,2,498.75,4,499.46,1,500.0,5,500.2,4,500.21,5,500.22,3
2025-04-10 09:32:39,498.185,498.52,1,497.27,1,499.1,1,499.1,497.27,497.27,1,496.75,1,496.37,1,496.33,1,495.76,1,495.75,1,495.74,1,495.26,2,,,,,499.1,1,499.46,1,500.0,5,500.2,4,500.21,5,500.22,3,501.35,4,501.36,7,501.39,5,501.44,2
2025-04-10 09:32:40,498.705,498.52,1,498.31,1,499.1,1,499.1,498.31,498.31,1,497.53,1,497.27,1,496.75,1,496.37,1,496.33,1,495.76,1,495.75,1,495.74,1,495.26,2,499.1,1,499.46,1,500.0,5,500.2,4,500.21,5,500.22,3,501.35,4,501.36,7,501.39,5,501.44,2
2025-04-10 09:32:41,499.155,499.1,1,498.31,1,500.0,2,500.0,498.31,498.31,1,497.53,1,497.27,1,496.75,1,496.37,1,496.33,1,495.76,1,495.75,1,495.74,1,495.26,2,500.0,2,500.2,4,500.21,5,500.22,3,501.35,4,501.36,7,501.39,5,501.44,2,501.45,3,501.5,3
2025-04-10 09:32:42,499.155,499.15,1,498.31,2,500.0,3,500.0,498.31,498.31,2,497.53,1,497.27,1,496.75,1,496.37,1,496.33,1,495.76,1,495.75,1,495.74,1,495.26,2,500.0,3,500.2,4,500.21,5,500.22,3,501.35,4,501.36,7,501.39,5,501.44,2,501.45,3,501.5,3
2025-04-10 09:32:43,499.155,499.15,1,498.31,2,500.0,3,500.0,498.31,498.31,2,497.53,1,497.27,1,496.75,1,496.37,1,496.33,1,495.76,1,495.75,1,495.74,1,495.26,2,500.0,3,500.2,4,500.21,5,500.22,3,501.35,4,501.36,7,501.39,5,501.44,2,501.45,3,501.5,3
2025-04-10 09:32:44,499.255,500.0,1,498.31,3,500.2,2,500.2,498.31,498.31,3,497.53,1,497.27,1,496.75,1,496.37,1,496.33,1,495.76,1,495.75,1,495.74,1,495.26,2,500.2,2,500.21,5,500.22,3,501.35,4,501.36,7,501.39,5,501.44,2,501.45,3,501.5,3,501.87,2
2025-04-10 09:32:45,499.885,500.0,1,499.57,1,500.2,2,500.2,499.57,499.57,1,498.31,3,497.53,1,497.27,1,496.75,1,496.37,1,496.33,1,495.76,1,495.75,1,495.74,1,500.2,2,500.21,5,500.22,3,501.35,4,501.36,7,501.39,5,501.44,2,501.45,3,501.5,3,501.87,2
2025-04-10 09:32:46,500.425,500.2,1,499.52,3,501.33,1,501.33,499.52,499.52,3,498.31,3,497.53,1,497.27,1,496.75,1,496.37,1,496.33,1,495.76,1,495.75,1,495.74,1,501.33,1,501.35,4,501.36,7,501.39,5,501.44,2,501.45,3,501.5,3,501.87,2,503.87,1,505.15,2
2025-04-10 09:32:47,500.425,500.02,1,499.52,2,501.33,2,501.33,499.52,499.52,2,498.31,3,497.53,1,497.27,1,496.75,1,496.37,1,496.33,1,495.76,1,495.75,1,495.74,1,501.33,2,501.35,4,501.36,7,501.39,5,501.44,2,501.45,3,501.5,3,501.87,2,503.87,1,505.15,2
2025-04-10 09:32:48,500.425,500.02,1,499.52,2,501.33,2,501.33,499.52,499.52,2,498.31,3,497.53,1,497.27,1,496.75,1,496.37,1,496.33,1,495.76,1,495.75,1,495.74,1,501.33,2,501.35,4,501.36,7,501.39,5,501.44,2,501.45,3,501.5,3,501.87,2,503.87,1,505.15,2
2025-04-10 09:32:49,500.425,500.02,1,499.52,2,501.33,2,501.33,499.52,499.52,2,498.31,3,497.53,1,497.27,1,496.75,1,496.37,1,496.33,1,495.76,1,495.75,1,495.74,1,501.33,2,501.35,4,501.36,7,501.39,5,501.44,2,501.45,3,501.5,3,501.87,2,503.87,1,505.15,2
2025-04-10 09:32:50,500.4,500.02,1,499.52,2,501.28,1,501.28,499.52,499.52,2,498.31,3,497.53,1,497.27,1,496.75,1,496.37,1,496.33,1,495.76,1,495.75,1,495.74,1,501.28,1,501.33,2,501.35,4,501.36,7,501.39,5,501.44,2,501.45,3,501.5,3,501.87,2,503.87,1
2025-04-10 09:32:51,500.4,500.02,1,499.52,2,501.28,1,501.28,499.52,499.52,2,498.31,3,497.53,1,497.27,1,496.75,1,496.37,1,496.33,1,495.76,1,495.75,1,495.74,1,501.28,1,501.33,2,501.35,4,501.36,7,501.39,5,501.44,2,501.45,3,501.5,3,501.87,2,503.87,1
2025-04-10 09:32:52,500.4,500.4,1,499.52,2,501.28,1,501.28,499.52,499.52,2,498.31,3,497.53,1,497.27,1,496.75,1,496.37,1,496.33,1,495.76,1,495.75,1,495.74,1,501.28,1,501.33,2,501.35,4,501.36,7,501.39,5,501.44,2,501.45,3,501.5,3,501.87,2,503.87,1
2025-04-10 09:32:53,500.4,500.4,1,499.52,3,501.28,3,501.28,499.52,499.52,3,498.31,3,497.53,1,497.27,1,496.75,1,496.37,1,496.33,1,495.76,1,495.75,1,495.74,1,501.28,3,501.33,2,501.35,4,501.36,7,501.39,5,501.44,2,501.45,3,501.5,3,501.87,2,503.87,1
2025-04-10 09:32:54,500.4,499.62,1,499.52,3,501.28,5,501.28,499.52,499.52,3,498.31,3,497.53,1,497.27,1,496.75,1,496.37,1,496.33,1,495.76,1,495.75,1,495.74,1,501.28,5,501.33,2,501.35,4,501.36,7,501.39,5,501.44,2,501.45,3,501.5,3,501.87,2,503.87,1
2025-04-10 09:32:55,500.4,499.62,1,499.52,3,501.28,5,501.28,499.52,499.52,3,498.31,3,497.53,1,497.27,1,496.75,1,496.37,1,496.33,1,495.76,1,495.75,1,495.74,1,501.28,5,501.33,2,501.35,4,501.36,7,501.39,5,501.44,2,501.45,3,501.5,3,501.87,2,503.87,1
2025-04-10 09:32:56,500.4,499.62,1,499.52,3,501.28,5,501.28,499.52,499.52,3,498.31,3,497.53,1,497.27,1,496.75,1,496.37,1,496.33,1,495.76,1,495.75,1,495.74,1,501.28,5,501.33,2,501.35,4,501.36,7,501.39,5,501.44,2,501.45,3,501.5,3,501.87,2,503.87,1
2025-04-10 09:32:57,500.4,499.52,1,499.52,3,501.28,5,501.28,499.52,499.52,3,498.31,3,497.53,1,497.27,1,496.75,1,496.37,1,496.33,1,495.76,1,495.75,1,495.74,1,501.28,5,501.33,2,501.35,4,501.36,7,501.39,5,501.44,2,501.45,3,501.5,3,501.87,2,503.87,1
2025-04-10 09:32:58,499.655,499.0,2,498.31,2,501.0,2,501.0,498.31,498.31,2,497.53,1,497.27,1,496.75,1,496.37,1,496.33,1,495.76,1,495.75,1,495.74,1,495.26,2,501.0,2,501.28,15,501.33,2,501.35,4,501.36,7,501.39,5,501.44,2,501.45,3,501.5,3,501.87,2
2025-04-10 09:32:59,499.655,499.0,2,498.31,2,501.0,2,501.0,498.31,498.31,2,497.53,1,497.27,1,496.75,1,496.37,1,496.33,1,495.76,1,495.75,1,495.74,1,495.26,2,501.0,2,501.28,15,501.33,2,501.35,4,501.36,7,501.39,5,501.44,2,501.45,3,501.5,3,501.87,2
2025-04-10 09:33:00,499.655,499.0,2,498.31,2,501.0,2,501.0,498.31,498.31,2,497.53,1,497.27,1,496.75,1,496.37,1,496.33,1,495.76,1,495.75,1,495.74,1,495.26,2,501.0,2,501.28,15,501.33,2,501.35,4,501.36,7,501.39,5,501.44,2,501.45,3,501.5,3,501.87,2
2025-04-10 09:33:01,499.655,499.0,2,498.31,2,501.0,2,501.0,498.31,498.31,2,497.53,1,497.27,1,496.75,1,496.37,1,496.33,1,495.76,1,495.75,1,495.74,1,495.26,2,501.0,2,501.28,15,501.33,2,501.35,4,501.36,7,501.39,5,501.44,2,501.45,3,501.5,3,501.87,2
2025-04-10 09:33:02,499.655,499.0,2,498.31,2,501.0,2,501.0,498.31,498.31,2,497.53,1,497.27,1,496.75,1,496.37,1,496.33,1,495.76,1,495.75,1,495.74,1,495.26,2,501.0,2,501.28,15,501.33,2,501.35,4,501.36,7,501.39,5,501.44,2,501.45,3,501.5,3,501.87,2
2025-04-10 09:33:03,499.355,499.21,1,498.31,2,500.4,5,500.4,498.31,498.31,2,497.53,1,497.27,1,496.75,1,496.37,1,496.33,1,495.76,1,495.75,1,495.74,1,495.26,2,500.4,5,501.0,2,501.28,15,501.33,2,501.35,4,501.36,7,501.39,5,501.44,2,501.45,3,501.5,3
2025-04-10 09:33:04,499.135,499.0,1,498.31,2,499.96,2,499.96,498.31,498.31,2,497.53,1,497.27,1,496.75,1,496.37,1,496.33,1,495.76,1,495.75,1,495.74,1,495.26,2,499.96,2,500.39,1,500.4,4,501.0,2,501.28,15,501.33,2,501.35,4,501.36,7,501.39,5,501.44,2
2025-04-10 09:33:05,499.135,498.61,1,498.31,2,499.96,7,499.96,498.31,498.31,2,497.53,1,497.27,1,496.75,1,496.37,1,496.33,1,495.76,1,495.75,1,495.74,1,495.26,2,499.96,7,500.39,1,500.4,4,501.0,2,501.28,15,501.33,2,501.35,4,501.36,7,501.39,5,501.44,2
2025-04-10 09:33:06,498.115,498.42,2,497.29,1,498.94,1,498.94,497.29,497.29,1,497.27,1,496.75,1,496.37,1,496.33,1,495.76,1,495.75,1,495.74,1,495.26,2,,,498.94,1,499.42,1,499.96,6,500.39,1,500.4,4,501.0,2,501.28,15,501.33,2,501.35,4,501.36,7
2025-04-10 09:33:07,498.085,498.42,2,497.23,1,498.94,4,498.94,497.23,497.23,1,496.75,1,496.37,1,496.33,1,495.76,1,495.75,1,495.74,1,495.26,2,,,,,498.94,4,499.42,1,499.96,6,500.39,1,500.4,4,501.0,2,501.28,15,501.33,2,501.35,4,501.36,7
2025-04-10 09:33:08,498.085,498.42,2,497.23,1,498.94,4,498.94,497.23,497.23,1,496.75,1,496.37,1,496.33,1,495.76,1,495.75,1,495.74,1,495.26,2,,,,,498.94,4,499.42,1,499.96,6,500.39,1,500.4,4,501.0,2,501.28,15,501.33,2,501.35,4,501.36,7
2025-04-10 09:33:09,498.1,498.42,2,497.26,1,498.94,4,498.94,497.26,497.26,1,497.23,1,496.75,1,496.37,1,496.33,1,495.76,1,495.75,1,495.74,1,495.26,2,,,498.94,4,499.42,1,499.96,6,500.39,1,500.4,4,501.0,2,501.28,15,501.33,2,501.35,4,501.36,7
2025-04-10 09:33:10,498.105,498.42,2,497.27,1,498.94,4,498.94,497.27,497.27,1,497.26,1,497.23,1,496.75,1,496.37,1,496.33,1,495.76,1,495.75,1,495.74,1,495.26,2,498.94,4,499.42,1,499.96,6,500.39,1,500.4,4,501.0,2,501.28,15,501.33,2,501.35,4,501.36,7
2025-04-10 09:33:11,498.105,498.42,2,497.27,1,498.94,4,498.94,497.27,497.27,1,497.26,1,497.23,1,496.75,1,496.37,1,496.33,1,495.76,1,495.75,1,495.74,1,495.26,2,498.94,4,499.42,1,499.96,6,500.39,1,500.4,4,501.0,2,501.28,15,501.33,2,501.35,4,501.36,7
2025-04-10 09:33:12,498.105,498.42,2,497.27,1,498.94,4,498.94,497.27,497.27,1,497.26,1,497.23,1,496.75,1,496.37,1,496.33,1,495.76,1,495.75,1,495.74,1,495.26,2,498.94,4,499.42,1,499.96,6,500.39,1,500.4,4,501.0,2,501.28,15,501.33,2,501.35,4,501.36,7
2025-04-10 09:33:13,498.105,498.42,2,497.27,1,498.94,4,498.94,497.27,497.27,1,497.26,1,497.23,1,496.75,1,496.37,1,496.33,1,495.76,1,495.75,1,495.74,1,495.26,2,498.94,4,499.42,1,499.96,6,500.39,1,500.4,4,501.0,2,501.28,15,501.33,2,501.35,4,501.36,7
2025-04-10 09:33:14,498.22,498.22,1,497.5,1,498.94,5,498.94,497.5,497.5,1,497.27,1,497.26,1,497.23,1,496.75,1,496.37,1,496.33,1,495.76,1,495.75,1,495.74,1,498.94,5,499.42,1,499.96,6,500.39,1,500.4,4,501.0,2,501.28,15,501.33,2,501.35,4,501.36,7
2025-04-10 09:33:15,498.22,498.04,3,497.5,1,498.94,5,498.94,497.5,497.5,1,497.27,1,497.26,1,497.23,1,496.75,1,496.37,1,496.33,1,495.76,1,495.75,1,495.74,1,498.94,5,499.42,1,499.96,6,500.39,1,500.4,4,501.0,2,501.28,15,501.33,2,501.35,4,501.36,7
2025-04-10 09:33:16,498.96,498.94,1,497.5,1,500.42,1,500.42,497.5,497.5,1,497.27,1,497.26,1,497.23,1,496.75,1,496.37,1,496.33,1,495.76,1,495.75,1,495.74,1,500.42,1,501.0,2,501.28,15,501.33,2,501.35,4,501.36,7,501.39,5,501.44,2,501.45,3,501.5,3
2025-04-10 09:33:17,499.125,498.94,1,497.87,2,500.38,1,500.38,497.87,497.87,2,497.5,1,497.27,1,497.26,1,497.23,1,496.75,1,496.37,1,496.33,1,495.76,1,495.75,1,500.38,1,500.39,1,500.4,1,500.42,1,501.0,2,501.28,15,501.33,2,501.35,4,501.36,7,501.39,5
2025-04-10 09:33:18,499.125,498.94,1,497.87,2,500.38,1,500.38,497.87,497.87,2,497.5,1,497.27,1,497.26,1,497.23,1,496.75,1,496.37,1,496.33,1,495.76,1,495.75,1,500.38,1,500.39,1,500.4,1,500.42,1,501.0,2,501.28,15,501.33,2,501.35,4,501.36,7,501.39,5
2025-04-10 09:33:19,499.125,498.94,1,497.87,2,500.38,1,500.38,497.87,497.87,2,497.5,1,497.27,1,497.26,1,497.23,1,496.75,1,496.37,1,496.33,1,495.76,1,495.75,1,500.38,1,500.39,1,500.4,1,500.42,1,501.0,2,501.28,15,501.33,2,501.35,4,501.36,7,501.39,5
2025-04-10 09:33:20,499.125,498.94,1,497.87,2,500.38,1,500.38,497.87,497.87,2,497.5,1,497.27,1,497.26,1,497.23,1,496.75,1,496.37,1,496.33,1,495.76,1,495.75,1,500.38,1,500.39,1,500.4,1,500.42,1,501.0,2,501.28,15,501.33,2,501.35,4,501.36,7,501.39,5
2025-04-10 09:33:21,499.125,498.94,1,497.87,2,500.38,1,500.38,497.87,497.87,2,497.5,1,497.27,1,497.26,1,497.23,1,496.75,1,496.37,1,496.33,1,495.76,1,495.75,1,500.38,1,500.39,1,500.4,1,500.42,1,501.0,2,501.28,15,501.33,2,501.35,4,501.36,7,501.39,5
2025-04-10 09:33:22,499.125,498.94,1,497.87,2,500.38,1,500.38,497.87,497.87,2,497.5,1,497.27,1,497.26,1,497.23,1,496.75,1,496.37,1,496.33,1,495.76,1,495.75,1,500.38,1,500.39,1,500.4,1,500.42,1,501.0,2,501.28,15,501.33,2,501.35,4,501.36,7,501.39,5
2025-04-10 09:33:23,499.19,498.94,1,498.0,2,500.38,2,500.38,498.0,498.0,2,497.87,2,497.5,1,497.27,1,497.26,1,497.23,1,496.75,1,496.37,1,496.33,1,495.76,1,500.38,2,500.39,1,500.4,1,500.42,1,501.0,2,501.28,15,501.33,2,501.35,4,501.36,7,501.39,5
2025-04-10 09:33:24,499.33,498.94,1,498.28,2,500.38,2,500.38,498.28,498.28,2,498.0,4,497.87,2,497.5,1,497.27,1,497.26,1,497.23,1,496.75,1,496.37,1,496.33,1,500.38,2,500.39,1,500.4,1,500.42,1,501.0,2,501.28,15,501.33,2,501.35,4,501.36,7,501.39,5
2025-04-10 09:33:25,499.33,498.94,1,498.28,1,500.38,2,500.38,498.28,498.28,1,498.0,4,497.87,2,497.5,1,497.27,1,497.26,1,497.23,1,496.75,1,496.37,1,496.33,1,500.38,2,500.39,1,500.4,1,500.42,1,501.0,2,501.28,15,501.33,2,501.35,4,501.36,7,501.39,5
2025-04-10 09:33:26,499.43,499.33,1,498.48,1,500.38,2,500.38,498.48,498.48,1,498.28,1,498.0,4,497.87,2,497.5,1,497.27,1,497.26,1,497.23,1,496.75,1,496.37,1,500.38,2,500.39,1,500.4,1,500.42,1,501.0,2,501.28,15,501.33,2,501.35,4,501.36,7,501.39,5
2025-04-10 09:33:27,499.43,499.33,1,498.48,1,500.38,2,500.38,498.48,498.48,1,498.28,1,498.0,4,497.87,2,497.5,1,497.27,1,497.26,1,497.23,1,496.75,1,496.37,1,500.38,2,500.39,1,500.4,1,500.42,1,501.0,2,501.28,15,501.33,2,501.35,4,501.36,7,501.39,5
2025-04-10 09:33:28,499.43,499.33,1,498.48,1,500.38,2,500.38,498.48,498.48,1,498.28,1,498.0,4,497.87,2,497.5,1,497.27,1,497.26,1,497.23,1,496.75,1,496.37,1,500.38,2,500.39,1,500.4,1,500.42,1,501.0,2,501.28,15,501.33,2,501.35,4,501.36,7,501.39,5
2025-04-10 09:33:29,499.43,499.33,1,498.48,1,500.38,3,500.38,498.48,498.48,1,498.28,1,498.0,4,497.87,2,497.5,1,497.27,1,497.26,1,497.23,1,496.75,1,496.37,1,500.38,3,500.39,1,500.4,1,500.42,1,501.0,2,501.28,15,501.33,2,501.35,4,501.36,7,501.39,5
2025-04-10 09:33:30,499.43,499.88,1,498.48,3,500.38,3,500.38,498.48,498.48,3,498.28,1,498.0,4,497.87,2,497.5,1,497.27,1,497.26,1,497.23,1,496.75,1,496.37,1,500.38,3,500.39,1,500.4,1,500.42,1,501.0,2,501.28,15,501.33,2,501.35,4,501.36,7,501.39,5
2025-04-10 09:33:31,499.43,499.88,1,498.48,3,500.38,3,500.38,498.48,498.48,3,498.28,1,498.0,4,497.87,2,497.5,1,497.27,1,497.26,1,497.23,1,496.75,1,496.37,1,500.38,3,500.39,1,500.4,1,500.42,1,501.0,2,501.28,15,501.33,2,501.35,4,501.36,7,501.39,5
2025-04-10 09:33:32,499.43,499.88,1,498.48,4,500.38,3,500.38,498.48,498.48,4,498.28,1,498.0,4,497.87,2,497.5,1,497.27,1,497.26,1,497.23,1,496.75,1,496.37,1,500.38,3,500.39,1,500.4,1,500.42,1,501.0,2,501.28,15,501.33,2,501.35,4,501.36,7,501.39,5
2025-04-10 09:33:33,499.43,499.88,1,498.48,3,500.38,3,500.38,498.48,498.48,3,498.28,1,498.0,4,497.87,2,497.5,1,497.27,1,497.26,1,497.23,1,496.75,1,496.37,1,500.38,3,500.39,1,500.4,1,500.42,1,501.0,2,501.28,15,501.33,2,501.35,4,501.36,7,501.39,5
2025-04-10 09:33:34,499.7,499.71,1,499.02,1,500.38,3,500.38,499.02,499.02,1,498.52,1,498.48,3,498.28,1,498.0,4,497.87,2,497.5,1,497.27,1,497.26,1,497.23,1,500.38,3,500.39,1,500.4,1,500.42,1,501.0,2,501.28,15,501.33,2,501.35,4,501.36,7,501.39,5
2025-04-10 09:33:35,499.7,499.7,1,499.02,1,500.38,3,500.38,499.02,499.02,1,498.52,1,498.48,3,498.28,1,498.0,4,497.87,2,497.5,1,497.27,1,497.26,1,497.23,1,500.38,3,500.39,1,500.4,1,500.42,1,501.0,2,501.28,15,501.33,2,501.35,4,501.36,7,501.39,5
2025-04-10 09:33:36,499.7,499.7,1,499.02,1,500.38,3,500.38,499.02,499.02,1,498.52,1,498.48,3,498.28,1,498.0,4,497.87,2,497.5,1,497.27,1,497.26,1,497.23,1,500.38,3,500.39,1,500.4,1,500.42,1,501.0,2,501.28,15,501.33,2,501.35,4,501.36,7,501.39,5
2025-04-10 09:33:37,499.7,499.7,1,499.02,1,500.38,3,500.38,499.02,499.02,1,498.52,1,498.48,3,498.28,1,498.0,4,497.87,2,497.5,1,497.27,1,497.26,1,497.23,1,500.38,3,500.39,1,500.4,1,500.42,1,501.0,2,501.28,15,501.33,2,501.35,4,501.36,7,501.39,5
2025-04-10 09:33:38,499.7,499.7,1,499.02,2,500.38,3,500.38,499.02,499.02,2,498.52,1,498.48,3,498.28,1,498.0,4,497.87,2,497.5,1,497.27,1,497.26,1,497.23,1,500.38,3,500.39,1,500.4,1,500.42,1,501.0,2,501.28,15,501.33,2,501.35,4,501.36,7,501.39,5
2025-04-10 09:33:39,499.7,499.7,1,499.02,2,500.38,3,500.38,499.02,499.02,2,498.52,1,498.48,3,498.28,1,498.0,4,497.87,2,497.5,1,497.27,1,497.26,1,497.23,1,500.38,3,500.39,1,500.4,1,500.42,1,501.0,2,501.28,15,501.33,2,501.35,4,501.36,7,501.39,5
2025-04-10 09:33:40,499.675,499.7,1,498.97,1,500.38,3,500.38,498.97,498.97,1,498.52,1,498.48,3,498.28,1,498.0,4,497.87,2,497.5,1,497.27,1,497.26,1,497.23,1,500.38,3,500.39,1,500.4,1,500.42,1,501.0,2,501.28,15,501.33,2,501.35,4,501.36,7,501.39,5
2025-04-10 09:33:41,499.895,499.7,1,499.41,1,500.38,3,500.38,499.41,499.41,1,498.97,1,498.52,1,498.48,3,498.28,1,498.0,4,497.87,2,497.5,1,497.27,1,497.26,1,500.38,3,500.39,1,500.4,1,500.42,1,501.0,2,501.28,15,501.33,2,501.35,4,501.36,7,501.39,5
2025-04-10 09:33:43,499.675,499.41,1,498.97,1,500.38,3,500.38,498.97,498.97,1,498.52,1,498.48,3,498.28,1,498.0,4,497.87,2,497.5,1,497.27,1,497.26,1,497.23,1,500.38,3,500.39,1,500.4,1,500.42,1,501.0,2,501.28,15,501.33,2,501.35,4,501.36,7,501.39,5
2025-04-10 09:33:43,499.43,498.91,1,498.48,2,500.38,5,500.38,498.48,498.48,2,498.28,1,498.0,4,497.87,2,497.5,1,497.27,1,497.26,1,497.23,1,496.75,1,496.37,1,500.38,5,500.39,1,500.4,1,500.42,1,501.0,2,501.28,15,501.33,2,501.35,4,501.36,7,501.39,5
2025-04-10 09:33:44,499.43,498.88,1,498.48,2,500.38,5,500.38,498.48,498.48,2,498.28,1,498.0,4,497.87,2,497.5,1,497.27,1,497.26,1,497.23,1,496.75,1,496.37,1,500.38,5,500.39,1,500.4,1,500.42,1,501.0,2,501.28,15,501.33,2,501.35,4,501.36,7,501.39,5
2025-04-10 09:33:46,499.43,499.43,1,498.48,2,500.38,5,500.38,498.48,498.48,2,498.28,1,498.0,4,497.87,2,497.5,1,497.27,1,497.26,1,497.23,1,496.75,1,496.37,1,500.38,5,500.39,1,500.4,1,500.42,1,501.0,2,501.28,15,501.33,2,501.35,4,501.36,7,501.39,5
2025-04-10 09:33:47,499.43,499.43,1,498.48,2,500.38,6,500.38,498.48,498.48,2,498.28,1,498.0,4,497.87,2,497.5,1,497.27,1,497.26,1,497.23,1,496.75,1,496.37,1,500.38,6,500.39,1,500.4,1,500.42,1,501.0,2,501.28,15,501.33,2,501.35,4,501.36,7,501.39,5
2025-04-10 09:33:47,499.43,499.43,1,498.48,2,500.38,6,500.38,498.48,498.48,2,498.28,1,498.0,4,497.87,2,497.5,1,497.27,1,497.26,1,497.23,1,496.75,1,496.37,1,500.38,6,500.39,1,500.4,1,500.42,1,501.0,2,501.28,15,501.33,2,501.35,4,501.36,7,501.39,5
2025-04-10 09:33:49,499.45,499.45,1,498.52,2,500.38,6,500.38,498.52,498.52,2,498.48,3,498.28,1,498.0,4,497.87,2,497.5,1,497.27,1,497.26,1,497.23,1,496.75,1,500.38,6,500.39,1,500.4,1,500.42,1,501.0,2,501.28,15,501.33,2,501.35,4,501.36,7,501.39,5
2025-04-10 09:33:50,499.45,499.45,1,498.52,2,500.38,6,500.38,498.52,498.52,2,498.48,3,498.28,1,498.0,4,497.87,2,497.5,1,497.27,1,497.26,1,497.23,1,496.75,1,500.38,6,500.39,1,500.4,1,500.42,1,501.0,2,501.28,15,501.33,2,501.35,4,501.36,7,501.39,5
2025-04-10 09:33:50,499.45,499.45,1,498.52,2,500.38,6,500.38,498.52,498.52,2,498.48,3,498.28,1,498.0,4,497.87,2,497.5,1,497.27,1,497.26,1,497.23,1,496.75,1,500.38,6,500.39,1,500.4,1,500.42,1,501.0,2,501.28,15,501.33,2,501.35,4,501.36,7,501.39,5
2025-04-10 09:33:51,499.7,499.45,1,499.02,1,500.38,6,500.38,499.02,499.02,1,498.71,1,498.52,2,498.48,3,498.28,1,498.0,4,497.87,2,497.5,1,497.27,1,497.26,1,500.38,6,500.39,1,500.4,1,500.42,1,501.0,2,501.28,15,501.33,2,501.35,4,501.36,7,501.39,5
2025-04-10 09:33:53,499.675,499.45,1,498.97,1,500.38,6,500.38,498.97,498.97,1,498.71,1,498.52,2,498.48,3,498.28,1,498.0,4,497.87,2,497.5,1,497.27,1,497.26,1,500.38,6,500.39,1,500.4,1,500.42,1,501.0,2,501.28,15,501.33,2,501.35,4,501.36,7,501.39,5
2025-04-10 09:33:53,499.66,499.45,1,498.97,1,500.35,1,500.35,498.97,498.97,1,498.71,1,498.52,2,498.48,3,498.28,1,498.0,4,497.87,2,497.5,1,497.27,1,497.26,1,500.35,1,500.38,6,500.39,1,500.4,1,500.42,1,501.0,2,501.28,15,501.33,2,501.35,4,501.36,7
2025-04-10 09:33:55,499.66,499.45,1,498.97,1,500.35,1,500.35,498.97,498.97,1,498.71,1,498.52,2,498.48,3,498.28,1,498.0,4,497.87,2,497.5,1,497.27,1,497.26,1,500.35,1,500.38,6,500.39,1,500.4,1,500.42,1,501.0,2,501.28,15,501.33,2,501.35,4,501.36,7
2025-04-10 09:33:56,499.66,499.45,1,498.97,1,500.35,2,500.35,498.97,498.97,1,498.71,1,498.52,2,498.48,3,498.28,1,498.0,4,497.87,2,497.5,1,497.27,1,497.26,1,500.35,2,500.38,6,500.39,1,500.4,1,500.42,1,501.0,2,501.28,15,501.33,2,501.35,4,501.36,7
2025-04-10 09:33:57,499.66,499.45,1,498.97,1,500.35,2,500.35,498.97,498.97,1,498.71,1,498.52,2,498.48,3,498.28,1,498.0,4,497.87,2,497.5,1,497.27,1,497.26,1,500.35,2,500.38,6,500.39,1,500.4,1,500.42,1,501.0,2,501.28,15,501.33,2,501.35,4,501.36,7
2025-04-10 09:33:58,499.415,498.97,1,498.48,2,500.35,5,500.35,498.48,498.48,2,498.28,1,498.0,4,497.87,2,497.5,1,497.27,1,497.26,1,497.23,1,496.75,1,496.37,1,500.35,5,500.37,1,500.38,6,500.39,1,500.4,1,500.42,1,501.0,2,501.28,15,501.33,2,501.35,4
2025-04-10 09:33:59,499.415,498.97,1,498.48,2,500.35,5,500.35,498.48,498.48,2,498.28,1,498.0,4,497.87,2,497.5,1,497.27,1,497.26,1,497.23,1,496.75,1,496.37,1,500.35,5,500.37,1,500.38,6,500.39,1,500.4,1,500.42,1,501.0,2,501.28,15,501.33,2,501.35,4
2025-04-10 09:34:00,499.415,498.97,1,498.48,2,500.35,5,500.35,498.48,498.48,2,498.28,1,498.0,4,497.87,2,497.5,1,497.27,1,497.26,1,497.23,1,496.75,1,496.37,1,500.35,5,500.37,1,500.38,6,500.39,1,500.4,1,500.42,1,501.0,2,501.28,15,501.33,2,501.35,4
2025-04-10 09:34:01,499.125,498.97,1,498.0,3,500.25,1,500.25,498.0,498.0,3,497.87,2,497.5,1,497.27,1,497.26,1,497.23,1,496.75,1,496.37,1,496.33,1,495.76,1,500.25,1,500.35,5,500.37,1,500.38,6,500.39,1,500.4,1,500.42,1,501.0,2,501.28,15,501.33,2
2025-04-10 09:34:02,499.125,498.97,1,498.0,3,500.25,1,500.25,498.0,498.0,3,497.87,2,497.5,1,497.27,1,497.26,1,497.23,1,496.75,1,496.37,1,496.33,1,495.76,1,500.25,1,500.35,5,500.37,1,500.38,6,500.39,1,500.4,1,500.42,1,501.0,2,501.28,15,501.33,2
2025-04-10 09:34:02,499.125,499.13,1,498.0,4,500.25,1,500.25,498.0,498.0,4,497.87,2,497.5,1,497.27,1,497.26,1,497.23,1,496.75,1,496.37,1,496.33,1,495.76,1,500.25,1,500.35,5,500.37,1,500.38,6,500.39,1,500.4,1,500.42,1,501.0,2,501.28,15,501.33,2
2025-04-10 09:34:04,499.125,499.13,1,498.0,4,500.25,1,500.25,498.0,498.0,4,497.87,2,497.5,1,497.27,1,497.26,1,497.23,1,496.75,1,496.37,1,496.33,1,495.76,1,500.25,1,500.35,5,500.37,1,500.38,6,500.39,1,500.4,1,500.42,1,501.0,2,501.28,15,501.33,2
2025-04-10 09:34:04,499.125,499.13,1,498.0,4,500.25,2,500.25,498.0,498.0,4,497.87,2,497.5,1,497.27,1,497.26,1,497.23,1,496.75,1,496.37,1,496.33,1,495.76,1,500.25,2,500.35,5,500.37,1,500.38,6,500.39,1,500.4,1,500.42,1,501.0,2,501.28,15,501.33,2
2025-04-10 09:34:06,499.125,499.13,1,498.0,4,500.25,2,500.25,498.0,498.0,4,497.87,2,497.5,1,497.27,1,497.26,1,497.23,1,496.75,1,496.37,1,496.33,1,495.76,1,500.25,2,500.35,5,500.37,1,500.38,6,500.39,1,500.4,1,500.42,1,501.0,2,501.28,15,501.33,2
2025-04-10 09:34:07,499.125,499.13,1,498.0,4,500.25,2,500.25,498.0,498.0,4,497.87,2,497.5,1,497.27,1,497.26,1,497.23,1,496.75,1,496.37,1,496.33,1,495.76,1,500.25,2,500.35,5,500.37,1,500.38,6,500.39,1,500.4,1,500.42,1,501.0,2,501.28,15,501.33,2
2025-04-10 09:34:08,499.165,499.13,1,498.08,2,500.25,2,500.25,498.08,498.08,2,498.0,4,497.87,2,497.5,1,497.27,1,497.26,1,497.23,1,496.75,1,496.37,1,496.33,1,500.25,2,500.35,5,500.37,1,500.38,6,500.39,1,500.4,1,500.42,1,501.0,2,501.28,15,501.33,2
2025-04-10 09:34:09,499.165,499.13,1,498.08,2,500.25,2,500.25,498.08,498.08,2,498.0,4,497.87,2,497.5,1,497.27,1,497.26,1,497.23,1,496.75,1,496.37,1,496.33,1,500.25,2,500.35,5,500.37,1,500.38,6,500.39,1,500.4,1,500.42,1,501.0,2,501.28,15,501.33,2
2025-04-10 09:34:10,499.165,499.13,1,498.08,2,500.25,2,500.25,498.08,498.08,2,498.0,4,497.87,2,497.5,1,497.27,1,497.26,1,497.23,1,496.75,1,496.37,1,496.33,1,500.25,2,500.35,5,500.37,1,500.38,6,500.39,1,500.4,1,500.42,1,501.0,2,501.28,15,501.33,2
2025-04-10 09:34:11,499.165,499.13,1,498.08,2,500.25,2,500.25,498.08,498.08,2,498.0,4,497.87,2,497.5,1,497.27,1,497.26,1,497.23,1,496.75,1,496.37,1,496.33,1,500.25,2,500.35,5,500.37,1,500.38,6,500.39,1,500.4,1,500.42,1,501.0,2,501.28,15,501.33,2
2025-04-10 09:34:12,499.165,499.13,1,498.08,2,500.25,2,500.25,498.08,498.08,2,498.0,4,497.87,2,497.5,1,497.27,1,497.26,1,497.23,1,496.75,1,496.37,1,496.33,1,500.25,2,500.35,5,500.37,1,500.38,6,500.39,1,500.4,1,500.42,1,501.0,2,501.28,15,501.33,2
2025-04-10 09:34:13,499.175,499.13,1,498.1,3,500.25,2,500.25,498.1,498.1,3,498.08,1,498.0,4,497.87,2,497.5,1,497.27,1,497.26,1,497.23,1,496.75,1,496.37,1,500.25,2,500.35,5,500.37,1,500.38,6,500.39,1,500.4,1,500.42,1,501.0,2,501.28,15,501.33,2
2025-04-10 09:34:14,499.175,499.13,1,498.1,4,500.25,2,500.25,498.1,498.1,4,498.08,1,498.0,4,497.87,2,497.5,1,497.27,1,497.26,1,497.23,1,496.75,1,496.37,1,500.25,2,500.35,5,500.37,1,500.38,6,500.39,1,500.4,1,500.42,1,501.0,2,501.28,15,501.33,2
2025-04-10 09:34:15,499.435,500.37,1,498.49,2,500.38,5,500.38,498.49,498.49,2,498.28,1,498.1,3,498.08,1,498.0,4,497.87,2,497.5,1,497.27,1,497.26,1,497.23,1,500.38,5,500.39,1,500.4,1,500.42,1,501.0,2,501.28,15,501.33,2,501.35,4,501.36,7,501.39,5
2025-04-10 09:34:16,499.435,500.37,1,498.49,2,500.38,5,500.38,498.49,498.49,2,498.28,1,498.1,3,498.08,1,498.0,4,497.87,2,497.5,1,497.27,1,497.26,1,497.23,1,500.38,5,500.39,1,500.4,1,500.42,1,501.0,2,501.28,15,501.33,2,501.35,4,501.36,7,501.39,5
2025-04-10 09:34:17,499.525,500.37,1,498.67,1,500.38,5,500.38,498.67,498.67,1,498.49,2,498.28,1,498.1,3,498.08,1,498.0,4,497.87,2,497.5,1,497.27,1,497.26,1,500.38,5,500.39,1,500.4,1,500.42,1,501.0,2,501.28,15,501.33,2,501.35,4,501.36,7,501.39,5
2025-04-10 09:34:18,500.545,500.1,1,499.59,2,501.5,1,501.5,499.59,499.59,2,498.7,2,498.6,1,498.49,2,498.28,1,498.1,3,498.08,1,498.0,4,497.87,2,497.5,1,501.5,1,502.0,4,503.87,1,505.15,2,,,,,,,,,,,,
2025-04-10 09:34:19,500.81,500.1,1,499.95,1,501.67,1,501.67,499.95,499.95,1,499.59,2,498.7,2,498.6,1,498.49,2,498.28,1,498.1,3,498.08,1,498.0,4,497.87,2,501.67,1,502.0,4,503.87,1,505.15,2,,,,,,,,,,,,
2025-04-10 09:34:20,500.75,500.81,1,499.9,1,501.6,1,501.6,499.9,499.9,1,499.59,2,498.7,2,498.6,1,498.49,2,498.28,1,498.1,3,498.08,1,498.0,4,497.87,2,501.6,1,501.67,1,502.0,4,503.87,1,505.15,2,,,,,,,,,,
2025-04-10 09:34:21,501.095,500.81,1,500.33,1,501.86,1,501.86,500.33,500.33,1,500.1,1,500.08,1,499.9,1,499.59,2,498.7,2,498.6,1,498.49,2,498.28,1,498.1,3,501.86,1,502.0,4,503.87,1,505.15,2,,,,,,,,,,,,
2025-04-10 09:34:22,501.045,500.81,1,500.1,1,501.99,1,501.99,500.1,500.1,1,499.9,2,499.59,2,498.7,2,498.6,1,498.49,2,498.28,1,498.1,3,498.08,1,498.0,4,501.99,1,502.0,4,503.87,1,505.15,2,,,,,,,,,,,,
2025-04-10 09:34:23,500.985,500.81,1,500.02,1,501.95,1,501.95,500.02,500.02,1,499.9,2,499.59,2,498.7,2,498.6,1,498.49,2,498.28,1,498.1,3,498.08,1,498.0,4,501.95,1,501.99,2,502.0,4,503.87,1,505.15,2,,,,,,,,,,
2025-04-10 09:34:24,500.985,500.54,1,500.02,1,501.95,1,501.95,500.02,500.02,1,499.9,2,499.59,2,498.7,2,498.6,1,498.49,2,498.28,1,498.1,3,498.08,1,498.0,4,501.95,1,501.99,2,502.0,4,503.87,1,505.15,2,,,,,,,,,,
2025-04-10 09:34:25,500.695,500.54,1,499.9,2,501.49,1,501.49,499.9,499.9,2,499.59,2,498.7,2,498.6,1,498.49,2,498.28,1,498.1,3,498.08,1,498.0,4,497.87,2,501.49,1,501.5,1,501.95,2,501.99,2,502.0,4,503.87,1,505.15,2,,,,,,
2025-04-10 09:34:26,500.695,500.54,1,499.9,2,501.49,1,501.49,499.9,499.9,2,499.59,2,498.7,2,498.6,1,498.49,2,498.28,1,498.1,3,498.08,1,498.0,4,497.87,2,501.49,1,501.5,1,501.95,2,501.99,2,502.0,4,503.87,1,505.15,2,,,,,,
2025-04-10 09:34:27,500.695,500.54,1,499.9,2,501.49,1,501.49,499.9,499.9,2,499.59,2,498.7,2,498.6,1,498.49,2,498.28,1,498.1,3,498.08,1,498.0,4,497.87,2,501.49,1,501.5,1,501.95,2,501.99,2,502.0,4,503.87,1,505.15,2,,,,,,
2025-04-10 09:34:28,500.695,500.54,1,499.9,2,501.49,1,501.49,499.9,499.9,2,499.59,2,498.7,2,498.6,1,498.49,2,498.28,1,498.1,3,498.08,1,498.0,4,497.87,2,501.49,1,501.5,1,501.95,2,501.99,2,502.0,4,503.87,1,505.15,2,,,,,,
2025-04-10 09:34:29,500.695,500.54,1,499.9,2,501.49,1,501.49,499.9,499.9,2,499.59,2,498.7,2,498.6,1,498.49,2,498.28,1,498.1,3,498.08,1,498.0,4,497.87,2,501.49,1,501.5,1,501.95,2,501.99,2,502.0,4,503.87,1,505.15,2,,,,,,
2025-04-10 09:34:30,500.745,499.91,1,500.0,1,501.49,2,501.49,500.0,500.0,1,499.63,1,498.89,2,498.7,2,498.6,1,498.49,2,498.28,1,498.1,3,498.08,1,498.0,4,501.49,2,501.5,2,501.52,1,501.95,2,501.99,2,502.0,4,503.87,1,505.15,2,,,,
2025-04-10 09:34:31,499.9,499.91,1,498.89,2,500.91,1,500.91,498.89,498.89,2,498.7,2,498.6,1,498.49,2,498.28,1,498.1,3,498.08,1,498.0,4,497.87,2,497.5,1,500.91,1,501.49,2,501.5,2,501.52,1,501.95,2,501.99,2,502.0,4,503.87,1,505.15,2,,
2025-04-10 09:34:32,499.9,499.91,1,498.89,2,500.91,3,500.91,498.89,498.89,2,498.7,2,498.6,1,498.49,2,498.28,1,498.1,3,498.08,1,498.0,4,497.87,2,497.5,1,500.91,3,501.49,2,501.5,2,501.52,1,501.95,2,501.99,2,502.0,4,503.87,1,505.15,2,,
2025-04-10 09:34:33,499.9,499.91,1,498.89,2,500.91,3,500.91,498.89,498.89,2,498.7,2,498.6,1,498.49,2,498.28,1,498.1,3,498.08,1,498.0,4,497.87,2,497.5,1,500.91,3,501.49,2,501.5,2,501.52,1,501.95,2,501.99,2,502.0,4,503.87,1,505.15,2,,
2025-04-10 09:34:34,499.9,499.91,1,498.89,2,500.91,3,500.91,498.89,498.89,2,498.7,2,498.6,1,498.49,2,498.28,1,498.1,3,498.08,1,498.0,4,497.87,2,497.5,1,500.91,3,501.49,2,501.5,2,501.52,1,501.95,2,501.99,2,502.0,4,503.87,1,505.15,2,,
2025-04-10 09:34:35,499.9,499.91,1,498.89,2,500.91,4,500.91,498.89,498.89,2,498.7,2,498.6,1,498.49,2,498.28,1,498.1,3,498.08,1,498.0,4,497.87,2,497.5,1,500.91,4,501.49,2,501.5,2,501.52,1,501.95,2,501.99,2,502.0,4,503.87,1,505.15,2,,
2025-04-10 09:34:36,499.9,499.91,1,498.89,2,500.91,4,500.91,498.89,498.89,2,498.7,2,498.6,1,498.49,2,498.28,1,498.1,3,498.08,1,498.0,4,497.87,2,497.5,1,500.91,4,501.49,2,501.5,2,501.52,1,501.95,2,501.99,2,502.0,4,503.87,1,505.15,2,,
2025-04-10 09:34:37,499.86,500.42,1,498.89,2,500.83,2,500.83,498.89,498.89,2,498.7,2,498.6,1,498.49,2,498.28,1,498.1,3,498.08,1,498.0,4,497.87,2,497.5,1,500.83,2,500.91,5,501.49,2,501.5,2,501.52,1,501.95,2,501.99,2,502.0,4,503.87,1,505.15,2
2025-04-10 09:34:38,499.86,499.86,1,498.89,2,500.83,3,500.83,498.89,498.89,2,498.7,2,498.6,1,498.49,2,498.28,1,498.1,3,498.08,1,498.0,4,497.87,2,497.5,1,500.83,3,500.91,5,501.49,2,501.5,2,501.52,1,501.95,2,501.99,2,502.0,4,503.87,1,505.15,2
2025-04-10 09:34:39,499.86,499.39,1,498.89,2,500.83,3,500.83,498.89,498.89,2,498.7,2,498.6,1,498.49,2,498.28,1,498.1,3,498.08,1,498.0,4,497.87,2,497.5,1,500.83,3,500.91,5,501.49,2,501.5,2,501.52,1,501.95,2,501.99,2,502.0,4,503.87,1,505.15,2
2025-04-10 09:34:40,499.835,499.84,1,498.85,1,500.82,3,500.82,498.85,498.85,1,498.7,2,498.6,1,498.49,2,498.28,1,498.1,3,498.08,1,498.0,4,497.87,2,497.5,1,500.82,3,500.83,3,500.91,5,501.49,2,501.5,2,501.52,1,501.95,2,501.99,2,502.0,4,503.87,1
2025-04-10 09:34:41,499.005,499.84,1,498.1,3,499.91,3,499.91,498.1,498.1,3,498.08,1,498.0,4,497.87,2,497.5,1,497.27,1,497.26,1,497.23,1,496.75,1,496.37,1,499.91,3,500.46,3,500.82,3,500.83,3,500.91,5,501.49,2,501.5,2,501.52,1,501.95,2,501.99,2
2025-04-10 09:34:42,499.005,499.84,1,498.1,3,499.91,3,499.91,498.1,498.1,3,498.08,1,498.0,4,497.87,2,497.5,1,497.27,1,497.26,1,497.23,1,496.75,1,496.37,1,499.91,3,500.46,3,500.82,3,500.83,3,500.91,5,501.49,2,501.5,2,501.52,1,501.95,2,501.99,2
2025-04-10 09:34:43,499.005,498.88,1,498.1,3,499.91,3,499.91,498.1,498.1,3,498.08,1,498.0,4,497.87,2,497.5,1,497.27,1,497.26,1,497.23,1,496.75,1,496.37,1,499.91,3,500.46,3,500.82,3,500.83,3,500.91,5,501.49,2,501.5,2,501.52,1,501.95,2,501.99,2
2025-04-10 09:34:44,498.99,498.88,1,498.1,3,499.88,1,499.88,498.1,498.1,3,498.08,1,498.0,4,497.87,2,497.5,1,497.27,1,497.26,1,497.23,1,496.75,1,496.37,1,499.88,1,499.91,2,500.46,3,500.82,3,500.83,3,500.91,5,501.49,2,501.5,2,501.52,1,501.95,2
2025-04-10 09:34:45,498.99,498.88,1,498.1,3,499.88,1,499.88,498.1,498.1,3,498.08,1,498.0,4,497.87,2,497.5,1,497.27,1,497.26,1,497.23,1,496.75,1,496.37,1,499.88,1,499.91,2,500.46,3,500.82,3,500.83,3,500.91,5,501.49,2,501.5,2,501.52,1,501.95,2
2025-04-10 09:34:46,498.99,498.88,1,498.1,3,499.88,2,499.88,498.1,498.1,3,498.08,1,498.0,4,497.87,2,497.5,1,497.27,1,497.26,1,497.23,1,496.75,1,496.37,1,499.88,2,499.91,2,500.46,3,500.82,3,500.83,3,500.91,5,501.49,2,501.5,2,501.52,1,501.95,2
2025-04-10 09:34:47,498.99,498.88,1,498.1,3,499.88,2,499.88,498.1,498.1,3,498.08,1,498.0,4,497.87,2,497.5,1,497.27,1,497.26,1,497.23,1,496.75,1,496.37,1,499.88,2,499.91,2,500.46,3,500.82,3,500.83,3,500.91,5,501.49,2,501.5,2,501.52,1,501.95,2
2025-04-10 09:34:48,498.985,498.99,1,498.1,3,499.87,1,499.87,498.1,498.1,3,498.08,1,498.0,4,497.87,2,497.5,1,497.27,1,497.26,1,497.23,1,496.75,1,496.37,1,499.87,1,499.88,2,499.91,2,500.46,3,500.82,3,500.83,3,500.91,5,501.49,2,501.5,2,501.52,1
2025-04-10 09:34:49,498.985,498.99,1,498.1,3,499.87,1,499.87,498.1,498.1,3,498.08,1,498.0,4,497.87,2,497.5,1,497.27,1,497.26,1,497.23,1,496.75,1,496.37,1,499.87,1,499.88,2,499.91,2,500.46,3,500.82,3,500.83,3,500.91,5,501.49,2,501.5,2,501.52,1
2025-04-10 09:34:50,499.395,498.99,1,498.1,4,500.69,2,500.69,498.1,498.1,4,498.08,1,498.0,4,497.87,2,497.5,1,497.27,1,497.26,1,497.23,1,496.75,1,496.37,1,500.69,2,500.82,3,500.83,3,500.91,5,501.49,2,501.5,2,501.52,1,501.95,2,501.99,2,502.0,4
2025-04-10 09:34:51,499.04,498.99,1,498.1,5,499.98,1,499.98,498.1,498.1,5,498.08,1,498.0,4,497.87,2,497.5,1,497.27,1,497.26,1,497.23,1,496.75,1,496.37,1,499.98,1,500.04,1,500.69,2,500.82,3,500.83,3,500.91,5,501.49,2,501.5,2,501.52,1,501.95,2
2025-04-10 09:34:52,499.01,499.04,1,498.1,4,499.92,1,499.92,498.1,498.1,4,498.08,1,498.0,4,497.87,2,497.5,1,497.27,1,497.26,1,497.23,1,496.75,1,496.37,1,499.92,1,499.97,1,499.98,1,500.04,1,500.69,2,500.82,3,500.83,3,500.91,5,501.49,2,501.5,2
2025-04-10 09:34:53,499.005,499.04,1,498.1,4,499.91,1,499.91,498.1,498.1,4,498.08,1,498.0,4,497.87,2,497.5,1,497.27,1,497.26,1,497.23,1,496.75,1,496.37,1,499.91,1,499.92,2,499.97,1,499.98,1,500.04,1,500.69,2,500.82,3,500.83,3,500.91,5,501.49,2
2025-04-10 09:34:54,499.21,499.0,1,498.5,1,499.92,1,499.92,498.5,498.5,1,498.1,4,498.08,1,498.0,4,497.87,2,497.5,1,497.27,1,497.26,1,497.23,1,496.75,1,499.92,1,499.97,1,499.98,1,500.04,1,500.69,2,500.82,3,500.83,3,500.91,5,501.49,2,501.5,2
2025-04-10 09:34:55,498.225,498.0,1,497.5,1,498.95,3,498.95,497.5,497.5,1,497.27,1,497.26,1,497.23,1,496.75,1,496.37,1,496.33,1,495.76,1,495.75,1,495.74,1,498.95,3,499.33,3,499.87,1,499.92,1,499.97,1,499.98,1,500.04,1,500.69,2,500.82,3,500.83,3
2025-04-10 09:34:56,498.225,498.0,1,497.5,1,498.95,3,498.95,497.5,497.5,1,497.27,1,497.26,1,497.23,1,496.75,1,496.37,1,496.33,1,495.76,1,495.75,1,495.74,1,498.95,3,499.33,3,499.87,1,499.92,1,499.97,1,499.98,1,500.04,1,500.69,2,500.82,3,500.83,3
2025-04-10 09:34:57,498.225,498.0,1,497.5,1,498.95,4,498.95,497.5,497.5,1,497.27,1,497.26,1,497.23,1,496.75,1,496.37,1,496.33,1,495.76,1,495.75,1,495.74,1,498.95,4,499.33,3,499.87,1,499.92,1,499.97,1,499.98,1,500.04,1,500.69,2,500.82,3,500.83,3
2025-04-10 09:34:58,498.225,498.0,1,497.5,6,498.95,4,498.95,497.5,497.5,6,497.27,1,497.26,1,497.23,1,496.75,1,496.37,1,496.33,1,495.76,1,495.75,1,495.74,1,498.95,4,499.33,3,499.87,1,499.92,1,499.97,1,499.98,1,500.04,1,500.69,2,500.82,3,500.83,3
2025-04-10 09:34:59,498.225,497.51,4,497.5,6,498.95,6,498.95,497.5,497.5,6,497.27,1,497.26,1,497.23,1,496.75,1,496.37,1,496.33,1,495.76,1,495.75,1,495.74,1,498.95,6,499.33,3,499.87,1,499.92,1,499.97,1,499.98,1,500.04,1,500.69,2,500.82,3,500.83,3
2025-04-10 09:35:00,498.225,497.51,4,497.5,6,498.95,5,498.95,497.5,497.5,6,497.27,1,497.26,1,497.23,1,496.75,1,496.37,1,496.33,1,495.76,1,495.75,1,495.74,1,498.95,5,499.33,3,499.87,1,499.92,1,499.97,1,499.98,1,500.04,1,500.69,2,500.82,3,500.83,3
2025-04-10 09:35:01,498.24,497.59,1,497.5,6,498.98,2,498.98,497.5,497.5,6,497.27,1,497.26,1,497.23,1,496.75,1,496.37,1,496.33,1,495.76,1,495.75,1,495.74,1,498.98,2,499.33,3,499.87,1,499.92,1,499.97,1,499.98,1,500.04,1,500.69,2,500.82,3,500.83,3
2025-04-10 09:35:02,498.24,497.86,1,497.5,6,498.98,2,498.98,497.5,497.5,6,497.27,1,497.26,1,497.23,1,496.75,1,496.37,1,496.33,1,495.76,1,495.75,1,495.74,1,498.98,2,499.33,3,499.87,1,499.92,1,499.97,1,499.98,1,500.04,1,500.69,2,500.82,3,500.83,3
2025-04-10 09:35:03,498.24,497.86,1,497.5,6,498.98,3,498.98,497.5,497.5,6,497.27,1,497.26,1,497.23,1,496.75,1,496.37,1,496.33,1,495.76,1,495.75,1,495.74,1,498.98,3,499.33,3,499.87,1,499.92,1,499.97,1,499.98,1,500.04,1,500.69,2,500.82,3,500.83,3
2025-04-10 09:35:04,497.905,497.49,1,497.06,5,498.75,2,498.75,497.06,497.06,5,497.04,6,497.03,5,496.75,1,496.37,1,496.33,1,495.76,1,495.75,1,495.74,1,495.26,2,498.75,2,498.98,3,499.33,3,499.87,1,499.92,1,499.97,1,499.98,1,500.04,1,500.69,2,500.82,3
2025-04-10 09:35:05,497.91,497.49,1,497.07,5,498.75,2,498.75,497.07,497.07,5,497.06,5,497.04,6,497.03,5,496.75,1,496.37,1,496.33,1,495.76,1,495.75,1,495.74,1,498.75,2,498.98,3,499.33,3,499.87,1,499.92,1,499.97,1,499.98,1,500.04,1,500.69,2,500.82,3
2025-04-10 09:35:06,497.91,497.49,1,497.07,5,498.75,3,498.75,497.07,497.07,5,497.06,5,497.04,6,497.03,5,496.75,1,496.37,1,496.33,1,495.76,1,495.75,1,495.74,1,498.75,3,498.98,3,499.33,3,499.87,1,499.92,1,499.97,1,499.98,1,500.04,1,500.69,2,500.82,3
2025-04-10 09:35:07,497.91,497.91,1,497.07,5,498.75,4,498.75,497.07,497.07,5,497.06,5,497.04,6,497.03,5,496.75,1,496.37,1,496.33,1,495.76,1,495.75,1,495.74,1,498.75,4,498.98,3,499.33,3,499.87,1,499.92,1,499.97,1,499.98,1,500.04,1,500.69,2,500.82,3
2025-04-10 09:35:08,497.91,497.91,1,497.07,5,498.75,5,498.75,497.07,497.07,5,497.06,5,497.04,6,497.03,5,496.75,1,496.37,1,496.33,1,495.76,1,495.75,1,495.74,1,498.75,5,498.98,3,499.33,3,499.87,1,499.92,1,499.97,1,499.98,1,500.04,1,500.69,2,500.82,3
2025-04-10 09:35:09,497.91,497.91,1,497.07,5,498.75,5,498.75,497.07,497.07,5,497.06,5,497.04,6,497.03,5,496.75,1,496.37,1,496.33,1,495.76,1,495.75,1,495.74,1,498.75,5,498.98,3,499.33,3,499.87,1,499.92,1,499.97,1,499.98,1,500.04,1,500.69,2,500.82,3
2025-04-10 09:35:10,497.91,497.91,1,497.07,5,498.75,5,498.75,497.07,497.07,5,497.06,5,497.04,6,497.03,5,496.75,1,496.37,1,496.33,1,495.76,1,495.75,1,495.74,1,498.75,5,498.98,3,499.33,3,499.87,1,499.92,1,499.97,1,499.98,1,500.04,1,500.69,2,500.82,3
2025-04-10 09:35:11,497.91,497.91,2,497.07,5,498.75,5,498.75,497.07,497.07,5,497.06,5,497.04,6,497.03,5,496.75,1,496.37,1,496.33,1,495.76,1,495.75,1,495.74,1,498.75,5,498.98,3,499.33,3,499.87,1,499.92,1,499.97,1,499.98,1,500.04,1,500.69,2,500.82,3
2025-04-10 09:35:12,497.91,497.91,2,497.07,5,498.75,5,498.75,497.07,497.07,5,497.06,5,497.04,6,497.03,5,496.75,1,496.37,1,496.33,1,495.76,1,495.75,1,495.74,1,498.75,5,498.98,3,499.33,3,499.87,1,499.92,1,499.97,1,499.98,1,500.04,1,500.69,2,500.82,3
2025-04-10 09:35:13,497.91,497.91,2,497.07,5,498.75,5,498.75,497.07,497.07,5,497.06,5,497.04,6,497.03,5,496.75,1,496.37,1,496.33,1,495.76,1,495.75,1,495.74,1,498.75,5,498.98,3,499.33,3,499.87,1,499.92,1,499.97,1,499.98,1,500.04,1,500.69,2,500.82,3
2025-04-10 09:35:14,497.85,497.91,2,497.07,5,498.63,3,498.63,497.07,497.07,5,497.06,5,497.04,6,497.03,5,496.75,1,496.37,1,496.33,1,495.76,1,495.75,1,495.74,1,498.63,3,498.75,6,498.98,3,499.33,3,499.87,1,499.92,1,499.97,1,499.98,1,500.04,1,500.69,2
2025-04-10 09:35:15,497.85,497.91,2,497.07,5,498.63,3,498.63,497.07,497.07,5,497.06,5,497.04,6,497.03,5,496.75,1,496.37,1,496.33,1,495.76,1,495.75,1,495.74,1,498.63,3,498.75,6,498.98,3,499.33,3,499.87,1,499.92,1,499.97,1,499.98,1,500.04,1,500.69,2
2025-04-10 09:35:16,497.875,497.05,1,497.0,1,498.75,8,498.75,497.0,497.0,1,496.46,3,496.37,1,496.33,1,495.76,1,495.75,1,495.74,1,495.26,2,,,,,498.75,8,498.98,3,499.33,3,499.87,1,499.92,1,499.97,1,499.98,1,500.04,1,500.69,2,500.82,3
2025-04-10 09:35:17,497.91,497.05,1,497.07,4,498.75,8,498.75,497.07,497.07,4,497.0,1,496.46,3,496.37,1,496.33,1,495.76,1,495.75,1,495.74,1,495.26,2,,,498.75,8,498.98,3,499.33,3,499.87,1,499.92,1,499.97,1,499.98,1,500.04,1,500.69,2,500.82,3
2025-04-10 09:35:18,497.91,497.05,1,497.07,4,498.75,10,498.75,497.07,497.07,4,497.0,1,496.46,3,496.37,1,496.33,1,495.76,1,495.75,1,495.74,1,495.26,2,,,498.75,10,498.98,3,499.33,3,499.87,1,499.92,1,499.97,1,499.98,1,500.04,1,500.69,2,500.82,3
2025-04-10 09:35:19,497.885,497.07,2,497.07,1,498.7,2,498.7,497.07,497.07,1,497.0,1,496.46,3,496.37,1,496.33,1,495.76,1,495.75,1,495.74,1,495.26,2,,,498.7,2,498.75,10,498.98,3,499.33,3,499.87,1,499.92,1,499.97,1,499.98,1,500.04,1,500.69,2
2025-04-10 09:35:20,497.885,497.07,2,497.07,1,498.7,2,498.7,497.07,497.07,1,497.0,1,496.46,3,496.37,1,496.33,1,495.76,1,495.75,1,495.74,1,495.26,2,,,498.7,2,498.75,10,498.98,3,499.33,3,499.87,1,499.92,1,499.97,1,499.98,1,500.04,1,500.69,2
2025-04-10 09:35:21,497.68,497.68,6,497.07,7,498.29,1,498.29,497.07,497.07,7,497.0,1,496.46,3,496.37,1,496.33,1,495.76,1,495.75,1,495.74,1,495.26,2,,,498.29,1,498.7,5,498.75,10,498.98,3,499.33,3,499.87,1,499.92,1,499.97,1,499.98,1,500.04,1
2025-04-10 09:35:22,497.68,497.68,6,497.07,7,498.29,3,498.29,497.07,497.07,7,497.0,1,496.46,3,496.37,1,496.33,1,495.76,1,495.75,1,495.74,1,495.26,2,,,498.29,3,498.7,5,498.75,10,498.98,3,499.33,3,499.87,1,499.92,1,499.97,1,499.98,1,500.04,1
2025-04-10 09:35:23,497.68,497.68,6,497.07,7,498.29,3,498.29,497.07,497.07,7,497.0,1,496.46,3,496.37,1,496.33,1,495.76,1,495.75,1,495.74,1,495.26,2,,,498.29,3,498.7,5,498.75,10,498.98,3,499.33,3,499.87,1,499.92,1,499.97,1,499.98,1,500.04,1
2025-04-10 09:35:24,497.68,497.68,6,497.07,7,498.29,3,498.29,497.07,497.07,7,497.0,1,496.46,3,496.37,1,496.33,1,495.76,1,495.75,1,495.74,1,495.26,2,,,498.29,3,498.7,5,498.75,10,498.98,3,499.33,3,499.87,1,499.92,1,499.97,1,499.98,1,500.04,1
2025-04-10 09:35:25,497.68,497.68,6,497.07,7,498.29,3,498.29,497.07,497.07,7,497.0,1,496.46,3,496.37,1,496.33,1,495.76,1,495.75,1,495.74,1,495.26,2,,,498.29,3,498.7,5,498.75,10,498.98,3,499.33,3,499.87,1,499.92,1,499.97,1,499.98,1,500.04,1
2025-04-10 09:35:26,497.68,497.68,6,497.07,7,498.29,5,498.29,497.07,497.07,7,497.0,1,496.46,3,496.37,1,496.33,1,495.76,1,495.75,1,495.74,1,495.26,2,,,498.29,5,498.7,5,498.75,10,498.98,3,499.33,3,499.87,1,499.92,1,499.97,1,499.98,1,500.04,1
2025-04-10 09:35:27,497.68,497.68,6,497.07,7,498.29,6,498.29,497.07,497.07,7,497.0,1,496.46,3,496.37,1,496.33,1,495.76,1,495.75,1,495.74,1,495.26,2,,,498.29,6,498.7,5,498.75,10,498.98,3,499.33,3,499.87,1,499.92,1,499.97,1,499.98,1,500.04,1
2025-04-10 09:35:28,497.68,497.68,6,497.07,7,498.29,7,498.29,497.07,497.07,7,497.0,1,496.46,3,496.37,1,496.33,1,495.76,1,495.75,1,495.74,1,495.26,2,,,498.29,7,498.7,5,498.75,10,498.98,3,499.33,3,499.87,1,499.92,1,499.97,1,499.98,1,500.04,1
2025-04-10 09:35:29,497.78,497.68,6,497.27,1,498.29,7,498.29,497.27,497.27,1,497.07,7,497.0,1,496.46,3,496.37,1,496.33,1,495.76,1,495.75,1,495.74,1,495.26,2,498.29,7,498.7,5,498.75,10,498.98,3,499.33,3,499.87,1,499.92,1,499.97,1,499.98,1,500.04,1
2025-04-10 09:35:30,497.78,497.68,6,497.27,6,498.29,7,498.29,497.27,497.27,6,497.07,7,497.0,1,496.46,3,496.37,1,496.33,1,495.76,1,495.75,1,495.74,1,495.26,2,498.29,7,498.7,5,498.75,10,498.98,3,499.33,3,499.87,1,499.92,1,499.97,1,499.98,1,500.04,1
2025-04-10 09:35:31,497.78,497.68,6,497.27,6,498.29,7,498.29,497.27,497.27,6,497.07,7,497.0,1,496.46,3,496.37,1,496.33,1,495.76,1,495.75,1,495.74,1,495.26,2,498.29,7,498.7,5,498.75,10,498.98,3,499.33,3,499.87,1,499.92,1,499.97,1,499.98,1,500.04,1
2025-04-10 09:35:32,497.78,497.67,1,497.27,6,498.29,7,498.29,497.27,497.27,6,497.07,7,497.0,1,496.46,3,496.37,1,496.33,1,495.76,1,495.75,1,495.74,1,495.26,2,498.29,7,498.7,5,498.75,10,498.98,3,499.33,3,499.87,1,499.92,1,499.97,1,499.98,1,500.04,1
2025-04-10 09:35:33,497.78,497.67,1,497.27,6,498.29,7,498.29,497.27,497.27,6,497.07,7,497.0,1,496.46,3,496.37,1,496.33,1,495.76,1,495.75,1,495.74,1,495.26,2,498.29,7,498.7,5,498.75,10,498.98,3,499.33,3,499.87,1,499.92,1,499.97,1,499.98,1,500.04,1
2025-04-10 09:35:34,497.78,497.67,1,497.27,6,498.29,7,498.29,497.27,497.27,6,497.07,7,497.0,1,496.46,3,496.37,1,496.33,1,495.76,1,495.75,1,495.74,1,495.26,2,498.29,7,498.7,5,498.75,10,498.98,3,499.33,3,499.87,1,499.92,1,499.97,1,499.98,1,500.04,1
2025-04-10 09:35:35,497.78,497.78,1,497.27,6,498.29,6,498.29,497.27,497.27,6,497.07,7,497.0,1,496.46,3,496.37,1,496.33,1,495.76,1,495.75,1,495.74,1,495.26,2,498.29,6,498.7,5,498.75,10,498.98,3,499.33,3,499.87,1,499.92,1,499.97,1,499.98,1,500.04,1
2025-04-10 09:35:36,497.78,497.78,2,497.27,6,498.29,6,498.29,497.27,497.27,6,497.07,7,497.0,1,496.46,3,496.37,1,496.33,1,495.76,1,495.75,1,495.74,1,495.26,2,498.29,6,498.7,5,498.75,10,498.98,3,499.33,3,499.87,1,499.92,1,499.97,1,499.98,1,500.04,1
2025-04-10 09:35:37,498.135,498.29,4,497.54,6,498.73,1,498.73,497.54,497.54,6,497.27,6,497.07,7,497.0,1,496.46,3,496.37,1,496.33,1,495.76,1,495.75,1,495.74,1,498.73,1,498.75,10,498.98,3,499.33,3,499.87,1,499.92,1,499.97,1,499.98,1,500.04,1,500.69,2
2025-04-10 09:35:38,498.135,498.29,4,497.54,6,498.73,2,498.73,497.54,497.54,6,497.27,6,497.07,7,497.0,1,496.46,3,496.37,1,496.33,1,495.76,1,495.75,1,495.74,1,498.73,2,498.75,10,498.98,3,499.33,3,499.87,1,499.92,1,499.97,1,499.98,1,500.04,1,500.69,2
2025-04-10 09:35:39,498.135,498.29,4,497.54,6,498.73,4,498.73,497.54,497.54,6,497.27,6,497.07,7,497.0,1,496.46,3,496.37,1,496.33,1,495.76,1,495.75,1,495.74,1,498.73,4,498.75,10,498.98,3,499.33,3,499.87,1,499.92,1,499.97,1,499.98,1,500.04,1,500.69,2
2025-04-10 09:35:40,498.235,497.75,1,497.75,6,498.72,1,498.72,497.75,497.75,6,497.54,6,497.27,6,497.07,7,497.0,1,496.46,3,496.37,1,496.33,1,495.76,1,495.75,1,498.72,1,498.73,4,498.75,10,498.98,3,499.33,3,499.87,1,499.92,1,499.97,1,499.98,1,500.04,1
2025-04-10 09:35:41,497.96,497.49,4,497.48,6,498.44,2,498.44,497.48,497.48,6,497.27,6,497.07,7,497.0,1,496.46,3,496.37,1,496.33,1,495.76,1,495.75,1,495.74,1,498.44,2,498.72,3,498.73,4,498.75,10,498.98,3,499.33,3,499.87,1,499.92,1,499.97,1,499.98,1
2025-04-10 09:35:42,497.51,497.27,5,497.0,1,498.02,3,498.02,497.0,497.0,1,496.46,3,496.37,1,496.33,1,495.76,1,495.75,1,495.74,1,495.26,2,,,,,498.02,3,498.27,1,498.29,2,498.44,2,498.72,3,498.73,4,498.75,10,498.98,3,499.33,3,499.87,1
2025-04-10 09:35:43,497.51,497.27,5,497.0,1,498.02,3,498.02,497.0,497.0,1,496.46,3,496.37,1,496.33,1,495.76,1,495.75,1,495.74,1,495.26,2,,,,,498.02,3,498.27,1,498.29,2,498.44,2,498.72,3,498.73,4,498.75,10,498.98,3,499.33,3,499.87,1
2025-04-10 09:35:44,497.26,497.0,3,496.5,1,498.02,3,498.02,496.5,496.5,1,496.46,3,496.37,1,496.33,1,495.76,1,495.75,1,495.74,1,495.26,2,,,,,498.02,3,498.27,1,498.29,2,498.44,2,498.72,3,498.73,4,498.75,10,498.98,3,499.33,3,499.87,1
2025-04-10 09:35:45,497.17,497.05,1,496.5,1,497.84,3,497.84,496.5,496.5,1,496.46,3,496.37,1,496.33,1,495.76,1,495.75,1,495.74,1,495.26,2,,,,,497.84,3,498.02,3,498.27,1,498.29,2,498.44,2,498.72,3,498.73,4,498.75,10,498.98,3,499.33,3
2025-04-10 09:35:46,497.17,497.05,1,496.5,1,497.84,5,497.84,496.5,496.5,1,496.46,3,496.37,1,496.33,1,495.76,1,495.75,1,495.74,1,495.26,2,,,,,497.84,5,498.02,3,498.27,1,498.29,2,498.44,2,498.72,3,498.73,4,498.75,10,498.98,3,499.33,3
2025-04-10 09:35:47,497.145,497.15,1,496.46,3,497.83,1,497.83,496.46,496.46,3,496.37,1,496.33,1,495.76,1,495.75,1,495.74,1,495.26,2,,,,,,,497.83,1,497.84,6,498.02,3,498.27,1,498.29,2,498.44,2,498.72,3,498.73,4,498.75,10,498.98,3
2025-04-10 09:35:48,497.19,497.19,1,496.55,1,497.83,1,497.83,496.55,496.55,1,496.46,3,496.37,1,496.33,1,495.76,1,495.75,1,495.74,1,495.26,2,,,,,497.83,1,497.84,6,498.02,3,498.27,1,498.29,2,498.44,2,498.72,3,498.73,4,498.75,10,498.98,3
2025-04-10 09:35:49,497.19,497.19,1,496.55,1,497.83,1,497.83,496.55,496.55,1,496.46,3,496.37,1,496.33,1,495.76,1,495.75,1,495.74,1,495.26,2,,,,,497.83,1,497.84,6,498.02,3,498.27,1,498.29,2,498.44,2,498.72,3,498.73,4,498.75,10,498.98,3
2025-04-10 09:35:50,497.19,497.19,1,496.55,1,497.83,1,497.83,496.55,496.55,1,496.46,3,496.37,1,496.33,1,495.76,1,495.75,1,495.74,1,495.26,2,,,,,497.83,1,497.84,6,498.02,3,498.27,1,498.29,2,498.44,2,498.72,3,498.73,4,498.75,10,498.98,3
2025-04-10 09:35:51,497.19,497.19,1,496.55,1,497.83,1,497.83,496.55,496.55,1,496.46,3,496.37,1,496.33,1,495.76,1,495.75,1,495.74,1,495.26,2,,,,,497.83,1,497.84,6,498.02,3,498.27,1,498.29,2,498.44,2,498.72,3,498.73,4,498.75,10,498.98,3
2025-04-10 09:35:52,497.19,497.19,1,496.55,1,497.83,2,497.83,496.55,496.55,1,496.46,3,496.37,1,496.33,1,495.76,1,495.75,1,495.74,1,495.26,2,,,,,497.83,2,497.84,6,498.02,3,498.27,1,498.29,2,498.44,2,498.72,3,498.73,4,498.75,10,498.98,3
2025-04-10 09:35:53,497.19,497.19,1,496.55,1,497.83,2,497.83,496.55,496.55,1,496.46,3,496.37,1,496.33,1,495.76,1,495.75,1,495.74,1,495.26,2,,,,,497.83,2,497.84,6,498.02,3,498.27,1,498.29,2,498.44,2,498.72,3,498.73,4,498.75,10,498.98,3
2025-04-10 09:35:54,497.19,497.19,1,496.55,1,497.83,2,497.83,496.55,496.55,1,496.46,3,496.37,1,496.33,1,495.76,1,495.75,1,495.74,1,495.26,2,,,,,497.83,2,497.84,6,498.02,3,498.27,1,498.29,2,498.44,2,498.72,3,498.73,4,498.75,10,498.98,3
2025-04-10 09:35:55,497.19,497.19,1,496.55,1,497.83,2,497.83,496.55,496.55,1,496.46,3,496.37,1,496.33,1,495.76,1,495.75,1,495.74,1,495.26,2,,,,,497.83,2,497.84,6,498.02,3,498.27,1,498.29,2,498.44,2,498.72,3,498.73,4,498.75,10,498.98,3
2025-04-10 09:35:56,497.19,497.19,1,496.55,1,497.83,2,497.83,496.55,496.55,1,496.46,3,496.37,1,496.33,1,495.76,1,495.75,1,495.74,1,495.26,2,,,,,497.83,2,497.84,6,498.02,3,498.27,1,498.29,2,498.44,2,498.72,3,498.73,4,498.75,10,498.98,3
2025-04-10 09:35:57,497.19,497.19,1,496.55,1,497.83,2,497.83,496.55,496.55,1,496.46,3,496.37,1,496.33,1,495.76,1,495.75,1,495.74,1,495.26,2,,,,,497.83,2,497.84,6,498.02,3,498.27,1,498.29,2,498.44,2,498.72,3,498.73,4,498.75,10,498.98,3
2025-04-10 09:35:58,497.18,497.19,1,496.55,1,497.81,5,497.81,496.55,496.55,1,496.46,3,496.37,1,496.33,1,495.76,1,495.75,1,495.74,1,495.26,2,,,,,497.81,5,497.82,3,497.83,3,497.84,6,498.02,3,498.27,1,498.29,2,498.44,2,498.72,3,498.73,4
2025-04-10 09:35:59,497.17,497.19,1,496.55,1,497.79,3,497.79,496.55,496.55,1,496.46,3,496.37,1,496.33,1,495.76,1,495.75,1,495.74,1,495.26,2,,,,,497.79,3,497.8,3,497.81,3,497.82,3,497.83,3,497.84,6,498.02,3,498.27,1,498.29,2,498.44,2
2025-04-10 09:36:00,497.15,497.19,1,496.55,1,497.75,1,497.75,496.55,496.55,1,496.46,3,496.37,1,496.33,1,495.76,1,495.75,1,495.74,1,495.26,2,,,,,497.75,1,497.76,1,497.77,1,497.78,2,497.79,2,497.8,3,497.81,3,497.82,3,497.83,3,497.84,6
2025-04-10 09:36:01,497.14,497.13,1,496.55,2,497.73,2,497.73,496.55,496.55,2,496.46,3,496.37,1,496.33,1,495.76,1,495.75,1,495.74,1,495.26,2,,,,,497.73,2,497.74,2,497.75,1,497.76,1,497.77,1,497.78,2,497.79,2,497.8,3,497.81,3,497.82,3
2025-04-10 09:36:02,497.115,497.13,1,496.55,2,497.68,1,497.68,496.55,496.55,2,496.46,3,496.37,1,496.33,1,495.76,1,495.75,1,495.74,1,495.26,2,,,,,497.68,1,497.69,1,497.7,1,497.71,2,497.72,2,497.73,2,497.74,2,497.75,1,497.76,1,497.77,1
2025-04-10 09:36:03,497.105,497.13,1,496.55,2,497.66,1,497.66,496.55,496.55,2,496.46,3,496.37,1,496.33,1,495.76,1,495.75,1,495.74,1,495.26,2,,,,,497.66,1,497.67,2,497.68,1,497.69,1,497.7,1,497.71,2,497.72,2,497.73,2,497.74,2,497.75,1
2025-04-10 09:36:04,497.145,497.13,1,496.55,2,497.74,4,497.74,496.55,496.55,2,496.46,3,496.37,1,496.33,1,495.76,1,495.75,1,495.74,1,495.26,2,,,,,497.74,4,497.75,1,497.76,1,497.77,1,497.78,2,497.79,2,497.8,3,497.81,3,497.82,3,497.83,3
2025-04-10 09:36:05,497.135,496.8,1,496.55,2,497.72,1,497.72,496.55,496.55,2,496.46,3,496.37,1,496.33,1,495.76,1,495.75,1,495.74,1,495.26,2,,,,,497.72,1,497.74,5,497.75,1,497.76,1,497.77,1,497.78,2,497.79,2,497.8,3,497.81,3,497.82,3
2025-04-10 09:36:06,497.145,496.8,1,496.55,2,497.74,5,497.74,496.55,496.55,2,496.46,3,496.37,1,496.33,1,495.76,1,495.75,1,495.74,1,495.26,2,,,,,497.74,5,497.75,1,497.76,1,497.77,1,497.78,2,497.79,2,497.8,3,497.81,3,497.82,3,497.83,3
2025-04-10 09:36:07,497.145,496.8,1,496.55,2,497.74,5,497.74,496.55,496.55,2,496.46,3,496.37,1,496.33,1,495.76,1,495.75,1,495.74,1,495.26,2,,,,,497.74,5,497.75,1,497.76,1,497.77,1,497.78,2,497.79,2,497.8,3,497.81,3,497.82,3,497.83,3
2025-04-10 09:36:08,496.96,496.54,1,496.5,1,497.42,1,497.42,496.5,496.5,1,496.46,3,496.37,1,496.33,1,495.76,1,495.75,1,495.74,1,495.26,2,,,,,497.42,1,497.51,1,497.74,10,497.75,1,497.76,1,497.77,1,497.78,2,497.79,2,497.8,3,497.81,3
2025-04-10 09:36:09,496.44,495.7,1,495.7,1,497.18,2,497.18,495.7,495.7,1,495.69,1,495.68,1,495.64,1,495.26,2,,,,,,,,,,,497.18,2,497.19,1,497.42,1,497.51,1,497.74,10,497.75,1,497.76,1,497.77,1,497.78,2,497.79,2
2025-04-10 09:36:10,496.44,495.7,1,495.7,1,497.18,6,497.18,495.7,495.7,1,495.69,1,495.68,1,495.64,1,495.26,2,,,,,,,,,,,497.18,6,497.19,1,497.42,1,497.51,1,497.74,10,497.75,1,497.76,1,497.77,1,497.78,2,497.79,2
2025-04-10 09:36:11,495.96,495.65,1,495.5,1,496.42,3,496.42,495.5,495.5,1,495.26,2,,,,,,,,,,,,,,,,,496.42,3,496.83,2,496.84,3,496.92,2,497.18,7,497.19,1,497.42,1,497.51,1,497.74,10,497.75,1
2025-04-10 09:36:12,495.84,495.84,5,495.26,4,496.42,7,496.42,495.26,495.26,4,,,,,,,,,,,,,,,,,,,496.42,7,496.83,2,496.84,3,496.92,2,497.18,7,497.19,1,497.42,1,497.51,1,497.74,10,497.75,1
2025-04-10 09:36:13,495.67,495.84,5,495.26,4,496.08,2,496.08,495.26,495.26,4,,,,,,,,,,,,,,,,,,,496.08,2,496.42,7,496.83,2,496.84,3,496.92,2,497.18,7,497.19,1,497.42,1,497.51,1,497.74,10
2025-04-10 09:36:14,495.84,496.35,1,495.26,4,496.42,5,496.42,495.26,495.26,4,,,,,,,,,,,,,,,,,,,496.42,5,496.83,2,496.84,3,496.92,2,497.18,7,497.19,1,497.42,1,497.51,1,497.74,10,497.75,1
2025-04-10 09:36:15,496.21,496.21,2,495.34,2,497.08,1,497.08,495.34,495.34,2,495.26,5,,,,,,,,,,,,,,,,,497.08,1,497.18,8,497.19,1,497.42,1,497.51,1,497.74,10,497.75,1,497.76,1,497.77,1,497.78,2
2025-04-10 09:36:16,496.21,496.21,1,495.34,2,497.08,3,497.08,495.34,495.34,2,495.26,5,,,,,,,,,,,,,,,,,497.08,3,497.18,8,497.19,1,497.42,1,497.51,1,497.74,10,497.75,1,497.76,1,497.77,1,497.78,2
2025-04-10 09:36:17,496.2,495.34,1,495.34,2,497.06,1,497.06,495.34,495.34,2,495.26,5,,,,,,,,,,,,,,,,,497.06,1,497.08,3,497.18,8,497.19,1,497.42,1,497.51,1,497.74,10,497.75,1,497.76,1,497.77,1
2025-04-10 09:36:18,496.2,495.34,1,495.34,2,497.06,1,497.06,495.34,495.34,2,495.26,5,,,,,,,,,,,,,,,,,497.06,1,497.08,3,497.18,8,497.19,1,497.42,1,497.51,1,497.74,10,497.75,1,497.76,1,497.77,1
2025-04-10 09:36:19,496.2,496.2,1,495.34,2,497.06,1,497.06,495.34,495.34,2,495.26,5,,,,,,,,,,,,,,,,,497.06,1,497.08,3,497.18,8,497.19,1,497.42,1,497.51,1,497.74,10,497.75,1,497.76,1,497.77,1
2025-04-10 09:36:20,496.13,496.2,1,495.3,1,496.96,1,496.96,495.3,495.3,1,495.29,1,495.26,5,,,,,,,,,,,,,,,496.96,1,497.06,2,497.08,3,497.18,8,497.19,1,497.42,1,497.51,1,497.74,10,497.75,1,497.76,1
2025-04-10 09:36:21,496.8,497.06,1,495.86,1,497.74,5,497.74,495.86,495.86,1,495.84,1,495.82,1,495.3,1,495.29,1,495.26,5,,,,,,,,,497.74,5,497.75,1,497.76,1,497.77,1,497.78,2,497.79,2,497.8,3,497.81,3,497.82,3,497.83,3
2025-04-10 09:36:22,497.065,497.61,1,496.39,2,497.74,5,497.74,496.39,496.39,2,496.13,2,495.99,2,495.86,3,495.84,1,495.82,1,495.3,1,495.29,1,495.26,5,,,497.74,5,497.75,1,497.76,1,497.77,1,497.78,2,497.79,2,497.8,3,497.81,3,497.82,3,497.83,3
2025-04-10 09:36:23,497.07,496.4,2,496.4,3,497.74,5,497.74,496.4,496.4,3,496.39,4,496.13,2,495.99,2,495.86,3,495.84,1,495.82,1,495.3,1,495.29,1,495.26,5,497.74,5,497.75,1,497.76,1,497.77,1,497.78,2,497.79,2,497.8,3,497.81,3,497.82,3,497.83,3
2025-04-10 09:36:24,497.07,496.4,2,496.4,1,497.74,5,497.74,496.4,496.4,1,496.39,4,496.13,2,495.99,2,495.86,3,495.84,1,495.82,1,495.3,1,495.29,1,495.26,5,497.74,5,497.75,1,497.76,1,497.77,1,497.78,2,497.79,2,497.8,3,497.81,3,497.82,3,497.83,3
2025-04-10 09:36:25,497.07,496.4,2,496.4,1,497.74,5,497.74,496.4,496.4,1,496.39,4,496.13,2,495.99,2,495.86,3,495.84,1,495.82,1,495.3,1,495.29,1,495.26,5,497.74,5,497.75,1,497.76,1,497.77,1,497.78,2,497.79,2,497.8,3,497.81,3,497.82,3,497.83,3
2025-04-10 09:36:26,497.07,496.6,1,496.4,3,497.74,5,497.74,496.4,496.4,3,496.39,4,496.13,2,495.99,2,495.86,3,495.84,1,495.82,1,495.3,1,495.29,1,495.26,5,497.74,5,497.75,1,497.76,1,497.77,1,497.78,2,497.79,2,497.8,3,497.81,3,497.82,3,497.83,3
2025-04-10 09:36:27,497.07,497.65,5,496.4,3,497.74,5,497.74,496.4,496.4,3,496.39,4,496.13,2,495.99,2,495.86,3,495.84,1,495.82,1,495.3,1,495.29,1,495.26,5,497.74,5,497.75,1,497.76,1,497.77,1,497.78,2,497.79,2,497.8,3,497.81,3,497.82,3,497.83,3
2025-04-10 09:36:28,497.07,496.96,1,496.4,3,497.74,5,497.74,496.4,496.4,3,496.39,4,496.13,2,495.99,2,495.86,3,495.84,1,495.82,1,495.3,1,495.29,1,495.26,5,497.74,5,497.75,1,497.76,1,497.77,1,497.78,2,497.79,2,497.8,3,497.81,3,497.82,3,497.83,3
2025-04-10 09:36:29,497.07,496.96,1,496.4,3,497.74,5,497.74,496.4,496.4,3,496.39,4,496.13,2,495.99,2,495.86,3,495.84,1,495.82,1,495.3,1,495.29,1,495.26,5,497.74,5,497.75,1,497.76,1,497.77,1,497.78,2,497.79,2,497.8,3,497.81,3,497.82,3,497.83,3
2025-04-10 09:36:30,497.07,496.96,1,496.4,3,497.74,5,497.74,496.4,496.4,3,496.39,4,496.13,2,495.99,2,495.86,3,495.84,1,495.82,1,495.3,1,495.29,1,495.26,5,497.74,5,497.75,1,497.76,1,497.77,1,497.78,2,497.79,2,497.8,3,497.81,3,497.82,3,497.83,3
2025-04-10 09:36:31,497.07,496.91,1,496.4,2,497.74,7,497.74,496.4,496.4,2,496.39,4,496.13,2,495.99,2,495.86,3,495.84,1,495.82,1,495.3,1,495.29,1,495.26,5,497.74,7,497.75,1,497.76,1,497.77,1,497.78,2,497.79,2,497.8,3,497.81,3,497.82,3,497.83,3
2025-04-10 09:36:32,496.81,496.57,1,496.35,2,497.27,1,497.27,496.35,496.35,2,496.13,2,495.99,2,495.86,3,495.84,1,495.82,1,495.3,1,495.29,1,495.26,5,,,497.27,1,497.5,1,497.58,2,497.74,7,497.75,1,497.76,1,497.77,1,497.78,2,497.79,2,497.8,3
2025-04-10 09:36:33,496.81,496.57,1,496.35,2,497.27,1,497.27,496.35,496.35,2,496.13,2,495.99,2,495.86,3,495.84,1,495.82,1,495.3,1,495.29,1,495.26,5,,,497.27,1,497.5,1,497.58,2,497.74,7,497.75,1,497.76,1,497.77,1,497.78,2,497.79,2,497.8,3
2025-04-10 09:36:34,496.81,496.57,1,496.35,2,497.27,1,497.27,496.35,496.35,2,496.13,2,495.99,2,495.86,3,495.84,1,495.82,1,495.3,1,495.29,1,495.26,5,,,497.27,1,497.5,1,497.58,2,497.74,7,497.75,1,497.76,1,497.77,1,497.78,2,497.79,2,497.8,3
2025-04-10 09:36:35,496.8,496.57,1,496.35,2,497.25,2,497.25,496.35,496.35,2,496.13,2,495.99,2,495.86,3,495.84,1,495.82,1,495.3,1,495.29,1,495.26,5,,,497.25,2,497.27,1,497.5,1,497.58,2,497.74,7,497.75,1,497.76,1,497.77,1,497.78,2,497.79,2
2025-04-10 09:36:36,496.405,495.92,1,495.82,1,496.99,1,496.99,495.82,495.82,1,495.3,1,495.29,1,495.26,5,,,,,,,,,,,,,496.99,1,497.18,1,497.23,1,497.25,2,497.27,1,497.5,1,497.58,2,497.74,7,497.75,1,497.76,1
2025-04-10 09:36:37,496.5,495.92,1,495.82,1,497.18,1,497.18,495.82,495.82,1,495.3,1,495.29,1,495.26,5,,,,,,,,,,,,,497.18,1,497.23,1,497.25,2,497.27,1,497.5,1,497.58,2,497.74,7,497.75,1,497.76,1,497.77,1
2025-04-10 09:36:38,496.41,495.92,1,495.82,1,497.0,1,497.0,495.82,495.82,1,495.3,1,495.29,1,495.26,5,,,,,,,,,,,,,497.0,1,497.18,2,497.23,1,497.25,2,497.27,1,497.5,1,497.58,2,497.74,7,497.75,1,497.76,1
2025-04-10 09:36:39,496.48,495.82,1,495.82,1,497.14,1,497.14,495.82,495.82,1,495.3,1,495.29,1,495.26,5,,,,,,,,,,,,,497.14,1,497.18,2,497.23,1,497.25,2,497.27,1,497.5,1,497.58,2,497.74,7,497.75,1,497.76,1
2025-04-10 09:36:40,496.5,495.94,1,495.82,1,497.18,2,497.18,495.82,495.82,1,495.3,1,495.29,1,495.26,5,,,,,,,,,,,,,497.18,2,497.23,1,497.25,2,497.27,1,497.5,1,497.58,2,497.74,7,497.75,1,497.76,1,497.77,1
2025-04-10 09:36:41,496.5,495.94,1,495.82,1,497.18,2,497.18,495.82,495.82,1,495.3,1,495.29,1,495.26,5,,,,,,,,,,,,,497.18,2,497.23,1,497.25,2,497.27,1,497.5,1,497.58,2,497.74,7,497.75,1,497.76,1,497.77,1
2025-04-10 09:36:42,496.5,495.94,1,495.82,1,497.18,2,497.18,495.82,495.82,1,495.3,1,495.29,1,495.26,5,,,,,,,,,,,,,497.18,2,497.23,1,497.25,2,497.27,1,497.5,1,497.58,2,497.74,7,497.75,1,497.76,1,497.77,1
2025-04-10 09:36:43,496.5,495.94,1,495.82,1,497.18,2,497.18,495.82,495.82,1,495.3,1,495.29,1,495.26,5,,,,,,,,,,,,,497.18,2,497.23,1,497.25,2,497.27,1,497.5,1,497.58,2,497.74,7,497.75,1,497.76,1,497.77,1
2025-04-10 09:36:44,496.5,495.94,1,495.82,1,497.18,2,497.18,495.82,495.82,1,495.3,1,495.29,1,495.26,5,,,,,,,,,,,,,497.18,2,497.23,1,497.25,2,497.27,1,497.5,1,497.58,2,497.74,7,497.75,1,497.76,1,497.77,1
2025-04-10 09:36:45,496.5,495.94,1,495.82,1,497.18,2,497.18,495.82,495.82,1,495.3,1,495.29,1,495.26,5,,,,,,,,,,,,,497.18,2,497.23,1,497.25,2,497.27,1,497.5,1,497.58,2,497.74,7,497.75,1,497.76,1,497.77,1
2025-04-10 09:36:46,496.5,495.94,1,495.82,1,497.18,2,497.18,495.82,495.82,1,495.3,1,495.29,1,495.26,5,,,,,,,,,,,,,497.18,2,497.23,1,497.25,2,497.27,1,497.5,1,497.58,2,497.74,7,497.75,1,497.76,1,497.77,1
2025-04-10 09:36:47,496.41,495.94,1,495.82,1,497.0,1,497.0,495.82,495.82,1,495.3,1,495.29,1,495.26,5,,,,,,,,,,,,,497.0,1,497.18,2,497.23,1,497.25,2,497.27,1,497.5,1,497.58,2,497.74,7,497.75,1,497.76,1
2025-04-10 09:36:48,496.41,495.82,1,495.82,1,497.0,1,497.0,495.82,495.82,1,495.3,1,495.29,1,495.26,5,,,,,,,,,,,,,497.0,1,497.18,2,497.23,1,497.25,2,497.27,1,497.5,1,497.58,2,497.74,7,497.75,1,497.76,1
2025-04-10 09:36:49,496.825,497.18,1,496.0,3,497.65,1,497.65,496.0,496.0,3,495.83,1,495.82,1,495.3,1,495.29,1,495.26,5,,,,,,,,,497.65,1,497.74,7,497.75,1,497.76,1,497.77,1,497.78,2,497.79,2,497.8,3,497.81,3,497.82,3
2025-04-10 09:36:50,496.8,497.18,1,496.0,3,497.6,2,497.6,496.0,496.0,3,495.83,1,495.82,1,495.3,1,495.29,1,495.26,5,,,,,,,,,497.6,2,497.65,2,497.74,7,497.75,1,497.76,1,497.77,1,497.78,2,497.79,2,497.8,3,497.81,3
2025-04-10 09:36:51,496.8,496.8,1,496.0,3,497.6,2,497.6,496.0,496.0,3,495.83,1,495.82,1,495.3,1,495.29,1,495.26,5,,,,,,,,,497.6,2,497.65,2,497.74,7,497.75,1,497.76,1,497.77,1,497.78,2,497.79,2,497.8,3,497.81,3
2025-04-10 09:36:52,496.775,497.38,1,496.0,3,497.55,1,497.55,496.0,496.0,3,495.83,1,495.82,1,495.3,1,495.29,1,495.26,5,,,,,,,,,497.55,1,497.6,2,497.65,2,497.74,7,497.75,1,497.76,1,497.77,1,497.78,2,497.79,2,497.8,3
2025-04-10 09:36:53,497.085,496.55,1,496.66,2,497.51,1,497.51,496.66,496.66,2,496.27,2,496.09,1,496.0,2,495.83,1,495.82,1,495.3,1,495.29,1,495.26,5,,,497.51,1,497.55,2,497.6,2,497.65,2,497.74,7,497.75,1,497.76,1,497.77,1,497.78,2,497.79,2
2025-04-10 09:36:54,497.085,497.09,1,496.66,2,497.51,1,497.51,496.66,496.66,2,496.27,2,496.09,1,496.0,2,495.83,1,495.82,1,495.3,1,495.29,1,495.26,5,,,497.51,1,497.55,2,497.6,2,497.65,2,497.74,7,497.75,1,497.76,1,497.77,1,497.78,2,497.79,2
2025-04-10 09:36:55,497.085,497.09,1,496.66,2,497.51,1,497.51,496.66,496.66,2,496.27,2,496.09,1,496.0,2,495.83,1,495.82,1,495.3,1,495.29,1,495.26,5,,,497.51,1,497.55,2,497.6,2,497.65,2,497.74,7,497.75,1,497.76,1,497.77,1,497.78,2,497.79,2
2025-04-10 09:36:56,497.06,497.09,1,496.61,2,497.51,9,497.51,496.61,496.61,2,496.27,2,496.09,1,496.0,2,495.83,1,495.82,1,495.3,1,495.29,1,495.26,5,,,497.51,9,497.55,2,497.6,2,497.65,2,497.74,7,497.75,1,497.76,1,497.77,1,497.78,2,497.79,2
2025-04-10 09:36:57,497.06,497.09,1,496.61,2,497.51,9,497.51,496.61,496.61,2,496.27,2,496.09,1,496.0,2,495.83,1,495.82,1,495.3,1,495.29,1,495.26,5,,,497.51,9,497.55,2,497.6,2,497.65,2,497.74,7,497.75,1,497.76,1,497.77,1,497.78,2,497.79,2
2025-04-10 09:36:58,497.06,497.09,1,496.61,2,497.51,9,497.51,496.61,496.61,2,496.27,2,496.09,1,496.0,2,495.83,1,495.82,1,495.3,1,495.29,1,495.26,5,,,497.51,9,497.55,2,497.6,2,497.65,2,497.74,7,497.75,1,497.76,1,497.77,1,497.78,2,497.79,2
2025-04-10 09:36:59,496.85,497.09,1,496.61,2,497.09,1,497.09,496.61,496.61,2,496.27,2,496.09,1,496.0,2,495.83,1,495.82,1,495.3,1,495.29,1,495.26,5,,,497.09,1,497.51,10,497.55,2,497.6,2,497.65,2,497.74,7,497.75,1,497.76,1,497.77,1,497.78,2
2025-04-10 09:37:00,496.85,497.09,1,496.61,2,497.09,1,497.09,496.61,496.61,2,496.27,2,496.09,1,496.0,2,495.83,1,495.82,1,495.3,1,495.29,1,495.26,5,,,497.09,1,497.51,10,497.55,2,497.6,2,497.65,2,497.74,7,497.75,1,497.76,1,497.77,1,497.78,2
2025-04-10 09:37:01,496.51,496.61,1,495.93,1,497.09,1,497.09,495.93,495.93,1,495.83,1,495.82,1,495.3,1,495.29,1,495.26,5,,,,,,,,,497.09,1,497.51,10,497.55,2,497.6,2,497.65,2,497.74,7,497.75,1,497.76,1,497.77,1,497.78,2
2025-04-10 09:37:02,496.175,496.61,1,495.55,1,496.8,1,496.8,495.55,495.55,1,495.26,5,,,,,,,,,,,,,,,,,496.8,1,497.18,1,497.51,10,497.55,2,497.6,2,497.65,2,497.74,7,497.75,1,497.76,1,497.77,1
2025-04-10 09:37:03,496.175,496.61,1,495.55,1,496.8,1,496.8,495.55,495.55,1,495.26,5,,,,,,,,,,,,,,,,,496.8,1,497.18,1,497.51,10,497.55,2,497.6,2,497.65,2,497.74,7,497.75,1,497.76,1,497.77,1
2025-04-10 09:37:04,496.205,496.61,1,495.61,1,496.8,1,496.8,495.61,495.61,1,495.5,1,495.26,5,,,,,,,,,,,,,,,496.8,1,497.18,1,497.51,10,497.55,2,497.6,2,497.65,2,497.74,7,497.75,1,497.76,1,497.77,1
2025-04-10 09:37:05,496.025,496.03,4,495.26,4,496.79,2,496.79,495.26,495.26,4,,,,,,,,,,,,,,,,,,,496.79,2,496.8,4,497.18,1,497.51,10,497.55,2,497.6,2,497.65,2,497.74,7,497.75,1,497.76,1
2025-04-10 09:37:06,495.775,496.03,4,495.26,4,496.29,2,496.29,495.26,495.26,4,,,,,,,,,,,,,,,,,,,496.29,2,496.31,2,496.79,2,496.8,4,497.18,1,497.51,10,497.55,2,497.6,2,497.65,2,497.74,7
2025-04-10 09:37:07,495.775,496.03,4,495.26,4,496.29,3,496.29,495.26,495.26,4,,,,,,,,,,,,,,,,,,,496.29,3,496.31,2,496.79,2,496.8,4,497.18,1,497.51,10,497.55,2,497.6,2,497.65,2,497.74,7
2025-04-10 09:37:08,495.77,496.03,4,495.26,4,496.28,1,496.28,495.26,495.26,4,,,,,,,,,,,,,,,,,,,496.28,1,496.29,3,496.31,2,496.79,2,496.8,4,497.18,1,497.51,10,497.55,2,497.6,2,497.65,2
2025-04-10 09:37:09,495.765,495.51,1,495.26,4,496.27,2,496.27,495.26,495.26,4,,,,,,,,,,,,,,,,,,,496.27,2,496.28,3,496.29,3,496.31,2,496.79,2,496.8,4,497.18,1,497.51,10,497.55,2,497.6,2
2025-04-10 09:37:10,494.99,495.0,2,494.08,1,495.9,1,495.9,494.08,494.08,1,,,,,,,,,,,,,,,,,,,495.9,1,496.25,6,496.26,3,496.27,2,496.28,3,496.29,3,496.31,2,496.79,2,496.8,4,497.18,1
2025-04-10 09:37:11,494.87,494.99,1,494.08,1,495.66,1,495.66,494.08,494.08,1,,,,,,,,,,,,,,,,,,,495.66,1,495.67,2,495.72,1,495.77,2,495.78,1,495.81,1,495.9,1,496.25,6,496.26,3,496.27,2
2025-04-10 09:37:12,494.73,494.99,1,494.08,1,495.38,1,495.38,494.08,494.08,1,,,,,,,,,,,,,,,,,,,495.38,1,495.4,1,495.65,1,495.66,4,495.67,2,495.72,1,495.77,2,495.78,1,495.81,1,495.9,1
2025-04-10 09:37:13,494.42,494.32,1,494.08,1,494.76,1,494.76,494.08,494.08,1,,,,,,,,,,,,,,,,,,,494.76,1,495.26,1,495.38,2,495.4,1,495.65,1,495.66,4,495.67,2,495.72,1,495.77,2,495.78,1
2025-04-10 09:37:14,494.395,494.08,1,494.03,1,494.76,2,494.76,494.03,494.03,1,,,,,,,,,,,,,,,,,,,494.76,2,495.26,1,495.38,2,495.4,1,495.65,1,495.66,4,495.67,2,495.72,1,495.77,2,495.78,1
2025-04-10 09:37:15,494.31,494.08,1,494.03,1,494.59,1,494.59,494.03,494.03,1,,,,,,,,,,,,,,,,,,,494.59,1,494.61,1,494.76,2,495.26,1,495.38,2,495.4,1,495.65,1,495.66,4,495.67,2,495.72,1
2025-04-10 09:37:16,494.29,494.03,1,494.0,1,494.58,1,494.58,494.0,494.0,1,,,,,,,,,,,,,,,,,,,494.58,1,494.72,1,495.09,1,495.26,1,495.38,2,495.4,1,495.65,1,495.66,4,495.67,2,495.72,1
2025-04-10 09:37:17,494.29,494.03,1,494.0,1,494.58,1,494.58,494.0,494.0,1,,,,,,,,,,,,,,,,,,,494.58,1,494.72,1,495.09,1,495.26,1,495.38,2,495.4,1,495.65,1,495.66,4,495.67,2,495.72,1
2025-04-10 09:37:18,494.29,494.03,1,494.0,1,494.58,1,494.58,494.0,494.0,1,,,,,,,,,,,,,,,,,,,494.58,1,494.72,1,495.09,1,495.26,1,495.38,2,495.4,1,495.65,1,495.66,4,495.67,2,495.72,1
2025-04-10 09:37:19,494.29,494.03,1,494.0,1,494.58,1,494.58,494.0,494.0,1,,,,,,,,,,,,,,,,,,,494.58,1,494.72,1,495.09,1,495.26,1,495.38,2,495.4,1,495.65,1,495.66,4,495.67,2,495.72,1
2025-04-10 09:37:20,494.29,494.03,1,494.0,1,494.58,1,494.58,494.0,494.0,1,,,,,,,,,,,,,,,,,,,494.58,1,494.72,1,495.09,1,495.26,1,495.38,2,495.4,1,495.65,1,495.66,4,495.67,2,495.72,1
2025-04-10 09:37:21,494.285,494.18,1,494.0,1,494.57,1,494.57,494.0,494.0,1,,,,,,,,,,,,,,,,,,,494.57,1,494.58,2,494.72,1,495.09,1,495.26,1,495.38,2,495.4,1,495.65,1,495.66,4,495.67,2
2025-04-10 09:37:22,494.27,494.29,1,494.0,1,494.54,1,494.54,494.0,494.0,1,,,,,,,,,,,,,,,,,,,494.54,1,494.58,2,494.72,1,495.09,1,495.26,1,495.38,2,495.4,1,495.65,1,495.66,4,495.67,2
2025-04-10 09:37:23,493.73,493.95,1,492.96,2,494.5,2,494.5,492.96,492.96,2,,,,,,,,,,,,,,,,,,,494.5,2,494.51,1,494.53,2,494.54,1,494.58,2,494.72,1,495.09,1,495.26,1,495.38,2,495.4,1
2025-04-10 09:37:24,493.765,493.05,1,493.04,1,494.49,3,494.49,493.04,493.04,1,492.9,1,,,,,,,,,,,,,,,,,494.49,3,494.5,3,494.51,1,494.53,2,494.54,1,494.58,2,494.72,1,495.09,1,495.26,1,495.38,2
2025-04-10 09:37:25,493.62,493.05,1,493.04,1,494.2,4,494.2,493.04,493.04,1,492.9,1,,,,,,,,,,,,,,,,,494.2,4,494.21,2,494.49,3,494.5,3,494.51,1,494.53,2,494.54,1,494.58,2,494.72,1,495.09,1
2025-04-10 09:37:26,493.53,493.82,2,492.9,1,494.16,3,494.16,492.9,492.9,1,,,,,,,,,,,,,,,,,,,494.16,3,494.17,3,494.19,2,494.2,4,494.21,2,494.49,3,494.5,3,494.51,1,494.53,2,494.54,1
2025-04-10 09:37:27,493.525,493.53,1,492.9,1,494.15,2,494.15,492.9,492.9,1,,,,,,,,,,,,,,,,,,,494.15,2,494.16,2,494.17,3,494.19,2,494.2,4,494.21,2,494.49,3,494.5,3,494.51,1,494.53,2
2025-04-10 09:37:28,493.505,493.51,1,492.9,1,494.11,1,494.11,492.9,492.9,1,,,,,,,,,,,,,,,,,,,494.11,1,494.12,1,494.13,2,494.15,2,494.16,2,494.17,3,494.19,2,494.2,4,494.21,2,494.49,3
2025-04-10 09:37:29,493.555,493.56,1,493.0,1,494.11,2,494.11,493.0,493.0,1,492.9,1,,,,,,,,,,,,,,,,,494.11,2,494.12,1,494.13,2,494.15,2,494.16,2,494.17,3,494.19,2,494.2,4,494.21,2,494.49,3
2025-04-10 09:37:30,493.485,493.56,1,492.9,1,494.07,1,494.07,492.9,492.9,1,,,,,,,,,,,,,,,,,,,494.07,1,494.08,1,494.1,1,494.11,2,494.12,1,494.13,2,494.15,2,494.16,2,494.17,3,494.19,2
2025-04-10 09:37:31,493.485,493.56,1,492.9,1,494.07,2,494.07,492.9,492.9,1,,,,,,,,,,,,,,,,,,,494.07,2,494.08,1,494.1,1,494.11,2,494.12,1,494.13,2,494.15,2,494.16,2,494.17,3,494.19,2
2025-04-10 09:37:32,493.475,493.56,1,492.9,1,494.05,2,494.05,492.9,492.9,1,,,,,,,,,,,,,,,,,,,494.05,2,494.07,2,494.08,1,494.1,1,494.11,2,494.12,1,494.13,2,494.15,2,494.16,2,494.17,3
2025-04-10 09:37:33,493.24,493.24,1,492.67,1,493.81,1,493.81,492.67,492.67,1,,,,,,,,,,,,,,,,,,,493.81,1,494.04,1,494.05,2,494.07,2,494.08,1,494.1,1,494.11,2,494.12,1,494.13,2,494.15,2
2025-04-10 09:37:34,493.135,492.49,2,492.49,1,493.78,1,493.78,492.49,492.49,1,,,,,,,,,,,,,,,,,,,493.78,1,493.79,1,493.8,2,493.81,1,494.04,1,494.05,2,494.07,2,494.08,1,494.1,1,494.11,2
2025-04-10 09:37:35,493.125,492.49,2,492.49,1,493.76,2,493.76,492.49,492.49,1,,,,,,,,,,,,,,,,,,,493.76,2,493.78,1,493.79,1,493.8,2,493.81,1,494.04,1,494.05,2,494.07,2,494.08,1,494.1,1
2025-04-10 09:37:36,493.22,492.49,2,492.71,1,493.73,1,493.73,492.71,492.71,1,492.49,1,,,,,,,,,,,,,,,,,493.73,1,493.76,2,493.78,1,493.79,1,493.8,2,493.81,1,494.04,1,494.05,2,494.07,2,494.08,1
2025-04-10 09:37:37,493.22,492.72,1,492.71,1,493.73,2,493.73,492.71,492.71,1,492.49,1,,,,,,,,,,,,,,,,,493.73,2,493.76,2,493.78,1,493.79,1,493.8,2,493.81,1,494.04,1,494.05,2,494.07,2,494.08,1
2025-04-10 09:37:38,492.855,492.86,1,492.49,1,493.22,1,493.22,492.49,492.49,1,,,,,,,,,,,,,,,,,,,493.22,1,493.72,1,493.73,2,493.76,2,493.78,1,493.79,1,493.8,2,493.81,1,494.04,1,494.05,2
2025-04-10 09:37:39,492.85,492.86,1,492.49,1,493.21,1,493.21,492.49,492.49,1,,,,,,,,,,,,,,,,,,,493.21,1,493.25,1,493.72,1,493.73,2,493.76,2,493.78,1,493.79,1,493.8,2,493.81,1,494.04,1
2025-04-10 09:37:40,492.85,492.78,1,492.49,1,493.21,1,493.21,492.49,492.49,1,,,,,,,,,,,,,,,,,,,493.21,1,493.25,1,493.72,1,493.73,2,493.76,2,493.78,1,493.79,1,493.8,2,493.81,1,494.04,1
2025-04-10 09:37:41,492.715,492.49,1,492.24,1,493.19,1,493.19,492.24,492.24,1,492.03,1,,,,,,,,,,,,,,,,,493.19,1,493.21,3,493.25,1,493.72,1,493.73,2,493.76,2,493.78,1,493.79,1,493.8,2,493.81,1
2025-04-10 09:37:42,492.7,492.49,1,492.24,1,493.16,1,493.16,492.24,492.24,1,492.03,1,,,,,,,,,,,,,,,,,493.16,1,493.19,1,493.21,3,493.25,1,493.72,1,493.73,2,493.76,2,493.78,1,493.79,1,493.8,2
2025-04-10 09:37:43,492.695,493.05,13,492.23,1,493.16,2,493.16,492.23,492.23,1,492.03,1,,,,,,,,,,,,,,,,,493.16,2,493.19,1,493.21,3,493.25,1,493.72,1,493.73,2,493.76,2,493.78,1,493.79,1,493.8,2
2025-04-10 09:37:44,492.485,492.23,1,492.0,4,492.97,1,492.97,492.0,492.0,4,,,,,,,,,,,,,,,,,,,492.97,1,493.01,1,493.05,2,493.2,1,493.21,3,493.25,1,493.72,1,493.73,2,493.76,2,493.78,1
