sim_time,mid_price,last_price,last_size,best_bid_price,best_bid_size,best_ask_price,best_ask_size,close_price_buy,close_price_sell,bid1_price,bid1_size,bid2_price,bid2_size,bid3_price,bid3_size,bid4_price,bid4_size,bid5_price,bid5_size,bid6_price,bid6_size,bid7_price,bid7_size,bid8_price,bid8_size,bid9_price,bid9_size,bid10_price,bid10_size,ask1_price,ask1_size,ask2_price,ask2_size,ask3_price,ask3_size,ask4_price,ask4_size,ask5_price,ask5_size,ask6_price,ask6_size,ask7_price,ask7_size,ask8_price,ask8_size,ask9_price,ask9_size,ask10_price,ask10_size
2025-04-10 09:30:11,351.61,351.26,1,350.22,1,353.0,13,353.0,350.22,350.22,1,350.11,11,349.0,2,,,,,,,,,,,,,,,353.0,13,,,,,,,,,,,,,,,,,,
2025-04-10 09:30:12,351.61,353.0,1,350.22,1,353.0,13,353.0,350.22,350.22,1,350.11,11,349.0,2,,,,,,,,,,,,,,,353.0,13,,,,,,,,,,,,,,,,,,
2025-04-10 09:30:14,351.36,353.0,1,350.3,2,352.42,9,352.42,350.3,350.3,2,350.22,1,350.11,11,349.0,2,,,,,,,,,,,,,352.42,9,352.82,3,353.0,12,,,,,,,,,,,,,,
2025-04-10 09:30:15,351.31,353.0,1,350.3,2,352.32,10,352.32,350.3,350.3,2,350.22,1,350.11,11,349.0,2,,,,,,,,,,,,,352.32,10,352.42,9,352.82,3,353.0,12,,,,,,,,,,,,
2025-04-10 09:30:16,351.31,353.0,1,350.3,2,352.32,11,352.32,350.3,350.3,2,350.22,1,350.11,11,349.0,2,,,,,,,,,,,,,352.32,11,352.42,9,352.82,3,353.0,12,,,,,,,,,,,,
2025-04-10 09:30:17,351.31,353.0,1,350.3,2,352.32,11,352.32,350.3,350.3,2,350.22,1,350.11,11,349.0,2,,,,,,,,,,,,,352.32,11,352.42,9,352.82,3,353.0,12,,,,,,,,,,,,
2025-04-10 09:30:18,351.31,353.0,1,350.3,2,352.32,11,352.32,350.3,350.3,2,350.22,1,350.11,11,349.0,2,,,,,,,,,,,,,352.32,11,352.42,9,352.82,3,353.0,12,,,,,,,,,,,,
2025-04-10 09:30:19,351.31,353.0,1,350.3,2,352.32,11,352.32,350.3,350.3,2,350.22,1,350.11,11,349.0,2,,,,,,,,,,,,,352.32,11,352.42,9,352.82,3,353.0,12,,,,,,,,,,,,
2025-04-10 09:30:20,351.31,353.0,1,350.3,2,352.32,11,352.32,350.3,350.3,2,350.22,1,350.11,11,349.0,2,,,,,,,,,,,,,352.32,11,352.42,9,352.82,3,353.0,12,,,,,,,,,,,,
2025-04-10 09:30:21,351.31,353.0,1,350.3,2,352.32,11,352.32,350.3,350.3,2,350.22,1,350.11,11,349.0,2,,,,,,,,,,,,,352.32,11,352.42,9,352.82,3,353.0,12,,,,,,,,,,,,
2025-04-10 09:30:22,351.31,353.0,1,350.3,2,352.32,11,352.32,350.3,350.3,2,350.22,1,350.11,11,349.0,2,,,,,,,,,,,,,352.32,11,352.42,9,352.82,3,353.0,12,,,,,,,,,,,,
2025-04-10 09:30:23,351.31,353.0,1,350.3,2,352.32,11,352.32,350.3,350.3,2,350.22,1,350.11,11,349.0,2,,,,,,,,,,,,,352.32,11,352.42,9,352.82,3,353.0,12,,,,,,,,,,,,
2025-04-10 09:30:24,351.21,353.0,1,350.3,3,352.12,2,352.12,350.3,350.3,3,350.22,1,350.11,11,349.0,2,,,,,,,,,,,,,352.12,2,352.32,11,352.42,9,352.82,3,353.0,12,,,,,,,,,,
2025-04-10 09:30:25,351.21,353.0,1,350.3,3,352.12,10,352.12,350.3,350.3,3,350.22,1,350.11,11,349.0,2,,,,,,,,,,,,,352.12,10,352.32,11,352.42,9,352.82,3,353.0,12,,,,,,,,,,
2025-04-10 09:30:26,351.21,353.0,1,350.3,3,352.12,10,352.12,350.3,350.3,3,350.22,1,350.11,11,349.0,2,,,,,,,,,,,,,352.12,10,352.32,11,352.42,9,352.82,3,353.0,12,,,,,,,,,,
2025-04-10 09:30:27,351.145,351.21,1,350.3,3,351.99,6,351.99,350.3,350.3,3,350.22,1,350.11,11,349.0,2,,,,,,,,,,,,,351.99,6,352.12,10,352.32,11,352.42,9,352.82,3,353.0,12,,,,,,,,
2025-04-10 09:30:28,351.145,351.21,1,350.3,3,351.99,11,351.99,350.3,350.3,3,350.22,1,350.11,11,349.0,2,,,,,,,,,,,,,351.99,11,352.12,10,352.32,11,352.42,9,352.82,3,353.0,12,,,,,,,,
2025-04-10 09:30:29,351.145,351.15,1,350.3,3,351.99,11,351.99,350.3,350.3,3,350.22,1,350.11,11,349.0,2,,,,,,,,,,,,,351.99,11,352.12,10,352.32,11,352.42,9,352.82,3,353.0,12,,,,,,,,
2025-04-10 09:30:30,351.145,350.3,2,350.3,3,351.99,12,351.99,350.3,350.3,3,350.22,1,350.11,11,349.0,2,,,,,,,,,,,,,351.99,12,352.12,10,352.32,11,352.42,9,352.82,3,353.0,12,,,,,,,,
2025-04-10 09:30:31,351.145,350.3,2,350.3,3,351.99,13,351.99,350.3,350.3,3,350.22,1,350.11,11,349.0,2,,,,,,,,,,,,,351.99,13,352.12,10,352.32,11,352.42,9,352.82,3,353.0,12,,,,,,,,
2025-04-10 09:30:32,351.145,350.3,2,350.3,3,351.99,13,351.99,350.3,350.3,3,350.22,1,350.11,11,349.0,2,,,,,,,,,,,,,351.99,13,352.12,10,352.32,11,352.42,9,352.82,3,353.0,12,,,,,,,,
2025-04-10 09:30:33,351.145,350.3,2,350.3,3,351.99,13,351.99,350.3,350.3,3,350.22,1,350.11,11,349.0,2,,,,,,,,,,,,,351.99,13,352.12,10,352.32,11,352.42,9,352.82,3,353.0,12,,,,,,,,
2025-04-10 09:30:34,351.145,350.7,1,350.3,2,351.99,10,351.99,350.3,350.3,2,350.22,1,350.11,11,349.0,2,,,,,,,,,,,,,351.99,10,352.12,10,352.32,11,352.42,9,352.82,3,353.0,12,,,,,,,,
2025-04-10 09:30:35,351.145,350.7,1,350.3,2,351.99,10,351.99,350.3,350.3,2,350.22,1,350.11,11,349.0,2,,,,,,,,,,,,,351.99,10,352.12,10,352.32,11,352.42,9,352.82,3,353.0,12,,,,,,,,
2025-04-10 09:30:36,351.145,350.64,1,350.3,2,351.99,12,351.99,350.3,350.3,2,350.22,1,350.11,11,349.0,2,,,,,,,,,,,,,351.99,12,352.12,10,352.32,11,352.42,9,352.82,3,353.0,12,,,,,,,,
2025-04-10 09:30:37,351.145,350.64,1,350.3,2,351.99,12,351.99,350.3,350.3,2,350.22,1,350.11,11,349.0,2,,,,,,,,,,,,,351.99,12,352.12,10,352.32,11,352.42,9,352.82,3,353.0,12,,,,,,,,
2025-04-10 09:30:38,351.145,350.64,1,350.3,2,351.99,12,351.99,350.3,350.3,2,350.22,1,350.11,11,349.0,2,,,,,,,,,,,,,351.99,12,352.12,10,352.32,11,352.42,9,352.82,3,353.0,12,,,,,,,,
2025-04-10 09:30:39,351.145,350.64,1,350.3,2,351.99,12,351.99,350.3,350.3,2,350.22,1,350.11,11,349.0,2,,,,,,,,,,,,,351.99,12,352.12,10,352.32,11,352.42,9,352.82,3,353.0,12,,,,,,,,
2025-04-10 09:30:40,351.145,350.64,1,350.3,2,351.99,12,351.99,350.3,350.3,2,350.22,1,350.11,11,349.0,2,,,,,,,,,,,,,351.99,12,352.12,10,352.32,11,352.42,9,352.82,3,353.0,12,,,,,,,,
2025-04-10 09:30:41,351.065,350.64,1,350.3,2,351.83,4,351.83,350.3,350.3,2,350.22,1,350.11,11,349.0,2,,,,,,,,,,,,,351.83,4,351.99,12,352.12,10,352.32,11,352.42,9,352.82,3,353.0,12,,,,,,
2025-04-10 09:30:42,351.065,350.64,1,350.3,2,351.83,10,351.83,350.3,350.3,2,350.22,1,350.11,11,349.0,2,,,,,,,,,,,,,351.83,10,351.99,12,352.12,10,352.32,11,352.42,9,352.82,3,353.0,12,,,,,,
2025-04-10 09:30:43,351.065,350.64,1,350.3,2,351.83,10,351.83,350.3,350.3,2,350.22,1,350.11,11,349.0,2,,,,,,,,,,,,,351.83,10,351.99,12,352.12,10,352.32,11,352.42,9,352.82,3,353.0,12,,,,,,
2025-04-10 09:30:44,351.07,351.07,1,350.31,2,351.83,10,351.83,350.31,350.31,2,350.3,2,350.22,1,350.11,11,349.0,2,,,,,,,,,,,351.83,10,351.99,12,352.12,10,352.32,11,352.42,9,352.82,3,353.0,12,,,,,,
2025-04-10 09:30:45,351.07,351.07,1,350.31,2,351.83,10,351.83,350.31,350.31,2,350.3,2,350.22,1,350.11,11,349.0,2,,,,,,,,,,,351.83,10,351.99,12,352.12,10,352.32,11,352.42,9,352.82,3,353.0,12,,,,,,
2025-04-10 09:30:46,351.07,351.07,1,350.31,2,351.83,10,351.83,350.31,350.31,2,350.3,2,350.22,1,350.11,11,349.0,2,,,,,,,,,,,351.83,10,351.99,12,352.12,10,352.32,11,352.42,9,352.82,3,353.0,12,,,,,,
2025-04-10 09:30:47,351.07,351.07,1,350.31,2,351.83,10,351.83,350.31,350.31,2,350.3,2,350.22,1,350.11,11,349.0,2,,,,,,,,,,,351.83,10,351.99,12,352.12,10,352.32,11,352.42,9,352.82,3,353.0,12,,,,,,
2025-04-10 09:30:48,351.07,351.07,1,350.31,2,351.83,10,351.83,350.31,350.31,2,350.3,2,350.22,1,350.11,11,349.0,2,,,,,,,,,,,351.83,10,351.99,12,352.12,10,352.32,11,352.42,9,352.82,3,353.0,12,,,,,,
2025-04-10 09:30:49,351.07,351.07,1,350.31,2,351.83,10,351.83,350.31,350.31,2,350.3,2,350.22,1,350.11,11,349.0,2,,,,,,,,,,,351.83,10,351.99,12,352.12,10,352.32,11,352.42,9,352.82,3,353.0,12,,,,,,
2025-04-10 09:30:50,351.07,351.07,1,350.31,2,351.83,10,351.83,350.31,350.31,2,350.3,2,350.22,1,350.11,11,349.0,2,,,,,,,,,,,351.83,10,351.99,12,352.12,10,352.32,11,352.42,9,352.82,3,353.0,12,,,,,,
2025-04-10 09:30:51,351.07,351.07,1,350.31,2,351.83,10,351.83,350.31,350.31,2,350.3,2,350.22,1,350.11,11,349.0,2,,,,,,,,,,,351.83,10,351.99,12,352.12,10,352.32,11,352.42,9,352.82,3,353.0,12,,,,,,
2025-04-10 09:30:52,351.07,351.07,1,350.31,2,351.83,10,351.83,350.31,350.31,2,350.3,2,350.22,1,350.11,11,349.0,2,,,,,,,,,,,351.83,10,351.99,12,352.12,10,352.32,11,352.42,9,352.82,3,353.0,12,,,,,,
2025-04-10 09:30:53,351.07,351.07,1,350.31,2,351.83,10,351.83,350.31,350.31,2,350.3,2,350.22,1,350.11,11,349.0,2,,,,,,,,,,,351.83,10,351.99,12,352.12,10,352.32,11,352.42,9,352.82,3,353.0,12,,,,,,
2025-04-10 09:30:54,351.07,351.07,1,350.31,2,351.83,10,351.83,350.31,350.31,2,350.3,2,350.22,1,350.11,11,349.0,2,,,,,,,,,,,351.83,10,351.99,12,352.12,10,352.32,11,352.42,9,352.82,3,353.0,12,,,,,,
2025-04-10 09:30:55,351.235,351.07,1,350.64,1,351.83,15,351.83,350.64,350.64,1,350.31,2,350.3,2,350.22,1,350.11,11,349.0,2,,,,,,,,,351.83,15,351.99,12,352.12,10,352.32,11,352.42,9,352.82,3,353.0,12,,,,,,
2025-04-10 09:30:56,351.235,351.07,1,350.64,1,351.83,14,351.83,350.64,350.64,1,350.31,2,350.3,2,350.22,1,350.11,11,349.0,2,,,,,,,,,351.83,14,351.99,12,352.12,10,352.32,11,352.42,9,352.82,3,353.0,12,,,,,,
2025-04-10 09:30:57,351.235,350.98,1,350.64,1,351.83,14,351.83,350.64,350.64,1,350.31,2,350.3,2,350.22,1,350.11,11,349.0,2,,,,,,,,,351.83,14,351.99,12,352.12,10,352.32,11,352.42,9,352.82,3,353.0,12,,,,,,
2025-04-10 09:30:58,351.235,350.98,1,350.64,1,351.83,14,351.83,350.64,350.64,1,350.31,2,350.3,2,350.22,1,350.11,11,349.0,2,,,,,,,,,351.83,14,351.99,12,352.12,10,352.32,11,352.42,9,352.82,3,353.0,12,,,,,,
2025-04-10 09:30:59,351.235,350.98,1,350.64,1,351.83,14,351.83,350.64,350.64,1,350.31,2,350.3,2,350.22,1,350.11,11,349.0,2,,,,,,,,,351.83,14,351.99,12,352.12,10,352.32,11,352.42,9,352.82,3,353.0,12,,,,,,
2025-04-10 09:31:00,351.065,350.83,1,350.3,2,351.83,16,351.83,350.3,350.3,2,350.25,1,350.21,1,350.11,11,349.0,2,,,,,,,,,,,351.83,16,351.99,12,352.12,10,352.32,11,352.42,9,352.82,3,353.0,12,,,,,,
2025-04-10 09:31:01,351.02,351.02,1,350.21,1,351.83,17,351.83,350.21,350.21,1,350.11,11,349.0,2,,,,,,,,,,,,,,,351.83,17,351.99,12,352.12,10,352.32,11,352.42,9,352.82,3,353.0,12,,,,,,
2025-04-10 09:31:02,351.02,351.02,1,350.21,1,351.83,17,351.83,350.21,350.21,1,350.11,11,349.0,2,,,,,,,,,,,,,,,351.83,17,351.99,12,352.12,10,352.32,11,352.42,9,352.82,3,353.0,12,,,,,,
2025-04-10 09:31:03,351.02,350.8,1,350.21,1,351.83,17,351.83,350.21,350.21,1,350.11,11,349.0,2,,,,,,,,,,,,,,,351.83,17,351.99,12,352.12,10,352.32,11,352.42,9,352.82,3,353.0,12,,,,,,
2025-04-10 09:31:04,351.02,351.02,1,350.21,1,351.83,17,351.83,350.21,350.21,1,350.11,11,349.0,2,,,,,,,,,,,,,,,351.83,17,351.99,12,352.12,10,352.32,11,352.42,9,352.82,3,353.0,12,,,,,,
2025-04-10 09:31:05,351.025,351.02,1,350.22,1,351.83,17,351.83,350.22,350.22,1,350.21,2,350.11,11,349.0,2,,,,,,,,,,,,,351.83,17,351.99,12,352.12,10,352.32,11,352.42,9,352.82,3,353.0,12,,,,,,
2025-04-10 09:31:06,351.025,351.02,1,350.22,1,351.83,17,351.83,350.22,350.22,1,350.21,2,350.11,11,349.0,2,,,,,,,,,,,,,351.83,17,351.99,12,352.12,10,352.32,11,352.42,9,352.82,3,353.0,12,,,,,,
2025-04-10 09:31:07,350.325,350.11,1,350.0,3,350.65,1,350.65,350.0,350.0,3,349.0,2,,,,,,,,,,,,,,,,,350.65,1,350.95,1,351.51,1,351.62,1,351.68,12,351.83,17,351.99,12,352.12,10,352.32,11,352.42,9
2025-04-10 09:31:08,350.35,350.2,1,350.0,3,350.7,5,350.7,350.0,350.0,3,349.0,2,,,,,,,,,,,,,,,,,350.7,5,350.95,1,351.51,1,351.62,1,351.68,12,351.83,17,351.99,12,352.12,10,352.32,11,352.42,9
2025-04-10 09:31:09,350.35,350.35,1,350.0,3,350.7,10,350.7,350.0,350.0,3,349.0,2,,,,,,,,,,,,,,,,,350.7,10,350.95,1,351.51,1,351.62,1,351.68,12,351.83,17,351.99,12,352.12,10,352.32,11,352.42,9
2025-04-10 09:31:10,350.35,350.35,1,350.0,3,350.7,10,350.7,350.0,350.0,3,349.0,2,,,,,,,,,,,,,,,,,350.7,10,350.95,1,351.51,1,351.62,1,351.68,12,351.83,17,351.99,12,352.12,10,352.32,11,352.42,9
2025-04-10 09:31:11,350.35,350.31,1,350.0,3,350.7,12,350.7,350.0,350.0,3,349.0,2,,,,,,,,,,,,,,,,,350.7,12,350.95,1,351.51,1,351.62,1,351.68,12,351.83,17,351.99,12,352.12,10,352.32,11,352.42,9
2025-04-10 09:31:12,350.35,350.31,1,350.0,3,350.7,12,350.7,350.0,350.0,3,349.0,2,,,,,,,,,,,,,,,,,350.7,12,350.95,1,351.51,1,351.62,1,351.68,12,351.83,17,351.99,12,352.12,10,352.32,11,352.42,9
2025-04-10 09:31:13,350.35,350.35,1,350.0,3,350.7,12,350.7,350.0,350.0,3,349.0,2,,,,,,,,,,,,,,,,,350.7,12,350.95,1,351.51,1,351.62,1,351.68,12,351.83,17,351.99,12,352.12,10,352.32,11,352.42,9
2025-04-10 09:31:14,350.35,350.35,1,350.0,3,350.7,12,350.7,350.0,350.0,3,349.0,2,,,,,,,,,,,,,,,,,350.7,12,350.95,1,351.51,1,351.62,1,351.68,12,351.83,17,351.99,12,352.12,10,352.32,11,352.42,9
2025-04-10 09:31:15,350.35,350.35,1,350.0,3,350.7,12,350.7,350.0,350.0,3,349.0,2,,,,,,,,,,,,,,,,,350.7,12,350.95,1,351.51,1,351.62,1,351.68,12,351.83,17,351.99,12,352.12,10,352.32,11,352.42,9
2025-04-10 09:31:16,350.35,350.35,1,350.0,3,350.7,12,350.7,350.0,350.0,3,349.0,2,,,,,,,,,,,,,,,,,350.7,12,350.95,1,351.51,1,351.62,1,351.68,12,351.83,17,351.99,12,352.12,10,352.32,11,352.42,9
2025-04-10 09:31:17,350.35,350.35,1,350.0,3,350.7,12,350.7,350.0,350.0,3,349.0,2,,,,,,,,,,,,,,,,,350.7,12,350.95,1,351.51,1,351.62,1,351.68,12,351.83,17,351.99,12,352.12,10,352.32,11,352.42,9
2025-04-10 09:31:18,350.35,350.35,1,350.0,3,350.7,12,350.7,350.0,350.0,3,349.0,2,,,,,,,,,,,,,,,,,350.7,12,350.95,1,351.51,1,351.62,1,351.68,12,351.83,17,351.99,12,352.12,10,352.32,11,352.42,9
2025-04-10 09:31:19,350.35,350.35,1,350.0,3,350.7,12,350.7,350.0,350.0,3,349.0,2,,,,,,,,,,,,,,,,,350.7,12,350.95,1,351.51,1,351.62,1,351.68,12,351.83,17,351.99,12,352.12,10,352.32,11,352.42,9
2025-04-10 09:31:20,350.35,350.35,1,350.0,3,350.7,12,350.7,350.0,350.0,3,349.0,2,,,,,,,,,,,,,,,,,350.7,12,350.95,1,351.51,1,351.62,1,351.68,12,351.83,17,351.99,12,352.12,10,352.32,11,352.42,9
2025-04-10 09:31:21,350.35,350.35,1,350.0,3,350.7,12,350.7,350.0,350.0,3,349.0,2,,,,,,,,,,,,,,,,,350.7,12,350.95,1,351.51,1,351.62,1,351.68,12,351.83,17,351.99,12,352.12,10,352.32,11,352.42,9
2025-04-10 09:31:22,350.35,350.35,1,350.0,3,350.7,12,350.7,350.0,350.0,3,349.0,2,,,,,,,,,,,,,,,,,350.7,12,350.95,1,351.51,1,351.62,1,351.68,12,351.83,17,351.99,12,352.12,10,352.32,11,352.42,9
2025-04-10 09:31:23,350.35,350.35,1,350.0,3,350.7,12,350.7,350.0,350.0,3,349.0,2,,,,,,,,,,,,,,,,,350.7,12,350.95,1,351.51,1,351.62,1,351.68,12,351.83,17,351.99,12,352.12,10,352.32,11,352.42,9
2025-04-10 09:31:24,350.35,350.35,1,350.0,3,350.7,12,350.7,350.0,350.0,3,349.0,2,,,,,,,,,,,,,,,,,350.7,12,350.95,1,351.51,1,351.62,1,351.68,12,351.83,17,351.99,12,352.12,10,352.32,11,352.42,9
2025-04-10 09:31:25,350.35,350.35,1,350.0,3,350.7,13,350.7,350.0,350.0,3,349.0,2,,,,,,,,,,,,,,,,,350.7,13,350.95,1,351.51,1,351.62,1,351.68,12,351.83,17,351.99,12,352.12,10,352.32,11,352.42,9
2025-04-10 09:31:26,350.35,350.35,1,350.0,3,350.7,13,350.7,350.0,350.0,3,349.0,2,,,,,,,,,,,,,,,,,350.7,13,350.95,1,351.51,1,351.62,1,351.68,12,351.83,17,351.99,12,352.12,10,352.32,11,352.42,9
2025-04-10 09:31:27,350.35,350.35,1,350.0,3,350.7,13,350.7,350.0,350.0,3,349.0,2,,,,,,,,,,,,,,,,,350.7,13,350.95,1,351.51,1,351.62,1,351.68,12,351.83,17,351.99,12,352.12,10,352.32,11,352.42,9
2025-04-10 09:31:28,350.35,350.35,1,350.0,3,350.7,13,350.7,350.0,350.0,3,349.0,2,,,,,,,,,,,,,,,,,350.7,13,350.95,1,351.51,1,351.62,1,351.68,12,351.83,17,351.99,12,352.12,10,352.32,11,352.42,9
2025-04-10 09:31:29,350.35,350.35,1,350.0,3,350.7,13,350.7,350.0,350.0,3,349.0,2,,,,,,,,,,,,,,,,,350.7,13,350.95,1,351.51,1,351.62,1,351.68,12,351.83,17,351.99,12,352.12,10,352.32,11,352.42,9
2025-04-10 09:31:30,350.35,350.35,1,350.0,3,350.7,13,350.7,350.0,350.0,3,349.0,2,,,,,,,,,,,,,,,,,350.7,13,350.95,1,351.51,1,351.62,1,351.68,12,351.83,17,351.99,12,352.12,10,352.32,11,352.42,9
2025-04-10 09:31:31,350.345,350.25,1,350.0,3,350.69,6,350.69,350.0,350.0,3,349.0,2,,,,,,,,,,,,,,,,,350.69,6,350.7,12,350.95,1,351.51,1,351.62,1,351.68,12,351.83,17,351.99,12,352.12,10,352.32,11
2025-04-10 09:31:32,350.345,350.25,1,350.0,3,350.69,6,350.69,350.0,350.0,3,349.0,2,,,,,,,,,,,,,,,,,350.69,6,350.7,12,350.95,1,351.51,1,351.62,1,351.68,12,351.83,17,351.99,12,352.12,10,352.32,11
2025-04-10 09:31:33,350.345,350.25,1,350.0,3,350.69,6,350.69,350.0,350.0,3,349.0,2,,,,,,,,,,,,,,,,,350.69,6,350.7,12,350.95,1,351.51,1,351.62,1,351.68,12,351.83,17,351.99,12,352.12,10,352.32,11
2025-04-10 09:31:34,350.345,350.25,1,350.0,3,350.69,6,350.69,350.0,350.0,3,349.0,2,,,,,,,,,,,,,,,,,350.69,6,350.7,12,350.95,1,351.51,1,351.62,1,351.68,12,351.83,17,351.99,12,352.12,10,352.32,11
2025-04-10 09:31:35,350.345,350.25,1,350.0,3,350.69,6,350.69,350.0,350.0,3,349.0,2,,,,,,,,,,,,,,,,,350.69,6,350.7,15,350.95,1,351.51,1,351.62,1,351.68,12,351.83,17,351.99,12,352.12,10,352.32,11
2025-04-10 09:31:36,350.345,350.25,1,350.0,3,350.69,6,350.69,350.0,350.0,3,349.0,2,,,,,,,,,,,,,,,,,350.69,6,350.7,15,350.95,1,351.51,1,351.62,1,351.68,12,351.83,17,351.99,12,352.12,10,352.32,11
2025-04-10 09:31:37,350.345,350.25,1,350.0,3,350.69,6,350.69,350.0,350.0,3,349.0,2,,,,,,,,,,,,,,,,,350.69,6,350.7,15,350.95,1,351.51,1,351.62,1,351.68,12,351.83,17,351.99,12,352.12,10,352.32,11
2025-04-10 09:31:38,350.345,350.25,1,350.0,3,350.69,11,350.69,350.0,350.0,3,349.0,2,,,,,,,,,,,,,,,,,350.69,11,350.7,15,350.95,1,351.51,1,351.62,1,351.68,12,351.83,17,351.99,12,352.12,10,352.32,11
2025-04-10 09:31:39,350.51,350.7,1,350.27,1,350.75,1,350.75,350.27,350.27,1,350.0,6,349.0,2,,,,,,,,,,,,,,,350.75,1,350.95,1,351.51,1,351.62,1,351.68,12,351.83,17,351.99,12,352.12,10,352.32,11,352.42,9
2025-04-10 09:31:40,350.75,350.63,1,350.0,7,351.5,1,351.5,350.0,350.0,7,349.0,2,,,,,,,,,,,,,,,,,351.5,1,351.59,1,351.62,1,351.68,12,351.83,17,351.99,12,352.12,10,352.32,11,352.42,9,352.82,3
2025-04-10 09:31:41,350.75,350.75,1,350.0,7,351.5,1,351.5,350.0,350.0,7,349.0,2,,,,,,,,,,,,,,,,,351.5,1,351.59,1,351.62,1,351.68,12,351.83,17,351.99,12,352.12,10,352.32,11,352.42,9,352.82,3
2025-04-10 09:31:42,350.75,350.75,1,350.0,7,351.5,1,351.5,350.0,350.0,7,349.0,2,,,,,,,,,,,,,,,,,351.5,1,351.59,1,351.62,1,351.68,12,351.83,17,351.99,12,352.12,10,352.32,11,352.42,9,352.82,3
2025-04-10 09:31:43,350.905,350.91,1,350.31,2,351.5,1,351.5,350.31,350.31,2,350.0,7,349.0,2,,,,,,,,,,,,,,,351.5,1,351.59,1,351.62,1,351.68,12,351.83,17,351.99,12,352.12,10,352.32,11,352.42,9,352.82,3
2025-04-10 09:31:44,351.075,351.08,1,350.32,3,351.83,15,351.83,350.32,350.32,3,350.31,4,350.0,7,349.0,2,,,,,,,,,,,,,351.83,15,351.99,12,352.12,10,352.32,11,352.42,9,352.82,3,353.0,12,,,,,,
2025-04-10 09:31:45,351.075,351.08,1,350.32,7,351.83,15,351.83,350.32,350.32,7,350.31,4,350.0,7,349.0,2,,,,,,,,,,,,,351.83,15,351.99,12,352.12,10,352.32,11,352.42,9,352.82,3,353.0,12,,,,,,
2025-04-10 09:31:46,351.08,351.08,1,350.33,3,351.83,15,351.83,350.33,350.33,3,350.32,7,350.31,4,350.0,7,349.0,2,,,,,,,,,,,351.83,15,351.99,12,352.12,10,352.32,11,352.42,9,352.82,3,353.0,12,,,,,,
2025-04-10 09:31:47,351.08,351.08,1,350.33,2,351.83,15,351.83,350.33,350.33,2,350.32,7,350.31,4,350.0,7,349.0,2,,,,,,,,,,,351.83,15,351.99,12,352.12,10,352.32,11,352.42,9,352.82,3,353.0,12,,,,,,
2025-04-10 09:31:48,351.085,351.08,1,350.34,2,351.83,15,351.83,350.34,350.34,2,350.33,3,350.32,7,350.31,4,350.0,7,349.0,2,,,,,,,,,351.83,15,351.99,12,352.12,10,352.32,11,352.42,9,352.82,3,353.0,12,,,,,,
2025-04-10 09:31:49,351.085,351.08,1,350.34,2,351.83,15,351.83,350.34,350.34,2,350.33,3,350.32,7,350.31,4,350.0,7,349.0,2,,,,,,,,,351.83,15,351.99,12,352.12,10,352.32,11,352.42,9,352.82,3,353.0,12,,,,,,
2025-04-10 09:31:50,351.085,351.08,1,350.34,2,351.83,15,351.83,350.34,350.34,2,350.33,3,350.32,7,350.31,4,350.0,7,349.0,2,,,,,,,,,351.83,15,351.99,12,352.12,10,352.32,11,352.42,9,352.82,3,353.0,12,,,,,,
2025-04-10 09:31:51,351.18,351.08,1,350.53,2,351.83,15,351.83,350.53,350.53,2,350.35,3,350.34,3,350.33,3,350.32,7,350.31,4,350.0,7,349.0,2,,,,,351.83,15,351.99,12,352.12,10,352.32,11,352.42,9,352.82,3,353.0,12,,,,,,
2025-04-10 09:31:52,351.18,351.08,1,350.53,2,351.83,9,351.83,350.53,350.53,2,350.35,3,350.34,3,350.33,3,350.32,7,350.31,4,350.0,7,349.0,2,,,,,351.83,9,351.99,12,352.12,10,352.32,11,352.42,9,352.82,3,353.0,12,,,,,,
2025-04-10 09:31:53,351.185,351.0,5,350.54,3,351.83,10,351.83,350.54,350.54,3,350.53,3,350.35,3,350.34,3,350.33,3,350.32,7,350.31,4,350.0,7,349.0,2,,,351.83,10,351.99,12,352.12,10,352.32,11,352.42,9,352.82,3,353.0,12,,,,,,
2025-04-10 09:31:54,351.19,351.12,1,350.55,3,351.83,10,351.83,350.55,350.55,3,350.54,2,350.53,3,350.35,3,350.34,3,350.33,3,350.32,7,350.31,4,350.0,7,349.0,2,351.83,10,351.99,12,352.12,10,352.32,11,352.42,9,352.82,3,353.0,12,,,,,,
2025-04-10 09:31:55,351.2,351.12,1,350.57,3,351.83,10,351.83,350.57,350.57,3,350.56,2,350.55,5,350.54,2,350.53,3,350.35,3,350.34,3,350.33,3,350.32,7,350.31,4,351.83,10,351.99,12,352.12,10,352.32,11,352.42,9,352.82,3,353.0,12,,,,,,
2025-04-10 09:31:56,351.205,351.12,1,350.58,2,351.83,10,351.83,350.58,350.58,2,350.57,2,350.56,2,350.55,5,350.54,2,350.53,3,350.35,3,350.34,3,350.33,3,350.32,7,351.83,10,351.99,12,352.12,10,352.32,11,352.42,9,352.82,3,353.0,12,,,,,,
2025-04-10 09:31:57,351.21,351.12,1,350.59,2,351.83,10,351.83,350.59,350.59,2,350.58,5,350.57,2,350.56,2,350.55,5,350.54,2,350.53,3,350.35,3,350.34,3,350.33,3,351.83,10,351.99,12,352.12,10,352.32,11,352.42,9,352.82,3,353.0,12,,,,,,
2025-04-10 09:31:58,350.76,350.61,1,350.0,8,351.52,2,351.52,350.0,350.0,8,349.0,2,,,,,,,,,,,,,,,,,351.52,2,351.83,10,351.99,12,352.12,10,352.32,11,352.42,9,352.82,3,353.0,12,,,,
2025-04-10 09:31:59,350.76,350.61,1,350.0,8,351.52,2,351.52,350.0,350.0,8,349.0,2,,,,,,,,,,,,,,,,,351.52,2,351.83,10,351.99,12,352.12,10,352.32,11,352.42,9,352.82,3,353.0,12,,,,
2025-04-10 09:32:00,350.595,350.12,1,350.0,6,351.19,2,351.19,350.0,350.0,6,349.0,2,,,,,,,,,,,,,,,,,351.19,2,351.52,4,351.83,10,351.99,12,352.12,10,352.32,11,352.42,9,352.82,3,353.0,12,,
2025-04-10 09:32:01,350.765,350.12,1,350.01,2,351.52,4,351.52,350.01,350.01,2,350.0,12,349.0,2,,,,,,,,,,,,,,,351.52,4,351.83,10,351.99,12,352.12,10,352.32,11,352.42,9,352.82,3,353.0,12,,,,
2025-04-10 09:32:02,350.765,350.1,1,350.01,2,351.52,6,351.52,350.01,350.01,2,350.0,12,349.0,2,,,,,,,,,,,,,,,351.52,6,351.83,10,351.99,12,352.12,10,352.32,11,352.42,9,352.82,3,353.0,12,,,,
2025-04-10 09:32:03,350.765,350.1,1,350.01,2,351.52,6,351.52,350.01,350.01,2,350.0,12,349.0,2,,,,,,,,,,,,,,,351.52,6,351.83,10,351.99,12,352.12,10,352.32,11,352.42,9,352.82,3,353.0,12,,,,
2025-04-10 09:32:04,350.765,350.01,1,350.01,2,351.52,6,351.52,350.01,350.01,2,350.0,12,349.0,2,,,,,,,,,,,,,,,351.52,6,351.83,10,351.99,12,352.12,10,352.32,11,352.42,9,352.82,3,353.0,12,,,,
2025-04-10 09:32:05,350.765,350.01,1,350.01,2,351.52,6,351.52,350.01,350.01,2,350.0,12,349.0,2,,,,,,,,,,,,,,,351.52,6,351.83,10,351.99,12,352.12,10,352.32,11,352.42,9,352.82,3,353.0,12,,,,
2025-04-10 09:32:06,350.765,350.01,1,350.01,2,351.52,6,351.52,350.01,350.01,2,350.0,12,349.0,2,,,,,,,,,,,,,,,351.52,6,351.83,10,351.99,12,352.12,10,352.32,11,352.42,9,352.82,3,353.0,12,,,,
2025-04-10 09:32:07,350.77,350.01,1,350.02,2,351.52,7,351.52,350.02,350.02,2,350.01,4,350.0,12,349.0,2,,,,,,,,,,,,,351.52,7,351.83,10,351.99,12,352.12,10,352.32,11,352.42,9,352.82,3,353.0,12,,,,
2025-04-10 09:32:08,350.775,350.01,1,350.03,2,351.52,7,351.52,350.03,350.03,2,350.02,4,350.01,4,350.0,12,349.0,2,,,,,,,,,,,351.52,7,351.83,10,351.99,12,352.12,10,352.32,11,352.42,9,352.82,3,353.0,12,,,,
2025-04-10 09:32:09,350.785,350.01,1,350.05,2,351.52,7,351.52,350.05,350.05,2,350.04,4,350.03,4,350.02,4,350.01,4,350.0,12,349.0,2,,,,,,,351.52,7,351.83,10,351.99,12,352.12,10,352.32,11,352.42,9,352.82,3,353.0,12,,,,
2025-04-10 09:32:10,350.79,350.01,1,350.06,2,351.52,7,351.52,350.06,350.06,2,350.05,4,350.04,4,350.03,4,350.02,4,350.01,4,350.0,12,349.0,2,,,,,351.52,7,351.83,10,351.99,12,352.12,10,352.32,11,352.42,9,352.82,3,353.0,12,,,,
2025-04-10 09:32:11,350.8,350.01,1,350.08,2,351.52,7,351.52,350.08,350.08,2,350.07,4,350.06,4,350.05,4,350.04,4,350.03,4,350.02,4,350.01,4,350.0,12,349.0,2,351.52,7,351.83,10,351.99,12,352.12,10,352.32,11,352.42,9,352.82,3,353.0,12,,,,
2025-04-10 09:32:12,350.22,349.9,1,349.44,2,351.0,2,351.0,349.44,349.44,2,349.0,2,,,,,,,,,,,,,,,,,351.0,2,351.09,5,351.19,4,351.52,8,351.83,10,351.99,12,352.12,10,352.32,11,352.42,9,352.82,3
2025-04-10 09:32:13,350.22,349.44,1,349.44,2,351.0,2,351.0,349.44,349.44,2,349.0,2,,,,,,,,,,,,,,,,,351.0,2,351.09,5,351.19,4,351.52,8,351.83,10,351.99,12,352.12,10,352.32,11,352.42,9,352.82,3
2025-04-10 09:32:14,349.9,349.44,1,349.0,1,350.8,2,350.8,349.0,349.0,1,,,,,,,,,,,,,,,,,,,350.8,2,351.0,4,351.09,5,351.19,4,351.52,8,351.83,10,351.99,12,352.12,10,352.32,11,352.42,9
2025-04-10 09:32:15,349.96,349.44,1,349.55,1,350.37,3,350.37,349.55,349.55,1,349.0,1,,,,,,,,,,,,,,,,,350.37,3,350.38,6,350.75,1,350.8,2,351.0,4,351.09,5,351.19,4,351.52,8,351.83,10,351.99,12
2025-04-10 09:32:16,349.96,349.44,1,349.55,1,350.37,4,350.37,349.55,349.55,1,349.0,1,,,,,,,,,,,,,,,,,350.37,4,350.38,6,350.75,1,350.8,2,351.0,4,351.09,5,351.19,4,351.52,8,351.83,10,351.99,12
2025-04-10 09:32:17,349.96,349.44,1,349.55,1,350.37,4,350.37,349.55,349.55,1,349.0,1,,,,,,,,,,,,,,,,,350.37,4,350.38,6,350.75,1,350.8,2,351.0,4,351.09,5,351.19,4,351.52,8,351.83,10,351.99,12
2025-04-10 09:32:18,349.96,349.56,3,349.55,1,350.37,4,350.37,349.55,349.55,1,349.0,1,,,,,,,,,,,,,,,,,350.37,4,350.38,6,350.75,1,350.8,2,351.0,4,351.09,5,351.19,4,351.52,8,351.83,10,351.99,12
2025-04-10 09:32:19,349.96,349.96,1,349.55,2,350.37,5,350.37,349.55,349.55,2,349.0,1,,,,,,,,,,,,,,,,,350.37,5,350.38,6,350.75,1,350.8,2,351.0,4,351.09,5,351.19,4,351.52,8,351.83,10,351.99,12
2025-04-10 09:32:20,349.96,349.96,1,349.55,2,350.37,6,350.37,349.55,349.55,2,349.0,1,,,,,,,,,,,,,,,,,350.37,6,350.38,6,350.75,1,350.8,2,351.0,4,351.09,5,351.19,4,351.52,8,351.83,10,351.99,12
2025-04-10 09:32:21,349.96,349.96,1,349.55,1,350.37,6,350.37,349.55,349.55,1,349.0,1,,,,,,,,,,,,,,,,,350.37,6,350.38,6,350.75,1,350.8,2,351.0,4,351.09,5,351.19,4,351.52,8,351.83,10,351.99,12
2025-04-10 09:32:22,349.945,349.96,1,349.55,1,350.34,2,350.34,349.55,349.55,1,349.0,1,,,,,,,,,,,,,,,,,350.34,2,350.37,6,350.38,6,350.75,1,350.8,2,351.0,4,351.09,5,351.19,4,351.52,8,351.83,10
2025-04-10 09:32:23,349.945,349.96,1,349.55,1,350.34,2,350.34,349.55,349.55,1,349.0,1,,,,,,,,,,,,,,,,,350.34,2,350.37,6,350.38,6,350.75,1,350.8,2,351.0,4,351.09,5,351.19,4,351.52,8,351.83,10
2025-04-10 09:32:24,349.975,349.75,1,349.61,1,350.34,3,350.34,349.61,349.61,1,349.48,1,349.0,1,,,,,,,,,,,,,,,350.34,3,350.37,6,350.38,6,350.75,1,350.8,2,351.0,4,351.09,5,351.19,4,351.52,8,351.83,10
2025-04-10 09:32:25,350.025,350.03,1,349.71,1,350.34,3,350.34,349.71,349.71,1,349.48,1,349.0,2,,,,,,,,,,,,,,,350.34,3,350.37,6,350.38,6,350.75,1,350.8,2,351.0,4,351.09,5,351.19,4,351.52,8,351.83,10
2025-04-10 09:32:26,350.025,349.83,1,349.71,2,350.34,3,350.34,349.71,349.71,2,349.48,1,349.0,2,,,,,,,,,,,,,,,350.34,3,350.37,6,350.38,6,350.75,1,350.8,2,351.0,4,351.09,5,351.19,4,351.52,8,351.83,10
2025-04-10 09:32:27,350.055,349.83,1,349.77,2,350.34,3,350.34,349.77,349.77,2,349.75,1,349.73,1,349.71,2,349.48,1,349.0,2,,,,,,,,,350.34,3,350.37,6,350.38,6,350.75,1,350.8,2,351.0,4,351.09,5,351.19,4,351.52,8,351.83,10
2025-04-10 09:32:28,350.075,349.83,1,349.81,2,350.34,3,350.34,349.81,349.81,2,349.79,1,349.77,1,349.75,1,349.73,1,349.71,2,349.48,1,349.0,2,,,,,350.34,3,350.37,6,350.38,6,350.75,1,350.8,2,351.0,4,351.09,5,351.19,4,351.52,8,351.83,10
2025-04-10 09:32:29,350.095,350.18,1,349.85,2,350.34,3,350.34,349.85,349.85,2,349.83,2,349.81,1,349.79,1,349.77,1,349.75,1,349.73,1,349.71,2,349.48,1,349.0,2,350.34,3,350.37,6,350.38,6,350.75,1,350.8,2,351.0,4,351.09,5,351.19,4,351.52,8,351.83,10
2025-04-10 09:32:30,350.115,350.34,1,349.89,2,350.34,3,350.34,349.89,349.89,2,349.87,2,349.85,1,349.83,2,349.81,1,349.79,1,349.77,1,349.75,1,349.73,1,349.71,2,350.34,3,350.37,6,350.38,6,350.75,1,350.8,2,351.0,4,351.09,5,351.19,4,351.52,8,351.83,10
2025-04-10 09:32:31,350.115,350.34,1,349.89,2,350.34,3,350.34,349.89,349.89,2,349.87,2,349.85,1,349.83,2,349.81,1,349.79,1,349.77,1,349.75,1,349.73,1,349.71,2,350.34,3,350.37,6,350.38,6,350.75,1,350.8,2,351.0,4,351.09,5,351.19,4,351.52,8,351.83,10
2025-04-10 09:32:32,349.915,349.92,1,349.49,1,350.34,6,350.34,349.49,349.49,1,349.48,1,349.0,2,,,,,,,,,,,,,,,350.34,6,350.37,6,350.38,6,350.75,1,350.8,2,351.0,4,351.09,5,351.19,4,351.52,8,351.83,10
2025-04-10 09:32:33,349.915,349.92,1,349.49,1,350.34,6,350.34,349.49,349.49,1,349.48,1,349.0,2,,,,,,,,,,,,,,,350.34,6,350.37,6,350.38,6,350.75,1,350.8,2,351.0,4,351.09,5,351.19,4,351.52,8,351.83,10
2025-04-10 09:32:34,349.915,349.92,1,349.49,1,350.34,6,350.34,349.49,349.49,1,349.48,1,349.0,2,,,,,,,,,,,,,,,350.34,6,350.37,6,350.38,6,350.75,1,350.8,2,351.0,4,351.09,5,351.19,4,351.52,8,351.83,10
2025-04-10 09:32:35,350.115,350.0,1,349.89,1,350.34,5,350.34,349.89,349.89,1,349.49,3,349.48,1,349.0,2,,,,,,,,,,,,,350.34,5,350.37,6,350.38,6,350.75,1,350.8,2,351.0,4,351.09,5,351.19,4,351.52,8,351.83,10
2025-04-10 09:32:36,350.115,350.0,1,349.89,1,350.34,5,350.34,349.89,349.89,1,349.49,3,349.48,1,349.0,2,,,,,,,,,,,,,350.34,5,350.37,6,350.38,6,350.75,1,350.8,2,351.0,4,351.09,5,351.19,4,351.52,8,351.83,10
2025-04-10 09:32:37,350.115,350.0,1,349.89,1,350.34,5,350.34,349.89,349.89,1,349.49,3,349.48,1,349.0,2,,,,,,,,,,,,,350.34,5,350.37,6,350.38,6,350.75,1,350.8,2,351.0,4,351.09,5,351.19,4,351.52,8,351.83,10
2025-04-10 09:32:38,349.915,350.12,1,349.49,3,350.34,5,350.34,349.49,349.49,3,349.48,1,349.0,2,,,,,,,,,,,,,,,350.34,5,350.37,6,350.38,6,350.75,1,350.8,2,351.0,4,351.09,5,351.19,4,351.52,8,351.83,10
2025-04-10 09:32:39,349.8,350.12,1,349.49,3,350.11,4,350.11,349.49,349.49,3,349.48,1,349.0,2,,,,,,,,,,,,,,,350.11,4,350.34,5,350.37,6,350.38,6,350.75,1,350.8,2,351.0,4,351.09,5,351.19,4,351.52,8
2025-04-10 09:32:40,349.8,350.12,1,349.49,3,350.11,4,350.11,349.49,349.49,3,349.48,1,349.0,2,,,,,,,,,,,,,,,350.11,4,350.34,5,350.37,6,350.38,6,350.75,1,350.8,2,351.0,4,351.09,5,351.19,4,351.52,8
2025-04-10 09:32:41,349.805,349.81,1,349.5,1,350.11,4,350.11,349.5,349.5,1,349.49,3,349.48,1,349.0,2,,,,,,,,,,,,,350.11,4,350.34,5,350.37,6,350.38,6,350.75,1,350.8,2,351.0,4,351.09,5,351.19,4,351.52,8
2025-04-10 09:32:42,349.88,349.73,1,349.65,3,350.11,7,350.11,349.65,349.65,3,349.49,3,349.48,1,349.0,2,,,,,,,,,,,,,350.11,7,350.34,5,350.37,6,350.38,6,350.75,1,350.8,2,351.0,4,351.09,5,351.19,4,351.52,8
2025-04-10 09:32:43,349.88,349.73,1,349.65,3,350.11,7,350.11,349.65,349.65,3,349.49,3,349.48,1,349.0,2,,,,,,,,,,,,,350.11,7,350.34,5,350.37,6,350.38,6,350.75,1,350.8,2,351.0,4,351.09,5,351.19,4,351.52,8
2025-04-10 09:32:44,350.005,349.99,1,349.68,1,350.33,1,350.33,349.68,349.68,1,349.65,3,349.49,3,349.48,1,349.0,2,,,,,,,,,,,350.33,1,350.34,5,350.37,6,350.38,6,350.75,1,350.8,2,351.0,4,351.09,5,351.19,4,351.52,8
2025-04-10 09:32:45,350.005,349.99,1,349.68,1,350.33,1,350.33,349.68,349.68,1,349.65,3,349.49,3,349.48,1,349.0,2,,,,,,,,,,,350.33,1,350.34,5,350.37,6,350.38,6,350.75,1,350.8,2,351.0,4,351.09,5,351.19,4,351.52,8
2025-04-10 09:32:46,350.005,350.01,1,349.68,1,350.33,1,350.33,349.68,349.68,1,349.65,3,349.49,3,349.48,1,349.0,2,,,,,,,,,,,350.33,1,350.34,5,350.37,6,350.38,6,350.75,1,350.8,2,351.0,4,351.09,5,351.19,4,351.52,8
2025-04-10 09:32:47,350.005,350.01,1,349.68,1,350.33,2,350.33,349.68,349.68,1,349.65,3,349.49,3,349.48,1,349.0,2,,,,,,,,,,,350.33,2,350.34,5,350.37,6,350.38,6,350.75,1,350.8,2,351.0,4,351.09,5,351.19,4,351.52,8
2025-04-10 09:32:48,350.085,350.01,1,349.84,3,350.33,2,350.33,349.84,349.84,3,349.69,1,349.68,1,349.65,3,349.49,3,349.48,1,349.0,2,,,,,,,350.33,2,350.34,5,350.37,6,350.38,6,350.75,1,350.8,2,351.0,4,351.09,5,351.19,4,351.52,8
2025-04-10 09:32:49,350.085,350.01,1,349.84,3,350.33,2,350.33,349.84,349.84,3,349.69,1,349.68,1,349.65,3,349.49,3,349.48,1,349.0,2,,,,,,,350.33,2,350.34,5,350.37,6,350.38,6,350.75,1,350.8,2,351.0,4,351.09,5,351.19,4,351.52,8
2025-04-10 09:32:50,350.08,349.93,1,349.84,3,350.32,1,350.32,349.84,349.84,3,349.69,1,349.68,1,349.65,3,349.49,3,349.48,1,349.0,2,,,,,,,350.32,1,350.33,2,350.34,5,350.37,6,350.38,6,350.75,1,350.8,2,351.0,4,351.09,5,351.19,4
2025-04-10 09:32:51,350.075,350.08,1,349.84,3,350.31,1,350.31,349.84,349.84,3,349.69,1,349.68,1,349.65,3,349.49,3,349.48,1,349.0,2,,,,,,,350.31,1,350.32,1,350.33,2,350.34,5,350.37,6,350.38,6,350.75,1,350.8,2,351.0,4,351.09,5
2025-04-10 09:32:52,350.1,350.08,1,349.88,1,350.32,1,350.32,349.88,349.88,1,349.87,3,349.84,3,349.69,1,349.68,1,349.65,3,349.49,3,349.48,1,349.0,2,,,350.32,1,350.33,2,350.34,5,350.37,6,350.38,6,350.75,1,350.8,2,351.0,4,351.09,5,351.19,4
2025-04-10 09:32:53,350.105,350.08,1,349.89,2,350.32,1,350.32,349.89,349.89,2,349.88,2,349.87,3,349.84,3,349.69,1,349.68,1,349.65,3,349.49,3,349.48,1,349.0,2,350.32,1,350.33,2,350.34,5,350.37,6,350.38,6,350.75,1,350.8,2,351.0,4,351.09,5,351.19,4
2025-04-10 09:32:54,350.11,350.08,1,349.9,3,350.32,1,350.32,349.9,349.9,3,349.89,3,349.88,2,349.87,3,349.84,3,349.69,1,349.68,1,349.65,3,349.49,3,349.48,1,350.32,1,350.33,2,350.34,5,350.37,6,350.38,6,350.75,1,350.8,2,351.0,4,351.09,5,351.19,4
2025-04-10 09:32:55,350.615,350.62,1,350.1,4,351.13,2,351.13,350.1,350.1,4,350.09,2,349.91,2,349.9,3,349.89,3,349.88,2,349.87,3,349.84,3,349.69,1,349.68,1,351.13,2,351.26,1,351.52,8,351.83,10,351.99,12,352.12,10,352.32,11,352.42,9,352.82,3,353.0,12
2025-04-10 09:32:56,350.445,350.62,1,350.11,2,350.78,1,350.78,350.11,350.11,2,350.1,8,350.09,2,349.91,2,349.9,3,349.89,3,349.88,2,349.87,3,349.84,3,349.69,1,350.78,1,350.79,1,351.13,2,351.26,1,351.52,8,351.83,10,351.99,12,352.12,10,352.32,11,352.42,9
2025-04-10 09:32:57,350.53,350.52,1,350.13,2,350.93,3,350.93,350.13,350.13,2,350.12,2,350.11,5,350.1,8,350.09,2,349.91,2,349.9,3,349.89,3,349.88,2,349.87,3,350.93,3,351.13,2,351.26,1,351.52,8,351.83,10,351.99,12,352.12,10,352.32,11,352.42,9,352.82,3
2025-04-10 09:32:58,350.535,350.52,1,350.14,3,350.93,3,350.93,350.14,350.14,3,350.13,4,350.12,2,350.11,5,350.1,8,350.09,2,349.91,2,349.9,3,349.89,3,349.88,2,350.93,3,351.13,2,351.26,1,351.52,8,351.83,10,351.99,12,352.12,10,352.32,11,352.42,9,352.82,3
2025-04-10 09:32:59,350.54,350.58,1,350.15,6,350.93,3,350.93,350.15,350.15,6,350.14,3,350.13,4,350.12,2,350.11,5,350.1,8,350.09,2,349.91,2,349.9,3,349.89,3,350.93,3,351.13,2,351.26,1,351.52,8,351.83,10,351.99,12,352.12,10,352.32,11,352.42,9,352.82,3
2025-04-10 09:33:00,350.55,350.58,1,350.17,2,350.93,3,350.93,350.17,350.17,2,350.16,1,350.15,6,350.14,3,350.13,4,350.12,2,350.11,5,350.1,8,350.09,2,349.91,2,350.93,3,351.13,2,351.26,1,351.52,8,351.83,10,351.99,12,352.12,10,352.32,11,352.42,9,352.82,3
2025-04-10 09:33:01,350.555,350.58,1,350.18,3,350.93,3,350.93,350.18,350.18,3,350.17,3,350.16,1,350.15,6,350.14,3,350.13,4,350.12,2,350.11,5,350.1,8,350.09,2,350.93,3,351.13,2,351.26,1,351.52,8,351.83,10,351.99,12,352.12,10,352.32,11,352.42,9,352.82,3
2025-04-10 09:33:02,350.57,350.57,1,350.21,1,350.93,3,350.93,350.21,350.21,1,350.19,3,350.18,3,350.17,3,350.16,1,350.15,6,350.14,3,350.13,4,350.12,2,350.11,5,350.93,3,351.13,2,351.26,1,351.52,8,351.83,10,351.99,12,352.12,10,352.32,11,352.42,9,352.82,3
2025-04-10 09:33:03,350.57,350.57,1,350.21,3,350.93,4,350.93,350.21,350.21,3,350.19,3,350.18,3,350.17,3,350.16,1,350.15,6,350.14,3,350.13,4,350.12,2,350.11,5,350.93,4,351.13,2,351.26,1,351.52,8,351.83,10,351.99,12,352.12,10,352.32,11,352.42,9,352.82,3
2025-04-10 09:33:04,350.58,350.57,1,350.23,1,350.93,4,350.93,350.23,350.23,1,350.22,3,350.21,3,350.19,3,350.18,3,350.17,3,350.16,1,350.15,6,350.14,3,350.13,4,350.93,4,351.13,2,351.26,1,351.52,8,351.83,10,351.99,12,352.12,10,352.32,11,352.42,9,352.82,3
2025-04-10 09:33:05,350.17,350.25,1,349.41,3,350.93,7,350.93,349.41,349.41,3,349.33,2,349.0,2,,,,,,,,,,,,,,,350.93,7,351.13,2,351.26,1,351.52,8,351.83,10,351.99,12,352.12,10,352.32,11,352.42,9,352.82,3
2025-04-10 09:33:06,350.13,350.25,1,349.41,3,350.85,5,350.85,349.41,349.41,3,349.33,2,349.0,2,,,,,,,,,,,,,,,350.85,5,350.93,6,351.13,2,351.26,1,351.52,8,351.83,10,351.99,12,352.12,10,352.32,11,352.42,9
2025-04-10 09:33:07,350.13,350.25,1,349.41,3,350.85,5,350.85,349.41,349.41,3,349.33,2,349.0,2,,,,,,,,,,,,,,,350.85,5,350.93,6,351.13,2,351.26,1,351.52,8,351.83,10,351.99,12,352.12,10,352.32,11,352.42,9
2025-04-10 09:33:08,350.17,350.25,1,349.49,4,350.85,6,350.85,349.49,349.49,4,349.48,1,349.41,3,349.33,2,349.0,2,,,,,,,,,,,350.85,6,350.93,6,351.13,2,351.26,1,351.52,8,351.83,10,351.99,12,352.12,10,352.32,11,352.42,9
2025-04-10 09:33:09,350.18,350.25,1,349.51,3,350.85,6,350.85,349.51,349.51,3,349.5,2,349.49,4,349.48,1,349.41,3,349.33,2,349.0,2,,,,,,,350.85,6,350.93,6,351.13,2,351.26,1,351.52,8,351.83,10,351.99,12,352.12,10,352.32,11,352.42,9
2025-04-10 09:33:10,350.2,350.31,2,349.55,2,350.85,6,350.85,349.55,349.55,2,349.54,3,349.53,4,349.51,3,349.5,2,349.49,4,349.48,1,349.41,3,349.33,2,349.0,2,350.85,6,350.93,6,351.13,2,351.26,1,351.52,8,351.83,10,351.99,12,352.12,10,352.32,11,352.42,9
2025-04-10 09:33:11,349.925,349.01,1,349.01,1,350.84,2,350.84,349.01,349.01,1,349.0,2,,,,,,,,,,,,,,,,,350.84,2,350.85,6,350.93,6,351.13,2,351.26,1,351.52,8,351.83,10,351.99,12,352.12,10,352.32,11
2025-04-10 09:33:12,349.925,349.01,1,349.01,1,350.84,2,350.84,349.01,349.01,1,349.0,2,,,,,,,,,,,,,,,,,350.84,2,350.85,6,350.93,6,351.13,2,351.26,1,351.52,8,351.83,10,351.99,12,352.12,10,352.32,11
2025-04-10 09:33:13,349.915,349.01,1,349.01,3,350.82,2,350.82,349.01,349.01,3,349.0,2,,,,,,,,,,,,,,,,,350.82,2,350.84,7,350.85,6,350.93,6,351.13,2,351.26,1,351.52,8,351.83,10,351.99,12,352.12,10
2025-04-10 09:33:14,349.9,349.21,1,349.01,5,350.79,5,350.79,349.01,349.01,5,349.0,2,,,,,,,,,,,,,,,,,350.79,5,350.82,2,350.84,7,350.85,6,350.93,6,351.13,2,351.26,1,351.52,8,351.83,10,351.99,12
2025-04-10 09:33:15,349.93,349.21,1,349.1,3,350.76,7,350.76,349.1,349.1,3,349.01,5,349.0,2,,,,,,,,,,,,,,,350.76,7,350.79,5,350.82,2,350.84,7,350.85,6,350.93,6,351.13,2,351.26,1,351.52,8,351.83,10
2025-04-10 09:33:16,349.925,349.1,1,349.1,3,350.75,2,350.75,349.1,349.1,3,349.01,5,349.0,2,,,,,,,,,,,,,,,350.75,2,350.76,10,350.79,5,350.82,2,350.84,7,350.85,6,350.93,6,351.13,2,351.26,1,351.52,8
2025-04-10 09:33:17,349.925,349.1,1,349.1,3,350.75,8,350.75,349.1,349.1,3,349.01,5,349.0,2,,,,,,,,,,,,,,,350.75,8,350.76,10,350.79,5,350.82,2,350.84,7,350.85,6,350.93,6,351.13,2,351.26,1,351.52,8
2025-04-10 09:33:18,349.925,349.1,1,349.1,3,350.75,8,350.75,349.1,349.1,3,349.01,5,349.0,2,,,,,,,,,,,,,,,350.75,8,350.76,10,350.79,5,350.82,2,350.84,7,350.85,6,350.93,6,351.13,2,351.26,1,351.52,8
2025-04-10 09:33:19,349.925,349.83,1,349.1,2,350.75,8,350.75,349.1,349.1,2,349.01,5,349.0,2,,,,,,,,,,,,,,,350.75,8,350.76,10,350.79,5,350.82,2,350.84,7,350.85,6,350.93,6,351.13,2,351.26,1,351.52,8
2025-04-10 09:33:20,349.635,349.83,1,349.1,4,350.17,1,350.17,349.1,349.1,4,349.01,5,349.0,2,,,,,,,,,,,,,,,350.17,1,350.75,8,350.76,10,350.79,5,350.82,2,350.84,7,350.85,6,350.93,6,351.13,2,351.26,1
2025-04-10 09:33:21,349.635,349.83,1,349.1,4,350.17,4,350.17,349.1,349.1,4,349.01,5,349.0,2,,,,,,,,,,,,,,,350.17,4,350.75,8,350.76,10,350.79,5,350.82,2,350.84,7,350.85,6,350.93,6,351.13,2,351.26,1
2025-04-10 09:33:22,349.595,349.45,1,349.1,4,350.09,1,350.09,349.1,349.1,4,349.01,5,349.0,2,,,,,,,,,,,,,,,350.09,1,350.16,1,350.17,5,350.75,8,350.76,10,350.79,5,350.82,2,350.84,7,350.85,6,350.93,6
2025-04-10 09:33:23,349.59,349.59,2,349.1,4,350.08,1,350.08,349.1,349.1,4,349.01,5,349.0,2,,,,,,,,,,,,,,,350.08,1,350.09,4,350.16,1,350.17,5,350.75,8,350.76,10,350.79,5,350.82,2,350.84,7,350.85,6
2025-04-10 09:33:24,349.81,349.59,2,349.55,2,350.07,2,350.07,349.55,349.55,2,349.1,4,349.01,5,349.0,2,,,,,,,,,,,,,350.07,2,350.08,2,350.09,4,350.16,1,350.17,5,350.75,8,350.76,10,350.79,5,350.82,2,350.84,7
2025-04-10 09:33:25,350.475,350.17,1,350.11,3,350.84,8,350.84,350.11,350.11,3,350.07,4,350.06,1,349.56,2,349.55,4,349.1,4,349.01,5,349.0,2,,,,,350.84,8,350.85,6,350.93,6,351.13,2,351.26,1,351.52,8,351.83,10,351.99,12,352.12,10,352.32,11
2025-04-10 09:33:26,350.475,350.17,1,350.11,8,350.84,8,350.84,350.11,350.11,8,350.07,4,350.06,1,349.56,2,349.55,4,349.1,4,349.01,5,349.0,2,,,,,350.84,8,350.85,6,350.93,6,351.13,2,351.26,1,351.52,8,351.83,10,351.99,12,352.12,10,352.32,11
2025-04-10 09:33:27,350.66,350.49,1,350.48,4,350.84,8,350.84,350.48,350.48,4,350.34,1,350.13,6,350.11,8,350.07,4,350.06,1,349.56,2,349.55,4,349.1,4,349.01,5,350.84,8,350.85,6,350.93,6,351.13,2,351.26,1,351.52,8,351.83,10,351.99,12,352.12,10,352.32,11
2025-04-10 09:33:28,350.015,350.02,2,349.19,4,350.84,7,350.84,349.19,349.19,4,349.1,4,349.01,5,349.0,2,,,,,,,,,,,,,350.84,7,350.85,6,350.93,6,351.13,2,351.26,1,351.52,8,351.83,10,351.99,12,352.12,10,352.32,11
2025-04-10 09:33:29,350.015,350.02,2,349.19,4,350.84,7,350.84,349.19,349.19,4,349.1,4,349.01,5,349.0,2,,,,,,,,,,,,,350.84,7,350.85,6,350.93,6,351.13,2,351.26,1,351.52,8,351.83,10,351.99,12,352.12,10,352.32,11
2025-04-10 09:33:30,350.015,350.84,3,349.19,4,350.84,7,350.84,349.19,349.19,4,349.1,4,349.01,5,349.0,2,,,,,,,,,,,,,350.84,7,350.85,6,350.93,6,351.13,2,351.26,1,351.52,8,351.83,10,351.99,12,352.12,10,352.32,11
2025-04-10 09:33:31,350.425,350.43,1,350.01,4,350.84,7,350.84,350.01,350.01,4,349.52,4,349.19,7,349.1,4,349.01,5,349.0,2,,,,,,,,,350.84,7,350.85,6,350.93,6,351.13,2,351.26,1,351.52,8,351.83,10,351.99,12,352.12,10,352.32,11
2025-04-10 09:33:32,350.43,350.43,1,350.02,2,350.84,7,350.84,350.02,350.02,2,350.01,4,349.52,4,349.19,7,349.1,4,349.01,5,349.0,2,,,,,,,350.84,7,350.85,6,350.93,6,351.13,2,351.26,1,351.52,8,351.83,10,351.99,12,352.12,10,352.32,11
2025-04-10 09:33:33,350.435,350.43,1,350.03,2,350.84,7,350.84,350.03,350.03,2,350.02,1,350.01,4,349.52,4,349.19,7,349.1,4,349.01,5,349.0,2,,,,,350.84,7,350.85,6,350.93,6,351.13,2,351.26,1,351.52,8,351.83,10,351.99,12,352.12,10,352.32,11
2025-04-10 09:33:34,350.44,350.43,1,350.04,2,350.84,7,350.84,350.04,350.04,2,350.03,1,350.02,1,350.01,4,349.52,4,349.19,7,349.1,4,349.01,5,349.0,2,,,350.84,7,350.85,6,350.93,6,351.13,2,351.26,1,351.52,8,351.83,10,351.99,12,352.12,10,352.32,11
2025-04-10 09:33:35,350.445,350.43,1,350.05,2,350.84,7,350.84,350.05,350.05,2,350.04,1,350.03,1,350.02,1,350.01,4,349.52,4,349.19,7,349.1,4,349.01,5,349.0,2,350.84,7,350.85,6,350.93,6,351.13,2,351.26,1,351.52,8,351.83,10,351.99,12,352.12,10,352.32,11
2025-04-10 09:33:36,350.445,350.43,1,350.05,2,350.84,7,350.84,350.05,350.05,2,350.04,1,350.03,1,350.02,1,350.01,4,349.52,4,349.19,7,349.1,4,349.01,5,349.0,2,350.84,7,350.85,6,350.93,6,351.13,2,351.26,1,351.52,8,351.83,10,351.99,12,352.12,10,352.32,11
2025-04-10 09:33:37,350.45,350.45,1,350.06,2,350.84,7,350.84,350.06,350.06,2,350.05,1,350.04,1,350.03,1,350.02,1,350.01,4,349.52,4,349.19,7,349.1,4,349.01,5,350.84,7,350.85,6,350.93,6,351.13,2,351.26,1,351.52,8,351.83,10,351.99,12,352.12,10,352.32,11
2025-04-10 09:33:38,350.46,350.45,1,350.08,2,350.84,7,350.84,350.08,350.08,2,350.06,1,350.05,1,350.04,1,350.03,1,350.02,1,350.01,4,349.52,4,349.19,7,349.1,4,350.84,7,350.85,6,350.93,6,351.13,2,351.26,1,351.52,8,351.83,10,351.99,12,352.12,10,352.32,11
2025-04-10 09:33:39,350.47,350.45,1,350.1,2,350.84,7,350.84,350.1,350.1,2,350.08,1,350.06,1,350.05,1,350.04,1,350.03,1,350.02,1,350.01,4,349.52,4,349.19,7,350.84,7,350.85,6,350.93,6,351.13,2,351.26,1,351.52,8,351.83,10,351.99,12,352.12,10,352.32,11
2025-04-10 09:33:40,350.475,350.45,1,350.11,2,350.84,7,350.84,350.11,350.11,2,350.1,1,350.08,1,350.06,1,350.05,1,350.04,1,350.03,1,350.02,1,350.01,4,349.52,4,350.84,7,350.85,6,350.93,6,351.13,2,351.26,1,351.52,8,351.83,10,351.99,12,352.12,10,352.32,11
2025-04-10 09:33:41,350.485,350.45,1,350.13,1,350.84,7,350.84,350.13,350.13,1,350.03,2,350.02,1,350.01,4,349.52,4,349.19,7,349.1,4,349.01,5,349.0,2,,,350.84,7,350.85,6,350.93,6,351.13,2,351.26,1,351.52,8,351.83,10,351.99,12,352.12,10,352.32,11
2025-04-10 09:33:43,350.49,350.46,1,350.14,1,350.84,8,350.84,350.14,350.14,1,349.99,1,349.52,4,349.19,7,349.1,4,349.01,5,349.0,2,,,,,,,350.84,8,350.85,6,350.93,6,351.13,2,351.26,1,351.52,8,351.83,10,351.99,12,352.12,10,352.32,11
2025-04-10 09:33:43,349.98,349.98,1,349.18,1,350.78,1,350.78,349.18,349.18,1,349.0,1,,,,,,,,,,,,,,,,,350.78,1,350.84,9,350.85,6,350.93,6,351.13,2,351.26,1,351.52,8,351.83,10,351.99,12,352.12,10
2025-04-10 09:33:44,349.985,349.99,2,349.19,1,350.78,2,350.78,349.19,349.19,1,349.18,3,349.0,1,,,,,,,,,,,,,,,350.78,2,350.84,9,350.85,6,350.93,6,351.13,2,351.26,1,351.52,8,351.83,10,351.99,12,352.12,10
2025-04-10 09:33:46,349.985,349.99,2,349.19,2,350.78,2,350.78,349.19,349.19,2,349.18,3,349.0,1,,,,,,,,,,,,,,,350.78,2,350.84,9,350.85,6,350.93,6,351.13,2,351.26,1,351.52,8,351.83,10,351.99,12,352.12,10
2025-04-10 09:33:47,350.345,349.99,2,349.91,1,350.78,3,350.78,349.91,349.91,1,349.19,2,349.18,3,349.0,1,,,,,,,,,,,,,350.78,3,350.84,9,350.85,6,350.93,6,351.13,2,351.26,1,351.52,8,351.83,10,351.99,12,352.12,10
2025-04-10 09:33:47,349.75,349.75,2,349.19,2,350.31,1,350.31,349.19,349.19,2,349.18,3,349.0,1,,,,,,,,,,,,,,,350.31,1,350.78,4,350.84,9,350.85,6,350.93,6,351.13,2,351.26,1,351.52,8,351.83,10,351.99,12
2025-04-10 09:33:49,349.75,349.75,2,349.19,2,350.31,3,350.31,349.19,349.19,2,349.18,3,349.0,1,,,,,,,,,,,,,,,350.31,3,350.78,4,350.84,9,350.85,6,350.93,6,351.13,2,351.26,1,351.52,8,351.83,10,351.99,12
2025-04-10 09:33:50,349.65,349.75,2,349.19,2,350.11,1,350.11,349.19,349.19,2,349.18,3,349.0,1,,,,,,,,,,,,,,,350.11,1,350.31,5,350.78,4,350.84,9,350.85,6,350.93,6,351.13,2,351.26,1,351.52,8,351.83,10
2025-04-10 09:33:50,349.745,349.75,2,349.18,2,350.31,5,350.31,349.18,349.18,2,349.0,1,,,,,,,,,,,,,,,,,350.31,5,350.78,4,350.84,9,350.85,6,350.93,6,351.13,2,351.26,1,351.52,8,351.83,10,351.99,12
2025-04-10 09:33:51,349.83,349.76,1,349.35,1,350.31,5,350.31,349.35,349.35,1,349.21,1,349.2,1,349.19,2,349.18,2,349.0,1,,,,,,,,,350.31,5,350.78,4,350.84,9,350.85,6,350.93,6,351.13,2,351.26,1,351.52,8,351.83,10,351.99,12
2025-04-10 09:33:53,349.655,349.64,1,349.0,1,350.31,6,350.31,349.0,349.0,1,,,,,,,,,,,,,,,,,,,350.31,6,350.78,4,350.84,9,350.85,6,350.93,6,351.13,2,351.26,1,351.52,8,351.83,10,351.99,12
2025-04-10 09:33:53,349.655,349.66,1,349.0,1,350.31,6,350.31,349.0,349.0,1,,,,,,,,,,,,,,,,,,,350.31,6,350.78,4,350.84,9,350.85,6,350.93,6,351.13,2,351.26,1,351.52,8,351.83,10,351.99,12
2025-04-10 09:33:55,349.655,349.66,1,349.0,1,350.31,6,350.31,349.0,349.0,1,,,,,,,,,,,,,,,,,,,350.31,6,350.78,4,350.84,9,350.85,6,350.93,6,351.13,2,351.26,1,351.52,8,351.83,10,351.99,12
2025-04-10 09:33:56,349.655,349.53,1,349.0,1,350.31,6,350.31,349.0,349.0,1,,,,,,,,,,,,,,,,,,,350.31,6,350.78,4,350.84,9,350.85,6,350.93,6,351.13,2,351.26,1,351.52,8,351.83,10,351.99,12
2025-04-10 09:33:57,349.655,349.66,1,349.0,1,350.31,7,350.31,349.0,349.0,1,,,,,,,,,,,,,,,,,,,350.31,7,350.78,4,350.84,9,350.85,6,350.93,6,351.13,2,351.26,1,351.52,8,351.83,10,351.99,12
2025-04-10 09:33:58,349.655,349.58,1,349.0,2,350.31,9,350.31,349.0,349.0,2,,,,,,,,,,,,,,,,,,,350.31,9,350.78,4,350.84,9,350.85,6,350.93,6,351.13,2,351.26,1,351.52,8,351.83,10,351.99,12
2025-04-10 09:33:59,349.655,349.4,1,349.0,2,350.31,9,350.31,349.0,349.0,2,,,,,,,,,,,,,,,,,,,350.31,9,350.78,4,350.84,9,350.85,6,350.93,6,351.13,2,351.26,1,351.52,8,351.83,10,351.99,12
2025-04-10 09:34:00,349.655,349.14,1,349.0,2,350.31,8,350.31,349.0,349.0,2,,,,,,,,,,,,,,,,,,,350.31,8,350.78,4,350.84,9,350.85,6,350.93,6,351.13,2,351.26,1,351.52,8,351.83,10,351.99,12
2025-04-10 09:34:01,349.66,349.14,1,349.01,1,350.31,8,350.31,349.01,349.01,1,349.0,4,,,,,,,,,,,,,,,,,350.31,8,350.78,4,350.84,9,350.85,6,350.93,6,351.13,2,351.26,1,351.52,8,351.83,10,351.99,12
2025-04-10 09:34:02,349.75,349.14,1,349.19,2,350.31,9,350.31,349.19,349.19,2,349.01,1,349.0,4,,,,,,,,,,,,,,,350.31,9,350.78,4,350.84,9,350.85,6,350.93,6,351.13,2,351.26,1,351.52,8,351.83,10,351.99,12
2025-04-10 09:34:02,349.755,349.76,2,349.2,3,350.31,9,350.31,349.2,349.2,3,349.19,4,349.01,1,349.0,4,,,,,,,,,,,,,350.31,9,350.78,4,350.84,9,350.85,6,350.93,6,351.13,2,351.26,1,351.52,8,351.83,10,351.99,12
2025-04-10 09:34:04,349.755,349.76,2,349.2,3,350.31,9,350.31,349.2,349.2,3,349.19,4,349.01,1,349.0,4,,,,,,,,,,,,,350.31,9,350.78,4,350.84,9,350.85,6,350.93,6,351.13,2,351.26,1,351.52,8,351.83,10,351.99,12
2025-04-10 09:34:04,349.755,349.96,1,349.2,3,350.31,9,350.31,349.2,349.2,3,349.19,4,349.01,1,349.0,4,,,,,,,,,,,,,350.31,9,350.78,4,350.84,9,350.85,6,350.93,6,351.13,2,351.26,1,351.52,8,351.83,10,351.99,12
2025-04-10 09:34:06,349.86,349.96,1,349.41,3,350.31,9,350.31,349.41,349.41,3,349.21,4,349.2,4,349.19,4,349.01,1,349.0,4,,,,,,,,,350.31,9,350.78,4,350.84,9,350.85,6,350.93,6,351.13,2,351.26,1,351.52,8,351.83,10,351.99,12
2025-04-10 09:34:07,349.86,349.96,1,349.41,5,350.31,9,350.31,349.41,349.41,5,349.21,4,349.2,4,349.19,4,349.01,1,349.0,4,,,,,,,,,350.31,9,350.78,4,350.84,9,350.85,6,350.93,6,351.13,2,351.26,1,351.52,8,351.83,10,351.99,12
2025-04-10 09:34:08,349.86,349.96,1,349.41,4,350.31,9,350.31,349.41,349.41,4,349.21,4,349.2,4,349.19,4,349.01,1,349.0,4,,,,,,,,,350.31,9,350.78,4,350.84,9,350.85,6,350.93,6,351.13,2,351.26,1,351.52,8,351.83,10,351.99,12
2025-04-10 09:34:09,350.515,350.32,1,350.14,1,350.89,1,350.89,350.14,350.14,1,350.02,1,349.43,3,349.42,2,349.41,4,349.21,4,349.2,4,349.19,4,349.01,1,349.0,4,350.89,1,350.93,6,351.13,2,351.26,1,351.52,8,351.83,10,351.99,12,352.12,10,352.32,11,352.42,9
2025-04-10 09:34:10,350.515,350.32,1,350.14,1,350.89,1,350.89,350.14,350.14,1,350.02,1,349.43,3,349.42,2,349.41,4,349.21,4,349.2,4,349.19,4,349.01,1,349.0,4,350.89,1,350.93,6,351.13,2,351.26,1,351.52,8,351.83,10,351.99,12,352.12,10,352.32,11,352.42,9
2025-04-10 09:34:11,349.82,350.33,1,349.41,4,350.23,1,350.23,349.41,349.41,4,349.21,4,349.2,4,349.19,4,349.01,1,349.0,4,,,,,,,,,350.23,1,350.42,1,350.43,1,350.55,1,350.93,7,351.13,2,351.26,1,351.52,8,351.83,10,351.99,12
2025-04-10 09:34:12,349.86,349.86,2,349.41,4,350.31,1,350.31,349.41,349.41,4,349.21,4,349.2,4,349.19,4,349.01,1,349.0,4,,,,,,,,,350.31,1,350.89,1,350.93,7,351.13,2,351.26,1,351.52,8,351.83,10,351.99,12,352.12,10,352.32,11
2025-04-10 09:34:13,349.89,349.89,2,349.42,1,350.36,1,350.36,349.42,349.42,1,349.41,4,349.21,4,349.2,4,349.19,4,349.01,1,349.0,4,,,,,,,350.36,1,350.89,1,350.93,7,351.13,2,351.26,1,351.52,8,351.83,10,351.99,12,352.12,10,352.32,11
2025-04-10 09:34:14,350.365,349.89,2,349.8,1,350.93,7,350.93,349.8,349.8,1,349.44,3,349.43,2,349.42,1,349.41,4,349.21,4,349.2,4,349.19,4,349.01,1,349.0,4,350.93,7,351.13,2,351.26,1,351.52,8,351.83,10,351.99,12,352.12,10,352.32,11,352.42,9,352.82,3
2025-04-10 09:34:15,350.365,349.89,2,349.8,4,350.93,7,350.93,349.8,349.8,4,349.44,3,349.43,2,349.42,1,349.41,4,349.21,4,349.2,4,349.19,4,349.01,1,349.0,4,350.93,7,351.13,2,351.26,1,351.52,8,351.83,10,351.99,12,352.12,10,352.32,11,352.42,9,352.82,3
2025-04-10 09:34:16,350.365,349.89,2,349.8,2,350.93,7,350.93,349.8,349.8,2,349.44,3,349.43,2,349.42,1,349.41,4,349.21,4,349.2,4,349.19,4,349.01,1,349.0,4,350.93,7,351.13,2,351.26,1,351.52,8,351.83,10,351.99,12,352.12,10,352.32,11,352.42,9,352.82,3
2025-04-10 09:34:17,350.365,349.89,2,349.8,2,350.93,7,350.93,349.8,349.8,2,349.44,3,349.43,2,349.42,1,349.41,4,349.21,4,349.2,4,349.19,4,349.01,1,349.0,4,350.93,7,351.13,2,351.26,1,351.52,8,351.83,10,351.99,12,352.12,10,352.32,11,352.42,9,352.82,3
2025-04-10 09:34:18,350.78,350.93,1,350.34,4,351.22,1,351.22,350.34,350.34,4,349.88,3,349.8,2,349.44,3,349.43,2,349.42,1,349.41,4,349.21,4,349.2,4,349.19,4,351.22,1,351.65,1,351.79,1,351.83,10,351.99,12,352.12,10,352.32,11,352.42,9,352.82,3,353.0,12
2025-04-10 09:34:19,350.675,350.91,1,350.34,3,351.01,1,351.01,350.34,350.34,3,349.88,3,349.8,2,349.44,3,349.43,2,349.42,1,349.41,4,349.21,4,349.2,4,349.19,4,351.01,1,351.16,1,351.22,1,351.65,1,351.79,1,351.83,10,351.99,12,352.12,10,352.32,11,352.42,9
2025-04-10 09:34:20,350.9,350.75,1,350.34,3,351.46,2,351.46,350.34,350.34,3,349.88,3,349.8,2,349.44,3,349.43,2,349.42,1,349.41,4,349.21,4,349.2,4,349.19,4,351.46,2,351.65,1,351.79,1,351.83,10,351.99,12,352.12,10,352.32,11,352.42,9,352.82,3,353.0,12
2025-04-10 09:34:21,350.9,350.63,1,350.34,3,351.46,2,351.46,350.34,350.34,3,349.88,3,349.8,2,349.44,3,349.43,2,349.42,1,349.41,4,349.21,4,349.2,4,349.19,4,351.46,2,351.65,1,351.79,1,351.83,10,351.99,12,352.12,10,352.32,11,352.42,9,352.82,3,353.0,12
2025-04-10 09:34:22,350.9,350.63,1,350.34,3,351.46,2,351.46,350.34,350.34,3,349.88,3,349.8,2,349.44,3,349.43,2,349.42,1,349.41,4,349.21,4,349.2,4,349.19,4,351.46,2,351.65,1,351.79,1,351.83,10,351.99,12,352.12,10,352.32,11,352.42,9,352.82,3,353.0,12
2025-04-10 09:34:23,350.9,350.63,1,350.34,3,351.46,2,351.46,350.34,350.34,3,349.88,3,349.8,2,349.44,3,349.43,2,349.42,1,349.41,4,349.21,4,349.2,4,349.19,4,351.46,2,351.65,1,351.79,1,351.83,10,351.99,12,352.12,10,352.32,11,352.42,9,352.82,3,353.0,12
2025-04-10 09:34:24,350.9,350.63,1,350.34,3,351.46,2,351.46,350.34,350.34,3,349.88,3,349.8,2,349.44,3,349.43,2,349.42,1,349.41,4,349.21,4,349.2,4,349.19,4,351.46,2,351.65,1,351.79,1,351.83,10,351.99,12,352.12,10,352.32,11,352.42,9,352.82,3,353.0,12
2025-04-10 09:34:25,350.9,350.63,1,350.34,3,351.46,2,351.46,350.34,350.34,3,349.88,3,349.8,2,349.44,3,349.43,2,349.42,1,349.41,4,349.21,4,349.2,4,349.19,4,351.46,2,351.65,1,351.79,1,351.83,10,351.99,12,352.12,10,352.32,11,352.42,9,352.82,3,353.0,12
2025-04-10 09:34:26,350.9,350.63,1,350.34,3,351.46,2,351.46,350.34,350.34,3,349.88,3,349.8,2,349.44,3,349.43,2,349.42,1,349.41,4,349.21,4,349.2,4,349.19,4,351.46,2,351.65,1,351.79,1,351.83,10,351.99,12,352.12,10,352.32,11,352.42,9,352.82,3,353.0,12
2025-04-10 09:34:27,350.9,350.63,1,350.34,3,351.46,2,351.46,350.34,350.34,3,349.88,3,349.8,2,349.44,3,349.43,2,349.42,1,349.41,4,349.21,4,349.2,4,349.19,4,351.46,2,351.65,1,351.79,1,351.83,10,351.99,12,352.12,10,352.32,11,352.42,9,352.82,3,353.0,12
2025-04-10 09:34:28,350.9,350.63,1,350.34,3,351.46,2,351.46,350.34,350.34,3,349.88,3,349.8,2,349.44,3,349.43,2,349.42,1,349.41,4,349.21,4,349.2,4,349.19,4,351.46,2,351.65,1,351.79,1,351.83,10,351.99,12,352.12,10,352.32,11,352.42,9,352.82,3,353.0,12
2025-04-10 09:34:29,350.9,350.63,1,350.34,3,351.46,2,351.46,350.34,350.34,3,349.88,3,349.8,2,349.44,3,349.43,2,349.42,1,349.41,4,349.21,4,349.2,4,349.19,4,351.46,2,351.65,1,351.79,1,351.83,10,351.99,12,352.12,10,352.32,11,352.42,9,352.82,3,353.0,12
2025-04-10 09:34:30,350.9,350.86,1,350.34,4,351.46,3,351.46,350.34,350.34,4,349.88,3,349.8,2,349.44,3,349.43,2,349.42,1,349.41,4,349.21,4,349.2,4,349.19,4,351.46,3,351.65,1,351.79,1,351.83,10,351.99,12,352.12,10,352.32,11,352.42,9,352.82,3,353.0,12
2025-04-10 09:34:31,350.9,350.86,1,350.34,4,351.46,3,351.46,350.34,350.34,4,349.88,3,349.8,2,349.44,3,349.43,2,349.42,1,349.41,4,349.21,4,349.2,4,349.19,4,351.46,3,351.65,1,351.79,1,351.83,10,351.99,12,352.12,10,352.32,11,352.42,9,352.82,3,353.0,12
2025-04-10 09:34:32,350.9,350.86,1,350.34,4,351.46,3,351.46,350.34,350.34,4,349.88,3,349.8,2,349.44,3,349.43,2,349.42,1,349.41,4,349.21,4,349.2,4,349.19,4,351.46,3,351.65,1,351.79,1,351.83,10,351.99,12,352.12,10,352.32,11,352.42,9,352.82,3,353.0,12
2025-04-10 09:34:33,350.18,350.34,1,349.6,4,350.76,1,350.76,349.6,349.6,4,349.44,3,349.43,2,349.42,1,349.41,4,349.21,4,349.2,4,349.19,4,349.01,1,349.0,4,350.76,1,350.89,1,351.44,1,351.45,2,351.46,3,351.65,1,351.79,1,351.83,10,351.99,12,352.12,10
2025-04-10 09:34:34,350.18,350.34,1,349.6,4,350.76,1,350.76,349.6,349.6,4,349.44,3,349.43,2,349.42,1,349.41,4,349.21,4,349.2,4,349.19,4,349.01,1,349.0,4,350.76,1,350.89,1,351.44,1,351.45,2,351.46,3,351.65,1,351.79,1,351.83,10,351.99,12,352.12,10
2025-04-10 09:34:35,350.18,350.34,1,349.6,4,350.76,1,350.76,349.6,349.6,4,349.44,3,349.43,2,349.42,1,349.41,4,349.21,4,349.2,4,349.19,4,349.01,1,349.0,4,350.76,1,350.89,1,351.44,1,351.45,2,351.46,3,351.65,1,351.79,1,351.83,10,351.99,12,352.12,10
2025-04-10 09:34:36,350.285,350.34,1,349.81,2,350.76,1,350.76,349.81,349.81,2,349.8,1,349.6,4,349.44,3,349.43,2,349.42,1,349.41,4,349.21,4,349.2,4,349.19,4,350.76,1,350.89,1,351.44,1,351.45,2,351.46,3,351.65,1,351.79,1,351.83,10,351.99,12,352.12,10
2025-04-10 09:34:37,350.345,350.34,1,349.93,1,350.76,1,350.76,349.93,349.93,1,349.81,2,349.8,1,349.6,4,349.44,3,349.43,2,349.42,1,349.41,4,349.21,4,349.2,4,350.76,1,350.89,1,351.44,1,351.45,2,351.46,3,351.65,1,351.79,1,351.83,10,351.99,12,352.12,10
2025-04-10 09:34:38,350.285,350.34,1,349.81,2,350.76,1,350.76,349.81,349.81,2,349.8,1,349.6,4,349.44,3,349.43,2,349.42,1,349.41,4,349.21,4,349.2,4,349.19,4,350.76,1,350.89,1,351.44,1,351.45,2,351.46,3,351.65,1,351.79,1,351.83,10,351.99,12,352.12,10
2025-04-10 09:34:39,350.315,350.32,1,349.87,1,350.76,3,350.76,349.87,349.87,1,349.81,3,349.8,1,349.6,4,349.44,3,349.43,2,349.42,1,349.41,4,349.21,4,349.2,4,350.76,3,350.89,1,351.44,1,351.45,2,351.46,3,351.65,1,351.79,1,351.83,10,351.99,12,352.12,10
2025-04-10 09:34:40,349.935,349.94,1,349.13,1,350.74,2,350.74,349.13,349.13,1,349.01,1,349.0,4,,,,,,,,,,,,,,,350.74,2,350.75,3,350.76,3,350.89,1,351.44,1,351.45,2,351.46,3,351.65,1,351.79,1,351.83,10
2025-04-10 09:34:41,349.96,349.96,1,349.2,1,350.72,1,350.72,349.2,349.2,1,349.17,1,349.13,1,349.01,1,349.0,4,,,,,,,,,,,350.72,1,350.73,1,350.74,2,350.75,3,350.76,3,350.89,1,351.44,1,351.45,2,351.46,3,351.65,1
2025-04-10 09:34:42,349.955,349.96,1,349.2,1,350.71,1,350.71,349.2,349.2,1,349.17,1,349.13,1,349.01,1,349.0,4,,,,,,,,,,,350.71,1,350.72,1,350.73,1,350.74,2,350.75,3,350.76,3,350.89,1,351.44,1,351.45,2,351.46,3
2025-04-10 09:34:43,350.15,349.96,1,349.6,1,350.7,2,350.7,349.6,349.6,1,349.46,1,349.2,1,349.17,1,349.13,1,349.01,1,349.0,4,,,,,,,350.7,2,350.77,1,350.89,1,351.44,1,351.45,2,351.46,3,351.65,1,351.79,1,351.83,10,351.99,12
2025-04-10 09:34:44,350.15,349.96,1,349.6,1,350.7,2,350.7,349.6,349.6,1,349.46,1,349.2,1,349.17,1,349.13,1,349.01,1,349.0,4,,,,,,,350.7,2,350.77,1,350.89,1,351.44,1,351.45,2,351.46,3,351.65,1,351.79,1,351.83,10,351.99,12
2025-04-10 09:34:45,350.15,349.96,1,349.6,1,350.7,2,350.7,349.6,349.6,1,349.46,1,349.2,1,349.17,1,349.13,1,349.01,1,349.0,4,,,,,,,350.7,2,350.77,1,350.89,1,351.44,1,351.45,2,351.46,3,351.65,1,351.79,1,351.83,10,351.99,12
2025-04-10 09:34:46,350.15,349.96,1,349.6,1,350.7,3,350.7,349.6,349.6,1,349.46,1,349.2,1,349.17,1,349.13,1,349.01,1,349.0,4,,,,,,,350.7,3,350.77,1,350.89,1,351.44,1,351.45,2,351.46,3,351.65,1,351.79,1,351.83,10,351.99,12
2025-04-10 09:34:47,350.15,349.96,1,349.6,1,350.7,3,350.7,349.6,349.6,1,349.46,1,349.2,1,349.17,1,349.13,1,349.01,1,349.0,4,,,,,,,350.7,3,350.77,1,350.89,1,351.44,1,351.45,2,351.46,3,351.65,1,351.79,1,351.83,10,351.99,12
2025-04-10 09:34:48,349.725,349.96,1,349.12,1,350.33,2,350.33,349.12,349.12,1,349.11,1,349.01,1,349.0,4,,,,,,,,,,,,,350.33,2,350.68,1,350.69,5,350.7,3,350.77,1,350.89,1,351.44,1,351.45,2,351.46,3,351.65,1
2025-04-10 09:34:49,349.73,349.96,1,349.13,1,350.33,2,350.33,349.13,349.13,1,349.12,1,349.11,1,349.01,1,349.0,4,,,,,,,,,,,350.33,2,350.68,1,350.69,5,350.7,3,350.77,1,350.89,1,351.44,1,351.45,2,351.46,3,351.65,1
2025-04-10 09:34:50,349.635,349.96,1,349.11,1,350.16,2,350.16,349.11,349.11,1,349.01,1,349.0,4,,,,,,,,,,,,,,,350.16,2,350.33,4,350.68,1,350.69,5,350.7,3,350.77,1,350.89,1,351.44,1,351.45,2,351.46,3
2025-04-10 09:34:51,349.72,349.96,1,349.28,1,350.16,2,350.16,349.28,349.28,1,349.27,15,349.11,1,349.01,1,349.0,4,,,,,,,,,,,350.16,2,350.33,4,350.68,1,350.69,5,350.7,3,350.77,1,350.89,1,351.44,1,351.45,2,351.46,3
2025-04-10 09:34:52,349.72,349.96,1,349.28,1,350.16,2,350.16,349.28,349.28,1,349.27,15,349.11,1,349.01,1,349.0,4,,,,,,,,,,,350.16,2,350.33,4,350.68,1,350.69,5,350.7,3,350.77,1,350.89,1,351.44,1,351.45,2,351.46,3
2025-04-10 09:34:53,349.72,349.77,1,349.28,1,350.16,2,350.16,349.28,349.28,1,349.27,15,349.11,1,349.01,1,349.0,4,,,,,,,,,,,350.16,2,350.33,4,350.68,1,350.69,5,350.7,3,350.77,1,350.89,1,351.44,1,351.45,2,351.46,3
2025-04-10 09:34:54,349.72,349.65,1,349.28,1,350.16,3,350.16,349.28,349.28,1,349.27,15,349.11,1,349.01,1,349.0,4,,,,,,,,,,,350.16,3,350.33,4,350.68,1,350.69,5,350.7,3,350.77,1,350.89,1,351.44,1,351.45,2,351.46,3
2025-04-10 09:34:55,349.55,349.4,1,349.0,3,350.1,2,350.1,349.0,349.0,3,,,,,,,,,,,,,,,,,,,350.1,2,350.15,2,350.16,3,350.33,4,350.68,1,350.69,5,350.7,3,350.77,1,350.89,1,351.44,1
2025-04-10 09:34:56,349.55,349.4,1,349.0,4,350.1,4,350.1,349.0,349.0,4,,,,,,,,,,,,,,,,,,,350.1,4,350.15,2,350.16,3,350.33,4,350.68,1,350.69,5,350.7,3,350.77,1,350.89,1,351.44,1
2025-04-10 09:34:57,349.62,349.4,1,349.14,1,350.1,4,350.1,349.14,349.14,1,349.0,4,,,,,,,,,,,,,,,,,350.1,4,350.15,2,350.16,3,350.33,4,350.68,1,350.69,5,350.7,3,350.77,1,350.89,1,351.44,1
2025-04-10 09:34:58,349.62,349.4,1,349.14,2,350.1,4,350.1,349.14,349.14,2,349.0,4,,,,,,,,,,,,,,,,,350.1,4,350.15,2,350.16,3,350.33,4,350.68,1,350.69,5,350.7,3,350.77,1,350.89,1,351.44,1
2025-04-10 09:34:59,349.62,349.4,1,349.14,2,350.1,4,350.1,349.14,349.14,2,349.0,4,,,,,,,,,,,,,,,,,350.1,4,350.15,2,350.16,3,350.33,4,350.68,1,350.69,5,350.7,3,350.77,1,350.89,1,351.44,1
2025-04-10 09:35:00,349.62,349.62,1,349.14,2,350.1,4,350.1,349.14,349.14,2,349.0,4,,,,,,,,,,,,,,,,,350.1,4,350.15,2,350.16,3,350.33,4,350.68,1,350.69,5,350.7,3,350.77,1,350.89,1,351.44,1
2025-04-10 09:35:01,349.62,349.62,1,349.14,2,350.1,4,350.1,349.14,349.14,2,349.0,4,,,,,,,,,,,,,,,,,350.1,4,350.15,2,350.16,3,350.33,4,350.68,1,350.69,5,350.7,3,350.77,1,350.89,1,351.44,1
2025-04-10 09:35:02,349.67,349.62,1,349.24,2,350.1,5,350.1,349.24,349.24,2,349.14,2,349.0,4,,,,,,,,,,,,,,,350.1,5,350.15,2,350.16,3,350.33,4,350.68,1,350.69,5,350.7,3,350.77,1,350.89,1,351.44,1
2025-04-10 09:35:03,349.67,349.67,1,349.24,2,350.1,4,350.1,349.24,349.24,2,349.14,2,349.0,4,,,,,,,,,,,,,,,350.1,4,350.15,2,350.16,3,350.33,4,350.68,1,350.69,5,350.7,3,350.77,1,350.89,1,351.44,1
2025-04-10 09:35:04,349.62,349.62,1,349.14,2,350.1,4,350.1,349.14,349.14,2,349.0,4,,,,,,,,,,,,,,,,,350.1,4,350.15,2,350.16,3,350.33,4,350.68,1,350.69,5,350.7,3,350.77,1,350.89,1,351.44,1
2025-04-10 09:35:05,349.62,349.62,1,349.14,2,350.1,4,350.1,349.14,349.14,2,349.0,4,,,,,,,,,,,,,,,,,350.1,4,350.15,2,350.16,3,350.33,4,350.68,1,350.69,5,350.7,3,350.77,1,350.89,1,351.44,1
2025-04-10 09:35:06,349.62,349.62,1,349.14,2,350.1,4,350.1,349.14,349.14,2,349.0,4,,,,,,,,,,,,,,,,,350.1,4,350.15,2,350.16,3,350.33,4,350.68,1,350.69,5,350.7,3,350.77,1,350.89,1,351.44,1
2025-04-10 09:35:07,349.62,349.62,1,349.14,3,350.1,4,350.1,349.14,349.14,3,349.0,4,,,,,,,,,,,,,,,,,350.1,4,350.15,2,350.16,3,350.33,4,350.68,1,350.69,5,350.7,3,350.77,1,350.89,1,351.44,1
2025-04-10 09:35:08,349.625,349.62,1,349.15,1,350.1,4,350.1,349.15,349.15,1,349.14,3,349.0,4,,,,,,,,,,,,,,,350.1,4,350.15,2,350.16,3,350.33,4,350.68,1,350.69,5,350.7,3,350.77,1,350.89,1,351.44,1
2025-04-10 09:35:09,349.625,349.62,1,349.15,1,350.1,4,350.1,349.15,349.15,1,349.14,3,349.0,4,,,,,,,,,,,,,,,350.1,4,350.15,2,350.16,3,350.33,4,350.68,1,350.69,5,350.7,3,350.77,1,350.89,1,351.44,1
2025-04-10 09:35:10,349.625,349.62,1,349.15,1,350.1,4,350.1,349.15,349.15,1,349.14,3,349.0,4,,,,,,,,,,,,,,,350.1,4,350.15,2,350.16,3,350.33,4,350.68,1,350.69,5,350.7,3,350.77,1,350.89,1,351.44,1
2025-04-10 09:35:11,349.625,349.62,1,349.15,1,350.1,4,350.1,349.15,349.15,1,349.14,3,349.0,4,,,,,,,,,,,,,,,350.1,4,350.15,2,350.16,3,350.33,4,350.68,1,350.69,5,350.7,3,350.77,1,350.89,1,351.44,1
2025-04-10 09:35:12,349.625,349.62,1,349.15,1,350.1,4,350.1,349.15,349.15,1,349.14,3,349.0,4,,,,,,,,,,,,,,,350.1,4,350.15,2,350.16,3,350.33,4,350.68,1,350.69,5,350.7,3,350.77,1,350.89,1,351.44,1
2025-04-10 09:35:13,349.625,349.62,1,349.15,1,350.1,4,350.1,349.15,349.15,1,349.14,3,349.0,4,,,,,,,,,,,,,,,350.1,4,350.15,2,350.16,3,350.33,4,350.68,1,350.69,5,350.7,3,350.77,1,350.89,1,351.44,1
2025-04-10 09:35:14,349.625,349.62,1,349.15,1,350.1,4,350.1,349.15,349.15,1,349.14,3,349.0,4,,,,,,,,,,,,,,,350.1,4,350.15,2,350.16,3,350.33,4,350.68,1,350.69,5,350.7,3,350.77,1,350.89,1,351.44,1
2025-04-10 09:35:15,349.625,349.62,1,349.15,1,350.1,5,350.1,349.15,349.15,1,349.14,3,349.0,4,,,,,,,,,,,,,,,350.1,5,350.15,2,350.16,3,350.33,4,350.68,1,350.69,5,350.7,3,350.77,1,350.89,1,351.44,1
2025-04-10 09:35:16,349.625,349.62,1,349.15,1,350.1,5,350.1,349.15,349.15,1,349.14,3,349.0,4,,,,,,,,,,,,,,,350.1,5,350.15,2,350.16,3,350.33,4,350.68,1,350.69,5,350.7,3,350.77,1,350.89,1,351.44,1
2025-04-10 09:35:17,349.625,349.62,1,349.15,1,350.1,5,350.1,349.15,349.15,1,349.14,3,349.0,4,,,,,,,,,,,,,,,350.1,5,350.15,2,350.16,3,350.33,4,350.68,1,350.69,5,350.7,3,350.77,1,350.89,1,351.44,1
2025-04-10 09:35:18,349.625,349.59,1,349.15,2,350.1,5,350.1,349.15,349.15,2,349.14,3,349.0,4,,,,,,,,,,,,,,,350.1,5,350.15,2,350.16,3,350.33,4,350.68,1,350.69,5,350.7,3,350.77,1,350.89,1,351.44,1
2025-04-10 09:35:19,349.645,349.59,1,349.19,2,350.1,5,350.1,349.19,349.19,2,349.18,1,349.14,3,349.0,4,,,,,,,,,,,,,350.1,5,350.15,2,350.16,3,350.33,4,350.68,1,350.69,5,350.7,3,350.77,1,350.89,1,351.44,1
2025-04-10 09:35:20,349.55,349.37,1,349.0,4,350.1,1,350.1,349.0,349.0,4,,,,,,,,,,,,,,,,,,,350.1,1,350.13,1,350.15,2,350.16,3,350.33,4,350.68,1,350.69,5,350.7,3,350.77,1,350.89,1
2025-04-10 09:35:21,349.55,349.37,1,349.0,4,350.1,2,350.1,349.0,349.0,4,,,,,,,,,,,,,,,,,,,350.1,2,350.13,1,350.15,2,350.16,3,350.33,4,350.68,1,350.69,5,350.7,3,350.77,1,350.89,1
2025-04-10 09:35:22,349.55,349.37,1,349.0,4,350.1,2,350.1,349.0,349.0,4,,,,,,,,,,,,,,,,,,,350.1,2,350.13,1,350.15,2,350.16,3,350.33,4,350.68,1,350.69,5,350.7,3,350.77,1,350.89,1
2025-04-10 09:35:23,349.56,349.37,1,349.02,1,350.1,1,350.1,349.02,349.02,1,349.0,4,,,,,,,,,,,,,,,,,350.1,1,350.13,1,350.15,2,350.16,3,350.33,4,350.68,1,350.69,5,350.7,3,350.77,1,350.89,1
2025-04-10 09:35:24,349.575,349.37,1,349.05,1,350.1,2,350.1,349.05,349.05,1,349.04,1,349.02,1,349.0,4,,,,,,,,,,,,,350.1,2,350.13,1,350.15,2,350.16,3,350.33,4,350.68,1,350.69,5,350.7,3,350.77,1,350.89,1
2025-04-10 09:35:25,349.575,349.37,1,349.05,1,350.1,2,350.1,349.05,349.05,1,349.04,1,349.02,1,349.0,4,,,,,,,,,,,,,350.1,2,350.13,1,350.15,2,350.16,3,350.33,4,350.68,1,350.69,5,350.7,3,350.77,1,350.89,1
2025-04-10 09:35:26,349.585,349.37,1,349.08,1,350.09,1,350.09,349.08,349.08,1,349.05,1,349.04,1,349.02,1,349.0,4,,,,,,,,,,,350.09,1,350.1,2,350.13,1,350.15,2,350.16,3,350.33,4,350.68,1,350.69,5,350.7,3,350.77,1
2025-04-10 09:35:27,349.83,349.53,1,349.53,1,350.13,4,350.13,349.53,349.53,1,349.17,2,349.08,1,349.05,1,349.04,1,349.02,1,349.0,4,,,,,,,350.13,4,350.15,2,350.16,3,350.33,4,350.68,1,350.69,5,350.7,3,350.77,1,350.89,1,351.44,1
2025-04-10 09:35:28,349.48,349.54,3,349.17,4,349.79,1,349.79,349.17,349.17,4,349.08,1,349.05,1,349.04,1,349.02,1,349.0,4,,,,,,,,,349.79,1,350.15,3,350.16,3,350.33,4,350.68,1,350.69,5,350.7,3,350.77,1,350.89,1,351.44,1
2025-04-10 09:35:29,349.485,349.54,3,349.18,1,349.79,1,349.79,349.18,349.18,1,349.17,4,349.08,1,349.05,1,349.04,1,349.02,1,349.0,4,,,,,,,349.79,1,350.15,3,350.16,3,350.33,4,350.68,1,350.69,5,350.7,3,350.77,1,350.89,1,351.44,1
2025-04-10 09:35:30,349.485,349.49,1,349.18,1,349.79,1,349.79,349.18,349.18,1,349.17,4,349.08,1,349.05,1,349.04,1,349.02,1,349.0,4,,,,,,,349.79,1,350.15,3,350.16,3,350.33,4,350.68,1,350.69,5,350.7,3,350.77,1,350.89,1,351.44,1
2025-04-10 09:35:31,349.485,349.49,1,349.18,1,349.79,1,349.79,349.18,349.18,1,349.17,4,349.08,1,349.05,1,349.04,1,349.02,1,349.0,4,,,,,,,349.79,1,350.15,3,350.16,3,350.33,4,350.68,1,350.69,5,350.7,3,350.77,1,350.89,1,351.44,1
2025-04-10 09:35:32,349.485,349.49,1,349.18,1,349.79,1,349.79,349.18,349.18,1,349.17,4,349.08,1,349.05,1,349.04,1,349.02,1,349.0,4,,,,,,,349.79,1,350.15,3,350.16,3,350.33,4,350.68,1,350.69,5,350.7,3,350.77,1,350.89,1,351.44,1
2025-04-10 09:35:33,349.485,349.49,1,349.18,1,349.79,2,349.79,349.18,349.18,1,349.17,4,349.08,1,349.05,1,349.04,1,349.02,1,349.0,4,,,,,,,349.79,2,350.15,3,350.16,3,350.33,4,350.68,1,350.69,5,350.7,3,350.77,1,350.89,1,351.44,1
2025-04-10 09:35:34,349.485,349.49,1,349.18,1,349.79,2,349.79,349.18,349.18,1,349.17,4,349.08,1,349.05,1,349.04,1,349.02,1,349.0,4,,,,,,,349.79,2,350.15,3,350.16,3,350.33,4,350.68,1,350.69,5,350.7,3,350.77,1,350.89,1,351.44,1
2025-04-10 09:35:35,349.485,349.49,1,349.18,1,349.79,2,349.79,349.18,349.18,1,349.17,4,349.08,1,349.05,1,349.04,1,349.02,1,349.0,4,,,,,,,349.79,2,350.15,3,350.16,3,350.33,4,350.68,1,350.69,5,350.7,3,350.77,1,350.89,1,351.44,1
2025-04-10 09:35:36,349.485,349.49,1,349.18,1,349.79,2,349.79,349.18,349.18,1,349.17,4,349.08,1,349.05,1,349.04,1,349.02,1,349.0,4,,,,,,,349.79,2,350.15,3,350.16,3,350.33,4,350.68,1,350.69,5,350.7,3,350.77,1,350.89,1,351.44,1
2025-04-10 09:35:37,349.485,349.49,1,349.18,1,349.79,2,349.79,349.18,349.18,1,349.17,4,349.08,1,349.05,1,349.04,1,349.02,1,349.0,4,,,,,,,349.79,2,350.15,3,350.16,3,350.33,4,350.68,1,350.69,5,350.7,3,350.77,1,350.89,1,351.44,1
2025-04-10 09:35:38,349.82,349.79,1,349.32,2,350.32,2,350.32,349.32,349.32,2,349.25,1,349.18,2,349.17,4,349.08,1,349.05,1,349.04,1,349.02,1,349.0,4,,,350.32,2,350.68,1,350.69,1,350.9,1,351.44,1,351.45,2,351.46,3,351.65,1,351.79,1,351.83,10
2025-04-10 09:35:39,349.825,349.97,1,349.33,3,350.32,2,350.32,349.33,349.33,3,349.32,2,349.25,1,349.18,2,349.17,4,349.08,1,349.05,1,349.04,1,349.02,1,349.0,4,350.32,2,350.68,1,350.69,1,350.9,1,351.44,1,351.45,2,351.46,3,351.65,1,351.79,1,351.83,10
2025-04-10 09:35:40,349.915,349.97,1,349.51,1,350.32,2,350.32,349.51,349.51,1,349.33,3,349.32,2,349.25,1,349.18,2,349.17,4,349.08,1,349.05,1,349.04,1,349.02,1,350.32,2,350.68,1,350.69,1,350.9,1,351.44,1,351.45,2,351.46,3,351.65,1,351.79,1,351.83,10
2025-04-10 09:35:41,349.915,349.97,1,349.51,1,350.32,2,350.32,349.51,349.51,1,349.33,3,349.32,2,349.25,1,349.18,2,349.17,4,349.08,1,349.05,1,349.04,1,349.02,1,350.32,2,350.68,1,350.69,1,350.9,1,351.44,1,351.45,2,351.46,3,351.65,1,351.79,1,351.83,10
2025-04-10 09:35:42,349.925,349.97,1,349.53,1,350.32,2,350.32,349.53,349.53,1,349.51,1,349.33,3,349.32,2,349.25,1,349.18,2,349.17,4,349.08,1,349.05,1,349.04,1,350.32,2,350.68,1,350.69,1,350.9,1,351.44,1,351.45,2,351.46,3,351.65,1,351.79,1,351.83,10
2025-04-10 09:35:43,350.01,349.97,1,349.53,2,350.49,1,350.49,349.53,349.53,2,349.51,1,349.33,3,349.32,2,349.25,1,349.18,2,349.17,4,349.08,1,349.05,1,349.04,1,350.49,1,350.68,1,350.69,1,350.9,1,351.44,1,351.45,2,351.46,3,351.65,1,351.79,1,351.83,10
2025-04-10 09:35:44,350.01,349.97,1,349.53,2,350.49,2,350.49,349.53,349.53,2,349.51,1,349.33,3,349.32,2,349.25,1,349.18,2,349.17,4,349.08,1,349.05,1,349.04,1,350.49,2,350.68,1,350.69,1,350.9,1,351.44,1,351.45,2,351.46,3,351.65,1,351.79,1,351.83,10
2025-04-10 09:35:45,350.02,349.97,1,349.55,2,350.49,2,350.49,349.55,349.55,2,349.53,2,349.51,1,349.33,3,349.32,2,349.25,1,349.18,2,349.17,4,349.08,1,349.05,1,350.49,2,350.68,1,350.69,1,350.9,1,351.44,1,351.45,2,351.46,3,351.65,1,351.79,1,351.83,10
2025-04-10 09:35:46,350.03,349.82,1,349.57,2,350.49,2,350.49,349.57,349.57,2,349.55,2,349.53,2,349.51,1,349.33,3,349.32,2,349.25,1,349.18,2,349.17,4,349.08,1,350.49,2,350.68,1,350.69,1,350.9,1,351.44,1,351.45,2,351.46,3,351.65,1,351.79,1,351.83,10
2025-04-10 09:35:47,350.035,349.82,1,349.58,2,350.49,2,350.49,349.58,349.58,2,349.57,2,349.55,2,349.53,2,349.51,1,349.33,3,349.32,2,349.25,1,349.18,2,349.17,4,350.49,2,350.68,1,350.69,1,350.9,1,351.44,1,351.45,2,351.46,3,351.65,1,351.79,1,351.83,10
2025-04-10 09:35:48,350.065,349.82,1,349.64,2,350.49,2,350.49,349.64,349.64,2,349.58,2,349.57,2,349.55,2,349.53,2,349.51,1,349.33,3,349.32,2,349.25,1,349.18,2,350.49,2,350.68,1,350.69,1,350.9,1,351.44,1,351.45,2,351.46,3,351.65,1,351.79,1,351.83,10
2025-04-10 09:35:49,350.165,350.08,2,349.67,2,350.66,1,350.66,349.67,349.67,2,349.65,1,349.64,2,349.58,2,349.57,2,349.55,2,349.53,2,349.51,1,349.33,3,349.32,2,350.66,1,350.69,1,350.9,1,351.44,1,351.45,2,351.46,3,351.65,1,351.79,1,351.83,10,351.99,12
2025-04-10 09:35:50,350.175,350.08,2,349.69,2,350.66,1,350.66,349.69,349.69,2,349.68,1,349.67,2,349.65,1,349.64,2,349.58,2,349.57,2,349.55,2,349.53,2,349.51,1,350.66,1,350.69,1,350.9,1,351.44,1,351.45,2,351.46,3,351.65,1,351.79,1,351.83,10,351.99,12
2025-04-10 09:35:51,350.175,350.08,2,349.69,2,350.66,2,350.66,349.69,349.69,2,349.68,1,349.67,2,349.65,1,349.64,2,349.58,2,349.57,2,349.55,2,349.53,2,349.51,1,350.66,2,350.69,1,350.9,1,351.44,1,351.45,2,351.46,3,351.65,1,351.79,1,351.83,10,351.99,12
2025-04-10 09:35:52,350.195,350.08,2,349.73,1,350.66,2,350.66,349.73,349.73,1,349.68,1,349.67,2,349.65,1,349.64,2,349.58,2,349.57,2,349.55,2,349.53,2,349.51,1,350.66,2,350.69,1,350.9,1,351.44,1,351.45,2,351.46,3,351.65,1,351.79,1,351.83,10,351.99,12
2025-04-10 09:35:53,350.28,350.22,1,349.87,1,350.69,1,350.69,349.87,349.87,1,349.74,2,349.73,1,349.68,1,349.67,2,349.65,1,349.64,2,349.58,2,349.57,2,349.55,2,350.69,1,350.9,1,351.44,1,351.45,2,351.46,3,351.65,1,351.79,1,351.83,10,351.99,12,352.12,10
2025-04-10 09:35:54,350.285,350.28,2,349.88,1,350.69,1,350.69,349.88,349.88,1,349.86,1,349.85,4,349.74,2,349.73,1,349.68,1,349.67,2,349.65,1,349.64,2,349.58,2,350.69,1,350.9,1,351.44,1,351.45,2,351.46,3,351.65,1,351.79,1,351.83,10,351.99,12,352.12,10
2025-04-10 09:35:55,350.29,350.28,2,349.89,1,350.69,1,350.69,349.89,349.89,1,349.88,1,349.87,1,349.86,1,349.85,4,349.74,2,349.73,1,349.68,1,349.67,2,349.65,1,350.69,1,350.9,1,351.44,1,351.45,2,351.46,3,351.65,1,351.79,1,351.83,10,351.99,12,352.12,10
2025-04-10 09:35:56,350.46,350.46,1,349.92,2,351.0,1,351.0,349.92,349.92,2,349.91,2,349.89,2,349.88,1,349.87,1,349.86,1,349.85,4,349.74,2,349.73,1,349.68,1,351.0,1,351.44,1,351.45,2,351.46,3,351.65,1,351.79,1,351.83,10,351.99,12,352.12,10,352.32,11
2025-04-10 09:35:57,350.46,350.46,1,349.92,2,351.0,3,351.0,349.92,349.92,2,349.91,2,349.89,2,349.88,1,349.87,1,349.86,1,349.85,4,349.74,2,349.73,1,349.68,1,351.0,3,351.44,1,351.45,2,351.46,3,351.65,1,351.79,1,351.83,10,351.99,12,352.12,10,352.32,11
2025-04-10 09:35:58,350.435,350.46,1,349.93,1,350.94,2,350.94,349.93,349.93,1,349.92,2,349.91,2,349.89,2,349.88,1,349.87,1,349.86,1,349.85,4,349.74,2,349.73,1,350.94,2,351.0,3,351.44,1,351.45,2,351.46,3,351.65,1,351.79,1,351.83,10,351.99,12,352.12,10
2025-04-10 09:35:59,350.44,350.94,1,349.94,2,350.94,2,350.94,349.94,349.94,2,349.93,2,349.92,2,349.91,2,349.89,2,349.88,1,349.87,1,349.86,1,349.85,4,349.74,2,350.94,2,351.0,3,351.44,1,351.45,2,351.46,3,351.65,1,351.79,1,351.83,10,351.99,12,352.12,10
2025-04-10 09:36:00,350.445,350.94,1,349.95,2,350.94,2,350.94,349.95,349.95,2,349.94,2,349.93,2,349.92,2,349.91,2,349.89,2,349.88,1,349.87,1,349.86,1,349.85,4,350.94,2,351.0,3,351.44,1,351.45,2,351.46,3,351.65,1,351.79,1,351.83,10,351.99,12,352.12,10
2025-04-10 09:36:01,350.47,350.94,1,350.0,1,350.94,7,350.94,350.0,350.0,1,349.99,2,349.98,1,349.95,2,349.94,2,349.93,2,349.92,2,349.91,2,349.89,2,349.88,1,350.94,7,351.0,3,351.44,1,351.45,2,351.46,3,351.65,1,351.79,1,351.83,10,351.99,12,352.12,10
2025-04-10 09:36:02,350.47,350.94,1,350.0,2,350.94,7,350.94,350.0,350.0,2,349.99,2,349.98,1,349.95,2,349.94,2,349.93,2,349.92,2,349.91,2,349.89,2,349.88,1,350.94,7,351.0,3,351.44,1,351.45,2,351.46,3,351.65,1,351.79,1,351.83,10,351.99,12,352.12,10
2025-04-10 09:36:03,350.475,350.48,1,350.02,4,350.93,1,350.93,350.02,350.02,4,350.01,4,350.0,5,349.99,2,349.98,1,349.95,2,349.94,2,349.93,2,349.92,2,349.91,2,350.93,1,350.94,7,351.0,3,351.44,1,351.45,2,351.46,3,351.65,1,351.79,1,351.83,10,351.99,12
2025-04-10 09:36:04,350.645,350.65,1,350.36,3,350.93,1,350.93,350.36,350.36,3,350.31,1,350.02,5,350.01,4,350.0,5,349.99,2,349.98,1,349.95,2,349.94,2,349.93,2,350.93,1,350.94,7,351.0,3,351.44,1,351.45,2,351.46,3,351.65,1,351.79,1,351.83,10,351.99,12
2025-04-10 09:36:05,350.645,350.65,2,350.36,4,350.93,1,350.93,350.36,350.36,4,350.31,1,350.02,5,350.01,4,350.0,5,349.99,2,349.98,1,349.95,2,349.94,2,349.93,2,350.93,1,350.94,7,351.0,3,351.44,1,351.45,2,351.46,3,351.65,1,351.79,1,351.83,10,351.99,12
2025-04-10 09:36:06,350.645,350.38,1,350.36,4,350.93,1,350.93,350.36,350.36,4,350.31,1,350.02,5,350.01,4,350.0,5,349.99,2,349.98,1,349.95,2,349.94,2,349.93,2,350.93,1,350.94,7,351.0,3,351.44,1,351.45,2,351.46,3,351.65,1,351.79,1,351.83,10,351.99,12
2025-04-10 09:36:07,350.645,350.38,1,350.36,5,350.93,1,350.93,350.36,350.36,5,350.31,1,350.02,5,350.01,4,350.0,5,349.99,2,349.98,1,349.95,2,349.94,2,349.93,2,350.93,1,350.94,7,351.0,3,351.44,1,351.45,2,351.46,3,351.65,1,351.79,1,351.83,10,351.99,12
2025-04-10 09:36:08,350.665,350.38,1,350.4,2,350.93,1,350.93,350.4,350.4,2,350.36,5,350.31,1,350.02,5,350.01,4,350.0,5,349.99,2,349.98,1,349.95,2,349.94,2,350.93,1,350.94,7,351.0,3,351.44,1,351.45,2,351.46,3,351.65,1,351.79,1,351.83,10,351.99,12
2025-04-10 09:36:09,350.665,350.38,1,350.4,2,350.93,1,350.93,350.4,350.4,2,350.36,5,350.31,1,350.02,5,350.01,4,350.0,5,349.99,2,349.98,1,349.95,2,349.94,2,350.93,1,350.94,7,351.0,3,351.44,1,351.45,2,351.46,3,351.65,1,351.79,1,351.83,10,351.99,12
2025-04-10 09:36:10,350.665,350.38,1,350.4,2,350.93,1,350.93,350.4,350.4,2,350.36,5,350.31,1,350.02,5,350.01,4,350.0,5,349.99,2,349.98,1,349.95,2,349.94,2,350.93,1,350.94,7,351.0,3,351.44,1,351.45,2,351.46,3,351.65,1,351.79,1,351.83,10,351.99,12
2025-04-10 09:36:11,350.73,350.41,1,350.4,3,351.06,2,351.06,350.4,350.4,3,350.36,5,350.31,1,350.02,5,350.01,4,350.0,5,349.99,2,349.98,1,349.95,2,349.94,2,351.06,2,351.44,1,351.45,2,351.46,3,351.65,1,351.79,1,351.83,10,351.99,12,352.12,10,352.32,11
2025-04-10 09:36:12,350.42,350.29,1,350.02,4,350.82,4,350.82,350.02,350.02,4,349.96,1,349.82,3,349.74,2,349.73,1,349.68,1,349.67,2,349.65,1,349.64,2,349.58,2,350.82,4,350.86,1,350.93,1,351.06,3,351.44,1,351.45,2,351.46,3,351.65,1,351.79,1,351.83,10
2025-04-10 09:36:13,350.42,350.29,1,350.02,4,350.82,5,350.82,350.02,350.02,4,349.96,1,349.82,3,349.74,2,349.73,1,349.68,1,349.67,2,349.65,1,349.64,2,349.58,2,350.82,5,350.86,1,350.93,1,351.06,3,351.44,1,351.45,2,351.46,3,351.65,1,351.79,1,351.83,10
2025-04-10 09:36:14,350.465,350.29,1,350.11,1,350.82,5,350.82,350.11,350.11,1,350.02,4,349.96,1,349.82,3,349.74,2,349.73,1,349.68,1,349.67,2,349.65,1,349.64,2,350.82,5,350.86,1,350.93,1,351.06,3,351.44,1,351.45,2,351.46,3,351.65,1,351.79,1,351.83,10
2025-04-10 09:36:15,350.49,350.52,1,350.11,2,350.87,1,350.87,350.11,350.11,2,350.02,4,349.96,1,349.82,3,349.74,2,349.73,1,349.68,1,349.67,2,349.65,1,349.64,2,350.87,1,350.93,1,351.06,3,351.44,1,351.45,2,351.46,3,351.65,1,351.79,1,351.83,10,351.99,12
2025-04-10 09:36:16,350.59,350.61,1,350.31,1,350.87,3,350.87,350.31,350.31,1,350.2,1,350.09,1,350.02,4,349.96,1,349.82,3,349.74,2,349.73,1,349.68,1,349.67,2,350.87,3,350.93,1,351.06,3,351.44,1,351.45,2,351.46,3,351.65,1,351.79,1,351.83,10,351.99,12
2025-04-10 09:36:17,351.025,350.69,1,350.47,2,351.58,1,351.58,350.47,350.47,2,350.34,1,350.29,1,350.23,1,350.2,1,350.09,1,350.02,4,349.96,1,349.82,3,349.74,2,351.58,1,351.65,1,351.79,1,351.83,10,351.99,12,352.12,10,352.32,11,352.42,9,352.82,3,353.0,12
2025-04-10 09:36:18,351.12,351.12,1,350.63,2,351.61,1,351.61,350.63,350.63,2,350.62,2,350.49,4,350.48,2,350.47,2,350.34,1,350.29,1,350.23,1,350.2,1,350.09,1,351.61,1,351.62,1,351.63,1,351.65,1,351.79,1,351.83,10,351.99,12,352.12,10,352.32,11,352.42,9
2025-04-10 09:36:19,351.21,351.06,1,350.64,5,351.78,1,351.78,350.64,350.64,5,350.63,2,350.62,2,350.49,4,350.48,2,350.47,2,350.34,1,350.29,1,350.23,1,350.2,1,351.78,1,351.79,1,351.83,10,351.99,12,352.12,10,352.32,11,352.42,9,352.82,3,353.0,12,,
2025-04-10 09:36:20,351.215,351.06,1,350.65,1,351.78,1,351.78,350.65,350.65,1,350.64,3,350.63,2,350.62,2,350.49,4,350.48,2,350.47,2,350.34,1,350.29,1,350.23,1,351.78,1,351.79,1,351.83,10,351.99,12,352.12,10,352.32,11,352.42,9,352.82,3,353.0,12,,
2025-04-10 09:36:21,351.22,351.22,1,350.66,7,351.78,2,351.78,350.66,350.66,7,350.65,5,350.64,3,350.63,2,350.62,2,350.49,4,350.48,2,350.47,2,350.34,1,350.29,1,351.78,2,351.79,1,351.83,10,351.99,12,352.12,10,352.32,11,352.42,9,352.82,3,353.0,12,,
2025-04-10 09:36:22,351.225,351.22,1,350.67,6,351.78,2,351.78,350.67,350.67,6,350.66,8,350.65,5,350.64,3,350.63,2,350.62,2,350.49,4,350.48,2,350.47,2,350.34,1,351.78,2,351.79,1,351.83,10,351.99,12,352.12,10,352.32,11,352.42,9,352.82,3,353.0,12,,
2025-04-10 09:36:23,351.23,351.58,1,350.68,3,351.78,2,351.78,350.68,350.68,3,350.67,4,350.66,8,350.65,5,350.64,3,350.63,2,350.62,2,350.49,4,350.48,2,350.47,2,351.78,2,351.79,1,351.83,10,351.99,12,352.12,10,352.32,11,352.42,9,352.82,3,353.0,12,,
2025-04-10 09:36:24,351.23,351.58,1,350.68,3,351.78,2,351.78,350.68,350.68,3,350.67,4,350.66,8,350.65,5,350.64,3,350.63,2,350.62,2,350.49,4,350.48,2,350.47,2,351.78,2,351.79,1,351.83,10,351.99,12,352.12,10,352.32,11,352.42,9,352.82,3,353.0,12,,
2025-04-10 09:36:25,351.23,350.83,1,350.68,2,351.78,2,351.78,350.68,350.68,2,350.67,4,350.66,8,350.65,5,350.64,3,350.63,2,350.62,2,350.49,4,350.48,2,350.47,2,351.78,2,351.79,1,351.83,10,351.99,12,352.12,10,352.32,11,352.42,9,352.82,3,353.0,12,,
2025-04-10 09:36:26,351.235,350.83,1,350.69,3,351.78,2,351.78,350.69,350.69,3,350.68,2,350.67,4,350.66,8,350.65,5,350.64,3,350.63,2,350.62,2,350.49,4,350.48,2,351.78,2,351.79,1,351.83,10,351.99,12,352.12,10,352.32,11,352.42,9,352.82,3,353.0,12,,
2025-04-10 09:36:27,351.24,350.83,1,350.7,1,351.78,2,351.78,350.7,350.7,1,350.69,3,350.68,2,350.67,4,350.66,8,350.65,5,350.64,3,350.63,2,350.62,2,350.49,4,351.78,2,351.79,1,351.83,10,351.99,12,352.12,10,352.32,11,352.42,9,352.82,3,353.0,12,,
2025-04-10 09:36:28,351.24,350.71,1,350.7,4,351.78,2,351.78,350.7,350.7,4,350.69,3,350.68,2,350.67,4,350.66,8,350.65,5,350.64,3,350.63,2,350.62,2,350.49,4,351.78,2,351.79,1,351.83,10,351.99,12,352.12,10,352.32,11,352.42,9,352.82,3,353.0,12,,
2025-04-10 09:36:29,351.24,350.71,1,350.7,4,351.78,2,351.78,350.7,350.7,4,350.69,3,350.68,2,350.67,4,350.66,8,350.65,5,350.64,3,350.63,2,350.62,2,350.49,4,351.78,2,351.79,1,351.83,10,351.99,12,352.12,10,352.32,11,352.42,9,352.82,3,353.0,12,,
2025-04-10 09:36:30,351.24,350.71,1,350.7,4,351.78,2,351.78,350.7,350.7,4,350.69,3,350.68,2,350.67,4,350.66,8,350.65,5,350.64,3,350.63,2,350.62,2,350.49,4,351.78,2,351.79,1,351.83,10,351.99,12,352.12,10,352.32,11,352.42,9,352.82,3,353.0,12,,
2025-04-10 09:36:31,350.915,350.59,1,350.3,1,351.53,1,351.53,350.3,350.3,1,350.12,1,349.82,5,349.74,2,349.73,1,349.68,1,349.67,2,349.65,1,349.64,2,349.58,2,351.53,1,351.69,4,351.7,2,351.78,2,351.79,1,351.83,10,351.99,12,352.12,10,352.32,11,352.42,9
2025-04-10 09:36:32,350.915,350.59,1,350.3,1,351.53,1,351.53,350.3,350.3,1,350.12,1,349.82,5,349.74,2,349.73,1,349.68,1,349.67,2,349.65,1,349.64,2,349.58,2,351.53,1,351.69,4,351.7,2,351.78,2,351.79,1,351.83,10,351.99,12,352.12,10,352.32,11,352.42,9
2025-04-10 09:36:33,350.915,350.59,1,350.3,1,351.53,1,351.53,350.3,350.3,1,350.12,1,349.82,5,349.74,2,349.73,1,349.68,1,349.67,2,349.65,1,349.64,2,349.58,2,351.53,1,351.69,4,351.7,2,351.78,2,351.79,1,351.83,10,351.99,12,352.12,10,352.32,11,352.42,9
2025-04-10 09:36:34,350.915,350.59,1,350.3,1,351.53,1,351.53,350.3,350.3,1,350.12,1,349.82,5,349.74,2,349.73,1,349.68,1,349.67,2,349.65,1,349.64,2,349.58,2,351.53,1,351.69,4,351.7,2,351.78,2,351.79,1,351.83,10,351.99,12,352.12,10,352.32,11,352.42,9
2025-04-10 09:36:35,350.915,350.59,1,350.3,1,351.53,1,351.53,350.3,350.3,1,350.12,1,349.82,5,349.74,2,349.73,1,349.68,1,349.67,2,349.65,1,349.64,2,349.58,2,351.53,1,351.69,4,351.7,2,351.78,2,351.79,1,351.83,10,351.99,12,352.12,10,352.32,11,352.42,9
2025-04-10 09:36:36,350.68,350.68,1,350.3,1,351.06,3,351.06,350.3,350.3,1,350.12,1,349.82,5,349.74,2,349.73,1,349.68,1,349.67,2,349.65,1,349.64,2,349.58,2,351.06,3,351.52,1,351.53,1,351.69,4,351.7,2,351.78,2,351.79,1,351.83,10,351.99,12,352.12,10
2025-04-10 09:36:37,350.68,350.68,1,350.3,1,351.06,3,351.06,350.3,350.3,1,350.12,1,349.82,5,349.74,2,349.73,1,349.68,1,349.67,2,349.65,1,349.64,2,349.58,2,351.06,3,351.52,1,351.53,1,351.69,4,351.7,2,351.78,2,351.79,1,351.83,10,351.99,12,352.12,10
2025-04-10 09:36:38,350.68,350.68,1,350.3,1,351.06,3,351.06,350.3,350.3,1,350.12,1,349.82,5,349.74,2,349.73,1,349.68,1,349.67,2,349.65,1,349.64,2,349.58,2,351.06,3,351.52,1,351.53,1,351.69,4,351.7,2,351.78,2,351.79,1,351.83,10,351.99,12,352.12,10
2025-04-10 09:36:39,350.68,350.68,1,350.3,1,351.06,3,351.06,350.3,350.3,1,350.12,1,349.82,5,349.74,2,349.73,1,349.68,1,349.67,2,349.65,1,349.64,2,349.58,2,351.06,3,351.52,1,351.53,1,351.69,4,351.7,2,351.78,2,351.79,1,351.83,10,351.99,12,352.12,10
2025-04-10 09:36:40,350.66,350.68,1,350.3,2,351.02,3,351.02,350.3,350.3,2,350.12,1,349.82,5,349.74,2,349.73,1,349.68,1,349.67,2,349.65,1,349.64,2,349.58,2,351.02,3,351.11,3,351.52,1,351.53,1,351.69,4,351.7,2,351.78,2,351.79,1,351.83,10,351.99,12
2025-04-10 09:36:41,350.66,350.68,1,350.3,2,351.02,3,351.02,350.3,350.3,2,350.12,1,349.82,5,349.74,2,349.73,1,349.68,1,349.67,2,349.65,1,349.64,2,349.58,2,351.02,3,351.11,3,351.52,1,351.53,1,351.69,4,351.7,2,351.78,2,351.79,1,351.83,10,351.99,12
2025-04-10 09:36:42,350.755,350.68,1,350.42,1,351.09,1,351.09,350.42,350.42,1,350.3,2,350.12,1,349.82,5,349.74,2,349.73,1,349.68,1,349.67,2,349.65,1,349.64,2,351.09,1,351.11,4,351.52,1,351.53,1,351.69,4,351.7,2,351.78,2,351.79,1,351.83,10,351.99,12
2025-04-10 09:36:43,350.755,350.68,1,350.42,1,351.09,3,351.09,350.42,350.42,1,350.3,2,350.12,1,349.82,5,349.74,2,349.73,1,349.68,1,349.67,2,349.65,1,349.64,2,351.09,3,351.11,4,351.52,1,351.53,1,351.69,4,351.7,2,351.78,2,351.79,1,351.83,10,351.99,12
2025-04-10 09:36:44,350.755,350.68,1,350.42,1,351.09,3,351.09,350.42,350.42,1,350.3,2,350.12,1,349.82,5,349.74,2,349.73,1,349.68,1,349.67,2,349.65,1,349.64,2,351.09,3,351.11,4,351.52,1,351.53,1,351.69,4,351.7,2,351.78,2,351.79,1,351.83,10,351.99,12
2025-04-10 09:36:45,350.765,350.68,1,350.44,2,351.09,3,351.09,350.44,350.44,2,350.42,1,350.3,2,350.12,1,349.82,5,349.74,2,349.73,1,349.68,1,349.67,2,349.65,1,351.09,3,351.11,4,351.52,1,351.53,1,351.69,4,351.7,2,351.78,2,351.79,1,351.83,10,351.99,12
2025-04-10 09:36:46,350.77,350.68,1,350.45,1,351.09,3,351.09,350.45,350.45,1,350.44,2,350.42,1,350.3,2,350.12,1,349.82,5,349.74,2,349.73,1,349.68,1,349.67,2,351.09,3,351.11,4,351.52,1,351.53,1,351.69,4,351.7,2,351.78,2,351.79,1,351.83,10,351.99,12
2025-04-10 09:36:47,350.775,350.68,1,350.46,1,351.09,3,351.09,350.46,350.46,1,350.45,1,350.44,2,350.42,1,350.3,2,350.12,1,349.82,5,349.74,2,349.73,1,349.68,1,351.09,3,351.11,4,351.52,1,351.53,1,351.69,4,351.7,2,351.78,2,351.79,1,351.83,10,351.99,12
2025-04-10 09:36:48,350.785,350.68,1,350.46,1,351.11,4,351.11,350.46,350.46,1,350.45,1,350.44,2,350.42,1,350.3,2,350.12,1,349.82,5,349.74,2,349.73,1,349.68,1,351.11,4,351.52,1,351.53,1,351.69,4,351.7,2,351.78,2,351.79,1,351.83,10,351.99,12,352.12,10
2025-04-10 09:36:49,350.86,350.86,1,350.61,1,351.11,4,351.11,350.61,350.61,1,350.46,1,350.45,1,350.44,2,350.42,1,350.3,2,350.12,1,349.82,5,349.74,2,349.73,1,351.11,4,351.52,1,351.53,1,351.69,4,351.7,2,351.78,2,351.79,1,351.83,10,351.99,12,352.12,10
2025-04-10 09:36:50,350.86,350.86,1,350.61,1,351.11,4,351.11,350.61,350.61,1,350.46,1,350.45,1,350.44,2,350.42,1,350.3,2,350.12,1,349.82,5,349.74,2,349.73,1,351.11,4,351.52,1,351.53,1,351.69,4,351.7,2,351.78,2,351.79,1,351.83,10,351.99,12,352.12,10
2025-04-10 09:36:51,350.86,350.86,1,350.61,2,351.11,4,351.11,350.61,350.61,2,350.46,1,350.45,1,350.44,2,350.42,1,350.3,2,350.12,1,349.82,5,349.74,2,349.73,1,351.11,4,351.52,1,351.53,1,351.69,4,351.7,2,351.78,2,351.79,1,351.83,10,351.99,12,352.12,10
2025-04-10 09:36:52,350.86,350.86,1,350.61,2,351.11,4,351.11,350.61,350.61,2,350.46,1,350.45,1,350.44,2,350.42,1,350.3,2,350.12,1,349.82,5,349.74,2,349.73,1,351.11,4,351.52,1,351.53,1,351.69,4,351.7,2,351.78,2,351.79,1,351.83,10,351.99,12,352.12,10
2025-04-10 09:36:53,350.86,350.86,1,350.61,2,351.11,4,351.11,350.61,350.61,2,350.46,1,350.45,1,350.44,2,350.42,1,350.3,2,350.12,1,349.82,5,349.74,2,349.73,1,351.11,4,351.52,1,351.53,1,351.69,4,351.7,2,351.78,2,351.79,1,351.83,10,351.99,12,352.12,10
2025-04-10 09:36:54,350.86,350.86,1,350.61,2,351.11,4,351.11,350.61,350.61,2,350.46,1,350.45,1,350.44,2,350.42,1,350.3,2,350.12,1,349.82,5,349.74,2,349.73,1,351.11,4,351.52,1,351.53,1,351.69,4,351.7,2,351.78,2,351.79,1,351.83,10,351.99,12,352.12,10
2025-04-10 09:36:55,350.86,351.0,1,350.61,2,351.11,4,351.11,350.61,350.61,2,350.46,1,350.45,1,350.44,2,350.42,1,350.3,2,350.12,1,349.82,5,349.74,2,349.73,1,351.11,4,351.52,1,351.53,1,351.69,4,351.7,2,351.78,2,351.79,1,351.83,10,351.99,12,352.12,10
2025-04-10 09:36:56,350.86,351.0,1,350.61,2,351.11,4,351.11,350.61,350.61,2,350.46,1,350.45,1,350.44,2,350.42,1,350.3,2,350.12,1,349.82,5,349.74,2,349.73,1,351.11,4,351.52,1,351.53,1,351.69,4,351.7,2,351.78,2,351.79,1,351.83,10,351.99,12,352.12,10
2025-04-10 09:36:57,350.86,350.86,1,350.61,2,351.11,4,351.11,350.61,350.61,2,350.46,1,350.45,1,350.44,2,350.42,1,350.3,2,350.12,1,349.82,5,349.74,2,349.73,1,351.11,4,351.52,1,351.53,1,351.69,4,351.7,2,351.78,2,351.79,1,351.83,10,351.99,12,352.12,10
2025-04-10 09:36:58,350.86,350.86,1,350.61,2,351.11,4,351.11,350.61,350.61,2,350.46,1,350.45,1,350.44,2,350.42,1,350.3,2,350.12,1,349.82,5,349.74,2,349.73,1,351.11,4,351.52,1,351.53,1,351.69,4,351.7,2,351.78,2,351.79,1,351.83,10,351.99,12,352.12,10
2025-04-10 09:36:59,350.86,350.86,1,350.61,2,351.11,4,351.11,350.61,350.61,2,350.46,1,350.45,1,350.44,2,350.42,1,350.3,2,350.12,1,349.82,5,349.74,2,349.73,1,351.11,4,351.52,1,351.53,1,351.69,4,351.7,2,351.78,2,351.79,1,351.83,10,351.99,12,352.12,10
2025-04-10 09:37:00,350.86,350.86,1,350.61,2,351.11,4,351.11,350.61,350.61,2,350.46,1,350.45,1,350.44,2,350.42,1,350.3,2,350.12,1,349.82,5,349.74,2,349.73,1,351.11,4,351.52,1,351.53,1,351.69,4,351.7,2,351.78,2,351.79,1,351.83,10,351.99,12,352.12,10
2025-04-10 09:37:01,350.81,350.6,1,350.51,1,351.11,6,351.11,350.51,350.51,1,350.46,1,350.45,1,350.44,2,350.42,1,350.3,2,350.12,1,349.82,5,349.74,2,349.73,1,351.11,6,351.52,1,351.53,1,351.69,4,351.7,2,351.78,2,351.79,1,351.83,10,351.99,12,352.12,10
2025-04-10 09:37:02,350.81,350.6,1,350.51,1,351.11,6,351.11,350.51,350.51,1,350.46,1,350.45,1,350.44,2,350.42,1,350.3,2,350.12,1,349.82,5,349.74,2,349.73,1,351.11,6,351.52,1,351.53,1,351.69,4,351.7,2,351.78,2,351.79,1,351.83,10,351.99,12,352.12,10
2025-04-10 09:37:03,350.755,350.56,1,350.51,1,351.0,1,351.0,350.51,350.51,1,350.46,1,350.45,1,350.44,2,350.42,1,350.3,2,350.12,1,349.82,5,349.74,2,349.73,1,351.0,1,351.11,6,351.52,1,351.53,1,351.69,4,351.7,2,351.78,2,351.79,1,351.83,10,351.99,12
2025-04-10 09:37:04,350.755,350.56,1,350.51,1,351.0,1,351.0,350.51,350.51,1,350.46,1,350.45,1,350.44,2,350.42,1,350.3,2,350.12,1,349.82,5,349.74,2,349.73,1,351.0,1,351.11,6,351.52,1,351.53,1,351.69,4,351.7,2,351.78,2,351.79,1,351.83,10,351.99,12
2025-04-10 09:37:05,350.2,350.42,1,349.68,1,350.72,2,350.72,349.68,349.68,1,349.67,2,349.65,1,349.64,2,349.58,2,349.57,2,349.55,2,349.53,2,349.51,1,349.33,3,350.72,2,350.73,1,350.99,1,351.0,3,351.11,6,351.52,1,351.53,1,351.69,4,351.7,2,351.78,2
2025-04-10 09:37:06,350.29,350.43,1,349.86,1,350.72,4,350.72,349.86,349.86,1,349.69,1,349.68,1,349.67,2,349.65,1,349.64,2,349.58,2,349.57,2,349.55,2,349.53,2,350.72,4,350.73,1,350.99,1,351.0,3,351.11,6,351.52,1,351.53,1,351.69,4,351.7,2,351.78,2
2025-04-10 09:37:07,350.29,350.67,1,349.86,1,350.72,4,350.72,349.86,349.86,1,349.69,1,349.68,1,349.67,2,349.65,1,349.64,2,349.58,2,349.57,2,349.55,2,349.53,2,350.72,4,350.73,1,350.99,1,351.0,3,351.11,6,351.52,1,351.53,1,351.69,4,351.7,2,351.78,2
2025-04-10 09:37:08,350.29,349.88,1,349.86,1,350.72,4,350.72,349.86,349.86,1,349.69,1,349.68,1,349.67,2,349.65,1,349.64,2,349.58,2,349.57,2,349.55,2,349.53,2,350.72,4,350.73,1,350.99,1,351.0,3,351.11,6,351.52,1,351.53,1,351.69,4,351.7,2,351.78,2
2025-04-10 09:37:09,350.36,350.39,1,350.0,5,350.72,4,350.72,350.0,350.0,5,349.86,1,349.69,1,349.68,1,349.67,2,349.65,1,349.64,2,349.58,2,349.57,2,349.55,2,350.72,4,350.73,1,350.99,1,351.0,3,351.11,6,351.52,1,351.53,1,351.69,4,351.7,2,351.78,2
2025-04-10 09:37:10,350.385,350.39,1,350.0,5,350.77,3,350.77,350.0,350.0,5,349.86,1,349.69,1,349.68,1,349.67,2,349.65,1,349.64,2,349.58,2,349.57,2,349.55,2,350.77,3,350.99,1,351.0,3,351.11,6,351.52,1,351.53,1,351.69,4,351.7,2,351.78,2,351.79,1
2025-04-10 09:37:11,350.385,350.12,1,350.0,5,350.77,3,350.77,350.0,350.0,5,349.86,1,349.69,1,349.68,1,349.67,2,349.65,1,349.64,2,349.58,2,349.57,2,349.55,2,350.77,3,350.99,1,351.0,3,351.11,6,351.52,1,351.53,1,351.69,4,351.7,2,351.78,2,351.79,1
2025-04-10 09:37:12,350.26,350.2,1,349.79,1,350.73,1,350.73,349.79,349.79,1,349.68,1,349.67,2,349.65,1,349.64,2,349.58,2,349.57,2,349.55,2,349.53,2,349.51,1,350.73,1,350.76,2,350.77,3,350.99,1,351.0,3,351.11,6,351.52,1,351.53,1,351.69,4,351.7,2
2025-04-10 09:37:13,350.26,350.2,1,349.79,2,350.73,1,350.73,349.79,349.79,2,349.68,1,349.67,2,349.65,1,349.64,2,349.58,2,349.57,2,349.55,2,349.53,2,349.51,1,350.73,1,350.76,2,350.77,3,350.99,1,351.0,3,351.11,6,351.52,1,351.53,1,351.69,4,351.7,2
2025-04-10 09:37:14,350.26,350.2,1,349.79,2,350.73,1,350.73,349.79,349.79,2,349.68,1,349.67,2,349.65,1,349.64,2,349.58,2,349.57,2,349.55,2,349.53,2,349.51,1,350.73,1,350.76,2,350.77,3,350.99,1,351.0,3,351.11,6,351.52,1,351.53,1,351.69,4,351.7,2
2025-04-10 09:37:15,350.205,350.2,1,349.68,2,350.73,1,350.73,349.68,349.68,2,349.67,2,349.65,1,349.64,2,349.58,2,349.57,2,349.55,2,349.53,2,349.51,1,349.33,3,350.73,1,350.76,2,350.77,3,350.99,1,351.0,3,351.11,6,351.52,1,351.53,1,351.69,4,351.7,2
2025-04-10 09:37:16,350.205,350.2,1,349.68,2,350.73,1,350.73,349.68,349.68,2,349.67,2,349.65,1,349.64,2,349.58,2,349.57,2,349.55,2,349.53,2,349.51,1,349.33,3,350.73,1,350.76,2,350.77,3,350.99,1,351.0,3,351.11,6,351.52,1,351.53,1,351.69,4,351.7,2
2025-04-10 09:37:17,350.205,350.2,1,349.68,2,350.73,1,350.73,349.68,349.68,2,349.67,2,349.65,1,349.64,2,349.58,2,349.57,2,349.55,2,349.53,2,349.51,1,349.33,3,350.73,1,350.76,2,350.77,3,350.99,1,351.0,3,351.11,6,351.52,1,351.53,1,351.69,4,351.7,2
2025-04-10 09:37:18,350.205,350.2,1,349.68,2,350.73,1,350.73,349.68,349.68,2,349.67,2,349.65,1,349.64,2,349.58,2,349.57,2,349.55,2,349.53,2,349.51,1,349.33,3,350.73,1,350.76,2,350.77,3,350.99,1,351.0,3,351.11,6,351.52,1,351.53,1,351.69,4,351.7,2
2025-04-10 09:37:19,350.205,350.2,1,349.68,2,350.73,1,350.73,349.68,349.68,2,349.67,2,349.65,1,349.64,2,349.58,2,349.57,2,349.55,2,349.53,2,349.51,1,349.33,3,350.73,1,350.76,2,350.77,3,350.99,1,351.0,3,351.11,6,351.52,1,351.53,1,351.69,4,351.7,2
2025-04-10 09:37:20,350.205,350.2,1,349.68,2,350.73,1,350.73,349.68,349.68,2,349.67,2,349.65,1,349.64,2,349.58,2,349.57,2,349.55,2,349.53,2,349.51,1,349.33,3,350.73,1,350.76,2,350.77,3,350.99,1,351.0,3,351.11,6,351.52,1,351.53,1,351.69,4,351.7,2
2025-04-10 09:37:21,350.205,350.2,1,349.68,2,350.73,1,350.73,349.68,349.68,2,349.67,2,349.65,1,349.64,2,349.58,2,349.57,2,349.55,2,349.53,2,349.51,1,349.33,3,350.73,1,350.76,2,350.77,3,350.99,1,351.0,3,351.11,6,351.52,1,351.53,1,351.69,4,351.7,2
2025-04-10 09:37:22,350.26,350.2,1,349.79,5,350.73,2,350.73,349.79,349.79,5,349.68,2,349.67,2,349.65,1,349.64,2,349.58,2,349.57,2,349.55,2,349.53,2,349.51,1,350.73,2,350.76,2,350.77,3,350.99,1,351.0,3,351.11,6,351.52,1,351.53,1,351.69,4,351.7,2
2025-04-10 09:37:23,350.135,350.2,1,349.79,5,350.48,1,350.48,349.79,349.79,5,349.68,2,349.67,2,349.65,1,349.64,2,349.58,2,349.57,2,349.55,2,349.53,2,349.51,1,350.48,1,350.66,1,350.73,2,350.76,2,350.77,3,350.99,1,351.0,3,351.11,6,351.52,1,351.53,1
2025-04-10 09:37:24,350.135,350.2,1,349.79,5,350.48,2,350.48,349.79,349.79,5,349.68,2,349.67,2,349.65,1,349.64,2,349.58,2,349.57,2,349.55,2,349.53,2,349.51,1,350.48,2,350.66,1,350.73,2,350.76,2,350.77,3,350.99,1,351.0,3,351.11,6,351.52,1,351.53,1
2025-04-10 09:37:25,350.125,349.8,1,349.79,3,350.46,2,350.46,349.79,349.79,3,349.68,2,349.67,2,349.65,1,349.64,2,349.58,2,349.57,2,349.55,2,349.53,2,349.51,1,350.46,2,350.47,2,350.48,2,350.66,1,350.73,2,350.76,2,350.77,3,350.99,1,351.0,3,351.11,6
2025-04-10 09:37:26,350.06,349.69,1,349.68,2,350.44,3,350.44,349.68,349.68,2,349.67,2,349.65,1,349.64,2,349.58,2,349.57,2,349.55,2,349.53,2,349.51,1,349.33,3,350.44,3,350.45,1,350.46,3,350.47,2,350.48,2,350.66,1,350.73,2,350.76,2,350.77,3,350.99,1
2025-04-10 09:37:27,350.06,349.69,1,349.68,2,350.44,3,350.44,349.68,349.68,2,349.67,2,349.65,1,349.64,2,349.58,2,349.57,2,349.55,2,349.53,2,349.51,1,349.33,3,350.44,3,350.45,1,350.46,3,350.47,2,350.48,2,350.66,1,350.73,2,350.76,2,350.77,3,350.99,1
2025-04-10 09:37:28,350.06,349.69,1,349.68,2,350.44,2,350.44,349.68,349.68,2,349.67,2,349.65,1,349.64,2,349.58,2,349.57,2,349.55,2,349.53,2,349.51,1,349.33,3,350.44,2,350.45,1,350.46,3,350.47,2,350.48,2,350.66,1,350.73,2,350.76,2,350.77,3,350.99,1
2025-04-10 09:37:29,350.06,349.69,1,349.68,2,350.44,2,350.44,349.68,349.68,2,349.67,2,349.65,1,349.64,2,349.58,2,349.57,2,349.55,2,349.53,2,349.51,1,349.33,3,350.44,2,350.45,1,350.46,3,350.47,2,350.48,2,350.66,1,350.73,2,350.76,2,350.77,3,350.99,1
2025-04-10 09:37:30,350.06,349.69,1,349.68,2,350.44,2,350.44,349.68,349.68,2,349.67,2,349.65,1,349.64,2,349.58,2,349.57,2,349.55,2,349.53,2,349.51,1,349.33,3,350.44,2,350.45,1,350.46,3,350.47,2,350.48,2,350.66,1,350.73,2,350.76,2,350.77,3,350.99,1
2025-04-10 09:37:31,350.075,349.68,1,349.64,3,350.51,1,350.51,349.64,349.64,3,349.58,2,349.57,2,349.55,2,349.53,2,349.51,1,349.33,3,349.32,2,349.25,1,349.18,2,350.51,1,350.66,1,350.73,2,350.76,2,350.77,3,350.99,1,351.0,3,351.11,6,351.52,1,351.53,1
2025-04-10 09:37:32,350.075,349.68,1,349.64,3,350.51,1,350.51,349.64,349.64,3,349.58,2,349.57,2,349.55,2,349.53,2,349.51,1,349.33,3,349.32,2,349.25,1,349.18,2,350.51,1,350.66,1,350.73,2,350.76,2,350.77,3,350.99,1,351.0,3,351.11,6,351.52,1,351.53,1
2025-04-10 09:37:33,350.075,349.68,1,349.64,3,350.51,2,350.51,349.64,349.64,3,349.58,2,349.57,2,349.55,2,349.53,2,349.51,1,349.33,3,349.32,2,349.25,1,349.18,2,350.51,2,350.66,1,350.73,2,350.76,2,350.77,3,350.99,1,351.0,3,351.11,6,351.52,1,351.53,1
2025-04-10 09:37:34,350.075,350.08,1,349.64,3,350.51,2,350.51,349.64,349.64,3,349.58,2,349.57,2,349.55,2,349.53,2,349.51,1,349.33,3,349.32,2,349.25,1,349.18,2,350.51,2,350.66,1,350.73,2,350.76,2,350.77,3,350.99,1,351.0,3,351.11,6,351.52,1,351.53,1
2025-04-10 09:37:35,350.075,350.08,1,349.64,3,350.51,2,350.51,349.64,349.64,3,349.58,2,349.57,2,349.55,2,349.53,2,349.51,1,349.33,3,349.32,2,349.25,1,349.18,2,350.51,2,350.66,1,350.73,2,350.76,2,350.77,3,350.99,1,351.0,3,351.11,6,351.52,1,351.53,1
2025-04-10 09:37:36,350.095,350.08,1,349.68,1,350.51,2,350.51,349.68,349.68,1,349.64,3,349.58,2,349.57,2,349.55,2,349.53,2,349.51,1,349.33,3,349.32,2,349.25,1,350.51,2,350.66,1,350.73,2,350.76,2,350.77,3,350.99,1,351.0,3,351.11,6,351.52,1,351.53,1
2025-04-10 09:37:37,350.095,350.08,1,349.68,1,350.51,2,350.51,349.68,349.68,1,349.64,3,349.58,2,349.57,2,349.55,2,349.53,2,349.51,1,349.33,3,349.32,2,349.25,1,350.51,2,350.66,1,350.73,2,350.76,2,350.77,3,350.99,1,351.0,3,351.11,6,351.52,1,351.53,1
2025-04-10 09:37:38,350.095,350.08,1,349.68,1,350.51,2,350.51,349.68,349.68,1,349.64,3,349.58,2,349.57,2,349.55,2,349.53,2,349.51,1,349.33,3,349.32,2,349.25,1,350.51,2,350.66,1,350.73,2,350.76,2,350.77,3,350.99,1,351.0,3,351.11,6,351.52,1,351.53,1
2025-04-10 09:37:39,350.095,350.08,1,349.68,1,350.51,2,350.51,349.68,349.68,1,349.64,3,349.58,2,349.57,2,349.55,2,349.53,2,349.51,1,349.33,3,349.32,2,349.25,1,350.51,2,350.66,1,350.73,2,350.76,2,350.77,3,350.99,1,351.0,3,351.11,6,351.52,1,351.53,1
2025-04-10 09:37:40,350.16,350.08,1,349.81,1,350.51,2,350.51,349.81,349.81,1,349.72,1,349.68,1,349.64,3,349.58,2,349.57,2,349.55,2,349.53,2,349.51,1,349.33,3,350.51,2,350.66,1,350.73,2,350.76,2,350.77,3,350.99,1,351.0,3,351.11,6,351.52,1,351.53,1
2025-04-10 09:37:41,350.16,350.08,1,349.81,1,350.51,2,350.51,349.81,349.81,1,349.72,1,349.68,1,349.64,3,349.58,2,349.57,2,349.55,2,349.53,2,349.51,1,349.33,3,350.51,2,350.66,1,350.73,2,350.76,2,350.77,3,350.99,1,351.0,3,351.11,6,351.52,1,351.53,1
2025-04-10 09:37:42,350.16,350.38,1,349.81,1,350.51,2,350.51,349.81,349.81,1,349.72,1,349.68,1,349.64,3,349.58,2,349.57,2,349.55,2,349.53,2,349.51,1,349.33,3,350.51,2,350.66,1,350.73,2,350.76,2,350.77,3,350.99,1,351.0,3,351.11,6,351.52,1,351.53,1
2025-04-10 09:37:43,350.16,350.16,1,349.81,1,350.51,2,350.51,349.81,349.81,1,349.72,1,349.68,1,349.64,3,349.58,2,349.57,2,349.55,2,349.53,2,349.51,1,349.33,3,350.51,2,350.66,1,350.73,2,350.76,2,350.77,3,350.99,1,351.0,3,351.11,6,351.52,1,351.53,1
2025-04-10 09:37:44,350.16,350.16,1,349.81,1,350.51,2,350.51,349.81,349.81,1,349.72,1,349.68,1,349.64,3,349.58,2,349.57,2,349.55,2,349.53,2,349.51,1,349.33,3,350.51,2,350.66,1,350.73,2,350.76,2,350.77,3,350.99,1,351.0,3,351.11,6,351.52,1,351.53,1
2025-04-10 09:37:45,350.16,350.16,2,349.81,1,350.51,2,350.51,349.81,349.81,1,349.72,1,349.68,1,349.64,3,349.58,2,349.57,2,349.55,2,349.53,2,349.51,1,349.33,3,350.51,2,350.66,1,350.73,2,350.76,2,350.77,3,350.99,1,351.0,3,351.11,6,351.52,1,351.53,1
2025-04-10 09:37:46,350.195,350.16,2,349.88,1,350.51,2,350.51,349.88,349.88,1,349.81,1,349.72,1,349.68,1,349.64,3,349.58,2,349.57,2,349.55,2,349.53,2,349.51,1,350.51,2,350.66,1,350.73,2,350.76,2,350.77,3,350.99,1,351.0,3,351.11,6,351.52,1,351.53,1
