sim_time,mid_price,last_price,last_size,best_bid_price,best_bid_size,best_ask_price,best_ask_size,close_price_buy,close_price_sell,bid1_price,bid1_size,bid2_price,bid2_size,bid3_price,bid3_size,bid4_price,bid4_size,bid5_price,bid5_size,bid6_price,bid6_size,bid7_price,bid7_size,bid8_price,bid8_size,bid9_price,bid9_size,bid10_price,bid10_size,ask1_price,ask1_size,ask2_price,ask2_size,ask3_price,ask3_size,ask4_price,ask4_size,ask5_price,ask5_size,ask6_price,ask6_size,ask7_price,ask7_size,ask8_price,ask8_size,ask9_price,ask9_size,ask10_price,ask10_size
2025-04-10 09:30:11,196.705,0.0,0,195.59,2,197.82,1,197.82,195.59,195.59,2,194.65,1,,,,,,,,,,,,,,,,,197.82,1,199.79,1,200.42,1,,,,,,,,,,,,,,
2025-04-10 09:30:12,196.235,0.0,0,194.65,1,197.82,1,197.82,194.65,194.65,1,,,,,,,,,,,,,,,,,,,197.82,1,199.79,1,200.42,1,,,,,,,,,,,,,,
2025-04-10 09:30:14,196.615,0.0,0,195.41,1,197.82,1,197.82,195.41,195.41,1,194.65,1,,,,,,,,,,,,,,,,,197.82,1,199.79,1,200.42,1,,,,,,,,,,,,,,
2025-04-10 09:30:15,196.615,0.0,0,195.41,1,197.82,1,197.82,195.41,195.41,1,194.65,1,,,,,,,,,,,,,,,,,197.82,1,199.79,1,200.42,1,,,,,,,,,,,,,,
2025-04-10 09:30:16,196.615,0.0,0,195.41,1,197.82,1,197.82,195.41,195.41,1,194.65,1,,,,,,,,,,,,,,,,,197.82,1,199.79,1,200.42,1,,,,,,,,,,,,,,
2025-04-10 09:30:17,196.615,0.0,0,195.41,1,197.82,1,197.82,195.41,195.41,1,194.65,1,,,,,,,,,,,,,,,,,197.82,1,199.79,1,200.42,1,,,,,,,,,,,,,,
2025-04-10 09:30:18,196.615,0.0,0,195.41,1,197.82,1,197.82,195.41,195.41,1,194.65,1,,,,,,,,,,,,,,,,,197.82,1,199.79,1,200.42,1,,,,,,,,,,,,,,
2025-04-10 09:30:19,196.615,0.0,0,195.41,1,197.82,1,197.82,195.41,195.41,1,194.65,1,,,,,,,,,,,,,,,,,197.82,1,199.79,1,200.42,1,,,,,,,,,,,,,,
2025-04-10 09:30:20,196.615,0.0,0,195.41,1,197.82,1,197.82,195.41,195.41,1,194.65,1,,,,,,,,,,,,,,,,,197.82,1,199.79,1,200.42,1,,,,,,,,,,,,,,
2025-04-10 09:30:21,196.615,0.0,0,195.41,1,197.82,1,197.82,195.41,195.41,1,194.65,1,,,,,,,,,,,,,,,,,197.82,1,199.79,1,200.42,1,,,,,,,,,,,,,,
2025-04-10 09:30:22,196.615,0.0,0,195.41,1,197.82,1,197.82,195.41,195.41,1,194.65,1,,,,,,,,,,,,,,,,,197.82,1,199.79,1,200.42,1,,,,,,,,,,,,,,
2025-04-10 09:30:23,196.615,0.0,0,195.41,1,197.82,1,197.82,195.41,195.41,1,194.65,1,,,,,,,,,,,,,,,,,197.82,1,199.79,1,200.42,1,,,,,,,,,,,,,,
2025-04-10 09:30:24,196.615,0.0,0,195.41,1,197.82,1,197.82,195.41,195.41,1,194.65,1,,,,,,,,,,,,,,,,,197.82,1,199.79,1,200.42,1,,,,,,,,,,,,,,
2025-04-10 09:30:25,196.615,0.0,0,195.41,1,197.82,1,197.82,195.41,195.41,1,194.65,1,,,,,,,,,,,,,,,,,197.82,1,199.79,1,200.42,1,,,,,,,,,,,,,,
2025-04-10 09:30:26,196.615,0.0,0,195.41,1,197.82,1,197.82,195.41,195.41,1,194.65,1,,,,,,,,,,,,,,,,,197.82,1,199.79,1,200.42,1,,,,,,,,,,,,,,
2025-04-10 09:30:27,196.235,0.0,0,194.65,1,197.82,1,197.82,194.65,194.65,1,,,,,,,,,,,,,,,,,,,197.82,1,199.79,1,200.42,1,,,,,,,,,,,,,,
2025-04-10 09:30:28,196.235,0.0,0,194.65,1,197.82,1,197.82,194.65,194.65,1,,,,,,,,,,,,,,,,,,,197.82,1,199.79,1,200.42,1,,,,,,,,,,,,,,
2025-04-10 09:30:29,197.22,0.0,0,194.65,1,199.79,1,199.79,194.65,194.65,1,,,,,,,,,,,,,,,,,,,199.79,1,200.42,1,,,,,,,,,,,,,,,,
2025-04-10 09:30:30,197.22,0.0,0,194.65,1,199.79,1,199.79,194.65,194.65,1,,,,,,,,,,,,,,,,,,,199.79,1,200.42,1,,,,,,,,,,,,,,,,
2025-04-10 09:30:31,197.22,0.0,0,194.65,1,199.79,1,199.79,194.65,194.65,1,,,,,,,,,,,,,,,,,,,199.79,1,200.42,1,,,,,,,,,,,,,,,,
2025-04-10 09:30:32,197.22,0.0,0,194.65,1,199.79,1,199.79,194.65,194.65,1,,,,,,,,,,,,,,,,,,,199.79,1,200.42,1,,,,,,,,,,,,,,,,
2025-04-10 09:30:33,197.22,0.0,0,194.65,1,199.79,1,199.79,194.65,194.65,1,,,,,,,,,,,,,,,,,,,199.79,1,200.42,1,,,,,,,,,,,,,,,,
2025-04-10 09:30:34,197.22,0.0,0,194.65,1,199.79,1,199.79,194.65,194.65,1,,,,,,,,,,,,,,,,,,,199.79,1,200.42,1,,,,,,,,,,,,,,,,
2025-04-10 09:30:35,197.22,0.0,0,194.65,1,199.79,1,199.79,194.65,194.65,1,,,,,,,,,,,,,,,,,,,199.79,1,200.42,1,,,,,,,,,,,,,,,,
2025-04-10 09:30:36,198.295,0.0,0,196.8,1,199.79,1,199.79,196.8,196.8,1,194.65,1,,,,,,,,,,,,,,,,,199.79,1,200.42,1,,,,,,,,,,,,,,,,
2025-04-10 09:30:37,198.62,0.0,0,197.45,2,199.79,1,199.79,197.45,197.45,2,196.8,1,194.65,1,,,,,,,,,,,,,,,199.79,1,200.42,1,,,,,,,,,,,,,,,,
2025-04-10 09:30:38,198.62,0.0,0,197.45,2,199.79,1,199.79,197.45,197.45,2,196.8,1,194.65,1,,,,,,,,,,,,,,,199.79,1,200.42,1,,,,,,,,,,,,,,,,
2025-04-10 09:30:39,198.62,0.0,0,197.45,2,199.79,1,199.79,197.45,197.45,2,196.8,1,194.65,1,,,,,,,,,,,,,,,199.79,1,200.42,1,,,,,,,,,,,,,,,,
2025-04-10 09:30:40,198.62,0.0,0,197.45,2,199.79,1,199.79,197.45,197.45,2,196.8,1,194.65,1,,,,,,,,,,,,,,,199.79,1,200.42,1,,,,,,,,,,,,,,,,
2025-04-10 09:30:41,198.62,0.0,0,197.45,2,199.79,1,199.79,197.45,197.45,2,196.8,1,194.65,1,,,,,,,,,,,,,,,199.79,1,200.42,1,,,,,,,,,,,,,,,,
2025-04-10 09:30:42,198.62,0.0,0,197.45,2,199.79,1,199.79,197.45,197.45,2,196.8,1,194.65,1,,,,,,,,,,,,,,,199.79,1,200.42,1,,,,,,,,,,,,,,,,
2025-04-10 09:30:43,198.62,0.0,0,197.45,2,199.79,1,199.79,197.45,197.45,2,196.8,1,194.65,1,,,,,,,,,,,,,,,199.79,1,200.42,1,,,,,,,,,,,,,,,,
2025-04-10 09:30:44,198.62,0.0,0,197.45,2,199.79,1,199.79,197.45,197.45,2,196.8,1,194.65,1,,,,,,,,,,,,,,,199.79,1,200.42,1,,,,,,,,,,,,,,,,
2025-04-10 09:30:45,198.62,0.0,0,197.45,2,199.79,1,199.79,197.45,197.45,2,196.8,1,194.65,1,,,,,,,,,,,,,,,199.79,1,200.42,1,,,,,,,,,,,,,,,,
2025-04-10 09:30:46,198.62,0.0,0,197.45,2,199.79,1,199.79,197.45,197.45,2,196.8,1,194.65,1,,,,,,,,,,,,,,,199.79,1,200.42,1,,,,,,,,,,,,,,,,
2025-04-10 09:30:47,198.62,0.0,0,197.45,2,199.79,1,199.79,197.45,197.45,2,196.8,1,194.65,1,,,,,,,,,,,,,,,199.79,1,200.42,1,,,,,,,,,,,,,,,,
2025-04-10 09:30:48,198.62,0.0,0,197.45,2,199.79,1,199.79,197.45,197.45,2,196.8,1,194.65,1,,,,,,,,,,,,,,,199.79,1,200.42,1,,,,,,,,,,,,,,,,
2025-04-10 09:30:49,198.62,0.0,0,197.45,2,199.79,1,199.79,197.45,197.45,2,196.8,1,194.65,1,,,,,,,,,,,,,,,199.79,1,200.42,1,,,,,,,,,,,,,,,,
2025-04-10 09:30:50,198.63,0.0,0,197.47,1,199.79,1,199.79,197.47,197.47,1,197.45,2,196.8,1,194.65,1,,,,,,,,,,,,,199.79,1,200.42,1,,,,,,,,,,,,,,,,
2025-04-10 09:30:51,198.63,0.0,0,197.47,1,199.79,1,199.79,197.47,197.47,1,197.45,2,196.8,1,194.65,1,,,,,,,,,,,,,199.79,1,200.42,1,,,,,,,,,,,,,,,,
2025-04-10 09:30:52,198.63,0.0,0,197.47,1,199.79,1,199.79,197.47,197.47,1,197.45,2,196.8,1,194.65,1,,,,,,,,,,,,,199.79,1,200.42,1,,,,,,,,,,,,,,,,
2025-04-10 09:30:53,198.63,0.0,0,197.47,1,199.79,1,199.79,197.47,197.47,1,197.45,2,196.8,1,194.65,1,,,,,,,,,,,,,199.79,1,200.42,1,,,,,,,,,,,,,,,,
2025-04-10 09:30:54,198.63,0.0,0,197.47,3,199.79,1,199.79,197.47,197.47,3,197.45,2,196.8,1,194.65,1,,,,,,,,,,,,,199.79,1,200.42,1,,,,,,,,,,,,,,,,
2025-04-10 09:30:55,198.63,0.0,0,197.47,3,199.79,1,199.79,197.47,197.47,3,197.45,2,196.8,1,194.65,1,,,,,,,,,,,,,199.79,1,200.42,1,,,,,,,,,,,,,,,,
2025-04-10 09:30:56,198.63,0.0,0,197.47,3,199.79,1,199.79,197.47,197.47,3,197.45,2,196.8,1,194.65,1,,,,,,,,,,,,,199.79,1,200.42,1,,,,,,,,,,,,,,,,
2025-04-10 09:30:57,198.63,0.0,0,197.47,4,199.79,1,199.79,197.47,197.47,4,197.45,2,196.8,1,194.65,1,,,,,,,,,,,,,199.79,1,200.42,1,,,,,,,,,,,,,,,,
2025-04-10 09:30:58,198.63,0.0,0,197.47,2,199.79,1,199.79,197.47,197.47,2,197.45,2,196.8,1,194.65,1,,,,,,,,,,,,,199.79,1,200.42,1,,,,,,,,,,,,,,,,
2025-04-10 09:30:59,198.63,0.0,0,197.47,2,199.79,1,199.79,197.47,197.47,2,197.45,2,196.8,1,194.65,1,,,,,,,,,,,,,199.79,1,200.42,1,,,,,,,,,,,,,,,,
2025-04-10 09:31:00,198.63,0.0,0,197.47,2,199.79,1,199.79,197.47,197.47,2,197.45,2,196.8,1,194.65,1,,,,,,,,,,,,,199.79,1,200.42,1,,,,,,,,,,,,,,,,
2025-04-10 09:31:01,198.63,0.0,0,197.47,2,199.79,1,199.79,197.47,197.47,2,197.45,2,196.8,1,194.65,1,,,,,,,,,,,,,199.79,1,200.42,1,,,,,,,,,,,,,,,,
2025-04-10 09:31:02,198.63,0.0,0,197.47,1,199.79,1,199.79,197.47,197.47,1,197.45,2,196.8,1,194.65,1,,,,,,,,,,,,,199.79,1,200.42,1,,,,,,,,,,,,,,,,
2025-04-10 09:31:03,198.125,0.0,0,197.47,1,198.78,3,198.78,197.47,197.47,1,197.45,2,196.8,1,194.65,1,,,,,,,,,,,,,198.78,3,199.79,1,200.42,1,,,,,,,,,,,,,,
2025-04-10 09:31:04,197.875,0.0,0,196.97,3,198.78,3,198.78,196.97,196.97,3,196.8,1,194.65,1,,,,,,,,,,,,,,,198.78,3,199.79,1,200.42,1,,,,,,,,,,,,,,
2025-04-10 09:31:05,197.875,0.0,0,196.97,3,198.78,3,198.78,196.97,196.97,3,196.8,1,194.65,1,,,,,,,,,,,,,,,198.78,3,199.79,1,200.42,1,,,,,,,,,,,,,,
2025-04-10 09:31:06,197.875,0.0,0,196.97,3,198.78,3,198.78,196.97,196.97,3,196.8,1,194.65,1,,,,,,,,,,,,,,,198.78,3,199.79,1,200.42,1,,,,,,,,,,,,,,
2025-04-10 09:31:07,197.875,0.0,0,196.97,3,198.78,3,198.78,196.97,196.97,3,196.8,1,194.65,1,,,,,,,,,,,,,,,198.78,3,199.79,1,200.42,1,,,,,,,,,,,,,,
2025-04-10 09:31:08,197.875,0.0,0,196.97,3,198.78,3,198.78,196.97,196.97,3,196.8,1,194.65,1,,,,,,,,,,,,,,,198.78,3,199.79,1,200.42,1,,,,,,,,,,,,,,
2025-04-10 09:31:09,197.875,0.0,0,196.97,3,198.78,3,198.78,196.97,196.97,3,196.8,1,194.65,1,,,,,,,,,,,,,,,198.78,3,199.79,1,200.42,1,,,,,,,,,,,,,,
2025-04-10 09:31:10,197.875,0.0,0,196.97,3,198.78,3,198.78,196.97,196.97,3,196.8,1,194.65,1,,,,,,,,,,,,,,,198.78,3,199.79,1,200.42,1,,,,,,,,,,,,,,
2025-04-10 09:31:11,197.875,0.0,0,196.97,3,198.78,3,198.78,196.97,196.97,3,196.8,1,194.65,1,,,,,,,,,,,,,,,198.78,3,199.79,1,200.42,1,,,,,,,,,,,,,,
2025-04-10 09:31:12,197.875,0.0,0,196.97,3,198.78,3,198.78,196.97,196.97,3,196.8,1,194.65,1,,,,,,,,,,,,,,,198.78,3,199.79,1,200.42,1,,,,,,,,,,,,,,
2025-04-10 09:31:13,197.875,0.0,0,196.97,3,198.78,3,198.78,196.97,196.97,3,196.8,1,194.65,1,,,,,,,,,,,,,,,198.78,3,199.79,1,200.42,1,,,,,,,,,,,,,,
2025-04-10 09:31:14,197.875,0.0,0,196.97,3,198.78,3,198.78,196.97,196.97,3,196.8,1,194.65,1,,,,,,,,,,,,,,,198.78,3,199.79,1,200.42,1,,,,,,,,,,,,,,
2025-04-10 09:31:15,197.875,0.0,0,196.97,3,198.78,3,198.78,196.97,196.97,3,196.8,1,194.65,1,,,,,,,,,,,,,,,198.78,3,199.79,1,200.42,1,,,,,,,,,,,,,,
2025-04-10 09:31:16,198.0,0.0,0,197.22,3,198.78,3,198.78,197.22,197.22,3,195.57,1,194.65,1,,,,,,,,,,,,,,,198.78,3,199.79,1,200.42,1,,,,,,,,,,,,,,
2025-04-10 09:31:17,198.0,0.0,0,197.22,3,198.78,3,198.78,197.22,197.22,3,195.57,1,194.65,1,,,,,,,,,,,,,,,198.78,3,199.79,1,200.42,1,,,,,,,,,,,,,,
2025-04-10 09:31:18,197.865,0.0,0,197.22,3,198.51,3,198.51,197.22,197.22,3,195.57,1,194.65,1,,,,,,,,,,,,,,,198.51,3,199.79,1,200.42,1,,,,,,,,,,,,,,
2025-04-10 09:31:19,197.865,0.0,0,197.22,3,198.51,3,198.51,197.22,197.22,3,195.57,1,194.65,1,,,,,,,,,,,,,,,198.51,3,199.79,1,200.42,1,,,,,,,,,,,,,,
2025-04-10 09:31:20,197.865,0.0,0,197.22,3,198.51,3,198.51,197.22,197.22,3,195.57,1,194.65,1,,,,,,,,,,,,,,,198.51,3,199.79,1,200.42,1,,,,,,,,,,,,,,
2025-04-10 09:31:21,197.865,0.0,0,197.22,3,198.51,3,198.51,197.22,197.22,3,195.57,1,194.65,1,,,,,,,,,,,,,,,198.51,3,199.79,1,200.42,1,,,,,,,,,,,,,,
2025-04-10 09:31:22,197.72,0.0,0,196.93,3,198.51,3,198.51,196.93,196.93,3,195.57,1,194.65,1,,,,,,,,,,,,,,,198.51,3,199.79,1,200.42,1,,,,,,,,,,,,,,
2025-04-10 09:31:23,197.72,0.0,0,196.93,3,198.51,3,198.51,196.93,196.93,3,195.57,1,194.65,1,,,,,,,,,,,,,,,198.51,3,199.79,1,200.42,1,,,,,,,,,,,,,,
2025-04-10 09:31:24,197.72,0.0,0,196.93,3,198.51,3,198.51,196.93,196.93,3,195.57,1,194.65,1,,,,,,,,,,,,,,,198.51,3,199.79,1,200.42,1,,,,,,,,,,,,,,
2025-04-10 09:31:25,197.72,0.0,0,196.93,3,198.51,3,198.51,196.93,196.93,3,195.57,1,194.65,1,,,,,,,,,,,,,,,198.51,3,199.79,1,200.42,1,,,,,,,,,,,,,,
2025-04-10 09:31:26,197.72,0.0,0,196.93,3,198.51,3,198.51,196.93,196.93,3,195.57,1,194.65,1,,,,,,,,,,,,,,,198.51,3,199.79,1,200.42,1,,,,,,,,,,,,,,
2025-04-10 09:31:27,197.72,0.0,0,196.93,3,198.51,3,198.51,196.93,196.93,3,195.57,1,194.65,1,,,,,,,,,,,,,,,198.51,3,199.79,1,200.42,1,,,,,,,,,,,,,,
2025-04-10 09:31:28,197.72,0.0,0,196.93,3,198.51,3,198.51,196.93,196.93,3,195.57,1,194.65,1,,,,,,,,,,,,,,,198.51,3,199.79,1,200.42,1,,,,,,,,,,,,,,
2025-04-10 09:31:29,197.72,0.0,0,196.93,3,198.51,3,198.51,196.93,196.93,3,195.57,1,194.65,1,,,,,,,,,,,,,,,198.51,3,199.79,1,200.42,1,,,,,,,,,,,,,,
2025-04-10 09:31:30,197.72,197.78,1,196.93,3,198.51,3,198.51,196.93,196.93,3,195.57,1,194.65,1,,,,,,,,,,,,,,,198.51,3,199.79,1,200.42,1,,,,,,,,,,,,,,
2025-04-10 09:31:31,197.72,197.78,1,196.93,3,198.51,3,198.51,196.93,196.93,3,195.57,1,194.65,1,,,,,,,,,,,,,,,198.51,3,199.79,1,200.42,1,,,,,,,,,,,,,,
2025-04-10 09:31:32,197.72,197.78,1,196.93,3,198.51,3,198.51,196.93,196.93,3,195.57,1,194.65,1,,,,,,,,,,,,,,,198.51,3,199.79,1,200.42,1,,,,,,,,,,,,,,
2025-04-10 09:31:33,197.72,197.78,1,196.93,3,198.51,3,198.51,196.93,196.93,3,195.57,1,194.65,1,,,,,,,,,,,,,,,198.51,3,199.79,1,200.42,1,,,,,,,,,,,,,,
2025-04-10 09:31:34,197.72,197.78,1,196.93,3,198.51,3,198.51,196.93,196.93,3,195.57,1,194.65,1,,,,,,,,,,,,,,,198.51,3,199.79,1,200.42,1,,,,,,,,,,,,,,
2025-04-10 09:31:35,197.72,197.78,1,196.93,3,198.51,3,198.51,196.93,196.93,3,195.57,1,194.65,1,,,,,,,,,,,,,,,198.51,3,199.79,1,200.42,1,,,,,,,,,,,,,,
2025-04-10 09:31:36,197.72,197.78,1,196.93,3,198.51,3,198.51,196.93,196.93,3,195.57,1,194.65,1,,,,,,,,,,,,,,,198.51,3,199.79,1,200.42,1,,,,,,,,,,,,,,
2025-04-10 09:31:37,197.86,197.78,1,196.93,3,198.79,2,198.79,196.93,196.93,3,195.57,1,194.65,1,,,,,,,,,,,,,,,198.79,2,199.79,1,200.42,1,,,,,,,,,,,,,,
2025-04-10 09:31:38,197.86,197.78,1,196.93,3,198.79,2,198.79,196.93,196.93,3,195.57,1,194.65,1,,,,,,,,,,,,,,,198.79,2,199.79,1,200.42,1,,,,,,,,,,,,,,
2025-04-10 09:31:39,197.86,197.78,1,196.93,3,198.79,2,198.79,196.93,196.93,3,195.57,1,194.65,1,,,,,,,,,,,,,,,198.79,2,199.79,1,200.42,1,,,,,,,,,,,,,,
2025-04-10 09:31:40,197.7,197.78,1,196.93,3,198.47,3,198.47,196.93,196.93,3,195.57,1,194.65,1,,,,,,,,,,,,,,,198.47,3,199.79,1,200.42,1,,,,,,,,,,,,,,
2025-04-10 09:31:41,197.7,197.78,1,196.93,3,198.47,3,198.47,196.93,196.93,3,195.57,1,194.65,1,,,,,,,,,,,,,,,198.47,3,199.79,1,200.42,1,,,,,,,,,,,,,,
2025-04-10 09:31:42,197.7,197.78,1,196.93,3,198.47,3,198.47,196.93,196.93,3,195.57,1,194.65,1,,,,,,,,,,,,,,,198.47,3,199.79,1,200.42,1,,,,,,,,,,,,,,
2025-04-10 09:31:43,197.7,197.78,1,196.93,3,198.47,3,198.47,196.93,196.93,3,195.57,1,194.65,1,,,,,,,,,,,,,,,198.47,3,199.79,1,200.42,1,,,,,,,,,,,,,,
2025-04-10 09:31:44,197.7,197.78,1,196.93,3,198.47,3,198.47,196.93,196.93,3,195.57,1,194.65,1,,,,,,,,,,,,,,,198.47,3,199.79,1,200.42,1,,,,,,,,,,,,,,
2025-04-10 09:31:45,197.89,197.78,1,196.93,3,198.85,3,198.85,196.93,196.93,3,195.57,1,194.65,1,,,,,,,,,,,,,,,198.85,3,199.79,1,200.42,1,,,,,,,,,,,,,,
2025-04-10 09:31:46,197.89,197.78,1,196.93,3,198.85,3,198.85,196.93,196.93,3,195.57,1,194.65,1,,,,,,,,,,,,,,,198.85,3,199.79,1,200.42,1,,,,,,,,,,,,,,
2025-04-10 09:31:47,197.89,197.78,1,196.93,3,198.85,3,198.85,196.93,196.93,3,195.57,1,194.65,1,,,,,,,,,,,,,,,198.85,3,199.79,1,200.42,1,,,,,,,,,,,,,,
2025-04-10 09:31:48,197.89,197.78,1,196.93,3,198.85,3,198.85,196.93,196.93,3,195.57,1,194.65,1,,,,,,,,,,,,,,,198.85,3,199.79,1,200.42,1,,,,,,,,,,,,,,
2025-04-10 09:31:49,197.89,197.78,1,196.93,3,198.85,3,198.85,196.93,196.93,3,195.57,1,194.65,1,,,,,,,,,,,,,,,198.85,3,199.79,1,200.42,1,,,,,,,,,,,,,,
2025-04-10 09:31:50,197.89,197.78,1,196.93,3,198.85,3,198.85,196.93,196.93,3,195.57,1,194.65,1,,,,,,,,,,,,,,,198.85,3,199.79,1,200.42,1,,,,,,,,,,,,,,
2025-04-10 09:31:51,197.89,197.78,1,196.93,3,198.85,3,198.85,196.93,196.93,3,195.57,1,194.65,1,,,,,,,,,,,,,,,198.85,3,199.79,1,200.42,1,,,,,,,,,,,,,,
2025-04-10 09:31:52,197.89,197.78,1,196.93,3,198.85,3,198.85,196.93,196.93,3,195.57,1,194.65,1,,,,,,,,,,,,,,,198.85,3,199.79,1,200.42,1,,,,,,,,,,,,,,
2025-04-10 09:31:53,198.135,197.78,1,196.93,3,199.34,3,199.34,196.93,196.93,3,195.57,1,194.65,1,,,,,,,,,,,,,,,199.34,3,200.39,1,200.42,1,,,,,,,,,,,,,,
2025-04-10 09:31:54,198.135,197.78,1,196.93,3,199.34,3,199.34,196.93,196.93,3,195.57,1,194.65,1,,,,,,,,,,,,,,,199.34,3,200.39,1,200.42,1,,,,,,,,,,,,,,
2025-04-10 09:31:55,198.135,197.78,1,196.93,3,199.34,3,199.34,196.93,196.93,3,195.57,1,194.65,1,,,,,,,,,,,,,,,199.34,3,200.39,1,200.42,1,,,,,,,,,,,,,,
2025-04-10 09:31:56,198.135,197.78,1,196.93,3,199.34,3,199.34,196.93,196.93,3,195.57,1,194.65,1,,,,,,,,,,,,,,,199.34,3,200.39,1,200.42,1,,,,,,,,,,,,,,
2025-04-10 09:31:57,198.135,197.78,1,196.93,3,199.34,3,199.34,196.93,196.93,3,195.57,1,194.65,1,,,,,,,,,,,,,,,199.34,3,200.39,1,200.42,1,,,,,,,,,,,,,,
2025-04-10 09:31:58,198.135,197.78,1,196.93,3,199.34,3,199.34,196.93,196.93,3,195.57,1,194.65,1,,,,,,,,,,,,,,,199.34,3,200.39,1,200.42,1,,,,,,,,,,,,,,
2025-04-10 09:31:59,198.135,197.78,1,196.93,3,199.34,3,199.34,196.93,196.93,3,195.57,1,194.65,1,,,,,,,,,,,,,,,199.34,3,200.39,1,200.42,1,,,,,,,,,,,,,,
2025-04-10 09:32:00,198.135,197.78,1,196.93,3,199.34,3,199.34,196.93,196.93,3,195.57,1,194.65,1,,,,,,,,,,,,,,,199.34,3,200.39,1,200.42,1,,,,,,,,,,,,,,
2025-04-10 09:32:01,198.135,197.78,1,196.93,3,199.34,3,199.34,196.93,196.93,3,195.57,1,194.65,1,,,,,,,,,,,,,,,199.34,3,200.39,1,200.42,1,,,,,,,,,,,,,,
2025-04-10 09:32:02,197.97,197.78,1,196.93,3,199.01,2,199.01,196.93,196.93,3,195.57,1,194.65,1,,,,,,,,,,,,,,,199.01,2,200.39,1,200.42,1,,,,,,,,,,,,,,
2025-04-10 09:32:03,197.97,197.78,1,196.93,3,199.01,2,199.01,196.93,196.93,3,195.57,1,194.65,1,,,,,,,,,,,,,,,199.01,2,200.39,1,200.42,1,,,,,,,,,,,,,,
2025-04-10 09:32:04,197.97,197.78,1,196.93,3,199.01,2,199.01,196.93,196.93,3,195.57,1,194.65,1,,,,,,,,,,,,,,,199.01,2,200.39,1,200.42,1,,,,,,,,,,,,,,
2025-04-10 09:32:05,197.97,197.78,1,196.93,3,199.01,2,199.01,196.93,196.93,3,195.57,1,194.65,1,,,,,,,,,,,,,,,199.01,2,200.39,1,200.42,1,,,,,,,,,,,,,,
2025-04-10 09:32:06,197.97,197.78,1,196.93,3,199.01,2,199.01,196.93,196.93,3,195.57,1,194.65,1,,,,,,,,,,,,,,,199.01,2,200.39,1,200.42,1,,,,,,,,,,,,,,
2025-04-10 09:32:07,197.97,197.78,1,196.93,3,199.01,2,199.01,196.93,196.93,3,195.57,1,194.65,1,,,,,,,,,,,,,,,199.01,2,200.39,1,200.42,1,,,,,,,,,,,,,,
2025-04-10 09:32:08,197.97,197.78,1,196.93,3,199.01,2,199.01,196.93,196.93,3,195.57,1,194.65,1,,,,,,,,,,,,,,,199.01,2,200.39,1,200.42,1,,,,,,,,,,,,,,
2025-04-10 09:32:09,197.97,197.78,1,196.93,3,199.01,2,199.01,196.93,196.93,3,195.57,1,194.65,1,,,,,,,,,,,,,,,199.01,2,200.39,1,200.42,1,,,,,,,,,,,,,,
2025-04-10 09:32:10,198.17,197.78,1,197.33,3,199.01,2,199.01,197.33,197.33,3,195.57,1,194.65,1,,,,,,,,,,,,,,,199.01,2,200.39,1,200.42,1,,,,,,,,,,,,,,
2025-04-10 09:32:11,198.17,197.78,1,197.33,3,199.01,2,199.01,197.33,197.33,3,195.57,1,194.65,1,,,,,,,,,,,,,,,199.01,2,200.39,1,200.42,1,,,,,,,,,,,,,,
2025-04-10 09:32:12,198.17,197.78,1,197.33,3,199.01,2,199.01,197.33,197.33,3,195.57,1,194.65,1,,,,,,,,,,,,,,,199.01,2,200.39,1,200.42,1,,,,,,,,,,,,,,
2025-04-10 09:32:13,198.17,197.78,1,197.33,3,199.01,2,199.01,197.33,197.33,3,195.57,1,194.65,1,,,,,,,,,,,,,,,199.01,2,200.39,1,200.42,1,,,,,,,,,,,,,,
2025-04-10 09:32:14,198.17,197.78,1,197.33,3,199.01,2,199.01,197.33,197.33,3,195.57,1,194.65,1,,,,,,,,,,,,,,,199.01,2,200.39,1,200.42,1,,,,,,,,,,,,,,
2025-04-10 09:32:15,198.31,197.78,1,197.33,3,199.29,2,199.29,197.33,197.33,3,195.57,1,194.65,1,,,,,,,,,,,,,,,199.29,2,200.39,1,200.42,1,,,,,,,,,,,,,,
2025-04-10 09:32:16,198.055,197.78,1,197.33,3,198.78,1,198.78,197.33,197.33,3,195.57,1,194.65,1,,,,,,,,,,,,,,,198.78,1,199.29,2,200.39,1,200.42,1,,,,,,,,,,,,
2025-04-10 09:32:17,198.055,197.78,1,197.33,3,198.78,1,198.78,197.33,197.33,3,195.57,1,194.65,1,,,,,,,,,,,,,,,198.78,1,199.29,2,200.39,1,200.42,1,,,,,,,,,,,,
2025-04-10 09:32:18,198.055,197.78,1,197.33,3,198.78,1,198.78,197.33,197.33,3,195.57,1,194.65,1,,,,,,,,,,,,,,,198.78,1,199.29,2,200.39,1,200.42,1,,,,,,,,,,,,
2025-04-10 09:32:19,198.055,197.78,1,197.33,3,198.78,1,198.78,197.33,197.33,3,195.57,1,194.65,1,,,,,,,,,,,,,,,198.78,1,199.29,2,200.39,1,200.42,1,,,,,,,,,,,,
2025-04-10 09:32:20,198.2,197.78,1,197.62,3,198.78,1,198.78,197.62,197.62,3,195.57,1,194.65,1,,,,,,,,,,,,,,,198.78,1,199.29,2,200.39,1,200.42,1,,,,,,,,,,,,
2025-04-10 09:32:21,198.2,197.78,1,197.62,3,198.78,1,198.78,197.62,197.62,3,195.57,1,194.65,1,,,,,,,,,,,,,,,198.78,1,199.29,2,200.39,1,200.42,1,,,,,,,,,,,,
2025-04-10 09:32:22,198.2,197.78,1,197.62,3,198.78,1,198.78,197.62,197.62,3,195.57,1,194.65,1,,,,,,,,,,,,,,,198.78,1,199.29,2,200.39,1,200.42,1,,,,,,,,,,,,
2025-04-10 09:32:23,198.2,197.78,1,197.62,3,198.78,1,198.78,197.62,197.62,3,195.57,1,194.65,1,,,,,,,,,,,,,,,198.78,1,199.29,2,200.39,1,200.42,1,,,,,,,,,,,,
2025-04-10 09:32:24,198.2,197.78,1,197.62,3,198.78,2,198.78,197.62,197.62,3,195.57,1,194.65,1,,,,,,,,,,,,,,,198.78,2,199.29,2,200.39,1,200.42,1,,,,,,,,,,,,
2025-04-10 09:32:25,198.2,197.78,1,197.62,3,198.78,1,198.78,197.62,197.62,3,195.57,1,194.65,1,,,,,,,,,,,,,,,198.78,1,199.29,2,200.39,1,200.42,1,,,,,,,,,,,,
2025-04-10 09:32:26,198.3,197.78,1,197.62,3,198.98,3,198.98,197.62,197.62,3,195.57,1,194.65,1,,,,,,,,,,,,,,,198.98,3,199.29,2,200.39,1,200.42,1,,,,,,,,,,,,
2025-04-10 09:32:27,198.3,197.78,1,197.62,3,198.98,3,198.98,197.62,197.62,3,195.57,1,194.65,1,,,,,,,,,,,,,,,198.98,3,199.29,2,200.39,1,200.42,1,,,,,,,,,,,,
2025-04-10 09:32:28,198.105,197.78,1,197.23,3,198.98,3,198.98,197.23,197.23,3,195.57,1,194.65,1,,,,,,,,,,,,,,,198.98,3,199.29,2,200.39,1,200.42,1,,,,,,,,,,,,
2025-04-10 09:32:29,198.105,197.78,1,197.23,3,198.98,3,198.98,197.23,197.23,3,195.57,1,194.65,1,,,,,,,,,,,,,,,198.98,3,199.29,2,200.39,1,200.42,1,,,,,,,,,,,,
2025-04-10 09:32:30,198.265,197.78,1,197.23,3,199.3,2,199.3,197.23,197.23,3,195.57,1,194.65,1,,,,,,,,,,,,,,,199.3,2,200.39,1,200.42,1,,,,,,,,,,,,,,
2025-04-10 09:32:31,198.1,197.78,1,197.23,3,198.97,3,198.97,197.23,197.23,3,195.57,1,194.65,1,,,,,,,,,,,,,,,198.97,3,200.39,1,200.42,1,,,,,,,,,,,,,,
2025-04-10 09:32:32,198.1,197.78,1,197.23,3,198.97,3,198.97,197.23,197.23,3,195.57,1,194.65,1,,,,,,,,,,,,,,,198.97,3,200.39,1,200.42,1,,,,,,,,,,,,,,
2025-04-10 09:32:33,198.1,197.78,1,197.23,3,198.97,3,198.97,197.23,197.23,3,195.57,1,194.65,1,,,,,,,,,,,,,,,198.97,3,200.39,1,200.42,1,,,,,,,,,,,,,,
2025-04-10 09:32:34,198.1,197.78,1,197.23,3,198.97,3,198.97,197.23,197.23,3,195.57,1,194.65,1,,,,,,,,,,,,,,,198.97,3,200.39,1,200.42,1,,,,,,,,,,,,,,
2025-04-10 09:32:35,198.1,197.78,1,197.23,3,198.97,3,198.97,197.23,197.23,3,195.57,1,194.65,1,,,,,,,,,,,,,,,198.97,3,200.39,1,200.42,1,,,,,,,,,,,,,,
2025-04-10 09:32:36,198.1,197.78,1,197.23,3,198.97,3,198.97,197.23,197.23,3,195.57,1,194.65,1,,,,,,,,,,,,,,,198.97,3,200.39,1,200.42,1,,,,,,,,,,,,,,
2025-04-10 09:32:37,198.1,197.78,1,197.23,3,198.97,3,198.97,197.23,197.23,3,195.57,1,194.65,1,,,,,,,,,,,,,,,198.97,3,200.39,1,200.42,1,,,,,,,,,,,,,,
2025-04-10 09:32:38,198.1,197.78,1,197.23,3,198.97,3,198.97,197.23,197.23,3,195.57,1,194.65,1,,,,,,,,,,,,,,,198.97,3,200.39,1,200.42,1,,,,,,,,,,,,,,
2025-04-10 09:32:39,198.1,197.78,1,197.23,3,198.97,3,198.97,197.23,197.23,3,195.57,1,194.65,1,,,,,,,,,,,,,,,198.97,3,200.39,1,200.42,1,,,,,,,,,,,,,,
2025-04-10 09:32:40,198.1,197.78,1,197.23,3,198.97,3,198.97,197.23,197.23,3,195.57,1,194.65,1,,,,,,,,,,,,,,,198.97,3,200.39,1,200.42,1,,,,,,,,,,,,,,
2025-04-10 09:32:41,198.1,197.78,1,197.23,3,198.97,3,198.97,197.23,197.23,3,195.57,1,194.65,1,,,,,,,,,,,,,,,198.97,3,200.39,1,200.42,1,,,,,,,,,,,,,,
2025-04-10 09:32:42,197.96,197.78,1,197.23,3,198.69,2,198.69,197.23,197.23,3,195.57,1,194.65,1,,,,,,,,,,,,,,,198.69,2,200.39,1,200.42,1,,,,,,,,,,,,,,
2025-04-10 09:32:43,197.96,197.78,1,197.23,3,198.69,2,198.69,197.23,197.23,3,195.57,1,194.65,1,,,,,,,,,,,,,,,198.69,2,200.39,1,200.42,1,,,,,,,,,,,,,,
2025-04-10 09:32:44,197.835,197.78,1,196.98,2,198.69,2,198.69,196.98,196.98,2,195.57,1,194.65,1,,,,,,,,,,,,,,,198.69,2,200.39,1,200.42,1,,,,,,,,,,,,,,
2025-04-10 09:32:45,197.835,197.78,1,196.98,2,198.69,2,198.69,196.98,196.98,2,195.57,1,194.65,1,,,,,,,,,,,,,,,198.69,2,200.39,1,200.42,1,,,,,,,,,,,,,,
2025-04-10 09:32:46,197.835,197.78,1,196.98,2,198.69,2,198.69,196.98,196.98,2,195.57,1,194.65,1,,,,,,,,,,,,,,,198.69,2,200.39,1,200.42,1,,,,,,,,,,,,,,
2025-04-10 09:32:47,197.835,197.78,1,196.98,2,198.69,2,198.69,196.98,196.98,2,195.57,1,194.65,1,,,,,,,,,,,,,,,198.69,2,200.39,1,200.42,1,,,,,,,,,,,,,,
2025-04-10 09:32:48,197.835,197.78,1,196.98,2,198.69,2,198.69,196.98,196.98,2,195.57,1,194.65,1,,,,,,,,,,,,,,,198.69,2,200.39,1,200.42,1,,,,,,,,,,,,,,
2025-04-10 09:32:49,197.835,197.78,1,196.98,2,198.69,2,198.69,196.98,196.98,2,195.57,1,194.65,1,,,,,,,,,,,,,,,198.69,2,200.39,1,200.42,1,,,,,,,,,,,,,,
2025-04-10 09:32:50,197.835,197.78,1,196.98,2,198.69,2,198.69,196.98,196.98,2,195.57,1,194.65,1,,,,,,,,,,,,,,,198.69,2,200.39,1,200.42,1,,,,,,,,,,,,,,
2025-04-10 09:32:51,197.835,197.78,1,196.98,2,198.69,2,198.69,196.98,196.98,2,195.57,1,194.65,1,,,,,,,,,,,,,,,198.69,2,200.39,1,200.42,1,,,,,,,,,,,,,,
2025-04-10 09:32:52,197.705,197.78,1,196.98,2,198.43,3,198.43,196.98,196.98,2,195.57,1,194.65,1,,,,,,,,,,,,,,,198.43,3,199.92,1,200.39,1,200.42,1,,,,,,,,,,,,
2025-04-10 09:32:53,197.705,197.78,1,196.98,2,198.43,3,198.43,196.98,196.98,2,195.57,1,194.65,1,,,,,,,,,,,,,,,198.43,3,199.92,1,200.39,1,200.42,1,,,,,,,,,,,,
2025-04-10 09:32:54,197.705,197.78,1,196.98,2,198.43,3,198.43,196.98,196.98,2,195.57,1,194.65,1,,,,,,,,,,,,,,,198.43,3,199.92,1,200.39,1,200.42,1,,,,,,,,,,,,
2025-04-10 09:32:55,197.705,197.78,1,196.98,2,198.43,3,198.43,196.98,196.98,2,195.57,1,194.65,1,,,,,,,,,,,,,,,198.43,3,199.92,1,200.39,1,200.42,1,,,,,,,,,,,,
2025-04-10 09:32:56,197.705,197.78,1,196.98,2,198.43,3,198.43,196.98,196.98,2,195.57,1,194.65,1,,,,,,,,,,,,,,,198.43,3,199.92,1,200.39,1,200.42,1,,,,,,,,,,,,
2025-04-10 09:32:57,197.705,197.78,1,196.98,2,198.43,3,198.43,196.98,196.98,2,195.57,1,194.65,1,,,,,,,,,,,,,,,198.43,3,199.92,1,200.39,1,200.42,1,,,,,,,,,,,,
2025-04-10 09:32:58,197.705,197.78,1,196.98,2,198.43,3,198.43,196.98,196.98,2,195.57,1,194.65,1,,,,,,,,,,,,,,,198.43,3,199.92,1,200.39,1,200.42,1,,,,,,,,,,,,
2025-04-10 09:32:59,197.705,197.78,1,196.98,2,198.43,3,198.43,196.98,196.98,2,195.57,1,194.65,1,,,,,,,,,,,,,,,198.43,3,199.92,1,200.39,1,200.42,1,,,,,,,,,,,,
2025-04-10 09:33:00,197.705,197.78,1,196.98,2,198.43,3,198.43,196.98,196.98,2,195.57,1,194.65,1,,,,,,,,,,,,,,,198.43,3,199.92,1,200.39,1,200.42,1,,,,,,,,,,,,
2025-04-10 09:33:01,197.705,197.78,1,196.98,2,198.43,3,198.43,196.98,196.98,2,195.57,1,194.65,1,,,,,,,,,,,,,,,198.43,3,199.92,1,200.39,1,200.42,1,,,,,,,,,,,,
2025-04-10 09:33:02,197.875,197.78,1,196.98,2,198.77,2,198.77,196.98,196.98,2,195.57,1,194.65,1,,,,,,,,,,,,,,,198.77,2,199.92,1,200.39,1,200.42,1,,,,,,,,,,,,
2025-04-10 09:33:03,197.875,197.78,1,196.98,2,198.77,2,198.77,196.98,196.98,2,195.57,1,194.65,1,,,,,,,,,,,,,,,198.77,2,199.92,1,200.39,1,200.42,1,,,,,,,,,,,,
2025-04-10 09:33:04,197.875,197.78,1,196.98,2,198.77,2,198.77,196.98,196.98,2,195.57,1,194.65,1,,,,,,,,,,,,,,,198.77,2,199.92,1,200.39,1,200.42,1,,,,,,,,,,,,
2025-04-10 09:33:05,197.715,197.78,1,196.98,2,198.45,3,198.45,196.98,196.98,2,195.57,1,194.65,1,,,,,,,,,,,,,,,198.45,3,199.92,1,200.39,1,200.42,1,,,,,,,,,,,,
2025-04-10 09:33:06,197.715,197.78,1,196.98,2,198.45,3,198.45,196.98,196.98,2,195.57,1,194.65,1,,,,,,,,,,,,,,,198.45,3,199.92,1,200.39,1,200.42,1,,,,,,,,,,,,
2025-04-10 09:33:07,197.715,197.78,1,196.98,2,198.45,3,198.45,196.98,196.98,2,195.57,1,194.65,1,,,,,,,,,,,,,,,198.45,3,199.92,1,200.39,1,200.42,1,,,,,,,,,,,,
2025-04-10 09:33:08,197.715,197.78,1,196.98,2,198.45,3,198.45,196.98,196.98,2,195.57,1,194.65,1,,,,,,,,,,,,,,,198.45,3,199.92,1,200.39,1,200.42,1,,,,,,,,,,,,
2025-04-10 09:33:09,197.715,197.78,1,196.98,2,198.45,3,198.45,196.98,196.98,2,195.57,1,194.65,1,,,,,,,,,,,,,,,198.45,3,199.92,1,200.39,1,200.42,1,,,,,,,,,,,,
2025-04-10 09:33:10,197.715,197.78,1,196.98,2,198.45,3,198.45,196.98,196.98,2,195.57,1,194.65,1,,,,,,,,,,,,,,,198.45,3,199.92,1,200.39,1,200.42,1,,,,,,,,,,,,
2025-04-10 09:33:11,197.57,197.78,1,196.69,3,198.45,3,198.45,196.69,196.69,3,195.57,1,194.65,1,,,,,,,,,,,,,,,198.45,3,199.92,1,200.39,1,200.42,1,,,,,,,,,,,,
2025-04-10 09:33:12,197.57,197.78,1,196.69,3,198.45,3,198.45,196.69,196.69,3,195.57,1,194.65,1,,,,,,,,,,,,,,,198.45,3,199.92,1,200.39,1,200.42,1,,,,,,,,,,,,
2025-04-10 09:33:13,197.57,197.78,1,196.69,3,198.45,3,198.45,196.69,196.69,3,195.57,1,194.65,1,,,,,,,,,,,,,,,198.45,3,199.92,1,200.39,1,200.42,1,,,,,,,,,,,,
2025-04-10 09:33:14,197.57,197.78,1,196.69,3,198.45,3,198.45,196.69,196.69,3,195.57,1,194.65,1,,,,,,,,,,,,,,,198.45,3,199.92,1,200.39,1,200.42,1,,,,,,,,,,,,
2025-04-10 09:33:15,197.57,197.78,1,196.69,3,198.45,3,198.45,196.69,196.69,3,195.57,1,194.65,1,,,,,,,,,,,,,,,198.45,3,199.92,1,200.39,1,200.42,1,,,,,,,,,,,,
2025-04-10 09:33:16,197.57,197.78,1,196.69,3,198.45,3,198.45,196.69,196.69,3,195.57,1,194.65,1,,,,,,,,,,,,,,,198.45,3,199.92,1,200.39,1,200.42,1,,,,,,,,,,,,
2025-04-10 09:33:17,197.57,197.78,1,196.69,3,198.45,3,198.45,196.69,196.69,3,195.57,1,194.65,1,,,,,,,,,,,,,,,198.45,3,199.92,1,200.39,1,200.42,1,,,,,,,,,,,,
2025-04-10 09:33:18,197.57,197.78,1,196.69,3,198.45,3,198.45,196.69,196.69,3,195.57,1,194.65,1,,,,,,,,,,,,,,,198.45,3,199.92,1,200.39,1,200.42,1,,,,,,,,,,,,
2025-04-10 09:33:19,197.57,197.78,1,196.69,3,198.45,3,198.45,196.69,196.69,3,195.57,1,194.65,1,,,,,,,,,,,,,,,198.45,3,199.92,1,200.39,1,200.42,1,,,,,,,,,,,,
2025-04-10 09:33:20,197.865,197.78,1,197.01,3,198.72,2,198.72,197.01,197.01,3,195.57,1,194.65,1,,,,,,,,,,,,,,,198.72,2,199.92,1,200.39,1,200.42,1,,,,,,,,,,,,
2025-04-10 09:33:21,197.865,197.78,1,197.01,3,198.72,2,198.72,197.01,197.01,3,195.57,1,194.65,1,,,,,,,,,,,,,,,198.72,2,199.92,1,200.39,1,200.42,1,,,,,,,,,,,,
2025-04-10 09:33:22,197.865,197.78,1,197.01,3,198.72,2,198.72,197.01,197.01,3,195.57,1,194.65,1,,,,,,,,,,,,,,,198.72,2,199.92,1,200.39,1,200.42,1,,,,,,,,,,,,
2025-04-10 09:33:23,197.865,197.78,1,197.01,3,198.72,2,198.72,197.01,197.01,3,195.57,1,194.65,1,,,,,,,,,,,,,,,198.72,2,199.92,1,200.39,1,200.42,1,,,,,,,,,,,,
2025-04-10 09:33:24,198.025,197.78,1,197.33,3,198.72,2,198.72,197.33,197.33,3,195.57,1,194.65,1,,,,,,,,,,,,,,,198.72,2,199.92,1,200.39,1,200.42,1,,,,,,,,,,,,
2025-04-10 09:33:25,198.025,198.18,1,197.33,3,198.72,2,198.72,197.33,197.33,3,195.57,1,194.65,1,,,,,,,,,,,,,,,198.72,2,199.92,1,200.39,1,200.42,1,,,,,,,,,,,,
2025-04-10 09:33:26,198.025,198.18,1,197.33,3,198.72,2,198.72,197.33,197.33,3,195.57,1,194.65,1,,,,,,,,,,,,,,,198.72,2,199.92,1,200.39,1,200.42,1,,,,,,,,,,,,
2025-04-10 09:33:27,198.025,198.18,1,197.33,3,198.72,2,198.72,197.33,197.33,3,195.57,1,194.65,1,,,,,,,,,,,,,,,198.72,2,199.92,1,200.39,1,200.42,1,,,,,,,,,,,,
2025-04-10 09:33:28,198.025,198.18,1,197.33,3,198.72,2,198.72,197.33,197.33,3,195.57,1,194.65,1,,,,,,,,,,,,,,,198.72,2,199.92,1,200.39,1,200.42,1,,,,,,,,,,,,
2025-04-10 09:33:29,198.025,198.18,1,197.33,3,198.72,2,198.72,197.33,197.33,3,195.57,1,194.65,1,,,,,,,,,,,,,,,198.72,2,199.92,1,200.39,1,200.42,1,,,,,,,,,,,,
2025-04-10 09:33:30,198.025,198.18,1,197.33,3,198.72,2,198.72,197.33,197.33,3,195.57,1,194.65,1,,,,,,,,,,,,,,,198.72,2,199.92,1,200.39,1,200.42,1,,,,,,,,,,,,
2025-04-10 09:33:31,198.235,198.18,1,197.33,3,199.14,3,199.14,197.33,197.33,3,195.57,1,194.65,1,,,,,,,,,,,,,,,199.14,3,199.92,1,200.39,1,200.42,1,,,,,,,,,,,,
2025-04-10 09:33:32,198.235,198.18,1,197.33,3,199.14,3,199.14,197.33,197.33,3,195.57,1,194.65,1,,,,,,,,,,,,,,,199.14,3,199.92,1,200.39,1,200.42,1,,,,,,,,,,,,
2025-04-10 09:33:33,197.885,198.18,1,197.33,3,198.44,1,198.44,197.33,197.33,3,195.57,1,194.65,1,,,,,,,,,,,,,,,198.44,1,199.14,3,199.92,1,200.39,1,200.42,1,,,,,,,,,,
2025-04-10 09:33:34,198.235,198.18,1,197.33,3,199.14,3,199.14,197.33,197.33,3,195.57,1,194.65,1,,,,,,,,,,,,,,,199.14,3,199.92,1,200.39,1,200.42,1,,,,,,,,,,,,
2025-04-10 09:33:35,198.235,198.18,1,197.33,3,199.14,3,199.14,197.33,197.33,3,195.57,1,194.65,1,,,,,,,,,,,,,,,199.14,3,199.92,1,200.39,1,200.42,1,,,,,,,,,,,,
2025-04-10 09:33:36,198.235,198.18,1,197.33,3,199.14,3,199.14,197.33,197.33,3,195.57,1,194.65,1,,,,,,,,,,,,,,,199.14,3,199.92,1,200.39,1,200.42,1,,,,,,,,,,,,
2025-04-10 09:33:37,198.235,198.18,1,197.33,3,199.14,3,199.14,197.33,197.33,3,195.57,1,194.65,1,,,,,,,,,,,,,,,199.14,3,199.92,1,200.39,1,200.42,1,,,,,,,,,,,,
2025-04-10 09:33:38,198.385,198.18,1,197.63,3,199.14,3,199.14,197.63,197.63,3,197.33,3,195.57,1,194.65,1,,,,,,,,,,,,,199.14,3,199.92,1,200.39,1,200.42,1,,,,,,,,,,,,
2025-04-10 09:33:39,198.385,198.18,1,197.63,3,199.14,3,199.14,197.63,197.63,3,197.33,3,195.57,1,194.65,1,,,,,,,,,,,,,199.14,3,199.92,1,200.39,1,200.42,1,,,,,,,,,,,,
2025-04-10 09:33:40,198.385,198.18,1,197.63,3,199.14,3,199.14,197.63,197.63,3,197.33,3,195.57,1,194.65,1,,,,,,,,,,,,,199.14,3,199.92,1,200.39,1,200.42,1,,,,,,,,,,,,
2025-04-10 09:33:41,198.385,198.18,1,197.63,3,199.14,3,199.14,197.63,197.63,3,197.33,3,195.57,1,194.65,1,,,,,,,,,,,,,199.14,3,199.92,1,200.39,1,200.42,1,,,,,,,,,,,,
2025-04-10 09:33:43,198.095,198.18,1,197.63,3,198.56,3,198.56,197.63,197.63,3,197.33,3,195.57,1,194.65,1,,,,,,,,,,,,,198.56,3,199.14,3,199.92,1,200.39,1,200.42,1,,,,,,,,,,
2025-04-10 09:33:43,198.095,198.18,1,197.63,3,198.56,1,198.56,197.63,197.63,3,197.33,3,195.57,1,194.65,1,,,,,,,,,,,,,198.56,1,199.14,3,199.92,1,200.39,1,200.42,1,,,,,,,,,,
2025-04-10 09:33:44,198.385,198.18,1,197.63,3,199.14,3,199.14,197.63,197.63,3,197.33,3,195.57,1,194.65,1,,,,,,,,,,,,,199.14,3,199.92,1,200.39,1,200.42,1,,,,,,,,,,,,
2025-04-10 09:33:46,198.385,198.18,1,197.63,3,199.14,3,199.14,197.63,197.63,3,197.33,3,195.57,1,194.65,1,,,,,,,,,,,,,199.14,3,199.92,1,200.39,1,200.42,1,,,,,,,,,,,,
2025-04-10 09:33:47,198.385,198.18,1,197.63,3,199.14,3,199.14,197.63,197.63,3,197.33,3,195.57,1,194.65,1,,,,,,,,,,,,,199.14,3,199.92,1,200.39,1,200.42,1,,,,,,,,,,,,
2025-04-10 09:33:47,198.385,198.18,1,197.63,3,199.14,3,199.14,197.63,197.63,3,197.33,3,195.57,1,194.65,1,,,,,,,,,,,,,199.14,3,199.92,1,200.39,1,200.42,1,,,,,,,,,,,,
2025-04-10 09:33:49,198.385,198.18,1,197.63,3,199.14,3,199.14,197.63,197.63,3,197.33,3,195.57,1,194.65,1,,,,,,,,,,,,,199.14,3,199.92,1,200.39,1,200.42,1,,,,,,,,,,,,
2025-04-10 09:33:50,198.385,198.18,1,197.63,3,199.14,3,199.14,197.63,197.63,3,197.33,3,195.57,1,194.65,1,,,,,,,,,,,,,199.14,3,199.92,1,200.39,1,200.42,1,,,,,,,,,,,,
2025-04-10 09:33:50,198.385,198.18,1,197.63,3,199.14,3,199.14,197.63,197.63,3,197.33,3,195.57,1,194.65,1,,,,,,,,,,,,,199.14,3,199.92,1,200.39,1,200.42,1,,,,,,,,,,,,
2025-04-10 09:33:51,198.385,198.18,1,197.63,3,199.14,3,199.14,197.63,197.63,3,197.33,3,195.57,1,194.65,1,,,,,,,,,,,,,199.14,3,199.92,1,200.39,1,200.42,1,,,,,,,,,,,,
2025-04-10 09:33:53,198.385,198.18,1,197.63,3,199.14,3,199.14,197.63,197.63,3,197.33,3,195.57,1,194.65,1,,,,,,,,,,,,,199.14,3,199.92,1,200.39,1,200.42,1,,,,,,,,,,,,
2025-04-10 09:33:53,198.385,198.18,1,197.63,3,199.14,3,199.14,197.63,197.63,3,197.33,3,195.57,1,194.65,1,,,,,,,,,,,,,199.14,3,199.92,1,200.39,1,200.42,1,,,,,,,,,,,,
2025-04-10 09:33:55,198.385,198.18,1,197.63,3,199.14,3,199.14,197.63,197.63,3,197.33,3,195.57,1,194.65,1,,,,,,,,,,,,,199.14,3,199.92,1,200.39,1,200.42,1,,,,,,,,,,,,
2025-04-10 09:33:56,198.385,198.18,1,197.63,3,199.14,3,199.14,197.63,197.63,3,197.33,3,195.57,1,194.65,1,,,,,,,,,,,,,199.14,3,199.92,1,200.39,1,200.42,1,,,,,,,,,,,,
2025-04-10 09:33:57,198.11,198.18,1,197.38,2,198.84,3,198.84,197.38,197.38,2,196.03,1,195.57,1,194.65,1,,,,,,,,,,,,,198.84,3,200.38,1,200.39,1,200.42,1,,,,,,,,,,,,
2025-04-10 09:33:58,198.11,198.18,1,197.38,2,198.84,3,198.84,197.38,197.38,2,196.03,1,195.57,1,194.65,1,,,,,,,,,,,,,198.84,3,200.38,1,200.39,1,200.42,1,,,,,,,,,,,,
2025-04-10 09:33:59,198.11,198.18,1,197.38,2,198.84,3,198.84,197.38,197.38,2,196.03,1,195.57,1,194.65,1,,,,,,,,,,,,,198.84,3,200.38,1,200.39,1,200.42,1,,,,,,,,,,,,
2025-04-10 09:34:00,198.11,198.18,1,197.38,2,198.84,3,198.84,197.38,197.38,2,196.03,1,195.57,1,194.65,1,,,,,,,,,,,,,198.84,3,200.38,1,200.39,1,200.42,1,,,,,,,,,,,,
2025-04-10 09:34:01,198.11,198.18,1,197.38,2,198.84,3,198.84,197.38,197.38,2,196.03,1,195.57,1,194.65,1,,,,,,,,,,,,,198.84,3,200.38,1,200.39,1,200.42,1,,,,,,,,,,,,
2025-04-10 09:34:02,198.11,198.18,1,197.38,2,198.84,3,198.84,197.38,197.38,2,196.03,1,195.57,1,194.65,1,,,,,,,,,,,,,198.84,3,200.38,1,200.39,1,200.42,1,,,,,,,,,,,,
2025-04-10 09:34:02,198.11,198.18,1,197.38,2,198.84,3,198.84,197.38,197.38,2,196.03,1,195.57,1,194.65,1,,,,,,,,,,,,,198.84,3,200.38,1,200.39,1,200.42,1,,,,,,,,,,,,
2025-04-10 09:34:04,198.11,198.18,1,197.38,2,198.84,3,198.84,197.38,197.38,2,196.03,1,195.57,1,194.65,1,,,,,,,,,,,,,198.84,3,200.38,1,200.39,1,200.42,1,,,,,,,,,,,,
2025-04-10 09:34:04,198.11,198.18,1,197.38,2,198.84,3,198.84,197.38,197.38,2,196.03,1,195.57,1,194.65,1,,,,,,,,,,,,,198.84,3,200.38,1,200.39,1,200.42,1,,,,,,,,,,,,
2025-04-10 09:34:06,198.11,198.18,1,197.38,2,198.84,3,198.84,197.38,197.38,2,196.03,1,195.57,1,194.65,1,,,,,,,,,,,,,198.84,3,200.38,1,200.39,1,200.42,1,,,,,,,,,,,,
2025-04-10 09:34:07,198.11,198.18,1,197.38,2,198.84,3,198.84,197.38,197.38,2,196.03,1,195.57,1,194.65,1,,,,,,,,,,,,,198.84,3,200.38,1,200.39,1,200.42,1,,,,,,,,,,,,
2025-04-10 09:34:08,198.11,198.18,1,197.38,2,198.84,3,198.84,197.38,197.38,2,196.03,1,195.57,1,194.65,1,,,,,,,,,,,,,198.84,3,200.38,1,200.39,1,200.42,1,,,,,,,,,,,,
2025-04-10 09:34:09,198.11,198.18,1,197.38,2,198.84,3,198.84,197.38,197.38,2,196.03,1,195.57,1,194.65,1,,,,,,,,,,,,,198.84,3,200.38,1,200.39,1,200.42,1,,,,,,,,,,,,
2025-04-10 09:34:10,198.235,198.18,1,197.38,2,199.09,3,199.09,197.38,197.38,2,196.03,1,195.57,1,194.65,1,,,,,,,,,,,,,199.09,3,200.38,1,200.39,1,200.42,1,,,,,,,,,,,,
2025-04-10 09:34:11,198.375,198.18,1,197.66,2,199.09,3,199.09,197.66,197.66,2,196.03,1,195.57,1,194.65,1,,,,,,,,,,,,,199.09,3,200.38,1,200.39,1,200.42,1,,,,,,,,,,,,
2025-04-10 09:34:12,198.375,198.18,1,197.66,2,199.09,3,199.09,197.66,197.66,2,196.03,1,195.57,1,194.65,1,,,,,,,,,,,,,199.09,3,200.38,1,200.39,1,200.42,1,,,,,,,,,,,,
2025-04-10 09:34:13,198.375,198.18,1,197.66,2,199.09,3,199.09,197.66,197.66,2,196.03,1,195.57,1,194.65,1,,,,,,,,,,,,,199.09,3,200.38,1,200.39,1,200.42,1,,,,,,,,,,,,
2025-04-10 09:34:14,198.375,198.18,1,197.66,2,199.09,3,199.09,197.66,197.66,2,196.03,1,195.57,1,194.65,1,,,,,,,,,,,,,199.09,3,200.38,1,200.39,1,200.42,1,,,,,,,,,,,,
2025-04-10 09:34:15,198.375,198.18,1,197.66,2,199.09,3,199.09,197.66,197.66,2,196.03,1,195.57,1,194.65,1,,,,,,,,,,,,,199.09,3,200.38,1,200.39,1,200.42,1,,,,,,,,,,,,
2025-04-10 09:34:16,198.375,198.18,1,197.66,2,199.09,3,199.09,197.66,197.66,2,196.03,1,195.57,1,194.65,1,,,,,,,,,,,,,199.09,3,200.38,1,200.39,1,200.42,1,,,,,,,,,,,,
2025-04-10 09:34:17,198.375,198.18,1,197.66,2,199.09,3,199.09,197.66,197.66,2,196.03,1,195.57,1,194.65,1,,,,,,,,,,,,,199.09,3,200.38,1,200.39,1,200.42,1,,,,,,,,,,,,
2025-04-10 09:34:18,198.64,198.18,1,197.91,2,199.37,3,199.37,197.91,197.91,2,196.03,1,195.57,1,194.65,1,,,,,,,,,,,,,199.37,3,200.38,1,200.39,1,200.42,1,,,,,,,,,,,,
2025-04-10 09:34:19,198.64,198.18,1,197.91,2,199.37,3,199.37,197.91,197.91,2,196.03,1,195.57,1,194.65,1,,,,,,,,,,,,,199.37,3,200.38,1,200.39,1,200.42,1,,,,,,,,,,,,
2025-04-10 09:34:20,198.64,198.18,1,197.91,2,199.37,3,199.37,197.91,197.91,2,196.03,1,195.57,1,194.65,1,,,,,,,,,,,,,199.37,3,200.38,1,200.39,1,200.42,1,,,,,,,,,,,,
2025-04-10 09:34:21,198.64,198.18,1,197.91,2,199.37,3,199.37,197.91,197.91,2,196.03,1,195.57,1,194.65,1,,,,,,,,,,,,,199.37,3,200.38,1,200.39,1,200.42,1,,,,,,,,,,,,
2025-04-10 09:34:22,198.64,198.18,1,197.91,2,199.37,3,199.37,197.91,197.91,2,196.03,1,195.57,1,194.65,1,,,,,,,,,,,,,199.37,3,200.38,1,200.39,1,200.42,1,,,,,,,,,,,,
2025-04-10 09:34:23,198.64,198.18,1,197.91,2,199.37,3,199.37,197.91,197.91,2,196.03,1,195.57,1,194.65,1,,,,,,,,,,,,,199.37,3,200.38,1,200.39,1,200.42,1,,,,,,,,,,,,
2025-04-10 09:34:24,198.64,198.18,1,197.91,2,199.37,3,199.37,197.91,197.91,2,196.03,1,195.57,1,194.65,1,,,,,,,,,,,,,199.37,3,200.38,1,200.39,1,200.42,1,,,,,,,,,,,,
2025-04-10 09:34:25,198.64,198.18,1,197.91,2,199.37,3,199.37,197.91,197.91,2,196.03,1,195.57,1,194.65,1,,,,,,,,,,,,,199.37,3,200.38,1,200.39,1,200.42,1,,,,,,,,,,,,
2025-04-10 09:34:26,198.64,198.18,1,197.91,2,199.37,3,199.37,197.91,197.91,2,196.03,1,195.57,1,194.65,1,,,,,,,,,,,,,199.37,3,200.38,1,200.39,1,200.42,1,,,,,,,,,,,,
2025-04-10 09:34:27,198.64,198.18,1,197.91,2,199.37,3,199.37,197.91,197.91,2,196.03,1,195.57,1,194.65,1,,,,,,,,,,,,,199.37,3,200.38,1,200.39,1,200.42,1,,,,,,,,,,,,
2025-04-10 09:34:28,198.64,198.18,1,197.91,2,199.37,3,199.37,197.91,197.91,2,196.03,1,195.57,1,194.65,1,,,,,,,,,,,,,199.37,3,200.38,1,200.39,1,200.42,1,,,,,,,,,,,,
2025-04-10 09:34:29,198.64,198.18,1,197.91,2,199.37,3,199.37,197.91,197.91,2,196.03,1,195.57,1,194.65,1,,,,,,,,,,,,,199.37,3,200.38,1,200.39,1,200.42,1,,,,,,,,,,,,
2025-04-10 09:34:30,198.64,198.18,1,197.91,2,199.37,3,199.37,197.91,197.91,2,196.03,1,195.57,1,194.65,1,,,,,,,,,,,,,199.37,3,200.38,1,200.39,1,200.42,1,,,,,,,,,,,,
2025-04-10 09:34:31,198.64,198.18,1,197.91,2,199.37,3,199.37,197.91,197.91,2,196.03,1,195.57,1,194.65,1,,,,,,,,,,,,,199.37,3,200.38,1,200.39,1,200.42,1,,,,,,,,,,,,
2025-04-10 09:34:32,198.64,198.18,1,197.91,2,199.37,3,199.37,197.91,197.91,2,196.03,1,195.57,1,194.65,1,,,,,,,,,,,,,199.37,3,200.38,1,200.39,1,200.42,1,,,,,,,,,,,,
2025-04-10 09:34:33,198.64,198.18,1,197.91,2,199.37,3,199.37,197.91,197.91,2,196.03,1,195.57,1,194.65,1,,,,,,,,,,,,,199.37,3,200.38,1,200.39,1,200.42,1,,,,,,,,,,,,
2025-04-10 09:34:34,198.64,198.18,1,197.91,2,199.37,3,199.37,197.91,197.91,2,196.03,1,195.57,1,194.65,1,,,,,,,,,,,,,199.37,3,200.38,1,200.39,1,200.42,1,,,,,,,,,,,,
2025-04-10 09:34:35,198.64,198.18,1,197.91,2,199.37,3,199.37,197.91,197.91,2,196.03,1,195.57,1,194.65,1,,,,,,,,,,,,,199.37,3,200.38,1,200.39,1,200.42,1,,,,,,,,,,,,
2025-04-10 09:34:36,198.505,198.18,1,197.64,3,199.37,3,199.37,197.64,197.64,3,196.03,1,195.57,1,194.65,1,,,,,,,,,,,,,199.37,3,200.38,1,200.39,1,200.42,1,,,,,,,,,,,,
2025-04-10 09:34:37,198.505,198.18,1,197.64,3,199.37,3,199.37,197.64,197.64,3,196.03,1,195.57,1,194.65,1,,,,,,,,,,,,,199.37,3,200.38,1,200.39,1,200.42,1,,,,,,,,,,,,
2025-04-10 09:34:38,198.505,198.18,1,197.64,3,199.37,3,199.37,197.64,197.64,3,196.03,1,195.57,1,194.65,1,,,,,,,,,,,,,199.37,3,200.38,1,200.39,1,200.42,1,,,,,,,,,,,,
2025-04-10 09:34:39,198.505,198.4,1,197.64,3,199.37,3,199.37,197.64,197.64,3,196.03,1,195.57,1,194.65,1,,,,,,,,,,,,,199.37,3,200.38,1,200.39,1,200.42,1,,,,,,,,,,,,
2025-04-10 09:34:40,198.38,198.4,1,197.64,3,199.12,2,199.12,197.64,197.64,3,196.03,1,195.57,1,194.65,1,,,,,,,,,,,,,199.12,2,200.38,1,200.39,1,200.42,1,,,,,,,,,,,,
2025-04-10 09:34:41,198.38,198.4,1,197.64,3,199.12,2,199.12,197.64,197.64,3,196.03,1,195.57,1,194.65,1,,,,,,,,,,,,,199.12,2,200.38,1,200.39,1,200.42,1,,,,,,,,,,,,
2025-04-10 09:34:42,198.38,198.4,1,197.64,3,199.12,2,199.12,197.64,197.64,3,196.03,1,195.57,1,194.65,1,,,,,,,,,,,,,199.12,2,200.38,1,200.39,1,200.42,1,,,,,,,,,,,,
2025-04-10 09:34:43,198.115,198.25,1,197.64,3,198.59,1,198.59,197.64,197.64,3,196.03,1,195.57,1,194.65,1,,,,,,,,,,,,,198.59,1,199.12,2,200.38,1,200.39,1,200.42,1,,,,,,,,,,
2025-04-10 09:34:44,198.115,198.25,1,197.64,3,198.59,1,198.59,197.64,197.64,3,196.03,1,195.57,1,194.65,1,,,,,,,,,,,,,198.59,1,199.12,2,200.38,1,200.39,1,200.42,1,,,,,,,,,,
2025-04-10 09:34:45,198.115,198.25,1,197.64,3,198.59,1,198.59,197.64,197.64,3,196.03,1,195.57,1,194.65,1,,,,,,,,,,,,,198.59,1,199.12,2,200.38,1,200.39,1,200.42,1,,,,,,,,,,
2025-04-10 09:34:46,198.38,198.25,1,197.64,3,199.12,2,199.12,197.64,197.64,3,196.03,1,195.57,1,194.65,1,,,,,,,,,,,,,199.12,2,200.38,1,200.39,1,200.42,1,,,,,,,,,,,,
2025-04-10 09:34:47,198.38,198.25,1,197.64,3,199.12,2,199.12,197.64,197.64,3,196.03,1,195.57,1,194.65,1,,,,,,,,,,,,,199.12,2,200.38,1,200.39,1,200.42,1,,,,,,,,,,,,
2025-04-10 09:34:48,198.38,198.25,1,197.64,3,199.12,2,199.12,197.64,197.64,3,196.03,1,195.57,1,194.65,1,,,,,,,,,,,,,199.12,2,200.38,1,200.39,1,200.42,1,,,,,,,,,,,,
2025-04-10 09:34:49,198.38,198.25,1,197.64,3,199.12,2,199.12,197.64,197.64,3,196.03,1,195.57,1,194.65,1,,,,,,,,,,,,,199.12,2,200.38,1,200.39,1,200.42,1,,,,,,,,,,,,
2025-04-10 09:34:50,198.38,198.25,1,197.64,3,199.12,2,199.12,197.64,197.64,3,196.03,1,195.57,1,194.65,1,,,,,,,,,,,,,199.12,2,200.38,1,200.39,1,200.42,1,,,,,,,,,,,,
2025-04-10 09:34:51,198.38,198.25,1,197.64,3,199.12,2,199.12,197.64,197.64,3,196.03,1,195.57,1,194.65,1,,,,,,,,,,,,,199.12,2,200.38,1,200.39,1,200.42,1,,,,,,,,,,,,
2025-04-10 09:34:52,198.38,198.25,1,197.64,3,199.12,2,199.12,197.64,197.64,3,196.03,1,195.57,1,194.65,1,,,,,,,,,,,,,199.12,2,200.38,1,200.39,1,200.42,1,,,,,,,,,,,,
2025-04-10 09:34:53,198.38,198.25,1,197.64,3,199.12,2,199.12,197.64,197.64,3,196.03,1,195.57,1,194.65,1,,,,,,,,,,,,,199.12,2,200.38,1,200.39,1,200.42,1,,,,,,,,,,,,
2025-04-10 09:34:54,198.38,198.25,1,197.64,3,199.12,2,199.12,197.64,197.64,3,196.03,1,195.57,1,194.65,1,,,,,,,,,,,,,199.12,2,200.38,1,200.39,1,200.42,1,,,,,,,,,,,,
2025-04-10 09:34:55,198.25,198.25,1,197.64,3,198.86,3,198.86,197.64,197.64,3,196.03,1,195.57,1,194.65,1,,,,,,,,,,,,,198.86,3,200.38,1,200.39,1,200.42,1,,,,,,,,,,,,
2025-04-10 09:34:56,198.25,198.25,1,197.64,3,198.86,3,198.86,197.64,197.64,3,196.03,1,195.57,1,194.65,1,,,,,,,,,,,,,198.86,3,200.38,1,200.39,1,200.42,1,,,,,,,,,,,,
2025-04-10 09:34:57,198.25,198.25,1,197.64,3,198.86,3,198.86,197.64,197.64,3,196.03,1,195.57,1,194.65,1,,,,,,,,,,,,,198.86,3,200.38,1,200.39,1,200.42,1,,,,,,,,,,,,
2025-04-10 09:34:58,198.25,198.25,1,197.64,3,198.86,3,198.86,197.64,197.64,3,196.03,1,195.57,1,194.65,1,,,,,,,,,,,,,198.86,3,200.38,1,200.39,1,200.42,1,,,,,,,,,,,,
2025-04-10 09:34:59,198.25,198.25,1,197.64,3,198.86,3,198.86,197.64,197.64,3,196.03,1,195.57,1,194.65,1,,,,,,,,,,,,,198.86,3,200.38,1,200.39,1,200.42,1,,,,,,,,,,,,
2025-04-10 09:35:00,198.25,198.25,1,197.64,3,198.86,3,198.86,197.64,197.64,3,196.03,1,195.57,1,194.65,1,,,,,,,,,,,,,198.86,3,200.38,1,200.39,1,200.42,1,,,,,,,,,,,,
2025-04-10 09:35:01,198.25,198.25,1,197.64,3,198.86,3,198.86,197.64,197.64,3,196.03,1,195.57,1,194.65,1,,,,,,,,,,,,,198.86,3,200.38,1,200.39,1,200.42,1,,,,,,,,,,,,
2025-04-10 09:35:02,198.25,198.25,1,197.64,3,198.86,3,198.86,197.64,197.64,3,196.03,1,195.57,1,194.65,1,,,,,,,,,,,,,198.86,3,200.38,1,200.39,1,200.42,1,,,,,,,,,,,,
2025-04-10 09:35:03,198.25,198.25,1,197.64,3,198.86,3,198.86,197.64,197.64,3,196.03,1,195.57,1,194.65,1,,,,,,,,,,,,,198.86,3,200.38,1,200.39,1,200.42,1,,,,,,,,,,,,
2025-04-10 09:35:04,198.25,198.25,1,197.64,3,198.86,3,198.86,197.64,197.64,3,196.03,1,195.57,1,194.65,1,,,,,,,,,,,,,198.86,3,200.38,1,200.39,1,200.42,1,,,,,,,,,,,,
2025-04-10 09:35:05,198.25,198.25,1,197.64,3,198.86,3,198.86,197.64,197.64,3,196.03,1,195.57,1,194.65,1,,,,,,,,,,,,,198.86,3,200.38,1,200.39,1,200.42,1,,,,,,,,,,,,
2025-04-10 09:35:06,198.25,198.25,1,197.64,3,198.86,3,198.86,197.64,197.64,3,196.03,1,195.57,1,194.65,1,,,,,,,,,,,,,198.86,3,200.38,1,200.39,1,200.42,1,,,,,,,,,,,,
2025-04-10 09:35:07,198.25,198.25,1,197.64,3,198.86,3,198.86,197.64,197.64,3,196.03,1,195.57,1,194.65,1,,,,,,,,,,,,,198.86,3,200.38,1,200.39,1,200.42,1,,,,,,,,,,,,
2025-04-10 09:35:08,198.25,198.25,1,197.64,3,198.86,3,198.86,197.64,197.64,3,196.03,1,195.57,1,194.65,1,,,,,,,,,,,,,198.86,3,200.38,1,200.39,1,200.42,1,,,,,,,,,,,,
2025-04-10 09:35:09,198.25,198.25,1,197.64,3,198.86,3,198.86,197.64,197.64,3,196.03,1,195.57,1,194.65,1,,,,,,,,,,,,,198.86,3,200.38,1,200.39,1,200.42,1,,,,,,,,,,,,
2025-04-10 09:35:10,198.25,198.25,1,197.64,3,198.86,3,198.86,197.64,197.64,3,196.03,1,195.57,1,194.65,1,,,,,,,,,,,,,198.86,3,200.38,1,200.39,1,200.42,1,,,,,,,,,,,,
2025-04-10 09:35:11,198.25,198.25,1,197.64,3,198.86,3,198.86,197.64,197.64,3,196.03,1,195.57,1,194.65,1,,,,,,,,,,,,,198.86,3,200.38,1,200.39,1,200.42,1,,,,,,,,,,,,
2025-04-10 09:35:12,198.25,198.25,1,197.64,3,198.86,3,198.86,197.64,197.64,3,196.03,1,195.57,1,194.65,1,,,,,,,,,,,,,198.86,3,200.38,1,200.39,1,200.42,1,,,,,,,,,,,,
2025-04-10 09:35:13,198.25,198.25,1,197.64,3,198.86,3,198.86,197.64,197.64,3,196.03,1,195.57,1,194.65,1,,,,,,,,,,,,,198.86,3,200.38,1,200.39,1,200.42,1,,,,,,,,,,,,
2025-04-10 09:35:14,198.25,198.25,1,197.64,3,198.86,3,198.86,197.64,197.64,3,196.03,1,195.57,1,194.65,1,,,,,,,,,,,,,198.86,3,200.38,1,200.39,1,200.42,1,,,,,,,,,,,,
2025-04-10 09:35:15,198.25,198.25,1,197.64,3,198.86,3,198.86,197.64,197.64,3,196.03,1,195.57,1,194.65,1,,,,,,,,,,,,,198.86,3,200.38,1,200.39,1,200.42,1,,,,,,,,,,,,
2025-04-10 09:35:16,198.1,198.25,1,197.34,3,198.86,3,198.86,197.34,197.34,3,196.03,1,195.57,1,194.65,1,,,,,,,,,,,,,198.86,3,200.38,1,200.39,1,200.42,1,,,,,,,,,,,,
2025-04-10 09:35:17,198.1,198.25,1,197.34,3,198.86,3,198.86,197.34,197.34,3,196.03,1,195.57,1,194.65,1,,,,,,,,,,,,,198.86,3,200.38,1,200.39,1,200.42,1,,,,,,,,,,,,
2025-04-10 09:35:18,198.1,198.25,1,197.34,3,198.86,3,198.86,197.34,197.34,3,196.03,1,195.57,1,194.65,1,,,,,,,,,,,,,198.86,3,200.38,1,200.39,1,200.42,1,,,,,,,,,,,,
2025-04-10 09:35:19,198.1,198.25,1,197.34,3,198.86,3,198.86,197.34,197.34,3,196.03,1,195.57,1,194.65,1,,,,,,,,,,,,,198.86,3,200.38,1,200.39,1,200.42,1,,,,,,,,,,,,
2025-04-10 09:35:20,198.1,198.25,1,197.34,3,198.86,3,198.86,197.34,197.34,3,196.03,1,195.57,1,194.65,1,,,,,,,,,,,,,198.86,3,200.38,1,200.39,1,200.42,1,,,,,,,,,,,,
2025-04-10 09:35:21,198.1,198.25,1,197.34,3,198.86,3,198.86,197.34,197.34,3,196.03,1,195.57,1,194.65,1,,,,,,,,,,,,,198.86,3,200.38,1,200.39,1,200.42,1,,,,,,,,,,,,
2025-04-10 09:35:22,198.1,198.25,1,197.34,3,198.86,3,198.86,197.34,197.34,3,196.03,1,195.57,1,194.65,1,,,,,,,,,,,,,198.86,3,200.38,1,200.39,1,200.42,1,,,,,,,,,,,,
2025-04-10 09:35:23,198.1,198.25,1,197.34,3,198.86,3,198.86,197.34,197.34,3,196.03,1,195.57,1,194.65,1,,,,,,,,,,,,,198.86,3,200.38,1,200.39,1,200.42,1,,,,,,,,,,,,
2025-04-10 09:35:24,198.1,198.25,1,197.34,3,198.86,3,198.86,197.34,197.34,3,196.03,1,195.57,1,194.65,1,,,,,,,,,,,,,198.86,3,200.38,1,200.39,1,200.42,1,,,,,,,,,,,,
2025-04-10 09:35:25,198.1,198.25,1,197.34,3,198.86,3,198.86,197.34,197.34,3,196.03,1,195.57,1,194.65,1,,,,,,,,,,,,,198.86,3,200.38,1,200.39,1,200.42,1,,,,,,,,,,,,
2025-04-10 09:35:26,197.825,198.12,1,197.34,3,198.31,1,198.31,197.34,197.34,3,196.03,1,195.57,1,194.65,1,,,,,,,,,,,,,198.31,1,198.61,2,200.38,1,200.39,1,200.42,1,,,,,,,,,,
2025-04-10 09:35:27,197.975,198.12,1,197.34,3,198.61,2,198.61,197.34,197.34,3,196.03,1,195.57,1,194.65,1,,,,,,,,,,,,,198.61,2,200.38,1,200.39,1,200.42,1,,,,,,,,,,,,
2025-04-10 09:35:28,197.975,198.12,1,197.34,3,198.61,2,198.61,197.34,197.34,3,196.03,1,195.57,1,194.65,1,,,,,,,,,,,,,198.61,2,200.38,1,200.39,1,200.42,1,,,,,,,,,,,,
2025-04-10 09:35:29,197.975,198.12,1,197.34,3,198.61,2,198.61,197.34,197.34,3,196.03,1,195.57,1,194.65,1,,,,,,,,,,,,,198.61,2,200.38,1,200.39,1,200.42,1,,,,,,,,,,,,
2025-04-10 09:35:30,197.975,198.12,1,197.34,3,198.61,2,198.61,197.34,197.34,3,196.03,1,195.57,1,194.65,1,,,,,,,,,,,,,198.61,2,200.38,1,200.39,1,200.42,1,,,,,,,,,,,,
2025-04-10 09:35:31,197.975,198.12,1,197.34,3,198.61,2,198.61,197.34,197.34,3,196.03,1,195.57,1,194.65,1,,,,,,,,,,,,,198.61,2,200.38,1,200.39,1,200.42,1,,,,,,,,,,,,
2025-04-10 09:35:32,197.975,198.12,1,197.34,3,198.61,2,198.61,197.34,197.34,3,196.03,1,195.57,1,194.65,1,,,,,,,,,,,,,198.61,2,200.38,1,200.39,1,200.42,1,,,,,,,,,,,,
2025-04-10 09:35:33,197.975,198.12,1,197.34,3,198.61,2,198.61,197.34,197.34,3,196.03,1,195.57,1,194.65,1,,,,,,,,,,,,,198.61,2,200.38,1,200.39,1,200.42,1,,,,,,,,,,,,
2025-04-10 09:35:34,197.975,198.12,1,197.34,3,198.61,2,198.61,197.34,197.34,3,196.03,1,195.57,1,194.65,1,,,,,,,,,,,,,198.61,2,200.38,1,200.39,1,200.42,1,,,,,,,,,,,,
2025-04-10 09:35:35,197.975,198.12,1,197.34,3,198.61,2,198.61,197.34,197.34,3,196.03,1,195.57,1,194.65,1,,,,,,,,,,,,,198.61,2,200.38,1,200.39,1,200.42,1,,,,,,,,,,,,
2025-04-10 09:35:36,198.085,198.14,1,197.34,3,198.83,3,198.83,197.34,197.34,3,196.03,1,195.57,1,194.65,1,,,,,,,,,,,,,198.83,3,200.38,1,200.39,1,200.42,1,,,,,,,,,,,,
2025-04-10 09:35:37,198.335,198.14,1,197.84,1,198.83,3,198.83,197.84,197.84,1,197.34,3,196.03,1,195.57,1,194.65,1,,,,,,,,,,,198.83,3,200.38,1,200.39,1,200.42,1,,,,,,,,,,,,
2025-04-10 09:35:38,198.335,198.14,1,197.84,1,198.83,3,198.83,197.84,197.84,1,197.34,3,196.03,1,195.57,1,194.65,1,,,,,,,,,,,198.83,3,200.38,1,200.39,1,200.42,1,,,,,,,,,,,,
2025-04-10 09:35:39,198.085,198.14,1,197.34,3,198.83,3,198.83,197.34,197.34,3,196.03,1,195.57,1,194.65,1,,,,,,,,,,,,,198.83,3,200.38,1,200.39,1,200.42,1,,,,,,,,,,,,
2025-04-10 09:35:40,198.085,198.14,1,197.34,3,198.83,3,198.83,197.34,197.34,3,196.03,1,195.57,1,194.65,1,,,,,,,,,,,,,198.83,3,200.38,1,200.39,1,200.42,1,,,,,,,,,,,,
2025-04-10 09:35:41,198.085,198.14,1,197.34,3,198.83,3,198.83,197.34,197.34,3,196.03,1,195.57,1,194.65,1,,,,,,,,,,,,,198.83,3,200.38,1,200.39,1,200.42,1,,,,,,,,,,,,
2025-04-10 09:35:42,198.085,198.14,1,197.34,3,198.83,3,198.83,197.34,197.34,3,196.03,1,195.57,1,194.65,1,,,,,,,,,,,,,198.83,3,200.38,1,200.39,1,200.42,1,,,,,,,,,,,,
2025-04-10 09:35:43,198.085,198.14,1,197.34,3,198.83,3,198.83,197.34,197.34,3,196.03,1,195.57,1,194.65,1,,,,,,,,,,,,,198.83,3,200.38,1,200.39,1,200.42,1,,,,,,,,,,,,
2025-04-10 09:35:44,198.085,198.14,1,197.34,3,198.83,3,198.83,197.34,197.34,3,196.03,1,195.57,1,194.65,1,,,,,,,,,,,,,198.83,3,200.38,1,200.39,1,200.42,1,,,,,,,,,,,,
2025-04-10 09:35:45,198.085,198.14,1,197.34,3,198.83,3,198.83,197.34,197.34,3,196.03,1,195.57,1,194.65,1,,,,,,,,,,,,,198.83,3,200.38,1,200.39,1,200.42,1,,,,,,,,,,,,
2025-04-10 09:35:46,198.085,198.14,1,197.34,3,198.83,3,198.83,197.34,197.34,3,196.03,1,195.57,1,194.65,1,,,,,,,,,,,,,198.83,3,200.38,1,200.39,1,200.42,1,,,,,,,,,,,,
2025-04-10 09:35:47,198.085,198.14,1,197.34,3,198.83,3,198.83,197.34,197.34,3,196.03,1,195.57,1,194.65,1,,,,,,,,,,,,,198.83,3,200.38,1,200.39,1,200.42,1,,,,,,,,,,,,
2025-04-10 09:35:48,198.085,198.14,1,197.34,3,198.83,3,198.83,197.34,197.34,3,196.03,1,195.57,1,194.65,1,,,,,,,,,,,,,198.83,3,200.38,1,200.39,1,200.42,1,,,,,,,,,,,,
2025-04-10 09:35:49,198.085,198.14,1,197.34,3,198.83,3,198.83,197.34,197.34,3,196.03,1,195.57,1,194.65,1,,,,,,,,,,,,,198.83,3,200.38,1,200.39,1,200.42,1,,,,,,,,,,,,
2025-04-10 09:35:50,198.085,198.14,1,197.34,3,198.83,3,198.83,197.34,197.34,3,196.03,1,195.57,1,194.65,1,,,,,,,,,,,,,198.83,3,200.38,1,200.39,1,200.42,1,,,,,,,,,,,,
2025-04-10 09:35:51,198.215,198.14,1,197.6,2,198.83,3,198.83,197.6,197.6,2,196.03,1,195.57,1,194.65,1,,,,,,,,,,,,,198.83,3,200.38,1,200.39,1,200.42,1,,,,,,,,,,,,
2025-04-10 09:35:52,198.215,198.14,1,197.6,2,198.83,3,198.83,197.6,197.6,2,196.03,1,195.57,1,194.65,1,,,,,,,,,,,,,198.83,3,200.38,1,200.39,1,200.42,1,,,,,,,,,,,,
2025-04-10 09:35:53,198.215,198.14,1,197.6,2,198.83,3,198.83,197.6,197.6,2,196.03,1,195.57,1,194.65,1,,,,,,,,,,,,,198.83,3,200.38,1,200.39,1,200.42,1,,,,,,,,,,,,
2025-04-10 09:35:54,198.215,198.14,1,197.6,2,198.83,3,198.83,197.6,197.6,2,196.03,1,195.57,1,194.65,1,,,,,,,,,,,,,198.83,3,200.38,1,200.39,1,200.42,1,,,,,,,,,,,,
2025-04-10 09:35:55,198.215,198.14,1,197.6,2,198.83,3,198.83,197.6,197.6,2,196.03,1,195.57,1,194.65,1,,,,,,,,,,,,,198.83,3,200.38,1,200.39,1,200.42,1,,,,,,,,,,,,
2025-04-10 09:35:56,198.215,198.14,1,197.6,2,198.83,3,198.83,197.6,197.6,2,196.03,1,195.57,1,194.65,1,,,,,,,,,,,,,198.83,3,200.38,1,200.39,1,200.42,1,,,,,,,,,,,,
2025-04-10 09:35:57,198.215,198.14,1,197.6,2,198.83,3,198.83,197.6,197.6,2,196.03,1,195.57,1,194.65,1,,,,,,,,,,,,,198.83,3,200.38,1,200.39,1,200.42,1,,,,,,,,,,,,
2025-04-10 09:35:58,198.215,198.14,1,197.6,2,198.83,3,198.83,197.6,197.6,2,196.03,1,195.57,1,194.65,1,,,,,,,,,,,,,198.83,3,200.38,1,200.39,1,200.42,1,,,,,,,,,,,,
2025-04-10 09:35:59,198.215,198.14,1,197.6,2,198.83,3,198.83,197.6,197.6,2,196.03,1,195.57,1,194.65,1,,,,,,,,,,,,,198.83,3,200.38,1,200.39,1,200.42,1,,,,,,,,,,,,
2025-04-10 09:36:00,198.215,198.14,1,197.6,2,198.83,3,198.83,197.6,197.6,2,196.03,1,195.57,1,194.65,1,,,,,,,,,,,,,198.83,3,200.38,1,200.39,1,200.42,1,,,,,,,,,,,,
2025-04-10 09:36:01,198.215,198.14,1,197.6,2,198.83,3,198.83,197.6,197.6,2,196.03,1,195.57,1,194.65,1,,,,,,,,,,,,,198.83,3,200.38,1,200.39,1,200.42,1,,,,,,,,,,,,
2025-04-10 09:36:02,198.215,198.14,1,197.6,2,198.83,3,198.83,197.6,197.6,2,196.03,1,195.57,1,194.65,1,,,,,,,,,,,,,198.83,3,200.38,1,200.39,1,200.42,1,,,,,,,,,,,,
2025-04-10 09:36:03,198.215,198.14,1,197.6,2,198.83,3,198.83,197.6,197.6,2,196.03,1,195.57,1,194.65,1,,,,,,,,,,,,,198.83,3,200.38,1,200.39,1,200.42,1,,,,,,,,,,,,
2025-04-10 09:36:04,198.215,198.14,1,197.6,2,198.83,3,198.83,197.6,197.6,2,196.03,1,195.57,1,194.65,1,,,,,,,,,,,,,198.83,3,200.38,1,200.39,1,200.42,1,,,,,,,,,,,,
2025-04-10 09:36:05,198.47,198.14,1,197.87,3,199.07,3,199.07,197.87,197.87,3,196.03,1,195.57,1,194.65,1,,,,,,,,,,,,,199.07,3,200.38,1,200.39,1,200.42,1,,,,,,,,,,,,
2025-04-10 09:36:06,198.47,198.14,1,197.87,3,199.07,3,199.07,197.87,197.87,3,196.03,1,195.57,1,194.65,1,,,,,,,,,,,,,199.07,3,200.38,1,200.39,1,200.42,1,,,,,,,,,,,,
2025-04-10 09:36:07,198.47,198.14,1,197.87,3,199.07,3,199.07,197.87,197.87,3,196.03,1,195.57,1,194.65,1,,,,,,,,,,,,,199.07,3,200.38,1,200.39,1,200.42,1,,,,,,,,,,,,
2025-04-10 09:36:08,198.47,198.14,1,197.87,3,199.07,3,199.07,197.87,197.87,3,196.03,1,195.57,1,194.65,1,,,,,,,,,,,,,199.07,3,200.38,1,200.39,1,200.42,1,,,,,,,,,,,,
2025-04-10 09:36:09,198.47,198.14,1,197.87,3,199.07,3,199.07,197.87,197.87,3,196.03,1,195.57,1,194.65,1,,,,,,,,,,,,,199.07,3,200.38,1,200.39,1,200.42,1,,,,,,,,,,,,
2025-04-10 09:36:10,198.47,198.14,1,197.87,3,199.07,3,199.07,197.87,197.87,3,196.03,1,195.57,1,194.65,1,,,,,,,,,,,,,199.07,3,200.38,1,200.39,1,200.42,1,,,,,,,,,,,,
2025-04-10 09:36:11,198.47,198.14,1,197.87,3,199.07,3,199.07,197.87,197.87,3,196.03,1,195.57,1,194.65,1,,,,,,,,,,,,,199.07,3,200.38,1,200.39,1,200.42,1,,,,,,,,,,,,
2025-04-10 09:36:12,198.47,198.14,1,197.87,3,199.07,3,199.07,197.87,197.87,3,196.03,1,195.57,1,194.65,1,,,,,,,,,,,,,199.07,3,200.38,1,200.39,1,200.42,1,,,,,,,,,,,,
2025-04-10 09:36:13,198.47,198.14,1,197.87,3,199.07,3,199.07,197.87,197.87,3,196.03,1,195.57,1,194.65,1,,,,,,,,,,,,,199.07,3,200.38,1,200.39,1,200.42,1,,,,,,,,,,,,
2025-04-10 09:36:14,198.47,198.14,1,197.87,3,199.07,3,199.07,197.87,197.87,3,196.03,1,195.57,1,194.65,1,,,,,,,,,,,,,199.07,3,200.38,1,200.39,1,200.42,1,,,,,,,,,,,,
2025-04-10 09:36:15,198.47,198.14,1,197.87,3,199.07,3,199.07,197.87,197.87,3,196.03,1,195.57,1,194.65,1,,,,,,,,,,,,,199.07,3,200.38,1,200.39,1,200.42,1,,,,,,,,,,,,
2025-04-10 09:36:16,198.47,198.14,1,197.87,3,199.07,3,199.07,197.87,197.87,3,196.03,1,195.57,1,194.65,1,,,,,,,,,,,,,199.07,3,200.38,1,200.39,1,200.42,1,,,,,,,,,,,,
2025-04-10 09:36:17,198.47,198.14,1,197.87,3,199.07,3,199.07,197.87,197.87,3,196.03,1,195.57,1,194.65,1,,,,,,,,,,,,,199.07,3,200.38,1,200.39,1,200.42,1,,,,,,,,,,,,
2025-04-10 09:36:18,198.47,198.14,1,197.87,3,199.07,3,199.07,197.87,197.87,3,196.03,1,195.57,1,194.65,1,,,,,,,,,,,,,199.07,3,200.38,1,200.39,1,200.42,1,,,,,,,,,,,,
2025-04-10 09:36:19,198.47,198.14,1,197.87,3,199.07,3,199.07,197.87,197.87,3,196.03,1,195.57,1,194.65,1,,,,,,,,,,,,,199.07,3,200.38,1,200.39,1,200.42,1,,,,,,,,,,,,
2025-04-10 09:36:20,198.47,198.14,1,197.87,3,199.07,3,199.07,197.87,197.87,3,196.03,1,195.57,1,194.65,1,,,,,,,,,,,,,199.07,3,200.38,1,200.39,1,200.42,1,,,,,,,,,,,,
2025-04-10 09:36:21,198.58,198.14,1,197.87,3,199.29,3,199.29,197.87,197.87,3,196.03,1,195.57,1,194.65,1,,,,,,,,,,,,,199.29,3,200.38,1,200.39,1,200.42,1,,,,,,,,,,,,
2025-04-10 09:36:22,198.58,198.14,1,197.87,3,199.29,3,199.29,197.87,197.87,3,196.03,1,195.57,1,194.65,1,,,,,,,,,,,,,199.29,3,200.38,1,200.39,1,200.42,1,,,,,,,,,,,,
2025-04-10 09:36:23,198.58,198.14,1,197.87,3,199.29,3,199.29,197.87,197.87,3,196.03,1,195.57,1,194.65,1,,,,,,,,,,,,,199.29,3,200.38,1,200.39,1,200.42,1,,,,,,,,,,,,
2025-04-10 09:36:24,198.58,198.14,1,197.87,3,199.29,3,199.29,197.87,197.87,3,196.03,1,195.57,1,194.65,1,,,,,,,,,,,,,199.29,3,200.38,1,200.39,1,200.42,1,,,,,,,,,,,,
2025-04-10 09:36:25,198.58,198.14,1,197.87,3,199.29,3,199.29,197.87,197.87,3,196.03,1,195.57,1,194.65,1,,,,,,,,,,,,,199.29,3,200.38,1,200.39,1,200.42,1,,,,,,,,,,,,
2025-04-10 09:36:26,198.58,198.14,1,197.87,3,199.29,3,199.29,197.87,197.87,3,196.03,1,195.57,1,194.65,1,,,,,,,,,,,,,199.29,3,200.38,1,200.39,1,200.42,1,,,,,,,,,,,,
2025-04-10 09:36:27,198.58,198.14,1,197.87,3,199.29,3,199.29,197.87,197.87,3,196.03,1,195.57,1,194.65,1,,,,,,,,,,,,,199.29,3,200.38,1,200.39,1,200.42,1,,,,,,,,,,,,
2025-04-10 09:36:28,198.58,198.14,1,197.87,3,199.29,3,199.29,197.87,197.87,3,196.03,1,195.57,1,194.65,1,,,,,,,,,,,,,199.29,3,200.38,1,200.39,1,200.42,1,,,,,,,,,,,,
2025-04-10 09:36:29,198.45,198.14,1,197.87,3,199.03,3,199.03,197.87,197.87,3,196.03,1,195.57,1,194.65,1,,,,,,,,,,,,,199.03,3,200.38,1,200.39,1,200.42,1,,,,,,,,,,,,
2025-04-10 09:36:30,198.45,198.14,1,197.87,3,199.03,3,199.03,197.87,197.87,3,196.03,1,195.57,1,194.65,1,,,,,,,,,,,,,199.03,3,200.38,1,200.39,1,200.42,1,,,,,,,,,,,,
2025-04-10 09:36:31,198.45,198.14,1,197.87,3,199.03,3,199.03,197.87,197.87,3,196.03,1,195.57,1,194.65,1,,,,,,,,,,,,,199.03,3,200.38,1,200.39,1,200.42,1,,,,,,,,,,,,
2025-04-10 09:36:32,198.45,198.14,1,197.87,3,199.03,3,199.03,197.87,197.87,3,196.03,1,195.57,1,194.65,1,,,,,,,,,,,,,199.03,3,200.38,1,200.39,1,200.42,1,,,,,,,,,,,,
2025-04-10 09:36:33,198.45,198.14,1,197.87,3,199.03,3,199.03,197.87,197.87,3,196.03,1,195.57,1,194.65,1,,,,,,,,,,,,,199.03,3,200.38,1,200.39,1,200.42,1,,,,,,,,,,,,
2025-04-10 09:36:34,198.45,198.14,1,197.87,3,199.03,3,199.03,197.87,197.87,3,196.03,1,195.57,1,194.65,1,,,,,,,,,,,,,199.03,3,200.38,1,200.39,1,200.42,1,,,,,,,,,,,,
2025-04-10 09:36:35,198.45,198.14,1,197.87,3,199.03,3,199.03,197.87,197.87,3,196.03,1,195.57,1,194.65,1,,,,,,,,,,,,,199.03,3,200.38,1,200.39,1,200.42,1,,,,,,,,,,,,
2025-04-10 09:36:36,198.45,198.14,1,197.87,3,199.03,3,199.03,197.87,197.87,3,196.03,1,195.57,1,194.65,1,,,,,,,,,,,,,199.03,3,200.38,1,200.39,1,200.42,1,,,,,,,,,,,,
2025-04-10 09:36:37,198.45,198.14,1,197.87,3,199.03,3,199.03,197.87,197.87,3,196.03,1,195.57,1,194.65,1,,,,,,,,,,,,,199.03,3,200.38,1,200.39,1,200.42,1,,,,,,,,,,,,
2025-04-10 09:36:38,198.45,198.14,1,197.87,3,199.03,3,199.03,197.87,197.87,3,196.03,1,195.57,1,194.65,1,,,,,,,,,,,,,199.03,3,200.38,1,200.39,1,200.42,1,,,,,,,,,,,,
2025-04-10 09:36:39,198.45,198.14,1,197.87,3,199.03,3,199.03,197.87,197.87,3,196.03,1,195.57,1,194.65,1,,,,,,,,,,,,,199.03,3,200.38,1,200.39,1,200.42,1,,,,,,,,,,,,
2025-04-10 09:36:40,198.45,198.14,1,197.87,3,199.03,3,199.03,197.87,197.87,3,196.03,1,195.57,1,194.65,1,,,,,,,,,,,,,199.03,3,200.38,1,200.39,1,200.42,1,,,,,,,,,,,,
2025-04-10 09:36:41,198.45,198.14,1,197.87,3,199.03,3,199.03,197.87,197.87,3,196.03,1,195.57,1,194.65,1,,,,,,,,,,,,,199.03,3,200.38,1,200.39,1,200.42,1,,,,,,,,,,,,
2025-04-10 09:36:42,198.45,198.14,1,197.87,3,199.03,3,199.03,197.87,197.87,3,196.03,1,195.57,1,194.65,1,,,,,,,,,,,,,199.03,3,200.38,1,200.39,1,200.42,1,,,,,,,,,,,,
2025-04-10 09:36:43,198.565,198.14,1,197.87,3,199.26,3,199.26,197.87,197.87,3,196.03,1,195.57,1,194.65,1,,,,,,,,,,,,,199.26,3,200.38,1,200.39,1,200.42,1,,,,,,,,,,,,
2025-04-10 09:36:44,198.565,198.14,1,197.87,3,199.26,3,199.26,197.87,197.87,3,196.03,1,195.57,1,194.65,1,,,,,,,,,,,,,199.26,3,200.38,1,200.39,1,200.42,1,,,,,,,,,,,,
2025-04-10 09:36:45,198.565,198.14,1,197.87,3,199.26,3,199.26,197.87,197.87,3,196.03,1,195.57,1,194.65,1,,,,,,,,,,,,,199.26,3,200.38,1,200.39,1,200.42,1,,,,,,,,,,,,
2025-04-10 09:36:46,198.565,198.14,1,197.87,3,199.26,3,199.26,197.87,197.87,3,196.03,1,195.57,1,194.65,1,,,,,,,,,,,,,199.26,3,200.38,1,200.39,1,200.42,1,,,,,,,,,,,,
2025-04-10 09:36:47,198.565,198.14,1,197.87,3,199.26,3,199.26,197.87,197.87,3,196.03,1,195.57,1,194.65,1,,,,,,,,,,,,,199.26,3,200.38,1,200.39,1,200.42,1,,,,,,,,,,,,
2025-04-10 09:36:48,198.565,198.14,1,197.87,3,199.26,3,199.26,197.87,197.87,3,196.03,1,195.57,1,194.65,1,,,,,,,,,,,,,199.26,3,200.38,1,200.39,1,200.42,1,,,,,,,,,,,,
2025-04-10 09:36:49,198.565,198.14,1,197.87,3,199.26,3,199.26,197.87,197.87,3,196.03,1,195.57,1,194.65,1,,,,,,,,,,,,,199.26,3,200.38,1,200.39,1,200.42,1,,,,,,,,,,,,
2025-04-10 09:36:50,198.565,198.14,1,197.87,3,199.26,3,199.26,197.87,197.87,3,196.03,1,195.57,1,194.65,1,,,,,,,,,,,,,199.26,3,200.38,1,200.39,1,200.42,1,,,,,,,,,,,,
2025-04-10 09:36:51,198.705,198.14,1,197.87,3,199.54,2,199.54,197.87,197.87,3,196.03,1,195.57,1,194.65,1,,,,,,,,,,,,,199.54,2,200.38,1,200.39,1,200.42,1,,,,,,,,,,,,
2025-04-10 09:36:52,198.705,198.14,1,197.87,3,199.54,2,199.54,197.87,197.87,3,196.03,1,195.57,1,194.65,1,,,,,,,,,,,,,199.54,2,200.38,1,200.39,1,200.42,1,,,,,,,,,,,,
2025-04-10 09:36:53,198.705,198.14,1,197.87,3,199.54,2,199.54,197.87,197.87,3,196.03,1,195.57,1,194.65,1,,,,,,,,,,,,,199.54,2,200.38,1,200.39,1,200.42,1,,,,,,,,,,,,
2025-04-10 09:36:54,198.705,198.14,1,197.87,3,199.54,2,199.54,197.87,197.87,3,196.03,1,195.57,1,194.65,1,,,,,,,,,,,,,199.54,2,200.38,1,200.39,1,200.42,1,,,,,,,,,,,,
2025-04-10 09:36:55,198.815,198.14,1,198.09,2,199.54,2,199.54,198.09,198.09,2,196.48,1,196.03,1,195.57,1,194.65,1,,,,,,,,,,,199.54,2,200.38,1,200.39,1,200.42,1,,,,,,,,,,,,
2025-04-10 09:36:56,198.815,198.14,1,198.09,2,199.54,2,199.54,198.09,198.09,2,196.48,1,196.03,1,195.57,1,194.65,1,,,,,,,,,,,199.54,2,200.38,1,200.39,1,200.42,1,,,,,,,,,,,,
2025-04-10 09:36:57,198.815,198.14,1,198.09,2,199.54,2,199.54,198.09,198.09,2,196.48,1,196.03,1,195.57,1,194.65,1,,,,,,,,,,,199.54,2,200.38,1,200.39,1,200.42,1,,,,,,,,,,,,
2025-04-10 09:36:58,198.815,198.14,1,198.09,2,199.54,2,199.54,198.09,198.09,2,196.48,1,196.03,1,195.57,1,194.65,1,,,,,,,,,,,199.54,2,200.38,1,200.39,1,200.42,1,,,,,,,,,,,,
2025-04-10 09:36:59,198.815,198.14,1,198.09,2,199.54,2,199.54,198.09,198.09,2,196.48,1,196.03,1,195.57,1,194.65,1,,,,,,,,,,,199.54,2,200.38,1,200.39,1,200.42,1,,,,,,,,,,,,
2025-04-10 09:37:00,198.815,198.14,1,198.09,2,199.54,2,199.54,198.09,198.09,2,196.48,1,196.03,1,195.57,1,194.65,1,,,,,,,,,,,199.54,2,200.38,1,200.39,1,200.42,1,,,,,,,,,,,,
2025-04-10 09:37:01,198.815,198.14,1,198.09,2,199.54,2,199.54,198.09,198.09,2,196.48,1,196.03,1,195.57,1,194.65,1,,,,,,,,,,,199.54,2,200.38,1,200.39,1,200.42,1,,,,,,,,,,,,
2025-04-10 09:37:02,198.815,198.14,1,198.09,2,199.54,2,199.54,198.09,198.09,2,196.48,1,196.03,1,195.57,1,194.65,1,,,,,,,,,,,199.54,2,200.38,1,200.39,1,200.42,1,,,,,,,,,,,,
2025-04-10 09:37:03,198.815,198.14,1,198.09,2,199.54,2,199.54,198.09,198.09,2,196.48,1,196.03,1,195.57,1,194.65,1,,,,,,,,,,,199.54,2,200.38,1,200.39,1,200.42,1,,,,,,,,,,,,
2025-04-10 09:37:04,198.815,198.14,1,198.09,2,199.54,2,199.54,198.09,198.09,2,196.48,1,196.03,1,195.57,1,194.65,1,,,,,,,,,,,199.54,2,200.38,1,200.39,1,200.42,1,,,,,,,,,,,,
2025-04-10 09:37:05,198.505,198.14,1,197.86,3,199.15,2,199.15,197.86,197.86,3,196.48,1,196.03,1,195.57,1,194.65,1,,,,,,,,,,,199.15,2,199.54,2,200.38,1,200.39,1,200.42,1,,,,,,,,,,
2025-04-10 09:37:06,198.505,198.14,1,197.86,3,199.15,2,199.15,197.86,197.86,3,196.48,1,196.03,1,195.57,1,194.65,1,,,,,,,,,,,199.15,2,199.54,2,200.38,1,200.39,1,200.42,1,,,,,,,,,,
2025-04-10 09:37:07,198.505,198.14,1,197.86,3,199.15,2,199.15,197.86,197.86,3,196.48,1,196.03,1,195.57,1,194.65,1,,,,,,,,,,,199.15,2,199.54,2,200.38,1,200.39,1,200.42,1,,,,,,,,,,
2025-04-10 09:37:08,198.505,198.14,1,197.86,3,199.15,2,199.15,197.86,197.86,3,196.48,1,196.03,1,195.57,1,194.65,1,,,,,,,,,,,199.15,2,199.54,2,200.38,1,200.39,1,200.42,1,,,,,,,,,,
2025-04-10 09:37:09,198.505,198.14,1,197.86,3,199.15,2,199.15,197.86,197.86,3,196.48,1,196.03,1,195.57,1,194.65,1,,,,,,,,,,,199.15,2,199.54,2,200.38,1,200.39,1,200.42,1,,,,,,,,,,
2025-04-10 09:37:10,198.505,198.14,1,197.86,3,199.15,2,199.15,197.86,197.86,3,196.48,1,196.03,1,195.57,1,194.65,1,,,,,,,,,,,199.15,2,199.54,2,200.38,1,200.39,1,200.42,1,,,,,,,,,,
2025-04-10 09:37:11,198.25,198.14,1,197.59,2,198.91,3,198.91,197.59,197.59,2,196.48,1,196.03,1,195.57,1,194.65,1,,,,,,,,,,,198.91,3,200.81,1,,,,,,,,,,,,,,,,
2025-04-10 09:37:12,198.25,198.14,1,197.59,2,198.91,3,198.91,197.59,197.59,2,196.48,1,196.03,1,195.57,1,194.65,1,,,,,,,,,,,198.91,3,200.81,1,,,,,,,,,,,,,,,,
2025-04-10 09:37:13,198.25,198.14,1,197.59,2,198.91,3,198.91,197.59,197.59,2,196.48,1,196.03,1,195.57,1,194.65,1,,,,,,,,,,,198.91,3,200.81,1,,,,,,,,,,,,,,,,
2025-04-10 09:37:14,198.25,198.14,1,197.59,2,198.91,3,198.91,197.59,197.59,2,196.48,1,196.03,1,195.57,1,194.65,1,,,,,,,,,,,198.91,3,200.81,1,,,,,,,,,,,,,,,,
2025-04-10 09:37:15,198.25,198.14,1,197.59,2,198.91,3,198.91,197.59,197.59,2,196.48,1,196.03,1,195.57,1,194.65,1,,,,,,,,,,,198.91,3,200.81,1,,,,,,,,,,,,,,,,
2025-04-10 09:37:16,198.25,198.14,1,197.59,2,198.91,3,198.91,197.59,197.59,2,196.48,1,196.03,1,195.57,1,194.65,1,,,,,,,,,,,198.91,3,200.81,1,,,,,,,,,,,,,,,,
2025-04-10 09:37:17,198.25,198.14,1,197.59,2,198.91,3,198.91,197.59,197.59,2,196.48,1,196.03,1,195.57,1,194.65,1,,,,,,,,,,,198.91,3,200.81,1,,,,,,,,,,,,,,,,
2025-04-10 09:37:18,198.25,198.14,1,197.59,2,198.91,3,198.91,197.59,197.59,2,196.48,1,196.03,1,195.57,1,194.65,1,,,,,,,,,,,198.91,3,200.81,1,,,,,,,,,,,,,,,,
2025-04-10 09:37:19,198.25,198.14,1,197.59,2,198.91,3,198.91,197.59,197.59,2,196.48,1,196.03,1,195.57,1,194.65,1,,,,,,,,,,,198.91,3,200.81,1,,,,,,,,,,,,,,,,
2025-04-10 09:37:20,198.25,198.14,1,197.59,2,198.91,3,198.91,197.59,197.59,2,196.48,1,196.03,1,195.57,1,194.65,1,,,,,,,,,,,198.91,3,200.81,1,,,,,,,,,,,,,,,,
2025-04-10 09:37:21,198.25,198.14,1,197.59,2,198.91,3,198.91,197.59,197.59,2,196.48,1,196.03,1,195.57,1,194.65,1,,,,,,,,,,,198.91,3,200.81,1,,,,,,,,,,,,,,,,
2025-04-10 09:37:22,198.25,198.14,1,197.59,2,198.91,3,198.91,197.59,197.59,2,196.48,1,196.03,1,195.57,1,194.65,1,,,,,,,,,,,198.91,3,200.81,1,,,,,,,,,,,,,,,,
2025-04-10 09:37:23,198.15,198.14,1,197.59,2,198.71,3,198.71,197.59,197.59,2,196.48,1,196.03,1,195.57,1,194.65,1,,,,,,,,,,,198.71,3,200.36,1,200.81,1,,,,,,,,,,,,,,
2025-04-10 09:37:24,198.15,198.14,1,197.59,2,198.71,3,198.71,197.59,197.59,2,196.48,1,196.03,1,195.57,1,194.65,1,,,,,,,,,,,198.71,3,200.36,1,200.81,1,,,,,,,,,,,,,,
2025-04-10 09:37:25,198.035,198.14,1,197.36,3,198.71,3,198.71,197.36,197.36,3,196.0,1,195.57,1,194.65,1,,,,,,,,,,,,,198.71,3,200.36,1,200.81,1,,,,,,,,,,,,,,
2025-04-10 09:37:26,198.035,198.14,1,197.36,3,198.71,3,198.71,197.36,197.36,3,196.0,1,195.57,1,194.65,1,,,,,,,,,,,,,198.71,3,200.36,1,200.81,1,,,,,,,,,,,,,,
2025-04-10 09:37:27,198.035,198.14,1,197.36,3,198.71,3,198.71,197.36,197.36,3,196.0,1,195.57,1,194.65,1,,,,,,,,,,,,,198.71,3,200.36,1,200.81,1,,,,,,,,,,,,,,
2025-04-10 09:37:28,198.035,198.14,1,197.36,3,198.71,3,198.71,197.36,197.36,3,196.0,1,195.57,1,194.65,1,,,,,,,,,,,,,198.71,3,200.36,1,200.81,1,,,,,,,,,,,,,,
2025-04-10 09:37:29,198.035,198.14,1,197.36,3,198.71,3,198.71,197.36,197.36,3,196.0,1,195.57,1,194.65,1,,,,,,,,,,,,,198.71,3,200.36,1,200.81,1,,,,,,,,,,,,,,
2025-04-10 09:37:30,198.035,198.14,1,197.36,3,198.71,3,198.71,197.36,197.36,3,196.0,1,195.57,1,194.65,1,,,,,,,,,,,,,198.71,3,200.36,1,200.81,1,,,,,,,,,,,,,,
2025-04-10 09:37:31,198.035,198.14,1,197.36,3,198.71,3,198.71,197.36,197.36,3,196.0,1,195.57,1,194.65,1,,,,,,,,,,,,,198.71,3,200.36,1,200.81,1,,,,,,,,,,,,,,
2025-04-10 09:37:32,198.035,198.14,1,197.36,3,198.71,3,198.71,197.36,197.36,3,196.0,1,195.57,1,194.65,1,,,,,,,,,,,,,198.71,3,200.36,1,200.81,1,,,,,,,,,,,,,,
2025-04-10 09:37:33,198.035,198.14,1,197.36,3,198.71,3,198.71,197.36,197.36,3,196.0,1,195.57,1,194.65,1,,,,,,,,,,,,,198.71,3,200.36,1,200.81,1,,,,,,,,,,,,,,
2025-04-10 09:37:34,198.035,198.14,1,197.36,3,198.71,3,198.71,197.36,197.36,3,196.0,1,195.57,1,194.65,1,,,,,,,,,,,,,198.71,3,200.36,1,200.81,1,,,,,,,,,,,,,,
2025-04-10 09:37:35,198.035,198.14,1,197.36,3,198.71,3,198.71,197.36,197.36,3,196.0,1,195.57,1,194.65,1,,,,,,,,,,,,,198.71,3,200.36,1,200.81,1,,,,,,,,,,,,,,
2025-04-10 09:37:36,198.035,198.14,1,197.36,3,198.71,3,198.71,197.36,197.36,3,196.0,1,195.57,1,194.65,1,,,,,,,,,,,,,198.71,3,200.36,1,200.81,1,,,,,,,,,,,,,,
2025-04-10 09:37:37,198.42,198.14,1,198.13,1,198.71,3,198.71,198.13,198.13,1,197.36,3,196.0,1,195.57,1,194.65,1,,,,,,,,,,,198.71,3,200.36,1,200.81,1,,,,,,,,,,,,,,
2025-04-10 09:37:38,198.15,198.14,1,197.59,3,198.71,3,198.71,197.59,197.59,3,197.36,3,196.0,1,195.57,1,194.65,1,,,,,,,,,,,198.71,3,200.36,1,200.81,1,,,,,,,,,,,,,,
2025-04-10 09:37:39,198.15,198.14,1,197.59,3,198.71,3,198.71,197.59,197.59,3,197.36,3,196.0,1,195.57,1,194.65,1,,,,,,,,,,,198.71,3,200.36,1,200.81,1,,,,,,,,,,,,,,
2025-04-10 09:37:40,198.15,198.14,1,197.59,3,198.71,3,198.71,197.59,197.59,3,197.36,3,196.0,1,195.57,1,194.65,1,,,,,,,,,,,198.71,3,200.36,1,200.81,1,,,,,,,,,,,,,,
2025-04-10 09:37:41,198.15,198.14,1,197.59,3,198.71,3,198.71,197.59,197.59,3,197.36,3,196.0,1,195.57,1,194.65,1,,,,,,,,,,,198.71,3,200.36,1,200.81,1,,,,,,,,,,,,,,
2025-04-10 09:37:42,198.15,198.14,1,197.59,3,198.71,3,198.71,197.59,197.59,3,197.36,3,196.0,1,195.57,1,194.65,1,,,,,,,,,,,198.71,3,200.36,1,200.81,1,,,,,,,,,,,,,,
2025-04-10 09:37:43,198.15,198.14,1,197.59,3,198.71,3,198.71,197.59,197.59,3,197.36,3,196.0,1,195.57,1,194.65,1,,,,,,,,,,,198.71,3,200.36,1,200.81,1,,,,,,,,,,,,,,
2025-04-10 09:37:44,198.025,198.14,1,197.34,2,198.71,3,198.71,197.34,197.34,2,196.0,1,195.57,1,194.65,1,,,,,,,,,,,,,198.71,3,200.36,1,200.81,1,,,,,,,,,,,,,,
2025-04-10 09:37:45,198.025,198.14,1,197.34,2,198.71,3,198.71,197.34,197.34,2,196.0,1,195.57,1,194.65,1,,,,,,,,,,,,,198.71,3,200.36,1,200.81,1,,,,,,,,,,,,,,
2025-04-10 09:37:46,198.025,198.14,1,197.34,2,198.71,3,198.71,197.34,197.34,2,196.0,1,195.57,1,194.65,1,,,,,,,,,,,,,198.71,3,200.36,1,200.81,1,,,,,,,,,,,,,,
2025-04-10 09:37:47,198.025,198.14,1,197.34,2,198.71,3,198.71,197.34,197.34,2,196.0,1,195.57,1,194.65,1,,,,,,,,,,,,,198.71,3,200.36,1,200.81,1,,,,,,,,,,,,,,
2025-04-10 09:37:48,198.025,198.14,1,197.34,2,198.71,3,198.71,197.34,197.34,2,196.0,1,195.57,1,194.65,1,,,,,,,,,,,,,198.71,3,200.36,1,200.81,1,,,,,,,,,,,,,,
2025-04-10 09:37:49,198.025,198.14,1,197.34,2,198.71,3,198.71,197.34,197.34,2,196.0,1,195.57,1,194.65,1,,,,,,,,,,,,,198.71,3,200.36,1,200.81,1,,,,,,,,,,,,,,
2025-04-10 09:37:50,198.025,198.14,1,197.34,2,198.71,3,198.71,197.34,197.34,2,196.0,1,195.57,1,194.65,1,,,,,,,,,,,,,198.71,3,200.36,1,200.81,1,,,,,,,,,,,,,,
2025-04-10 09:37:51,198.025,198.14,1,197.34,2,198.71,3,198.71,197.34,197.34,2,196.0,1,195.57,1,194.65,1,,,,,,,,,,,,,198.71,3,200.36,1,200.81,1,,,,,,,,,,,,,,
2025-04-10 09:37:52,198.025,198.14,1,197.34,2,198.71,3,198.71,197.34,197.34,2,196.0,1,195.57,1,194.65,1,,,,,,,,,,,,,198.71,3,200.36,1,200.81,1,,,,,,,,,,,,,,
2025-04-10 09:37:53,198.025,198.14,1,197.34,2,198.71,3,198.71,197.34,197.34,2,196.0,1,195.57,1,194.65,1,,,,,,,,,,,,,198.71,3,200.36,1,200.81,1,,,,,,,,,,,,,,
2025-04-10 09:37:54,198.025,198.14,1,197.34,2,198.71,3,198.71,197.34,197.34,2,196.0,1,195.57,1,194.65,1,,,,,,,,,,,,,198.71,3,200.36,1,200.81,1,,,,,,,,,,,,,,
2025-04-10 09:37:55,198.025,198.14,1,197.34,2,198.71,3,198.71,197.34,197.34,2,196.0,1,195.57,1,194.65,1,,,,,,,,,,,,,198.71,3,200.36,1,200.81,1,,,,,,,,,,,,,,
2025-04-10 09:37:56,198.025,198.14,1,197.34,2,198.71,3,198.71,197.34,197.34,2,196.0,1,195.57,1,194.65,1,,,,,,,,,,,,,198.71,3,200.36,1,200.81,1,,,,,,,,,,,,,,
2025-04-10 09:37:57,198.025,198.14,1,197.34,2,198.71,3,198.71,197.34,197.34,2,196.0,1,195.57,1,194.65,1,,,,,,,,,,,,,198.71,3,200.36,1,200.81,1,,,,,,,,,,,,,,
2025-04-10 09:37:58,198.025,198.14,1,197.34,2,198.71,3,198.71,197.34,197.34,2,196.0,1,195.57,1,194.65,1,,,,,,,,,,,,,198.71,3,200.36,1,200.81,1,,,,,,,,,,,,,,
2025-04-10 09:37:59,198.025,198.14,1,197.34,2,198.71,3,198.71,197.34,197.34,2,196.0,1,195.57,1,194.65,1,,,,,,,,,,,,,198.71,3,200.36,1,200.81,1,,,,,,,,,,,,,,
2025-04-10 09:38:00,198.38,198.14,1,198.05,1,198.71,3,198.71,198.05,198.05,1,197.34,2,196.0,1,195.57,1,194.65,1,,,,,,,,,,,198.71,3,200.36,1,200.81,1,,,,,,,,,,,,,,
2025-04-10 09:38:01,198.025,198.14,1,197.34,2,198.71,3,198.71,197.34,197.34,2,196.0,1,195.57,1,194.65,1,,,,,,,,,,,,,198.71,3,200.36,1,200.81,1,,,,,,,,,,,,,,
2025-04-10 09:38:02,198.025,198.14,1,197.34,2,198.71,3,198.71,197.34,197.34,2,196.0,1,195.57,1,194.65,1,,,,,,,,,,,,,198.71,3,200.36,1,200.81,1,,,,,,,,,,,,,,
2025-04-10 09:38:03,198.025,198.14,1,197.34,2,198.71,3,198.71,197.34,197.34,2,196.0,1,195.57,1,194.65,1,,,,,,,,,,,,,198.71,3,200.36,1,200.81,1,,,,,,,,,,,,,,
2025-04-10 09:38:04,198.025,198.14,1,197.34,2,198.71,3,198.71,197.34,197.34,2,196.0,1,195.57,1,194.65,1,,,,,,,,,,,,,198.71,3,200.36,1,200.81,1,,,,,,,,,,,,,,
2025-04-10 09:38:05,198.025,198.14,1,197.34,2,198.71,3,198.71,197.34,197.34,2,196.0,1,195.57,1,194.65,1,,,,,,,,,,,,,198.71,3,200.36,1,200.81,1,,,,,,,,,,,,,,
2025-04-10 09:38:06,198.025,198.14,1,197.34,2,198.71,3,198.71,197.34,197.34,2,196.0,1,195.57,1,194.65,1,,,,,,,,,,,,,198.71,3,200.36,1,200.81,1,,,,,,,,,,,,,,
2025-04-10 09:38:07,198.025,198.14,1,197.34,2,198.71,3,198.71,197.34,197.34,2,196.0,1,195.57,1,194.65,1,,,,,,,,,,,,,198.71,3,200.36,1,200.81,1,,,,,,,,,,,,,,
2025-04-10 09:38:08,198.025,198.14,1,197.34,2,198.71,3,198.71,197.34,197.34,2,196.0,1,195.57,1,194.65,1,,,,,,,,,,,,,198.71,3,200.36,1,200.81,1,,,,,,,,,,,,,,
2025-04-10 09:38:09,198.025,198.14,1,197.34,2,198.71,3,198.71,197.34,197.34,2,196.0,1,195.57,1,194.65,1,,,,,,,,,,,,,198.71,3,200.36,1,200.81,1,,,,,,,,,,,,,,
2025-04-10 09:38:10,198.025,198.14,1,197.34,2,198.71,3,198.71,197.34,197.34,2,196.0,1,195.57,1,194.65,1,,,,,,,,,,,,,198.71,3,200.36,1,200.81,1,,,,,,,,,,,,,,
2025-04-10 09:38:11,198.125,198.14,1,197.54,3,198.71,3,198.71,197.54,197.54,3,196.0,1,195.57,1,194.65,1,,,,,,,,,,,,,198.71,3,200.36,1,200.81,1,,,,,,,,,,,,,,
2025-04-10 09:38:12,198.125,198.14,1,197.54,3,198.71,3,198.71,197.54,197.54,3,196.0,1,195.57,1,194.65,1,,,,,,,,,,,,,198.71,3,200.36,1,200.81,1,,,,,,,,,,,,,,
2025-04-10 09:38:13,198.125,198.14,1,197.54,3,198.71,3,198.71,197.54,197.54,3,196.0,1,195.57,1,194.65,1,,,,,,,,,,,,,198.71,3,200.36,1,200.81,1,,,,,,,,,,,,,,
2025-04-10 09:38:14,198.125,198.14,1,197.54,3,198.71,3,198.71,197.54,197.54,3,196.0,1,195.57,1,194.65,1,,,,,,,,,,,,,198.71,3,200.36,1,200.81,1,,,,,,,,,,,,,,
2025-04-10 09:38:15,198.44,198.14,1,198.17,1,198.71,3,198.71,198.17,198.17,1,197.54,3,196.0,1,195.57,1,194.65,1,,,,,,,,,,,198.71,3,200.36,1,200.81,1,,,,,,,,,,,,,,
2025-04-10 09:38:16,198.36,198.33,1,197.78,3,198.94,3,198.94,197.78,197.78,3,197.54,3,196.0,1,195.57,1,194.65,1,,,,,,,,,,,198.94,3,200.36,1,200.81,1,,,,,,,,,,,,,,
2025-04-10 09:38:17,198.36,198.33,1,197.78,3,198.94,3,198.94,197.78,197.78,3,197.54,3,196.0,1,195.57,1,194.65,1,,,,,,,,,,,198.94,3,200.36,1,200.81,1,,,,,,,,,,,,,,
2025-04-10 09:38:18,198.36,198.33,1,197.78,3,198.94,3,198.94,197.78,197.78,3,197.54,3,196.0,1,195.57,1,194.65,1,,,,,,,,,,,198.94,3,200.36,1,200.81,1,,,,,,,,,,,,,,
2025-04-10 09:38:19,198.36,198.33,1,197.78,3,198.94,3,198.94,197.78,197.78,3,197.54,3,196.0,1,195.57,1,194.65,1,,,,,,,,,,,198.94,3,200.36,1,200.81,1,,,,,,,,,,,,,,
2025-04-10 09:38:20,198.36,198.33,1,197.78,3,198.94,3,198.94,197.78,197.78,3,197.54,3,196.0,1,195.57,1,194.65,1,,,,,,,,,,,198.94,3,200.36,1,200.81,1,,,,,,,,,,,,,,
2025-04-10 09:38:21,198.36,198.33,1,197.78,3,198.94,3,198.94,197.78,197.78,3,197.54,3,196.0,1,195.57,1,194.65,1,,,,,,,,,,,198.94,3,200.36,1,200.81,1,,,,,,,,,,,,,,
2025-04-10 09:38:22,198.36,198.33,1,197.78,3,198.94,3,198.94,197.78,197.78,3,197.54,3,196.0,1,195.57,1,194.65,1,,,,,,,,,,,198.94,3,200.36,1,200.81,1,,,,,,,,,,,,,,
2025-04-10 09:38:24,198.36,198.33,1,197.78,3,198.94,3,198.94,197.78,197.78,3,197.54,3,196.0,1,195.57,1,194.65,1,,,,,,,,,,,198.94,3,200.36,1,200.81,1,,,,,,,,,,,,,,
2025-04-10 09:38:25,198.36,198.33,1,197.78,3,198.94,3,198.94,197.78,197.78,3,197.54,3,196.0,1,195.57,1,194.65,1,,,,,,,,,,,198.94,3,200.36,1,200.81,1,,,,,,,,,,,,,,
2025-04-10 09:38:25,198.36,198.33,1,197.78,3,198.94,3,198.94,197.78,197.78,3,197.54,3,196.0,1,195.57,1,194.65,1,,,,,,,,,,,198.94,3,200.36,1,200.81,1,,,,,,,,,,,,,,
2025-04-10 09:38:27,198.61,198.33,1,198.01,3,199.21,3,199.21,198.01,198.01,3,196.0,1,195.57,1,194.65,1,,,,,,,,,,,,,199.21,3,200.36,1,200.81,1,,,,,,,,,,,,,,
2025-04-10 09:38:28,198.61,198.33,1,198.01,3,199.21,3,199.21,198.01,198.01,3,196.0,1,195.57,1,194.65,1,,,,,,,,,,,,,199.21,3,200.36,1,200.81,1,,,,,,,,,,,,,,
2025-04-10 09:38:29,198.61,198.33,1,198.01,3,199.21,3,199.21,198.01,198.01,3,196.0,1,195.57,1,194.65,1,,,,,,,,,,,,,199.21,3,200.36,1,200.81,1,,,,,,,,,,,,,,
2025-04-10 09:38:30,198.755,198.33,1,198.01,3,199.5,3,199.5,198.01,198.01,3,196.0,1,195.57,1,194.65,1,,,,,,,,,,,,,199.5,3,200.36,1,200.81,1,,,,,,,,,,,,,,
2025-04-10 09:38:31,198.89,198.33,1,198.28,2,199.5,3,199.5,198.28,198.28,2,196.0,1,195.57,1,194.65,1,,,,,,,,,,,,,199.5,3,200.36,1,200.81,1,,,,,,,,,,,,,,
2025-04-10 09:38:32,198.775,198.33,1,198.05,2,199.5,3,199.5,198.05,198.05,2,196.0,1,195.57,1,194.65,1,,,,,,,,,,,,,199.5,3,200.36,1,200.81,1,,,,,,,,,,,,,,
2025-04-10 09:38:33,198.775,198.33,1,198.05,2,199.5,3,199.5,198.05,198.05,2,196.0,1,195.57,1,194.65,1,,,,,,,,,,,,,199.5,3,200.36,1,200.81,1,,,,,,,,,,,,,,
2025-04-10 09:38:34,198.775,198.33,1,198.05,2,199.5,3,199.5,198.05,198.05,2,196.0,1,195.57,1,194.65,1,,,,,,,,,,,,,199.5,3,200.36,1,200.81,1,,,,,,,,,,,,,,
2025-04-10 09:38:35,198.775,198.33,1,198.05,2,199.5,3,199.5,198.05,198.05,2,196.0,1,195.57,1,194.65,1,,,,,,,,,,,,,199.5,3,200.36,1,200.81,1,,,,,,,,,,,,,,
2025-04-10 09:38:36,198.775,198.33,1,198.05,2,199.5,3,199.5,198.05,198.05,2,196.0,1,195.57,1,194.65,1,,,,,,,,,,,,,199.5,3,200.36,1,200.81,1,,,,,,,,,,,,,,
2025-04-10 09:38:37,198.775,198.33,1,198.05,2,199.5,3,199.5,198.05,198.05,2,196.0,1,195.57,1,194.65,1,,,,,,,,,,,,,199.5,3,200.36,1,200.81,1,,,,,,,,,,,,,,
2025-04-10 09:38:38,198.775,198.33,1,198.05,2,199.5,3,199.5,198.05,198.05,2,196.0,1,195.57,1,194.65,1,,,,,,,,,,,,,199.5,3,200.36,1,200.81,1,,,,,,,,,,,,,,
2025-04-10 09:38:39,198.775,198.33,1,198.05,2,199.5,3,199.5,198.05,198.05,2,196.0,1,195.57,1,194.65,1,,,,,,,,,,,,,199.5,3,200.36,1,200.81,1,,,,,,,,,,,,,,
2025-04-10 09:38:40,198.775,198.33,1,198.05,2,199.5,3,199.5,198.05,198.05,2,196.0,1,195.57,1,194.65,1,,,,,,,,,,,,,199.5,3,200.36,1,200.81,1,,,,,,,,,,,,,,
2025-04-10 09:38:41,198.775,198.33,1,198.05,2,199.5,3,199.5,198.05,198.05,2,196.0,1,195.57,1,194.65,1,,,,,,,,,,,,,199.5,3,200.36,1,200.81,1,,,,,,,,,,,,,,
2025-04-10 09:38:42,198.775,198.33,1,198.05,2,199.5,3,199.5,198.05,198.05,2,196.0,1,195.57,1,194.65,1,,,,,,,,,,,,,199.5,3,200.36,1,200.81,1,,,,,,,,,,,,,,
2025-04-10 09:38:43,198.775,198.33,1,198.05,2,199.5,3,199.5,198.05,198.05,2,196.0,1,195.57,1,194.65,1,,,,,,,,,,,,,199.5,3,200.36,1,200.81,1,,,,,,,,,,,,,,
2025-04-10 09:38:44,198.88,198.33,1,198.26,3,199.5,3,199.5,198.26,198.26,3,198.05,2,196.0,1,195.57,1,194.65,1,,,,,,,,,,,199.5,3,200.36,1,200.81,1,,,,,,,,,,,,,,
2025-04-10 09:38:45,198.88,198.33,1,198.26,3,199.5,3,199.5,198.26,198.26,3,198.05,2,196.0,1,195.57,1,194.65,1,,,,,,,,,,,199.5,3,200.36,1,200.81,1,,,,,,,,,,,,,,
2025-04-10 09:38:46,198.88,198.33,1,198.26,3,199.5,3,199.5,198.26,198.26,3,198.05,2,196.0,1,195.57,1,194.65,1,,,,,,,,,,,199.5,3,200.36,1,200.81,1,,,,,,,,,,,,,,
2025-04-10 09:38:47,198.88,198.33,1,198.26,3,199.5,3,199.5,198.26,198.26,3,198.05,2,196.0,1,195.57,1,194.65,1,,,,,,,,,,,199.5,3,200.36,1,200.81,1,,,,,,,,,,,,,,
2025-04-10 09:38:48,198.88,198.33,1,198.26,3,199.5,3,199.5,198.26,198.26,3,198.05,2,196.0,1,195.57,1,194.65,1,,,,,,,,,,,199.5,3,200.36,1,200.81,1,,,,,,,,,,,,,,
2025-04-10 09:38:49,198.88,198.33,1,198.26,3,199.5,3,199.5,198.26,198.26,3,198.05,2,196.0,1,195.57,1,194.65,1,,,,,,,,,,,199.5,3,200.36,1,200.81,1,,,,,,,,,,,,,,
2025-04-10 09:38:50,198.88,198.33,1,198.26,3,199.5,3,199.5,198.26,198.26,3,198.05,2,196.0,1,195.57,1,194.65,1,,,,,,,,,,,199.5,3,200.36,1,200.81,1,,,,,,,,,,,,,,
2025-04-10 09:38:51,198.88,198.33,1,198.26,3,199.5,3,199.5,198.26,198.26,3,198.05,2,196.0,1,195.57,1,194.65,1,,,,,,,,,,,199.5,3,200.36,1,200.81,1,,,,,,,,,,,,,,
2025-04-10 09:38:52,198.88,198.33,1,198.26,3,199.5,3,199.5,198.26,198.26,3,198.05,2,196.0,1,195.57,1,194.65,1,,,,,,,,,,,199.5,3,200.36,1,200.81,1,,,,,,,,,,,,,,
2025-04-10 09:38:53,198.88,198.33,1,198.26,3,199.5,3,199.5,198.26,198.26,3,198.05,2,196.0,1,195.57,1,194.65,1,,,,,,,,,,,199.5,3,200.36,1,200.81,1,,,,,,,,,,,,,,
2025-04-10 09:38:54,198.88,198.33,1,198.26,3,199.5,3,199.5,198.26,198.26,3,198.05,2,196.0,1,195.57,1,194.65,1,,,,,,,,,,,199.5,3,200.36,1,200.81,1,,,,,,,,,,,,,,
2025-04-10 09:38:55,198.88,198.33,1,198.26,3,199.5,3,199.5,198.26,198.26,3,198.05,2,196.0,1,195.57,1,194.65,1,,,,,,,,,,,199.5,3,200.36,1,200.81,1,,,,,,,,,,,,,,
2025-04-10 09:38:56,198.88,198.33,1,198.26,3,199.5,3,199.5,198.26,198.26,3,198.05,2,196.0,1,195.57,1,194.65,1,,,,,,,,,,,199.5,3,200.36,1,200.81,1,,,,,,,,,,,,,,
2025-04-10 09:38:57,199.1,199.12,1,198.47,2,199.73,3,199.73,198.47,198.47,2,196.44,1,196.0,1,195.57,1,194.65,1,,,,,,,,,,,199.73,3,200.85,1,,,,,,,,,,,,,,,,
2025-04-10 09:38:58,199.1,199.12,1,198.47,2,199.73,3,199.73,198.47,198.47,2,196.44,1,196.0,1,195.57,1,194.65,1,,,,,,,,,,,199.73,3,200.85,1,,,,,,,,,,,,,,,,
2025-04-10 09:38:59,199.21,199.12,1,198.47,2,199.95,2,199.95,198.47,198.47,2,196.44,1,196.0,1,195.57,1,194.65,1,,,,,,,,,,,199.95,2,200.85,1,,,,,,,,,,,,,,,,
2025-04-10 09:39:00,199.21,199.12,1,198.47,2,199.95,2,199.95,198.47,198.47,2,196.44,1,196.0,1,195.57,1,194.65,1,,,,,,,,,,,199.95,2,200.85,1,,,,,,,,,,,,,,,,
2025-04-10 09:39:01,199.21,199.12,1,198.47,2,199.95,2,199.95,198.47,198.47,2,196.44,1,196.0,1,195.57,1,194.65,1,,,,,,,,,,,199.95,2,200.85,1,,,,,,,,,,,,,,,,
2025-04-10 09:39:02,199.21,199.12,1,198.47,2,199.95,2,199.95,198.47,198.47,2,196.44,1,196.0,1,195.57,1,194.65,1,,,,,,,,,,,199.95,2,200.85,1,,,,,,,,,,,,,,,,
2025-04-10 09:39:03,199.21,199.12,1,198.47,2,199.95,2,199.95,198.47,198.47,2,196.44,1,196.0,1,195.57,1,194.65,1,,,,,,,,,,,199.95,2,200.85,1,,,,,,,,,,,,,,,,
2025-04-10 09:39:04,199.21,199.12,1,198.47,2,199.95,2,199.95,198.47,198.47,2,196.44,1,196.0,1,195.57,1,194.65,1,,,,,,,,,,,199.95,2,200.85,1,,,,,,,,,,,,,,,,
2025-04-10 09:39:05,199.21,199.12,1,198.47,2,199.95,2,199.95,198.47,198.47,2,196.44,1,196.0,1,195.57,1,194.65,1,,,,,,,,,,,199.95,2,200.85,1,,,,,,,,,,,,,,,,
2025-04-10 09:39:06,198.975,199.12,1,198.24,3,199.71,3,199.71,198.24,198.24,3,196.44,1,196.0,1,195.57,1,194.65,1,,,,,,,,,,,199.71,3,201.35,1,,,,,,,,,,,,,,,,
2025-04-10 09:39:07,198.975,199.12,1,198.24,3,199.71,3,199.71,198.24,198.24,3,196.44,1,196.0,1,195.57,1,194.65,1,,,,,,,,,,,199.71,3,201.35,1,,,,,,,,,,,,,,,,
2025-04-10 09:39:08,198.975,199.12,1,198.24,3,199.71,3,199.71,198.24,198.24,3,196.44,1,196.0,1,195.57,1,194.65,1,,,,,,,,,,,199.71,3,201.35,1,,,,,,,,,,,,,,,,
2025-04-10 09:39:09,198.975,199.12,1,198.24,3,199.71,3,199.71,198.24,198.24,3,196.44,1,196.0,1,195.57,1,194.65,1,,,,,,,,,,,199.71,3,201.35,1,,,,,,,,,,,,,,,,
2025-04-10 09:39:10,198.975,199.12,1,198.24,3,199.71,3,199.71,198.24,198.24,3,196.44,1,196.0,1,195.57,1,194.65,1,,,,,,,,,,,199.71,3,201.35,1,,,,,,,,,,,,,,,,
2025-04-10 09:39:11,199.325,199.12,1,198.94,1,199.71,3,199.71,198.94,198.94,1,198.24,3,196.44,1,196.0,1,195.57,1,194.65,1,,,,,,,,,199.71,3,201.35,1,,,,,,,,,,,,,,,,
2025-04-10 09:39:12,198.975,199.12,1,198.24,3,199.71,3,199.71,198.24,198.24,3,196.44,1,196.0,1,195.57,1,194.65,1,,,,,,,,,,,199.71,3,201.35,1,,,,,,,,,,,,,,,,
2025-04-10 09:39:13,198.975,199.12,1,198.24,3,199.71,3,199.71,198.24,198.24,3,196.44,1,196.0,1,195.57,1,194.65,1,,,,,,,,,,,199.71,3,201.35,1,,,,,,,,,,,,,,,,
2025-04-10 09:39:14,198.975,199.12,1,198.24,3,199.71,3,199.71,198.24,198.24,3,196.44,1,196.0,1,195.57,1,194.65,1,,,,,,,,,,,199.71,3,201.35,1,,,,,,,,,,,,,,,,
2025-04-10 09:39:15,198.975,199.12,1,198.24,3,199.71,3,199.71,198.24,198.24,3,196.44,1,196.0,1,195.57,1,194.65,1,,,,,,,,,,,199.71,3,201.35,1,,,,,,,,,,,,,,,,
2025-04-10 09:39:16,198.975,199.12,1,198.24,3,199.71,3,199.71,198.24,198.24,3,196.44,1,196.0,1,195.57,1,194.65,1,,,,,,,,,,,199.71,3,201.35,1,,,,,,,,,,,,,,,,
2025-04-10 09:39:17,198.975,199.12,1,198.24,3,199.71,3,199.71,198.24,198.24,3,196.44,1,196.0,1,195.57,1,194.65,1,,,,,,,,,,,199.71,3,201.35,1,,,,,,,,,,,,,,,,
2025-04-10 09:39:18,198.975,199.12,1,198.24,3,199.71,3,199.71,198.24,198.24,3,196.44,1,196.0,1,195.57,1,194.65,1,,,,,,,,,,,199.71,3,201.35,1,,,,,,,,,,,,,,,,
2025-04-10 09:39:19,198.975,199.12,1,198.24,3,199.71,3,199.71,198.24,198.24,3,196.44,1,196.0,1,195.57,1,194.65,1,,,,,,,,,,,199.71,3,201.35,1,,,,,,,,,,,,,,,,
2025-04-10 09:39:20,198.975,199.12,1,198.24,3,199.71,3,199.71,198.24,198.24,3,196.44,1,196.0,1,195.57,1,194.65,1,,,,,,,,,,,199.71,3,201.35,1,,,,,,,,,,,,,,,,
2025-04-10 09:39:21,199.28,199.12,1,198.85,1,199.71,3,199.71,198.85,198.85,1,198.24,3,196.44,1,196.0,1,195.57,1,194.65,1,,,,,,,,,199.71,3,201.35,1,,,,,,,,,,,,,,,,
2025-04-10 09:39:22,198.975,199.12,1,198.24,3,199.71,3,199.71,198.24,198.24,3,196.44,1,196.0,1,195.57,1,194.65,1,,,,,,,,,,,199.71,3,201.35,1,,,,,,,,,,,,,,,,
2025-04-10 09:39:23,198.975,199.12,1,198.24,3,199.71,3,199.71,198.24,198.24,3,196.44,1,196.0,1,195.57,1,194.65,1,,,,,,,,,,,199.71,3,201.35,1,,,,,,,,,,,,,,,,
2025-04-10 09:39:24,198.975,199.12,1,198.24,3,199.71,3,199.71,198.24,198.24,3,196.44,1,196.0,1,195.57,1,194.65,1,,,,,,,,,,,199.71,3,201.35,1,,,,,,,,,,,,,,,,
2025-04-10 09:39:25,198.975,199.12,1,198.24,3,199.71,3,199.71,198.24,198.24,3,196.44,1,196.0,1,195.57,1,194.65,1,,,,,,,,,,,199.71,3,201.35,1,,,,,,,,,,,,,,,,
2025-04-10 09:39:26,198.975,199.12,1,198.24,3,199.71,3,199.71,198.24,198.24,3,196.44,1,196.0,1,195.57,1,194.65,1,,,,,,,,,,,199.71,3,201.35,1,,,,,,,,,,,,,,,,
2025-04-10 09:39:27,198.975,199.12,1,198.24,3,199.71,3,199.71,198.24,198.24,3,196.44,1,196.0,1,195.57,1,194.65,1,,,,,,,,,,,199.71,3,201.35,1,,,,,,,,,,,,,,,,
2025-04-10 09:39:28,198.975,199.12,1,198.24,3,199.71,3,199.71,198.24,198.24,3,196.44,1,196.0,1,195.57,1,194.65,1,,,,,,,,,,,199.71,3,201.35,1,,,,,,,,,,,,,,,,
2025-04-10 09:39:29,198.975,199.12,1,198.24,3,199.71,3,199.71,198.24,198.24,3,196.44,1,196.0,1,195.57,1,194.65,1,,,,,,,,,,,199.71,3,201.35,1,,,,,,,,,,,,,,,,
2025-04-10 09:39:30,198.975,199.12,1,198.24,3,199.71,3,199.71,198.24,198.24,3,196.44,1,196.0,1,195.57,1,194.65,1,,,,,,,,,,,199.71,3,201.35,1,,,,,,,,,,,,,,,,
2025-04-10 09:39:31,198.975,199.12,1,198.24,3,199.71,3,199.71,198.24,198.24,3,196.44,1,196.0,1,195.57,1,194.65,1,,,,,,,,,,,199.71,3,201.35,1,,,,,,,,,,,,,,,,
2025-04-10 09:39:32,199.08,199.12,1,198.45,2,199.71,3,199.71,198.45,198.45,2,196.44,1,196.0,1,195.57,1,194.65,1,,,,,,,,,,,199.71,3,201.35,1,,,,,,,,,,,,,,,,
2025-04-10 09:39:33,199.08,199.12,1,198.45,2,199.71,3,199.71,198.45,198.45,2,196.44,1,196.0,1,195.57,1,194.65,1,,,,,,,,,,,199.71,3,201.35,1,,,,,,,,,,,,,,,,
2025-04-10 09:39:34,199.08,199.12,1,198.45,2,199.71,3,199.71,198.45,198.45,2,196.44,1,196.0,1,195.57,1,194.65,1,,,,,,,,,,,199.71,3,201.35,1,,,,,,,,,,,,,,,,
2025-04-10 09:39:35,199.08,199.12,1,198.45,2,199.71,3,199.71,198.45,198.45,2,196.44,1,196.0,1,195.57,1,194.65,1,,,,,,,,,,,199.71,3,201.35,1,,,,,,,,,,,,,,,,
2025-04-10 09:39:36,199.08,199.12,1,198.45,2,199.71,3,199.71,198.45,198.45,2,196.44,1,196.0,1,195.57,1,194.65,1,,,,,,,,,,,199.71,3,201.35,1,,,,,,,,,,,,,,,,
2025-04-10 09:39:37,199.08,199.12,1,198.45,2,199.71,3,199.71,198.45,198.45,2,196.44,1,196.0,1,195.57,1,194.65,1,,,,,,,,,,,199.71,3,201.35,1,,,,,,,,,,,,,,,,
2025-04-10 09:39:38,199.08,199.12,1,198.45,2,199.71,3,199.71,198.45,198.45,2,196.44,1,196.0,1,195.57,1,194.65,1,,,,,,,,,,,199.71,3,201.35,1,,,,,,,,,,,,,,,,
2025-04-10 09:39:39,199.08,199.12,1,198.45,2,199.71,3,199.71,198.45,198.45,2,196.44,1,196.0,1,195.57,1,194.65,1,,,,,,,,,,,199.71,3,201.35,1,,,,,,,,,,,,,,,,
2025-04-10 09:39:40,199.08,199.12,1,198.45,2,199.71,3,199.71,198.45,198.45,2,196.44,1,196.0,1,195.57,1,194.65,1,,,,,,,,,,,199.71,3,201.35,1,,,,,,,,,,,,,,,,
2025-04-10 09:39:41,198.975,199.12,1,198.45,2,199.5,3,199.5,198.45,198.45,2,196.44,1,196.0,1,195.57,1,194.65,1,,,,,,,,,,,199.5,3,201.35,1,,,,,,,,,,,,,,,,
2025-04-10 09:39:42,198.865,199.12,1,198.23,3,199.5,3,199.5,198.23,198.23,3,196.44,1,196.0,1,195.57,1,194.65,1,,,,,,,,,,,199.5,3,201.35,1,,,,,,,,,,,,,,,,
2025-04-10 09:39:43,198.755,199.12,1,198.23,3,199.28,3,199.28,198.23,198.23,3,196.44,1,196.0,1,195.57,1,194.65,1,,,,,,,,,,,199.28,3,201.35,1,,,,,,,,,,,,,,,,
2025-04-10 09:39:44,198.755,199.12,1,198.23,3,199.28,3,199.28,198.23,198.23,3,196.44,1,196.0,1,195.57,1,194.65,1,,,,,,,,,,,199.28,3,201.35,1,,,,,,,,,,,,,,,,
2025-04-10 09:39:45,198.755,199.12,1,198.23,3,199.28,3,199.28,198.23,198.23,3,196.44,1,196.0,1,195.57,1,194.65,1,,,,,,,,,,,199.28,3,201.35,1,,,,,,,,,,,,,,,,
2025-04-10 09:39:46,198.755,198.68,1,198.23,3,199.28,3,199.28,198.23,198.23,3,196.44,1,196.0,1,195.57,1,194.65,1,,,,,,,,,,,199.28,3,201.35,1,,,,,,,,,,,,,,,,
2025-04-10 09:39:47,198.755,198.68,1,198.23,3,199.28,3,199.28,198.23,198.23,3,196.44,1,196.0,1,195.57,1,194.65,1,,,,,,,,,,,199.28,3,201.35,1,,,,,,,,,,,,,,,,
2025-04-10 09:39:48,198.755,198.68,1,198.23,3,199.28,3,199.28,198.23,198.23,3,196.44,1,196.0,1,195.57,1,194.65,1,,,,,,,,,,,199.28,3,201.35,1,,,,,,,,,,,,,,,,
2025-04-10 09:39:49,198.755,198.68,1,198.23,3,199.28,3,199.28,198.23,198.23,3,196.44,1,196.0,1,195.57,1,194.65,1,,,,,,,,,,,199.28,3,201.35,1,,,,,,,,,,,,,,,,
2025-04-10 09:39:50,198.755,198.68,1,198.23,3,199.28,3,199.28,198.23,198.23,3,196.44,1,196.0,1,195.57,1,194.65,1,,,,,,,,,,,199.28,3,201.35,1,,,,,,,,,,,,,,,,
2025-04-10 09:39:51,198.755,198.68,1,198.23,3,199.28,3,199.28,198.23,198.23,3,196.44,1,196.0,1,195.57,1,194.65,1,,,,,,,,,,,199.28,3,201.35,1,,,,,,,,,,,,,,,,
2025-04-10 09:39:52,198.755,198.68,1,198.23,3,199.28,3,199.28,198.23,198.23,3,196.44,1,196.0,1,195.57,1,194.65,1,,,,,,,,,,,199.28,3,201.35,1,,,,,,,,,,,,,,,,
2025-04-10 09:39:53,198.755,198.68,1,198.23,3,199.28,3,199.28,198.23,198.23,3,196.44,1,196.0,1,195.57,1,194.65,1,,,,,,,,,,,199.28,3,201.35,1,,,,,,,,,,,,,,,,
2025-04-10 09:39:54,198.755,198.68,1,198.23,3,199.28,3,199.28,198.23,198.23,3,196.44,1,196.0,1,195.57,1,194.65,1,,,,,,,,,,,199.28,3,201.35,1,,,,,,,,,,,,,,,,
2025-04-10 09:39:55,198.755,198.68,1,198.23,3,199.28,3,199.28,198.23,198.23,3,196.44,1,196.0,1,195.57,1,194.65,1,,,,,,,,,,,199.28,3,201.35,1,,,,,,,,,,,,,,,,
2025-04-10 09:39:56,198.755,198.68,1,198.23,3,199.28,3,199.28,198.23,198.23,3,196.44,1,196.0,1,195.57,1,194.65,1,,,,,,,,,,,199.28,3,201.35,1,,,,,,,,,,,,,,,,
2025-04-10 09:39:57,198.755,198.68,1,198.23,3,199.28,3,199.28,198.23,198.23,3,196.44,1,196.0,1,195.57,1,194.65,1,,,,,,,,,,,199.28,3,201.35,1,,,,,,,,,,,,,,,,
2025-04-10 09:39:58,198.755,198.68,1,198.23,3,199.28,3,199.28,198.23,198.23,3,196.44,1,196.0,1,195.57,1,194.65,1,,,,,,,,,,,199.28,3,201.35,1,,,,,,,,,,,,,,,,
2025-04-10 09:39:59,198.755,198.68,1,198.23,3,199.28,3,199.28,198.23,198.23,3,196.44,1,196.0,1,195.57,1,194.65,1,,,,,,,,,,,199.28,3,201.35,1,,,,,,,,,,,,,,,,
2025-04-10 09:40:00,198.755,198.68,1,198.23,3,199.28,3,199.28,198.23,198.23,3,196.44,1,196.0,1,195.57,1,194.65,1,,,,,,,,,,,199.28,3,201.35,1,,,,,,,,,,,,,,,,
2025-04-10 09:40:01,198.755,198.68,1,198.23,3,199.28,3,199.28,198.23,198.23,3,196.44,1,196.0,1,195.57,1,194.65,1,,,,,,,,,,,199.28,3,201.35,1,,,,,,,,,,,,,,,,
2025-04-10 09:40:02,198.755,198.68,1,198.23,3,199.28,3,199.28,198.23,198.23,3,196.44,1,196.0,1,195.57,1,194.65,1,,,,,,,,,,,199.28,3,201.35,1,,,,,,,,,,,,,,,,
2025-04-10 09:40:03,198.755,198.68,1,198.23,3,199.28,3,199.28,198.23,198.23,3,196.44,1,196.0,1,195.57,1,194.65,1,,,,,,,,,,,199.28,3,201.35,1,,,,,,,,,,,,,,,,
2025-04-10 09:40:04,198.755,198.68,1,198.23,3,199.28,3,199.28,198.23,198.23,3,196.44,1,196.0,1,195.57,1,194.65,1,,,,,,,,,,,199.28,3,201.35,1,,,,,,,,,,,,,,,,
2025-04-10 09:40:05,198.755,198.68,1,198.23,3,199.28,3,199.28,198.23,198.23,3,196.44,1,196.0,1,195.57,1,194.65,1,,,,,,,,,,,199.28,3,201.35,1,,,,,,,,,,,,,,,,
2025-04-10 09:40:06,198.755,198.68,1,198.23,3,199.28,3,199.28,198.23,198.23,3,196.44,1,196.0,1,195.57,1,194.65,1,,,,,,,,,,,199.28,3,201.35,1,,,,,,,,,,,,,,,,
2025-04-10 09:40:07,198.755,198.68,1,198.23,3,199.28,3,199.28,198.23,198.23,3,196.44,1,196.0,1,195.57,1,194.65,1,,,,,,,,,,,199.28,3,201.35,1,,,,,,,,,,,,,,,,
2025-04-10 09:40:08,198.755,198.68,1,198.23,3,199.28,3,199.28,198.23,198.23,3,196.44,1,196.0,1,195.57,1,194.65,1,,,,,,,,,,,199.28,3,201.35,1,,,,,,,,,,,,,,,,
2025-04-10 09:40:09,198.755,198.68,1,198.23,3,199.28,3,199.28,198.23,198.23,3,196.44,1,196.0,1,195.57,1,194.65,1,,,,,,,,,,,199.28,3,201.35,1,,,,,,,,,,,,,,,,
2025-04-10 09:40:10,198.755,198.68,1,198.23,3,199.28,3,199.28,198.23,198.23,3,196.44,1,196.0,1,195.57,1,194.65,1,,,,,,,,,,,199.28,3,201.35,1,,,,,,,,,,,,,,,,
2025-04-10 09:40:11,198.65,198.68,1,198.02,2,199.28,3,199.28,198.02,198.02,2,196.44,1,196.0,1,195.57,1,194.65,1,,,,,,,,,,,199.28,3,201.35,1,,,,,,,,,,,,,,,,
2025-04-10 09:40:12,198.65,198.68,1,198.02,2,199.28,3,199.28,198.02,198.02,2,196.44,1,196.0,1,195.57,1,194.65,1,,,,,,,,,,,199.28,3,201.35,1,,,,,,,,,,,,,,,,
2025-04-10 09:40:13,198.65,198.68,1,198.02,2,199.28,3,199.28,198.02,198.02,2,196.44,1,196.0,1,195.57,1,194.65,1,,,,,,,,,,,199.28,3,201.35,1,,,,,,,,,,,,,,,,
2025-04-10 09:40:14,198.65,198.68,1,198.02,2,199.28,3,199.28,198.02,198.02,2,196.44,1,196.0,1,195.57,1,194.65,1,,,,,,,,,,,199.28,3,201.35,1,,,,,,,,,,,,,,,,
2025-04-10 09:40:15,198.65,198.68,1,198.02,2,199.28,3,199.28,198.02,198.02,2,196.44,1,196.0,1,195.57,1,194.65,1,,,,,,,,,,,199.28,3,201.35,1,,,,,,,,,,,,,,,,
2025-04-10 09:40:16,198.65,198.68,1,198.02,2,199.28,3,199.28,198.02,198.02,2,196.44,1,196.0,1,195.57,1,194.65,1,,,,,,,,,,,199.28,3,201.35,1,,,,,,,,,,,,,,,,
2025-04-10 09:40:17,198.65,198.68,1,198.02,2,199.28,3,199.28,198.02,198.02,2,196.44,1,196.0,1,195.57,1,194.65,1,,,,,,,,,,,199.28,3,201.35,1,,,,,,,,,,,,,,,,
2025-04-10 09:40:18,198.65,198.68,1,198.02,2,199.28,3,199.28,198.02,198.02,2,196.44,1,196.0,1,195.57,1,194.65,1,,,,,,,,,,,199.28,3,201.35,1,,,,,,,,,,,,,,,,
2025-04-10 09:40:19,198.65,198.68,1,198.02,2,199.28,3,199.28,198.02,198.02,2,196.44,1,196.0,1,195.57,1,194.65,1,,,,,,,,,,,199.28,3,201.35,1,,,,,,,,,,,,,,,,
2025-04-10 09:40:20,198.65,198.68,1,198.02,2,199.28,3,199.28,198.02,198.02,2,196.44,1,196.0,1,195.57,1,194.65,1,,,,,,,,,,,199.28,3,201.35,1,,,,,,,,,,,,,,,,
2025-04-10 09:40:21,198.65,198.68,1,198.02,2,199.28,3,199.28,198.02,198.02,2,196.44,1,196.0,1,195.57,1,194.65,1,,,,,,,,,,,199.28,3,201.35,1,,,,,,,,,,,,,,,,
2025-04-10 09:40:22,198.65,198.68,1,198.02,2,199.28,3,199.28,198.02,198.02,2,196.44,1,196.0,1,195.57,1,194.65,1,,,,,,,,,,,199.28,3,201.35,1,,,,,,,,,,,,,,,,
2025-04-10 09:40:23,198.65,198.68,1,198.02,2,199.28,3,199.28,198.02,198.02,2,196.44,1,196.0,1,195.57,1,194.65,1,,,,,,,,,,,199.28,3,201.35,1,,,,,,,,,,,,,,,,
2025-04-10 09:40:24,198.65,198.68,1,198.02,2,199.28,3,199.28,198.02,198.02,2,196.44,1,196.0,1,195.57,1,194.65,1,,,,,,,,,,,199.28,3,201.35,1,,,,,,,,,,,,,,,,
2025-04-10 09:40:25,198.65,198.68,1,198.02,2,199.28,3,199.28,198.02,198.02,2,196.44,1,196.0,1,195.57,1,194.65,1,,,,,,,,,,,199.28,3,201.35,1,,,,,,,,,,,,,,,,
2025-04-10 09:40:26,198.65,198.68,1,198.02,2,199.28,3,199.28,198.02,198.02,2,196.44,1,196.0,1,195.57,1,194.65,1,,,,,,,,,,,199.28,3,201.35,1,,,,,,,,,,,,,,,,
2025-04-10 09:40:27,198.65,198.68,1,198.02,2,199.28,3,199.28,198.02,198.02,2,196.44,1,196.0,1,195.57,1,194.65,1,,,,,,,,,,,199.28,3,201.35,1,,,,,,,,,,,,,,,,
2025-04-10 09:40:28,198.65,198.68,1,198.02,2,199.28,3,199.28,198.02,198.02,2,196.44,1,196.0,1,195.57,1,194.65,1,,,,,,,,,,,199.28,3,201.35,1,,,,,,,,,,,,,,,,
2025-04-10 09:40:29,198.65,198.68,1,198.02,2,199.28,3,199.28,198.02,198.02,2,196.44,1,196.0,1,195.57,1,194.65,1,,,,,,,,,,,199.28,3,201.35,1,,,,,,,,,,,,,,,,
2025-04-10 09:40:30,198.65,198.68,1,198.02,2,199.28,3,199.28,198.02,198.02,2,196.44,1,196.0,1,195.57,1,194.65,1,,,,,,,,,,,199.28,3,201.35,1,,,,,,,,,,,,,,,,
2025-04-10 09:40:31,198.65,198.68,1,198.02,2,199.28,3,199.28,198.02,198.02,2,196.44,1,196.0,1,195.57,1,194.65,1,,,,,,,,,,,199.28,3,201.35,1,,,,,,,,,,,,,,,,
2025-04-10 09:40:32,198.65,198.68,1,198.02,2,199.28,3,199.28,198.02,198.02,2,196.44,1,196.0,1,195.57,1,194.65,1,,,,,,,,,,,199.28,3,201.35,1,,,,,,,,,,,,,,,,
2025-04-10 09:40:33,198.65,198.68,1,198.02,2,199.28,3,199.28,198.02,198.02,2,196.44,1,196.0,1,195.57,1,194.65,1,,,,,,,,,,,199.28,3,201.35,1,,,,,,,,,,,,,,,,
2025-04-10 09:40:34,198.65,198.68,1,198.02,2,199.28,3,199.28,198.02,198.02,2,196.44,1,196.0,1,195.57,1,194.65,1,,,,,,,,,,,199.28,3,201.35,1,,,,,,,,,,,,,,,,
2025-04-10 09:40:35,198.65,198.68,1,198.02,2,199.28,3,199.28,198.02,198.02,2,196.44,1,196.0,1,195.57,1,194.65,1,,,,,,,,,,,199.28,3,201.35,1,,,,,,,,,,,,,,,,
2025-04-10 09:40:36,198.65,198.68,1,198.02,2,199.28,3,199.28,198.02,198.02,2,196.44,1,196.0,1,195.57,1,194.65,1,,,,,,,,,,,199.28,3,201.35,1,,,,,,,,,,,,,,,,
2025-04-10 09:40:37,198.65,198.68,1,198.02,2,199.28,3,199.28,198.02,198.02,2,196.44,1,196.0,1,195.57,1,194.65,1,,,,,,,,,,,199.28,3,201.35,1,,,,,,,,,,,,,,,,
2025-04-10 09:40:38,198.65,198.68,1,198.02,2,199.28,3,199.28,198.02,198.02,2,196.44,1,196.0,1,195.57,1,194.65,1,,,,,,,,,,,199.28,3,201.35,1,,,,,,,,,,,,,,,,
2025-04-10 09:40:39,198.65,198.68,1,198.02,2,199.28,3,199.28,198.02,198.02,2,196.44,1,196.0,1,195.57,1,194.65,1,,,,,,,,,,,199.28,3,201.35,1,,,,,,,,,,,,,,,,
2025-04-10 09:40:40,198.65,198.68,1,198.02,2,199.28,3,199.28,198.02,198.02,2,196.44,1,196.0,1,195.57,1,194.65,1,,,,,,,,,,,199.28,3,201.35,1,,,,,,,,,,,,,,,,
2025-04-10 09:40:41,198.65,198.68,1,198.02,2,199.28,3,199.28,198.02,198.02,2,196.44,1,196.0,1,195.57,1,194.65,1,,,,,,,,,,,199.28,3,201.35,1,,,,,,,,,,,,,,,,
