sim_time,mid_price,last_price,last_size,best_bid_price,best_bid_size,best_ask_price,best_ask_size,close_price_buy,close_price_sell,bid1_price,bid1_size,bid2_price,bid2_size,bid3_price,bid3_size,bid4_price,bid4_size,bid5_price,bid5_size,bid6_price,bid6_size,bid7_price,bid7_size,bid8_price,bid8_size,bid9_price,bid9_size,bid10_price,bid10_size,ask1_price,ask1_size,ask2_price,ask2_size,ask3_price,ask3_size,ask4_price,ask4_size,ask5_price,ask5_size,ask6_price,ask6_size,ask7_price,ask7_size,ask8_price,ask8_size,ask9_price,ask9_size,ask10_price,ask10_size
2025-04-10 09:30:11,231.435,231.44,1,230.77,6,232.1,12,232.1,230.77,230.77,6,230.55,5,,,,,,,,,,,,,,,,,232.1,12,232.42,4,,,,,,,,,,,,,,,,
2025-04-10 09:30:12,231.435,231.44,1,230.77,6,232.1,12,232.1,230.77,230.77,6,230.55,5,,,,,,,,,,,,,,,,,232.1,12,232.42,4,,,,,,,,,,,,,,,,
2025-04-10 09:30:14,231.435,231.44,1,230.77,6,232.1,12,232.1,230.77,230.77,6,230.55,5,,,,,,,,,,,,,,,,,232.1,12,232.42,4,,,,,,,,,,,,,,,,
2025-04-10 09:30:15,231.435,231.44,1,230.77,6,232.1,12,232.1,230.77,230.77,6,230.55,5,,,,,,,,,,,,,,,,,232.1,12,232.42,4,,,,,,,,,,,,,,,,
2025-04-10 09:30:16,231.435,231.44,2,230.77,6,232.1,12,232.1,230.77,230.77,6,230.55,5,,,,,,,,,,,,,,,,,232.1,12,232.42,4,,,,,,,,,,,,,,,,
2025-04-10 09:30:17,231.435,231.44,2,230.77,6,232.1,12,232.1,230.77,230.77,6,230.55,5,,,,,,,,,,,,,,,,,232.1,12,232.42,4,,,,,,,,,,,,,,,,
2025-04-10 09:30:18,231.435,231.44,2,230.77,6,232.1,12,232.1,230.77,230.77,6,230.55,5,,,,,,,,,,,,,,,,,232.1,12,232.42,4,,,,,,,,,,,,,,,,
2025-04-10 09:30:19,231.375,231.71,1,230.77,6,231.98,4,231.98,230.77,230.77,6,230.55,5,,,,,,,,,,,,,,,,,231.98,4,232.1,12,232.42,4,,,,,,,,,,,,,,
2025-04-10 09:30:20,231.36,231.71,1,230.77,6,231.95,5,231.95,230.77,230.77,6,230.55,5,,,,,,,,,,,,,,,,,231.95,5,231.98,4,232.1,12,232.42,4,,,,,,,,,,,,
2025-04-10 09:30:21,231.36,231.71,1,230.77,6,231.95,5,231.95,230.77,230.77,6,230.55,5,,,,,,,,,,,,,,,,,231.95,5,231.98,4,232.1,12,232.42,4,,,,,,,,,,,,
2025-04-10 09:30:22,231.36,231.36,1,230.77,6,231.95,5,231.95,230.77,230.77,6,230.55,5,,,,,,,,,,,,,,,,,231.95,5,231.98,4,232.1,12,232.42,4,,,,,,,,,,,,
2025-04-10 09:30:23,231.425,231.36,1,230.9,5,231.95,5,231.95,230.9,230.9,5,230.88,1,230.77,6,230.55,5,,,,,,,,,,,,,231.95,5,231.98,4,232.1,12,232.42,4,,,,,,,,,,,,
2025-04-10 09:30:24,231.425,231.36,1,230.9,5,231.95,5,231.95,230.9,230.9,5,230.88,1,230.77,6,230.55,5,,,,,,,,,,,,,231.95,5,231.98,4,232.1,12,232.42,4,,,,,,,,,,,,
2025-04-10 09:30:25,231.425,231.43,1,230.9,5,231.95,5,231.95,230.9,230.9,5,230.88,1,230.77,6,230.55,5,,,,,,,,,,,,,231.95,5,231.98,4,232.1,12,232.42,4,,,,,,,,,,,,
2025-04-10 09:30:26,231.425,231.43,1,230.9,5,231.95,7,231.95,230.9,230.9,5,230.88,1,230.77,6,230.55,5,,,,,,,,,,,,,231.95,7,231.98,4,232.1,12,232.42,4,,,,,,,,,,,,
2025-04-10 09:30:27,231.425,231.43,1,230.9,6,231.95,7,231.95,230.9,230.9,6,230.88,1,230.77,6,230.55,5,,,,,,,,,,,,,231.95,7,231.98,4,232.1,12,232.42,4,,,,,,,,,,,,
2025-04-10 09:30:28,231.425,231.95,1,230.9,6,231.95,7,231.95,230.9,230.9,6,230.88,1,230.77,6,230.55,5,,,,,,,,,,,,,231.95,7,231.98,4,232.1,12,232.42,4,,,,,,,,,,,,
2025-04-10 09:30:29,231.425,231.95,1,230.9,6,231.95,7,231.95,230.9,230.9,6,230.88,1,230.77,6,230.55,5,,,,,,,,,,,,,231.95,7,231.98,4,232.1,12,232.42,4,,,,,,,,,,,,
2025-04-10 09:30:30,231.425,231.95,1,230.9,6,231.95,11,231.95,230.9,230.9,6,230.88,1,230.77,6,230.55,5,,,,,,,,,,,,,231.95,11,231.98,4,232.1,12,232.42,4,,,,,,,,,,,,
2025-04-10 09:30:31,231.425,231.95,1,230.9,6,231.95,11,231.95,230.9,230.9,6,230.88,1,230.77,6,230.55,5,,,,,,,,,,,,,231.95,11,231.98,4,232.1,12,232.42,4,,,,,,,,,,,,
2025-04-10 09:30:32,231.425,231.95,1,230.9,6,231.95,10,231.95,230.9,230.9,6,230.88,1,230.77,6,230.55,5,,,,,,,,,,,,,231.95,10,231.98,4,232.1,12,232.42,4,,,,,,,,,,,,
2025-04-10 09:30:33,231.425,231.95,1,230.9,6,231.95,10,231.95,230.9,230.9,6,230.88,1,230.77,6,230.55,5,,,,,,,,,,,,,231.95,10,231.98,4,232.1,12,232.42,4,,,,,,,,,,,,
2025-04-10 09:30:34,231.425,231.43,1,230.9,6,231.95,10,231.95,230.9,230.9,6,230.88,1,230.77,6,230.55,5,,,,,,,,,,,,,231.95,10,231.98,4,232.1,12,232.42,4,,,,,,,,,,,,
2025-04-10 09:30:35,231.425,231.43,1,230.9,6,231.95,10,231.95,230.9,230.9,6,230.88,1,230.77,6,230.55,5,,,,,,,,,,,,,231.95,10,231.98,4,232.1,12,232.42,4,,,,,,,,,,,,
2025-04-10 09:30:36,231.425,231.13,1,230.9,6,231.95,10,231.95,230.9,230.9,6,230.88,1,230.77,6,230.55,5,,,,,,,,,,,,,231.95,10,231.98,4,232.1,12,232.42,4,,,,,,,,,,,,
2025-04-10 09:30:37,231.425,231.13,1,230.9,6,231.95,10,231.95,230.9,230.9,6,230.88,1,230.77,6,230.55,5,,,,,,,,,,,,,231.95,10,231.98,4,232.1,12,232.42,4,,,,,,,,,,,,
2025-04-10 09:30:38,231.425,231.13,1,230.9,6,231.95,10,231.95,230.9,230.9,6,230.88,1,230.77,6,230.55,5,,,,,,,,,,,,,231.95,10,231.98,4,232.1,12,232.42,4,,,,,,,,,,,,
2025-04-10 09:30:39,231.425,231.11,1,230.9,6,231.95,10,231.95,230.9,230.9,6,230.88,1,230.77,6,230.55,5,,,,,,,,,,,,,231.95,10,231.98,4,232.1,12,232.42,4,,,,,,,,,,,,
2025-04-10 09:30:40,231.425,231.02,1,230.9,6,231.95,11,231.95,230.9,230.9,6,230.88,1,230.77,6,230.55,5,,,,,,,,,,,,,231.95,11,231.98,4,232.1,12,232.42,4,,,,,,,,,,,,
2025-04-10 09:30:41,231.265,230.9,1,230.88,5,231.65,10,231.65,230.88,230.88,5,230.87,1,230.85,1,230.77,6,230.55,5,,,,,,,,,,,231.65,10,231.66,8,231.67,8,231.95,11,231.98,4,232.1,12,232.42,4,,,,,,
2025-04-10 09:30:42,231.265,230.9,1,230.88,5,231.65,10,231.65,230.88,230.88,5,230.87,1,230.85,1,230.77,6,230.55,5,,,,,,,,,,,231.65,10,231.66,8,231.67,8,231.95,11,231.98,4,232.1,12,232.42,4,,,,,,
2025-04-10 09:30:43,231.265,230.9,1,230.88,5,231.65,10,231.65,230.88,230.88,5,230.87,1,230.85,1,230.77,6,230.55,5,,,,,,,,,,,231.65,10,231.66,8,231.67,8,231.95,11,231.98,4,232.1,12,232.42,4,,,,,,
2025-04-10 09:30:44,231.265,230.88,3,230.88,5,231.65,10,231.65,230.88,230.88,5,230.87,1,230.85,1,230.77,6,230.55,5,,,,,,,,,,,231.65,10,231.66,8,231.67,8,231.95,11,231.98,4,232.1,12,232.42,4,,,,,,
2025-04-10 09:30:45,231.265,230.89,1,230.88,5,231.65,10,231.65,230.88,230.88,5,230.87,1,230.85,1,230.77,6,230.55,5,,,,,,,,,,,231.65,10,231.66,8,231.67,8,231.95,11,231.98,4,232.1,12,232.42,4,,,,,,
2025-04-10 09:30:46,231.265,230.89,1,230.88,5,231.65,10,231.65,230.88,230.88,5,230.87,1,230.85,1,230.77,6,230.55,5,,,,,,,,,,,231.65,10,231.66,8,231.67,8,231.95,11,231.98,4,232.1,12,232.42,4,,,,,,
2025-04-10 09:30:47,231.265,230.89,1,230.88,5,231.65,10,231.65,230.88,230.88,5,230.87,1,230.85,1,230.77,6,230.55,5,,,,,,,,,,,231.65,10,231.66,8,231.67,8,231.95,11,231.98,4,232.1,12,232.42,4,,,,,,
2025-04-10 09:30:48,231.265,230.89,1,230.88,5,231.65,10,231.65,230.88,230.88,5,230.87,1,230.85,1,230.77,6,230.55,5,,,,,,,,,,,231.65,10,231.66,8,231.67,8,231.95,11,231.98,4,232.1,12,232.42,4,,,,,,
2025-04-10 09:30:49,231.265,230.89,1,230.88,5,231.65,10,231.65,230.88,230.88,5,230.87,1,230.85,1,230.77,6,230.55,5,,,,,,,,,,,231.65,10,231.66,8,231.67,8,231.95,11,231.98,4,232.1,12,232.42,4,,,,,,
2025-04-10 09:30:50,231.265,230.89,1,230.88,5,231.65,10,231.65,230.88,230.88,5,230.87,1,230.85,1,230.77,6,230.55,5,,,,,,,,,,,231.65,10,231.66,8,231.67,8,231.95,11,231.98,4,232.1,12,232.42,4,,,,,,
2025-04-10 09:30:51,231.265,230.88,2,230.88,5,231.65,14,231.65,230.88,230.88,5,230.86,1,230.85,1,230.77,6,230.55,5,,,,,,,,,,,231.65,14,231.66,8,231.67,8,231.95,11,231.98,4,232.1,12,232.42,4,,,,,,
2025-04-10 09:30:52,231.265,230.88,2,230.88,5,231.65,14,231.65,230.88,230.88,5,230.86,1,230.85,1,230.77,6,230.55,5,,,,,,,,,,,231.65,14,231.66,8,231.67,8,231.95,11,231.98,4,232.1,12,232.42,4,,,,,,
2025-04-10 09:30:53,231.265,230.88,2,230.88,5,231.65,14,231.65,230.88,230.88,5,230.86,1,230.85,1,230.77,6,230.55,5,,,,,,,,,,,231.65,14,231.66,8,231.67,8,231.95,11,231.98,4,232.1,12,232.42,4,,,,,,
2025-04-10 09:30:54,231.265,231.26,1,230.88,5,231.65,14,231.65,230.88,230.88,5,230.86,1,230.85,1,230.77,6,230.55,5,,,,,,,,,,,231.65,14,231.66,8,231.67,8,231.95,11,231.98,4,232.1,12,232.42,4,,,,,,
2025-04-10 09:30:55,231.265,231.26,1,230.88,5,231.65,14,231.65,230.88,230.88,5,230.86,1,230.85,1,230.77,6,230.55,5,,,,,,,,,,,231.65,14,231.66,8,231.67,8,231.95,11,231.98,4,232.1,12,232.42,4,,,,,,
2025-04-10 09:30:56,231.265,231.26,1,230.88,5,231.65,15,231.65,230.88,230.88,5,230.86,1,230.85,1,230.77,6,230.55,5,,,,,,,,,,,231.65,15,231.66,8,231.67,8,231.95,11,231.98,4,232.1,12,232.42,4,,,,,,
2025-04-10 09:30:57,231.265,231.26,1,230.88,5,231.65,15,231.65,230.88,230.88,5,230.86,1,230.85,1,230.77,6,230.55,5,,,,,,,,,,,231.65,15,231.66,8,231.67,8,231.95,11,231.98,4,232.1,12,232.42,4,,,,,,
2025-04-10 09:30:58,231.265,231.26,1,230.88,5,231.65,15,231.65,230.88,230.88,5,230.86,1,230.85,1,230.77,6,230.55,5,,,,,,,,,,,231.65,15,231.66,8,231.67,8,231.95,11,231.98,4,232.1,12,232.42,4,,,,,,
2025-04-10 09:30:59,231.265,231.26,1,230.88,5,231.65,16,231.65,230.88,230.88,5,230.86,1,230.85,1,230.77,6,230.55,5,,,,,,,,,,,231.65,16,231.66,8,231.67,8,231.95,11,231.98,4,232.1,12,232.42,4,,,,,,
2025-04-10 09:31:00,231.265,231.26,1,230.88,5,231.65,16,231.65,230.88,230.88,5,230.86,1,230.85,1,230.77,6,230.55,5,,,,,,,,,,,231.65,16,231.66,8,231.67,8,231.95,11,231.98,4,232.1,12,232.42,4,,,,,,
2025-04-10 09:31:01,231.265,231.26,1,230.88,5,231.65,16,231.65,230.88,230.88,5,230.86,1,230.85,1,230.77,6,230.55,5,,,,,,,,,,,231.65,16,231.66,8,231.67,8,231.95,11,231.98,4,232.1,12,232.42,4,,,,,,
2025-04-10 09:31:02,231.26,231.26,1,230.88,5,231.64,13,231.64,230.88,230.88,5,230.86,1,230.85,1,230.77,6,230.55,5,,,,,,,,,,,231.64,13,231.65,16,231.66,8,231.67,8,231.95,11,231.98,4,232.1,12,232.42,4,,,,
2025-04-10 09:31:03,231.135,231.14,2,230.88,5,231.39,11,231.39,230.88,230.88,5,230.86,1,230.85,1,230.77,6,230.55,5,,,,,,,,,,,231.39,11,231.52,1,231.63,1,231.64,12,231.65,16,231.66,8,231.67,8,231.95,11,231.98,4,232.1,12
2025-04-10 09:31:04,231.135,231.14,1,230.88,5,231.39,11,231.39,230.88,230.88,5,230.86,1,230.85,1,230.77,6,230.55,5,,,,,,,,,,,231.39,11,231.52,1,231.63,1,231.64,12,231.65,16,231.66,8,231.67,8,231.95,11,231.98,4,232.1,12
2025-04-10 09:31:05,231.115,230.9,1,230.85,1,231.38,5,231.38,230.85,230.85,1,230.77,6,230.55,5,,,,,,,,,,,,,,,231.38,5,231.39,11,231.52,1,231.63,1,231.64,12,231.65,16,231.66,8,231.67,8,231.95,11,231.98,4
2025-04-10 09:31:06,231.115,231.12,1,230.85,2,231.38,4,231.38,230.85,230.85,2,230.77,6,230.55,5,,,,,,,,,,,,,,,231.38,4,231.39,11,231.52,1,231.63,1,231.64,12,231.65,16,231.66,8,231.67,8,231.95,11,231.98,4
2025-04-10 09:31:07,231.115,231.12,2,230.85,3,231.38,4,231.38,230.85,230.85,3,230.77,6,230.55,5,,,,,,,,,,,,,,,231.38,4,231.39,11,231.52,1,231.63,1,231.64,12,231.65,16,231.66,8,231.67,8,231.95,11,231.98,4
2025-04-10 09:31:08,230.8,230.72,2,230.5,1,231.1,5,231.1,230.5,230.5,1,230.33,5,,,,,,,,,,,,,,,,,231.1,5,231.27,1,231.36,1,231.37,3,231.38,4,231.39,11,231.52,1,231.63,1,231.64,12,231.65,16
2025-04-10 09:31:09,230.8,230.8,2,230.5,1,231.1,5,231.1,230.5,230.5,1,230.33,5,,,,,,,,,,,,,,,,,231.1,5,231.27,1,231.36,1,231.37,3,231.38,4,231.39,11,231.52,1,231.63,1,231.64,12,231.65,16
2025-04-10 09:31:10,230.8,230.8,1,230.5,1,231.1,5,231.1,230.5,230.5,1,230.33,5,,,,,,,,,,,,,,,,,231.1,5,231.27,1,231.36,1,231.37,3,231.38,4,231.39,11,231.52,1,231.63,1,231.64,12,231.65,16
2025-04-10 09:31:11,230.99,230.99,2,230.61,1,231.37,14,231.37,230.61,230.61,1,230.6,5,230.59,6,230.56,1,230.5,1,230.33,5,,,,,,,,,231.37,14,231.38,5,231.39,11,231.52,1,231.63,1,231.64,12,231.65,16,231.66,8,231.67,8,231.95,11
2025-04-10 09:31:12,230.93,230.98,1,230.5,1,231.36,9,231.36,230.5,230.5,1,230.33,5,,,,,,,,,,,,,,,,,231.36,9,231.37,14,231.38,5,231.39,11,231.52,1,231.63,1,231.64,12,231.65,16,231.66,8,231.67,8
2025-04-10 09:31:13,230.93,230.84,1,230.5,1,231.36,9,231.36,230.5,230.5,1,230.33,5,,,,,,,,,,,,,,,,,231.36,9,231.37,14,231.38,5,231.39,11,231.52,1,231.63,1,231.64,12,231.65,16,231.66,8,231.67,8
2025-04-10 09:31:14,230.93,230.84,1,230.5,1,231.36,9,231.36,230.5,230.5,1,230.33,5,,,,,,,,,,,,,,,,,231.36,9,231.37,14,231.38,5,231.39,11,231.52,1,231.63,1,231.64,12,231.65,16,231.66,8,231.67,8
2025-04-10 09:31:15,230.925,230.84,1,230.5,1,231.35,9,231.35,230.5,230.5,1,230.33,5,,,,,,,,,,,,,,,,,231.35,9,231.36,9,231.37,14,231.38,5,231.39,11,231.52,1,231.63,1,231.64,12,231.65,16,231.66,8
2025-04-10 09:31:16,230.91,230.91,2,230.47,1,231.35,9,231.35,230.47,230.47,1,230.33,5,,,,,,,,,,,,,,,,,231.35,9,231.36,9,231.37,14,231.38,5,231.39,11,231.52,1,231.63,1,231.64,12,231.65,16,231.66,8
2025-04-10 09:31:17,230.91,230.91,2,230.47,1,231.35,9,231.35,230.47,230.47,1,230.33,5,,,,,,,,,,,,,,,,,231.35,9,231.36,9,231.37,14,231.38,5,231.39,11,231.52,1,231.63,1,231.64,12,231.65,16,231.66,8
2025-04-10 09:31:18,230.91,230.91,2,230.47,1,231.35,9,231.35,230.47,230.47,1,230.33,5,,,,,,,,,,,,,,,,,231.35,9,231.36,9,231.37,14,231.38,5,231.39,11,231.52,1,231.63,1,231.64,12,231.65,16,231.66,8
2025-04-10 09:31:19,230.91,230.91,2,230.47,1,231.35,9,231.35,230.47,230.47,1,230.33,5,,,,,,,,,,,,,,,,,231.35,9,231.36,9,231.37,14,231.38,5,231.39,11,231.52,1,231.63,1,231.64,12,231.65,16,231.66,8
2025-04-10 09:31:20,230.745,230.75,2,230.47,7,231.02,11,231.02,230.47,230.47,7,230.33,5,,,,,,,,,,,,,,,,,231.02,11,231.16,5,231.35,9,231.36,9,231.37,14,231.38,5,231.39,11,231.52,1,231.63,1,231.64,12
2025-04-10 09:31:21,230.745,230.75,2,230.47,7,231.02,11,231.02,230.47,230.47,7,230.33,5,,,,,,,,,,,,,,,,,231.02,11,231.16,5,231.35,9,231.36,9,231.37,14,231.38,5,231.39,11,231.52,1,231.63,1,231.64,12
2025-04-10 09:31:22,230.515,230.45,1,230.3,3,230.73,6,230.73,230.3,230.3,3,,,,,,,,,,,,,,,,,,,230.73,6,230.91,1,231.02,11,231.16,5,231.35,9,231.36,9,231.37,14,231.38,5,231.39,11,231.52,1
2025-04-10 09:31:23,230.515,230.45,1,230.3,3,230.73,6,230.73,230.3,230.3,3,,,,,,,,,,,,,,,,,,,230.73,6,230.91,1,231.02,11,231.16,5,231.35,9,231.36,9,231.37,14,231.38,5,231.39,11,231.52,1
2025-04-10 09:31:24,230.515,230.45,1,230.3,3,230.73,6,230.73,230.3,230.3,3,,,,,,,,,,,,,,,,,,,230.73,6,230.91,1,231.02,11,231.16,5,231.35,9,231.36,9,231.37,14,231.38,5,231.39,11,231.52,1
2025-04-10 09:31:25,230.515,230.45,1,230.3,3,230.73,6,230.73,230.3,230.3,3,,,,,,,,,,,,,,,,,,,230.73,6,230.91,1,231.02,11,231.16,5,231.35,9,231.36,9,231.37,14,231.38,5,231.39,11,231.52,1
2025-04-10 09:31:26,230.515,230.45,1,230.3,3,230.73,6,230.73,230.3,230.3,3,,,,,,,,,,,,,,,,,,,230.73,6,230.91,1,231.02,11,231.16,5,231.35,9,231.36,9,231.37,14,231.38,5,231.39,11,231.52,1
2025-04-10 09:31:27,230.515,230.45,1,230.3,3,230.73,5,230.73,230.3,230.3,3,,,,,,,,,,,,,,,,,,,230.73,5,230.91,1,231.02,11,231.16,5,231.35,9,231.36,9,231.37,14,231.38,5,231.39,11,231.52,1
2025-04-10 09:31:28,230.515,230.33,1,230.3,3,230.73,5,230.73,230.3,230.3,3,,,,,,,,,,,,,,,,,,,230.73,5,230.91,1,231.02,11,231.16,5,231.35,9,231.36,9,231.37,14,231.38,5,231.39,11,231.52,1
2025-04-10 09:31:29,230.515,230.33,1,230.3,3,230.73,5,230.73,230.3,230.3,3,,,,,,,,,,,,,,,,,,,230.73,5,230.91,1,231.02,11,231.16,5,231.35,9,231.36,9,231.37,14,231.38,5,231.39,11,231.52,1
2025-04-10 09:31:30,230.515,230.33,1,230.3,3,230.73,9,230.73,230.3,230.3,3,,,,,,,,,,,,,,,,,,,230.73,9,230.91,1,231.02,11,231.16,5,231.35,9,231.36,9,231.37,14,231.38,5,231.39,11,231.52,1
2025-04-10 09:31:31,230.51,230.3,1,230.3,1,230.72,6,230.72,230.3,230.3,1,,,,,,,,,,,,,,,,,,,230.72,6,230.73,9,230.91,1,231.02,11,231.16,5,231.35,9,231.36,9,231.37,14,231.38,5,231.39,11
2025-04-10 09:31:32,230.33,230.39,1,230.0,4,230.66,7,230.66,230.0,230.0,4,,,,,,,,,,,,,,,,,,,230.66,7,230.72,6,230.73,9,230.91,1,231.02,11,231.16,5,231.35,9,231.36,9,231.37,14,231.38,5
2025-04-10 09:31:33,230.33,230.47,1,230.0,4,230.66,6,230.66,230.0,230.0,4,,,,,,,,,,,,,,,,,,,230.66,6,230.72,6,230.73,9,230.91,1,231.02,11,231.16,5,231.35,9,231.36,9,231.37,14,231.38,5
2025-04-10 09:31:34,230.33,230.33,1,230.0,4,230.66,6,230.66,230.0,230.0,4,,,,,,,,,,,,,,,,,,,230.66,6,230.72,6,230.73,9,230.91,1,231.02,11,231.16,5,231.35,9,231.36,9,231.37,14,231.38,5
2025-04-10 09:31:35,230.33,230.33,1,230.0,4,230.66,6,230.66,230.0,230.0,4,,,,,,,,,,,,,,,,,,,230.66,6,230.72,6,230.73,9,230.91,1,231.02,11,231.16,5,231.35,9,231.36,9,231.37,14,231.38,5
2025-04-10 09:31:36,230.33,230.33,1,230.0,4,230.66,6,230.66,230.0,230.0,4,,,,,,,,,,,,,,,,,,,230.66,6,230.72,6,230.73,9,230.91,1,231.02,11,231.16,5,231.35,9,231.36,9,231.37,14,231.38,5
2025-04-10 09:31:37,230.33,230.58,1,230.0,4,230.66,6,230.66,230.0,230.0,4,,,,,,,,,,,,,,,,,,,230.66,6,230.72,6,230.73,9,230.91,1,231.02,11,231.16,5,231.35,9,231.36,9,231.37,14,231.38,5
2025-04-10 09:31:38,230.33,230.33,1,230.0,4,230.66,6,230.66,230.0,230.0,4,,,,,,,,,,,,,,,,,,,230.66,6,230.72,6,230.73,9,230.91,1,231.02,11,231.16,5,231.35,9,231.36,9,231.37,14,231.38,5
2025-04-10 09:31:39,230.33,230.33,1,230.0,4,230.66,6,230.66,230.0,230.0,4,,,,,,,,,,,,,,,,,,,230.66,6,230.72,6,230.73,9,230.91,1,231.02,11,231.16,5,231.35,9,231.36,9,231.37,14,231.38,5
2025-04-10 09:31:40,230.69,230.69,2,230.04,1,231.34,6,231.34,230.04,230.04,1,230.01,1,230.0,4,,,,,,,,,,,,,,,231.34,6,231.35,9,231.36,9,231.37,14,231.38,5,231.39,11,231.52,1,231.63,1,231.64,12,231.65,16
2025-04-10 09:31:41,230.69,230.69,2,230.04,1,231.34,6,231.34,230.04,230.04,1,230.01,1,230.0,4,,,,,,,,,,,,,,,231.34,6,231.35,9,231.36,9,231.37,14,231.38,5,231.39,11,231.52,1,231.63,1,231.64,12,231.65,16
2025-04-10 09:31:42,230.69,230.69,2,230.04,1,231.34,6,231.34,230.04,230.04,1,230.01,1,230.0,4,,,,,,,,,,,,,,,231.34,6,231.35,9,231.36,9,231.37,14,231.38,5,231.39,11,231.52,1,231.63,1,231.64,12,231.65,16
2025-04-10 09:31:43,230.69,230.69,2,230.04,3,231.34,6,231.34,230.04,230.04,3,230.01,1,230.0,4,,,,,,,,,,,,,,,231.34,6,231.35,9,231.36,9,231.37,14,231.38,5,231.39,11,231.52,1,231.63,1,231.64,12,231.65,16
2025-04-10 09:31:44,230.69,230.69,2,230.04,3,231.34,6,231.34,230.04,230.04,3,230.01,1,230.0,4,,,,,,,,,,,,,,,231.34,6,231.35,9,231.36,9,231.37,14,231.38,5,231.39,11,231.52,1,231.63,1,231.64,12,231.65,16
2025-04-10 09:31:45,230.69,230.69,2,230.04,3,231.34,6,231.34,230.04,230.04,3,230.01,1,230.0,4,,,,,,,,,,,,,,,231.34,6,231.35,9,231.36,9,231.37,14,231.38,5,231.39,11,231.52,1,231.63,1,231.64,12,231.65,16
2025-04-10 09:31:46,230.69,230.69,1,230.04,3,231.34,6,231.34,230.04,230.04,3,230.01,1,230.0,4,,,,,,,,,,,,,,,231.34,6,231.35,9,231.36,9,231.37,14,231.38,5,231.39,11,231.52,1,231.63,1,231.64,12,231.65,16
2025-04-10 09:31:47,230.69,230.69,1,230.04,4,231.34,6,231.34,230.04,230.04,4,230.01,1,230.0,4,,,,,,,,,,,,,,,231.34,6,231.35,9,231.36,9,231.37,14,231.38,5,231.39,11,231.52,1,231.63,1,231.64,12,231.65,16
2025-04-10 09:31:48,230.69,230.69,1,230.04,4,231.34,6,231.34,230.04,230.04,4,230.01,1,230.0,4,,,,,,,,,,,,,,,231.34,6,231.35,9,231.36,9,231.37,14,231.38,5,231.39,11,231.52,1,231.63,1,231.64,12,231.65,16
2025-04-10 09:31:49,230.69,230.69,1,230.04,3,231.34,6,231.34,230.04,230.04,3,230.01,1,230.0,4,,,,,,,,,,,,,,,231.34,6,231.35,9,231.36,9,231.37,14,231.38,5,231.39,11,231.52,1,231.63,1,231.64,12,231.65,16
2025-04-10 09:31:50,230.69,230.69,1,230.04,3,231.34,6,231.34,230.04,230.04,3,230.01,1,230.0,4,,,,,,,,,,,,,,,231.34,6,231.35,9,231.36,9,231.37,14,231.38,5,231.39,11,231.52,1,231.63,1,231.64,12,231.65,16
2025-04-10 09:31:51,230.69,230.79,1,230.04,4,231.34,7,231.34,230.04,230.04,4,230.01,1,230.0,4,,,,,,,,,,,,,,,231.34,7,231.35,9,231.36,9,231.37,14,231.38,5,231.39,11,231.52,1,231.63,1,231.64,12,231.65,16
2025-04-10 09:31:52,230.69,230.79,1,230.04,4,231.34,7,231.34,230.04,230.04,4,230.01,1,230.0,4,,,,,,,,,,,,,,,231.34,7,231.35,9,231.36,9,231.37,14,231.38,5,231.39,11,231.52,1,231.63,1,231.64,12,231.65,16
2025-04-10 09:31:53,230.69,230.69,2,230.04,4,231.34,7,231.34,230.04,230.04,4,230.01,1,230.0,4,,,,,,,,,,,,,,,231.34,7,231.35,9,231.36,9,231.37,14,231.38,5,231.39,11,231.52,1,231.63,1,231.64,12,231.65,16
2025-04-10 09:31:54,230.69,230.69,2,230.04,5,231.34,7,231.34,230.04,230.04,5,230.01,1,230.0,4,,,,,,,,,,,,,,,231.34,7,231.35,9,231.36,9,231.37,14,231.38,5,231.39,11,231.52,1,231.63,1,231.64,12,231.65,16
2025-04-10 09:31:55,230.69,230.69,2,230.04,5,231.34,7,231.34,230.04,230.04,5,230.01,1,230.0,4,,,,,,,,,,,,,,,231.34,7,231.35,9,231.36,9,231.37,14,231.38,5,231.39,11,231.52,1,231.63,1,231.64,12,231.65,16
2025-04-10 09:31:56,230.69,230.69,3,230.04,5,231.34,6,231.34,230.04,230.04,5,230.01,1,230.0,4,,,,,,,,,,,,,,,231.34,6,231.35,9,231.36,9,231.37,14,231.38,5,231.39,11,231.52,1,231.63,1,231.64,12,231.65,16
2025-04-10 09:31:57,230.69,230.69,3,230.04,5,231.34,6,231.34,230.04,230.04,5,230.01,1,230.0,4,,,,,,,,,,,,,,,231.34,6,231.35,9,231.36,9,231.37,14,231.38,5,231.39,11,231.52,1,231.63,1,231.64,12,231.65,16
2025-04-10 09:31:58,230.69,230.69,3,230.04,5,231.34,6,231.34,230.04,230.04,5,230.01,1,230.0,4,,,,,,,,,,,,,,,231.34,6,231.35,9,231.36,9,231.37,14,231.38,5,231.39,11,231.52,1,231.63,1,231.64,12,231.65,16
2025-04-10 09:31:59,230.565,230.69,1,230.04,5,231.09,7,231.09,230.04,230.04,5,230.01,1,230.0,4,,,,,,,,,,,,,,,231.09,7,231.34,6,231.35,9,231.36,9,231.37,14,231.38,5,231.39,11,231.52,1,231.63,1,231.64,12
2025-04-10 09:32:00,230.565,230.69,1,230.04,5,231.09,7,231.09,230.04,230.04,5,230.01,1,230.0,4,,,,,,,,,,,,,,,231.09,7,231.34,6,231.35,9,231.36,9,231.37,14,231.38,5,231.39,11,231.52,1,231.63,1,231.64,12
2025-04-10 09:32:01,230.74,230.69,1,230.39,1,231.09,7,231.09,230.39,230.39,1,230.04,5,230.01,1,230.0,4,,,,,,,,,,,,,231.09,7,231.34,6,231.35,9,231.36,9,231.37,14,231.38,5,231.39,11,231.52,1,231.63,1,231.64,12
2025-04-10 09:32:02,230.74,230.74,1,230.39,3,231.09,7,231.09,230.39,230.39,3,230.04,5,230.01,1,230.0,4,,,,,,,,,,,,,231.09,7,231.34,6,231.35,9,231.36,9,231.37,14,231.38,5,231.39,11,231.52,1,231.63,1,231.64,12
2025-04-10 09:32:03,230.74,230.74,1,230.39,3,231.09,7,231.09,230.39,230.39,3,230.04,5,230.01,1,230.0,4,,,,,,,,,,,,,231.09,7,231.34,6,231.35,9,231.36,9,231.37,14,231.38,5,231.39,11,231.52,1,231.63,1,231.64,12
2025-04-10 09:32:04,230.74,230.74,1,230.39,3,231.09,7,231.09,230.39,230.39,3,230.04,5,230.01,1,230.0,4,,,,,,,,,,,,,231.09,7,231.34,6,231.35,9,231.36,9,231.37,14,231.38,5,231.39,11,231.52,1,231.63,1,231.64,12
2025-04-10 09:32:05,230.74,230.74,2,230.39,4,231.09,7,231.09,230.39,230.39,4,230.04,5,230.01,1,230.0,4,,,,,,,,,,,,,231.09,7,231.34,6,231.35,9,231.36,9,231.37,14,231.38,5,231.39,11,231.52,1,231.63,1,231.64,12
2025-04-10 09:32:06,230.74,230.74,2,230.39,5,231.09,7,231.09,230.39,230.39,5,230.04,5,230.01,1,230.0,4,,,,,,,,,,,,,231.09,7,231.34,6,231.35,9,231.36,9,231.37,14,231.38,5,231.39,11,231.52,1,231.63,1,231.64,12
2025-04-10 09:32:07,230.74,230.74,2,230.39,5,231.09,9,231.09,230.39,230.39,5,230.04,5,230.01,1,230.0,4,,,,,,,,,,,,,231.09,9,231.34,6,231.35,9,231.36,9,231.37,14,231.38,5,231.39,11,231.52,1,231.63,1,231.64,12
2025-04-10 09:32:08,230.74,230.74,2,230.39,5,231.09,9,231.09,230.39,230.39,5,230.04,5,230.01,1,230.0,4,,,,,,,,,,,,,231.09,9,231.34,6,231.35,9,231.36,9,231.37,14,231.38,5,231.39,11,231.52,1,231.63,1,231.64,12
2025-04-10 09:32:09,230.74,230.74,2,230.39,5,231.09,9,231.09,230.39,230.39,5,230.04,5,230.01,1,230.0,4,,,,,,,,,,,,,231.09,9,231.34,6,231.35,9,231.36,9,231.37,14,231.38,5,231.39,11,231.52,1,231.63,1,231.64,12
2025-04-10 09:32:10,230.74,230.74,2,230.39,5,231.09,9,231.09,230.39,230.39,5,230.04,5,230.01,1,230.0,4,,,,,,,,,,,,,231.09,9,231.34,6,231.35,9,231.36,9,231.37,14,231.38,5,231.39,11,231.52,1,231.63,1,231.64,12
2025-04-10 09:32:11,230.74,230.74,2,230.39,5,231.09,9,231.09,230.39,230.39,5,230.04,5,230.01,1,230.0,4,,,,,,,,,,,,,231.09,9,231.34,6,231.35,9,231.36,9,231.37,14,231.38,5,231.39,11,231.52,1,231.63,1,231.64,12
2025-04-10 09:32:12,230.74,230.74,2,230.39,5,231.09,9,231.09,230.39,230.39,5,230.04,5,230.01,1,230.0,4,,,,,,,,,,,,,231.09,9,231.34,6,231.35,9,231.36,9,231.37,14,231.38,5,231.39,11,231.52,1,231.63,1,231.64,12
2025-04-10 09:32:13,230.74,231.04,1,230.39,5,231.09,9,231.09,230.39,230.39,5,230.04,5,230.01,1,230.0,4,,,,,,,,,,,,,231.09,9,231.34,6,231.35,9,231.36,9,231.37,14,231.38,5,231.39,11,231.52,1,231.63,1,231.64,12
2025-04-10 09:32:14,230.74,231.04,1,230.39,5,231.09,9,231.09,230.39,230.39,5,230.04,5,230.01,1,230.0,4,,,,,,,,,,,,,231.09,9,231.34,6,231.35,9,231.36,9,231.37,14,231.38,5,231.39,11,231.52,1,231.63,1,231.64,12
2025-04-10 09:32:15,230.74,231.04,1,230.39,4,231.09,9,231.09,230.39,230.39,4,230.04,5,230.01,1,230.0,4,,,,,,,,,,,,,231.09,9,231.34,6,231.35,9,231.36,9,231.37,14,231.38,5,231.39,11,231.52,1,231.63,1,231.64,12
2025-04-10 09:32:16,230.74,231.04,1,230.39,4,231.09,9,231.09,230.39,230.39,4,230.04,5,230.01,1,230.0,4,,,,,,,,,,,,,231.09,9,231.34,6,231.35,9,231.36,9,231.37,14,231.38,5,231.39,11,231.52,1,231.63,1,231.64,12
2025-04-10 09:32:17,230.74,230.74,1,230.39,5,231.09,10,231.09,230.39,230.39,5,230.04,5,230.01,1,230.0,4,,,,,,,,,,,,,231.09,10,231.34,6,231.35,9,231.36,9,231.37,14,231.38,5,231.39,11,231.52,1,231.63,1,231.64,12
2025-04-10 09:32:18,230.74,230.74,1,230.39,5,231.09,10,231.09,230.39,230.39,5,230.04,5,230.01,1,230.0,4,,,,,,,,,,,,,231.09,10,231.34,6,231.35,9,231.36,9,231.37,14,231.38,5,231.39,11,231.52,1,231.63,1,231.64,12
2025-04-10 09:32:19,230.74,230.74,1,230.39,4,231.09,10,231.09,230.39,230.39,4,230.04,5,230.01,1,230.0,4,,,,,,,,,,,,,231.09,10,231.34,6,231.35,9,231.36,9,231.37,14,231.38,5,231.39,11,231.52,1,231.63,1,231.64,12
2025-04-10 09:32:20,230.74,230.74,1,230.39,4,231.09,10,231.09,230.39,230.39,4,230.04,5,230.01,1,230.0,4,,,,,,,,,,,,,231.09,10,231.34,6,231.35,9,231.36,9,231.37,14,231.38,5,231.39,11,231.52,1,231.63,1,231.64,12
2025-04-10 09:32:21,231.44,231.46,1,231.08,5,231.8,6,231.8,231.08,231.08,5,231.0,1,230.89,1,230.78,1,230.55,1,230.4,3,230.39,5,230.04,5,230.01,1,230.0,4,231.8,6,231.95,11,231.98,4,232.1,12,232.42,4,,,,,,,,,,
2025-04-10 09:32:22,231.44,231.46,1,231.08,5,231.8,6,231.8,231.08,231.08,5,231.0,1,230.89,1,230.78,1,230.55,1,230.4,3,230.39,5,230.04,5,230.01,1,230.0,4,231.8,6,231.95,11,231.98,4,232.1,12,232.42,4,,,,,,,,,,
2025-04-10 09:32:23,231.44,231.46,1,231.08,5,231.8,6,231.8,231.08,231.08,5,231.0,1,230.89,1,230.78,1,230.55,1,230.4,3,230.39,5,230.04,5,230.01,1,230.0,4,231.8,6,231.95,11,231.98,4,232.1,12,232.42,4,,,,,,,,,,
2025-04-10 09:32:24,231.44,231.46,1,231.08,5,231.8,6,231.8,231.08,231.08,5,231.0,1,230.89,1,230.78,1,230.55,1,230.4,3,230.39,5,230.04,5,230.01,1,230.0,4,231.8,6,231.95,11,231.98,4,232.1,12,232.42,4,,,,,,,,,,
2025-04-10 09:32:25,231.44,231.46,1,231.08,5,231.8,6,231.8,231.08,231.08,5,231.0,1,230.89,1,230.78,1,230.55,1,230.4,3,230.39,5,230.04,5,230.01,1,230.0,4,231.8,6,231.95,11,231.98,4,232.1,12,232.42,4,,,,,,,,,,
2025-04-10 09:32:26,231.435,231.46,1,231.08,5,231.79,6,231.79,231.08,231.08,5,231.0,1,230.89,1,230.78,1,230.55,1,230.4,3,230.39,5,230.04,5,230.01,1,230.0,4,231.79,6,231.8,6,231.95,11,231.98,4,232.1,12,232.42,4,,,,,,,,
2025-04-10 09:32:27,231.435,231.08,1,231.08,5,231.79,6,231.79,231.08,231.08,5,231.0,1,230.89,1,230.78,1,230.55,1,230.4,3,230.39,5,230.04,5,230.01,1,230.0,4,231.79,6,231.8,6,231.95,11,231.98,4,232.1,12,232.42,4,,,,,,,,
2025-04-10 09:32:28,231.435,231.79,1,231.08,5,231.79,6,231.79,231.08,231.08,5,231.0,1,230.89,1,230.78,1,230.55,1,230.4,3,230.39,5,230.04,5,230.01,1,230.0,4,231.79,6,231.8,6,231.95,11,231.98,4,232.1,12,232.42,4,,,,,,,,
2025-04-10 09:32:29,231.435,231.79,1,231.08,5,231.79,6,231.79,231.08,231.08,5,231.0,1,230.89,1,230.78,1,230.55,1,230.4,3,230.39,5,230.04,5,230.01,1,230.0,4,231.79,6,231.8,6,231.95,11,231.98,4,232.1,12,232.42,4,,,,,,,,
2025-04-10 09:32:30,231.435,231.44,2,231.08,5,231.79,6,231.79,231.08,231.08,5,231.0,1,230.89,1,230.78,1,230.55,1,230.4,3,230.39,5,230.04,5,230.01,1,230.0,4,231.79,6,231.8,6,231.95,11,231.98,4,232.1,12,232.42,4,,,,,,,,
2025-04-10 09:32:31,231.435,231.44,2,231.08,5,231.79,6,231.79,231.08,231.08,5,231.0,1,230.89,1,230.78,1,230.55,1,230.4,3,230.39,5,230.04,5,230.01,1,230.0,4,231.79,6,231.8,6,231.95,11,231.98,4,232.1,12,232.42,4,,,,,,,,
2025-04-10 09:32:32,231.435,231.44,2,231.08,5,231.79,6,231.79,231.08,231.08,5,231.0,1,230.89,1,230.78,1,230.55,1,230.4,3,230.39,5,230.04,5,230.01,1,230.0,4,231.79,6,231.8,6,231.95,11,231.98,4,232.1,12,232.42,4,,,,,,,,
2025-04-10 09:32:33,231.435,231.44,2,231.08,5,231.79,6,231.79,231.08,231.08,5,231.0,1,230.89,1,230.78,1,230.55,1,230.4,3,230.39,5,230.04,5,230.01,1,230.0,4,231.79,6,231.8,6,231.95,11,231.98,4,232.1,12,232.42,4,,,,,,,,
2025-04-10 09:32:34,231.435,231.44,2,231.08,5,231.79,6,231.79,231.08,231.08,5,231.0,1,230.89,1,230.78,1,230.55,1,230.4,3,230.39,5,230.04,5,230.01,1,230.0,4,231.79,6,231.8,6,231.95,11,231.98,4,232.1,12,232.42,4,,,,,,,,
2025-04-10 09:32:35,231.465,231.44,1,231.14,1,231.79,6,231.79,231.14,231.14,1,231.1,2,231.08,3,231.0,1,230.89,1,230.78,1,230.55,1,230.4,3,230.39,5,230.04,5,231.79,6,231.8,6,231.95,11,231.98,4,232.1,12,232.42,4,,,,,,,,
2025-04-10 09:32:36,231.465,231.44,1,231.14,2,231.79,6,231.79,231.14,231.14,2,231.1,2,231.08,3,231.0,1,230.89,1,230.78,1,230.55,1,230.4,3,230.39,5,230.04,5,231.79,6,231.8,6,231.95,11,231.98,4,232.1,12,232.42,4,,,,,,,,
2025-04-10 09:32:37,231.465,231.44,1,231.14,2,231.79,6,231.79,231.14,231.14,2,231.1,2,231.08,3,231.0,1,230.89,1,230.78,1,230.55,1,230.4,3,230.39,5,230.04,5,231.79,6,231.8,6,231.95,11,231.98,4,232.1,12,232.42,4,,,,,,,,
2025-04-10 09:32:38,231.465,231.44,1,231.14,2,231.79,6,231.79,231.14,231.14,2,231.1,2,231.08,3,231.0,1,230.89,1,230.78,1,230.55,1,230.4,3,230.39,5,230.04,5,231.79,6,231.8,6,231.95,11,231.98,4,232.1,12,232.42,4,,,,,,,,
2025-04-10 09:32:39,231.465,231.64,1,231.14,2,231.79,6,231.79,231.14,231.14,2,231.1,2,231.08,3,231.0,1,230.89,1,230.78,1,230.55,1,230.4,3,230.39,5,230.04,5,231.79,6,231.8,6,231.95,11,231.98,4,232.1,12,232.42,4,,,,,,,,
2025-04-10 09:32:40,231.465,231.64,1,231.14,2,231.79,6,231.79,231.14,231.14,2,231.1,2,231.08,3,231.0,1,230.89,1,230.78,1,230.55,1,230.4,3,230.39,5,230.04,5,231.79,6,231.8,6,231.95,11,231.98,4,232.1,12,232.42,4,,,,,,,,
2025-04-10 09:32:41,231.465,231.64,1,231.14,2,231.79,6,231.79,231.14,231.14,2,231.1,2,231.08,3,231.0,1,230.89,1,230.78,1,230.55,1,230.4,3,230.39,5,230.04,5,231.79,6,231.8,6,231.95,11,231.98,4,232.1,12,232.42,4,,,,,,,,
2025-04-10 09:32:42,231.465,231.64,1,231.14,2,231.79,6,231.79,231.14,231.14,2,231.1,2,231.08,3,231.0,1,230.89,1,230.78,1,230.55,1,230.4,3,230.39,5,230.04,5,231.79,6,231.8,6,231.95,11,231.98,4,232.1,12,232.42,4,,,,,,,,
2025-04-10 09:32:43,231.955,231.96,1,231.58,1,232.33,5,232.33,231.58,231.58,1,231.34,3,231.14,2,231.1,2,231.08,3,231.0,1,230.89,1,230.78,1,230.55,1,230.4,3,232.33,5,232.34,4,232.46,2,,,,,,,,,,,,,,
2025-04-10 09:32:44,231.955,231.96,1,231.58,3,232.33,5,232.33,231.58,231.58,3,231.34,3,231.14,2,231.1,2,231.08,3,231.0,1,230.89,1,230.78,1,230.55,1,230.4,3,232.33,5,232.34,4,232.46,2,,,,,,,,,,,,,,
2025-04-10 09:32:45,231.955,231.96,1,231.58,3,232.33,5,232.33,231.58,231.58,3,231.34,3,231.14,2,231.1,2,231.08,3,231.0,1,230.89,1,230.78,1,230.55,1,230.4,3,232.33,5,232.34,4,232.46,2,,,,,,,,,,,,,,
2025-04-10 09:32:46,231.955,231.96,1,231.58,3,232.33,5,232.33,231.58,231.58,3,231.34,3,231.14,2,231.1,2,231.08,3,231.0,1,230.89,1,230.78,1,230.55,1,230.4,3,232.33,5,232.34,4,232.46,2,,,,,,,,,,,,,,
2025-04-10 09:32:47,231.955,231.96,1,231.58,3,232.33,5,232.33,231.58,231.58,3,231.34,3,231.14,2,231.1,2,231.08,3,231.0,1,230.89,1,230.78,1,230.55,1,230.4,3,232.33,5,232.34,4,232.46,2,,,,,,,,,,,,,,
2025-04-10 09:32:48,231.935,231.96,1,231.58,3,232.29,5,232.29,231.58,231.58,3,231.34,3,231.14,2,231.1,2,231.08,3,231.0,1,230.89,1,230.78,1,230.55,1,230.4,3,232.29,5,232.3,5,232.33,5,232.34,4,232.46,2,,,,,,,,,,
2025-04-10 09:32:49,231.935,231.96,1,231.58,3,232.29,5,232.29,231.58,231.58,3,231.34,3,231.14,2,231.1,2,231.08,3,231.0,1,230.89,1,230.78,1,230.55,1,230.4,3,232.29,5,232.3,5,232.33,5,232.34,4,232.46,2,,,,,,,,,,
2025-04-10 09:32:50,231.9,231.94,1,231.58,5,232.22,5,232.22,231.58,231.58,5,231.34,3,231.14,2,231.1,2,231.08,3,231.0,1,230.89,1,230.78,1,230.55,1,230.4,3,232.22,5,232.29,5,232.3,5,232.33,5,232.34,4,232.46,2,,,,,,,,
2025-04-10 09:32:51,231.9,231.9,1,231.58,5,232.22,5,232.22,231.58,231.58,5,231.34,3,231.14,2,231.1,2,231.08,3,231.0,1,230.89,1,230.78,1,230.55,1,230.4,3,232.22,5,232.29,5,232.3,5,232.33,5,232.34,4,232.46,2,,,,,,,,
2025-04-10 09:32:52,231.9,231.9,1,231.58,5,232.22,5,232.22,231.58,231.58,5,231.34,3,231.14,2,231.1,2,231.08,3,231.0,1,230.89,1,230.78,1,230.55,1,230.4,3,232.22,5,232.29,5,232.3,5,232.33,5,232.34,4,232.46,2,,,,,,,,
2025-04-10 09:32:53,231.9,231.9,1,231.58,5,232.22,5,232.22,231.58,231.58,5,231.34,3,231.14,2,231.1,2,231.08,3,231.0,1,230.89,1,230.78,1,230.55,1,230.4,3,232.22,5,232.29,5,232.3,5,232.33,5,232.34,4,232.46,2,,,,,,,,
2025-04-10 09:32:54,231.835,231.59,1,231.58,2,232.09,5,232.09,231.58,231.58,2,231.53,1,231.34,3,231.14,2,231.1,2,231.08,3,231.0,1,230.89,1,230.78,1,230.55,1,232.09,5,232.22,5,232.29,5,232.3,5,232.33,5,232.34,4,232.46,2,,,,,,
2025-04-10 09:32:55,231.835,231.77,1,231.58,2,232.09,5,232.09,231.58,231.58,2,231.53,1,231.34,3,231.14,2,231.1,2,231.08,3,231.0,1,230.89,1,230.78,1,230.55,1,232.09,5,232.22,5,232.29,5,232.3,5,232.33,5,232.34,4,232.46,2,,,,,,
2025-04-10 09:32:56,231.835,231.77,1,231.58,2,232.09,6,232.09,231.58,231.58,2,231.53,1,231.34,3,231.14,2,231.1,2,231.08,3,231.0,1,230.89,1,230.78,1,230.55,1,232.09,6,232.22,5,232.29,5,232.3,5,232.33,5,232.34,4,232.46,2,,,,,,
2025-04-10 09:32:57,231.835,231.77,1,231.58,2,232.09,6,232.09,231.58,231.58,2,231.53,1,231.34,3,231.14,2,231.1,2,231.08,3,231.0,1,230.89,1,230.78,1,230.55,1,232.09,6,232.22,5,232.29,5,232.3,5,232.33,5,232.34,4,232.46,2,,,,,,
2025-04-10 09:32:58,231.835,231.77,1,231.58,2,232.09,6,232.09,231.58,231.58,2,231.53,1,231.34,3,231.14,2,231.1,2,231.08,3,231.0,1,230.89,1,230.78,1,230.55,1,232.09,6,232.22,5,232.29,5,232.3,5,232.33,5,232.34,4,232.46,2,,,,,,
2025-04-10 09:32:59,231.835,231.84,1,231.58,2,232.09,6,232.09,231.58,231.58,2,231.53,1,231.34,3,231.14,2,231.1,2,231.08,3,231.0,1,230.89,1,230.78,1,230.55,1,232.09,6,232.22,5,232.29,5,232.3,5,232.33,5,232.34,4,232.46,2,,,,,,
2025-04-10 09:33:00,231.56,231.58,1,231.28,2,231.84,7,231.84,231.28,231.28,2,231.14,2,231.1,2,231.08,3,231.0,1,230.89,1,230.78,1,230.55,1,230.4,3,230.39,5,231.84,7,232.09,6,232.22,5,232.29,5,232.3,5,232.33,5,232.34,4,232.46,2,,,,
2025-04-10 09:33:01,231.99,231.97,1,231.81,2,232.17,6,232.17,231.81,231.81,2,231.71,1,231.66,1,231.58,3,231.29,3,231.28,2,231.14,2,231.1,2,231.08,3,231.0,1,232.17,6,232.18,5,232.45,1,232.46,2,,,,,,,,,,,,
2025-04-10 09:33:02,231.985,231.81,7,231.8,1,232.17,6,232.17,231.8,231.8,1,231.71,1,231.66,1,231.58,3,231.29,3,231.28,2,231.14,2,231.1,2,231.08,3,231.0,1,232.17,6,232.18,5,232.45,1,232.46,2,,,,,,,,,,,,
2025-04-10 09:33:03,231.54,231.84,1,231.28,2,231.8,5,231.8,231.28,231.28,2,231.14,2,231.1,2,231.08,3,231.0,1,230.89,1,230.78,1,230.55,1,230.4,3,230.39,5,231.8,5,232.08,1,232.09,1,232.17,7,232.18,5,232.45,1,232.46,2,,,,,,
2025-04-10 09:33:04,231.54,231.84,1,231.28,2,231.8,5,231.8,231.28,231.28,2,231.14,2,231.1,2,231.08,3,231.0,1,230.89,1,230.78,1,230.55,1,230.4,3,230.39,5,231.8,5,232.08,1,232.09,1,232.17,7,232.18,5,232.45,1,232.46,2,,,,,,
2025-04-10 09:33:05,231.54,231.54,2,231.28,2,231.8,5,231.8,231.28,231.28,2,231.14,2,231.1,2,231.08,3,231.0,1,230.89,1,230.78,1,230.55,1,230.4,3,230.39,5,231.8,5,232.08,1,232.09,1,232.17,7,232.18,5,232.45,1,232.46,2,,,,,,
2025-04-10 09:33:06,231.54,231.54,2,231.28,2,231.8,5,231.8,231.28,231.28,2,231.14,2,231.1,2,231.08,3,231.0,1,230.89,1,230.78,1,230.55,1,230.4,3,230.39,5,231.8,5,232.08,1,232.09,1,232.17,7,232.18,5,232.45,1,232.46,2,,,,,,
2025-04-10 09:33:07,231.54,231.54,2,231.28,2,231.8,5,231.8,231.28,231.28,2,231.14,2,231.1,2,231.08,3,231.0,1,230.89,1,230.78,1,230.55,1,230.4,3,230.39,5,231.8,5,232.08,1,232.09,1,232.17,7,232.18,5,232.45,1,232.46,2,,,,,,
2025-04-10 09:33:08,231.54,231.54,2,231.28,2,231.8,5,231.8,231.28,231.28,2,231.14,2,231.1,2,231.08,3,231.0,1,230.89,1,230.78,1,230.55,1,230.4,3,230.39,5,231.8,5,232.08,1,232.09,1,232.17,7,232.18,5,232.45,1,232.46,2,,,,,,
2025-04-10 09:33:09,231.54,231.54,2,231.28,2,231.8,5,231.8,231.28,231.28,2,231.14,2,231.1,2,231.08,3,231.0,1,230.89,1,230.78,1,230.55,1,230.4,3,230.39,5,231.8,5,232.08,1,232.09,1,232.17,7,232.18,5,232.45,1,232.46,2,,,,,,
2025-04-10 09:33:10,231.54,231.54,2,231.28,2,231.8,5,231.8,231.28,231.28,2,231.14,2,231.1,2,231.08,3,231.0,1,230.89,1,230.78,1,230.55,1,230.4,3,230.39,5,231.8,5,232.08,1,232.09,1,232.17,7,232.18,5,232.45,1,232.46,2,,,,,,
2025-04-10 09:33:11,231.54,231.54,2,231.28,2,231.8,5,231.8,231.28,231.28,2,231.14,2,231.1,2,231.08,3,231.0,1,230.89,1,230.78,1,230.55,1,230.4,3,230.39,5,231.8,5,232.08,1,232.09,1,232.17,7,232.18,5,232.45,1,232.46,2,,,,,,
2025-04-10 09:33:12,231.54,231.54,2,231.28,2,231.8,5,231.8,231.28,231.28,2,231.14,2,231.1,2,231.08,3,231.0,1,230.89,1,230.78,1,230.55,1,230.4,3,230.39,5,231.8,5,232.08,1,232.09,1,232.17,7,232.18,5,232.45,1,232.46,2,,,,,,
2025-04-10 09:33:13,231.54,231.54,2,231.28,2,231.8,5,231.8,231.28,231.28,2,231.14,2,231.1,2,231.08,3,231.0,1,230.89,1,230.78,1,230.55,1,230.4,3,230.39,5,231.8,5,232.08,1,232.09,1,232.17,7,232.18,5,232.45,1,232.46,2,,,,,,
2025-04-10 09:33:14,231.54,231.54,2,231.28,2,231.8,5,231.8,231.28,231.28,2,231.14,2,231.1,2,231.08,3,231.0,1,230.89,1,230.78,1,230.55,1,230.4,3,230.39,5,231.8,5,232.08,1,232.09,1,232.17,7,232.18,5,232.45,1,232.46,2,,,,,,
2025-04-10 09:33:15,231.54,231.54,2,231.28,2,231.8,5,231.8,231.28,231.28,2,231.14,2,231.1,2,231.08,3,231.0,1,230.89,1,230.78,1,230.55,1,230.4,3,230.39,5,231.8,5,232.08,1,232.09,1,232.17,7,232.18,5,232.45,1,232.46,2,,,,,,
2025-04-10 09:33:16,231.54,231.54,2,231.28,2,231.8,5,231.8,231.28,231.28,2,231.14,2,231.1,2,231.08,3,231.0,1,230.89,1,230.78,1,230.55,1,230.4,3,230.39,5,231.8,5,232.08,1,232.09,1,232.17,7,232.18,5,232.45,1,232.46,2,,,,,,
2025-04-10 09:33:17,231.54,231.54,1,231.28,2,231.8,5,231.8,231.28,231.28,2,231.14,2,231.1,2,231.08,3,231.0,1,230.89,1,230.78,1,230.55,1,230.4,3,230.39,5,231.8,5,232.08,1,232.09,1,232.17,7,232.18,5,232.45,1,232.46,2,,,,,,
2025-04-10 09:33:18,231.54,231.54,1,231.28,2,231.8,5,231.8,231.28,231.28,2,231.14,2,231.1,2,231.08,3,231.0,1,230.89,1,230.78,1,230.55,1,230.4,3,230.39,5,231.8,5,232.08,1,232.09,1,232.17,7,232.18,5,232.45,1,232.46,2,,,,,,
2025-04-10 09:33:19,231.54,231.54,1,231.28,2,231.8,5,231.8,231.28,231.28,2,231.14,2,231.1,2,231.08,3,231.0,1,230.89,1,230.78,1,230.55,1,230.4,3,230.39,5,231.8,5,232.08,1,232.09,1,232.17,7,232.18,5,232.45,1,232.46,2,,,,,,
2025-04-10 09:33:20,231.985,232.06,2,231.8,3,232.17,5,232.17,231.8,231.8,3,231.58,1,231.39,1,231.28,3,231.14,2,231.1,2,231.08,3,231.0,1,230.89,1,230.78,1,232.17,5,232.32,6,232.5,1,,,,,,,,,,,,,,
2025-04-10 09:33:21,232.005,231.97,1,231.84,1,232.17,5,232.17,231.84,231.84,1,231.8,3,231.58,1,231.39,1,231.28,3,231.14,2,231.1,2,231.08,3,231.0,1,230.89,1,232.17,5,232.32,6,232.5,1,,,,,,,,,,,,,,
2025-04-10 09:33:22,232.005,231.97,1,231.84,1,232.17,5,232.17,231.84,231.84,1,231.8,3,231.58,1,231.39,1,231.28,3,231.14,2,231.1,2,231.08,3,231.0,1,230.89,1,232.17,5,232.32,6,232.5,1,,,,,,,,,,,,,,
2025-04-10 09:33:23,232.005,231.97,1,231.84,1,232.17,5,232.17,231.84,231.84,1,231.8,3,231.58,1,231.39,1,231.28,3,231.14,2,231.1,2,231.08,3,231.0,1,230.89,1,232.17,5,232.32,6,232.5,1,,,,,,,,,,,,,,
2025-04-10 09:33:24,232.005,231.97,1,231.84,1,232.17,5,232.17,231.84,231.84,1,231.8,3,231.58,1,231.39,1,231.28,3,231.14,2,231.1,2,231.08,3,231.0,1,230.89,1,232.17,5,232.32,6,232.5,1,,,,,,,,,,,,,,
2025-04-10 09:33:25,232.27,232.17,1,231.85,1,232.69,4,232.69,231.85,231.85,1,231.84,1,231.8,3,231.58,1,231.39,1,231.28,3,231.14,2,231.1,2,231.08,3,231.0,1,232.69,4,,,,,,,,,,,,,,,,,,
2025-04-10 09:33:26,232.27,232.27,1,231.85,1,232.69,4,232.69,231.85,231.85,1,231.84,1,231.8,3,231.58,1,231.39,1,231.28,3,231.14,2,231.1,2,231.08,3,231.0,1,232.69,4,,,,,,,,,,,,,,,,,,
2025-04-10 09:33:27,232.275,232.1,1,231.86,2,232.69,4,232.69,231.86,231.86,2,231.8,2,231.58,1,231.39,1,231.28,3,231.14,2,231.1,2,231.08,3,231.0,1,230.89,1,232.69,4,,,,,,,,,,,,,,,,,,
2025-04-10 09:33:28,231.86,231.61,1,231.45,3,232.27,3,232.27,231.45,231.45,3,231.39,1,231.28,3,231.14,2,231.1,2,231.08,3,231.0,1,230.89,1,230.78,1,230.55,1,232.27,3,232.69,4,,,,,,,,,,,,,,,,
2025-04-10 09:33:29,231.86,231.86,1,231.45,3,232.27,3,232.27,231.45,231.45,3,231.39,1,231.28,3,231.14,2,231.1,2,231.08,3,231.0,1,230.89,1,230.78,1,230.55,1,232.27,3,232.69,4,,,,,,,,,,,,,,,,
2025-04-10 09:33:30,231.86,231.46,1,231.45,4,232.27,5,232.27,231.45,231.45,4,231.39,1,231.28,3,231.14,2,231.1,2,231.08,3,231.0,1,230.89,1,230.78,1,230.55,1,232.27,5,232.69,4,,,,,,,,,,,,,,,,
2025-04-10 09:33:31,231.865,231.87,1,231.46,5,232.27,5,232.27,231.46,231.46,5,231.45,5,231.39,1,231.28,3,231.14,2,231.1,2,231.08,3,231.0,1,230.89,1,230.78,1,232.27,5,232.69,4,,,,,,,,,,,,,,,,
2025-04-10 09:33:32,231.765,231.76,2,231.46,5,232.07,5,232.07,231.46,231.46,5,231.45,5,231.39,1,231.28,3,231.14,2,231.1,2,231.08,3,231.0,1,230.89,1,230.78,1,232.07,5,232.27,5,232.69,4,,,,,,,,,,,,,,
2025-04-10 09:33:33,231.765,231.76,2,231.46,5,232.07,5,232.07,231.46,231.46,5,231.45,5,231.39,1,231.28,3,231.14,2,231.1,2,231.08,3,231.0,1,230.89,1,230.78,1,232.07,5,232.27,5,232.69,4,,,,,,,,,,,,,,
2025-04-10 09:33:34,231.73,231.76,2,231.46,5,232.0,3,232.0,231.46,231.46,5,231.45,5,231.39,1,231.28,3,231.14,2,231.1,2,231.08,3,231.0,1,230.89,1,230.78,1,232.0,3,232.07,5,232.27,5,232.69,4,,,,,,,,,,,,
2025-04-10 09:33:35,231.73,231.76,2,231.46,5,232.0,3,232.0,231.46,231.46,5,231.45,5,231.39,1,231.28,3,231.14,2,231.1,2,231.08,3,231.0,1,230.89,1,230.78,1,232.0,3,232.07,5,232.27,5,232.69,4,,,,,,,,,,,,
2025-04-10 09:33:36,231.73,231.76,2,231.46,5,232.0,3,232.0,231.46,231.46,5,231.45,5,231.39,1,231.28,3,231.14,2,231.1,2,231.08,3,231.0,1,230.89,1,230.78,1,232.0,3,232.07,5,232.27,5,232.69,4,,,,,,,,,,,,
2025-04-10 09:33:37,231.73,231.76,2,231.46,4,232.0,3,232.0,231.46,231.46,4,231.45,5,231.39,1,231.28,3,231.14,2,231.1,2,231.08,3,231.0,1,230.89,1,230.78,1,232.0,3,232.07,5,232.27,5,232.69,4,,,,,,,,,,,,
2025-04-10 09:33:38,231.73,231.73,2,231.46,5,232.0,3,232.0,231.46,231.46,5,231.45,5,231.39,1,231.28,3,231.14,2,231.1,2,231.08,3,231.0,1,230.89,1,230.78,1,232.0,3,232.07,5,232.27,5,232.69,4,,,,,,,,,,,,
2025-04-10 09:33:39,231.73,231.73,2,231.46,5,232.0,3,232.0,231.46,231.46,5,231.45,5,231.39,1,231.28,3,231.14,2,231.1,2,231.08,3,231.0,1,230.89,1,230.78,1,232.0,3,232.07,5,232.27,5,232.69,4,,,,,,,,,,,,
2025-04-10 09:33:40,231.73,231.73,2,231.46,5,232.0,3,232.0,231.46,231.46,5,231.45,5,231.39,1,231.28,3,231.14,2,231.1,2,231.08,3,231.0,1,230.89,1,230.78,1,232.0,3,232.07,5,232.27,5,232.69,4,,,,,,,,,,,,
2025-04-10 09:33:41,231.73,231.73,2,231.46,5,232.0,3,232.0,231.46,231.46,5,231.45,5,231.39,1,231.28,3,231.14,2,231.1,2,231.08,3,231.0,1,230.89,1,230.78,1,232.0,3,232.07,5,232.27,5,232.69,4,,,,,,,,,,,,
2025-04-10 09:33:43,231.73,231.73,2,231.46,5,232.0,3,232.0,231.46,231.46,5,231.45,5,231.39,1,231.28,3,231.14,2,231.1,2,231.08,3,231.0,1,230.89,1,230.78,1,232.0,3,232.07,5,232.27,5,232.69,4,,,,,,,,,,,,
2025-04-10 09:33:43,231.73,231.73,2,231.46,5,232.0,3,232.0,231.46,231.46,5,231.45,5,231.39,1,231.28,3,231.14,2,231.1,2,231.08,3,231.0,1,230.89,1,230.78,1,232.0,3,232.07,5,232.27,5,232.69,4,,,,,,,,,,,,
2025-04-10 09:33:44,231.735,231.74,1,231.47,1,232.0,7,232.0,231.47,231.47,1,231.46,5,231.45,5,231.39,1,231.28,3,231.14,2,231.1,2,231.08,3,231.0,1,230.89,1,232.0,7,232.07,5,232.27,5,232.69,4,,,,,,,,,,,,
2025-04-10 09:33:46,231.735,231.74,1,231.47,1,232.0,7,232.0,231.47,231.47,1,231.46,5,231.45,5,231.39,1,231.28,3,231.14,2,231.1,2,231.08,3,231.0,1,230.89,1,232.0,7,232.07,5,232.27,5,232.69,4,,,,,,,,,,,,
2025-04-10 09:33:47,231.735,231.74,1,231.47,1,232.0,7,232.0,231.47,231.47,1,231.46,5,231.45,5,231.39,1,231.28,3,231.14,2,231.1,2,231.08,3,231.0,1,230.89,1,232.0,7,232.07,5,232.27,5,232.69,4,,,,,,,,,,,,
2025-04-10 09:33:47,231.735,231.74,1,231.47,1,232.0,7,232.0,231.47,231.47,1,231.46,5,231.45,5,231.39,1,231.28,3,231.14,2,231.1,2,231.08,3,231.0,1,230.89,1,232.0,7,232.07,5,232.27,5,232.69,4,,,,,,,,,,,,
2025-04-10 09:33:49,231.74,231.77,1,231.48,3,232.0,7,232.0,231.48,231.48,3,231.47,1,231.46,5,231.45,5,231.39,1,231.28,3,231.14,2,231.1,2,231.08,3,231.0,1,232.0,7,232.07,5,232.27,5,232.69,4,,,,,,,,,,,,
2025-04-10 09:33:50,231.74,231.77,1,231.48,3,232.0,7,232.0,231.48,231.48,3,231.47,1,231.46,5,231.45,5,231.39,1,231.28,3,231.14,2,231.1,2,231.08,3,231.0,1,232.0,7,232.07,5,232.27,5,232.69,4,,,,,,,,,,,,
2025-04-10 09:33:50,231.74,231.77,1,231.48,3,232.0,7,232.0,231.48,231.48,3,231.47,1,231.46,5,231.45,5,231.39,1,231.28,3,231.14,2,231.1,2,231.08,3,231.0,1,232.0,7,232.07,5,232.27,5,232.69,4,,,,,,,,,,,,
2025-04-10 09:33:51,231.74,231.77,1,231.48,3,232.0,7,232.0,231.48,231.48,3,231.47,1,231.46,5,231.45,5,231.39,1,231.28,3,231.14,2,231.1,2,231.08,3,231.0,1,232.0,7,232.07,5,232.27,5,232.69,4,,,,,,,,,,,,
2025-04-10 09:33:53,232.05,232.06,1,231.61,1,232.49,4,232.49,231.61,231.61,1,231.49,2,231.48,4,231.47,1,231.46,5,231.45,5,231.39,1,231.28,3,231.14,2,231.1,2,232.49,4,232.69,4,,,,,,,,,,,,,,,,
2025-04-10 09:33:53,232.05,232.06,1,231.61,1,232.49,5,232.49,231.61,231.61,1,231.49,2,231.48,4,231.47,1,231.46,5,231.45,5,231.39,1,231.28,3,231.14,2,231.1,2,232.49,5,232.69,4,,,,,,,,,,,,,,,,
2025-04-10 09:33:55,232.05,232.06,1,231.61,3,232.49,5,232.49,231.61,231.61,3,231.49,2,231.48,4,231.47,1,231.46,5,231.45,5,231.39,1,231.28,3,231.14,2,231.1,2,232.49,5,232.69,4,,,,,,,,,,,,,,,,
2025-04-10 09:33:56,231.84,231.99,4,231.62,2,232.06,3,232.06,231.62,231.62,2,231.61,3,231.49,2,231.48,4,231.47,1,231.46,5,231.45,5,231.39,1,231.28,3,231.14,2,232.06,3,232.49,5,232.69,4,,,,,,,,,,,,,,
2025-04-10 09:33:57,231.84,231.99,4,231.62,1,232.06,4,232.06,231.62,231.62,1,231.61,3,231.49,2,231.48,4,231.47,1,231.46,5,231.45,5,231.39,1,231.28,3,231.14,2,232.06,4,232.49,5,232.69,4,,,,,,,,,,,,,,
2025-04-10 09:33:58,231.84,231.99,4,231.62,1,232.06,4,232.06,231.62,231.62,1,231.61,3,231.49,2,231.48,4,231.47,1,231.46,5,231.45,5,231.39,1,231.28,3,231.14,2,232.06,4,232.49,5,232.69,4,,,,,,,,,,,,,,
2025-04-10 09:33:59,231.84,231.99,4,231.62,1,232.06,4,232.06,231.62,231.62,1,231.61,3,231.49,2,231.48,4,231.47,1,231.46,5,231.45,5,231.39,1,231.28,3,231.14,2,232.06,4,232.49,5,232.69,4,,,,,,,,,,,,,,
2025-04-10 09:34:00,231.84,231.99,4,231.62,1,232.06,4,232.06,231.62,231.62,1,231.61,3,231.49,2,231.48,4,231.47,1,231.46,5,231.45,5,231.39,1,231.28,3,231.14,2,232.06,4,232.49,5,232.69,4,,,,,,,,,,,,,,
2025-04-10 09:34:01,232.06,232.06,2,231.76,2,232.36,3,232.36,231.76,231.76,2,231.71,1,231.62,1,231.61,3,231.49,2,231.48,4,231.47,1,231.46,5,231.45,5,231.39,1,232.36,3,232.46,2,232.49,5,232.69,4,,,,,,,,,,,,
2025-04-10 09:34:02,232.06,232.06,2,231.76,2,232.36,3,232.36,231.76,231.76,2,231.71,1,231.62,1,231.61,3,231.49,2,231.48,4,231.47,1,231.46,5,231.45,5,231.39,1,232.36,3,232.46,2,232.49,5,232.69,4,,,,,,,,,,,,
2025-04-10 09:34:02,232.06,232.06,2,231.76,2,232.36,3,232.36,231.76,231.76,2,231.71,1,231.62,1,231.61,3,231.49,2,231.48,4,231.47,1,231.46,5,231.45,5,231.39,1,232.36,3,232.46,2,232.49,5,232.69,4,,,,,,,,,,,,
2025-04-10 09:34:04,232.06,232.06,2,231.76,2,232.36,3,232.36,231.76,231.76,2,231.71,1,231.62,1,231.61,3,231.49,2,231.48,4,231.47,1,231.46,5,231.45,5,231.39,1,232.36,3,232.46,2,232.49,5,232.69,4,,,,,,,,,,,,
2025-04-10 09:34:04,232.065,232.06,2,231.77,2,232.36,3,232.36,231.77,231.77,2,231.76,2,231.71,1,231.62,1,231.61,3,231.49,2,231.48,4,231.47,1,231.46,5,231.45,5,232.36,3,232.46,2,232.49,5,232.69,4,,,,,,,,,,,,
2025-04-10 09:34:06,232.065,232.19,1,231.77,2,232.36,3,232.36,231.77,231.77,2,231.76,2,231.71,1,231.62,1,231.61,3,231.49,2,231.48,4,231.47,1,231.46,5,231.45,5,232.36,3,232.46,2,232.49,5,232.69,4,,,,,,,,,,,,
2025-04-10 09:34:07,232.18,232.18,2,232.0,2,232.36,5,232.36,232.0,232.0,2,231.77,1,231.76,2,231.71,1,231.62,1,231.61,3,231.49,2,231.48,4,231.47,1,231.46,5,232.36,5,232.46,2,232.49,5,232.69,4,,,,,,,,,,,,
2025-04-10 09:34:08,232.18,232.18,1,232.0,2,232.36,5,232.36,232.0,232.0,2,231.77,1,231.76,2,231.71,1,231.62,1,231.61,3,231.49,2,231.48,4,231.47,1,231.46,5,232.36,5,232.46,2,232.49,5,232.69,4,,,,,,,,,,,,
2025-04-10 09:34:09,232.18,232.18,1,232.0,2,232.36,5,232.36,232.0,232.0,2,231.77,1,231.76,2,231.71,1,231.62,1,231.61,3,231.49,2,231.48,4,231.47,1,231.46,5,232.36,5,232.46,2,232.49,5,232.69,4,,,,,,,,,,,,
2025-04-10 09:34:10,232.18,232.18,1,232.0,2,232.36,5,232.36,232.0,232.0,2,231.77,1,231.76,2,231.71,1,231.62,1,231.61,3,231.49,2,231.48,4,231.47,1,231.46,5,232.36,5,232.46,2,232.49,5,232.69,4,,,,,,,,,,,,
2025-04-10 09:34:11,232.18,232.18,1,232.0,2,232.36,5,232.36,232.0,232.0,2,231.77,1,231.76,2,231.71,1,231.62,1,231.61,3,231.49,2,231.48,4,231.47,1,231.46,5,232.36,5,232.46,2,232.49,5,232.69,4,,,,,,,,,,,,
2025-04-10 09:34:12,232.18,232.18,2,232.0,2,232.36,5,232.36,232.0,232.0,2,231.77,1,231.76,2,231.71,1,231.62,1,231.61,3,231.49,2,231.48,4,231.47,1,231.46,5,232.36,5,232.46,2,232.49,5,232.69,4,,,,,,,,,,,,
2025-04-10 09:34:13,232.185,232.19,2,232.01,3,232.36,5,232.36,232.01,232.01,3,232.0,2,231.77,1,231.76,2,231.71,1,231.62,1,231.61,3,231.49,2,231.48,4,231.47,1,232.36,5,232.46,2,232.49,5,232.69,4,,,,,,,,,,,,
2025-04-10 09:34:14,232.39,232.36,1,232.06,3,232.72,4,232.72,232.06,232.06,3,232.01,2,232.0,2,231.77,1,231.76,2,231.71,1,231.62,1,231.61,3,231.49,2,231.48,4,232.72,4,232.84,1,,,,,,,,,,,,,,,,
2025-04-10 09:34:15,232.39,232.39,1,232.06,3,232.72,14,232.72,232.06,232.06,3,232.01,2,232.0,2,231.77,1,231.76,2,231.71,1,231.62,1,231.61,3,231.49,2,231.48,4,232.72,14,232.84,1,,,,,,,,,,,,,,,,
2025-04-10 09:34:16,232.36,232.3,9,232.01,4,232.71,3,232.71,232.01,232.01,4,232.0,2,231.77,1,231.76,2,231.71,1,231.62,1,231.61,3,231.49,2,231.48,4,231.47,1,232.71,3,232.72,14,232.84,1,,,,,,,,,,,,,,
2025-04-10 09:34:17,232.36,232.3,9,232.01,4,232.71,3,232.71,232.01,232.01,4,232.0,2,231.77,1,231.76,2,231.71,1,231.62,1,231.61,3,231.49,2,231.48,4,231.47,1,232.71,3,232.72,14,232.84,1,,,,,,,,,,,,,,
2025-04-10 09:34:18,232.36,232.3,9,232.01,4,232.71,3,232.71,232.01,232.01,4,232.0,2,231.77,1,231.76,2,231.71,1,231.62,1,231.61,3,231.49,2,231.48,4,231.47,1,232.71,3,232.72,14,232.84,1,,,,,,,,,,,,,,
2025-04-10 09:34:19,232.36,232.3,9,232.01,4,232.71,3,232.71,232.01,232.01,4,232.0,2,231.77,1,231.76,2,231.71,1,231.62,1,231.61,3,231.49,2,231.48,4,231.47,1,232.71,3,232.72,14,232.84,1,,,,,,,,,,,,,,
2025-04-10 09:34:20,232.36,232.3,9,232.01,4,232.71,3,232.71,232.01,232.01,4,232.0,2,231.77,1,231.76,2,231.71,1,231.62,1,231.61,3,231.49,2,231.48,4,231.47,1,232.71,3,232.72,14,232.84,1,,,,,,,,,,,,,,
2025-04-10 09:34:21,232.36,232.3,9,232.01,4,232.71,3,232.71,232.01,232.01,4,232.0,2,231.77,1,231.76,2,231.71,1,231.62,1,231.61,3,231.49,2,231.48,4,231.47,1,232.71,3,232.72,14,232.84,1,,,,,,,,,,,,,,
2025-04-10 09:34:22,232.36,232.37,1,232.01,4,232.71,3,232.71,232.01,232.01,4,232.0,2,231.77,1,231.76,2,231.71,1,231.62,1,231.61,3,231.49,2,231.48,4,231.47,1,232.71,3,232.72,14,232.84,1,,,,,,,,,,,,,,
2025-04-10 09:34:23,232.36,232.37,1,232.01,4,232.71,3,232.71,232.01,232.01,4,232.0,2,231.77,1,231.76,2,231.71,1,231.62,1,231.61,3,231.49,2,231.48,4,231.47,1,232.71,3,232.72,14,232.84,1,,,,,,,,,,,,,,
2025-04-10 09:34:24,232.36,232.37,1,232.01,4,232.71,3,232.71,232.01,232.01,4,232.0,2,231.77,1,231.76,2,231.71,1,231.62,1,231.61,3,231.49,2,231.48,4,231.47,1,232.71,3,232.72,14,232.84,1,,,,,,,,,,,,,,
2025-04-10 09:34:25,232.36,232.36,1,232.01,4,232.71,3,232.71,232.01,232.01,4,232.0,2,231.77,1,231.76,2,231.71,1,231.62,1,231.61,3,231.49,2,231.48,4,231.47,1,232.71,3,232.72,14,232.84,1,,,,,,,,,,,,,,
2025-04-10 09:34:26,232.36,232.36,1,232.01,4,232.71,3,232.71,232.01,232.01,4,232.0,2,231.77,1,231.76,2,231.71,1,231.62,1,231.61,3,231.49,2,231.48,4,231.47,1,232.71,3,232.72,14,232.84,1,,,,,,,,,,,,,,
2025-04-10 09:34:27,232.36,232.36,1,232.01,4,232.71,3,232.71,232.01,232.01,4,232.0,2,231.77,1,231.76,2,231.71,1,231.62,1,231.61,3,231.49,2,231.48,4,231.47,1,232.71,3,232.72,14,232.84,1,,,,,,,,,,,,,,
2025-04-10 09:34:28,232.36,232.36,1,232.01,4,232.71,3,232.71,232.01,232.01,4,232.0,2,231.77,1,231.76,2,231.71,1,231.62,1,231.61,3,231.49,2,231.48,4,231.47,1,232.71,3,232.72,14,232.84,1,,,,,,,,,,,,,,
2025-04-10 09:34:29,232.36,232.36,1,232.01,4,232.71,3,232.71,232.01,232.01,4,232.0,2,231.77,1,231.76,2,231.71,1,231.62,1,231.61,3,231.49,2,231.48,4,231.47,1,232.71,3,232.72,14,232.84,1,,,,,,,,,,,,,,
2025-04-10 09:34:30,231.755,231.76,2,231.5,2,232.01,4,232.01,231.5,231.5,2,231.49,2,231.48,4,231.47,1,231.46,5,231.45,5,231.39,1,231.28,3,231.14,2,231.1,2,232.01,4,232.02,3,232.14,1,232.26,1,232.49,1,232.5,1,232.71,3,232.72,14,232.84,1,,
2025-04-10 09:34:31,231.76,231.76,1,231.51,2,232.01,4,232.01,231.51,231.51,2,231.5,2,231.49,2,231.48,4,231.47,1,231.46,5,231.45,5,231.39,1,231.28,3,231.14,2,232.01,4,232.02,3,232.14,1,232.26,1,232.49,1,232.5,1,232.71,3,232.72,14,232.84,1,,
2025-04-10 09:34:32,231.76,231.78,1,231.51,2,232.01,4,232.01,231.51,231.51,2,231.5,2,231.49,2,231.48,4,231.47,1,231.46,5,231.45,5,231.39,1,231.28,3,231.14,2,232.01,4,232.02,3,232.14,1,232.26,1,232.49,1,232.5,1,232.71,3,232.72,14,232.84,1,,
2025-04-10 09:34:33,231.76,231.76,4,231.51,2,232.01,4,232.01,231.51,231.51,2,231.5,2,231.49,2,231.48,4,231.47,1,231.46,5,231.45,5,231.39,1,231.28,3,231.14,2,232.01,4,232.02,3,232.14,1,232.26,1,232.49,1,232.5,1,232.71,3,232.72,14,232.84,1,,
2025-04-10 09:34:34,231.76,231.79,1,231.51,2,232.01,4,232.01,231.51,231.51,2,231.5,2,231.49,2,231.48,4,231.47,1,231.46,5,231.45,5,231.39,1,231.28,3,231.14,2,232.01,4,232.02,3,232.14,1,232.26,1,232.49,1,232.5,1,232.71,3,232.72,14,232.84,1,,
2025-04-10 09:34:35,231.76,231.76,1,231.51,2,232.01,4,232.01,231.51,231.51,2,231.5,2,231.49,2,231.48,4,231.47,1,231.46,5,231.45,5,231.39,1,231.28,3,231.14,2,232.01,4,232.02,3,232.14,1,232.26,1,232.49,1,232.5,1,232.71,3,232.72,14,232.84,1,,
2025-04-10 09:34:36,231.79,231.76,1,231.57,1,232.01,4,232.01,231.57,231.57,1,231.51,2,231.5,2,231.49,2,231.48,4,231.47,1,231.46,5,231.45,5,231.39,1,231.28,3,232.01,4,232.02,3,232.14,1,232.26,1,232.49,1,232.5,1,232.71,3,232.72,14,232.84,1,,
2025-04-10 09:34:37,231.635,231.73,1,231.51,5,231.76,3,231.76,231.51,231.51,5,231.5,2,231.49,2,231.48,4,231.47,1,231.46,5,231.45,5,231.39,1,231.28,3,231.14,2,231.76,3,232.01,4,232.02,3,232.14,1,232.26,1,232.49,1,232.5,1,232.71,3,232.72,14,232.84,1
2025-04-10 09:34:38,231.635,231.73,1,231.51,4,231.76,3,231.76,231.51,231.51,4,231.5,2,231.49,2,231.48,4,231.47,1,231.46,5,231.45,5,231.39,1,231.28,3,231.14,2,231.76,3,232.01,4,232.02,3,232.14,1,232.26,1,232.49,1,232.5,1,232.71,3,232.72,14,232.84,1
2025-04-10 09:34:39,231.96,231.97,2,231.51,5,232.41,6,232.41,231.51,231.51,5,231.5,2,231.49,2,231.48,4,231.47,1,231.46,5,231.45,5,231.39,1,231.28,3,231.14,2,232.41,6,232.49,1,232.5,1,232.71,3,232.72,14,232.84,1,,,,,,,,
2025-04-10 09:34:40,231.96,231.71,1,231.51,5,232.41,6,232.41,231.51,231.51,5,231.5,2,231.49,2,231.48,4,231.47,1,231.46,5,231.45,5,231.39,1,231.28,3,231.14,2,232.41,6,232.49,1,232.5,1,232.71,3,232.72,14,232.84,1,,,,,,,,
2025-04-10 09:34:41,231.96,231.71,1,231.51,5,232.41,6,232.41,231.51,231.51,5,231.5,2,231.49,2,231.48,4,231.47,1,231.46,5,231.45,5,231.39,1,231.28,3,231.14,2,232.41,6,232.49,1,232.5,1,232.71,3,232.72,14,232.84,1,,,,,,,,
2025-04-10 09:34:42,231.96,231.71,1,231.51,5,232.41,6,232.41,231.51,231.51,5,231.5,2,231.49,2,231.48,4,231.47,1,231.46,5,231.45,5,231.39,1,231.28,3,231.14,2,232.41,6,232.49,1,232.5,1,232.71,3,232.72,14,232.84,1,,,,,,,,
2025-04-10 09:34:43,231.96,231.71,1,231.51,5,232.41,6,232.41,231.51,231.51,5,231.5,2,231.49,2,231.48,4,231.47,1,231.46,5,231.45,5,231.39,1,231.28,3,231.14,2,232.41,6,232.49,1,232.5,1,232.71,3,232.72,14,232.84,1,,,,,,,,
2025-04-10 09:34:44,231.96,231.71,1,231.51,5,232.41,6,232.41,231.51,231.51,5,231.5,2,231.49,2,231.48,4,231.47,1,231.46,5,231.45,5,231.39,1,231.28,3,231.14,2,232.41,6,232.49,1,232.5,1,232.71,3,232.72,14,232.84,1,,,,,,,,
2025-04-10 09:34:45,231.96,231.64,1,231.52,3,232.4,3,232.4,231.52,231.52,3,231.51,3,231.5,2,231.49,2,231.48,4,231.47,1,231.46,5,231.45,5,231.39,1,231.28,3,232.4,3,232.41,6,232.49,1,232.5,1,232.71,3,232.72,14,232.84,1,,,,,,
2025-04-10 09:34:46,231.96,231.58,1,231.52,3,232.4,3,232.4,231.52,231.52,3,231.51,3,231.5,2,231.49,2,231.48,4,231.47,1,231.46,5,231.45,5,231.39,1,231.28,3,232.4,3,232.41,6,232.49,1,232.5,1,232.71,3,232.72,14,232.84,1,,,,,,
2025-04-10 09:34:47,231.96,231.96,1,231.52,3,232.4,4,232.4,231.52,231.52,3,231.51,3,231.5,2,231.49,2,231.48,4,231.47,1,231.46,5,231.45,5,231.39,1,231.28,3,232.4,4,232.41,6,232.49,1,232.5,1,232.71,3,232.72,14,232.84,1,,,,,,
2025-04-10 09:34:48,231.515,231.37,1,231.08,2,231.95,3,231.95,231.08,231.08,2,231.07,3,231.0,1,230.89,1,230.78,1,230.55,1,230.4,3,230.39,5,230.04,5,230.01,1,231.95,3,232.38,1,232.39,2,232.4,4,232.41,6,232.49,1,232.5,1,232.71,3,232.72,14,232.84,1
2025-04-10 09:34:49,231.52,231.52,1,231.09,2,231.95,3,231.95,231.09,231.09,2,231.08,2,231.07,3,231.0,1,230.89,1,230.78,1,230.55,1,230.4,3,230.39,5,230.04,5,231.95,3,232.38,1,232.39,2,232.4,4,232.41,6,232.49,1,232.5,1,232.71,3,232.72,14,232.84,1
2025-04-10 09:34:50,231.52,231.52,1,231.09,2,231.95,3,231.95,231.09,231.09,2,231.08,2,231.07,3,231.0,1,230.89,1,230.78,1,230.55,1,230.4,3,230.39,5,230.04,5,231.95,3,232.38,1,232.39,2,232.4,4,232.41,6,232.49,1,232.5,1,232.71,3,232.72,14,232.84,1
2025-04-10 09:34:51,231.52,231.52,1,231.09,2,231.95,3,231.95,231.09,231.09,2,231.08,2,231.07,3,231.0,1,230.89,1,230.78,1,230.55,1,230.4,3,230.39,5,230.04,5,231.95,3,232.38,1,232.39,2,232.4,4,232.41,6,232.49,1,232.5,1,232.71,3,232.72,14,232.84,1
2025-04-10 09:34:52,231.52,231.52,1,231.09,5,231.95,3,231.95,231.09,231.09,5,231.08,2,231.07,3,231.0,1,230.89,1,230.78,1,230.55,1,230.4,3,230.39,5,230.04,5,231.95,3,232.38,1,232.39,2,232.4,4,232.41,6,232.49,1,232.5,1,232.71,3,232.72,14,232.84,1
2025-04-10 09:34:53,231.52,231.52,1,231.09,5,231.95,3,231.95,231.09,231.09,5,231.08,2,231.07,3,231.0,1,230.89,1,230.78,1,230.55,1,230.4,3,230.39,5,230.04,5,231.95,3,232.38,1,232.39,2,232.4,4,232.41,6,232.49,1,232.5,1,232.71,3,232.72,14,232.84,1
2025-04-10 09:34:54,231.515,231.52,1,231.09,5,231.94,3,231.94,231.09,231.09,5,231.08,2,231.07,3,231.0,1,230.89,1,230.78,1,230.55,1,230.4,3,230.39,5,230.04,5,231.94,3,231.95,3,232.38,1,232.39,2,232.4,4,232.41,6,232.49,1,232.5,1,232.71,3,232.72,14
2025-04-10 09:34:55,231.205,231.18,1,230.81,1,231.6,3,231.6,230.81,230.81,1,230.75,4,230.55,1,230.4,3,230.39,5,230.04,5,230.01,1,230.0,4,,,,,231.6,3,231.81,1,231.93,2,231.94,3,231.95,3,232.38,1,232.39,2,232.4,4,232.41,6,232.49,1
2025-04-10 09:34:56,231.175,231.1,1,230.76,2,231.59,3,231.59,230.76,230.76,2,230.75,3,230.55,1,230.4,3,230.39,5,230.04,5,230.01,1,230.0,4,,,,,231.59,3,231.6,3,231.81,1,231.93,2,231.94,3,231.95,3,232.38,1,232.39,2,232.4,4,232.41,6
2025-04-10 09:34:57,231.17,231.09,1,230.76,2,231.58,3,231.58,230.76,230.76,2,230.75,3,230.55,1,230.4,3,230.39,5,230.04,5,230.01,1,230.0,4,,,,,231.58,3,231.59,3,231.6,3,231.81,1,231.93,2,231.94,3,231.95,3,232.38,1,232.39,2,232.4,4
2025-04-10 09:34:58,230.98,231.17,1,230.76,1,231.2,3,231.2,230.76,230.76,1,230.75,3,230.55,1,230.4,3,230.39,5,230.04,5,230.01,1,230.0,4,,,,,231.2,3,231.57,3,231.58,3,231.59,3,231.6,3,231.81,1,231.93,2,231.94,3,231.95,3,232.38,1
2025-04-10 09:34:59,230.98,231.17,1,230.76,1,231.2,3,231.2,230.76,230.76,1,230.75,3,230.55,1,230.4,3,230.39,5,230.04,5,230.01,1,230.0,4,,,,,231.2,3,231.57,3,231.58,3,231.59,3,231.6,3,231.81,1,231.93,2,231.94,3,231.95,3,232.38,1
2025-04-10 09:35:00,230.97,230.98,1,230.76,1,231.18,3,231.18,230.76,230.76,1,230.75,3,230.55,1,230.4,3,230.39,5,230.04,5,230.01,1,230.0,4,,,,,231.18,3,231.2,3,231.57,3,231.58,3,231.59,3,231.6,3,231.81,1,231.93,2,231.94,3,231.95,3
2025-04-10 09:35:01,230.97,230.97,1,230.76,2,231.18,3,231.18,230.76,230.76,2,230.75,3,230.55,1,230.4,3,230.39,5,230.04,5,230.01,1,230.0,4,,,,,231.18,3,231.2,3,231.57,3,231.58,3,231.59,3,231.6,3,231.81,1,231.93,2,231.94,3,231.95,3
2025-04-10 09:35:02,230.97,230.97,1,230.76,2,231.18,3,231.18,230.76,230.76,2,230.75,3,230.55,1,230.4,3,230.39,5,230.04,5,230.01,1,230.0,4,,,,,231.18,3,231.2,3,231.57,3,231.58,3,231.59,3,231.6,3,231.81,1,231.93,2,231.94,3,231.95,3
2025-04-10 09:35:03,230.995,231.02,1,230.81,2,231.18,2,231.18,230.81,230.81,2,230.76,1,230.75,3,230.55,1,230.4,3,230.39,5,230.04,5,230.01,1,230.0,4,,,231.18,2,231.2,3,231.57,3,231.58,3,231.59,3,231.6,3,231.81,1,231.93,2,231.94,3,231.95,3
2025-04-10 09:35:04,231.0,231.02,1,230.82,4,231.18,2,231.18,230.82,230.82,4,230.81,2,230.76,1,230.75,3,230.55,1,230.4,3,230.39,5,230.04,5,230.01,1,230.0,4,231.18,2,231.2,3,231.57,3,231.58,3,231.59,3,231.6,3,231.81,1,231.93,2,231.94,3,231.95,3
2025-04-10 09:35:05,231.0,231.0,1,230.82,5,231.18,2,231.18,230.82,230.82,5,230.81,2,230.76,1,230.75,3,230.55,1,230.4,3,230.39,5,230.04,5,230.01,1,230.0,4,231.18,2,231.2,3,231.57,3,231.58,3,231.59,3,231.6,3,231.81,1,231.93,2,231.94,3,231.95,3
2025-04-10 09:35:06,231.09,231.16,1,231.0,2,231.18,3,231.18,231.0,231.0,2,230.88,2,230.82,5,230.81,2,230.76,1,230.75,3,230.55,1,230.4,3,230.39,5,230.04,5,231.18,3,231.24,1,231.57,3,231.58,3,231.59,3,231.6,3,231.81,1,231.93,2,231.94,3,231.95,3
2025-04-10 09:35:07,231.09,231.16,1,231.0,4,231.18,3,231.18,231.0,231.0,4,230.88,2,230.82,5,230.81,2,230.76,1,230.75,3,230.55,1,230.4,3,230.39,5,230.04,5,231.18,3,231.24,1,231.57,3,231.58,3,231.59,3,231.6,3,231.81,1,231.93,2,231.94,3,231.95,3
2025-04-10 09:35:08,231.135,231.02,1,230.95,1,231.32,3,231.32,230.95,230.95,1,230.88,2,230.82,5,230.81,2,230.76,1,230.75,3,230.55,1,230.4,3,230.39,5,230.04,5,231.32,3,231.57,3,231.58,3,231.59,3,231.6,3,231.81,1,231.93,2,231.94,3,231.95,3,232.38,1
2025-04-10 09:35:09,231.135,231.14,1,230.95,1,231.32,3,231.32,230.95,230.95,1,230.88,2,230.82,5,230.81,2,230.76,1,230.75,3,230.55,1,230.4,3,230.39,5,230.04,5,231.32,3,231.57,3,231.58,3,231.59,3,231.6,3,231.81,1,231.93,2,231.94,3,231.95,3,232.38,1
2025-04-10 09:35:10,231.135,231.14,1,230.95,1,231.32,3,231.32,230.95,230.95,1,230.88,2,230.82,5,230.81,2,230.76,1,230.75,3,230.55,1,230.4,3,230.39,5,230.04,5,231.32,3,231.57,3,231.58,3,231.59,3,231.6,3,231.81,1,231.93,2,231.94,3,231.95,3,232.38,1
2025-04-10 09:35:11,231.135,231.14,1,230.95,1,231.32,3,231.32,230.95,230.95,1,230.88,2,230.82,5,230.81,2,230.76,1,230.75,3,230.55,1,230.4,3,230.39,5,230.04,5,231.32,3,231.57,3,231.58,3,231.59,3,231.6,3,231.81,1,231.93,2,231.94,3,231.95,3,232.38,1
2025-04-10 09:35:12,230.965,230.96,3,230.69,1,231.24,3,231.24,230.69,230.69,1,230.55,1,230.4,3,230.39,5,230.04,5,230.01,1,230.0,4,,,,,,,231.24,3,231.32,3,231.57,3,231.58,3,231.59,3,231.6,3,231.81,1,231.93,2,231.94,3,231.95,3
2025-04-10 09:35:13,230.965,230.97,1,230.69,1,231.24,3,231.24,230.69,230.69,1,230.55,1,230.4,3,230.39,5,230.04,5,230.01,1,230.0,4,,,,,,,231.24,3,231.32,3,231.57,3,231.58,3,231.59,3,231.6,3,231.81,1,231.93,2,231.94,3,231.95,3
2025-04-10 09:35:14,230.97,230.97,1,230.7,1,231.24,3,231.24,230.7,230.7,1,230.69,1,230.55,1,230.4,3,230.39,5,230.04,5,230.01,1,230.0,4,,,,,231.24,3,231.32,3,231.57,3,231.58,3,231.59,3,231.6,3,231.81,1,231.93,2,231.94,3,231.95,3
2025-04-10 09:35:15,230.97,230.97,1,230.7,1,231.24,3,231.24,230.7,230.7,1,230.69,1,230.55,1,230.4,3,230.39,5,230.04,5,230.01,1,230.0,4,,,,,231.24,3,231.32,3,231.57,3,231.58,3,231.59,3,231.6,3,231.81,1,231.93,2,231.94,3,231.95,3
2025-04-10 09:35:16,230.97,230.97,1,230.7,1,231.24,3,231.24,230.7,230.7,1,230.69,1,230.55,1,230.4,3,230.39,5,230.04,5,230.01,1,230.0,4,,,,,231.24,3,231.32,3,231.57,3,231.58,3,231.59,3,231.6,3,231.81,1,231.93,2,231.94,3,231.95,3
2025-04-10 09:35:17,230.635,230.64,1,230.3,2,230.97,4,230.97,230.3,230.3,2,230.29,2,230.04,5,230.01,1,230.0,4,,,,,,,,,,,230.97,4,230.98,5,231.24,3,231.32,3,231.57,3,231.58,3,231.59,3,231.6,3,231.81,1,231.93,2
2025-04-10 09:35:18,230.635,230.64,1,230.3,2,230.97,4,230.97,230.3,230.3,2,230.29,2,230.04,5,230.01,1,230.0,4,,,,,,,,,,,230.97,4,230.98,5,231.24,3,231.32,3,231.57,3,231.58,3,231.59,3,231.6,3,231.81,1,231.93,2
2025-04-10 09:35:19,230.635,230.64,1,230.3,2,230.97,4,230.97,230.3,230.3,2,230.29,2,230.04,5,230.01,1,230.0,4,,,,,,,,,,,230.97,4,230.98,5,231.24,3,231.32,3,231.57,3,231.58,3,231.59,3,231.6,3,231.81,1,231.93,2
2025-04-10 09:35:20,230.635,230.64,1,230.3,2,230.97,4,230.97,230.3,230.3,2,230.29,2,230.04,5,230.01,1,230.0,4,,,,,,,,,,,230.97,4,230.98,5,231.24,3,231.32,3,231.57,3,231.58,3,231.59,3,231.6,3,231.81,1,231.93,2
2025-04-10 09:35:21,230.635,230.64,1,230.3,2,230.97,4,230.97,230.3,230.3,2,230.29,2,230.04,5,230.01,1,230.0,4,,,,,,,,,,,230.97,4,230.98,5,231.24,3,231.32,3,231.57,3,231.58,3,231.59,3,231.6,3,231.81,1,231.93,2
2025-04-10 09:35:22,230.635,230.64,1,230.3,2,230.97,4,230.97,230.3,230.3,2,230.29,2,230.04,5,230.01,1,230.0,4,,,,,,,,,,,230.97,4,230.98,5,231.24,3,231.32,3,231.57,3,231.58,3,231.59,3,231.6,3,231.81,1,231.93,2
2025-04-10 09:35:23,230.635,230.64,1,230.3,2,230.97,4,230.97,230.3,230.3,2,230.29,2,230.04,5,230.01,1,230.0,4,,,,,,,,,,,230.97,4,230.98,5,231.24,3,231.32,3,231.57,3,231.58,3,231.59,3,231.6,3,231.81,1,231.93,2
2025-04-10 09:35:24,230.635,230.64,1,230.3,2,230.97,4,230.97,230.3,230.3,2,230.29,2,230.04,5,230.01,1,230.0,4,,,,,,,,,,,230.97,4,230.98,5,231.24,3,231.32,3,231.57,3,231.58,3,231.59,3,231.6,3,231.81,1,231.93,2
2025-04-10 09:35:25,230.635,230.74,1,230.3,4,230.97,4,230.97,230.3,230.3,4,230.29,2,230.04,5,230.01,1,230.0,4,,,,,,,,,,,230.97,4,230.98,5,231.24,3,231.32,3,231.57,3,231.58,3,231.59,3,231.6,3,231.81,1,231.93,2
2025-04-10 09:35:26,230.635,230.74,1,230.3,4,230.97,4,230.97,230.3,230.3,4,230.29,2,230.04,5,230.01,1,230.0,4,,,,,,,,,,,230.97,4,230.98,5,231.24,3,231.32,3,231.57,3,231.58,3,231.59,3,231.6,3,231.81,1,231.93,2
2025-04-10 09:35:27,230.635,230.64,1,230.3,4,230.97,4,230.97,230.3,230.3,4,230.29,2,230.04,5,230.01,1,230.0,4,,,,,,,,,,,230.97,4,230.98,5,231.24,3,231.32,3,231.57,3,231.58,3,231.59,3,231.6,3,231.81,1,231.93,2
2025-04-10 09:35:28,230.635,230.64,1,230.3,4,230.97,4,230.97,230.3,230.3,4,230.29,2,230.04,5,230.01,1,230.0,4,,,,,,,,,,,230.97,4,230.98,5,231.24,3,231.32,3,231.57,3,231.58,3,231.59,3,231.6,3,231.81,1,231.93,2
2025-04-10 09:35:29,230.82,230.82,1,230.67,1,230.97,3,230.97,230.67,230.67,1,230.38,2,230.31,2,230.3,3,230.29,2,230.04,5,230.01,1,230.0,4,,,,,230.97,3,231.0,2,231.24,3,231.32,3,231.57,3,231.58,3,231.59,3,231.6,3,231.81,1,231.93,2
2025-04-10 09:35:30,230.73,230.85,1,230.46,1,231.0,1,231.0,230.46,230.46,1,230.45,1,230.38,2,230.31,2,230.3,3,230.29,2,230.04,5,230.01,1,230.0,4,,,231.0,1,231.24,3,231.32,3,231.57,3,231.58,3,231.59,3,231.6,3,231.81,1,231.93,2,231.94,3
2025-04-10 09:35:31,230.73,230.73,1,230.46,1,231.0,1,231.0,230.46,230.46,1,230.45,1,230.38,2,230.31,2,230.3,3,230.29,2,230.04,5,230.01,1,230.0,4,,,231.0,1,231.24,3,231.32,3,231.57,3,231.58,3,231.59,3,231.6,3,231.81,1,231.93,2,231.94,3
2025-04-10 09:35:32,230.735,230.74,1,230.47,1,231.0,1,231.0,230.47,230.47,1,230.46,1,230.45,1,230.38,2,230.31,2,230.3,3,230.29,2,230.04,5,230.01,1,230.0,4,231.0,1,231.24,3,231.32,3,231.57,3,231.58,3,231.59,3,231.6,3,231.81,1,231.93,2,231.94,3
2025-04-10 09:35:33,230.735,230.74,1,230.47,2,231.0,1,231.0,230.47,230.47,2,230.46,1,230.45,1,230.38,2,230.31,2,230.3,3,230.29,2,230.04,5,230.01,1,230.0,4,231.0,1,231.24,3,231.32,3,231.57,3,231.58,3,231.59,3,231.6,3,231.81,1,231.93,2,231.94,3
2025-04-10 09:35:34,230.735,230.74,1,230.47,2,231.0,1,231.0,230.47,230.47,2,230.46,1,230.45,1,230.38,2,230.31,2,230.3,3,230.29,2,230.04,5,230.01,1,230.0,4,231.0,1,231.24,3,231.32,3,231.57,3,231.58,3,231.59,3,231.6,3,231.81,1,231.93,2,231.94,3
2025-04-10 09:35:35,230.735,230.74,1,230.47,2,231.0,1,231.0,230.47,230.47,2,230.46,1,230.45,1,230.38,2,230.31,2,230.3,3,230.29,2,230.04,5,230.01,1,230.0,4,231.0,1,231.24,3,231.32,3,231.57,3,231.58,3,231.59,3,231.6,3,231.81,1,231.93,2,231.94,3
2025-04-10 09:35:36,231.025,231.0,1,230.67,3,231.38,3,231.38,230.67,230.67,3,230.48,1,230.47,2,230.46,1,230.45,1,230.38,2,230.31,2,230.3,3,230.29,2,230.04,5,231.38,3,231.57,3,231.58,3,231.59,3,231.6,3,231.81,1,231.93,2,231.94,3,231.95,3,232.38,1
2025-04-10 09:35:37,231.025,231.0,1,230.67,3,231.38,4,231.38,230.67,230.67,3,230.48,1,230.47,2,230.46,1,230.45,1,230.38,2,230.31,2,230.3,3,230.29,2,230.04,5,231.38,4,231.57,3,231.58,3,231.59,3,231.6,3,231.81,1,231.93,2,231.94,3,231.95,3,232.38,1
2025-04-10 09:35:38,231.03,231.0,1,230.68,1,231.38,4,231.38,230.68,230.68,1,230.67,3,230.48,1,230.47,2,230.46,1,230.45,1,230.38,2,230.31,2,230.3,3,230.29,2,231.38,4,231.57,3,231.58,3,231.59,3,231.6,3,231.81,1,231.93,2,231.94,3,231.95,3,232.38,1
2025-04-10 09:35:39,231.03,231.03,1,230.68,1,231.38,4,231.38,230.68,230.68,1,230.67,3,230.48,1,230.47,2,230.46,1,230.45,1,230.38,2,230.31,2,230.3,3,230.29,2,231.38,4,231.57,3,231.58,3,231.59,3,231.6,3,231.81,1,231.93,2,231.94,3,231.95,3,232.38,1
2025-04-10 09:35:40,231.065,231.06,1,230.75,8,231.38,4,231.38,230.75,230.75,8,230.74,2,230.68,2,230.67,3,230.48,1,230.47,2,230.46,1,230.45,1,230.38,2,230.31,2,231.38,4,231.57,3,231.58,3,231.59,3,231.6,3,231.81,1,231.93,2,231.94,3,231.95,3,232.38,1
2025-04-10 09:35:41,231.065,231.07,1,230.75,8,231.38,4,231.38,230.75,230.75,8,230.74,2,230.68,2,230.67,3,230.48,1,230.47,2,230.46,1,230.45,1,230.38,2,230.31,2,231.38,4,231.57,3,231.58,3,231.59,3,231.6,3,231.81,1,231.93,2,231.94,3,231.95,3,232.38,1
2025-04-10 09:35:42,231.065,231.07,1,230.75,8,231.38,4,231.38,230.75,230.75,8,230.74,2,230.68,2,230.67,3,230.48,1,230.47,2,230.46,1,230.45,1,230.38,2,230.31,2,231.38,4,231.57,3,231.58,3,231.59,3,231.6,3,231.81,1,231.93,2,231.94,3,231.95,3,232.38,1
2025-04-10 09:35:43,231.065,231.07,1,230.75,8,231.38,4,231.38,230.75,230.75,8,230.74,2,230.68,2,230.67,3,230.48,1,230.47,2,230.46,1,230.45,1,230.38,2,230.31,2,231.38,4,231.57,3,231.58,3,231.59,3,231.6,3,231.81,1,231.93,2,231.94,3,231.95,3,232.38,1
2025-04-10 09:35:44,231.135,231.14,1,230.89,2,231.38,5,231.38,230.89,230.89,2,230.75,8,230.74,2,230.68,2,230.67,3,230.48,1,230.47,2,230.46,1,230.45,1,230.38,2,231.38,5,231.57,3,231.58,3,231.59,3,231.6,3,231.81,1,231.93,2,231.94,3,231.95,3,232.38,1
2025-04-10 09:35:45,231.135,231.14,1,230.89,2,231.38,5,231.38,230.89,230.89,2,230.75,8,230.74,2,230.68,2,230.67,3,230.48,1,230.47,2,230.46,1,230.45,1,230.38,2,231.38,5,231.57,3,231.58,3,231.59,3,231.6,3,231.81,1,231.93,2,231.94,3,231.95,3,232.38,1
2025-04-10 09:35:46,231.135,231.14,1,230.89,2,231.38,5,231.38,230.89,230.89,2,230.75,8,230.74,2,230.68,2,230.67,3,230.48,1,230.47,2,230.46,1,230.45,1,230.38,2,231.38,5,231.57,3,231.58,3,231.59,3,231.6,3,231.81,1,231.93,2,231.94,3,231.95,3,232.38,1
2025-04-10 09:35:47,231.14,231.14,1,230.9,2,231.38,5,231.38,230.9,230.9,2,230.89,2,230.75,8,230.74,2,230.68,2,230.67,3,230.48,1,230.47,2,230.46,1,230.45,1,231.38,5,231.57,3,231.58,3,231.59,3,231.6,3,231.81,1,231.93,2,231.94,3,231.95,3,232.38,1
2025-04-10 09:35:48,231.14,231.14,1,230.9,2,231.38,5,231.38,230.9,230.9,2,230.89,2,230.75,8,230.74,2,230.68,2,230.67,3,230.48,1,230.47,2,230.46,1,230.45,1,231.38,5,231.57,3,231.58,3,231.59,3,231.6,3,231.81,1,231.93,2,231.94,3,231.95,3,232.38,1
2025-04-10 09:35:49,231.14,231.14,2,230.9,2,231.38,4,231.38,230.9,230.9,2,230.89,2,230.75,8,230.74,2,230.68,2,230.67,3,230.48,1,230.47,2,230.46,1,230.45,1,231.38,4,231.57,3,231.58,3,231.59,3,231.6,3,231.81,1,231.93,2,231.94,3,231.95,3,232.38,1
2025-04-10 09:35:50,231.14,231.14,2,230.9,2,231.38,3,231.38,230.9,230.9,2,230.89,2,230.75,8,230.74,2,230.68,2,230.67,3,230.48,1,230.47,2,230.46,1,230.45,1,231.38,3,231.57,3,231.58,3,231.59,3,231.6,3,231.81,1,231.93,2,231.94,3,231.95,3,232.38,1
2025-04-10 09:35:51,231.14,231.14,2,230.9,2,231.38,3,231.38,230.9,230.9,2,230.89,2,230.75,8,230.74,2,230.68,2,230.67,3,230.48,1,230.47,2,230.46,1,230.45,1,231.38,3,231.57,3,231.58,3,231.59,3,231.6,3,231.81,1,231.93,2,231.94,3,231.95,3,232.38,1
2025-04-10 09:35:52,231.14,231.14,2,230.9,2,231.38,3,231.38,230.9,230.9,2,230.89,2,230.75,8,230.74,2,230.68,2,230.67,3,230.48,1,230.47,2,230.46,1,230.45,1,231.38,3,231.57,3,231.58,3,231.59,3,231.6,3,231.81,1,231.93,2,231.94,3,231.95,3,232.38,1
2025-04-10 09:35:53,231.14,231.14,2,230.9,2,231.38,3,231.38,230.9,230.9,2,230.89,2,230.75,8,230.74,2,230.68,2,230.67,3,230.48,1,230.47,2,230.46,1,230.45,1,231.38,3,231.57,3,231.58,3,231.59,3,231.6,3,231.81,1,231.93,2,231.94,3,231.95,3,232.38,1
2025-04-10 09:35:54,231.14,231.14,1,230.9,2,231.38,3,231.38,230.9,230.9,2,230.89,2,230.75,8,230.74,2,230.68,2,230.67,3,230.48,1,230.47,2,230.46,1,230.45,1,231.38,3,231.57,3,231.58,3,231.59,3,231.6,3,231.81,1,231.93,2,231.94,3,231.95,3,232.38,1
2025-04-10 09:35:55,231.14,231.14,1,230.9,2,231.38,3,231.38,230.9,230.9,2,230.89,2,230.75,8,230.74,2,230.68,2,230.67,3,230.48,1,230.47,2,230.46,1,230.45,1,231.38,3,231.57,3,231.58,3,231.59,3,231.6,3,231.81,1,231.93,2,231.94,3,231.95,3,232.38,1
2025-04-10 09:35:56,231.14,231.14,1,230.9,2,231.38,3,231.38,230.9,230.9,2,230.89,2,230.75,8,230.74,2,230.68,2,230.67,3,230.48,1,230.47,2,230.46,1,230.45,1,231.38,3,231.57,3,231.58,3,231.59,3,231.6,3,231.81,1,231.93,2,231.94,3,231.95,3,232.38,1
2025-04-10 09:35:57,231.14,231.14,1,230.9,2,231.38,3,231.38,230.9,230.9,2,230.89,2,230.75,8,230.74,2,230.68,2,230.67,3,230.48,1,230.47,2,230.46,1,230.45,1,231.38,3,231.57,3,231.58,3,231.59,3,231.6,3,231.81,1,231.93,2,231.94,3,231.95,3,232.38,1
2025-04-10 09:35:58,231.14,231.14,1,230.9,2,231.38,3,231.38,230.9,230.9,2,230.89,2,230.75,8,230.74,2,230.68,2,230.67,3,230.48,1,230.47,2,230.46,1,230.45,1,231.38,3,231.57,3,231.58,3,231.59,3,231.6,3,231.81,1,231.93,2,231.94,3,231.95,3,232.38,1
2025-04-10 09:35:59,231.285,231.18,1,230.97,4,231.6,1,231.6,230.97,230.97,4,230.96,2,230.9,2,230.89,2,230.75,8,230.74,2,230.68,2,230.67,3,230.48,1,230.47,2,231.6,1,231.61,2,231.81,1,231.93,2,231.94,3,231.95,3,232.38,1,232.39,2,232.4,4,232.41,6
2025-04-10 09:36:00,231.3,231.18,1,231.07,1,231.53,2,231.53,231.07,231.07,1,230.98,1,230.97,3,230.96,2,230.9,2,230.89,2,230.75,8,230.74,2,230.68,2,230.67,3,231.53,2,231.6,1,231.61,2,231.81,1,231.93,2,231.94,3,231.95,3,232.38,1,232.39,2,232.4,4
2025-04-10 09:36:01,231.47,231.53,1,231.19,1,231.75,4,231.75,231.19,231.19,1,231.09,2,231.08,2,231.07,1,230.98,1,230.97,3,230.96,2,230.9,2,230.89,2,230.75,8,231.75,4,231.81,1,231.93,2,231.94,3,231.95,3,232.38,1,232.39,2,232.4,4,232.41,6,232.49,1
2025-04-10 09:36:02,231.47,231.47,1,231.19,1,231.75,4,231.75,231.19,231.19,1,231.09,2,231.08,2,231.07,1,230.98,1,230.97,3,230.96,2,230.9,2,230.89,2,230.75,8,231.75,4,231.81,1,231.93,2,231.94,3,231.95,3,232.38,1,232.39,2,232.4,4,232.41,6,232.49,1
2025-04-10 09:36:03,231.5,231.47,1,231.25,2,231.75,4,231.75,231.25,231.25,2,231.2,2,231.19,1,231.09,2,231.08,2,231.07,1,230.98,1,230.97,3,230.96,2,230.9,2,231.75,4,231.81,1,231.93,2,231.94,3,231.95,3,232.38,1,232.39,2,232.4,4,232.41,6,232.49,1
2025-04-10 09:36:04,231.505,231.47,1,231.26,2,231.75,3,231.75,231.26,231.26,2,231.25,2,231.2,2,231.19,1,231.09,2,231.08,2,231.07,1,230.98,1,230.97,3,230.96,2,231.75,3,231.81,1,231.93,2,231.94,3,231.95,3,232.38,1,232.39,2,232.4,4,232.41,6,232.49,1
2025-04-10 09:36:05,231.675,231.75,1,231.27,2,232.08,3,232.08,231.27,231.27,2,231.26,2,231.25,2,231.2,2,231.19,1,231.09,2,231.08,2,231.07,1,230.98,1,230.97,3,232.08,3,232.38,1,232.39,2,232.4,4,232.41,6,232.49,1,232.5,1,232.71,3,232.72,14,232.84,1
2025-04-10 09:36:06,231.63,231.63,2,231.27,2,231.99,2,231.99,231.27,231.27,2,231.26,2,231.25,2,231.2,2,231.19,1,231.09,2,231.08,2,231.07,1,230.98,1,230.97,3,231.99,2,232.08,3,232.38,1,232.39,2,232.4,4,232.41,6,232.49,1,232.5,1,232.71,3,232.72,14
2025-04-10 09:36:07,231.63,231.42,4,231.27,2,231.99,2,231.99,231.27,231.27,2,231.26,2,231.25,2,231.2,2,231.19,1,231.09,2,231.08,2,231.07,1,230.98,1,230.97,3,231.99,2,232.08,3,232.38,1,232.39,2,232.4,4,232.41,6,232.49,1,232.5,1,232.71,3,232.72,14
2025-04-10 09:36:08,231.63,231.63,2,231.27,2,231.99,2,231.99,231.27,231.27,2,231.26,2,231.25,2,231.2,2,231.19,1,231.09,2,231.08,2,231.07,1,230.98,1,230.97,3,231.99,2,232.08,3,232.38,1,232.39,2,232.4,4,232.41,6,232.49,1,232.5,1,232.71,3,232.72,14
2025-04-10 09:36:09,231.705,231.63,2,231.42,3,231.99,3,231.99,231.42,231.42,3,231.32,2,231.27,2,231.26,2,231.25,2,231.2,2,231.19,1,231.09,2,231.08,2,231.07,1,231.99,3,232.08,3,232.38,1,232.39,2,232.4,4,232.41,6,232.49,1,232.5,1,232.71,3,232.72,14
2025-04-10 09:36:10,231.705,231.63,2,231.42,3,231.99,3,231.99,231.42,231.42,3,231.32,2,231.27,2,231.26,2,231.25,2,231.2,2,231.19,1,231.09,2,231.08,2,231.07,1,231.99,3,232.08,3,232.38,1,232.39,2,232.4,4,232.41,6,232.49,1,232.5,1,232.71,3,232.72,14
2025-04-10 09:36:11,231.71,231.63,2,231.43,9,231.99,3,231.99,231.43,231.43,9,231.42,3,231.32,2,231.27,2,231.26,2,231.25,2,231.2,2,231.19,1,231.09,2,231.08,2,231.99,3,232.08,3,232.38,1,232.39,2,232.4,4,232.41,6,232.49,1,232.5,1,232.71,3,232.72,14
2025-04-10 09:36:12,231.71,231.56,1,231.43,8,231.99,3,231.99,231.43,231.43,8,231.42,3,231.32,2,231.27,2,231.26,2,231.25,2,231.2,2,231.19,1,231.09,2,231.08,2,231.99,3,232.08,3,232.38,1,232.39,2,232.4,4,232.41,6,232.49,1,232.5,1,232.71,3,232.72,14
2025-04-10 09:36:13,231.71,231.7,1,231.43,7,231.99,5,231.99,231.43,231.43,7,231.42,3,231.32,2,231.27,2,231.26,2,231.25,2,231.2,2,231.19,1,231.09,2,231.08,2,231.99,5,232.08,3,232.38,1,232.39,2,232.4,4,232.41,6,232.49,1,232.5,1,232.71,3,232.72,14
2025-04-10 09:36:14,231.71,231.71,1,231.43,7,231.99,5,231.99,231.43,231.43,7,231.42,3,231.32,2,231.27,2,231.26,2,231.25,2,231.2,2,231.19,1,231.09,2,231.08,2,231.99,5,232.08,3,232.38,1,232.39,2,232.4,4,232.41,6,232.49,1,232.5,1,232.71,3,232.72,14
2025-04-10 09:36:15,231.71,231.71,1,231.43,8,231.99,5,231.99,231.43,231.43,8,231.42,3,231.32,2,231.27,2,231.26,2,231.25,2,231.2,2,231.19,1,231.09,2,231.08,2,231.99,5,232.08,3,232.38,1,232.39,2,232.4,4,232.41,6,232.49,1,232.5,1,232.71,3,232.72,14
2025-04-10 09:36:16,231.8,231.71,1,231.61,1,231.99,5,231.99,231.61,231.61,1,231.59,1,231.43,8,231.42,3,231.32,2,231.27,2,231.26,2,231.25,2,231.2,2,231.19,1,231.99,5,232.08,3,232.38,1,232.39,2,232.4,4,232.41,6,232.49,1,232.5,1,232.71,3,232.72,14
2025-04-10 09:36:17,231.8,231.71,1,231.61,1,231.99,5,231.99,231.61,231.61,1,231.59,1,231.43,8,231.42,3,231.32,2,231.27,2,231.26,2,231.25,2,231.2,2,231.19,1,231.99,5,232.08,3,232.38,1,232.39,2,232.4,4,232.41,6,232.49,1,232.5,1,232.71,3,232.72,14
2025-04-10 09:36:18,231.8,231.8,2,231.61,1,231.99,5,231.99,231.61,231.61,1,231.59,1,231.43,8,231.42,3,231.32,2,231.27,2,231.26,2,231.25,2,231.2,2,231.19,1,231.99,5,232.08,3,232.38,1,232.39,2,232.4,4,232.41,6,232.49,1,232.5,1,232.71,3,232.72,14
2025-04-10 09:36:19,231.8,231.8,2,231.61,1,231.99,5,231.99,231.61,231.61,1,231.59,1,231.43,8,231.42,3,231.32,2,231.27,2,231.26,2,231.25,2,231.2,2,231.19,1,231.99,5,232.08,3,232.38,1,232.39,2,232.4,4,232.41,6,232.49,1,232.5,1,232.71,3,232.72,14
2025-04-10 09:36:20,231.8,231.8,2,231.61,1,231.99,5,231.99,231.61,231.61,1,231.59,1,231.43,8,231.42,3,231.32,2,231.27,2,231.26,2,231.25,2,231.2,2,231.19,1,231.99,5,232.08,3,232.38,1,232.39,2,232.4,4,232.41,6,232.49,1,232.5,1,232.71,3,232.72,14
2025-04-10 09:36:21,231.8,231.8,2,231.61,3,231.99,5,231.99,231.61,231.61,3,231.59,1,231.43,8,231.42,3,231.32,2,231.27,2,231.26,2,231.25,2,231.2,2,231.19,1,231.99,5,232.08,3,232.38,1,232.39,2,232.4,4,232.41,6,232.49,1,232.5,1,232.71,3,232.72,14
2025-04-10 09:36:22,232.09,232.26,1,231.78,2,232.4,4,232.4,231.78,231.78,2,231.77,2,231.75,1,231.61,3,231.59,1,231.43,8,231.42,3,231.32,2,231.27,2,231.26,2,232.4,4,232.41,6,232.49,1,232.5,1,232.71,3,232.72,14,232.84,1,,,,,,
2025-04-10 09:36:23,232.175,232.26,1,231.95,1,232.4,5,232.4,231.95,231.95,1,231.78,3,231.77,2,231.75,1,231.61,3,231.59,1,231.43,8,231.42,3,231.32,2,231.27,2,232.4,5,232.41,6,232.49,1,232.5,1,232.71,3,232.72,14,232.84,1,,,,,,
2025-04-10 09:36:24,232.175,232.26,1,231.95,1,232.4,5,232.4,231.95,231.95,1,231.78,3,231.77,2,231.75,1,231.61,3,231.59,1,231.43,8,231.42,3,231.32,2,231.27,2,232.4,5,232.41,6,232.49,1,232.5,1,232.71,3,232.72,14,232.84,1,,,,,,
2025-04-10 09:36:25,232.175,232.26,1,231.95,1,232.4,5,232.4,231.95,231.95,1,231.78,3,231.77,2,231.75,1,231.61,3,231.59,1,231.43,8,231.42,3,231.32,2,231.27,2,232.4,5,232.41,6,232.49,1,232.5,1,232.71,3,232.72,14,232.84,1,,,,,,
2025-04-10 09:36:26,232.17,231.99,1,231.95,2,232.39,3,232.39,231.95,231.95,2,231.78,3,231.77,2,231.75,1,231.61,3,231.59,1,231.43,8,231.42,3,231.32,2,231.27,2,232.39,3,232.4,5,232.41,6,232.49,1,232.5,1,232.71,3,232.72,14,232.84,1,,,,
2025-04-10 09:36:27,231.87,231.95,1,231.78,1,231.96,2,231.96,231.78,231.78,1,231.77,2,231.75,1,231.61,3,231.59,1,231.43,8,231.42,3,231.32,2,231.27,2,231.26,2,231.96,2,232.24,1,232.39,3,232.4,5,232.41,6,232.49,1,232.5,1,232.71,3,232.72,14,232.84,1
2025-04-10 09:36:28,231.87,231.95,1,231.78,1,231.96,2,231.96,231.78,231.78,1,231.77,2,231.75,1,231.61,3,231.59,1,231.43,8,231.42,3,231.32,2,231.27,2,231.26,2,231.96,2,232.24,1,232.39,3,232.4,5,232.41,6,232.49,1,232.5,1,232.71,3,232.72,14,232.84,1
2025-04-10 09:36:29,231.87,231.95,1,231.78,1,231.96,2,231.96,231.78,231.78,1,231.77,2,231.75,1,231.61,3,231.59,1,231.43,8,231.42,3,231.32,2,231.27,2,231.26,2,231.96,2,232.24,1,232.39,3,232.4,5,232.41,6,232.49,1,232.5,1,232.71,3,232.72,14,232.84,1
2025-04-10 09:36:30,231.825,231.95,1,231.69,1,231.96,2,231.96,231.69,231.69,1,231.61,3,231.59,1,231.43,8,231.42,3,231.32,2,231.27,2,231.26,2,231.25,2,231.2,2,231.96,2,232.24,1,232.39,3,232.4,5,232.41,6,232.49,1,232.5,1,232.71,3,232.72,14,232.84,1
2025-04-10 09:36:31,231.825,231.95,1,231.69,1,231.96,2,231.96,231.69,231.69,1,231.61,3,231.59,1,231.43,8,231.42,3,231.32,2,231.27,2,231.26,2,231.25,2,231.2,2,231.96,2,232.24,1,232.39,3,232.4,5,232.41,6,232.49,1,232.5,1,232.71,3,232.72,14,232.84,1
2025-04-10 09:36:32,231.825,231.95,1,231.69,1,231.96,2,231.96,231.69,231.69,1,231.61,3,231.59,1,231.43,8,231.42,3,231.32,2,231.27,2,231.26,2,231.25,2,231.2,2,231.96,2,232.24,1,232.39,3,232.4,5,232.41,6,232.49,1,232.5,1,232.71,3,232.72,14,232.84,1
2025-04-10 09:36:33,231.825,231.95,1,231.69,1,231.96,2,231.96,231.69,231.69,1,231.61,3,231.59,1,231.43,8,231.42,3,231.32,2,231.27,2,231.26,2,231.25,2,231.2,2,231.96,2,232.24,1,232.39,3,232.4,5,232.41,6,232.49,1,232.5,1,232.71,3,232.72,14,232.84,1
2025-04-10 09:36:34,231.825,231.95,1,231.69,1,231.96,2,231.96,231.69,231.69,1,231.61,3,231.59,1,231.43,8,231.42,3,231.32,2,231.27,2,231.26,2,231.25,2,231.2,2,231.96,2,232.24,1,232.39,3,232.4,5,232.41,6,232.49,1,232.5,1,232.71,3,232.72,14,232.84,1
2025-04-10 09:36:35,231.825,231.95,1,231.69,1,231.96,2,231.96,231.69,231.69,1,231.61,3,231.59,1,231.43,8,231.42,3,231.32,2,231.27,2,231.26,2,231.25,2,231.2,2,231.96,2,232.24,1,232.39,3,232.4,5,232.41,6,232.49,1,232.5,1,232.71,3,232.72,14,232.84,1
2025-04-10 09:36:36,231.825,231.95,1,231.69,2,231.96,3,231.96,231.69,231.69,2,231.61,3,231.59,1,231.43,8,231.42,3,231.32,2,231.27,2,231.26,2,231.25,2,231.2,2,231.96,3,232.24,1,232.39,3,232.4,5,232.41,6,232.49,1,232.5,1,232.71,3,232.72,14,232.84,1
2025-04-10 09:36:37,231.875,231.96,1,231.75,1,232.0,2,232.0,231.75,231.75,1,231.69,2,231.61,3,231.59,1,231.43,8,231.42,3,231.32,2,231.27,2,231.26,2,231.25,2,232.0,2,232.24,1,232.39,3,232.4,5,232.41,6,232.49,1,232.5,1,232.71,3,232.72,14,232.84,1
2025-04-10 09:36:38,231.875,231.96,1,231.75,1,232.0,2,232.0,231.75,231.75,1,231.69,2,231.61,3,231.59,1,231.43,8,231.42,3,231.32,2,231.27,2,231.26,2,231.25,2,232.0,2,232.24,1,232.39,3,232.4,5,232.41,6,232.49,1,232.5,1,232.71,3,232.72,14,232.84,1
2025-04-10 09:36:39,231.875,231.96,1,231.75,1,232.0,2,232.0,231.75,231.75,1,231.69,2,231.61,3,231.59,1,231.43,8,231.42,3,231.32,2,231.27,2,231.26,2,231.25,2,232.0,2,232.24,1,232.39,3,232.4,5,232.41,6,232.49,1,232.5,1,232.71,3,232.72,14,232.84,1
2025-04-10 09:36:40,231.875,232.0,1,231.75,1,232.0,2,232.0,231.75,231.75,1,231.69,2,231.61,3,231.59,1,231.43,8,231.42,3,231.32,2,231.27,2,231.26,2,231.25,2,232.0,2,232.24,1,232.39,3,232.4,5,232.41,6,232.49,1,232.5,1,232.71,3,232.72,14,232.84,1
2025-04-10 09:36:41,232.105,232.0,1,231.82,1,232.39,3,232.39,231.82,231.82,1,231.76,2,231.75,1,231.69,2,231.61,3,231.59,1,231.43,8,231.42,3,231.32,2,231.27,2,232.39,3,232.4,5,232.41,6,232.49,1,232.5,1,232.71,3,232.72,14,232.84,1,,,,
2025-04-10 09:36:42,232.105,232.0,1,231.82,1,232.39,4,232.39,231.82,231.82,1,231.76,2,231.75,1,231.69,2,231.61,3,231.59,1,231.43,8,231.42,3,231.32,2,231.27,2,232.39,4,232.4,5,232.41,6,232.49,1,232.5,1,232.71,3,232.72,14,232.84,1,,,,
2025-04-10 09:36:43,232.105,232.0,1,231.82,1,232.39,4,232.39,231.82,231.82,1,231.76,2,231.75,1,231.69,2,231.61,3,231.59,1,231.43,8,231.42,3,231.32,2,231.27,2,232.39,4,232.4,5,232.41,6,232.49,1,232.5,1,232.71,3,232.72,14,232.84,1,,,,
2025-04-10 09:36:44,232.105,232.0,1,231.82,1,232.39,4,232.39,231.82,231.82,1,231.76,2,231.75,1,231.69,2,231.61,3,231.59,1,231.43,8,231.42,3,231.32,2,231.27,2,232.39,4,232.4,5,232.41,6,232.49,1,232.5,1,232.71,3,232.72,14,232.84,1,,,,
2025-04-10 09:36:45,232.12,232.0,1,231.85,2,232.39,4,232.39,231.85,231.85,2,231.82,1,231.76,2,231.75,1,231.69,2,231.61,3,231.59,1,231.43,8,231.42,3,231.32,2,232.39,4,232.4,5,232.41,6,232.49,1,232.5,1,232.71,3,232.72,14,232.84,1,,,,
2025-04-10 09:36:46,232.12,232.0,1,231.85,2,232.39,4,232.39,231.85,231.85,2,231.82,1,231.76,2,231.75,1,231.69,2,231.61,3,231.59,1,231.43,8,231.42,3,231.32,2,232.39,4,232.4,5,232.41,6,232.49,1,232.5,1,232.71,3,232.72,14,232.84,1,,,,
2025-04-10 09:36:47,232.12,232.0,1,231.85,2,232.39,4,232.39,231.85,231.85,2,231.82,1,231.76,2,231.75,1,231.69,2,231.61,3,231.59,1,231.43,8,231.42,3,231.32,2,232.39,4,232.4,5,232.41,6,232.49,1,232.5,1,232.71,3,232.72,14,232.84,1,,,,
2025-04-10 09:36:48,232.12,232.0,1,231.85,2,232.39,4,232.39,231.85,231.85,2,231.82,1,231.76,2,231.75,1,231.69,2,231.61,3,231.59,1,231.43,8,231.42,3,231.32,2,232.39,4,232.4,5,232.41,6,232.49,1,232.5,1,232.71,3,232.72,14,232.84,1,,,,
2025-04-10 09:36:49,231.955,231.88,1,231.78,1,232.13,2,232.13,231.78,231.78,1,231.76,2,231.75,1,231.69,2,231.61,3,231.59,1,231.43,8,231.42,3,231.32,2,231.27,2,232.13,2,232.39,3,232.4,5,232.41,6,232.49,1,232.5,1,232.71,3,232.72,14,232.84,1,,
2025-04-10 09:36:50,231.955,231.88,1,231.78,1,232.13,2,232.13,231.78,231.78,1,231.76,2,231.75,1,231.69,2,231.61,3,231.59,1,231.43,8,231.42,3,231.32,2,231.27,2,232.13,2,232.39,3,232.4,5,232.41,6,232.49,1,232.5,1,232.71,3,232.72,14,232.84,1,,
2025-04-10 09:36:51,231.955,231.88,1,231.78,1,232.13,2,232.13,231.78,231.78,1,231.76,2,231.75,1,231.69,2,231.61,3,231.59,1,231.43,8,231.42,3,231.32,2,231.27,2,232.13,2,232.39,3,232.4,5,232.41,6,232.49,1,232.5,1,232.71,3,232.72,14,232.84,1,,
2025-04-10 09:36:52,232.01,231.97,1,231.89,2,232.13,3,232.13,231.89,231.89,2,231.78,1,231.76,2,231.75,1,231.69,2,231.61,3,231.59,1,231.43,8,231.42,3,231.32,2,232.13,3,232.39,3,232.4,5,232.41,6,232.49,1,232.5,1,232.71,3,232.72,14,232.84,1,,
2025-04-10 09:36:53,232.01,232.01,1,231.89,2,232.13,3,232.13,231.89,231.89,2,231.78,1,231.76,2,231.75,1,231.69,2,231.61,3,231.59,1,231.43,8,231.42,3,231.32,2,232.13,3,232.39,3,232.4,5,232.41,6,232.49,1,232.5,1,232.71,3,232.72,14,232.84,1,,
2025-04-10 09:36:54,232.01,232.01,1,231.89,2,232.13,3,232.13,231.89,231.89,2,231.78,1,231.76,2,231.75,1,231.69,2,231.61,3,231.59,1,231.43,8,231.42,3,231.32,2,232.13,3,232.39,3,232.4,5,232.41,6,232.49,1,232.5,1,232.71,3,232.72,14,232.84,1,,
2025-04-10 09:36:55,232.01,232.01,1,231.89,2,232.13,3,232.13,231.89,231.89,2,231.78,1,231.76,2,231.75,1,231.69,2,231.61,3,231.59,1,231.43,8,231.42,3,231.32,2,232.13,3,232.39,3,232.4,5,232.41,6,232.49,1,232.5,1,232.71,3,232.72,14,232.84,1,,
2025-04-10 09:36:56,232.01,232.01,1,231.89,2,232.13,3,232.13,231.89,231.89,2,231.78,1,231.76,2,231.75,1,231.69,2,231.61,3,231.59,1,231.43,8,231.42,3,231.32,2,232.13,3,232.39,3,232.4,5,232.41,6,232.49,1,232.5,1,232.71,3,232.72,14,232.84,1,,
2025-04-10 09:36:57,232.015,232.01,1,231.9,1,232.13,3,232.13,231.9,231.9,1,231.89,1,231.78,1,231.76,2,231.75,1,231.69,2,231.61,3,231.59,1,231.43,8,231.42,3,232.13,3,232.39,3,232.4,5,232.41,6,232.49,1,232.5,1,232.71,3,232.72,14,232.84,1,,
2025-04-10 09:36:58,232.015,232.01,1,231.9,1,232.13,3,232.13,231.9,231.9,1,231.89,1,231.78,1,231.76,2,231.75,1,231.69,2,231.61,3,231.59,1,231.43,8,231.42,3,232.13,3,232.39,3,232.4,5,232.41,6,232.49,1,232.5,1,232.71,3,232.72,14,232.84,1,,
2025-04-10 09:36:59,231.725,231.76,1,231.55,2,231.9,1,231.9,231.55,231.55,2,231.43,8,231.42,3,231.32,2,231.27,2,231.26,2,231.25,2,231.2,2,231.19,1,231.09,2,231.9,1,232.08,1,232.13,3,232.39,3,232.4,5,232.41,6,232.49,1,232.5,1,232.71,3,232.72,14
2025-04-10 09:37:00,231.725,231.76,1,231.55,1,231.9,3,231.9,231.55,231.55,1,231.43,8,231.42,3,231.32,2,231.27,2,231.26,2,231.25,2,231.2,2,231.19,1,231.09,2,231.9,3,232.08,1,232.13,3,232.39,3,232.4,5,232.41,6,232.49,1,232.5,1,232.71,3,232.72,14
2025-04-10 09:37:01,231.665,231.76,1,231.44,2,231.89,1,231.89,231.44,231.44,2,231.43,1,231.42,3,231.32,2,231.27,2,231.26,2,231.25,2,231.2,2,231.19,1,231.09,2,231.89,1,231.9,3,232.08,1,232.13,3,232.39,3,232.4,5,232.41,6,232.49,1,232.5,1,232.71,3
2025-04-10 09:37:02,231.66,231.76,1,231.44,2,231.88,2,231.88,231.44,231.44,2,231.43,1,231.42,3,231.32,2,231.27,2,231.26,2,231.25,2,231.2,2,231.19,1,231.09,2,231.88,2,231.89,2,231.9,3,232.08,1,232.13,3,232.39,3,232.4,5,232.41,6,232.49,1,232.5,1
2025-04-10 09:37:03,231.655,231.76,1,231.44,2,231.87,1,231.87,231.44,231.44,2,231.43,1,231.42,3,231.32,2,231.27,2,231.26,2,231.25,2,231.2,2,231.19,1,231.09,2,231.87,1,231.88,3,231.89,2,231.9,3,232.08,1,232.13,3,232.39,3,232.4,5,232.41,6,232.49,1
2025-04-10 09:37:04,231.205,231.21,1,230.97,4,231.44,2,231.44,230.97,230.97,4,230.96,2,230.9,2,230.89,2,230.75,8,230.74,2,230.68,2,230.67,3,230.48,1,230.47,2,231.44,2,231.86,2,231.87,2,231.88,3,231.89,2,231.9,3,232.08,1,232.13,3,232.39,3,232.4,5
2025-04-10 09:37:05,231.195,231.2,1,230.97,6,231.42,1,231.42,230.97,230.97,6,230.96,2,230.9,2,230.89,2,230.75,8,230.74,2,230.68,2,230.67,3,230.48,1,230.47,2,231.42,1,231.43,2,231.44,2,231.86,2,231.87,2,231.88,3,231.89,2,231.9,3,232.08,1,232.13,3
2025-04-10 09:37:06,231.22,231.2,1,231.02,2,231.42,1,231.42,231.02,231.02,2,230.98,5,230.97,6,230.96,2,230.9,2,230.89,2,230.75,8,230.74,2,230.68,2,230.67,3,231.42,1,231.43,2,231.44,2,231.86,2,231.87,2,231.88,3,231.89,2,231.9,3,232.08,1,232.13,3
2025-04-10 09:37:07,231.22,231.2,1,231.02,2,231.42,1,231.42,231.02,231.02,2,230.98,5,230.97,6,230.96,2,230.9,2,230.89,2,230.75,8,230.74,2,230.68,2,230.67,3,231.42,1,231.43,2,231.44,2,231.86,2,231.87,2,231.88,3,231.89,2,231.9,3,232.08,1,232.13,3
2025-04-10 09:37:08,231.22,231.08,1,231.02,2,231.42,1,231.42,231.02,231.02,2,230.98,5,230.97,6,230.96,2,230.9,2,230.89,2,230.75,8,230.74,2,230.68,2,230.67,3,231.42,1,231.43,2,231.44,2,231.86,2,231.87,2,231.88,3,231.89,2,231.9,3,232.08,1,232.13,3
2025-04-10 09:37:09,231.22,231.17,1,231.02,2,231.42,1,231.42,231.02,231.02,2,230.98,5,230.97,6,230.96,2,230.9,2,230.89,2,230.75,8,230.74,2,230.68,2,230.67,3,231.42,1,231.43,2,231.44,2,231.86,2,231.87,2,231.88,3,231.89,2,231.9,3,232.08,1,232.13,3
2025-04-10 09:37:10,231.22,231.17,1,231.02,2,231.42,1,231.42,231.02,231.02,2,230.98,5,230.97,6,230.96,2,230.9,2,230.89,2,230.75,8,230.74,2,230.68,2,230.67,3,231.42,1,231.43,2,231.44,2,231.86,2,231.87,2,231.88,3,231.89,2,231.9,3,232.08,1,232.13,3
2025-04-10 09:37:11,231.22,231.05,1,231.02,2,231.42,1,231.42,231.02,231.02,2,230.98,5,230.97,6,230.96,2,230.9,2,230.89,2,230.75,8,230.74,2,230.68,2,230.67,3,231.42,1,231.43,2,231.44,2,231.86,2,231.87,2,231.88,3,231.89,2,231.9,3,232.08,1,232.13,3
2025-04-10 09:37:12,230.805,230.81,1,230.66,1,230.95,2,230.95,230.66,230.66,1,230.48,1,230.47,2,230.46,1,230.45,1,230.38,2,230.31,2,230.3,3,230.29,2,230.04,5,230.95,2,230.96,1,231.01,1,231.02,1,231.42,1,231.43,2,231.44,2,231.86,2,231.87,2,231.88,3
2025-04-10 09:37:13,230.8,230.81,1,230.66,2,230.94,1,230.94,230.66,230.66,2,230.48,1,230.47,2,230.46,1,230.45,1,230.38,2,230.31,2,230.3,3,230.29,2,230.04,5,230.94,1,230.95,3,230.96,1,231.01,1,231.02,1,231.42,1,231.43,2,231.44,2,231.86,2,231.87,2
2025-04-10 09:37:14,230.75,230.75,2,230.57,1,230.93,2,230.93,230.57,230.57,1,230.48,1,230.47,2,230.46,1,230.45,1,230.38,2,230.31,2,230.3,3,230.29,2,230.04,5,230.93,2,230.94,2,230.95,3,230.96,1,231.01,1,231.02,1,231.42,1,231.43,2,231.44,2,231.86,2
2025-04-10 09:37:15,230.7,230.75,2,230.57,1,230.83,1,230.83,230.57,230.57,1,230.48,1,230.47,2,230.46,1,230.45,1,230.38,2,230.31,2,230.3,3,230.29,2,230.04,5,230.83,1,230.93,2,230.94,2,230.95,3,230.96,1,231.01,1,231.02,1,231.42,1,231.43,2,231.44,2
2025-04-10 09:37:16,230.715,230.72,2,230.6,1,230.83,6,230.83,230.6,230.6,1,230.59,2,230.57,4,230.48,1,230.47,2,230.46,1,230.45,1,230.38,2,230.31,2,230.3,3,230.83,6,231.17,1,231.42,1,231.43,2,231.44,2,231.86,2,231.87,2,231.88,3,231.89,2,231.9,3
2025-04-10 09:37:17,230.715,230.72,2,230.6,1,230.83,6,230.83,230.6,230.6,1,230.59,2,230.57,4,230.48,1,230.47,2,230.46,1,230.45,1,230.38,2,230.31,2,230.3,3,230.83,6,231.17,1,231.42,1,231.43,2,231.44,2,231.86,2,231.87,2,231.88,3,231.89,2,231.9,3
2025-04-10 09:37:18,230.715,230.72,2,230.6,1,230.83,6,230.83,230.6,230.6,1,230.59,2,230.57,4,230.48,1,230.47,2,230.46,1,230.45,1,230.38,2,230.31,2,230.3,3,230.83,6,231.17,1,231.42,1,231.43,2,231.44,2,231.86,2,231.87,2,231.88,3,231.89,2,231.9,3
2025-04-10 09:37:19,230.71,230.72,2,230.6,1,230.82,1,230.82,230.6,230.6,1,230.59,2,230.57,4,230.48,1,230.47,2,230.46,1,230.45,1,230.38,2,230.31,2,230.3,3,230.82,1,230.83,6,231.17,1,231.42,1,231.43,2,231.44,2,231.86,2,231.87,2,231.88,3,231.89,2
2025-04-10 09:37:20,230.705,230.72,2,230.6,1,230.81,1,230.81,230.6,230.6,1,230.59,2,230.57,4,230.48,1,230.47,2,230.46,1,230.45,1,230.38,2,230.31,2,230.3,3,230.81,1,230.82,2,230.83,6,231.17,1,231.42,1,231.43,2,231.44,2,231.86,2,231.87,2,231.88,3
2025-04-10 09:37:21,230.805,230.71,2,230.62,1,230.99,1,230.99,230.62,230.62,1,230.6,1,230.59,2,230.57,4,230.48,1,230.47,2,230.46,1,230.45,1,230.38,2,230.31,2,230.99,1,231.05,1,231.17,1,231.42,1,231.43,2,231.44,2,231.86,2,231.87,2,231.88,3,231.89,2
2025-04-10 09:37:22,230.805,230.71,2,230.62,1,230.99,1,230.99,230.62,230.62,1,230.6,1,230.59,2,230.57,4,230.48,1,230.47,2,230.46,1,230.45,1,230.38,2,230.31,2,230.99,1,231.05,1,231.17,1,231.42,1,231.43,2,231.44,2,231.86,2,231.87,2,231.88,3,231.89,2
2025-04-10 09:37:23,230.785,230.71,2,230.62,1,230.95,2,230.95,230.62,230.62,1,230.6,1,230.59,2,230.57,4,230.48,1,230.47,2,230.46,1,230.45,1,230.38,2,230.31,2,230.95,2,230.99,1,231.05,1,231.17,1,231.42,1,231.43,2,231.44,2,231.86,2,231.87,2,231.88,3
2025-04-10 09:37:24,230.785,230.71,2,230.62,1,230.95,2,230.95,230.62,230.62,1,230.6,1,230.59,2,230.57,4,230.48,1,230.47,2,230.46,1,230.45,1,230.38,2,230.31,2,230.95,2,230.99,1,231.05,1,231.17,1,231.42,1,231.43,2,231.44,2,231.86,2,231.87,2,231.88,3
2025-04-10 09:37:25,230.76,230.61,1,230.57,4,230.95,4,230.95,230.57,230.57,4,230.48,1,230.47,2,230.46,1,230.45,1,230.38,2,230.31,2,230.3,3,230.29,2,230.04,5,230.95,4,230.99,1,231.05,1,231.17,1,231.42,1,231.43,2,231.44,2,231.86,2,231.87,2,231.88,3
2025-04-10 09:37:26,230.67,230.58,1,230.57,4,230.77,2,230.77,230.57,230.57,4,230.48,1,230.47,2,230.46,1,230.45,1,230.38,2,230.31,2,230.3,3,230.29,2,230.04,5,230.77,2,230.95,4,230.99,1,231.05,1,231.17,1,231.42,1,231.43,2,231.44,2,231.86,2,231.87,2
2025-04-10 09:37:27,230.67,230.58,1,230.57,4,230.77,2,230.77,230.57,230.57,4,230.48,1,230.47,2,230.46,1,230.45,1,230.38,2,230.31,2,230.3,3,230.29,2,230.04,5,230.77,2,230.95,4,230.99,1,231.05,1,231.17,1,231.42,1,231.43,2,231.44,2,231.86,2,231.87,2
2025-04-10 09:37:28,230.67,230.58,1,230.57,4,230.77,2,230.77,230.57,230.57,4,230.48,1,230.47,2,230.46,1,230.45,1,230.38,2,230.31,2,230.3,3,230.29,2,230.04,5,230.77,2,230.95,4,230.99,1,231.05,1,231.17,1,231.42,1,231.43,2,231.44,2,231.86,2,231.87,2
2025-04-10 09:37:29,230.675,230.69,1,230.58,1,230.77,2,230.77,230.58,230.58,1,230.57,4,230.48,1,230.47,2,230.46,1,230.45,1,230.38,2,230.31,2,230.3,3,230.29,2,230.77,2,230.95,4,230.99,1,231.05,1,231.17,1,231.42,1,231.43,2,231.44,2,231.86,2,231.87,2
2025-04-10 09:37:30,230.675,230.69,1,230.58,1,230.77,2,230.77,230.58,230.58,1,230.57,4,230.48,1,230.47,2,230.46,1,230.45,1,230.38,2,230.31,2,230.3,3,230.29,2,230.77,2,230.95,4,230.99,1,231.05,1,231.17,1,231.42,1,231.43,2,231.44,2,231.86,2,231.87,2
2025-04-10 09:37:31,230.675,230.69,1,230.58,1,230.77,2,230.77,230.58,230.58,1,230.57,4,230.48,1,230.47,2,230.46,1,230.45,1,230.38,2,230.31,2,230.3,3,230.29,2,230.77,2,230.95,4,230.99,1,231.05,1,231.17,1,231.42,1,231.43,2,231.44,2,231.86,2,231.87,2
2025-04-10 09:37:32,230.675,230.69,1,230.58,1,230.77,2,230.77,230.58,230.58,1,230.57,4,230.48,1,230.47,2,230.46,1,230.45,1,230.38,2,230.31,2,230.3,3,230.29,2,230.77,2,230.95,4,230.99,1,231.05,1,231.17,1,231.42,1,231.43,2,231.44,2,231.86,2,231.87,2
2025-04-10 09:37:33,230.64,230.58,1,230.51,1,230.77,2,230.77,230.51,230.51,1,230.5,1,230.48,1,230.47,2,230.46,1,230.45,1,230.38,2,230.31,2,230.3,3,230.29,2,230.77,2,230.95,4,230.99,1,231.05,1,231.17,1,231.42,1,231.43,2,231.44,2,231.86,2,231.87,2
2025-04-10 09:37:34,230.485,230.49,5,230.26,1,230.71,4,230.71,230.26,230.26,1,230.04,5,230.01,1,230.0,4,,,,,,,,,,,,,230.71,4,230.77,2,230.95,4,230.99,1,231.05,1,231.17,1,231.42,1,231.43,2,231.44,2,231.86,2
2025-04-10 09:37:35,230.485,230.49,8,230.26,1,230.71,4,230.71,230.26,230.26,1,230.04,5,230.01,1,230.0,4,,,,,,,,,,,,,230.71,4,230.77,2,230.95,4,230.99,1,231.05,1,231.17,1,231.42,1,231.43,2,231.44,2,231.86,2
2025-04-10 09:37:36,230.485,230.49,8,230.26,2,230.71,4,230.71,230.26,230.26,2,230.04,5,230.01,1,230.0,4,,,,,,,,,,,,,230.71,4,230.77,2,230.95,4,230.99,1,231.05,1,231.17,1,231.42,1,231.43,2,231.44,2,231.86,2
2025-04-10 09:37:37,230.47,230.64,1,230.23,2,230.71,4,230.71,230.23,230.23,2,230.22,2,230.04,5,230.01,1,230.0,4,,,,,,,,,,,230.71,4,230.77,2,230.95,4,230.99,1,231.05,1,231.17,1,231.42,1,231.43,2,231.44,2,231.86,2
2025-04-10 09:37:38,230.6,230.64,1,230.49,2,230.71,4,230.71,230.49,230.49,2,230.23,2,230.22,2,230.04,5,230.01,1,230.0,4,,,,,,,,,230.71,4,230.77,2,230.95,4,230.99,1,231.05,1,231.17,1,231.42,1,231.43,2,231.44,2,231.86,2
2025-04-10 09:37:39,230.79,230.71,1,230.49,1,231.09,2,231.09,230.49,230.49,1,230.23,2,230.22,2,230.04,5,230.01,1,230.0,4,,,,,,,,,231.09,2,231.17,1,231.42,1,231.43,2,231.44,2,231.86,2,231.87,2,231.88,3,231.89,2,231.9,3
2025-04-10 09:37:40,230.79,230.79,1,230.49,3,231.09,5,231.09,230.49,230.49,3,230.23,2,230.22,2,230.04,5,230.01,1,230.0,4,,,,,,,,,231.09,5,231.17,1,231.42,1,231.43,2,231.44,2,231.86,2,231.87,2,231.88,3,231.89,2,231.9,3
2025-04-10 09:37:41,230.79,230.79,1,230.49,2,231.09,5,231.09,230.49,230.49,2,230.23,2,230.22,2,230.04,5,230.01,1,230.0,4,,,,,,,,,231.09,5,231.17,1,231.42,1,231.43,2,231.44,2,231.86,2,231.87,2,231.88,3,231.89,2,231.9,3
2025-04-10 09:37:42,230.79,230.79,1,230.49,2,231.09,5,231.09,230.49,230.49,2,230.23,2,230.22,2,230.04,5,230.01,1,230.0,4,,,,,,,,,231.09,5,231.17,1,231.42,1,231.43,2,231.44,2,231.86,2,231.87,2,231.88,3,231.89,2,231.9,3
2025-04-10 09:37:43,230.82,230.79,1,230.55,2,231.09,5,231.09,230.55,230.55,2,230.45,1,230.23,2,230.22,2,230.04,5,230.01,1,230.0,4,,,,,,,231.09,5,231.17,1,231.42,1,231.43,2,231.44,2,231.86,2,231.87,2,231.88,3,231.89,2,231.9,3
2025-04-10 09:37:44,230.785,231.5,1,230.55,2,231.02,3,231.02,230.55,230.55,2,230.45,1,230.23,2,230.22,2,230.04,5,230.01,1,230.0,4,,,,,,,231.02,3,231.09,5,231.17,1,231.42,1,231.43,2,231.44,2,231.86,2,231.87,2,231.88,3,231.89,2
2025-04-10 09:37:45,230.84,231.5,1,230.66,1,231.02,4,231.02,230.66,230.66,1,230.55,2,230.45,1,230.23,2,230.22,2,230.04,5,230.01,1,230.0,4,,,,,231.02,4,231.09,5,231.17,1,231.42,1,231.43,2,231.44,2,231.86,2,231.87,2,231.88,3,231.89,2
2025-04-10 09:37:46,230.81,231.5,1,230.66,1,230.96,1,230.96,230.66,230.66,1,230.55,2,230.45,1,230.23,2,230.22,2,230.04,5,230.01,1,230.0,4,,,,,230.96,1,231.02,4,231.09,5,231.17,1,231.42,1,231.43,2,231.44,2,231.86,2,231.87,2,231.88,3
2025-04-10 09:37:47,230.805,231.5,1,230.66,2,230.95,2,230.95,230.66,230.66,2,230.55,2,230.45,1,230.23,2,230.22,2,230.04,5,230.01,1,230.0,4,,,,,230.95,2,230.96,2,231.02,4,231.09,5,231.17,1,231.42,1,231.43,2,231.44,2,231.86,2,231.87,2
2025-04-10 09:37:48,230.8,231.5,1,230.66,2,230.94,1,230.94,230.66,230.66,2,230.55,2,230.45,1,230.23,2,230.22,2,230.04,5,230.01,1,230.0,4,,,,,230.94,1,230.95,3,230.96,2,231.02,4,231.09,5,231.17,1,231.42,1,231.43,2,231.44,2,231.86,2
2025-04-10 09:37:49,230.875,230.92,1,230.66,2,231.09,3,231.09,230.66,230.66,2,230.55,2,230.45,1,230.23,2,230.22,2,230.04,5,230.01,1,230.0,4,,,,,231.09,3,231.17,1,231.42,1,231.43,2,231.44,2,231.86,2,231.87,2,231.88,3,231.89,2,231.9,3
2025-04-10 09:37:50,230.84,230.84,1,230.66,2,231.02,1,231.02,230.66,230.66,2,230.55,2,230.45,1,230.23,2,230.22,2,230.04,5,230.01,1,230.0,4,,,,,231.02,1,231.09,3,231.17,1,231.42,1,231.43,2,231.44,2,231.86,2,231.87,2,231.88,3,231.89,2
2025-04-10 09:37:51,230.83,230.84,1,230.66,3,231.0,1,231.0,230.66,230.66,3,230.55,2,230.45,1,230.23,2,230.22,2,230.04,5,230.01,1,230.0,4,,,,,231.0,1,231.01,2,231.02,2,231.09,3,231.17,1,231.42,1,231.43,2,231.44,2,231.86,2,231.87,2
2025-04-10 09:37:52,230.825,230.84,1,230.66,2,230.99,1,230.99,230.66,230.66,2,230.55,2,230.45,1,230.23,2,230.22,2,230.04,5,230.01,1,230.0,4,,,,,230.99,1,231.0,2,231.01,2,231.02,2,231.09,3,231.17,1,231.42,1,231.43,2,231.44,2,231.86,2
