sim_time,mid_price,last_price,last_size,best_bid_price,best_bid_size,best_ask_price,best_ask_size,close_price_buy,close_price_sell,bid1_price,bid1_size,bid2_price,bid2_size,bid3_price,bid3_size,bid4_price,bid4_size,bid5_price,bid5_size,bid6_price,bid6_size,bid7_price,bid7_size,bid8_price,bid8_size,bid9_price,bid9_size,bid10_price,bid10_size,ask1_price,ask1_size,ask2_price,ask2_size,ask3_price,ask3_size,ask4_price,ask4_size,ask5_price,ask5_size,ask6_price,ask6_size,ask7_price,ask7_size,ask8_price,ask8_size,ask9_price,ask9_size,ask10_price,ask10_size
2025-04-10 09:30:11,150.725,150.83,1,150.62,4,150.83,3,150.83,150.62,150.62,4,150.61,4,150.6,6,150.59,3,150.53,7,150.52,3,150.49,6,150.43,6,150.41,1,150.3,7,150.83,3,150.88,5,150.89,5,150.91,4,151.5,2,151.56,4,,,,,,,,
2025-04-10 09:30:12,150.695,150.79,1,150.6,7,150.79,4,150.79,150.6,150.6,7,150.59,3,150.53,7,150.52,3,150.49,6,150.43,6,150.41,1,150.3,7,150.13,6,150.08,7,150.79,4,150.83,5,150.88,5,150.89,5,150.91,4,151.5,2,151.56,4,,,,,,
2025-04-10 09:30:14,150.695,150.79,1,150.6,7,150.79,5,150.79,150.6,150.6,7,150.59,3,150.53,7,150.52,3,150.49,6,150.43,6,150.41,1,150.3,7,150.13,6,150.08,7,150.79,5,150.83,5,150.88,5,150.89,5,150.91,4,151.5,2,151.56,4,,,,,,
2025-04-10 09:30:15,150.665,150.66,2,150.54,3,150.79,6,150.79,150.54,150.54,3,150.53,5,150.52,3,150.49,6,150.43,6,150.41,1,150.3,7,150.13,6,150.08,7,150.0,37,150.79,6,150.83,5,150.88,5,150.89,5,150.91,4,151.5,2,151.56,4,,,,,,
2025-04-10 09:30:16,150.665,150.66,2,150.54,3,150.79,8,150.79,150.54,150.54,3,150.53,5,150.52,3,150.49,6,150.43,6,150.41,1,150.3,7,150.13,6,150.08,7,150.0,37,150.79,8,150.83,5,150.88,5,150.89,5,150.91,4,151.5,2,151.56,4,,,,,,
2025-04-10 09:30:17,150.665,150.54,1,150.54,3,150.79,8,150.79,150.54,150.54,3,150.53,5,150.52,3,150.49,6,150.43,6,150.41,1,150.3,7,150.13,6,150.08,7,150.0,37,150.79,8,150.83,5,150.88,5,150.89,5,150.91,4,151.5,2,151.56,4,,,,,,
2025-04-10 09:30:18,150.665,150.54,1,150.54,3,150.79,8,150.79,150.54,150.54,3,150.53,5,150.52,3,150.49,6,150.43,6,150.41,1,150.3,7,150.13,6,150.08,7,150.0,37,150.79,8,150.83,5,150.88,5,150.89,5,150.91,4,151.5,2,151.56,4,,,,,,
2025-04-10 09:30:19,150.665,150.54,1,150.54,3,150.79,8,150.79,150.54,150.54,3,150.53,5,150.52,3,150.49,6,150.43,6,150.41,1,150.3,7,150.13,6,150.08,7,150.0,37,150.79,8,150.83,5,150.88,5,150.89,5,150.91,4,151.5,2,151.56,4,,,,,,
2025-04-10 09:30:20,150.665,150.54,1,150.54,3,150.79,8,150.79,150.54,150.54,3,150.53,5,150.52,3,150.49,6,150.43,6,150.41,1,150.3,7,150.13,6,150.08,7,150.0,37,150.79,8,150.83,5,150.88,5,150.89,5,150.91,4,151.5,2,151.56,4,,,,,,
2025-04-10 09:30:21,150.665,150.54,1,150.54,4,150.79,8,150.79,150.54,150.54,4,150.53,5,150.52,3,150.49,6,150.43,6,150.41,1,150.3,7,150.13,6,150.08,7,150.0,37,150.79,8,150.83,5,150.88,5,150.89,5,150.91,4,151.5,2,151.56,4,,,,,,
2025-04-10 09:30:22,150.67,150.54,1,150.55,4,150.79,11,150.79,150.55,150.55,4,150.54,4,150.53,5,150.52,3,150.49,6,150.43,6,150.41,1,150.3,7,150.13,6,150.08,7,150.79,11,150.83,5,150.88,5,150.89,5,150.91,4,151.5,2,151.56,4,,,,,,
2025-04-10 09:30:23,150.545,150.52,1,150.45,2,150.64,9,150.64,150.45,150.45,2,150.43,6,150.41,1,150.3,7,150.13,6,150.08,7,150.0,37,,,,,,,150.64,9,150.67,2,150.79,8,150.83,5,150.88,5,150.89,5,150.91,4,151.5,2,151.56,4,,
2025-04-10 09:30:24,150.52,150.52,1,150.4,2,150.64,9,150.64,150.4,150.4,2,150.39,3,150.3,7,150.13,6,150.08,7,150.0,37,,,,,,,,,150.64,9,150.67,2,150.79,8,150.83,5,150.88,5,150.89,5,150.91,4,151.5,2,151.56,4,,
2025-04-10 09:30:25,150.52,150.4,1,150.4,2,150.64,11,150.64,150.4,150.4,2,150.39,3,150.3,7,150.13,6,150.08,7,150.0,37,,,,,,,,,150.64,11,150.67,2,150.79,8,150.83,5,150.88,5,150.89,5,150.91,4,151.5,2,151.56,4,,
2025-04-10 09:30:26,150.52,150.4,1,150.4,2,150.64,11,150.64,150.4,150.4,2,150.39,3,150.3,7,150.13,6,150.08,7,150.0,37,,,,,,,,,150.64,11,150.67,2,150.79,8,150.83,5,150.88,5,150.89,5,150.91,4,151.5,2,151.56,4,,
2025-04-10 09:30:27,150.52,150.4,1,150.4,2,150.64,11,150.64,150.4,150.4,2,150.39,3,150.3,7,150.13,6,150.08,7,150.0,37,,,,,,,,,150.64,11,150.67,2,150.79,8,150.83,5,150.88,5,150.89,5,150.91,4,151.5,2,151.56,4,,
2025-04-10 09:30:28,150.52,150.52,1,150.4,2,150.64,11,150.64,150.4,150.4,2,150.39,3,150.3,7,150.13,6,150.08,7,150.0,37,,,,,,,,,150.64,11,150.67,2,150.79,8,150.83,5,150.88,5,150.89,5,150.91,4,151.5,2,151.56,4,,
2025-04-10 09:30:29,150.52,150.52,1,150.4,2,150.64,11,150.64,150.4,150.4,2,150.39,3,150.3,7,150.13,6,150.08,7,150.0,37,,,,,,,,,150.64,11,150.67,2,150.79,8,150.83,5,150.88,5,150.89,5,150.91,4,151.5,2,151.56,4,,
2025-04-10 09:30:30,150.52,150.52,1,150.4,2,150.64,11,150.64,150.4,150.4,2,150.39,3,150.3,7,150.13,6,150.08,7,150.0,37,,,,,,,,,150.64,11,150.67,2,150.79,8,150.83,5,150.88,5,150.89,5,150.91,4,151.5,2,151.56,4,,
2025-04-10 09:30:31,150.51,150.51,1,150.4,2,150.62,2,150.62,150.4,150.4,2,150.39,3,150.3,7,150.13,6,150.08,7,150.0,37,,,,,,,,,150.62,2,150.63,1,150.64,11,150.67,2,150.79,8,150.83,5,150.88,5,150.89,5,150.91,4,151.5,2
2025-04-10 09:30:32,150.49,150.51,1,150.4,2,150.58,2,150.58,150.4,150.4,2,150.39,3,150.3,7,150.13,6,150.08,7,150.0,37,,,,,,,,,150.58,2,150.62,4,150.63,1,150.64,11,150.67,2,150.79,8,150.83,5,150.88,5,150.89,5,150.91,4
2025-04-10 09:30:33,150.49,150.56,1,150.4,2,150.58,2,150.58,150.4,150.4,2,150.39,3,150.3,7,150.13,6,150.08,7,150.0,37,,,,,,,,,150.58,2,150.62,4,150.63,1,150.64,11,150.67,2,150.79,8,150.83,5,150.88,5,150.89,5,150.91,4
2025-04-10 09:30:34,150.52,150.58,1,150.42,4,150.62,2,150.62,150.42,150.42,4,150.4,2,150.39,3,150.3,7,150.13,6,150.08,7,150.0,37,,,,,,,150.62,2,150.63,1,150.64,11,150.67,2,150.79,8,150.83,5,150.88,5,150.89,5,150.91,4,151.5,2
2025-04-10 09:30:35,150.52,150.52,1,150.42,2,150.62,3,150.62,150.42,150.42,2,150.4,2,150.39,3,150.3,7,150.13,6,150.08,7,150.0,37,,,,,,,150.62,3,150.63,1,150.64,11,150.67,2,150.79,8,150.83,5,150.88,5,150.89,5,150.91,4,151.5,2
2025-04-10 09:30:36,150.52,150.54,1,150.42,3,150.62,4,150.62,150.42,150.42,3,150.4,2,150.39,3,150.3,7,150.13,6,150.08,7,150.0,37,,,,,,,150.62,4,150.63,1,150.64,11,150.67,2,150.79,8,150.83,5,150.88,5,150.89,5,150.91,4,151.5,2
2025-04-10 09:30:37,150.53,150.62,1,150.43,4,150.63,3,150.63,150.43,150.43,4,150.42,3,150.4,2,150.39,3,150.3,7,150.13,6,150.08,7,150.0,37,,,,,150.63,3,150.64,11,150.67,2,150.79,8,150.83,5,150.88,5,150.89,5,150.91,4,151.5,2,151.56,4
2025-04-10 09:30:38,150.53,150.62,1,150.43,4,150.63,3,150.63,150.43,150.43,4,150.42,3,150.4,2,150.39,3,150.3,7,150.13,6,150.08,7,150.0,37,,,,,150.63,3,150.64,11,150.67,2,150.79,8,150.83,5,150.88,5,150.89,5,150.91,4,151.5,2,151.56,4
2025-04-10 09:30:39,150.53,150.62,1,150.43,4,150.63,3,150.63,150.43,150.43,4,150.42,3,150.4,2,150.39,3,150.3,7,150.13,6,150.08,7,150.0,37,,,,,150.63,3,150.64,11,150.67,2,150.79,8,150.83,5,150.88,5,150.89,5,150.91,4,151.5,2,151.56,4
2025-04-10 09:30:40,150.53,150.62,1,150.43,4,150.63,3,150.63,150.43,150.43,4,150.42,3,150.4,2,150.39,3,150.3,7,150.13,6,150.08,7,150.0,37,,,,,150.63,3,150.64,11,150.67,2,150.79,8,150.83,5,150.88,5,150.89,5,150.91,4,151.5,2,151.56,4
2025-04-10 09:30:41,150.53,150.59,1,150.43,4,150.63,3,150.63,150.43,150.43,4,150.42,3,150.4,2,150.39,3,150.3,7,150.13,6,150.08,7,150.0,37,,,,,150.63,3,150.64,11,150.67,2,150.79,8,150.83,5,150.88,5,150.89,5,150.91,4,151.5,2,151.56,4
2025-04-10 09:30:42,150.53,150.59,1,150.43,4,150.63,3,150.63,150.43,150.43,4,150.42,3,150.4,2,150.39,3,150.3,7,150.13,6,150.08,7,150.0,37,,,,,150.63,3,150.64,11,150.67,2,150.79,8,150.83,5,150.88,5,150.89,5,150.91,4,151.5,2,151.56,4
2025-04-10 09:30:43,150.625,150.63,1,150.5,4,150.75,1,150.75,150.5,150.5,4,150.49,2,150.43,5,150.42,3,150.4,2,150.39,3,150.3,7,150.13,6,150.08,7,150.0,37,150.75,1,150.79,8,150.83,5,150.88,5,150.89,5,150.91,4,151.5,2,151.56,4,,,,
2025-04-10 09:30:44,150.735,150.87,1,150.59,2,150.88,4,150.88,150.59,150.59,2,150.58,1,150.5,4,150.49,2,150.43,5,150.42,3,150.4,2,150.39,3,150.3,7,150.13,6,150.88,4,150.89,5,150.91,4,151.5,2,151.56,4,,,,,,,,,,
2025-04-10 09:30:45,150.735,150.74,2,150.59,5,150.88,5,150.88,150.59,150.59,5,150.58,1,150.5,4,150.49,2,150.43,5,150.42,3,150.4,2,150.39,3,150.3,7,150.13,6,150.88,5,150.89,5,150.91,4,151.5,2,151.56,4,,,,,,,,,,
2025-04-10 09:30:46,150.735,150.74,1,150.59,5,150.88,5,150.88,150.59,150.59,5,150.58,1,150.5,4,150.49,2,150.43,5,150.42,3,150.4,2,150.39,3,150.3,7,150.13,6,150.88,5,150.89,5,150.91,4,151.5,2,151.56,4,,,,,,,,,,
2025-04-10 09:30:47,150.8,150.88,1,150.65,4,150.95,2,150.95,150.65,150.65,4,150.64,1,150.6,5,150.59,5,150.58,1,150.5,4,150.49,2,150.43,5,150.42,3,150.4,2,150.95,2,151.5,2,151.56,4,,,,,,,,,,,,,,
2025-04-10 09:30:48,150.8,150.88,1,150.65,5,150.95,2,150.95,150.65,150.65,5,150.64,1,150.6,5,150.59,5,150.58,1,150.5,4,150.49,2,150.43,5,150.42,3,150.4,2,150.95,2,151.5,2,151.56,4,,,,,,,,,,,,,,
2025-04-10 09:30:49,150.8,150.88,1,150.65,5,150.95,2,150.95,150.65,150.65,5,150.64,1,150.6,5,150.59,5,150.58,1,150.5,4,150.49,2,150.43,5,150.42,3,150.4,2,150.95,2,151.5,2,151.56,4,,,,,,,,,,,,,,
2025-04-10 09:30:50,150.8,150.88,1,150.65,5,150.95,2,150.95,150.65,150.65,5,150.64,1,150.6,5,150.59,5,150.58,1,150.5,4,150.49,2,150.43,5,150.42,3,150.4,2,150.95,2,151.5,2,151.56,4,,,,,,,,,,,,,,
2025-04-10 09:30:51,150.8,150.88,1,150.65,5,150.95,2,150.95,150.65,150.65,5,150.64,1,150.6,5,150.59,5,150.58,1,150.5,4,150.49,2,150.43,5,150.42,3,150.4,2,150.95,2,151.5,2,151.56,4,,,,,,,,,,,,,,
2025-04-10 09:30:52,150.8,150.8,1,150.65,5,150.95,2,150.95,150.65,150.65,5,150.64,1,150.6,5,150.59,5,150.58,1,150.5,4,150.49,2,150.43,5,150.42,3,150.4,2,150.95,2,151.5,2,151.56,4,,,,,,,,,,,,,,
2025-04-10 09:30:53,150.8,150.8,1,150.65,6,150.95,2,150.95,150.65,150.65,6,150.64,1,150.6,5,150.59,5,150.58,1,150.5,4,150.49,2,150.43,5,150.42,3,150.4,2,150.95,2,151.5,2,151.56,4,,,,,,,,,,,,,,
2025-04-10 09:30:54,150.805,150.8,1,150.66,7,150.95,2,150.95,150.66,150.66,7,150.65,6,150.64,1,150.6,5,150.59,5,150.58,1,150.5,4,150.49,2,150.43,5,150.42,3,150.95,2,151.5,2,151.56,4,,,,,,,,,,,,,,
2025-04-10 09:30:55,150.805,150.8,1,150.66,7,150.95,2,150.95,150.66,150.66,7,150.65,6,150.64,1,150.6,5,150.59,5,150.58,1,150.5,4,150.49,2,150.43,5,150.42,3,150.95,2,151.5,2,151.56,4,,,,,,,,,,,,,,
2025-04-10 09:30:56,150.875,150.97,2,150.77,4,150.98,3,150.98,150.77,150.77,4,150.71,7,150.7,5,150.69,3,150.66,7,150.65,6,150.64,1,150.6,5,150.59,5,150.58,1,150.98,3,151.5,2,151.56,4,,,,,,,,,,,,,,
2025-04-10 09:30:57,151.02,151.01,1,150.92,2,151.12,5,151.12,150.92,150.92,2,150.9,1,150.85,3,150.83,1,150.81,3,150.78,1,150.77,4,150.71,7,150.7,5,150.69,3,151.12,5,151.5,2,151.56,4,,,,,,,,,,,,,,
2025-04-10 09:30:58,151.06,151.01,1,150.92,4,151.2,1,151.2,150.92,150.92,4,150.9,1,150.85,3,150.83,1,150.81,3,150.78,1,150.77,4,150.71,7,150.7,5,150.69,3,151.2,1,151.5,2,151.56,4,,,,,,,,,,,,,,
2025-04-10 09:30:59,151.06,151.01,1,150.92,4,151.2,1,151.2,150.92,150.92,4,150.9,1,150.85,3,150.83,1,150.81,3,150.78,1,150.77,4,150.71,7,150.7,5,150.69,3,151.2,1,151.5,2,151.56,4,,,,,,,,,,,,,,
2025-04-10 09:31:00,151.06,151.01,1,150.92,4,151.2,1,151.2,150.92,150.92,4,150.9,1,150.85,3,150.83,1,150.81,3,150.78,1,150.77,4,150.71,7,150.7,5,150.69,3,151.2,1,151.5,2,151.56,4,,,,,,,,,,,,,,
2025-04-10 09:31:01,151.06,151.01,1,150.92,4,151.2,1,151.2,150.92,150.92,4,150.9,1,150.85,3,150.83,1,150.81,3,150.78,1,150.77,4,150.71,7,150.7,5,150.69,3,151.2,1,151.5,2,151.56,4,,,,,,,,,,,,,,
2025-04-10 09:31:02,151.06,151.01,1,150.92,4,151.2,1,151.2,150.92,150.92,4,150.9,1,150.85,3,150.83,1,150.81,3,150.78,1,150.77,4,150.71,7,150.7,5,150.69,3,151.2,1,151.5,2,151.56,4,,,,,,,,,,,,,,
2025-04-10 09:31:03,151.06,151.06,1,150.92,6,151.2,1,151.2,150.92,150.92,6,150.9,1,150.85,3,150.83,1,150.81,3,150.78,1,150.77,4,150.71,7,150.7,5,150.69,3,151.2,1,151.5,2,151.56,4,,,,,,,,,,,,,,
2025-04-10 09:31:04,151.1,151.0,1,151.0,5,151.2,1,151.2,151.0,151.0,5,150.92,6,150.9,1,150.85,3,150.83,1,150.81,3,150.78,1,150.77,4,150.71,7,150.7,5,151.2,1,151.5,2,151.56,4,,,,,,,,,,,,,,
2025-04-10 09:31:05,151.1,151.0,1,151.0,5,151.2,1,151.2,151.0,151.0,5,150.92,6,150.9,1,150.85,3,150.83,1,150.81,3,150.78,1,150.77,4,150.71,7,150.7,5,151.2,1,151.5,2,151.56,4,,,,,,,,,,,,,,
2025-04-10 09:31:06,151.1,151.0,1,151.0,5,151.2,1,151.2,151.0,151.0,5,150.92,6,150.9,1,150.85,3,150.83,1,150.81,3,150.78,1,150.77,4,150.71,7,150.7,5,151.2,1,151.5,2,151.56,4,,,,,,,,,,,,,,
2025-04-10 09:31:07,151.1,151.0,1,151.0,5,151.2,1,151.2,151.0,151.0,5,150.92,6,150.9,1,150.85,3,150.83,1,150.81,3,150.78,1,150.77,4,150.71,7,150.7,5,151.2,1,151.5,2,151.56,4,,,,,,,,,,,,,,
2025-04-10 09:31:08,151.1,151.2,4,151.0,5,151.2,4,151.2,151.0,151.0,5,150.92,6,150.9,1,150.85,3,150.83,1,150.81,3,150.78,1,150.77,4,150.71,7,150.7,5,151.2,4,151.5,2,151.56,4,,,,,,,,,,,,,,
2025-04-10 09:31:09,151.1,151.2,4,151.0,5,151.2,4,151.2,151.0,151.0,5,150.92,6,150.9,1,150.85,3,150.83,1,150.81,3,150.78,1,150.77,4,150.71,7,150.7,5,151.2,4,151.5,2,151.56,4,,,,,,,,,,,,,,
2025-04-10 09:31:10,151.1,151.2,4,151.0,5,151.2,4,151.2,151.0,151.0,5,150.92,6,150.9,1,150.85,3,150.83,1,150.81,3,150.78,1,150.77,4,150.71,7,150.7,5,151.2,4,151.5,2,151.56,4,,,,,,,,,,,,,,
2025-04-10 09:31:11,151.02,151.0,4,150.95,1,151.09,3,151.09,150.95,150.95,1,150.92,6,150.9,1,150.85,3,150.83,1,150.81,3,150.78,1,150.77,4,150.71,7,150.7,5,151.09,3,151.1,1,151.2,4,151.5,2,151.56,4,,,,,,,,,,
2025-04-10 09:31:12,151.045,151.0,4,150.95,1,151.14,1,151.14,150.95,150.95,1,150.92,6,150.9,1,150.85,3,150.83,1,150.81,3,150.78,1,150.77,4,150.71,7,150.7,5,151.14,1,151.2,4,151.5,2,151.56,4,,,,,,,,,,,,
2025-04-10 09:31:13,151.045,150.95,1,150.95,1,151.14,1,151.14,150.95,150.95,1,150.92,6,150.9,1,150.85,3,150.83,1,150.81,3,150.78,1,150.77,4,150.71,7,150.7,5,151.14,1,151.2,4,151.5,2,151.56,4,,,,,,,,,,,,
2025-04-10 09:31:14,150.805,150.81,1,150.72,5,150.89,1,150.89,150.72,150.72,5,150.71,7,150.7,5,150.69,3,150.66,7,150.65,6,150.64,1,150.6,5,150.59,5,150.58,1,150.89,1,151.05,1,151.06,1,151.08,1,151.14,1,151.2,4,151.5,2,151.56,4,,,,
2025-04-10 09:31:15,150.805,150.81,1,150.72,5,150.89,2,150.89,150.72,150.72,5,150.71,7,150.7,5,150.69,3,150.66,7,150.65,6,150.64,1,150.6,5,150.59,5,150.58,1,150.89,2,151.05,1,151.06,1,151.08,1,151.14,1,151.2,4,151.5,2,151.56,4,,,,
2025-04-10 09:31:16,150.805,150.81,1,150.72,5,150.89,2,150.89,150.72,150.72,5,150.71,7,150.7,5,150.69,3,150.66,7,150.65,6,150.64,1,150.6,5,150.59,5,150.58,1,150.89,2,151.05,1,151.06,1,151.08,1,151.14,1,151.2,4,151.5,2,151.56,4,,,,
2025-04-10 09:31:17,150.805,150.81,1,150.72,5,150.89,2,150.89,150.72,150.72,5,150.71,7,150.7,5,150.69,3,150.66,7,150.65,6,150.64,1,150.6,5,150.59,5,150.58,1,150.89,2,151.05,1,151.06,1,151.08,1,151.14,1,151.2,4,151.5,2,151.56,4,,,,
2025-04-10 09:31:18,150.805,150.81,1,150.72,5,150.89,2,150.89,150.72,150.72,5,150.71,7,150.7,5,150.69,3,150.66,7,150.65,6,150.64,1,150.6,5,150.59,5,150.58,1,150.89,2,151.05,1,151.06,1,151.08,1,151.14,1,151.2,4,151.5,2,151.56,4,,,,
2025-04-10 09:31:19,150.85,150.88,1,150.76,4,150.94,1,150.94,150.76,150.76,4,150.72,5,150.71,7,150.7,5,150.69,3,150.66,7,150.65,6,150.64,1,150.6,5,150.59,5,150.94,1,151.05,1,151.06,1,151.08,1,151.14,1,151.2,4,151.5,2,151.56,4,,,,
2025-04-10 09:31:20,150.85,150.85,1,150.76,3,150.94,2,150.94,150.76,150.76,3,150.72,5,150.71,7,150.7,5,150.69,3,150.66,7,150.65,6,150.64,1,150.6,5,150.59,5,150.94,2,151.05,1,151.06,1,151.08,1,151.14,1,151.2,4,151.5,2,151.56,4,,,,
2025-04-10 09:31:21,150.95,150.94,1,150.84,1,151.06,2,151.06,150.84,150.84,1,150.83,1,150.8,1,150.76,3,150.72,5,150.71,7,150.7,5,150.69,3,150.66,7,150.65,6,151.06,2,151.08,1,151.14,1,151.2,4,151.5,2,151.56,4,,,,,,,,
2025-04-10 09:31:22,150.94,150.94,1,150.83,5,151.05,4,151.05,150.83,150.83,5,150.8,1,150.76,3,150.72,5,150.71,7,150.7,5,150.69,3,150.66,7,150.65,6,150.64,1,151.05,4,151.06,2,151.08,1,151.14,1,151.2,4,151.5,2,151.56,4,,,,,,
2025-04-10 09:31:23,150.94,150.94,1,150.83,5,151.05,3,151.05,150.83,150.83,5,150.8,1,150.76,3,150.72,5,150.71,7,150.7,5,150.69,3,150.66,7,150.65,6,150.64,1,151.05,3,151.06,2,151.08,1,151.14,1,151.2,4,151.5,2,151.56,4,,,,,,
2025-04-10 09:31:24,150.94,150.94,1,150.83,5,151.05,4,151.05,150.83,150.83,5,150.8,1,150.76,3,150.72,5,150.71,7,150.7,5,150.69,3,150.66,7,150.65,6,150.64,1,151.05,4,151.06,2,151.08,1,151.14,1,151.2,4,151.5,2,151.56,4,,,,,,
2025-04-10 09:31:25,150.94,150.94,1,150.83,4,151.05,4,151.05,150.83,150.83,4,150.8,1,150.76,3,150.72,5,150.71,7,150.7,5,150.69,3,150.66,7,150.65,6,150.64,1,151.05,4,151.06,2,151.08,1,151.14,1,151.2,4,151.5,2,151.56,4,,,,,,
2025-04-10 09:31:26,150.91,150.91,1,150.78,1,151.04,3,151.04,150.78,150.78,1,150.77,2,150.76,3,150.72,5,150.71,7,150.7,5,150.69,3,150.66,7,150.65,6,150.64,1,151.04,3,151.05,4,151.06,2,151.08,1,151.14,1,151.2,4,151.5,2,151.56,4,,,,
2025-04-10 09:31:27,150.91,150.91,1,150.78,1,151.04,3,151.04,150.78,150.78,1,150.77,2,150.76,3,150.72,5,150.71,7,150.7,5,150.69,3,150.66,7,150.65,6,150.64,1,151.04,3,151.05,4,151.06,2,151.08,1,151.14,1,151.2,4,151.5,2,151.56,4,,,,
2025-04-10 09:31:28,150.91,150.87,1,150.78,1,151.04,3,151.04,150.78,150.78,1,150.77,2,150.76,3,150.72,5,150.71,7,150.7,5,150.69,3,150.66,7,150.65,6,150.64,1,151.04,3,151.05,4,151.06,2,151.08,1,151.14,1,151.2,4,151.5,2,151.56,4,,,,
2025-04-10 09:31:29,150.885,150.81,1,150.77,4,151.0,1,151.0,150.77,150.77,4,150.76,3,150.72,5,150.71,7,150.7,5,150.69,3,150.66,7,150.65,6,150.64,1,150.6,5,151.0,1,151.03,2,151.04,6,151.05,4,151.06,2,151.08,1,151.14,1,151.2,4,151.5,2,151.56,4
2025-04-10 09:31:30,150.885,150.81,1,150.77,4,151.0,1,151.0,150.77,150.77,4,150.76,3,150.72,5,150.71,7,150.7,5,150.69,3,150.66,7,150.65,6,150.64,1,150.6,5,151.0,1,151.03,2,151.04,6,151.05,4,151.06,2,151.08,1,151.14,1,151.2,4,151.5,2,151.56,4
2025-04-10 09:31:31,150.81,150.77,2,150.71,3,150.91,2,150.91,150.71,150.71,3,150.7,5,150.69,3,150.66,7,150.65,6,150.64,1,150.6,5,150.59,5,150.58,1,150.5,4,150.91,2,151.0,1,151.03,2,151.04,6,151.05,4,151.06,2,151.08,1,151.14,1,151.2,4,151.5,2
2025-04-10 09:31:32,150.8,150.77,2,150.71,3,150.89,3,150.89,150.71,150.71,3,150.7,5,150.69,3,150.66,7,150.65,6,150.64,1,150.6,5,150.59,5,150.58,1,150.5,4,150.89,3,150.91,2,151.0,1,151.03,2,151.04,6,151.05,4,151.06,2,151.08,1,151.14,1,151.2,4
2025-04-10 09:31:33,150.8,150.8,1,150.71,3,150.89,5,150.89,150.71,150.71,3,150.7,5,150.69,3,150.66,7,150.65,6,150.64,1,150.6,5,150.59,5,150.58,1,150.5,4,150.89,5,150.91,2,151.0,1,151.03,2,151.04,6,151.05,4,151.06,2,151.08,1,151.14,1,151.2,4
2025-04-10 09:31:34,150.795,150.8,1,150.71,3,150.88,1,150.88,150.71,150.71,3,150.7,5,150.69,3,150.66,7,150.65,6,150.64,1,150.6,5,150.59,5,150.58,1,150.5,4,150.88,1,150.89,5,150.91,2,151.0,1,151.03,2,151.04,6,151.05,4,151.06,2,151.08,1,151.14,1
2025-04-10 09:31:35,150.795,150.8,1,150.71,3,150.88,1,150.88,150.71,150.71,3,150.7,5,150.69,3,150.66,7,150.65,6,150.64,1,150.6,5,150.59,5,150.58,1,150.5,4,150.88,1,150.89,5,150.91,2,151.0,1,151.03,2,151.04,6,151.05,4,151.06,2,151.08,1,151.14,1
2025-04-10 09:31:36,150.795,150.8,1,150.71,3,150.88,1,150.88,150.71,150.71,3,150.7,5,150.69,3,150.66,7,150.65,6,150.64,1,150.6,5,150.59,5,150.58,1,150.5,4,150.88,1,150.89,5,150.91,2,151.0,1,151.03,2,151.04,6,151.05,4,151.06,2,151.08,1,151.14,1
2025-04-10 09:31:37,150.795,150.8,1,150.71,3,150.88,1,150.88,150.71,150.71,3,150.7,5,150.69,3,150.66,7,150.65,6,150.64,1,150.6,5,150.59,5,150.58,1,150.5,4,150.88,1,150.89,5,150.91,2,151.0,1,151.03,2,151.04,6,151.05,4,151.06,2,151.08,1,151.14,1
2025-04-10 09:31:38,150.795,150.8,1,150.71,3,150.88,1,150.88,150.71,150.71,3,150.7,5,150.69,3,150.66,7,150.65,6,150.64,1,150.6,5,150.59,5,150.58,1,150.5,4,150.88,1,150.89,5,150.91,2,151.0,1,151.03,2,151.04,6,151.05,4,151.06,2,151.08,1,151.14,1
2025-04-10 09:31:39,150.645,150.54,1,150.52,1,150.77,1,150.77,150.52,150.52,1,150.5,4,150.49,2,150.43,5,150.42,3,150.4,2,150.39,3,150.3,7,150.13,6,150.08,7,150.77,1,150.78,5,150.82,1,150.87,1,150.88,4,150.89,5,150.91,2,151.0,1,151.03,2,151.04,6
2025-04-10 09:31:40,150.64,150.51,2,150.51,4,150.77,6,150.77,150.51,150.51,4,150.5,3,150.49,2,150.43,5,150.42,3,150.4,2,150.39,3,150.3,7,150.13,6,150.08,7,150.77,6,150.78,5,150.82,1,150.87,1,150.88,4,150.89,5,150.91,2,151.0,1,151.03,2,151.04,6
2025-04-10 09:31:41,150.64,150.63,1,150.51,5,150.77,5,150.77,150.51,150.51,5,150.5,3,150.49,2,150.43,5,150.42,3,150.4,2,150.39,3,150.3,7,150.13,6,150.08,7,150.77,5,150.78,5,150.82,1,150.87,1,150.88,4,150.89,5,150.91,2,151.0,1,151.03,2,151.04,6
2025-04-10 09:31:42,150.565,150.56,1,150.46,1,150.67,4,150.67,150.46,150.46,1,150.43,5,150.42,3,150.4,2,150.39,3,150.3,7,150.13,6,150.08,7,150.0,37,,,150.67,4,150.7,1,150.77,6,150.78,5,150.82,1,150.87,1,150.88,4,150.89,5,150.91,2,151.0,1
2025-04-10 09:31:43,150.57,150.56,1,150.47,1,150.67,4,150.67,150.47,150.47,1,150.46,1,150.43,5,150.42,3,150.4,2,150.39,3,150.3,7,150.13,6,150.08,7,150.0,37,150.67,4,150.7,1,150.77,6,150.78,5,150.82,1,150.87,1,150.88,4,150.89,5,150.91,2,151.0,1
2025-04-10 09:31:44,150.57,150.56,1,150.47,1,150.67,4,150.67,150.47,150.47,1,150.46,1,150.43,5,150.42,3,150.4,2,150.39,3,150.3,7,150.13,6,150.08,7,150.0,37,150.67,4,150.7,1,150.77,6,150.78,5,150.82,1,150.87,1,150.88,4,150.89,5,150.91,2,151.0,1
2025-04-10 09:31:45,150.57,150.57,1,150.47,2,150.67,4,150.67,150.47,150.47,2,150.46,1,150.43,5,150.42,3,150.4,2,150.39,3,150.3,7,150.13,6,150.08,7,150.0,37,150.67,4,150.7,1,150.77,6,150.78,5,150.82,1,150.87,1,150.88,4,150.89,5,150.91,2,151.0,1
2025-04-10 09:31:46,150.57,150.57,1,150.47,2,150.67,3,150.67,150.47,150.47,2,150.46,1,150.43,5,150.42,3,150.4,2,150.39,3,150.3,7,150.13,6,150.08,7,150.0,37,150.67,3,150.7,1,150.77,6,150.78,5,150.82,1,150.87,1,150.88,4,150.89,5,150.91,2,151.0,1
2025-04-10 09:31:47,150.57,150.57,1,150.47,2,150.67,3,150.67,150.47,150.47,2,150.46,1,150.43,5,150.42,3,150.4,2,150.39,3,150.3,7,150.13,6,150.08,7,150.0,37,150.67,3,150.7,1,150.77,6,150.78,5,150.82,1,150.87,1,150.88,4,150.89,5,150.91,2,151.0,1
2025-04-10 09:31:48,150.57,150.57,1,150.47,2,150.67,3,150.67,150.47,150.47,2,150.46,1,150.43,5,150.42,3,150.4,2,150.39,3,150.3,7,150.13,6,150.08,7,150.0,37,150.67,3,150.7,1,150.77,6,150.78,5,150.82,1,150.87,1,150.88,4,150.89,5,150.91,2,151.0,1
2025-04-10 09:31:49,150.57,150.57,1,150.47,2,150.67,6,150.67,150.47,150.47,2,150.46,1,150.43,5,150.42,3,150.4,2,150.39,3,150.3,7,150.13,6,150.08,7,150.0,37,150.67,6,150.7,1,150.77,6,150.78,5,150.82,1,150.87,1,150.88,4,150.89,5,150.91,2,151.0,1
2025-04-10 09:31:50,150.57,150.57,1,150.47,2,150.67,6,150.67,150.47,150.47,2,150.46,1,150.43,5,150.42,3,150.4,2,150.39,3,150.3,7,150.13,6,150.08,7,150.0,37,150.67,6,150.7,1,150.77,6,150.78,5,150.82,1,150.87,1,150.88,4,150.89,5,150.91,2,151.0,1
2025-04-10 09:31:51,150.57,150.57,1,150.47,2,150.67,6,150.67,150.47,150.47,2,150.46,1,150.43,5,150.42,3,150.4,2,150.39,3,150.3,7,150.13,6,150.08,7,150.0,37,150.67,6,150.7,1,150.77,6,150.78,5,150.82,1,150.87,1,150.88,4,150.89,5,150.91,2,151.0,1
2025-04-10 09:31:52,150.57,150.57,1,150.47,2,150.67,6,150.67,150.47,150.47,2,150.46,1,150.43,5,150.42,3,150.4,2,150.39,3,150.3,7,150.13,6,150.08,7,150.0,37,150.67,6,150.7,1,150.77,6,150.78,5,150.82,1,150.87,1,150.88,4,150.89,5,150.91,2,151.0,1
2025-04-10 09:31:53,150.57,150.57,1,150.47,2,150.67,6,150.67,150.47,150.47,2,150.46,1,150.43,5,150.42,3,150.4,2,150.39,3,150.3,7,150.13,6,150.08,7,150.0,37,150.67,6,150.7,1,150.77,6,150.78,5,150.82,1,150.87,1,150.88,4,150.89,5,150.91,2,151.0,1
2025-04-10 09:31:54,150.57,150.57,1,150.47,2,150.67,6,150.67,150.47,150.47,2,150.46,1,150.43,5,150.42,3,150.4,2,150.39,3,150.3,7,150.13,6,150.08,7,150.0,37,150.67,6,150.7,1,150.77,6,150.78,5,150.82,1,150.87,1,150.88,4,150.89,5,150.91,2,151.0,1
2025-04-10 09:31:55,150.57,150.57,1,150.47,2,150.67,5,150.67,150.47,150.47,2,150.46,1,150.43,5,150.42,3,150.4,2,150.39,3,150.3,7,150.13,6,150.08,7,150.0,37,150.67,5,150.7,1,150.77,6,150.78,5,150.82,1,150.87,1,150.88,4,150.89,5,150.91,2,151.0,1
2025-04-10 09:31:56,150.55,150.47,1,150.43,6,150.67,7,150.67,150.43,150.43,6,150.42,3,150.4,2,150.39,3,150.3,7,150.13,6,150.08,7,150.0,37,,,,,150.67,7,150.7,1,150.77,6,150.78,5,150.82,1,150.87,1,150.88,4,150.89,5,150.91,2,151.0,1
2025-04-10 09:31:57,150.555,150.45,4,150.44,1,150.67,7,150.67,150.44,150.44,1,150.43,6,150.42,3,150.4,2,150.39,3,150.3,7,150.13,6,150.08,7,150.0,37,,,150.67,7,150.7,1,150.77,6,150.78,5,150.82,1,150.87,1,150.88,4,150.89,5,150.91,2,151.0,1
2025-04-10 09:31:58,150.555,150.45,4,150.44,1,150.67,7,150.67,150.44,150.44,1,150.43,6,150.42,3,150.4,2,150.39,3,150.3,7,150.13,6,150.08,7,150.0,37,,,150.67,7,150.7,1,150.77,6,150.78,5,150.82,1,150.87,1,150.88,4,150.89,5,150.91,2,151.0,1
2025-04-10 09:31:59,150.55,150.55,1,150.45,2,150.65,5,150.65,150.45,150.45,2,150.44,2,150.43,6,150.42,3,150.4,2,150.39,3,150.3,7,150.13,6,150.08,7,150.0,37,150.65,5,150.67,6,150.7,1,150.77,6,150.78,5,150.82,1,150.87,1,150.88,4,150.89,5,150.91,2
2025-04-10 09:32:00,150.55,150.55,1,150.45,2,150.65,6,150.65,150.45,150.45,2,150.44,2,150.43,6,150.42,3,150.4,2,150.39,3,150.3,7,150.13,6,150.08,7,150.0,37,150.65,6,150.67,6,150.7,1,150.77,6,150.78,5,150.82,1,150.87,1,150.88,4,150.89,5,150.91,2
2025-04-10 09:32:01,150.55,150.55,1,150.45,2,150.65,6,150.65,150.45,150.45,2,150.44,2,150.43,6,150.42,3,150.4,2,150.39,3,150.3,7,150.13,6,150.08,7,150.0,37,150.65,6,150.67,6,150.7,1,150.77,6,150.78,5,150.82,1,150.87,1,150.88,4,150.89,5,150.91,2
2025-04-10 09:32:02,150.55,150.55,1,150.45,2,150.65,6,150.65,150.45,150.45,2,150.44,2,150.43,6,150.42,3,150.4,2,150.39,3,150.3,7,150.13,6,150.08,7,150.0,37,150.65,6,150.67,6,150.7,1,150.77,6,150.78,5,150.82,1,150.87,1,150.88,4,150.89,5,150.91,2
2025-04-10 09:32:03,150.55,150.55,1,150.45,2,150.65,6,150.65,150.45,150.45,2,150.44,2,150.43,6,150.42,3,150.4,2,150.39,3,150.3,7,150.13,6,150.08,7,150.0,37,150.65,6,150.67,6,150.7,1,150.77,6,150.78,5,150.82,1,150.87,1,150.88,4,150.89,5,150.91,2
2025-04-10 09:32:04,150.555,150.55,1,150.46,2,150.65,6,150.65,150.46,150.46,2,150.45,2,150.44,2,150.43,6,150.42,3,150.4,2,150.39,3,150.3,7,150.13,6,150.08,7,150.65,6,150.67,6,150.7,1,150.77,6,150.78,5,150.82,1,150.87,1,150.88,4,150.89,5,150.91,2
2025-04-10 09:32:05,150.54,150.46,1,150.46,2,150.62,1,150.62,150.46,150.46,2,150.45,2,150.44,2,150.43,6,150.42,3,150.4,2,150.39,3,150.3,7,150.13,6,150.08,7,150.62,1,150.63,3,150.64,4,150.65,6,150.67,6,150.7,1,150.77,6,150.78,5,150.82,1,150.87,1
2025-04-10 09:32:06,150.53,150.46,1,150.44,3,150.62,5,150.62,150.44,150.44,3,150.43,6,150.42,3,150.4,2,150.39,3,150.3,7,150.13,6,150.08,7,150.0,37,,,150.62,5,150.63,3,150.64,4,150.65,6,150.67,6,150.7,1,150.77,6,150.78,5,150.82,1,150.87,1
2025-04-10 09:32:07,150.535,150.46,1,150.45,1,150.62,8,150.62,150.45,150.45,1,150.44,3,150.43,6,150.42,3,150.4,2,150.39,3,150.3,7,150.13,6,150.08,7,150.0,37,150.62,8,150.63,3,150.64,4,150.65,6,150.67,6,150.7,1,150.77,6,150.78,5,150.82,1,150.87,1
2025-04-10 09:32:08,150.465,150.42,1,150.38,1,150.55,1,150.55,150.38,150.38,1,150.3,7,150.13,6,150.08,7,150.0,37,,,,,,,,,,,150.55,1,150.6,1,150.61,2,150.62,8,150.63,3,150.64,4,150.65,6,150.67,6,150.7,1,150.77,6
2025-04-10 09:32:09,150.46,150.46,1,150.39,1,150.53,1,150.53,150.39,150.39,1,150.38,1,150.3,7,150.13,6,150.08,7,150.0,37,,,,,,,,,150.53,1,150.55,2,150.6,1,150.61,2,150.62,8,150.63,3,150.64,4,150.65,6,150.67,6,150.7,1
2025-04-10 09:32:10,150.49,150.39,1,150.4,1,150.58,3,150.58,150.4,150.4,1,150.39,1,150.38,1,150.3,7,150.13,6,150.08,7,150.0,37,,,,,,,150.58,3,150.6,1,150.61,2,150.62,8,150.63,3,150.64,4,150.65,6,150.67,6,150.7,1,150.77,6
2025-04-10 09:32:11,150.49,150.39,1,150.4,1,150.58,3,150.58,150.4,150.4,1,150.39,1,150.38,1,150.3,7,150.13,6,150.08,7,150.0,37,,,,,,,150.58,3,150.6,1,150.61,2,150.62,8,150.63,3,150.64,4,150.65,6,150.67,6,150.7,1,150.77,6
2025-04-10 09:32:12,150.49,150.39,1,150.4,1,150.58,3,150.58,150.4,150.4,1,150.39,1,150.38,1,150.3,7,150.13,6,150.08,7,150.0,37,,,,,,,150.58,3,150.6,1,150.61,2,150.62,8,150.63,3,150.64,4,150.65,6,150.67,6,150.7,1,150.77,6
2025-04-10 09:32:13,150.49,150.39,1,150.4,1,150.58,3,150.58,150.4,150.4,1,150.39,1,150.38,1,150.3,7,150.13,6,150.08,7,150.0,37,,,,,,,150.58,3,150.6,1,150.61,2,150.62,8,150.63,3,150.64,4,150.65,6,150.67,6,150.7,1,150.77,6
2025-04-10 09:32:14,150.49,150.39,1,150.4,1,150.58,3,150.58,150.4,150.4,1,150.39,1,150.38,1,150.3,7,150.13,6,150.08,7,150.0,37,,,,,,,150.58,3,150.6,1,150.61,2,150.62,8,150.63,3,150.64,4,150.65,6,150.67,6,150.7,1,150.77,6
2025-04-10 09:32:15,150.49,150.39,1,150.4,1,150.58,6,150.58,150.4,150.4,1,150.39,1,150.38,1,150.3,7,150.13,6,150.08,7,150.0,37,,,,,,,150.58,6,150.6,1,150.61,2,150.62,8,150.63,3,150.64,4,150.65,6,150.67,6,150.7,1,150.77,6
2025-04-10 09:32:16,150.485,150.41,1,150.39,1,150.58,6,150.58,150.39,150.39,1,150.38,1,150.3,7,150.13,6,150.08,7,150.0,37,,,,,,,,,150.58,6,150.6,1,150.61,2,150.62,8,150.63,3,150.64,4,150.65,6,150.67,6,150.7,1,150.77,6
2025-04-10 09:32:17,150.485,150.46,2,150.39,1,150.58,8,150.58,150.39,150.39,1,150.38,1,150.3,7,150.13,6,150.08,7,150.0,37,,,,,,,,,150.58,8,150.6,1,150.61,2,150.62,8,150.63,3,150.64,4,150.65,6,150.67,6,150.7,1,150.77,6
2025-04-10 09:32:18,150.485,150.46,2,150.39,1,150.58,7,150.58,150.39,150.39,1,150.38,1,150.3,7,150.13,6,150.08,7,150.0,37,,,,,,,,,150.58,7,150.6,1,150.61,2,150.62,8,150.63,3,150.64,4,150.65,6,150.67,6,150.7,1,150.77,6
2025-04-10 09:32:19,150.485,150.46,2,150.39,1,150.58,7,150.58,150.39,150.39,1,150.38,1,150.3,7,150.13,6,150.08,7,150.0,37,,,,,,,,,150.58,7,150.6,1,150.61,2,150.62,8,150.63,3,150.64,4,150.65,6,150.67,6,150.7,1,150.77,6
2025-04-10 09:32:20,150.485,150.43,1,150.39,1,150.58,7,150.58,150.39,150.39,1,150.38,1,150.3,7,150.13,6,150.08,7,150.0,37,,,,,,,,,150.58,7,150.6,1,150.61,2,150.62,8,150.63,3,150.64,4,150.65,6,150.67,6,150.7,1,150.77,6
2025-04-10 09:32:21,150.49,150.43,1,150.4,1,150.58,8,150.58,150.4,150.4,1,150.39,1,150.38,1,150.3,7,150.13,6,150.08,7,150.0,37,,,,,,,150.58,8,150.6,1,150.61,2,150.62,8,150.63,3,150.64,4,150.65,6,150.67,6,150.7,1,150.77,6
2025-04-10 09:32:22,150.46,150.41,1,150.39,1,150.53,4,150.53,150.39,150.39,1,150.38,1,150.3,7,150.13,6,150.08,7,150.0,37,,,,,,,,,150.53,4,150.58,8,150.6,1,150.61,2,150.62,8,150.63,3,150.64,4,150.65,6,150.67,6,150.7,1
2025-04-10 09:32:23,150.46,150.4,1,150.39,1,150.53,7,150.53,150.39,150.39,1,150.38,1,150.3,7,150.13,6,150.08,7,150.0,37,,,,,,,,,150.53,7,150.58,8,150.6,1,150.61,2,150.62,8,150.63,3,150.64,4,150.65,6,150.67,6,150.7,1
2025-04-10 09:32:24,150.435,150.4,1,150.34,1,150.53,8,150.53,150.34,150.34,1,150.33,1,150.3,7,150.13,6,150.08,7,150.0,37,,,,,,,,,150.53,8,150.58,8,150.6,1,150.61,2,150.62,8,150.63,3,150.64,4,150.65,6,150.67,6,150.7,1
2025-04-10 09:32:25,150.44,150.4,1,150.35,2,150.53,7,150.53,150.35,150.35,2,150.34,1,150.33,1,150.3,7,150.13,6,150.08,7,150.0,37,,,,,,,150.53,7,150.58,8,150.6,1,150.61,2,150.62,8,150.63,3,150.64,4,150.65,6,150.67,6,150.7,1
2025-04-10 09:32:26,150.44,150.4,1,150.35,2,150.53,6,150.53,150.35,150.35,2,150.34,1,150.33,1,150.3,7,150.13,6,150.08,7,150.0,37,,,,,,,150.53,6,150.58,8,150.6,1,150.61,2,150.62,8,150.63,3,150.64,4,150.65,6,150.67,6,150.7,1
2025-04-10 09:32:27,150.41,150.4,1,150.34,1,150.48,4,150.48,150.34,150.34,1,150.33,1,150.3,7,150.13,6,150.08,7,150.0,37,,,,,,,,,150.48,4,150.49,1,150.5,1,150.53,6,150.58,8,150.6,1,150.61,2,150.62,8,150.63,3,150.64,4
2025-04-10 09:32:28,150.41,150.4,1,150.34,1,150.48,4,150.48,150.34,150.34,1,150.33,1,150.3,7,150.13,6,150.08,7,150.0,37,,,,,,,,,150.48,4,150.49,1,150.5,1,150.53,6,150.58,8,150.6,1,150.61,2,150.62,8,150.63,3,150.64,4
2025-04-10 09:32:29,150.41,150.4,1,150.34,1,150.48,5,150.48,150.34,150.34,1,150.33,1,150.3,7,150.13,6,150.08,7,150.0,37,,,,,,,,,150.48,5,150.49,1,150.5,1,150.53,6,150.58,8,150.6,1,150.61,2,150.62,8,150.63,3,150.64,4
2025-04-10 09:32:30,150.41,150.39,1,150.34,2,150.48,7,150.48,150.34,150.34,2,150.33,1,150.3,7,150.13,6,150.08,7,150.0,37,,,,,,,,,150.48,7,150.49,1,150.5,1,150.53,6,150.58,8,150.6,1,150.61,2,150.62,8,150.63,3,150.64,4
2025-04-10 09:32:31,150.41,150.39,1,150.35,2,150.47,2,150.47,150.35,150.35,2,150.34,2,150.33,1,150.3,7,150.13,6,150.08,7,150.0,37,,,,,,,150.47,2,150.48,7,150.49,1,150.5,1,150.53,6,150.58,8,150.6,1,150.61,2,150.62,8,150.63,3
2025-04-10 09:32:32,150.41,150.37,1,150.35,2,150.47,1,150.47,150.35,150.35,2,150.34,2,150.33,1,150.3,7,150.13,6,150.08,7,150.0,37,,,,,,,150.47,1,150.48,7,150.49,1,150.5,1,150.53,6,150.58,8,150.6,1,150.61,2,150.62,8,150.63,3
2025-04-10 09:32:33,150.39,150.35,1,150.31,1,150.47,5,150.47,150.31,150.31,1,150.3,7,150.13,6,150.08,7,150.0,37,,,,,,,,,,,150.47,5,150.48,7,150.49,1,150.5,1,150.53,6,150.58,8,150.6,1,150.61,2,150.62,8,150.63,3
2025-04-10 09:32:34,150.39,150.34,1,150.31,2,150.47,5,150.47,150.31,150.31,2,150.27,1,150.13,6,150.08,7,150.0,37,,,,,,,,,,,150.47,5,150.48,7,150.49,1,150.5,1,150.53,6,150.58,8,150.6,1,150.61,2,150.62,8,150.63,3
2025-04-10 09:32:35,150.335,150.34,1,150.27,2,150.4,5,150.4,150.27,150.27,2,150.24,2,150.13,6,150.08,7,150.0,37,,,,,,,,,,,150.4,5,150.42,1,150.47,5,150.48,7,150.49,1,150.5,1,150.53,6,150.58,8,150.6,1,150.61,2
2025-04-10 09:32:36,150.34,150.34,1,150.28,8,150.4,5,150.4,150.28,150.28,8,150.27,2,150.24,2,150.13,6,150.08,7,150.0,37,,,,,,,,,150.4,5,150.42,1,150.47,5,150.48,7,150.49,1,150.5,1,150.53,6,150.58,8,150.6,1,150.61,2
2025-04-10 09:32:37,150.34,150.34,2,150.28,8,150.4,5,150.4,150.28,150.28,8,150.27,2,150.24,2,150.13,6,150.08,7,150.0,37,,,,,,,,,150.4,5,150.42,1,150.47,5,150.48,7,150.49,1,150.5,1,150.53,6,150.58,8,150.6,1,150.61,2
2025-04-10 09:32:38,150.34,150.3,1,150.28,8,150.4,5,150.4,150.28,150.28,8,150.27,2,150.24,2,150.13,6,150.08,7,150.0,37,,,,,,,,,150.4,5,150.42,1,150.47,5,150.48,7,150.49,1,150.5,1,150.53,6,150.58,8,150.6,1,150.61,2
2025-04-10 09:32:39,150.22,150.18,1,150.1,5,150.34,6,150.34,150.1,150.1,5,150.09,1,150.08,5,150.0,37,,,,,,,,,,,,,150.34,6,150.4,8,150.42,1,150.47,5,150.48,7,150.49,1,150.5,1,150.53,6,150.58,8,150.6,1
2025-04-10 09:32:40,150.03,150.03,1,149.93,2,150.13,4,150.13,149.93,149.93,2,,,,,,,,,,,,,,,,,,,150.13,4,150.19,1,150.26,1,150.27,1,150.34,9,150.4,8,150.42,1,150.47,5,150.48,7,150.49,1
2025-04-10 09:32:41,150.03,150.02,1,149.94,1,150.12,2,150.12,149.94,149.94,1,149.93,3,,,,,,,,,,,,,,,,,150.12,2,150.13,4,150.19,1,150.26,1,150.27,1,150.34,9,150.4,8,150.42,1,150.47,5,150.48,7
2025-04-10 09:32:42,150.03,150.02,1,149.94,2,150.12,2,150.12,149.94,149.94,2,149.93,3,,,,,,,,,,,,,,,,,150.12,2,150.13,4,150.19,1,150.26,1,150.27,1,150.34,9,150.4,8,150.42,1,150.47,5,150.48,7
2025-04-10 09:32:43,149.965,149.94,1,149.89,1,150.04,3,150.04,149.89,149.89,1,,,,,,,,,,,,,,,,,,,150.04,3,150.11,1,150.12,4,150.13,4,150.19,1,150.26,1,150.27,1,150.34,9,150.4,8,150.42,1
2025-04-10 09:32:44,149.965,149.94,1,149.89,1,150.04,5,150.04,149.89,149.89,1,,,,,,,,,,,,,,,,,,,150.04,5,150.11,1,150.12,4,150.13,4,150.19,1,150.26,1,150.27,1,150.34,9,150.4,8,150.42,1
2025-04-10 09:32:45,149.97,149.94,1,149.9,1,150.04,5,150.04,149.9,149.9,1,149.89,1,,,,,,,,,,,,,,,,,150.04,5,150.11,1,150.12,4,150.13,4,150.19,1,150.26,1,150.27,1,150.34,9,150.4,8,150.42,1
2025-04-10 09:32:46,149.97,149.94,1,149.9,1,150.04,5,150.04,149.9,149.9,1,149.89,1,,,,,,,,,,,,,,,,,150.04,5,150.11,1,150.12,4,150.13,4,150.19,1,150.26,1,150.27,1,150.34,9,150.4,8,150.42,1
2025-04-10 09:32:47,149.97,149.94,1,149.9,1,150.04,5,150.04,149.9,149.9,1,149.89,1,,,,,,,,,,,,,,,,,150.04,5,150.11,1,150.12,4,150.13,4,150.19,1,150.26,1,150.27,1,150.34,9,150.4,8,150.42,1
2025-04-10 09:32:48,149.97,149.94,1,149.9,1,150.04,5,150.04,149.9,149.9,1,149.89,1,,,,,,,,,,,,,,,,,150.04,5,150.11,1,150.12,4,150.13,4,150.19,1,150.26,1,150.27,1,150.34,9,150.4,8,150.42,1
2025-04-10 09:32:49,149.97,149.94,1,149.9,2,150.04,6,150.04,149.9,149.9,2,149.89,1,,,,,,,,,,,,,,,,,150.04,6,150.11,1,150.12,4,150.13,4,150.19,1,150.26,1,150.27,1,150.34,9,150.4,8,150.42,1
2025-04-10 09:32:50,149.97,149.91,1,149.9,2,150.04,6,150.04,149.9,149.9,2,149.89,1,,,,,,,,,,,,,,,,,150.04,6,150.11,1,150.12,4,150.13,4,150.19,1,150.26,1,150.27,1,150.34,9,150.4,8,150.42,1
2025-04-10 09:32:51,149.845,149.88,1,149.75,5,149.94,4,149.94,149.75,149.75,5,,,,,,,,,,,,,,,,,,,149.94,4,149.96,3,149.97,5,150.04,6,150.11,1,150.12,4,150.13,4,150.19,1,150.26,1,150.27,1
2025-04-10 09:32:52,149.75,149.74,1,149.66,1,149.84,3,149.84,149.66,149.66,1,,,,,,,,,,,,,,,,,,,149.84,3,149.89,1,149.92,1,149.93,4,149.94,4,149.96,3,149.97,5,150.04,6,150.11,1,150.12,4
2025-04-10 09:32:53,149.75,149.74,1,149.66,1,149.84,3,149.84,149.66,149.66,1,,,,,,,,,,,,,,,,,,,149.84,3,149.89,1,149.92,1,149.93,4,149.94,4,149.96,3,149.97,5,150.04,6,150.11,1,150.12,4
2025-04-10 09:32:54,149.755,149.74,1,149.67,1,149.84,4,149.84,149.67,149.67,1,149.66,1,,,,,,,,,,,,,,,,,149.84,4,149.89,1,149.92,1,149.93,4,149.94,4,149.96,3,149.97,5,150.04,6,150.11,1,150.12,4
2025-04-10 09:32:55,149.695,149.66,1,149.6,4,149.79,4,149.79,149.6,149.6,4,,,,,,,,,,,,,,,,,,,149.79,4,149.84,4,149.89,1,149.92,1,149.93,4,149.94,4,149.96,3,149.97,5,150.04,6,150.11,1
2025-04-10 09:32:56,149.7,149.66,1,149.61,1,149.79,6,149.79,149.61,149.61,1,149.6,4,,,,,,,,,,,,,,,,,149.79,6,149.84,4,149.89,1,149.92,1,149.93,4,149.94,4,149.96,3,149.97,5,150.04,6,150.11,1
2025-04-10 09:32:57,149.695,149.66,1,149.61,1,149.78,2,149.78,149.61,149.61,1,149.6,4,,,,,,,,,,,,,,,,,149.78,2,149.79,6,149.84,4,149.89,1,149.92,1,149.93,4,149.94,4,149.96,3,149.97,5,150.04,6
2025-04-10 09:32:58,149.695,149.66,1,149.61,1,149.78,2,149.78,149.61,149.61,1,149.6,4,,,,,,,,,,,,,,,,,149.78,2,149.79,6,149.84,4,149.89,1,149.92,1,149.93,4,149.94,4,149.96,3,149.97,5,150.04,6
2025-04-10 09:32:59,149.695,149.69,1,149.61,1,149.78,2,149.78,149.61,149.61,1,149.6,4,,,,,,,,,,,,,,,,,149.78,2,149.79,6,149.84,4,149.89,1,149.92,1,149.93,4,149.94,4,149.96,3,149.97,5,150.04,6
2025-04-10 09:33:00,149.63,149.56,1,149.56,4,149.7,2,149.7,149.56,149.56,4,,,,,,,,,,,,,,,,,,,149.7,2,149.78,2,149.79,6,149.84,4,149.89,1,149.92,1,149.93,4,149.94,4,149.96,3,149.97,5
2025-04-10 09:33:01,149.695,149.69,2,149.64,6,149.75,1,149.75,149.64,149.64,6,149.56,4,,,,,,,,,,,,,,,,,149.75,1,149.78,2,149.79,6,149.84,4,149.89,1,149.92,1,149.93,4,149.94,4,149.96,3,149.97,5
2025-04-10 09:33:02,149.79,149.83,1,149.65,3,149.93,6,149.93,149.65,149.65,3,149.64,6,149.56,4,,,,,,,,,,,,,,,149.93,6,149.94,4,149.96,3,149.97,5,150.04,6,150.11,1,150.12,4,150.13,4,150.19,1,150.26,1
2025-04-10 09:33:03,149.79,149.83,1,149.65,3,149.93,6,149.93,149.65,149.65,3,149.64,6,149.56,4,,,,,,,,,,,,,,,149.93,6,149.94,4,149.96,3,149.97,5,150.04,6,150.11,1,150.12,4,150.13,4,150.19,1,150.26,1
2025-04-10 09:33:04,149.79,149.83,1,149.65,3,149.93,6,149.93,149.65,149.65,3,149.64,6,149.56,4,,,,,,,,,,,,,,,149.93,6,149.94,4,149.96,3,149.97,5,150.04,6,150.11,1,150.12,4,150.13,4,150.19,1,150.26,1
2025-04-10 09:33:05,149.79,149.88,1,149.65,3,149.93,6,149.93,149.65,149.65,3,149.64,6,149.56,4,,,,,,,,,,,,,,,149.93,6,149.94,4,149.96,3,149.97,5,150.04,6,150.11,1,150.12,4,150.13,4,150.19,1,150.26,1
2025-04-10 09:33:06,149.79,149.88,1,149.65,3,149.93,6,149.93,149.65,149.65,3,149.64,6,149.56,4,,,,,,,,,,,,,,,149.93,6,149.94,4,149.96,3,149.97,5,150.04,6,150.11,1,150.12,4,150.13,4,150.19,1,150.26,1
2025-04-10 09:33:07,149.79,149.88,1,149.65,3,149.93,6,149.93,149.65,149.65,3,149.64,6,149.56,4,,,,,,,,,,,,,,,149.93,6,149.94,4,149.96,3,149.97,5,150.04,6,150.11,1,150.12,4,150.13,4,150.19,1,150.26,1
2025-04-10 09:33:08,149.79,149.88,1,149.65,3,149.93,6,149.93,149.65,149.65,3,149.64,6,149.56,4,,,,,,,,,,,,,,,149.93,6,149.94,4,149.96,3,149.97,5,150.04,6,150.11,1,150.12,4,150.13,4,150.19,1,150.26,1
2025-04-10 09:33:09,149.795,149.88,1,149.66,7,149.93,6,149.93,149.66,149.66,7,149.65,3,149.64,6,149.56,4,,,,,,,,,,,,,149.93,6,149.94,4,149.96,3,149.97,5,150.04,6,150.11,1,150.12,4,150.13,4,150.19,1,150.26,1
2025-04-10 09:33:10,149.795,149.88,1,149.66,7,149.93,6,149.93,149.66,149.66,7,149.65,3,149.64,6,149.56,4,,,,,,,,,,,,,149.93,6,149.94,4,149.96,3,149.97,5,150.04,6,150.11,1,150.12,4,150.13,4,150.19,1,150.26,1
2025-04-10 09:33:11,149.79,149.88,1,149.66,7,149.92,4,149.92,149.66,149.66,7,149.65,3,149.64,6,149.56,4,,,,,,,,,,,,,149.92,4,149.93,6,149.94,4,149.96,3,149.97,5,150.04,6,150.11,1,150.12,4,150.13,4,150.19,1
2025-04-10 09:33:12,149.79,149.79,1,149.66,7,149.92,6,149.92,149.66,149.66,7,149.65,3,149.64,6,149.56,4,,,,,,,,,,,,,149.92,6,149.93,6,149.94,4,149.96,3,149.97,5,150.04,6,150.11,1,150.12,4,150.13,4,150.19,1
2025-04-10 09:33:13,149.79,149.79,1,149.66,7,149.92,5,149.92,149.66,149.66,7,149.65,3,149.64,6,149.56,4,,,,,,,,,,,,,149.92,5,149.93,6,149.94,4,149.96,3,149.97,5,150.04,6,150.11,1,150.12,4,150.13,4,150.19,1
2025-04-10 09:33:14,149.79,149.79,1,149.66,7,149.92,5,149.92,149.66,149.66,7,149.65,3,149.64,6,149.56,4,,,,,,,,,,,,,149.92,5,149.93,6,149.94,4,149.96,3,149.97,5,150.04,6,150.11,1,150.12,4,150.13,4,150.19,1
2025-04-10 09:33:15,149.79,149.79,1,149.66,7,149.92,5,149.92,149.66,149.66,7,149.65,3,149.64,6,149.56,4,,,,,,,,,,,,,149.92,5,149.93,6,149.94,4,149.96,3,149.97,5,150.04,6,150.11,1,150.12,4,150.13,4,150.19,1
2025-04-10 09:33:16,149.79,149.79,1,149.66,7,149.92,5,149.92,149.66,149.66,7,149.65,3,149.64,6,149.56,4,,,,,,,,,,,,,149.92,5,149.93,6,149.94,4,149.96,3,149.97,5,150.04,6,150.11,1,150.12,4,150.13,4,150.19,1
2025-04-10 09:33:17,149.975,149.79,1,149.88,3,150.07,2,150.07,149.88,149.88,3,149.87,1,149.83,1,149.81,3,149.79,1,149.78,1,149.66,8,149.65,3,149.64,6,149.56,4,150.07,2,150.11,1,150.12,4,150.13,4,150.19,1,150.26,1,150.27,1,150.34,9,150.4,8,150.42,1
2025-04-10 09:33:18,149.975,149.79,1,149.88,3,150.07,2,150.07,149.88,149.88,3,149.87,1,149.83,1,149.81,3,149.79,1,149.78,1,149.66,8,149.65,3,149.64,6,149.56,4,150.07,2,150.11,1,150.12,4,150.13,4,150.19,1,150.26,1,150.27,1,150.34,9,150.4,8,150.42,1
2025-04-10 09:33:19,149.975,149.79,1,149.88,3,150.07,2,150.07,149.88,149.88,3,149.87,1,149.83,1,149.81,3,149.79,1,149.78,1,149.66,8,149.65,3,149.64,6,149.56,4,150.07,2,150.11,1,150.12,4,150.13,4,150.19,1,150.26,1,150.27,1,150.34,9,150.4,8,150.42,1
2025-04-10 09:33:20,149.975,149.92,1,149.88,2,150.07,2,150.07,149.88,149.88,2,149.87,1,149.83,1,149.81,3,149.79,1,149.78,1,149.66,8,149.65,3,149.64,6,149.56,4,150.07,2,150.11,1,150.12,4,150.13,4,150.19,1,150.26,1,150.27,1,150.34,9,150.4,8,150.42,1
2025-04-10 09:33:21,149.985,149.99,1,149.9,1,150.07,2,150.07,149.9,149.9,1,149.88,2,149.87,1,149.83,1,149.81,3,149.79,1,149.78,1,149.66,8,149.65,3,149.64,6,150.07,2,150.11,1,150.12,4,150.13,4,150.19,1,150.26,1,150.27,1,150.34,9,150.4,8,150.42,1
2025-04-10 09:33:22,150.01,150.01,2,149.91,3,150.11,1,150.11,149.91,149.91,3,149.9,1,149.88,2,149.87,1,149.83,1,149.81,3,149.79,1,149.78,1,149.66,8,149.65,3,150.11,1,150.12,4,150.13,4,150.19,1,150.26,1,150.27,1,150.34,9,150.4,8,150.42,1,150.47,5
2025-04-10 09:33:23,150.01,150.01,2,149.91,3,150.11,1,150.11,149.91,149.91,3,149.9,1,149.88,2,149.87,1,149.83,1,149.81,3,149.79,1,149.78,1,149.66,8,149.65,3,150.11,1,150.12,4,150.13,4,150.19,1,150.26,1,150.27,1,150.34,9,150.4,8,150.42,1,150.47,5
2025-04-10 09:33:24,150.05,150.01,1,149.99,1,150.11,3,150.11,149.99,149.99,1,149.92,1,149.91,3,149.9,1,149.88,2,149.87,1,149.83,1,149.81,3,149.79,1,149.78,1,150.11,3,150.12,4,150.13,4,150.19,1,150.26,1,150.27,1,150.34,9,150.4,8,150.42,1,150.47,5
2025-04-10 09:33:25,150.05,150.01,1,149.99,2,150.11,3,150.11,149.99,149.99,2,149.93,3,149.92,2,149.91,3,149.9,1,149.88,2,149.87,1,149.83,1,149.81,3,149.79,1,150.11,3,150.12,4,150.13,4,150.19,1,150.26,1,150.27,1,150.34,9,150.4,8,150.42,1,150.47,5
2025-04-10 09:33:26,150.05,150.0,1,149.99,2,150.11,3,150.11,149.99,149.99,2,149.93,3,149.92,2,149.91,3,149.9,1,149.88,2,149.87,1,149.83,1,149.81,3,149.79,1,150.11,3,150.12,4,150.13,4,150.19,1,150.26,1,150.27,1,150.34,9,150.4,8,150.42,1,150.47,5
2025-04-10 09:33:27,149.975,149.95,1,149.88,4,150.07,2,150.07,149.88,149.88,4,149.87,1,149.83,1,149.81,3,149.79,1,149.78,1,149.66,8,149.65,3,149.64,6,149.56,4,150.07,2,150.1,2,150.11,3,150.12,4,150.13,4,150.19,1,150.26,1,150.27,1,150.34,9,150.4,8
2025-04-10 09:33:28,149.905,149.9,1,149.74,1,150.07,2,150.07,149.74,149.74,1,149.66,8,149.65,3,149.64,6,149.56,4,,,,,,,,,,,150.07,2,150.1,2,150.11,3,150.12,4,150.13,4,150.19,1,150.26,1,150.27,1,150.34,9,150.4,8
2025-04-10 09:33:29,149.905,149.9,1,149.74,1,150.07,2,150.07,149.74,149.74,1,149.66,8,149.65,3,149.64,6,149.56,4,,,,,,,,,,,150.07,2,150.1,2,150.11,3,150.12,4,150.13,4,150.19,1,150.26,1,150.27,1,150.34,9,150.4,8
2025-04-10 09:33:30,149.88,149.92,1,149.75,1,150.01,2,150.01,149.75,149.75,1,149.74,1,149.66,8,149.65,3,149.64,6,149.56,4,,,,,,,,,150.01,2,150.06,1,150.07,2,150.1,2,150.11,3,150.12,4,150.13,4,150.19,1,150.26,1,150.27,1
2025-04-10 09:33:31,149.885,149.88,1,149.76,2,150.01,2,150.01,149.76,149.76,2,149.75,1,149.74,1,149.66,8,149.65,3,149.64,6,149.56,4,,,,,,,150.01,2,150.06,1,150.07,2,150.1,2,150.11,3,150.12,4,150.13,4,150.19,1,150.26,1,150.27,1
2025-04-10 09:33:32,149.885,149.88,1,149.76,2,150.01,2,150.01,149.76,149.76,2,149.75,1,149.74,1,149.66,8,149.65,3,149.64,6,149.56,4,,,,,,,150.01,2,150.06,1,150.07,2,150.1,2,150.11,3,150.12,4,150.13,4,150.19,1,150.26,1,150.27,1
2025-04-10 09:33:33,149.885,149.88,1,149.76,2,150.01,2,150.01,149.76,149.76,2,149.75,1,149.74,1,149.66,8,149.65,3,149.64,6,149.56,4,,,,,,,150.01,2,150.06,1,150.07,2,150.1,2,150.11,3,150.12,4,150.13,4,150.19,1,150.26,1,150.27,1
2025-04-10 09:33:34,149.885,149.88,1,149.76,2,150.01,4,150.01,149.76,149.76,2,149.75,1,149.74,1,149.66,8,149.65,3,149.64,6,149.56,4,,,,,,,150.01,4,150.06,1,150.07,2,150.1,2,150.11,3,150.12,4,150.13,4,150.19,1,150.26,1,150.27,1
2025-04-10 09:33:35,149.885,149.88,1,149.76,2,150.01,4,150.01,149.76,149.76,2,149.75,1,149.74,1,149.66,8,149.65,3,149.64,6,149.56,4,,,,,,,150.01,4,150.06,1,150.07,2,150.1,2,150.11,3,150.12,4,150.13,4,150.19,1,150.26,1,150.27,1
2025-04-10 09:33:36,149.885,149.88,1,149.76,2,150.01,4,150.01,149.76,149.76,2,149.75,1,149.74,1,149.66,8,149.65,3,149.64,6,149.56,4,,,,,,,150.01,4,150.06,1,150.07,2,150.1,2,150.11,3,150.12,4,150.13,4,150.19,1,150.26,1,150.27,1
2025-04-10 09:33:37,149.885,149.82,1,149.76,2,150.01,4,150.01,149.76,149.76,2,149.75,1,149.74,1,149.66,8,149.65,3,149.64,6,149.56,4,,,,,,,150.01,4,150.06,1,150.07,2,150.1,2,150.11,3,150.12,4,150.13,4,150.19,1,150.26,1,150.27,1
2025-04-10 09:33:38,149.885,149.88,1,149.76,2,150.01,6,150.01,149.76,149.76,2,149.75,1,149.74,1,149.66,8,149.65,3,149.64,6,149.56,4,,,,,,,150.01,6,150.06,1,150.07,2,150.1,2,150.11,3,150.12,4,150.13,4,150.19,1,150.26,1,150.27,1
2025-04-10 09:33:39,149.885,149.88,1,149.76,2,150.01,6,150.01,149.76,149.76,2,149.75,1,149.74,1,149.66,8,149.65,3,149.64,6,149.56,4,,,,,,,150.01,6,150.06,1,150.07,2,150.1,2,150.11,3,150.12,4,150.13,4,150.19,1,150.26,1,150.27,1
2025-04-10 09:33:40,149.885,149.88,1,149.76,2,150.01,6,150.01,149.76,149.76,2,149.75,1,149.74,1,149.66,8,149.65,3,149.64,6,149.56,4,,,,,,,150.01,6,150.06,1,150.07,2,150.1,2,150.11,3,150.12,4,150.13,4,150.19,1,150.26,1,150.27,1
2025-04-10 09:33:41,149.885,149.88,1,149.76,2,150.01,6,150.01,149.76,149.76,2,149.75,1,149.74,1,149.66,8,149.65,3,149.64,6,149.56,4,,,,,,,150.01,6,150.06,1,150.07,2,150.1,2,150.11,3,150.12,4,150.13,4,150.19,1,150.26,1,150.27,1
2025-04-10 09:33:43,149.885,149.88,1,149.76,2,150.01,14,150.01,149.76,149.76,2,149.75,1,149.74,1,149.66,8,149.65,3,149.64,6,149.56,4,,,,,,,150.01,14,150.06,1,150.07,2,150.1,2,150.11,3,150.12,4,150.13,4,150.19,1,150.26,1,150.27,1
2025-04-10 09:33:43,149.885,149.88,1,149.76,2,150.01,14,150.01,149.76,149.76,2,149.75,1,149.74,1,149.66,8,149.65,3,149.64,6,149.56,4,,,,,,,150.01,14,150.06,1,150.07,2,150.1,2,150.11,3,150.12,4,150.13,4,150.19,1,150.26,1,150.27,1
2025-04-10 09:33:44,149.885,149.88,1,149.76,2,150.01,14,150.01,149.76,149.76,2,149.75,1,149.74,1,149.66,8,149.65,3,149.64,6,149.56,4,,,,,,,150.01,14,150.06,1,150.07,2,150.1,2,150.11,3,150.12,4,150.13,4,150.19,1,150.26,1,150.27,1
2025-04-10 09:33:46,149.885,149.88,1,149.76,2,150.01,13,150.01,149.76,149.76,2,149.75,1,149.74,1,149.66,8,149.65,3,149.64,6,149.56,4,,,,,,,150.01,13,150.06,1,150.07,2,150.1,2,150.11,3,150.12,4,150.13,4,150.19,1,150.26,1,150.27,1
2025-04-10 09:33:47,149.885,149.8,2,149.76,2,150.01,13,150.01,149.76,149.76,2,149.75,1,149.74,1,149.66,8,149.65,3,149.64,6,149.56,4,,,,,,,150.01,13,150.06,1,150.07,2,150.1,2,150.11,3,150.12,4,150.13,4,150.19,1,150.26,1,150.27,1
2025-04-10 09:33:47,149.885,149.88,1,149.76,2,150.01,13,150.01,149.76,149.76,2,149.75,1,149.74,1,149.66,8,149.65,3,149.64,6,149.56,4,,,,,,,150.01,13,150.06,1,150.07,2,150.1,2,150.11,3,150.12,4,150.13,4,150.19,1,150.26,1,150.27,1
2025-04-10 09:33:49,149.885,149.88,1,149.76,2,150.01,13,150.01,149.76,149.76,2,149.75,1,149.74,1,149.66,8,149.65,3,149.64,6,149.56,4,,,,,,,150.01,13,150.06,1,150.07,2,150.1,2,150.11,3,150.12,4,150.13,4,150.19,1,150.26,1,150.27,1
2025-04-10 09:33:50,149.885,149.82,1,149.76,2,150.01,13,150.01,149.76,149.76,2,149.75,1,149.74,1,149.66,8,149.65,3,149.64,6,149.56,4,,,,,,,150.01,13,150.06,1,150.07,2,150.1,2,150.11,3,150.12,4,150.13,4,150.19,1,150.26,1,150.27,1
2025-04-10 09:33:50,149.885,149.88,1,149.76,2,150.01,11,150.01,149.76,149.76,2,149.75,1,149.74,1,149.66,8,149.65,3,149.64,6,149.56,4,,,,,,,150.01,11,150.06,1,150.07,2,150.1,2,150.11,3,150.12,4,150.13,4,150.19,1,150.26,1,150.27,1
2025-04-10 09:33:51,149.885,149.88,1,149.76,2,150.01,11,150.01,149.76,149.76,2,149.75,1,149.74,1,149.66,8,149.65,3,149.64,6,149.56,4,,,,,,,150.01,11,150.06,1,150.07,2,150.1,2,150.11,3,150.12,4,150.13,4,150.19,1,150.26,1,150.27,1
2025-04-10 09:33:53,149.885,149.88,1,149.76,2,150.01,11,150.01,149.76,149.76,2,149.75,1,149.74,1,149.66,8,149.65,3,149.64,6,149.56,4,,,,,,,150.01,11,150.06,1,150.07,2,150.1,2,150.11,3,150.12,4,150.13,4,150.19,1,150.26,1,150.27,1
2025-04-10 09:33:53,149.885,149.84,1,149.76,2,150.01,11,150.01,149.76,149.76,2,149.75,1,149.74,1,149.66,8,149.65,3,149.64,6,149.56,4,,,,,,,150.01,11,150.06,1,150.07,2,150.1,2,150.11,3,150.12,4,150.13,4,150.19,1,150.26,1,150.27,1
2025-04-10 09:33:55,149.885,149.84,1,149.76,2,150.01,11,150.01,149.76,149.76,2,149.75,1,149.74,1,149.66,8,149.65,3,149.64,6,149.56,4,,,,,,,150.01,11,150.06,1,150.07,2,150.1,2,150.11,3,150.12,4,150.13,4,150.19,1,150.26,1,150.27,1
2025-04-10 09:33:56,149.885,149.84,1,149.76,2,150.01,11,150.01,149.76,149.76,2,149.75,1,149.74,1,149.66,8,149.65,3,149.64,6,149.56,4,,,,,,,150.01,11,150.06,1,150.07,2,150.1,2,150.11,3,150.12,4,150.13,4,150.19,1,150.26,1,150.27,1
2025-04-10 09:33:57,149.885,149.88,1,149.76,2,150.01,11,150.01,149.76,149.76,2,149.75,1,149.74,1,149.66,8,149.65,3,149.64,6,149.56,4,,,,,,,150.01,11,150.06,1,150.07,2,150.1,2,150.11,3,150.12,4,150.13,4,150.19,1,150.26,1,150.27,1
2025-04-10 09:33:58,149.885,149.87,1,149.76,2,150.01,11,150.01,149.76,149.76,2,149.75,1,149.74,1,149.66,8,149.65,3,149.64,6,149.56,4,,,,,,,150.01,11,150.06,1,150.07,2,150.1,2,150.11,3,150.12,4,150.13,4,150.19,1,150.26,1,150.27,1
2025-04-10 09:33:59,149.885,149.87,1,149.76,2,150.01,11,150.01,149.76,149.76,2,149.75,1,149.74,1,149.66,8,149.65,3,149.64,6,149.56,4,,,,,,,150.01,11,150.06,1,150.07,2,150.1,2,150.11,3,150.12,4,150.13,4,150.19,1,150.26,1,150.27,1
2025-04-10 09:34:00,149.885,149.87,1,149.76,2,150.01,11,150.01,149.76,149.76,2,149.75,1,149.74,1,149.66,8,149.65,3,149.64,6,149.56,4,,,,,,,150.01,11,150.06,1,150.07,2,150.1,2,150.11,3,150.12,4,150.13,4,150.19,1,150.26,1,150.27,1
2025-04-10 09:34:01,149.885,149.87,1,149.76,2,150.01,11,150.01,149.76,149.76,2,149.75,1,149.74,1,149.66,8,149.65,3,149.64,6,149.56,4,,,,,,,150.01,11,150.06,1,150.07,2,150.1,2,150.11,3,150.12,4,150.13,4,150.19,1,150.26,1,150.27,1
2025-04-10 09:34:02,149.885,149.87,1,149.76,2,150.01,11,150.01,149.76,149.76,2,149.75,1,149.74,1,149.66,8,149.65,3,149.64,6,149.56,4,,,,,,,150.01,11,150.06,1,150.07,2,150.1,2,150.11,3,150.12,4,150.13,4,150.19,1,150.26,1,150.27,1
2025-04-10 09:34:02,149.81,149.77,1,149.72,1,149.9,5,149.9,149.72,149.72,1,149.71,2,149.66,8,149.65,3,149.64,6,149.56,4,,,,,,,,,149.9,5,150.01,11,150.06,1,150.07,2,150.1,2,150.11,3,150.12,4,150.13,4,150.19,1,150.26,1
2025-04-10 09:34:04,149.815,149.82,1,149.73,1,149.9,3,149.9,149.73,149.73,1,149.72,5,149.71,2,149.66,8,149.65,3,149.64,6,149.56,4,,,,,,,149.9,3,150.01,11,150.06,1,150.07,2,150.1,2,150.11,3,150.12,4,150.13,4,150.19,1,150.26,1
2025-04-10 09:34:04,149.815,149.82,1,149.73,1,149.9,3,149.9,149.73,149.73,1,149.72,5,149.71,2,149.66,8,149.65,3,149.64,6,149.56,4,,,,,,,149.9,3,150.01,11,150.06,1,150.07,2,150.1,2,150.11,3,150.12,4,150.13,4,150.19,1,150.26,1
2025-04-10 09:34:06,149.815,149.82,1,149.73,1,149.9,3,149.9,149.73,149.73,1,149.72,5,149.71,2,149.66,8,149.65,3,149.64,6,149.56,4,,,,,,,149.9,3,150.01,11,150.06,1,150.07,2,150.1,2,150.11,3,150.12,4,150.13,4,150.19,1,150.26,1
2025-04-10 09:34:07,149.815,149.82,1,149.73,1,149.9,3,149.9,149.73,149.73,1,149.72,5,149.71,2,149.66,8,149.65,3,149.64,6,149.56,4,,,,,,,149.9,3,150.01,11,150.06,1,150.07,2,150.1,2,150.11,3,150.12,4,150.13,4,150.19,1,150.26,1
2025-04-10 09:34:08,149.815,149.82,1,149.73,1,149.9,3,149.9,149.73,149.73,1,149.72,5,149.71,2,149.66,8,149.65,3,149.64,6,149.56,4,,,,,,,149.9,3,150.01,11,150.06,1,150.07,2,150.1,2,150.11,3,150.12,4,150.13,4,150.19,1,150.26,1
2025-04-10 09:34:09,149.815,149.82,1,149.73,1,149.9,3,149.9,149.73,149.73,1,149.72,5,149.71,2,149.66,8,149.65,3,149.64,6,149.56,4,,,,,,,149.9,3,150.01,11,150.06,1,150.07,2,150.1,2,150.11,3,150.12,4,150.13,4,150.19,1,150.26,1
2025-04-10 09:34:10,149.815,149.82,1,149.73,1,149.9,3,149.9,149.73,149.73,1,149.72,5,149.71,2,149.66,8,149.65,3,149.64,6,149.56,4,,,,,,,149.9,3,150.01,11,150.06,1,150.07,2,150.1,2,150.11,3,150.12,4,150.13,4,150.19,1,150.26,1
2025-04-10 09:34:11,149.82,149.82,2,149.74,2,149.9,6,149.9,149.74,149.74,2,149.73,1,149.72,5,149.71,2,149.66,8,149.65,3,149.64,6,149.56,4,,,,,149.9,6,150.01,11,150.06,1,150.07,2,150.1,2,150.11,3,150.12,4,150.13,4,150.19,1,150.26,1
2025-04-10 09:34:12,149.82,149.82,2,149.74,2,149.9,6,149.9,149.74,149.74,2,149.73,1,149.72,5,149.71,2,149.66,8,149.65,3,149.64,6,149.56,4,,,,,149.9,6,150.01,11,150.06,1,150.07,2,150.1,2,150.11,3,150.12,4,150.13,4,150.19,1,150.26,1
2025-04-10 09:34:13,149.82,149.82,2,149.74,2,149.9,6,149.9,149.74,149.74,2,149.73,1,149.72,5,149.71,2,149.66,8,149.65,3,149.64,6,149.56,4,,,,,149.9,6,150.01,11,150.06,1,150.07,2,150.1,2,150.11,3,150.12,4,150.13,4,150.19,1,150.26,1
2025-04-10 09:34:14,149.785,149.79,2,149.74,2,149.83,1,149.83,149.74,149.74,2,149.73,1,149.72,5,149.71,2,149.66,8,149.65,3,149.64,6,149.56,4,,,,,149.83,1,149.9,6,150.01,11,150.06,1,150.07,2,150.1,2,150.11,3,150.12,4,150.13,4,150.19,1
2025-04-10 09:34:15,149.82,149.79,1,149.74,2,149.9,6,149.9,149.74,149.74,2,149.73,1,149.72,5,149.71,2,149.66,8,149.65,3,149.64,6,149.56,4,,,,,149.9,6,150.01,11,150.06,1,150.07,2,150.1,2,150.11,3,150.12,4,150.13,4,150.19,1,150.26,1
2025-04-10 09:34:16,149.82,149.79,1,149.74,2,149.9,9,149.9,149.74,149.74,2,149.73,1,149.72,5,149.71,2,149.66,8,149.65,3,149.64,6,149.56,4,,,,,149.9,9,150.01,11,150.06,1,150.07,2,150.1,2,150.11,3,150.12,4,150.13,4,150.19,1,150.26,1
2025-04-10 09:34:17,149.82,149.79,1,149.74,2,149.9,9,149.9,149.74,149.74,2,149.73,1,149.72,5,149.71,2,149.66,8,149.65,3,149.64,6,149.56,4,,,,,149.9,9,150.01,11,150.06,1,150.07,2,150.1,2,150.11,3,150.12,4,150.13,4,150.19,1,150.26,1
2025-04-10 09:34:18,149.82,149.79,1,149.74,2,149.9,9,149.9,149.74,149.74,2,149.73,1,149.72,5,149.71,2,149.66,8,149.65,3,149.64,6,149.56,4,,,,,149.9,9,150.01,11,150.06,1,150.07,2,150.1,2,150.11,3,150.12,4,150.13,4,150.19,1,150.26,1
2025-04-10 09:34:19,149.82,149.82,1,149.74,2,149.9,9,149.9,149.74,149.74,2,149.73,1,149.72,5,149.71,2,149.66,8,149.65,3,149.64,6,149.56,4,,,,,149.9,9,150.01,11,150.06,1,150.07,2,150.1,2,150.11,3,150.12,4,150.13,4,150.19,1,150.26,1
2025-04-10 09:34:20,149.82,149.82,1,149.74,2,149.9,9,149.9,149.74,149.74,2,149.73,1,149.72,5,149.71,2,149.66,8,149.65,3,149.64,6,149.56,4,,,,,149.9,9,150.01,11,150.06,1,150.07,2,150.1,2,150.11,3,150.12,4,150.13,4,150.19,1,150.26,1
2025-04-10 09:34:21,149.82,149.82,1,149.74,2,149.9,9,149.9,149.74,149.74,2,149.73,1,149.72,5,149.71,2,149.66,8,149.65,3,149.64,6,149.56,4,,,,,149.9,9,150.01,11,150.06,1,150.07,2,150.1,2,150.11,3,150.12,4,150.13,4,150.19,1,150.26,1
2025-04-10 09:34:22,149.82,149.82,3,149.74,2,149.9,9,149.9,149.74,149.74,2,149.73,1,149.72,5,149.71,2,149.66,8,149.65,3,149.64,6,149.56,4,,,,,149.9,9,150.01,11,150.06,1,150.07,2,150.1,2,150.11,3,150.12,4,150.13,4,150.19,1,150.26,1
2025-04-10 09:34:23,149.865,149.84,1,149.82,2,149.91,2,149.91,149.82,149.82,2,149.74,5,149.73,1,149.72,5,149.71,2,149.66,8,149.65,3,149.64,6,149.56,4,,,149.91,2,150.01,11,150.06,1,150.07,2,150.1,2,150.11,3,150.12,4,150.13,4,150.19,1,150.26,1
2025-04-10 09:34:24,149.845,149.91,1,149.74,6,149.95,2,149.95,149.74,149.74,3,149.73,1,149.72,5,149.71,2,149.66,8,149.65,3,149.64,6,149.56,4,,,,,149.95,2,150.01,11,150.06,1,150.07,2,150.1,2,150.11,3,150.12,4,150.13,4,150.19,1,150.26,1
2025-04-10 09:34:25,149.88,149.91,1,149.81,8,149.95,3,149.95,149.81,149.81,8,149.74,6,149.73,1,149.72,5,149.71,2,149.66,8,149.65,3,149.64,6,149.56,4,,,149.95,3,150.01,11,150.06,1,150.07,2,150.1,2,150.11,3,150.12,4,150.13,4,150.19,1,150.26,1
2025-04-10 09:34:26,149.88,149.91,1,149.81,8,149.95,3,149.95,149.81,149.81,8,149.74,6,149.73,1,149.72,5,149.71,2,149.66,8,149.65,3,149.64,6,149.56,4,,,149.95,3,150.01,11,150.06,1,150.07,2,150.1,2,150.11,3,150.12,4,150.13,4,150.19,1,150.26,1
2025-04-10 09:34:27,149.88,149.91,1,149.81,8,149.95,3,149.95,149.81,149.81,8,149.74,6,149.73,1,149.72,5,149.71,2,149.66,8,149.65,3,149.64,6,149.56,4,,,149.95,3,150.01,11,150.06,1,150.07,2,150.1,2,150.11,3,150.12,4,150.13,4,150.19,1,150.26,1
2025-04-10 09:34:28,149.88,149.83,1,149.81,8,149.95,3,149.95,149.81,149.81,8,149.74,6,149.73,1,149.72,5,149.71,2,149.66,8,149.65,3,149.64,6,149.56,4,,,149.95,3,150.01,11,150.06,1,150.07,2,150.1,2,150.11,3,150.12,4,150.13,4,150.19,1,150.26,1
2025-04-10 09:34:29,149.88,149.83,1,149.81,8,149.95,5,149.95,149.81,149.81,8,149.74,6,149.73,1,149.72,5,149.71,2,149.66,8,149.65,3,149.64,6,149.56,4,,,149.95,5,150.01,11,150.06,1,150.07,2,150.1,2,150.11,3,150.12,4,150.13,4,150.19,1,150.26,1
2025-04-10 09:34:30,149.88,149.83,1,149.81,8,149.95,5,149.95,149.81,149.81,8,149.74,6,149.73,1,149.72,5,149.71,2,149.66,8,149.65,3,149.64,6,149.56,4,,,149.95,5,150.01,11,150.06,1,150.07,2,150.1,2,150.11,3,150.12,4,150.13,4,150.19,1,150.26,1
2025-04-10 09:34:31,149.735,149.74,1,149.65,3,149.82,4,149.82,149.65,149.65,3,149.64,6,149.56,4,,,,,,,,,,,,,,,149.82,4,149.85,1,149.87,4,149.89,3,149.95,5,150.01,11,150.06,1,150.07,2,150.1,2,150.11,3
2025-04-10 09:34:32,149.735,149.74,1,149.65,3,149.82,4,149.82,149.65,149.65,3,149.64,6,149.56,4,,,,,,,,,,,,,,,149.82,4,149.85,1,149.87,4,149.89,3,149.95,5,150.01,11,150.06,1,150.07,2,150.1,2,150.11,3
2025-04-10 09:34:33,149.735,149.74,1,149.65,3,149.82,4,149.82,149.65,149.65,3,149.64,6,149.56,4,,,,,,,,,,,,,,,149.82,4,149.85,1,149.87,4,149.89,3,149.95,5,150.01,11,150.06,1,150.07,2,150.1,2,150.11,3
2025-04-10 09:34:34,149.735,149.74,1,149.65,3,149.82,6,149.82,149.65,149.65,3,149.64,6,149.56,4,,,,,,,,,,,,,,,149.82,6,149.85,1,149.87,4,149.89,3,149.95,5,150.01,11,150.06,1,150.07,2,150.1,2,150.11,3
2025-04-10 09:34:35,149.695,149.69,1,149.65,3,149.74,1,149.74,149.65,149.65,3,149.64,6,149.56,4,,,,,,,,,,,,,,,149.74,1,149.82,6,149.85,1,149.87,4,149.89,3,149.95,5,150.01,11,150.06,1,150.07,2,150.1,2
2025-04-10 09:34:36,149.695,149.69,1,149.65,3,149.74,1,149.74,149.65,149.65,3,149.64,6,149.56,4,,,,,,,,,,,,,,,149.74,1,149.82,6,149.85,1,149.87,4,149.89,3,149.95,5,150.01,11,150.06,1,150.07,2,150.1,2
2025-04-10 09:34:37,149.695,149.69,1,149.65,3,149.74,3,149.74,149.65,149.65,3,149.64,6,149.56,4,,,,,,,,,,,,,,,149.74,3,149.82,6,149.85,1,149.87,4,149.89,3,149.95,5,150.01,11,150.06,1,150.07,2,150.1,2
2025-04-10 09:34:38,149.695,149.69,1,149.65,3,149.74,3,149.74,149.65,149.65,3,149.64,6,149.56,4,,,,,,,,,,,,,,,149.74,3,149.82,6,149.85,1,149.87,4,149.89,3,149.95,5,150.01,11,150.06,1,150.07,2,150.1,2
2025-04-10 09:34:39,149.695,149.69,1,149.65,3,149.74,3,149.74,149.65,149.65,3,149.64,6,149.56,4,,,,,,,,,,,,,,,149.74,3,149.82,6,149.85,1,149.87,4,149.89,3,149.95,5,150.01,11,150.06,1,150.07,2,150.1,2
2025-04-10 09:34:40,149.695,149.69,1,149.65,3,149.74,3,149.74,149.65,149.65,3,149.64,6,149.56,4,,,,,,,,,,,,,,,149.74,3,149.82,6,149.85,1,149.87,4,149.89,3,149.95,5,150.01,11,150.06,1,150.07,2,150.1,2
2025-04-10 09:34:41,149.695,149.69,1,149.65,3,149.74,3,149.74,149.65,149.65,3,149.64,6,149.56,4,,,,,,,,,,,,,,,149.74,3,149.82,6,149.85,1,149.87,4,149.89,3,149.95,5,150.01,11,150.06,1,150.07,2,150.1,2
2025-04-10 09:34:42,149.695,149.69,1,149.65,3,149.74,3,149.74,149.65,149.65,3,149.64,6,149.56,4,,,,,,,,,,,,,,,149.74,3,149.82,6,149.85,1,149.87,4,149.89,3,149.95,5,150.01,11,150.06,1,150.07,2,150.1,2
2025-04-10 09:34:43,149.695,149.69,1,149.65,3,149.74,3,149.74,149.65,149.65,3,149.64,6,149.56,4,,,,,,,,,,,,,,,149.74,3,149.82,6,149.85,1,149.87,4,149.89,3,149.95,5,150.01,11,150.06,1,150.07,2,150.1,2
2025-04-10 09:34:44,149.6,149.66,1,149.51,5,149.69,2,149.69,149.51,149.51,5,,,,,,,,,,,,,,,,,,,149.69,2,149.72,3,149.73,1,149.74,4,149.82,6,149.85,1,149.87,4,149.89,3,149.95,5,150.01,11
2025-04-10 09:34:45,149.6,149.66,1,149.51,5,149.69,2,149.69,149.51,149.51,5,,,,,,,,,,,,,,,,,,,149.69,2,149.72,3,149.73,1,149.74,4,149.82,6,149.85,1,149.87,4,149.89,3,149.95,5,150.01,11
2025-04-10 09:34:46,149.605,149.66,1,149.52,2,149.69,5,149.69,149.52,149.52,2,149.51,5,,,,,,,,,,,,,,,,,149.69,5,149.72,3,149.73,1,149.74,4,149.82,6,149.85,1,149.87,4,149.89,3,149.95,5,150.01,11
2025-04-10 09:34:47,149.605,149.66,1,149.52,2,149.69,5,149.69,149.52,149.52,2,149.51,5,,,,,,,,,,,,,,,,,149.69,5,149.72,3,149.73,1,149.74,4,149.82,6,149.85,1,149.87,4,149.89,3,149.95,5,150.01,11
2025-04-10 09:34:48,149.605,149.66,1,149.52,2,149.69,5,149.69,149.52,149.52,2,149.51,5,,,,,,,,,,,,,,,,,149.69,5,149.72,3,149.73,1,149.74,4,149.82,6,149.85,1,149.87,4,149.89,3,149.95,5,150.01,11
2025-04-10 09:34:49,149.605,149.66,1,149.52,2,149.69,5,149.69,149.52,149.52,2,149.51,5,,,,,,,,,,,,,,,,,149.69,5,149.72,3,149.73,1,149.74,4,149.82,6,149.85,1,149.87,4,149.89,3,149.95,5,150.01,11
2025-04-10 09:34:50,149.52,149.47,1,149.45,3,149.59,4,149.59,149.45,149.45,3,149.44,4,149.42,3,,,,,,,,,,,,,,,149.59,4,149.64,1,149.69,6,149.72,3,149.73,1,149.74,4,149.82,6,149.85,1,149.87,4,149.89,3
2025-04-10 09:34:51,149.49,149.45,1,149.39,4,149.59,5,149.59,149.39,149.39,4,,,,,,,,,,,,,,,,,,,149.59,5,149.64,1,149.69,6,149.72,3,149.73,1,149.74,4,149.82,6,149.85,1,149.87,4,149.89,3
2025-04-10 09:34:52,149.49,149.49,1,149.39,2,149.59,5,149.59,149.39,149.39,2,149.38,4,,,,,,,,,,,,,,,,,149.59,5,149.64,1,149.69,6,149.72,3,149.73,1,149.74,4,149.82,6,149.85,1,149.87,4,149.89,3
2025-04-10 09:34:53,149.445,149.44,1,149.39,2,149.5,2,149.5,149.39,149.39,2,149.38,4,,,,,,,,,,,,,,,,,149.5,2,149.59,5,149.64,1,149.69,6,149.72,3,149.73,1,149.74,4,149.82,6,149.85,1,149.87,4
2025-04-10 09:34:54,149.445,149.44,1,149.39,2,149.5,2,149.5,149.39,149.39,2,149.38,4,,,,,,,,,,,,,,,,,149.5,2,149.59,5,149.64,1,149.69,6,149.72,3,149.73,1,149.74,4,149.82,6,149.85,1,149.87,4
2025-04-10 09:34:55,149.435,149.43,1,149.37,1,149.5,3,149.5,149.37,149.37,1,149.36,1,,,,,,,,,,,,,,,,,149.5,3,149.59,5,149.64,1,149.69,6,149.72,3,149.73,1,149.74,4,149.82,6,149.85,1,149.87,4
2025-04-10 09:34:56,149.435,149.43,1,149.37,1,149.5,3,149.5,149.37,149.37,1,149.36,1,,,,,,,,,,,,,,,,,149.5,3,149.59,5,149.64,1,149.69,6,149.72,3,149.73,1,149.74,4,149.82,6,149.85,1,149.87,4
2025-04-10 09:34:57,149.435,149.43,1,149.37,1,149.5,3,149.5,149.37,149.37,1,149.36,1,,,,,,,,,,,,,,,,,149.5,3,149.59,5,149.64,1,149.69,6,149.72,3,149.73,1,149.74,4,149.82,6,149.85,1,149.87,4
2025-04-10 09:34:58,149.435,149.43,1,149.37,1,149.5,3,149.5,149.37,149.37,1,149.36,1,,,,,,,,,,,,,,,,,149.5,3,149.59,5,149.64,1,149.69,6,149.72,3,149.73,1,149.74,4,149.82,6,149.85,1,149.87,4
2025-04-10 09:34:59,149.435,149.38,1,149.37,1,149.5,3,149.5,149.37,149.37,1,149.36,1,,,,,,,,,,,,,,,,,149.5,3,149.59,5,149.64,1,149.69,6,149.72,3,149.73,1,149.74,4,149.82,6,149.85,1,149.87,4
2025-04-10 09:35:00,149.435,149.37,1,149.37,1,149.5,3,149.5,149.37,149.37,1,149.36,1,,,,,,,,,,,,,,,,,149.5,3,149.59,5,149.64,1,149.69,6,149.72,3,149.73,1,149.74,4,149.82,6,149.85,1,149.87,4
2025-04-10 09:35:01,149.435,149.37,1,149.37,1,149.5,3,149.5,149.37,149.37,1,149.36,1,,,,,,,,,,,,,,,,,149.5,3,149.59,5,149.64,1,149.69,6,149.72,3,149.73,1,149.74,4,149.82,6,149.85,1,149.87,4
2025-04-10 09:35:02,149.4,149.37,1,149.3,3,149.5,3,149.5,149.3,149.3,3,,,,,,,,,,,,,,,,,,,149.5,3,149.59,5,149.64,1,149.69,6,149.72,3,149.73,1,149.74,4,149.82,6,149.85,1,149.87,4
2025-04-10 09:35:03,149.435,149.38,1,149.37,1,149.5,7,149.5,149.37,149.37,1,149.3,3,,,,,,,,,,,,,,,,,149.5,7,149.59,5,149.64,1,149.69,6,149.72,3,149.73,1,149.74,4,149.82,6,149.85,1,149.87,4
2025-04-10 09:35:04,149.375,149.33,2,149.31,2,149.44,3,149.44,149.31,149.31,2,149.3,3,,,,,,,,,,,,,,,,,149.44,3,149.5,7,149.59,5,149.64,1,149.69,6,149.72,3,149.73,1,149.74,4,149.82,6,149.85,1
2025-04-10 09:35:05,149.375,149.33,2,149.31,2,149.44,2,149.44,149.31,149.31,2,149.3,3,,,,,,,,,,,,,,,,,149.44,2,149.5,7,149.59,5,149.64,1,149.69,6,149.72,3,149.73,1,149.74,4,149.82,6,149.85,1
2025-04-10 09:35:06,149.375,149.38,1,149.31,2,149.44,3,149.44,149.31,149.31,2,149.3,3,,,,,,,,,,,,,,,,,149.44,3,149.5,7,149.59,5,149.64,1,149.69,6,149.72,3,149.73,1,149.74,4,149.82,6,149.85,1
2025-04-10 09:35:07,149.37,149.31,1,149.3,1,149.44,6,149.44,149.3,149.3,1,149.23,1,,,,,,,,,,,,,,,,,149.44,6,149.5,7,149.59,5,149.64,1,149.69,6,149.72,3,149.73,1,149.74,4,149.82,6,149.85,1
2025-04-10 09:35:08,149.375,149.37,1,149.31,2,149.44,8,149.44,149.31,149.31,2,149.3,1,149.23,1,,,,,,,,,,,,,,,149.44,8,149.5,7,149.59,5,149.64,1,149.69,6,149.72,3,149.73,1,149.74,4,149.82,6,149.85,1
2025-04-10 09:35:09,149.375,149.37,1,149.31,2,149.44,9,149.44,149.31,149.31,2,149.3,1,149.23,1,,,,,,,,,,,,,,,149.44,9,149.5,7,149.59,5,149.64,1,149.69,6,149.72,3,149.73,1,149.74,4,149.82,6,149.85,1
2025-04-10 09:35:10,149.375,149.37,1,149.31,2,149.44,9,149.44,149.31,149.31,2,149.3,1,149.23,1,,,,,,,,,,,,,,,149.44,9,149.5,7,149.59,5,149.64,1,149.69,6,149.72,3,149.73,1,149.74,4,149.82,6,149.85,1
2025-04-10 09:35:11,149.375,149.37,1,149.31,2,149.44,9,149.44,149.31,149.31,2,149.3,1,149.23,1,,,,,,,,,,,,,,,149.44,9,149.5,7,149.59,5,149.64,1,149.69,6,149.72,3,149.73,1,149.74,4,149.82,6,149.85,1
2025-04-10 09:35:12,149.375,149.38,2,149.31,2,149.44,8,149.44,149.31,149.31,2,149.3,1,149.23,1,,,,,,,,,,,,,,,149.44,8,149.5,7,149.59,5,149.64,1,149.69,6,149.72,3,149.73,1,149.74,4,149.82,6,149.85,1
2025-04-10 09:35:13,149.305,149.32,1,149.23,1,149.38,3,149.38,149.23,149.23,1,,,,,,,,,,,,,,,,,,,149.38,3,149.44,8,149.5,7,149.59,5,149.64,1,149.69,6,149.72,3,149.73,1,149.74,4,149.82,6
2025-04-10 09:35:14,149.31,149.32,1,149.24,1,149.38,3,149.38,149.24,149.24,1,149.23,1,,,,,,,,,,,,,,,,,149.38,3,149.44,8,149.5,7,149.59,5,149.64,1,149.69,6,149.72,3,149.73,1,149.74,4,149.82,6
2025-04-10 09:35:15,149.31,149.31,1,149.24,1,149.38,3,149.38,149.24,149.24,1,149.23,1,,,,,,,,,,,,,,,,,149.38,3,149.44,8,149.5,7,149.59,5,149.64,1,149.69,6,149.72,3,149.73,1,149.74,4,149.82,6
2025-04-10 09:35:16,149.31,149.24,1,149.24,2,149.38,4,149.38,149.24,149.24,2,149.23,1,,,,,,,,,,,,,,,,,149.38,4,149.44,8,149.5,7,149.59,5,149.64,1,149.69,6,149.72,3,149.73,1,149.74,4,149.82,6
2025-04-10 09:35:17,149.21,149.22,1,149.14,5,149.28,2,149.28,149.14,149.14,5,149.12,3,,,,,,,,,,,,,,,,,149.28,2,149.3,3,149.35,1,149.38,4,149.44,8,149.5,7,149.59,5,149.64,1,149.69,6,149.72,3
2025-04-10 09:35:18,149.21,149.17,1,149.14,5,149.28,2,149.28,149.14,149.14,5,149.12,3,,,,,,,,,,,,,,,,,149.28,2,149.3,3,149.35,1,149.38,4,149.44,8,149.5,7,149.59,5,149.64,1,149.69,6,149.72,3
2025-04-10 09:35:19,149.21,149.17,1,149.14,5,149.28,6,149.28,149.14,149.14,5,149.12,3,,,,,,,,,,,,,,,,,149.28,6,149.3,3,149.35,1,149.38,4,149.44,8,149.5,7,149.59,5,149.64,1,149.69,6,149.72,3
2025-04-10 09:35:20,149.21,149.17,1,149.14,5,149.28,6,149.28,149.14,149.14,5,149.12,3,,,,,,,,,,,,,,,,,149.28,6,149.3,3,149.35,1,149.38,4,149.44,8,149.5,7,149.59,5,149.64,1,149.69,6,149.72,3
2025-04-10 09:35:21,149.21,149.2,1,149.14,1,149.28,5,149.28,149.14,149.14,1,149.1,1,,,,,,,,,,,,,,,,,149.28,5,149.3,3,149.35,1,149.38,4,149.44,8,149.5,7,149.59,5,149.64,1,149.69,6,149.72,3
2025-04-10 09:35:22,149.21,149.2,1,149.14,1,149.28,5,149.28,149.14,149.14,1,149.1,1,,,,,,,,,,,,,,,,,149.28,5,149.3,3,149.35,1,149.38,4,149.44,8,149.5,7,149.59,5,149.64,1,149.69,6,149.72,3
2025-04-10 09:35:23,149.215,149.22,1,149.15,1,149.28,5,149.28,149.15,149.15,1,149.14,1,149.1,1,,,,,,,,,,,,,,,149.28,5,149.3,3,149.35,1,149.38,4,149.44,8,149.5,7,149.59,5,149.64,1,149.69,6,149.72,3
2025-04-10 09:35:24,149.215,149.22,1,149.15,1,149.28,5,149.28,149.15,149.15,1,149.14,1,149.1,1,,,,,,,,,,,,,,,149.28,5,149.3,3,149.35,1,149.38,4,149.44,8,149.5,7,149.59,5,149.64,1,149.69,6,149.72,3
2025-04-10 09:35:25,149.215,149.22,1,149.15,1,149.28,5,149.28,149.15,149.15,1,149.14,1,149.1,1,,,,,,,,,,,,,,,149.28,5,149.3,3,149.35,1,149.38,4,149.44,8,149.5,7,149.59,5,149.64,1,149.69,6,149.72,3
2025-04-10 09:35:26,149.215,149.22,1,149.15,1,149.28,5,149.28,149.15,149.15,1,149.14,1,149.1,1,,,,,,,,,,,,,,,149.28,5,149.3,3,149.35,1,149.38,4,149.44,8,149.5,7,149.59,5,149.64,1,149.69,6,149.72,3
2025-04-10 09:35:27,149.215,149.22,1,149.15,1,149.28,5,149.28,149.15,149.15,1,149.14,1,149.1,1,,,,,,,,,,,,,,,149.28,5,149.3,3,149.35,1,149.38,4,149.44,8,149.5,7,149.59,5,149.64,1,149.69,6,149.72,3
2025-04-10 09:35:28,149.215,149.22,1,149.15,1,149.28,5,149.28,149.15,149.15,1,149.14,1,149.1,1,,,,,,,,,,,,,,,149.28,5,149.3,3,149.35,1,149.38,4,149.44,8,149.5,7,149.59,5,149.64,1,149.69,6,149.72,3
2025-04-10 09:35:29,149.3,149.31,1,149.22,4,149.38,2,149.38,149.22,149.22,4,149.21,4,149.17,2,149.15,1,149.14,1,149.1,1,,,,,,,,,149.38,2,149.44,8,149.5,7,149.59,5,149.64,1,149.69,6,149.72,3,149.73,1,149.74,4,149.82,6
2025-04-10 09:35:30,149.33,149.35,1,149.28,3,149.38,1,149.38,149.28,149.28,3,149.25,2,149.24,1,149.22,7,149.21,4,149.17,2,149.15,1,149.14,1,149.1,1,,,149.38,1,149.43,4,149.44,8,149.5,7,149.59,5,149.64,1,149.69,6,149.72,3,149.73,1,149.74,4
2025-04-10 09:35:31,149.33,149.33,1,149.28,3,149.38,2,149.38,149.28,149.28,3,149.25,2,149.24,1,149.22,7,149.21,4,149.17,2,149.15,1,149.14,1,149.1,1,,,149.38,2,149.43,4,149.44,8,149.5,7,149.59,5,149.64,1,149.69,6,149.72,3,149.73,1,149.74,4
2025-04-10 09:35:32,149.33,149.33,1,149.28,3,149.38,2,149.38,149.28,149.28,3,149.25,2,149.24,1,149.22,7,149.21,4,149.17,2,149.15,1,149.14,1,149.1,1,,,149.38,2,149.43,4,149.44,8,149.5,7,149.59,5,149.64,1,149.69,6,149.72,3,149.73,1,149.74,4
2025-04-10 09:35:33,149.315,149.33,1,149.25,3,149.38,2,149.38,149.25,149.25,3,149.24,1,149.22,7,149.21,4,149.17,2,149.15,1,149.14,1,149.1,1,,,,,149.38,2,149.43,4,149.44,8,149.5,7,149.59,5,149.64,1,149.69,6,149.72,3,149.73,1,149.74,4
2025-04-10 09:35:34,149.32,149.32,2,149.26,5,149.38,2,149.38,149.26,149.26,5,149.25,3,149.24,1,149.22,7,149.21,4,149.17,2,149.15,1,149.14,1,149.1,1,,,149.38,2,149.43,4,149.44,8,149.5,7,149.59,5,149.64,1,149.69,6,149.72,3,149.73,1,149.74,4
2025-04-10 09:35:35,149.345,149.38,1,149.27,5,149.42,2,149.42,149.27,149.27,5,149.26,5,149.25,3,149.24,1,149.22,7,149.21,4,149.17,2,149.15,1,149.14,1,149.1,1,149.42,2,149.43,4,149.44,8,149.5,7,149.59,5,149.64,1,149.69,6,149.72,3,149.73,1,149.74,4
2025-04-10 09:35:36,149.345,149.38,1,149.27,5,149.42,2,149.42,149.27,149.27,5,149.26,5,149.25,3,149.24,1,149.22,7,149.21,4,149.17,2,149.15,1,149.14,1,149.1,1,149.42,2,149.43,4,149.44,8,149.5,7,149.59,5,149.64,1,149.69,6,149.72,3,149.73,1,149.74,4
2025-04-10 09:35:37,149.355,149.38,1,149.29,3,149.42,2,149.42,149.29,149.29,3,149.28,5,149.27,5,149.26,5,149.25,3,149.24,1,149.22,7,149.21,4,149.17,2,149.15,1,149.42,2,149.43,4,149.44,8,149.5,7,149.59,5,149.64,1,149.69,6,149.72,3,149.73,1,149.74,4
2025-04-10 09:35:38,149.35,149.38,1,149.28,7,149.42,2,149.42,149.28,149.28,7,149.27,5,149.26,5,149.25,3,149.24,1,149.22,7,149.21,4,149.17,2,149.15,1,149.14,1,149.42,2,149.43,4,149.44,8,149.5,7,149.59,5,149.64,1,149.69,6,149.72,3,149.73,1,149.74,4
2025-04-10 09:35:39,149.355,149.38,1,149.29,2,149.42,2,149.42,149.29,149.29,2,149.28,7,149.27,5,149.26,5,149.25,3,149.24,1,149.22,7,149.21,4,149.17,2,149.15,1,149.42,2,149.43,4,149.44,8,149.5,7,149.59,5,149.64,1,149.69,6,149.72,3,149.73,1,149.74,4
2025-04-10 09:35:40,149.355,149.38,1,149.29,2,149.42,3,149.42,149.29,149.29,2,149.28,7,149.27,5,149.26,5,149.25,3,149.24,1,149.22,7,149.21,4,149.17,2,149.15,1,149.42,3,149.43,4,149.44,8,149.5,7,149.59,5,149.64,1,149.69,6,149.72,3,149.73,1,149.74,4
2025-04-10 09:35:41,149.355,149.38,1,149.29,2,149.42,3,149.42,149.29,149.29,2,149.28,7,149.27,5,149.26,5,149.25,3,149.24,1,149.22,7,149.21,4,149.17,2,149.15,1,149.42,3,149.43,4,149.44,8,149.5,7,149.59,5,149.64,1,149.69,6,149.72,3,149.73,1,149.74,4
2025-04-10 09:35:42,149.355,149.35,3,149.29,2,149.42,3,149.42,149.29,149.29,2,149.28,7,149.27,5,149.26,5,149.25,3,149.24,1,149.22,7,149.21,4,149.17,2,149.15,1,149.42,3,149.43,4,149.44,8,149.5,7,149.59,5,149.64,1,149.69,6,149.72,3,149.73,1,149.74,4
2025-04-10 09:35:43,149.355,149.35,3,149.29,2,149.42,3,149.42,149.29,149.29,2,149.28,7,149.27,5,149.26,5,149.25,3,149.24,1,149.22,7,149.21,4,149.17,2,149.15,1,149.42,3,149.43,4,149.44,8,149.5,7,149.59,5,149.64,1,149.69,6,149.72,3,149.73,1,149.74,4
2025-04-10 09:35:44,149.38,149.4,1,149.32,1,149.44,6,149.44,149.32,149.32,1,149.31,4,149.29,6,149.28,7,149.27,5,149.26,5,149.25,3,149.24,1,149.22,7,149.21,4,149.44,6,149.5,7,149.59,5,149.64,1,149.69,6,149.72,3,149.73,1,149.74,4,149.82,6,149.85,1
2025-04-10 09:35:45,149.38,149.4,1,149.32,1,149.44,6,149.44,149.32,149.32,1,149.31,4,149.29,6,149.28,7,149.27,5,149.26,5,149.25,3,149.24,1,149.22,7,149.21,4,149.44,6,149.5,7,149.59,5,149.64,1,149.69,6,149.72,3,149.73,1,149.74,4,149.82,6,149.85,1
2025-04-10 09:35:46,149.49,149.49,2,149.43,3,149.55,5,149.55,149.43,149.43,3,149.4,4,149.36,1,149.32,2,149.31,4,149.29,6,149.28,7,149.27,5,149.26,5,149.25,3,149.55,5,149.59,5,149.64,1,149.69,6,149.72,3,149.73,1,149.74,4,149.82,6,149.85,1,149.87,4
2025-04-10 09:35:47,149.45,149.45,1,149.38,5,149.52,3,149.52,149.38,149.38,5,149.36,1,149.32,2,149.31,4,149.29,6,149.28,7,149.27,5,149.26,5,149.25,3,149.24,1,149.52,3,149.55,5,149.59,5,149.64,1,149.69,6,149.72,3,149.73,1,149.74,4,149.82,6,149.85,1
2025-04-10 09:35:48,149.45,149.45,1,149.38,5,149.52,4,149.52,149.38,149.38,5,149.36,1,149.32,2,149.31,4,149.29,6,149.28,7,149.27,5,149.26,5,149.25,3,149.24,1,149.52,4,149.55,5,149.59,5,149.64,1,149.69,6,149.72,3,149.73,1,149.74,4,149.82,6,149.85,1
2025-04-10 09:35:49,149.46,149.46,1,149.38,5,149.54,3,149.54,149.38,149.38,5,149.36,1,149.32,2,149.31,4,149.29,6,149.28,7,149.27,5,149.26,5,149.25,3,149.24,1,149.54,3,149.55,5,149.59,5,149.64,1,149.69,6,149.72,3,149.73,1,149.74,4,149.82,6,149.85,1
2025-04-10 09:35:50,149.465,149.47,1,149.38,5,149.55,7,149.55,149.38,149.38,5,149.36,1,149.32,2,149.31,4,149.29,6,149.28,7,149.27,5,149.26,5,149.25,3,149.24,1,149.55,7,149.59,5,149.64,1,149.69,6,149.72,3,149.73,1,149.74,4,149.82,6,149.85,1,149.87,4
2025-04-10 09:35:51,149.465,149.47,1,149.38,5,149.55,8,149.55,149.38,149.38,5,149.36,1,149.32,2,149.31,4,149.29,6,149.28,7,149.27,5,149.26,5,149.25,3,149.24,1,149.55,8,149.59,5,149.64,1,149.69,6,149.72,3,149.73,1,149.74,4,149.82,6,149.85,1,149.87,4
2025-04-10 09:35:52,149.465,149.47,1,149.38,5,149.55,8,149.55,149.38,149.38,5,149.36,1,149.32,2,149.31,4,149.29,6,149.28,7,149.27,5,149.26,5,149.25,3,149.24,1,149.55,8,149.59,5,149.64,1,149.69,6,149.72,3,149.73,1,149.74,4,149.82,6,149.85,1,149.87,4
2025-04-10 09:35:53,149.465,149.47,1,149.38,5,149.55,9,149.55,149.38,149.38,5,149.36,1,149.32,2,149.31,4,149.29,6,149.28,7,149.27,5,149.26,5,149.25,3,149.24,1,149.55,9,149.59,5,149.64,1,149.69,6,149.72,3,149.73,1,149.74,4,149.82,6,149.85,1,149.87,4
2025-04-10 09:35:54,149.62,149.62,1,149.53,1,149.71,4,149.71,149.53,149.53,1,149.52,1,149.51,4,149.43,2,149.38,5,149.36,1,149.32,2,149.31,4,149.29,6,149.28,7,149.71,4,149.72,3,149.73,1,149.74,4,149.82,6,149.85,1,149.87,4,149.89,3,149.95,5,150.01,11
2025-04-10 09:35:55,149.625,149.62,1,149.53,2,149.72,3,149.72,149.53,149.53,2,149.52,1,149.51,4,149.43,2,149.38,5,149.36,1,149.32,2,149.31,4,149.29,6,149.28,7,149.72,3,149.73,1,149.74,4,149.82,6,149.85,1,149.87,4,149.89,3,149.95,5,150.01,11,150.06,1
2025-04-10 09:35:56,149.63,149.54,1,149.54,2,149.72,3,149.72,149.54,149.54,2,149.53,2,149.52,1,149.51,4,149.43,2,149.38,5,149.36,1,149.32,2,149.31,4,149.29,6,149.72,3,149.73,1,149.74,4,149.82,6,149.85,1,149.87,4,149.89,3,149.95,5,150.01,11,150.06,1
2025-04-10 09:35:57,149.63,149.54,1,149.54,2,149.72,3,149.72,149.54,149.54,2,149.53,2,149.52,1,149.51,4,149.43,2,149.38,5,149.36,1,149.32,2,149.31,4,149.29,6,149.72,3,149.73,1,149.74,4,149.82,6,149.85,1,149.87,4,149.89,3,149.95,5,150.01,11,150.06,1
2025-04-10 09:35:58,149.63,149.62,1,149.54,2,149.72,3,149.72,149.54,149.54,2,149.53,2,149.52,1,149.51,4,149.43,2,149.38,5,149.36,1,149.32,2,149.31,4,149.29,6,149.72,3,149.73,1,149.74,4,149.82,6,149.85,1,149.87,4,149.89,3,149.95,5,150.01,11,150.06,1
2025-04-10 09:35:59,149.63,149.63,1,149.54,2,149.72,3,149.72,149.54,149.54,2,149.53,2,149.52,1,149.51,4,149.43,2,149.38,5,149.36,1,149.32,2,149.31,4,149.29,6,149.72,3,149.73,1,149.74,4,149.82,6,149.85,1,149.87,4,149.89,3,149.95,5,150.01,11,150.06,1
2025-04-10 09:36:00,149.63,149.63,1,149.54,3,149.72,3,149.72,149.54,149.54,3,149.53,2,149.52,1,149.51,4,149.43,2,149.38,5,149.36,1,149.32,2,149.31,4,149.29,6,149.72,3,149.73,1,149.74,4,149.82,6,149.85,1,149.87,4,149.89,3,149.95,5,150.01,11,150.06,1
2025-04-10 09:36:01,149.63,149.63,1,149.54,3,149.72,3,149.72,149.54,149.54,3,149.53,2,149.52,1,149.51,4,149.43,2,149.38,5,149.36,1,149.32,2,149.31,4,149.29,6,149.72,3,149.73,1,149.74,4,149.82,6,149.85,1,149.87,4,149.89,3,149.95,5,150.01,11,150.06,1
2025-04-10 09:36:02,149.64,149.63,1,149.56,1,149.72,3,149.72,149.56,149.56,1,149.54,3,149.53,2,149.52,1,149.51,4,149.43,2,149.38,5,149.36,1,149.32,2,149.31,4,149.72,3,149.73,1,149.74,4,149.82,6,149.85,1,149.87,4,149.89,3,149.95,5,150.01,11,150.06,1
2025-04-10 09:36:03,149.64,149.63,1,149.56,3,149.72,3,149.72,149.56,149.56,3,149.54,3,149.53,2,149.52,1,149.51,4,149.43,2,149.38,5,149.36,1,149.32,2,149.31,4,149.72,3,149.73,1,149.74,4,149.82,6,149.85,1,149.87,4,149.89,3,149.95,5,150.01,11,150.06,1
2025-04-10 09:36:04,149.73,149.73,1,149.65,3,149.81,5,149.81,149.65,149.65,3,149.62,1,149.6,3,149.58,1,149.56,4,149.54,3,149.53,2,149.52,1,149.51,4,149.43,2,149.81,5,149.82,6,149.85,1,149.87,4,149.89,3,149.95,5,150.01,11,150.06,1,150.07,2,150.1,2
2025-04-10 09:36:05,149.73,149.73,1,149.65,3,149.81,4,149.81,149.65,149.65,3,149.62,1,149.6,3,149.58,1,149.56,4,149.54,3,149.53,2,149.52,1,149.51,4,149.43,2,149.81,4,149.82,6,149.85,1,149.87,4,149.89,3,149.95,5,150.01,11,150.06,1,150.07,2,150.1,2
2025-04-10 09:36:06,149.73,149.66,2,149.65,6,149.81,4,149.81,149.65,149.65,6,149.62,1,149.6,3,149.58,1,149.56,4,149.54,3,149.53,2,149.52,1,149.51,4,149.43,2,149.81,4,149.82,6,149.85,1,149.87,4,149.89,3,149.95,5,150.01,11,150.06,1,150.07,2,150.1,2
2025-04-10 09:36:07,149.7,149.66,2,149.6,4,149.8,3,149.8,149.6,149.6,4,149.58,1,149.56,4,149.54,3,149.53,2,149.52,1,149.51,4,149.43,2,149.38,5,149.36,1,149.8,3,149.81,4,149.82,6,149.85,1,149.87,4,149.89,3,149.95,5,150.01,11,150.06,1,150.07,2
2025-04-10 09:36:08,149.7,149.66,2,149.6,4,149.8,3,149.8,149.6,149.6,4,149.58,1,149.56,4,149.54,3,149.53,2,149.52,1,149.51,4,149.43,2,149.38,5,149.36,1,149.8,3,149.81,4,149.82,6,149.85,1,149.87,4,149.89,3,149.95,5,150.01,11,150.06,1,150.07,2
2025-04-10 09:36:09,149.7,149.66,2,149.6,4,149.8,4,149.8,149.6,149.6,4,149.58,1,149.56,4,149.54,3,149.53,2,149.52,1,149.51,4,149.43,2,149.38,5,149.36,1,149.8,4,149.81,4,149.82,6,149.85,1,149.87,4,149.89,3,149.95,5,150.01,11,150.06,1,150.07,2
2025-04-10 09:36:10,149.565,149.54,2,149.51,4,149.62,1,149.62,149.51,149.51,4,149.43,2,149.38,5,149.36,1,149.32,2,149.31,4,149.29,6,149.28,7,149.27,5,149.26,5,149.62,1,149.66,3,149.69,2,149.7,1,149.74,1,149.8,6,149.81,4,149.82,6,149.85,1,149.87,4
2025-04-10 09:36:11,149.46,149.46,1,149.37,3,149.55,2,149.55,149.37,149.37,3,149.36,1,149.32,2,149.31,4,149.29,6,149.28,7,149.27,5,149.26,5,149.25,3,149.24,1,149.55,2,149.62,1,149.66,3,149.69,2,149.7,1,149.74,1,149.8,6,149.81,4,149.82,6,149.85,1
2025-04-10 09:36:12,149.455,149.46,1,149.37,3,149.54,1,149.54,149.37,149.37,3,149.36,1,149.32,2,149.31,4,149.29,6,149.28,7,149.27,5,149.26,5,149.25,3,149.24,1,149.54,1,149.55,2,149.62,1,149.66,3,149.69,2,149.7,1,149.74,1,149.8,6,149.81,4,149.82,6
2025-04-10 09:36:13,149.475,149.48,1,149.4,1,149.55,4,149.55,149.4,149.4,1,149.37,3,149.36,1,149.32,2,149.31,4,149.29,6,149.28,7,149.27,5,149.26,5,149.25,3,149.55,4,149.62,1,149.66,3,149.69,2,149.7,1,149.74,1,149.8,6,149.81,4,149.82,6,149.85,1
2025-04-10 09:36:14,149.475,149.48,1,149.4,1,149.55,4,149.55,149.4,149.4,1,149.37,3,149.36,1,149.32,2,149.31,4,149.29,6,149.28,7,149.27,5,149.26,5,149.25,3,149.55,4,149.62,1,149.66,3,149.69,2,149.7,1,149.74,1,149.8,6,149.81,4,149.82,6,149.85,1
2025-04-10 09:36:15,149.58,149.49,1,149.47,6,149.69,1,149.69,149.47,149.47,6,149.43,1,149.4,6,149.37,3,149.36,1,149.32,2,149.31,4,149.29,6,149.28,7,149.27,5,149.69,1,149.71,1,149.74,1,149.8,6,149.81,4,149.82,6,149.85,1,149.87,4,149.89,3,149.95,5
2025-04-10 09:36:16,149.59,149.49,1,149.47,6,149.71,1,149.71,149.47,149.47,6,149.43,1,149.4,6,149.37,3,149.36,1,149.32,2,149.31,4,149.29,6,149.28,7,149.27,5,149.71,1,149.74,1,149.8,6,149.81,4,149.82,6,149.85,1,149.87,4,149.89,3,149.95,5,150.01,11
2025-04-10 09:36:17,149.59,149.59,1,149.47,6,149.71,1,149.71,149.47,149.47,6,149.43,1,149.4,6,149.37,3,149.36,1,149.32,2,149.31,4,149.29,6,149.28,7,149.27,5,149.71,1,149.74,1,149.8,6,149.81,4,149.82,6,149.85,1,149.87,4,149.89,3,149.95,5,150.01,11
2025-04-10 09:36:18,149.585,149.59,1,149.47,6,149.7,1,149.7,149.47,149.47,6,149.43,1,149.4,6,149.37,3,149.36,1,149.32,2,149.31,4,149.29,6,149.28,7,149.27,5,149.7,1,149.71,1,149.74,1,149.8,6,149.81,4,149.82,6,149.85,1,149.87,4,149.89,3,149.95,5
2025-04-10 09:36:19,149.585,149.59,1,149.47,6,149.7,1,149.7,149.47,149.47,6,149.43,1,149.4,6,149.37,3,149.36,1,149.32,2,149.31,4,149.29,6,149.28,7,149.27,5,149.7,1,149.71,1,149.74,1,149.8,6,149.81,4,149.82,6,149.85,1,149.87,4,149.89,3,149.95,5
2025-04-10 09:36:20,149.585,149.59,1,149.47,6,149.7,1,149.7,149.47,149.47,6,149.43,1,149.4,6,149.37,3,149.36,1,149.32,2,149.31,4,149.29,6,149.28,7,149.27,5,149.7,1,149.71,1,149.74,1,149.8,6,149.81,4,149.82,6,149.85,1,149.87,4,149.89,3,149.95,5
2025-04-10 09:36:21,149.67,149.61,1,149.55,3,149.79,1,149.79,149.55,149.55,3,149.53,1,149.48,2,149.47,6,149.43,1,149.4,6,149.37,3,149.36,1,149.32,2,149.31,4,149.79,1,149.8,6,149.81,4,149.82,6,149.85,1,149.87,4,149.89,3,149.95,5,150.01,11,150.06,1
2025-04-10 09:36:22,149.655,149.66,2,149.53,4,149.78,1,149.78,149.53,149.53,4,149.48,2,149.47,6,149.43,1,149.4,6,149.37,3,149.36,1,149.32,2,149.31,4,149.29,6,149.78,1,149.79,1,149.8,6,149.81,4,149.82,6,149.85,1,149.87,4,149.89,3,149.95,5,150.01,11
2025-04-10 09:36:23,149.67,149.59,2,149.55,3,149.79,3,149.79,149.55,149.55,3,149.53,5,149.48,2,149.47,6,149.43,1,149.4,6,149.37,3,149.36,1,149.32,2,149.31,4,149.79,3,149.8,6,149.81,4,149.82,6,149.85,1,149.87,4,149.89,3,149.95,5,150.01,11,150.06,1
2025-04-10 09:36:24,149.675,149.68,1,149.56,1,149.79,4,149.79,149.56,149.56,1,149.55,3,149.53,5,149.48,2,149.47,6,149.43,1,149.4,6,149.37,3,149.36,1,149.32,2,149.79,4,149.8,6,149.81,4,149.82,6,149.85,1,149.87,4,149.89,3,149.95,5,150.01,11,150.06,1
2025-04-10 09:36:25,149.675,149.68,1,149.56,1,149.79,4,149.79,149.56,149.56,1,149.55,3,149.53,5,149.48,2,149.47,6,149.43,1,149.4,6,149.37,3,149.36,1,149.32,2,149.79,4,149.8,6,149.81,4,149.82,6,149.85,1,149.87,4,149.89,3,149.95,5,150.01,11,150.06,1
2025-04-10 09:36:26,149.675,149.59,1,149.56,1,149.79,4,149.79,149.56,149.56,1,149.55,3,149.53,5,149.48,2,149.47,6,149.43,1,149.4,6,149.37,3,149.36,1,149.32,2,149.79,4,149.8,6,149.81,4,149.82,6,149.85,1,149.87,4,149.89,3,149.95,5,150.01,11,150.06,1
2025-04-10 09:36:27,149.485,149.45,1,149.38,4,149.59,4,149.59,149.38,149.38,4,149.37,3,149.36,1,149.32,2,149.31,4,149.29,6,149.28,7,149.27,5,149.26,5,149.25,3,149.59,4,149.63,1,149.73,1,149.78,2,149.79,3,149.8,6,149.81,4,149.82,6,149.85,1,149.87,4
2025-04-10 09:36:28,149.485,149.45,1,149.38,4,149.59,7,149.59,149.38,149.38,4,149.37,3,149.36,1,149.32,2,149.31,4,149.29,6,149.28,7,149.27,5,149.26,5,149.25,3,149.59,7,149.63,1,149.73,1,149.78,2,149.79,3,149.8,6,149.81,4,149.82,6,149.85,1,149.87,4
2025-04-10 09:36:29,149.4,149.38,1,149.31,3,149.49,6,149.49,149.31,149.31,3,149.29,6,149.28,7,149.27,5,149.26,5,149.25,3,149.24,1,149.22,7,149.21,4,149.17,2,149.49,6,149.59,7,149.63,1,149.73,1,149.78,2,149.79,3,149.8,6,149.81,4,149.82,6,149.85,1
2025-04-10 09:36:30,149.4,149.38,1,149.31,3,149.49,6,149.49,149.31,149.31,3,149.29,6,149.28,7,149.27,5,149.26,5,149.25,3,149.24,1,149.22,7,149.21,4,149.17,2,149.49,6,149.59,7,149.63,1,149.73,1,149.78,2,149.79,3,149.8,6,149.81,4,149.82,6,149.85,1
2025-04-10 09:36:31,149.4,149.35,1,149.31,4,149.49,6,149.49,149.31,149.31,4,149.29,6,149.28,7,149.27,5,149.26,5,149.25,3,149.24,1,149.22,7,149.21,4,149.17,2,149.49,6,149.59,7,149.63,1,149.73,1,149.78,2,149.79,3,149.8,6,149.81,4,149.82,6,149.85,1
2025-04-10 09:36:32,149.4,149.35,1,149.31,4,149.49,6,149.49,149.31,149.31,4,149.29,6,149.28,7,149.27,5,149.26,5,149.25,3,149.24,1,149.22,7,149.21,4,149.17,2,149.49,6,149.59,7,149.63,1,149.73,1,149.78,2,149.79,3,149.8,6,149.81,4,149.82,6,149.85,1
2025-04-10 09:36:33,149.4,149.35,1,149.31,4,149.49,6,149.49,149.31,149.31,4,149.29,6,149.28,7,149.27,5,149.26,5,149.25,3,149.24,1,149.22,7,149.21,4,149.17,2,149.49,6,149.59,7,149.63,1,149.73,1,149.78,2,149.79,3,149.8,6,149.81,4,149.82,6,149.85,1
2025-04-10 09:36:34,149.4,149.41,1,149.31,4,149.49,6,149.49,149.31,149.31,4,149.29,6,149.28,7,149.27,5,149.26,5,149.25,3,149.24,1,149.22,7,149.21,4,149.17,2,149.49,6,149.59,7,149.63,1,149.73,1,149.78,2,149.79,3,149.8,6,149.81,4,149.82,6,149.85,1
2025-04-10 09:36:35,149.4,149.41,1,149.31,4,149.49,6,149.49,149.31,149.31,4,149.29,6,149.28,7,149.27,5,149.26,5,149.25,3,149.24,1,149.22,7,149.21,4,149.17,2,149.49,6,149.59,7,149.63,1,149.73,1,149.78,2,149.79,3,149.8,6,149.81,4,149.82,6,149.85,1
2025-04-10 09:36:36,149.4,149.41,1,149.31,4,149.49,6,149.49,149.31,149.31,4,149.29,6,149.28,7,149.27,5,149.26,5,149.25,3,149.24,1,149.22,7,149.21,4,149.17,2,149.49,6,149.59,7,149.63,1,149.73,1,149.78,2,149.79,3,149.8,6,149.81,4,149.82,6,149.85,1
2025-04-10 09:36:37,149.36,149.36,1,149.31,4,149.41,1,149.41,149.31,149.31,4,149.29,6,149.28,7,149.27,5,149.26,5,149.25,3,149.24,1,149.22,7,149.21,4,149.17,2,149.41,1,149.49,6,149.59,7,149.63,1,149.73,1,149.78,2,149.79,3,149.8,6,149.81,4,149.82,6
2025-04-10 09:36:38,149.36,149.36,1,149.31,4,149.41,1,149.41,149.31,149.31,4,149.29,6,149.28,7,149.27,5,149.26,5,149.25,3,149.24,1,149.22,7,149.21,4,149.17,2,149.41,1,149.49,6,149.59,7,149.63,1,149.73,1,149.78,2,149.79,3,149.8,6,149.81,4,149.82,6
2025-04-10 09:36:39,149.315,149.29,1,149.22,8,149.41,2,149.41,149.22,149.22,8,149.21,4,149.17,2,149.15,1,149.14,1,149.1,1,,,,,,,,,149.41,2,149.49,6,149.59,7,149.63,1,149.73,1,149.78,2,149.79,3,149.8,6,149.81,4,149.82,6
2025-04-10 09:36:40,149.24,149.29,1,149.16,1,149.32,4,149.32,149.16,149.16,1,149.15,1,149.14,1,149.1,1,,,,,,,,,,,,,149.32,4,149.37,1,149.41,2,149.49,6,149.59,7,149.63,1,149.73,1,149.78,2,149.79,3,149.8,6
2025-04-10 09:36:41,149.235,149.29,1,149.15,2,149.32,3,149.32,149.15,149.15,2,149.14,1,149.1,1,,,,,,,,,,,,,,,149.32,3,149.37,1,149.41,2,149.49,6,149.59,7,149.63,1,149.73,1,149.78,2,149.79,3,149.8,6
2025-04-10 09:36:42,149.235,149.29,1,149.15,2,149.32,4,149.32,149.15,149.15,2,149.14,1,149.1,1,,,,,,,,,,,,,,,149.32,4,149.37,1,149.41,2,149.49,6,149.59,7,149.63,1,149.73,1,149.78,2,149.79,3,149.8,6
2025-04-10 09:36:43,149.235,149.29,1,149.15,2,149.32,5,149.32,149.15,149.15,2,149.14,1,149.1,1,,,,,,,,,,,,,,,149.32,5,149.37,1,149.41,2,149.49,6,149.59,7,149.63,1,149.73,1,149.78,2,149.79,3,149.8,6
2025-04-10 09:36:44,149.205,149.15,1,149.1,3,149.31,3,149.31,149.1,149.1,3,,,,,,,,,,,,,,,,,,,149.31,3,149.32,5,149.37,1,149.41,2,149.49,6,149.59,7,149.63,1,149.73,1,149.78,2,149.79,3
2025-04-10 09:36:45,149.205,149.15,1,149.1,3,149.31,3,149.31,149.1,149.1,3,,,,,,,,,,,,,,,,,,,149.31,3,149.32,5,149.37,1,149.41,2,149.49,6,149.59,7,149.63,1,149.73,1,149.78,2,149.79,3
2025-04-10 09:36:46,149.205,149.15,1,149.1,3,149.31,3,149.31,149.1,149.1,3,,,,,,,,,,,,,,,,,,,149.31,3,149.32,5,149.37,1,149.41,2,149.49,6,149.59,7,149.63,1,149.73,1,149.78,2,149.79,3
2025-04-10 09:36:47,149.205,149.15,1,149.1,3,149.31,3,149.31,149.1,149.1,3,,,,,,,,,,,,,,,,,,,149.31,3,149.32,5,149.37,1,149.41,2,149.49,6,149.59,7,149.63,1,149.73,1,149.78,2,149.79,3
2025-04-10 09:36:48,149.2,149.15,1,149.1,3,149.3,5,149.3,149.1,149.1,3,,,,,,,,,,,,,,,,,,,149.3,5,149.31,4,149.32,5,149.37,1,149.41,2,149.49,6,149.59,7,149.63,1,149.73,1,149.78,2
2025-04-10 09:36:49,149.2,149.15,1,149.1,3,149.3,4,149.3,149.1,149.1,3,,,,,,,,,,,,,,,,,,,149.3,4,149.31,4,149.32,5,149.37,1,149.41,2,149.49,6,149.59,7,149.63,1,149.73,1,149.78,2
2025-04-10 09:36:50,149.2,149.15,1,149.1,3,149.3,4,149.3,149.1,149.1,3,,,,,,,,,,,,,,,,,,,149.3,4,149.31,4,149.32,5,149.37,1,149.41,2,149.49,6,149.59,7,149.63,1,149.73,1,149.78,2
2025-04-10 09:36:51,149.205,149.15,1,149.1,3,149.31,4,149.31,149.1,149.1,3,,,,,,,,,,,,,,,,,,,149.31,4,149.32,5,149.37,1,149.41,2,149.49,6,149.59,7,149.63,1,149.73,1,149.78,2,149.79,3
2025-04-10 09:36:52,149.205,149.15,1,149.1,6,149.31,4,149.31,149.1,149.1,6,,,,,,,,,,,,,,,,,,,149.31,4,149.32,5,149.37,1,149.41,2,149.49,6,149.59,7,149.63,1,149.73,1,149.78,2,149.79,3
2025-04-10 09:36:53,149.205,149.21,1,149.1,6,149.31,4,149.31,149.1,149.1,6,,,,,,,,,,,,,,,,,,,149.31,4,149.32,5,149.37,1,149.41,2,149.49,6,149.59,7,149.63,1,149.73,1,149.78,2,149.79,3
2025-04-10 09:36:54,149.205,149.21,1,149.1,6,149.31,4,149.31,149.1,149.1,6,,,,,,,,,,,,,,,,,,,149.31,4,149.32,5,149.37,1,149.41,2,149.49,6,149.59,7,149.63,1,149.73,1,149.78,2,149.79,3
2025-04-10 09:36:55,149.205,149.21,1,149.1,6,149.31,5,149.31,149.1,149.1,6,,,,,,,,,,,,,,,,,,,149.31,5,149.32,5,149.37,1,149.41,2,149.49,6,149.59,7,149.63,1,149.73,1,149.78,2,149.79,3
2025-04-10 09:36:56,149.205,149.21,1,149.1,6,149.31,5,149.31,149.1,149.1,6,,,,,,,,,,,,,,,,,,,149.31,5,149.32,5,149.37,1,149.41,2,149.49,6,149.59,7,149.63,1,149.73,1,149.78,2,149.79,3
2025-04-10 09:36:57,149.205,149.21,1,149.1,5,149.31,5,149.31,149.1,149.1,5,,,,,,,,,,,,,,,,,,,149.31,5,149.32,5,149.37,1,149.41,2,149.49,6,149.59,7,149.63,1,149.73,1,149.78,2,149.79,3
2025-04-10 09:36:58,149.12,149.12,1,149.03,3,149.21,4,149.21,149.03,149.03,3,,,,,,,,,,,,,,,,,,,149.21,4,149.27,1,149.31,6,149.32,5,149.37,1,149.41,2,149.49,6,149.59,7,149.63,1,149.73,1
2025-04-10 09:36:59,149.07,149.09,1,149.01,2,149.13,2,149.13,149.01,149.01,2,,,,,,,,,,,,,,,,,,,149.13,2,149.21,4,149.27,1,149.31,6,149.32,5,149.37,1,149.41,2,149.49,6,149.59,7,149.63,1
2025-04-10 09:37:00,149.065,149.03,2,149.0,3,149.13,3,149.13,149.0,149.0,3,,,,,,,,,,,,,,,,,,,149.13,3,149.21,4,149.27,1,149.31,6,149.32,5,149.37,1,149.41,2,149.49,6,149.59,7,149.63,1
2025-04-10 09:37:01,148.985,148.99,1,148.91,1,149.06,3,149.06,148.91,148.91,1,,,,,,,,,,,,,,,,,,,149.06,3,149.07,1,149.08,1,149.09,4,149.13,4,149.21,4,149.27,1,149.31,6,149.32,5,149.37,1
2025-04-10 09:37:02,148.985,148.99,1,148.91,1,149.06,3,149.06,148.91,148.91,1,,,,,,,,,,,,,,,,,,,149.06,3,149.07,1,149.08,1,149.09,4,149.13,4,149.21,4,149.27,1,149.31,6,149.32,5,149.37,1
2025-04-10 09:37:03,148.98,148.93,1,148.9,3,149.06,7,149.06,148.9,148.9,3,,,,,,,,,,,,,,,,,,,149.06,7,149.07,1,149.08,1,149.09,4,149.13,4,149.21,4,149.27,1,149.31,6,149.32,5,149.37,1
2025-04-10 09:37:04,148.975,148.98,1,148.89,2,149.06,8,149.06,148.89,148.89,2,,,,,,,,,,,,,,,,,,,149.06,8,149.07,1,149.08,1,149.09,4,149.13,4,149.21,4,149.27,1,149.31,6,149.32,5,149.37,1
2025-04-10 09:37:05,148.96,148.94,1,148.86,2,149.06,7,149.06,148.86,148.86,2,,,,,,,,,,,,,,,,,,,149.06,7,149.07,1,149.08,1,149.09,4,149.13,4,149.21,4,149.27,1,149.31,6,149.32,5,149.37,1
2025-04-10 09:37:06,148.955,148.86,3,148.86,2,149.05,3,149.05,148.86,148.86,2,,,,,,,,,,,,,,,,,,,149.05,3,149.06,7,149.07,1,149.08,1,149.09,4,149.13,4,149.21,4,149.27,1,149.31,6,149.32,5
2025-04-10 09:37:07,148.895,148.86,1,148.84,1,148.95,2,148.95,148.84,148.84,1,,,,,,,,,,,,,,,,,,,148.95,2,148.98,4,148.99,1,149.05,3,149.06,7,149.07,1,149.08,1,149.09,4,149.13,4,149.21,4
2025-04-10 09:37:08,148.78,148.72,1,148.71,4,148.85,2,148.85,148.71,148.71,4,,,,,,,,,,,,,,,,,,,148.85,2,148.91,1,148.95,4,148.98,4,148.99,1,149.05,3,149.06,7,149.07,1,149.08,1,149.09,4
2025-04-10 09:37:09,148.77,148.72,1,148.69,3,148.85,4,148.85,148.69,148.69,3,,,,,,,,,,,,,,,,,,,148.85,4,148.91,1,148.95,4,148.98,4,148.99,1,149.05,3,149.06,7,149.07,1,149.08,1,149.09,4
2025-04-10 09:37:10,148.755,148.71,2,148.66,2,148.85,6,148.85,148.66,148.66,2,,,,,,,,,,,,,,,,,,,148.85,6,148.87,1,148.91,1,148.95,4,148.98,4,148.99,1,149.05,3,149.06,7,149.07,1,149.08,1
2025-04-10 09:37:11,148.695,148.71,2,148.61,5,148.78,1,148.78,148.61,148.61,5,,,,,,,,,,,,,,,,,,,148.78,1,148.82,1,148.85,6,148.87,1,148.91,1,148.95,4,148.98,4,148.99,1,149.05,3,149.06,7
2025-04-10 09:37:12,148.615,148.67,1,148.53,1,148.7,3,148.7,148.53,148.53,1,,,,,,,,,,,,,,,,,,,148.7,3,148.77,4,148.78,1,148.82,1,148.85,6,148.87,1,148.91,1,148.95,4,148.98,4,148.99,1
2025-04-10 09:37:13,148.61,148.52,5,148.52,5,148.7,6,148.7,148.52,148.52,5,,,,,,,,,,,,,,,,,,,148.7,6,148.77,4,148.78,1,148.82,1,148.85,6,148.87,1,148.91,1,148.95,4,148.98,4,148.99,1
2025-04-10 09:37:14,148.59,148.51,1,148.5,5,148.68,1,148.68,148.5,148.5,5,,,,,,,,,,,,,,,,,,,148.68,1,148.7,9,148.77,4,148.78,1,148.82,1,148.85,6,148.87,1,148.91,1,148.95,4,148.98,4
2025-04-10 09:37:15,148.55,148.5,5,148.46,1,148.64,1,148.64,148.46,148.46,1,,,,,,,,,,,,,,,,,,,148.64,1,148.67,1,148.68,3,148.7,9,148.77,4,148.78,1,148.82,1,148.85,6,148.87,1,148.91,1
2025-04-10 09:37:16,148.51,148.43,1,148.4,1,148.62,4,148.62,148.4,148.4,1,,,,,,,,,,,,,,,,,,,148.62,4,148.64,1,148.67,1,148.68,3,148.7,9,148.77,4,148.78,1,148.82,1,148.85,6,148.87,1
2025-04-10 09:37:17,148.51,148.41,1,148.4,1,148.62,7,148.62,148.4,148.4,1,,,,,,,,,,,,,,,,,,,148.62,7,148.64,1,148.67,1,148.68,3,148.7,9,148.77,4,148.78,1,148.82,1,148.85,6,148.87,1
2025-04-10 09:37:18,148.51,148.41,1,148.4,1,148.62,7,148.62,148.4,148.4,1,,,,,,,,,,,,,,,,,,,148.62,7,148.64,1,148.67,1,148.68,3,148.7,9,148.77,4,148.78,1,148.82,1,148.85,6,148.87,1
2025-04-10 09:37:19,148.51,148.41,1,148.4,1,148.62,7,148.62,148.4,148.4,1,,,,,,,,,,,,,,,,,,,148.62,7,148.64,1,148.67,1,148.68,3,148.7,9,148.77,4,148.78,1,148.82,1,148.85,6,148.87,1
2025-04-10 09:37:20,148.46,148.46,1,148.4,4,148.52,1,148.52,148.4,148.4,4,,,,,,,,,,,,,,,,,,,148.52,1,148.62,7,148.64,1,148.67,1,148.68,3,148.7,9,148.77,4,148.78,1,148.82,1,148.85,6
2025-04-10 09:37:21,148.46,148.46,1,148.4,3,148.52,6,148.52,148.4,148.4,3,,,,,,,,,,,,,,,,,,,148.52,6,148.62,7,148.64,1,148.67,1,148.68,3,148.7,9,148.77,4,148.78,1,148.82,1,148.85,6
2025-04-10 09:37:22,148.525,148.53,1,148.43,3,148.62,6,148.62,148.43,148.43,3,148.41,2,148.4,3,,,,,,,,,,,,,,,148.62,6,148.64,1,148.67,1,148.68,3,148.7,9,148.77,4,148.78,1,148.82,1,148.85,6,148.87,1
2025-04-10 09:37:23,148.525,148.53,1,148.43,5,148.62,6,148.62,148.43,148.43,5,148.41,2,148.4,3,,,,,,,,,,,,,,,148.62,6,148.64,1,148.67,1,148.68,3,148.7,9,148.77,4,148.78,1,148.82,1,148.85,6,148.87,1
2025-04-10 09:37:24,148.525,148.46,1,148.43,5,148.62,6,148.62,148.43,148.43,5,148.41,2,148.4,3,,,,,,,,,,,,,,,148.62,6,148.64,1,148.67,1,148.68,3,148.7,9,148.77,4,148.78,1,148.82,1,148.85,6,148.87,1
2025-04-10 09:37:25,148.52,148.43,1,148.43,5,148.61,1,148.61,148.43,148.43,5,148.41,2,148.4,3,,,,,,,,,,,,,,,148.61,1,148.62,7,148.64,1,148.67,1,148.68,3,148.7,9,148.77,4,148.78,1,148.82,1,148.85,6
2025-04-10 09:37:26,148.52,148.43,1,148.43,5,148.61,5,148.61,148.43,148.43,5,148.41,2,148.4,3,,,,,,,,,,,,,,,148.61,5,148.62,7,148.64,1,148.67,1,148.68,3,148.7,9,148.77,4,148.78,1,148.82,1,148.85,6
2025-04-10 09:37:27,148.48,148.43,1,148.43,3,148.53,1,148.53,148.43,148.43,3,148.41,2,148.4,3,,,,,,,,,,,,,,,148.53,1,148.61,5,148.62,7,148.64,1,148.67,1,148.68,3,148.7,9,148.77,4,148.78,1,148.82,1
2025-04-10 09:37:28,148.48,148.48,1,148.43,3,148.53,4,148.53,148.43,148.43,3,148.41,2,148.4,3,,,,,,,,,,,,,,,148.53,4,148.61,5,148.62,7,148.64,1,148.67,1,148.68,3,148.7,9,148.77,4,148.78,1,148.82,1
2025-04-10 09:37:29,148.48,148.45,1,148.43,3,148.53,5,148.53,148.43,148.43,3,148.41,2,148.4,3,,,,,,,,,,,,,,,148.53,5,148.61,5,148.62,7,148.64,1,148.67,1,148.68,3,148.7,9,148.77,4,148.78,1,148.82,1
2025-04-10 09:37:30,148.48,148.48,1,148.43,3,148.53,6,148.53,148.43,148.43,3,148.41,2,148.4,3,,,,,,,,,,,,,,,148.53,6,148.61,5,148.62,7,148.64,1,148.67,1,148.68,3,148.7,9,148.77,4,148.78,1,148.82,1
2025-04-10 09:37:31,148.48,148.48,1,148.43,3,148.53,6,148.53,148.43,148.43,3,148.41,2,148.4,3,,,,,,,,,,,,,,,148.53,6,148.61,5,148.62,7,148.64,1,148.67,1,148.68,3,148.7,9,148.77,4,148.78,1,148.82,1
2025-04-10 09:37:32,148.48,148.48,1,148.43,3,148.53,7,148.53,148.43,148.43,3,148.41,2,148.4,3,,,,,,,,,,,,,,,148.53,7,148.61,5,148.62,7,148.64,1,148.67,1,148.68,3,148.7,9,148.77,4,148.78,1,148.82,1
2025-04-10 09:37:33,148.55,148.55,1,148.48,2,148.62,2,148.62,148.48,148.48,2,148.44,2,148.43,3,148.41,2,148.4,3,,,,,,,,,,,148.62,2,148.64,1,148.67,1,148.68,3,148.7,9,148.77,4,148.78,1,148.82,1,148.85,6,148.87,1
2025-04-10 09:37:34,148.55,148.55,1,148.48,4,148.62,2,148.62,148.48,148.48,4,148.44,2,148.43,3,148.41,2,148.4,3,,,,,,,,,,,148.62,2,148.64,1,148.67,1,148.68,3,148.7,9,148.77,4,148.78,1,148.82,1,148.85,6,148.87,1
2025-04-10 09:37:35,148.55,148.55,1,148.48,4,148.62,2,148.62,148.48,148.48,4,148.44,2,148.43,3,148.41,2,148.4,3,,,,,,,,,,,148.62,2,148.64,1,148.67,1,148.68,3,148.7,9,148.77,4,148.78,1,148.82,1,148.85,6,148.87,1
2025-04-10 09:37:36,148.55,148.55,1,148.48,5,148.62,3,148.62,148.48,148.48,5,148.44,2,148.43,3,148.41,2,148.4,3,,,,,,,,,,,148.62,3,148.64,1,148.67,1,148.68,3,148.7,9,148.77,4,148.78,1,148.82,1,148.85,6,148.87,1
2025-04-10 09:37:37,148.55,148.55,1,148.48,5,148.62,3,148.62,148.48,148.48,5,148.44,2,148.43,3,148.41,2,148.4,3,,,,,,,,,,,148.62,3,148.64,1,148.67,1,148.68,3,148.7,9,148.77,4,148.78,1,148.82,1,148.85,6,148.87,1
2025-04-10 09:37:38,148.55,148.55,1,148.48,7,148.62,4,148.62,148.48,148.48,7,148.44,2,148.43,3,148.41,2,148.4,3,,,,,,,,,,,148.62,4,148.64,1,148.67,1,148.68,3,148.7,9,148.77,4,148.78,1,148.82,1,148.85,6,148.87,1
2025-04-10 09:37:39,148.55,148.55,1,148.48,7,148.62,4,148.62,148.48,148.48,7,148.44,2,148.43,3,148.41,2,148.4,3,,,,,,,,,,,148.62,4,148.64,1,148.67,1,148.68,3,148.7,9,148.77,4,148.78,1,148.82,1,148.85,6,148.87,1
2025-04-10 09:37:40,148.615,148.62,1,148.55,3,148.68,3,148.68,148.55,148.55,3,148.54,4,148.49,1,148.48,8,148.44,2,148.43,3,148.41,2,148.4,3,,,,,148.68,3,148.7,9,148.77,4,148.78,1,148.82,1,148.85,6,148.87,1,148.91,1,148.95,4,148.98,4
2025-04-10 09:37:41,148.605,148.53,2,148.53,3,148.68,3,148.68,148.53,148.53,3,148.48,8,148.44,2,148.43,3,148.41,2,148.4,3,,,,,,,,,148.68,3,148.7,9,148.77,4,148.78,1,148.82,1,148.85,6,148.87,1,148.91,1,148.95,4,148.98,4
2025-04-10 09:37:42,148.605,148.53,4,148.53,3,148.68,5,148.68,148.53,148.53,3,148.48,8,148.44,2,148.43,3,148.41,2,148.4,3,,,,,,,,,148.68,5,148.7,9,148.77,4,148.78,1,148.82,1,148.85,6,148.87,1,148.91,1,148.95,4,148.98,4
2025-04-10 09:37:43,148.605,148.53,1,148.53,3,148.68,5,148.68,148.53,148.53,3,148.48,8,148.44,2,148.43,3,148.41,2,148.4,3,,,,,,,,,148.68,5,148.7,9,148.77,4,148.78,1,148.82,1,148.85,6,148.87,1,148.91,1,148.95,4,148.98,4
2025-04-10 09:37:44,148.605,148.53,1,148.53,3,148.68,5,148.68,148.53,148.53,3,148.48,8,148.44,2,148.43,3,148.41,2,148.4,3,,,,,,,,,148.68,5,148.7,9,148.77,4,148.78,1,148.82,1,148.85,6,148.87,1,148.91,1,148.95,4,148.98,4
2025-04-10 09:37:45,148.59,148.53,1,148.52,5,148.66,5,148.66,148.52,148.52,5,148.49,1,148.48,8,148.44,2,148.43,3,148.41,2,148.4,3,,,,,,,148.66,5,148.68,5,148.7,9,148.77,4,148.78,1,148.82,1,148.85,6,148.87,1,148.91,1,148.95,4
2025-04-10 09:37:46,148.59,148.53,1,148.52,5,148.66,5,148.66,148.52,148.52,5,148.49,1,148.48,8,148.44,2,148.43,3,148.41,2,148.4,3,,,,,,,148.66,5,148.68,5,148.7,9,148.77,4,148.78,1,148.82,1,148.85,6,148.87,1,148.91,1,148.95,4
2025-04-10 09:37:47,148.59,148.53,1,148.52,5,148.66,5,148.66,148.52,148.52,5,148.49,1,148.48,8,148.44,2,148.43,3,148.41,2,148.4,3,,,,,,,148.66,5,148.68,5,148.7,9,148.77,4,148.78,1,148.82,1,148.85,6,148.87,1,148.91,1,148.95,4
2025-04-10 09:37:48,148.59,148.53,1,148.52,5,148.66,5,148.66,148.52,148.52,5,148.49,1,148.48,8,148.44,2,148.43,3,148.41,2,148.4,3,,,,,,,148.66,5,148.68,5,148.7,9,148.77,4,148.78,1,148.82,1,148.85,6,148.87,1,148.91,1,148.95,4
