sim_time,mid_price,last_price,last_size,best_bid_price,best_bid_size,best_ask_price,best_ask_size,close_price_buy,close_price_sell,bid1_price,bid1_size,bid2_price,bid2_size,bid3_price,bid3_size,bid4_price,bid4_size,bid5_price,bid5_size,bid6_price,bid6_size,bid7_price,bid7_size,bid8_price,bid8_size,bid9_price,bid9_size,bid10_price,bid10_size,ask1_price,ask1_size,ask2_price,ask2_size,ask3_price,ask3_size,ask4_price,ask4_size,ask5_price,ask5_size,ask6_price,ask6_size,ask7_price,ask7_size,ask8_price,ask8_size,ask9_price,ask9_size,ask10_price,ask10_size
2025-04-10 09:30:11,229.71,229.71,1,229.48,7,229.94,4,229.94,229.48,229.48,7,229.34,2,229.29,2,229.28,13,229.24,5,229.06,3,229.0,2,,,,,,,229.94,4,230.0,99,230.74,4,,,,,,,,,,,,,,
2025-04-10 09:30:12,229.72,229.71,1,229.5,2,229.94,4,229.94,229.5,229.5,2,229.48,7,229.34,2,229.29,2,229.28,13,229.24,5,229.06,3,229.0,2,,,,,229.94,4,230.0,99,230.74,4,,,,,,,,,,,,,,
2025-04-10 09:30:14,229.72,229.73,1,229.5,3,229.94,5,229.94,229.5,229.5,3,229.48,7,229.34,2,229.29,2,229.28,13,229.24,5,229.06,3,229.0,2,,,,,229.94,5,229.98,1,230.0,99,230.74,4,,,,,,,,,,,,
2025-04-10 09:30:15,229.72,229.72,1,229.5,6,229.94,5,229.94,229.5,229.5,6,229.48,7,229.34,2,229.29,2,229.28,13,229.24,5,229.06,3,229.0,2,,,,,229.94,5,229.98,1,230.0,99,230.74,4,,,,,,,,,,,,
2025-04-10 09:30:16,229.72,229.72,1,229.5,7,229.94,5,229.94,229.5,229.5,7,229.48,7,229.34,2,229.29,2,229.28,13,229.24,5,229.06,3,229.0,2,,,,,229.94,5,229.98,1,230.0,99,230.74,4,,,,,,,,,,,,
2025-04-10 09:30:17,229.72,229.72,1,229.5,7,229.94,5,229.94,229.5,229.5,7,229.48,7,229.34,2,229.29,2,229.28,13,229.24,5,229.06,3,229.0,2,,,,,229.94,5,229.98,1,230.0,99,230.74,4,,,,,,,,,,,,
2025-04-10 09:30:18,229.72,229.72,1,229.5,7,229.94,5,229.94,229.5,229.5,7,229.48,7,229.34,2,229.29,2,229.28,13,229.24,5,229.06,3,229.0,2,,,,,229.94,5,229.98,1,230.0,99,230.74,4,,,,,,,,,,,,
2025-04-10 09:30:19,229.72,229.72,1,229.5,7,229.94,5,229.94,229.5,229.5,7,229.48,7,229.34,2,229.29,2,229.28,13,229.24,5,229.06,3,229.0,2,,,,,229.94,5,229.98,1,230.0,99,230.74,4,,,,,,,,,,,,
2025-04-10 09:30:20,229.72,229.72,1,229.5,7,229.94,5,229.94,229.5,229.5,7,229.48,7,229.34,2,229.29,2,229.28,13,229.24,5,229.06,3,229.0,2,,,,,229.94,5,229.98,1,230.0,99,230.74,4,,,,,,,,,,,,
2025-04-10 09:30:21,229.75,229.83,1,229.5,8,230.0,3,230.0,229.5,229.5,8,229.48,7,229.34,2,229.29,2,229.28,13,229.24,5,229.06,3,229.0,2,,,,,230.0,3,230.16,1,230.74,4,,,,,,,,,,,,,,
2025-04-10 09:30:22,229.75,229.83,1,229.5,8,230.0,3,230.0,229.5,229.5,8,229.48,7,229.34,2,229.29,2,229.28,13,229.24,5,229.06,3,229.0,2,,,,,230.0,3,230.16,1,230.74,4,,,,,,,,,,,,,,
2025-04-10 09:30:23,229.75,229.83,1,229.5,8,230.0,3,230.0,229.5,229.5,8,229.48,7,229.34,2,229.29,2,229.28,13,229.24,5,229.06,3,229.0,2,,,,,230.0,3,230.16,1,230.74,4,,,,,,,,,,,,,,
2025-04-10 09:30:24,229.75,229.83,1,229.5,8,230.0,3,230.0,229.5,229.5,8,229.48,7,229.34,2,229.29,2,229.28,13,229.24,5,229.06,3,229.0,2,,,,,230.0,3,230.16,1,230.74,4,,,,,,,,,,,,,,
2025-04-10 09:30:25,229.75,229.75,1,229.5,8,230.0,3,230.0,229.5,229.5,8,229.48,7,229.34,2,229.29,2,229.28,13,229.24,5,229.06,3,229.0,2,,,,,230.0,3,230.16,1,230.74,4,,,,,,,,,,,,,,
2025-04-10 09:30:26,229.93,230.08,1,229.7,9,230.16,4,230.16,229.7,229.7,9,229.68,6,229.6,2,229.5,8,229.48,7,229.34,2,229.29,2,229.28,13,229.24,5,229.06,3,230.16,4,230.74,4,,,,,,,,,,,,,,,,
2025-04-10 09:30:27,230.015,230.01,1,229.87,6,230.16,4,230.16,229.87,229.87,6,229.7,8,229.68,6,229.6,2,229.5,8,229.48,7,229.34,2,229.29,2,229.28,13,229.24,5,230.16,4,230.74,4,,,,,,,,,,,,,,,,
2025-04-10 09:30:28,230.015,230.01,1,229.87,6,230.16,4,230.16,229.87,229.87,6,229.7,8,229.68,6,229.6,2,229.5,8,229.48,7,229.34,2,229.29,2,229.28,13,229.24,5,230.16,4,230.74,4,,,,,,,,,,,,,,,,
2025-04-10 09:30:29,230.0,229.87,1,229.87,11,230.13,2,230.13,229.87,229.87,11,229.7,8,229.68,6,229.6,2,229.5,8,229.48,7,229.34,2,229.29,2,229.28,13,229.24,5,230.13,2,230.16,6,230.17,1,230.74,4,,,,,,,,,,,,
2025-04-10 09:30:30,230.0,230.0,1,229.87,11,230.13,2,230.13,229.87,229.87,11,229.7,8,229.68,6,229.6,2,229.5,8,229.48,7,229.34,2,229.29,2,229.28,13,229.24,5,230.13,2,230.16,6,230.17,1,230.74,4,,,,,,,,,,,,
2025-04-10 09:30:31,230.0,230.0,1,229.87,11,230.13,2,230.13,229.87,229.87,11,229.7,8,229.68,6,229.6,2,229.5,8,229.48,7,229.34,2,229.29,2,229.28,13,229.24,5,230.13,2,230.16,6,230.17,1,230.74,4,,,,,,,,,,,,
2025-04-10 09:30:32,230.0,230.01,1,229.87,11,230.13,2,230.13,229.87,229.87,11,229.7,8,229.68,6,229.6,2,229.5,8,229.48,7,229.34,2,229.29,2,229.28,13,229.24,5,230.13,2,230.16,6,230.17,1,230.74,4,,,,,,,,,,,,
2025-04-10 09:30:33,229.85,229.77,1,229.7,1,230.0,2,230.0,229.7,229.7,1,229.69,3,229.68,6,229.6,2,229.5,8,229.48,7,229.34,2,229.29,2,229.28,13,229.24,5,230.0,2,230.04,1,230.13,8,230.16,6,230.17,1,230.74,4,,,,,,,,
2025-04-10 09:30:34,229.835,229.84,1,229.67,1,230.0,3,230.0,229.67,229.67,1,229.66,1,229.6,2,229.5,8,229.48,7,229.34,2,229.29,2,229.28,13,229.24,5,229.06,3,230.0,3,230.04,1,230.13,8,230.16,6,230.17,1,230.74,4,,,,,,,,
2025-04-10 09:30:35,229.805,229.84,1,229.61,1,230.0,3,230.0,229.61,229.61,1,229.6,2,229.5,8,229.48,7,229.34,2,229.29,2,229.28,13,229.24,5,229.06,3,229.0,2,230.0,3,230.04,1,230.13,8,230.16,6,230.17,1,230.74,4,,,,,,,,
2025-04-10 09:30:36,229.805,229.81,1,229.61,2,230.0,3,230.0,229.61,229.61,2,229.6,2,229.5,8,229.48,7,229.34,2,229.29,2,229.28,13,229.24,5,229.06,3,229.0,2,230.0,3,230.04,1,230.13,8,230.16,6,230.17,1,230.74,4,,,,,,,,
2025-04-10 09:30:37,229.805,229.81,1,229.61,2,230.0,3,230.0,229.61,229.61,2,229.6,2,229.5,8,229.48,7,229.34,2,229.29,2,229.28,13,229.24,5,229.06,3,229.0,2,230.0,3,230.04,1,230.13,8,230.16,6,230.17,1,230.74,4,,,,,,,,
2025-04-10 09:30:38,229.675,229.58,1,229.44,3,229.91,1,229.91,229.44,229.44,3,229.34,2,229.29,2,229.28,13,229.24,5,229.06,3,229.0,2,,,,,,,229.91,1,230.0,4,230.04,1,230.13,8,230.16,6,230.17,1,230.74,4,,,,,,
2025-04-10 09:30:39,229.675,229.6,1,229.44,3,229.91,1,229.91,229.44,229.44,3,229.34,2,229.29,2,229.28,13,229.24,5,229.06,3,229.0,2,,,,,,,229.91,1,230.0,4,230.04,1,230.13,8,230.16,6,230.17,1,230.74,4,,,,,,
2025-04-10 09:30:40,229.675,229.44,1,229.44,4,229.91,1,229.91,229.44,229.44,4,229.34,2,229.29,2,229.28,13,229.24,5,229.06,3,229.0,2,,,,,,,229.91,1,230.0,4,230.04,1,230.13,8,230.16,6,230.17,1,230.74,4,,,,,,
2025-04-10 09:30:41,229.675,229.56,1,229.44,3,229.91,1,229.91,229.44,229.44,3,229.34,2,229.29,2,229.28,13,229.24,5,229.06,3,229.0,2,,,,,,,229.91,1,230.0,4,230.04,1,230.13,8,230.16,6,230.17,1,230.74,4,,,,,,
2025-04-10 09:30:42,229.675,229.62,1,229.44,2,229.91,1,229.91,229.44,229.44,2,229.34,2,229.29,2,229.28,13,229.24,5,229.06,3,229.0,2,,,,,,,229.91,1,230.0,4,230.04,1,230.13,8,230.16,6,230.17,1,230.74,4,,,,,,
2025-04-10 09:30:43,229.675,229.62,1,229.44,2,229.91,1,229.91,229.44,229.44,2,229.34,2,229.29,2,229.28,13,229.24,5,229.06,3,229.0,2,,,,,,,229.91,1,230.0,4,230.04,1,230.13,8,230.16,6,230.17,1,230.74,4,,,,,,
2025-04-10 09:30:44,229.675,229.62,1,229.44,2,229.91,3,229.91,229.44,229.44,2,229.34,2,229.29,2,229.28,13,229.24,5,229.06,3,229.0,2,,,,,,,229.91,3,230.0,4,230.04,1,230.13,8,230.16,6,230.17,1,230.74,4,,,,,,
2025-04-10 09:30:45,229.435,229.44,1,229.22,1,229.65,3,229.65,229.22,229.22,1,229.06,3,229.0,2,,,,,,,,,,,,,,,229.65,3,229.91,5,230.0,4,230.04,1,230.13,8,230.16,6,230.17,1,230.74,4,,,,
2025-04-10 09:30:46,229.435,229.48,1,229.22,1,229.65,3,229.65,229.22,229.22,1,229.06,3,229.0,2,,,,,,,,,,,,,,,229.65,3,229.91,5,230.0,4,230.04,1,230.13,8,230.16,6,230.17,1,230.74,4,,,,
2025-04-10 09:30:47,229.435,229.48,1,229.22,1,229.65,3,229.65,229.22,229.22,1,229.06,3,229.0,2,,,,,,,,,,,,,,,229.65,3,229.91,5,230.0,4,230.04,1,230.13,8,230.16,6,230.17,1,230.74,4,,,,
2025-04-10 09:30:48,229.44,229.44,1,229.23,3,229.65,3,229.65,229.23,229.23,3,229.22,1,229.06,3,229.0,2,,,,,,,,,,,,,229.65,3,229.91,5,230.0,4,230.04,1,230.13,8,230.16,6,230.17,1,230.74,4,,,,
2025-04-10 09:30:49,229.44,229.44,1,229.23,3,229.65,3,229.65,229.23,229.23,3,229.22,1,229.06,3,229.0,2,,,,,,,,,,,,,229.65,3,229.91,5,230.0,4,230.04,1,230.13,8,230.16,6,230.17,1,230.74,4,,,,
2025-04-10 09:30:50,229.44,229.44,1,229.23,3,229.65,4,229.65,229.23,229.23,3,229.22,1,229.06,3,229.0,2,,,,,,,,,,,,,229.65,4,229.91,5,230.0,4,230.04,1,230.13,8,230.16,6,230.17,1,230.74,4,,,,
2025-04-10 09:30:51,229.44,229.41,1,229.23,3,229.65,4,229.65,229.23,229.23,3,229.22,1,229.06,3,229.0,2,,,,,,,,,,,,,229.65,4,229.91,5,230.0,4,230.04,1,230.13,8,230.16,6,230.17,1,230.74,4,,,,
2025-04-10 09:30:52,229.435,229.42,1,229.23,3,229.64,3,229.64,229.23,229.23,3,229.22,1,229.06,3,229.0,2,,,,,,,,,,,,,229.64,3,229.65,4,229.91,5,230.0,4,230.04,1,230.13,8,230.16,6,230.17,1,230.74,4,,
2025-04-10 09:30:53,229.435,229.42,1,229.23,3,229.64,3,229.64,229.23,229.23,3,229.22,1,229.06,3,229.0,2,,,,,,,,,,,,,229.64,3,229.65,4,229.91,5,230.0,4,230.04,1,230.13,8,230.16,6,230.17,1,230.74,4,,
2025-04-10 09:30:54,229.435,229.42,1,229.23,3,229.64,3,229.64,229.23,229.23,3,229.22,1,229.06,3,229.0,2,,,,,,,,,,,,,229.64,3,229.65,4,229.91,5,230.0,4,230.04,1,230.13,8,230.16,6,230.17,1,230.74,4,,
2025-04-10 09:30:55,229.435,229.44,1,229.23,3,229.64,3,229.64,229.23,229.23,3,229.22,1,229.06,3,229.0,2,,,,,,,,,,,,,229.64,3,229.65,4,229.91,5,230.0,4,230.04,1,230.13,8,230.16,6,230.17,1,230.74,4,,
2025-04-10 09:30:56,229.435,229.44,1,229.23,3,229.64,3,229.64,229.23,229.23,3,229.22,1,229.06,3,229.0,2,,,,,,,,,,,,,229.64,3,229.65,4,229.91,5,230.0,4,230.04,1,230.13,8,230.16,6,230.17,1,230.74,4,,
2025-04-10 09:30:57,229.435,229.44,1,229.23,3,229.64,5,229.64,229.23,229.23,3,229.22,1,229.06,3,229.0,2,,,,,,,,,,,,,229.64,5,229.65,4,229.91,5,230.0,4,230.04,1,230.13,8,230.16,6,230.17,1,230.74,4,,
2025-04-10 09:30:58,229.435,229.44,1,229.23,3,229.64,5,229.64,229.23,229.23,3,229.22,1,229.06,3,229.0,2,,,,,,,,,,,,,229.64,5,229.65,4,229.91,5,230.0,4,230.04,1,230.13,8,230.16,6,230.17,1,230.74,4,,
2025-04-10 09:30:59,229.435,229.56,2,229.23,4,229.56,2,229.64,229.23,229.23,4,229.22,1,229.06,3,229.0,2,,,,,,,,,,,,,229.64,3,229.65,4,229.91,5,230.0,4,230.04,1,230.13,8,230.16,6,230.17,1,230.74,4,,
2025-04-10 09:31:00,229.85,229.85,1,229.7,2,230.0,5,230.0,229.7,229.7,2,229.63,3,229.37,1,229.23,9,229.22,1,229.06,3,229.0,2,,,,,,,230.0,5,230.04,1,230.13,8,230.16,6,230.17,1,230.74,4,,,,,,,,
2025-04-10 09:31:01,229.85,229.85,1,229.7,5,230.0,5,230.0,229.7,229.7,5,229.63,3,229.37,1,229.23,9,229.22,1,229.06,3,229.0,2,,,,,,,230.0,5,230.04,1,230.13,8,230.16,6,230.17,1,230.74,4,,,,,,,,
2025-04-10 09:31:02,229.85,229.85,1,229.7,5,230.0,5,230.0,229.7,229.7,5,229.63,3,229.37,1,229.23,9,229.22,1,229.06,3,229.0,2,,,,,,,230.0,5,230.04,1,230.13,8,230.16,6,230.17,1,230.74,4,,,,,,,,
2025-04-10 09:31:03,229.85,229.85,1,229.7,10,230.0,5,230.0,229.7,229.7,10,229.63,3,229.37,1,229.23,9,229.22,1,229.06,3,229.0,2,,,,,,,230.0,5,230.04,1,230.13,8,230.16,6,230.17,1,230.74,4,,,,,,,,
2025-04-10 09:31:04,229.85,229.85,1,229.7,10,230.0,5,230.0,229.7,229.7,10,229.63,3,229.37,1,229.23,9,229.22,1,229.06,3,229.0,2,,,,,,,230.0,5,230.04,1,230.13,8,230.16,6,230.17,1,230.74,4,,,,,,,,
2025-04-10 09:31:05,229.85,229.75,1,229.7,14,230.0,5,230.0,229.7,229.7,14,229.63,3,229.37,1,229.23,9,229.22,1,229.06,3,229.0,2,,,,,,,230.0,5,230.04,1,230.13,8,230.16,6,230.17,1,230.74,4,,,,,,,,
2025-04-10 09:31:06,229.85,229.85,1,229.7,14,230.0,5,230.0,229.7,229.7,14,229.63,3,229.37,1,229.23,9,229.22,1,229.06,3,229.0,2,,,,,,,230.0,5,230.04,1,230.13,8,230.16,6,230.17,1,230.74,4,,,,,,,,
2025-04-10 09:31:07,229.7,229.68,1,229.4,2,230.0,6,230.0,229.4,229.4,2,229.37,1,229.23,9,229.22,1,229.06,3,229.0,2,,,,,,,,,230.0,6,230.04,1,230.13,8,230.16,6,230.17,1,230.74,4,,,,,,,,
2025-04-10 09:31:08,229.59,229.59,1,229.18,2,230.0,6,230.0,229.18,229.18,2,229.06,3,229.0,2,,,,,,,,,,,,,,,230.0,6,230.04,1,230.13,8,230.16,6,230.17,1,230.74,4,,,,,,,,
2025-04-10 09:31:09,229.59,229.59,1,229.18,2,230.0,6,230.0,229.18,229.18,2,229.06,3,229.0,2,,,,,,,,,,,,,,,230.0,6,230.04,1,230.13,8,230.16,6,230.17,1,230.74,4,,,,,,,,
2025-04-10 09:31:10,229.59,229.59,1,229.18,2,230.0,6,230.0,229.18,229.18,2,229.06,3,229.0,2,,,,,,,,,,,,,,,230.0,6,230.04,1,230.13,8,230.16,6,230.17,1,230.74,4,,,,,,,,
2025-04-10 09:31:11,229.59,229.59,1,229.18,2,230.0,6,230.0,229.18,229.18,2,229.06,3,229.0,2,,,,,,,,,,,,,,,230.0,6,230.04,1,230.13,8,230.16,6,230.17,1,230.74,4,,,,,,,,
2025-04-10 09:31:12,229.59,229.59,1,229.18,5,230.0,6,230.0,229.18,229.18,5,229.06,3,229.0,2,,,,,,,,,,,,,,,230.0,6,230.04,1,230.13,8,230.16,6,230.17,1,230.74,4,,,,,,,,
2025-04-10 09:31:13,229.59,229.59,1,229.18,5,230.0,6,230.0,229.18,229.18,5,229.06,3,229.0,2,,,,,,,,,,,,,,,230.0,6,230.04,1,230.13,8,230.16,6,230.17,1,230.74,4,,,,,,,,
2025-04-10 09:31:14,229.59,229.59,1,229.18,5,230.0,9,230.0,229.18,229.18,5,229.06,3,229.0,2,,,,,,,,,,,,,,,230.0,9,230.04,1,230.13,8,230.16,6,230.17,1,230.74,4,,,,,,,,
2025-04-10 09:31:15,229.59,229.59,1,229.18,5,230.0,9,230.0,229.18,229.18,5,229.06,3,229.0,2,,,,,,,,,,,,,,,230.0,9,230.04,1,230.13,8,230.16,6,230.17,1,230.74,4,,,,,,,,
2025-04-10 09:31:16,229.59,229.59,1,229.18,9,230.0,9,230.0,229.18,229.18,9,229.06,3,229.0,2,,,,,,,,,,,,,,,230.0,9,230.04,1,230.13,8,230.16,6,230.17,1,230.74,4,,,,,,,,
2025-04-10 09:31:17,229.59,229.59,1,229.18,9,230.0,9,230.0,229.18,229.18,9,229.06,3,229.0,2,,,,,,,,,,,,,,,230.0,9,230.04,1,230.13,8,230.16,6,230.17,1,230.74,4,,,,,,,,
2025-04-10 09:31:18,229.59,229.59,1,229.18,9,230.0,9,230.0,229.18,229.18,9,229.06,3,229.0,2,,,,,,,,,,,,,,,230.0,9,230.04,1,230.13,8,230.16,6,230.17,1,230.74,4,,,,,,,,
2025-04-10 09:31:19,229.59,229.67,1,229.18,9,230.0,9,230.0,229.18,229.18,9,229.06,3,229.0,2,,,,,,,,,,,,,,,230.0,9,230.04,1,230.13,8,230.16,6,230.17,1,230.74,4,,,,,,,,
2025-04-10 09:31:20,229.59,229.59,1,229.18,9,230.0,9,230.0,229.18,229.18,9,229.06,3,229.0,2,,,,,,,,,,,,,,,230.0,9,230.04,1,230.13,8,230.16,6,230.17,1,230.74,4,,,,,,,,
2025-04-10 09:31:21,229.45,229.54,1,229.18,10,229.72,3,229.72,229.18,229.18,10,229.06,3,229.0,2,,,,,,,,,,,,,,,229.72,3,229.73,1,229.74,3,229.89,4,230.0,9,230.04,1,230.13,8,230.16,6,230.17,1,230.74,4
2025-04-10 09:31:22,229.45,229.54,1,229.18,9,229.72,3,229.72,229.18,229.18,9,229.06,3,229.0,2,,,,,,,,,,,,,,,229.72,3,229.73,1,229.74,3,229.89,4,230.0,9,230.04,1,230.13,8,230.16,6,230.17,1,230.74,4
2025-04-10 09:31:23,229.435,229.43,1,229.18,9,229.69,4,229.69,229.18,229.18,9,229.06,3,229.0,2,,,,,,,,,,,,,,,229.69,4,229.72,3,229.73,1,229.74,3,229.89,4,230.0,9,230.04,1,230.13,8,230.16,6,230.17,1
2025-04-10 09:31:24,229.365,229.19,1,229.06,3,229.67,4,229.67,229.06,229.06,3,229.0,2,,,,,,,,,,,,,,,,,229.67,4,229.68,4,229.69,3,229.72,3,229.73,1,229.74,3,229.89,4,230.0,9,230.04,1,230.13,8
2025-04-10 09:31:25,229.395,229.37,4,229.12,6,229.67,4,229.67,229.12,229.12,6,229.06,3,229.0,2,,,,,,,,,,,,,,,229.67,4,229.68,4,229.69,3,229.72,3,229.73,1,229.74,3,229.89,4,230.0,9,230.04,1,230.13,8
2025-04-10 09:31:26,229.395,229.37,4,229.12,6,229.67,3,229.67,229.12,229.12,6,229.06,3,229.0,2,,,,,,,,,,,,,,,229.67,3,229.68,4,229.69,3,229.72,3,229.73,1,229.74,3,229.89,4,230.0,9,230.04,1,230.13,8
2025-04-10 09:31:27,229.4,229.4,1,229.13,1,229.67,2,229.67,229.13,229.13,1,229.12,6,229.06,3,229.0,2,,,,,,,,,,,,,229.67,2,229.68,4,229.69,3,229.72,3,229.73,1,229.74,3,229.89,4,230.0,9,230.04,1,230.13,8
2025-04-10 09:31:28,229.4,229.4,1,229.13,3,229.67,2,229.67,229.13,229.13,3,229.12,6,229.06,3,229.0,2,,,,,,,,,,,,,229.67,2,229.68,4,229.69,3,229.72,3,229.73,1,229.74,3,229.89,4,230.0,9,230.04,1,230.13,8
2025-04-10 09:31:29,229.4,229.4,1,229.13,4,229.67,2,229.67,229.13,229.13,4,229.12,6,229.06,3,229.0,2,,,,,,,,,,,,,229.67,2,229.68,4,229.69,3,229.72,3,229.73,1,229.74,3,229.89,4,230.0,9,230.04,1,230.13,8
2025-04-10 09:31:30,229.4,229.4,1,229.13,5,229.67,3,229.67,229.13,229.13,5,229.12,6,229.06,3,229.0,2,,,,,,,,,,,,,229.67,3,229.68,4,229.69,3,229.72,3,229.73,1,229.74,3,229.89,4,230.0,9,230.04,1,230.13,8
2025-04-10 09:31:31,229.4,229.4,1,229.13,6,229.67,2,229.67,229.13,229.13,6,229.12,6,229.06,3,229.0,2,,,,,,,,,,,,,229.67,2,229.68,4,229.69,3,229.72,3,229.73,1,229.74,3,229.89,4,230.0,9,230.04,1,230.13,8
2025-04-10 09:31:32,229.4,229.4,1,229.13,6,229.67,2,229.67,229.13,229.13,6,229.12,6,229.06,3,229.0,2,,,,,,,,,,,,,229.67,2,229.68,4,229.69,3,229.72,3,229.73,1,229.74,3,229.89,4,230.0,9,230.04,1,230.13,8
2025-04-10 09:31:33,229.4,229.4,13,229.13,6,229.67,2,229.67,229.13,229.13,6,229.12,6,229.06,3,229.0,2,,,,,,,,,,,,,229.67,2,229.68,4,229.69,3,229.72,3,229.73,1,229.74,3,229.89,4,230.0,9,230.04,1,230.13,8
2025-04-10 09:31:34,229.4,229.4,13,229.13,6,229.67,2,229.67,229.13,229.13,6,229.12,6,229.06,3,229.0,2,,,,,,,,,,,,,229.67,2,229.68,4,229.69,3,229.72,3,229.73,1,229.74,3,229.89,4,230.0,9,230.04,1,230.13,8
2025-04-10 09:31:35,229.4,229.4,13,229.13,6,229.67,2,229.67,229.13,229.13,6,229.12,6,229.06,3,229.0,2,,,,,,,,,,,,,229.67,2,229.68,4,229.69,3,229.72,3,229.73,1,229.74,3,229.89,4,230.0,9,230.04,1,230.13,8
2025-04-10 09:31:36,229.4,229.4,13,229.13,7,229.67,2,229.67,229.13,229.13,7,229.12,6,229.06,3,229.0,2,,,,,,,,,,,,,229.67,2,229.68,4,229.69,3,229.72,3,229.73,1,229.74,3,229.89,4,230.0,9,230.04,1,230.13,8
2025-04-10 09:31:37,229.4,229.4,13,229.13,7,229.67,2,229.67,229.13,229.13,7,229.12,6,229.06,3,229.0,2,,,,,,,,,,,,,229.67,2,229.68,4,229.69,3,229.72,3,229.73,1,229.74,3,229.89,4,230.0,9,230.04,1,230.13,8
2025-04-10 09:31:38,229.4,229.4,13,229.13,8,229.67,2,229.67,229.13,229.13,8,229.12,6,229.06,3,229.0,2,,,,,,,,,,,,,229.67,2,229.68,4,229.69,3,229.72,3,229.73,1,229.74,3,229.89,4,230.0,9,230.04,1,230.13,8
2025-04-10 09:31:39,229.4,229.4,1,229.13,8,229.67,2,229.67,229.13,229.13,8,229.12,6,229.06,3,229.0,2,,,,,,,,,,,,,229.67,2,229.68,4,229.69,3,229.72,3,229.73,1,229.74,3,229.89,4,230.0,9,230.04,1,230.13,8
2025-04-10 09:31:40,229.4,229.53,1,229.13,8,229.67,2,229.67,229.13,229.13,8,229.12,6,229.06,3,229.0,2,,,,,,,,,,,,,229.67,2,229.68,4,229.69,3,229.72,3,229.73,1,229.74,3,229.89,4,230.0,9,230.04,1,230.13,8
2025-04-10 09:31:41,229.47,229.53,1,229.27,1,229.67,2,229.67,229.27,229.27,1,229.13,8,229.12,6,229.06,3,229.0,2,,,,,,,,,,,229.67,2,229.68,4,229.69,3,229.72,3,229.73,1,229.74,3,229.89,4,230.0,9,230.04,1,230.13,8
2025-04-10 09:31:42,229.47,229.53,1,229.27,2,229.67,2,229.67,229.27,229.27,2,229.13,8,229.12,6,229.06,3,229.0,2,,,,,,,,,,,229.67,2,229.68,4,229.69,3,229.72,3,229.73,1,229.74,3,229.89,4,230.0,9,230.04,1,230.13,8
2025-04-10 09:31:43,229.47,229.46,1,229.27,4,229.67,2,229.67,229.27,229.27,4,229.13,8,229.12,6,229.06,3,229.0,2,,,,,,,,,,,229.67,2,229.68,4,229.69,3,229.72,3,229.73,1,229.74,3,229.89,4,230.0,9,230.04,1,230.13,8
2025-04-10 09:31:44,229.47,229.46,1,229.27,5,229.67,2,229.67,229.27,229.27,5,229.13,8,229.12,6,229.06,3,229.0,2,,,,,,,,,,,229.67,2,229.68,4,229.69,3,229.72,3,229.73,1,229.74,3,229.89,4,230.0,9,230.04,1,230.13,8
2025-04-10 09:31:45,229.47,229.47,2,229.27,5,229.67,2,229.67,229.27,229.27,5,229.13,8,229.12,6,229.06,3,229.0,2,,,,,,,,,,,229.67,2,229.68,4,229.69,3,229.72,3,229.73,1,229.74,3,229.89,4,230.0,9,230.04,1,230.13,8
2025-04-10 09:31:46,229.47,229.45,1,229.27,4,229.67,2,229.67,229.27,229.27,4,229.13,8,229.12,6,229.06,3,229.0,2,,,,,,,,,,,229.67,2,229.68,4,229.69,3,229.72,3,229.73,1,229.74,3,229.89,4,230.0,9,230.04,1,230.13,8
2025-04-10 09:31:47,229.4,229.13,1,229.13,7,229.67,7,229.67,229.13,229.13,7,229.12,6,229.06,3,229.0,2,,,,,,,,,,,,,229.67,7,229.68,4,229.69,3,229.72,3,229.73,1,229.74,3,229.89,4,230.0,9,230.04,1,230.13,8
2025-04-10 09:31:48,229.03,229.0,1,228.71,1,229.35,3,229.35,228.71,228.71,1,,,,,,,,,,,,,,,,,,,229.35,3,229.67,7,229.68,4,229.69,3,229.72,3,229.73,1,229.74,3,229.89,4,230.0,9,230.04,1
2025-04-10 09:31:49,229.145,229.0,1,228.94,2,229.35,2,229.35,228.94,228.94,2,228.82,2,228.71,1,,,,,,,,,,,,,,,229.35,2,229.67,7,229.68,4,229.69,3,229.72,3,229.73,1,229.74,3,229.89,4,230.0,9,230.04,1
2025-04-10 09:31:50,229.145,228.97,1,228.94,2,229.35,2,229.35,228.94,228.94,2,228.82,2,228.71,1,,,,,,,,,,,,,,,229.35,2,229.67,7,229.68,4,229.69,3,229.72,3,229.73,1,229.74,3,229.89,4,230.0,9,230.04,1
2025-04-10 09:31:51,229.145,228.99,1,228.94,2,229.35,2,229.35,228.94,228.94,2,228.82,2,228.71,1,,,,,,,,,,,,,,,229.35,2,229.67,7,229.68,4,229.69,3,229.72,3,229.73,1,229.74,3,229.89,4,230.0,9,230.04,1
2025-04-10 09:31:52,229.09,228.94,1,228.83,1,229.35,2,229.35,228.83,228.83,1,228.82,2,228.71,1,,,,,,,,,,,,,,,229.35,2,229.67,7,229.68,4,229.69,3,229.72,3,229.73,1,229.74,3,229.89,4,230.0,9,230.04,1
2025-04-10 09:31:53,229.04,228.88,1,228.75,1,229.33,3,229.33,228.75,228.75,1,228.7,8,,,,,,,,,,,,,,,,,229.33,3,229.35,1,229.4,1,229.67,7,229.68,4,229.69,3,229.72,3,229.73,1,229.74,3,229.89,4
2025-04-10 09:31:54,228.85,228.78,1,228.75,1,228.95,3,228.95,228.75,228.75,1,228.7,8,,,,,,,,,,,,,,,,,228.95,3,229.33,3,229.35,1,229.4,1,229.67,7,229.68,4,229.69,3,229.72,3,229.73,1,229.74,3
2025-04-10 09:31:55,228.85,228.89,1,228.75,2,228.95,3,228.95,228.75,228.75,2,228.7,8,,,,,,,,,,,,,,,,,228.95,3,229.33,3,229.35,1,229.4,1,229.67,7,229.68,4,229.69,3,229.72,3,229.73,1,229.74,3
2025-04-10 09:31:56,229.04,228.95,1,228.75,4,229.33,3,229.33,228.75,228.75,4,228.7,8,,,,,,,,,,,,,,,,,229.33,3,229.35,1,229.4,1,229.67,7,229.68,4,229.69,3,229.72,3,229.73,1,229.74,3,229.89,4
2025-04-10 09:31:57,228.74,228.62,1,228.53,1,228.95,3,228.95,228.53,228.53,1,,,,,,,,,,,,,,,,,,,228.95,3,229.25,1,229.26,2,229.27,1,229.33,3,229.35,1,229.4,1,229.67,7,229.68,4,229.69,3
2025-04-10 09:31:58,228.77,228.73,1,228.59,21,228.95,2,228.95,228.59,228.59,21,228.5,18,,,,,,,,,,,,,,,,,228.95,2,229.25,1,229.26,2,229.27,1,229.33,3,229.35,1,229.4,1,229.67,7,229.68,4,229.69,3
2025-04-10 09:31:59,228.765,228.69,1,228.58,21,228.95,2,228.95,228.58,228.58,21,228.53,1,228.5,18,,,,,,,,,,,,,,,228.95,2,229.25,1,229.26,2,229.27,1,229.33,3,229.35,1,229.4,1,229.67,7,229.68,4,229.69,3
2025-04-10 09:32:00,228.77,228.76,1,228.59,21,228.95,2,228.95,228.59,228.59,21,228.58,22,228.53,1,228.5,18,,,,,,,,,,,,,228.95,2,229.25,1,229.26,2,229.27,1,229.33,3,229.35,1,229.4,1,229.67,7,229.68,4,229.69,3
2025-04-10 09:32:01,228.77,228.76,1,228.59,21,228.95,2,228.95,228.59,228.59,21,228.58,22,228.53,1,228.5,18,,,,,,,,,,,,,228.95,2,229.25,1,229.26,2,229.27,1,229.33,3,229.35,1,229.4,1,229.67,7,229.68,4,229.69,3
2025-04-10 09:32:02,228.715,228.58,1,228.5,18,228.93,3,228.93,228.5,228.5,18,,,,,,,,,,,,,,,,,,,228.93,3,228.94,5,228.95,3,229.25,1,229.26,2,229.27,1,229.33,3,229.35,1,229.4,1,229.67,7
2025-04-10 09:32:03,228.715,228.58,1,228.5,18,228.93,3,228.93,228.5,228.5,18,,,,,,,,,,,,,,,,,,,228.93,3,228.94,5,228.95,3,229.25,1,229.26,2,229.27,1,229.33,3,229.35,1,229.4,1,229.67,7
2025-04-10 09:32:04,228.21,228.07,1,228.04,2,228.38,1,228.38,228.04,228.04,2,,,,,,,,,,,,,,,,,,,228.38,1,228.57,1,228.91,2,228.93,3,228.94,5,228.95,3,229.25,1,229.26,2,229.27,1,229.33,3
2025-04-10 09:32:05,228.215,228.26,1,228.05,2,228.38,1,228.38,228.05,228.05,2,228.04,2,,,,,,,,,,,,,,,,,228.38,1,228.57,1,228.91,2,228.93,3,228.94,5,228.95,3,229.25,1,229.26,2,229.27,1,229.33,3
2025-04-10 09:32:06,228.44,228.37,1,228.11,1,228.77,2,228.77,228.11,228.11,1,228.05,5,228.04,2,,,,,,,,,,,,,,,228.77,2,228.91,2,228.93,3,228.94,5,228.95,3,229.25,1,229.26,2,229.27,1,229.33,3,229.35,1
2025-04-10 09:32:07,228.44,228.37,1,228.11,1,228.77,2,228.77,228.11,228.11,1,228.05,5,228.04,2,,,,,,,,,,,,,,,228.77,2,228.91,2,228.93,3,228.94,5,228.95,3,229.25,1,229.26,2,229.27,1,229.33,3,229.35,1
2025-04-10 09:32:08,228.44,228.37,1,228.11,1,228.77,2,228.77,228.11,228.11,1,228.05,5,228.04,2,,,,,,,,,,,,,,,228.77,2,228.91,2,228.93,3,228.94,5,228.95,3,229.25,1,229.26,2,229.27,1,229.33,3,229.35,1
2025-04-10 09:32:09,228.44,228.29,1,228.11,5,228.77,2,228.77,228.11,228.11,5,228.05,5,228.04,2,,,,,,,,,,,,,,,228.77,2,228.91,2,228.93,3,228.94,5,228.95,3,229.25,1,229.26,2,229.27,1,229.33,3,229.35,1
2025-04-10 09:32:10,228.44,228.45,1,228.11,5,228.77,2,228.77,228.11,228.11,5,228.05,5,228.04,2,,,,,,,,,,,,,,,228.77,2,228.91,2,228.93,3,228.94,5,228.95,3,229.25,1,229.26,2,229.27,1,229.33,3,229.35,1
2025-04-10 09:32:11,228.525,228.34,1,228.28,3,228.77,2,228.77,228.28,228.28,3,228.11,5,228.05,5,228.04,2,,,,,,,,,,,,,228.77,2,228.91,2,228.93,3,228.94,5,228.95,3,229.25,1,229.26,2,229.27,1,229.33,3,229.35,1
2025-04-10 09:32:12,228.525,228.34,1,228.28,3,228.77,2,228.77,228.28,228.28,3,228.11,5,228.05,5,228.04,2,,,,,,,,,,,,,228.77,2,228.91,2,228.93,3,228.94,5,228.95,3,229.25,1,229.26,2,229.27,1,229.33,3,229.35,1
2025-04-10 09:32:13,228.525,228.56,1,228.28,3,228.77,2,228.77,228.28,228.28,3,228.11,5,228.05,5,228.04,2,,,,,,,,,,,,,228.77,2,228.91,2,228.93,3,228.94,5,228.95,3,229.25,1,229.26,2,229.27,1,229.33,3,229.35,1
2025-04-10 09:32:14,228.525,228.28,1,228.28,3,228.77,2,228.77,228.28,228.28,3,228.11,5,228.05,5,228.04,2,,,,,,,,,,,,,228.77,2,228.91,2,228.93,3,228.94,5,228.95,3,229.25,1,229.26,2,229.27,1,229.33,3,229.35,1
2025-04-10 09:32:15,228.525,228.28,1,228.28,3,228.77,2,228.77,228.28,228.28,3,228.11,5,228.05,5,228.04,2,,,,,,,,,,,,,228.77,2,228.91,2,228.93,3,228.94,5,228.95,3,229.25,1,229.26,2,229.27,1,229.33,3,229.35,1
2025-04-10 09:32:16,228.51,228.28,1,228.25,2,228.77,3,228.77,228.25,228.25,2,228.11,5,228.05,5,228.04,2,,,,,,,,,,,,,228.77,3,228.91,2,228.93,3,228.94,5,228.95,3,229.25,1,229.26,2,229.27,1,229.33,3,229.35,1
2025-04-10 09:32:17,228.51,228.28,1,228.25,2,228.77,3,228.77,228.25,228.25,2,228.11,5,228.05,5,228.04,2,,,,,,,,,,,,,228.77,3,228.91,2,228.93,3,228.94,5,228.95,3,229.25,1,229.26,2,229.27,1,229.33,3,229.35,1
2025-04-10 09:32:18,228.375,228.16,1,228.11,5,228.64,1,228.64,228.11,228.11,5,228.05,5,228.04,2,,,,,,,,,,,,,,,228.64,1,228.77,3,228.91,2,228.93,3,228.94,5,228.95,3,229.25,1,229.26,2,229.27,1,229.33,3
2025-04-10 09:32:19,228.375,228.16,1,228.11,5,228.64,1,228.64,228.11,228.11,5,228.05,5,228.04,2,,,,,,,,,,,,,,,228.64,1,228.77,3,228.91,2,228.93,3,228.94,5,228.95,3,229.25,1,229.26,2,229.27,1,229.33,3
2025-04-10 09:32:20,228.375,228.16,1,228.11,5,228.64,1,228.64,228.11,228.11,5,228.05,5,228.04,2,,,,,,,,,,,,,,,228.64,1,228.77,3,228.91,2,228.93,3,228.94,5,228.95,3,229.25,1,229.26,2,229.27,1,229.33,3
2025-04-10 09:32:21,228.375,228.38,1,228.11,5,228.64,1,228.64,228.11,228.11,5,228.05,5,228.04,2,,,,,,,,,,,,,,,228.64,1,228.77,3,228.91,2,228.93,3,228.94,5,228.95,3,229.25,1,229.26,2,229.27,1,229.33,3
2025-04-10 09:32:22,228.375,228.36,1,228.11,5,228.64,1,228.64,228.11,228.11,5,228.05,5,228.04,2,,,,,,,,,,,,,,,228.64,1,228.77,3,228.91,2,228.93,3,228.94,5,228.95,3,229.25,1,229.26,2,229.27,1,229.33,3
2025-04-10 09:32:23,228.375,228.19,1,228.11,5,228.64,1,228.64,228.11,228.11,5,228.05,5,228.04,2,,,,,,,,,,,,,,,228.64,1,228.77,3,228.91,2,228.93,3,228.94,5,228.95,3,229.25,1,229.26,2,229.27,1,229.33,3
2025-04-10 09:32:24,228.2,228.24,1,228.07,1,228.33,1,228.33,228.07,228.07,1,228.05,5,228.04,2,,,,,,,,,,,,,,,228.33,1,228.64,2,228.77,3,228.91,2,228.93,3,228.94,5,228.95,3,229.25,1,229.26,2,229.27,1
2025-04-10 09:32:25,228.29,228.1,1,228.07,2,228.51,1,228.51,228.07,228.07,2,228.05,5,228.04,2,,,,,,,,,,,,,,,228.51,1,228.64,2,228.77,3,228.91,2,228.93,3,228.94,5,228.95,3,229.25,1,229.26,2,229.27,1
2025-04-10 09:32:26,228.29,228.1,1,228.07,2,228.51,1,228.51,228.07,228.07,2,228.05,5,228.04,2,,,,,,,,,,,,,,,228.51,1,228.64,2,228.77,3,228.91,2,228.93,3,228.94,5,228.95,3,229.25,1,229.26,2,229.27,1
2025-04-10 09:32:27,228.29,228.2,1,228.07,2,228.51,1,228.51,228.07,228.07,2,228.05,5,228.04,2,,,,,,,,,,,,,,,228.51,1,228.64,2,228.77,3,228.91,2,228.93,3,228.94,5,228.95,3,229.25,1,229.26,2,229.27,1
2025-04-10 09:32:28,228.29,228.08,1,228.07,2,228.51,1,228.51,228.07,228.07,2,228.05,5,228.04,2,,,,,,,,,,,,,,,228.51,1,228.64,2,228.77,3,228.91,2,228.93,3,228.94,5,228.95,3,229.25,1,229.26,2,229.27,1
2025-04-10 09:32:29,228.29,228.29,1,228.07,3,228.51,2,228.51,228.07,228.07,3,228.05,5,228.04,2,,,,,,,,,,,,,,,228.51,2,228.64,2,228.77,3,228.91,2,228.93,3,228.94,5,228.95,3,229.25,1,229.26,2,229.27,1
2025-04-10 09:32:30,228.29,228.11,1,228.07,3,228.51,2,228.51,228.07,228.07,3,228.05,5,228.04,2,,,,,,,,,,,,,,,228.51,2,228.64,2,228.77,3,228.91,2,228.93,3,228.94,5,228.95,3,229.25,1,229.26,2,229.27,1
2025-04-10 09:32:31,228.29,228.21,1,228.07,3,228.51,2,228.51,228.07,228.07,3,228.05,5,228.04,2,,,,,,,,,,,,,,,228.51,2,228.64,2,228.77,3,228.91,2,228.93,3,228.94,5,228.95,3,229.25,1,229.26,2,229.27,1
2025-04-10 09:32:32,228.33,228.21,1,228.15,1,228.51,4,228.51,228.15,228.15,1,228.07,3,228.05,5,228.04,2,,,,,,,,,,,,,228.51,4,228.64,2,228.77,3,228.91,2,228.93,3,228.94,5,228.95,3,229.25,1,229.26,2,229.27,1
2025-04-10 09:32:33,228.37,228.21,1,228.23,3,228.51,4,228.51,228.23,228.23,3,228.15,1,228.07,3,228.05,5,228.04,2,,,,,,,,,,,228.51,4,228.64,2,228.77,3,228.91,2,228.93,3,228.94,5,228.95,3,229.25,1,229.26,2,229.27,1
2025-04-10 09:32:34,228.37,228.37,1,228.23,3,228.51,4,228.51,228.23,228.23,3,228.15,1,228.07,3,228.05,5,228.04,2,,,,,,,,,,,228.51,4,228.64,2,228.77,3,228.91,2,228.93,3,228.94,5,228.95,3,229.25,1,229.26,2,229.27,1
2025-04-10 09:32:35,228.37,228.37,1,228.23,3,228.51,4,228.51,228.23,228.23,3,228.15,1,228.07,3,228.05,5,228.04,2,,,,,,,,,,,228.51,4,228.64,2,228.77,3,228.91,2,228.93,3,228.94,5,228.95,3,229.25,1,229.26,2,229.27,1
2025-04-10 09:32:36,228.365,228.38,1,228.23,3,228.5,1,228.5,228.23,228.23,3,228.15,1,228.07,3,228.05,5,228.04,2,,,,,,,,,,,228.5,1,228.51,4,228.64,2,228.77,3,228.91,2,228.93,3,228.94,5,228.95,3,229.25,1,229.26,2
2025-04-10 09:32:37,228.365,228.37,1,228.23,3,228.5,1,228.5,228.23,228.23,3,228.15,1,228.07,3,228.05,5,228.04,2,,,,,,,,,,,228.5,1,228.51,4,228.64,2,228.77,3,228.91,2,228.93,3,228.94,5,228.95,3,229.25,1,229.26,2
2025-04-10 09:32:38,228.56,228.56,5,228.23,3,228.89,3,228.89,228.23,228.23,3,228.15,1,228.07,3,228.05,5,228.04,2,,,,,,,,,,,228.89,3,228.91,2,228.93,3,228.94,5,228.95,3,229.25,1,229.26,2,229.27,1,229.33,3,229.35,1
2025-04-10 09:32:39,228.56,228.66,1,228.23,3,228.89,3,228.89,228.23,228.23,3,228.15,1,228.07,3,228.05,5,228.04,2,,,,,,,,,,,228.89,3,228.91,2,228.93,3,228.94,5,228.95,3,229.25,1,229.26,2,229.27,1,229.33,3,229.35,1
2025-04-10 09:32:40,228.93,228.89,1,228.72,2,229.14,2,229.14,228.72,228.72,2,228.42,3,228.23,3,228.15,1,228.07,3,228.05,5,228.04,2,,,,,,,229.14,2,229.25,1,229.26,2,229.27,1,229.33,3,229.35,1,229.4,1,229.67,7,229.68,4,229.69,3
2025-04-10 09:32:41,228.915,228.92,2,228.69,2,229.14,2,229.14,228.69,228.69,2,228.42,3,228.23,3,228.15,1,228.07,3,228.05,5,228.04,2,,,,,,,229.14,2,229.25,1,229.26,2,229.27,1,229.33,3,229.35,1,229.4,1,229.67,7,229.68,4,229.69,3
2025-04-10 09:32:42,228.95,228.92,2,228.76,1,229.14,2,229.14,228.76,228.76,1,228.69,2,228.42,3,228.23,3,228.15,1,228.07,3,228.05,5,228.04,2,,,,,229.14,2,229.25,1,229.26,2,229.27,1,229.33,3,229.35,1,229.4,1,229.67,7,229.68,4,229.69,3
2025-04-10 09:32:43,228.95,228.92,2,228.76,1,229.14,2,229.14,228.76,228.76,1,228.69,2,228.42,3,228.23,3,228.15,1,228.07,3,228.05,5,228.04,2,,,,,229.14,2,229.25,1,229.26,2,229.27,1,229.33,3,229.35,1,229.4,1,229.67,7,229.68,4,229.69,3
2025-04-10 09:32:44,229.03,229.03,1,228.79,3,229.27,2,229.27,228.79,228.79,3,228.77,1,228.76,2,228.69,2,228.42,3,228.23,3,228.15,1,228.07,3,228.05,5,228.04,2,229.27,2,229.33,3,229.35,1,229.4,1,229.67,7,229.68,4,229.69,3,229.72,3,229.73,1,229.74,3
2025-04-10 09:32:45,229.03,229.03,1,228.79,3,229.27,2,229.27,228.79,228.79,3,228.77,1,228.76,2,228.69,2,228.42,3,228.23,3,228.15,1,228.07,3,228.05,5,228.04,2,229.27,2,229.33,3,229.35,1,229.4,1,229.67,7,229.68,4,229.69,3,229.72,3,229.73,1,229.74,3
2025-04-10 09:32:46,229.03,229.05,1,228.79,3,229.27,2,229.27,228.79,228.79,3,228.77,1,228.76,2,228.69,2,228.42,3,228.23,3,228.15,1,228.07,3,228.05,5,228.04,2,229.27,2,229.33,3,229.35,1,229.4,1,229.67,7,229.68,4,229.69,3,229.72,3,229.73,1,229.74,3
2025-04-10 09:32:47,229.03,228.97,1,228.79,3,229.27,2,229.27,228.79,228.79,3,228.77,1,228.76,2,228.69,2,228.42,3,228.23,3,228.15,1,228.07,3,228.05,5,228.04,2,229.27,2,229.33,3,229.35,1,229.4,1,229.67,7,229.68,4,229.69,3,229.72,3,229.73,1,229.74,3
2025-04-10 09:32:48,228.965,228.97,1,228.79,3,229.14,11,229.14,228.79,228.79,3,228.77,1,228.76,2,228.69,2,228.42,3,228.23,3,228.15,1,228.07,3,228.05,5,228.04,2,229.14,11,229.27,2,229.33,3,229.35,1,229.4,1,229.67,7,229.68,4,229.69,3,229.72,3,229.73,1
2025-04-10 09:32:49,228.985,228.97,1,228.83,7,229.14,10,229.14,228.83,228.83,7,228.79,3,228.77,1,228.76,2,228.69,2,228.42,3,228.23,3,228.15,1,228.07,3,228.05,5,229.14,10,229.27,2,229.33,3,229.35,1,229.4,1,229.67,7,229.68,4,229.69,3,229.72,3,229.73,1
2025-04-10 09:32:50,228.985,228.85,1,228.83,10,229.14,11,229.14,228.83,228.83,10,228.79,3,228.77,1,228.76,2,228.69,2,228.42,3,228.23,3,228.15,1,228.07,3,228.05,5,229.14,11,229.27,2,229.33,3,229.35,1,229.4,1,229.67,7,229.68,4,229.69,3,229.72,3,229.73,1
2025-04-10 09:32:51,228.96,228.79,2,228.79,1,229.13,1,229.13,228.79,228.79,1,228.76,2,228.69,2,228.42,3,228.23,3,228.15,1,228.07,3,228.05,5,228.04,2,,,229.13,1,229.14,10,229.27,2,229.33,3,229.35,1,229.4,1,229.67,7,229.68,4,229.69,3,229.72,3
2025-04-10 09:32:52,228.825,228.71,1,228.51,2,229.14,11,229.14,228.51,228.51,2,228.28,2,228.25,3,228.21,1,228.15,1,228.07,3,228.05,5,228.04,2,,,,,229.14,11,229.27,2,229.33,3,229.35,1,229.4,1,229.67,7,229.68,4,229.69,3,229.72,3,229.73,1
2025-04-10 09:32:53,228.825,228.71,1,228.51,2,229.14,11,229.14,228.51,228.51,2,228.28,2,228.25,3,228.21,1,228.15,1,228.07,3,228.05,5,228.04,2,,,,,229.14,11,229.27,2,229.33,3,229.35,1,229.4,1,229.67,7,229.68,4,229.69,3,229.72,3,229.73,1
2025-04-10 09:32:54,228.77,228.77,1,228.51,4,229.03,7,229.03,228.51,228.51,4,228.28,2,228.25,3,228.21,1,228.15,1,228.07,3,228.05,5,228.04,2,,,,,229.03,7,229.14,11,229.27,2,229.33,3,229.35,1,229.4,1,229.67,7,229.68,4,229.69,3,229.72,3
2025-04-10 09:32:55,228.77,228.77,1,228.51,4,229.03,11,229.03,228.51,228.51,4,228.28,2,228.25,3,228.21,1,228.15,1,228.07,3,228.05,5,228.04,2,,,,,229.03,11,229.14,11,229.27,2,229.33,3,229.35,1,229.4,1,229.67,7,229.68,4,229.69,3,229.72,3
2025-04-10 09:32:56,228.77,228.77,1,228.51,4,229.03,11,229.03,228.51,228.51,4,228.28,2,228.25,3,228.21,1,228.15,1,228.07,3,228.05,5,228.04,2,,,,,229.03,11,229.14,11,229.27,2,229.33,3,229.35,1,229.4,1,229.67,7,229.68,4,229.69,3,229.72,3
2025-04-10 09:32:57,228.775,228.83,1,228.52,1,229.03,11,229.03,228.52,228.52,1,228.51,4,228.28,2,228.25,3,228.21,1,228.15,1,228.07,3,228.05,5,228.04,2,,,229.03,11,229.14,11,229.27,2,229.33,3,229.35,1,229.4,1,229.67,7,229.68,4,229.69,3,229.72,3
2025-04-10 09:32:58,228.775,228.83,1,228.52,1,229.03,11,229.03,228.52,228.52,1,228.51,4,228.28,2,228.25,3,228.21,1,228.15,1,228.07,3,228.05,5,228.04,2,,,229.03,11,229.14,11,229.27,2,229.33,3,229.35,1,229.4,1,229.67,7,229.68,4,229.69,3,229.72,3
2025-04-10 09:32:59,228.775,228.7,1,228.52,1,229.03,11,229.03,228.52,228.52,1,228.51,4,228.28,2,228.25,3,228.21,1,228.15,1,228.07,3,228.05,5,228.04,2,,,229.03,11,229.14,11,229.27,2,229.33,3,229.35,1,229.4,1,229.67,7,229.68,4,229.69,3,229.72,3
2025-04-10 09:33:00,228.82,228.7,1,228.61,1,229.03,11,229.03,228.61,228.61,1,228.51,5,228.28,2,228.25,3,228.21,1,228.15,1,228.07,3,228.05,5,228.04,2,,,229.03,11,229.14,11,229.27,2,229.33,3,229.35,1,229.4,1,229.67,7,229.68,4,229.69,3,229.72,3
2025-04-10 09:33:01,228.77,228.69,1,228.51,4,229.03,11,229.03,228.51,228.51,4,228.28,2,228.25,3,228.21,1,228.15,1,228.07,3,228.05,5,228.04,2,,,,,229.03,11,229.14,11,229.27,2,229.33,3,229.35,1,229.4,1,229.67,7,229.68,4,229.69,3,229.72,3
2025-04-10 09:33:02,228.44,228.17,1,228.2,3,228.68,3,228.68,228.2,228.2,3,228.16,3,228.15,1,228.07,3,228.05,5,228.04,2,,,,,,,,,228.68,3,228.9,1,229.03,11,229.14,11,229.27,2,229.33,3,229.35,1,229.4,1,229.67,7,229.68,4
2025-04-10 09:33:03,228.3,228.2,2,228.07,3,228.53,2,228.53,228.07,228.07,3,228.05,5,228.04,2,,,,,,,,,,,,,,,228.53,2,228.82,2,228.9,1,229.03,11,229.14,11,229.27,2,229.33,3,229.35,1,229.4,1,229.67,7
2025-04-10 09:33:04,228.22,228.22,1,228.07,1,228.37,1,228.37,228.07,228.07,1,228.0,9,,,,,,,,,,,,,,,,,228.37,1,228.53,1,228.82,2,228.9,1,229.03,11,229.14,11,229.27,2,229.33,3,229.35,1,229.4,1
2025-04-10 09:33:05,228.185,228.02,1,228.0,9,228.37,2,228.37,228.0,228.0,9,,,,,,,,,,,,,,,,,,,228.37,2,228.53,1,228.82,2,228.9,1,229.03,11,229.14,11,229.27,2,229.33,3,229.35,1,229.4,1
2025-04-10 09:33:06,227.895,227.71,1,227.59,2,228.2,1,228.2,227.59,227.59,2,,,,,,,,,,,,,,,,,,,228.2,1,228.37,4,228.53,1,228.82,2,228.9,1,229.03,11,229.14,11,229.27,2,229.33,3,229.35,1
2025-04-10 09:33:07,227.89,227.74,1,227.59,2,228.19,3,228.19,227.59,227.59,2,,,,,,,,,,,,,,,,,,,228.19,3,228.2,1,228.37,4,228.53,1,228.82,2,228.9,1,229.03,11,229.14,11,229.27,2,229.33,3
2025-04-10 09:33:08,227.965,227.8,1,227.74,3,228.19,4,228.19,227.74,227.74,3,227.63,1,227.59,2,,,,,,,,,,,,,,,228.19,4,228.2,1,228.37,4,228.53,1,228.82,2,228.9,1,229.03,11,229.14,11,229.27,2,229.33,3
2025-04-10 09:33:09,227.965,227.8,1,227.74,3,228.19,4,228.19,227.74,227.74,3,227.63,1,227.59,2,,,,,,,,,,,,,,,228.19,4,228.2,1,228.37,4,228.53,1,228.82,2,228.9,1,229.03,11,229.14,11,229.27,2,229.33,3
2025-04-10 09:33:10,227.97,227.8,1,227.75,1,228.19,4,228.19,227.75,227.75,1,227.74,2,227.63,1,227.59,2,,,,,,,,,,,,,228.19,4,228.2,1,228.37,4,228.53,1,228.82,2,228.9,1,229.03,11,229.14,11,229.27,2,229.33,3
2025-04-10 09:33:11,227.98,227.92,1,227.77,1,228.19,2,228.19,227.77,227.77,1,227.76,5,227.74,2,227.63,1,227.59,2,,,,,,,,,,,228.19,2,228.2,1,228.37,4,228.53,1,228.82,2,228.9,1,229.03,11,229.14,11,229.27,2,229.33,3
2025-04-10 09:33:12,228.02,228.02,1,227.85,1,228.19,2,228.19,227.85,227.85,1,227.77,1,227.76,5,227.74,2,227.63,1,227.59,2,,,,,,,,,228.19,2,228.2,1,228.37,4,228.53,1,228.82,2,228.9,1,229.03,11,229.14,11,229.27,2,229.33,3
2025-04-10 09:33:13,228.02,228.02,5,227.85,3,228.19,2,228.19,227.85,227.85,3,227.77,1,227.76,5,227.74,2,227.63,1,227.59,2,,,,,,,,,228.19,2,228.2,1,228.37,4,228.53,1,228.82,2,228.9,1,229.03,11,229.14,11,229.27,2,229.33,3
2025-04-10 09:33:14,228.02,228.02,5,227.85,3,228.19,2,228.19,227.85,227.85,3,227.77,1,227.76,5,227.74,2,227.63,1,227.59,2,,,,,,,,,228.19,2,228.2,1,228.37,4,228.53,1,228.82,2,228.9,1,229.03,11,229.14,11,229.27,2,229.33,3
2025-04-10 09:33:15,228.11,228.02,5,227.85,3,228.37,3,228.37,227.85,227.85,3,227.77,1,227.76,5,227.74,2,227.63,1,227.59,2,,,,,,,,,228.37,3,228.53,1,228.82,2,228.9,1,229.03,11,229.14,11,229.27,2,229.33,3,229.35,1,229.4,1
2025-04-10 09:33:16,228.15,228.11,1,227.86,1,228.44,1,228.44,227.85,227.86,1,227.85,6,227.77,1,227.76,5,227.74,2,227.63,1,227.59,2,,,,,,,228.44,1,228.53,1,228.82,2,228.9,1,229.03,11,229.14,11,229.27,2,229.33,3,229.35,1,229.4,1
2025-04-10 09:33:17,228.185,228.19,1,227.93,1,228.44,1,228.44,227.93,227.93,1,227.86,5,227.85,6,227.77,1,227.76,5,227.74,2,227.63,1,227.59,2,,,,,228.44,1,228.53,1,228.82,2,228.9,1,229.03,11,229.14,11,229.27,2,229.33,3,229.35,1,229.4,1
2025-04-10 09:33:18,228.19,228.19,1,227.94,1,228.44,2,228.44,227.94,227.94,1,227.93,1,227.86,5,227.85,6,227.77,1,227.76,5,227.74,2,227.63,1,227.59,2,,,228.44,2,228.53,1,228.82,2,228.9,1,229.03,11,229.14,11,229.27,2,229.33,3,229.35,1,229.4,1
2025-04-10 09:33:19,228.22,228.19,1,228.0,1,228.44,2,228.44,228.0,228.0,1,227.94,2,227.93,1,227.86,5,227.85,6,227.77,1,227.76,5,227.74,2,227.63,1,227.59,2,228.44,2,228.53,1,228.82,2,228.9,1,229.03,11,229.14,11,229.27,2,229.33,3,229.35,1,229.4,1
2025-04-10 09:33:20,228.22,228.19,1,228.0,1,228.44,2,228.44,228.0,228.0,1,227.94,2,227.93,1,227.86,5,227.85,6,227.77,1,227.76,5,227.74,2,227.63,1,227.59,2,228.44,2,228.53,1,228.82,2,228.9,1,229.03,11,229.14,11,229.27,2,229.33,3,229.35,1,229.4,1
2025-04-10 09:33:21,228.22,228.31,1,228.0,2,228.44,2,228.44,228.0,228.0,2,227.94,2,227.93,1,227.86,5,227.85,6,227.77,1,227.76,5,227.74,2,227.63,1,227.59,2,228.44,2,228.53,1,228.82,2,228.9,1,229.03,11,229.14,11,229.27,2,229.33,3,229.35,1,229.4,1
2025-04-10 09:33:22,228.22,228.22,1,228.0,3,228.44,2,228.44,228.0,228.0,3,227.94,2,227.93,1,227.86,5,227.85,6,227.77,1,227.76,5,227.74,2,227.63,1,227.59,2,228.44,2,228.53,1,228.82,2,228.9,1,229.03,11,229.14,11,229.27,2,229.33,3,229.35,1,229.4,1
2025-04-10 09:33:23,228.19,228.22,1,228.0,5,228.38,1,228.38,228.0,228.0,5,227.94,2,227.93,1,227.86,5,227.85,6,227.77,1,227.76,5,227.74,2,227.63,1,227.59,2,228.38,1,228.44,2,228.53,1,228.82,2,228.9,1,229.03,11,229.14,11,229.27,2,229.33,3,229.35,1
2025-04-10 09:33:24,228.22,228.22,1,228.0,5,228.44,5,228.44,228.0,228.0,5,227.94,2,227.93,1,227.86,5,227.85,6,227.77,1,227.76,5,227.74,2,227.63,1,227.59,2,228.44,5,228.53,1,228.82,2,228.9,1,229.03,11,229.14,11,229.27,2,229.33,3,229.35,1,229.4,1
2025-04-10 09:33:25,228.22,228.22,1,228.0,5,228.44,5,228.44,228.0,228.0,5,227.94,2,227.93,1,227.86,5,227.85,6,227.77,1,227.76,5,227.74,2,227.63,1,227.59,2,228.44,5,228.53,1,228.82,2,228.9,1,229.03,11,229.14,11,229.27,2,229.33,3,229.35,1,229.4,1
2025-04-10 09:33:26,228.22,228.22,1,228.0,5,228.44,5,228.44,228.0,228.0,5,227.94,2,227.93,1,227.86,5,227.85,6,227.77,1,227.76,5,227.74,2,227.63,1,227.59,2,228.44,5,228.53,1,228.82,2,228.9,1,229.03,11,229.14,11,229.27,2,229.33,3,229.35,1,229.4,1
2025-04-10 09:33:27,228.22,228.04,1,228.0,5,228.44,5,228.44,228.0,228.0,5,227.94,2,227.93,1,227.86,5,227.85,6,227.77,1,227.76,5,227.74,2,227.63,1,227.59,2,228.44,5,228.53,1,228.82,2,228.9,1,229.03,11,229.14,11,229.27,2,229.33,3,229.35,1,229.4,1
2025-04-10 09:33:28,228.22,228.04,1,228.0,5,228.44,5,228.44,228.0,228.0,5,227.94,2,227.93,1,227.86,5,227.85,6,227.77,1,227.76,5,227.74,2,227.63,1,227.59,2,228.44,5,228.53,1,228.82,2,228.9,1,229.03,11,229.14,11,229.27,2,229.33,3,229.35,1,229.4,1
2025-04-10 09:33:29,228.195,228.22,1,228.01,1,228.38,1,228.38,228.01,228.01,1,228.0,5,227.94,2,227.93,1,227.86,5,227.85,6,227.77,1,227.76,5,227.74,2,227.63,1,228.38,1,228.44,5,228.53,1,228.82,2,228.9,1,229.03,11,229.14,11,229.27,2,229.33,3,229.35,1
2025-04-10 09:33:30,228.195,228.01,3,228.01,1,228.38,1,228.38,228.01,228.01,1,228.0,5,227.94,2,227.93,1,227.86,5,227.85,6,227.77,1,227.76,5,227.74,2,227.63,1,228.38,1,228.44,5,228.53,1,228.82,2,228.9,1,229.03,11,229.14,11,229.27,2,229.33,3,229.35,1
2025-04-10 09:33:31,228.195,228.01,3,228.01,2,228.38,2,228.38,228.01,228.01,2,228.0,5,227.94,2,227.93,1,227.86,5,227.85,6,227.77,1,227.76,5,227.74,2,227.63,1,228.38,2,228.44,5,228.53,1,228.82,2,228.9,1,229.03,11,229.14,11,229.27,2,229.33,3,229.35,1
2025-04-10 09:33:32,228.195,228.13,1,228.01,2,228.38,2,228.38,228.01,228.01,2,228.0,5,227.94,2,227.93,1,227.86,5,227.85,6,227.77,1,227.76,5,227.74,2,227.63,1,228.38,2,228.44,5,228.53,1,228.82,2,228.9,1,229.03,11,229.14,11,229.27,2,229.33,3,229.35,1
2025-04-10 09:33:33,228.195,228.13,1,228.01,2,228.38,2,228.38,228.01,228.01,2,228.0,5,227.94,2,227.93,1,227.86,5,227.85,6,227.77,1,227.76,5,227.74,2,227.63,1,228.38,2,228.44,5,228.53,1,228.82,2,228.9,1,229.03,11,229.14,11,229.27,2,229.33,3,229.35,1
2025-04-10 09:33:34,228.195,228.09,1,228.01,4,228.38,2,228.38,228.01,228.01,4,228.0,5,227.94,2,227.93,1,227.86,5,227.85,6,227.77,1,227.76,5,227.74,2,227.63,1,228.38,2,228.44,5,228.53,1,228.82,2,228.9,1,229.03,11,229.14,11,229.27,2,229.33,3,229.35,1
2025-04-10 09:33:35,228.215,228.27,1,228.02,1,228.41,2,228.41,228.02,228.02,1,228.01,2,228.0,5,227.94,2,227.93,1,227.86,5,227.85,6,227.77,1,227.76,5,227.74,2,228.41,2,228.44,5,228.53,1,228.82,2,228.9,1,229.03,11,229.14,11,229.27,2,229.33,3,229.35,1
2025-04-10 09:33:36,228.215,228.22,2,228.02,2,228.41,2,228.41,228.02,228.02,2,228.01,2,228.0,5,227.94,2,227.93,1,227.86,5,227.85,6,227.77,1,227.76,5,227.74,2,228.41,2,228.44,5,228.53,1,228.82,2,228.9,1,229.03,11,229.14,11,229.27,2,229.33,3,229.35,1
2025-04-10 09:33:37,228.255,228.37,1,228.02,6,228.49,1,228.49,228.02,228.02,6,228.01,2,228.0,5,227.94,2,227.93,1,227.86,5,227.85,6,227.77,1,227.76,5,227.74,2,228.49,1,228.53,1,228.82,2,228.9,1,229.03,11,229.14,11,229.27,2,229.33,3,229.35,1,229.4,1
2025-04-10 09:33:38,228.305,228.31,1,228.12,2,228.49,1,228.49,228.12,228.12,2,228.02,6,228.01,2,228.0,5,227.94,2,227.93,1,227.86,5,227.85,6,227.77,1,227.76,5,228.49,1,228.53,1,228.82,2,228.9,1,229.03,11,229.14,11,229.27,2,229.33,3,229.35,1,229.4,1
2025-04-10 09:33:39,228.335,228.34,1,228.19,2,228.48,3,228.48,228.19,228.19,2,228.12,2,228.02,6,228.01,2,228.0,5,227.94,2,227.93,1,227.86,5,227.85,6,227.77,1,228.48,3,228.49,4,228.53,1,228.82,2,228.9,1,229.03,11,229.14,11,229.27,2,229.33,3,229.35,1
2025-04-10 09:33:40,228.34,228.23,1,228.19,4,228.49,4,228.49,228.19,228.19,4,228.12,2,228.02,6,228.01,2,228.0,5,227.94,2,227.93,1,227.86,5,227.85,6,227.77,1,228.49,4,228.53,1,228.82,2,228.9,1,229.03,11,229.14,11,229.27,2,229.33,3,229.35,1,229.4,1
2025-04-10 09:33:41,228.315,228.23,1,228.19,4,228.44,3,228.44,228.19,228.19,4,228.12,2,228.02,6,228.01,2,228.0,5,227.94,2,227.93,1,227.86,5,227.85,6,227.77,1,228.44,3,228.49,4,228.53,1,228.82,2,228.9,1,229.03,11,229.14,11,229.27,2,229.33,3,229.35,1
2025-04-10 09:33:43,228.315,228.23,1,228.19,4,228.44,3,228.44,228.19,228.19,4,228.12,2,228.02,6,228.01,2,228.0,5,227.94,2,227.93,1,227.86,5,227.85,6,227.77,1,228.44,3,228.49,4,228.53,1,228.82,2,228.9,1,229.03,11,229.14,11,229.27,2,229.33,3,229.35,1
2025-04-10 09:33:43,228.315,228.32,1,228.19,4,228.44,3,228.44,228.19,228.19,4,228.12,2,228.02,6,228.01,2,228.0,5,227.94,2,227.93,1,227.86,5,227.85,6,227.77,1,228.44,3,228.49,4,228.53,1,228.82,2,228.9,1,229.03,11,229.14,11,229.27,2,229.33,3,229.35,1
2025-04-10 09:33:44,228.3,228.3,1,228.16,1,228.44,6,228.44,228.16,228.16,1,228.14,1,228.12,2,228.02,6,228.01,2,228.0,5,227.94,2,227.93,1,227.86,5,227.85,6,228.44,6,228.49,4,228.53,1,228.82,2,228.9,1,229.03,11,229.14,11,229.27,2,229.33,3,229.35,1
2025-04-10 09:33:46,228.3,228.3,1,228.16,1,228.44,5,228.44,228.16,228.16,1,228.14,1,228.12,2,228.02,6,228.01,2,228.0,5,227.94,2,227.93,1,227.86,5,227.85,6,228.44,5,228.49,4,228.53,1,228.82,2,228.9,1,229.03,11,229.14,11,229.27,2,229.33,3,229.35,1
2025-04-10 09:33:47,228.3,228.3,1,228.16,3,228.44,5,228.44,228.16,228.16,3,228.14,1,228.12,2,228.02,6,228.01,2,228.0,5,227.94,2,227.93,1,227.86,5,227.85,6,228.44,5,228.49,4,228.53,1,228.82,2,228.9,1,229.03,11,229.14,11,229.27,2,229.33,3,229.35,1
2025-04-10 09:33:47,228.37,228.3,1,228.3,4,228.44,5,228.44,228.3,228.3,4,228.16,3,228.14,1,228.12,2,228.02,6,228.01,2,228.0,5,227.94,2,227.93,1,227.86,5,228.44,5,228.49,4,228.53,1,228.82,2,228.9,1,229.03,11,229.14,11,229.27,2,229.33,3,229.35,1
2025-04-10 09:33:49,228.37,228.3,1,228.3,4,228.44,5,228.44,228.3,228.3,4,228.16,3,228.14,1,228.12,2,228.02,6,228.01,2,228.0,5,227.94,2,227.93,1,227.86,5,228.44,5,228.49,4,228.53,1,228.82,2,228.9,1,229.03,11,229.14,11,229.27,2,229.33,3,229.35,1
2025-04-10 09:33:50,228.52,228.41,1,228.36,1,228.68,2,228.68,228.36,228.36,1,228.3,5,228.16,3,228.14,1,228.12,2,228.02,6,228.01,2,228.0,5,227.94,2,227.93,1,228.68,2,228.82,2,228.9,1,229.03,11,229.14,11,229.27,2,229.33,3,229.35,1,229.4,1,229.67,7
2025-04-10 09:33:50,228.64,228.64,1,228.53,2,228.75,2,228.75,228.53,228.53,2,228.36,2,228.3,5,228.16,3,228.14,1,228.12,2,228.02,6,228.01,2,228.0,5,227.94,2,228.75,2,228.82,2,228.9,1,229.03,11,229.14,11,229.27,2,229.33,3,229.35,1,229.4,1,229.67,7
2025-04-10 09:33:51,228.58,228.5,1,228.44,5,228.72,3,228.72,228.44,228.44,5,228.36,2,228.3,5,228.16,3,228.14,1,228.12,2,228.02,6,228.01,2,228.0,5,227.94,2,228.72,3,228.81,1,228.82,2,228.9,1,229.03,11,229.14,11,229.27,2,229.33,3,229.35,1,229.4,1
2025-04-10 09:33:53,228.345,228.3,1,228.16,2,228.53,3,228.53,228.16,228.16,2,228.14,1,228.12,2,228.02,6,228.01,2,228.0,5,227.94,2,227.93,1,227.86,5,227.85,6,228.53,3,228.75,1,228.79,1,228.81,1,228.82,2,228.9,1,229.03,11,229.14,11,229.27,2,229.33,3
2025-04-10 09:33:53,228.325,228.25,2,228.16,2,228.49,3,228.49,228.16,228.16,2,228.14,1,228.12,2,228.02,6,228.01,2,228.0,5,227.94,2,227.93,1,227.86,5,227.85,6,228.49,3,228.5,4,228.75,1,228.79,1,228.81,1,228.82,2,228.9,1,229.03,11,229.14,11,229.27,2
2025-04-10 09:33:55,228.325,228.33,1,228.16,3,228.49,3,228.49,228.16,228.16,3,228.14,1,228.12,2,228.02,6,228.01,2,228.0,5,227.94,2,227.93,1,227.86,5,227.85,6,228.49,3,228.75,1,228.79,1,228.81,1,228.82,2,228.9,1,229.03,11,229.14,11,229.27,2,229.33,3
2025-04-10 09:33:56,228.315,228.32,1,228.16,3,228.47,3,228.47,228.16,228.16,3,228.14,1,228.12,2,228.02,6,228.01,2,228.0,5,227.94,2,227.93,1,227.86,5,227.85,6,228.47,3,228.68,2,228.75,1,228.79,1,228.81,1,228.82,2,228.9,1,229.03,11,229.14,11,229.27,2
2025-04-10 09:33:57,228.32,228.32,1,228.16,3,228.48,3,228.48,228.16,228.16,3,228.14,1,228.12,2,228.02,6,228.01,2,228.0,5,227.94,2,227.93,1,227.86,5,227.85,6,228.48,3,228.75,1,228.79,1,228.81,1,228.82,2,228.9,1,229.03,11,229.14,11,229.27,2,229.33,3
2025-04-10 09:33:58,228.245,228.25,3,228.02,6,228.47,3,228.47,228.02,228.02,6,228.01,2,228.0,5,227.94,2,227.93,1,227.86,5,227.85,6,227.77,1,227.76,5,227.74,2,228.47,3,228.74,3,228.75,1,228.79,1,228.81,1,228.82,2,228.9,1,229.03,11,229.14,11,229.27,2
2025-04-10 09:33:59,228.25,228.25,3,228.03,4,228.47,3,228.47,228.03,228.03,4,228.02,6,228.01,2,228.0,5,227.94,2,227.93,1,227.86,5,227.85,6,227.77,1,227.76,5,228.47,3,228.74,3,228.75,1,228.79,1,228.81,1,228.82,2,228.9,1,229.03,11,229.14,11,229.27,2
2025-04-10 09:34:00,228.255,228.29,2,228.03,4,228.48,3,228.48,228.03,228.03,4,228.02,6,228.01,2,228.0,5,227.94,2,227.93,1,227.86,5,227.85,6,227.77,1,227.76,5,228.48,3,228.74,3,228.75,1,228.79,1,228.81,1,228.82,2,228.9,1,229.03,11,229.14,11,229.27,2
2025-04-10 09:34:01,228.485,228.39,1,228.22,1,228.75,2,228.75,228.22,228.22,1,228.07,1,228.03,6,228.02,6,228.01,2,228.0,5,227.94,2,227.93,1,227.86,5,227.85,6,228.75,2,228.79,1,228.81,1,228.82,2,228.9,1,229.03,11,229.14,11,229.27,2,229.33,3,229.35,1
2025-04-10 09:34:02,228.485,228.49,1,228.22,2,228.75,1,228.75,228.22,228.22,2,228.07,1,228.03,6,228.02,6,228.01,2,228.0,5,227.94,2,227.93,1,227.86,5,227.85,6,228.75,1,228.79,1,228.81,1,228.82,2,228.9,1,229.03,11,229.14,11,229.27,2,229.33,3,229.35,1
2025-04-10 09:34:02,228.65,228.65,1,228.49,2,228.81,1,228.81,228.49,228.49,2,228.22,2,228.07,1,228.03,6,228.02,6,228.01,2,228.0,5,227.94,2,227.93,1,227.86,5,228.81,1,228.82,2,228.9,1,229.03,11,229.14,11,229.27,2,229.33,3,229.35,1,229.4,1,229.67,7
2025-04-10 09:34:04,228.65,228.63,1,228.49,2,228.81,1,228.81,228.49,228.49,2,228.22,2,228.07,1,228.03,6,228.02,6,228.01,2,228.0,5,227.94,2,227.93,1,227.86,5,228.81,1,228.82,2,228.9,1,229.03,11,229.14,11,229.27,2,229.33,3,229.35,1,229.4,1,229.67,7
2025-04-10 09:34:04,228.65,228.65,1,228.49,2,228.81,1,228.81,228.49,228.49,2,228.22,2,228.07,1,228.03,6,228.02,6,228.01,2,228.0,5,227.94,2,227.93,1,227.86,5,228.81,1,228.82,2,228.9,1,229.03,11,229.14,11,229.27,2,229.33,3,229.35,1,229.4,1,229.67,7
2025-04-10 09:34:06,228.825,228.75,1,228.65,1,229.0,3,229.0,228.65,228.65,1,228.49,2,228.22,2,228.07,1,228.03,6,228.02,6,228.01,2,228.0,5,227.94,2,227.93,1,229.0,3,229.03,11,229.14,11,229.27,2,229.33,3,229.35,1,229.4,1,229.67,7,229.68,4,229.69,3
2025-04-10 09:34:07,228.825,228.75,1,228.65,1,229.0,3,229.0,228.65,228.65,1,228.49,2,228.22,2,228.07,1,228.03,6,228.02,6,228.01,2,228.0,5,227.94,2,227.93,1,229.0,3,229.03,11,229.14,11,229.27,2,229.33,3,229.35,1,229.4,1,229.67,7,229.68,4,229.69,3
2025-04-10 09:34:08,228.825,228.67,1,228.65,1,229.0,3,229.0,228.65,228.65,1,228.49,2,228.22,2,228.07,1,228.03,6,228.02,6,228.01,2,228.0,5,227.94,2,227.93,1,229.0,3,229.03,11,229.14,11,229.27,2,229.33,3,229.35,1,229.4,1,229.67,7,229.68,4,229.69,3
2025-04-10 09:34:09,228.825,228.67,1,228.65,1,229.0,3,229.0,228.65,228.65,1,228.49,2,228.22,2,228.07,1,228.03,6,228.02,6,228.01,2,228.0,5,227.94,2,227.93,1,229.0,3,229.03,11,229.14,11,229.27,2,229.33,3,229.35,1,229.4,1,229.67,7,229.68,4,229.69,3
2025-04-10 09:34:10,228.86,228.83,1,228.72,1,229.0,3,229.0,228.72,228.72,1,228.65,3,228.49,2,228.22,2,228.07,1,228.03,6,228.02,6,228.01,2,228.0,5,227.94,2,229.0,3,229.03,11,229.14,11,229.27,2,229.33,3,229.35,1,229.4,1,229.67,7,229.68,4,229.69,3
2025-04-10 09:34:11,228.86,228.77,1,228.72,1,229.0,3,229.0,228.72,228.72,1,228.65,3,228.49,2,228.22,2,228.07,1,228.03,6,228.02,6,228.01,2,228.0,5,227.94,2,229.0,3,229.03,11,229.14,11,229.27,2,229.33,3,229.35,1,229.4,1,229.67,7,229.68,4,229.69,3
2025-04-10 09:34:12,228.825,228.83,1,228.65,8,229.0,3,229.0,228.65,228.65,8,228.49,2,228.22,2,228.07,1,228.03,6,228.02,6,228.01,2,228.0,5,227.94,2,227.93,1,229.0,3,229.03,11,229.14,11,229.27,2,229.33,3,229.35,1,229.4,1,229.67,7,229.68,4,229.69,3
2025-04-10 09:34:13,228.86,228.83,1,228.72,1,229.0,3,229.0,228.72,228.72,1,228.65,8,228.49,2,228.22,2,228.07,1,228.03,6,228.02,6,228.01,2,228.0,5,227.94,2,229.0,3,229.03,11,229.14,11,229.27,2,229.33,3,229.35,1,229.4,1,229.67,7,229.68,4,229.69,3
2025-04-10 09:34:14,228.86,228.86,1,228.72,6,229.0,3,229.0,228.72,228.72,6,228.65,8,228.49,2,228.22,2,228.07,1,228.03,6,228.02,6,228.01,2,228.0,5,227.94,2,229.0,3,229.03,11,229.14,11,229.27,2,229.33,3,229.35,1,229.4,1,229.67,7,229.68,4,229.69,3
2025-04-10 09:34:15,228.96,228.97,1,228.78,1,229.14,13,229.14,228.78,228.78,1,228.73,1,228.72,6,228.65,8,228.49,2,228.22,2,228.07,1,228.03,6,228.02,6,228.01,2,229.14,13,229.27,2,229.33,3,229.35,1,229.4,1,229.67,7,229.68,4,229.69,3,229.72,3,229.73,1
2025-04-10 09:34:16,228.96,228.95,1,228.78,1,229.14,13,229.14,228.78,228.78,1,228.75,1,228.73,1,228.72,6,228.65,8,228.49,2,228.22,2,228.07,1,228.03,6,228.02,6,229.14,13,229.27,2,229.33,3,229.35,1,229.4,1,229.67,7,229.68,4,229.69,3,229.72,3,229.73,1
2025-04-10 09:34:17,228.96,228.96,1,228.78,1,229.14,13,229.14,228.78,228.78,1,228.75,1,228.73,1,228.72,6,228.65,8,228.49,2,228.22,2,228.07,1,228.03,6,228.02,6,229.14,13,229.27,2,229.33,3,229.35,1,229.4,1,229.67,7,229.68,4,229.69,3,229.72,3,229.73,1
2025-04-10 09:34:18,229.09,229.13,1,228.79,1,229.39,1,229.39,228.79,228.79,1,228.78,3,228.75,1,228.73,1,228.72,6,228.65,8,228.49,2,228.22,2,228.07,1,228.03,6,229.39,1,229.4,1,229.67,7,229.68,4,229.69,3,229.72,3,229.73,1,229.74,3,229.89,4,230.0,9
2025-04-10 09:34:19,229.15,229.09,1,228.91,1,229.39,1,229.39,228.91,228.91,1,228.79,1,228.78,3,228.75,1,228.73,1,228.72,6,228.65,8,228.49,2,228.22,2,228.07,1,229.39,1,229.4,1,229.67,7,229.68,4,229.69,3,229.72,3,229.73,1,229.74,3,229.89,4,230.0,9
2025-04-10 09:34:20,229.15,229.15,2,228.91,1,229.39,1,229.39,228.91,228.91,1,228.79,1,228.78,3,228.75,1,228.73,1,228.72,6,228.65,8,228.49,2,228.22,2,228.07,1,229.39,1,229.4,1,229.67,7,229.68,4,229.69,3,229.72,3,229.73,1,229.74,3,229.89,4,230.0,9
2025-04-10 09:34:21,229.15,229.15,1,228.91,3,229.39,1,229.39,228.91,228.91,3,228.79,1,228.78,3,228.75,1,228.73,1,228.72,6,228.65,8,228.49,2,228.22,2,228.07,1,229.39,1,229.4,1,229.67,7,229.68,4,229.69,3,229.72,3,229.73,1,229.74,3,229.89,4,230.0,9
2025-04-10 09:34:22,229.15,229.15,1,228.91,3,229.39,1,229.39,228.91,228.91,3,228.79,1,228.78,3,228.75,1,228.73,1,228.72,6,228.65,8,228.49,2,228.22,2,228.07,1,229.39,1,229.4,1,229.67,7,229.68,4,229.69,3,229.72,3,229.73,1,229.74,3,229.89,4,230.0,9
2025-04-10 09:34:23,229.22,229.22,1,228.96,2,229.48,1,229.48,228.96,228.96,2,228.91,3,228.79,1,228.78,3,228.75,1,228.73,1,228.72,6,228.65,8,228.49,2,228.22,2,229.48,1,229.67,7,229.68,4,229.69,3,229.72,3,229.73,1,229.74,3,229.89,4,230.0,9,230.04,1
2025-04-10 09:34:24,229.2,229.2,1,228.96,3,229.44,1,229.44,228.96,228.96,3,228.91,3,228.79,1,228.78,3,228.75,1,228.73,1,228.72,6,228.65,8,228.49,2,228.22,2,229.44,1,229.48,1,229.67,7,229.68,4,229.69,3,229.72,3,229.73,1,229.74,3,229.89,4,230.0,9
2025-04-10 09:34:25,229.12,229.17,1,228.96,3,229.28,1,229.28,228.96,228.96,3,228.91,3,228.79,1,228.78,3,228.75,1,228.73,1,228.72,6,228.65,8,228.49,2,228.22,2,229.28,1,229.44,1,229.48,1,229.67,7,229.68,4,229.69,3,229.72,3,229.73,1,229.74,3,229.89,4
2025-04-10 09:34:26,229.12,229.12,1,228.96,3,229.28,1,229.28,228.96,228.96,3,228.91,3,228.79,1,228.78,3,228.75,1,228.73,1,228.72,6,228.65,8,228.49,2,228.22,2,229.28,1,229.44,1,229.48,1,229.67,7,229.68,4,229.69,3,229.72,3,229.73,1,229.74,3,229.89,4
2025-04-10 09:34:27,229.12,229.12,1,228.96,3,229.28,1,229.28,228.96,228.96,3,228.91,3,228.79,1,228.78,3,228.75,1,228.73,1,228.72,6,228.65,8,228.49,2,228.22,2,229.28,1,229.44,1,229.48,1,229.67,7,229.68,4,229.69,3,229.72,3,229.73,1,229.74,3,229.89,4
2025-04-10 09:34:28,229.12,229.12,1,228.96,3,229.28,1,229.28,228.96,228.96,3,228.91,3,228.79,1,228.78,3,228.75,1,228.73,1,228.72,6,228.65,8,228.49,2,228.22,2,229.28,1,229.44,1,229.48,1,229.67,7,229.68,4,229.69,3,229.72,3,229.73,1,229.74,3,229.89,4
2025-04-10 09:34:29,229.12,229.12,1,228.96,3,229.28,1,229.28,228.96,228.96,3,228.91,3,228.79,1,228.78,3,228.75,1,228.73,1,228.72,6,228.65,8,228.49,2,228.22,2,229.28,1,229.44,1,229.48,1,229.67,7,229.68,4,229.69,3,229.72,3,229.73,1,229.74,3,229.89,4
2025-04-10 09:34:30,229.12,229.2,1,228.96,3,229.28,1,229.28,228.96,228.96,3,228.91,3,228.79,1,228.78,3,228.75,1,228.73,1,228.72,6,228.65,8,228.49,2,228.22,2,229.28,1,229.44,1,229.48,1,229.67,7,229.68,4,229.69,3,229.72,3,229.73,1,229.74,3,229.89,4
2025-04-10 09:34:31,229.15,229.11,1,229.02,2,229.28,1,229.28,229.02,229.02,2,228.96,3,228.91,3,228.79,1,228.78,3,228.75,1,228.73,1,228.72,6,228.65,8,228.49,2,229.28,1,229.44,1,229.48,1,229.67,7,229.68,4,229.69,3,229.72,3,229.73,1,229.74,3,229.89,4
2025-04-10 09:34:32,229.15,229.11,1,229.02,2,229.28,1,229.28,229.02,229.02,2,228.96,3,228.91,3,228.79,1,228.78,3,228.75,1,228.73,1,228.72,6,228.65,8,228.49,2,229.28,1,229.44,1,229.48,1,229.67,7,229.68,4,229.69,3,229.72,3,229.73,1,229.74,3,229.89,4
2025-04-10 09:34:33,229.15,229.15,1,229.02,2,229.28,1,229.28,229.02,229.02,2,228.96,3,228.91,3,228.79,1,228.78,3,228.75,1,228.73,1,228.72,6,228.65,8,228.49,2,229.28,1,229.44,1,229.48,1,229.67,7,229.68,4,229.69,3,229.72,3,229.73,1,229.74,3,229.89,4
2025-04-10 09:34:34,229.255,229.04,1,229.09,2,229.42,1,229.42,229.09,229.09,2,229.02,6,228.96,3,228.91,3,228.79,1,228.78,3,228.75,1,228.73,1,228.72,6,228.65,8,229.42,1,229.44,1,229.48,1,229.67,7,229.68,4,229.69,3,229.72,3,229.73,1,229.74,3,229.89,4
2025-04-10 09:34:35,229.255,229.04,1,229.09,2,229.42,1,229.42,229.09,229.09,2,229.02,6,228.96,3,228.91,3,228.79,1,228.78,3,228.75,1,228.73,1,228.72,6,228.65,8,229.42,1,229.44,1,229.48,1,229.67,7,229.68,4,229.69,3,229.72,3,229.73,1,229.74,3,229.89,4
2025-04-10 09:34:36,229.255,229.04,1,229.09,2,229.42,1,229.42,229.09,229.09,2,229.02,6,228.96,3,228.91,3,228.79,1,228.78,3,228.75,1,228.73,1,228.72,6,228.65,8,229.42,1,229.44,1,229.48,1,229.67,7,229.68,4,229.69,3,229.72,3,229.73,1,229.74,3,229.89,4
2025-04-10 09:34:37,229.255,229.25,1,229.09,2,229.42,1,229.42,229.09,229.09,2,229.02,6,228.96,3,228.91,3,228.79,1,228.78,3,228.75,1,228.73,1,228.72,6,228.65,8,229.42,1,229.44,1,229.48,1,229.67,7,229.68,4,229.69,3,229.72,3,229.73,1,229.74,3,229.89,4
2025-04-10 09:34:38,229.255,229.25,1,229.09,2,229.42,1,229.42,229.09,229.09,2,229.02,6,228.96,3,228.91,3,228.79,1,228.78,3,228.75,1,228.73,1,228.72,6,228.65,8,229.42,1,229.44,1,229.48,1,229.67,7,229.68,4,229.69,3,229.72,3,229.73,1,229.74,3,229.89,4
2025-04-10 09:34:39,229.255,229.25,1,229.09,2,229.42,1,229.42,229.09,229.09,2,229.02,6,228.96,3,228.91,3,228.79,1,228.78,3,228.75,1,228.73,1,228.72,6,228.65,8,229.42,1,229.44,1,229.48,1,229.67,7,229.68,4,229.69,3,229.72,3,229.73,1,229.74,3,229.89,4
2025-04-10 09:34:40,229.22,229.09,1,229.02,6,229.42,2,229.42,229.02,229.02,6,228.96,3,228.91,3,228.79,1,228.78,3,228.75,1,228.73,1,228.72,6,228.65,8,228.49,2,229.42,2,229.44,1,229.48,1,229.67,7,229.68,4,229.69,3,229.72,3,229.73,1,229.74,3,229.89,4
2025-04-10 09:34:41,229.23,229.23,3,229.04,1,229.42,2,229.42,229.04,229.04,1,229.02,6,228.96,3,228.91,3,228.79,1,228.78,3,228.75,1,228.73,1,228.72,6,228.65,8,229.42,2,229.44,1,229.48,1,229.67,7,229.68,4,229.69,3,229.72,3,229.73,1,229.74,3,229.89,4
2025-04-10 09:34:42,229.23,229.05,5,229.04,1,229.42,2,229.42,229.04,229.04,1,229.02,6,228.96,3,228.91,3,228.79,1,228.78,3,228.75,1,228.73,1,228.72,6,228.65,8,229.42,2,229.44,1,229.48,1,229.67,7,229.68,4,229.69,3,229.72,3,229.73,1,229.74,3,229.89,4
2025-04-10 09:34:43,229.23,229.05,5,229.04,1,229.42,2,229.42,229.04,229.04,1,229.02,6,228.96,3,228.91,3,228.79,1,228.78,3,228.75,1,228.73,1,228.72,6,228.65,8,229.42,2,229.44,1,229.48,1,229.67,7,229.68,4,229.69,3,229.72,3,229.73,1,229.74,3,229.89,4
2025-04-10 09:34:44,229.23,229.05,5,229.04,1,229.42,2,229.42,229.04,229.04,1,229.02,6,228.96,3,228.91,3,228.79,1,228.78,3,228.75,1,228.73,1,228.72,6,228.65,8,229.42,2,229.44,1,229.48,1,229.67,7,229.68,4,229.69,3,229.72,3,229.73,1,229.74,3,229.89,4
2025-04-10 09:34:45,229.23,229.05,5,229.04,1,229.42,2,229.42,229.04,229.04,1,229.02,6,228.96,3,228.91,3,228.79,1,228.78,3,228.75,1,228.73,1,228.72,6,228.65,8,229.42,2,229.44,1,229.48,1,229.67,7,229.68,4,229.69,3,229.72,3,229.73,1,229.74,3,229.89,4
2025-04-10 09:34:46,229.24,229.17,1,229.06,1,229.42,2,229.42,229.06,229.06,1,229.04,5,229.02,6,228.96,3,228.91,3,228.79,1,228.78,3,228.75,1,228.73,1,228.72,6,229.42,2,229.44,1,229.48,1,229.67,7,229.68,4,229.69,3,229.72,3,229.73,1,229.74,3,229.89,4
2025-04-10 09:34:47,229.22,229.04,1,229.02,1,229.42,2,229.42,229.02,229.02,1,228.99,1,228.96,3,228.91,3,228.79,1,228.78,3,228.75,1,228.73,1,228.72,6,228.65,8,229.42,2,229.44,1,229.48,1,229.67,7,229.68,4,229.69,3,229.72,3,229.73,1,229.74,3,229.89,4
2025-04-10 09:34:48,229.21,229.21,1,229.02,3,229.4,1,229.4,229.02,229.02,3,228.99,1,228.96,3,228.91,3,228.79,1,228.78,3,228.75,1,228.73,1,228.72,6,228.65,8,229.4,1,229.42,3,229.44,1,229.48,1,229.67,7,229.68,4,229.69,3,229.72,3,229.73,1,229.74,3
2025-04-10 09:34:49,229.21,229.21,1,229.02,2,229.4,1,229.4,229.02,229.02,2,228.99,1,228.96,3,228.91,3,228.79,1,228.78,3,228.75,1,228.73,1,228.72,6,228.65,8,229.4,1,229.42,3,229.44,1,229.48,1,229.67,7,229.68,4,229.69,3,229.72,3,229.73,1,229.74,3
2025-04-10 09:34:50,229.21,229.21,1,229.02,2,229.4,1,229.4,229.02,229.02,2,228.99,1,228.96,3,228.91,3,228.79,1,228.78,3,228.75,1,228.73,1,228.72,6,228.65,8,229.4,1,229.42,3,229.44,1,229.48,1,229.67,7,229.68,4,229.69,3,229.72,3,229.73,1,229.74,3
2025-04-10 09:34:51,229.21,229.21,1,229.02,2,229.4,1,229.4,229.02,229.02,2,228.99,1,228.96,3,228.91,3,228.79,1,228.78,3,228.75,1,228.73,1,228.72,6,228.65,8,229.4,1,229.42,3,229.44,1,229.48,1,229.67,7,229.68,4,229.69,3,229.72,3,229.73,1,229.74,3
2025-04-10 09:34:52,229.21,229.21,1,229.02,2,229.4,1,229.4,229.02,229.02,2,228.99,1,228.96,3,228.91,3,228.79,1,228.78,3,228.75,1,228.73,1,228.72,6,228.65,8,229.4,1,229.42,3,229.44,1,229.48,1,229.67,7,229.68,4,229.69,3,229.72,3,229.73,1,229.74,3
2025-04-10 09:34:53,229.165,228.99,1,228.91,1,229.42,3,229.42,228.91,228.91,1,228.75,1,228.73,1,228.72,6,228.65,8,228.49,2,228.22,2,228.07,1,228.03,6,228.02,6,229.42,3,229.44,1,229.48,1,229.67,7,229.68,4,229.69,3,229.72,3,229.73,1,229.74,3,229.89,4
2025-04-10 09:34:54,229.12,229.06,1,228.91,1,229.33,1,229.33,228.91,228.91,1,228.75,1,228.73,1,228.72,6,228.65,8,228.49,2,228.22,2,228.07,1,228.03,6,228.02,6,229.33,1,229.42,3,229.44,1,229.48,1,229.67,7,229.68,4,229.69,3,229.72,3,229.73,1,229.74,3
2025-04-10 09:34:55,229.01,228.88,1,228.75,1,229.27,1,229.27,228.75,228.75,1,228.73,1,228.72,6,228.65,8,228.49,2,228.22,2,228.07,1,228.03,6,228.02,6,228.01,2,229.27,1,229.33,1,229.42,3,229.44,1,229.48,1,229.67,7,229.68,4,229.69,3,229.72,3,229.73,1
2025-04-10 09:34:56,229.01,228.88,1,228.75,3,229.27,2,229.27,228.75,228.75,3,228.73,1,228.72,6,228.65,8,228.49,2,228.22,2,228.07,1,228.03,6,228.02,6,228.01,2,229.27,2,229.33,1,229.42,3,229.44,1,229.48,1,229.67,7,229.68,4,229.69,3,229.72,3,229.73,1
2025-04-10 09:34:57,229.01,228.88,1,228.75,3,229.27,2,229.27,228.75,228.75,3,228.73,1,228.72,6,228.65,8,228.49,2,228.22,2,228.07,1,228.03,6,228.02,6,228.01,2,229.27,2,229.33,1,229.42,3,229.44,1,229.48,1,229.67,7,229.68,4,229.69,3,229.72,3,229.73,1
2025-04-10 09:34:58,229.01,228.88,1,228.75,3,229.27,2,229.27,228.75,228.75,3,228.73,1,228.72,6,228.65,8,228.49,2,228.22,2,228.07,1,228.03,6,228.02,6,228.01,2,229.27,2,229.33,1,229.42,3,229.44,1,229.48,1,229.67,7,229.68,4,229.69,3,229.72,3,229.73,1
2025-04-10 09:34:59,228.82,228.69,1,228.52,3,229.12,2,229.12,228.52,228.52,3,228.49,2,228.22,2,228.07,1,228.03,6,228.02,6,228.01,2,228.0,5,227.94,2,227.93,1,229.12,2,229.25,4,229.27,3,229.33,1,229.42,3,229.44,1,229.48,1,229.67,7,229.68,4,229.69,3
2025-04-10 09:35:00,228.705,228.71,1,228.29,2,229.12,2,229.12,228.29,228.29,2,228.27,2,228.22,2,228.07,1,228.03,6,228.02,6,228.01,2,228.0,5,227.94,2,227.93,1,229.12,2,229.25,4,229.27,3,229.33,1,229.42,3,229.44,1,229.48,1,229.67,7,229.68,4,229.69,3
2025-04-10 09:35:01,228.815,228.74,1,228.51,1,229.12,2,229.12,228.51,228.51,1,228.41,1,228.29,2,228.27,2,228.22,2,228.07,1,228.03,6,228.02,6,228.01,2,228.0,5,229.12,2,229.25,4,229.27,3,229.33,1,229.42,3,229.44,1,229.48,1,229.67,7,229.68,4,229.69,3
2025-04-10 09:35:02,228.81,228.72,1,228.51,2,229.11,1,229.11,228.51,228.51,2,228.41,2,228.29,2,228.27,2,228.22,2,228.07,1,228.03,6,228.02,6,228.01,2,228.0,5,229.11,1,229.12,2,229.25,4,229.27,3,229.33,1,229.42,3,229.44,1,229.48,1,229.67,7,229.68,4
2025-04-10 09:35:03,228.79,228.72,1,228.52,4,229.06,1,229.06,228.52,228.52,4,228.51,2,228.41,2,228.29,2,228.27,2,228.22,2,228.07,1,228.03,6,228.02,6,228.01,2,229.06,1,229.11,1,229.12,2,229.25,4,229.27,3,229.33,1,229.42,3,229.44,1,229.48,1,229.67,7
2025-04-10 09:35:04,228.77,228.72,1,228.52,4,229.02,1,229.02,228.52,228.52,4,228.51,2,228.41,2,228.29,2,228.27,2,228.22,2,228.07,1,228.03,6,228.02,6,228.01,2,229.02,1,229.06,1,229.11,1,229.12,2,229.25,4,229.27,3,229.33,1,229.42,3,229.44,1,229.48,1
2025-04-10 09:35:05,228.77,228.72,1,228.52,4,229.02,2,229.02,228.52,228.52,4,228.51,2,228.41,2,228.29,2,228.27,2,228.22,2,228.07,1,228.03,6,228.02,6,228.01,2,229.02,2,229.06,1,229.11,1,229.12,2,229.25,4,229.27,3,229.33,1,229.42,3,229.44,1,229.48,1
2025-04-10 09:35:06,228.77,228.88,1,228.52,4,229.02,2,229.02,228.52,228.52,4,228.51,2,228.41,2,228.29,2,228.27,2,228.22,2,228.07,1,228.03,6,228.02,6,228.01,2,229.02,2,229.06,1,229.11,1,229.12,2,229.25,4,229.27,3,229.33,1,229.42,3,229.44,1,229.48,1
2025-04-10 09:35:07,228.77,228.6,1,228.52,4,229.02,2,229.02,228.52,228.52,4,228.51,2,228.41,2,228.29,2,228.27,2,228.22,2,228.07,1,228.03,6,228.02,6,228.01,2,229.02,2,229.06,1,229.11,1,229.12,2,229.25,4,229.27,3,229.33,1,229.42,3,229.44,1,229.48,1
2025-04-10 09:35:08,228.795,228.6,1,228.57,3,229.02,2,229.02,228.57,228.57,3,228.52,4,228.51,2,228.41,2,228.29,2,228.27,2,228.22,2,228.07,1,228.03,6,228.02,6,229.02,2,229.06,1,229.11,1,229.12,2,229.25,4,229.27,3,229.33,1,229.42,3,229.44,1,229.48,1
2025-04-10 09:35:09,228.795,228.6,1,228.57,3,229.02,2,229.02,228.57,228.57,3,228.52,4,228.51,2,228.41,2,228.29,2,228.27,2,228.22,2,228.07,1,228.03,6,228.02,6,229.02,2,229.06,1,229.11,1,229.12,2,229.25,4,229.27,3,229.33,1,229.42,3,229.44,1,229.48,1
2025-04-10 09:35:10,228.795,228.6,1,228.57,3,229.02,3,229.02,228.57,228.57,3,228.52,4,228.51,2,228.41,2,228.29,2,228.27,2,228.22,2,228.07,1,228.03,6,228.02,6,229.02,3,229.06,1,229.11,1,229.12,2,229.25,4,229.27,3,229.33,1,229.42,3,229.44,1,229.48,1
2025-04-10 09:35:11,228.795,228.6,1,228.57,3,229.02,4,229.02,228.57,228.57,3,228.52,4,228.51,2,228.41,2,228.29,2,228.27,2,228.22,2,228.07,1,228.03,6,228.02,6,229.02,4,229.06,1,229.11,1,229.12,2,229.25,4,229.27,3,229.33,1,229.42,3,229.44,1,229.48,1
2025-04-10 09:35:12,228.795,228.8,5,228.57,9,229.02,4,229.02,228.57,228.57,9,228.52,4,228.51,2,228.41,2,228.29,2,228.27,2,228.22,2,228.07,1,228.03,6,228.02,6,229.02,4,229.06,1,229.11,1,229.12,2,229.25,4,229.27,3,229.33,1,229.42,3,229.44,1,229.48,1
2025-04-10 09:35:13,228.795,228.8,5,228.57,9,229.02,4,229.02,228.57,228.57,9,228.52,4,228.51,2,228.41,2,228.29,2,228.27,2,228.22,2,228.07,1,228.03,6,228.02,6,229.02,4,229.06,1,229.11,1,229.12,2,229.25,4,229.27,3,229.33,1,229.42,3,229.44,1,229.48,1
2025-04-10 09:35:14,228.795,228.8,5,228.57,9,229.02,4,229.02,228.57,228.57,9,228.52,4,228.51,2,228.41,2,228.29,2,228.27,2,228.22,2,228.07,1,228.03,6,228.02,6,229.02,4,229.06,1,229.11,1,229.12,2,229.25,4,229.27,3,229.33,1,229.42,3,229.44,1,229.48,1
2025-04-10 09:35:15,228.795,228.78,1,228.57,9,229.02,5,229.02,228.57,228.57,9,228.52,4,228.51,2,228.41,2,228.29,2,228.27,2,228.22,2,228.07,1,228.03,6,228.02,6,229.02,5,229.06,1,229.11,1,229.12,2,229.25,4,229.27,3,229.33,1,229.42,3,229.44,1,229.48,1
2025-04-10 09:35:16,228.795,228.58,1,228.57,9,229.02,5,229.02,228.57,228.57,9,228.52,4,228.51,2,228.41,2,228.29,2,228.27,2,228.22,2,228.07,1,228.03,6,228.02,6,229.02,5,229.06,1,229.11,1,229.12,2,229.25,4,229.27,3,229.33,1,229.42,3,229.44,1,229.48,1
2025-04-10 09:35:17,228.795,228.58,1,228.57,9,229.02,6,229.02,228.57,228.57,9,228.52,4,228.51,2,228.41,2,228.29,2,228.27,2,228.22,2,228.07,1,228.03,6,228.02,6,229.02,6,229.06,1,229.11,1,229.12,2,229.25,4,229.27,3,229.33,1,229.42,3,229.44,1,229.48,1
2025-04-10 09:35:18,228.795,228.75,1,228.57,9,229.02,6,229.02,228.57,228.57,9,228.52,4,228.51,2,228.41,2,228.29,2,228.27,2,228.22,2,228.07,1,228.03,6,228.02,6,229.02,6,229.06,1,229.11,1,229.12,2,229.25,4,229.27,3,229.33,1,229.42,3,229.44,1,229.48,1
2025-04-10 09:35:19,228.795,228.76,1,228.57,9,229.02,6,229.02,228.57,228.57,9,228.52,4,228.51,2,228.41,2,228.29,2,228.27,2,228.22,2,228.07,1,228.03,6,228.02,6,229.02,6,229.06,1,229.11,1,229.12,2,229.25,4,229.27,3,229.33,1,229.42,3,229.44,1,229.48,1
2025-04-10 09:35:20,228.795,228.83,1,228.57,9,229.02,6,229.02,228.57,228.57,9,228.52,4,228.51,2,228.41,2,228.29,2,228.27,2,228.22,2,228.07,1,228.03,6,228.02,6,229.02,6,229.06,1,229.11,1,229.12,2,229.25,4,229.27,3,229.33,1,229.42,3,229.44,1,229.48,1
2025-04-10 09:35:21,228.795,228.91,1,228.57,8,229.02,6,229.02,228.57,228.57,8,228.52,4,228.51,2,228.41,2,228.29,2,228.27,2,228.22,2,228.07,1,228.03,6,228.02,6,229.02,6,229.06,1,229.11,1,229.12,2,229.25,4,229.27,3,229.33,1,229.42,3,229.44,1,229.48,1
2025-04-10 09:35:22,228.795,228.95,1,228.57,8,229.02,6,229.02,228.57,228.57,8,228.52,4,228.51,2,228.41,2,228.29,2,228.27,2,228.22,2,228.07,1,228.03,6,228.02,6,229.02,6,229.06,1,229.11,1,229.12,2,229.25,4,229.27,3,229.33,1,229.42,3,229.44,1,229.48,1
2025-04-10 09:35:23,229.18,229.12,1,229.0,5,229.36,3,229.36,229.0,229.0,5,228.68,2,228.57,8,228.52,4,228.51,2,228.41,2,228.29,2,228.27,2,228.22,2,228.07,1,229.36,3,229.42,3,229.44,1,229.48,1,229.67,7,229.68,4,229.69,3,229.72,3,229.73,1,229.74,3
2025-04-10 09:35:24,229.18,229.04,1,229.0,6,229.36,4,229.36,229.0,229.0,6,228.68,2,228.57,8,228.52,4,228.51,2,228.41,2,228.29,2,228.27,2,228.22,2,228.07,1,229.36,4,229.42,3,229.44,1,229.48,1,229.67,7,229.68,4,229.69,3,229.72,3,229.73,1,229.74,3
2025-04-10 09:35:25,229.18,229.04,1,229.0,7,229.36,4,229.36,229.0,229.0,7,228.68,2,228.57,8,228.52,4,228.51,2,228.41,2,228.29,2,228.27,2,228.22,2,228.07,1,229.36,4,229.42,3,229.44,1,229.48,1,229.67,7,229.68,4,229.69,3,229.72,3,229.73,1,229.74,3
2025-04-10 09:35:26,229.18,229.19,1,229.0,7,229.36,4,229.36,229.0,229.0,7,228.68,2,228.57,8,228.52,4,228.51,2,228.41,2,228.29,2,228.27,2,228.22,2,228.07,1,229.36,4,229.42,3,229.44,1,229.48,1,229.67,7,229.68,4,229.69,3,229.72,3,229.73,1,229.74,3
2025-04-10 09:35:27,229.18,229.18,1,229.0,7,229.36,4,229.36,229.0,229.0,7,228.68,2,228.57,8,228.52,4,228.51,2,228.41,2,228.29,2,228.27,2,228.22,2,228.07,1,229.36,4,229.42,3,229.44,1,229.48,1,229.67,7,229.68,4,229.69,3,229.72,3,229.73,1,229.74,3
2025-04-10 09:35:28,229.135,229.14,2,229.0,7,229.27,1,229.27,229.0,229.0,7,228.68,2,228.57,8,228.52,4,228.51,2,228.41,2,228.29,2,228.27,2,228.22,2,228.07,1,229.27,1,229.36,4,229.42,3,229.44,1,229.48,1,229.67,7,229.68,4,229.69,3,229.72,3,229.73,1
2025-04-10 09:35:29,229.125,229.09,1,229.0,7,229.25,1,229.25,229.0,229.0,7,228.68,2,228.57,8,228.52,4,228.51,2,228.41,2,228.29,2,228.27,2,228.22,2,228.07,1,229.25,1,229.27,1,229.36,4,229.42,3,229.44,1,229.48,1,229.67,7,229.68,4,229.69,3,229.72,3
2025-04-10 09:35:30,229.125,229.13,1,229.0,8,229.25,1,229.25,229.0,229.0,8,228.68,2,228.57,8,228.52,4,228.51,2,228.41,2,228.29,2,228.27,2,228.22,2,228.07,1,229.25,1,229.27,1,229.36,4,229.42,3,229.44,1,229.48,1,229.67,7,229.68,4,229.69,3,229.72,3
2025-04-10 09:35:31,229.125,229.13,1,229.0,8,229.25,1,229.25,229.0,229.0,8,228.68,2,228.57,8,228.52,4,228.51,2,228.41,2,228.29,2,228.27,2,228.22,2,228.07,1,229.25,1,229.27,1,229.36,4,229.42,3,229.44,1,229.48,1,229.67,7,229.68,4,229.69,3,229.72,3
2025-04-10 09:35:32,229.125,229.13,1,229.0,9,229.25,1,229.25,229.0,229.0,9,228.68,2,228.57,8,228.52,4,228.51,2,228.41,2,228.29,2,228.27,2,228.22,2,228.07,1,229.25,1,229.27,1,229.36,4,229.42,3,229.44,1,229.48,1,229.67,7,229.68,4,229.69,3,229.72,3
2025-04-10 09:35:33,229.125,229.13,1,229.0,9,229.25,2,229.25,229.0,229.0,9,228.99,1,228.68,2,228.57,8,228.52,4,228.51,2,228.41,2,228.29,2,228.27,2,228.22,2,229.25,2,229.27,1,229.36,4,229.42,3,229.44,1,229.48,1,229.67,7,229.68,4,229.69,3,229.72,3
2025-04-10 09:35:34,229.125,229.13,1,229.0,9,229.25,2,229.25,229.0,229.0,9,228.99,1,228.68,2,228.57,8,228.52,4,228.51,2,228.41,2,228.29,2,228.27,2,228.22,2,229.25,2,229.27,1,229.36,4,229.42,3,229.44,1,229.48,1,229.67,7,229.68,4,229.69,3,229.72,3
2025-04-10 09:35:35,229.185,229.19,1,229.01,2,229.36,3,229.36,229.01,229.01,2,229.0,9,228.99,1,228.68,2,228.57,8,228.52,4,228.51,2,228.41,2,228.29,2,228.27,2,229.36,3,229.42,3,229.44,1,229.48,1,229.67,7,229.68,4,229.69,3,229.72,3,229.73,1,229.74,3
2025-04-10 09:35:36,229.185,229.19,1,229.01,4,229.36,3,229.36,229.01,229.01,4,229.0,9,228.99,1,228.68,2,228.57,8,228.52,4,228.51,2,228.41,2,228.29,2,228.27,2,229.36,3,229.42,3,229.44,1,229.48,1,229.67,7,229.68,4,229.69,3,229.72,3,229.73,1,229.74,3
2025-04-10 09:35:37,229.19,229.19,1,229.02,1,229.36,3,229.36,229.02,229.02,1,229.01,4,229.0,9,228.99,1,228.68,2,228.57,8,228.52,4,228.51,2,228.41,2,228.29,2,229.36,3,229.42,3,229.44,1,229.48,1,229.67,7,229.68,4,229.69,3,229.72,3,229.73,1,229.74,3
2025-04-10 09:35:38,229.21,229.19,1,229.06,2,229.36,3,229.36,229.06,229.06,2,229.05,2,229.02,2,229.01,4,229.0,9,228.99,1,228.68,2,228.57,8,228.52,4,228.51,2,229.36,3,229.42,3,229.44,1,229.48,1,229.67,7,229.68,4,229.69,3,229.72,3,229.73,1,229.74,3
2025-04-10 09:35:39,229.21,229.25,1,229.06,2,229.36,3,229.36,229.06,229.06,2,229.05,2,229.02,2,229.01,4,229.0,9,228.99,1,228.68,2,228.57,8,228.52,4,228.51,2,229.36,3,229.42,3,229.44,1,229.48,1,229.67,7,229.68,4,229.69,3,229.72,3,229.73,1,229.74,3
2025-04-10 09:35:40,229.21,229.25,1,229.06,1,229.36,4,229.36,229.06,229.06,1,229.05,2,229.02,2,229.01,4,229.0,9,228.99,1,228.68,2,228.57,8,228.52,4,228.51,2,229.36,4,229.42,3,229.44,1,229.48,1,229.67,7,229.68,4,229.69,3,229.72,3,229.73,1,229.74,3
2025-04-10 09:35:41,229.195,229.2,1,229.03,1,229.36,4,229.36,229.03,229.03,1,229.02,2,229.01,4,229.0,9,228.99,1,228.68,2,228.57,8,228.52,4,228.51,2,228.41,2,229.36,4,229.42,3,229.44,1,229.48,1,229.67,7,229.68,4,229.69,3,229.72,3,229.73,1,229.74,3
2025-04-10 09:35:42,229.195,229.2,1,229.03,1,229.36,4,229.36,229.03,229.03,1,229.02,2,229.01,4,229.0,9,228.99,1,228.68,2,228.57,8,228.52,4,228.51,2,228.41,2,229.36,4,229.42,3,229.44,1,229.48,1,229.67,7,229.68,4,229.69,3,229.72,3,229.73,1,229.74,3
2025-04-10 09:35:43,229.195,229.2,1,229.03,1,229.36,4,229.36,229.03,229.03,1,229.02,2,229.01,4,229.0,9,228.99,1,228.68,2,228.57,8,228.52,4,228.51,2,228.41,2,229.36,4,229.42,3,229.44,1,229.48,1,229.67,7,229.68,4,229.69,3,229.72,3,229.73,1,229.74,3
2025-04-10 09:35:44,229.19,229.19,1,229.03,2,229.35,1,229.35,229.03,229.03,2,229.02,2,229.01,4,229.0,9,228.99,1,228.68,2,228.57,8,228.52,4,228.51,2,228.41,2,229.35,1,229.36,4,229.42,3,229.44,1,229.48,1,229.67,7,229.68,4,229.69,3,229.72,3,229.73,1
2025-04-10 09:35:45,229.19,229.19,1,229.03,3,229.35,3,229.35,229.03,229.03,3,229.02,2,229.01,4,229.0,9,228.99,1,228.68,2,228.57,8,228.52,4,228.51,2,228.41,2,229.35,3,229.36,4,229.42,3,229.44,1,229.48,1,229.67,7,229.68,4,229.69,3,229.72,3,229.73,1
2025-04-10 09:35:46,229.19,229.19,1,229.03,3,229.35,3,229.35,229.03,229.03,3,229.02,2,229.01,4,229.0,9,228.99,1,228.68,2,228.57,8,228.52,4,228.51,2,228.41,2,229.35,3,229.36,4,229.42,3,229.44,1,229.48,1,229.67,7,229.68,4,229.69,3,229.72,3,229.73,1
2025-04-10 09:35:47,229.19,229.14,1,229.03,3,229.35,3,229.35,229.03,229.03,3,229.02,2,229.01,4,229.0,9,228.99,1,228.68,2,228.57,8,228.52,4,228.51,2,228.41,2,229.35,3,229.36,4,229.42,3,229.44,1,229.48,1,229.67,7,229.68,4,229.69,3,229.72,3,229.73,1
2025-04-10 09:35:48,229.19,229.15,1,229.03,4,229.35,3,229.35,229.03,229.03,4,229.02,2,229.01,4,229.0,9,228.99,1,228.68,2,228.57,8,228.52,4,228.51,2,228.41,2,229.35,3,229.36,4,229.42,3,229.44,1,229.48,1,229.67,7,229.68,4,229.69,3,229.72,3,229.73,1
2025-04-10 09:35:49,229.19,229.15,1,229.03,4,229.35,3,229.35,229.03,229.03,4,229.02,2,229.01,4,229.0,9,228.99,1,228.68,2,228.57,8,228.52,4,228.51,2,228.41,2,229.35,3,229.36,4,229.42,3,229.44,1,229.48,1,229.67,7,229.68,4,229.69,3,229.72,3,229.73,1
2025-04-10 09:35:50,229.19,229.15,1,229.03,4,229.35,2,229.35,229.03,229.03,4,229.02,2,229.01,4,229.0,9,228.99,1,228.68,2,228.57,8,228.52,4,228.51,2,228.41,2,229.35,2,229.36,4,229.42,3,229.44,1,229.48,1,229.67,7,229.68,4,229.69,3,229.72,3,229.73,1
2025-04-10 09:35:51,229.195,229.19,1,229.03,5,229.36,6,229.36,229.03,229.03,5,229.02,2,229.01,4,229.0,9,228.99,1,228.68,2,228.57,8,228.52,4,228.51,2,228.41,2,229.36,6,229.42,3,229.44,1,229.48,1,229.67,7,229.68,4,229.69,3,229.72,3,229.73,1,229.74,3
2025-04-10 09:35:52,229.195,229.19,1,229.03,7,229.36,7,229.36,229.03,229.03,7,229.02,2,229.01,4,229.0,9,228.99,1,228.68,2,228.57,8,228.52,4,228.51,2,228.41,2,229.36,7,229.42,3,229.44,1,229.48,1,229.67,7,229.68,4,229.69,3,229.72,3,229.73,1,229.74,3
2025-04-10 09:35:53,229.195,229.19,1,229.03,8,229.36,7,229.36,229.03,229.03,8,229.02,2,229.01,4,229.0,9,228.99,1,228.68,2,228.57,8,228.52,4,228.51,2,228.41,2,229.36,7,229.42,3,229.44,1,229.48,1,229.67,7,229.68,4,229.69,3,229.72,3,229.73,1,229.74,3
2025-04-10 09:35:54,229.19,229.19,1,229.03,8,229.35,3,229.35,229.03,229.03,8,229.02,2,229.01,4,229.0,9,228.99,1,228.68,2,228.57,8,228.52,4,228.51,2,228.41,2,229.35,3,229.36,7,229.42,3,229.44,1,229.48,1,229.67,7,229.68,4,229.69,3,229.72,3,229.73,1
2025-04-10 09:35:55,229.185,229.09,1,229.03,8,229.34,3,229.34,229.03,229.03,8,229.02,2,229.01,4,229.0,9,228.99,1,228.68,2,228.57,8,228.52,4,228.51,2,228.41,2,229.34,3,229.35,3,229.36,7,229.42,3,229.44,1,229.48,1,229.67,7,229.68,4,229.69,3,229.72,3
2025-04-10 09:35:56,229.195,229.09,1,229.03,8,229.36,7,229.36,229.03,229.03,8,229.02,2,229.01,4,229.0,9,228.99,1,228.68,2,228.57,8,228.52,4,228.51,2,228.41,2,229.36,7,229.42,3,229.44,1,229.48,1,229.67,7,229.68,4,229.69,3,229.72,3,229.73,1,229.74,3
2025-04-10 09:35:57,229.195,229.09,1,229.03,8,229.36,7,229.36,229.03,229.03,8,229.02,2,229.01,4,229.0,9,228.99,1,228.68,2,228.57,8,228.52,4,228.51,2,228.41,2,229.36,7,229.42,3,229.44,1,229.48,1,229.67,7,229.68,4,229.69,3,229.72,3,229.73,1,229.74,3
2025-04-10 09:35:58,229.18,229.03,1,229.03,6,229.33,3,229.33,229.03,229.03,6,229.02,2,229.01,4,229.0,9,228.99,1,228.68,2,228.57,8,228.52,4,228.51,2,228.41,2,229.33,3,229.36,7,229.42,3,229.44,1,229.48,1,229.67,7,229.68,4,229.69,3,229.72,3,229.73,1
2025-04-10 09:35:59,229.175,229.03,1,229.03,6,229.32,1,229.32,229.03,229.03,6,229.02,2,229.01,4,229.0,9,228.99,1,228.68,2,228.57,8,228.52,4,228.51,2,228.41,2,229.32,1,229.33,3,229.36,7,229.42,3,229.44,1,229.48,1,229.67,7,229.68,4,229.69,3,229.72,3
2025-04-10 09:36:00,229.19,229.06,1,229.03,6,229.35,1,229.35,229.03,229.03,6,229.02,2,229.01,4,229.0,9,228.99,1,228.68,2,228.57,8,228.52,4,228.51,2,228.41,2,229.35,1,229.36,7,229.42,3,229.44,1,229.48,1,229.67,7,229.68,4,229.69,3,229.72,3,229.73,1
2025-04-10 09:36:01,228.99,229.0,1,228.77,5,229.21,3,229.21,228.77,228.77,5,228.68,2,228.57,8,228.52,4,228.51,2,228.41,2,228.29,2,228.27,2,228.22,2,228.07,1,229.21,3,229.29,1,229.35,2,229.36,7,229.42,3,229.44,1,229.48,1,229.67,7,229.68,4,229.69,3
2025-04-10 09:36:02,228.99,228.9,1,228.77,5,229.21,4,229.21,228.77,228.77,5,228.68,2,228.57,8,228.52,4,228.51,2,228.41,2,228.29,2,228.27,2,228.22,2,228.07,1,229.21,4,229.29,1,229.35,2,229.36,7,229.42,3,229.44,1,229.48,1,229.67,7,229.68,4,229.69,3
2025-04-10 09:36:03,228.99,228.81,1,228.77,5,229.21,4,229.21,228.77,228.77,5,228.68,2,228.57,8,228.52,4,228.51,2,228.41,2,228.29,2,228.27,2,228.22,2,228.07,1,229.21,4,229.29,1,229.35,2,229.36,7,229.42,3,229.44,1,229.48,1,229.67,7,229.68,4,229.69,3
2025-04-10 09:36:04,228.935,228.81,1,228.77,5,229.1,1,229.1,228.77,228.77,5,228.68,2,228.57,8,228.52,4,228.51,2,228.41,2,228.29,2,228.27,2,228.22,2,228.07,1,229.1,1,229.21,4,229.29,1,229.35,2,229.36,7,229.42,3,229.44,1,229.48,1,229.67,7,229.68,4
2025-04-10 09:36:05,228.935,228.86,1,228.77,5,229.1,1,229.1,228.77,228.77,5,228.68,2,228.57,8,228.52,4,228.51,2,228.41,2,228.29,2,228.27,2,228.22,2,228.07,1,229.1,1,229.21,4,229.29,1,229.35,2,229.36,7,229.42,3,229.44,1,229.48,1,229.67,7,229.68,4
2025-04-10 09:36:06,228.935,228.86,1,228.77,5,229.1,1,229.1,228.77,228.77,5,228.68,2,228.57,8,228.52,4,228.51,2,228.41,2,228.29,2,228.27,2,228.22,2,228.07,1,229.1,1,229.21,4,229.29,1,229.35,2,229.36,7,229.42,3,229.44,1,229.48,1,229.67,7,229.68,4
2025-04-10 09:36:07,228.935,228.94,1,228.77,5,229.1,1,229.1,228.77,228.77,5,228.68,2,228.57,8,228.52,4,228.51,2,228.41,2,228.29,2,228.27,2,228.22,2,228.07,1,229.1,1,229.21,4,229.29,1,229.35,2,229.36,7,229.42,3,229.44,1,229.48,1,229.67,7,229.68,4
2025-04-10 09:36:08,228.82,228.6,1,228.6,8,229.04,3,229.04,228.6,228.6,8,228.57,8,228.52,4,228.51,2,228.41,2,228.29,2,228.27,2,228.22,2,228.07,1,228.03,6,229.04,3,229.1,1,229.21,4,229.29,1,229.35,2,229.36,7,229.42,3,229.44,1,229.48,1,229.67,7
2025-04-10 09:36:09,228.77,228.77,1,228.6,8,228.94,1,228.94,228.6,228.6,8,228.57,8,228.52,4,228.51,2,228.41,2,228.29,2,228.27,2,228.22,2,228.07,1,228.03,6,228.94,1,229.04,3,229.1,1,229.21,4,229.29,1,229.35,2,229.36,7,229.42,3,229.44,1,229.48,1
2025-04-10 09:36:10,228.715,228.6,1,228.6,7,228.83,1,228.83,228.6,228.6,7,228.57,8,228.52,4,228.51,2,228.41,2,228.29,2,228.27,2,228.22,2,228.07,1,228.03,6,228.83,1,228.93,2,228.94,2,229.04,3,229.1,1,229.21,4,229.29,1,229.35,2,229.36,7,229.42,3
2025-04-10 09:36:11,228.56,228.5,5,228.41,1,228.71,1,228.71,228.41,228.41,1,228.29,2,228.27,2,228.22,2,228.07,1,228.03,6,228.02,6,228.01,2,228.0,5,227.94,2,228.71,1,228.72,2,228.83,3,228.93,2,228.94,2,229.04,3,229.1,1,229.21,4,229.29,1,229.35,2
2025-04-10 09:36:12,228.55,228.55,1,228.41,5,228.69,1,228.69,228.41,228.41,5,228.29,2,228.27,2,228.22,2,228.07,1,228.03,6,228.02,6,228.01,2,228.0,5,227.94,2,228.69,1,228.83,3,228.93,2,228.94,2,229.04,3,229.1,1,229.21,4,229.29,1,229.35,2,229.36,7
2025-04-10 09:36:13,228.54,228.54,1,228.41,5,228.67,3,228.67,228.41,228.41,5,228.29,2,228.27,2,228.22,2,228.07,1,228.03,6,228.02,6,228.01,2,228.0,5,227.94,2,228.67,3,228.69,1,228.83,3,228.93,2,228.94,2,229.04,3,229.1,1,229.21,4,229.29,1,229.35,2
2025-04-10 09:36:14,228.54,228.49,1,228.41,5,228.67,3,228.67,228.41,228.41,5,228.29,2,228.27,2,228.22,2,228.07,1,228.03,6,228.02,6,228.01,2,228.0,5,227.94,2,228.67,3,228.69,1,228.83,3,228.93,2,228.94,2,229.04,3,229.1,1,229.21,4,229.29,1,229.35,2
2025-04-10 09:36:15,228.615,228.62,1,228.41,10,228.82,2,228.82,228.41,228.41,10,228.29,2,228.27,2,228.22,2,228.07,1,228.03,6,228.02,6,228.01,2,228.0,5,227.94,2,228.82,2,228.83,3,228.93,2,228.94,2,229.04,3,229.1,1,229.21,4,229.29,1,229.35,2,229.36,7
2025-04-10 09:36:16,228.615,228.62,3,228.41,10,228.82,2,228.82,228.41,228.41,10,228.29,2,228.27,2,228.22,2,228.07,1,228.03,6,228.02,6,228.01,2,228.0,5,227.94,2,228.82,2,228.83,3,228.93,2,228.94,2,229.04,3,229.1,1,229.21,4,229.29,1,229.35,2,229.36,7
2025-04-10 09:36:17,228.615,228.62,1,228.41,10,228.82,2,228.82,228.41,228.41,10,228.29,2,228.27,2,228.22,2,228.07,1,228.03,6,228.02,6,228.01,2,228.0,5,227.94,2,228.82,2,228.83,3,228.93,2,228.94,2,229.04,3,229.1,1,229.21,4,229.29,1,229.35,2,229.36,7
2025-04-10 09:36:18,228.62,228.62,5,228.42,7,228.82,2,228.82,228.42,228.42,7,228.41,11,228.29,2,228.27,2,228.22,2,228.07,1,228.03,6,228.02,6,228.01,2,228.0,5,228.82,2,228.83,3,228.93,2,228.94,2,229.04,3,229.1,1,229.21,4,229.29,1,229.35,2,229.36,7
2025-04-10 09:36:19,228.62,228.81,1,228.42,7,228.82,2,228.82,228.42,228.42,7,228.41,11,228.29,2,228.27,2,228.22,2,228.07,1,228.03,6,228.02,6,228.01,2,228.0,5,228.82,2,228.83,3,228.93,2,228.94,2,229.04,3,229.1,1,229.21,4,229.29,1,229.35,2,229.36,7
2025-04-10 09:36:20,228.62,228.62,1,228.42,8,228.82,2,228.82,228.42,228.42,8,228.41,11,228.29,2,228.27,2,228.22,2,228.07,1,228.03,6,228.02,6,228.01,2,228.0,5,228.82,2,228.83,3,228.93,2,228.94,2,229.04,3,229.1,1,229.21,4,229.29,1,229.35,2,229.36,7
2025-04-10 09:36:21,228.92,228.92,1,228.76,3,229.08,2,229.08,228.76,228.76,3,228.65,1,228.57,2,228.47,2,228.42,8,228.41,11,228.29,2,228.27,2,228.22,2,228.07,1,229.08,2,229.1,1,229.21,4,229.29,1,229.35,2,229.36,7,229.42,3,229.44,1,229.48,1,229.67,7
2025-04-10 09:36:22,229.13,229.13,1,228.91,6,229.35,1,229.35,228.91,228.91,6,228.9,1,228.89,1,228.85,1,228.76,4,228.65,1,228.57,2,228.47,2,228.42,8,228.41,11,229.35,1,229.36,6,229.42,3,229.44,1,229.48,1,229.67,7,229.68,4,229.69,3,229.72,3,229.73,1
2025-04-10 09:36:23,229.135,229.13,1,228.91,6,229.36,6,229.36,228.91,228.91,6,228.9,1,228.89,1,228.85,1,228.76,4,228.65,1,228.57,2,228.47,2,228.42,8,228.41,11,229.36,6,229.42,3,229.44,1,229.48,1,229.67,7,229.68,4,229.69,3,229.72,3,229.73,1,229.74,3
2025-04-10 09:36:24,229.135,229.14,1,228.91,6,229.36,6,229.36,228.91,228.91,6,228.9,1,228.89,1,228.85,1,228.76,4,228.65,1,228.57,2,228.47,2,228.42,8,228.41,11,229.36,6,229.42,3,229.44,1,229.48,1,229.67,7,229.68,4,229.69,3,229.72,3,229.73,1,229.74,3
2025-04-10 09:36:25,229.135,229.14,1,228.91,11,229.36,6,229.36,228.91,228.91,11,228.9,1,228.89,1,228.85,1,228.76,4,228.65,1,228.57,2,228.47,2,228.42,8,228.41,11,229.36,6,229.42,3,229.44,1,229.48,1,229.67,7,229.68,4,229.69,3,229.72,3,229.73,1,229.74,3
2025-04-10 09:36:26,229.135,229.14,1,228.91,11,229.36,6,229.36,228.91,228.91,11,228.9,1,228.89,1,228.85,1,228.76,4,228.65,1,228.57,2,228.47,2,228.42,8,228.41,11,229.36,6,229.42,3,229.44,1,229.48,1,229.67,7,229.68,4,229.69,3,229.72,3,229.73,1,229.74,3
2025-04-10 09:36:27,229.135,229.19,2,228.91,11,229.36,6,229.36,228.91,228.91,11,228.9,1,228.89,1,228.85,1,228.76,4,228.65,1,228.57,2,228.47,2,228.42,8,228.41,11,229.36,6,229.42,3,229.44,1,229.48,1,229.67,7,229.68,4,229.69,3,229.72,3,229.73,1,229.74,3
2025-04-10 09:36:28,229.135,228.92,1,228.91,13,229.36,6,229.36,228.91,228.91,13,228.9,1,228.89,1,228.85,1,228.76,4,228.65,1,228.57,2,228.47,2,228.42,8,228.41,11,229.36,6,229.42,3,229.44,1,229.48,1,229.67,7,229.68,4,229.69,3,229.72,3,229.73,1,229.74,3
2025-04-10 09:36:29,229.135,228.92,1,228.91,13,229.36,6,229.36,228.91,228.91,13,228.9,1,228.89,1,228.85,1,228.76,4,228.65,1,228.57,2,228.47,2,228.42,8,228.41,11,229.36,6,229.42,3,229.44,1,229.48,1,229.67,7,229.68,4,229.69,3,229.72,3,229.73,1,229.74,3
2025-04-10 09:36:30,229.135,228.92,1,228.91,13,229.36,7,229.36,228.91,228.91,13,228.9,1,228.89,1,228.85,1,228.76,4,228.65,1,228.57,2,228.47,2,228.42,8,228.41,11,229.36,7,229.42,3,229.44,1,229.48,1,229.67,7,229.68,4,229.69,3,229.72,3,229.73,1,229.74,3
2025-04-10 09:36:31,229.135,229.18,1,228.91,13,229.36,6,229.36,228.91,228.91,13,228.9,1,228.89,1,228.85,1,228.76,4,228.65,1,228.57,2,228.47,2,228.42,8,228.41,11,229.36,6,229.42,3,229.44,1,229.48,1,229.67,7,229.68,4,229.69,3,229.72,3,229.73,1,229.74,3
2025-04-10 09:36:32,229.135,228.97,5,228.91,13,229.36,6,229.36,228.91,228.91,13,228.9,1,228.89,1,228.85,1,228.76,4,228.65,1,228.57,2,228.47,2,228.42,8,228.41,11,229.36,6,229.42,3,229.44,1,229.48,1,229.67,7,229.68,4,229.69,3,229.72,3,229.73,1,229.74,3
2025-04-10 09:36:33,229.135,228.97,5,228.91,13,229.36,6,229.36,228.91,228.91,13,228.9,1,228.89,1,228.85,1,228.76,4,228.65,1,228.57,2,228.47,2,228.42,8,228.41,11,229.36,6,229.42,3,229.44,1,229.48,1,229.67,7,229.68,4,229.69,3,229.72,3,229.73,1,229.74,3
2025-04-10 09:36:34,229.135,228.97,5,228.91,13,229.36,6,229.36,228.91,228.91,13,228.9,1,228.89,1,228.85,1,228.76,4,228.65,1,228.57,2,228.47,2,228.42,8,228.41,11,229.36,6,229.42,3,229.44,1,229.48,1,229.67,7,229.68,4,229.69,3,229.72,3,229.73,1,229.74,3
2025-04-10 09:36:35,229.135,229.14,1,228.91,13,229.36,6,229.36,228.91,228.91,13,228.9,1,228.89,1,228.85,1,228.76,4,228.65,1,228.57,2,228.47,2,228.42,8,228.41,11,229.36,6,229.42,3,229.44,1,229.48,1,229.67,7,229.68,4,229.69,3,229.72,3,229.73,1,229.74,3
2025-04-10 09:36:36,229.135,229.14,1,228.91,13,229.36,6,229.36,228.91,228.91,13,228.9,1,228.89,1,228.85,1,228.76,4,228.65,1,228.57,2,228.47,2,228.42,8,228.41,11,229.36,6,229.42,3,229.44,1,229.48,1,229.67,7,229.68,4,229.69,3,229.72,3,229.73,1,229.74,3
2025-04-10 09:36:37,229.135,229.1,4,228.91,13,229.36,6,229.36,228.91,228.91,13,228.9,1,228.89,1,228.85,1,228.76,4,228.65,1,228.57,2,228.47,2,228.42,8,228.41,11,229.36,6,229.42,3,229.44,1,229.48,1,229.67,7,229.68,4,229.69,3,229.72,3,229.73,1,229.74,3
2025-04-10 09:36:38,229.135,229.1,4,228.91,13,229.36,6,229.36,228.91,228.91,13,228.9,1,228.89,1,228.85,1,228.76,4,228.65,1,228.57,2,228.47,2,228.42,8,228.41,11,229.36,6,229.42,3,229.44,1,229.48,1,229.67,7,229.68,4,229.69,3,229.72,3,229.73,1,229.74,3
2025-04-10 09:36:39,229.135,229.14,1,228.91,13,229.36,6,229.36,228.91,228.91,13,228.9,1,228.89,1,228.85,1,228.76,4,228.65,1,228.57,2,228.47,2,228.42,8,228.41,11,229.36,6,229.42,3,229.44,1,229.48,1,229.67,7,229.68,4,229.69,3,229.72,3,229.73,1,229.74,3
2025-04-10 09:36:40,229.135,229.14,1,228.91,13,229.36,6,229.36,228.91,228.91,13,228.9,1,228.89,1,228.85,1,228.76,4,228.65,1,228.57,2,228.47,2,228.42,8,228.41,11,229.36,6,229.42,3,229.44,1,229.48,1,229.67,7,229.68,4,229.69,3,229.72,3,229.73,1,229.74,3
2025-04-10 09:36:41,229.11,229.11,1,228.91,13,229.31,1,229.31,228.91,228.91,13,228.9,1,228.89,1,228.85,1,228.76,4,228.65,1,228.57,2,228.47,2,228.42,8,228.41,11,229.31,1,229.32,1,229.33,1,229.36,6,229.42,3,229.44,1,229.48,1,229.67,7,229.68,4,229.69,3
2025-04-10 09:36:42,229.1,229.11,1,228.91,13,229.29,1,229.29,228.91,228.91,13,228.9,1,228.89,1,228.85,1,228.76,4,228.65,1,228.57,2,228.47,2,228.42,8,228.41,11,229.29,1,229.3,1,229.34,2,229.36,6,229.42,3,229.44,1,229.48,1,229.67,7,229.68,4,229.69,3
2025-04-10 09:36:43,229.065,228.91,1,228.91,15,229.22,1,229.22,228.91,228.91,15,228.9,1,228.89,1,228.85,1,228.76,4,228.65,1,228.57,2,228.47,2,228.42,8,228.41,11,229.22,1,229.23,1,229.24,1,229.33,2,229.34,2,229.36,6,229.42,3,229.44,1,229.48,1,229.67,7
2025-04-10 09:36:44,228.95,228.96,1,228.91,15,228.99,1,228.99,228.91,228.91,15,228.9,1,228.89,1,228.85,1,228.76,4,228.65,1,228.57,2,228.47,2,228.42,8,228.41,11,228.99,1,229.2,1,229.21,1,229.22,1,229.23,1,229.24,1,229.33,2,229.34,2,229.36,6,229.42,3
2025-04-10 09:36:45,229.065,228.95,1,228.91,15,229.22,2,229.22,228.91,228.91,15,228.9,1,228.89,1,228.85,1,228.76,4,228.65,1,228.57,2,228.47,2,228.42,8,228.41,11,229.22,2,229.23,1,229.24,1,229.33,2,229.34,2,229.36,6,229.42,3,229.44,1,229.48,1,229.67,7
2025-04-10 09:36:46,229.065,228.95,1,228.91,15,229.22,2,229.22,228.91,228.91,15,228.9,1,228.89,1,228.85,1,228.76,4,228.65,1,228.57,2,228.47,2,228.42,8,228.41,11,229.22,2,229.23,1,229.24,1,229.33,2,229.34,2,229.36,6,229.42,3,229.44,1,229.48,1,229.67,7
2025-04-10 09:36:47,229.065,228.95,1,228.91,15,229.22,2,229.22,228.91,228.91,15,228.9,1,228.89,1,228.85,1,228.76,4,228.65,1,228.57,2,228.47,2,228.42,8,228.41,11,229.22,2,229.23,1,229.24,1,229.33,2,229.34,2,229.36,6,229.42,3,229.44,1,229.48,1,229.67,7
2025-04-10 09:36:48,229.07,228.95,1,228.92,6,229.22,2,229.22,228.92,228.92,6,228.91,15,228.9,1,228.89,1,228.85,1,228.76,4,228.65,1,228.57,2,228.47,2,228.42,8,229.22,2,229.23,1,229.24,1,229.33,2,229.34,2,229.36,6,229.42,3,229.44,1,229.48,1,229.67,7
2025-04-10 09:36:49,229.08,229.07,1,228.94,6,229.22,3,229.22,228.94,228.94,6,228.92,6,228.91,15,228.9,1,228.89,1,228.85,1,228.76,4,228.65,1,228.57,2,228.47,2,229.22,3,229.23,1,229.24,1,229.33,2,229.34,2,229.36,6,229.42,3,229.44,1,229.48,1,229.67,7
2025-04-10 09:36:50,229.085,229.07,1,228.95,6,229.22,3,229.22,228.95,228.95,6,228.94,5,228.92,6,228.91,15,228.9,1,228.89,1,228.85,1,228.76,4,228.65,1,228.57,2,229.22,3,229.23,1,229.24,1,229.33,2,229.34,2,229.36,6,229.42,3,229.44,1,229.48,1,229.67,7
2025-04-10 09:36:51,229.09,229.09,1,228.96,6,229.22,3,229.22,228.96,228.96,6,228.95,6,228.94,5,228.92,6,228.91,15,228.9,1,228.89,1,228.85,1,228.76,4,228.65,1,229.22,3,229.23,1,229.24,1,229.33,2,229.34,2,229.36,6,229.42,3,229.44,1,229.48,1,229.67,7
2025-04-10 09:36:52,229.065,228.98,1,228.91,26,229.22,3,229.22,228.91,228.91,26,228.9,1,228.89,1,228.85,1,228.76,4,228.65,1,228.57,2,228.47,2,228.42,8,228.41,11,229.22,3,229.23,1,229.24,1,229.33,2,229.34,2,229.36,6,229.42,3,229.44,1,229.48,1,229.67,7
2025-04-10 09:36:53,229.045,228.98,1,228.91,27,229.18,1,229.18,228.91,228.91,27,228.9,1,228.89,1,228.85,1,228.76,4,228.65,1,228.57,2,228.47,2,228.42,8,228.41,11,229.18,1,229.22,3,229.23,1,229.24,1,229.33,2,229.34,2,229.36,6,229.42,3,229.44,1,229.48,1
2025-04-10 09:36:54,229.045,228.98,1,228.91,27,229.18,1,229.18,228.91,228.91,27,228.9,1,228.89,1,228.85,1,228.76,4,228.65,1,228.57,2,228.47,2,228.42,8,228.41,11,229.18,1,229.22,3,229.23,1,229.24,1,229.33,2,229.34,2,229.36,6,229.42,3,229.44,1,229.48,1
2025-04-10 09:36:55,228.91,228.91,1,228.77,5,229.05,1,229.05,228.77,228.77,5,228.76,4,228.65,1,228.57,2,228.47,2,228.42,8,228.41,11,228.29,2,228.27,2,228.22,2,229.05,1,229.22,3,229.23,1,229.24,1,229.33,2,229.34,2,229.36,6,229.42,3,229.44,1,229.48,1
2025-04-10 09:36:56,228.925,228.9,9,228.77,4,229.08,1,229.08,228.77,228.77,4,228.76,4,228.65,1,228.57,2,228.47,2,228.42,8,228.41,11,228.29,2,228.27,2,228.22,2,229.08,1,229.22,3,229.23,1,229.24,1,229.33,2,229.34,2,229.36,6,229.42,3,229.44,1,229.48,1
2025-04-10 09:36:57,228.925,228.93,1,228.77,4,229.08,1,229.08,228.77,228.77,4,228.76,4,228.65,1,228.57,2,228.47,2,228.42,8,228.41,11,228.29,2,228.27,2,228.22,2,229.08,1,229.22,3,229.23,1,229.24,1,229.33,2,229.34,2,229.36,6,229.42,3,229.44,1,229.48,1
2025-04-10 09:36:58,228.845,228.93,1,228.77,4,228.92,1,228.92,228.77,228.77,4,228.76,4,228.65,1,228.57,2,228.47,2,228.42,8,228.41,11,228.29,2,228.27,2,228.22,2,228.92,1,229.08,1,229.22,3,229.23,1,229.24,1,229.33,2,229.34,2,229.36,6,229.42,3,229.44,1
2025-04-10 09:36:59,228.845,228.93,1,228.77,4,228.92,1,228.92,228.77,228.77,4,228.76,4,228.65,1,228.57,2,228.47,2,228.42,8,228.41,11,228.29,2,228.27,2,228.22,2,228.92,1,229.08,1,229.22,3,229.23,1,229.24,1,229.33,2,229.34,2,229.36,6,229.42,3,229.44,1
2025-04-10 09:37:00,228.845,228.88,1,228.77,4,228.92,3,228.92,228.77,228.77,4,228.76,4,228.65,1,228.57,2,228.47,2,228.42,8,228.41,11,228.29,2,228.27,2,228.22,2,228.92,3,229.08,1,229.22,3,229.23,1,229.24,1,229.33,2,229.34,2,229.36,6,229.42,3,229.44,1
2025-04-10 09:37:01,228.755,228.74,1,228.59,12,228.92,1,228.92,228.59,228.59,12,228.57,2,228.47,2,228.42,8,228.41,11,228.29,2,228.27,2,228.22,2,228.07,1,228.03,6,228.92,1,228.95,1,229.08,1,229.22,3,229.23,1,229.24,1,229.33,2,229.34,2,229.36,6,229.42,3
2025-04-10 09:37:02,228.78,228.65,2,228.65,5,228.91,1,228.91,228.65,228.65,5,228.59,16,228.57,2,228.47,2,228.42,8,228.41,11,228.29,2,228.27,2,228.22,2,228.07,1,228.91,1,228.92,1,228.95,1,229.08,1,229.22,3,229.23,1,229.24,1,229.33,2,229.34,2,229.36,6
2025-04-10 09:37:03,228.78,228.65,2,228.65,5,228.91,2,228.91,228.65,228.65,5,228.59,16,228.57,2,228.47,2,228.42,8,228.41,11,228.29,2,228.27,2,228.22,2,228.07,1,228.91,2,228.92,1,228.95,1,229.08,1,229.22,3,229.23,1,229.24,1,229.33,2,229.34,2,229.36,6
2025-04-10 09:37:04,228.78,228.89,1,228.65,5,228.91,2,228.91,228.65,228.65,5,228.59,16,228.57,2,228.47,2,228.42,8,228.41,11,228.29,2,228.27,2,228.22,2,228.07,1,228.91,2,228.92,1,228.95,1,229.08,1,229.22,3,229.23,1,229.24,1,229.33,2,229.34,2,229.36,6
2025-04-10 09:37:05,228.625,228.55,1,228.46,1,228.79,1,228.79,228.46,228.46,1,228.42,8,228.41,11,228.29,2,228.27,2,228.22,2,228.07,1,228.03,6,228.02,6,228.01,2,228.79,1,228.85,1,228.86,1,228.91,2,228.92,1,228.95,1,229.08,1,229.22,3,229.23,1,229.24,1
2025-04-10 09:37:06,228.575,228.53,1,228.46,1,228.69,1,228.69,228.46,228.46,1,228.42,8,228.41,11,228.29,2,228.27,2,228.22,2,228.07,1,228.03,6,228.02,6,228.01,2,228.69,1,228.85,2,228.86,1,228.91,2,228.92,1,228.95,1,229.08,1,229.22,3,229.23,1,229.24,1
2025-04-10 09:37:07,228.565,228.57,1,228.46,2,228.67,1,228.67,228.46,228.46,2,228.42,8,228.41,11,228.29,2,228.27,2,228.22,2,228.07,1,228.03,6,228.02,6,228.01,2,228.67,1,228.71,1,228.85,2,228.86,1,228.91,2,228.92,1,228.95,1,229.08,1,229.22,3,229.23,1
2025-04-10 09:37:08,228.555,228.57,1,228.46,2,228.65,1,228.65,228.46,228.46,2,228.42,8,228.41,11,228.29,2,228.27,2,228.22,2,228.07,1,228.03,6,228.02,6,228.01,2,228.65,1,228.68,1,228.69,1,228.71,1,228.85,2,228.86,1,228.91,2,228.92,1,228.95,1,229.08,1
2025-04-10 09:37:09,228.545,228.57,1,228.46,2,228.63,1,228.63,228.46,228.46,2,228.42,8,228.41,11,228.29,2,228.27,2,228.22,2,228.07,1,228.03,6,228.02,6,228.01,2,228.63,1,228.64,1,228.65,1,228.66,1,228.68,1,228.69,1,228.71,1,228.85,2,228.86,1,228.91,2
2025-04-10 09:37:10,228.43,228.31,1,228.25,5,228.61,1,228.61,228.25,228.25,5,228.22,2,228.07,1,228.03,6,228.02,6,228.01,2,228.0,5,227.94,2,227.93,1,227.86,5,228.61,1,228.63,1,228.64,1,228.65,1,228.66,1,228.68,1,228.69,1,228.71,1,228.85,2,228.86,1
2025-04-10 09:37:11,228.27,228.22,1,228.14,2,228.4,1,228.4,228.14,228.14,2,228.07,1,228.03,6,228.02,6,228.01,2,228.0,5,227.94,2,227.93,1,227.86,5,227.85,6,228.4,1,228.49,4,228.5,1,228.55,1,228.62,1,228.63,1,228.64,1,228.65,1,228.66,1,228.68,1
2025-04-10 09:37:12,228.14,228.13,1,227.94,4,228.34,2,228.34,227.94,227.94,4,227.93,1,227.86,5,227.85,6,227.77,1,227.76,5,227.74,2,227.63,1,227.59,2,,,228.34,2,228.4,2,228.49,4,228.5,1,228.55,1,228.62,1,228.63,1,228.64,1,228.65,1,228.66,1
2025-04-10 09:37:13,228.2,228.13,1,227.94,4,228.46,1,228.46,227.94,227.94,4,227.93,1,227.86,5,227.85,6,227.77,1,227.76,5,227.74,2,227.63,1,227.59,2,,,228.46,1,228.49,4,228.5,1,228.55,1,228.62,1,228.63,1,228.64,1,228.65,1,228.66,1,228.68,1
2025-04-10 09:37:14,228.12,228.03,1,227.91,2,228.33,1,228.33,227.91,227.91,2,227.86,5,227.85,6,227.77,1,227.76,5,227.74,2,227.63,1,227.59,2,,,,,228.33,1,228.38,1,228.46,1,228.49,4,228.5,1,228.55,1,228.62,1,228.63,1,228.64,1,228.65,1
2025-04-10 09:37:15,228.115,228.03,1,227.91,2,228.32,1,228.32,227.91,227.91,2,227.86,5,227.85,6,227.77,1,227.76,5,227.74,2,227.63,1,227.59,2,,,,,228.32,1,228.33,1,228.38,1,228.46,1,228.49,4,228.5,1,228.55,1,228.62,1,228.63,1,228.64,1
2025-04-10 09:37:16,228.115,228.03,1,227.91,2,228.32,1,228.32,227.91,227.91,2,227.86,5,227.85,6,227.77,1,227.76,5,227.74,2,227.63,1,227.59,2,,,,,228.32,1,228.33,1,228.38,1,228.46,1,228.49,4,228.5,1,228.55,1,228.62,1,228.63,1,228.64,1
2025-04-10 09:37:17,228.115,228.03,1,227.91,2,228.32,1,228.32,227.91,227.91,2,227.86,5,227.85,6,227.77,1,227.76,5,227.74,2,227.63,1,227.59,2,,,,,228.32,1,228.33,1,228.38,1,228.46,1,228.49,4,228.5,1,228.55,1,228.62,1,228.63,1,228.64,1
2025-04-10 09:37:18,228.115,228.03,1,227.91,3,228.32,1,228.32,227.91,227.91,3,227.86,5,227.85,6,227.77,1,227.76,5,227.74,2,227.63,1,227.59,2,,,,,228.32,1,228.33,1,228.38,1,228.46,1,228.49,4,228.5,1,228.55,1,228.62,1,228.63,1,228.64,1
2025-04-10 09:37:19,228.115,228.03,1,227.91,3,228.32,2,228.32,227.91,227.91,3,227.86,5,227.85,6,227.77,1,227.76,5,227.74,2,227.63,1,227.59,2,,,,,228.32,2,228.33,1,228.38,1,228.46,1,228.49,4,228.5,1,228.55,1,228.62,1,228.63,1,228.64,1
2025-04-10 09:37:20,228.115,228.1,1,227.91,3,228.32,2,228.32,227.91,227.91,3,227.86,5,227.85,6,227.77,1,227.76,5,227.74,2,227.63,1,227.59,2,,,,,228.32,2,228.33,1,228.38,1,228.46,1,228.49,4,228.5,1,228.55,1,228.62,1,228.63,1,228.64,1
2025-04-10 09:37:21,228.115,228.04,1,227.91,3,228.32,2,228.32,227.91,227.91,3,227.86,5,227.85,6,227.77,1,227.76,5,227.74,2,227.63,1,227.59,2,,,,,228.32,2,228.33,1,228.38,1,228.46,1,228.49,4,228.5,1,228.55,1,228.62,1,228.63,1,228.64,1
2025-04-10 09:37:22,228.115,228.04,1,227.91,3,228.32,2,228.32,227.91,227.91,3,227.86,5,227.85,6,227.77,1,227.76,5,227.74,2,227.63,1,227.59,2,,,,,228.32,2,228.33,1,228.38,1,228.46,1,228.49,4,228.5,1,228.55,1,228.62,1,228.63,1,228.64,1
2025-04-10 09:37:23,227.75,227.86,1,227.59,2,227.91,1,227.91,227.59,227.59,2,,,,,,,,,,,,,,,,,,,227.91,1,228.11,1,228.12,2,228.32,2,228.33,1,228.38,1,228.46,1,228.49,4,228.5,1,228.55,1
2025-04-10 09:37:24,227.75,227.75,1,227.59,3,227.91,2,227.91,227.59,227.59,3,,,,,,,,,,,,,,,,,,,227.91,2,228.11,1,228.12,2,228.32,2,228.33,1,228.38,1,228.46,1,228.49,4,228.5,1,228.55,1
2025-04-10 09:37:25,227.75,227.75,1,227.59,3,227.91,4,227.91,227.59,227.59,3,,,,,,,,,,,,,,,,,,,227.91,4,228.11,1,228.12,2,228.32,2,228.33,1,228.38,1,228.46,1,228.49,4,228.5,1,228.55,1
2025-04-10 09:37:26,227.7,227.5,1,227.5,5,227.9,2,227.9,227.5,227.5,5,,,,,,,,,,,,,,,,,,,227.9,2,227.91,2,228.11,1,228.12,2,228.32,2,228.33,1,228.38,1,228.46,1,228.49,4,228.5,1
2025-04-10 09:37:27,227.7,227.71,1,227.5,5,227.9,1,227.9,227.5,227.5,5,,,,,,,,,,,,,,,,,,,227.9,1,227.91,2,228.11,1,228.12,2,228.32,2,228.33,1,228.38,1,228.46,1,228.49,4,228.5,1
2025-04-10 09:37:28,227.7,227.7,1,227.5,5,227.9,1,227.9,227.5,227.5,5,,,,,,,,,,,,,,,,,,,227.9,1,227.91,2,228.11,1,228.12,2,228.32,2,228.33,1,228.38,1,228.46,1,228.49,4,228.5,1
