sim_time,mid_price,last_price,last_size,best_bid_price,best_bid_size,best_ask_price,best_ask_size,close_price_buy,close_price_sell,bid1_price,bid1_size,bid2_price,bid2_size,bid3_price,bid3_size,bid4_price,bid4_size,bid5_price,bid5_size,bid6_price,bid6_size,bid7_price,bid7_size,bid8_price,bid8_size,bid9_price,bid9_size,bid10_price,bid10_size,ask1_price,ask1_size,ask2_price,ask2_size,ask3_price,ask3_size,ask4_price,ask4_size,ask5_price,ask5_size,ask6_price,ask6_size,ask7_price,ask7_size,ask8_price,ask8_size,ask9_price,ask9_size,ask10_price,ask10_size
2025-04-10 09:30:11,70.135,70.13,1,70.11,8,70.16,6,70.16,70.11,70.11,8,70.1,10,70.06,1,,,,,,,,,,,,,,,70.16,6,70.17,9,70.19,2,70.2,1,70.21,4,70.22,4,70.23,6,70.24,2,70.25,1,70.26,5
2025-04-10 09:30:12,70.125,70.14,1,70.1,10,70.15,3,70.15,70.1,70.1,10,70.06,1,,,,,,,,,,,,,,,,,70.15,3,70.16,6,70.17,9,70.19,2,70.2,1,70.21,4,70.22,4,70.23,6,70.24,2,70.25,1
2025-04-10 09:30:14,70.12,70.12,1,70.1,10,70.14,2,70.14,70.1,70.1,10,70.06,1,,,,,,,,,,,,,,,,,70.14,2,70.15,3,70.16,6,70.17,9,70.19,2,70.2,1,70.21,4,70.22,4,70.23,6,70.24,2
2025-04-10 09:30:15,70.125,70.14,1,70.1,10,70.15,5,70.15,70.1,70.1,10,70.06,1,,,,,,,,,,,,,,,,,70.15,5,70.16,6,70.17,9,70.19,2,70.2,1,70.21,4,70.22,4,70.23,6,70.24,2,70.25,1
2025-04-10 09:30:16,70.125,70.13,1,70.1,10,70.15,5,70.15,70.1,70.1,10,70.06,1,,,,,,,,,,,,,,,,,70.15,5,70.16,6,70.17,9,70.19,2,70.2,1,70.21,4,70.22,4,70.23,6,70.24,2,70.25,1
2025-04-10 09:30:17,70.175,70.16,4,70.15,2,70.2,7,70.2,70.15,70.15,2,70.13,2,70.12,4,70.11,1,70.1,10,70.06,1,,,,,,,,,70.2,7,70.21,4,70.22,4,70.23,6,70.24,2,70.25,1,70.26,5,70.27,5,70.28,7,70.32,2
2025-04-10 09:30:18,70.135,70.14,1,70.09,5,70.18,4,70.18,70.09,70.09,5,70.06,1,,,,,,,,,,,,,,,,,70.18,4,70.2,8,70.21,4,70.22,4,70.23,6,70.24,2,70.25,1,70.26,5,70.27,5,70.28,7
2025-04-10 09:30:19,70.13,70.13,1,70.1,7,70.16,3,70.16,70.1,70.1,7,70.09,7,70.06,1,,,,,,,,,,,,,,,70.16,3,70.18,7,70.2,8,70.21,4,70.22,4,70.23,6,70.24,2,70.25,1,70.26,5,70.27,5
2025-04-10 09:30:20,70.145,70.13,1,70.12,4,70.17,2,70.17,70.12,70.12,4,70.1,7,70.09,7,70.06,1,,,,,,,,,,,,,70.17,2,70.18,7,70.2,8,70.21,4,70.22,4,70.23,6,70.24,2,70.25,1,70.26,5,70.27,5
2025-04-10 09:30:21,70.175,70.17,1,70.15,9,70.2,8,70.2,70.15,70.15,9,70.14,2,70.13,3,70.12,11,70.1,7,70.09,7,70.06,1,,,,,,,70.2,8,70.21,4,70.22,4,70.23,6,70.24,2,70.25,1,70.26,5,70.27,5,70.28,7,70.32,2
2025-04-10 09:30:22,70.175,70.17,1,70.15,9,70.2,10,70.2,70.15,70.15,9,70.14,2,70.13,3,70.12,11,70.1,7,70.09,7,70.06,1,,,,,,,70.2,10,70.21,4,70.22,4,70.23,6,70.24,2,70.25,1,70.26,5,70.27,5,70.28,7,70.32,2
2025-04-10 09:30:23,70.18,70.17,1,70.16,5,70.2,9,70.2,70.16,70.16,5,70.15,9,70.14,2,70.13,3,70.12,11,70.1,7,70.09,7,70.06,1,,,,,70.2,9,70.21,4,70.22,4,70.23,6,70.24,2,70.25,1,70.26,5,70.27,5,70.28,7,70.32,2
2025-04-10 09:30:24,70.185,70.17,1,70.16,7,70.21,2,70.21,70.16,70.16,7,70.15,14,70.14,2,70.13,3,70.12,11,70.1,7,70.09,7,70.06,1,,,,,70.21,2,70.22,1,70.23,3,70.24,1,70.25,1,70.26,5,70.27,5,70.28,7,70.32,2,70.33,3
2025-04-10 09:30:25,70.19,70.17,1,70.17,2,70.21,2,70.21,70.17,70.17,2,70.16,9,70.15,14,70.14,2,70.13,3,70.12,11,70.1,7,70.09,7,70.06,1,,,70.21,2,70.22,1,70.23,3,70.24,1,70.25,1,70.26,5,70.27,5,70.28,7,70.32,2,70.33,3
2025-04-10 09:30:26,70.19,70.17,1,70.17,3,70.21,2,70.21,70.17,70.17,3,70.16,9,70.15,14,70.14,2,70.13,3,70.12,11,70.1,7,70.09,7,70.06,1,,,70.21,2,70.22,1,70.23,3,70.24,1,70.25,1,70.26,5,70.27,5,70.28,7,70.32,2,70.33,3
2025-04-10 09:30:27,70.225,70.21,1,70.19,9,70.26,5,70.26,70.19,70.19,9,70.18,1,70.17,6,70.16,9,70.15,14,70.14,2,70.13,3,70.12,11,70.1,7,70.09,7,70.26,5,70.27,5,70.28,7,70.32,2,70.33,3,70.34,5,70.36,3,70.4,11,,,,
2025-04-10 09:30:28,70.225,70.25,1,70.19,8,70.26,5,70.26,70.19,70.19,8,70.18,1,70.17,6,70.16,9,70.15,14,70.14,2,70.13,3,70.12,11,70.1,7,70.09,7,70.26,5,70.27,5,70.28,7,70.32,2,70.33,3,70.34,5,70.36,3,70.4,11,,,,
2025-04-10 09:30:29,70.225,70.21,1,70.19,8,70.26,5,70.26,70.19,70.19,8,70.18,1,70.17,6,70.16,9,70.15,14,70.14,2,70.13,3,70.12,11,70.1,7,70.09,7,70.26,5,70.27,5,70.28,7,70.32,2,70.33,3,70.34,5,70.36,3,70.4,11,,,,
2025-04-10 09:30:30,70.185,70.17,1,70.17,6,70.2,4,70.2,70.17,70.17,6,70.16,9,70.15,14,70.14,2,70.13,3,70.12,11,70.1,7,70.09,7,70.06,1,,,70.2,4,70.21,1,70.23,1,70.24,2,70.25,2,70.26,5,70.27,5,70.28,7,70.32,2,70.33,3
2025-04-10 09:30:31,70.185,70.17,1,70.17,5,70.2,4,70.2,70.17,70.17,5,70.16,9,70.15,14,70.14,2,70.13,3,70.12,11,70.1,7,70.09,7,70.06,1,,,70.2,4,70.21,1,70.23,1,70.24,2,70.25,2,70.26,5,70.27,5,70.28,7,70.32,2,70.33,3
2025-04-10 09:30:32,70.19,70.12,1,70.15,18,70.23,20,70.23,70.15,70.15,18,70.14,16,70.13,18,70.12,9,70.11,5,70.1,7,70.09,7,70.06,1,,,,,70.23,20,70.24,2,70.25,2,70.26,5,70.27,5,70.28,7,70.32,2,70.33,3,70.34,5,70.36,3
2025-04-10 09:30:33,70.175,70.18,1,70.16,7,70.19,2,70.19,70.16,70.16,7,70.15,18,70.14,16,70.13,18,70.12,9,70.11,5,70.1,7,70.09,7,70.06,1,,,70.19,2,70.22,5,70.23,20,70.24,2,70.25,2,70.26,5,70.27,5,70.28,7,70.32,2,70.33,3
2025-04-10 09:30:34,70.19,70.19,1,70.16,3,70.22,7,70.22,70.16,70.16,3,70.15,14,70.14,16,70.13,18,70.12,9,70.11,5,70.1,7,70.09,7,70.06,1,,,70.22,7,70.23,20,70.24,2,70.25,2,70.26,5,70.27,5,70.28,7,70.32,2,70.33,3,70.34,5
2025-04-10 09:30:35,70.19,70.19,1,70.16,3,70.22,7,70.22,70.16,70.16,3,70.15,14,70.14,16,70.13,18,70.12,9,70.11,5,70.1,7,70.09,7,70.06,1,,,70.22,7,70.23,20,70.24,2,70.25,2,70.26,5,70.27,5,70.28,7,70.32,2,70.33,3,70.34,5
2025-04-10 09:30:36,70.19,70.17,1,70.16,3,70.22,7,70.22,70.16,70.16,3,70.15,14,70.14,16,70.13,18,70.12,9,70.11,5,70.1,7,70.09,7,70.06,1,,,70.22,7,70.23,20,70.24,2,70.25,2,70.26,5,70.27,5,70.28,7,70.32,2,70.33,3,70.34,5
2025-04-10 09:30:37,70.19,70.18,1,70.16,6,70.22,11,70.22,70.16,70.16,6,70.15,14,70.14,16,70.13,18,70.12,9,70.11,5,70.1,7,70.09,7,70.06,1,,,70.22,11,70.23,20,70.24,2,70.25,2,70.26,5,70.27,5,70.28,7,70.32,2,70.33,3,70.34,5
2025-04-10 09:30:38,70.2,70.21,1,70.18,5,70.22,6,70.22,70.18,70.18,5,70.17,2,70.16,6,70.15,14,70.14,16,70.13,18,70.12,9,70.11,5,70.1,7,70.09,7,70.22,6,70.23,20,70.24,2,70.25,2,70.26,5,70.27,5,70.28,7,70.32,2,70.33,3,70.34,5
2025-04-10 09:30:39,70.225,70.21,2,70.21,2,70.24,6,70.24,70.21,70.21,2,70.19,2,70.18,1,70.16,5,70.15,13,70.14,16,70.13,18,70.12,9,70.11,5,70.1,7,70.24,6,70.25,2,70.26,5,70.27,5,70.28,7,70.32,2,70.33,3,70.34,5,70.36,3,70.4,11
2025-04-10 09:30:40,70.215,70.21,2,70.19,4,70.24,6,70.24,70.19,70.19,4,70.18,1,70.16,5,70.15,13,70.14,16,70.13,18,70.12,9,70.11,5,70.1,7,70.09,7,70.24,6,70.25,2,70.26,5,70.27,5,70.28,7,70.32,2,70.33,3,70.34,5,70.36,3,70.4,11
2025-04-10 09:30:41,70.24,70.24,1,70.22,30,70.26,6,70.26,70.22,70.22,30,70.19,4,70.18,1,70.16,5,70.15,13,70.14,16,70.13,18,70.12,9,70.11,5,70.1,7,70.26,6,70.27,5,70.28,7,70.32,2,70.33,3,70.34,5,70.36,3,70.4,11,,,,
2025-04-10 09:30:42,70.27,70.27,12,70.25,4,70.29,1,70.29,70.25,70.25,4,70.24,1,70.23,2,70.22,30,70.19,4,70.18,1,70.16,5,70.15,13,70.14,16,70.13,18,70.29,1,70.3,3,70.32,2,70.33,3,70.34,5,70.36,3,70.4,11,,,,,,
2025-04-10 09:30:43,70.27,70.27,1,70.25,4,70.29,1,70.29,70.25,70.25,4,70.24,1,70.23,2,70.22,30,70.19,4,70.18,1,70.16,5,70.15,13,70.14,16,70.13,18,70.29,1,70.3,3,70.32,2,70.33,3,70.34,5,70.36,3,70.4,11,,,,,,
2025-04-10 09:30:44,70.345,70.27,1,70.31,5,70.38,6,70.38,70.31,70.31,5,70.3,4,70.29,2,70.28,1,70.27,2,70.26,2,70.25,6,70.24,1,70.23,2,70.22,30,70.38,6,70.4,11,,,,,,,,,,,,,,,,
2025-04-10 09:30:45,70.34,70.31,1,70.31,2,70.37,1,70.37,70.31,70.31,2,70.3,5,70.29,2,70.28,1,70.27,2,70.26,2,70.25,6,70.24,1,70.23,2,70.22,30,70.37,1,70.38,6,70.4,11,,,,,,,,,,,,,,
2025-04-10 09:30:46,70.34,70.34,1,70.31,2,70.37,3,70.37,70.31,70.31,2,70.3,5,70.29,2,70.28,1,70.27,2,70.26,2,70.25,6,70.24,1,70.23,2,70.22,30,70.37,3,70.38,6,70.4,11,,,,,,,,,,,,,,
2025-04-10 09:30:47,70.34,70.34,1,70.31,2,70.37,3,70.37,70.31,70.31,2,70.3,5,70.29,2,70.28,1,70.27,2,70.26,2,70.25,6,70.24,1,70.23,2,70.22,30,70.37,3,70.38,6,70.4,11,,,,,,,,,,,,,,
2025-04-10 09:30:48,70.34,70.34,1,70.31,2,70.37,3,70.37,70.31,70.31,2,70.3,5,70.29,2,70.28,1,70.27,2,70.26,2,70.25,6,70.24,1,70.23,2,70.22,30,70.37,3,70.38,6,70.4,11,,,,,,,,,,,,,,
2025-04-10 09:30:49,70.34,70.34,1,70.31,2,70.37,3,70.37,70.31,70.31,2,70.3,5,70.29,2,70.28,1,70.27,2,70.26,2,70.25,6,70.24,1,70.23,2,70.22,30,70.37,3,70.38,6,70.4,11,,,,,,,,,,,,,,
2025-04-10 09:30:50,70.34,70.34,1,70.31,2,70.37,2,70.37,70.31,70.31,2,70.3,5,70.29,2,70.28,1,70.27,2,70.26,2,70.25,6,70.24,1,70.23,2,70.22,30,70.37,2,70.38,6,70.4,11,,,,,,,,,,,,,,
2025-04-10 09:30:51,70.34,70.34,1,70.31,2,70.37,2,70.37,70.31,70.31,2,70.3,5,70.29,2,70.28,1,70.27,2,70.26,2,70.25,6,70.24,1,70.23,2,70.22,30,70.37,2,70.38,6,70.4,11,,,,,,,,,,,,,,
2025-04-10 09:30:52,70.34,70.34,1,70.31,2,70.37,4,70.37,70.31,70.31,2,70.3,5,70.29,2,70.28,1,70.27,2,70.26,2,70.25,6,70.24,1,70.23,2,70.22,30,70.37,4,70.38,6,70.4,11,,,,,,,,,,,,,,
2025-04-10 09:30:53,70.34,70.32,1,70.31,2,70.37,10,70.37,70.31,70.31,2,70.3,5,70.29,2,70.28,1,70.27,2,70.26,2,70.25,6,70.24,1,70.23,2,70.22,30,70.37,10,70.38,6,70.4,11,,,,,,,,,,,,,,
2025-04-10 09:30:54,70.34,70.32,1,70.31,2,70.37,12,70.37,70.31,70.31,2,70.3,5,70.29,2,70.28,1,70.27,2,70.26,2,70.25,6,70.24,1,70.23,2,70.22,30,70.37,12,70.38,6,70.4,11,,,,,,,,,,,,,,
2025-04-10 09:30:55,70.34,70.34,1,70.31,2,70.37,12,70.37,70.31,70.31,2,70.3,5,70.29,2,70.28,1,70.27,2,70.26,2,70.25,6,70.24,1,70.23,2,70.22,30,70.37,12,70.38,6,70.4,11,,,,,,,,,,,,,,
2025-04-10 09:30:56,70.34,70.34,1,70.31,2,70.37,12,70.37,70.31,70.31,2,70.3,5,70.29,2,70.28,1,70.27,2,70.26,2,70.25,6,70.24,1,70.23,2,70.22,30,70.37,12,70.38,6,70.4,11,,,,,,,,,,,,,,
2025-04-10 09:30:57,70.34,70.34,1,70.31,2,70.37,12,70.37,70.31,70.31,2,70.3,5,70.29,2,70.28,1,70.27,2,70.26,2,70.25,6,70.24,1,70.23,2,70.22,30,70.37,12,70.38,6,70.4,11,,,,,,,,,,,,,,
2025-04-10 09:30:58,70.34,70.34,1,70.31,2,70.37,12,70.37,70.31,70.31,2,70.3,5,70.29,2,70.28,1,70.27,2,70.26,2,70.25,6,70.24,1,70.23,2,70.22,30,70.37,12,70.38,6,70.4,11,,,,,,,,,,,,,,
2025-04-10 09:30:59,70.34,70.36,4,70.31,2,70.37,7,70.37,70.31,70.31,2,70.3,5,70.29,2,70.28,1,70.27,2,70.26,2,70.25,6,70.24,1,70.23,2,70.22,30,70.37,7,70.38,6,70.4,11,,,,,,,,,,,,,,
2025-04-10 09:31:00,70.365,70.36,1,70.35,1,70.38,9,70.38,70.35,70.35,1,70.34,2,70.33,1,70.3,4,70.29,1,70.28,3,70.27,2,70.26,2,70.25,6,70.24,1,70.38,9,70.4,11,,,,,,,,,,,,,,,,
2025-04-10 09:31:01,70.37,70.37,1,70.35,1,70.39,5,70.39,70.35,70.35,1,70.34,2,70.33,1,70.3,4,70.29,1,70.28,3,70.27,2,70.26,2,70.25,6,70.24,1,70.39,5,70.4,22,,,,,,,,,,,,,,,,
2025-04-10 09:31:02,70.37,70.37,1,70.35,1,70.39,5,70.39,70.35,70.35,1,70.34,2,70.33,1,70.3,4,70.29,1,70.28,3,70.27,2,70.26,2,70.25,6,70.24,1,70.39,5,70.4,22,,,,,,,,,,,,,,,,
2025-04-10 09:31:03,70.38,70.38,1,70.36,1,70.4,21,70.4,70.36,70.36,1,70.35,2,70.34,2,70.33,1,70.3,4,70.29,1,70.28,3,70.27,2,70.26,2,70.25,6,70.4,21,,,,,,,,,,,,,,,,,,
2025-04-10 09:31:04,70.37,70.38,1,70.34,2,70.4,21,70.4,70.34,70.34,2,70.33,1,70.3,4,70.29,1,70.28,3,70.27,2,70.26,2,70.25,6,70.24,1,70.23,2,70.4,21,,,,,,,,,,,,,,,,,,
2025-04-10 09:31:05,70.36,70.38,1,70.33,3,70.39,8,70.39,70.33,70.33,3,70.3,4,70.29,1,70.28,3,70.27,2,70.26,2,70.25,6,70.24,1,70.23,2,70.22,30,70.39,8,70.4,21,,,,,,,,,,,,,,,,
2025-04-10 09:31:06,70.36,70.36,1,70.33,3,70.39,11,70.39,70.33,70.33,3,70.3,4,70.29,1,70.28,3,70.27,2,70.26,2,70.25,6,70.24,1,70.23,2,70.22,30,70.39,11,70.4,21,,,,,,,,,,,,,,,,
2025-04-10 09:31:07,70.335,70.34,1,70.32,10,70.35,1,70.35,70.32,70.32,10,70.31,7,70.3,8,70.29,1,70.28,3,70.27,2,70.26,2,70.25,6,70.24,1,70.23,2,70.35,1,70.36,3,70.37,4,70.39,11,70.4,21,,,,,,,,,,
2025-04-10 09:31:08,70.345,70.35,1,70.33,3,70.36,3,70.36,70.33,70.33,3,70.32,12,70.31,7,70.3,8,70.29,1,70.28,3,70.27,2,70.26,2,70.25,6,70.24,1,70.36,3,70.37,4,70.39,11,70.4,21,,,,,,,,,,,,
2025-04-10 09:31:09,70.32,70.33,1,70.31,8,70.33,2,70.33,70.31,70.31,8,70.3,8,70.29,1,70.28,3,70.27,2,70.26,2,70.25,6,70.24,1,70.23,2,70.22,30,70.33,2,70.34,2,70.35,4,70.36,3,70.37,4,70.39,11,70.4,21,,,,,,
2025-04-10 09:31:10,70.335,70.33,1,70.32,3,70.35,5,70.35,70.32,70.32,3,70.31,8,70.3,8,70.29,1,70.28,3,70.27,2,70.26,2,70.25,6,70.24,1,70.23,2,70.35,5,70.36,3,70.37,4,70.39,11,70.4,21,,,,,,,,,,
2025-04-10 09:31:11,70.33,70.33,1,70.31,8,70.35,7,70.35,70.31,70.31,8,70.3,8,70.29,1,70.28,3,70.27,2,70.26,2,70.25,6,70.24,1,70.23,2,70.22,30,70.35,7,70.36,3,70.37,4,70.39,11,70.4,21,,,,,,,,,,
2025-04-10 09:31:12,70.365,70.36,2,70.34,7,70.39,12,70.39,70.34,70.34,7,70.32,2,70.31,8,70.3,8,70.29,1,70.28,3,70.27,2,70.26,2,70.25,6,70.24,1,70.39,12,70.4,21,,,,,,,,,,,,,,,,
2025-04-10 09:31:13,70.365,70.36,2,70.34,7,70.39,11,70.39,70.34,70.34,7,70.32,2,70.31,8,70.3,8,70.29,1,70.28,3,70.27,2,70.26,2,70.25,6,70.24,1,70.39,11,70.4,21,,,,,,,,,,,,,,,,
2025-04-10 09:31:14,70.365,70.34,3,70.34,7,70.39,11,70.39,70.34,70.34,7,70.32,2,70.31,8,70.3,8,70.29,1,70.28,3,70.27,2,70.26,2,70.25,6,70.24,1,70.39,11,70.4,21,,,,,,,,,,,,,,,,
2025-04-10 09:31:15,70.365,70.34,3,70.34,7,70.39,11,70.39,70.34,70.34,7,70.32,2,70.31,8,70.3,8,70.29,1,70.28,3,70.27,2,70.26,2,70.25,6,70.24,1,70.39,11,70.4,21,,,,,,,,,,,,,,,,
2025-04-10 09:31:16,70.365,70.34,3,70.34,6,70.39,11,70.39,70.34,70.34,6,70.32,2,70.31,8,70.3,8,70.29,1,70.28,3,70.27,2,70.26,2,70.25,6,70.24,1,70.39,11,70.4,21,,,,,,,,,,,,,,,,
2025-04-10 09:31:17,70.36,70.34,3,70.34,1,70.38,4,70.38,70.34,70.34,1,70.33,3,70.32,2,70.31,8,70.3,8,70.29,1,70.28,3,70.27,2,70.26,2,70.25,6,70.38,4,70.39,10,70.4,21,,,,,,,,,,,,,,
2025-04-10 09:31:18,70.36,70.37,1,70.34,1,70.38,4,70.38,70.34,70.34,1,70.33,3,70.32,2,70.31,8,70.3,8,70.29,1,70.28,3,70.27,2,70.26,2,70.25,6,70.38,4,70.39,10,70.4,21,,,,,,,,,,,,,,
2025-04-10 09:31:19,70.365,70.39,2,70.34,3,70.39,10,70.39,70.34,70.34,3,70.33,3,70.32,2,70.31,8,70.3,8,70.29,1,70.28,3,70.27,2,70.26,2,70.25,6,70.39,10,70.4,21,,,,,,,,,,,,,,,,
2025-04-10 09:31:20,70.365,70.39,2,70.34,3,70.39,10,70.39,70.34,70.34,3,70.33,3,70.32,2,70.31,8,70.3,8,70.29,1,70.28,3,70.27,2,70.26,2,70.25,6,70.39,10,70.4,21,,,,,,,,,,,,,,,,
2025-04-10 09:31:21,70.41,70.41,1,70.38,6,70.44,9,70.44,70.38,70.38,6,70.37,1,70.36,1,70.35,5,70.34,3,70.33,3,70.32,2,70.31,8,70.3,8,70.29,1,70.44,9,,,,,,,,,,,,,,,,,,
2025-04-10 09:31:22,70.27,70.27,1,70.25,6,70.29,2,70.29,70.25,70.25,6,70.24,1,70.23,2,70.22,30,70.19,4,70.18,1,70.16,5,70.15,13,70.14,16,70.13,18,70.29,2,70.3,4,70.31,2,70.32,3,70.33,2,70.34,3,70.35,3,70.36,6,70.37,2,70.38,4
2025-04-10 09:31:23,70.27,70.27,1,70.25,1,70.29,2,70.29,70.25,70.25,1,70.24,5,70.23,2,70.22,30,70.19,4,70.18,1,70.16,5,70.15,13,70.14,16,70.13,18,70.29,2,70.3,4,70.31,2,70.32,3,70.33,2,70.34,3,70.35,3,70.36,6,70.37,2,70.38,4
2025-04-10 09:31:24,70.27,70.26,2,70.25,8,70.29,3,70.29,70.25,70.25,8,70.24,6,70.23,9,70.22,31,70.19,4,70.18,1,70.16,5,70.15,13,70.14,16,70.13,18,70.29,3,70.3,4,70.31,2,70.32,3,70.33,2,70.34,3,70.35,3,70.36,6,70.37,2,70.38,4
2025-04-10 09:31:25,70.27,70.27,1,70.25,8,70.29,1,70.29,70.25,70.25,8,70.24,6,70.23,9,70.22,31,70.19,4,70.18,1,70.16,5,70.15,13,70.14,16,70.13,18,70.29,1,70.3,4,70.31,2,70.32,3,70.33,2,70.34,3,70.35,3,70.36,6,70.37,2,70.38,4
2025-04-10 09:31:26,70.27,70.27,1,70.25,8,70.29,1,70.29,70.25,70.25,8,70.24,6,70.23,9,70.22,31,70.19,4,70.18,1,70.16,5,70.15,13,70.14,16,70.13,18,70.29,1,70.3,4,70.31,2,70.32,3,70.33,2,70.34,3,70.35,3,70.36,6,70.37,2,70.38,4
2025-04-10 09:31:27,70.27,70.27,1,70.25,8,70.29,1,70.29,70.25,70.25,8,70.24,6,70.23,9,70.22,31,70.19,4,70.18,1,70.16,5,70.15,13,70.14,16,70.13,18,70.29,1,70.3,4,70.31,2,70.32,3,70.33,2,70.34,3,70.35,3,70.36,6,70.37,2,70.38,4
2025-04-10 09:31:28,70.27,70.27,1,70.25,8,70.29,1,70.29,70.25,70.25,8,70.24,6,70.23,9,70.22,31,70.19,4,70.18,1,70.16,5,70.15,13,70.14,16,70.13,18,70.29,1,70.3,4,70.31,2,70.32,3,70.33,2,70.34,3,70.35,3,70.36,6,70.37,2,70.38,4
2025-04-10 09:31:29,70.35,70.33,1,70.31,1,70.39,3,70.39,70.31,70.31,1,70.3,3,70.29,1,70.28,4,70.27,8,70.26,5,70.25,8,70.24,6,70.23,9,70.22,31,70.39,3,70.4,3,70.42,1,70.43,2,70.44,9,,,,,,,,,,
2025-04-10 09:31:30,70.35,70.33,1,70.31,1,70.39,3,70.39,70.31,70.31,1,70.3,3,70.29,1,70.28,4,70.27,8,70.26,5,70.25,8,70.24,6,70.23,9,70.22,31,70.39,3,70.4,3,70.42,1,70.43,2,70.44,9,,,,,,,,,,
2025-04-10 09:31:31,70.35,70.33,1,70.31,3,70.39,5,70.39,70.31,70.31,3,70.3,3,70.29,1,70.28,4,70.27,8,70.26,5,70.25,8,70.24,6,70.23,9,70.22,31,70.39,5,70.4,3,70.42,1,70.43,2,70.44,9,,,,,,,,,,
2025-04-10 09:31:32,70.36,70.33,1,70.33,3,70.39,4,70.39,70.33,70.33,3,70.32,3,70.31,2,70.3,3,70.29,1,70.28,4,70.27,8,70.26,5,70.25,8,70.24,6,70.39,4,70.4,3,70.42,1,70.43,2,70.44,9,,,,,,,,,,
2025-04-10 09:31:33,70.34,70.35,1,70.32,4,70.36,2,70.36,70.32,70.32,4,70.31,2,70.3,3,70.29,1,70.28,4,70.27,8,70.26,5,70.25,8,70.24,6,70.23,9,70.36,2,70.37,1,70.38,1,70.39,3,70.4,9,70.42,1,70.43,2,70.44,9,,,,
2025-04-10 09:31:34,70.375,70.38,1,70.35,2,70.4,8,70.4,70.35,70.35,2,70.32,5,70.31,2,70.3,3,70.29,1,70.28,4,70.27,8,70.26,5,70.25,8,70.24,6,70.4,8,70.42,1,70.43,2,70.44,9,,,,,,,,,,,,
2025-04-10 09:31:35,70.38,70.38,1,70.35,2,70.41,2,70.41,70.35,70.35,2,70.32,5,70.31,2,70.3,3,70.29,1,70.28,4,70.27,8,70.26,5,70.25,8,70.24,6,70.41,2,70.42,1,70.43,2,70.44,9,,,,,,,,,,,,
2025-04-10 09:31:36,70.38,70.38,1,70.35,2,70.41,2,70.41,70.35,70.35,2,70.32,5,70.31,2,70.3,3,70.29,1,70.28,4,70.27,8,70.26,5,70.25,8,70.24,6,70.41,2,70.42,1,70.43,2,70.44,9,,,,,,,,,,,,
2025-04-10 09:31:37,70.38,70.38,1,70.35,2,70.41,2,70.41,70.35,70.35,2,70.32,5,70.31,2,70.3,3,70.29,1,70.28,4,70.27,8,70.26,5,70.25,8,70.24,6,70.41,2,70.42,1,70.43,2,70.44,9,,,,,,,,,,,,
2025-04-10 09:31:38,70.4,70.41,1,70.37,10,70.43,2,70.43,70.37,70.37,10,70.36,5,70.35,6,70.32,5,70.31,2,70.3,3,70.29,1,70.28,4,70.27,8,70.26,5,70.43,2,70.44,9,,,,,,,,,,,,,,,,
2025-04-10 09:31:39,70.405,70.41,1,70.38,2,70.43,2,70.43,70.38,70.38,2,70.37,10,70.36,5,70.35,6,70.32,5,70.31,2,70.3,3,70.29,1,70.28,4,70.27,8,70.43,2,70.44,9,,,,,,,,,,,,,,,,
2025-04-10 09:31:40,70.405,70.42,1,70.38,2,70.43,2,70.43,70.38,70.38,2,70.37,10,70.36,5,70.35,6,70.32,5,70.31,2,70.3,3,70.29,1,70.28,4,70.27,8,70.43,2,70.44,9,,,,,,,,,,,,,,,,
2025-04-10 09:31:41,70.405,70.43,1,70.38,2,70.43,2,70.43,70.38,70.38,2,70.37,10,70.36,5,70.35,6,70.32,5,70.31,2,70.3,3,70.29,1,70.28,4,70.27,8,70.43,2,70.44,9,,,,,,,,,,,,,,,,
2025-04-10 09:31:42,70.41,70.42,1,70.39,2,70.43,2,70.43,70.39,70.39,2,70.38,4,70.37,10,70.36,5,70.35,6,70.32,5,70.31,2,70.3,3,70.29,1,70.28,4,70.43,2,70.44,9,,,,,,,,,,,,,,,,
2025-04-10 09:31:43,70.41,70.42,1,70.39,2,70.43,2,70.43,70.39,70.39,2,70.38,4,70.37,10,70.36,5,70.35,6,70.32,5,70.31,2,70.3,3,70.29,1,70.28,4,70.43,2,70.44,9,,,,,,,,,,,,,,,,
2025-04-10 09:31:44,70.46,70.46,1,70.45,1,70.47,2,70.47,70.45,70.45,1,70.44,6,70.43,4,70.42,4,70.41,3,70.4,3,70.39,4,70.38,4,70.37,10,70.36,5,70.47,2,,,,,,,,,,,,,,,,,,
2025-04-10 09:31:45,70.495,70.5,1,70.48,2,70.51,3,70.51,70.48,70.48,2,70.47,1,70.46,3,70.45,5,70.44,6,70.43,4,70.42,4,70.41,3,70.4,3,70.39,4,70.51,3,70.52,2,70.53,3,70.54,2,70.55,10,,,,,,,,,,
2025-04-10 09:31:46,70.495,70.5,1,70.48,6,70.51,5,70.51,70.48,70.48,6,70.47,1,70.46,3,70.45,5,70.44,6,70.43,4,70.42,4,70.41,3,70.4,3,70.39,4,70.51,5,70.52,2,70.53,3,70.54,2,70.55,10,,,,,,,,,,
2025-04-10 09:31:47,70.475,70.48,1,70.45,5,70.5,2,70.5,70.45,70.45,5,70.44,6,70.43,4,70.42,4,70.41,3,70.4,3,70.39,4,70.38,4,70.37,10,70.36,5,70.5,2,70.51,8,70.52,2,70.53,3,70.54,2,70.55,10,,,,,,,,
2025-04-10 09:31:48,70.475,70.47,3,70.45,5,70.5,2,70.5,70.45,70.45,5,70.44,6,70.43,4,70.42,4,70.41,3,70.4,3,70.39,4,70.38,4,70.37,10,70.36,5,70.5,2,70.51,8,70.52,2,70.53,3,70.54,2,70.55,10,,,,,,,,
2025-04-10 09:31:49,70.475,70.47,3,70.45,5,70.5,2,70.5,70.45,70.45,5,70.44,6,70.43,4,70.42,4,70.41,3,70.4,3,70.39,4,70.38,4,70.37,10,70.36,5,70.5,2,70.51,8,70.52,2,70.53,3,70.54,2,70.55,10,,,,,,,,
2025-04-10 09:31:50,70.475,70.47,1,70.45,5,70.5,2,70.5,70.45,70.45,5,70.44,6,70.43,4,70.42,4,70.41,3,70.4,3,70.39,4,70.38,4,70.37,10,70.36,5,70.5,2,70.51,8,70.52,2,70.53,3,70.54,2,70.55,10,,,,,,,,
2025-04-10 09:31:51,70.475,70.47,1,70.45,6,70.5,2,70.5,70.45,70.45,6,70.44,6,70.43,4,70.42,4,70.41,3,70.4,3,70.39,4,70.38,4,70.37,10,70.36,5,70.5,2,70.51,8,70.52,2,70.53,3,70.54,2,70.55,10,,,,,,,,
2025-04-10 09:31:52,70.48,70.48,1,70.46,3,70.5,2,70.5,70.46,70.46,3,70.45,9,70.44,6,70.43,4,70.42,4,70.41,3,70.4,3,70.39,4,70.38,4,70.37,10,70.5,2,70.51,5,70.52,2,70.53,3,70.54,2,70.55,10,,,,,,,,
2025-04-10 09:31:53,70.5,70.49,1,70.49,1,70.51,4,70.51,70.49,70.49,1,70.46,12,70.45,9,70.44,6,70.43,4,70.42,4,70.41,3,70.4,3,70.39,4,70.38,4,70.51,4,70.52,3,70.53,3,70.54,2,70.55,10,,,,,,,,,,
2025-04-10 09:31:54,70.495,70.48,1,70.48,1,70.51,5,70.51,70.48,70.48,1,70.47,3,70.46,10,70.45,9,70.44,6,70.43,4,70.42,4,70.41,3,70.4,3,70.39,4,70.51,5,70.52,3,70.53,3,70.54,2,70.55,10,,,,,,,,,,
2025-04-10 09:31:55,70.49,70.48,1,70.47,4,70.51,7,70.51,70.47,70.47,4,70.46,10,70.45,9,70.44,6,70.43,4,70.42,4,70.41,3,70.4,3,70.39,4,70.38,4,70.51,7,70.52,3,70.53,3,70.54,2,70.55,10,,,,,,,,,,
2025-04-10 09:31:56,70.49,70.48,1,70.47,4,70.51,7,70.51,70.47,70.47,4,70.46,10,70.45,9,70.44,6,70.43,4,70.42,4,70.41,3,70.4,3,70.39,4,70.38,4,70.51,7,70.52,3,70.53,3,70.54,2,70.55,10,,,,,,,,,,
2025-04-10 09:31:57,70.485,70.48,1,70.46,9,70.51,7,70.51,70.46,70.46,9,70.45,9,70.44,6,70.43,4,70.42,4,70.41,3,70.4,3,70.39,4,70.38,4,70.37,10,70.51,7,70.52,3,70.53,3,70.54,2,70.55,10,,,,,,,,,,
2025-04-10 09:31:58,70.5,70.5,1,70.48,3,70.52,10,70.52,70.48,70.48,3,70.47,3,70.46,9,70.45,9,70.44,6,70.43,4,70.42,4,70.41,3,70.4,3,70.39,4,70.52,10,70.53,3,70.54,2,70.55,10,,,,,,,,,,,,
2025-04-10 09:31:59,70.505,70.5,1,70.49,1,70.52,5,70.52,70.49,70.49,1,70.48,3,70.47,3,70.46,9,70.45,9,70.44,6,70.43,4,70.42,4,70.41,3,70.4,3,70.52,5,70.53,3,70.54,2,70.55,10,,,,,,,,,,,,
2025-04-10 09:32:00,70.505,70.49,1,70.49,3,70.52,8,70.52,70.49,70.49,3,70.48,3,70.47,3,70.46,9,70.45,9,70.44,6,70.43,4,70.42,4,70.41,3,70.4,3,70.52,8,70.53,3,70.54,2,70.55,10,,,,,,,,,,,,
2025-04-10 09:32:01,70.505,70.49,1,70.49,3,70.52,6,70.52,70.49,70.49,3,70.48,3,70.47,3,70.46,9,70.45,9,70.44,6,70.43,4,70.42,4,70.41,3,70.4,3,70.52,6,70.53,3,70.54,2,70.55,10,,,,,,,,,,,,
2025-04-10 09:32:02,70.51,70.51,1,70.49,3,70.53,8,70.53,70.49,70.49,3,70.48,3,70.47,3,70.46,9,70.45,9,70.44,6,70.43,4,70.42,4,70.41,3,70.4,3,70.53,8,70.54,10,70.55,9,,,,,,,,,,,,,,
2025-04-10 09:32:03,70.45,70.45,1,70.42,1,70.48,1,70.48,70.42,70.42,1,70.41,3,70.4,3,70.39,4,70.38,4,70.37,10,70.36,5,70.35,6,70.32,5,70.31,2,70.48,1,70.49,1,70.5,4,70.51,3,70.52,4,70.53,9,70.54,10,70.55,9,,,,
2025-04-10 09:32:04,70.45,70.45,1,70.42,2,70.48,6,70.48,70.42,70.42,2,70.41,3,70.4,3,70.39,4,70.38,4,70.37,10,70.36,5,70.35,6,70.32,5,70.31,2,70.48,6,70.49,1,70.5,4,70.51,3,70.52,4,70.53,9,70.54,10,70.55,9,,,,
2025-04-10 09:32:05,70.445,70.45,1,70.41,6,70.48,7,70.48,70.41,70.41,6,70.4,3,70.39,4,70.38,4,70.37,10,70.36,5,70.35,6,70.32,5,70.31,2,70.3,3,70.48,7,70.49,1,70.5,4,70.51,3,70.52,4,70.53,9,70.54,10,70.55,9,,,,
2025-04-10 09:32:06,70.395,70.41,1,70.37,6,70.42,4,70.42,70.37,70.37,6,70.36,5,70.35,6,70.32,5,70.31,2,70.3,3,70.29,1,70.28,4,70.27,8,70.26,5,70.42,4,70.43,1,70.45,4,70.47,6,70.48,6,70.49,1,70.5,4,70.51,3,70.52,4,70.53,9
2025-04-10 09:32:07,70.395,70.39,1,70.37,5,70.42,5,70.42,70.37,70.37,5,70.36,5,70.35,6,70.32,5,70.31,2,70.3,3,70.29,1,70.28,4,70.27,8,70.26,5,70.42,5,70.43,1,70.45,4,70.47,6,70.48,6,70.49,1,70.5,4,70.51,3,70.52,4,70.53,9
2025-04-10 09:32:08,70.435,70.43,1,70.41,2,70.46,5,70.46,70.41,70.41,2,70.4,3,70.39,2,70.38,1,70.37,5,70.36,5,70.35,6,70.32,5,70.31,2,70.3,3,70.46,5,70.47,6,70.48,6,70.49,1,70.5,4,70.51,3,70.52,4,70.53,9,70.54,10,70.55,9
2025-04-10 09:32:09,70.42,70.42,1,70.4,3,70.44,6,70.44,70.4,70.4,3,70.39,2,70.38,1,70.37,5,70.36,5,70.35,6,70.32,5,70.31,2,70.3,3,70.29,1,70.44,6,70.45,4,70.46,5,70.47,6,70.48,6,70.49,1,70.5,4,70.51,3,70.52,4,70.53,9
2025-04-10 09:32:10,70.42,70.42,1,70.4,3,70.44,6,70.44,70.4,70.4,3,70.39,2,70.38,1,70.37,5,70.36,5,70.35,6,70.32,5,70.31,2,70.3,3,70.29,1,70.44,6,70.45,4,70.46,5,70.47,6,70.48,6,70.49,1,70.5,4,70.51,3,70.52,4,70.53,9
2025-04-10 09:32:11,70.42,70.42,1,70.4,3,70.44,6,70.44,70.4,70.4,3,70.39,2,70.38,1,70.37,5,70.36,5,70.35,6,70.32,5,70.31,2,70.3,3,70.29,1,70.44,6,70.45,4,70.46,5,70.47,6,70.48,6,70.49,1,70.5,4,70.51,3,70.52,4,70.53,9
2025-04-10 09:32:12,70.46,70.46,1,70.44,4,70.48,5,70.48,70.44,70.44,4,70.41,2,70.4,3,70.39,2,70.38,1,70.37,5,70.36,5,70.35,6,70.32,5,70.31,2,70.48,5,70.49,1,70.5,4,70.51,3,70.52,4,70.53,9,70.54,10,70.55,9,,,,
2025-04-10 09:32:13,70.45,70.46,1,70.42,1,70.48,9,70.48,70.42,70.42,1,70.41,2,70.4,3,70.39,2,70.38,1,70.37,5,70.36,5,70.35,6,70.32,5,70.31,2,70.48,9,70.49,1,70.5,4,70.51,3,70.52,4,70.53,9,70.54,10,70.55,9,,,,
2025-04-10 09:32:14,70.42,70.43,1,70.39,2,70.45,9,70.45,70.39,70.39,2,70.38,1,70.37,5,70.36,5,70.35,6,70.32,5,70.31,2,70.3,3,70.29,1,70.28,4,70.45,9,70.46,6,70.47,10,70.48,9,70.49,1,70.5,4,70.51,3,70.52,4,70.53,9,70.54,10
2025-04-10 09:32:15,70.42,70.43,1,70.39,2,70.45,9,70.45,70.39,70.39,2,70.38,1,70.37,5,70.36,5,70.35,6,70.32,5,70.31,2,70.3,3,70.29,1,70.28,4,70.45,9,70.46,6,70.47,10,70.48,9,70.49,1,70.5,4,70.51,3,70.52,4,70.53,9,70.54,10
2025-04-10 09:32:16,70.42,70.43,1,70.39,2,70.45,9,70.45,70.39,70.39,2,70.38,1,70.37,5,70.36,5,70.35,6,70.32,5,70.31,2,70.3,3,70.29,1,70.28,4,70.45,9,70.46,6,70.47,10,70.48,9,70.49,1,70.5,4,70.51,3,70.52,4,70.53,9,70.54,10
2025-04-10 09:32:17,70.42,70.43,1,70.39,2,70.45,9,70.45,70.39,70.39,2,70.38,1,70.37,5,70.36,5,70.35,6,70.32,5,70.31,2,70.3,3,70.29,1,70.28,4,70.45,9,70.46,6,70.47,10,70.48,9,70.49,1,70.5,4,70.51,3,70.52,4,70.53,9,70.54,10
2025-04-10 09:32:18,70.4,70.4,1,70.38,5,70.42,7,70.42,70.38,70.38,5,70.37,5,70.36,5,70.35,6,70.32,5,70.31,2,70.3,3,70.29,1,70.28,4,70.27,8,70.42,7,70.44,5,70.45,9,70.46,6,70.47,10,70.48,9,70.49,1,70.5,4,70.51,3,70.52,4
2025-04-10 09:32:19,70.4,70.4,1,70.38,5,70.42,6,70.42,70.38,70.38,5,70.37,5,70.36,5,70.35,6,70.32,5,70.31,2,70.3,3,70.29,1,70.28,4,70.27,8,70.42,6,70.44,5,70.45,9,70.46,6,70.47,10,70.48,9,70.49,1,70.5,4,70.51,3,70.52,4
2025-04-10 09:32:20,70.4,70.4,1,70.38,5,70.42,6,70.42,70.38,70.38,5,70.37,5,70.36,5,70.35,6,70.32,5,70.31,2,70.3,3,70.29,1,70.28,4,70.27,8,70.42,6,70.44,5,70.45,9,70.46,6,70.47,10,70.48,9,70.49,1,70.5,4,70.51,3,70.52,4
2025-04-10 09:32:21,70.4,70.4,1,70.38,5,70.42,7,70.42,70.38,70.38,5,70.37,5,70.36,5,70.35,6,70.32,5,70.31,2,70.3,3,70.29,1,70.28,4,70.27,8,70.42,7,70.44,5,70.45,9,70.46,6,70.47,10,70.48,9,70.49,1,70.5,4,70.51,3,70.52,4
2025-04-10 09:32:22,70.395,70.4,1,70.37,10,70.42,6,70.42,70.37,70.37,10,70.36,5,70.35,6,70.32,5,70.31,2,70.3,3,70.29,1,70.28,4,70.27,8,70.26,5,70.42,6,70.44,5,70.45,9,70.46,6,70.47,10,70.48,9,70.49,1,70.5,4,70.51,3,70.52,4
2025-04-10 09:32:23,70.395,70.4,1,70.37,10,70.42,6,70.42,70.37,70.37,10,70.36,5,70.35,6,70.32,5,70.31,2,70.3,3,70.29,1,70.28,4,70.27,8,70.26,5,70.42,6,70.44,5,70.45,9,70.46,6,70.47,10,70.48,9,70.49,1,70.5,4,70.51,3,70.52,4
2025-04-10 09:32:24,70.395,70.4,1,70.37,10,70.42,6,70.42,70.37,70.37,10,70.36,5,70.35,6,70.32,5,70.31,2,70.3,3,70.29,1,70.28,4,70.27,8,70.26,5,70.42,6,70.44,5,70.45,9,70.46,6,70.47,10,70.48,9,70.49,1,70.5,4,70.51,3,70.52,4
2025-04-10 09:32:25,70.395,70.4,1,70.37,10,70.42,9,70.42,70.37,70.37,10,70.36,5,70.35,6,70.32,5,70.31,2,70.3,3,70.29,1,70.28,4,70.27,8,70.26,5,70.42,9,70.43,4,70.45,12,70.46,6,70.47,10,70.48,9,70.49,1,70.5,4,70.51,3,70.52,4
2025-04-10 09:32:26,70.395,70.4,1,70.37,10,70.42,8,70.42,70.37,70.37,10,70.36,5,70.35,6,70.32,5,70.31,2,70.3,3,70.29,1,70.28,4,70.27,8,70.26,5,70.42,8,70.43,4,70.45,12,70.46,6,70.47,10,70.48,9,70.49,1,70.5,4,70.51,3,70.52,4
2025-04-10 09:32:27,70.39,70.39,1,70.37,9,70.41,5,70.41,70.37,70.37,9,70.36,5,70.35,6,70.32,5,70.31,2,70.3,3,70.29,1,70.28,4,70.27,8,70.26,5,70.41,5,70.42,8,70.43,4,70.45,12,70.46,6,70.47,10,70.48,9,70.49,1,70.5,4,70.51,3
2025-04-10 09:32:28,70.39,70.39,1,70.37,9,70.41,5,70.41,70.37,70.37,9,70.36,5,70.35,6,70.32,5,70.31,2,70.3,3,70.29,1,70.28,4,70.27,8,70.26,5,70.41,5,70.42,8,70.43,4,70.45,12,70.46,6,70.47,10,70.48,9,70.49,1,70.5,4,70.51,3
2025-04-10 09:32:29,70.435,70.44,1,70.42,4,70.45,10,70.45,70.42,70.42,4,70.41,6,70.4,4,70.38,2,70.37,8,70.36,5,70.35,6,70.32,5,70.31,2,70.3,3,70.45,10,70.46,6,70.47,10,70.48,9,70.49,1,70.5,4,70.51,3,70.52,4,70.53,9,70.54,10
2025-04-10 09:32:30,70.42,70.45,1,70.39,5,70.45,6,70.45,70.39,70.39,5,70.38,2,70.37,8,70.36,5,70.35,6,70.32,5,70.31,2,70.3,3,70.29,1,70.28,4,70.45,6,70.46,8,70.48,8,70.49,1,70.5,4,70.51,3,70.52,4,70.53,9,70.54,10,70.55,9
2025-04-10 09:32:31,70.43,70.43,1,70.41,3,70.45,7,70.45,70.41,70.41,3,70.4,1,70.39,5,70.38,2,70.37,8,70.36,5,70.35,6,70.32,5,70.31,2,70.3,3,70.45,7,70.46,8,70.48,8,70.49,1,70.5,4,70.51,3,70.52,4,70.53,9,70.54,10,70.55,9
2025-04-10 09:32:32,70.435,70.42,1,70.41,9,70.46,2,70.46,70.41,70.41,9,70.4,6,70.39,5,70.38,2,70.37,8,70.36,5,70.35,6,70.32,5,70.31,2,70.3,3,70.46,2,70.47,3,70.48,7,70.49,1,70.5,4,70.51,3,70.52,4,70.53,9,70.54,10,70.55,9
2025-04-10 09:32:33,70.4,70.41,1,70.38,2,70.42,4,70.42,70.38,70.38,2,70.37,8,70.36,5,70.35,6,70.32,5,70.31,2,70.3,3,70.29,1,70.28,4,70.27,8,70.42,4,70.43,4,70.44,1,70.45,2,70.47,7,70.48,7,70.49,1,70.5,4,70.51,3,70.52,4
2025-04-10 09:32:34,70.395,70.4,1,70.37,11,70.42,5,70.42,70.37,70.37,11,70.36,5,70.35,6,70.32,5,70.31,2,70.3,3,70.29,1,70.28,4,70.27,8,70.26,5,70.42,5,70.43,4,70.44,1,70.45,2,70.47,7,70.48,7,70.49,1,70.5,4,70.51,3,70.52,4
2025-04-10 09:32:35,70.305,70.28,1,70.28,5,70.33,4,70.33,70.28,70.28,5,70.27,8,70.26,5,70.25,8,70.24,6,70.23,9,70.22,31,70.19,4,70.18,1,70.16,5,70.33,4,70.35,3,70.36,2,70.37,1,70.38,2,70.39,5,70.41,9,70.42,5,70.43,4,70.44,1
2025-04-10 09:32:36,70.3,70.31,1,70.27,10,70.33,10,70.33,70.27,70.27,10,70.26,5,70.25,8,70.24,6,70.23,9,70.22,31,70.19,4,70.18,1,70.16,5,70.15,13,70.33,10,70.35,3,70.36,2,70.37,1,70.38,2,70.39,5,70.41,9,70.42,5,70.43,4,70.44,1
2025-04-10 09:32:37,70.3,70.31,1,70.27,10,70.33,9,70.33,70.27,70.27,10,70.26,5,70.25,8,70.24,6,70.23,9,70.22,31,70.19,4,70.18,1,70.16,5,70.15,13,70.33,9,70.35,3,70.36,2,70.37,1,70.38,2,70.39,5,70.41,9,70.42,5,70.43,4,70.44,1
2025-04-10 09:32:38,70.285,70.31,1,70.26,6,70.31,3,70.31,70.26,70.26,6,70.25,8,70.24,6,70.23,9,70.22,31,70.19,4,70.18,1,70.16,5,70.15,13,70.14,16,70.31,3,70.33,9,70.35,3,70.36,2,70.37,1,70.38,2,70.39,5,70.41,9,70.42,5,70.43,4
2025-04-10 09:32:39,70.285,70.28,1,70.26,6,70.31,6,70.31,70.26,70.26,6,70.25,8,70.24,6,70.23,9,70.22,31,70.19,4,70.18,1,70.16,5,70.15,13,70.14,16,70.31,6,70.33,9,70.35,3,70.36,2,70.37,1,70.38,2,70.39,5,70.41,9,70.42,5,70.43,4
2025-04-10 09:32:40,70.24,70.24,2,70.23,11,70.25,2,70.25,70.23,70.23,11,70.22,31,70.19,4,70.18,1,70.16,5,70.15,13,70.14,16,70.13,18,70.12,9,70.11,5,70.25,2,70.26,4,70.27,4,70.28,2,70.29,7,70.3,6,70.31,8,70.33,9,70.35,3,70.36,2
2025-04-10 09:32:41,70.2,70.22,123,70.18,3,70.22,2,70.22,70.18,70.18,3,70.16,5,70.15,13,70.14,16,70.13,18,70.12,9,70.11,5,70.1,7,70.09,7,70.06,1,70.22,2,70.23,8,70.24,5,70.25,4,70.26,4,70.27,4,70.28,2,70.29,7,70.3,6,70.31,8
2025-04-10 09:32:42,70.185,70.2,1,70.17,3,70.2,2,70.2,70.17,70.17,3,70.16,5,70.15,13,70.14,16,70.13,18,70.12,9,70.11,5,70.1,7,70.09,7,70.06,1,70.2,2,70.21,1,70.22,2,70.23,8,70.24,5,70.25,4,70.26,4,70.27,4,70.28,2,70.29,7
2025-04-10 09:32:43,70.18,70.2,1,70.16,8,70.2,4,70.2,70.16,70.16,8,70.15,13,70.14,16,70.13,18,70.12,9,70.11,5,70.1,7,70.09,7,70.06,1,,,70.2,4,70.21,1,70.22,2,70.23,8,70.24,5,70.25,4,70.26,4,70.27,4,70.28,2,70.29,7
2025-04-10 09:32:44,70.2,70.2,1,70.17,2,70.23,11,70.23,70.17,70.17,2,70.16,2,70.15,5,70.14,2,70.13,1,70.12,2,70.11,7,70.1,7,70.09,7,70.06,1,70.23,11,70.24,5,70.25,4,70.26,4,70.27,4,70.28,2,70.29,7,70.3,6,70.31,8,70.33,9
2025-04-10 09:32:45,70.15,70.15,1,70.12,4,70.18,2,70.18,70.12,70.12,4,70.11,7,70.1,7,70.09,7,70.06,1,,,,,,,,,,,70.18,2,70.2,5,70.22,1,70.23,13,70.24,5,70.25,4,70.26,4,70.27,4,70.28,2,70.29,7
2025-04-10 09:32:46,70.14,70.15,1,70.11,8,70.17,7,70.17,70.11,70.11,8,70.1,7,70.09,7,70.06,1,,,,,,,,,,,,,70.17,7,70.18,5,70.2,5,70.22,1,70.23,13,70.24,5,70.25,4,70.26,4,70.27,4,70.28,2
2025-04-10 09:32:47,70.15,70.16,1,70.13,1,70.17,5,70.17,70.13,70.13,1,70.12,1,70.11,8,70.1,7,70.09,7,70.06,1,,,,,,,,,70.17,5,70.18,5,70.2,5,70.22,1,70.23,13,70.24,5,70.25,4,70.26,4,70.27,4,70.28,2
2025-04-10 09:32:48,70.15,70.16,1,70.13,3,70.17,6,70.17,70.13,70.13,3,70.12,1,70.11,8,70.1,7,70.09,7,70.06,1,,,,,,,,,70.17,6,70.18,5,70.2,5,70.22,1,70.23,13,70.24,5,70.25,4,70.26,4,70.27,4,70.28,2
2025-04-10 09:32:49,70.2,70.18,1,70.18,1,70.22,2,70.22,70.18,70.18,1,70.17,3,70.16,2,70.15,2,70.14,1,70.13,3,70.12,1,70.11,8,70.1,7,70.09,7,70.22,2,70.23,13,70.24,5,70.25,4,70.26,4,70.27,4,70.28,2,70.29,7,70.3,6,70.31,8
2025-04-10 09:32:50,70.17,70.17,1,70.15,4,70.19,5,70.19,70.15,70.15,4,70.14,1,70.13,3,70.12,1,70.11,8,70.1,7,70.09,7,70.06,1,,,,,70.19,5,70.2,1,70.21,5,70.22,9,70.23,13,70.24,5,70.25,4,70.26,4,70.27,4,70.28,2
2025-04-10 09:32:51,70.15,70.16,1,70.14,3,70.16,1,70.16,70.14,70.14,3,70.13,3,70.12,1,70.11,8,70.1,7,70.09,7,70.06,1,,,,,,,70.16,1,70.18,1,70.19,5,70.2,1,70.21,5,70.22,9,70.23,13,70.24,5,70.25,4,70.26,4
2025-04-10 09:32:52,70.11,70.12,1,70.09,4,70.13,1,70.13,70.09,70.09,4,70.06,1,,,,,,,,,,,,,,,,,70.13,1,70.14,1,70.15,1,70.16,4,70.18,1,70.19,5,70.2,1,70.21,5,70.22,9,70.23,13
2025-04-10 09:32:53,70.115,70.12,1,70.1,1,70.13,1,70.13,70.1,70.1,1,70.09,4,70.06,1,,,,,,,,,,,,,,,70.13,1,70.14,1,70.15,1,70.16,4,70.18,1,70.19,5,70.2,1,70.21,5,70.22,9,70.23,13
2025-04-10 09:32:54,70.07,70.07,1,70.05,6,70.09,6,70.09,70.05,70.05,6,,,,,,,,,,,,,,,,,,,70.09,6,70.1,4,70.12,9,70.13,1,70.14,1,70.15,1,70.16,4,70.18,1,70.19,5,70.2,1
2025-04-10 09:32:55,70.085,70.08,1,70.06,3,70.11,6,70.11,70.06,70.06,3,70.05,6,,,,,,,,,,,,,,,,,70.11,6,70.12,9,70.13,1,70.14,1,70.15,1,70.16,4,70.18,1,70.19,5,70.2,1,70.21,5
2025-04-10 09:32:56,70.14,70.12,1,70.11,5,70.17,8,70.17,70.11,70.11,5,70.1,3,70.09,2,70.08,3,70.07,6,70.06,3,70.05,6,,,,,,,70.17,8,70.18,1,70.19,5,70.2,1,70.21,5,70.22,9,70.23,13,70.24,5,70.25,4,70.26,4
2025-04-10 09:32:57,70.11,70.11,1,70.08,10,70.14,7,70.14,70.08,70.08,10,70.07,6,70.06,3,70.05,6,,,,,,,,,,,,,70.14,7,70.17,9,70.18,1,70.19,5,70.2,1,70.21,5,70.22,9,70.23,13,70.24,5,70.25,4
2025-04-10 09:32:58,70.11,70.11,2,70.08,10,70.14,7,70.14,70.08,70.08,10,70.07,6,70.06,3,70.05,6,,,,,,,,,,,,,70.14,7,70.17,9,70.18,1,70.19,5,70.2,1,70.21,5,70.22,9,70.23,13,70.24,5,70.25,4
2025-04-10 09:32:59,70.13,70.13,1,70.11,5,70.15,2,70.15,70.11,70.11,5,70.09,3,70.08,10,70.07,6,70.06,3,70.05,6,,,,,,,,,70.15,2,70.16,2,70.17,3,70.19,6,70.2,1,70.21,5,70.22,9,70.23,13,70.24,5,70.25,4
2025-04-10 09:33:00,70.125,70.12,1,70.1,8,70.15,5,70.15,70.1,70.1,8,70.09,3,70.08,10,70.07,6,70.06,3,70.05,6,,,,,,,,,70.15,5,70.16,2,70.17,3,70.19,6,70.2,1,70.21,5,70.22,9,70.23,13,70.24,5,70.25,4
2025-04-10 09:33:01,70.13,70.13,1,70.11,5,70.15,1,70.15,70.11,70.11,5,70.1,8,70.09,3,70.08,10,70.07,6,70.06,3,70.05,6,,,,,,,70.15,1,70.16,3,70.17,3,70.19,6,70.2,1,70.21,5,70.22,9,70.23,13,70.24,5,70.25,4
2025-04-10 09:33:02,70.135,70.13,1,70.12,2,70.15,1,70.15,70.12,70.12,2,70.11,5,70.1,8,70.09,3,70.08,10,70.07,6,70.06,3,70.05,6,,,,,70.15,1,70.16,3,70.17,3,70.19,6,70.2,1,70.21,5,70.22,9,70.23,13,70.24,5,70.25,4
2025-04-10 09:33:03,70.12,70.12,1,70.11,1,70.13,2,70.13,70.11,70.11,1,70.1,7,70.09,3,70.08,10,70.07,6,70.06,3,70.05,6,,,,,,,70.13,2,70.14,1,70.15,1,70.16,3,70.17,3,70.19,6,70.2,1,70.21,5,70.22,9,70.23,13
2025-04-10 09:33:04,70.15,70.13,1,70.13,4,70.17,9,70.17,70.13,70.13,4,70.12,4,70.11,5,70.1,7,70.09,3,70.08,10,70.07,6,70.06,3,70.05,6,,,70.17,9,70.19,6,70.2,1,70.21,5,70.22,9,70.23,13,70.24,5,70.25,4,70.26,4,70.27,4
2025-04-10 09:33:05,70.15,70.15,1,70.13,4,70.17,9,70.17,70.13,70.13,4,70.12,4,70.11,5,70.1,7,70.09,3,70.08,10,70.07,6,70.06,3,70.05,6,,,70.17,9,70.19,6,70.2,1,70.21,5,70.22,9,70.23,13,70.24,5,70.25,4,70.26,4,70.27,4
2025-04-10 09:33:06,70.15,70.15,1,70.13,4,70.17,9,70.17,70.13,70.13,4,70.12,4,70.11,5,70.1,7,70.09,3,70.08,10,70.07,6,70.06,3,70.05,6,,,70.17,9,70.19,6,70.2,1,70.21,5,70.22,9,70.23,13,70.24,5,70.25,4,70.26,4,70.27,4
2025-04-10 09:33:07,70.15,70.15,1,70.13,4,70.17,10,70.17,70.13,70.13,4,70.12,4,70.11,5,70.1,7,70.09,3,70.08,10,70.07,6,70.06,3,70.05,6,,,70.17,10,70.19,6,70.2,1,70.21,5,70.22,9,70.23,13,70.24,5,70.25,4,70.26,4,70.27,4
2025-04-10 09:33:08,70.15,70.15,1,70.13,6,70.17,9,70.17,70.13,70.13,6,70.12,4,70.11,5,70.1,7,70.09,3,70.08,10,70.07,6,70.06,3,70.05,6,,,70.17,9,70.19,6,70.2,1,70.21,5,70.22,9,70.23,13,70.24,5,70.25,4,70.26,4,70.27,4
2025-04-10 09:33:09,70.15,70.14,1,70.13,6,70.17,11,70.17,70.13,70.13,6,70.12,4,70.11,5,70.1,7,70.09,3,70.08,10,70.07,6,70.06,3,70.05,6,,,70.17,11,70.19,6,70.2,1,70.21,5,70.22,9,70.23,13,70.24,5,70.25,4,70.26,4,70.27,4
2025-04-10 09:33:10,70.15,70.14,1,70.13,6,70.17,11,70.17,70.13,70.13,6,70.12,4,70.11,5,70.1,7,70.09,3,70.08,10,70.07,6,70.06,3,70.05,6,,,70.17,11,70.19,6,70.2,1,70.21,5,70.22,9,70.23,13,70.24,5,70.25,4,70.26,4,70.27,4
2025-04-10 09:33:11,70.15,70.14,1,70.13,6,70.17,11,70.17,70.13,70.13,6,70.12,4,70.11,5,70.1,7,70.09,3,70.08,10,70.07,6,70.06,3,70.05,6,,,70.17,11,70.19,6,70.2,1,70.21,5,70.22,9,70.23,13,70.24,5,70.25,4,70.26,4,70.27,4
2025-04-10 09:33:12,70.18,70.17,1,70.16,6,70.2,5,70.2,70.16,70.16,6,70.15,3,70.14,7,70.13,6,70.12,4,70.11,5,70.1,7,70.09,3,70.08,10,70.07,6,70.2,5,70.21,5,70.22,9,70.23,13,70.24,5,70.25,4,70.26,4,70.27,4,70.28,2,70.29,7
2025-04-10 09:33:13,70.225,70.24,1,70.21,2,70.24,7,70.24,70.21,70.21,2,70.2,2,70.19,3,70.16,6,70.15,3,70.14,7,70.13,6,70.12,4,70.11,5,70.1,7,70.24,7,70.25,4,70.26,4,70.27,4,70.28,2,70.29,7,70.3,6,70.31,8,70.33,9,70.35,3
2025-04-10 09:33:14,70.27,70.27,2,70.25,3,70.29,12,70.29,70.25,70.25,3,70.24,2,70.23,3,70.22,3,70.21,3,70.2,2,70.19,3,70.16,6,70.15,3,70.14,7,70.29,12,70.3,6,70.31,8,70.33,9,70.35,3,70.36,2,70.37,1,70.38,2,70.39,5,70.41,9
2025-04-10 09:33:15,70.285,70.28,1,70.27,5,70.3,5,70.3,70.27,70.27,5,70.25,3,70.24,2,70.23,3,70.22,3,70.21,3,70.2,2,70.19,3,70.16,6,70.15,3,70.3,5,70.31,8,70.33,9,70.35,3,70.36,2,70.37,1,70.38,2,70.39,5,70.41,9,70.42,5
2025-04-10 09:33:16,70.285,70.28,1,70.27,5,70.3,5,70.3,70.27,70.27,5,70.25,3,70.24,2,70.23,3,70.22,3,70.21,3,70.2,2,70.19,3,70.16,6,70.15,3,70.3,5,70.31,8,70.33,9,70.35,3,70.36,2,70.37,1,70.38,2,70.39,5,70.41,9,70.42,5
2025-04-10 09:33:17,70.285,70.28,1,70.27,5,70.3,5,70.3,70.27,70.27,5,70.25,3,70.24,2,70.23,3,70.22,3,70.21,3,70.2,2,70.19,3,70.16,6,70.15,3,70.3,5,70.31,8,70.33,9,70.35,3,70.36,2,70.37,1,70.38,2,70.39,5,70.41,9,70.42,5
2025-04-10 09:33:18,70.285,70.28,1,70.27,7,70.3,5,70.3,70.27,70.27,7,70.25,3,70.24,2,70.23,3,70.22,3,70.21,3,70.2,2,70.19,3,70.16,6,70.15,3,70.3,5,70.31,8,70.33,9,70.35,3,70.36,2,70.37,1,70.38,2,70.39,5,70.41,9,70.42,5
2025-04-10 09:33:19,70.285,70.29,1,70.26,4,70.31,2,70.31,70.26,70.26,4,70.25,6,70.24,2,70.23,3,70.22,3,70.21,3,70.2,2,70.19,3,70.16,6,70.15,3,70.31,2,70.33,10,70.35,3,70.36,2,70.37,1,70.38,2,70.39,5,70.41,9,70.42,5,70.43,4
2025-04-10 09:33:20,70.28,70.27,1,70.25,11,70.31,6,70.31,70.25,70.25,11,70.24,2,70.23,3,70.22,3,70.21,3,70.2,2,70.19,3,70.16,6,70.15,3,70.14,7,70.31,6,70.33,10,70.35,3,70.36,2,70.37,1,70.38,2,70.39,5,70.41,9,70.42,5,70.43,4
2025-04-10 09:33:21,70.29,70.29,1,70.27,9,70.31,6,70.31,70.27,70.27,9,70.26,1,70.25,10,70.24,2,70.23,3,70.22,3,70.21,3,70.2,2,70.19,3,70.16,6,70.31,6,70.33,10,70.35,3,70.36,2,70.37,1,70.38,2,70.39,5,70.41,9,70.42,5,70.43,4
2025-04-10 09:33:22,70.29,70.29,1,70.27,9,70.31,1,70.31,70.27,70.27,9,70.26,1,70.25,10,70.24,2,70.23,3,70.22,3,70.21,3,70.2,2,70.19,3,70.16,6,70.31,1,70.32,2,70.33,10,70.35,3,70.36,2,70.37,1,70.38,2,70.39,5,70.41,9,70.42,5
2025-04-10 09:33:23,70.32,70.33,1,70.29,3,70.35,8,70.35,70.29,70.29,3,70.27,9,70.26,1,70.25,10,70.24,2,70.23,3,70.22,3,70.21,3,70.2,2,70.19,3,70.35,8,70.36,2,70.37,1,70.38,2,70.39,5,70.41,9,70.42,5,70.43,4,70.44,1,70.45,2
2025-04-10 09:33:24,70.32,70.33,1,70.29,3,70.35,11,70.35,70.29,70.29,3,70.27,9,70.26,1,70.25,10,70.24,2,70.23,3,70.22,3,70.21,3,70.2,2,70.19,3,70.35,11,70.36,2,70.37,1,70.38,2,70.39,5,70.41,9,70.42,5,70.43,4,70.44,1,70.45,2
2025-04-10 09:33:25,70.32,70.29,1,70.29,3,70.35,12,70.35,70.29,70.29,3,70.27,9,70.26,1,70.25,10,70.24,2,70.23,3,70.22,3,70.21,3,70.2,2,70.19,3,70.35,12,70.36,2,70.37,1,70.38,2,70.39,5,70.41,9,70.42,5,70.43,4,70.44,1,70.45,2
2025-04-10 09:33:26,70.325,70.29,1,70.3,10,70.35,10,70.35,70.3,70.3,10,70.29,3,70.27,9,70.26,1,70.25,10,70.24,2,70.23,3,70.22,3,70.21,3,70.2,2,70.35,10,70.36,2,70.37,1,70.38,2,70.39,5,70.41,9,70.42,5,70.43,4,70.44,1,70.45,2
2025-04-10 09:33:27,70.32,70.3,2,70.29,5,70.35,5,70.35,70.29,70.29,5,70.27,9,70.26,1,70.25,10,70.24,2,70.23,3,70.22,3,70.21,3,70.2,2,70.19,3,70.35,5,70.36,2,70.37,1,70.38,2,70.39,5,70.41,9,70.42,5,70.43,4,70.44,1,70.45,2
2025-04-10 09:33:28,70.32,70.3,2,70.29,5,70.35,5,70.35,70.29,70.29,5,70.27,9,70.26,1,70.25,10,70.24,2,70.23,3,70.22,3,70.21,3,70.2,2,70.19,3,70.35,5,70.36,2,70.37,1,70.38,2,70.39,5,70.41,9,70.42,5,70.43,4,70.44,1,70.45,2
2025-04-10 09:33:29,70.32,70.3,11,70.29,5,70.35,5,70.35,70.29,70.29,5,70.27,9,70.26,1,70.25,10,70.24,2,70.23,3,70.22,3,70.21,3,70.2,2,70.19,3,70.35,5,70.36,2,70.37,1,70.38,2,70.39,5,70.41,9,70.42,5,70.43,4,70.44,1,70.45,2
2025-04-10 09:33:30,70.32,70.3,11,70.29,5,70.35,5,70.35,70.29,70.29,5,70.27,9,70.26,1,70.25,10,70.24,2,70.23,3,70.22,3,70.21,3,70.2,2,70.19,3,70.35,5,70.36,2,70.37,1,70.38,2,70.39,5,70.41,9,70.42,5,70.43,4,70.44,1,70.45,2
2025-04-10 09:33:31,70.375,70.38,1,70.35,4,70.4,3,70.4,70.35,70.35,4,70.34,3,70.33,2,70.32,2,70.31,1,70.29,5,70.27,9,70.26,1,70.25,10,70.24,2,70.4,3,70.41,9,70.42,5,70.43,4,70.44,1,70.45,2,70.47,7,70.48,7,70.49,1,70.5,4
2025-04-10 09:33:32,70.35,70.37,1,70.33,5,70.37,13,70.37,70.33,70.33,5,70.32,2,70.31,1,70.29,5,70.27,9,70.26,1,70.25,10,70.24,2,70.23,3,70.22,3,70.37,13,70.38,2,70.39,2,70.4,3,70.41,9,70.42,5,70.43,4,70.44,1,70.45,2,70.47,7
2025-04-10 09:33:33,70.33,70.35,1,70.31,3,70.35,5,70.35,70.31,70.31,3,70.29,5,70.27,9,70.26,1,70.25,10,70.24,2,70.23,3,70.22,3,70.21,3,70.2,2,70.35,5,70.37,11,70.38,2,70.39,2,70.4,3,70.41,9,70.42,5,70.43,4,70.44,1,70.45,2
2025-04-10 09:33:34,70.34,70.34,1,70.32,2,70.36,2,70.36,70.32,70.32,2,70.31,3,70.29,5,70.27,9,70.26,1,70.25,10,70.24,2,70.23,3,70.22,3,70.21,3,70.36,2,70.37,11,70.38,2,70.39,2,70.4,3,70.41,9,70.42,5,70.43,4,70.44,1,70.45,2
2025-04-10 09:33:35,70.355,70.34,1,70.34,4,70.37,15,70.37,70.34,70.34,4,70.33,5,70.32,3,70.31,6,70.29,5,70.27,9,70.26,1,70.25,10,70.24,2,70.23,3,70.37,15,70.38,2,70.39,2,70.4,3,70.41,9,70.42,5,70.43,4,70.44,1,70.45,2,70.47,7
2025-04-10 09:33:36,70.355,70.34,1,70.34,4,70.37,14,70.37,70.34,70.34,4,70.33,5,70.32,3,70.31,6,70.29,5,70.27,9,70.26,1,70.25,10,70.24,2,70.23,3,70.37,14,70.38,2,70.39,2,70.4,3,70.41,9,70.42,5,70.43,4,70.44,1,70.45,2,70.47,7
2025-04-10 09:33:37,70.355,70.36,1,70.34,6,70.37,17,70.37,70.34,70.34,6,70.33,5,70.32,3,70.31,6,70.29,5,70.27,9,70.26,1,70.25,10,70.24,2,70.23,3,70.37,17,70.38,2,70.39,2,70.4,3,70.41,9,70.42,5,70.43,4,70.44,1,70.45,2,70.47,7
2025-04-10 09:33:38,70.355,70.36,1,70.34,6,70.37,17,70.37,70.34,70.34,6,70.33,5,70.32,3,70.31,6,70.29,5,70.27,9,70.26,1,70.25,10,70.24,2,70.23,3,70.37,17,70.38,2,70.39,2,70.4,3,70.41,9,70.42,5,70.43,4,70.44,1,70.45,2,70.47,7
2025-04-10 09:33:39,70.355,70.36,1,70.34,5,70.37,17,70.37,70.34,70.34,5,70.33,5,70.32,3,70.31,6,70.29,5,70.27,9,70.26,1,70.25,10,70.24,2,70.23,3,70.37,17,70.38,2,70.39,2,70.4,3,70.41,9,70.42,5,70.43,4,70.44,1,70.45,2,70.47,7
2025-04-10 09:33:40,70.355,70.36,1,70.34,5,70.37,17,70.37,70.34,70.34,5,70.33,5,70.32,3,70.31,6,70.29,5,70.27,9,70.26,1,70.25,10,70.24,2,70.23,3,70.37,17,70.38,2,70.39,2,70.4,3,70.41,9,70.42,5,70.43,4,70.44,1,70.45,2,70.47,7
2025-04-10 09:33:41,70.33,70.34,1,70.31,6,70.35,2,70.35,70.31,70.31,6,70.29,5,70.27,9,70.26,1,70.25,10,70.24,2,70.23,3,70.22,3,70.21,3,70.2,2,70.35,2,70.36,6,70.37,19,70.38,2,70.39,2,70.4,3,70.41,9,70.42,5,70.43,4,70.44,1
2025-04-10 09:33:43,70.33,70.31,1,70.31,7,70.35,5,70.35,70.31,70.31,7,70.29,5,70.27,9,70.26,1,70.25,10,70.24,2,70.23,3,70.22,3,70.21,3,70.2,2,70.35,5,70.36,6,70.37,19,70.38,2,70.39,2,70.4,3,70.41,9,70.42,5,70.43,4,70.44,1
2025-04-10 09:33:43,70.33,70.31,1,70.31,7,70.35,5,70.35,70.31,70.31,7,70.29,5,70.27,9,70.26,1,70.25,10,70.24,2,70.23,3,70.22,3,70.21,3,70.2,2,70.35,5,70.36,6,70.37,19,70.38,2,70.39,2,70.4,3,70.41,9,70.42,5,70.43,4,70.44,1
2025-04-10 09:33:44,70.355,70.35,2,70.33,3,70.38,6,70.38,70.33,70.33,3,70.32,1,70.31,7,70.29,5,70.27,9,70.26,1,70.25,10,70.24,2,70.23,3,70.22,3,70.38,6,70.39,2,70.4,3,70.41,9,70.42,5,70.43,4,70.44,1,70.45,2,70.47,7,70.48,7
2025-04-10 09:33:46,70.355,70.36,1,70.33,3,70.38,7,70.38,70.33,70.33,3,70.32,1,70.31,7,70.29,5,70.27,9,70.26,1,70.25,10,70.24,2,70.23,3,70.22,3,70.38,7,70.39,2,70.4,3,70.41,9,70.42,5,70.43,4,70.44,1,70.45,2,70.47,7,70.48,7
2025-04-10 09:33:47,70.355,70.36,1,70.33,3,70.38,7,70.38,70.33,70.33,3,70.32,1,70.31,7,70.29,5,70.27,9,70.26,1,70.25,10,70.24,2,70.23,3,70.22,3,70.38,7,70.39,2,70.4,3,70.41,9,70.42,5,70.43,4,70.44,1,70.45,2,70.47,7,70.48,7
2025-04-10 09:33:47,70.355,70.36,1,70.33,8,70.38,7,70.38,70.33,70.33,8,70.32,1,70.31,7,70.29,5,70.27,9,70.26,1,70.25,10,70.24,2,70.23,3,70.22,3,70.38,7,70.39,2,70.4,3,70.41,9,70.42,5,70.43,4,70.44,1,70.45,2,70.47,7,70.48,7
2025-04-10 09:33:49,70.36,70.36,1,70.33,10,70.39,7,70.39,70.33,70.33,10,70.32,1,70.31,7,70.29,5,70.27,9,70.26,1,70.25,10,70.24,2,70.23,3,70.22,3,70.39,7,70.4,3,70.41,9,70.42,5,70.43,4,70.44,1,70.45,2,70.47,7,70.48,7,70.49,1
2025-04-10 09:33:50,70.345,70.36,1,70.32,3,70.37,4,70.37,70.32,70.32,3,70.31,7,70.29,5,70.27,9,70.26,1,70.25,10,70.24,2,70.23,3,70.22,3,70.21,3,70.37,4,70.38,1,70.39,6,70.4,3,70.41,9,70.42,5,70.43,4,70.44,1,70.45,2,70.47,7
2025-04-10 09:33:50,70.345,70.36,1,70.32,3,70.37,4,70.37,70.32,70.32,3,70.31,7,70.29,5,70.27,9,70.26,1,70.25,10,70.24,2,70.23,3,70.22,3,70.21,3,70.37,4,70.38,1,70.39,6,70.4,3,70.41,9,70.42,5,70.43,4,70.44,1,70.45,2,70.47,7
2025-04-10 09:33:51,70.35,70.35,1,70.33,1,70.37,13,70.37,70.33,70.33,1,70.32,3,70.31,7,70.29,5,70.27,9,70.26,1,70.25,10,70.24,2,70.23,3,70.22,3,70.37,13,70.39,6,70.4,3,70.41,9,70.42,5,70.43,4,70.44,1,70.45,2,70.47,7,70.48,7
2025-04-10 09:33:53,70.345,70.35,1,70.32,4,70.37,13,70.37,70.32,70.32,4,70.31,7,70.29,5,70.27,9,70.26,1,70.25,10,70.24,2,70.23,3,70.22,3,70.21,3,70.37,13,70.39,6,70.4,3,70.41,9,70.42,5,70.43,4,70.44,1,70.45,2,70.47,7,70.48,7
2025-04-10 09:33:53,70.345,70.35,1,70.32,4,70.37,14,70.37,70.32,70.32,4,70.31,7,70.29,5,70.27,9,70.26,1,70.25,10,70.24,2,70.23,3,70.22,3,70.21,3,70.37,14,70.39,6,70.4,3,70.41,9,70.42,5,70.43,4,70.44,1,70.45,2,70.47,7,70.48,7
2025-04-10 09:33:55,70.3,70.29,1,70.28,3,70.32,13,70.32,70.28,70.28,3,70.27,9,70.26,1,70.25,10,70.24,2,70.23,3,70.22,3,70.21,3,70.2,2,70.19,3,70.32,13,70.33,5,70.34,3,70.35,3,70.36,3,70.37,14,70.39,6,70.4,3,70.41,9,70.42,5
2025-04-10 09:33:56,70.3,70.29,1,70.28,2,70.32,14,70.32,70.28,70.28,2,70.27,9,70.26,1,70.25,10,70.24,2,70.23,3,70.22,3,70.21,3,70.2,2,70.19,3,70.32,14,70.33,5,70.34,3,70.35,3,70.36,3,70.37,14,70.39,6,70.4,3,70.41,9,70.42,5
2025-04-10 09:33:57,70.285,70.29,1,70.26,4,70.31,14,70.31,70.26,70.26,4,70.25,7,70.24,4,70.23,9,70.22,3,70.21,3,70.2,2,70.19,3,70.16,6,70.15,3,70.31,14,70.32,14,70.33,5,70.34,3,70.35,3,70.36,3,70.37,14,70.39,6,70.4,3,70.41,9
2025-04-10 09:33:58,70.285,70.28,5,70.27,2,70.3,4,70.3,70.27,70.27,2,70.26,6,70.25,5,70.24,2,70.23,8,70.22,3,70.21,3,70.2,2,70.19,3,70.16,6,70.3,4,70.31,15,70.32,14,70.33,5,70.34,3,70.35,3,70.36,3,70.37,14,70.39,6,70.4,3
2025-04-10 09:33:59,70.275,70.27,1,70.25,6,70.3,4,70.3,70.25,70.25,6,70.24,2,70.23,8,70.22,3,70.21,3,70.2,2,70.19,3,70.16,6,70.15,3,70.14,7,70.3,4,70.31,15,70.32,14,70.33,5,70.34,3,70.35,3,70.36,3,70.37,14,70.39,6,70.4,3
2025-04-10 09:34:00,70.275,70.28,1,70.25,6,70.3,4,70.3,70.25,70.25,6,70.24,2,70.23,8,70.22,3,70.21,3,70.2,2,70.19,3,70.16,6,70.15,3,70.14,7,70.3,4,70.31,15,70.32,14,70.33,5,70.34,3,70.35,3,70.36,3,70.37,14,70.39,6,70.4,3
2025-04-10 09:34:01,70.28,70.28,1,70.25,6,70.31,9,70.31,70.25,70.25,6,70.24,2,70.23,8,70.22,3,70.21,3,70.2,2,70.19,3,70.16,6,70.15,3,70.14,7,70.31,9,70.32,14,70.33,5,70.34,3,70.35,3,70.36,3,70.37,14,70.39,6,70.4,3,70.41,9
2025-04-10 09:34:02,70.28,70.28,1,70.25,6,70.31,9,70.31,70.25,70.25,6,70.24,2,70.23,8,70.22,3,70.21,3,70.2,2,70.19,3,70.16,6,70.15,3,70.14,7,70.31,9,70.32,14,70.33,5,70.34,3,70.35,3,70.36,3,70.37,14,70.39,6,70.4,3,70.41,9
2025-04-10 09:34:02,70.28,70.28,1,70.25,8,70.31,9,70.31,70.25,70.25,8,70.24,2,70.23,8,70.22,3,70.21,3,70.2,2,70.19,3,70.16,6,70.15,3,70.14,7,70.31,9,70.32,14,70.33,5,70.34,3,70.35,3,70.36,3,70.37,14,70.39,6,70.4,3,70.41,9
2025-04-10 09:34:04,70.28,70.28,1,70.25,8,70.31,12,70.31,70.25,70.25,8,70.24,2,70.23,8,70.22,3,70.21,3,70.2,2,70.19,3,70.16,6,70.15,3,70.14,7,70.31,12,70.32,14,70.33,5,70.34,3,70.35,3,70.36,3,70.37,14,70.39,6,70.4,3,70.41,9
2025-04-10 09:34:04,70.28,70.28,1,70.25,8,70.31,12,70.31,70.25,70.25,8,70.24,2,70.23,8,70.22,3,70.21,3,70.2,2,70.19,3,70.16,6,70.15,3,70.14,7,70.31,12,70.32,14,70.33,5,70.34,3,70.35,3,70.36,3,70.37,14,70.39,6,70.4,3,70.41,9
2025-04-10 09:34:06,70.28,70.28,1,70.25,8,70.31,12,70.31,70.25,70.25,8,70.24,2,70.23,8,70.22,3,70.21,3,70.2,2,70.19,3,70.16,6,70.15,3,70.14,7,70.31,12,70.32,14,70.33,5,70.34,3,70.35,3,70.36,3,70.37,14,70.39,6,70.4,3,70.41,9
2025-04-10 09:34:07,70.28,70.28,1,70.25,8,70.31,12,70.31,70.25,70.25,8,70.24,2,70.23,8,70.22,3,70.21,3,70.2,2,70.19,3,70.16,6,70.15,3,70.14,7,70.31,12,70.32,14,70.33,5,70.34,3,70.35,3,70.36,3,70.37,14,70.39,6,70.4,3,70.41,9
2025-04-10 09:34:08,70.28,70.28,1,70.25,8,70.31,14,70.31,70.25,70.25,8,70.24,2,70.23,8,70.22,3,70.21,3,70.2,2,70.19,3,70.16,6,70.15,3,70.14,7,70.31,14,70.32,14,70.33,5,70.34,3,70.35,3,70.36,3,70.37,14,70.39,6,70.4,3,70.41,9
2025-04-10 09:34:09,70.27,70.27,1,70.25,8,70.29,3,70.29,70.25,70.25,8,70.24,2,70.23,8,70.22,3,70.21,3,70.2,2,70.19,3,70.16,6,70.15,3,70.14,7,70.29,3,70.3,1,70.31,15,70.32,14,70.33,5,70.34,3,70.35,3,70.36,3,70.37,14,70.39,6
2025-04-10 09:34:10,70.23,70.23,1,70.21,5,70.25,8,70.25,70.21,70.21,5,70.2,2,70.19,3,70.16,6,70.15,3,70.14,7,70.13,6,70.12,4,70.11,5,70.1,7,70.25,8,70.26,2,70.27,5,70.28,2,70.29,3,70.3,1,70.31,15,70.32,14,70.33,5,70.34,3
2025-04-10 09:34:11,70.195,70.2,1,70.16,8,70.23,6,70.23,70.16,70.16,8,70.15,3,70.14,7,70.13,6,70.12,4,70.11,5,70.1,7,70.09,3,70.08,10,70.07,6,70.23,6,70.25,8,70.26,2,70.27,5,70.28,2,70.29,3,70.3,1,70.31,15,70.32,14,70.33,5
2025-04-10 09:34:12,70.195,70.2,1,70.16,8,70.23,5,70.23,70.16,70.16,8,70.15,3,70.14,7,70.13,6,70.12,4,70.11,5,70.1,7,70.09,3,70.08,10,70.07,6,70.23,5,70.25,8,70.26,2,70.27,5,70.28,2,70.29,3,70.3,1,70.31,15,70.32,14,70.33,5
2025-04-10 09:34:13,70.195,70.19,2,70.16,8,70.23,4,70.23,70.16,70.16,8,70.15,3,70.14,7,70.13,6,70.12,4,70.11,5,70.1,7,70.09,3,70.08,10,70.07,6,70.23,4,70.25,8,70.26,2,70.27,5,70.28,2,70.29,3,70.3,1,70.31,15,70.32,14,70.33,5
2025-04-10 09:34:14,70.195,70.16,1,70.16,8,70.23,3,70.23,70.16,70.16,8,70.15,3,70.14,7,70.13,6,70.12,4,70.11,5,70.1,7,70.09,3,70.08,10,70.07,6,70.23,3,70.25,8,70.26,2,70.27,5,70.28,2,70.29,3,70.3,1,70.31,15,70.32,14,70.33,5
2025-04-10 09:34:15,70.245,70.24,1,70.22,3,70.27,10,70.27,70.22,70.22,3,70.21,5,70.19,1,70.16,14,70.15,3,70.14,7,70.13,6,70.12,4,70.11,5,70.1,7,70.27,10,70.28,2,70.29,3,70.3,1,70.31,15,70.32,14,70.33,5,70.34,3,70.35,3,70.36,3
2025-04-10 09:34:16,70.255,70.25,1,70.24,2,70.27,12,70.27,70.24,70.24,2,70.22,3,70.21,5,70.19,1,70.16,14,70.15,3,70.14,7,70.13,6,70.12,4,70.11,5,70.27,12,70.28,2,70.29,3,70.3,1,70.31,15,70.32,14,70.33,5,70.34,3,70.35,3,70.36,3
2025-04-10 09:34:17,70.24,70.27,10,70.22,9,70.26,1,70.26,70.22,70.22,9,70.21,5,70.19,1,70.16,14,70.15,3,70.14,7,70.13,6,70.12,4,70.11,5,70.1,7,70.26,1,70.27,8,70.28,2,70.29,3,70.3,1,70.31,15,70.32,14,70.33,5,70.34,3,70.35,3
2025-04-10 09:34:18,70.24,70.27,10,70.22,9,70.26,1,70.26,70.22,70.22,9,70.21,5,70.19,1,70.16,14,70.15,3,70.14,7,70.13,6,70.12,4,70.11,5,70.1,7,70.26,1,70.27,8,70.28,2,70.29,3,70.3,1,70.31,15,70.32,14,70.33,5,70.34,3,70.35,3
2025-04-10 09:34:19,70.245,70.26,1,70.22,9,70.27,8,70.27,70.22,70.22,9,70.21,5,70.19,1,70.16,14,70.15,3,70.14,7,70.13,6,70.12,4,70.11,5,70.1,7,70.27,8,70.28,2,70.29,3,70.3,1,70.31,15,70.32,14,70.33,5,70.34,3,70.35,3,70.36,3
2025-04-10 09:34:20,70.255,70.27,1,70.24,1,70.27,9,70.27,70.24,70.24,1,70.22,9,70.21,5,70.19,1,70.16,14,70.15,3,70.14,7,70.13,6,70.12,4,70.11,5,70.27,9,70.28,2,70.29,3,70.3,1,70.31,15,70.32,14,70.33,5,70.34,3,70.35,3,70.36,3
2025-04-10 09:34:21,70.32,70.34,1,70.31,5,70.33,2,70.33,70.31,70.31,5,70.3,1,70.28,6,70.27,3,70.26,3,70.25,2,70.24,2,70.22,9,70.21,5,70.19,1,70.33,2,70.34,2,70.35,1,70.36,3,70.37,15,70.39,6,70.4,3,70.41,9,70.42,5,70.43,4
2025-04-10 09:34:22,70.305,70.31,2,70.28,6,70.33,4,70.33,70.28,70.28,6,70.27,3,70.26,3,70.25,2,70.24,2,70.22,9,70.21,5,70.19,1,70.16,14,70.15,3,70.33,4,70.34,2,70.35,1,70.36,3,70.37,15,70.39,6,70.4,3,70.41,9,70.42,5,70.43,4
2025-04-10 09:34:23,70.305,70.32,1,70.28,6,70.33,10,70.33,70.28,70.28,6,70.27,3,70.26,3,70.25,2,70.24,2,70.22,9,70.21,5,70.19,1,70.16,14,70.15,3,70.33,10,70.34,2,70.35,1,70.36,3,70.37,15,70.39,6,70.4,3,70.41,9,70.42,5,70.43,4
2025-04-10 09:34:24,70.255,70.27,1,70.23,1,70.28,2,70.28,70.23,70.23,1,70.22,9,70.21,5,70.19,1,70.16,14,70.15,3,70.14,7,70.13,6,70.12,4,70.11,5,70.28,2,70.29,7,70.3,2,70.31,1,70.32,3,70.33,10,70.34,2,70.35,1,70.36,3,70.37,15
2025-04-10 09:34:25,70.265,70.26,2,70.24,4,70.29,11,70.29,70.24,70.24,4,70.23,1,70.22,9,70.21,5,70.19,1,70.16,14,70.15,3,70.14,7,70.13,6,70.12,4,70.29,11,70.3,2,70.31,1,70.32,3,70.33,10,70.34,2,70.35,1,70.36,3,70.37,15,70.39,6
2025-04-10 09:34:26,70.265,70.26,2,70.24,4,70.29,11,70.29,70.24,70.24,4,70.23,1,70.22,9,70.21,5,70.19,1,70.16,14,70.15,3,70.14,7,70.13,6,70.12,4,70.29,11,70.3,2,70.31,1,70.32,3,70.33,10,70.34,2,70.35,1,70.36,3,70.37,15,70.39,6
2025-04-10 09:34:27,70.305,70.33,1,70.28,6,70.33,9,70.33,70.28,70.28,6,70.27,3,70.26,2,70.25,3,70.24,4,70.23,1,70.22,9,70.21,5,70.19,1,70.16,14,70.33,9,70.34,2,70.35,1,70.36,3,70.37,15,70.39,6,70.4,3,70.41,9,70.42,5,70.43,4
2025-04-10 09:34:28,70.33,70.34,1,70.31,3,70.35,4,70.35,70.31,70.31,3,70.3,1,70.29,2,70.28,5,70.27,3,70.26,2,70.25,3,70.24,4,70.23,1,70.22,9,70.35,4,70.36,3,70.37,15,70.39,6,70.4,3,70.41,9,70.42,5,70.43,4,70.44,1,70.45,2
2025-04-10 09:34:29,70.325,70.33,1,70.3,3,70.35,5,70.35,70.3,70.3,3,70.29,2,70.28,5,70.27,3,70.26,2,70.25,3,70.24,4,70.23,1,70.22,9,70.21,5,70.35,5,70.36,3,70.37,15,70.39,6,70.4,3,70.41,9,70.42,5,70.43,4,70.44,1,70.45,2
2025-04-10 09:34:30,70.325,70.33,1,70.3,3,70.35,5,70.35,70.3,70.3,3,70.29,2,70.28,5,70.27,3,70.26,2,70.25,3,70.24,4,70.23,1,70.22,9,70.21,5,70.35,5,70.36,3,70.37,15,70.39,6,70.4,3,70.41,9,70.42,5,70.43,4,70.44,1,70.45,2
2025-04-10 09:34:31,70.29,70.29,1,70.26,9,70.32,7,70.32,70.26,70.26,9,70.25,3,70.24,4,70.23,1,70.22,9,70.21,5,70.19,1,70.16,14,70.15,3,70.14,7,70.32,7,70.34,1,70.35,5,70.36,3,70.37,15,70.39,6,70.4,3,70.41,9,70.42,5,70.43,4
2025-04-10 09:34:32,70.285,70.28,1,70.25,9,70.32,8,70.32,70.25,70.25,9,70.24,4,70.23,1,70.22,9,70.21,5,70.19,1,70.16,14,70.15,3,70.14,7,70.13,6,70.32,8,70.34,1,70.35,5,70.36,3,70.37,15,70.39,6,70.4,3,70.41,9,70.42,5,70.43,4
2025-04-10 09:34:33,70.285,70.3,5,70.25,9,70.32,16,70.32,70.25,70.25,9,70.24,4,70.23,1,70.22,9,70.21,5,70.19,1,70.16,14,70.15,3,70.14,7,70.13,6,70.32,16,70.34,1,70.35,5,70.36,3,70.37,15,70.39,6,70.4,3,70.41,9,70.42,5,70.43,4
2025-04-10 09:34:34,70.28,70.3,5,70.25,9,70.31,6,70.31,70.25,70.25,9,70.24,4,70.23,1,70.22,9,70.21,5,70.19,1,70.16,14,70.15,3,70.14,7,70.13,6,70.31,6,70.32,15,70.34,1,70.35,5,70.36,3,70.37,15,70.39,6,70.4,3,70.41,9,70.42,5
2025-04-10 09:34:35,70.27,70.28,1,70.24,5,70.3,13,70.3,70.24,70.24,5,70.23,1,70.22,9,70.21,5,70.19,1,70.16,14,70.15,3,70.14,7,70.13,6,70.12,4,70.3,13,70.31,6,70.32,15,70.34,1,70.35,5,70.36,3,70.37,15,70.39,6,70.4,3,70.41,9
2025-04-10 09:34:36,70.27,70.28,1,70.24,5,70.3,13,70.3,70.24,70.24,5,70.23,1,70.22,9,70.21,5,70.19,1,70.16,14,70.15,3,70.14,7,70.13,6,70.12,4,70.3,13,70.31,6,70.32,15,70.34,1,70.35,5,70.36,3,70.37,15,70.39,6,70.4,3,70.41,9
2025-04-10 09:34:37,70.27,70.28,1,70.24,5,70.3,13,70.3,70.24,70.24,5,70.23,1,70.22,9,70.21,5,70.19,1,70.16,14,70.15,3,70.14,7,70.13,6,70.12,4,70.3,13,70.31,6,70.32,15,70.34,1,70.35,5,70.36,3,70.37,15,70.39,6,70.4,3,70.41,9
2025-04-10 09:34:38,70.27,70.28,1,70.24,5,70.3,13,70.3,70.24,70.24,5,70.23,1,70.22,9,70.21,5,70.19,1,70.16,14,70.15,3,70.14,7,70.13,6,70.12,4,70.3,13,70.31,6,70.32,15,70.34,1,70.35,5,70.36,3,70.37,15,70.39,6,70.4,3,70.41,9
2025-04-10 09:34:39,70.27,70.3,1,70.24,5,70.3,13,70.3,70.24,70.24,5,70.23,1,70.22,9,70.21,5,70.19,1,70.16,14,70.15,3,70.14,7,70.13,6,70.12,4,70.3,13,70.31,6,70.32,15,70.34,1,70.35,5,70.36,3,70.37,15,70.39,6,70.4,3,70.41,9
2025-04-10 09:34:40,70.255,70.27,1,70.24,5,70.27,1,70.27,70.24,70.24,5,70.23,1,70.22,9,70.21,5,70.19,1,70.16,14,70.15,3,70.14,7,70.13,6,70.12,4,70.27,1,70.28,1,70.29,2,70.3,14,70.31,6,70.32,15,70.34,1,70.35,5,70.36,3,70.37,15
2025-04-10 09:34:41,70.255,70.25,1,70.24,5,70.27,1,70.27,70.24,70.24,5,70.23,1,70.22,9,70.21,5,70.19,1,70.16,14,70.15,3,70.14,7,70.13,6,70.12,4,70.27,1,70.28,1,70.29,2,70.3,14,70.31,6,70.32,15,70.34,1,70.35,5,70.36,3,70.37,15
2025-04-10 09:34:42,70.27,70.27,1,70.25,6,70.29,3,70.29,70.25,70.25,6,70.24,5,70.23,1,70.22,9,70.21,5,70.19,1,70.16,14,70.15,3,70.14,7,70.13,6,70.29,3,70.3,14,70.31,6,70.32,15,70.34,1,70.35,5,70.36,3,70.37,15,70.39,6,70.4,3
2025-04-10 09:34:43,70.27,70.27,1,70.25,7,70.29,5,70.29,70.25,70.25,7,70.24,5,70.23,1,70.22,9,70.21,5,70.19,1,70.16,14,70.15,3,70.14,7,70.13,6,70.29,5,70.3,14,70.31,6,70.32,15,70.34,1,70.35,5,70.36,3,70.37,15,70.39,6,70.4,3
2025-04-10 09:34:44,70.27,70.27,1,70.25,7,70.29,3,70.29,70.25,70.25,7,70.24,5,70.23,1,70.22,9,70.21,5,70.19,1,70.16,14,70.15,3,70.14,7,70.13,6,70.29,3,70.3,14,70.31,6,70.32,15,70.34,1,70.35,5,70.36,3,70.37,15,70.39,6,70.4,3
2025-04-10 09:34:45,70.27,70.27,1,70.25,7,70.29,4,70.29,70.25,70.25,7,70.24,5,70.23,1,70.22,9,70.21,5,70.19,1,70.16,14,70.15,3,70.14,7,70.13,6,70.29,4,70.3,14,70.31,6,70.32,15,70.34,1,70.35,5,70.36,3,70.37,15,70.39,6,70.4,3
2025-04-10 09:34:46,70.245,70.25,1,70.22,10,70.27,3,70.27,70.22,70.22,10,70.21,5,70.19,1,70.16,14,70.15,3,70.14,7,70.13,6,70.12,4,70.11,5,70.1,7,70.27,3,70.28,2,70.29,9,70.3,14,70.31,6,70.32,15,70.34,1,70.35,5,70.36,3,70.37,15
2025-04-10 09:34:47,70.23,70.25,1,70.21,5,70.25,1,70.25,70.21,70.21,5,70.19,1,70.16,14,70.15,3,70.14,7,70.13,6,70.12,4,70.11,5,70.1,7,70.09,3,70.25,1,70.26,3,70.27,9,70.28,2,70.29,9,70.3,14,70.31,6,70.32,15,70.34,1,70.35,5
2025-04-10 09:34:48,70.225,70.21,1,70.21,5,70.24,2,70.24,70.21,70.21,5,70.19,1,70.16,14,70.15,3,70.14,7,70.13,6,70.12,4,70.11,5,70.1,7,70.09,3,70.24,2,70.25,3,70.26,3,70.27,9,70.28,2,70.29,9,70.3,14,70.31,6,70.32,15,70.34,1
2025-04-10 09:34:49,70.25,70.24,1,70.23,3,70.27,9,70.27,70.23,70.23,3,70.22,1,70.21,5,70.19,1,70.16,14,70.15,3,70.14,7,70.13,6,70.12,4,70.11,5,70.27,9,70.28,2,70.29,9,70.3,14,70.31,6,70.32,15,70.34,1,70.35,5,70.36,3,70.37,15
2025-04-10 09:34:50,70.25,70.24,1,70.23,3,70.27,8,70.27,70.23,70.23,3,70.22,1,70.21,5,70.19,1,70.16,14,70.15,3,70.14,7,70.13,6,70.12,4,70.11,5,70.27,8,70.28,2,70.29,9,70.3,14,70.31,6,70.32,15,70.34,1,70.35,5,70.36,3,70.37,15
2025-04-10 09:34:51,70.25,70.23,1,70.23,3,70.27,8,70.27,70.23,70.23,3,70.22,1,70.21,5,70.19,1,70.16,14,70.15,3,70.14,7,70.13,6,70.12,4,70.11,5,70.27,8,70.28,2,70.29,9,70.3,14,70.31,6,70.32,15,70.34,1,70.35,5,70.36,3,70.37,15
2025-04-10 09:34:52,70.25,70.25,1,70.23,3,70.27,8,70.27,70.23,70.23,3,70.22,1,70.21,5,70.19,1,70.16,14,70.15,3,70.14,7,70.13,6,70.12,4,70.11,5,70.27,8,70.28,2,70.29,9,70.3,14,70.31,6,70.32,15,70.34,1,70.35,5,70.36,3,70.37,15
2025-04-10 09:34:53,70.22,70.23,1,70.2,11,70.24,7,70.24,70.2,70.2,11,70.19,1,70.16,14,70.15,3,70.14,7,70.13,6,70.12,4,70.11,5,70.1,7,70.09,3,70.24,7,70.25,4,70.26,3,70.27,15,70.28,2,70.29,9,70.3,14,70.31,6,70.32,15,70.34,1
2025-04-10 09:34:54,70.18,70.18,1,70.16,8,70.2,5,70.2,70.16,70.16,8,70.14,7,70.13,6,70.12,4,70.11,5,70.1,7,70.09,3,70.08,10,70.07,6,70.06,3,70.2,5,70.21,3,70.23,5,70.24,16,70.25,4,70.26,3,70.27,15,70.28,2,70.29,9,70.3,14
2025-04-10 09:34:55,70.14,70.13,1,70.12,10,70.16,8,70.16,70.12,70.12,10,70.11,5,70.1,7,70.09,3,70.08,10,70.07,6,70.06,3,70.05,6,,,,,70.16,8,70.17,4,70.18,7,70.19,2,70.2,5,70.21,3,70.23,5,70.24,16,70.25,4,70.26,3
2025-04-10 09:34:56,70.135,70.14,1,70.11,6,70.16,9,70.16,70.11,70.11,6,70.1,7,70.09,3,70.08,10,70.07,6,70.06,3,70.05,6,,,,,,,70.16,9,70.17,4,70.18,7,70.19,2,70.2,5,70.21,3,70.23,5,70.24,16,70.25,4,70.26,3
2025-04-10 09:34:57,70.135,70.14,1,70.11,6,70.16,9,70.16,70.11,70.11,6,70.1,7,70.09,3,70.08,10,70.07,6,70.06,3,70.05,6,,,,,,,70.16,9,70.17,4,70.18,7,70.19,2,70.2,5,70.21,3,70.23,5,70.24,16,70.25,4,70.26,3
2025-04-10 09:34:58,70.135,70.14,1,70.11,6,70.16,8,70.16,70.11,70.11,6,70.1,7,70.09,3,70.08,10,70.07,6,70.06,3,70.05,6,,,,,,,70.16,8,70.17,4,70.18,7,70.19,2,70.2,5,70.21,3,70.23,5,70.24,16,70.25,4,70.26,3
2025-04-10 09:34:59,70.105,70.1,1,70.08,9,70.13,8,70.13,70.08,70.08,9,70.07,6,70.06,3,70.05,6,,,,,,,,,,,,,70.13,8,70.14,13,70.15,1,70.16,8,70.17,4,70.18,7,70.19,2,70.2,5,70.21,3,70.23,5
2025-04-10 09:35:00,70.105,70.12,1,70.08,9,70.13,8,70.13,70.08,70.08,9,70.07,6,70.06,3,70.05,6,,,,,,,,,,,,,70.13,8,70.14,13,70.15,1,70.16,8,70.17,4,70.18,7,70.19,2,70.2,5,70.21,3,70.23,5
2025-04-10 09:35:01,70.11,70.13,1,70.09,8,70.13,3,70.13,70.09,70.09,8,70.08,9,70.07,6,70.06,3,70.05,6,,,,,,,,,,,70.13,3,70.14,17,70.15,1,70.16,8,70.17,4,70.18,7,70.19,2,70.2,5,70.21,3,70.23,5
2025-04-10 09:35:02,70.11,70.11,1,70.09,7,70.13,3,70.13,70.09,70.09,7,70.08,9,70.07,6,70.06,3,70.05,6,,,,,,,,,,,70.13,3,70.14,17,70.15,1,70.16,8,70.17,4,70.18,7,70.19,2,70.2,5,70.21,3,70.23,5
2025-04-10 09:35:03,70.13,70.13,1,70.11,3,70.15,8,70.15,70.11,70.11,3,70.1,3,70.09,7,70.08,9,70.07,6,70.06,3,70.05,6,,,,,,,70.15,8,70.16,8,70.17,4,70.18,7,70.19,2,70.2,5,70.21,3,70.23,5,70.24,16,70.25,4
2025-04-10 09:35:04,70.095,70.1,2,70.08,9,70.11,6,70.11,70.08,70.08,9,70.07,6,70.06,3,70.05,6,,,,,,,,,,,,,70.11,6,70.12,3,70.13,2,70.14,4,70.15,9,70.16,8,70.17,4,70.18,7,70.19,2,70.2,5
2025-04-10 09:35:05,70.12,70.12,2,70.11,2,70.13,1,70.13,70.11,70.11,2,70.1,7,70.09,4,70.08,10,70.07,6,70.06,3,70.05,6,,,,,,,70.13,1,70.14,3,70.15,9,70.16,8,70.17,4,70.18,7,70.19,2,70.2,5,70.21,3,70.23,5
2025-04-10 09:35:06,70.135,70.12,1,70.12,2,70.15,12,70.15,70.12,70.12,2,70.11,2,70.1,7,70.09,4,70.08,10,70.07,6,70.06,3,70.05,6,,,,,70.15,12,70.16,8,70.17,4,70.18,7,70.19,2,70.2,5,70.21,3,70.23,5,70.24,16,70.25,4
2025-04-10 09:35:07,70.13,70.15,5,70.12,2,70.14,1,70.14,70.12,70.12,2,70.11,2,70.1,7,70.09,4,70.08,10,70.07,6,70.06,3,70.05,6,,,,,70.14,1,70.15,14,70.16,8,70.17,4,70.18,7,70.19,2,70.2,5,70.21,3,70.23,5,70.24,16
2025-04-10 09:35:08,70.125,70.13,1,70.11,1,70.14,4,70.14,70.11,70.11,1,70.1,8,70.09,4,70.08,10,70.07,6,70.06,3,70.05,6,,,,,,,70.14,4,70.15,14,70.16,8,70.17,4,70.18,7,70.19,2,70.2,5,70.21,3,70.23,5,70.24,16
2025-04-10 09:35:09,70.125,70.13,1,70.11,1,70.14,4,70.14,70.11,70.11,1,70.1,8,70.09,4,70.08,10,70.07,6,70.06,3,70.05,6,,,,,,,70.14,4,70.15,14,70.16,8,70.17,4,70.18,7,70.19,2,70.2,5,70.21,3,70.23,5,70.24,16
2025-04-10 09:35:10,70.125,70.13,1,70.11,1,70.14,5,70.14,70.11,70.11,1,70.1,8,70.09,4,70.08,10,70.07,6,70.06,3,70.05,6,,,,,,,70.14,5,70.15,14,70.16,8,70.17,4,70.18,7,70.19,2,70.2,5,70.21,3,70.23,5,70.24,16
2025-04-10 09:35:11,70.095,70.08,1,70.07,5,70.12,4,70.12,70.07,70.07,5,70.06,3,70.05,6,,,,,,,,,,,,,,,70.12,4,70.13,10,70.14,11,70.15,14,70.16,8,70.17,4,70.18,7,70.19,2,70.2,5,70.21,3
2025-04-10 09:35:12,70.095,70.08,1,70.07,5,70.12,4,70.12,70.07,70.07,5,70.06,3,70.05,6,,,,,,,,,,,,,,,70.12,4,70.13,10,70.14,11,70.15,14,70.16,8,70.17,4,70.18,7,70.19,2,70.2,5,70.21,3
2025-04-10 09:35:13,70.08,70.08,1,70.06,8,70.1,3,70.1,70.06,70.06,8,70.05,6,,,,,,,,,,,,,,,,,70.1,3,70.11,3,70.12,4,70.13,10,70.14,11,70.15,14,70.16,8,70.17,4,70.18,7,70.19,2
2025-04-10 09:35:14,70.07,70.06,1,70.06,2,70.08,1,70.08,70.06,70.06,2,70.05,5,,,,,,,,,,,,,,,,,70.08,1,70.09,7,70.1,3,70.11,3,70.12,4,70.13,10,70.14,11,70.15,14,70.16,8,70.17,4
2025-04-10 09:35:15,70.1,70.09,1,70.09,4,70.11,7,70.11,70.09,70.09,4,70.08,6,70.07,2,70.06,2,70.05,5,,,,,,,,,,,70.11,7,70.12,4,70.13,10,70.14,11,70.15,14,70.16,8,70.17,4,70.18,7,70.19,2,70.2,5
2025-04-10 09:35:16,70.1,70.1,1,70.09,3,70.11,6,70.11,70.09,70.09,3,70.08,1,70.06,2,70.05,5,,,,,,,,,,,,,70.11,6,70.12,4,70.13,10,70.14,11,70.15,14,70.16,8,70.17,4,70.18,7,70.19,2,70.2,5
2025-04-10 09:35:17,70.105,70.11,1,70.07,9,70.14,12,70.14,70.07,70.07,9,70.06,7,70.05,5,,,,,,,,,,,,,,,70.14,12,70.15,14,70.16,8,70.17,4,70.18,7,70.19,2,70.2,5,70.21,3,70.23,5,70.24,16
2025-04-10 09:35:18,70.105,70.11,1,70.07,9,70.14,13,70.14,70.07,70.07,9,70.06,7,70.05,5,,,,,,,,,,,,,,,70.14,13,70.15,14,70.16,8,70.17,4,70.18,7,70.19,2,70.2,5,70.21,3,70.23,5,70.24,16
2025-04-10 09:35:19,70.14,70.14,1,70.12,5,70.16,8,70.16,70.12,70.12,5,70.11,3,70.07,9,70.06,7,70.05,5,,,,,,,,,,,70.16,8,70.17,4,70.18,7,70.19,2,70.2,5,70.21,3,70.23,5,70.24,16,70.25,4,70.26,3
2025-04-10 09:35:20,70.145,70.14,1,70.12,4,70.17,7,70.17,70.12,70.12,4,70.11,3,70.07,9,70.06,7,70.05,5,,,,,,,,,,,70.17,7,70.18,7,70.19,2,70.2,5,70.21,3,70.23,5,70.24,16,70.25,4,70.26,3,70.27,15
2025-04-10 09:35:21,70.145,70.14,1,70.12,4,70.17,7,70.17,70.12,70.12,4,70.11,3,70.07,9,70.06,7,70.05,5,,,,,,,,,,,70.17,7,70.18,7,70.19,2,70.2,5,70.21,3,70.23,5,70.24,16,70.25,4,70.26,3,70.27,15
2025-04-10 09:35:22,70.16,70.14,1,70.14,1,70.18,7,70.18,70.14,70.14,1,70.12,5,70.11,3,70.07,9,70.06,7,70.05,5,,,,,,,,,70.18,7,70.19,2,70.2,5,70.21,3,70.23,5,70.24,16,70.25,4,70.26,3,70.27,15,70.28,2
2025-04-10 09:35:23,70.16,70.14,1,70.14,1,70.18,7,70.18,70.14,70.14,1,70.12,5,70.11,3,70.07,9,70.06,7,70.05,5,,,,,,,,,70.18,7,70.19,2,70.2,5,70.21,3,70.23,5,70.24,16,70.25,4,70.26,3,70.27,15,70.28,2
2025-04-10 09:35:24,70.16,70.14,1,70.14,1,70.18,7,70.18,70.14,70.14,1,70.12,5,70.11,3,70.07,9,70.06,7,70.05,5,,,,,,,,,70.18,7,70.19,2,70.2,5,70.21,3,70.23,5,70.24,16,70.25,4,70.26,3,70.27,15,70.28,2
2025-04-10 09:35:25,70.16,70.14,1,70.14,1,70.18,7,70.18,70.14,70.14,1,70.12,6,70.11,3,70.07,9,70.06,7,70.05,5,,,,,,,,,70.18,7,70.19,2,70.2,5,70.21,3,70.23,5,70.24,16,70.25,4,70.26,3,70.27,15,70.28,2
2025-04-10 09:35:26,70.16,70.14,1,70.14,4,70.18,7,70.18,70.14,70.14,4,70.12,6,70.11,3,70.07,9,70.06,7,70.05,5,,,,,,,,,70.18,7,70.19,2,70.2,5,70.21,3,70.23,5,70.24,16,70.25,4,70.26,3,70.27,15,70.28,2
2025-04-10 09:35:27,70.16,70.14,1,70.14,2,70.18,7,70.18,70.14,70.14,2,70.12,6,70.11,3,70.07,9,70.06,7,70.05,5,,,,,,,,,70.18,7,70.19,2,70.2,5,70.21,3,70.23,5,70.24,16,70.25,4,70.26,3,70.27,15,70.28,2
2025-04-10 09:35:28,70.18,70.18,1,70.16,4,70.2,5,70.2,70.16,70.16,4,70.15,3,70.14,6,70.12,6,70.11,3,70.07,9,70.06,7,70.05,5,,,,,70.2,5,70.21,3,70.23,5,70.24,16,70.25,4,70.26,3,70.27,15,70.28,2,70.29,9,70.3,14
2025-04-10 09:35:29,70.18,70.18,1,70.16,4,70.2,5,70.2,70.16,70.16,4,70.15,3,70.14,6,70.12,6,70.11,3,70.07,9,70.06,7,70.05,5,,,,,70.2,5,70.21,3,70.23,5,70.24,16,70.25,4,70.26,3,70.27,15,70.28,2,70.29,9,70.3,14
2025-04-10 09:35:30,70.18,70.18,1,70.16,9,70.2,8,70.2,70.16,70.16,9,70.15,3,70.14,6,70.12,6,70.11,3,70.07,9,70.06,7,70.05,5,,,,,70.2,8,70.21,7,70.23,5,70.24,16,70.25,4,70.26,3,70.27,15,70.28,2,70.29,9,70.3,14
2025-04-10 09:35:31,70.175,70.18,1,70.15,3,70.2,5,70.2,70.15,70.15,3,70.14,6,70.12,6,70.11,3,70.07,9,70.06,7,70.05,5,,,,,,,70.2,5,70.21,7,70.23,5,70.24,16,70.25,4,70.26,3,70.27,15,70.28,2,70.29,9,70.3,14
2025-04-10 09:35:32,70.175,70.18,1,70.15,3,70.2,5,70.2,70.15,70.15,3,70.14,6,70.12,6,70.11,3,70.07,9,70.06,7,70.05,5,,,,,,,70.2,5,70.21,7,70.23,5,70.24,16,70.25,4,70.26,3,70.27,15,70.28,2,70.29,9,70.3,14
2025-04-10 09:35:33,70.175,70.15,2,70.15,5,70.2,5,70.2,70.15,70.15,5,70.14,6,70.12,6,70.11,3,70.07,9,70.06,7,70.05,5,,,,,,,70.2,5,70.21,7,70.23,5,70.24,16,70.25,4,70.26,3,70.27,15,70.28,2,70.29,9,70.3,14
2025-04-10 09:35:34,70.175,70.15,2,70.15,5,70.2,5,70.2,70.15,70.15,5,70.14,6,70.12,6,70.11,3,70.07,9,70.06,7,70.05,5,,,,,,,70.2,5,70.21,7,70.23,5,70.24,16,70.25,4,70.26,3,70.27,15,70.28,2,70.29,9,70.3,14
2025-04-10 09:35:35,70.175,70.15,2,70.15,5,70.2,5,70.2,70.15,70.15,5,70.14,6,70.12,6,70.11,3,70.07,9,70.06,7,70.05,5,,,,,,,70.2,5,70.21,7,70.23,5,70.24,16,70.25,4,70.26,3,70.27,15,70.28,2,70.29,9,70.3,14
2025-04-10 09:35:36,70.175,70.15,2,70.15,4,70.2,6,70.2,70.15,70.15,4,70.14,6,70.12,6,70.11,3,70.07,9,70.06,7,70.05,5,,,,,,,70.2,6,70.21,7,70.23,5,70.24,16,70.25,4,70.26,3,70.27,15,70.28,2,70.29,9,70.3,14
2025-04-10 09:35:37,70.175,70.15,2,70.15,10,70.2,6,70.2,70.15,70.15,10,70.14,6,70.12,6,70.11,3,70.07,9,70.06,7,70.05,5,,,,,,,70.2,6,70.21,7,70.23,5,70.24,16,70.25,4,70.26,3,70.27,15,70.28,2,70.29,9,70.3,14
2025-04-10 09:35:38,70.175,70.2,5,70.15,10,70.2,6,70.2,70.15,70.15,10,70.14,6,70.12,6,70.11,3,70.07,9,70.06,7,70.05,5,,,,,,,70.2,6,70.21,7,70.23,5,70.24,16,70.25,4,70.26,3,70.27,15,70.28,2,70.29,9,70.3,14
2025-04-10 09:35:39,70.17,70.2,5,70.15,10,70.19,2,70.19,70.15,70.15,10,70.14,6,70.12,6,70.11,3,70.07,9,70.06,7,70.05,5,,,,,,,70.19,2,70.2,5,70.21,7,70.23,5,70.24,16,70.25,4,70.26,3,70.27,15,70.28,2,70.29,9
2025-04-10 09:35:40,70.17,70.2,5,70.15,10,70.19,2,70.19,70.15,70.15,10,70.14,6,70.12,6,70.11,3,70.07,9,70.06,7,70.05,5,,,,,,,70.19,2,70.2,5,70.21,7,70.23,5,70.24,16,70.25,4,70.26,3,70.27,15,70.28,2,70.29,9
2025-04-10 09:35:41,70.17,70.2,5,70.15,10,70.19,2,70.19,70.15,70.15,10,70.14,6,70.12,6,70.11,3,70.07,9,70.06,7,70.05,5,,,,,,,70.19,2,70.2,5,70.21,7,70.23,5,70.24,16,70.25,4,70.26,3,70.27,15,70.28,2,70.29,9
2025-04-10 09:35:42,70.17,70.2,5,70.15,10,70.19,2,70.19,70.15,70.15,10,70.14,6,70.12,6,70.11,3,70.07,9,70.06,7,70.05,5,,,,,,,70.19,2,70.2,5,70.21,7,70.23,5,70.24,16,70.25,4,70.26,3,70.27,15,70.28,2,70.29,9
2025-04-10 09:35:43,70.17,70.2,5,70.15,10,70.19,2,70.19,70.15,70.15,10,70.14,6,70.12,6,70.11,3,70.07,9,70.06,7,70.05,5,,,,,,,70.19,2,70.2,5,70.21,7,70.23,5,70.24,16,70.25,4,70.26,3,70.27,15,70.28,2,70.29,9
2025-04-10 09:35:44,70.165,70.2,5,70.14,9,70.19,4,70.19,70.14,70.14,9,70.12,6,70.11,3,70.07,9,70.06,7,70.05,5,,,,,,,,,70.19,4,70.2,5,70.21,7,70.23,5,70.24,16,70.25,4,70.26,3,70.27,15,70.28,2,70.29,9
2025-04-10 09:35:45,70.165,70.2,5,70.14,10,70.19,4,70.19,70.14,70.14,10,70.12,6,70.11,3,70.07,9,70.06,7,70.05,5,,,,,,,,,70.19,4,70.2,5,70.21,7,70.23,5,70.24,16,70.25,4,70.26,3,70.27,15,70.28,2,70.29,9
2025-04-10 09:35:46,70.235,70.2,2,70.21,3,70.26,5,70.26,70.21,70.21,3,70.2,3,70.18,2,70.17,4,70.16,5,70.15,7,70.14,10,70.12,6,70.11,3,70.07,9,70.26,5,70.27,15,70.28,2,70.29,9,70.3,14,70.31,6,70.32,15,70.34,1,70.35,5,70.36,3
2025-04-10 09:35:47,70.27,70.26,1,70.25,12,70.29,10,70.29,70.25,70.25,12,70.24,2,70.23,2,70.22,11,70.21,4,70.2,3,70.18,2,70.17,4,70.16,5,70.15,7,70.29,10,70.3,14,70.31,6,70.32,15,70.34,1,70.35,5,70.36,3,70.37,15,70.39,6,70.4,3
2025-04-10 09:35:48,70.285,70.25,14,70.27,4,70.3,32,70.3,70.27,70.27,4,70.26,4,70.25,14,70.24,2,70.23,2,70.22,11,70.21,4,70.2,3,70.18,2,70.17,4,70.3,32,70.31,6,70.32,15,70.34,1,70.35,5,70.36,3,70.37,15,70.39,6,70.4,3,70.41,9
2025-04-10 09:35:49,70.305,70.3,32,70.28,6,70.33,4,70.33,70.28,70.28,6,70.26,9,70.25,14,70.24,2,70.23,2,70.22,11,70.21,4,70.2,3,70.18,2,70.17,4,70.33,4,70.34,1,70.35,5,70.36,3,70.37,15,70.39,6,70.4,3,70.41,9,70.42,5,70.43,4
2025-04-10 09:35:50,70.305,70.3,32,70.28,6,70.33,4,70.33,70.28,70.28,6,70.26,9,70.25,14,70.24,2,70.23,2,70.22,11,70.21,4,70.2,3,70.18,2,70.17,4,70.33,4,70.34,1,70.35,5,70.36,3,70.37,15,70.39,6,70.4,3,70.41,9,70.42,5,70.43,4
2025-04-10 09:35:51,70.305,70.3,32,70.28,6,70.33,4,70.33,70.28,70.28,6,70.26,9,70.25,14,70.24,2,70.23,2,70.22,11,70.21,4,70.2,3,70.18,2,70.17,4,70.33,4,70.34,1,70.35,5,70.36,3,70.37,15,70.39,6,70.4,3,70.41,9,70.42,5,70.43,4
2025-04-10 09:35:52,70.305,70.28,1,70.28,6,70.33,4,70.33,70.28,70.28,6,70.26,9,70.25,14,70.24,2,70.23,2,70.22,11,70.21,4,70.2,3,70.18,2,70.17,4,70.33,4,70.34,1,70.35,5,70.36,3,70.37,15,70.39,6,70.4,3,70.41,9,70.42,5,70.43,4
2025-04-10 09:35:53,70.33,70.33,1,70.31,7,70.35,5,70.35,70.31,70.31,7,70.3,9,70.29,2,70.28,6,70.26,9,70.25,14,70.24,2,70.23,2,70.22,11,70.21,4,70.35,5,70.36,3,70.37,15,70.39,6,70.4,3,70.41,9,70.42,5,70.43,4,70.44,1,70.45,2
2025-04-10 09:35:54,70.33,70.33,1,70.31,7,70.35,6,70.35,70.31,70.31,7,70.3,9,70.29,2,70.28,6,70.26,9,70.25,14,70.24,2,70.23,2,70.22,11,70.21,4,70.35,6,70.36,3,70.37,15,70.39,6,70.4,3,70.41,9,70.42,5,70.43,4,70.44,1,70.45,2
2025-04-10 09:35:55,70.385,70.38,1,70.37,6,70.4,5,70.4,70.37,70.37,6,70.36,2,70.35,3,70.34,3,70.33,2,70.32,6,70.31,7,70.3,9,70.29,2,70.28,6,70.4,5,70.41,9,70.42,5,70.43,4,70.44,1,70.45,2,70.47,7,70.48,7,70.49,1,70.5,4
2025-04-10 09:35:56,70.38,70.38,1,70.36,5,70.4,6,70.4,70.36,70.36,5,70.35,3,70.34,3,70.33,2,70.32,6,70.31,7,70.3,9,70.29,2,70.28,6,70.26,9,70.4,6,70.41,9,70.42,5,70.43,4,70.44,1,70.45,2,70.47,7,70.48,7,70.49,1,70.5,4
2025-04-10 09:35:57,70.38,70.38,1,70.36,5,70.4,6,70.4,70.36,70.36,5,70.35,3,70.34,3,70.33,2,70.32,6,70.31,7,70.3,9,70.29,2,70.28,6,70.26,9,70.4,6,70.41,9,70.42,5,70.43,4,70.44,1,70.45,2,70.47,7,70.48,7,70.49,1,70.5,4
2025-04-10 09:35:58,70.38,70.38,1,70.36,4,70.4,6,70.4,70.36,70.36,4,70.35,3,70.34,3,70.33,2,70.32,6,70.31,7,70.3,9,70.29,2,70.28,6,70.26,9,70.4,6,70.41,9,70.42,5,70.43,4,70.44,1,70.45,2,70.47,7,70.48,7,70.49,1,70.5,4
2025-04-10 09:35:59,70.38,70.38,1,70.36,4,70.4,6,70.4,70.36,70.36,4,70.35,3,70.34,3,70.33,2,70.32,6,70.31,7,70.3,9,70.29,2,70.28,6,70.26,9,70.4,6,70.41,9,70.42,5,70.43,4,70.44,1,70.45,2,70.47,7,70.48,7,70.49,1,70.5,4
2025-04-10 09:36:00,70.38,70.38,1,70.36,4,70.4,6,70.4,70.36,70.36,4,70.35,3,70.34,3,70.33,2,70.32,6,70.31,7,70.3,9,70.29,2,70.28,6,70.26,9,70.4,6,70.41,9,70.42,5,70.43,4,70.44,1,70.45,2,70.47,7,70.48,7,70.49,1,70.5,4
2025-04-10 09:36:01,70.375,70.38,1,70.35,4,70.4,6,70.4,70.35,70.35,4,70.34,3,70.33,2,70.32,6,70.31,7,70.3,9,70.29,2,70.28,6,70.26,9,70.25,14,70.4,6,70.41,9,70.42,5,70.43,4,70.44,1,70.45,2,70.47,7,70.48,7,70.49,1,70.5,4
2025-04-10 09:36:02,70.41,70.42,1,70.39,4,70.43,5,70.43,70.39,70.39,4,70.38,3,70.37,7,70.36,3,70.35,2,70.34,1,70.33,9,70.32,6,70.31,7,70.3,9,70.43,5,70.44,1,70.45,2,70.47,7,70.48,7,70.49,1,70.5,4,70.51,3,70.52,4,70.53,9
2025-04-10 09:36:03,70.42,70.42,3,70.4,4,70.44,2,70.44,70.4,70.4,4,70.39,5,70.38,3,70.37,7,70.36,3,70.35,2,70.34,1,70.33,9,70.32,6,70.31,7,70.44,2,70.45,2,70.47,7,70.48,7,70.49,1,70.5,4,70.51,3,70.52,4,70.53,9,70.54,10
2025-04-10 09:36:04,70.43,70.43,1,70.41,4,70.45,2,70.45,70.41,70.41,4,70.4,4,70.39,5,70.38,3,70.37,7,70.36,3,70.35,2,70.34,1,70.33,9,70.32,6,70.45,2,70.46,2,70.47,7,70.48,7,70.49,1,70.5,4,70.51,3,70.52,4,70.53,9,70.54,10
2025-04-10 09:36:05,70.485,70.48,10,70.47,7,70.5,5,70.5,70.47,70.47,7,70.46,1,70.45,2,70.44,3,70.43,2,70.42,2,70.41,6,70.4,4,70.39,5,70.38,3,70.5,5,70.51,3,70.52,4,70.53,9,70.54,10,70.55,9,,,,,,,,
2025-04-10 09:36:06,70.515,70.5,1,70.49,5,70.54,6,70.54,70.49,70.49,5,70.48,7,70.47,7,70.46,1,70.45,2,70.44,3,70.43,2,70.42,2,70.41,6,70.4,4,70.54,6,70.55,9,,,,,,,,,,,,,,,,
2025-04-10 09:36:07,70.48,70.48,1,70.46,4,70.5,6,70.5,70.46,70.46,4,70.45,2,70.44,3,70.43,2,70.42,2,70.41,6,70.4,4,70.39,5,70.38,3,70.37,7,70.5,6,70.53,2,70.54,6,70.55,9,,,,,,,,,,,,
2025-04-10 09:36:08,70.48,70.48,1,70.45,5,70.51,11,70.51,70.45,70.45,5,70.44,3,70.43,2,70.42,2,70.41,6,70.4,4,70.39,5,70.38,3,70.37,7,70.36,3,70.51,11,70.53,2,70.54,6,70.55,9,,,,,,,,,,,,
2025-04-10 09:36:09,70.485,70.49,1,70.46,1,70.51,13,70.51,70.46,70.46,1,70.45,5,70.44,3,70.43,2,70.42,2,70.41,6,70.4,4,70.39,5,70.38,3,70.37,7,70.51,13,70.53,2,70.54,6,70.55,9,,,,,,,,,,,,
2025-04-10 09:36:10,70.485,70.49,1,70.46,1,70.51,13,70.51,70.46,70.46,1,70.45,5,70.44,3,70.43,2,70.42,2,70.41,6,70.4,4,70.39,5,70.38,3,70.37,7,70.51,13,70.53,2,70.54,6,70.55,9,,,,,,,,,,,,
2025-04-10 09:36:11,70.465,70.47,1,70.44,5,70.49,6,70.49,70.44,70.44,5,70.43,2,70.42,2,70.41,6,70.4,4,70.39,5,70.38,3,70.37,7,70.36,3,70.35,2,70.49,6,70.51,13,70.53,2,70.54,6,70.55,9,,,,,,,,,,
2025-04-10 09:36:12,70.445,70.44,1,70.42,4,70.47,4,70.47,70.42,70.42,4,70.41,6,70.4,4,70.39,5,70.38,3,70.37,7,70.36,3,70.35,2,70.34,1,70.33,9,70.47,4,70.48,2,70.49,8,70.51,13,70.53,2,70.54,6,70.55,9,,,,,,
2025-04-10 09:36:13,70.445,70.43,1,70.42,4,70.47,4,70.47,70.42,70.42,4,70.41,6,70.4,4,70.39,5,70.38,3,70.37,7,70.36,3,70.35,2,70.34,1,70.33,9,70.47,4,70.48,2,70.49,8,70.51,13,70.53,2,70.54,6,70.55,9,,,,,,
2025-04-10 09:36:14,70.445,70.3,1,70.42,4,70.47,10,70.47,70.42,70.42,4,70.41,6,70.4,4,70.39,5,70.38,3,70.37,7,70.36,3,70.35,2,70.34,1,70.33,9,70.47,10,70.48,2,70.49,8,70.51,13,70.53,2,70.54,6,70.55,9,,,,,,
2025-04-10 09:36:15,70.445,70.3,1,70.42,4,70.47,10,70.47,70.42,70.42,4,70.41,6,70.4,4,70.39,5,70.38,3,70.37,7,70.36,3,70.35,2,70.34,1,70.33,9,70.47,10,70.48,2,70.49,8,70.51,13,70.53,2,70.54,6,70.55,9,,,,,,
2025-04-10 09:36:16,70.495,70.48,1,70.48,2,70.51,15,70.51,70.48,70.48,2,70.47,5,70.46,1,70.45,5,70.44,7,70.43,8,70.42,4,70.41,6,70.4,4,70.39,5,70.51,15,70.53,2,70.54,6,70.55,9,,,,,,,,,,,,
2025-04-10 09:36:17,70.495,70.48,1,70.48,1,70.51,10,70.51,70.48,70.48,1,70.47,3,70.46,1,70.45,5,70.44,7,70.43,8,70.42,4,70.41,6,70.4,4,70.39,5,70.51,10,70.53,2,70.54,6,70.55,9,,,,,,,,,,,,
2025-04-10 09:36:18,70.495,70.48,3,70.48,1,70.51,10,70.51,70.48,70.48,1,70.47,3,70.46,1,70.45,5,70.44,7,70.43,8,70.42,4,70.41,6,70.4,4,70.39,5,70.51,10,70.53,2,70.54,6,70.55,9,,,,,,,,,,,,
2025-04-10 09:36:19,70.495,70.5,1,70.48,1,70.51,10,70.51,70.48,70.48,1,70.47,3,70.46,1,70.45,5,70.44,7,70.43,8,70.42,4,70.41,6,70.4,4,70.39,5,70.51,10,70.53,2,70.54,6,70.55,9,,,,,,,,,,,,
2025-04-10 09:36:20,70.51,70.51,1,70.49,1,70.53,9,70.53,70.49,70.49,1,70.48,1,70.47,3,70.46,1,70.45,5,70.44,7,70.43,8,70.42,4,70.41,6,70.4,4,70.53,9,70.54,6,70.55,9,,,,,,,,,,,,,,
2025-04-10 09:36:21,70.51,70.49,1,70.49,1,70.53,10,70.53,70.49,70.49,1,70.48,1,70.47,3,70.46,1,70.45,5,70.44,7,70.43,8,70.42,4,70.41,6,70.4,4,70.53,10,70.54,6,70.55,9,,,,,,,,,,,,,,
2025-04-10 09:36:22,70.525,70.52,1,70.51,1,70.54,8,70.54,70.51,70.51,1,70.5,2,70.49,1,70.48,1,70.47,3,70.46,1,70.45,5,70.44,7,70.43,8,70.42,4,70.54,8,70.55,9,,,,,,,,,,,,,,,,
2025-04-10 09:36:23,70.55,70.55,1,70.53,3,70.57,6,70.57,70.53,70.53,3,70.52,1,70.51,1,70.5,2,70.49,1,70.48,1,70.47,3,70.46,1,70.45,5,70.44,7,70.57,6,,,,,,,,,,,,,,,,,,
2025-04-10 09:36:24,70.55,70.55,1,70.53,3,70.57,6,70.57,70.53,70.53,3,70.52,1,70.51,1,70.5,2,70.49,1,70.48,1,70.47,3,70.46,1,70.45,5,70.44,7,70.57,6,,,,,,,,,,,,,,,,,,
2025-04-10 09:36:25,70.545,70.55,4,70.53,11,70.56,9,70.56,70.53,70.53,11,70.52,4,70.51,3,70.5,2,70.49,1,70.48,1,70.47,3,70.46,1,70.45,5,70.44,7,70.56,9,70.57,6,,,,,,,,,,,,,,,,
2025-04-10 09:36:26,70.55,70.54,2,70.53,11,70.57,13,70.57,70.53,70.53,11,70.52,4,70.51,3,70.5,2,70.49,1,70.48,1,70.47,3,70.46,1,70.45,5,70.44,7,70.57,13,,,,,,,,,,,,,,,,,,
2025-04-10 09:36:27,70.55,70.54,2,70.53,11,70.57,13,70.57,70.53,70.53,11,70.52,4,70.51,3,70.5,2,70.49,1,70.48,1,70.47,3,70.46,1,70.45,5,70.44,7,70.57,13,,,,,,,,,,,,,,,,,,
2025-04-10 09:36:28,70.515,70.53,1,70.5,2,70.53,1,70.53,70.5,70.5,2,70.49,1,70.48,1,70.47,3,70.46,1,70.45,5,70.44,7,70.43,8,70.42,4,70.41,6,70.53,1,70.54,4,70.55,8,70.56,5,70.57,13,,,,,,,,,,
2025-04-10 09:36:29,70.515,70.51,1,70.5,2,70.53,1,70.53,70.5,70.5,2,70.49,1,70.48,1,70.47,3,70.46,1,70.45,5,70.44,7,70.43,8,70.42,4,70.41,6,70.53,1,70.54,4,70.55,8,70.56,5,70.57,13,,,,,,,,,,
2025-04-10 09:36:30,70.52,70.53,1,70.51,3,70.53,1,70.53,70.51,70.51,3,70.5,2,70.49,1,70.48,1,70.47,3,70.46,1,70.45,5,70.44,7,70.43,8,70.42,4,70.53,1,70.54,3,70.55,8,70.56,5,70.57,13,,,,,,,,,,
2025-04-10 09:36:31,70.525,70.53,1,70.51,3,70.54,3,70.54,70.51,70.51,3,70.5,2,70.49,1,70.48,1,70.47,3,70.46,1,70.45,5,70.44,7,70.43,8,70.42,4,70.54,3,70.55,8,70.56,5,70.57,13,,,,,,,,,,,,
2025-04-10 09:36:32,70.525,70.53,1,70.51,3,70.54,9,70.54,70.51,70.51,3,70.5,2,70.49,1,70.48,1,70.47,3,70.46,1,70.45,5,70.44,7,70.43,8,70.42,4,70.54,9,70.55,8,70.56,5,70.57,13,,,,,,,,,,,,
2025-04-10 09:36:33,70.52,70.53,1,70.5,2,70.54,11,70.54,70.5,70.5,2,70.49,1,70.48,1,70.47,3,70.46,1,70.45,5,70.44,7,70.43,8,70.42,4,70.41,6,70.54,11,70.55,8,70.56,5,70.57,13,,,,,,,,,,,,
2025-04-10 09:36:34,70.52,70.53,1,70.5,3,70.54,11,70.54,70.5,70.5,3,70.49,1,70.48,1,70.47,3,70.46,1,70.45,5,70.44,7,70.43,8,70.42,4,70.41,6,70.54,11,70.55,8,70.56,5,70.57,13,,,,,,,,,,,,
2025-04-10 09:36:35,70.52,70.52,10,70.5,3,70.54,11,70.54,70.5,70.5,3,70.49,1,70.48,1,70.47,3,70.46,1,70.45,5,70.44,7,70.43,8,70.42,4,70.41,6,70.54,11,70.55,8,70.56,5,70.57,13,,,,,,,,,,,,
2025-04-10 09:36:36,70.52,70.52,1,70.5,3,70.54,11,70.54,70.5,70.5,3,70.49,1,70.48,1,70.47,3,70.46,1,70.45,5,70.44,7,70.43,8,70.42,4,70.41,6,70.54,11,70.55,8,70.56,5,70.57,13,,,,,,,,,,,,
2025-04-10 09:36:37,70.52,70.52,1,70.5,3,70.54,10,70.54,70.5,70.5,3,70.49,1,70.48,1,70.47,3,70.46,1,70.45,5,70.44,7,70.43,8,70.42,4,70.41,6,70.54,10,70.55,8,70.56,5,70.57,13,,,,,,,,,,,,
2025-04-10 09:36:38,70.52,70.52,1,70.5,3,70.54,10,70.54,70.5,70.5,3,70.49,1,70.48,1,70.47,3,70.46,1,70.45,5,70.44,7,70.43,8,70.42,4,70.41,6,70.54,10,70.55,8,70.56,5,70.57,13,,,,,,,,,,,,
2025-04-10 09:36:39,70.495,70.49,1,70.48,2,70.51,4,70.51,70.48,70.48,2,70.47,3,70.46,1,70.45,5,70.44,7,70.43,8,70.42,4,70.41,6,70.4,4,70.39,5,70.51,4,70.52,1,70.53,5,70.54,15,70.55,8,70.56,5,70.57,13,,,,,,
2025-04-10 09:36:40,70.49,70.49,1,70.48,2,70.5,1,70.5,70.48,70.48,2,70.47,3,70.46,1,70.45,5,70.44,7,70.43,8,70.42,4,70.41,6,70.4,4,70.39,5,70.5,1,70.51,6,70.52,1,70.53,5,70.54,15,70.55,8,70.56,5,70.57,13,,,,
2025-04-10 09:36:41,70.5,70.5,1,70.49,1,70.51,6,70.51,70.49,70.49,1,70.48,3,70.47,3,70.46,1,70.45,5,70.44,7,70.43,8,70.42,4,70.41,6,70.4,4,70.51,6,70.52,1,70.53,5,70.54,15,70.55,8,70.56,5,70.57,13,,,,,,
2025-04-10 09:36:42,70.48,70.49,1,70.47,8,70.49,4,70.49,70.47,70.47,8,70.46,1,70.45,5,70.44,7,70.43,8,70.42,4,70.41,6,70.4,4,70.39,5,70.38,3,70.49,4,70.5,3,70.51,3,70.52,5,70.53,5,70.54,15,70.55,8,70.56,5,70.57,13,,
2025-04-10 09:36:43,70.49,70.49,1,70.48,7,70.5,3,70.5,70.48,70.48,7,70.47,11,70.46,1,70.45,5,70.44,7,70.43,8,70.42,4,70.41,6,70.4,4,70.39,5,70.5,3,70.51,2,70.52,5,70.53,5,70.54,15,70.55,8,70.56,5,70.57,13,,,,
2025-04-10 09:36:44,70.49,70.5,1,70.48,7,70.5,4,70.5,70.48,70.48,7,70.47,11,70.46,1,70.45,5,70.44,7,70.43,8,70.42,4,70.41,6,70.4,4,70.39,5,70.5,4,70.51,2,70.52,5,70.53,5,70.54,15,70.55,8,70.56,5,70.57,13,,,,
2025-04-10 09:36:45,70.51,70.5,1,70.49,2,70.53,9,70.53,70.49,70.49,2,70.48,7,70.47,11,70.46,1,70.45,5,70.44,7,70.43,8,70.42,4,70.41,6,70.4,4,70.53,9,70.54,15,70.55,8,70.56,5,70.57,13,,,,,,,,,,
2025-04-10 09:36:46,70.515,70.52,1,70.5,3,70.53,6,70.53,70.5,70.5,3,70.49,2,70.48,7,70.47,11,70.46,1,70.45,5,70.44,7,70.43,8,70.42,4,70.41,6,70.53,6,70.54,15,70.55,8,70.56,5,70.57,13,,,,,,,,,,
2025-04-10 09:36:47,70.515,70.52,1,70.5,3,70.53,6,70.53,70.5,70.5,3,70.49,2,70.48,7,70.47,11,70.46,1,70.45,5,70.44,7,70.43,8,70.42,4,70.41,6,70.53,6,70.54,15,70.55,8,70.56,5,70.57,13,,,,,,,,,,
2025-04-10 09:36:48,70.52,70.52,1,70.51,1,70.53,6,70.53,70.51,70.51,1,70.5,7,70.49,2,70.48,7,70.47,11,70.46,1,70.45,5,70.44,7,70.43,8,70.42,4,70.53,6,70.54,15,70.55,8,70.56,5,70.57,13,,,,,,,,,,
2025-04-10 09:36:49,70.515,70.52,1,70.51,1,70.52,3,70.52,70.51,70.51,1,70.49,4,70.48,7,70.47,11,70.46,1,70.45,5,70.44,7,70.43,8,70.42,4,70.41,6,70.52,3,70.53,2,70.54,12,70.55,8,70.56,5,70.57,13,,,,,,,,
2025-04-10 09:36:50,70.505,70.52,1,70.49,3,70.52,3,70.52,70.49,70.49,3,70.48,7,70.47,11,70.46,1,70.45,5,70.44,7,70.43,8,70.42,4,70.41,6,70.4,4,70.52,3,70.53,2,70.54,12,70.55,8,70.56,5,70.57,13,,,,,,,,
2025-04-10 09:36:51,70.505,70.52,1,70.49,3,70.52,3,70.52,70.49,70.49,3,70.48,7,70.47,11,70.46,1,70.45,5,70.44,7,70.43,8,70.42,4,70.41,6,70.4,4,70.52,3,70.53,2,70.54,12,70.55,8,70.56,5,70.57,13,,,,,,,,
2025-04-10 09:36:52,70.51,70.5,1,70.5,2,70.52,6,70.52,70.5,70.5,2,70.49,3,70.48,7,70.47,11,70.46,1,70.45,5,70.44,7,70.43,8,70.42,4,70.41,6,70.52,6,70.53,2,70.54,12,70.55,8,70.56,5,70.57,13,,,,,,,,
2025-04-10 09:36:53,70.525,70.52,1,70.51,3,70.54,8,70.54,70.51,70.51,3,70.5,2,70.49,3,70.48,7,70.47,11,70.46,1,70.45,5,70.44,7,70.43,8,70.42,4,70.54,8,70.55,7,70.56,5,70.57,13,,,,,,,,,,,,
2025-04-10 09:36:54,70.525,70.52,1,70.51,3,70.54,8,70.54,70.51,70.51,3,70.5,2,70.49,3,70.48,7,70.47,11,70.46,1,70.45,5,70.44,7,70.43,8,70.42,4,70.54,8,70.55,7,70.56,5,70.57,13,,,,,,,,,,,,
2025-04-10 09:36:55,70.525,70.52,1,70.51,3,70.54,8,70.54,70.51,70.51,3,70.5,2,70.49,3,70.48,7,70.47,11,70.46,1,70.45,5,70.44,7,70.43,8,70.42,4,70.54,8,70.55,7,70.56,5,70.57,13,,,,,,,,,,,,
2025-04-10 09:36:56,70.525,70.53,1,70.51,3,70.54,8,70.54,70.51,70.51,3,70.5,2,70.49,3,70.48,7,70.47,11,70.46,1,70.45,5,70.44,7,70.43,8,70.42,4,70.54,8,70.55,7,70.56,5,70.57,13,,,,,,,,,,,,
2025-04-10 09:36:57,70.525,70.53,1,70.51,3,70.54,8,70.54,70.51,70.51,3,70.5,2,70.49,3,70.48,7,70.47,11,70.46,1,70.45,5,70.44,7,70.43,8,70.42,4,70.54,8,70.55,7,70.56,5,70.57,13,,,,,,,,,,,,
2025-04-10 09:36:58,70.525,70.54,1,70.51,3,70.54,8,70.54,70.51,70.51,3,70.5,2,70.49,3,70.48,7,70.47,11,70.46,1,70.45,5,70.44,7,70.43,8,70.42,4,70.54,8,70.55,7,70.56,5,70.57,13,,,,,,,,,,,,
2025-04-10 09:36:59,70.525,70.54,1,70.51,3,70.54,8,70.54,70.51,70.51,3,70.5,2,70.49,3,70.48,7,70.47,11,70.46,1,70.45,5,70.44,7,70.43,8,70.42,4,70.54,8,70.55,7,70.56,5,70.57,13,,,,,,,,,,,,
2025-04-10 09:37:00,70.495,70.5,1,70.49,6,70.5,7,70.5,70.49,70.49,6,70.48,7,70.47,11,70.46,1,70.45,5,70.44,7,70.43,8,70.42,4,70.41,6,70.4,4,70.5,7,70.51,12,70.52,1,70.53,7,70.54,13,70.55,7,70.56,5,70.57,13,,,,
2025-04-10 09:37:01,70.505,70.5,1,70.5,2,70.51,1,70.51,70.5,70.5,2,70.49,1,70.48,7,70.47,11,70.46,1,70.45,5,70.44,7,70.43,8,70.42,4,70.41,6,70.51,1,70.52,2,70.53,7,70.54,13,70.55,7,70.56,5,70.57,13,,,,,,
2025-04-10 09:37:02,70.5,70.51,1,70.48,8,70.52,5,70.52,70.48,70.48,8,70.47,11,70.46,1,70.45,5,70.44,7,70.43,8,70.42,4,70.41,6,70.4,4,70.39,5,70.52,5,70.53,7,70.54,13,70.55,7,70.56,5,70.57,13,,,,,,,,
2025-04-10 09:37:03,70.5,70.51,1,70.48,8,70.52,5,70.52,70.48,70.48,8,70.47,11,70.46,1,70.45,5,70.44,7,70.43,8,70.42,4,70.41,6,70.4,4,70.39,5,70.52,5,70.53,7,70.54,13,70.55,7,70.56,5,70.57,13,,,,,,,,
2025-04-10 09:37:04,70.5,70.5,2,70.48,8,70.52,5,70.52,70.48,70.48,8,70.47,11,70.46,1,70.45,5,70.44,7,70.43,8,70.42,4,70.41,6,70.4,4,70.39,5,70.52,5,70.53,7,70.54,13,70.55,7,70.56,5,70.57,13,,,,,,,,
2025-04-10 09:37:05,70.5,70.5,1,70.48,7,70.52,7,70.52,70.48,70.48,7,70.47,11,70.46,1,70.45,5,70.44,7,70.43,8,70.42,4,70.41,6,70.4,4,70.39,5,70.52,7,70.53,7,70.54,13,70.55,7,70.56,5,70.57,13,,,,,,,,
2025-04-10 09:37:06,70.5,70.5,1,70.48,7,70.52,7,70.52,70.48,70.48,7,70.47,11,70.46,1,70.45,5,70.44,7,70.43,8,70.42,4,70.41,6,70.4,4,70.39,5,70.52,7,70.53,7,70.54,13,70.55,7,70.56,5,70.57,13,,,,,,,,
2025-04-10 09:37:07,70.5,70.5,1,70.48,7,70.52,7,70.52,70.48,70.48,7,70.47,11,70.46,1,70.45,5,70.44,7,70.43,8,70.42,4,70.41,6,70.4,4,70.39,5,70.52,7,70.53,7,70.54,13,70.55,7,70.56,5,70.57,13,,,,,,,,
2025-04-10 09:37:08,70.5,70.5,1,70.48,8,70.52,7,70.52,70.48,70.48,8,70.47,11,70.46,1,70.45,5,70.44,7,70.43,8,70.42,4,70.41,6,70.4,4,70.39,5,70.52,7,70.53,7,70.54,13,70.55,7,70.56,5,70.57,13,,,,,,,,
2025-04-10 09:37:09,70.5,70.5,1,70.48,8,70.52,8,70.52,70.48,70.48,8,70.47,11,70.46,1,70.45,5,70.44,7,70.43,8,70.42,4,70.41,6,70.4,4,70.39,5,70.52,8,70.53,7,70.54,13,70.55,7,70.56,5,70.57,13,,,,,,,,
2025-04-10 09:37:10,70.455,70.48,2,70.43,8,70.48,9,70.48,70.43,70.43,8,70.42,4,70.41,6,70.4,4,70.39,5,70.38,3,70.37,7,70.36,3,70.35,2,70.34,1,70.48,9,70.49,2,70.5,2,70.52,8,70.53,7,70.54,13,70.55,7,70.56,5,70.57,13,,
2025-04-10 09:37:11,70.45,70.43,1,70.43,3,70.47,6,70.47,70.43,70.43,3,70.42,7,70.41,6,70.4,4,70.39,5,70.38,3,70.37,7,70.36,3,70.35,2,70.34,1,70.47,6,70.48,7,70.49,2,70.5,2,70.52,8,70.53,7,70.54,13,70.55,7,70.56,5,70.57,13
2025-04-10 09:37:12,70.455,70.46,2,70.44,4,70.47,9,70.47,70.44,70.44,4,70.43,2,70.42,1,70.4,4,70.39,10,70.38,3,70.37,7,70.36,3,70.35,2,70.34,1,70.47,9,70.48,7,70.49,2,70.5,2,70.52,8,70.53,7,70.54,13,70.55,7,70.56,5,70.57,13
2025-04-10 09:37:13,70.44,70.44,2,70.43,2,70.45,1,70.45,70.43,70.43,2,70.42,1,70.4,4,70.39,10,70.38,3,70.37,7,70.36,3,70.35,2,70.34,1,70.33,9,70.45,1,70.46,7,70.47,10,70.48,7,70.49,2,70.5,2,70.52,8,70.53,7,70.54,13,70.55,7
2025-04-10 09:37:14,70.41,70.39,1,70.39,1,70.43,4,70.43,70.39,70.39,1,70.38,2,70.37,6,70.36,3,70.35,2,70.34,1,70.33,9,70.32,6,70.31,7,70.3,9,70.43,4,70.44,8,70.45,2,70.46,7,70.47,10,70.48,7,70.49,2,70.5,2,70.52,8,70.53,7
2025-04-10 09:37:15,70.41,70.41,5,70.39,1,70.43,7,70.43,70.39,70.39,1,70.38,2,70.37,6,70.36,3,70.35,2,70.34,1,70.33,9,70.32,6,70.31,7,70.3,9,70.43,7,70.44,8,70.45,2,70.46,7,70.47,10,70.48,7,70.49,2,70.5,2,70.52,8,70.53,7
2025-04-10 09:37:16,70.41,70.41,1,70.39,2,70.43,8,70.43,70.39,70.39,2,70.38,2,70.37,6,70.36,3,70.35,2,70.34,1,70.33,9,70.32,6,70.31,7,70.3,9,70.43,8,70.44,8,70.45,2,70.46,7,70.47,10,70.48,7,70.49,2,70.5,2,70.52,8,70.53,7
2025-04-10 09:37:17,70.41,70.41,1,70.39,2,70.43,8,70.43,70.39,70.39,2,70.38,2,70.37,6,70.36,3,70.35,2,70.34,1,70.33,9,70.32,6,70.31,7,70.3,9,70.43,8,70.44,8,70.45,2,70.46,7,70.47,10,70.48,7,70.49,2,70.5,2,70.52,8,70.53,7
2025-04-10 09:37:18,70.41,70.41,1,70.39,2,70.43,6,70.43,70.39,70.39,2,70.38,2,70.37,6,70.36,3,70.35,2,70.34,1,70.33,9,70.32,6,70.31,7,70.3,9,70.43,6,70.44,8,70.45,2,70.46,7,70.47,10,70.48,7,70.49,2,70.5,2,70.52,8,70.53,7
2025-04-10 09:37:19,70.41,70.41,1,70.39,2,70.43,14,70.43,70.39,70.39,2,70.38,2,70.37,6,70.36,3,70.35,2,70.34,1,70.33,9,70.32,6,70.31,7,70.3,9,70.43,14,70.44,8,70.45,2,70.46,7,70.47,10,70.48,7,70.49,2,70.5,2,70.52,8,70.53,7
2025-04-10 09:37:20,70.41,70.41,1,70.39,2,70.43,14,70.43,70.39,70.39,2,70.38,2,70.37,6,70.36,3,70.35,2,70.34,1,70.33,9,70.32,6,70.31,7,70.3,9,70.43,14,70.44,8,70.45,2,70.46,7,70.47,10,70.48,7,70.49,2,70.5,2,70.52,8,70.53,7
2025-04-10 09:37:21,70.41,70.41,1,70.39,2,70.43,14,70.43,70.39,70.39,2,70.38,2,70.37,6,70.36,3,70.35,2,70.34,1,70.33,9,70.32,6,70.31,7,70.3,9,70.43,14,70.44,8,70.45,2,70.46,7,70.47,10,70.48,7,70.49,2,70.5,2,70.52,8,70.53,7
2025-04-10 09:37:22,70.47,70.47,1,70.45,3,70.49,8,70.49,70.45,70.45,3,70.44,4,70.43,2,70.42,2,70.41,9,70.4,3,70.39,4,70.38,2,70.37,6,70.36,3,70.49,8,70.5,2,70.52,8,70.53,7,70.54,13,70.55,7,70.56,5,70.57,13,,,,
2025-04-10 09:37:23,70.435,70.44,1,70.41,7,70.46,9,70.46,70.41,70.41,7,70.4,3,70.39,4,70.38,2,70.37,6,70.36,3,70.35,2,70.34,1,70.33,9,70.32,6,70.46,9,70.47,2,70.48,8,70.49,11,70.5,2,70.52,8,70.53,7,70.54,13,70.55,7,70.56,5
2025-04-10 09:37:24,70.435,70.44,1,70.41,9,70.46,9,70.46,70.41,70.41,9,70.4,3,70.39,4,70.38,2,70.37,6,70.36,3,70.35,2,70.34,1,70.33,9,70.32,6,70.46,9,70.47,2,70.48,8,70.49,11,70.5,2,70.52,8,70.53,7,70.54,13,70.55,7,70.56,5
2025-04-10 09:37:25,70.435,70.44,1,70.41,9,70.46,10,70.46,70.41,70.41,9,70.4,3,70.39,4,70.38,2,70.37,6,70.36,3,70.35,2,70.34,1,70.33,9,70.32,6,70.46,10,70.47,2,70.48,8,70.49,11,70.5,2,70.52,8,70.53,7,70.54,13,70.55,7,70.56,5
2025-04-10 09:37:26,70.435,70.44,1,70.41,11,70.46,6,70.46,70.41,70.41,11,70.4,3,70.39,4,70.38,2,70.37,6,70.36,3,70.35,2,70.34,1,70.33,9,70.32,6,70.46,6,70.47,2,70.48,8,70.49,11,70.5,2,70.52,8,70.53,7,70.54,13,70.55,7,70.56,5
2025-04-10 09:37:27,70.435,70.44,1,70.41,11,70.46,7,70.46,70.41,70.41,11,70.4,3,70.39,4,70.38,2,70.37,6,70.36,3,70.35,2,70.34,1,70.33,9,70.32,6,70.46,7,70.47,2,70.48,8,70.49,11,70.5,2,70.52,8,70.53,7,70.54,13,70.55,7,70.56,5
2025-04-10 09:37:28,70.435,70.44,1,70.41,11,70.46,6,70.46,70.41,70.41,11,70.4,3,70.39,4,70.38,2,70.37,6,70.36,3,70.35,2,70.34,1,70.33,9,70.32,6,70.46,6,70.47,2,70.48,8,70.49,11,70.5,2,70.52,8,70.53,7,70.54,13,70.55,7,70.56,5
2025-04-10 09:37:29,70.435,70.44,1,70.41,12,70.46,7,70.46,70.41,70.41,12,70.4,3,70.39,4,70.38,2,70.37,6,70.36,3,70.35,2,70.34,1,70.33,9,70.32,6,70.46,7,70.47,2,70.48,8,70.49,11,70.5,2,70.52,8,70.53,7,70.54,13,70.55,7,70.56,5
2025-04-10 09:37:30,70.44,70.46,1,70.42,10,70.46,6,70.46,70.42,70.42,10,70.41,12,70.4,3,70.39,4,70.38,2,70.37,6,70.36,3,70.35,2,70.34,1,70.33,9,70.46,6,70.47,2,70.48,8,70.49,11,70.5,2,70.52,8,70.53,7,70.54,13,70.55,7,70.56,5
2025-04-10 09:37:31,70.445,70.44,1,70.43,13,70.46,5,70.46,70.43,70.43,13,70.42,13,70.41,12,70.4,3,70.39,4,70.38,2,70.37,6,70.36,3,70.35,2,70.34,1,70.46,5,70.47,2,70.48,8,70.49,11,70.5,2,70.52,8,70.53,7,70.54,13,70.55,7,70.56,5
2025-04-10 09:37:32,70.445,70.44,1,70.43,13,70.46,7,70.46,70.43,70.43,13,70.42,13,70.41,12,70.4,3,70.39,4,70.38,2,70.37,6,70.36,3,70.35,2,70.34,1,70.46,7,70.47,2,70.48,8,70.49,11,70.5,2,70.52,8,70.53,7,70.54,13,70.55,7,70.56,5
2025-04-10 09:37:33,70.445,70.44,1,70.43,13,70.46,7,70.46,70.43,70.43,13,70.42,13,70.41,12,70.4,3,70.39,4,70.38,2,70.37,6,70.36,3,70.35,2,70.34,1,70.46,7,70.47,2,70.48,8,70.49,11,70.5,2,70.52,8,70.53,7,70.54,13,70.55,7,70.56,5
2025-04-10 09:37:34,70.445,70.45,1,70.43,13,70.46,7,70.46,70.43,70.43,13,70.42,13,70.41,12,70.4,3,70.39,4,70.38,2,70.37,6,70.36,3,70.35,2,70.34,1,70.46,7,70.47,2,70.48,8,70.49,11,70.5,2,70.52,8,70.53,7,70.54,13,70.55,7,70.56,5
2025-04-10 09:37:35,70.45,70.44,1,70.43,10,70.47,5,70.47,70.43,70.43,10,70.42,13,70.41,12,70.4,3,70.39,4,70.38,2,70.37,6,70.36,3,70.35,2,70.34,1,70.47,5,70.48,8,70.49,11,70.5,2,70.52,8,70.53,7,70.54,13,70.55,7,70.56,5,70.57,13
2025-04-10 09:37:36,70.445,70.44,1,70.43,2,70.46,3,70.46,70.43,70.43,2,70.42,11,70.41,12,70.4,3,70.39,4,70.38,2,70.37,6,70.36,3,70.35,2,70.34,1,70.46,3,70.47,5,70.48,8,70.49,11,70.5,2,70.52,8,70.53,7,70.54,13,70.55,7,70.56,5
2025-04-10 09:37:37,70.445,70.46,1,70.43,4,70.46,2,70.46,70.43,70.43,4,70.42,11,70.41,12,70.4,3,70.39,4,70.38,2,70.37,6,70.36,3,70.35,2,70.34,1,70.46,2,70.47,5,70.48,8,70.49,11,70.5,2,70.52,8,70.53,7,70.54,13,70.55,7,70.56,5
2025-04-10 09:37:38,70.44,70.46,1,70.42,11,70.46,10,70.46,70.42,70.42,11,70.41,12,70.4,3,70.39,4,70.38,2,70.37,6,70.36,3,70.35,2,70.34,1,70.33,9,70.46,10,70.47,5,70.48,8,70.49,11,70.5,2,70.52,8,70.53,7,70.54,13,70.55,7,70.56,5
2025-04-10 09:37:39,70.44,70.44,1,70.42,10,70.46,10,70.46,70.42,70.42,10,70.41,12,70.4,3,70.39,4,70.38,2,70.37,6,70.36,3,70.35,2,70.34,1,70.33,9,70.46,10,70.47,5,70.48,8,70.49,11,70.5,2,70.52,8,70.53,7,70.54,13,70.55,7,70.56,5
2025-04-10 09:37:40,70.45,70.44,1,70.44,1,70.46,10,70.46,70.44,70.44,1,70.43,1,70.42,10,70.41,12,70.4,3,70.39,4,70.38,2,70.37,6,70.36,3,70.35,2,70.46,10,70.47,5,70.48,8,70.49,11,70.5,2,70.52,8,70.53,7,70.54,13,70.55,7,70.56,5
2025-04-10 09:37:41,70.45,70.45,1,70.44,1,70.46,9,70.46,70.44,70.44,1,70.43,1,70.42,10,70.41,12,70.4,3,70.39,4,70.38,2,70.37,6,70.36,3,70.35,2,70.46,9,70.47,5,70.48,8,70.49,11,70.5,2,70.52,8,70.53,7,70.54,13,70.55,7,70.56,5
2025-04-10 09:37:42,70.45,70.45,1,70.44,3,70.46,9,70.46,70.44,70.44,3,70.43,1,70.42,10,70.41,12,70.4,3,70.39,4,70.38,2,70.37,6,70.36,3,70.35,2,70.46,9,70.47,5,70.48,8,70.49,11,70.5,2,70.52,8,70.53,7,70.54,13,70.55,7,70.56,5
2025-04-10 09:37:43,70.45,70.45,1,70.44,3,70.46,9,70.46,70.44,70.44,3,70.43,1,70.42,10,70.41,12,70.4,3,70.39,4,70.38,2,70.37,6,70.36,3,70.35,2,70.46,9,70.47,5,70.48,8,70.49,11,70.5,2,70.52,8,70.53,7,70.54,13,70.55,7,70.56,5
2025-04-10 09:37:44,70.425,70.43,1,70.41,9,70.44,11,70.44,70.41,70.41,9,70.4,3,70.39,4,70.38,2,70.37,6,70.36,3,70.35,2,70.34,1,70.33,9,70.32,6,70.44,11,70.45,4,70.46,10,70.47,5,70.48,8,70.49,11,70.5,2,70.52,8,70.53,7,70.54,13
2025-04-10 09:37:45,70.425,70.43,1,70.41,9,70.44,10,70.44,70.41,70.41,9,70.4,3,70.39,4,70.38,2,70.37,6,70.36,3,70.35,2,70.34,1,70.33,9,70.32,6,70.44,10,70.45,4,70.46,10,70.47,5,70.48,8,70.49,11,70.5,2,70.52,8,70.53,7,70.54,13
2025-04-10 09:37:46,70.425,70.43,1,70.41,9,70.44,8,70.44,70.41,70.41,9,70.4,3,70.39,4,70.38,2,70.37,6,70.36,3,70.35,2,70.34,1,70.33,9,70.32,6,70.44,8,70.45,4,70.46,10,70.47,5,70.48,8,70.49,11,70.5,2,70.52,8,70.53,7,70.54,13
2025-04-10 09:37:47,70.425,70.43,1,70.41,9,70.44,7,70.44,70.41,70.41,9,70.4,3,70.39,4,70.38,2,70.37,6,70.36,3,70.35,2,70.34,1,70.33,9,70.32,6,70.44,7,70.45,4,70.46,10,70.47,5,70.48,8,70.49,11,70.5,2,70.52,8,70.53,7,70.54,13
2025-04-10 09:37:48,70.425,70.43,1,70.41,9,70.44,7,70.44,70.41,70.41,9,70.4,3,70.39,4,70.38,2,70.37,6,70.36,3,70.35,2,70.34,1,70.33,9,70.32,6,70.44,7,70.45,4,70.46,10,70.47,5,70.48,8,70.49,11,70.5,2,70.52,8,70.53,7,70.54,13
2025-04-10 09:37:49,70.45,70.44,1,70.44,12,70.46,3,70.46,70.44,70.44,12,70.43,1,70.42,4,70.41,11,70.4,3,70.39,4,70.38,2,70.37,6,70.36,3,70.35,2,70.46,3,70.47,4,70.48,8,70.49,11,70.5,2,70.52,8,70.53,7,70.54,13,70.55,7,70.56,5
2025-04-10 09:37:50,70.475,70.46,1,70.46,5,70.49,17,70.49,70.46,70.46,5,70.45,6,70.44,11,70.43,1,70.42,4,70.41,11,70.4,3,70.39,4,70.38,2,70.37,6,70.49,17,70.5,2,70.52,8,70.53,7,70.54,13,70.55,7,70.56,5,70.57,13,,,,
2025-04-10 09:37:51,70.475,70.48,1,70.46,5,70.49,17,70.49,70.46,70.46,5,70.45,6,70.44,11,70.43,1,70.42,4,70.41,11,70.4,3,70.39,4,70.38,2,70.37,6,70.49,17,70.5,2,70.52,8,70.53,7,70.54,13,70.55,7,70.56,5,70.57,13,,,,
2025-04-10 09:37:52,70.46,70.46,1,70.45,1,70.47,5,70.47,70.45,70.45,1,70.44,10,70.43,1,70.42,4,70.41,11,70.4,3,70.39,4,70.38,2,70.37,6,70.36,3,70.47,5,70.48,6,70.49,18,70.5,2,70.52,8,70.53,7,70.54,13,70.55,7,70.56,5,70.57,13
2025-04-10 09:37:53,70.425,70.43,1,70.41,13,70.44,3,70.44,70.41,70.41,13,70.4,3,70.39,4,70.38,2,70.37,6,70.36,3,70.35,2,70.34,1,70.33,9,70.32,6,70.44,3,70.45,2,70.46,1,70.47,5,70.48,6,70.49,18,70.5,2,70.52,8,70.53,7,70.54,13
2025-04-10 09:37:54,70.425,70.43,1,70.41,13,70.44,3,70.44,70.41,70.41,13,70.4,3,70.39,4,70.38,2,70.37,6,70.36,3,70.35,2,70.34,1,70.33,9,70.32,6,70.44,3,70.45,2,70.46,1,70.47,5,70.48,6,70.49,18,70.5,2,70.52,8,70.53,7,70.54,13
2025-04-10 09:37:55,70.425,70.43,1,70.41,13,70.44,8,70.44,70.41,70.41,13,70.4,3,70.39,4,70.38,2,70.37,6,70.36,3,70.35,2,70.34,1,70.33,9,70.32,6,70.44,8,70.45,2,70.46,1,70.47,5,70.48,6,70.49,18,70.5,2,70.52,8,70.53,7,70.54,13
2025-04-10 09:37:56,70.4,70.39,1,70.39,5,70.41,7,70.41,70.39,70.39,5,70.38,2,70.37,6,70.36,3,70.35,2,70.34,1,70.33,9,70.32,6,70.31,7,70.3,9,70.41,7,70.42,9,70.43,4,70.44,11,70.45,2,70.46,1,70.47,5,70.48,6,70.49,18,70.5,2
2025-04-10 09:37:57,70.395,70.38,2,70.38,2,70.41,10,70.41,70.38,70.38,2,70.37,6,70.36,3,70.35,2,70.34,1,70.33,9,70.32,6,70.31,7,70.3,9,70.29,2,70.41,10,70.42,9,70.43,4,70.44,11,70.45,2,70.46,1,70.47,5,70.48,6,70.49,18,70.5,2
2025-04-10 09:37:58,70.395,70.39,1,70.38,2,70.41,10,70.41,70.38,70.38,2,70.37,6,70.36,3,70.35,2,70.34,1,70.33,9,70.32,6,70.31,7,70.3,9,70.29,2,70.41,10,70.42,9,70.43,4,70.44,11,70.45,2,70.46,1,70.47,5,70.48,6,70.49,18,70.5,2
2025-04-10 09:37:59,70.4,70.39,1,70.39,1,70.41,11,70.41,70.39,70.39,1,70.38,2,70.37,6,70.36,3,70.35,2,70.34,1,70.33,9,70.32,6,70.31,7,70.3,9,70.41,11,70.42,9,70.43,4,70.44,11,70.45,2,70.46,1,70.47,5,70.48,6,70.49,18,70.5,2
2025-04-10 09:38:00,70.385,70.39,1,70.37,5,70.4,13,70.4,70.37,70.37,5,70.36,3,70.35,2,70.34,1,70.33,9,70.32,6,70.31,7,70.3,9,70.29,2,70.28,6,70.4,13,70.41,12,70.42,9,70.43,4,70.44,11,70.45,2,70.46,1,70.47,5,70.48,6,70.49,18
2025-04-10 09:38:01,70.385,70.39,1,70.37,7,70.4,14,70.4,70.37,70.37,7,70.36,3,70.35,2,70.34,1,70.33,9,70.32,6,70.31,7,70.3,9,70.29,2,70.28,6,70.4,14,70.41,12,70.42,9,70.43,4,70.44,11,70.45,2,70.46,1,70.47,5,70.48,6,70.49,18
2025-04-10 09:38:02,70.43,70.42,2,70.41,2,70.45,4,70.45,70.41,70.41,2,70.4,3,70.39,4,70.38,3,70.37,7,70.36,3,70.35,2,70.34,1,70.33,9,70.32,6,70.45,4,70.46,1,70.47,5,70.48,6,70.49,18,70.5,2,70.52,8,70.53,7,70.54,13,70.55,7
2025-04-10 09:38:03,70.41,70.41,1,70.4,4,70.42,1,70.42,70.4,70.4,4,70.39,4,70.38,3,70.37,7,70.36,3,70.35,2,70.34,1,70.33,9,70.32,6,70.31,7,70.42,1,70.43,3,70.44,1,70.45,11,70.46,1,70.47,5,70.48,6,70.49,18,70.5,2,70.52,8
2025-04-10 09:38:04,70.385,70.38,1,70.37,7,70.4,4,70.4,70.37,70.37,7,70.36,3,70.35,2,70.34,1,70.33,9,70.32,6,70.31,7,70.3,9,70.29,2,70.28,6,70.4,4,70.41,4,70.42,8,70.43,3,70.44,1,70.45,11,70.46,1,70.47,5,70.48,6,70.49,18
2025-04-10 09:38:05,70.35,70.36,1,70.34,4,70.36,4,70.36,70.34,70.34,4,70.33,9,70.32,6,70.31,7,70.3,9,70.29,2,70.28,6,70.26,9,70.25,14,70.24,2,70.36,4,70.37,5,70.38,4,70.39,3,70.4,6,70.41,4,70.42,8,70.43,3,70.44,1,70.45,11
2025-04-10 09:38:06,70.365,70.36,1,70.35,4,70.38,5,70.38,70.35,70.35,4,70.34,7,70.33,9,70.32,6,70.31,7,70.3,9,70.29,2,70.28,6,70.26,9,70.25,14,70.38,5,70.39,3,70.4,6,70.41,4,70.42,8,70.43,3,70.44,1,70.45,11,70.46,1,70.47,5
2025-04-10 09:38:07,70.365,70.47,1,70.35,4,70.38,4,70.38,70.35,70.35,4,70.34,7,70.33,9,70.32,6,70.31,7,70.3,9,70.29,2,70.28,6,70.26,9,70.25,14,70.38,4,70.39,3,70.4,6,70.41,4,70.42,8,70.43,3,70.44,1,70.45,11,70.46,1,70.47,5
2025-04-10 09:38:08,70.365,70.47,1,70.35,7,70.38,3,70.38,70.35,70.35,7,70.34,7,70.33,9,70.32,6,70.31,7,70.3,9,70.29,2,70.28,6,70.26,9,70.25,14,70.38,3,70.39,3,70.4,6,70.41,4,70.42,8,70.43,3,70.44,1,70.45,11,70.46,1,70.47,5
