sim_time,mid_price,last_price,last_size,best_bid_price,best_bid_size,best_ask_price,best_ask_size,close_price_buy,close_price_sell,bid1_price,bid1_size,bid2_price,bid2_size,bid3_price,bid3_size,bid4_price,bid4_size,bid5_price,bid5_size,bid6_price,bid6_size,bid7_price,bid7_size,bid8_price,bid8_size,bid9_price,bid9_size,bid10_price,bid10_size,ask1_price,ask1_size,ask2_price,ask2_size,ask3_price,ask3_size,ask4_price,ask4_size,ask5_price,ask5_size,ask6_price,ask6_size,ask7_price,ask7_size,ask8_price,ask8_size,ask9_price,ask9_size,ask10_price,ask10_size
2025-04-10 09:30:11,301.985,0.0,0,301.0,5,302.97,6,302.97,301.0,301.0,5,300.58,8,,,,,,,,,,,,,,,,,302.97,6,303.0,67,,,,,,,,,,,,,,,,
2025-04-10 09:30:12,301.985,301.5,1,301.0,4,302.97,6,302.97,301.0,301.0,4,300.58,8,,,,,,,,,,,,,,,,,302.97,6,303.0,67,,,,,,,,,,,,,,,,
2025-04-10 09:30:14,301.985,301.5,1,301.0,4,302.97,6,302.97,301.0,301.0,4,300.58,8,,,,,,,,,,,,,,,,,302.97,6,303.0,67,,,,,,,,,,,,,,,,
2025-04-10 09:30:15,300.95,300.58,3,300.58,5,301.32,8,301.32,300.58,300.58,5,,,,,,,,,,,,,,,,,,,301.32,8,301.41,1,301.51,1,302.96,2,303.0,69,,,,,,,,,,
2025-04-10 09:30:16,300.95,300.95,1,300.58,5,301.32,8,301.32,300.58,300.58,5,,,,,,,,,,,,,,,,,,,301.32,8,301.41,1,301.51,1,302.96,2,303.0,69,,,,,,,,,,
2025-04-10 09:30:17,300.95,300.95,1,300.58,5,301.32,8,301.32,300.58,300.58,5,,,,,,,,,,,,,,,,,,,301.32,8,301.41,1,301.51,1,302.96,2,303.0,69,,,,,,,,,,
2025-04-10 09:30:18,300.95,301.02,1,300.58,5,301.32,8,301.32,300.58,300.58,5,,,,,,,,,,,,,,,,,,,301.32,8,301.41,1,301.51,1,302.96,2,303.0,69,,,,,,,,,,
2025-04-10 09:30:19,300.95,301.02,1,300.58,5,301.32,8,301.32,300.58,300.58,5,,,,,,,,,,,,,,,,,,,301.32,8,301.41,1,301.51,1,302.96,2,303.0,69,,,,,,,,,,
2025-04-10 09:30:20,300.95,301.02,1,300.58,5,301.32,8,301.32,300.58,300.58,5,,,,,,,,,,,,,,,,,,,301.32,8,301.41,1,301.51,1,302.96,2,303.0,69,,,,,,,,,,
2025-04-10 09:30:21,301.575,301.37,1,300.58,5,302.57,5,302.57,300.58,300.58,5,,,,,,,,,,,,,,,,,,,302.57,5,302.96,2,303.0,69,,,,,,,,,,,,,,
2025-04-10 09:30:22,301.575,301.37,1,300.58,5,302.57,5,302.57,300.58,300.58,5,,,,,,,,,,,,,,,,,,,302.57,5,302.96,2,303.0,69,,,,,,,,,,,,,,
2025-04-10 09:30:23,301.575,301.37,1,300.58,5,302.57,5,302.57,300.58,300.58,5,,,,,,,,,,,,,,,,,,,302.57,5,302.96,2,303.0,69,,,,,,,,,,,,,,
2025-04-10 09:30:24,301.575,301.37,1,300.58,5,302.57,5,302.57,300.58,300.58,5,,,,,,,,,,,,,,,,,,,302.57,5,302.96,2,303.0,69,,,,,,,,,,,,,,
2025-04-10 09:30:25,301.575,301.37,1,300.58,5,302.57,5,302.57,300.58,300.58,5,,,,,,,,,,,,,,,,,,,302.57,5,302.96,2,303.0,69,,,,,,,,,,,,,,
2025-04-10 09:30:26,301.575,301.37,1,300.58,5,302.57,5,302.57,300.58,300.58,5,,,,,,,,,,,,,,,,,,,302.57,5,302.96,2,303.0,69,,,,,,,,,,,,,,
2025-04-10 09:30:27,301.575,301.37,1,300.58,5,302.57,5,302.57,300.58,300.58,5,,,,,,,,,,,,,,,,,,,302.57,5,302.96,2,303.0,69,,,,,,,,,,,,,,
2025-04-10 09:30:28,301.575,301.37,1,300.58,5,302.57,5,302.57,300.58,300.58,5,,,,,,,,,,,,,,,,,,,302.57,5,302.96,2,303.0,69,,,,,,,,,,,,,,
2025-04-10 09:30:29,301.575,301.37,1,300.58,5,302.57,5,302.57,300.58,300.58,5,,,,,,,,,,,,,,,,,,,302.57,5,302.96,2,303.0,69,,,,,,,,,,,,,,
2025-04-10 09:30:30,301.575,301.37,1,300.58,5,302.57,5,302.57,300.58,300.58,5,,,,,,,,,,,,,,,,,,,302.57,5,302.96,2,303.0,69,,,,,,,,,,,,,,
2025-04-10 09:30:31,301.575,301.37,1,300.58,5,302.57,5,302.57,300.58,300.58,5,,,,,,,,,,,,,,,,,,,302.57,5,302.96,2,303.0,69,,,,,,,,,,,,,,
2025-04-10 09:30:32,301.575,301.37,1,300.58,5,302.57,5,302.57,300.58,300.58,5,,,,,,,,,,,,,,,,,,,302.57,5,302.96,2,303.0,69,,,,,,,,,,,,,,
2025-04-10 09:30:33,301.575,301.37,1,300.58,5,302.57,5,302.57,300.58,300.58,5,,,,,,,,,,,,,,,,,,,302.57,5,302.96,2,303.0,69,,,,,,,,,,,,,,
2025-04-10 09:30:34,301.575,301.37,1,300.58,5,302.57,5,302.57,300.58,300.58,5,,,,,,,,,,,,,,,,,,,302.57,5,302.96,2,303.0,69,,,,,,,,,,,,,,
2025-04-10 09:30:35,301.575,301.37,1,300.58,5,302.57,5,302.57,300.58,300.58,5,,,,,,,,,,,,,,,,,,,302.57,5,302.96,2,303.0,69,,,,,,,,,,,,,,
2025-04-10 09:30:36,301.575,301.37,1,300.58,5,302.57,5,302.57,300.58,300.58,5,,,,,,,,,,,,,,,,,,,302.57,5,302.96,2,303.0,69,,,,,,,,,,,,,,
2025-04-10 09:30:37,301.575,301.37,1,300.58,5,302.57,8,302.57,300.58,300.58,5,,,,,,,,,,,,,,,,,,,302.57,8,302.96,2,303.0,69,,,,,,,,,,,,,,
2025-04-10 09:30:38,301.575,301.37,1,300.58,5,302.57,8,302.57,300.58,300.58,5,,,,,,,,,,,,,,,,,,,302.57,8,302.96,2,303.0,69,,,,,,,,,,,,,,
2025-04-10 09:30:39,301.575,301.37,1,300.58,5,302.57,8,302.57,300.58,300.58,5,,,,,,,,,,,,,,,,,,,302.57,8,302.96,2,303.0,69,,,,,,,,,,,,,,
2025-04-10 09:30:40,301.575,301.37,1,300.58,5,302.57,8,302.57,300.58,300.58,5,,,,,,,,,,,,,,,,,,,302.57,8,302.96,2,303.0,69,,,,,,,,,,,,,,
2025-04-10 09:30:41,301.575,301.37,1,300.58,5,302.57,8,302.57,300.58,300.58,5,,,,,,,,,,,,,,,,,,,302.57,8,302.96,2,303.0,69,,,,,,,,,,,,,,
2025-04-10 09:30:42,301.575,301.37,1,300.58,5,302.57,8,302.57,300.58,300.58,5,,,,,,,,,,,,,,,,,,,302.57,8,302.96,2,303.0,69,,,,,,,,,,,,,,
2025-04-10 09:30:43,301.575,301.37,1,300.58,5,302.57,8,302.57,300.58,300.58,5,,,,,,,,,,,,,,,,,,,302.57,8,302.96,2,303.0,69,,,,,,,,,,,,,,
2025-04-10 09:30:44,301.575,301.37,1,300.58,5,302.57,8,302.57,300.58,300.58,5,,,,,,,,,,,,,,,,,,,302.57,8,302.96,2,303.0,69,,,,,,,,,,,,,,
2025-04-10 09:30:45,301.575,301.37,1,300.58,5,302.57,8,302.57,300.58,300.58,5,,,,,,,,,,,,,,,,,,,302.57,8,302.96,2,303.0,69,,,,,,,,,,,,,,
2025-04-10 09:30:46,301.575,301.37,1,300.58,5,302.57,8,302.57,300.58,300.58,5,,,,,,,,,,,,,,,,,,,302.57,8,302.96,2,303.0,69,,,,,,,,,,,,,,
2025-04-10 09:30:47,301.575,301.37,1,300.58,5,302.57,8,302.57,300.58,300.58,5,,,,,,,,,,,,,,,,,,,302.57,8,302.96,2,303.0,69,,,,,,,,,,,,,,
2025-04-10 09:30:48,301.575,301.37,1,300.58,5,302.57,8,302.57,300.58,300.58,5,,,,,,,,,,,,,,,,,,,302.57,8,302.96,2,303.0,69,,,,,,,,,,,,,,
2025-04-10 09:30:49,301.575,301.37,1,300.58,5,302.57,8,302.57,300.58,300.58,5,,,,,,,,,,,,,,,,,,,302.57,8,302.96,2,303.0,69,,,,,,,,,,,,,,
2025-04-10 09:30:50,301.575,301.58,1,300.58,5,302.57,9,302.57,300.58,300.58,5,,,,,,,,,,,,,,,,,,,302.57,9,302.96,2,303.0,69,,,,,,,,,,,,,,
2025-04-10 09:30:51,301.575,301.58,1,300.58,5,302.57,9,302.57,300.58,300.58,5,,,,,,,,,,,,,,,,,,,302.57,9,302.96,2,303.0,69,,,,,,,,,,,,,,
2025-04-10 09:30:52,301.42,300.99,1,300.58,5,302.26,5,302.26,300.58,300.58,5,,,,,,,,,,,,,,,,,,,302.26,5,302.57,9,302.96,2,303.0,69,,,,,,,,,,,,
2025-04-10 09:30:53,301.42,300.99,1,300.58,5,302.26,5,302.26,300.58,300.58,5,,,,,,,,,,,,,,,,,,,302.26,5,302.57,9,302.96,2,303.0,69,,,,,,,,,,,,
2025-04-10 09:30:54,300.57,300.58,1,300.13,5,301.01,6,301.01,300.13,300.13,5,300.06,6,,,,,,,,,,,,,,,,,301.01,6,301.13,2,301.43,3,301.94,1,302.25,1,302.26,5,302.57,9,302.96,2,303.0,69,,
2025-04-10 09:30:55,300.57,300.5,1,300.13,5,301.01,6,301.01,300.13,300.13,5,300.06,6,,,,,,,,,,,,,,,,,301.01,6,301.13,2,301.43,3,301.94,1,302.25,1,302.26,5,302.57,9,302.96,2,303.0,69,,
2025-04-10 09:30:56,300.57,300.5,1,300.13,5,301.01,6,301.01,300.13,300.13,5,300.06,6,,,,,,,,,,,,,,,,,301.01,6,301.13,2,301.43,3,301.94,1,302.25,1,302.26,5,302.57,9,302.96,2,303.0,69,,
2025-04-10 09:30:57,300.57,300.5,1,300.13,5,301.01,6,301.01,300.13,300.13,5,300.06,6,,,,,,,,,,,,,,,,,301.01,6,301.13,2,301.43,3,301.94,1,302.25,1,302.26,5,302.57,9,302.96,2,303.0,69,,
2025-04-10 09:30:58,300.57,300.5,1,300.13,5,301.01,6,301.01,300.13,300.13,5,300.06,6,,,,,,,,,,,,,,,,,301.01,6,301.13,2,301.43,3,301.94,1,302.25,1,302.26,5,302.57,9,302.96,2,303.0,69,,
2025-04-10 09:30:59,301.035,300.57,1,300.57,5,301.5,6,301.5,300.57,300.57,5,300.13,5,300.06,6,,,,,,,,,,,,,,,301.5,6,301.75,1,301.77,6,301.94,1,302.25,1,302.26,5,302.57,9,302.96,2,303.0,69,,
2025-04-10 09:31:00,301.035,300.57,1,300.57,5,301.5,6,301.5,300.57,300.57,5,300.13,5,300.06,6,,,,,,,,,,,,,,,301.5,6,301.75,1,301.77,6,301.94,1,302.25,1,302.26,5,302.57,9,302.96,2,303.0,69,,
2025-04-10 09:31:01,301.03,301.05,1,300.57,5,301.49,6,301.49,300.57,300.57,5,300.13,5,300.06,6,,,,,,,,,,,,,,,301.49,6,301.5,6,301.75,1,301.77,6,301.94,1,302.25,1,302.26,5,302.57,9,302.96,2,303.0,69
2025-04-10 09:31:02,301.03,301.05,1,300.57,6,301.49,7,301.49,300.57,300.57,6,300.13,5,300.06,6,,,,,,,,,,,,,,,301.49,7,301.5,6,301.75,1,301.77,6,301.94,1,302.25,1,302.26,5,302.57,9,302.96,2,303.0,69
2025-04-10 09:31:03,301.03,301.03,1,300.57,6,301.49,7,301.49,300.57,300.57,6,300.13,5,300.06,6,,,,,,,,,,,,,,,301.49,7,301.5,6,301.75,1,301.77,6,301.94,1,302.25,1,302.26,5,302.57,9,302.96,2,303.0,69
2025-04-10 09:31:04,301.42,301.42,1,300.84,6,302.0,5,302.0,300.84,300.84,6,300.76,5,300.57,6,300.13,5,300.06,6,,,,,,,,,,,302.0,5,302.01,5,302.25,1,302.26,5,302.57,9,302.96,2,303.0,69,,,,,,
2025-04-10 09:31:05,301.42,301.42,1,300.84,7,302.0,5,302.0,300.84,300.84,7,300.76,5,300.57,6,300.13,5,300.06,6,,,,,,,,,,,302.0,5,302.01,5,302.25,1,302.26,5,302.57,9,302.96,2,303.0,69,,,,,,
2025-04-10 09:31:06,301.42,301.42,1,300.84,7,302.0,5,302.0,300.84,300.84,7,300.76,5,300.57,6,300.13,5,300.06,6,,,,,,,,,,,302.0,5,302.01,5,302.25,1,302.26,5,302.57,9,302.96,2,303.0,69,,,,,,
2025-04-10 09:31:07,301.42,301.42,1,300.84,7,302.0,5,302.0,300.84,300.84,7,300.76,5,300.57,6,300.13,5,300.06,6,,,,,,,,,,,302.0,5,302.01,5,302.25,1,302.26,5,302.57,9,302.96,2,303.0,69,,,,,,
2025-04-10 09:31:08,301.415,301.42,1,300.84,7,301.99,5,301.99,300.84,300.84,7,300.76,5,300.57,6,300.13,5,300.06,6,,,,,,,,,,,301.99,5,302.0,5,302.01,5,302.25,1,302.26,5,302.57,9,302.96,2,303.0,69,,,,
2025-04-10 09:31:09,301.405,301.42,1,300.84,7,301.97,5,301.97,300.84,300.84,7,300.76,5,300.57,6,300.13,5,300.06,6,,,,,,,,,,,301.97,5,301.98,5,301.99,5,302.0,5,302.01,5,302.25,1,302.26,5,302.57,9,302.96,2,303.0,69
2025-04-10 09:31:10,301.405,301.42,1,300.84,7,301.97,5,301.97,300.84,300.84,7,300.76,5,300.57,6,300.13,5,300.06,6,,,,,,,,,,,301.97,5,301.98,5,301.99,5,302.0,5,302.01,5,302.25,1,302.26,5,302.57,9,302.96,2,303.0,69
2025-04-10 09:31:11,301.4,301.42,1,300.84,7,301.96,7,301.96,300.84,300.84,7,300.76,5,300.57,6,300.13,5,300.06,6,,,,,,,,,,,301.96,7,301.97,5,301.98,5,301.99,5,302.0,5,302.01,5,302.25,1,302.26,5,302.57,9,302.96,2
2025-04-10 09:31:12,301.395,301.42,1,300.84,7,301.95,5,301.95,300.84,300.84,7,300.76,5,300.57,6,300.13,5,300.06,6,,,,,,,,,,,301.95,5,301.96,7,301.97,5,301.98,5,301.99,5,302.0,5,302.01,5,302.25,1,302.26,5,302.57,9
2025-04-10 09:31:13,301.395,301.42,1,300.84,7,301.95,5,301.95,300.84,300.84,7,300.76,5,300.57,6,300.13,5,300.06,6,,,,,,,,,,,301.95,5,301.96,7,301.97,5,301.98,5,301.99,5,302.0,5,302.01,5,302.25,1,302.26,5,302.57,9
2025-04-10 09:31:14,301.39,301.42,1,300.84,7,301.94,5,301.94,300.84,300.84,7,300.76,5,300.57,6,300.13,5,300.06,6,,,,,,,,,,,301.94,5,301.95,5,301.96,7,301.97,5,301.98,5,301.99,5,302.0,5,302.01,5,302.25,1,302.26,5
2025-04-10 09:31:15,301.385,301.42,1,300.84,7,301.93,5,301.93,300.84,300.84,7,300.76,5,300.57,6,300.13,5,300.06,6,,,,,,,,,,,301.93,5,301.94,5,301.95,5,301.96,7,301.97,5,301.98,5,301.99,5,302.0,5,302.01,5,302.25,1
2025-04-10 09:31:16,301.385,301.42,1,300.84,7,301.93,5,301.93,300.84,300.84,7,300.76,5,300.57,6,300.13,5,300.06,6,,,,,,,,,,,301.93,5,301.94,5,301.95,5,301.96,7,301.97,5,301.98,5,301.99,5,302.0,5,302.01,5,302.25,1
2025-04-10 09:31:17,301.38,301.42,1,300.84,7,301.92,5,301.92,300.84,300.84,7,300.76,5,300.57,6,300.13,5,300.06,6,,,,,,,,,,,301.92,5,301.93,5,301.94,5,301.95,5,301.96,7,301.97,5,301.98,5,301.99,5,302.0,5,302.01,5
2025-04-10 09:31:18,301.38,301.42,1,300.84,7,301.92,5,301.92,300.84,300.84,7,300.76,5,300.57,6,300.13,5,300.06,6,,,,,,,,,,,301.92,5,301.93,5,301.94,5,301.95,5,301.96,7,301.97,5,301.98,5,301.99,5,302.0,5,302.01,5
2025-04-10 09:31:19,301.375,301.42,1,300.84,7,301.91,5,301.91,300.84,300.84,7,300.76,5,300.57,6,300.13,5,300.06,6,,,,,,,,,,,301.91,5,301.92,5,301.93,5,301.94,5,301.95,5,301.96,7,301.97,5,301.98,5,301.99,5,302.0,5
2025-04-10 09:31:20,301.375,301.42,1,300.84,7,301.91,5,301.91,300.84,300.84,7,300.76,5,300.57,6,300.13,5,300.06,6,,,,,,,,,,,301.91,5,301.92,5,301.93,5,301.94,5,301.95,5,301.96,7,301.97,5,301.98,5,301.99,5,302.0,5
2025-04-10 09:31:21,301.37,301.42,1,300.84,7,301.9,6,301.9,300.84,300.84,7,300.76,5,300.57,6,300.13,5,300.06,6,,,,,,,,,,,301.9,6,301.91,5,301.92,5,301.93,5,301.94,5,301.95,5,301.96,7,301.97,5,301.98,5,301.99,5
2025-04-10 09:31:22,301.37,301.42,1,300.84,7,301.9,6,301.9,300.84,300.84,7,300.76,5,300.57,6,300.13,5,300.06,6,,,,,,,,,,,301.9,6,301.91,5,301.92,5,301.93,5,301.94,5,301.95,5,301.96,7,301.97,5,301.98,5,301.99,5
2025-04-10 09:31:23,301.37,301.42,1,300.84,7,301.9,7,301.9,300.84,300.84,7,300.76,5,300.57,6,300.13,5,300.06,6,,,,,,,,,,,301.9,7,301.91,5,301.92,5,301.93,5,301.94,5,301.95,5,301.96,7,301.97,5,301.98,5,301.99,5
2025-04-10 09:31:24,301.37,301.42,1,300.84,7,301.9,8,301.9,300.84,300.84,7,300.76,5,300.57,6,300.13,5,300.06,6,,,,,,,,,,,301.9,8,301.91,5,301.92,5,301.93,5,301.94,5,301.95,5,301.96,7,301.97,5,301.98,5,301.99,5
2025-04-10 09:31:25,301.37,301.42,1,300.84,7,301.9,8,301.9,300.84,300.84,7,300.76,5,300.57,6,300.13,5,300.06,6,,,,,,,,,,,301.9,8,301.91,5,301.92,5,301.93,5,301.94,5,301.95,5,301.96,7,301.97,5,301.98,5,301.99,5
2025-04-10 09:31:26,301.365,301.42,1,300.84,7,301.89,2,301.89,300.84,300.84,7,300.76,5,300.57,6,300.13,5,300.06,6,,,,,,,,,,,301.89,2,301.9,9,301.91,5,301.92,5,301.93,5,301.94,5,301.95,5,301.96,7,301.97,5,301.98,5
2025-04-10 09:31:27,301.365,301.42,1,300.84,7,301.89,2,301.89,300.84,300.84,7,300.76,5,300.57,6,300.13,5,300.06,6,,,,,,,,,,,301.89,2,301.9,9,301.91,5,301.92,5,301.93,5,301.94,5,301.95,5,301.96,7,301.97,5,301.98,5
2025-04-10 09:31:28,301.365,301.42,1,300.84,7,301.89,2,301.89,300.84,300.84,7,300.76,5,300.57,6,300.13,5,300.06,6,,,,,,,,,,,301.89,2,301.9,9,301.91,5,301.92,5,301.93,5,301.94,5,301.95,5,301.96,7,301.97,5,301.98,5
2025-04-10 09:31:29,301.365,301.42,1,300.84,7,301.89,2,301.89,300.84,300.84,7,300.76,5,300.57,6,300.13,5,300.06,6,,,,,,,,,,,301.89,2,301.9,9,301.91,5,301.92,5,301.93,5,301.94,5,301.95,5,301.96,7,301.97,5,301.98,5
2025-04-10 09:31:30,301.365,301.42,1,300.84,7,301.89,2,301.89,300.84,300.84,7,300.76,5,300.57,6,300.13,5,300.06,6,,,,,,,,,,,301.89,2,301.9,9,301.91,5,301.92,5,301.93,5,301.94,5,301.95,5,301.96,7,301.97,5,301.98,5
2025-04-10 09:31:31,301.365,301.42,1,300.84,7,301.89,3,301.89,300.84,300.84,7,300.76,5,300.57,6,300.13,5,300.06,6,,,,,,,,,,,301.89,3,301.9,9,301.91,5,301.92,5,301.93,5,301.94,5,301.95,5,301.96,7,301.97,5,301.98,5
2025-04-10 09:31:32,301.365,301.42,1,300.84,7,301.89,3,301.89,300.84,300.84,7,300.76,5,300.57,6,300.13,5,300.06,6,,,,,,,,,,,301.89,3,301.9,9,301.91,5,301.92,5,301.93,5,301.94,5,301.95,5,301.96,7,301.97,5,301.98,5
2025-04-10 09:31:33,301.365,301.42,1,300.84,7,301.89,3,301.89,300.84,300.84,7,300.76,5,300.57,6,300.13,5,300.06,6,,,,,,,,,,,301.89,3,301.9,9,301.91,5,301.92,5,301.93,5,301.94,5,301.95,5,301.96,7,301.97,5,301.98,5
2025-04-10 09:31:34,301.365,301.42,1,300.84,7,301.89,3,301.89,300.84,300.84,7,300.76,5,300.57,6,300.13,5,300.06,6,,,,,,,,,,,301.89,3,301.9,9,301.91,5,301.92,5,301.93,5,301.94,5,301.95,5,301.96,7,301.97,5,301.98,5
2025-04-10 09:31:35,301.365,301.42,1,300.84,7,301.89,3,301.89,300.84,300.84,7,300.76,5,300.57,6,300.13,5,300.06,6,,,,,,,,,,,301.89,3,301.9,9,301.91,5,301.92,5,301.93,5,301.94,5,301.95,5,301.96,7,301.97,5,301.98,5
2025-04-10 09:31:36,301.365,301.37,1,300.84,7,301.89,3,301.89,300.84,300.84,7,300.76,5,300.57,6,300.13,5,300.06,6,,,,,,,,,,,301.89,3,301.9,9,301.91,5,301.92,5,301.93,5,301.94,5,301.95,5,301.96,7,301.97,5,301.98,5
2025-04-10 09:31:37,301.365,301.37,1,300.84,7,301.89,3,301.89,300.84,300.84,7,300.76,5,300.57,6,300.13,5,300.06,6,,,,,,,,,,,301.89,3,301.9,9,301.91,5,301.92,5,301.93,5,301.94,5,301.95,5,301.96,7,301.97,5,301.98,5
2025-04-10 09:31:38,301.365,301.37,1,300.84,7,301.89,3,301.89,300.84,300.84,7,300.76,5,300.57,6,300.13,5,300.06,6,,,,,,,,,,,301.89,3,301.9,9,301.91,5,301.92,5,301.93,5,301.94,5,301.95,5,301.96,7,301.97,5,301.98,5
2025-04-10 09:31:39,301.365,301.37,1,300.84,7,301.89,3,301.89,300.84,300.84,7,300.76,5,300.57,6,300.13,5,300.06,6,,,,,,,,,,,301.89,3,301.9,9,301.91,5,301.92,5,301.93,5,301.94,5,301.95,5,301.96,7,301.97,5,301.98,5
2025-04-10 09:31:40,301.365,301.37,1,300.84,7,301.89,3,301.89,300.84,300.84,7,300.76,5,300.57,6,300.13,5,300.06,6,,,,,,,,,,,301.89,3,301.9,9,301.91,5,301.92,5,301.93,5,301.94,5,301.95,5,301.96,7,301.97,5,301.98,5
2025-04-10 09:31:41,301.365,301.37,1,300.84,7,301.89,3,301.89,300.84,300.84,7,300.76,5,300.57,6,300.13,5,300.06,6,,,,,,,,,,,301.89,3,301.9,9,301.91,5,301.92,5,301.93,5,301.94,5,301.95,5,301.96,7,301.97,5,301.98,5
2025-04-10 09:31:42,301.365,301.37,1,300.84,7,301.89,3,301.89,300.84,300.84,7,300.76,5,300.57,6,300.13,5,300.06,6,,,,,,,,,,,301.89,3,301.9,9,301.91,5,301.92,5,301.93,5,301.94,5,301.95,5,301.96,7,301.97,5,301.98,5
2025-04-10 09:31:43,301.365,301.37,1,300.84,7,301.89,3,301.89,300.84,300.84,7,300.76,5,300.57,6,300.13,5,300.06,6,,,,,,,,,,,301.89,3,301.9,9,301.91,5,301.92,5,301.93,5,301.94,5,301.95,5,301.96,7,301.97,5,301.98,5
2025-04-10 09:31:44,301.365,301.37,1,300.84,7,301.89,3,301.89,300.84,300.84,7,300.76,5,300.57,6,300.13,5,300.06,6,,,,,,,,,,,301.89,3,301.9,9,301.91,5,301.92,5,301.93,5,301.94,5,301.95,5,301.96,7,301.97,5,301.98,5
2025-04-10 09:31:45,301.365,301.37,1,300.84,7,301.89,3,301.89,300.84,300.84,7,300.76,5,300.57,6,300.13,5,300.06,6,,,,,,,,,,,301.89,3,301.9,9,301.91,5,301.92,5,301.93,5,301.94,5,301.95,5,301.96,7,301.97,5,301.98,5
2025-04-10 09:31:46,301.71,301.65,1,301.41,3,302.01,7,302.01,301.41,301.41,3,301.3,1,300.85,4,300.84,11,300.76,5,300.57,6,300.13,5,300.06,6,,,,,302.01,7,302.25,1,302.26,5,302.57,9,302.96,2,303.0,69,,,,,,,,
2025-04-10 09:31:47,301.71,301.71,1,301.41,3,302.01,7,302.01,301.41,301.41,3,301.3,1,300.85,4,300.84,11,300.76,5,300.57,6,300.13,5,300.06,6,,,,,302.01,7,302.25,1,302.26,5,302.57,9,302.96,2,303.0,69,,,,,,,,
2025-04-10 09:31:48,301.71,301.71,1,301.41,4,302.01,7,302.01,301.41,301.41,4,301.3,1,300.85,4,300.84,11,300.76,5,300.57,6,300.13,5,300.06,6,,,,,302.01,7,302.25,1,302.26,5,302.57,9,302.96,2,303.0,69,,,,,,,,
2025-04-10 09:31:49,301.71,301.71,1,301.41,4,302.01,7,302.01,301.41,301.41,4,301.3,1,300.85,4,300.84,11,300.76,5,300.57,6,300.13,5,300.06,6,,,,,302.01,7,302.25,1,302.26,5,302.57,9,302.96,2,303.0,69,,,,,,,,
2025-04-10 09:31:50,301.71,301.71,1,301.41,4,302.01,7,302.01,301.41,301.41,4,301.3,1,300.85,4,300.84,11,300.76,5,300.57,6,300.13,5,300.06,6,,,,,302.01,7,302.25,1,302.26,5,302.57,9,302.96,2,303.0,69,,,,,,,,
2025-04-10 09:31:51,301.905,301.9,1,301.48,2,302.33,4,302.33,301.48,301.48,2,301.47,2,301.42,2,301.41,4,301.3,1,300.85,4,300.84,11,300.76,5,300.57,6,300.13,5,302.33,4,302.49,3,302.57,9,302.96,2,303.0,69,,,,,,,,,,
2025-04-10 09:31:52,301.905,301.9,1,301.48,2,302.33,4,302.33,301.48,301.48,2,301.47,2,301.42,2,301.41,4,301.3,1,300.85,4,300.84,11,300.76,5,300.57,6,300.13,5,302.33,4,302.49,3,302.57,9,302.96,2,303.0,69,,,,,,,,,,
2025-04-10 09:31:53,301.905,301.9,1,301.48,2,302.33,4,302.33,301.48,301.48,2,301.47,2,301.42,2,301.41,4,301.3,1,300.85,4,300.84,11,300.76,5,300.57,6,300.13,5,302.33,4,302.49,3,302.57,9,302.96,2,303.0,69,,,,,,,,,,
2025-04-10 09:31:54,301.905,301.9,1,301.48,2,302.33,4,302.33,301.48,301.48,2,301.47,2,301.42,2,301.41,4,301.3,1,300.85,4,300.84,11,300.76,5,300.57,6,300.13,5,302.33,4,302.49,3,302.57,9,302.96,2,303.0,69,,,,,,,,,,
2025-04-10 09:31:55,301.905,301.9,1,301.48,2,302.33,4,302.33,301.48,301.48,2,301.47,2,301.42,2,301.41,4,301.3,1,300.85,4,300.84,11,300.76,5,300.57,6,300.13,5,302.33,4,302.49,3,302.57,9,302.96,2,303.0,69,,,,,,,,,,
2025-04-10 09:31:56,301.905,301.9,1,301.48,2,302.33,4,302.33,301.48,301.48,2,301.47,2,301.42,2,301.41,4,301.3,1,300.85,4,300.84,11,300.76,5,300.57,6,300.13,5,302.33,4,302.49,3,302.57,9,302.96,2,303.0,69,,,,,,,,,,
2025-04-10 09:31:57,301.905,301.9,1,301.48,5,302.33,4,302.33,301.48,301.48,5,301.47,2,301.42,2,301.41,4,301.3,1,300.85,4,300.84,11,300.76,5,300.57,6,300.13,5,302.33,4,302.49,3,302.57,9,302.96,2,303.0,69,,,,,,,,,,
2025-04-10 09:31:58,301.905,301.9,1,301.48,5,302.33,4,302.33,301.48,301.48,5,301.47,2,301.42,2,301.41,4,301.3,1,300.85,4,300.84,11,300.76,5,300.57,6,300.13,5,302.33,4,302.49,3,302.57,9,302.96,2,303.0,69,,,,,,,,,,
2025-04-10 09:31:59,301.905,301.9,1,301.48,5,302.33,4,302.33,301.48,301.48,5,301.47,2,301.42,2,301.41,4,301.3,1,300.85,4,300.84,11,300.76,5,300.57,6,300.13,5,302.33,4,302.49,3,302.57,9,302.96,2,303.0,69,,,,,,,,,,
2025-04-10 09:32:00,301.905,301.9,1,301.48,5,302.33,4,302.33,301.48,301.48,5,301.47,2,301.42,2,301.41,4,301.3,1,300.85,4,300.84,11,300.76,5,300.57,6,300.13,5,302.33,4,302.49,3,302.57,9,302.96,2,303.0,69,,,,,,,,,,
2025-04-10 09:32:01,301.905,301.9,1,301.48,5,302.33,4,302.33,301.48,301.48,5,301.47,2,301.42,2,301.41,4,301.3,1,300.85,4,300.84,11,300.76,5,300.57,6,300.13,5,302.33,4,302.49,3,302.57,9,302.96,2,303.0,69,,,,,,,,,,
2025-04-10 09:32:02,301.905,301.9,1,301.48,5,302.33,4,302.33,301.48,301.48,5,301.47,2,301.42,2,301.41,4,301.3,1,300.85,4,300.84,11,300.76,5,300.57,6,300.13,5,302.33,4,302.49,3,302.57,9,302.96,2,303.0,69,,,,,,,,,,
2025-04-10 09:32:03,301.905,301.9,1,301.48,5,302.33,4,302.33,301.48,301.48,5,301.47,2,301.42,2,301.41,4,301.3,1,300.85,4,300.84,11,300.76,5,300.57,6,300.13,5,302.33,4,302.49,3,302.57,9,302.96,2,303.0,69,,,,,,,,,,
2025-04-10 09:32:04,301.905,301.9,1,301.48,5,302.33,4,302.33,301.48,301.48,5,301.47,2,301.42,2,301.41,4,301.3,1,300.85,4,300.84,11,300.76,5,300.57,6,300.13,5,302.33,4,302.49,3,302.57,9,302.96,2,303.0,69,,,,,,,,,,
2025-04-10 09:32:05,301.905,301.9,1,301.48,5,302.33,4,302.33,301.48,301.48,5,301.47,2,301.42,2,301.41,4,301.3,1,300.85,4,300.84,11,300.76,5,300.57,6,300.13,5,302.33,4,302.49,3,302.57,9,302.96,2,303.0,69,,,,,,,,,,
2025-04-10 09:32:06,301.905,301.9,1,301.48,5,302.33,4,302.33,301.48,301.48,5,301.47,2,301.42,2,301.41,4,301.3,1,300.85,4,300.84,11,300.76,5,300.57,6,300.13,5,302.33,4,302.49,3,302.57,9,302.96,2,303.0,69,,,,,,,,,,
2025-04-10 09:32:07,301.905,301.9,1,301.48,5,302.33,4,302.33,301.48,301.48,5,301.47,2,301.42,2,301.41,4,301.3,1,300.85,4,300.84,11,300.76,5,300.57,6,300.13,5,302.33,4,302.49,3,302.57,9,302.96,2,303.0,69,,,,,,,,,,
2025-04-10 09:32:08,301.445,301.49,1,300.56,3,302.33,8,302.33,300.56,300.56,3,300.55,2,300.13,5,300.06,6,,,,,,,,,,,,,302.33,8,302.49,3,302.57,9,302.96,2,303.0,69,,,,,,,,,,
2025-04-10 09:32:09,301.445,301.49,1,300.56,2,302.33,8,302.33,300.56,300.56,2,300.55,2,300.13,5,300.06,6,,,,,,,,,,,,,302.33,8,302.49,3,302.57,9,302.96,2,303.0,69,,,,,,,,,,
2025-04-10 09:32:10,301.38,301.49,1,300.56,2,302.2,4,302.2,300.56,300.56,2,300.55,2,300.13,5,300.06,6,,,,,,,,,,,,,302.2,4,302.25,4,302.33,8,302.49,3,302.57,9,302.96,2,303.0,69,,,,,,
2025-04-10 09:32:11,301.33,301.49,1,300.56,2,302.1,4,302.1,300.56,300.56,2,300.55,2,300.13,5,300.06,6,,,,,,,,,,,,,302.1,4,302.13,4,302.2,4,302.25,4,302.33,8,302.49,3,302.57,9,302.96,2,303.0,69,,
2025-04-10 09:32:12,301.315,301.04,1,300.56,2,302.07,4,302.07,300.56,300.56,2,300.55,2,300.13,5,300.06,6,,,,,,,,,,,,,302.07,4,302.1,4,302.13,4,302.2,4,302.25,4,302.33,8,302.49,3,302.57,9,302.96,2,303.0,69
2025-04-10 09:32:13,301.27,301.04,1,300.56,2,301.98,4,301.98,300.56,300.56,2,300.55,2,300.13,5,300.06,6,,,,,,,,,,,,,301.98,4,302.07,4,302.1,4,302.13,4,302.2,4,302.25,4,302.33,8,302.49,3,302.57,9,302.96,2
2025-04-10 09:32:14,301.24,301.04,1,300.56,2,301.92,4,301.92,300.56,300.56,2,300.55,2,300.13,5,300.06,6,,,,,,,,,,,,,301.92,4,301.98,4,302.07,4,302.1,4,302.13,4,302.2,4,302.25,4,302.33,8,302.49,3,302.57,9
2025-04-10 09:32:15,301.24,301.04,1,300.56,2,301.92,4,301.92,300.56,300.56,2,300.55,2,300.13,5,300.06,6,,,,,,,,,,,,,301.92,4,301.98,4,302.07,4,302.1,4,302.13,4,302.2,4,302.25,4,302.33,8,302.49,3,302.57,9
2025-04-10 09:32:16,301.23,301.04,1,300.56,2,301.9,4,301.9,300.56,300.56,2,300.55,2,300.13,5,300.06,6,,,,,,,,,,,,,301.9,4,301.92,4,301.98,4,302.07,4,302.1,4,302.13,4,302.2,4,302.25,4,302.33,8,302.49,3
2025-04-10 09:32:17,301.095,301.15,1,300.29,2,301.9,7,301.9,300.29,300.29,2,300.13,5,300.06,6,,,,,,,,,,,,,,,301.9,7,301.92,4,301.98,4,302.07,4,302.1,4,302.13,4,302.2,4,302.25,4,302.33,8,302.49,3
2025-04-10 09:32:18,301.02,301.15,1,300.29,2,301.75,7,301.75,300.29,300.29,2,300.13,5,300.06,6,,,,,,,,,,,,,,,301.75,7,301.9,7,301.92,4,301.98,4,302.07,4,302.1,4,302.13,4,302.2,4,302.25,4,302.33,8
2025-04-10 09:32:19,300.985,300.89,1,300.29,2,301.68,4,301.68,300.29,300.29,2,300.13,5,300.06,6,,,,,,,,,,,,,,,301.68,4,301.75,7,301.9,7,301.92,4,301.98,4,302.07,4,302.1,4,302.13,4,302.2,4,302.25,4
2025-04-10 09:32:20,300.985,300.89,1,300.29,2,301.68,4,301.68,300.29,300.29,2,300.13,5,300.06,6,,,,,,,,,,,,,,,301.68,4,301.75,7,301.9,7,301.92,4,301.98,4,302.07,4,302.1,4,302.13,4,302.2,4,302.25,4
2025-04-10 09:32:21,300.97,300.89,1,300.29,2,301.65,3,301.65,300.29,300.29,2,300.13,5,300.06,6,,,,,,,,,,,,,,,301.65,3,301.68,4,301.75,7,301.9,7,301.92,4,301.98,4,302.07,4,302.1,4,302.13,4,302.2,4
2025-04-10 09:32:22,300.97,300.89,1,300.29,2,301.65,4,301.65,300.29,300.29,2,300.13,5,300.06,6,,,,,,,,,,,,,,,301.65,4,301.68,4,301.75,7,301.9,7,301.92,4,301.98,4,302.07,4,302.1,4,302.13,4,302.2,4
2025-04-10 09:32:23,300.96,300.89,1,300.29,2,301.63,4,301.63,300.29,300.29,2,300.13,5,300.06,6,,,,,,,,,,,,,,,301.63,4,301.65,4,301.68,4,301.75,7,301.9,7,301.92,4,301.98,4,302.07,4,302.1,4,302.13,4
2025-04-10 09:32:24,300.955,300.89,1,300.29,2,301.62,4,301.62,300.29,300.29,2,300.13,5,300.06,6,,,,,,,,,,,,,,,301.62,4,301.63,4,301.65,4,301.68,4,301.75,7,301.9,7,301.92,4,301.98,4,302.07,4,302.1,4
2025-04-10 09:32:25,300.955,300.89,1,300.29,2,301.62,4,301.62,300.29,300.29,2,300.13,5,300.06,6,,,,,,,,,,,,,,,301.62,4,301.63,4,301.65,4,301.68,4,301.75,7,301.9,7,301.92,4,301.98,4,302.07,4,302.1,4
2025-04-10 09:32:26,300.95,300.89,1,300.29,2,301.61,4,301.61,300.29,300.29,2,300.13,5,300.06,6,,,,,,,,,,,,,,,301.61,4,301.62,4,301.63,4,301.65,4,301.68,4,301.75,7,301.9,7,301.92,4,301.98,4,302.07,4
2025-04-10 09:32:27,300.95,300.89,1,300.29,2,301.61,4,301.61,300.29,300.29,2,300.13,5,300.06,6,,,,,,,,,,,,,,,301.61,4,301.62,4,301.63,4,301.65,4,301.68,4,301.75,7,301.9,7,301.92,4,301.98,4,302.07,4
2025-04-10 09:32:28,300.945,300.89,1,300.29,2,301.6,4,301.6,300.29,300.29,2,300.13,5,300.06,6,,,,,,,,,,,,,,,301.6,4,301.61,4,301.62,4,301.63,4,301.65,4,301.68,4,301.75,7,301.9,7,301.92,4,301.98,4
2025-04-10 09:32:29,300.945,300.89,1,300.29,2,301.6,4,301.6,300.29,300.29,2,300.13,5,300.06,6,,,,,,,,,,,,,,,301.6,4,301.61,4,301.62,4,301.63,4,301.65,4,301.68,4,301.75,7,301.9,7,301.92,4,301.98,4
2025-04-10 09:32:30,300.945,300.89,1,300.29,2,301.6,4,301.6,300.29,300.29,2,300.13,5,300.06,6,,,,,,,,,,,,,,,301.6,4,301.61,4,301.62,4,301.63,4,301.65,4,301.68,4,301.75,7,301.9,7,301.92,4,301.98,4
2025-04-10 09:32:31,300.945,300.95,1,300.29,2,301.6,4,301.6,300.29,300.29,2,300.13,5,300.06,6,,,,,,,,,,,,,,,301.6,4,301.61,4,301.62,4,301.63,4,301.65,4,301.68,4,301.75,7,301.9,7,301.92,4,301.98,4
2025-04-10 09:32:32,301.09,300.95,1,300.58,2,301.6,6,301.6,300.58,300.58,2,300.29,2,300.13,5,300.06,6,,,,,,,,,,,,,301.6,6,301.61,4,301.62,4,301.63,4,301.65,4,301.68,4,301.75,7,301.9,7,301.92,4,301.98,4
2025-04-10 09:32:33,301.09,300.95,1,300.58,2,301.6,6,301.6,300.58,300.58,2,300.29,2,300.13,5,300.06,6,,,,,,,,,,,,,301.6,6,301.61,4,301.62,4,301.63,4,301.65,4,301.68,4,301.75,7,301.9,7,301.92,4,301.98,4
2025-04-10 09:32:34,301.09,300.95,1,300.58,2,301.6,6,301.6,300.58,300.58,2,300.29,2,300.13,5,300.06,6,,,,,,,,,,,,,301.6,6,301.61,4,301.62,4,301.63,4,301.65,4,301.68,4,301.75,7,301.9,7,301.92,4,301.98,4
2025-04-10 09:32:35,301.09,300.95,1,300.58,2,301.6,6,301.6,300.58,300.58,2,300.29,2,300.13,5,300.06,6,,,,,,,,,,,,,301.6,6,301.61,4,301.62,4,301.63,4,301.65,4,301.68,4,301.75,7,301.9,7,301.92,4,301.98,4
2025-04-10 09:32:36,301.085,300.95,1,300.58,2,301.59,4,301.59,300.58,300.58,2,300.29,2,300.13,5,300.06,6,,,,,,,,,,,,,301.59,4,301.6,9,301.61,4,301.62,4,301.63,4,301.65,4,301.68,4,301.75,7,301.9,7,301.92,4
2025-04-10 09:32:37,301.085,300.95,1,300.58,2,301.59,4,301.59,300.58,300.58,2,300.29,2,300.13,5,300.06,6,,,,,,,,,,,,,301.59,4,301.6,9,301.61,4,301.62,4,301.63,4,301.65,4,301.68,4,301.75,7,301.9,7,301.92,4
2025-04-10 09:32:38,301.085,301.08,1,300.58,2,301.59,4,301.59,300.58,300.58,2,300.29,2,300.13,5,300.06,6,,,,,,,,,,,,,301.59,4,301.6,9,301.61,4,301.62,4,301.63,4,301.65,4,301.68,4,301.75,7,301.9,7,301.92,4
2025-04-10 09:32:39,301.085,300.74,1,300.58,2,301.59,5,301.59,300.58,300.58,2,300.29,2,300.13,5,300.06,6,,,,,,,,,,,,,301.59,5,301.6,9,301.61,4,301.62,4,301.63,4,301.65,4,301.68,4,301.75,7,301.9,7,301.92,4
2025-04-10 09:32:40,300.45,300.45,1,300.06,6,300.84,11,300.84,300.06,300.06,6,,,,,,,,,,,,,,,,,,,300.84,11,301.08,3,301.58,5,301.59,5,301.6,9,301.61,4,301.62,4,301.63,4,301.65,4,301.68,4
2025-04-10 09:32:41,300.445,300.45,1,300.06,6,300.83,8,300.83,300.06,300.06,6,,,,,,,,,,,,,,,,,,,300.83,8,300.84,11,301.08,3,301.58,5,301.59,5,301.6,9,301.61,4,301.62,4,301.63,4,301.65,4
2025-04-10 09:32:42,300.445,300.44,1,300.06,6,300.83,8,300.83,300.06,300.06,6,,,,,,,,,,,,,,,,,,,300.83,8,300.84,11,301.08,3,301.58,5,301.59,5,301.6,9,301.61,4,301.62,4,301.63,4,301.65,4
2025-04-10 09:32:43,300.445,300.44,1,300.06,6,300.83,9,300.83,300.06,300.06,6,,,,,,,,,,,,,,,,,,,300.83,9,300.84,11,301.08,3,301.58,5,301.59,5,301.6,9,301.61,4,301.62,4,301.63,4,301.65,4
2025-04-10 09:32:44,300.545,300.59,1,300.26,1,300.83,8,300.83,300.26,300.26,1,300.25,1,300.06,7,,,,,,,,,,,,,,,300.83,8,300.84,11,301.08,3,301.58,5,301.59,5,301.6,9,301.61,4,301.62,4,301.63,4,301.65,4
2025-04-10 09:32:45,300.545,300.59,1,300.26,1,300.83,7,300.83,300.26,300.26,1,300.25,1,300.06,7,,,,,,,,,,,,,,,300.83,7,300.84,11,301.08,3,301.58,5,301.59,5,301.6,9,301.61,4,301.62,4,301.63,4,301.65,4
2025-04-10 09:32:46,300.545,300.59,1,300.26,1,300.83,7,300.83,300.26,300.26,1,300.25,1,300.06,7,,,,,,,,,,,,,,,300.83,7,300.84,11,301.08,3,301.58,5,301.59,5,301.6,9,301.61,4,301.62,4,301.63,4,301.65,4
2025-04-10 09:32:47,300.445,300.54,1,300.06,7,300.83,7,300.83,300.06,300.06,7,,,,,,,,,,,,,,,,,,,300.83,7,300.84,11,301.08,3,301.58,5,301.59,5,301.6,9,301.61,4,301.62,4,301.63,4,301.65,4
2025-04-10 09:32:48,300.445,300.69,1,300.06,7,300.83,7,300.83,300.06,300.06,7,,,,,,,,,,,,,,,,,,,300.83,7,300.84,11,301.08,3,301.58,5,301.59,5,301.6,9,301.61,4,301.62,4,301.63,4,301.65,4
2025-04-10 09:32:49,300.6,300.47,1,300.38,1,300.82,3,300.82,300.38,300.38,1,300.19,1,300.07,4,300.06,7,,,,,,,,,,,,,300.82,3,300.83,5,300.84,11,301.08,3,301.58,5,301.59,5,301.6,9,301.61,4,301.62,4,301.63,4
2025-04-10 09:32:50,300.6,300.47,1,300.38,1,300.82,3,300.82,300.38,300.38,1,300.19,1,300.07,4,300.06,7,,,,,,,,,,,,,300.82,3,300.83,5,300.84,11,301.08,3,301.58,5,301.59,5,301.6,9,301.61,4,301.62,4,301.63,4
2025-04-10 09:32:51,300.44,300.47,1,300.06,7,300.82,9,300.82,300.06,300.06,7,,,,,,,,,,,,,,,,,,,300.82,9,300.83,5,300.84,11,301.08,3,301.58,5,301.59,5,301.6,9,301.61,4,301.62,4,301.63,4
2025-04-10 09:32:52,300.44,300.47,1,300.06,7,300.82,10,300.82,300.06,300.06,7,,,,,,,,,,,,,,,,,,,300.82,10,300.83,5,300.84,11,301.08,3,301.58,5,301.59,5,301.6,9,301.61,4,301.62,4,301.63,4
2025-04-10 09:32:53,300.44,300.47,1,300.06,7,300.82,10,300.82,300.06,300.06,7,,,,,,,,,,,,,,,,,,,300.82,10,300.83,5,300.84,11,301.08,3,301.58,5,301.59,5,301.6,9,301.61,4,301.62,4,301.63,4
2025-04-10 09:32:54,300.44,300.47,1,300.06,7,300.82,11,300.82,300.06,300.06,7,,,,,,,,,,,,,,,,,,,300.82,11,300.83,5,300.84,11,301.08,3,301.58,5,301.59,5,301.6,9,301.61,4,301.62,4,301.63,4
2025-04-10 09:32:55,300.44,300.55,1,300.06,7,300.82,10,300.82,300.06,300.06,7,,,,,,,,,,,,,,,,,,,300.82,10,300.83,5,300.84,11,301.08,3,301.58,5,301.59,5,301.6,9,301.61,4,301.62,4,301.63,4
2025-04-10 09:32:56,300.44,300.55,1,300.06,7,300.82,10,300.82,300.06,300.06,7,,,,,,,,,,,,,,,,,,,300.82,10,300.83,5,300.84,11,301.08,3,301.58,5,301.59,5,301.6,9,301.61,4,301.62,4,301.63,4
2025-04-10 09:32:57,300.44,300.55,1,300.06,7,300.82,10,300.82,300.06,300.06,7,,,,,,,,,,,,,,,,,,,300.82,10,300.83,5,300.84,11,301.08,3,301.58,5,301.59,5,301.6,9,301.61,4,301.62,4,301.63,4
2025-04-10 09:32:58,300.44,300.55,1,300.06,7,300.82,10,300.82,300.06,300.06,7,,,,,,,,,,,,,,,,,,,300.82,10,300.83,5,300.84,11,301.08,3,301.58,5,301.59,5,301.6,9,301.61,4,301.62,4,301.63,4
2025-04-10 09:32:59,300.44,300.55,1,300.06,7,300.82,10,300.82,300.06,300.06,7,,,,,,,,,,,,,,,,,,,300.82,10,300.83,5,300.84,11,301.08,3,301.58,5,301.59,5,301.6,9,301.61,4,301.62,4,301.63,4
2025-04-10 09:33:00,300.44,300.55,1,300.06,7,300.82,10,300.82,300.06,300.06,7,,,,,,,,,,,,,,,,,,,300.82,10,300.83,5,300.84,11,301.08,3,301.58,5,301.59,5,301.6,9,301.61,4,301.62,4,301.63,4
2025-04-10 09:33:01,300.445,300.44,1,300.07,1,300.82,9,300.82,300.07,300.07,1,300.06,7,,,,,,,,,,,,,,,,,300.82,9,300.83,5,300.84,11,301.08,3,301.58,5,301.59,5,301.6,9,301.61,4,301.62,4,301.63,4
2025-04-10 09:33:02,300.445,300.44,1,300.07,1,300.82,9,300.82,300.07,300.07,1,300.06,7,,,,,,,,,,,,,,,,,300.82,9,300.83,5,300.84,11,301.08,3,301.58,5,301.59,5,301.6,9,301.61,4,301.62,4,301.63,4
2025-04-10 09:33:03,300.445,300.82,1,300.06,7,300.83,7,300.83,300.06,300.06,7,,,,,,,,,,,,,,,,,,,300.83,7,301.46,2,301.58,5,301.59,5,301.6,9,301.61,4,301.62,4,301.63,4,301.65,4,301.68,4
2025-04-10 09:33:04,300.445,300.82,1,300.06,7,300.83,7,300.83,300.06,300.06,7,,,,,,,,,,,,,,,,,,,300.83,7,301.46,2,301.58,5,301.59,5,301.6,9,301.61,4,301.62,4,301.63,4,301.65,4,301.68,4
2025-04-10 09:33:05,300.445,300.82,1,300.06,7,300.83,7,300.83,300.06,300.06,7,,,,,,,,,,,,,,,,,,,300.83,7,301.46,2,301.58,5,301.59,5,301.6,9,301.61,4,301.62,4,301.63,4,301.65,4,301.68,4
2025-04-10 09:33:06,300.445,300.82,1,300.06,7,300.83,7,300.83,300.06,300.06,7,,,,,,,,,,,,,,,,,,,300.83,7,301.46,2,301.58,5,301.59,5,301.6,9,301.61,4,301.62,4,301.63,4,301.65,4,301.68,4
2025-04-10 09:33:07,300.76,300.66,1,300.06,8,301.46,6,301.46,300.06,300.06,8,,,,,,,,,,,,,,,,,,,301.46,6,301.58,5,301.59,5,301.6,9,301.61,4,301.62,4,301.63,4,301.65,4,301.68,4,301.75,7
2025-04-10 09:33:08,300.76,300.66,1,300.06,8,301.46,6,301.46,300.06,300.06,8,,,,,,,,,,,,,,,,,,,301.46,6,301.58,5,301.59,5,301.6,9,301.61,4,301.62,4,301.63,4,301.65,4,301.68,4,301.75,7
2025-04-10 09:33:09,300.76,300.66,1,300.06,8,301.46,6,301.46,300.06,300.06,8,,,,,,,,,,,,,,,,,,,301.46,6,301.58,5,301.59,5,301.6,9,301.61,4,301.62,4,301.63,4,301.65,4,301.68,4,301.75,7
2025-04-10 09:33:10,300.76,300.66,1,300.06,8,301.46,6,301.46,300.06,300.06,8,,,,,,,,,,,,,,,,,,,301.46,6,301.58,5,301.59,5,301.6,9,301.61,4,301.62,4,301.63,4,301.65,4,301.68,4,301.75,7
2025-04-10 09:33:11,300.76,300.66,1,300.06,8,301.46,6,301.46,300.06,300.06,8,,,,,,,,,,,,,,,,,,,301.46,6,301.58,5,301.59,5,301.6,9,301.61,4,301.62,4,301.63,4,301.65,4,301.68,4,301.75,7
2025-04-10 09:33:12,300.76,300.66,1,300.06,10,301.46,7,301.46,300.06,300.06,10,,,,,,,,,,,,,,,,,,,301.46,7,301.58,5,301.59,5,301.6,9,301.61,4,301.62,4,301.63,4,301.65,4,301.68,4,301.75,7
2025-04-10 09:33:13,300.76,300.66,1,300.06,10,301.46,7,301.46,300.06,300.06,10,,,,,,,,,,,,,,,,,,,301.46,7,301.58,5,301.59,5,301.6,9,301.61,4,301.62,4,301.63,4,301.65,4,301.68,4,301.75,7
2025-04-10 09:33:14,300.76,301.04,1,300.06,12,301.46,7,301.46,300.06,300.06,12,,,,,,,,,,,,,,,,,,,301.46,7,301.58,5,301.59,5,301.6,9,301.61,4,301.62,4,301.63,4,301.65,4,301.68,4,301.75,7
2025-04-10 09:33:15,300.76,301.04,1,300.06,12,301.46,7,301.46,300.06,300.06,12,,,,,,,,,,,,,,,,,,,301.46,7,301.58,5,301.59,5,301.6,9,301.61,4,301.62,4,301.63,4,301.65,4,301.68,4,301.75,7
2025-04-10 09:33:16,301.0,301.04,1,300.54,2,301.46,7,301.46,300.54,300.54,2,300.06,12,,,,,,,,,,,,,,,,,301.46,7,301.58,5,301.59,5,301.6,9,301.61,4,301.62,4,301.63,4,301.65,4,301.68,4,301.75,7
2025-04-10 09:33:17,301.0,301.04,1,300.54,2,301.46,7,301.46,300.54,300.54,2,300.06,12,,,,,,,,,,,,,,,,,301.46,7,301.58,5,301.59,5,301.6,9,301.61,4,301.62,4,301.63,4,301.65,4,301.68,4,301.75,7
2025-04-10 09:33:18,301.0,301.04,1,300.54,2,301.46,7,301.46,300.54,300.54,2,300.06,12,,,,,,,,,,,,,,,,,301.46,7,301.58,5,301.59,5,301.6,9,301.61,4,301.62,4,301.63,4,301.65,4,301.68,4,301.75,7
2025-04-10 09:33:19,301.0,301.04,1,300.54,2,301.46,7,301.46,300.54,300.54,2,300.06,12,,,,,,,,,,,,,,,,,301.46,7,301.58,5,301.59,5,301.6,9,301.61,4,301.62,4,301.63,4,301.65,4,301.68,4,301.75,7
2025-04-10 09:33:20,300.975,301.0,1,300.54,4,301.41,1,301.41,300.54,300.54,4,300.06,12,,,,,,,,,,,,,,,,,301.41,1,301.46,7,301.58,5,301.59,5,301.6,9,301.61,4,301.62,4,301.63,4,301.65,4,301.68,4
2025-04-10 09:33:21,301.57,301.46,1,301.3,1,301.84,3,301.84,301.3,301.3,1,301.01,1,300.98,1,300.97,3,300.96,2,300.56,4,300.55,3,300.54,5,300.06,12,,,301.84,3,302.25,3,302.3,3,302.33,8,302.49,3,302.57,9,302.96,2,303.0,69,,,,
2025-04-10 09:33:22,301.57,301.46,1,301.3,1,301.84,3,301.84,301.3,301.3,1,301.01,1,300.98,1,300.97,3,300.96,2,300.56,4,300.55,3,300.54,5,300.06,12,,,301.84,3,302.25,3,302.3,3,302.33,8,302.49,3,302.57,9,302.96,2,303.0,69,,,,
2025-04-10 09:33:23,301.81,301.8,1,301.3,2,302.32,4,302.32,301.3,301.3,2,301.01,1,300.98,1,300.97,3,300.96,2,300.56,4,300.55,3,300.54,5,300.06,12,,,302.32,4,302.33,8,302.49,3,302.57,9,302.96,2,303.0,69,,,,,,,,
2025-04-10 09:33:24,301.785,301.81,1,301.3,2,302.27,2,302.27,301.3,301.3,2,301.01,1,300.98,1,300.97,3,300.96,2,300.56,4,300.55,3,300.54,5,300.06,12,,,302.27,2,302.31,3,302.32,4,302.33,8,302.49,3,302.57,9,302.96,2,303.0,69,,,,
2025-04-10 09:33:25,301.785,301.81,1,301.3,2,302.27,4,302.27,301.3,301.3,2,301.01,1,300.98,1,300.97,3,300.96,2,300.56,4,300.55,3,300.54,5,300.06,12,,,302.27,4,302.31,3,302.32,4,302.33,8,302.49,3,302.57,9,302.96,2,303.0,69,,,,
2025-04-10 09:33:26,301.765,301.81,1,301.3,2,302.23,2,302.23,301.3,301.3,2,301.01,1,300.98,1,300.97,3,300.96,2,300.56,4,300.55,3,300.54,5,300.06,12,,,302.23,2,302.26,1,302.27,4,302.31,3,302.32,4,302.33,8,302.49,3,302.57,9,302.96,2,303.0,69
2025-04-10 09:33:27,301.765,301.81,1,301.3,2,302.23,2,302.23,301.3,301.3,2,301.01,1,300.98,1,300.97,3,300.96,2,300.56,4,300.55,3,300.54,5,300.06,12,,,302.23,2,302.26,1,302.27,4,302.31,3,302.32,4,302.33,8,302.49,3,302.57,9,302.96,2,303.0,69
2025-04-10 09:33:28,301.765,301.76,1,301.3,2,302.23,2,302.23,301.3,301.3,2,301.01,1,300.98,1,300.97,3,300.96,2,300.56,4,300.55,3,300.54,5,300.06,12,,,302.23,2,302.26,1,302.27,4,302.31,3,302.32,4,302.33,8,302.49,3,302.57,9,302.96,2,303.0,69
2025-04-10 09:33:29,301.73,301.76,1,301.3,2,302.16,2,302.16,301.3,301.3,2,301.01,1,300.98,1,300.97,3,300.96,2,300.56,4,300.55,3,300.54,5,300.06,12,,,302.16,2,302.23,2,302.26,1,302.27,4,302.31,3,302.32,4,302.33,8,302.49,3,302.57,9,302.96,2
2025-04-10 09:33:30,301.73,302.15,2,301.3,2,302.16,2,302.16,301.3,301.3,2,301.01,1,300.98,1,300.97,3,300.96,2,300.56,4,300.55,3,300.54,5,300.06,12,,,302.16,2,302.23,2,302.26,1,302.27,4,302.31,3,302.32,4,302.33,8,302.49,3,302.57,9,302.96,2
2025-04-10 09:33:31,301.73,302.15,2,301.3,2,302.16,2,302.16,301.3,301.3,2,301.01,1,300.98,1,300.97,3,300.96,2,300.56,4,300.55,3,300.54,5,300.06,12,,,302.16,2,302.23,2,302.26,1,302.27,4,302.31,3,302.32,4,302.33,8,302.49,3,302.57,9,302.96,2
2025-04-10 09:33:32,301.73,302.15,2,301.3,2,302.16,2,302.16,301.3,301.3,2,301.01,1,300.98,1,300.97,3,300.96,2,300.56,4,300.55,3,300.54,5,300.06,12,,,302.16,2,302.23,2,302.26,1,302.27,4,302.31,3,302.32,4,302.33,8,302.49,3,302.57,9,302.96,2
2025-04-10 09:33:33,301.37,301.54,1,301.0,2,301.74,4,301.74,301.0,301.0,2,300.98,1,300.97,3,300.96,2,300.56,4,300.55,3,300.54,5,300.06,12,,,,,301.74,4,301.77,3,302.16,2,302.23,2,302.26,1,302.27,4,302.31,3,302.32,4,302.33,8,302.49,3
2025-04-10 09:33:34,301.37,301.54,1,301.0,2,301.74,4,301.74,301.0,301.0,2,300.98,1,300.97,3,300.96,2,300.56,4,300.55,3,300.54,5,300.06,12,,,,,301.74,4,301.77,3,302.16,2,302.23,2,302.26,1,302.27,4,302.31,3,302.32,4,302.33,8,302.49,3
2025-04-10 09:33:35,301.37,301.54,1,301.0,8,301.74,4,301.74,301.0,301.0,8,300.98,1,300.97,3,300.96,2,300.56,4,300.55,3,300.54,5,300.06,12,,,,,301.74,4,301.77,3,302.16,2,302.23,2,302.26,1,302.27,4,302.31,3,302.32,4,302.33,8,302.49,3
2025-04-10 09:33:36,301.37,301.54,1,301.0,8,301.74,4,301.74,301.0,301.0,8,300.98,1,300.97,3,300.96,2,300.56,4,300.55,3,300.54,5,300.06,12,,,,,301.74,4,301.77,3,302.16,2,302.23,2,302.26,1,302.27,4,302.31,3,302.32,4,302.33,8,302.49,3
2025-04-10 09:33:37,301.71,301.5,1,301.3,8,302.12,1,302.12,301.3,301.3,8,301.0,8,300.98,1,300.97,3,300.96,2,300.56,4,300.55,3,300.54,5,300.06,12,,,302.12,1,302.16,3,302.26,1,302.27,4,302.31,3,302.32,4,302.33,8,302.49,3,302.57,9,302.96,2
2025-04-10 09:33:38,301.705,301.5,1,301.3,8,302.11,1,302.11,301.3,301.3,8,301.0,8,300.98,1,300.97,3,300.96,2,300.56,4,300.55,3,300.54,5,300.06,12,,,302.11,1,302.12,2,302.16,3,302.26,1,302.27,4,302.31,3,302.32,4,302.33,8,302.49,3,302.57,9
2025-04-10 09:33:39,301.705,301.5,1,301.3,8,302.11,1,302.11,301.3,301.3,8,301.0,8,300.98,1,300.97,3,300.96,2,300.56,4,300.55,3,300.54,5,300.06,12,,,302.11,1,302.12,2,302.16,3,302.26,1,302.27,4,302.31,3,302.32,4,302.33,8,302.49,3,302.57,9
2025-04-10 09:33:40,301.695,301.5,1,301.3,8,302.09,1,302.09,301.3,301.3,8,301.0,8,300.98,1,300.97,3,300.96,2,300.56,4,300.55,3,300.54,5,300.06,12,,,302.09,1,302.16,3,302.26,1,302.27,4,302.31,3,302.32,4,302.33,8,302.49,3,302.57,9,302.96,2
2025-04-10 09:33:41,301.73,301.5,1,301.3,8,302.16,3,302.16,301.3,301.3,8,301.0,8,300.98,1,300.97,3,300.96,2,300.56,4,300.55,3,300.54,5,300.06,12,,,302.16,3,302.26,1,302.27,4,302.31,3,302.32,4,302.33,8,302.49,3,302.57,9,302.96,2,303.0,69
2025-04-10 09:33:43,301.73,301.5,1,301.3,8,302.16,4,302.16,301.3,301.3,8,301.0,8,300.98,1,300.97,3,300.96,2,300.56,4,300.55,3,300.54,5,300.06,12,,,302.16,4,302.26,1,302.27,4,302.31,3,302.32,4,302.33,8,302.49,3,302.57,9,302.96,2,303.0,69
2025-04-10 09:33:43,301.73,301.5,1,301.3,8,302.16,4,302.16,301.3,301.3,8,301.0,8,300.98,1,300.97,3,300.96,2,300.56,4,300.55,3,300.54,5,300.06,12,,,302.16,4,302.26,1,302.27,4,302.31,3,302.32,4,302.33,8,302.49,3,302.57,9,302.96,2,303.0,69
2025-04-10 09:33:44,301.73,301.5,1,301.3,8,302.16,4,302.16,301.3,301.3,8,301.0,8,300.98,1,300.97,3,300.96,2,300.56,4,300.55,3,300.54,5,300.06,12,,,302.16,4,302.26,1,302.27,4,302.31,3,302.32,4,302.33,8,302.49,3,302.57,9,302.96,2,303.0,69
2025-04-10 09:33:46,301.73,301.5,1,301.3,8,302.16,4,302.16,301.3,301.3,8,301.0,8,300.98,1,300.97,3,300.96,2,300.56,4,300.55,3,300.54,5,300.06,12,,,302.16,4,302.26,1,302.27,4,302.31,3,302.32,4,302.33,8,302.49,3,302.57,9,302.96,2,303.0,69
2025-04-10 09:33:47,301.73,301.5,1,301.3,8,302.16,4,302.16,301.3,301.3,8,301.0,8,300.98,1,300.97,3,300.96,2,300.56,4,300.55,3,300.54,5,300.06,12,,,302.16,4,302.26,1,302.27,4,302.31,3,302.32,4,302.33,8,302.49,3,302.57,9,302.96,2,303.0,69
2025-04-10 09:33:47,301.725,301.5,1,301.3,8,302.15,2,302.15,301.3,301.3,8,301.0,8,300.98,1,300.97,3,300.96,2,300.56,4,300.55,3,300.54,5,300.06,12,,,302.15,2,302.16,4,302.26,1,302.27,4,302.31,3,302.32,4,302.33,8,302.49,3,302.57,9,302.96,2
2025-04-10 09:33:49,301.725,301.5,1,301.3,8,302.15,2,302.15,301.3,301.3,8,301.0,8,300.98,1,300.97,3,300.96,2,300.56,4,300.55,3,300.54,5,300.06,12,,,302.15,2,302.16,4,302.26,1,302.27,4,302.31,3,302.32,4,302.33,8,302.49,3,302.57,9,302.96,2
2025-04-10 09:33:50,301.725,301.5,1,301.3,8,302.15,2,302.15,301.3,301.3,8,301.0,8,300.98,1,300.97,3,300.96,2,300.56,4,300.55,3,300.54,5,300.06,12,,,302.15,2,302.16,4,302.26,1,302.27,4,302.31,3,302.32,4,302.33,8,302.49,3,302.57,9,302.96,2
2025-04-10 09:33:50,301.725,301.5,1,301.3,8,302.15,2,302.15,301.3,301.3,8,301.0,8,300.98,1,300.97,3,300.96,2,300.56,4,300.55,3,300.54,5,300.06,12,,,302.15,2,302.16,4,302.26,1,302.27,4,302.31,3,302.32,4,302.33,8,302.49,3,302.57,9,302.96,2
2025-04-10 09:33:51,301.725,301.5,1,301.3,8,302.15,2,302.15,301.3,301.3,8,301.0,8,300.98,1,300.97,3,300.96,2,300.56,4,300.55,3,300.54,5,300.06,12,,,302.15,2,302.16,4,302.26,1,302.27,4,302.31,3,302.32,4,302.33,8,302.49,3,302.57,9,302.96,2
2025-04-10 09:33:53,301.725,301.42,1,301.3,8,302.15,2,302.15,301.3,301.3,8,301.0,8,300.98,1,300.97,3,300.96,2,300.56,4,300.55,3,300.54,5,300.06,12,,,302.15,2,302.16,4,302.26,1,302.27,4,302.31,3,302.32,4,302.33,8,302.49,3,302.57,9,302.96,2
2025-04-10 09:33:53,301.725,301.42,1,301.3,8,302.15,5,302.15,301.3,301.3,8,301.0,8,300.98,1,300.97,3,300.96,2,300.56,4,300.55,3,300.54,5,300.06,12,,,302.15,5,302.16,4,302.26,1,302.27,4,302.31,3,302.32,4,302.33,8,302.49,3,302.57,9,302.96,2
2025-04-10 09:33:55,301.725,301.73,1,301.3,8,302.15,5,302.15,301.3,301.3,8,301.0,8,300.98,1,300.97,3,300.96,2,300.56,4,300.55,3,300.54,5,300.06,12,,,302.15,5,302.16,4,302.26,1,302.27,4,302.31,3,302.32,4,302.33,8,302.49,3,302.57,9,302.96,2
2025-04-10 09:33:56,301.725,301.73,1,301.3,8,302.15,5,302.15,301.3,301.3,8,301.0,8,300.98,1,300.97,3,300.96,2,300.56,4,300.55,3,300.54,5,300.06,12,,,302.15,5,302.16,4,302.26,1,302.27,4,302.31,3,302.32,4,302.33,8,302.49,3,302.57,9,302.96,2
2025-04-10 09:33:57,301.725,301.73,1,301.3,8,302.15,5,302.15,301.3,301.3,8,301.0,8,300.98,1,300.97,3,300.96,2,300.56,4,300.55,3,300.54,5,300.06,12,,,302.15,5,302.16,4,302.26,1,302.27,4,302.31,3,302.32,4,302.33,8,302.49,3,302.57,9,302.96,2
2025-04-10 09:33:58,301.725,301.73,1,301.3,8,302.15,5,302.15,301.3,301.3,8,301.0,8,300.98,1,300.97,3,300.96,2,300.56,4,300.55,3,300.54,5,300.06,12,,,302.15,5,302.16,4,302.26,1,302.27,4,302.31,3,302.32,4,302.33,8,302.49,3,302.57,9,302.96,2
2025-04-10 09:33:59,301.725,301.73,1,301.3,8,302.15,5,302.15,301.3,301.3,8,301.0,8,300.98,1,300.97,3,300.96,2,300.56,4,300.55,3,300.54,5,300.06,12,,,302.15,5,302.16,4,302.26,1,302.27,4,302.31,3,302.32,4,302.33,8,302.49,3,302.57,9,302.96,2
2025-04-10 09:34:00,301.725,301.73,1,301.3,8,302.15,5,302.15,301.3,301.3,8,301.0,8,300.98,1,300.97,3,300.96,2,300.56,4,300.55,3,300.54,5,300.06,12,,,302.15,5,302.16,4,302.26,1,302.27,4,302.31,3,302.32,4,302.33,8,302.49,3,302.57,9,302.96,2
2025-04-10 09:34:01,301.725,301.73,1,301.3,8,302.15,5,302.15,301.3,301.3,8,301.0,8,300.98,1,300.97,3,300.96,2,300.56,4,300.55,3,300.54,5,300.06,12,,,302.15,5,302.16,4,302.26,1,302.27,4,302.31,3,302.32,4,302.33,8,302.49,3,302.57,9,302.96,2
2025-04-10 09:34:02,301.725,301.73,1,301.3,8,302.15,5,302.15,301.3,301.3,8,301.0,8,300.98,1,300.97,3,300.96,2,300.56,4,300.55,3,300.54,5,300.06,12,,,302.15,5,302.16,4,302.26,1,302.27,4,302.31,3,302.32,4,302.33,8,302.49,3,302.57,9,302.96,2
2025-04-10 09:34:02,301.725,301.73,1,301.3,8,302.15,7,302.15,301.3,301.3,8,301.0,8,300.98,1,300.97,3,300.96,2,300.56,4,300.55,3,300.54,5,300.06,12,,,302.15,7,302.16,4,302.26,1,302.27,4,302.31,3,302.32,4,302.33,8,302.49,3,302.57,9,302.96,2
2025-04-10 09:34:04,301.725,301.73,1,301.3,8,302.15,7,302.15,301.3,301.3,8,301.0,8,300.98,1,300.97,3,300.96,2,300.56,4,300.55,3,300.54,5,300.06,12,,,302.15,7,302.16,4,302.26,1,302.27,4,302.31,3,302.32,4,302.33,8,302.49,3,302.57,9,302.96,2
2025-04-10 09:34:04,301.725,301.73,1,301.3,8,302.15,7,302.15,301.3,301.3,8,301.0,8,300.98,1,300.97,3,300.96,2,300.56,4,300.55,3,300.54,5,300.06,12,,,302.15,7,302.16,4,302.26,1,302.27,4,302.31,3,302.32,4,302.33,8,302.49,3,302.57,9,302.96,2
2025-04-10 09:34:06,301.725,301.73,1,301.3,8,302.15,7,302.15,301.3,301.3,8,301.0,8,300.98,1,300.97,3,300.96,2,300.56,4,300.55,3,300.54,5,300.06,12,,,302.15,7,302.16,4,302.26,1,302.27,4,302.31,3,302.32,4,302.33,8,302.49,3,302.57,9,302.96,2
2025-04-10 09:34:07,301.725,301.73,1,301.3,8,302.15,7,302.15,301.3,301.3,8,301.0,8,300.98,1,300.97,3,300.96,2,300.56,4,300.55,3,300.54,5,300.06,12,,,302.15,7,302.16,4,302.26,1,302.27,4,302.31,3,302.32,4,302.33,8,302.49,3,302.57,9,302.96,2
2025-04-10 09:34:08,301.725,301.73,1,301.3,8,302.15,7,302.15,301.3,301.3,8,301.0,8,300.98,1,300.97,3,300.96,2,300.56,4,300.55,3,300.54,5,300.06,12,,,302.15,7,302.16,4,302.26,1,302.27,4,302.31,3,302.32,4,302.33,8,302.49,3,302.57,9,302.96,2
2025-04-10 09:34:09,301.725,301.73,1,301.3,8,302.15,7,302.15,301.3,301.3,8,301.0,8,300.98,1,300.97,3,300.96,2,300.56,4,300.55,3,300.54,5,300.06,12,,,302.15,7,302.16,4,302.26,1,302.27,4,302.31,3,302.32,4,302.33,8,302.49,3,302.57,9,302.96,2
2025-04-10 09:34:10,301.725,301.56,1,301.3,8,302.15,7,302.15,301.3,301.3,8,301.0,8,300.98,1,300.97,3,300.96,2,300.56,4,300.55,3,300.54,5,300.06,12,,,302.15,7,302.16,4,302.26,1,302.27,4,302.31,3,302.32,4,302.33,8,302.49,3,302.57,9,302.96,2
2025-04-10 09:34:11,301.725,301.56,1,301.3,8,302.15,8,302.15,301.3,301.3,8,301.0,8,300.98,1,300.97,3,300.96,2,300.56,4,300.55,3,300.54,5,300.06,12,,,302.15,8,302.16,4,302.26,1,302.27,4,302.31,3,302.32,4,302.33,8,302.49,3,302.57,9,302.96,2
2025-04-10 09:34:12,301.725,301.73,1,301.3,8,302.15,8,302.15,301.3,301.3,8,301.0,8,300.98,1,300.97,3,300.96,2,300.56,4,300.55,3,300.54,5,300.06,12,,,302.15,8,302.16,4,302.26,1,302.27,4,302.31,3,302.32,4,302.33,8,302.49,3,302.57,9,302.96,2
2025-04-10 09:34:13,301.725,301.73,1,301.3,8,302.15,8,302.15,301.3,301.3,8,301.0,8,300.98,1,300.97,3,300.96,2,300.56,4,300.55,3,300.54,5,300.06,12,,,302.15,8,302.16,4,302.26,1,302.27,4,302.31,3,302.32,4,302.33,8,302.49,3,302.57,9,302.96,2
2025-04-10 09:34:14,301.725,301.73,1,301.3,8,302.15,8,302.15,301.3,301.3,8,301.0,8,300.98,1,300.97,3,300.96,2,300.56,4,300.55,3,300.54,5,300.06,12,,,302.15,8,302.16,4,302.26,1,302.27,4,302.31,3,302.32,4,302.33,8,302.49,3,302.57,9,302.96,2
2025-04-10 09:34:15,301.725,301.73,1,301.3,8,302.15,8,302.15,301.3,301.3,8,301.0,8,300.98,1,300.97,3,300.96,2,300.56,4,300.55,3,300.54,5,300.06,12,,,302.15,8,302.16,4,302.26,1,302.27,4,302.31,3,302.32,4,302.33,8,302.49,3,302.57,9,302.96,2
2025-04-10 09:34:16,301.725,301.73,1,301.3,8,302.15,8,302.15,301.3,301.3,8,301.0,8,300.98,1,300.97,3,300.96,2,300.56,4,300.55,3,300.54,5,300.06,12,,,302.15,8,302.16,4,302.26,1,302.27,4,302.31,3,302.32,4,302.33,8,302.49,3,302.57,9,302.96,2
2025-04-10 09:34:17,301.725,301.73,1,301.3,8,302.15,8,302.15,301.3,301.3,8,301.0,8,300.98,1,300.97,3,300.96,2,300.56,4,300.55,3,300.54,5,300.06,12,,,302.15,8,302.16,4,302.26,1,302.27,4,302.31,3,302.32,4,302.33,8,302.49,3,302.57,9,302.96,2
2025-04-10 09:34:18,301.725,301.73,1,301.3,8,302.15,8,302.15,301.3,301.3,8,301.0,8,300.98,1,300.97,3,300.96,2,300.56,4,300.55,3,300.54,5,300.06,12,,,302.15,8,302.16,4,302.26,1,302.27,4,302.31,3,302.32,4,302.33,8,302.49,3,302.57,9,302.96,2
2025-04-10 09:34:19,301.725,301.73,1,301.3,8,302.15,8,302.15,301.3,301.3,8,301.0,8,300.98,1,300.97,3,300.96,2,300.56,4,300.55,3,300.54,5,300.06,12,,,302.15,8,302.16,4,302.26,1,302.27,4,302.31,3,302.32,4,302.33,8,302.49,3,302.57,9,302.96,2
2025-04-10 09:34:20,301.725,301.73,1,301.3,8,302.15,9,302.15,301.3,301.3,8,301.0,8,300.98,1,300.97,3,300.96,2,300.56,4,300.55,3,300.54,5,300.06,12,,,302.15,9,302.16,4,302.26,1,302.27,4,302.31,3,302.32,4,302.33,8,302.49,3,302.57,9,302.96,2
2025-04-10 09:34:21,301.725,301.73,1,301.3,8,302.15,8,302.15,301.3,301.3,8,301.0,8,300.98,1,300.97,3,300.96,2,300.56,4,300.55,3,300.54,5,300.06,12,,,302.15,8,302.16,4,302.26,1,302.27,4,302.31,3,302.32,4,302.33,8,302.49,3,302.57,9,302.96,2
2025-04-10 09:34:22,301.725,301.73,1,301.3,8,302.15,8,302.15,301.3,301.3,8,301.0,8,300.98,1,300.97,3,300.96,2,300.56,4,300.55,3,300.54,5,300.06,12,,,302.15,8,302.16,4,302.26,1,302.27,4,302.31,3,302.32,4,302.33,8,302.49,3,302.57,9,302.96,2
2025-04-10 09:34:23,301.365,301.02,1,301.0,9,301.73,6,301.73,301.0,301.0,9,300.98,1,300.97,3,300.96,2,300.56,4,300.55,3,300.54,5,300.06,12,,,,,301.73,6,302.14,3,302.15,8,302.16,4,302.26,1,302.27,4,302.31,3,302.32,4,302.33,8,302.49,3
2025-04-10 09:34:24,301.115,301.12,1,300.5,2,301.73,7,301.73,300.5,300.5,2,300.06,12,,,,,,,,,,,,,,,,,301.73,7,302.14,3,302.15,8,302.16,4,302.26,1,302.27,4,302.31,3,302.32,4,302.33,8,302.49,3
2025-04-10 09:34:25,301.115,300.98,1,300.5,2,301.73,7,301.73,300.5,300.5,2,300.06,12,,,,,,,,,,,,,,,,,301.73,7,302.14,3,302.15,8,302.16,4,302.26,1,302.27,4,302.31,3,302.32,4,302.33,8,302.49,3
2025-04-10 09:34:26,301.115,301.12,1,300.5,2,301.73,7,301.73,300.5,300.5,2,300.06,12,,,,,,,,,,,,,,,,,301.73,7,302.14,3,302.15,8,302.16,4,302.26,1,302.27,4,302.31,3,302.32,4,302.33,8,302.49,3
2025-04-10 09:34:27,301.115,301.12,1,300.5,6,301.73,6,301.73,300.5,300.5,6,300.06,12,,,,,,,,,,,,,,,,,301.73,6,302.14,3,302.15,8,302.16,4,302.26,1,302.27,4,302.31,3,302.32,4,302.33,8,302.49,3
2025-04-10 09:34:28,301.115,301.12,1,300.5,9,301.73,6,301.73,300.5,300.5,9,300.06,12,,,,,,,,,,,,,,,,,301.73,6,302.14,3,302.15,8,302.16,4,302.26,1,302.27,4,302.31,3,302.32,4,302.33,8,302.49,3
2025-04-10 09:34:29,301.115,301.12,1,300.5,8,301.73,6,301.73,300.5,300.5,8,300.06,12,,,,,,,,,,,,,,,,,301.73,6,302.14,3,302.15,8,302.16,4,302.26,1,302.27,4,302.31,3,302.32,4,302.33,8,302.49,3
2025-04-10 09:34:30,301.115,301.12,1,300.5,8,301.73,6,301.73,300.5,300.5,8,300.06,12,,,,,,,,,,,,,,,,,301.73,6,302.14,3,302.15,8,302.16,4,302.26,1,302.27,4,302.31,3,302.32,4,302.33,8,302.49,3
2025-04-10 09:34:31,301.115,301.12,1,300.5,8,301.73,6,301.73,300.5,300.5,8,300.06,12,,,,,,,,,,,,,,,,,301.73,6,302.14,3,302.15,8,302.16,4,302.26,1,302.27,4,302.31,3,302.32,4,302.33,8,302.49,3
2025-04-10 09:34:32,301.115,301.12,1,300.5,8,301.73,6,301.73,300.5,300.5,8,300.06,12,,,,,,,,,,,,,,,,,301.73,6,302.14,3,302.15,8,302.16,4,302.26,1,302.27,4,302.31,3,302.32,4,302.33,8,302.49,3
2025-04-10 09:34:33,301.115,301.11,1,300.5,4,301.73,8,301.73,300.5,300.5,4,300.06,12,,,,,,,,,,,,,,,,,301.73,8,302.14,3,302.15,8,302.16,4,302.26,1,302.27,4,302.31,3,302.32,4,302.33,8,302.49,3
2025-04-10 09:34:34,301.115,301.11,1,300.5,4,301.73,8,301.73,300.5,300.5,4,300.06,12,,,,,,,,,,,,,,,,,301.73,8,302.14,3,302.15,8,302.16,4,302.26,1,302.27,4,302.31,3,302.32,4,302.33,8,302.49,3
2025-04-10 09:34:35,301.115,301.11,1,300.5,4,301.73,8,301.73,300.5,300.5,4,300.06,12,,,,,,,,,,,,,,,,,301.73,8,302.14,3,302.15,8,302.16,4,302.26,1,302.27,4,302.31,3,302.32,4,302.33,8,302.49,3
2025-04-10 09:34:36,301.115,301.11,1,300.5,4,301.73,7,301.73,300.5,300.5,4,300.06,12,,,,,,,,,,,,,,,,,301.73,7,302.14,3,302.15,8,302.16,4,302.26,1,302.27,4,302.31,3,302.32,4,302.33,8,302.49,3
2025-04-10 09:34:37,301.115,301.11,1,300.5,4,301.73,7,301.73,300.5,300.5,4,300.06,12,,,,,,,,,,,,,,,,,301.73,7,302.14,3,302.15,8,302.16,4,302.26,1,302.27,4,302.31,3,302.32,4,302.33,8,302.49,3
2025-04-10 09:34:38,301.115,301.11,1,300.5,4,301.73,7,301.73,300.5,300.5,4,300.06,12,,,,,,,,,,,,,,,,,301.73,7,302.14,3,302.15,8,302.16,4,302.26,1,302.27,4,302.31,3,302.32,4,302.33,8,302.49,3
2025-04-10 09:34:39,301.115,301.11,1,300.5,3,301.73,7,301.73,300.5,300.5,3,300.06,12,,,,,,,,,,,,,,,,,301.73,7,302.14,3,302.15,8,302.16,4,302.26,1,302.27,4,302.31,3,302.32,4,302.33,8,302.49,3
2025-04-10 09:34:40,301.08,301.11,1,300.5,3,301.66,4,301.66,300.5,300.5,3,300.06,12,,,,,,,,,,,,,,,,,301.66,4,301.73,7,302.14,3,302.15,8,302.16,4,302.26,1,302.27,4,302.31,3,302.32,4,302.33,8
2025-04-10 09:34:41,301.08,301.1,1,300.5,3,301.66,6,301.66,300.5,300.5,3,300.06,12,,,,,,,,,,,,,,,,,301.66,6,301.73,7,302.14,3,302.15,8,302.16,4,302.26,1,302.27,4,302.31,3,302.32,4,302.33,8
2025-04-10 09:34:42,301.08,301.1,1,300.5,3,301.66,6,301.66,300.5,300.5,3,300.06,12,,,,,,,,,,,,,,,,,301.66,6,301.73,7,302.14,3,302.15,8,302.16,4,302.26,1,302.27,4,302.31,3,302.32,4,302.33,8
2025-04-10 09:34:43,301.08,301.1,1,300.5,8,301.66,6,301.66,300.5,300.5,8,300.06,12,,,,,,,,,,,,,,,,,301.66,6,301.73,7,302.14,3,302.15,8,302.16,4,302.26,1,302.27,4,302.31,3,302.32,4,302.33,8
2025-04-10 09:34:44,301.08,301.1,1,300.5,8,301.66,6,301.66,300.5,300.5,8,300.06,12,,,,,,,,,,,,,,,,,301.66,6,301.73,7,302.14,3,302.15,8,302.16,4,302.26,1,302.27,4,302.31,3,302.32,4,302.33,8
2025-04-10 09:34:45,301.08,301.1,1,300.5,8,301.66,6,301.66,300.5,300.5,8,300.06,12,,,,,,,,,,,,,,,,,301.66,6,301.73,7,302.14,3,302.15,8,302.16,4,302.26,1,302.27,4,302.31,3,302.32,4,302.33,8
2025-04-10 09:34:46,301.08,301.1,1,300.5,8,301.66,6,301.66,300.5,300.5,8,300.06,12,,,,,,,,,,,,,,,,,301.66,6,301.73,7,302.14,3,302.15,8,302.16,4,302.26,1,302.27,4,302.31,3,302.32,4,302.33,8
2025-04-10 09:34:47,301.08,301.1,1,300.5,8,301.66,6,301.66,300.5,300.5,8,300.06,12,,,,,,,,,,,,,,,,,301.66,6,301.73,7,302.14,3,302.15,8,302.16,4,302.26,1,302.27,4,302.31,3,302.32,4,302.33,8
2025-04-10 09:34:48,301.08,301.1,1,300.5,8,301.66,6,301.66,300.5,300.5,8,300.06,12,,,,,,,,,,,,,,,,,301.66,6,301.73,7,302.14,3,302.15,8,302.16,4,302.26,1,302.27,4,302.31,3,302.32,4,302.33,8
2025-04-10 09:34:49,301.08,301.1,1,300.5,8,301.66,6,301.66,300.5,300.5,8,300.06,12,,,,,,,,,,,,,,,,,301.66,6,301.73,7,302.14,3,302.15,8,302.16,4,302.26,1,302.27,4,302.31,3,302.32,4,302.33,8
2025-04-10 09:34:50,301.08,301.1,1,300.5,8,301.66,6,301.66,300.5,300.5,8,300.06,12,,,,,,,,,,,,,,,,,301.66,6,301.73,7,302.14,3,302.15,8,302.16,4,302.26,1,302.27,4,302.31,3,302.32,4,302.33,8
2025-04-10 09:34:51,301.08,301.1,1,300.5,8,301.66,6,301.66,300.5,300.5,8,300.06,12,,,,,,,,,,,,,,,,,301.66,6,301.73,7,302.14,3,302.15,8,302.16,4,302.26,1,302.27,4,302.31,3,302.32,4,302.33,8
2025-04-10 09:34:52,301.1,301.1,1,300.54,1,301.66,6,301.66,300.54,300.54,1,300.5,8,300.06,12,,,,,,,,,,,,,,,301.66,6,301.73,7,302.14,3,302.15,8,302.16,4,302.26,1,302.27,4,302.31,3,302.32,4,302.33,8
2025-04-10 09:34:53,301.08,301.1,1,300.5,8,301.66,7,301.66,300.5,300.5,8,300.06,12,,,,,,,,,,,,,,,,,301.66,7,301.73,7,302.14,3,302.15,8,302.16,4,302.26,1,302.27,4,302.31,3,302.32,4,302.33,8
2025-04-10 09:34:54,301.18,301.08,2,300.7,5,301.66,7,301.66,300.7,300.7,5,300.5,8,300.06,12,,,,,,,,,,,,,,,301.66,7,301.73,7,302.14,3,302.15,8,302.16,4,302.26,1,302.27,4,302.31,3,302.32,4,302.33,8
2025-04-10 09:34:55,300.53,300.19,1,300.06,10,301.0,2,301.0,300.06,300.06,10,,,,,,,,,,,,,,,,,,,301.0,2,301.04,1,301.65,1,301.66,7,301.73,7,302.14,3,302.15,8,302.16,4,302.26,1,302.27,4
2025-04-10 09:34:56,300.525,300.19,1,300.06,10,300.99,5,300.99,300.06,300.06,10,,,,,,,,,,,,,,,,,,,300.99,5,301.0,2,301.04,1,301.65,1,301.66,7,301.73,7,302.14,3,302.15,8,302.16,4,302.26,1
2025-04-10 09:34:57,300.525,300.19,1,300.06,10,300.99,5,300.99,300.06,300.06,10,,,,,,,,,,,,,,,,,,,300.99,5,301.0,2,301.04,1,301.65,1,301.66,7,301.73,7,302.14,3,302.15,8,302.16,4,302.26,1
2025-04-10 09:34:58,300.505,300.19,1,300.02,1,300.99,5,300.99,300.02,300.02,1,,,,,,,,,,,,,,,,,,,300.99,5,301.0,2,301.04,1,301.65,1,301.66,7,301.73,7,302.14,3,302.15,8,302.16,4,302.26,1
2025-04-10 09:34:59,300.505,300.19,1,300.02,2,300.99,9,300.99,300.02,300.02,2,,,,,,,,,,,,,,,,,,,300.99,9,301.0,2,301.04,1,301.65,1,301.66,7,301.73,7,302.14,3,302.15,8,302.16,4,302.26,1
2025-04-10 09:35:00,300.325,300.46,1,300.1,2,300.55,2,300.55,300.1,300.1,2,300.02,2,,,,,,,,,,,,,,,,,300.55,2,300.99,8,301.0,2,301.04,1,301.65,1,301.66,7,301.73,7,302.14,3,302.15,8,302.16,4
2025-04-10 09:35:01,300.285,300.46,1,300.02,2,300.55,5,300.55,300.02,300.02,2,,,,,,,,,,,,,,,,,,,300.55,5,300.99,8,301.0,2,301.04,1,301.65,1,301.66,7,301.73,7,302.14,3,302.15,8,302.16,4
2025-04-10 09:35:02,300.285,300.46,1,300.02,2,300.55,5,300.55,300.02,300.02,2,,,,,,,,,,,,,,,,,,,300.55,5,300.99,8,301.0,2,301.04,1,301.65,1,301.66,7,301.73,7,302.14,3,302.15,8,302.16,4
2025-04-10 09:35:03,300.285,300.46,1,300.02,2,300.55,5,300.55,300.02,300.02,2,,,,,,,,,,,,,,,,,,,300.55,5,300.99,8,301.0,2,301.04,1,301.65,1,301.66,7,301.73,7,302.14,3,302.15,8,302.16,4
2025-04-10 09:35:04,300.28,300.46,1,300.02,2,300.54,1,300.54,300.02,300.02,2,,,,,,,,,,,,,,,,,,,300.54,1,300.55,5,300.99,8,301.0,2,301.04,1,301.65,1,301.66,7,301.73,7,302.14,3,302.15,8
2025-04-10 09:35:05,300.28,300.46,1,300.02,2,300.54,2,300.54,300.02,300.02,2,,,,,,,,,,,,,,,,,,,300.54,2,300.55,5,300.99,8,301.0,2,301.04,1,301.65,1,301.66,7,301.73,7,302.14,3,302.15,8
2025-04-10 09:35:06,300.32,300.46,1,300.1,1,300.54,2,300.54,300.1,300.1,1,300.02,2,,,,,,,,,,,,,,,,,300.54,2,300.55,5,300.99,8,301.0,2,301.04,1,301.65,1,301.66,7,301.73,7,302.14,3,302.15,8
2025-04-10 09:35:07,299.82,300.0,3,299.5,2,300.14,3,300.14,299.5,299.5,2,,,,,,,,,,,,,,,,,,,300.14,3,300.54,2,300.55,5,300.99,8,301.0,2,301.04,1,301.65,1,301.66,7,301.73,7,302.14,3
2025-04-10 09:35:08,299.82,300.0,3,299.5,2,300.14,3,300.14,299.5,299.5,2,,,,,,,,,,,,,,,,,,,300.14,3,300.54,2,300.55,5,300.99,8,301.0,2,301.04,1,301.65,1,301.66,7,301.73,7,302.14,3
2025-04-10 09:35:09,299.82,300.0,3,299.5,2,300.14,3,300.14,299.5,299.5,2,,,,,,,,,,,,,,,,,,,300.14,3,300.54,2,300.55,5,300.99,8,301.0,2,301.04,1,301.65,1,301.66,7,301.73,7,302.14,3
2025-04-10 09:35:10,299.82,300.0,3,299.5,2,300.14,3,300.14,299.5,299.5,2,,,,,,,,,,,,,,,,,,,300.14,3,300.54,2,300.55,5,300.99,8,301.0,2,301.04,1,301.65,1,301.66,7,301.73,7,302.14,3
2025-04-10 09:35:11,299.82,300.0,3,299.5,2,300.14,3,300.14,299.5,299.5,2,,,,,,,,,,,,,,,,,,,300.14,3,300.54,2,300.55,5,300.99,8,301.0,2,301.04,1,301.65,1,301.66,7,301.73,7,302.14,3
2025-04-10 09:35:12,299.82,299.86,1,299.5,2,300.14,3,300.14,299.5,299.5,2,,,,,,,,,,,,,,,,,,,300.14,3,300.54,2,300.55,5,300.99,8,301.0,2,301.04,1,301.65,1,301.66,7,301.73,7,302.14,3
2025-04-10 09:35:13,299.82,299.86,1,299.5,2,300.14,6,300.14,299.5,299.5,2,,,,,,,,,,,,,,,,,,,300.14,6,300.54,2,300.55,5,300.99,8,301.0,2,301.04,1,301.65,1,301.66,7,301.73,7,302.14,3
2025-04-10 09:35:14,299.82,299.86,1,299.5,2,300.14,6,300.14,299.5,299.5,2,,,,,,,,,,,,,,,,,,,300.14,6,300.54,2,300.55,5,300.99,8,301.0,2,301.04,1,301.65,1,301.66,7,301.73,7,302.14,3
2025-04-10 09:35:15,299.82,299.86,1,299.5,2,300.14,6,300.14,299.5,299.5,2,,,,,,,,,,,,,,,,,,,300.14,6,300.54,2,300.55,5,300.99,8,301.0,2,301.04,1,301.65,1,301.66,7,301.73,7,302.14,3
2025-04-10 09:35:16,299.82,299.86,1,299.5,2,300.14,6,300.14,299.5,299.5,2,,,,,,,,,,,,,,,,,,,300.14,6,300.54,2,300.55,5,300.99,8,301.0,2,301.04,1,301.65,1,301.66,7,301.73,7,302.14,3
2025-04-10 09:35:17,299.82,299.86,1,299.5,2,300.14,6,300.14,299.5,299.5,2,,,,,,,,,,,,,,,,,,,300.14,6,300.54,2,300.55,5,300.99,8,301.0,2,301.04,1,301.65,1,301.66,7,301.73,7,302.14,3
2025-04-10 09:35:18,299.815,299.86,1,299.5,2,300.13,2,300.13,299.5,299.5,2,,,,,,,,,,,,,,,,,,,300.13,2,300.14,6,300.54,2,300.55,5,300.99,8,301.0,2,301.04,1,301.65,1,301.66,7,301.73,7
2025-04-10 09:35:19,299.815,299.86,1,299.5,2,300.13,2,300.13,299.5,299.5,2,,,,,,,,,,,,,,,,,,,300.13,2,300.14,6,300.54,2,300.55,5,300.99,8,301.0,2,301.04,1,301.65,1,301.66,7,301.73,7
2025-04-10 09:35:20,299.815,299.86,1,299.5,2,300.13,2,300.13,299.5,299.5,2,,,,,,,,,,,,,,,,,,,300.13,2,300.14,6,300.54,2,300.55,5,300.99,8,301.0,2,301.04,1,301.65,1,301.66,7,301.73,7
2025-04-10 09:35:21,299.815,299.86,1,299.5,2,300.13,2,300.13,299.5,299.5,2,,,,,,,,,,,,,,,,,,,300.13,2,300.14,6,300.54,2,300.55,5,300.99,8,301.0,2,301.04,1,301.65,1,301.66,7,301.73,7
2025-04-10 09:35:22,299.815,299.82,1,299.5,2,300.13,5,300.13,299.5,299.5,2,,,,,,,,,,,,,,,,,,,300.13,5,300.14,6,300.54,2,300.55,5,300.99,8,301.0,2,301.04,1,301.65,1,301.66,7,301.73,7
2025-04-10 09:35:23,300.115,300.06,1,299.69,1,300.54,9,300.54,299.69,299.69,1,299.5,2,,,,,,,,,,,,,,,,,300.54,9,300.55,5,300.99,8,301.0,2,301.04,1,301.65,1,301.66,7,301.73,7,302.14,3,302.15,8
2025-04-10 09:35:24,300.27,300.26,1,300.0,1,300.54,11,300.54,300.0,300.0,1,299.69,1,299.5,2,,,,,,,,,,,,,,,300.54,11,300.55,5,300.99,8,301.0,2,301.04,1,301.65,1,301.66,7,301.73,7,302.14,3,302.15,8
2025-04-10 09:35:25,300.27,300.27,1,300.0,2,300.54,10,300.54,300.0,300.0,2,299.69,1,299.5,2,,,,,,,,,,,,,,,300.54,10,300.55,5,300.99,8,301.0,2,301.04,1,301.65,1,301.66,7,301.73,7,302.14,3,302.15,8
2025-04-10 09:35:26,300.27,300.27,1,300.0,2,300.54,9,300.54,300.0,300.0,2,299.69,1,299.5,2,,,,,,,,,,,,,,,300.54,9,300.55,5,300.99,8,301.0,2,301.04,1,301.65,1,301.66,7,301.73,7,302.14,3,302.15,8
2025-04-10 09:35:27,300.27,300.27,1,300.0,2,300.54,9,300.54,300.0,300.0,2,299.69,1,299.5,2,,,,,,,,,,,,,,,300.54,9,300.55,5,300.99,8,301.0,2,301.04,1,301.65,1,301.66,7,301.73,7,302.14,3,302.15,8
2025-04-10 09:35:28,300.27,300.27,1,300.0,2,300.54,9,300.54,300.0,300.0,2,299.69,1,299.5,2,,,,,,,,,,,,,,,300.54,9,300.55,5,300.99,8,301.0,2,301.04,1,301.65,1,301.66,7,301.73,7,302.14,3,302.15,8
2025-04-10 09:35:29,300.27,300.27,1,300.0,2,300.54,9,300.54,300.0,300.0,2,299.69,1,299.5,2,,,,,,,,,,,,,,,300.54,9,300.55,5,300.99,8,301.0,2,301.04,1,301.65,1,301.66,7,301.73,7,302.14,3,302.15,8
2025-04-10 09:35:30,300.265,300.27,1,300.0,2,300.53,1,300.53,300.0,300.0,2,299.69,1,299.5,2,,,,,,,,,,,,,,,300.53,1,300.54,9,300.55,5,300.99,8,301.0,2,301.04,1,301.65,1,301.66,7,301.73,7,302.14,3
2025-04-10 09:35:31,300.265,300.26,1,300.0,2,300.53,1,300.53,300.0,300.0,2,299.69,1,299.5,2,,,,,,,,,,,,,,,300.53,1,300.54,9,300.55,5,300.99,8,301.0,2,301.04,1,301.65,1,301.66,7,301.73,7,302.14,3
2025-04-10 09:35:32,300.3,300.26,1,300.07,1,300.53,2,300.53,300.07,300.07,1,300.0,2,299.69,1,299.5,2,,,,,,,,,,,,,300.53,2,300.54,9,300.55,5,300.99,8,301.0,2,301.04,1,301.65,1,301.66,7,301.73,7,302.14,3
2025-04-10 09:35:33,300.3,300.3,1,300.07,1,300.53,2,300.53,300.07,300.07,1,300.0,2,299.69,1,299.5,2,,,,,,,,,,,,,300.53,2,300.54,9,300.55,5,300.99,8,301.0,2,301.04,1,301.65,1,301.66,7,301.73,7,302.14,3
2025-04-10 09:35:34,300.275,300.3,1,300.02,1,300.53,4,300.53,300.02,300.02,1,300.0,2,299.69,1,299.5,2,,,,,,,,,,,,,300.53,4,300.54,9,300.55,5,300.99,8,301.0,2,301.04,1,301.65,1,301.66,7,301.73,7,302.14,3
2025-04-10 09:35:35,300.285,300.3,1,300.04,1,300.53,4,300.53,300.04,300.04,1,300.03,1,300.02,1,300.0,2,299.69,1,299.5,2,,,,,,,,,300.53,4,300.54,9,300.55,5,300.99,8,301.0,2,301.04,1,301.65,1,301.66,7,301.73,7,302.14,3
2025-04-10 09:35:36,300.285,300.3,1,300.04,1,300.53,4,300.53,300.04,300.04,1,300.03,1,300.02,1,300.0,2,299.69,1,299.5,2,,,,,,,,,300.53,4,300.54,9,300.55,5,300.99,8,301.0,2,301.04,1,301.65,1,301.66,7,301.73,7,302.14,3
2025-04-10 09:35:37,300.3,300.3,1,300.07,2,300.53,4,300.53,300.07,300.07,2,300.04,1,300.03,1,300.02,1,300.0,2,299.69,1,299.5,2,,,,,,,300.53,4,300.54,9,300.55,5,300.99,8,301.0,2,301.04,1,301.65,1,301.66,7,301.73,7,302.14,3
2025-04-10 09:35:38,300.3,300.3,2,300.07,2,300.53,4,300.53,300.07,300.07,2,300.04,1,300.03,1,300.02,1,300.0,2,299.69,1,299.5,2,,,,,,,300.53,4,300.54,9,300.55,5,300.99,8,301.0,2,301.04,1,301.65,1,301.66,7,301.73,7,302.14,3
2025-04-10 09:35:39,300.315,300.48,1,300.1,2,300.53,4,300.53,300.1,300.1,2,300.07,2,300.04,1,300.03,1,300.02,1,300.0,2,299.69,1,299.5,2,,,,,300.53,4,300.54,9,300.55,5,300.99,8,301.0,2,301.04,1,301.65,1,301.66,7,301.73,7,302.14,3
2025-04-10 09:35:40,300.315,300.48,1,300.1,2,300.53,4,300.53,300.1,300.1,2,300.07,2,300.04,1,300.03,1,300.02,1,300.0,2,299.69,1,299.5,2,,,,,300.53,4,300.54,9,300.55,5,300.99,8,301.0,2,301.04,1,301.65,1,301.66,7,301.73,7,302.14,3
2025-04-10 09:35:41,300.315,300.48,1,300.1,2,300.53,4,300.53,300.1,300.1,2,300.07,2,300.04,1,300.03,1,300.02,1,300.0,2,299.69,1,299.5,2,,,,,300.53,4,300.54,9,300.55,5,300.99,8,301.0,2,301.04,1,301.65,1,301.66,7,301.73,7,302.14,3
2025-04-10 09:35:42,300.605,300.53,1,300.24,1,300.97,3,300.97,300.24,300.24,1,300.11,1,300.1,2,300.07,2,300.04,1,300.03,1,300.02,1,300.0,2,299.69,1,299.5,2,300.97,3,300.99,8,301.0,2,301.04,1,301.65,1,301.66,7,301.73,7,302.14,3,302.15,8,302.16,4
2025-04-10 09:35:43,300.6,300.53,1,300.24,1,300.96,9,300.96,300.24,300.24,1,300.11,1,300.1,2,300.07,2,300.04,1,300.03,1,300.02,1,300.0,2,299.69,1,299.5,2,300.96,9,300.97,3,300.99,8,301.0,2,301.04,1,301.65,1,301.66,7,301.73,7,302.14,3,302.15,8
2025-04-10 09:35:44,300.6,300.39,1,300.24,1,300.96,9,300.96,300.24,300.24,1,300.11,1,300.1,2,300.07,2,300.04,1,300.03,1,300.02,1,300.0,2,299.69,1,299.5,2,300.96,9,300.97,3,300.99,8,301.0,2,301.04,1,301.65,1,301.66,7,301.73,7,302.14,3,302.15,8
2025-04-10 09:35:45,300.62,300.39,1,300.28,1,300.96,9,300.96,300.28,300.28,1,300.27,1,300.24,1,300.11,1,300.1,2,300.07,2,300.04,1,300.03,1,300.02,1,300.0,2,300.96,9,300.97,3,300.99,8,301.0,2,301.04,1,301.65,1,301.66,7,301.73,7,302.14,3,302.15,8
2025-04-10 09:35:46,300.62,300.39,1,300.28,2,300.96,9,300.96,300.28,300.28,2,300.27,1,300.24,1,300.11,1,300.1,2,300.07,2,300.04,1,300.03,1,300.02,1,300.0,2,300.96,9,300.97,3,300.99,8,301.0,2,301.04,1,301.65,1,301.66,7,301.73,7,302.14,3,302.15,8
2025-04-10 09:35:47,300.62,300.39,1,300.28,2,300.96,9,300.96,300.28,300.28,2,300.27,1,300.24,1,300.11,1,300.1,2,300.07,2,300.04,1,300.03,1,300.02,1,300.0,2,300.96,9,300.97,3,300.99,8,301.0,2,301.04,1,301.65,1,301.66,7,301.73,7,302.14,3,302.15,8
2025-04-10 09:35:48,300.63,300.62,2,300.3,2,300.96,9,300.96,300.3,300.3,2,300.28,2,300.27,1,300.24,1,300.11,1,300.1,2,300.07,2,300.04,1,300.03,1,300.02,1,300.96,9,300.97,3,300.99,8,301.0,2,301.04,1,301.65,1,301.66,7,301.73,7,302.14,3,302.15,8
2025-04-10 09:35:49,300.63,300.62,2,300.3,2,300.96,9,300.96,300.3,300.3,2,300.28,2,300.27,1,300.24,1,300.11,1,300.1,2,300.07,2,300.04,1,300.03,1,300.02,1,300.96,9,300.97,3,300.99,8,301.0,2,301.04,1,301.65,1,301.66,7,301.73,7,302.14,3,302.15,8
2025-04-10 09:35:50,300.63,300.63,1,300.3,2,300.96,9,300.96,300.3,300.3,2,300.28,2,300.27,1,300.24,1,300.11,1,300.1,2,300.07,2,300.04,1,300.03,1,300.02,1,300.96,9,300.97,3,300.99,8,301.0,2,301.04,1,301.65,1,301.66,7,301.73,7,302.14,3,302.15,8
2025-04-10 09:35:51,300.63,300.63,1,300.3,2,300.96,9,300.96,300.3,300.3,2,300.28,2,300.27,1,300.24,1,300.11,1,300.1,2,300.07,2,300.04,1,300.03,1,300.02,1,300.96,9,300.97,3,300.99,8,301.0,2,301.04,1,301.65,1,301.66,7,301.73,7,302.14,3,302.15,8
2025-04-10 09:35:52,300.63,300.64,1,300.3,2,300.96,10,300.96,300.3,300.3,2,300.28,2,300.27,1,300.24,1,300.11,1,300.1,2,300.07,2,300.04,1,300.03,1,300.02,1,300.96,10,300.97,3,300.99,8,301.0,2,301.04,1,301.65,1,301.66,7,301.73,7,302.14,3,302.15,8
2025-04-10 09:35:53,300.63,300.63,1,300.32,4,300.94,4,300.94,300.32,300.32,4,300.3,1,300.28,2,300.27,1,300.24,1,300.11,1,300.1,2,300.07,2,300.04,1,300.03,1,300.94,4,300.96,2,300.97,3,300.99,8,301.0,2,301.04,1,301.65,1,301.66,7,301.73,7,302.14,3
2025-04-10 09:35:54,300.63,300.63,1,300.32,3,300.94,4,300.94,300.32,300.32,3,300.3,1,300.28,2,300.27,1,300.24,1,300.11,1,300.1,2,300.07,2,300.04,1,300.03,1,300.94,4,300.96,2,300.97,3,300.99,8,301.0,2,301.04,1,301.65,1,301.66,7,301.73,7,302.14,3
2025-04-10 09:35:55,300.63,300.68,1,300.32,2,300.94,4,300.94,300.32,300.32,2,300.3,1,300.28,2,300.27,1,300.24,1,300.11,1,300.1,2,300.07,2,300.04,1,300.03,1,300.94,4,300.96,2,300.97,3,300.99,8,301.0,2,301.04,1,301.65,1,301.66,7,301.73,7,302.14,3
2025-04-10 09:35:56,300.63,300.64,1,300.32,2,300.94,4,300.94,300.32,300.32,2,300.3,1,300.28,2,300.27,1,300.24,1,300.11,1,300.1,2,300.07,2,300.04,1,300.03,1,300.94,4,300.96,2,300.97,3,300.99,8,301.0,2,301.04,1,301.65,1,301.66,7,301.73,7,302.14,3
2025-04-10 09:35:57,300.635,300.64,1,300.33,2,300.94,4,300.94,300.33,300.33,2,300.32,2,300.3,1,300.28,2,300.27,1,300.24,1,300.11,1,300.1,2,300.07,2,300.04,1,300.94,4,300.96,2,300.97,3,300.99,8,301.0,2,301.04,1,301.65,1,301.66,7,301.73,7,302.14,3
2025-04-10 09:35:58,300.655,300.64,1,300.37,3,300.94,4,300.94,300.37,300.37,3,300.33,2,300.32,2,300.3,1,300.28,2,300.27,1,300.24,1,300.11,1,300.1,2,300.07,2,300.94,4,300.96,2,300.97,3,300.99,8,301.0,2,301.04,1,301.65,1,301.66,7,301.73,7,302.14,3
2025-04-10 09:35:59,300.88,300.89,1,300.66,2,301.1,3,301.1,300.66,300.66,2,300.5,1,300.39,4,300.38,1,300.37,3,300.33,2,300.32,2,300.3,1,300.28,2,300.27,1,301.1,3,301.3,2,301.65,1,301.66,7,301.73,7,302.14,3,302.15,8,302.16,4,302.26,1,302.27,4
2025-04-10 09:36:00,301.045,301.1,2,300.67,4,301.42,8,301.42,300.67,300.67,4,300.66,2,300.5,1,300.39,4,300.38,1,300.37,3,300.33,2,300.32,2,300.3,1,300.28,2,301.42,8,301.43,3,301.55,3,301.65,1,301.66,7,301.73,7,302.14,3,302.15,8,302.16,4,302.26,1
2025-04-10 09:36:01,301.025,301.1,2,300.67,3,301.38,3,301.38,300.67,300.67,3,300.66,2,300.5,1,300.39,4,300.38,1,300.37,3,300.33,2,300.32,2,300.3,1,300.28,2,301.38,3,301.42,8,301.43,3,301.55,3,301.65,1,301.66,7,301.73,7,302.14,3,302.15,8,302.16,4
2025-04-10 09:36:02,301.025,301.1,2,300.67,6,301.38,3,301.38,300.67,300.67,6,300.66,2,300.5,1,300.39,4,300.38,1,300.37,3,300.33,2,300.32,2,300.3,1,300.28,2,301.38,3,301.42,8,301.43,3,301.55,3,301.65,1,301.66,7,301.73,7,302.14,3,302.15,8,302.16,4
2025-04-10 09:36:03,301.145,301.14,1,300.9,2,301.39,3,301.39,300.9,300.9,2,300.82,1,300.71,1,300.67,5,300.66,2,300.5,1,300.39,4,300.38,1,300.37,3,300.33,2,301.39,3,301.42,8,301.43,3,301.55,3,301.65,1,301.66,7,301.73,7,302.14,3,302.15,8,302.16,4
2025-04-10 09:36:04,301.145,301.14,1,300.9,2,301.39,3,301.39,300.9,300.9,2,300.82,1,300.71,1,300.67,5,300.66,2,300.5,1,300.39,4,300.38,1,300.37,3,300.33,2,301.39,3,301.42,8,301.43,3,301.55,3,301.65,1,301.66,7,301.73,7,302.14,3,302.15,8,302.16,4
2025-04-10 09:36:05,301.32,301.26,1,300.86,5,301.78,4,301.78,300.86,300.86,5,300.75,3,300.71,1,300.67,5,300.66,2,300.5,1,300.39,4,300.38,1,300.37,3,300.33,2,301.78,4,302.14,3,302.15,8,302.16,4,302.26,1,302.27,4,302.31,3,302.32,4,302.33,8,302.49,3
2025-04-10 09:36:06,301.315,301.32,1,300.86,4,301.77,3,301.77,300.86,300.86,4,300.75,3,300.71,1,300.67,5,300.66,2,300.5,1,300.39,4,300.38,1,300.37,3,300.33,2,301.77,3,301.78,4,302.14,3,302.15,8,302.16,4,302.26,1,302.27,4,302.31,3,302.32,4,302.33,8
2025-04-10 09:36:07,301.315,301.32,1,300.86,7,301.77,3,301.77,300.86,300.86,7,300.75,3,300.71,1,300.67,5,300.66,2,300.5,1,300.39,4,300.38,1,300.37,3,300.33,2,301.77,3,301.78,4,302.14,3,302.15,8,302.16,4,302.26,1,302.27,4,302.31,3,302.32,4,302.33,8
2025-04-10 09:36:08,301.385,301.32,1,301.0,2,301.77,3,301.77,301.0,301.0,2,300.86,7,300.75,3,300.71,1,300.67,5,300.66,2,300.5,1,300.39,4,300.38,1,300.37,3,301.77,3,301.78,4,302.14,3,302.15,8,302.16,4,302.26,1,302.27,4,302.31,3,302.32,4,302.33,8
2025-04-10 09:36:09,301.385,301.32,1,301.0,1,301.77,3,301.77,301.0,301.0,1,300.86,7,300.75,3,300.71,1,300.67,5,300.66,2,300.5,1,300.39,4,300.38,1,300.37,3,301.77,3,301.78,4,302.14,3,302.15,8,302.16,4,302.26,1,302.27,4,302.31,3,302.32,4,302.33,8
2025-04-10 09:36:10,301.385,301.32,1,301.0,1,301.77,3,301.77,301.0,301.0,1,300.86,7,300.75,3,300.71,1,300.67,5,300.66,2,300.5,1,300.39,4,300.38,1,300.37,3,301.77,3,301.78,4,302.14,3,302.15,8,302.16,4,302.26,1,302.27,4,302.31,3,302.32,4,302.33,8
2025-04-10 09:36:11,301.385,301.32,1,301.0,1,301.77,3,301.77,301.0,301.0,1,300.86,7,300.75,3,300.71,1,300.67,5,300.66,2,300.5,1,300.39,4,300.38,1,300.37,3,301.77,3,301.78,4,302.14,3,302.15,8,302.16,4,302.26,1,302.27,4,302.31,3,302.32,4,302.33,8
2025-04-10 09:36:12,301.385,301.32,1,301.0,1,301.77,3,301.77,301.0,301.0,1,300.86,7,300.75,3,300.71,1,300.67,5,300.66,2,300.5,1,300.39,4,300.38,1,300.37,3,301.77,3,301.78,4,302.14,3,302.15,8,302.16,4,302.26,1,302.27,4,302.31,3,302.32,4,302.33,8
2025-04-10 09:36:13,301.385,301.32,1,301.0,1,301.77,3,301.77,301.0,301.0,1,300.86,7,300.75,3,300.71,1,300.67,5,300.66,2,300.5,1,300.39,4,300.38,1,300.37,3,301.77,3,301.78,4,302.14,3,302.15,8,302.16,4,302.26,1,302.27,4,302.31,3,302.32,4,302.33,8
2025-04-10 09:36:14,301.385,301.32,1,301.0,1,301.77,3,301.77,301.0,301.0,1,300.86,7,300.75,3,300.71,1,300.67,5,300.66,2,300.5,1,300.39,4,300.38,1,300.37,3,301.77,3,301.78,4,302.14,3,302.15,8,302.16,4,302.26,1,302.27,4,302.31,3,302.32,4,302.33,8
2025-04-10 09:36:15,301.385,301.72,1,301.0,4,301.77,3,301.77,301.0,301.0,4,300.86,7,300.75,3,300.71,1,300.67,5,300.66,2,300.5,1,300.39,4,300.38,1,300.37,3,301.77,3,301.78,4,302.14,3,302.15,8,302.16,4,302.26,1,302.27,4,302.31,3,302.32,4,302.33,8
2025-04-10 09:36:16,301.415,301.42,2,301.06,2,301.77,3,301.77,301.06,301.06,2,301.0,2,300.86,7,300.75,3,300.71,1,300.67,5,300.66,2,300.5,1,300.39,4,300.38,1,301.77,3,301.78,4,302.14,3,302.15,8,302.16,4,302.26,1,302.27,4,302.31,3,302.32,4,302.33,8
2025-04-10 09:36:17,301.415,301.42,1,301.06,2,301.77,3,301.77,301.06,301.06,2,301.0,2,300.86,7,300.75,3,300.71,1,300.67,5,300.66,2,300.5,1,300.39,4,300.38,1,301.77,3,301.78,4,302.14,3,302.15,8,302.16,4,302.26,1,302.27,4,302.31,3,302.32,4,302.33,8
2025-04-10 09:36:18,301.415,301.42,1,301.06,2,301.77,3,301.77,301.06,301.06,2,301.0,2,300.86,7,300.75,3,300.71,1,300.67,5,300.66,2,300.5,1,300.39,4,300.38,1,301.77,3,301.78,4,302.14,3,302.15,8,302.16,4,302.26,1,302.27,4,302.31,3,302.32,4,302.33,8
2025-04-10 09:36:19,301.475,301.51,1,301.18,3,301.77,3,301.77,301.18,301.18,3,301.06,2,301.0,2,300.86,7,300.75,3,300.71,1,300.67,5,300.66,2,300.5,1,300.39,4,301.77,3,301.78,4,302.14,3,302.15,8,302.16,4,302.26,1,302.27,4,302.31,3,302.32,4,302.33,8
2025-04-10 09:36:20,301.41,301.41,1,301.19,1,301.63,3,301.63,301.19,301.19,1,301.18,3,301.06,2,301.0,2,300.86,7,300.75,3,300.71,1,300.67,5,300.66,2,300.5,1,301.63,3,301.77,4,301.84,1,301.97,1,302.14,3,302.15,8,302.16,4,302.26,1,302.27,4,302.31,3
2025-04-10 09:36:21,301.51,301.51,1,301.25,1,301.77,5,301.77,301.25,301.25,1,301.24,3,301.19,1,301.18,3,301.06,2,301.0,2,300.86,7,300.75,3,300.71,1,300.67,5,301.77,5,301.84,1,301.97,1,302.14,3,302.15,8,302.16,4,302.26,1,302.27,4,302.31,3,302.32,4
2025-04-10 09:36:22,301.51,301.51,1,301.25,1,301.77,5,301.77,301.25,301.25,1,301.24,3,301.19,1,301.18,3,301.06,2,301.0,2,300.86,7,300.75,3,300.71,1,300.67,5,301.77,5,301.84,1,301.97,1,302.14,3,302.15,8,302.16,4,302.26,1,302.27,4,302.31,3,302.32,4
2025-04-10 09:36:23,301.71,301.71,1,301.45,4,301.97,4,301.97,301.45,301.45,4,301.25,1,301.24,3,301.19,1,301.18,3,301.06,2,301.0,2,300.86,7,300.75,3,300.71,1,301.97,4,302.14,3,302.15,8,302.16,4,302.26,1,302.27,4,302.31,3,302.32,4,302.33,8,302.49,3
2025-04-10 09:36:24,301.72,301.71,1,301.47,2,301.97,4,301.97,301.47,301.47,2,301.45,5,301.25,1,301.24,3,301.19,1,301.18,3,301.06,2,301.0,2,300.86,7,300.75,3,301.97,4,302.14,3,302.15,8,302.16,4,302.26,1,302.27,4,302.31,3,302.32,4,302.33,8,302.49,3
2025-04-10 09:36:25,301.72,301.72,1,301.47,3,301.97,4,301.97,301.47,301.47,3,301.45,5,301.25,1,301.24,3,301.19,1,301.18,3,301.06,2,301.0,2,300.86,7,300.75,3,301.97,4,302.14,3,302.15,8,302.16,4,302.26,1,302.27,4,302.31,3,302.32,4,302.33,8,302.49,3
2025-04-10 09:36:26,301.72,301.72,2,301.47,3,301.97,4,301.97,301.47,301.47,3,301.45,5,301.25,1,301.24,3,301.19,1,301.18,3,301.06,2,301.0,2,300.86,7,300.75,3,301.97,4,302.14,3,302.15,8,302.16,4,302.26,1,302.27,4,302.31,3,302.32,4,302.33,8,302.49,3
2025-04-10 09:36:27,301.72,301.72,1,301.47,5,301.97,4,301.97,301.47,301.47,5,301.45,5,301.25,1,301.24,3,301.19,1,301.18,3,301.06,2,301.0,2,300.86,7,300.75,3,301.97,4,302.14,3,302.15,8,302.16,4,302.26,1,302.27,4,302.31,3,302.32,4,302.33,8,302.49,3
2025-04-10 09:36:28,301.72,301.72,1,301.47,3,301.97,4,301.97,301.47,301.47,3,301.45,5,301.25,1,301.24,3,301.19,1,301.18,3,301.06,2,301.0,2,300.86,7,300.75,3,301.97,4,302.14,3,302.15,8,302.16,4,302.26,1,302.27,4,302.31,3,302.32,4,302.33,8,302.49,3
2025-04-10 09:36:29,301.72,301.72,1,301.47,3,301.97,4,301.97,301.47,301.47,3,301.45,5,301.25,1,301.24,3,301.19,1,301.18,3,301.06,2,301.0,2,300.86,7,300.75,3,301.97,4,302.14,3,302.15,8,302.16,4,302.26,1,302.27,4,302.31,3,302.32,4,302.33,8,302.49,3
2025-04-10 09:36:30,301.72,301.92,3,301.47,3,301.97,4,301.97,301.47,301.47,3,301.45,5,301.25,1,301.24,3,301.19,1,301.18,3,301.06,2,301.0,2,300.86,7,300.75,3,301.97,4,302.14,3,302.15,8,302.16,4,302.26,1,302.27,4,302.31,3,302.32,4,302.33,8,302.49,3
2025-04-10 09:36:31,301.72,301.92,3,301.47,3,301.97,4,301.97,301.47,301.47,3,301.45,5,301.25,1,301.24,3,301.19,1,301.18,3,301.06,2,301.0,2,300.86,7,300.75,3,301.97,4,302.14,3,302.15,8,302.16,4,302.26,1,302.27,4,302.31,3,302.32,4,302.33,8,302.49,3
2025-04-10 09:36:32,301.72,301.72,1,301.47,4,301.97,4,301.97,301.47,301.47,4,301.45,5,301.25,1,301.24,3,301.19,1,301.18,3,301.06,2,301.0,2,300.86,7,300.75,3,301.97,4,302.14,3,302.15,8,302.16,4,302.26,1,302.27,4,302.31,3,302.32,4,302.33,8,302.49,3
2025-04-10 09:36:33,301.72,301.72,1,301.47,4,301.97,4,301.97,301.47,301.47,4,301.45,5,301.25,1,301.24,3,301.19,1,301.18,3,301.06,2,301.0,2,300.86,7,300.75,3,301.97,4,302.14,3,302.15,8,302.16,4,302.26,1,302.27,4,302.31,3,302.32,4,302.33,8,302.49,3
2025-04-10 09:36:34,301.72,301.72,2,301.47,4,301.97,4,301.97,301.47,301.47,4,301.45,5,301.25,1,301.24,3,301.19,1,301.18,3,301.06,2,301.0,2,300.86,7,300.75,3,301.97,4,302.14,3,302.15,8,302.16,4,302.26,1,302.27,4,302.31,3,302.32,4,302.33,8,302.49,3
2025-04-10 09:36:35,301.72,301.72,2,301.47,5,301.97,4,301.97,301.47,301.47,5,301.45,5,301.25,1,301.24,3,301.19,1,301.18,3,301.06,2,301.0,2,300.86,7,300.75,3,301.97,4,302.14,3,302.15,8,302.16,4,302.26,1,302.27,4,302.31,3,302.32,4,302.33,8,302.49,3
2025-04-10 09:36:36,301.72,301.72,2,301.47,6,301.97,4,301.97,301.47,301.47,6,301.45,5,301.25,1,301.24,3,301.19,1,301.18,3,301.06,2,301.0,2,300.86,7,300.75,3,301.97,4,302.14,3,302.15,8,302.16,4,302.26,1,302.27,4,302.31,3,302.32,4,302.33,8,302.49,3
2025-04-10 09:36:37,301.72,301.72,1,301.47,6,301.97,4,301.97,301.47,301.47,6,301.45,5,301.25,1,301.24,3,301.19,1,301.18,3,301.06,2,301.0,2,300.86,7,300.75,3,301.97,4,302.14,3,302.15,8,302.16,4,302.26,1,302.27,4,302.31,3,302.32,4,302.33,8,302.49,3
2025-04-10 09:36:38,301.72,301.72,1,301.47,6,301.97,4,301.97,301.47,301.47,6,301.45,5,301.25,1,301.24,3,301.19,1,301.18,3,301.06,2,301.0,2,300.86,7,300.75,3,301.97,4,302.14,3,302.15,8,302.16,4,302.26,1,302.27,4,302.31,3,302.32,4,302.33,8,302.49,3
2025-04-10 09:36:39,301.72,301.66,1,301.47,6,301.97,4,301.97,301.47,301.47,6,301.45,5,301.25,1,301.24,3,301.19,1,301.18,3,301.06,2,301.0,2,300.86,7,300.75,3,301.97,4,302.14,3,302.15,8,302.16,4,302.26,1,302.27,4,302.31,3,302.32,4,302.33,8,302.49,3
2025-04-10 09:36:40,301.72,301.66,1,301.47,6,301.97,4,301.97,301.47,301.47,6,301.45,5,301.25,1,301.24,3,301.19,1,301.18,3,301.06,2,301.0,2,300.86,7,300.75,3,301.97,4,302.14,3,302.15,8,302.16,4,302.26,1,302.27,4,302.31,3,302.32,4,302.33,8,302.49,3
2025-04-10 09:36:41,301.72,301.72,1,301.47,6,301.97,4,301.97,301.47,301.47,6,301.45,5,301.25,1,301.24,3,301.19,1,301.18,3,301.06,2,301.0,2,300.86,7,300.75,3,301.97,4,302.14,3,302.15,8,302.16,4,302.26,1,302.27,4,302.31,3,302.32,4,302.33,8,302.49,3
2025-04-10 09:36:42,301.72,301.72,1,301.47,6,301.97,4,301.97,301.47,301.47,6,301.45,5,301.25,1,301.24,3,301.19,1,301.18,3,301.06,2,301.0,2,300.86,7,300.75,3,301.97,4,302.14,3,302.15,8,302.16,4,302.26,1,302.27,4,302.31,3,302.32,4,302.33,8,302.49,3
2025-04-10 09:36:43,301.72,301.72,1,301.47,6,301.97,4,301.97,301.47,301.47,6,301.45,5,301.25,1,301.24,3,301.19,1,301.18,3,301.06,2,301.0,2,300.86,7,300.75,3,301.97,4,302.14,3,302.15,8,302.16,4,302.26,1,302.27,4,302.31,3,302.32,4,302.33,8,302.49,3
2025-04-10 09:36:44,301.72,301.72,1,301.47,9,301.97,4,301.97,301.47,301.47,9,301.45,5,301.25,1,301.24,3,301.19,1,301.18,3,301.06,2,301.0,2,300.86,7,300.75,3,301.97,4,302.14,3,302.15,8,302.16,4,302.26,1,302.27,4,302.31,3,302.32,4,302.33,8,302.49,3
2025-04-10 09:36:45,301.72,301.72,1,301.47,9,301.97,4,301.97,301.47,301.47,9,301.45,5,301.25,1,301.24,3,301.19,1,301.18,3,301.06,2,301.0,2,300.86,7,300.75,3,301.97,4,302.14,3,302.15,8,302.16,4,302.26,1,302.27,4,302.31,3,302.32,4,302.33,8,302.49,3
2025-04-10 09:36:46,301.72,301.72,3,301.47,8,301.97,4,301.97,301.47,301.47,8,301.45,5,301.25,1,301.24,3,301.19,1,301.18,3,301.06,2,301.0,2,300.86,7,300.75,3,301.97,4,302.14,3,302.15,8,302.16,4,302.26,1,302.27,4,302.31,3,302.32,4,302.33,8,302.49,3
2025-04-10 09:36:47,301.72,301.72,3,301.47,8,301.97,4,301.97,301.47,301.47,8,301.45,5,301.25,1,301.24,3,301.19,1,301.18,3,301.06,2,301.0,2,300.86,7,300.75,3,301.97,4,302.14,3,302.15,8,302.16,4,302.26,1,302.27,4,302.31,3,302.32,4,302.33,8,302.49,3
2025-04-10 09:36:48,301.72,301.72,3,301.47,8,301.97,4,301.97,301.47,301.47,8,301.45,5,301.25,1,301.24,3,301.19,1,301.18,3,301.06,2,301.0,2,300.86,7,300.75,3,301.97,4,302.14,3,302.15,8,302.16,4,302.26,1,302.27,4,302.31,3,302.32,4,302.33,8,302.49,3
2025-04-10 09:36:49,301.72,301.72,3,301.47,9,301.97,4,301.97,301.47,301.47,9,301.45,5,301.25,1,301.24,3,301.19,1,301.18,3,301.06,2,301.0,2,300.86,7,300.75,3,301.97,4,302.14,3,302.15,8,302.16,4,302.26,1,302.27,4,302.31,3,302.32,4,302.33,8,302.49,3
2025-04-10 09:36:50,301.72,301.65,1,301.47,9,301.97,4,301.97,301.47,301.47,9,301.45,5,301.25,1,301.24,3,301.19,1,301.18,3,301.06,2,301.0,2,300.86,7,300.75,3,301.97,4,302.14,3,302.15,8,302.16,4,302.26,1,302.27,4,302.31,3,302.32,4,302.33,8,302.49,3
2025-04-10 09:36:51,301.71,301.73,1,301.45,6,301.97,4,301.97,301.45,301.45,6,301.25,1,301.24,3,301.19,1,301.18,3,301.06,2,301.0,2,300.86,7,300.75,3,300.71,1,301.97,4,302.14,3,302.15,8,302.16,4,302.26,1,302.27,4,302.31,3,302.32,4,302.33,8,302.49,3
2025-04-10 09:36:52,301.72,301.72,1,301.47,1,301.97,4,301.97,301.47,301.47,1,301.45,6,301.25,1,301.24,3,301.19,1,301.18,3,301.06,2,301.0,2,300.86,7,300.75,3,301.97,4,302.14,3,302.15,8,302.16,4,302.26,1,302.27,4,302.31,3,302.32,4,302.33,8,302.49,3
2025-04-10 09:36:53,301.72,301.72,2,301.47,1,301.97,4,301.97,301.47,301.47,1,301.45,6,301.25,1,301.24,3,301.19,1,301.18,3,301.06,2,301.0,2,300.86,7,300.75,3,301.97,4,302.14,3,302.15,8,302.16,4,302.26,1,302.27,4,302.31,3,302.32,4,302.33,8,302.49,3
2025-04-10 09:36:54,301.73,301.72,2,301.49,2,301.97,4,301.97,301.49,301.49,2,301.47,1,301.45,6,301.25,1,301.24,3,301.19,1,301.18,3,301.06,2,301.0,2,300.86,7,301.97,4,302.14,3,302.15,8,302.16,4,302.26,1,302.27,4,302.31,3,302.32,4,302.33,8,302.49,3
2025-04-10 09:36:55,301.695,301.53,1,301.42,1,301.97,4,301.97,301.42,301.42,1,301.25,1,301.24,3,301.19,1,301.18,3,301.06,2,301.0,2,300.86,7,300.75,3,300.71,1,301.97,4,302.14,3,302.15,8,302.16,4,302.26,1,302.27,4,302.31,3,302.32,4,302.33,8,302.49,3
2025-04-10 09:36:56,301.7,301.53,1,301.43,1,301.97,9,301.97,301.43,301.43,1,301.42,1,301.25,1,301.24,3,301.19,1,301.18,3,301.06,2,301.0,2,300.86,7,300.75,3,301.97,9,302.14,3,302.15,8,302.16,4,302.26,1,302.27,4,302.31,3,302.32,4,302.33,8,302.49,3
2025-04-10 09:36:57,301.7,301.53,1,301.43,1,301.97,9,301.97,301.43,301.43,1,301.42,1,301.25,1,301.24,3,301.19,1,301.18,3,301.06,2,301.0,2,300.86,7,300.75,3,301.97,9,302.14,3,302.15,8,302.16,4,302.26,1,302.27,4,302.31,3,302.32,4,302.33,8,302.49,3
2025-04-10 09:36:58,301.7,301.53,1,301.43,1,301.97,9,301.97,301.43,301.43,1,301.42,1,301.25,1,301.24,3,301.19,1,301.18,3,301.06,2,301.0,2,300.86,7,300.75,3,301.97,9,302.14,3,302.15,8,302.16,4,302.26,1,302.27,4,302.31,3,302.32,4,302.33,8,302.49,3
2025-04-10 09:36:59,301.7,301.53,1,301.43,1,301.97,9,301.97,301.43,301.43,1,301.42,1,301.25,1,301.24,3,301.19,1,301.18,3,301.06,2,301.0,2,300.86,7,300.75,3,301.97,9,302.14,3,302.15,8,302.16,4,302.26,1,302.27,4,302.31,3,302.32,4,302.33,8,302.49,3
2025-04-10 09:37:00,301.44,301.44,1,301.0,3,301.88,3,301.88,301.0,301.0,3,300.86,7,300.75,3,300.71,1,300.67,5,300.66,2,300.5,1,300.39,4,300.38,1,300.37,3,301.88,3,301.97,9,302.14,3,302.15,8,302.16,4,302.26,1,302.27,4,302.31,3,302.32,4,302.33,8
2025-04-10 09:37:01,301.44,301.44,1,301.0,3,301.88,3,301.88,301.0,301.0,3,300.86,7,300.75,3,300.71,1,300.67,5,300.66,2,300.5,1,300.39,4,300.38,1,300.37,3,301.88,3,301.97,9,302.14,3,302.15,8,302.16,4,302.26,1,302.27,4,302.31,3,302.32,4,302.33,8
2025-04-10 09:37:02,301.505,301.44,1,301.13,2,301.88,5,301.88,301.13,301.13,2,301.0,3,300.86,7,300.75,3,300.71,1,300.67,5,300.66,2,300.5,1,300.39,4,300.38,1,301.88,5,301.97,9,302.14,3,302.15,8,302.16,4,302.26,1,302.27,4,302.31,3,302.32,4,302.33,8
2025-04-10 09:37:03,301.555,301.52,1,301.24,1,301.87,2,301.87,301.24,301.24,1,301.13,2,301.0,3,300.86,7,300.75,3,300.71,1,300.67,5,300.66,2,300.5,1,300.39,4,301.87,2,301.88,5,301.97,9,302.14,3,302.15,8,302.16,4,302.26,1,302.27,4,302.31,3,302.32,4
2025-04-10 09:37:04,301.605,301.52,1,301.34,1,301.87,2,301.87,301.34,301.34,1,301.33,1,301.24,1,301.13,2,301.0,3,300.86,7,300.75,3,300.71,1,300.67,5,300.66,2,301.87,2,301.88,5,301.97,9,302.14,3,302.15,8,302.16,4,302.26,1,302.27,4,302.31,3,302.32,4
2025-04-10 09:37:05,301.64,301.64,1,301.41,1,301.87,2,301.87,301.41,301.41,1,301.34,1,301.33,1,301.24,1,301.13,2,301.0,3,300.86,7,300.75,3,300.71,1,300.67,5,301.87,2,301.88,5,301.97,9,302.14,3,302.15,8,302.16,4,302.26,1,302.27,4,302.31,3,302.32,4
2025-04-10 09:37:06,301.955,301.88,1,301.65,1,302.26,3,302.26,301.65,301.65,1,301.6,1,301.41,3,301.34,1,301.33,1,301.24,1,301.13,2,301.0,3,300.86,7,300.75,3,302.26,3,302.27,6,302.31,3,302.32,4,302.33,8,302.49,3,302.57,9,302.96,2,303.0,69,,
2025-04-10 09:37:07,301.945,301.95,3,301.65,4,302.24,2,302.24,301.65,301.65,4,301.6,1,301.41,3,301.34,1,301.33,1,301.24,1,301.13,2,301.0,3,300.86,7,300.75,3,302.24,2,302.25,3,302.26,3,302.27,6,302.31,3,302.32,4,302.33,8,302.49,3,302.57,9,302.96,2
2025-04-10 09:37:08,302.0,301.95,3,301.76,3,302.24,4,302.24,301.76,301.76,3,301.65,4,301.6,1,301.41,3,301.34,1,301.33,1,301.24,1,301.13,2,301.0,3,300.86,7,302.24,4,302.25,3,302.26,3,302.27,6,302.31,3,302.32,4,302.33,8,302.49,3,302.57,9,302.96,2
2025-04-10 09:37:09,302.045,302.0,1,301.85,1,302.24,4,302.24,301.85,301.85,1,301.76,3,301.65,4,301.6,1,301.41,3,301.34,1,301.33,1,301.24,1,301.13,2,301.0,3,302.24,4,302.25,3,302.26,3,302.27,6,302.31,3,302.32,4,302.33,8,302.49,3,302.57,9,302.96,2
2025-04-10 09:37:10,302.0,301.85,1,301.76,3,302.24,4,302.24,301.76,301.76,3,301.65,4,301.6,1,301.41,3,301.34,1,301.33,1,301.24,1,301.13,2,301.0,3,300.86,7,302.24,4,302.25,3,302.26,3,302.27,6,302.31,3,302.32,4,302.33,8,302.49,3,302.57,9,302.96,2
2025-04-10 09:37:11,301.635,301.76,1,301.5,1,301.77,9,301.77,301.5,301.5,1,301.41,3,301.34,1,301.33,1,301.24,1,301.13,2,301.0,3,300.86,7,300.75,3,300.71,1,301.77,9,302.24,7,302.25,3,302.26,3,302.27,6,302.31,3,302.32,4,302.33,8,302.49,3,302.57,9
2025-04-10 09:37:12,301.59,301.76,1,301.41,3,301.77,10,301.77,301.41,301.41,3,301.34,1,301.33,1,301.24,1,301.13,2,301.0,3,300.86,7,300.75,3,300.71,1,300.67,5,301.77,10,302.24,7,302.25,3,302.26,3,302.27,6,302.31,3,302.32,4,302.33,8,302.49,3,302.57,9
2025-04-10 09:37:13,301.59,301.76,1,301.41,3,301.77,10,301.77,301.41,301.41,3,301.34,1,301.33,1,301.24,1,301.13,2,301.0,3,300.86,7,300.75,3,300.71,1,300.67,5,301.77,10,302.24,7,302.25,3,302.26,3,302.27,6,302.31,3,302.32,4,302.33,8,302.49,3,302.57,9
2025-04-10 09:37:14,301.485,301.36,1,301.2,1,301.77,10,301.77,301.2,301.2,1,301.13,2,301.0,3,300.86,7,300.75,3,300.71,1,300.67,5,300.66,2,300.5,1,300.39,4,301.77,10,302.24,7,302.25,3,302.26,3,302.27,6,302.31,3,302.32,4,302.33,8,302.49,3,302.57,9
2025-04-10 09:37:15,301.485,301.36,1,301.2,1,301.77,10,301.77,301.2,301.2,1,301.13,2,301.0,3,300.86,7,300.75,3,300.71,1,300.67,5,300.66,2,300.5,1,300.39,4,301.77,10,302.24,7,302.25,3,302.26,3,302.27,6,302.31,3,302.32,4,302.33,8,302.49,3,302.57,9
2025-04-10 09:37:16,301.485,301.77,5,301.2,1,301.77,10,301.77,301.2,301.2,1,301.13,2,301.0,3,300.86,7,300.75,3,300.71,1,300.67,5,300.66,2,300.5,1,300.39,4,301.77,10,302.24,7,302.25,3,302.26,3,302.27,6,302.31,3,302.32,4,302.33,8,302.49,3,302.57,9
2025-04-10 09:37:17,301.485,301.52,2,301.2,2,301.77,10,301.77,301.2,301.2,2,301.13,2,301.0,3,300.86,7,300.75,3,300.71,1,300.67,5,300.66,2,300.5,1,300.39,4,301.77,10,302.24,7,302.25,3,302.26,3,302.27,6,302.31,3,302.32,4,302.33,8,302.49,3,302.57,9
2025-04-10 09:37:18,301.485,301.35,1,301.2,2,301.77,10,301.77,301.2,301.2,2,301.13,2,301.0,3,300.86,7,300.75,3,300.71,1,300.67,5,300.66,2,300.5,1,300.39,4,301.77,10,302.24,7,302.25,3,302.26,3,302.27,6,302.31,3,302.32,4,302.33,8,302.49,3,302.57,9
2025-04-10 09:37:19,301.48,301.42,1,301.2,2,301.76,3,301.76,301.2,301.2,2,301.13,2,301.0,3,300.86,7,300.75,3,300.71,1,300.67,5,300.66,2,300.5,1,300.39,4,301.76,3,301.77,10,302.24,7,302.25,3,302.26,3,302.27,6,302.31,3,302.32,4,302.33,8,302.49,3
2025-04-10 09:37:20,301.48,301.42,1,301.2,2,301.76,3,301.76,301.2,301.2,2,301.13,2,301.0,3,300.86,7,300.75,3,300.71,1,300.67,5,300.66,2,300.5,1,300.39,4,301.76,3,301.77,10,302.24,7,302.25,3,302.26,3,302.27,6,302.31,3,302.32,4,302.33,8,302.49,3
2025-04-10 09:37:21,301.48,301.42,1,301.2,2,301.76,3,301.76,301.2,301.2,2,301.13,2,301.0,3,300.86,7,300.75,3,300.71,1,300.67,5,300.66,2,300.5,1,300.39,4,301.76,3,301.77,10,302.24,7,302.25,3,302.26,3,302.27,6,302.31,3,302.32,4,302.33,8,302.49,3
2025-04-10 09:37:22,301.48,301.42,1,301.2,2,301.76,3,301.76,301.2,301.2,2,301.13,2,301.0,3,300.86,7,300.75,3,300.71,1,300.67,5,300.66,2,300.5,1,300.39,4,301.76,3,301.77,10,302.24,7,302.25,3,302.26,3,302.27,6,302.31,3,302.32,4,302.33,8,302.49,3
2025-04-10 09:37:23,301.48,301.42,1,301.2,2,301.76,3,301.76,301.2,301.2,2,301.13,2,301.0,3,300.86,7,300.75,3,300.71,1,300.67,5,300.66,2,300.5,1,300.39,4,301.76,3,301.77,10,302.24,7,302.25,3,302.26,3,302.27,6,302.31,3,302.32,4,302.33,8,302.49,3
2025-04-10 09:37:24,301.48,301.42,1,301.2,2,301.76,3,301.76,301.2,301.2,2,301.13,2,301.0,3,300.86,7,300.75,3,300.71,1,300.67,5,300.66,2,300.5,1,300.39,4,301.76,3,301.77,10,302.24,7,302.25,3,302.26,3,302.27,6,302.31,3,302.32,4,302.33,8,302.49,3
2025-04-10 09:37:25,301.48,301.42,1,301.2,2,301.76,3,301.76,301.2,301.2,2,301.13,2,301.0,3,300.86,7,300.75,3,300.71,1,300.67,5,300.66,2,300.5,1,300.39,4,301.76,3,301.77,10,302.24,7,302.25,3,302.26,3,302.27,6,302.31,3,302.32,4,302.33,8,302.49,3
2025-04-10 09:37:26,301.48,301.37,1,301.2,2,301.76,3,301.76,301.2,301.2,2,301.13,2,301.0,3,300.86,7,300.75,3,300.71,1,300.67,5,300.66,2,300.5,1,300.39,4,301.76,3,301.77,10,302.24,7,302.25,3,302.26,3,302.27,6,302.31,3,302.32,4,302.33,8,302.49,3
2025-04-10 09:37:27,301.48,301.37,1,301.2,2,301.76,3,301.76,301.2,301.2,2,301.13,2,301.0,3,300.86,7,300.75,3,300.71,1,300.67,5,300.66,2,300.5,1,300.39,4,301.76,3,301.77,10,302.24,7,302.25,3,302.26,3,302.27,6,302.31,3,302.32,4,302.33,8,302.49,3
2025-04-10 09:37:28,301.48,301.37,1,301.2,2,301.76,3,301.76,301.2,301.2,2,301.13,2,301.0,3,300.86,7,300.75,3,300.71,1,300.67,5,300.66,2,300.5,1,300.39,4,301.76,3,301.77,10,302.24,7,302.25,3,302.26,3,302.27,6,302.31,3,302.32,4,302.33,8,302.49,3
2025-04-10 09:37:29,301.48,301.49,1,301.2,2,301.76,3,301.76,301.2,301.2,2,301.13,2,301.0,3,300.86,7,300.75,3,300.71,1,300.67,5,300.66,2,300.5,1,300.39,4,301.76,3,301.77,10,302.24,7,302.25,3,302.26,3,302.27,6,302.31,3,302.32,4,302.33,8,302.49,3
2025-04-10 09:37:30,301.48,301.49,1,301.2,4,301.76,3,301.76,301.2,301.2,4,301.13,2,301.0,3,300.86,7,300.75,3,300.71,1,300.67,5,300.66,2,300.5,1,300.39,4,301.76,3,301.77,10,302.24,7,302.25,3,302.26,3,302.27,6,302.31,3,302.32,4,302.33,8,302.49,3
2025-04-10 09:37:31,301.48,301.49,1,301.2,4,301.76,3,301.76,301.2,301.2,4,301.13,2,301.0,3,300.86,7,300.75,3,300.71,1,300.67,5,300.66,2,300.5,1,300.39,4,301.76,3,301.77,10,302.24,7,302.25,3,302.26,3,302.27,6,302.31,3,302.32,4,302.33,8,302.49,3
2025-04-10 09:37:32,301.475,301.48,1,301.2,4,301.75,3,301.75,301.2,301.2,4,301.13,2,301.0,3,300.86,7,300.75,3,300.71,1,300.67,5,300.66,2,300.5,1,300.39,4,301.75,3,301.76,3,301.77,10,302.24,7,302.25,3,302.26,3,302.27,6,302.31,3,302.32,4,302.33,8
2025-04-10 09:37:33,301.475,301.48,1,301.2,4,301.75,3,301.75,301.2,301.2,4,301.13,2,301.0,3,300.86,7,300.75,3,300.71,1,300.67,5,300.66,2,300.5,1,300.39,4,301.75,3,301.76,3,301.77,10,302.24,7,302.25,3,302.26,3,302.27,6,302.31,3,302.32,4,302.33,8
2025-04-10 09:37:34,301.475,301.48,1,301.2,4,301.75,3,301.75,301.2,301.2,4,301.13,2,301.0,3,300.86,7,300.75,3,300.71,1,300.67,5,300.66,2,300.5,1,300.39,4,301.75,3,301.76,3,301.77,10,302.24,7,302.25,3,302.26,3,302.27,6,302.31,3,302.32,4,302.33,8
2025-04-10 09:37:35,301.475,301.48,1,301.2,6,301.75,3,301.75,301.2,301.2,6,301.13,2,301.0,3,300.86,7,300.75,3,300.71,1,300.67,5,300.66,2,300.5,1,300.39,4,301.75,3,301.76,3,301.77,10,302.24,7,302.25,3,302.26,3,302.27,6,302.31,3,302.32,4,302.33,8
2025-04-10 09:37:36,301.475,301.48,1,301.2,7,301.75,3,301.75,301.2,301.2,7,301.13,2,301.0,3,300.86,7,300.75,3,300.71,1,300.67,5,300.66,2,300.5,1,300.39,4,301.75,3,301.76,3,301.77,10,302.24,7,302.25,3,302.26,3,302.27,6,302.31,3,302.32,4,302.33,8
2025-04-10 09:37:37,301.475,301.48,1,301.2,7,301.75,3,301.75,301.2,301.2,7,301.13,2,301.0,3,300.86,7,300.75,3,300.71,1,300.67,5,300.66,2,300.5,1,300.39,4,301.75,3,301.76,3,301.77,10,302.24,7,302.25,3,302.26,3,302.27,6,302.31,3,302.32,4,302.33,8
2025-04-10 09:37:38,301.975,301.82,1,301.75,1,302.2,4,302.2,301.75,301.75,1,301.51,4,301.21,2,301.2,6,301.13,2,301.0,3,300.86,7,300.75,3,300.71,1,300.67,5,302.2,4,302.3,2,302.31,3,302.32,4,302.33,8,302.49,3,302.57,9,302.96,2,303.0,69,,
2025-04-10 09:37:39,301.97,301.97,1,301.75,4,302.19,1,302.19,301.75,301.75,4,301.51,4,301.21,2,301.2,6,301.13,2,301.0,3,300.86,7,300.75,3,300.71,1,300.67,5,302.19,1,302.2,4,302.3,2,302.31,3,302.32,4,302.33,8,302.49,3,302.57,9,302.96,2,303.0,69
2025-04-10 09:37:40,301.8,301.76,1,301.41,7,302.19,2,302.19,301.41,301.41,7,301.0,5,300.86,7,300.75,3,300.71,1,300.67,5,300.66,2,300.5,1,300.39,4,300.38,1,302.19,2,302.2,4,302.3,2,302.31,3,302.32,4,302.33,8,302.49,3,302.57,9,302.96,2,303.0,69
2025-04-10 09:37:41,301.8,301.76,1,301.41,7,302.19,2,302.19,301.41,301.41,7,301.0,5,300.86,7,300.75,3,300.71,1,300.67,5,300.66,2,300.5,1,300.39,4,300.38,1,302.19,2,302.2,4,302.3,2,302.31,3,302.32,4,302.33,8,302.49,3,302.57,9,302.96,2,303.0,69
2025-04-10 09:37:42,301.805,301.76,1,301.42,3,302.19,2,302.19,301.42,301.42,3,301.41,6,301.0,5,300.86,7,300.75,3,300.71,1,300.67,5,300.66,2,300.5,1,300.39,4,302.19,2,302.2,4,302.3,2,302.31,3,302.32,4,302.33,8,302.49,3,302.57,9,302.96,2,303.0,69
2025-04-10 09:37:43,301.805,301.76,1,301.42,3,302.19,2,302.19,301.42,301.42,3,301.41,6,301.0,5,300.86,7,300.75,3,300.71,1,300.67,5,300.66,2,300.5,1,300.39,4,302.19,2,302.2,4,302.3,2,302.31,3,302.32,4,302.33,8,302.49,3,302.57,9,302.96,2,303.0,69
2025-04-10 09:37:44,301.805,301.76,1,301.42,2,302.19,2,302.19,301.42,301.42,2,301.41,6,301.0,5,300.86,7,300.75,3,300.71,1,300.67,5,300.66,2,300.5,1,300.39,4,302.19,2,302.2,4,302.3,2,302.31,3,302.32,4,302.33,8,302.49,3,302.57,9,302.96,2,303.0,69
2025-04-10 09:37:45,301.805,301.76,1,301.42,2,302.19,4,302.19,301.42,301.42,2,301.41,6,301.0,5,300.86,7,300.75,3,300.71,1,300.67,5,300.66,2,300.5,1,300.39,4,302.19,4,302.2,4,302.3,2,302.31,3,302.32,4,302.33,8,302.49,3,302.57,9,302.96,2,303.0,69
2025-04-10 09:37:46,301.805,302.18,1,301.42,2,302.19,4,302.19,301.42,301.42,2,301.41,6,301.0,5,300.86,7,300.75,3,300.71,1,300.67,5,300.66,2,300.5,1,300.39,4,302.19,4,302.2,4,302.3,2,302.31,3,302.32,4,302.33,8,302.49,3,302.57,9,302.96,2,303.0,69
2025-04-10 09:37:47,301.805,302.18,1,301.42,2,302.19,4,302.19,301.42,301.42,2,301.41,6,301.0,5,300.86,7,300.75,3,300.71,1,300.67,5,300.66,2,300.5,1,300.39,4,302.19,4,302.2,4,302.3,2,302.31,3,302.32,4,302.33,8,302.49,3,302.57,9,302.96,2,303.0,69
2025-04-10 09:37:48,301.805,302.18,1,301.42,2,302.19,4,302.19,301.42,301.42,2,301.41,6,301.0,5,300.86,7,300.75,3,300.71,1,300.67,5,300.66,2,300.5,1,300.39,4,302.19,4,302.2,4,302.3,2,302.31,3,302.32,4,302.33,8,302.49,3,302.57,9,302.96,2,303.0,69
2025-04-10 09:37:49,301.805,302.18,1,301.42,2,302.19,4,302.19,301.42,301.42,2,301.41,6,301.0,5,300.86,7,300.75,3,300.71,1,300.67,5,300.66,2,300.5,1,300.39,4,302.19,4,302.2,4,302.3,2,302.31,3,302.32,4,302.33,8,302.49,3,302.57,9,302.96,2,303.0,69
2025-04-10 09:37:50,301.805,301.65,5,301.42,2,302.19,4,302.19,301.42,301.42,2,301.41,6,301.0,5,300.86,7,300.75,3,300.71,1,300.67,5,300.66,2,300.5,1,300.39,4,302.19,4,302.2,4,302.3,2,302.31,3,302.32,4,302.33,8,302.49,3,302.57,9,302.96,2,303.0,69
2025-04-10 09:37:51,301.76,301.66,1,301.42,2,302.1,1,302.1,301.42,301.42,2,301.41,6,301.0,5,300.86,7,300.75,3,300.71,1,300.67,5,300.66,2,300.5,1,300.39,4,302.1,1,302.19,4,302.2,4,302.3,2,302.31,3,302.32,4,302.33,8,302.49,3,302.57,9,302.96,2
2025-04-10 09:37:52,301.76,301.66,1,301.42,2,302.1,1,302.1,301.42,301.42,2,301.41,6,301.0,5,300.86,7,300.75,3,300.71,1,300.67,5,300.66,2,300.5,1,300.39,4,302.1,1,302.19,4,302.2,4,302.3,2,302.31,3,302.32,4,302.33,8,302.49,3,302.57,9,302.96,2
2025-04-10 09:37:53,301.76,301.66,1,301.42,2,302.1,1,302.1,301.42,301.42,2,301.41,6,301.0,5,300.86,7,300.75,3,300.71,1,300.67,5,300.66,2,300.5,1,300.39,4,302.1,1,302.19,4,302.2,4,302.3,2,302.31,3,302.32,4,302.33,8,302.49,3,302.57,9,302.96,2
2025-04-10 09:37:54,301.76,301.66,1,301.42,2,302.1,1,302.1,301.42,301.42,2,301.41,6,301.0,5,300.86,7,300.75,3,300.71,1,300.67,5,300.66,2,300.5,1,300.39,4,302.1,1,302.19,4,302.2,4,302.3,2,302.31,3,302.32,4,302.33,8,302.49,3,302.57,9,302.96,2
2025-04-10 09:37:55,301.76,301.66,1,301.42,2,302.1,1,302.1,301.42,301.42,2,301.41,6,301.0,5,300.86,7,300.75,3,300.71,1,300.67,5,300.66,2,300.5,1,300.39,4,302.1,1,302.19,4,302.2,4,302.3,2,302.31,3,302.32,4,302.33,8,302.49,3,302.57,9,302.96,2
2025-04-10 09:37:56,301.76,301.66,1,301.42,2,302.1,1,302.1,301.42,301.42,2,301.41,6,301.0,5,300.86,7,300.75,3,300.71,1,300.67,5,300.66,2,300.5,1,300.39,4,302.1,1,302.19,4,302.2,4,302.3,2,302.31,3,302.32,4,302.33,8,302.49,3,302.57,9,302.96,2
2025-04-10 09:37:57,301.76,301.66,1,301.42,2,302.1,1,302.1,301.42,301.42,2,301.41,6,301.0,5,300.86,7,300.75,3,300.71,1,300.67,5,300.66,2,300.5,1,300.39,4,302.1,1,302.19,4,302.2,4,302.3,2,302.31,3,302.32,4,302.33,8,302.49,3,302.57,9,302.96,2
2025-04-10 09:37:58,301.755,301.66,1,301.42,2,302.09,3,302.09,301.42,301.42,2,301.41,6,301.0,5,300.86,7,300.75,3,300.71,1,300.67,5,300.66,2,300.5,1,300.39,4,302.09,3,302.1,3,302.19,4,302.2,4,302.3,2,302.31,3,302.32,4,302.33,8,302.49,3,302.57,9
2025-04-10 09:37:59,301.74,301.66,1,301.42,2,302.06,1,302.06,301.42,301.42,2,301.41,6,301.0,5,300.86,7,300.75,3,300.71,1,300.67,5,300.66,2,300.5,1,300.39,4,302.06,1,302.09,3,302.1,3,302.19,4,302.2,4,302.3,2,302.31,3,302.32,4,302.33,8,302.49,3
2025-04-10 09:38:00,301.74,301.66,1,301.42,2,302.06,1,302.06,301.42,301.42,2,301.41,6,301.0,5,300.86,7,300.75,3,300.71,1,300.67,5,300.66,2,300.5,1,300.39,4,302.06,1,302.09,3,302.1,3,302.19,4,302.2,4,302.3,2,302.31,3,302.32,4,302.33,8,302.49,3
