sim_time,mid_price,last_price,last_size,best_bid_price,best_bid_size,best_ask_price,best_ask_size,close_price_buy,close_price_sell,bid1_price,bid1_size,bid2_price,bid2_size,bid3_price,bid3_size,bid4_price,bid4_size,bid5_price,bid5_size,bid6_price,bid6_size,bid7_price,bid7_size,bid8_price,bid8_size,bid9_price,bid9_size,bid10_price,bid10_size,ask1_price,ask1_size,ask2_price,ask2_size,ask3_price,ask3_size,ask4_price,ask4_size,ask5_price,ask5_size,ask6_price,ask6_size,ask7_price,ask7_size,ask8_price,ask8_size,ask9_price,ask9_size,ask10_price,ask10_size
2025-04-10 09:30:11,135.455,135.46,1,135.0,4,135.91,1,135.91,135.0,135.0,4,134.21,4,,,,,,,,,,,,,,,,,135.91,1,135.92,2,135.94,3,,,,,,,,,,,,,,
2025-04-10 09:30:12,135.455,135.46,1,135.0,4,135.91,1,135.91,135.0,135.0,4,134.21,4,,,,,,,,,,,,,,,,,135.91,1,135.92,2,135.94,3,,,,,,,,,,,,,,
2025-04-10 09:30:14,135.455,135.46,1,135.0,4,135.91,1,135.91,135.0,135.0,4,134.21,4,,,,,,,,,,,,,,,,,135.91,1,135.92,2,135.94,3,,,,,,,,,,,,,,
2025-04-10 09:30:15,135.455,135.46,1,135.0,4,135.91,1,135.91,135.0,135.0,4,134.21,4,,,,,,,,,,,,,,,,,135.91,1,135.92,2,135.94,3,,,,,,,,,,,,,,
2025-04-10 09:30:16,135.455,135.46,1,135.0,4,135.91,1,135.91,135.0,135.0,4,134.21,4,,,,,,,,,,,,,,,,,135.91,1,135.92,2,135.94,3,,,,,,,,,,,,,,
2025-04-10 09:30:17,135.455,135.46,1,135.0,4,135.91,1,135.91,135.0,135.0,4,134.21,4,,,,,,,,,,,,,,,,,135.91,1,135.92,2,135.94,3,,,,,,,,,,,,,,
2025-04-10 09:30:18,135.68,135.46,1,135.45,4,135.91,3,135.91,135.45,135.45,4,135.0,4,134.21,4,,,,,,,,,,,,,,,135.91,3,135.92,2,135.94,3,,,,,,,,,,,,,,
2025-04-10 09:30:19,135.68,135.46,1,135.45,4,135.91,3,135.91,135.45,135.45,4,135.0,4,134.21,4,,,,,,,,,,,,,,,135.91,3,135.92,2,135.94,3,,,,,,,,,,,,,,
2025-04-10 09:30:20,135.68,135.46,1,135.45,4,135.91,3,135.91,135.45,135.45,4,135.0,4,134.21,4,,,,,,,,,,,,,,,135.91,3,135.92,2,135.94,3,,,,,,,,,,,,,,
2025-04-10 09:30:21,135.675,135.46,1,135.45,6,135.9,2,135.9,135.45,135.45,6,135.0,4,134.21,4,,,,,,,,,,,,,,,135.9,2,135.91,3,135.92,2,135.94,3,,,,,,,,,,,,
2025-04-10 09:30:22,135.675,135.5,1,135.45,6,135.9,2,135.9,135.45,135.45,6,135.0,4,134.21,4,,,,,,,,,,,,,,,135.9,2,135.91,3,135.92,2,135.94,3,,,,,,,,,,,,
2025-04-10 09:30:23,135.675,135.68,1,135.45,6,135.9,2,135.9,135.45,135.45,6,135.0,4,134.21,4,,,,,,,,,,,,,,,135.9,2,135.91,3,135.92,2,135.94,3,,,,,,,,,,,,
2025-04-10 09:30:24,135.675,135.68,1,135.45,6,135.9,2,135.9,135.45,135.45,6,135.0,4,134.21,4,,,,,,,,,,,,,,,135.9,2,135.91,3,135.92,2,135.94,3,,,,,,,,,,,,
2025-04-10 09:30:25,135.785,135.79,1,135.67,4,135.9,2,135.9,135.67,135.67,4,135.45,6,135.0,4,134.21,4,,,,,,,,,,,,,135.9,2,135.91,3,135.92,2,135.94,3,,,,,,,,,,,,
2025-04-10 09:30:26,135.785,135.79,1,135.67,4,135.9,2,135.9,135.67,135.67,4,135.45,6,135.0,4,134.21,4,,,,,,,,,,,,,135.9,2,135.91,3,135.92,2,135.94,3,,,,,,,,,,,,
2025-04-10 09:30:27,135.785,135.79,1,135.67,5,135.9,3,135.9,135.67,135.67,5,135.45,6,135.0,4,134.21,4,,,,,,,,,,,,,135.9,3,135.91,3,135.92,2,135.94,3,,,,,,,,,,,,
2025-04-10 09:30:28,135.78,135.67,1,135.66,1,135.9,3,135.9,135.66,135.66,1,135.45,6,135.0,4,134.21,4,,,,,,,,,,,,,135.9,3,135.91,3,135.92,2,135.94,3,,,,,,,,,,,,
2025-04-10 09:30:29,135.45,135.66,1,135.0,1,135.9,3,135.9,135.0,135.0,1,134.21,4,,,,,,,,,,,,,,,,,135.9,3,135.91,3,135.92,2,135.94,3,,,,,,,,,,,,
2025-04-10 09:30:30,135.45,135.45,1,135.0,1,135.9,3,135.9,135.0,135.0,1,134.21,4,,,,,,,,,,,,,,,,,135.9,3,135.91,3,135.92,2,135.94,3,,,,,,,,,,,,
2025-04-10 09:30:31,135.45,135.45,1,135.0,2,135.9,3,135.9,135.0,135.0,2,134.21,4,,,,,,,,,,,,,,,,,135.9,3,135.91,3,135.92,2,135.94,3,,,,,,,,,,,,
2025-04-10 09:30:32,135.45,135.45,1,135.0,2,135.9,3,135.9,135.0,135.0,2,134.21,4,,,,,,,,,,,,,,,,,135.9,3,135.91,3,135.92,2,135.94,3,,,,,,,,,,,,
2025-04-10 09:30:33,135.445,135.45,1,135.0,2,135.89,1,135.89,135.0,135.0,2,134.21,4,,,,,,,,,,,,,,,,,135.89,1,135.9,3,135.91,3,135.92,2,135.94,3,,,,,,,,,,
2025-04-10 09:30:34,135.445,135.45,1,135.0,2,135.89,1,135.89,135.0,135.0,2,134.21,4,,,,,,,,,,,,,,,,,135.89,1,135.9,3,135.91,3,135.92,2,135.94,3,,,,,,,,,,
2025-04-10 09:30:35,135.445,135.45,1,135.0,2,135.89,1,135.89,135.0,135.0,2,134.21,4,,,,,,,,,,,,,,,,,135.89,1,135.9,3,135.91,3,135.92,2,135.94,3,,,,,,,,,,
2025-04-10 09:30:36,135.445,135.45,1,135.0,3,135.89,2,135.89,135.0,135.0,3,134.21,4,,,,,,,,,,,,,,,,,135.89,2,135.9,3,135.91,3,135.92,2,135.94,3,,,,,,,,,,
2025-04-10 09:30:37,135.445,135.44,1,135.0,3,135.89,2,135.89,135.0,135.0,3,134.21,4,,,,,,,,,,,,,,,,,135.89,2,135.9,3,135.91,3,135.92,2,135.94,3,,,,,,,,,,
2025-04-10 09:30:38,135.665,135.44,1,135.44,3,135.89,2,135.89,135.44,135.44,3,135.0,3,134.21,4,,,,,,,,,,,,,,,135.89,2,135.9,3,135.91,3,135.92,2,135.94,3,,,,,,,,,,
2025-04-10 09:30:39,135.665,135.44,1,135.44,3,135.89,2,135.89,135.44,135.44,3,135.0,3,134.21,4,,,,,,,,,,,,,,,135.89,2,135.9,3,135.91,3,135.92,2,135.94,3,,,,,,,,,,
2025-04-10 09:30:40,135.69,135.44,1,135.44,4,135.94,3,135.94,135.44,135.44,4,135.0,3,134.21,4,,,,,,,,,,,,,,,135.94,3,,,,,,,,,,,,,,,,,,
2025-04-10 09:30:41,135.69,135.44,1,135.44,4,135.94,4,135.94,135.44,135.44,4,135.0,3,134.21,4,,,,,,,,,,,,,,,135.94,4,,,,,,,,,,,,,,,,,,
2025-04-10 09:30:42,135.69,135.44,1,135.44,4,135.94,4,135.94,135.44,135.44,4,135.0,3,134.21,4,,,,,,,,,,,,,,,135.94,4,,,,,,,,,,,,,,,,,,
2025-04-10 09:30:43,135.69,135.44,1,135.44,4,135.94,4,135.94,135.44,135.44,4,135.0,3,134.21,4,,,,,,,,,,,,,,,135.94,4,,,,,,,,,,,,,,,,,,
2025-04-10 09:30:44,135.69,135.44,1,135.44,4,135.94,4,135.94,135.44,135.44,4,135.0,3,134.21,4,,,,,,,,,,,,,,,135.94,4,,,,,,,,,,,,,,,,,,
2025-04-10 09:30:45,135.69,135.44,1,135.44,4,135.94,4,135.94,135.44,135.44,4,135.0,3,134.21,4,,,,,,,,,,,,,,,135.94,4,,,,,,,,,,,,,,,,,,
2025-04-10 09:30:46,135.69,135.44,1,135.44,4,135.94,3,135.94,135.44,135.44,4,135.0,3,134.21,4,,,,,,,,,,,,,,,135.94,3,,,,,,,,,,,,,,,,,,
2025-04-10 09:30:47,135.69,135.69,1,135.44,2,135.94,3,135.94,135.44,135.44,2,135.0,3,134.21,4,,,,,,,,,,,,,,,135.94,3,,,,,,,,,,,,,,,,,,
2025-04-10 09:30:48,135.69,135.69,1,135.44,2,135.94,3,135.94,135.44,135.44,2,135.0,3,134.21,4,,,,,,,,,,,,,,,135.94,3,,,,,,,,,,,,,,,,,,
2025-04-10 09:30:49,135.665,135.69,4,135.44,3,135.89,8,135.89,135.44,135.44,3,135.0,3,134.21,4,,,,,,,,,,,,,,,135.89,8,135.94,4,,,,,,,,,,,,,,,,
2025-04-10 09:30:50,135.66,135.69,4,135.44,3,135.88,1,135.88,135.44,135.44,3,135.0,3,134.21,4,,,,,,,,,,,,,,,135.88,1,135.89,8,135.94,4,,,,,,,,,,,,,,
2025-04-10 09:30:51,135.66,135.69,4,135.44,4,135.88,2,135.88,135.44,135.44,4,135.0,3,134.21,4,,,,,,,,,,,,,,,135.88,2,135.89,8,135.94,4,,,,,,,,,,,,,,
2025-04-10 09:30:52,135.66,135.66,1,135.44,3,135.88,2,135.88,135.44,135.44,3,135.0,3,134.21,4,,,,,,,,,,,,,,,135.88,2,135.89,8,135.94,4,,,,,,,,,,,,,,
2025-04-10 09:30:53,135.66,135.66,1,135.44,3,135.88,2,135.88,135.44,135.44,3,135.0,3,134.21,4,,,,,,,,,,,,,,,135.88,2,135.89,8,135.94,4,,,,,,,,,,,,,,
2025-04-10 09:30:54,135.66,135.66,1,135.44,3,135.88,2,135.88,135.44,135.44,3,135.0,3,134.21,4,,,,,,,,,,,,,,,135.88,2,135.89,8,135.94,4,,,,,,,,,,,,,,
2025-04-10 09:30:55,135.66,135.66,1,135.44,3,135.88,2,135.88,135.44,135.44,3,135.0,3,134.21,4,,,,,,,,,,,,,,,135.88,2,135.89,8,135.94,4,,,,,,,,,,,,,,
2025-04-10 09:30:56,135.66,135.66,1,135.44,3,135.88,2,135.88,135.44,135.44,3,135.0,3,134.21,4,,,,,,,,,,,,,,,135.88,2,135.89,8,135.94,4,,,,,,,,,,,,,,
2025-04-10 09:30:57,135.66,135.66,1,135.44,3,135.88,2,135.88,135.44,135.44,3,135.0,3,134.21,4,,,,,,,,,,,,,,,135.88,2,135.89,8,135.94,4,,,,,,,,,,,,,,
2025-04-10 09:30:58,135.66,135.66,1,135.44,2,135.88,2,135.88,135.44,135.44,2,135.0,3,134.21,4,,,,,,,,,,,,,,,135.88,2,135.89,8,135.94,4,,,,,,,,,,,,,,
2025-04-10 09:30:59,135.66,135.66,1,135.44,2,135.88,2,135.88,135.44,135.44,2,135.0,3,134.21,4,,,,,,,,,,,,,,,135.88,2,135.89,8,135.94,4,,,,,,,,,,,,,,
2025-04-10 09:31:00,135.66,135.52,1,135.44,2,135.88,2,135.88,135.44,135.44,2,135.0,3,134.21,4,,,,,,,,,,,,,,,135.88,2,135.89,8,135.94,4,,,,,,,,,,,,,,
2025-04-10 09:31:01,135.66,135.52,1,135.44,2,135.88,2,135.88,135.44,135.44,2,135.0,3,134.21,4,,,,,,,,,,,,,,,135.88,2,135.89,8,135.94,4,,,,,,,,,,,,,,
2025-04-10 09:31:02,135.66,135.52,1,135.44,3,135.88,2,135.88,135.44,135.44,3,135.0,3,134.21,4,,,,,,,,,,,,,,,135.88,2,135.89,8,135.94,4,,,,,,,,,,,,,,
2025-04-10 09:31:03,135.66,135.52,1,135.44,3,135.88,2,135.88,135.44,135.44,3,135.0,3,134.21,4,,,,,,,,,,,,,,,135.88,2,135.89,8,135.94,4,,,,,,,,,,,,,,
2025-04-10 09:31:04,135.66,135.52,1,135.44,3,135.88,2,135.88,135.44,135.44,3,135.0,3,134.21,4,,,,,,,,,,,,,,,135.88,2,135.89,8,135.94,4,,,,,,,,,,,,,,
2025-04-10 09:31:05,135.66,135.52,1,135.44,3,135.88,2,135.88,135.44,135.44,3,135.0,3,134.21,4,,,,,,,,,,,,,,,135.88,2,135.89,8,135.94,4,,,,,,,,,,,,,,
2025-04-10 09:31:06,135.66,135.52,1,135.44,3,135.88,2,135.88,135.44,135.44,3,135.0,3,134.21,4,,,,,,,,,,,,,,,135.88,2,135.89,8,135.94,4,,,,,,,,,,,,,,
2025-04-10 09:31:07,135.66,135.52,1,135.44,3,135.88,2,135.88,135.44,135.44,3,135.0,3,134.21,4,,,,,,,,,,,,,,,135.88,2,135.89,8,135.94,4,,,,,,,,,,,,,,
2025-04-10 09:31:08,135.66,135.52,1,135.44,3,135.88,2,135.88,135.44,135.44,3,135.0,3,134.21,4,,,,,,,,,,,,,,,135.88,2,135.89,8,135.94,4,,,,,,,,,,,,,,
2025-04-10 09:31:09,135.66,135.52,1,135.44,2,135.88,3,135.88,135.44,135.44,2,135.0,3,134.21,4,,,,,,,,,,,,,,,135.88,3,135.89,8,135.94,4,,,,,,,,,,,,,,
2025-04-10 09:31:10,135.66,135.52,1,135.44,3,135.88,3,135.88,135.44,135.44,3,135.0,3,134.21,4,,,,,,,,,,,,,,,135.88,3,135.89,8,135.94,4,,,,,,,,,,,,,,
2025-04-10 09:31:11,135.66,135.52,1,135.44,3,135.88,3,135.88,135.44,135.44,3,135.0,3,134.21,4,,,,,,,,,,,,,,,135.88,3,135.89,8,135.94,4,,,,,,,,,,,,,,
2025-04-10 09:31:12,135.66,135.52,1,135.44,3,135.88,3,135.88,135.44,135.44,3,135.0,3,134.21,4,,,,,,,,,,,,,,,135.88,3,135.89,8,135.94,4,,,,,,,,,,,,,,
2025-04-10 09:31:13,135.66,135.52,1,135.44,3,135.88,3,135.88,135.44,135.44,3,135.0,3,134.21,4,,,,,,,,,,,,,,,135.88,3,135.89,8,135.94,4,,,,,,,,,,,,,,
2025-04-10 09:31:14,135.615,135.62,1,135.44,3,135.79,12,135.79,135.44,135.44,3,135.0,3,134.21,4,,,,,,,,,,,,,,,135.79,12,135.88,3,135.89,8,135.94,4,,,,,,,,,,,,
2025-04-10 09:31:15,135.615,135.62,1,135.44,3,135.79,12,135.79,135.44,135.44,3,135.0,3,134.21,4,,,,,,,,,,,,,,,135.79,12,135.88,3,135.89,8,135.94,4,,,,,,,,,,,,
2025-04-10 09:31:16,135.615,135.62,1,135.44,3,135.79,13,135.79,135.44,135.44,3,135.0,3,134.21,4,,,,,,,,,,,,,,,135.79,13,135.88,3,135.89,8,135.94,4,,,,,,,,,,,,
2025-04-10 09:31:17,135.615,135.61,1,135.44,2,135.79,13,135.79,135.44,135.44,2,135.0,3,134.21,4,,,,,,,,,,,,,,,135.79,13,135.88,3,135.89,8,135.94,4,,,,,,,,,,,,
2025-04-10 09:31:18,135.455,135.6,1,135.13,2,135.78,10,135.78,135.13,135.13,2,135.06,2,135.0,3,134.21,4,,,,,,,,,,,,,135.78,10,135.79,13,135.88,3,135.89,8,135.94,4,,,,,,,,,,
2025-04-10 09:31:19,135.39,135.39,1,135.0,1,135.78,11,135.78,135.0,135.0,1,134.21,4,,,,,,,,,,,,,,,,,135.78,11,135.79,13,135.88,3,135.89,8,135.94,4,,,,,,,,,,
2025-04-10 09:31:20,135.39,135.39,1,135.0,1,135.78,11,135.78,135.0,135.0,1,134.21,4,,,,,,,,,,,,,,,,,135.78,11,135.79,13,135.88,3,135.89,8,135.94,4,,,,,,,,,,
2025-04-10 09:31:21,135.39,135.39,1,135.0,1,135.78,11,135.78,135.0,135.0,1,134.21,4,,,,,,,,,,,,,,,,,135.78,11,135.79,13,135.88,3,135.89,8,135.94,4,,,,,,,,,,
2025-04-10 09:31:22,135.36,135.39,1,135.0,2,135.72,12,135.72,135.0,135.0,2,134.21,4,,,,,,,,,,,,,,,,,135.72,12,135.78,11,135.79,13,135.88,3,135.89,8,135.94,4,,,,,,,,
2025-04-10 09:31:23,135.36,135.39,1,135.0,2,135.72,12,135.72,135.0,135.0,2,134.21,4,,,,,,,,,,,,,,,,,135.72,12,135.78,11,135.79,13,135.88,3,135.89,8,135.94,4,,,,,,,,
2025-04-10 09:31:24,135.36,135.39,1,135.0,2,135.72,12,135.72,135.0,135.0,2,134.21,4,,,,,,,,,,,,,,,,,135.72,12,135.78,11,135.79,13,135.88,3,135.89,8,135.94,4,,,,,,,,
2025-04-10 09:31:25,134.885,134.88,1,134.54,4,135.23,3,135.23,134.54,134.54,4,134.21,4,,,,,,,,,,,,,,,,,135.23,3,135.64,1,135.71,4,135.72,12,135.78,11,135.79,13,135.88,3,135.89,8,135.94,4,,
2025-04-10 09:31:26,134.885,134.88,1,134.54,4,135.23,3,135.23,134.54,134.54,4,134.21,4,,,,,,,,,,,,,,,,,135.23,3,135.64,1,135.71,4,135.72,12,135.78,11,135.79,13,135.88,3,135.89,8,135.94,4,,
2025-04-10 09:31:27,135.015,134.88,1,134.37,2,135.66,3,135.66,134.37,134.37,2,134.21,4,,,,,,,,,,,,,,,,,135.66,3,135.71,4,135.72,12,135.78,11,135.79,13,135.88,3,135.89,8,135.94,4,,,,
2025-04-10 09:31:28,135.015,134.38,1,134.37,2,135.66,3,135.66,134.37,134.37,2,134.21,4,,,,,,,,,,,,,,,,,135.66,3,135.71,4,135.72,12,135.78,11,135.79,13,135.88,3,135.89,8,135.94,4,,,,
2025-04-10 09:31:29,135.015,134.38,1,134.37,2,135.66,3,135.66,134.37,134.37,2,134.21,4,,,,,,,,,,,,,,,,,135.66,3,135.71,4,135.72,12,135.78,11,135.79,13,135.88,3,135.89,8,135.94,4,,,,
2025-04-10 09:31:30,135.015,134.37,5,134.37,2,135.66,4,135.66,134.37,134.37,2,134.21,4,,,,,,,,,,,,,,,,,135.66,4,135.71,4,135.72,12,135.78,11,135.79,13,135.88,3,135.89,8,135.94,4,,,,
2025-04-10 09:31:31,134.78,134.37,5,134.37,2,135.19,2,135.19,134.37,134.37,2,134.21,4,,,,,,,,,,,,,,,,,135.19,2,135.2,1,135.66,4,135.71,4,135.72,12,135.78,11,135.79,13,135.88,3,135.89,8,135.94,4
2025-04-10 09:31:32,134.78,134.37,5,134.37,2,135.19,2,135.19,134.37,134.37,2,134.21,4,,,,,,,,,,,,,,,,,135.19,2,135.2,1,135.66,4,135.71,4,135.72,12,135.78,11,135.79,13,135.88,3,135.89,8,135.94,4
2025-04-10 09:31:33,134.78,134.37,5,134.37,2,135.19,2,135.19,134.37,134.37,2,134.21,4,,,,,,,,,,,,,,,,,135.19,2,135.2,1,135.66,4,135.71,4,135.72,12,135.78,11,135.79,13,135.88,3,135.89,8,135.94,4
2025-04-10 09:31:34,134.78,134.37,5,134.37,2,135.19,2,135.19,134.37,134.37,2,134.21,4,,,,,,,,,,,,,,,,,135.19,2,135.2,1,135.66,4,135.71,4,135.72,12,135.78,11,135.79,13,135.88,3,135.89,8,135.94,4
2025-04-10 09:31:35,134.78,134.78,1,134.37,2,135.19,2,135.19,134.37,134.37,2,134.21,4,,,,,,,,,,,,,,,,,135.19,2,135.2,1,135.66,4,135.71,4,135.72,12,135.78,11,135.79,13,135.88,3,135.89,8,135.94,4
2025-04-10 09:31:36,134.78,134.78,1,134.37,2,135.19,2,135.19,134.37,134.37,2,134.21,4,,,,,,,,,,,,,,,,,135.19,2,135.2,1,135.66,4,135.71,4,135.72,12,135.78,11,135.79,13,135.88,3,135.89,8,135.94,4
2025-04-10 09:31:37,134.78,134.78,1,134.37,2,135.19,2,135.19,134.37,134.37,2,134.21,4,,,,,,,,,,,,,,,,,135.19,2,135.2,1,135.66,4,135.71,4,135.72,12,135.78,11,135.79,13,135.88,3,135.89,8,135.94,4
2025-04-10 09:31:38,134.78,134.78,1,134.37,2,135.19,3,135.19,134.37,134.37,2,134.21,4,,,,,,,,,,,,,,,,,135.19,3,135.2,1,135.66,4,135.71,4,135.72,12,135.78,11,135.79,13,135.88,3,135.89,8,135.94,4
2025-04-10 09:31:39,134.78,134.78,1,134.37,2,135.19,3,135.19,134.37,134.37,2,134.21,4,,,,,,,,,,,,,,,,,135.19,3,135.2,1,135.66,4,135.71,4,135.72,12,135.78,11,135.79,13,135.88,3,135.89,8,135.94,4
2025-04-10 09:31:40,134.78,134.78,1,134.37,3,135.19,3,135.19,134.37,134.37,3,134.21,4,,,,,,,,,,,,,,,,,135.19,3,135.2,1,135.66,4,135.71,4,135.72,12,135.78,11,135.79,13,135.88,3,135.89,8,135.94,4
2025-04-10 09:31:41,134.78,134.78,1,134.37,3,135.19,4,135.19,134.37,134.37,3,134.21,4,,,,,,,,,,,,,,,,,135.19,4,135.2,1,135.66,4,135.71,4,135.72,12,135.78,11,135.79,13,135.88,3,135.89,8,135.94,4
2025-04-10 09:31:42,134.78,134.78,1,134.37,3,135.19,4,135.19,134.37,134.37,3,134.21,4,,,,,,,,,,,,,,,,,135.19,4,135.2,1,135.66,4,135.71,4,135.72,12,135.78,11,135.79,13,135.88,3,135.89,8,135.94,4
2025-04-10 09:31:43,134.78,134.78,1,134.37,3,135.19,4,135.19,134.37,134.37,3,134.21,4,,,,,,,,,,,,,,,,,135.19,4,135.2,1,135.66,4,135.71,4,135.72,12,135.78,11,135.79,13,135.88,3,135.89,8,135.94,4
2025-04-10 09:31:44,134.78,134.78,1,134.37,3,135.19,4,135.19,134.37,134.37,3,134.21,4,,,,,,,,,,,,,,,,,135.19,4,135.2,1,135.66,4,135.71,4,135.72,12,135.78,11,135.79,13,135.88,3,135.89,8,135.94,4
2025-04-10 09:31:45,134.78,134.78,1,134.37,4,135.19,4,135.19,134.37,134.37,4,134.21,4,,,,,,,,,,,,,,,,,135.19,4,135.2,1,135.66,4,135.71,4,135.72,12,135.78,11,135.79,13,135.88,3,135.89,8,135.94,4
2025-04-10 09:31:46,134.78,134.78,1,134.37,4,135.19,4,135.19,134.37,134.37,4,134.21,4,,,,,,,,,,,,,,,,,135.19,4,135.2,1,135.66,4,135.71,4,135.72,12,135.78,11,135.79,13,135.88,3,135.89,8,135.94,4
2025-04-10 09:31:47,134.985,134.78,1,134.78,1,135.19,4,135.19,134.78,134.78,1,134.37,3,134.21,4,,,,,,,,,,,,,,,135.19,4,135.2,1,135.66,4,135.71,4,135.72,12,135.78,11,135.79,13,135.88,3,135.89,8,135.94,4
2025-04-10 09:31:48,134.985,134.99,1,134.78,1,135.19,4,135.19,134.78,134.78,1,134.37,3,134.21,4,,,,,,,,,,,,,,,135.19,4,135.2,1,135.66,4,135.71,4,135.72,12,135.78,11,135.79,13,135.88,3,135.89,8,135.94,4
2025-04-10 09:31:49,134.985,134.99,1,134.78,1,135.19,4,135.19,134.78,134.78,1,134.37,3,134.21,4,,,,,,,,,,,,,,,135.19,4,135.2,1,135.66,4,135.71,4,135.72,12,135.78,11,135.79,13,135.88,3,135.89,8,135.94,4
2025-04-10 09:31:50,134.985,134.79,1,134.78,2,135.19,4,135.19,134.78,134.78,2,134.37,3,134.21,4,,,,,,,,,,,,,,,135.19,4,135.2,1,135.66,4,135.71,4,135.72,12,135.78,11,135.79,13,135.88,3,135.89,8,135.94,4
2025-04-10 09:31:51,134.985,134.79,1,134.78,2,135.19,4,135.19,134.78,134.78,2,134.37,3,134.21,4,,,,,,,,,,,,,,,135.19,4,135.2,1,135.66,4,135.71,4,135.72,12,135.78,11,135.79,13,135.88,3,135.89,8,135.94,4
2025-04-10 09:31:52,134.985,134.79,1,134.78,2,135.19,4,135.19,134.78,134.78,2,134.37,3,134.21,4,,,,,,,,,,,,,,,135.19,4,135.2,1,135.66,4,135.71,4,135.72,12,135.78,11,135.79,13,135.88,3,135.89,8,135.94,4
2025-04-10 09:31:53,134.985,134.79,1,134.78,2,135.19,4,135.19,134.78,134.78,2,134.37,3,134.21,4,,,,,,,,,,,,,,,135.19,4,135.2,1,135.66,4,135.71,4,135.72,12,135.78,11,135.79,13,135.88,3,135.89,8,135.94,4
2025-04-10 09:31:54,134.985,134.99,1,134.78,1,135.19,4,135.19,134.78,134.78,1,134.37,3,134.21,4,,,,,,,,,,,,,,,135.19,4,135.2,1,135.66,4,135.71,4,135.72,12,135.78,11,135.79,13,135.88,3,135.89,8,135.94,4
2025-04-10 09:31:55,134.885,134.99,1,134.78,1,134.99,1,134.99,134.78,134.78,1,134.37,3,134.21,4,,,,,,,,,,,,,,,134.99,1,135.19,4,135.2,1,135.66,4,135.71,4,135.72,12,135.78,11,135.79,13,135.88,3,135.89,8
2025-04-10 09:31:56,134.885,134.99,1,134.78,1,134.99,1,134.99,134.78,134.78,1,134.37,3,134.21,4,,,,,,,,,,,,,,,134.99,1,135.19,4,135.2,1,135.66,4,135.71,4,135.72,12,135.78,11,135.79,13,135.88,3,135.89,8
2025-04-10 09:31:57,135.165,135.16,4,134.84,1,135.49,3,135.49,134.84,134.84,1,134.78,1,134.37,3,134.21,4,,,,,,,,,,,,,135.49,3,135.66,4,135.71,4,135.72,12,135.78,11,135.79,13,135.88,3,135.89,8,135.94,4,,
2025-04-10 09:31:58,135.155,135.16,4,134.84,1,135.47,2,135.47,134.84,134.84,1,134.78,1,134.37,3,134.21,4,,,,,,,,,,,,,135.47,2,135.48,2,135.49,3,135.66,4,135.71,4,135.72,12,135.78,11,135.79,13,135.88,3,135.89,8
2025-04-10 09:31:59,135.145,135.16,4,134.84,1,135.45,2,135.45,134.84,134.84,1,134.78,1,134.37,3,134.21,4,,,,,,,,,,,,,135.45,2,135.46,2,135.47,2,135.48,2,135.49,3,135.66,4,135.71,4,135.72,12,135.78,11,135.79,13
2025-04-10 09:32:00,135.14,135.16,4,134.84,1,135.44,2,135.44,134.84,134.84,1,134.78,1,134.37,3,134.21,4,,,,,,,,,,,,,135.44,2,135.45,2,135.46,2,135.47,2,135.48,2,135.49,3,135.66,4,135.71,4,135.72,12,135.78,11
2025-04-10 09:32:01,135.14,135.16,4,134.84,2,135.44,2,135.44,134.84,134.84,2,134.78,1,134.37,3,134.21,4,,,,,,,,,,,,,135.44,2,135.45,2,135.46,2,135.47,2,135.48,2,135.49,3,135.66,4,135.71,4,135.72,12,135.78,11
2025-04-10 09:32:02,135.14,135.16,4,134.84,2,135.44,2,135.44,134.84,134.84,2,134.78,1,134.37,3,134.21,4,,,,,,,,,,,,,135.44,2,135.45,2,135.46,2,135.47,2,135.48,2,135.49,3,135.66,4,135.71,4,135.72,12,135.78,11
2025-04-10 09:32:03,135.135,135.16,4,134.84,2,135.43,2,135.43,134.84,134.84,2,134.78,1,134.37,3,134.21,4,,,,,,,,,,,,,135.43,2,135.44,2,135.45,2,135.46,2,135.47,2,135.48,2,135.49,3,135.66,4,135.71,4,135.72,12
2025-04-10 09:32:04,135.13,135.13,1,134.84,1,135.42,2,135.42,134.84,134.84,1,134.78,1,134.37,3,134.21,4,,,,,,,,,,,,,135.42,2,135.43,2,135.44,2,135.45,2,135.46,2,135.47,2,135.48,2,135.49,3,135.66,4,135.71,4
2025-04-10 09:32:05,135.125,135.13,1,134.84,1,135.41,2,135.41,134.84,134.84,1,134.78,1,134.37,3,134.21,4,,,,,,,,,,,,,135.41,2,135.42,2,135.43,2,135.44,2,135.45,2,135.46,2,135.47,2,135.48,2,135.49,3,135.66,4
2025-04-10 09:32:06,135.125,135.13,1,134.84,1,135.41,2,135.41,134.84,134.84,1,134.78,1,134.37,3,134.21,4,,,,,,,,,,,,,135.41,2,135.42,2,135.43,2,135.44,2,135.45,2,135.46,2,135.47,2,135.48,2,135.49,3,135.66,4
2025-04-10 09:32:07,135.12,135.13,1,134.84,1,135.4,2,135.4,134.84,134.84,1,134.78,1,134.37,3,134.21,4,,,,,,,,,,,,,135.4,2,135.41,2,135.42,2,135.43,2,135.44,2,135.45,2,135.46,2,135.47,2,135.48,2,135.49,3
2025-04-10 09:32:08,135.095,135.12,1,134.79,1,135.4,2,135.4,134.79,134.79,1,134.78,1,134.37,3,134.21,4,,,,,,,,,,,,,135.4,2,135.41,2,135.42,2,135.43,2,135.44,2,135.45,2,135.46,2,135.47,2,135.48,2,135.49,3
2025-04-10 09:32:09,135.09,135.12,1,134.79,1,135.39,2,135.39,134.79,134.79,1,134.78,1,134.37,3,134.21,4,,,,,,,,,,,,,135.39,2,135.4,2,135.41,2,135.42,2,135.43,2,135.44,2,135.45,2,135.46,2,135.47,2,135.48,2
2025-04-10 09:32:10,134.955,135.12,1,134.79,1,135.12,1,135.12,134.79,134.79,1,134.78,1,134.37,3,134.21,4,,,,,,,,,,,,,135.12,1,135.39,2,135.4,2,135.41,2,135.42,2,135.43,2,135.44,2,135.45,2,135.46,2,135.47,2
2025-04-10 09:32:11,134.955,135.12,1,134.79,2,135.12,4,135.12,134.79,134.79,2,134.78,1,134.37,3,134.21,4,,,,,,,,,,,,,135.12,4,135.39,2,135.4,2,135.41,2,135.42,2,135.43,2,135.44,2,135.45,2,135.46,2,135.47,2
2025-04-10 09:32:12,134.955,135.12,1,134.79,2,135.12,4,135.12,134.79,134.79,2,134.78,1,134.37,3,134.21,4,,,,,,,,,,,,,135.12,4,135.39,2,135.4,2,135.41,2,135.42,2,135.43,2,135.44,2,135.45,2,135.46,2,135.47,2
2025-04-10 09:32:13,134.955,135.12,1,134.79,2,135.12,4,135.12,134.79,134.79,2,134.78,1,134.37,3,134.21,4,,,,,,,,,,,,,135.12,4,135.39,2,135.4,2,135.41,2,135.42,2,135.43,2,135.44,2,135.45,2,135.46,2,135.47,2
2025-04-10 09:32:14,134.955,135.12,1,134.79,2,135.12,4,135.12,134.79,134.79,2,134.78,1,134.37,3,134.21,4,,,,,,,,,,,,,135.12,4,135.39,2,135.4,2,135.41,2,135.42,2,135.43,2,135.44,2,135.45,2,135.46,2,135.47,2
2025-04-10 09:32:15,134.775,134.79,1,134.51,1,135.04,3,135.04,134.51,134.51,1,134.37,3,134.21,4,,,,,,,,,,,,,,,135.04,3,135.11,1,135.12,4,135.39,2,135.4,2,135.41,2,135.42,2,135.43,2,135.44,2,135.45,2
2025-04-10 09:32:16,134.74,134.74,1,134.44,2,135.04,4,135.04,134.44,134.44,2,134.43,6,134.37,3,134.21,4,,,,,,,,,,,,,135.04,4,135.11,1,135.12,4,135.39,2,135.4,2,135.41,2,135.42,2,135.43,2,135.44,2,135.45,2
2025-04-10 09:32:17,134.74,134.74,1,134.44,2,135.04,4,135.04,134.44,134.44,2,134.43,6,134.37,3,134.21,4,,,,,,,,,,,,,135.04,4,135.11,1,135.12,4,135.39,2,135.4,2,135.41,2,135.42,2,135.43,2,135.44,2,135.45,2
2025-04-10 09:32:18,134.74,134.74,1,134.44,2,135.04,4,135.04,134.44,134.44,2,134.43,6,134.37,3,134.21,4,,,,,,,,,,,,,135.04,4,135.11,1,135.12,4,135.39,2,135.4,2,135.41,2,135.42,2,135.43,2,135.44,2,135.45,2
2025-04-10 09:32:19,134.74,134.74,1,134.44,2,135.04,4,135.04,134.44,134.44,2,134.43,6,134.37,3,134.21,4,,,,,,,,,,,,,135.04,4,135.11,1,135.12,4,135.39,2,135.4,2,135.41,2,135.42,2,135.43,2,135.44,2,135.45,2
2025-04-10 09:32:20,134.74,134.74,1,134.44,3,135.04,4,135.04,134.44,134.44,3,134.43,6,134.37,3,134.21,4,,,,,,,,,,,,,135.04,4,135.11,1,135.12,4,135.39,2,135.4,2,135.41,2,135.42,2,135.43,2,135.44,2,135.45,2
2025-04-10 09:32:21,134.74,134.74,1,134.44,3,135.04,4,135.04,134.44,134.44,3,134.43,6,134.37,3,134.21,4,,,,,,,,,,,,,135.04,4,135.11,1,135.12,4,135.39,2,135.4,2,135.41,2,135.42,2,135.43,2,135.44,2,135.45,2
2025-04-10 09:32:22,134.74,134.74,1,134.44,3,135.04,4,135.04,134.44,134.44,3,134.43,6,134.37,3,134.21,4,,,,,,,,,,,,,135.04,4,135.11,1,135.12,4,135.39,2,135.4,2,135.41,2,135.42,2,135.43,2,135.44,2,135.45,2
2025-04-10 09:32:23,134.74,134.74,1,134.44,3,135.04,4,135.04,134.44,134.44,3,134.43,6,134.37,3,134.21,4,,,,,,,,,,,,,135.04,4,135.11,1,135.12,4,135.39,2,135.4,2,135.41,2,135.42,2,135.43,2,135.44,2,135.45,2
2025-04-10 09:32:24,134.74,134.74,1,134.44,3,135.04,4,135.04,134.44,134.44,3,134.43,6,134.37,3,134.21,4,,,,,,,,,,,,,135.04,4,135.11,1,135.12,4,135.39,2,135.4,2,135.41,2,135.42,2,135.43,2,135.44,2,135.45,2
2025-04-10 09:32:25,134.74,134.74,1,134.44,3,135.04,6,135.04,134.44,134.44,3,134.43,6,134.37,3,134.21,4,,,,,,,,,,,,,135.04,6,135.11,1,135.12,4,135.39,2,135.4,2,135.41,2,135.42,2,135.43,2,135.44,2,135.45,2
2025-04-10 09:32:26,134.715,134.74,4,134.44,3,134.99,2,134.99,134.44,134.44,3,134.43,6,134.37,3,134.21,4,,,,,,,,,,,,,134.99,2,135.04,6,135.11,1,135.12,4,135.39,2,135.4,2,135.41,2,135.42,2,135.43,2,135.44,2
2025-04-10 09:32:27,134.715,134.72,1,134.44,2,134.99,2,134.99,134.44,134.44,2,134.43,6,134.37,3,134.21,4,,,,,,,,,,,,,134.99,2,135.04,6,135.11,1,135.12,4,135.39,2,135.4,2,135.41,2,135.42,2,135.43,2,135.44,2
2025-04-10 09:32:28,134.715,134.72,1,134.44,2,134.99,2,134.99,134.44,134.44,2,134.43,6,134.37,3,134.21,4,,,,,,,,,,,,,134.99,2,135.04,6,135.11,1,135.12,4,135.39,2,135.4,2,135.41,2,135.42,2,135.43,2,135.44,2
2025-04-10 09:32:29,134.715,134.72,1,134.44,2,134.99,2,134.99,134.44,134.44,2,134.43,6,134.37,3,134.21,4,,,,,,,,,,,,,134.99,2,135.04,6,135.11,1,135.12,4,135.39,2,135.4,2,135.41,2,135.42,2,135.43,2,135.44,2
2025-04-10 09:32:30,134.715,134.72,1,134.44,2,134.99,2,134.99,134.44,134.44,2,134.43,6,134.37,3,134.21,4,,,,,,,,,,,,,134.99,2,135.04,6,135.11,1,135.12,4,135.39,2,135.4,2,135.41,2,135.42,2,135.43,2,135.44,2
2025-04-10 09:32:31,134.715,134.72,1,134.44,2,134.99,2,134.99,134.44,134.44,2,134.43,6,134.37,3,134.21,4,,,,,,,,,,,,,134.99,2,135.04,6,135.11,1,135.12,4,135.39,2,135.4,2,135.41,2,135.42,2,135.43,2,135.44,2
2025-04-10 09:32:32,134.715,134.72,1,134.44,3,134.99,5,134.99,134.44,134.44,3,134.43,6,134.37,3,134.21,4,,,,,,,,,,,,,134.99,5,135.04,6,135.11,1,135.12,4,135.39,2,135.4,2,135.41,2,135.42,2,135.43,2,135.44,2
2025-04-10 09:32:33,134.715,134.57,1,134.44,3,134.99,5,134.99,134.44,134.44,3,134.43,6,134.37,3,134.21,4,,,,,,,,,,,,,134.99,5,135.04,6,135.11,1,135.12,4,135.39,2,135.4,2,135.41,2,135.42,2,135.43,2,135.44,2
2025-04-10 09:32:34,134.715,134.57,1,134.44,3,134.99,5,134.99,134.44,134.44,3,134.43,6,134.37,3,134.21,4,,,,,,,,,,,,,134.99,5,135.04,6,135.11,1,135.12,4,135.39,2,135.4,2,135.41,2,135.42,2,135.43,2,135.44,2
2025-04-10 09:32:35,134.715,134.72,1,134.44,3,134.99,5,134.99,134.44,134.44,3,134.43,6,134.37,3,134.21,4,,,,,,,,,,,,,134.99,5,135.04,6,135.11,1,135.12,4,135.39,2,135.4,2,135.41,2,135.42,2,135.43,2,135.44,2
2025-04-10 09:32:36,134.715,134.72,1,134.44,3,134.99,4,134.99,134.44,134.44,3,134.43,6,134.37,3,134.21,4,,,,,,,,,,,,,134.99,4,135.04,6,135.11,1,135.12,4,135.39,2,135.4,2,135.41,2,135.42,2,135.43,2,135.44,2
2025-04-10 09:32:37,134.715,134.72,1,134.44,3,134.99,4,134.99,134.44,134.44,3,134.43,6,134.37,3,134.21,4,,,,,,,,,,,,,134.99,4,135.04,6,135.11,1,135.12,4,135.39,2,135.4,2,135.41,2,135.42,2,135.43,2,135.44,2
2025-04-10 09:32:38,134.715,134.72,1,134.44,3,134.99,4,134.99,134.44,134.44,3,134.43,6,134.37,3,134.21,4,,,,,,,,,,,,,134.99,4,135.04,6,135.11,1,135.12,4,135.39,2,135.4,2,135.41,2,135.42,2,135.43,2,135.44,2
2025-04-10 09:32:39,134.68,134.72,1,134.44,3,134.92,1,134.92,134.44,134.44,3,134.43,6,134.37,3,134.21,4,,,,,,,,,,,,,134.92,1,134.99,4,135.04,6,135.11,1,135.12,4,135.39,2,135.4,2,135.41,2,135.42,2,135.43,2
2025-04-10 09:32:40,134.68,134.72,1,134.44,3,134.92,1,134.92,134.44,134.44,3,134.43,6,134.37,3,134.21,4,,,,,,,,,,,,,134.92,1,134.99,4,135.04,6,135.11,1,135.12,4,135.39,2,135.4,2,135.41,2,135.42,2,135.43,2
2025-04-10 09:32:41,134.68,134.72,1,134.44,3,134.92,1,134.92,134.44,134.44,3,134.43,6,134.37,3,134.21,4,,,,,,,,,,,,,134.92,1,134.99,4,135.04,6,135.11,1,135.12,4,135.39,2,135.4,2,135.41,2,135.42,2,135.43,2
2025-04-10 09:32:42,134.68,134.72,1,134.44,3,134.92,1,134.92,134.44,134.44,3,134.43,6,134.37,3,134.21,4,,,,,,,,,,,,,134.92,1,134.99,4,135.04,6,135.11,1,135.12,4,135.39,2,135.4,2,135.41,2,135.42,2,135.43,2
2025-04-10 09:32:43,134.68,134.72,1,134.44,3,134.92,1,134.92,134.44,134.44,3,134.43,6,134.37,3,134.21,4,,,,,,,,,,,,,134.92,1,134.99,4,135.04,6,135.11,1,135.12,4,135.39,2,135.4,2,135.41,2,135.42,2,135.43,2
2025-04-10 09:32:44,134.68,134.59,1,134.44,3,134.92,1,134.92,134.44,134.44,3,134.43,6,134.37,3,134.21,4,,,,,,,,,,,,,134.92,1,134.99,4,135.04,6,135.11,1,135.12,4,135.39,2,135.4,2,135.41,2,135.42,2,135.43,2
2025-04-10 09:32:45,134.68,134.59,1,134.44,3,134.92,1,134.92,134.44,134.44,3,134.43,6,134.37,3,134.21,4,,,,,,,,,,,,,134.92,1,134.99,4,135.04,6,135.11,1,135.12,4,135.39,2,135.4,2,135.41,2,135.42,2,135.43,2
2025-04-10 09:32:46,134.755,134.59,1,134.59,1,134.92,1,134.92,134.59,134.59,1,134.44,3,134.43,6,134.37,3,134.21,4,,,,,,,,,,,134.92,1,134.99,4,135.04,6,135.11,1,135.12,4,135.39,2,135.4,2,135.41,2,135.42,2,135.43,2
2025-04-10 09:32:47,134.735,134.59,1,134.59,1,134.88,1,134.88,134.59,134.59,1,134.44,3,134.43,6,134.37,3,134.21,4,,,,,,,,,,,134.88,1,134.92,1,134.99,4,135.04,6,135.11,1,135.12,4,135.39,2,135.4,2,135.41,2,135.42,2
2025-04-10 09:32:48,134.725,134.59,1,134.59,1,134.86,1,134.86,134.59,134.59,1,134.44,3,134.43,6,134.37,3,134.21,4,,,,,,,,,,,134.86,1,134.88,2,134.92,1,134.99,4,135.04,6,135.11,1,135.12,4,135.39,2,135.4,2,135.41,2
2025-04-10 09:32:49,134.725,134.59,1,134.59,1,134.86,2,134.86,134.59,134.59,1,134.44,3,134.43,6,134.37,3,134.21,4,,,,,,,,,,,134.86,2,134.88,2,134.92,1,134.99,4,135.04,6,135.11,1,135.12,4,135.39,2,135.4,2,135.41,2
2025-04-10 09:32:50,134.725,134.61,1,134.59,2,134.86,2,134.86,134.59,134.59,2,134.44,3,134.43,6,134.37,3,134.21,4,,,,,,,,,,,134.86,2,134.88,2,134.92,1,134.99,4,135.04,6,135.11,1,135.12,4,135.39,2,135.4,2,135.41,2
2025-04-10 09:32:51,134.725,134.6,4,134.59,4,134.86,2,134.86,134.59,134.59,4,134.44,3,134.43,6,134.37,3,134.21,4,,,,,,,,,,,134.86,2,134.88,2,134.92,1,134.99,4,135.04,6,135.11,1,135.12,4,135.39,2,135.4,2,135.41,2
2025-04-10 09:32:52,134.725,134.6,4,134.59,4,134.86,2,134.86,134.59,134.59,4,134.44,3,134.43,6,134.37,3,134.21,4,,,,,,,,,,,134.86,2,134.88,2,134.92,1,134.99,4,135.04,6,135.11,1,135.12,4,135.39,2,135.4,2,135.41,2
2025-04-10 09:32:53,134.73,134.6,1,134.6,1,134.86,2,134.86,134.6,134.6,1,134.59,4,134.44,3,134.43,6,134.37,3,134.21,4,,,,,,,,,134.86,2,134.88,2,134.92,1,134.99,4,135.04,6,135.11,1,135.12,4,135.39,2,135.4,2,135.41,2
2025-04-10 09:32:54,134.545,134.57,1,134.29,1,134.8,1,134.8,134.29,134.29,1,134.28,3,134.21,4,,,,,,,,,,,,,,,134.8,1,134.86,4,134.88,2,134.92,1,134.99,4,135.04,6,135.11,1,135.12,4,135.39,2,135.4,2
2025-04-10 09:32:55,134.545,134.57,1,134.29,1,134.8,1,134.8,134.29,134.29,1,134.28,3,134.21,4,,,,,,,,,,,,,,,134.8,1,134.86,4,134.88,2,134.92,1,134.99,4,135.04,6,135.11,1,135.12,4,135.39,2,135.4,2
2025-04-10 09:32:56,134.545,134.57,1,134.29,1,134.8,1,134.8,134.29,134.29,1,134.28,3,134.21,4,,,,,,,,,,,,,,,134.8,1,134.86,4,134.88,2,134.92,1,134.99,4,135.04,6,135.11,1,135.12,4,135.39,2,135.4,2
2025-04-10 09:32:57,134.545,134.36,1,134.29,1,134.8,3,134.8,134.29,134.29,1,134.28,3,134.21,4,,,,,,,,,,,,,,,134.8,3,134.86,4,134.88,2,134.92,1,134.99,4,135.04,6,135.11,1,135.12,4,135.39,2,135.4,2
2025-04-10 09:32:58,134.545,134.36,1,134.29,1,134.8,3,134.8,134.29,134.29,1,134.28,3,134.21,4,,,,,,,,,,,,,,,134.8,3,134.86,4,134.88,2,134.92,1,134.99,4,135.04,6,135.11,1,135.12,4,135.39,2,135.4,2
2025-04-10 09:32:59,134.605,134.51,1,134.29,1,134.92,2,134.92,134.29,134.29,1,134.28,3,134.21,4,,,,,,,,,,,,,,,134.92,2,134.99,4,135.04,6,135.11,1,135.12,4,135.39,2,135.4,2,135.41,2,135.42,2,135.43,2
2025-04-10 09:33:00,134.605,134.51,1,134.29,2,134.92,2,134.92,134.29,134.29,2,134.28,3,134.21,4,,,,,,,,,,,,,,,134.92,2,134.99,4,135.04,6,135.11,1,135.12,4,135.39,2,135.4,2,135.41,2,135.42,2,135.43,2
2025-04-10 09:33:01,134.605,134.51,1,134.29,2,134.92,3,134.92,134.29,134.29,2,134.28,3,134.21,4,,,,,,,,,,,,,,,134.92,3,134.99,4,135.04,6,135.11,1,135.12,4,135.39,2,135.4,2,135.41,2,135.42,2,135.43,2
2025-04-10 09:33:02,134.605,134.51,1,134.29,2,134.92,3,134.92,134.29,134.29,2,134.28,3,134.21,4,,,,,,,,,,,,,,,134.92,3,134.99,4,135.04,6,135.11,1,135.12,4,135.39,2,135.4,2,135.41,2,135.42,2,135.43,2
2025-04-10 09:33:03,134.605,134.51,1,134.29,2,134.92,3,134.92,134.29,134.29,2,134.28,3,134.21,4,,,,,,,,,,,,,,,134.92,3,134.99,4,135.04,6,135.11,1,135.12,4,135.39,2,135.4,2,135.41,2,135.42,2,135.43,2
2025-04-10 09:33:04,134.605,134.51,1,134.29,2,134.92,3,134.92,134.29,134.29,2,134.28,3,134.21,4,,,,,,,,,,,,,,,134.92,3,134.99,4,135.04,6,135.11,1,135.12,4,135.39,2,135.4,2,135.41,2,135.42,2,135.43,2
2025-04-10 09:33:05,134.605,134.51,1,134.29,2,134.92,3,134.92,134.29,134.29,2,134.28,3,134.21,4,,,,,,,,,,,,,,,134.92,3,134.99,4,135.04,6,135.11,1,135.12,4,135.39,2,135.4,2,135.41,2,135.42,2,135.43,2
2025-04-10 09:33:06,134.605,134.51,2,134.29,2,134.92,3,134.92,134.29,134.29,2,134.28,3,134.21,4,,,,,,,,,,,,,,,134.92,3,134.99,4,135.04,6,135.11,1,135.12,4,135.39,2,135.4,2,135.41,2,135.42,2,135.43,2
2025-04-10 09:33:07,134.515,134.51,1,134.29,1,134.74,2,134.74,134.29,134.29,1,134.28,3,134.21,4,,,,,,,,,,,,,,,134.74,2,134.92,3,134.99,4,135.04,6,135.11,1,135.12,4,135.39,2,135.4,2,135.41,2,135.42,2
2025-04-10 09:33:08,134.515,134.3,1,134.29,1,134.74,1,134.74,134.29,134.29,1,134.28,3,134.21,4,,,,,,,,,,,,,,,134.74,1,134.92,3,134.99,4,135.04,6,135.11,1,135.12,4,135.39,2,135.4,2,135.41,2,135.42,2
2025-04-10 09:33:09,134.515,134.3,1,134.29,1,134.74,1,134.74,134.29,134.29,1,134.28,3,134.21,4,,,,,,,,,,,,,,,134.74,1,134.92,3,134.99,4,135.04,6,135.11,1,135.12,4,135.39,2,135.4,2,135.41,2,135.42,2
2025-04-10 09:33:10,134.575,134.3,1,134.29,1,134.86,3,134.86,134.29,134.29,1,134.28,3,134.21,4,,,,,,,,,,,,,,,134.86,3,134.92,3,134.99,4,135.04,6,135.11,1,135.12,4,135.39,2,135.4,2,135.41,2,135.42,2
2025-04-10 09:33:11,134.575,134.3,1,134.29,2,134.86,4,134.86,134.29,134.29,2,134.28,3,134.21,4,,,,,,,,,,,,,,,134.86,4,134.92,3,134.99,4,135.04,6,135.11,1,135.12,4,135.39,2,135.4,2,135.41,2,135.42,2
2025-04-10 09:33:12,134.575,134.3,1,134.29,2,134.86,4,134.86,134.29,134.29,2,134.28,3,134.21,4,,,,,,,,,,,,,,,134.86,4,134.92,3,134.99,4,135.04,6,135.11,1,135.12,4,135.39,2,135.4,2,135.41,2,135.42,2
2025-04-10 09:33:13,134.575,134.3,1,134.29,2,134.86,4,134.86,134.29,134.29,2,134.28,3,134.21,4,,,,,,,,,,,,,,,134.86,4,134.92,3,134.99,4,135.04,6,135.11,1,135.12,4,135.39,2,135.4,2,135.41,2,135.42,2
2025-04-10 09:33:14,134.55,134.3,1,134.29,2,134.81,1,134.81,134.29,134.29,2,134.28,3,134.21,4,,,,,,,,,,,,,,,134.81,1,134.86,4,134.92,3,134.99,4,135.04,6,135.11,1,135.12,4,135.39,2,135.4,2,135.41,2
2025-04-10 09:33:15,134.55,134.3,1,134.29,2,134.81,3,134.81,134.29,134.29,2,134.28,3,134.21,4,,,,,,,,,,,,,,,134.81,3,134.86,4,134.92,3,134.99,4,135.04,6,135.11,1,135.12,4,135.39,2,135.4,2,135.41,2
2025-04-10 09:33:16,134.55,134.3,1,134.29,2,134.81,3,134.81,134.29,134.29,2,134.28,3,134.21,4,,,,,,,,,,,,,,,134.81,3,134.86,4,134.92,3,134.99,4,135.04,6,135.11,1,135.12,4,135.39,2,135.4,2,135.41,2
2025-04-10 09:33:17,134.55,134.3,1,134.29,2,134.81,4,134.81,134.29,134.29,2,134.28,3,134.21,4,,,,,,,,,,,,,,,134.81,4,134.86,4,134.92,3,134.99,4,135.04,6,135.11,1,135.12,4,135.39,2,135.4,2,135.41,2
2025-04-10 09:33:18,134.55,134.39,1,134.29,2,134.81,4,134.81,134.29,134.29,2,134.28,3,134.21,4,,,,,,,,,,,,,,,134.81,4,134.86,4,134.92,3,134.99,4,135.04,6,135.11,1,135.12,4,135.39,2,135.4,2,135.41,2
2025-04-10 09:33:19,134.55,134.39,1,134.29,2,134.81,4,134.81,134.29,134.29,2,134.28,3,134.21,4,,,,,,,,,,,,,,,134.81,4,134.86,4,134.92,3,134.99,4,135.04,6,135.11,1,135.12,4,135.39,2,135.4,2,135.41,2
2025-04-10 09:33:20,134.55,134.39,1,134.29,2,134.81,4,134.81,134.29,134.29,2,134.28,3,134.21,4,,,,,,,,,,,,,,,134.81,4,134.86,4,134.92,3,134.99,4,135.04,6,135.11,1,135.12,4,135.39,2,135.4,2,135.41,2
2025-04-10 09:33:21,134.585,134.39,1,134.36,1,134.81,4,134.81,134.36,134.36,1,134.29,3,134.28,3,134.21,4,,,,,,,,,,,,,134.81,4,134.86,4,134.92,3,134.99,4,135.04,6,135.11,1,135.12,4,135.39,2,135.4,2,135.41,2
2025-04-10 09:33:22,134.585,134.39,1,134.36,1,134.81,4,134.81,134.36,134.36,1,134.29,3,134.28,3,134.21,4,,,,,,,,,,,,,134.81,4,134.86,4,134.92,3,134.99,4,135.04,6,135.11,1,135.12,4,135.39,2,135.4,2,135.41,2
2025-04-10 09:33:23,134.55,134.39,1,134.29,3,134.81,4,134.81,134.29,134.29,3,134.28,3,134.21,4,,,,,,,,,,,,,,,134.81,4,134.86,4,134.92,3,134.99,4,135.04,6,135.11,1,135.12,4,135.39,2,135.4,2,135.41,2
2025-04-10 09:33:24,134.59,134.39,1,134.37,1,134.81,4,134.81,134.37,134.37,1,134.36,1,134.29,3,134.28,3,134.21,4,,,,,,,,,,,134.81,4,134.86,4,134.92,3,134.99,4,135.04,6,135.11,1,135.12,4,135.39,2,135.4,2,135.41,2
2025-04-10 09:33:25,134.59,134.39,1,134.37,1,134.81,4,134.81,134.37,134.37,1,134.36,1,134.29,3,134.28,3,134.21,4,,,,,,,,,,,134.81,4,134.86,4,134.92,3,134.99,4,135.04,6,135.11,1,135.12,4,135.39,2,135.4,2,135.41,2
2025-04-10 09:33:26,134.59,134.39,1,134.37,1,134.81,4,134.81,134.37,134.37,1,134.36,1,134.29,3,134.28,3,134.21,4,,,,,,,,,,,134.81,4,134.86,4,134.92,3,134.99,4,135.04,6,135.11,1,135.12,4,135.39,2,135.4,2,135.41,2
2025-04-10 09:33:27,134.59,134.39,1,134.37,1,134.81,4,134.81,134.37,134.37,1,134.36,1,134.29,3,134.28,3,134.21,4,,,,,,,,,,,134.81,4,134.86,4,134.92,3,134.99,4,135.04,6,135.11,1,135.12,4,135.39,2,135.4,2,135.41,2
2025-04-10 09:33:28,134.6,134.73,1,134.39,1,134.81,5,134.81,134.39,134.39,1,134.37,1,134.36,1,134.29,3,134.28,3,134.21,4,,,,,,,,,134.81,5,134.86,4,134.92,3,134.99,4,135.04,6,135.11,1,135.12,4,135.39,2,135.4,2,135.41,2
2025-04-10 09:33:29,134.655,134.74,1,134.39,1,134.92,2,134.92,134.39,134.39,1,134.37,1,134.36,1,134.29,3,134.28,3,134.21,4,,,,,,,,,134.92,2,134.99,4,135.04,6,135.11,1,135.12,4,135.39,2,135.4,2,135.41,2,135.42,2,135.43,2
2025-04-10 09:33:30,134.655,134.74,1,134.39,1,134.92,2,134.92,134.39,134.39,1,134.37,1,134.36,1,134.29,3,134.28,3,134.21,4,,,,,,,,,134.92,2,134.99,4,135.04,6,135.11,1,135.12,4,135.39,2,135.4,2,135.41,2,135.42,2,135.43,2
2025-04-10 09:33:31,134.655,134.74,1,134.39,2,134.92,2,134.92,134.39,134.39,2,134.37,1,134.36,1,134.29,3,134.28,3,134.21,4,,,,,,,,,134.92,2,134.99,4,135.04,6,135.11,1,135.12,4,135.39,2,135.4,2,135.41,2,135.42,2,135.43,2
2025-04-10 09:33:32,134.66,134.74,1,134.4,1,134.92,2,134.92,134.4,134.4,1,134.39,6,134.37,1,134.36,1,134.29,3,134.28,3,134.21,4,,,,,,,134.92,2,134.99,4,135.04,6,135.11,1,135.12,4,135.39,2,135.4,2,135.41,2,135.42,2,135.43,2
2025-04-10 09:33:33,134.66,134.74,1,134.4,1,134.92,2,134.92,134.4,134.4,1,134.39,6,134.37,1,134.36,1,134.29,3,134.28,3,134.21,4,,,,,,,134.92,2,134.99,4,135.04,6,135.11,1,135.12,4,135.39,2,135.4,2,135.41,2,135.42,2,135.43,2
2025-04-10 09:33:34,134.66,134.74,1,134.4,1,134.92,2,134.92,134.4,134.4,1,134.39,6,134.37,1,134.36,1,134.29,3,134.28,3,134.21,4,,,,,,,134.92,2,134.99,4,135.04,6,135.11,1,135.12,4,135.39,2,135.4,2,135.41,2,135.42,2,135.43,2
2025-04-10 09:33:35,134.83,134.83,15,134.74,1,134.92,2,134.92,134.74,134.74,1,134.4,1,134.39,6,134.37,1,134.36,1,134.29,3,134.28,3,134.21,4,,,,,134.92,2,134.99,4,135.04,6,135.11,1,135.12,4,135.39,2,135.4,2,135.41,2,135.42,2,135.43,2
2025-04-10 09:33:36,134.83,134.83,15,134.74,1,134.92,2,134.92,134.74,134.74,1,134.4,1,134.39,6,134.37,1,134.36,1,134.29,3,134.28,3,134.21,4,,,,,134.92,2,134.99,4,135.04,6,135.11,1,135.12,4,135.39,2,135.4,2,135.41,2,135.42,2,135.43,2
2025-04-10 09:33:37,134.76,134.76,1,134.57,3,134.95,1,134.95,134.57,134.57,3,134.44,2,134.4,1,134.39,6,134.37,1,134.36,1,134.29,3,134.28,3,134.21,4,,,134.95,1,134.99,4,135.04,6,135.11,1,135.12,4,135.39,2,135.4,2,135.41,2,135.42,2,135.43,2
2025-04-10 09:33:38,134.96,134.96,1,134.76,2,135.16,1,135.16,134.76,134.76,2,134.57,3,134.44,2,134.4,1,134.39,6,134.37,1,134.36,1,134.29,3,134.28,3,134.21,4,135.16,1,135.39,2,135.4,2,135.41,2,135.42,2,135.43,2,135.44,2,135.45,2,135.46,2,135.47,2
2025-04-10 09:33:39,134.965,134.96,1,134.77,2,135.16,1,135.16,134.77,134.77,2,134.76,3,134.57,3,134.44,2,134.4,1,134.39,6,134.37,1,134.36,1,134.29,3,134.28,3,135.16,1,135.39,2,135.4,2,135.41,2,135.42,2,135.43,2,135.44,2,135.45,2,135.46,2,135.47,2
2025-04-10 09:33:40,134.965,134.96,1,134.77,2,135.16,1,135.16,134.77,134.77,2,134.76,3,134.57,3,134.44,2,134.4,1,134.39,6,134.37,1,134.36,1,134.29,3,134.28,3,135.16,1,135.39,2,135.4,2,135.41,2,135.42,2,135.43,2,135.44,2,135.45,2,135.46,2,135.47,2
2025-04-10 09:33:41,134.965,134.97,1,134.77,2,135.16,1,135.16,134.77,134.77,2,134.76,3,134.57,3,134.44,2,134.4,1,134.39,6,134.37,1,134.36,1,134.29,3,134.28,3,135.16,1,135.39,2,135.4,2,135.41,2,135.42,2,135.43,2,135.44,2,135.45,2,135.46,2,135.47,2
2025-04-10 09:33:43,134.965,134.97,1,134.77,3,135.16,1,135.16,134.77,134.77,3,134.76,3,134.57,3,134.44,2,134.4,1,134.39,6,134.37,1,134.36,1,134.29,3,134.28,3,135.16,1,135.39,2,135.4,2,135.41,2,135.42,2,135.43,2,135.44,2,135.45,2,135.46,2,135.47,2
2025-04-10 09:33:43,134.965,134.97,1,134.77,3,135.16,1,135.16,134.77,134.77,3,134.76,3,134.57,3,134.44,2,134.4,1,134.39,6,134.37,1,134.36,1,134.29,3,134.28,3,135.16,1,135.39,2,135.4,2,135.41,2,135.42,2,135.43,2,135.44,2,135.45,2,135.46,2,135.47,2
2025-04-10 09:33:44,134.965,134.97,1,134.77,3,135.16,1,135.16,134.77,134.77,3,134.76,3,134.57,3,134.44,2,134.4,1,134.39,6,134.37,1,134.36,1,134.29,3,134.28,3,135.16,1,135.39,2,135.4,2,135.41,2,135.42,2,135.43,2,135.44,2,135.45,2,135.46,2,135.47,2
2025-04-10 09:33:46,135.06,134.97,1,134.96,1,135.16,1,135.16,134.96,134.96,1,134.77,3,134.76,3,134.57,3,134.44,2,134.4,1,134.39,6,134.37,1,134.36,1,134.29,3,135.16,1,135.39,2,135.4,2,135.41,2,135.42,2,135.43,2,135.44,2,135.45,2,135.46,2,135.47,2
2025-04-10 09:33:47,135.06,134.97,1,134.96,1,135.16,1,135.16,134.96,134.96,1,134.77,3,134.76,3,134.57,3,134.44,2,134.4,1,134.39,6,134.37,1,134.36,1,134.29,3,135.16,1,135.39,2,135.4,2,135.41,2,135.42,2,135.43,2,135.44,2,135.45,2,135.46,2,135.47,2
2025-04-10 09:33:47,135.06,134.97,1,134.96,1,135.16,1,135.16,134.96,134.96,1,134.77,3,134.76,3,134.57,3,134.44,2,134.4,1,134.39,6,134.37,1,134.36,1,134.29,3,135.16,1,135.39,2,135.4,2,135.41,2,135.42,2,135.43,2,135.44,2,135.45,2,135.46,2,135.47,2
2025-04-10 09:33:49,135.06,134.97,1,134.96,1,135.16,1,135.16,134.96,134.96,1,134.77,3,134.76,3,134.57,3,134.44,2,134.4,1,134.39,6,134.37,1,134.36,1,134.29,3,135.16,1,135.39,2,135.4,2,135.41,2,135.42,2,135.43,2,135.44,2,135.45,2,135.46,2,135.47,2
2025-04-10 09:33:50,135.06,134.97,1,134.96,3,135.16,1,135.16,134.96,134.96,3,134.77,3,134.76,3,134.57,3,134.44,2,134.4,1,134.39,6,134.37,1,134.36,1,134.29,3,135.16,1,135.39,2,135.4,2,135.41,2,135.42,2,135.43,2,135.44,2,135.45,2,135.46,2,135.47,2
2025-04-10 09:33:50,135.06,134.97,1,134.96,5,135.16,1,135.16,134.96,134.96,5,134.77,3,134.76,3,134.57,3,134.44,2,134.4,1,134.39,6,134.37,1,134.36,1,134.29,3,135.16,1,135.39,2,135.4,2,135.41,2,135.42,2,135.43,2,135.44,2,135.45,2,135.46,2,135.47,2
2025-04-10 09:33:51,135.06,134.97,1,134.96,5,135.16,1,135.16,134.96,134.96,5,134.77,3,134.76,3,134.57,3,134.44,2,134.4,1,134.39,6,134.37,1,134.36,1,134.29,3,135.16,1,135.39,2,135.4,2,135.41,2,135.42,2,135.43,2,135.44,2,135.45,2,135.46,2,135.47,2
2025-04-10 09:33:53,135.06,134.97,1,134.96,6,135.16,1,135.16,134.96,134.96,6,134.77,3,134.76,3,134.57,3,134.44,2,134.4,1,134.39,6,134.37,1,134.36,1,134.29,3,135.16,1,135.39,2,135.4,2,135.41,2,135.42,2,135.43,2,135.44,2,135.45,2,135.46,2,135.47,2
2025-04-10 09:33:53,135.06,134.97,1,134.96,6,135.16,1,135.16,134.96,134.96,6,134.77,3,134.76,3,134.57,3,134.44,2,134.4,1,134.39,6,134.37,1,134.36,1,134.29,3,135.16,1,135.39,2,135.4,2,135.41,2,135.42,2,135.43,2,135.44,2,135.45,2,135.46,2,135.47,2
2025-04-10 09:33:55,135.06,134.97,1,134.96,6,135.16,1,135.16,134.96,134.96,6,134.77,3,134.76,3,134.57,3,134.44,2,134.4,1,134.39,6,134.37,1,134.36,1,134.29,3,135.16,1,135.39,2,135.4,2,135.41,2,135.42,2,135.43,2,135.44,2,135.45,2,135.46,2,135.47,2
2025-04-10 09:33:56,134.905,134.96,1,134.65,3,135.16,2,135.16,134.65,134.65,3,134.62,2,134.57,3,134.44,2,134.4,1,134.39,6,134.37,1,134.36,1,134.29,3,134.28,3,135.16,2,135.39,2,135.4,2,135.41,2,135.42,2,135.43,2,135.44,2,135.45,2,135.46,2,135.47,2
2025-04-10 09:33:57,134.905,134.96,1,134.65,3,135.16,2,135.16,134.65,134.65,3,134.62,2,134.57,3,134.44,2,134.4,1,134.39,6,134.37,1,134.36,1,134.29,3,134.28,3,135.16,2,135.39,2,135.4,2,135.41,2,135.42,2,135.43,2,135.44,2,135.45,2,135.46,2,135.47,2
2025-04-10 09:33:58,134.905,134.96,1,134.65,3,135.16,3,135.16,134.65,134.65,3,134.62,2,134.57,3,134.44,2,134.4,1,134.39,6,134.37,1,134.36,1,134.29,3,134.28,3,135.16,3,135.39,2,135.4,2,135.41,2,135.42,2,135.43,2,135.44,2,135.45,2,135.46,2,135.47,2
2025-04-10 09:33:59,134.905,134.96,1,134.65,3,135.16,3,135.16,134.65,134.65,3,134.62,2,134.57,3,134.44,2,134.4,1,134.39,6,134.37,1,134.36,1,134.29,3,134.28,3,135.16,3,135.39,2,135.4,2,135.41,2,135.42,2,135.43,2,135.44,2,135.45,2,135.46,2,135.47,2
2025-04-10 09:34:00,134.905,134.96,1,134.65,3,135.16,3,135.16,134.65,134.65,3,134.62,2,134.57,3,134.44,2,134.4,1,134.39,6,134.37,1,134.36,1,134.29,3,134.28,3,135.16,3,135.39,2,135.4,2,135.41,2,135.42,2,135.43,2,135.44,2,135.45,2,135.46,2,135.47,2
2025-04-10 09:34:01,134.905,134.96,1,134.65,4,135.16,5,135.16,134.65,134.65,4,134.62,2,134.57,3,134.44,2,134.4,1,134.39,6,134.37,1,134.36,1,134.29,3,134.28,3,135.16,5,135.39,2,135.4,2,135.41,2,135.42,2,135.43,2,135.44,2,135.45,2,135.46,2,135.47,2
2025-04-10 09:34:02,134.905,134.81,1,134.65,4,135.16,5,135.16,134.65,134.65,4,134.62,2,134.57,3,134.44,2,134.4,1,134.39,6,134.37,1,134.36,1,134.29,3,134.28,3,135.16,5,135.39,2,135.4,2,135.41,2,135.42,2,135.43,2,135.44,2,135.45,2,135.46,2,135.47,2
2025-04-10 09:34:02,134.905,134.91,1,134.65,1,135.16,5,135.16,134.65,134.65,1,134.62,2,134.57,3,134.44,2,134.4,1,134.39,6,134.37,1,134.36,1,134.29,3,134.28,3,135.16,5,135.39,2,135.4,2,135.41,2,135.42,2,135.43,2,135.44,2,135.45,2,135.46,2,135.47,2
2025-04-10 09:34:04,134.9,134.91,1,134.65,1,135.15,1,135.15,134.65,134.65,1,134.62,2,134.57,3,134.44,2,134.4,1,134.39,6,134.37,1,134.36,1,134.29,3,134.28,3,135.15,1,135.16,5,135.39,2,135.4,2,135.41,2,135.42,2,135.43,2,135.44,2,135.45,2,135.46,2
2025-04-10 09:34:04,134.905,134.91,1,134.66,1,135.15,2,135.15,134.66,134.66,1,134.65,1,134.62,2,134.57,3,134.44,2,134.4,1,134.39,6,134.37,1,134.36,1,134.29,3,135.15,2,135.16,5,135.39,2,135.4,2,135.41,2,135.42,2,135.43,2,135.44,2,135.45,2,135.46,2
2025-04-10 09:34:06,134.905,134.91,1,134.66,1,135.15,2,135.15,134.66,134.66,1,134.65,1,134.62,2,134.57,3,134.44,2,134.4,1,134.39,6,134.37,1,134.36,1,134.29,3,135.15,2,135.16,5,135.39,2,135.4,2,135.41,2,135.42,2,135.43,2,135.44,2,135.45,2,135.46,2
2025-04-10 09:34:07,134.905,134.91,1,134.66,1,135.15,2,135.15,134.66,134.66,1,134.65,1,134.62,2,134.57,3,134.44,2,134.4,1,134.39,6,134.37,1,134.36,1,134.29,3,135.15,2,135.16,5,135.39,2,135.4,2,135.41,2,135.42,2,135.43,2,135.44,2,135.45,2,135.46,2
2025-04-10 09:34:08,134.905,135.0,1,134.66,1,135.15,2,135.15,134.66,134.66,1,134.65,1,134.62,2,134.57,3,134.44,2,134.4,1,134.39,6,134.37,1,134.36,1,134.29,3,135.15,2,135.16,5,135.39,2,135.4,2,135.41,2,135.42,2,135.43,2,135.44,2,135.45,2,135.46,2
2025-04-10 09:34:09,134.905,135.0,1,134.66,1,135.15,2,135.15,134.66,134.66,1,134.65,1,134.62,2,134.57,3,134.44,2,134.4,1,134.39,6,134.37,1,134.36,1,134.29,3,135.15,2,135.16,5,135.39,2,135.4,2,135.41,2,135.42,2,135.43,2,135.44,2,135.45,2,135.46,2
2025-04-10 09:34:10,134.905,135.0,1,134.66,3,135.15,2,135.15,134.66,134.66,3,134.65,1,134.62,2,134.57,3,134.44,2,134.4,1,134.39,6,134.37,1,134.36,1,134.29,3,135.15,2,135.16,5,135.39,2,135.4,2,135.41,2,135.42,2,135.43,2,135.44,2,135.45,2,135.46,2
2025-04-10 09:34:11,134.905,135.0,1,134.66,4,135.15,2,135.15,134.66,134.66,4,134.65,1,134.62,2,134.57,3,134.44,2,134.4,1,134.39,6,134.37,1,134.36,1,134.29,3,135.15,2,135.16,5,135.39,2,135.4,2,135.41,2,135.42,2,135.43,2,135.44,2,135.45,2,135.46,2
2025-04-10 09:34:12,134.905,135.0,1,134.66,4,135.15,2,135.15,134.66,134.66,4,134.65,1,134.62,2,134.57,3,134.44,2,134.4,1,134.39,6,134.37,1,134.36,1,134.29,3,135.15,2,135.16,5,135.39,2,135.4,2,135.41,2,135.42,2,135.43,2,135.44,2,135.45,2,135.46,2
2025-04-10 09:34:13,134.905,135.0,1,134.66,4,135.15,2,135.15,134.66,134.66,4,134.65,1,134.62,2,134.57,3,134.44,2,134.4,1,134.39,6,134.37,1,134.36,1,134.29,3,135.15,2,135.16,5,135.39,2,135.4,2,135.41,2,135.42,2,135.43,2,135.44,2,135.45,2,135.46,2
2025-04-10 09:34:14,134.905,135.0,1,134.66,4,135.15,2,135.15,134.66,134.66,4,134.65,1,134.62,2,134.57,3,134.44,2,134.4,1,134.39,6,134.37,1,134.36,1,134.29,3,135.15,2,135.16,5,135.39,2,135.4,2,135.41,2,135.42,2,135.43,2,135.44,2,135.45,2,135.46,2
2025-04-10 09:34:15,134.905,134.91,1,134.66,3,135.15,2,135.15,134.66,134.66,3,134.65,1,134.62,2,134.57,3,134.44,2,134.4,1,134.39,6,134.37,1,134.36,1,134.29,3,135.15,2,135.16,5,135.39,2,135.4,2,135.41,2,135.42,2,135.43,2,135.44,2,135.45,2,135.46,2
2025-04-10 09:34:16,134.905,134.91,1,134.66,3,135.15,2,135.15,134.66,134.66,3,134.65,1,134.62,2,134.57,3,134.44,2,134.4,1,134.39,6,134.37,1,134.36,1,134.29,3,135.15,2,135.16,5,135.39,2,135.4,2,135.41,2,135.42,2,135.43,2,135.44,2,135.45,2,135.46,2
2025-04-10 09:34:17,134.915,134.91,1,134.68,1,135.15,2,135.15,134.68,134.68,1,134.66,3,134.65,1,134.62,2,134.57,3,134.44,2,134.4,1,134.39,6,134.37,1,134.36,1,135.15,2,135.16,5,135.39,2,135.4,2,135.41,2,135.42,2,135.43,2,135.44,2,135.45,2,135.46,2
2025-04-10 09:34:18,135.285,135.32,1,134.91,2,135.66,3,135.66,134.91,134.91,2,134.9,3,134.68,1,134.66,3,134.65,1,134.62,2,134.57,3,134.44,2,134.4,1,134.39,6,135.66,3,135.71,4,135.72,12,135.78,11,135.79,13,135.88,3,135.89,8,135.94,4,,,,
2025-04-10 09:34:19,135.285,135.32,1,134.91,2,135.66,3,135.66,134.91,134.91,2,134.9,3,134.68,1,134.66,3,134.65,1,134.62,2,134.57,3,134.44,2,134.4,1,134.39,6,135.66,3,135.71,4,135.72,12,135.78,11,135.79,13,135.88,3,135.89,8,135.94,4,,,,
2025-04-10 09:34:20,135.285,135.32,1,134.91,2,135.66,3,135.66,134.91,134.91,2,134.9,3,134.68,1,134.66,3,134.65,1,134.62,2,134.57,3,134.44,2,134.4,1,134.39,6,135.66,3,135.71,4,135.72,12,135.78,11,135.79,13,135.88,3,135.89,8,135.94,4,,,,
2025-04-10 09:34:21,135.285,135.32,1,134.91,2,135.66,2,135.66,134.91,134.91,2,134.9,3,134.68,1,134.66,3,134.65,1,134.62,2,134.57,3,134.44,2,134.4,1,134.39,6,135.66,2,135.71,4,135.72,12,135.78,11,135.79,13,135.88,3,135.89,8,135.94,4,,,,
2025-04-10 09:34:22,135.285,135.32,1,134.91,2,135.66,2,135.66,134.91,134.91,2,134.9,3,134.68,1,134.66,3,134.65,1,134.62,2,134.57,3,134.44,2,134.4,1,134.39,6,135.66,2,135.71,4,135.72,12,135.78,11,135.79,13,135.88,3,135.89,8,135.94,4,,,,
2025-04-10 09:34:23,135.285,135.32,1,134.91,2,135.66,2,135.66,134.91,134.91,2,134.9,3,134.68,1,134.66,3,134.65,1,134.62,2,134.57,3,134.44,2,134.4,1,134.39,6,135.66,2,135.71,4,135.72,12,135.78,11,135.79,13,135.88,3,135.89,8,135.94,4,,,,
2025-04-10 09:34:24,135.29,135.32,1,134.92,2,135.66,3,135.66,134.92,134.92,2,134.91,2,134.9,3,134.68,1,134.66,3,134.65,1,134.62,2,134.57,3,134.44,2,134.4,1,135.66,3,135.71,4,135.72,12,135.78,11,135.79,13,135.88,3,135.89,8,135.94,4,,,,
2025-04-10 09:34:25,135.34,135.32,1,134.92,2,135.76,1,135.76,134.92,134.92,2,134.91,2,134.9,3,134.68,1,134.66,3,134.65,1,134.62,2,134.57,3,134.44,2,134.4,1,135.76,1,135.78,11,135.79,13,135.88,3,135.89,8,135.94,4,,,,,,,,
2025-04-10 09:34:26,135.34,135.32,1,134.92,2,135.76,1,135.76,134.92,134.92,2,134.91,2,134.9,3,134.68,1,134.66,3,134.65,1,134.62,2,134.57,3,134.44,2,134.4,1,135.76,1,135.78,11,135.79,13,135.88,3,135.89,8,135.94,4,,,,,,,,
2025-04-10 09:34:27,135.34,135.34,1,134.92,2,135.76,1,135.76,134.92,134.92,2,134.91,2,134.9,3,134.68,1,134.66,3,134.65,1,134.62,2,134.57,3,134.44,2,134.4,1,135.76,1,135.78,11,135.79,13,135.88,3,135.89,8,135.94,4,,,,,,,,
2025-04-10 09:34:28,135.34,135.34,1,134.92,3,135.76,2,135.76,134.92,134.92,3,134.91,2,134.9,3,134.68,1,134.66,3,134.65,1,134.62,2,134.57,3,134.44,2,134.4,1,135.76,2,135.78,11,135.79,13,135.88,3,135.89,8,135.94,4,,,,,,,,
2025-04-10 09:34:29,135.34,135.34,1,134.92,3,135.76,2,135.76,134.92,134.92,3,134.91,2,134.9,3,134.68,1,134.66,3,134.65,1,134.62,2,134.57,3,134.44,2,134.4,1,135.76,2,135.78,11,135.79,13,135.88,3,135.89,8,135.94,4,,,,,,,,
2025-04-10 09:34:30,135.34,135.34,1,134.92,3,135.76,2,135.76,134.92,134.92,3,134.91,2,134.9,3,134.68,1,134.66,3,134.65,1,134.62,2,134.57,3,134.44,2,134.4,1,135.76,2,135.78,11,135.79,13,135.88,3,135.89,8,135.94,4,,,,,,,,
2025-04-10 09:34:31,135.34,135.04,1,134.92,5,135.76,2,135.76,134.92,134.92,5,134.91,2,134.9,3,134.68,1,134.66,3,134.65,1,134.62,2,134.57,3,134.44,2,134.4,1,135.76,2,135.78,11,135.79,13,135.88,3,135.89,8,135.94,4,,,,,,,,
2025-04-10 09:34:32,135.345,135.11,2,134.93,1,135.76,4,135.76,134.93,134.93,1,134.92,5,134.91,2,134.9,3,134.68,1,134.66,3,134.65,1,134.62,2,134.57,3,134.44,2,135.76,4,135.78,11,135.79,13,135.88,3,135.89,8,135.94,4,,,,,,,,
2025-04-10 09:34:33,135.35,135.11,2,134.94,2,135.76,4,135.76,134.94,134.94,2,134.93,2,134.92,5,134.91,2,134.9,3,134.68,1,134.66,3,134.65,1,134.62,2,134.57,3,135.76,4,135.78,11,135.79,13,135.88,3,135.89,8,135.94,4,,,,,,,,
2025-04-10 09:34:34,135.14,135.35,1,134.94,1,135.34,1,135.34,134.94,134.94,1,134.93,2,134.92,5,134.91,2,134.9,3,134.68,1,134.66,3,134.65,1,134.62,2,134.57,3,135.34,1,135.76,4,135.78,11,135.79,13,135.88,3,135.89,8,135.94,4,,,,,,
2025-04-10 09:34:35,135.14,135.35,1,134.94,1,135.34,1,135.34,134.94,134.94,1,134.93,2,134.92,5,134.91,2,134.9,3,134.68,1,134.66,3,134.65,1,134.62,2,134.57,3,135.34,1,135.76,4,135.78,11,135.79,13,135.88,3,135.89,8,135.94,4,,,,,,
2025-04-10 09:34:36,135.14,135.35,1,134.94,1,135.34,1,135.34,134.94,134.94,1,134.93,2,134.92,5,134.91,2,134.9,3,134.68,1,134.66,3,134.65,1,134.62,2,134.57,3,135.34,1,135.76,4,135.78,11,135.79,13,135.88,3,135.89,8,135.94,4,,,,,,
2025-04-10 09:34:37,135.14,135.35,1,134.94,1,135.34,1,135.34,134.94,134.94,1,134.93,2,134.92,5,134.91,2,134.9,3,134.68,1,134.66,3,134.65,1,134.62,2,134.57,3,135.34,1,135.76,4,135.78,11,135.79,13,135.88,3,135.89,8,135.94,4,,,,,,
2025-04-10 09:34:38,135.14,135.35,1,134.94,1,135.34,1,135.34,134.94,134.94,1,134.93,2,134.92,5,134.91,2,134.9,3,134.68,1,134.66,3,134.65,1,134.62,2,134.57,3,135.34,1,135.76,4,135.78,11,135.79,13,135.88,3,135.89,8,135.94,4,,,,,,
2025-04-10 09:34:39,135.14,135.35,1,134.94,1,135.34,1,135.34,134.94,134.94,1,134.93,2,134.92,5,134.91,2,134.9,3,134.68,1,134.66,3,134.65,1,134.62,2,134.57,3,135.34,1,135.76,4,135.78,11,135.79,13,135.88,3,135.89,8,135.94,4,,,,,,
2025-04-10 09:34:40,135.145,135.27,1,134.95,1,135.34,1,135.34,134.95,134.95,1,134.94,1,134.93,2,134.92,5,134.91,2,134.9,3,134.68,1,134.66,3,134.65,1,134.62,2,135.34,1,135.76,4,135.78,11,135.79,13,135.88,3,135.89,8,135.94,4,,,,,,
2025-04-10 09:34:41,135.145,135.27,1,134.95,3,135.34,1,135.34,134.95,134.95,3,134.94,1,134.93,2,134.92,5,134.91,2,134.9,3,134.68,1,134.66,3,134.65,1,134.62,2,135.34,1,135.76,4,135.78,11,135.79,13,135.88,3,135.89,8,135.94,4,,,,,,
2025-04-10 09:34:42,135.145,135.27,1,134.95,3,135.34,1,135.34,134.95,134.95,3,134.94,1,134.93,2,134.92,5,134.91,2,134.9,3,134.68,1,134.66,3,134.65,1,134.62,2,135.34,1,135.76,4,135.78,11,135.79,13,135.88,3,135.89,8,135.94,4,,,,,,
2025-04-10 09:34:43,135.145,135.27,1,134.95,3,135.34,1,135.34,134.95,134.95,3,134.94,1,134.93,2,134.92,5,134.91,2,134.9,3,134.68,1,134.66,3,134.65,1,134.62,2,135.34,1,135.76,4,135.78,11,135.79,13,135.88,3,135.89,8,135.94,4,,,,,,
2025-04-10 09:34:44,135.145,135.27,1,134.95,3,135.34,1,135.34,134.95,134.95,3,134.94,1,134.93,2,134.92,5,134.91,2,134.9,3,134.68,1,134.66,3,134.65,1,134.62,2,135.34,1,135.76,4,135.78,11,135.79,13,135.88,3,135.89,8,135.94,4,,,,,,
2025-04-10 09:34:45,135.145,135.27,1,134.95,3,135.34,1,135.34,134.95,134.95,3,134.94,1,134.93,2,134.92,5,134.91,2,134.9,3,134.68,1,134.66,3,134.65,1,134.62,2,135.34,1,135.76,4,135.78,11,135.79,13,135.88,3,135.89,8,135.94,4,,,,,,
2025-04-10 09:34:46,135.145,135.15,1,134.95,2,135.34,1,135.34,134.95,134.95,2,134.94,1,134.93,2,134.92,5,134.91,2,134.9,3,134.68,1,134.66,3,134.65,1,134.62,2,135.34,1,135.76,4,135.78,11,135.79,13,135.88,3,135.89,8,135.94,4,,,,,,
2025-04-10 09:34:47,135.055,135.04,1,134.96,2,135.15,1,135.15,134.96,134.96,2,134.95,2,134.94,1,134.93,2,134.92,5,134.91,2,134.9,3,134.68,1,134.66,3,134.65,1,135.15,1,135.34,1,135.76,4,135.78,11,135.79,13,135.88,3,135.89,8,135.94,4,,,,
2025-04-10 09:34:48,135.34,135.15,1,135.15,1,135.53,3,135.53,135.15,135.15,1,134.96,1,134.95,2,134.94,1,134.93,2,134.92,5,134.91,2,134.9,3,134.68,1,134.66,3,135.53,3,135.76,4,135.78,11,135.79,13,135.88,3,135.89,8,135.94,4,,,,,,
2025-04-10 09:34:49,135.34,135.31,2,135.15,1,135.53,3,135.53,135.15,135.15,1,134.96,1,134.95,2,134.94,1,134.93,2,134.92,5,134.91,2,134.9,3,134.68,1,134.66,3,135.53,3,135.76,4,135.78,11,135.79,13,135.88,3,135.89,8,135.94,4,,,,,,
2025-04-10 09:34:50,135.34,135.34,2,135.15,1,135.53,3,135.53,135.15,135.15,1,134.96,1,134.95,2,134.94,1,134.93,2,134.92,5,134.91,2,134.9,3,134.68,1,134.66,3,135.53,3,135.76,4,135.78,11,135.79,13,135.88,3,135.89,8,135.94,4,,,,,,
2025-04-10 09:34:51,135.34,135.53,1,135.15,1,135.53,3,135.53,135.15,135.15,1,134.96,1,134.95,2,134.94,1,134.93,2,134.92,5,134.91,2,134.9,3,134.68,1,134.66,3,135.53,3,135.76,4,135.78,11,135.79,13,135.88,3,135.89,8,135.94,4,,,,,,
2025-04-10 09:34:52,135.345,135.53,1,135.16,1,135.53,3,135.53,135.16,135.16,1,135.15,1,134.96,1,134.95,2,134.94,1,134.93,2,134.92,5,134.91,2,134.9,3,134.68,1,135.53,3,135.76,4,135.78,11,135.79,13,135.88,3,135.89,8,135.94,4,,,,,,
2025-04-10 09:34:53,135.345,135.53,1,135.16,1,135.53,3,135.53,135.16,135.16,1,135.15,1,134.96,1,134.95,2,134.94,1,134.93,2,134.92,5,134.91,2,134.9,3,134.68,1,135.53,3,135.76,4,135.78,11,135.79,13,135.88,3,135.89,8,135.94,4,,,,,,
2025-04-10 09:34:54,135.245,135.09,1,134.96,1,135.53,2,135.53,134.96,134.96,1,134.95,2,134.94,1,134.93,2,134.92,5,134.91,2,134.9,3,134.68,1,134.66,3,134.65,1,135.53,2,135.76,4,135.78,11,135.79,13,135.88,3,135.89,8,135.94,4,,,,,,
2025-04-10 09:34:55,135.245,135.0,1,134.96,1,135.53,3,135.53,134.96,134.96,1,134.95,2,134.94,1,134.93,2,134.92,5,134.91,2,134.9,3,134.68,1,134.66,3,134.65,1,135.53,3,135.76,4,135.78,11,135.79,13,135.88,3,135.89,8,135.94,4,,,,,,
2025-04-10 09:34:56,135.245,135.0,1,134.96,1,135.53,3,135.53,134.96,134.96,1,134.95,2,134.94,1,134.93,2,134.92,5,134.91,2,134.9,3,134.68,1,134.66,3,134.65,1,135.53,3,135.76,4,135.78,11,135.79,13,135.88,3,135.89,8,135.94,4,,,,,,
2025-04-10 09:34:57,135.245,135.0,1,134.96,1,135.53,3,135.53,134.96,134.96,1,134.95,2,134.94,1,134.93,2,134.92,5,134.91,2,134.9,3,134.68,1,134.66,3,134.65,1,135.53,3,135.76,4,135.78,11,135.79,13,135.88,3,135.89,8,135.94,4,,,,,,
2025-04-10 09:34:58,135.245,135.0,1,134.96,1,135.53,3,135.53,134.96,134.96,1,134.95,2,134.94,1,134.93,2,134.92,5,134.91,2,134.9,3,134.68,1,134.66,3,134.65,1,135.53,3,135.76,4,135.78,11,135.79,13,135.88,3,135.89,8,135.94,4,,,,,,
2025-04-10 09:34:59,135.245,135.0,1,134.96,1,135.53,4,135.53,134.96,134.96,1,134.95,2,134.94,1,134.93,2,134.92,5,134.91,2,134.9,3,134.68,1,134.66,3,134.65,1,135.53,4,135.76,4,135.78,11,135.79,13,135.88,3,135.89,8,135.94,4,,,,,,
2025-04-10 09:35:00,135.245,135.0,1,134.96,1,135.53,4,135.53,134.96,134.96,1,134.95,2,134.94,1,134.93,2,134.92,5,134.91,2,134.9,3,134.68,1,134.66,3,134.65,1,135.53,4,135.76,4,135.78,11,135.79,13,135.88,3,135.89,8,135.94,4,,,,,,
2025-04-10 09:35:01,135.215,135.0,1,134.96,1,135.47,2,135.47,134.96,134.96,1,134.95,2,134.94,1,134.93,2,134.92,5,134.91,2,134.9,3,134.68,1,134.66,3,134.65,1,135.47,2,135.53,4,135.76,4,135.78,11,135.79,13,135.88,3,135.89,8,135.94,4,,,,
2025-04-10 09:35:02,135.01,134.82,2,134.71,1,135.31,2,135.31,134.71,134.71,1,134.7,1,134.66,6,134.65,1,134.62,2,134.57,3,134.44,2,134.4,1,134.39,6,134.37,1,135.31,2,135.47,2,135.53,4,135.76,4,135.78,11,135.79,13,135.88,3,135.89,8,135.94,4,,
2025-04-10 09:35:03,135.01,134.82,2,134.71,1,135.31,2,135.31,134.71,134.71,1,134.7,1,134.66,6,134.65,1,134.62,2,134.57,3,134.44,2,134.4,1,134.39,6,134.37,1,135.31,2,135.47,2,135.53,4,135.76,4,135.78,11,135.79,13,135.88,3,135.89,8,135.94,4,,
2025-04-10 09:35:04,135.01,134.82,2,134.71,1,135.31,2,135.31,134.71,134.71,1,134.7,1,134.66,6,134.65,1,134.62,2,134.57,3,134.44,2,134.4,1,134.39,6,134.37,1,135.31,2,135.47,2,135.53,4,135.76,4,135.78,11,135.79,13,135.88,3,135.89,8,135.94,4,,
2025-04-10 09:35:05,135.01,134.92,1,134.71,1,135.31,2,135.31,134.71,134.71,1,134.7,1,134.66,6,134.65,1,134.62,2,134.57,3,134.44,2,134.4,1,134.39,6,134.37,1,135.31,2,135.47,2,135.53,4,135.76,4,135.78,11,135.79,13,135.88,3,135.89,8,135.94,4,,
2025-04-10 09:35:06,135.01,134.92,1,134.71,1,135.31,2,135.31,134.71,134.71,1,134.7,1,134.66,6,134.65,1,134.62,2,134.57,3,134.44,2,134.4,1,134.39,6,134.37,1,135.31,2,135.47,2,135.53,4,135.76,4,135.78,11,135.79,13,135.88,3,135.89,8,135.94,4,,
2025-04-10 09:35:07,135.01,134.92,1,134.71,2,135.31,2,135.31,134.71,134.71,2,134.7,1,134.66,6,134.65,1,134.62,2,134.57,3,134.44,2,134.4,1,134.39,6,134.37,1,135.31,2,135.47,2,135.53,4,135.76,4,135.78,11,135.79,13,135.88,3,135.89,8,135.94,4,,
2025-04-10 09:35:08,135.01,134.92,1,134.71,2,135.31,2,135.31,134.71,134.71,2,134.7,1,134.66,6,134.65,1,134.62,2,134.57,3,134.44,2,134.4,1,134.39,6,134.37,1,135.31,2,135.47,2,135.53,4,135.76,4,135.78,11,135.79,13,135.88,3,135.89,8,135.94,4,,
2025-04-10 09:35:09,135.01,134.92,1,134.71,2,135.31,2,135.31,134.71,134.71,2,134.7,1,134.66,6,134.65,1,134.62,2,134.57,3,134.44,2,134.4,1,134.39,6,134.37,1,135.31,2,135.47,2,135.53,4,135.76,4,135.78,11,135.79,13,135.88,3,135.89,8,135.94,4,,
2025-04-10 09:35:10,135.01,134.92,1,134.71,2,135.31,2,135.31,134.71,134.71,2,134.7,1,134.66,6,134.65,1,134.62,2,134.57,3,134.44,2,134.4,1,134.39,6,134.37,1,135.31,2,135.47,2,135.53,4,135.76,4,135.78,11,135.79,13,135.88,3,135.89,8,135.94,4,,
2025-04-10 09:35:11,135.01,135.01,1,134.71,2,135.31,4,135.31,134.71,134.71,2,134.7,1,134.66,6,134.65,1,134.62,2,134.57,3,134.44,2,134.4,1,134.39,6,134.37,1,135.31,4,135.47,2,135.53,4,135.76,4,135.78,11,135.79,13,135.88,3,135.89,8,135.94,4,,
2025-04-10 09:35:12,135.01,135.01,1,134.71,2,135.31,4,135.31,134.71,134.71,2,134.7,1,134.66,6,134.65,1,134.62,2,134.57,3,134.44,2,134.4,1,134.39,6,134.37,1,135.31,4,135.47,2,135.53,4,135.76,4,135.78,11,135.79,13,135.88,3,135.89,8,135.94,4,,
2025-04-10 09:35:13,135.01,134.76,1,134.71,2,135.31,4,135.31,134.71,134.71,2,134.7,1,134.66,6,134.65,1,134.62,2,134.57,3,134.44,2,134.4,1,134.39,6,134.37,1,135.31,4,135.47,2,135.53,4,135.76,4,135.78,11,135.79,13,135.88,3,135.89,8,135.94,4,,
2025-04-10 09:35:14,135.035,134.76,1,134.76,1,135.31,4,135.31,134.76,134.76,1,134.71,2,134.7,1,134.66,6,134.65,1,134.62,2,134.57,3,134.44,2,134.4,1,134.39,6,135.31,4,135.47,2,135.53,4,135.76,4,135.78,11,135.79,13,135.88,3,135.89,8,135.94,4,,
2025-04-10 09:35:15,135.035,134.76,1,134.76,1,135.31,4,135.31,134.76,134.76,1,134.71,2,134.7,1,134.66,6,134.65,1,134.62,2,134.57,3,134.44,2,134.4,1,134.39,6,135.31,4,135.47,2,135.53,4,135.76,4,135.78,11,135.79,13,135.88,3,135.89,8,135.94,4,,
2025-04-10 09:35:16,135.035,134.76,1,134.76,1,135.31,4,135.31,134.76,134.76,1,134.71,2,134.7,1,134.66,6,134.65,1,134.62,2,134.57,3,134.44,2,134.4,1,134.39,6,135.31,4,135.47,2,135.53,4,135.76,4,135.78,11,135.79,13,135.88,3,135.89,8,135.94,4,,
2025-04-10 09:35:17,135.035,134.76,1,134.76,1,135.31,4,135.31,134.76,134.76,1,134.71,2,134.7,1,134.66,6,134.65,1,134.62,2,134.57,3,134.44,2,134.4,1,134.39,6,135.31,4,135.47,2,135.53,4,135.76,4,135.78,11,135.79,13,135.88,3,135.89,8,135.94,4,,
2025-04-10 09:35:18,135.035,134.76,1,134.76,1,135.31,4,135.31,134.76,134.76,1,134.71,2,134.7,1,134.66,6,134.65,1,134.62,2,134.57,3,134.44,2,134.4,1,134.39,6,135.31,4,135.47,2,135.53,4,135.76,4,135.78,11,135.79,13,135.88,3,135.89,8,135.94,4,,
2025-04-10 09:35:19,135.035,134.76,1,134.76,1,135.31,4,135.31,134.76,134.76,1,134.71,2,134.7,1,134.66,6,134.65,1,134.62,2,134.57,3,134.44,2,134.4,1,134.39,6,135.31,4,135.47,2,135.53,4,135.76,4,135.78,11,135.79,13,135.88,3,135.89,8,135.94,4,,
2025-04-10 09:35:20,135.035,134.76,1,134.76,1,135.31,4,135.31,134.76,134.76,1,134.71,2,134.7,1,134.66,6,134.65,1,134.62,2,134.57,3,134.44,2,134.4,1,134.39,6,135.31,4,135.47,2,135.53,4,135.76,4,135.78,11,135.79,13,135.88,3,135.89,8,135.94,4,,
2025-04-10 09:35:21,135.04,134.76,1,134.77,5,135.31,4,135.31,134.77,134.77,5,134.76,1,134.71,2,134.7,1,134.66,6,134.65,1,134.62,2,134.57,3,134.44,2,134.4,1,135.31,4,135.47,2,135.53,4,135.76,4,135.78,11,135.79,13,135.88,3,135.89,8,135.94,4,,
2025-04-10 09:35:22,134.79,134.72,1,134.4,2,135.18,4,135.18,134.4,134.4,2,134.3,2,134.29,3,134.28,3,134.21,4,,,,,,,,,,,135.18,4,135.29,1,135.3,2,135.31,4,135.47,2,135.53,4,135.76,4,135.78,11,135.79,13,135.88,3
2025-04-10 09:35:23,134.795,134.72,1,134.41,1,135.18,4,135.18,134.41,134.41,1,134.4,2,134.3,2,134.29,3,134.28,3,134.21,4,,,,,,,,,135.18,4,135.29,1,135.3,2,135.31,4,135.47,2,135.53,4,135.76,4,135.78,11,135.79,13,135.88,3
2025-04-10 09:35:24,134.795,134.72,1,134.41,1,135.18,4,135.18,134.41,134.41,1,134.4,2,134.3,2,134.29,3,134.28,3,134.21,4,,,,,,,,,135.18,4,135.29,1,135.3,2,135.31,4,135.47,2,135.53,4,135.76,4,135.78,11,135.79,13,135.88,3
2025-04-10 09:35:25,134.795,134.72,1,134.41,1,135.18,6,135.18,134.41,134.41,1,134.4,2,134.3,2,134.29,3,134.28,3,134.21,4,,,,,,,,,135.18,6,135.29,1,135.3,2,135.31,4,135.47,2,135.53,4,135.76,4,135.78,11,135.79,13,135.88,3
2025-04-10 09:35:26,134.795,134.72,1,134.41,1,135.18,6,135.18,134.41,134.41,1,134.4,2,134.3,2,134.29,3,134.28,3,134.21,4,,,,,,,,,135.18,6,135.29,1,135.3,2,135.31,4,135.47,2,135.53,4,135.76,4,135.78,11,135.79,13,135.88,3
2025-04-10 09:35:27,134.79,134.72,1,134.41,2,135.17,2,135.17,134.41,134.41,2,134.4,2,134.3,2,134.29,3,134.28,3,134.21,4,,,,,,,,,135.17,2,135.18,6,135.29,1,135.3,2,135.31,4,135.47,2,135.53,4,135.76,4,135.78,11,135.79,13
2025-04-10 09:35:28,134.79,134.72,1,134.41,2,135.17,6,135.17,134.41,134.41,2,134.4,2,134.3,2,134.29,3,134.28,3,134.21,4,,,,,,,,,135.17,6,135.18,6,135.29,1,135.3,2,135.31,4,135.47,2,135.53,4,135.76,4,135.78,11,135.79,13
2025-04-10 09:35:29,134.79,134.54,1,134.41,2,135.17,6,135.17,134.41,134.41,2,134.4,2,134.3,2,134.29,3,134.28,3,134.21,4,,,,,,,,,135.17,6,135.18,6,135.29,1,135.3,2,135.31,4,135.47,2,135.53,4,135.76,4,135.78,11,135.79,13
2025-04-10 09:35:30,134.79,134.54,1,134.41,2,135.17,6,135.17,134.41,134.41,2,134.4,2,134.3,2,134.29,3,134.28,3,134.21,4,,,,,,,,,135.17,6,135.18,6,135.29,1,135.3,2,135.31,4,135.47,2,135.53,4,135.76,4,135.78,11,135.79,13
2025-04-10 09:35:31,134.79,134.54,1,134.41,2,135.17,6,135.17,134.41,134.41,2,134.4,2,134.3,2,134.29,3,134.28,3,134.21,4,,,,,,,,,135.17,6,135.18,6,135.29,1,135.3,2,135.31,4,135.47,2,135.53,4,135.76,4,135.78,11,135.79,13
2025-04-10 09:35:32,134.795,134.71,1,134.42,1,135.17,8,135.17,134.42,134.42,1,134.41,2,134.4,2,134.3,2,134.29,3,134.28,3,134.21,4,,,,,,,135.17,8,135.18,6,135.29,1,135.3,2,135.31,4,135.47,2,135.53,4,135.76,4,135.78,11,135.79,13
2025-04-10 09:35:33,134.795,134.71,1,134.42,1,135.17,8,135.17,134.42,134.42,1,134.41,2,134.4,2,134.3,2,134.29,3,134.28,3,134.21,4,,,,,,,135.17,8,135.18,6,135.29,1,135.3,2,135.31,4,135.47,2,135.53,4,135.76,4,135.78,11,135.79,13
2025-04-10 09:35:34,134.795,134.71,1,134.42,1,135.17,8,135.17,134.42,134.42,1,134.41,2,134.4,2,134.3,2,134.29,3,134.28,3,134.21,4,,,,,,,135.17,8,135.18,6,135.29,1,135.3,2,135.31,4,135.47,2,135.53,4,135.76,4,135.78,11,135.79,13
2025-04-10 09:35:35,134.795,134.71,1,134.42,1,135.17,9,135.17,134.42,134.42,1,134.41,2,134.4,2,134.3,2,134.29,3,134.28,3,134.21,4,,,,,,,135.17,9,135.18,6,135.29,1,135.3,2,135.31,4,135.47,2,135.53,4,135.76,4,135.78,11,135.79,13
2025-04-10 09:35:36,134.795,134.71,1,134.42,1,135.17,9,135.17,134.42,134.42,1,134.41,2,134.4,2,134.3,2,134.29,3,134.28,3,134.21,4,,,,,,,135.17,9,135.18,6,135.29,1,135.3,2,135.31,4,135.47,2,135.53,4,135.76,4,135.78,11,135.79,13
2025-04-10 09:35:37,134.8,134.71,1,134.43,1,135.17,9,135.17,134.43,134.43,1,134.42,2,134.41,2,134.4,2,134.3,2,134.29,3,134.28,3,134.21,4,,,,,135.17,9,135.18,6,135.29,1,135.3,2,135.31,4,135.47,2,135.53,4,135.76,4,135.78,11,135.79,13
2025-04-10 09:35:38,134.8,134.57,1,134.43,1,135.17,9,135.17,134.43,134.43,1,134.42,2,134.41,2,134.4,2,134.3,2,134.29,3,134.28,3,134.21,4,,,,,135.17,9,135.18,6,135.29,1,135.3,2,135.31,4,135.47,2,135.53,4,135.76,4,135.78,11,135.79,13
2025-04-10 09:35:39,134.765,134.77,1,134.42,2,135.11,2,135.11,134.42,134.42,2,134.41,2,134.4,2,134.3,2,134.29,3,134.28,3,134.21,4,,,,,,,135.11,2,135.17,9,135.18,6,135.29,1,135.3,2,135.31,4,135.47,2,135.53,4,135.76,4,135.78,11
2025-04-10 09:35:40,134.765,134.77,1,134.42,2,135.11,2,135.11,134.42,134.42,2,134.41,2,134.4,2,134.3,2,134.29,3,134.28,3,134.21,4,,,,,,,135.11,2,135.17,9,135.18,6,135.29,1,135.3,2,135.31,4,135.47,2,135.53,4,135.76,4,135.78,11
2025-04-10 09:35:41,134.765,134.77,1,134.42,1,135.11,2,135.11,134.42,134.42,1,134.41,2,134.4,2,134.3,2,134.29,3,134.28,3,134.21,4,,,,,,,135.11,2,135.17,9,135.18,6,135.29,1,135.3,2,135.31,4,135.47,2,135.53,4,135.76,4,135.78,11
2025-04-10 09:35:42,134.765,134.77,1,134.42,1,135.11,2,135.11,134.42,134.42,1,134.41,2,134.4,2,134.3,2,134.29,3,134.28,3,134.21,4,,,,,,,135.11,2,135.17,9,135.18,6,135.29,1,135.3,2,135.31,4,135.47,2,135.53,4,135.76,4,135.78,11
2025-04-10 09:35:43,134.765,134.77,1,134.42,1,135.11,5,135.11,134.42,134.42,1,134.41,2,134.4,2,134.3,2,134.29,3,134.28,3,134.21,4,,,,,,,135.11,5,135.17,9,135.18,6,135.29,1,135.3,2,135.31,4,135.47,2,135.53,4,135.76,4,135.78,11
2025-04-10 09:35:44,134.765,134.76,1,134.42,1,135.11,5,135.11,134.42,134.42,1,134.41,2,134.4,2,134.3,2,134.29,3,134.28,3,134.21,4,,,,,,,135.11,5,135.17,9,135.18,6,135.29,1,135.3,2,135.31,4,135.47,2,135.53,4,135.76,4,135.78,11
2025-04-10 09:35:45,134.765,134.76,1,134.42,1,135.11,5,135.11,134.42,134.42,1,134.41,2,134.4,2,134.3,2,134.29,3,134.28,3,134.21,4,,,,,,,135.11,5,135.17,9,135.18,6,135.29,1,135.3,2,135.31,4,135.47,2,135.53,4,135.76,4,135.78,11
2025-04-10 09:35:46,134.765,134.76,1,134.42,1,135.11,5,135.11,134.42,134.42,1,134.41,2,134.4,2,134.3,2,134.29,3,134.28,3,134.21,4,,,,,,,135.11,5,135.17,9,135.18,6,135.29,1,135.3,2,135.31,4,135.47,2,135.53,4,135.76,4,135.78,11
2025-04-10 09:35:47,134.765,134.54,1,134.42,1,135.11,5,135.11,134.42,134.42,1,134.41,2,134.4,2,134.3,2,134.29,3,134.28,3,134.21,4,,,,,,,135.11,5,135.17,9,135.18,6,135.29,1,135.3,2,135.31,4,135.47,2,135.53,4,135.76,4,135.78,11
2025-04-10 09:35:48,134.765,134.74,1,134.42,1,135.11,5,135.11,134.42,134.42,1,134.41,2,134.4,2,134.3,2,134.29,3,134.28,3,134.21,4,,,,,,,135.11,5,135.17,9,135.18,6,135.29,1,135.3,2,135.31,4,135.47,2,135.53,4,135.76,4,135.78,11
2025-04-10 09:35:49,134.765,134.74,1,134.42,1,135.11,5,135.11,134.42,134.42,1,134.41,2,134.4,2,134.3,2,134.29,3,134.28,3,134.21,4,,,,,,,135.11,5,135.17,9,135.18,6,135.29,1,135.3,2,135.31,4,135.47,2,135.53,4,135.76,4,135.78,11
2025-04-10 09:35:50,134.765,134.74,1,134.42,1,135.11,5,135.11,134.42,134.42,1,134.41,2,134.4,2,134.3,2,134.29,3,134.28,3,134.21,4,,,,,,,135.11,5,135.17,9,135.18,6,135.29,1,135.3,2,135.31,4,135.47,2,135.53,4,135.76,4,135.78,11
2025-04-10 09:35:51,134.765,134.76,1,134.42,1,135.11,5,135.11,134.42,134.42,1,134.41,2,134.4,2,134.3,2,134.29,3,134.28,3,134.21,4,,,,,,,135.11,5,135.17,9,135.18,6,135.29,1,135.3,2,135.31,4,135.47,2,135.53,4,135.76,4,135.78,11
2025-04-10 09:35:52,134.765,134.76,1,134.42,1,135.11,5,135.11,134.42,134.42,1,134.41,2,134.4,2,134.3,2,134.29,3,134.28,3,134.21,4,,,,,,,135.11,5,135.17,9,135.18,6,135.29,1,135.3,2,135.31,4,135.47,2,135.53,4,135.76,4,135.78,11
2025-04-10 09:35:53,134.765,134.76,1,134.42,1,135.11,5,135.11,134.42,134.42,1,134.41,2,134.4,2,134.3,2,134.29,3,134.28,3,134.21,4,,,,,,,135.11,5,135.17,9,135.18,6,135.29,1,135.3,2,135.31,4,135.47,2,135.53,4,135.76,4,135.78,11
2025-04-10 09:35:54,134.765,134.76,1,134.42,1,135.11,5,135.11,134.42,134.42,1,134.41,2,134.4,2,134.3,2,134.29,3,134.28,3,134.21,4,,,,,,,135.11,5,135.17,9,135.18,6,135.29,1,135.3,2,135.31,4,135.47,2,135.53,4,135.76,4,135.78,11
2025-04-10 09:35:55,134.765,134.76,1,134.42,1,135.11,5,135.11,134.42,134.42,1,134.41,2,134.4,2,134.3,2,134.29,3,134.28,3,134.21,4,,,,,,,135.11,5,135.17,9,135.18,6,135.29,1,135.3,2,135.31,4,135.47,2,135.53,4,135.76,4,135.78,11
2025-04-10 09:35:56,134.765,134.76,1,134.42,1,135.11,5,135.11,134.42,134.42,1,134.41,2,134.4,2,134.3,2,134.29,3,134.28,3,134.21,4,,,,,,,135.11,5,135.17,9,135.18,6,135.29,1,135.3,2,135.31,4,135.47,2,135.53,4,135.76,4,135.78,11
2025-04-10 09:35:57,134.59,134.76,1,134.42,2,134.76,3,134.76,134.42,134.42,2,134.41,2,134.4,2,134.3,2,134.29,3,134.28,3,134.21,4,,,,,,,134.76,3,135.11,4,135.17,9,135.18,6,135.29,1,135.3,2,135.31,4,135.47,2,135.53,4,135.76,4
2025-04-10 09:35:58,134.59,134.63,2,134.42,2,134.76,5,134.76,134.42,134.42,2,134.41,2,134.4,2,134.3,2,134.29,3,134.28,3,134.21,4,,,,,,,134.76,5,135.11,4,135.17,9,135.18,6,135.29,1,135.3,2,135.31,4,135.47,2,135.53,4,135.76,4
2025-04-10 09:35:59,134.59,134.63,2,134.42,2,134.76,5,134.76,134.42,134.42,2,134.41,2,134.4,2,134.3,2,134.29,3,134.28,3,134.21,4,,,,,,,134.76,5,135.11,4,135.17,9,135.18,6,135.29,1,135.3,2,135.31,4,135.47,2,135.53,4,135.76,4
2025-04-10 09:36:00,134.59,134.63,2,134.42,2,134.76,5,134.76,134.42,134.42,2,134.41,2,134.4,2,134.3,2,134.29,3,134.28,3,134.21,4,,,,,,,134.76,5,135.11,4,135.17,9,135.18,6,135.29,1,135.3,2,135.31,4,135.47,2,135.53,4,135.76,4
2025-04-10 09:36:01,134.59,134.62,1,134.42,2,134.76,5,134.76,134.42,134.42,2,134.41,2,134.4,2,134.3,2,134.29,3,134.28,3,134.21,4,,,,,,,134.76,5,135.11,4,135.17,9,135.18,6,135.29,1,135.3,2,135.31,4,135.47,2,135.53,4,135.76,4
2025-04-10 09:36:02,134.59,134.59,1,134.42,2,134.76,5,134.76,134.42,134.42,2,134.41,2,134.4,2,134.3,2,134.29,3,134.28,3,134.21,4,,,,,,,134.76,5,135.11,4,135.17,9,135.18,6,135.29,1,135.3,2,135.31,4,135.47,2,135.53,4,135.76,4
2025-04-10 09:36:03,134.59,134.59,1,134.42,3,134.76,5,134.76,134.42,134.42,3,134.41,2,134.4,2,134.3,2,134.29,3,134.28,3,134.21,4,,,,,,,134.76,5,135.11,4,135.17,9,135.18,6,135.29,1,135.3,2,135.31,4,135.47,2,135.53,4,135.76,4
2025-04-10 09:36:04,134.59,134.59,1,134.42,3,134.76,5,134.76,134.42,134.42,3,134.41,2,134.4,2,134.3,2,134.29,3,134.28,3,134.21,4,,,,,,,134.76,5,135.11,4,135.17,9,135.18,6,135.29,1,135.3,2,135.31,4,135.47,2,135.53,4,135.76,4
2025-04-10 09:36:05,134.91,134.75,1,134.75,1,135.07,2,135.07,134.75,134.75,1,134.45,1,134.42,4,134.41,2,134.4,2,134.3,2,134.29,3,134.28,3,134.21,4,,,135.07,2,135.11,4,135.17,9,135.18,6,135.29,1,135.3,2,135.31,4,135.47,2,135.53,4,135.76,4
2025-04-10 09:36:06,134.74,134.74,1,134.48,2,135.0,1,135.0,134.48,134.48,2,134.46,1,134.45,1,134.42,4,134.41,2,134.4,2,134.3,2,134.29,3,134.28,3,134.21,4,135.0,1,135.07,2,135.11,4,135.17,9,135.18,6,135.29,1,135.3,2,135.31,4,135.47,2,135.53,4
2025-04-10 09:36:07,134.74,134.74,1,134.48,2,135.0,1,135.0,134.48,134.48,2,134.46,1,134.45,1,134.42,4,134.41,2,134.4,2,134.3,2,134.29,3,134.28,3,134.21,4,135.0,1,135.07,2,135.11,4,135.17,9,135.18,6,135.29,1,135.3,2,135.31,4,135.47,2,135.53,4
2025-04-10 09:36:08,134.75,134.74,1,134.5,1,135.0,1,135.0,134.5,134.5,1,134.49,2,134.48,2,134.46,1,134.45,1,134.42,4,134.41,2,134.4,2,134.3,2,134.29,3,135.0,1,135.07,2,135.11,4,135.17,9,135.18,6,135.29,1,135.3,2,135.31,4,135.47,2,135.53,4
2025-04-10 09:36:09,134.75,134.74,1,134.5,1,135.0,2,135.0,134.5,134.5,1,134.49,2,134.48,2,134.46,1,134.45,1,134.42,4,134.41,2,134.4,2,134.3,2,134.29,3,135.0,2,135.07,2,135.11,4,135.17,9,135.18,6,135.29,1,135.3,2,135.31,4,135.47,2,135.53,4
2025-04-10 09:36:10,134.75,134.55,1,134.5,1,135.0,2,135.0,134.5,134.5,1,134.49,2,134.48,2,134.46,1,134.45,1,134.42,4,134.41,2,134.4,2,134.3,2,134.29,3,135.0,2,135.07,2,135.11,4,135.17,9,135.18,6,135.29,1,135.3,2,135.31,4,135.47,2,135.53,4
2025-04-10 09:36:11,134.685,134.55,1,134.5,2,134.87,2,134.87,134.5,134.5,2,134.49,2,134.48,2,134.46,1,134.45,1,134.42,4,134.41,2,134.4,2,134.3,2,134.29,3,134.87,2,135.0,2,135.07,2,135.11,4,135.17,9,135.18,6,135.29,1,135.3,2,135.31,4,135.47,2
2025-04-10 09:36:12,134.71,134.55,1,134.55,1,134.87,2,134.87,134.55,134.55,1,134.5,2,134.49,2,134.48,2,134.46,1,134.45,1,134.42,4,134.41,2,134.4,2,134.3,2,134.87,2,135.0,2,135.07,2,135.11,4,135.17,9,135.18,6,135.29,1,135.3,2,135.31,4,135.47,2
2025-04-10 09:36:13,134.71,134.55,1,134.55,1,134.87,2,134.87,134.55,134.55,1,134.5,2,134.49,2,134.48,2,134.46,1,134.45,1,134.42,4,134.41,2,134.4,2,134.3,2,134.87,2,135.0,2,135.07,2,135.11,4,135.17,9,135.18,6,135.29,1,135.3,2,135.31,4,135.47,2
2025-04-10 09:36:14,134.71,134.55,1,134.55,1,134.87,2,134.87,134.55,134.55,1,134.5,2,134.49,2,134.48,2,134.46,1,134.45,1,134.42,4,134.41,2,134.4,2,134.3,2,134.87,2,135.0,2,135.07,2,135.11,4,135.17,9,135.18,6,135.29,1,135.3,2,135.31,4,135.47,2
2025-04-10 09:36:15,134.71,134.55,1,134.55,1,134.87,2,134.87,134.55,134.55,1,134.5,2,134.49,2,134.48,2,134.46,1,134.45,1,134.42,4,134.41,2,134.4,2,134.3,2,134.87,2,135.0,2,135.07,2,135.11,4,135.17,9,135.18,6,135.29,1,135.3,2,135.31,4,135.47,2
2025-04-10 09:36:16,134.715,134.72,1,134.56,1,134.87,3,134.87,134.56,134.56,1,134.55,1,134.5,2,134.49,2,134.48,2,134.46,1,134.45,1,134.42,4,134.41,2,134.4,2,134.87,3,135.0,2,135.07,2,135.11,4,135.17,9,135.18,6,135.29,1,135.3,2,135.31,4,135.47,2
2025-04-10 09:36:17,134.715,134.72,1,134.56,1,134.87,3,134.87,134.56,134.56,1,134.55,1,134.5,2,134.49,2,134.48,2,134.46,1,134.45,1,134.42,4,134.41,2,134.4,2,134.87,3,135.0,2,135.07,2,135.11,4,135.17,9,135.18,6,135.29,1,135.3,2,135.31,4,135.47,2
2025-04-10 09:36:18,134.715,134.72,4,134.56,1,134.87,3,134.87,134.56,134.56,1,134.55,1,134.5,2,134.49,2,134.48,2,134.46,1,134.45,1,134.42,4,134.41,2,134.4,2,134.87,3,135.0,2,135.07,2,135.11,4,135.17,9,135.18,6,135.29,1,135.3,2,135.31,4,135.47,2
2025-04-10 09:36:19,134.72,134.71,1,134.57,1,134.87,3,134.87,134.57,134.57,1,134.56,1,134.55,1,134.5,2,134.49,2,134.48,2,134.46,1,134.45,1,134.42,4,134.41,2,134.87,3,135.0,2,135.07,2,135.11,4,135.17,9,135.18,6,135.29,1,135.3,2,135.31,4,135.47,2
2025-04-10 09:36:20,134.72,134.71,1,134.57,1,134.87,3,134.87,134.57,134.57,1,134.56,1,134.55,1,134.5,2,134.49,2,134.48,2,134.46,1,134.45,1,134.42,4,134.41,2,134.87,3,135.0,2,135.07,2,135.11,4,135.17,9,135.18,6,135.29,1,135.3,2,135.31,4,135.47,2
2025-04-10 09:36:21,134.72,134.71,1,134.57,1,134.87,3,134.87,134.57,134.57,1,134.56,1,134.55,1,134.5,2,134.49,2,134.48,2,134.46,1,134.45,1,134.42,4,134.41,2,134.87,3,135.0,2,135.07,2,135.11,4,135.17,9,135.18,6,135.29,1,135.3,2,135.31,4,135.47,2
2025-04-10 09:36:22,134.725,134.71,1,134.58,1,134.87,3,134.87,134.58,134.58,1,134.57,1,134.56,1,134.55,1,134.5,2,134.49,2,134.48,2,134.46,1,134.45,1,134.42,4,134.87,3,135.0,2,135.07,2,135.11,4,135.17,9,135.18,6,135.29,1,135.3,2,135.31,4,135.47,2
2025-04-10 09:36:23,134.725,134.73,1,134.58,1,134.87,3,134.87,134.58,134.58,1,134.57,1,134.56,1,134.55,1,134.5,2,134.49,2,134.48,2,134.46,1,134.45,1,134.42,4,134.87,3,135.0,2,135.07,2,135.11,4,135.17,9,135.18,6,135.29,1,135.3,2,135.31,4,135.47,2
2025-04-10 09:36:24,134.725,134.62,1,134.58,1,134.87,3,134.87,134.58,134.58,1,134.57,1,134.56,1,134.55,1,134.5,2,134.49,2,134.48,2,134.46,1,134.45,1,134.42,4,134.87,3,135.0,2,135.07,2,135.11,4,135.17,9,135.18,6,135.29,1,135.3,2,135.31,4,135.47,2
2025-04-10 09:36:25,134.725,134.62,1,134.58,1,134.87,3,134.87,134.58,134.58,1,134.57,1,134.56,1,134.55,1,134.5,2,134.49,2,134.48,2,134.46,1,134.45,1,134.42,4,134.87,3,135.0,2,135.07,2,135.11,4,135.17,9,135.18,6,135.29,1,135.3,2,135.31,4,135.47,2
2025-04-10 09:36:26,134.725,134.62,1,134.58,1,134.87,3,134.87,134.58,134.58,1,134.57,1,134.56,1,134.55,1,134.5,2,134.49,2,134.48,2,134.46,1,134.45,1,134.42,4,134.87,3,135.0,2,135.07,2,135.11,4,135.17,9,135.18,6,135.29,1,135.3,2,135.31,4,135.47,2
2025-04-10 09:36:27,134.725,134.73,4,134.58,1,134.87,3,134.87,134.58,134.58,1,134.57,1,134.56,1,134.55,1,134.5,2,134.49,2,134.48,2,134.46,1,134.45,1,134.42,4,134.87,3,135.0,2,135.07,2,135.11,4,135.17,9,135.18,6,135.29,1,135.3,2,135.31,4,135.47,2
2025-04-10 09:36:28,134.725,134.73,4,134.58,2,134.87,5,134.87,134.58,134.58,2,134.57,1,134.56,1,134.55,1,134.5,2,134.49,2,134.48,2,134.46,1,134.45,1,134.42,4,134.87,5,135.0,2,135.07,2,135.11,4,135.17,9,135.18,6,135.29,1,135.3,2,135.31,4,135.47,2
2025-04-10 09:36:29,134.445,134.54,1,134.31,2,134.58,1,134.58,134.31,134.31,2,134.3,2,134.29,1,134.27,2,134.21,4,,,,,,,,,,,134.58,1,134.71,2,134.74,1,134.87,5,135.0,2,135.07,2,135.11,4,135.17,9,135.18,6,135.29,1
2025-04-10 09:36:30,134.445,134.54,1,134.31,2,134.58,1,134.58,134.31,134.31,2,134.3,2,134.29,1,134.27,2,134.21,4,,,,,,,,,,,134.58,1,134.71,2,134.74,1,134.87,5,135.0,2,135.07,2,135.11,4,135.17,9,135.18,6,135.29,1
2025-04-10 09:36:31,134.58,134.58,1,134.32,1,134.84,2,134.84,134.32,134.32,1,134.31,3,134.3,2,134.29,1,134.27,2,134.21,4,,,,,,,,,134.84,2,134.87,5,135.0,2,135.07,2,135.11,4,135.17,9,135.18,6,135.29,1,135.3,2,135.31,4
2025-04-10 09:36:32,134.585,134.58,1,134.33,1,134.84,2,134.84,134.33,134.33,1,134.32,1,134.31,3,134.3,2,134.29,1,134.27,2,134.21,4,,,,,,,134.84,2,134.87,5,135.0,2,135.07,2,135.11,4,135.17,9,135.18,6,135.29,1,135.3,2,135.31,4
2025-04-10 09:36:33,134.585,134.58,1,134.33,1,134.84,2,134.84,134.33,134.33,1,134.32,1,134.31,3,134.3,2,134.29,1,134.27,2,134.21,4,,,,,,,134.84,2,134.87,5,135.0,2,135.07,2,135.11,4,135.17,9,135.18,6,135.29,1,135.3,2,135.31,4
2025-04-10 09:36:34,134.585,134.58,1,134.33,1,134.84,2,134.84,134.33,134.33,1,134.32,1,134.31,3,134.3,2,134.29,1,134.27,2,134.21,4,,,,,,,134.84,2,134.87,5,135.0,2,135.07,2,135.11,4,135.17,9,135.18,6,135.29,1,135.3,2,135.31,4
2025-04-10 09:36:35,134.585,134.58,1,134.33,1,134.84,2,134.84,134.33,134.33,1,134.32,1,134.31,3,134.3,2,134.29,1,134.27,2,134.21,4,,,,,,,134.84,2,134.87,5,135.0,2,135.07,2,135.11,4,135.17,9,135.18,6,135.29,1,135.3,2,135.31,4
2025-04-10 09:36:36,134.6,134.58,1,134.33,2,134.87,4,134.87,134.33,134.33,2,134.32,1,134.31,3,134.3,2,134.29,1,134.27,2,134.21,4,,,,,,,134.87,4,135.0,2,135.07,2,135.11,4,135.17,9,135.18,6,135.29,1,135.3,2,135.31,4,135.47,2
2025-04-10 09:36:37,134.6,134.58,1,134.33,2,134.87,4,134.87,134.33,134.33,2,134.32,1,134.31,3,134.3,2,134.29,1,134.27,2,134.21,4,,,,,,,134.87,4,135.0,2,135.07,2,135.11,4,135.17,9,135.18,6,135.29,1,135.3,2,135.31,4,135.47,2
2025-04-10 09:36:38,134.6,134.58,1,134.33,2,134.87,4,134.87,134.33,134.33,2,134.32,1,134.31,3,134.3,2,134.29,1,134.27,2,134.21,4,,,,,,,134.87,4,135.0,2,135.07,2,135.11,4,135.17,9,135.18,6,135.29,1,135.3,2,135.31,4,135.47,2
2025-04-10 09:36:39,134.6,134.58,1,134.33,2,134.87,4,134.87,134.33,134.33,2,134.32,1,134.31,3,134.3,2,134.29,1,134.27,2,134.21,4,,,,,,,134.87,4,135.0,2,135.07,2,135.11,4,135.17,9,135.18,6,135.29,1,135.3,2,135.31,4,135.47,2
2025-04-10 09:36:40,134.735,134.58,1,134.58,1,134.89,1,134.89,134.58,134.58,1,134.33,2,134.32,1,134.31,3,134.3,2,134.29,1,134.27,2,134.21,4,,,,,134.89,1,135.0,2,135.07,2,135.11,4,135.17,9,135.18,6,135.29,1,135.3,2,135.31,4,135.47,2
2025-04-10 09:36:41,134.735,134.58,1,134.58,1,134.89,1,134.89,134.58,134.58,1,134.33,2,134.32,1,134.31,3,134.3,2,134.29,1,134.27,2,134.21,4,,,,,134.89,1,135.0,2,135.07,2,135.11,4,135.17,9,135.18,6,135.29,1,135.3,2,135.31,4,135.47,2
2025-04-10 09:36:42,134.735,134.58,1,134.58,1,134.89,1,134.89,134.58,134.58,1,134.33,2,134.32,1,134.31,3,134.3,2,134.29,1,134.27,2,134.21,4,,,,,134.89,1,135.0,2,135.07,2,135.11,4,135.17,9,135.18,6,135.29,1,135.3,2,135.31,4,135.47,2
2025-04-10 09:36:43,134.735,134.58,1,134.58,1,134.89,1,134.89,134.58,134.58,1,134.33,2,134.32,1,134.31,3,134.3,2,134.29,1,134.27,2,134.21,4,,,,,134.89,1,135.0,2,135.07,2,135.11,4,135.17,9,135.18,6,135.29,1,135.3,2,135.31,4,135.47,2
2025-04-10 09:36:44,134.735,134.58,1,134.58,1,134.89,1,134.89,134.58,134.58,1,134.33,2,134.32,1,134.31,3,134.3,2,134.29,1,134.27,2,134.21,4,,,,,134.89,1,135.0,2,135.07,2,135.11,4,135.17,9,135.18,6,135.29,1,135.3,2,135.31,4,135.47,2
2025-04-10 09:36:45,134.735,134.58,1,134.58,1,134.89,1,134.89,134.58,134.58,1,134.33,2,134.32,1,134.31,3,134.3,2,134.29,1,134.27,2,134.21,4,,,,,134.89,1,135.0,2,135.07,2,135.11,4,135.17,9,135.18,6,135.29,1,135.3,2,135.31,4,135.47,2
2025-04-10 09:36:46,134.735,134.58,1,134.58,1,134.89,1,134.89,134.58,134.58,1,134.33,2,134.32,1,134.31,3,134.3,2,134.29,1,134.27,2,134.21,4,,,,,134.89,1,135.0,2,135.07,2,135.11,4,135.17,9,135.18,6,135.29,1,135.3,2,135.31,4,135.47,2
2025-04-10 09:36:47,134.735,134.58,1,134.58,1,134.89,1,134.89,134.58,134.58,1,134.33,2,134.32,1,134.31,3,134.3,2,134.29,1,134.27,2,134.21,4,,,,,134.89,1,135.0,2,135.07,2,135.11,4,135.17,9,135.18,6,135.29,1,135.3,2,135.31,4,135.47,2
2025-04-10 09:36:48,134.735,134.58,1,134.58,1,134.89,1,134.89,134.58,134.58,1,134.33,2,134.32,1,134.31,3,134.3,2,134.29,1,134.27,2,134.21,4,,,,,134.89,1,135.0,2,135.07,2,135.11,4,135.17,9,135.18,6,135.29,1,135.3,2,135.31,4,135.47,2
2025-04-10 09:36:49,134.735,134.74,1,134.58,1,134.89,1,134.89,134.58,134.58,1,134.33,2,134.32,1,134.31,3,134.3,2,134.29,1,134.27,2,134.21,4,,,,,134.89,1,135.0,2,135.07,2,135.11,4,135.17,9,135.18,6,135.29,1,135.3,2,135.31,4,135.47,2
2025-04-10 09:36:50,134.735,134.74,1,134.58,1,134.89,1,134.89,134.58,134.58,1,134.33,2,134.32,1,134.31,3,134.3,2,134.29,1,134.27,2,134.21,4,,,,,134.89,1,135.0,2,135.07,2,135.11,4,135.17,9,135.18,6,135.29,1,135.3,2,135.31,4,135.47,2
2025-04-10 09:36:51,134.815,134.74,1,134.58,1,135.05,2,135.05,134.58,134.58,1,134.33,2,134.32,1,134.31,3,134.3,2,134.29,1,134.27,2,134.21,4,,,,,135.05,2,135.07,2,135.11,4,135.17,9,135.18,6,135.29,1,135.3,2,135.31,4,135.47,2,135.53,4
2025-04-10 09:36:52,134.815,134.74,1,134.58,2,135.05,2,135.05,134.58,134.58,2,134.33,2,134.32,1,134.31,3,134.3,2,134.29,1,134.27,2,134.21,4,,,,,135.05,2,135.07,2,135.11,4,135.17,9,135.18,6,135.29,1,135.3,2,135.31,4,135.47,2,135.53,4
2025-04-10 09:36:53,134.815,134.74,1,134.58,2,135.05,2,135.05,134.58,134.58,2,134.33,2,134.32,1,134.31,3,134.3,2,134.29,1,134.27,2,134.21,4,,,,,135.05,2,135.07,2,135.11,4,135.17,9,135.18,6,135.29,1,135.3,2,135.31,4,135.47,2,135.53,4
2025-04-10 09:36:54,134.89,134.74,1,134.73,3,135.05,2,135.05,134.73,134.73,3,134.58,2,134.33,2,134.32,1,134.31,3,134.3,2,134.29,1,134.27,2,134.21,4,,,135.05,2,135.07,2,135.11,4,135.17,9,135.18,6,135.29,1,135.3,2,135.31,4,135.47,2,135.53,4
2025-04-10 09:36:55,134.89,134.74,1,134.73,3,135.05,2,135.05,134.73,134.73,3,134.58,2,134.33,2,134.32,1,134.31,3,134.3,2,134.29,1,134.27,2,134.21,4,,,135.05,2,135.07,2,135.11,4,135.17,9,135.18,6,135.29,1,135.3,2,135.31,4,135.47,2,135.53,4
2025-04-10 09:36:56,134.89,134.74,1,134.73,3,135.05,2,135.05,134.73,134.73,3,134.58,2,134.33,2,134.32,1,134.31,3,134.3,2,134.29,1,134.27,2,134.21,4,,,135.05,2,135.07,2,135.11,4,135.17,9,135.18,6,135.29,1,135.3,2,135.31,4,135.47,2,135.53,4
2025-04-10 09:36:57,134.895,134.74,1,134.74,2,135.05,2,135.05,134.74,134.74,2,134.73,3,134.58,2,134.33,2,134.32,1,134.31,3,134.3,2,134.29,1,134.27,2,134.21,4,135.05,2,135.07,2,135.11,4,135.17,9,135.18,6,135.29,1,135.3,2,135.31,4,135.47,2,135.53,4
2025-04-10 09:36:58,134.895,134.74,1,134.74,2,135.05,2,135.05,134.74,134.74,2,134.73,3,134.58,2,134.33,2,134.32,1,134.31,3,134.3,2,134.29,1,134.27,2,134.21,4,135.05,2,135.07,2,135.11,4,135.17,9,135.18,6,135.29,1,135.3,2,135.31,4,135.47,2,135.53,4
2025-04-10 09:36:59,134.895,134.74,1,134.74,2,135.05,2,135.05,134.74,134.74,2,134.73,3,134.58,2,134.33,2,134.32,1,134.31,3,134.3,2,134.29,1,134.27,2,134.21,4,135.05,2,135.07,2,135.11,4,135.17,9,135.18,6,135.29,1,135.3,2,135.31,4,135.47,2,135.53,4
2025-04-10 09:37:00,134.895,134.74,1,134.74,2,135.05,2,135.05,134.74,134.74,2,134.73,3,134.58,2,134.33,2,134.32,1,134.31,3,134.3,2,134.29,1,134.27,2,134.21,4,135.05,2,135.07,2,135.11,4,135.17,9,135.18,6,135.29,1,135.3,2,135.31,4,135.47,2,135.53,4
2025-04-10 09:37:01,134.895,134.9,1,134.74,1,135.05,2,135.05,134.74,134.74,1,134.73,3,134.58,2,134.33,2,134.32,1,134.31,3,134.3,2,134.29,1,134.27,2,134.21,4,135.05,2,135.07,2,135.11,4,135.17,9,135.18,6,135.29,1,135.3,2,135.31,4,135.47,2,135.53,4
2025-04-10 09:37:02,134.895,134.9,1,134.74,1,135.05,2,135.05,134.74,134.74,1,134.73,3,134.58,2,134.33,2,134.32,1,134.31,3,134.3,2,134.29,1,134.27,2,134.21,4,135.05,2,135.07,2,135.11,4,135.17,9,135.18,6,135.29,1,135.3,2,135.31,4,135.47,2,135.53,4
2025-04-10 09:37:03,134.895,134.9,1,134.74,1,135.05,2,135.05,134.74,134.74,1,134.73,3,134.58,2,134.33,2,134.32,1,134.31,3,134.3,2,134.29,1,134.27,2,134.21,4,135.05,2,135.07,2,135.11,4,135.17,9,135.18,6,135.29,1,135.3,2,135.31,4,135.47,2,135.53,4
2025-04-10 09:37:04,134.895,134.9,1,134.74,2,135.05,4,135.05,134.74,134.74,2,134.73,3,134.58,2,134.33,2,134.32,1,134.31,3,134.3,2,134.29,1,134.27,2,134.21,4,135.05,4,135.07,2,135.11,4,135.17,9,135.18,6,135.29,1,135.3,2,135.31,4,135.47,2,135.53,4
2025-04-10 09:37:05,134.6,134.74,1,134.29,1,134.91,5,134.91,134.29,134.29,1,134.27,2,134.21,4,,,,,,,,,,,,,,,134.91,5,134.92,3,135.05,5,135.07,2,135.11,4,135.17,9,135.18,6,135.29,1,135.3,2,135.31,4
2025-04-10 09:37:06,134.575,134.57,1,134.29,1,134.86,4,134.86,134.29,134.29,1,134.27,2,134.21,4,,,,,,,,,,,,,,,134.86,4,134.91,5,134.92,3,135.05,5,135.07,2,135.11,4,135.17,9,135.18,6,135.29,1,135.3,2
2025-04-10 09:37:07,134.575,134.57,1,134.3,1,134.85,2,134.85,134.3,134.3,1,134.29,1,134.27,2,134.21,4,,,,,,,,,,,,,134.85,2,134.86,4,134.91,5,134.92,3,135.05,5,135.07,2,135.11,4,135.17,9,135.18,6,135.29,1
2025-04-10 09:37:08,134.575,134.57,1,134.3,1,134.85,2,134.85,134.3,134.3,1,134.29,1,134.27,2,134.21,4,,,,,,,,,,,,,134.85,2,134.86,4,134.91,5,134.92,3,135.05,5,135.07,2,135.11,4,135.17,9,135.18,6,135.29,1
2025-04-10 09:37:09,134.575,134.57,1,134.3,1,134.85,2,134.85,134.3,134.3,1,134.29,1,134.27,2,134.21,4,,,,,,,,,,,,,134.85,2,134.86,4,134.91,5,134.92,3,135.05,5,135.07,2,135.11,4,135.17,9,135.18,6,135.29,1
2025-04-10 09:37:10,134.57,134.57,1,134.3,1,134.84,2,134.84,134.3,134.3,1,134.29,1,134.27,2,134.21,4,,,,,,,,,,,,,134.84,2,134.85,2,134.86,4,134.91,5,134.92,3,135.05,5,135.07,2,135.11,4,135.17,9,135.18,6
2025-04-10 09:37:11,134.57,134.57,1,134.3,1,134.84,4,134.84,134.3,134.3,1,134.29,1,134.27,2,134.21,4,,,,,,,,,,,,,134.84,4,134.85,2,134.86,4,134.91,5,134.92,3,135.05,5,135.07,2,135.11,4,135.17,9,135.18,6
2025-04-10 09:37:12,134.57,134.57,1,134.3,1,134.84,5,134.84,134.3,134.3,1,134.29,1,134.27,2,134.21,4,,,,,,,,,,,,,134.84,5,134.85,2,134.86,4,134.91,5,134.92,3,135.05,5,135.07,2,135.11,4,135.17,9,135.18,6
2025-04-10 09:37:13,134.57,134.57,1,134.3,1,134.84,5,134.84,134.3,134.3,1,134.29,1,134.27,2,134.21,4,,,,,,,,,,,,,134.84,5,134.85,2,134.86,4,134.91,5,134.92,3,135.05,5,135.07,2,135.11,4,135.17,9,135.18,6
2025-04-10 09:37:14,134.57,134.57,1,134.3,1,134.84,5,134.84,134.3,134.3,1,134.29,1,134.27,2,134.21,4,,,,,,,,,,,,,134.84,5,134.85,2,134.86,4,134.91,5,134.92,3,135.05,5,135.07,2,135.11,4,135.17,9,135.18,6
2025-04-10 09:37:15,134.57,134.57,1,134.3,1,134.84,5,134.84,134.3,134.3,1,134.29,1,134.27,2,134.21,4,,,,,,,,,,,,,134.84,5,134.85,2,134.86,4,134.91,5,134.92,3,135.05,5,135.07,2,135.11,4,135.17,9,135.18,6
2025-04-10 09:37:16,134.345,134.35,1,134.05,1,134.64,1,134.64,134.05,134.05,1,,,,,,,,,,,,,,,,,,,134.64,1,134.84,5,134.85,2,134.86,4,134.91,5,134.92,3,135.05,5,135.07,2,135.11,4,135.17,9
2025-04-10 09:37:17,134.305,134.35,1,134.06,1,134.55,2,134.55,134.06,134.06,1,134.05,1,,,,,,,,,,,,,,,,,134.55,2,134.64,1,134.84,5,134.85,2,134.86,4,134.91,5,134.92,3,135.05,5,135.07,2,135.11,4
2025-04-10 09:37:18,134.305,134.35,1,134.06,1,134.55,2,134.55,134.06,134.06,1,134.05,1,,,,,,,,,,,,,,,,,134.55,2,134.64,1,134.84,5,134.85,2,134.86,4,134.91,5,134.92,3,135.05,5,135.07,2,135.11,4
2025-04-10 09:37:19,134.305,134.35,1,134.06,1,134.55,2,134.55,134.06,134.06,1,134.05,1,,,,,,,,,,,,,,,,,134.55,2,134.64,1,134.84,5,134.85,2,134.86,4,134.91,5,134.92,3,135.05,5,135.07,2,135.11,4
2025-04-10 09:37:20,134.305,134.35,1,134.06,1,134.55,2,134.55,134.06,134.06,1,134.05,1,,,,,,,,,,,,,,,,,134.55,2,134.64,1,134.84,5,134.85,2,134.86,4,134.91,5,134.92,3,135.05,5,135.07,2,135.11,4
2025-04-10 09:37:21,134.28,134.12,1,134.06,1,134.5,1,134.5,134.06,134.06,1,134.05,1,,,,,,,,,,,,,,,,,134.5,1,134.55,2,134.64,1,134.84,5,134.85,2,134.86,4,134.91,5,134.92,3,135.05,5,135.07,2
2025-04-10 09:37:22,134.28,134.12,1,134.06,1,134.5,1,134.5,134.06,134.06,1,134.05,1,,,,,,,,,,,,,,,,,134.5,1,134.55,2,134.64,1,134.84,5,134.85,2,134.86,4,134.91,5,134.92,3,135.05,5,135.07,2
2025-04-10 09:37:23,134.28,134.16,1,134.06,1,134.5,1,134.5,134.06,134.06,1,134.05,1,,,,,,,,,,,,,,,,,134.5,1,134.55,2,134.64,1,134.84,5,134.85,2,134.86,4,134.91,5,134.92,3,135.05,5,135.07,2
2025-04-10 09:37:24,134.28,134.16,1,134.06,1,134.5,1,134.5,134.06,134.06,1,134.05,1,,,,,,,,,,,,,,,,,134.5,1,134.55,2,134.64,1,134.84,5,134.85,2,134.86,4,134.91,5,134.92,3,135.05,5,135.07,2
2025-04-10 09:37:25,134.28,134.16,1,134.06,1,134.5,2,134.5,134.06,134.06,1,134.05,1,,,,,,,,,,,,,,,,,134.5,2,134.55,2,134.64,1,134.84,5,134.85,2,134.86,4,134.91,5,134.92,3,135.05,5,135.07,2
2025-04-10 09:37:26,134.28,134.16,1,134.06,1,134.5,3,134.5,134.06,134.06,1,134.05,1,,,,,,,,,,,,,,,,,134.5,3,134.55,2,134.64,1,134.84,5,134.85,2,134.86,4,134.91,5,134.92,3,135.05,5,135.07,2
2025-04-10 09:37:27,134.28,134.16,1,134.06,1,134.5,3,134.5,134.06,134.06,1,134.05,1,,,,,,,,,,,,,,,,,134.5,3,134.55,2,134.64,1,134.84,5,134.85,2,134.86,4,134.91,5,134.92,3,135.05,5,135.07,2
2025-04-10 09:37:28,134.32,134.41,1,134.11,1,134.53,1,134.53,134.11,134.11,1,134.06,1,134.05,1,,,,,,,,,,,,,,,134.53,1,134.56,1,134.64,1,134.84,5,134.85,2,134.86,4,134.91,5,134.92,3,135.05,5,135.07,2
2025-04-10 09:37:29,134.325,134.32,1,134.12,1,134.53,1,134.53,134.12,134.12,1,134.11,1,134.06,1,134.05,1,,,,,,,,,,,,,134.53,1,134.56,1,134.64,1,134.84,5,134.85,2,134.86,4,134.91,5,134.92,3,135.05,5,135.07,2
2025-04-10 09:37:30,134.325,134.32,1,134.12,2,134.53,1,134.53,134.12,134.12,2,134.11,1,134.06,1,134.05,1,,,,,,,,,,,,,134.53,1,134.56,1,134.64,1,134.84,5,134.85,2,134.86,4,134.91,5,134.92,3,135.05,5,135.07,2
2025-04-10 09:37:31,134.325,134.32,1,134.12,2,134.53,1,134.53,134.12,134.12,2,134.11,1,134.06,1,134.05,1,,,,,,,,,,,,,134.53,1,134.56,1,134.64,1,134.84,5,134.85,2,134.86,4,134.91,5,134.92,3,135.05,5,135.07,2
2025-04-10 09:37:32,134.325,134.32,1,134.12,2,134.53,1,134.53,134.12,134.12,2,134.11,1,134.06,1,134.05,1,,,,,,,,,,,,,134.53,1,134.56,1,134.64,1,134.84,5,134.85,2,134.86,4,134.91,5,134.92,3,135.05,5,135.07,2
2025-04-10 09:37:33,134.325,134.32,1,134.12,3,134.53,1,134.53,134.12,134.12,3,134.11,1,134.06,1,134.05,1,,,,,,,,,,,,,134.53,1,134.56,1,134.64,1,134.84,5,134.85,2,134.86,4,134.91,5,134.92,3,135.05,5,135.07,2
2025-04-10 09:37:34,134.33,134.36,1,134.13,2,134.53,1,134.53,134.13,134.13,2,134.12,3,134.11,1,134.06,1,134.05,1,,,,,,,,,,,134.53,1,134.56,1,134.64,1,134.84,5,134.85,2,134.86,4,134.91,5,134.92,3,135.05,5,135.07,2
2025-04-10 09:37:35,134.33,134.36,1,134.13,2,134.53,1,134.53,134.13,134.13,2,134.12,3,134.11,1,134.06,1,134.05,1,,,,,,,,,,,134.53,1,134.56,1,134.64,1,134.84,5,134.85,2,134.86,4,134.91,5,134.92,3,135.05,5,135.07,2
2025-04-10 09:37:36,134.33,134.36,1,134.13,2,134.53,1,134.53,134.13,134.13,2,134.12,3,134.11,1,134.06,1,134.05,1,,,,,,,,,,,134.53,1,134.56,1,134.64,1,134.84,5,134.85,2,134.86,4,134.91,5,134.92,3,135.05,5,135.07,2
2025-04-10 09:37:37,134.445,134.44,1,134.36,2,134.53,1,134.53,134.36,134.36,2,134.13,2,134.12,3,134.11,1,134.06,1,134.05,1,,,,,,,,,134.53,1,134.56,1,134.64,1,134.84,5,134.85,2,134.86,4,134.91,5,134.92,3,135.05,5,135.07,2
2025-04-10 09:37:38,134.445,134.44,1,134.36,2,134.53,1,134.53,134.36,134.36,2,134.13,2,134.12,3,134.11,1,134.06,1,134.05,1,,,,,,,,,134.53,1,134.56,1,134.64,1,134.84,5,134.85,2,134.86,4,134.91,5,134.92,3,135.05,5,135.07,2
2025-04-10 09:37:39,134.33,134.36,2,134.13,3,134.53,1,134.53,134.13,134.13,3,134.12,3,134.11,1,134.06,1,134.05,1,,,,,,,,,,,134.53,1,134.56,1,134.64,1,134.84,5,134.85,2,134.86,4,134.91,5,134.92,3,135.05,5,135.07,2
2025-04-10 09:37:40,134.33,134.36,2,134.13,3,134.53,1,134.53,134.13,134.13,3,134.12,3,134.11,1,134.06,1,134.05,1,,,,,,,,,,,134.53,1,134.56,1,134.64,1,134.84,5,134.85,2,134.86,4,134.91,5,134.92,3,135.05,5,135.07,2
2025-04-10 09:37:41,134.28,134.36,2,134.13,3,134.43,1,134.43,134.13,134.13,3,134.12,3,134.11,1,134.06,1,134.05,1,,,,,,,,,,,134.43,1,134.53,1,134.56,1,134.64,1,134.84,5,134.85,2,134.86,4,134.91,5,134.92,3,135.05,5
2025-04-10 09:37:42,134.28,134.28,1,134.13,3,134.43,1,134.43,134.13,134.13,3,134.12,3,134.11,1,134.06,1,134.05,1,,,,,,,,,,,134.43,1,134.53,1,134.56,1,134.64,1,134.84,5,134.85,2,134.86,4,134.91,5,134.92,3,135.05,5
2025-04-10 09:37:43,134.28,134.28,1,134.13,3,134.43,1,134.43,134.13,134.13,3,134.12,3,134.11,1,134.06,1,134.05,1,,,,,,,,,,,134.43,1,134.53,1,134.56,1,134.64,1,134.84,5,134.85,2,134.86,4,134.91,5,134.92,3,135.05,5
2025-04-10 09:37:44,134.125,134.13,1,133.91,1,134.34,2,134.34,133.91,133.91,1,,,,,,,,,,,,,,,,,,,134.34,2,134.43,1,134.53,1,134.56,1,134.64,1,134.84,5,134.85,2,134.86,4,134.91,5,134.92,3
2025-04-10 09:37:45,134.13,134.13,1,133.92,8,134.34,2,134.34,133.92,133.92,8,133.91,1,,,,,,,,,,,,,,,,,134.34,2,134.43,1,134.53,1,134.56,1,134.64,1,134.84,5,134.85,2,134.86,4,134.91,5,134.92,3
2025-04-10 09:37:46,134.13,134.13,1,133.92,8,134.34,2,134.34,133.92,133.92,8,133.91,1,,,,,,,,,,,,,,,,,134.34,2,134.43,1,134.53,1,134.56,1,134.64,1,134.84,5,134.85,2,134.86,4,134.91,5,134.92,3
2025-04-10 09:37:47,134.13,134.13,1,133.92,8,134.34,2,134.34,133.92,133.92,8,133.91,1,,,,,,,,,,,,,,,,,134.34,2,134.43,1,134.53,1,134.56,1,134.64,1,134.84,5,134.85,2,134.86,4,134.91,5,134.92,3
2025-04-10 09:37:48,134.13,134.0,2,133.92,8,134.34,2,134.34,133.92,133.92,8,133.91,1,,,,,,,,,,,,,,,,,134.34,2,134.43,1,134.53,1,134.56,1,134.64,1,134.84,5,134.85,2,134.86,4,134.91,5,134.92,3
2025-04-10 09:37:49,134.13,134.0,2,133.92,8,134.34,2,134.34,133.92,133.92,8,133.91,1,,,,,,,,,,,,,,,,,134.34,2,134.43,1,134.53,1,134.56,1,134.64,1,134.84,5,134.85,2,134.86,4,134.91,5,134.92,3
2025-04-10 09:37:50,134.13,134.0,2,133.92,8,134.34,2,134.34,133.92,133.92,8,133.91,1,,,,,,,,,,,,,,,,,134.34,2,134.43,1,134.53,1,134.56,1,134.64,1,134.84,5,134.85,2,134.86,4,134.91,5,134.92,3
2025-04-10 09:37:51,134.13,134.0,2,133.92,8,134.34,2,134.34,133.92,133.92,8,133.91,1,,,,,,,,,,,,,,,,,134.34,2,134.43,1,134.53,1,134.56,1,134.64,1,134.84,5,134.85,2,134.86,4,134.91,5,134.92,3
2025-04-10 09:37:52,134.13,134.0,2,133.92,8,134.34,2,134.34,133.92,133.92,8,133.91,1,,,,,,,,,,,,,,,,,134.34,2,134.43,1,134.53,1,134.56,1,134.64,1,134.84,5,134.85,2,134.86,4,134.91,5,134.92,3
2025-04-10 09:37:53,134.13,134.0,2,133.92,8,134.34,2,134.34,133.92,133.92,8,133.91,1,,,,,,,,,,,,,,,,,134.34,2,134.43,1,134.53,1,134.56,1,134.64,1,134.84,5,134.85,2,134.86,4,134.91,5,134.92,3
2025-04-10 09:37:54,134.13,134.0,2,133.92,8,134.34,2,134.34,133.92,133.92,8,133.91,1,,,,,,,,,,,,,,,,,134.34,2,134.43,1,134.53,1,134.56,1,134.64,1,134.84,5,134.85,2,134.86,4,134.91,5,134.92,3
2025-04-10 09:37:55,134.13,134.0,2,133.92,8,134.34,2,134.34,133.92,133.92,8,133.91,1,,,,,,,,,,,,,,,,,134.34,2,134.43,1,134.53,1,134.56,1,134.64,1,134.84,5,134.85,2,134.86,4,134.91,5,134.92,3
2025-04-10 09:37:56,134.13,134.0,2,133.92,8,134.34,2,134.34,133.92,133.92,8,133.91,1,,,,,,,,,,,,,,,,,134.34,2,134.43,1,134.53,1,134.56,1,134.64,1,134.84,5,134.85,2,134.86,4,134.91,5,134.92,3
2025-04-10 09:37:57,134.13,134.0,2,133.92,8,134.34,2,134.34,133.92,133.92,8,133.91,1,,,,,,,,,,,,,,,,,134.34,2,134.43,1,134.53,1,134.56,1,134.64,1,134.84,5,134.85,2,134.86,4,134.91,5,134.92,3
2025-04-10 09:37:58,134.13,134.0,2,133.92,8,134.34,2,134.34,133.92,133.92,8,133.91,1,,,,,,,,,,,,,,,,,134.34,2,134.43,1,134.53,1,134.56,1,134.64,1,134.84,5,134.85,2,134.86,4,134.91,5,134.92,3
2025-04-10 09:37:59,134.13,134.0,2,133.92,8,134.34,2,134.34,133.92,133.92,8,133.91,1,,,,,,,,,,,,,,,,,134.34,2,134.43,1,134.53,1,134.56,1,134.64,1,134.84,5,134.85,2,134.86,4,134.91,5,134.92,3
2025-04-10 09:38:00,134.13,134.0,2,133.92,8,134.34,2,134.34,133.92,133.92,8,133.91,1,,,,,,,,,,,,,,,,,134.34,2,134.43,1,134.53,1,134.56,1,134.64,1,134.84,5,134.85,2,134.86,4,134.91,5,134.92,3
2025-04-10 09:38:01,134.13,134.0,2,133.92,9,134.34,2,134.34,133.92,133.92,9,133.91,1,,,,,,,,,,,,,,,,,134.34,2,134.43,1,134.53,1,134.56,1,134.64,1,134.84,5,134.85,2,134.86,4,134.91,5,134.92,3
2025-04-10 09:38:02,134.13,134.0,2,133.92,9,134.34,2,134.34,133.92,133.92,9,133.91,1,,,,,,,,,,,,,,,,,134.34,2,134.43,1,134.53,1,134.56,1,134.64,1,134.84,5,134.85,2,134.86,4,134.91,5,134.92,3
2025-04-10 09:38:03,134.13,134.0,2,133.92,9,134.34,2,134.34,133.92,133.92,9,133.91,1,,,,,,,,,,,,,,,,,134.34,2,134.43,1,134.53,1,134.56,1,134.64,1,134.84,5,134.85,2,134.86,4,134.91,5,134.92,3
2025-04-10 09:38:04,134.13,134.0,2,133.92,9,134.34,2,134.34,133.92,133.92,9,133.91,1,,,,,,,,,,,,,,,,,134.34,2,134.43,1,134.53,1,134.56,1,134.64,1,134.84,5,134.85,2,134.86,4,134.91,5,134.92,3
2025-04-10 09:38:05,134.13,134.0,2,133.92,9,134.34,2,134.34,133.92,133.92,9,133.91,1,,,,,,,,,,,,,,,,,134.34,2,134.43,1,134.53,1,134.56,1,134.64,1,134.84,5,134.85,2,134.86,4,134.91,5,134.92,3
2025-04-10 09:38:06,134.13,134.0,2,133.92,9,134.34,2,134.34,133.92,133.92,9,133.91,1,,,,,,,,,,,,,,,,,134.34,2,134.43,1,134.53,1,134.56,1,134.64,1,134.84,5,134.85,2,134.86,4,134.91,5,134.92,3
2025-04-10 09:38:07,134.13,134.0,2,133.92,9,134.34,2,134.34,133.92,133.92,9,133.91,1,,,,,,,,,,,,,,,,,134.34,2,134.43,1,134.53,1,134.56,1,134.64,1,134.84,5,134.85,2,134.86,4,134.91,5,134.92,3
