sim_time,mid_price,last_price,last_size,best_bid_price,best_bid_size,best_ask_price,best_ask_size,close_price_buy,close_price_sell,bid1_price,bid1_size,bid2_price,bid2_size,bid3_price,bid3_size,bid4_price,bid4_size,bid5_price,bid5_size,bid6_price,bid6_size,bid7_price,bid7_size,bid8_price,bid8_size,bid9_price,bid9_size,bid10_price,bid10_size,ask1_price,ask1_size,ask2_price,ask2_size,ask3_price,ask3_size,ask4_price,ask4_size,ask5_price,ask5_size,ask6_price,ask6_size,ask7_price,ask7_size,ask8_price,ask8_size,ask9_price,ask9_size,ask10_price,ask10_size
2025-04-10 09:30:11,81.0,81.12,2,80.88,6,81.12,7,81.12,80.88,80.88,6,80.86,4,80.81,4,80.8,13,80.75,6,80.74,3,80.68,2,80.67,3,80.66,1,80.61,2,81.12,7,81.54,10,81.6,2,,,,,,,,,,,,,,
2025-04-10 09:30:12,81.0,81.1,1,80.88,8,81.12,7,81.12,80.88,80.88,8,80.86,4,80.81,4,80.8,13,80.75,6,80.74,3,80.68,2,80.67,3,80.66,1,80.61,2,81.12,7,81.54,10,81.6,2,,,,,,,,,,,,,,
2025-04-10 09:30:14,81.0,81.0,1,80.88,9,81.12,7,81.12,80.88,80.88,9,80.86,4,80.81,4,80.8,13,80.75,6,80.74,3,80.68,2,80.67,3,80.66,1,80.61,2,81.12,7,81.54,10,81.6,2,,,,,,,,,,,,,,
2025-04-10 09:30:15,81.0,81.12,1,80.88,9,81.12,7,81.12,80.88,80.88,9,80.86,4,80.81,4,80.8,13,80.75,6,80.74,3,80.68,2,80.67,3,80.66,1,80.61,2,81.12,7,81.54,10,81.6,2,,,,,,,,,,,,,,
2025-04-10 09:30:16,81.0,81.12,1,80.88,9,81.12,7,81.12,80.88,80.88,9,80.86,4,80.81,4,80.8,13,80.75,6,80.74,3,80.68,2,80.67,3,80.66,1,80.61,2,81.12,7,81.54,10,81.6,2,,,,,,,,,,,,,,
2025-04-10 09:30:17,81.0,81.12,3,80.88,9,81.12,7,81.12,80.88,80.88,9,80.86,4,80.81,4,80.8,13,80.75,6,80.74,3,80.68,2,80.67,3,80.66,1,80.61,2,81.12,7,81.54,10,81.6,2,,,,,,,,,,,,,,
2025-04-10 09:30:18,81.005,81.0,4,80.89,5,81.12,7,81.12,80.89,80.89,5,80.88,9,80.86,4,80.81,4,80.8,13,80.75,6,80.74,3,80.68,2,80.67,3,80.66,1,81.12,7,81.54,10,81.6,2,,,,,,,,,,,,,,
2025-04-10 09:30:19,81.005,81.0,4,80.89,5,81.12,7,81.12,80.89,80.89,5,80.88,9,80.86,4,80.81,4,80.8,13,80.75,6,80.74,3,80.68,2,80.67,3,80.66,1,81.12,7,81.54,10,81.6,2,,,,,,,,,,,,,,
2025-04-10 09:30:20,81.005,81.0,4,80.89,5,81.12,7,81.12,80.89,80.89,5,80.88,9,80.86,4,80.81,4,80.8,13,80.75,6,80.74,3,80.68,2,80.67,3,80.66,1,81.12,7,81.54,10,81.6,2,,,,,,,,,,,,,,
2025-04-10 09:30:21,81.005,81.0,1,80.89,5,81.12,7,81.12,80.89,80.89,5,80.88,9,80.86,4,80.81,4,80.8,13,80.75,6,80.74,3,80.68,2,80.67,3,80.66,1,81.12,7,81.54,10,81.6,2,,,,,,,,,,,,,,
2025-04-10 09:30:22,81.005,81.0,1,80.89,6,81.12,10,81.12,80.89,80.89,6,80.88,9,80.86,4,80.81,4,80.8,13,80.75,6,80.74,3,80.68,2,80.67,3,80.66,1,81.12,10,81.54,10,81.6,2,,,,,,,,,,,,,,
2025-04-10 09:30:23,81.005,81.0,1,80.89,6,81.12,10,81.12,80.89,80.89,6,80.88,9,80.86,4,80.81,4,80.8,13,80.75,6,80.74,3,80.68,2,80.67,3,80.66,1,81.12,10,81.54,10,81.6,2,,,,,,,,,,,,,,
2025-04-10 09:30:24,81.005,81.0,1,80.89,6,81.12,10,81.12,80.89,80.89,6,80.88,9,80.86,4,80.81,4,80.8,13,80.75,6,80.74,3,80.68,2,80.67,3,80.66,1,81.12,10,81.54,10,81.6,2,,,,,,,,,,,,,,
2025-04-10 09:30:25,81.005,81.0,1,80.89,6,81.12,10,81.12,80.89,80.89,6,80.88,9,80.86,4,80.81,4,80.8,13,80.75,6,80.74,3,80.68,2,80.67,3,80.66,1,81.12,10,81.54,10,81.6,2,,,,,,,,,,,,,,
2025-04-10 09:30:26,81.005,81.0,1,80.89,6,81.12,10,81.12,80.89,80.89,6,80.88,9,80.86,4,80.81,4,80.8,13,80.75,6,80.74,3,80.68,2,80.67,3,80.66,1,81.12,10,81.54,10,81.6,2,,,,,,,,,,,,,,
2025-04-10 09:30:27,81.005,81.0,3,80.89,6,81.12,10,81.12,80.89,80.89,6,80.88,9,80.86,4,80.81,4,80.8,13,80.75,6,80.74,3,80.68,2,80.67,3,80.66,1,81.12,10,81.54,10,81.6,2,,,,,,,,,,,,,,
2025-04-10 09:30:28,81.005,81.11,1,80.89,7,81.12,10,81.12,80.89,80.89,7,80.88,9,80.86,4,80.81,4,80.8,13,80.75,6,80.74,3,80.68,2,80.67,3,80.66,1,81.12,10,81.54,10,81.6,2,,,,,,,,,,,,,,
2025-04-10 09:30:29,81.005,81.12,2,80.89,7,81.12,10,81.12,80.89,80.89,7,80.88,9,80.86,4,80.81,4,80.8,13,80.75,6,80.74,3,80.68,2,80.67,3,80.66,1,81.12,10,81.54,10,81.6,2,,,,,,,,,,,,,,
2025-04-10 09:30:30,81.005,81.0,1,80.89,6,81.12,10,81.12,80.89,80.89,6,80.88,9,80.86,4,80.81,4,80.8,13,80.75,6,80.74,3,80.68,2,80.67,3,80.66,1,81.12,10,81.54,10,81.6,2,,,,,,,,,,,,,,
2025-04-10 09:30:31,81.01,81.0,1,80.9,5,81.12,10,81.12,80.9,80.9,5,80.89,6,80.88,9,80.86,4,80.81,4,80.8,13,80.75,6,80.74,3,80.68,2,80.67,3,81.12,10,81.54,10,81.6,2,,,,,,,,,,,,,,
2025-04-10 09:30:32,81.01,81.0,1,80.9,5,81.12,10,81.12,80.9,80.9,5,80.89,6,80.88,9,80.86,4,80.81,4,80.8,13,80.75,6,80.74,3,80.68,2,80.67,3,81.12,10,81.54,10,81.6,2,,,,,,,,,,,,,,
2025-04-10 09:30:33,81.01,81.12,1,80.9,5,81.12,10,81.12,80.9,80.9,5,80.89,6,80.88,9,80.86,4,80.81,4,80.8,13,80.75,6,80.74,3,80.68,2,80.67,3,81.12,10,81.54,10,81.6,2,,,,,,,,,,,,,,
2025-04-10 09:30:34,81.01,81.12,1,80.9,5,81.12,10,81.12,80.9,80.9,5,80.89,6,80.88,9,80.86,4,80.81,4,80.8,13,80.75,6,80.74,3,80.68,2,80.67,3,81.12,10,81.54,10,81.6,2,,,,,,,,,,,,,,
2025-04-10 09:30:35,81.01,81.12,1,80.9,5,81.12,10,81.12,80.9,80.9,5,80.89,6,80.88,9,80.86,4,80.81,4,80.8,13,80.75,6,80.74,3,80.68,2,80.67,3,81.12,10,81.54,10,81.6,2,,,,,,,,,,,,,,
2025-04-10 09:30:36,81.01,81.01,1,80.9,7,81.12,11,81.12,80.9,80.9,7,80.89,6,80.88,9,80.86,4,80.81,4,80.8,13,80.75,6,80.74,3,80.68,2,80.67,3,81.12,11,81.54,10,81.6,2,,,,,,,,,,,,,,
2025-04-10 09:30:37,81.01,81.01,1,80.9,7,81.12,10,81.12,80.9,80.9,7,80.89,6,80.88,9,80.86,4,80.81,4,80.8,13,80.75,6,80.74,3,80.68,2,80.67,3,81.12,10,81.54,10,81.6,2,,,,,,,,,,,,,,
2025-04-10 09:30:38,81.01,81.12,1,80.9,6,81.12,10,81.12,80.9,80.9,6,80.89,6,80.88,9,80.86,4,80.81,4,80.8,13,80.75,6,80.74,3,80.68,2,80.67,3,81.12,10,81.54,10,81.6,2,,,,,,,,,,,,,,
2025-04-10 09:30:39,81.01,81.12,1,80.9,6,81.12,10,81.12,80.9,80.9,6,80.89,6,80.88,9,80.86,4,80.81,4,80.8,13,80.75,6,80.74,3,80.68,2,80.67,3,81.12,10,81.54,10,81.6,2,,,,,,,,,,,,,,
2025-04-10 09:30:40,81.015,81.12,1,80.91,4,81.12,10,81.12,80.91,80.91,4,80.9,7,80.89,6,80.88,9,80.86,4,80.81,4,80.8,13,80.75,6,80.74,3,80.68,2,81.12,10,81.54,10,81.6,2,,,,,,,,,,,,,,
2025-04-10 09:30:41,81.015,81.02,2,80.91,4,81.12,12,81.12,80.91,80.91,4,80.9,7,80.89,6,80.88,9,80.86,4,80.81,4,80.8,13,80.75,6,80.74,3,80.68,2,81.12,12,81.54,10,81.6,2,,,,,,,,,,,,,,
2025-04-10 09:30:42,81.015,80.99,1,80.91,4,81.12,12,81.12,80.91,80.91,4,80.9,7,80.89,6,80.88,9,80.86,4,80.81,4,80.8,13,80.75,6,80.74,3,80.68,2,81.12,12,81.54,10,81.6,2,,,,,,,,,,,,,,
2025-04-10 09:30:43,81.015,80.95,2,80.91,4,81.12,12,81.12,80.91,80.91,4,80.9,7,80.89,6,80.88,9,80.86,4,80.81,4,80.8,13,80.75,6,80.74,3,80.68,2,81.12,12,81.54,10,81.6,2,,,,,,,,,,,,,,
2025-04-10 09:30:44,80.975,80.93,1,80.94,1,81.01,2,81.01,80.94,80.94,1,80.92,1,80.88,3,80.86,8,80.81,4,80.8,13,80.75,6,80.74,3,80.68,2,80.67,3,81.01,2,81.07,4,81.12,11,81.54,10,81.6,2,,,,,,,,,,
2025-04-10 09:30:45,80.915,80.92,1,80.83,2,81.0,9,81.0,80.83,80.83,2,80.81,4,80.8,13,80.75,6,80.74,3,80.68,2,80.67,3,80.66,1,80.61,2,80.51,3,81.0,9,81.01,12,81.05,13,81.06,10,81.07,9,81.12,11,81.54,10,81.6,2,,,,
2025-04-10 09:30:46,80.92,80.92,1,80.84,8,81.0,9,81.0,80.84,80.84,8,80.83,2,80.81,4,80.8,13,80.75,6,80.74,3,80.68,2,80.67,3,80.66,1,80.61,2,81.0,9,81.01,12,81.05,13,81.06,10,81.07,9,81.12,11,81.54,10,81.6,2,,,,
2025-04-10 09:30:47,80.92,80.92,1,80.84,8,81.0,5,81.0,80.84,80.84,8,80.83,2,80.81,4,80.8,13,80.75,6,80.74,3,80.68,2,80.67,3,80.66,1,80.61,2,81.0,5,81.01,12,81.05,13,81.06,10,81.07,9,81.12,11,81.54,10,81.6,2,,,,
2025-04-10 09:30:48,80.92,80.92,1,80.84,8,81.0,5,81.0,80.84,80.84,8,80.83,2,80.81,4,80.8,13,80.75,6,80.74,3,80.68,2,80.67,3,80.66,1,80.61,2,81.0,5,81.01,12,81.05,13,81.06,10,81.07,9,81.12,11,81.54,10,81.6,2,,,,
2025-04-10 09:30:49,80.92,80.89,1,80.84,8,81.0,5,81.0,80.84,80.84,8,80.83,2,80.81,4,80.8,13,80.75,6,80.74,3,80.68,2,80.67,3,80.66,1,80.61,2,81.0,5,81.01,12,81.05,13,81.06,10,81.07,9,81.12,11,81.54,10,81.6,2,,,,
2025-04-10 09:30:50,80.92,80.89,1,80.84,8,81.0,4,81.0,80.84,80.84,8,80.83,2,80.81,4,80.8,13,80.75,6,80.74,3,80.68,2,80.67,3,80.66,1,80.61,2,81.0,4,81.01,12,81.05,13,81.06,10,81.07,9,81.12,11,81.54,10,81.6,2,,,,
2025-04-10 09:30:51,80.92,80.89,1,80.84,8,81.0,4,81.0,80.84,80.84,8,80.83,2,80.81,4,80.8,13,80.75,6,80.74,3,80.68,2,80.67,3,80.66,1,80.61,2,81.0,4,81.01,12,81.05,13,81.06,10,81.07,9,81.12,11,81.54,10,81.6,2,,,,
2025-04-10 09:30:52,80.92,80.89,1,80.84,8,81.0,4,81.0,80.84,80.84,8,80.83,2,80.81,4,80.8,13,80.75,6,80.74,3,80.68,2,80.67,3,80.66,1,80.61,2,81.0,4,81.01,12,81.05,13,81.06,10,81.07,9,81.12,11,81.54,10,81.6,2,,,,
2025-04-10 09:30:53,80.92,80.89,1,80.84,9,81.0,4,81.0,80.84,80.84,9,80.83,2,80.81,4,80.8,13,80.75,6,80.74,3,80.68,2,80.67,3,80.66,1,80.61,2,81.0,4,81.01,12,81.05,13,81.06,10,81.07,9,81.12,11,81.54,10,81.6,2,,,,
2025-04-10 09:30:54,80.92,80.89,1,80.84,9,81.0,4,81.0,80.84,80.84,9,80.83,2,80.81,4,80.8,13,80.75,6,80.74,3,80.68,2,80.67,3,80.66,1,80.61,2,81.0,4,81.01,12,81.05,13,81.06,10,81.07,9,81.12,11,81.54,10,81.6,2,,,,
2025-04-10 09:30:55,80.92,80.89,1,80.84,9,81.0,4,81.0,80.84,80.84,9,80.83,2,80.81,4,80.8,13,80.75,6,80.74,3,80.68,2,80.67,3,80.66,1,80.61,2,81.0,4,81.01,12,81.05,13,81.06,10,81.07,9,81.12,11,81.54,10,81.6,2,,,,
2025-04-10 09:30:56,80.92,80.89,1,80.84,9,81.0,4,81.0,80.84,80.84,9,80.83,2,80.81,4,80.8,13,80.75,6,80.74,3,80.68,2,80.67,3,80.66,1,80.61,2,81.0,4,81.01,12,81.05,13,81.06,10,81.07,9,81.12,11,81.54,10,81.6,2,,,,
2025-04-10 09:30:57,80.92,80.89,1,80.84,9,81.0,4,81.0,80.84,80.84,9,80.83,2,80.81,4,80.8,13,80.75,6,80.74,3,80.68,2,80.67,3,80.66,1,80.61,2,81.0,4,81.01,12,81.05,13,81.06,10,81.07,9,81.12,11,81.54,10,81.6,2,,,,
2025-04-10 09:30:58,80.86,80.81,1,80.79,4,80.93,2,80.93,80.79,80.79,4,80.75,6,80.74,3,80.68,2,80.67,3,80.66,1,80.61,2,80.51,3,80.5,10,80.15,2,80.93,2,80.96,1,80.97,2,81.0,6,81.01,12,81.05,13,81.06,10,81.07,9,81.12,11,81.54,10
2025-04-10 09:30:59,80.86,80.81,1,80.79,4,80.93,4,80.93,80.79,80.79,4,80.75,6,80.74,3,80.68,2,80.67,3,80.66,1,80.61,2,80.51,3,80.5,10,80.15,2,80.93,4,80.96,1,80.97,2,81.0,6,81.01,12,81.05,13,81.06,10,81.07,9,81.12,11,81.54,10
2025-04-10 09:31:00,80.86,80.81,1,80.79,4,80.93,4,80.93,80.79,80.79,4,80.75,6,80.74,3,80.68,2,80.67,3,80.66,1,80.61,2,80.51,3,80.5,10,80.15,2,80.93,4,80.96,1,80.97,2,81.0,6,81.01,12,81.05,13,81.06,10,81.07,9,81.12,11,81.54,10
2025-04-10 09:31:01,80.86,80.81,1,80.79,4,80.93,6,80.93,80.79,80.79,4,80.75,6,80.74,3,80.68,2,80.67,3,80.66,1,80.61,2,80.51,3,80.5,10,80.15,2,80.93,6,80.96,1,80.97,2,81.0,6,81.01,12,81.05,13,81.06,10,81.07,9,81.12,11,81.54,10
2025-04-10 09:31:02,80.86,80.81,1,80.79,4,80.93,6,80.93,80.79,80.79,4,80.75,6,80.74,3,80.68,2,80.67,3,80.66,1,80.61,2,80.51,3,80.5,10,80.15,2,80.93,6,80.96,1,80.97,2,81.0,6,81.01,12,81.05,13,81.06,10,81.07,9,81.12,11,81.54,10
2025-04-10 09:31:03,80.86,80.86,1,80.79,4,80.93,6,80.93,80.79,80.79,4,80.75,6,80.74,3,80.68,2,80.67,3,80.66,1,80.61,2,80.51,3,80.5,10,80.15,2,80.93,6,80.96,1,80.97,2,81.0,6,81.01,12,81.05,13,81.06,10,81.07,9,81.12,11,81.54,10
2025-04-10 09:31:04,80.865,80.8,1,80.8,1,80.93,6,80.93,80.8,80.8,1,80.79,4,80.75,6,80.74,3,80.68,2,80.67,3,80.66,1,80.61,2,80.51,3,80.5,10,80.93,6,80.96,1,80.97,2,81.0,6,81.01,12,81.05,13,81.06,10,81.07,9,81.12,11,81.54,10
2025-04-10 09:31:05,80.865,80.8,1,80.8,1,80.93,6,80.93,80.8,80.8,1,80.79,4,80.75,6,80.74,3,80.68,2,80.67,3,80.66,1,80.61,2,80.51,3,80.5,10,80.93,6,80.96,1,80.97,2,81.0,6,81.01,12,81.05,13,81.06,10,81.07,9,81.12,11,81.54,10
2025-04-10 09:31:06,80.865,80.8,1,80.8,3,80.93,6,80.93,80.8,80.8,3,80.79,4,80.75,6,80.74,3,80.68,2,80.67,3,80.66,1,80.61,2,80.51,3,80.5,10,80.93,6,80.96,1,80.97,2,81.0,6,81.01,12,81.05,13,81.06,10,81.07,9,81.12,11,81.54,10
2025-04-10 09:31:07,80.865,80.8,1,80.8,3,80.93,6,80.93,80.8,80.8,3,80.79,4,80.75,6,80.74,3,80.68,2,80.67,3,80.66,1,80.61,2,80.51,3,80.5,10,80.93,6,80.96,1,80.97,2,81.0,6,81.01,12,81.05,13,81.06,10,81.07,9,81.12,11,81.54,10
2025-04-10 09:31:08,80.865,80.8,1,80.8,4,80.93,6,80.93,80.8,80.8,4,80.79,4,80.75,6,80.74,3,80.68,2,80.67,3,80.66,1,80.61,2,80.51,3,80.5,10,80.93,6,80.96,1,80.97,2,81.0,6,81.01,12,81.05,13,81.06,10,81.07,9,81.12,11,81.54,10
2025-04-10 09:31:09,80.865,80.8,1,80.8,4,80.93,6,80.93,80.8,80.8,4,80.79,4,80.75,6,80.74,3,80.68,2,80.67,3,80.66,1,80.61,2,80.51,3,80.5,10,80.93,6,80.96,1,80.97,2,81.0,6,81.01,12,81.05,13,81.06,10,81.07,9,81.12,11,81.54,10
2025-04-10 09:31:10,80.865,80.8,1,80.8,4,80.93,6,80.93,80.8,80.8,4,80.79,4,80.75,6,80.74,3,80.68,2,80.67,3,80.66,1,80.61,2,80.51,3,80.5,10,80.93,6,80.96,1,80.97,2,81.0,6,81.01,12,81.05,13,81.06,10,81.07,9,81.12,11,81.54,10
2025-04-10 09:31:11,80.865,80.8,1,80.8,4,80.93,6,80.93,80.8,80.8,4,80.79,4,80.75,6,80.74,3,80.68,2,80.67,3,80.66,1,80.61,2,80.51,3,80.5,10,80.93,6,80.96,1,80.97,2,81.0,6,81.01,12,81.05,13,81.06,10,81.07,9,81.12,11,81.54,10
2025-04-10 09:31:12,80.805,80.77,1,80.75,7,80.86,9,80.86,80.75,80.75,7,80.74,3,80.68,2,80.67,3,80.66,1,80.61,2,80.51,3,80.5,10,80.15,2,,,80.86,9,80.9,3,80.93,6,80.96,1,80.97,2,81.0,6,81.01,12,81.05,13,81.06,10,81.07,9
2025-04-10 09:31:13,80.805,80.77,1,80.75,7,80.86,9,80.86,80.75,80.75,7,80.74,3,80.68,2,80.67,3,80.66,1,80.61,2,80.51,3,80.5,10,80.15,2,,,80.86,9,80.9,3,80.93,6,80.96,1,80.97,2,81.0,6,81.01,12,81.05,13,81.06,10,81.07,9
2025-04-10 09:31:14,80.705,80.69,1,80.6,5,80.81,2,80.81,80.6,80.6,5,80.51,3,80.5,10,80.15,2,,,,,,,,,,,,,80.81,2,80.83,1,80.84,4,80.86,7,80.9,3,80.93,6,80.96,1,80.97,2,81.0,6,81.01,12
2025-04-10 09:31:15,80.71,80.63,1,80.61,3,80.81,4,80.81,80.61,80.61,3,80.6,5,80.51,3,80.5,10,80.15,2,,,,,,,,,,,80.81,4,80.84,5,80.86,7,80.9,3,80.93,6,80.96,1,80.97,2,81.0,6,81.01,12,81.05,13
2025-04-10 09:31:16,80.71,80.63,1,80.61,3,80.81,4,80.81,80.61,80.61,3,80.6,5,80.51,3,80.5,10,80.15,2,,,,,,,,,,,80.81,4,80.84,5,80.86,7,80.9,3,80.93,6,80.96,1,80.97,2,81.0,6,81.01,12,81.05,13
2025-04-10 09:31:17,80.71,80.63,1,80.61,3,80.81,4,80.81,80.61,80.61,3,80.6,5,80.51,3,80.5,10,80.15,2,,,,,,,,,,,80.81,4,80.84,5,80.86,7,80.9,3,80.93,6,80.96,1,80.97,2,81.0,6,81.01,12,81.05,13
2025-04-10 09:31:18,80.71,80.63,1,80.61,3,80.81,4,80.81,80.61,80.61,3,80.6,5,80.51,3,80.5,10,80.15,2,,,,,,,,,,,80.81,4,80.84,5,80.86,7,80.9,3,80.93,6,80.96,1,80.97,2,81.0,6,81.01,12,81.05,13
2025-04-10 09:31:19,80.71,80.63,1,80.61,6,80.81,4,80.81,80.61,80.61,6,80.6,5,80.51,3,80.5,10,80.15,2,,,,,,,,,,,80.81,4,80.84,5,80.86,7,80.9,3,80.93,6,80.96,1,80.97,2,81.0,6,81.01,12,81.05,13
2025-04-10 09:31:20,80.71,80.63,1,80.61,6,80.81,4,80.81,80.61,80.61,6,80.6,5,80.51,3,80.5,10,80.15,2,,,,,,,,,,,80.81,4,80.84,5,80.86,7,80.9,3,80.93,6,80.96,1,80.97,2,81.0,6,81.01,12,81.05,13
2025-04-10 09:31:21,80.71,80.71,1,80.61,7,80.81,4,80.81,80.61,80.61,7,80.6,5,80.51,3,80.5,10,80.15,2,,,,,,,,,,,80.81,4,80.84,5,80.86,7,80.9,3,80.93,6,80.96,1,80.97,2,81.0,6,81.01,12,81.05,13
2025-04-10 09:31:22,80.71,80.71,1,80.61,7,80.81,4,80.81,80.61,80.61,7,80.6,5,80.51,3,80.5,10,80.15,2,,,,,,,,,,,80.81,4,80.84,5,80.86,7,80.9,3,80.93,6,80.96,1,80.97,2,81.0,6,81.01,12,81.05,13
2025-04-10 09:31:23,80.71,80.71,1,80.61,7,80.81,4,80.81,80.61,80.61,7,80.6,5,80.51,3,80.5,10,80.15,2,,,,,,,,,,,80.81,4,80.84,5,80.86,7,80.9,3,80.93,6,80.96,1,80.97,2,81.0,6,81.01,12,81.05,13
2025-04-10 09:31:24,80.71,80.71,1,80.61,7,80.81,6,80.81,80.61,80.61,7,80.6,5,80.51,3,80.5,10,80.15,2,,,,,,,,,,,80.81,6,80.84,5,80.86,7,80.9,3,80.93,6,80.96,1,80.97,2,81.0,6,81.01,12,81.05,13
2025-04-10 09:31:25,80.71,80.71,1,80.61,7,80.81,6,80.81,80.61,80.61,7,80.6,5,80.51,3,80.5,10,80.15,2,,,,,,,,,,,80.81,6,80.84,5,80.86,7,80.9,3,80.93,6,80.96,1,80.97,2,81.0,6,81.01,12,81.05,13
2025-04-10 09:31:26,80.71,80.71,1,80.61,7,80.81,6,80.81,80.61,80.61,7,80.6,5,80.51,3,80.5,10,80.15,2,,,,,,,,,,,80.81,6,80.84,5,80.86,7,80.9,3,80.93,6,80.96,1,80.97,2,81.0,6,81.01,12,81.05,13
2025-04-10 09:31:27,80.71,80.71,1,80.61,7,80.81,6,80.81,80.61,80.61,7,80.6,5,80.51,3,80.5,10,80.15,2,,,,,,,,,,,80.81,6,80.84,5,80.86,7,80.9,3,80.93,6,80.96,1,80.97,2,81.0,6,81.01,12,81.05,13
2025-04-10 09:31:28,80.71,80.71,1,80.61,7,80.81,10,80.81,80.61,80.61,7,80.6,5,80.51,3,80.5,10,80.15,2,,,,,,,,,,,80.81,10,80.84,5,80.86,7,80.9,3,80.93,6,80.96,1,80.97,2,81.0,6,81.01,12,81.05,13
2025-04-10 09:31:29,80.71,80.8,3,80.61,7,80.81,9,80.81,80.61,80.61,7,80.6,5,80.51,3,80.5,10,80.15,2,,,,,,,,,,,80.81,9,80.84,5,80.86,7,80.9,3,80.93,6,80.96,1,80.97,2,81.0,6,81.01,12,81.05,13
2025-04-10 09:31:30,80.71,80.71,1,80.61,7,80.81,9,80.81,80.61,80.61,7,80.6,5,80.51,3,80.5,10,80.15,2,,,,,,,,,,,80.81,9,80.84,5,80.86,7,80.9,3,80.93,6,80.96,1,80.97,2,81.0,6,81.01,12,81.05,13
2025-04-10 09:31:31,80.71,80.71,1,80.61,7,80.81,9,80.81,80.61,80.61,7,80.6,5,80.51,3,80.5,10,80.15,2,,,,,,,,,,,80.81,9,80.84,5,80.86,7,80.9,3,80.93,6,80.96,1,80.97,2,81.0,6,81.01,12,81.05,13
2025-04-10 09:31:32,80.785,80.78,1,80.71,3,80.86,9,80.86,80.71,80.71,3,80.66,2,80.62,5,80.61,7,80.6,5,80.51,3,80.5,10,80.15,2,,,,,80.86,9,80.9,1,80.93,8,80.96,1,80.97,2,81.0,6,81.01,12,81.05,13,81.06,10,81.07,9
2025-04-10 09:31:33,80.785,80.78,1,80.71,3,80.86,9,80.86,80.71,80.71,3,80.66,2,80.62,5,80.61,7,80.6,5,80.51,3,80.5,10,80.15,2,,,,,80.86,9,80.9,1,80.93,8,80.96,1,80.97,2,81.0,6,81.01,12,81.05,13,81.06,10,81.07,9
2025-04-10 09:31:34,80.785,80.78,1,80.71,3,80.86,10,80.86,80.71,80.71,3,80.66,2,80.62,5,80.61,7,80.6,5,80.51,3,80.5,10,80.15,2,,,,,80.86,10,80.9,1,80.93,8,80.96,1,80.97,2,81.0,6,81.01,12,81.05,13,81.06,10,81.07,9
2025-04-10 09:31:35,80.785,80.78,1,80.71,3,80.86,10,80.86,80.71,80.71,3,80.66,2,80.62,5,80.61,7,80.6,5,80.51,3,80.5,10,80.15,2,,,,,80.86,10,80.9,1,80.93,8,80.96,1,80.97,2,81.0,6,81.01,12,81.05,13,81.06,10,81.07,9
2025-04-10 09:31:36,80.785,80.78,1,80.71,3,80.86,10,80.86,80.71,80.71,3,80.66,2,80.62,5,80.61,7,80.6,5,80.51,3,80.5,10,80.15,2,,,,,80.86,10,80.9,1,80.93,8,80.96,1,80.97,2,81.0,6,81.01,12,81.05,13,81.06,10,81.07,9
2025-04-10 09:31:37,80.785,80.78,1,80.71,3,80.86,10,80.86,80.71,80.71,3,80.66,2,80.62,5,80.61,7,80.6,5,80.51,3,80.5,10,80.15,2,,,,,80.86,10,80.9,1,80.93,8,80.96,1,80.97,2,81.0,6,81.01,12,81.05,13,81.06,10,81.07,9
2025-04-10 09:31:38,80.785,80.78,1,80.71,3,80.86,10,80.86,80.71,80.71,3,80.66,2,80.62,5,80.61,7,80.6,5,80.51,3,80.5,10,80.15,2,,,,,80.86,10,80.9,1,80.93,8,80.96,1,80.97,2,81.0,6,81.01,12,81.05,13,81.06,10,81.07,9
2025-04-10 09:31:39,80.79,80.79,1,80.72,3,80.86,11,80.86,80.72,80.72,3,80.71,3,80.66,2,80.62,5,80.61,7,80.6,5,80.51,3,80.5,10,80.15,2,,,80.86,11,80.9,1,80.93,8,80.96,1,80.97,2,81.0,6,81.01,12,81.05,13,81.06,10,81.07,9
2025-04-10 09:31:40,80.79,80.86,6,80.72,3,80.86,11,80.86,80.72,80.72,3,80.71,3,80.66,2,80.62,5,80.61,7,80.6,5,80.51,3,80.5,10,80.15,2,,,80.86,11,80.9,1,80.93,8,80.96,1,80.97,2,81.0,6,81.01,12,81.05,13,81.06,10,81.07,9
2025-04-10 09:31:41,80.79,80.86,6,80.72,3,80.86,11,80.86,80.72,80.72,3,80.71,3,80.66,2,80.62,5,80.61,7,80.6,5,80.51,3,80.5,10,80.15,2,,,80.86,11,80.9,1,80.93,8,80.96,1,80.97,2,81.0,6,81.01,12,81.05,13,81.06,10,81.07,9
2025-04-10 09:31:42,80.79,80.86,6,80.72,3,80.86,11,80.86,80.72,80.72,3,80.71,3,80.66,2,80.62,5,80.61,7,80.6,5,80.51,3,80.5,10,80.15,2,,,80.86,11,80.9,1,80.93,8,80.96,1,80.97,2,81.0,6,81.01,12,81.05,13,81.06,10,81.07,9
2025-04-10 09:31:43,80.79,80.79,1,80.72,3,80.86,11,80.86,80.72,80.72,3,80.71,3,80.66,2,80.62,5,80.61,7,80.6,5,80.51,3,80.5,10,80.15,2,,,80.86,11,80.9,1,80.93,8,80.96,1,80.97,2,81.0,6,81.01,12,81.05,13,81.06,10,81.07,9
2025-04-10 09:31:44,80.79,80.79,1,80.72,3,80.86,10,80.86,80.72,80.72,3,80.71,3,80.66,2,80.62,5,80.61,7,80.6,5,80.51,3,80.5,10,80.15,2,,,80.86,10,80.9,1,80.93,8,80.96,1,80.97,2,81.0,6,81.01,12,81.05,13,81.06,10,81.07,9
2025-04-10 09:31:45,80.895,80.86,1,80.86,3,80.93,7,80.93,80.86,80.86,3,80.85,1,80.76,3,80.72,4,80.71,3,80.66,2,80.62,5,80.61,7,80.6,5,80.51,3,80.93,7,80.96,1,80.97,2,81.0,6,81.01,12,81.05,13,81.06,10,81.07,9,81.12,11,81.54,10
2025-04-10 09:31:46,80.91,80.96,3,80.86,3,80.96,5,80.96,80.86,80.86,3,80.76,8,80.72,4,80.71,3,80.66,2,80.62,5,80.61,7,80.6,5,80.51,3,80.5,10,80.96,5,80.97,2,81.0,6,81.01,12,81.05,13,81.06,10,81.07,9,81.12,11,81.54,10,81.6,2
2025-04-10 09:31:47,80.81,80.86,1,80.76,9,80.86,2,80.86,80.76,80.76,9,80.72,4,80.71,3,80.66,2,80.62,5,80.61,7,80.6,5,80.51,3,80.5,10,80.15,2,80.86,2,80.96,9,80.97,2,81.0,6,81.01,12,81.05,13,81.06,10,81.07,9,81.12,11,81.54,10
2025-04-10 09:31:48,80.81,80.81,2,80.76,1,80.86,4,80.86,80.76,80.76,1,80.72,9,80.71,3,80.66,2,80.62,5,80.61,7,80.6,5,80.51,3,80.5,10,80.15,2,80.86,4,80.96,9,80.97,2,81.0,6,81.01,12,81.05,13,81.06,10,81.07,9,81.12,11,81.54,10
2025-04-10 09:31:49,80.81,80.81,2,80.76,1,80.86,4,80.86,80.76,80.76,1,80.72,9,80.71,3,80.66,2,80.62,5,80.61,7,80.6,5,80.51,3,80.5,10,80.15,2,80.86,4,80.96,9,80.97,2,81.0,6,81.01,12,81.05,13,81.06,10,81.07,9,81.12,11,81.54,10
2025-04-10 09:31:50,80.81,80.81,2,80.76,2,80.86,4,80.86,80.76,80.76,2,80.72,9,80.71,3,80.66,2,80.62,5,80.61,7,80.6,5,80.51,3,80.5,10,80.15,2,80.86,4,80.96,9,80.97,2,81.0,6,81.01,12,81.05,13,81.06,10,81.07,9,81.12,11,81.54,10
2025-04-10 09:31:51,80.81,80.81,2,80.76,3,80.86,4,80.86,80.76,80.76,3,80.72,9,80.71,3,80.66,2,80.62,5,80.61,7,80.6,5,80.51,3,80.5,10,80.15,2,80.86,4,80.96,9,80.97,2,81.0,6,81.01,12,81.05,13,81.06,10,81.07,9,81.12,11,81.54,10
2025-04-10 09:31:52,80.81,80.83,1,80.76,3,80.86,5,80.86,80.76,80.76,3,80.72,9,80.71,3,80.66,2,80.62,5,80.61,7,80.6,5,80.51,3,80.5,10,80.15,2,80.86,5,80.96,9,80.97,2,81.0,6,81.01,12,81.05,13,81.06,10,81.07,9,81.12,11,81.54,10
2025-04-10 09:31:53,80.81,80.83,3,80.76,3,80.86,5,80.86,80.76,80.76,3,80.72,9,80.71,3,80.66,2,80.62,5,80.61,7,80.6,5,80.51,3,80.5,10,80.15,2,80.86,5,80.96,9,80.97,2,81.0,6,81.01,12,81.05,13,81.06,10,81.07,9,81.12,11,81.54,10
2025-04-10 09:31:54,80.77,80.77,1,80.71,6,80.83,4,80.83,80.71,80.71,6,80.66,2,80.62,5,80.61,7,80.6,5,80.51,3,80.5,10,80.15,2,,,,,80.83,4,80.86,6,80.96,9,80.97,2,81.0,6,81.01,12,81.05,13,81.06,10,81.07,9,81.12,11
2025-04-10 09:31:55,80.77,80.77,1,80.71,6,80.83,4,80.83,80.71,80.71,6,80.66,2,80.62,5,80.61,7,80.6,5,80.51,3,80.5,10,80.15,2,,,,,80.83,4,80.86,6,80.96,9,80.97,2,81.0,6,81.01,12,81.05,13,81.06,10,81.07,9,81.12,11
2025-04-10 09:31:56,80.77,80.77,1,80.71,6,80.83,4,80.83,80.71,80.71,6,80.66,2,80.62,5,80.61,7,80.6,5,80.51,3,80.5,10,80.15,2,,,,,80.83,4,80.86,6,80.96,9,80.97,2,81.0,6,81.01,12,81.05,13,81.06,10,81.07,9,81.12,11
2025-04-10 09:31:57,80.77,80.77,1,80.71,6,80.83,7,80.83,80.71,80.71,6,80.66,2,80.62,5,80.61,7,80.6,5,80.51,3,80.5,10,80.15,2,,,,,80.83,7,80.86,6,80.96,9,80.97,2,81.0,6,81.01,12,81.05,13,81.06,10,81.07,9,81.12,11
2025-04-10 09:31:58,80.785,80.77,1,80.74,1,80.83,8,80.83,80.74,80.74,1,80.73,3,80.72,2,80.71,5,80.66,2,80.62,5,80.61,7,80.6,5,80.51,3,80.5,10,80.83,8,80.86,6,80.96,9,80.97,2,81.0,6,81.01,12,81.05,13,81.06,10,81.07,9,81.12,11
2025-04-10 09:31:59,80.805,80.86,1,80.75,2,80.86,8,80.86,80.75,80.75,2,80.74,1,80.73,2,80.72,2,80.71,5,80.66,2,80.62,5,80.61,7,80.6,5,80.51,3,80.86,8,80.96,9,80.97,2,81.0,6,81.01,12,81.05,13,81.06,10,81.07,9,81.12,11,81.54,10
2025-04-10 09:32:00,80.805,80.81,1,80.75,2,80.86,8,80.86,80.75,80.75,2,80.74,1,80.73,2,80.72,2,80.71,5,80.66,2,80.62,5,80.61,7,80.6,5,80.51,3,80.86,8,80.96,9,80.97,2,81.0,6,81.01,12,81.05,13,81.06,10,81.07,9,81.12,11,81.54,10
2025-04-10 09:32:01,80.805,80.76,1,80.75,2,80.86,8,80.86,80.75,80.75,2,80.74,1,80.73,2,80.72,2,80.71,5,80.66,2,80.62,5,80.61,7,80.6,5,80.51,3,80.86,8,80.96,9,80.97,2,81.0,6,81.01,12,81.05,13,81.06,10,81.07,9,81.12,11,81.54,10
2025-04-10 09:32:02,80.805,80.8,1,80.75,2,80.86,8,80.86,80.75,80.75,2,80.74,1,80.73,2,80.72,2,80.71,5,80.66,2,80.62,5,80.61,7,80.6,5,80.51,3,80.86,8,80.96,9,80.97,2,81.0,6,81.01,12,81.05,13,81.06,10,81.07,9,81.12,11,81.54,10
2025-04-10 09:32:03,80.805,80.8,1,80.75,3,80.86,8,80.86,80.75,80.75,3,80.74,1,80.73,2,80.72,2,80.71,5,80.66,2,80.62,5,80.61,7,80.6,5,80.51,3,80.86,8,80.96,9,80.97,2,81.0,6,81.01,12,81.05,13,81.06,10,81.07,9,81.12,11,81.54,10
2025-04-10 09:32:04,80.805,80.8,1,80.75,3,80.86,8,80.86,80.75,80.75,3,80.74,1,80.73,2,80.72,2,80.71,5,80.66,2,80.62,5,80.61,7,80.6,5,80.51,3,80.86,8,80.96,9,80.97,2,81.0,6,81.01,12,81.05,13,81.06,10,81.07,9,81.12,11,81.54,10
2025-04-10 09:32:05,80.805,80.8,1,80.75,5,80.86,8,80.86,80.75,80.75,5,80.74,1,80.73,2,80.72,2,80.71,5,80.66,2,80.62,5,80.61,7,80.6,5,80.51,3,80.86,8,80.96,9,80.97,2,81.0,6,81.01,12,81.05,13,81.06,10,81.07,9,81.12,11,81.54,10
2025-04-10 09:32:06,80.685,80.69,1,80.62,9,80.75,10,80.75,80.62,80.62,9,80.61,7,80.6,5,80.51,3,80.5,10,80.15,2,,,,,,,,,80.75,10,80.76,1,80.8,3,80.85,3,80.86,6,80.96,9,80.97,2,81.0,6,81.01,12,81.05,13
2025-04-10 09:32:07,80.67,80.69,1,80.59,4,80.75,9,80.75,80.59,80.59,4,80.51,3,80.5,10,80.15,2,,,,,,,,,,,,,80.75,9,80.76,1,80.8,3,80.85,3,80.86,6,80.96,9,80.97,2,81.0,6,81.01,12,81.05,13
2025-04-10 09:32:08,80.585,80.53,1,80.5,9,80.67,5,80.67,80.5,80.5,9,80.15,2,,,,,,,,,,,,,,,,,80.67,5,80.74,1,80.75,7,80.76,1,80.8,3,80.85,3,80.86,6,80.96,9,80.97,2,81.0,6
2025-04-10 09:32:09,80.585,80.5,1,80.5,9,80.67,5,80.67,80.5,80.5,9,80.15,2,,,,,,,,,,,,,,,,,80.67,5,80.74,1,80.75,7,80.76,1,80.8,3,80.85,3,80.86,6,80.96,9,80.97,2,81.0,6
2025-04-10 09:32:10,80.585,80.5,1,80.5,9,80.67,5,80.67,80.5,80.5,9,80.15,2,,,,,,,,,,,,,,,,,80.67,5,80.74,1,80.75,7,80.76,1,80.8,3,80.85,3,80.86,6,80.96,9,80.97,2,81.0,6
2025-04-10 09:32:11,80.585,80.5,1,80.5,9,80.67,8,80.67,80.5,80.5,9,80.15,2,,,,,,,,,,,,,,,,,80.67,8,80.74,1,80.75,7,80.76,1,80.8,3,80.85,3,80.86,6,80.96,9,80.97,2,81.0,6
2025-04-10 09:32:12,80.52,80.48,1,80.43,7,80.61,6,80.61,80.43,80.43,7,80.42,1,80.34,1,80.15,2,,,,,,,,,,,,,80.61,6,80.63,1,80.67,8,80.74,1,80.75,7,80.76,1,80.8,3,80.85,3,80.86,6,80.96,9
2025-04-10 09:32:13,80.52,80.44,1,80.43,6,80.61,9,80.61,80.43,80.43,6,80.42,1,80.34,1,80.15,2,,,,,,,,,,,,,80.61,9,80.63,1,80.67,8,80.74,1,80.75,7,80.76,1,80.8,3,80.85,3,80.86,6,80.96,9
2025-04-10 09:32:14,80.52,80.44,1,80.43,6,80.61,9,80.61,80.43,80.43,6,80.42,1,80.34,1,80.15,2,,,,,,,,,,,,,80.61,9,80.63,1,80.67,8,80.74,1,80.75,7,80.76,1,80.8,3,80.85,3,80.86,6,80.96,9
2025-04-10 09:32:15,80.525,80.45,1,80.44,2,80.61,9,80.61,80.44,80.44,2,80.43,6,80.42,1,80.34,1,80.15,2,,,,,,,,,,,80.61,9,80.63,1,80.67,8,80.74,1,80.75,7,80.76,1,80.8,3,80.85,3,80.86,6,80.96,9
2025-04-10 09:32:16,80.525,80.45,1,80.44,2,80.61,9,80.61,80.44,80.44,2,80.43,6,80.42,1,80.34,1,80.15,2,,,,,,,,,,,80.61,9,80.63,1,80.67,8,80.74,1,80.75,7,80.76,1,80.8,3,80.85,3,80.86,6,80.96,9
2025-04-10 09:32:17,80.525,80.45,1,80.44,2,80.61,9,80.61,80.44,80.44,2,80.43,6,80.42,1,80.34,1,80.15,2,,,,,,,,,,,80.61,9,80.63,1,80.67,8,80.74,1,80.75,7,80.76,1,80.8,3,80.85,3,80.86,6,80.96,9
2025-04-10 09:32:18,80.475,80.43,1,80.43,7,80.52,5,80.52,80.43,80.43,7,80.42,1,80.34,1,80.15,2,,,,,,,,,,,,,80.52,5,80.57,2,80.6,1,80.61,9,80.63,1,80.67,8,80.74,1,80.75,7,80.76,1,80.8,3
2025-04-10 09:32:19,80.475,80.45,1,80.43,7,80.52,5,80.52,80.43,80.43,7,80.42,1,80.34,1,80.15,2,,,,,,,,,,,,,80.52,5,80.57,2,80.6,1,80.61,9,80.63,1,80.67,8,80.74,1,80.75,7,80.76,1,80.8,3
2025-04-10 09:32:20,80.52,80.52,1,80.43,9,80.61,7,80.61,80.43,80.43,9,80.42,1,80.34,1,80.15,2,,,,,,,,,,,,,80.61,7,80.63,1,80.67,8,80.74,1,80.75,7,80.76,1,80.8,3,80.85,3,80.86,6,80.96,9
2025-04-10 09:32:21,80.525,80.53,1,80.44,3,80.61,7,80.61,80.44,80.44,3,80.43,9,80.42,1,80.34,1,80.15,2,,,,,,,,,,,80.61,7,80.63,1,80.67,8,80.74,1,80.75,7,80.76,1,80.8,3,80.85,3,80.86,6,80.96,9
2025-04-10 09:32:22,80.525,80.53,1,80.44,3,80.61,7,80.61,80.44,80.44,3,80.43,9,80.42,1,80.34,1,80.15,2,,,,,,,,,,,80.61,7,80.63,1,80.67,8,80.74,1,80.75,7,80.76,1,80.8,3,80.85,3,80.86,6,80.96,9
2025-04-10 09:32:23,80.525,80.53,1,80.44,3,80.61,7,80.61,80.44,80.44,3,80.43,9,80.42,1,80.34,1,80.15,2,,,,,,,,,,,80.61,7,80.63,1,80.67,8,80.74,1,80.75,7,80.76,1,80.8,3,80.85,3,80.86,6,80.96,9
2025-04-10 09:32:24,80.525,80.53,1,80.44,7,80.61,7,80.61,80.44,80.44,7,80.43,9,80.42,1,80.34,1,80.15,2,,,,,,,,,,,80.61,7,80.63,1,80.67,8,80.74,1,80.75,7,80.76,1,80.8,3,80.85,3,80.86,6,80.96,9
2025-04-10 09:32:25,80.525,80.53,1,80.44,7,80.61,7,80.61,80.44,80.44,7,80.43,9,80.42,1,80.34,1,80.15,2,,,,,,,,,,,80.61,7,80.63,1,80.67,8,80.74,1,80.75,7,80.76,1,80.8,3,80.85,3,80.86,6,80.96,9
2025-04-10 09:32:26,80.525,80.53,1,80.44,7,80.61,7,80.61,80.44,80.44,7,80.43,9,80.42,1,80.34,1,80.15,2,,,,,,,,,,,80.61,7,80.63,1,80.67,8,80.74,1,80.75,7,80.76,1,80.8,3,80.85,3,80.86,6,80.96,9
2025-04-10 09:32:27,80.525,80.53,1,80.44,7,80.61,10,80.61,80.44,80.44,7,80.43,9,80.42,1,80.34,1,80.15,2,,,,,,,,,,,80.61,10,80.63,1,80.67,8,80.74,1,80.75,7,80.76,1,80.8,3,80.85,3,80.86,6,80.96,9
2025-04-10 09:32:28,80.525,80.44,1,80.44,8,80.61,10,80.61,80.44,80.44,8,80.43,9,80.42,1,80.34,1,80.15,2,,,,,,,,,,,80.61,10,80.63,1,80.67,8,80.74,1,80.75,7,80.76,1,80.8,3,80.85,3,80.86,6,80.96,9
2025-04-10 09:32:29,80.525,80.44,1,80.44,8,80.61,10,80.61,80.44,80.44,8,80.43,9,80.42,1,80.34,1,80.15,2,,,,,,,,,,,80.61,10,80.63,1,80.67,8,80.74,1,80.75,7,80.76,1,80.8,3,80.85,3,80.86,6,80.96,9
2025-04-10 09:32:30,80.525,80.44,1,80.44,8,80.61,10,80.61,80.44,80.44,8,80.43,9,80.42,1,80.34,1,80.15,2,,,,,,,,,,,80.61,10,80.63,1,80.67,8,80.74,1,80.75,7,80.76,1,80.8,3,80.85,3,80.86,6,80.96,9
2025-04-10 09:32:31,80.525,80.51,2,80.44,8,80.61,10,80.61,80.44,80.44,8,80.43,9,80.42,1,80.34,1,80.15,2,,,,,,,,,,,80.61,10,80.63,1,80.67,8,80.74,1,80.75,7,80.76,1,80.8,3,80.85,3,80.86,6,80.96,9
2025-04-10 09:32:32,80.525,80.53,1,80.44,8,80.61,10,80.61,80.44,80.44,8,80.43,9,80.42,1,80.34,1,80.15,2,,,,,,,,,,,80.61,10,80.63,1,80.67,8,80.74,1,80.75,7,80.76,1,80.8,3,80.85,3,80.86,6,80.96,9
2025-04-10 09:32:33,80.525,80.53,1,80.44,8,80.61,10,80.61,80.44,80.44,8,80.43,9,80.42,1,80.34,1,80.15,2,,,,,,,,,,,80.61,10,80.63,1,80.67,8,80.74,1,80.75,7,80.76,1,80.8,3,80.85,3,80.86,6,80.96,9
2025-04-10 09:32:34,80.525,80.53,1,80.44,8,80.61,10,80.61,80.44,80.44,8,80.43,9,80.42,1,80.34,1,80.15,2,,,,,,,,,,,80.61,10,80.63,1,80.67,8,80.74,1,80.75,7,80.76,1,80.8,3,80.85,3,80.86,6,80.96,9
2025-04-10 09:32:35,80.525,80.45,1,80.44,7,80.61,10,80.61,80.44,80.44,7,80.43,9,80.42,1,80.34,1,80.15,2,,,,,,,,,,,80.61,10,80.63,1,80.67,8,80.74,1,80.75,7,80.76,1,80.8,3,80.85,3,80.86,6,80.96,9
2025-04-10 09:32:36,80.525,80.44,1,80.44,7,80.61,10,80.61,80.44,80.44,7,80.43,9,80.42,1,80.34,1,80.15,2,,,,,,,,,,,80.61,10,80.63,1,80.67,8,80.74,1,80.75,7,80.76,1,80.8,3,80.85,3,80.86,6,80.96,9
2025-04-10 09:32:37,80.52,80.45,1,80.44,8,80.6,4,80.6,80.44,80.44,8,80.43,9,80.42,1,80.34,1,80.15,2,,,,,,,,,,,80.6,4,80.61,10,80.63,1,80.67,8,80.74,1,80.75,7,80.76,1,80.8,3,80.85,3,80.86,6
2025-04-10 09:32:38,80.52,80.52,2,80.44,8,80.6,4,80.6,80.44,80.44,8,80.43,9,80.42,1,80.34,1,80.15,2,,,,,,,,,,,80.6,4,80.61,10,80.63,1,80.67,8,80.74,1,80.75,7,80.76,1,80.8,3,80.85,3,80.86,6
2025-04-10 09:32:39,80.41,80.5,8,80.34,2,80.48,3,80.48,80.34,80.34,2,80.15,2,,,,,,,,,,,,,,,,,80.48,3,80.5,1,80.53,3,80.57,1,80.6,4,80.61,10,80.63,1,80.67,8,80.74,1,80.75,7
2025-04-10 09:32:40,80.41,80.5,8,80.34,2,80.48,5,80.48,80.34,80.34,2,80.15,2,,,,,,,,,,,,,,,,,80.48,5,80.5,1,80.53,3,80.57,1,80.6,4,80.61,10,80.63,1,80.67,8,80.74,1,80.75,7
2025-04-10 09:32:41,80.41,80.41,1,80.34,2,80.48,5,80.48,80.34,80.34,2,80.15,2,,,,,,,,,,,,,,,,,80.48,5,80.5,1,80.53,3,80.57,1,80.6,4,80.61,10,80.63,1,80.67,8,80.74,1,80.75,7
2025-04-10 09:32:42,80.41,80.41,1,80.34,2,80.48,9,80.48,80.34,80.34,2,80.15,2,,,,,,,,,,,,,,,,,80.48,9,80.5,1,80.53,3,80.57,1,80.6,4,80.61,10,80.63,1,80.67,8,80.74,1,80.75,7
2025-04-10 09:32:43,80.41,80.41,1,80.34,2,80.48,9,80.48,80.34,80.34,2,80.15,2,,,,,,,,,,,,,,,,,80.48,9,80.5,1,80.53,3,80.57,1,80.6,4,80.61,10,80.63,1,80.67,8,80.74,1,80.75,7
2025-04-10 09:32:44,80.41,80.41,1,80.34,2,80.48,11,80.48,80.34,80.34,2,80.15,2,,,,,,,,,,,,,,,,,80.48,11,80.5,1,80.53,3,80.57,1,80.6,4,80.61,10,80.63,1,80.67,8,80.74,1,80.75,7
2025-04-10 09:32:45,80.41,80.41,8,80.34,2,80.48,11,80.48,80.34,80.34,2,80.15,2,,,,,,,,,,,,,,,,,80.48,11,80.5,1,80.53,3,80.57,1,80.6,4,80.61,10,80.63,1,80.67,8,80.74,1,80.75,7
2025-04-10 09:32:46,80.455,80.47,1,80.43,8,80.48,11,80.48,80.43,80.43,8,80.36,1,80.34,2,80.15,2,,,,,,,,,,,,,80.48,11,80.5,1,80.53,3,80.57,1,80.6,4,80.61,10,80.63,1,80.67,8,80.74,1,80.75,7
2025-04-10 09:32:47,80.435,80.48,1,80.34,2,80.53,11,80.53,80.34,80.34,2,80.15,2,,,,,,,,,,,,,,,,,80.53,11,80.57,1,80.6,4,80.61,10,80.63,1,80.67,8,80.74,1,80.75,7,80.76,1,80.8,3
2025-04-10 09:32:48,80.45,80.48,1,80.37,3,80.53,9,80.53,80.37,80.37,3,80.36,5,80.34,2,80.15,2,,,,,,,,,,,,,80.53,9,80.57,1,80.6,4,80.61,10,80.63,1,80.67,8,80.74,1,80.75,7,80.76,1,80.8,3
2025-04-10 09:32:49,80.45,80.48,1,80.37,3,80.53,10,80.53,80.37,80.37,3,80.36,5,80.34,2,80.15,2,,,,,,,,,,,,,80.53,10,80.57,1,80.6,4,80.61,10,80.63,1,80.67,8,80.74,1,80.75,7,80.76,1,80.8,3
2025-04-10 09:32:50,80.45,80.48,1,80.37,3,80.53,10,80.53,80.37,80.37,3,80.36,5,80.34,2,80.15,2,,,,,,,,,,,,,80.53,10,80.57,1,80.6,4,80.61,10,80.63,1,80.67,8,80.74,1,80.75,7,80.76,1,80.8,3
2025-04-10 09:32:51,80.45,80.45,1,80.37,3,80.53,10,80.53,80.37,80.37,3,80.36,5,80.34,2,80.15,2,,,,,,,,,,,,,80.53,10,80.57,1,80.6,4,80.61,10,80.63,1,80.67,8,80.74,1,80.75,7,80.76,1,80.8,3
2025-04-10 09:32:52,80.43,80.45,1,80.37,2,80.49,3,80.49,80.37,80.37,2,80.36,5,80.34,2,80.15,2,,,,,,,,,,,,,80.49,3,80.53,12,80.57,1,80.6,4,80.61,10,80.63,1,80.67,8,80.74,1,80.75,7,80.76,1
2025-04-10 09:32:53,80.43,80.45,1,80.37,2,80.49,6,80.49,80.37,80.37,2,80.36,5,80.34,2,80.15,2,,,,,,,,,,,,,80.49,6,80.53,12,80.57,1,80.6,4,80.61,10,80.63,1,80.67,8,80.74,1,80.75,7,80.76,1
2025-04-10 09:32:54,80.43,80.43,1,80.37,2,80.49,5,80.49,80.37,80.37,2,80.36,5,80.34,2,80.15,2,,,,,,,,,,,,,80.49,5,80.53,12,80.57,1,80.6,4,80.61,10,80.63,1,80.67,8,80.74,1,80.75,7,80.76,1
2025-04-10 09:32:55,80.43,80.43,1,80.37,4,80.49,5,80.49,80.37,80.37,4,80.36,5,80.34,2,80.15,2,,,,,,,,,,,,,80.49,5,80.53,12,80.57,1,80.6,4,80.61,10,80.63,1,80.67,8,80.74,1,80.75,7,80.76,1
2025-04-10 09:32:56,80.43,80.43,1,80.37,4,80.49,5,80.49,80.37,80.37,4,80.36,5,80.34,2,80.15,2,,,,,,,,,,,,,80.49,5,80.53,12,80.57,1,80.6,4,80.61,10,80.63,1,80.67,8,80.74,1,80.75,7,80.76,1
2025-04-10 09:32:57,80.43,80.43,1,80.37,6,80.49,5,80.49,80.37,80.37,6,80.36,5,80.34,2,80.15,2,,,,,,,,,,,,,80.49,5,80.53,12,80.57,1,80.6,4,80.61,10,80.63,1,80.67,8,80.74,1,80.75,7,80.76,1
2025-04-10 09:32:58,80.43,80.43,1,80.37,6,80.49,6,80.49,80.37,80.37,6,80.36,5,80.34,2,80.15,2,,,,,,,,,,,,,80.49,6,80.53,12,80.57,1,80.6,4,80.61,10,80.63,1,80.67,8,80.74,1,80.75,7,80.76,1
2025-04-10 09:32:59,80.425,80.47,1,80.37,6,80.48,2,80.48,80.37,80.37,6,80.36,5,80.34,2,80.15,2,,,,,,,,,,,,,80.48,2,80.49,6,80.53,12,80.57,1,80.6,4,80.61,10,80.63,1,80.67,8,80.74,1,80.75,7
2025-04-10 09:33:00,80.425,80.43,2,80.37,6,80.48,6,80.48,80.37,80.37,6,80.36,5,80.34,2,80.15,2,,,,,,,,,,,,,80.48,6,80.49,6,80.53,12,80.57,1,80.6,4,80.61,10,80.63,1,80.67,8,80.74,1,80.75,7
2025-04-10 09:33:01,80.425,80.43,11,80.37,6,80.48,6,80.48,80.37,80.37,6,80.36,5,80.34,2,80.15,2,,,,,,,,,,,,,80.48,6,80.49,6,80.53,12,80.57,1,80.6,4,80.61,10,80.63,1,80.67,8,80.74,1,80.75,7
2025-04-10 09:33:02,80.425,80.43,1,80.37,6,80.48,6,80.48,80.37,80.37,6,80.36,5,80.34,2,80.15,2,,,,,,,,,,,,,80.48,6,80.49,6,80.53,12,80.57,1,80.6,4,80.61,10,80.63,1,80.67,8,80.74,1,80.75,7
2025-04-10 09:33:03,80.425,80.47,1,80.37,6,80.48,6,80.48,80.37,80.37,6,80.36,5,80.34,2,80.15,2,,,,,,,,,,,,,80.48,6,80.49,6,80.53,12,80.57,1,80.6,4,80.61,10,80.63,1,80.67,8,80.74,1,80.75,7
2025-04-10 09:33:04,80.505,80.48,1,80.47,3,80.54,1,80.54,80.47,80.47,3,80.4,3,80.37,6,80.36,5,80.34,2,80.15,2,,,,,,,,,80.54,1,80.57,1,80.6,4,80.61,10,80.63,1,80.67,8,80.74,1,80.75,7,80.76,1,80.8,3
2025-04-10 09:33:05,80.475,80.48,1,80.41,6,80.54,2,80.54,80.41,80.41,6,80.4,3,80.37,6,80.36,5,80.34,2,80.15,2,,,,,,,,,80.54,2,80.57,1,80.6,4,80.61,10,80.63,1,80.67,8,80.74,1,80.75,7,80.76,1,80.8,3
2025-04-10 09:33:06,80.475,80.48,1,80.41,6,80.54,2,80.54,80.41,80.41,6,80.4,3,80.37,6,80.36,5,80.34,2,80.15,2,,,,,,,,,80.54,2,80.57,1,80.6,4,80.61,10,80.63,1,80.67,8,80.74,1,80.75,7,80.76,1,80.8,3
2025-04-10 09:33:07,80.475,80.47,1,80.41,8,80.54,3,80.54,80.41,80.41,8,80.4,3,80.37,6,80.36,5,80.34,2,80.15,2,,,,,,,,,80.54,3,80.57,1,80.6,4,80.61,10,80.63,1,80.67,8,80.74,1,80.75,7,80.76,1,80.8,3
2025-04-10 09:33:08,80.475,80.47,1,80.41,9,80.54,14,80.54,80.41,80.41,9,80.4,3,80.37,6,80.36,5,80.34,2,80.15,2,,,,,,,,,80.54,14,80.57,1,80.6,4,80.61,10,80.63,1,80.67,8,80.74,1,80.75,7,80.76,1,80.8,3
2025-04-10 09:33:09,80.475,80.41,1,80.41,9,80.54,14,80.54,80.41,80.41,9,80.4,3,80.37,6,80.36,5,80.34,2,80.15,2,,,,,,,,,80.54,14,80.57,1,80.6,4,80.61,10,80.63,1,80.67,8,80.74,1,80.75,7,80.76,1,80.8,3
2025-04-10 09:33:10,80.475,80.41,1,80.41,10,80.54,14,80.54,80.41,80.41,10,80.4,3,80.37,6,80.36,5,80.34,2,80.15,2,,,,,,,,,80.54,14,80.57,1,80.6,4,80.61,10,80.63,1,80.67,8,80.74,1,80.75,7,80.76,1,80.8,3
2025-04-10 09:33:11,80.475,80.41,1,80.41,10,80.54,14,80.54,80.41,80.41,10,80.4,3,80.37,6,80.36,5,80.34,2,80.15,2,,,,,,,,,80.54,14,80.57,1,80.6,4,80.61,10,80.63,1,80.67,8,80.74,1,80.75,7,80.76,1,80.8,3
2025-04-10 09:33:12,80.475,80.47,1,80.41,10,80.54,14,80.54,80.41,80.41,10,80.4,3,80.37,6,80.36,5,80.34,2,80.15,2,,,,,,,,,80.54,14,80.57,1,80.6,4,80.61,10,80.63,1,80.67,8,80.74,1,80.75,7,80.76,1,80.8,3
2025-04-10 09:33:13,80.475,80.47,1,80.41,10,80.54,14,80.54,80.41,80.41,10,80.4,3,80.37,6,80.36,5,80.34,2,80.15,2,,,,,,,,,80.54,14,80.57,1,80.6,4,80.61,10,80.63,1,80.67,8,80.74,1,80.75,7,80.76,1,80.8,3
2025-04-10 09:33:14,80.475,80.47,1,80.41,10,80.54,14,80.54,80.41,80.41,10,80.4,3,80.37,6,80.36,5,80.34,2,80.15,2,,,,,,,,,80.54,14,80.57,1,80.6,4,80.61,10,80.63,1,80.67,8,80.74,1,80.75,7,80.76,1,80.8,3
2025-04-10 09:33:15,80.46,80.47,1,80.44,3,80.48,2,80.48,80.44,80.44,3,80.43,3,80.41,10,80.4,3,80.37,6,80.36,5,80.34,2,80.15,2,,,,,80.48,2,80.54,14,80.57,1,80.6,4,80.61,10,80.63,1,80.67,8,80.74,1,80.75,7,80.76,1
2025-04-10 09:33:16,80.49,80.44,1,80.44,7,80.54,14,80.54,80.44,80.44,7,80.43,3,80.41,10,80.4,3,80.37,6,80.36,5,80.34,2,80.15,2,,,,,80.54,14,80.57,1,80.6,4,80.61,10,80.63,1,80.67,8,80.74,1,80.75,7,80.76,1,80.8,3
2025-04-10 09:33:17,80.47,80.47,1,80.44,7,80.5,1,80.5,80.44,80.44,7,80.43,3,80.41,10,80.4,3,80.37,6,80.36,5,80.34,2,80.15,2,,,,,80.5,1,80.54,13,80.57,1,80.6,4,80.61,10,80.63,1,80.67,8,80.74,1,80.75,7,80.76,1
2025-04-10 09:33:18,80.47,80.47,1,80.44,7,80.5,1,80.5,80.44,80.44,7,80.43,3,80.41,10,80.4,3,80.37,6,80.36,5,80.34,2,80.15,2,,,,,80.5,1,80.54,13,80.57,1,80.6,4,80.61,10,80.63,1,80.67,8,80.74,1,80.75,7,80.76,1
2025-04-10 09:33:19,80.5,80.49,1,80.46,3,80.54,17,80.54,80.46,80.46,3,80.45,3,80.44,8,80.43,3,80.41,10,80.4,3,80.37,6,80.36,5,80.34,2,80.15,2,80.54,17,80.57,1,80.6,4,80.61,10,80.63,1,80.67,8,80.74,1,80.75,7,80.76,1,80.8,3
2025-04-10 09:33:20,80.425,80.42,1,80.37,7,80.48,4,80.48,80.37,80.37,7,80.36,5,80.34,2,80.15,2,,,,,,,,,,,,,80.48,4,80.54,17,80.57,1,80.6,4,80.61,10,80.63,1,80.67,8,80.74,1,80.75,7,80.76,1
2025-04-10 09:33:21,80.425,80.43,2,80.37,7,80.48,4,80.48,80.37,80.37,7,80.36,5,80.34,2,80.15,2,,,,,,,,,,,,,80.48,4,80.54,17,80.57,1,80.6,4,80.61,10,80.63,1,80.67,8,80.74,1,80.75,7,80.76,1
2025-04-10 09:33:22,80.425,80.43,3,80.37,10,80.48,6,80.48,80.37,80.37,10,80.36,5,80.34,2,80.15,2,,,,,,,,,,,,,80.48,6,80.54,17,80.57,1,80.6,4,80.61,10,80.63,1,80.67,8,80.74,1,80.75,7,80.76,1
2025-04-10 09:33:23,80.425,80.47,1,80.37,10,80.48,6,80.48,80.37,80.37,10,80.36,5,80.34,2,80.15,2,,,,,,,,,,,,,80.48,6,80.54,17,80.57,1,80.6,4,80.61,10,80.63,1,80.67,8,80.74,1,80.75,7,80.76,1
2025-04-10 09:33:24,80.575,80.61,1,80.54,1,80.61,12,80.61,80.54,80.54,1,80.48,5,80.44,1,80.38,1,80.37,10,80.36,5,80.34,2,80.15,2,,,,,80.61,12,80.63,1,80.67,8,80.74,1,80.75,7,80.76,1,80.8,3,80.85,3,80.86,6,80.96,9
2025-04-10 09:33:25,80.575,80.61,1,80.54,1,80.61,12,80.61,80.54,80.54,1,80.48,5,80.44,1,80.38,1,80.37,10,80.36,5,80.34,2,80.15,2,,,,,80.61,12,80.63,1,80.67,8,80.74,1,80.75,7,80.76,1,80.8,3,80.85,3,80.86,6,80.96,9
2025-04-10 09:33:26,80.575,80.61,1,80.54,1,80.61,12,80.61,80.54,80.54,1,80.48,5,80.44,1,80.38,1,80.37,10,80.36,5,80.34,2,80.15,2,,,,,80.61,12,80.63,1,80.67,8,80.74,1,80.75,7,80.76,1,80.8,3,80.85,3,80.86,6,80.96,9
2025-04-10 09:33:27,80.545,80.61,1,80.48,5,80.61,12,80.61,80.48,80.48,5,80.44,1,80.38,1,80.37,10,80.36,5,80.34,2,80.15,2,,,,,,,80.61,12,80.63,1,80.67,8,80.74,1,80.75,7,80.76,1,80.8,3,80.85,3,80.86,6,80.96,9
2025-04-10 09:33:28,80.545,80.61,1,80.48,6,80.61,12,80.61,80.48,80.48,6,80.44,1,80.38,1,80.37,10,80.36,5,80.34,2,80.15,2,,,,,,,80.61,12,80.63,1,80.67,8,80.74,1,80.75,7,80.76,1,80.8,3,80.85,3,80.86,6,80.96,9
2025-04-10 09:33:29,80.545,80.61,1,80.48,6,80.61,12,80.61,80.48,80.48,6,80.44,1,80.38,1,80.37,10,80.36,5,80.34,2,80.15,2,,,,,,,80.61,12,80.63,1,80.67,8,80.74,1,80.75,7,80.76,1,80.8,3,80.85,3,80.86,6,80.96,9
2025-04-10 09:33:30,80.515,80.55,1,80.48,6,80.55,2,80.55,80.48,80.48,6,80.44,1,80.38,1,80.37,10,80.36,5,80.34,2,80.15,2,,,,,,,80.55,2,80.61,12,80.63,1,80.67,8,80.74,1,80.75,7,80.76,1,80.8,3,80.85,3,80.86,6
2025-04-10 09:33:31,80.545,80.55,1,80.48,6,80.61,12,80.61,80.48,80.48,6,80.44,1,80.38,1,80.37,10,80.36,5,80.34,2,80.15,2,,,,,,,80.61,12,80.63,1,80.67,8,80.74,1,80.75,7,80.76,1,80.8,3,80.85,3,80.86,6,80.96,9
2025-04-10 09:33:32,80.545,80.55,1,80.48,9,80.61,12,80.61,80.48,80.48,9,80.44,1,80.38,1,80.37,10,80.36,5,80.34,2,80.15,2,,,,,,,80.61,12,80.63,1,80.67,8,80.74,1,80.75,7,80.76,1,80.8,3,80.85,3,80.86,6,80.96,9
2025-04-10 09:33:33,80.555,80.63,1,80.48,11,80.63,1,80.63,80.48,80.48,11,80.44,1,80.38,1,80.37,10,80.36,5,80.34,2,80.15,2,,,,,,,80.63,1,80.67,8,80.74,1,80.75,7,80.76,1,80.8,3,80.85,3,80.86,6,80.96,9,80.97,2
2025-04-10 09:33:34,80.555,80.63,1,80.48,11,80.63,1,80.63,80.48,80.48,11,80.44,1,80.38,1,80.37,10,80.36,5,80.34,2,80.15,2,,,,,,,80.63,1,80.67,8,80.74,1,80.75,7,80.76,1,80.8,3,80.85,3,80.86,6,80.96,9,80.97,2
2025-04-10 09:33:35,80.555,80.63,1,80.48,11,80.63,1,80.63,80.48,80.48,11,80.44,1,80.38,1,80.37,10,80.36,5,80.34,2,80.15,2,,,,,,,80.63,1,80.67,8,80.74,1,80.75,7,80.76,1,80.8,3,80.85,3,80.86,6,80.96,9,80.97,2
2025-04-10 09:33:36,80.555,80.56,2,80.48,11,80.63,1,80.63,80.48,80.48,11,80.44,1,80.38,1,80.37,10,80.36,5,80.34,2,80.15,2,,,,,,,80.63,1,80.67,8,80.74,1,80.75,7,80.76,1,80.8,3,80.85,3,80.86,6,80.96,9,80.97,2
2025-04-10 09:33:37,80.555,80.56,2,80.48,11,80.63,1,80.63,80.48,80.48,11,80.44,1,80.38,1,80.37,10,80.36,5,80.34,2,80.15,2,,,,,,,80.63,1,80.67,8,80.74,1,80.75,7,80.76,1,80.8,3,80.85,3,80.86,6,80.96,9,80.97,2
2025-04-10 09:33:38,80.555,80.56,2,80.48,11,80.63,3,80.63,80.48,80.48,11,80.44,1,80.38,1,80.37,10,80.36,5,80.34,2,80.15,2,,,,,,,80.63,3,80.67,8,80.74,1,80.75,7,80.76,1,80.8,3,80.85,3,80.86,6,80.96,9,80.97,2
2025-04-10 09:33:39,80.555,80.61,4,80.48,10,80.63,3,80.63,80.48,80.48,10,80.44,1,80.38,1,80.37,10,80.36,5,80.34,2,80.15,2,,,,,,,80.63,3,80.67,8,80.74,1,80.75,7,80.76,1,80.8,3,80.85,3,80.86,6,80.96,9,80.97,2
2025-04-10 09:33:40,80.555,80.56,1,80.48,10,80.63,3,80.63,80.48,80.48,10,80.44,1,80.38,1,80.37,10,80.36,5,80.34,2,80.15,2,,,,,,,80.63,3,80.67,8,80.74,1,80.75,7,80.76,1,80.8,3,80.85,3,80.86,6,80.96,9,80.97,2
2025-04-10 09:33:41,80.555,80.56,1,80.48,10,80.63,3,80.63,80.48,80.48,10,80.44,1,80.38,1,80.37,10,80.36,5,80.34,2,80.15,2,,,,,,,80.63,3,80.67,8,80.74,1,80.75,7,80.76,1,80.8,3,80.85,3,80.86,6,80.96,9,80.97,2
2025-04-10 09:33:43,80.555,80.56,1,80.48,10,80.63,3,80.63,80.48,80.48,10,80.44,1,80.38,1,80.37,10,80.36,5,80.34,2,80.15,2,,,,,,,80.63,3,80.67,8,80.74,1,80.75,7,80.76,1,80.8,3,80.85,3,80.86,6,80.96,9,80.97,2
2025-04-10 09:33:43,80.56,80.56,1,80.49,5,80.63,4,80.63,80.49,80.49,5,80.48,12,80.44,1,80.38,1,80.37,10,80.36,5,80.34,2,80.15,2,,,,,80.63,4,80.67,8,80.74,1,80.75,7,80.76,1,80.8,3,80.85,3,80.86,6,80.96,9,80.97,2
2025-04-10 09:33:44,80.56,80.56,1,80.49,6,80.63,7,80.63,80.49,80.49,6,80.48,12,80.44,1,80.38,1,80.37,10,80.36,5,80.34,2,80.15,2,,,,,80.63,7,80.67,8,80.74,1,80.75,7,80.76,1,80.8,3,80.85,3,80.86,6,80.96,9,80.97,2
2025-04-10 09:33:46,80.56,80.56,1,80.49,6,80.63,7,80.63,80.49,80.49,6,80.48,12,80.44,1,80.38,1,80.37,10,80.36,5,80.34,2,80.15,2,,,,,80.63,7,80.67,8,80.74,1,80.75,7,80.76,1,80.8,3,80.85,3,80.86,6,80.96,9,80.97,2
2025-04-10 09:33:47,80.56,80.51,7,80.49,6,80.63,7,80.63,80.49,80.49,6,80.48,12,80.44,1,80.38,1,80.37,10,80.36,5,80.34,2,80.15,2,,,,,80.63,7,80.67,8,80.74,1,80.75,7,80.76,1,80.8,3,80.85,3,80.86,6,80.96,9,80.97,2
2025-04-10 09:33:47,80.56,80.56,1,80.49,6,80.63,7,80.63,80.49,80.49,6,80.48,12,80.44,1,80.38,1,80.37,10,80.36,5,80.34,2,80.15,2,,,,,80.63,7,80.67,8,80.74,1,80.75,7,80.76,1,80.8,3,80.85,3,80.86,6,80.96,9,80.97,2
2025-04-10 09:33:49,80.56,80.56,1,80.49,6,80.63,7,80.63,80.49,80.49,6,80.48,12,80.44,1,80.38,1,80.37,10,80.36,5,80.34,2,80.15,2,,,,,80.63,7,80.67,8,80.74,1,80.75,7,80.76,1,80.8,3,80.85,3,80.86,6,80.96,9,80.97,2
2025-04-10 09:33:50,80.56,80.56,1,80.49,6,80.63,7,80.63,80.49,80.49,6,80.48,12,80.44,1,80.38,1,80.37,10,80.36,5,80.34,2,80.15,2,,,,,80.63,7,80.67,8,80.74,1,80.75,7,80.76,1,80.8,3,80.85,3,80.86,6,80.96,9,80.97,2
2025-04-10 09:33:50,80.56,80.56,1,80.49,7,80.63,7,80.63,80.49,80.49,7,80.48,12,80.44,1,80.38,1,80.37,10,80.36,5,80.34,2,80.15,2,,,,,80.63,7,80.67,8,80.74,1,80.75,7,80.76,1,80.8,3,80.85,3,80.86,6,80.96,9,80.97,2
2025-04-10 09:33:51,80.56,80.49,1,80.49,7,80.63,7,80.63,80.49,80.49,7,80.48,12,80.44,1,80.38,1,80.37,10,80.36,5,80.34,2,80.15,2,,,,,80.63,7,80.67,8,80.74,1,80.75,7,80.76,1,80.8,3,80.85,3,80.86,6,80.96,9,80.97,2
2025-04-10 09:33:53,80.56,80.49,1,80.49,7,80.63,7,80.63,80.49,80.49,7,80.48,12,80.44,1,80.38,1,80.37,10,80.36,5,80.34,2,80.15,2,,,,,80.63,7,80.67,8,80.74,1,80.75,7,80.76,1,80.8,3,80.85,3,80.86,6,80.96,9,80.97,2
2025-04-10 09:33:53,80.47,80.45,1,80.37,10,80.57,5,80.57,80.37,80.37,10,80.36,5,80.34,2,80.15,2,,,,,,,,,,,,,80.57,5,80.63,7,80.67,8,80.74,1,80.75,7,80.76,1,80.8,3,80.85,3,80.86,6,80.96,9
2025-04-10 09:33:55,80.46,80.39,1,80.37,8,80.55,4,80.55,80.37,80.37,8,80.36,1,80.34,6,80.15,2,,,,,,,,,,,,,80.55,4,80.56,7,80.57,5,80.63,7,80.67,8,80.74,1,80.75,7,80.76,1,80.8,3,80.85,3
2025-04-10 09:33:56,80.46,80.46,4,80.37,8,80.55,4,80.55,80.37,80.37,8,80.36,1,80.34,6,80.15,2,,,,,,,,,,,,,80.55,4,80.56,7,80.57,5,80.63,7,80.67,8,80.74,1,80.75,7,80.76,1,80.8,3,80.85,3
2025-04-10 09:33:57,80.46,80.46,8,80.37,7,80.55,4,80.55,80.37,80.37,7,80.36,1,80.34,6,80.15,2,,,,,,,,,,,,,80.55,4,80.56,7,80.57,5,80.63,7,80.67,8,80.74,1,80.75,7,80.76,1,80.8,3,80.85,3
2025-04-10 09:33:58,80.46,80.46,8,80.37,7,80.55,4,80.55,80.37,80.37,7,80.36,1,80.34,6,80.15,2,,,,,,,,,,,,,80.55,4,80.56,7,80.57,5,80.63,7,80.67,8,80.74,1,80.75,7,80.76,1,80.8,3,80.85,3
2025-04-10 09:33:59,80.46,80.4,1,80.37,7,80.55,4,80.55,80.37,80.37,7,80.36,1,80.34,6,80.15,2,,,,,,,,,,,,,80.55,4,80.56,7,80.57,5,80.63,7,80.67,8,80.74,1,80.75,7,80.76,1,80.8,3,80.85,3
2025-04-10 09:34:00,80.46,80.4,1,80.37,7,80.55,4,80.55,80.37,80.37,7,80.36,1,80.34,6,80.15,2,,,,,,,,,,,,,80.55,4,80.56,7,80.57,5,80.63,7,80.67,8,80.74,1,80.75,7,80.76,1,80.8,3,80.85,3
2025-04-10 09:34:01,80.46,80.46,1,80.37,7,80.55,4,80.55,80.37,80.37,7,80.36,1,80.34,6,80.15,2,,,,,,,,,,,,,80.55,4,80.56,7,80.57,5,80.63,7,80.67,8,80.74,1,80.75,7,80.76,1,80.8,3,80.85,3
2025-04-10 09:34:02,80.46,80.46,1,80.37,7,80.55,4,80.55,80.37,80.37,7,80.36,1,80.34,6,80.15,2,,,,,,,,,,,,,80.55,4,80.56,7,80.57,5,80.63,7,80.67,8,80.74,1,80.75,7,80.76,1,80.8,3,80.85,3
2025-04-10 09:34:02,80.455,80.45,1,80.37,7,80.54,3,80.54,80.37,80.37,7,80.36,1,80.34,6,80.15,2,,,,,,,,,,,,,80.54,3,80.55,7,80.56,7,80.57,5,80.63,7,80.67,8,80.74,1,80.75,7,80.76,1,80.8,3
2025-04-10 09:34:04,80.455,80.42,3,80.36,3,80.55,7,80.55,80.36,80.36,3,80.33,5,80.15,2,,,,,,,,,,,,,,,80.55,7,80.56,7,80.57,5,80.63,7,80.67,8,80.74,1,80.75,7,80.76,1,80.8,3,80.85,3
2025-04-10 09:34:04,80.455,80.42,3,80.36,3,80.55,7,80.55,80.36,80.36,3,80.33,5,80.15,2,,,,,,,,,,,,,,,80.55,7,80.56,7,80.57,5,80.63,7,80.67,8,80.74,1,80.75,7,80.76,1,80.8,3,80.85,3
2025-04-10 09:34:06,80.41,80.42,3,80.36,5,80.46,3,80.46,80.36,80.36,5,80.33,5,80.15,2,,,,,,,,,,,,,,,80.46,3,80.55,7,80.56,7,80.57,5,80.63,7,80.67,8,80.74,1,80.75,7,80.76,1,80.8,3
2025-04-10 09:34:07,80.41,80.42,3,80.36,5,80.46,3,80.46,80.36,80.36,5,80.33,5,80.15,2,,,,,,,,,,,,,,,80.46,3,80.55,7,80.56,7,80.57,5,80.63,7,80.67,8,80.74,1,80.75,7,80.76,1,80.8,3
2025-04-10 09:34:08,80.385,80.41,4,80.31,5,80.46,6,80.46,80.31,80.31,5,80.15,2,,,,,,,,,,,,,,,,,80.46,6,80.55,7,80.56,7,80.57,5,80.63,7,80.67,8,80.74,1,80.75,7,80.76,1,80.8,3
2025-04-10 09:34:09,80.385,80.39,2,80.31,9,80.46,5,80.46,80.31,80.31,9,80.15,2,,,,,,,,,,,,,,,,,80.46,5,80.55,7,80.56,7,80.57,5,80.63,7,80.67,8,80.74,1,80.75,7,80.76,1,80.8,3
2025-04-10 09:34:10,80.385,80.39,2,80.31,9,80.46,7,80.46,80.31,80.31,9,80.15,2,,,,,,,,,,,,,,,,,80.46,7,80.55,7,80.56,7,80.57,5,80.63,7,80.67,8,80.74,1,80.75,7,80.76,1,80.8,3
2025-04-10 09:34:11,80.34,80.34,1,80.31,9,80.37,33,80.37,80.31,80.31,9,80.15,2,,,,,,,,,,,,,,,,,80.37,33,80.4,1,80.41,1,80.46,7,80.55,7,80.56,7,80.57,5,80.63,7,80.67,8,80.74,1
2025-04-10 09:34:12,80.34,80.34,1,80.31,9,80.37,33,80.37,80.31,80.31,9,80.15,2,,,,,,,,,,,,,,,,,80.37,33,80.4,1,80.41,1,80.46,7,80.55,7,80.56,7,80.57,5,80.63,7,80.67,8,80.74,1
2025-04-10 09:34:13,80.34,80.34,1,80.31,9,80.37,34,80.37,80.31,80.31,9,80.15,2,,,,,,,,,,,,,,,,,80.37,34,80.4,1,80.41,1,80.46,7,80.55,7,80.56,7,80.57,5,80.63,7,80.67,8,80.74,1
2025-04-10 09:34:14,80.34,80.34,1,80.31,9,80.37,34,80.37,80.31,80.31,9,80.15,2,,,,,,,,,,,,,,,,,80.37,34,80.4,1,80.41,1,80.46,7,80.55,7,80.56,7,80.57,5,80.63,7,80.67,8,80.74,1
2025-04-10 09:34:15,80.355,80.31,1,80.3,13,80.41,4,80.41,80.3,80.3,13,80.15,2,,,,,,,,,,,,,,,,,80.41,4,80.46,7,80.55,7,80.56,7,80.57,5,80.63,7,80.67,8,80.74,1,80.75,7,80.76,1
2025-04-10 09:34:16,80.355,80.36,2,80.3,13,80.41,6,80.41,80.3,80.3,13,80.15,2,,,,,,,,,,,,,,,,,80.41,6,80.46,7,80.55,7,80.56,7,80.57,5,80.63,7,80.67,8,80.74,1,80.75,7,80.76,1
2025-04-10 09:34:17,80.355,80.36,2,80.3,13,80.41,6,80.41,80.3,80.3,13,80.15,2,,,,,,,,,,,,,,,,,80.41,6,80.46,7,80.55,7,80.56,7,80.57,5,80.63,7,80.67,8,80.74,1,80.75,7,80.76,1
2025-04-10 09:34:18,80.36,80.36,1,80.31,3,80.41,6,80.41,80.31,80.31,3,80.3,13,80.15,2,,,,,,,,,,,,,,,80.41,6,80.46,7,80.55,7,80.56,7,80.57,5,80.63,7,80.67,8,80.74,1,80.75,7,80.76,1
2025-04-10 09:34:19,80.36,80.36,1,80.31,3,80.41,6,80.41,80.31,80.31,3,80.3,13,80.15,2,,,,,,,,,,,,,,,80.41,6,80.46,7,80.55,7,80.56,7,80.57,5,80.63,7,80.67,8,80.74,1,80.75,7,80.76,1
2025-04-10 09:34:20,80.36,80.36,1,80.31,3,80.41,6,80.41,80.31,80.31,3,80.3,13,80.15,2,,,,,,,,,,,,,,,80.41,6,80.46,7,80.55,7,80.56,7,80.57,5,80.63,7,80.67,8,80.74,1,80.75,7,80.76,1
2025-04-10 09:34:21,80.44,80.44,1,80.37,5,80.51,4,80.51,80.37,80.37,5,80.32,4,80.31,3,80.3,13,80.15,2,,,,,,,,,,,80.51,4,80.55,7,80.56,7,80.57,5,80.63,7,80.67,8,80.74,1,80.75,7,80.76,1,80.8,3
2025-04-10 09:34:22,80.44,80.44,1,80.37,5,80.51,4,80.51,80.37,80.37,5,80.32,4,80.31,3,80.3,13,80.15,2,,,,,,,,,,,80.51,4,80.55,7,80.56,7,80.57,5,80.63,7,80.67,8,80.74,1,80.75,7,80.76,1,80.8,3
2025-04-10 09:34:23,80.44,80.44,1,80.37,5,80.51,4,80.51,80.37,80.37,5,80.32,4,80.31,3,80.3,13,80.15,2,,,,,,,,,,,80.51,4,80.55,7,80.56,7,80.57,5,80.63,7,80.67,8,80.74,1,80.75,7,80.76,1,80.8,3
2025-04-10 09:34:24,80.44,80.44,1,80.37,8,80.51,4,80.51,80.37,80.37,8,80.32,4,80.31,3,80.3,13,80.15,2,,,,,,,,,,,80.51,4,80.55,7,80.56,7,80.57,5,80.63,7,80.67,8,80.74,1,80.75,7,80.76,1,80.8,3
2025-04-10 09:34:25,80.44,80.44,1,80.37,8,80.51,4,80.51,80.37,80.37,8,80.32,4,80.31,3,80.3,13,80.15,2,,,,,,,,,,,80.51,4,80.55,7,80.56,7,80.57,5,80.63,7,80.67,8,80.74,1,80.75,7,80.76,1,80.8,3
2025-04-10 09:34:26,80.44,80.44,1,80.37,8,80.51,4,80.51,80.37,80.37,8,80.32,4,80.31,3,80.3,13,80.15,2,,,,,,,,,,,80.51,4,80.55,7,80.56,7,80.57,5,80.63,7,80.67,8,80.74,1,80.75,7,80.76,1,80.8,3
2025-04-10 09:34:27,80.44,80.44,1,80.37,8,80.51,6,80.51,80.37,80.37,8,80.32,4,80.31,3,80.3,13,80.15,2,,,,,,,,,,,80.51,6,80.55,7,80.56,7,80.57,5,80.63,7,80.67,8,80.74,1,80.75,7,80.76,1,80.8,3
2025-04-10 09:34:28,80.42,80.44,1,80.37,8,80.47,2,80.47,80.37,80.37,8,80.32,4,80.31,3,80.3,13,80.15,2,,,,,,,,,,,80.47,2,80.51,6,80.55,7,80.56,7,80.57,5,80.63,7,80.67,8,80.74,1,80.75,7,80.76,1
2025-04-10 09:34:29,80.42,80.42,2,80.37,8,80.47,4,80.47,80.37,80.37,8,80.32,4,80.31,3,80.3,13,80.15,2,,,,,,,,,,,80.47,4,80.51,6,80.55,7,80.56,7,80.57,5,80.63,7,80.67,8,80.74,1,80.75,7,80.76,1
2025-04-10 09:34:30,80.42,80.42,1,80.37,10,80.47,7,80.47,80.37,80.37,10,80.32,4,80.31,3,80.3,13,80.15,2,,,,,,,,,,,80.47,7,80.51,6,80.55,7,80.56,7,80.57,5,80.63,7,80.67,8,80.74,1,80.75,7,80.76,1
2025-04-10 09:34:31,80.355,80.36,1,80.3,13,80.41,3,80.41,80.3,80.3,13,80.15,2,,,,,,,,,,,,,,,,,80.41,3,80.42,4,80.46,2,80.47,7,80.51,6,80.55,7,80.56,7,80.57,5,80.63,7,80.67,8
2025-04-10 09:34:32,80.355,80.34,1,80.3,13,80.41,3,80.41,80.3,80.3,13,80.15,2,,,,,,,,,,,,,,,,,80.41,3,80.42,4,80.46,2,80.47,7,80.51,6,80.55,7,80.56,7,80.57,5,80.63,7,80.67,8
2025-04-10 09:34:33,80.355,80.33,1,80.3,14,80.41,3,80.41,80.3,80.3,14,80.15,2,,,,,,,,,,,,,,,,,80.41,3,80.42,4,80.46,2,80.47,7,80.51,6,80.55,7,80.56,7,80.57,5,80.63,7,80.67,8
2025-04-10 09:34:34,80.355,80.33,1,80.3,14,80.41,3,80.41,80.3,80.3,14,80.15,2,,,,,,,,,,,,,,,,,80.41,3,80.42,4,80.46,2,80.47,7,80.51,6,80.55,7,80.56,7,80.57,5,80.63,7,80.67,8
2025-04-10 09:34:35,80.355,80.33,1,80.3,15,80.41,7,80.41,80.3,80.3,15,80.15,2,,,,,,,,,,,,,,,,,80.41,7,80.42,4,80.46,2,80.47,7,80.51,6,80.55,7,80.56,7,80.57,5,80.63,7,80.67,8
2025-04-10 09:34:36,80.355,80.36,1,80.3,16,80.41,7,80.41,80.3,80.3,16,80.15,2,,,,,,,,,,,,,,,,,80.41,7,80.42,4,80.46,2,80.47,7,80.51,6,80.55,7,80.56,7,80.57,5,80.63,7,80.67,8
2025-04-10 09:34:37,80.18,80.22,1,80.1,11,80.26,1,80.26,80.1,80.1,11,,,,,,,,,,,,,,,,,,,80.26,1,80.31,10,80.34,6,80.35,5,80.36,1,80.37,1,80.4,1,80.41,10,80.42,4,80.46,2
2025-04-10 09:34:38,80.19,80.21,1,80.14,6,80.24,3,80.24,80.14,80.14,6,80.13,3,80.12,1,80.11,1,80.08,2,,,,,,,,,,,80.24,3,80.25,10,80.26,1,80.27,7,80.31,10,80.34,6,80.35,5,80.36,1,80.37,1,80.4,1
2025-04-10 09:34:39,80.19,80.21,1,80.14,6,80.24,6,80.24,80.14,80.14,6,80.13,3,80.12,1,80.11,1,80.08,2,,,,,,,,,,,80.24,6,80.25,10,80.26,1,80.27,7,80.31,10,80.34,6,80.35,5,80.36,1,80.37,1,80.4,1
2025-04-10 09:34:40,80.21,80.22,1,80.18,2,80.24,5,80.24,80.18,80.18,2,80.17,6,80.14,7,80.13,3,80.12,1,80.11,1,80.08,2,,,,,,,80.24,5,80.25,10,80.26,1,80.27,7,80.31,10,80.34,6,80.35,5,80.36,1,80.37,1,80.4,1
2025-04-10 09:34:41,80.21,80.22,1,80.18,3,80.24,5,80.24,80.18,80.18,3,80.17,6,80.14,7,80.13,3,80.12,1,80.11,1,80.08,2,,,,,,,80.24,5,80.25,10,80.26,1,80.27,7,80.31,10,80.34,6,80.35,5,80.36,1,80.37,1,80.4,1
2025-04-10 09:34:42,80.21,80.21,1,80.18,3,80.24,5,80.24,80.18,80.18,3,80.17,6,80.14,7,80.13,3,80.12,1,80.11,1,80.08,2,,,,,,,80.24,5,80.25,10,80.26,1,80.27,7,80.31,10,80.34,6,80.35,5,80.36,1,80.37,1,80.4,1
2025-04-10 09:34:43,80.21,80.21,1,80.18,3,80.24,6,80.24,80.18,80.18,3,80.17,6,80.14,7,80.13,3,80.12,1,80.11,1,80.08,2,,,,,,,80.24,6,80.25,10,80.26,1,80.27,7,80.31,10,80.34,6,80.35,5,80.36,1,80.37,1,80.4,1
2025-04-10 09:34:44,80.21,80.21,1,80.18,4,80.24,6,80.24,80.18,80.18,4,80.17,6,80.14,7,80.13,3,80.12,1,80.11,1,80.08,2,,,,,,,80.24,6,80.25,10,80.26,1,80.27,7,80.31,10,80.34,6,80.35,5,80.36,1,80.37,1,80.4,1
2025-04-10 09:34:45,80.185,80.22,1,80.14,1,80.23,4,80.23,80.14,80.14,1,80.13,5,80.12,1,80.11,1,80.08,2,,,,,,,,,,,80.23,4,80.26,35,80.27,10,80.31,10,80.34,6,80.35,5,80.36,1,80.37,1,80.4,1,80.41,10
2025-04-10 09:34:46,80.135,80.14,1,80.09,5,80.18,3,80.18,80.09,80.09,5,80.08,2,,,,,,,,,,,,,,,,,80.18,3,80.23,4,80.26,35,80.27,10,80.31,10,80.34,6,80.35,5,80.36,1,80.37,1,80.4,1
2025-04-10 09:34:47,80.135,80.14,1,80.09,5,80.18,3,80.18,80.09,80.09,5,80.08,2,,,,,,,,,,,,,,,,,80.18,3,80.23,4,80.26,35,80.27,10,80.31,10,80.34,6,80.35,5,80.36,1,80.37,1,80.4,1
2025-04-10 09:34:48,80.135,80.14,1,80.09,5,80.18,4,80.18,80.09,80.09,5,80.08,2,,,,,,,,,,,,,,,,,80.18,4,80.23,4,80.26,35,80.27,10,80.31,10,80.34,6,80.35,5,80.36,1,80.37,1,80.4,1
2025-04-10 09:34:49,80.135,80.14,1,80.09,5,80.18,5,80.18,80.09,80.09,5,80.08,2,,,,,,,,,,,,,,,,,80.18,5,80.23,4,80.26,35,80.27,10,80.31,10,80.34,6,80.35,5,80.36,1,80.37,1,80.4,1
2025-04-10 09:34:50,80.09,80.09,1,80.04,4,80.14,31,80.14,80.04,80.04,4,,,,,,,,,,,,,,,,,,,80.14,31,80.18,5,80.23,4,80.26,35,80.27,10,80.31,10,80.34,6,80.35,5,80.36,1,80.37,1
2025-04-10 09:34:51,80.09,80.09,1,80.04,4,80.14,5,80.14,80.04,80.04,4,,,,,,,,,,,,,,,,,,,80.14,5,80.18,5,80.23,4,80.26,35,80.27,10,80.31,10,80.34,6,80.35,5,80.36,1,80.37,1
2025-04-10 09:34:52,80.09,80.09,3,80.04,4,80.14,5,80.14,80.04,80.04,4,,,,,,,,,,,,,,,,,,,80.14,5,80.18,5,80.23,4,80.26,35,80.27,10,80.31,10,80.34,6,80.35,5,80.36,1,80.37,1
2025-04-10 09:34:53,80.09,80.14,1,80.04,4,80.14,4,80.14,80.04,80.04,4,,,,,,,,,,,,,,,,,,,80.14,4,80.18,5,80.23,4,80.26,35,80.27,10,80.31,10,80.34,6,80.35,5,80.36,1,80.37,1
2025-04-10 09:34:54,80.085,80.09,2,80.03,1,80.14,6,80.14,80.03,80.03,1,,,,,,,,,,,,,,,,,,,80.14,6,80.18,5,80.23,4,80.26,35,80.27,10,80.31,10,80.34,6,80.35,5,80.36,1,80.37,1
2025-04-10 09:34:55,80.08,80.07,1,80.04,2,80.12,9,80.12,80.04,80.04,2,80.01,6,80.0,10,,,,,,,,,,,,,,,80.12,9,80.13,10,80.14,6,80.18,5,80.23,4,80.26,35,80.27,10,80.31,10,80.34,6,80.35,5
2025-04-10 09:34:56,80.065,80.08,2,80.04,2,80.09,1,80.09,80.04,80.04,2,80.01,6,80.0,10,,,,,,,,,,,,,,,80.09,1,80.12,7,80.13,10,80.14,6,80.18,5,80.23,4,80.26,35,80.27,10,80.31,10,80.34,6
2025-04-10 09:34:57,80.065,80.07,1,80.04,1,80.09,1,80.09,80.04,80.04,1,80.01,6,80.0,10,,,,,,,,,,,,,,,80.09,1,80.12,7,80.13,10,80.14,6,80.18,5,80.23,4,80.26,35,80.27,10,80.31,10,80.34,6
2025-04-10 09:34:58,80.065,80.07,1,80.04,1,80.09,1,80.09,80.04,80.04,1,80.01,6,80.0,10,,,,,,,,,,,,,,,80.09,1,80.12,7,80.13,10,80.14,6,80.18,5,80.23,4,80.26,35,80.27,10,80.31,10,80.34,6
2025-04-10 09:34:59,80.065,80.07,1,80.04,1,80.09,1,80.09,80.04,80.04,1,80.01,6,80.0,10,,,,,,,,,,,,,,,80.09,1,80.12,7,80.13,10,80.14,6,80.18,5,80.23,4,80.26,35,80.27,10,80.31,10,80.34,6
2025-04-10 09:35:00,80.065,80.07,1,80.04,1,80.09,1,80.09,80.04,80.04,1,80.01,6,80.0,10,,,,,,,,,,,,,,,80.09,1,80.12,7,80.13,10,80.14,6,80.18,5,80.23,4,80.26,35,80.27,10,80.31,10,80.34,6
2025-04-10 09:35:01,80.065,80.07,1,80.04,1,80.09,5,80.09,80.04,80.04,1,80.01,6,80.0,10,,,,,,,,,,,,,,,80.09,5,80.12,7,80.13,10,80.14,6,80.18,5,80.23,4,80.26,35,80.27,10,80.31,10,80.34,6
2025-04-10 09:35:02,80.055,80.06,1,80.02,2,80.09,1,80.09,80.02,80.02,2,80.01,6,80.0,10,,,,,,,,,,,,,,,80.09,1,80.1,1,80.11,1,80.12,7,80.13,10,80.14,6,80.18,5,80.23,4,80.26,35,80.27,10
2025-04-10 09:35:03,80.055,80.06,4,80.02,2,80.09,1,80.09,80.02,80.02,2,80.01,6,80.0,10,,,,,,,,,,,,,,,80.09,1,80.1,1,80.11,1,80.12,7,80.13,10,80.14,6,80.18,5,80.23,4,80.26,35,80.27,10
2025-04-10 09:35:04,80.055,80.06,1,80.02,3,80.09,2,80.09,80.02,80.02,3,80.01,6,80.0,10,,,,,,,,,,,,,,,80.09,2,80.1,1,80.11,1,80.12,7,80.13,10,80.14,6,80.18,5,80.23,4,80.26,35,80.27,10
2025-04-10 09:35:05,80.05,80.05,1,80.02,3,80.08,1,80.08,80.02,80.02,3,80.01,6,80.0,10,,,,,,,,,,,,,,,80.08,1,80.09,11,80.1,1,80.11,1,80.12,7,80.13,10,80.14,6,80.18,5,80.23,4,80.26,35
2025-04-10 09:35:06,79.95,80.06,1,79.9,28,80.0,32,80.0,79.9,79.9,28,,,,,,,,,,,,,,,,,,,80.0,32,80.01,2,80.02,6,80.04,4,80.08,29,80.09,11,80.1,1,80.11,1,80.12,7,80.13,10
2025-04-10 09:35:07,79.95,79.91,1,79.9,28,80.0,32,80.0,79.9,79.9,28,,,,,,,,,,,,,,,,,,,80.0,32,80.01,2,80.02,6,80.04,4,80.08,29,80.09,11,80.1,1,80.11,1,80.12,7,80.13,10
2025-04-10 09:35:08,79.95,79.91,1,79.9,27,80.0,36,80.0,79.9,79.9,27,,,,,,,,,,,,,,,,,,,80.0,36,80.01,2,80.02,6,80.04,4,80.08,29,80.09,11,80.1,1,80.11,1,80.12,7,80.13,10
2025-04-10 09:35:09,79.87,79.87,2,79.8,5,79.94,8,79.94,79.8,79.8,5,,,,,,,,,,,,,,,,,,,79.94,8,79.95,11,79.99,1,80.0,37,80.01,2,80.02,6,80.04,4,80.08,29,80.09,11,80.1,1
2025-04-10 09:35:10,79.87,79.94,1,79.8,5,79.94,8,79.94,79.8,79.8,5,,,,,,,,,,,,,,,,,,,79.94,8,79.95,11,79.99,1,80.0,37,80.01,2,80.02,6,80.04,4,80.08,29,80.09,11,80.1,1
2025-04-10 09:35:11,79.87,79.82,1,79.8,5,79.94,8,79.94,79.8,79.8,5,,,,,,,,,,,,,,,,,,,79.94,8,79.95,11,79.99,1,80.0,37,80.01,2,80.02,6,80.04,4,80.08,29,80.09,11,80.1,1
2025-04-10 09:35:12,79.83,79.83,1,79.79,3,79.87,1,79.87,79.79,79.79,3,,,,,,,,,,,,,,,,,,,79.87,1,79.93,5,79.94,8,79.95,11,79.99,1,80.0,37,80.01,2,80.02,6,80.04,4,80.08,29
2025-04-10 09:35:13,79.83,79.83,1,79.79,3,79.87,2,79.87,79.79,79.79,3,,,,,,,,,,,,,,,,,,,79.87,2,79.93,5,79.94,8,79.95,11,79.99,1,80.0,37,80.01,2,80.02,6,80.04,4,80.08,29
2025-04-10 09:35:14,79.83,79.83,1,79.79,4,79.87,4,79.87,79.79,79.79,4,,,,,,,,,,,,,,,,,,,79.87,4,79.93,5,79.94,8,79.95,11,79.99,1,80.0,37,80.01,2,80.02,6,80.04,4,80.08,29
2025-04-10 09:35:15,79.815,79.82,1,79.76,5,79.87,10,79.87,79.76,79.76,5,,,,,,,,,,,,,,,,,,,79.87,10,79.93,5,79.94,8,79.95,11,79.99,1,80.0,37,80.01,2,80.02,6,80.04,4,80.08,29
2025-04-10 09:35:16,79.815,79.82,1,79.76,5,79.87,11,79.87,79.76,79.76,5,,,,,,,,,,,,,,,,,,,79.87,11,79.93,5,79.94,8,79.95,11,79.99,1,80.0,37,80.01,2,80.02,6,80.04,4,80.08,29
2025-04-10 09:35:17,79.815,79.82,1,79.76,5,79.87,11,79.87,79.76,79.76,5,,,,,,,,,,,,,,,,,,,79.87,11,79.93,5,79.94,8,79.95,11,79.99,1,80.0,37,80.01,2,80.02,6,80.04,4,80.08,29
2025-04-10 09:35:18,79.815,79.77,1,79.76,5,79.87,12,79.87,79.76,79.76,5,,,,,,,,,,,,,,,,,,,79.87,12,79.93,5,79.94,8,79.95,11,79.99,1,80.0,37,80.01,2,80.02,6,80.04,4,80.08,29
2025-04-10 09:35:19,79.815,79.82,1,79.76,5,79.87,12,79.87,79.76,79.76,5,,,,,,,,,,,,,,,,,,,79.87,12,79.93,5,79.94,8,79.95,11,79.99,1,80.0,37,80.01,2,80.02,6,80.04,4,80.08,29
2025-04-10 09:35:20,79.83,79.82,1,79.79,3,79.87,8,79.87,79.79,79.79,3,79.76,5,,,,,,,,,,,,,,,,,79.87,8,79.93,5,79.94,8,79.95,11,79.99,1,80.0,37,80.01,2,80.02,6,80.04,4,80.08,29
2025-04-10 09:35:21,79.83,79.87,1,79.79,4,79.87,8,79.87,79.79,79.79,4,79.76,5,,,,,,,,,,,,,,,,,79.87,8,79.93,5,79.94,8,79.95,11,79.99,1,80.0,37,80.01,2,80.02,6,80.04,4,80.08,29
2025-04-10 09:35:22,79.83,79.81,1,79.79,4,79.87,8,79.87,79.79,79.79,4,79.76,5,,,,,,,,,,,,,,,,,79.87,8,79.93,5,79.94,8,79.95,11,79.99,1,80.0,37,80.01,2,80.02,6,80.04,4,80.08,29
2025-04-10 09:35:23,79.86,79.86,1,79.79,6,79.93,4,79.93,79.79,79.79,6,79.76,5,,,,,,,,,,,,,,,,,79.93,4,79.94,8,79.95,11,79.99,1,80.0,37,80.01,2,80.02,6,80.04,4,80.08,29,80.09,11
2025-04-10 09:35:24,79.86,79.86,1,79.79,5,79.93,6,79.93,79.79,79.79,5,79.76,5,,,,,,,,,,,,,,,,,79.93,6,79.94,8,79.95,11,79.99,1,80.0,37,80.01,2,80.02,6,80.04,4,80.08,29,80.09,11
2025-04-10 09:35:25,79.86,79.87,1,79.79,4,79.93,6,79.93,79.79,79.79,4,79.76,5,,,,,,,,,,,,,,,,,79.93,6,79.94,8,79.95,11,79.99,1,80.0,37,80.01,2,80.02,6,80.04,4,80.08,29,80.09,11
2025-04-10 09:35:26,79.86,79.87,1,79.79,4,79.93,6,79.93,79.79,79.79,4,79.76,5,,,,,,,,,,,,,,,,,79.93,6,79.94,8,79.95,11,79.99,1,80.0,37,80.01,2,80.02,6,80.04,4,80.08,29,80.09,11
2025-04-10 09:35:27,79.86,79.86,2,79.79,6,79.93,6,79.93,79.79,79.79,6,79.76,5,,,,,,,,,,,,,,,,,79.93,6,79.94,8,79.95,11,79.99,1,80.0,37,80.01,2,80.02,6,80.04,4,80.08,29,80.09,11
2025-04-10 09:35:28,79.86,79.86,2,79.79,7,79.93,7,79.93,79.79,79.79,7,79.76,5,,,,,,,,,,,,,,,,,79.93,7,79.94,8,79.95,11,79.99,1,80.0,37,80.01,2,80.02,6,80.04,4,80.08,29,80.09,11
2025-04-10 09:35:29,79.86,79.93,1,79.79,6,79.93,7,79.93,79.79,79.79,6,79.76,5,,,,,,,,,,,,,,,,,79.93,7,79.94,8,79.95,11,79.99,1,80.0,37,80.01,2,80.02,6,80.04,4,80.08,29,80.09,11
2025-04-10 09:35:30,79.885,79.93,1,79.84,6,79.93,7,79.93,79.84,79.84,6,79.79,6,79.76,5,,,,,,,,,,,,,,,79.93,7,79.94,8,79.95,11,79.99,1,80.0,37,80.01,2,80.02,6,80.04,4,80.08,29,80.09,11
2025-04-10 09:35:31,79.885,79.93,1,79.84,6,79.93,7,79.93,79.84,79.84,6,79.79,6,79.76,5,,,,,,,,,,,,,,,79.93,7,79.94,8,79.95,11,79.99,1,80.0,37,80.01,2,80.02,6,80.04,4,80.08,29,80.09,11
2025-04-10 09:35:32,79.93,79.93,2,79.87,11,79.99,4,79.99,79.87,79.87,11,79.84,5,79.79,6,79.76,5,,,,,,,,,,,,,79.99,4,80.0,37,80.01,2,80.02,6,80.04,4,80.08,29,80.09,11,80.1,1,80.11,1,80.12,7
2025-04-10 09:35:33,79.93,79.93,2,79.87,11,79.99,5,79.99,79.87,79.87,11,79.84,5,79.79,6,79.76,5,,,,,,,,,,,,,79.99,5,80.0,37,80.01,2,80.02,6,80.04,4,80.08,29,80.09,11,80.1,1,80.11,1,80.12,7
2025-04-10 09:35:34,79.93,79.93,1,79.87,11,79.99,6,79.99,79.87,79.87,11,79.84,5,79.79,6,79.76,5,,,,,,,,,,,,,79.99,6,80.0,37,80.01,2,80.02,6,80.04,4,80.08,29,80.09,11,80.1,1,80.11,1,80.12,7
2025-04-10 09:35:35,79.93,79.93,1,79.87,11,79.99,6,79.99,79.87,79.87,11,79.84,5,79.79,6,79.76,5,,,,,,,,,,,,,79.99,6,80.0,37,80.01,2,80.02,6,80.04,4,80.08,29,80.09,11,80.1,1,80.11,1,80.12,7
2025-04-10 09:35:36,79.93,79.93,1,79.87,11,79.99,6,79.99,79.87,79.87,11,79.84,5,79.79,6,79.76,5,,,,,,,,,,,,,79.99,6,80.0,37,80.01,2,80.02,6,80.04,4,80.08,29,80.09,11,80.1,1,80.11,1,80.12,7
2025-04-10 09:35:37,79.93,79.93,1,79.87,11,79.99,6,79.99,79.87,79.87,11,79.84,5,79.79,6,79.76,5,,,,,,,,,,,,,79.99,6,80.0,37,80.01,2,80.02,6,80.04,4,80.08,29,80.09,11,80.1,1,80.11,1,80.12,7
2025-04-10 09:35:38,79.93,79.93,1,79.87,11,79.99,6,79.99,79.87,79.87,11,79.84,5,79.79,6,79.76,5,,,,,,,,,,,,,79.99,6,80.0,37,80.01,2,80.02,6,80.04,4,80.08,29,80.09,11,80.1,1,80.11,1,80.12,7
2025-04-10 09:35:39,79.93,79.93,2,79.87,11,79.99,7,79.99,79.87,79.87,11,79.84,5,79.79,6,79.76,5,,,,,,,,,,,,,79.99,7,80.0,37,80.01,2,80.02,6,80.04,4,80.08,29,80.09,11,80.1,1,80.11,1,80.12,7
2025-04-10 09:35:40,79.93,79.93,2,79.87,11,79.99,7,79.99,79.87,79.87,11,79.84,5,79.79,6,79.76,5,,,,,,,,,,,,,79.99,7,80.0,37,80.01,2,80.02,6,80.04,4,80.08,29,80.09,11,80.1,1,80.11,1,80.12,7
2025-04-10 09:35:41,79.93,79.93,2,79.87,11,79.99,7,79.99,79.87,79.87,11,79.84,5,79.79,6,79.76,5,,,,,,,,,,,,,79.99,7,80.0,37,80.01,2,80.02,6,80.04,4,80.08,29,80.09,11,80.1,1,80.11,1,80.12,7
2025-04-10 09:35:42,79.93,79.99,1,79.87,11,79.99,7,79.99,79.87,79.87,11,79.84,5,79.79,6,79.76,5,,,,,,,,,,,,,79.99,7,80.0,37,80.01,2,80.02,6,80.04,4,80.08,29,80.09,11,80.1,1,80.11,1,80.12,7
2025-04-10 09:35:43,79.93,79.95,1,79.87,11,79.99,7,79.99,79.87,79.87,11,79.84,5,79.79,6,79.76,5,,,,,,,,,,,,,79.99,7,80.0,37,80.01,2,80.02,6,80.04,4,80.08,29,80.09,11,80.1,1,80.11,1,80.12,7
2025-04-10 09:35:44,79.93,79.93,1,79.87,11,79.99,6,79.99,79.87,79.87,11,79.84,5,79.79,6,79.76,5,,,,,,,,,,,,,79.99,6,80.0,37,80.01,2,80.02,6,80.04,4,80.08,29,80.09,11,80.1,1,80.11,1,80.12,7
2025-04-10 09:35:45,79.93,79.93,1,79.87,11,79.99,6,79.99,79.87,79.87,11,79.84,5,79.79,6,79.76,5,,,,,,,,,,,,,79.99,6,80.0,37,80.01,2,80.02,6,80.04,4,80.08,29,80.09,11,80.1,1,80.11,1,80.12,7
2025-04-10 09:35:46,79.93,79.93,1,79.87,11,79.99,6,79.99,79.87,79.87,11,79.84,5,79.79,6,79.76,5,,,,,,,,,,,,,79.99,6,80.0,37,80.01,2,80.02,6,80.04,4,80.08,29,80.09,11,80.1,1,80.11,1,80.12,7
2025-04-10 09:35:47,79.99,79.99,1,79.94,3,80.04,5,80.04,79.94,79.94,3,79.93,6,79.92,3,79.88,2,79.87,12,79.84,5,79.79,6,79.76,5,,,,,80.04,5,80.08,29,80.09,11,80.1,1,80.11,1,80.12,7,80.13,10,80.14,6,80.18,5,80.23,4
2025-04-10 09:35:48,79.99,80.01,6,79.94,3,80.04,5,80.04,79.94,79.94,3,79.93,6,79.92,3,79.88,2,79.87,12,79.84,5,79.79,6,79.76,5,,,,,80.04,5,80.08,29,80.09,11,80.1,1,80.11,1,80.12,7,80.13,10,80.14,6,80.18,5,80.23,4
2025-04-10 09:35:49,79.99,80.01,6,79.94,3,80.04,5,80.04,79.94,79.94,3,79.93,6,79.92,3,79.88,2,79.87,12,79.84,5,79.79,6,79.76,5,,,,,80.04,5,80.08,29,80.09,11,80.1,1,80.11,1,80.12,7,80.13,10,80.14,6,80.18,5,80.23,4
2025-04-10 09:35:50,79.995,80.03,1,79.95,5,80.04,7,80.04,79.95,79.95,5,79.94,3,79.93,6,79.92,3,79.88,2,79.87,12,79.84,5,79.79,6,79.76,5,,,80.04,7,80.08,29,80.09,11,80.1,1,80.11,1,80.12,7,80.13,10,80.14,6,80.18,5,80.23,4
2025-04-10 09:35:51,79.995,80.03,1,79.95,5,80.04,9,80.04,79.95,79.95,5,79.94,3,79.93,6,79.92,3,79.88,2,79.87,12,79.84,5,79.79,6,79.76,5,,,80.04,9,80.08,29,80.09,11,80.1,1,80.11,1,80.12,7,80.13,10,80.14,6,80.18,5,80.23,4
2025-04-10 09:35:52,79.995,80.0,6,79.95,7,80.04,9,80.04,79.95,79.95,7,79.94,3,79.93,6,79.92,3,79.88,2,79.87,12,79.84,5,79.79,6,79.76,5,,,80.04,9,80.08,29,80.09,11,80.1,1,80.11,1,80.12,7,80.13,10,80.14,6,80.18,5,80.23,4
2025-04-10 09:35:53,79.995,80.0,2,79.95,7,80.04,9,80.04,79.95,79.95,7,79.94,3,79.93,6,79.92,3,79.88,2,79.87,12,79.84,5,79.79,6,79.76,5,,,80.04,9,80.08,29,80.09,11,80.1,1,80.11,1,80.12,7,80.13,10,80.14,6,80.18,5,80.23,4
2025-04-10 09:35:54,79.995,79.96,1,79.95,7,80.04,9,80.04,79.95,79.95,7,79.94,3,79.93,6,79.92,3,79.88,2,79.87,12,79.84,5,79.79,6,79.76,5,,,80.04,9,80.08,29,80.09,11,80.1,1,80.11,1,80.12,7,80.13,10,80.14,6,80.18,5,80.23,4
2025-04-10 09:35:55,80.0,80.0,1,79.96,7,80.04,11,80.04,79.96,79.96,7,79.95,7,79.94,3,79.93,6,79.92,3,79.88,2,79.87,12,79.84,5,79.79,6,79.76,5,80.04,11,80.08,29,80.09,11,80.1,1,80.11,1,80.12,7,80.13,10,80.14,6,80.18,5,80.23,4
2025-04-10 09:35:56,80.01,79.96,1,79.98,2,80.04,11,80.04,79.98,79.98,2,79.97,2,79.96,7,79.95,7,79.94,3,79.93,6,79.92,3,79.88,2,79.87,12,79.84,5,80.04,11,80.08,29,80.09,11,80.1,1,80.11,1,80.12,7,80.13,10,80.14,6,80.18,5,80.23,4
2025-04-10 09:35:57,80.01,79.96,1,79.98,2,80.04,11,80.04,79.98,79.98,2,79.97,2,79.96,7,79.95,7,79.94,3,79.93,6,79.92,3,79.88,2,79.87,12,79.84,5,80.04,11,80.08,29,80.09,11,80.1,1,80.11,1,80.12,7,80.13,10,80.14,6,80.18,5,80.23,4
2025-04-10 09:35:58,79.97,79.95,2,79.92,4,80.02,5,80.02,79.92,79.92,4,79.88,2,79.87,12,79.84,5,79.79,6,79.76,5,,,,,,,,,80.02,5,80.03,3,80.04,12,80.08,29,80.09,11,80.1,1,80.11,1,80.12,7,80.13,10,80.14,6
2025-04-10 09:35:59,79.97,79.95,2,79.92,4,80.02,8,80.02,79.92,79.92,4,79.88,2,79.87,12,79.84,5,79.79,6,79.76,5,,,,,,,,,80.02,8,80.03,3,80.04,12,80.08,29,80.09,11,80.1,1,80.11,1,80.12,7,80.13,10,80.14,6
2025-04-10 09:36:00,79.97,79.95,2,79.92,4,80.02,8,80.02,79.92,79.92,4,79.88,2,79.87,12,79.84,5,79.79,6,79.76,5,,,,,,,,,80.02,8,80.03,3,80.04,12,80.08,29,80.09,11,80.1,1,80.11,1,80.12,7,80.13,10,80.14,6
2025-04-10 09:36:01,79.97,79.99,3,79.92,5,80.02,8,80.02,79.92,79.92,5,79.88,2,79.87,12,79.84,5,79.79,6,79.76,5,,,,,,,,,80.02,8,80.03,3,80.04,12,80.08,29,80.09,11,80.1,1,80.11,1,80.12,7,80.13,10,80.14,6
2025-04-10 09:36:02,79.95,79.93,1,79.92,5,79.98,3,79.98,79.92,79.92,5,79.88,2,79.87,12,79.84,5,79.79,6,79.76,5,,,,,,,,,79.98,3,80.02,8,80.03,3,80.04,12,80.08,29,80.09,11,80.1,1,80.11,1,80.12,7,80.13,10
2025-04-10 09:36:03,79.95,79.93,1,79.92,5,79.98,3,79.98,79.92,79.92,5,79.88,2,79.87,12,79.84,5,79.79,6,79.76,5,,,,,,,,,79.98,3,80.02,8,80.03,3,80.04,12,80.08,29,80.09,11,80.1,1,80.11,1,80.12,7,80.13,10
2025-04-10 09:36:04,79.95,79.93,5,79.92,5,79.98,4,79.98,79.92,79.92,5,79.88,2,79.87,12,79.84,5,79.79,6,79.76,5,,,,,,,,,79.98,4,80.02,8,80.03,3,80.04,12,80.08,29,80.09,11,80.1,1,80.11,1,80.12,7,80.13,10
2025-04-10 09:36:05,79.92,79.93,1,79.87,10,79.97,5,79.97,79.87,79.87,10,79.84,5,79.79,6,79.76,5,,,,,,,,,,,,,79.97,5,79.98,2,80.02,8,80.03,3,80.04,12,80.08,29,80.09,11,80.1,1,80.11,1,80.12,7
2025-04-10 09:36:06,79.92,79.87,1,79.87,10,79.97,9,79.97,79.87,79.87,10,79.84,5,79.79,6,79.76,5,,,,,,,,,,,,,79.97,9,79.98,2,80.02,8,80.03,3,80.04,12,80.08,29,80.09,11,80.1,1,80.11,1,80.12,7
2025-04-10 09:36:07,79.92,79.87,1,79.87,10,79.97,6,79.97,79.87,79.87,10,79.84,5,79.79,6,79.76,5,,,,,,,,,,,,,79.97,6,79.98,2,80.02,8,80.03,3,80.04,12,80.08,29,80.09,11,80.1,1,80.11,1,80.12,7
2025-04-10 09:36:08,79.855,79.8,1,79.8,2,79.91,3,79.91,79.8,79.8,2,79.79,6,79.76,5,,,,,,,,,,,,,,,79.91,3,79.92,5,79.97,6,79.98,2,80.02,8,80.03,3,80.04,12,80.08,29,80.09,11,80.1,1
2025-04-10 09:36:09,79.855,79.87,1,79.8,2,79.91,4,79.91,79.8,79.8,2,79.79,6,79.76,5,,,,,,,,,,,,,,,79.91,4,79.92,5,79.97,6,79.98,2,80.02,8,80.03,3,80.04,12,80.08,29,80.09,11,80.1,1
2025-04-10 09:36:10,79.855,79.86,1,79.8,2,79.91,4,79.91,79.8,79.8,2,79.79,6,79.76,5,,,,,,,,,,,,,,,79.91,4,79.92,5,79.97,6,79.98,2,80.02,8,80.03,3,80.04,12,80.08,29,80.09,11,80.1,1
2025-04-10 09:36:11,79.855,79.86,1,79.8,2,79.91,4,79.91,79.8,79.8,2,79.79,6,79.76,5,,,,,,,,,,,,,,,79.91,4,79.92,5,79.97,6,79.98,2,80.02,8,80.03,3,80.04,12,80.08,29,80.09,11,80.1,1
2025-04-10 09:36:12,79.755,79.73,1,79.7,1,79.81,3,79.81,79.7,79.7,1,,,,,,,,,,,,,,,,,,,79.81,3,79.87,3,79.89,1,79.91,4,79.92,5,79.97,6,79.98,2,80.02,8,80.03,3,80.04,12
2025-04-10 09:36:13,79.755,79.76,1,79.7,2,79.81,3,79.81,79.7,79.7,2,,,,,,,,,,,,,,,,,,,79.81,3,79.87,3,79.89,1,79.91,4,79.92,5,79.97,6,79.98,2,80.02,8,80.03,3,80.04,12
2025-04-10 09:36:14,79.755,79.75,1,79.7,2,79.81,3,79.81,79.7,79.7,2,,,,,,,,,,,,,,,,,,,79.81,3,79.87,3,79.89,1,79.91,4,79.92,5,79.97,6,79.98,2,80.02,8,80.03,3,80.04,12
2025-04-10 09:36:15,79.755,79.75,1,79.7,2,79.81,4,79.81,79.7,79.7,2,,,,,,,,,,,,,,,,,,,79.81,4,79.87,3,79.89,1,79.91,4,79.92,5,79.97,6,79.98,2,80.02,8,80.03,3,80.04,12
2025-04-10 09:36:16,79.755,79.75,2,79.7,2,79.81,7,79.81,79.7,79.7,2,,,,,,,,,,,,,,,,,,,79.81,7,79.87,3,79.89,1,79.91,4,79.92,5,79.97,6,79.98,2,80.02,8,80.03,3,80.04,12
2025-04-10 09:36:17,79.755,79.75,2,79.7,2,79.81,7,79.81,79.7,79.7,2,,,,,,,,,,,,,,,,,,,79.81,7,79.87,3,79.89,1,79.91,4,79.92,5,79.97,6,79.98,2,80.02,8,80.03,3,80.04,12
2025-04-10 09:36:18,79.73,79.73,2,79.7,2,79.76,2,79.76,79.7,79.7,2,,,,,,,,,,,,,,,,,,,79.76,2,79.79,1,79.8,2,79.81,5,79.87,3,79.89,1,79.91,4,79.92,5,79.97,6,79.98,2
2025-04-10 09:36:19,79.73,79.73,1,79.7,2,79.76,4,79.76,79.7,79.7,2,,,,,,,,,,,,,,,,,,,79.76,4,79.79,1,79.8,2,79.81,5,79.87,3,79.89,1,79.91,4,79.92,5,79.97,6,79.98,2
2025-04-10 09:36:20,79.72,79.72,1,79.7,2,79.74,2,79.74,79.7,79.7,2,,,,,,,,,,,,,,,,,,,79.74,2,79.76,4,79.79,1,79.8,2,79.81,5,79.87,3,79.89,1,79.91,4,79.92,5,79.97,6
2025-04-10 09:36:21,79.735,79.7,1,79.7,4,79.77,6,79.77,79.7,79.7,4,,,,,,,,,,,,,,,,,,,79.77,6,79.79,1,79.8,2,79.81,5,79.87,3,79.89,1,79.91,4,79.92,5,79.97,6,79.98,2
2025-04-10 09:36:22,79.755,79.75,1,79.7,8,79.81,6,79.81,79.7,79.7,8,,,,,,,,,,,,,,,,,,,79.81,6,79.87,3,79.89,1,79.91,4,79.92,5,79.97,6,79.98,2,80.02,8,80.03,3,80.04,12
2025-04-10 09:36:23,79.755,79.75,1,79.7,8,79.81,6,79.81,79.7,79.7,8,,,,,,,,,,,,,,,,,,,79.81,6,79.87,3,79.89,1,79.91,4,79.92,5,79.97,6,79.98,2,80.02,8,80.03,3,80.04,12
2025-04-10 09:36:24,79.755,79.76,1,79.7,8,79.81,5,79.81,79.7,79.7,8,,,,,,,,,,,,,,,,,,,79.81,5,79.87,3,79.89,1,79.91,4,79.92,5,79.97,6,79.98,2,80.02,8,80.03,3,80.04,12
2025-04-10 09:36:25,79.755,79.76,1,79.7,8,79.81,6,79.81,79.7,79.7,8,,,,,,,,,,,,,,,,,,,79.81,6,79.87,3,79.89,1,79.91,4,79.92,5,79.97,6,79.98,2,80.02,8,80.03,3,80.04,12
2025-04-10 09:36:26,79.755,79.76,1,79.7,8,79.81,6,79.81,79.7,79.7,8,,,,,,,,,,,,,,,,,,,79.81,6,79.87,3,79.89,1,79.91,4,79.92,5,79.97,6,79.98,2,80.02,8,80.03,3,80.04,12
2025-04-10 09:36:27,79.69,79.64,1,79.64,6,79.74,1,79.74,79.64,79.64,6,,,,,,,,,,,,,,,,,,,79.74,1,79.75,3,79.81,7,79.87,3,79.89,1,79.91,4,79.92,5,79.97,6,79.98,2,80.02,8
2025-04-10 09:36:28,79.695,80.26,3,79.64,6,79.75,4,79.75,79.64,79.64,6,,,,,,,,,,,,,,,,,,,79.75,4,79.81,7,79.87,3,79.89,1,79.91,4,79.92,5,79.97,6,79.98,2,80.02,8,80.03,3
2025-04-10 09:36:29,79.695,80.26,3,79.64,6,79.75,4,79.75,79.64,79.64,6,,,,,,,,,,,,,,,,,,,79.75,4,79.81,7,79.87,3,79.89,1,79.91,4,79.92,5,79.97,6,79.98,2,80.02,8,80.03,3
2025-04-10 09:36:30,79.705,79.66,1,79.66,1,79.75,4,79.75,79.66,79.66,1,79.64,6,,,,,,,,,,,,,,,,,79.75,4,79.81,7,79.87,3,79.89,1,79.91,4,79.92,5,79.97,6,79.98,2,80.02,8,80.03,3
2025-04-10 09:36:31,79.63,79.64,1,79.58,2,79.68,5,79.68,79.58,79.58,2,,,,,,,,,,,,,,,,,,,79.68,5,79.7,1,79.71,1,79.75,4,79.81,7,79.87,3,79.89,1,79.91,4,79.92,5,79.97,6
2025-04-10 09:36:32,79.63,79.6,2,79.58,2,79.68,5,79.68,79.58,79.58,2,,,,,,,,,,,,,,,,,,,79.68,5,79.7,1,79.71,1,79.75,4,79.81,7,79.87,3,79.89,1,79.91,4,79.92,5,79.97,6
2025-04-10 09:36:33,79.63,79.6,2,79.58,2,79.68,5,79.68,79.58,79.58,2,,,,,,,,,,,,,,,,,,,79.68,5,79.7,1,79.71,1,79.75,4,79.81,7,79.87,3,79.89,1,79.91,4,79.92,5,79.97,6
2025-04-10 09:36:34,79.63,79.6,2,79.58,6,79.68,5,79.68,79.58,79.58,6,,,,,,,,,,,,,,,,,,,79.68,5,79.7,1,79.71,1,79.75,4,79.81,7,79.87,3,79.89,1,79.91,4,79.92,5,79.97,6
2025-04-10 09:36:35,79.63,79.6,2,79.58,6,79.68,6,79.68,79.58,79.58,6,,,,,,,,,,,,,,,,,,,79.68,6,79.7,1,79.71,1,79.75,4,79.81,7,79.87,3,79.89,1,79.91,4,79.92,5,79.97,6
2025-04-10 09:36:36,79.61,79.6,2,79.58,6,79.64,3,79.64,79.58,79.58,6,,,,,,,,,,,,,,,,,,,79.64,3,79.68,6,79.7,1,79.71,1,79.75,4,79.81,7,79.87,3,79.89,1,79.91,4,79.92,5
2025-04-10 09:36:37,79.61,79.6,1,79.58,6,79.64,3,79.64,79.58,79.58,6,,,,,,,,,,,,,,,,,,,79.64,3,79.68,6,79.7,1,79.71,1,79.75,4,79.81,7,79.87,3,79.89,1,79.91,4,79.92,5
2025-04-10 09:36:38,79.61,79.61,1,79.58,6,79.64,4,79.64,79.58,79.58,6,,,,,,,,,,,,,,,,,,,79.64,4,79.68,6,79.7,1,79.71,1,79.75,4,79.81,7,79.87,3,79.89,1,79.91,4,79.92,5
2025-04-10 09:36:39,79.64,79.64,1,79.6,1,79.68,5,79.68,79.6,79.6,1,79.58,6,,,,,,,,,,,,,,,,,79.68,5,79.7,1,79.71,1,79.75,4,79.81,7,79.87,3,79.89,1,79.91,4,79.92,5,79.97,6
2025-04-10 09:36:40,79.595,79.6,1,79.58,6,79.61,1,79.61,79.58,79.58,6,,,,,,,,,,,,,,,,,,,79.61,1,79.68,14,79.7,1,79.71,1,79.75,4,79.81,7,79.87,3,79.89,1,79.91,4,79.92,5
2025-04-10 09:36:41,79.55,79.54,1,79.49,5,79.61,3,79.61,79.49,79.49,5,,,,,,,,,,,,,,,,,,,79.61,3,79.68,14,79.7,1,79.71,1,79.75,4,79.81,7,79.87,3,79.89,1,79.91,4,79.92,5
2025-04-10 09:36:42,79.55,79.54,1,79.49,6,79.61,3,79.61,79.49,79.49,6,,,,,,,,,,,,,,,,,,,79.61,3,79.68,14,79.7,1,79.71,1,79.75,4,79.81,7,79.87,3,79.89,1,79.91,4,79.92,5
2025-04-10 09:36:43,79.55,79.61,1,79.49,6,79.61,3,79.61,79.49,79.49,6,,,,,,,,,,,,,,,,,,,79.61,3,79.68,14,79.7,1,79.71,1,79.75,4,79.81,7,79.87,3,79.89,1,79.91,4,79.92,5
2025-04-10 09:36:44,79.55,79.5,1,79.49,6,79.61,3,79.61,79.49,79.49,6,,,,,,,,,,,,,,,,,,,79.61,3,79.68,14,79.7,1,79.71,1,79.75,4,79.81,7,79.87,3,79.89,1,79.91,4,79.92,5
2025-04-10 09:36:45,79.55,79.5,1,79.49,6,79.61,3,79.61,79.49,79.49,6,,,,,,,,,,,,,,,,,,,79.61,3,79.68,14,79.7,1,79.71,1,79.75,4,79.81,7,79.87,3,79.89,1,79.91,4,79.92,5
2025-04-10 09:36:46,79.555,79.5,1,79.5,5,79.61,3,79.61,79.5,79.5,5,79.49,6,,,,,,,,,,,,,,,,,79.61,3,79.68,14,79.7,1,79.71,1,79.75,4,79.81,7,79.87,3,79.89,1,79.91,4,79.92,5
2025-04-10 09:36:47,79.55,79.55,1,79.5,5,79.6,5,79.6,79.5,79.5,5,79.49,6,,,,,,,,,,,,,,,,,79.6,5,79.61,3,79.68,14,79.7,1,79.71,1,79.75,4,79.81,7,79.87,3,79.89,1,79.91,4
2025-04-10 09:36:48,79.55,79.55,1,79.5,5,79.6,5,79.6,79.5,79.5,5,79.49,6,,,,,,,,,,,,,,,,,79.6,5,79.61,3,79.68,14,79.7,1,79.71,1,79.75,4,79.81,7,79.87,3,79.89,1,79.91,4
2025-04-10 09:36:49,79.555,79.55,1,79.5,6,79.61,3,79.61,79.5,79.5,6,79.49,6,,,,,,,,,,,,,,,,,79.61,3,79.68,14,79.7,1,79.71,1,79.75,4,79.81,7,79.87,3,79.89,1,79.91,4,79.92,5
2025-04-10 09:36:50,79.605,79.56,1,79.54,9,79.67,1,79.67,79.54,79.54,9,79.53,3,79.52,7,79.51,2,79.5,6,79.49,6,,,,,,,,,79.67,1,79.68,10,79.7,1,79.71,1,79.75,4,79.81,7,79.87,3,79.89,1,79.91,4,79.92,5
2025-04-10 09:36:51,79.595,79.59,1,79.54,9,79.65,5,79.65,79.54,79.54,9,79.53,3,79.52,7,79.51,2,79.5,6,79.49,6,,,,,,,,,79.65,5,79.67,4,79.68,10,79.7,1,79.71,1,79.75,4,79.81,7,79.87,3,79.89,1,79.91,4
2025-04-10 09:36:52,79.595,79.6,1,79.54,9,79.65,6,79.65,79.54,79.54,9,79.53,3,79.52,7,79.51,2,79.5,6,79.49,6,,,,,,,,,79.65,6,79.67,4,79.68,10,79.7,1,79.71,1,79.75,4,79.81,7,79.87,3,79.89,1,79.91,4
2025-04-10 09:36:53,79.605,79.61,2,79.54,9,79.67,3,79.67,79.54,79.54,9,79.53,3,79.52,7,79.51,2,79.5,6,79.49,6,,,,,,,,,79.67,3,79.68,10,79.7,1,79.71,1,79.75,4,79.81,7,79.87,3,79.89,1,79.91,4,79.92,5
2025-04-10 09:36:54,79.605,79.61,1,79.54,9,79.67,3,79.67,79.54,79.54,9,79.53,3,79.52,7,79.51,2,79.5,6,79.49,6,,,,,,,,,79.67,3,79.68,10,79.7,1,79.71,1,79.75,4,79.81,7,79.87,3,79.89,1,79.91,4,79.92,5
2025-04-10 09:36:55,79.605,79.61,1,79.54,9,79.67,3,79.67,79.54,79.54,9,79.53,3,79.52,7,79.51,2,79.5,6,79.49,6,,,,,,,,,79.67,3,79.68,10,79.7,1,79.71,1,79.75,4,79.81,7,79.87,3,79.89,1,79.91,4,79.92,5
2025-04-10 09:36:56,79.605,79.61,1,79.54,9,79.67,4,79.67,79.54,79.54,9,79.53,3,79.52,7,79.51,2,79.5,6,79.49,6,,,,,,,,,79.67,4,79.68,10,79.7,1,79.71,1,79.75,4,79.81,7,79.87,3,79.89,1,79.91,4,79.92,5
2025-04-10 09:36:57,79.605,79.61,1,79.54,9,79.67,4,79.67,79.54,79.54,9,79.53,3,79.52,7,79.51,2,79.5,6,79.49,6,,,,,,,,,79.67,4,79.68,10,79.7,1,79.71,1,79.75,4,79.81,7,79.87,3,79.89,1,79.91,4,79.92,5
2025-04-10 09:36:58,79.605,79.61,1,79.54,9,79.67,5,79.67,79.54,79.54,9,79.53,3,79.52,7,79.51,2,79.5,6,79.49,6,,,,,,,,,79.67,5,79.68,10,79.7,1,79.71,1,79.75,4,79.81,7,79.87,3,79.89,1,79.91,4,79.92,5
2025-04-10 09:36:59,79.605,79.61,1,79.54,9,79.67,5,79.67,79.54,79.54,9,79.53,3,79.52,7,79.51,2,79.5,6,79.49,6,,,,,,,,,79.67,5,79.68,10,79.7,1,79.71,1,79.75,4,79.81,7,79.87,3,79.89,1,79.91,4,79.92,5
2025-04-10 09:37:00,79.555,79.54,3,79.5,16,79.61,6,79.61,79.5,79.5,16,79.49,6,,,,,,,,,,,,,,,,,79.61,6,79.63,2,79.67,5,79.68,10,79.7,1,79.71,1,79.75,4,79.81,7,79.87,3,79.89,1
2025-04-10 09:37:01,79.555,79.54,3,79.5,16,79.61,6,79.61,79.5,79.5,16,79.49,6,,,,,,,,,,,,,,,,,79.61,6,79.63,2,79.67,5,79.68,10,79.7,1,79.71,1,79.75,4,79.81,7,79.87,3,79.89,1
2025-04-10 09:37:02,79.555,79.56,1,79.5,16,79.61,6,79.61,79.5,79.5,16,79.49,6,,,,,,,,,,,,,,,,,79.61,6,79.63,2,79.67,5,79.68,10,79.7,1,79.71,1,79.75,4,79.81,7,79.87,3,79.89,1
2025-04-10 09:37:03,79.525,79.48,1,79.48,1,79.57,7,79.57,79.48,79.48,1,79.45,8,,,,,,,,,,,,,,,,,79.57,7,79.58,3,79.59,10,79.6,1,79.61,10,79.63,2,79.67,5,79.68,10,79.7,1,79.71,1
2025-04-10 09:37:04,79.485,79.53,1,79.45,8,79.52,3,79.52,79.45,79.45,8,,,,,,,,,,,,,,,,,,,79.52,3,79.56,1,79.57,9,79.58,3,79.59,10,79.6,1,79.61,10,79.63,2,79.67,5,79.68,10
2025-04-10 09:37:05,79.48,79.48,1,79.45,3,79.51,6,79.51,79.45,79.45,3,,,,,,,,,,,,,,,,,,,79.51,6,79.52,5,79.56,1,79.57,9,79.58,3,79.59,10,79.6,1,79.61,10,79.63,2,79.67,5
2025-04-10 09:37:06,79.48,79.48,1,79.45,3,79.51,6,79.51,79.45,79.45,3,,,,,,,,,,,,,,,,,,,79.51,6,79.52,5,79.56,1,79.57,9,79.58,3,79.59,10,79.6,1,79.61,10,79.63,2,79.67,5
2025-04-10 09:37:07,79.48,79.48,1,79.45,3,79.51,8,79.51,79.45,79.45,3,,,,,,,,,,,,,,,,,,,79.51,8,79.52,5,79.56,1,79.57,9,79.58,3,79.59,10,79.6,1,79.61,10,79.63,2,79.67,5
2025-04-10 09:37:08,79.445,79.44,1,79.41,1,79.48,3,79.48,79.41,79.41,1,,,,,,,,,,,,,,,,,,,79.48,3,79.5,5,79.51,8,79.52,5,79.56,1,79.57,9,79.58,3,79.59,10,79.6,1,79.61,10
2025-04-10 09:37:09,79.37,79.41,1,79.32,3,79.42,1,79.42,79.32,79.32,3,,,,,,,,,,,,,,,,,,,79.42,1,79.44,4,79.48,7,79.5,5,79.51,8,79.52,5,79.56,1,79.57,9,79.58,3,79.59,10
2025-04-10 09:37:10,79.37,79.37,1,79.32,3,79.42,2,79.42,79.32,79.32,3,,,,,,,,,,,,,,,,,,,79.42,2,79.44,4,79.48,7,79.5,5,79.51,8,79.52,5,79.56,1,79.57,9,79.58,3,79.59,10
2025-04-10 09:37:11,79.31,79.32,1,79.28,1,79.34,5,79.34,79.28,79.28,1,79.24,2,,,,,,,,,,,,,,,,,79.34,5,79.37,2,79.39,5,79.4,5,79.42,2,79.44,4,79.48,7,79.5,5,79.51,8,79.52,5
2025-04-10 09:37:12,79.21,79.17,1,79.15,3,79.27,10,79.27,79.15,79.15,3,,,,,,,,,,,,,,,,,,,79.27,10,79.28,5,79.3,4,79.31,1,79.33,3,79.34,5,79.37,2,79.39,5,79.4,5,79.42,2
2025-04-10 09:37:13,79.21,79.15,1,79.15,2,79.27,10,79.27,79.15,79.15,2,,,,,,,,,,,,,,,,,,,79.27,10,79.28,5,79.3,4,79.31,1,79.33,3,79.34,5,79.37,2,79.39,5,79.4,5,79.42,2
2025-04-10 09:37:14,79.145,79.14,1,79.09,3,79.2,2,79.2,79.09,79.09,3,,,,,,,,,,,,,,,,,,,79.2,2,79.21,5,79.27,10,79.28,5,79.3,4,79.31,1,79.33,3,79.34,5,79.37,2,79.39,5
2025-04-10 09:37:15,79.135,79.14,1,79.07,2,79.2,4,79.2,79.07,79.07,2,,,,,,,,,,,,,,,,,,,79.2,4,79.21,5,79.27,10,79.28,5,79.3,4,79.31,1,79.33,3,79.34,5,79.37,2,79.39,5
2025-04-10 09:37:16,79.135,79.14,1,79.07,4,79.2,4,79.2,79.07,79.07,4,,,,,,,,,,,,,,,,,,,79.2,4,79.21,5,79.27,10,79.28,5,79.3,4,79.31,1,79.33,3,79.34,5,79.37,2,79.39,5
2025-04-10 09:37:17,79.115,79.06,1,79.05,5,79.18,5,79.18,79.05,79.05,5,,,,,,,,,,,,,,,,,,,79.18,5,79.19,4,79.2,4,79.21,5,79.27,10,79.28,5,79.3,4,79.31,1,79.33,3,79.34,5
2025-04-10 09:37:18,79.115,79.06,1,79.05,4,79.18,7,79.18,79.05,79.05,4,,,,,,,,,,,,,,,,,,,79.18,7,79.19,4,79.2,4,79.21,5,79.27,10,79.28,5,79.3,4,79.31,1,79.33,3,79.34,5
2025-04-10 09:37:19,79.115,79.13,1,79.05,4,79.18,7,79.18,79.05,79.05,4,,,,,,,,,,,,,,,,,,,79.18,7,79.19,4,79.2,4,79.21,5,79.27,10,79.28,5,79.3,4,79.31,1,79.33,3,79.34,5
2025-04-10 09:37:20,79.115,79.07,4,79.05,6,79.18,10,79.18,79.05,79.05,6,,,,,,,,,,,,,,,,,,,79.18,10,79.19,4,79.2,4,79.21,5,79.27,10,79.28,5,79.3,4,79.31,1,79.33,3,79.34,5
2025-04-10 09:37:21,79.085,79.07,4,79.05,4,79.12,5,79.12,79.05,79.05,4,,,,,,,,,,,,,,,,,,,79.12,5,79.17,1,79.18,11,79.19,4,79.2,4,79.21,5,79.27,10,79.28,5,79.3,4,79.31,1
2025-04-10 09:37:22,79.075,79.05,1,79.03,1,79.12,7,79.12,79.03,79.03,1,,,,,,,,,,,,,,,,,,,79.12,7,79.17,1,79.18,11,79.19,4,79.2,4,79.21,5,79.27,10,79.28,5,79.3,4,79.31,1
2025-04-10 09:37:23,79.04,79.04,2,79.0,14,79.08,6,79.08,79.0,79.0,14,,,,,,,,,,,,,,,,,,,79.08,6,79.12,7,79.17,1,79.18,11,79.19,4,79.2,4,79.21,5,79.27,10,79.28,5,79.3,4
2025-04-10 09:37:24,79.025,79.0,6,79.0,14,79.05,2,79.05,79.0,79.0,14,,,,,,,,,,,,,,,,,,,79.05,2,79.07,1,79.08,6,79.12,7,79.17,1,79.18,11,79.19,4,79.2,4,79.21,5,79.27,10
2025-04-10 09:37:25,79.0,79.0,1,78.95,6,79.05,12,79.05,78.95,78.95,6,,,,,,,,,,,,,,,,,,,79.05,12,79.07,1,79.08,6,79.12,7,79.17,1,79.18,11,79.19,4,79.2,4,79.21,5,79.27,10
2025-04-10 09:37:26,79.0,79.0,1,78.95,6,79.05,14,79.05,78.95,78.95,6,,,,,,,,,,,,,,,,,,,79.05,14,79.07,1,79.08,6,79.12,7,79.17,1,79.18,11,79.19,4,79.2,4,79.21,5,79.27,10
2025-04-10 09:37:27,79.0,79.0,1,78.95,6,79.05,14,79.05,78.95,78.95,6,,,,,,,,,,,,,,,,,,,79.05,14,79.07,1,79.08,6,79.12,7,79.17,1,79.18,11,79.19,4,79.2,4,79.21,5,79.27,10
2025-04-10 09:37:28,78.98,78.98,1,78.95,5,79.01,2,79.01,78.95,78.95,5,,,,,,,,,,,,,,,,,,,79.01,2,79.05,14,79.07,1,79.08,6,79.12,7,79.17,1,79.18,11,79.19,4,79.2,4,79.21,5
2025-04-10 09:37:29,78.98,78.98,1,78.95,6,79.01,3,79.01,78.95,78.95,6,,,,,,,,,,,,,,,,,,,79.01,3,79.05,14,79.07,1,79.08,6,79.12,7,79.17,1,79.18,11,79.19,4,79.2,4,79.21,5
2025-04-10 09:37:30,78.98,78.98,1,78.95,6,79.01,3,79.01,78.95,78.95,6,,,,,,,,,,,,,,,,,,,79.01,3,79.05,14,79.07,1,79.08,6,79.12,7,79.17,1,79.18,11,79.19,4,79.2,4,79.21,5
2025-04-10 09:37:31,79.04,79.04,1,79.01,4,79.07,3,79.07,79.01,79.01,4,79.0,2,78.98,1,78.97,1,78.96,6,78.95,7,,,,,,,,,79.07,3,79.08,5,79.12,7,79.17,1,79.18,11,79.19,4,79.2,4,79.21,5,79.27,10,79.28,5
2025-04-10 09:37:32,79.04,79.04,1,79.01,5,79.07,3,79.07,79.01,79.01,5,79.0,2,78.98,1,78.97,1,78.96,6,78.95,7,,,,,,,,,79.07,3,79.08,5,79.12,7,79.17,1,79.18,11,79.19,4,79.2,4,79.21,5,79.27,10,79.28,5
2025-04-10 09:37:33,79.04,79.04,1,79.01,5,79.07,3,79.07,79.01,79.01,5,79.0,2,78.98,1,78.97,1,78.96,6,78.95,7,,,,,,,,,79.07,3,79.08,5,79.12,7,79.17,1,79.18,11,79.19,4,79.2,4,79.21,5,79.27,10,79.28,5
2025-04-10 09:37:34,79.045,79.01,1,79.02,2,79.07,4,79.07,79.02,79.02,2,78.97,4,78.96,6,78.95,7,,,,,,,,,,,,,79.07,4,79.08,5,79.12,7,79.17,1,79.18,11,79.19,4,79.2,4,79.21,5,79.27,10,79.28,5
2025-04-10 09:37:35,79.05,79.05,1,79.03,1,79.07,4,79.07,79.03,79.03,1,78.99,3,78.97,4,78.96,6,78.95,7,,,,,,,,,,,79.07,4,79.08,5,79.12,7,79.17,1,79.18,11,79.19,4,79.2,4,79.21,5,79.27,10,79.28,5
2025-04-10 09:37:36,79.025,79.06,1,78.99,4,79.06,1,79.06,78.99,78.99,4,78.97,4,78.96,6,78.95,7,,,,,,,,,,,,,79.06,1,79.07,3,79.08,5,79.12,7,79.17,1,79.18,11,79.19,4,79.2,4,79.21,5,79.27,10
2025-04-10 09:37:37,79.025,79.06,1,78.99,4,79.06,3,79.06,78.99,78.99,4,78.97,4,78.96,6,78.95,7,,,,,,,,,,,,,79.06,3,79.07,3,79.08,5,79.12,7,79.17,1,79.18,11,79.19,4,79.2,4,79.21,5,79.27,10
2025-04-10 09:37:38,79.015,79.06,1,78.97,5,79.06,3,79.06,78.97,78.97,5,78.96,6,78.95,7,,,,,,,,,,,,,,,79.06,3,79.07,3,79.08,5,79.12,7,79.17,1,79.18,11,79.19,4,79.2,4,79.21,5,79.27,10
2025-04-10 09:37:39,79.04,79.02,1,79.02,1,79.06,3,79.06,79.02,79.02,1,79.0,1,78.98,1,78.97,5,78.96,6,78.95,7,,,,,,,,,79.06,3,79.07,3,79.08,5,79.12,7,79.17,1,79.18,11,79.19,4,79.2,4,79.21,5,79.27,10
2025-04-10 09:37:40,79.04,79.02,1,79.02,3,79.06,3,79.06,79.02,79.02,3,79.0,1,78.98,1,78.97,5,78.96,6,78.95,7,,,,,,,,,79.06,3,79.07,3,79.08,5,79.12,7,79.17,1,79.18,11,79.19,4,79.2,4,79.21,5,79.27,10
2025-04-10 09:37:41,79.04,79.02,1,79.02,3,79.06,3,79.06,79.02,79.02,3,79.0,1,78.98,1,78.97,5,78.96,6,78.95,7,,,,,,,,,79.06,3,79.07,3,79.08,5,79.12,7,79.17,1,79.18,11,79.19,4,79.2,4,79.21,5,79.27,10
2025-04-10 09:37:42,78.94,78.94,1,78.91,5,78.97,5,78.97,78.91,78.91,5,,,,,,,,,,,,,,,,,,,78.97,5,79.01,7,79.04,1,79.05,7,79.06,2,79.07,4,79.08,5,79.12,7,79.17,1,79.18,11
2025-04-10 09:37:43,78.94,78.94,1,78.91,7,78.97,6,78.97,78.91,78.91,7,,,,,,,,,,,,,,,,,,,78.97,6,79.01,7,79.04,1,79.05,7,79.06,2,79.07,4,79.08,5,79.12,7,79.17,1,79.18,11
2025-04-10 09:37:44,78.93,78.96,1,78.89,8,78.97,10,78.97,78.89,78.89,8,78.88,1,,,,,,,,,,,,,,,,,78.97,10,79.01,7,79.04,1,79.05,7,79.06,2,79.07,4,79.08,5,79.12,7,79.17,1,79.18,11
2025-04-10 09:37:45,78.93,78.93,1,78.89,7,78.97,11,78.97,78.89,78.89,7,78.88,1,,,,,,,,,,,,,,,,,78.97,11,79.01,7,79.04,1,79.05,7,79.06,2,79.07,4,79.08,5,79.12,7,79.17,1,79.18,11
2025-04-10 09:37:46,78.93,78.93,1,78.89,7,78.97,11,78.97,78.89,78.89,7,78.88,1,,,,,,,,,,,,,,,,,78.97,11,79.01,7,79.04,1,79.05,7,79.06,2,79.07,4,79.08,5,79.12,7,79.17,1,79.18,11
2025-04-10 09:37:47,78.93,78.93,1,78.89,7,78.97,11,78.97,78.89,78.89,7,78.88,1,,,,,,,,,,,,,,,,,78.97,11,79.01,7,79.04,1,79.05,7,79.06,2,79.07,4,79.08,5,79.12,7,79.17,1,79.18,11
2025-04-10 09:37:48,78.93,78.94,1,78.89,6,78.97,11,78.97,78.89,78.89,6,78.88,1,,,,,,,,,,,,,,,,,78.97,11,79.01,7,79.04,1,79.05,7,79.06,2,79.07,4,79.08,5,79.12,7,79.17,1,79.18,11
2025-04-10 09:37:49,78.915,78.93,1,78.89,6,78.94,1,78.94,78.89,78.89,6,78.88,1,,,,,,,,,,,,,,,,,78.94,1,78.97,11,79.01,7,79.04,1,79.05,7,79.06,2,79.07,4,79.08,5,79.12,7,79.17,1
2025-04-10 09:37:50,78.93,78.94,1,78.89,6,78.97,11,78.97,78.89,78.89,6,78.88,1,,,,,,,,,,,,,,,,,78.97,11,79.01,7,79.04,1,79.05,7,79.06,2,79.07,4,79.08,5,79.12,7,79.17,1,79.18,11
2025-04-10 09:37:51,78.94,78.97,1,78.9,2,78.98,8,78.98,78.9,78.9,2,78.89,6,78.88,1,,,,,,,,,,,,,,,78.98,8,79.01,7,79.04,1,79.05,7,79.06,2,79.07,4,79.08,5,79.12,7,79.17,1,79.18,11
2025-04-10 09:37:52,78.935,78.97,1,78.89,7,78.98,8,78.98,78.89,78.89,7,78.88,1,,,,,,,,,,,,,,,,,78.98,8,79.01,7,79.04,1,79.05,7,79.06,2,79.07,4,79.08,5,79.12,7,79.17,1,79.18,11
2025-04-10 09:37:53,78.865,78.89,1,78.83,1,78.9,4,78.9,78.83,78.83,1,,,,,,,,,,,,,,,,,,,78.9,4,78.97,1,78.98,8,79.01,7,79.04,1,79.05,7,79.06,2,79.07,4,79.08,5,79.12,7
2025-04-10 09:37:54,78.865,78.89,1,78.83,1,78.9,4,78.9,78.83,78.83,1,,,,,,,,,,,,,,,,,,,78.9,4,78.97,1,78.98,8,79.01,7,79.04,1,79.05,7,79.06,2,79.07,4,79.08,5,79.12,7
2025-04-10 09:37:55,78.865,78.89,1,78.83,1,78.9,4,78.9,78.83,78.83,1,,,,,,,,,,,,,,,,,,,78.9,4,78.97,1,78.98,8,79.01,7,79.04,1,79.05,7,79.06,2,79.07,4,79.08,5,79.12,7
2025-04-10 09:37:56,78.825,78.83,4,78.78,4,78.87,5,78.87,78.78,78.78,4,,,,,,,,,,,,,,,,,,,78.87,5,78.9,4,78.97,1,78.98,8,79.01,7,79.04,1,79.05,7,79.06,2,79.07,4,79.08,5
2025-04-10 09:37:57,78.825,78.87,1,78.78,4,78.87,6,78.87,78.78,78.78,4,,,,,,,,,,,,,,,,,,,78.87,6,78.9,4,78.97,1,78.98,8,79.01,7,79.04,1,79.05,7,79.06,2,79.07,4,79.08,5
2025-04-10 09:37:58,78.825,78.81,1,78.78,3,78.87,6,78.87,78.78,78.78,3,,,,,,,,,,,,,,,,,,,78.87,6,78.9,4,78.97,1,78.98,8,79.01,7,79.04,1,79.05,7,79.06,2,79.07,4,79.08,5
2025-04-10 09:37:59,78.815,78.78,1,78.76,4,78.87,8,78.87,78.76,78.76,4,,,,,,,,,,,,,,,,,,,78.87,8,78.9,4,78.97,1,78.98,8,79.01,7,79.04,1,79.05,7,79.06,2,79.07,4,79.08,5
2025-04-10 09:38:00,78.815,78.82,10,78.76,4,78.87,8,78.87,78.76,78.76,4,,,,,,,,,,,,,,,,,,,78.87,8,78.9,4,78.97,1,78.98,8,79.01,7,79.04,1,79.05,7,79.06,2,79.07,4,79.08,5
2025-04-10 09:38:01,78.82,78.82,2,78.77,7,78.87,9,78.87,78.77,78.77,7,78.76,6,,,,,,,,,,,,,,,,,78.87,9,78.9,4,78.97,1,78.98,8,79.01,7,79.04,1,79.05,7,79.06,2,79.07,4,79.08,5
2025-04-10 09:38:02,78.94,78.91,1,78.92,8,78.96,11,78.96,78.92,78.92,8,78.91,7,78.9,7,78.89,4,78.88,4,78.87,2,78.86,3,78.84,1,78.77,7,78.76,6,78.96,11,78.97,1,78.98,8,79.01,7,79.04,1,79.05,7,79.06,2,79.07,4,79.08,5,79.12,7
2025-04-10 09:38:03,79.04,78.96,1,79.0,6,79.08,6,79.08,79.0,79.0,6,78.99,3,78.98,7,78.97,1,78.96,2,78.95,2,78.94,4,78.93,8,78.92,5,78.91,7,79.08,6,79.12,7,79.17,1,79.18,11,79.19,4,79.2,4,79.21,5,79.27,10,79.28,5,79.3,4
2025-04-10 09:38:04,79.035,78.96,1,79.0,4,79.07,5,79.07,79.0,79.0,4,78.99,3,78.98,7,78.97,1,78.96,2,78.95,2,78.94,4,78.93,8,78.92,5,78.91,7,79.07,5,79.08,6,79.12,7,79.17,1,79.18,11,79.19,4,79.2,4,79.21,5,79.27,10,79.28,5
2025-04-10 09:38:05,78.965,79.0,1,78.88,4,79.05,4,79.05,78.88,78.88,4,78.87,5,78.86,3,78.84,1,78.77,7,78.76,6,,,,,,,,,79.05,4,79.07,5,79.08,6,79.12,7,79.17,1,79.18,11,79.19,4,79.2,4,79.21,5,79.27,10
2025-04-10 09:38:06,78.965,79.0,1,78.88,4,79.05,4,79.05,78.88,78.88,4,78.87,5,78.86,3,78.84,1,78.77,7,78.76,6,,,,,,,,,79.05,4,79.07,5,79.08,6,79.12,7,79.17,1,79.18,11,79.19,4,79.2,4,79.21,5,79.27,10
2025-04-10 09:38:07,78.965,79.0,1,78.88,3,79.05,4,79.05,78.88,78.88,3,78.87,5,78.86,3,78.84,1,78.77,7,78.76,6,,,,,,,,,79.05,4,79.07,5,79.08,6,79.12,7,79.17,1,79.18,11,79.19,4,79.2,4,79.21,5,79.27,10
2025-04-10 09:38:08,78.965,79.0,1,78.88,4,79.05,4,79.05,78.88,78.88,4,78.87,5,78.86,3,78.84,1,78.77,7,78.76,6,,,,,,,,,79.05,4,79.07,5,79.08,6,79.12,7,79.17,1,79.18,11,79.19,4,79.2,4,79.21,5,79.27,10
2025-04-10 09:38:09,79.095,79.05,1,79.03,7,79.16,4,79.16,79.03,79.03,7,78.98,1,78.97,4,78.96,3,78.88,4,78.87,5,78.86,3,78.84,1,78.77,7,78.76,6,79.16,4,79.17,1,79.18,11,79.19,4,79.2,4,79.21,5,79.27,10,79.28,5,79.3,4,79.31,1
2025-04-10 09:38:10,79.12,79.11,2,79.04,8,79.2,6,79.2,79.04,79.04,8,79.03,8,78.98,1,78.97,4,78.96,3,78.88,4,78.87,5,78.86,3,78.84,1,78.77,7,79.2,6,79.21,5,79.27,10,79.28,5,79.3,4,79.31,1,79.33,3,79.34,5,79.37,2,79.39,5
2025-04-10 09:38:11,79.12,79.11,2,79.04,12,79.2,6,79.2,79.04,79.04,12,79.03,8,78.98,1,78.97,4,78.96,3,78.88,4,78.87,5,78.86,3,78.84,1,78.77,7,79.2,6,79.21,5,79.27,10,79.28,5,79.3,4,79.31,1,79.33,3,79.34,5,79.37,2,79.39,5
2025-04-10 09:38:12,79.11,79.11,2,79.05,7,79.17,4,79.17,79.05,79.05,7,79.04,12,79.03,8,78.98,1,78.97,4,78.96,3,78.88,4,78.87,5,78.86,3,78.84,1,79.17,4,79.2,6,79.21,5,79.27,10,79.28,5,79.3,4,79.31,1,79.33,3,79.34,5,79.37,2
2025-04-10 09:38:13,79.11,79.11,1,79.05,7,79.17,4,79.17,79.05,79.05,7,79.04,12,79.03,8,78.98,1,78.97,4,78.96,3,78.88,4,78.87,5,78.86,3,78.84,1,79.17,4,79.2,6,79.21,5,79.27,10,79.28,5,79.3,4,79.31,1,79.33,3,79.34,5,79.37,2
2025-04-10 09:38:14,79.11,79.11,1,79.05,7,79.17,4,79.17,79.05,79.05,7,79.04,12,79.03,8,78.98,1,78.97,4,78.96,3,78.88,4,78.87,5,78.86,3,78.84,1,79.17,4,79.2,6,79.21,5,79.27,10,79.28,5,79.3,4,79.31,1,79.33,3,79.34,5,79.37,2
2025-04-10 09:38:15,79.11,79.11,4,79.05,6,79.17,4,79.17,79.05,79.05,6,79.04,12,79.03,8,78.98,1,78.97,4,78.96,3,78.88,4,78.87,5,78.86,3,78.84,1,79.17,4,79.2,6,79.21,5,79.27,10,79.28,5,79.3,4,79.31,1,79.33,3,79.34,5,79.37,2
2025-04-10 09:38:16,79.11,79.07,1,79.05,6,79.17,4,79.17,79.05,79.05,6,79.04,12,79.03,8,78.98,1,78.97,4,78.96,3,78.88,4,78.87,5,78.86,3,78.84,1,79.17,4,79.2,6,79.21,5,79.27,10,79.28,5,79.3,4,79.31,1,79.33,3,79.34,5,79.37,2
2025-04-10 09:38:17,79.115,79.07,1,79.06,5,79.17,4,79.17,79.06,79.06,5,79.05,6,79.04,12,79.03,8,78.98,1,78.97,4,78.96,3,78.88,4,78.87,5,78.86,3,79.17,4,79.2,6,79.21,5,79.27,10,79.28,5,79.3,4,79.31,1,79.33,3,79.34,5,79.37,2
2025-04-10 09:38:18,79.115,79.11,2,79.06,2,79.17,5,79.17,79.06,79.06,2,79.05,6,79.04,12,79.03,8,78.98,1,78.97,4,78.96,3,78.88,4,78.87,5,78.86,3,79.17,5,79.2,6,79.21,5,79.27,10,79.28,5,79.3,4,79.31,1,79.33,3,79.34,5,79.37,2
2025-04-10 09:38:19,79.115,79.11,1,79.06,4,79.17,5,79.17,79.06,79.06,4,79.05,6,79.04,12,79.03,8,78.98,1,78.97,4,78.96,3,78.88,4,78.87,5,78.86,3,79.17,5,79.2,6,79.21,5,79.27,10,79.28,5,79.3,4,79.31,1,79.33,3,79.34,5,79.37,2
2025-04-10 09:38:20,79.115,79.11,1,79.06,6,79.17,5,79.17,79.06,79.06,6,79.05,6,79.04,12,79.03,8,78.98,1,78.97,4,78.96,3,78.88,4,78.87,5,78.86,3,79.17,5,79.2,6,79.21,5,79.27,10,79.28,5,79.3,4,79.31,1,79.33,3,79.34,5,79.37,2
2025-04-10 09:38:21,79.17,79.17,2,79.11,2,79.23,3,79.23,79.11,79.11,2,79.09,2,79.06,4,79.05,6,79.04,12,79.03,8,78.98,1,78.97,4,78.96,3,78.88,4,79.23,3,79.27,10,79.28,5,79.3,4,79.31,1,79.33,3,79.34,5,79.37,2,79.39,5,79.4,5
2025-04-10 09:38:22,79.17,79.17,1,79.11,2,79.23,4,79.23,79.11,79.11,2,79.09,2,79.06,4,79.05,6,79.04,12,79.03,8,78.98,1,78.97,4,78.96,3,78.88,4,79.23,4,79.27,10,79.28,5,79.3,4,79.31,1,79.33,3,79.34,5,79.37,2,79.39,5,79.4,5
2025-04-10 09:38:24,79.17,79.17,1,79.11,2,79.23,4,79.23,79.11,79.11,2,79.09,2,79.06,4,79.05,6,79.04,12,79.03,8,78.98,1,78.97,4,78.96,3,78.88,4,79.23,4,79.27,10,79.28,5,79.3,4,79.31,1,79.33,3,79.34,5,79.37,2,79.39,5,79.4,5
2025-04-10 09:38:25,79.17,79.17,1,79.11,3,79.23,4,79.23,79.11,79.11,3,79.09,2,79.06,4,79.05,6,79.04,12,79.03,8,78.98,1,78.97,4,78.96,3,78.88,4,79.23,4,79.27,10,79.28,5,79.3,4,79.31,1,79.33,3,79.34,5,79.37,2,79.39,5,79.4,5
2025-04-10 09:38:25,79.17,79.17,1,79.11,3,79.23,4,79.23,79.11,79.11,3,79.09,2,79.06,4,79.05,6,79.04,12,79.03,8,78.98,1,78.97,4,78.96,3,78.88,4,79.23,4,79.27,10,79.28,5,79.3,4,79.31,1,79.33,3,79.34,5,79.37,2,79.39,5,79.4,5
2025-04-10 09:38:27,79.145,79.17,1,79.11,3,79.18,1,79.18,79.11,79.11,3,79.09,2,79.06,4,79.05,6,79.04,12,79.03,8,78.98,1,78.97,4,78.96,3,78.88,4,79.18,1,79.23,4,79.27,10,79.28,5,79.3,4,79.31,1,79.33,3,79.34,5,79.37,2,79.39,5
2025-04-10 09:38:28,79.2,79.18,1,79.17,2,79.23,5,79.23,79.17,79.17,2,79.11,5,79.09,2,79.06,4,79.05,6,79.04,12,79.03,8,78.98,1,78.97,4,78.96,3,79.23,5,79.27,10,79.28,5,79.3,4,79.31,1,79.33,3,79.34,5,79.37,2,79.39,5,79.4,5
2025-04-10 09:38:29,79.2,79.17,1,79.17,4,79.23,5,79.23,79.17,79.17,4,79.11,5,79.09,2,79.06,4,79.05,6,79.04,12,79.03,8,78.98,1,78.97,4,78.96,3,79.23,5,79.27,10,79.28,5,79.3,4,79.31,1,79.33,3,79.34,5,79.37,2,79.39,5,79.4,5
2025-04-10 09:38:30,79.235,79.24,1,79.17,5,79.3,5,79.3,79.17,79.17,5,79.11,5,79.09,2,79.06,4,79.05,6,79.04,12,79.03,8,78.98,1,78.97,4,78.96,3,79.3,5,79.31,1,79.33,3,79.34,5,79.37,2,79.39,5,79.4,5,79.42,2,79.44,4,79.48,7
2025-04-10 09:38:31,79.28,79.3,1,79.2,9,79.36,1,79.36,79.2,79.2,9,79.18,4,79.17,5,79.11,5,79.09,2,79.06,4,79.05,6,79.04,12,79.03,8,78.98,1,79.36,1,79.37,2,79.39,5,79.4,5,79.42,2,79.44,4,79.48,7,79.5,5,79.51,8,79.52,5
2025-04-10 09:38:32,79.3,79.3,1,79.23,6,79.37,3,79.37,79.23,79.23,6,79.22,6,79.21,6,79.2,9,79.18,4,79.17,5,79.11,5,79.09,2,79.06,4,79.05,6,79.37,3,79.39,5,79.4,5,79.42,2,79.44,4,79.48,7,79.5,5,79.51,8,79.52,5,79.56,1
2025-04-10 09:38:33,79.305,79.25,1,79.24,5,79.37,9,79.37,79.24,79.24,5,79.23,6,79.22,6,79.21,6,79.2,9,79.18,4,79.17,5,79.11,5,79.09,2,79.06,4,79.37,9,79.39,5,79.4,5,79.42,2,79.44,4,79.48,7,79.5,5,79.51,8,79.52,5,79.56,1
2025-04-10 09:38:34,79.31,79.31,2,79.25,2,79.37,7,79.37,79.25,79.25,2,79.24,5,79.23,6,79.22,6,79.21,6,79.2,9,79.18,4,79.17,5,79.11,5,79.09,2,79.37,7,79.39,5,79.4,5,79.42,2,79.44,4,79.48,7,79.5,5,79.51,8,79.52,5,79.56,1
2025-04-10 09:38:35,79.22,79.23,1,79.14,6,79.3,14,79.3,79.14,79.14,6,79.11,5,79.09,2,79.06,4,79.05,6,79.04,12,79.03,8,78.98,1,78.97,4,78.96,3,79.3,14,79.31,1,79.32,4,79.33,1,79.36,1,79.37,6,79.39,5,79.4,5,79.42,2,79.44,4
2025-04-10 09:38:36,79.22,79.23,1,79.14,6,79.3,14,79.3,79.14,79.14,6,79.11,5,79.09,2,79.06,4,79.05,6,79.04,12,79.03,8,78.98,1,78.97,4,78.96,3,79.3,14,79.31,1,79.32,4,79.33,1,79.36,1,79.37,6,79.39,5,79.4,5,79.42,2,79.44,4
2025-04-10 09:38:37,79.22,79.23,1,79.14,6,79.3,14,79.3,79.14,79.14,6,79.11,5,79.09,2,79.06,4,79.05,6,79.04,12,79.03,8,78.98,1,78.97,4,78.96,3,79.3,14,79.31,1,79.32,4,79.33,1,79.36,1,79.37,6,79.39,5,79.4,5,79.42,2,79.44,4
2025-04-10 09:38:38,79.185,79.23,1,79.14,5,79.23,1,79.23,79.14,79.14,5,79.11,5,79.09,2,79.06,4,79.05,6,79.04,12,79.03,8,78.98,1,78.97,4,78.96,3,79.23,1,79.3,14,79.31,1,79.32,4,79.33,1,79.36,1,79.37,6,79.39,5,79.4,5,79.42,2
2025-04-10 09:38:39,79.185,79.23,1,79.14,5,79.23,1,79.23,79.14,79.14,5,79.11,5,79.09,2,79.06,4,79.05,6,79.04,12,79.03,8,78.98,1,78.97,4,78.96,3,79.23,1,79.3,14,79.31,1,79.32,4,79.33,1,79.36,1,79.37,6,79.39,5,79.4,5,79.42,2
2025-04-10 09:38:40,79.185,79.19,1,79.14,2,79.23,3,79.23,79.14,79.14,2,79.11,5,79.09,2,79.06,4,79.05,6,79.04,12,79.03,8,78.98,1,78.97,4,78.96,3,79.23,3,79.3,14,79.31,1,79.32,4,79.33,1,79.36,1,79.37,6,79.39,5,79.4,5,79.42,2
2025-04-10 09:38:41,79.185,79.19,1,79.14,2,79.23,3,79.23,79.14,79.14,2,79.11,5,79.09,2,79.06,4,79.05,6,79.04,12,79.03,8,78.98,1,78.97,4,78.96,3,79.23,3,79.3,14,79.31,1,79.32,4,79.33,1,79.36,1,79.37,6,79.39,5,79.4,5,79.42,2
2025-04-10 09:38:42,79.185,79.15,1,79.14,2,79.23,3,79.23,79.14,79.14,2,79.11,5,79.09,2,79.06,4,79.05,6,79.04,12,79.03,8,78.98,1,78.97,4,78.96,3,79.23,3,79.3,14,79.31,1,79.32,4,79.33,1,79.36,1,79.37,6,79.39,5,79.4,5,79.42,2
2025-04-10 09:38:43,79.17,79.15,1,79.14,2,79.2,1,79.2,79.14,79.14,2,79.11,5,79.09,2,79.06,4,79.05,6,79.04,12,79.03,8,78.98,1,78.97,4,78.96,3,79.2,1,79.23,3,79.3,14,79.31,1,79.32,4,79.33,1,79.36,1,79.37,6,79.39,5,79.4,5
2025-04-10 09:38:44,79.17,79.15,1,79.14,2,79.2,1,79.2,79.14,79.14,2,79.11,5,79.09,2,79.06,4,79.05,6,79.04,12,79.03,8,78.98,1,78.97,4,78.96,3,79.2,1,79.23,3,79.3,14,79.31,1,79.32,4,79.33,1,79.36,1,79.37,6,79.39,5,79.4,5
2025-04-10 09:38:45,79.165,79.17,1,79.13,2,79.2,1,79.2,79.13,79.13,2,79.11,5,79.09,2,79.06,4,79.05,6,79.04,12,79.03,8,78.98,1,78.97,4,78.96,3,79.2,1,79.23,3,79.3,14,79.31,1,79.32,4,79.33,1,79.36,1,79.37,6,79.39,5,79.4,5
2025-04-10 09:38:46,79.165,79.17,1,79.13,2,79.2,1,79.2,79.13,79.13,2,79.11,5,79.09,2,79.06,4,79.05,6,79.04,12,79.03,8,78.98,1,78.97,4,78.96,3,79.2,1,79.23,3,79.3,14,79.31,1,79.32,4,79.33,1,79.36,1,79.37,6,79.39,5,79.4,5
2025-04-10 09:38:47,79.18,79.18,2,79.13,4,79.23,5,79.23,79.13,79.13,4,79.11,5,79.09,2,79.06,4,79.05,6,79.04,12,79.03,8,78.98,1,78.97,4,78.96,3,79.23,5,79.3,14,79.31,1,79.32,4,79.33,1,79.36,1,79.37,6,79.39,5,79.4,5,79.42,2
