sim_time,mid_price,last_price,last_size,best_bid_price,best_bid_size,best_ask_price,best_ask_size,close_price_buy,close_price_sell,bid1_price,bid1_size,bid2_price,bid2_size,bid3_price,bid3_size,bid4_price,bid4_size,bid5_price,bid5_size,bid6_price,bid6_size,bid7_price,bid7_size,bid8_price,bid8_size,bid9_price,bid9_size,bid10_price,bid10_size,ask1_price,ask1_size,ask2_price,ask2_size,ask3_price,ask3_size,ask4_price,ask4_size,ask5_price,ask5_size,ask6_price,ask6_size,ask7_price,ask7_size,ask8_price,ask8_size,ask9_price,ask9_size,ask10_price,ask10_size
2025-04-10 09:30:11,382.44,382.45,1,382.29,2,382.59,3,382.59,382.29,382.29,2,382.28,3,382.23,2,382.2,3,382.15,1,382.1,1,382.0,19,,,,,,,382.59,3,382.6,2,382.68,7,382.7,8,,,,,,,,,,,,
2025-04-10 09:30:12,382.435,382.44,1,382.28,3,382.59,5,382.59,382.28,382.28,3,382.23,2,382.2,3,382.15,1,382.1,1,382.0,19,,,,,,,,,382.59,5,382.6,2,382.68,7,382.7,8,,,,,,,,,,,,
2025-04-10 09:30:14,382.19,382.19,1,382.04,1,382.34,3,382.34,382.04,382.04,1,382.02,1,382.0,19,,,,,,,,,,,,,,,382.34,3,382.35,3,382.36,1,382.43,3,382.58,2,382.59,6,382.6,2,382.68,7,382.7,8,,
2025-04-10 09:30:15,382.19,382.13,1,382.04,1,382.34,4,382.34,382.04,382.04,1,382.02,1,382.0,19,,,,,,,,,,,,,,,382.34,4,382.35,3,382.36,1,382.43,3,382.58,2,382.59,6,382.6,2,382.68,7,382.7,8,,
2025-04-10 09:30:16,381.89,381.98,1,381.76,1,382.02,2,382.02,381.76,381.76,1,,,,,,,,,,,,,,,,,,,382.02,2,382.04,3,382.05,4,382.06,3,382.07,2,382.08,3,382.09,4,382.17,2,382.18,1,382.19,3
2025-04-10 09:30:17,381.965,381.97,5,381.85,4,382.08,5,382.08,381.85,381.85,4,381.8,2,381.76,1,,,,,,,,,,,,,,,382.08,5,382.09,2,382.17,2,382.18,1,382.19,3,382.33,3,382.34,7,382.35,3,382.36,1,382.43,3
2025-04-10 09:30:18,382.165,382.17,1,382.01,1,382.32,1,382.32,382.01,382.01,1,381.96,1,381.9,1,381.85,4,381.8,2,381.76,1,,,,,,,,,382.32,1,382.33,3,382.34,7,382.35,3,382.36,1,382.43,3,382.58,2,382.59,6,382.6,2,382.68,7
2025-04-10 09:30:19,381.955,382.02,1,381.81,1,382.1,3,382.1,381.81,381.81,1,381.8,2,381.76,1,,,,,,,,,,,,,,,382.1,3,382.11,3,382.23,1,382.31,1,382.32,2,382.33,3,382.34,7,382.35,3,382.36,1,382.43,3
2025-04-10 09:30:20,381.705,381.75,10,381.58,2,381.83,2,381.83,381.58,381.58,2,,,,,,,,,,,,,,,,,,,381.83,2,381.9,3,381.99,2,382.0,2,382.1,2,382.11,3,382.23,1,382.31,1,382.32,2,382.33,3
2025-04-10 09:30:21,382.01,382.0,2,381.9,1,382.12,3,382.12,381.9,381.9,1,381.84,1,381.83,3,381.7,3,381.66,2,381.58,2,,,,,,,,,382.12,3,382.13,2,382.23,1,382.31,1,382.32,2,382.33,3,382.34,7,382.35,3,382.36,1,382.43,3
2025-04-10 09:30:22,382.01,382.01,1,381.9,1,382.12,3,382.12,381.9,381.9,1,381.84,1,381.83,3,381.7,3,381.66,2,381.58,2,,,,,,,,,382.12,3,382.13,2,382.23,1,382.31,1,382.32,2,382.33,3,382.34,7,382.35,3,382.36,1,382.43,3
2025-04-10 09:30:23,381.985,382.01,1,381.9,2,382.07,1,382.07,381.9,381.9,2,381.84,1,381.83,3,381.7,3,381.66,2,381.58,2,,,,,,,,,382.07,1,382.08,4,382.09,3,382.1,4,382.11,4,382.12,4,382.13,2,382.23,1,382.31,1,382.32,2
2025-04-10 09:30:24,382.01,382.01,1,381.91,1,382.11,2,382.11,381.91,381.91,1,381.9,2,381.71,2,381.7,3,381.66,2,381.58,2,,,,,,,,,382.11,2,382.12,7,382.13,2,382.23,1,382.31,1,382.32,2,382.33,3,382.34,7,382.35,3,382.36,1
2025-04-10 09:30:25,381.725,381.8,1,381.62,2,381.83,6,381.83,381.62,381.62,2,381.59,2,381.58,2,,,,,,,,,,,,,,,381.83,6,381.85,2,381.97,2,382.04,3,382.05,2,382.06,2,382.07,2,382.08,2,382.09,2,382.1,2
2025-04-10 09:30:26,381.905,381.93,1,381.74,3,382.07,2,382.07,381.74,381.74,3,381.73,1,381.67,2,381.62,4,381.59,2,381.58,2,,,,,,,,,382.07,2,382.08,2,382.09,2,382.1,1,382.11,4,382.12,7,382.13,2,382.23,1,382.31,1,382.32,2
2025-04-10 09:30:27,381.87,382.05,1,381.74,5,382.0,2,382.0,381.74,381.74,5,381.63,1,381.62,4,381.59,2,381.58,2,,,,,,,,,,,382.0,2,382.12,4,382.13,2,382.14,26,382.15,1,382.17,1,382.23,1,382.31,1,382.32,2,382.33,3
2025-04-10 09:30:28,381.72,381.72,1,381.62,8,381.82,4,381.82,381.62,381.62,8,381.59,2,381.58,2,,,,,,,,,,,,,,,381.82,4,381.84,2,381.85,3,382.0,2,382.12,4,382.13,2,382.14,26,382.15,1,382.17,1,382.23,1
2025-04-10 09:30:29,381.585,381.49,1,381.49,2,381.68,4,381.68,381.49,381.49,2,,,,,,,,,,,,,,,,,,,381.68,4,381.74,1,381.82,4,381.84,2,381.85,3,382.0,2,382.12,4,382.13,2,382.14,26,382.15,1
2025-04-10 09:30:30,381.605,381.61,1,381.49,2,381.72,31,381.72,381.49,381.49,2,,,,,,,,,,,,,,,,,,,381.72,31,381.73,24,381.74,1,381.82,4,381.84,2,381.85,3,382.0,2,382.12,4,382.13,2,382.14,26
2025-04-10 09:30:31,381.645,381.72,1,381.56,3,381.73,10,381.73,381.56,381.56,3,381.51,3,381.49,4,,,,,,,,,,,,,,,381.73,10,381.74,1,381.82,4,381.84,2,381.85,3,382.0,2,382.12,4,382.13,2,382.14,26,382.15,1
2025-04-10 09:30:32,381.665,381.67,1,381.51,4,381.82,1,381.82,381.51,381.51,4,381.49,4,,,,,,,,,,,,,,,,,381.82,1,381.83,8,381.84,9,382.01,3,382.12,4,382.13,2,382.14,26,382.15,1,382.17,1,382.23,1
2025-04-10 09:30:33,381.665,381.67,1,381.51,3,381.82,1,381.82,381.51,381.51,3,381.49,4,,,,,,,,,,,,,,,,,381.82,1,381.83,12,381.84,9,382.01,3,382.12,4,382.13,2,382.14,26,382.15,1,382.17,1,382.23,1
2025-04-10 09:30:34,381.655,381.7,1,381.51,3,381.8,1,381.8,381.51,381.51,3,381.49,4,,,,,,,,,,,,,,,,,381.8,1,381.81,1,381.82,2,381.83,12,381.84,9,382.01,3,382.12,4,382.13,2,382.14,26,382.15,1
2025-04-10 09:30:35,381.87,381.85,1,381.74,5,382.0,4,382.0,381.74,381.74,5,381.69,4,381.51,5,381.49,4,,,,,,,,,,,,,382.0,4,382.01,8,382.12,4,382.13,2,382.14,26,382.15,1,382.17,1,382.23,1,382.31,1,382.32,2
2025-04-10 09:30:36,381.715,381.72,1,381.57,4,381.86,3,381.86,381.57,381.57,4,381.51,5,381.49,4,,,,,,,,,,,,,,,381.86,3,381.95,2,381.96,3,381.97,2,381.98,1,381.99,1,382.0,1,382.01,8,382.12,4,382.13,2
2025-04-10 09:30:37,381.715,381.74,1,381.57,3,381.86,3,381.86,381.57,381.57,3,381.51,5,381.49,4,,,,,,,,,,,,,,,381.86,3,381.95,2,381.96,3,381.97,2,381.98,1,381.99,1,382.0,1,382.01,8,382.12,4,382.13,2
2025-04-10 09:30:38,381.715,381.64,1,381.57,3,381.86,3,381.86,381.57,381.57,3,381.51,5,381.49,4,,,,,,,,,,,,,,,381.86,3,381.95,2,381.96,3,381.97,2,381.98,1,381.99,1,382.0,1,382.01,8,382.12,4,382.13,2
2025-04-10 09:30:39,381.705,381.71,1,381.57,3,381.84,1,381.84,381.57,381.57,3,381.51,5,381.49,4,,,,,,,,,,,,,,,381.84,1,381.85,1,381.86,1,381.91,1,381.95,2,381.96,3,381.97,2,381.98,1,381.99,1,382.0,1
2025-04-10 09:30:40,381.69,381.81,2,381.57,4,381.81,1,381.81,381.57,381.57,4,381.51,5,381.49,4,,,,,,,,,,,,,,,381.81,1,381.82,1,381.83,1,381.84,1,381.85,1,381.86,1,381.91,1,381.95,2,381.96,3,381.97,2
2025-04-10 09:30:41,381.595,381.59,1,381.5,1,381.69,2,381.69,381.5,381.5,1,381.49,4,,,,,,,,,,,,,,,,,381.69,2,381.81,2,381.82,1,381.83,1,381.84,1,381.85,1,381.86,1,381.91,1,381.95,2,381.96,3
2025-04-10 09:30:42,381.62,381.66,1,381.49,4,381.75,3,381.75,381.49,381.49,4,,,,,,,,,,,,,,,,,,,381.75,3,381.76,2,381.77,2,381.78,3,381.79,3,381.8,2,381.81,2,381.82,1,381.84,2,381.85,1
2025-04-10 09:30:43,381.75,381.75,1,381.59,1,381.91,1,381.82,381.59,381.59,1,381.58,2,381.53,5,381.51,1,381.49,5,,,,,,,,,,,381.91,1,381.95,2,381.96,3,381.97,2,381.98,1,381.99,1,382.0,1,382.01,8,382.12,4,382.13,2
2025-04-10 09:30:44,381.92,381.93,1,381.79,3,382.05,5,382.05,381.79,381.79,3,381.78,3,381.71,5,381.61,6,381.6,4,381.59,3,381.58,2,381.53,5,381.51,1,381.49,5,382.05,5,382.06,5,382.07,2,382.17,2,382.23,1,382.31,1,382.32,2,382.33,3,382.34,7,382.35,3
2025-04-10 09:30:45,381.91,381.91,1,381.75,6,382.07,3,382.07,381.75,381.75,6,381.71,5,381.61,6,381.6,4,381.59,3,381.58,2,381.53,5,381.51,1,381.49,5,,,382.07,3,382.17,2,382.23,1,382.31,1,382.32,2,382.33,3,382.34,7,382.35,3,382.36,1,382.43,3
2025-04-10 09:30:46,381.905,381.91,1,381.75,4,382.06,2,382.06,381.75,381.75,4,381.71,5,381.61,6,381.6,4,381.59,3,381.58,2,381.53,5,381.51,1,381.49,5,,,382.06,2,382.07,3,382.17,2,382.23,1,382.31,1,382.32,2,382.33,3,382.34,7,382.35,3,382.36,1
2025-04-10 09:30:47,381.9,381.96,1,381.75,4,382.05,2,382.05,381.75,381.75,4,381.71,5,381.61,6,381.6,4,381.59,3,381.58,2,381.53,5,381.51,1,381.49,5,,,382.05,2,382.06,5,382.07,3,382.17,2,382.23,1,382.31,1,382.32,2,382.33,3,382.34,7,382.35,3
2025-04-10 09:30:48,381.82,381.8,1,381.67,1,381.97,3,381.97,381.67,381.67,1,381.61,4,381.6,4,381.59,3,381.58,2,381.53,5,381.51,1,381.49,5,,,,,381.97,3,381.98,1,382.02,3,382.03,5,382.05,1,382.07,3,382.17,2,382.23,1,382.31,1,382.32,2
2025-04-10 09:30:49,381.885,381.76,1,381.75,1,382.02,2,382.02,381.75,381.75,1,381.61,4,381.6,4,381.59,3,381.58,2,381.53,5,381.51,1,381.49,5,,,,,382.02,2,382.03,4,382.05,1,382.07,3,382.17,2,382.23,1,382.31,1,382.32,2,382.33,3,382.34,7
2025-04-10 09:30:50,381.64,381.7,1,381.54,1,381.74,2,381.74,381.54,381.54,1,381.53,5,381.51,1,381.49,5,,,,,,,,,,,,,381.74,2,381.85,1,381.86,2,381.95,2,381.96,2,382.0,5,382.04,1,382.05,1,382.07,3,382.17,2
2025-04-10 09:30:51,381.3,381.23,1,381.17,1,381.43,2,381.43,381.17,381.17,1,,,,,,,,,,,,,,,,,,,381.43,2,381.52,2,381.6,3,381.63,1,381.64,1,381.72,1,381.75,2,381.76,2,381.77,2,381.78,2
2025-04-10 09:30:52,381.205,381.17,1,381.13,1,381.28,2,381.28,381.13,381.13,1,,,,,,,,,,,,,,,,,,,381.28,2,381.43,2,381.52,2,381.6,3,381.63,1,381.64,1,381.72,1,381.75,2,381.76,2,381.77,2
2025-04-10 09:30:53,381.095,381.1,6,381.0,21,381.19,4,381.19,381.0,381.0,21,,,,,,,,,,,,,,,,,,,381.19,4,381.2,4,381.21,4,381.22,2,381.43,2,381.52,2,381.6,3,381.63,1,381.64,1,381.72,1
2025-04-10 09:30:54,381.055,381.06,1,380.92,8,381.19,3,381.19,380.92,380.92,8,380.91,2,380.9,1,380.89,2,380.88,3,,,,,,,,,,,381.19,3,381.2,4,381.21,4,381.22,2,381.43,2,381.52,2,381.6,3,381.63,1,381.64,1,381.72,1
2025-04-10 09:30:55,381.22,381.25,1,381.05,6,381.39,1,381.39,381.05,381.05,6,380.97,1,380.92,10,380.91,2,380.9,1,380.89,2,380.88,3,,,,,,,381.39,1,381.4,8,381.44,2,381.52,2,381.6,3,381.63,1,381.64,1,381.72,1,381.75,2,381.76,2
2025-04-10 09:30:56,381.22,381.15,1,381.05,4,381.39,2,381.39,381.05,381.05,4,380.97,1,380.92,10,380.91,2,380.9,1,380.89,2,380.88,3,,,,,,,381.39,2,381.43,3,381.44,1,381.53,2,381.6,3,381.63,1,381.64,1,381.72,1,381.75,2,381.76,2
2025-04-10 09:30:57,381.09,381.09,1,381.0,2,381.18,1,381.18,381.0,381.0,2,380.97,1,380.92,10,380.91,2,380.9,1,380.89,2,380.88,3,,,,,,,381.18,1,381.19,1,381.2,1,381.39,2,381.43,3,381.44,1,381.53,2,381.6,3,381.63,1,381.64,1
2025-04-10 09:30:58,381.095,381.06,1,381.0,1,381.19,1,381.19,381.0,381.0,1,380.93,2,380.92,10,380.91,2,380.9,1,380.89,2,380.88,3,,,,,,,381.19,1,381.39,4,381.43,3,381.44,1,381.53,2,381.6,3,381.63,1,381.64,1,381.72,1,381.75,2
2025-04-10 09:30:59,381.235,381.24,1,381.09,3,381.38,2,381.38,381.09,381.09,3,381.05,5,381.0,4,380.93,2,380.92,10,380.91,2,380.9,1,380.89,2,380.88,3,,,381.38,2,381.43,4,381.44,1,381.53,2,381.6,3,381.63,1,381.64,1,381.72,1,381.75,2,381.76,2
2025-04-10 09:31:00,381.18,381.09,6,381.09,1,381.27,1,381.27,381.09,381.09,1,381.06,1,381.05,5,381.0,4,380.93,2,380.92,10,380.91,2,380.9,1,380.89,2,380.88,3,381.27,1,381.34,2,381.35,2,381.38,2,381.43,4,381.44,1,381.53,2,381.6,3,381.63,1,381.64,1
2025-04-10 09:31:01,381.245,381.25,1,381.14,1,381.35,3,381.35,381.14,381.14,1,381.13,2,381.09,5,381.06,1,381.05,5,381.0,4,380.93,2,380.92,10,380.91,2,380.9,1,381.35,3,381.38,2,381.43,4,381.44,1,381.53,2,381.6,3,381.63,1,381.64,1,381.72,1,381.75,2
2025-04-10 09:31:02,381.49,381.48,4,381.42,3,381.56,4,381.56,381.42,381.42,3,381.39,2,381.38,1,381.24,1,381.18,2,381.14,1,381.13,2,381.09,5,381.06,1,381.05,5,381.56,4,381.72,1,381.75,2,381.76,2,381.77,2,381.78,2,381.79,2,381.8,2,381.81,2,381.82,2
2025-04-10 09:31:03,381.46,381.56,1,381.3,3,381.62,1,381.62,381.3,381.3,3,381.29,2,381.28,3,381.24,1,381.18,2,381.14,1,381.13,2,381.09,5,381.06,1,381.05,5,381.62,1,381.72,1,381.75,2,381.76,2,381.77,2,381.78,2,381.79,2,381.8,2,381.81,2,381.82,2
2025-04-10 09:31:04,381.29,381.3,1,381.17,1,381.41,1,381.41,381.17,381.17,1,381.14,1,381.13,2,381.09,5,381.06,1,381.05,5,381.0,4,380.93,2,380.92,10,380.91,2,381.41,1,381.42,1,381.43,1,381.57,2,381.58,1,381.59,1,381.6,2,381.61,1,381.62,1,381.72,1
2025-04-10 09:31:05,381.08,381.06,1,381.0,1,381.16,1,381.16,381.0,381.0,1,380.92,1,380.91,2,380.9,1,380.89,2,380.88,3,,,,,,,,,381.16,1,381.25,2,381.26,2,381.37,2,381.38,2,381.39,2,381.4,1,381.41,1,381.42,1,381.43,1
2025-04-10 09:31:06,381.05,381.1,1,381.0,1,381.1,1,381.1,381.0,381.0,1,380.92,1,380.91,2,380.9,1,380.89,2,380.88,3,,,,,,,,,381.1,1,381.19,2,381.2,2,381.37,6,381.38,2,381.39,2,381.4,1,381.41,1,381.42,1,381.43,1
2025-04-10 09:31:07,380.735,380.73,1,380.56,4,380.91,2,380.91,380.56,380.56,4,380.55,1,,,,,,,,,,,,,,,,,380.91,2,380.92,1,380.93,3,381.05,4,381.23,4,381.37,6,381.38,2,381.39,2,381.4,1,381.41,1
2025-04-10 09:31:08,380.735,380.74,1,380.57,3,380.9,2,380.9,380.57,380.57,3,380.56,5,380.55,1,,,,,,,,,,,,,,,380.9,2,380.91,3,380.92,1,380.93,3,381.05,4,381.23,4,381.37,6,381.38,2,381.39,2,381.4,1
2025-04-10 09:31:09,380.735,380.9,1,380.57,1,380.9,2,380.9,380.57,380.57,1,380.56,5,380.55,1,,,,,,,,,,,,,,,380.9,2,380.91,3,380.92,1,380.93,3,381.05,4,381.23,4,381.37,6,381.38,2,381.39,2,381.4,1
2025-04-10 09:31:10,380.735,380.7,1,380.57,2,380.9,2,380.9,380.57,380.57,2,380.56,5,380.55,1,,,,,,,,,,,,,,,380.9,2,380.91,3,380.92,1,380.93,3,381.05,4,381.23,4,381.37,6,381.38,2,381.39,2,381.4,1
2025-04-10 09:31:11,380.72,380.73,1,380.57,2,380.87,2,380.87,380.57,380.57,2,380.56,5,380.55,1,,,,,,,,,,,,,,,380.87,2,380.88,2,380.89,2,380.93,4,381.05,4,381.23,4,381.37,6,381.38,2,381.39,2,381.4,1
2025-04-10 09:31:12,380.605,380.56,1,380.5,4,380.71,1,380.71,380.5,380.5,4,,,,,,,,,,,,,,,,,,,380.71,1,380.72,2,380.73,2,380.74,1,380.77,2,380.78,1,380.85,2,380.86,2,380.87,2,380.88,2
2025-04-10 09:31:13,380.685,380.61,1,380.52,1,380.85,7,380.85,380.52,380.52,1,380.5,4,,,,,,,,,,,,,,,,,380.85,7,380.86,2,380.87,2,380.88,2,380.89,2,380.93,4,381.05,4,381.23,4,381.37,6,381.38,2
2025-04-10 09:31:14,380.685,380.69,1,380.52,4,380.85,7,380.85,380.52,380.52,4,380.5,4,,,,,,,,,,,,,,,,,380.85,7,380.86,2,380.87,2,380.88,2,380.89,2,380.93,4,381.05,4,381.23,4,381.37,6,381.38,2
2025-04-10 09:31:15,380.685,380.69,1,380.52,5,380.85,5,380.85,380.52,380.52,5,380.5,4,,,,,,,,,,,,,,,,,380.85,5,380.86,2,380.87,2,380.88,2,380.89,2,380.93,4,381.05,4,381.23,4,381.37,6,381.38,2
2025-04-10 09:31:16,380.725,380.73,1,380.61,4,380.84,1,380.84,380.61,380.61,4,380.6,3,380.52,6,380.5,4,,,,,,,,,,,,,380.84,1,380.85,4,380.86,2,380.87,2,380.88,2,380.89,2,380.93,4,381.05,4,381.23,4,381.37,6
2025-04-10 09:31:17,380.565,380.54,1,380.42,4,380.71,1,380.71,380.42,380.42,4,380.3,3,,,,,,,,,,,,,,,,,380.71,1,380.72,1,380.84,2,380.85,5,380.86,2,380.87,2,380.88,2,380.89,2,380.93,4,381.05,4
2025-04-10 09:31:18,380.395,380.44,1,380.3,1,380.49,1,380.49,380.3,380.3,1,,,,,,,,,,,,,,,,,,,380.49,1,380.6,2,380.61,1,380.72,1,380.79,1,380.8,4,380.81,4,380.82,2,380.83,3,380.84,2
2025-04-10 09:31:19,380.235,380.1,1,380.1,3,380.37,1,380.37,380.1,380.1,3,,,,,,,,,,,,,,,,,,,380.37,1,380.38,1,380.39,1,380.4,1,380.49,2,380.6,2,380.61,1,380.72,1,380.79,1,380.8,4
2025-04-10 09:31:20,380.195,380.32,1,380.05,4,380.34,3,380.34,380.05,380.05,4,,,,,,,,,,,,,,,,,,,380.34,3,380.37,1,380.38,1,380.39,1,380.4,1,380.49,2,380.6,2,380.61,1,380.72,1,380.79,1
2025-04-10 09:31:21,380.045,379.96,1,379.87,2,380.22,7,380.22,379.87,379.87,2,379.86,2,379.83,7,,,,,,,,,,,,,,,380.22,7,380.23,5,380.24,3,380.25,2,380.26,2,380.27,2,380.28,1,380.33,2,380.34,3,380.37,1
2025-04-10 09:31:22,379.915,379.92,1,379.79,3,380.04,3,380.04,379.79,379.79,3,379.75,4,,,,,,,,,,,,,,,,,380.04,3,380.09,7,380.13,2,380.14,6,380.15,8,380.16,9,380.19,8,380.2,8,380.21,8,380.22,6
2025-04-10 09:31:23,380.055,380.06,1,379.97,3,380.14,3,380.14,379.97,379.97,3,379.91,2,379.9,1,379.85,2,379.83,1,379.79,4,379.75,4,,,,,,,380.14,3,380.15,8,380.16,9,380.19,8,380.2,8,380.21,8,380.22,6,380.23,5,380.24,3,380.25,2
2025-04-10 09:31:24,380.19,380.19,8,380.11,2,380.27,1,380.27,380.11,380.11,2,380.1,2,380.09,2,380.08,3,380.04,1,380.01,2,380.0,59,379.97,2,379.91,2,379.9,1,380.27,1,380.32,1,380.33,2,380.34,3,380.37,1,380.38,1,380.39,1,380.4,1,380.49,2,380.6,2
2025-04-10 09:31:25,380.37,380.25,1,380.3,1,380.44,1,380.44,380.3,380.3,1,380.25,2,380.24,2,380.12,2,380.09,2,380.08,3,380.04,1,380.01,2,380.0,59,379.97,2,380.44,1,380.53,1,380.6,2,380.61,1,380.72,1,380.79,1,380.8,4,380.81,4,380.82,2,380.83,3
2025-04-10 09:31:26,380.345,380.34,1,380.25,4,380.44,2,380.44,380.25,380.25,4,380.24,2,380.12,2,380.09,2,380.08,3,380.04,1,380.01,2,380.0,59,379.97,2,379.91,2,380.44,2,380.53,1,380.6,2,380.61,1,380.72,1,380.79,1,380.8,4,380.81,4,380.82,2,380.83,3
2025-04-10 09:31:27,380.345,380.35,1,380.25,4,380.44,2,380.44,380.25,380.25,4,380.24,2,380.12,2,380.09,2,380.08,3,380.04,1,380.01,2,380.0,59,379.97,2,379.91,2,380.44,2,380.53,1,380.6,2,380.61,1,380.72,1,380.79,1,380.8,4,380.81,4,380.82,2,380.83,3
2025-04-10 09:31:28,380.3,380.3,1,380.25,4,380.35,2,380.35,380.25,380.25,4,380.24,2,380.12,2,380.09,2,380.08,3,380.04,1,380.01,2,380.0,59,379.97,2,379.91,2,380.35,2,380.44,1,380.53,1,380.6,2,380.61,1,380.72,1,380.79,1,380.8,4,380.81,4,380.82,2
2025-04-10 09:31:29,380.16,380.21,1,380.02,1,380.3,2,380.3,380.02,380.02,1,380.01,2,380.0,59,379.97,2,379.91,2,379.9,1,379.85,2,379.83,1,379.79,4,379.75,4,380.3,2,380.35,2,380.44,1,380.53,1,380.6,2,380.61,1,380.72,1,380.79,1,380.8,4,380.81,4
2025-04-10 09:31:30,380.16,380.02,1,380.02,4,380.3,2,380.3,380.02,380.02,4,380.01,2,380.0,59,379.97,2,379.91,2,379.9,1,379.85,2,379.83,1,379.79,4,379.75,4,380.3,2,380.35,2,380.44,1,380.53,1,380.6,2,380.61,1,380.72,1,380.79,1,380.8,4,380.81,4
2025-04-10 09:31:31,380.155,380.16,1,380.08,5,380.23,4,380.23,380.08,380.08,5,380.05,3,380.04,1,380.02,4,380.01,2,380.0,59,379.97,2,379.91,2,379.9,1,379.85,2,380.23,4,380.34,2,380.35,14,380.44,9,380.53,1,380.6,2,380.61,1,380.72,1,380.79,1,380.8,4
2025-04-10 09:31:32,380.15,380.16,1,380.08,3,380.22,1,380.22,380.08,380.08,3,380.05,3,380.04,1,380.02,4,380.01,2,380.0,59,379.97,2,379.91,2,379.9,1,379.85,2,380.22,1,380.23,4,380.34,2,380.35,14,380.44,9,380.53,1,380.6,2,380.61,1,380.72,1,380.79,1
2025-04-10 09:31:33,380.15,380.16,1,380.08,3,380.22,1,380.22,380.08,380.08,3,380.05,3,380.04,1,380.02,4,380.01,2,380.0,59,379.97,2,379.91,2,379.9,1,379.85,2,380.22,1,380.23,4,380.34,2,380.35,14,380.44,9,380.53,1,380.6,2,380.61,1,380.72,1,380.79,1
2025-04-10 09:31:34,380.165,380.25,2,380.08,4,380.25,1,380.25,380.08,380.08,4,380.05,3,380.04,1,380.02,4,380.01,2,380.0,59,379.97,2,379.91,2,379.9,1,379.85,2,380.25,1,380.27,1,380.34,2,380.35,14,380.44,9,380.53,1,380.6,2,380.61,1,380.72,1,380.79,1
2025-04-10 09:31:35,380.04,380.03,1,379.94,2,380.14,1,380.14,379.94,379.94,2,379.93,4,379.92,3,379.91,4,379.9,4,379.85,2,379.83,1,379.79,4,379.75,4,,,380.14,1,380.15,1,380.24,1,380.25,1,380.26,1,380.27,1,380.34,2,380.35,14,380.44,9,380.53,1
2025-04-10 09:31:36,379.985,379.99,1,379.85,5,380.12,1,380.12,379.85,379.85,5,379.74,5,379.63,4,,,,,,,,,,,,,,,380.12,1,380.13,1,380.14,2,380.15,1,380.24,1,380.25,1,380.26,1,380.27,1,380.34,2,380.35,14
2025-04-10 09:31:37,380.325,380.33,1,380.21,3,380.44,2,380.44,380.21,380.21,3,380.16,1,380.12,5,379.96,1,379.92,2,379.85,6,379.74,5,379.63,4,,,,,380.44,2,380.53,1,380.6,2,380.61,1,380.72,1,380.79,1,380.8,4,380.81,4,380.82,2,380.83,3
2025-04-10 09:31:38,380.235,380.21,1,380.12,3,380.35,1,380.35,380.12,380.12,3,379.96,1,379.92,2,379.85,6,379.74,5,379.63,4,,,,,,,,,380.35,1,380.36,1,380.4,3,380.41,2,380.42,1,380.43,2,380.44,2,380.53,1,380.6,2,380.61,1
2025-04-10 09:31:39,380.15,380.21,1,380.0,3,380.3,1,380.3,380.0,380.0,3,379.98,1,379.96,1,379.92,2,379.85,6,379.74,5,379.63,4,,,,,,,380.3,1,380.31,2,380.35,1,380.36,1,380.4,3,380.41,2,380.42,1,380.43,2,380.44,2,380.53,1
2025-04-10 09:31:40,380.195,380.2,1,380.1,1,380.29,9,380.29,380.1,380.1,1,380.01,4,380.0,3,379.98,1,379.96,1,379.92,2,379.85,6,379.74,5,379.63,4,,,380.29,9,380.3,13,380.31,2,380.35,1,380.36,1,380.4,3,380.41,2,380.42,1,380.43,2,380.44,2
2025-04-10 09:31:41,380.08,379.97,1,379.97,1,380.19,1,380.19,379.97,379.97,1,379.85,3,379.8,1,379.74,5,379.63,4,,,,,,,,,,,380.19,1,380.2,9,380.21,10,380.29,9,380.3,13,380.31,2,380.35,1,380.36,1,380.4,3,380.41,2
2025-04-10 09:31:42,380.06,380.06,1,379.97,2,380.15,1,380.15,379.97,379.97,2,379.85,3,379.8,1,379.74,5,379.63,4,,,,,,,,,,,380.15,1,380.21,2,380.29,9,380.3,13,380.31,2,380.35,1,380.36,1,380.4,3,380.41,2,380.42,1
2025-04-10 09:31:43,380.21,380.21,1,380.13,3,380.29,1,380.29,380.13,380.13,3,380.12,3,380.09,3,380.06,4,379.98,2,379.97,2,379.85,3,379.8,1,379.74,5,379.63,4,380.29,1,380.3,5,380.31,2,380.35,1,380.36,1,380.4,3,380.41,2,380.42,1,380.43,2,380.44,2
2025-04-10 09:31:44,380.005,380.0,1,379.85,8,380.16,4,380.16,379.85,379.85,8,379.8,1,379.74,5,379.63,4,,,,,,,,,,,,,380.16,4,380.17,2,380.18,2,380.21,1,380.29,3,380.3,5,380.31,2,380.35,1,380.36,1,380.4,3
2025-04-10 09:31:45,380.11,380.06,1,380.01,46,380.21,5,380.21,380.01,380.01,46,380.0,8,379.85,9,379.8,1,379.74,5,379.63,4,,,,,,,,,380.21,5,380.29,3,380.3,5,380.31,2,380.35,1,380.36,1,380.4,3,380.41,2,380.42,1,380.43,2
2025-04-10 09:31:46,379.915,379.99,2,379.8,1,380.03,2,380.03,379.8,379.8,1,379.74,5,379.63,4,,,,,,,,,,,,,,,380.03,2,380.04,3,380.05,3,380.11,3,380.2,2,380.21,6,380.29,3,380.3,5,380.31,2,380.35,1
2025-04-10 09:31:47,379.645,379.69,1,379.52,1,379.77,2,379.77,379.52,379.52,1,,,,,,,,,,,,,,,,,,,379.77,2,379.83,3,379.84,2,379.85,3,379.92,2,379.98,1,380.03,2,380.04,3,380.05,3,380.11,3
2025-04-10 09:31:48,379.685,379.82,1,379.55,1,379.82,2,379.82,379.55,379.55,1,379.52,2,379.5,1,,,,,,,,,,,,,,,379.82,2,379.83,2,379.84,2,379.85,3,379.92,2,379.98,1,380.03,2,380.04,3,380.05,3,380.11,3
2025-04-10 09:31:49,379.64,379.56,1,379.52,1,379.76,3,379.76,379.52,379.52,1,379.5,1,,,,,,,,,,,,,,,,,379.76,3,379.77,3,379.78,3,379.82,5,379.83,2,379.84,2,379.85,3,379.92,2,379.98,1,380.03,2
2025-04-10 09:31:50,379.615,379.62,2,379.52,1,379.71,3,379.71,379.52,379.52,1,379.5,1,,,,,,,,,,,,,,,,,379.71,3,379.72,2,379.73,2,379.74,2,379.75,2,379.76,3,379.77,3,379.78,3,379.82,5,379.83,2
2025-04-10 09:31:51,379.645,379.56,1,379.54,1,379.75,2,379.75,379.54,379.54,1,379.47,2,379.46,3,379.45,2,379.36,4,,,,,,,,,,,379.75,2,379.79,1,379.82,5,379.83,2,379.84,2,379.85,3,379.92,2,379.98,1,380.03,2,380.04,3
2025-04-10 09:31:52,379.83,379.76,1,379.72,5,379.94,2,379.94,379.72,379.72,5,379.68,6,379.54,2,379.47,2,379.46,3,379.45,2,379.36,4,,,,,,,379.94,2,379.95,10,379.98,1,380.03,2,380.04,3,380.05,3,380.11,3,380.2,2,380.21,6,380.29,3
2025-04-10 09:31:53,379.745,379.73,1,379.61,2,379.88,6,379.88,379.61,379.61,2,379.54,4,379.47,2,379.46,3,379.45,2,379.36,4,,,,,,,,,379.88,6,379.92,2,379.93,10,379.94,11,379.95,10,379.98,1,380.03,2,380.04,3,380.05,3,380.11,3
2025-04-10 09:31:54,379.765,379.77,1,379.61,2,379.92,5,379.92,379.61,379.61,2,379.54,4,379.47,2,379.46,3,379.45,2,379.36,4,,,,,,,,,379.92,5,379.93,10,379.94,11,379.95,10,379.98,1,380.03,2,380.04,3,380.05,3,380.11,3,380.2,2
2025-04-10 09:31:55,379.685,379.77,1,379.61,1,379.76,2,379.76,379.61,379.61,1,379.54,4,379.47,2,379.46,3,379.45,2,379.36,4,,,,,,,,,379.76,2,379.92,7,379.93,10,379.94,11,379.95,10,379.98,1,380.03,2,380.04,3,380.05,3,380.11,3
2025-04-10 09:31:56,379.685,379.64,1,379.61,2,379.76,1,379.76,379.61,379.61,2,379.54,2,379.47,2,379.46,3,379.45,2,379.36,4,,,,,,,,,379.76,1,379.92,7,379.93,10,379.94,11,379.95,10,379.98,1,380.03,2,380.04,3,380.05,3,380.11,3
2025-04-10 09:31:57,379.825,379.83,1,379.73,2,379.92,8,379.92,379.73,379.73,2,379.56,3,379.54,1,379.47,2,379.46,3,379.45,2,379.36,4,,,,,,,379.92,8,379.93,10,379.94,11,379.95,10,379.98,1,380.03,2,380.04,3,380.05,3,380.11,3,380.2,2
2025-04-10 09:31:58,379.915,379.92,6,379.83,3,380.0,22,380.0,379.83,379.83,3,379.82,5,379.73,5,379.56,3,379.54,1,379.47,2,379.46,3,379.45,2,379.36,4,,,380.0,22,380.03,2,380.04,3,380.05,3,380.11,3,380.2,2,380.21,6,380.29,3,380.3,5,380.31,2
2025-04-10 09:31:59,379.995,380.0,1,379.91,1,380.08,2,380.08,379.91,379.91,1,379.83,7,379.82,5,379.73,5,379.56,3,379.54,1,379.47,2,379.46,3,379.45,2,379.36,4,380.08,2,380.12,4,380.2,2,380.21,6,380.29,3,380.3,5,380.31,2,380.35,1,380.36,1,380.4,3
2025-04-10 09:32:00,379.93,379.93,3,379.86,2,380.0,3,380.0,379.86,379.86,2,379.83,7,379.82,5,379.73,5,379.56,3,379.54,1,379.47,2,379.46,3,379.45,2,379.36,4,380.0,3,380.01,3,380.02,4,380.12,4,380.2,2,380.21,6,380.29,3,380.3,5,380.31,2,380.35,1
2025-04-10 09:32:01,379.855,381.13,2,379.76,3,379.95,3,379.95,379.76,379.76,3,379.73,3,379.56,3,379.54,1,379.47,2,379.46,3,379.45,2,379.36,4,,,,,379.95,3,379.96,3,379.97,3,379.98,2,380.01,1,380.02,4,380.12,4,380.2,2,380.21,6,380.29,3
2025-04-10 09:32:02,379.855,379.86,1,379.77,2,379.94,1,379.94,379.77,379.77,2,379.76,3,379.73,3,379.56,3,379.54,1,379.47,2,379.46,3,379.45,2,379.36,4,,,379.94,1,379.95,3,379.96,3,379.97,3,379.98,2,380.01,1,380.02,4,380.12,4,380.2,2,380.21,6
2025-04-10 09:32:03,379.855,379.87,1,379.77,1,379.94,1,379.94,379.77,379.77,1,379.76,3,379.73,3,379.56,3,379.54,1,379.47,2,379.46,3,379.45,2,379.36,4,,,379.94,1,379.95,3,379.96,3,379.97,3,379.98,2,380.01,1,380.02,4,380.12,4,380.2,2,380.21,6
2025-04-10 09:32:04,379.89,379.89,1,379.78,1,380.0,1,380.0,379.78,379.78,1,379.77,3,379.76,3,379.73,3,379.56,3,379.54,1,379.47,2,379.46,3,379.45,2,379.36,4,380.0,1,380.01,1,380.02,4,380.12,4,380.2,2,380.21,6,380.29,3,380.3,5,380.31,2,380.35,1
2025-04-10 09:32:05,380.045,380.03,1,380.0,2,380.09,1,380.09,380.0,380.0,2,379.98,3,379.93,3,379.9,50,379.89,3,379.78,2,379.77,3,379.76,3,379.73,3,379.56,3,380.09,1,380.14,1,380.24,2,380.29,3,380.3,5,380.31,2,380.35,1,380.36,1,380.4,3,380.41,2
2025-04-10 09:32:06,380.525,380.43,1,380.34,2,380.71,3,380.71,380.34,380.34,2,380.26,1,380.14,5,380.11,2,380.04,3,380.03,1,379.98,3,379.93,7,379.9,50,379.89,3,380.71,3,380.72,1,380.79,1,380.8,4,380.81,4,380.82,2,380.83,3,380.84,2,380.85,5,380.86,2
2025-04-10 09:32:07,380.31,380.36,1,380.14,6,380.48,2,380.48,380.14,380.14,6,380.11,2,380.04,3,380.03,1,379.98,3,379.93,7,379.9,50,379.89,3,379.78,2,379.77,3,380.48,2,380.59,3,380.6,2,380.71,4,380.72,1,380.79,1,380.8,4,380.81,4,380.82,2,380.83,3
2025-04-10 09:32:08,380.255,380.27,1,380.14,7,380.37,1,380.37,380.14,380.14,7,380.11,2,380.04,3,380.03,1,379.98,3,379.93,7,379.9,50,379.89,3,379.78,2,379.77,3,380.37,1,380.46,3,380.47,1,380.48,2,380.59,3,380.6,2,380.71,4,380.72,1,380.79,1,380.8,4
2025-04-10 09:32:09,380.35,380.35,1,380.24,4,380.46,28,380.46,380.24,380.24,4,380.2,3,380.14,6,380.11,2,380.04,3,380.03,1,379.98,3,379.93,7,379.9,50,379.89,3,380.46,28,380.47,1,380.48,2,380.59,3,380.6,2,380.71,4,380.72,1,380.79,1,380.8,4,380.81,4
2025-04-10 09:32:10,380.46,380.57,1,380.34,3,380.58,1,380.58,380.34,380.34,3,380.3,2,380.27,1,380.24,4,380.2,3,380.14,6,380.11,2,380.04,3,380.03,1,379.98,3,380.58,1,380.59,4,380.6,2,380.71,4,380.72,1,380.79,1,380.8,4,380.81,4,380.82,2,380.83,3
2025-04-10 09:32:11,380.46,380.58,5,380.34,3,380.58,1,380.58,380.34,380.34,3,380.3,2,380.27,1,380.24,4,380.2,3,380.14,6,380.11,2,380.04,3,380.03,1,379.98,3,380.58,1,380.59,4,380.6,2,380.71,4,380.72,1,380.79,1,380.8,4,380.81,4,380.82,2,380.83,3
2025-04-10 09:32:12,380.47,380.46,1,380.36,1,380.58,2,380.58,380.36,380.36,1,380.34,4,380.3,2,380.27,1,380.24,4,380.2,3,380.14,6,380.11,2,380.04,3,380.03,1,380.58,2,380.59,4,380.6,2,380.71,4,380.72,1,380.79,1,380.8,4,380.81,4,380.82,2,380.83,3
2025-04-10 09:32:13,380.295,380.2,1,380.15,1,380.44,3,380.44,380.15,380.15,1,380.14,6,380.11,2,380.04,3,380.03,1,379.98,3,379.93,7,379.9,50,379.89,3,379.78,2,380.44,3,380.45,2,380.56,1,380.58,2,380.59,4,380.6,2,380.71,4,380.72,1,380.79,1,380.8,4
2025-04-10 09:32:14,380.15,380.16,1,380.04,3,380.26,1,380.26,380.04,380.04,3,380.0,3,379.95,5,379.93,7,379.9,50,379.89,3,379.78,2,379.77,3,379.76,3,379.73,3,380.26,1,380.27,1,380.28,1,380.29,2,380.44,5,380.45,2,380.56,1,380.58,2,380.59,4,380.6,2
2025-04-10 09:32:15,380.185,380.14,2,380.09,1,380.28,1,380.28,380.09,380.09,1,380.04,3,380.0,3,379.95,5,379.93,7,379.9,50,379.89,3,379.78,2,379.77,3,379.76,3,380.28,1,380.45,2,380.56,1,380.58,2,380.59,4,380.6,2,380.71,4,380.72,1,380.79,1,380.8,4
2025-04-10 09:32:16,380.245,380.14,1,380.04,3,380.45,2,380.45,380.04,380.04,3,380.0,3,379.95,5,379.93,7,379.9,50,379.89,3,379.78,2,379.77,3,379.76,3,379.73,3,380.45,2,380.56,1,380.58,2,380.59,4,380.6,2,380.71,4,380.72,1,380.79,1,380.8,4,380.81,4
2025-04-10 09:32:17,380.325,380.33,1,380.21,4,380.44,1,380.44,380.21,380.21,4,380.14,4,380.13,3,380.09,1,380.04,3,380.0,3,379.95,5,379.93,7,379.9,50,379.89,3,380.44,1,380.45,5,380.56,1,380.58,2,380.59,4,380.6,2,380.71,4,380.72,1,380.79,1,380.8,4
2025-04-10 09:32:18,380.525,380.47,1,380.46,1,380.59,4,380.59,380.46,380.46,1,380.45,1,380.44,1,380.21,5,380.14,4,380.13,3,380.09,1,380.04,3,380.0,3,379.95,5,380.59,4,380.6,2,380.71,4,380.72,1,380.79,1,380.8,4,380.81,4,380.82,2,380.83,3,380.84,2
2025-04-10 09:32:19,380.755,380.75,1,380.67,3,380.84,3,380.84,380.67,380.67,3,380.6,3,380.55,6,380.51,3,380.5,4,380.47,2,380.46,4,380.45,1,380.44,1,380.21,5,380.84,3,380.88,3,380.89,2,380.93,4,381.05,4,381.23,4,381.37,6,381.38,2,381.39,2,381.4,1
2025-04-10 09:32:20,381.065,381.03,2,380.89,4,381.24,2,381.24,380.89,380.89,4,380.88,5,380.81,2,380.76,1,380.75,1,380.71,7,380.67,4,380.6,3,380.55,6,380.51,3,381.24,2,381.37,6,381.38,2,381.39,2,381.4,1,381.41,1,381.42,1,381.43,1,381.57,2,381.58,1
2025-04-10 09:32:21,380.82,380.84,1,380.71,6,380.93,2,380.93,380.71,380.71,6,380.67,4,380.6,3,380.55,6,380.51,3,380.5,4,380.47,2,380.46,4,380.45,1,380.44,1,380.93,2,381.0,5,381.08,2,381.09,3,381.1,4,381.11,3,381.12,5,381.13,3,381.14,3,381.15,1
2025-04-10 09:32:22,380.58,380.61,1,380.45,3,380.71,2,380.71,380.45,380.45,3,380.22,1,380.21,6,380.14,4,380.13,3,380.09,1,380.04,3,380.0,3,379.95,5,379.93,7,380.71,2,380.81,1,380.83,3,380.93,2,381.0,5,381.08,2,381.09,3,381.1,4,381.11,3,381.12,5
2025-04-10 09:32:23,380.695,380.7,2,380.59,3,380.8,2,380.8,380.59,380.59,3,380.56,1,380.51,1,380.45,3,380.22,1,380.21,6,380.14,4,380.13,3,380.09,1,380.04,3,380.8,2,380.81,1,380.83,3,380.93,2,381.0,5,381.08,2,381.09,3,381.1,4,381.11,3,381.12,5
2025-04-10 09:32:24,380.695,380.7,1,380.59,3,380.8,2,380.8,380.59,380.59,3,380.56,1,380.51,1,380.45,3,380.22,1,380.21,6,380.14,4,380.13,3,380.09,1,380.04,3,380.8,2,380.81,1,380.83,3,380.93,2,381.0,5,381.08,2,381.09,3,381.1,4,381.11,3,381.12,5
2025-04-10 09:32:25,380.72,380.73,1,380.6,1,380.84,2,380.84,380.6,380.6,1,380.59,4,380.56,1,380.51,1,380.45,3,380.22,1,380.21,6,380.14,4,380.13,3,380.09,1,380.84,2,380.85,1,380.86,1,380.93,2,381.0,5,381.08,2,381.09,3,381.1,4,381.11,3,381.12,5
2025-04-10 09:32:26,380.605,380.51,1,380.51,2,380.7,2,380.7,380.51,380.51,2,380.45,3,380.22,1,380.21,6,380.14,4,380.13,3,380.09,1,380.04,3,380.0,3,379.95,5,380.7,2,380.71,1,380.84,2,380.85,1,380.86,1,380.93,2,381.0,5,381.08,2,381.09,3,381.1,4
2025-04-10 09:32:27,380.405,380.41,1,380.26,2,380.55,3,380.55,380.26,380.26,2,380.21,8,380.14,4,380.13,3,380.09,1,380.04,3,380.0,3,379.95,5,379.93,7,379.9,50,380.55,3,380.57,1,380.64,1,380.7,4,380.84,1,380.85,2,380.86,1,380.93,2,381.0,5,381.08,2
2025-04-10 09:32:28,380.52,380.45,1,380.4,1,380.64,8,380.64,380.4,380.4,1,380.36,1,380.27,1,380.26,2,380.21,8,380.14,4,380.13,3,380.09,1,380.04,3,380.0,3,380.64,8,380.7,2,380.84,1,380.85,2,380.86,1,380.93,2,381.0,5,381.08,2,381.09,3,381.1,4
2025-04-10 09:32:29,380.55,380.53,1,380.43,2,380.67,2,380.67,380.43,380.43,2,380.36,2,380.27,6,380.26,2,380.21,8,380.14,4,380.13,3,380.09,1,380.04,3,380.0,3,380.67,2,380.7,2,380.84,1,380.85,2,380.86,1,380.93,2,381.0,5,381.08,2,381.09,3,381.1,4
2025-04-10 09:32:30,380.475,380.48,1,380.39,1,380.56,4,380.56,380.39,380.39,1,380.36,2,380.27,6,380.26,2,380.21,8,380.14,4,380.13,3,380.09,1,380.04,3,380.0,3,380.56,4,380.64,1,380.67,2,380.7,2,380.84,1,380.85,2,380.86,1,380.93,2,381.0,5,381.08,2
2025-04-10 09:32:31,380.295,380.19,1,380.16,2,380.43,1,380.43,380.16,380.16,2,380.13,1,380.09,1,380.04,3,380.0,3,379.95,5,379.93,7,379.9,50,379.89,3,379.78,2,380.43,1,380.45,2,380.64,3,380.67,2,380.7,2,380.84,1,380.85,2,380.86,1,380.93,2,381.0,5
2025-04-10 09:32:32,380.42,380.23,1,380.2,2,380.64,3,380.64,380.2,380.2,2,380.16,11,380.13,1,380.09,1,380.04,3,380.0,3,379.95,5,379.93,7,379.9,50,379.89,3,380.64,3,380.67,2,380.7,2,380.84,1,380.85,2,380.86,1,380.93,2,381.0,5,381.08,2,381.09,3
2025-04-10 09:32:33,380.325,380.32,1,380.22,1,380.43,2,380.43,380.22,380.22,1,380.2,2,380.16,11,380.13,1,380.09,1,380.04,3,380.0,3,379.95,5,379.93,7,379.9,50,380.43,2,380.64,3,380.67,2,380.7,2,380.84,1,380.85,2,380.86,1,380.93,2,381.0,5,381.08,2
2025-04-10 09:32:34,380.48,380.38,1,380.32,5,380.64,3,380.64,380.32,380.32,5,380.27,1,380.22,2,380.2,2,380.16,11,380.13,1,380.09,1,380.04,3,380.0,3,379.95,5,380.64,3,380.67,2,380.7,2,380.84,1,380.85,2,380.86,1,380.93,2,381.0,5,381.08,2,381.09,3
2025-04-10 09:32:35,380.45,380.48,1,380.32,7,380.58,4,380.58,380.32,380.32,7,380.27,1,380.22,2,380.2,2,380.16,11,380.13,1,380.09,1,380.04,3,380.0,3,379.95,5,380.58,4,380.63,2,380.64,3,380.67,2,380.7,2,380.84,1,380.85,2,380.86,1,380.93,2,381.0,5
2025-04-10 09:32:36,380.385,380.39,1,380.32,6,380.45,22,380.45,380.32,380.32,6,380.27,1,380.22,2,380.2,2,380.16,11,380.13,1,380.09,1,380.04,3,380.0,3,379.95,5,380.45,22,380.63,3,380.64,3,380.67,2,380.7,2,380.84,1,380.85,2,380.86,1,380.93,2,381.0,5
2025-04-10 09:32:37,380.525,380.53,1,380.42,7,380.63,5,380.63,380.42,380.42,7,380.41,6,380.32,7,380.27,1,380.22,2,380.2,2,380.16,11,380.13,1,380.09,1,380.04,3,380.63,5,380.64,3,380.67,2,380.7,2,380.84,1,380.85,2,380.86,1,380.93,2,381.0,5,381.08,2
2025-04-10 09:32:38,380.475,380.52,1,380.32,8,380.63,5,380.63,380.32,380.32,8,380.27,1,380.22,2,380.2,2,380.16,11,380.13,1,380.09,1,380.04,3,380.0,3,379.95,5,380.63,5,380.64,3,380.67,2,380.7,2,380.84,1,380.85,2,380.86,1,380.93,2,381.0,5,381.08,2
2025-04-10 09:32:39,380.505,380.51,1,380.38,2,380.63,5,380.63,380.38,380.38,2,380.32,7,380.27,1,380.22,2,380.2,2,380.16,11,380.13,1,380.09,1,380.04,3,380.0,3,380.63,5,380.64,3,380.67,2,380.7,2,380.84,1,380.85,2,380.86,1,380.93,2,381.0,5,381.08,2
2025-04-10 09:32:40,380.505,380.52,1,380.39,1,380.62,2,380.62,380.39,380.39,1,380.38,3,380.32,7,380.27,1,380.22,2,380.2,2,380.16,11,380.13,1,380.09,1,380.04,3,380.62,2,380.63,5,380.64,3,380.67,2,380.7,2,380.84,1,380.85,2,380.86,1,380.93,2,381.0,5
2025-04-10 09:32:41,380.655,380.67,1,380.52,2,380.79,1,380.79,380.52,380.52,2,380.43,1,380.42,2,380.39,2,380.38,3,380.32,7,380.27,1,380.22,2,380.2,2,380.16,11,380.79,1,380.89,3,380.9,1,380.93,2,381.0,5,381.08,2,381.09,3,381.1,4,381.11,3,381.12,5
2025-04-10 09:32:42,380.655,380.64,1,380.52,3,380.79,1,380.79,380.52,380.52,3,380.43,1,380.42,2,380.39,2,380.38,3,380.32,7,380.27,1,380.22,2,380.2,2,380.16,11,380.79,1,380.89,3,380.9,1,380.93,2,381.0,5,381.08,2,381.09,3,381.1,4,381.11,3,381.12,5
2025-04-10 09:32:43,380.68,380.63,1,380.57,2,380.79,1,380.79,380.57,380.57,2,380.52,4,380.43,1,380.42,2,380.39,2,380.38,3,380.32,7,380.27,1,380.22,2,380.2,2,380.79,1,380.89,3,380.9,1,380.93,2,381.0,5,381.08,2,381.09,3,381.1,4,381.11,3,381.12,5
2025-04-10 09:32:44,380.765,380.66,3,380.64,1,380.89,1,380.89,380.64,380.64,1,380.63,3,380.59,1,380.58,1,380.57,3,380.52,4,380.43,1,380.42,2,380.39,2,380.38,3,380.89,1,380.9,2,380.93,2,381.0,5,381.08,2,381.09,3,381.1,4,381.11,3,381.12,5,381.13,3
2025-04-10 09:32:45,380.635,380.48,1,380.48,1,380.79,5,380.79,380.48,380.48,1,380.43,1,380.42,2,380.39,2,380.38,3,380.32,7,380.27,1,380.22,2,380.2,2,380.16,11,380.79,5,380.8,3,380.89,3,380.9,2,380.93,2,381.0,5,381.08,2,381.09,3,381.1,4,381.11,3
2025-04-10 09:32:46,380.635,380.64,1,380.48,3,380.79,3,380.79,380.48,380.48,3,380.43,1,380.42,2,380.39,2,380.38,3,380.32,7,380.27,1,380.22,2,380.2,2,380.16,11,380.79,3,380.8,3,380.89,3,380.9,2,380.93,2,381.0,5,381.08,2,381.09,3,381.1,4,381.11,3
2025-04-10 09:32:47,380.585,380.57,1,380.42,2,380.75,2,380.75,380.42,380.42,2,380.39,3,380.38,3,380.32,7,380.27,1,380.22,2,380.2,2,380.16,11,380.13,1,380.09,1,380.75,2,380.79,2,380.8,3,380.89,3,380.9,2,380.93,2,381.0,5,381.08,2,381.09,3,381.1,4
2025-04-10 09:32:48,380.59,380.59,1,380.42,3,380.76,1,380.76,380.42,380.42,3,380.39,3,380.38,3,380.32,7,380.27,1,380.22,2,380.2,2,380.16,11,380.13,1,380.09,1,380.76,1,380.77,1,380.79,2,380.8,3,380.89,3,380.9,2,380.93,2,381.0,5,381.08,2,381.09,3
2025-04-10 09:32:49,380.58,380.59,1,380.42,4,380.74,3,380.74,380.42,380.42,4,380.39,3,380.38,3,380.32,7,380.27,1,380.22,2,380.2,2,380.16,11,380.13,1,380.09,1,380.74,3,380.75,2,380.76,1,380.77,1,380.79,2,380.8,3,380.89,3,380.9,2,380.93,2,381.0,5
2025-04-10 09:32:50,381.0,381.0,1,380.82,4,381.18,1,381.18,380.82,380.82,4,380.79,1,380.69,2,380.68,2,380.62,1,380.61,1,380.6,1,380.47,3,380.43,5,380.42,3,381.18,1,381.19,2,381.21,1,381.24,4,381.37,6,381.38,2,381.39,2,381.4,1,381.41,1,381.42,1
2025-04-10 09:32:51,381.4,381.49,1,381.21,1,381.59,5,381.59,381.21,381.21,1,380.86,9,380.85,9,380.84,8,380.83,9,380.82,6,380.79,1,380.69,2,380.68,2,380.62,1,381.59,5,381.6,1,381.61,1,381.62,1,381.72,1,381.75,2,381.76,2,381.77,2,381.78,2,381.79,2
2025-04-10 09:32:52,381.4,381.4,1,381.21,3,381.59,4,381.59,381.21,381.21,3,380.86,9,380.85,9,380.84,8,380.83,9,380.82,6,380.79,1,380.69,2,380.68,2,380.62,1,381.59,4,381.6,1,381.61,1,381.62,1,381.72,1,381.75,2,381.76,2,381.77,2,381.78,2,381.79,2
2025-04-10 09:32:53,381.4,381.43,1,381.21,7,381.59,4,381.59,381.21,381.21,7,380.86,9,380.85,9,380.84,8,380.83,9,380.82,6,380.79,1,380.69,2,380.68,2,380.62,1,381.59,4,381.6,1,381.61,1,381.62,1,381.72,1,381.75,2,381.76,2,381.77,2,381.78,2,381.79,2
2025-04-10 09:32:54,381.42,381.42,1,381.25,1,381.59,4,381.59,381.25,381.25,1,381.21,7,380.86,9,380.85,9,380.84,8,380.83,9,380.82,6,380.79,1,380.69,2,380.68,2,381.59,4,381.6,1,381.61,1,381.62,1,381.72,1,381.75,2,381.76,2,381.77,2,381.78,2,381.79,2
2025-04-10 09:32:55,381.64,381.64,1,381.52,2,381.76,1,381.76,381.52,381.52,2,381.32,5,381.25,2,381.21,7,380.86,9,380.85,9,380.84,8,380.83,9,380.82,6,380.79,1,381.76,1,381.84,5,381.85,2,382.04,1,382.05,1,382.07,3,382.17,2,382.23,1,382.31,1,382.32,2
2025-04-10 09:32:56,381.77,381.77,1,381.64,4,381.9,2,381.9,381.64,381.64,4,381.53,5,381.52,3,381.32,5,381.25,2,381.21,7,380.86,9,380.85,9,380.84,8,380.83,9,381.9,2,381.96,2,382.04,1,382.05,1,382.07,3,382.17,2,382.23,1,382.31,1,382.32,2,382.33,3
2025-04-10 09:32:57,381.935,382.0,1,381.81,1,382.06,1,382.06,381.81,381.81,1,381.78,3,381.69,2,381.68,1,381.64,1,381.53,5,381.52,3,381.32,5,381.25,2,381.21,7,382.06,1,382.07,3,382.17,2,382.23,1,382.31,1,382.32,2,382.33,3,382.34,7,382.35,3,382.36,1
2025-04-10 09:32:58,381.935,381.88,2,381.81,2,382.06,1,382.06,381.81,381.81,2,381.78,3,381.69,2,381.68,1,381.64,1,381.53,5,381.52,3,381.32,5,381.25,2,381.21,7,382.06,1,382.07,3,382.17,2,382.23,1,382.31,1,382.32,2,382.33,3,382.34,7,382.35,3,382.36,1
2025-04-10 09:32:59,382.215,382.08,1,382.08,2,382.35,1,382.35,382.08,382.08,2,381.91,1,381.81,6,381.78,3,381.69,2,381.68,1,381.64,1,381.53,5,381.52,3,381.32,5,382.35,1,382.36,4,382.45,3,382.46,2,382.51,3,382.58,2,382.59,6,382.6,2,382.68,7,382.7,8
2025-04-10 09:33:00,382.0,382.04,1,381.81,5,382.19,4,382.19,381.81,381.81,5,381.78,3,381.69,2,381.68,1,381.64,1,381.53,5,381.52,3,381.32,5,381.25,2,381.21,7,382.19,4,382.2,1,382.22,2,382.27,1,382.34,2,382.35,3,382.36,4,382.45,3,382.46,2,382.51,3
2025-04-10 09:33:01,381.93,382.0,1,381.81,3,382.05,1,382.05,381.81,381.81,3,381.78,3,381.69,2,381.68,1,381.64,1,381.53,5,381.52,3,381.32,5,381.25,2,381.21,7,382.05,1,382.1,2,382.2,1,382.22,2,382.27,1,382.34,2,382.35,3,382.36,4,382.45,3,382.46,2
2025-04-10 09:33:02,381.77,381.78,1,381.61,1,381.93,1,381.93,381.61,381.61,1,381.46,2,381.32,5,381.25,2,381.21,7,380.86,9,380.85,9,380.84,8,380.83,9,380.82,6,381.93,1,381.94,3,382.0,1,382.05,1,382.06,1,382.22,2,382.27,1,382.34,2,382.35,3,382.36,4
2025-04-10 09:33:03,381.72,381.63,1,381.59,1,381.85,1,381.85,381.59,381.59,1,381.23,5,381.21,7,380.86,9,380.85,9,380.84,8,380.83,9,380.82,6,380.79,1,380.69,2,381.85,1,381.93,2,381.94,3,382.0,1,382.05,1,382.06,1,382.22,2,382.27,1,382.34,2,382.35,3
2025-04-10 09:33:04,381.535,381.6,1,381.4,1,381.67,4,381.67,381.4,381.4,1,381.3,1,381.21,5,380.86,9,380.85,9,380.84,8,380.83,9,380.82,6,380.79,1,380.69,2,381.67,4,381.75,2,381.8,2,381.85,2,381.93,2,381.94,3,382.0,1,382.05,1,382.06,1,382.22,2
2025-04-10 09:33:05,381.415,381.2,1,381.21,1,381.62,2,381.62,381.21,381.21,1,381.2,1,381.18,1,380.86,9,380.85,9,380.84,8,380.83,9,380.82,6,380.79,1,380.69,2,381.62,2,381.67,6,381.75,2,381.8,2,381.85,2,381.93,2,381.94,3,382.0,1,382.05,1,382.06,1
2025-04-10 09:33:06,381.12,381.02,1,380.97,1,381.27,3,381.27,380.97,380.97,1,380.86,9,380.85,9,380.84,8,380.83,9,380.82,6,380.79,1,380.69,2,380.68,2,380.62,1,381.27,3,381.28,4,381.48,5,381.62,2,381.67,6,381.75,2,381.8,2,381.85,2,381.93,2,381.94,3
2025-04-10 09:33:07,381.17,381.15,1,380.89,5,381.45,1,381.45,380.89,380.89,5,380.82,4,380.79,1,380.69,2,380.68,2,380.62,1,380.61,1,380.6,1,380.47,3,380.43,5,381.45,1,381.48,5,381.62,2,381.67,6,381.75,2,381.8,2,381.85,2,381.93,2,381.94,3,382.0,1
2025-04-10 09:33:08,381.08,381.15,1,380.89,3,381.27,1,381.27,380.89,380.89,3,380.82,4,380.79,1,380.69,2,380.68,2,380.62,1,380.61,1,380.6,1,380.47,3,380.43,5,381.27,1,381.45,1,381.48,5,381.62,2,381.67,6,381.75,2,381.8,2,381.85,2,381.93,2,381.94,3
2025-04-10 09:33:09,381.32,381.43,1,381.19,1,381.45,2,381.45,381.19,381.19,1,381.01,2,380.95,1,380.9,2,380.89,5,380.82,4,380.79,1,380.69,2,380.68,2,380.62,1,381.45,2,381.48,5,381.62,2,381.67,6,381.75,2,381.8,2,381.85,2,381.93,2,381.94,3,382.0,1
2025-04-10 09:33:10,381.4,381.4,1,381.3,2,381.5,1,381.5,381.3,381.3,2,381.19,2,381.01,2,380.95,1,380.9,2,380.89,5,380.82,4,380.79,1,380.69,2,380.68,2,381.5,1,381.62,2,381.67,6,381.75,2,381.8,2,381.85,2,381.93,2,381.94,3,382.0,1,382.05,1
2025-04-10 09:33:11,381.4,381.4,1,381.3,2,381.5,1,381.5,381.3,381.3,2,381.19,2,381.01,2,380.95,1,380.9,2,380.89,5,380.82,4,380.79,1,380.69,2,380.68,2,381.5,1,381.62,2,381.67,6,381.75,2,381.8,2,381.85,2,381.93,2,381.94,3,382.0,1,382.05,1
2025-04-10 09:33:12,381.33,381.3,1,381.17,1,381.49,1,381.49,381.17,381.17,1,380.91,5,380.9,2,380.89,5,380.82,4,380.79,1,380.69,2,380.68,2,380.62,1,380.61,1,381.49,1,381.5,3,381.62,2,381.67,6,381.75,2,381.8,2,381.85,2,381.93,2,381.94,3,382.0,1
2025-04-10 09:33:13,381.27,381.13,2,381.09,2,381.45,2,381.45,381.09,381.09,2,380.91,5,380.9,2,380.89,5,380.82,4,380.79,1,380.69,2,380.68,2,380.62,1,380.61,1,381.45,2,381.47,1,381.53,28,381.62,2,381.67,6,381.75,2,381.8,2,381.85,2,381.93,2,381.94,3
2025-04-10 09:33:14,381.265,381.2,1,381.09,2,381.44,1,381.44,381.09,381.09,2,380.91,5,380.9,2,380.89,5,380.82,4,380.79,1,380.69,2,380.68,2,380.62,1,380.61,1,381.44,1,381.51,2,381.53,28,381.62,2,381.67,6,381.75,2,381.8,2,381.85,2,381.93,2,381.94,3
2025-04-10 09:33:15,381.465,381.5,1,381.37,3,381.56,1,381.56,381.37,381.37,3,381.23,3,381.21,2,381.2,3,381.09,2,380.91,5,380.9,2,380.89,5,380.82,4,380.79,1,381.56,1,381.62,1,381.67,6,381.75,2,381.8,2,381.85,2,381.93,2,381.94,3,382.0,1,382.05,1
2025-04-10 09:33:16,381.38,381.34,1,381.2,6,381.56,2,381.56,381.2,381.2,6,381.09,2,380.91,5,380.9,2,380.89,5,380.82,4,380.79,1,380.69,2,380.68,2,380.62,1,381.56,2,381.62,1,381.67,6,381.75,2,381.8,2,381.85,2,381.93,2,381.94,3,382.0,1,382.05,1
2025-04-10 09:33:17,381.415,381.42,1,381.27,10,381.56,1,381.56,381.27,381.27,10,381.2,5,381.09,2,380.91,5,380.9,2,380.89,5,380.82,4,380.79,1,380.69,2,380.68,2,381.56,1,381.62,1,381.67,6,381.75,2,381.8,2,381.85,2,381.93,2,381.94,3,382.0,1,382.05,1
2025-04-10 09:33:18,381.44,381.42,1,381.27,10,381.61,1,381.61,381.27,381.27,10,381.2,5,381.09,2,380.91,5,380.9,2,380.89,5,380.82,4,380.79,1,380.69,2,380.68,2,381.61,1,381.62,1,381.67,6,381.75,2,381.8,2,381.85,2,381.93,2,381.94,3,382.0,1,382.05,1
2025-04-10 09:33:19,381.44,381.29,1,381.27,10,381.61,1,381.61,381.27,381.27,10,381.2,5,381.09,2,380.91,5,380.9,2,380.89,5,380.82,4,380.79,1,380.69,2,380.68,2,381.61,1,381.62,1,381.67,6,381.75,2,381.8,2,381.85,2,381.93,2,381.94,3,382.0,1,382.05,1
2025-04-10 09:33:20,381.44,381.45,1,381.27,12,381.61,1,381.61,381.27,381.27,12,381.2,5,381.09,2,380.91,5,380.9,2,380.89,5,380.82,4,380.79,1,380.69,2,380.68,2,381.61,1,381.62,1,381.67,6,381.75,2,381.8,2,381.85,2,381.93,2,381.94,3,382.0,1,382.05,1
2025-04-10 09:33:21,381.195,381.13,1,381.07,1,381.32,3,381.32,381.07,381.07,1,381.06,1,381.05,1,381.0,5,380.91,5,380.9,2,380.89,5,380.82,4,380.79,1,380.69,2,381.32,3,381.42,3,381.43,3,381.55,1,381.56,2,381.61,1,381.62,1,381.67,6,381.75,2,381.8,2
2025-04-10 09:33:22,381.515,381.52,1,381.38,1,381.65,3,381.65,381.38,381.38,1,381.37,5,381.32,1,381.28,3,381.17,1,381.09,1,381.08,3,381.07,1,381.06,1,381.05,1,381.65,3,381.67,6,381.75,2,381.8,2,381.85,2,381.93,2,381.94,3,382.0,1,382.05,1,382.06,1
2025-04-10 09:33:23,381.54,381.56,2,381.42,6,381.66,1,381.66,381.42,381.42,6,381.19,8,381.15,1,381.08,4,381.07,1,381.06,1,381.05,1,381.0,5,380.91,5,380.9,2,381.66,1,381.67,6,381.75,2,381.8,2,381.85,2,381.93,2,381.94,3,382.0,1,382.05,1,382.06,1
2025-04-10 09:33:24,381.625,381.71,6,381.51,4,381.74,3,381.74,381.51,381.51,4,381.42,7,381.19,8,381.15,1,381.08,4,381.07,1,381.06,1,381.05,1,381.0,5,380.91,5,381.74,3,381.75,2,381.8,2,381.85,2,381.93,2,381.94,3,382.0,1,382.05,1,382.06,1,382.22,2
2025-04-10 09:33:25,381.435,381.44,1,381.25,3,381.62,1,381.62,381.25,381.25,3,381.23,5,381.19,8,381.15,1,381.08,4,381.07,1,381.06,1,381.05,1,381.0,5,380.91,5,381.62,1,381.65,1,381.74,3,381.75,2,381.8,2,381.85,2,381.93,2,381.94,3,382.0,1,382.05,1
2025-04-10 09:33:26,381.435,381.44,1,381.25,3,381.62,1,381.62,381.25,381.25,3,381.23,5,381.19,8,381.15,1,381.08,4,381.07,1,381.06,1,381.05,1,381.0,5,380.91,5,381.62,1,381.68,1,381.74,3,381.75,2,381.8,2,381.85,2,381.93,2,381.94,3,382.0,1,382.05,1
2025-04-10 09:33:27,381.45,381.44,1,381.25,3,381.65,1,381.65,381.25,381.25,3,381.23,5,381.19,8,381.15,1,381.08,4,381.07,1,381.06,1,381.05,1,381.0,5,380.91,5,381.65,1,381.68,1,381.74,3,381.75,2,381.8,2,381.85,2,381.93,2,381.94,3,382.0,1,382.05,1
2025-04-10 09:33:28,381.46,381.5,4,381.26,7,381.66,17,381.66,381.26,381.26,7,381.25,4,381.23,5,381.19,8,381.15,1,381.08,4,381.07,1,381.06,1,381.05,1,381.0,5,381.66,17,381.67,2,381.73,16,381.74,3,381.75,2,381.8,2,381.85,2,381.93,2,381.94,3,382.0,1
2025-04-10 09:33:29,381.62,381.62,1,381.5,51,381.74,4,381.74,381.5,381.5,51,381.49,3,381.41,1,381.26,11,381.25,4,381.23,5,381.19,8,381.15,1,381.08,4,381.07,1,381.74,4,381.75,2,381.8,2,381.85,2,381.93,2,381.94,3,382.0,1,382.05,1,382.06,1,382.22,2
2025-04-10 09:33:30,381.7,381.64,3,381.56,3,381.84,2,381.84,381.56,381.56,3,381.5,50,381.49,3,381.41,1,381.26,11,381.25,4,381.23,5,381.19,8,381.15,1,381.08,4,381.84,2,381.85,4,381.93,2,381.94,3,382.0,1,382.05,1,382.06,1,382.22,2,382.27,1,382.34,2
2025-04-10 09:33:31,381.7,381.7,1,381.56,4,381.84,2,381.84,381.56,381.56,4,381.5,50,381.49,3,381.41,1,381.26,11,381.25,4,381.23,5,381.19,8,381.15,1,381.08,4,381.84,2,381.85,4,381.93,2,381.94,3,382.0,1,382.05,1,382.06,1,382.22,2,382.27,1,382.34,2
2025-04-10 09:33:32,381.7,381.7,1,381.56,3,381.84,2,381.84,381.56,381.56,3,381.5,50,381.49,3,381.41,1,381.26,11,381.25,4,381.23,5,381.19,8,381.15,1,381.08,4,381.84,2,381.85,4,381.93,2,381.94,3,382.0,1,382.05,1,382.06,1,382.22,2,382.27,1,382.34,2
2025-04-10 09:33:33,381.76,381.75,1,381.63,1,381.89,1,381.89,381.63,381.63,1,381.6,1,381.58,1,381.56,3,381.5,50,381.49,3,381.41,1,381.26,11,381.25,4,381.23,5,381.89,1,381.93,2,381.94,3,382.0,1,382.05,1,382.06,1,382.22,2,382.27,1,382.34,2,382.35,3
2025-04-10 09:33:34,381.755,381.71,2,381.63,3,381.88,38,381.88,381.63,381.63,3,381.6,1,381.58,1,381.56,3,381.5,50,381.49,3,381.41,1,381.26,11,381.25,4,381.23,5,381.88,38,381.89,36,381.93,2,381.94,3,382.0,1,382.05,1,382.06,1,382.22,2,382.27,1,382.34,2
2025-04-10 09:33:35,381.755,381.74,1,381.63,3,381.88,38,381.88,381.63,381.63,3,381.6,1,381.58,1,381.56,3,381.5,50,381.49,3,381.41,1,381.26,11,381.25,4,381.23,5,381.88,38,381.89,36,381.93,2,381.94,3,382.0,1,382.05,1,382.06,1,382.22,2,382.27,1,382.34,2
2025-04-10 09:33:36,381.82,381.82,1,381.73,4,381.91,13,381.91,381.73,381.73,4,381.66,3,381.65,2,381.64,3,381.63,5,381.6,1,381.58,1,381.56,3,381.5,50,381.49,3,381.91,13,381.92,8,381.93,2,381.94,3,382.0,1,382.05,1,382.06,1,382.22,2,382.27,1,382.34,2
2025-04-10 09:33:37,381.835,381.84,1,381.74,1,381.93,10,381.93,381.74,381.74,1,381.73,5,381.66,3,381.65,2,381.64,3,381.63,5,381.6,1,381.58,1,381.56,3,381.5,50,381.93,10,381.94,9,382.0,1,382.05,1,382.06,1,382.22,2,382.27,1,382.34,2,382.35,3,382.36,4
2025-04-10 09:33:38,381.86,381.92,1,381.79,2,381.93,19,381.93,381.79,381.79,2,381.74,3,381.73,5,381.66,3,381.65,2,381.64,3,381.63,5,381.6,1,381.58,1,381.56,3,381.93,19,381.96,1,382.0,1,382.05,1,382.06,1,382.22,2,382.27,1,382.34,2,382.35,3,382.36,4
2025-04-10 09:33:39,381.87,381.74,1,381.74,5,382.0,1,382.0,381.74,381.74,5,381.73,5,381.66,3,381.65,2,381.64,3,381.63,5,381.6,1,381.58,1,381.56,3,381.5,50,382.0,1,382.05,1,382.06,1,382.22,2,382.27,1,382.34,2,382.35,3,382.36,4,382.45,3,382.46,2
2025-04-10 09:33:40,381.37,381.39,1,381.15,2,381.59,2,381.59,381.15,381.15,2,381.08,4,381.07,1,381.06,1,381.05,1,381.0,5,380.91,5,380.9,2,380.89,5,380.82,4,381.59,2,381.6,1,381.75,1,381.83,4,381.97,2,382.0,4,382.05,1,382.06,1,382.22,2,382.27,1
2025-04-10 09:33:41,381.365,381.37,1,381.15,3,381.58,2,381.58,381.15,381.15,3,381.13,1,381.12,1,381.08,4,381.07,1,381.06,1,381.05,1,381.0,5,380.91,5,380.9,2,381.58,2,381.59,2,381.6,1,381.75,1,381.83,4,381.97,2,382.0,4,382.05,1,382.06,1,382.22,2
2025-04-10 09:33:43,381.25,381.25,1,381.15,3,381.35,1,381.35,381.15,381.15,3,381.13,1,381.12,1,381.08,4,381.07,1,381.06,1,381.05,1,381.0,5,380.91,5,380.9,2,381.35,1,381.58,3,381.59,2,381.6,1,381.75,1,381.83,4,381.97,2,382.0,4,382.05,1,382.06,1
2025-04-10 09:33:43,381.31,381.15,1,381.15,3,381.47,1,381.47,381.15,381.15,3,381.13,1,381.12,1,381.08,4,381.07,1,381.06,1,381.05,1,381.0,5,380.91,5,380.9,2,381.47,1,381.58,3,381.59,2,381.6,1,381.75,1,381.83,4,381.97,2,382.0,4,382.05,1,382.06,1
2025-04-10 09:33:44,381.365,381.37,1,381.15,3,381.58,3,381.58,381.15,381.15,3,381.13,1,381.12,1,381.08,4,381.07,1,381.06,1,381.05,1,381.0,5,380.91,5,380.9,2,381.58,3,381.59,2,381.6,1,381.75,1,381.83,4,381.97,2,382.0,4,382.05,1,382.06,1,382.22,2
2025-04-10 09:33:46,381.365,381.37,1,381.15,3,381.58,3,381.58,381.15,381.15,3,381.13,1,381.12,1,381.08,4,381.07,1,381.06,1,381.05,1,381.0,5,380.91,5,380.9,2,381.58,3,381.59,2,381.6,1,381.75,1,381.83,4,381.97,2,382.0,4,382.05,1,382.06,1,382.22,2
2025-04-10 09:33:47,381.34,381.34,1,381.21,1,381.47,1,381.47,381.21,381.21,1,381.15,3,381.13,1,381.12,1,381.08,4,381.07,1,381.06,1,381.05,1,381.0,5,380.91,5,381.47,1,381.58,4,381.59,2,381.6,1,381.75,1,381.83,4,381.97,2,382.0,4,382.05,1,382.06,1
2025-04-10 09:33:47,381.355,381.24,1,381.24,2,381.47,2,381.47,381.24,381.24,2,381.15,4,381.13,1,381.12,1,381.08,4,381.07,1,381.06,1,381.05,1,381.0,5,380.91,5,381.47,2,381.58,4,381.59,2,381.6,1,381.75,1,381.83,4,381.97,2,382.0,4,382.05,1,382.06,1
2025-04-10 09:33:49,381.355,381.36,1,381.24,2,381.47,2,381.47,381.24,381.24,2,381.15,4,381.13,1,381.12,1,381.08,4,381.07,1,381.06,1,381.05,1,381.0,5,380.91,5,381.47,2,381.58,4,381.59,2,381.6,1,381.75,1,381.83,4,381.97,2,382.0,4,382.05,1,382.06,1
2025-04-10 09:33:50,381.3,381.3,1,381.15,4,381.45,3,381.45,381.15,381.15,4,381.13,1,381.12,1,381.08,4,381.07,1,381.06,1,381.05,1,381.0,5,380.91,5,380.9,2,381.45,3,381.47,2,381.58,4,381.59,2,381.6,1,381.75,1,381.83,4,381.97,2,382.0,4,382.05,1
2025-04-10 09:33:50,381.355,381.24,6,381.24,2,381.47,3,381.47,381.24,381.24,2,381.15,4,381.13,1,381.12,1,381.08,4,381.07,1,381.06,1,381.05,1,381.0,5,380.91,5,381.47,3,381.58,4,381.59,2,381.6,1,381.75,1,381.83,4,381.97,2,382.0,4,382.05,1,382.06,1
2025-04-10 09:33:51,381.305,381.42,1,381.15,6,381.46,4,381.46,381.15,381.15,6,381.13,1,381.12,1,381.08,4,381.07,1,381.06,1,381.05,1,381.0,5,380.91,5,380.9,2,381.46,4,381.47,3,381.58,4,381.59,2,381.6,1,381.75,1,381.83,4,381.97,2,382.0,4,382.05,1
2025-04-10 09:33:53,381.225,381.23,1,381.15,5,381.3,1,381.3,381.15,381.15,5,381.13,1,381.12,1,381.08,4,381.07,1,381.06,1,381.05,1,381.0,5,380.91,5,380.9,2,381.3,1,381.46,4,381.47,3,381.58,4,381.59,2,381.6,1,381.75,1,381.83,4,381.97,2,382.0,4
2025-04-10 09:33:53,381.225,381.23,1,381.15,6,381.3,2,381.3,381.15,381.15,6,381.13,1,381.12,1,381.08,4,381.07,1,381.06,1,381.05,1,381.0,5,380.91,5,380.9,2,381.3,2,381.46,4,381.47,3,381.58,4,381.59,2,381.6,1,381.75,1,381.83,4,381.97,2,382.0,4
2025-04-10 09:33:55,381.225,381.23,1,381.15,6,381.3,1,381.3,381.15,381.15,6,381.13,1,381.12,1,381.08,4,381.07,1,381.06,1,381.05,1,381.0,5,380.91,5,380.9,2,381.3,1,381.46,4,381.47,3,381.58,4,381.59,2,381.6,1,381.75,1,381.83,4,381.97,2,382.0,4
2025-04-10 09:33:56,381.37,381.39,1,381.24,2,381.5,35,381.5,381.24,381.24,2,381.15,5,381.13,1,381.12,1,381.08,4,381.07,1,381.06,1,381.05,1,381.0,5,380.91,5,381.5,35,381.58,3,381.59,2,381.6,1,381.75,1,381.83,4,381.97,2,382.0,4,382.05,1,382.06,1
2025-04-10 09:33:57,381.305,381.24,1,381.15,6,381.46,2,381.46,381.15,381.15,6,381.13,1,381.12,1,381.08,4,381.07,1,381.06,1,381.05,1,381.0,5,380.91,5,380.9,2,381.46,2,381.57,1,381.58,3,381.59,2,381.6,1,381.75,1,381.83,4,381.97,2,382.0,4,382.05,1
2025-04-10 09:33:58,381.135,381.15,1,381.0,5,381.27,1,381.27,381.0,381.0,5,380.91,5,380.9,2,380.89,5,380.82,4,380.79,1,380.69,2,380.68,2,380.62,1,380.61,1,381.27,1,381.31,1,381.39,1,381.45,3,381.46,2,381.57,1,381.58,3,381.59,2,381.6,1,381.75,1
2025-04-10 09:33:59,381.135,381.27,5,381.0,5,381.27,3,381.27,381.0,381.0,5,380.91,5,380.9,2,380.89,5,380.82,4,380.79,1,380.69,2,380.68,2,380.62,1,380.61,1,381.27,3,381.31,1,381.39,1,381.45,3,381.46,2,381.57,1,381.58,3,381.59,2,381.6,1,381.75,1
2025-04-10 09:34:00,381.225,381.24,1,381.08,2,381.37,26,381.37,381.08,381.08,2,381.07,3,381.04,2,381.0,6,380.91,5,380.9,2,380.89,5,380.82,4,380.79,1,380.69,2,381.37,26,381.39,1,381.45,3,381.46,2,381.57,1,381.58,3,381.59,2,381.6,1,381.75,1,381.83,4
2025-04-10 09:34:01,381.25,381.23,3,381.13,3,381.37,26,381.37,381.13,381.13,3,381.08,2,381.07,3,381.04,2,381.0,6,380.91,5,380.9,2,380.89,5,380.82,4,380.79,1,381.37,26,381.39,1,381.45,3,381.46,2,381.57,1,381.58,3,381.59,2,381.6,1,381.75,1,381.83,4
2025-04-10 09:34:02,381.585,381.52,1,381.42,6,381.75,2,381.75,381.42,381.42,6,381.37,2,381.36,1,381.13,3,381.08,2,381.07,3,381.04,2,381.0,6,380.91,5,380.9,2,381.75,2,381.83,4,381.97,2,382.0,4,382.05,1,382.06,1,382.22,2,382.27,1,382.34,2,382.35,3
2025-04-10 09:34:02,381.835,381.83,1,381.68,8,381.99,8,381.99,381.68,381.68,8,381.67,4,381.63,3,381.61,1,381.57,2,381.52,3,381.48,1,381.47,2,381.42,7,381.37,2,381.99,8,382.0,7,382.05,1,382.06,1,382.22,2,382.27,1,382.34,2,382.35,3,382.36,4,382.45,3
2025-04-10 09:34:04,381.805,381.81,1,381.68,5,381.93,8,381.93,381.68,381.68,5,381.67,4,381.63,3,381.61,1,381.57,2,381.52,3,381.48,1,381.47,2,381.42,7,381.37,2,381.93,8,381.94,4,381.98,6,381.99,5,382.0,7,382.05,1,382.06,1,382.22,2,382.27,1,382.34,2
2025-04-10 09:34:04,381.78,381.78,1,381.65,1,381.91,3,381.91,381.65,381.65,1,381.63,3,381.61,1,381.57,2,381.52,3,381.48,1,381.47,2,381.42,7,381.37,2,381.36,1,381.91,3,381.92,1,381.93,9,381.94,4,381.98,6,381.99,5,382.0,7,382.05,1,382.06,1,382.22,2
2025-04-10 09:34:06,382.25,382.21,1,382.11,3,382.39,2,382.39,382.11,382.11,3,381.9,4,381.89,3,381.88,2,381.84,1,381.75,4,381.74,1,381.65,2,381.63,3,381.61,1,382.39,2,382.45,3,382.46,2,382.51,3,382.58,2,382.59,6,382.6,2,382.68,7,382.7,8,,
2025-04-10 09:34:07,382.25,382.25,3,382.15,1,382.35,1,382.35,382.15,382.15,1,382.14,1,382.11,3,381.9,4,381.89,3,381.88,2,381.84,1,381.75,4,381.74,1,381.65,2,382.35,1,382.36,1,382.4,3,382.45,3,382.46,2,382.51,3,382.58,2,382.59,6,382.6,2,382.68,7
2025-04-10 09:34:08,382.27,382.27,2,382.19,1,382.35,6,382.35,382.19,382.19,1,382.14,1,382.11,3,381.9,4,381.89,3,381.88,2,381.84,1,381.75,4,381.74,1,381.65,2,382.35,6,382.36,1,382.4,3,382.45,3,382.46,2,382.51,3,382.58,2,382.59,6,382.6,2,382.68,7
2025-04-10 09:34:09,382.135,382.14,1,382.0,1,382.27,2,382.27,382.0,382.0,1,381.95,3,381.9,4,381.89,3,381.88,2,381.84,1,381.75,4,381.74,1,381.65,2,381.63,3,382.27,2,382.35,7,382.36,1,382.4,3,382.45,3,382.46,2,382.51,3,382.58,2,382.59,6,382.6,2
2025-04-10 09:34:10,382.175,382.14,8,382.07,2,382.28,14,382.28,382.07,382.07,2,382.06,2,382.01,2,382.0,2,381.95,3,381.9,4,381.89,3,381.88,2,381.84,1,381.75,4,382.28,14,382.34,1,382.35,7,382.36,1,382.4,3,382.45,3,382.46,2,382.51,3,382.58,2,382.59,6
2025-04-10 09:34:11,382.165,382.17,1,382.06,3,382.27,19,382.27,382.06,382.06,3,382.01,2,382.0,2,381.95,3,381.9,4,381.89,3,381.88,2,381.84,1,381.75,4,381.74,1,382.27,19,382.28,15,382.34,1,382.35,7,382.36,1,382.4,3,382.45,3,382.46,2,382.51,3,382.58,2
2025-04-10 09:34:12,382.11,382.06,1,382.01,3,382.21,1,382.21,382.01,382.01,3,382.0,2,381.95,3,381.9,4,381.89,3,381.88,2,381.84,1,381.75,4,381.74,1,381.65,2,382.21,1,382.27,5,382.28,15,382.34,1,382.35,7,382.36,1,382.4,3,382.45,3,382.46,2,382.51,3
2025-04-10 09:34:13,382.255,382.23,1,382.15,2,382.36,21,382.36,382.15,382.15,2,382.11,1,382.06,1,382.01,3,382.0,2,381.95,3,381.9,4,381.89,3,381.88,2,381.84,1,382.36,21,382.4,3,382.45,3,382.46,2,382.51,3,382.58,2,382.59,6,382.6,2,382.68,7,382.7,8
2025-04-10 09:34:14,382.515,382.52,1,382.38,3,382.65,4,382.65,382.38,382.38,3,382.33,2,382.32,4,382.31,4,382.29,2,382.27,2,382.25,1,382.17,1,382.16,2,382.15,4,382.65,4,382.68,7,382.7,8,,,,,,,,,,,,,,
2025-04-10 09:34:15,382.655,382.73,1,382.58,2,382.73,1,382.73,382.58,382.58,2,382.54,9,382.49,1,382.44,7,382.38,5,382.33,2,382.32,4,382.31,4,382.29,2,382.27,2,382.73,1,382.8,5,,,,,,,,,,,,,,,,
2025-04-10 09:34:16,382.58,382.58,1,382.46,2,382.7,2,382.7,382.46,382.46,2,382.45,2,382.44,7,382.38,5,382.33,2,382.32,4,382.31,4,382.29,2,382.27,2,382.25,1,382.7,2,382.72,8,382.73,1,382.8,5,,,,,,,,,,,,
2025-04-10 09:34:17,382.76,382.76,1,382.66,1,382.86,1,382.86,382.66,382.66,1,382.63,1,382.58,1,382.46,3,382.45,2,382.44,7,382.38,5,382.33,2,382.32,4,382.31,4,382.86,1,,,,,,,,,,,,,,,,,,
2025-04-10 09:34:18,382.875,382.88,1,382.82,1,382.93,12,382.93,382.82,382.82,1,382.74,4,382.66,2,382.63,1,382.58,1,382.46,3,382.45,2,382.44,7,382.38,5,382.33,2,382.93,12,382.94,7,383.0,14,,,,,,,,,,,,,,
2025-04-10 09:34:19,382.71,382.66,1,382.56,3,382.86,4,382.86,382.56,382.56,3,382.46,3,382.45,2,382.44,7,382.38,5,382.33,2,382.32,4,382.31,4,382.29,2,382.27,2,382.86,4,382.93,12,382.94,7,383.0,14,,,,,,,,,,,,
2025-04-10 09:34:20,382.805,382.81,1,382.67,4,382.94,1,382.94,382.67,382.67,4,382.66,4,382.64,2,382.63,3,382.56,3,382.46,3,382.45,2,382.44,7,382.38,5,382.33,2,382.94,1,383.0,14,,,,,,,,,,,,,,,,
2025-04-10 09:34:21,382.92,382.92,1,382.85,3,382.99,19,382.99,382.85,382.85,3,382.77,1,382.67,4,382.66,4,382.64,2,382.63,3,382.56,3,382.46,3,382.45,2,382.44,7,382.99,19,383.0,21,,,,,,,,,,,,,,,,
2025-04-10 09:34:22,382.665,382.67,1,382.56,5,382.77,12,382.77,382.56,382.56,5,382.46,3,382.45,2,382.44,7,382.38,5,382.33,2,382.32,4,382.31,4,382.29,2,382.27,2,382.77,12,382.85,3,382.86,12,382.99,6,383.0,21,,,,,,,,,,
2025-04-10 09:34:23,382.375,382.42,1,382.24,3,382.51,2,382.51,382.24,382.24,3,382.17,1,382.16,2,382.15,4,382.11,1,382.06,1,382.01,3,382.0,2,381.95,3,381.9,4,382.51,2,382.56,1,382.66,1,382.67,2,382.72,1,382.77,2,382.85,3,382.86,12,382.99,6,383.0,21
2025-04-10 09:34:24,382.245,382.25,1,382.12,1,382.37,1,382.37,382.12,382.12,1,382.11,1,382.06,1,382.01,3,382.0,2,381.95,3,381.9,4,381.89,3,381.88,2,381.84,1,382.37,1,382.4,1,382.46,1,382.5,1,382.51,2,382.56,1,382.66,1,382.67,2,382.72,1,382.77,2
2025-04-10 09:34:25,382.435,382.35,1,382.31,2,382.56,3,382.56,382.31,382.31,2,382.12,4,382.11,1,382.06,1,382.01,3,382.0,2,381.95,3,381.9,4,381.89,3,381.88,2,382.56,3,382.66,1,382.67,2,382.72,1,382.77,2,382.85,3,382.86,12,382.99,6,383.0,21,,
2025-04-10 09:34:26,382.35,382.42,2,382.2,4,382.5,1,382.5,382.2,382.2,4,382.12,4,382.11,1,382.06,1,382.01,3,382.0,2,381.95,3,381.9,4,381.89,3,381.88,2,382.5,1,382.56,2,382.66,1,382.67,2,382.72,1,382.77,2,382.85,3,382.86,12,382.99,6,383.0,21
2025-04-10 09:34:27,382.51,382.56,1,382.41,2,382.61,9,382.61,382.41,382.41,2,382.4,1,382.31,6,382.2,4,382.12,4,382.11,1,382.06,1,382.01,3,382.0,2,381.95,3,382.61,9,382.66,1,382.67,2,382.72,1,382.77,2,382.85,3,382.86,12,382.99,6,383.0,21,,
2025-04-10 09:34:28,382.51,382.51,1,382.41,4,382.61,1,382.61,382.41,382.41,4,382.4,1,382.31,6,382.2,4,382.12,4,382.11,1,382.06,1,382.01,3,382.0,2,381.95,3,382.61,1,382.66,1,382.67,2,382.72,1,382.77,2,382.85,3,382.86,12,382.99,6,383.0,21,,
2025-04-10 09:34:29,382.32,382.48,4,382.12,4,382.52,2,382.52,382.12,382.12,4,382.11,1,382.06,1,382.01,3,382.0,2,381.95,3,381.9,4,381.89,3,381.88,2,381.84,1,382.52,2,382.6,3,382.61,3,382.66,1,382.67,2,382.72,1,382.77,2,382.85,3,382.86,12,382.99,6
2025-04-10 09:34:30,382.32,382.32,1,382.12,4,382.52,2,382.52,382.12,382.12,4,382.11,1,382.06,1,382.01,3,382.0,2,381.95,3,381.9,4,381.89,3,381.88,2,381.84,1,382.52,2,382.6,3,382.61,3,382.66,1,382.67,2,382.72,1,382.77,2,382.85,3,382.86,12,382.99,6
2025-04-10 09:34:31,382.3,382.29,1,382.15,2,382.45,1,382.45,382.15,382.15,2,382.14,2,382.12,4,382.11,1,382.06,1,382.01,3,382.0,2,381.95,3,381.9,4,381.89,3,382.45,1,382.52,2,382.6,3,382.61,3,382.66,1,382.67,2,382.72,1,382.77,2,382.85,3,382.86,12
2025-04-10 09:34:32,382.36,382.3,4,382.27,1,382.45,1,382.45,382.27,382.27,1,382.18,1,382.16,3,382.15,4,382.14,2,382.12,4,382.11,1,382.06,1,382.01,3,382.0,2,382.45,1,382.52,2,382.6,3,382.61,3,382.66,1,382.67,2,382.72,1,382.77,2,382.85,3,382.86,12
2025-04-10 09:34:33,382.275,382.39,1,382.12,4,382.43,1,382.43,382.12,382.12,4,382.11,1,382.06,1,382.01,3,382.0,2,381.95,3,381.9,4,381.89,3,381.88,2,381.84,1,382.43,1,382.44,3,382.45,1,382.52,2,382.6,3,382.61,3,382.66,1,382.67,2,382.72,1,382.77,2
2025-04-10 09:34:34,382.32,382.39,1,382.2,2,382.44,3,382.44,382.2,382.2,2,382.19,3,382.15,1,382.12,4,382.11,1,382.06,1,382.01,3,382.0,2,381.95,3,381.9,4,382.44,3,382.45,1,382.52,2,382.6,3,382.61,3,382.66,1,382.67,2,382.72,1,382.77,2,382.85,3
2025-04-10 09:34:35,382.305,382.31,1,382.22,1,382.39,1,382.39,382.22,382.22,1,382.2,2,382.19,3,382.15,1,382.12,4,382.11,1,382.06,1,382.01,3,382.0,2,381.95,3,382.39,1,382.44,3,382.45,1,382.52,2,382.6,3,382.61,3,382.66,1,382.67,2,382.72,1,382.77,2
2025-04-10 09:34:36,382.305,382.31,3,382.18,5,382.43,8,382.43,382.18,382.18,5,382.17,2,382.15,2,382.12,4,382.11,1,382.06,1,382.01,3,382.0,2,381.95,3,381.9,4,382.43,8,382.44,4,382.45,1,382.52,2,382.6,3,382.61,3,382.66,1,382.67,2,382.72,1,382.77,2
2025-04-10 09:34:37,382.26,382.26,1,382.21,1,382.31,7,382.31,382.21,382.21,1,382.18,4,382.17,2,382.15,2,382.12,4,382.11,1,382.06,1,382.01,3,382.0,2,381.95,3,382.31,7,382.37,1,382.43,8,382.44,4,382.45,1,382.52,2,382.6,3,382.61,3,382.66,1,382.67,2
2025-04-10 09:34:38,382.29,382.32,1,382.21,4,382.37,1,382.37,382.21,382.21,4,382.18,4,382.17,2,382.15,2,382.12,4,382.11,1,382.06,1,382.01,3,382.0,2,381.95,3,382.37,1,382.43,8,382.44,4,382.45,1,382.52,2,382.6,3,382.61,3,382.66,1,382.67,2,382.72,1
2025-04-10 09:34:39,382.29,382.31,1,382.21,4,382.37,2,382.37,382.21,382.21,4,382.18,4,382.17,2,382.15,2,382.12,4,382.11,1,382.06,1,382.01,3,382.0,2,381.95,3,382.37,2,382.43,8,382.44,4,382.45,1,382.52,2,382.6,3,382.61,3,382.66,1,382.67,2,382.72,1
2025-04-10 09:34:40,382.29,382.29,1,382.21,4,382.37,2,382.37,382.21,382.21,4,382.18,4,382.17,2,382.15,2,382.12,4,382.11,1,382.06,1,382.01,3,382.0,2,381.95,3,382.37,2,382.43,8,382.44,4,382.45,1,382.52,2,382.6,3,382.61,3,382.66,1,382.67,2,382.72,1
2025-04-10 09:34:41,382.14,382.19,1,382.01,4,382.27,1,382.27,382.01,382.01,4,382.0,2,381.95,3,381.9,4,381.89,3,381.88,2,381.84,1,381.75,4,381.74,1,381.65,2,382.27,1,382.37,3,382.43,8,382.44,4,382.45,1,382.52,2,382.6,3,382.61,3,382.66,1,382.67,2
2025-04-10 09:34:42,382.14,382.14,3,382.01,4,382.27,1,382.27,382.01,382.01,4,382.0,2,381.95,3,381.9,4,381.89,3,381.88,2,381.84,1,381.75,4,381.74,1,381.65,2,382.27,1,382.37,3,382.43,8,382.44,4,382.45,1,382.52,2,382.6,3,382.61,3,382.66,1,382.67,2
2025-04-10 09:34:43,381.92,381.92,1,381.74,1,382.1,2,382.1,381.74,381.74,1,381.65,2,381.63,3,381.61,1,381.57,2,381.52,3,381.48,1,381.47,2,381.42,7,381.37,2,382.1,2,382.16,1,382.19,2,382.2,5,382.27,2,382.37,3,382.43,8,382.44,4,382.45,1,382.52,2
2025-04-10 09:34:44,382.17,382.17,1,382.07,2,382.27,1,382.27,382.07,382.07,2,382.01,3,382.0,2,381.94,3,381.91,1,381.88,1,381.74,1,381.65,2,381.63,3,381.61,1,382.27,1,382.37,3,382.43,8,382.44,4,382.45,1,382.52,2,382.6,3,382.61,3,382.66,1,382.67,2
2025-04-10 09:34:45,382.115,382.02,6,382.02,1,382.21,1,382.21,382.02,382.02,1,382.01,3,382.0,2,381.94,3,381.91,1,381.88,1,381.74,1,381.65,2,381.63,3,381.61,1,382.21,1,382.27,1,382.37,3,382.43,8,382.44,4,382.45,1,382.52,2,382.6,3,382.61,3,382.66,1
2025-04-10 09:34:46,382.0,381.97,1,381.94,1,382.06,4,382.06,381.94,381.94,1,381.91,1,381.88,1,381.74,1,381.65,2,381.63,3,381.61,1,381.57,2,381.52,3,381.48,1,382.06,4,382.26,1,382.27,1,382.37,3,382.43,8,382.44,4,382.45,1,382.52,2,382.6,3,382.61,3
2025-04-10 09:34:47,382.13,382.06,1,382.0,1,382.26,3,382.26,382.0,382.0,1,381.96,1,381.94,1,381.91,1,381.88,1,381.74,1,381.65,2,381.63,3,381.61,1,381.57,2,382.26,3,382.27,1,382.37,3,382.43,8,382.44,4,382.45,1,382.52,2,382.6,3,382.61,3,382.66,1
2025-04-10 09:34:48,382.03,382.06,1,382.0,4,382.06,8,382.06,382.0,382.0,4,381.96,1,381.94,1,381.91,1,381.88,1,381.74,1,381.65,2,381.63,3,381.61,1,381.57,2,382.06,8,382.25,2,382.26,8,382.27,25,382.32,3,382.37,3,382.43,8,382.44,4,382.45,1,382.52,2
2025-04-10 09:34:49,382.015,381.94,1,381.93,2,382.1,3,382.1,381.93,381.93,2,381.88,1,381.74,1,381.65,2,381.63,3,381.61,1,381.57,2,381.52,3,381.48,1,381.47,2,382.1,3,382.11,2,382.19,2,382.25,1,382.26,8,382.27,25,382.32,3,382.37,3,382.43,8,382.44,4
2025-04-10 09:34:50,382.185,382.11,1,382.06,1,382.31,3,382.31,382.06,382.06,1,381.98,6,381.97,1,381.95,1,381.93,2,381.88,1,381.74,1,381.65,2,381.63,3,381.61,1,382.31,3,382.32,3,382.37,3,382.43,8,382.44,4,382.45,1,382.52,2,382.6,3,382.61,3,382.66,1
2025-04-10 09:34:51,382.105,382.11,1,381.94,3,382.27,2,382.27,381.94,381.94,3,381.93,2,381.88,1,381.74,1,381.65,2,381.63,3,381.61,1,381.57,2,381.52,3,381.48,1,382.27,2,382.31,3,382.32,3,382.37,3,382.43,8,382.44,4,382.45,1,382.52,2,382.6,3,382.61,3
2025-04-10 09:34:52,382.13,382.11,1,381.99,3,382.27,1,382.27,381.99,381.99,3,381.94,3,381.93,2,381.88,1,381.74,1,381.65,2,381.63,3,381.61,1,381.57,2,381.52,3,382.27,1,382.31,3,382.32,3,382.37,3,382.43,8,382.44,4,382.45,1,382.52,2,382.6,3,382.61,3
2025-04-10 09:34:53,382.14,382.21,1,382.0,4,382.28,2,382.28,382.0,382.0,4,381.99,2,381.94,3,381.93,2,381.88,1,381.74,1,381.65,2,381.63,3,381.61,1,381.57,2,382.28,2,382.31,3,382.32,3,382.37,3,382.43,8,382.44,4,382.45,1,382.52,2,382.6,3,382.61,3
2025-04-10 09:34:54,382.135,382.14,2,381.99,4,382.28,5,382.28,381.99,381.99,4,381.94,3,381.93,2,381.88,1,381.74,1,381.65,2,381.63,3,381.61,1,381.57,2,381.52,3,382.28,5,382.31,3,382.32,3,382.37,3,382.43,8,382.44,4,382.45,1,382.52,2,382.6,3,382.61,3
2025-04-10 09:34:55,381.835,381.84,3,381.7,3,381.97,1,381.97,381.7,381.7,3,381.65,3,381.63,3,381.61,1,381.57,2,381.52,3,381.48,1,381.47,2,381.42,7,381.37,2,381.97,1,381.98,3,382.0,3,382.01,1,382.02,2,382.03,1,382.12,2,382.23,2,382.24,3,382.28,6
2025-04-10 09:34:56,381.995,381.97,3,381.89,1,382.1,5,382.1,381.89,381.89,1,381.77,4,381.7,5,381.65,3,381.63,3,381.61,1,381.57,2,381.52,3,381.48,1,381.47,2,382.1,5,382.12,2,382.23,2,382.24,3,382.28,6,382.31,3,382.32,3,382.37,3,382.43,8,382.44,4
2025-04-10 09:34:57,381.915,381.92,2,381.77,6,382.06,5,382.06,381.77,381.77,6,381.7,5,381.65,3,381.63,3,381.61,1,381.57,2,381.52,3,381.48,1,381.47,2,381.42,7,382.06,5,382.1,5,382.12,2,382.23,2,382.24,3,382.28,6,382.31,3,382.32,3,382.37,3,382.43,8
2025-04-10 09:34:58,381.705,381.65,1,381.54,1,381.87,4,381.87,381.54,381.54,1,381.52,2,381.48,1,381.47,2,381.42,7,381.37,2,381.36,1,381.13,3,381.08,2,381.07,3,381.87,4,381.91,1,382.0,2,382.05,4,382.06,5,382.1,5,382.12,2,382.23,2,382.24,3,382.28,6
2025-04-10 09:34:59,381.55,381.55,2,381.44,1,381.66,2,381.66,381.44,381.44,1,381.43,2,381.42,8,381.37,2,381.36,1,381.13,3,381.08,2,381.07,3,381.04,2,381.0,6,381.66,2,381.77,4,381.79,1,381.82,1,381.86,2,381.87,4,381.91,1,382.0,2,382.05,4,382.06,5
2025-04-10 09:35:00,381.645,381.55,1,381.54,6,381.75,10,381.75,381.54,381.54,6,381.46,1,381.44,2,381.43,2,381.42,8,381.37,2,381.36,1,381.13,3,381.08,2,381.07,3,381.75,10,381.77,6,381.79,1,381.82,1,381.86,2,381.87,4,381.91,1,382.0,2,382.05,4,382.06,5
2025-04-10 09:35:01,381.82,381.25,2,381.69,4,381.95,8,381.95,381.69,381.69,4,381.68,9,381.62,2,381.58,3,381.54,4,381.46,1,381.44,2,381.43,2,381.42,8,381.37,2,381.95,8,381.97,2,382.0,2,382.05,4,382.06,5,382.1,5,382.12,2,382.23,2,382.24,3,382.28,6
2025-04-10 09:35:02,381.975,381.98,1,381.89,7,382.06,24,382.06,381.89,381.89,7,381.84,1,381.82,2,381.79,3,381.69,5,381.68,9,381.62,2,381.58,3,381.54,4,381.46,1,382.06,24,382.1,5,382.12,2,382.23,2,382.24,3,382.28,6,382.31,3,382.32,3,382.37,3,382.43,8
2025-04-10 09:35:03,381.785,381.91,1,381.66,1,381.91,1,381.91,381.66,381.66,1,381.62,2,381.58,3,381.54,4,381.46,1,381.44,2,381.43,2,381.42,8,381.37,2,381.36,1,381.91,1,382.0,1,382.01,1,382.02,2,382.06,2,382.1,5,382.12,2,382.23,2,382.24,3,382.28,6
2025-04-10 09:35:04,381.785,381.79,1,381.66,1,381.91,3,381.91,381.66,381.66,1,381.62,2,381.58,3,381.54,4,381.46,1,381.44,2,381.43,2,381.42,8,381.37,2,381.36,1,381.91,3,382.0,1,382.01,1,382.02,2,382.06,2,382.1,5,382.12,2,382.23,2,382.24,3,382.28,6
2025-04-10 09:35:05,381.83,381.92,1,381.7,3,381.96,6,381.96,381.7,381.7,3,381.66,1,381.62,2,381.58,3,381.54,4,381.46,1,381.44,2,381.43,2,381.42,8,381.37,2,381.96,6,382.0,1,382.01,1,382.02,2,382.06,2,382.1,5,382.12,2,382.23,2,382.24,3,382.28,6
2025-04-10 09:35:06,381.89,381.89,1,381.82,1,381.96,6,381.96,381.82,381.82,1,381.7,3,381.66,1,381.62,2,381.58,3,381.54,4,381.46,1,381.44,2,381.43,2,381.42,8,381.96,6,382.0,1,382.01,1,382.02,2,382.06,2,382.1,5,382.12,2,382.23,2,382.24,3,382.28,6
2025-04-10 09:35:07,382.065,382.12,1,382.0,2,382.13,1,382.13,382.0,382.0,2,381.74,1,381.73,1,381.7,6,381.66,1,381.62,2,381.58,3,381.54,4,381.46,1,381.44,2,382.13,1,382.23,2,382.24,3,382.28,6,382.31,3,382.32,3,382.37,3,382.43,8,382.44,4,382.45,1
2025-04-10 09:35:08,382.015,382.0,1,381.9,3,382.13,7,382.13,381.9,381.9,3,381.74,1,381.73,1,381.7,6,381.66,1,381.62,2,381.58,3,381.54,4,381.46,1,381.44,2,382.13,7,382.23,2,382.24,3,382.28,6,382.31,3,382.32,3,382.37,3,382.43,8,382.44,4,382.45,1
2025-04-10 09:35:09,382.02,382.02,3,381.94,2,382.1,7,382.1,381.94,381.94,2,381.9,2,381.74,1,381.73,1,381.7,6,381.66,1,381.62,2,381.58,3,381.54,4,381.46,1,382.1,7,382.13,7,382.23,2,382.24,3,382.28,6,382.31,3,382.32,3,382.37,3,382.43,8,382.44,4
2025-04-10 09:35:10,382.045,381.95,1,381.94,2,382.15,1,382.15,381.94,381.94,2,381.9,2,381.74,1,381.73,1,381.7,6,381.66,1,381.62,2,381.58,3,381.54,4,381.46,1,382.15,1,382.21,1,382.23,2,382.24,3,382.28,6,382.31,3,382.32,3,382.37,3,382.43,8,382.44,4
2025-04-10 09:35:11,381.8,381.8,1,381.7,4,381.9,2,381.9,381.7,381.7,4,381.66,1,381.62,2,381.58,3,381.54,4,381.46,1,381.44,2,381.43,2,381.42,8,381.37,2,381.9,2,382.01,2,382.08,2,382.11,2,382.15,1,382.21,1,382.23,2,382.24,3,382.28,6,382.31,3
2025-04-10 09:35:12,381.8,381.81,1,381.7,4,381.9,1,381.9,381.7,381.7,4,381.66,1,381.62,2,381.58,3,381.54,4,381.46,1,381.44,2,381.43,2,381.42,8,381.37,2,381.9,1,382.01,2,382.08,2,382.11,2,382.15,1,382.21,1,382.23,2,382.24,3,382.28,6,382.31,3
2025-04-10 09:35:13,381.895,381.89,2,381.75,3,382.04,1,382.04,381.75,381.75,3,381.7,4,381.66,1,381.62,2,381.58,3,381.54,4,381.46,1,381.44,2,381.43,2,381.42,8,382.04,1,382.08,1,382.11,2,382.15,1,382.21,1,382.23,2,382.24,3,382.28,6,382.31,3,382.32,3
2025-04-10 09:35:14,381.785,381.75,1,381.66,3,381.91,5,381.91,381.66,381.66,3,381.62,2,381.58,3,381.54,4,381.46,1,381.44,2,381.43,2,381.42,8,381.37,2,381.36,1,381.91,5,381.92,3,381.99,2,382.04,1,382.08,1,382.11,2,382.15,1,382.21,1,382.23,2,382.24,3
2025-04-10 09:35:15,381.795,381.8,1,381.68,1,381.91,6,381.91,381.68,381.68,1,381.67,2,381.66,4,381.62,2,381.58,3,381.54,4,381.46,1,381.44,2,381.43,2,381.42,8,381.91,6,381.92,3,381.99,2,382.04,1,382.08,1,382.11,2,382.15,1,382.21,1,382.23,2,382.24,3
2025-04-10 09:35:16,381.745,381.7,1,381.58,1,381.91,6,381.91,381.58,381.58,1,381.54,4,381.46,1,381.44,2,381.43,2,381.42,8,381.37,2,381.36,1,381.13,3,381.08,2,381.91,6,381.92,3,381.99,2,382.04,1,382.08,1,382.11,2,382.15,1,382.21,1,382.23,2,382.24,3
2025-04-10 09:35:17,381.745,381.7,1,381.58,1,381.91,6,381.91,381.58,381.58,1,381.54,4,381.46,1,381.44,2,381.43,2,381.42,8,381.37,2,381.36,1,381.13,3,381.08,2,381.91,6,381.92,3,381.99,2,382.04,1,382.08,1,382.11,2,382.15,1,382.21,1,382.23,2,382.24,3
2025-04-10 09:35:18,381.745,381.73,1,381.58,3,381.91,6,381.91,381.58,381.58,3,381.54,4,381.46,1,381.44,2,381.43,2,381.42,8,381.37,2,381.36,1,381.13,3,381.08,2,381.91,6,381.92,3,381.99,2,382.04,1,382.08,1,382.11,2,382.15,1,382.21,1,382.23,2,382.24,3
2025-04-10 09:35:19,381.71,381.67,1,381.61,1,381.81,3,381.81,381.61,381.61,1,381.58,3,381.54,4,381.46,1,381.44,2,381.43,2,381.42,8,381.37,2,381.36,1,381.13,3,381.81,3,381.9,3,381.91,6,381.92,3,381.99,2,382.04,1,382.08,1,382.11,2,382.15,1,382.21,1
2025-04-10 09:35:20,381.71,381.71,2,381.61,1,381.81,3,381.81,381.61,381.61,1,381.58,3,381.54,4,381.46,1,381.44,2,381.43,2,381.42,8,381.37,2,381.36,1,381.13,3,381.81,3,381.9,3,381.91,6,381.92,3,381.99,2,382.04,1,382.08,1,382.11,2,382.15,1,382.21,1
2025-04-10 09:35:21,381.65,381.65,2,381.58,2,381.72,1,381.72,381.58,381.58,2,381.54,4,381.46,1,381.44,2,381.43,2,381.42,8,381.37,2,381.36,1,381.13,3,381.08,2,381.72,1,381.81,3,381.9,3,381.91,6,381.92,3,381.99,2,382.04,1,382.08,1,382.11,2,382.15,1
2025-04-10 09:35:22,381.695,381.63,1,381.58,4,381.81,3,381.81,381.58,381.58,4,381.54,4,381.46,1,381.44,2,381.43,2,381.42,8,381.37,2,381.36,1,381.13,3,381.08,2,381.81,3,381.9,3,381.91,6,381.92,3,381.99,2,382.04,1,382.08,1,382.11,2,382.15,1,382.21,1
2025-04-10 09:35:23,381.82,381.82,1,381.75,1,381.89,7,381.89,381.75,381.75,1,381.71,1,381.68,1,381.64,1,381.6,2,381.58,6,381.54,4,381.46,1,381.44,2,381.43,2,381.89,7,381.9,3,381.91,6,381.92,3,381.99,2,382.04,1,382.08,1,382.11,2,382.15,1,382.21,1
2025-04-10 09:35:24,381.78,381.82,2,381.75,4,381.81,5,381.81,381.75,381.75,4,381.71,1,381.68,1,381.64,1,381.6,2,381.58,6,381.54,4,381.46,1,381.44,2,381.43,2,381.81,5,381.91,7,381.92,3,381.99,2,382.04,1,382.08,1,382.11,2,382.15,1,382.21,1,382.23,2
2025-04-10 09:35:25,382.165,382.17,1,382.09,2,382.24,25,382.24,382.09,382.09,2,381.99,3,381.98,1,381.88,3,381.86,7,381.81,2,381.75,7,381.71,1,381.68,1,381.64,1,382.24,25,382.28,6,382.31,3,382.32,3,382.37,3,382.43,8,382.44,4,382.45,1,382.52,2,382.6,3
2025-04-10 09:35:26,382.33,382.28,3,382.2,7,382.46,30,382.46,382.2,382.2,7,382.11,5,382.1,3,382.04,7,381.99,2,381.9,4,381.88,3,381.86,7,381.81,2,381.75,7,382.46,30,382.5,2,382.52,2,382.6,3,382.61,3,382.66,1,382.67,2,382.72,1,382.77,2,382.85,3
2025-04-10 09:35:27,382.195,382.28,1,382.1,2,382.29,4,382.29,382.1,382.1,2,382.02,4,382.01,2,382.0,2,381.99,2,381.9,4,381.88,3,381.86,7,381.81,2,381.75,7,382.29,4,382.38,3,382.44,3,382.45,2,382.46,30,382.5,2,382.52,2,382.6,3,382.61,3,382.66,1
2025-04-10 09:35:28,382.22,382.21,1,382.1,1,382.34,5,382.34,382.1,382.1,1,382.02,6,382.01,2,382.0,2,381.99,2,381.9,4,381.88,3,381.86,7,381.81,2,381.75,7,382.34,5,382.38,3,382.44,3,382.45,2,382.46,30,382.5,2,382.52,2,382.6,3,382.61,3,382.66,1
2025-04-10 09:35:29,382.2,382.2,1,382.06,3,382.34,4,382.34,382.06,382.06,3,381.98,5,381.91,3,381.9,3,381.88,3,381.86,7,381.81,2,381.75,7,381.71,1,381.68,1,382.34,4,382.38,3,382.44,3,382.45,2,382.46,30,382.5,2,382.52,2,382.6,3,382.61,3,382.66,1
2025-04-10 09:35:30,382.31,382.31,1,382.2,3,382.42,12,382.42,382.2,382.2,3,382.12,1,382.08,1,382.07,5,382.06,5,381.98,5,381.91,3,381.9,3,381.88,3,381.86,7,382.42,12,382.44,5,382.45,2,382.46,30,382.5,2,382.52,2,382.6,3,382.61,3,382.66,1,382.67,2
2025-04-10 09:35:31,382.31,382.31,1,382.2,1,382.42,12,382.42,382.2,382.2,1,382.17,2,382.12,1,382.08,1,382.07,5,382.06,5,381.98,5,381.91,3,381.9,3,381.88,3,382.42,12,382.44,5,382.45,2,382.46,30,382.5,2,382.52,2,382.6,3,382.61,3,382.66,1,382.67,2
2025-04-10 09:35:32,382.305,382.31,1,382.2,4,382.41,13,382.41,382.2,382.2,4,382.17,2,382.12,1,382.08,1,382.07,5,382.06,5,381.98,5,381.91,3,381.9,3,381.88,3,382.41,13,382.42,12,382.44,5,382.45,2,382.46,30,382.5,2,382.52,2,382.6,3,382.61,3,382.66,1
2025-04-10 09:35:33,382.29,382.29,1,382.17,2,382.41,5,382.41,382.17,382.17,2,382.12,1,382.08,1,382.07,5,382.06,5,381.98,5,381.91,3,381.9,3,381.88,3,381.86,7,382.41,5,382.42,12,382.44,5,382.45,2,382.46,30,382.5,2,382.52,2,382.6,3,382.61,3,382.66,1
2025-04-10 09:35:34,382.29,382.41,1,382.17,2,382.41,5,382.41,382.17,382.17,2,382.12,1,382.08,1,382.07,5,382.06,5,381.98,5,381.91,3,381.9,3,381.88,3,381.86,7,382.41,5,382.42,12,382.44,5,382.45,2,382.46,30,382.5,2,382.52,2,382.6,3,382.61,3,382.66,1
2025-04-10 09:35:35,382.305,382.3,1,382.2,1,382.41,4,382.41,382.2,382.2,1,382.19,2,382.18,1,382.17,2,382.12,1,382.08,1,382.07,5,382.06,5,381.98,5,381.91,3,382.41,4,382.42,12,382.44,5,382.45,2,382.46,30,382.5,2,382.52,2,382.6,3,382.61,3,382.66,1
2025-04-10 09:35:36,382.305,382.31,1,382.2,3,382.41,4,382.41,382.2,382.2,3,382.19,1,382.18,1,382.17,2,382.12,1,382.08,1,382.07,5,382.06,5,381.98,5,381.91,3,382.41,4,382.42,12,382.44,5,382.45,2,382.46,30,382.5,2,382.52,2,382.6,3,382.61,3,382.66,1
2025-04-10 09:35:37,382.31,382.31,1,382.21,4,382.41,4,382.41,382.21,382.21,4,382.2,1,382.19,1,382.18,1,382.17,2,382.12,1,382.08,1,382.07,5,382.06,5,381.98,5,382.41,4,382.42,12,382.44,5,382.45,2,382.46,30,382.5,2,382.52,2,382.6,3,382.61,3,382.66,1
2025-04-10 09:35:38,382.205,382.21,1,382.1,2,382.31,2,382.31,382.1,382.1,2,382.09,1,382.08,1,382.07,5,382.06,5,381.98,5,381.91,3,381.9,3,381.88,3,381.86,7,382.31,2,382.32,2,382.41,7,382.42,12,382.44,5,382.45,2,382.46,30,382.5,2,382.52,2,382.6,3
2025-04-10 09:35:39,381.945,381.95,1,381.82,3,382.07,3,382.07,381.82,381.82,3,381.81,2,381.75,7,381.71,1,381.68,1,381.64,1,381.6,2,381.58,6,381.54,4,381.46,1,382.07,3,382.11,1,382.15,2,382.18,1,382.21,1,382.26,1,382.29,1,382.32,1,382.41,7,382.42,12
2025-04-10 09:35:40,381.895,381.95,1,381.75,7,382.04,1,382.04,381.75,381.75,7,381.71,1,381.68,1,381.64,1,381.6,2,381.58,6,381.54,4,381.46,1,381.44,2,381.43,2,382.04,1,382.06,1,382.07,3,382.11,1,382.15,2,382.18,1,382.21,1,382.26,1,382.29,1,382.32,1
2025-04-10 09:35:41,381.71,381.8,1,381.59,3,381.83,3,381.83,381.59,381.59,3,381.58,1,381.54,4,381.46,1,381.44,2,381.43,2,381.42,8,381.37,2,381.36,1,381.13,3,381.83,3,381.84,2,381.87,1,381.99,2,382.04,7,382.06,1,382.07,3,382.11,1,382.15,2,382.18,1
2025-04-10 09:35:42,381.695,381.76,1,381.58,4,381.81,2,381.81,381.58,381.58,4,381.54,4,381.46,1,381.44,2,381.43,2,381.42,8,381.37,2,381.36,1,381.13,3,381.08,2,381.81,2,381.83,3,381.84,2,381.87,1,381.99,2,382.04,7,382.06,1,382.07,3,382.11,1,382.15,2
2025-04-10 09:35:43,381.695,381.7,1,381.58,2,381.81,3,381.81,381.58,381.58,2,381.54,4,381.46,1,381.44,2,381.43,2,381.42,8,381.37,2,381.36,1,381.13,3,381.08,2,381.81,3,381.83,3,381.84,2,381.87,1,381.99,2,382.04,7,382.06,1,382.07,3,382.11,1,382.15,2
2025-04-10 09:35:44,381.67,381.58,1,381.58,1,381.76,2,381.76,381.58,381.58,1,381.55,1,381.54,4,381.46,1,381.44,2,381.43,2,381.42,8,381.37,2,381.36,1,381.13,3,381.76,2,381.81,5,381.83,3,381.84,2,381.87,1,381.99,2,382.04,7,382.06,1,382.07,3,382.11,1
2025-04-10 09:35:45,381.67,381.67,1,381.58,3,381.76,2,381.76,381.58,381.58,3,381.55,1,381.54,4,381.46,1,381.44,2,381.43,2,381.42,8,381.37,2,381.36,1,381.13,3,381.76,2,381.81,5,381.83,3,381.84,2,381.87,1,381.99,2,382.04,7,382.06,1,382.07,3,382.11,1
2025-04-10 09:35:46,381.765,381.77,1,381.67,1,381.86,3,381.86,381.67,381.67,1,381.65,2,381.58,5,381.55,1,381.54,4,381.46,1,381.44,2,381.43,2,381.42,8,381.37,2,381.86,3,381.87,1,381.99,2,382.04,7,382.06,1,382.07,3,382.11,1,382.15,2,382.18,1,382.21,1
2025-04-10 09:35:47,381.775,381.78,1,381.7,3,381.85,1,381.85,381.7,381.7,3,381.67,1,381.65,2,381.58,5,381.55,1,381.54,4,381.46,1,381.44,2,381.43,2,381.42,8,381.85,1,381.86,2,381.87,1,381.99,2,382.04,7,382.06,1,382.07,3,382.11,1,382.15,2,382.18,1
2025-04-10 09:35:48,381.8,381.85,1,381.75,1,381.85,1,381.85,381.75,381.75,1,381.7,2,381.67,1,381.65,2,381.58,5,381.55,1,381.54,4,381.46,1,381.44,2,381.43,2,381.85,1,381.86,2,381.87,1,381.99,2,382.04,7,382.06,1,382.07,3,382.11,1,382.15,2,382.18,1
2025-04-10 09:35:49,381.83,381.83,1,381.8,2,381.86,3,381.86,381.8,381.8,2,381.76,5,381.75,3,381.7,2,381.67,1,381.65,2,381.58,5,381.55,1,381.54,4,381.46,1,381.86,3,381.87,1,381.99,2,382.04,7,382.06,1,382.07,3,382.11,1,382.15,2,382.18,1,382.21,1
2025-04-10 09:35:50,381.7,381.7,1,381.58,5,381.82,1,381.82,381.58,381.58,5,381.55,1,381.54,4,381.46,1,381.44,2,381.43,2,381.42,8,381.37,2,381.36,1,381.13,3,381.82,1,381.86,5,381.87,1,381.99,2,382.04,7,382.06,1,382.07,3,382.11,1,382.15,2,382.18,1
2025-04-10 09:35:51,381.725,381.73,1,381.59,2,381.86,7,381.86,381.59,381.59,2,381.58,4,381.55,1,381.54,4,381.46,1,381.44,2,381.43,2,381.42,8,381.37,2,381.36,1,381.86,7,381.87,1,381.99,2,382.04,7,382.06,1,382.07,3,382.11,1,382.15,2,382.18,1,382.21,1
2025-04-10 09:35:52,381.625,381.63,1,381.58,5,381.67,3,381.67,381.58,381.58,5,381.55,1,381.54,4,381.46,1,381.44,2,381.43,2,381.42,8,381.37,2,381.36,1,381.13,3,381.67,3,381.86,7,381.87,1,381.99,2,382.04,7,382.06,1,382.07,3,382.11,1,382.15,2,382.18,1
2025-04-10 09:35:53,381.61,381.58,1,381.55,3,381.67,7,381.67,381.55,381.55,3,381.54,4,381.46,1,381.44,2,381.43,2,381.42,8,381.37,2,381.36,1,381.13,3,381.08,2,381.67,7,381.86,7,381.87,1,381.99,2,382.04,7,382.06,1,382.07,3,382.11,1,382.15,2,382.18,1
2025-04-10 09:35:54,381.61,381.61,1,381.55,2,381.67,9,381.67,381.55,381.55,2,381.54,4,381.46,1,381.44,2,381.43,2,381.42,8,381.37,2,381.36,1,381.13,3,381.08,2,381.67,9,381.86,7,381.87,1,381.99,2,382.04,7,382.06,1,382.07,3,382.11,1,382.15,2,382.18,1
2025-04-10 09:35:55,381.61,381.61,1,381.56,1,381.66,1,381.66,381.56,381.56,1,381.55,4,381.54,4,381.46,1,381.44,2,381.43,2,381.42,8,381.37,2,381.36,1,381.13,3,381.66,1,381.67,9,381.86,7,381.87,1,381.99,2,382.04,7,382.06,1,382.07,3,382.11,1,382.15,2
2025-04-10 09:35:56,381.585,381.59,1,381.51,5,381.66,1,381.66,381.51,381.51,5,381.49,1,381.48,3,381.45,3,381.44,2,381.43,2,381.42,8,381.37,2,381.36,1,381.13,3,381.66,1,381.67,7,381.86,7,381.87,1,381.99,2,382.04,7,382.06,1,382.07,3,382.11,1,382.15,2
2025-04-10 09:35:57,381.655,381.66,1,381.59,2,381.72,5,381.72,381.59,381.59,2,381.58,3,381.57,4,381.52,1,381.51,5,381.49,1,381.48,3,381.45,3,381.44,2,381.43,2,381.72,5,381.86,7,381.87,1,381.99,2,382.04,7,382.06,1,382.07,3,382.11,1,382.15,2,382.18,1
2025-04-10 09:35:58,381.53,381.58,1,381.48,2,381.58,8,381.58,381.48,381.48,2,381.45,3,381.44,2,381.43,2,381.42,8,381.37,2,381.36,1,381.13,3,381.08,2,381.07,3,381.58,8,381.59,8,381.71,1,381.76,1,381.77,2,381.86,14,381.87,1,381.99,2,382.04,7,382.06,1
2025-04-10 09:35:59,381.625,381.63,2,381.48,2,381.77,2,381.77,381.48,381.48,2,381.45,3,381.44,2,381.43,2,381.42,8,381.37,2,381.36,1,381.13,3,381.08,2,381.07,3,381.77,2,381.86,14,381.87,1,381.99,2,382.04,7,382.06,1,382.07,3,382.11,1,382.15,2,382.18,1
2025-04-10 09:36:00,381.64,381.65,1,381.51,3,381.77,4,381.77,381.51,381.51,3,381.48,4,381.45,3,381.44,2,381.43,2,381.42,8,381.37,2,381.36,1,381.13,3,381.08,2,381.77,4,381.86,14,381.87,1,381.99,2,382.04,7,382.06,1,382.07,3,382.11,1,382.15,2,382.18,1
2025-04-10 09:36:01,381.61,381.63,1,381.48,1,381.74,6,381.74,381.48,381.48,1,381.45,3,381.44,2,381.43,2,381.42,8,381.37,2,381.36,1,381.13,3,381.08,2,381.07,3,381.74,6,381.77,4,381.8,5,381.86,14,381.87,1,381.99,2,382.04,7,382.06,1,382.07,3,382.11,1
2025-04-10 09:36:02,381.825,381.88,1,381.67,4,381.98,2,381.98,381.67,381.67,4,381.56,2,381.55,9,381.54,2,381.53,1,381.43,7,381.42,6,381.4,7,381.37,2,381.36,1,381.98,2,381.99,2,382.04,7,382.06,1,382.07,3,382.11,1,382.15,2,382.18,1,382.21,1,382.26,1
2025-04-10 09:36:03,381.825,381.83,1,381.67,2,381.98,2,381.98,381.67,381.67,2,381.56,2,381.55,9,381.54,2,381.53,1,381.43,7,381.42,6,381.4,7,381.37,2,381.36,1,381.98,2,381.99,2,382.04,7,382.06,1,382.07,3,382.11,1,382.15,2,382.18,1,382.21,1,382.26,1
2025-04-10 09:36:04,381.825,381.79,1,381.67,3,381.98,3,381.98,381.67,381.67,3,381.56,2,381.55,9,381.54,2,381.53,1,381.43,7,381.42,6,381.4,7,381.37,2,381.36,1,381.98,3,381.99,2,382.04,7,382.06,1,382.07,3,382.11,1,382.15,2,382.18,1,382.21,1,382.26,1
2025-04-10 09:36:05,381.825,381.83,1,381.67,7,381.98,2,381.98,381.67,381.67,7,381.56,2,381.55,9,381.54,2,381.53,1,381.43,7,381.42,6,381.4,7,381.37,2,381.36,1,381.98,2,381.99,2,382.04,7,382.06,1,382.07,3,382.11,1,382.15,2,382.18,1,382.21,1,382.26,1
2025-04-10 09:36:06,382.1,382.04,1,382.0,2,382.2,1,382.2,382.0,382.0,2,381.88,4,381.87,5,381.86,4,381.85,6,381.82,3,381.68,1,381.67,7,381.56,2,381.55,9,382.2,1,382.21,1,382.26,1,382.29,1,382.32,1,382.41,7,382.42,12,382.44,5,382.45,2,382.46,30
2025-04-10 09:36:07,381.835,381.89,2,381.67,5,382.0,2,382.0,381.67,381.67,5,381.56,2,381.55,9,381.54,2,381.53,1,381.43,7,381.42,6,381.4,7,381.37,2,381.36,1,382.0,2,382.1,1,382.19,1,382.2,8,382.28,8,382.29,1,382.32,1,382.41,7,382.42,12,382.44,5
2025-04-10 09:36:08,381.795,381.8,1,381.67,7,381.92,1,381.92,381.67,381.67,7,381.56,2,381.55,9,381.54,2,381.53,1,381.43,7,381.42,6,381.4,7,381.37,2,381.36,1,381.92,1,381.99,1,382.0,3,382.1,1,382.19,1,382.2,8,382.28,8,382.29,1,382.32,1,382.41,7
2025-04-10 09:36:09,381.885,381.77,2,381.77,1,382.0,1,382.0,381.77,381.77,1,381.67,8,381.56,2,381.55,9,381.54,2,381.53,1,381.43,7,381.42,6,381.4,7,381.37,2,382.0,1,382.1,1,382.19,1,382.2,8,382.28,8,382.29,1,382.32,1,382.41,7,382.42,12,382.44,5
2025-04-10 09:36:10,381.905,381.91,1,381.81,1,382.0,1,382.0,381.81,381.81,1,381.67,7,381.56,2,381.55,9,381.54,2,381.53,1,381.43,7,381.42,6,381.4,7,381.37,2,382.0,1,382.1,1,382.19,1,382.2,8,382.28,8,382.29,1,382.32,1,382.41,7,382.42,12,382.44,5
2025-04-10 09:36:11,381.72,381.6,1,381.57,2,381.87,4,381.87,381.57,381.57,2,381.56,2,381.55,9,381.54,2,381.53,1,381.43,7,381.42,6,381.4,7,381.37,2,381.36,1,381.87,4,381.9,1,381.91,3,381.95,4,382.0,2,382.1,1,382.19,1,382.2,8,382.28,8,382.29,1
2025-04-10 09:36:12,381.735,381.6,1,381.6,5,381.87,3,381.87,381.6,381.6,5,381.59,1,381.57,2,381.56,2,381.55,9,381.54,2,381.53,1,381.43,7,381.42,6,381.4,7,381.87,3,381.9,1,381.91,3,381.95,4,382.0,2,382.1,1,382.19,1,382.2,8,382.28,8,382.29,1
2025-04-10 09:36:13,381.735,381.6,1,381.62,4,381.85,2,381.85,381.62,381.62,4,381.61,1,381.6,5,381.59,1,381.57,2,381.56,2,381.55,9,381.54,2,381.53,1,381.43,7,381.85,2,381.87,3,381.9,1,381.91,3,381.95,4,382.0,2,382.1,1,382.19,1,382.2,8,382.28,8
2025-04-10 09:36:14,381.755,381.66,2,381.66,2,381.85,1,381.85,381.66,381.66,2,381.62,4,381.61,1,381.6,5,381.59,1,381.57,2,381.56,2,381.55,9,381.54,2,381.53,1,381.85,1,381.87,3,381.9,1,381.91,3,381.95,4,382.0,2,382.1,1,382.19,1,382.2,8,382.28,8
2025-04-10 09:36:15,381.81,381.76,1,381.75,1,381.87,7,381.87,381.75,381.75,1,381.7,1,381.66,2,381.62,4,381.61,1,381.6,5,381.59,1,381.57,2,381.56,2,381.55,9,381.87,7,381.9,2,381.91,3,381.95,4,382.0,2,382.1,1,382.19,1,382.2,8,382.28,8,382.29,1
2025-04-10 09:36:16,382.04,382.04,21,381.9,3,382.18,3,382.18,381.9,381.9,3,381.85,11,381.83,1,381.69,4,381.68,1,381.67,1,381.66,3,381.62,4,381.61,1,381.6,5,382.18,3,382.19,1,382.2,8,382.28,8,382.29,1,382.32,1,382.41,7,382.42,12,382.44,5,382.45,2
2025-04-10 09:36:17,382.04,382.04,6,381.9,3,382.18,3,382.18,381.9,381.9,3,381.85,11,381.83,1,381.69,4,381.68,1,381.67,1,381.66,3,381.62,4,381.61,1,381.6,5,382.18,3,382.19,1,382.2,8,382.28,8,382.29,1,382.32,1,382.41,7,382.42,12,382.44,5,382.45,2
2025-04-10 09:36:18,382.195,382.2,1,382.08,1,382.31,4,382.31,382.08,382.08,1,382.0,1,381.95,1,381.9,4,381.85,11,381.83,1,381.69,4,381.68,1,381.67,1,381.66,3,382.31,4,382.32,1,382.41,7,382.42,12,382.44,5,382.45,2,382.46,30,382.5,2,382.52,2,382.6,3
2025-04-10 09:36:19,382.215,382.22,1,382.12,2,382.31,4,382.31,382.12,382.12,2,382.08,1,382.0,1,381.95,1,381.9,4,381.85,11,381.83,1,381.69,4,381.68,1,381.67,1,382.31,4,382.32,1,382.41,7,382.42,12,382.44,5,382.45,2,382.46,30,382.5,2,382.52,2,382.6,3
2025-04-10 09:36:20,382.215,382.12,2,382.12,3,382.31,4,382.31,382.12,382.12,3,382.08,1,382.0,1,381.95,1,381.9,4,381.85,11,381.83,1,381.69,4,381.68,1,381.67,1,382.31,4,382.32,1,382.41,7,382.42,12,382.44,5,382.45,2,382.46,30,382.5,2,382.52,2,382.6,3
2025-04-10 09:36:21,382.215,382.22,1,382.12,4,382.31,4,382.31,382.12,382.12,4,382.08,1,382.0,1,381.95,1,381.9,4,381.85,11,381.83,1,381.69,4,381.68,1,381.67,1,382.31,4,382.32,1,382.41,7,382.42,12,382.44,5,382.45,2,382.46,30,382.5,2,382.52,2,382.6,3
2025-04-10 09:36:22,382.74,382.74,1,382.64,2,382.84,2,382.84,382.64,382.64,2,382.6,3,382.51,1,382.5,3,382.41,1,382.4,2,382.34,1,382.33,1,382.32,1,382.3,1,382.84,2,382.85,3,382.86,12,382.99,6,383.0,21,,,,,,,,,,
2025-04-10 09:36:23,382.965,382.97,1,382.81,2,383.12,3,383.12,382.81,382.81,2,382.71,1,382.65,1,382.64,5,382.6,3,382.51,1,382.5,3,382.41,1,382.4,2,382.34,1,383.12,3,383.13,3,383.16,3,,,,,,,,,,,,,,
2025-04-10 09:36:24,382.88,382.91,1,382.72,1,383.04,3,383.04,382.72,382.72,1,382.71,2,382.65,1,382.64,5,382.6,3,382.51,1,382.5,3,382.41,1,382.4,2,382.34,1,383.04,3,383.11,1,383.12,3,383.13,3,383.16,3,,,,,,,,,,
2025-04-10 09:36:25,382.925,382.93,1,382.78,9,383.07,2,383.07,382.78,382.78,9,382.77,2,382.72,1,382.71,2,382.65,1,382.64,5,382.6,3,382.51,1,382.5,3,382.41,1,383.07,2,383.11,1,383.12,3,383.13,3,383.16,3,,,,,,,,,,
2025-04-10 09:36:26,382.915,382.92,1,382.78,8,383.05,1,383.05,382.78,382.78,8,382.77,2,382.72,1,382.71,2,382.65,1,382.64,5,382.6,3,382.51,1,382.5,3,382.41,1,383.05,1,383.07,2,383.11,1,383.12,3,383.13,3,383.16,3,,,,,,,,
2025-04-10 09:36:27,382.945,382.91,1,382.82,1,383.07,2,383.07,382.82,382.82,1,382.78,9,382.77,2,382.72,1,382.71,2,382.65,1,382.64,5,382.6,3,382.51,1,382.5,3,383.07,2,383.11,1,383.12,3,383.13,3,383.16,3,,,,,,,,,,
2025-04-10 09:36:28,382.935,382.95,1,382.82,4,383.05,4,383.05,382.82,382.82,4,382.78,9,382.77,2,382.72,1,382.71,2,382.65,1,382.64,5,382.6,3,382.51,1,382.5,3,383.05,4,383.07,2,383.11,1,383.12,3,383.13,3,383.16,3,,,,,,,,
2025-04-10 09:36:29,382.875,382.79,1,382.78,1,382.97,3,382.97,382.78,382.78,1,382.77,2,382.72,1,382.71,2,382.65,1,382.64,5,382.6,3,382.51,1,382.5,3,382.41,1,382.97,3,383.05,4,383.07,2,383.11,1,383.12,3,383.13,3,383.16,3,,,,,,
2025-04-10 09:36:30,382.83,382.78,1,382.69,1,382.97,5,382.97,382.69,382.69,1,382.65,1,382.64,5,382.6,3,382.51,1,382.5,3,382.41,1,382.4,2,382.34,1,382.33,1,382.97,5,383.05,4,383.07,2,383.11,1,383.12,3,383.13,3,383.16,3,,,,,,
2025-04-10 09:36:31,382.865,382.81,1,382.76,1,382.97,5,382.97,382.76,382.76,1,382.69,2,382.65,1,382.64,5,382.6,3,382.51,1,382.5,3,382.41,1,382.4,2,382.34,1,382.97,5,383.05,4,383.07,2,383.11,1,383.12,3,383.13,3,383.16,3,,,,,,
2025-04-10 09:36:32,382.68,382.68,1,382.57,3,382.79,4,382.79,382.57,382.57,3,382.55,1,382.51,1,382.5,3,382.41,1,382.4,2,382.34,1,382.33,1,382.32,1,382.3,1,382.79,4,382.89,2,382.91,4,382.97,6,383.05,4,383.07,2,383.11,1,383.12,3,383.13,3,383.16,3
2025-04-10 09:36:33,382.75,382.75,1,382.63,1,382.87,2,382.87,382.63,382.63,1,382.58,1,382.57,3,382.55,1,382.51,1,382.5,3,382.41,1,382.4,2,382.34,1,382.33,1,382.87,2,382.91,5,382.97,6,383.05,4,383.07,2,383.11,1,383.12,3,383.13,3,383.16,3,,
2025-04-10 09:36:34,382.56,382.58,1,382.46,2,382.66,3,382.66,382.46,382.46,2,382.4,1,382.34,1,382.33,1,382.32,1,382.3,1,382.29,2,382.25,1,382.22,2,382.21,3,382.66,3,382.71,2,382.75,2,382.86,3,382.87,2,382.91,5,382.97,6,383.05,4,383.07,2,383.11,1
2025-04-10 09:36:35,382.56,382.53,1,382.46,2,382.66,3,382.66,382.46,382.46,2,382.4,1,382.34,1,382.33,1,382.32,1,382.3,1,382.29,2,382.25,1,382.22,2,382.21,3,382.66,3,382.71,2,382.75,2,382.86,3,382.87,2,382.91,5,382.97,6,383.05,4,383.07,2,383.11,1
2025-04-10 09:36:36,382.56,382.56,1,382.46,3,382.66,3,382.66,382.46,382.46,3,382.4,1,382.34,1,382.33,1,382.32,1,382.3,1,382.29,2,382.25,1,382.22,2,382.21,3,382.66,3,382.71,2,382.75,2,382.86,3,382.87,2,382.91,5,382.97,6,383.05,4,383.07,2,383.11,1
2025-04-10 09:36:37,382.74,382.58,1,382.58,4,382.9,2,382.9,382.58,382.58,4,382.55,1,382.52,1,382.46,3,382.4,1,382.34,1,382.33,1,382.32,1,382.3,1,382.29,2,382.9,2,382.91,5,382.97,6,383.05,4,383.07,2,383.11,1,383.12,3,383.13,3,383.16,3,,
2025-04-10 09:36:38,382.75,382.75,1,382.6,1,382.9,2,382.9,382.6,382.6,1,382.58,3,382.55,1,382.52,1,382.46,3,382.4,1,382.34,1,382.33,1,382.32,1,382.3,1,382.9,2,382.91,5,382.97,6,383.05,4,383.07,2,383.11,1,383.12,3,383.13,3,383.16,3,,
2025-04-10 09:36:39,383.05,382.91,3,382.95,2,383.15,3,383.15,382.95,382.95,2,382.9,1,382.82,2,382.74,2,382.65,3,382.6,5,382.58,3,382.55,1,382.52,1,382.46,3,383.15,3,383.16,3,,,,,,,,,,,,,,,,
2025-04-10 09:36:40,382.915,382.9,1,382.75,6,383.08,2,383.08,382.75,382.75,6,382.74,1,382.65,3,382.6,5,382.58,3,382.55,1,382.52,1,382.46,3,382.4,1,382.34,1,383.08,2,383.11,2,383.15,3,383.16,3,,,,,,,,,,,,
2025-04-10 09:36:41,383.04,383.0,1,382.88,7,383.2,3,383.2,382.88,382.88,7,382.75,8,382.74,1,382.65,3,382.6,5,382.58,3,382.55,1,382.52,1,382.46,3,382.4,1,383.2,3,383.29,2,383.3,5,,,,,,,,,,,,,,
2025-04-10 09:36:42,383.075,383.08,1,382.95,2,383.2,3,383.2,382.95,382.95,2,382.88,7,382.75,8,382.74,1,382.65,3,382.6,5,382.58,3,382.55,1,382.52,1,382.46,3,383.2,3,383.29,2,383.3,5,,,,,,,,,,,,,,
2025-04-10 09:36:43,383.075,383.08,1,382.95,2,383.2,3,383.2,382.95,382.95,2,382.88,7,382.75,8,382.74,1,382.65,3,382.6,5,382.58,3,382.55,1,382.52,1,382.46,3,383.2,3,383.29,2,383.3,5,,,,,,,,,,,,,,
2025-04-10 09:36:44,382.865,382.84,1,382.69,1,383.04,6,383.04,382.69,382.69,1,382.65,3,382.6,5,382.58,3,382.55,1,382.52,1,382.46,3,382.4,1,382.34,1,382.33,1,383.04,6,383.05,2,383.15,2,383.2,3,383.29,2,383.3,5,,,,,,,,
2025-04-10 09:36:45,382.815,382.69,1,382.66,1,382.97,2,382.97,382.66,382.66,1,382.65,3,382.6,5,382.58,3,382.55,1,382.52,1,382.46,3,382.4,1,382.34,1,382.33,1,382.97,2,383.04,6,383.05,2,383.15,2,383.2,3,383.29,2,383.3,5,,,,,,
2025-04-10 09:36:46,382.82,382.82,1,382.67,2,382.97,3,382.97,382.67,382.67,2,382.66,1,382.65,3,382.6,5,382.58,3,382.55,1,382.52,1,382.46,3,382.4,1,382.34,1,382.97,3,383.04,6,383.05,2,383.15,2,383.2,3,383.29,2,383.3,5,,,,,,
2025-04-10 09:36:47,382.75,382.79,1,382.67,2,382.83,2,382.83,382.67,382.67,2,382.66,1,382.65,3,382.6,5,382.58,3,382.55,1,382.52,1,382.46,3,382.4,1,382.34,1,382.83,2,382.91,1,382.97,4,383.04,6,383.05,2,383.15,2,383.2,3,383.29,2,383.3,5,,
2025-04-10 09:36:48,382.56,382.73,1,382.46,1,382.66,3,382.66,382.46,382.46,1,382.4,6,382.34,1,382.33,1,382.32,1,382.3,1,382.29,2,382.25,1,382.22,2,382.21,3,382.66,3,382.68,1,382.72,3,382.78,2,382.81,1,382.83,2,382.91,1,382.97,4,383.04,6,383.05,2
2025-04-10 09:36:49,382.585,382.59,1,382.51,5,382.66,6,382.66,382.5,382.51,5,382.5,1,382.47,3,382.46,3,382.4,5,382.34,1,382.33,1,382.32,1,382.3,1,382.29,2,382.66,6,382.68,1,382.72,3,382.78,2,382.81,1,382.83,2,382.91,1,382.97,4,383.04,6,383.05,2
2025-04-10 09:36:50,382.54,382.61,3,382.46,1,382.62,2,382.62,382.46,382.46,1,382.4,5,382.34,1,382.33,1,382.32,1,382.3,1,382.29,2,382.25,1,382.22,2,382.21,3,382.62,2,382.63,1,382.66,6,382.68,1,382.72,3,382.78,2,382.81,1,382.83,2,382.91,1,382.97,4
2025-04-10 09:36:51,382.78,382.78,1,382.64,1,382.92,2,382.92,382.64,382.64,1,382.6,3,382.55,1,382.51,1,382.46,1,382.4,5,382.34,1,382.33,1,382.32,1,382.3,1,382.92,2,382.97,4,383.04,6,383.05,2,383.15,2,383.2,3,383.29,2,383.3,5,,,,
2025-04-10 09:36:52,382.895,383.02,1,382.77,2,383.02,1,383.02,382.77,382.77,2,382.72,2,382.6,2,382.55,1,382.51,1,382.46,1,382.4,5,382.34,1,382.33,1,382.32,1,383.02,1,383.04,6,383.05,2,383.15,2,383.2,3,383.29,2,383.3,5,,,,,,
2025-04-10 09:36:53,382.895,382.9,1,382.77,2,383.02,3,383.02,382.77,382.77,2,382.72,2,382.6,2,382.55,1,382.51,1,382.46,1,382.4,5,382.34,1,382.33,1,382.32,1,383.02,3,383.04,6,383.05,2,383.15,2,383.2,3,383.29,2,383.3,5,,,,,,
2025-04-10 09:36:54,382.895,382.95,1,382.77,2,383.02,3,383.02,382.77,382.77,2,382.72,2,382.6,2,382.55,1,382.51,1,382.46,1,382.4,5,382.34,1,382.33,1,382.32,1,383.02,3,383.04,6,383.05,2,383.15,2,383.2,3,383.29,2,383.3,5,,,,,,
2025-04-10 09:36:55,382.885,382.9,1,382.77,2,383.0,1,383.0,382.77,382.77,2,382.72,2,382.6,2,382.55,1,382.51,1,382.46,1,382.4,5,382.34,1,382.33,1,382.32,1,383.0,1,383.02,3,383.04,6,383.05,2,383.15,2,383.2,3,383.29,2,383.3,5,,,,
2025-04-10 09:36:56,382.88,382.97,1,382.76,2,383.0,1,383.0,382.76,382.76,2,382.72,4,382.6,2,382.55,1,382.51,1,382.46,1,382.4,5,382.34,1,382.33,1,382.32,1,383.0,1,383.02,3,383.04,6,383.05,2,383.15,2,383.2,3,383.29,2,383.3,5,,,,
2025-04-10 09:36:57,382.88,382.9,2,382.76,1,383.0,1,383.0,382.76,382.76,1,382.72,4,382.6,2,382.55,1,382.51,1,382.46,1,382.4,5,382.34,1,382.33,1,382.32,1,383.0,1,383.02,3,383.04,6,383.05,2,383.15,2,383.2,3,383.29,2,383.3,5,,,,
2025-04-10 09:36:58,382.86,382.72,1,382.72,4,383.0,3,383.0,382.72,382.72,4,382.6,2,382.55,1,382.51,1,382.46,1,382.4,5,382.34,1,382.33,1,382.32,1,382.3,1,383.0,3,383.02,3,383.04,6,383.05,2,383.15,2,383.2,3,383.29,2,383.3,5,,,,
2025-04-10 09:36:59,382.655,382.63,1,382.47,2,382.84,2,382.84,382.47,382.47,2,382.46,1,382.4,5,382.34,1,382.33,1,382.32,1,382.3,1,382.29,2,382.25,1,382.22,2,382.84,2,382.86,3,383.0,3,383.02,3,383.04,6,383.05,2,383.15,2,383.2,3,383.29,2,383.3,5
2025-04-10 09:37:00,382.75,382.75,1,382.64,3,382.86,3,382.86,382.64,382.64,3,382.47,2,382.46,1,382.4,5,382.34,1,382.33,1,382.32,1,382.3,1,382.29,2,382.25,1,382.86,3,383.0,3,383.02,3,383.04,6,383.05,2,383.15,2,383.2,3,383.29,2,383.3,5,,
2025-04-10 09:37:01,382.36,382.4,1,382.25,2,382.47,1,382.47,382.25,382.25,2,382.22,2,382.21,3,382.12,4,382.08,1,382.0,1,381.95,1,381.9,4,381.85,11,381.83,1,382.47,1,382.56,1,382.57,1,382.67,2,382.68,2,382.74,1,382.75,2,382.8,1,382.81,1,382.85,1
2025-04-10 09:37:02,382.415,382.4,1,382.27,1,382.56,4,382.56,382.27,382.27,1,382.26,2,382.16,3,382.12,4,382.08,1,382.0,1,381.95,1,381.9,4,381.85,11,381.83,1,382.56,4,382.57,1,382.67,2,382.68,2,382.74,1,382.75,2,382.8,1,382.81,1,382.85,1,382.86,3
2025-04-10 09:37:03,382.34,382.28,2,382.16,5,382.52,4,382.52,382.16,382.16,5,382.12,4,382.08,1,382.0,1,381.95,1,381.9,4,381.85,11,381.83,1,381.69,4,381.68,1,382.52,4,382.53,1,382.54,2,382.56,4,382.57,1,382.67,2,382.68,2,382.74,1,382.75,2,382.8,1
2025-04-10 09:37:04,382.25,382.23,1,382.16,1,382.34,1,382.34,382.16,382.16,1,382.12,2,382.08,1,382.0,1,381.95,1,381.9,4,381.85,11,381.83,1,381.69,4,381.68,1,382.34,1,382.4,3,382.45,3,382.51,2,382.52,5,382.53,1,382.54,2,382.56,4,382.57,1,382.67,2
2025-04-10 09:37:05,382.0,381.98,1,381.9,2,382.1,2,382.1,381.9,381.9,2,381.85,11,381.83,1,381.69,4,381.68,1,381.67,1,381.66,3,381.62,4,381.61,1,381.6,5,382.1,2,382.21,3,382.22,3,382.32,1,382.33,1,382.43,3,382.45,3,382.51,2,382.52,5,382.53,1
2025-04-10 09:37:06,382.02,382.1,1,381.94,2,382.1,4,382.1,381.94,381.94,2,381.9,3,381.85,11,381.83,1,381.69,4,381.68,1,381.67,1,381.66,3,381.62,4,381.61,1,382.1,4,382.21,3,382.22,3,382.32,1,382.33,1,382.43,3,382.45,3,382.51,2,382.52,5,382.53,1
2025-04-10 09:37:07,382.1,382.1,1,382.02,2,382.18,1,382.18,382.02,382.02,2,381.9,3,381.85,11,381.83,1,381.69,4,381.68,1,381.67,1,381.66,3,381.62,4,381.61,1,382.18,1,382.21,3,382.22,3,382.32,1,382.33,1,382.43,3,382.45,3,382.51,2,382.52,5,382.53,1
2025-04-10 09:37:08,382.1,382.15,1,382.02,2,382.18,1,382.18,382.02,382.02,2,381.9,3,381.85,11,381.83,1,381.69,4,381.68,1,381.67,1,381.66,3,381.62,4,381.61,1,382.18,1,382.21,3,382.22,3,382.32,1,382.33,1,382.43,3,382.45,3,382.51,2,382.52,5,382.53,1
2025-04-10 09:37:09,382.1,382.09,1,382.02,2,382.18,1,382.18,382.02,382.02,2,381.9,3,381.85,11,381.83,1,381.69,4,381.68,1,381.67,1,381.66,3,381.62,4,381.61,1,382.18,1,382.21,3,382.22,3,382.32,1,382.33,1,382.43,3,382.45,3,382.51,2,382.52,5,382.53,1
2025-04-10 09:37:10,382.045,382.05,1,381.92,1,382.17,1,382.17,381.92,381.92,1,381.9,3,381.85,11,381.83,1,381.69,4,381.68,1,381.67,1,381.66,3,381.62,4,381.61,1,382.17,1,382.18,5,382.21,3,382.22,3,382.32,1,382.33,1,382.43,3,382.45,3,382.51,2,382.52,5
2025-04-10 09:37:11,381.97,381.97,1,381.82,2,382.12,3,382.12,381.82,381.82,2,381.69,4,381.68,1,381.67,1,381.66,3,381.62,4,381.61,1,381.6,5,381.59,1,381.57,2,382.12,3,382.13,3,382.17,1,382.18,5,382.21,3,382.22,3,382.32,1,382.33,1,382.43,3,382.45,3
2025-04-10 09:37:12,381.62,381.62,1,381.5,1,381.74,2,381.74,381.5,381.5,1,381.48,1,381.45,2,381.43,7,381.42,6,381.4,7,381.37,2,381.36,1,381.13,3,381.08,2,381.74,2,381.88,1,381.89,2,381.91,1,381.94,1,381.95,1,382.0,2,382.04,1,382.05,1,382.06,1
2025-04-10 09:37:13,381.75,381.74,1,381.62,4,381.88,2,381.88,381.62,381.62,4,381.41,1,381.4,7,381.37,2,381.36,1,381.13,3,381.08,2,381.07,3,381.04,2,381.0,6,381.88,2,381.89,2,381.91,1,381.94,1,381.95,1,382.0,2,382.04,1,382.05,1,382.06,1,382.12,3
2025-04-10 09:37:14,381.575,381.67,1,381.4,4,381.75,3,381.75,381.4,381.4,4,381.37,2,381.36,1,381.13,3,381.08,2,381.07,3,381.04,2,381.0,6,380.91,5,380.9,2,381.75,3,381.76,3,381.78,2,381.82,4,381.88,2,381.89,2,381.91,1,381.94,1,381.95,1,382.0,2
