sim_time,mid_price,last_price,last_size,best_bid_price,best_bid_size,best_ask_price,best_ask_size,close_price_buy,close_price_sell,bid1_price,bid1_size,bid2_price,bid2_size,bid3_price,bid3_size,bid4_price,bid4_size,bid5_price,bid5_size,bid6_price,bid6_size,bid7_price,bid7_size,bid8_price,bid8_size,bid9_price,bid9_size,bid10_price,bid10_size,ask1_price,ask1_size,ask2_price,ask2_size,ask3_price,ask3_size,ask4_price,ask4_size,ask5_price,ask5_size,ask6_price,ask6_size,ask7_price,ask7_size,ask8_price,ask8_size,ask9_price,ask9_size,ask10_price,ask10_size
2025-04-10 09:30:11,56.85,56.85,1,56.7,7,57.0,1,57.0,56.7,56.7,7,56.69,23,56.59,1,56.5,6,,,,,,,,,,,,,57.0,1,57.37,7,57.38,7,57.39,7,57.4,7,57.44,9,,,,,,,,
2025-04-10 09:30:12,57.03,56.71,1,56.7,7,57.36,7,57.36,56.7,56.7,7,56.69,23,56.59,1,56.5,6,,,,,,,,,,,,,57.36,7,57.37,7,57.44,9,,,,,,,,,,,,,,
2025-04-10 09:30:14,56.955,56.71,1,56.71,8,57.2,8,57.2,56.71,56.71,8,56.7,7,56.69,23,56.59,1,56.5,6,,,,,,,,,,,57.2,8,57.36,7,57.37,7,57.44,9,,,,,,,,,,,,
2025-04-10 09:30:15,56.9,56.82,1,56.82,10,56.98,3,56.98,56.82,56.82,10,56.81,9,56.8,19,56.71,8,56.7,7,56.69,23,56.59,1,56.5,6,,,,,56.98,3,57.0,2,57.08,14,57.14,12,57.15,3,57.16,14,57.17,1,57.21,1,57.25,7,57.36,7
2025-04-10 09:30:16,56.875,56.77,1,56.77,8,56.98,11,56.98,56.77,56.77,8,56.71,8,56.7,7,56.69,23,56.59,1,56.5,6,,,,,,,,,56.98,11,57.0,2,57.08,14,57.14,12,57.15,3,57.16,14,57.17,1,57.21,1,57.25,7,57.36,7
2025-04-10 09:30:17,56.77,56.71,1,56.71,8,56.83,4,56.83,56.71,56.71,8,56.7,7,56.69,23,56.59,1,56.5,6,,,,,,,,,,,56.83,4,56.84,3,56.9,2,56.98,16,57.0,2,57.08,14,57.14,12,57.15,3,57.16,14,57.17,1
2025-04-10 09:30:18,56.82,56.76,3,56.76,8,56.88,5,56.88,56.76,56.76,8,56.74,4,56.71,10,56.7,7,56.69,23,56.59,1,56.5,6,,,,,,,56.88,5,56.91,2,56.94,1,56.98,16,57.0,2,57.08,14,57.14,12,57.15,3,57.16,14,57.17,1
2025-04-10 09:30:19,56.795,56.71,3,56.71,10,56.88,12,56.88,56.71,56.71,10,56.7,7,56.69,23,56.59,1,56.5,6,,,,,,,,,,,56.88,12,56.91,2,56.94,1,56.98,16,57.0,2,57.08,14,57.14,12,57.15,3,57.16,14,57.17,1
2025-04-10 09:30:20,56.775,56.71,1,56.71,10,56.84,9,56.84,56.71,56.71,10,56.7,7,56.69,23,56.59,1,56.5,6,,,,,,,,,,,56.84,9,56.85,1,56.88,14,56.91,2,56.94,1,56.98,16,57.0,2,57.08,14,57.14,12,57.15,3
2025-04-10 09:30:21,56.695,56.7,1,56.62,9,56.77,7,56.77,56.62,56.62,9,56.59,1,56.5,6,,,,,,,,,,,,,,,56.77,7,56.78,1,56.84,10,56.85,1,56.88,14,56.91,2,56.94,1,56.98,16,57.0,2,57.08,14
2025-04-10 09:30:22,56.7,56.7,1,56.63,10,56.77,16,56.77,56.63,56.63,10,56.62,9,56.59,1,56.5,6,,,,,,,,,,,,,56.77,16,56.78,1,56.84,10,56.85,1,56.88,14,56.91,2,56.94,1,56.98,16,57.0,2,57.08,14
2025-04-10 09:30:23,56.7,56.63,1,56.63,10,56.77,17,56.77,56.63,56.63,10,56.62,9,56.59,1,56.5,6,,,,,,,,,,,,,56.77,17,56.78,1,56.84,10,56.85,1,56.88,14,56.91,2,56.94,1,56.98,16,57.0,2,57.08,14
2025-04-10 09:30:24,56.7,56.7,1,56.63,10,56.77,17,56.77,56.63,56.63,10,56.62,9,56.59,1,56.5,6,,,,,,,,,,,,,56.77,17,56.78,1,56.84,10,56.85,1,56.88,14,56.91,2,56.94,1,56.98,16,57.0,2,57.08,14
2025-04-10 09:30:25,56.7,56.72,3,56.63,10,56.77,17,56.77,56.63,56.63,10,56.62,9,56.59,1,56.5,6,,,,,,,,,,,,,56.77,17,56.78,1,56.84,10,56.85,1,56.88,14,56.91,2,56.94,1,56.98,16,57.0,2,57.08,14
2025-04-10 09:30:26,56.7,56.68,2,56.63,13,56.77,19,56.77,56.63,56.63,13,56.62,9,56.59,1,56.5,6,,,,,,,,,,,,,56.77,19,56.78,1,56.84,10,56.85,1,56.88,14,56.91,2,56.94,1,56.98,16,57.0,2,57.08,14
2025-04-10 09:30:27,56.705,56.64,1,56.64,10,56.77,18,56.77,56.64,56.64,10,56.63,13,56.62,9,56.59,1,56.5,6,,,,,,,,,,,56.77,18,56.78,1,56.84,10,56.85,1,56.88,14,56.91,2,56.94,1,56.98,16,57.0,2,57.08,14
2025-04-10 09:30:28,56.76,56.7,3,56.7,12,56.82,10,56.82,56.7,56.7,12,56.64,10,56.63,13,56.62,9,56.59,1,56.5,6,,,,,,,,,56.82,10,56.84,10,56.85,1,56.88,14,56.91,2,56.94,1,56.98,16,57.0,2,57.08,14,57.14,12
2025-04-10 09:30:29,56.765,56.76,1,56.71,7,56.82,10,56.82,56.71,56.71,7,56.7,12,56.64,10,56.63,13,56.62,9,56.59,1,56.5,6,,,,,,,56.82,10,56.84,10,56.85,1,56.88,14,56.91,2,56.94,1,56.98,16,57.0,2,57.08,14,57.14,12
2025-04-10 09:30:30,56.765,56.77,3,56.71,7,56.82,12,56.82,56.71,56.71,7,56.7,12,56.64,10,56.63,13,56.62,9,56.59,1,56.5,6,,,,,,,56.82,12,56.84,10,56.85,1,56.88,14,56.91,2,56.94,1,56.98,16,57.0,2,57.08,14,57.14,12
2025-04-10 09:30:31,56.765,56.72,1,56.71,7,56.82,12,56.82,56.71,56.71,7,56.7,12,56.64,10,56.63,13,56.62,9,56.59,1,56.5,6,,,,,,,56.82,12,56.84,10,56.85,1,56.88,14,56.91,2,56.94,1,56.98,16,57.0,2,57.08,14,57.14,12
2025-04-10 09:30:32,56.72,56.71,1,56.72,2,56.72,4,56.72,56.72,56.72,2,56.71,2,56.63,8,56.62,9,56.59,1,56.5,6,,,,,,,,,56.72,4,56.82,12,56.84,10,56.85,1,56.88,14,56.91,2,56.94,1,56.98,16,57.0,2,57.08,14
2025-04-10 09:30:33,56.715,56.72,2,56.63,12,56.8,18,56.8,56.63,56.63,12,56.62,9,56.59,1,56.5,6,,,,,,,,,,,,,56.8,18,56.82,12,56.84,10,56.85,1,56.88,14,56.91,2,56.94,1,56.98,16,57.0,2,57.08,14
2025-04-10 09:30:34,56.715,56.64,1,56.63,13,56.8,18,56.8,56.63,56.63,13,56.62,9,56.59,1,56.5,6,,,,,,,,,,,,,56.8,18,56.82,12,56.84,10,56.85,1,56.88,14,56.91,2,56.94,1,56.98,16,57.0,2,57.08,14
2025-04-10 09:30:35,56.72,56.7,3,56.64,8,56.8,18,56.8,56.64,56.64,8,56.63,13,56.62,9,56.59,1,56.5,6,,,,,,,,,,,56.8,18,56.82,12,56.84,10,56.85,1,56.88,14,56.91,2,56.94,1,56.98,16,57.0,2,57.08,14
2025-04-10 09:30:36,56.725,56.73,8,56.65,13,56.8,9,56.8,56.65,56.65,13,56.64,8,56.63,13,56.62,9,56.59,1,56.5,6,,,,,,,,,56.8,9,56.82,12,56.84,10,56.85,1,56.88,14,56.91,2,56.94,1,56.98,16,57.0,2,57.08,14
2025-04-10 09:30:37,56.725,56.66,1,56.65,12,56.8,39,56.8,56.65,56.65,12,56.64,8,56.63,13,56.62,9,56.59,1,56.5,6,,,,,,,,,56.8,39,56.82,12,56.84,10,56.85,1,56.88,14,56.91,2,56.94,1,56.98,16,57.0,2,57.08,14
2025-04-10 09:30:38,56.69,56.65,1,56.65,72,56.73,2,56.73,56.65,56.65,72,56.64,8,56.63,13,56.62,9,56.59,1,56.5,6,,,,,,,,,56.73,2,56.74,1,56.75,7,56.8,41,56.82,12,56.84,10,56.85,1,56.88,14,56.91,2,56.94,1
2025-04-10 09:30:39,56.71,56.73,1,56.65,73,56.77,11,56.77,56.65,56.65,73,56.64,8,56.63,13,56.62,9,56.59,1,56.5,6,,,,,,,,,56.77,11,56.8,41,56.82,12,56.84,10,56.85,1,56.88,14,56.91,2,56.94,1,56.98,16,57.0,2
2025-04-10 09:30:40,56.73,56.73,1,56.7,15,56.76,17,56.76,56.7,56.7,15,56.69,12,56.65,72,56.64,8,56.63,13,56.62,9,56.59,1,56.5,6,,,,,56.76,17,56.77,14,56.8,41,56.82,12,56.84,10,56.85,1,56.88,14,56.91,2,56.94,1,56.98,16
2025-04-10 09:30:41,56.715,56.7,1,56.69,13,56.74,9,56.74,56.69,56.69,13,56.65,72,56.64,8,56.63,13,56.62,9,56.59,1,56.5,6,,,,,,,56.74,9,56.75,9,56.76,5,56.78,4,56.8,41,56.82,12,56.84,10,56.85,1,56.88,14,56.91,2
2025-04-10 09:30:42,56.695,56.65,1,56.65,72,56.74,17,56.74,56.65,56.65,72,56.64,8,56.63,13,56.62,9,56.59,1,56.5,6,,,,,,,,,56.74,17,56.75,9,56.76,5,56.78,4,56.8,41,56.82,12,56.84,10,56.85,1,56.88,14,56.91,2
2025-04-10 09:30:43,56.695,56.7,1,56.65,72,56.74,17,56.74,56.65,56.65,72,56.64,8,56.63,13,56.62,9,56.59,1,56.5,6,,,,,,,,,56.74,17,56.75,9,56.76,5,56.78,4,56.8,41,56.82,12,56.84,10,56.85,1,56.88,14,56.91,2
2025-04-10 09:30:44,56.675,56.68,1,56.63,12,56.72,6,56.72,56.63,56.63,12,56.61,1,56.59,1,56.5,6,,,,,,,,,,,,,56.72,6,56.74,17,56.75,9,56.76,5,56.78,4,56.8,41,56.82,12,56.84,10,56.85,1,56.88,14
2025-04-10 09:30:45,56.695,56.67,3,56.67,10,56.72,9,56.72,56.67,56.67,10,56.61,7,56.59,1,56.5,6,,,,,,,,,,,,,56.72,9,56.74,17,56.75,9,56.76,5,56.78,4,56.8,41,56.82,12,56.84,10,56.85,1,56.88,14
2025-04-10 09:30:46,56.705,56.72,4,56.69,1,56.72,9,56.72,56.69,56.69,1,56.68,13,56.67,10,56.61,7,56.59,1,56.5,6,,,,,,,,,56.72,9,56.74,17,56.75,9,56.76,5,56.78,4,56.8,41,56.82,12,56.84,10,56.85,1,56.88,14
2025-04-10 09:30:47,56.705,56.69,3,56.69,1,56.72,9,56.72,56.69,56.69,1,56.68,13,56.67,10,56.61,7,56.59,1,56.5,6,,,,,,,,,56.72,9,56.74,17,56.75,9,56.76,5,56.78,4,56.8,41,56.82,12,56.84,10,56.85,1,56.88,14
2025-04-10 09:30:48,56.665,56.67,1,56.62,17,56.71,3,56.71,56.62,56.62,17,56.61,60,56.59,1,56.5,6,,,,,,,,,,,,,56.71,3,56.72,12,56.74,17,56.75,9,56.76,5,56.78,4,56.8,41,56.82,12,56.84,10,56.85,1
2025-04-10 09:30:49,56.725,56.67,1,56.69,6,56.76,24,56.76,56.69,56.69,6,56.66,2,56.62,17,56.61,60,56.59,1,56.5,6,,,,,,,,,56.76,24,56.77,2,56.78,4,56.8,41,56.82,12,56.84,10,56.85,1,56.88,14,56.91,2,56.94,1
2025-04-10 09:30:50,56.725,56.73,9,56.69,6,56.76,38,56.76,56.69,56.69,6,56.66,2,56.62,17,56.61,60,56.59,1,56.5,6,,,,,,,,,56.76,38,56.77,2,56.78,4,56.8,41,56.82,12,56.84,10,56.85,1,56.88,14,56.91,2,56.94,1
2025-04-10 09:30:51,56.74,56.73,1,56.72,1,56.76,38,56.76,56.72,56.72,1,56.69,6,56.66,2,56.62,17,56.61,60,56.59,1,56.5,6,,,,,,,56.76,38,56.77,2,56.78,4,56.8,41,56.82,12,56.84,10,56.85,1,56.88,14,56.91,2,56.94,1
2025-04-10 09:30:52,56.82,56.8,1,56.8,4,56.84,12,56.84,56.8,56.8,4,56.74,18,56.72,1,56.69,6,56.66,2,56.62,17,56.61,60,56.59,1,56.5,6,,,56.84,12,56.85,1,56.88,14,56.91,2,56.94,1,56.98,16,57.0,2,57.08,14,57.14,12,57.15,3
2025-04-10 09:30:53,56.82,56.81,1,56.8,5,56.84,12,56.84,56.8,56.8,5,56.74,18,56.72,1,56.69,6,56.66,2,56.62,17,56.61,60,56.59,1,56.5,6,,,56.84,12,56.85,1,56.88,14,56.91,2,56.94,1,56.98,16,57.0,2,57.08,14,57.14,12,57.15,3
2025-04-10 09:30:54,56.82,56.8,3,56.8,9,56.84,12,56.84,56.8,56.8,9,56.74,18,56.72,1,56.69,6,56.66,2,56.62,17,56.61,60,56.59,1,56.5,6,,,56.84,12,56.85,1,56.88,14,56.91,2,56.94,1,56.98,16,57.0,2,57.08,14,57.14,12,57.15,3
2025-04-10 09:30:55,56.69,56.7,1,56.67,4,56.71,2,56.71,56.67,56.67,4,56.66,2,56.62,17,56.61,60,56.59,1,56.5,6,,,,,,,,,56.71,2,56.76,2,56.81,7,56.84,12,56.85,1,56.88,14,56.91,2,56.94,1,56.98,16,57.0,2
2025-04-10 09:30:56,56.73,56.65,1,56.65,6,56.81,10,56.81,56.65,56.65,6,56.62,17,56.61,60,56.59,1,56.5,6,,,,,,,,,,,56.81,10,56.84,12,56.85,1,56.88,14,56.91,2,56.94,1,56.98,16,57.0,2,57.08,14,57.14,12
2025-04-10 09:30:57,56.73,56.65,3,56.65,6,56.81,10,56.81,56.65,56.65,6,56.62,17,56.61,60,56.59,1,56.5,6,,,,,,,,,,,56.81,10,56.84,12,56.85,1,56.88,14,56.91,2,56.94,1,56.98,16,57.0,2,57.08,14,57.14,12
2025-04-10 09:30:58,56.73,56.65,2,56.65,6,56.81,11,56.81,56.65,56.65,6,56.62,17,56.61,60,56.59,1,56.5,6,,,,,,,,,,,56.81,11,56.84,12,56.85,1,56.88,14,56.91,2,56.94,1,56.98,16,57.0,2,57.08,14,57.14,12
2025-04-10 09:30:59,56.67,56.62,1,56.61,2,56.73,8,56.73,56.61,56.61,2,56.6,4,56.58,3,56.55,3,56.5,6,,,,,,,,,,,56.73,8,56.77,1,56.81,11,56.84,12,56.85,1,56.88,14,56.91,2,56.94,1,56.98,16,57.0,2
2025-04-10 09:31:00,56.675,56.64,10,56.62,5,56.73,8,56.73,56.62,56.62,5,56.61,1,56.6,4,56.58,3,56.55,3,56.5,6,,,,,,,,,56.73,8,56.77,1,56.81,11,56.84,12,56.85,1,56.88,14,56.91,2,56.94,1,56.98,16,57.0,2
2025-04-10 09:31:01,56.675,56.62,3,56.62,5,56.73,8,56.73,56.62,56.62,5,56.61,1,56.6,4,56.58,3,56.55,3,56.5,6,,,,,,,,,56.73,8,56.77,1,56.81,11,56.84,12,56.85,1,56.88,14,56.91,2,56.94,1,56.98,16,57.0,2
2025-04-10 09:31:02,56.675,56.62,2,56.62,6,56.73,8,56.73,56.62,56.62,6,56.61,1,56.6,4,56.58,3,56.55,3,56.5,6,,,,,,,,,56.73,8,56.77,1,56.81,11,56.84,12,56.85,1,56.88,14,56.91,2,56.94,1,56.98,16,57.0,2
2025-04-10 09:31:03,56.675,56.62,2,56.62,6,56.73,8,56.73,56.62,56.62,6,56.61,1,56.6,4,56.58,3,56.55,3,56.5,6,,,,,,,,,56.73,8,56.77,1,56.81,11,56.84,12,56.85,1,56.88,14,56.91,2,56.94,1,56.98,16,57.0,2
2025-04-10 09:31:04,56.68,56.68,2,56.63,3,56.73,8,56.73,56.63,56.63,3,56.62,6,56.61,1,56.6,4,56.58,3,56.55,3,56.5,6,,,,,,,56.73,8,56.77,1,56.81,11,56.84,12,56.85,1,56.88,14,56.91,2,56.94,1,56.98,16,57.0,2
2025-04-10 09:31:05,56.68,56.68,1,56.63,4,56.73,8,56.73,56.63,56.63,4,56.62,6,56.61,1,56.6,4,56.58,3,56.55,3,56.5,6,,,,,,,56.73,8,56.77,1,56.81,11,56.84,12,56.85,1,56.88,14,56.91,2,56.94,1,56.98,16,57.0,2
2025-04-10 09:31:06,56.685,56.64,3,56.64,17,56.73,8,56.73,56.64,56.64,17,56.63,3,56.62,6,56.61,1,56.6,4,56.58,3,56.55,3,56.5,6,,,,,56.73,8,56.77,1,56.81,11,56.84,12,56.85,1,56.88,14,56.91,2,56.94,1,56.98,16,57.0,2
2025-04-10 09:31:07,56.615,56.57,1,56.52,10,56.71,10,56.71,56.52,56.52,10,56.5,6,,,,,,,,,,,,,,,,,56.71,10,56.72,4,56.73,9,56.77,1,56.81,11,56.84,12,56.85,1,56.88,14,56.91,2,56.94,1
2025-04-10 09:31:08,56.615,56.52,1,56.52,10,56.71,10,56.71,56.52,56.52,10,56.5,6,,,,,,,,,,,,,,,,,56.71,10,56.72,4,56.73,9,56.77,1,56.81,11,56.84,12,56.85,1,56.88,14,56.91,2,56.94,1
2025-04-10 09:31:09,56.39,56.32,6,56.32,24,56.46,16,56.46,56.32,56.32,24,,,,,,,,,,,,,,,,,,,56.46,16,56.5,3,56.51,1,56.59,2,56.6,3,56.67,3,56.7,6,56.71,10,56.72,4,56.73,9
2025-04-10 09:31:10,56.41,56.45,2,56.36,6,56.46,17,56.46,56.36,56.36,6,56.32,24,,,,,,,,,,,,,,,,,56.46,17,56.5,3,56.51,1,56.59,2,56.6,3,56.67,3,56.7,6,56.71,10,56.72,4,56.73,9
2025-04-10 09:31:11,56.41,56.41,1,56.36,6,56.46,14,56.46,56.36,56.36,6,56.32,24,,,,,,,,,,,,,,,,,56.46,14,56.5,3,56.51,1,56.59,2,56.6,3,56.67,3,56.7,6,56.71,10,56.72,4,56.73,9
2025-04-10 09:31:12,56.39,56.39,1,56.36,12,56.42,4,56.42,56.36,56.36,12,56.32,24,,,,,,,,,,,,,,,,,56.42,4,56.46,14,56.5,3,56.51,1,56.59,2,56.6,3,56.67,3,56.7,6,56.71,10,56.72,4
2025-04-10 09:31:13,56.39,56.41,8,56.36,12,56.42,12,56.42,56.36,56.36,12,56.32,24,,,,,,,,,,,,,,,,,56.42,12,56.46,14,56.5,3,56.51,1,56.59,2,56.6,3,56.67,3,56.7,6,56.71,10,56.72,4
2025-04-10 09:31:14,56.38,56.34,1,56.34,1,56.42,12,56.42,56.34,56.34,1,56.33,2,56.32,25,,,,,,,,,,,,,,,56.42,12,56.46,14,56.5,3,56.51,1,56.59,2,56.6,3,56.67,3,56.7,6,56.71,10,56.72,4
2025-04-10 09:31:15,56.38,56.38,1,56.34,8,56.42,11,56.42,56.34,56.34,8,56.33,2,56.32,25,,,,,,,,,,,,,,,56.42,11,56.46,14,56.5,3,56.51,1,56.59,2,56.6,3,56.67,3,56.7,6,56.71,10,56.72,4
2025-04-10 09:31:16,56.38,56.4,1,56.34,8,56.42,10,56.42,56.34,56.34,8,56.33,2,56.32,25,,,,,,,,,,,,,,,56.42,10,56.46,14,56.5,3,56.51,1,56.59,2,56.6,3,56.67,3,56.7,6,56.71,10,56.72,4
2025-04-10 09:31:17,56.38,56.38,8,56.34,8,56.42,10,56.42,56.34,56.34,8,56.33,2,56.32,25,,,,,,,,,,,,,,,56.42,10,56.46,14,56.5,3,56.51,1,56.59,2,56.6,3,56.67,3,56.7,6,56.71,10,56.72,4
2025-04-10 09:31:18,56.38,56.37,3,56.34,8,56.42,10,56.42,56.34,56.34,8,56.33,2,56.32,25,,,,,,,,,,,,,,,56.42,10,56.46,14,56.5,3,56.51,1,56.59,2,56.6,3,56.67,3,56.7,6,56.71,10,56.72,4
2025-04-10 09:31:19,56.34,56.27,2,56.27,4,56.41,8,56.41,56.27,56.27,4,,,,,,,,,,,,,,,,,,,56.41,8,56.42,10,56.46,14,56.5,3,56.51,1,56.59,2,56.6,3,56.67,3,56.7,6,56.71,10
2025-04-10 09:31:20,56.345,56.35,1,56.28,7,56.41,9,56.41,56.28,56.28,7,56.27,4,,,,,,,,,,,,,,,,,56.41,9,56.42,10,56.46,14,56.5,3,56.51,1,56.59,2,56.6,3,56.67,3,56.7,6,56.71,10
2025-04-10 09:31:21,56.345,56.3,3,56.28,6,56.41,11,56.41,56.28,56.28,6,56.27,4,,,,,,,,,,,,,,,,,56.41,11,56.42,10,56.46,14,56.5,3,56.51,1,56.59,2,56.6,3,56.67,3,56.7,6,56.71,10
2025-04-10 09:31:22,56.33,56.35,2,56.28,17,56.38,10,56.38,56.28,56.28,17,56.27,4,,,,,,,,,,,,,,,,,56.38,10,56.41,11,56.42,10,56.46,14,56.5,3,56.51,1,56.59,2,56.6,3,56.67,3,56.7,6
2025-04-10 09:31:23,56.285,56.25,1,56.2,4,56.37,8,56.37,56.2,56.2,4,,,,,,,,,,,,,,,,,,,56.37,8,56.38,18,56.41,11,56.42,10,56.46,14,56.5,3,56.51,1,56.59,2,56.6,3,56.67,3
2025-04-10 09:31:24,56.23,56.24,1,56.21,8,56.25,4,56.25,56.21,56.21,8,56.2,7,,,,,,,,,,,,,,,,,56.25,4,56.27,1,56.35,5,56.36,2,56.37,10,56.38,18,56.41,11,56.42,10,56.46,14,56.5,3
2025-04-10 09:31:25,56.25,56.31,4,56.19,5,56.31,6,56.31,56.19,56.19,5,56.18,3,56.16,2,,,,,,,,,,,,,,,56.31,6,56.35,7,56.36,2,56.37,10,56.38,18,56.41,11,56.42,10,56.46,14,56.5,3,56.51,1
2025-04-10 09:31:26,56.255,56.2,2,56.2,6,56.31,6,56.31,56.2,56.2,6,56.19,5,56.18,3,56.16,2,,,,,,,,,,,,,56.31,6,56.35,7,56.36,2,56.37,10,56.38,18,56.41,11,56.42,10,56.46,14,56.5,3,56.51,1
2025-04-10 09:31:27,56.255,56.2,2,56.2,6,56.31,6,56.31,56.2,56.2,6,56.19,5,56.18,3,56.16,2,,,,,,,,,,,,,56.31,6,56.35,7,56.36,2,56.37,10,56.38,18,56.41,11,56.42,10,56.46,14,56.5,3,56.51,1
2025-04-10 09:31:28,56.255,56.2,3,56.2,8,56.31,6,56.31,56.2,56.2,8,56.19,5,56.18,3,56.16,2,,,,,,,,,,,,,56.31,6,56.35,7,56.36,2,56.37,10,56.38,18,56.41,11,56.42,10,56.46,14,56.5,3,56.51,1
2025-04-10 09:31:29,56.24,56.2,1,56.2,8,56.28,3,56.28,56.2,56.2,8,56.19,5,56.18,3,56.16,2,,,,,,,,,,,,,56.28,3,56.31,8,56.35,7,56.36,2,56.37,10,56.38,18,56.41,11,56.42,10,56.46,14,56.5,3
2025-04-10 09:31:30,56.215,56.2,1,56.16,6,56.27,10,56.27,56.16,56.16,6,,,,,,,,,,,,,,,,,,,56.27,10,56.28,14,56.31,8,56.35,7,56.36,2,56.37,10,56.38,18,56.41,11,56.42,10,56.46,14
2025-04-10 09:31:31,56.18,56.16,1,56.12,4,56.24,11,56.24,56.12,56.12,4,,,,,,,,,,,,,,,,,,,56.24,11,56.27,10,56.28,14,56.31,8,56.35,7,56.36,2,56.37,10,56.38,18,56.41,11,56.42,10
2025-04-10 09:31:32,56.17,56.11,3,56.11,22,56.23,4,56.23,56.11,56.11,22,,,,,,,,,,,,,,,,,,,56.23,4,56.24,22,56.27,10,56.28,14,56.31,8,56.35,7,56.36,2,56.37,10,56.38,18,56.41,11
2025-04-10 09:31:33,56.15,56.11,1,56.1,6,56.2,8,56.2,56.1,56.1,6,,,,,,,,,,,,,,,,,,,56.2,8,56.22,1,56.23,7,56.24,22,56.27,10,56.28,14,56.31,8,56.35,7,56.36,2,56.37,10
2025-04-10 09:31:34,56.15,56.1,1,56.1,7,56.2,14,56.2,56.1,56.1,7,,,,,,,,,,,,,,,,,,,56.2,14,56.22,1,56.23,7,56.24,22,56.27,10,56.28,14,56.31,8,56.35,7,56.36,2,56.37,10
2025-04-10 09:31:35,56.11,56.16,2,56.06,6,56.16,8,56.16,56.06,56.06,6,,,,,,,,,,,,,,,,,,,56.16,8,56.19,1,56.2,15,56.22,1,56.23,7,56.24,22,56.27,10,56.28,14,56.31,8,56.35,7
2025-04-10 09:31:36,56.125,56.09,1,56.09,5,56.16,8,56.16,56.09,56.09,5,56.08,19,56.07,6,56.06,6,,,,,,,,,,,,,56.16,8,56.19,1,56.2,15,56.22,1,56.23,7,56.24,22,56.27,10,56.28,14,56.31,8,56.35,7
2025-04-10 09:31:37,56.14,56.12,1,56.12,3,56.16,10,56.16,56.12,56.12,3,56.09,5,56.08,19,56.07,6,56.06,6,,,,,,,,,,,56.16,10,56.19,1,56.2,15,56.22,1,56.23,7,56.24,22,56.27,10,56.28,14,56.31,8,56.35,7
2025-04-10 09:31:38,56.12,56.09,1,56.08,19,56.16,8,56.16,56.08,56.08,19,56.07,6,56.06,6,,,,,,,,,,,,,,,56.16,8,56.19,1,56.2,15,56.22,1,56.23,7,56.24,22,56.27,10,56.28,14,56.31,8,56.35,7
2025-04-10 09:31:39,56.045,56.03,3,56.02,4,56.07,4,56.07,56.02,56.02,4,56.01,1,56.0,30,,,,,,,,,,,,,,,56.07,4,56.1,7,56.12,2,56.16,8,56.19,1,56.2,15,56.22,1,56.23,7,56.24,22,56.27,10
2025-04-10 09:31:40,56.01,56.01,2,55.95,6,56.07,11,56.07,55.95,55.95,6,,,,,,,,,,,,,,,,,,,56.07,11,56.1,7,56.12,2,56.16,8,56.19,1,56.2,15,56.22,1,56.23,7,56.24,22,56.27,10
2025-04-10 09:31:41,55.985,55.95,10,55.9,9,56.07,12,56.07,55.9,55.9,9,,,,,,,,,,,,,,,,,,,56.07,12,56.1,7,56.12,2,56.16,8,56.19,1,56.2,15,56.22,1,56.23,7,56.24,22,56.27,10
2025-04-10 09:31:42,55.98,55.98,4,55.93,7,56.03,5,56.03,55.93,55.93,7,55.9,9,,,,,,,,,,,,,,,,,56.03,5,56.06,11,56.07,12,56.1,7,56.12,2,56.16,8,56.19,1,56.2,15,56.22,1,56.23,7
2025-04-10 09:31:43,55.98,55.98,2,55.93,12,56.03,8,56.03,55.93,55.93,12,55.9,9,,,,,,,,,,,,,,,,,56.03,8,56.06,11,56.07,12,56.1,7,56.12,2,56.16,8,56.19,1,56.2,15,56.22,1,56.23,7
2025-04-10 09:31:44,56.12,56.1,1,56.08,3,56.16,9,56.16,56.08,56.08,3,56.07,2,56.06,2,56.02,7,55.93,12,55.9,9,,,,,,,,,56.16,9,56.19,1,56.2,15,56.22,1,56.23,7,56.24,22,56.27,10,56.28,14,56.31,8,56.35,7
2025-04-10 09:31:45,56.07,56.0,1,56.0,5,56.14,10,56.14,56.0,56.0,5,55.98,10,55.97,10,55.94,7,55.93,13,55.9,9,,,,,,,,,56.14,10,56.15,7,56.16,11,56.19,1,56.2,15,56.22,1,56.23,7,56.24,22,56.27,10,56.28,14
2025-04-10 09:31:46,56.07,56.0,1,56.0,5,56.14,10,56.14,56.0,56.0,5,55.98,10,55.97,10,55.94,7,55.93,13,55.9,9,,,,,,,,,56.14,10,56.15,7,56.16,11,56.19,1,56.2,15,56.22,1,56.23,7,56.24,22,56.27,10,56.28,14
2025-04-10 09:31:47,55.99,55.98,1,55.99,2,55.99,1,55.99,55.98,55.99,2,55.98,10,55.97,10,55.94,7,55.93,13,55.9,9,,,,,,,,,55.99,1,56.0,1,56.01,4,56.07,1,56.11,1,56.14,20,56.15,7,56.16,11,56.19,1,56.2,15
2025-04-10 09:31:48,55.94,55.92,1,55.92,10,55.96,4,55.96,55.92,55.92,10,55.9,6,55.89,1,,,,,,,,,,,,,,,55.96,4,56.02,6,56.07,1,56.11,1,56.14,20,56.15,7,56.16,11,56.19,1,56.2,15,56.22,1
2025-04-10 09:31:49,56.04,56.0,1,56.01,7,56.07,6,56.07,56.01,56.01,7,56.0,3,55.95,5,55.93,1,55.92,8,55.9,6,55.89,1,,,,,,,56.07,6,56.11,1,56.14,20,56.15,7,56.16,11,56.19,1,56.2,15,56.22,1,56.23,7,56.24,22
2025-04-10 09:31:50,56.035,56.06,1,56.0,20,56.07,7,56.07,56.0,56.0,20,55.95,5,55.93,1,55.92,8,55.9,6,55.89,1,,,,,,,,,56.07,7,56.11,1,56.14,20,56.15,7,56.16,11,56.19,1,56.2,15,56.22,1,56.23,7,56.24,22
2025-04-10 09:31:51,56.035,56.0,1,56.0,21,56.07,15,56.07,56.0,56.0,21,55.95,5,55.93,1,55.92,8,55.9,6,55.89,1,,,,,,,,,56.07,15,56.11,1,56.14,20,56.15,7,56.16,11,56.19,1,56.2,15,56.22,1,56.23,7,56.24,22
2025-04-10 09:31:52,56.02,56.0,1,56.0,32,56.04,4,56.04,56.0,56.0,32,55.95,5,55.93,1,55.92,8,55.9,6,55.89,1,,,,,,,,,56.04,4,56.07,15,56.11,1,56.14,20,56.15,7,56.16,11,56.19,1,56.2,15,56.22,1,56.23,7
2025-04-10 09:31:53,56.0,56.0,1,55.95,10,56.05,9,56.05,55.95,55.95,10,55.93,1,55.92,8,55.9,6,55.89,1,,,,,,,,,,,56.05,9,56.06,3,56.07,14,56.11,1,56.14,20,56.15,7,56.16,11,56.19,1,56.2,15,56.22,1
2025-04-10 09:31:54,56.005,56.01,1,55.96,5,56.05,9,56.05,55.96,55.96,5,55.95,11,55.93,1,55.92,8,55.9,6,55.89,1,,,,,,,,,56.05,9,56.06,3,56.07,14,56.11,1,56.14,20,56.15,7,56.16,11,56.19,1,56.2,15,56.22,1
2025-04-10 09:31:55,56.005,56.01,1,55.96,12,56.05,11,56.05,55.96,55.96,12,55.95,11,55.93,1,55.92,8,55.9,6,55.89,1,,,,,,,,,56.05,11,56.06,3,56.07,14,56.11,1,56.14,20,56.15,7,56.16,11,56.19,1,56.2,15,56.22,1
2025-04-10 09:31:56,56.005,56.0,1,55.96,12,56.05,12,56.05,55.96,55.96,12,55.95,11,55.93,1,55.92,8,55.9,6,55.89,1,,,,,,,,,56.05,12,56.06,3,56.07,14,56.11,1,56.14,20,56.15,7,56.16,11,56.19,1,56.2,15,56.22,1
2025-04-10 09:31:57,56.0,56.04,1,55.96,12,56.04,3,56.04,55.96,55.96,12,55.95,11,55.93,1,55.92,8,55.9,6,55.89,1,,,,,,,,,56.04,3,56.05,12,56.06,3,56.07,14,56.11,1,56.14,20,56.15,7,56.16,11,56.19,1,56.2,15
2025-04-10 09:31:58,55.96,55.97,1,55.95,5,55.97,1,55.97,55.95,55.95,5,55.94,4,55.93,1,55.92,8,55.9,6,55.89,1,,,,,,,,,55.97,1,55.98,1,56.0,7,56.02,1,56.04,3,56.05,12,56.06,3,56.07,14,56.11,1,56.14,20
2025-04-10 09:31:59,55.955,55.94,8,55.94,8,55.97,6,55.97,55.94,55.94,8,55.93,1,55.92,8,55.9,6,55.89,1,,,,,,,,,,,55.97,6,56.01,3,56.02,1,56.04,3,56.05,12,56.06,3,56.07,14,56.11,1,56.14,20,56.15,7
2025-04-10 09:32:00,55.94,55.93,1,55.91,1,55.97,12,55.97,55.91,55.91,1,55.9,6,55.89,1,,,,,,,,,,,,,,,55.97,12,56.01,3,56.02,1,56.04,3,56.05,12,56.06,3,56.07,14,56.11,1,56.14,20,56.15,7
2025-04-10 09:32:01,55.87,55.93,1,55.84,3,55.9,4,55.9,55.84,55.84,3,,,,,,,,,,,,,,,,,,,55.9,4,55.92,1,55.96,3,55.97,13,56.01,3,56.02,1,56.04,3,56.05,12,56.06,3,56.07,14
2025-04-10 09:32:02,55.925,55.93,1,55.89,6,55.96,2,55.96,55.89,55.89,6,55.88,6,55.84,3,,,,,,,,,,,,,,,55.96,2,55.97,13,56.01,3,56.02,1,56.04,3,56.05,12,56.06,3,56.07,14,56.11,1,56.14,20
2025-04-10 09:32:03,55.965,56.0,10,55.92,15,56.01,5,56.01,55.92,55.92,15,55.89,9,55.88,6,55.84,3,,,,,,,,,,,,,56.01,5,56.02,1,56.04,3,56.05,12,56.06,3,56.07,14,56.11,1,56.14,20,56.15,7,56.16,11
2025-04-10 09:32:04,55.935,55.87,3,55.86,6,56.01,12,56.01,55.86,55.86,6,55.84,3,,,,,,,,,,,,,,,,,56.01,12,56.02,1,56.04,3,56.05,12,56.06,3,56.07,14,56.11,1,56.14,20,56.15,7,56.16,11
2025-04-10 09:32:05,55.93,55.86,17,55.86,7,56.0,7,56.0,55.86,55.86,7,55.84,3,,,,,,,,,,,,,,,,,56.0,7,56.01,12,56.02,1,56.04,3,56.05,12,56.06,3,56.07,14,56.11,1,56.14,20,56.15,7
2025-04-10 09:32:06,55.935,55.88,1,55.87,3,56.0,7,56.0,55.87,55.87,3,55.86,11,55.84,3,,,,,,,,,,,,,,,56.0,7,56.01,12,56.02,1,56.04,3,56.05,12,56.06,3,56.07,14,56.11,1,56.14,20,56.15,7
2025-04-10 09:32:07,55.94,55.89,3,55.88,8,56.0,7,56.0,55.88,55.88,8,55.87,3,55.86,11,55.84,3,,,,,,,,,,,,,56.0,7,56.01,12,56.02,1,56.04,3,56.05,12,56.06,3,56.07,14,56.11,1,56.14,20,56.15,7
2025-04-10 09:32:08,55.92,55.93,3,55.86,12,55.98,5,55.98,55.86,55.86,12,55.84,3,,,,,,,,,,,,,,,,,55.98,5,56.0,7,56.01,12,56.02,1,56.04,3,56.05,12,56.06,3,56.07,14,56.11,1,56.14,20
2025-04-10 09:32:09,55.92,55.86,4,55.86,12,55.98,5,55.98,55.86,55.86,12,55.84,3,,,,,,,,,,,,,,,,,55.98,5,56.0,7,56.01,12,56.02,1,56.04,3,56.05,12,56.06,3,56.07,14,56.11,1,56.14,20
2025-04-10 09:32:10,55.92,55.92,1,55.86,13,55.98,6,55.98,55.86,55.86,13,55.84,3,,,,,,,,,,,,,,,,,55.98,6,56.0,7,56.01,12,56.02,1,56.04,3,56.05,12,56.06,3,56.07,14,56.11,1,56.14,20
2025-04-10 09:32:11,55.94,55.92,1,55.9,1,55.98,9,55.98,55.9,55.9,1,55.89,2,55.86,14,55.84,3,,,,,,,,,,,,,55.98,9,56.0,7,56.01,12,56.02,1,56.04,3,56.05,12,56.06,3,56.07,14,56.11,1,56.14,20
2025-04-10 09:32:12,55.94,55.92,1,55.9,1,55.98,9,55.98,55.9,55.9,1,55.89,2,55.86,14,55.84,3,,,,,,,,,,,,,55.98,9,56.0,7,56.01,12,56.02,1,56.04,3,56.05,12,56.06,3,56.07,14,56.11,1,56.14,20
2025-04-10 09:32:13,55.925,55.91,2,55.9,2,55.95,3,55.95,55.9,55.9,2,55.89,1,55.86,13,55.84,3,,,,,,,,,,,,,55.95,3,55.98,8,56.0,7,56.01,12,56.02,1,56.04,3,56.05,12,56.06,3,56.07,14,56.11,1
2025-04-10 09:32:14,55.955,55.92,4,55.91,7,56.0,7,56.0,55.91,55.91,7,55.9,1,55.89,1,55.86,13,55.84,3,,,,,,,,,,,56.0,7,56.01,12,56.02,1,56.04,3,56.05,12,56.06,3,56.07,14,56.11,1,56.14,20,56.15,7
2025-04-10 09:32:15,56.0,55.97,1,55.97,7,56.03,2,56.03,55.97,55.97,7,55.96,2,55.92,6,55.91,7,55.9,1,55.89,1,55.86,13,55.84,3,,,,,56.03,2,56.04,3,56.05,12,56.06,3,56.07,14,56.11,1,56.14,20,56.15,7,56.16,11,56.19,1
2025-04-10 09:32:16,56.0,56.0,1,55.97,13,56.03,5,56.03,55.97,55.97,13,55.96,2,55.92,6,55.91,7,55.9,1,55.89,1,55.86,13,55.84,3,,,,,56.03,5,56.04,3,56.05,12,56.06,3,56.07,14,56.11,1,56.14,20,56.15,7,56.16,11,56.19,1
2025-04-10 09:32:17,56.135,56.14,1,56.08,20,56.19,9,56.19,56.08,56.08,20,56.07,8,56.06,1,56.05,4,56.04,3,56.03,1,56.02,2,56.01,1,56.0,1,55.97,13,56.19,9,56.2,15,56.22,1,56.23,7,56.24,22,56.27,10,56.28,14,56.31,8,56.35,7,56.36,2
2025-04-10 09:32:18,56.135,56.14,1,56.08,20,56.19,30,56.19,56.08,56.08,20,56.07,8,56.06,1,56.05,4,56.04,3,56.03,1,56.02,2,56.01,1,56.0,1,55.97,13,56.19,30,56.2,15,56.22,1,56.23,7,56.24,22,56.27,10,56.28,14,56.31,8,56.35,7,56.36,2
2025-04-10 09:32:19,56.15,56.15,2,56.11,19,56.19,5,56.19,56.11,56.11,19,56.08,1,56.06,2,56.05,4,56.04,3,56.03,1,56.02,2,56.01,1,56.0,1,55.97,13,56.19,5,56.2,21,56.22,1,56.23,7,56.24,22,56.27,10,56.28,14,56.31,8,56.35,7,56.36,2
2025-04-10 09:32:20,56.15,56.15,1,56.11,18,56.19,5,56.19,56.11,56.11,18,56.08,1,56.06,2,56.05,4,56.04,3,56.03,1,56.02,2,56.01,1,56.0,1,55.97,13,56.19,5,56.2,21,56.22,1,56.23,7,56.24,22,56.27,10,56.28,14,56.31,8,56.35,7,56.36,2
2025-04-10 09:32:21,56.015,56.05,1,55.96,7,56.07,2,56.07,55.96,55.96,7,55.92,6,55.91,7,55.9,1,55.89,1,55.86,13,55.84,3,,,,,,,56.07,2,56.11,1,56.12,7,56.19,9,56.2,21,56.22,1,56.23,7,56.24,22,56.27,10,56.28,14
2025-04-10 09:32:22,56.025,56.07,1,55.94,3,56.11,7,56.11,55.94,55.94,3,55.93,7,55.92,1,55.91,8,55.9,1,55.89,1,55.86,13,55.84,3,,,,,56.11,7,56.12,7,56.19,9,56.2,21,56.22,1,56.23,7,56.24,22,56.27,10,56.28,14,56.31,8
2025-04-10 09:32:23,56.025,55.98,7,55.97,4,56.08,6,56.08,55.97,55.97,4,55.95,1,55.94,8,55.93,7,55.92,1,55.91,8,55.9,1,55.89,1,55.86,13,55.84,3,56.08,6,56.09,1,56.11,7,56.12,7,56.19,9,56.2,21,56.22,1,56.23,7,56.24,22,56.27,10
2025-04-10 09:32:24,56.005,55.96,4,55.95,5,56.06,9,56.06,55.95,55.95,5,55.94,7,55.93,7,55.92,1,55.91,8,55.9,1,55.89,1,55.86,13,55.84,3,,,56.06,9,56.07,3,56.08,6,56.09,1,56.11,7,56.12,7,56.19,9,56.2,21,56.22,1,56.23,7
2025-04-10 09:32:25,55.985,55.99,1,55.96,6,56.01,13,56.01,55.96,55.96,6,55.95,8,55.94,7,55.93,7,55.92,1,55.91,8,55.9,1,55.89,1,55.86,13,55.84,3,56.01,13,56.02,14,56.05,14,56.08,5,56.09,1,56.11,7,56.12,7,56.19,9,56.2,21,56.22,1
2025-04-10 09:32:26,55.98,55.95,14,55.95,2,56.01,16,56.01,55.95,55.95,2,55.93,6,55.92,2,55.91,5,55.9,1,55.89,1,55.86,13,55.84,3,,,,,56.01,16,56.02,14,56.05,14,56.08,5,56.09,1,56.11,7,56.12,7,56.19,9,56.2,21,56.22,1
2025-04-10 09:32:27,55.96,55.95,1,55.92,2,56.0,1,56.0,55.92,55.92,2,55.91,5,55.9,1,55.89,1,55.86,13,55.84,3,,,,,,,,,56.0,1,56.01,19,56.02,14,56.05,14,56.08,5,56.09,1,56.11,7,56.12,7,56.19,9,56.2,21
2025-04-10 09:32:28,55.97,56.0,1,55.93,2,56.01,19,56.01,55.93,55.93,2,55.92,2,55.91,5,55.9,1,55.89,1,55.86,13,55.84,3,,,,,,,56.01,19,56.02,14,56.05,14,56.08,5,56.09,1,56.11,7,56.12,7,56.19,9,56.2,21,56.22,1
2025-04-10 09:32:29,56.035,56.04,1,56.02,6,56.05,5,56.05,56.02,56.02,6,56.01,3,56.0,2,55.99,4,55.98,5,55.97,4,55.91,4,55.9,1,55.89,1,55.86,13,56.05,5,56.08,5,56.09,1,56.11,7,56.12,7,56.19,9,56.2,21,56.22,1,56.23,7,56.24,22
2025-04-10 09:32:30,56.05,56.05,1,56.02,10,56.08,9,56.08,56.02,56.02,10,56.01,3,56.0,2,55.99,4,55.98,5,55.97,4,55.91,4,55.9,1,55.89,1,55.86,13,56.08,9,56.09,1,56.11,7,56.12,7,56.19,9,56.2,21,56.22,1,56.23,7,56.24,22,56.27,10
2025-04-10 09:32:31,56.05,56.07,1,56.02,10,56.08,10,56.08,56.02,56.02,10,56.01,3,56.0,2,55.99,4,55.98,5,55.97,4,55.91,4,55.9,1,55.89,1,55.86,13,56.08,10,56.09,1,56.11,7,56.12,7,56.19,9,56.2,21,56.22,1,56.23,7,56.24,22,56.27,10
2025-04-10 09:32:32,56.05,56.05,10,56.02,10,56.08,10,56.08,56.02,56.02,10,56.01,3,56.0,2,55.99,4,55.98,5,55.97,4,55.91,4,55.9,1,55.89,1,55.86,13,56.08,10,56.09,1,56.11,7,56.12,7,56.19,9,56.2,21,56.22,1,56.23,7,56.24,22,56.27,10
2025-04-10 09:32:33,56.135,56.17,16,56.08,2,56.19,7,56.19,56.08,56.08,2,56.06,2,56.05,1,56.02,11,56.01,3,56.0,2,55.99,4,55.98,5,55.97,4,55.91,4,56.19,7,56.2,21,56.22,1,56.23,7,56.24,22,56.27,10,56.28,14,56.31,8,56.35,7,56.36,2
2025-04-10 09:32:34,56.145,56.15,1,56.1,5,56.19,10,56.19,56.1,56.1,5,56.08,5,56.06,2,56.05,1,56.02,11,56.01,3,56.0,2,55.99,4,55.98,5,55.97,4,56.19,10,56.2,21,56.22,1,56.23,7,56.24,22,56.27,10,56.28,14,56.31,8,56.35,7,56.36,2
2025-04-10 09:32:35,56.095,56.1,1,56.08,1,56.11,5,56.11,56.08,56.08,1,56.06,11,56.05,1,56.02,11,56.01,3,56.0,2,55.99,4,55.98,5,55.97,4,55.91,4,56.11,5,56.19,16,56.2,21,56.22,1,56.23,7,56.24,22,56.27,10,56.28,14,56.31,8,56.35,7
2025-04-10 09:32:36,56.065,56.06,1,56.02,2,56.11,12,56.11,56.02,56.02,2,56.0,12,55.99,4,55.98,5,55.97,4,55.91,4,55.9,1,55.89,1,55.86,13,55.84,3,56.11,12,56.19,16,56.2,21,56.22,1,56.23,7,56.24,22,56.27,10,56.28,14,56.31,8,56.35,7
2025-04-10 09:32:37,56.07,56.11,1,56.03,7,56.11,3,56.11,56.03,56.03,7,56.02,9,56.0,12,55.99,4,55.98,5,55.97,4,55.91,4,55.9,1,55.89,1,55.86,13,56.11,3,56.12,6,56.19,16,56.2,21,56.22,1,56.23,7,56.24,22,56.27,10,56.28,14,56.31,8
2025-04-10 09:32:38,56.07,56.07,2,56.03,4,56.11,10,56.11,56.03,56.03,4,56.02,9,56.0,12,55.99,4,55.98,5,55.97,4,55.91,4,55.9,1,55.89,1,55.86,13,56.11,10,56.12,6,56.19,16,56.2,21,56.22,1,56.23,7,56.24,22,56.27,10,56.28,14,56.31,8
2025-04-10 09:32:39,56.265,56.27,1,56.2,1,56.33,3,56.33,56.2,56.2,1,56.18,8,56.16,1,56.15,1,56.1,3,56.08,1,56.05,1,56.03,4,56.02,9,56.0,12,56.33,3,56.35,7,56.36,2,56.37,10,56.38,18,56.41,11,56.42,10,56.46,14,56.5,3,56.51,1
2025-04-10 09:32:40,56.27,56.27,1,56.21,1,56.33,11,56.33,56.21,56.21,1,56.2,5,56.18,8,56.16,1,56.15,1,56.1,3,56.08,1,56.05,1,56.03,4,56.02,9,56.33,11,56.35,7,56.36,2,56.37,10,56.38,18,56.41,11,56.42,10,56.46,14,56.5,3,56.51,1
2025-04-10 09:32:41,56.28,56.28,2,56.23,16,56.33,11,56.33,56.23,56.23,16,56.21,1,56.2,5,56.18,8,56.16,1,56.15,1,56.1,3,56.08,1,56.05,1,56.03,4,56.33,11,56.35,7,56.36,2,56.37,10,56.38,18,56.41,11,56.42,10,56.46,14,56.5,3,56.51,1
2025-04-10 09:32:42,56.395,56.44,1,56.33,5,56.46,15,56.46,56.33,56.33,5,56.32,1,56.25,1,56.23,20,56.21,1,56.2,5,56.18,8,56.16,1,56.15,1,56.1,3,56.46,15,56.5,3,56.51,1,56.59,2,56.6,3,56.67,3,56.7,6,56.71,10,56.72,4,56.73,9
2025-04-10 09:32:43,56.51,56.5,1,56.45,4,56.57,10,56.57,56.45,56.45,4,56.43,1,56.41,1,56.4,12,56.33,4,56.32,1,56.25,1,56.23,20,56.21,1,56.2,5,56.57,10,56.59,2,56.6,3,56.67,3,56.7,6,56.71,10,56.72,4,56.73,9,56.77,1,56.81,11
2025-04-10 09:32:44,56.5,56.49,1,56.46,9,56.54,5,56.54,56.46,56.46,9,56.45,8,56.43,1,56.41,1,56.4,12,56.33,4,56.32,1,56.25,1,56.23,20,56.21,1,56.54,5,56.57,9,56.59,2,56.6,3,56.67,3,56.7,6,56.71,10,56.72,4,56.73,9,56.77,1
2025-04-10 09:32:45,56.495,56.45,1,56.45,14,56.54,7,56.54,56.45,56.45,14,56.43,1,56.41,1,56.4,12,56.33,4,56.32,1,56.25,1,56.23,20,56.21,1,56.2,5,56.54,7,56.57,9,56.59,2,56.6,3,56.67,3,56.7,6,56.71,10,56.72,4,56.73,9,56.77,1
2025-04-10 09:32:46,56.36,56.35,1,56.23,20,56.49,5,56.49,56.23,56.23,20,56.21,1,56.2,5,56.18,8,56.16,1,56.15,1,56.1,3,56.08,1,56.05,1,56.03,4,56.49,5,56.52,4,56.54,7,56.57,9,56.59,2,56.6,3,56.67,3,56.7,6,56.71,10,56.72,4
2025-04-10 09:32:47,56.43,56.39,2,56.37,3,56.49,4,56.49,56.37,56.37,3,56.28,2,56.23,18,56.21,1,56.2,5,56.18,8,56.16,1,56.15,1,56.1,3,56.08,1,56.49,4,56.5,1,56.52,4,56.54,7,56.57,9,56.59,2,56.6,3,56.67,3,56.7,6,56.71,10
2025-04-10 09:32:48,56.38,56.38,1,56.28,3,56.48,2,56.48,56.28,56.28,3,56.23,18,56.21,1,56.2,5,56.18,8,56.16,1,56.15,1,56.1,3,56.08,1,56.05,1,56.48,2,56.49,4,56.5,1,56.52,4,56.54,7,56.57,9,56.59,2,56.6,3,56.67,3,56.7,6
2025-04-10 09:32:49,56.35,56.37,1,56.23,18,56.47,2,56.47,56.23,56.23,18,56.21,1,56.2,5,56.18,8,56.16,1,56.15,1,56.1,3,56.08,1,56.05,1,56.03,4,56.47,2,56.48,15,56.49,4,56.5,1,56.52,4,56.54,7,56.57,9,56.59,2,56.6,3,56.67,3
2025-04-10 09:32:50,56.41,56.41,1,56.35,2,56.47,11,56.47,56.35,56.35,2,56.23,18,56.21,1,56.2,5,56.18,8,56.16,1,56.15,1,56.1,3,56.08,1,56.05,1,56.47,11,56.48,15,56.49,4,56.5,1,56.52,4,56.54,7,56.57,9,56.59,2,56.6,3,56.67,3
2025-04-10 09:32:51,56.41,56.41,4,56.35,5,56.47,11,56.47,56.35,56.35,5,56.23,18,56.21,1,56.2,5,56.18,8,56.16,1,56.15,1,56.1,3,56.08,1,56.05,1,56.47,11,56.48,15,56.49,4,56.5,1,56.52,4,56.54,7,56.57,9,56.59,2,56.6,3,56.67,3
2025-04-10 09:32:52,56.41,56.41,4,56.35,6,56.47,11,56.47,56.35,56.35,6,56.23,18,56.21,1,56.2,5,56.18,8,56.16,1,56.15,1,56.1,3,56.08,1,56.05,1,56.47,11,56.48,15,56.49,4,56.5,1,56.52,4,56.54,7,56.57,9,56.59,2,56.6,3,56.67,3
2025-04-10 09:32:53,56.34,56.34,1,56.27,6,56.41,12,56.41,56.27,56.27,6,56.24,7,56.23,18,56.21,1,56.2,5,56.18,8,56.16,1,56.15,1,56.1,3,56.08,1,56.41,12,56.44,1,56.46,5,56.47,11,56.48,15,56.49,4,56.5,1,56.52,4,56.54,7,56.57,9
2025-04-10 09:32:54,56.35,56.35,4,56.29,6,56.41,11,56.41,56.29,56.29,6,56.27,6,56.24,7,56.23,18,56.21,1,56.2,5,56.18,8,56.16,1,56.15,1,56.1,3,56.41,11,56.44,1,56.46,5,56.47,11,56.48,15,56.49,4,56.5,1,56.52,4,56.54,7,56.57,9
2025-04-10 09:32:55,56.525,56.52,1,56.48,3,56.57,8,56.57,56.48,56.48,3,56.47,1,56.46,2,56.41,6,56.4,3,56.33,1,56.31,7,56.29,6,56.27,6,56.24,7,56.57,8,56.59,2,56.6,3,56.67,3,56.7,6,56.71,10,56.72,4,56.73,9,56.77,1,56.81,11
2025-04-10 09:32:56,56.525,56.53,3,56.48,4,56.57,20,56.57,56.48,56.48,4,56.47,1,56.46,2,56.41,6,56.4,3,56.33,1,56.31,7,56.29,6,56.27,6,56.24,7,56.57,20,56.59,2,56.6,3,56.67,3,56.7,6,56.71,10,56.72,4,56.73,9,56.77,1,56.81,11
2025-04-10 09:32:57,56.42,56.42,3,56.35,14,56.49,9,56.49,56.35,56.35,14,56.33,1,56.31,7,56.29,6,56.27,6,56.24,7,56.23,18,56.21,1,56.2,5,56.18,8,56.49,9,56.51,3,56.54,2,56.56,123,56.57,20,56.59,2,56.6,3,56.67,3,56.7,6,56.71,10
2025-04-10 09:32:58,56.42,56.42,3,56.35,14,56.49,12,56.49,56.35,56.35,14,56.33,1,56.31,7,56.29,6,56.27,6,56.24,7,56.23,18,56.21,1,56.2,5,56.18,8,56.49,12,56.51,3,56.54,2,56.56,123,56.57,20,56.59,2,56.6,3,56.67,3,56.7,6,56.71,10
2025-04-10 09:32:59,56.455,56.46,3,56.35,11,56.56,124,56.56,56.35,56.35,11,56.33,1,56.31,7,56.29,6,56.27,6,56.24,7,56.23,18,56.21,1,56.2,5,56.18,8,56.56,124,56.57,20,56.59,2,56.6,3,56.67,3,56.7,6,56.71,10,56.72,4,56.73,9,56.77,1
2025-04-10 09:33:00,56.465,56.47,3,56.37,1,56.56,124,56.56,56.37,56.37,1,56.35,11,56.33,1,56.31,7,56.29,6,56.27,6,56.24,7,56.23,18,56.21,1,56.2,5,56.56,124,56.57,20,56.59,2,56.6,3,56.67,3,56.7,6,56.71,10,56.72,4,56.73,9,56.77,1
2025-04-10 09:33:01,56.405,56.41,9,56.35,12,56.46,5,56.46,56.35,56.35,12,56.33,1,56.31,7,56.29,6,56.27,6,56.24,7,56.23,18,56.21,1,56.2,5,56.18,8,56.46,5,56.47,1,56.55,1,56.56,124,56.57,20,56.59,2,56.6,3,56.67,3,56.7,6,56.71,10
2025-04-10 09:33:02,56.315,56.32,1,56.24,6,56.39,8,56.39,56.24,56.24,6,56.23,18,56.21,1,56.2,5,56.18,8,56.16,1,56.15,1,56.1,3,56.08,1,56.05,1,56.39,8,56.4,9,56.46,5,56.47,1,56.55,1,56.56,124,56.57,20,56.59,2,56.6,3,56.67,3
2025-04-10 09:33:03,56.315,56.32,2,56.24,8,56.39,8,56.39,56.24,56.24,8,56.23,18,56.21,1,56.2,5,56.18,8,56.16,1,56.15,1,56.1,3,56.08,1,56.05,1,56.39,8,56.4,9,56.46,5,56.47,1,56.55,1,56.56,124,56.57,20,56.59,2,56.6,3,56.67,3
2025-04-10 09:33:04,56.315,56.32,8,56.24,9,56.39,8,56.39,56.24,56.24,9,56.23,18,56.21,1,56.2,5,56.18,8,56.16,1,56.15,1,56.1,3,56.08,1,56.05,1,56.39,8,56.4,9,56.46,5,56.47,1,56.55,1,56.56,124,56.57,20,56.59,2,56.6,3,56.67,3
2025-04-10 09:33:05,56.315,56.32,3,56.24,10,56.39,8,56.39,56.24,56.24,10,56.23,18,56.21,1,56.2,5,56.18,8,56.16,1,56.15,1,56.1,3,56.08,1,56.05,1,56.39,8,56.4,9,56.46,5,56.47,1,56.55,1,56.56,124,56.57,20,56.59,2,56.6,3,56.67,3
2025-04-10 09:33:06,56.19,56.19,4,56.11,1,56.27,8,56.27,56.11,56.11,1,56.1,3,56.08,1,56.05,1,56.03,4,56.02,9,56.0,12,55.99,4,55.98,5,55.97,4,56.27,8,56.28,4,56.35,1,56.39,13,56.4,9,56.46,5,56.47,1,56.55,1,56.56,124,56.57,20
2025-04-10 09:33:07,56.12,56.12,1,56.06,5,56.18,1,56.18,56.06,56.06,5,56.05,1,56.03,4,56.02,9,56.0,12,55.99,4,55.98,5,55.97,4,55.91,4,55.9,1,56.18,1,56.23,2,56.27,12,56.28,4,56.35,1,56.39,13,56.4,9,56.46,5,56.47,1,56.55,1
2025-04-10 09:33:08,56.12,56.05,1,56.05,6,56.19,9,56.19,56.05,56.05,6,56.03,4,56.02,9,56.0,12,55.99,4,55.98,5,55.97,4,55.91,4,55.9,1,55.89,1,56.19,9,56.26,2,56.27,11,56.28,4,56.35,1,56.39,13,56.4,9,56.46,5,56.47,1,56.55,1
2025-04-10 09:33:09,56.03,56.03,27,55.95,3,56.11,16,56.11,55.95,55.95,3,55.91,4,55.9,1,55.89,1,55.86,13,55.84,3,,,,,,,,,56.11,16,56.12,6,56.18,1,56.19,12,56.26,2,56.27,11,56.28,4,56.35,1,56.39,13,56.4,9
2025-04-10 09:33:10,56.045,56.05,2,55.98,3,56.11,16,56.11,55.98,55.98,3,55.95,3,55.91,4,55.9,1,55.89,1,55.86,13,55.84,3,,,,,,,56.11,16,56.12,6,56.18,1,56.19,12,56.26,2,56.27,11,56.28,4,56.35,1,56.39,13,56.4,9
2025-04-10 09:33:11,56.055,56.06,1,56.0,6,56.11,15,56.11,56.0,56.0,6,55.98,6,55.95,3,55.91,4,55.9,1,55.89,1,55.86,13,55.84,3,,,,,56.11,15,56.12,6,56.18,1,56.19,12,56.26,2,56.27,11,56.28,4,56.35,1,56.39,13,56.4,9
2025-04-10 09:33:12,56.015,56.01,1,55.98,7,56.05,4,56.05,55.98,55.98,7,55.95,3,55.91,4,55.9,1,55.89,1,55.86,13,55.84,3,,,,,,,56.05,4,56.06,1,56.11,15,56.12,6,56.18,1,56.19,12,56.26,2,56.27,11,56.28,4,56.35,1
2025-04-10 09:33:13,55.98,55.9,9,55.92,1,56.04,7,56.04,55.92,55.92,1,55.9,5,55.89,1,55.86,13,55.84,3,,,,,,,,,,,56.04,7,56.05,10,56.06,1,56.11,15,56.12,6,56.18,1,56.19,12,56.26,2,56.27,11,56.28,4
2025-04-10 09:33:14,55.975,56.04,1,55.92,1,56.03,124,56.03,55.92,55.92,1,55.9,5,55.89,1,55.86,13,55.84,3,,,,,,,,,,,56.03,124,56.04,7,56.05,10,56.06,1,56.11,15,56.12,6,56.18,1,56.19,12,56.26,2,56.27,11
2025-04-10 09:33:15,55.91,55.87,1,55.86,2,55.96,2,55.96,55.86,55.86,2,55.83,1,55.81,6,,,,,,,,,,,,,,,55.96,2,55.97,7,55.98,5,55.99,2,56.03,123,56.04,7,56.05,10,56.06,1,56.11,15,56.12,6
2025-04-10 09:33:16,55.92,55.91,1,55.86,3,55.98,10,55.98,55.86,55.86,3,55.84,2,55.83,1,55.81,6,,,,,,,,,,,,,55.98,10,55.99,2,56.03,123,56.04,7,56.05,10,56.06,1,56.11,15,56.12,6,56.18,1,56.19,12
2025-04-10 09:33:17,55.93,55.86,1,55.86,6,56.0,6,56.0,55.86,55.86,6,55.84,2,55.83,1,55.81,6,,,,,,,,,,,,,56.0,6,56.03,123,56.04,7,56.05,10,56.06,1,56.11,15,56.12,6,56.18,1,56.19,12,56.26,2
2025-04-10 09:33:18,55.88,55.88,1,55.81,5,55.95,10,55.95,55.81,55.81,5,,,,,,,,,,,,,,,,,,,55.95,10,55.96,4,55.98,1,56.0,6,56.03,123,56.04,7,56.05,10,56.06,1,56.11,15,56.12,6
2025-04-10 09:33:19,55.875,55.88,1,55.81,5,55.94,6,55.94,55.81,55.81,5,,,,,,,,,,,,,,,,,,,55.94,6,55.95,10,55.96,4,55.98,1,56.0,6,56.03,123,56.04,7,56.05,10,56.06,1,56.11,15
2025-04-10 09:33:20,55.86,55.85,1,55.8,14,55.92,9,55.92,55.8,55.8,14,,,,,,,,,,,,,,,,,,,55.92,9,55.93,4,55.94,10,55.95,10,55.96,4,55.98,1,56.0,6,56.03,123,56.04,7,56.05,10
2025-04-10 09:33:21,55.86,55.86,1,55.8,14,55.92,10,55.92,55.8,55.8,14,,,,,,,,,,,,,,,,,,,55.92,10,55.93,4,55.94,10,55.95,10,55.96,4,55.98,1,56.0,6,56.03,123,56.04,7,56.05,10
2025-04-10 09:33:22,55.865,55.84,1,55.81,1,55.92,9,55.92,55.81,55.81,1,55.8,14,,,,,,,,,,,,,,,,,55.92,9,55.93,4,55.94,10,55.95,10,55.96,4,55.98,1,56.0,6,56.03,123,56.04,7,56.05,10
2025-04-10 09:33:23,55.88,55.83,1,55.85,1,55.91,5,55.91,55.85,55.85,1,55.84,1,55.83,6,55.82,1,55.81,1,55.8,28,,,,,,,,,55.91,5,55.92,9,55.93,4,55.94,10,55.95,10,55.96,4,55.98,1,56.0,6,56.03,123,56.04,7
2025-04-10 09:33:24,55.875,55.87,1,55.84,3,55.91,7,55.91,55.84,55.84,3,55.83,6,55.82,1,55.81,1,55.8,28,,,,,,,,,,,55.91,7,55.92,9,55.93,4,55.94,10,55.95,10,55.96,4,55.98,1,56.0,6,56.03,123,56.04,7
2025-04-10 09:33:25,55.87,55.83,3,55.83,7,55.91,9,55.91,55.83,55.83,7,55.82,1,55.81,1,55.8,28,,,,,,,,,,,,,55.91,9,55.92,9,55.93,4,55.94,10,55.95,10,55.96,4,55.98,1,56.0,6,56.03,123,56.04,7
2025-04-10 09:33:26,55.87,55.87,1,55.83,7,55.91,7,55.91,55.83,55.83,7,55.82,1,55.81,1,55.8,28,,,,,,,,,,,,,55.91,7,55.92,9,55.93,4,55.94,10,55.95,10,55.96,4,55.98,1,56.0,6,56.03,123,56.04,7
2025-04-10 09:33:27,55.87,55.87,1,55.83,7,55.91,7,55.91,55.83,55.83,7,55.82,1,55.81,1,55.8,28,,,,,,,,,,,,,55.91,7,55.92,9,55.93,4,55.94,10,55.95,10,55.96,4,55.98,1,56.0,6,56.03,123,56.04,7
2025-04-10 09:33:28,55.87,55.85,10,55.83,8,55.91,7,55.91,55.83,55.83,8,55.82,1,55.81,1,55.8,28,,,,,,,,,,,,,55.91,7,55.92,9,55.93,4,55.94,10,55.95,10,55.96,4,55.98,1,56.0,6,56.03,123,56.04,7
2025-04-10 09:33:29,55.87,55.87,1,55.83,7,55.91,3,55.91,55.83,55.83,7,55.82,1,55.81,1,55.8,28,,,,,,,,,,,,,55.91,3,55.92,5,55.97,1,55.98,1,56.0,6,56.03,123,56.04,7,56.05,10,56.06,1,56.11,15
2025-04-10 09:33:30,55.87,55.87,10,55.83,6,55.91,10,55.91,55.83,55.83,6,55.82,1,55.81,1,55.8,28,,,,,,,,,,,,,55.91,10,55.92,5,55.97,1,55.98,1,56.0,6,56.03,123,56.04,7,56.05,10,56.06,1,56.11,15
2025-04-10 09:33:31,55.87,55.84,1,55.83,1,55.91,8,55.91,55.83,55.83,1,55.81,5,55.8,24,,,,,,,,,,,,,,,55.91,8,55.92,5,55.97,1,55.98,1,56.0,6,56.03,123,56.04,7,56.05,10,56.06,1,56.11,15
2025-04-10 09:33:32,55.85,55.86,1,55.8,17,55.9,5,55.9,55.8,55.8,17,,,,,,,,,,,,,,,,,,,55.9,5,55.91,10,55.92,5,55.97,1,55.98,1,56.0,6,56.03,123,56.04,7,56.05,10,56.06,1
2025-04-10 09:33:33,55.86,55.86,1,55.82,1,55.9,8,55.9,55.82,55.82,1,55.8,19,,,,,,,,,,,,,,,,,55.9,8,55.91,10,55.92,5,55.97,1,55.98,1,56.0,6,56.03,123,56.04,7,56.05,10,56.06,1
2025-04-10 09:33:34,55.855,55.82,1,55.82,2,55.89,123,55.89,55.82,55.82,2,55.8,19,,,,,,,,,,,,,,,,,55.89,123,55.9,8,55.91,10,55.92,5,55.97,1,55.98,1,56.0,6,56.03,123,56.04,7,56.05,10
2025-04-10 09:33:35,55.845,55.87,1,55.8,6,55.89,123,55.89,55.8,55.8,6,,,,,,,,,,,,,,,,,,,55.89,123,55.9,8,55.91,10,55.92,5,55.97,1,55.98,1,56.0,6,56.03,123,56.04,7,56.05,10
2025-04-10 09:33:36,55.85,55.81,1,55.81,2,55.89,123,55.89,55.81,55.81,2,55.8,7,,,,,,,,,,,,,,,,,55.89,123,55.9,8,55.91,10,55.92,5,55.97,1,55.98,1,56.0,6,56.03,123,56.04,7,56.05,10
2025-04-10 09:33:37,55.845,55.85,1,55.8,6,55.89,123,55.89,55.8,55.8,6,,,,,,,,,,,,,,,,,,,55.89,123,55.9,8,55.91,10,55.92,5,55.97,1,55.98,1,56.0,6,56.03,123,56.04,7,56.05,10
2025-04-10 09:33:38,55.925,55.93,1,55.89,7,55.96,10,55.96,55.89,55.89,7,55.88,3,55.87,3,55.86,4,55.85,3,55.84,1,55.83,6,55.82,2,55.81,1,55.8,11,55.96,10,55.97,1,55.98,1,56.0,6,56.03,123,56.04,7,56.05,10,56.06,1,56.11,15,56.12,6
2025-04-10 09:33:39,56.055,56.07,1,56.02,6,56.09,3,56.09,56.02,56.02,6,56.01,1,55.99,2,55.95,15,55.93,2,55.92,2,55.89,7,55.88,3,55.87,3,55.86,4,56.09,3,56.11,15,56.12,6,56.18,1,56.19,12,56.26,2,56.27,11,56.28,4,56.35,1,56.39,13
2025-04-10 09:33:40,56.045,56.05,1,56.01,4,56.08,1,56.08,56.01,56.01,4,55.92,3,55.89,7,55.88,3,55.87,3,55.86,4,55.85,3,55.84,1,55.83,6,55.82,2,56.08,1,56.1,1,56.11,14,56.12,6,56.18,1,56.19,12,56.26,2,56.27,11,56.28,4,56.35,1
2025-04-10 09:33:41,55.985,55.99,1,55.92,4,56.05,7,56.05,55.92,55.92,4,55.89,7,55.88,3,55.87,3,55.86,4,55.85,3,55.84,1,55.83,6,55.82,2,55.81,1,56.05,7,56.06,5,56.08,4,56.1,1,56.11,14,56.12,6,56.18,1,56.19,12,56.26,2,56.27,11
2025-04-10 09:33:43,55.985,55.93,1,55.92,4,56.05,7,56.05,55.92,55.92,4,55.89,7,55.88,3,55.87,3,55.86,4,55.85,3,55.84,1,55.83,6,55.82,2,55.81,1,56.05,7,56.06,5,56.08,4,56.1,1,56.11,14,56.12,6,56.18,1,56.19,12,56.26,2,56.27,11
2025-04-10 09:33:43,55.985,55.98,2,55.92,4,56.05,7,56.05,55.92,55.92,4,55.89,7,55.88,3,55.87,3,55.86,4,55.85,3,55.84,1,55.83,6,55.82,2,55.81,1,56.05,7,56.06,5,56.08,4,56.1,1,56.11,14,56.12,6,56.18,1,56.19,12,56.26,2,56.27,11
2025-04-10 09:33:44,56.01,56.04,3,55.97,5,56.05,7,56.05,55.97,55.97,5,55.92,4,55.89,7,55.88,3,55.87,3,55.86,4,55.85,3,55.84,1,55.83,6,55.82,2,56.05,7,56.06,5,56.08,4,56.1,1,56.11,14,56.12,6,56.18,1,56.19,12,56.26,2,56.27,11
2025-04-10 09:33:46,55.965,55.97,2,55.88,8,56.05,9,56.05,55.88,55.88,8,55.87,3,55.86,4,55.85,3,55.84,1,55.83,6,55.82,2,55.81,1,55.8,11,,,56.05,9,56.06,5,56.08,4,56.1,1,56.11,14,56.12,6,56.18,1,56.19,12,56.26,2,56.27,11
2025-04-10 09:33:47,55.96,55.93,2,55.88,8,56.04,5,56.04,55.88,55.88,8,55.87,3,55.86,4,55.85,3,55.84,1,55.83,6,55.82,2,55.81,1,55.8,11,,,56.04,5,56.05,9,56.06,5,56.08,4,56.1,1,56.11,14,56.12,6,56.18,1,56.19,12,56.26,2
2025-04-10 09:33:47,55.96,55.93,1,55.88,8,56.04,7,56.04,55.88,55.88,8,55.87,3,55.86,4,55.85,3,55.84,1,55.83,6,55.82,2,55.81,1,55.8,11,,,56.04,7,56.05,9,56.06,5,56.08,4,56.1,1,56.11,14,56.12,6,56.18,1,56.19,12,56.26,2
2025-04-10 09:33:49,55.97,55.97,1,55.9,1,56.04,7,56.04,55.9,55.9,1,55.88,8,55.87,3,55.86,4,55.85,3,55.84,1,55.83,6,55.82,2,55.81,1,55.8,11,56.04,7,56.05,9,56.06,5,56.08,4,56.1,1,56.11,14,56.12,6,56.18,1,56.19,12,56.26,2
2025-04-10 09:33:50,55.97,55.97,1,55.9,1,56.04,8,56.04,55.9,55.9,1,55.88,8,55.87,3,55.86,4,55.85,3,55.84,1,55.83,6,55.82,2,55.81,1,55.8,11,56.04,8,56.05,9,56.06,5,56.08,4,56.1,1,56.11,14,56.12,6,56.18,1,56.19,12,56.26,2
2025-04-10 09:33:50,55.925,55.93,3,55.86,4,55.99,4,55.99,55.86,55.86,4,55.85,3,55.84,1,55.83,6,55.82,2,55.81,1,55.8,11,,,,,,,55.99,4,56.04,8,56.05,9,56.06,5,56.08,4,56.1,1,56.11,14,56.12,6,56.18,1,56.19,12
2025-04-10 09:33:51,55.995,55.98,1,55.95,7,56.04,9,56.04,55.95,55.95,7,55.92,6,55.91,14,55.9,5,55.89,3,55.88,14,55.87,1,55.86,15,55.83,4,55.82,2,56.04,9,56.05,9,56.06,5,56.08,4,56.1,1,56.11,14,56.12,6,56.18,1,56.19,12,56.26,2
2025-04-10 09:33:53,55.945,55.95,2,55.84,9,56.05,10,56.05,55.84,55.84,9,55.81,5,55.8,14,,,,,,,,,,,,,,,56.05,10,56.06,5,56.08,4,56.1,1,56.11,14,56.12,6,56.18,1,56.19,12,56.26,2,56.27,11
2025-04-10 09:33:53,55.945,55.95,1,55.84,9,56.05,10,56.05,55.84,55.84,9,55.81,5,55.8,14,,,,,,,,,,,,,,,56.05,10,56.06,5,56.08,4,56.1,1,56.11,14,56.12,6,56.18,1,56.19,12,56.26,2,56.27,11
2025-04-10 09:33:55,55.96,55.96,3,55.87,11,56.05,10,56.05,55.87,55.87,11,55.84,9,55.81,5,55.8,14,,,,,,,,,,,,,56.05,10,56.06,5,56.08,4,56.1,1,56.11,14,56.12,6,56.18,1,56.19,12,56.26,2,56.27,11
2025-04-10 09:33:56,55.97,55.97,1,55.89,7,56.05,10,56.05,55.89,55.89,7,55.87,11,55.84,9,55.81,5,55.8,14,,,,,,,,,,,56.05,10,56.06,5,56.08,4,56.1,1,56.11,14,56.12,6,56.18,1,56.19,12,56.26,2,56.27,11
2025-04-10 09:33:57,56.005,56.04,1,55.96,3,56.05,6,56.05,55.96,55.96,3,55.94,2,55.93,2,55.89,7,55.87,11,55.84,9,55.81,5,55.8,14,,,,,56.05,6,56.06,5,56.08,4,56.1,1,56.11,14,56.12,6,56.18,1,56.19,12,56.26,2,56.27,11
2025-04-10 09:33:58,56.005,56.01,1,55.96,5,56.05,6,56.05,55.96,55.96,5,55.94,2,55.93,2,55.89,7,55.87,11,55.84,9,55.81,5,55.8,14,,,,,56.05,6,56.06,5,56.08,4,56.1,1,56.11,14,56.12,6,56.18,1,56.19,12,56.26,2,56.27,11
2025-04-10 09:33:59,56.03,56.01,1,56.01,5,56.05,6,56.05,56.01,56.01,5,55.96,5,55.94,2,55.93,2,55.89,7,55.87,11,55.84,9,55.81,5,55.8,14,,,56.05,6,56.06,5,56.08,4,56.1,1,56.11,14,56.12,6,56.18,1,56.19,12,56.26,2,56.27,11
2025-04-10 09:34:00,56.05,56.02,1,56.02,6,56.08,12,56.08,56.02,56.02,6,56.01,4,55.96,5,55.94,2,55.93,2,55.89,7,55.87,11,55.84,9,55.81,5,55.8,14,56.08,12,56.1,1,56.11,14,56.12,6,56.18,1,56.19,12,56.26,2,56.27,11,56.28,4,56.35,1
2025-04-10 09:34:01,55.945,55.95,5,55.89,7,56.0,6,56.0,55.89,55.89,7,55.87,11,55.84,9,55.81,5,55.8,14,,,,,,,,,,,56.0,6,56.01,1,56.03,1,56.07,1,56.08,12,56.1,1,56.11,14,56.12,6,56.18,1,56.19,12
2025-04-10 09:34:02,56.04,56.0,1,56.0,5,56.08,10,56.08,56.0,56.0,5,55.92,2,55.91,2,55.9,2,55.89,9,55.87,11,55.84,9,55.81,5,55.8,14,,,56.08,10,56.1,1,56.11,14,56.12,6,56.18,1,56.19,12,56.26,2,56.27,11,56.28,4,56.35,1
2025-04-10 09:34:02,55.95,55.94,1,55.89,12,56.01,8,56.01,55.89,55.89,12,55.87,11,55.84,9,55.81,5,55.8,14,,,,,,,,,,,56.01,8,56.05,3,56.07,6,56.08,10,56.1,1,56.11,14,56.12,6,56.18,1,56.19,12,56.26,2
2025-04-10 09:34:04,55.965,55.92,22,55.92,8,56.01,12,56.01,55.92,55.92,8,55.9,3,55.89,12,55.87,11,55.84,9,55.81,5,55.8,14,,,,,,,56.01,12,56.05,3,56.07,6,56.08,10,56.1,1,56.11,14,56.12,6,56.18,1,56.19,12,56.26,2
2025-04-10 09:34:04,55.97,55.97,30,55.93,2,56.01,12,56.01,55.93,55.93,2,55.92,9,55.9,3,55.89,12,55.87,11,55.84,9,55.81,5,55.8,14,,,,,56.01,12,56.05,3,56.07,6,56.08,10,56.1,1,56.11,14,56.12,6,56.18,1,56.19,12,56.26,2
2025-04-10 09:34:06,56.025,56.03,1,55.97,6,56.08,9,56.08,55.97,55.97,6,55.93,6,55.92,9,55.9,3,55.89,12,55.87,11,55.84,9,55.81,5,55.8,14,,,56.08,9,56.1,1,56.11,14,56.12,6,56.18,1,56.19,12,56.26,2,56.27,11,56.28,4,56.35,1
2025-04-10 09:34:07,56.04,56.04,1,56.0,8,56.08,5,56.08,56.0,56.0,8,55.99,4,55.98,3,55.97,8,55.96,3,55.95,1,55.94,3,55.93,6,55.92,9,55.9,3,56.08,5,56.09,4,56.1,1,56.11,14,56.12,6,56.18,1,56.19,12,56.26,2,56.27,11,56.28,4
2025-04-10 09:34:08,55.99,56.01,1,55.96,1,56.02,4,56.02,55.96,55.96,1,55.95,1,55.94,3,55.93,6,55.92,9,55.9,3,55.89,12,55.87,11,55.84,9,55.81,5,56.02,4,56.08,5,56.09,4,56.1,1,56.11,14,56.12,6,56.18,1,56.19,12,56.26,2,56.27,11
2025-04-10 09:34:09,55.99,55.99,30,55.96,4,56.02,6,56.02,55.96,55.96,4,55.95,1,55.94,3,55.93,6,55.92,9,55.9,3,55.89,12,55.87,11,55.84,9,55.81,5,56.02,6,56.08,5,56.09,4,56.1,1,56.11,14,56.12,6,56.18,1,56.19,12,56.26,2,56.27,11
2025-04-10 09:34:10,55.99,55.99,1,55.96,4,56.02,6,56.02,55.96,55.96,4,55.95,1,55.94,3,55.93,6,55.92,9,55.9,3,55.89,12,55.87,11,55.84,9,55.81,5,56.02,6,56.08,5,56.09,4,56.1,1,56.11,14,56.12,6,56.18,1,56.19,12,56.26,2,56.27,11
2025-04-10 09:34:11,55.945,55.92,1,55.92,9,55.97,6,55.97,55.92,55.92,9,55.9,3,55.89,12,55.87,11,55.84,9,55.81,5,55.8,14,,,,,,,55.97,6,56.02,6,56.08,5,56.09,4,56.1,1,56.11,14,56.12,6,56.18,1,56.19,12,56.26,2
2025-04-10 09:34:12,55.935,55.95,2,55.9,3,55.97,1,55.97,55.9,55.9,3,55.89,12,55.87,11,55.84,9,55.81,5,55.8,14,,,,,,,,,55.97,1,56.02,9,56.08,5,56.09,4,56.1,1,56.11,14,56.12,6,56.18,1,56.19,12,56.26,2
2025-04-10 09:34:13,55.885,55.89,1,55.81,4,55.96,9,55.96,55.81,55.81,4,55.8,14,,,,,,,,,,,,,,,,,55.96,9,55.97,3,56.02,9,56.08,5,56.09,4,56.1,1,56.11,14,56.12,6,56.18,1,56.19,12
2025-04-10 09:34:14,55.885,55.89,1,55.81,4,55.96,9,55.96,55.81,55.81,4,55.8,14,,,,,,,,,,,,,,,,,55.96,9,55.97,3,56.02,9,56.08,5,56.09,4,56.1,1,56.11,14,56.12,6,56.18,1,56.19,12
2025-04-10 09:34:15,55.905,55.91,1,55.85,2,55.96,9,55.96,55.85,55.85,2,55.81,4,55.8,14,,,,,,,,,,,,,,,55.96,9,55.97,3,56.02,9,56.08,5,56.09,4,56.1,1,56.11,14,56.12,6,56.18,1,56.19,12
2025-04-10 09:34:16,55.94,55.93,1,55.92,1,55.96,8,55.96,55.92,55.92,1,55.9,5,55.85,3,55.81,4,55.8,14,,,,,,,,,,,55.96,8,55.97,3,56.02,9,56.08,5,56.09,4,56.1,1,56.11,14,56.12,6,56.18,1,56.19,12
2025-04-10 09:34:17,55.905,55.88,3,55.85,4,55.96,8,55.96,55.85,55.85,4,55.81,4,55.8,14,,,,,,,,,,,,,,,55.96,8,55.97,3,56.02,9,56.08,5,56.09,4,56.1,1,56.11,14,56.12,6,56.18,1,56.19,12
2025-04-10 09:34:18,55.905,55.91,4,55.85,4,55.96,8,55.96,55.85,55.85,4,55.81,4,55.8,14,,,,,,,,,,,,,,,55.96,8,55.97,3,56.02,9,56.08,5,56.09,4,56.1,1,56.11,14,56.12,6,56.18,1,56.19,12
2025-04-10 09:34:19,55.86,55.8,1,55.8,11,55.92,3,55.92,55.8,55.8,11,55.79,7,,,,,,,,,,,,,,,,,55.92,3,55.94,4,55.95,7,55.96,8,55.97,3,56.02,9,56.08,5,56.09,4,56.1,1,56.11,14
2025-04-10 09:34:20,55.83,55.83,1,55.77,2,55.89,5,55.89,55.77,55.77,2,55.76,13,,,,,,,,,,,,,,,,,55.89,5,55.92,6,55.94,4,55.95,7,55.96,8,55.97,3,56.02,9,56.08,5,56.09,4,56.1,1
2025-04-10 09:34:21,55.855,55.85,1,55.81,8,55.9,2,55.9,55.81,55.81,8,55.8,3,55.77,4,55.76,13,,,,,,,,,,,,,55.9,2,55.92,6,55.94,4,55.95,7,55.96,8,55.97,3,56.02,9,56.08,5,56.09,4,56.1,1
2025-04-10 09:34:22,55.85,55.85,1,55.81,6,55.89,3,55.89,55.81,55.81,6,55.8,3,55.77,4,55.76,13,,,,,,,,,,,,,55.89,3,55.9,2,55.92,6,55.94,4,55.95,7,55.96,8,55.97,3,56.02,9,56.08,5,56.09,4
2025-04-10 09:34:23,55.9,55.88,1,55.84,5,55.96,5,55.96,55.84,55.84,5,55.83,4,55.82,7,55.81,6,55.8,3,55.77,4,55.76,13,,,,,,,55.96,5,55.97,5,56.02,9,56.08,5,56.09,4,56.1,1,56.11,14,56.12,6,56.18,1,56.19,12
2025-04-10 09:34:24,55.89,55.9,2,55.84,8,55.94,7,55.94,55.84,55.84,8,55.83,4,55.82,7,55.81,6,55.8,3,55.77,4,55.76,13,,,,,,,55.94,7,55.95,4,55.96,6,55.97,5,56.02,9,56.08,5,56.09,4,56.1,1,56.11,14,56.12,6
2025-04-10 09:34:25,55.855,55.82,1,55.82,4,55.89,7,55.89,55.82,55.82,4,55.77,4,55.76,13,,,,,,,,,,,,,,,55.89,7,55.9,2,55.91,1,55.92,2,55.93,6,55.94,7,55.95,4,55.96,6,55.97,5,56.02,9
2025-04-10 09:34:26,55.835,55.77,1,55.78,1,55.89,5,55.89,55.78,55.78,1,55.76,14,,,,,,,,,,,,,,,,,55.89,5,55.92,8,55.93,6,55.94,7,55.95,4,55.96,6,55.97,5,56.02,9,56.08,5,56.09,4
2025-04-10 09:34:27,55.815,55.77,1,55.78,1,55.85,5,55.85,55.78,55.78,1,55.76,14,,,,,,,,,,,,,,,,,55.85,5,55.89,5,55.92,8,55.93,6,55.94,7,55.95,4,55.96,6,55.97,5,56.02,9,56.08,5
2025-04-10 09:34:28,55.82,55.84,3,55.79,2,55.85,5,55.85,55.79,55.79,2,55.78,6,55.76,14,,,,,,,,,,,,,,,55.85,5,55.89,5,55.92,8,55.93,6,55.94,7,55.95,4,55.96,6,55.97,5,56.02,9,56.08,5
2025-04-10 09:34:29,55.79,55.72,1,55.74,1,55.84,14,55.84,55.74,55.74,1,55.72,2,,,,,,,,,,,,,,,,,55.84,14,55.85,11,55.89,5,55.92,8,55.93,6,55.94,7,55.95,4,55.96,6,55.97,5,56.02,9
2025-04-10 09:34:30,55.725,55.73,1,55.68,2,55.77,7,55.77,55.68,55.68,2,,,,,,,,,,,,,,,,,,,55.77,7,55.79,9,55.82,1,55.83,6,55.84,14,55.85,11,55.89,5,55.92,8,55.93,6,55.94,7
2025-04-10 09:34:31,55.68,55.65,1,55.62,5,55.74,4,55.74,55.62,55.62,5,,,,,,,,,,,,,,,,,,,55.74,4,55.75,1,55.76,73,55.77,7,55.79,9,55.82,1,55.83,6,55.84,14,55.85,11,55.89,5
2025-04-10 09:34:32,55.675,55.7,1,55.62,5,55.73,5,55.73,55.62,55.62,5,,,,,,,,,,,,,,,,,,,55.73,5,55.74,8,55.75,1,55.76,73,55.77,7,55.79,9,55.82,1,55.83,6,55.84,14,55.85,11
2025-04-10 09:34:33,55.675,55.68,1,55.62,6,55.73,11,55.73,55.62,55.62,6,,,,,,,,,,,,,,,,,,,55.73,11,55.74,8,55.75,1,55.76,73,55.77,7,55.79,9,55.82,1,55.83,6,55.84,14,55.85,11
2025-04-10 09:34:34,55.685,55.71,1,55.64,4,55.73,10,55.73,55.64,55.64,4,55.62,6,,,,,,,,,,,,,,,,,55.73,10,55.74,8,55.75,1,55.76,73,55.77,7,55.79,9,55.82,1,55.83,6,55.84,14,55.85,11
2025-04-10 09:34:35,55.69,55.71,23,55.65,6,55.73,10,55.73,55.65,55.65,6,55.64,4,55.62,6,,,,,,,,,,,,,,,55.73,10,55.74,8,55.75,1,55.76,73,55.77,7,55.79,9,55.82,1,55.83,6,55.84,14,55.85,11
2025-04-10 09:34:36,55.69,55.69,1,55.65,6,55.73,9,55.73,55.65,55.65,6,55.64,4,55.62,6,,,,,,,,,,,,,,,55.73,9,55.74,8,55.75,1,55.76,73,55.77,7,55.79,9,55.82,1,55.83,6,55.84,14,55.85,11
2025-04-10 09:34:37,55.595,55.6,1,55.56,31,55.63,65,55.63,55.56,55.56,31,,,,,,,,,,,,,,,,,,,55.63,65,55.65,1,55.72,2,55.73,9,55.74,8,55.75,1,55.76,73,55.77,7,55.79,9,55.82,1
2025-04-10 09:34:38,55.54,55.47,1,55.5,2,55.58,4,55.58,55.5,55.5,2,55.45,3,,,,,,,,,,,,,,,,,55.58,4,55.59,2,55.6,1,55.61,67,55.63,5,55.64,5,55.72,11,55.73,9,55.74,8,55.75,1
2025-04-10 09:34:39,55.565,55.51,1,55.5,3,55.63,8,55.63,55.5,55.5,3,55.45,3,,,,,,,,,,,,,,,,,55.63,8,55.64,5,55.72,11,55.73,9,55.74,8,55.75,1,55.76,73,55.77,7,55.79,9,55.82,1
2025-04-10 09:34:40,55.54,55.53,1,55.5,6,55.58,4,55.58,55.5,55.5,6,55.45,3,,,,,,,,,,,,,,,,,55.58,4,55.59,1,55.63,8,55.64,5,55.72,11,55.73,9,55.74,8,55.75,1,55.76,73,55.77,7
2025-04-10 09:34:41,55.495,55.45,2,55.45,4,55.54,6,55.54,55.45,55.45,4,,,,,,,,,,,,,,,,,,,55.54,6,55.55,4,55.56,4,55.57,7,55.58,7,55.59,1,55.63,8,55.64,5,55.72,11,55.73,9
2025-04-10 09:34:42,55.5,55.5,1,55.45,5,55.55,6,55.55,55.45,55.45,5,,,,,,,,,,,,,,,,,,,55.55,6,55.56,4,55.57,7,55.58,7,55.59,1,55.63,8,55.64,5,55.72,11,55.73,9,55.74,8
2025-04-10 09:34:43,55.51,55.45,4,55.46,1,55.56,5,55.56,55.46,55.46,1,55.45,6,,,,,,,,,,,,,,,,,55.56,5,55.57,7,55.58,7,55.59,1,55.63,8,55.64,5,55.72,11,55.73,9,55.74,8,55.75,1
2025-04-10 09:34:44,55.51,55.55,1,55.47,7,55.55,3,55.55,55.47,55.47,7,55.46,1,55.45,6,,,,,,,,,,,,,,,55.55,3,55.56,6,55.57,7,55.58,7,55.59,1,55.63,8,55.64,5,55.72,11,55.73,9,55.74,8
2025-04-10 09:34:45,55.525,55.52,1,55.49,2,55.56,7,55.56,55.49,55.49,2,55.48,1,55.47,7,55.46,1,55.45,6,,,,,,,,,,,55.56,7,55.57,7,55.58,7,55.59,1,55.63,8,55.64,5,55.72,11,55.73,9,55.74,8,55.75,1
2025-04-10 09:34:46,55.465,55.45,2,55.44,2,55.49,7,55.49,55.44,55.44,2,55.41,2,,,,,,,,,,,,,,,,,55.49,7,55.55,1,55.56,8,55.57,7,55.58,7,55.59,1,55.63,8,55.64,5,55.72,11,55.73,9
2025-04-10 09:34:47,55.44,55.47,1,55.4,3,55.48,6,55.48,55.4,55.4,3,55.38,3,,,,,,,,,,,,,,,,,55.48,6,55.49,8,55.55,1,55.56,8,55.57,7,55.58,7,55.59,1,55.63,8,55.64,5,55.72,11
2025-04-10 09:34:48,55.435,55.42,1,55.4,4,55.47,4,55.47,55.4,55.4,4,55.38,3,,,,,,,,,,,,,,,,,55.47,4,55.48,6,55.49,8,55.55,1,55.56,8,55.57,7,55.58,7,55.59,1,55.63,8,55.64,5
2025-04-10 09:34:49,55.59,55.57,1,55.55,3,55.63,6,55.63,55.55,55.55,3,55.52,3,55.51,1,55.49,3,55.48,5,55.47,1,55.46,2,55.45,1,55.44,4,55.41,1,55.63,6,55.64,5,55.72,11,55.73,9,55.74,8,55.75,1,55.76,73,55.77,7,55.79,9,55.82,1
2025-04-10 09:34:50,55.55,55.57,1,55.48,3,55.62,8,55.62,55.48,55.48,3,55.47,1,55.46,2,55.45,1,55.44,4,55.41,1,55.4,7,55.38,3,,,,,55.62,8,55.63,5,55.64,5,55.72,11,55.73,9,55.74,8,55.75,1,55.76,73,55.77,7,55.79,9
2025-04-10 09:34:51,55.545,55.55,1,55.46,3,55.63,6,55.63,55.46,55.46,3,55.45,1,55.44,4,55.41,1,55.4,7,55.38,3,,,,,,,,,55.63,6,55.64,5,55.72,11,55.73,9,55.74,8,55.75,1,55.76,73,55.77,7,55.79,9,55.82,1
2025-04-10 09:34:52,55.57,55.63,1,55.51,5,55.63,7,55.63,55.51,55.51,5,55.46,3,55.45,1,55.44,4,55.41,1,55.4,7,55.38,3,,,,,,,55.63,7,55.64,5,55.72,11,55.73,9,55.74,8,55.75,1,55.76,73,55.77,7,55.79,9,55.82,1
2025-04-10 09:34:53,55.575,55.63,1,55.52,8,55.63,10,55.63,55.52,55.52,8,55.51,5,55.46,3,55.45,1,55.44,4,55.41,1,55.4,7,55.38,3,,,,,55.63,10,55.64,5,55.72,11,55.73,9,55.74,8,55.75,1,55.76,73,55.77,7,55.79,9,55.82,1
2025-04-10 09:34:54,55.475,55.48,1,55.41,5,55.54,7,55.54,55.41,55.41,5,55.4,7,55.38,3,,,,,,,,,,,,,,,55.54,7,55.56,4,55.6,1,55.63,11,55.64,5,55.72,11,55.73,9,55.74,8,55.75,1,55.76,73
2025-04-10 09:34:55,55.505,55.51,1,55.42,4,55.59,11,55.59,55.42,55.42,4,55.41,8,55.4,7,55.38,3,,,,,,,,,,,,,55.59,11,55.6,1,55.63,11,55.64,5,55.72,11,55.73,9,55.74,8,55.75,1,55.76,73,55.77,7
2025-04-10 09:34:56,55.505,55.42,3,55.42,16,55.59,14,55.59,55.42,55.42,16,55.41,8,55.4,7,55.38,3,,,,,,,,,,,,,55.59,14,55.6,1,55.63,11,55.64,5,55.72,11,55.73,9,55.74,8,55.75,1,55.76,73,55.77,7
2025-04-10 09:34:57,55.48,55.52,2,55.44,4,55.52,3,55.52,55.44,55.44,4,55.43,4,55.42,11,55.41,8,55.4,7,55.38,3,,,,,,,,,55.52,3,55.53,8,55.58,2,55.59,14,55.6,1,55.63,11,55.64,5,55.72,11,55.73,9,55.74,8
2025-04-10 09:34:58,55.47,55.5,1,55.42,12,55.52,7,55.52,55.42,55.42,12,55.41,8,55.4,7,55.38,3,,,,,,,,,,,,,55.52,7,55.53,8,55.58,2,55.59,14,55.6,1,55.63,11,55.64,5,55.72,11,55.73,9,55.74,8
2025-04-10 09:34:59,55.47,55.5,2,55.42,10,55.52,9,55.52,55.42,55.42,10,55.41,8,55.4,7,55.38,3,,,,,,,,,,,,,55.52,9,55.53,8,55.58,2,55.59,14,55.6,1,55.63,11,55.64,5,55.72,11,55.73,9,55.74,8
2025-04-10 09:35:00,55.52,55.52,3,55.51,3,55.53,10,55.53,55.51,55.51,3,55.45,10,55.42,10,55.41,8,55.4,7,55.38,3,,,,,,,,,55.53,10,55.58,2,55.59,14,55.6,1,55.63,11,55.64,5,55.72,11,55.73,9,55.74,8,55.75,1
2025-04-10 09:35:01,55.57,55.54,1,55.51,4,55.63,15,55.63,55.51,55.51,4,55.45,10,55.42,10,55.41,8,55.4,7,55.38,3,,,,,,,,,55.63,15,55.64,5,55.72,11,55.73,9,55.74,8,55.75,1,55.76,73,55.77,7,55.79,9,55.82,1
2025-04-10 09:35:02,55.555,55.57,1,55.52,3,55.59,6,55.59,55.52,55.52,3,55.51,6,55.45,10,55.42,10,55.41,8,55.4,7,55.38,3,,,,,,,55.59,6,55.61,5,55.62,1,55.63,13,55.64,5,55.72,11,55.73,9,55.74,8,55.75,1,55.76,73
2025-04-10 09:35:03,55.58,55.59,1,55.51,9,55.65,7,55.65,55.51,55.51,9,55.45,10,55.42,10,55.41,8,55.4,7,55.38,3,,,,,,,,,55.65,7,55.71,7,55.72,11,55.73,9,55.74,8,55.75,1,55.76,73,55.77,7,55.79,9,55.82,1
2025-04-10 09:35:04,55.585,55.59,1,55.52,6,55.65,7,55.65,55.52,55.52,6,55.51,9,55.45,10,55.42,10,55.41,8,55.4,7,55.38,3,,,,,,,55.65,7,55.71,7,55.72,11,55.73,9,55.74,8,55.75,1,55.76,73,55.77,7,55.79,9,55.82,1
2025-04-10 09:35:05,55.585,55.58,1,55.53,3,55.64,3,55.64,55.53,55.53,3,55.52,6,55.51,9,55.45,10,55.42,10,55.41,8,55.4,7,55.38,3,,,,,55.64,3,55.65,8,55.71,7,55.72,11,55.73,9,55.74,8,55.75,1,55.76,73,55.77,7,55.79,9
2025-04-10 09:35:06,55.595,55.57,1,55.54,8,55.65,8,55.65,55.54,55.54,8,55.53,3,55.52,6,55.51,9,55.45,10,55.42,10,55.41,8,55.4,7,55.38,3,,,55.65,8,55.71,7,55.72,11,55.73,9,55.74,8,55.75,1,55.76,73,55.77,7,55.79,9,55.82,1
2025-04-10 09:35:07,55.675,55.65,1,55.64,7,55.71,8,55.71,55.64,55.64,7,55.6,1,55.56,2,55.54,6,55.53,3,55.52,6,55.51,9,55.45,10,55.42,10,55.41,8,55.71,8,55.72,11,55.73,9,55.74,8,55.75,1,55.76,73,55.77,7,55.79,9,55.82,1,55.83,6
2025-04-10 09:35:08,55.655,55.69,1,55.62,2,55.69,9,55.69,55.62,55.62,2,55.56,7,55.54,6,55.53,3,55.52,6,55.51,9,55.45,10,55.42,10,55.41,8,55.4,7,55.69,9,55.71,11,55.72,11,55.73,9,55.74,8,55.75,1,55.76,73,55.77,7,55.79,9,55.82,1
2025-04-10 09:35:09,55.59,55.59,1,55.56,7,55.62,2,55.62,55.56,55.56,7,55.54,6,55.53,3,55.52,6,55.51,9,55.45,10,55.42,10,55.41,8,55.4,7,55.38,3,55.62,2,55.63,66,55.69,9,55.71,11,55.72,11,55.73,9,55.74,8,55.75,1,55.76,73,55.77,7
2025-04-10 09:35:10,55.565,55.54,1,55.53,7,55.6,3,55.6,55.53,55.53,7,55.52,6,55.51,9,55.45,10,55.42,10,55.41,8,55.4,7,55.38,3,,,,,55.6,3,55.61,3,55.62,6,55.63,66,55.69,9,55.71,11,55.72,11,55.73,9,55.74,8,55.75,1
2025-04-10 09:35:11,55.565,55.53,1,55.53,1,55.6,7,55.6,55.53,55.53,1,55.52,3,55.51,10,55.45,10,55.42,10,55.41,8,55.4,7,55.38,3,,,,,55.6,7,55.62,7,55.63,66,55.69,9,55.71,11,55.72,11,55.73,9,55.74,8,55.75,1,55.76,73
2025-04-10 09:35:12,55.565,55.53,1,55.53,1,55.6,7,55.6,55.53,55.53,1,55.52,3,55.51,10,55.45,10,55.42,10,55.41,8,55.4,7,55.38,3,,,,,55.6,7,55.62,7,55.63,66,55.69,9,55.71,11,55.72,11,55.73,9,55.74,8,55.75,1,55.76,73
2025-04-10 09:35:13,55.565,55.53,1,55.53,2,55.6,7,55.6,55.53,55.53,2,55.52,3,55.51,10,55.45,10,55.42,10,55.41,8,55.4,7,55.38,3,,,,,55.6,7,55.62,7,55.63,66,55.69,9,55.71,11,55.72,11,55.73,9,55.74,8,55.75,1,55.76,73
2025-04-10 09:35:14,55.465,55.45,1,55.42,9,55.51,7,55.51,55.42,55.42,9,55.41,8,55.4,7,55.38,3,,,,,,,,,,,,,55.51,7,55.54,4,55.6,7,55.62,7,55.63,66,55.69,9,55.71,11,55.72,11,55.73,9,55.74,8
2025-04-10 09:35:15,55.405,55.41,1,55.37,5,55.44,3,55.44,55.37,55.37,5,,,,,,,,,,,,,,,,,,,55.44,3,55.46,3,55.49,5,55.5,10,55.51,7,55.54,4,55.6,7,55.62,7,55.63,66,55.69,9
2025-04-10 09:35:16,55.43,55.44,1,55.36,7,55.5,6,55.5,55.36,55.36,7,,,,,,,,,,,,,,,,,,,55.5,6,55.51,3,55.52,1,55.54,4,55.6,7,55.62,7,55.63,66,55.69,9,55.71,11,55.72,11
2025-04-10 09:35:17,55.44,55.44,2,55.38,7,55.5,9,55.5,55.38,55.38,7,55.36,8,,,,,,,,,,,,,,,,,55.5,9,55.51,3,55.52,1,55.54,4,55.6,7,55.62,7,55.63,66,55.69,9,55.71,11,55.72,11
2025-04-10 09:35:18,55.45,55.44,2,55.4,4,55.5,8,55.5,55.4,55.4,4,55.38,10,55.36,8,,,,,,,,,,,,,,,55.5,8,55.51,3,55.52,1,55.54,4,55.6,7,55.62,7,55.63,66,55.69,9,55.71,11,55.72,11
2025-04-10 09:35:19,55.46,55.5,3,55.42,4,55.5,9,55.5,55.42,55.42,4,55.4,4,55.38,10,55.36,8,,,,,,,,,,,,,55.5,9,55.51,3,55.52,1,55.54,4,55.6,7,55.62,7,55.63,66,55.69,9,55.71,11,55.72,11
2025-04-10 09:35:20,55.46,55.46,1,55.42,4,55.5,9,55.5,55.42,55.42,4,55.4,4,55.38,10,55.36,8,,,,,,,,,,,,,55.5,9,55.51,3,55.52,1,55.54,4,55.6,7,55.62,7,55.63,66,55.69,9,55.71,11,55.72,11
2025-04-10 09:35:21,55.485,55.49,1,55.42,8,55.55,5,55.55,55.42,55.42,8,55.4,4,55.38,10,55.36,8,,,,,,,,,,,,,55.55,5,55.58,5,55.59,5,55.6,7,55.62,7,55.63,66,55.69,9,55.71,11,55.72,11,55.73,9
2025-04-10 09:35:22,55.51,55.43,1,55.47,1,55.55,12,55.55,55.47,55.47,1,55.42,8,55.4,4,55.38,10,55.36,8,,,,,,,,,,,55.55,12,55.58,5,55.59,5,55.6,7,55.62,7,55.63,66,55.69,9,55.71,11,55.72,11,55.73,9
2025-04-10 09:35:23,55.51,55.47,1,55.47,9,55.55,13,55.55,55.47,55.47,9,55.42,8,55.4,4,55.38,10,55.36,8,,,,,,,,,,,55.55,13,55.58,5,55.59,5,55.6,7,55.62,7,55.63,66,55.69,9,55.71,11,55.72,11,55.73,9
2025-04-10 09:35:24,55.475,55.5,1,55.42,5,55.53,9,55.53,55.42,55.42,5,55.41,5,55.4,4,55.38,10,55.36,8,,,,,,,,,,,55.53,9,55.54,1,55.55,13,55.58,5,55.59,5,55.6,7,55.62,7,55.63,66,55.69,9,55.71,11
2025-04-10 09:35:25,55.475,55.45,1,55.42,6,55.53,9,55.53,55.42,55.42,6,55.41,5,55.4,4,55.38,10,55.36,8,,,,,,,,,,,55.53,9,55.54,1,55.55,13,55.58,5,55.59,5,55.6,7,55.62,7,55.63,66,55.69,9,55.71,11
2025-04-10 09:35:26,55.485,55.49,1,55.44,10,55.53,9,55.53,55.44,55.44,10,55.42,6,55.41,5,55.4,4,55.38,10,55.36,8,,,,,,,,,55.53,9,55.54,1,55.55,13,55.58,5,55.59,5,55.6,7,55.62,7,55.63,66,55.69,9,55.71,11
2025-04-10 09:35:27,55.445,55.39,1,55.4,1,55.49,2,55.49,55.4,55.4,1,55.39,1,55.38,10,55.36,8,,,,,,,,,,,,,55.49,2,55.5,6,55.53,9,55.54,1,55.55,13,55.58,5,55.59,5,55.6,7,55.62,7,55.63,66
2025-04-10 09:35:28,55.43,55.43,3,55.39,1,55.47,9,55.47,55.39,55.39,1,55.38,10,55.36,8,,,,,,,,,,,,,,,55.47,9,55.48,1,55.49,5,55.5,6,55.53,9,55.54,1,55.55,13,55.58,5,55.59,5,55.6,7
2025-04-10 09:35:29,55.435,55.44,4,55.4,1,55.47,8,55.47,55.4,55.4,1,55.39,3,55.38,10,55.36,8,,,,,,,,,,,,,55.47,8,55.48,1,55.49,5,55.5,6,55.53,9,55.54,1,55.55,13,55.58,5,55.59,5,55.6,7
2025-04-10 09:35:30,55.39,55.36,15,55.33,2,55.45,5,55.45,55.33,55.33,2,,,,,,,,,,,,,,,,,,,55.45,5,55.46,1,55.47,10,55.48,1,55.49,5,55.5,6,55.53,9,55.54,1,55.55,13,55.58,5
2025-04-10 09:35:31,55.385,55.39,2,55.33,4,55.44,7,55.44,55.33,55.33,4,55.32,4,,,,,,,,,,,,,,,,,55.44,7,55.45,5,55.46,1,55.47,10,55.48,1,55.49,5,55.5,6,55.53,9,55.54,1,55.55,13
2025-04-10 09:35:32,55.42,55.4,1,55.4,8,55.44,7,55.44,55.4,55.4,8,55.34,11,55.33,4,55.32,4,,,,,,,,,,,,,55.44,7,55.45,5,55.46,1,55.47,10,55.48,1,55.49,5,55.5,6,55.53,9,55.54,1,55.55,13
2025-04-10 09:35:33,55.395,55.36,1,55.33,3,55.46,7,55.46,55.33,55.33,3,55.32,1,55.31,2,55.3,4,,,,,,,,,,,,,55.46,7,55.47,10,55.48,1,55.49,5,55.5,6,55.53,9,55.54,1,55.55,13,55.58,5,55.59,5
2025-04-10 09:35:34,55.385,55.39,1,55.33,5,55.44,4,55.44,55.33,55.33,5,55.32,1,55.31,2,55.3,4,,,,,,,,,,,,,55.44,4,55.45,1,55.46,7,55.47,10,55.48,1,55.49,5,55.5,6,55.53,9,55.54,1,55.55,13
2025-04-10 09:35:35,55.405,55.35,1,55.35,1,55.46,7,55.46,55.35,55.35,1,55.33,5,55.32,1,55.31,2,55.3,4,,,,,,,,,,,55.46,7,55.47,10,55.48,1,55.49,5,55.5,6,55.53,9,55.54,1,55.55,13,55.58,5,55.59,5
2025-04-10 09:35:36,55.385,55.36,1,55.33,15,55.44,6,55.44,55.33,55.33,15,55.32,1,55.31,2,55.3,4,,,,,,,,,,,,,55.44,6,55.46,8,55.47,10,55.48,1,55.49,5,55.5,6,55.53,9,55.54,1,55.55,13,55.58,5
2025-04-10 09:35:37,55.395,55.39,1,55.36,2,55.43,7,55.43,55.36,55.36,2,55.35,4,55.33,15,55.32,1,55.31,2,55.3,4,,,,,,,,,55.43,7,55.44,6,55.46,8,55.47,10,55.48,1,55.49,5,55.5,6,55.53,9,55.54,1,55.55,13
2025-04-10 09:35:38,55.405,55.36,2,55.38,1,55.43,10,55.43,55.38,55.38,1,55.37,3,55.36,3,55.35,4,55.33,15,55.32,1,55.31,2,55.3,4,,,,,55.43,10,55.44,6,55.46,8,55.47,10,55.48,1,55.49,5,55.5,6,55.53,9,55.54,1,55.55,13
2025-04-10 09:35:39,55.39,55.39,1,55.37,3,55.41,7,55.41,55.37,55.37,3,55.36,3,55.35,4,55.33,15,55.32,1,55.31,2,55.3,4,,,,,,,55.41,7,55.42,1,55.43,10,55.44,6,55.46,8,55.47,10,55.48,1,55.49,5,55.5,6,55.53,9
2025-04-10 09:35:40,55.37,55.35,1,55.32,3,55.42,7,55.42,55.32,55.32,3,55.31,3,55.3,4,,,,,,,,,,,,,,,55.42,7,55.43,10,55.44,6,55.46,8,55.47,10,55.48,1,55.49,5,55.5,6,55.53,9,55.54,1
2025-04-10 09:35:41,55.31,55.31,3,55.27,3,55.35,2,55.35,55.27,55.27,3,,,,,,,,,,,,,,,,,,,55.35,2,55.36,4,55.37,5,55.38,5,55.39,1,55.41,9,55.42,7,55.43,10,55.44,6,55.46,8
2025-04-10 09:35:42,55.305,55.31,1,55.26,11,55.35,5,55.35,55.26,55.26,11,,,,,,,,,,,,,,,,,,,55.35,5,55.36,4,55.37,5,55.38,5,55.39,1,55.41,9,55.42,7,55.43,10,55.44,6,55.46,8
2025-04-10 09:35:43,55.295,55.25,1,55.25,4,55.34,2,55.34,55.25,55.25,4,55.24,2,55.22,2,,,,,,,,,,,,,,,55.34,2,55.35,5,55.36,4,55.37,5,55.38,5,55.39,1,55.41,9,55.42,7,55.43,10,55.44,6
2025-04-10 09:35:44,55.295,55.3,1,55.25,3,55.34,4,55.34,55.25,55.25,3,55.24,2,55.22,2,,,,,,,,,,,,,,,55.34,4,55.35,5,55.36,4,55.37,5,55.38,5,55.39,1,55.41,9,55.42,7,55.43,10,55.44,6
2025-04-10 09:35:45,55.305,55.31,1,55.27,1,55.34,11,55.34,55.27,55.27,1,55.25,3,55.24,2,55.22,2,,,,,,,,,,,,,55.34,11,55.35,5,55.36,4,55.37,5,55.38,5,55.39,1,55.41,9,55.42,7,55.43,10,55.44,6
2025-04-10 09:35:46,55.28,55.24,1,55.23,4,55.33,4,55.33,55.23,55.23,4,55.21,2,55.2,4,,,,,,,,,,,,,,,55.33,4,55.34,11,55.35,5,55.36,4,55.37,5,55.38,5,55.39,1,55.41,9,55.42,7,55.43,10
2025-04-10 09:35:47,55.245,55.25,1,55.2,7,55.29,2,55.29,55.2,55.2,7,,,,,,,,,,,,,,,,,,,55.29,2,55.3,1,55.32,6,55.33,1,55.34,9,55.35,5,55.36,4,55.37,5,55.38,5,55.39,1
2025-04-10 09:35:48,55.25,55.25,1,55.2,10,55.3,5,55.3,55.2,55.2,10,,,,,,,,,,,,,,,,,,,55.3,5,55.31,1,55.32,6,55.33,1,55.34,9,55.35,5,55.36,4,55.37,5,55.38,5,55.39,1
2025-04-10 09:35:49,55.275,55.25,1,55.24,4,55.31,5,55.31,55.24,55.24,4,55.23,1,55.22,5,55.21,4,55.2,11,,,,,,,,,,,55.31,5,55.32,6,55.33,1,55.34,9,55.35,5,55.36,4,55.37,5,55.38,5,55.39,1,55.41,9
2025-04-10 09:35:50,55.26,55.25,1,55.21,4,55.31,7,55.31,55.21,55.21,4,55.2,11,,,,,,,,,,,,,,,,,55.31,7,55.32,6,55.33,1,55.34,9,55.35,5,55.36,4,55.37,5,55.38,5,55.39,1,55.41,9
2025-04-10 09:35:51,55.27,55.23,1,55.24,2,55.3,6,55.3,55.24,55.24,2,55.23,2,55.2,12,,,,,,,,,,,,,,,55.3,6,55.31,6,55.32,6,55.33,1,55.34,9,55.35,5,55.36,4,55.37,5,55.38,5,55.39,1
2025-04-10 09:35:52,55.22,55.22,1,55.21,3,55.23,4,55.23,55.21,55.21,3,55.2,11,,,,,,,,,,,,,,,,,55.23,4,55.27,3,55.3,10,55.31,6,55.32,6,55.33,1,55.34,9,55.35,5,55.36,4,55.37,5
2025-04-10 09:35:53,55.19,55.17,2,55.16,2,55.22,5,55.22,55.16,55.16,2,,,,,,,,,,,,,,,,,,,55.22,5,55.25,3,55.26,4,55.27,4,55.3,10,55.31,6,55.32,6,55.33,1,55.34,9,55.35,5
2025-04-10 09:35:54,55.19,55.16,1,55.16,2,55.22,9,55.22,55.16,55.16,2,,,,,,,,,,,,,,,,,,,55.22,9,55.25,3,55.26,4,55.27,4,55.3,10,55.31,6,55.32,6,55.33,1,55.34,9,55.35,5
2025-04-10 09:35:55,55.295,55.28,1,55.27,2,55.32,1,55.32,55.27,55.27,2,55.24,7,55.22,5,55.21,2,55.19,1,55.18,7,55.16,2,,,,,,,55.32,1,55.36,2,55.37,1,55.39,3,55.42,12,55.43,10,55.44,6,55.46,8,55.47,10,55.48,1
2025-04-10 09:35:56,55.32,55.32,1,55.27,5,55.37,9,55.37,55.27,55.27,5,55.24,7,55.22,5,55.21,2,55.19,1,55.18,7,55.16,2,,,,,,,55.37,9,55.39,3,55.42,12,55.43,10,55.44,6,55.46,8,55.47,10,55.48,1,55.49,5,55.5,6
2025-04-10 09:35:57,55.39,55.44,1,55.34,3,55.44,3,55.44,55.34,55.34,3,55.33,2,55.32,3,55.29,2,55.27,10,55.24,7,55.22,5,55.21,2,55.19,1,55.18,7,55.44,3,55.46,8,55.47,10,55.48,1,55.49,5,55.5,6,55.53,9,55.54,1,55.55,13,55.58,5
2025-04-10 09:35:58,55.365,55.34,1,55.34,12,55.39,4,55.39,55.34,55.34,12,55.33,2,55.32,3,55.29,2,55.27,10,55.24,7,55.22,5,55.21,2,55.19,1,55.18,7,55.39,4,55.41,63,55.42,1,55.43,1,55.48,2,55.49,8,55.5,6,55.53,9,55.54,1,55.55,13
2025-04-10 09:35:59,55.38,55.37,1,55.34,12,55.42,3,55.42,55.34,55.34,12,55.33,2,55.32,3,55.29,2,55.27,10,55.24,7,55.22,5,55.21,2,55.19,1,55.18,7,55.42,3,55.43,1,55.48,2,55.49,8,55.5,6,55.53,9,55.54,1,55.55,13,55.58,5,55.59,5
2025-04-10 09:36:00,55.43,55.39,1,55.38,8,55.48,3,55.48,55.38,55.38,8,55.37,2,55.36,2,55.35,13,55.34,16,55.33,2,55.32,3,55.29,2,55.27,10,55.24,7,55.48,3,55.49,8,55.5,6,55.53,9,55.54,1,55.55,13,55.58,5,55.59,5,55.6,7,55.62,7
2025-04-10 09:36:01,55.345,55.35,4,55.27,5,55.42,4,55.42,55.27,55.27,5,55.24,7,55.22,5,55.21,2,55.19,1,55.18,7,55.16,2,,,,,,,55.42,4,55.43,2,55.46,3,55.48,3,55.49,8,55.5,6,55.53,9,55.54,1,55.55,13,55.58,5
2025-04-10 09:36:02,55.35,55.35,1,55.28,3,55.42,6,55.42,55.28,55.28,3,55.27,5,55.24,7,55.22,5,55.21,2,55.19,1,55.18,7,55.16,2,,,,,55.42,6,55.43,2,55.46,3,55.48,3,55.49,8,55.5,6,55.53,9,55.54,1,55.55,13,55.58,5
2025-04-10 09:36:03,55.45,55.43,1,55.42,7,55.48,5,55.48,55.42,55.42,7,55.38,2,55.37,1,55.35,1,55.33,1,55.3,1,55.29,4,55.28,3,55.27,5,55.24,7,55.48,5,55.49,8,55.5,6,55.53,9,55.54,1,55.55,13,55.58,5,55.59,5,55.6,7,55.62,7
2025-04-10 09:36:04,55.65,55.64,1,55.62,4,55.68,4,55.68,55.62,55.62,4,55.58,7,55.53,7,55.52,3,55.49,5,55.48,6,55.47,2,55.46,2,55.45,1,55.43,4,55.68,4,55.69,9,55.71,11,55.72,11,55.73,9,55.74,8,55.75,1,55.76,73,55.77,7,55.79,9
2025-04-10 09:36:05,55.66,55.66,1,55.62,6,55.7,7,55.7,55.62,55.62,6,55.58,7,55.53,7,55.52,3,55.49,5,55.48,6,55.47,2,55.46,2,55.45,1,55.43,4,55.7,7,55.71,11,55.72,11,55.73,9,55.74,8,55.75,1,55.76,73,55.77,7,55.79,9,55.82,1
2025-04-10 09:36:06,55.56,55.56,1,55.5,6,55.62,9,55.62,55.5,55.5,6,55.49,5,55.48,6,55.47,2,55.46,2,55.45,1,55.43,4,55.42,8,55.38,2,55.37,1,55.62,9,55.63,2,55.7,8,55.71,11,55.72,11,55.73,9,55.74,8,55.75,1,55.76,73,55.77,7
2025-04-10 09:36:07,55.56,55.58,1,55.5,8,55.62,7,55.62,55.5,55.5,8,55.49,5,55.48,6,55.47,2,55.46,2,55.45,1,55.43,4,55.42,8,55.38,2,55.37,1,55.62,7,55.67,3,55.68,8,55.7,8,55.71,11,55.72,11,55.73,9,55.74,8,55.75,1,55.76,73
2025-04-10 09:36:08,55.525,55.53,1,55.5,5,55.55,3,55.55,55.5,55.5,5,55.49,5,55.48,6,55.47,2,55.46,2,55.45,1,55.43,4,55.42,8,55.38,2,55.37,1,55.55,3,55.62,7,55.67,3,55.68,8,55.7,8,55.71,11,55.72,11,55.73,9,55.74,8,55.75,1
2025-04-10 09:36:09,55.515,55.54,8,55.48,8,55.55,5,55.55,55.48,55.48,8,55.47,2,55.46,2,55.45,1,55.43,4,55.42,8,55.38,2,55.37,1,55.35,1,55.33,1,55.55,5,55.62,7,55.67,3,55.68,8,55.7,8,55.71,11,55.72,11,55.73,9,55.74,8,55.75,1
2025-04-10 09:36:10,55.58,55.39,1,55.54,14,55.62,10,55.62,55.54,55.54,14,55.52,4,55.5,6,55.49,1,55.48,8,55.47,2,55.46,2,55.45,1,55.43,4,55.42,8,55.62,10,55.67,3,55.68,8,55.7,8,55.71,11,55.72,11,55.73,9,55.74,8,55.75,1,55.76,73
2025-04-10 09:36:11,55.57,55.6,8,55.54,1,55.6,8,55.6,55.54,55.54,1,55.53,1,55.5,7,55.49,1,55.48,8,55.47,2,55.46,2,55.45,1,55.43,4,55.42,8,55.6,8,55.62,10,55.67,3,55.68,8,55.7,8,55.71,11,55.72,11,55.73,9,55.74,8,55.75,1
2025-04-10 09:36:12,55.56,55.56,1,55.51,7,55.61,5,55.61,55.51,55.51,7,55.5,8,55.49,1,55.48,8,55.47,2,55.46,2,55.45,1,55.43,4,55.42,8,55.38,2,55.61,5,55.62,10,55.67,3,55.68,8,55.7,8,55.71,11,55.72,11,55.73,9,55.74,8,55.75,1
2025-04-10 09:36:13,55.61,55.56,1,55.54,3,55.68,8,55.68,55.54,55.54,3,55.52,1,55.51,8,55.5,8,55.49,1,55.48,8,55.47,2,55.46,2,55.45,1,55.43,4,55.68,8,55.7,8,55.71,11,55.72,11,55.73,9,55.74,8,55.75,1,55.76,73,55.77,7,55.79,9
2025-04-10 09:36:14,55.59,55.58,1,55.54,3,55.64,5,55.64,55.54,55.54,3,55.52,1,55.51,8,55.5,8,55.49,1,55.48,8,55.47,2,55.46,2,55.45,1,55.43,4,55.64,5,55.68,8,55.7,8,55.71,11,55.72,11,55.73,9,55.74,8,55.75,1,55.76,73,55.77,7
2025-04-10 09:36:15,55.59,55.63,5,55.54,3,55.64,6,55.64,55.54,55.54,3,55.52,1,55.51,8,55.5,8,55.49,1,55.48,8,55.47,2,55.46,2,55.45,1,55.43,4,55.64,6,55.68,8,55.7,8,55.71,11,55.72,11,55.73,9,55.74,8,55.75,1,55.76,73,55.77,7
2025-04-10 09:36:16,55.59,55.64,2,55.54,5,55.64,6,55.64,55.54,55.54,5,55.52,1,55.51,8,55.5,8,55.49,1,55.48,8,55.47,2,55.46,2,55.45,1,55.43,4,55.64,6,55.68,8,55.7,8,55.71,11,55.72,11,55.73,9,55.74,8,55.75,1,55.76,73,55.77,7
2025-04-10 09:36:17,55.675,55.68,1,55.61,5,55.74,8,55.74,55.61,55.61,5,55.6,12,55.54,5,55.52,1,55.51,8,55.5,8,55.49,1,55.48,8,55.47,2,55.46,2,55.74,8,55.75,1,55.76,73,55.77,7,55.79,9,55.82,1,55.83,6,55.84,14,55.85,11,55.89,5
2025-04-10 09:36:18,55.69,55.69,1,55.64,11,55.74,9,55.74,55.64,55.64,11,55.61,7,55.6,12,55.54,5,55.52,1,55.51,8,55.5,8,55.49,1,55.48,8,55.47,2,55.74,9,55.75,1,55.76,73,55.77,7,55.79,9,55.82,1,55.83,6,55.84,14,55.85,11,55.89,5
2025-04-10 09:36:19,55.695,55.68,1,55.65,10,55.74,7,55.74,55.65,55.65,10,55.64,11,55.61,7,55.6,12,55.54,5,55.52,1,55.51,8,55.5,8,55.49,1,55.48,8,55.74,7,55.75,1,55.76,73,55.77,7,55.79,9,55.82,1,55.83,6,55.84,14,55.85,11,55.89,5
2025-04-10 09:36:20,55.655,55.7,11,55.61,5,55.7,7,55.7,55.61,55.61,5,55.6,12,55.54,5,55.52,1,55.51,8,55.5,8,55.49,1,55.48,8,55.47,2,55.46,2,55.7,7,55.72,2,55.73,4,55.74,7,55.75,1,55.76,73,55.77,7,55.79,9,55.82,1,55.83,6
2025-04-10 09:36:21,55.705,55.7,9,55.69,2,55.72,2,55.72,55.69,55.69,2,55.67,1,55.66,1,55.64,2,55.63,5,55.62,3,55.61,5,55.6,12,55.54,5,55.52,1,55.72,2,55.75,3,55.76,73,55.77,7,55.79,9,55.82,1,55.83,6,55.84,14,55.85,11,55.89,5
2025-04-10 09:36:22,55.73,55.73,2,55.7,5,55.76,14,55.76,55.7,55.7,5,55.67,3,55.66,1,55.64,2,55.63,5,55.62,3,55.61,5,55.6,12,55.54,5,55.52,1,55.76,14,55.77,7,55.79,9,55.82,1,55.83,6,55.84,14,55.85,11,55.89,5,55.92,8,55.93,6
2025-04-10 09:36:23,55.735,55.75,2,55.7,4,55.77,3,55.77,55.7,55.7,4,55.67,1,55.64,5,55.63,5,55.62,3,55.61,5,55.6,12,55.54,5,55.52,1,55.51,8,55.77,3,55.79,4,55.8,3,55.82,1,55.83,6,55.84,14,55.85,11,55.89,5,55.92,8,55.93,6
2025-04-10 09:36:24,55.735,55.75,1,55.7,4,55.77,3,55.77,55.7,55.7,4,55.67,1,55.64,5,55.63,5,55.62,3,55.61,5,55.6,12,55.54,5,55.52,1,55.51,8,55.77,3,55.79,4,55.8,3,55.82,1,55.83,6,55.84,14,55.85,11,55.89,5,55.92,8,55.93,6
2025-04-10 09:36:25,55.685,55.65,1,55.64,3,55.73,4,55.73,55.64,55.64,3,55.63,4,55.62,3,55.61,5,55.6,12,55.54,5,55.52,1,55.51,8,55.5,8,55.49,1,55.73,4,55.77,3,55.79,4,55.8,3,55.82,1,55.83,6,55.84,14,55.85,11,55.89,5,55.92,8
2025-04-10 09:36:26,55.68,55.64,8,55.63,5,55.73,8,55.73,55.63,55.63,5,55.62,3,55.61,5,55.6,12,55.54,5,55.52,1,55.51,8,55.5,8,55.49,1,55.48,8,55.73,8,55.77,3,55.79,4,55.8,3,55.82,1,55.83,6,55.84,14,55.85,11,55.89,5,55.92,8
2025-04-10 09:36:27,55.68,55.72,3,55.63,5,55.73,8,55.73,55.63,55.63,5,55.62,3,55.61,5,55.6,12,55.54,5,55.52,1,55.51,8,55.5,8,55.49,1,55.48,8,55.73,8,55.77,3,55.79,4,55.8,3,55.82,1,55.83,6,55.84,14,55.85,11,55.89,5,55.92,8
2025-04-10 09:36:28,55.66,55.63,1,55.62,3,55.7,6,55.7,55.62,55.62,3,55.61,5,55.6,12,55.54,5,55.52,1,55.51,8,55.5,8,55.49,1,55.48,8,55.47,2,55.7,6,55.71,2,55.73,8,55.77,3,55.79,4,55.8,3,55.82,1,55.83,6,55.84,14,55.85,11
2025-04-10 09:36:29,55.64,55.62,6,55.61,3,55.67,5,55.67,55.61,55.61,3,55.6,12,55.54,5,55.52,1,55.51,8,55.5,8,55.49,1,55.48,8,55.47,2,55.46,2,55.67,5,55.7,6,55.71,2,55.73,8,55.77,3,55.79,4,55.8,3,55.82,1,55.83,6,55.84,14
2025-04-10 09:36:30,55.64,55.64,1,55.61,8,55.67,7,55.67,55.61,55.61,8,55.6,12,55.54,5,55.52,1,55.51,8,55.5,8,55.49,1,55.48,8,55.47,2,55.46,2,55.67,7,55.7,6,55.71,2,55.73,8,55.77,3,55.79,4,55.8,3,55.82,1,55.83,6,55.84,14
2025-04-10 09:36:31,55.58,55.61,1,55.54,2,55.62,67,55.62,55.54,55.54,2,55.53,1,55.52,1,55.51,8,55.5,8,55.49,1,55.48,8,55.47,2,55.46,2,55.45,1,55.62,67,55.63,2,55.67,7,55.7,6,55.71,2,55.73,8,55.77,3,55.79,4,55.8,3,55.82,1
2025-04-10 09:36:32,55.58,55.6,1,55.54,2,55.62,67,55.62,55.54,55.54,2,55.53,1,55.52,1,55.51,8,55.5,8,55.49,1,55.48,8,55.47,2,55.46,2,55.45,1,55.62,67,55.63,2,55.67,7,55.7,6,55.71,2,55.73,8,55.77,3,55.79,4,55.8,3,55.82,1
2025-04-10 09:36:33,55.58,55.62,3,55.54,9,55.62,67,55.62,55.54,55.54,9,55.53,1,55.52,1,55.51,8,55.5,8,55.49,1,55.48,8,55.47,2,55.46,2,55.45,1,55.62,67,55.63,2,55.67,7,55.7,6,55.71,2,55.73,8,55.77,3,55.79,4,55.8,3,55.82,1
2025-04-10 09:36:34,55.58,55.58,6,55.54,2,55.62,72,55.62,55.54,55.54,2,55.53,2,55.52,1,55.51,8,55.5,8,55.49,1,55.48,8,55.47,2,55.46,2,55.45,1,55.62,72,55.63,2,55.67,7,55.7,6,55.71,2,55.73,8,55.77,3,55.79,4,55.8,3,55.82,1
2025-04-10 09:36:35,55.56,55.55,1,55.54,1,55.58,4,55.58,55.54,55.54,1,55.52,5,55.51,8,55.5,8,55.49,1,55.48,8,55.47,2,55.46,2,55.45,1,55.43,4,55.58,4,55.6,6,55.61,6,55.62,71,55.63,2,55.67,7,55.7,6,55.71,2,55.73,8,55.77,3
2025-04-10 09:36:36,55.555,55.56,2,55.51,14,55.6,7,55.6,55.51,55.51,14,55.5,8,55.49,1,55.48,8,55.47,2,55.46,2,55.45,1,55.43,4,55.42,8,55.38,2,55.6,7,55.61,6,55.62,71,55.63,2,55.67,7,55.7,6,55.71,2,55.73,8,55.77,3,55.79,4
2025-04-10 09:36:37,55.57,55.57,2,55.52,4,55.62,68,55.62,55.52,55.52,4,55.51,14,55.5,8,55.49,1,55.48,8,55.47,2,55.46,2,55.45,1,55.43,4,55.42,8,55.62,68,55.63,2,55.67,7,55.7,6,55.71,2,55.73,8,55.77,3,55.79,4,55.8,3,55.82,1
2025-04-10 09:36:38,55.575,55.6,6,55.53,6,55.62,67,55.62,55.53,55.53,6,55.52,4,55.51,14,55.5,8,55.49,1,55.48,8,55.47,2,55.46,2,55.45,1,55.43,4,55.62,67,55.63,2,55.67,7,55.7,6,55.71,2,55.73,8,55.77,3,55.79,4,55.8,3,55.82,1
2025-04-10 09:36:39,55.565,55.57,2,55.53,5,55.6,4,55.6,55.53,55.53,5,55.52,4,55.51,14,55.5,8,55.49,1,55.48,8,55.47,2,55.46,2,55.45,1,55.43,4,55.6,4,55.61,4,55.62,67,55.63,2,55.67,7,55.7,6,55.71,2,55.73,8,55.77,3,55.79,4
2025-04-10 09:36:40,55.6,55.61,1,55.59,3,55.61,4,55.61,55.59,55.59,3,55.55,3,55.54,6,55.53,7,55.52,4,55.51,14,55.5,8,55.49,1,55.48,8,55.47,2,55.61,4,55.64,10,55.67,7,55.7,6,55.71,2,55.73,8,55.77,3,55.79,4,55.8,3,55.82,1
2025-04-10 09:36:41,55.58,55.58,1,55.56,6,55.6,4,55.6,55.56,55.56,6,55.55,3,55.54,6,55.53,7,55.52,4,55.51,14,55.5,8,55.49,1,55.48,8,55.47,2,55.6,4,55.61,4,55.64,10,55.67,7,55.7,6,55.71,2,55.73,8,55.77,3,55.79,4,55.8,3
2025-04-10 09:36:42,55.475,55.45,1,55.45,6,55.5,4,55.5,55.45,55.45,6,55.43,4,55.42,8,55.38,2,55.37,1,55.35,1,55.33,1,55.3,1,55.29,4,55.28,3,55.5,4,55.51,6,55.52,1,55.59,3,55.6,4,55.61,4,55.64,10,55.67,7,55.7,6,55.71,2
2025-04-10 09:36:43,55.51,55.51,1,55.47,3,55.55,3,55.55,55.47,55.47,3,55.45,6,55.43,4,55.42,8,55.38,2,55.37,1,55.35,1,55.33,1,55.3,1,55.29,4,55.55,3,55.56,8,55.57,2,55.6,4,55.61,4,55.64,10,55.67,7,55.7,6,55.71,2,55.73,8
2025-04-10 09:36:44,55.495,55.5,1,55.45,6,55.54,2,55.54,55.45,55.45,6,55.43,4,55.42,8,55.38,2,55.37,1,55.35,1,55.33,1,55.3,1,55.29,4,55.28,3,55.54,2,55.55,3,55.56,8,55.57,2,55.6,4,55.61,4,55.64,10,55.67,7,55.7,6,55.71,2
2025-04-10 09:36:45,55.505,55.5,1,55.47,3,55.54,4,55.54,55.47,55.47,3,55.45,6,55.43,4,55.42,8,55.38,2,55.37,1,55.35,1,55.33,1,55.3,1,55.29,4,55.54,4,55.55,3,55.56,8,55.57,2,55.6,4,55.61,4,55.64,10,55.67,7,55.7,6,55.71,2
2025-04-10 09:36:46,55.45,55.45,1,55.41,2,55.49,3,55.49,55.41,55.41,2,55.38,2,55.37,1,55.35,1,55.33,1,55.3,1,55.29,4,55.28,3,55.27,5,55.24,7,55.49,3,55.52,1,55.53,1,55.55,5,55.56,8,55.57,2,55.6,4,55.61,4,55.64,10,55.67,7
2025-04-10 09:36:47,55.44,55.39,2,55.38,3,55.5,2,55.5,55.38,55.38,3,55.37,1,55.35,1,55.33,1,55.3,1,55.29,4,55.28,3,55.27,5,55.24,7,55.22,5,55.5,2,55.52,5,55.53,1,55.55,5,55.56,8,55.57,2,55.6,4,55.61,4,55.64,10,55.67,7
2025-04-10 09:36:48,55.415,55.41,4,55.41,1,55.42,2,55.42,55.41,55.41,1,55.4,2,55.39,1,55.38,4,55.37,1,55.35,1,55.33,1,55.3,1,55.29,4,55.28,3,55.42,2,55.46,3,55.5,3,55.52,5,55.53,1,55.55,5,55.56,8,55.57,2,55.6,4,55.61,4
2025-04-10 09:36:49,55.45,55.41,1,55.4,3,55.5,5,55.5,55.4,55.4,3,55.39,1,55.38,4,55.37,1,55.35,1,55.33,1,55.3,1,55.29,4,55.28,3,55.27,5,55.5,5,55.52,5,55.53,1,55.55,5,55.56,8,55.57,2,55.6,4,55.61,4,55.64,10,55.67,7
2025-04-10 09:36:50,55.425,55.43,1,55.4,3,55.45,5,55.45,55.4,55.4,3,55.39,1,55.38,4,55.37,1,55.35,1,55.33,1,55.3,1,55.29,4,55.28,3,55.27,5,55.45,5,55.49,2,55.5,60,55.52,5,55.53,1,55.55,5,55.56,8,55.57,2,55.6,4,55.61,4
2025-04-10 09:36:51,55.385,55.38,1,55.36,3,55.41,2,55.41,55.36,55.36,3,55.35,1,55.33,1,55.3,1,55.29,4,55.28,3,55.27,5,55.24,7,55.22,5,55.21,2,55.41,2,55.42,1,55.45,7,55.49,2,55.5,60,55.52,5,55.53,1,55.55,5,55.56,8,55.57,2
2025-04-10 09:36:52,55.425,55.41,3,55.4,5,55.45,8,55.45,55.4,55.4,5,55.36,5,55.35,1,55.33,1,55.3,1,55.29,4,55.28,3,55.27,5,55.24,7,55.22,5,55.45,8,55.49,2,55.5,60,55.52,5,55.53,1,55.55,5,55.56,8,55.57,2,55.6,4,55.61,4
2025-04-10 09:36:53,55.4,55.4,1,55.36,6,55.44,6,55.44,55.36,55.36,6,55.35,1,55.33,1,55.3,1,55.29,4,55.28,3,55.27,5,55.24,7,55.22,5,55.21,2,55.44,6,55.45,8,55.49,2,55.5,60,55.52,5,55.53,1,55.55,5,55.56,8,55.57,2,55.6,4
2025-04-10 09:36:54,55.405,55.4,1,55.37,1,55.44,6,55.44,55.37,55.37,1,55.36,7,55.35,1,55.33,1,55.3,1,55.29,4,55.28,3,55.27,5,55.24,7,55.22,5,55.44,6,55.45,8,55.49,2,55.5,60,55.52,5,55.53,1,55.55,5,55.56,8,55.57,2,55.6,4
2025-04-10 09:36:55,55.38,55.38,1,55.34,5,55.42,5,55.42,55.34,55.34,5,55.33,1,55.3,1,55.29,4,55.28,3,55.27,5,55.24,7,55.22,5,55.21,2,55.19,1,55.42,5,55.43,3,55.44,6,55.45,8,55.49,2,55.5,60,55.52,5,55.53,1,55.55,5,55.56,8
2025-04-10 09:36:56,55.39,55.39,1,55.35,3,55.43,7,55.43,55.35,55.35,3,55.34,5,55.33,1,55.3,1,55.29,4,55.28,3,55.27,5,55.24,7,55.22,5,55.21,2,55.43,7,55.44,6,55.45,8,55.49,2,55.5,60,55.52,5,55.53,1,55.55,5,55.56,8,55.57,2
2025-04-10 09:36:57,55.4,55.4,1,55.35,8,55.45,3,55.45,55.35,55.35,8,55.34,5,55.33,1,55.3,1,55.29,4,55.28,3,55.27,5,55.24,7,55.22,5,55.21,2,55.45,3,55.46,2,55.49,2,55.5,60,55.52,5,55.53,1,55.55,5,55.56,8,55.57,2,55.6,4
2025-04-10 09:36:58,55.42,55.35,3,55.39,6,55.45,2,55.45,55.39,55.39,6,55.37,4,55.35,8,55.34,5,55.33,1,55.3,1,55.29,4,55.28,3,55.27,5,55.24,7,55.45,2,55.46,2,55.49,2,55.5,60,55.52,5,55.53,1,55.55,5,55.56,8,55.57,2,55.6,4
2025-04-10 09:36:59,55.43,55.44,1,55.41,4,55.45,2,55.45,55.41,55.41,4,55.39,6,55.37,4,55.35,8,55.34,5,55.33,1,55.3,1,55.29,4,55.28,3,55.27,5,55.45,2,55.46,2,55.49,2,55.5,60,55.52,5,55.53,1,55.55,5,55.56,8,55.57,2,55.6,4
2025-04-10 09:37:00,55.43,55.44,3,55.41,4,55.45,2,55.45,55.41,55.41,4,55.39,6,55.37,4,55.35,8,55.34,5,55.33,1,55.3,1,55.29,4,55.28,3,55.27,5,55.45,2,55.46,2,55.49,2,55.5,60,55.52,5,55.53,1,55.55,5,55.56,8,55.57,2,55.6,4
2025-04-10 09:37:01,55.395,55.4,1,55.35,8,55.44,9,55.44,55.35,55.35,8,55.34,5,55.33,1,55.3,1,55.29,4,55.28,3,55.27,5,55.24,7,55.22,5,55.21,2,55.44,9,55.45,8,55.46,2,55.49,2,55.5,60,55.52,5,55.53,1,55.55,5,55.56,8,55.57,2
2025-04-10 09:37:02,55.395,55.4,1,55.35,9,55.44,11,55.44,55.35,55.35,9,55.34,5,55.33,1,55.3,1,55.29,4,55.28,3,55.27,5,55.24,7,55.22,5,55.21,2,55.44,11,55.45,8,55.46,2,55.49,2,55.5,60,55.52,5,55.53,1,55.55,5,55.56,8,55.57,2
2025-04-10 09:37:03,55.39,55.43,1,55.35,8,55.43,8,55.43,55.35,55.35,8,55.34,5,55.33,1,55.3,1,55.29,4,55.28,3,55.27,5,55.24,7,55.22,5,55.21,2,55.43,8,55.44,11,55.45,8,55.46,2,55.49,2,55.5,60,55.52,5,55.53,1,55.55,5,55.56,8
2025-04-10 09:37:04,55.38,55.37,1,55.33,4,55.43,12,55.43,55.33,55.33,4,55.3,1,55.29,4,55.28,3,55.27,5,55.24,7,55.22,5,55.21,2,55.19,1,55.18,7,55.43,12,55.44,11,55.45,8,55.46,2,55.49,2,55.5,60,55.52,5,55.53,1,55.55,5,55.56,8
2025-04-10 09:37:05,55.37,55.37,3,55.34,2,55.4,5,55.4,55.34,55.34,2,55.3,4,55.26,13,55.24,7,55.22,5,55.21,2,55.19,1,55.18,7,55.16,2,,,55.4,5,55.42,9,55.43,12,55.44,11,55.45,8,55.46,2,55.49,2,55.5,60,55.52,5,55.53,1
2025-04-10 09:37:06,55.335,55.31,4,55.3,3,55.37,10,55.37,55.3,55.3,3,55.26,13,55.24,7,55.22,5,55.21,2,55.19,1,55.18,7,55.16,2,,,,,55.37,10,55.38,1,55.4,9,55.42,9,55.43,12,55.44,11,55.45,8,55.46,2,55.49,2,55.5,60
2025-04-10 09:37:07,55.395,55.35,1,55.36,2,55.43,11,55.43,55.36,55.36,2,55.33,1,55.31,4,55.29,3,55.28,3,55.26,4,55.24,7,55.22,5,55.21,2,55.19,1,55.43,11,55.44,11,55.45,8,55.46,2,55.49,2,55.5,60,55.52,5,55.53,1,55.55,5,55.56,8
2025-04-10 09:37:08,55.4,55.35,1,55.37,4,55.43,11,55.43,55.37,55.37,4,55.36,3,55.33,1,55.31,4,55.29,3,55.28,3,55.26,4,55.24,7,55.22,5,55.21,2,55.43,11,55.44,11,55.45,8,55.46,2,55.49,2,55.5,60,55.52,5,55.53,1,55.55,5,55.56,8
2025-04-10 09:37:09,55.35,55.37,1,55.29,4,55.41,5,55.41,55.29,55.29,4,55.28,3,55.26,4,55.24,7,55.22,5,55.21,2,55.19,1,55.18,7,55.16,2,,,55.41,5,55.42,10,55.43,11,55.44,11,55.45,8,55.46,2,55.49,2,55.5,60,55.52,5,55.53,1
2025-04-10 09:37:10,55.365,55.4,2,55.33,1,55.4,7,55.4,55.33,55.33,1,55.29,4,55.28,3,55.26,4,55.24,7,55.22,5,55.21,2,55.19,1,55.18,7,55.16,2,55.4,7,55.41,5,55.42,10,55.43,11,55.44,11,55.45,8,55.46,2,55.49,2,55.5,60,55.52,5
2025-04-10 09:37:11,55.315,55.33,1,55.29,3,55.34,5,55.34,55.29,55.29,3,55.26,7,55.24,7,55.22,5,55.21,2,55.19,1,55.18,7,55.16,2,,,,,55.34,5,55.36,4,55.39,1,55.4,10,55.41,5,55.42,10,55.43,11,55.44,11,55.45,8,55.46,2
2025-04-10 09:37:12,55.31,55.26,1,55.28,1,55.34,6,55.34,55.28,55.28,1,55.26,1,55.25,2,55.24,7,55.22,5,55.21,2,55.19,1,55.18,7,55.16,2,,,55.34,6,55.36,4,55.39,1,55.4,10,55.41,5,55.42,10,55.43,11,55.44,11,55.45,8,55.46,2
2025-04-10 09:37:13,55.295,55.28,4,55.25,6,55.34,5,55.34,55.25,55.25,6,55.24,7,55.22,5,55.21,2,55.19,1,55.18,7,55.16,2,,,,,,,55.34,5,55.36,4,55.39,1,55.4,10,55.41,5,55.42,10,55.43,11,55.44,11,55.45,8,55.46,2
2025-04-10 09:37:14,55.295,55.33,1,55.26,5,55.33,6,55.33,55.26,55.26,5,55.25,7,55.24,7,55.22,5,55.21,2,55.19,1,55.18,7,55.16,2,,,,,55.33,6,55.34,5,55.36,4,55.39,1,55.4,10,55.41,5,55.42,10,55.43,11,55.44,11,55.45,8
2025-04-10 09:37:15,55.295,55.3,1,55.26,6,55.33,4,55.33,55.26,55.26,6,55.25,7,55.24,7,55.22,5,55.21,2,55.19,1,55.18,7,55.16,2,,,,,55.33,4,55.34,5,55.36,4,55.39,1,55.4,10,55.41,5,55.42,10,55.43,11,55.44,11,55.45,8
2025-04-10 09:37:16,55.275,55.28,1,55.26,6,55.29,4,55.29,55.26,55.26,6,55.25,7,55.24,7,55.22,5,55.21,2,55.19,1,55.18,7,55.16,2,,,,,55.29,4,55.33,6,55.34,5,55.36,4,55.39,1,55.4,10,55.41,5,55.42,10,55.43,11,55.44,11
2025-04-10 09:37:17,55.245,55.25,1,55.23,5,55.26,6,55.26,55.23,55.23,5,55.22,5,55.21,2,55.19,1,55.18,7,55.16,2,,,,,,,,,55.26,6,55.27,1,55.29,4,55.33,6,55.34,5,55.36,4,55.39,1,55.4,10,55.41,5,55.42,10
2025-04-10 09:37:18,55.285,55.26,1,55.25,2,55.32,4,55.32,55.25,55.25,2,55.24,3,55.23,5,55.22,5,55.21,2,55.19,1,55.18,7,55.16,2,,,,,55.32,4,55.33,10,55.34,5,55.36,4,55.39,1,55.4,10,55.41,5,55.42,10,55.43,11,55.44,11
2025-04-10 09:37:19,55.275,55.27,1,55.24,3,55.31,7,55.31,55.24,55.24,3,55.23,5,55.22,5,55.21,2,55.19,1,55.18,7,55.16,2,,,,,,,55.31,7,55.32,7,55.33,10,55.34,5,55.36,4,55.39,1,55.4,10,55.41,5,55.42,10,55.43,11
2025-04-10 09:37:20,55.28,55.3,2,55.25,1,55.31,10,55.31,55.25,55.25,1,55.24,3,55.23,5,55.22,5,55.21,2,55.19,1,55.18,7,55.16,2,,,,,55.31,10,55.32,7,55.33,10,55.34,5,55.36,4,55.39,1,55.4,10,55.41,5,55.42,10,55.43,11
2025-04-10 09:37:21,55.275,55.26,4,55.25,1,55.3,6,55.3,55.25,55.25,1,55.24,2,55.23,5,55.22,5,55.21,2,55.19,1,55.18,7,55.16,2,,,,,55.3,6,55.31,11,55.32,7,55.33,10,55.34,5,55.36,4,55.39,1,55.4,10,55.41,5,55.42,10
2025-04-10 09:37:22,55.275,55.27,1,55.25,1,55.3,5,55.3,55.25,55.25,1,55.24,2,55.23,5,55.22,5,55.21,2,55.19,1,55.18,7,55.16,2,,,,,55.3,5,55.31,11,55.32,7,55.33,10,55.34,5,55.36,4,55.39,1,55.4,10,55.41,5,55.42,10
2025-04-10 09:37:23,55.255,55.25,1,55.23,5,55.28,1,55.28,55.23,55.23,5,55.22,5,55.21,2,55.19,1,55.18,7,55.16,2,,,,,,,,,55.28,1,55.29,1,55.3,5,55.31,11,55.32,7,55.33,10,55.34,5,55.36,4,55.39,1,55.4,10
2025-04-10 09:37:24,55.24,55.23,1,55.22,6,55.26,5,55.26,55.22,55.22,6,55.21,2,55.19,1,55.18,7,55.16,2,,,,,,,,,,,55.26,5,55.28,3,55.29,1,55.3,5,55.31,11,55.32,7,55.33,10,55.34,5,55.36,4,55.39,1
2025-04-10 09:37:25,55.23,55.23,2,55.21,9,55.25,6,55.25,55.21,55.21,9,55.2,11,55.19,2,55.18,7,55.16,2,,,,,,,,,,,55.25,6,55.26,7,55.28,3,55.29,1,55.3,5,55.31,11,55.32,7,55.33,10,55.34,5,55.36,4
2025-04-10 09:37:26,55.27,55.27,1,55.25,2,55.29,5,55.29,55.25,55.25,2,55.24,3,55.21,16,55.2,11,55.19,2,55.18,7,55.16,2,,,,,,,55.29,5,55.3,5,55.31,11,55.32,7,55.33,10,55.34,5,55.36,4,55.39,1,55.4,10,55.41,5
2025-04-10 09:37:27,55.27,55.26,4,55.25,2,55.29,6,55.29,55.25,55.25,2,55.24,3,55.21,16,55.2,11,55.19,2,55.18,7,55.16,2,,,,,,,55.29,6,55.3,5,55.31,11,55.32,7,55.33,10,55.34,5,55.36,4,55.39,1,55.4,10,55.41,5
2025-04-10 09:37:28,55.275,55.26,1,55.26,2,55.29,7,55.29,55.26,55.26,2,55.25,5,55.24,3,55.21,16,55.2,11,55.19,2,55.18,7,55.16,2,,,,,55.29,7,55.3,5,55.31,11,55.32,7,55.33,10,55.34,5,55.36,4,55.39,1,55.4,10,55.41,5
2025-04-10 09:37:29,55.245,55.24,1,55.21,15,55.28,5,55.28,55.21,55.21,15,55.2,11,55.19,2,55.18,7,55.16,2,,,,,,,,,,,55.28,5,55.29,8,55.3,5,55.31,11,55.32,7,55.33,10,55.34,5,55.36,4,55.39,1,55.4,10
2025-04-10 09:37:30,55.21,55.24,2,55.17,5,55.25,5,55.25,55.17,55.17,5,55.16,32,,,,,,,,,,,,,,,,,55.25,5,55.28,4,55.29,8,55.3,5,55.31,11,55.32,7,55.33,10,55.34,5,55.36,4,55.39,1
2025-04-10 09:37:31,55.235,55.24,1,55.22,3,55.25,4,55.25,55.22,55.22,3,55.21,3,55.2,3,55.19,4,55.17,5,55.16,32,,,,,,,,,55.25,4,55.28,4,55.29,8,55.3,5,55.31,11,55.32,7,55.33,10,55.34,5,55.36,4,55.39,1
2025-04-10 09:37:32,55.25,55.25,1,55.21,6,55.29,7,55.29,55.21,55.21,6,55.19,4,55.17,5,55.16,32,,,,,,,,,,,,,55.29,7,55.3,5,55.31,11,55.32,7,55.33,10,55.34,5,55.36,4,55.39,1,55.4,10,55.41,5
2025-04-10 09:37:33,55.255,55.26,1,55.22,3,55.29,7,55.29,55.22,55.22,3,55.21,6,55.19,4,55.17,5,55.16,32,,,,,,,,,,,55.29,7,55.3,5,55.31,11,55.32,7,55.33,10,55.34,5,55.36,4,55.39,1,55.4,10,55.41,5
2025-04-10 09:37:34,55.265,55.26,1,55.24,1,55.29,5,55.29,55.24,55.24,1,55.23,4,55.22,11,55.21,5,55.19,4,55.17,5,55.16,32,,,,,,,55.29,5,55.3,5,55.31,11,55.32,7,55.33,10,55.34,5,55.36,4,55.39,1,55.4,10,55.41,5
2025-04-10 09:37:35,55.35,55.35,1,55.33,2,55.37,4,55.37,55.33,55.33,2,55.29,25,55.28,6,55.27,2,55.26,2,55.25,3,55.24,2,55.23,4,55.22,11,55.21,5,55.37,4,55.39,1,55.4,10,55.41,5,55.42,10,55.43,11,55.44,11,55.45,8,55.46,2,55.49,2
2025-04-10 09:37:36,55.335,55.33,1,55.31,3,55.36,6,55.36,55.31,55.31,3,55.29,24,55.28,6,55.27,2,55.26,2,55.25,3,55.24,2,55.23,4,55.22,11,55.21,5,55.36,6,55.37,5,55.39,1,55.4,10,55.41,5,55.42,10,55.43,11,55.44,11,55.45,8,55.46,2
2025-04-10 09:37:37,55.315,55.32,1,55.29,25,55.34,7,55.34,55.29,55.29,25,55.25,23,55.24,2,55.23,4,55.22,11,55.21,5,55.19,4,55.17,5,55.16,32,,,55.34,7,55.36,5,55.37,5,55.39,1,55.4,10,55.41,5,55.42,10,55.43,11,55.44,11,55.45,8
2025-04-10 09:37:38,55.3,55.3,5,55.26,15,55.34,10,55.34,55.26,55.26,15,55.25,23,55.24,2,55.23,4,55.22,11,55.21,5,55.19,4,55.17,5,55.16,32,,,55.34,10,55.36,5,55.37,5,55.39,1,55.4,10,55.41,5,55.42,10,55.43,11,55.44,11,55.45,8
2025-04-10 09:37:39,55.31,55.31,4,55.28,5,55.34,10,55.34,55.28,55.28,5,55.26,15,55.25,23,55.24,2,55.23,4,55.22,11,55.21,5,55.19,4,55.17,5,55.16,32,55.34,10,55.36,5,55.37,5,55.39,1,55.4,10,55.41,5,55.42,10,55.43,11,55.44,11,55.45,8
2025-04-10 09:37:40,55.31,55.31,2,55.28,4,55.34,8,55.34,55.28,55.28,4,55.26,15,55.25,23,55.24,2,55.23,4,55.22,11,55.21,5,55.19,4,55.17,5,55.16,32,55.34,8,55.36,5,55.37,5,55.39,1,55.4,10,55.41,5,55.42,10,55.43,11,55.44,11,55.45,8
2025-04-10 09:37:41,55.37,55.37,4,55.33,9,55.41,5,55.41,55.33,55.33,9,55.3,1,55.29,7,55.28,4,55.26,15,55.25,23,55.24,2,55.23,4,55.22,11,55.21,5,55.41,5,55.42,13,55.43,11,55.44,11,55.45,8,55.46,2,55.49,2,55.5,60,55.52,5,55.53,1
2025-04-10 09:37:42,55.37,55.37,3,55.33,9,55.41,6,55.41,55.33,55.33,9,55.3,1,55.29,7,55.28,4,55.26,15,55.25,23,55.24,2,55.23,4,55.22,11,55.21,5,55.41,6,55.42,13,55.43,11,55.44,11,55.45,8,55.46,2,55.49,2,55.5,60,55.52,5,55.53,1
2025-04-10 09:37:43,55.4,55.41,2,55.38,9,55.42,12,55.42,55.38,55.38,9,55.35,9,55.33,9,55.3,1,55.29,7,55.28,4,55.26,15,55.25,23,55.24,2,55.23,4,55.42,12,55.43,11,55.44,11,55.45,8,55.46,2,55.49,2,55.5,60,55.52,5,55.53,1,55.55,5
2025-04-10 09:37:44,55.43,55.41,4,55.41,1,55.45,8,55.45,55.41,55.41,1,55.38,9,55.35,9,55.33,9,55.3,1,55.29,7,55.28,4,55.26,15,55.25,23,55.24,2,55.45,8,55.46,2,55.49,2,55.5,60,55.52,5,55.53,1,55.55,5,55.56,8,55.57,2,55.6,4
2025-04-10 09:37:45,55.415,55.42,5,55.38,11,55.45,8,55.45,55.38,55.38,11,55.35,9,55.33,9,55.3,1,55.29,7,55.28,4,55.26,15,55.25,23,55.24,2,55.23,4,55.45,8,55.46,2,55.49,2,55.5,60,55.52,5,55.53,1,55.55,5,55.56,8,55.57,2,55.6,4
2025-04-10 09:37:46,55.415,55.42,3,55.38,11,55.45,9,55.45,55.38,55.38,11,55.35,9,55.33,9,55.3,1,55.29,7,55.28,4,55.26,15,55.25,23,55.24,2,55.23,4,55.45,9,55.46,2,55.49,2,55.5,60,55.52,5,55.53,1,55.55,5,55.56,8,55.57,2,55.6,4
2025-04-10 09:37:47,55.49,55.3,3,55.44,14,55.54,3,55.54,55.44,55.44,14,55.42,1,55.41,3,55.39,1,55.38,11,55.35,9,55.33,9,55.3,1,55.29,7,55.28,4,55.54,3,55.55,5,55.56,8,55.57,2,55.6,4,55.61,4,55.64,10,55.67,7,55.7,6,55.71,2
2025-04-10 09:37:48,55.52,55.53,1,55.48,5,55.56,9,55.56,55.48,55.48,5,55.45,1,55.44,14,55.42,1,55.41,3,55.39,1,55.38,11,55.35,9,55.33,9,55.3,1,55.56,9,55.57,2,55.6,4,55.61,4,55.64,10,55.67,7,55.7,6,55.71,2,55.73,8,55.77,3
2025-04-10 09:37:49,55.53,55.54,1,55.5,4,55.56,9,55.56,55.5,55.5,4,55.49,1,55.48,8,55.46,1,55.45,1,55.44,14,55.42,1,55.41,3,55.39,1,55.38,11,55.56,9,55.57,2,55.6,4,55.61,4,55.64,10,55.67,7,55.7,6,55.71,2,55.73,8,55.77,3
2025-04-10 09:37:50,55.545,55.55,3,55.5,4,55.59,26,55.59,55.5,55.5,4,55.49,1,55.48,8,55.46,1,55.45,1,55.44,14,55.42,1,55.41,3,55.39,1,55.38,11,55.59,26,55.6,4,55.61,4,55.64,10,55.67,7,55.7,6,55.71,2,55.73,8,55.77,3,55.79,4
2025-04-10 09:37:51,55.505,55.51,1,55.46,7,55.55,2,55.55,55.46,55.46,7,55.44,5,55.43,5,55.42,1,55.41,3,55.39,1,55.38,11,55.35,9,55.33,9,55.3,1,55.55,2,55.58,4,55.59,26,55.6,4,55.61,4,55.64,10,55.67,7,55.7,6,55.71,2,55.73,8
2025-04-10 09:37:52,55.505,55.51,3,55.46,7,55.55,8,55.55,55.46,55.46,7,55.44,5,55.43,5,55.42,1,55.41,3,55.39,1,55.38,11,55.35,9,55.33,9,55.3,1,55.55,8,55.58,4,55.59,26,55.6,4,55.61,4,55.64,10,55.67,7,55.7,6,55.71,2,55.73,8
2025-04-10 09:37:53,55.43,55.43,3,55.4,2,55.46,6,55.46,55.4,55.4,2,55.37,2,55.35,9,55.33,9,55.3,1,55.29,7,55.28,4,55.26,15,55.25,23,55.24,2,55.46,6,55.47,4,55.53,1,55.55,8,55.58,4,55.59,26,55.6,4,55.61,4,55.64,10,55.67,7
2025-04-10 09:37:54,55.415,55.43,1,55.39,3,55.44,5,55.44,55.39,55.39,3,55.35,9,55.33,9,55.3,1,55.29,7,55.28,4,55.26,15,55.25,23,55.24,2,55.23,4,55.44,5,55.45,1,55.46,6,55.47,4,55.53,1,55.55,8,55.58,4,55.59,26,55.6,4,55.61,4
2025-04-10 09:37:55,55.415,55.42,1,55.39,4,55.44,7,55.44,55.39,55.39,4,55.35,9,55.33,9,55.3,1,55.29,7,55.28,4,55.26,15,55.25,23,55.24,2,55.23,4,55.44,7,55.45,1,55.46,6,55.47,4,55.53,1,55.55,8,55.58,4,55.59,26,55.6,4,55.61,4
2025-04-10 09:37:56,55.405,55.42,1,55.38,3,55.43,6,55.43,55.38,55.38,3,55.35,9,55.33,9,55.3,1,55.29,7,55.28,4,55.26,15,55.25,23,55.24,2,55.23,4,55.43,6,55.44,7,55.45,1,55.46,6,55.47,4,55.53,1,55.55,8,55.58,4,55.59,26,55.6,4
2025-04-10 09:37:57,55.425,55.42,2,55.4,3,55.45,5,55.45,55.4,55.4,3,55.39,1,55.38,5,55.35,9,55.33,9,55.3,1,55.29,7,55.28,4,55.26,15,55.25,23,55.45,5,55.46,6,55.47,4,55.53,1,55.55,8,55.58,4,55.59,26,55.6,4,55.61,4,55.64,10
2025-04-10 09:37:58,55.425,55.43,2,55.4,4,55.45,5,55.45,55.4,55.4,4,55.39,1,55.38,5,55.35,9,55.33,9,55.3,1,55.29,7,55.28,4,55.26,15,55.25,23,55.45,5,55.46,6,55.47,4,55.53,1,55.55,8,55.58,4,55.59,26,55.6,4,55.61,4,55.64,10
2025-04-10 09:37:59,55.41,55.41,2,55.38,10,55.44,8,55.44,55.38,55.38,10,55.35,9,55.33,9,55.3,1,55.29,7,55.28,4,55.26,15,55.25,23,55.24,2,55.23,4,55.44,8,55.45,6,55.46,6,55.47,4,55.53,1,55.55,8,55.58,4,55.59,26,55.6,4,55.61,4
2025-04-10 09:38:00,55.41,55.41,2,55.38,10,55.44,9,55.44,55.38,55.38,10,55.35,9,55.33,9,55.3,1,55.29,7,55.28,4,55.26,15,55.25,23,55.24,2,55.23,4,55.44,9,55.45,6,55.46,6,55.47,4,55.53,1,55.55,8,55.58,4,55.59,26,55.6,4,55.61,4
2025-04-10 09:38:01,55.45,55.45,2,55.43,5,55.47,4,55.47,55.43,55.43,5,55.42,3,55.41,1,55.38,10,55.35,9,55.33,9,55.3,1,55.29,7,55.28,4,55.26,15,55.47,4,55.48,1,55.53,1,55.55,8,55.58,4,55.59,26,55.6,4,55.61,4,55.64,10,55.67,7
2025-04-10 09:38:02,55.45,55.45,2,55.43,4,55.47,4,55.47,55.43,55.43,4,55.42,3,55.41,1,55.38,10,55.35,9,55.33,9,55.3,1,55.29,7,55.28,4,55.26,15,55.47,4,55.48,1,55.53,1,55.55,8,55.58,4,55.59,26,55.6,4,55.61,4,55.64,10,55.67,7
2025-04-10 09:38:03,55.42,55.4,1,55.38,13,55.46,5,55.46,55.38,55.38,13,55.35,9,55.33,9,55.3,1,55.29,7,55.28,4,55.26,15,55.25,23,55.24,2,55.23,4,55.46,5,55.47,6,55.48,1,55.53,1,55.55,8,55.58,4,55.59,26,55.6,4,55.61,4,55.64,10
2025-04-10 09:38:04,55.42,55.42,2,55.38,13,55.46,5,55.46,55.38,55.38,13,55.35,9,55.33,9,55.3,1,55.29,7,55.28,4,55.26,15,55.25,23,55.24,2,55.23,4,55.46,5,55.47,6,55.48,1,55.53,1,55.55,8,55.58,4,55.59,26,55.6,4,55.61,4,55.64,10
2025-04-10 09:38:05,55.42,55.42,2,55.38,13,55.46,5,55.46,55.38,55.38,13,55.35,9,55.33,9,55.3,1,55.29,7,55.28,4,55.26,15,55.25,23,55.24,2,55.23,4,55.46,5,55.47,6,55.48,1,55.53,1,55.55,8,55.58,4,55.59,26,55.6,4,55.61,4,55.64,10
2025-04-10 09:38:06,55.41,55.41,1,55.38,13,55.44,3,55.44,55.38,55.38,13,55.35,9,55.33,9,55.3,1,55.29,7,55.28,4,55.26,15,55.25,23,55.24,2,55.23,4,55.44,3,55.45,5,55.46,5,55.47,6,55.48,1,55.53,1,55.55,8,55.58,4,55.59,26,55.6,4
2025-04-10 09:38:07,55.41,55.41,1,55.38,13,55.44,4,55.44,55.38,55.38,13,55.35,9,55.33,9,55.3,1,55.29,7,55.28,4,55.26,15,55.25,23,55.24,2,55.23,4,55.44,4,55.45,5,55.46,5,55.47,6,55.48,1,55.53,1,55.55,8,55.58,4,55.59,26,55.6,4
2025-04-10 09:38:08,55.41,55.41,2,55.38,13,55.44,5,55.44,55.38,55.38,13,55.35,9,55.33,9,55.3,1,55.29,7,55.28,4,55.26,15,55.25,23,55.24,2,55.23,4,55.44,5,55.45,5,55.46,5,55.47,6,55.48,1,55.53,1,55.55,8,55.58,4,55.59,26,55.6,4
2025-04-10 09:38:09,55.43,55.44,1,55.42,2,55.44,1,55.44,55.42,55.42,2,55.41,1,55.39,3,55.38,13,55.35,9,55.33,9,55.3,1,55.29,7,55.28,4,55.26,15,55.44,1,55.46,2,55.47,8,55.48,1,55.53,1,55.55,8,55.58,4,55.59,26,55.6,4,55.61,4
2025-04-10 09:38:10,55.49,55.51,1,55.46,2,55.51,1,55.5,55.46,55.46,2,55.45,3,55.44,6,55.43,1,55.42,5,55.41,1,55.39,3,55.38,13,55.35,9,55.33,9,55.52,3,55.53,7,55.55,8,55.58,4,55.59,26,55.6,4,55.61,4,55.64,10,55.67,7,55.7,6
2025-04-10 09:38:11,55.495,55.5,2,55.46,5,55.53,8,55.53,55.46,55.46,5,55.45,3,55.44,6,55.43,1,55.42,5,55.41,1,55.39,3,55.38,13,55.35,9,55.33,9,55.53,8,55.55,8,55.58,4,55.59,26,55.6,4,55.61,4,55.64,10,55.67,7,55.7,6,55.71,2
2025-04-10 09:38:12,55.535,55.53,2,55.52,5,55.55,8,55.55,55.52,55.52,5,55.49,1,55.46,5,55.45,3,55.44,6,55.43,1,55.42,5,55.41,1,55.39,3,55.38,13,55.55,8,55.58,4,55.59,26,55.6,4,55.61,4,55.64,10,55.67,7,55.7,6,55.71,2,55.73,8
2025-04-10 09:38:13,55.53,55.5,1,55.49,2,55.57,5,55.57,55.49,55.49,2,55.47,4,55.46,5,55.45,3,55.44,6,55.43,1,55.42,5,55.41,1,55.39,3,55.38,13,55.57,5,55.58,3,55.59,26,55.6,4,55.61,4,55.64,10,55.67,7,55.7,6,55.71,2,55.73,8
2025-04-10 09:38:14,55.48,55.48,1,55.45,5,55.51,6,55.51,55.45,55.45,5,55.44,6,55.43,1,55.42,5,55.41,1,55.39,3,55.38,13,55.35,9,55.33,9,55.3,1,55.51,6,55.54,5,55.56,2,55.57,5,55.58,3,55.59,26,55.6,4,55.61,4,55.64,10,55.67,7
2025-04-10 09:38:15,55.48,55.48,2,55.45,5,55.51,5,55.51,55.45,55.45,5,55.44,6,55.43,1,55.42,5,55.41,1,55.39,3,55.38,13,55.35,9,55.33,9,55.3,1,55.51,5,55.54,5,55.56,2,55.57,5,55.58,3,55.59,26,55.6,4,55.61,4,55.64,10,55.67,7
2025-04-10 09:38:16,55.495,55.5,2,55.45,7,55.54,6,55.54,55.45,55.45,7,55.44,6,55.43,1,55.42,5,55.41,1,55.39,3,55.38,13,55.35,9,55.33,9,55.3,1,55.54,6,55.56,2,55.57,5,55.58,3,55.59,26,55.6,4,55.61,4,55.64,10,55.67,7,55.7,6
2025-04-10 09:38:17,55.515,55.52,1,55.49,4,55.54,5,55.54,55.49,55.49,4,55.45,9,55.44,6,55.43,1,55.42,5,55.41,1,55.39,3,55.38,13,55.35,9,55.33,9,55.54,5,55.56,2,55.57,5,55.58,3,55.59,26,55.6,4,55.61,4,55.64,10,55.67,7,55.7,6
2025-04-10 09:38:18,55.515,55.52,2,55.49,4,55.54,5,55.54,55.49,55.49,4,55.45,9,55.44,6,55.43,1,55.42,5,55.41,1,55.39,3,55.38,13,55.35,9,55.33,9,55.54,5,55.56,2,55.57,5,55.58,3,55.59,26,55.6,4,55.61,4,55.64,10,55.67,7,55.7,6
