sim_time,mid_price,last_price,last_size,best_bid_price,best_bid_size,best_ask_price,best_ask_size,close_price_buy,close_price_sell,bid1_price,bid1_size,bid2_price,bid2_size,bid3_price,bid3_size,bid4_price,bid4_size,bid5_price,bid5_size,bid6_price,bid6_size,bid7_price,bid7_size,bid8_price,bid8_size,bid9_price,bid9_size,bid10_price,bid10_size,ask1_price,ask1_size,ask2_price,ask2_size,ask3_price,ask3_size,ask4_price,ask4_size,ask5_price,ask5_size,ask6_price,ask6_size,ask7_price,ask7_size,ask8_price,ask8_size,ask9_price,ask9_size,ask10_price,ask10_size
2025-04-10 09:30:11,108.98,108.99,5,108.94,13,109.02,3,109.02,108.94,108.94,13,108.92,11,108.91,11,108.9,12,,,,,,,,,,,,,109.02,3,109.03,1,109.04,8,109.05,14,109.07,7,109.09,5,109.1,12,109.11,4,109.12,4,109.13,4
2025-04-10 09:30:12,109.43,109.44,1,109.42,1,109.44,1,109.44,109.42,109.42,1,109.41,7,109.39,18,109.38,33,109.37,26,109.36,11,109.35,6,109.34,14,109.33,7,109.32,5,109.44,1,,,,,,,,,,,,,,,,,,
2025-04-10 09:30:14,109.23,109.24,5,109.22,11,109.24,10,109.24,109.22,109.22,11,109.21,4,109.19,4,109.18,7,109.17,2,109.16,11,109.15,3,109.14,11,109.13,8,109.12,1,109.24,10,109.25,12,109.26,8,109.27,9,109.28,12,109.29,9,109.3,11,109.31,17,109.32,2,109.33,3
2025-04-10 09:30:15,109.365,109.36,1,109.34,2,109.39,4,109.39,109.34,109.34,2,109.32,7,109.31,12,109.3,2,109.29,5,109.28,2,109.27,5,109.26,2,109.25,2,109.24,12,109.39,4,109.4,8,109.41,21,109.42,11,109.43,20,109.44,3,,,,,,,,
2025-04-10 09:30:16,109.38,109.39,1,109.37,14,109.39,8,109.39,109.37,109.37,14,109.36,3,109.35,5,109.34,11,109.32,7,109.31,12,109.3,2,109.29,5,109.28,2,109.27,5,109.39,8,109.4,8,109.41,24,109.42,11,109.43,20,109.44,3,,,,,,,,
2025-04-10 09:30:17,109.475,109.48,3,109.47,2,109.48,13,109.48,109.47,109.47,2,109.46,2,109.45,4,109.44,10,109.43,1,109.42,6,109.38,2,109.37,4,109.36,2,109.35,5,109.48,13,109.49,15,,,,,,,,,,,,,,,,
2025-04-10 09:30:18,109.485,109.48,8,109.48,15,109.49,7,109.49,109.48,109.48,15,109.47,2,109.46,3,109.45,7,109.44,7,109.43,1,109.42,6,109.38,2,109.37,4,109.36,2,109.49,7,109.5,79,,,,,,,,,,,,,,,,
2025-04-10 09:30:19,109.445,109.44,6,109.44,2,109.45,4,109.45,109.44,109.44,2,109.43,2,109.42,4,109.41,1,109.39,3,109.38,2,109.37,4,109.36,2,109.35,5,109.34,11,109.45,4,109.46,5,109.47,13,109.48,8,109.49,9,109.5,81,,,,,,,,
2025-04-10 09:30:20,109.525,109.52,1,109.52,3,109.53,2,109.53,109.52,109.52,3,109.51,2,109.5,3,109.49,3,109.48,4,109.47,15,109.46,2,109.45,7,109.44,5,109.43,2,109.53,2,109.54,28,,,,,,,,,,,,,,,,
2025-04-10 09:30:21,109.615,109.59,2,109.61,2,109.62,9,109.61,109.6,109.61,2,109.6,3,109.59,17,109.58,5,109.57,2,109.56,3,109.55,14,109.54,5,109.53,9,109.52,5,109.62,9,109.63,8,109.64,9,,,,,,,,,,,,,,
2025-04-10 09:30:22,109.71,109.71,1,109.7,2,109.72,15,109.72,109.7,109.7,2,109.69,4,109.68,4,109.66,3,109.65,2,109.64,2,109.63,5,109.62,1,109.61,5,109.6,7,109.72,15,109.73,10,109.74,22,109.75,5,,,,,,,,,,,,
2025-04-10 09:30:23,109.665,109.67,1,109.65,1,109.68,8,109.68,109.65,109.65,1,109.64,4,109.63,5,109.62,1,109.61,5,109.6,7,109.59,26,109.58,5,109.57,2,109.56,3,109.68,8,109.69,8,109.7,1,109.71,1,109.73,13,109.74,25,109.75,5,,,,,,
2025-04-10 09:30:24,109.74,109.73,1,109.73,6,109.75,15,109.75,109.73,109.73,6,109.72,5,109.71,3,109.69,4,109.67,2,109.66,8,109.64,5,109.63,1,109.62,5,109.61,4,109.75,15,109.76,13,109.78,10,,,,,,,,,,,,,,
2025-04-10 09:30:25,109.67,109.68,7,109.65,3,109.69,7,109.69,109.66,109.65,3,109.64,4,109.63,3,109.62,1,109.61,7,109.6,10,109.59,26,109.58,5,109.57,2,109.56,3,109.69,7,109.7,3,109.71,3,109.72,3,109.73,2,109.74,10,109.76,95,109.77,9,109.78,10,,
2025-04-10 09:30:26,109.735,109.74,1,109.73,3,109.74,8,109.74,109.73,109.73,3,109.72,6,109.71,3,109.7,3,109.69,8,109.68,2,109.67,3,109.66,2,109.65,3,109.63,2,109.74,8,109.76,11,109.77,13,109.78,10,,,,,,,,,,,,
2025-04-10 09:30:27,109.73,109.73,2,109.71,6,109.75,8,109.75,109.71,109.71,6,109.7,5,109.69,8,109.68,2,109.67,3,109.66,2,109.65,3,109.63,2,109.62,2,109.61,7,109.75,8,109.76,9,109.77,15,109.78,12,109.79,10,109.8,177,,,,,,,,
2025-04-10 09:30:28,109.685,109.67,1,109.68,1,109.69,3,109.69,109.68,109.68,1,109.67,2,109.66,3,109.65,1,109.64,3,109.63,10,109.62,9,109.61,14,109.6,10,109.59,26,109.69,3,109.7,13,109.72,10,109.73,36,109.74,2,109.75,11,109.76,9,109.77,15,109.78,12,109.79,10
2025-04-10 09:30:29,109.675,109.69,20,109.66,3,109.69,8,109.69,109.66,109.66,3,109.65,3,109.64,6,109.63,4,109.62,2,109.61,31,109.6,10,109.59,26,109.58,5,109.57,2,109.69,8,109.7,10,109.71,9,109.72,10,109.73,36,109.74,2,109.75,11,109.76,9,109.77,15,109.78,12
2025-04-10 09:30:30,109.715,109.73,1,109.7,1,109.73,31,109.73,109.7,109.7,1,109.69,3,109.68,2,109.67,19,109.66,12,109.65,12,109.64,10,109.63,4,109.62,2,109.61,31,109.73,31,109.74,2,109.75,11,109.76,9,109.77,15,109.78,12,109.79,10,109.8,177,,,,
2025-04-10 09:30:31,109.605,109.61,2,109.59,10,109.62,5,109.62,109.59,109.59,10,109.58,5,109.57,2,109.56,3,109.55,14,109.54,5,109.53,9,109.52,5,109.51,5,109.5,3,109.62,5,109.63,1,109.64,13,109.65,3,109.66,13,109.67,19,109.71,23,109.72,20,109.73,46,109.74,2
2025-04-10 09:30:32,109.635,109.64,10,109.63,8,109.64,5,109.64,109.63,109.63,8,109.61,4,109.6,22,109.59,20,109.58,5,109.57,2,109.56,3,109.55,14,109.54,5,109.53,9,109.64,5,109.65,11,109.66,9,109.67,2,109.68,3,109.69,1,109.7,5,109.71,23,109.72,20,109.73,46
2025-04-10 09:30:33,109.665,109.67,3,109.66,3,109.67,11,109.67,109.66,109.66,3,109.65,4,109.64,7,109.63,2,109.62,4,109.61,6,109.6,4,109.59,22,109.58,5,109.57,2,109.67,11,109.68,3,109.69,1,109.7,5,109.71,23,109.72,20,109.73,46,109.74,2,109.75,11,109.76,9
2025-04-10 09:30:34,109.655,109.66,1,109.65,2,109.66,7,109.66,109.65,109.65,2,109.64,4,109.63,10,109.62,4,109.61,10,109.6,5,109.59,22,109.58,5,109.57,2,109.56,3,109.66,7,109.67,9,109.68,5,109.69,1,109.7,5,109.71,23,109.72,20,109.73,46,109.74,2,109.75,11
2025-04-10 09:30:35,109.69,109.69,1,109.68,2,109.7,1,109.7,109.68,109.68,2,109.66,8,109.65,3,109.64,1,109.63,3,109.62,4,109.61,2,109.6,10,109.59,21,109.58,5,109.7,1,109.71,3,109.72,21,109.73,46,109.74,2,109.75,11,109.76,9,109.77,15,109.78,12,109.79,10
2025-04-10 09:30:36,109.695,109.7,1,109.69,4,109.7,2,109.7,109.69,109.69,4,109.68,2,109.67,9,109.66,7,109.65,3,109.64,1,109.63,3,109.62,4,109.61,2,109.6,10,109.7,2,109.73,40,109.74,2,109.75,11,109.76,9,109.77,15,109.78,12,109.79,10,109.8,177,,
2025-04-10 09:30:37,109.76,109.78,2,109.74,5,109.78,16,109.78,109.74,109.74,5,109.71,12,109.7,1,109.69,4,109.68,2,109.67,9,109.66,7,109.65,3,109.64,1,109.63,3,109.78,16,109.79,10,109.8,177,,,,,,,,,,,,,,
2025-04-10 09:30:38,109.7,109.7,1,109.68,2,109.72,11,109.72,109.68,109.68,2,109.67,12,109.66,9,109.65,3,109.64,1,109.63,3,109.62,4,109.61,2,109.6,10,109.59,21,109.72,11,109.73,1,109.74,14,109.75,30,109.77,13,109.78,27,109.79,12,109.8,177,,,,
2025-04-10 09:30:39,109.68,109.67,5,109.66,10,109.7,4,109.7,109.66,109.66,10,109.65,3,109.64,1,109.63,3,109.62,4,109.61,2,109.6,10,109.59,21,109.58,5,109.57,2,109.7,4,109.71,3,109.72,3,109.73,12,109.74,14,109.75,30,109.77,13,109.78,27,109.79,12,109.8,177
2025-04-10 09:30:40,109.67,109.68,1,109.66,17,109.68,2,109.68,109.66,109.66,17,109.65,3,109.64,1,109.63,3,109.62,4,109.61,2,109.6,10,109.59,21,109.58,5,109.57,2,109.68,2,109.69,5,109.7,2,109.71,3,109.72,12,109.73,12,109.74,14,109.75,30,109.77,13,109.78,27
2025-04-10 09:30:41,109.59,109.6,2,109.56,11,109.62,3,109.62,109.56,109.56,11,109.55,1,109.54,22,109.53,9,109.52,5,109.51,5,109.5,3,109.49,3,109.48,4,109.47,15,109.62,3,109.63,3,109.64,1,109.65,2,109.66,3,109.67,3,109.68,3,109.69,5,109.7,2,109.71,3
2025-04-10 09:30:42,109.44,109.56,1,109.43,12,109.45,1,109.45,109.43,109.43,12,109.42,4,109.41,1,109.39,3,109.38,2,109.37,4,109.36,2,109.35,5,109.34,11,109.32,7,109.45,1,109.46,3,109.47,11,109.48,3,109.49,4,109.5,7,109.51,6,109.52,1,109.53,9,109.54,4
2025-04-10 09:30:43,109.615,109.62,1,109.6,1,109.63,7,109.63,109.6,109.6,1,109.58,1,109.56,2,109.55,1,109.54,2,109.53,3,109.52,6,109.5,1,109.49,3,109.48,7,109.63,7,109.64,1,109.65,2,109.66,3,109.67,3,109.68,3,109.69,5,109.7,2,109.71,3,109.72,12
2025-04-10 09:30:44,109.59,109.59,1,109.57,11,109.61,3,109.61,109.57,109.57,11,109.56,9,109.55,11,109.54,2,109.52,14,109.5,1,109.49,3,109.48,7,109.46,13,109.44,10,109.61,3,109.63,9,109.64,1,109.65,2,109.66,3,109.67,3,109.68,3,109.69,5,109.7,2,109.71,3
2025-04-10 09:30:45,109.605,109.62,1,109.59,1,109.63,2,109.63,109.59,109.59,1,109.57,8,109.55,8,109.54,18,109.52,14,109.5,1,109.49,3,109.48,7,109.46,13,109.44,10,109.62,1,109.63,9,109.64,1,109.65,2,109.66,3,109.67,3,109.68,3,109.69,5,109.7,2,109.71,3
2025-04-10 09:30:46,109.605,109.61,1,109.59,28,109.62,4,109.62,109.59,109.59,28,109.58,10,109.57,9,109.56,8,109.55,15,109.54,17,109.52,14,109.5,1,109.49,3,109.48,7,109.62,4,109.64,5,109.65,9,109.66,3,109.67,3,109.68,3,109.69,5,109.7,2,109.71,3,109.72,12
2025-04-10 09:30:47,109.585,109.57,1,109.57,12,109.6,1,109.6,109.57,109.57,12,109.56,2,109.55,2,109.54,21,109.52,14,109.5,1,109.49,3,109.48,7,109.46,13,109.44,10,109.6,1,109.61,14,109.62,7,109.64,5,109.65,9,109.66,3,109.67,3,109.68,3,109.69,5,109.7,2
2025-04-10 09:30:48,109.565,109.57,1,109.55,8,109.58,10,109.58,109.55,109.55,8,109.54,26,109.52,14,109.5,1,109.49,3,109.48,7,109.46,13,109.44,10,109.43,8,109.41,10,109.58,10,109.59,20,109.6,17,109.61,14,109.62,7,109.64,5,109.65,9,109.66,3,109.67,3,109.68,3
2025-04-10 09:30:49,109.545,109.54,3,109.52,23,109.57,17,109.57,109.52,109.52,23,109.5,1,109.49,3,109.48,7,109.46,13,109.44,10,109.43,8,109.41,10,109.39,3,109.38,2,109.57,17,109.58,11,109.59,20,109.6,17,109.61,14,109.62,7,109.64,5,109.65,9,109.66,3,109.67,3
2025-04-10 09:30:50,109.525,109.53,1,109.52,16,109.53,9,109.53,109.52,109.52,16,109.5,1,109.49,3,109.48,7,109.46,13,109.44,10,109.43,8,109.41,10,109.39,3,109.38,2,109.53,9,109.54,2,109.55,3,109.56,3,109.57,17,109.58,11,109.59,20,109.6,17,109.61,14,109.62,7
2025-04-10 09:30:51,109.44,109.44,1,109.42,19,109.46,7,109.46,109.42,109.42,19,109.41,10,109.39,3,109.38,2,109.37,4,109.36,2,109.35,5,109.34,11,109.32,7,109.31,12,109.46,7,109.47,7,109.48,5,109.49,6,109.5,10,109.51,6,109.52,3,109.53,19,109.54,2,109.55,4
2025-04-10 09:30:52,109.36,109.35,3,109.35,8,109.37,15,109.37,109.35,109.35,8,109.34,11,109.32,7,109.31,12,109.3,2,109.29,5,109.28,2,109.27,5,109.26,2,109.25,2,109.37,15,109.38,5,109.39,8,109.4,2,109.41,8,109.42,7,109.43,4,109.44,1,109.45,2,109.46,3
2025-04-10 09:30:53,109.405,109.42,1,109.39,4,109.42,11,109.42,109.39,109.39,4,109.38,2,109.37,3,109.36,18,109.35,9,109.34,11,109.32,7,109.31,12,109.3,2,109.29,5,109.42,11,109.45,3,109.46,3,109.47,10,109.48,15,109.49,6,109.5,8,109.51,6,109.52,3,109.53,19
2025-04-10 09:30:54,109.43,109.43,1,109.42,7,109.44,2,109.44,109.42,109.42,7,109.41,1,109.4,4,109.39,3,109.38,2,109.37,3,109.36,18,109.35,9,109.34,11,109.32,7,109.44,2,109.45,6,109.46,3,109.47,12,109.48,15,109.49,6,109.5,8,109.51,6,109.52,3,109.53,19
2025-04-10 09:30:55,109.49,109.49,1,109.48,8,109.5,5,109.5,109.48,109.48,8,109.47,7,109.46,6,109.45,7,109.44,4,109.43,2,109.42,13,109.41,1,109.4,4,109.39,3,109.5,5,109.51,1,109.53,37,109.54,2,109.55,4,109.56,3,109.57,17,109.58,11,109.59,20,109.6,17
2025-04-10 09:30:56,109.605,109.6,1,109.59,3,109.62,26,109.62,109.59,109.59,3,109.57,3,109.56,2,109.55,14,109.54,5,109.53,4,109.52,14,109.5,4,109.49,5,109.48,7,109.62,26,109.63,14,109.64,26,109.65,9,109.66,3,109.67,3,109.68,3,109.69,5,109.7,2,109.71,3
2025-04-10 09:30:57,109.645,109.66,1,109.63,6,109.66,4,109.66,109.63,109.63,6,109.62,8,109.61,3,109.6,3,109.59,5,109.57,3,109.56,2,109.55,14,109.54,5,109.53,4,109.66,4,109.67,9,109.68,18,109.69,5,109.7,27,109.71,3,109.72,12,109.73,12,109.74,14,109.75,30
2025-04-10 09:30:58,109.66,109.65,1,109.64,5,109.68,18,109.68,109.64,109.64,5,109.63,3,109.62,2,109.61,4,109.6,3,109.59,5,109.57,3,109.56,2,109.55,14,109.54,5,109.68,18,109.69,24,109.7,27,109.71,3,109.72,12,109.73,12,109.74,14,109.75,30,109.77,13,109.78,27
2025-04-10 09:30:59,109.585,109.59,1,109.56,9,109.61,19,109.61,109.56,109.56,9,109.54,7,109.53,9,109.52,14,109.5,4,109.49,5,109.48,7,109.47,7,109.46,6,109.45,7,109.61,19,109.62,8,109.63,2,109.64,9,109.65,23,109.66,5,109.67,25,109.68,23,109.69,62,109.7,27
2025-04-10 09:31:00,109.625,109.62,3,109.6,3,109.65,13,109.65,109.6,109.6,3,109.59,6,109.58,1,109.57,12,109.56,12,109.54,7,109.53,9,109.52,14,109.5,4,109.49,5,109.65,13,109.66,5,109.67,25,109.68,23,109.69,62,109.7,27,109.71,3,109.72,12,109.73,12,109.74,14
2025-04-10 09:31:01,109.585,109.59,1,109.56,2,109.61,4,109.61,109.56,109.56,2,109.55,9,109.54,5,109.53,9,109.52,14,109.5,4,109.49,5,109.48,7,109.47,7,109.46,6,109.61,4,109.62,10,109.63,26,109.64,3,109.65,18,109.66,5,109.67,25,109.68,23,109.69,62,109.7,27
2025-04-10 09:31:02,109.635,109.64,1,109.62,4,109.65,1,109.65,109.62,109.62,4,109.6,16,109.59,1,109.58,8,109.57,1,109.56,7,109.55,9,109.54,5,109.53,9,109.52,14,109.65,1,109.66,18,109.67,7,109.68,22,109.69,67,109.7,27,109.71,3,109.72,12,109.73,12,109.74,14
2025-04-10 09:31:03,109.62,109.61,1,109.6,5,109.64,20,109.64,109.6,109.6,5,109.59,4,109.58,8,109.57,1,109.56,7,109.55,9,109.54,5,109.53,9,109.52,14,109.5,4,109.64,20,109.65,22,109.66,3,109.67,12,109.68,22,109.69,67,109.7,27,109.71,3,109.72,12,109.73,12
2025-04-10 09:31:04,109.53,109.52,1,109.51,1,109.55,6,109.55,109.51,109.51,1,109.5,34,109.49,5,109.48,7,109.47,7,109.46,6,109.45,7,109.44,4,109.43,2,109.42,13,109.55,6,109.56,1,109.57,10,109.58,6,109.59,22,109.61,1,109.62,22,109.64,20,109.65,22,109.66,3
2025-04-10 09:31:05,109.48,109.5,8,109.46,4,109.5,21,109.5,109.46,109.46,4,109.45,3,109.44,32,109.43,2,109.42,13,109.41,1,109.4,4,109.39,3,109.38,2,109.37,3,109.5,21,109.51,7,109.52,2,109.53,2,109.54,6,109.55,10,109.56,1,109.57,10,109.58,6,109.59,22
2025-04-10 09:31:06,109.48,109.5,6,109.46,16,109.5,8,109.5,109.46,109.46,16,109.45,3,109.44,32,109.43,2,109.42,13,109.41,1,109.4,4,109.39,3,109.38,2,109.37,3,109.5,8,109.51,10,109.52,5,109.53,4,109.54,17,109.55,10,109.56,1,109.57,10,109.58,6,109.59,22
2025-04-10 09:31:07,109.33,109.33,2,109.32,8,109.34,3,109.34,109.32,109.32,8,109.31,4,109.3,10,109.29,7,109.28,14,109.27,5,109.26,2,109.25,2,109.24,12,109.23,4,109.34,3,109.36,19,109.37,5,109.38,17,109.39,5,109.4,6,109.41,6,109.42,7,109.43,6,109.44,5
2025-04-10 09:31:08,109.355,109.35,3,109.34,11,109.37,9,109.37,109.34,109.34,11,109.33,2,109.32,15,109.31,4,109.3,10,109.29,7,109.28,14,109.27,5,109.26,2,109.25,2,109.37,9,109.38,2,109.39,11,109.4,11,109.42,2,109.43,16,109.44,5,109.45,7,109.46,6,109.47,5
2025-04-10 09:31:09,109.34,109.31,5,109.31,10,109.37,25,109.37,109.31,109.31,10,109.3,3,109.29,3,109.28,11,109.27,5,109.26,2,109.25,2,109.24,12,109.23,4,109.22,7,109.37,25,109.38,28,109.39,11,109.4,11,109.42,2,109.43,16,109.44,5,109.45,7,109.46,6,109.47,5
2025-04-10 09:31:10,109.44,109.44,1,109.43,2,109.45,8,109.45,109.43,109.43,2,109.42,5,109.41,7,109.39,5,109.38,2,109.37,5,109.36,7,109.35,6,109.34,6,109.33,2,109.45,8,109.46,17,109.47,14,109.48,1,109.49,17,109.5,7,109.51,10,109.52,5,109.53,4,109.54,17
2025-04-10 09:31:11,109.375,109.36,1,109.36,2,109.39,10,109.39,109.36,109.36,2,109.35,6,109.34,4,109.32,1,109.31,14,109.3,3,109.29,3,109.28,11,109.27,5,109.26,2,109.39,10,109.4,26,109.41,6,109.42,8,109.43,17,109.44,9,109.45,10,109.46,17,109.47,14,109.48,1
2025-04-10 09:31:12,109.38,109.4,1,109.36,8,109.4,15,109.4,109.36,109.36,8,109.35,1,109.32,2,109.31,15,109.3,3,109.29,3,109.28,11,109.27,5,109.26,2,109.25,2,109.4,15,109.41,2,109.42,2,109.43,29,109.44,12,109.45,3,109.46,14,109.47,14,109.48,1,109.49,17
2025-04-10 09:31:13,109.315,109.31,1,109.31,15,109.32,6,109.32,109.31,109.31,15,109.3,3,109.29,3,109.28,11,109.27,5,109.26,2,109.25,2,109.24,12,109.23,4,109.22,7,109.32,6,109.33,9,109.34,7,109.35,4,109.36,1,109.37,2,109.38,2,109.39,4,109.4,2,109.41,4
2025-04-10 09:31:14,109.29,109.28,1,109.28,12,109.3,6,109.3,109.28,109.28,12,109.27,4,109.26,4,109.25,7,109.24,2,109.23,1,109.22,11,109.21,21,109.19,4,109.18,7,109.3,6,109.31,5,109.32,6,109.33,9,109.34,7,109.35,4,109.36,1,109.37,2,109.38,2,109.39,4
2025-04-10 09:31:15,109.255,109.26,1,109.24,4,109.27,1,109.27,109.24,109.24,4,109.23,4,109.22,3,109.21,13,109.19,4,109.18,7,109.17,2,109.16,11,109.15,3,109.14,11,109.27,1,109.28,6,109.29,4,109.3,8,109.31,3,109.32,1,109.34,8,109.35,4,109.36,1,109.37,2
2025-04-10 09:31:16,109.2,109.19,2,109.19,10,109.21,1,109.21,109.19,109.19,10,109.18,1,109.16,22,109.15,3,109.14,11,109.13,8,109.12,1,109.11,2,109.1,1,109.09,1,109.21,1,109.22,6,109.23,1,109.24,1,109.25,2,109.26,4,109.27,10,109.28,4,109.29,7,109.3,10
2025-04-10 09:31:17,109.215,109.21,1,109.2,1,109.23,2,109.23,109.2,109.2,1,109.19,11,109.18,1,109.16,22,109.15,3,109.14,11,109.13,8,109.12,1,109.11,2,109.1,1,109.23,2,109.24,2,109.25,1,109.26,3,109.27,3,109.28,7,109.29,5,109.3,10,109.31,3,109.32,1
2025-04-10 09:31:18,109.1,109.08,5,109.08,3,109.12,4,109.12,109.08,109.08,3,109.06,4,109.05,2,109.04,4,109.02,14,109.01,1,109.0,1,108.99,15,108.98,4,108.96,21,109.12,4,109.13,7,109.14,2,109.15,8,109.16,2,109.17,4,109.18,2,109.19,2,109.2,2,109.21,2
2025-04-10 09:31:19,109.07,109.07,14,109.06,1,109.08,13,109.08,109.06,109.06,1,109.05,4,109.04,4,109.02,14,109.01,1,109.0,1,108.99,15,108.98,4,108.96,21,108.94,20,109.08,13,109.09,3,109.1,2,109.11,5,109.12,11,109.13,7,109.14,2,109.15,8,109.16,2,109.17,4
2025-04-10 09:31:20,109.02,109.01,7,109.01,71,109.03,2,109.03,109.01,109.01,71,109.0,1,108.99,15,108.98,4,108.96,21,108.94,20,108.92,15,108.91,15,108.9,28,,,109.03,2,109.04,9,109.05,5,109.07,3,109.08,12,109.09,6,109.1,2,109.11,5,109.12,11,109.13,7
2025-04-10 09:31:21,108.935,108.94,1,108.93,11,108.94,7,108.94,108.93,108.93,11,108.92,15,108.91,15,108.9,28,,,,,,,,,,,,,108.94,7,108.95,7,108.96,8,108.97,10,108.98,25,108.99,20,109.0,5,109.01,12,109.02,6,109.03,14
2025-04-10 09:31:22,108.945,108.95,1,108.94,5,108.95,15,108.95,108.94,108.94,5,108.93,16,108.92,15,108.91,15,108.9,28,,,,,,,,,,,108.95,15,108.96,1,108.97,3,108.98,10,108.99,20,109.0,5,109.01,12,109.02,6,109.03,14,109.04,16
2025-04-10 09:31:23,108.825,108.84,6,108.81,12,108.84,3,108.84,108.81,108.81,12,108.8,48,,,,,,,,,,,,,,,,,108.84,3,108.85,6,108.86,7,108.87,5,108.88,6,108.89,5,108.9,5,108.91,2,108.92,7,108.93,19
2025-04-10 09:31:24,108.7,108.7,11,108.69,20,108.71,1,108.71,108.69,108.69,20,108.68,12,,,,,,,,,,,,,,,,,108.71,1,108.72,3,108.73,2,108.76,7,108.79,6,108.8,3,108.81,5,108.82,18,108.83,1,108.84,5
2025-04-10 09:31:25,108.78,108.76,3,108.76,8,108.8,11,108.8,108.76,108.76,8,108.75,5,108.74,6,108.72,20,108.71,19,108.69,13,108.68,13,,,,,,,108.8,11,108.81,5,108.82,18,108.83,1,108.84,5,108.85,6,108.86,7,108.87,5,108.88,6,108.89,5
2025-04-10 09:31:26,108.82,108.82,1,108.81,6,108.83,4,108.83,108.81,108.81,6,108.8,10,108.79,12,108.78,7,108.77,6,108.76,12,108.75,5,108.74,6,108.72,20,108.71,19,108.83,4,108.84,5,108.85,6,108.86,7,108.87,5,108.88,6,108.89,5,108.9,5,108.91,2,108.92,7
2025-04-10 09:31:27,108.915,108.92,5,108.9,13,108.93,14,108.93,108.9,108.9,13,108.89,5,108.88,2,108.87,7,108.86,9,108.85,4,108.84,4,108.83,9,108.82,6,108.81,3,108.93,14,108.94,4,108.95,9,108.96,6,108.97,3,108.98,10,108.99,20,109.0,5,109.01,12,109.02,6
2025-04-10 09:31:28,108.86,108.85,5,108.85,10,108.87,2,108.87,108.85,108.85,10,108.84,13,108.83,9,108.82,6,108.81,3,108.8,12,108.79,12,108.78,7,108.77,6,108.76,12,108.87,2,108.88,16,108.89,7,108.9,20,108.91,2,108.92,2,108.93,15,108.94,4,108.95,9,108.96,6
2025-04-10 09:31:29,108.885,108.87,1,108.88,3,108.89,17,108.89,108.88,108.88,3,108.87,3,108.86,12,108.85,9,108.84,13,108.83,9,108.82,6,108.81,3,108.8,12,108.79,12,108.89,24,108.9,20,108.91,2,108.92,2,108.93,15,108.94,4,108.95,9,108.96,6,108.97,3,108.98,10
2025-04-10 09:31:30,109.04,109.04,10,109.02,1,109.06,3,109.06,109.02,109.02,1,109.01,20,109.0,7,108.99,3,108.98,2,108.97,4,108.96,5,108.95,3,108.94,7,108.93,9,109.06,3,109.07,6,109.08,8,109.09,7,109.1,2,109.11,26,109.12,11,109.13,7,109.14,2,109.15,8
2025-04-10 09:31:31,108.97,108.97,1,108.95,4,108.99,24,108.99,108.95,108.95,4,108.94,6,108.93,1,108.92,3,108.91,2,108.9,1,108.89,5,108.88,3,108.87,3,108.86,12,108.99,24,109.0,16,109.02,7,109.03,5,109.04,8,109.05,2,109.06,1,109.08,14,109.09,7,109.1,2
2025-04-10 09:31:32,109.03,109.04,1,109.01,1,109.05,3,109.05,109.01,109.01,1,109.0,1,108.99,16,108.98,10,108.96,2,108.95,11,108.94,6,108.93,1,108.92,3,108.91,2,109.05,3,109.06,3,109.08,14,109.09,7,109.1,2,109.11,26,109.12,11,109.13,7,109.14,2,109.15,8
2025-04-10 09:31:33,108.995,108.98,1,108.98,2,109.01,10,109.01,108.98,108.98,2,108.97,3,108.96,3,108.95,2,108.94,11,108.93,7,108.92,3,108.91,2,108.9,1,108.89,5,109.01,10,109.02,6,109.03,18,109.04,4,109.06,25,109.08,14,109.09,7,109.1,2,109.11,26,109.12,11
2025-04-10 09:31:34,108.95,108.94,15,108.94,16,108.96,6,108.96,108.94,108.94,16,108.93,7,108.92,3,108.91,2,108.9,1,108.89,5,108.88,3,108.87,3,108.86,12,108.85,9,108.96,6,108.97,6,108.98,9,108.99,4,109.0,9,109.01,7,109.02,8,109.03,5,109.04,6,109.06,25
2025-04-10 09:31:35,108.975,108.96,1,108.97,8,108.98,16,108.98,108.97,108.97,8,108.96,4,108.95,3,108.94,12,108.93,3,108.92,3,108.9,1,108.89,7,108.88,3,108.87,3,108.98,16,108.99,4,109.0,9,109.01,7,109.02,8,109.03,5,109.04,6,109.06,25,109.08,14,109.09,7
2025-04-10 09:31:36,108.965,108.97,3,108.95,5,108.98,20,108.98,108.95,108.95,5,108.94,15,108.93,4,108.91,9,108.9,8,108.89,20,108.88,3,108.87,3,108.86,12,108.85,9,108.98,20,108.99,4,109.0,9,109.01,7,109.02,8,109.03,5,109.04,6,109.06,25,109.08,14,109.09,7
2025-04-10 09:31:37,109.065,109.07,1,109.05,1,109.08,15,109.08,109.05,109.05,1,109.04,3,109.03,2,109.02,3,109.01,8,109.0,3,108.99,6,108.98,7,108.97,4,108.96,5,109.08,15,109.09,7,109.1,2,109.11,26,109.12,11,109.13,7,109.14,2,109.15,8,109.16,2,109.17,4
2025-04-10 09:31:38,108.985,108.97,1,108.97,5,109.0,1,109.0,108.97,108.97,5,108.96,5,108.95,4,108.94,14,108.93,4,108.91,9,108.9,8,108.89,20,108.88,3,108.87,3,109.0,1,109.01,3,109.02,9,109.03,3,109.04,2,109.05,4,109.06,4,109.07,9,109.08,26,109.09,7
2025-04-10 09:31:39,109.04,109.02,5,109.02,6,109.06,1,109.06,109.02,109.02,6,109.01,5,109.0,5,108.99,17,108.97,11,108.96,5,108.95,4,108.94,14,108.93,4,108.91,9,109.06,1,109.07,2,109.08,2,109.09,2,109.1,13,109.11,24,109.12,11,109.13,7,109.14,2,109.15,8
2025-04-10 09:31:40,109.08,109.08,6,109.06,1,109.1,11,109.1,109.06,109.06,1,109.05,13,109.04,9,109.02,7,109.01,5,109.0,5,108.99,17,108.97,11,108.96,5,108.95,4,109.1,11,109.11,1,109.12,19,109.13,7,109.14,2,109.15,8,109.16,2,109.17,4,109.18,2,109.19,2
2025-04-10 09:31:41,109.055,109.04,1,109.04,3,109.07,10,109.07,109.04,109.04,3,109.03,3,109.02,7,109.01,5,109.0,5,108.99,17,108.97,11,108.96,5,108.95,4,108.94,14,109.07,10,109.08,1,109.09,9,109.1,10,109.11,1,109.12,19,109.13,7,109.14,2,109.15,8,109.16,2
2025-04-10 09:31:42,109.19,109.19,1,109.18,9,109.2,9,109.2,109.18,109.18,9,109.17,4,109.15,2,109.14,10,109.13,4,109.11,4,109.1,3,109.09,4,109.07,10,109.06,3,109.2,9,109.21,2,109.22,3,109.23,3,109.24,5,109.25,3,109.26,3,109.27,3,109.28,7,109.29,5
2025-04-10 09:31:43,109.165,109.17,2,109.15,8,109.18,7,109.18,109.15,109.15,8,109.14,10,109.13,4,109.11,4,109.1,3,109.09,4,109.07,10,109.06,3,109.05,7,109.04,6,109.18,7,109.19,6,109.2,52,109.21,22,109.22,6,109.23,3,109.24,5,109.25,3,109.26,3,109.27,3
2025-04-10 09:31:44,109.165,109.17,1,109.16,13,109.17,7,109.17,109.16,109.16,13,109.15,13,109.14,10,109.13,4,109.11,4,109.1,3,109.09,4,109.07,10,109.06,3,109.05,7,109.17,7,109.18,2,109.19,7,109.2,346,109.21,1,109.22,2,109.23,2,109.24,11,109.25,27,109.26,3
2025-04-10 09:31:45,109.19,109.19,5,109.18,4,109.2,1,109.2,109.18,109.18,4,109.17,2,109.16,13,109.15,13,109.14,10,109.13,4,109.11,4,109.1,3,109.09,4,109.07,10,109.2,1,109.21,2,109.22,2,109.23,2,109.24,20,109.25,27,109.26,3,109.27,3,109.28,7,109.29,5
2025-04-10 09:31:46,109.09,109.09,1,109.08,2,109.1,4,109.1,109.08,109.08,2,109.07,10,109.06,3,109.05,7,109.04,6,109.03,3,109.02,7,109.01,5,109.0,5,108.99,17,109.1,4,109.11,4,109.12,3,109.13,3,109.14,5,109.15,17,109.16,3,109.17,9,109.18,15,109.19,20
2025-04-10 09:31:47,109.06,109.06,1,109.05,1,109.07,2,109.07,109.05,109.05,1,109.04,1,109.01,10,109.0,38,108.99,17,108.97,11,108.96,5,108.95,4,108.94,14,108.93,4,109.07,2,109.08,2,109.09,7,109.1,4,109.11,1,109.12,1,109.13,2,109.14,5,109.15,17,109.16,3
2025-04-10 09:31:48,109.025,109.03,1,109.02,10,109.03,3,109.03,109.02,109.02,10,109.01,9,109.0,10,108.99,25,108.97,11,108.96,5,108.95,4,108.94,14,108.93,4,108.91,9,109.03,3,109.04,2,109.05,2,109.06,3,109.07,14,109.08,11,109.09,4,109.1,5,109.11,1,109.12,1
2025-04-10 09:31:49,108.95,108.95,4,108.94,10,108.96,5,108.96,108.94,108.94,10,108.93,16,108.91,9,108.9,8,108.89,20,108.88,3,108.87,3,108.86,12,108.85,9,108.84,13,108.96,5,108.97,3,108.98,4,108.99,4,109.0,2,109.02,5,109.03,6,109.04,2,109.05,2,109.06,3
2025-04-10 09:31:50,108.93,108.95,3,108.91,11,108.95,22,108.95,108.91,108.91,11,108.9,9,108.89,20,108.88,3,108.87,3,108.86,12,108.85,9,108.84,13,108.83,9,108.82,6,108.95,22,108.96,15,108.97,4,108.98,2,108.99,8,109.0,2,109.02,5,109.03,6,109.04,2,109.05,2
2025-04-10 09:31:51,108.94,108.93,10,108.93,5,108.95,5,108.95,108.93,108.93,5,108.92,2,108.91,12,108.9,9,108.89,20,108.88,3,108.87,3,108.86,12,108.85,9,108.84,13,108.95,5,108.96,18,108.97,4,108.98,2,108.99,8,109.0,2,109.02,5,109.03,6,109.04,2,109.05,2
2025-04-10 09:31:52,108.885,108.88,1,108.88,9,108.89,5,108.89,108.88,108.88,9,108.87,3,108.86,12,108.85,9,108.84,13,108.83,9,108.82,6,108.81,3,108.8,12,108.79,12,108.89,5,108.9,6,108.91,11,108.92,6,108.93,5,108.94,1,108.95,8,108.96,18,108.97,4,108.98,2
2025-04-10 09:31:53,108.8,108.79,10,108.79,11,108.81,6,108.81,108.79,108.79,11,108.78,7,108.77,6,108.76,12,108.75,5,108.74,6,108.72,20,108.71,19,108.69,13,108.68,13,108.81,6,108.82,2,108.83,11,108.84,3,108.85,6,108.86,8,108.87,9,108.88,7,108.89,14,108.9,6
2025-04-10 09:31:54,108.76,108.75,1,108.75,2,108.77,6,108.77,108.75,108.75,2,108.73,17,108.72,20,108.71,19,108.69,13,108.68,13,,,,,,,,,108.77,6,108.78,6,108.79,5,108.8,3,108.81,10,108.82,2,108.83,11,108.84,3,108.85,6,108.86,8
2025-04-10 09:31:55,108.705,108.7,1,108.7,7,108.71,5,108.71,108.7,108.7,7,108.69,2,108.68,13,,,,,,,,,,,,,,,108.71,5,108.72,11,108.75,13,108.76,11,108.77,9,108.78,12,108.79,5,108.8,3,108.81,10,108.82,2
2025-04-10 09:31:56,108.71,108.72,1,108.7,12,108.72,5,108.72,108.7,108.7,12,108.69,2,108.68,13,,,,,,,,,,,,,,,108.72,5,108.73,6,108.74,14,108.75,15,108.76,11,108.77,9,108.78,12,108.79,5,108.8,3,108.81,10
2025-04-10 09:31:57,108.59,108.59,1,108.58,8,108.6,5,108.6,108.58,108.58,8,,,,,,,,,,,,,,,,,,,108.6,5,108.61,15,108.62,2,108.63,7,108.65,9,108.66,7,108.67,10,108.68,13,108.69,11,108.7,11
2025-04-10 09:31:58,108.46,108.46,1,108.45,13,108.47,7,108.47,108.45,108.45,13,,,,,,,,,,,,,,,,,,,108.47,7,108.48,4,108.49,7,108.5,5,108.51,2,108.52,6,108.53,10,108.54,3,108.55,3,108.56,9
2025-04-10 09:31:59,108.475,108.49,2,108.47,2,108.48,2,108.48,108.47,108.47,2,108.46,8,108.45,3,108.44,3,108.43,14,,,,,,,,,,,108.48,2,108.49,9,108.5,7,108.51,2,108.52,6,108.53,10,108.54,3,108.55,3,108.56,9,108.57,7
2025-04-10 09:32:00,108.44,108.44,1,108.43,23,108.45,7,108.45,108.43,108.43,23,,,,,,,,,,,,,,,,,,,108.45,7,108.46,16,108.47,5,108.48,3,108.49,1,108.5,13,108.51,13,108.52,6,108.53,10,108.54,3
2025-04-10 09:32:01,108.435,108.43,3,108.43,13,108.44,9,108.44,108.43,108.43,13,108.41,3,,,,,,,,,,,,,,,,,108.44,9,108.45,8,108.47,2,108.48,2,108.49,16,108.5,6,108.51,12,108.52,6,108.53,10,108.54,3
2025-04-10 09:32:02,108.355,108.35,6,108.34,9,108.37,7,108.37,108.34,108.34,9,108.33,4,,,,,,,,,,,,,,,,,108.37,7,108.38,7,108.39,16,108.4,9,108.41,4,108.42,5,108.43,7,108.44,11,108.45,3,108.46,2
2025-04-10 09:32:03,108.365,108.34,14,108.34,21,108.39,11,108.39,108.34,108.34,21,108.33,4,,,,,,,,,,,,,,,,,108.39,11,108.4,9,108.41,4,108.42,5,108.43,7,108.44,11,108.45,3,108.46,2,108.47,2,108.48,2
2025-04-10 09:32:04,108.36,108.36,1,108.35,12,108.37,6,108.37,108.35,108.35,12,108.34,1,108.33,5,,,,,,,,,,,,,,,108.37,6,108.38,11,108.39,17,108.4,9,108.41,4,108.42,5,108.43,7,108.44,11,108.45,3,108.46,2
2025-04-10 09:32:05,108.42,108.43,1,108.39,8,108.45,15,108.45,108.39,108.39,8,108.38,17,108.37,3,108.36,7,108.35,1,108.34,3,108.33,5,,,,,,,108.45,15,108.46,2,108.47,2,108.48,2,108.49,16,108.5,6,108.51,12,108.52,6,108.53,10,108.54,3
2025-04-10 09:32:06,108.54,108.54,1,108.54,2,108.55,6,108.55,108.54,108.53,2,108.52,2,108.51,3,108.5,2,108.49,3,108.48,3,108.47,5,108.45,1,108.44,1,108.43,1,108.55,5,108.56,9,108.57,7,108.58,5,108.59,3,108.6,7,108.61,15,108.62,2,108.63,7,108.65,9
2025-04-10 09:32:07,108.515,108.51,1,108.5,6,108.53,12,108.53,108.5,108.5,6,108.49,10,108.48,3,108.47,5,108.45,1,108.44,1,108.43,1,108.42,8,108.4,5,108.39,16,108.53,12,108.54,5,108.56,14,108.57,7,108.58,5,108.59,3,108.6,7,108.61,15,108.62,2,108.63,7
2025-04-10 09:32:08,108.425,108.43,4,108.4,4,108.45,2,108.45,108.4,108.4,4,108.39,16,108.38,17,108.37,3,108.36,7,108.35,1,108.34,3,108.33,5,,,,,108.45,2,108.46,4,108.47,5,108.48,1,108.49,6,108.5,6,108.51,6,108.52,15,108.53,12,108.54,5
2025-04-10 09:32:09,108.595,108.6,1,108.58,10,108.61,2,108.61,108.58,108.58,10,108.57,11,108.56,6,108.55,10,108.54,7,108.53,12,108.52,5,108.5,4,108.49,3,108.48,1,108.61,2,108.62,12,108.63,7,108.65,9,108.66,7,108.67,10,108.68,13,108.69,11,108.7,11,108.71,2
2025-04-10 09:32:10,108.585,108.58,4,108.54,2,108.63,4,108.63,108.54,108.54,2,108.53,12,108.52,5,108.5,4,108.49,3,108.48,1,108.47,1,108.45,8,108.44,2,108.43,2,108.63,4,108.64,5,108.65,9,108.66,7,108.67,10,108.68,13,108.69,11,108.7,11,108.71,2,108.72,12
2025-04-10 09:32:11,108.515,108.52,1,108.51,6,108.52,4,108.52,108.51,108.51,6,108.5,4,108.49,3,108.48,1,108.47,1,108.45,8,108.44,2,108.43,2,108.42,3,108.41,2,108.52,4,108.53,8,108.54,3,108.55,12,108.56,5,108.57,2,108.58,2,108.59,3,108.6,4,108.61,3
2025-04-10 09:32:12,108.64,108.65,1,108.63,10,108.65,6,108.65,108.63,108.63,10,108.62,2,108.61,3,108.6,3,108.59,12,108.58,4,108.57,4,108.56,1,108.55,3,108.54,8,108.65,6,108.66,6,108.67,10,108.68,13,108.69,11,108.7,11,108.71,2,108.72,12,108.73,6,108.74,14
2025-04-10 09:32:13,108.67,108.67,1,108.66,9,108.68,5,108.68,108.66,108.66,9,108.65,1,108.64,1,108.63,1,108.62,9,108.61,3,108.6,3,108.59,12,108.58,4,108.57,4,108.68,5,108.69,8,108.7,22,108.71,2,108.72,12,108.73,6,108.74,14,108.75,15,108.76,11,108.77,9
2025-04-10 09:32:14,108.565,108.57,10,108.54,8,108.59,6,108.59,108.54,108.54,8,108.53,2,108.52,7,108.51,15,108.5,5,108.49,3,108.48,1,108.47,1,108.45,8,108.44,2,108.59,6,108.6,12,108.61,2,108.62,3,108.63,7,108.64,6,108.65,7,108.66,11,108.67,12,108.68,6
2025-04-10 09:32:15,108.635,108.62,1,108.62,5,108.65,4,108.65,108.62,108.62,5,108.6,1,108.59,3,108.58,17,108.57,9,108.56,19,108.55,3,108.54,21,108.53,2,108.52,7,108.65,4,108.66,29,108.67,12,108.68,6,108.69,8,108.7,22,108.71,2,108.72,12,108.73,6,108.74,14
2025-04-10 09:32:16,108.625,108.63,1,108.62,6,108.63,3,108.63,108.62,108.62,6,108.61,7,108.6,2,108.59,6,108.58,4,108.57,5,108.55,7,108.54,21,108.53,2,108.52,7,108.63,3,108.64,9,108.65,2,108.66,29,108.67,12,108.68,6,108.69,8,108.7,22,108.71,2,108.72,12
2025-04-10 09:32:17,108.665,108.65,10,108.66,2,108.67,6,108.67,108.66,108.66,2,108.65,7,108.64,1,108.63,3,108.62,1,108.61,2,108.6,5,108.59,6,108.58,4,108.57,5,108.67,6,108.68,4,108.69,5,108.7,26,108.71,2,108.72,12,108.73,6,108.74,14,108.75,15,108.76,11
2025-04-10 09:32:18,108.695,108.69,9,108.68,1,108.71,2,108.71,108.68,108.68,1,108.67,7,108.66,6,108.65,7,108.64,1,108.63,3,108.62,1,108.61,2,108.6,5,108.59,6,108.71,2,108.72,3,108.73,3,108.74,5,108.75,15,108.76,11,108.77,9,108.78,12,108.79,5,108.8,3
2025-04-10 09:32:19,108.83,108.82,1,108.82,6,108.84,2,108.84,108.82,108.82,6,108.81,1,108.8,5,108.79,6,108.77,2,108.76,8,108.75,4,108.73,6,108.72,10,108.71,9,108.84,2,108.85,8,108.86,8,108.87,9,108.88,7,108.89,14,108.9,6,108.91,11,108.92,6,108.93,5
2025-04-10 09:32:20,108.93,108.93,1,108.91,6,108.95,11,108.95,108.91,108.91,6,108.9,2,108.89,8,108.88,7,108.87,1,108.86,5,108.84,2,108.83,7,108.82,4,108.81,4,108.95,11,108.96,18,108.97,4,108.98,2,108.99,8,109.0,2,109.02,5,109.03,6,109.04,2,109.05,2
2025-04-10 09:32:21,108.85,108.86,2,108.83,13,108.87,12,108.87,108.83,108.83,13,108.82,4,108.81,4,108.8,5,108.79,6,108.77,2,108.76,8,108.75,4,108.73,6,108.72,10,108.87,12,108.88,4,108.89,2,108.9,7,108.91,15,108.92,1,108.93,13,108.95,13,108.96,18,108.97,4
2025-04-10 09:32:22,108.755,108.76,3,108.73,12,108.78,5,108.78,108.73,108.73,12,108.72,12,108.71,9,108.7,9,108.69,2,108.68,3,108.67,7,108.66,6,108.65,7,108.64,1,108.78,5,108.79,2,108.8,1,108.81,5,108.82,1,108.84,9,108.85,10,108.86,3,108.87,19,108.88,4
2025-04-10 09:32:23,108.71,108.71,1,108.7,12,108.72,7,108.72,108.7,108.7,12,108.69,2,108.68,3,108.67,7,108.66,6,108.65,7,108.64,1,108.63,3,108.62,1,108.61,2,108.72,7,108.73,6,108.74,8,108.75,11,108.76,9,108.77,7,108.78,5,108.79,2,108.8,1,108.81,5
2025-04-10 09:32:24,108.695,108.71,2,108.68,6,108.71,7,108.71,108.68,108.68,6,108.67,7,108.66,6,108.65,7,108.64,1,108.63,3,108.62,1,108.61,2,108.6,5,108.59,6,108.71,7,108.73,14,108.75,2,108.76,20,108.77,16,108.78,11,108.79,2,108.8,1,108.81,5,108.82,1
2025-04-10 09:32:25,108.695,108.68,1,108.68,8,108.71,14,108.71,108.68,108.68,8,108.67,21,108.66,6,108.65,7,108.64,1,108.63,3,108.62,1,108.61,2,108.6,5,108.59,6,108.71,14,108.72,5,108.73,13,108.75,2,108.76,20,108.77,16,108.78,11,108.79,2,108.8,1,108.81,5
2025-04-10 09:32:26,108.61,108.61,10,108.6,17,108.62,2,108.62,108.6,108.6,17,108.59,6,108.58,4,108.57,5,108.55,7,108.54,21,108.53,2,108.52,7,108.51,15,108.5,5,108.62,2,108.63,6,108.64,5,108.65,8,108.66,4,108.68,1,108.69,2,108.7,6,108.71,13,108.72,5
2025-04-10 09:32:27,108.52,108.52,1,108.51,8,108.53,5,108.53,108.51,108.51,8,108.5,26,108.49,3,108.48,1,108.47,1,108.45,8,108.44,2,108.43,2,108.42,3,108.41,2,108.53,5,108.55,9,108.56,7,108.57,6,108.58,14,108.59,3,108.6,7,108.62,5,108.63,6,108.64,5
2025-04-10 09:32:28,108.61,108.62,1,108.59,5,108.63,8,108.63,108.59,108.59,5,108.58,3,108.57,3,108.56,2,108.55,17,108.54,4,108.52,2,108.51,6,108.5,26,108.49,3,108.63,8,108.64,5,108.65,8,108.66,4,108.68,1,108.69,2,108.7,6,108.71,13,108.72,5,108.73,13
2025-04-10 09:32:29,108.73,108.71,1,108.71,6,108.75,10,108.75,108.71,108.71,6,108.7,2,108.69,3,108.67,4,108.66,5,108.65,5,108.64,5,108.63,1,108.62,5,108.61,3,108.75,10,108.76,17,108.77,28,108.78,11,108.79,2,108.8,1,108.81,5,108.82,1,108.84,9,108.85,10
2025-04-10 09:32:30,108.63,108.65,10,108.61,11,108.65,7,108.65,108.61,108.61,11,108.6,13,108.59,4,108.58,3,108.57,3,108.56,2,108.55,17,108.54,4,108.52,2,108.51,6,108.65,7,108.66,7,108.68,3,108.69,2,108.71,2,108.72,2,108.73,4,108.74,2,108.75,6,108.76,17
2025-04-10 09:32:31,108.595,108.6,1,108.57,2,108.62,8,108.62,108.57,108.57,2,108.56,4,108.55,6,108.54,1,108.51,6,108.5,26,108.49,3,108.48,1,108.47,1,108.45,8,108.62,8,108.63,9,108.64,11,108.65,7,108.66,7,108.68,3,108.69,2,108.71,2,108.72,2,108.73,4
2025-04-10 09:32:32,108.58,108.58,1,108.56,11,108.6,20,108.6,108.56,108.56,11,108.55,11,108.53,8,108.51,6,108.5,26,108.49,3,108.48,1,108.47,1,108.45,8,108.44,2,108.6,20,108.61,7,108.62,7,108.63,9,108.64,11,108.65,7,108.66,7,108.68,3,108.69,2,108.71,2
2025-04-10 09:32:33,108.7,108.71,1,108.68,5,108.72,1,108.72,108.68,108.68,5,108.67,5,108.66,12,108.65,13,108.64,2,108.63,5,108.62,5,108.61,5,108.6,4,108.59,2,108.72,1,108.73,4,108.74,2,108.75,6,108.76,17,108.77,28,108.78,11,108.79,2,108.8,1,108.81,5
2025-04-10 09:32:34,108.795,108.8,10,108.77,14,108.82,15,108.82,108.77,108.77,14,108.76,1,108.75,3,108.74,2,108.73,1,108.71,2,108.7,3,108.69,2,108.67,2,108.66,18,108.82,15,108.84,9,108.85,10,108.86,3,108.87,19,108.88,4,108.89,2,108.9,7,108.91,15,108.92,1
2025-04-10 09:32:35,108.87,108.87,1,108.85,3,108.89,9,108.89,108.85,108.85,3,108.83,2,108.82,4,108.81,1,108.79,9,108.78,1,108.77,18,108.76,1,108.75,3,108.74,2,108.89,9,108.9,7,108.91,15,108.92,1,108.93,13,108.95,13,108.96,18,108.97,4,108.98,2,108.99,8
2025-04-10 09:32:36,108.83,108.81,10,108.81,5,108.85,6,108.85,108.81,108.81,5,108.79,9,108.78,1,108.77,18,108.76,1,108.75,3,108.74,2,108.73,1,108.71,2,108.7,3,108.85,6,108.86,1,108.87,2,108.88,9,108.89,8,108.9,7,108.91,15,108.92,1,108.93,13,108.95,13
2025-04-10 09:32:37,108.89,108.88,5,108.88,5,108.9,1,108.9,108.88,108.88,5,108.87,4,108.86,10,108.85,3,108.84,14,108.82,13,108.81,5,108.79,9,108.78,1,108.77,18,108.9,1,108.91,3,108.92,16,108.93,13,108.95,13,108.96,18,108.97,4,108.98,2,108.99,8,109.0,2
2025-04-10 09:32:38,108.875,108.88,1,108.87,7,108.88,2,108.88,108.87,108.87,7,108.86,6,108.85,12,108.84,9,108.82,13,108.81,5,108.79,9,108.78,1,108.77,18,108.76,1,108.88,2,108.89,3,108.9,1,108.91,4,108.92,3,108.93,2,108.94,1,108.95,4,108.96,1,108.97,2
2025-04-10 09:32:39,108.965,108.98,1,108.95,6,108.98,14,108.98,108.95,108.95,6,108.94,2,108.93,4,108.9,25,108.89,13,108.88,6,108.87,1,108.86,12,108.84,15,108.82,14,108.98,14,108.99,10,109.0,2,109.02,5,109.03,6,109.04,2,109.05,2,109.06,3,109.07,14,109.08,11
2025-04-10 09:32:40,109.03,109.04,2,109.01,2,109.05,4,109.05,109.01,109.01,2,109.0,28,108.99,5,108.98,2,108.97,2,108.96,2,108.95,4,108.94,9,108.93,18,108.92,13,109.05,4,109.06,3,109.07,14,109.08,11,109.09,4,109.1,5,109.11,1,109.12,1,109.13,2,109.14,5
2025-04-10 09:32:41,108.965,108.99,3,108.95,12,108.98,2,108.98,108.95,108.95,12,108.94,18,108.93,20,108.92,13,108.91,16,108.9,9,108.89,15,108.88,6,108.87,1,108.86,12,108.98,2,108.99,3,109.0,4,109.02,6,109.03,10,109.04,7,109.05,3,109.06,3,109.07,14,109.08,11
2025-04-10 09:32:42,108.935,108.94,1,108.92,5,108.95,1,108.95,108.92,108.92,5,108.9,17,108.89,15,108.88,6,108.87,1,108.86,12,108.84,15,108.82,14,108.81,5,108.79,9,108.95,1,108.96,5,108.98,5,108.99,3,109.0,4,109.02,6,109.03,10,109.04,7,109.05,3,109.06,3
2025-04-10 09:32:43,108.945,108.94,2,108.92,2,108.97,9,108.97,108.92,108.92,2,108.91,8,108.9,23,108.89,15,108.88,6,108.87,1,108.86,12,108.84,15,108.82,14,108.81,5,108.97,9,108.98,4,108.99,3,109.0,4,109.02,6,109.03,10,109.04,7,109.05,3,109.06,3,109.07,14
2025-04-10 09:32:44,108.98,108.98,1,108.97,4,108.99,7,108.99,108.97,108.97,4,108.96,13,108.95,4,108.94,3,108.92,4,108.91,8,108.9,23,108.89,15,108.88,6,108.87,1,108.99,7,109.0,6,109.02,1,109.03,8,109.04,7,109.05,3,109.06,3,109.07,14,109.08,11,109.09,4
2025-04-10 09:32:45,108.99,109.0,5,108.98,2,109.0,1,109.0,108.98,108.98,2,108.97,4,108.96,13,108.95,4,108.94,3,108.92,4,108.91,8,108.9,23,108.89,15,108.88,6,109.0,1,109.01,2,109.02,2,109.03,2,109.04,8,109.05,17,109.06,2,109.07,2,109.08,2,109.09,8
2025-04-10 09:32:46,109.035,109.03,3,109.02,5,109.05,2,109.05,109.02,109.02,5,109.01,2,109.0,3,108.99,2,108.98,2,108.97,4,108.96,13,108.95,4,108.94,3,108.92,4,109.05,2,109.06,3,109.07,4,109.08,12,109.09,20,109.1,5,109.11,1,109.12,1,109.13,2,109.14,5
2025-04-10 09:32:47,109.125,109.13,1,109.1,3,109.15,27,109.15,109.1,109.1,3,109.09,5,109.08,3,109.07,3,109.06,3,109.05,4,109.04,7,109.03,2,109.02,3,109.0,4,109.15,27,109.16,3,109.17,9,109.18,15,109.19,20,109.2,3,109.21,2,109.22,14,109.23,2,109.24,20
2025-04-10 09:32:48,109.16,109.16,3,109.14,2,109.18,7,109.18,109.14,109.14,2,109.13,14,109.12,12,109.11,2,109.1,7,109.09,5,109.08,3,109.07,3,109.06,3,109.05,4,109.18,7,109.19,17,109.2,3,109.21,2,109.22,14,109.23,2,109.24,20,109.25,27,109.26,3,109.27,3
2025-04-10 09:32:49,109.125,109.12,1,109.1,11,109.15,5,109.15,109.1,109.1,11,109.09,10,109.08,14,109.07,3,109.06,3,109.05,4,109.04,7,109.03,2,109.02,3,109.0,4,109.15,5,109.16,3,109.17,4,109.18,12,109.19,17,109.2,3,109.21,2,109.22,14,109.23,2,109.24,20
2025-04-10 09:32:50,109.2,109.21,1,109.18,3,109.22,32,109.22,109.18,109.18,3,109.17,1,109.16,4,109.15,3,109.14,1,109.13,2,109.12,1,109.11,6,109.1,17,109.09,10,109.22,32,109.23,2,109.24,20,109.25,27,109.26,3,109.27,3,109.28,7,109.29,5,109.3,10,109.31,3
2025-04-10 09:32:51,109.27,109.33,1,109.24,14,109.3,8,109.3,109.24,109.24,14,109.23,1,109.22,2,109.2,9,109.19,1,109.18,4,109.17,1,109.16,4,109.15,3,109.14,1,109.3,8,109.31,14,109.32,8,109.33,11,109.34,17,109.35,5,109.36,249,109.37,2,109.38,2,109.39,4
2025-04-10 09:32:52,109.275,109.27,1,109.26,1,109.29,17,109.29,109.26,109.26,1,109.25,10,109.24,10,109.23,1,109.22,2,109.2,9,109.19,1,109.18,4,109.17,1,109.16,4,109.29,17,109.3,10,109.31,14,109.32,2,109.33,10,109.34,17,109.35,5,109.36,249,109.37,2,109.38,2
2025-04-10 09:32:53,109.37,109.38,1,109.35,2,109.39,4,109.39,109.35,109.35,2,109.33,11,109.31,3,109.3,8,109.29,5,109.28,5,109.27,11,109.25,12,109.24,10,109.23,1,109.39,4,109.4,356,109.41,4,109.42,2,109.43,29,109.44,12,109.45,3,109.46,14,109.47,14,109.48,1
2025-04-10 09:32:54,109.48,109.48,5,109.46,3,109.5,109,109.5,109.46,109.46,3,109.44,14,109.43,13,109.42,4,109.4,13,109.39,4,109.38,2,109.37,16,109.35,9,109.34,13,109.5,109,109.51,10,109.52,5,109.53,4,109.54,17,109.55,10,109.56,1,109.57,10,109.58,6,109.59,22
2025-04-10 09:32:55,109.545,109.55,4,109.52,6,109.57,3,109.57,109.52,109.52,6,109.51,2,109.5,1,109.49,17,109.48,2,109.47,3,109.46,3,109.44,14,109.43,13,109.42,4,109.57,3,109.58,7,109.6,7,109.61,1,109.62,22,109.64,20,109.65,22,109.66,3,109.67,12,109.68,22
2025-04-10 09:32:56,109.575,109.57,1,109.57,12,109.58,3,109.58,109.57,109.57,12,109.55,6,109.54,10,109.52,11,109.51,2,109.5,1,109.49,17,109.48,2,109.47,3,109.46,3,109.58,3,109.59,3,109.6,2,109.61,4,109.62,29,109.64,20,109.65,22,109.66,3,109.67,12,109.68,22
2025-04-10 09:32:57,109.62,109.62,1,109.61,7,109.63,3,109.63,109.61,109.61,7,109.6,3,109.59,6,109.58,3,109.57,1,109.56,4,109.55,6,109.54,2,109.53,10,109.52,13,109.63,3,109.64,4,109.65,18,109.66,3,109.67,12,109.68,22,109.69,67,109.7,27,109.71,3,109.72,12
2025-04-10 09:32:58,109.74,109.74,5,109.73,3,109.75,29,109.75,109.73,109.73,3,109.72,1,109.71,3,109.7,2,109.69,2,109.68,2,109.67,4,109.66,4,109.65,6,109.64,5,109.75,29,109.77,13,109.78,27,109.79,12,109.8,177,,,,,,,,,,
2025-04-10 09:32:59,109.76,109.77,5,109.74,8,109.78,5,109.78,109.74,109.74,8,109.73,6,109.72,1,109.71,3,109.7,2,109.69,2,109.68,2,109.67,4,109.66,4,109.65,6,109.78,5,109.8,114,,,,,,,,,,,,,,,,
2025-04-10 09:33:00,109.745,109.75,1,109.72,7,109.77,2,109.77,109.72,109.72,7,109.71,3,109.7,10,109.69,11,109.68,2,109.67,18,109.66,4,109.65,6,109.64,5,109.63,5,109.77,2,109.78,10,109.8,114,,,,,,,,,,,,,,
2025-04-10 09:33:01,109.715,109.71,1,109.7,5,109.73,6,109.73,109.7,109.7,5,109.69,15,109.68,2,109.67,18,109.66,4,109.65,6,109.64,5,109.63,5,109.62,2,109.61,6,109.73,6,109.75,7,109.77,2,109.78,1,109.79,14,109.8,114,,,,,,,,
2025-04-10 09:33:02,109.71,109.69,4,109.69,14,109.73,2,109.73,109.69,109.69,14,109.68,12,109.67,12,109.66,10,109.65,6,109.64,5,109.63,5,109.62,2,109.61,6,109.6,3,109.73,2,109.74,3,109.75,9,109.77,2,109.78,1,109.79,14,109.8,114,,,,,,
2025-04-10 09:33:03,109.62,109.62,1,109.61,11,109.63,3,109.63,109.61,109.61,11,109.6,3,109.59,15,109.58,3,109.57,1,109.56,4,109.55,6,109.54,2,109.53,10,109.52,13,109.63,3,109.64,4,109.65,11,109.66,9,109.67,2,109.68,4,109.7,12,109.71,3,109.72,3,109.73,4
2025-04-10 09:33:04,109.55,109.55,1,109.53,7,109.57,3,109.57,109.53,109.53,7,109.52,5,109.51,2,109.5,11,109.49,17,109.48,2,109.47,3,109.46,3,109.44,14,109.43,13,109.57,3,109.58,3,109.59,7,109.6,8,109.61,8,109.62,2,109.63,2,109.64,3,109.66,2,109.67,2
2025-04-10 09:33:05,109.545,109.55,1,109.54,6,109.55,9,109.55,109.54,109.54,6,109.53,6,109.51,6,109.49,14,109.48,8,109.47,12,109.46,3,109.44,14,109.43,13,109.42,4,109.55,9,109.56,6,109.57,4,109.58,1,109.6,9,109.61,8,109.62,2,109.63,2,109.64,3,109.66,2
2025-04-10 09:33:06,109.505,109.5,1,109.49,2,109.52,2,109.52,109.49,109.49,2,109.48,9,109.47,19,109.46,3,109.44,14,109.43,13,109.42,4,109.4,13,109.39,4,109.38,2,109.52,2,109.53,3,109.54,12,109.55,4,109.56,2,109.57,14,109.58,1,109.6,9,109.61,8,109.62,2
2025-04-10 09:33:07,109.605,109.59,1,109.59,13,109.62,3,109.62,109.59,109.59,13,109.58,2,109.57,4,109.56,3,109.55,5,109.54,4,109.53,3,109.52,11,109.51,12,109.5,4,109.62,3,109.64,5,109.66,2,109.67,2,109.68,4,109.7,12,109.71,3,109.72,3,109.73,4,109.74,3
2025-04-10 09:33:08,109.59,109.59,1,109.57,18,109.61,3,109.61,109.57,109.57,18,109.56,3,109.55,3,109.54,14,109.53,2,109.52,10,109.51,12,109.5,4,109.49,3,109.48,9,109.61,3,109.62,4,109.64,5,109.66,2,109.67,2,109.68,4,109.7,12,109.71,3,109.72,3,109.73,4
2025-04-10 09:33:09,109.74,109.74,1,109.72,4,109.76,2,109.76,109.72,109.72,4,109.71,6,109.7,3,109.69,2,109.68,4,109.67,4,109.66,9,109.65,4,109.64,3,109.63,3,109.76,2,109.77,2,109.78,2,109.79,14,109.8,114,,,,,,,,,,
2025-04-10 09:33:10,109.835,109.85,8,109.82,5,109.85,10,109.85,109.82,109.82,5,109.81,1,109.79,3,109.78,1,109.77,2,109.76,6,109.75,3,109.74,5,109.73,11,109.72,14,109.85,10,109.86,407,,,,,,,,,,,,,,,,
2025-04-10 09:33:11,109.78,109.79,4,109.77,14,109.79,9,109.79,109.77,109.77,14,109.76,6,109.75,3,109.74,5,109.73,11,109.72,14,109.71,6,109.7,3,109.69,2,109.68,4,109.79,9,109.8,3,109.81,7,109.82,15,109.85,2,109.86,274,,,,,,,,
2025-04-10 09:33:12,109.78,109.81,3,109.75,8,109.81,8,109.81,109.75,109.75,8,109.74,7,109.73,11,109.72,14,109.71,6,109.7,3,109.69,2,109.68,4,109.67,4,109.66,9,109.81,8,109.82,2,109.83,9,109.84,5,109.85,3,109.86,239,,,,,,,,
2025-04-10 09:33:13,109.805,109.81,1,109.78,14,109.83,3,109.83,109.78,109.78,14,109.77,8,109.76,5,109.75,11,109.74,7,109.73,11,109.72,14,109.71,6,109.7,3,109.69,2,109.83,3,109.84,15,109.86,226,,,,,,,,,,,,,,
2025-04-10 09:33:14,109.855,109.83,10,109.83,3,109.88,3,109.88,109.83,109.83,3,109.82,21,109.81,13,109.8,9,109.79,2,109.78,10,109.77,8,109.76,5,109.75,11,109.74,7,109.88,3,109.89,7,,,,,,,,,,,,,,,,
2025-04-10 09:33:15,109.815,109.82,1,109.8,12,109.83,1,109.83,109.8,109.8,12,109.77,12,109.76,20,109.74,18,109.73,11,109.72,14,109.71,6,109.7,3,109.69,2,109.68,4,109.83,1,109.84,5,109.85,3,109.86,5,109.87,8,109.88,2,109.89,7,,,,,,
2025-04-10 09:33:16,109.755,109.76,2,109.73,4,109.78,2,109.78,109.73,109.73,4,109.72,16,109.71,6,109.7,3,109.69,2,109.68,4,109.67,4,109.66,9,109.65,4,109.64,3,109.78,2,109.79,56,109.8,2,109.81,4,109.82,2,109.83,3,109.84,5,109.85,3,109.86,5,109.87,8
2025-04-10 09:33:17,109.735,109.75,1,109.71,15,109.76,31,109.76,109.71,109.71,15,109.7,6,109.69,2,109.68,4,109.67,4,109.66,9,109.65,4,109.64,3,109.63,3,109.62,1,109.76,31,109.77,4,109.79,56,109.8,2,109.81,4,109.82,2,109.83,3,109.84,5,109.85,3,109.86,5
2025-04-10 09:33:18,109.71,109.72,1,109.7,2,109.72,2,109.72,109.7,109.7,2,109.69,2,109.68,4,109.67,14,109.66,9,109.65,4,109.64,3,109.63,3,109.62,1,109.61,8,109.72,2,109.73,3,109.74,3,109.75,4,109.76,29,109.77,4,109.79,56,109.8,2,109.81,4,109.82,2
2025-04-10 09:33:19,109.7,109.71,30,109.68,1,109.72,14,109.72,109.68,109.68,1,109.67,15,109.66,9,109.65,4,109.64,3,109.63,3,109.62,1,109.61,8,109.6,2,109.59,7,109.72,14,109.73,17,109.74,3,109.75,4,109.76,29,109.77,4,109.79,56,109.8,2,109.81,4,109.82,2
2025-04-10 09:33:20,109.705,109.71,1,109.69,14,109.72,2,109.72,109.69,109.69,14,109.68,4,109.67,15,109.66,9,109.65,4,109.64,3,109.63,3,109.62,1,109.61,8,109.6,2,109.72,2,109.73,10,109.74,15,109.75,15,109.76,29,109.77,4,109.79,56,109.8,2,109.81,4,109.82,2
2025-04-10 09:33:21,109.53,109.52,1,109.52,4,109.54,8,109.54,109.52,109.52,4,109.51,6,109.5,27,109.49,3,109.48,9,109.47,19,109.46,3,109.44,14,109.43,13,109.42,4,109.54,8,109.55,2,109.56,6,109.57,8,109.58,5,109.59,5,109.6,1,109.61,6,109.62,9,109.63,5
2025-04-10 09:33:22,109.615,109.64,1,109.6,3,109.63,1,109.63,109.6,109.6,3,109.59,10,109.58,2,109.56,1,109.55,12,109.54,14,109.53,6,109.52,10,109.51,9,109.5,23,109.63,1,109.64,3,109.66,8,109.67,2,109.68,3,109.69,4,109.7,2,109.71,10,109.72,2,109.73,10
2025-04-10 09:33:23,109.6,109.6,1,109.59,1,109.61,3,109.61,109.59,109.59,1,109.56,11,109.55,3,109.54,2,109.53,2,109.52,9,109.51,9,109.5,23,109.49,3,109.48,9,109.61,3,109.62,8,109.63,2,109.64,3,109.66,8,109.67,2,109.68,3,109.69,4,109.7,2,109.71,10
2025-04-10 09:33:24,109.67,109.65,2,109.65,2,109.69,21,109.69,109.65,109.65,2,109.64,2,109.63,7,109.62,18,109.61,2,109.6,2,109.59,3,109.56,11,109.55,3,109.54,2,109.69,21,109.7,2,109.71,10,109.72,2,109.73,10,109.74,15,109.75,15,109.76,29,109.77,4,109.79,56
2025-04-10 09:33:25,109.545,109.55,1,109.53,1,109.56,1,109.56,109.53,109.53,1,109.52,23,109.51,9,109.5,23,109.49,3,109.48,9,109.47,19,109.46,3,109.44,14,109.43,13,109.56,1,109.57,5,109.58,2,109.59,5,109.6,5,109.61,1,109.62,1,109.63,4,109.64,9,109.65,10
2025-04-10 09:33:26,109.515,109.52,1,109.5,45,109.53,5,109.53,109.5,109.5,45,109.49,3,109.48,9,109.47,19,109.46,3,109.44,14,109.43,13,109.42,4,109.4,13,109.39,4,109.53,5,109.54,6,109.55,2,109.56,3,109.57,6,109.58,2,109.59,5,109.6,5,109.61,1,109.62,1
2025-04-10 09:33:27,109.495,109.5,1,109.46,15,109.53,9,109.53,109.46,109.46,15,109.45,4,109.42,15,109.4,13,109.39,4,109.38,2,109.37,16,109.35,9,109.34,13,109.33,10,109.53,9,109.54,21,109.55,4,109.56,3,109.57,6,109.58,2,109.59,5,109.6,5,109.61,1,109.62,1
2025-04-10 09:33:28,109.445,109.43,1,109.42,25,109.47,6,109.47,109.42,109.42,25,109.4,13,109.39,4,109.38,2,109.37,16,109.35,9,109.34,13,109.33,10,109.31,3,109.3,8,109.47,6,109.48,2,109.49,2,109.5,3,109.51,4,109.52,2,109.53,6,109.54,18,109.55,4,109.56,3
2025-04-10 09:33:29,109.465,109.46,1,109.45,1,109.48,4,109.48,109.45,109.45,1,109.44,14,109.42,25,109.4,13,109.39,4,109.38,2,109.37,16,109.35,9,109.34,13,109.33,10,109.48,4,109.49,3,109.5,11,109.51,4,109.52,2,109.53,6,109.54,18,109.55,4,109.56,3,109.57,6
2025-04-10 09:33:30,109.525,109.51,1,109.5,13,109.55,1,109.55,109.5,109.5,13,109.49,2,109.48,2,109.47,10,109.45,2,109.44,14,109.42,25,109.4,13,109.39,4,109.38,2,109.55,1,109.56,13,109.57,18,109.58,2,109.59,5,109.6,5,109.61,1,109.62,1,109.63,4,109.64,9
2025-04-10 09:33:31,109.51,109.5,10,109.5,7,109.52,6,109.52,109.5,109.5,7,109.49,8,109.48,10,109.47,1,109.46,3,109.45,7,109.44,14,109.42,25,109.4,13,109.39,4,109.52,6,109.53,6,109.54,22,109.55,4,109.56,16,109.57,18,109.58,2,109.59,5,109.6,5,109.61,1
2025-04-10 09:33:32,109.365,109.37,1,109.35,1,109.38,4,109.38,109.35,109.35,1,109.34,11,109.33,1,109.3,56,109.29,5,109.28,5,109.27,11,109.25,12,109.24,10,109.23,1,109.38,4,109.39,4,109.4,6,109.41,1,109.42,1,109.43,1,109.44,2,109.45,8,109.46,3,109.47,4
2025-04-10 09:33:33,109.4,109.42,1,109.39,4,109.41,5,109.41,109.39,109.39,4,109.38,2,109.37,10,109.35,2,109.34,13,109.33,1,109.3,56,109.29,5,109.28,5,109.27,11,109.41,5,109.42,6,109.43,21,109.44,8,109.45,9,109.46,3,109.47,4,109.49,4,109.5,12,109.51,2
2025-04-10 09:33:34,109.42,109.43,5,109.41,5,109.43,5,109.43,109.41,109.41,5,109.4,6,109.39,9,109.38,2,109.37,10,109.35,2,109.34,13,109.33,1,109.3,56,109.29,5,109.43,5,109.44,5,109.45,11,109.47,4,109.49,4,109.5,12,109.51,2,109.52,2,109.53,6,109.54,22
2025-04-10 09:33:35,109.42,109.42,1,109.41,2,109.43,2,109.43,109.41,109.41,2,109.4,5,109.38,1,109.37,1,109.36,4,109.34,1,109.33,16,109.3,56,109.29,5,109.28,5,109.43,2,109.44,5,109.45,11,109.47,4,109.49,4,109.5,12,109.51,2,109.52,2,109.53,6,109.54,22
2025-04-10 09:33:36,109.45,109.43,10,109.43,7,109.47,8,109.47,109.43,109.43,7,109.42,5,109.41,1,109.4,2,109.39,4,109.37,4,109.36,4,109.34,1,109.33,16,109.3,56,109.47,8,109.48,3,109.49,1,109.5,13,109.51,2,109.52,2,109.53,6,109.54,22,109.55,4,109.56,16
2025-04-10 09:33:37,109.52,109.53,1,109.5,6,109.54,31,109.54,109.5,109.5,6,109.49,2,109.48,6,109.46,5,109.44,3,109.43,6,109.42,5,109.41,1,109.4,2,109.39,4,109.54,31,109.55,4,109.56,16,109.57,18,109.58,2,109.59,5,109.6,5,109.61,1,109.62,1,109.63,4
2025-04-10 09:33:38,109.66,109.66,1,109.64,9,109.68,20,109.68,109.64,109.64,9,109.63,3,109.62,7,109.61,2,109.6,2,109.59,3,109.58,2,109.57,5,109.56,1,109.55,3,109.68,20,109.69,21,109.7,2,109.71,10,109.72,2,109.73,10,109.74,15,109.75,15,109.76,29,109.77,4
2025-04-10 09:33:39,109.68,109.7,1,109.66,9,109.7,1,109.7,109.66,109.66,9,109.65,4,109.64,10,109.63,3,109.62,7,109.61,2,109.6,2,109.59,3,109.58,2,109.57,5,109.7,1,109.71,17,109.72,1,109.73,16,109.74,1,109.75,18,109.76,29,109.77,4,109.79,56,109.8,2
2025-04-10 09:33:40,109.535,109.54,1,109.52,9,109.55,6,109.55,109.52,109.52,9,109.5,12,109.49,2,109.48,6,109.46,5,109.44,3,109.43,6,109.42,5,109.41,1,109.4,2,109.55,6,109.56,6,109.57,10,109.58,7,109.59,7,109.6,4,109.61,18,109.62,3,109.63,3,109.64,6
2025-04-10 09:33:41,109.465,109.47,1,109.45,6,109.48,5,109.48,109.45,109.45,6,109.44,3,109.43,6,109.42,5,109.41,1,109.4,2,109.39,4,109.37,4,109.36,4,109.34,1,109.48,5,109.49,7,109.5,14,109.51,2,109.52,4,109.53,4,109.54,3,109.55,6,109.56,6,109.57,10
2025-04-10 09:33:43,109.43,109.41,4,109.41,10,109.45,7,109.45,109.41,109.41,10,109.4,35,109.39,4,109.37,4,109.36,4,109.34,1,109.33,16,109.3,56,109.29,5,109.28,5,109.45,7,109.47,4,109.48,5,109.49,7,109.5,14,109.51,2,109.52,4,109.53,4,109.54,3,109.55,6
2025-04-10 09:33:43,109.485,109.48,1,109.48,1,109.49,1,109.49,109.48,109.48,1,109.46,15,109.44,1,109.43,3,109.42,1,109.41,16,109.4,35,109.39,4,109.37,4,109.36,4,109.49,1,109.5,33,109.51,2,109.52,4,109.53,4,109.54,3,109.55,6,109.56,6,109.57,10,109.58,7
2025-04-10 09:33:44,109.52,109.52,2,109.51,2,109.53,5,109.53,109.51,109.51,2,109.5,5,109.49,1,109.48,4,109.47,7,109.46,13,109.45,11,109.44,10,109.43,10,109.41,9,109.53,5,109.54,8,109.55,2,109.56,3,109.57,22,109.58,7,109.59,7,109.6,4,109.61,18,109.62,3
2025-04-10 09:33:46,109.52,109.51,1,109.51,2,109.53,3,109.53,109.51,109.51,2,109.5,1,109.49,2,109.48,8,109.47,11,109.45,18,109.44,10,109.43,10,109.41,9,109.4,34,109.53,3,109.54,2,109.55,2,109.56,3,109.57,22,109.58,7,109.59,7,109.6,4,109.61,18,109.62,3
2025-04-10 09:33:47,109.54,109.53,2,109.52,1,109.56,5,109.56,109.52,109.52,1,109.51,14,109.5,1,109.49,2,109.48,8,109.47,11,109.45,18,109.44,10,109.43,10,109.41,9,109.56,5,109.57,15,109.58,3,109.59,7,109.6,4,109.61,18,109.62,3,109.63,3,109.64,6,109.65,4
2025-04-10 09:33:47,109.615,109.62,1,109.59,5,109.64,6,109.64,109.59,109.59,5,109.58,3,109.56,1,109.54,7,109.53,6,109.51,13,109.5,2,109.49,2,109.48,1,109.47,3,109.64,6,109.65,4,109.66,11,109.67,13,109.68,2,109.69,6,109.7,3,109.71,17,109.72,1,109.73,16
2025-04-10 09:33:49,109.71,109.66,1,109.68,8,109.74,21,109.74,109.68,109.68,8,109.67,12,109.65,17,109.64,3,109.63,7,109.62,11,109.61,10,109.6,15,109.59,20,109.58,3,109.74,21,109.75,34,109.76,29,109.77,4,109.79,56,109.8,2,109.81,4,109.82,2,109.83,3,109.84,5
2025-04-10 09:33:50,109.705,109.72,5,109.67,5,109.74,19,109.74,109.67,109.67,5,109.65,14,109.64,3,109.63,7,109.62,11,109.61,10,109.6,15,109.59,20,109.58,3,109.56,1,109.74,19,109.75,34,109.76,29,109.77,4,109.79,56,109.8,2,109.81,4,109.82,2,109.83,3,109.84,5
2025-04-10 09:33:50,109.695,109.69,4,109.68,2,109.71,7,109.71,109.68,109.68,2,109.67,14,109.65,14,109.64,3,109.63,7,109.62,11,109.61,10,109.6,15,109.59,20,109.58,3,109.71,7,109.72,3,109.73,4,109.74,18,109.75,34,109.76,29,109.77,4,109.79,56,109.8,2,109.81,4
2025-04-10 09:33:51,109.765,109.77,1,109.75,7,109.78,7,109.78,109.75,109.75,7,109.74,1,109.73,7,109.72,2,109.71,2,109.69,4,109.68,1,109.67,11,109.66,13,109.65,3,109.78,7,109.79,18,109.8,14,109.81,4,109.82,2,109.83,3,109.84,5,109.85,3,109.86,5,109.87,8
2025-04-10 09:33:53,109.65,109.65,23,109.63,4,109.67,7,109.67,109.63,109.63,4,109.62,12,109.61,7,109.6,2,109.59,20,109.58,3,109.56,1,109.54,7,109.53,6,109.51,13,109.67,7,109.71,26,109.72,4,109.73,1,109.74,3,109.75,9,109.76,7,109.77,8,109.78,8,109.79,12
2025-04-10 09:33:53,109.685,109.74,47,109.66,11,109.71,3,109.71,109.66,109.66,11,109.65,16,109.63,15,109.62,21,109.61,7,109.6,2,109.59,20,109.58,3,109.56,1,109.54,7,109.71,3,109.73,1,109.74,13,109.75,2,109.76,7,109.77,8,109.78,8,109.79,12,109.8,14,109.81,4
2025-04-10 09:33:55,109.675,109.68,1,109.65,3,109.7,11,109.7,109.65,109.65,3,109.64,16,109.62,21,109.61,7,109.6,2,109.59,20,109.58,3,109.56,1,109.54,7,109.53,6,109.7,11,109.71,11,109.73,1,109.74,13,109.75,2,109.76,7,109.77,8,109.78,8,109.79,12,109.8,14
2025-04-10 09:33:56,109.645,109.67,10,109.62,15,109.67,5,109.67,109.62,109.62,15,109.61,7,109.6,2,109.59,20,109.58,3,109.56,1,109.54,7,109.53,6,109.51,13,109.5,2,109.67,5,109.68,2,109.69,1,109.7,4,109.72,4,109.73,1,109.74,13,109.75,2,109.76,7,109.77,8
2025-04-10 09:33:57,109.63,109.62,1,109.61,10,109.65,4,109.65,109.61,109.61,10,109.6,12,109.59,27,109.58,3,109.56,1,109.54,7,109.53,6,109.51,13,109.5,2,109.49,2,109.65,4,109.66,1,109.67,4,109.68,6,109.69,1,109.7,4,109.72,4,109.73,1,109.74,13,109.75,2
2025-04-10 09:33:58,109.56,109.56,2,109.54,1,109.58,3,109.58,109.54,109.54,1,109.52,1,109.51,4,109.5,9,109.49,8,109.48,11,109.47,3,109.46,6,109.45,18,109.44,10,109.58,3,109.59,5,109.6,7,109.61,6,109.62,2,109.63,5,109.64,3,109.65,4,109.66,1,109.67,4
2025-04-10 09:33:59,109.605,109.6,1,109.59,16,109.62,4,109.62,109.59,109.59,16,109.58,15,109.56,7,109.55,7,109.54,1,109.53,1,109.52,14,109.51,15,109.5,9,109.49,8,109.62,4,109.63,6,109.64,4,109.65,4,109.66,1,109.67,4,109.68,6,109.69,1,109.7,4,109.72,4
2025-04-10 09:34:00,109.64,109.64,12,109.62,5,109.66,10,109.66,109.62,109.62,5,109.61,15,109.6,1,109.59,12,109.58,15,109.56,7,109.55,7,109.54,1,109.53,1,109.52,14,109.66,10,109.67,15,109.68,5,109.7,11,109.72,4,109.73,1,109.74,13,109.75,2,109.76,7,109.77,8
2025-04-10 09:34:01,109.635,109.64,2,109.62,18,109.65,4,109.65,109.62,109.62,18,109.61,15,109.6,1,109.59,12,109.58,15,109.56,7,109.55,7,109.54,1,109.53,1,109.52,14,109.65,4,109.66,9,109.67,5,109.68,6,109.69,10,109.7,17,109.72,4,109.73,1,109.74,13,109.75,2
2025-04-10 09:34:02,109.645,109.65,1,109.63,2,109.66,7,109.66,109.63,109.63,2,109.62,19,109.61,15,109.6,1,109.59,12,109.58,15,109.56,7,109.55,7,109.54,1,109.53,1,109.66,7,109.67,5,109.68,8,109.69,13,109.7,17,109.71,13,109.72,4,109.73,11,109.74,6,109.75,9
2025-04-10 09:34:02,109.755,109.76,5,109.74,7,109.77,13,109.77,109.74,109.74,7,109.73,6,109.72,4,109.71,3,109.7,3,109.69,4,109.68,4,109.67,4,109.66,13,109.65,12,109.77,13,109.78,8,109.79,12,109.8,14,109.81,4,109.82,2,109.83,3,109.84,5,109.85,3,109.86,5
2025-04-10 09:34:04,109.72,109.72,4,109.7,16,109.74,9,109.74,109.7,109.7,16,109.68,2,109.67,6,109.66,13,109.65,12,109.64,2,109.63,1,109.62,4,109.6,5,109.59,9,109.74,9,109.75,18,109.76,1,109.77,16,109.78,13,109.79,12,109.8,14,109.81,4,109.82,2,109.83,3
2025-04-10 09:34:04,109.7,109.69,1,109.69,2,109.71,3,109.71,109.69,109.69,2,109.68,11,109.67,1,109.66,14,109.65,12,109.64,2,109.63,1,109.62,4,109.6,5,109.59,9,109.71,3,109.72,5,109.73,3,109.74,9,109.75,18,109.76,1,109.77,16,109.78,13,109.79,12,109.8,14
2025-04-10 09:34:06,109.8,109.81,1,109.77,9,109.83,13,109.83,109.77,109.77,9,109.76,4,109.74,3,109.73,5,109.72,3,109.71,3,109.7,3,109.69,2,109.68,2,109.67,1,109.83,13,109.84,31,109.85,3,109.86,5,109.87,8,109.88,2,109.89,7,,,,,,
2025-04-10 09:34:07,109.845,109.85,3,109.83,2,109.86,19,109.86,109.83,109.83,2,109.82,2,109.81,6,109.8,9,109.79,5,109.77,11,109.76,4,109.74,3,109.73,5,109.72,3,109.86,19,109.87,8,109.88,2,109.89,7,,,,,,,,,,,,
2025-04-10 09:34:08,109.82,109.81,1,109.8,9,109.84,6,109.84,109.8,109.8,9,109.79,5,109.77,11,109.76,4,109.74,3,109.73,5,109.72,3,109.71,3,109.7,3,109.69,2,109.84,6,109.85,7,109.86,19,109.87,8,109.88,2,109.89,7,,,,,,,,
2025-04-10 09:34:09,109.775,109.78,1,109.75,4,109.8,11,109.8,109.75,109.75,4,109.74,18,109.73,5,109.72,3,109.71,3,109.7,3,109.69,2,109.68,2,109.67,1,109.66,16,109.8,11,109.81,21,109.82,7,109.83,4,109.84,6,109.85,7,109.86,19,109.87,8,109.88,2,109.89,7
2025-04-10 09:34:10,109.825,109.83,1,109.81,14,109.84,30,109.84,109.81,109.81,14,109.8,1,109.79,15,109.78,1,109.77,5,109.76,8,109.75,8,109.74,16,109.73,5,109.72,3,109.84,30,109.85,14,109.86,23,109.87,8,109.88,2,109.89,7,,,,,,,,
2025-04-10 09:34:11,109.765,109.77,1,109.75,13,109.78,3,109.78,109.75,109.75,13,109.74,16,109.73,5,109.72,3,109.71,3,109.7,3,109.69,2,109.68,2,109.67,1,109.66,16,109.78,3,109.79,9,109.8,2,109.81,2,109.82,3,109.83,7,109.84,30,109.85,14,109.86,23,109.87,8
2025-04-10 09:34:12,109.735,109.75,10,109.72,12,109.75,3,109.75,109.72,109.72,12,109.71,3,109.7,3,109.69,2,109.68,2,109.67,1,109.66,16,109.65,12,109.64,2,109.63,1,109.75,3,109.76,6,109.77,3,109.78,14,109.79,9,109.8,2,109.81,2,109.82,3,109.83,7,109.84,30
2025-04-10 09:34:13,109.825,109.83,2,109.8,10,109.85,28,109.85,109.8,109.8,10,109.79,1,109.78,12,109.77,1,109.76,3,109.74,3,109.72,1,109.71,13,109.69,10,109.68,9,109.85,28,109.86,23,109.87,8,109.88,2,109.89,7,,,,,,,,,,
2025-04-10 09:34:14,109.875,109.86,4,109.85,5,109.9,27,109.9,109.85,109.85,5,109.84,4,109.83,1,109.82,10,109.81,12,109.8,12,109.79,1,109.78,12,109.77,1,109.76,3,109.9,27,,,,,,,,,,,,,,,,,,
2025-04-10 09:34:15,109.97,109.95,1,109.95,5,109.99,95,109.99,109.95,109.95,5,109.94,8,109.93,9,109.92,5,109.91,4,109.9,1,109.89,3,109.88,3,109.87,1,109.86,1,109.99,95,110.0,2044,,,,,,,,,,,,,,,,
2025-04-10 09:34:16,109.955,109.96,10,109.94,1,109.97,11,109.97,109.94,109.94,1,109.93,7,109.92,1,109.91,6,109.9,1,109.89,3,109.88,3,109.87,1,109.86,1,109.85,5,109.97,11,109.99,100,110.0,2044,,,,,,,,,,,,,,
2025-04-10 09:34:17,109.965,109.98,2,109.95,9,109.98,1,109.98,109.95,109.95,9,109.93,9,109.92,13,109.91,1,109.9,2,109.89,3,109.88,3,109.87,1,109.86,1,109.85,5,109.98,1,109.99,81,110.0,2044,,,,,,,,,,,,,,
2025-04-10 09:34:18,109.995,110.0,8,109.99,69,110.0,13,110.0,109.99,109.99,69,109.98,19,109.96,5,109.94,5,109.93,9,109.92,13,109.91,1,109.9,2,109.89,3,109.88,3,110.0,13,110.01,10,,,,,,,,,,,,,,,,
2025-04-10 09:34:19,109.96,109.96,9,109.94,5,109.98,6,109.98,109.94,109.94,5,109.92,9,109.91,1,109.9,2,109.89,3,109.88,3,109.87,1,109.86,1,109.85,5,109.84,4,109.98,6,109.99,2,110.0,8,110.02,11,,,,,,,,,,,,
2025-04-10 09:34:20,109.96,109.96,1,109.94,9,109.98,3,109.98,109.94,109.94,9,109.93,8,109.92,10,109.91,1,109.9,2,109.89,3,109.88,3,109.87,1,109.86,1,109.85,5,109.98,3,109.99,6,110.0,8,110.02,11,,,,,,,,,,,,
2025-04-10 09:34:21,109.99,110.0,1,109.98,17,110.0,3,110.0,109.98,109.98,17,109.97,9,109.96,4,109.95,15,109.94,10,109.93,8,109.92,10,109.91,1,109.9,2,109.89,3,110.0,3,110.01,3,110.02,10,,,,,,,,,,,,,,
2025-04-10 09:34:22,109.985,110.0,2,109.97,10,110.0,6,110.0,109.97,109.97,10,109.96,1,109.95,2,109.94,10,109.93,9,109.92,10,109.91,1,109.9,2,109.89,3,109.88,3,110.0,6,110.01,8,110.02,32,,,,,,,,,,,,,,
2025-04-10 09:34:23,109.875,109.9,1,109.86,9,109.89,2,109.89,109.86,109.86,9,109.85,1,109.84,13,109.83,1,109.82,10,109.81,12,109.8,12,109.79,1,109.78,12,109.77,1,109.89,2,109.9,5,109.91,2,109.92,14,109.93,3,109.94,6,109.95,3,109.96,4,109.97,9,109.98,1
2025-04-10 09:34:24,109.835,109.81,5,109.81,22,109.86,2,109.86,109.81,109.81,22,109.8,12,109.79,1,109.78,12,109.77,1,109.76,3,109.74,3,109.72,1,109.71,13,109.69,10,109.86,2,109.88,17,109.89,3,109.9,1,109.91,2,109.92,14,109.93,3,109.94,6,109.95,3,109.96,4
2025-04-10 09:34:25,109.865,109.85,2,109.85,2,109.88,5,109.88,109.85,109.85,2,109.84,15,109.83,20,109.82,15,109.81,13,109.8,18,109.79,1,109.78,12,109.77,1,109.76,3,109.88,5,109.89,6,109.9,1,109.91,2,109.92,14,109.93,3,109.94,6,109.95,3,109.96,4,109.97,9
2025-04-10 09:34:26,109.885,109.87,1,109.87,1,109.9,1,109.9,109.87,109.86,2,109.85,4,109.84,14,109.83,15,109.82,15,109.81,13,109.8,18,109.79,1,109.78,12,109.77,1,109.91,5,109.92,13,109.93,14,109.94,6,109.95,3,109.96,4,109.97,9,109.98,1,109.99,1,110.0,6
2025-04-10 09:34:27,109.87,109.88,1,109.86,18,109.88,6,109.88,109.86,109.86,18,109.85,1,109.84,9,109.83,10,109.82,15,109.81,13,109.8,18,109.79,1,109.78,12,109.77,1,109.88,6,109.89,3,109.9,1,109.92,14,109.93,14,109.94,6,109.95,3,109.96,4,109.97,9,109.98,1
2025-04-10 09:34:28,109.915,109.89,1,109.9,2,109.93,14,109.93,109.9,109.9,2,109.89,4,109.88,2,109.87,1,109.86,6,109.84,3,109.83,6,109.82,15,109.81,13,109.8,18,109.93,14,109.94,6,109.95,3,109.96,4,109.97,9,109.98,1,109.99,1,110.0,6,110.02,32,,
2025-04-10 09:34:29,109.785,109.77,1,109.77,18,109.8,2,109.8,109.77,109.77,18,109.76,3,109.74,3,109.72,1,109.71,13,109.69,10,109.68,9,109.67,1,109.66,16,109.65,12,109.8,2,109.81,4,109.82,2,109.83,6,109.84,3,109.85,2,109.86,4,109.88,1,109.89,3,109.91,2
2025-04-10 09:34:30,109.85,109.83,20,109.83,3,109.87,4,109.87,109.83,109.83,3,109.82,18,109.81,15,109.8,5,109.79,1,109.78,16,109.77,17,109.76,3,109.74,3,109.72,1,109.87,4,109.88,3,109.89,13,109.91,2,109.92,2,109.93,14,109.94,6,109.95,3,109.96,4,109.97,9
2025-04-10 09:34:31,109.82,109.79,1,109.8,18,109.84,4,109.84,109.8,109.8,18,109.78,10,109.75,17,109.74,15,109.73,13,109.72,1,109.71,13,109.69,10,109.68,9,109.67,1,109.84,4,109.86,3,109.87,2,109.88,3,109.89,13,109.91,2,109.92,2,109.93,14,109.94,6,109.95,3
2025-04-10 09:34:32,109.795,109.8,1,109.78,12,109.81,2,109.81,109.78,109.78,12,109.75,17,109.74,15,109.73,13,109.72,1,109.71,13,109.69,10,109.68,9,109.67,1,109.66,16,109.81,2,109.82,9,109.83,9,109.84,9,109.86,6,109.87,9,109.88,9,109.89,13,109.91,2,109.92,2
2025-04-10 09:34:33,109.775,109.78,1,109.75,7,109.8,16,109.8,109.75,109.75,7,109.74,13,109.73,12,109.72,4,109.71,13,109.69,10,109.68,9,109.67,1,109.66,16,109.65,12,109.8,16,109.81,10,109.83,10,109.84,9,109.86,6,109.87,9,109.88,9,109.89,13,109.91,2,109.92,2
2025-04-10 09:34:34,109.795,109.79,2,109.78,16,109.81,10,109.81,109.78,109.78,16,109.77,2,109.76,12,109.74,15,109.73,10,109.72,4,109.71,13,109.69,10,109.68,9,109.67,1,109.81,10,109.83,10,109.84,9,109.86,6,109.87,9,109.88,9,109.89,13,109.91,2,109.92,2,109.93,14
2025-04-10 09:34:35,109.74,109.74,2,109.73,10,109.75,2,109.75,109.73,109.73,10,109.72,4,109.71,13,109.69,10,109.68,9,109.67,1,109.66,16,109.65,12,109.64,2,109.63,1,109.75,2,109.76,4,109.77,1,109.78,7,109.79,1,109.8,1,109.81,10,109.83,10,109.84,9,109.86,6
2025-04-10 09:34:36,109.715,109.7,5,109.7,2,109.73,3,109.73,109.7,109.7,2,109.68,11,109.67,13,109.66,16,109.65,12,109.64,2,109.63,1,109.62,4,109.6,5,109.59,9,109.73,3,109.74,1,109.75,3,109.76,5,109.77,1,109.78,7,109.79,1,109.8,1,109.81,10,109.83,10
2025-04-10 09:34:37,109.7,109.69,2,109.69,2,109.71,1,109.71,109.69,109.69,2,109.68,4,109.67,2,109.66,14,109.65,12,109.64,2,109.63,1,109.62,4,109.6,5,109.59,9,109.71,1,109.72,5,109.73,10,109.74,4,109.75,3,109.76,5,109.77,1,109.78,7,109.79,1,109.8,1
2025-04-10 09:34:38,109.67,109.68,1,109.65,17,109.69,3,109.69,109.65,109.65,17,109.64,2,109.63,1,109.62,4,109.6,5,109.59,9,109.57,4,109.56,9,109.55,7,109.54,1,109.69,3,109.7,16,109.71,12,109.72,5,109.73,10,109.74,4,109.75,3,109.76,5,109.77,1,109.78,7
2025-04-10 09:34:39,109.665,109.67,3,109.65,1,109.68,6,109.68,109.65,109.65,1,109.64,2,109.63,1,109.62,12,109.61,19,109.6,24,109.59,9,109.57,4,109.56,9,109.55,7,109.68,6,109.69,5,109.7,16,109.71,12,109.72,5,109.73,10,109.74,4,109.75,3,109.76,5,109.77,1
2025-04-10 09:34:40,109.605,109.62,1,109.58,11,109.63,20,109.63,109.58,109.58,11,109.57,4,109.56,9,109.55,7,109.54,1,109.53,1,109.52,14,109.51,15,109.5,9,109.49,8,109.63,20,109.64,3,109.66,10,109.67,7,109.68,6,109.69,5,109.7,16,109.71,12,109.72,5,109.73,10
2025-04-10 09:34:41,109.565,109.58,1,109.55,13,109.58,1,109.58,109.55,109.55,13,109.54,13,109.53,18,109.52,14,109.51,15,109.5,9,109.49,8,109.48,11,109.47,3,109.46,6,109.58,1,109.6,3,109.61,15,109.62,8,109.63,17,109.64,3,109.66,10,109.67,7,109.68,6,109.69,5
2025-04-10 09:34:42,109.565,109.57,1,109.56,2,109.57,3,109.57,109.56,109.56,2,109.55,2,109.54,5,109.53,12,109.52,1,109.51,4,109.5,297,109.49,8,109.48,11,109.47,3,109.57,3,109.58,5,109.59,4,109.6,21,109.61,15,109.62,8,109.63,17,109.64,3,109.66,10,109.67,7
2025-04-10 09:34:43,109.57,109.58,1,109.55,2,109.59,4,109.59,109.55,109.55,2,109.54,12,109.53,15,109.52,1,109.51,4,109.5,297,109.49,8,109.48,11,109.47,3,109.46,6,109.59,4,109.6,18,109.61,6,109.62,16,109.63,23,109.64,3,109.66,10,109.67,7,109.68,6,109.69,5
2025-04-10 09:34:44,109.595,109.6,1,109.58,2,109.61,13,109.61,109.58,109.58,2,109.55,3,109.54,13,109.53,15,109.52,1,109.51,4,109.5,297,109.49,8,109.48,11,109.47,3,109.61,13,109.62,19,109.63,23,109.64,3,109.66,10,109.67,7,109.68,6,109.69,5,109.7,16,109.71,12
2025-04-10 09:34:45,109.59,109.59,2,109.57,5,109.61,13,109.61,109.57,109.57,5,109.56,3,109.55,6,109.54,16,109.53,15,109.52,1,109.51,4,109.5,297,109.49,8,109.48,11,109.61,13,109.62,19,109.63,23,109.64,3,109.66,10,109.67,7,109.68,6,109.69,5,109.7,16,109.71,12
2025-04-10 09:34:46,109.61,109.61,1,109.59,16,109.63,3,109.63,109.59,109.59,16,109.58,1,109.57,3,109.56,15,109.55,6,109.54,16,109.53,15,109.52,1,109.51,4,109.5,297,109.63,3,109.64,3,109.65,11,109.66,10,109.67,7,109.68,6,109.69,5,109.7,16,109.71,12,109.72,5
2025-04-10 09:34:47,109.655,109.67,1,109.63,7,109.68,8,109.68,109.63,109.63,7,109.62,1,109.61,2,109.6,9,109.58,9,109.56,14,109.55,6,109.54,16,109.53,15,109.52,1,109.68,8,109.69,5,109.7,16,109.71,12,109.72,5,109.73,10,109.74,4,109.75,3,109.76,5,109.77,1
2025-04-10 09:34:48,109.67,109.69,2,109.64,16,109.7,12,109.7,109.64,109.64,16,109.63,9,109.62,2,109.61,3,109.6,16,109.58,9,109.56,14,109.55,6,109.54,16,109.53,15,109.7,12,109.71,12,109.72,5,109.73,10,109.74,4,109.75,3,109.76,5,109.77,1,109.78,7,109.79,1
2025-04-10 09:34:49,109.635,109.64,1,109.61,4,109.66,4,109.66,109.61,109.61,4,109.6,16,109.58,9,109.56,14,109.55,6,109.54,16,109.53,15,109.52,1,109.51,4,109.5,297,109.66,4,109.67,6,109.7,13,109.71,12,109.72,5,109.73,10,109.74,4,109.75,3,109.76,5,109.77,1
2025-04-10 09:34:50,109.82,109.83,1,109.79,13,109.85,16,109.85,109.79,109.79,13,109.78,14,109.77,3,109.76,7,109.75,1,109.74,2,109.73,3,109.72,2,109.71,10,109.7,3,109.85,16,109.86,34,109.88,25,109.89,13,109.91,2,109.92,2,109.93,14,109.94,6,109.95,3,109.96,4
2025-04-10 09:34:51,109.725,109.71,1,109.7,3,109.75,2,109.75,109.7,109.7,3,109.69,2,109.68,3,109.66,1,109.64,2,109.63,1,109.62,1,109.61,5,109.6,16,109.58,9,109.75,2,109.77,1,109.78,12,109.79,2,109.8,17,109.81,8,109.82,6,109.83,5,109.85,17,109.86,34
2025-04-10 09:34:52,109.77,109.76,5,109.75,14,109.79,11,109.79,109.75,109.75,14,109.74,13,109.73,2,109.71,17,109.7,13,109.69,19,109.68,3,109.67,17,109.66,1,109.64,2,109.79,11,109.8,16,109.81,8,109.82,6,109.83,5,109.85,17,109.86,34,109.88,25,109.89,13,109.91,2
2025-04-10 09:34:53,109.695,109.71,1,109.68,1,109.71,1,109.71,109.68,109.68,1,109.67,16,109.66,1,109.64,2,109.63,1,109.62,1,109.61,5,109.6,16,109.58,9,109.56,14,109.71,1,109.72,3,109.74,7,109.75,2,109.77,1,109.78,1,109.79,16,109.8,16,109.81,8,109.82,6
2025-04-10 09:34:54,109.69,109.67,1,109.66,16,109.72,10,109.72,109.66,109.66,16,109.65,13,109.64,2,109.63,1,109.62,1,109.61,5,109.6,16,109.58,9,109.56,14,109.55,6,109.72,10,109.74,5,109.75,2,109.77,1,109.78,1,109.79,16,109.8,16,109.81,8,109.82,6,109.83,5
2025-04-10 09:34:55,109.74,109.7,1,109.71,6,109.77,4,109.77,109.71,109.71,6,109.7,12,109.69,8,109.68,15,109.67,10,109.66,10,109.63,1,109.62,6,109.6,8,109.58,7,109.77,4,109.78,1,109.79,16,109.8,16,109.81,8,109.82,6,109.83,5,109.85,17,109.86,34,109.88,25
2025-04-10 09:34:56,109.72,109.74,1,109.69,10,109.75,4,109.75,109.69,109.69,10,109.67,1,109.66,11,109.63,14,109.62,6,109.6,8,109.58,7,109.57,10,109.56,14,109.55,6,109.75,4,109.76,2,109.77,4,109.78,3,109.79,2,109.8,6,109.81,1,109.83,8,109.85,17,109.86,34
2025-04-10 09:34:57,109.77,109.77,1,109.75,2,109.79,5,109.79,109.75,109.75,2,109.74,2,109.73,1,109.72,6,109.71,5,109.7,2,109.69,4,109.68,3,109.67,2,109.66,11,109.79,5,109.8,6,109.81,1,109.83,8,109.85,17,109.86,34,109.88,25,109.89,13,109.91,2,109.92,2
2025-04-10 09:34:58,109.745,109.75,1,109.72,6,109.77,11,109.77,109.72,109.72,6,109.71,2,109.7,3,109.69,3,109.68,10,109.67,2,109.66,11,109.63,14,109.62,6,109.6,8,109.77,11,109.78,2,109.79,5,109.8,6,109.81,1,109.83,8,109.85,17,109.86,34,109.88,25,109.89,13
2025-04-10 09:34:59,109.715,109.7,1,109.69,1,109.74,12,109.74,109.69,109.69,1,109.67,1,109.66,9,109.65,9,109.64,4,109.63,14,109.62,6,109.6,8,109.58,7,109.57,10,109.74,12,109.75,14,109.78,2,109.79,5,109.8,6,109.81,1,109.83,8,109.85,17,109.86,34,109.88,25
2025-04-10 09:35:00,109.795,109.79,1,109.78,5,109.81,12,109.81,109.78,109.78,5,109.77,4,109.76,9,109.75,17,109.74,1,109.73,5,109.72,1,109.71,14,109.7,1,109.69,10,109.81,12,109.82,3,109.83,8,109.85,17,109.86,34,109.88,25,109.89,13,109.91,2,109.92,2,109.93,14
2025-04-10 09:35:01,109.81,109.81,1,109.79,1,109.83,11,109.83,109.79,109.79,1,109.78,8,109.77,5,109.76,3,109.75,6,109.74,10,109.73,2,109.72,2,109.71,14,109.7,1,109.83,11,109.84,9,109.85,21,109.86,34,109.88,25,109.89,13,109.91,2,109.92,2,109.93,14,109.94,6
2025-04-10 09:35:02,109.96,109.97,1,109.95,4,109.97,6,109.97,109.95,109.95,4,109.94,6,109.93,3,109.92,2,109.91,7,109.9,12,109.89,2,109.88,5,109.87,6,109.86,4,109.97,6,109.98,16,109.99,2,110.0,7,110.01,6,110.02,32,,,,,,,,
2025-04-10 09:35:03,109.775,109.77,4,109.77,6,109.78,1,109.78,109.77,109.77,6,109.76,3,109.75,6,109.74,10,109.73,2,109.72,2,109.71,14,109.7,1,109.69,10,109.66,11,109.78,1,109.79,7,109.8,1,109.81,3,109.82,2,109.83,1,109.84,10,109.85,11,109.86,2,109.87,9
2025-04-10 09:35:04,109.65,109.65,1,109.64,10,109.66,1,109.66,109.64,109.64,10,109.63,14,109.62,6,109.6,8,109.58,7,109.57,10,109.56,14,109.55,6,109.54,16,109.53,15,109.66,1,109.67,1,109.68,2,109.69,1,109.7,5,109.71,2,109.72,5,109.74,11,109.75,2,109.76,4
2025-04-10 09:35:05,109.685,109.69,1,109.67,2,109.7,2,109.7,109.67,109.67,2,109.66,4,109.65,5,109.64,8,109.63,13,109.62,2,109.61,7,109.6,6,109.59,7,109.58,7,109.7,2,109.71,4,109.72,1,109.73,13,109.74,3,109.75,10,109.76,4,109.77,4,109.78,4,109.79,9
2025-04-10 09:35:06,109.665,109.67,1,109.66,9,109.67,3,109.67,109.66,109.66,9,109.65,11,109.64,8,109.63,13,109.62,2,109.61,7,109.6,6,109.59,7,109.58,7,109.56,4,109.67,3,109.68,3,109.69,7,109.7,8,109.71,2,109.72,4,109.74,2,109.75,16,109.76,4,109.77,4
2025-04-10 09:35:07,109.805,109.8,1,109.79,1,109.82,15,109.82,109.79,109.79,1,109.78,4,109.77,8,109.76,9,109.75,3,109.74,2,109.73,2,109.71,7,109.7,3,109.69,7,109.82,15,109.83,27,109.84,24,109.85,11,109.86,2,109.87,9,109.88,1,109.89,11,109.9,4,109.91,8
2025-04-10 09:35:08,109.61,109.6,10,109.59,13,109.63,2,109.63,109.59,109.59,13,109.58,7,109.56,4,109.55,13,109.54,16,109.53,15,109.52,1,109.51,4,109.5,297,109.49,8,109.63,2,109.64,2,109.65,2,109.66,3,109.67,9,109.68,14,109.69,5,109.7,17,109.71,9,109.72,1
2025-04-10 09:35:09,109.66,109.66,1,109.64,1,109.68,1,109.67,109.64,109.64,1,109.63,1,109.62,14,109.61,2,109.6,2,109.59,16,109.58,7,109.56,4,109.55,13,109.54,16,109.68,1,109.69,18,109.7,17,109.71,9,109.72,1,109.73,7,109.74,7,109.76,9,109.77,6,109.78,19
2025-04-10 09:35:10,109.68,109.7,1,109.66,3,109.7,13,109.7,109.66,109.66,3,109.65,10,109.64,12,109.63,3,109.62,3,109.61,11,109.6,2,109.59,16,109.58,7,109.56,4,109.7,13,109.71,18,109.72,6,109.73,14,109.74,7,109.75,6,109.76,10,109.78,22,109.79,36,109.8,43
2025-04-10 09:35:11,109.62,109.62,1,109.61,1,109.63,14,109.63,109.61,109.61,1,109.6,2,109.59,13,109.58,1,109.57,1,109.55,32,109.54,16,109.53,15,109.52,1,109.51,4,109.63,14,109.64,11,109.65,17,109.66,15,109.67,5,109.68,6,109.69,8,109.7,3,109.71,7,109.72,24
2025-04-10 09:35:12,109.63,109.61,1,109.61,8,109.65,18,109.65,109.61,109.61,8,109.6,3,109.59,2,109.58,5,109.57,11,109.56,5,109.55,32,109.54,16,109.53,15,109.52,1,109.65,18,109.66,12,109.67,5,109.68,6,109.69,8,109.7,3,109.71,7,109.72,24,109.73,14,109.74,7
2025-04-10 09:35:13,109.71,109.71,3,109.7,3,109.72,1,109.72,109.7,109.7,3,109.68,11,109.67,17,109.66,15,109.65,21,109.64,14,109.63,6,109.62,1,109.61,8,109.6,3,109.72,1,109.73,81,109.74,7,109.75,6,109.76,10,109.78,22,109.79,36,109.8,43,109.81,11,109.82,17
2025-04-10 09:35:14,109.49,109.49,1,109.48,21,109.5,5,109.5,109.48,109.48,21,109.47,13,109.46,13,109.45,18,109.44,10,109.43,10,109.41,9,109.4,34,109.39,4,109.37,4,109.5,5,109.51,7,109.52,9,109.53,4,109.54,7,109.55,7,109.56,8,109.57,1,109.58,4,109.59,1
2025-04-10 09:35:15,109.53,109.52,3,109.51,13,109.55,3,109.55,109.51,109.51,13,109.49,15,109.48,13,109.47,12,109.46,8,109.45,1,109.44,11,109.43,14,109.42,9,109.41,17,109.55,3,109.56,1,109.57,7,109.58,7,109.59,1,109.61,7,109.62,13,109.63,3,109.64,11,109.65,3
2025-04-10 09:35:16,109.435,109.45,1,109.42,15,109.45,1,109.45,109.42,109.42,15,109.41,20,109.4,89,109.39,4,109.37,4,109.36,4,109.34,1,109.33,16,109.3,56,109.29,5,109.45,1,109.46,6,109.47,2,109.48,19,109.49,16,109.5,10,109.51,5,109.52,9,109.53,2,109.55,2
2025-04-10 09:35:17,109.445,109.45,1,109.44,5,109.45,1,109.45,109.44,109.44,5,109.43,6,109.42,5,109.41,6,109.4,82,109.39,4,109.37,4,109.36,4,109.34,1,109.33,16,109.45,1,109.46,8,109.47,6,109.48,10,109.49,11,109.5,10,109.51,5,109.52,9,109.53,2,109.55,2
2025-04-10 09:35:18,109.44,109.44,1,109.43,2,109.45,4,109.45,109.43,109.43,2,109.42,2,109.41,6,109.4,83,109.39,4,109.37,4,109.36,4,109.34,1,109.33,16,109.3,56,109.45,4,109.46,8,109.47,6,109.48,10,109.49,11,109.5,10,109.51,5,109.52,9,109.53,2,109.55,2
2025-04-10 09:35:19,109.485,109.48,1,109.47,7,109.5,15,109.5,109.47,109.47,7,109.46,2,109.45,6,109.44,4,109.43,3,109.42,5,109.41,4,109.4,83,109.39,4,109.37,4,109.5,15,109.51,9,109.52,16,109.53,6,109.55,2,109.56,1,109.57,7,109.58,7,109.59,1,109.61,7
2025-04-10 09:35:20,109.38,109.4,1,109.37,11,109.39,1,109.39,109.37,109.37,11,109.36,4,109.34,1,109.33,16,109.3,56,109.29,5,109.28,5,109.27,11,109.25,12,109.24,10,109.39,1,109.4,2,109.41,2,109.42,2,109.43,2,109.44,2,109.45,2,109.46,14,109.47,12,109.48,14
2025-04-10 09:35:21,109.29,109.29,15,109.28,2,109.3,5,109.3,109.28,109.28,2,109.27,3,109.26,4,109.25,18,109.24,10,109.23,1,109.22,2,109.2,9,109.19,1,109.18,4,109.3,5,109.31,14,109.32,1,109.33,9,109.34,17,109.35,9,109.36,10,109.37,14,109.38,2,109.39,3
2025-04-10 09:35:22,109.19,109.18,1,109.18,30,109.2,3,109.2,109.18,109.18,30,109.17,1,109.16,4,109.15,3,109.14,1,109.13,2,109.12,1,109.11,6,109.1,17,109.09,10,109.2,3,109.21,4,109.22,4,109.23,9,109.24,16,109.25,18,109.26,5,109.27,15,109.28,7,109.29,20
2025-04-10 09:35:23,109.175,109.17,4,109.16,12,109.19,3,109.19,109.16,109.16,12,109.15,61,109.14,1,109.13,2,109.12,1,109.11,6,109.1,17,109.09,10,109.08,14,109.07,3,109.19,3,109.2,2,109.21,10,109.22,3,109.23,5,109.24,3,109.25,15,109.27,22,109.28,28,109.29,20
2025-04-10 09:35:24,109.185,109.19,1,109.17,3,109.2,12,109.2,109.17,109.17,3,109.16,1,109.15,1,109.14,5,109.13,4,109.12,1,109.11,6,109.1,17,109.09,10,109.08,14,109.2,12,109.21,17,109.22,3,109.23,5,109.24,3,109.25,15,109.27,22,109.28,28,109.29,20,109.3,12
2025-04-10 09:35:25,109.345,109.34,1,109.33,4,109.36,3,109.36,109.33,109.33,4,109.32,7,109.31,5,109.3,5,109.29,2,109.28,5,109.27,2,109.26,3,109.25,4,109.24,5,109.36,3,109.37,27,109.38,2,109.39,3,109.4,7,109.41,7,109.42,7,109.43,2,109.44,2,109.45,2
2025-04-10 09:35:26,109.365,109.37,1,109.35,8,109.38,17,109.38,109.35,109.35,8,109.34,7,109.33,1,109.32,8,109.31,2,109.3,3,109.29,7,109.28,5,109.27,3,109.26,3,109.38,17,109.39,18,109.4,13,109.41,7,109.42,7,109.43,2,109.44,2,109.45,2,109.46,14,109.47,12
2025-04-10 09:35:27,109.34,109.34,2,109.33,1,109.35,17,109.35,109.33,109.33,1,109.32,1,109.31,3,109.3,2,109.29,3,109.28,4,109.27,1,109.26,5,109.25,10,109.24,5,109.35,17,109.36,10,109.37,2,109.38,19,109.39,18,109.4,13,109.41,7,109.42,7,109.43,2,109.44,2
2025-04-10 09:35:28,109.3,109.3,1,109.29,3,109.31,3,109.31,109.29,109.29,3,109.28,2,109.27,7,109.26,6,109.25,3,109.24,4,109.23,3,109.22,12,109.21,2,109.2,8,109.31,3,109.32,17,109.33,5,109.34,6,109.35,12,109.36,1,109.37,1,109.38,14,109.39,4,109.4,15
2025-04-10 09:35:29,109.22,109.22,1,109.21,4,109.23,5,109.23,109.21,109.21,4,109.2,6,109.18,2,109.17,7,109.16,1,109.15,1,109.14,5,109.13,4,109.12,1,109.11,6,109.23,5,109.24,6,109.25,11,109.26,2,109.27,7,109.28,10,109.29,9,109.3,9,109.31,2,109.32,19
2025-04-10 09:35:30,109.34,109.34,20,109.33,3,109.35,13,109.35,109.33,109.33,3,109.32,5,109.31,4,109.3,5,109.29,1,109.28,5,109.27,2,109.26,2,109.25,5,109.24,5,109.35,13,109.36,1,109.37,1,109.38,14,109.39,4,109.4,15,109.41,7,109.42,7,109.43,2,109.44,2
2025-04-10 09:35:31,109.3,109.29,1,109.29,2,109.31,4,109.31,109.29,109.29,2,109.28,1,109.27,5,109.26,13,109.25,5,109.24,5,109.23,10,109.22,1,109.21,3,109.2,7,109.31,4,109.32,12,109.33,5,109.34,18,109.35,23,109.36,1,109.37,1,109.38,14,109.39,4,109.4,15
2025-04-10 09:35:32,109.34,109.34,1,109.33,6,109.35,6,109.35,109.33,109.33,6,109.32,10,109.31,4,109.3,6,109.29,2,109.28,1,109.27,5,109.26,13,109.25,5,109.24,5,109.35,6,109.36,15,109.37,1,109.38,17,109.39,18,109.4,7,109.41,1,109.42,16,109.43,2,109.44,2
2025-04-10 09:35:33,109.32,109.32,10,109.31,5,109.33,5,109.33,109.31,109.31,5,109.3,6,109.29,2,109.28,3,109.27,4,109.26,2,109.25,4,109.24,6,109.22,3,109.21,3,109.33,5,109.34,10,109.35,19,109.36,14,109.37,1,109.38,17,109.39,18,109.4,7,109.41,1,109.42,16
2025-04-10 09:35:34,109.39,109.39,3,109.38,4,109.4,6,109.4,109.38,109.38,4,109.36,2,109.35,6,109.34,13,109.33,3,109.32,6,109.31,4,109.3,4,109.29,4,109.28,6,109.4,6,109.41,4,109.42,16,109.43,2,109.44,2,109.45,2,109.46,14,109.47,12,109.48,14,109.49,19
2025-04-10 09:35:35,109.36,109.37,1,109.35,5,109.37,2,109.37,109.35,109.35,5,109.34,8,109.33,3,109.32,6,109.31,8,109.3,16,109.29,4,109.28,6,109.27,4,109.26,2,109.37,2,109.38,5,109.39,17,109.4,14,109.41,4,109.42,16,109.43,2,109.44,2,109.45,2,109.46,14
2025-04-10 09:35:36,109.385,109.37,1,109.37,2,109.4,14,109.4,109.37,109.37,2,109.36,7,109.35,7,109.34,1,109.33,13,109.32,3,109.31,13,109.3,1,109.29,13,109.28,6,109.4,14,109.41,4,109.42,16,109.43,2,109.44,2,109.45,2,109.46,14,109.47,12,109.48,14,109.49,19
2025-04-10 09:35:37,109.375,109.37,1,109.37,2,109.38,8,109.38,109.37,109.37,2,109.36,5,109.35,2,109.34,4,109.33,5,109.32,1,109.31,3,109.3,4,109.29,7,109.28,8,109.38,8,109.39,7,109.4,14,109.41,4,109.42,16,109.43,2,109.44,2,109.45,2,109.46,14,109.47,12
2025-04-10 09:35:38,109.275,109.28,1,109.26,3,109.29,10,109.29,109.26,109.26,3,109.25,6,109.24,3,109.23,1,109.22,3,109.21,3,109.2,7,109.18,2,109.17,7,109.16,1,109.29,10,109.3,20,109.31,6,109.32,14,109.33,19,109.34,13,109.35,14,109.36,17,109.37,19,109.38,17
2025-04-10 09:35:39,109.235,109.25,2,109.22,7,109.25,5,109.25,109.22,109.22,7,109.21,4,109.2,7,109.18,2,109.17,7,109.16,1,109.15,1,109.14,5,109.13,4,109.12,1,109.25,5,109.26,3,109.27,12,109.28,8,109.29,9,109.3,19,109.32,5,109.33,14,109.34,13,109.35,14
2025-04-10 09:35:40,109.27,109.25,6,109.26,1,109.28,8,109.28,109.26,109.26,1,109.25,6,109.24,7,109.23,3,109.22,7,109.21,4,109.2,7,109.18,2,109.17,7,109.16,1,109.28,8,109.29,6,109.3,19,109.32,5,109.33,14,109.34,13,109.35,14,109.36,17,109.37,19,109.38,17
2025-04-10 09:35:41,109.175,109.17,1,109.17,15,109.18,5,109.18,109.17,109.17,15,109.16,8,109.15,11,109.14,5,109.13,4,109.12,1,109.11,6,109.1,17,109.09,10,109.08,14,109.18,5,109.19,6,109.2,8,109.21,4,109.22,4,109.23,17,109.24,3,109.25,10,109.26,11,109.27,5
2025-04-10 09:35:42,109.235,109.24,1,109.23,1,109.24,2,109.24,109.23,109.23,1,109.22,1,109.21,2,109.19,8,109.18,3,109.17,11,109.16,8,109.15,11,109.14,5,109.13,4,109.24,2,109.25,8,109.26,9,109.27,10,109.28,15,109.29,8,109.31,20,109.32,5,109.33,14,109.34,13
2025-04-10 09:35:43,109.28,109.28,1,109.27,4,109.29,1,109.29,109.27,109.27,4,109.26,1,109.25,12,109.24,2,109.23,6,109.22,9,109.21,14,109.19,8,109.18,3,109.17,11,109.29,1,109.3,11,109.31,4,109.33,14,109.34,13,109.35,14,109.36,17,109.37,19,109.38,17,109.39,15
2025-04-10 09:35:44,109.23,109.23,1,109.22,10,109.24,6,109.24,109.22,109.22,10,109.21,14,109.19,8,109.18,3,109.17,11,109.16,8,109.15,11,109.14,5,109.13,4,109.12,1,109.24,6,109.25,11,109.26,11,109.27,3,109.28,8,109.29,23,109.3,2,109.31,8,109.33,14,109.34,13
2025-04-10 09:35:45,109.29,109.28,2,109.28,4,109.3,4,109.3,109.28,109.28,4,109.27,3,109.26,5,109.25,9,109.24,7,109.23,2,109.22,7,109.21,16,109.19,8,109.18,3,109.3,4,109.31,8,109.33,14,109.34,13,109.35,14,109.36,17,109.37,19,109.38,17,109.39,15,109.4,14
2025-04-10 09:35:46,109.29,109.29,1,109.28,6,109.3,18,109.3,109.28,109.28,6,109.27,12,109.26,2,109.25,9,109.24,7,109.23,2,109.22,7,109.21,16,109.19,8,109.18,3,109.3,18,109.31,21,109.32,4,109.33,12,109.34,13,109.35,14,109.36,17,109.37,19,109.38,17,109.39,15
2025-04-10 09:35:47,109.26,109.2,1,109.25,1,109.27,18,109.27,109.25,109.25,1,109.24,8,109.23,4,109.22,10,109.21,1,109.2,1,109.19,5,109.18,5,109.17,6,109.16,14,109.27,18,109.28,16,109.29,1,109.3,16,109.31,21,109.32,4,109.33,12,109.34,13,109.35,14,109.36,17
2025-04-10 09:35:48,109.275,109.28,1,109.26,4,109.29,6,109.29,109.26,109.26,4,109.25,3,109.24,10,109.23,4,109.22,10,109.21,1,109.2,1,109.19,5,109.18,5,109.17,6,109.29,6,109.3,8,109.31,19,109.32,4,109.33,12,109.34,13,109.35,14,109.36,17,109.37,19,109.38,17
2025-04-10 09:35:49,109.27,109.28,1,109.26,5,109.28,5,109.28,109.26,109.26,5,109.25,1,109.24,9,109.23,4,109.22,10,109.21,1,109.2,1,109.19,5,109.18,5,109.17,6,109.28,5,109.29,5,109.3,3,109.31,3,109.33,9,109.34,4,109.35,35,109.36,17,109.37,19,109.38,17
2025-04-10 09:35:50,109.225,109.22,2,109.21,6,109.24,13,109.24,109.21,109.21,6,109.2,2,109.19,4,109.18,19,109.17,6,109.16,14,109.15,11,109.14,5,109.13,4,109.12,1,109.24,13,109.25,17,109.26,2,109.27,13,109.28,14,109.29,15,109.3,10,109.31,3,109.33,9,109.34,4
2025-04-10 09:35:51,109.225,109.2,1,109.21,2,109.24,1,109.25,109.22,109.21,2,109.2,4,109.19,4,109.18,3,109.17,2,109.16,1,109.15,7,109.14,31,109.13,4,109.12,1,109.24,1,109.25,18,109.26,2,109.27,13,109.28,14,109.29,15,109.3,10,109.31,3,109.33,9,109.34,4
2025-04-10 09:35:52,109.245,109.24,1,109.23,5,109.26,2,109.26,109.23,109.23,5,109.22,2,109.21,7,109.2,12,109.19,4,109.18,3,109.17,2,109.16,1,109.15,7,109.14,31,109.26,2,109.28,10,109.29,10,109.3,20,109.31,3,109.33,9,109.34,4,109.35,35,109.36,17,109.37,19
2025-04-10 09:35:53,109.105,109.11,2,109.1,29,109.11,5,109.11,109.1,109.1,29,109.09,10,109.08,14,109.07,3,109.06,3,109.05,4,109.04,7,109.03,2,109.02,3,109.0,4,109.11,5,109.12,6,109.13,12,109.14,6,109.15,14,109.16,7,109.17,10,109.18,5,109.19,11,109.2,4
2025-04-10 09:35:54,109.135,109.14,2,109.13,7,109.14,4,109.14,109.13,109.13,7,109.12,13,109.11,6,109.1,30,109.09,10,109.08,14,109.07,3,109.06,3,109.05,4,109.04,7,109.14,4,109.15,6,109.16,1,109.17,8,109.18,11,109.19,11,109.2,4,109.21,7,109.22,2,109.23,5
2025-04-10 09:35:55,109.025,109.02,1,109.01,2,109.03,11,109.03,109.01,109.02,14,109.0,4,108.99,2,108.98,2,108.97,4,108.96,13,108.95,4,108.94,3,108.92,4,108.91,8,109.03,9,109.04,10,109.05,12,109.06,15,109.07,15,109.08,7,109.09,13,109.1,7,109.11,9,109.12,13
2025-04-10 09:35:56,109.19,109.19,1,109.18,4,109.2,15,109.2,109.18,109.18,4,109.17,3,109.16,4,109.15,2,109.14,2,109.13,2,109.12,11,109.11,9,109.1,3,109.09,6,109.2,15,109.21,2,109.22,10,109.23,5,109.24,1,109.25,1,109.26,13,109.27,3,109.28,2,109.29,1
2025-04-10 09:35:57,109.26,109.25,1,109.25,3,109.27,13,109.27,109.25,109.25,3,109.23,4,109.22,3,109.21,9,109.2,8,109.19,4,109.18,2,109.17,3,109.16,4,109.15,1,109.27,13,109.28,2,109.29,1,109.3,20,109.31,3,109.33,9,109.34,4,109.35,35,109.36,17,109.37,19
2025-04-10 09:35:58,109.175,109.17,1,109.16,7,109.19,3,109.19,109.16,109.16,7,109.15,2,109.14,1,109.13,29,109.12,11,109.11,9,109.1,3,109.09,6,109.08,13,109.07,11,109.19,3,109.2,4,109.21,13,109.22,8,109.23,11,109.24,17,109.25,2,109.27,10,109.28,6,109.29,7
2025-04-10 09:35:59,109.27,109.28,1,109.26,7,109.28,2,109.28,109.26,109.26,7,109.25,1,109.24,4,109.23,2,109.22,4,109.21,5,109.2,10,109.19,3,109.18,2,109.17,3,109.28,2,109.29,5,109.3,37,109.31,3,109.33,9,109.34,4,109.35,35,109.36,17,109.37,19,109.38,17
2025-04-10 09:36:00,109.24,109.25,1,109.23,2,109.25,18,109.25,109.23,109.23,2,109.22,2,109.21,18,109.2,10,109.19,3,109.18,2,109.17,3,109.16,7,109.15,2,109.14,1,109.25,18,109.26,11,109.27,7,109.28,19,109.29,1,109.3,2,109.31,17,109.32,4,109.33,1,109.34,11
2025-04-10 09:36:01,109.195,109.2,2,109.18,12,109.21,5,109.21,109.18,109.18,12,109.17,19,109.16,7,109.15,2,109.14,1,109.13,29,109.12,11,109.11,9,109.1,3,109.09,6,109.21,5,109.22,8,109.23,2,109.24,6,109.25,12,109.26,16,109.27,11,109.28,18,109.29,1,109.3,2
2025-04-10 09:36:02,109.315,109.32,6,109.3,4,109.33,16,109.33,109.3,109.3,4,109.29,5,109.28,4,109.27,9,109.26,4,109.25,4,109.24,6,109.23,9,109.22,22,109.21,8,109.33,16,109.34,12,109.35,2,109.36,2,109.37,23,109.38,17,109.39,15,109.4,14,109.41,4,109.42,16
2025-04-10 09:36:03,109.15,109.14,1,109.13,8,109.17,19,109.17,109.13,109.13,8,109.12,15,109.11,14,109.1,7,109.09,6,109.08,13,109.07,11,109.06,9,109.05,12,109.04,9,109.17,19,109.18,4,109.19,2,109.2,3,109.21,2,109.23,2,109.25,2,109.26,18,109.27,2,109.29,14
2025-04-10 09:36:04,109.21,109.2,1,109.19,13,109.23,21,109.23,109.19,109.19,13,109.18,3,109.17,2,109.16,3,109.15,12,109.14,18,109.13,7,109.12,15,109.11,14,109.1,7,109.23,21,109.24,3,109.25,1,109.26,15,109.27,18,109.29,14,109.3,6,109.31,9,109.32,10,109.33,12
2025-04-10 09:36:05,109.32,109.31,1,109.31,7,109.33,11,109.33,109.31,109.31,7,109.3,4,109.29,5,109.26,16,109.24,8,109.23,8,109.22,5,109.21,7,109.2,11,109.19,9,109.33,11,109.34,13,109.35,8,109.36,2,109.37,22,109.38,17,109.39,15,109.4,14,109.41,4,109.42,16
2025-04-10 09:36:06,109.38,109.38,1,109.37,7,109.39,2,109.39,109.37,109.37,7,109.36,4,109.35,4,109.34,6,109.33,4,109.32,7,109.31,8,109.3,4,109.29,5,109.26,16,109.39,2,109.4,8,109.41,2,109.42,1,109.43,20,109.44,2,109.45,2,109.46,14,109.47,12,109.48,14
2025-04-10 09:36:07,109.445,109.45,4,109.43,13,109.46,12,109.46,109.44,109.43,13,109.42,4,109.41,2,109.4,3,109.39,3,109.38,2,109.37,2,109.36,1,109.35,5,109.34,6,109.46,12,109.47,21,109.48,14,109.49,19,109.5,15,109.51,9,109.52,16,109.53,6,109.55,2,109.56,1
2025-04-10 09:36:08,109.47,109.47,1,109.46,6,109.48,5,109.48,109.46,109.46,6,109.45,6,109.44,5,109.43,12,109.42,6,109.41,2,109.4,3,109.39,3,109.38,2,109.37,2,109.48,5,109.49,32,109.5,15,109.51,9,109.52,16,109.53,6,109.55,2,109.56,1,109.57,7,109.58,7
2025-04-10 09:36:09,109.495,109.48,1,109.49,2,109.5,46,109.5,109.49,109.49,2,109.48,5,109.47,8,109.46,3,109.45,5,109.44,3,109.43,3,109.42,10,109.41,9,109.4,6,109.5,46,109.51,9,109.52,16,109.53,6,109.55,2,109.56,1,109.57,7,109.58,7,109.59,1,109.61,7
2025-04-10 09:36:10,109.505,109.49,1,109.49,13,109.52,9,109.52,109.49,109.49,13,109.48,2,109.47,2,109.46,5,109.45,8,109.44,3,109.43,3,109.42,10,109.41,9,109.4,6,109.52,9,109.53,7,109.54,4,109.55,1,109.56,1,109.57,2,109.58,16,109.59,1,109.61,7,109.62,13
2025-04-10 09:36:11,109.265,109.28,1,109.26,24,109.27,1,109.27,109.26,109.26,24,109.24,8,109.23,8,109.22,5,109.21,7,109.2,11,109.19,9,109.18,4,109.17,17,109.16,16,109.27,1,109.28,7,109.29,4,109.3,2,109.31,3,109.32,4,109.33,5,109.34,6,109.35,5,109.36,7
2025-04-10 09:36:12,109.375,109.36,1,109.36,7,109.39,7,109.39,109.36,109.36,7,109.35,12,109.34,10,109.33,7,109.32,17,109.31,10,109.3,5,109.29,8,109.28,15,109.27,9,109.39,7,109.41,9,109.42,10,109.43,8,109.44,4,109.45,5,109.46,7,109.47,4,109.48,7,109.49,5
2025-04-10 09:36:13,109.33,109.32,1,109.32,19,109.34,6,109.34,109.32,109.32,19,109.31,2,109.3,5,109.29,8,109.28,15,109.27,9,109.26,9,109.25,14,109.24,8,109.23,8,109.34,6,109.35,11,109.36,14,109.37,6,109.38,9,109.39,4,109.4,6,109.41,3,109.42,1,109.44,9
2025-04-10 09:36:14,109.315,109.32,1,109.31,5,109.32,1,109.32,109.31,109.31,5,109.3,4,109.29,15,109.28,15,109.27,9,109.26,9,109.25,14,109.24,8,109.23,8,109.22,5,109.32,1,109.33,4,109.34,2,109.35,13,109.36,12,109.37,6,109.38,9,109.39,4,109.4,6,109.41,3
2025-04-10 09:36:15,109.405,109.41,1,109.39,2,109.42,12,109.42,109.39,109.39,2,109.38,3,109.37,3,109.36,5,109.35,20,109.34,2,109.33,5,109.32,7,109.31,6,109.3,4,109.42,12,109.43,8,109.44,6,109.45,8,109.46,4,109.47,1,109.48,6,109.49,5,109.5,4,109.51,7
2025-04-10 09:36:16,109.525,109.52,1,109.51,4,109.54,9,109.54,109.51,109.51,4,109.5,4,109.49,7,109.48,1,109.46,3,109.45,6,109.44,3,109.43,2,109.42,3,109.41,6,109.54,9,109.55,1,109.56,1,109.57,2,109.58,16,109.59,1,109.61,7,109.62,13,109.63,3,109.64,11
2025-04-10 09:36:17,109.435,109.44,1,109.42,9,109.45,3,109.45,109.42,109.42,9,109.41,5,109.4,31,109.39,2,109.38,3,109.37,6,109.36,2,109.35,20,109.34,2,109.33,5,109.45,3,109.46,6,109.47,7,109.48,12,109.49,2,109.5,7,109.51,17,109.52,4,109.53,1,109.54,16
2025-04-10 09:36:18,109.465,109.45,1,109.45,1,109.48,2,109.48,109.45,109.45,1,109.44,3,109.43,1,109.42,8,109.41,5,109.4,31,109.39,2,109.38,3,109.37,6,109.36,2,109.48,2,109.49,1,109.5,7,109.51,1,109.52,2,109.53,11,109.54,17,109.55,1,109.56,1,109.57,2
2025-04-10 09:36:19,109.39,109.4,1,109.37,10,109.41,10,109.41,109.37,109.37,10,109.36,2,109.35,20,109.34,2,109.33,5,109.32,7,109.31,6,109.3,4,109.29,15,109.28,15,109.41,10,109.42,1,109.43,9,109.44,10,109.45,5,109.46,5,109.47,6,109.48,1,109.49,6,109.5,7
2025-04-10 09:36:20,109.455,109.46,1,109.45,2,109.46,1,109.46,109.45,109.45,2,109.44,5,109.43,10,109.42,8,109.41,1,109.4,3,109.39,1,109.38,12,109.37,1,109.36,2,109.46,1,109.47,1,109.49,11,109.5,8,109.51,1,109.52,2,109.53,11,109.54,17,109.55,1,109.56,1
2025-04-10 09:36:21,109.51,109.5,1,109.5,6,109.52,1,109.52,109.5,109.5,6,109.49,4,109.48,2,109.47,10,109.46,4,109.45,2,109.44,2,109.43,5,109.42,8,109.41,1,109.52,1,109.53,2,109.54,5,109.55,1,109.56,1,109.57,2,109.58,16,109.59,1,109.61,7,109.62,13
2025-04-10 09:36:22,109.505,109.5,20,109.5,1,109.51,9,109.51,109.5,109.5,1,109.49,3,109.48,16,109.47,7,109.46,7,109.45,21,109.44,2,109.43,5,109.42,8,109.41,1,109.51,9,109.52,1,109.53,11,109.54,15,109.55,1,109.56,1,109.57,2,109.58,16,109.59,1,109.61,7
2025-04-10 09:36:23,109.565,109.57,1,109.55,6,109.58,2,109.58,109.55,109.55,6,109.54,4,109.53,2,109.52,4,109.51,15,109.5,20,109.49,1,109.48,1,109.47,2,109.46,1,109.58,2,109.59,16,109.6,9,109.61,7,109.62,13,109.63,3,109.64,11,109.65,3,109.66,2,109.67,2
2025-04-10 09:36:24,109.49,109.49,1,109.48,15,109.5,3,109.5,109.48,109.48,15,109.47,5,109.46,1,109.45,17,109.44,2,109.43,5,109.42,8,109.41,1,109.4,3,109.39,1,109.5,3,109.51,1,109.52,3,109.53,14,109.54,16,109.55,3,109.56,6,109.57,2,109.58,1,109.59,16
2025-04-10 09:36:25,109.43,109.42,4,109.42,1,109.44,11,109.44,109.42,109.42,1,109.41,5,109.4,8,109.39,8,109.38,12,109.37,1,109.36,2,109.35,10,109.34,3,109.33,5,109.44,11,109.45,4,109.46,3,109.47,14,109.48,2,109.49,11,109.5,4,109.51,1,109.52,3,109.53,14
2025-04-10 09:36:26,109.385,109.38,1,109.37,11,109.4,1,109.4,109.37,109.37,11,109.36,2,109.35,11,109.34,3,109.33,5,109.32,7,109.31,6,109.3,4,109.29,15,109.28,15,109.4,1,109.41,6,109.42,3,109.43,12,109.44,2,109.45,5,109.46,8,109.47,14,109.48,2,109.49,11
2025-04-10 09:36:27,109.375,109.36,3,109.36,15,109.39,5,109.39,109.36,109.36,15,109.35,5,109.34,5,109.33,5,109.32,7,109.31,6,109.3,4,109.29,15,109.28,15,109.27,9,109.39,5,109.4,9,109.41,1,109.42,10,109.43,4,109.44,3,109.45,5,109.46,8,109.47,14,109.48,2
2025-04-10 09:36:28,109.3,109.3,1,109.29,9,109.31,6,109.31,109.29,109.29,9,109.28,8,109.27,9,109.26,9,109.25,14,109.24,8,109.23,8,109.22,5,109.21,7,109.2,11,109.31,6,109.32,12,109.33,7,109.34,6,109.35,4,109.36,7,109.37,6,109.38,5,109.39,4,109.4,2
2025-04-10 09:36:29,109.27,109.28,4,109.26,15,109.28,1,109.28,109.26,109.26,15,109.25,14,109.24,8,109.23,8,109.22,5,109.21,7,109.2,11,109.19,9,109.18,4,109.17,17,109.28,1,109.29,9,109.31,4,109.32,20,109.33,8,109.34,6,109.35,4,109.36,7,109.37,6,109.38,5
2025-04-10 09:36:30,109.3,109.3,10,109.29,4,109.31,5,109.31,109.29,109.29,4,109.28,2,109.27,7,109.26,8,109.25,2,109.24,20,109.23,8,109.22,5,109.21,7,109.2,11,109.31,5,109.32,20,109.33,8,109.34,6,109.35,4,109.36,7,109.37,6,109.38,5,109.39,4,109.4,2
2025-04-10 09:36:31,109.255,109.26,1,109.25,3,109.26,1,109.26,109.25,109.25,3,109.24,15,109.23,8,109.22,5,109.21,7,109.2,11,109.19,9,109.18,4,109.17,17,109.16,16,109.26,1,109.27,3,109.28,5,109.29,5,109.3,5,109.31,5,109.32,1,109.33,1,109.34,9,109.35,4
2025-04-10 09:36:32,109.315,109.32,1,109.3,5,109.33,1,109.33,109.3,109.3,5,109.29,8,109.28,5,109.27,2,109.26,4,109.25,4,109.24,3,109.23,19,109.22,5,109.21,7,109.33,1,109.34,9,109.35,4,109.36,7,109.37,6,109.38,5,109.39,4,109.4,2,109.41,1,109.42,12
2025-04-10 09:36:33,109.43,109.44,1,109.42,1,109.44,2,109.44,109.42,109.42,1,109.41,5,109.4,5,109.39,3,109.38,19,109.37,2,109.36,8,109.35,17,109.34,1,109.33,12,109.44,2,109.45,2,109.46,6,109.47,14,109.48,2,109.49,11,109.5,4,109.51,1,109.52,3,109.53,14
2025-04-10 09:36:34,109.32,109.31,1,109.31,6,109.33,5,109.33,109.31,109.31,6,109.3,14,109.29,8,109.28,5,109.27,2,109.26,4,109.25,4,109.24,3,109.23,19,109.22,5,109.33,5,109.34,14,109.35,14,109.36,3,109.37,7,109.38,6,109.39,1,109.4,5,109.41,8,109.42,5
2025-04-10 09:36:35,109.375,109.38,1,109.36,1,109.39,23,109.39,109.36,109.36,1,109.35,15,109.34,5,109.33,2,109.32,14,109.31,2,109.3,17,109.29,8,109.28,5,109.27,2,109.39,23,109.4,5,109.41,8,109.42,5,109.43,2,109.44,2,109.45,2,109.46,6,109.47,14,109.48,2
2025-04-10 09:36:36,109.33,109.33,1,109.32,14,109.34,5,109.34,109.32,109.32,14,109.31,2,109.3,17,109.29,8,109.28,5,109.27,2,109.26,4,109.25,4,109.24,3,109.23,19,109.34,5,109.35,2,109.36,2,109.37,4,109.38,3,109.39,24,109.4,5,109.41,8,109.42,5,109.43,2
2025-04-10 09:36:37,109.35,109.36,1,109.34,12,109.36,4,109.36,109.34,109.34,12,109.33,2,109.32,14,109.31,2,109.3,17,109.29,8,109.28,5,109.27,2,109.26,4,109.25,4,109.36,4,109.37,4,109.38,4,109.39,4,109.4,35,109.41,2,109.42,3,109.43,2,109.44,2,109.45,2
2025-04-10 09:36:38,109.365,109.35,4,109.35,6,109.38,4,109.38,109.35,109.35,6,109.33,19,109.32,22,109.31,2,109.3,17,109.29,8,109.28,5,109.27,2,109.26,4,109.25,4,109.38,4,109.39,1,109.4,3,109.41,4,109.42,2,109.43,13,109.44,8,109.45,2,109.46,6,109.47,14
2025-04-10 09:36:39,109.425,109.42,1,109.41,8,109.44,15,109.44,109.41,109.41,8,109.4,11,109.39,2,109.37,9,109.36,11,109.35,6,109.34,20,109.33,20,109.32,22,109.31,2,109.44,15,109.45,2,109.46,6,109.47,14,109.48,2,109.49,11,109.5,4,109.51,1,109.52,3,109.53,14
2025-04-10 09:36:40,109.445,109.44,1,109.44,3,109.45,1,109.45,109.44,109.44,3,109.43,4,109.42,2,109.41,13,109.4,7,109.39,15,109.37,6,109.36,12,109.35,8,109.34,1,109.45,1,109.46,10,109.47,14,109.48,2,109.49,11,109.5,4,109.51,1,109.52,3,109.53,14,109.54,16
2025-04-10 09:36:41,109.51,109.51,1,109.5,11,109.52,8,109.52,109.5,109.5,11,109.49,9,109.47,21,109.46,6,109.45,5,109.44,1,109.43,8,109.42,2,109.41,13,109.4,7,109.52,8,109.53,20,109.54,16,109.55,3,109.56,6,109.57,2,109.58,1,109.59,16,109.6,9,109.61,7
2025-04-10 09:36:42,109.5,109.51,1,109.49,14,109.51,5,109.51,109.49,109.49,14,109.48,12,109.47,28,109.46,6,109.45,5,109.44,1,109.43,8,109.42,2,109.41,13,109.4,7,109.51,5,109.52,3,109.53,3,109.54,7,109.55,13,109.56,6,109.57,2,109.58,1,109.59,16,109.6,9
2025-04-10 09:36:43,109.49,109.49,1,109.48,13,109.5,2,109.5,109.48,109.48,13,109.47,1,109.46,21,109.45,5,109.44,1,109.43,8,109.42,2,109.41,13,109.4,7,109.39,15,109.5,2,109.51,8,109.52,9,109.53,12,109.54,18,109.55,13,109.56,6,109.57,2,109.58,1,109.59,16
2025-04-10 09:36:44,109.52,109.52,2,109.51,8,109.53,12,109.53,109.51,109.51,8,109.5,1,109.49,7,109.48,5,109.47,2,109.46,2,109.45,9,109.44,14,109.43,8,109.42,2,109.53,12,109.54,18,109.55,13,109.56,6,109.57,2,109.58,1,109.59,16,109.6,9,109.61,7,109.62,13
2025-04-10 09:36:45,109.445,109.46,6,109.43,15,109.46,3,109.46,109.43,109.43,15,109.42,8,109.41,13,109.4,7,109.39,15,109.37,6,109.36,12,109.35,8,109.34,1,109.33,18,109.46,3,109.47,6,109.48,3,109.49,2,109.5,6,109.51,2,109.52,1,109.53,12,109.54,18,109.55,13
2025-04-10 09:36:46,109.47,109.47,2,109.46,2,109.48,1,109.48,109.46,109.46,2,109.45,19,109.44,11,109.43,1,109.42,15,109.41,6,109.4,24,109.39,15,109.37,6,109.36,12,109.48,1,109.49,6,109.5,6,109.51,2,109.52,1,109.53,12,109.54,18,109.55,13,109.56,6,109.57,2
2025-04-10 09:36:47,109.515,109.52,1,109.51,4,109.52,4,109.52,109.51,109.51,4,109.5,7,109.49,11,109.48,4,109.47,3,109.46,5,109.45,1,109.44,17,109.43,1,109.42,15,109.52,4,109.53,14,109.54,18,109.55,13,109.56,6,109.57,2,109.58,1,109.59,16,109.6,9,109.61,7
2025-04-10 09:36:48,109.505,109.52,1,109.5,15,109.51,1,109.51,109.5,109.5,15,109.49,1,109.48,11,109.47,6,109.46,5,109.45,1,109.44,17,109.43,1,109.42,15,109.41,6,109.51,1,109.52,5,109.53,17,109.54,18,109.55,13,109.56,6,109.57,2,109.58,1,109.59,16,109.6,9
2025-04-10 09:36:49,109.575,109.55,1,109.57,4,109.58,5,109.58,109.57,109.57,4,109.56,8,109.55,7,109.54,9,109.53,9,109.52,8,109.51,16,109.5,6,109.49,2,109.48,7,109.58,5,109.59,16,109.6,9,109.61,7,109.62,13,109.63,3,109.64,11,109.65,3,109.66,2,109.67,2
2025-04-10 09:36:50,109.525,109.53,1,109.52,10,109.53,5,109.53,109.52,109.52,10,109.51,16,109.5,6,109.49,2,109.48,7,109.47,15,109.46,5,109.45,1,109.44,17,109.43,1,109.53,5,109.54,16,109.55,6,109.57,15,109.58,11,109.59,16,109.6,9,109.61,7,109.62,13,109.63,3
2025-04-10 09:36:51,109.64,109.65,1,109.63,3,109.65,8,109.65,109.63,109.63,3,109.62,2,109.61,9,109.6,3,109.59,8,109.58,8,109.57,11,109.56,4,109.55,9,109.54,4,109.65,8,109.66,18,109.67,2,109.68,15,109.69,8,109.7,5,109.71,2,109.72,2,109.73,81,109.74,7
2025-04-10 09:36:52,109.63,109.64,1,109.62,6,109.64,6,109.64,109.62,109.62,6,109.61,9,109.6,3,109.59,8,109.58,8,109.57,11,109.56,4,109.55,9,109.54,4,109.53,6,109.64,6,109.65,10,109.66,4,109.67,3,109.68,13,109.69,10,109.7,10,109.71,11,109.72,2,109.73,81
2025-04-10 09:36:53,109.675,109.68,1,109.66,7,109.69,17,109.69,109.66,109.66,7,109.65,6,109.63,4,109.62,7,109.61,2,109.6,38,109.59,8,109.58,8,109.57,11,109.56,4,109.69,17,109.7,10,109.71,11,109.72,2,109.73,81,109.74,7,109.75,6,109.76,10,109.78,22,109.79,36
2025-04-10 09:36:54,109.645,109.66,53,109.63,14,109.66,10,109.66,109.63,109.63,14,109.62,17,109.61,2,109.6,38,109.59,8,109.58,8,109.57,11,109.56,4,109.55,9,109.54,4,109.66,10,109.67,2,109.68,5,109.69,7,109.7,5,109.71,13,109.72,2,109.73,81,109.74,7,109.75,6
