sim_time,mid_price,last_price,last_size,best_bid_price,best_bid_size,best_ask_price,best_ask_size,close_price_buy,close_price_sell,bid1_price,bid1_size,bid2_price,bid2_size,bid3_price,bid3_size,bid4_price,bid4_size,bid5_price,bid5_size,bid6_price,bid6_size,bid7_price,bid7_size,bid8_price,bid8_size,bid9_price,bid9_size,bid10_price,bid10_size,ask1_price,ask1_size,ask2_price,ask2_size,ask3_price,ask3_size,ask4_price,ask4_size,ask5_price,ask5_size,ask6_price,ask6_size,ask7_price,ask7_size,ask8_price,ask8_size,ask9_price,ask9_size,ask10_price,ask10_size
2025-04-10 09:30:11,,0.0,0,0.0,0,0.0,0,0.0,0.0,,,,,,,,,,,,,,,,,,,,,,,,,,,,,,,,,,,,,,,,
2025-04-10 09:30:12,,0.0,0,0.0,0,0.0,0,0.0,0.0,,,,,,,,,,,,,,,,,,,,,,,,,,,,,,,,,,,,,,,,
2025-04-10 09:30:14,,0.0,0,0.0,0,0.0,0,0.0,0.0,,,,,,,,,,,,,,,,,,,,,,,,,,,,,,,,,,,,,,,,
2025-04-10 09:30:15,,0.0,0,0.0,0,0.0,0,0.0,0.0,,,,,,,,,,,,,,,,,,,,,,,,,,,,,,,,,,,,,,,,
2025-04-10 09:30:16,,0.0,0,0.0,0,0.0,0,0.0,0.0,,,,,,,,,,,,,,,,,,,,,,,,,,,,,,,,,,,,,,,,
2025-04-10 09:30:17,163.41,163.45,3,163.27,1,163.55,1,163.55,163.27,163.27,1,163.0,6,162.91,1,161.84,3,,,,,,,,,,,,,163.55,1,163.62,2,163.8,4,163.87,2,163.94,6,163.96,5,,,,,,,,
2025-04-10 09:30:18,163.41,163.41,1,163.27,1,163.55,1,163.55,163.27,163.27,1,163.0,6,162.91,1,161.84,3,,,,,,,,,,,,,163.55,1,163.62,2,163.8,4,163.87,2,163.94,6,163.96,5,,,,,,,,
2025-04-10 09:30:19,163.41,163.41,1,163.27,1,163.55,1,163.55,163.27,163.27,1,163.0,6,162.91,1,161.84,3,,,,,,,,,,,,,163.55,1,163.62,2,163.8,4,163.87,2,163.94,6,163.96,5,,,,,,,,
2025-04-10 09:30:20,163.195,163.32,1,163.0,6,163.39,1,163.39,163.0,163.0,6,162.91,1,161.84,3,,,,,,,,,,,,,,,163.39,1,163.5,1,163.55,1,163.62,2,163.8,4,163.87,2,163.94,6,163.96,5,,,,
2025-04-10 09:30:21,163.195,163.32,1,163.0,6,163.39,1,163.39,163.0,163.0,6,162.91,1,161.84,3,,,,,,,,,,,,,,,163.39,1,163.5,1,163.55,1,163.62,2,163.8,4,163.87,2,163.94,6,163.96,5,,,,
2025-04-10 09:30:22,163.15,163.1,1,163.01,1,163.29,2,163.29,163.01,163.01,1,162.91,2,161.84,3,,,,,,,,,,,,,,,163.29,2,163.39,1,163.5,1,163.55,1,163.62,2,163.8,4,163.87,2,163.94,6,163.96,5,,
2025-04-10 09:30:23,163.15,163.15,1,163.01,1,163.29,2,163.29,163.01,163.01,1,162.91,2,161.84,3,,,,,,,,,,,,,,,163.29,2,163.39,1,163.5,1,163.55,1,163.62,2,163.8,4,163.87,2,163.94,6,163.96,5,,
2025-04-10 09:30:24,163.15,163.15,2,163.01,1,163.29,2,163.29,163.01,163.01,1,162.91,2,161.84,3,,,,,,,,,,,,,,,163.29,2,163.39,1,163.5,1,163.55,1,163.62,2,163.8,4,163.87,2,163.94,6,163.96,5,,
2025-04-10 09:30:25,163.15,163.15,2,163.01,3,163.29,2,163.29,163.01,163.01,3,162.91,2,161.84,3,,,,,,,,,,,,,,,163.29,2,163.39,1,163.5,1,163.55,1,163.62,2,163.8,4,163.87,2,163.94,6,163.96,5,,
2025-04-10 09:30:26,163.43,163.4,1,163.07,2,163.79,6,163.79,163.07,163.07,2,163.01,5,162.91,2,161.84,3,,,,,,,,,,,,,163.79,6,163.8,4,163.87,2,163.94,6,163.96,5,,,,,,,,,,
2025-04-10 09:30:27,163.345,163.35,1,163.07,2,163.62,1,163.62,163.07,163.07,2,163.01,5,162.91,2,161.84,3,,,,,,,,,,,,,163.62,1,163.79,6,163.8,4,163.87,2,163.94,6,163.96,5,,,,,,,,
2025-04-10 09:30:28,163.44,163.44,1,163.14,4,163.74,2,163.74,163.14,163.14,4,163.08,2,163.07,2,163.01,5,162.91,2,161.84,3,,,,,,,,,163.74,2,163.79,6,163.8,4,163.87,2,163.94,6,163.96,5,,,,,,,,
2025-04-10 09:30:29,163.51,163.35,1,163.28,3,163.74,2,163.74,163.28,163.28,3,163.27,1,163.14,4,163.08,2,163.07,2,163.01,5,162.91,2,161.84,3,,,,,163.74,2,163.79,6,163.8,4,163.87,2,163.94,6,163.96,5,,,,,,,,
2025-04-10 09:30:30,163.395,163.4,1,163.28,2,163.51,1,163.51,163.28,163.28,2,163.27,1,163.14,4,163.08,2,163.07,2,163.01,5,162.91,2,161.84,3,,,,,163.51,1,163.74,2,163.79,6,163.8,4,163.87,2,163.94,6,163.96,5,,,,,,
2025-04-10 09:30:31,163.52,163.44,1,163.27,4,163.77,1,163.77,163.27,163.27,4,162.97,1,162.91,2,161.84,3,,,,,,,,,,,,,163.77,1,163.8,1,163.87,2,163.94,6,163.96,5,,,,,,,,,,
2025-04-10 09:30:32,163.53,163.77,2,163.29,1,163.77,1,163.77,163.29,163.29,1,163.28,1,163.27,4,162.97,1,162.91,2,161.84,3,,,,,,,,,163.77,1,163.8,1,163.87,2,163.94,6,163.96,5,,,,,,,,,,
2025-04-10 09:30:33,163.53,163.77,2,163.29,1,163.77,1,163.77,163.29,163.29,1,163.28,1,163.27,4,162.97,1,162.91,2,161.84,3,,,,,,,,,163.77,1,163.8,1,163.87,2,163.94,6,163.96,5,,,,,,,,,,
2025-04-10 09:30:34,163.535,163.77,2,163.3,1,163.77,1,163.77,163.3,163.3,1,163.29,1,163.28,1,163.27,4,162.97,1,162.91,2,161.84,3,,,,,,,163.77,1,163.8,1,163.87,2,163.94,6,163.96,5,,,,,,,,,,
2025-04-10 09:30:35,163.54,163.51,1,163.31,6,163.77,1,163.77,163.31,163.31,6,163.3,1,163.29,1,163.28,1,163.27,4,162.97,1,162.91,2,161.84,3,,,,,163.77,1,163.8,1,163.87,2,163.94,6,163.96,5,,,,,,,,,,
2025-04-10 09:30:36,163.54,163.44,6,163.31,6,163.77,1,163.77,163.31,163.31,6,163.3,1,163.29,1,163.28,1,163.27,4,162.97,1,162.91,2,161.84,3,,,,,163.77,1,163.8,1,163.87,2,163.94,6,163.96,5,,,,,,,,,,
2025-04-10 09:30:37,163.54,163.44,6,163.31,5,163.77,1,163.77,163.31,163.31,5,163.3,1,163.29,1,163.28,1,163.27,4,162.97,1,162.91,2,161.84,3,,,,,163.77,1,163.8,1,163.87,2,163.94,6,163.96,5,,,,,,,,,,
2025-04-10 09:30:38,163.575,163.54,1,163.38,2,163.77,1,163.77,163.38,163.38,2,163.31,7,163.3,1,163.29,1,163.28,1,163.27,4,162.97,1,162.91,2,161.84,3,,,163.77,1,163.8,1,163.87,2,163.94,6,163.96,5,,,,,,,,,,
2025-04-10 09:30:39,163.59,163.59,1,163.38,3,163.8,1,163.8,163.38,163.38,3,163.31,7,163.3,1,163.29,1,163.28,1,163.27,4,162.97,1,162.91,2,161.84,3,,,163.8,1,163.87,2,163.94,6,163.96,5,,,,,,,,,,,,
2025-04-10 09:30:40,163.59,163.59,1,163.38,3,163.8,1,163.8,163.38,163.38,3,163.31,7,163.3,1,163.29,1,163.28,1,163.27,4,162.97,1,162.91,2,161.84,3,,,163.8,1,163.87,2,163.94,6,163.96,5,,,,,,,,,,,,
2025-04-10 09:30:41,163.59,163.59,1,163.38,8,163.8,1,163.8,163.38,163.38,8,163.31,7,163.3,1,163.29,1,163.28,1,163.27,4,162.97,1,162.91,2,161.84,3,,,163.8,1,163.87,2,163.94,6,163.96,5,,,,,,,,,,,,
2025-04-10 09:30:42,163.59,163.47,1,163.38,8,163.8,1,163.8,163.38,163.38,8,163.31,7,163.3,1,163.29,1,163.28,1,163.27,4,162.97,1,162.91,2,161.84,3,,,163.8,1,163.87,2,163.94,6,163.96,5,,,,,,,,,,,,
2025-04-10 09:30:43,163.63,163.63,1,163.46,3,163.8,1,163.8,163.46,163.46,3,163.38,7,163.31,7,163.3,1,163.29,1,163.28,1,163.27,4,162.97,1,162.91,2,161.84,3,163.8,1,163.87,2,163.94,6,163.96,5,,,,,,,,,,,,
2025-04-10 09:30:44,163.76,163.78,1,163.58,7,163.94,3,163.94,163.58,163.58,7,163.46,10,163.38,7,163.31,7,163.3,1,163.29,1,163.28,1,163.27,4,162.97,1,162.91,2,163.94,3,163.96,5,,,,,,,,,,,,,,,,
2025-04-10 09:30:45,163.76,163.93,1,163.58,9,163.94,3,163.94,163.58,163.58,9,163.46,10,163.38,7,163.31,7,163.3,1,163.29,1,163.28,1,163.27,4,162.97,1,162.91,2,163.94,3,163.96,5,,,,,,,,,,,,,,,,
2025-04-10 09:30:46,163.76,163.93,1,163.58,9,163.94,3,163.94,163.58,163.58,9,163.46,10,163.38,7,163.31,7,163.3,1,163.29,1,163.28,1,163.27,4,162.97,1,162.91,2,163.94,3,163.96,5,,,,,,,,,,,,,,,,
2025-04-10 09:30:47,163.76,163.93,1,163.58,9,163.94,3,163.94,163.58,163.58,9,163.46,10,163.38,7,163.31,7,163.3,1,163.29,1,163.28,1,163.27,4,162.97,1,162.91,2,163.94,3,163.96,5,,,,,,,,,,,,,,,,
2025-04-10 09:30:48,163.76,163.93,1,163.58,9,163.94,3,163.94,163.58,163.58,9,163.46,10,163.38,7,163.31,7,163.3,1,163.29,1,163.28,1,163.27,4,162.97,1,162.91,2,163.94,3,163.96,5,,,,,,,,,,,,,,,,
2025-04-10 09:30:49,163.76,163.84,1,163.58,9,163.94,3,163.94,163.58,163.58,9,163.46,10,163.38,7,163.31,7,163.3,1,163.29,1,163.28,1,163.27,4,162.97,1,162.91,2,163.94,3,163.96,5,,,,,,,,,,,,,,,,
2025-04-10 09:30:50,163.76,163.76,1,163.58,9,163.94,3,163.94,163.58,163.58,9,163.46,10,163.38,7,163.31,7,163.3,1,163.29,1,163.28,1,163.27,4,162.97,1,162.91,2,163.94,3,163.96,5,,,,,,,,,,,,,,,,
2025-04-10 09:30:51,163.755,163.79,1,163.58,9,163.93,1,163.93,163.58,163.58,9,163.46,10,163.38,7,163.31,7,163.3,1,163.29,1,163.28,1,163.27,4,162.97,1,162.91,2,163.93,1,164.0,4,,,,,,,,,,,,,,,,
2025-04-10 09:30:52,163.755,163.79,1,163.58,9,163.93,1,163.93,163.58,163.58,9,163.46,10,163.38,7,163.31,7,163.3,1,163.29,1,163.28,1,163.27,4,162.97,1,162.91,2,163.93,1,164.0,4,,,,,,,,,,,,,,,,
2025-04-10 09:30:53,163.755,163.79,1,163.58,9,163.93,1,163.93,163.58,163.58,9,163.46,10,163.38,7,163.31,7,163.3,1,163.29,1,163.28,1,163.27,4,162.97,1,162.91,2,163.93,1,164.0,4,,,,,,,,,,,,,,,,
2025-04-10 09:30:54,163.755,163.79,1,163.58,9,163.93,1,163.93,163.58,163.58,9,163.46,10,163.38,7,163.31,7,163.3,1,163.29,1,163.28,1,163.27,4,162.97,1,162.91,2,163.93,1,164.0,4,,,,,,,,,,,,,,,,
2025-04-10 09:30:55,163.755,163.9,1,163.58,9,163.93,1,163.93,163.58,163.58,9,163.46,10,163.38,7,163.31,7,163.3,1,163.29,1,163.28,1,163.27,4,162.97,1,162.91,2,163.93,1,164.0,4,,,,,,,,,,,,,,,,
2025-04-10 09:30:56,163.755,163.9,1,163.58,9,163.93,1,163.93,163.58,163.58,9,163.46,10,163.38,7,163.31,7,163.3,1,163.29,1,163.28,1,163.27,4,162.97,1,162.91,2,163.93,1,164.0,4,,,,,,,,,,,,,,,,
2025-04-10 09:30:57,163.755,163.9,1,163.58,9,163.93,1,163.93,163.58,163.58,9,163.46,10,163.38,7,163.31,7,163.3,1,163.29,1,163.28,1,163.27,4,162.97,1,162.91,2,163.93,1,164.0,4,,,,,,,,,,,,,,,,
2025-04-10 09:30:58,163.755,163.9,1,163.58,9,163.93,1,163.93,163.58,163.58,9,163.46,10,163.38,7,163.31,7,163.3,1,163.29,1,163.28,1,163.27,4,162.97,1,162.91,2,163.93,1,164.0,4,,,,,,,,,,,,,,,,
2025-04-10 09:30:59,163.88,163.89,1,163.7,4,164.06,1,164.06,163.7,163.7,4,163.67,2,163.58,10,163.46,10,163.38,7,163.31,7,163.3,1,163.29,1,163.28,1,163.27,4,164.06,1,164.25,1,,,,,,,,,,,,,,,,
2025-04-10 09:31:00,163.86,164.01,1,163.7,3,164.02,1,164.02,163.7,163.7,3,163.67,2,163.58,10,163.46,10,163.38,7,163.31,7,163.3,1,163.29,1,163.28,1,163.27,4,164.02,1,164.25,1,,,,,,,,,,,,,,,,
2025-04-10 09:31:01,163.86,163.99,1,163.7,3,164.02,1,164.02,163.7,163.7,3,163.67,2,163.58,10,163.46,10,163.38,7,163.31,7,163.3,1,163.29,1,163.28,1,163.27,4,164.02,1,164.25,1,,,,,,,,,,,,,,,,
2025-04-10 09:31:02,164.04,164.2,2,163.77,5,164.31,1,164.31,163.77,163.77,5,163.7,3,163.67,2,163.58,10,163.46,10,163.38,7,163.31,7,163.3,1,163.29,1,163.28,1,164.31,1,164.63,10,,,,,,,,,,,,,,,,
2025-04-10 09:31:03,164.045,164.04,1,163.77,6,164.32,1,164.32,163.77,163.77,6,163.7,3,163.67,2,163.58,10,163.46,10,163.38,7,163.31,7,163.3,1,163.29,1,163.28,1,164.32,1,164.63,10,,,,,,,,,,,,,,,,
2025-04-10 09:31:04,164.06,164.02,1,163.78,2,164.34,1,164.34,163.78,163.78,2,163.77,7,163.7,3,163.67,2,163.58,10,163.46,10,163.38,7,163.31,7,163.3,1,163.29,1,164.34,1,164.63,10,,,,,,,,,,,,,,,,
2025-04-10 09:31:05,164.06,164.27,1,163.78,2,164.34,1,164.34,163.78,163.78,2,163.77,7,163.7,3,163.67,2,163.58,10,163.46,10,163.38,7,163.31,7,163.3,1,163.29,1,164.34,1,164.63,10,,,,,,,,,,,,,,,,
2025-04-10 09:31:06,164.06,164.27,1,163.78,5,164.34,1,164.34,163.78,163.78,5,163.77,7,163.7,3,163.67,2,163.58,10,163.46,10,163.38,7,163.31,7,163.3,1,163.29,1,164.34,1,164.63,10,,,,,,,,,,,,,,,,
2025-04-10 09:31:07,164.06,164.06,5,163.78,5,164.34,1,164.34,163.78,163.78,5,163.77,7,163.7,3,163.67,2,163.58,10,163.46,10,163.38,7,163.31,7,163.3,1,163.29,1,164.34,1,164.63,10,,,,,,,,,,,,,,,,
2025-04-10 09:31:08,164.06,164.06,1,163.78,5,164.34,1,164.34,163.78,163.78,5,163.77,7,163.7,3,163.67,2,163.58,10,163.46,10,163.38,7,163.31,7,163.3,1,163.29,1,164.34,1,164.63,10,,,,,,,,,,,,,,,,
2025-04-10 09:31:09,164.13,164.13,1,163.92,2,164.34,1,164.34,163.92,163.92,2,163.78,5,163.77,7,163.7,3,163.67,2,163.58,10,163.46,10,163.38,7,163.31,7,163.3,1,164.34,1,164.63,10,,,,,,,,,,,,,,,,
2025-04-10 09:31:10,164.13,164.13,1,163.92,4,164.34,1,164.34,163.92,163.92,4,163.78,5,163.77,7,163.7,3,163.67,2,163.58,10,163.46,10,163.38,7,163.31,7,163.3,1,164.34,1,164.63,10,,,,,,,,,,,,,,,,
2025-04-10 09:31:11,164.13,164.13,1,163.92,4,164.34,1,164.34,163.92,163.92,4,163.78,5,163.77,7,163.7,3,163.67,2,163.58,10,163.46,10,163.38,7,163.31,7,163.3,1,164.34,1,164.63,10,,,,,,,,,,,,,,,,
2025-04-10 09:31:12,164.13,164.13,1,163.92,4,164.34,2,164.34,163.92,163.92,4,163.78,5,163.77,7,163.7,3,163.67,2,163.58,10,163.46,10,163.38,7,163.31,7,163.3,1,164.34,2,164.63,10,,,,,,,,,,,,,,,,
2025-04-10 09:31:13,164.195,164.13,1,164.05,1,164.34,2,164.34,164.05,164.05,1,163.92,4,163.78,5,163.77,7,163.7,3,163.67,2,163.58,10,163.46,10,163.38,7,163.31,7,164.34,2,164.63,10,,,,,,,,,,,,,,,,
2025-04-10 09:31:14,164.195,164.16,1,164.05,2,164.34,1,164.34,164.05,164.05,2,163.92,5,163.78,5,163.77,7,163.7,3,163.67,2,163.58,10,163.46,10,163.38,7,163.31,7,164.34,1,164.63,10,,,,,,,,,,,,,,,,
2025-04-10 09:31:15,164.195,164.25,2,164.05,4,164.34,4,164.34,164.05,164.05,4,163.92,5,163.78,5,163.77,7,163.7,3,163.67,2,163.58,10,163.46,10,163.38,7,163.31,7,164.34,4,164.43,3,164.63,10,,,,,,,,,,,,,,
2025-04-10 09:31:16,164.195,164.2,1,164.05,6,164.34,4,164.34,164.05,164.05,6,163.92,5,163.78,5,163.77,7,163.7,3,163.67,2,163.58,10,163.46,10,163.38,7,163.31,7,164.34,4,164.43,3,164.63,10,,,,,,,,,,,,,,
2025-04-10 09:31:17,164.195,164.2,1,164.05,6,164.34,4,164.34,164.05,164.05,6,163.92,5,163.78,5,163.77,7,163.7,3,163.67,2,163.58,10,163.46,10,163.38,7,163.31,7,164.34,4,164.43,3,164.63,10,,,,,,,,,,,,,,
2025-04-10 09:31:18,164.195,164.11,1,164.05,6,164.34,5,164.34,164.05,164.05,6,163.92,5,163.78,5,163.77,7,163.7,3,163.67,2,163.58,10,163.46,10,163.38,7,163.31,7,164.34,5,164.43,3,164.63,10,,,,,,,,,,,,,,
2025-04-10 09:31:19,164.195,164.27,1,164.05,6,164.34,5,164.34,164.05,164.05,6,163.92,5,163.78,5,163.77,7,163.7,3,163.67,2,163.58,10,163.46,10,163.38,7,163.31,7,164.34,5,164.43,3,164.63,10,,,,,,,,,,,,,,
2025-04-10 09:31:20,164.195,164.3,2,164.05,6,164.34,4,164.34,164.05,164.05,6,163.92,5,163.78,5,163.77,7,163.7,3,163.67,2,163.58,10,163.46,10,163.38,7,163.31,7,164.34,4,164.43,3,164.63,10,,,,,,,,,,,,,,
2025-04-10 09:31:21,164.225,164.34,2,164.11,4,164.34,4,164.34,164.11,164.11,4,164.05,6,163.92,5,163.78,5,163.77,7,163.7,3,163.67,2,163.58,10,163.46,10,163.38,7,164.34,4,164.43,3,164.63,10,,,,,,,,,,,,,,
2025-04-10 09:31:22,164.225,164.23,1,164.11,4,164.34,4,164.34,164.11,164.11,4,164.05,6,163.92,5,163.78,5,163.77,7,163.7,3,163.67,2,163.58,10,163.46,10,163.38,7,164.34,4,164.43,3,164.63,10,,,,,,,,,,,,,,
2025-04-10 09:31:23,164.225,164.23,1,164.11,4,164.34,4,164.34,164.11,164.11,4,164.05,6,163.92,5,163.78,5,163.77,7,163.7,3,163.67,2,163.58,10,163.46,10,163.38,7,164.34,4,164.43,3,164.63,10,,,,,,,,,,,,,,
2025-04-10 09:31:24,164.225,164.34,1,164.11,4,164.34,4,164.34,164.11,164.11,4,164.05,6,163.92,5,163.78,5,163.77,7,163.7,3,163.67,2,163.58,10,163.46,10,163.38,7,164.34,4,164.43,3,164.63,10,,,,,,,,,,,,,,
2025-04-10 09:31:25,164.225,164.34,1,164.11,4,164.34,4,164.34,164.11,164.11,4,164.05,6,163.92,5,163.78,5,163.77,7,163.7,3,163.67,2,163.58,10,163.46,10,163.38,7,164.34,4,164.43,3,164.63,10,,,,,,,,,,,,,,
2025-04-10 09:31:26,164.225,164.34,2,164.11,4,164.34,4,164.34,164.11,164.11,4,164.05,6,163.92,5,163.78,5,163.77,7,163.7,3,163.67,2,163.58,10,163.46,10,163.38,7,164.34,4,164.43,3,164.63,10,,,,,,,,,,,,,,
2025-04-10 09:31:27,164.225,164.34,2,164.11,4,164.34,4,164.34,164.11,164.11,4,164.05,6,163.92,5,163.78,5,163.77,7,163.7,3,163.67,2,163.58,10,163.46,10,163.38,7,164.34,4,164.43,3,164.63,10,,,,,,,,,,,,,,
2025-04-10 09:31:28,164.225,164.34,2,164.11,4,164.34,4,164.34,164.11,164.11,4,164.05,6,163.92,5,163.78,5,163.77,7,163.7,3,163.67,2,163.58,10,163.46,10,163.38,7,164.34,4,164.43,3,164.63,10,,,,,,,,,,,,,,
2025-04-10 09:31:29,164.225,164.12,1,164.11,4,164.34,4,164.34,164.11,164.11,4,164.05,6,163.92,5,163.78,5,163.77,7,163.7,3,163.67,2,163.58,10,163.46,10,163.38,7,164.34,4,164.43,3,164.63,10,,,,,,,,,,,,,,
2025-04-10 09:31:30,163.935,163.94,1,163.83,3,164.04,2,164.04,163.83,163.83,3,163.78,5,163.77,7,163.7,3,163.67,2,163.58,10,163.46,10,163.38,7,163.31,7,163.3,1,164.04,2,164.06,2,164.11,2,164.12,3,164.25,1,164.34,4,164.43,3,164.63,10,,,,
2025-04-10 09:31:31,163.96,163.96,1,163.83,4,164.09,1,164.09,163.83,163.83,4,163.78,5,163.77,7,163.7,3,163.67,2,163.58,10,163.46,10,163.38,7,163.31,7,163.3,1,164.09,1,164.16,2,164.24,2,164.25,1,164.34,4,164.43,3,164.63,10,,,,,,
2025-04-10 09:31:32,164.055,164.06,1,163.83,6,164.28,6,164.28,163.83,163.83,6,163.78,5,163.77,7,163.7,3,163.67,2,163.58,10,163.46,10,163.38,7,163.31,7,163.3,1,164.28,6,164.33,3,164.34,4,164.43,3,164.63,10,,,,,,,,,,
2025-04-10 09:31:33,164.055,164.06,1,163.83,6,164.28,6,164.28,163.83,163.83,6,163.78,5,163.77,7,163.7,3,163.67,2,163.58,10,163.46,10,163.38,7,163.31,7,163.3,1,164.28,6,164.33,3,164.34,4,164.43,3,164.63,10,,,,,,,,,,
2025-04-10 09:31:34,164.05,164.05,1,163.82,2,164.28,3,164.28,163.82,163.82,2,163.78,5,163.77,7,163.7,3,163.67,2,163.58,10,163.46,10,163.38,7,163.31,7,163.3,1,164.28,3,164.33,3,164.34,4,164.43,3,164.63,10,,,,,,,,,,
2025-04-10 09:31:35,164.05,163.88,1,163.82,2,164.28,3,164.28,163.82,163.82,2,163.78,5,163.77,7,163.7,3,163.67,2,163.58,10,163.46,10,163.38,7,163.31,7,163.3,1,164.28,3,164.33,3,164.34,4,164.43,3,164.63,10,,,,,,,,,,
2025-04-10 09:31:36,164.05,163.88,1,163.82,2,164.28,3,164.28,163.82,163.82,2,163.78,5,163.77,7,163.7,3,163.67,2,163.58,10,163.46,10,163.38,7,163.31,7,163.3,1,164.28,3,164.33,3,164.34,4,164.43,3,164.63,10,,,,,,,,,,
2025-04-10 09:31:37,164.05,164.05,1,163.82,2,164.28,3,164.28,163.82,163.82,2,163.78,5,163.77,7,163.7,3,163.67,2,163.58,10,163.46,10,163.38,7,163.31,7,163.3,1,164.28,3,164.33,3,164.34,4,164.43,3,164.63,10,,,,,,,,,,
2025-04-10 09:31:38,164.05,164.05,1,163.82,2,164.28,3,164.28,163.82,163.82,2,163.78,5,163.77,7,163.7,3,163.67,2,163.58,10,163.46,10,163.38,7,163.31,7,163.3,1,164.28,3,164.33,3,164.34,4,164.43,3,164.63,10,,,,,,,,,,
2025-04-10 09:31:39,164.05,164.05,1,163.82,2,164.28,3,164.28,163.82,163.82,2,163.78,5,163.77,7,163.7,3,163.67,2,163.58,10,163.46,10,163.38,7,163.31,7,163.3,1,164.28,3,164.33,3,164.34,4,164.43,3,164.63,10,,,,,,,,,,
2025-04-10 09:31:40,164.05,164.05,1,163.82,2,164.28,3,164.28,163.82,163.82,2,163.78,5,163.77,7,163.7,3,163.67,2,163.58,10,163.46,10,163.38,7,163.31,7,163.3,1,164.28,3,164.33,3,164.34,4,164.43,3,164.63,10,,,,,,,,,,
2025-04-10 09:31:41,164.05,164.05,1,163.82,2,164.28,3,164.28,163.82,163.82,2,163.78,5,163.77,7,163.7,3,163.67,2,163.58,10,163.46,10,163.38,7,163.31,7,163.3,1,164.28,3,164.33,3,164.34,4,164.43,3,164.63,10,,,,,,,,,,
2025-04-10 09:31:42,164.05,164.05,1,163.82,2,164.28,3,164.28,163.82,163.82,2,163.78,5,163.77,7,163.7,3,163.67,2,163.58,10,163.46,10,163.38,7,163.31,7,163.3,1,164.28,3,164.33,3,164.34,4,164.43,3,164.63,10,,,,,,,,,,
2025-04-10 09:31:43,164.05,164.05,1,163.82,2,164.28,3,164.28,163.82,163.82,2,163.78,5,163.77,7,163.7,3,163.67,2,163.58,10,163.46,10,163.38,7,163.31,7,163.3,1,164.28,3,164.33,3,164.34,4,164.43,3,164.63,10,,,,,,,,,,
2025-04-10 09:31:44,164.05,164.05,1,163.82,2,164.28,3,164.28,163.82,163.82,2,163.78,5,163.77,7,163.7,3,163.67,2,163.58,10,163.46,10,163.38,7,163.31,7,163.3,1,164.28,3,164.33,3,164.34,4,164.43,3,164.63,10,,,,,,,,,,
2025-04-10 09:31:45,164.05,163.88,1,163.82,2,164.28,3,164.28,163.82,163.82,2,163.78,5,163.77,7,163.7,3,163.67,2,163.58,10,163.46,10,163.38,7,163.31,7,163.3,1,164.28,3,164.33,3,164.34,4,164.43,3,164.63,10,,,,,,,,,,
2025-04-10 09:31:46,164.05,163.88,1,163.82,2,164.28,3,164.28,163.82,163.82,2,163.78,5,163.77,7,163.7,3,163.67,2,163.58,10,163.46,10,163.38,7,163.31,7,163.3,1,164.28,3,164.33,3,164.34,4,164.43,3,164.63,10,,,,,,,,,,
2025-04-10 09:31:47,164.01,164.04,1,163.82,2,164.2,1,164.2,163.82,163.82,2,163.78,5,163.77,7,163.7,3,163.67,2,163.58,10,163.46,10,163.38,7,163.31,7,163.3,1,164.2,1,164.28,3,164.33,3,164.34,4,164.43,3,164.63,10,,,,,,,,
2025-04-10 09:31:48,164.01,164.04,1,163.82,2,164.2,1,164.2,163.82,163.82,2,163.78,5,163.77,7,163.7,3,163.67,2,163.58,10,163.46,10,163.38,7,163.31,7,163.3,1,164.2,1,164.28,3,164.33,3,164.34,4,164.43,3,164.63,10,,,,,,,,
2025-04-10 09:31:49,164.01,164.04,1,163.82,2,164.2,1,164.2,163.82,163.82,2,163.78,5,163.77,7,163.7,3,163.67,2,163.58,10,163.46,10,163.38,7,163.31,7,163.3,1,164.2,1,164.28,3,164.33,3,164.34,4,164.43,3,164.63,10,,,,,,,,
2025-04-10 09:31:50,164.01,164.04,1,163.82,2,164.2,1,164.2,163.82,163.82,2,163.78,5,163.77,7,163.7,3,163.67,2,163.58,10,163.46,10,163.38,7,163.31,7,163.3,1,164.2,1,164.28,3,164.33,3,164.34,4,164.43,3,164.63,10,,,,,,,,
2025-04-10 09:31:51,164.01,164.01,1,163.82,2,164.2,1,164.2,163.82,163.82,2,163.78,5,163.77,7,163.7,3,163.67,2,163.58,10,163.46,10,163.38,7,163.31,7,163.3,1,164.2,1,164.28,3,164.33,3,164.34,4,164.43,3,164.63,10,,,,,,,,
2025-04-10 09:31:52,164.01,164.01,1,163.82,2,164.2,1,164.2,163.82,163.82,2,163.78,5,163.77,7,163.7,3,163.67,2,163.58,10,163.46,10,163.38,7,163.31,7,163.3,1,164.2,1,164.28,3,164.33,3,164.34,4,164.43,3,164.63,10,,,,,,,,
2025-04-10 09:31:53,164.01,164.01,1,163.82,2,164.2,1,164.2,163.82,163.82,2,163.78,5,163.77,7,163.7,3,163.67,2,163.58,10,163.46,10,163.38,7,163.31,7,163.3,1,164.2,1,164.28,3,164.33,3,164.34,4,164.43,3,164.63,10,,,,,,,,
2025-04-10 09:31:54,164.015,163.87,1,163.83,2,164.2,2,164.2,163.83,163.83,2,163.82,2,163.78,5,163.77,7,163.7,3,163.67,2,163.58,10,163.46,10,163.38,7,163.31,7,164.2,2,164.28,3,164.33,3,164.34,4,164.43,3,164.63,10,,,,,,,,
2025-04-10 09:31:55,164.015,163.87,1,163.83,2,164.2,2,164.2,163.83,163.83,2,163.82,2,163.78,5,163.77,7,163.7,3,163.67,2,163.58,10,163.46,10,163.38,7,163.31,7,164.2,2,164.28,3,164.33,3,164.34,4,164.43,3,164.63,10,,,,,,,,
2025-04-10 09:31:56,164.015,163.87,1,163.83,2,164.2,3,164.2,163.83,163.83,2,163.82,2,163.78,5,163.77,7,163.7,3,163.67,2,163.58,10,163.46,10,163.38,7,163.31,7,164.2,3,164.28,3,164.33,3,164.34,4,164.43,3,164.63,10,,,,,,,,
2025-04-10 09:31:57,164.015,163.83,1,163.83,2,164.2,3,164.2,163.83,163.83,2,163.82,2,163.78,5,163.77,7,163.7,3,163.67,2,163.58,10,163.46,10,163.38,7,163.31,7,164.2,3,164.28,3,164.33,3,164.34,4,164.43,3,164.63,10,,,,,,,,
2025-04-10 09:31:58,164.015,163.83,1,163.83,2,164.2,3,164.2,163.83,163.83,2,163.82,2,163.78,5,163.77,7,163.7,3,163.67,2,163.58,10,163.46,10,163.38,7,163.31,7,164.2,3,164.28,3,164.33,3,164.34,4,164.43,3,164.63,10,,,,,,,,
2025-04-10 09:31:59,164.015,163.83,1,163.83,2,164.2,3,164.2,163.83,163.83,2,163.82,2,163.78,5,163.77,7,163.7,3,163.67,2,163.58,10,163.46,10,163.38,7,163.31,7,164.2,3,164.28,3,164.33,3,164.34,4,164.43,3,164.63,10,,,,,,,,
2025-04-10 09:32:00,164.015,163.83,1,163.83,2,164.2,3,164.2,163.83,163.83,2,163.82,2,163.78,5,163.77,7,163.7,3,163.67,2,163.58,10,163.46,10,163.38,7,163.31,7,164.2,3,164.28,3,164.33,3,164.34,4,164.43,3,164.63,10,,,,,,,,
2025-04-10 09:32:01,164.025,164.02,1,163.85,1,164.2,3,164.2,163.85,163.85,1,163.83,2,163.82,2,163.78,5,163.77,7,163.7,3,163.67,2,163.58,10,163.46,10,163.38,7,164.2,3,164.28,3,164.33,3,164.34,4,164.43,3,164.63,10,,,,,,,,
2025-04-10 09:32:02,164.025,164.03,1,163.85,2,164.2,3,164.2,163.85,163.85,2,163.83,2,163.82,2,163.78,5,163.77,7,163.7,3,163.67,2,163.58,10,163.46,10,163.38,7,164.2,3,164.28,3,164.33,3,164.34,4,164.43,3,164.63,10,,,,,,,,
2025-04-10 09:32:03,164.025,164.03,1,163.85,2,164.2,3,164.2,163.85,163.85,2,163.83,2,163.82,2,163.78,5,163.77,7,163.7,3,163.67,2,163.58,10,163.46,10,163.38,7,164.2,3,164.28,3,164.33,3,164.34,4,164.43,3,164.63,10,,,,,,,,
2025-04-10 09:32:04,164.025,164.03,1,163.85,2,164.2,3,164.2,163.85,163.85,2,163.83,2,163.82,2,163.78,5,163.77,7,163.7,3,163.67,2,163.58,10,163.46,10,163.38,7,164.2,3,164.28,3,164.33,3,164.34,4,164.43,3,164.63,10,,,,,,,,
2025-04-10 09:32:05,163.75,163.82,1,163.55,1,163.95,1,163.95,163.55,163.55,1,163.46,10,163.38,7,163.31,7,163.3,1,163.29,1,163.28,1,163.27,4,162.97,1,162.91,2,163.95,1,164.13,2,164.2,3,164.28,3,164.33,3,164.34,4,164.43,3,164.63,10,,,,
2025-04-10 09:32:06,163.75,163.82,1,163.55,1,163.95,1,163.95,163.55,163.55,1,163.46,10,163.38,7,163.31,7,163.3,1,163.29,1,163.28,1,163.27,4,162.97,1,162.91,2,163.95,1,164.13,2,164.2,3,164.28,3,164.33,3,164.34,4,164.43,3,164.63,10,,,,
2025-04-10 09:32:07,163.75,163.82,1,163.55,1,163.95,1,163.95,163.55,163.55,1,163.46,10,163.38,7,163.31,7,163.3,1,163.29,1,163.28,1,163.27,4,162.97,1,162.91,2,163.95,1,164.13,2,164.2,3,164.28,3,164.33,3,164.34,4,164.43,3,164.63,10,,,,
2025-04-10 09:32:08,163.785,163.82,1,163.62,1,163.95,1,163.95,163.62,163.62,1,163.55,1,163.46,10,163.38,7,163.31,7,163.3,1,163.29,1,163.28,1,163.27,4,162.97,1,163.95,1,164.13,2,164.2,3,164.28,3,164.33,3,164.34,4,164.43,3,164.63,10,,,,
2025-04-10 09:32:09,163.715,163.82,1,163.55,1,163.88,4,163.88,163.55,163.55,1,163.46,10,163.38,7,163.31,7,163.3,1,163.29,1,163.28,1,163.27,4,162.97,1,162.91,2,163.88,4,163.96,1,164.13,2,164.2,3,164.28,3,164.33,3,164.34,4,164.43,3,164.63,10,,
2025-04-10 09:32:10,163.715,163.82,1,163.55,1,163.88,4,163.88,163.55,163.55,1,163.46,10,163.38,7,163.31,7,163.3,1,163.29,1,163.28,1,163.27,4,162.97,1,162.91,2,163.88,4,163.96,1,164.13,2,164.2,3,164.28,3,164.33,3,164.34,4,164.43,3,164.63,10,,
2025-04-10 09:32:11,163.715,163.82,1,163.55,1,163.88,4,163.88,163.55,163.55,1,163.46,10,163.38,7,163.31,7,163.3,1,163.29,1,163.28,1,163.27,4,162.97,1,162.91,2,163.88,4,163.96,1,164.13,2,164.2,3,164.28,3,164.33,3,164.34,4,164.43,3,164.63,10,,
2025-04-10 09:32:12,163.715,163.72,1,163.55,1,163.88,4,163.88,163.55,163.55,1,163.46,10,163.38,7,163.31,7,163.3,1,163.29,1,163.28,1,163.27,4,162.97,1,162.91,2,163.88,4,163.96,1,164.13,2,164.2,3,164.28,3,164.33,3,164.34,4,164.43,3,164.63,10,,
2025-04-10 09:32:13,163.75,163.55,1,163.62,1,163.88,4,163.88,163.62,163.62,1,163.55,1,163.46,10,163.38,7,163.31,7,163.3,1,163.29,1,163.28,1,163.27,4,162.97,1,163.88,4,163.96,1,164.13,2,164.2,3,164.28,3,164.33,3,164.34,4,164.43,3,164.63,10,,
2025-04-10 09:32:14,163.75,163.55,1,163.62,1,163.88,4,163.88,163.62,163.62,1,163.55,1,163.46,10,163.38,7,163.31,7,163.3,1,163.29,1,163.28,1,163.27,4,162.97,1,163.88,4,163.96,1,164.13,2,164.2,3,164.28,3,164.33,3,164.34,4,164.43,3,164.63,10,,
2025-04-10 09:32:15,163.75,163.55,1,163.62,1,163.88,4,163.88,163.62,163.62,1,163.55,1,163.46,10,163.38,7,163.31,7,163.3,1,163.29,1,163.28,1,163.27,4,162.97,1,163.88,4,163.96,1,164.13,2,164.2,3,164.28,3,164.33,3,164.34,4,164.43,3,164.63,10,,
2025-04-10 09:32:16,163.75,163.63,1,163.62,1,163.88,4,163.88,163.62,163.62,1,163.55,1,163.46,10,163.38,7,163.31,7,163.3,1,163.29,1,163.28,1,163.27,4,162.97,1,163.88,4,163.96,1,164.13,2,164.2,3,164.28,3,164.33,3,164.34,4,164.43,3,164.63,10,,
2025-04-10 09:32:17,163.75,163.63,1,163.62,1,163.88,4,163.88,163.62,163.62,1,163.55,1,163.46,10,163.38,7,163.31,7,163.3,1,163.29,1,163.28,1,163.27,4,162.97,1,163.88,4,163.96,1,164.13,2,164.2,3,164.28,3,164.33,3,164.34,4,164.43,3,164.63,10,,
2025-04-10 09:32:18,163.75,163.63,1,163.62,1,163.88,4,163.88,163.62,163.62,1,163.55,1,163.46,10,163.38,7,163.31,7,163.3,1,163.29,1,163.28,1,163.27,4,162.97,1,163.88,4,163.96,1,164.13,2,164.2,3,164.28,3,164.33,3,164.34,4,164.43,3,164.63,10,,
2025-04-10 09:32:19,163.75,163.74,1,163.62,2,163.88,3,163.88,163.62,163.62,2,163.55,1,163.46,10,163.38,7,163.31,7,163.3,1,163.29,1,163.28,1,163.27,4,162.97,1,163.88,3,163.96,1,164.13,2,164.2,3,164.28,3,164.33,3,164.34,4,164.43,3,164.63,10,,
2025-04-10 09:32:20,163.75,163.74,1,163.62,2,163.88,3,163.88,163.62,163.62,2,163.55,1,163.46,10,163.38,7,163.31,7,163.3,1,163.29,1,163.28,1,163.27,4,162.97,1,163.88,3,163.96,1,164.13,2,164.2,3,164.28,3,164.33,3,164.34,4,164.43,3,164.63,10,,
2025-04-10 09:32:21,163.64,163.67,1,163.4,3,163.88,3,163.88,163.4,163.4,3,163.38,7,163.31,7,163.3,1,163.29,1,163.28,1,163.27,4,162.97,1,162.91,2,161.84,3,163.88,3,163.96,2,164.13,2,164.2,3,164.28,3,164.33,3,164.34,4,164.43,3,164.63,10,,
2025-04-10 09:32:22,163.64,163.64,1,163.4,3,163.88,3,163.88,163.4,163.4,3,163.38,7,163.31,7,163.3,1,163.29,1,163.28,1,163.27,4,162.97,1,162.91,2,161.84,3,163.88,3,163.96,2,164.13,2,164.2,3,164.28,3,164.33,3,164.34,4,164.43,3,164.63,10,,
2025-04-10 09:32:23,163.64,163.64,1,163.4,3,163.88,3,163.88,163.4,163.4,3,163.38,7,163.31,7,163.3,1,163.29,1,163.28,1,163.27,4,162.97,1,162.91,2,161.84,3,163.88,3,163.96,2,164.13,2,164.2,3,164.28,3,164.33,3,164.34,4,164.43,3,164.63,10,,
2025-04-10 09:32:24,163.675,163.64,1,163.55,1,163.8,1,163.8,163.55,163.55,1,163.4,3,163.38,7,163.31,7,163.3,1,163.29,1,163.28,1,163.27,4,162.97,1,162.91,2,163.8,1,163.88,3,163.96,2,164.13,2,164.2,3,164.28,3,164.33,3,164.34,4,164.43,3,164.63,10
2025-04-10 09:32:25,163.675,163.64,1,163.55,1,163.8,1,163.8,163.55,163.55,1,163.4,3,163.38,7,163.31,7,163.3,1,163.29,1,163.28,1,163.27,4,162.97,1,162.91,2,163.8,1,163.88,3,163.96,2,164.13,2,164.2,3,164.28,3,164.33,3,164.34,4,164.43,3,164.63,10
2025-04-10 09:32:26,163.675,163.68,1,163.55,1,163.8,1,163.8,163.55,163.55,1,163.4,3,163.38,7,163.31,7,163.3,1,163.29,1,163.28,1,163.27,4,162.97,1,162.91,2,163.8,1,163.88,3,163.96,2,164.13,2,164.2,3,164.28,3,164.33,3,164.34,4,164.43,3,164.63,10
2025-04-10 09:32:27,163.675,163.68,1,163.55,1,163.8,1,163.8,163.55,163.55,1,163.4,3,163.38,7,163.31,7,163.3,1,163.29,1,163.28,1,163.27,4,162.97,1,162.91,2,163.8,1,163.88,3,163.96,2,164.13,2,164.2,3,164.28,3,164.33,3,164.34,4,164.43,3,164.63,10
2025-04-10 09:32:28,163.675,163.68,1,163.55,1,163.8,1,163.8,163.55,163.55,1,163.4,3,163.38,7,163.31,7,163.3,1,163.29,1,163.28,1,163.27,4,162.97,1,162.91,2,163.8,1,163.88,3,163.96,2,164.13,2,164.2,3,164.28,3,164.33,3,164.34,4,164.43,3,164.63,10
2025-04-10 09:32:29,163.675,163.68,1,163.55,1,163.8,1,163.8,163.55,163.55,1,163.4,3,163.38,7,163.31,7,163.3,1,163.29,1,163.28,1,163.27,4,162.97,1,162.91,2,163.8,1,163.88,3,163.96,2,164.13,2,164.2,3,164.28,3,164.33,3,164.34,4,164.43,3,164.63,10
2025-04-10 09:32:30,163.675,163.59,1,163.55,1,163.8,1,163.8,163.55,163.55,1,163.4,3,163.38,7,163.31,7,163.3,1,163.29,1,163.28,1,163.27,4,162.97,1,162.91,2,163.8,1,163.88,3,163.96,2,164.13,2,164.2,3,164.28,3,164.33,3,164.34,4,164.43,3,164.63,10
2025-04-10 09:32:31,163.82,163.8,1,163.55,1,164.09,3,164.09,163.55,163.55,1,163.4,3,163.38,7,163.31,7,163.3,1,163.29,1,163.28,1,163.27,4,162.97,1,162.91,2,164.09,3,164.13,2,164.2,3,164.28,3,164.33,3,164.34,4,164.43,3,164.63,10,,,,
2025-04-10 09:32:32,163.815,163.63,1,163.55,1,164.08,4,164.08,163.55,163.55,1,163.45,1,163.4,3,163.38,7,163.31,7,163.3,1,163.29,1,163.28,1,163.27,4,162.97,1,164.08,4,164.09,3,164.13,2,164.2,3,164.28,3,164.33,3,164.34,4,164.43,3,164.63,10,,
2025-04-10 09:32:33,163.815,163.63,1,163.55,1,164.08,4,164.08,163.55,163.55,1,163.45,1,163.4,3,163.38,7,163.31,7,163.3,1,163.29,1,163.28,1,163.27,4,162.97,1,164.08,4,164.09,3,164.13,2,164.2,3,164.28,3,164.33,3,164.34,4,164.43,3,164.63,10,,
2025-04-10 09:32:34,163.81,163.65,1,163.55,1,164.07,4,164.07,163.55,163.55,1,163.45,1,163.4,3,163.38,7,163.31,7,163.3,1,163.29,1,163.28,1,163.27,4,162.97,1,164.07,4,164.08,4,164.09,3,164.13,2,164.2,3,164.28,3,164.33,3,164.34,4,164.43,3,164.63,10
2025-04-10 09:32:35,163.81,163.65,1,163.55,1,164.07,4,164.07,163.55,163.55,1,163.45,1,163.4,3,163.38,7,163.31,7,163.3,1,163.29,1,163.28,1,163.27,4,162.97,1,164.07,4,164.08,4,164.09,3,164.13,2,164.2,3,164.28,3,164.33,3,164.34,4,164.43,3,164.63,10
2025-04-10 09:32:36,163.6,163.65,1,163.38,9,163.82,3,163.82,163.38,163.38,9,163.31,7,163.3,1,163.29,1,163.28,1,163.27,4,162.97,1,162.91,2,161.84,3,,,163.82,3,164.07,4,164.08,4,164.09,3,164.13,2,164.2,3,164.28,3,164.33,3,164.34,4,164.43,3
2025-04-10 09:32:37,163.6,163.65,1,163.38,9,163.82,3,163.82,163.38,163.38,9,163.31,7,163.3,1,163.29,1,163.28,1,163.27,4,162.97,1,162.91,2,161.84,3,,,163.82,3,164.07,4,164.08,4,164.09,3,164.13,2,164.2,3,164.28,3,164.33,3,164.34,4,164.43,3
2025-04-10 09:32:38,163.32,163.3,2,163.12,4,163.52,2,163.52,163.12,163.12,4,162.97,1,162.91,2,161.84,3,,,,,,,,,,,,,163.52,2,163.59,1,163.69,2,163.82,3,164.07,4,164.08,4,164.09,3,164.13,2,164.2,3,164.28,3
2025-04-10 09:32:39,163.285,163.29,1,163.12,4,163.45,1,163.45,163.12,163.12,4,162.97,1,162.91,2,161.84,3,,,,,,,,,,,,,163.45,1,163.52,2,163.59,1,163.69,2,163.82,3,164.07,4,164.08,4,164.09,3,164.13,2,164.2,3
2025-04-10 09:32:40,163.105,163.11,1,162.92,1,163.29,3,163.29,162.92,162.92,1,162.91,2,161.84,3,,,,,,,,,,,,,,,163.29,3,163.4,1,163.45,2,163.52,2,163.59,1,163.69,2,163.82,3,164.07,4,164.08,4,164.09,3
2025-04-10 09:32:41,163.105,163.11,1,162.92,1,163.29,3,163.29,162.92,162.92,1,162.91,2,161.84,3,,,,,,,,,,,,,,,163.29,3,163.4,1,163.45,2,163.52,2,163.59,1,163.69,2,163.82,3,164.07,4,164.08,4,164.09,3
2025-04-10 09:32:42,162.945,162.78,1,162.77,3,163.12,2,163.12,162.77,162.77,3,161.84,3,,,,,,,,,,,,,,,,,163.12,2,163.21,1,163.28,2,163.29,3,163.4,1,163.45,2,163.52,2,163.59,1,163.69,2,163.82,3
2025-04-10 09:32:43,162.975,162.85,1,162.83,1,163.12,2,163.12,162.83,162.83,1,162.77,3,161.84,3,,,,,,,,,,,,,,,163.12,2,163.21,1,163.28,2,163.29,3,163.4,1,163.45,2,163.52,2,163.59,1,163.69,2,163.82,3
2025-04-10 09:32:44,162.975,162.85,1,162.83,1,163.12,2,163.12,162.83,162.83,1,162.77,3,161.84,3,,,,,,,,,,,,,,,163.12,2,163.21,1,163.28,2,163.29,3,163.4,1,163.45,2,163.52,2,163.59,1,163.69,2,163.82,3
2025-04-10 09:32:45,162.92,162.84,1,162.72,1,163.12,3,163.12,162.72,162.72,1,161.84,3,,,,,,,,,,,,,,,,,163.12,3,163.21,1,163.28,2,163.29,3,163.4,1,163.45,2,163.52,2,163.59,1,163.69,2,163.82,3
2025-04-10 09:32:46,162.92,162.84,1,162.72,1,163.12,3,163.12,162.72,162.72,1,161.84,3,,,,,,,,,,,,,,,,,163.12,3,163.21,1,163.28,2,163.29,3,163.4,1,163.45,2,163.52,2,163.59,1,163.69,2,163.82,3
2025-04-10 09:32:47,162.92,162.84,1,162.72,1,163.12,3,163.12,162.72,162.72,1,161.84,3,,,,,,,,,,,,,,,,,163.12,3,163.21,1,163.28,2,163.29,3,163.4,1,163.45,2,163.52,2,163.59,1,163.69,2,163.82,3
2025-04-10 09:32:48,162.92,162.84,1,162.72,1,163.12,3,163.12,162.72,162.72,1,161.84,3,,,,,,,,,,,,,,,,,163.12,3,163.21,1,163.28,2,163.29,3,163.4,1,163.45,2,163.52,2,163.59,1,163.69,2,163.82,3
2025-04-10 09:32:49,162.92,162.84,1,162.72,1,163.12,4,163.12,162.72,162.72,1,161.84,3,,,,,,,,,,,,,,,,,163.12,4,163.21,1,163.28,2,163.29,3,163.4,1,163.45,2,163.52,2,163.59,1,163.69,2,163.82,3
2025-04-10 09:32:50,162.92,162.92,1,162.72,1,163.12,4,163.12,162.72,162.72,1,161.84,3,,,,,,,,,,,,,,,,,163.12,4,163.21,1,163.28,2,163.29,3,163.4,1,163.45,2,163.52,2,163.59,1,163.69,2,163.82,3
2025-04-10 09:32:51,162.92,162.8,1,162.72,2,163.12,4,163.12,162.72,162.72,2,161.84,3,,,,,,,,,,,,,,,,,163.12,4,163.21,1,163.28,2,163.29,3,163.4,1,163.45,2,163.52,2,163.59,1,163.69,2,163.82,3
2025-04-10 09:32:52,162.92,162.8,1,162.72,2,163.12,4,163.12,162.72,162.72,2,161.84,3,,,,,,,,,,,,,,,,,163.12,4,163.21,1,163.28,2,163.29,3,163.4,1,163.45,2,163.52,2,163.59,1,163.69,2,163.82,3
2025-04-10 09:32:53,162.92,162.8,1,162.72,2,163.12,4,163.12,162.72,162.72,2,161.84,3,,,,,,,,,,,,,,,,,163.12,4,163.21,1,163.28,2,163.29,3,163.4,1,163.45,2,163.52,2,163.59,1,163.69,2,163.82,3
2025-04-10 09:32:54,162.92,162.92,1,162.72,2,163.12,4,163.12,162.72,162.72,2,161.84,3,,,,,,,,,,,,,,,,,163.12,4,163.21,1,163.28,2,163.29,3,163.4,1,163.45,2,163.52,2,163.59,1,163.69,2,163.82,3
2025-04-10 09:32:55,162.905,162.72,1,162.72,2,163.09,2,163.09,162.72,162.72,2,161.84,3,,,,,,,,,,,,,,,,,163.09,2,163.12,4,163.21,1,163.28,2,163.29,3,163.4,1,163.45,2,163.52,2,163.59,1,163.69,2
2025-04-10 09:32:56,162.905,162.72,1,162.72,2,163.09,2,163.09,162.72,162.72,2,161.84,3,,,,,,,,,,,,,,,,,163.09,2,163.12,4,163.21,1,163.28,2,163.29,3,163.4,1,163.45,2,163.52,2,163.59,1,163.69,2
2025-04-10 09:32:57,162.905,163.09,9,162.72,2,163.09,3,163.09,162.72,162.72,2,161.84,3,,,,,,,,,,,,,,,,,163.09,3,163.12,4,163.21,1,163.28,2,163.29,3,163.4,1,163.45,2,163.52,2,163.59,1,163.69,2
2025-04-10 09:32:58,162.905,162.72,1,162.72,3,163.09,2,163.09,162.72,162.72,3,161.84,3,,,,,,,,,,,,,,,,,163.09,2,163.12,4,163.21,1,163.28,2,163.29,3,163.4,1,163.45,2,163.52,2,163.59,1,163.69,2
2025-04-10 09:32:59,162.865,162.9,1,162.64,4,163.09,3,163.09,162.64,162.64,4,161.84,3,,,,,,,,,,,,,,,,,163.09,3,163.12,4,163.21,1,163.28,2,163.29,3,163.4,1,163.45,2,163.52,2,163.59,1,163.69,2
2025-04-10 09:33:00,162.865,162.9,1,162.64,5,163.09,3,163.09,162.64,162.64,5,161.84,3,,,,,,,,,,,,,,,,,163.09,3,163.12,4,163.21,1,163.28,2,163.29,3,163.4,1,163.45,2,163.52,2,163.59,1,163.69,2
2025-04-10 09:33:01,162.865,162.87,1,162.64,5,163.09,3,163.09,162.64,162.64,5,161.84,3,,,,,,,,,,,,,,,,,163.09,3,163.12,4,163.21,1,163.28,2,163.29,3,163.4,1,163.45,2,163.52,2,163.59,1,163.69,2
2025-04-10 09:33:02,162.865,162.87,1,162.64,5,163.09,3,163.09,162.64,162.64,5,161.84,3,,,,,,,,,,,,,,,,,163.09,3,163.12,4,163.21,1,163.28,2,163.29,3,163.4,1,163.45,2,163.52,2,163.59,1,163.69,2
2025-04-10 09:33:03,162.865,162.87,1,162.64,5,163.09,3,163.09,162.64,162.64,5,161.84,3,,,,,,,,,,,,,,,,,163.09,3,163.12,4,163.21,1,163.28,2,163.29,3,163.4,1,163.45,2,163.52,2,163.59,1,163.69,2
2025-04-10 09:33:04,162.865,162.87,1,162.64,5,163.09,2,163.09,162.64,162.64,5,161.84,3,,,,,,,,,,,,,,,,,163.09,2,163.12,4,163.21,1,163.28,2,163.29,3,163.4,1,163.45,2,163.52,2,163.59,1,163.69,2
2025-04-10 09:33:05,162.865,162.87,1,162.64,6,163.09,2,163.09,162.64,162.64,6,161.84,3,,,,,,,,,,,,,,,,,163.09,2,163.12,4,163.21,1,163.28,2,163.29,3,163.4,1,163.45,2,163.52,2,163.59,1,163.69,2
2025-04-10 09:33:06,162.865,162.87,1,162.64,6,163.09,2,163.09,162.64,162.64,6,161.84,3,,,,,,,,,,,,,,,,,163.09,2,163.12,4,163.21,1,163.28,2,163.29,3,163.4,1,163.45,2,163.52,2,163.59,1,163.69,2
2025-04-10 09:33:07,162.865,162.87,1,162.64,6,163.09,2,163.09,162.64,162.64,6,161.84,3,,,,,,,,,,,,,,,,,163.09,2,163.12,4,163.21,1,163.28,2,163.29,3,163.4,1,163.45,2,163.52,2,163.59,1,163.69,2
2025-04-10 09:33:08,162.865,162.98,1,162.64,6,163.09,2,163.09,162.64,162.64,6,161.84,3,,,,,,,,,,,,,,,,,163.09,2,163.12,4,163.21,1,163.28,2,163.29,3,163.4,1,163.45,2,163.52,2,163.59,1,163.69,2
2025-04-10 09:33:09,162.865,162.98,1,162.64,6,163.09,2,163.09,162.64,162.64,6,161.84,3,,,,,,,,,,,,,,,,,163.09,2,163.12,4,163.21,1,163.28,2,163.29,3,163.4,1,163.45,2,163.52,2,163.59,1,163.69,2
2025-04-10 09:33:10,162.865,162.98,1,162.64,6,163.09,2,163.09,162.64,162.64,6,161.84,3,,,,,,,,,,,,,,,,,163.09,2,163.12,4,163.21,1,163.28,2,163.29,3,163.4,1,163.45,2,163.52,2,163.59,1,163.69,2
2025-04-10 09:33:11,162.865,162.98,1,162.64,6,163.09,2,163.09,162.64,162.64,6,161.84,3,,,,,,,,,,,,,,,,,163.09,2,163.12,4,163.21,1,163.28,2,163.29,3,163.4,1,163.45,2,163.52,2,163.59,1,163.69,2
2025-04-10 09:33:12,162.865,162.98,1,162.64,6,163.09,2,163.09,162.64,162.64,6,161.84,3,,,,,,,,,,,,,,,,,163.09,2,163.12,4,163.21,1,163.28,2,163.29,3,163.4,1,163.45,2,163.52,2,163.59,1,163.69,2
2025-04-10 09:33:13,162.865,162.98,1,162.64,6,163.09,2,163.09,162.64,162.64,6,161.84,3,,,,,,,,,,,,,,,,,163.09,2,163.12,4,163.21,1,163.28,2,163.29,3,163.4,1,163.45,2,163.52,2,163.59,1,163.69,2
2025-04-10 09:33:14,162.865,162.98,1,162.64,6,163.09,2,163.09,162.64,162.64,6,161.84,3,,,,,,,,,,,,,,,,,163.09,2,163.12,4,163.21,1,163.28,2,163.29,3,163.4,1,163.45,2,163.52,2,163.59,1,163.69,2
2025-04-10 09:33:15,163.37,163.38,1,163.07,1,163.52,3,163.52,163.07,163.22,1,163.07,1,162.99,1,162.85,2,162.72,1,162.65,1,162.64,9,161.84,3,,,,,163.52,3,163.59,1,163.69,2,163.82,3,164.07,4,164.08,4,164.09,3,164.13,2,164.2,3,164.28,3
2025-04-10 09:33:16,163.265,163.38,1,163.01,3,163.52,4,163.52,163.01,163.01,3,163.0,1,162.99,1,162.85,2,162.72,1,162.65,1,162.64,9,161.84,3,,,,,163.52,4,163.59,1,163.69,2,163.82,3,164.07,4,164.08,4,164.09,3,164.13,2,164.2,3,164.28,3
2025-04-10 09:33:17,163.265,163.38,1,163.01,3,163.52,4,163.52,163.01,163.01,3,163.0,1,162.99,1,162.85,2,162.72,1,162.65,1,162.64,9,161.84,3,,,,,163.52,4,163.59,1,163.69,2,163.82,3,164.07,4,164.08,4,164.09,3,164.13,2,164.2,3,164.28,3
2025-04-10 09:33:18,163.265,163.38,1,163.01,3,163.52,4,163.52,163.01,163.01,3,163.0,1,162.99,1,162.85,2,162.72,1,162.65,1,162.64,9,161.84,3,,,,,163.52,4,163.59,1,163.69,2,163.82,3,164.07,4,164.08,4,164.09,3,164.13,2,164.2,3,164.28,3
2025-04-10 09:33:19,163.265,163.38,1,163.01,3,163.52,4,163.52,163.01,163.01,3,163.0,1,162.99,1,162.85,2,162.72,1,162.65,1,162.64,9,161.84,3,,,,,163.52,4,163.59,1,163.69,2,163.82,3,164.07,4,164.08,4,164.09,3,164.13,2,164.2,3,164.28,3
2025-04-10 09:33:20,163.265,163.38,1,163.01,3,163.52,4,163.52,163.01,163.01,3,163.0,1,162.99,1,162.85,2,162.72,1,162.65,1,162.64,9,161.84,3,,,,,163.52,4,163.59,1,163.69,2,163.82,3,164.07,4,164.08,4,164.09,3,164.13,2,164.2,3,164.28,3
2025-04-10 09:33:21,163.265,163.38,1,163.01,4,163.52,4,163.52,163.01,163.01,4,163.0,1,162.99,1,162.85,2,162.72,1,162.65,1,162.64,9,161.84,3,,,,,163.52,4,163.59,1,163.69,2,163.82,3,164.07,4,164.08,4,164.09,3,164.13,2,164.2,3,164.28,3
2025-04-10 09:33:22,163.265,163.34,2,163.01,4,163.52,4,163.52,163.01,163.01,4,163.0,1,162.99,1,162.85,2,162.72,1,162.65,1,162.64,9,161.84,3,,,,,163.52,4,163.59,1,163.69,2,163.82,3,164.07,4,164.08,4,164.09,3,164.13,2,164.2,3,164.28,3
2025-04-10 09:33:23,163.33,163.33,1,163.14,4,163.52,4,163.52,163.14,163.14,4,163.07,1,163.05,2,163.01,6,163.0,1,162.99,1,162.85,2,162.72,1,162.65,1,162.64,9,163.52,4,163.59,1,163.69,2,163.82,3,164.07,4,164.08,4,164.09,3,164.13,2,164.2,3,164.28,3
2025-04-10 09:33:24,163.375,163.52,1,163.14,7,163.61,1,163.61,163.14,163.14,7,163.07,1,163.05,2,163.01,6,163.0,1,162.99,1,162.85,2,162.72,1,162.65,1,162.64,9,163.61,1,163.69,2,163.82,3,164.07,4,164.08,4,164.09,3,164.13,2,164.2,3,164.28,3,164.33,3
2025-04-10 09:33:25,163.415,163.52,1,163.22,2,163.61,1,163.61,163.22,163.22,2,163.2,3,163.14,7,163.07,1,163.05,2,163.01,6,163.0,1,162.99,1,162.85,2,162.72,1,163.61,1,163.69,2,163.82,3,164.07,4,164.08,4,164.09,3,164.13,2,164.2,3,164.28,3,164.33,3
2025-04-10 09:33:26,163.415,163.52,1,163.22,2,163.61,1,163.61,163.22,163.22,2,163.2,3,163.14,7,163.07,1,163.05,2,163.01,6,163.0,1,162.99,1,162.85,2,162.72,1,163.61,1,163.69,2,163.82,3,164.07,4,164.08,4,164.09,3,164.13,2,164.2,3,164.28,3,164.33,3
2025-04-10 09:33:27,163.415,163.52,1,163.22,2,163.61,1,163.61,163.22,163.22,2,163.2,3,163.14,7,163.07,1,163.05,2,163.01,6,163.0,1,162.99,1,162.85,2,162.72,1,163.61,1,163.69,2,163.82,3,164.07,4,164.08,4,164.09,3,164.13,2,164.2,3,164.28,3,164.33,3
2025-04-10 09:33:28,163.415,163.52,1,163.22,2,163.61,1,163.61,163.22,163.22,2,163.2,3,163.14,7,163.07,1,163.05,2,163.01,6,163.0,1,162.99,1,162.85,2,162.72,1,163.61,1,163.69,2,163.82,3,164.07,4,164.08,4,164.09,3,164.13,2,164.2,3,164.28,3,164.33,3
2025-04-10 09:33:29,163.415,163.52,1,163.22,2,163.61,1,163.61,163.22,163.22,2,163.2,3,163.14,7,163.07,1,163.05,2,163.01,6,163.0,1,162.99,1,162.85,2,162.72,1,163.61,1,163.69,2,163.82,3,164.07,4,164.08,4,164.09,3,164.13,2,164.2,3,164.28,3,164.33,3
2025-04-10 09:33:30,163.445,163.52,1,163.22,4,163.67,1,163.67,163.22,163.22,4,163.2,3,163.14,7,163.07,1,163.05,2,163.01,6,163.0,1,162.99,1,162.85,2,162.72,1,163.67,1,163.69,2,163.82,3,164.07,4,164.08,4,164.09,3,164.13,2,164.2,3,164.28,3,164.33,3
2025-04-10 09:33:31,163.445,163.61,5,163.22,7,163.67,1,163.67,163.22,163.22,7,163.2,3,163.14,7,163.07,1,163.05,2,163.01,6,163.0,1,162.99,1,162.85,2,162.72,1,163.67,1,163.69,2,163.82,3,164.07,4,164.08,4,164.09,3,164.13,2,164.2,3,164.28,3,164.33,3
2025-04-10 09:33:32,163.575,163.57,1,163.34,2,163.81,1,163.81,163.34,163.34,2,163.22,7,163.2,3,163.14,7,163.07,1,163.05,2,163.01,6,163.0,1,162.99,1,162.85,2,163.81,1,163.82,3,164.07,4,164.08,4,164.09,3,164.13,2,164.2,3,164.28,3,164.33,3,164.34,4
2025-04-10 09:33:33,163.575,163.57,1,163.34,2,163.81,1,163.81,163.34,163.34,2,163.22,7,163.2,3,163.14,7,163.07,1,163.05,2,163.01,6,163.0,1,162.99,1,162.85,2,163.81,1,163.82,3,164.07,4,164.08,4,164.09,3,164.13,2,164.2,3,164.28,3,164.33,3,164.34,4
2025-04-10 09:33:34,163.575,163.57,1,163.34,2,163.81,1,163.81,163.34,163.34,2,163.22,7,163.2,3,163.14,7,163.07,1,163.05,2,163.01,6,163.0,1,162.99,1,162.85,2,163.81,1,163.82,3,164.07,4,164.08,4,164.09,3,164.13,2,164.2,3,164.28,3,164.33,3,164.34,4
2025-04-10 09:33:35,163.575,163.57,1,163.34,2,163.81,1,163.81,163.34,163.34,2,163.22,7,163.2,3,163.14,7,163.07,1,163.05,2,163.01,6,163.0,1,162.99,1,162.85,2,163.81,1,163.82,3,164.07,4,164.08,4,164.09,3,164.13,2,164.2,3,164.28,3,164.33,3,164.34,4
2025-04-10 09:33:36,163.575,163.77,6,163.34,2,163.81,1,163.81,163.34,163.34,2,163.22,7,163.2,3,163.14,7,163.07,1,163.05,2,163.01,6,163.0,1,162.99,1,162.85,2,163.81,1,163.82,3,164.07,4,164.08,4,164.09,3,164.13,2,164.2,3,164.28,3,164.33,3,164.34,4
2025-04-10 09:33:37,163.575,163.77,6,163.34,2,163.81,1,163.81,163.34,163.34,2,163.22,7,163.2,3,163.14,7,163.07,1,163.05,2,163.01,6,163.0,1,162.99,1,162.85,2,163.81,1,163.82,3,164.07,4,164.08,4,164.09,3,164.13,2,164.2,3,164.28,3,164.33,3,164.34,4
2025-04-10 09:33:38,163.575,163.77,1,163.34,2,163.81,1,163.81,163.34,163.34,2,163.22,7,163.2,3,163.14,7,163.07,1,163.05,2,163.01,6,163.0,1,162.99,1,162.85,2,163.81,1,163.82,3,164.07,4,164.08,4,164.09,3,164.13,2,164.2,3,164.28,3,164.33,3,164.34,4
2025-04-10 09:33:39,163.575,163.77,1,163.34,2,163.81,1,163.81,163.34,163.34,2,163.22,7,163.2,3,163.14,7,163.07,1,163.05,2,163.01,6,163.0,1,162.99,1,162.85,2,163.81,1,163.82,3,164.07,4,164.08,4,164.09,3,164.13,2,164.2,3,164.28,3,164.33,3,164.34,4
2025-04-10 09:33:40,163.575,163.77,1,163.34,2,163.81,1,163.81,163.34,163.34,2,163.22,7,163.2,3,163.14,7,163.07,1,163.05,2,163.01,6,163.0,1,162.99,1,162.85,2,163.81,1,163.82,3,164.07,4,164.08,4,164.09,3,164.13,2,164.2,3,164.28,3,164.33,3,164.34,4
2025-04-10 09:33:41,163.575,163.77,1,163.34,2,163.81,1,163.81,163.34,163.34,2,163.22,7,163.2,3,163.14,7,163.07,1,163.05,2,163.01,6,163.0,1,162.99,1,162.85,2,163.81,1,163.82,3,164.07,4,164.08,4,164.09,3,164.13,2,164.2,3,164.28,3,164.33,3,164.34,4
2025-04-10 09:33:43,163.575,163.77,1,163.34,2,163.81,1,163.81,163.34,163.34,2,163.22,7,163.2,3,163.14,7,163.07,1,163.05,2,163.01,6,163.0,1,162.99,1,162.85,2,163.81,1,163.82,3,164.07,4,164.08,4,164.09,3,164.13,2,164.2,3,164.28,3,164.33,3,164.34,4
2025-04-10 09:33:43,163.62,163.77,1,163.43,1,163.81,1,163.81,163.43,163.43,1,163.34,2,163.22,7,163.2,3,163.14,7,163.07,1,163.05,2,163.01,6,163.0,1,162.99,1,163.81,1,163.82,3,164.07,4,164.08,4,164.09,3,164.13,2,164.2,3,164.28,3,164.33,3,164.34,4
2025-04-10 09:33:44,163.62,163.77,1,163.43,1,163.81,1,163.81,163.43,163.43,1,163.34,2,163.22,7,163.2,3,163.14,7,163.07,1,163.05,2,163.01,6,163.0,1,162.99,1,163.81,1,163.82,3,164.07,4,164.08,4,164.09,3,164.13,2,164.2,3,164.28,3,164.33,3,164.34,4
2025-04-10 09:33:46,163.62,163.61,1,163.43,1,163.81,1,163.81,163.43,163.43,1,163.34,2,163.22,7,163.2,3,163.14,7,163.07,1,163.05,2,163.01,6,163.0,1,162.99,1,163.81,1,163.82,3,164.07,4,164.08,4,164.09,3,164.13,2,164.2,3,164.28,3,164.33,3,164.34,4
2025-04-10 09:33:47,163.62,163.61,1,163.43,1,163.81,1,163.81,163.43,163.43,1,163.34,2,163.22,7,163.2,3,163.14,7,163.07,1,163.05,2,163.01,6,163.0,1,162.99,1,163.81,1,163.82,3,164.07,4,164.08,4,164.09,3,164.13,2,164.2,3,164.28,3,164.33,3,164.34,4
2025-04-10 09:33:47,163.62,163.61,1,163.43,1,163.81,1,163.81,163.43,163.43,1,163.34,2,163.22,7,163.2,3,163.14,7,163.07,1,163.05,2,163.01,6,163.0,1,162.99,1,163.81,1,163.82,3,164.07,4,164.08,4,164.09,3,164.13,2,164.2,3,164.28,3,164.33,3,164.34,4
2025-04-10 09:33:49,163.62,163.61,1,163.43,2,163.81,1,163.81,163.43,163.43,2,163.34,2,163.22,7,163.2,3,163.14,7,163.07,1,163.05,2,163.01,6,163.0,1,162.99,1,163.81,1,163.82,3,164.07,4,164.08,4,164.09,3,164.13,2,164.2,3,164.28,3,164.33,3,164.34,4
2025-04-10 09:33:50,163.62,163.61,1,163.43,2,163.81,1,163.81,163.43,163.43,2,163.34,2,163.22,7,163.2,3,163.14,7,163.07,1,163.05,2,163.01,6,163.0,1,162.99,1,163.81,1,163.82,3,164.07,4,164.08,4,164.09,3,164.13,2,164.2,3,164.28,3,164.33,3,164.34,4
2025-04-10 09:33:50,163.62,163.61,1,163.43,2,163.81,1,163.81,163.43,163.43,2,163.34,2,163.22,7,163.2,3,163.14,7,163.07,1,163.05,2,163.01,6,163.0,1,162.99,1,163.81,1,163.82,3,164.07,4,164.08,4,164.09,3,164.13,2,164.2,3,164.28,3,164.33,3,164.34,4
2025-04-10 09:33:51,163.62,163.61,1,163.43,2,163.81,1,163.81,163.43,163.43,2,163.34,2,163.22,7,163.2,3,163.14,7,163.07,1,163.05,2,163.01,6,163.0,1,162.99,1,163.81,1,163.82,3,164.07,4,164.08,4,164.09,3,164.13,2,164.2,3,164.28,3,164.33,3,164.34,4
2025-04-10 09:33:53,163.62,163.56,1,163.43,2,163.81,1,163.81,163.43,163.43,2,163.34,2,163.22,7,163.2,3,163.14,7,163.07,1,163.05,2,163.01,6,163.0,1,162.99,1,163.81,1,163.82,3,164.07,4,164.08,4,164.09,3,164.13,2,164.2,3,164.28,3,164.33,3,164.34,4
2025-04-10 09:33:53,163.62,163.64,7,163.43,3,163.81,2,163.81,163.43,163.43,3,163.34,2,163.22,7,163.2,3,163.14,7,163.07,1,163.05,2,163.01,6,163.0,1,162.99,1,163.81,2,163.82,3,164.07,4,164.08,4,164.09,3,164.13,2,164.2,3,164.28,3,164.33,3,164.34,4
2025-04-10 09:33:55,163.62,163.64,7,163.43,4,163.81,2,163.81,163.43,163.43,4,163.34,2,163.22,7,163.2,3,163.14,7,163.07,1,163.05,2,163.01,6,163.0,1,162.99,1,163.81,2,163.82,3,164.07,4,164.08,4,164.09,3,164.13,2,164.2,3,164.28,3,164.33,3,164.34,4
2025-04-10 09:33:56,163.62,163.62,2,163.43,4,163.81,2,163.81,163.43,163.43,4,163.34,2,163.22,7,163.2,3,163.14,7,163.07,1,163.05,2,163.01,6,163.0,1,162.99,1,163.81,2,163.82,3,164.07,4,164.08,4,164.09,3,164.13,2,164.2,3,164.28,3,164.33,3,164.34,4
2025-04-10 09:33:57,163.515,163.51,2,163.22,5,163.81,2,163.81,163.22,163.22,5,163.2,3,163.14,7,163.07,1,163.05,2,163.01,6,163.0,1,162.99,1,162.85,2,162.72,1,163.81,2,163.82,3,164.07,4,164.08,4,164.09,3,164.13,2,164.2,3,164.28,3,164.33,3,164.34,4
2025-04-10 09:33:58,163.515,163.51,1,163.22,5,163.81,2,163.81,163.22,163.22,5,163.2,3,163.14,7,163.07,1,163.05,2,163.01,6,163.0,1,162.99,1,162.85,2,162.72,1,163.81,2,163.82,3,164.07,4,164.08,4,164.09,3,164.13,2,164.2,3,164.28,3,164.33,3,164.34,4
2025-04-10 09:33:59,163.515,163.51,1,163.22,5,163.81,2,163.81,163.22,163.22,5,163.2,3,163.14,7,163.07,1,163.05,2,163.01,6,163.0,1,162.99,1,162.85,2,162.72,1,163.81,2,163.82,3,164.07,4,164.08,4,164.09,3,164.13,2,164.2,3,164.28,3,164.33,3,164.34,4
2025-04-10 09:34:00,163.515,163.51,1,163.22,5,163.81,2,163.81,163.22,163.22,5,163.2,3,163.14,7,163.07,1,163.05,2,163.01,6,163.0,1,162.99,1,162.85,2,162.72,1,163.81,2,163.82,3,164.07,4,164.08,4,164.09,3,164.13,2,164.2,3,164.28,3,164.33,3,164.34,4
2025-04-10 09:34:01,163.51,163.61,2,163.22,4,163.8,4,163.8,163.22,163.22,4,163.2,3,163.14,7,163.07,1,163.05,2,163.01,6,163.0,1,162.99,1,162.85,2,162.72,1,163.8,4,163.81,2,163.82,3,164.07,4,164.08,4,164.09,3,164.13,2,164.2,3,164.28,3,164.33,3
2025-04-10 09:34:02,163.54,163.51,1,163.22,4,163.86,1,163.86,163.22,163.22,4,163.2,3,163.14,7,163.07,1,163.05,2,163.01,6,163.0,1,162.99,1,162.85,2,162.72,1,163.86,1,164.07,4,164.08,4,164.09,3,164.13,2,164.2,3,164.28,3,164.33,3,164.34,4,164.43,3
2025-04-10 09:34:02,163.5,163.51,1,163.22,5,163.78,1,163.78,163.22,163.22,5,163.2,3,163.14,7,163.07,1,163.05,2,163.01,6,163.0,1,162.99,1,162.85,2,162.72,1,163.78,1,163.86,1,164.07,4,164.08,4,164.09,3,164.13,2,164.2,3,164.28,3,164.33,3,164.34,4
2025-04-10 09:34:04,163.5,163.51,1,163.22,5,163.78,1,163.78,163.22,163.22,5,163.2,3,163.14,7,163.07,1,163.05,2,163.01,6,163.0,1,162.99,1,162.85,2,162.72,1,163.78,1,163.86,1,164.07,4,164.08,4,164.09,3,164.13,2,164.2,3,164.28,3,164.33,3,164.34,4
2025-04-10 09:34:04,163.5,163.51,1,163.22,5,163.78,1,163.78,163.22,163.22,5,163.2,3,163.14,7,163.07,1,163.05,2,163.01,6,163.0,1,162.99,1,162.85,2,162.72,1,163.78,1,163.86,1,164.07,4,164.08,4,164.09,3,164.13,2,164.2,3,164.28,3,164.33,3,164.34,4
2025-04-10 09:34:06,163.5,163.51,1,163.22,5,163.78,1,163.78,163.22,163.22,5,163.2,3,163.14,7,163.07,1,163.05,2,163.01,6,163.0,1,162.99,1,162.85,2,162.72,1,163.78,1,163.86,1,164.07,4,164.08,4,164.09,3,164.13,2,164.2,3,164.28,3,164.33,3,164.34,4
2025-04-10 09:34:07,163.5,163.51,1,163.22,5,163.78,1,163.78,163.22,163.22,5,163.2,3,163.14,7,163.07,1,163.05,2,163.01,6,163.0,1,162.99,1,162.85,2,162.72,1,163.78,1,163.86,1,164.07,4,164.08,4,164.09,3,164.13,2,164.2,3,164.28,3,164.33,3,164.34,4
2025-04-10 09:34:08,163.5,163.51,1,163.22,5,163.78,1,163.78,163.22,163.22,5,163.2,3,163.14,7,163.07,1,163.05,2,163.01,6,163.0,1,162.99,1,162.85,2,162.72,1,163.78,1,163.86,1,164.07,4,164.08,4,164.09,3,164.13,2,164.2,3,164.28,3,164.33,3,164.34,4
2025-04-10 09:34:09,163.56,163.5,2,163.34,4,163.78,1,163.78,163.34,163.34,4,163.22,6,163.2,3,163.14,7,163.07,1,163.05,2,163.01,6,163.0,1,162.99,1,162.85,2,163.78,1,163.86,1,164.07,4,164.08,4,164.09,3,164.13,2,164.2,3,164.28,3,164.33,3,164.34,4
2025-04-10 09:34:10,163.56,163.32,1,163.34,4,163.78,1,163.78,163.34,163.34,4,163.22,6,163.2,3,163.14,7,163.07,1,163.05,2,163.01,6,163.0,1,162.99,1,162.85,2,163.78,1,163.86,1,164.07,4,164.08,4,164.09,3,164.13,2,164.2,3,164.28,3,164.33,3,164.34,4
2025-04-10 09:34:11,163.56,163.63,1,163.34,6,163.78,1,163.78,163.34,163.34,6,163.22,6,163.2,3,163.14,7,163.07,1,163.05,2,163.01,6,163.0,1,162.99,1,162.85,2,163.78,1,163.86,1,164.07,4,164.08,4,164.09,3,164.13,2,164.2,3,164.28,3,164.33,3,164.34,4
2025-04-10 09:34:12,163.56,163.63,1,163.34,6,163.78,1,163.78,163.34,163.34,6,163.22,6,163.2,3,163.14,7,163.07,1,163.05,2,163.01,6,163.0,1,162.99,1,162.85,2,163.78,1,163.86,1,164.07,4,164.08,4,164.09,3,164.13,2,164.2,3,164.28,3,164.33,3,164.34,4
2025-04-10 09:34:13,163.56,163.63,1,163.34,6,163.78,1,163.78,163.34,163.34,6,163.22,6,163.2,3,163.14,7,163.07,1,163.05,2,163.01,6,163.0,1,162.99,1,162.85,2,163.78,1,163.86,1,164.07,4,164.08,4,164.09,3,164.13,2,164.2,3,164.28,3,164.33,3,164.34,4
2025-04-10 09:34:14,163.56,163.56,1,163.34,6,163.78,1,163.78,163.34,163.34,6,163.22,6,163.2,3,163.14,7,163.07,1,163.05,2,163.01,6,163.0,1,162.99,1,162.85,2,163.78,1,163.86,1,164.07,4,164.08,4,164.09,3,164.13,2,164.2,3,164.28,3,164.33,3,164.34,4
2025-04-10 09:34:15,163.56,163.56,1,163.34,6,163.78,1,163.78,163.34,163.34,6,163.22,6,163.2,3,163.14,7,163.07,1,163.05,2,163.01,6,163.0,1,162.99,1,162.85,2,163.78,1,163.86,1,164.07,4,164.08,4,164.09,3,164.13,2,164.2,3,164.28,3,164.33,3,164.34,4
2025-04-10 09:34:16,163.56,163.56,1,163.34,6,163.78,1,163.78,163.34,163.34,6,163.22,6,163.2,3,163.14,7,163.07,1,163.05,2,163.01,6,163.0,1,162.99,1,162.85,2,163.78,1,163.86,1,164.07,4,164.08,4,164.09,3,164.13,2,164.2,3,164.28,3,164.33,3,164.34,4
2025-04-10 09:34:17,163.56,163.56,1,163.34,6,163.78,1,163.78,163.34,163.34,6,163.22,6,163.2,3,163.14,7,163.07,1,163.05,2,163.01,6,163.0,1,162.99,1,162.85,2,163.78,1,163.86,1,164.07,4,164.08,4,164.09,3,164.13,2,164.2,3,164.28,3,164.33,3,164.34,4
2025-04-10 09:34:18,163.56,163.34,1,163.34,3,163.78,1,163.78,163.34,163.34,3,163.22,6,163.2,3,163.14,7,163.07,1,163.05,2,163.01,6,163.0,1,162.99,1,162.85,2,163.78,1,163.86,1,164.07,4,164.08,4,164.09,3,164.13,2,164.2,3,164.28,3,164.33,3,164.34,4
2025-04-10 09:34:19,163.5,163.34,1,163.22,6,163.78,2,163.78,163.22,163.22,6,163.2,3,163.14,7,163.07,1,163.05,2,163.01,6,163.0,1,162.99,1,162.85,2,162.72,1,163.78,2,163.86,1,164.07,4,164.08,4,164.09,3,164.13,2,164.2,3,164.28,3,164.33,3,164.34,4
2025-04-10 09:34:20,163.5,163.5,1,163.22,6,163.78,2,163.78,163.22,163.22,6,163.2,3,163.14,7,163.07,1,163.05,2,163.01,6,163.0,1,162.99,1,162.85,2,162.72,1,163.78,2,163.86,1,164.07,4,164.08,4,164.09,3,164.13,2,164.2,3,164.28,3,164.33,3,164.34,4
2025-04-10 09:34:21,163.5,163.5,1,163.22,6,163.78,1,163.78,163.22,163.22,6,163.2,3,163.14,7,163.07,1,163.05,2,163.01,6,163.0,1,162.99,1,162.85,2,162.72,1,163.78,1,163.86,1,164.07,4,164.08,4,164.09,3,164.13,2,164.2,3,164.28,3,164.33,3,164.34,4
2025-04-10 09:34:22,163.5,163.5,1,163.22,6,163.78,1,163.78,163.22,163.22,6,163.2,3,163.14,7,163.07,1,163.05,2,163.01,6,163.0,1,162.99,1,162.85,2,162.72,1,163.78,1,163.86,1,164.07,4,164.08,4,164.09,3,164.13,2,164.2,3,164.28,3,164.33,3,164.34,4
2025-04-10 09:34:23,163.5,163.5,1,163.22,6,163.78,1,163.78,163.22,163.22,6,163.2,3,163.14,7,163.07,1,163.05,2,163.01,6,163.0,1,162.99,1,162.85,2,162.72,1,163.78,1,163.86,1,164.07,4,164.08,4,164.09,3,164.13,2,164.2,3,164.28,3,164.33,3,164.34,4
2025-04-10 09:34:24,163.5,163.5,1,163.22,6,163.78,1,163.78,163.22,163.22,6,163.2,3,163.14,7,163.07,1,163.05,2,163.01,6,163.0,1,162.99,1,162.85,2,162.72,1,163.78,1,163.86,1,164.07,4,164.08,4,164.09,3,164.13,2,164.2,3,164.28,3,164.33,3,164.34,4
2025-04-10 09:34:25,163.5,163.5,1,163.22,6,163.78,1,163.78,163.22,163.22,6,163.2,3,163.14,7,163.07,1,163.05,2,163.01,6,163.0,1,162.99,1,162.85,2,162.72,1,163.78,1,163.86,1,164.07,4,164.08,4,164.09,3,164.13,2,164.2,3,164.28,3,164.33,3,164.34,4
2025-04-10 09:34:26,163.5,163.5,1,163.22,6,163.78,1,163.78,163.22,163.22,6,163.2,3,163.14,7,163.07,1,163.05,2,163.01,6,163.0,1,162.99,1,162.85,2,162.72,1,163.78,1,163.86,1,164.07,4,164.08,4,164.09,3,164.13,2,164.2,3,164.28,3,164.33,3,164.34,4
2025-04-10 09:34:27,163.5,163.5,1,163.22,6,163.78,1,163.78,163.22,163.22,6,163.2,3,163.14,7,163.07,1,163.05,2,163.01,6,163.0,1,162.99,1,162.85,2,162.72,1,163.78,1,163.86,1,164.07,4,164.08,4,164.09,3,164.13,2,164.2,3,164.28,3,164.33,3,164.34,4
2025-04-10 09:34:28,163.5,163.5,1,163.22,6,163.78,1,163.78,163.22,163.22,6,163.2,3,163.14,7,163.07,1,163.05,2,163.01,6,163.0,1,162.99,1,162.85,2,162.72,1,163.78,1,163.86,1,164.07,4,164.08,4,164.09,3,164.13,2,164.2,3,164.28,3,164.33,3,164.34,4
2025-04-10 09:34:29,163.5,163.5,2,163.22,6,163.78,1,163.78,163.22,163.22,6,163.2,3,163.14,7,163.07,1,163.05,2,163.01,6,163.0,1,162.99,1,162.85,2,162.72,1,163.78,1,163.86,1,164.07,4,164.08,4,164.09,3,164.13,2,164.2,3,164.28,3,164.33,3,164.34,4
2025-04-10 09:34:30,163.5,163.5,1,163.22,6,163.78,3,163.78,163.22,163.22,6,163.2,3,163.14,7,163.07,1,163.05,2,163.01,6,163.0,1,162.99,1,162.85,2,162.72,1,163.78,3,163.86,1,164.07,4,164.08,4,164.09,3,164.13,2,164.2,3,164.28,3,164.33,3,164.34,4
2025-04-10 09:34:31,163.375,163.38,1,163.22,5,163.53,2,163.53,163.22,163.22,5,163.2,3,163.14,7,163.07,1,163.05,2,163.01,6,163.0,1,162.99,1,162.85,2,162.72,1,163.53,2,163.78,4,163.86,1,164.07,4,164.08,4,164.09,3,164.13,2,164.2,3,164.28,3,164.33,3
2025-04-10 09:34:32,163.375,163.25,1,163.22,4,163.53,3,163.53,163.22,163.22,4,163.2,3,163.14,7,163.07,1,163.05,2,163.01,6,163.0,1,162.99,1,162.85,2,162.72,1,163.53,3,163.78,4,163.86,1,164.07,4,164.08,4,164.09,3,164.13,2,164.2,3,164.28,3,164.33,3
2025-04-10 09:34:33,163.37,163.25,1,163.22,4,163.52,2,163.52,163.22,163.22,4,163.2,3,163.14,7,163.07,1,163.05,2,163.01,6,163.0,1,162.99,1,162.85,2,162.72,1,163.52,2,163.53,3,163.78,4,163.86,1,164.07,4,164.08,4,164.09,3,164.13,2,164.2,3,164.28,3
2025-04-10 09:34:34,163.37,163.25,1,163.22,4,163.52,2,163.52,163.22,163.22,4,163.2,3,163.14,7,163.07,1,163.05,2,163.01,6,163.0,1,162.99,1,162.85,2,162.72,1,163.52,2,163.53,3,163.78,4,163.86,1,164.07,4,164.08,4,164.09,3,164.13,2,164.2,3,164.28,3
2025-04-10 09:34:35,163.37,163.25,1,163.22,4,163.52,2,163.52,163.22,163.22,4,163.2,3,163.14,7,163.07,1,163.05,2,163.01,6,163.0,1,162.99,1,162.85,2,162.72,1,163.52,2,163.53,3,163.78,4,163.86,1,164.07,4,164.08,4,164.09,3,164.13,2,164.2,3,164.28,3
2025-04-10 09:34:36,163.205,163.21,1,163.03,2,163.38,1,163.38,163.03,163.03,2,163.01,6,163.0,1,162.99,1,162.85,2,162.72,1,162.65,1,162.64,9,161.84,3,,,163.38,1,163.48,4,163.52,1,163.53,3,163.78,4,163.86,1,164.07,4,164.08,4,164.09,3,164.13,2
2025-04-10 09:34:37,163.205,163.21,1,163.03,2,163.38,1,163.38,163.03,163.03,2,163.01,6,163.0,1,162.99,1,162.85,2,162.72,1,162.65,1,162.64,9,161.84,3,,,163.38,1,163.48,4,163.52,1,163.53,3,163.78,4,163.86,1,164.07,4,164.08,4,164.09,3,164.13,2
2025-04-10 09:34:38,163.205,163.21,1,163.03,2,163.38,1,163.38,163.03,163.03,2,163.01,6,163.0,1,162.99,1,162.85,2,162.72,1,162.65,1,162.64,9,161.84,3,,,163.38,1,163.48,4,163.52,1,163.53,3,163.78,4,163.86,1,164.07,4,164.08,4,164.09,3,164.13,2
2025-04-10 09:34:39,163.205,163.03,1,163.03,2,163.38,1,163.38,163.03,163.03,2,163.01,6,163.0,1,162.99,1,162.85,2,162.72,1,162.65,1,162.64,9,161.84,3,,,163.38,1,163.48,4,163.52,1,163.53,3,163.78,4,163.86,1,164.07,4,164.08,4,164.09,3,164.13,2
2025-04-10 09:34:40,163.205,163.06,1,163.03,3,163.38,1,163.38,163.03,163.03,3,163.01,6,163.0,1,162.99,1,162.85,2,162.72,1,162.65,1,162.64,9,161.84,3,,,163.38,1,163.48,4,163.52,1,163.53,3,163.78,4,163.86,1,164.07,4,164.08,4,164.09,3,164.13,2
2025-04-10 09:34:41,163.205,163.21,1,163.03,3,163.38,1,163.38,163.03,163.03,3,163.01,6,163.0,1,162.99,1,162.85,2,162.72,1,162.65,1,162.64,9,161.84,3,,,163.38,1,163.48,4,163.52,1,163.53,3,163.78,4,163.86,1,164.07,4,164.08,4,164.09,3,164.13,2
2025-04-10 09:34:42,163.205,163.21,1,163.03,3,163.38,1,163.38,163.03,163.03,3,163.01,6,163.0,1,162.99,1,162.85,2,162.72,1,162.65,1,162.64,9,161.84,3,,,163.38,1,163.48,4,163.52,1,163.53,3,163.78,4,163.86,1,164.07,4,164.08,4,164.09,3,164.13,2
2025-04-10 09:34:43,163.205,163.21,1,163.03,3,163.38,1,163.38,163.03,163.03,3,163.01,6,163.0,1,162.99,1,162.85,2,162.72,1,162.65,1,162.64,9,161.84,3,,,163.38,1,163.48,4,163.52,1,163.53,3,163.78,4,163.86,1,164.07,4,164.08,4,164.09,3,164.13,2
2025-04-10 09:34:44,163.205,163.21,1,163.03,5,163.38,1,163.38,163.03,163.03,5,163.01,6,163.0,1,162.99,1,162.85,2,162.72,1,162.65,1,162.64,9,161.84,3,,,163.38,1,163.48,4,163.52,1,163.53,3,163.78,4,163.86,1,164.07,4,164.08,4,164.09,3,164.13,2
2025-04-10 09:34:45,163.255,163.21,1,163.03,6,163.48,3,163.48,163.03,163.03,6,163.01,6,163.0,1,162.99,1,162.85,2,162.72,1,162.65,1,162.64,9,161.84,3,,,163.48,3,163.52,1,163.53,3,163.78,4,163.86,1,164.07,4,164.08,4,164.09,3,164.13,2,164.2,3
2025-04-10 09:34:46,163.255,163.21,1,163.03,6,163.48,3,163.48,163.03,163.03,6,163.01,6,163.0,1,162.99,1,162.85,2,162.72,1,162.65,1,162.64,9,161.84,3,,,163.48,3,163.52,1,163.53,3,163.78,4,163.86,1,164.07,4,164.08,4,164.09,3,164.13,2,164.2,3
2025-04-10 09:34:47,163.255,163.21,1,163.03,7,163.48,3,163.48,163.03,163.03,7,163.01,6,163.0,1,162.99,1,162.85,2,162.72,1,162.65,1,162.64,9,161.84,3,,,163.48,3,163.52,1,163.53,3,163.78,4,163.86,1,164.07,4,164.08,4,164.09,3,164.13,2,164.2,3
2025-04-10 09:34:48,163.255,163.21,1,163.03,7,163.48,3,163.48,163.03,163.03,7,163.01,6,163.0,1,162.99,1,162.85,2,162.72,1,162.65,1,162.64,9,161.84,3,,,163.48,3,163.52,1,163.53,3,163.78,4,163.86,1,164.07,4,164.08,4,164.09,3,164.13,2,164.2,3
2025-04-10 09:34:49,163.255,163.26,1,163.03,6,163.48,3,163.48,163.03,163.03,6,163.01,6,163.0,1,162.99,1,162.85,2,162.72,1,162.65,1,162.64,9,161.84,3,,,163.48,3,163.52,1,163.53,3,163.78,4,163.86,1,164.07,4,164.08,4,164.09,3,164.13,2,164.2,3
2025-04-10 09:34:50,163.255,163.26,1,163.03,6,163.48,3,163.48,163.03,163.03,6,163.01,6,163.0,1,162.99,1,162.85,2,162.72,1,162.65,1,162.64,9,161.84,3,,,163.48,3,163.52,1,163.53,3,163.78,4,163.86,1,164.07,4,164.08,4,164.09,3,164.13,2,164.2,3
2025-04-10 09:34:51,163.255,163.26,1,163.03,6,163.48,3,163.48,163.03,163.03,6,163.01,6,163.0,1,162.99,1,162.85,2,162.72,1,162.65,1,162.64,9,161.84,3,,,163.48,3,163.52,1,163.53,3,163.78,4,163.86,1,164.07,4,164.08,4,164.09,3,164.13,2,164.2,3
2025-04-10 09:34:52,163.255,163.26,1,163.03,6,163.48,3,163.48,163.03,163.03,6,163.01,6,163.0,1,162.99,1,162.85,2,162.72,1,162.65,1,162.64,9,161.84,3,,,163.48,3,163.52,1,163.53,3,163.78,4,163.86,1,164.07,4,164.08,4,164.09,3,164.13,2,164.2,3
2025-04-10 09:34:53,163.255,163.26,1,163.03,6,163.48,3,163.48,163.03,163.03,6,163.01,6,163.0,1,162.99,1,162.85,2,162.72,1,162.65,1,162.64,9,161.84,3,,,163.48,3,163.52,1,163.53,3,163.78,4,163.86,1,164.07,4,164.08,4,164.09,3,164.13,2,164.2,3
2025-04-10 09:34:54,163.255,163.22,1,163.03,6,163.48,3,163.48,163.03,163.03,6,163.01,6,163.0,1,162.99,1,162.85,2,162.72,1,162.65,1,162.64,9,161.84,3,,,163.48,3,163.52,1,163.53,3,163.78,4,163.86,1,164.07,4,164.08,4,164.09,3,164.13,2,164.2,3
2025-04-10 09:34:55,163.255,163.22,1,163.03,6,163.48,3,163.48,163.03,163.03,6,163.01,6,163.0,1,162.99,1,162.85,2,162.72,1,162.65,1,162.64,9,161.84,3,,,163.48,3,163.52,1,163.53,3,163.78,4,163.86,1,164.07,4,164.08,4,164.09,3,164.13,2,164.2,3
2025-04-10 09:34:56,163.255,163.48,50,163.03,6,163.48,3,163.48,163.03,163.03,6,163.01,6,163.0,1,162.99,1,162.85,2,162.72,1,162.65,1,162.64,9,161.84,3,,,163.48,3,163.52,1,163.53,3,163.78,4,163.86,1,164.07,4,164.08,4,164.09,3,164.13,2,164.2,3
2025-04-10 09:34:57,163.255,163.26,3,163.03,7,163.48,3,163.48,163.03,163.03,7,163.01,6,163.0,1,162.99,1,162.85,2,162.72,1,162.65,1,162.64,9,161.84,3,,,163.48,3,163.52,1,163.53,3,163.78,4,163.86,1,164.07,4,164.08,4,164.09,3,164.13,2,164.2,3
2025-04-10 09:34:58,163.255,163.26,2,163.03,7,163.48,3,163.48,163.03,163.03,7,163.01,6,163.0,1,162.99,1,162.85,2,162.72,1,162.65,1,162.64,9,161.84,3,,,163.48,3,163.52,1,163.53,3,163.78,4,163.86,1,164.07,4,164.08,4,164.09,3,164.13,2,164.2,3
2025-04-10 09:34:59,163.255,163.26,2,163.03,7,163.48,3,163.48,163.03,163.03,7,163.01,6,163.0,1,162.99,1,162.85,2,162.72,1,162.65,1,162.64,9,161.84,3,,,163.48,3,163.52,1,163.53,3,163.78,4,163.86,1,164.07,4,164.08,4,164.09,3,164.13,2,164.2,3
2025-04-10 09:35:00,163.255,163.26,1,163.03,7,163.48,6,163.48,163.03,163.03,7,163.01,6,163.0,1,162.99,1,162.85,2,162.72,1,162.65,1,162.64,9,161.84,3,,,163.48,6,163.52,1,163.53,3,163.78,4,163.86,1,164.07,4,164.08,4,164.09,3,164.13,2,164.2,3
2025-04-10 09:35:01,163.215,163.23,1,163.03,7,163.4,2,163.4,163.03,163.03,7,163.01,6,163.0,1,162.99,1,162.85,2,162.72,1,162.65,1,162.64,9,161.84,3,,,163.4,2,163.43,4,163.48,6,163.52,1,163.53,3,163.78,4,163.86,1,164.07,4,164.08,4,164.09,3
2025-04-10 09:35:02,163.215,163.22,1,163.03,7,163.4,2,163.4,163.03,163.03,7,163.01,6,163.0,1,162.99,1,162.85,2,162.72,1,162.65,1,162.64,9,161.84,3,,,163.4,2,163.43,4,163.48,6,163.52,1,163.53,3,163.78,4,163.86,1,164.07,4,164.08,4,164.09,3
2025-04-10 09:35:03,163.215,163.22,2,163.03,7,163.4,2,163.4,163.03,163.03,7,163.01,6,163.0,1,162.99,1,162.85,2,162.72,1,162.65,1,162.64,9,161.84,3,,,163.4,2,163.43,4,163.48,6,163.52,1,163.53,3,163.78,4,163.86,1,164.07,4,164.08,4,164.09,3
2025-04-10 09:35:04,163.215,163.22,1,163.03,7,163.4,2,163.4,163.03,163.03,7,163.01,6,163.0,1,162.99,1,162.85,2,162.72,1,162.65,1,162.64,9,161.84,3,,,163.4,2,163.43,4,163.48,6,163.52,1,163.53,3,163.78,4,163.86,1,164.07,4,164.08,4,164.09,3
2025-04-10 09:35:05,163.215,163.16,1,163.03,7,163.4,2,163.4,163.03,163.03,7,163.01,6,163.0,1,162.99,1,162.85,2,162.72,1,162.65,1,162.64,9,161.84,3,,,163.4,2,163.43,4,163.48,6,163.52,1,163.53,3,163.78,4,163.86,1,164.07,4,164.08,4,164.09,3
2025-04-10 09:35:06,163.215,163.22,1,163.03,7,163.4,2,163.4,163.03,163.03,7,163.01,6,163.0,1,162.99,1,162.85,2,162.72,1,162.65,1,162.64,9,161.84,3,,,163.4,2,163.43,4,163.48,6,163.52,1,163.53,3,163.78,4,163.86,1,164.07,4,164.08,4,164.09,3
2025-04-10 09:35:07,163.215,163.22,1,163.03,7,163.4,4,163.4,163.03,163.03,7,163.01,6,163.0,1,162.99,1,162.85,2,162.72,1,162.65,1,162.64,9,161.84,3,,,163.4,4,163.43,4,163.48,6,163.52,1,163.53,3,163.78,4,163.86,1,164.07,4,164.08,4,164.09,3
2025-04-10 09:35:08,163.215,163.22,1,163.03,7,163.4,4,163.4,163.03,163.03,7,163.01,6,163.0,1,162.99,1,162.85,2,162.72,1,162.65,1,162.64,9,161.84,3,,,163.4,4,163.43,4,163.48,6,163.52,1,163.53,3,163.78,4,163.86,1,164.07,4,164.08,4,164.09,3
2025-04-10 09:35:09,163.215,163.22,1,163.03,7,163.4,4,163.4,163.03,163.03,7,163.01,6,163.0,1,162.99,1,162.85,2,162.72,1,162.65,1,162.64,9,161.84,3,,,163.4,4,163.43,4,163.48,6,163.52,1,163.53,3,163.78,4,163.86,1,164.07,4,164.08,4,164.09,3
2025-04-10 09:35:10,163.215,163.22,1,163.03,7,163.4,4,163.4,163.03,163.03,7,163.01,6,163.0,1,162.99,1,162.85,2,162.72,1,162.65,1,162.64,9,161.84,3,,,163.4,4,163.43,4,163.48,6,163.52,1,163.53,3,163.78,4,163.86,1,164.07,4,164.08,4,164.09,3
2025-04-10 09:35:11,163.215,163.22,1,163.03,7,163.4,4,163.4,163.03,163.03,7,163.01,6,163.0,1,162.99,1,162.85,2,162.72,1,162.65,1,162.64,9,161.84,3,,,163.4,4,163.43,4,163.48,6,163.52,1,163.53,3,163.78,4,163.86,1,164.07,4,164.08,4,164.09,3
2025-04-10 09:35:12,163.215,163.16,1,163.03,7,163.4,4,163.4,163.03,163.03,7,163.01,6,163.0,1,162.99,1,162.85,2,162.72,1,162.65,1,162.64,9,161.84,3,,,163.4,4,163.43,4,163.48,6,163.52,1,163.53,3,163.78,4,163.86,1,164.07,4,164.08,4,164.09,3
2025-04-10 09:35:13,163.15,163.12,1,163.03,7,163.27,3,163.27,163.03,163.03,7,163.01,6,163.0,1,162.99,1,162.85,2,162.72,1,162.65,1,162.64,9,161.84,3,,,163.27,3,163.4,4,163.43,4,163.48,6,163.52,1,163.53,3,163.78,4,163.86,1,164.07,4,164.08,4
2025-04-10 09:35:14,163.15,163.27,2,163.03,9,163.27,3,163.27,163.03,163.03,9,163.01,6,163.0,1,162.99,1,162.85,2,162.72,1,162.65,1,162.64,9,161.84,3,,,163.27,3,163.4,4,163.43,4,163.48,6,163.52,1,163.53,3,163.78,4,163.86,1,164.07,4,164.08,4
2025-04-10 09:35:15,163.15,163.27,1,163.03,9,163.27,3,163.27,163.03,163.03,9,163.01,6,163.0,1,162.99,1,162.85,2,162.72,1,162.65,1,162.64,9,161.84,3,,,163.27,3,163.4,4,163.43,4,163.48,6,163.52,1,163.53,3,163.78,4,163.86,1,164.07,4,164.08,4
2025-04-10 09:35:16,163.21,163.23,1,163.03,10,163.39,2,163.39,163.03,163.03,10,163.01,6,163.0,1,162.99,1,162.85,2,162.72,1,162.65,1,162.64,9,161.84,3,,,163.39,2,163.48,4,163.52,1,163.53,3,163.78,4,163.86,1,164.07,4,164.08,4,164.09,3,164.13,2
2025-04-10 09:35:17,163.255,163.36,1,163.03,10,163.48,4,163.48,163.03,163.03,10,163.01,6,163.0,1,162.99,1,162.85,2,162.72,1,162.65,1,162.64,9,161.84,3,,,163.48,4,163.52,1,163.53,3,163.78,4,163.86,1,164.07,4,164.08,4,164.09,3,164.13,2,164.2,3
2025-04-10 09:35:18,163.255,163.36,1,163.03,10,163.48,4,163.48,163.03,163.03,10,163.01,6,163.0,1,162.99,1,162.85,2,162.72,1,162.65,1,162.64,9,161.84,3,,,163.48,4,163.52,1,163.53,3,163.78,4,163.86,1,164.07,4,164.08,4,164.09,3,164.13,2,164.2,3
2025-04-10 09:35:19,163.255,163.36,1,163.03,11,163.48,3,163.48,163.03,163.03,11,163.01,6,163.0,1,162.99,1,162.85,2,162.72,1,162.65,1,162.64,9,161.84,3,,,163.48,3,163.52,1,163.53,3,163.78,4,163.86,1,164.07,4,164.08,4,164.09,3,164.13,2,164.2,3
2025-04-10 09:35:20,163.33,163.33,1,163.18,6,163.48,3,163.48,163.18,163.18,6,163.03,11,163.01,6,163.0,1,162.99,1,162.85,2,162.72,1,162.65,1,162.64,9,161.84,3,163.48,3,163.52,1,163.53,3,163.78,4,163.86,1,164.07,4,164.08,4,164.09,3,164.13,2,164.2,3
2025-04-10 09:35:21,163.325,163.33,1,163.18,6,163.47,1,163.47,163.18,163.18,6,163.03,11,163.01,6,163.0,1,162.99,1,162.85,2,162.72,1,162.65,1,162.64,9,161.84,3,163.47,1,163.48,3,163.52,1,163.53,3,163.78,4,163.86,1,164.07,4,164.08,4,164.09,3,164.13,2
2025-04-10 09:35:22,163.325,163.33,1,163.18,6,163.47,1,163.47,163.18,163.18,6,163.03,11,163.01,6,163.0,1,162.99,1,162.85,2,162.72,1,162.65,1,162.64,9,161.84,3,163.47,1,163.48,3,163.52,1,163.53,3,163.78,4,163.86,1,164.07,4,164.08,4,164.09,3,164.13,2
2025-04-10 09:35:23,163.325,163.32,1,163.18,6,163.47,1,163.47,163.18,163.18,6,163.03,11,163.01,6,163.0,1,162.99,1,162.85,2,162.72,1,162.65,1,162.64,9,161.84,3,163.47,1,163.48,3,163.52,1,163.53,3,163.78,4,163.86,1,164.07,4,164.08,4,164.09,3,164.13,2
2025-04-10 09:35:24,163.325,163.32,1,163.18,6,163.47,1,163.47,163.18,163.18,6,163.03,11,163.01,6,163.0,1,162.99,1,162.85,2,162.72,1,162.65,1,162.64,9,161.84,3,163.47,1,163.48,3,163.52,1,163.53,3,163.78,4,163.86,1,164.07,4,164.08,4,164.09,3,164.13,2
2025-04-10 09:35:25,163.325,163.32,1,163.18,6,163.47,1,163.47,163.18,163.18,6,163.03,11,163.01,6,163.0,1,162.99,1,162.85,2,162.72,1,162.65,1,162.64,9,161.84,3,163.47,1,163.48,3,163.52,1,163.53,3,163.78,4,163.86,1,164.07,4,164.08,4,164.09,3,164.13,2
2025-04-10 09:35:26,163.325,163.32,1,163.18,6,163.47,1,163.47,163.18,163.18,6,163.03,11,163.01,6,163.0,1,162.99,1,162.85,2,162.72,1,162.65,1,162.64,9,161.84,3,163.47,1,163.48,3,163.52,1,163.53,3,163.78,4,163.86,1,164.07,4,164.08,4,164.09,3,164.13,2
2025-04-10 09:35:27,163.325,163.32,1,163.18,6,163.47,1,163.47,163.18,163.18,6,163.03,11,163.01,6,163.0,1,162.99,1,162.85,2,162.72,1,162.65,1,162.64,9,161.84,3,163.47,1,163.48,3,163.52,1,163.53,3,163.78,4,163.86,1,164.07,4,164.08,4,164.09,3,164.13,2
2025-04-10 09:35:28,163.325,163.32,1,163.18,6,163.47,1,163.47,163.18,163.18,6,163.03,11,163.01,6,163.0,1,162.99,1,162.85,2,162.72,1,162.65,1,162.64,9,161.84,3,163.47,1,163.48,3,163.52,1,163.53,3,163.78,4,163.86,1,164.07,4,164.08,4,164.09,3,164.13,2
2025-04-10 09:35:29,163.32,163.32,1,163.18,6,163.46,1,163.46,163.18,163.18,6,163.03,11,163.01,6,163.0,1,162.99,1,162.85,2,162.72,1,162.65,1,162.64,9,161.84,3,163.46,1,163.47,1,163.48,3,163.52,1,163.53,3,163.78,4,163.86,1,164.07,4,164.08,4,164.09,3
2025-04-10 09:35:30,163.325,163.35,1,163.18,7,163.47,1,163.47,163.18,163.18,7,163.03,11,163.01,6,163.0,1,162.99,1,162.85,2,162.72,1,162.65,1,162.64,9,161.84,3,163.47,1,163.48,3,163.52,1,163.53,3,163.78,4,163.86,1,164.07,4,164.08,4,164.09,3,164.13,2
2025-04-10 09:35:31,163.325,163.35,1,163.18,7,163.47,1,163.47,163.18,163.18,7,163.03,11,163.01,6,163.0,1,162.99,1,162.85,2,162.72,1,162.65,1,162.64,9,161.84,3,163.47,1,163.48,3,163.52,1,163.53,3,163.78,4,163.86,1,164.07,4,164.08,4,164.09,3,164.13,2
2025-04-10 09:35:32,163.325,163.35,1,163.18,7,163.47,1,163.47,163.18,163.18,7,163.03,11,163.01,6,163.0,1,162.99,1,162.85,2,162.72,1,162.65,1,162.64,9,161.84,3,163.47,1,163.48,3,163.52,1,163.53,3,163.78,4,163.86,1,164.07,4,164.08,4,164.09,3,164.13,2
2025-04-10 09:35:33,163.325,163.35,1,163.18,7,163.47,3,163.47,163.18,163.18,7,163.03,11,163.01,6,163.0,1,162.99,1,162.85,2,162.72,1,162.65,1,162.64,9,161.84,3,163.47,3,163.48,3,163.52,1,163.53,3,163.78,4,163.86,1,164.07,4,164.08,4,164.09,3,164.13,2
2025-04-10 09:35:34,163.39,163.35,1,163.31,1,163.47,3,163.47,163.31,163.31,1,163.18,7,163.03,11,163.01,6,163.0,1,162.99,1,162.85,2,162.72,1,162.65,1,162.64,9,163.47,3,163.48,3,163.52,1,163.53,3,163.78,4,163.86,1,164.07,4,164.08,4,164.09,3,164.13,2
2025-04-10 09:35:35,163.39,163.44,1,163.31,1,163.47,3,163.47,163.31,163.31,1,163.18,7,163.03,11,163.01,6,163.0,1,162.99,1,162.85,2,162.72,1,162.65,1,162.64,9,163.47,3,163.48,3,163.52,1,163.53,3,163.78,4,163.86,1,164.07,4,164.08,4,164.09,3,164.13,2
2025-04-10 09:35:36,163.325,163.35,1,163.18,6,163.47,3,163.47,163.18,163.18,6,163.03,11,163.01,6,163.0,1,162.99,1,162.85,2,162.72,1,162.65,1,162.64,9,161.84,3,163.47,3,163.48,3,163.52,1,163.53,3,163.78,4,163.86,1,164.07,4,164.08,4,164.09,3,164.13,2
2025-04-10 09:35:37,163.325,163.35,1,163.18,6,163.47,3,163.47,163.18,163.18,6,163.03,11,163.01,6,163.0,1,162.99,1,162.85,2,162.72,1,162.65,1,162.64,9,161.84,3,163.47,3,163.48,3,163.52,1,163.53,3,163.78,4,163.86,1,164.07,4,164.08,4,164.09,3,164.13,2
2025-04-10 09:35:38,163.325,163.38,1,163.18,7,163.47,3,163.47,163.18,163.18,7,163.03,11,163.01,6,163.0,1,162.99,1,162.85,2,162.72,1,162.65,1,162.64,9,161.84,3,163.47,3,163.48,3,163.52,1,163.53,3,163.78,4,163.86,1,164.07,4,164.08,4,164.09,3,164.13,2
2025-04-10 09:35:39,163.325,163.38,1,163.18,7,163.47,3,163.47,163.18,163.18,7,163.03,11,163.01,6,163.0,1,162.99,1,162.85,2,162.72,1,162.65,1,162.64,9,161.84,3,163.47,3,163.48,3,163.52,1,163.53,3,163.78,4,163.86,1,164.07,4,164.08,4,164.09,3,164.13,2
2025-04-10 09:35:40,163.32,163.38,1,163.18,7,163.46,1,163.46,163.18,163.18,7,163.03,11,163.01,6,163.0,1,162.99,1,162.85,2,162.72,1,162.65,1,162.64,9,161.84,3,163.46,1,163.47,2,163.48,3,163.52,1,163.53,3,163.78,4,163.86,1,164.07,4,164.08,4,164.09,3
2025-04-10 09:35:41,163.39,163.41,1,163.3,3,163.48,3,163.48,163.3,163.3,3,163.24,1,163.19,1,163.18,7,163.03,11,163.01,6,163.0,1,162.99,1,162.85,2,162.72,1,163.48,3,163.52,1,163.53,3,163.78,4,163.86,1,164.07,4,164.08,4,164.09,3,164.13,2,164.2,3
2025-04-10 09:35:42,163.39,163.39,1,163.3,6,163.48,3,163.48,163.3,163.3,6,163.24,1,163.19,1,163.18,7,163.03,11,163.01,6,163.0,1,162.99,1,162.85,2,162.72,1,163.48,3,163.52,1,163.53,3,163.78,4,163.86,1,164.07,4,164.08,4,164.09,3,164.13,2,164.2,3
2025-04-10 09:35:43,163.39,163.48,1,163.3,6,163.48,3,163.48,163.3,163.3,6,163.24,1,163.19,1,163.18,7,163.03,11,163.01,6,163.0,1,162.99,1,162.85,2,162.72,1,163.48,3,163.52,1,163.53,3,163.78,4,163.86,1,164.07,4,164.08,4,164.09,3,164.13,2,164.2,3
2025-04-10 09:35:44,163.345,163.21,1,163.21,1,163.48,6,163.48,163.21,163.21,1,163.18,7,163.03,11,163.01,6,163.0,1,162.99,1,162.85,2,162.72,1,162.65,1,162.64,9,163.48,6,163.52,1,163.53,3,163.78,4,163.86,1,164.07,4,164.08,4,164.09,3,164.13,2,164.2,3
2025-04-10 09:35:45,163.345,163.21,1,163.21,3,163.48,6,163.48,163.21,163.21,3,163.18,7,163.03,11,163.01,6,163.0,1,162.99,1,162.85,2,162.72,1,162.65,1,162.64,9,163.48,6,163.52,1,163.53,3,163.78,4,163.86,1,164.07,4,164.08,4,164.09,3,164.13,2,164.2,3
2025-04-10 09:35:46,163.345,163.34,1,163.21,4,163.48,6,163.48,163.21,163.21,4,163.18,7,163.03,11,163.01,6,163.0,1,162.99,1,162.85,2,162.72,1,162.65,1,162.64,9,163.48,6,163.52,1,163.53,3,163.78,4,163.86,1,164.07,4,164.08,4,164.09,3,164.13,2,164.2,3
2025-04-10 09:35:47,163.59,163.69,2,163.3,1,163.88,2,163.88,163.3,163.3,1,163.29,2,163.21,6,163.18,7,163.03,11,163.01,6,163.0,1,162.99,1,162.85,2,162.72,1,163.88,2,164.07,4,164.08,4,164.09,3,164.13,2,164.2,3,164.28,3,164.33,3,164.34,4,164.43,3
2025-04-10 09:35:48,163.62,163.54,1,163.42,2,163.82,2,163.82,163.42,163.42,2,163.25,2,163.24,3,163.21,6,163.18,7,163.03,11,163.01,6,163.0,1,162.99,1,162.85,2,163.82,2,163.88,3,164.07,4,164.08,4,164.09,3,164.13,2,164.2,3,164.28,3,164.33,3,164.34,4
2025-04-10 09:35:49,163.62,163.62,1,163.42,2,163.82,2,163.82,163.42,163.42,2,163.25,2,163.24,3,163.21,6,163.18,7,163.03,11,163.01,6,163.0,1,162.99,1,162.85,2,163.82,2,163.88,3,164.07,4,164.08,4,164.09,3,164.13,2,164.2,3,164.28,3,164.33,3,164.34,4
2025-04-10 09:35:50,163.62,163.58,1,163.42,3,163.82,2,163.82,163.42,163.42,3,163.25,2,163.24,3,163.21,6,163.18,7,163.03,11,163.01,6,163.0,1,162.99,1,162.85,2,163.82,2,163.88,3,164.07,4,164.08,4,164.09,3,164.13,2,164.2,3,164.28,3,164.33,3,164.34,4
2025-04-10 09:35:51,163.62,163.58,1,163.42,6,163.82,2,163.82,163.42,163.42,6,163.25,2,163.24,3,163.21,6,163.18,7,163.03,11,163.01,6,163.0,1,162.99,1,162.85,2,163.82,2,163.88,3,164.07,4,164.08,4,164.09,3,164.13,2,164.2,3,164.28,3,164.33,3,164.34,4
2025-04-10 09:35:52,163.62,163.72,1,163.42,6,163.82,2,163.82,163.42,163.42,6,163.25,2,163.24,3,163.21,6,163.18,7,163.03,11,163.01,6,163.0,1,162.99,1,162.85,2,163.82,2,163.88,3,164.07,4,164.08,4,164.09,3,164.13,2,164.2,3,164.28,3,164.33,3,164.34,4
2025-04-10 09:35:53,163.62,163.64,1,163.42,6,163.82,2,163.82,163.42,163.42,6,163.25,2,163.24,3,163.21,6,163.18,7,163.03,11,163.01,6,163.0,1,162.99,1,162.85,2,163.82,2,163.88,3,164.07,4,164.08,4,164.09,3,164.13,2,164.2,3,164.28,3,164.33,3,164.34,4
2025-04-10 09:35:54,163.62,163.64,1,163.42,6,163.82,2,163.82,163.42,163.42,6,163.25,2,163.24,3,163.21,6,163.18,7,163.03,11,163.01,6,163.0,1,162.99,1,162.85,2,163.82,2,163.88,3,164.07,4,164.08,4,164.09,3,164.13,2,164.2,3,164.28,3,164.33,3,164.34,4
2025-04-10 09:35:55,163.635,163.67,1,163.45,2,163.82,2,163.82,163.45,163.45,2,163.42,6,163.25,2,163.24,3,163.21,6,163.18,7,163.03,11,163.01,6,163.0,1,162.99,1,163.82,2,163.88,3,164.07,4,164.08,4,164.09,3,164.13,2,164.2,3,164.28,3,164.33,3,164.34,4
2025-04-10 09:35:56,163.7,163.82,1,163.53,3,163.87,4,163.87,163.53,163.53,3,163.46,3,163.45,4,163.42,6,163.25,2,163.24,3,163.21,6,163.18,7,163.03,11,163.01,6,163.87,4,163.88,3,164.07,4,164.08,4,164.09,3,164.13,2,164.2,3,164.28,3,164.33,3,164.34,4
2025-04-10 09:35:57,163.7,163.82,1,163.53,2,163.87,4,163.87,163.53,163.53,2,163.46,3,163.45,4,163.42,6,163.25,2,163.24,3,163.21,6,163.18,7,163.03,11,163.01,6,163.87,4,163.88,3,164.07,4,164.08,4,164.09,3,164.13,2,164.2,3,164.28,3,164.33,3,164.34,4
2025-04-10 09:35:58,163.7,163.61,10,163.53,5,163.87,4,163.87,163.53,163.53,5,163.46,3,163.45,4,163.42,6,163.25,2,163.24,3,163.21,6,163.18,7,163.03,11,163.01,6,163.87,4,163.88,3,164.07,4,164.08,4,164.09,3,164.13,2,164.2,3,164.28,3,164.33,3,164.34,4
2025-04-10 09:35:59,163.7,163.7,2,163.53,5,163.87,4,163.87,163.53,163.53,5,163.46,3,163.45,4,163.42,6,163.25,2,163.24,3,163.21,6,163.18,7,163.03,11,163.01,6,163.87,4,163.88,3,164.07,4,164.08,4,164.09,3,164.13,2,164.2,3,164.28,3,164.33,3,164.34,4
2025-04-10 09:36:00,163.7,163.83,1,163.53,5,163.87,4,163.87,163.53,163.53,5,163.46,3,163.45,4,163.42,6,163.25,2,163.24,3,163.21,6,163.18,7,163.03,11,163.01,6,163.87,4,163.88,3,164.07,4,164.08,4,164.09,3,164.13,2,164.2,3,164.28,3,164.33,3,164.34,4
2025-04-10 09:36:01,163.675,163.74,1,163.61,3,163.74,1,163.74,163.61,163.61,3,163.53,5,163.46,3,163.45,4,163.42,6,163.25,2,163.24,3,163.21,6,163.18,7,163.03,11,163.74,1,163.87,4,163.88,3,164.07,4,164.08,4,164.09,3,164.13,2,164.2,3,164.28,3,164.33,3
2025-04-10 09:36:02,163.58,163.69,1,163.38,6,163.78,1,163.78,163.38,163.38,6,163.36,5,163.25,2,163.24,3,163.21,6,163.18,7,163.03,11,163.01,6,163.0,1,162.99,1,163.78,1,163.87,4,163.88,3,164.07,4,164.08,4,164.09,3,164.13,2,164.2,3,164.28,3,164.33,3
2025-04-10 09:36:03,163.58,163.6,1,163.38,6,163.78,1,163.78,163.38,163.38,6,163.36,5,163.25,2,163.24,3,163.21,6,163.18,7,163.03,11,163.01,6,163.0,1,162.99,1,163.78,1,163.87,4,163.88,3,164.07,4,164.08,4,164.09,3,164.13,2,164.2,3,164.28,3,164.33,3
2025-04-10 09:36:04,163.6,163.6,1,163.42,2,163.78,1,163.78,163.42,163.42,2,163.38,6,163.36,5,163.25,2,163.24,3,163.21,6,163.18,7,163.03,11,163.01,6,163.0,1,163.78,1,163.87,4,163.88,3,164.07,4,164.08,4,164.09,3,164.13,2,164.2,3,164.28,3,164.33,3
2025-04-10 09:36:05,163.725,163.69,1,163.55,5,163.9,2,163.9,163.55,163.55,5,163.5,1,163.49,1,163.44,2,163.43,4,163.42,4,163.38,6,163.36,5,163.25,2,163.24,3,163.9,2,164.07,4,164.08,4,164.09,3,164.13,2,164.2,3,164.28,3,164.33,3,164.34,4,164.43,3
2025-04-10 09:36:06,163.725,163.73,1,163.55,9,163.9,2,163.9,163.55,163.55,9,163.5,1,163.49,1,163.44,2,163.43,4,163.42,4,163.38,6,163.36,5,163.25,2,163.24,3,163.9,2,164.07,4,164.08,4,164.09,3,164.13,2,164.2,3,164.28,3,164.33,3,164.34,4,164.43,3
2025-04-10 09:36:07,163.725,163.73,1,163.55,9,163.9,2,163.9,163.55,163.55,9,163.5,1,163.49,1,163.44,2,163.43,4,163.42,4,163.38,6,163.36,5,163.25,2,163.24,3,163.9,2,164.07,4,164.08,4,164.09,3,164.13,2,164.2,3,164.28,3,164.33,3,164.34,4,164.43,3
2025-04-10 09:36:08,163.72,163.72,1,163.55,9,163.89,1,163.89,163.55,163.55,9,163.5,1,163.49,1,163.44,2,163.43,4,163.42,4,163.38,6,163.36,5,163.25,2,163.24,3,163.89,1,163.9,2,164.07,4,164.08,4,164.09,3,164.13,2,164.2,3,164.28,3,164.33,3,164.34,4
2025-04-10 09:36:09,163.72,163.72,1,163.55,9,163.89,1,163.89,163.55,163.55,9,163.5,1,163.49,1,163.44,2,163.43,4,163.42,4,163.38,6,163.36,5,163.25,2,163.24,3,163.89,1,163.9,2,164.07,4,164.08,4,164.09,3,164.13,2,164.2,3,164.28,3,164.33,3,164.34,4
2025-04-10 09:36:10,163.72,163.72,1,163.55,9,163.89,1,163.89,163.55,163.55,9,163.5,1,163.49,1,163.44,2,163.43,4,163.42,4,163.38,6,163.36,5,163.25,2,163.24,3,163.89,1,163.9,2,164.07,4,164.08,4,164.09,3,164.13,2,164.2,3,164.28,3,164.33,3,164.34,4
2025-04-10 09:36:11,163.71,163.64,1,163.55,6,163.87,1,163.87,163.55,163.55,6,163.5,1,163.49,1,163.44,2,163.43,4,163.42,4,163.38,6,163.36,5,163.25,2,163.24,3,163.87,1,163.89,1,163.9,2,164.07,4,164.08,4,164.09,3,164.13,2,164.2,3,164.28,3,164.33,3
2025-04-10 09:36:12,163.71,163.64,1,163.55,6,163.87,4,163.87,163.55,163.55,6,163.5,1,163.49,1,163.44,2,163.43,4,163.42,4,163.38,6,163.36,5,163.25,2,163.24,3,163.87,4,163.89,1,163.9,2,164.07,4,164.08,4,164.09,3,164.13,2,164.2,3,164.28,3,164.33,3
2025-04-10 09:36:13,163.71,163.64,1,163.55,6,163.87,4,163.87,163.55,163.55,6,163.5,1,163.49,1,163.44,2,163.43,4,163.42,4,163.38,6,163.36,5,163.25,2,163.24,3,163.87,4,163.89,1,163.9,2,164.07,4,164.08,4,164.09,3,164.13,2,164.2,3,164.28,3,164.33,3
2025-04-10 09:36:14,163.71,163.64,1,163.55,6,163.87,4,163.87,163.55,163.55,6,163.5,1,163.49,1,163.44,2,163.43,4,163.42,4,163.38,6,163.36,5,163.25,2,163.24,3,163.87,4,163.89,1,163.9,2,164.07,4,164.08,4,164.09,3,164.13,2,164.2,3,164.28,3,164.33,3
2025-04-10 09:36:15,163.71,163.64,1,163.55,6,163.87,4,163.87,163.55,163.55,6,163.5,1,163.49,1,163.44,2,163.43,4,163.42,4,163.38,6,163.36,5,163.25,2,163.24,3,163.87,4,163.89,1,163.9,2,164.07,4,164.08,4,164.09,3,164.13,2,164.2,3,164.28,3,164.33,3
2025-04-10 09:36:16,163.71,163.64,1,163.55,6,163.87,3,163.87,163.55,163.55,6,163.5,1,163.49,1,163.44,2,163.43,4,163.42,4,163.38,6,163.36,5,163.25,2,163.24,3,163.87,3,163.89,1,163.9,2,164.07,4,164.08,4,164.09,3,164.13,2,164.2,3,164.28,3,164.33,3
2025-04-10 09:36:17,163.71,163.64,1,163.55,6,163.87,4,163.87,163.55,163.55,6,163.5,1,163.49,1,163.44,2,163.43,4,163.42,4,163.38,6,163.36,5,163.25,2,163.24,3,163.87,4,163.89,1,163.9,2,164.07,4,164.08,4,164.09,3,164.13,2,164.2,3,164.28,3,164.33,3
2025-04-10 09:36:18,163.71,163.71,2,163.55,6,163.87,3,163.87,163.55,163.55,6,163.5,1,163.49,1,163.44,2,163.43,4,163.42,4,163.38,6,163.36,5,163.25,2,163.24,3,163.87,3,163.89,1,163.9,2,164.07,4,164.08,4,164.09,3,164.13,2,164.2,3,164.28,3,164.33,3
2025-04-10 09:36:19,163.71,163.66,2,163.55,6,163.87,4,163.87,163.55,163.55,6,163.5,1,163.49,1,163.44,2,163.43,4,163.42,4,163.38,6,163.36,5,163.25,2,163.24,3,163.87,4,163.89,1,163.9,2,164.07,4,164.08,4,164.09,3,164.13,2,164.2,3,164.28,3,164.33,3
2025-04-10 09:36:20,163.71,163.66,2,163.55,6,163.87,4,163.87,163.55,163.55,6,163.5,1,163.49,1,163.44,2,163.43,4,163.42,4,163.38,6,163.36,5,163.25,2,163.24,3,163.87,4,163.89,1,163.9,2,164.07,4,164.08,4,164.09,3,164.13,2,164.2,3,164.28,3,164.33,3
2025-04-10 09:36:21,163.71,163.66,2,163.55,6,163.87,4,163.87,163.55,163.55,6,163.5,1,163.49,1,163.44,2,163.43,4,163.42,4,163.38,6,163.36,5,163.25,2,163.24,3,163.87,4,163.89,1,163.9,2,164.07,4,164.08,4,164.09,3,164.13,2,164.2,3,164.28,3,164.33,3
2025-04-10 09:36:22,163.71,163.66,2,163.55,6,163.87,4,163.87,163.55,163.55,6,163.5,1,163.49,1,163.44,2,163.43,4,163.42,4,163.38,6,163.36,5,163.25,2,163.24,3,163.87,4,163.89,1,163.9,2,164.07,4,164.08,4,164.09,3,164.13,2,164.2,3,164.28,3,164.33,3
2025-04-10 09:36:23,163.71,163.66,2,163.55,6,163.87,4,163.87,163.55,163.55,6,163.5,1,163.49,1,163.44,2,163.43,4,163.42,4,163.38,6,163.36,5,163.25,2,163.24,3,163.87,4,163.89,1,163.9,2,164.07,4,164.08,4,164.09,3,164.13,2,164.2,3,164.28,3,164.33,3
2025-04-10 09:36:24,163.71,163.71,1,163.55,7,163.87,1,163.87,163.55,163.55,7,163.5,1,163.49,1,163.44,2,163.43,4,163.42,4,163.38,6,163.36,5,163.25,2,163.24,3,163.87,1,163.9,2,164.07,4,164.08,4,164.09,3,164.13,2,164.2,3,164.28,3,164.33,3,164.34,4
2025-04-10 09:36:25,163.71,163.71,1,163.55,7,163.87,1,163.87,163.55,163.55,7,163.5,1,163.49,1,163.44,2,163.43,4,163.42,4,163.38,6,163.36,5,163.25,2,163.24,3,163.87,1,163.9,2,164.07,4,164.08,4,164.09,3,164.13,2,164.2,3,164.28,3,164.33,3,164.34,4
2025-04-10 09:36:26,163.69,163.71,1,163.55,6,163.83,3,163.83,163.55,163.55,6,163.5,1,163.49,1,163.44,2,163.43,4,163.42,4,163.38,6,163.36,5,163.25,2,163.24,3,163.83,3,163.9,2,164.07,4,164.08,4,164.09,3,164.13,2,164.2,3,164.28,3,164.33,3,164.34,4
2025-04-10 09:36:27,163.69,163.71,1,163.55,6,163.83,3,163.83,163.55,163.55,6,163.5,1,163.49,1,163.44,2,163.43,4,163.42,4,163.38,6,163.36,5,163.25,2,163.24,3,163.83,3,163.9,2,164.07,4,164.08,4,164.09,3,164.13,2,164.2,3,164.28,3,164.33,3,164.34,4
2025-04-10 09:36:28,163.69,163.55,1,163.55,6,163.83,3,163.83,163.55,163.55,6,163.5,1,163.49,1,163.44,2,163.43,4,163.42,4,163.38,6,163.36,5,163.25,2,163.24,3,163.83,3,163.9,2,164.07,4,164.08,4,164.09,3,164.13,2,164.2,3,164.28,3,164.33,3,164.34,4
2025-04-10 09:36:29,163.69,163.56,1,163.55,6,163.83,3,163.83,163.55,163.55,6,163.5,1,163.49,1,163.44,2,163.43,4,163.42,4,163.38,6,163.36,5,163.25,2,163.24,3,163.83,3,163.9,2,164.07,4,164.08,4,164.09,3,164.13,2,164.2,3,164.28,3,164.33,3,164.34,4
2025-04-10 09:36:30,163.56,163.56,1,163.43,2,163.69,4,163.69,163.43,163.43,2,163.42,4,163.38,6,163.36,5,163.25,2,163.24,3,163.21,6,163.18,7,163.03,11,163.01,6,163.69,4,163.77,1,163.83,3,163.9,2,164.07,4,164.08,4,164.09,3,164.13,2,164.2,3,164.28,3
2025-04-10 09:36:31,163.56,163.56,1,163.43,2,163.69,4,163.69,163.43,163.43,2,163.42,4,163.38,6,163.36,5,163.25,2,163.24,3,163.21,6,163.18,7,163.03,11,163.01,6,163.69,4,163.77,1,163.83,3,163.9,2,164.07,4,164.08,4,164.09,3,164.13,2,164.2,3,164.28,3
2025-04-10 09:36:32,163.56,163.56,1,163.43,2,163.69,4,163.69,163.43,163.43,2,163.42,4,163.38,6,163.36,5,163.25,2,163.24,3,163.21,6,163.18,7,163.03,11,163.01,6,163.69,4,163.77,1,163.83,3,163.9,2,164.07,4,164.08,4,164.09,3,164.13,2,164.2,3,164.28,3
2025-04-10 09:36:33,163.56,163.56,1,163.43,2,163.69,4,163.69,163.43,163.43,2,163.42,4,163.38,6,163.36,5,163.25,2,163.24,3,163.21,6,163.18,7,163.03,11,163.01,6,163.69,4,163.77,1,163.83,3,163.9,2,164.07,4,164.08,4,164.09,3,164.13,2,164.2,3,164.28,3
2025-04-10 09:36:34,163.56,163.56,1,163.43,2,163.69,4,163.69,163.43,163.43,2,163.42,4,163.38,6,163.36,5,163.25,2,163.24,3,163.21,6,163.18,7,163.03,11,163.01,6,163.69,4,163.77,1,163.83,3,163.9,2,164.07,4,164.08,4,164.09,3,164.13,2,164.2,3,164.28,3
2025-04-10 09:36:35,163.56,163.45,1,163.43,2,163.69,4,163.69,163.43,163.43,2,163.42,4,163.38,6,163.36,5,163.25,2,163.24,3,163.21,6,163.18,7,163.03,11,163.01,6,163.69,4,163.77,1,163.83,3,163.9,2,164.07,4,164.08,4,164.09,3,164.13,2,164.2,3,164.28,3
2025-04-10 09:36:36,163.56,163.5,1,163.43,2,163.69,4,163.69,163.43,163.43,2,163.42,4,163.38,6,163.36,5,163.25,2,163.24,3,163.21,6,163.18,7,163.03,11,163.01,6,163.69,4,163.77,1,163.83,3,163.9,2,164.07,4,164.08,4,164.09,3,164.13,2,164.2,3,164.28,3
2025-04-10 09:36:37,163.56,163.56,2,163.43,2,163.69,4,163.69,163.43,163.43,2,163.42,4,163.38,6,163.36,5,163.25,2,163.24,3,163.21,6,163.18,7,163.03,11,163.01,6,163.69,4,163.77,1,163.83,3,163.9,2,164.07,4,164.08,4,164.09,3,164.13,2,164.2,3,164.28,3
2025-04-10 09:36:38,163.56,163.56,2,163.43,2,163.69,4,163.69,163.43,163.43,2,163.42,4,163.38,6,163.36,5,163.25,2,163.24,3,163.21,6,163.18,7,163.03,11,163.01,6,163.69,4,163.77,1,163.83,3,163.9,2,164.07,4,164.08,4,164.09,3,164.13,2,164.2,3,164.28,3
2025-04-10 09:36:39,163.42,163.26,1,163.25,4,163.59,4,163.59,163.25,163.25,4,163.24,3,163.21,6,163.18,7,163.03,11,163.01,6,163.0,1,162.99,1,162.85,2,162.72,1,163.59,4,163.66,1,163.67,4,163.68,5,163.69,4,163.77,1,163.83,3,163.9,2,164.07,4,164.08,4
2025-04-10 09:36:40,163.415,163.26,1,163.25,4,163.58,6,163.58,163.25,163.25,4,163.24,3,163.21,6,163.18,7,163.03,11,163.01,6,163.0,1,162.99,1,162.85,2,162.72,1,163.58,6,163.59,4,163.66,1,163.67,4,163.68,5,163.69,4,163.77,1,163.83,3,163.9,2,164.07,4
2025-04-10 09:36:41,163.35,163.26,1,163.12,1,163.58,6,163.58,163.12,163.12,1,163.06,3,163.03,11,163.01,6,163.0,1,162.99,1,162.85,2,162.72,1,162.65,1,162.64,9,163.58,6,163.59,4,163.66,1,163.67,4,163.68,5,163.69,4,163.77,1,163.83,3,163.9,2,164.07,4
2025-04-10 09:36:42,163.3,163.3,1,163.1,1,163.5,3,163.5,163.1,163.1,1,163.06,3,163.03,11,163.01,6,163.0,1,162.99,1,162.85,2,162.72,1,162.65,1,162.64,9,163.5,3,163.58,4,163.59,4,163.66,1,163.67,4,163.68,5,163.69,4,163.77,1,163.83,3,163.9,2
2025-04-10 09:36:43,163.3,163.3,1,163.1,1,163.5,3,163.5,163.1,163.1,1,163.06,3,163.03,11,163.01,6,163.0,1,162.99,1,162.85,2,162.72,1,162.65,1,162.64,9,163.5,3,163.58,4,163.59,4,163.66,1,163.67,4,163.68,5,163.69,4,163.77,1,163.83,3,163.9,2
2025-04-10 09:36:44,163.355,163.35,1,163.21,1,163.5,3,163.5,163.21,163.21,1,163.1,1,163.06,3,163.03,11,163.01,6,163.0,1,162.99,1,162.85,2,162.72,1,162.65,1,163.5,3,163.58,4,163.59,4,163.66,1,163.67,4,163.68,5,163.69,4,163.77,1,163.83,3,163.9,2
2025-04-10 09:36:45,163.355,163.35,1,163.21,1,163.5,3,163.5,163.21,163.21,1,163.1,1,163.06,3,163.03,11,163.01,6,163.0,1,162.99,1,162.85,2,162.72,1,162.65,1,163.5,3,163.58,4,163.59,4,163.66,1,163.67,4,163.68,5,163.69,4,163.77,1,163.83,3,163.9,2
2025-04-10 09:36:46,163.37,163.37,1,163.24,2,163.5,6,163.5,163.24,163.24,2,163.21,1,163.1,1,163.06,3,163.03,11,163.01,6,163.0,1,162.99,1,162.85,2,162.72,1,163.5,6,163.58,4,163.59,4,163.66,1,163.67,4,163.68,5,163.69,4,163.77,1,163.83,3,163.9,2
2025-04-10 09:36:47,163.37,163.37,1,163.24,2,163.5,6,163.5,163.24,163.24,2,163.21,1,163.1,1,163.06,3,163.03,11,163.01,6,163.0,1,162.99,1,162.85,2,162.72,1,163.5,6,163.58,4,163.59,4,163.66,1,163.67,4,163.68,5,163.69,4,163.77,1,163.83,3,163.9,2
2025-04-10 09:36:48,163.475,163.5,1,163.29,1,163.66,3,163.66,163.29,163.29,1,163.24,2,163.21,1,163.1,1,163.06,3,163.03,11,163.01,6,163.0,1,162.99,1,162.85,2,163.66,3,163.67,4,163.68,5,163.69,4,163.77,1,163.83,3,163.9,2,164.07,4,164.08,4,164.09,3
2025-04-10 09:36:49,163.475,163.5,1,163.29,1,163.66,3,163.66,163.29,163.29,1,163.24,2,163.21,1,163.1,1,163.06,3,163.03,11,163.01,6,163.0,1,162.99,1,162.85,2,163.66,3,163.67,4,163.68,5,163.69,4,163.77,1,163.83,3,163.9,2,164.07,4,164.08,4,164.09,3
2025-04-10 09:36:50,163.525,163.41,5,163.39,1,163.66,3,163.66,163.39,163.39,1,163.32,1,163.29,1,163.24,2,163.21,1,163.1,1,163.06,3,163.03,11,163.01,6,163.0,1,163.66,3,163.67,4,163.68,5,163.69,4,163.77,1,163.83,3,163.9,2,164.07,4,164.08,4,164.09,3
2025-04-10 09:36:51,163.525,163.41,5,163.39,3,163.66,3,163.66,163.39,163.39,3,163.32,1,163.29,1,163.24,2,163.21,1,163.1,1,163.06,3,163.03,11,163.01,6,163.0,1,163.66,3,163.67,4,163.68,5,163.69,4,163.77,1,163.83,3,163.9,2,164.07,4,164.08,4,164.09,3
2025-04-10 09:36:52,163.525,163.41,5,163.39,4,163.66,3,163.66,163.39,163.39,4,163.32,1,163.29,1,163.24,2,163.21,1,163.1,1,163.06,3,163.03,11,163.01,6,163.0,1,163.66,3,163.67,4,163.68,5,163.69,4,163.77,1,163.83,3,163.9,2,164.07,4,164.08,4,164.09,3
2025-04-10 09:36:53,163.535,163.41,5,163.39,4,163.68,5,163.68,163.39,163.39,4,163.32,1,163.29,1,163.24,2,163.21,1,163.1,1,163.06,3,163.03,11,163.01,6,163.0,1,163.68,5,163.69,4,163.77,1,163.83,3,163.9,2,164.07,4,164.08,4,164.09,3,164.13,2,164.2,3
2025-04-10 09:36:54,163.535,163.54,1,163.39,4,163.68,5,163.68,163.39,163.39,4,163.32,1,163.29,1,163.24,2,163.21,1,163.1,1,163.06,3,163.03,11,163.01,6,163.0,1,163.68,5,163.69,4,163.77,1,163.83,3,163.9,2,164.07,4,164.08,4,164.09,3,164.13,2,164.2,3
2025-04-10 09:36:55,163.535,163.47,2,163.39,4,163.68,5,163.68,163.39,163.39,4,163.32,1,163.29,1,163.24,2,163.21,1,163.1,1,163.06,3,163.03,11,163.01,6,163.0,1,163.68,5,163.69,4,163.77,1,163.83,3,163.9,2,164.07,4,164.08,4,164.09,3,164.13,2,164.2,3
2025-04-10 09:36:56,163.535,163.47,2,163.39,4,163.68,5,163.68,163.39,163.39,4,163.32,1,163.29,1,163.24,2,163.21,1,163.1,1,163.06,3,163.03,11,163.01,6,163.0,1,163.68,5,163.69,4,163.77,1,163.83,3,163.9,2,164.07,4,164.08,4,164.09,3,164.13,2,164.2,3
2025-04-10 09:36:57,163.535,163.47,2,163.39,4,163.68,5,163.68,163.39,163.39,4,163.32,1,163.29,1,163.24,2,163.21,1,163.1,1,163.06,3,163.03,11,163.01,6,163.0,1,163.68,5,163.69,4,163.77,1,163.83,3,163.9,2,164.07,4,164.08,4,164.09,3,164.13,2,164.2,3
2025-04-10 09:36:58,163.535,163.58,1,163.39,4,163.68,3,163.68,163.39,163.39,4,163.32,1,163.29,1,163.24,2,163.21,1,163.1,1,163.06,3,163.03,11,163.01,6,163.0,1,163.68,3,163.69,4,163.77,1,163.83,3,163.9,2,164.07,4,164.08,4,164.09,3,164.13,2,164.2,3
2025-04-10 09:36:59,163.535,163.58,1,163.39,4,163.68,3,163.68,163.39,163.39,4,163.32,1,163.29,1,163.24,2,163.21,1,163.1,1,163.06,3,163.03,11,163.01,6,163.0,1,163.68,3,163.69,4,163.77,1,163.83,3,163.9,2,164.07,4,164.08,4,164.09,3,164.13,2,164.2,3
2025-04-10 09:37:00,163.535,163.54,1,163.39,4,163.68,4,163.68,163.39,163.39,4,163.32,1,163.29,1,163.24,2,163.21,1,163.1,1,163.06,3,163.03,11,163.01,6,163.0,1,163.68,4,163.69,4,163.77,1,163.83,3,163.9,2,164.07,4,164.08,4,164.09,3,164.13,2,164.2,3
2025-04-10 09:37:01,163.535,163.54,1,163.39,4,163.68,5,163.68,163.39,163.39,4,163.32,1,163.29,1,163.24,2,163.21,1,163.1,1,163.06,3,163.03,11,163.01,6,163.0,1,163.68,5,163.69,4,163.77,1,163.83,3,163.9,2,164.07,4,164.08,4,164.09,3,164.13,2,164.2,3
2025-04-10 09:37:02,163.53,163.54,1,163.39,4,163.67,1,163.67,163.39,163.39,4,163.32,1,163.29,1,163.24,2,163.21,1,163.1,1,163.06,3,163.03,11,163.01,6,163.0,1,163.67,1,163.68,5,163.69,4,163.77,1,163.83,3,163.9,2,164.07,4,164.08,4,164.09,3,164.13,2
2025-04-10 09:37:03,163.53,163.54,1,163.39,4,163.67,2,163.67,163.39,163.39,4,163.32,1,163.29,1,163.24,2,163.21,1,163.1,1,163.06,3,163.03,11,163.01,6,163.0,1,163.67,2,163.68,5,163.69,4,163.77,1,163.83,3,163.9,2,164.07,4,164.08,4,164.09,3,164.13,2
2025-04-10 09:37:04,163.53,163.54,1,163.39,4,163.67,2,163.67,163.39,163.39,4,163.32,1,163.29,1,163.24,2,163.21,1,163.1,1,163.06,3,163.03,11,163.01,6,163.0,1,163.67,2,163.68,5,163.69,4,163.77,1,163.83,3,163.9,2,164.07,4,164.08,4,164.09,3,164.13,2
2025-04-10 09:37:05,163.53,163.51,1,163.39,4,163.67,2,163.67,163.39,163.39,4,163.32,1,163.29,1,163.24,2,163.21,1,163.1,1,163.06,3,163.03,11,163.01,6,163.0,1,163.67,2,163.68,5,163.69,4,163.77,1,163.83,3,163.9,2,164.07,4,164.08,4,164.09,3,164.13,2
2025-04-10 09:37:06,163.53,163.51,1,163.39,4,163.67,2,163.67,163.39,163.39,4,163.32,1,163.29,1,163.24,2,163.21,1,163.1,1,163.06,3,163.03,11,163.01,6,163.0,1,163.67,2,163.68,5,163.69,4,163.77,1,163.83,3,163.9,2,164.07,4,164.08,4,164.09,3,164.13,2
2025-04-10 09:37:07,163.53,163.51,1,163.39,4,163.67,2,163.67,163.39,163.39,4,163.32,1,163.29,1,163.24,2,163.21,1,163.1,1,163.06,3,163.03,11,163.01,6,163.0,1,163.67,2,163.68,5,163.69,4,163.77,1,163.83,3,163.9,2,164.07,4,164.08,4,164.09,3,164.13,2
2025-04-10 09:37:08,163.53,163.53,2,163.39,4,163.67,3,163.67,163.39,163.39,4,163.32,1,163.29,1,163.24,2,163.21,1,163.1,1,163.06,3,163.03,11,163.01,6,163.0,1,163.67,3,163.68,5,163.69,4,163.77,1,163.83,3,163.9,2,164.07,4,164.08,4,164.09,3,164.13,2
2025-04-10 09:37:09,163.52,163.53,2,163.39,4,163.65,3,163.65,163.39,163.39,4,163.32,1,163.29,1,163.24,2,163.21,1,163.1,1,163.06,3,163.03,11,163.01,6,163.0,1,163.65,3,163.67,1,163.68,5,163.69,4,163.77,1,163.83,3,163.9,2,164.07,4,164.08,4,164.09,3
2025-04-10 09:37:10,163.515,163.51,1,163.39,4,163.64,1,163.64,163.39,163.39,4,163.32,1,163.29,1,163.24,2,163.21,1,163.1,1,163.06,3,163.03,11,163.01,6,163.0,1,163.64,1,163.65,3,163.67,1,163.68,5,163.69,4,163.77,1,163.83,3,163.9,2,164.07,4,164.08,4
2025-04-10 09:37:11,163.41,163.36,1,163.29,2,163.53,2,163.53,163.29,163.29,2,163.24,2,163.21,1,163.1,1,163.06,3,163.03,11,163.01,6,163.0,1,162.99,1,162.85,2,163.53,2,163.55,1,163.63,5,163.64,3,163.65,3,163.67,1,163.68,5,163.69,4,163.77,1,163.83,3
2025-04-10 09:37:12,163.355,163.35,2,163.24,3,163.47,3,163.47,163.24,163.24,3,163.21,1,163.1,1,163.06,3,163.03,11,163.01,6,163.0,1,162.99,1,162.85,2,162.72,1,163.47,3,163.48,1,163.53,2,163.55,1,163.63,5,163.64,3,163.65,3,163.67,1,163.68,5,163.69,4
2025-04-10 09:37:13,163.355,163.35,1,163.24,3,163.47,5,163.47,163.24,163.24,3,163.21,1,163.1,1,163.06,3,163.03,11,163.01,6,163.0,1,162.99,1,162.85,2,162.72,1,163.47,5,163.48,1,163.53,2,163.55,1,163.63,5,163.64,3,163.65,3,163.67,1,163.68,5,163.69,4
2025-04-10 09:37:14,163.325,163.25,1,163.18,1,163.47,5,163.47,163.18,163.18,1,163.1,1,163.06,3,163.03,11,163.01,6,163.0,1,162.99,1,162.85,2,162.72,1,162.65,1,163.47,5,163.48,1,163.53,2,163.55,1,163.63,5,163.64,3,163.65,3,163.67,1,163.68,5,163.69,4
2025-04-10 09:37:15,163.325,163.25,1,163.18,2,163.47,5,163.47,163.18,163.18,2,163.1,1,163.06,3,163.03,11,163.01,6,163.0,1,162.99,1,162.85,2,162.72,1,162.65,1,163.47,5,163.48,1,163.53,2,163.55,1,163.63,5,163.64,3,163.65,3,163.67,1,163.68,5,163.69,4
2025-04-10 09:37:16,163.325,163.25,1,163.18,2,163.47,5,163.47,163.18,163.18,2,163.1,1,163.06,3,163.03,11,163.01,6,163.0,1,162.99,1,162.85,2,162.72,1,162.65,1,163.47,5,163.48,1,163.53,2,163.55,1,163.63,5,163.64,3,163.65,3,163.67,1,163.68,5,163.69,4
2025-04-10 09:37:17,163.325,163.25,1,163.18,2,163.47,5,163.47,163.18,163.18,2,163.1,1,163.06,3,163.03,11,163.01,6,163.0,1,162.99,1,162.85,2,162.72,1,162.65,1,163.47,5,163.48,1,163.53,2,163.55,1,163.63,5,163.64,3,163.65,3,163.67,1,163.68,5,163.69,4
2025-04-10 09:37:18,163.325,163.24,1,163.18,2,163.47,5,163.47,163.18,163.18,2,163.1,1,163.06,3,163.03,11,163.01,6,163.0,1,162.99,1,162.85,2,162.72,1,162.65,1,163.47,5,163.48,1,163.53,2,163.55,1,163.63,5,163.64,3,163.65,3,163.67,1,163.68,5,163.69,4
2025-04-10 09:37:19,163.325,163.24,1,163.18,2,163.47,5,163.47,163.18,163.18,2,163.1,1,163.06,3,163.03,11,163.01,6,163.0,1,162.99,1,162.85,2,162.72,1,162.65,1,163.47,5,163.48,1,163.53,2,163.55,1,163.63,5,163.64,3,163.65,3,163.67,1,163.68,5,163.69,4
2025-04-10 09:37:20,163.295,163.18,1,163.18,1,163.41,3,163.41,163.18,163.18,1,163.1,1,163.06,3,163.03,11,163.01,6,163.0,1,162.99,1,162.85,2,162.72,1,162.65,1,163.41,3,163.46,1,163.47,5,163.48,1,163.53,2,163.55,1,163.63,5,163.64,3,163.65,3,163.67,1
2025-04-10 09:37:21,163.295,163.18,1,163.18,1,163.41,3,163.41,163.18,163.18,1,163.1,1,163.06,3,163.03,11,163.01,6,163.0,1,162.99,1,162.85,2,162.72,1,162.65,1,163.41,3,163.46,1,163.47,5,163.48,1,163.53,2,163.55,1,163.63,5,163.64,3,163.65,3,163.67,1
2025-04-10 09:37:22,163.295,163.18,1,163.18,1,163.41,3,163.41,163.18,163.18,1,163.1,1,163.06,3,163.03,11,163.01,6,163.0,1,162.99,1,162.85,2,162.72,1,162.65,1,163.41,3,163.46,1,163.47,5,163.48,1,163.53,2,163.55,1,163.63,5,163.64,3,163.65,3,163.67,1
2025-04-10 09:37:23,163.295,163.18,1,163.18,1,163.41,3,163.41,163.18,163.18,1,163.1,1,163.06,3,163.03,11,163.01,6,163.0,1,162.99,1,162.85,2,162.72,1,162.65,1,163.41,3,163.46,1,163.47,5,163.48,1,163.53,2,163.55,1,163.63,5,163.64,3,163.65,3,163.67,1
2025-04-10 09:37:24,163.295,163.18,1,163.18,1,163.41,3,163.41,163.18,163.18,1,163.1,1,163.06,3,163.03,11,163.01,6,163.0,1,162.99,1,162.85,2,162.72,1,162.65,1,163.41,3,163.46,1,163.47,5,163.48,1,163.53,2,163.55,1,163.63,5,163.64,3,163.65,3,163.67,1
2025-04-10 09:37:25,163.295,163.18,1,163.18,1,163.41,3,163.41,163.18,163.18,1,163.1,1,163.06,3,163.03,11,163.01,6,163.0,1,162.99,1,162.85,2,162.72,1,162.65,1,163.41,3,163.46,1,163.47,5,163.48,1,163.53,2,163.55,1,163.63,5,163.64,3,163.65,3,163.67,1
2025-04-10 09:37:26,163.295,163.19,1,163.18,1,163.41,3,163.41,163.18,163.18,1,163.1,1,163.06,3,163.03,11,163.01,6,163.0,1,162.99,1,162.85,2,162.72,1,162.65,1,163.41,3,163.46,1,163.47,5,163.48,1,163.53,2,163.55,1,163.63,5,163.64,3,163.65,3,163.67,1
2025-04-10 09:37:27,163.295,163.19,1,163.18,1,163.41,6,163.41,163.18,163.18,1,163.1,1,163.06,3,163.03,11,163.01,6,163.0,1,162.99,1,162.85,2,162.72,1,162.65,1,163.41,6,163.46,1,163.47,5,163.48,1,163.53,2,163.55,1,163.63,5,163.64,3,163.65,3,163.67,1
