sim_time,mid_price,last_price,last_size,best_bid_price,best_bid_size,best_ask_price,best_ask_size,close_price_buy,close_price_sell,bid1_price,bid1_size,bid2_price,bid2_size,bid3_price,bid3_size,bid4_price,bid4_size,bid5_price,bid5_size,bid6_price,bid6_size,bid7_price,bid7_size,bid8_price,bid8_size,bid9_price,bid9_size,bid10_price,bid10_size,ask1_price,ask1_size,ask2_price,ask2_size,ask3_price,ask3_size,ask4_price,ask4_size,ask5_price,ask5_size,ask6_price,ask6_size,ask7_price,ask7_size,ask8_price,ask8_size,ask9_price,ask9_size,ask10_price,ask10_size
2025-04-10 09:30:11,,0.0,0,0.0,0,0.0,0,0.0,0.0,,,,,,,,,,,,,,,,,,,,,,,,,,,,,,,,,,,,,,,,
2025-04-10 09:30:12,,0.0,0,0.0,0,0.0,0,0.0,0.0,,,,,,,,,,,,,,,,,,,,,,,,,,,,,,,,,,,,,,,,
2025-04-10 09:30:14,,0.0,0,0.0,0,0.0,0,0.0,0.0,,,,,,,,,,,,,,,,,,,,,,,,,,,,,,,,,,,,,,,,
2025-04-10 09:30:15,,0.0,0,0.0,0,0.0,0,0.0,0.0,,,,,,,,,,,,,,,,,,,,,,,,,,,,,,,,,,,,,,,,
2025-04-10 09:30:16,,0.0,0,0.0,0,0.0,0,0.0,0.0,,,,,,,,,,,,,,,,,,,,,,,,,,,,,,,,,,,,,,,,
2025-04-10 09:30:17,331.155,331.16,1,329.31,2,333.0,3,333.0,329.31,329.31,2,329.3,1,327.63,5,326.3,2,,,,,,,,,,,,,333.0,3,335.48,1,336.07,2,,,,,,,,,,,,,,
2025-04-10 09:30:18,331.155,331.16,1,329.31,2,333.0,4,333.0,329.31,329.31,2,329.3,1,327.63,5,326.3,2,,,,,,,,,,,,,333.0,4,335.48,1,336.07,2,,,,,,,,,,,,,,
2025-04-10 09:30:19,331.155,331.16,1,329.31,2,333.0,4,333.0,329.31,329.31,2,329.3,1,327.63,5,326.3,2,,,,,,,,,,,,,333.0,4,335.48,1,336.07,2,,,,,,,,,,,,,,
2025-04-10 09:30:20,331.155,331.16,1,329.31,2,333.0,4,333.0,329.31,329.31,2,329.3,1,327.63,5,326.3,2,,,,,,,,,,,,,333.0,4,335.48,1,336.07,2,,,,,,,,,,,,,,
2025-04-10 09:30:21,331.155,331.16,1,329.31,2,333.0,4,333.0,329.31,329.31,2,329.3,1,327.63,5,326.3,2,,,,,,,,,,,,,333.0,4,335.48,1,336.07,2,,,,,,,,,,,,,,
2025-04-10 09:30:22,331.155,331.16,1,329.31,2,333.0,4,333.0,329.31,329.31,2,329.3,1,327.63,5,326.3,2,,,,,,,,,,,,,333.0,4,335.48,1,336.07,2,,,,,,,,,,,,,,
2025-04-10 09:30:23,331.155,331.16,1,329.31,2,333.0,4,333.0,329.31,329.31,2,329.3,1,327.63,5,326.3,2,,,,,,,,,,,,,333.0,4,335.48,1,336.07,2,,,,,,,,,,,,,,
2025-04-10 09:30:24,331.155,331.16,1,329.31,2,333.0,4,333.0,329.31,329.31,2,329.3,1,327.63,5,326.3,2,,,,,,,,,,,,,333.0,4,335.48,1,336.07,2,,,,,,,,,,,,,,
2025-04-10 09:30:25,331.155,331.16,1,329.31,2,333.0,4,333.0,329.31,329.31,2,329.3,1,327.63,5,326.3,2,,,,,,,,,,,,,333.0,4,335.48,1,336.07,2,,,,,,,,,,,,,,
2025-04-10 09:30:26,331.155,331.16,1,329.31,2,333.0,4,333.0,329.31,329.31,2,329.3,1,327.63,5,326.3,2,,,,,,,,,,,,,333.0,4,335.48,1,336.07,2,,,,,,,,,,,,,,
2025-04-10 09:30:27,331.155,331.16,1,329.31,2,333.0,4,333.0,329.31,329.31,2,329.3,1,327.63,5,326.3,2,,,,,,,,,,,,,333.0,4,335.48,1,336.07,2,,,,,,,,,,,,,,
2025-04-10 09:30:28,331.155,331.16,1,329.31,2,333.0,4,333.0,329.31,329.31,2,329.3,1,327.63,5,326.3,2,,,,,,,,,,,,,333.0,4,335.48,1,336.07,2,,,,,,,,,,,,,,
2025-04-10 09:30:29,331.155,331.16,1,329.31,2,333.0,4,333.0,329.31,329.31,2,329.3,1,327.63,5,326.3,2,,,,,,,,,,,,,333.0,4,335.48,1,336.07,2,,,,,,,,,,,,,,
2025-04-10 09:30:30,331.155,331.16,1,329.31,2,333.0,4,333.0,329.31,329.31,2,329.3,1,327.63,5,326.3,2,,,,,,,,,,,,,333.0,4,335.48,1,336.07,2,,,,,,,,,,,,,,
2025-04-10 09:30:31,331.155,331.16,1,329.31,2,333.0,4,333.0,329.31,329.31,2,329.3,1,327.63,5,326.3,2,,,,,,,,,,,,,333.0,4,335.48,1,336.07,2,,,,,,,,,,,,,,
2025-04-10 09:30:32,331.155,331.16,1,329.31,2,333.0,4,333.0,329.31,329.31,2,329.3,1,327.63,5,326.3,2,,,,,,,,,,,,,333.0,4,335.48,1,336.07,2,,,,,,,,,,,,,,
2025-04-10 09:30:33,331.155,331.16,1,329.31,2,333.0,4,333.0,329.31,329.31,2,329.3,1,327.63,5,326.3,2,,,,,,,,,,,,,333.0,4,335.48,1,336.07,2,,,,,,,,,,,,,,
2025-04-10 09:30:34,331.155,331.16,1,329.31,2,333.0,4,333.0,329.31,329.31,2,329.3,1,327.63,5,326.3,2,,,,,,,,,,,,,333.0,4,335.48,1,336.07,2,,,,,,,,,,,,,,
2025-04-10 09:30:35,331.155,331.16,1,329.31,2,333.0,4,333.0,329.31,329.31,2,329.3,1,327.63,5,326.3,2,,,,,,,,,,,,,333.0,4,335.48,1,336.07,2,,,,,,,,,,,,,,
2025-04-10 09:30:36,331.155,331.16,1,329.31,2,333.0,4,333.0,329.31,329.31,2,329.3,1,327.63,5,326.3,2,,,,,,,,,,,,,333.0,4,335.48,1,336.07,2,,,,,,,,,,,,,,
2025-04-10 09:30:37,331.155,331.16,1,329.31,2,333.0,4,333.0,329.31,329.31,2,329.3,1,327.63,5,326.3,2,,,,,,,,,,,,,333.0,4,335.48,1,336.07,2,,,,,,,,,,,,,,
2025-04-10 09:30:38,331.155,331.16,1,329.31,2,333.0,4,333.0,329.31,329.31,2,329.3,1,327.63,5,326.3,2,,,,,,,,,,,,,333.0,4,335.48,1,336.07,2,,,,,,,,,,,,,,
2025-04-10 09:30:39,331.155,331.16,1,329.31,2,333.0,4,333.0,329.31,329.31,2,329.3,1,327.63,5,326.3,2,,,,,,,,,,,,,333.0,4,335.48,1,336.07,2,,,,,,,,,,,,,,
2025-04-10 09:30:40,331.155,331.16,1,329.31,2,333.0,4,333.0,329.31,329.31,2,329.3,1,327.63,5,326.3,2,,,,,,,,,,,,,333.0,4,335.48,1,336.07,2,,,,,,,,,,,,,,
2025-04-10 09:30:41,331.155,331.16,1,329.31,2,333.0,4,333.0,329.31,329.31,2,329.3,1,327.63,5,326.3,2,,,,,,,,,,,,,333.0,4,335.48,1,336.07,2,,,,,,,,,,,,,,
2025-04-10 09:30:42,331.155,331.16,1,329.31,2,333.0,4,333.0,329.31,329.31,2,329.3,1,327.63,5,326.3,2,,,,,,,,,,,,,333.0,4,335.48,1,336.07,2,,,,,,,,,,,,,,
2025-04-10 09:30:43,331.155,331.16,1,329.31,2,333.0,4,333.0,329.31,329.31,2,329.3,1,327.63,5,326.3,2,,,,,,,,,,,,,333.0,4,335.48,1,336.07,2,,,,,,,,,,,,,,
2025-04-10 09:30:44,331.155,331.16,1,329.31,2,333.0,4,333.0,329.31,329.31,2,329.3,1,327.63,5,326.3,2,,,,,,,,,,,,,333.0,4,335.48,1,336.07,2,,,,,,,,,,,,,,
2025-04-10 09:30:45,331.155,331.16,1,329.31,2,333.0,4,333.0,329.31,329.31,2,329.3,1,327.63,5,326.3,2,,,,,,,,,,,,,333.0,4,335.48,1,336.07,2,,,,,,,,,,,,,,
2025-04-10 09:30:46,331.155,331.16,1,329.31,2,333.0,4,333.0,329.31,329.31,2,329.3,1,327.63,5,326.3,2,,,,,,,,,,,,,333.0,4,335.48,1,336.07,2,,,,,,,,,,,,,,
2025-04-10 09:30:47,331.155,331.16,1,329.31,2,333.0,4,333.0,329.31,329.31,2,329.3,1,327.63,5,326.3,2,,,,,,,,,,,,,333.0,4,335.48,1,336.07,2,,,,,,,,,,,,,,
2025-04-10 09:30:48,331.155,331.16,1,329.31,2,333.0,4,333.0,329.31,329.31,2,329.3,1,327.63,5,326.3,2,,,,,,,,,,,,,333.0,4,335.48,1,336.07,2,,,,,,,,,,,,,,
2025-04-10 09:30:49,331.155,331.16,1,329.31,2,333.0,4,333.0,329.31,329.31,2,329.3,1,327.63,5,326.3,2,,,,,,,,,,,,,333.0,4,335.48,1,336.07,2,,,,,,,,,,,,,,
2025-04-10 09:30:50,331.155,331.16,1,329.31,2,333.0,4,333.0,329.31,329.31,2,329.3,1,327.63,5,326.3,2,,,,,,,,,,,,,333.0,4,335.48,1,336.07,2,,,,,,,,,,,,,,
2025-04-10 09:30:51,331.155,331.16,1,329.31,2,333.0,4,333.0,329.31,329.31,2,329.3,1,327.63,5,326.3,2,,,,,,,,,,,,,333.0,4,335.48,1,336.07,2,,,,,,,,,,,,,,
2025-04-10 09:30:52,331.155,331.16,1,329.31,2,333.0,4,333.0,329.31,329.31,2,329.3,1,327.63,5,326.3,2,,,,,,,,,,,,,333.0,4,335.48,1,336.07,2,,,,,,,,,,,,,,
2025-04-10 09:30:53,331.155,331.16,1,329.31,2,333.0,4,333.0,329.31,329.31,2,329.3,1,327.63,5,326.3,2,,,,,,,,,,,,,333.0,4,335.48,1,336.07,2,,,,,,,,,,,,,,
2025-04-10 09:30:54,331.155,331.16,1,329.31,2,333.0,4,333.0,329.31,329.31,2,329.3,1,327.63,5,326.3,2,,,,,,,,,,,,,333.0,4,335.48,1,336.07,2,,,,,,,,,,,,,,
2025-04-10 09:30:55,331.155,331.16,1,329.31,2,333.0,4,333.0,329.31,329.31,2,329.3,1,327.63,5,326.3,2,,,,,,,,,,,,,333.0,4,335.48,1,336.07,2,,,,,,,,,,,,,,
2025-04-10 09:30:56,331.155,331.16,1,329.31,2,333.0,4,333.0,329.31,329.31,2,329.3,1,327.63,5,326.3,2,,,,,,,,,,,,,333.0,4,335.48,1,336.07,2,,,,,,,,,,,,,,
2025-04-10 09:30:57,331.155,331.16,1,329.31,3,333.0,5,333.0,329.31,329.31,3,329.3,1,327.63,5,326.3,2,,,,,,,,,,,,,333.0,5,335.48,1,336.07,2,,,,,,,,,,,,,,
2025-04-10 09:30:58,331.155,331.16,1,329.31,3,333.0,5,333.0,329.31,329.31,3,329.3,1,327.63,5,326.3,2,,,,,,,,,,,,,333.0,5,335.48,1,336.07,2,,,,,,,,,,,,,,
2025-04-10 09:30:59,331.155,331.16,1,329.31,3,333.0,5,333.0,329.31,329.31,3,329.3,1,327.63,5,326.3,2,,,,,,,,,,,,,333.0,5,335.48,1,336.07,2,,,,,,,,,,,,,,
2025-04-10 09:31:00,331.155,331.16,1,329.31,3,333.0,5,333.0,329.31,329.31,3,329.3,1,327.63,5,326.3,2,,,,,,,,,,,,,333.0,5,335.48,1,336.07,2,,,,,,,,,,,,,,
2025-04-10 09:31:01,331.155,332.73,1,329.31,3,333.0,5,333.0,329.31,329.31,3,329.3,1,327.63,5,326.3,2,,,,,,,,,,,,,333.0,5,335.48,1,336.07,2,,,,,,,,,,,,,,
2025-04-10 09:31:02,331.155,332.73,1,329.31,3,333.0,5,333.0,329.31,329.31,3,329.3,1,327.63,5,326.3,2,,,,,,,,,,,,,333.0,5,335.48,1,336.07,2,,,,,,,,,,,,,,
2025-04-10 09:31:03,331.155,332.73,1,329.31,3,333.0,5,333.0,329.31,329.31,3,329.3,1,327.63,5,326.3,2,,,,,,,,,,,,,333.0,5,335.48,1,336.07,2,,,,,,,,,,,,,,
2025-04-10 09:31:04,331.155,332.73,1,329.31,3,333.0,5,333.0,329.31,329.31,3,329.3,1,327.63,5,326.3,2,,,,,,,,,,,,,333.0,5,335.48,1,336.07,2,,,,,,,,,,,,,,
2025-04-10 09:31:05,331.155,332.73,1,329.31,3,333.0,5,333.0,329.31,329.31,3,329.3,1,327.63,5,326.3,2,,,,,,,,,,,,,333.0,5,335.48,1,336.07,2,,,,,,,,,,,,,,
2025-04-10 09:31:06,331.25,331.16,1,329.5,2,333.0,6,333.0,329.5,329.5,2,329.31,3,329.3,1,327.63,5,326.3,2,,,,,,,,,,,333.0,6,335.48,1,336.07,2,,,,,,,,,,,,,,
2025-04-10 09:31:07,331.25,331.16,1,329.5,4,333.0,6,333.0,329.5,329.5,4,329.31,3,329.3,1,327.63,5,326.3,2,,,,,,,,,,,333.0,6,335.48,1,336.07,2,,,,,,,,,,,,,,
2025-04-10 09:31:08,331.25,331.16,1,329.5,4,333.0,6,333.0,329.5,329.5,4,329.31,3,329.3,1,327.63,5,326.3,2,,,,,,,,,,,333.0,6,335.48,1,336.07,2,,,,,,,,,,,,,,
2025-04-10 09:31:09,331.25,331.16,1,329.5,4,333.0,6,333.0,329.5,329.5,4,329.31,3,329.3,1,327.63,5,326.3,2,,,,,,,,,,,333.0,6,335.48,1,336.07,2,,,,,,,,,,,,,,
2025-04-10 09:31:10,331.25,331.16,1,329.5,4,333.0,6,333.0,329.5,329.5,4,329.31,3,329.3,1,327.63,5,326.3,2,,,,,,,,,,,333.0,6,335.48,1,336.07,2,,,,,,,,,,,,,,
2025-04-10 09:31:11,331.25,331.16,1,329.5,4,333.0,6,333.0,329.5,329.5,4,329.31,3,329.3,1,327.63,5,326.3,2,,,,,,,,,,,333.0,6,335.48,1,336.07,2,,,,,,,,,,,,,,
2025-04-10 09:31:12,331.25,331.16,1,329.5,4,333.0,6,333.0,329.5,329.5,4,329.31,3,329.3,1,327.63,5,326.3,2,,,,,,,,,,,333.0,6,335.48,1,336.07,2,,,,,,,,,,,,,,
2025-04-10 09:31:13,331.25,331.16,1,329.5,4,333.0,6,333.0,329.5,329.5,4,329.31,3,329.3,1,327.63,5,326.3,2,,,,,,,,,,,333.0,6,335.48,1,336.07,2,,,,,,,,,,,,,,
2025-04-10 09:31:14,331.25,331.16,1,329.5,4,333.0,6,333.0,329.5,329.5,4,329.31,3,329.3,1,327.63,5,326.3,2,,,,,,,,,,,333.0,6,335.48,1,336.07,2,,,,,,,,,,,,,,
2025-04-10 09:31:15,331.25,331.16,1,329.5,5,333.0,8,333.0,329.5,329.5,5,329.31,3,329.3,1,327.63,5,326.3,2,,,,,,,,,,,333.0,8,335.48,1,336.07,2,,,,,,,,,,,,,,
2025-04-10 09:31:16,331.25,331.16,1,329.5,5,333.0,8,333.0,329.5,329.5,5,329.31,3,329.3,1,327.63,5,326.3,2,,,,,,,,,,,333.0,8,335.48,1,336.07,2,,,,,,,,,,,,,,
2025-04-10 09:31:17,333.01,333.0,1,330.97,1,335.05,1,335.05,330.97,330.97,1,329.95,1,329.5,4,329.31,3,329.3,1,327.63,5,326.3,2,,,,,,,335.05,1,335.15,5,335.48,1,336.07,2,,,,,,,,,,,,
2025-04-10 09:31:18,332.5,333.0,1,329.95,4,335.05,1,335.05,329.95,329.95,4,329.5,4,329.31,3,329.3,1,327.63,5,326.3,2,,,,,,,,,335.05,1,335.15,5,335.48,1,336.07,2,,,,,,,,,,,,
2025-04-10 09:31:19,332.5,333.0,1,329.95,4,335.05,1,335.05,329.95,329.95,4,329.5,4,329.31,3,329.3,1,327.63,5,326.3,2,,,,,,,,,335.05,1,335.15,5,335.48,1,336.07,2,,,,,,,,,,,,
2025-04-10 09:31:20,332.5,333.0,1,329.95,4,335.05,1,335.05,329.95,329.95,4,329.5,4,329.31,3,329.3,1,327.63,5,326.3,2,,,,,,,,,335.05,1,335.15,5,335.48,1,336.07,2,,,,,,,,,,,,
2025-04-10 09:31:21,332.5,333.0,1,329.95,4,335.05,1,335.05,329.95,329.95,4,329.5,4,329.31,3,329.3,1,327.63,5,326.3,2,,,,,,,,,335.05,1,335.15,5,335.48,1,336.07,2,,,,,,,,,,,,
2025-04-10 09:31:22,332.5,334.4,1,329.95,4,335.05,2,335.05,329.95,329.95,4,329.5,4,329.31,3,329.3,1,327.63,5,326.3,2,,,,,,,,,335.05,2,335.15,5,335.48,1,336.07,2,,,,,,,,,,,,
2025-04-10 09:31:23,332.5,334.4,1,329.95,4,335.05,2,335.05,329.95,329.95,4,329.5,4,329.31,3,329.3,1,327.63,5,326.3,2,,,,,,,,,335.05,2,335.15,5,335.48,1,336.07,2,,,,,,,,,,,,
2025-04-10 09:31:24,332.5,334.4,1,329.95,4,335.05,2,335.05,329.95,329.95,4,329.5,4,329.31,3,329.3,1,327.63,5,326.3,2,,,,,,,,,335.05,2,335.15,5,335.48,1,336.07,2,,,,,,,,,,,,
2025-04-10 09:31:25,332.5,334.4,1,329.95,4,335.05,2,335.05,329.95,329.95,4,329.5,4,329.31,3,329.3,1,327.63,5,326.3,2,,,,,,,,,335.05,2,335.15,5,335.48,1,336.07,2,,,,,,,,,,,,
2025-04-10 09:31:26,332.5,334.4,1,329.95,4,335.05,2,335.05,329.95,329.95,4,329.5,4,329.31,3,329.3,1,327.63,5,326.3,2,,,,,,,,,335.05,2,335.15,5,335.48,1,336.07,2,,,,,,,,,,,,
2025-04-10 09:31:27,332.5,334.4,1,329.95,4,335.05,2,335.05,329.95,329.95,4,329.5,4,329.31,3,329.3,1,327.63,5,326.3,2,,,,,,,,,335.05,2,335.15,5,335.48,1,336.07,2,,,,,,,,,,,,
2025-04-10 09:31:28,331.475,334.4,1,329.95,4,333.0,2,333.0,329.95,329.95,4,329.5,4,329.31,3,329.3,1,327.63,5,326.3,2,,,,,,,,,333.0,2,335.05,2,335.15,5,335.48,1,336.07,2,,,,,,,,,,
2025-04-10 09:31:29,331.475,334.4,1,329.95,4,333.0,2,333.0,329.95,329.95,4,329.5,4,329.31,3,329.3,1,327.63,5,326.3,2,,,,,,,,,333.0,2,335.05,2,335.15,5,335.48,1,336.07,2,,,,,,,,,,
2025-04-10 09:31:30,331.475,334.4,1,329.95,4,333.0,2,333.0,329.95,329.95,4,329.5,4,329.31,3,329.3,1,327.63,5,326.3,2,,,,,,,,,333.0,2,335.05,2,335.15,5,335.48,1,336.07,2,,,,,,,,,,
2025-04-10 09:31:31,331.475,334.4,1,329.95,4,333.0,2,333.0,329.95,329.95,4,329.5,4,329.31,3,329.3,1,327.63,5,326.3,2,,,,,,,,,333.0,2,335.05,2,335.15,5,335.48,1,336.07,2,,,,,,,,,,
2025-04-10 09:31:32,332.745,332.75,1,330.49,2,335.0,1,335.0,330.49,330.49,2,329.95,4,329.5,4,329.31,3,329.3,1,327.63,5,326.3,2,,,,,,,335.0,1,335.91,2,336.07,2,,,,,,,,,,,,,,
2025-04-10 09:31:33,332.745,332.75,1,330.49,2,335.0,1,335.0,330.49,330.49,2,329.95,4,329.5,4,329.31,3,329.3,1,327.63,5,326.3,2,,,,,,,335.0,1,335.91,2,336.07,2,,,,,,,,,,,,,,
2025-04-10 09:31:34,332.745,332.75,1,330.49,2,335.0,1,335.0,330.49,330.49,2,329.95,4,329.5,4,329.31,3,329.3,1,327.63,5,326.3,2,,,,,,,335.0,1,335.91,2,336.07,2,,,,,,,,,,,,,,
2025-04-10 09:31:35,332.745,332.75,1,330.49,2,335.0,1,335.0,330.49,330.49,2,329.95,4,329.5,4,329.31,3,329.3,1,327.63,5,326.3,2,,,,,,,335.0,1,335.91,2,336.07,2,,,,,,,,,,,,,,
2025-04-10 09:31:36,332.745,332.75,1,330.49,2,335.0,1,335.0,330.49,330.49,2,329.95,4,329.5,4,329.31,3,329.3,1,327.63,5,326.3,2,,,,,,,335.0,1,335.91,2,336.07,2,,,,,,,,,,,,,,
2025-04-10 09:31:37,332.745,332.75,1,330.49,5,335.0,1,335.0,330.49,330.49,5,329.95,4,329.5,4,329.31,3,329.3,1,327.63,5,326.3,2,,,,,,,335.0,1,335.91,2,336.07,2,,,,,,,,,,,,,,
2025-04-10 09:31:38,332.745,332.75,1,330.49,5,335.0,1,335.0,330.49,330.49,5,329.95,4,329.5,4,329.31,3,329.3,1,327.63,5,326.3,2,,,,,,,335.0,1,335.91,2,336.07,2,,,,,,,,,,,,,,
2025-04-10 09:31:39,332.745,332.75,2,330.49,5,335.0,1,335.0,330.49,330.49,5,329.95,4,329.5,4,329.31,3,329.3,1,327.63,5,326.3,2,,,,,,,335.0,1,335.91,2,336.07,2,,,,,,,,,,,,,,
2025-04-10 09:31:40,332.745,333.87,1,330.49,5,335.0,1,335.0,330.49,330.49,5,329.95,4,329.5,4,329.31,3,329.3,1,327.63,5,326.3,2,,,,,,,335.0,1,335.91,2,336.07,2,,,,,,,,,,,,,,
2025-04-10 09:31:41,332.745,333.87,1,330.49,5,335.0,1,335.0,330.49,330.49,5,329.95,4,329.5,4,329.31,3,329.3,1,327.63,5,326.3,2,,,,,,,335.0,1,335.91,2,336.07,2,,,,,,,,,,,,,,
2025-04-10 09:31:42,332.745,333.87,1,330.49,5,335.0,1,335.0,330.49,330.49,5,329.95,4,329.5,4,329.31,3,329.3,1,327.63,5,326.3,2,,,,,,,335.0,1,335.91,2,336.07,2,,,,,,,,,,,,,,
2025-04-10 09:31:43,332.745,333.87,1,330.49,5,335.0,1,335.0,330.49,330.49,5,329.95,4,329.5,4,329.31,3,329.3,1,327.63,5,326.3,2,,,,,,,335.0,1,335.91,2,336.07,2,,,,,,,,,,,,,,
2025-04-10 09:31:44,332.745,332.75,1,330.49,4,335.0,2,335.0,330.49,330.49,4,329.95,4,329.5,4,329.31,3,329.3,1,327.63,5,326.3,2,,,,,,,335.0,2,335.91,2,336.07,2,,,,,,,,,,,,,,
2025-04-10 09:31:45,332.745,332.75,1,330.49,4,335.0,2,335.0,330.49,330.49,4,329.95,4,329.5,4,329.31,3,329.3,1,327.63,5,326.3,2,,,,,,,335.0,2,335.91,2,336.07,2,,,,,,,,,,,,,,
2025-04-10 09:31:46,332.745,332.75,1,330.49,4,335.0,2,335.0,330.49,330.49,4,329.95,4,329.5,4,329.31,3,329.3,1,327.63,5,326.3,2,,,,,,,335.0,2,335.91,2,336.07,2,,,,,,,,,,,,,,
2025-04-10 09:31:47,332.745,332.75,8,330.49,4,335.0,2,335.0,330.49,330.49,4,329.95,4,329.5,4,329.31,3,329.3,1,327.63,5,326.3,2,,,,,,,335.0,2,335.91,2,336.07,2,,,,,,,,,,,,,,
2025-04-10 09:31:48,332.745,332.75,8,330.49,4,335.0,2,335.0,330.49,330.49,4,329.95,4,329.5,4,329.31,3,329.3,1,327.63,5,326.3,2,,,,,,,335.0,2,335.91,2,336.07,2,,,,,,,,,,,,,,
2025-04-10 09:31:49,332.745,332.75,8,330.49,4,335.0,2,335.0,330.49,330.49,4,329.95,4,329.5,4,329.31,3,329.3,1,327.63,5,326.3,2,,,,,,,335.0,2,335.91,2,336.07,2,,,,,,,,,,,,,,
2025-04-10 09:31:50,332.745,332.75,8,330.49,4,335.0,2,335.0,330.49,330.49,4,329.95,4,329.5,4,329.31,3,329.3,1,327.63,5,326.3,2,,,,,,,335.0,2,335.91,2,336.07,2,,,,,,,,,,,,,,
2025-04-10 09:31:51,332.745,332.75,8,330.49,4,335.0,2,335.0,330.49,330.49,4,329.95,4,329.5,4,329.31,3,329.3,1,327.63,5,326.3,2,,,,,,,335.0,2,335.91,2,336.07,2,,,,,,,,,,,,,,
2025-04-10 09:31:52,332.745,332.75,8,330.49,4,335.0,2,335.0,330.49,330.49,4,329.95,4,329.5,4,329.31,3,329.3,1,327.63,5,326.3,2,,,,,,,335.0,2,335.91,2,336.07,2,,,,,,,,,,,,,,
2025-04-10 09:31:53,332.745,332.75,8,330.49,4,335.0,2,335.0,330.49,330.49,4,329.95,4,329.5,4,329.31,3,329.3,1,327.63,5,326.3,2,,,,,,,335.0,2,335.91,2,336.07,2,,,,,,,,,,,,,,
2025-04-10 09:31:54,332.745,332.75,8,330.49,4,335.0,2,335.0,330.49,330.49,4,329.95,4,329.5,4,329.31,3,329.3,1,327.63,5,326.3,2,,,,,,,335.0,2,335.91,2,336.07,2,,,,,,,,,,,,,,
2025-04-10 09:31:55,332.745,332.75,2,330.49,4,335.0,2,335.0,330.49,330.49,4,329.95,4,329.5,4,329.31,3,329.3,1,327.63,5,326.3,2,,,,,,,335.0,2,335.91,2,336.07,2,,,,,,,,,,,,,,
2025-04-10 09:31:56,332.745,332.75,1,330.49,4,335.0,2,335.0,330.49,330.49,4,329.95,4,329.5,4,329.31,3,329.3,1,327.63,5,326.3,2,,,,,,,335.0,2,335.91,2,336.07,2,,,,,,,,,,,,,,
2025-04-10 09:31:57,332.745,332.75,1,330.49,4,335.0,2,335.0,330.49,330.49,4,329.95,4,329.5,4,329.31,3,329.3,1,327.63,5,326.3,2,,,,,,,335.0,2,335.91,2,336.07,2,,,,,,,,,,,,,,
2025-04-10 09:31:58,332.745,332.75,1,330.49,4,335.0,2,335.0,330.49,330.49,4,329.95,4,329.5,4,329.31,3,329.3,1,327.63,5,326.3,2,,,,,,,335.0,2,335.91,2,336.07,2,,,,,,,,,,,,,,
2025-04-10 09:31:59,332.745,332.75,1,330.49,4,335.0,2,335.0,330.49,330.49,4,329.95,4,329.5,4,329.31,3,329.3,1,327.63,5,326.3,2,,,,,,,335.0,2,335.91,2,336.07,2,,,,,,,,,,,,,,
2025-04-10 09:32:00,332.745,332.75,1,330.49,4,335.0,2,335.0,330.49,330.49,4,329.95,4,329.5,4,329.31,3,329.3,1,327.63,5,326.3,2,,,,,,,335.0,2,335.91,2,336.07,2,,,,,,,,,,,,,,
2025-04-10 09:32:01,332.745,332.75,1,330.49,4,335.0,2,335.0,330.49,330.49,4,329.95,4,329.5,4,329.31,3,329.3,1,327.63,5,326.3,2,,,,,,,335.0,2,335.91,2,336.07,2,,,,,,,,,,,,,,
2025-04-10 09:32:02,332.745,332.75,1,330.49,4,335.0,2,335.0,330.49,330.49,4,329.95,4,329.5,4,329.31,3,329.3,1,327.63,5,326.3,2,,,,,,,335.0,2,335.91,2,336.07,2,,,,,,,,,,,,,,
2025-04-10 09:32:03,332.745,332.75,1,330.49,4,335.0,2,335.0,330.49,330.49,4,329.95,4,329.5,4,329.31,3,329.3,1,327.63,5,326.3,2,,,,,,,335.0,2,335.91,2,336.07,2,,,,,,,,,,,,,,
2025-04-10 09:32:04,332.745,332.75,1,330.49,4,335.0,2,335.0,330.49,330.49,4,329.95,4,329.5,4,329.31,3,329.3,1,327.63,5,326.3,2,,,,,,,335.0,2,335.91,2,336.07,2,,,,,,,,,,,,,,
2025-04-10 09:32:05,332.745,332.75,1,330.49,4,335.0,2,335.0,330.49,330.49,4,329.95,4,329.5,4,329.31,3,329.3,1,327.63,5,326.3,2,,,,,,,335.0,2,335.91,2,336.07,2,,,,,,,,,,,,,,
2025-04-10 09:32:06,332.745,332.75,2,330.49,4,335.0,2,335.0,330.49,330.49,4,329.95,4,329.5,4,329.31,3,329.3,1,327.63,5,326.3,2,,,,,,,335.0,2,335.91,2,336.07,2,,,,,,,,,,,,,,
2025-04-10 09:32:07,332.745,332.75,2,330.49,4,335.0,2,335.0,330.49,330.49,4,329.95,4,329.5,4,329.31,3,329.3,1,327.63,5,326.3,2,,,,,,,335.0,2,335.91,2,336.07,2,,,,,,,,,,,,,,
2025-04-10 09:32:08,332.745,332.75,2,330.49,4,335.0,2,335.0,330.49,330.49,4,329.95,4,329.5,4,329.31,3,329.3,1,327.63,5,326.3,2,,,,,,,335.0,2,335.91,2,336.07,2,,,,,,,,,,,,,,
2025-04-10 09:32:09,332.745,332.75,2,330.49,4,335.0,2,335.0,330.49,330.49,4,329.95,4,329.5,4,329.31,3,329.3,1,327.63,5,326.3,2,,,,,,,335.0,2,335.91,2,336.07,2,,,,,,,,,,,,,,
2025-04-10 09:32:10,332.745,332.75,2,330.49,4,335.0,2,335.0,330.49,330.49,4,329.95,4,329.5,4,329.31,3,329.3,1,327.63,5,326.3,2,,,,,,,335.0,2,335.91,2,336.07,2,,,,,,,,,,,,,,
2025-04-10 09:32:11,332.745,332.75,2,330.49,4,335.0,2,335.0,330.49,330.49,4,329.95,4,329.5,4,329.31,3,329.3,1,327.63,5,326.3,2,,,,,,,335.0,2,335.91,2,336.07,2,,,,,,,,,,,,,,
2025-04-10 09:32:12,332.745,332.75,2,330.49,4,335.0,2,335.0,330.49,330.49,4,329.95,4,329.5,4,329.31,3,329.3,1,327.63,5,326.3,2,,,,,,,335.0,2,335.91,2,336.07,2,,,,,,,,,,,,,,
2025-04-10 09:32:13,332.745,332.75,2,330.49,4,335.0,2,335.0,330.49,330.49,4,329.95,4,329.5,4,329.31,3,329.3,1,327.63,5,326.3,2,,,,,,,335.0,2,335.91,2,336.07,2,,,,,,,,,,,,,,
2025-04-10 09:32:14,331.925,332.75,2,330.49,4,333.36,3,333.36,330.49,330.49,4,329.95,4,329.5,4,329.31,3,329.3,1,327.63,5,326.3,2,,,,,,,333.36,3,335.0,2,335.91,2,336.07,2,,,,,,,,,,,,
2025-04-10 09:32:15,331.925,332.75,2,330.49,4,333.36,3,333.36,330.49,330.49,4,329.95,4,329.5,4,329.31,3,329.3,1,327.63,5,326.3,2,,,,,,,333.36,3,335.0,2,335.91,2,336.07,2,,,,,,,,,,,,
2025-04-10 09:32:16,331.925,332.75,2,330.49,4,333.36,3,333.36,330.49,330.49,4,329.95,4,329.5,4,329.31,3,329.3,1,327.63,5,326.3,2,,,,,,,333.36,3,335.0,2,335.91,2,336.07,2,,,,,,,,,,,,
2025-04-10 09:32:17,331.925,332.75,2,330.49,4,333.36,3,333.36,330.49,330.49,4,329.95,4,329.5,4,329.31,3,329.3,1,327.63,5,326.3,2,,,,,,,333.36,3,335.0,2,335.91,2,336.07,2,,,,,,,,,,,,
2025-04-10 09:32:18,331.925,332.75,2,330.49,4,333.36,3,333.36,330.49,330.49,4,329.95,4,329.5,4,329.31,3,329.3,1,327.63,5,326.3,2,,,,,,,333.36,3,335.0,2,335.91,2,336.07,2,,,,,,,,,,,,
2025-04-10 09:32:19,331.925,332.75,2,330.49,4,333.36,3,333.36,330.49,330.49,4,329.95,4,329.5,4,329.31,3,329.3,1,327.63,5,326.3,2,,,,,,,333.36,3,335.0,2,335.91,2,336.07,2,,,,,,,,,,,,
2025-04-10 09:32:20,331.925,332.75,2,330.49,4,333.36,3,333.36,330.49,330.49,4,329.95,4,329.5,4,329.31,3,329.3,1,327.63,5,326.3,2,,,,,,,333.36,3,335.0,2,335.91,2,336.07,2,,,,,,,,,,,,
2025-04-10 09:32:21,331.925,332.75,2,330.49,4,333.36,3,333.36,330.49,330.49,4,329.95,4,329.5,4,329.31,3,329.3,1,327.63,5,326.3,2,,,,,,,333.36,3,335.0,2,335.91,2,336.07,2,,,,,,,,,,,,
2025-04-10 09:32:22,331.925,332.75,2,330.49,4,333.36,3,333.36,330.49,330.49,4,329.95,4,329.5,4,329.31,3,329.3,1,327.63,5,326.3,2,,,,,,,333.36,3,335.0,2,335.91,2,336.07,2,,,,,,,,,,,,
2025-04-10 09:32:23,331.925,331.93,1,330.49,4,333.36,3,333.36,330.49,330.49,4,329.95,4,329.5,4,329.31,3,329.3,1,327.63,5,326.3,2,,,,,,,333.36,3,335.0,2,335.91,2,336.07,2,,,,,,,,,,,,
2025-04-10 09:32:24,331.925,331.93,1,330.49,4,333.36,3,333.36,330.49,330.49,4,329.95,4,329.5,4,329.31,3,329.3,1,327.63,5,326.3,2,,,,,,,333.36,3,335.0,2,335.91,2,336.07,2,,,,,,,,,,,,
2025-04-10 09:32:25,331.895,331.93,1,330.44,2,333.35,2,333.35,330.44,330.44,2,329.95,4,329.5,4,329.31,3,329.3,1,327.63,5,326.3,2,,,,,,,333.35,2,333.36,6,335.0,2,335.91,2,336.07,2,,,,,,,,,,
2025-04-10 09:32:26,331.895,331.9,1,330.44,2,333.35,2,333.35,330.44,330.44,2,329.95,4,329.5,4,329.31,3,329.3,1,327.63,5,326.3,2,,,,,,,333.35,2,333.36,6,335.0,2,335.91,2,336.07,2,,,,,,,,,,
2025-04-10 09:32:27,331.895,331.9,1,330.44,2,333.35,2,333.35,330.44,330.44,2,329.95,4,329.5,4,329.31,3,329.3,1,327.63,5,326.3,2,,,,,,,333.35,2,333.36,6,335.0,2,335.91,2,336.07,2,,,,,,,,,,
2025-04-10 09:32:28,331.895,331.9,1,330.44,2,333.35,2,333.35,330.44,330.44,2,329.95,4,329.5,4,329.31,3,329.3,1,327.63,5,326.3,2,,,,,,,333.35,2,333.36,6,335.0,2,335.91,2,336.07,2,,,,,,,,,,
2025-04-10 09:32:29,331.895,331.9,1,330.44,2,333.35,2,333.35,330.44,330.44,2,329.95,4,329.5,4,329.31,3,329.3,1,327.63,5,326.3,2,,,,,,,333.35,2,333.36,6,335.0,2,335.91,2,336.07,2,,,,,,,,,,
2025-04-10 09:32:30,331.895,331.9,1,330.44,2,333.35,2,333.35,330.44,330.44,2,329.95,4,329.5,4,329.31,3,329.3,1,327.63,5,326.3,2,,,,,,,333.35,2,333.36,6,335.0,2,335.91,2,336.07,2,,,,,,,,,,
2025-04-10 09:32:31,331.895,331.9,1,330.44,2,333.35,2,333.35,330.44,330.44,2,329.95,4,329.5,4,329.31,3,329.3,1,327.63,5,326.3,2,,,,,,,333.35,2,333.36,6,335.0,2,335.91,2,336.07,2,,,,,,,,,,
2025-04-10 09:32:32,331.895,331.9,1,330.44,2,333.35,2,333.35,330.44,330.44,2,329.95,4,329.5,4,329.31,3,329.3,1,327.63,5,326.3,2,,,,,,,333.35,2,333.36,6,335.0,2,335.91,2,336.07,2,,,,,,,,,,
2025-04-10 09:32:33,331.895,331.9,1,330.44,2,333.35,2,333.35,330.44,330.44,2,329.95,4,329.5,4,329.31,3,329.3,1,327.63,5,326.3,2,,,,,,,333.35,2,333.36,6,335.0,2,335.91,2,336.07,2,,,,,,,,,,
2025-04-10 09:32:34,331.895,331.9,1,330.44,2,333.35,2,333.35,330.44,330.44,2,329.95,4,329.5,4,329.31,3,329.3,1,327.63,5,326.3,2,,,,,,,333.35,2,333.36,6,335.0,2,335.91,2,336.07,2,,,,,,,,,,
2025-04-10 09:32:35,331.895,331.9,1,330.44,2,333.35,2,333.35,330.44,330.44,2,329.95,4,329.5,4,329.31,3,329.3,1,327.63,5,326.3,2,,,,,,,333.35,2,333.36,6,335.0,2,335.91,2,336.07,2,,,,,,,,,,
2025-04-10 09:32:36,331.895,331.9,1,330.44,2,333.35,2,333.35,330.44,330.44,2,329.95,4,329.5,4,329.31,3,329.3,1,327.63,5,326.3,2,,,,,,,333.35,2,333.36,6,335.0,2,335.91,2,336.07,2,,,,,,,,,,
2025-04-10 09:32:37,331.895,331.9,1,330.44,2,333.35,2,333.35,330.44,330.44,2,329.95,4,329.5,4,329.31,3,329.3,1,327.63,5,326.3,2,,,,,,,333.35,2,333.36,6,335.0,2,335.91,2,336.07,2,,,,,,,,,,
2025-04-10 09:32:38,331.895,331.9,1,330.44,2,333.35,2,333.35,330.44,330.44,2,329.95,4,329.5,4,329.31,3,329.3,1,327.63,5,326.3,2,,,,,,,333.35,2,333.36,6,335.0,2,335.91,2,336.07,2,,,,,,,,,,
2025-04-10 09:32:39,331.895,331.9,1,330.44,2,333.35,2,333.35,330.44,330.44,2,329.95,4,329.5,4,329.31,3,329.3,1,327.63,5,326.3,2,,,,,,,333.35,2,333.36,6,335.0,2,335.91,2,336.07,2,,,,,,,,,,
2025-04-10 09:32:40,331.895,331.9,1,330.44,2,333.35,2,333.35,330.44,330.44,2,329.95,4,329.5,4,329.31,3,329.3,1,327.63,5,326.3,2,,,,,,,333.35,2,333.36,6,335.0,2,335.91,2,336.07,2,,,,,,,,,,
2025-04-10 09:32:41,331.895,331.9,1,330.44,2,333.35,2,333.35,330.44,330.44,2,329.95,4,329.5,4,329.31,3,329.3,1,327.63,5,326.3,2,,,,,,,333.35,2,333.36,6,335.0,2,335.91,2,336.07,2,,,,,,,,,,
2025-04-10 09:32:42,331.895,331.9,1,330.44,2,333.35,2,333.35,330.44,330.44,2,329.95,4,329.5,4,329.31,3,329.3,1,327.63,5,326.3,2,,,,,,,333.35,2,333.36,6,335.0,2,335.91,2,336.07,2,,,,,,,,,,
2025-04-10 09:32:43,331.895,331.9,1,330.44,2,333.35,2,333.35,330.44,330.44,2,329.95,4,329.5,4,329.31,3,329.3,1,327.63,5,326.3,2,,,,,,,333.35,2,333.36,6,335.0,2,335.91,2,336.07,2,,,,,,,,,,
2025-04-10 09:32:44,331.895,331.9,1,330.44,2,333.35,2,333.35,330.44,330.44,2,329.95,4,329.5,4,329.31,3,329.3,1,327.63,5,326.3,2,,,,,,,333.35,2,333.36,6,335.0,2,335.91,2,336.07,2,,,,,,,,,,
2025-04-10 09:32:45,331.895,331.9,1,330.44,2,333.35,2,333.35,330.44,330.44,2,329.95,4,329.5,4,329.31,3,329.3,1,327.63,5,326.3,2,,,,,,,333.35,2,333.36,6,335.0,2,335.91,2,336.07,2,,,,,,,,,,
2025-04-10 09:32:46,331.895,331.9,1,330.44,2,333.35,2,333.35,330.44,330.44,2,329.95,4,329.5,4,329.31,3,329.3,1,327.63,5,326.3,2,,,,,,,333.35,2,333.36,6,335.0,2,335.91,2,336.07,2,,,,,,,,,,
2025-04-10 09:32:47,331.895,331.9,1,330.44,2,333.35,2,333.35,330.44,330.44,2,329.95,4,329.5,4,329.31,3,329.3,1,327.63,5,326.3,2,,,,,,,333.35,2,333.36,6,335.0,2,335.91,2,336.07,2,,,,,,,,,,
2025-04-10 09:32:48,331.895,331.9,1,330.44,2,333.35,2,333.35,330.44,330.44,2,329.95,4,329.5,4,329.31,3,329.3,1,327.63,5,326.3,2,,,,,,,333.35,2,333.36,6,335.0,2,335.91,2,336.07,2,,,,,,,,,,
2025-04-10 09:32:49,331.895,331.9,1,330.44,2,333.35,2,333.35,330.44,330.44,2,329.95,4,329.5,4,329.31,3,329.3,1,327.63,5,326.3,2,,,,,,,333.35,2,333.36,6,335.0,2,335.91,2,336.07,2,,,,,,,,,,
2025-04-10 09:32:50,331.9,331.9,1,330.45,1,333.35,2,333.35,330.45,330.45,1,330.44,5,329.95,4,329.5,4,329.31,3,329.3,1,327.63,5,326.3,2,,,,,333.35,2,333.36,6,335.0,2,335.91,2,336.07,2,,,,,,,,,,
2025-04-10 09:32:51,331.9,331.9,1,330.45,1,333.35,2,333.35,330.45,330.45,1,330.44,5,329.95,4,329.5,4,329.31,3,329.3,1,327.63,5,326.3,2,,,,,333.35,2,333.36,6,335.0,2,335.91,2,336.07,2,,,,,,,,,,
2025-04-10 09:32:52,331.9,331.9,1,330.45,1,333.35,2,333.35,330.45,330.45,1,330.44,5,329.95,4,329.5,4,329.31,3,329.3,1,327.63,5,326.3,2,,,,,333.35,2,333.36,6,335.0,2,335.91,2,336.07,2,,,,,,,,,,
2025-04-10 09:32:53,331.9,331.9,1,330.45,1,333.35,2,333.35,330.45,330.45,1,330.44,5,329.95,4,329.5,4,329.31,3,329.3,1,327.63,5,326.3,2,,,,,333.35,2,333.36,6,335.0,2,335.91,2,336.07,2,,,,,,,,,,
2025-04-10 09:32:54,331.9,331.9,1,330.45,1,333.35,2,333.35,330.45,330.45,1,330.44,5,329.95,4,329.5,4,329.31,3,329.3,1,327.63,5,326.3,2,,,,,333.35,2,333.36,6,335.0,2,335.91,2,336.07,2,,,,,,,,,,
2025-04-10 09:32:55,331.9,331.9,1,330.45,1,333.35,2,333.35,330.45,330.45,1,330.44,5,329.95,4,329.5,4,329.31,3,329.3,1,327.63,5,326.3,2,,,,,333.35,2,333.36,6,335.0,2,335.91,2,336.07,2,,,,,,,,,,
2025-04-10 09:32:56,331.9,331.9,1,330.45,1,333.35,2,333.35,330.45,330.45,1,330.44,5,329.95,4,329.5,4,329.31,3,329.3,1,327.63,5,326.3,2,,,,,333.35,2,333.36,6,335.0,2,335.91,2,336.07,2,,,,,,,,,,
2025-04-10 09:32:57,331.9,331.9,1,330.45,1,333.35,2,333.35,330.45,330.45,1,330.44,5,329.95,4,329.5,4,329.31,3,329.3,1,327.63,5,326.3,2,,,,,333.35,2,333.36,6,335.0,2,335.91,2,336.07,2,,,,,,,,,,
2025-04-10 09:32:58,331.9,331.9,1,330.45,1,333.35,2,333.35,330.45,330.45,1,330.44,5,329.95,4,329.5,4,329.31,3,329.3,1,327.63,5,326.3,2,,,,,333.35,2,333.36,6,335.0,2,335.91,2,336.07,2,,,,,,,,,,
2025-04-10 09:32:59,331.9,331.9,1,330.45,1,333.35,2,333.35,330.45,330.45,1,330.44,5,329.95,4,329.5,4,329.31,3,329.3,1,327.63,5,326.3,2,,,,,333.35,2,333.36,6,335.0,2,335.91,2,336.07,2,,,,,,,,,,
2025-04-10 09:33:00,331.9,331.9,1,330.45,1,333.35,2,333.35,330.45,330.45,1,330.44,5,329.95,4,329.5,4,329.31,3,329.3,1,327.63,5,326.3,2,,,,,333.35,2,333.36,6,335.0,2,335.91,2,336.07,2,,,,,,,,,,
2025-04-10 09:33:01,331.9,331.9,1,330.45,1,333.35,2,333.35,330.45,330.45,1,330.44,5,329.95,4,329.5,4,329.31,3,329.3,1,327.63,5,326.3,2,,,,,333.35,2,333.36,6,335.0,2,335.91,2,336.07,2,,,,,,,,,,
2025-04-10 09:33:02,331.9,331.9,1,330.45,1,333.35,2,333.35,330.45,330.45,1,330.44,5,329.95,4,329.5,4,329.31,3,329.3,1,327.63,5,326.3,2,,,,,333.35,2,333.36,6,335.0,2,335.91,2,336.07,2,,,,,,,,,,
2025-04-10 09:33:03,331.9,331.9,1,330.45,1,333.35,2,333.35,330.45,330.45,1,330.44,5,329.95,4,329.5,4,329.31,3,329.3,1,327.63,5,326.3,2,,,,,333.35,2,333.36,6,335.0,2,335.91,2,336.07,2,,,,,,,,,,
2025-04-10 09:33:04,331.9,331.9,1,330.45,1,333.35,2,333.35,330.45,330.45,1,330.44,5,329.95,4,329.5,4,329.31,3,329.3,1,327.63,5,326.3,2,,,,,333.35,2,333.36,6,335.0,2,335.91,2,336.07,2,,,,,,,,,,
2025-04-10 09:33:05,331.9,331.9,1,330.45,1,333.35,2,333.35,330.45,330.45,1,330.44,5,329.95,4,329.5,4,329.31,3,329.3,1,327.63,5,326.3,2,,,,,333.35,2,333.36,6,335.0,2,335.91,2,336.07,2,,,,,,,,,,
2025-04-10 09:33:06,331.9,331.9,1,330.45,1,333.35,2,333.35,330.45,330.45,1,330.44,5,329.95,4,329.5,4,329.31,3,329.3,1,327.63,5,326.3,2,,,,,333.35,2,333.36,6,335.0,2,335.91,2,336.07,2,,,,,,,,,,
2025-04-10 09:33:07,331.9,331.9,1,330.45,1,333.35,2,333.35,330.45,330.45,1,330.44,5,329.95,4,329.5,4,329.31,3,329.3,1,327.63,5,326.3,2,,,,,333.35,2,333.36,6,335.0,2,335.91,2,336.07,2,,,,,,,,,,
2025-04-10 09:33:08,331.9,331.9,1,330.45,1,333.35,2,333.35,330.45,330.45,1,330.44,5,329.95,4,329.5,4,329.31,3,329.3,1,327.63,5,326.3,2,,,,,333.35,2,333.36,6,335.0,2,335.91,2,336.07,2,,,,,,,,,,
2025-04-10 09:33:09,330.325,330.44,1,328.33,1,332.32,2,332.32,328.33,328.33,1,327.85,5,327.63,5,326.3,2,,,,,,,,,,,,,332.32,2,332.79,1,333.35,2,333.36,6,335.0,2,335.91,2,336.07,2,,,,,,
2025-04-10 09:33:10,330.325,330.44,1,328.33,3,332.32,2,332.32,328.33,328.33,3,327.85,5,327.63,5,326.3,2,,,,,,,,,,,,,332.32,2,332.79,1,333.35,2,333.36,6,335.0,2,335.91,2,336.07,2,,,,,,
2025-04-10 09:33:11,330.325,330.44,1,328.33,3,332.32,2,332.32,328.33,328.33,3,327.85,5,327.63,5,326.3,2,,,,,,,,,,,,,332.32,2,332.79,1,333.35,2,333.36,6,335.0,2,335.91,2,336.07,2,,,,,,
2025-04-10 09:33:12,330.325,330.44,1,328.33,3,332.32,2,332.32,328.33,328.33,3,327.85,5,327.63,5,326.3,2,,,,,,,,,,,,,332.32,2,332.79,1,333.35,2,333.36,6,335.0,2,335.91,2,336.07,2,,,,,,
2025-04-10 09:33:13,330.325,330.44,1,328.33,3,332.32,4,332.32,328.33,328.33,3,327.85,5,327.63,5,326.3,2,,,,,,,,,,,,,332.32,4,332.79,1,333.35,2,333.36,6,335.0,2,335.91,2,336.07,2,,,,,,
2025-04-10 09:33:14,330.325,330.44,1,328.33,3,332.32,4,332.32,328.33,328.33,3,327.85,5,327.63,5,326.3,2,,,,,,,,,,,,,332.32,4,332.79,1,333.35,2,333.36,6,335.0,2,335.91,2,336.07,2,,,,,,
2025-04-10 09:33:15,330.325,330.44,1,328.33,3,332.32,4,332.32,328.33,328.33,3,327.85,5,327.63,5,326.3,2,,,,,,,,,,,,,332.32,4,332.79,1,333.35,2,333.36,6,335.0,2,335.91,2,336.07,2,,,,,,
2025-04-10 09:33:16,330.325,330.33,1,328.33,3,332.32,4,332.32,328.33,328.33,3,327.85,5,327.63,5,326.3,2,,,,,,,,,,,,,332.32,4,332.79,1,333.35,2,333.36,6,335.0,2,335.91,2,336.07,2,,,,,,
2025-04-10 09:33:17,330.325,330.33,1,328.33,3,332.32,4,332.32,328.33,328.33,3,327.85,5,327.63,5,326.3,2,,,,,,,,,,,,,332.32,4,332.79,1,333.35,2,333.36,6,335.0,2,335.91,2,336.07,2,,,,,,
2025-04-10 09:33:18,330.325,330.33,1,328.33,3,332.32,4,332.32,328.33,328.33,3,327.85,5,327.63,5,326.3,2,,,,,,,,,,,,,332.32,4,332.79,1,333.35,2,333.36,6,335.0,2,335.91,2,336.07,2,,,,,,
2025-04-10 09:33:19,330.325,330.33,1,328.33,3,332.32,4,332.32,328.33,328.33,3,327.85,5,327.63,5,326.3,2,,,,,,,,,,,,,332.32,4,332.79,1,333.35,2,333.36,6,335.0,2,335.91,2,336.07,2,,,,,,
2025-04-10 09:33:20,330.325,330.33,2,328.33,4,332.32,4,332.32,328.33,328.33,4,327.85,5,327.63,5,326.3,2,,,,,,,,,,,,,332.32,4,332.79,1,333.35,2,333.36,6,335.0,2,335.91,2,336.07,2,,,,,,
2025-04-10 09:33:21,330.325,330.33,2,328.33,4,332.32,4,332.32,328.33,328.33,4,327.85,5,327.63,5,326.3,2,,,,,,,,,,,,,332.32,4,332.79,1,333.35,2,333.36,6,335.0,2,335.91,2,336.07,2,,,,,,
2025-04-10 09:33:22,330.325,330.33,2,328.33,4,332.32,4,332.32,328.33,328.33,4,327.85,5,327.63,5,326.3,2,,,,,,,,,,,,,332.32,4,332.79,1,333.35,2,333.36,6,335.0,2,335.91,2,336.07,2,,,,,,
2025-04-10 09:33:23,330.325,330.33,1,328.33,4,332.32,4,332.32,328.33,328.33,4,327.85,5,327.63,5,326.3,2,,,,,,,,,,,,,332.32,4,332.79,1,333.35,2,333.36,6,335.0,2,335.91,2,336.07,2,,,,,,
2025-04-10 09:33:24,330.325,330.33,1,328.33,4,332.32,4,332.32,328.33,328.33,4,327.85,5,327.63,5,326.3,2,,,,,,,,,,,,,332.32,4,332.79,1,333.35,2,333.36,6,335.0,2,335.91,2,336.07,2,,,,,,
2025-04-10 09:33:25,330.325,330.33,1,328.33,4,332.32,4,332.32,328.33,328.33,4,327.85,5,327.63,5,326.3,2,,,,,,,,,,,,,332.32,4,332.79,1,333.35,2,333.36,6,335.0,2,335.91,2,336.07,2,,,,,,
2025-04-10 09:33:26,330.325,330.33,1,328.33,4,332.32,4,332.32,328.33,328.33,4,327.85,5,327.63,5,326.3,2,,,,,,,,,,,,,332.32,4,332.79,1,333.35,2,333.36,6,335.0,2,335.91,2,336.07,2,,,,,,
2025-04-10 09:33:27,330.325,330.33,1,328.33,4,332.32,4,332.32,328.33,328.33,4,327.85,5,327.63,5,326.3,2,,,,,,,,,,,,,332.32,4,332.79,1,333.35,2,333.36,6,335.0,2,335.91,2,336.07,2,,,,,,
2025-04-10 09:33:28,330.325,330.33,1,328.33,4,332.32,4,332.32,328.33,328.33,4,327.85,5,327.63,5,326.3,2,,,,,,,,,,,,,332.32,4,332.79,1,333.35,2,333.36,6,335.0,2,335.91,2,336.07,2,,,,,,
2025-04-10 09:33:29,330.325,331.23,1,328.33,4,332.32,4,332.32,328.33,328.33,4,327.85,5,327.63,5,326.3,2,,,,,,,,,,,,,332.32,4,332.79,1,333.35,2,333.36,6,335.0,2,335.91,2,336.07,2,,,,,,
2025-04-10 09:33:30,330.325,331.23,1,328.33,4,332.32,4,332.32,328.33,328.33,4,327.85,5,327.63,5,326.3,2,,,,,,,,,,,,,332.32,4,332.79,1,333.35,2,333.36,6,335.0,2,335.91,2,336.07,2,,,,,,
2025-04-10 09:33:31,330.325,331.23,1,328.33,4,332.32,4,332.32,328.33,328.33,4,327.85,5,327.63,5,326.3,2,,,,,,,,,,,,,332.32,4,332.79,1,333.35,2,333.36,6,335.0,2,335.91,2,336.07,2,,,,,,
2025-04-10 09:33:32,330.325,331.23,1,328.33,4,332.32,4,332.32,328.33,328.33,4,327.85,5,327.63,5,326.3,2,,,,,,,,,,,,,332.32,4,332.79,1,333.35,2,333.36,6,335.0,2,335.91,2,336.07,2,,,,,,
2025-04-10 09:33:33,330.325,331.23,1,328.33,4,332.32,4,332.32,328.33,328.33,4,327.85,5,327.63,5,326.3,2,,,,,,,,,,,,,332.32,4,332.79,1,333.35,2,333.36,6,335.0,2,335.91,2,336.07,2,,,,,,
2025-04-10 09:33:34,330.325,330.33,1,328.33,4,332.32,5,332.32,328.33,328.33,4,327.85,5,327.63,5,326.3,2,,,,,,,,,,,,,332.32,5,332.79,1,333.35,2,333.36,6,335.0,2,335.91,2,336.07,2,,,,,,
2025-04-10 09:33:35,330.325,330.33,1,328.33,4,332.32,5,332.32,328.33,328.33,4,327.85,5,327.63,5,326.3,2,,,,,,,,,,,,,332.32,5,332.79,1,333.35,2,333.36,6,335.0,2,335.91,2,336.07,2,,,,,,
2025-04-10 09:33:36,330.325,330.33,1,328.33,4,332.32,5,332.32,328.33,328.33,4,327.85,5,327.63,5,326.3,2,,,,,,,,,,,,,332.32,5,332.79,1,333.35,2,333.36,6,335.0,2,335.91,2,336.07,2,,,,,,
2025-04-10 09:33:37,330.325,330.33,1,328.33,4,332.32,5,332.32,328.33,328.33,4,327.85,5,327.63,5,326.3,2,,,,,,,,,,,,,332.32,5,332.79,1,333.35,2,333.36,6,335.0,2,335.91,2,336.07,2,,,,,,
2025-04-10 09:33:38,330.325,330.33,1,328.33,4,332.32,5,332.32,328.33,328.33,4,327.85,5,327.63,5,326.3,2,,,,,,,,,,,,,332.32,5,332.79,1,333.35,2,333.36,6,335.0,2,335.91,2,336.07,2,,,,,,
2025-04-10 09:33:39,330.325,331.41,1,328.33,4,332.32,5,332.32,328.33,328.33,4,327.85,5,327.63,5,326.3,2,,,,,,,,,,,,,332.32,5,332.79,1,333.35,2,333.36,6,335.0,2,335.91,2,336.07,2,,,,,,
2025-04-10 09:33:40,330.325,331.41,1,328.33,4,332.32,5,332.32,328.33,328.33,4,327.85,5,327.63,5,326.3,2,,,,,,,,,,,,,332.32,5,332.79,1,333.35,2,333.36,6,335.0,2,335.91,2,336.07,2,,,,,,
2025-04-10 09:33:41,330.325,331.41,1,328.33,4,332.32,5,332.32,328.33,328.33,4,327.85,5,327.63,5,326.3,2,,,,,,,,,,,,,332.32,5,332.79,1,333.35,2,333.36,6,335.0,2,335.91,2,336.07,2,,,,,,
2025-04-10 09:33:43,330.325,331.41,1,328.33,4,332.32,5,332.32,328.33,328.33,4,327.85,5,327.63,5,326.3,2,,,,,,,,,,,,,332.32,5,332.79,1,333.35,2,333.36,6,335.0,2,335.91,2,336.07,2,,,,,,
2025-04-10 09:33:43,330.325,331.41,1,328.33,4,332.32,5,332.32,328.33,328.33,4,327.85,5,327.63,5,326.3,2,,,,,,,,,,,,,332.32,5,332.79,1,333.35,2,333.36,6,335.0,2,335.91,2,336.07,2,,,,,,
2025-04-10 09:33:44,330.325,331.41,1,328.33,4,332.32,5,332.32,328.33,328.33,4,327.85,5,327.63,5,326.3,2,,,,,,,,,,,,,332.32,5,332.79,1,333.35,2,333.36,6,335.0,2,335.91,2,336.07,2,,,,,,
2025-04-10 09:33:46,330.325,331.41,1,328.33,4,332.32,5,332.32,328.33,328.33,4,327.85,5,327.63,5,326.3,2,,,,,,,,,,,,,332.32,5,332.79,1,333.35,2,333.36,6,335.0,2,335.91,2,336.07,2,,,,,,
2025-04-10 09:33:47,330.325,331.55,4,328.33,4,332.32,5,332.32,328.33,328.33,4,327.85,5,327.63,5,326.3,2,,,,,,,,,,,,,332.32,5,332.79,1,333.35,2,333.36,6,335.0,2,335.91,2,336.07,2,,,,,,
2025-04-10 09:33:47,330.325,331.55,4,328.33,4,332.32,5,332.32,328.33,328.33,4,327.85,5,327.63,5,326.3,2,,,,,,,,,,,,,332.32,5,332.79,1,333.35,2,333.36,6,335.0,2,335.91,2,336.07,2,,,,,,
2025-04-10 09:33:49,330.325,331.55,4,328.33,4,332.32,5,332.32,328.33,328.33,4,327.85,5,327.63,5,326.3,2,,,,,,,,,,,,,332.32,5,332.79,1,333.35,2,333.36,6,335.0,2,335.91,2,336.07,2,,,,,,
2025-04-10 09:33:50,330.325,330.33,1,328.33,4,332.32,5,332.32,328.33,328.33,4,327.85,5,327.63,5,326.3,2,,,,,,,,,,,,,332.32,5,332.79,1,333.35,2,333.36,6,335.0,2,335.91,2,336.07,2,,,,,,
2025-04-10 09:33:50,330.325,330.33,1,328.33,4,332.32,5,332.32,328.33,328.33,4,327.85,5,327.63,5,326.3,2,,,,,,,,,,,,,332.32,5,332.79,1,333.35,2,333.36,6,335.0,2,335.91,2,336.07,2,,,,,,
2025-04-10 09:33:51,330.325,330.33,1,328.33,4,332.32,5,332.32,328.33,328.33,4,327.85,5,327.63,5,326.3,2,,,,,,,,,,,,,332.32,5,332.79,1,333.35,2,333.36,6,335.0,2,335.91,2,336.07,2,,,,,,
2025-04-10 09:33:53,330.325,330.33,8,328.33,3,332.32,5,332.32,328.33,328.33,3,327.85,5,327.63,5,326.3,2,,,,,,,,,,,,,332.32,5,332.79,1,333.35,2,333.36,6,335.0,2,335.91,2,336.07,2,,,,,,
2025-04-10 09:33:53,330.325,330.33,8,328.33,3,332.32,5,332.32,328.33,328.33,3,327.85,5,327.63,5,326.3,2,,,,,,,,,,,,,332.32,5,332.79,1,333.35,2,333.36,6,335.0,2,335.91,2,336.07,2,,,,,,
2025-04-10 09:33:55,330.325,330.33,8,328.33,3,332.32,5,332.32,328.33,328.33,3,327.85,5,327.63,5,326.3,2,,,,,,,,,,,,,332.32,5,332.79,1,333.35,2,333.36,6,335.0,2,335.91,2,336.07,2,,,,,,
2025-04-10 09:33:56,330.325,330.33,8,328.33,3,332.32,5,332.32,328.33,328.33,3,327.85,5,327.63,5,326.3,2,,,,,,,,,,,,,332.32,5,332.79,1,333.35,2,333.36,6,335.0,2,335.91,2,336.07,2,,,,,,
2025-04-10 09:33:57,330.325,330.33,8,328.33,3,332.32,5,332.32,328.33,328.33,3,327.85,5,327.63,5,326.3,2,,,,,,,,,,,,,332.32,5,332.79,1,333.35,2,333.36,6,335.0,2,335.91,2,336.07,2,,,,,,
2025-04-10 09:33:58,330.325,330.33,8,328.33,3,332.32,5,332.32,328.33,328.33,3,327.85,5,327.63,5,326.3,2,,,,,,,,,,,,,332.32,5,332.79,1,333.35,2,333.36,6,335.0,2,335.91,2,336.07,2,,,,,,
2025-04-10 09:33:59,330.325,330.33,8,328.33,3,332.32,5,332.32,328.33,328.33,3,327.85,5,327.63,5,326.3,2,,,,,,,,,,,,,332.32,5,332.79,1,333.35,2,333.36,6,335.0,2,335.91,2,336.07,2,,,,,,
2025-04-10 09:34:00,330.325,330.33,8,328.33,3,332.32,5,332.32,328.33,328.33,3,327.85,5,327.63,5,326.3,2,,,,,,,,,,,,,332.32,5,332.79,1,333.35,2,333.36,6,335.0,2,335.91,2,336.07,2,,,,,,
2025-04-10 09:34:01,330.325,330.33,8,328.33,3,332.32,5,332.32,328.33,328.33,3,327.85,5,327.63,5,326.3,2,,,,,,,,,,,,,332.32,5,332.79,1,333.35,2,333.36,6,335.0,2,335.91,2,336.07,2,,,,,,
2025-04-10 09:34:02,330.325,330.33,8,328.33,3,332.32,5,332.32,328.33,328.33,3,327.85,5,327.63,5,326.3,2,,,,,,,,,,,,,332.32,5,332.79,1,333.35,2,333.36,6,335.0,2,335.91,2,336.07,2,,,,,,
2025-04-10 09:34:02,330.325,330.33,8,328.33,3,332.32,5,332.32,328.33,328.33,3,327.85,5,327.63,5,326.3,2,,,,,,,,,,,,,332.32,5,332.79,1,333.35,2,333.36,6,335.0,2,335.91,2,336.07,2,,,,,,
2025-04-10 09:34:04,330.325,330.33,8,328.33,3,332.32,5,332.32,328.33,328.33,3,327.85,5,327.63,5,326.3,2,,,,,,,,,,,,,332.32,5,332.79,1,333.35,2,333.36,6,335.0,2,335.91,2,336.07,2,,,,,,
2025-04-10 09:34:04,330.325,330.33,8,328.33,3,332.32,5,332.32,328.33,328.33,3,327.85,5,327.63,5,326.3,2,,,,,,,,,,,,,332.32,5,332.79,1,333.35,2,333.36,6,335.0,2,335.91,2,336.07,2,,,,,,
2025-04-10 09:34:06,330.325,330.33,8,328.33,3,332.32,5,332.32,328.33,328.33,3,327.85,5,327.63,5,326.3,2,,,,,,,,,,,,,332.32,5,332.79,1,333.35,2,333.36,6,335.0,2,335.91,2,336.07,2,,,,,,
2025-04-10 09:34:07,330.325,330.33,8,328.33,3,332.32,5,332.32,328.33,328.33,3,327.85,5,327.63,5,326.3,2,,,,,,,,,,,,,332.32,5,332.79,1,333.35,2,333.36,6,335.0,2,335.91,2,336.07,2,,,,,,
2025-04-10 09:34:08,330.325,330.33,8,328.33,3,332.32,5,332.32,328.33,328.33,3,327.85,5,327.63,5,326.3,2,,,,,,,,,,,,,332.32,5,332.79,1,333.35,2,333.36,6,335.0,2,335.91,2,336.07,2,,,,,,
2025-04-10 09:34:09,330.325,330.33,8,328.33,3,332.32,5,332.32,328.33,328.33,3,327.85,5,327.63,5,326.3,2,,,,,,,,,,,,,332.32,5,332.79,1,333.35,2,333.36,6,335.0,2,335.91,2,336.07,2,,,,,,
2025-04-10 09:34:10,330.325,330.33,8,328.33,3,332.32,5,332.32,328.33,328.33,3,327.85,5,327.63,5,326.3,2,,,,,,,,,,,,,332.32,5,332.79,1,333.35,2,333.36,6,335.0,2,335.91,2,336.07,2,,,,,,
2025-04-10 09:34:11,330.325,330.33,8,328.33,3,332.32,5,332.32,328.33,328.33,3,327.85,5,327.63,5,326.3,2,,,,,,,,,,,,,332.32,5,332.79,1,333.35,2,333.36,6,335.0,2,335.91,2,336.07,2,,,,,,
2025-04-10 09:34:12,330.325,330.33,8,328.33,3,332.32,5,332.32,328.33,328.33,3,327.85,5,327.63,5,326.3,2,,,,,,,,,,,,,332.32,5,332.79,1,333.35,2,333.36,6,335.0,2,335.91,2,336.07,2,,,,,,
2025-04-10 09:34:13,330.325,330.33,8,328.33,3,332.32,5,332.32,328.33,328.33,3,327.85,5,327.63,5,326.3,2,,,,,,,,,,,,,332.32,5,332.79,1,333.35,2,333.36,6,335.0,2,335.91,2,336.07,2,,,,,,
2025-04-10 09:34:14,330.325,330.33,8,328.33,3,332.32,5,332.32,328.33,328.33,3,327.85,5,327.63,5,326.3,2,,,,,,,,,,,,,332.32,5,332.79,1,333.35,2,333.36,6,335.0,2,335.91,2,336.07,2,,,,,,
2025-04-10 09:34:15,330.325,330.33,8,328.33,3,332.32,5,332.32,328.33,328.33,3,327.85,5,327.63,5,326.3,2,,,,,,,,,,,,,332.32,5,332.79,1,333.35,2,333.36,6,335.0,2,335.91,2,336.07,2,,,,,,
2025-04-10 09:34:16,330.325,330.33,8,328.33,3,332.32,5,332.32,328.33,328.33,3,327.85,5,327.63,5,326.3,2,,,,,,,,,,,,,332.32,5,332.79,1,333.35,2,333.36,6,335.0,2,335.91,2,336.07,2,,,,,,
2025-04-10 09:34:17,330.325,330.33,8,328.33,3,332.32,5,332.32,328.33,328.33,3,327.85,5,327.63,5,326.3,2,,,,,,,,,,,,,332.32,5,332.79,1,333.35,2,333.36,6,335.0,2,335.91,2,336.07,2,,,,,,
2025-04-10 09:34:18,330.625,330.33,8,328.93,1,332.32,5,332.32,328.93,328.93,1,328.92,1,328.33,3,327.85,5,327.63,5,326.3,2,,,,,,,,,332.32,5,332.79,1,333.35,2,333.36,6,335.0,2,335.91,2,336.07,2,,,,,,
2025-04-10 09:34:19,330.625,330.33,8,328.93,1,332.32,5,332.32,328.93,328.93,1,328.92,1,328.33,3,327.85,5,327.63,5,326.3,2,,,,,,,,,332.32,5,332.79,1,333.35,2,333.36,6,335.0,2,335.91,2,336.07,2,,,,,,
2025-04-10 09:34:20,330.625,330.33,8,328.93,1,332.32,5,332.32,328.93,328.93,1,328.92,1,328.33,3,327.85,5,327.63,5,326.3,2,,,,,,,,,332.32,5,332.79,1,333.35,2,333.36,6,335.0,2,335.91,2,336.07,2,,,,,,
2025-04-10 09:34:21,330.625,330.33,8,328.93,1,332.32,5,332.32,328.93,328.93,1,328.92,1,328.33,3,327.85,5,327.63,5,326.3,2,,,,,,,,,332.32,5,332.79,1,333.35,2,333.36,6,335.0,2,335.91,2,336.07,2,,,,,,
2025-04-10 09:34:22,330.625,330.33,8,328.93,1,332.32,5,332.32,328.93,328.93,1,328.92,1,328.33,3,327.85,5,327.63,5,326.3,2,,,,,,,,,332.32,5,332.79,1,333.35,2,333.36,6,335.0,2,335.91,2,336.07,2,,,,,,
2025-04-10 09:34:23,330.625,330.63,1,328.93,1,332.32,5,332.32,328.93,328.93,1,328.92,1,328.33,3,327.85,5,327.63,5,326.3,2,,,,,,,,,332.32,5,332.79,1,333.35,2,333.36,6,335.0,2,335.91,2,336.07,2,,,,,,
2025-04-10 09:34:24,330.625,330.63,1,328.93,1,332.32,5,332.32,328.93,328.93,1,328.92,1,328.33,3,327.85,5,327.63,5,326.3,2,,,,,,,,,332.32,5,332.79,1,333.35,2,333.36,6,335.0,2,335.91,2,336.07,2,,,,,,
2025-04-10 09:34:25,330.415,330.63,1,328.93,1,331.9,1,331.9,328.93,328.93,1,328.92,1,328.33,3,327.85,5,327.63,5,326.3,2,,,,,,,,,331.9,1,332.32,5,332.79,1,333.35,2,333.36,6,335.0,2,335.91,2,336.07,2,,,,
2025-04-10 09:34:26,330.415,330.63,1,328.93,1,331.9,1,331.9,328.93,328.93,1,328.92,1,328.33,3,327.85,5,327.63,5,326.3,2,,,,,,,,,331.9,1,332.32,5,332.79,1,333.35,2,333.36,6,335.0,2,335.91,2,336.07,2,,,,
2025-04-10 09:34:27,330.415,330.04,1,328.93,1,331.9,3,331.9,328.93,328.93,1,328.92,1,328.33,3,327.85,5,327.63,5,326.3,2,,,,,,,,,331.9,3,332.32,5,332.79,1,333.35,2,333.36,6,335.0,2,335.91,2,336.07,2,,,,
2025-04-10 09:34:28,330.415,330.04,1,328.93,1,331.9,3,331.9,328.93,328.93,1,328.92,1,328.33,3,327.85,5,327.63,5,326.3,2,,,,,,,,,331.9,3,332.32,5,332.79,1,333.35,2,333.36,6,335.0,2,335.91,2,336.07,2,,,,
2025-04-10 09:34:29,330.415,330.04,1,328.93,1,331.9,3,331.9,328.93,328.93,1,328.92,1,328.33,3,327.85,5,327.63,5,326.3,2,,,,,,,,,331.9,3,332.32,5,332.79,1,333.35,2,333.36,6,335.0,2,335.91,2,336.07,2,,,,
2025-04-10 09:34:30,330.415,330.04,1,328.93,1,331.9,3,331.9,328.93,328.93,1,328.92,1,328.33,3,327.85,5,327.63,5,326.3,2,,,,,,,,,331.9,3,332.32,5,332.79,1,333.35,2,333.36,6,335.0,2,335.91,2,336.07,2,,,,
2025-04-10 09:34:31,330.415,330.04,1,328.93,1,331.9,3,331.9,328.93,328.93,1,328.92,1,328.33,3,327.85,5,327.63,5,326.3,2,,,,,,,,,331.9,3,332.32,5,332.79,1,333.35,2,333.36,6,335.0,2,335.91,2,336.07,2,,,,
2025-04-10 09:34:32,330.415,330.04,1,328.93,1,331.9,3,331.9,328.93,328.93,1,328.92,1,328.33,3,327.85,5,327.63,5,326.3,2,,,,,,,,,331.9,3,332.32,5,332.79,1,333.35,2,333.36,6,335.0,2,335.91,2,336.07,2,,,,
2025-04-10 09:34:33,330.415,330.04,1,328.93,1,331.9,3,331.9,328.93,328.93,1,328.92,1,328.33,3,327.85,5,327.63,5,326.3,2,,,,,,,,,331.9,3,332.32,5,332.79,1,333.35,2,333.36,6,335.0,2,335.91,2,336.07,2,,,,
2025-04-10 09:34:34,330.415,330.04,1,328.93,1,331.9,3,331.9,328.93,328.93,1,328.92,1,328.33,3,327.85,5,327.63,5,326.3,2,,,,,,,,,331.9,3,332.32,5,332.79,1,333.35,2,333.36,6,335.0,2,335.91,2,336.07,2,,,,
2025-04-10 09:34:35,330.415,330.04,1,328.93,1,331.9,3,331.9,328.93,328.93,1,328.92,1,328.33,3,327.85,5,327.63,5,326.3,2,,,,,,,,,331.9,3,332.32,5,332.79,1,333.35,2,333.36,6,335.0,2,335.91,2,336.07,2,,,,
2025-04-10 09:34:36,330.2,330.04,1,328.5,6,331.9,5,331.9,328.5,328.5,6,328.33,3,327.85,5,327.63,5,326.3,2,,,,,,,,,,,331.9,5,332.32,5,332.79,1,333.35,2,333.36,6,335.0,2,335.91,2,336.07,2,,,,
2025-04-10 09:34:37,330.205,330.04,1,328.51,1,331.9,5,331.9,328.51,328.51,1,328.5,6,328.33,3,327.85,5,327.63,5,326.3,2,,,,,,,,,331.9,5,332.32,5,332.79,1,333.35,2,333.36,6,335.0,2,335.91,2,336.07,2,,,,
2025-04-10 09:34:38,330.205,330.04,1,328.51,1,331.9,5,331.9,328.51,328.51,1,328.5,6,328.33,3,327.85,5,327.63,5,326.3,2,,,,,,,,,331.9,5,332.32,5,332.79,1,333.35,2,333.36,6,335.0,2,335.91,2,336.07,2,,,,
2025-04-10 09:34:39,330.205,330.04,1,328.51,1,331.9,5,331.9,328.51,328.51,1,328.5,6,328.33,3,327.85,5,327.63,5,326.3,2,,,,,,,,,331.9,5,332.32,5,332.79,1,333.35,2,333.36,6,335.0,2,335.91,2,336.07,2,,,,
2025-04-10 09:34:40,330.205,330.04,1,328.51,1,331.9,5,331.9,328.51,328.51,1,328.5,6,328.33,3,327.85,5,327.63,5,326.3,2,,,,,,,,,331.9,5,332.32,5,332.79,1,333.35,2,333.36,6,335.0,2,335.91,2,336.07,2,,,,
2025-04-10 09:34:41,330.205,330.04,1,328.51,1,331.9,5,331.9,328.51,328.51,1,328.5,6,328.33,3,327.85,5,327.63,5,326.3,2,,,,,,,,,331.9,5,332.32,5,332.79,1,333.35,2,333.36,6,335.0,2,335.91,2,336.07,2,,,,
2025-04-10 09:34:42,330.205,330.04,1,328.51,1,331.9,5,331.9,328.51,328.51,1,328.5,6,328.33,3,327.85,5,327.63,5,326.3,2,,,,,,,,,331.9,5,332.32,5,332.79,1,333.35,2,333.36,6,335.0,2,335.91,2,336.07,2,,,,
2025-04-10 09:34:43,330.205,330.04,1,328.51,1,331.9,5,331.9,328.51,328.51,1,328.5,6,328.33,3,327.85,5,327.63,5,326.3,2,,,,,,,,,331.9,5,332.32,5,332.79,1,333.35,2,333.36,6,335.0,2,335.91,2,336.07,2,,,,
2025-04-10 09:34:44,330.205,330.04,1,328.51,1,331.9,5,331.9,328.51,328.51,1,328.5,6,328.33,3,327.85,5,327.63,5,326.3,2,,,,,,,,,331.9,5,332.32,5,332.79,1,333.35,2,333.36,6,335.0,2,335.91,2,336.07,2,,,,
2025-04-10 09:34:45,330.205,330.04,1,328.51,1,331.9,5,331.9,328.51,328.51,1,328.5,6,328.33,3,327.85,5,327.63,5,326.3,2,,,,,,,,,331.9,5,332.32,5,332.79,1,333.35,2,333.36,6,335.0,2,335.91,2,336.07,2,,,,
2025-04-10 09:34:46,330.205,330.04,1,328.51,1,331.9,5,331.9,328.51,328.51,1,328.5,6,328.33,3,327.85,5,327.63,5,326.3,2,,,,,,,,,331.9,5,332.32,5,332.79,1,333.35,2,333.36,6,335.0,2,335.91,2,336.07,2,,,,
2025-04-10 09:34:47,330.205,330.04,1,328.51,1,331.9,5,331.9,328.51,328.51,1,328.5,6,328.33,3,327.85,5,327.63,5,326.3,2,,,,,,,,,331.9,5,332.32,5,332.79,1,333.35,2,333.36,6,335.0,2,335.91,2,336.07,2,,,,
2025-04-10 09:34:48,330.205,330.04,1,328.51,1,331.9,5,331.9,328.51,328.51,1,328.5,6,328.33,3,327.85,5,327.63,5,326.3,2,,,,,,,,,331.9,5,332.32,5,332.79,1,333.35,2,333.36,6,335.0,2,335.91,2,336.07,2,,,,
2025-04-10 09:34:49,330.205,330.04,1,328.51,1,331.9,5,331.9,328.51,328.51,1,328.5,6,328.33,3,327.85,5,327.63,5,326.3,2,,,,,,,,,331.9,5,332.32,5,332.79,1,333.35,2,333.36,6,335.0,2,335.91,2,336.07,2,,,,
2025-04-10 09:34:50,330.205,330.04,1,328.51,1,331.9,5,331.9,328.51,328.51,1,328.5,6,328.33,3,327.85,5,327.63,5,326.3,2,,,,,,,,,331.9,5,332.32,5,332.79,1,333.35,2,333.36,6,335.0,2,335.91,2,336.07,2,,,,
2025-04-10 09:34:51,330.205,330.04,1,328.51,1,331.9,5,331.9,328.51,328.51,1,328.5,6,328.33,3,327.85,5,327.63,5,326.3,2,,,,,,,,,331.9,5,332.32,5,332.79,1,333.35,2,333.36,6,335.0,2,335.91,2,336.07,2,,,,
2025-04-10 09:34:52,330.415,330.04,1,328.93,1,331.9,5,331.9,328.93,328.93,1,328.61,1,328.59,1,328.51,1,328.5,6,328.33,3,327.85,5,327.63,5,326.3,2,,,331.9,5,332.32,5,332.79,1,333.35,2,333.36,6,335.0,2,335.91,2,336.07,2,,,,
2025-04-10 09:34:53,330.2,330.04,1,328.5,6,331.9,5,331.9,328.5,328.5,6,328.33,3,327.85,5,327.63,5,326.3,2,,,,,,,,,,,331.9,5,332.32,5,332.79,1,333.35,2,333.36,6,335.0,2,335.91,2,336.07,2,,,,
2025-04-10 09:34:54,330.95,330.0,1,330.0,1,331.9,5,331.9,330.0,330.0,1,328.57,1,328.5,6,328.33,3,327.85,5,327.63,5,326.3,2,,,,,,,331.9,5,332.32,5,332.79,1,333.35,2,333.36,6,335.0,2,335.91,2,336.07,2,,,,
2025-04-10 09:34:55,330.95,330.0,1,330.0,1,331.9,5,331.9,330.0,330.0,1,328.57,1,328.5,6,328.33,3,327.85,5,327.63,5,326.3,2,,,,,,,331.9,5,332.32,5,332.79,1,333.35,2,333.36,6,335.0,2,335.91,2,336.07,2,,,,
2025-04-10 09:34:56,330.95,330.0,1,330.0,1,331.9,5,331.9,330.0,330.0,1,328.57,1,328.5,6,328.33,3,327.85,5,327.63,5,326.3,2,,,,,,,331.9,5,332.32,5,332.79,1,333.35,2,333.36,6,335.0,2,335.91,2,336.07,2,,,,
2025-04-10 09:34:57,330.95,330.0,1,330.0,1,331.9,5,331.9,330.0,330.0,1,328.57,1,328.5,6,328.33,3,327.85,5,327.63,5,326.3,2,,,,,,,331.9,5,332.32,5,332.79,1,333.35,2,333.36,6,335.0,2,335.91,2,336.07,2,,,,
2025-04-10 09:34:58,330.95,330.0,1,330.0,1,331.9,5,331.9,330.0,330.0,1,328.57,1,328.5,6,328.33,3,327.85,5,327.63,5,326.3,2,,,,,,,331.9,5,332.32,5,332.79,1,333.35,2,333.36,6,335.0,2,335.91,2,336.07,2,,,,
2025-04-10 09:34:59,330.95,330.0,1,330.0,1,331.9,5,331.9,330.0,330.0,1,328.57,1,328.5,6,328.33,3,327.85,5,327.63,5,326.3,2,,,,,,,331.9,5,332.32,5,332.79,1,333.35,2,333.36,6,335.0,2,335.91,2,336.07,2,,,,
2025-04-10 09:35:00,330.95,330.0,1,330.0,1,331.9,5,331.9,330.0,330.0,1,328.57,1,328.5,6,328.33,3,327.85,5,327.63,5,326.3,2,,,,,,,331.9,5,332.32,5,332.79,1,333.35,2,333.36,6,335.0,2,335.91,2,336.07,2,,,,
2025-04-10 09:35:01,330.95,331.0,6,330.0,2,331.9,4,331.9,330.0,330.0,2,328.57,1,328.5,6,328.33,3,327.85,5,327.63,5,326.3,2,,,,,,,331.9,4,332.32,5,332.79,1,333.35,2,333.36,6,335.0,2,335.91,2,336.07,2,,,,
2025-04-10 09:35:02,330.95,331.0,6,330.0,2,331.9,4,331.9,330.0,330.0,2,328.57,1,328.5,6,328.33,3,327.85,5,327.63,5,326.3,2,,,,,,,331.9,4,332.32,5,332.79,1,333.35,2,333.36,6,335.0,2,335.91,2,336.07,2,,,,
2025-04-10 09:35:03,330.95,331.0,6,330.0,2,331.9,4,331.9,330.0,330.0,2,328.57,1,328.5,6,328.33,3,327.85,5,327.63,5,326.3,2,,,,,,,331.9,4,332.32,5,332.79,1,333.35,2,333.36,6,335.0,2,335.91,2,336.07,2,,,,
2025-04-10 09:35:04,330.95,331.0,6,330.0,2,331.9,4,331.9,330.0,330.0,2,328.57,1,328.5,6,328.33,3,327.85,5,327.63,5,326.3,2,,,,,,,331.9,4,332.32,5,332.79,1,333.35,2,333.36,6,335.0,2,335.91,2,336.07,2,,,,
2025-04-10 09:35:05,330.95,331.0,6,330.0,2,331.9,4,331.9,330.0,330.0,2,328.57,1,328.5,6,328.33,3,327.85,5,327.63,5,326.3,2,,,,,,,331.9,4,332.32,5,332.79,1,333.35,2,333.36,6,335.0,2,335.91,2,336.07,2,,,,
2025-04-10 09:35:06,330.95,331.0,6,330.0,2,331.9,4,331.9,330.0,330.0,2,328.57,1,328.5,6,328.33,3,327.85,5,327.63,5,326.3,2,,,,,,,331.9,4,332.32,5,332.79,1,333.35,2,333.36,6,335.0,2,335.91,2,336.07,2,,,,
2025-04-10 09:35:07,330.95,331.0,6,330.0,2,331.9,4,331.9,330.0,330.0,2,328.57,1,328.5,6,328.33,3,327.85,5,327.63,5,326.3,2,,,,,,,331.9,4,332.32,5,332.79,1,333.35,2,333.36,6,335.0,2,335.91,2,336.07,2,,,,
2025-04-10 09:35:08,330.95,331.0,6,330.0,2,331.9,4,331.9,330.0,330.0,2,328.57,1,328.5,6,328.33,3,327.85,5,327.63,5,326.3,2,,,,,,,331.9,4,332.32,5,332.79,1,333.35,2,333.36,6,335.0,2,335.91,2,336.07,2,,,,
2025-04-10 09:35:09,330.95,331.0,6,330.0,2,331.9,4,331.9,330.0,330.0,2,328.57,1,328.5,6,328.33,3,327.85,5,327.63,5,326.3,2,,,,,,,331.9,4,332.32,5,332.79,1,333.35,2,333.36,6,335.0,2,335.91,2,336.07,2,,,,
2025-04-10 09:35:10,330.95,331.0,6,330.0,2,331.9,4,331.9,330.0,330.0,2,328.57,1,328.5,6,328.33,3,327.85,5,327.63,5,326.3,2,,,,,,,331.9,4,332.32,5,332.79,1,333.35,2,333.36,6,335.0,2,335.91,2,336.07,2,,,,
2025-04-10 09:35:11,330.95,331.0,6,330.0,2,331.9,4,331.9,330.0,330.0,2,328.57,1,328.5,6,328.33,3,327.85,5,327.63,5,326.3,2,,,,,,,331.9,4,332.32,5,332.79,1,333.35,2,333.36,6,335.0,2,335.91,2,336.07,2,,,,
2025-04-10 09:35:12,330.95,331.0,6,330.0,2,331.9,4,331.9,330.0,330.0,2,328.57,1,328.5,6,328.33,3,327.85,5,327.63,5,326.3,2,,,,,,,331.9,4,332.32,5,332.79,1,333.35,2,333.36,6,335.0,2,335.91,2,336.07,2,,,,
2025-04-10 09:35:13,330.95,331.0,6,330.0,2,331.9,4,331.9,330.0,330.0,2,328.57,1,328.5,6,328.33,3,327.85,5,327.63,5,326.3,2,,,,,,,331.9,4,332.32,5,332.79,1,333.35,2,333.36,6,335.0,2,335.91,2,336.07,2,,,,
2025-04-10 09:35:14,330.95,331.0,6,330.0,2,331.9,4,331.9,330.0,330.0,2,328.57,1,328.5,6,328.33,3,327.85,5,327.63,5,326.3,2,,,,,,,331.9,4,332.32,5,332.79,1,333.35,2,333.36,6,335.0,2,335.91,2,336.07,2,,,,
2025-04-10 09:35:15,330.95,331.0,6,330.0,2,331.9,4,331.9,330.0,330.0,2,328.57,1,328.5,6,328.33,3,327.85,5,327.63,5,326.3,2,,,,,,,331.9,4,332.32,5,332.79,1,333.35,2,333.36,6,335.0,2,335.91,2,336.07,2,,,,
2025-04-10 09:35:16,330.29,330.0,1,328.68,1,331.9,5,331.9,328.68,328.68,1,328.07,1,327.85,5,327.63,5,326.3,2,,,,,,,,,,,331.9,5,332.32,5,332.79,1,333.35,2,333.36,6,335.0,2,335.91,2,336.07,2,,,,
2025-04-10 09:35:17,329.53,329.53,1,328.07,1,330.99,1,330.99,328.07,328.07,1,327.85,5,327.63,5,326.3,2,,,,,,,,,,,,,330.99,1,331.9,4,332.32,5,332.79,1,333.35,2,333.36,6,335.0,2,335.91,2,336.07,2,,
2025-04-10 09:35:18,329.53,330.0,1,328.07,1,330.99,1,330.99,328.07,328.07,1,327.85,5,327.63,5,326.3,2,,,,,,,,,,,,,330.99,1,331.9,4,332.32,5,332.79,1,333.35,2,333.36,6,335.0,2,335.91,2,336.07,2,,
2025-04-10 09:35:19,329.53,330.0,1,328.07,1,330.99,1,330.99,328.07,328.07,1,327.85,5,327.63,5,326.3,2,,,,,,,,,,,,,330.99,1,331.9,4,332.32,5,332.79,1,333.35,2,333.36,6,335.0,2,335.91,2,336.07,2,,
2025-04-10 09:35:20,329.535,330.0,1,328.08,1,330.99,1,330.99,328.08,328.08,1,328.07,1,327.85,5,327.63,5,326.3,2,,,,,,,,,,,330.99,1,331.9,4,332.32,5,332.79,1,333.35,2,333.36,6,335.0,2,335.91,2,336.07,2,,
2025-04-10 09:35:21,329.535,330.0,1,328.08,1,330.99,1,330.99,328.08,328.08,1,328.07,1,327.85,5,327.63,5,326.3,2,,,,,,,,,,,330.99,1,331.9,4,332.32,5,332.79,1,333.35,2,333.36,6,335.0,2,335.91,2,336.07,2,,
2025-04-10 09:35:22,329.535,330.0,1,328.08,1,330.99,1,330.99,328.08,328.08,1,328.07,1,327.85,5,327.63,5,326.3,2,,,,,,,,,,,330.99,1,331.9,4,332.32,5,332.79,1,333.35,2,333.36,6,335.0,2,335.91,2,336.07,2,,
2025-04-10 09:35:23,329.535,330.0,1,328.08,1,330.99,1,330.99,328.08,328.08,1,328.07,1,327.85,5,327.63,5,326.3,2,,,,,,,,,,,330.99,1,331.9,4,332.32,5,332.79,1,333.35,2,333.36,6,335.0,2,335.91,2,336.07,2,,
2025-04-10 09:35:24,329.535,330.0,1,328.08,1,330.99,1,330.99,328.08,328.08,1,328.07,1,327.85,5,327.63,5,326.3,2,,,,,,,,,,,330.99,1,331.9,4,332.32,5,332.79,1,333.35,2,333.36,6,335.0,2,335.91,2,336.07,2,,
2025-04-10 09:35:25,329.535,329.54,1,328.08,1,330.99,1,330.99,328.08,328.08,1,328.07,1,327.85,5,327.63,5,326.3,2,,,,,,,,,,,330.99,1,331.9,4,332.32,5,332.79,1,333.35,2,333.36,6,335.0,2,335.91,2,336.07,2,,
2025-04-10 09:35:26,329.535,329.54,1,328.08,1,330.99,1,330.99,328.08,328.08,1,328.07,1,327.85,5,327.63,5,326.3,2,,,,,,,,,,,330.99,1,331.9,4,332.32,5,332.79,1,333.35,2,333.36,6,335.0,2,335.91,2,336.07,2,,
2025-04-10 09:35:27,329.535,329.54,1,328.08,1,330.99,1,330.99,328.08,328.08,1,328.07,1,327.85,5,327.63,5,326.3,2,,,,,,,,,,,330.99,1,331.9,4,332.32,5,332.79,1,333.35,2,333.36,6,335.0,2,335.91,2,336.07,2,,
2025-04-10 09:35:28,329.535,329.54,1,328.08,1,330.99,4,330.99,328.08,328.08,1,328.07,1,327.85,5,327.63,5,326.3,2,,,,,,,,,,,330.99,4,331.9,4,332.32,5,332.79,1,333.35,2,333.36,6,335.0,2,335.91,2,336.07,2,,
2025-04-10 09:35:29,329.535,329.54,1,328.08,1,330.99,4,330.99,328.08,328.08,1,328.07,1,327.85,5,327.63,5,326.3,2,,,,,,,,,,,330.99,4,331.9,4,332.32,5,332.79,1,333.35,2,333.36,6,335.0,2,335.91,2,336.07,2,,
2025-04-10 09:35:30,329.535,329.54,1,328.08,1,330.99,4,330.99,328.08,328.08,1,328.07,1,327.85,5,327.63,5,326.3,2,,,,,,,,,,,330.99,4,331.9,4,332.32,5,332.79,1,333.35,2,333.36,6,335.0,2,335.91,2,336.07,2,,
2025-04-10 09:35:31,329.535,329.54,1,328.08,1,330.99,4,330.99,328.08,328.08,1,328.07,1,327.85,5,327.63,5,326.3,2,,,,,,,,,,,330.99,4,331.9,4,332.32,5,332.79,1,333.35,2,333.36,6,335.0,2,335.91,2,336.07,2,,
2025-04-10 09:35:32,329.535,329.54,1,328.08,2,330.99,5,330.99,328.08,328.08,2,328.07,1,327.85,5,327.63,5,326.3,2,,,,,,,,,,,330.99,5,331.9,4,332.32,5,332.79,1,333.35,2,333.36,6,335.0,2,335.91,2,336.07,2,,
2025-04-10 09:35:33,329.535,329.54,1,328.08,2,330.99,5,330.99,328.08,328.08,2,328.07,1,327.85,5,327.63,5,326.3,2,,,,,,,,,,,330.99,5,331.9,4,332.32,5,332.79,1,333.35,2,333.36,6,335.0,2,335.91,2,336.07,2,,
2025-04-10 09:35:34,329.535,329.54,1,328.08,2,330.99,5,330.99,328.08,328.08,2,328.07,1,327.85,5,327.63,5,326.3,2,,,,,,,,,,,330.99,5,331.9,4,332.32,5,332.79,1,333.35,2,333.36,6,335.0,2,335.91,2,336.07,2,,
2025-04-10 09:35:35,329.535,329.54,1,328.08,2,330.99,5,330.99,328.08,328.08,2,328.07,1,327.85,5,327.63,5,326.3,2,,,,,,,,,,,330.99,5,331.9,4,332.32,5,332.79,1,333.35,2,333.36,6,335.0,2,335.91,2,336.07,2,,
2025-04-10 09:35:36,329.535,329.54,1,328.08,2,330.99,5,330.99,328.08,328.08,2,328.07,1,327.85,5,327.63,5,326.3,2,,,,,,,,,,,330.99,5,331.9,4,332.32,5,332.79,1,333.35,2,333.36,6,335.0,2,335.91,2,336.07,2,,
2025-04-10 09:35:37,329.535,329.54,1,328.08,2,330.99,5,330.99,328.08,328.08,2,328.07,1,327.85,5,327.63,5,326.3,2,,,,,,,,,,,330.99,5,331.9,4,332.32,5,332.79,1,333.35,2,333.36,6,335.0,2,335.91,2,336.07,2,,
2025-04-10 09:35:38,329.535,329.54,1,328.08,2,330.99,5,330.99,328.08,328.08,2,328.07,1,327.85,5,327.63,5,326.3,2,,,,,,,,,,,330.99,5,331.9,4,332.32,5,332.79,1,333.35,2,333.36,6,335.0,2,335.91,2,336.07,2,,
2025-04-10 09:35:39,329.535,329.54,1,328.08,2,330.99,5,330.99,328.08,328.08,2,328.07,1,327.85,5,327.63,5,326.3,2,,,,,,,,,,,330.99,5,331.9,4,332.32,5,332.79,1,333.35,2,333.36,6,335.0,2,335.91,2,336.07,2,,
2025-04-10 09:35:40,329.535,329.54,1,328.08,2,330.99,5,330.99,328.08,328.08,2,328.07,1,327.85,5,327.63,5,326.3,2,,,,,,,,,,,330.99,5,331.9,4,332.32,5,332.79,1,333.35,2,333.36,6,335.0,2,335.91,2,336.07,2,,
2025-04-10 09:35:41,329.535,329.54,1,328.08,2,330.99,5,330.99,328.08,328.08,2,328.07,1,327.85,5,327.63,5,326.3,2,,,,,,,,,,,330.99,5,331.9,4,332.32,5,332.79,1,333.35,2,333.36,6,335.0,2,335.91,2,336.07,2,,
2025-04-10 09:35:42,329.535,329.54,1,328.08,2,330.99,5,330.99,328.08,328.08,2,328.07,1,327.85,5,327.63,5,326.3,2,,,,,,,,,,,330.99,5,331.9,4,332.32,5,332.79,1,333.35,2,333.36,6,335.0,2,335.91,2,336.07,2,,
2025-04-10 09:35:43,329.385,329.54,1,328.08,2,330.69,2,330.69,328.08,328.08,2,328.07,1,327.85,5,327.63,5,326.3,2,,,,,,,,,,,330.69,2,330.99,5,331.9,4,332.32,5,332.79,1,333.35,2,333.36,6,335.0,2,335.91,2,336.07,2
2025-04-10 09:35:44,329.385,329.39,1,328.08,2,330.69,2,330.69,328.08,328.08,2,328.07,1,327.85,5,327.63,5,326.3,2,,,,,,,,,,,330.69,2,330.99,5,331.9,4,332.32,5,332.79,1,333.35,2,333.36,6,335.0,2,335.91,2,336.07,2
2025-04-10 09:35:45,329.385,329.39,1,328.08,2,330.69,2,330.69,328.08,328.08,2,328.07,1,327.85,5,327.63,5,326.3,2,,,,,,,,,,,330.69,2,330.99,5,331.9,4,332.32,5,332.79,1,333.35,2,333.36,6,335.0,2,335.91,2,336.07,2
2025-04-10 09:35:46,329.385,329.39,1,328.08,2,330.69,2,330.69,328.08,328.08,2,328.07,1,327.85,5,327.63,5,326.3,2,,,,,,,,,,,330.69,2,330.99,5,331.9,4,332.32,5,332.79,1,333.35,2,333.36,6,335.0,2,335.91,2,336.07,2
2025-04-10 09:35:47,329.385,329.39,1,328.08,2,330.69,2,330.69,328.08,328.08,2,328.07,1,327.85,5,327.63,5,326.3,2,,,,,,,,,,,330.69,2,330.99,5,331.9,4,332.32,5,332.79,1,333.35,2,333.36,6,335.0,2,335.91,2,336.07,2
2025-04-10 09:35:48,329.97,329.97,5,329.25,3,330.69,1,330.69,329.25,329.25,3,328.08,2,328.07,1,327.85,5,327.63,5,326.3,2,,,,,,,,,330.69,1,330.99,5,331.9,4,332.32,5,332.79,1,333.35,2,333.36,6,335.0,2,335.91,2,336.07,2
2025-04-10 09:35:49,329.97,329.97,5,329.25,3,330.69,1,330.69,329.25,329.25,3,328.08,2,328.07,1,327.85,5,327.63,5,326.3,2,,,,,,,,,330.69,1,330.99,5,331.9,4,332.32,5,332.79,1,333.35,2,333.36,6,335.0,2,335.91,2,336.07,2
2025-04-10 09:35:50,330.12,329.97,5,329.25,3,330.99,4,330.99,329.25,329.25,3,328.08,2,328.07,1,327.85,5,327.63,5,326.3,2,,,,,,,,,330.99,4,331.9,4,332.32,5,332.79,1,333.35,2,333.36,6,335.0,2,335.91,2,336.07,2,,
2025-04-10 09:35:51,330.12,329.97,5,329.25,3,330.99,4,330.99,329.25,329.25,3,328.08,2,328.07,1,327.85,5,327.63,5,326.3,2,,,,,,,,,330.99,4,331.9,4,332.32,5,332.79,1,333.35,2,333.36,6,335.0,2,335.91,2,336.07,2,,
2025-04-10 09:35:52,330.12,329.97,5,329.25,3,330.99,4,330.99,329.25,329.25,3,328.08,2,328.07,1,327.85,5,327.63,5,326.3,2,,,,,,,,,330.99,4,331.9,4,332.32,5,332.79,1,333.35,2,333.36,6,335.0,2,335.91,2,336.07,2,,
2025-04-10 09:35:53,330.12,329.97,5,329.25,3,330.99,4,330.99,329.25,329.25,3,328.08,2,328.07,1,327.85,5,327.63,5,326.3,2,,,,,,,,,330.99,4,331.9,4,332.32,5,332.79,1,333.35,2,333.36,6,335.0,2,335.91,2,336.07,2,,
2025-04-10 09:35:54,330.12,329.97,5,329.25,3,330.99,4,330.99,329.25,329.25,3,328.08,2,328.07,1,327.85,5,327.63,5,326.3,2,,,,,,,,,330.99,4,331.9,4,332.32,5,332.79,1,333.35,2,333.36,6,335.0,2,335.91,2,336.07,2,,
2025-04-10 09:35:55,330.12,329.97,5,329.25,3,330.99,4,330.99,329.25,329.25,3,328.08,2,328.07,1,327.85,5,327.63,5,326.3,2,,,,,,,,,330.99,4,331.9,4,332.32,5,332.79,1,333.35,2,333.36,6,335.0,2,335.91,2,336.07,2,,
2025-04-10 09:35:56,330.12,329.39,1,329.25,3,330.99,4,330.99,329.25,329.25,3,328.08,2,328.07,1,327.85,5,327.63,5,326.3,2,,,,,,,,,330.99,4,331.9,4,332.32,5,332.79,1,333.35,2,333.36,6,335.0,2,335.91,2,336.07,2,,
2025-04-10 09:35:57,330.12,330.12,2,329.25,3,330.99,5,330.99,329.25,329.25,3,328.08,2,328.07,1,327.85,5,327.63,5,326.3,2,,,,,,,,,330.99,5,331.9,4,332.32,5,332.79,1,333.35,2,333.36,6,335.0,2,335.91,2,336.07,2,,
2025-04-10 09:35:58,329.975,330.12,2,329.25,3,330.7,1,330.7,329.25,329.25,3,328.08,2,328.07,1,327.85,5,327.63,5,326.3,2,,,,,,,,,330.7,1,330.99,5,331.9,4,332.32,5,332.79,1,333.35,2,333.36,6,335.0,2,335.91,2,336.07,2
2025-04-10 09:35:59,329.975,330.12,2,329.25,3,330.7,1,330.7,329.25,329.25,3,328.08,2,328.07,1,327.85,5,327.63,5,326.3,2,,,,,,,,,330.7,1,330.99,5,331.9,4,332.32,5,332.79,1,333.35,2,333.36,6,335.0,2,335.91,2,336.07,2
2025-04-10 09:36:00,329.975,330.12,2,329.25,3,330.7,2,330.7,329.25,329.25,3,328.08,2,328.07,1,327.85,5,327.63,5,326.3,2,,,,,,,,,330.7,2,330.99,5,331.9,4,332.32,5,332.79,1,333.35,2,333.36,6,335.0,2,335.91,2,336.07,2
2025-04-10 09:36:01,329.975,330.12,2,329.25,3,330.7,3,330.7,329.25,329.25,3,328.08,2,328.07,1,327.85,5,327.63,5,326.3,2,,,,,,,,,330.7,3,330.99,5,331.9,4,332.32,5,332.79,1,333.35,2,333.36,6,335.0,2,335.91,2,336.07,2
2025-04-10 09:36:02,329.975,330.12,2,329.25,3,330.7,3,330.7,329.25,329.25,3,328.08,2,328.07,1,327.85,5,327.63,5,326.3,2,,,,,,,,,330.7,3,330.99,5,331.9,4,332.32,5,332.79,1,333.35,2,333.36,6,335.0,2,335.91,2,336.07,2
2025-04-10 09:36:03,329.975,330.12,2,329.25,3,330.7,3,330.7,329.25,329.25,3,328.08,2,328.07,1,327.85,5,327.63,5,326.3,2,,,,,,,,,330.7,3,330.99,5,331.9,4,332.32,5,332.79,1,333.35,2,333.36,6,335.0,2,335.91,2,336.07,2
2025-04-10 09:36:04,329.975,330.12,2,329.25,3,330.7,3,330.7,329.25,329.25,3,328.08,2,328.07,1,327.85,5,327.63,5,326.3,2,,,,,,,,,330.7,3,330.99,5,331.9,4,332.32,5,332.79,1,333.35,2,333.36,6,335.0,2,335.91,2,336.07,2
2025-04-10 09:36:05,329.975,329.26,1,329.25,3,330.7,1,330.7,329.25,329.25,3,328.08,2,328.07,1,327.85,5,327.63,5,326.3,2,,,,,,,,,330.7,1,330.99,5,331.9,4,332.32,5,332.79,1,333.35,2,333.36,6,335.0,2,335.91,2,336.07,2
2025-04-10 09:36:06,329.97,329.97,1,329.25,3,330.69,1,330.69,329.25,329.25,3,328.08,2,328.07,1,327.85,5,327.63,5,326.3,2,,,,,,,,,330.69,1,330.7,1,330.99,5,331.9,4,332.32,5,332.79,1,333.35,2,333.36,6,335.0,2,335.91,2
2025-04-10 09:36:07,329.97,329.97,1,329.25,3,330.69,1,330.69,329.25,329.25,3,328.08,2,328.07,1,327.85,5,327.63,5,326.3,2,,,,,,,,,330.69,1,330.7,1,330.99,5,331.9,4,332.32,5,332.79,1,333.35,2,333.36,6,335.0,2,335.91,2
2025-04-10 09:36:08,329.97,329.97,1,329.25,3,330.69,4,330.69,329.25,329.25,3,328.08,2,328.07,1,327.85,5,327.63,5,326.3,2,,,,,,,,,330.69,4,330.7,1,330.99,5,331.9,4,332.32,5,332.79,1,333.35,2,333.36,6,335.0,2,335.91,2
2025-04-10 09:36:09,329.97,329.97,1,329.25,3,330.69,4,330.69,329.25,329.25,3,328.08,2,328.07,1,327.85,5,327.63,5,326.3,2,,,,,,,,,330.69,4,330.7,1,330.99,5,331.9,4,332.32,5,332.79,1,333.35,2,333.36,6,335.0,2,335.91,2
2025-04-10 09:36:10,329.97,329.97,1,329.25,3,330.69,4,330.69,329.25,329.25,3,328.08,2,328.07,1,327.85,5,327.63,5,326.3,2,,,,,,,,,330.69,4,330.7,1,330.99,5,331.9,4,332.32,5,332.79,1,333.35,2,333.36,6,335.0,2,335.91,2
2025-04-10 09:36:11,329.97,329.97,1,329.25,3,330.69,4,330.69,329.25,329.25,3,328.08,2,328.07,1,327.85,5,327.63,5,326.3,2,,,,,,,,,330.69,4,330.7,1,330.99,5,331.9,4,332.32,5,332.79,1,333.35,2,333.36,6,335.0,2,335.91,2
2025-04-10 09:36:12,329.97,330.2,1,329.25,3,330.69,4,330.69,329.25,329.25,3,328.08,2,328.07,1,327.85,5,327.63,5,326.3,2,,,,,,,,,330.69,4,330.7,1,330.99,5,331.9,4,332.32,5,332.79,1,333.35,2,333.36,6,335.0,2,335.91,2
2025-04-10 09:36:13,329.97,330.2,1,329.25,3,330.69,4,330.69,329.25,329.25,3,328.08,2,328.07,1,327.85,5,327.63,5,326.3,2,,,,,,,,,330.69,4,330.7,1,330.99,5,331.9,4,332.32,5,332.79,1,333.35,2,333.36,6,335.0,2,335.91,2
2025-04-10 09:36:14,329.97,330.2,1,329.25,3,330.69,4,330.69,329.25,329.25,3,328.08,2,328.07,1,327.85,5,327.63,5,326.3,2,,,,,,,,,330.69,4,330.7,1,330.99,5,331.9,4,332.32,5,332.79,1,333.35,2,333.36,6,335.0,2,335.91,2
2025-04-10 09:36:15,329.97,330.2,1,329.25,3,330.69,4,330.69,329.25,329.25,3,328.08,2,328.07,1,327.85,5,327.63,5,326.3,2,,,,,,,,,330.69,4,330.7,1,330.99,5,331.9,4,332.32,5,332.79,1,333.35,2,333.36,6,335.0,2,335.91,2
2025-04-10 09:36:16,329.97,330.2,1,329.25,3,330.69,4,330.69,329.25,329.25,3,328.08,2,328.07,1,327.85,5,327.63,5,326.3,2,,,,,,,,,330.69,4,330.7,1,330.99,5,331.9,4,332.32,5,332.79,1,333.35,2,333.36,6,335.0,2,335.91,2
2025-04-10 09:36:17,329.97,330.2,1,329.25,3,330.69,4,330.69,329.25,329.25,3,328.08,2,328.07,1,327.85,5,327.63,5,326.3,2,,,,,,,,,330.69,4,330.7,1,330.99,5,331.9,4,332.32,5,332.79,1,333.35,2,333.36,6,335.0,2,335.91,2
2025-04-10 09:36:18,329.97,330.2,1,329.25,3,330.69,4,330.69,329.25,329.25,3,328.08,2,328.07,1,327.85,5,327.63,5,326.3,2,,,,,,,,,330.69,4,330.7,1,330.99,5,331.9,4,332.32,5,332.79,1,333.35,2,333.36,6,335.0,2,335.91,2
2025-04-10 09:36:19,329.97,330.69,2,329.25,3,330.69,4,330.69,329.25,329.25,3,328.08,2,328.07,1,327.85,5,327.63,5,326.3,2,,,,,,,,,330.69,4,330.7,1,330.99,5,331.9,4,332.32,5,332.79,1,333.35,2,333.36,6,335.0,2,335.91,2
2025-04-10 09:36:20,329.97,330.69,2,329.25,3,330.69,4,330.69,329.25,329.25,3,328.08,2,328.07,1,327.85,5,327.63,5,326.3,2,,,,,,,,,330.69,4,330.7,1,330.99,5,331.9,4,332.32,5,332.79,1,333.35,2,333.36,6,335.0,2,335.91,2
2025-04-10 09:36:21,329.97,330.69,2,329.25,3,330.69,4,330.69,329.25,329.25,3,328.08,2,328.07,1,327.85,5,327.63,5,326.3,2,,,,,,,,,330.69,4,330.7,1,330.99,5,331.9,4,332.32,5,332.79,1,333.35,2,333.36,6,335.0,2,335.91,2
2025-04-10 09:36:22,329.97,330.69,2,329.25,3,330.69,4,330.69,329.25,329.25,3,328.08,2,328.07,1,327.85,5,327.63,5,326.3,2,,,,,,,,,330.69,4,330.7,1,330.99,5,331.9,4,332.32,5,332.79,1,333.35,2,333.36,6,335.0,2,335.91,2
2025-04-10 09:36:23,329.97,330.69,2,329.25,3,330.69,4,330.69,329.25,329.25,3,328.08,2,328.07,1,327.85,5,327.63,5,326.3,2,,,,,,,,,330.69,4,330.7,1,330.99,5,331.9,4,332.32,5,332.79,1,333.35,2,333.36,6,335.0,2,335.91,2
2025-04-10 09:36:24,329.97,329.97,1,329.25,3,330.69,4,330.69,329.25,329.25,3,328.08,2,328.07,1,327.85,5,327.63,5,326.3,2,,,,,,,,,330.69,4,330.7,1,330.99,5,331.9,4,332.32,5,332.79,1,333.35,2,333.36,6,335.0,2,335.91,2
2025-04-10 09:36:25,329.97,329.97,1,329.25,3,330.69,4,330.69,329.25,329.25,3,328.08,2,328.07,1,327.85,5,327.63,5,326.3,2,,,,,,,,,330.69,4,330.7,1,330.99,5,331.9,4,332.32,5,332.79,1,333.35,2,333.36,6,335.0,2,335.91,2
2025-04-10 09:36:26,329.97,329.97,1,329.25,3,330.69,4,330.69,329.25,329.25,3,328.08,2,328.07,1,327.85,5,327.63,5,326.3,2,,,,,,,,,330.69,4,330.7,1,330.99,5,331.9,4,332.32,5,332.79,1,333.35,2,333.36,6,335.0,2,335.91,2
2025-04-10 09:36:27,329.97,329.97,1,329.25,3,330.69,4,330.69,329.25,329.25,3,328.08,2,328.07,1,327.85,5,327.63,5,326.3,2,,,,,,,,,330.69,4,330.7,1,330.99,5,331.9,4,332.32,5,332.79,1,333.35,2,333.36,6,335.0,2,335.91,2
2025-04-10 09:36:28,329.97,330.69,1,329.25,3,330.69,3,330.69,329.25,329.25,3,328.08,2,328.07,1,327.85,5,327.63,5,326.3,2,,,,,,,,,330.69,3,330.7,1,330.99,5,331.9,4,332.32,5,332.79,1,333.35,2,333.36,6,335.0,2,335.91,2
2025-04-10 09:36:29,329.97,330.69,2,329.25,4,330.69,3,330.69,329.25,329.25,4,328.08,2,328.07,1,327.85,5,327.63,5,326.3,2,,,,,,,,,330.69,3,330.7,1,330.99,5,331.9,4,332.32,5,332.79,1,333.35,2,333.36,6,335.0,2,335.91,2
2025-04-10 09:36:30,329.975,330.69,2,329.26,5,330.69,3,330.69,329.26,329.26,5,329.25,9,328.08,2,328.07,1,327.85,5,327.63,5,326.3,2,,,,,,,330.69,3,330.7,1,330.99,5,331.9,4,332.32,5,332.79,1,333.35,2,333.36,6,335.0,2,335.91,2
2025-04-10 09:36:31,329.975,330.69,2,329.26,5,330.69,3,330.69,329.26,329.26,5,329.25,9,328.08,2,328.07,1,327.85,5,327.63,5,326.3,2,,,,,,,330.69,3,330.7,1,330.99,5,331.9,4,332.32,5,332.79,1,333.35,2,333.36,6,335.0,2,335.91,2
2025-04-10 09:36:32,329.975,329.41,2,329.26,5,330.69,3,330.69,329.26,329.26,5,329.25,9,328.08,2,328.07,1,327.85,5,327.63,5,326.3,2,,,,,,,330.69,3,330.7,1,330.99,5,331.9,4,332.32,5,332.79,1,333.35,2,333.36,6,335.0,2,335.91,2
2025-04-10 09:36:33,329.975,329.41,2,329.26,5,330.69,3,330.69,329.26,329.26,5,329.25,9,328.08,2,328.07,1,327.85,5,327.63,5,326.3,2,,,,,,,330.69,3,330.7,1,330.99,5,331.9,4,332.32,5,332.79,1,333.35,2,333.36,6,335.0,2,335.91,2
2025-04-10 09:36:34,329.975,329.41,2,329.26,5,330.69,3,330.69,329.26,329.26,5,329.25,9,328.08,2,328.07,1,327.85,5,327.63,5,326.3,2,,,,,,,330.69,3,330.7,1,330.99,5,331.9,4,332.32,5,332.79,1,333.35,2,333.36,6,335.0,2,335.91,2
2025-04-10 09:36:35,329.975,329.41,2,329.26,5,330.69,3,330.69,329.26,329.26,5,329.25,9,328.08,2,328.07,1,327.85,5,327.63,5,326.3,2,,,,,,,330.69,3,330.7,1,330.99,5,331.9,4,332.32,5,332.79,1,333.35,2,333.36,6,335.0,2,335.91,2
2025-04-10 09:36:36,329.975,329.41,2,329.26,5,330.69,3,330.69,329.26,329.26,5,329.25,9,328.08,2,328.07,1,327.85,5,327.63,5,326.3,2,,,,,,,330.69,3,330.7,1,330.99,5,331.9,4,332.32,5,332.79,1,333.35,2,333.36,6,335.0,2,335.91,2
2025-04-10 09:36:37,329.975,329.98,1,329.26,5,330.69,3,330.69,329.26,329.26,5,329.25,9,328.08,2,328.07,1,327.85,5,327.63,5,326.3,2,,,,,,,330.69,3,330.7,1,330.99,5,331.9,4,332.32,5,332.79,1,333.35,2,333.36,6,335.0,2,335.91,2
2025-04-10 09:36:38,329.975,329.98,1,329.26,5,330.69,3,330.69,329.26,329.26,5,329.25,9,328.08,2,328.07,1,327.85,5,327.63,5,326.3,2,,,,,,,330.69,3,330.7,1,330.99,5,331.9,4,332.32,5,332.79,1,333.35,2,333.36,6,335.0,2,335.91,2
2025-04-10 09:36:39,329.975,329.98,1,329.26,5,330.69,3,330.69,329.26,329.26,5,329.25,9,328.08,2,328.07,1,327.85,5,327.63,5,326.3,2,,,,,,,330.69,3,330.7,1,330.99,5,331.9,4,332.32,5,332.79,1,333.35,2,333.36,6,335.0,2,335.91,2
2025-04-10 09:36:40,329.975,329.98,1,329.26,5,330.69,3,330.69,329.26,329.26,5,329.25,9,328.08,2,328.07,1,327.85,5,327.63,5,326.3,2,,,,,,,330.69,3,330.7,1,330.99,5,331.9,4,332.32,5,332.79,1,333.35,2,333.36,6,335.0,2,335.91,2
2025-04-10 09:36:41,329.975,329.98,1,329.26,4,330.69,3,330.69,329.26,329.26,4,329.25,9,328.08,2,328.07,1,327.85,5,327.63,5,326.3,2,,,,,,,330.69,3,330.7,1,330.99,5,331.9,4,332.32,5,332.79,1,333.35,2,333.36,6,335.0,2,335.91,2
2025-04-10 09:36:42,330.345,330.35,1,330.0,1,330.69,3,330.69,330.0,330.0,1,329.26,4,329.25,9,328.08,2,328.07,1,327.85,5,327.63,5,326.3,2,,,,,330.69,3,330.7,1,330.99,5,331.9,4,332.32,5,332.79,1,333.35,2,333.36,6,335.0,2,335.91,2
2025-04-10 09:36:43,330.35,330.35,1,330.01,3,330.69,3,330.69,330.01,330.01,3,330.0,1,329.26,4,329.25,9,328.08,2,328.07,1,327.85,5,327.63,5,326.3,2,,,330.69,3,330.7,1,330.99,5,331.9,4,332.32,5,332.79,1,333.35,2,333.36,6,335.0,2,335.91,2
2025-04-10 09:36:44,330.35,330.35,1,330.01,4,330.69,3,330.69,330.01,330.01,4,330.0,1,329.26,4,329.25,9,328.08,2,328.07,1,327.85,5,327.63,5,326.3,2,,,330.69,3,330.7,1,330.99,5,331.9,4,332.32,5,332.79,1,333.35,2,333.36,6,335.0,2,335.91,2
2025-04-10 09:36:45,330.35,330.35,1,330.01,4,330.69,3,330.69,330.01,330.01,4,330.0,1,329.26,4,329.25,9,328.08,2,328.07,1,327.85,5,327.63,5,326.3,2,,,330.69,3,330.7,1,330.99,5,331.9,4,332.32,5,332.79,1,333.35,2,333.36,6,335.0,2,335.91,2
2025-04-10 09:36:46,331.295,331.04,1,330.01,5,332.58,2,332.58,330.01,330.01,5,330.0,1,329.26,4,329.25,9,328.08,2,328.07,1,327.85,5,327.63,5,326.3,2,,,332.58,2,332.66,1,332.79,1,333.35,2,333.36,6,335.0,2,335.91,2,336.07,2,,,,
2025-04-10 09:36:47,331.295,331.04,1,330.01,5,332.58,3,332.58,330.01,330.01,5,330.0,1,329.26,4,329.25,9,328.08,2,328.07,1,327.85,5,327.63,5,326.3,2,,,332.58,3,332.66,1,332.79,1,333.35,2,333.36,6,335.0,2,335.91,2,336.07,2,,,,
2025-04-10 09:36:48,331.295,331.04,1,330.01,5,332.58,3,332.58,330.01,330.01,5,330.0,1,329.26,4,329.25,9,328.08,2,328.07,1,327.85,5,327.63,5,326.3,2,,,332.58,3,332.66,1,332.79,1,333.35,2,333.36,6,335.0,2,335.91,2,336.07,2,,,,
2025-04-10 09:36:49,331.385,331.04,1,330.19,3,332.58,2,332.58,330.19,330.19,3,330.01,4,330.0,1,329.26,4,329.25,9,328.08,2,328.07,1,327.85,5,327.63,5,326.3,2,332.58,2,332.66,1,332.79,1,333.35,2,333.36,6,335.0,2,335.91,2,336.07,2,,,,
2025-04-10 09:36:50,331.385,332.53,1,330.19,9,332.58,4,332.58,330.19,330.19,9,330.01,4,330.0,1,329.26,4,329.25,9,328.08,2,328.07,1,327.85,5,327.63,5,326.3,2,332.58,4,332.66,1,332.79,1,333.35,2,333.36,6,335.0,2,335.91,2,336.07,2,,,,
2025-04-10 09:36:51,331.385,332.53,1,330.19,9,332.58,5,332.58,330.19,330.19,9,330.01,4,330.0,1,329.26,4,329.25,9,328.08,2,328.07,1,327.85,5,327.63,5,326.3,2,332.58,5,332.66,1,332.79,1,333.35,2,333.36,6,335.0,2,335.91,2,336.07,2,,,,
2025-04-10 09:36:52,331.385,332.53,1,330.19,9,332.58,5,332.58,330.19,330.19,9,330.01,4,330.0,1,329.26,4,329.25,9,328.08,2,328.07,1,327.85,5,327.63,5,326.3,2,332.58,5,332.66,1,332.79,1,333.35,2,333.36,6,335.0,2,335.91,2,336.07,2,,,,
2025-04-10 09:36:53,331.385,332.53,1,330.19,9,332.58,5,332.58,330.19,330.19,9,330.01,4,330.0,1,329.26,4,329.25,9,328.08,2,328.07,1,327.85,5,327.63,5,326.3,2,332.58,5,332.66,1,332.79,1,333.35,2,333.36,6,335.0,2,335.91,2,336.07,2,,,,
2025-04-10 09:36:54,331.385,332.53,1,330.19,9,332.58,5,332.58,330.19,330.19,9,330.01,4,330.0,1,329.26,4,329.25,9,328.08,2,328.07,1,327.85,5,327.63,5,326.3,2,332.58,5,332.66,1,332.79,1,333.35,2,333.36,6,335.0,2,335.91,2,336.07,2,,,,
2025-04-10 09:36:55,331.385,332.53,1,330.19,9,332.58,5,332.58,330.19,330.19,9,330.01,4,330.0,1,329.26,4,329.25,9,328.08,2,328.07,1,327.85,5,327.63,5,326.3,2,332.58,5,332.66,1,332.79,1,333.35,2,333.36,6,335.0,2,335.91,2,336.07,2,,,,
2025-04-10 09:36:56,331.385,332.53,1,330.19,9,332.58,5,332.58,330.19,330.19,9,330.01,4,330.0,1,329.26,4,329.25,9,328.08,2,328.07,1,327.85,5,327.63,5,326.3,2,332.58,5,332.66,1,332.79,1,333.35,2,333.36,6,335.0,2,335.91,2,336.07,2,,,,
2025-04-10 09:36:57,331.385,332.53,1,330.19,9,332.58,5,332.58,330.19,330.19,9,330.01,4,330.0,1,329.26,4,329.25,9,328.08,2,328.07,1,327.85,5,327.63,5,326.3,2,332.58,5,332.66,1,332.79,1,333.35,2,333.36,6,335.0,2,335.91,2,336.07,2,,,,
2025-04-10 09:36:58,331.385,332.53,1,330.19,9,332.58,5,332.58,330.19,330.19,9,330.01,4,330.0,1,329.26,4,329.25,9,328.08,2,328.07,1,327.85,5,327.63,5,326.3,2,332.58,5,332.66,1,332.79,1,333.35,2,333.36,6,335.0,2,335.91,2,336.07,2,,,,
2025-04-10 09:36:59,331.385,332.53,1,330.19,9,332.58,5,332.58,330.19,330.19,9,330.01,4,330.0,1,329.26,4,329.25,9,328.08,2,328.07,1,327.85,5,327.63,5,326.3,2,332.58,5,332.66,1,332.79,1,333.35,2,333.36,6,335.0,2,335.91,2,336.07,2,,,,
2025-04-10 09:37:00,331.385,332.53,1,330.19,9,332.58,5,332.58,330.19,330.19,9,330.01,4,330.0,1,329.26,4,329.25,9,328.08,2,328.07,1,327.85,5,327.63,5,326.3,2,332.58,5,332.66,1,332.79,1,333.35,2,333.36,6,335.0,2,335.91,2,336.07,2,,,,
2025-04-10 09:37:01,331.385,332.53,1,330.19,9,332.58,5,332.58,330.19,330.19,9,330.01,4,330.0,1,329.26,4,329.25,9,328.08,2,328.07,1,327.85,5,327.63,5,326.3,2,332.58,5,332.66,1,332.79,1,333.35,2,333.36,6,335.0,2,335.91,2,336.07,2,,,,
2025-04-10 09:37:02,331.385,332.53,1,330.19,9,332.58,5,332.58,330.19,330.19,9,330.01,4,330.0,1,329.26,4,329.25,9,328.08,2,328.07,1,327.85,5,327.63,5,326.3,2,332.58,5,332.66,1,332.79,1,333.35,2,333.36,6,335.0,2,335.91,2,336.07,2,,,,
2025-04-10 09:37:03,331.385,332.53,1,330.19,9,332.58,5,332.58,330.19,330.19,9,330.01,4,330.0,1,329.26,4,329.25,9,328.08,2,328.07,1,327.85,5,327.63,5,326.3,2,332.58,5,332.66,1,332.79,1,333.35,2,333.36,6,335.0,2,335.91,2,336.07,2,,,,
2025-04-10 09:37:04,331.385,332.53,1,330.19,9,332.58,5,332.58,330.19,330.19,9,330.01,4,330.0,1,329.26,4,329.25,9,328.08,2,328.07,1,327.85,5,327.63,5,326.3,2,332.58,5,332.66,1,332.79,1,333.35,2,333.36,6,335.0,2,335.91,2,336.07,2,,,,
2025-04-10 09:37:05,331.095,332.53,1,330.19,9,332.0,1,332.0,330.19,330.19,9,330.01,4,330.0,1,329.26,4,329.25,9,328.08,2,328.07,1,327.85,5,327.63,5,326.3,2,332.0,1,332.36,1,332.58,5,332.66,1,332.79,1,333.35,2,333.36,6,335.0,2,335.91,2,336.07,2
2025-04-10 09:37:06,331.095,332.53,1,330.19,9,332.0,1,332.0,330.19,330.19,9,330.01,4,330.0,1,329.26,4,329.25,9,328.08,2,328.07,1,327.85,5,327.63,5,326.3,2,332.0,1,332.36,1,332.58,5,332.66,1,332.79,1,333.35,2,333.36,6,335.0,2,335.91,2,336.07,2
2025-04-10 09:37:07,331.01,332.53,1,330.19,9,331.83,1,331.83,330.19,330.19,9,330.01,4,330.0,1,329.26,4,329.25,9,328.08,2,328.07,1,327.85,5,327.63,5,326.3,2,331.83,1,332.0,1,332.36,1,332.58,5,332.66,1,332.79,1,333.35,2,333.36,6,335.0,2,335.91,2
2025-04-10 09:37:08,331.01,332.53,1,330.19,9,331.83,1,331.83,330.19,330.19,9,330.01,4,330.0,1,329.26,4,329.25,9,328.08,2,328.07,1,327.85,5,327.63,5,326.3,2,331.83,1,332.0,1,332.36,1,332.58,5,332.66,1,332.79,1,333.35,2,333.36,6,335.0,2,335.91,2
2025-04-10 09:37:09,331.05,332.53,1,330.19,8,331.91,1,331.91,330.19,330.19,8,330.01,4,330.0,1,329.26,4,329.25,9,328.08,2,328.07,1,327.85,5,327.63,5,326.3,2,331.91,1,331.92,5,332.0,1,332.36,1,332.58,5,332.66,1,332.79,1,333.35,2,333.36,6,335.0,2
2025-04-10 09:37:10,331.045,332.53,1,330.19,8,331.9,1,331.9,330.19,330.19,8,330.01,4,330.0,1,329.26,4,329.25,9,328.08,2,328.07,1,327.85,5,327.63,5,326.3,2,331.9,1,331.91,1,331.92,5,332.0,1,332.36,1,332.58,5,332.66,1,332.79,1,333.35,2,333.36,6
2025-04-10 09:37:11,330.555,330.1,1,329.54,2,331.57,3,331.57,329.54,329.54,2,329.22,1,328.08,2,328.07,1,327.85,5,327.63,5,326.3,2,,,,,,,331.57,3,331.9,1,331.91,1,331.92,5,332.0,1,332.36,1,332.58,5,332.66,1,332.79,1,333.35,2
2025-04-10 09:37:12,330.555,330.1,1,329.54,1,331.57,3,331.57,329.54,329.54,1,329.22,1,328.08,2,328.07,1,327.85,5,327.63,5,326.3,2,,,,,,,331.57,3,331.9,1,331.91,1,331.92,5,332.0,1,332.36,1,332.58,5,332.66,1,332.79,1,333.35,2
2025-04-10 09:37:13,330.555,330.1,1,329.54,2,331.57,3,331.57,329.54,329.54,2,329.22,1,328.08,2,328.07,1,327.85,5,327.63,5,326.3,2,,,,,,,331.57,3,331.9,1,331.91,1,331.92,5,332.0,1,332.36,1,332.58,5,332.66,1,332.79,1,333.35,2
2025-04-10 09:37:14,330.555,330.1,1,329.54,2,331.57,3,331.57,329.54,329.54,2,329.22,1,328.08,2,328.07,1,327.85,5,327.63,5,326.3,2,,,,,,,331.57,3,331.9,1,331.91,1,331.92,5,332.0,1,332.36,1,332.58,5,332.66,1,332.79,1,333.35,2
2025-04-10 09:37:15,330.555,330.1,1,329.54,2,331.57,3,331.57,329.54,329.54,2,329.22,1,328.08,2,328.07,1,327.85,5,327.63,5,326.3,2,,,,,,,331.57,3,331.9,1,331.91,1,331.92,5,332.0,1,332.36,1,332.58,5,332.66,1,332.79,1,333.35,2
2025-04-10 09:37:16,330.555,330.1,1,329.54,2,331.57,3,331.57,329.54,329.54,2,329.22,1,328.08,2,328.07,1,327.85,5,327.63,5,326.3,2,,,,,,,331.57,3,331.9,1,331.91,1,331.92,5,332.0,1,332.36,1,332.58,5,332.66,1,332.79,1,333.35,2
2025-04-10 09:37:17,330.555,330.1,1,329.54,2,331.57,3,331.57,329.54,329.54,2,329.22,1,328.08,2,328.07,1,327.85,5,327.63,5,326.3,2,,,,,,,331.57,3,331.9,1,331.91,1,331.92,5,332.0,1,332.36,1,332.58,5,332.66,1,332.79,1,333.35,2
2025-04-10 09:37:18,330.555,330.1,1,329.54,2,331.57,3,331.57,329.54,329.54,2,329.22,1,328.08,2,328.07,1,327.85,5,327.63,5,326.3,2,,,,,,,331.57,3,331.9,1,331.91,1,331.92,5,332.0,1,332.36,1,332.58,5,332.66,1,332.79,1,333.35,2
2025-04-10 09:37:19,330.555,330.1,1,329.54,2,331.57,3,331.57,329.54,329.54,2,329.22,1,328.08,2,328.07,1,327.85,5,327.63,5,326.3,2,,,,,,,331.57,3,331.9,1,331.91,1,331.92,5,332.0,1,332.36,1,332.58,5,332.66,1,332.79,1,333.35,2
2025-04-10 09:37:20,330.555,330.1,1,329.54,2,331.57,3,331.57,329.54,329.54,2,329.22,1,328.08,2,328.07,1,327.85,5,327.63,5,326.3,2,,,,,,,331.57,3,331.9,1,331.91,1,331.92,5,332.0,1,332.36,1,332.58,5,332.66,1,332.79,1,333.35,2
2025-04-10 09:37:21,330.555,330.1,1,329.54,2,331.57,3,331.57,329.54,329.54,2,329.22,1,328.08,2,328.07,1,327.85,5,327.63,5,326.3,2,,,,,,,331.57,3,331.9,1,331.91,1,331.92,5,332.0,1,332.36,1,332.58,5,332.66,1,332.79,1,333.35,2
2025-04-10 09:37:22,330.555,330.1,1,329.54,2,331.57,3,331.57,329.54,329.54,2,329.22,1,328.08,2,328.07,1,327.85,5,327.63,5,326.3,2,,,,,,,331.57,3,331.9,1,331.91,1,331.92,5,332.0,1,332.36,1,332.58,5,332.66,1,332.79,1,333.35,2
2025-04-10 09:37:23,330.555,330.1,1,329.54,2,331.57,3,331.57,329.54,329.54,2,329.22,1,328.08,2,328.07,1,327.85,5,327.63,5,326.3,2,,,,,,,331.57,3,331.9,1,331.91,1,331.92,5,332.0,1,332.36,1,332.58,5,332.66,1,332.79,1,333.35,2
2025-04-10 09:37:24,330.555,330.1,1,329.54,2,331.57,3,331.57,329.54,329.54,2,329.22,1,328.08,2,328.07,1,327.85,5,327.63,5,326.3,2,,,,,,,331.57,3,331.9,1,331.91,1,331.92,5,332.0,1,332.36,1,332.58,5,332.66,1,332.79,1,333.35,2
2025-04-10 09:37:25,330.185,330.1,1,329.54,1,330.83,1,330.83,329.54,329.54,1,329.22,1,328.08,2,328.07,1,327.85,5,327.63,5,326.3,2,,,,,,,330.83,1,331.02,2,331.22,2,331.57,2,331.9,1,331.91,1,331.92,5,332.0,1,332.36,1,332.58,5
2025-04-10 09:37:26,330.185,330.1,1,329.54,1,330.83,1,330.83,329.54,329.54,1,329.22,1,328.08,2,328.07,1,327.85,5,327.63,5,326.3,2,,,,,,,330.83,1,331.02,2,331.22,2,331.57,2,331.9,1,331.91,1,331.92,5,332.0,1,332.36,1,332.58,5
2025-04-10 09:37:27,330.185,330.1,1,329.54,1,330.83,1,330.83,329.54,329.54,1,329.22,1,328.08,2,328.07,1,327.85,5,327.63,5,326.3,2,,,,,,,330.83,1,331.02,2,331.22,2,331.57,2,331.9,1,331.91,1,331.92,5,332.0,1,332.36,1,332.58,5
2025-04-10 09:37:28,330.185,330.1,1,329.54,1,330.83,1,330.83,329.54,329.54,1,329.22,1,328.08,2,328.07,1,327.85,5,327.63,5,326.3,2,,,,,,,330.83,1,331.02,2,331.22,2,331.57,2,331.9,1,331.91,1,331.92,5,332.0,1,332.36,1,332.58,5
2025-04-10 09:37:29,330.185,330.1,1,329.54,1,330.83,2,330.83,329.54,329.54,1,329.22,1,328.08,2,328.07,1,327.85,5,327.63,5,326.3,2,,,,,,,330.83,2,331.02,2,331.22,2,331.57,2,331.9,1,331.91,1,331.92,5,332.0,1,332.36,1,332.58,5
2025-04-10 09:37:30,329.255,329.54,1,328.32,2,330.19,1,330.19,328.32,328.32,2,328.08,2,328.07,1,327.85,5,327.63,5,326.3,2,,,,,,,,,330.19,1,330.8,1,330.83,2,331.02,2,331.22,2,331.57,2,331.9,1,331.91,1,331.92,5,332.0,1
2025-04-10 09:37:31,329.255,329.54,1,328.32,2,330.19,3,330.19,328.32,328.32,2,328.08,2,328.07,1,327.85,5,327.63,5,326.3,2,,,,,,,,,330.19,3,330.8,1,330.83,2,331.02,2,331.22,2,331.57,2,331.9,1,331.91,1,331.92,5,332.0,1
2025-04-10 09:37:32,329.255,329.54,1,328.32,2,330.19,3,330.19,328.32,328.32,2,328.08,2,328.07,1,327.85,5,327.63,5,326.3,2,,,,,,,,,330.19,3,330.8,1,330.83,2,331.02,2,331.22,2,331.57,2,331.9,1,331.91,1,331.92,5,332.0,1
2025-04-10 09:37:33,329.255,329.54,1,328.32,2,330.19,3,330.19,328.32,328.32,2,328.08,2,328.07,1,327.85,5,327.63,5,326.3,2,,,,,,,,,330.19,3,330.8,1,330.83,2,331.02,2,331.22,2,331.57,2,331.9,1,331.91,1,331.92,5,332.0,1
2025-04-10 09:37:34,329.255,329.54,1,328.32,2,330.19,3,330.19,328.32,328.32,2,328.08,2,328.07,1,327.85,5,327.63,5,326.3,2,,,,,,,,,330.19,3,330.8,1,330.83,2,331.02,2,331.22,2,331.57,2,331.9,1,331.91,1,331.92,5,332.0,1
2025-04-10 09:37:35,329.255,329.54,1,328.32,2,330.19,3,330.19,328.32,328.32,2,328.08,2,328.07,1,327.85,5,327.63,5,326.3,2,,,,,,,,,330.19,3,330.8,1,330.83,2,331.02,2,331.22,2,331.57,2,331.9,1,331.91,1,331.92,5,332.0,1
2025-04-10 09:37:36,329.255,329.14,1,328.32,2,330.19,3,330.19,328.32,328.32,2,328.08,2,328.07,1,327.85,5,327.63,5,326.3,2,,,,,,,,,330.19,3,330.8,1,330.83,2,331.02,2,331.22,2,331.57,2,331.9,1,331.91,1,331.92,5,332.0,1
2025-04-10 09:37:37,329.255,329.14,1,328.32,2,330.19,3,330.19,328.32,328.32,2,328.08,2,328.07,1,327.85,5,327.63,5,326.3,2,,,,,,,,,330.19,3,330.8,1,330.83,2,331.02,2,331.22,2,331.57,2,331.9,1,331.91,1,331.92,5,332.0,1
2025-04-10 09:37:38,329.255,329.14,1,328.32,2,330.19,3,330.19,328.32,328.32,2,328.08,2,328.07,1,327.85,5,327.63,5,326.3,2,,,,,,,,,330.19,3,330.8,1,330.83,2,331.02,2,331.22,2,331.57,2,331.9,1,331.91,1,331.92,5,332.0,1
2025-04-10 09:37:39,329.255,329.14,1,328.32,2,330.19,3,330.19,328.32,328.32,2,328.08,2,328.07,1,327.85,5,327.63,5,326.3,2,,,,,,,,,330.19,3,330.8,1,330.83,2,331.02,2,331.22,2,331.57,2,331.9,1,331.91,1,331.92,5,332.0,1
2025-04-10 09:37:40,329.255,329.14,1,328.32,2,330.19,3,330.19,328.32,328.32,2,328.08,2,328.07,1,327.85,5,327.63,5,326.3,2,,,,,,,,,330.19,3,330.8,1,330.83,2,331.02,2,331.22,2,331.57,2,331.9,1,331.91,1,331.92,5,332.0,1
2025-04-10 09:37:41,329.255,329.14,1,328.32,2,330.19,3,330.19,328.32,328.32,2,328.08,2,328.07,1,327.85,5,327.63,5,326.3,2,,,,,,,,,330.19,3,330.8,1,330.83,2,331.02,2,331.22,2,331.57,2,331.9,1,331.91,1,331.92,5,332.0,1
2025-04-10 09:37:42,329.11,329.14,1,328.32,2,329.9,1,329.9,328.32,328.32,2,328.08,2,328.07,1,327.85,5,327.63,5,326.3,2,,,,,,,,,329.9,1,330.19,3,330.8,1,330.83,2,331.02,2,331.22,2,331.57,2,331.9,1,331.91,1,331.92,5
2025-04-10 09:37:43,329.32,329.14,1,328.74,2,329.9,1,329.9,328.74,328.74,2,328.32,2,328.08,2,328.07,1,327.85,5,327.63,5,326.3,2,,,,,,,329.9,1,330.19,3,330.8,1,330.83,2,331.02,2,331.22,2,331.57,2,331.9,1,331.91,1,331.92,5
2025-04-10 09:37:44,329.465,329.14,1,328.74,2,330.19,2,330.19,328.74,328.74,2,328.32,2,328.08,2,328.07,1,327.85,5,327.63,5,326.3,2,,,,,,,330.19,2,330.8,1,330.83,2,331.02,2,331.22,2,331.57,2,331.9,1,331.91,1,331.92,5,332.0,1
2025-04-10 09:37:45,329.425,329.14,1,328.74,2,330.11,1,330.11,328.74,328.74,2,328.32,2,328.08,2,328.07,1,327.85,5,327.63,5,326.3,2,,,,,,,330.11,1,330.19,2,330.8,1,330.83,2,331.02,2,331.22,2,331.57,2,331.9,1,331.91,1,331.92,5
2025-04-10 09:37:46,329.425,329.14,1,328.74,2,330.11,1,330.11,328.74,328.74,2,328.32,2,328.08,2,328.07,1,327.85,5,327.63,5,326.3,2,,,,,,,330.11,1,330.19,2,330.8,1,330.83,2,331.02,2,331.22,2,331.57,2,331.9,1,331.91,1,331.92,5
2025-04-10 09:37:47,329.425,329.14,1,328.74,2,330.11,1,330.11,328.74,328.74,2,328.32,2,328.08,2,328.07,1,327.85,5,327.63,5,326.3,2,,,,,,,330.11,1,330.19,2,330.8,1,330.83,2,331.02,2,331.22,2,331.57,2,331.9,1,331.91,1,331.92,5
2025-04-10 09:37:48,329.425,329.14,1,328.74,2,330.11,3,330.11,328.74,328.74,2,328.32,2,328.08,2,328.07,1,327.85,5,327.63,5,326.3,2,,,,,,,330.11,3,330.19,2,330.8,1,330.83,2,331.02,2,331.22,2,331.57,2,331.9,1,331.91,1,331.92,5
2025-04-10 09:37:49,329.425,329.14,1,328.74,2,330.11,3,330.11,328.74,328.74,2,328.32,2,328.08,2,328.07,1,327.85,5,327.63,5,326.3,2,,,,,,,330.11,3,330.19,2,330.8,1,330.83,2,331.02,2,331.22,2,331.57,2,331.9,1,331.91,1,331.92,5
2025-04-10 09:37:50,329.425,329.14,1,328.74,2,330.11,3,330.11,328.74,328.74,2,328.32,2,328.08,2,328.07,1,327.85,5,327.63,5,326.3,2,,,,,,,330.11,3,330.19,2,330.8,1,330.83,2,331.02,2,331.22,2,331.57,2,331.9,1,331.91,1,331.92,5
2025-04-10 09:37:51,329.425,329.14,1,328.74,2,330.11,3,330.11,328.74,328.74,2,328.32,2,328.08,2,328.07,1,327.85,5,327.63,5,326.3,2,,,,,,,330.11,3,330.19,2,330.8,1,330.83,2,331.02,2,331.22,2,331.57,2,331.9,1,331.91,1,331.92,5
2025-04-10 09:37:52,329.365,329.14,1,328.74,2,329.99,2,329.99,328.74,328.74,2,328.32,2,328.08,2,328.07,1,327.85,5,327.63,5,326.3,2,,,,,,,329.99,2,330.11,3,330.19,2,330.8,1,330.83,2,331.02,2,331.22,2,331.57,2,331.9,1,331.91,1
2025-04-10 09:37:53,329.32,329.14,1,328.74,2,329.9,1,329.9,328.74,328.74,2,328.32,2,328.08,2,328.07,1,327.85,5,327.63,5,326.3,2,,,,,,,329.9,1,329.99,2,330.11,3,330.19,2,330.8,1,330.83,2,331.02,2,331.22,2,331.57,2,331.9,1
2025-04-10 09:37:54,329.32,329.14,1,328.74,2,329.9,1,329.9,328.74,328.74,2,328.32,2,328.08,2,328.07,1,327.85,5,327.63,5,326.3,2,,,,,,,329.9,1,329.99,2,330.11,3,330.19,2,330.8,1,330.83,2,331.02,2,331.22,2,331.57,2,331.9,1
2025-04-10 09:37:55,329.32,329.14,1,328.74,2,329.9,2,329.9,328.74,328.74,2,328.32,2,328.08,2,328.07,1,327.85,5,327.63,5,326.3,2,,,,,,,329.9,2,329.99,2,330.11,3,330.19,2,330.8,1,330.83,2,331.02,2,331.22,2,331.57,2,331.9,1
2025-04-10 09:37:56,329.32,329.14,1,328.74,2,329.9,2,329.9,328.74,328.74,2,328.32,2,328.08,2,328.07,1,327.85,5,327.63,5,326.3,2,,,,,,,329.9,2,329.99,2,330.11,3,330.19,2,330.8,1,330.83,2,331.02,2,331.22,2,331.57,2,331.9,1
2025-04-10 09:37:57,329.32,329.14,1,328.74,2,329.9,2,329.9,328.74,328.74,2,328.32,2,328.08,2,328.07,1,327.85,5,327.63,5,326.3,2,,,,,,,329.9,2,329.99,2,330.11,3,330.19,2,330.8,1,330.83,2,331.02,2,331.22,2,331.57,2,331.9,1
2025-04-10 09:37:58,329.32,329.14,1,328.74,2,329.9,2,329.9,328.74,328.74,2,328.32,2,328.08,2,328.07,1,327.85,5,327.63,5,326.3,2,,,,,,,329.9,2,329.99,2,330.11,3,330.19,2,330.8,1,330.83,2,331.02,2,331.22,2,331.57,2,331.9,1
2025-04-10 09:37:59,329.32,329.14,1,328.74,2,329.9,2,329.9,328.74,328.74,2,328.32,2,328.08,2,328.07,1,327.85,5,327.63,5,326.3,2,,,,,,,329.9,2,329.99,2,330.11,3,330.19,2,330.8,1,330.83,2,331.02,2,331.22,2,331.57,2,331.9,1
2025-04-10 09:38:00,329.32,329.14,1,328.74,2,329.9,2,329.9,328.74,328.74,2,328.32,2,328.08,2,328.07,1,327.85,5,327.63,5,326.3,2,,,,,,,329.9,2,329.99,2,330.11,3,330.19,2,330.8,1,330.83,2,331.02,2,331.22,2,331.57,2,331.9,1
2025-04-10 09:38:01,329.32,329.14,1,328.74,2,329.9,2,329.9,328.74,328.74,2,328.32,2,328.08,2,328.07,1,327.85,5,327.63,5,326.3,2,,,,,,,329.9,2,329.99,2,330.11,3,330.19,2,330.8,1,330.83,2,331.02,2,331.22,2,331.57,2,331.9,1
2025-04-10 09:38:02,328.98,328.74,1,328.29,1,329.67,1,329.67,328.29,328.29,1,328.08,2,328.07,1,327.85,5,327.63,5,326.3,2,,,,,,,,,329.67,1,329.82,1,329.9,5,329.99,2,330.11,3,330.19,2,330.8,1,330.83,2,331.02,2,331.22,2
2025-04-10 09:38:03,328.98,328.74,1,328.29,1,329.67,1,329.67,328.29,328.29,1,328.08,2,328.07,1,327.85,5,327.63,5,326.3,2,,,,,,,,,329.67,1,329.82,1,329.9,5,329.99,2,330.11,3,330.19,2,330.8,1,330.83,2,331.02,2,331.22,2
2025-04-10 09:38:04,328.98,328.74,1,328.29,1,329.67,1,329.67,328.29,328.29,1,328.08,2,328.07,1,327.85,5,327.63,5,326.3,2,,,,,,,,,329.67,1,329.82,1,329.9,5,329.99,2,330.11,3,330.19,2,330.8,1,330.83,2,331.02,2,331.22,2
2025-04-10 09:38:05,328.98,328.74,1,328.29,1,329.67,1,329.67,328.29,328.29,1,328.08,2,328.07,1,327.85,5,327.63,5,326.3,2,,,,,,,,,329.67,1,329.82,1,329.9,5,329.99,2,330.11,3,330.19,2,330.8,1,330.83,2,331.02,2,331.22,2
2025-04-10 09:38:06,328.98,328.74,1,328.29,1,329.67,1,329.67,328.29,328.29,1,328.08,2,328.07,1,327.85,5,327.63,5,326.3,2,,,,,,,,,329.67,1,329.82,1,329.9,5,329.99,2,330.11,3,330.19,2,330.8,1,330.83,2,331.02,2,331.22,2
2025-04-10 09:38:07,328.98,328.74,1,328.29,1,329.67,1,329.67,328.29,328.29,1,328.08,2,328.07,1,327.85,5,327.63,5,326.3,2,,,,,,,,,329.67,1,329.82,1,329.9,5,329.99,2,330.11,3,330.19,2,330.8,1,330.83,2,331.02,2,331.22,2
2025-04-10 09:38:08,328.98,328.74,1,328.29,1,329.67,1,329.67,328.29,328.29,1,328.08,2,328.07,1,327.85,5,327.63,5,326.3,2,,,,,,,,,329.67,1,329.82,1,329.9,5,329.99,2,330.11,3,330.19,2,330.8,1,330.83,2,331.02,2,331.22,2
2025-04-10 09:38:09,328.98,328.74,1,328.29,1,329.67,1,329.67,328.29,328.29,1,328.08,2,328.07,1,327.85,5,327.63,5,326.3,2,,,,,,,,,329.67,1,329.82,1,329.9,5,329.99,2,330.11,3,330.19,2,330.8,1,330.83,2,331.02,2,331.22,2
2025-04-10 09:38:10,328.98,328.74,1,328.29,1,329.67,1,329.67,328.29,328.29,1,328.08,2,328.07,1,327.85,5,327.63,5,326.3,2,,,,,,,,,329.67,1,329.82,1,329.9,5,329.99,2,330.11,3,330.19,2,330.8,1,330.83,2,331.02,2,331.22,2
2025-04-10 09:38:11,328.98,328.74,1,328.29,1,329.67,1,329.67,328.29,328.29,1,328.08,2,328.07,1,327.85,5,327.63,5,326.3,2,,,,,,,,,329.67,1,329.82,1,329.9,5,329.99,2,330.11,3,330.19,2,330.8,1,330.83,2,331.02,2,331.22,2
2025-04-10 09:38:12,328.98,328.74,1,328.29,1,329.67,1,329.67,328.29,328.29,1,328.08,2,328.07,1,327.85,5,327.63,5,326.3,2,,,,,,,,,329.67,1,329.82,1,329.9,5,329.99,2,330.11,3,330.19,2,330.8,1,330.83,2,331.02,2,331.22,2
2025-04-10 09:38:13,328.98,328.74,1,328.29,1,329.67,1,329.67,328.29,328.29,1,328.08,2,328.07,1,327.85,5,327.63,5,326.3,2,,,,,,,,,329.67,1,329.82,1,329.9,5,329.99,2,330.11,3,330.19,2,330.8,1,330.83,2,331.02,2,331.22,2
2025-04-10 09:38:14,328.98,328.74,1,328.29,1,329.67,1,329.67,328.29,328.29,1,328.08,2,328.07,1,327.85,5,327.63,5,326.3,2,,,,,,,,,329.67,1,329.82,1,329.9,5,329.99,2,330.11,3,330.19,2,330.8,1,330.83,2,331.02,2,331.22,2
2025-04-10 09:38:15,328.98,328.74,1,328.29,1,329.67,1,329.67,328.29,328.29,1,328.08,2,328.07,1,327.85,5,327.63,5,326.3,2,,,,,,,,,329.67,1,329.82,1,329.9,5,329.99,2,330.11,3,330.19,2,330.8,1,330.83,2,331.02,2,331.22,2
2025-04-10 09:38:16,328.98,328.74,1,328.29,1,329.67,4,329.67,328.29,328.29,1,328.08,2,328.07,1,327.85,5,327.63,5,326.3,2,,,,,,,,,329.67,4,329.82,1,329.9,5,329.99,2,330.11,3,330.19,2,330.8,1,330.83,2,331.02,2,331.22,2
2025-04-10 09:38:17,328.98,328.74,1,328.29,1,329.67,4,329.67,328.29,328.29,1,328.08,2,328.07,1,327.85,5,327.63,5,326.3,2,,,,,,,,,329.67,4,329.82,1,329.9,5,329.99,2,330.11,3,330.19,2,330.8,1,330.83,2,331.02,2,331.22,2
2025-04-10 09:38:18,328.98,328.74,1,328.29,1,329.67,4,329.67,328.29,328.29,1,328.08,2,328.07,1,327.85,5,327.63,5,326.3,2,,,,,,,,,329.67,4,329.82,1,329.9,5,329.99,2,330.11,3,330.19,2,330.8,1,330.83,2,331.02,2,331.22,2
2025-04-10 09:38:19,328.98,328.74,1,328.29,1,329.67,4,329.67,328.29,328.29,1,328.08,2,328.07,1,327.85,5,327.63,5,326.3,2,,,,,,,,,329.67,4,329.82,1,329.9,5,329.99,2,330.11,3,330.19,2,330.8,1,330.83,2,331.02,2,331.22,2
2025-04-10 09:38:20,328.98,328.98,11,328.29,1,329.67,4,329.67,328.29,328.29,1,328.08,2,328.07,1,327.85,5,327.63,5,326.3,2,,,,,,,,,329.67,4,329.82,1,329.9,5,329.99,2,330.11,3,330.19,2,330.8,1,330.83,2,331.02,2,331.22,2
2025-04-10 09:38:21,328.98,328.98,11,328.29,1,329.67,4,329.67,328.29,328.29,1,328.08,2,328.07,1,327.85,5,327.63,5,326.3,2,,,,,,,,,329.67,4,329.82,1,329.9,5,329.99,2,330.11,3,330.19,2,330.8,1,330.83,2,331.02,2,331.22,2
2025-04-10 09:38:22,328.98,328.98,11,328.29,1,329.67,4,329.67,328.29,328.29,1,328.08,2,328.07,1,327.85,5,327.63,5,326.3,2,,,,,,,,,329.67,4,329.82,1,329.9,5,329.99,2,330.11,3,330.19,2,330.8,1,330.83,2,331.02,2,331.22,2
2025-04-10 09:38:24,328.98,328.99,1,328.29,1,329.67,4,329.67,328.29,328.29,1,328.08,2,328.07,1,327.85,5,327.63,5,326.3,2,,,,,,,,,329.67,4,329.82,1,329.9,5,329.99,2,330.11,3,330.19,2,330.8,1,330.83,2,331.02,2,331.22,2
2025-04-10 09:38:25,328.98,328.99,1,328.29,1,329.67,4,329.67,328.29,328.29,1,328.08,2,328.07,1,327.85,5,327.63,5,326.3,2,,,,,,,,,329.67,4,329.82,1,329.9,5,329.99,2,330.11,3,330.19,2,330.8,1,330.83,2,331.02,2,331.22,2
2025-04-10 09:38:25,328.98,328.99,1,328.29,1,329.67,4,329.67,328.29,328.29,1,328.08,2,328.07,1,327.85,5,327.63,5,326.3,2,,,,,,,,,329.67,4,329.82,1,329.9,5,329.99,2,330.11,3,330.19,2,330.8,1,330.83,2,331.02,2,331.22,2
2025-04-10 09:38:27,328.98,328.99,1,328.29,1,329.67,4,329.67,328.29,328.29,1,328.08,2,328.07,1,327.85,5,327.63,5,326.3,2,,,,,,,,,329.67,4,329.82,1,329.9,5,329.99,2,330.11,3,330.19,2,330.8,1,330.83,2,331.02,2,331.22,2
2025-04-10 09:38:28,328.98,328.98,1,328.29,1,329.67,4,329.67,328.29,328.29,1,328.08,2,328.07,1,327.85,5,327.63,5,326.3,2,,,,,,,,,329.67,4,329.82,1,329.9,5,329.99,2,330.11,3,330.19,2,330.8,1,330.83,2,331.02,2,331.22,2
2025-04-10 09:38:29,328.98,328.98,1,328.29,1,329.67,4,329.67,328.29,328.29,1,328.08,2,328.07,1,327.85,5,327.63,5,326.3,2,,,,,,,,,329.67,4,329.82,1,329.9,5,329.99,2,330.11,3,330.19,2,330.8,1,330.83,2,331.02,2,331.22,2
2025-04-10 09:38:30,328.98,328.98,1,328.29,1,329.67,3,329.67,328.29,328.29,1,328.08,2,328.07,1,327.85,5,327.63,5,326.3,2,,,,,,,,,329.67,3,329.82,1,329.9,5,329.99,2,330.11,3,330.19,2,330.8,1,330.83,2,331.02,2,331.22,2
2025-04-10 09:38:31,328.98,328.98,1,328.29,1,329.67,3,329.67,328.29,328.29,1,328.08,2,328.07,1,327.85,5,327.63,5,326.3,2,,,,,,,,,329.67,3,329.82,1,329.9,5,329.99,2,330.11,3,330.19,2,330.8,1,330.83,2,331.02,2,331.22,2
2025-04-10 09:38:32,328.98,328.98,1,328.29,1,329.67,3,329.67,328.29,328.29,1,328.08,2,328.07,1,327.85,5,327.63,5,326.3,2,,,,,,,,,329.67,3,329.82,1,329.9,5,329.99,2,330.11,3,330.19,2,330.8,1,330.83,2,331.02,2,331.22,2
2025-04-10 09:38:33,328.98,328.98,1,328.29,1,329.67,3,329.67,328.29,328.29,1,328.08,2,328.07,1,327.85,5,327.63,5,326.3,2,,,,,,,,,329.67,3,329.82,1,329.9,5,329.99,2,330.11,3,330.19,2,330.8,1,330.83,2,331.02,2,331.22,2
2025-04-10 09:38:34,328.98,328.98,1,328.29,1,329.67,3,329.67,328.29,328.29,1,328.08,2,328.07,1,327.85,5,327.63,5,326.3,2,,,,,,,,,329.67,3,329.82,1,329.9,5,329.99,2,330.11,3,330.19,2,330.8,1,330.83,2,331.02,2,331.22,2
2025-04-10 09:38:35,328.98,328.98,1,328.29,1,329.67,3,329.67,328.29,328.29,1,328.08,2,328.07,1,327.85,5,327.63,5,326.3,2,,,,,,,,,329.67,3,329.82,1,329.9,5,329.99,2,330.11,3,330.19,2,330.8,1,330.83,2,331.02,2,331.22,2
2025-04-10 09:38:36,328.98,328.98,1,328.29,1,329.67,3,329.67,328.29,328.29,1,328.08,2,328.07,1,327.85,5,327.63,5,326.3,2,,,,,,,,,329.67,3,329.82,1,329.9,5,329.99,2,330.11,3,330.19,2,330.8,1,330.83,2,331.02,2,331.22,2
2025-04-10 09:38:37,328.98,328.99,1,328.29,1,329.67,3,329.67,328.29,328.29,1,328.08,2,328.07,1,327.85,5,327.63,5,326.3,2,,,,,,,,,329.67,3,329.82,1,329.9,5,329.99,2,330.11,3,330.19,2,330.8,1,330.83,2,331.02,2,331.22,2
2025-04-10 09:38:38,328.98,328.99,1,328.29,1,329.67,3,329.67,328.29,328.29,1,328.08,2,328.07,1,327.85,5,327.63,5,326.3,2,,,,,,,,,329.67,3,329.82,1,329.9,5,329.99,2,330.11,3,330.19,2,330.8,1,330.83,2,331.02,2,331.22,2
2025-04-10 09:38:39,328.98,328.99,1,328.29,1,329.67,3,329.67,328.29,328.29,1,328.08,2,328.07,1,327.85,5,327.63,5,326.3,2,,,,,,,,,329.67,3,329.82,1,329.9,5,329.99,2,330.11,3,330.19,2,330.8,1,330.83,2,331.02,2,331.22,2
2025-04-10 09:38:40,328.98,328.99,1,328.29,1,329.67,3,329.67,328.29,328.29,1,328.08,2,328.07,1,327.85,5,327.63,5,326.3,2,,,,,,,,,329.67,3,329.82,1,329.9,5,329.99,2,330.11,3,330.19,2,330.8,1,330.83,2,331.02,2,331.22,2
2025-04-10 09:38:41,328.98,328.99,1,328.29,1,329.67,3,329.67,328.29,328.29,1,328.08,2,328.07,1,327.85,5,327.63,5,326.3,2,,,,,,,,,329.67,3,329.82,1,329.9,5,329.99,2,330.11,3,330.19,2,330.8,1,330.83,2,331.02,2,331.22,2
