sim_time,mid_price,last_price,last_size,best_bid_price,best_bid_size,best_ask_price,best_ask_size,close_price_buy,close_price_sell,bid1_price,bid1_size,bid2_price,bid2_size,bid3_price,bid3_size,bid4_price,bid4_size,bid5_price,bid5_size,bid6_price,bid6_size,bid7_price,bid7_size,bid8_price,bid8_size,bid9_price,bid9_size,bid10_price,bid10_size,ask1_price,ask1_size,ask2_price,ask2_size,ask3_price,ask3_size,ask4_price,ask4_size,ask5_price,ask5_size,ask6_price,ask6_size,ask7_price,ask7_size,ask8_price,ask8_size,ask9_price,ask9_size,ask10_price,ask10_size
2025-04-10 09:30:11,,0.0,0,0.0,0,0.0,0,0.0,0.0,,,,,,,,,,,,,,,,,,,,,,,,,,,,,,,,,,,,,,,,
2025-04-10 09:30:12,,0.0,0,0.0,0,0.0,0,0.0,0.0,,,,,,,,,,,,,,,,,,,,,,,,,,,,,,,,,,,,,,,,
2025-04-10 09:30:14,,0.0,0,0.0,0,0.0,0,0.0,0.0,,,,,,,,,,,,,,,,,,,,,,,,,,,,,,,,,,,,,,,,
2025-04-10 09:30:15,,0.0,0,0.0,0,0.0,0,0.0,0.0,,,,,,,,,,,,,,,,,,,,,,,,,,,,,,,,,,,,,,,,
2025-04-10 09:30:16,,0.0,0,0.0,0,0.0,0,0.0,0.0,,,,,,,,,,,,,,,,,,,,,,,,,,,,,,,,,,,,,,,,
2025-04-10 09:30:17,246.615,246.51,1,245.83,2,247.4,3,247.4,245.83,245.83,2,245.61,2,243.9,3,243.89,2,,,,,,,,,,,,,247.4,3,248.92,4,,,,,,,,,,,,,,,,
2025-04-10 09:30:18,246.615,246.51,1,245.83,2,247.4,3,247.4,245.83,245.83,2,245.61,2,243.9,3,243.89,2,,,,,,,,,,,,,247.4,3,248.92,4,,,,,,,,,,,,,,,,
2025-04-10 09:30:19,246.615,246.51,1,245.83,2,247.4,3,247.4,245.83,245.83,2,245.61,2,243.9,3,243.89,2,,,,,,,,,,,,,247.4,3,248.92,4,,,,,,,,,,,,,,,,
2025-04-10 09:30:20,246.615,246.51,1,245.83,2,247.4,3,247.4,245.83,245.83,2,245.61,2,243.9,3,243.89,2,,,,,,,,,,,,,247.4,3,248.92,4,,,,,,,,,,,,,,,,
2025-04-10 09:30:21,246.615,246.51,1,245.83,2,247.4,3,247.4,245.83,245.83,2,245.61,2,243.9,3,243.89,2,,,,,,,,,,,,,247.4,3,248.92,4,,,,,,,,,,,,,,,,
2025-04-10 09:30:22,246.615,246.51,1,245.83,2,247.4,3,247.4,245.83,245.83,2,245.61,2,243.9,3,243.89,2,,,,,,,,,,,,,247.4,3,248.92,4,,,,,,,,,,,,,,,,
2025-04-10 09:30:23,246.615,246.51,1,245.83,2,247.4,3,247.4,245.83,245.83,2,245.61,2,243.9,3,243.89,2,,,,,,,,,,,,,247.4,3,248.92,4,,,,,,,,,,,,,,,,
2025-04-10 09:30:24,246.615,246.51,1,245.83,2,247.4,3,247.4,245.83,245.83,2,245.61,2,243.9,3,243.89,2,,,,,,,,,,,,,247.4,3,248.92,4,,,,,,,,,,,,,,,,
2025-04-10 09:30:25,246.615,246.51,1,245.83,2,247.4,3,247.4,245.83,245.83,2,245.61,2,243.9,3,243.89,2,,,,,,,,,,,,,247.4,3,248.92,4,,,,,,,,,,,,,,,,
2025-04-10 09:30:26,246.615,246.51,1,245.83,2,247.4,3,247.4,245.83,245.83,2,245.61,2,243.9,3,243.89,2,,,,,,,,,,,,,247.4,3,248.92,4,,,,,,,,,,,,,,,,
2025-04-10 09:30:27,246.615,246.51,1,245.83,2,247.4,5,247.4,245.83,245.83,2,245.61,2,243.9,3,243.89,2,,,,,,,,,,,,,247.4,5,248.92,4,,,,,,,,,,,,,,,,
2025-04-10 09:30:28,246.615,246.51,1,245.83,2,247.4,5,247.4,245.83,245.83,2,245.61,2,243.9,3,243.89,2,,,,,,,,,,,,,247.4,5,248.92,4,,,,,,,,,,,,,,,,
2025-04-10 09:30:29,246.615,246.51,1,245.83,2,247.4,5,247.4,245.83,245.83,2,245.61,2,243.9,3,243.89,2,,,,,,,,,,,,,247.4,5,248.92,4,,,,,,,,,,,,,,,,
2025-04-10 09:30:30,246.615,246.51,1,245.83,2,247.4,5,247.4,245.83,245.83,2,245.61,2,243.9,3,243.89,2,,,,,,,,,,,,,247.4,5,248.92,4,,,,,,,,,,,,,,,,
2025-04-10 09:30:31,246.615,246.51,1,245.83,2,247.4,5,247.4,245.83,245.83,2,245.61,2,243.9,3,243.89,2,,,,,,,,,,,,,247.4,5,248.92,4,,,,,,,,,,,,,,,,
2025-04-10 09:30:32,246.615,246.51,1,245.83,2,247.4,5,247.4,245.83,245.83,2,245.61,2,243.9,3,243.89,2,,,,,,,,,,,,,247.4,5,248.92,4,,,,,,,,,,,,,,,,
2025-04-10 09:30:33,246.615,246.51,1,245.83,2,247.4,5,247.4,245.83,245.83,2,245.61,2,243.9,3,243.89,2,,,,,,,,,,,,,247.4,5,248.92,4,,,,,,,,,,,,,,,,
2025-04-10 09:30:34,246.615,246.51,1,245.83,2,247.4,5,247.4,245.83,245.83,2,245.61,2,243.9,3,243.89,2,,,,,,,,,,,,,247.4,5,248.92,4,,,,,,,,,,,,,,,,
2025-04-10 09:30:35,246.615,246.51,1,245.83,2,247.4,5,247.4,245.83,245.83,2,245.61,2,243.9,3,243.89,2,,,,,,,,,,,,,247.4,5,248.92,4,,,,,,,,,,,,,,,,
2025-04-10 09:30:36,246.615,246.51,1,245.83,2,247.4,5,247.4,245.83,245.83,2,245.61,2,243.9,3,243.89,2,,,,,,,,,,,,,247.4,5,248.92,4,,,,,,,,,,,,,,,,
2025-04-10 09:30:37,246.615,246.51,1,245.83,2,247.4,5,247.4,245.83,245.83,2,245.61,2,243.9,3,243.89,2,,,,,,,,,,,,,247.4,5,248.92,4,,,,,,,,,,,,,,,,
2025-04-10 09:30:38,246.615,246.51,1,245.83,2,247.4,5,247.4,245.83,245.83,2,245.61,2,243.9,3,243.89,2,,,,,,,,,,,,,247.4,5,248.92,4,,,,,,,,,,,,,,,,
2025-04-10 09:30:39,246.615,246.51,1,245.83,2,247.4,5,247.4,245.83,245.83,2,245.61,2,243.9,3,243.89,2,,,,,,,,,,,,,247.4,5,248.92,4,,,,,,,,,,,,,,,,
2025-04-10 09:30:40,246.615,246.51,1,245.83,2,247.4,5,247.4,245.83,245.83,2,245.61,2,243.9,3,243.89,2,,,,,,,,,,,,,247.4,5,248.92,4,,,,,,,,,,,,,,,,
2025-04-10 09:30:41,246.615,246.51,1,245.83,2,247.4,5,247.4,245.83,245.83,2,245.61,2,243.9,3,243.89,2,,,,,,,,,,,,,247.4,5,248.92,4,,,,,,,,,,,,,,,,
2025-04-10 09:30:42,246.615,246.51,1,245.83,2,247.4,5,247.4,245.83,245.83,2,245.61,2,243.9,3,243.89,2,,,,,,,,,,,,,247.4,5,248.92,4,,,,,,,,,,,,,,,,
2025-04-10 09:30:43,246.615,246.51,1,245.83,2,247.4,5,247.4,245.83,245.83,2,245.61,2,243.9,3,243.89,2,,,,,,,,,,,,,247.4,5,248.92,4,,,,,,,,,,,,,,,,
2025-04-10 09:30:44,246.615,246.51,1,245.83,2,247.4,5,247.4,245.83,245.83,2,245.61,2,243.9,3,243.89,2,,,,,,,,,,,,,247.4,5,248.92,4,,,,,,,,,,,,,,,,
2025-04-10 09:30:45,246.615,246.51,1,245.83,2,247.4,5,247.4,245.83,245.83,2,245.61,2,243.9,3,243.89,2,,,,,,,,,,,,,247.4,5,248.92,4,,,,,,,,,,,,,,,,
2025-04-10 09:30:46,246.615,246.51,1,245.83,2,247.4,5,247.4,245.83,245.83,2,245.61,2,243.9,3,243.89,2,,,,,,,,,,,,,247.4,5,248.92,4,,,,,,,,,,,,,,,,
2025-04-10 09:30:47,246.615,246.51,1,245.83,2,247.4,5,247.4,245.83,245.83,2,245.61,2,243.9,3,243.89,2,,,,,,,,,,,,,247.4,5,248.92,4,,,,,,,,,,,,,,,,
2025-04-10 09:30:48,246.615,246.51,1,245.83,2,247.4,5,247.4,245.83,245.83,2,245.61,2,243.9,3,243.89,2,,,,,,,,,,,,,247.4,5,248.92,4,,,,,,,,,,,,,,,,
2025-04-10 09:30:49,246.615,246.51,1,245.83,2,247.4,5,247.4,245.83,245.83,2,245.61,2,243.9,3,243.89,2,,,,,,,,,,,,,247.4,5,248.92,4,,,,,,,,,,,,,,,,
2025-04-10 09:30:50,246.615,246.51,1,245.83,2,247.4,5,247.4,245.83,245.83,2,245.61,2,243.9,3,243.89,2,,,,,,,,,,,,,247.4,5,248.92,4,,,,,,,,,,,,,,,,
2025-04-10 09:30:51,246.615,246.51,1,245.83,2,247.4,5,247.4,245.83,245.83,2,245.61,2,243.9,3,243.89,2,,,,,,,,,,,,,247.4,5,248.92,4,,,,,,,,,,,,,,,,
2025-04-10 09:30:52,246.615,246.51,1,245.83,2,247.4,5,247.4,245.83,245.83,2,245.61,2,243.9,3,243.89,2,,,,,,,,,,,,,247.4,5,248.92,4,,,,,,,,,,,,,,,,
2025-04-10 09:30:53,246.615,246.51,1,245.83,2,247.4,5,247.4,245.83,245.83,2,245.61,2,243.9,3,243.89,2,,,,,,,,,,,,,247.4,5,248.92,4,,,,,,,,,,,,,,,,
2025-04-10 09:30:54,246.615,246.51,1,245.83,2,247.4,5,247.4,245.83,245.83,2,245.61,2,243.9,3,243.89,2,,,,,,,,,,,,,247.4,5,248.92,4,,,,,,,,,,,,,,,,
2025-04-10 09:30:55,246.615,246.51,1,245.83,2,247.4,5,247.4,245.83,245.83,2,245.61,2,243.9,3,243.89,2,,,,,,,,,,,,,247.4,5,248.92,4,,,,,,,,,,,,,,,,
2025-04-10 09:30:56,246.615,246.51,1,245.83,2,247.4,5,247.4,245.83,245.83,2,245.61,2,243.9,3,243.89,2,,,,,,,,,,,,,247.4,5,248.92,4,,,,,,,,,,,,,,,,
2025-04-10 09:30:57,246.615,246.51,1,245.83,2,247.4,5,247.4,245.83,245.83,2,245.61,2,243.9,3,243.89,2,,,,,,,,,,,,,247.4,5,248.92,4,,,,,,,,,,,,,,,,
2025-04-10 09:30:58,246.615,246.51,1,245.83,2,247.4,5,247.4,245.83,245.83,2,245.61,2,243.9,3,243.89,2,,,,,,,,,,,,,247.4,5,248.92,4,,,,,,,,,,,,,,,,
2025-04-10 09:30:59,246.615,246.51,1,245.83,2,247.4,5,247.4,245.83,245.83,2,245.61,2,243.9,3,243.89,2,,,,,,,,,,,,,247.4,5,248.92,4,,,,,,,,,,,,,,,,
2025-04-10 09:31:00,246.615,246.51,1,245.83,2,247.4,5,247.4,245.83,245.83,2,245.61,2,243.9,3,243.89,2,,,,,,,,,,,,,247.4,5,248.92,4,,,,,,,,,,,,,,,,
2025-04-10 09:31:01,246.615,246.51,1,245.83,2,247.4,5,247.4,245.83,245.83,2,245.61,2,243.9,3,243.89,2,,,,,,,,,,,,,247.4,5,248.92,4,,,,,,,,,,,,,,,,
2025-04-10 09:31:02,246.615,246.51,1,245.83,2,247.4,5,247.4,245.83,245.83,2,245.61,2,243.9,3,243.89,2,,,,,,,,,,,,,247.4,5,248.92,4,,,,,,,,,,,,,,,,
2025-04-10 09:31:03,246.615,246.51,1,245.83,2,247.4,5,247.4,245.83,245.83,2,245.61,2,243.9,3,243.89,2,,,,,,,,,,,,,247.4,5,248.92,4,,,,,,,,,,,,,,,,
2025-04-10 09:31:04,246.615,246.51,1,245.83,2,247.4,5,247.4,245.83,245.83,2,245.61,2,243.9,3,243.89,2,,,,,,,,,,,,,247.4,5,248.92,4,,,,,,,,,,,,,,,,
2025-04-10 09:31:05,246.615,246.51,1,245.83,2,247.4,5,247.4,245.83,245.83,2,245.61,2,243.9,3,243.89,2,,,,,,,,,,,,,247.4,5,248.92,4,,,,,,,,,,,,,,,,
2025-04-10 09:31:06,246.615,246.51,1,245.83,2,247.4,5,247.4,245.83,245.83,2,245.61,2,243.9,3,243.89,2,,,,,,,,,,,,,247.4,5,248.92,4,,,,,,,,,,,,,,,,
2025-04-10 09:31:07,246.615,246.51,1,245.83,2,247.4,5,247.4,245.83,245.83,2,245.61,2,243.9,3,243.89,2,,,,,,,,,,,,,247.4,5,248.92,4,,,,,,,,,,,,,,,,
2025-04-10 09:31:08,246.615,246.51,1,245.83,2,247.4,5,247.4,245.83,245.83,2,245.61,2,243.9,3,243.89,2,,,,,,,,,,,,,247.4,5,248.92,4,,,,,,,,,,,,,,,,
2025-04-10 09:31:09,246.615,246.51,1,245.83,2,247.4,5,247.4,245.83,245.83,2,245.61,2,243.9,3,243.89,2,,,,,,,,,,,,,247.4,5,248.92,4,,,,,,,,,,,,,,,,
2025-04-10 09:31:10,246.615,246.51,1,245.83,2,247.4,5,247.4,245.83,245.83,2,245.61,2,243.9,3,243.89,2,,,,,,,,,,,,,247.4,5,248.92,4,,,,,,,,,,,,,,,,
2025-04-10 09:31:11,246.615,246.51,1,245.83,2,247.4,5,247.4,245.83,245.83,2,245.61,2,243.9,3,243.89,2,,,,,,,,,,,,,247.4,5,248.92,4,,,,,,,,,,,,,,,,
2025-04-10 09:31:12,246.615,246.51,1,245.83,2,247.4,5,247.4,245.83,245.83,2,245.61,2,243.9,3,243.89,2,,,,,,,,,,,,,247.4,5,248.92,4,,,,,,,,,,,,,,,,
2025-04-10 09:31:13,246.615,246.51,1,245.83,2,247.4,5,247.4,245.83,245.83,2,245.61,2,243.9,3,243.89,2,,,,,,,,,,,,,247.4,5,248.92,4,,,,,,,,,,,,,,,,
2025-04-10 09:31:14,246.615,246.51,1,245.83,2,247.4,5,247.4,245.83,245.83,2,245.61,2,243.9,3,243.89,2,,,,,,,,,,,,,247.4,5,248.92,4,,,,,,,,,,,,,,,,
2025-04-10 09:31:15,246.615,246.51,1,245.83,2,247.4,5,247.4,245.83,245.83,2,245.61,2,243.9,3,243.89,2,,,,,,,,,,,,,247.4,5,248.92,4,,,,,,,,,,,,,,,,
2025-04-10 09:31:16,246.615,246.51,1,245.83,2,247.4,5,247.4,245.83,245.83,2,245.61,2,243.9,3,243.89,2,,,,,,,,,,,,,247.4,5,248.92,4,,,,,,,,,,,,,,,,
2025-04-10 09:31:17,246.615,246.51,1,245.83,2,247.4,5,247.4,245.83,245.83,2,245.61,2,243.9,3,243.89,2,,,,,,,,,,,,,247.4,5,248.92,4,,,,,,,,,,,,,,,,
2025-04-10 09:31:18,246.615,246.51,1,245.83,2,247.4,5,247.4,245.83,245.83,2,245.61,2,243.9,3,243.89,2,,,,,,,,,,,,,247.4,5,248.92,4,,,,,,,,,,,,,,,,
2025-04-10 09:31:19,246.615,246.51,1,245.83,2,247.4,5,247.4,245.83,245.83,2,245.61,2,243.9,3,243.89,2,,,,,,,,,,,,,247.4,5,248.92,4,,,,,,,,,,,,,,,,
2025-04-10 09:31:20,246.615,246.51,1,245.83,2,247.4,5,247.4,245.83,245.83,2,245.61,2,243.9,3,243.89,2,,,,,,,,,,,,,247.4,5,248.92,4,,,,,,,,,,,,,,,,
2025-04-10 09:31:21,246.615,246.51,1,245.83,2,247.4,5,247.4,245.83,245.83,2,245.61,2,243.9,3,243.89,2,,,,,,,,,,,,,247.4,5,248.92,4,,,,,,,,,,,,,,,,
2025-04-10 09:31:22,246.615,246.51,1,245.83,2,247.4,5,247.4,245.83,245.83,2,245.61,2,243.9,3,243.89,2,,,,,,,,,,,,,247.4,5,248.92,4,,,,,,,,,,,,,,,,
2025-04-10 09:31:23,246.615,246.51,1,245.83,2,247.4,5,247.4,245.83,245.83,2,245.61,2,243.9,3,243.89,2,,,,,,,,,,,,,247.4,5,248.92,4,,,,,,,,,,,,,,,,
2025-04-10 09:31:24,246.615,246.51,1,245.83,2,247.4,5,247.4,245.83,245.83,2,245.61,2,243.9,3,243.89,2,,,,,,,,,,,,,247.4,5,248.92,4,,,,,,,,,,,,,,,,
2025-04-10 09:31:25,246.615,246.51,1,245.83,2,247.4,5,247.4,245.83,245.83,2,245.61,2,243.9,3,243.89,2,,,,,,,,,,,,,247.4,5,248.92,4,,,,,,,,,,,,,,,,
2025-04-10 09:31:26,246.615,246.51,1,245.83,2,247.4,5,247.4,245.83,245.83,2,245.61,2,243.9,3,243.89,2,,,,,,,,,,,,,247.4,5,248.92,4,,,,,,,,,,,,,,,,
2025-04-10 09:31:27,246.615,246.51,1,245.83,2,247.4,5,247.4,245.83,245.83,2,245.61,2,243.9,3,243.89,2,,,,,,,,,,,,,247.4,5,248.92,4,,,,,,,,,,,,,,,,
2025-04-10 09:31:28,246.615,246.51,1,245.83,2,247.4,5,247.4,245.83,245.83,2,245.61,2,243.9,3,243.89,2,,,,,,,,,,,,,247.4,5,248.92,4,,,,,,,,,,,,,,,,
2025-04-10 09:31:29,246.615,246.51,1,245.83,2,247.4,5,247.4,245.83,245.83,2,245.61,2,243.9,3,243.89,2,,,,,,,,,,,,,247.4,5,248.92,4,,,,,,,,,,,,,,,,
2025-04-10 09:31:30,246.615,246.51,1,245.83,2,247.4,5,247.4,245.83,245.83,2,245.61,2,243.9,3,243.89,2,,,,,,,,,,,,,247.4,5,248.92,4,,,,,,,,,,,,,,,,
2025-04-10 09:31:31,246.615,246.51,1,245.83,2,247.4,5,247.4,245.83,245.83,2,245.61,2,243.9,3,243.89,2,,,,,,,,,,,,,247.4,5,248.92,4,,,,,,,,,,,,,,,,
2025-04-10 09:31:32,246.615,246.51,1,245.83,2,247.4,5,247.4,245.83,245.83,2,245.61,2,243.9,3,243.89,2,,,,,,,,,,,,,247.4,5,248.92,4,,,,,,,,,,,,,,,,
2025-04-10 09:31:33,246.615,246.51,1,245.83,2,247.4,5,247.4,245.83,245.83,2,245.61,2,243.9,3,243.89,2,,,,,,,,,,,,,247.4,5,248.92,4,,,,,,,,,,,,,,,,
2025-04-10 09:31:34,246.615,246.51,1,245.83,2,247.4,5,247.4,245.83,245.83,2,245.61,2,243.9,3,243.89,2,,,,,,,,,,,,,247.4,5,248.92,4,,,,,,,,,,,,,,,,
2025-04-10 09:31:35,246.615,246.51,1,245.83,2,247.4,5,247.4,245.83,245.83,2,245.61,2,243.9,3,243.89,2,,,,,,,,,,,,,247.4,5,248.92,4,,,,,,,,,,,,,,,,
2025-04-10 09:31:36,246.615,246.51,1,245.83,2,247.4,5,247.4,245.83,245.83,2,245.61,2,243.9,3,243.89,2,,,,,,,,,,,,,247.4,5,248.92,4,,,,,,,,,,,,,,,,
2025-04-10 09:31:37,246.615,246.51,1,245.83,2,247.4,5,247.4,245.83,245.83,2,245.61,2,243.9,3,243.89,2,,,,,,,,,,,,,247.4,5,248.92,4,,,,,,,,,,,,,,,,
2025-04-10 09:31:38,246.615,246.51,1,245.83,2,247.4,5,247.4,245.83,245.83,2,245.61,2,243.9,3,243.89,2,,,,,,,,,,,,,247.4,5,248.92,4,,,,,,,,,,,,,,,,
2025-04-10 09:31:39,246.615,246.51,1,245.83,2,247.4,5,247.4,245.83,245.83,2,245.61,2,243.9,3,243.89,2,,,,,,,,,,,,,247.4,5,248.92,4,,,,,,,,,,,,,,,,
2025-04-10 09:31:40,246.615,246.51,1,245.83,2,247.4,5,247.4,245.83,245.83,2,245.61,2,243.9,3,243.89,2,,,,,,,,,,,,,247.4,5,248.92,4,,,,,,,,,,,,,,,,
2025-04-10 09:31:41,246.615,246.51,1,245.83,2,247.4,5,247.4,245.83,245.83,2,245.61,2,243.9,3,243.89,2,,,,,,,,,,,,,247.4,5,248.92,4,,,,,,,,,,,,,,,,
2025-04-10 09:31:42,246.615,246.51,1,245.83,2,247.4,5,247.4,245.83,245.83,2,245.61,2,243.9,3,243.89,2,,,,,,,,,,,,,247.4,5,248.92,4,,,,,,,,,,,,,,,,
2025-04-10 09:31:43,246.615,246.51,1,245.83,2,247.4,5,247.4,245.83,245.83,2,245.61,2,243.9,3,243.89,2,,,,,,,,,,,,,247.4,5,248.92,4,,,,,,,,,,,,,,,,
2025-04-10 09:31:44,246.615,246.51,1,245.83,2,247.4,5,247.4,245.83,245.83,2,245.61,2,243.9,3,243.89,2,,,,,,,,,,,,,247.4,5,248.92,4,,,,,,,,,,,,,,,,
2025-04-10 09:31:45,246.615,246.51,1,245.83,2,247.4,5,247.4,245.83,245.83,2,245.61,2,243.9,3,243.89,2,,,,,,,,,,,,,247.4,5,248.92,4,,,,,,,,,,,,,,,,
2025-04-10 09:31:46,246.615,246.51,1,245.83,2,247.4,5,247.4,245.83,245.83,2,245.61,2,243.9,3,243.89,2,,,,,,,,,,,,,247.4,5,248.92,4,,,,,,,,,,,,,,,,
2025-04-10 09:31:47,246.615,246.51,1,245.83,2,247.4,5,247.4,245.83,245.83,2,245.61,2,243.9,3,243.89,2,,,,,,,,,,,,,247.4,5,248.92,4,,,,,,,,,,,,,,,,
2025-04-10 09:31:48,246.615,246.51,1,245.83,2,247.4,5,247.4,245.83,245.83,2,245.61,2,243.9,3,243.89,2,,,,,,,,,,,,,247.4,5,248.92,4,,,,,,,,,,,,,,,,
2025-04-10 09:31:49,246.615,246.51,1,245.83,2,247.4,5,247.4,245.83,245.83,2,245.61,2,243.9,3,243.89,2,,,,,,,,,,,,,247.4,5,248.92,4,,,,,,,,,,,,,,,,
2025-04-10 09:31:50,246.615,246.51,1,245.83,2,247.4,5,247.4,245.83,245.83,2,245.61,2,243.9,3,243.89,2,,,,,,,,,,,,,247.4,5,248.92,4,,,,,,,,,,,,,,,,
2025-04-10 09:31:51,246.615,246.51,1,245.83,2,247.4,5,247.4,245.83,245.83,2,245.61,2,243.9,3,243.89,2,,,,,,,,,,,,,247.4,5,248.92,4,,,,,,,,,,,,,,,,
2025-04-10 09:31:52,246.615,246.51,1,245.83,2,247.4,5,247.4,245.83,245.83,2,245.61,2,243.9,3,243.89,2,,,,,,,,,,,,,247.4,5,248.92,4,,,,,,,,,,,,,,,,
2025-04-10 09:31:53,246.615,246.51,1,245.83,2,247.4,5,247.4,245.83,245.83,2,245.61,2,243.9,3,243.89,2,,,,,,,,,,,,,247.4,5,248.92,4,,,,,,,,,,,,,,,,
2025-04-10 09:31:54,246.615,246.51,1,245.83,2,247.4,5,247.4,245.83,245.83,2,245.61,2,243.9,3,243.89,2,,,,,,,,,,,,,247.4,5,248.92,4,,,,,,,,,,,,,,,,
2025-04-10 09:31:55,246.615,246.51,1,245.83,2,247.4,5,247.4,245.83,245.83,2,245.61,2,243.9,3,243.89,2,,,,,,,,,,,,,247.4,5,248.92,4,,,,,,,,,,,,,,,,
2025-04-10 09:31:56,246.615,246.51,1,245.83,2,247.4,5,247.4,245.83,245.83,2,245.61,2,243.9,3,243.89,2,,,,,,,,,,,,,247.4,5,248.92,4,,,,,,,,,,,,,,,,
2025-04-10 09:31:57,246.615,246.51,1,245.83,2,247.4,5,247.4,245.83,245.83,2,245.61,2,243.9,3,243.89,2,,,,,,,,,,,,,247.4,5,248.92,4,,,,,,,,,,,,,,,,
2025-04-10 09:31:58,246.615,246.51,1,245.83,2,247.4,5,247.4,245.83,245.83,2,245.61,2,243.9,3,243.89,2,,,,,,,,,,,,,247.4,5,248.92,4,,,,,,,,,,,,,,,,
2025-04-10 09:31:59,246.615,246.51,1,245.83,2,247.4,5,247.4,245.83,245.83,2,245.61,2,243.9,3,243.89,2,,,,,,,,,,,,,247.4,5,248.92,4,,,,,,,,,,,,,,,,
2025-04-10 09:32:00,246.615,246.51,1,245.83,2,247.4,5,247.4,245.83,245.83,2,245.61,2,243.9,3,243.89,2,,,,,,,,,,,,,247.4,5,248.92,4,,,,,,,,,,,,,,,,
2025-04-10 09:32:01,246.615,246.51,1,245.83,2,247.4,5,247.4,245.83,245.83,2,245.61,2,243.9,3,243.89,2,,,,,,,,,,,,,247.4,5,248.92,4,,,,,,,,,,,,,,,,
2025-04-10 09:32:02,246.615,246.51,1,245.83,2,247.4,5,247.4,245.83,245.83,2,245.61,2,243.9,3,243.89,2,,,,,,,,,,,,,247.4,5,248.92,4,,,,,,,,,,,,,,,,
2025-04-10 09:32:03,246.615,246.51,1,245.83,2,247.4,5,247.4,245.83,245.83,2,245.61,2,243.9,3,243.89,2,,,,,,,,,,,,,247.4,5,248.92,4,,,,,,,,,,,,,,,,
2025-04-10 09:32:04,246.615,246.51,1,245.83,2,247.4,5,247.4,245.83,245.83,2,245.61,2,243.9,3,243.89,2,,,,,,,,,,,,,247.4,5,248.92,4,,,,,,,,,,,,,,,,
2025-04-10 09:32:05,246.615,246.51,1,245.83,2,247.4,5,247.4,245.83,245.83,2,245.61,2,243.9,3,243.89,2,,,,,,,,,,,,,247.4,5,248.92,4,,,,,,,,,,,,,,,,
2025-04-10 09:32:06,246.615,246.51,1,245.83,2,247.4,5,247.4,245.83,245.83,2,245.61,2,243.9,3,243.89,2,,,,,,,,,,,,,247.4,5,248.92,4,,,,,,,,,,,,,,,,
2025-04-10 09:32:07,246.615,246.51,1,245.83,2,247.4,5,247.4,245.83,245.83,2,245.61,2,243.9,3,243.89,2,,,,,,,,,,,,,247.4,5,248.92,4,,,,,,,,,,,,,,,,
2025-04-10 09:32:08,246.615,246.51,1,245.83,2,247.4,5,247.4,245.83,245.83,2,245.61,2,243.9,3,243.89,2,,,,,,,,,,,,,247.4,5,248.92,4,,,,,,,,,,,,,,,,
2025-04-10 09:32:09,246.615,246.51,1,245.83,2,247.4,5,247.4,245.83,245.83,2,245.61,2,243.9,3,243.89,2,,,,,,,,,,,,,247.4,5,248.92,4,,,,,,,,,,,,,,,,
2025-04-10 09:32:10,246.615,246.51,1,245.83,2,247.4,5,247.4,245.83,245.83,2,245.61,2,243.9,3,243.89,2,,,,,,,,,,,,,247.4,5,248.92,4,,,,,,,,,,,,,,,,
2025-04-10 09:32:11,246.615,246.51,1,245.83,2,247.4,5,247.4,245.83,245.83,2,245.61,2,243.9,3,243.89,2,,,,,,,,,,,,,247.4,5,248.92,4,,,,,,,,,,,,,,,,
2025-04-10 09:32:12,246.615,246.51,1,245.83,2,247.4,5,247.4,245.83,245.83,2,245.61,2,243.9,3,243.89,2,,,,,,,,,,,,,247.4,5,248.92,4,,,,,,,,,,,,,,,,
2025-04-10 09:32:13,246.615,246.51,1,245.83,2,247.4,5,247.4,245.83,245.83,2,245.61,2,243.9,3,243.89,2,,,,,,,,,,,,,247.4,5,248.92,4,,,,,,,,,,,,,,,,
2025-04-10 09:32:14,246.615,246.51,1,245.83,2,247.4,5,247.4,245.83,245.83,2,245.61,2,243.9,3,243.89,2,,,,,,,,,,,,,247.4,5,248.92,4,,,,,,,,,,,,,,,,
2025-04-10 09:32:15,246.615,246.51,1,245.83,2,247.4,5,247.4,245.83,245.83,2,245.61,2,243.9,3,243.89,2,,,,,,,,,,,,,247.4,5,248.92,4,,,,,,,,,,,,,,,,
2025-04-10 09:32:16,246.615,246.51,1,245.83,2,247.4,5,247.4,245.83,245.83,2,245.61,2,243.9,3,243.89,2,,,,,,,,,,,,,247.4,5,248.92,4,,,,,,,,,,,,,,,,
2025-04-10 09:32:17,246.615,246.51,1,245.83,2,247.4,5,247.4,245.83,245.83,2,245.61,2,243.9,3,243.89,2,,,,,,,,,,,,,247.4,5,248.92,4,,,,,,,,,,,,,,,,
2025-04-10 09:32:18,246.615,246.51,1,245.83,2,247.4,5,247.4,245.83,245.83,2,245.61,2,243.9,3,243.89,2,,,,,,,,,,,,,247.4,5,248.92,4,,,,,,,,,,,,,,,,
2025-04-10 09:32:19,246.615,246.51,1,245.83,2,247.4,5,247.4,245.83,245.83,2,245.61,2,243.9,3,243.89,2,,,,,,,,,,,,,247.4,5,248.92,4,,,,,,,,,,,,,,,,
2025-04-10 09:32:20,246.615,246.51,1,245.83,2,247.4,5,247.4,245.83,245.83,2,245.61,2,243.9,3,243.89,2,,,,,,,,,,,,,247.4,5,248.92,4,,,,,,,,,,,,,,,,
2025-04-10 09:32:21,246.615,246.51,1,245.83,2,247.4,5,247.4,245.83,245.83,2,245.61,2,243.9,3,243.89,2,,,,,,,,,,,,,247.4,5,248.92,4,,,,,,,,,,,,,,,,
2025-04-10 09:32:22,246.615,246.51,1,245.83,2,247.4,5,247.4,245.83,245.83,2,245.61,2,243.9,3,243.89,2,,,,,,,,,,,,,247.4,5,248.92,4,,,,,,,,,,,,,,,,
2025-04-10 09:32:23,246.615,246.51,1,245.83,2,247.4,5,247.4,245.83,245.83,2,245.61,2,243.9,3,243.89,2,,,,,,,,,,,,,247.4,5,248.92,4,,,,,,,,,,,,,,,,
2025-04-10 09:32:24,246.615,246.51,1,245.83,2,247.4,5,247.4,245.83,245.83,2,245.61,2,243.9,3,243.89,2,,,,,,,,,,,,,247.4,5,248.92,4,,,,,,,,,,,,,,,,
2025-04-10 09:32:25,246.615,246.51,1,245.83,2,247.4,5,247.4,245.83,245.83,2,245.61,2,243.9,3,243.89,2,,,,,,,,,,,,,247.4,5,248.92,4,,,,,,,,,,,,,,,,
2025-04-10 09:32:26,246.615,246.51,1,245.83,3,247.4,5,247.4,245.83,245.83,3,245.61,2,243.9,3,243.89,2,,,,,,,,,,,,,247.4,5,248.92,4,,,,,,,,,,,,,,,,
2025-04-10 09:32:27,246.615,246.51,1,245.83,3,247.4,5,247.4,245.83,245.83,3,245.61,2,243.9,3,243.89,2,,,,,,,,,,,,,247.4,5,248.92,4,,,,,,,,,,,,,,,,
2025-04-10 09:32:28,246.615,246.51,1,245.83,3,247.4,5,247.4,245.83,245.83,3,245.61,2,243.9,3,243.89,2,,,,,,,,,,,,,247.4,5,248.92,4,,,,,,,,,,,,,,,,
2025-04-10 09:32:29,246.615,246.51,1,245.83,3,247.4,5,247.4,245.83,245.83,3,245.61,2,243.9,3,243.89,2,,,,,,,,,,,,,247.4,5,248.92,4,,,,,,,,,,,,,,,,
2025-04-10 09:32:30,246.615,246.51,1,245.83,3,247.4,5,247.4,245.83,245.83,3,245.61,2,243.9,3,243.89,2,,,,,,,,,,,,,247.4,5,248.92,4,,,,,,,,,,,,,,,,
2025-04-10 09:32:31,246.615,246.51,1,245.83,3,247.4,5,247.4,245.83,245.83,3,245.61,2,243.9,3,243.89,2,,,,,,,,,,,,,247.4,5,248.92,4,,,,,,,,,,,,,,,,
2025-04-10 09:32:32,246.615,246.51,1,245.83,3,247.4,5,247.4,245.83,245.83,3,245.61,2,243.9,3,243.89,2,,,,,,,,,,,,,247.4,5,248.92,4,,,,,,,,,,,,,,,,
2025-04-10 09:32:33,246.615,246.51,1,245.83,3,247.4,5,247.4,245.83,245.83,3,245.61,2,243.9,3,243.89,2,,,,,,,,,,,,,247.4,5,248.92,4,,,,,,,,,,,,,,,,
2025-04-10 09:32:34,246.615,246.51,1,245.83,3,247.4,5,247.4,245.83,245.83,3,245.61,2,243.9,3,243.89,2,,,,,,,,,,,,,247.4,5,248.92,4,,,,,,,,,,,,,,,,
2025-04-10 09:32:35,246.615,246.51,1,245.83,3,247.4,5,247.4,245.83,245.83,3,245.61,2,243.9,3,243.89,2,,,,,,,,,,,,,247.4,5,248.92,4,,,,,,,,,,,,,,,,
2025-04-10 09:32:36,246.615,246.51,1,245.83,3,247.4,5,247.4,245.83,245.83,3,245.61,2,243.9,3,243.89,2,,,,,,,,,,,,,247.4,5,248.92,4,,,,,,,,,,,,,,,,
2025-04-10 09:32:37,246.615,246.51,1,245.83,3,247.4,5,247.4,245.83,245.83,3,245.61,2,243.9,3,243.89,2,,,,,,,,,,,,,247.4,5,248.92,4,,,,,,,,,,,,,,,,
2025-04-10 09:32:38,246.615,246.51,1,245.83,3,247.4,5,247.4,245.83,245.83,3,245.61,2,243.9,3,243.89,2,,,,,,,,,,,,,247.4,5,248.92,4,,,,,,,,,,,,,,,,
2025-04-10 09:32:39,246.615,246.51,1,245.83,3,247.4,5,247.4,245.83,245.83,3,245.61,2,243.9,3,243.89,2,,,,,,,,,,,,,247.4,5,248.92,4,,,,,,,,,,,,,,,,
2025-04-10 09:32:40,246.695,246.51,1,245.99,3,247.4,4,247.4,245.99,245.99,3,245.83,3,245.61,2,243.9,3,243.89,2,,,,,,,,,,,247.4,4,248.92,4,,,,,,,,,,,,,,,,
2025-04-10 09:32:41,246.695,246.51,1,245.99,3,247.4,4,247.4,245.99,245.99,3,245.83,3,245.61,2,243.9,3,243.89,2,,,,,,,,,,,247.4,4,248.92,4,,,,,,,,,,,,,,,,
2025-04-10 09:32:42,246.695,246.51,1,245.99,3,247.4,4,247.4,245.99,245.99,3,245.83,3,245.61,2,243.9,3,243.89,2,,,,,,,,,,,247.4,4,248.92,4,,,,,,,,,,,,,,,,
2025-04-10 09:32:43,246.695,246.51,1,245.99,3,247.4,4,247.4,245.99,245.99,3,245.83,3,245.61,2,243.9,3,243.89,2,,,,,,,,,,,247.4,4,248.92,4,,,,,,,,,,,,,,,,
2025-04-10 09:32:44,246.695,246.03,1,245.99,3,247.4,4,247.4,245.99,245.99,3,245.83,3,245.61,2,243.9,3,243.89,2,,,,,,,,,,,247.4,4,248.92,4,,,,,,,,,,,,,,,,
2025-04-10 09:32:45,246.695,246.03,1,245.99,3,247.4,4,247.4,245.99,245.99,3,245.83,3,245.61,2,243.9,3,243.89,2,,,,,,,,,,,247.4,4,248.92,4,,,,,,,,,,,,,,,,
2025-04-10 09:32:46,246.695,246.03,1,245.99,3,247.4,4,247.4,245.99,245.99,3,245.83,3,245.61,2,243.9,3,243.89,2,,,,,,,,,,,247.4,4,248.92,4,,,,,,,,,,,,,,,,
2025-04-10 09:32:47,246.695,246.03,1,245.99,3,247.4,4,247.4,245.99,245.99,3,245.83,3,245.61,2,243.9,3,243.89,2,,,,,,,,,,,247.4,4,248.92,4,,,,,,,,,,,,,,,,
2025-04-10 09:32:48,246.695,246.03,1,245.99,3,247.4,4,247.4,245.99,245.99,3,245.83,3,245.61,2,243.9,3,243.89,2,,,,,,,,,,,247.4,4,248.92,4,,,,,,,,,,,,,,,,
2025-04-10 09:32:49,246.695,246.03,1,245.99,3,247.4,4,247.4,245.99,245.99,3,245.83,3,245.61,2,243.9,3,243.89,2,,,,,,,,,,,247.4,4,248.92,4,,,,,,,,,,,,,,,,
2025-04-10 09:32:50,246.695,246.03,1,245.99,3,247.4,4,247.4,245.99,245.99,3,245.83,3,245.61,2,243.9,3,243.89,2,,,,,,,,,,,247.4,4,248.92,4,,,,,,,,,,,,,,,,
2025-04-10 09:32:51,246.695,246.03,1,245.99,3,247.4,5,247.4,245.99,245.99,3,245.83,3,245.61,2,243.9,3,243.89,2,,,,,,,,,,,247.4,5,248.92,4,,,,,,,,,,,,,,,,
2025-04-10 09:32:52,246.695,246.03,1,245.99,3,247.4,5,247.4,245.99,245.99,3,245.83,3,245.61,2,243.9,3,243.89,2,,,,,,,,,,,247.4,5,248.92,4,,,,,,,,,,,,,,,,
2025-04-10 09:32:53,246.695,246.03,1,245.99,3,247.4,5,247.4,245.99,245.99,3,245.83,3,245.61,2,243.9,3,243.89,2,,,,,,,,,,,247.4,5,248.92,4,,,,,,,,,,,,,,,,
2025-04-10 09:32:54,246.695,246.03,1,245.99,3,247.4,5,247.4,245.99,245.99,3,245.83,3,245.61,2,243.9,3,243.89,2,,,,,,,,,,,247.4,5,248.92,4,,,,,,,,,,,,,,,,
2025-04-10 09:32:55,246.175,245.82,1,244.95,1,247.4,5,247.4,244.95,244.95,1,243.9,3,243.89,2,,,,,,,,,,,,,,,247.4,5,248.92,4,,,,,,,,,,,,,,,,
2025-04-10 09:32:56,246.045,245.82,1,244.95,1,247.14,5,247.14,244.95,244.95,1,243.9,3,243.89,2,,,,,,,,,,,,,,,247.14,5,247.4,5,248.92,4,,,,,,,,,,,,,,
2025-04-10 09:32:57,246.045,245.82,1,244.95,1,247.14,5,247.14,244.95,244.95,1,243.9,3,243.89,2,,,,,,,,,,,,,,,247.14,5,247.4,5,248.92,4,,,,,,,,,,,,,,
2025-04-10 09:32:58,246.045,245.82,1,244.95,1,247.14,6,247.14,244.95,244.95,1,243.9,3,243.89,2,,,,,,,,,,,,,,,247.14,6,247.4,5,248.92,4,,,,,,,,,,,,,,
2025-04-10 09:32:59,246.045,245.82,1,244.95,1,247.14,6,247.14,244.95,244.95,1,243.9,3,243.89,2,,,,,,,,,,,,,,,247.14,6,247.4,5,248.92,4,,,,,,,,,,,,,,
2025-04-10 09:33:00,246.045,245.82,1,244.95,1,247.14,6,247.14,244.95,244.95,1,243.9,3,243.89,2,,,,,,,,,,,,,,,247.14,6,247.4,5,248.92,4,,,,,,,,,,,,,,
2025-04-10 09:33:01,246.045,245.82,1,244.95,1,247.14,6,247.14,244.95,244.95,1,243.9,3,243.89,2,,,,,,,,,,,,,,,247.14,6,247.4,5,248.92,4,,,,,,,,,,,,,,
2025-04-10 09:33:02,246.045,245.82,1,244.95,1,247.14,6,247.14,244.95,244.95,1,243.9,3,243.89,2,,,,,,,,,,,,,,,247.14,6,247.4,5,248.92,4,,,,,,,,,,,,,,
2025-04-10 09:33:03,246.045,245.82,1,244.95,1,247.14,6,247.14,244.95,244.95,1,243.9,3,243.89,2,,,,,,,,,,,,,,,247.14,6,247.4,5,248.92,4,,,,,,,,,,,,,,
2025-04-10 09:33:04,246.045,245.82,1,244.95,1,247.14,6,247.14,244.95,244.95,1,243.9,3,243.89,2,,,,,,,,,,,,,,,247.14,6,247.4,5,248.92,4,,,,,,,,,,,,,,
2025-04-10 09:33:05,246.045,245.16,1,244.95,1,247.14,9,247.14,244.95,244.95,1,244.67,1,243.9,3,243.89,2,,,,,,,,,,,,,247.14,9,247.4,5,248.92,4,,,,,,,,,,,,,,
2025-04-10 09:33:06,246.045,245.39,1,244.95,1,247.14,9,247.14,244.95,244.95,1,244.67,1,243.9,3,243.89,2,,,,,,,,,,,,,247.14,9,247.4,5,248.92,4,,,,,,,,,,,,,,
2025-04-10 09:33:07,246.045,245.39,1,244.95,1,247.14,10,247.14,244.95,244.95,1,244.67,1,243.9,3,243.89,2,,,,,,,,,,,,,247.14,10,247.4,5,248.92,4,,,,,,,,,,,,,,
2025-04-10 09:33:08,246.045,245.39,1,244.95,1,247.14,10,247.14,244.95,244.95,1,244.67,1,243.9,3,243.89,2,,,,,,,,,,,,,247.14,10,247.4,5,248.92,4,,,,,,,,,,,,,,
2025-04-10 09:33:09,246.045,245.39,1,244.95,1,247.14,10,247.14,244.95,244.95,1,244.67,1,243.9,3,243.89,2,,,,,,,,,,,,,247.14,10,247.4,5,248.92,4,,,,,,,,,,,,,,
2025-04-10 09:33:10,246.045,245.39,1,244.95,1,247.14,10,247.14,244.95,244.95,1,244.67,1,243.9,3,243.89,2,,,,,,,,,,,,,247.14,10,247.4,5,248.92,4,,,,,,,,,,,,,,
2025-04-10 09:33:11,246.045,245.39,1,244.95,1,247.14,10,247.14,244.95,244.95,1,244.67,1,243.9,3,243.89,2,,,,,,,,,,,,,247.14,10,247.4,5,248.92,4,,,,,,,,,,,,,,
2025-04-10 09:33:12,246.045,245.39,1,244.95,1,247.14,10,247.14,244.95,244.95,1,244.67,1,243.9,3,243.89,2,,,,,,,,,,,,,247.14,10,247.4,5,248.92,4,,,,,,,,,,,,,,
2025-04-10 09:33:13,246.045,245.39,1,244.95,1,247.14,10,247.14,244.95,244.95,1,244.67,1,243.9,3,243.89,2,,,,,,,,,,,,,247.14,10,247.4,5,248.92,4,,,,,,,,,,,,,,
2025-04-10 09:33:14,246.045,245.39,1,244.95,1,247.14,13,247.14,244.95,244.95,1,244.67,1,243.9,3,243.89,2,,,,,,,,,,,,,247.14,13,247.4,5,248.92,4,,,,,,,,,,,,,,
2025-04-10 09:33:15,246.045,245.39,1,244.95,1,247.14,13,247.14,244.95,244.95,1,244.67,1,243.9,3,243.89,2,,,,,,,,,,,,,247.14,13,247.4,5,248.92,4,,,,,,,,,,,,,,
2025-04-10 09:33:16,246.045,245.39,1,244.95,1,247.14,13,247.14,244.95,244.95,1,244.67,1,243.9,3,243.89,2,,,,,,,,,,,,,247.14,13,247.4,5,248.92,4,,,,,,,,,,,,,,
2025-04-10 09:33:17,246.045,245.39,1,244.95,1,247.14,13,247.14,244.95,244.95,1,244.67,1,243.9,3,243.89,2,,,,,,,,,,,,,247.14,13,247.4,5,248.92,4,,,,,,,,,,,,,,
2025-04-10 09:33:18,246.045,245.39,1,244.95,1,247.14,13,247.14,244.95,244.95,1,244.67,1,243.9,3,243.89,2,,,,,,,,,,,,,247.14,13,247.4,5,248.92,4,,,,,,,,,,,,,,
2025-04-10 09:33:19,246.045,245.39,1,244.95,1,247.14,13,247.14,244.95,244.95,1,244.67,1,243.9,3,243.89,2,,,,,,,,,,,,,247.14,13,247.4,5,248.92,4,,,,,,,,,,,,,,
2025-04-10 09:33:20,246.045,245.39,1,244.95,1,247.14,13,247.14,244.95,244.95,1,244.67,1,243.9,3,243.89,2,,,,,,,,,,,,,247.14,13,247.4,5,248.92,4,,,,,,,,,,,,,,
2025-04-10 09:33:21,246.045,245.39,1,244.95,1,247.14,13,247.14,244.95,244.95,1,244.67,1,243.9,3,243.89,2,,,,,,,,,,,,,247.14,13,247.4,5,248.92,4,,,,,,,,,,,,,,
2025-04-10 09:33:22,246.045,245.39,1,244.95,1,247.14,13,247.14,244.95,244.95,1,244.67,1,243.9,3,243.89,2,,,,,,,,,,,,,247.14,13,247.4,5,248.92,4,,,,,,,,,,,,,,
2025-04-10 09:33:23,246.045,245.39,1,244.95,1,247.14,13,247.14,244.95,244.95,1,244.67,1,243.9,3,243.89,2,,,,,,,,,,,,,247.14,13,247.4,5,248.92,4,,,,,,,,,,,,,,
2025-04-10 09:33:24,246.045,245.39,1,244.95,1,247.14,13,247.14,244.95,244.95,1,244.67,1,243.9,3,243.89,2,,,,,,,,,,,,,247.14,13,247.4,5,248.92,4,,,,,,,,,,,,,,
2025-04-10 09:33:25,246.045,245.39,1,244.95,1,247.14,13,247.14,244.95,244.95,1,244.67,1,243.9,3,243.89,2,,,,,,,,,,,,,247.14,13,247.4,5,248.92,4,,,,,,,,,,,,,,
2025-04-10 09:33:26,246.045,245.39,1,244.95,1,247.14,13,247.14,244.95,244.95,1,244.67,1,243.9,3,243.89,2,,,,,,,,,,,,,247.14,13,247.4,5,248.92,4,,,,,,,,,,,,,,
2025-04-10 09:33:27,246.045,245.39,1,244.95,1,247.14,13,247.14,244.95,244.95,1,244.67,1,243.9,3,243.89,2,,,,,,,,,,,,,247.14,13,247.4,5,248.92,4,,,,,,,,,,,,,,
2025-04-10 09:33:28,246.045,245.39,1,244.95,1,247.14,13,247.14,244.95,244.95,1,244.67,1,243.9,3,243.89,2,,,,,,,,,,,,,247.14,13,247.4,5,248.92,4,,,,,,,,,,,,,,
2025-04-10 09:33:29,246.045,245.39,1,244.95,1,247.14,13,247.14,244.95,244.95,1,244.67,1,243.9,3,243.89,2,,,,,,,,,,,,,247.14,13,247.4,5,248.92,4,,,,,,,,,,,,,,
2025-04-10 09:33:30,246.045,245.39,1,244.95,1,247.14,13,247.14,244.95,244.95,1,244.67,1,243.9,3,243.89,2,,,,,,,,,,,,,247.14,13,247.4,5,248.92,4,,,,,,,,,,,,,,
2025-04-10 09:33:31,246.045,245.39,1,244.95,1,247.14,13,247.14,244.95,244.95,1,244.67,1,243.9,3,243.89,2,,,,,,,,,,,,,247.14,13,247.4,5,248.92,4,,,,,,,,,,,,,,
2025-04-10 09:33:32,246.045,245.39,1,244.95,1,247.14,13,247.14,244.95,244.95,1,244.67,1,243.9,3,243.89,2,,,,,,,,,,,,,247.14,13,247.4,5,248.92,4,,,,,,,,,,,,,,
2025-04-10 09:33:33,246.045,245.39,1,244.95,1,247.14,13,247.14,244.95,244.95,1,244.67,1,243.9,3,243.89,2,,,,,,,,,,,,,247.14,13,247.4,5,248.92,4,,,,,,,,,,,,,,
2025-04-10 09:33:34,246.045,245.39,1,244.95,1,247.14,13,247.14,244.95,244.95,1,244.67,1,243.9,3,243.89,2,,,,,,,,,,,,,247.14,13,247.4,5,248.92,4,,,,,,,,,,,,,,
2025-04-10 09:33:35,246.045,245.39,1,244.95,1,247.14,13,247.14,244.95,244.95,1,244.67,1,243.9,3,243.89,2,,,,,,,,,,,,,247.14,13,247.4,5,248.92,4,,,,,,,,,,,,,,
2025-04-10 09:33:36,246.045,245.39,1,244.95,1,247.14,13,247.14,244.95,244.95,1,244.67,1,243.9,3,243.89,2,,,,,,,,,,,,,247.14,13,247.4,5,248.92,4,,,,,,,,,,,,,,
2025-04-10 09:33:37,246.045,245.39,1,244.95,1,247.14,13,247.14,244.95,244.95,1,244.67,1,243.9,3,243.89,2,,,,,,,,,,,,,247.14,13,247.4,5,248.92,4,,,,,,,,,,,,,,
2025-04-10 09:33:38,246.045,245.39,1,244.95,1,247.14,13,247.14,244.95,244.95,1,244.67,1,243.9,3,243.89,2,,,,,,,,,,,,,247.14,13,247.4,5,248.92,4,,,,,,,,,,,,,,
2025-04-10 09:33:39,246.045,245.39,1,244.95,1,247.14,13,247.14,244.95,244.95,1,244.67,1,243.9,3,243.89,2,,,,,,,,,,,,,247.14,13,247.4,5,248.92,4,,,,,,,,,,,,,,
2025-04-10 09:33:40,246.045,245.39,1,244.95,1,247.14,13,247.14,244.95,244.95,1,244.67,1,243.9,3,243.89,2,,,,,,,,,,,,,247.14,13,247.4,5,248.92,4,,,,,,,,,,,,,,
2025-04-10 09:33:41,246.045,245.39,1,244.95,1,247.14,13,247.14,244.95,244.95,1,244.67,1,243.9,3,243.89,2,,,,,,,,,,,,,247.14,13,247.4,5,248.92,4,,,,,,,,,,,,,,
2025-04-10 09:33:43,246.045,245.39,1,244.95,1,247.14,13,247.14,244.95,244.95,1,244.67,1,243.9,3,243.89,2,,,,,,,,,,,,,247.14,13,247.4,5,248.92,4,,,,,,,,,,,,,,
2025-04-10 09:33:43,246.045,245.39,1,244.95,1,247.14,13,247.14,244.95,244.95,1,244.67,1,243.9,3,243.89,2,,,,,,,,,,,,,247.14,13,247.4,5,248.92,4,,,,,,,,,,,,,,
2025-04-10 09:33:44,246.045,245.39,1,244.95,1,247.14,13,247.14,244.95,244.95,1,244.67,1,243.9,3,243.89,2,,,,,,,,,,,,,247.14,13,247.4,5,248.92,4,,,,,,,,,,,,,,
2025-04-10 09:33:46,246.045,245.39,1,244.95,1,247.14,13,247.14,244.95,244.95,1,244.67,1,243.9,3,243.89,2,,,,,,,,,,,,,247.14,13,247.4,5,248.92,4,,,,,,,,,,,,,,
2025-04-10 09:33:47,246.045,245.39,1,244.95,1,247.14,13,247.14,244.95,244.95,1,244.67,1,243.9,3,243.89,2,,,,,,,,,,,,,247.14,13,247.4,5,248.92,4,,,,,,,,,,,,,,
2025-04-10 09:33:47,246.045,245.39,1,244.95,1,247.14,13,247.14,244.95,244.95,1,244.67,1,243.9,3,243.89,2,,,,,,,,,,,,,247.14,13,247.4,5,248.92,4,,,,,,,,,,,,,,
2025-04-10 09:33:49,246.045,245.39,1,244.95,1,247.14,13,247.14,244.95,244.95,1,244.67,1,243.9,3,243.89,2,,,,,,,,,,,,,247.14,13,247.4,5,248.92,4,,,,,,,,,,,,,,
2025-04-10 09:33:50,246.045,245.39,1,244.95,1,247.14,13,247.14,244.95,244.95,1,244.67,1,243.9,3,243.89,2,,,,,,,,,,,,,247.14,13,247.4,5,248.92,4,,,,,,,,,,,,,,
2025-04-10 09:33:50,246.045,245.39,1,244.95,1,247.14,13,247.14,244.95,244.95,1,244.67,1,243.9,3,243.89,2,,,,,,,,,,,,,247.14,13,247.4,5,248.92,4,,,,,,,,,,,,,,
2025-04-10 09:33:51,246.045,245.39,1,244.95,1,247.14,13,247.14,244.95,244.95,1,244.67,1,243.9,3,243.89,2,,,,,,,,,,,,,247.14,13,247.4,5,248.92,4,,,,,,,,,,,,,,
2025-04-10 09:33:53,246.045,245.39,1,244.95,1,247.14,13,247.14,244.95,244.95,1,244.67,1,243.9,3,243.89,2,,,,,,,,,,,,,247.14,13,247.4,5,248.92,4,,,,,,,,,,,,,,
2025-04-10 09:33:53,246.045,245.39,1,244.95,1,247.14,13,247.14,244.95,244.95,1,244.67,1,243.9,3,243.89,2,,,,,,,,,,,,,247.14,13,247.4,5,248.92,4,,,,,,,,,,,,,,
2025-04-10 09:33:55,246.045,245.39,1,244.95,1,247.14,13,247.14,244.95,244.95,1,244.67,1,243.9,3,243.89,2,,,,,,,,,,,,,247.14,13,247.4,5,248.92,4,,,,,,,,,,,,,,
2025-04-10 09:33:56,246.045,245.39,1,244.95,1,247.14,13,247.14,244.95,244.95,1,244.67,1,243.9,3,243.89,2,,,,,,,,,,,,,247.14,13,247.4,5,248.92,4,,,,,,,,,,,,,,
2025-04-10 09:33:57,246.045,245.39,1,244.95,1,247.14,13,247.14,244.95,244.95,1,244.67,1,243.9,3,243.89,2,,,,,,,,,,,,,247.14,13,247.4,5,248.92,4,,,,,,,,,,,,,,
2025-04-10 09:33:58,246.045,245.39,1,244.95,1,247.14,13,247.14,244.95,244.95,1,244.67,1,243.9,3,243.89,2,,,,,,,,,,,,,247.14,13,247.4,5,248.92,4,,,,,,,,,,,,,,
2025-04-10 09:33:59,246.045,245.39,1,244.95,1,247.14,13,247.14,244.95,244.95,1,244.67,1,243.9,3,243.89,2,,,,,,,,,,,,,247.14,13,247.4,5,248.92,4,,,,,,,,,,,,,,
2025-04-10 09:34:00,246.045,245.39,1,244.95,1,247.14,13,247.14,244.95,244.95,1,244.67,1,243.9,3,243.89,2,,,,,,,,,,,,,247.14,13,247.4,5,248.92,4,,,,,,,,,,,,,,
2025-04-10 09:34:01,246.045,245.39,1,244.95,1,247.14,13,247.14,244.95,244.95,1,244.67,1,243.9,3,243.89,2,,,,,,,,,,,,,247.14,13,247.4,5,248.92,4,,,,,,,,,,,,,,
2025-04-10 09:34:02,246.045,245.39,1,244.95,1,247.14,13,247.14,244.95,244.95,1,244.67,1,243.9,3,243.89,2,,,,,,,,,,,,,247.14,13,247.4,5,248.92,4,,,,,,,,,,,,,,
2025-04-10 09:34:02,246.045,245.39,1,244.95,1,247.14,16,247.14,244.95,244.95,1,244.67,1,243.9,3,243.89,2,,,,,,,,,,,,,247.14,16,247.4,5,248.92,4,,,,,,,,,,,,,,
2025-04-10 09:34:04,246.045,245.39,1,244.95,1,247.14,16,247.14,244.95,244.95,1,244.67,1,243.9,3,243.89,2,,,,,,,,,,,,,247.14,16,247.4,5,248.92,4,,,,,,,,,,,,,,
2025-04-10 09:34:05,246.045,245.39,1,244.95,1,247.14,16,247.14,244.95,244.95,1,244.67,1,243.9,3,243.89,2,,,,,,,,,,,,,247.14,16,247.4,5,248.92,4,,,,,,,,,,,,,,
2025-04-10 09:34:06,246.045,245.39,1,244.95,1,247.14,16,247.14,244.95,244.95,1,244.67,1,243.9,3,243.89,2,,,,,,,,,,,,,247.14,16,247.4,5,248.92,4,,,,,,,,,,,,,,
2025-04-10 09:34:07,246.045,246.05,1,244.95,1,247.14,16,247.14,244.95,244.95,1,244.67,1,243.9,3,243.89,2,,,,,,,,,,,,,247.14,16,247.4,5,248.92,4,,,,,,,,,,,,,,
2025-04-10 09:34:08,246.045,246.05,1,244.95,1,247.14,16,247.14,244.95,244.95,1,244.67,1,243.9,3,243.89,2,,,,,,,,,,,,,247.14,16,247.4,5,248.92,4,,,,,,,,,,,,,,
2025-04-10 09:34:09,246.045,246.05,1,244.95,1,247.14,16,247.14,244.95,244.95,1,244.67,1,243.9,3,243.89,2,,,,,,,,,,,,,247.14,16,247.4,5,248.92,4,,,,,,,,,,,,,,
2025-04-10 09:34:10,246.045,246.05,1,244.95,1,247.14,16,247.14,244.95,244.95,1,244.67,1,243.9,3,243.89,2,,,,,,,,,,,,,247.14,16,247.4,5,248.92,4,,,,,,,,,,,,,,
2025-04-10 09:34:11,246.045,246.05,1,244.95,1,247.14,16,247.14,244.95,244.95,1,244.67,1,243.9,3,243.89,2,,,,,,,,,,,,,247.14,16,247.4,5,248.92,4,,,,,,,,,,,,,,
2025-04-10 09:34:12,246.045,246.05,1,244.95,1,247.14,16,247.14,244.95,244.95,1,244.67,1,243.9,3,243.89,2,,,,,,,,,,,,,247.14,16,247.4,5,248.92,4,,,,,,,,,,,,,,
2025-04-10 09:34:13,246.045,246.05,1,244.95,1,247.14,16,247.14,244.95,244.95,1,244.67,1,243.9,3,243.89,2,,,,,,,,,,,,,247.14,16,247.4,5,248.92,4,,,,,,,,,,,,,,
2025-04-10 09:34:14,246.045,246.05,1,244.95,1,247.14,16,247.14,244.95,244.95,1,244.67,1,243.9,3,243.89,2,,,,,,,,,,,,,247.14,16,247.4,5,248.92,4,,,,,,,,,,,,,,
2025-04-10 09:34:15,246.045,246.05,1,244.95,1,247.14,16,247.14,244.95,244.95,1,244.67,1,243.9,3,243.89,2,,,,,,,,,,,,,247.14,16,247.4,5,248.92,4,,,,,,,,,,,,,,
2025-04-10 09:34:16,246.045,246.05,1,244.95,1,247.14,16,247.14,244.95,244.95,1,244.67,1,243.9,3,243.89,2,,,,,,,,,,,,,247.14,16,247.4,5,248.92,4,,,,,,,,,,,,,,
2025-04-10 09:34:17,246.045,246.05,1,244.95,1,247.14,16,247.14,244.95,244.95,1,244.67,1,243.9,3,243.89,2,,,,,,,,,,,,,247.14,16,247.4,5,248.92,4,,,,,,,,,,,,,,
2025-04-10 09:34:18,246.045,246.05,1,244.95,1,247.14,16,247.14,244.95,244.95,1,244.67,1,243.9,3,243.89,2,,,,,,,,,,,,,247.14,16,247.4,5,248.92,4,,,,,,,,,,,,,,
2025-04-10 09:34:19,246.045,246.05,1,244.95,1,247.14,16,247.14,244.95,244.95,1,244.67,1,243.9,3,243.89,2,,,,,,,,,,,,,247.14,16,247.4,5,248.92,4,,,,,,,,,,,,,,
2025-04-10 09:34:20,246.045,246.05,1,244.95,1,247.14,16,247.14,244.95,244.95,1,244.67,1,243.9,3,243.89,2,,,,,,,,,,,,,247.14,16,247.4,5,248.92,4,,,,,,,,,,,,,,
2025-04-10 09:34:21,245.5,245.55,1,244.95,1,246.05,1,246.05,244.95,244.95,1,244.67,1,243.9,3,243.89,2,,,,,,,,,,,,,246.05,1,247.14,16,247.4,5,248.92,4,,,,,,,,,,,,
2025-04-10 09:34:22,245.375,245.55,1,244.7,1,246.05,1,246.05,244.7,244.7,1,244.67,1,243.9,3,243.89,2,,,,,,,,,,,,,246.05,1,247.14,16,247.4,5,248.92,4,,,,,,,,,,,,
2025-04-10 09:34:23,245.375,245.55,1,244.7,1,246.05,1,246.05,244.7,244.7,1,244.67,1,243.9,3,243.89,2,,,,,,,,,,,,,246.05,1,247.14,16,247.4,5,248.92,4,,,,,,,,,,,,
2025-04-10 09:34:24,245.375,245.55,1,244.7,1,246.05,1,246.05,244.7,244.7,1,244.67,1,243.9,3,243.89,2,,,,,,,,,,,,,246.05,1,247.14,16,247.4,5,248.92,4,,,,,,,,,,,,
2025-04-10 09:34:25,245.375,245.55,1,244.7,1,246.05,1,246.05,244.7,244.7,1,244.67,1,243.9,3,243.89,2,,,,,,,,,,,,,246.05,1,247.14,16,247.4,5,248.92,4,,,,,,,,,,,,
2025-04-10 09:34:26,245.375,245.55,1,244.7,1,246.05,1,246.05,244.7,244.7,1,244.67,1,243.9,3,243.89,2,,,,,,,,,,,,,246.05,1,247.14,16,247.4,5,248.92,4,,,,,,,,,,,,
2025-04-10 09:34:27,245.375,245.55,1,244.7,1,246.05,1,246.05,244.7,244.7,1,244.67,1,243.9,3,243.89,2,,,,,,,,,,,,,246.05,1,247.14,16,247.4,5,248.92,4,,,,,,,,,,,,
2025-04-10 09:34:28,245.375,245.55,1,244.7,1,246.05,1,246.05,244.7,244.7,1,244.67,1,243.9,3,243.89,2,,,,,,,,,,,,,246.05,1,247.14,16,247.4,5,248.92,4,,,,,,,,,,,,
2025-04-10 09:34:29,245.375,245.55,1,244.7,1,246.05,1,246.05,244.7,244.7,1,244.67,1,243.9,3,243.89,2,,,,,,,,,,,,,246.05,1,247.14,16,247.4,5,248.92,4,,,,,,,,,,,,
2025-04-10 09:34:30,245.375,245.55,1,244.7,1,246.05,1,246.05,244.7,244.7,1,244.67,1,243.9,3,243.89,2,,,,,,,,,,,,,246.05,1,247.14,16,247.4,5,248.92,4,,,,,,,,,,,,
2025-04-10 09:34:31,245.375,245.55,1,244.7,1,246.05,1,246.05,244.7,244.7,1,244.67,1,243.9,3,243.89,2,,,,,,,,,,,,,246.05,1,247.14,16,247.4,5,248.92,4,,,,,,,,,,,,
2025-04-10 09:34:32,245.375,245.55,1,244.7,1,246.05,1,246.05,244.7,244.7,1,244.67,1,243.9,3,243.89,2,,,,,,,,,,,,,246.05,1,247.14,16,247.4,5,248.92,4,,,,,,,,,,,,
2025-04-10 09:34:33,245.375,245.55,1,244.7,1,246.05,1,246.05,244.7,244.7,1,244.67,1,243.9,3,243.89,2,,,,,,,,,,,,,246.05,1,247.14,16,247.4,5,248.92,4,,,,,,,,,,,,
2025-04-10 09:34:34,245.375,245.55,1,244.7,1,246.05,1,246.05,244.7,244.7,1,244.67,1,243.9,3,243.89,2,,,,,,,,,,,,,246.05,1,247.14,16,247.4,5,248.92,4,,,,,,,,,,,,
2025-04-10 09:34:35,245.375,245.55,1,244.7,1,246.05,1,246.05,244.7,244.7,1,244.67,1,243.9,3,243.89,2,,,,,,,,,,,,,246.05,1,247.14,16,247.4,5,248.92,4,,,,,,,,,,,,
2025-04-10 09:34:36,245.375,245.55,1,244.7,1,246.05,1,246.05,244.7,244.7,1,244.67,1,243.9,3,243.89,2,,,,,,,,,,,,,246.05,1,247.14,16,247.4,5,248.92,4,,,,,,,,,,,,
2025-04-10 09:34:37,245.375,245.55,1,244.7,1,246.05,1,246.05,244.7,244.7,1,244.67,1,243.9,3,243.89,2,,,,,,,,,,,,,246.05,1,247.14,16,247.4,5,248.92,4,,,,,,,,,,,,
2025-04-10 09:34:38,245.375,245.55,1,244.7,1,246.05,1,246.05,244.7,244.7,1,244.67,1,243.9,3,243.89,2,,,,,,,,,,,,,246.05,1,247.14,16,247.4,5,248.92,4,,,,,,,,,,,,
2025-04-10 09:34:39,245.375,245.55,1,244.7,1,246.05,1,246.05,244.7,244.7,1,244.67,1,243.9,3,243.89,2,,,,,,,,,,,,,246.05,1,247.14,16,247.4,5,248.92,4,,,,,,,,,,,,
2025-04-10 09:34:40,245.37,245.55,1,244.7,1,246.04,2,246.04,244.7,244.7,1,244.67,1,243.9,3,243.89,2,,,,,,,,,,,,,246.04,2,246.05,1,247.14,16,247.4,5,248.92,4,,,,,,,,,,
2025-04-10 09:34:41,245.37,245.55,1,244.7,1,246.04,2,246.04,244.7,244.7,1,244.67,1,243.9,3,243.89,2,,,,,,,,,,,,,246.04,2,246.05,1,247.14,16,247.4,5,248.92,4,,,,,,,,,,
2025-04-10 09:34:42,245.37,245.55,1,244.7,1,246.04,2,246.04,244.7,244.7,1,244.67,1,243.9,3,243.89,2,,,,,,,,,,,,,246.04,2,246.05,1,247.14,16,247.4,5,248.92,4,,,,,,,,,,
2025-04-10 09:34:43,245.37,245.55,1,244.7,1,246.04,2,246.04,244.7,244.7,1,244.67,1,243.9,3,243.89,2,,,,,,,,,,,,,246.04,2,246.05,1,247.14,16,247.4,5,248.92,4,,,,,,,,,,
2025-04-10 09:34:44,245.37,245.55,1,244.7,1,246.04,2,246.04,244.7,244.7,1,244.67,1,243.9,3,243.89,2,,,,,,,,,,,,,246.04,2,246.05,1,247.14,16,247.4,5,248.92,4,,,,,,,,,,
2025-04-10 09:34:45,245.37,245.55,1,244.7,1,246.04,2,246.04,244.7,244.7,1,244.67,1,243.9,3,243.89,2,,,,,,,,,,,,,246.04,2,246.05,1,247.14,16,247.4,5,248.92,4,,,,,,,,,,
2025-04-10 09:34:46,245.37,245.55,1,244.7,1,246.04,2,246.04,244.7,244.7,1,244.67,1,243.9,3,243.89,2,,,,,,,,,,,,,246.04,2,246.05,1,247.14,16,247.4,5,248.92,4,,,,,,,,,,
2025-04-10 09:34:47,245.37,245.55,1,244.7,1,246.04,2,246.04,244.7,244.7,1,244.67,1,243.9,3,243.89,2,,,,,,,,,,,,,246.04,2,246.05,1,247.14,16,247.4,5,248.92,4,,,,,,,,,,
2025-04-10 09:34:48,245.37,245.55,1,244.7,1,246.04,2,246.04,244.7,244.7,1,244.67,1,243.9,3,243.89,2,,,,,,,,,,,,,246.04,2,246.05,1,247.14,16,247.4,5,248.92,4,,,,,,,,,,
2025-04-10 09:34:49,245.37,245.55,1,244.7,1,246.04,2,246.04,244.7,244.7,1,244.67,1,243.9,3,243.89,2,,,,,,,,,,,,,246.04,2,246.05,1,247.14,16,247.4,5,248.92,4,,,,,,,,,,
2025-04-10 09:34:50,245.37,245.37,1,244.7,1,246.04,2,246.04,244.7,244.7,1,244.67,1,243.9,3,243.89,2,,,,,,,,,,,,,246.04,2,246.05,1,247.14,16,247.4,5,248.92,4,,,,,,,,,,
2025-04-10 09:34:51,245.37,245.37,1,244.7,1,246.04,2,246.04,244.7,244.7,1,244.67,1,243.9,3,243.89,2,,,,,,,,,,,,,246.04,2,246.05,1,247.14,16,247.4,5,248.92,4,,,,,,,,,,
2025-04-10 09:34:52,245.37,245.37,1,244.7,1,246.04,2,246.04,244.7,244.7,1,244.67,1,243.9,3,243.89,2,,,,,,,,,,,,,246.04,2,246.05,1,247.14,16,247.4,5,248.92,4,,,,,,,,,,
2025-04-10 09:34:53,245.37,245.37,1,244.7,1,246.04,2,246.04,244.7,244.7,1,244.67,1,243.9,3,243.89,2,,,,,,,,,,,,,246.04,2,246.05,1,247.14,16,247.4,5,248.92,4,,,,,,,,,,
2025-04-10 09:34:54,245.37,245.37,1,244.7,1,246.04,2,246.04,244.7,244.7,1,244.67,1,243.9,3,243.89,2,,,,,,,,,,,,,246.04,2,246.05,1,247.14,16,247.4,5,248.92,4,,,,,,,,,,
2025-04-10 09:34:55,245.37,245.37,1,244.7,1,246.04,2,246.04,244.7,244.7,1,244.67,1,243.9,3,243.89,2,,,,,,,,,,,,,246.04,2,246.05,1,247.14,16,247.4,5,248.92,4,,,,,,,,,,
2025-04-10 09:34:56,245.37,245.37,1,244.7,1,246.04,2,246.04,244.7,244.7,1,244.67,1,243.9,3,243.89,2,,,,,,,,,,,,,246.04,2,246.05,1,247.14,16,247.4,5,248.92,4,,,,,,,,,,
2025-04-10 09:34:57,245.37,245.37,1,244.7,1,246.04,2,246.04,244.7,244.7,1,244.67,1,243.9,3,243.89,2,,,,,,,,,,,,,246.04,2,246.05,1,247.14,16,247.4,5,248.92,4,,,,,,,,,,
2025-04-10 09:34:58,245.37,245.37,1,244.7,1,246.04,2,246.04,244.7,244.7,1,244.67,1,243.9,3,243.89,2,,,,,,,,,,,,,246.04,2,246.05,1,247.14,16,247.4,5,248.92,4,,,,,,,,,,
2025-04-10 09:34:59,245.37,245.37,1,244.7,1,246.04,2,246.04,244.7,244.7,1,244.67,1,243.9,3,243.89,2,,,,,,,,,,,,,246.04,2,246.05,1,247.14,16,247.4,5,248.92,4,,,,,,,,,,
2025-04-10 09:35:00,245.37,245.37,1,244.7,1,246.04,2,246.04,244.7,244.7,1,244.67,1,243.9,3,243.89,2,,,,,,,,,,,,,246.04,2,246.05,1,247.14,16,247.4,5,248.92,4,,,,,,,,,,
2025-04-10 09:35:01,245.37,245.37,1,244.7,1,246.04,2,246.04,244.7,244.7,1,244.67,1,243.9,3,243.89,2,,,,,,,,,,,,,246.04,2,246.05,1,247.14,16,247.4,5,248.92,4,,,,,,,,,,
2025-04-10 09:35:02,245.475,245.37,1,244.91,2,246.04,2,246.04,244.91,244.91,2,244.7,1,244.67,1,243.9,3,243.89,2,,,,,,,,,,,246.04,2,246.05,1,247.14,16,247.4,5,248.92,4,,,,,,,,,,
2025-04-10 09:35:03,245.475,245.37,1,244.91,2,246.04,2,246.04,244.91,244.91,2,244.7,1,244.67,1,243.9,3,243.89,2,,,,,,,,,,,246.04,2,246.05,1,247.14,16,247.4,5,248.92,4,,,,,,,,,,
2025-04-10 09:35:04,245.475,245.37,1,244.91,2,246.04,2,246.04,244.91,244.91,2,244.7,1,244.67,1,243.9,3,243.89,2,,,,,,,,,,,246.04,2,246.05,1,247.14,16,247.4,5,248.92,4,,,,,,,,,,
2025-04-10 09:35:05,245.475,245.37,1,244.91,2,246.04,2,246.04,244.91,244.91,2,244.7,1,244.67,1,243.9,3,243.89,2,,,,,,,,,,,246.04,2,246.05,1,247.14,16,247.4,5,248.92,4,,,,,,,,,,
2025-04-10 09:35:06,245.475,245.37,1,244.91,2,246.04,2,246.04,244.91,244.91,2,244.7,1,244.67,1,243.9,3,243.89,2,,,,,,,,,,,246.04,2,246.05,1,247.14,16,247.4,5,248.92,4,,,,,,,,,,
2025-04-10 09:35:07,245.37,245.37,1,244.7,1,246.04,2,246.04,244.7,244.7,1,244.67,1,243.9,3,243.89,2,,,,,,,,,,,,,246.04,2,246.05,1,247.14,16,247.4,5,248.92,4,,,,,,,,,,
2025-04-10 09:35:08,245.475,245.37,1,244.91,2,246.04,2,246.04,244.91,244.91,2,244.7,1,244.67,1,243.9,3,243.89,2,,,,,,,,,,,246.04,2,246.05,1,247.14,16,247.4,5,248.92,4,,,,,,,,,,
2025-04-10 09:35:09,245.475,245.37,1,244.91,2,246.04,2,246.04,244.91,244.91,2,244.7,1,244.67,1,243.9,3,243.89,2,,,,,,,,,,,246.04,2,246.05,1,247.14,16,247.4,5,248.92,4,,,,,,,,,,
2025-04-10 09:35:10,245.475,245.37,1,244.91,2,246.04,2,246.04,244.91,244.91,2,244.7,1,244.67,1,243.9,3,243.89,2,,,,,,,,,,,246.04,2,246.05,1,247.14,16,247.4,5,248.92,4,,,,,,,,,,
2025-04-10 09:35:11,245.475,245.37,1,244.91,2,246.04,2,246.04,244.91,244.91,2,244.7,1,244.67,1,243.9,3,243.89,2,,,,,,,,,,,246.04,2,246.05,1,247.14,16,247.4,5,248.92,4,,,,,,,,,,
2025-04-10 09:35:12,245.475,245.37,1,244.91,2,246.04,2,246.04,244.91,244.91,2,244.7,1,244.67,1,243.9,3,243.89,2,,,,,,,,,,,246.04,2,246.05,1,247.14,16,247.4,5,248.92,4,,,,,,,,,,
2025-04-10 09:35:13,245.475,245.37,1,244.91,2,246.04,2,246.04,244.91,244.91,2,244.7,1,244.67,1,243.9,3,243.89,2,,,,,,,,,,,246.04,2,246.05,1,247.14,16,247.4,5,248.92,4,,,,,,,,,,
2025-04-10 09:35:14,245.475,245.37,1,244.91,2,246.04,2,246.04,244.91,244.91,2,244.7,1,244.67,1,243.9,3,243.89,2,,,,,,,,,,,246.04,2,246.05,1,247.14,16,247.4,5,248.92,4,,,,,,,,,,
2025-04-10 09:35:15,245.475,245.37,1,244.91,2,246.04,2,246.04,244.91,244.91,2,244.7,1,244.67,1,243.9,3,243.89,2,,,,,,,,,,,246.04,2,246.05,1,247.14,16,247.4,5,248.92,4,,,,,,,,,,
2025-04-10 09:35:16,245.37,245.37,1,244.7,1,246.04,2,246.04,244.7,244.7,1,244.67,1,243.9,3,243.89,2,,,,,,,,,,,,,246.04,2,246.05,1,247.14,16,247.4,5,248.92,4,,,,,,,,,,
2025-04-10 09:35:17,245.37,245.37,1,244.7,1,246.04,2,246.04,244.7,244.7,1,244.67,1,243.9,3,243.89,2,,,,,,,,,,,,,246.04,2,246.05,1,247.14,16,247.4,5,248.92,4,,,,,,,,,,
2025-04-10 09:35:18,245.37,245.37,1,244.7,1,246.04,2,246.04,244.7,244.7,1,244.67,1,243.9,3,243.89,2,,,,,,,,,,,,,246.04,2,246.05,1,247.14,16,247.4,5,248.92,4,,,,,,,,,,
2025-04-10 09:35:19,245.37,245.37,1,244.7,1,246.04,2,246.04,244.7,244.7,1,244.67,1,243.9,3,243.89,2,,,,,,,,,,,,,246.04,2,246.05,1,247.14,16,247.4,5,248.92,4,,,,,,,,,,
2025-04-10 09:35:20,245.37,245.37,1,244.7,1,246.04,2,246.04,244.7,244.7,1,244.67,1,243.9,3,243.89,2,,,,,,,,,,,,,246.04,2,246.05,1,247.14,16,247.4,5,248.92,4,,,,,,,,,,
2025-04-10 09:35:21,245.37,245.37,1,244.7,1,246.04,2,246.04,244.7,244.7,1,244.67,1,243.9,3,243.89,2,,,,,,,,,,,,,246.04,2,246.05,1,247.14,16,247.4,5,248.92,4,,,,,,,,,,
2025-04-10 09:35:22,245.37,245.37,1,244.7,1,246.04,2,246.04,244.7,244.7,1,244.67,1,243.9,3,243.89,2,,,,,,,,,,,,,246.04,2,246.05,1,247.14,16,247.4,5,248.92,4,,,,,,,,,,
2025-04-10 09:35:23,245.37,245.37,1,244.7,1,246.04,2,246.04,244.7,244.7,1,244.67,1,243.9,3,243.89,2,,,,,,,,,,,,,246.04,2,246.05,1,247.14,16,247.4,5,248.92,4,,,,,,,,,,
2025-04-10 09:35:24,245.355,245.37,1,244.67,1,246.04,2,246.04,244.67,244.67,1,243.9,3,243.89,2,,,,,,,,,,,,,,,246.04,2,246.05,1,247.14,16,247.4,5,248.92,4,,,,,,,,,,
2025-04-10 09:35:25,245.355,245.37,1,244.67,1,246.04,2,246.04,244.67,244.67,1,243.9,3,243.89,2,,,,,,,,,,,,,,,246.04,2,246.05,1,247.14,16,247.4,5,248.92,4,,,,,,,,,,
2025-04-10 09:35:26,245.355,245.37,1,244.67,1,246.04,2,246.04,244.67,244.67,1,243.9,3,243.89,2,,,,,,,,,,,,,,,246.04,2,246.05,1,247.14,16,247.4,5,248.92,4,,,,,,,,,,
2025-04-10 09:35:27,245.355,245.37,1,244.67,1,246.04,2,246.04,244.67,244.67,1,243.9,3,243.89,2,,,,,,,,,,,,,,,246.04,2,246.05,1,247.14,16,247.4,5,248.92,4,,,,,,,,,,
2025-04-10 09:35:28,245.355,245.37,1,244.67,1,246.04,2,246.04,244.67,244.67,1,243.9,3,243.89,2,,,,,,,,,,,,,,,246.04,2,246.05,1,247.14,16,247.4,5,248.92,4,,,,,,,,,,
2025-04-10 09:35:29,245.355,245.37,1,244.67,1,246.04,2,246.04,244.67,244.67,1,243.9,3,243.89,2,,,,,,,,,,,,,,,246.04,2,246.05,1,247.14,16,247.4,5,248.92,4,,,,,,,,,,
2025-04-10 09:35:30,245.355,245.37,1,244.67,1,246.04,2,246.04,244.67,244.67,1,243.9,3,243.89,2,,,,,,,,,,,,,,,246.04,2,246.05,1,247.14,16,247.4,5,248.92,4,,,,,,,,,,
2025-04-10 09:35:31,245.355,245.37,1,244.67,1,246.04,2,246.04,244.67,244.67,1,243.9,3,243.89,2,,,,,,,,,,,,,,,246.04,2,246.05,1,247.14,16,247.4,5,248.92,4,,,,,,,,,,
2025-04-10 09:35:32,245.355,245.37,1,244.67,1,246.04,2,246.04,244.67,244.67,1,243.9,3,243.89,2,,,,,,,,,,,,,,,246.04,2,246.05,1,247.14,16,247.4,5,248.92,4,,,,,,,,,,
2025-04-10 09:35:33,245.355,245.37,1,244.67,1,246.04,2,246.04,244.67,244.67,1,243.9,3,243.89,2,,,,,,,,,,,,,,,246.04,2,246.05,1,247.14,16,247.4,5,248.92,4,,,,,,,,,,
2025-04-10 09:35:34,245.355,245.37,1,244.67,1,246.04,2,246.04,244.67,244.67,1,243.9,3,243.89,2,,,,,,,,,,,,,,,246.04,2,246.05,1,247.14,16,247.4,5,248.92,4,,,,,,,,,,
2025-04-10 09:35:35,245.355,245.37,1,244.67,1,246.04,2,246.04,244.67,244.67,1,243.9,3,243.89,2,,,,,,,,,,,,,,,246.04,2,246.05,1,247.14,16,247.4,5,248.92,4,,,,,,,,,,
2025-04-10 09:35:36,245.355,245.37,1,244.67,1,246.04,2,246.04,244.67,244.67,1,243.9,3,243.89,2,,,,,,,,,,,,,,,246.04,2,246.05,1,247.14,16,247.4,5,248.92,4,,,,,,,,,,
2025-04-10 09:35:37,245.355,245.37,1,244.67,1,246.04,2,246.04,244.67,244.67,1,243.9,3,243.89,2,,,,,,,,,,,,,,,246.04,2,246.05,1,247.14,16,247.4,5,248.92,4,,,,,,,,,,
2025-04-10 09:35:38,245.355,245.37,1,244.67,1,246.04,2,246.04,244.67,244.67,1,243.9,3,243.89,2,,,,,,,,,,,,,,,246.04,2,246.05,1,247.14,16,247.4,5,248.92,4,,,,,,,,,,
2025-04-10 09:35:39,245.355,245.37,1,244.67,1,246.04,2,246.04,244.67,244.67,1,243.9,3,243.89,2,,,,,,,,,,,,,,,246.04,2,246.05,1,247.14,16,247.4,5,248.92,4,,,,,,,,,,
2025-04-10 09:35:40,245.355,245.37,1,244.67,1,246.04,2,246.04,244.67,244.67,1,243.9,3,243.89,2,,,,,,,,,,,,,,,246.04,2,246.05,1,247.14,16,247.4,5,248.92,4,,,,,,,,,,
2025-04-10 09:35:41,245.355,245.37,1,244.67,1,246.04,2,246.04,244.67,244.67,1,243.9,3,243.89,2,,,,,,,,,,,,,,,246.04,2,246.05,1,247.14,16,247.4,5,248.92,4,,,,,,,,,,
2025-04-10 09:35:42,245.355,245.37,1,244.67,1,246.04,2,246.04,244.67,244.67,1,243.9,3,243.89,2,,,,,,,,,,,,,,,246.04,2,246.05,1,247.14,16,247.4,5,248.92,4,,,,,,,,,,
2025-04-10 09:35:43,245.355,245.37,1,244.67,1,246.04,2,246.04,244.67,244.67,1,243.9,3,243.89,2,,,,,,,,,,,,,,,246.04,2,246.05,1,247.14,16,247.4,5,248.92,4,,,,,,,,,,
2025-04-10 09:35:44,245.355,245.37,1,244.67,1,246.04,2,246.04,244.67,244.67,1,243.9,3,243.89,2,,,,,,,,,,,,,,,246.04,2,246.05,1,247.14,16,247.4,5,248.92,4,,,,,,,,,,
2025-04-10 09:35:45,245.355,245.37,1,244.67,1,246.04,2,246.04,244.67,244.67,1,243.9,3,243.89,2,,,,,,,,,,,,,,,246.04,2,246.05,1,247.14,16,247.4,5,248.92,4,,,,,,,,,,
2025-04-10 09:35:46,245.355,245.37,1,244.67,1,246.04,2,246.04,244.67,244.67,1,243.9,3,243.89,2,,,,,,,,,,,,,,,246.04,2,246.05,1,247.14,16,247.4,5,248.92,4,,,,,,,,,,
2025-04-10 09:35:47,245.355,245.37,1,244.67,1,246.04,2,246.04,244.67,244.67,1,243.9,3,243.89,2,,,,,,,,,,,,,,,246.04,2,246.05,1,247.14,16,247.4,5,248.92,4,,,,,,,,,,
2025-04-10 09:35:48,245.965,245.97,1,245.17,3,246.76,4,246.76,245.17,245.17,3,245.16,1,244.68,1,244.67,1,243.9,3,243.89,2,,,,,,,,,246.76,4,246.78,3,247.14,16,247.4,5,248.92,4,,,,,,,,,,
2025-04-10 09:35:49,245.965,245.97,1,245.17,3,246.76,4,246.76,245.17,245.17,3,245.16,1,244.68,1,244.67,1,243.9,3,243.89,2,,,,,,,,,246.76,4,246.78,3,247.14,16,247.4,5,248.92,4,,,,,,,,,,
2025-04-10 09:35:50,245.965,245.97,1,245.17,3,246.76,4,246.76,245.17,245.17,3,245.16,1,244.68,1,244.67,1,243.9,3,243.89,2,,,,,,,,,246.76,4,246.78,3,247.14,16,247.4,5,248.92,4,,,,,,,,,,
2025-04-10 09:35:51,245.965,245.97,1,245.17,3,246.76,4,246.76,245.17,245.17,3,245.16,1,244.68,1,244.67,1,243.9,3,243.89,2,,,,,,,,,246.76,4,246.78,3,247.14,16,247.4,5,248.92,4,,,,,,,,,,
2025-04-10 09:35:52,246.165,246.15,1,245.17,3,247.16,2,247.16,245.17,245.17,3,245.16,1,244.68,1,244.67,1,243.9,3,243.89,2,,,,,,,,,247.16,2,247.2,3,247.4,5,248.92,4,,,,,,,,,,,,
2025-04-10 09:35:53,246.165,246.15,1,245.17,3,247.16,4,247.16,245.17,245.17,3,245.16,1,244.68,1,244.67,1,243.9,3,243.89,2,,,,,,,,,247.16,4,247.2,3,247.4,5,248.92,4,,,,,,,,,,,,
2025-04-10 09:35:54,246.165,246.15,1,245.17,3,247.16,4,247.16,245.17,245.17,3,245.16,1,244.68,1,244.67,1,243.9,3,243.89,2,,,,,,,,,247.16,4,247.2,3,247.4,5,248.92,4,,,,,,,,,,,,
2025-04-10 09:35:55,246.165,246.15,1,245.17,3,247.16,4,247.16,245.17,245.17,3,245.16,1,244.68,1,244.67,1,243.9,3,243.89,2,,,,,,,,,247.16,4,247.2,3,247.4,5,248.92,4,,,,,,,,,,,,
2025-04-10 09:35:56,246.165,246.15,1,245.17,2,247.16,4,247.16,245.17,245.17,2,245.16,1,244.68,1,244.67,1,243.9,3,243.89,2,,,,,,,,,247.16,4,247.2,3,247.4,5,248.92,4,,,,,,,,,,,,
2025-04-10 09:35:57,246.165,246.15,1,245.17,2,247.16,4,247.16,245.17,245.17,2,245.16,1,244.68,1,244.67,1,243.9,3,243.89,2,,,,,,,,,247.16,4,247.2,3,247.4,5,248.92,4,,,,,,,,,,,,
2025-04-10 09:35:58,246.165,246.15,1,245.17,2,247.16,4,247.16,245.17,245.17,2,245.16,1,244.68,1,244.67,1,243.9,3,243.89,2,,,,,,,,,247.16,4,247.2,3,247.4,5,248.92,4,,,,,,,,,,,,
2025-04-10 09:35:59,246.165,246.15,1,245.17,2,247.16,4,247.16,245.17,245.17,2,245.16,1,244.68,1,244.67,1,243.9,3,243.89,2,,,,,,,,,247.16,4,247.2,3,247.4,5,248.92,4,,,,,,,,,,,,
2025-04-10 09:36:00,246.165,246.15,1,245.17,2,247.16,4,247.16,245.17,245.17,2,245.16,1,244.68,1,244.67,1,243.9,3,243.89,2,,,,,,,,,247.16,4,247.2,3,247.4,5,248.92,4,,,,,,,,,,,,
2025-04-10 09:36:01,246.165,246.15,1,245.17,2,247.16,4,247.16,245.17,245.17,2,245.16,1,244.68,1,244.67,1,243.9,3,243.89,2,,,,,,,,,247.16,4,247.2,3,247.4,5,248.92,4,,,,,,,,,,,,
2025-04-10 09:36:02,246.165,246.15,1,245.17,2,247.16,4,247.16,245.17,245.17,2,245.16,1,244.68,1,244.67,1,243.9,3,243.89,2,,,,,,,,,247.16,4,247.2,3,247.4,5,248.92,4,,,,,,,,,,,,
2025-04-10 09:36:03,246.165,246.15,1,245.17,2,247.16,4,247.16,245.17,245.17,2,245.16,1,244.68,1,244.67,1,243.9,3,243.89,2,,,,,,,,,247.16,4,247.2,3,247.4,5,248.92,4,,,,,,,,,,,,
2025-04-10 09:36:04,246.165,246.15,1,245.17,2,247.16,4,247.16,245.17,245.17,2,245.16,1,244.68,1,244.67,1,243.9,3,243.89,2,,,,,,,,,247.16,4,247.2,3,247.4,5,248.92,4,,,,,,,,,,,,
2025-04-10 09:36:05,246.165,246.15,1,245.17,3,247.16,5,247.16,245.17,245.17,3,245.16,1,244.68,1,244.67,1,243.9,3,243.89,2,,,,,,,,,247.16,5,247.2,3,247.4,5,248.92,4,,,,,,,,,,,,
2025-04-10 09:36:06,246.165,246.15,1,245.17,3,247.16,5,247.16,245.17,245.17,3,245.16,1,244.68,1,244.67,1,243.9,3,243.89,2,,,,,,,,,247.16,5,247.2,3,247.4,5,248.92,4,,,,,,,,,,,,
2025-04-10 09:36:07,246.165,246.15,1,245.17,3,247.16,5,247.16,245.17,245.17,3,245.16,1,244.68,1,244.67,1,243.9,3,243.89,2,,,,,,,,,247.16,5,247.2,3,247.4,5,248.92,4,,,,,,,,,,,,
2025-04-10 09:36:08,246.165,246.15,1,245.17,3,247.16,5,247.16,245.17,245.17,3,245.16,1,244.68,1,244.67,1,243.9,3,243.89,2,,,,,,,,,247.16,5,247.2,3,247.4,5,248.92,4,,,,,,,,,,,,
2025-04-10 09:36:09,246.165,246.15,1,245.17,3,247.16,5,247.16,245.17,245.17,3,245.16,1,244.68,1,244.67,1,243.9,3,243.89,2,,,,,,,,,247.16,5,247.2,3,247.4,5,248.92,4,,,,,,,,,,,,
2025-04-10 09:36:10,246.165,246.15,1,245.17,3,247.16,5,247.16,245.17,245.17,3,245.16,1,244.68,1,244.67,1,243.9,3,243.89,2,,,,,,,,,247.16,5,247.2,3,247.4,5,248.92,4,,,,,,,,,,,,
2025-04-10 09:36:11,246.165,246.15,1,245.17,3,247.16,5,247.16,245.17,245.17,3,245.16,1,244.68,1,244.67,1,243.9,3,243.89,2,,,,,,,,,247.16,5,247.2,3,247.4,5,248.92,4,,,,,,,,,,,,
2025-04-10 09:36:12,246.165,246.15,1,245.17,2,247.16,5,247.16,245.17,245.17,2,245.16,1,244.68,1,244.67,1,243.9,3,243.89,2,,,,,,,,,247.16,5,247.2,3,247.4,5,248.92,4,,,,,,,,,,,,
2025-04-10 09:36:13,246.165,246.15,1,245.17,2,247.16,5,247.16,245.17,245.17,2,245.16,1,244.68,1,244.67,1,243.9,3,243.89,2,,,,,,,,,247.16,5,247.2,3,247.4,5,248.92,4,,,,,,,,,,,,
2025-04-10 09:36:14,246.165,246.15,1,245.17,2,247.16,5,247.16,245.17,245.17,2,245.16,1,244.68,1,244.67,1,243.9,3,243.89,2,,,,,,,,,247.16,5,247.2,3,247.4,5,248.92,4,,,,,,,,,,,,
2025-04-10 09:36:15,246.165,246.17,1,245.17,2,247.16,5,247.16,245.17,245.17,2,245.16,1,244.68,1,244.67,1,243.9,3,243.89,2,,,,,,,,,247.16,5,247.2,3,247.4,5,248.92,4,,,,,,,,,,,,
2025-04-10 09:36:16,246.165,246.17,1,245.17,2,247.16,5,247.16,245.17,245.17,2,245.16,1,244.68,1,244.67,1,243.9,3,243.89,2,,,,,,,,,247.16,5,247.2,3,247.4,5,248.92,4,,,,,,,,,,,,
2025-04-10 09:36:17,246.165,246.17,1,245.17,2,247.16,5,247.16,245.17,245.17,2,245.16,1,244.68,1,244.67,1,243.9,3,243.89,2,,,,,,,,,247.16,5,247.2,3,247.4,5,248.92,4,,,,,,,,,,,,
2025-04-10 09:36:18,246.165,246.17,1,245.17,2,247.16,5,247.16,245.17,245.17,2,245.16,1,244.68,1,244.67,1,243.9,3,243.89,2,,,,,,,,,247.16,5,247.2,3,247.4,5,248.92,4,,,,,,,,,,,,
2025-04-10 09:36:19,246.165,246.17,1,245.17,2,247.16,5,247.16,245.17,245.17,2,245.16,1,244.68,1,244.67,1,243.9,3,243.89,2,,,,,,,,,247.16,5,247.2,3,247.4,5,248.92,4,,,,,,,,,,,,
2025-04-10 09:36:20,246.165,246.17,1,245.17,2,247.16,5,247.16,245.17,245.17,2,245.16,1,244.68,1,244.67,1,243.9,3,243.89,2,,,,,,,,,247.16,5,247.2,3,247.4,5,248.92,4,,,,,,,,,,,,
2025-04-10 09:36:21,246.165,246.17,1,245.17,2,247.16,5,247.16,245.17,245.17,2,245.16,1,244.68,1,244.67,1,243.9,3,243.89,2,,,,,,,,,247.16,5,247.2,3,247.4,5,248.92,4,,,,,,,,,,,,
2025-04-10 09:36:22,246.165,246.17,1,245.17,2,247.16,5,247.16,245.17,245.17,2,245.16,1,244.68,1,244.67,1,243.9,3,243.89,2,,,,,,,,,247.16,5,247.2,3,247.4,5,248.92,4,,,,,,,,,,,,
2025-04-10 09:36:23,246.165,246.17,1,245.17,2,247.16,5,247.16,245.17,245.17,2,245.16,1,244.68,1,244.67,1,243.9,3,243.89,2,,,,,,,,,247.16,5,247.2,3,247.4,5,248.92,4,,,,,,,,,,,,
2025-04-10 09:36:24,246.165,246.17,1,245.17,2,247.16,5,247.16,245.17,245.17,2,245.16,1,244.68,1,244.67,1,243.9,3,243.89,2,,,,,,,,,247.16,5,247.2,3,247.4,5,248.92,4,,,,,,,,,,,,
2025-04-10 09:36:25,246.165,246.17,1,245.17,2,247.16,5,247.16,245.17,245.17,2,245.16,1,244.68,1,244.67,1,243.9,3,243.89,2,,,,,,,,,247.16,5,247.2,3,247.4,5,248.92,4,,,,,,,,,,,,
2025-04-10 09:36:26,246.645,246.17,1,246.1,1,247.19,1,247.19,246.1,246.1,1,245.99,2,245.18,6,245.17,2,245.16,1,244.68,1,244.67,1,243.9,3,243.89,2,,,247.19,1,247.2,3,247.4,5,248.92,4,,,,,,,,,,,,
2025-04-10 09:36:27,246.65,246.17,1,246.11,2,247.19,1,247.19,246.11,246.11,2,246.1,2,245.99,2,245.18,6,245.17,2,245.16,1,244.68,1,244.67,1,243.9,3,243.89,2,247.19,1,247.2,3,247.4,5,248.92,4,,,,,,,,,,,,
2025-04-10 09:36:28,246.65,246.65,1,246.11,2,247.19,1,247.19,246.11,246.11,2,246.1,2,245.99,2,245.18,6,245.17,2,245.16,1,244.68,1,244.67,1,243.9,3,243.89,2,247.19,1,247.2,3,247.4,5,248.92,4,,,,,,,,,,,,
2025-04-10 09:36:29,246.65,246.65,1,246.11,2,247.19,1,247.19,246.11,246.11,2,246.1,2,245.99,2,245.18,6,245.17,2,245.16,1,244.68,1,244.67,1,243.9,3,243.89,2,247.19,1,247.2,3,247.4,5,248.92,4,,,,,,,,,,,,
2025-04-10 09:36:30,246.65,246.65,1,246.11,1,247.19,1,247.19,246.11,246.11,1,246.1,2,245.99,2,245.18,6,245.17,2,245.16,1,244.68,1,244.67,1,243.9,3,243.89,2,247.19,1,247.2,3,247.4,5,248.92,4,,,,,,,,,,,,
2025-04-10 09:36:31,246.65,246.65,1,246.11,1,247.19,1,247.19,246.11,246.11,1,246.1,2,245.99,2,245.18,6,245.17,2,245.16,1,244.68,1,244.67,1,243.9,3,243.89,2,247.19,1,247.2,3,247.4,5,248.92,4,,,,,,,,,,,,
2025-04-10 09:36:32,246.65,246.65,1,246.11,1,247.19,1,247.19,246.11,246.11,1,246.1,2,245.99,2,245.18,6,245.17,2,245.16,1,244.68,1,244.67,1,243.9,3,243.89,2,247.19,1,247.2,3,247.4,5,248.92,4,,,,,,,,,,,,
2025-04-10 09:36:33,246.65,246.65,1,246.11,1,247.19,1,247.19,246.11,246.11,1,246.1,2,245.99,2,245.18,6,245.17,2,245.16,1,244.68,1,244.67,1,243.9,3,243.89,2,247.19,1,247.2,3,247.4,5,248.92,4,,,,,,,,,,,,
2025-04-10 09:36:34,246.65,246.65,1,246.11,1,247.19,1,247.19,246.11,246.11,1,246.1,2,245.99,2,245.18,6,245.17,2,245.16,1,244.68,1,244.67,1,243.9,3,243.89,2,247.19,1,247.2,3,247.4,5,248.92,4,,,,,,,,,,,,
2025-04-10 09:36:35,246.65,246.65,1,246.11,1,247.19,1,247.19,246.11,246.11,1,246.1,2,245.99,2,245.18,6,245.17,2,245.16,1,244.68,1,244.67,1,243.9,3,243.89,2,247.19,1,247.2,3,247.4,5,248.92,4,,,,,,,,,,,,
2025-04-10 09:36:36,246.65,246.65,1,246.11,1,247.19,1,247.19,246.11,246.11,1,246.1,2,245.99,2,245.18,6,245.17,2,245.16,1,244.68,1,244.67,1,243.9,3,243.89,2,247.19,1,247.2,3,247.4,5,248.92,4,,,,,,,,,,,,
2025-04-10 09:36:37,246.65,246.65,1,246.11,1,247.19,1,247.19,246.11,246.11,1,246.1,2,245.99,2,245.18,6,245.17,2,245.16,1,244.68,1,244.67,1,243.9,3,243.89,2,247.19,1,247.2,3,247.4,5,248.92,4,,,,,,,,,,,,
2025-04-10 09:36:38,246.65,246.65,2,246.11,1,247.19,1,247.19,246.11,246.11,1,246.1,2,245.99,2,245.18,6,245.17,2,245.16,1,244.68,1,244.67,1,243.9,3,243.89,2,247.19,1,247.2,3,247.4,5,248.92,4,,,,,,,,,,,,
2025-04-10 09:36:39,246.65,246.65,2,246.11,1,247.19,1,247.19,246.11,246.11,1,246.1,2,245.99,2,245.18,6,245.17,2,245.16,1,244.68,1,244.67,1,243.9,3,243.89,2,247.19,1,247.2,3,247.4,5,248.92,4,,,,,,,,,,,,
2025-04-10 09:36:40,246.65,246.65,2,246.11,1,247.19,1,247.19,246.11,246.11,1,246.1,2,245.99,2,245.18,6,245.17,2,245.16,1,244.68,1,244.67,1,243.9,3,243.89,2,247.19,1,247.2,3,247.4,5,248.92,4,,,,,,,,,,,,
2025-04-10 09:36:41,246.65,246.65,2,246.11,1,247.19,1,247.19,246.11,246.11,1,246.1,2,245.99,2,245.18,6,245.17,2,245.16,1,244.68,1,244.67,1,243.9,3,243.89,2,247.19,1,247.2,3,247.4,5,248.92,4,,,,,,,,,,,,
2025-04-10 09:36:42,246.65,246.65,2,246.11,1,247.19,1,247.19,246.11,246.11,1,246.1,2,245.99,2,245.18,6,245.17,2,245.16,1,244.68,1,244.67,1,243.9,3,243.89,2,247.19,1,247.2,3,247.4,5,248.92,4,,,,,,,,,,,,
2025-04-10 09:36:43,246.65,246.65,2,246.11,1,247.19,1,247.19,246.11,246.11,1,246.1,2,245.99,2,245.18,6,245.17,2,245.16,1,244.68,1,244.67,1,243.9,3,243.89,2,247.19,1,247.2,3,247.4,5,248.92,4,,,,,,,,,,,,
2025-04-10 09:36:44,246.65,246.65,2,246.11,1,247.19,1,247.19,246.11,246.11,1,246.1,2,245.99,2,245.18,6,245.17,2,245.16,1,244.68,1,244.67,1,243.9,3,243.89,2,247.19,1,247.2,3,247.4,5,248.92,4,,,,,,,,,,,,
2025-04-10 09:36:45,246.65,246.65,2,246.11,1,247.19,1,247.19,246.11,246.11,1,246.1,2,245.99,2,245.18,6,245.17,2,245.16,1,244.68,1,244.67,1,243.9,3,243.89,2,247.19,1,247.2,3,247.4,5,248.92,4,,,,,,,,,,,,
2025-04-10 09:36:46,246.65,246.65,2,246.11,1,247.19,1,247.19,246.11,246.11,1,246.1,2,245.99,2,245.18,6,245.17,2,245.16,1,244.68,1,244.67,1,243.9,3,243.89,2,247.19,1,247.2,3,247.4,5,248.92,4,,,,,,,,,,,,
2025-04-10 09:36:47,246.65,246.65,2,246.11,1,247.19,1,247.19,246.11,246.11,1,246.1,2,245.99,2,245.18,6,245.17,2,245.16,1,244.68,1,244.67,1,243.9,3,243.89,2,247.19,1,247.2,3,247.4,5,248.92,4,,,,,,,,,,,,
2025-04-10 09:36:48,246.65,246.65,2,246.11,1,247.19,1,247.19,246.11,246.11,1,246.1,2,245.99,2,245.18,6,245.17,2,245.16,1,244.68,1,244.67,1,243.9,3,243.89,2,247.19,1,247.2,3,247.4,5,248.92,4,,,,,,,,,,,,
2025-04-10 09:36:49,246.65,246.65,2,246.11,1,247.19,1,247.19,246.11,246.11,1,246.1,2,245.99,2,245.18,6,245.17,2,245.16,1,244.68,1,244.67,1,243.9,3,243.89,2,247.19,1,247.2,3,247.4,5,248.92,4,,,,,,,,,,,,
2025-04-10 09:36:50,246.65,246.65,2,246.11,1,247.19,1,247.19,246.11,246.11,1,246.1,2,245.99,2,245.18,6,245.17,2,245.16,1,244.68,1,244.67,1,243.9,3,243.89,2,247.19,1,247.2,3,247.4,5,248.92,4,,,,,,,,,,,,
2025-04-10 09:36:51,246.65,246.65,2,246.11,1,247.19,1,247.19,246.11,246.11,1,246.1,2,245.99,2,245.18,6,245.17,2,245.16,1,244.68,1,244.67,1,243.9,3,243.89,2,247.19,1,247.2,3,247.4,5,248.92,4,,,,,,,,,,,,
2025-04-10 09:36:52,246.65,246.65,1,246.11,1,247.19,1,247.19,246.11,246.11,1,246.1,2,245.99,2,245.18,6,245.17,2,245.16,1,244.68,1,244.67,1,243.9,3,243.89,2,247.19,1,247.2,3,247.4,5,248.92,4,,,,,,,,,,,,
2025-04-10 09:36:53,246.65,246.65,1,246.11,1,247.19,1,247.19,246.11,246.11,1,246.1,2,245.99,2,245.18,6,245.17,2,245.16,1,244.68,1,244.67,1,243.9,3,243.89,2,247.19,1,247.2,3,247.4,5,248.92,4,,,,,,,,,,,,
2025-04-10 09:36:54,246.65,246.65,1,246.11,1,247.19,1,247.19,246.11,246.11,1,246.1,2,245.99,2,245.18,6,245.17,2,245.16,1,244.68,1,244.67,1,243.9,3,243.89,2,247.19,1,247.2,3,247.4,5,248.92,4,,,,,,,,,,,,
2025-04-10 09:36:55,246.65,246.65,1,246.11,1,247.19,1,247.19,246.11,246.11,1,246.1,2,245.99,2,245.18,6,245.17,2,245.16,1,244.68,1,244.67,1,243.9,3,243.89,2,247.19,1,247.2,3,247.4,5,248.92,4,,,,,,,,,,,,
2025-04-10 09:36:56,246.65,246.65,1,246.11,1,247.19,1,247.19,246.11,246.11,1,246.1,2,245.99,2,245.18,6,245.17,2,245.16,1,244.68,1,244.67,1,243.9,3,243.89,2,247.19,1,247.2,3,247.4,5,248.92,4,,,,,,,,,,,,
2025-04-10 09:36:57,246.65,246.65,1,246.11,1,247.19,1,247.19,246.11,246.11,1,246.1,2,245.99,2,245.18,6,245.17,2,245.16,1,244.68,1,244.67,1,243.9,3,243.89,2,247.19,1,247.2,3,247.4,5,248.92,4,,,,,,,,,,,,
2025-04-10 09:36:58,246.65,246.65,1,246.11,1,247.19,1,247.19,246.11,246.11,1,246.1,2,245.99,2,245.18,6,245.17,2,245.16,1,244.68,1,244.67,1,243.9,3,243.89,2,247.19,1,247.2,3,247.4,5,248.92,4,,,,,,,,,,,,
2025-04-10 09:36:59,246.65,246.65,1,246.11,1,247.19,1,247.19,246.11,246.11,1,246.1,2,245.99,2,245.18,6,245.17,2,245.16,1,244.68,1,244.67,1,243.9,3,243.89,2,247.19,1,247.2,3,247.4,5,248.92,4,,,,,,,,,,,,
2025-04-10 09:37:00,246.67,246.65,1,246.15,2,247.19,1,247.19,246.15,246.15,2,245.93,1,245.18,6,245.17,2,245.16,1,244.68,1,244.67,1,243.9,3,243.89,2,,,247.19,1,247.2,3,247.4,5,248.92,4,,,,,,,,,,,,
2025-04-10 09:37:01,246.67,246.65,1,246.15,2,247.19,1,247.19,246.15,246.15,2,245.93,1,245.18,6,245.17,2,245.16,1,244.68,1,244.67,1,243.9,3,243.89,2,,,247.19,1,247.2,3,247.4,5,248.92,4,,,,,,,,,,,,
2025-04-10 09:37:02,246.67,246.65,1,246.15,2,247.19,1,247.19,246.15,246.15,2,245.93,1,245.18,6,245.17,2,245.16,1,244.68,1,244.67,1,243.9,3,243.89,2,,,247.19,1,247.2,3,247.4,5,248.92,4,,,,,,,,,,,,
2025-04-10 09:37:03,246.67,246.65,1,246.15,2,247.19,1,247.19,246.15,246.15,2,245.93,1,245.18,6,245.17,2,245.16,1,244.68,1,244.67,1,243.9,3,243.89,2,,,247.19,1,247.2,3,247.4,5,248.92,4,,,,,,,,,,,,
2025-04-10 09:37:04,246.67,246.65,1,246.15,2,247.19,1,247.19,246.15,246.15,2,245.93,1,245.18,6,245.17,2,245.16,1,244.68,1,244.67,1,243.9,3,243.89,2,,,247.19,1,247.2,3,247.4,5,248.92,4,,,,,,,,,,,,
2025-04-10 09:37:05,246.67,246.65,1,246.15,1,247.19,1,247.19,246.15,246.15,1,245.93,1,245.18,6,245.17,2,245.16,1,244.68,1,244.67,1,243.9,3,243.89,2,,,247.19,1,247.2,3,247.4,5,248.92,4,,,,,,,,,,,,
2025-04-10 09:37:06,246.67,246.67,1,246.15,1,247.19,1,247.19,246.15,246.15,1,245.93,1,245.18,6,245.17,2,245.16,1,244.68,1,244.67,1,243.9,3,243.89,2,,,247.19,1,247.2,3,247.4,5,248.92,4,,,,,,,,,,,,
2025-04-10 09:37:07,246.67,246.67,1,246.15,1,247.19,1,247.19,246.15,246.15,1,245.93,1,245.18,6,245.17,2,245.16,1,244.68,1,244.67,1,243.9,3,243.89,2,,,247.19,1,247.2,3,247.4,5,248.92,4,,,,,,,,,,,,
2025-04-10 09:37:08,246.67,246.67,1,246.15,1,247.19,1,247.19,246.15,246.15,1,245.93,1,245.18,6,245.17,2,245.16,1,244.68,1,244.67,1,243.9,3,243.89,2,,,247.19,1,247.2,3,247.4,5,248.92,4,,,,,,,,,,,,
2025-04-10 09:37:09,246.67,246.67,1,246.15,1,247.19,1,247.19,246.15,246.15,1,245.93,1,245.18,6,245.17,2,245.16,1,244.68,1,244.67,1,243.9,3,243.89,2,,,247.19,1,247.2,3,247.4,5,248.92,4,,,,,,,,,,,,
2025-04-10 09:37:10,246.67,246.67,1,246.15,1,247.19,1,247.19,246.15,246.15,1,245.93,1,245.18,6,245.17,2,245.16,1,244.68,1,244.67,1,243.9,3,243.89,2,,,247.19,1,247.2,3,247.4,5,248.92,4,,,,,,,,,,,,
2025-04-10 09:37:11,245.88,245.99,1,244.97,1,246.79,3,246.79,244.97,244.97,1,244.96,1,244.68,1,244.67,1,243.9,3,243.89,2,,,,,,,,,246.79,3,247.17,1,247.18,3,247.19,1,247.2,3,247.4,5,248.92,4,,,,,,
2025-04-10 09:37:12,245.895,245.99,1,245.0,1,246.79,3,246.79,245.0,245.0,1,244.98,1,244.97,1,244.96,1,244.68,1,244.67,1,243.9,3,243.89,2,,,,,246.79,3,247.17,1,247.18,3,247.19,1,247.2,3,247.4,5,248.92,4,,,,,,
2025-04-10 09:37:13,245.895,245.99,1,245.0,1,246.79,3,246.79,245.0,245.0,1,244.98,1,244.97,1,244.96,1,244.68,1,244.67,1,243.9,3,243.89,2,,,,,246.79,3,247.17,1,247.18,3,247.19,1,247.2,3,247.4,5,248.92,4,,,,,,
2025-04-10 09:37:14,245.895,245.99,1,245.0,1,246.79,3,246.79,245.0,245.0,1,244.98,1,244.97,1,244.96,1,244.68,1,244.67,1,243.9,3,243.89,2,,,,,246.79,3,247.17,1,247.18,3,247.19,1,247.2,3,247.4,5,248.92,4,,,,,,
2025-04-10 09:37:15,245.895,245.99,1,245.0,1,246.79,3,246.79,245.0,245.0,1,244.98,1,244.97,1,244.96,1,244.68,1,244.67,1,243.9,3,243.89,2,,,,,246.79,3,247.17,1,247.18,3,247.19,1,247.2,3,247.4,5,248.92,4,,,,,,
2025-04-10 09:37:16,245.895,245.99,1,245.0,1,246.79,3,246.79,245.0,245.0,1,244.98,1,244.97,1,244.96,1,244.68,1,244.67,1,243.9,3,243.89,2,,,,,246.79,3,247.17,1,247.18,3,247.19,1,247.2,3,247.4,5,248.92,4,,,,,,
2025-04-10 09:37:17,245.895,245.99,1,245.0,1,246.79,3,246.79,245.0,245.0,1,244.98,1,244.97,1,244.96,1,244.68,1,244.67,1,243.9,3,243.89,2,,,,,246.79,3,247.17,1,247.18,3,247.19,1,247.2,3,247.4,5,248.92,4,,,,,,
2025-04-10 09:37:18,245.895,245.99,1,245.0,1,246.79,3,246.79,245.0,245.0,1,244.98,1,244.97,1,244.96,1,244.68,1,244.67,1,243.9,3,243.89,2,,,,,246.79,3,247.17,1,247.18,3,247.19,1,247.2,3,247.4,5,248.92,4,,,,,,
2025-04-10 09:37:19,245.895,245.99,1,245.0,1,246.79,3,246.79,245.0,245.0,1,244.98,1,244.97,1,244.96,1,244.68,1,244.67,1,243.9,3,243.89,2,,,,,246.79,3,247.17,1,247.18,3,247.19,1,247.2,3,247.4,5,248.92,4,,,,,,
2025-04-10 09:37:20,245.895,245.99,1,245.0,1,246.79,3,246.79,245.0,245.0,1,244.98,1,244.97,1,244.96,1,244.68,1,244.67,1,243.9,3,243.89,2,,,,,246.79,3,247.17,1,247.18,3,247.19,1,247.2,3,247.4,5,248.92,4,,,,,,
2025-04-10 09:37:21,245.895,245.99,1,245.0,1,246.79,3,246.79,245.0,245.0,1,244.98,1,244.97,1,244.96,1,244.68,1,244.67,1,243.9,3,243.89,2,,,,,246.79,3,247.17,1,247.18,3,247.19,1,247.2,3,247.4,5,248.92,4,,,,,,
2025-04-10 09:37:22,245.895,245.99,1,245.0,1,246.79,3,246.79,245.0,245.0,1,244.98,1,244.97,1,244.96,1,244.68,1,244.67,1,243.9,3,243.89,2,,,,,246.79,3,247.17,1,247.18,3,247.19,1,247.2,3,247.4,5,248.92,4,,,,,,
2025-04-10 09:37:23,245.895,245.99,1,245.0,1,246.79,3,246.79,245.0,245.0,1,244.98,1,244.97,1,244.96,1,244.68,1,244.67,1,243.9,3,243.89,2,,,,,246.79,3,247.17,1,247.18,3,247.19,1,247.2,3,247.4,5,248.92,4,,,,,,
2025-04-10 09:37:24,245.895,245.99,1,245.0,1,246.79,3,246.79,245.0,245.0,1,244.98,1,244.97,1,244.96,1,244.68,1,244.67,1,243.9,3,243.89,2,,,,,246.79,3,247.17,1,247.18,3,247.19,1,247.2,3,247.4,5,248.92,4,,,,,,
2025-04-10 09:37:25,245.895,245.99,1,245.0,1,246.79,3,246.79,245.0,245.0,1,244.98,1,244.97,1,244.96,1,244.68,1,244.67,1,243.9,3,243.89,2,,,,,246.79,3,247.17,1,247.18,3,247.19,1,247.2,3,247.4,5,248.92,4,,,,,,
2025-04-10 09:37:26,245.895,245.99,1,245.0,1,246.79,3,246.79,245.0,245.0,1,244.98,1,244.97,1,244.96,1,244.68,1,244.67,1,243.9,3,243.89,2,,,,,246.79,3,247.17,1,247.18,3,247.19,1,247.2,3,247.4,5,248.92,4,,,,,,
2025-04-10 09:37:27,245.895,245.99,1,245.0,1,246.79,3,246.79,245.0,245.0,1,244.98,1,244.97,1,244.96,1,244.68,1,244.67,1,243.9,3,243.89,2,,,,,246.79,3,247.17,1,247.18,3,247.19,1,247.2,3,247.4,5,248.92,4,,,,,,
2025-04-10 09:37:28,245.9,245.99,1,245.01,1,246.79,3,246.79,245.01,245.01,1,245.0,1,244.98,1,244.97,1,244.96,1,244.68,1,244.67,1,243.9,3,243.89,2,,,246.79,3,247.17,1,247.18,3,247.19,1,247.2,3,247.4,5,248.92,4,,,,,,
2025-04-10 09:37:29,245.9,245.99,1,245.01,1,246.79,3,246.79,245.01,245.01,1,245.0,1,244.98,1,244.97,1,244.96,1,244.68,1,244.67,1,243.9,3,243.89,2,,,246.79,3,247.17,1,247.18,3,247.19,1,247.2,3,247.4,5,248.92,4,,,,,,
2025-04-10 09:37:30,245.95,245.99,1,245.11,1,246.79,3,246.79,245.11,245.11,1,245.01,1,245.0,1,244.98,1,244.97,1,244.96,1,244.68,1,244.67,1,243.9,3,243.89,2,246.79,3,247.17,1,247.18,3,247.19,1,247.2,3,247.4,5,248.92,4,,,,,,
2025-04-10 09:37:31,245.95,245.99,1,245.11,1,246.79,3,246.79,245.11,245.11,1,245.01,1,245.0,1,244.98,1,244.97,1,244.96,1,244.68,1,244.67,1,243.9,3,243.89,2,246.79,3,247.17,1,247.18,3,247.19,1,247.2,3,247.4,5,248.92,4,,,,,,
2025-04-10 09:37:32,245.95,245.99,1,245.11,1,246.79,3,246.79,245.11,245.11,1,245.01,1,245.0,1,244.98,1,244.97,1,244.96,1,244.68,1,244.67,1,243.9,3,243.89,2,246.79,3,247.17,1,247.18,3,247.19,1,247.2,3,247.4,5,248.92,4,,,,,,
2025-04-10 09:37:33,245.95,245.99,1,245.11,1,246.79,3,246.79,245.11,245.11,1,245.01,1,245.0,1,244.98,1,244.97,1,244.96,1,244.68,1,244.67,1,243.9,3,243.89,2,246.79,3,247.17,1,247.18,3,247.19,1,247.2,3,247.4,5,248.92,4,,,,,,
2025-04-10 09:37:34,245.95,245.99,1,245.11,1,246.79,3,246.79,245.11,245.11,1,245.01,1,245.0,1,244.98,1,244.97,1,244.96,1,244.68,1,244.67,1,243.9,3,243.89,2,246.79,3,247.17,1,247.18,3,247.19,1,247.2,3,247.4,5,248.92,4,,,,,,
2025-04-10 09:37:35,245.95,245.99,1,245.11,1,246.79,3,246.79,245.11,245.11,1,245.01,1,245.0,1,244.98,1,244.97,1,244.96,1,244.68,1,244.67,1,243.9,3,243.89,2,246.79,3,247.17,1,247.18,3,247.19,1,247.2,3,247.4,5,248.92,4,,,,,,
2025-04-10 09:37:36,245.95,245.99,1,245.11,1,246.79,3,246.79,245.11,245.11,1,245.01,1,245.0,1,244.98,1,244.97,1,244.96,1,244.68,1,244.67,1,243.9,3,243.89,2,246.79,3,247.17,1,247.18,3,247.19,1,247.2,3,247.4,5,248.92,4,,,,,,
2025-04-10 09:37:37,245.95,245.99,1,245.11,1,246.79,3,246.79,245.11,245.11,1,245.01,1,245.0,1,244.98,1,244.97,1,244.96,1,244.68,1,244.67,1,243.9,3,243.89,2,246.79,3,247.17,1,247.18,3,247.19,1,247.2,3,247.4,5,248.92,4,,,,,,
2025-04-10 09:37:38,245.95,245.99,1,245.11,1,246.79,3,246.79,245.11,245.11,1,245.01,1,245.0,1,244.98,1,244.97,1,244.96,1,244.68,1,244.67,1,243.9,3,243.89,2,246.79,3,247.17,1,247.18,3,247.19,1,247.2,3,247.4,5,248.92,4,,,,,,
2025-04-10 09:37:39,245.95,245.99,1,245.11,1,246.79,3,246.79,245.11,245.11,1,245.01,1,245.0,1,244.98,1,244.97,1,244.96,1,244.68,1,244.67,1,243.9,3,243.89,2,246.79,3,247.17,1,247.18,3,247.19,1,247.2,3,247.4,5,248.92,4,,,,,,
2025-04-10 09:37:40,245.95,245.99,1,245.11,1,246.79,3,246.79,245.11,245.11,1,245.01,1,245.0,1,244.98,1,244.97,1,244.96,1,244.68,1,244.67,1,243.9,3,243.89,2,246.79,3,247.17,1,247.18,3,247.19,1,247.2,3,247.4,5,248.92,4,,,,,,
2025-04-10 09:37:41,245.95,245.99,1,245.11,1,246.79,3,246.79,245.11,245.11,1,245.01,1,245.0,1,244.98,1,244.97,1,244.96,1,244.68,1,244.67,1,243.9,3,243.89,2,246.79,3,247.17,1,247.18,3,247.19,1,247.2,3,247.4,5,248.92,4,,,,,,
2025-04-10 09:37:42,245.95,245.99,1,245.11,1,246.79,3,246.79,245.11,245.11,1,245.01,1,245.0,1,244.98,1,244.97,1,244.96,1,244.68,1,244.67,1,243.9,3,243.89,2,246.79,3,247.17,1,247.18,3,247.19,1,247.2,3,247.4,5,248.92,4,,,,,,
2025-04-10 09:37:43,245.95,245.99,1,245.11,1,246.79,3,246.79,245.11,245.11,1,245.01,1,245.0,1,244.98,1,244.97,1,244.96,1,244.68,1,244.67,1,243.9,3,243.89,2,246.79,3,247.17,1,247.18,3,247.19,1,247.2,3,247.4,5,248.92,4,,,,,,
2025-04-10 09:37:44,245.95,245.99,1,245.11,1,246.79,3,246.79,245.11,245.11,1,245.01,1,245.0,1,244.98,1,244.97,1,244.96,1,244.68,1,244.67,1,243.9,3,243.89,2,246.79,3,247.17,1,247.18,3,247.19,1,247.2,3,247.4,5,248.92,4,,,,,,
2025-04-10 09:37:45,245.95,245.99,1,245.11,1,246.79,3,246.79,245.11,245.11,1,245.01,1,245.0,1,244.98,1,244.97,1,244.96,1,244.68,1,244.67,1,243.9,3,243.89,2,246.79,3,247.17,1,247.18,3,247.19,1,247.2,3,247.4,5,248.92,4,,,,,,
2025-04-10 09:37:46,245.95,245.99,1,245.11,1,246.79,3,246.79,245.11,245.11,1,245.01,1,245.0,1,244.98,1,244.97,1,244.96,1,244.68,1,244.67,1,243.9,3,243.89,2,246.79,3,247.17,1,247.18,3,247.19,1,247.2,3,247.4,5,248.92,4,,,,,,
2025-04-10 09:37:47,245.95,245.99,1,245.11,1,246.79,3,246.79,245.11,245.11,1,245.01,1,245.0,1,244.98,1,244.97,1,244.96,1,244.68,1,244.67,1,243.9,3,243.89,2,246.79,3,247.17,1,247.18,3,247.19,1,247.2,3,247.4,5,248.92,4,,,,,,
2025-04-10 09:37:48,245.95,245.99,1,245.11,1,246.79,3,246.79,245.11,245.11,1,245.01,1,245.0,1,244.98,1,244.97,1,244.96,1,244.68,1,244.67,1,243.9,3,243.89,2,246.79,3,247.17,1,247.18,3,247.19,1,247.2,3,247.4,5,248.92,4,,,,,,
2025-04-10 09:37:49,245.95,245.99,1,245.11,1,246.79,3,246.79,245.11,245.11,1,245.01,1,245.0,1,244.98,1,244.97,1,244.96,1,244.68,1,244.67,1,243.9,3,243.89,2,246.79,3,247.17,1,247.18,3,247.19,1,247.2,3,247.4,5,248.92,4,,,,,,
2025-04-10 09:37:50,245.95,245.99,1,245.11,1,246.79,3,246.79,245.11,245.11,1,245.01,1,245.0,1,244.98,1,244.97,1,244.96,1,244.68,1,244.67,1,243.9,3,243.89,2,246.79,3,247.17,1,247.18,3,247.19,1,247.2,3,247.4,5,248.92,4,,,,,,
2025-04-10 09:37:51,245.95,245.99,1,245.11,1,246.79,3,246.79,245.11,245.11,1,245.01,1,245.0,1,244.98,1,244.97,1,244.96,1,244.68,1,244.67,1,243.9,3,243.89,2,246.79,3,247.17,1,247.18,3,247.19,1,247.2,3,247.4,5,248.92,4,,,,,,
2025-04-10 09:37:52,245.95,245.99,1,245.11,1,246.79,3,246.79,245.11,245.11,1,245.01,1,245.0,1,244.98,1,244.97,1,244.96,1,244.68,1,244.67,1,243.9,3,243.89,2,246.79,3,247.17,1,247.18,3,247.19,1,247.2,3,247.4,5,248.92,4,,,,,,
2025-04-10 09:37:53,245.95,245.99,1,245.11,1,246.79,3,246.79,245.11,245.11,1,245.01,1,245.0,1,244.98,1,244.97,1,244.96,1,244.68,1,244.67,1,243.9,3,243.89,2,246.79,3,247.17,1,247.18,3,247.19,1,247.2,3,247.4,5,248.92,4,,,,,,
2025-04-10 09:37:54,245.95,245.99,1,245.11,1,246.79,3,246.79,245.11,245.11,1,245.01,1,245.0,1,244.98,1,244.97,1,244.96,1,244.68,1,244.67,1,243.9,3,243.89,2,246.79,3,247.17,1,247.18,3,247.19,1,247.2,3,247.4,5,248.92,4,,,,,,
2025-04-10 09:37:55,245.95,245.99,1,245.11,1,246.79,3,246.79,245.11,245.11,1,245.01,1,245.0,1,244.98,1,244.97,1,244.96,1,244.68,1,244.67,1,243.9,3,243.89,2,246.79,3,247.17,1,247.18,3,247.19,1,247.2,3,247.4,5,248.92,4,,,,,,
2025-04-10 09:37:56,245.62,245.99,1,244.72,3,246.52,6,246.52,244.72,244.72,3,244.68,1,244.67,1,243.9,3,243.89,2,,,,,,,,,,,246.52,6,246.78,2,246.79,3,247.17,1,247.18,3,247.19,1,247.2,3,247.4,5,248.92,4,,
2025-04-10 09:37:57,245.62,245.99,1,244.72,3,246.52,6,246.52,244.72,244.72,3,244.68,1,244.67,1,243.9,3,243.89,2,,,,,,,,,,,246.52,6,246.78,2,246.79,3,247.17,1,247.18,3,247.19,1,247.2,3,247.4,5,248.92,4,,
2025-04-10 09:37:58,245.62,245.62,1,244.72,3,246.52,6,246.52,244.72,244.72,3,244.68,1,244.67,1,243.9,3,243.89,2,,,,,,,,,,,246.52,6,246.78,2,246.79,3,247.17,1,247.18,3,247.19,1,247.2,3,247.4,5,248.92,4,,
2025-04-10 09:37:59,245.62,245.62,1,244.72,3,246.52,6,246.52,244.72,244.72,3,244.68,1,244.67,1,243.9,3,243.89,2,,,,,,,,,,,246.52,6,246.78,2,246.79,3,247.17,1,247.18,3,247.19,1,247.2,3,247.4,5,248.92,4,,
2025-04-10 09:38:00,245.62,245.62,1,244.72,3,246.52,6,246.52,244.72,244.72,3,244.68,1,244.67,1,243.9,3,243.89,2,,,,,,,,,,,246.52,6,246.78,2,246.79,3,247.17,1,247.18,3,247.19,1,247.2,3,247.4,5,248.92,4,,
2025-04-10 09:38:01,245.62,245.62,1,244.72,4,246.52,6,246.52,244.72,244.72,4,244.68,1,244.67,1,243.9,3,243.89,2,,,,,,,,,,,246.52,6,246.78,2,246.79,3,247.17,1,247.18,3,247.19,1,247.2,3,247.4,5,248.92,4,,
2025-04-10 09:38:02,245.62,245.62,1,244.72,4,246.52,6,246.52,244.72,244.72,4,244.68,1,244.67,1,243.9,3,243.89,2,,,,,,,,,,,246.52,6,246.78,2,246.79,3,247.17,1,247.18,3,247.19,1,247.2,3,247.4,5,248.92,4,,
2025-04-10 09:38:03,245.62,245.62,1,244.72,4,246.52,6,246.52,244.72,244.72,4,244.68,1,244.67,1,243.9,3,243.89,2,,,,,,,,,,,246.52,6,246.78,2,246.79,3,247.17,1,247.18,3,247.19,1,247.2,3,247.4,5,248.92,4,,
2025-04-10 09:38:04,245.62,245.62,1,244.72,4,246.52,6,246.52,244.72,244.72,4,244.68,1,244.67,1,243.9,3,243.89,2,,,,,,,,,,,246.52,6,246.78,2,246.79,3,247.17,1,247.18,3,247.19,1,247.2,3,247.4,5,248.92,4,,
2025-04-10 09:38:05,245.62,245.62,1,244.72,4,246.52,6,246.52,244.72,244.72,4,244.68,1,244.67,1,243.9,3,243.89,2,,,,,,,,,,,246.52,6,246.78,2,246.79,3,247.17,1,247.18,3,247.19,1,247.2,3,247.4,5,248.92,4,,
2025-04-10 09:38:06,245.62,245.62,1,244.72,4,246.52,6,246.52,244.72,244.72,4,244.68,1,244.67,1,243.9,3,243.89,2,,,,,,,,,,,246.52,6,246.78,2,246.79,3,247.17,1,247.18,3,247.19,1,247.2,3,247.4,5,248.92,4,,
2025-04-10 09:38:07,245.62,245.62,1,244.72,4,246.52,6,246.52,244.72,244.72,4,244.68,1,244.67,1,243.9,3,243.89,2,,,,,,,,,,,246.52,6,246.78,2,246.79,3,247.17,1,247.18,3,247.19,1,247.2,3,247.4,5,248.92,4,,
2025-04-10 09:38:08,245.62,245.62,1,244.72,4,246.52,6,246.52,244.72,244.72,4,244.68,1,244.67,1,243.9,3,243.89,2,,,,,,,,,,,246.52,6,246.78,2,246.79,3,247.17,1,247.18,3,247.19,1,247.2,3,247.4,5,248.92,4,,
2025-04-10 09:38:09,245.62,245.62,1,244.72,4,246.52,3,246.52,244.72,244.72,4,244.68,1,244.67,1,243.9,3,243.89,2,,,,,,,,,,,246.52,3,246.78,2,246.79,3,247.17,1,247.18,3,247.19,1,247.2,3,247.4,5,248.92,4,,
2025-04-10 09:38:10,245.62,245.62,1,244.72,4,246.52,3,246.52,244.72,244.72,4,244.68,1,244.67,1,243.9,3,243.89,2,,,,,,,,,,,246.52,3,246.78,2,246.79,3,247.17,1,247.18,3,247.19,1,247.2,3,247.4,5,248.92,4,,
2025-04-10 09:38:11,245.62,245.62,1,244.72,4,246.52,3,246.52,244.72,244.72,4,244.68,1,244.67,1,243.9,3,243.89,2,,,,,,,,,,,246.52,3,246.78,2,246.79,3,247.17,1,247.18,3,247.19,1,247.2,3,247.4,5,248.92,4,,
2025-04-10 09:38:12,245.62,245.62,1,244.72,4,246.52,3,246.52,244.72,244.72,4,244.68,1,244.67,1,243.9,3,243.89,2,,,,,,,,,,,246.52,3,246.78,2,246.79,3,247.17,1,247.18,3,247.19,1,247.2,3,247.4,5,248.92,4,,
2025-04-10 09:38:13,245.62,245.62,1,244.72,4,246.52,3,246.52,244.72,244.72,4,244.68,1,244.67,1,243.9,3,243.89,2,,,,,,,,,,,246.52,3,246.78,2,246.79,3,247.17,1,247.18,3,247.19,1,247.2,3,247.4,5,248.92,4,,
2025-04-10 09:38:14,245.62,245.62,1,244.72,4,246.52,3,246.52,244.72,244.72,4,244.68,1,244.67,1,243.9,3,243.89,2,,,,,,,,,,,246.52,3,246.78,2,246.79,3,247.17,1,247.18,3,247.19,1,247.2,3,247.4,5,248.92,4,,
2025-04-10 09:38:15,245.62,245.62,1,244.72,4,246.52,3,246.52,244.72,244.72,4,244.68,1,244.67,1,243.9,3,243.89,2,,,,,,,,,,,246.52,3,246.78,2,246.79,3,247.17,1,247.18,3,247.19,1,247.2,3,247.4,5,248.92,4,,
2025-04-10 09:38:16,245.62,245.62,1,244.72,4,246.52,3,246.52,244.72,244.72,4,244.68,1,244.67,1,243.9,3,243.89,2,,,,,,,,,,,246.52,3,246.78,2,246.79,3,247.17,1,247.18,3,247.19,1,247.2,3,247.4,5,248.92,4,,
2025-04-10 09:38:17,245.62,245.62,1,244.72,4,246.52,3,246.52,244.72,244.72,4,244.68,1,244.67,1,243.9,3,243.89,2,,,,,,,,,,,246.52,3,246.78,2,246.79,3,247.17,1,247.18,3,247.19,1,247.2,3,247.4,5,248.92,4,,
2025-04-10 09:38:18,245.62,245.62,1,244.72,4,246.52,3,246.52,244.72,244.72,4,244.68,1,244.67,1,243.9,3,243.89,2,,,,,,,,,,,246.52,3,246.78,2,246.79,3,247.17,1,247.18,3,247.19,1,247.2,3,247.4,5,248.92,4,,
2025-04-10 09:38:19,245.62,245.62,1,244.72,4,246.52,3,246.52,244.72,244.72,4,244.68,1,244.67,1,243.9,3,243.89,2,,,,,,,,,,,246.52,3,246.78,2,246.79,3,247.17,1,247.18,3,247.19,1,247.2,3,247.4,5,248.92,4,,
2025-04-10 09:38:20,245.62,245.62,1,244.72,4,246.52,3,246.52,244.72,244.72,4,244.68,1,244.67,1,243.9,3,243.89,2,,,,,,,,,,,246.52,3,246.78,2,246.79,3,247.17,1,247.18,3,247.19,1,247.2,3,247.4,5,248.92,4,,
2025-04-10 09:38:21,245.62,245.62,1,244.72,4,246.52,3,246.52,244.72,244.72,4,244.68,1,244.67,1,243.9,3,243.89,2,,,,,,,,,,,246.52,3,246.78,2,246.79,3,247.17,1,247.18,3,247.19,1,247.2,3,247.4,5,248.92,4,,
2025-04-10 09:38:22,245.62,245.62,1,244.72,4,246.52,3,246.52,244.72,244.72,4,244.68,1,244.67,1,243.9,3,243.89,2,,,,,,,,,,,246.52,3,246.78,2,246.79,3,247.17,1,247.18,3,247.19,1,247.2,3,247.4,5,248.92,4,,
2025-04-10 09:38:24,245.62,245.62,1,244.72,4,246.52,3,246.52,244.72,244.72,4,244.68,1,244.67,1,243.9,3,243.89,2,,,,,,,,,,,246.52,3,246.78,2,246.79,3,247.17,1,247.18,3,247.19,1,247.2,3,247.4,5,248.92,4,,
2025-04-10 09:38:25,245.62,245.62,1,244.72,4,246.52,3,246.52,244.72,244.72,4,244.68,1,244.67,1,243.9,3,243.89,2,,,,,,,,,,,246.52,3,246.78,2,246.79,3,247.17,1,247.18,3,247.19,1,247.2,3,247.4,5,248.92,4,,
2025-04-10 09:38:25,245.62,245.62,1,244.72,4,246.52,3,246.52,244.72,244.72,4,244.68,1,244.67,1,243.9,3,243.89,2,,,,,,,,,,,246.52,3,246.78,2,246.79,3,247.17,1,247.18,3,247.19,1,247.2,3,247.4,5,248.92,4,,
2025-04-10 09:38:27,245.62,245.62,1,244.72,4,246.52,3,246.52,244.72,244.72,4,244.68,1,244.67,1,243.9,3,243.89,2,,,,,,,,,,,246.52,3,246.78,2,246.79,3,247.17,1,247.18,3,247.19,1,247.2,3,247.4,5,248.92,4,,
2025-04-10 09:38:28,245.62,245.62,1,244.72,4,246.52,3,246.52,244.72,244.72,4,244.68,1,244.67,1,243.9,3,243.89,2,,,,,,,,,,,246.52,3,246.78,2,246.79,3,247.17,1,247.18,3,247.19,1,247.2,3,247.4,5,248.92,4,,
2025-04-10 09:38:29,245.62,245.62,1,244.72,4,246.52,3,246.52,244.72,244.72,4,244.68,1,244.67,1,243.9,3,243.89,2,,,,,,,,,,,246.52,3,246.78,2,246.79,3,247.17,1,247.18,3,247.19,1,247.2,3,247.4,5,248.92,4,,
2025-04-10 09:38:30,245.62,245.62,1,244.72,4,246.52,3,246.52,244.72,244.72,4,244.68,1,244.67,1,243.9,3,243.89,2,,,,,,,,,,,246.52,3,246.78,2,246.79,3,247.17,1,247.18,3,247.19,1,247.2,3,247.4,5,248.92,4,,
2025-04-10 09:38:31,245.625,245.63,2,244.73,3,246.52,3,246.52,244.73,244.73,3,244.72,4,244.68,1,244.67,1,243.9,3,243.89,2,,,,,,,,,246.52,3,246.78,2,246.79,3,247.17,1,247.18,3,247.19,1,247.2,3,247.4,5,248.92,4,,
2025-04-10 09:38:32,245.625,245.63,2,244.73,3,246.52,3,246.52,244.73,244.73,3,244.72,4,244.68,1,244.67,1,243.9,3,243.89,2,,,,,,,,,246.52,3,246.78,2,246.79,3,247.17,1,247.18,3,247.19,1,247.2,3,247.4,5,248.92,4,,
2025-04-10 09:38:33,245.625,245.63,2,244.73,3,246.52,3,246.52,244.73,244.73,3,244.72,4,244.68,1,244.67,1,243.9,3,243.89,2,,,,,,,,,246.52,3,246.78,2,246.79,3,247.17,1,247.18,3,247.19,1,247.2,3,247.4,5,248.92,4,,
2025-04-10 09:38:34,245.625,245.63,2,244.73,3,246.52,3,246.52,244.73,244.73,3,244.72,4,244.68,1,244.67,1,243.9,3,243.89,2,,,,,,,,,246.52,3,246.78,2,246.79,3,247.17,1,247.18,3,247.19,1,247.2,3,247.4,5,248.92,4,,
2025-04-10 09:38:35,245.625,245.63,2,244.73,3,246.52,3,246.52,244.73,244.73,3,244.72,4,244.68,1,244.67,1,243.9,3,243.89,2,,,,,,,,,246.52,3,246.78,2,246.79,3,247.17,1,247.18,3,247.19,1,247.2,3,247.4,5,248.92,4,,
2025-04-10 09:38:36,245.625,245.63,2,244.73,3,246.52,3,246.52,244.73,244.73,3,244.72,4,244.68,1,244.67,1,243.9,3,243.89,2,,,,,,,,,246.52,3,246.78,2,246.79,3,247.17,1,247.18,3,247.19,1,247.2,3,247.4,5,248.92,4,,
2025-04-10 09:38:37,245.625,245.63,2,244.73,3,246.52,3,246.52,244.73,244.73,3,244.72,4,244.68,1,244.67,1,243.9,3,243.89,2,,,,,,,,,246.52,3,246.78,2,246.79,3,247.17,1,247.18,3,247.19,1,247.2,3,247.4,5,248.92,4,,
2025-04-10 09:38:38,245.625,245.63,2,244.73,3,246.52,3,246.52,244.73,244.73,3,244.72,4,244.68,1,244.67,1,243.9,3,243.89,2,,,,,,,,,246.52,3,246.78,2,246.79,3,247.17,1,247.18,3,247.19,1,247.2,3,247.4,5,248.92,4,,
2025-04-10 09:38:39,245.625,245.63,2,244.73,3,246.52,3,246.52,244.73,244.73,3,244.72,4,244.68,1,244.67,1,243.9,3,243.89,2,,,,,,,,,246.52,3,246.78,2,246.79,3,247.17,1,247.18,3,247.19,1,247.2,3,247.4,5,248.92,4,,
2025-04-10 09:38:40,245.625,245.63,2,244.73,3,246.52,3,246.52,244.73,244.73,3,244.72,4,244.68,1,244.67,1,243.9,3,243.89,2,,,,,,,,,246.52,3,246.78,2,246.79,3,247.17,1,247.18,3,247.19,1,247.2,3,247.4,5,248.92,4,,
2025-04-10 09:38:41,245.625,245.63,2,244.73,3,246.52,3,246.52,244.73,244.73,3,244.72,4,244.68,1,244.67,1,243.9,3,243.89,2,,,,,,,,,246.52,3,246.78,2,246.79,3,247.17,1,247.18,3,247.19,1,247.2,3,247.4,5,248.92,4,,
2025-04-10 09:38:42,245.625,245.63,2,244.73,4,246.52,3,246.52,244.73,244.73,4,244.72,4,244.68,1,244.67,1,243.9,3,243.89,2,,,,,,,,,246.52,3,246.78,2,246.79,3,247.17,1,247.18,3,247.19,1,247.2,3,247.4,5,248.92,4,,
2025-04-10 09:38:43,245.625,245.63,2,244.73,4,246.52,3,246.52,244.73,244.73,4,244.72,4,244.68,1,244.67,1,243.9,3,243.89,2,,,,,,,,,246.52,3,246.78,2,246.79,3,247.17,1,247.18,3,247.19,1,247.2,3,247.4,5,248.92,4,,
2025-04-10 09:38:44,245.625,245.63,2,244.73,4,246.52,3,246.52,244.73,244.73,4,244.72,4,244.68,1,244.67,1,243.9,3,243.89,2,,,,,,,,,246.52,3,246.78,2,246.79,3,247.17,1,247.18,3,247.19,1,247.2,3,247.4,5,248.92,4,,
2025-04-10 09:38:45,245.625,245.63,2,244.73,4,246.52,3,246.52,244.73,244.73,4,244.72,4,244.68,1,244.67,1,243.9,3,243.89,2,,,,,,,,,246.52,3,246.78,2,246.79,3,247.17,1,247.18,3,247.19,1,247.2,3,247.4,5,248.92,4,,
2025-04-10 09:38:46,245.625,245.63,1,244.73,3,246.52,3,246.52,244.73,244.73,3,244.72,4,244.68,1,244.67,1,243.9,3,243.89,2,,,,,,,,,246.52,3,246.78,2,246.79,3,247.17,1,247.18,3,247.19,1,247.2,3,247.4,5,248.92,4,,
2025-04-10 09:38:47,245.625,245.63,1,244.73,3,246.52,3,246.52,244.73,244.73,3,244.72,4,244.68,1,244.67,1,243.9,3,243.89,2,,,,,,,,,246.52,3,246.78,2,246.79,3,247.17,1,247.18,3,247.19,1,247.2,3,247.4,5,248.92,4,,
2025-04-10 09:38:48,245.625,245.63,1,244.73,3,246.52,3,246.52,244.73,244.73,3,244.72,4,244.68,1,244.67,1,243.9,3,243.89,2,,,,,,,,,246.52,3,246.78,2,246.79,3,247.17,1,247.18,3,247.19,1,247.2,3,247.4,5,248.92,4,,
2025-04-10 09:38:49,245.625,245.63,1,244.73,3,246.52,3,246.52,244.73,244.73,3,244.72,4,244.68,1,244.67,1,243.9,3,243.89,2,,,,,,,,,246.52,3,246.78,2,246.79,3,247.17,1,247.18,3,247.19,1,247.2,3,247.4,5,248.92,4,,
2025-04-10 09:38:50,245.625,245.63,1,244.73,3,246.52,3,246.52,244.73,244.73,3,244.72,4,244.68,1,244.67,1,243.9,3,243.89,2,,,,,,,,,246.52,3,246.78,2,246.79,3,247.17,1,247.18,3,247.19,1,247.2,3,247.4,5,248.92,4,,
2025-04-10 09:38:51,245.705,245.63,1,244.89,2,246.52,3,246.52,244.89,244.89,2,244.73,3,244.72,4,244.68,1,244.67,1,243.9,3,243.89,2,,,,,,,246.52,3,246.78,2,246.79,3,247.17,1,247.18,3,247.19,1,247.2,3,247.4,5,248.92,4,,
2025-04-10 09:38:52,245.705,245.63,1,244.89,2,246.52,3,246.52,244.89,244.89,2,244.73,3,244.72,4,244.68,1,244.67,1,243.9,3,243.89,2,,,,,,,246.52,3,246.78,2,246.79,3,247.17,1,247.18,3,247.19,1,247.2,3,247.4,5,248.92,4,,
2025-04-10 09:38:53,245.705,245.63,1,244.89,1,246.52,3,246.52,244.89,244.89,1,244.73,3,244.72,4,244.68,1,244.67,1,243.9,3,243.89,2,,,,,,,246.52,3,246.78,2,246.79,3,247.17,1,247.18,3,247.19,1,247.2,3,247.4,5,248.92,4,,
2025-04-10 09:38:54,245.715,245.63,1,244.91,1,246.52,3,246.52,244.91,244.91,1,244.89,3,244.73,3,244.72,4,244.68,1,244.67,1,243.9,3,243.89,2,,,,,246.52,3,246.78,2,246.79,3,247.17,1,247.18,3,247.19,1,247.2,3,247.4,5,248.92,4,,
2025-04-10 09:38:55,245.715,245.63,1,244.91,1,246.52,3,246.52,244.91,244.91,1,244.89,3,244.73,3,244.72,4,244.68,1,244.67,1,243.9,3,243.89,2,,,,,246.52,3,246.78,2,246.79,3,247.17,1,247.18,3,247.19,1,247.2,3,247.4,5,248.92,4,,
2025-04-10 09:38:56,245.715,245.63,1,244.91,1,246.52,3,246.52,244.91,244.91,1,244.89,3,244.73,3,244.72,4,244.68,1,244.67,1,243.9,3,243.89,2,,,,,246.52,3,246.78,2,246.79,3,247.17,1,247.18,3,247.19,1,247.2,3,247.4,5,248.92,4,,
2025-04-10 09:38:57,245.715,245.72,5,244.91,2,246.52,3,246.52,244.91,244.91,2,244.89,3,244.73,3,244.72,4,244.68,1,244.67,1,243.9,3,243.89,2,,,,,246.52,3,246.78,2,246.79,3,247.17,1,247.18,3,247.19,1,247.2,3,247.4,5,248.92,4,,
2025-04-10 09:38:58,245.715,245.72,5,244.91,2,246.52,3,246.52,244.91,244.91,2,244.89,3,244.73,3,244.72,4,244.68,1,244.67,1,243.9,3,243.89,2,,,,,246.52,3,246.78,2,246.79,3,247.17,1,247.18,3,247.19,1,247.2,3,247.4,5,248.92,4,,
2025-04-10 09:38:59,245.715,245.72,5,244.91,2,246.52,3,246.52,244.91,244.91,2,244.89,3,244.73,3,244.72,4,244.68,1,244.67,1,243.9,3,243.89,2,,,,,246.52,3,246.78,2,246.79,3,247.17,1,247.18,3,247.19,1,247.2,3,247.4,5,248.92,4,,
2025-04-10 09:39:00,245.715,245.72,5,244.91,2,246.52,3,246.52,244.91,244.91,2,244.89,3,244.73,3,244.72,4,244.68,1,244.67,1,243.9,3,243.89,2,,,,,246.52,3,246.78,2,246.79,3,247.17,1,247.18,3,247.19,1,247.2,3,247.4,5,248.92,4,,
2025-04-10 09:39:01,245.715,245.72,5,244.91,4,246.52,3,246.52,244.91,244.91,4,244.89,3,244.73,3,244.72,4,244.68,1,244.67,1,243.9,3,243.89,2,,,,,246.52,3,246.78,2,246.79,3,247.17,1,247.18,3,247.19,1,247.2,3,247.4,5,248.92,4,,
2025-04-10 09:39:02,245.715,245.72,5,244.91,4,246.52,3,246.52,244.91,244.91,4,244.89,3,244.73,3,244.72,4,244.68,1,244.67,1,243.9,3,243.89,2,,,,,246.52,3,246.78,2,246.79,3,247.17,1,247.18,3,247.19,1,247.2,3,247.4,5,248.92,4,,
2025-04-10 09:39:03,245.715,245.72,5,244.91,4,246.52,3,246.52,244.91,244.91,4,244.89,3,244.73,3,244.72,4,244.68,1,244.67,1,243.9,3,243.89,2,,,,,246.52,3,246.78,2,246.79,3,247.17,1,247.18,3,247.19,1,247.2,3,247.4,5,248.92,4,,
2025-04-10 09:39:04,245.715,245.72,5,244.91,4,246.52,3,246.52,244.91,244.91,4,244.89,3,244.73,3,244.72,4,244.68,1,244.67,1,243.9,3,243.89,2,,,,,246.52,3,246.78,2,246.79,3,247.17,1,247.18,3,247.19,1,247.2,3,247.4,5,248.92,4,,
2025-04-10 09:39:05,245.715,245.72,1,244.91,3,246.52,3,246.52,244.91,244.91,3,244.89,3,244.73,3,244.72,4,244.68,1,244.67,1,243.9,3,243.89,2,,,,,246.52,3,246.78,2,246.79,3,247.17,1,247.18,3,247.19,1,247.2,3,247.4,5,248.92,4,,
2025-04-10 09:39:06,245.715,245.72,1,244.91,3,246.52,3,246.52,244.91,244.91,3,244.89,3,244.73,3,244.72,4,244.68,1,244.67,1,243.9,3,243.89,2,,,,,246.52,3,246.78,2,246.79,3,247.17,1,247.18,3,247.19,1,247.2,3,247.4,5,248.92,4,,
2025-04-10 09:39:07,245.715,245.72,1,244.91,3,246.52,3,246.52,244.91,244.91,3,244.89,3,244.73,3,244.72,4,244.68,1,244.67,1,243.9,3,243.89,2,,,,,246.52,3,246.78,2,246.79,3,247.17,1,247.18,3,247.19,1,247.2,3,247.4,5,248.92,4,,
2025-04-10 09:39:08,245.715,245.72,1,244.91,3,246.52,3,246.52,244.91,244.91,3,244.89,3,244.73,3,244.72,4,244.68,1,244.67,1,243.9,3,243.89,2,,,,,246.52,3,246.78,2,246.79,3,247.17,1,247.18,3,247.19,1,247.2,3,247.4,5,248.92,4,,
2025-04-10 09:39:09,245.715,245.72,1,244.91,3,246.52,3,246.52,244.91,244.91,3,244.89,3,244.73,3,244.72,4,244.68,1,244.67,1,243.9,3,243.89,2,,,,,246.52,3,246.78,2,246.79,3,247.17,1,247.18,3,247.19,1,247.2,3,247.4,5,248.92,4,,
2025-04-10 09:39:10,245.715,245.72,1,244.91,3,246.52,3,246.52,244.91,244.91,3,244.89,3,244.73,3,244.72,4,244.68,1,244.67,1,243.9,3,243.89,2,,,,,246.52,3,246.78,2,246.79,3,247.17,1,247.18,3,247.19,1,247.2,3,247.4,5,248.92,4,,
2025-04-10 09:39:11,245.715,245.72,1,244.91,3,246.52,3,246.52,244.91,244.91,3,244.89,3,244.73,3,244.72,4,244.68,1,244.67,1,243.9,3,243.89,2,,,,,246.52,3,246.78,2,246.79,3,247.17,1,247.18,3,247.19,1,247.2,3,247.4,5,248.92,4,,
2025-04-10 09:39:12,245.715,245.72,1,244.91,3,246.52,3,246.52,244.91,244.91,3,244.89,3,244.73,3,244.72,4,244.68,1,244.67,1,243.9,3,243.89,2,,,,,246.52,3,246.78,2,246.79,3,247.17,1,247.18,3,247.19,1,247.2,3,247.4,5,248.92,4,,
2025-04-10 09:39:13,245.715,245.72,1,244.91,3,246.52,3,246.52,244.91,244.91,3,244.89,3,244.73,3,244.72,4,244.68,1,244.67,1,243.9,3,243.89,2,,,,,246.52,3,246.78,2,246.79,3,247.17,1,247.18,3,247.19,1,247.2,3,247.4,5,248.92,4,,
2025-04-10 09:39:14,245.715,245.72,1,244.91,3,246.52,3,246.52,244.91,244.91,3,244.89,3,244.73,3,244.72,4,244.68,1,244.67,1,243.9,3,243.89,2,,,,,246.52,3,246.78,2,246.79,3,247.17,1,247.18,3,247.19,1,247.2,3,247.4,5,248.92,4,,
2025-04-10 09:39:15,245.715,245.72,1,244.91,3,246.52,3,246.52,244.91,244.91,3,244.89,3,244.73,3,244.72,4,244.68,1,244.67,1,243.9,3,243.89,2,,,,,246.52,3,246.78,2,246.79,3,247.17,1,247.18,3,247.19,1,247.2,3,247.4,5,248.92,4,,
2025-04-10 09:39:16,245.715,245.72,1,244.91,3,246.52,3,246.52,244.91,244.91,3,244.89,3,244.73,3,244.72,4,244.68,1,244.67,1,243.9,3,243.89,2,,,,,246.52,3,246.78,2,246.79,3,247.17,1,247.18,3,247.19,1,247.2,3,247.4,5,248.92,4,,
2025-04-10 09:39:17,245.715,245.72,1,244.91,3,246.52,3,246.52,244.91,244.91,3,244.89,3,244.73,3,244.72,4,244.68,1,244.67,1,243.9,3,243.89,2,,,,,246.52,3,246.78,2,246.79,3,247.17,1,247.18,3,247.19,1,247.2,3,247.4,5,248.92,4,,
2025-04-10 09:39:18,245.715,245.72,1,244.91,3,246.52,3,246.52,244.91,244.91,3,244.89,3,244.73,3,244.72,4,244.68,1,244.67,1,243.9,3,243.89,2,,,,,246.52,3,246.78,2,246.79,3,247.17,1,247.18,3,247.19,1,247.2,3,247.4,5,248.92,4,,
2025-04-10 09:39:19,245.715,245.72,1,244.91,3,246.52,3,246.52,244.91,244.91,3,244.89,3,244.73,3,244.72,4,244.68,1,244.67,1,243.9,3,243.89,2,,,,,246.52,3,246.78,2,246.79,3,247.17,1,247.18,3,247.19,1,247.2,3,247.4,5,248.92,4,,
2025-04-10 09:39:20,245.725,245.72,1,244.93,4,246.52,3,246.52,244.93,244.93,4,244.91,3,244.89,3,244.73,3,244.72,4,244.68,1,244.67,1,243.9,3,243.89,2,,,246.52,3,246.78,2,246.79,3,247.17,1,247.18,3,247.19,1,247.2,3,247.4,5,248.92,4,,
2025-04-10 09:39:21,245.725,245.72,1,244.93,8,246.52,3,246.52,244.93,244.93,8,244.91,3,244.89,3,244.73,3,244.72,4,244.68,1,244.67,1,243.9,3,243.89,2,,,246.52,3,246.78,2,246.79,3,247.17,1,247.18,3,247.19,1,247.2,3,247.4,5,248.92,4,,
2025-04-10 09:39:22,245.725,245.72,1,244.93,8,246.52,3,246.52,244.93,244.93,8,244.91,3,244.89,3,244.73,3,244.72,4,244.68,1,244.67,1,243.9,3,243.89,2,,,246.52,3,246.78,2,246.79,3,247.17,1,247.18,3,247.19,1,247.2,3,247.4,5,248.92,4,,
2025-04-10 09:39:23,245.725,245.72,1,244.93,8,246.52,3,246.52,244.93,244.93,8,244.91,3,244.89,3,244.73,3,244.72,4,244.68,1,244.67,1,243.9,3,243.89,2,,,246.52,3,246.78,2,246.79,3,247.17,1,247.18,3,247.19,1,247.2,3,247.4,5,248.92,4,,
2025-04-10 09:39:24,245.725,245.72,1,244.93,8,246.52,3,246.52,244.93,244.93,8,244.91,3,244.89,3,244.73,3,244.72,4,244.68,1,244.67,1,243.9,3,243.89,2,,,246.52,3,246.78,2,246.79,3,247.17,1,247.18,3,247.19,1,247.2,3,247.4,5,248.92,4,,
2025-04-10 09:39:25,245.725,245.72,1,244.93,11,246.52,3,246.52,244.93,244.93,11,244.91,3,244.89,3,244.73,3,244.72,4,244.68,1,244.67,1,243.9,3,243.89,2,,,246.52,3,246.78,2,246.79,3,247.17,1,247.18,3,247.19,1,247.2,3,247.4,5,248.92,4,,
2025-04-10 09:39:26,245.725,245.72,1,244.93,11,246.52,3,246.52,244.93,244.93,11,244.91,3,244.89,3,244.73,3,244.72,4,244.68,1,244.67,1,243.9,3,243.89,2,,,246.52,3,246.78,2,246.79,3,247.17,1,247.18,3,247.19,1,247.2,3,247.4,5,248.92,4,,
2025-04-10 09:39:27,245.725,245.72,1,244.93,11,246.52,3,246.52,244.93,244.93,11,244.91,3,244.89,3,244.73,3,244.72,4,244.68,1,244.67,1,243.9,3,243.89,2,,,246.52,3,246.78,2,246.79,3,247.17,1,247.18,3,247.19,1,247.2,3,247.4,5,248.92,4,,
2025-04-10 09:39:28,245.725,245.72,1,244.93,11,246.52,3,246.52,244.93,244.93,11,244.91,3,244.89,3,244.73,3,244.72,4,244.68,1,244.67,1,243.9,3,243.89,2,,,246.52,3,246.78,2,246.79,3,247.17,1,247.18,3,247.19,1,247.2,3,247.4,5,248.92,4,,
2025-04-10 09:39:29,245.725,245.72,1,244.93,11,246.52,3,246.52,244.93,244.93,11,244.91,3,244.89,3,244.73,3,244.72,4,244.68,1,244.67,1,243.9,3,243.89,2,,,246.52,3,246.78,2,246.79,3,247.17,1,247.18,3,247.19,1,247.2,3,247.4,5,248.92,4,,
2025-04-10 09:39:30,245.725,245.72,1,244.93,11,246.52,3,246.52,244.93,244.93,11,244.91,3,244.89,3,244.73,3,244.72,4,244.68,1,244.67,1,243.9,3,243.89,2,,,246.52,3,246.78,2,246.79,3,247.17,1,247.18,3,247.19,1,247.2,3,247.4,5,248.92,4,,
2025-04-10 09:39:31,245.725,245.72,1,244.93,11,246.52,3,246.52,244.93,244.93,11,244.91,3,244.89,3,244.73,3,244.72,4,244.68,1,244.67,1,243.9,3,243.89,2,,,246.52,3,246.78,2,246.79,3,247.17,1,247.18,3,247.19,1,247.2,3,247.4,5,248.92,4,,
2025-04-10 09:39:32,245.725,245.72,1,244.93,11,246.52,3,246.52,244.93,244.93,11,244.91,3,244.89,3,244.73,3,244.72,4,244.68,1,244.67,1,243.9,3,243.89,2,,,246.52,3,246.78,2,246.79,3,247.17,1,247.18,3,247.19,1,247.2,3,247.4,5,248.92,4,,
2025-04-10 09:39:33,245.725,245.72,1,244.93,11,246.52,3,246.52,244.93,244.93,11,244.91,3,244.89,3,244.73,3,244.72,4,244.68,1,244.67,1,243.9,3,243.89,2,,,246.52,3,246.78,2,246.79,3,247.17,1,247.18,3,247.19,1,247.2,3,247.4,5,248.92,4,,
2025-04-10 09:39:34,245.725,245.72,1,244.93,11,246.52,3,246.52,244.93,244.93,11,244.91,3,244.89,3,244.73,3,244.72,4,244.68,1,244.67,1,243.9,3,243.89,2,,,246.52,3,246.78,2,246.79,3,247.17,1,247.18,3,247.19,1,247.2,3,247.4,5,248.92,4,,
2025-04-10 09:39:35,245.725,245.72,1,244.93,11,246.52,3,246.52,244.93,244.93,11,244.91,3,244.89,3,244.73,3,244.72,4,244.68,1,244.67,1,243.9,3,243.89,2,,,246.52,3,246.78,2,246.79,3,247.17,1,247.18,3,247.19,1,247.2,3,247.4,5,248.92,4,,
2025-04-10 09:39:36,245.725,245.72,1,244.93,11,246.52,3,246.52,244.93,244.93,11,244.91,3,244.89,3,244.73,3,244.72,4,244.68,1,244.67,1,243.9,3,243.89,2,,,246.52,3,246.78,2,246.79,3,247.17,1,247.18,3,247.19,1,247.2,3,247.4,5,248.92,4,,
