sim_time,mid_price,last_price,last_size,best_bid_price,best_bid_size,best_ask_price,best_ask_size,close_price_buy,close_price_sell,bid1_price,bid1_size,bid2_price,bid2_size,bid3_price,bid3_size,bid4_price,bid4_size,bid5_price,bid5_size,bid6_price,bid6_size,bid7_price,bid7_size,bid8_price,bid8_size,bid9_price,bid9_size,bid10_price,bid10_size,ask1_price,ask1_size,ask2_price,ask2_size,ask3_price,ask3_size,ask4_price,ask4_size,ask5_price,ask5_size,ask6_price,ask6_size,ask7_price,ask7_size,ask8_price,ask8_size,ask9_price,ask9_size,ask10_price,ask10_size
2025-04-10 09:30:11,,0.0,0,0.0,0,0.0,0,0.0,0.0,,,,,,,,,,,,,,,,,,,,,,,,,,,,,,,,,,,,,,,,
2025-04-10 09:30:12,,0.0,0,0.0,0,0.0,0,0.0,0.0,,,,,,,,,,,,,,,,,,,,,,,,,,,,,,,,,,,,,,,,
2025-04-10 09:30:14,,0.0,0,0.0,0,0.0,0,0.0,0.0,,,,,,,,,,,,,,,,,,,,,,,,,,,,,,,,,,,,,,,,
2025-04-10 09:30:15,,0.0,0,0.0,0,0.0,0,0.0,0.0,,,,,,,,,,,,,,,,,,,,,,,,,,,,,,,,,,,,,,,,
2025-04-10 09:30:16,,0.0,0,0.0,0,0.0,0,0.0,0.0,,,,,,,,,,,,,,,,,,,,,,,,,,,,,,,,,,,,,,,,
2025-04-10 09:30:17,580.235,580.24,1,577.0,1,583.47,2,583.47,577.0,577.0,1,,,,,,,,,,,,,,,,,,,583.47,2,,,,,,,,,,,,,,,,,,
2025-04-10 09:30:18,580.235,580.24,1,577.0,1,583.47,2,583.47,577.0,577.0,1,,,,,,,,,,,,,,,,,,,583.47,2,,,,,,,,,,,,,,,,,,
2025-04-10 09:30:19,580.235,580.24,1,577.0,1,583.47,2,583.47,577.0,577.0,1,,,,,,,,,,,,,,,,,,,583.47,2,,,,,,,,,,,,,,,,,,
2025-04-10 09:30:20,580.235,580.24,1,577.0,1,583.47,2,583.47,577.0,577.0,1,,,,,,,,,,,,,,,,,,,583.47,2,,,,,,,,,,,,,,,,,,
2025-04-10 09:30:21,580.235,580.24,1,577.0,1,583.47,2,583.47,577.0,577.0,1,,,,,,,,,,,,,,,,,,,583.47,2,,,,,,,,,,,,,,,,,,
2025-04-10 09:30:22,580.235,580.24,1,577.0,1,583.47,2,583.47,577.0,577.0,1,,,,,,,,,,,,,,,,,,,583.47,2,,,,,,,,,,,,,,,,,,
2025-04-10 09:30:23,580.235,580.24,1,577.0,1,583.47,2,583.47,577.0,577.0,1,,,,,,,,,,,,,,,,,,,583.47,2,,,,,,,,,,,,,,,,,,
2025-04-10 09:30:24,580.235,580.24,1,577.0,1,583.47,2,583.47,577.0,577.0,1,,,,,,,,,,,,,,,,,,,583.47,2,,,,,,,,,,,,,,,,,,
2025-04-10 09:30:25,580.235,580.24,1,577.0,1,583.47,2,583.47,577.0,577.0,1,,,,,,,,,,,,,,,,,,,583.47,2,,,,,,,,,,,,,,,,,,
2025-04-10 09:30:26,580.235,580.24,1,577.0,1,583.47,2,583.47,577.0,577.0,1,,,,,,,,,,,,,,,,,,,583.47,2,,,,,,,,,,,,,,,,,,
2025-04-10 09:30:27,580.235,580.24,1,577.0,1,583.47,2,583.47,577.0,577.0,1,,,,,,,,,,,,,,,,,,,583.47,2,,,,,,,,,,,,,,,,,,
2025-04-10 09:30:28,580.235,580.24,1,577.0,1,583.47,2,583.47,577.0,577.0,1,,,,,,,,,,,,,,,,,,,583.47,2,,,,,,,,,,,,,,,,,,
2025-04-10 09:30:29,580.235,580.24,1,577.0,1,583.47,4,583.47,577.0,577.0,1,,,,,,,,,,,,,,,,,,,583.47,4,,,,,,,,,,,,,,,,,,
2025-04-10 09:30:30,580.235,580.24,1,577.0,1,583.47,4,583.47,577.0,577.0,1,,,,,,,,,,,,,,,,,,,583.47,4,,,,,,,,,,,,,,,,,,
2025-04-10 09:30:31,580.235,580.24,1,577.0,1,583.47,4,583.47,577.0,577.0,1,,,,,,,,,,,,,,,,,,,583.47,4,,,,,,,,,,,,,,,,,,
2025-04-10 09:30:32,580.235,580.24,1,577.0,1,583.47,4,583.47,577.0,577.0,1,,,,,,,,,,,,,,,,,,,583.47,4,,,,,,,,,,,,,,,,,,
2025-04-10 09:30:33,580.235,580.24,1,577.0,1,583.47,4,583.47,577.0,577.0,1,,,,,,,,,,,,,,,,,,,583.47,4,,,,,,,,,,,,,,,,,,
2025-04-10 09:30:34,580.235,580.24,1,577.0,1,583.47,4,583.47,577.0,577.0,1,,,,,,,,,,,,,,,,,,,583.47,4,,,,,,,,,,,,,,,,,,
2025-04-10 09:30:35,580.235,580.24,1,577.0,1,583.47,4,583.47,577.0,577.0,1,,,,,,,,,,,,,,,,,,,583.47,4,,,,,,,,,,,,,,,,,,
2025-04-10 09:30:36,580.235,580.24,1,577.0,1,583.47,4,583.47,577.0,577.0,1,,,,,,,,,,,,,,,,,,,583.47,4,,,,,,,,,,,,,,,,,,
2025-04-10 09:30:37,580.235,580.24,1,577.0,1,583.47,4,583.47,577.0,577.0,1,,,,,,,,,,,,,,,,,,,583.47,4,,,,,,,,,,,,,,,,,,
2025-04-10 09:30:38,580.235,580.24,1,577.0,1,583.47,4,583.47,577.0,577.0,1,,,,,,,,,,,,,,,,,,,583.47,4,,,,,,,,,,,,,,,,,,
2025-04-10 09:30:39,580.235,580.24,1,577.0,1,583.47,4,583.47,577.0,577.0,1,,,,,,,,,,,,,,,,,,,583.47,4,,,,,,,,,,,,,,,,,,
2025-04-10 09:30:40,580.235,580.24,1,577.0,1,583.47,4,583.47,577.0,577.0,1,,,,,,,,,,,,,,,,,,,583.47,4,,,,,,,,,,,,,,,,,,
2025-04-10 09:30:41,580.235,580.24,1,577.0,1,583.47,4,583.47,577.0,577.0,1,,,,,,,,,,,,,,,,,,,583.47,4,,,,,,,,,,,,,,,,,,
2025-04-10 09:30:42,580.235,580.24,1,577.0,1,583.47,4,583.47,577.0,577.0,1,,,,,,,,,,,,,,,,,,,583.47,4,,,,,,,,,,,,,,,,,,
2025-04-10 09:30:43,580.235,580.0,1,577.0,1,583.47,5,583.47,577.0,577.0,1,,,,,,,,,,,,,,,,,,,583.47,5,,,,,,,,,,,,,,,,,,
2025-04-10 09:30:44,580.235,580.0,1,577.0,1,583.47,5,583.47,577.0,577.0,1,,,,,,,,,,,,,,,,,,,583.47,5,,,,,,,,,,,,,,,,,,
2025-04-10 09:30:45,580.235,580.0,1,577.0,1,583.47,5,583.47,577.0,577.0,1,,,,,,,,,,,,,,,,,,,583.47,5,,,,,,,,,,,,,,,,,,
2025-04-10 09:30:46,580.235,580.0,1,577.0,1,583.47,5,583.47,577.0,577.0,1,,,,,,,,,,,,,,,,,,,583.47,5,,,,,,,,,,,,,,,,,,
2025-04-10 09:30:47,580.235,580.0,1,577.0,1,583.47,5,583.47,577.0,577.0,1,,,,,,,,,,,,,,,,,,,583.47,5,,,,,,,,,,,,,,,,,,
2025-04-10 09:30:48,580.235,580.0,1,577.0,1,583.47,5,583.47,577.0,577.0,1,,,,,,,,,,,,,,,,,,,583.47,5,,,,,,,,,,,,,,,,,,
2025-04-10 09:30:49,580.235,580.0,1,577.0,1,583.47,5,583.47,577.0,577.0,1,,,,,,,,,,,,,,,,,,,583.47,5,,,,,,,,,,,,,,,,,,
2025-04-10 09:30:50,580.235,580.0,1,577.0,1,583.47,5,583.47,577.0,577.0,1,,,,,,,,,,,,,,,,,,,583.47,5,,,,,,,,,,,,,,,,,,
2025-04-10 09:30:51,580.235,580.0,1,577.0,1,583.47,5,583.47,577.0,577.0,1,,,,,,,,,,,,,,,,,,,583.47,5,,,,,,,,,,,,,,,,,,
2025-04-10 09:30:52,580.235,580.0,1,577.0,1,583.47,5,583.47,577.0,577.0,1,,,,,,,,,,,,,,,,,,,583.47,5,,,,,,,,,,,,,,,,,,
2025-04-10 09:30:53,580.235,580.0,1,577.0,1,583.47,5,583.47,577.0,577.0,1,,,,,,,,,,,,,,,,,,,583.47,5,,,,,,,,,,,,,,,,,,
2025-04-10 09:30:54,580.235,580.0,1,577.0,1,583.47,5,583.47,577.0,577.0,1,,,,,,,,,,,,,,,,,,,583.47,5,,,,,,,,,,,,,,,,,,
2025-04-10 09:30:55,580.235,580.0,1,577.0,1,583.47,5,583.47,577.0,577.0,1,,,,,,,,,,,,,,,,,,,583.47,5,,,,,,,,,,,,,,,,,,
2025-04-10 09:30:56,580.235,580.0,1,577.0,1,583.47,5,583.47,577.0,577.0,1,,,,,,,,,,,,,,,,,,,583.47,5,,,,,,,,,,,,,,,,,,
2025-04-10 09:30:57,580.235,580.24,2,577.0,1,583.47,5,583.47,577.0,577.0,1,,,,,,,,,,,,,,,,,,,583.47,5,,,,,,,,,,,,,,,,,,
2025-04-10 09:30:58,580.235,580.24,2,577.0,1,583.47,5,583.47,577.0,577.0,1,,,,,,,,,,,,,,,,,,,583.47,5,,,,,,,,,,,,,,,,,,
2025-04-10 09:30:59,580.235,580.24,2,577.0,1,583.47,5,583.47,577.0,577.0,1,,,,,,,,,,,,,,,,,,,583.47,5,,,,,,,,,,,,,,,,,,
2025-04-10 09:31:00,580.235,580.24,2,577.0,1,583.47,5,583.47,577.0,577.0,1,,,,,,,,,,,,,,,,,,,583.47,5,,,,,,,,,,,,,,,,,,
2025-04-10 09:31:01,580.235,580.24,2,577.0,1,583.47,5,583.47,577.0,577.0,1,,,,,,,,,,,,,,,,,,,583.47,5,,,,,,,,,,,,,,,,,,
2025-04-10 09:31:02,580.235,580.24,2,577.0,1,583.47,5,583.47,577.0,577.0,1,,,,,,,,,,,,,,,,,,,583.47,5,,,,,,,,,,,,,,,,,,
2025-04-10 09:31:03,582.0,581.88,1,581.0,5,583.0,4,583.0,581.0,581.0,5,580.76,2,579.99,2,577.0,1,,,,,,,,,,,,,583.0,4,583.47,7,,,,,,,,,,,,,,,,
2025-04-10 09:31:04,582.245,583.47,2,581.0,8,583.49,3,583.49,581.0,581.0,8,580.76,2,579.99,2,577.0,1,,,,,,,,,,,,,583.49,3,,,,,,,,,,,,,,,,,,
2025-04-10 09:31:05,583.245,583.91,1,582.07,3,584.42,3,584.42,582.07,582.07,3,581.6,5,581.0,8,580.76,2,579.99,2,577.0,1,,,,,,,,,584.42,3,584.45,5,,,,,,,,,,,,,,,,
2025-04-10 09:31:06,583.26,584.45,1,582.07,3,584.45,5,584.45,582.07,582.07,3,581.6,5,581.0,8,580.76,2,579.99,2,577.0,1,,,,,,,,,584.45,5,,,,,,,,,,,,,,,,,,
2025-04-10 09:31:07,583.26,584.45,1,582.07,3,584.45,5,584.45,582.07,582.07,3,581.6,5,581.0,8,580.76,2,579.99,2,577.0,1,,,,,,,,,584.45,5,,,,,,,,,,,,,,,,,,
2025-04-10 09:31:08,583.26,584.45,1,582.07,3,584.45,5,584.45,582.07,582.07,3,581.6,5,581.0,8,580.76,2,579.99,2,577.0,1,,,,,,,,,584.45,5,,,,,,,,,,,,,,,,,,
2025-04-10 09:31:09,583.26,584.45,1,582.07,5,584.45,5,584.45,582.07,582.07,5,581.6,5,581.0,8,580.76,2,579.99,2,577.0,1,,,,,,,,,584.45,5,,,,,,,,,,,,,,,,,,
2025-04-10 09:31:10,583.26,584.45,1,582.07,5,584.45,5,584.45,582.07,582.07,5,581.6,5,581.0,8,580.76,2,579.99,2,577.0,1,,,,,,,,,584.45,5,,,,,,,,,,,,,,,,,,
2025-04-10 09:31:11,583.32,583.55,1,582.19,4,584.45,6,584.45,582.19,582.19,4,582.07,5,581.6,5,581.0,8,580.76,2,579.99,2,577.0,1,,,,,,,584.45,6,,,,,,,,,,,,,,,,,,
2025-04-10 09:31:12,583.285,583.55,1,582.19,5,584.38,1,584.38,582.19,582.19,5,582.07,5,581.6,5,581.0,8,580.76,2,579.99,2,577.0,1,,,,,,,584.38,1,584.44,1,584.45,5,,,,,,,,,,,,,,
2025-04-10 09:31:13,583.285,583.55,1,582.19,5,584.38,1,584.38,582.19,582.19,5,582.07,5,581.6,5,581.0,8,580.76,2,579.99,2,577.0,1,,,,,,,584.38,1,584.44,1,584.45,5,,,,,,,,,,,,,,
2025-04-10 09:31:14,583.565,583.55,1,582.74,2,584.39,1,584.39,582.74,582.74,2,582.19,5,582.07,5,581.6,5,581.0,8,580.76,2,579.99,2,577.0,1,,,,,584.39,1,584.45,5,,,,,,,,,,,,,,,,
2025-04-10 09:31:15,583.565,583.57,1,582.74,2,584.39,1,584.39,582.74,582.74,2,582.19,5,582.07,5,581.6,5,581.0,8,580.76,2,579.99,2,577.0,1,,,,,584.39,1,584.45,5,,,,,,,,,,,,,,,,
2025-04-10 09:31:16,583.565,583.57,1,582.74,2,584.39,1,584.39,582.74,582.74,2,582.19,5,582.07,5,581.6,5,581.0,8,580.76,2,579.99,2,577.0,1,,,,,584.39,1,584.45,5,,,,,,,,,,,,,,,,
2025-04-10 09:31:17,583.565,583.57,1,582.74,2,584.39,1,584.39,582.74,582.74,2,582.19,5,582.07,5,581.6,5,581.0,8,580.76,2,579.99,2,577.0,1,,,,,584.39,1,584.45,5,,,,,,,,,,,,,,,,
2025-04-10 09:31:18,585.03,585.03,1,583.06,5,587.0,2,587.0,583.06,583.06,5,582.74,4,582.19,5,582.07,5,581.6,5,581.0,8,580.76,2,579.99,2,577.0,1,,,587.0,2,,,,,,,,,,,,,,,,,,
2025-04-10 09:31:19,587.05,587.05,1,586.1,3,588.0,3,588.0,586.1,586.1,3,586.09,1,583.06,8,582.74,4,582.19,5,582.07,5,581.6,5,581.0,8,580.76,2,579.99,2,588.0,3,,,,,,,,,,,,,,,,,,
2025-04-10 09:31:20,587.05,587.05,2,586.1,3,588.0,3,588.0,586.1,586.1,3,586.09,1,583.06,8,582.74,4,582.19,5,582.07,5,581.6,5,581.0,8,580.76,2,579.99,2,588.0,3,,,,,,,,,,,,,,,,,,
2025-04-10 09:31:21,587.05,587.05,2,586.1,3,588.0,7,588.0,586.1,586.1,3,586.09,1,583.06,8,582.74,4,582.19,5,582.07,5,581.6,5,581.0,8,580.76,2,579.99,2,588.0,7,,,,,,,,,,,,,,,,,,
2025-04-10 09:31:22,588.01,588.01,1,587.06,6,588.96,5,588.96,587.06,587.06,6,586.85,1,586.57,1,586.1,7,586.09,1,583.06,8,582.74,4,582.19,5,582.07,5,581.6,5,588.96,5,,,,,,,,,,,,,,,,,,
2025-04-10 09:31:23,588.01,588.01,1,587.06,6,588.96,5,588.96,587.06,587.06,6,586.85,1,586.57,1,586.1,7,586.09,1,583.06,8,582.74,4,582.19,5,582.07,5,581.6,5,588.96,5,,,,,,,,,,,,,,,,,,
2025-04-10 09:31:24,588.345,588.35,1,587.73,1,588.96,7,588.96,587.73,587.73,1,587.06,7,586.85,1,586.57,1,586.1,7,586.09,1,583.06,8,582.74,4,582.19,5,582.07,5,588.96,7,,,,,,,,,,,,,,,,,,
2025-04-10 09:31:25,588.345,588.35,1,587.73,1,588.96,7,588.96,587.73,587.73,1,587.06,7,586.85,1,586.57,1,586.1,7,586.09,1,583.06,8,582.74,4,582.19,5,582.07,5,588.96,7,,,,,,,,,,,,,,,,,,
2025-04-10 09:31:26,588.345,588.35,1,587.73,3,588.96,6,588.96,587.73,587.73,3,587.06,7,586.85,1,586.57,1,586.1,7,586.09,1,583.06,8,582.74,4,582.19,5,582.07,5,588.96,6,,,,,,,,,,,,,,,,,,
2025-04-10 09:31:27,588.345,588.35,1,587.73,4,588.96,5,588.96,587.73,587.73,4,587.06,7,586.85,1,586.57,1,586.1,7,586.09,1,583.06,8,582.74,4,582.19,5,582.07,5,588.96,5,,,,,,,,,,,,,,,,,,
2025-04-10 09:31:28,588.345,588.35,1,587.73,4,588.96,5,588.96,587.73,587.73,4,587.06,7,586.85,1,586.57,1,586.1,7,586.09,1,583.06,8,582.74,4,582.19,5,582.07,5,588.96,5,,,,,,,,,,,,,,,,,,
2025-04-10 09:31:29,588.345,588.35,1,587.73,4,588.96,7,588.96,587.73,587.73,4,587.06,7,586.85,1,586.57,1,586.1,7,586.09,1,583.06,8,582.74,4,582.19,5,582.07,5,588.96,7,,,,,,,,,,,,,,,,,,
2025-04-10 09:31:30,588.345,588.35,1,587.73,5,588.96,7,588.96,587.73,587.73,5,587.06,7,586.85,1,586.57,1,586.1,7,586.09,1,583.06,8,582.74,4,582.19,5,582.07,5,588.96,7,,,,,,,,,,,,,,,,,,
2025-04-10 09:31:31,588.345,588.35,1,587.73,4,588.96,7,588.96,587.73,587.73,4,587.06,7,586.85,1,586.57,1,586.1,7,586.09,1,583.06,8,582.74,4,582.19,5,582.07,5,588.96,7,,,,,,,,,,,,,,,,,,
2025-04-10 09:31:32,588.345,588.35,1,587.73,4,588.96,8,588.96,587.73,587.73,4,587.06,7,586.85,1,586.57,1,586.1,7,586.09,1,583.06,8,582.74,4,582.19,5,582.07,5,588.96,8,,,,,,,,,,,,,,,,,,
2025-04-10 09:31:33,588.345,588.35,1,587.73,5,588.96,8,588.96,587.73,587.73,5,587.06,7,586.85,1,586.57,1,586.1,7,586.09,1,583.06,8,582.74,4,582.19,5,582.07,5,588.96,8,,,,,,,,,,,,,,,,,,
2025-04-10 09:31:34,588.345,587.73,1,587.73,5,588.96,8,588.96,587.73,587.73,5,587.06,7,586.85,1,586.57,1,586.1,7,586.09,1,583.06,8,582.74,4,582.19,5,582.07,5,588.96,8,,,,,,,,,,,,,,,,,,
2025-04-10 09:31:35,588.345,587.73,1,587.73,5,588.96,8,588.96,587.73,587.73,5,587.06,7,586.85,1,586.57,1,586.1,7,586.09,1,583.06,8,582.74,4,582.19,5,582.07,5,588.96,8,,,,,,,,,,,,,,,,,,
2025-04-10 09:31:36,588.345,588.35,1,587.73,5,588.96,8,588.96,587.73,587.73,5,587.06,7,586.85,1,586.57,1,586.1,7,586.09,1,583.06,8,582.74,4,582.19,5,582.07,5,588.96,8,,,,,,,,,,,,,,,,,,
2025-04-10 09:31:37,588.345,588.67,1,587.73,5,588.96,7,588.96,587.73,587.73,5,587.06,7,586.85,1,586.57,1,586.1,7,586.09,1,583.06,8,582.74,4,582.19,5,582.07,5,588.96,7,,,,,,,,,,,,,,,,,,
2025-04-10 09:31:38,588.345,588.35,1,587.73,5,588.96,7,588.96,587.73,587.73,5,587.06,7,586.85,1,586.57,1,586.1,7,586.09,1,583.06,8,582.74,4,582.19,5,582.07,5,588.96,7,,,,,,,,,,,,,,,,,,
2025-04-10 09:31:39,588.345,588.35,1,587.73,5,588.96,7,588.96,587.73,587.73,5,587.06,7,586.85,1,586.57,1,586.1,7,586.09,1,583.06,8,582.74,4,582.19,5,582.07,5,588.96,7,,,,,,,,,,,,,,,,,,
2025-04-10 09:31:40,588.345,588.1,1,587.73,5,588.96,7,588.96,587.73,587.73,5,587.06,7,586.85,1,586.57,1,586.1,7,586.09,1,583.06,8,582.74,4,582.19,5,582.07,5,588.96,7,,,,,,,,,,,,,,,,,,
2025-04-10 09:31:41,588.54,588.54,1,587.73,4,589.35,3,589.35,587.73,587.73,4,587.06,7,586.85,1,586.57,1,586.1,7,586.09,1,583.06,8,582.74,4,582.19,5,582.07,5,589.35,3,589.75,4,,,,,,,,,,,,,,,,
2025-04-10 09:31:42,588.54,588.88,1,587.73,4,589.35,5,589.35,587.73,587.73,4,587.06,7,586.85,1,586.57,1,586.1,7,586.09,1,583.06,8,582.74,4,582.19,5,582.07,5,589.35,5,589.75,4,,,,,,,,,,,,,,,,
2025-04-10 09:31:43,588.305,588.3,1,587.73,4,588.88,1,588.88,587.73,587.73,4,587.06,7,586.85,1,586.57,1,586.1,7,586.09,1,583.06,8,582.74,4,582.19,5,582.07,5,588.88,1,588.94,1,589.35,5,589.75,4,,,,,,,,,,,,
2025-04-10 09:31:44,588.305,588.3,2,587.73,4,588.88,1,588.88,587.73,587.73,4,587.06,7,586.85,1,586.57,1,586.1,7,586.09,1,583.06,8,582.74,4,582.19,5,582.07,5,588.88,1,588.94,1,589.35,5,589.75,4,,,,,,,,,,,,
2025-04-10 09:31:45,588.305,588.3,2,587.73,4,588.88,1,588.88,587.73,587.73,4,587.06,7,586.85,1,586.57,1,586.1,7,586.09,1,583.06,8,582.74,4,582.19,5,582.07,5,588.88,1,588.94,1,589.35,5,589.75,4,,,,,,,,,,,,
2025-04-10 09:31:46,588.74,588.74,1,587.73,4,589.75,4,589.75,587.73,587.73,4,587.06,7,586.85,1,586.57,1,586.1,7,586.09,1,583.06,8,582.74,4,582.19,5,582.07,5,589.75,4,,,,,,,,,,,,,,,,,,
2025-04-10 09:31:47,588.74,588.74,1,587.73,4,589.75,4,589.75,587.73,587.73,4,587.06,7,586.85,1,586.57,1,586.1,7,586.09,1,583.06,8,582.74,4,582.19,5,582.07,5,589.75,4,,,,,,,,,,,,,,,,,,
2025-04-10 09:31:48,589.025,588.3,1,588.3,1,589.75,5,589.75,588.3,588.3,1,587.73,4,587.06,7,586.85,1,586.57,1,586.1,7,586.09,1,583.06,8,582.74,4,582.19,5,589.75,5,,,,,,,,,,,,,,,,,,
2025-04-10 09:31:49,589.025,588.3,1,588.3,1,589.75,5,589.75,588.3,588.3,1,587.73,4,587.06,7,586.85,1,586.57,1,586.1,7,586.09,1,583.06,8,582.74,4,582.19,5,589.75,5,,,,,,,,,,,,,,,,,,
2025-04-10 09:31:50,589.025,588.3,1,588.3,1,589.75,5,589.75,588.3,588.3,1,587.73,4,587.06,7,586.85,1,586.57,1,586.1,7,586.09,1,583.06,8,582.74,4,582.19,5,589.75,5,,,,,,,,,,,,,,,,,,
2025-04-10 09:31:51,589.0,589.01,1,588.25,2,589.75,5,589.75,588.25,588.25,2,587.73,4,587.06,7,586.85,1,586.57,1,586.1,7,586.09,1,583.06,8,582.74,4,582.19,5,589.75,5,,,,,,,,,,,,,,,,,,
2025-04-10 09:31:52,589.0,589.0,1,588.25,2,589.75,5,589.75,588.25,588.25,2,587.73,4,587.06,7,586.85,1,586.57,1,586.1,7,586.09,1,583.06,8,582.74,4,582.19,5,589.75,5,,,,,,,,,,,,,,,,,,
2025-04-10 09:31:53,589.0,589.0,1,588.25,3,589.75,4,589.75,588.25,588.25,3,587.73,4,587.06,7,586.85,1,586.57,1,586.1,7,586.09,1,583.06,8,582.74,4,582.19,5,589.75,4,,,,,,,,,,,,,,,,,,
2025-04-10 09:31:54,589.0,589.0,1,588.25,3,589.75,4,589.75,588.25,588.25,3,587.73,4,587.06,7,586.85,1,586.57,1,586.1,7,586.09,1,583.06,8,582.74,4,582.19,5,589.75,4,,,,,,,,,,,,,,,,,,
2025-04-10 09:31:55,589.0,589.0,1,588.25,3,589.75,4,589.75,588.25,588.25,3,587.73,4,587.06,7,586.85,1,586.57,1,586.1,7,586.09,1,583.06,8,582.74,4,582.19,5,589.75,4,,,,,,,,,,,,,,,,,,
2025-04-10 09:31:56,589.0,589.0,1,588.25,3,589.75,4,589.75,588.25,588.25,3,587.73,4,587.06,7,586.85,1,586.57,1,586.1,7,586.09,1,583.06,8,582.74,4,582.19,5,589.75,4,,,,,,,,,,,,,,,,,,
2025-04-10 09:31:57,589.025,589.03,1,588.3,1,589.75,6,589.75,588.3,588.3,1,588.25,2,587.73,4,587.06,7,586.85,1,586.57,1,586.1,7,586.09,1,583.06,8,582.74,4,589.75,6,589.99,1,,,,,,,,,,,,,,,,
2025-04-10 09:31:58,589.025,589.03,1,588.3,1,589.75,6,589.75,588.3,588.3,1,588.25,2,587.73,4,587.06,7,586.85,1,586.57,1,586.1,7,586.09,1,583.06,8,582.74,4,589.75,6,589.99,1,,,,,,,,,,,,,,,,
2025-04-10 09:31:59,589.025,589.03,1,588.3,1,589.75,6,589.75,588.3,588.3,1,588.25,2,587.73,4,587.06,7,586.85,1,586.57,1,586.1,7,586.09,1,583.06,8,582.74,4,589.75,6,589.99,1,,,,,,,,,,,,,,,,
2025-04-10 09:32:00,589.025,589.03,1,588.3,5,589.75,7,589.75,588.3,588.3,5,588.25,2,587.73,4,587.06,7,586.85,1,586.57,1,586.1,7,586.09,1,583.06,8,582.74,4,589.75,7,589.99,1,,,,,,,,,,,,,,,,
2025-04-10 09:32:01,589.025,589.51,1,588.3,6,589.75,7,589.75,588.3,588.3,6,588.25,2,587.73,4,587.06,7,586.85,1,586.57,1,586.1,7,586.09,1,583.06,8,582.74,4,589.75,7,589.99,1,,,,,,,,,,,,,,,,
2025-04-10 09:32:02,589.45,589.45,1,588.3,7,590.6,5,590.6,588.3,588.3,7,588.25,2,587.73,4,587.06,7,586.85,1,586.57,1,586.1,7,586.09,1,583.06,8,582.74,4,590.6,5,,,,,,,,,,,,,,,,,,
2025-04-10 09:32:03,589.42,589.42,1,588.3,7,590.54,3,590.54,588.3,588.3,7,588.25,2,587.73,4,587.06,7,586.85,1,586.57,1,586.1,7,586.09,1,583.06,8,582.74,4,590.54,3,590.6,5,,,,,,,,,,,,,,,,
2025-04-10 09:32:04,588.635,588.15,2,587.73,4,589.54,5,589.54,587.73,587.73,4,587.06,7,586.85,1,586.57,1,586.1,7,586.09,1,583.06,8,582.74,4,582.19,5,582.07,5,589.54,5,590.54,3,590.6,5,,,,,,,,,,,,,,
2025-04-10 09:32:05,587.905,587.73,1,586.29,1,589.52,5,589.52,586.29,586.29,1,586.1,7,586.09,1,583.06,8,582.74,4,582.19,5,582.07,5,581.6,5,581.0,8,580.76,2,589.52,5,589.54,5,590.54,3,590.6,5,,,,,,,,,,,,
2025-04-10 09:32:06,587.905,587.31,1,586.29,1,589.52,5,589.52,586.29,586.29,1,585.1,1,583.06,8,582.74,4,582.19,5,582.07,5,581.6,5,581.0,8,580.76,2,579.99,2,589.52,5,589.54,5,590.54,3,590.6,5,,,,,,,,,,,,
2025-04-10 09:32:07,587.555,587.9,1,586.29,1,588.82,5,588.82,586.29,586.29,1,585.1,1,583.06,8,582.74,4,582.19,5,582.07,5,581.6,5,581.0,8,580.76,2,579.99,2,588.82,5,589.52,5,589.54,5,590.54,3,590.6,5,,,,,,,,,,
2025-04-10 09:32:08,587.555,587.55,1,586.29,1,588.82,5,588.82,586.29,586.29,1,585.1,1,583.06,8,582.74,4,582.19,5,582.07,5,581.6,5,581.0,8,580.76,2,579.99,2,588.82,5,589.52,5,589.54,5,590.54,3,590.6,5,,,,,,,,,,
2025-04-10 09:32:09,587.555,587.55,1,586.29,1,588.82,5,588.82,586.29,586.29,1,585.1,1,583.06,8,582.74,4,582.19,5,582.07,5,581.6,5,581.0,8,580.76,2,579.99,2,588.82,5,589.52,5,589.54,5,590.54,3,590.6,5,,,,,,,,,,
2025-04-10 09:32:10,587.555,587.55,1,586.29,1,588.82,5,588.82,586.29,586.29,1,585.1,1,583.06,8,582.74,4,582.19,5,582.07,5,581.6,5,581.0,8,580.76,2,579.99,2,588.82,5,589.52,5,589.54,5,590.54,3,590.6,5,,,,,,,,,,
2025-04-10 09:32:11,587.555,587.55,1,586.29,2,588.82,5,588.82,586.29,586.29,2,585.1,1,583.06,8,582.74,4,582.19,5,582.07,5,581.6,5,581.0,8,580.76,2,579.99,2,588.82,5,589.52,5,589.54,5,590.54,3,590.6,5,,,,,,,,,,
2025-04-10 09:32:12,587.555,586.32,4,586.29,2,588.82,5,588.82,586.29,586.29,2,585.1,1,583.06,8,582.74,4,582.19,5,582.07,5,581.6,5,581.0,8,580.76,2,579.99,2,588.82,5,589.52,5,589.54,5,590.54,3,590.6,5,,,,,,,,,,
2025-04-10 09:32:13,587.555,587.43,1,586.29,2,588.82,5,588.82,586.29,586.29,2,585.1,1,583.06,8,582.74,4,582.19,5,582.07,5,581.6,5,581.0,8,580.76,2,579.99,2,588.82,5,589.52,5,589.54,5,590.54,3,590.6,5,,,,,,,,,,
2025-04-10 09:32:14,587.555,587.55,4,586.29,2,588.82,5,588.82,586.29,586.29,2,585.1,1,583.06,8,582.74,4,582.19,5,582.07,5,581.6,5,581.0,8,580.76,2,579.99,2,588.82,5,589.52,5,589.54,5,590.54,3,590.6,5,,,,,,,,,,
2025-04-10 09:32:15,587.555,586.37,3,586.29,2,588.82,5,588.82,586.29,586.29,2,585.1,1,583.06,8,582.74,4,582.19,5,582.07,5,581.6,5,581.0,8,580.76,2,579.99,2,588.82,5,589.52,5,589.54,5,590.54,3,590.6,5,,,,,,,,,,
2025-04-10 09:32:16,587.555,588.82,1,586.29,2,588.82,5,588.82,586.29,586.29,2,585.1,1,583.06,8,582.74,4,582.19,5,582.07,5,581.6,5,581.0,8,580.76,2,579.99,2,588.82,5,589.52,5,589.54,5,590.54,3,590.6,5,,,,,,,,,,
2025-04-10 09:32:17,587.555,588.82,1,586.29,2,588.82,5,588.82,586.29,586.29,2,585.1,1,583.06,8,582.74,4,582.19,5,582.07,5,581.6,5,581.0,8,580.76,2,579.99,2,588.82,5,589.52,5,589.54,5,590.54,3,590.6,5,,,,,,,,,,
2025-04-10 09:32:18,587.555,587.55,1,586.29,2,588.82,5,588.82,586.29,586.29,2,585.1,1,583.06,8,582.74,4,582.19,5,582.07,5,581.6,5,581.0,8,580.76,2,579.99,2,588.82,5,589.52,5,589.54,5,590.54,3,590.6,5,,,,,,,,,,
2025-04-10 09:32:19,587.555,587.55,1,586.29,2,588.82,5,588.82,586.29,586.29,2,585.1,1,583.06,8,582.74,4,582.19,5,582.07,5,581.6,5,581.0,8,580.76,2,579.99,2,588.82,5,589.52,5,589.54,5,590.54,3,590.6,5,,,,,,,,,,
2025-04-10 09:32:20,587.555,587.55,1,586.29,2,588.82,5,588.82,586.29,586.29,2,585.1,1,583.06,8,582.74,4,582.19,5,582.07,5,581.6,5,581.0,8,580.76,2,579.99,2,588.82,5,589.52,5,589.54,5,590.54,3,590.6,5,,,,,,,,,,
2025-04-10 09:32:21,587.555,587.55,1,586.29,2,588.82,5,588.82,586.29,586.29,2,585.1,1,583.06,8,582.74,4,582.19,5,582.07,5,581.6,5,581.0,8,580.76,2,579.99,2,588.82,5,589.52,5,589.54,5,590.54,3,590.6,5,,,,,,,,,,
2025-04-10 09:32:22,587.555,587.55,2,586.29,2,588.82,5,588.82,586.29,586.29,2,585.1,1,583.06,8,582.74,4,582.19,5,582.07,5,581.6,5,581.0,8,580.76,2,579.99,2,588.82,5,589.52,5,589.54,5,590.54,3,590.6,5,,,,,,,,,,
2025-04-10 09:32:23,587.555,587.55,1,586.29,2,588.82,5,588.82,586.29,586.29,2,585.1,1,583.06,8,582.74,4,582.19,5,582.07,5,581.6,5,581.0,8,580.76,2,579.99,2,588.82,5,589.52,5,589.54,5,590.54,3,590.6,5,,,,,,,,,,
2025-04-10 09:32:24,587.555,587.73,1,586.29,2,588.82,5,588.82,586.29,586.29,2,585.1,1,583.06,8,582.74,4,582.19,5,582.07,5,581.6,5,581.0,8,580.76,2,579.99,2,588.82,5,589.52,5,589.54,5,590.54,3,590.6,5,,,,,,,,,,
2025-04-10 09:32:25,587.555,587.73,1,586.29,2,588.82,5,588.82,586.29,586.29,2,585.1,1,583.06,8,582.74,4,582.19,5,582.07,5,581.6,5,581.0,8,580.76,2,579.99,2,588.82,5,589.52,5,589.54,5,590.54,3,590.6,5,,,,,,,,,,
2025-04-10 09:32:26,587.555,587.73,1,586.29,2,588.82,5,588.82,586.29,586.29,2,585.1,1,583.06,8,582.74,4,582.19,5,582.07,5,581.6,5,581.0,8,580.76,2,579.99,2,588.82,5,589.52,5,589.54,5,590.54,3,590.6,5,,,,,,,,,,
2025-04-10 09:32:27,587.555,587.73,1,586.29,2,588.82,5,588.82,586.29,586.29,2,585.1,1,583.06,8,582.74,4,582.19,5,582.07,5,581.6,5,581.0,8,580.76,2,579.99,2,588.82,5,589.52,5,589.54,5,590.54,3,590.6,5,,,,,,,,,,
2025-04-10 09:32:28,587.555,587.55,1,586.29,2,588.82,5,588.82,586.29,586.29,2,585.1,1,583.06,8,582.74,4,582.19,5,582.07,5,581.6,5,581.0,8,580.76,2,579.99,2,588.82,5,589.52,5,589.54,5,590.54,3,590.6,5,,,,,,,,,,
2025-04-10 09:32:29,587.555,587.73,1,586.29,2,588.82,5,588.82,586.29,586.29,2,585.1,1,583.06,8,582.74,4,582.19,5,582.07,5,581.6,5,581.0,8,580.76,2,579.99,2,588.82,5,589.52,5,589.54,5,590.54,3,590.6,5,,,,,,,,,,
2025-04-10 09:32:30,587.555,587.73,1,586.29,2,588.82,5,588.82,586.29,586.29,2,585.1,1,583.06,8,582.74,4,582.19,5,582.07,5,581.6,5,581.0,8,580.76,2,579.99,2,588.82,5,589.52,5,589.54,5,590.54,3,590.6,5,,,,,,,,,,
2025-04-10 09:32:31,587.555,587.55,2,586.29,2,588.82,5,588.82,586.29,586.29,2,585.1,1,583.06,8,582.74,4,582.19,5,582.07,5,581.6,5,581.0,8,580.76,2,579.99,2,588.82,5,589.52,5,589.54,5,590.54,3,590.6,5,,,,,,,,,,
2025-04-10 09:32:32,587.555,587.65,1,586.29,3,588.82,5,588.82,586.29,586.29,3,585.1,1,583.06,8,582.74,4,582.19,5,582.07,5,581.6,5,581.0,8,580.76,2,579.99,2,588.82,5,589.52,5,589.54,5,590.54,3,590.6,5,,,,,,,,,,
2025-04-10 09:32:33,587.93,587.93,1,587.04,1,588.82,5,588.82,587.04,587.04,1,586.29,3,585.1,1,583.06,8,582.74,4,582.19,5,582.07,5,581.6,5,581.0,8,580.76,2,588.82,5,589.52,5,589.54,5,590.54,3,590.6,5,,,,,,,,,,
2025-04-10 09:32:34,587.93,587.93,1,587.04,1,588.82,5,588.82,587.04,587.04,1,586.29,3,585.1,1,583.06,8,582.74,4,582.19,5,582.07,5,581.6,5,581.0,8,580.76,2,588.82,5,589.52,5,589.54,5,590.54,3,590.6,5,,,,,,,,,,
2025-04-10 09:32:35,586.665,586.66,1,586.29,2,587.04,3,587.04,586.29,586.29,2,585.1,1,583.06,8,582.74,4,582.19,5,582.07,5,581.6,5,581.0,8,580.76,2,579.99,2,587.04,3,588.0,1,588.01,1,588.17,11,588.82,15,589.52,5,589.54,5,590.54,3,590.6,5,,
2025-04-10 09:32:36,586.665,586.29,1,586.29,2,587.04,2,587.04,586.29,586.29,2,585.1,1,583.06,8,582.74,4,582.19,5,582.07,5,581.6,5,581.0,8,580.76,2,579.99,2,587.04,2,588.0,1,588.01,1,588.17,11,588.82,15,589.52,5,589.54,5,590.54,3,590.6,5,,
2025-04-10 09:32:37,586.325,586.33,3,585.63,2,587.02,2,587.02,585.63,585.63,2,585.55,2,585.1,1,583.06,8,582.74,4,582.19,5,582.07,5,581.6,5,581.0,8,580.76,2,587.02,2,587.03,1,587.04,3,588.0,1,588.01,1,588.17,11,588.82,15,589.52,5,589.54,5,590.54,3
2025-04-10 09:32:38,586.325,585.87,1,585.63,2,587.02,2,587.02,585.63,585.63,2,585.55,2,585.1,1,583.06,8,582.74,4,582.19,5,582.07,5,581.6,5,581.0,8,580.76,2,587.02,2,587.03,1,587.04,3,588.0,1,588.01,1,588.17,11,588.82,15,589.52,5,589.54,5,590.54,3
2025-04-10 09:32:39,586.32,585.65,1,585.63,2,587.01,1,587.01,585.63,585.63,2,585.55,2,585.1,1,583.06,8,582.74,4,582.19,5,582.07,5,581.6,5,581.0,8,580.76,2,587.01,1,587.02,2,587.03,1,587.04,3,588.0,1,588.01,1,588.17,11,588.82,15,589.52,5,589.54,5
2025-04-10 09:32:40,585.925,585.63,1,584.86,1,586.99,5,586.99,584.86,584.86,1,583.06,8,582.74,4,582.19,5,582.07,5,581.6,5,581.0,8,580.76,2,579.99,2,577.0,1,586.99,5,587.0,2,587.01,2,587.02,2,587.03,1,587.04,3,588.0,1,588.01,1,588.17,11,588.82,15
2025-04-10 09:32:41,584.52,584.53,3,583.22,1,585.82,1,585.82,583.22,583.22,1,583.06,8,582.74,4,582.19,5,582.07,5,581.6,5,581.0,8,580.76,2,579.99,2,577.0,1,585.82,1,585.83,2,585.84,2,585.85,2,585.95,5,586.99,5,587.0,2,587.01,2,587.02,2,587.03,1
2025-04-10 09:32:42,584.58,584.53,3,583.39,4,585.77,2,585.77,583.39,583.39,4,583.26,5,583.22,1,583.06,8,582.74,4,582.19,5,582.07,5,581.6,5,581.0,8,580.76,2,585.77,2,585.95,4,586.99,5,587.0,2,587.01,2,587.02,2,587.03,1,587.04,3,588.0,1,588.01,1
2025-04-10 09:32:43,584.36,584.58,3,583.39,4,585.33,1,585.33,583.39,583.39,4,583.26,5,583.22,1,583.06,8,582.74,4,582.19,5,582.07,5,581.6,5,581.0,8,580.76,2,585.33,1,585.34,1,585.77,2,585.95,4,586.99,5,587.0,2,587.01,2,587.02,2,587.03,1,587.04,3
2025-04-10 09:32:44,584.355,584.58,3,583.39,4,585.32,1,585.32,583.39,583.39,4,583.26,5,583.22,1,583.06,8,582.74,4,582.19,5,582.07,5,581.6,5,581.0,8,580.76,2,585.32,1,585.33,1,585.34,1,585.77,2,585.95,4,586.99,5,587.0,2,587.01,2,587.02,2,587.03,1
2025-04-10 09:32:45,584.365,584.58,3,583.39,4,585.34,2,585.34,583.39,583.39,4,583.26,5,583.22,1,583.06,8,582.74,4,582.19,5,582.07,5,581.6,5,581.0,8,580.76,2,585.34,2,585.77,2,585.95,4,586.99,5,587.0,2,587.01,2,587.02,2,587.03,1,587.04,3,588.0,1
2025-04-10 09:32:46,584.365,584.58,3,583.39,4,585.34,2,585.34,583.39,583.39,4,583.26,5,583.22,1,583.06,8,582.74,4,582.19,5,582.07,5,581.6,5,581.0,8,580.76,2,585.34,2,585.77,2,585.95,4,586.99,5,587.0,2,587.01,2,587.02,2,587.03,1,587.04,3,588.0,1
2025-04-10 09:32:47,584.175,584.17,1,583.39,7,584.96,1,584.96,583.39,583.39,7,583.26,5,583.22,1,583.06,8,582.74,4,582.19,5,582.07,5,581.6,5,581.0,8,580.76,2,584.96,1,585.34,2,585.77,2,585.95,4,586.99,5,587.0,2,587.01,2,587.02,2,587.03,1,587.04,3
2025-04-10 09:32:48,584.175,584.17,1,583.39,7,584.96,1,584.96,583.39,583.39,7,583.26,5,583.22,1,583.06,8,582.74,4,582.19,5,582.07,5,581.6,5,581.0,8,580.76,2,584.96,1,585.34,2,585.77,2,585.95,4,586.99,5,587.0,2,587.01,2,587.02,2,587.03,1,587.04,3
2025-04-10 09:32:49,584.175,584.17,10,583.39,7,584.96,2,584.96,583.39,583.39,7,583.26,5,583.22,1,583.06,8,582.74,4,582.19,5,582.07,5,581.6,5,581.0,8,580.76,2,584.96,2,585.34,2,585.77,2,585.95,4,586.99,5,587.0,2,587.01,2,587.02,2,587.03,1,587.04,3
2025-04-10 09:32:50,584.175,584.17,10,583.39,7,584.96,2,584.96,583.39,583.39,7,583.26,5,583.22,1,583.06,8,582.74,4,582.19,5,582.07,5,581.6,5,581.0,8,580.76,2,584.96,2,585.34,2,585.77,2,585.95,4,586.99,5,587.0,2,587.01,2,587.02,2,587.03,1,587.04,3
2025-04-10 09:32:51,584.175,584.17,10,583.39,7,584.96,2,584.96,583.39,583.39,7,583.26,5,583.22,1,583.06,8,582.74,4,582.19,5,582.07,5,581.6,5,581.0,8,580.76,2,584.96,2,585.34,2,585.77,2,585.95,4,586.99,5,587.0,2,587.01,2,587.02,2,587.03,1,587.04,3
2025-04-10 09:32:52,584.175,583.75,1,583.39,7,584.96,2,584.96,583.39,583.39,7,583.26,5,583.22,1,583.06,8,582.74,4,582.19,5,582.07,5,581.6,5,581.0,8,580.76,2,584.96,2,585.34,2,585.77,2,585.95,4,586.99,5,587.0,2,587.01,2,587.02,2,587.03,1,587.04,3
2025-04-10 09:32:53,584.175,583.86,1,583.39,7,584.96,2,584.96,583.39,583.39,7,583.26,5,583.22,1,583.06,8,582.74,4,582.19,5,582.07,5,581.6,5,581.0,8,580.76,2,584.96,2,585.34,2,585.77,2,585.95,4,586.99,5,587.0,2,587.01,2,587.02,2,587.03,1,587.04,3
2025-04-10 09:32:54,584.175,583.86,1,583.39,7,584.96,2,584.96,583.39,583.39,7,583.26,5,583.22,1,583.06,8,582.74,4,582.19,5,582.07,5,581.6,5,581.0,8,580.76,2,584.96,2,585.34,2,585.77,2,585.95,4,586.99,5,587.0,2,587.01,2,587.02,2,587.03,1,587.04,3
2025-04-10 09:32:55,584.175,584.17,2,583.39,7,584.96,2,584.96,583.39,583.39,7,583.26,5,583.22,1,583.06,8,582.74,4,582.19,5,582.07,5,581.6,5,581.0,8,580.76,2,584.96,2,585.34,2,585.77,2,585.95,4,586.99,5,587.0,2,587.01,2,587.02,2,587.03,1,587.04,3
2025-04-10 09:32:56,584.175,584.17,2,583.39,7,584.96,2,584.96,583.39,583.39,7,583.26,5,583.22,1,583.06,8,582.74,4,582.19,5,582.07,5,581.6,5,581.0,8,580.76,2,584.96,2,585.34,2,585.77,2,585.95,4,586.99,5,587.0,2,587.01,2,587.02,2,587.03,1,587.04,3
2025-04-10 09:32:57,584.175,584.17,3,583.39,7,584.96,2,584.96,583.39,583.39,7,583.26,5,583.22,1,583.06,8,582.74,4,582.19,5,582.07,5,581.6,5,581.0,8,580.76,2,584.96,2,585.34,2,585.77,2,585.95,4,586.99,5,587.0,2,587.01,2,587.02,2,587.03,1,587.04,3
2025-04-10 09:32:58,584.885,584.17,3,583.39,7,586.38,5,586.38,583.39,583.39,7,583.26,5,583.22,1,583.06,8,582.74,4,582.19,5,582.07,5,581.6,5,581.0,8,580.76,2,586.38,5,586.99,5,587.0,2,587.01,2,587.02,2,587.03,1,587.04,3,588.0,1,588.01,1,588.17,11
2025-04-10 09:32:59,584.58,584.17,3,583.39,7,585.77,3,585.77,583.39,583.39,7,583.26,5,583.22,1,583.06,8,582.74,4,582.19,5,582.07,5,581.6,5,581.0,8,580.76,2,585.77,3,586.38,5,586.99,5,587.0,2,587.01,2,587.02,2,587.03,1,587.04,3,588.0,1,588.01,1
2025-04-10 09:33:00,584.58,584.05,1,583.39,7,585.77,4,585.77,583.39,583.39,7,583.26,5,583.22,1,583.06,8,582.74,4,582.19,5,582.07,5,581.6,5,581.0,8,580.76,2,585.77,4,586.38,5,586.99,5,587.0,2,587.01,2,587.02,2,587.03,1,587.04,3,588.0,1,588.01,1
2025-04-10 09:33:01,584.36,584.36,3,583.39,7,585.33,3,585.33,583.39,583.39,7,583.26,5,583.22,1,583.06,8,582.74,4,582.19,5,582.07,5,581.6,5,581.0,8,580.76,2,585.33,3,585.77,4,586.38,5,586.99,5,587.0,2,587.01,2,587.02,2,587.03,1,587.04,3,588.0,1
2025-04-10 09:33:02,584.36,584.36,3,583.39,8,585.33,3,585.33,583.39,583.39,8,583.26,5,583.22,1,583.06,8,582.74,4,582.19,5,582.07,5,581.6,5,581.0,8,580.76,2,585.33,3,585.77,4,586.38,5,586.99,5,587.0,2,587.01,2,587.02,2,587.03,1,587.04,3,588.0,1
2025-04-10 09:33:03,584.36,584.82,1,583.39,8,585.33,3,585.33,583.39,583.39,8,583.26,5,583.22,1,583.06,8,582.74,4,582.19,5,582.07,5,581.6,5,581.0,8,580.76,2,585.33,3,585.77,4,586.38,5,586.99,5,587.0,2,587.01,2,587.02,2,587.03,1,587.04,3,588.0,1
2025-04-10 09:33:04,584.36,584.82,1,583.39,7,585.33,3,585.33,583.39,583.39,7,583.26,5,583.22,1,583.06,8,582.74,4,582.19,5,582.07,5,581.6,5,581.0,8,580.76,2,585.33,3,585.77,4,586.38,5,586.99,5,587.0,2,587.01,2,587.02,2,587.03,1,587.04,3,588.0,1
2025-04-10 09:33:05,584.36,584.36,10,583.39,7,585.33,3,585.33,583.39,583.39,7,583.26,5,583.22,1,583.06,8,582.74,4,582.19,5,582.07,5,581.6,5,581.0,8,580.76,2,585.33,3,585.77,4,586.38,5,586.99,5,587.0,2,587.01,2,587.02,2,587.03,1,587.04,3,588.0,1
2025-04-10 09:33:06,584.36,584.36,6,583.39,8,585.33,3,585.33,583.39,583.39,8,583.26,5,583.22,1,583.06,8,582.74,4,582.19,5,582.07,5,581.6,5,581.0,8,580.76,2,585.33,3,585.77,4,586.38,5,586.99,5,587.0,2,587.01,2,587.02,2,587.03,1,587.04,3,588.0,1
2025-04-10 09:33:07,585.375,584.55,1,584.37,2,586.38,5,586.38,584.37,584.37,2,583.39,8,583.26,5,583.22,1,583.06,8,582.74,4,582.19,5,582.07,5,581.6,5,581.0,8,586.38,5,586.99,5,587.0,2,587.01,2,587.02,2,587.03,1,587.04,3,588.0,1,588.01,1,588.17,11
2025-04-10 09:33:08,585.515,586.19,1,584.65,2,586.38,5,586.38,584.65,584.65,2,584.37,3,583.39,8,583.26,5,583.22,1,583.06,8,582.74,4,582.19,5,582.07,5,581.6,5,586.38,5,586.99,5,587.0,2,587.01,2,587.02,2,587.03,1,587.04,3,588.0,1,588.01,1,588.17,11
2025-04-10 09:33:09,585.515,586.19,1,584.65,2,586.38,5,586.38,584.65,584.65,2,584.37,3,583.39,8,583.26,5,583.22,1,583.06,8,582.74,4,582.19,5,582.07,5,581.6,5,586.38,5,586.99,5,587.0,2,587.01,2,587.02,2,587.03,1,587.04,3,588.0,1,588.01,1,588.17,11
2025-04-10 09:33:10,586.495,586.33,1,584.66,12,588.33,3,588.33,584.66,584.66,12,584.65,8,584.37,3,583.39,8,583.26,5,583.22,1,583.06,8,582.74,4,582.19,5,582.07,5,588.33,3,588.82,15,589.52,5,589.54,5,590.54,3,590.6,5,,,,,,,,
2025-04-10 09:33:11,586.94,586.94,1,585.96,3,587.92,1,587.92,585.96,585.96,3,585.74,3,584.66,11,584.65,8,584.37,3,583.39,8,583.26,5,583.22,1,583.06,8,582.74,4,587.92,1,588.3,1,588.33,3,588.82,15,589.52,5,589.54,5,590.54,3,590.6,5,,,,
2025-04-10 09:33:12,586.94,586.94,1,585.96,3,587.92,1,587.92,585.96,585.96,3,585.74,3,584.66,11,584.65,8,584.37,3,583.39,8,583.26,5,583.22,1,583.06,8,582.74,4,587.92,1,588.3,1,588.33,3,588.82,15,589.52,5,589.54,5,590.54,3,590.6,5,,,,
2025-04-10 09:33:13,586.94,586.94,1,585.96,3,587.92,1,587.92,585.96,585.96,3,585.74,3,584.66,11,584.65,8,584.37,3,583.39,8,583.26,5,583.22,1,583.06,8,582.74,4,587.92,1,588.3,1,588.33,3,588.82,15,589.52,5,589.54,5,590.54,3,590.6,5,,,,
2025-04-10 09:33:14,586.745,586.75,1,585.96,3,587.53,1,587.53,585.96,585.96,3,585.74,3,584.66,11,584.65,8,584.37,3,583.39,8,583.26,5,583.22,1,583.06,8,582.74,4,587.53,1,587.92,1,588.3,1,588.33,3,588.82,15,589.52,5,589.54,5,590.54,3,590.6,5,,
2025-04-10 09:33:15,586.745,586.75,1,585.96,3,587.53,1,587.53,585.96,585.96,3,585.74,3,584.66,11,584.65,8,584.37,3,583.39,8,583.26,5,583.22,1,583.06,8,582.74,4,587.53,1,587.92,1,588.3,1,588.33,3,588.82,15,589.52,5,589.54,5,590.54,3,590.6,5,,
2025-04-10 09:33:16,586.745,587.4,1,585.96,4,587.53,1,587.53,585.96,585.96,4,585.74,3,584.66,11,584.65,8,584.37,3,583.39,8,583.26,5,583.22,1,583.06,8,582.74,4,587.53,1,587.92,1,588.3,1,588.33,3,588.82,15,589.52,5,589.54,5,590.54,3,590.6,5,,
2025-04-10 09:33:17,586.94,586.94,2,585.96,5,587.92,1,587.92,585.96,585.96,5,585.74,3,584.66,11,584.65,8,584.37,3,583.39,8,583.26,5,583.22,1,583.06,8,582.74,4,587.92,1,588.3,1,588.33,3,588.82,15,589.52,5,589.54,5,590.54,3,590.6,5,,,,
2025-04-10 09:33:18,586.94,586.94,1,585.96,5,587.92,1,587.92,585.96,585.96,5,585.74,3,584.66,11,584.65,8,584.37,3,583.39,8,583.26,5,583.22,1,583.06,8,582.74,4,587.92,1,588.3,1,588.33,3,588.82,15,589.52,5,589.54,5,590.54,3,590.6,5,,,,
2025-04-10 09:33:19,587.095,586.94,1,586.27,3,587.92,1,587.92,586.27,586.27,3,585.96,4,585.74,3,584.66,11,584.65,8,584.37,3,583.39,8,583.26,5,583.22,1,583.06,8,587.92,1,588.3,1,588.33,3,588.82,15,589.52,5,589.54,5,590.54,3,590.6,5,,,,
2025-04-10 09:33:20,587.315,586.94,1,586.71,4,587.92,1,587.92,586.71,586.71,4,586.27,3,585.96,4,585.74,3,584.66,11,584.65,8,584.37,3,583.39,8,583.26,5,583.22,1,587.92,1,588.3,1,588.33,3,588.82,15,589.52,5,589.54,5,590.54,3,590.6,5,,,,
2025-04-10 09:33:21,587.315,586.94,1,586.71,4,587.92,1,587.92,586.71,586.71,4,586.27,3,585.96,4,585.74,3,584.66,11,584.65,8,584.37,3,583.39,8,583.26,5,583.22,1,587.92,1,588.3,1,588.33,3,588.82,15,589.52,5,589.54,5,590.54,3,590.6,5,,,,
2025-04-10 09:33:22,587.315,586.94,1,586.71,4,587.92,1,587.92,586.71,586.71,4,586.27,3,585.96,4,585.74,3,584.66,11,584.65,8,584.37,3,583.39,8,583.26,5,583.22,1,587.92,1,588.3,1,588.33,3,588.82,15,589.52,5,589.54,5,590.54,3,590.6,5,,,,
2025-04-10 09:33:23,587.315,586.76,1,586.71,2,587.92,1,587.92,586.71,586.71,2,586.27,3,585.96,4,585.74,3,584.66,11,584.65,8,584.37,3,583.39,8,583.26,5,583.22,1,587.92,1,588.3,1,588.33,3,588.82,15,589.52,5,589.54,5,590.54,3,590.6,5,,,,
2025-04-10 09:33:24,587.555,587.67,1,586.78,2,588.33,3,588.33,586.78,586.78,2,586.71,5,586.27,3,585.96,4,585.74,3,584.66,11,584.65,8,584.37,3,583.39,8,583.26,5,588.33,3,588.82,15,589.52,5,589.54,5,590.54,3,590.6,5,,,,,,,,
2025-04-10 09:33:25,587.555,587.51,1,586.78,5,588.33,4,588.33,586.78,586.78,5,586.71,5,586.27,3,585.96,4,585.74,3,584.66,11,584.65,8,584.37,3,583.39,8,583.26,5,588.33,4,588.82,15,589.52,5,589.54,5,590.54,3,590.6,5,,,,,,,,
2025-04-10 09:33:26,587.555,587.51,1,586.78,5,588.33,4,588.33,586.78,586.78,5,586.71,5,586.27,3,585.96,4,585.74,3,584.66,11,584.65,8,584.37,3,583.39,8,583.26,5,588.33,4,588.82,15,589.52,5,589.54,5,590.54,3,590.6,5,,,,,,,,
2025-04-10 09:33:27,587.555,587.55,1,586.78,5,588.33,4,588.33,586.78,586.78,5,586.71,5,586.27,3,585.96,4,585.74,3,584.66,11,584.65,8,584.37,3,583.39,8,583.26,5,588.33,4,588.82,15,589.52,5,589.54,5,590.54,3,590.6,5,,,,,,,,
2025-04-10 09:33:28,587.555,587.55,1,586.78,5,588.33,4,588.33,586.78,586.78,5,586.71,5,586.27,3,585.96,4,585.74,3,584.66,11,584.65,8,584.37,3,583.39,8,583.26,5,588.33,4,588.82,15,589.52,5,589.54,5,590.54,3,590.6,5,,,,,,,,
2025-04-10 09:33:29,587.555,587.55,2,586.78,5,588.33,4,588.33,586.78,586.78,5,586.71,5,586.27,3,585.96,4,585.74,3,584.66,11,584.65,8,584.37,3,583.39,8,583.26,5,588.33,4,588.82,15,589.52,5,589.54,5,590.54,3,590.6,5,,,,,,,,
2025-04-10 09:33:30,587.555,587.55,2,586.78,5,588.33,4,588.33,586.78,586.78,5,586.71,5,586.27,3,585.96,4,585.74,3,584.66,11,584.65,8,584.37,3,583.39,8,583.26,5,588.33,4,588.82,15,589.52,5,589.54,5,590.54,3,590.6,5,,,,,,,,
2025-04-10 09:33:31,587.355,587.36,3,586.78,6,587.93,1,587.93,586.78,586.78,6,586.71,5,586.27,3,585.96,4,585.74,3,584.66,11,584.65,8,584.37,3,583.39,8,583.26,5,587.93,1,588.33,5,588.82,15,589.52,5,589.54,5,590.54,3,590.6,5,,,,,,
2025-04-10 09:33:32,587.355,587.41,1,586.78,6,587.93,1,587.93,586.78,586.78,6,586.71,5,586.27,3,585.96,4,585.74,3,584.66,11,584.65,8,584.37,3,583.39,8,583.26,5,587.93,1,588.33,5,588.82,15,589.52,5,589.54,5,590.54,3,590.6,5,,,,,,
2025-04-10 09:33:33,587.355,587.36,1,586.78,6,587.93,1,587.93,586.78,586.78,6,586.71,5,586.27,3,585.96,4,585.74,3,584.66,11,584.65,8,584.37,3,583.39,8,583.26,5,587.93,1,588.33,5,588.82,15,589.52,5,589.54,5,590.54,3,590.6,5,,,,,,
2025-04-10 09:33:34,587.355,587.36,1,586.78,6,587.93,1,587.93,586.78,586.78,6,586.71,5,586.27,3,585.96,4,585.74,3,584.66,11,584.65,8,584.37,3,583.39,8,583.26,5,587.93,1,588.33,5,588.82,15,589.52,5,589.54,5,590.54,3,590.6,5,,,,,,
2025-04-10 09:33:35,587.555,587.55,3,586.78,6,588.33,5,588.33,586.78,586.78,6,586.71,5,586.27,3,585.96,4,585.74,3,584.66,11,584.65,8,584.37,3,583.39,8,583.26,5,588.33,5,588.82,15,589.52,5,589.54,5,590.54,3,590.6,5,,,,,,,,
2025-04-10 09:33:36,587.555,587.55,3,586.78,6,588.33,5,588.33,586.78,586.78,6,586.71,5,586.27,3,585.96,4,585.74,3,584.66,11,584.65,8,584.37,3,583.39,8,583.26,5,588.33,5,588.82,15,589.52,5,589.54,5,590.54,3,590.6,5,,,,,,,,
2025-04-10 09:33:37,587.555,587.55,3,586.78,6,588.33,5,588.33,586.78,586.78,6,586.71,5,586.27,3,585.96,4,585.74,3,584.66,11,584.65,8,584.37,3,583.39,8,583.26,5,588.33,5,588.82,15,589.52,5,589.54,5,590.54,3,590.6,5,,,,,,,,
2025-04-10 09:33:38,587.555,587.55,1,586.78,6,588.33,5,588.33,586.78,586.78,6,586.71,5,586.27,3,585.96,4,585.74,3,584.66,11,584.65,8,584.37,3,583.39,8,583.26,5,588.33,5,588.82,15,589.52,5,589.54,5,590.54,3,590.6,5,,,,,,,,
2025-04-10 09:33:39,587.555,587.55,1,586.78,6,588.33,5,588.33,586.78,586.78,6,586.71,5,586.27,3,585.96,4,585.74,3,584.66,11,584.65,8,584.37,3,583.39,8,583.26,5,588.33,5,588.82,15,589.52,5,589.54,5,590.54,3,590.6,5,,,,,,,,
2025-04-10 09:33:40,587.555,587.55,1,586.78,6,588.33,5,588.33,586.78,586.78,6,586.71,5,586.27,3,585.96,4,585.74,3,584.66,11,584.65,8,584.37,3,583.39,8,583.26,5,588.33,5,588.82,15,589.52,5,589.54,5,590.54,3,590.6,5,,,,,,,,
2025-04-10 09:33:41,587.555,587.66,2,586.78,9,588.33,11,588.33,586.78,586.78,9,586.71,5,586.27,3,585.96,4,585.74,3,584.66,11,584.65,8,584.37,3,583.39,8,583.26,5,588.33,11,588.82,15,589.52,5,589.54,5,590.54,3,590.6,5,,,,,,,,
2025-04-10 09:33:43,587.79,587.79,1,587.25,3,588.33,11,588.33,587.25,587.25,3,586.78,9,586.71,5,586.27,3,585.96,4,585.74,3,584.66,11,584.65,8,584.37,3,583.39,8,588.33,11,588.82,15,589.52,5,589.54,5,590.54,3,590.6,5,,,,,,,,
2025-04-10 09:33:43,587.79,587.87,1,587.25,2,588.33,11,588.33,587.25,587.25,2,586.78,9,586.71,5,586.27,3,585.96,4,585.74,3,584.66,11,584.65,8,584.37,3,583.39,8,588.33,11,588.82,15,589.52,5,589.54,5,590.54,3,590.6,5,,,,,,,,
2025-04-10 09:33:44,589.2,588.17,3,588.43,7,589.97,1,589.97,588.43,588.43,7,587.25,7,586.78,9,586.71,5,586.27,3,585.96,4,585.74,3,584.66,11,584.65,8,584.37,3,589.97,1,590.0,3,590.54,3,590.6,5,,,,,,,,,,,,
2025-04-10 09:33:46,589.2,589.2,2,588.43,15,589.97,1,589.97,588.43,588.43,15,587.25,7,586.78,9,586.71,5,586.27,3,585.96,4,585.74,3,584.66,11,584.65,8,584.37,3,589.97,1,590.0,3,590.54,3,590.6,5,,,,,,,,,,,,
2025-04-10 09:33:47,588.995,589.22,1,588.43,14,589.56,1,589.56,588.43,588.43,14,587.25,7,586.78,9,586.71,5,586.27,3,585.96,4,585.74,3,584.66,11,584.65,8,584.37,3,589.56,1,589.72,1,590.0,4,590.54,3,590.6,5,,,,,,,,,,
2025-04-10 09:33:47,589.345,589.35,1,588.71,6,589.98,1,589.98,588.71,588.71,6,588.43,15,587.25,7,586.78,9,586.71,5,586.27,3,585.96,4,585.74,3,584.66,11,584.65,8,589.98,1,590.0,3,590.54,3,590.6,5,,,,,,,,,,,,
2025-04-10 09:33:49,589.975,589.98,3,589.35,4,590.6,3,590.6,589.35,589.35,4,589.26,2,589.02,4,588.71,6,588.43,15,587.25,7,586.78,9,586.71,5,586.27,3,585.96,4,590.6,3,,,,,,,,,,,,,,,,,,
2025-04-10 09:33:50,589.515,589.98,1,588.43,14,590.6,3,590.6,588.43,588.43,14,587.25,7,586.78,9,586.71,5,586.27,3,585.96,4,585.74,3,584.66,11,584.65,8,584.37,3,590.6,3,,,,,,,,,,,,,,,,,,
2025-04-10 09:33:50,589.515,589.21,2,588.43,14,590.6,3,590.6,588.43,588.43,14,587.25,7,586.78,9,586.71,5,586.27,3,585.96,4,585.74,3,584.66,11,584.65,8,584.37,3,590.6,3,,,,,,,,,,,,,,,,,,
2025-04-10 09:33:51,589.515,589.21,2,588.43,14,590.6,3,590.6,588.43,588.43,14,587.25,7,586.78,9,586.71,5,586.27,3,585.96,4,585.74,3,584.66,11,584.65,8,584.37,3,590.6,3,,,,,,,,,,,,,,,,,,
2025-04-10 09:33:53,589.515,589.36,1,588.43,13,590.6,3,590.6,588.43,588.43,13,587.25,7,586.78,9,586.71,5,586.27,3,585.96,4,585.74,3,584.66,11,584.65,8,584.37,3,590.6,3,,,,,,,,,,,,,,,,,,
2025-04-10 09:33:53,589.515,589.52,1,588.43,13,590.6,3,590.6,588.43,588.43,13,587.25,7,586.78,9,586.71,5,586.27,3,585.96,4,585.74,3,584.66,11,584.65,8,584.37,3,590.6,3,,,,,,,,,,,,,,,,,,
2025-04-10 09:33:55,589.395,589.26,1,588.19,3,590.6,5,590.6,588.19,588.19,3,588.11,1,587.25,7,586.78,9,586.71,5,586.27,3,585.96,4,585.74,3,584.66,11,584.65,8,590.6,5,,,,,,,,,,,,,,,,,,
2025-04-10 09:33:56,589.395,589.26,1,588.19,3,590.6,5,590.6,588.19,588.19,3,588.11,1,587.25,7,586.78,9,586.71,5,586.27,3,585.96,4,585.74,3,584.66,11,584.65,8,590.6,5,,,,,,,,,,,,,,,,,,
2025-04-10 09:33:57,589.395,589.26,1,588.19,4,590.6,5,590.6,588.19,588.19,4,588.11,1,587.25,7,586.78,9,586.71,5,586.27,3,585.96,4,585.74,3,584.66,11,584.65,8,590.6,5,,,,,,,,,,,,,,,,,,
2025-04-10 09:33:58,588.68,588.19,1,587.25,1,590.11,5,590.11,587.25,587.25,1,586.78,7,586.71,5,586.27,3,585.96,4,585.74,3,584.66,11,584.65,8,584.37,3,583.39,8,590.11,5,590.17,1,590.5,2,590.6,6,,,,,,,,,,,,
2025-04-10 09:33:59,588.255,588.26,2,587.25,1,589.26,1,589.26,587.25,587.25,1,586.78,7,586.71,5,586.27,3,585.96,4,585.74,3,584.66,11,584.65,8,584.37,3,583.39,8,589.26,1,589.89,9,590.11,5,590.17,1,590.5,2,590.6,6,,,,,,,,
2025-04-10 09:34:00,588.57,588.25,1,587.25,3,589.89,9,589.89,587.25,587.25,3,586.78,7,586.71,5,586.27,3,585.96,4,585.74,3,584.66,11,584.65,8,584.37,3,583.39,8,589.89,9,590.11,5,590.17,1,590.5,2,590.6,6,,,,,,,,,,
2025-04-10 09:34:01,588.57,587.79,1,587.25,4,589.89,9,589.89,587.25,587.25,4,586.78,7,586.71,5,586.27,3,585.96,4,585.74,3,584.66,11,584.65,8,584.37,3,583.39,8,589.89,9,590.11,5,590.17,1,590.5,2,590.6,6,,,,,,,,,,
2025-04-10 09:34:02,588.57,588.67,2,587.25,4,589.89,9,589.89,587.25,587.25,4,586.78,7,586.71,5,586.27,3,585.96,4,585.74,3,584.66,11,584.65,8,584.37,3,583.39,8,589.89,9,590.11,5,590.17,1,590.5,2,590.6,6,,,,,,,,,,
2025-04-10 09:34:02,588.57,588.67,2,587.25,4,589.89,9,589.89,587.25,587.25,4,586.78,7,586.71,5,586.27,3,585.96,4,585.74,3,584.66,11,584.65,8,584.37,3,583.39,8,589.89,9,590.11,5,590.17,1,590.5,2,590.6,6,,,,,,,,,,
2025-04-10 09:34:04,588.57,588.67,2,587.25,4,589.89,9,589.89,587.25,587.25,4,586.78,7,586.71,5,586.27,3,585.96,4,585.74,3,584.66,11,584.65,8,584.37,3,583.39,8,589.89,9,590.11,5,590.17,1,590.5,2,590.6,6,,,,,,,,,,
2025-04-10 09:34:05,588.57,588.67,2,587.25,4,589.89,9,589.89,587.25,587.25,4,586.78,7,586.71,5,586.27,3,585.96,4,585.74,3,584.66,11,584.65,8,584.37,3,583.39,8,589.89,9,590.11,5,590.17,1,590.5,2,590.6,6,,,,,,,,,,
2025-04-10 09:34:06,588.57,588.67,2,587.25,4,589.89,9,589.89,587.25,587.25,4,586.78,7,586.71,5,586.27,3,585.96,4,585.74,3,584.66,11,584.65,8,584.37,3,583.39,8,589.89,9,590.11,5,590.17,1,590.5,2,590.6,6,,,,,,,,,,
2025-04-10 09:34:07,588.57,588.67,2,587.25,10,589.89,9,589.89,587.25,587.25,10,586.78,7,586.71,5,586.27,3,585.96,4,585.74,3,584.66,11,584.65,8,584.37,3,583.39,8,589.89,9,590.11,5,590.17,1,590.5,2,590.6,6,,,,,,,,,,
2025-04-10 09:34:08,588.57,588.67,2,587.25,10,589.89,9,589.89,587.25,587.25,10,586.78,7,586.71,5,586.27,3,585.96,4,585.74,3,584.66,11,584.65,8,584.37,3,583.39,8,589.89,9,590.11,5,590.17,1,590.5,2,590.6,6,,,,,,,,,,
2025-04-10 09:34:09,588.57,588.57,1,587.25,10,589.89,9,589.89,587.25,587.25,10,586.78,7,586.71,5,586.27,3,585.96,4,585.74,3,584.66,11,584.65,8,584.37,3,583.39,8,589.89,9,590.11,5,590.17,1,590.5,2,590.6,6,,,,,,,,,,
2025-04-10 09:34:10,588.57,588.57,1,587.25,10,589.89,9,589.89,587.25,587.25,10,586.78,7,586.71,5,586.27,3,585.96,4,585.74,3,584.66,11,584.65,8,584.37,3,583.39,8,589.89,9,590.11,5,590.17,1,590.5,2,590.6,6,,,,,,,,,,
2025-04-10 09:34:11,588.57,588.57,1,587.25,10,589.89,9,589.89,587.25,587.25,10,586.78,7,586.71,5,586.27,3,585.96,4,585.74,3,584.66,11,584.65,8,584.37,3,583.39,8,589.89,9,590.11,5,590.17,1,590.5,2,590.6,6,,,,,,,,,,
2025-04-10 09:34:12,588.57,588.57,1,587.25,9,589.89,9,589.89,587.25,587.25,9,586.78,7,586.71,5,586.27,3,585.96,4,585.74,3,584.66,11,584.65,8,584.37,3,583.39,8,589.89,9,590.11,5,590.17,1,590.5,2,590.6,6,,,,,,,,,,
2025-04-10 09:34:13,588.57,589.04,1,587.25,9,589.89,9,589.89,587.25,587.25,9,586.78,7,586.71,5,586.27,3,585.96,4,585.74,3,584.66,11,584.65,8,584.37,3,583.39,8,589.89,9,590.11,5,590.17,1,590.5,2,590.6,6,,,,,,,,,,
2025-04-10 09:34:14,588.57,588.73,1,587.25,11,589.89,9,589.89,587.25,587.25,11,586.78,7,586.71,5,586.27,3,585.96,4,585.74,3,584.66,11,584.65,8,584.37,3,583.39,8,589.89,9,590.11,5,590.17,1,590.5,2,590.6,6,,,,,,,,,,
2025-04-10 09:34:15,588.57,588.73,1,587.25,11,589.89,9,589.89,587.25,587.25,11,586.78,7,586.71,5,586.27,3,585.96,4,585.74,3,584.66,11,584.65,8,584.37,3,583.39,8,589.89,9,590.11,5,590.17,1,590.5,2,590.6,6,,,,,,,,,,
2025-04-10 09:34:16,589.08,588.73,1,588.27,5,589.89,9,589.89,588.27,588.27,5,587.25,11,586.78,7,586.71,5,586.27,3,585.96,4,585.74,3,584.66,11,584.65,8,584.37,3,589.89,9,590.11,5,590.17,1,590.5,2,590.6,6,,,,,,,,,,
2025-04-10 09:34:17,589.08,588.59,1,588.27,5,589.89,9,589.89,588.27,588.27,5,587.25,11,586.78,7,586.71,5,586.27,3,585.96,4,585.74,3,584.66,11,584.65,8,584.37,3,589.89,9,590.11,5,590.17,1,590.5,2,590.6,6,,,,,,,,,,
2025-04-10 09:34:18,589.185,589.18,1,588.48,6,589.89,9,589.89,588.48,588.48,6,588.47,1,588.27,6,587.25,11,586.78,7,586.71,5,586.27,3,585.96,4,585.74,3,584.66,11,589.89,9,590.11,5,590.17,1,590.5,2,590.6,6,,,,,,,,,,
2025-04-10 09:34:19,589.185,589.18,1,588.48,6,589.89,9,589.89,588.48,588.48,6,588.47,1,588.27,6,587.25,11,586.78,7,586.71,5,586.27,3,585.96,4,585.74,3,584.66,11,589.89,9,590.11,5,590.17,1,590.5,2,590.6,6,,,,,,,,,,
2025-04-10 09:34:20,589.185,588.6,1,588.48,6,589.89,9,589.89,588.48,588.48,6,588.47,1,588.27,6,587.25,11,586.78,7,586.71,5,586.27,3,585.96,4,585.74,3,584.66,11,589.89,9,590.11,5,590.17,1,590.5,2,590.6,6,,,,,,,,,,
2025-04-10 09:34:21,588.855,588.54,1,588.48,5,589.23,2,589.23,588.48,588.48,5,588.47,1,588.27,6,587.25,11,586.78,7,586.71,5,586.27,3,585.96,4,585.74,3,584.66,11,589.23,2,589.89,9,590.11,5,590.17,1,590.5,2,590.6,6,,,,,,,,
2025-04-10 09:34:22,588.855,589.2,2,588.48,5,589.23,3,589.23,588.48,588.48,5,588.47,1,588.27,6,587.25,11,586.78,7,586.71,5,586.27,3,585.96,4,585.74,3,584.66,11,589.23,3,589.89,9,590.11,5,590.17,1,590.5,2,590.6,6,,,,,,,,
2025-04-10 09:34:23,588.24,588.27,1,587.25,9,589.23,3,589.23,587.25,587.25,9,586.78,7,586.71,5,586.27,3,585.96,4,585.74,3,584.66,11,584.65,8,584.37,3,583.39,8,589.23,3,589.89,9,590.11,5,590.17,1,590.5,2,590.6,6,,,,,,,,
2025-04-10 09:34:24,588.24,587.83,1,587.25,8,589.23,3,589.23,587.25,587.25,8,586.78,7,586.71,5,586.27,3,585.96,4,585.74,3,584.66,11,584.65,8,584.37,3,583.39,8,589.23,3,589.89,9,590.11,5,590.17,1,590.5,2,590.6,6,,,,,,,,
2025-04-10 09:34:25,588.24,588.24,1,587.25,9,589.23,3,589.23,587.25,587.25,9,586.78,7,586.71,5,586.27,3,585.96,4,585.74,3,584.66,11,584.65,8,584.37,3,583.39,8,589.23,3,589.89,9,590.11,5,590.17,1,590.5,2,590.6,6,,,,,,,,
2025-04-10 09:34:26,588.24,587.25,1,587.25,9,589.23,3,589.23,587.25,587.25,9,586.78,7,586.71,5,586.27,3,585.96,4,585.74,3,584.66,11,584.65,8,584.37,3,583.39,8,589.23,3,589.89,9,590.11,5,590.17,1,590.5,2,590.6,6,,,,,,,,
2025-04-10 09:34:27,588.24,588.68,1,587.25,9,589.23,3,589.23,587.25,587.25,9,586.78,7,586.71,5,586.27,3,585.96,4,585.74,3,584.66,11,584.65,8,584.37,3,583.39,8,589.23,3,589.89,9,590.11,5,590.17,1,590.5,2,590.6,6,,,,,,,,
2025-04-10 09:34:28,588.24,588.68,1,587.25,9,589.23,3,589.23,587.25,587.25,9,586.78,7,586.71,5,586.27,3,585.96,4,585.74,3,584.66,11,584.65,8,584.37,3,583.39,8,589.23,3,589.89,9,590.11,5,590.17,1,590.5,2,590.6,6,,,,,,,,
2025-04-10 09:34:29,588.24,588.68,1,587.25,9,589.23,3,589.23,587.25,587.25,9,586.78,7,586.71,5,586.27,3,585.96,4,585.74,3,584.66,11,584.65,8,584.37,3,583.39,8,589.23,3,589.89,9,590.11,5,590.17,1,590.5,2,590.6,6,,,,,,,,
2025-04-10 09:34:30,588.24,588.68,1,587.25,9,589.23,3,589.23,587.25,587.25,9,586.78,7,586.71,5,586.27,3,585.96,4,585.74,3,584.66,11,584.65,8,584.37,3,583.39,8,589.23,3,589.89,9,590.11,5,590.17,1,590.5,2,590.6,6,,,,,,,,
2025-04-10 09:34:31,588.24,588.68,1,587.25,9,589.23,4,589.23,587.25,587.25,9,586.78,7,586.71,5,586.27,3,585.96,4,585.74,3,584.66,11,584.65,8,584.37,3,583.39,8,589.23,4,589.89,9,590.11,5,590.17,1,590.5,2,590.6,6,,,,,,,,
2025-04-10 09:34:32,588.24,588.68,1,587.25,9,589.23,4,589.23,587.25,587.25,9,586.78,7,586.71,5,586.27,3,585.96,4,585.74,3,584.66,11,584.65,8,584.37,3,583.39,8,589.23,4,589.89,9,590.11,5,590.17,1,590.5,2,590.6,6,,,,,,,,
2025-04-10 09:34:33,588.24,588.17,1,587.25,9,589.23,4,589.23,587.25,587.25,9,586.78,7,586.71,5,586.27,3,585.96,4,585.74,3,584.66,11,584.65,8,584.37,3,583.39,8,589.23,4,589.89,9,590.11,5,590.17,1,590.5,2,590.6,6,,,,,,,,
2025-04-10 09:34:34,588.24,588.24,1,587.25,9,589.23,4,589.23,587.25,587.25,9,586.78,7,586.71,5,586.27,3,585.96,4,585.74,3,584.66,11,584.65,8,584.37,3,583.39,8,589.23,4,589.89,9,590.11,5,590.17,1,590.5,2,590.6,6,,,,,,,,
2025-04-10 09:34:35,588.24,589.21,4,587.25,9,589.23,4,589.23,587.25,587.25,9,586.78,7,586.71,5,586.27,3,585.96,4,585.74,3,584.66,11,584.65,8,584.37,3,583.39,8,589.23,4,589.89,9,590.11,5,590.17,1,590.5,2,590.6,6,,,,,,,,
2025-04-10 09:34:36,588.24,589.21,4,587.25,9,589.23,4,589.23,587.25,587.25,9,586.78,7,586.71,5,586.27,3,585.96,4,585.74,3,584.66,11,584.65,8,584.37,3,583.39,8,589.23,4,589.89,9,590.11,5,590.17,1,590.5,2,590.6,6,,,,,,,,
2025-04-10 09:34:37,588.57,589.22,1,587.25,12,589.89,9,589.89,587.25,587.25,12,586.78,7,586.71,5,586.27,3,585.96,4,585.74,3,584.66,11,584.65,8,584.37,3,583.39,8,589.89,9,590.11,5,590.17,1,590.5,2,590.6,6,,,,,,,,,,
2025-04-10 09:34:38,588.57,589.22,1,587.25,13,589.89,9,589.89,587.25,587.25,13,586.78,7,586.71,5,586.27,3,585.96,4,585.74,3,584.66,11,584.65,8,584.37,3,583.39,8,589.89,9,590.11,5,590.17,1,590.5,2,590.6,6,,,,,,,,,,
2025-04-10 09:34:39,588.57,589.22,1,587.25,13,589.89,9,589.89,587.25,587.25,13,586.78,7,586.71,5,586.27,3,585.96,4,585.74,3,584.66,11,584.65,8,584.37,3,583.39,8,589.89,9,590.11,5,590.17,1,590.5,2,590.6,6,,,,,,,,,,
2025-04-10 09:34:40,588.57,589.22,1,587.25,12,589.89,9,589.89,587.25,587.25,12,586.78,7,586.71,5,586.27,3,585.96,4,585.74,3,584.66,11,584.65,8,584.37,3,583.39,8,589.89,9,590.11,5,590.17,1,590.5,2,590.6,6,,,,,,,,,,
2025-04-10 09:34:41,588.57,588.6,1,587.25,13,589.89,9,589.89,587.25,587.25,13,586.78,7,586.71,5,586.27,3,585.96,4,585.74,3,584.66,11,584.65,8,584.37,3,583.39,8,589.89,9,590.11,5,590.17,1,590.5,2,590.6,6,,,,,,,,,,
2025-04-10 09:34:42,589.285,589.28,1,588.68,1,589.89,9,589.89,588.68,588.68,1,587.25,13,586.78,7,586.71,5,586.27,3,585.96,4,585.74,3,584.66,11,584.65,8,584.37,3,589.89,9,590.11,5,590.17,1,590.5,2,590.6,6,,,,,,,,,,
2025-04-10 09:34:43,589.285,589.28,1,588.68,7,589.89,9,589.89,588.68,588.68,7,587.25,13,586.78,7,586.71,5,586.27,3,585.96,4,585.74,3,584.66,11,584.65,8,584.37,3,589.89,9,590.11,5,590.17,1,590.5,2,590.6,6,,,,,,,,,,
2025-04-10 09:34:44,590.435,588.68,1,589.89,9,590.98,5,590.98,589.89,589.89,9,588.68,7,587.25,13,586.78,7,586.71,5,586.27,3,585.96,4,585.74,3,584.66,11,584.65,8,590.98,5,,,,,,,,,,,,,,,,,,
2025-04-10 09:34:45,591.755,592.0,1,591.26,2,592.25,2,592.25,591.26,591.26,2,591.07,4,590.26,1,590.16,5,589.89,9,588.68,7,587.25,13,586.78,7,586.71,5,586.27,3,592.25,2,,,,,,,,,,,,,,,,,,
2025-04-10 09:34:46,592.13,592.24,1,591.26,4,593.0,4,593.0,591.26,591.26,4,591.07,4,590.26,1,590.16,5,589.89,9,588.68,7,587.25,13,586.78,7,586.71,5,586.27,3,593.0,4,,,,,,,,,,,,,,,,,,
2025-04-10 09:34:47,592.13,592.24,1,591.26,4,593.0,4,593.0,591.26,591.26,4,591.07,4,590.26,1,590.16,5,589.89,9,588.68,7,587.25,13,586.78,7,586.71,5,586.27,3,593.0,4,,,,,,,,,,,,,,,,,,
2025-04-10 09:34:48,592.13,592.24,1,591.26,4,593.0,4,593.0,591.26,591.26,4,591.07,4,590.26,1,590.16,5,589.89,9,588.68,7,587.25,13,586.78,7,586.71,5,586.27,3,593.0,4,,,,,,,,,,,,,,,,,,
2025-04-10 09:34:49,591.63,592.11,1,591.26,6,592.0,20,592.0,591.26,591.26,6,591.07,4,590.26,1,590.16,5,589.89,9,588.68,7,587.25,13,586.78,7,586.71,5,586.27,3,592.0,20,593.0,4,,,,,,,,,,,,,,,,
2025-04-10 09:34:50,591.63,592.11,1,591.26,6,592.0,20,592.0,591.26,591.26,6,591.07,4,590.26,1,590.16,5,589.89,9,588.68,7,587.25,13,586.78,7,586.71,5,586.27,3,592.0,20,593.0,4,,,,,,,,,,,,,,,,
2025-04-10 09:34:51,592.07,592.0,20,591.26,6,592.88,1,592.88,591.26,591.26,6,591.07,4,590.26,1,590.16,5,589.89,9,588.68,7,587.25,13,586.78,7,586.71,5,586.27,3,592.88,1,593.0,4,,,,,,,,,,,,,,,,
2025-04-10 09:34:52,592.13,592.01,1,591.26,7,593.0,4,593.0,591.26,591.26,7,591.07,4,590.26,1,590.16,5,589.89,9,588.68,7,587.25,13,586.78,7,586.71,5,586.27,3,593.0,4,,,,,,,,,,,,,,,,,,
2025-04-10 09:34:53,592.32,592.32,1,591.64,4,593.0,4,593.0,591.64,591.64,4,591.26,7,591.07,4,590.26,1,590.16,5,589.89,9,588.68,7,587.25,13,586.78,7,586.71,5,593.0,4,,,,,,,,,,,,,,,,,,
2025-04-10 09:34:54,592.32,592.4,1,591.64,5,593.0,4,593.0,591.64,591.64,5,591.26,7,591.07,4,590.26,1,590.16,5,589.89,9,588.68,7,587.25,13,586.78,7,586.71,5,593.0,4,,,,,,,,,,,,,,,,,,
2025-04-10 09:34:55,592.32,592.4,1,591.64,5,593.0,4,593.0,591.64,591.64,5,591.26,7,591.07,4,590.26,1,590.16,5,589.89,9,588.68,7,587.25,13,586.78,7,586.71,5,593.0,4,,,,,,,,,,,,,,,,,,
2025-04-10 09:34:56,592.32,592.32,2,591.64,6,593.0,4,593.0,591.64,591.64,6,591.26,7,591.07,4,590.26,1,590.16,5,589.89,9,588.68,7,587.25,13,586.78,7,586.71,5,593.0,4,,,,,,,,,,,,,,,,,,
2025-04-10 09:34:57,592.32,592.32,2,591.64,6,593.0,4,593.0,591.64,591.64,6,591.26,7,591.07,4,590.26,1,590.16,5,589.89,9,588.68,7,587.25,13,586.78,7,586.71,5,593.0,4,,,,,,,,,,,,,,,,,,
2025-04-10 09:34:58,592.32,592.32,2,591.64,6,593.0,4,593.0,591.64,591.64,6,591.26,7,591.07,4,590.26,1,590.16,5,589.89,9,588.68,7,587.25,13,586.78,7,586.71,5,593.0,4,,,,,,,,,,,,,,,,,,
2025-04-10 09:34:59,592.13,591.93,1,591.26,6,593.0,4,593.0,591.26,591.26,6,591.07,4,590.26,1,590.16,5,589.89,9,588.68,7,587.25,13,586.78,7,586.71,5,586.27,3,593.0,4,,,,,,,,,,,,,,,,,,
2025-04-10 09:35:00,592.32,592.11,1,591.64,1,593.0,4,593.0,591.64,591.64,1,591.26,6,591.07,4,590.26,1,590.16,5,589.89,9,588.68,7,587.25,13,586.78,7,586.71,5,593.0,4,,,,,,,,,,,,,,,,,,
2025-04-10 09:35:01,592.26,592.11,1,591.64,1,592.88,1,592.88,591.64,591.64,1,591.26,6,591.07,4,590.26,1,590.16,5,589.89,9,588.68,7,587.25,13,586.78,7,586.71,5,592.88,1,593.0,4,,,,,,,,,,,,,,,,
2025-04-10 09:35:02,592.375,592.11,1,591.75,1,593.0,4,593.0,591.75,591.75,1,591.64,1,591.26,6,591.07,4,590.26,1,590.16,5,589.89,9,588.68,7,587.25,13,586.78,7,593.0,4,,,,,,,,,,,,,,,,,,
2025-04-10 09:35:03,592.4,592.84,1,591.8,1,593.0,4,593.0,591.8,591.8,1,591.71,1,591.26,7,591.07,4,590.26,1,590.16,5,589.89,9,588.68,7,587.25,13,586.78,7,593.0,4,,,,,,,,,,,,,,,,,,
2025-04-10 09:35:04,592.4,592.84,1,591.8,1,593.0,5,593.0,591.8,591.8,1,591.71,1,591.26,7,591.07,4,590.26,1,590.16,5,589.89,9,588.68,7,587.25,13,586.78,7,593.0,5,,,,,,,,,,,,,,,,,,
2025-04-10 09:35:05,592.2,592.84,1,591.8,1,592.6,1,592.6,591.8,591.8,1,591.71,1,591.26,7,591.07,4,590.26,1,590.16,5,589.89,9,588.68,7,587.25,13,586.78,7,592.6,1,593.0,5,,,,,,,,,,,,,,,,
2025-04-10 09:35:06,592.4,592.69,2,591.8,4,593.0,6,593.0,591.8,591.8,4,591.71,1,591.26,7,591.07,4,590.26,1,590.16,5,589.89,9,588.68,7,587.25,13,586.78,7,593.0,6,,,,,,,,,,,,,,,,,,
2025-04-10 09:35:07,592.4,592.31,1,591.8,4,593.0,6,593.0,591.8,591.8,4,591.71,1,591.26,7,591.07,4,590.26,1,590.16,5,589.89,9,588.68,7,587.25,13,586.78,7,593.0,6,,,,,,,,,,,,,,,,,,
2025-04-10 09:35:08,592.4,592.38,1,591.8,8,593.0,6,593.0,591.8,591.8,8,591.71,1,591.26,7,591.07,4,590.26,1,590.16,5,589.89,9,588.68,7,587.25,13,586.78,7,593.0,6,,,,,,,,,,,,,,,,,,
2025-04-10 09:35:09,592.4,592.38,1,591.8,8,593.0,6,593.0,591.8,591.8,8,591.71,1,591.26,7,591.07,4,590.26,1,590.16,5,589.89,9,588.68,7,587.25,13,586.78,7,593.0,6,,,,,,,,,,,,,,,,,,
2025-04-10 09:35:10,592.1,592.38,1,591.8,8,592.4,2,592.4,591.8,591.8,8,591.71,1,591.26,7,591.07,4,590.26,1,590.16,5,589.89,9,588.68,7,587.25,13,586.78,7,592.4,2,593.0,6,,,,,,,,,,,,,,,,
2025-04-10 09:35:11,592.1,591.81,1,591.8,8,592.4,2,592.4,591.8,591.8,8,591.71,1,591.26,7,591.07,4,590.26,1,590.16,5,589.89,9,588.68,7,587.25,13,586.78,7,592.4,2,593.0,6,,,,,,,,,,,,,,,,
2025-04-10 09:35:12,591.735,591.5,1,591.07,7,592.4,4,592.4,591.07,591.07,7,590.26,1,590.16,5,589.89,9,588.68,7,587.25,13,586.78,7,586.71,5,586.27,3,585.96,4,592.4,4,593.0,6,,,,,,,,,,,,,,,,
2025-04-10 09:35:13,591.735,591.74,1,591.07,7,592.4,4,592.4,591.07,591.07,7,590.26,1,590.16,5,589.89,9,588.68,7,587.25,13,586.78,7,586.71,5,586.27,3,585.96,4,592.4,4,593.0,6,,,,,,,,,,,,,,,,
2025-04-10 09:35:14,591.735,591.74,1,591.07,8,592.4,5,592.4,591.07,591.07,8,590.26,1,590.16,5,589.89,9,588.68,7,587.25,13,586.78,7,586.71,5,586.27,3,585.96,4,592.4,5,593.0,6,,,,,,,,,,,,,,,,
2025-04-10 09:35:15,591.75,591.25,1,591.1,1,592.4,5,592.4,591.1,591.1,1,591.07,8,590.26,1,590.16,5,589.89,9,588.68,7,587.25,13,586.78,7,586.71,5,586.27,3,592.4,5,593.0,6,,,,,,,,,,,,,,,,
2025-04-10 09:35:16,591.4,591.05,2,590.4,1,592.4,7,592.4,590.4,590.4,1,590.26,1,590.16,5,589.89,9,588.68,7,587.25,13,586.78,7,586.71,5,586.27,3,585.96,4,592.4,7,593.0,6,,,,,,,,,,,,,,,,
2025-04-10 09:35:17,591.4,591.4,1,590.4,1,592.4,7,592.4,590.4,590.4,1,590.26,1,590.16,5,589.89,9,588.68,7,587.25,13,586.78,7,586.71,5,586.27,3,585.96,4,592.4,7,593.0,6,,,,,,,,,,,,,,,,
2025-04-10 09:35:18,591.4,591.24,1,590.4,1,592.4,7,592.4,590.4,590.4,1,590.26,1,590.16,5,589.89,9,588.68,7,587.25,13,586.78,7,586.71,5,586.27,3,585.96,4,592.4,7,593.0,6,,,,,,,,,,,,,,,,
2025-04-10 09:35:19,591.4,591.24,1,590.4,1,592.4,7,592.4,590.4,590.4,1,590.26,1,590.16,5,589.89,9,588.68,7,587.25,13,586.78,7,586.71,5,586.27,3,585.96,4,592.4,7,593.0,6,,,,,,,,,,,,,,,,
2025-04-10 09:35:20,591.4,591.24,1,590.4,1,592.4,7,592.4,590.4,590.4,1,590.26,1,590.16,5,589.89,9,588.68,7,587.25,13,586.78,7,586.71,5,586.27,3,585.96,4,592.4,7,593.0,6,,,,,,,,,,,,,,,,
2025-04-10 09:35:21,591.4,591.24,1,590.4,1,592.4,7,592.4,590.4,590.4,1,590.26,1,590.16,5,589.89,9,588.68,7,587.25,13,586.78,7,586.71,5,586.27,3,585.96,4,592.4,7,593.0,6,,,,,,,,,,,,,,,,
2025-04-10 09:35:22,591.4,591.24,1,590.4,2,592.4,7,592.4,590.4,590.4,2,590.26,1,590.16,5,589.89,9,588.68,7,587.25,13,586.78,7,586.71,5,586.27,3,585.96,4,592.4,7,593.0,6,,,,,,,,,,,,,,,,
2025-04-10 09:35:23,591.4,591.24,1,590.4,2,592.4,7,592.4,590.4,590.4,2,590.26,1,590.16,5,589.89,9,588.68,7,587.25,13,586.78,7,586.71,5,586.27,3,585.96,4,592.4,7,593.0,6,,,,,,,,,,,,,,,,
2025-04-10 09:35:24,591.4,590.99,1,590.4,2,592.4,7,592.4,590.4,590.4,2,590.26,1,590.16,5,589.89,9,588.68,7,587.25,13,586.78,7,586.71,5,586.27,3,585.96,4,592.4,7,593.0,6,,,,,,,,,,,,,,,,
2025-04-10 09:35:25,591.4,590.99,1,590.4,2,592.4,7,592.4,590.4,590.4,2,590.26,1,590.16,5,589.89,9,588.68,7,587.25,13,586.78,7,586.71,5,586.27,3,585.96,4,592.4,7,593.0,6,,,,,,,,,,,,,,,,
2025-04-10 09:35:26,591.4,590.99,1,590.4,2,592.4,7,592.4,590.4,590.4,2,590.26,1,590.16,5,589.89,9,588.68,7,587.25,13,586.78,7,586.71,5,586.27,3,585.96,4,592.4,7,593.0,6,,,,,,,,,,,,,,,,
2025-04-10 09:35:27,591.565,590.99,1,590.73,2,592.4,7,592.4,590.73,590.73,2,590.4,3,590.26,1,590.16,5,589.89,9,588.68,7,587.25,13,586.78,7,586.71,5,586.27,3,592.4,7,593.0,6,,,,,,,,,,,,,,,,
2025-04-10 09:35:28,591.635,590.99,1,590.87,3,592.4,7,592.4,590.87,590.87,3,590.83,1,590.4,3,590.26,1,590.16,5,589.89,9,588.68,7,587.25,13,586.78,7,586.71,5,592.4,7,593.0,6,,,,,,,,,,,,,,,,
2025-04-10 09:35:29,591.64,590.99,1,590.88,3,592.4,7,592.4,590.88,590.88,3,590.87,1,590.83,1,590.4,3,590.26,1,590.16,5,589.89,9,588.68,7,587.25,13,586.78,7,592.4,7,593.0,6,,,,,,,,,,,,,,,,
2025-04-10 09:35:30,591.65,590.99,1,590.9,1,592.4,6,592.4,590.9,590.9,1,590.88,3,590.87,1,590.83,1,590.4,3,590.26,1,590.16,5,589.89,9,588.68,7,587.25,13,592.4,6,593.0,6,,,,,,,,,,,,,,,,
2025-04-10 09:35:31,591.64,590.99,1,590.88,2,592.4,6,592.4,590.88,590.88,2,590.87,1,590.83,1,590.4,3,590.26,1,590.16,5,589.89,9,588.68,7,587.25,13,586.78,7,592.4,6,593.0,6,,,,,,,,,,,,,,,,
2025-04-10 09:35:32,591.7,591.0,1,591.0,2,592.4,6,592.4,591.0,591.0,2,590.88,4,590.87,1,590.83,1,590.4,3,590.26,1,590.16,5,589.89,9,588.68,7,587.25,13,592.4,6,593.0,6,,,,,,,,,,,,,,,,
2025-04-10 09:35:33,591.7,591.0,1,591.0,2,592.4,9,592.4,591.0,591.0,2,590.88,4,590.87,1,590.83,1,590.4,3,590.26,1,590.16,5,589.89,9,588.68,7,587.25,13,592.4,9,593.0,6,,,,,,,,,,,,,,,,
2025-04-10 09:35:34,591.69,591.0,1,591.0,2,592.38,1,592.38,591.0,591.0,2,590.88,4,590.87,1,590.83,1,590.4,3,590.26,1,590.16,5,589.89,9,588.68,7,587.25,13,592.38,1,592.4,9,593.0,6,,,,,,,,,,,,,,
2025-04-10 09:35:35,591.69,591.0,1,591.0,2,592.38,1,592.38,591.0,591.0,2,590.88,4,590.87,1,590.83,1,590.4,3,590.26,1,590.16,5,589.89,9,588.68,7,587.25,13,592.38,1,592.4,9,593.0,6,,,,,,,,,,,,,,
2025-04-10 09:35:36,591.69,591.0,1,591.0,2,592.38,1,592.38,591.0,591.0,2,590.88,4,590.87,1,590.83,1,590.4,3,590.26,1,590.16,5,589.89,9,588.68,7,587.25,13,592.38,1,592.4,9,593.0,6,,,,,,,,,,,,,,
2025-04-10 09:35:37,591.525,591.0,1,591.0,2,592.05,2,592.05,591.0,591.0,2,590.88,4,590.87,1,590.83,1,590.4,3,590.26,1,590.16,5,589.89,9,588.68,7,587.25,13,592.05,2,592.38,1,592.4,9,593.0,6,,,,,,,,,,,,
2025-04-10 09:35:38,591.525,591.0,1,591.0,3,592.05,2,592.05,591.0,591.0,3,590.88,4,590.87,1,590.83,1,590.4,3,590.26,1,590.16,5,589.89,9,588.68,7,587.25,13,592.05,2,592.38,1,592.4,9,593.0,6,,,,,,,,,,,,
2025-04-10 09:35:39,591.525,591.0,1,591.0,3,592.05,2,592.05,591.0,591.0,3,590.88,4,590.87,1,590.83,1,590.4,3,590.26,1,590.16,5,589.89,9,588.68,7,587.25,13,592.05,2,592.38,1,592.4,9,593.0,6,,,,,,,,,,,,
2025-04-10 09:35:40,591.5,591.53,1,591.0,3,592.0,2,592.0,591.0,591.0,3,590.88,4,590.87,1,590.83,1,590.4,3,590.26,1,590.16,5,589.89,9,588.68,7,587.25,13,592.0,2,592.05,2,592.38,1,592.4,9,593.0,6,,,,,,,,,,
2025-04-10 09:35:41,591.5,591.53,1,591.0,3,592.0,2,592.0,591.0,591.0,3,590.88,4,590.87,1,590.83,1,590.4,3,590.26,1,590.16,5,589.89,9,588.68,7,587.25,13,592.0,2,592.05,2,592.38,1,592.4,9,593.0,6,,,,,,,,,,
2025-04-10 09:35:42,591.5,591.0,1,591.0,4,592.0,2,592.0,591.0,591.0,4,590.88,4,590.87,1,590.83,1,590.4,3,590.26,1,590.16,5,589.89,9,588.68,7,587.25,13,592.0,2,592.05,2,592.38,1,592.4,9,593.0,6,,,,,,,,,,
2025-04-10 09:35:43,591.4,591.4,1,591.0,4,591.8,1,591.8,591.0,591.0,4,590.88,4,590.87,1,590.83,1,590.4,3,590.26,1,590.16,5,589.89,9,588.68,7,587.25,13,591.8,1,592.0,2,592.05,2,592.38,1,592.4,9,593.0,6,,,,,,,,
2025-04-10 09:35:44,591.4,591.4,2,591.0,4,591.8,1,591.8,591.0,591.0,4,590.88,4,590.87,1,590.83,1,590.4,3,590.26,1,590.16,5,589.89,9,588.68,7,587.25,13,591.8,1,592.0,2,592.05,2,592.38,1,592.4,9,593.0,6,,,,,,,,
2025-04-10 09:35:45,591.4,591.0,1,591.0,4,591.8,1,591.8,591.0,591.0,4,590.88,4,590.87,1,590.83,1,590.4,3,590.26,1,590.16,5,589.89,9,588.68,7,587.25,13,591.8,1,592.0,2,592.05,2,592.38,1,592.4,9,593.0,6,,,,,,,,
2025-04-10 09:35:46,591.4,591.0,1,591.0,4,591.8,2,591.8,591.0,591.0,4,590.88,4,590.87,1,590.83,1,590.4,3,590.26,1,590.16,5,589.89,9,588.68,7,587.25,13,591.8,2,592.0,2,592.05,2,592.38,1,592.4,9,593.0,6,,,,,,,,
2025-04-10 09:35:47,591.4,591.4,1,591.0,5,591.8,3,591.8,591.0,591.0,5,590.88,4,590.87,1,590.83,1,590.4,3,590.26,1,590.16,5,589.89,9,588.68,7,587.25,13,591.8,3,592.0,2,592.05,2,592.38,1,592.4,9,593.0,6,,,,,,,,
2025-04-10 09:35:48,591.4,591.3,1,591.0,5,591.8,3,591.8,591.0,591.0,5,590.88,4,590.87,1,590.83,1,590.4,3,590.26,1,590.16,5,589.89,9,588.68,7,587.25,13,591.8,3,592.0,2,592.05,2,592.38,1,592.4,9,593.0,6,,,,,,,,
2025-04-10 09:35:49,591.4,591.3,1,591.0,5,591.8,3,591.8,591.0,591.0,5,590.88,4,590.87,1,590.83,1,590.4,3,590.26,1,590.16,5,589.89,9,588.68,7,587.25,13,591.8,3,592.0,2,592.05,2,592.38,1,592.4,9,593.0,6,,,,,,,,
2025-04-10 09:35:50,591.4,591.3,1,591.0,5,591.8,3,591.8,591.0,591.0,5,590.88,4,590.87,1,590.83,1,590.4,3,590.26,1,590.16,5,589.89,9,588.68,7,587.25,13,591.8,3,592.0,2,592.05,2,592.38,1,592.4,9,593.0,6,,,,,,,,
2025-04-10 09:35:51,591.025,590.73,1,590.25,1,591.8,5,591.8,590.25,590.25,1,590.16,5,589.89,9,588.68,7,587.25,13,586.78,7,586.71,5,586.27,3,585.96,4,585.74,3,591.8,5,592.0,2,592.05,2,592.38,1,592.4,9,593.0,6,,,,,,,,
2025-04-10 09:35:52,591.025,590.43,2,590.25,1,591.8,5,591.8,590.25,590.25,1,590.16,5,589.89,9,588.68,7,587.25,13,586.78,7,586.71,5,586.27,3,585.96,4,585.74,3,591.8,5,592.0,2,592.05,2,592.38,1,592.4,9,593.0,6,,,,,,,,
2025-04-10 09:35:53,591.025,591.03,1,590.25,2,591.8,6,591.8,590.25,590.25,2,590.16,5,589.89,9,588.68,7,587.25,13,586.78,7,586.71,5,586.27,3,585.96,4,585.74,3,591.8,6,592.0,2,592.05,2,592.38,1,592.4,9,593.0,6,,,,,,,,
2025-04-10 09:35:54,591.025,591.03,1,590.25,2,591.8,5,591.8,590.25,590.25,2,590.16,5,589.89,9,588.68,7,587.25,13,586.78,7,586.71,5,586.27,3,585.96,4,585.74,3,591.8,5,592.0,2,592.05,2,592.38,1,592.4,9,593.0,6,,,,,,,,
2025-04-10 09:35:55,590.79,590.79,2,590.25,2,591.33,3,591.33,590.25,590.25,2,590.16,5,589.89,9,588.68,7,587.25,13,586.78,7,586.71,5,586.27,3,585.96,4,585.74,3,591.33,3,591.8,5,592.0,2,592.05,2,592.38,1,592.4,9,593.0,6,,,,,,
2025-04-10 09:35:56,590.79,590.79,1,590.25,2,591.33,3,591.33,590.25,590.25,2,590.16,5,589.89,9,588.68,7,587.25,13,586.78,7,586.71,5,586.27,3,585.96,4,585.74,3,591.33,3,591.8,5,592.0,2,592.05,2,592.38,1,592.4,9,593.0,6,,,,,,
2025-04-10 09:35:57,590.52,590.52,1,590.25,1,590.79,3,590.79,590.25,590.25,1,590.16,5,589.89,9,588.68,7,587.25,13,586.78,7,586.71,5,586.27,3,585.96,4,585.74,3,590.79,3,591.33,3,591.8,5,592.0,2,592.05,2,592.38,1,592.4,9,593.0,6,,,,
2025-04-10 09:35:58,590.52,590.52,1,590.25,1,590.79,2,590.79,590.25,590.25,1,590.16,5,589.89,9,588.68,7,587.25,13,586.78,7,586.71,5,586.27,3,585.96,4,585.74,3,590.79,2,591.33,3,591.8,5,592.0,2,592.05,2,592.38,1,592.4,9,593.0,6,,,,
2025-04-10 09:35:59,589.82,590.26,1,589.41,1,590.23,1,590.23,589.41,589.41,1,588.68,7,587.25,13,586.78,7,586.71,5,586.27,3,585.96,4,585.74,3,584.66,11,584.65,8,590.23,1,590.79,2,591.33,3,591.8,5,592.0,2,592.05,2,592.38,1,592.4,9,593.0,6,,
2025-04-10 09:36:00,590.1,590.1,1,589.41,2,590.79,4,590.79,589.41,589.41,2,588.68,7,587.25,13,586.78,7,586.71,5,586.27,3,585.96,4,585.74,3,584.66,11,584.65,8,590.79,4,591.33,3,591.8,5,592.0,2,592.05,2,592.38,1,592.4,9,593.0,6,,,,
2025-04-10 09:36:01,590.1,590.1,1,589.41,2,590.79,4,590.79,589.41,589.41,2,588.68,7,587.25,13,586.78,7,586.71,5,586.27,3,585.96,4,585.74,3,584.66,11,584.65,8,590.79,4,591.33,3,591.8,5,592.0,2,592.05,2,592.38,1,592.4,9,593.0,6,,,,
2025-04-10 09:36:02,591.06,591.06,1,590.79,5,591.33,4,591.33,590.79,590.79,5,590.04,1,589.41,6,588.68,7,587.25,13,586.78,7,586.71,5,586.27,3,585.96,4,585.74,3,591.33,4,591.8,5,592.0,2,592.05,2,592.38,1,592.4,9,593.0,6,,,,,,
2025-04-10 09:36:03,591.06,591.06,1,590.79,5,591.33,4,591.33,590.79,590.79,5,590.04,1,589.41,6,588.68,7,587.25,13,586.78,7,586.71,5,586.27,3,585.96,4,585.74,3,591.33,4,591.8,5,592.0,2,592.05,2,592.38,1,592.4,9,593.0,6,,,,,,
2025-04-10 09:36:04,591.06,590.8,1,590.79,5,591.33,4,591.33,590.79,590.79,5,590.04,1,589.41,6,588.68,7,587.25,13,586.78,7,586.71,5,586.27,3,585.96,4,585.74,3,591.33,4,591.8,5,592.0,2,592.05,2,592.38,1,592.4,9,593.0,6,,,,,,
2025-04-10 09:36:05,590.37,590.79,1,589.41,6,591.33,5,591.33,589.41,589.41,6,588.68,7,587.25,13,586.78,7,586.71,5,586.27,3,585.96,4,585.74,3,584.66,11,584.65,8,591.33,5,591.8,5,592.0,2,592.05,2,592.38,1,592.4,9,593.0,6,,,,,,
2025-04-10 09:36:06,590.36,590.79,1,589.41,11,591.31,1,591.31,589.41,589.41,11,588.68,7,587.25,13,586.78,7,586.71,5,586.27,3,585.96,4,585.74,3,584.66,11,584.65,8,591.31,1,591.33,6,591.8,5,592.0,2,592.05,2,592.38,1,592.4,9,593.0,6,,,,
2025-04-10 09:36:07,590.37,590.36,1,589.41,11,591.33,5,591.33,589.41,589.41,11,588.68,7,587.25,13,586.78,7,586.71,5,586.27,3,585.96,4,585.74,3,584.66,11,584.65,8,591.33,5,591.8,5,592.0,2,592.05,2,592.38,1,592.4,9,593.0,6,,,,,,
2025-04-10 09:36:08,590.37,590.37,2,589.41,11,591.33,5,591.33,589.41,589.41,11,588.68,7,587.25,13,586.78,7,586.71,5,586.27,3,585.96,4,585.74,3,584.66,11,584.65,8,591.33,5,591.8,5,592.0,2,592.05,2,592.38,1,592.4,9,593.0,6,,,,,,
2025-04-10 09:36:09,590.685,590.45,1,590.04,3,591.33,5,591.33,590.04,590.04,3,589.81,1,589.8,1,589.41,9,588.68,7,587.25,13,586.78,7,586.71,5,586.27,3,585.96,4,591.33,5,591.8,5,592.0,2,592.05,2,592.38,1,592.4,9,593.0,6,,,,,,
2025-04-10 09:36:10,590.685,590.61,1,590.04,3,591.33,5,591.33,590.04,590.04,3,589.81,1,589.8,1,589.41,9,588.68,7,587.25,13,586.78,7,586.71,5,586.27,3,585.96,4,591.33,5,591.8,5,592.0,2,592.05,2,592.38,1,592.4,9,593.0,6,,,,,,
2025-04-10 09:36:11,590.685,590.68,1,590.04,3,591.33,5,591.33,590.04,590.04,3,589.81,1,589.8,1,589.41,9,588.68,7,587.25,13,586.78,7,586.71,5,586.27,3,585.96,4,591.33,5,591.8,5,592.0,2,592.05,2,592.38,1,592.4,9,593.0,6,,,,,,
2025-04-10 09:36:12,590.685,590.43,1,590.04,3,591.33,5,591.33,590.04,590.04,3,589.81,1,589.8,1,589.41,9,588.68,7,587.25,13,586.78,7,586.71,5,586.27,3,585.96,4,591.33,5,591.8,5,592.0,2,592.05,2,592.38,1,592.4,9,593.0,6,,,,,,
2025-04-10 09:36:13,590.54,590.44,1,590.04,3,591.04,1,591.04,590.04,590.04,3,589.81,1,589.8,1,589.41,9,588.68,7,587.25,13,586.78,7,586.71,5,586.27,3,585.96,4,591.04,1,591.33,5,591.8,5,592.0,2,592.05,2,592.38,1,592.4,9,593.0,6,,,,
2025-04-10 09:36:14,590.54,590.44,1,590.04,3,591.04,1,591.04,590.04,590.04,3,589.81,1,589.8,1,589.41,9,588.68,7,587.25,13,586.78,7,586.71,5,586.27,3,585.96,4,591.04,1,591.33,5,591.8,5,592.0,2,592.05,2,592.38,1,592.4,9,593.0,6,,,,
2025-04-10 09:36:15,590.54,590.44,1,590.04,3,591.04,1,591.04,590.04,590.04,3,589.81,1,589.8,1,589.41,9,588.68,7,587.25,13,586.78,7,586.71,5,586.27,3,585.96,4,591.04,1,591.33,5,591.8,5,592.0,2,592.05,2,592.38,1,592.4,9,593.0,6,,,,
2025-04-10 09:36:16,590.54,590.54,2,590.04,3,591.04,1,591.04,590.04,590.04,3,589.81,1,589.8,1,589.41,9,588.68,7,587.25,13,586.78,7,586.71,5,586.27,3,585.96,4,591.04,1,591.33,5,591.8,5,592.0,2,592.05,2,592.38,1,592.4,9,593.0,6,,,,
2025-04-10 09:36:17,590.54,590.22,2,590.04,3,591.04,1,591.04,590.04,590.04,3,589.81,1,589.8,1,589.41,9,588.68,7,587.25,13,586.78,7,586.71,5,586.27,3,585.96,4,591.04,1,591.33,5,591.8,5,592.0,2,592.05,2,592.38,1,592.4,9,593.0,6,,,,
2025-04-10 09:36:18,590.25,590.25,1,589.5,2,591.0,6,591.0,589.5,589.5,2,589.41,9,588.68,7,587.25,13,586.78,7,586.71,5,586.27,3,585.96,4,585.74,3,584.66,11,591.0,6,591.04,1,591.33,5,591.8,5,592.0,2,592.05,2,592.38,1,592.4,9,593.0,6,,
2025-04-10 09:36:19,590.25,590.25,1,589.5,2,591.0,6,591.0,589.5,589.5,2,589.41,9,588.68,7,587.25,13,586.78,7,586.71,5,586.27,3,585.96,4,585.74,3,584.66,11,591.0,6,591.04,1,591.33,5,591.8,5,592.0,2,592.05,2,592.38,1,592.4,9,593.0,6,,
2025-04-10 09:36:20,590.25,590.25,1,589.5,2,591.0,6,591.0,589.5,589.5,2,589.41,9,588.68,7,587.25,13,586.78,7,586.71,5,586.27,3,585.96,4,585.74,3,584.66,11,591.0,6,591.04,1,591.33,5,591.8,5,592.0,2,592.05,2,592.38,1,592.4,9,593.0,6,,
2025-04-10 09:36:21,590.25,590.25,1,589.5,2,591.0,6,591.0,589.5,589.5,2,589.41,9,588.68,7,587.25,13,586.78,7,586.71,5,586.27,3,585.96,4,585.74,3,584.66,11,591.0,6,591.04,1,591.33,5,591.8,5,592.0,2,592.05,2,592.38,1,592.4,9,593.0,6,,
2025-04-10 09:36:22,590.25,590.25,1,589.5,2,591.0,6,591.0,589.5,589.5,2,589.41,9,588.68,7,587.25,13,586.78,7,586.71,5,586.27,3,585.96,4,585.74,3,584.66,11,591.0,6,591.04,1,591.33,5,591.8,5,592.0,2,592.05,2,592.38,1,592.4,9,593.0,6,,
2025-04-10 09:36:23,590.25,590.25,1,589.5,4,591.0,6,591.0,589.5,589.5,4,589.41,9,588.68,7,587.25,13,586.78,7,586.71,5,586.27,3,585.96,4,585.74,3,584.66,11,591.0,6,591.04,1,591.33,5,591.8,5,592.0,2,592.05,2,592.38,1,592.4,9,593.0,6,,
2025-04-10 09:36:24,590.25,590.25,1,589.5,4,591.0,6,591.0,589.5,589.5,4,589.41,9,588.68,7,587.25,13,586.78,7,586.71,5,586.27,3,585.96,4,585.74,3,584.66,11,591.0,6,591.04,1,591.33,5,591.8,5,592.0,2,592.05,2,592.38,1,592.4,9,593.0,6,,
2025-04-10 09:36:25,590.045,590.25,1,589.5,6,590.59,1,590.59,589.5,589.5,6,589.41,9,588.68,7,587.25,13,586.78,7,586.71,5,586.27,3,585.96,4,585.74,3,584.66,11,590.59,1,591.0,6,591.04,1,591.33,5,591.8,5,592.0,2,592.05,2,592.38,1,592.4,9,593.0,6
2025-04-10 09:36:26,590.04,589.96,1,589.5,5,590.58,1,590.58,589.5,589.5,5,589.41,9,588.68,7,587.25,13,586.78,7,586.71,5,586.27,3,585.96,4,585.74,3,584.66,11,590.58,1,591.0,6,591.04,1,591.33,5,591.8,5,592.0,2,592.05,2,592.38,1,592.4,9,593.0,6
2025-04-10 09:36:27,590.25,589.96,1,589.5,4,591.0,6,591.0,589.5,589.5,4,589.41,9,588.68,7,587.25,13,586.78,7,586.71,5,586.27,3,585.96,4,585.74,3,584.66,11,591.0,6,591.04,1,591.33,5,591.8,5,592.0,2,592.05,2,592.38,1,592.4,9,593.0,6,,
2025-04-10 09:36:28,589.95,589.95,1,589.5,7,590.4,1,590.4,589.5,589.5,7,589.41,9,588.68,7,587.25,13,586.78,7,586.71,5,586.27,3,585.96,4,585.74,3,584.66,11,590.4,1,591.0,6,591.04,1,591.33,5,591.8,5,592.0,2,592.05,2,592.38,1,592.4,9,593.0,6
2025-04-10 09:36:29,589.945,589.95,1,589.5,7,590.39,6,590.39,589.5,589.5,7,589.41,9,588.68,7,587.25,13,586.78,7,586.71,5,586.27,3,585.96,4,585.74,3,584.66,11,590.39,6,590.4,1,591.0,6,591.04,1,591.33,5,591.8,5,592.0,2,592.05,2,592.38,1,592.4,9
2025-04-10 09:36:30,589.945,589.95,1,589.5,7,590.39,6,590.39,589.5,589.5,7,589.41,9,588.68,7,587.25,13,586.78,7,586.71,5,586.27,3,585.96,4,585.74,3,584.66,11,590.39,6,590.4,1,591.0,6,591.04,1,591.33,5,591.8,5,592.0,2,592.05,2,592.38,1,592.4,9
2025-04-10 09:36:31,589.54,589.49,1,589.04,3,590.04,1,590.04,589.04,589.04,3,588.68,7,587.25,13,586.78,7,586.71,5,586.27,3,585.96,4,585.74,3,584.66,11,584.65,8,590.04,1,590.39,6,590.4,1,591.0,6,591.04,1,591.33,5,591.8,5,592.0,2,592.05,2,592.38,1
2025-04-10 09:36:32,589.535,589.49,1,589.04,3,590.03,1,590.03,589.04,589.04,3,588.68,7,587.25,13,586.78,7,586.71,5,586.27,3,585.96,4,585.74,3,584.66,11,584.65,8,590.03,1,590.04,2,590.39,6,590.4,1,591.0,6,591.04,1,591.33,5,591.8,5,592.0,2,592.05,2
2025-04-10 09:36:33,589.535,589.53,1,589.04,3,590.03,3,590.03,589.04,589.04,3,588.68,7,587.25,13,586.78,7,586.71,5,586.27,3,585.96,4,585.74,3,584.66,11,584.65,8,590.03,3,590.04,2,590.39,6,590.4,1,591.0,6,591.04,1,591.33,5,591.8,5,592.0,2,592.05,2
2025-04-10 09:36:34,589.535,589.53,1,589.04,3,590.03,3,590.03,589.04,589.04,3,588.68,7,587.25,13,586.78,7,586.71,5,586.27,3,585.96,4,585.74,3,584.66,11,584.65,8,590.03,3,590.04,2,590.39,6,590.4,1,591.0,6,591.04,1,591.33,5,591.8,5,592.0,2,592.05,2
2025-04-10 09:36:35,589.535,589.53,1,589.04,3,590.03,3,590.03,589.04,589.04,3,588.68,7,587.25,13,586.78,7,586.71,5,586.27,3,585.96,4,585.74,3,584.66,11,584.65,8,590.03,3,590.04,2,590.39,6,590.4,1,591.0,6,591.04,1,591.33,5,591.8,5,592.0,2,592.05,2
2025-04-10 09:36:36,589.535,589.53,1,589.04,3,590.03,3,590.03,589.04,589.04,3,588.68,7,587.25,13,586.78,7,586.71,5,586.27,3,585.96,4,585.74,3,584.66,11,584.65,8,590.03,3,590.04,2,590.39,6,590.4,1,591.0,6,591.04,1,591.33,5,591.8,5,592.0,2,592.05,2
2025-04-10 09:36:37,589.535,589.53,1,589.04,3,590.03,3,590.03,589.04,589.04,3,588.68,7,587.25,13,586.78,7,586.71,5,586.27,3,585.96,4,585.74,3,584.66,11,584.65,8,590.03,3,590.04,2,590.39,6,590.4,1,591.0,6,591.04,1,591.33,5,591.8,5,592.0,2,592.05,2
2025-04-10 09:36:38,589.2,589.04,1,588.37,1,590.03,3,590.03,588.37,588.37,1,587.25,13,586.78,7,586.71,5,586.27,3,585.96,4,585.74,3,584.66,11,584.65,8,584.37,3,590.03,3,590.04,2,590.39,6,590.4,1,591.0,6,591.04,1,591.33,5,591.8,5,592.0,2,592.05,2
2025-04-10 09:36:39,589.04,589.04,1,588.05,1,590.03,3,590.03,588.05,588.05,1,587.25,13,586.78,7,586.71,5,586.27,3,585.96,4,585.74,3,584.66,11,584.65,8,584.37,3,590.03,3,590.04,2,590.39,6,590.4,1,591.0,6,591.04,1,591.33,5,591.8,5,592.0,2,592.05,2
2025-04-10 09:36:40,588.665,589.04,1,588.05,1,589.28,2,589.28,588.05,588.05,1,587.25,13,586.78,7,586.71,5,586.27,3,585.96,4,585.74,3,584.66,11,584.65,8,584.37,3,589.28,2,590.03,3,590.04,2,590.39,6,590.4,1,591.0,6,591.04,1,591.33,5,591.8,5,592.0,2
2025-04-10 09:36:41,587.94,587.19,1,586.6,1,589.28,4,589.28,586.6,586.6,1,586.29,1,586.27,3,585.96,4,585.74,3,584.66,11,584.65,8,584.37,3,583.39,8,583.26,5,589.28,4,590.03,3,590.04,2,590.39,6,590.4,1,591.0,6,591.04,1,591.33,5,591.8,5,592.0,2
2025-04-10 09:36:42,587.645,587.19,1,586.29,1,589.0,4,589.0,586.29,586.29,1,586.27,3,585.96,4,585.74,3,584.66,11,584.65,8,584.37,3,583.39,8,583.26,5,583.22,1,589.0,4,589.28,4,590.03,3,590.04,2,590.39,6,590.4,1,591.0,6,591.04,1,591.33,5,591.8,5
2025-04-10 09:36:43,587.645,587.18,1,586.29,1,589.0,4,589.0,586.29,586.29,1,586.27,3,585.96,4,585.74,3,584.66,11,584.65,8,584.37,3,583.39,8,583.26,5,583.22,1,589.0,4,589.28,4,590.03,3,590.04,2,590.39,6,590.4,1,591.0,6,591.04,1,591.33,5,591.8,5
2025-04-10 09:36:44,587.645,586.29,1,586.29,1,589.0,5,589.0,586.29,586.29,1,586.27,3,585.96,4,585.74,3,584.66,11,584.65,8,584.37,3,583.39,8,583.26,5,583.22,1,589.0,5,589.28,4,590.03,3,590.04,2,590.39,6,590.4,1,591.0,6,591.04,1,591.33,5,591.8,5
2025-04-10 09:36:45,586.82,586.29,1,586.29,1,587.35,1,587.35,586.29,586.29,1,586.27,3,585.96,4,585.74,3,584.66,11,584.65,8,584.37,3,583.39,8,583.26,5,583.22,1,587.35,1,587.39,1,587.79,1,587.8,1,589.0,5,589.28,4,590.03,3,590.04,2,590.39,6,590.4,1
2025-04-10 09:36:46,586.82,586.78,1,586.29,1,587.35,1,587.35,586.29,586.29,1,586.27,3,585.96,4,585.74,3,584.66,11,584.65,8,584.37,3,583.39,8,583.26,5,583.22,1,587.35,1,587.39,1,587.79,1,587.8,1,589.0,5,589.28,4,590.03,3,590.04,2,590.39,6,590.4,1
2025-04-10 09:36:47,586.365,586.73,1,585.59,1,587.14,1,587.14,585.59,585.59,1,584.66,11,584.65,8,584.37,3,583.39,8,583.26,5,583.22,1,583.06,8,582.74,4,582.19,5,587.14,1,587.32,1,587.35,1,587.39,1,587.79,1,587.8,1,589.0,5,589.28,4,590.03,3,590.04,2
2025-04-10 09:36:48,586.335,586.37,1,585.53,1,587.14,2,587.14,585.53,585.53,1,584.66,11,584.65,8,584.37,3,583.39,8,583.26,5,583.22,1,583.06,8,582.74,4,582.19,5,587.14,2,587.32,1,587.35,1,587.39,1,587.79,1,587.8,1,589.0,5,589.28,4,590.03,3,590.04,2
2025-04-10 09:36:49,586.335,585.53,1,585.53,1,587.14,2,587.14,585.53,585.53,1,584.66,11,584.65,8,584.37,3,583.39,8,583.26,5,583.22,1,583.06,8,582.74,4,582.19,5,587.14,2,587.32,1,587.35,1,587.39,1,587.79,1,587.8,1,589.0,5,589.28,4,590.03,3,590.04,2
2025-04-10 09:36:50,586.335,586.64,2,585.53,1,587.14,4,587.14,585.53,585.53,1,584.66,11,584.65,8,584.37,3,583.39,8,583.26,5,583.22,1,583.06,8,582.74,4,582.19,5,587.14,4,587.32,1,587.35,1,587.39,1,587.79,1,587.8,1,589.0,5,589.28,4,590.03,3,590.04,2
2025-04-10 09:36:51,586.335,586.34,2,585.53,2,587.14,6,587.14,585.53,585.53,2,584.66,11,584.65,8,584.37,3,583.39,8,583.26,5,583.22,1,583.06,8,582.74,4,582.19,5,587.14,6,587.32,1,587.35,1,587.39,1,587.79,1,587.8,1,589.0,5,589.28,4,590.03,3,590.04,2
2025-04-10 09:36:52,586.335,586.34,2,585.53,2,587.14,6,587.14,585.53,585.53,2,584.66,11,584.65,8,584.37,3,583.39,8,583.26,5,583.22,1,583.06,8,582.74,4,582.19,5,587.14,6,587.32,1,587.35,1,587.39,1,587.79,1,587.8,1,589.0,5,589.28,4,590.03,3,590.04,2
2025-04-10 09:36:53,586.695,586.34,2,586.25,1,587.14,8,587.14,586.25,586.25,1,586.13,1,585.53,2,584.66,11,584.65,8,584.37,3,583.39,8,583.26,5,583.22,1,583.06,8,587.14,8,587.32,1,587.35,1,587.39,1,587.79,1,587.8,1,589.0,5,589.28,4,590.03,3,590.04,2
2025-04-10 09:36:54,586.69,586.25,1,586.25,1,587.13,1,587.13,586.25,586.25,1,586.13,1,585.53,2,584.66,11,584.65,8,584.37,3,583.39,8,583.26,5,583.22,1,583.06,8,587.13,1,587.14,8,587.32,1,587.35,1,587.39,1,587.79,1,587.8,1,589.0,5,589.28,4,590.03,3
2025-04-10 09:36:55,586.695,586.85,1,586.25,6,587.14,8,587.14,586.25,586.25,6,586.13,1,585.53,2,584.66,11,584.65,8,584.37,3,583.39,8,583.26,5,583.22,1,583.06,8,587.14,8,587.32,1,587.35,1,587.39,1,587.79,1,587.8,1,589.0,5,589.28,4,590.03,3,590.04,2
2025-04-10 09:36:56,586.335,586.11,1,585.53,1,587.14,8,587.14,585.53,585.53,1,584.66,11,584.65,8,584.37,3,583.39,8,583.26,5,583.22,1,583.06,8,582.74,4,582.19,5,587.14,8,587.32,1,587.35,1,587.39,1,587.79,1,587.8,1,589.0,5,589.28,4,590.03,3,590.04,2
2025-04-10 09:36:57,586.335,586.11,1,585.53,1,587.14,8,587.14,585.53,585.53,1,584.66,11,584.65,8,584.37,3,583.39,8,583.26,5,583.22,1,583.06,8,582.74,4,582.19,5,587.14,8,587.32,1,587.35,1,587.39,1,587.79,1,587.8,1,589.0,5,589.28,4,590.03,3,590.04,2
2025-04-10 09:36:58,586.335,586.11,1,585.53,1,587.14,8,587.14,585.53,585.53,1,584.66,11,584.65,8,584.37,3,583.39,8,583.26,5,583.22,1,583.06,8,582.74,4,582.19,5,587.14,8,587.32,1,587.35,1,587.39,1,587.79,1,587.8,1,589.0,5,589.28,4,590.03,3,590.04,2
2025-04-10 09:36:59,586.335,586.42,1,585.53,1,587.14,8,587.14,585.53,585.53,1,584.66,11,584.65,8,584.37,3,583.39,8,583.26,5,583.22,1,583.06,8,582.74,4,582.19,5,587.14,8,587.32,1,587.35,1,587.39,1,587.79,1,587.8,1,589.0,5,589.28,4,590.03,3,590.04,2
2025-04-10 09:37:00,586.325,586.45,1,585.53,1,587.12,1,587.12,585.53,585.53,1,584.66,11,584.65,8,584.37,3,583.39,8,583.26,5,583.22,1,583.06,8,582.74,4,582.19,5,587.12,1,587.14,8,587.32,1,587.35,1,587.39,1,587.79,1,587.8,1,589.0,5,589.28,4,590.03,3
2025-04-10 09:37:01,586.325,586.33,1,585.53,1,587.12,1,587.12,585.53,585.53,1,584.66,11,584.65,8,584.37,3,583.39,8,583.26,5,583.22,1,583.06,8,582.74,4,582.19,5,587.12,1,587.14,8,587.32,1,587.35,1,587.39,1,587.79,1,587.8,1,589.0,5,589.28,4,590.03,3
2025-04-10 09:37:02,586.325,586.39,1,585.53,2,587.12,2,587.12,585.53,585.53,2,584.66,11,584.65,8,584.37,3,583.39,8,583.26,5,583.22,1,583.06,8,582.74,4,582.19,5,587.12,2,587.14,8,587.32,1,587.35,1,587.39,1,587.79,1,587.8,1,589.0,5,589.28,4,590.03,3
2025-04-10 09:37:03,586.325,586.86,1,585.53,2,587.12,2,587.12,585.53,585.53,2,584.66,11,584.65,8,584.37,3,583.39,8,583.26,5,583.22,1,583.06,8,582.74,4,582.19,5,587.12,2,587.14,8,587.32,1,587.35,1,587.39,1,587.79,1,587.8,1,589.0,5,589.28,4,590.03,3
2025-04-10 09:37:04,587.535,587.92,1,586.07,6,589.0,5,589.0,586.07,586.07,6,585.53,2,584.66,11,584.65,8,584.37,3,583.39,8,583.26,5,583.22,1,583.06,8,582.74,4,589.0,5,589.28,4,590.03,3,590.04,2,590.39,6,590.4,1,591.0,6,591.04,1,591.33,5,591.8,5
2025-04-10 09:37:05,586.925,586.93,1,586.07,6,587.78,1,587.78,586.07,586.07,6,585.53,2,584.66,11,584.65,8,584.37,3,583.39,8,583.26,5,583.22,1,583.06,8,582.74,4,587.78,1,589.0,10,589.28,4,590.03,3,590.04,2,590.39,6,590.4,1,591.0,6,591.04,1,591.33,5
2025-04-10 09:37:06,586.795,587.75,1,586.07,5,587.52,2,587.52,586.07,586.07,5,585.53,2,584.66,11,584.65,8,584.37,3,583.39,8,583.26,5,583.22,1,583.06,8,582.74,4,587.52,2,587.78,1,589.0,10,589.28,4,590.03,3,590.04,2,590.39,6,590.4,1,591.0,6,591.04,1
2025-04-10 09:37:07,587.82,587.82,1,586.64,4,589.0,10,589.0,586.64,586.64,4,586.07,6,585.53,2,584.66,11,584.65,8,584.37,3,583.39,8,583.26,5,583.22,1,583.06,8,589.0,10,589.28,4,590.03,3,590.04,2,590.39,6,590.4,1,591.0,6,591.04,1,591.33,5,591.8,5
2025-04-10 09:37:08,587.865,588.08,1,586.73,2,589.0,10,589.0,586.73,586.73,2,586.64,4,586.07,6,585.53,2,584.66,11,584.65,8,584.37,3,583.39,8,583.26,5,583.22,1,589.0,10,589.28,4,590.03,3,590.04,2,590.39,6,590.4,1,591.0,6,591.04,1,591.33,5,591.8,5
2025-04-10 09:37:09,587.63,587.63,1,586.73,2,588.53,3,588.53,586.73,586.73,2,586.64,4,586.07,6,585.53,2,584.66,11,584.65,8,584.37,3,583.39,8,583.26,5,583.22,1,588.53,3,589.0,10,589.28,4,590.03,3,590.04,2,590.39,6,590.4,1,591.0,6,591.04,1,591.33,5
2025-04-10 09:37:10,587.63,587.63,1,586.73,2,588.53,3,588.53,586.73,586.73,2,586.64,4,586.07,6,585.53,2,584.66,11,584.65,8,584.37,3,583.39,8,583.26,5,583.22,1,588.53,3,589.0,10,589.28,4,590.03,3,590.04,2,590.39,6,590.4,1,591.0,6,591.04,1,591.33,5
2025-04-10 09:37:11,587.445,587.63,1,586.73,6,588.16,3,588.16,586.73,586.73,6,586.64,4,586.07,6,585.53,2,584.66,11,584.65,8,584.37,3,583.39,8,583.26,5,583.22,1,588.16,3,588.53,3,589.0,10,589.28,4,590.03,3,590.04,2,590.39,6,590.4,1,591.0,6,591.04,1
2025-04-10 09:37:12,587.445,587.45,1,586.73,6,588.16,3,588.16,586.73,586.73,6,586.64,4,586.07,6,585.53,2,584.66,11,584.65,8,584.37,3,583.39,8,583.26,5,583.22,1,588.16,3,588.53,3,589.0,10,589.28,4,590.03,3,590.04,2,590.39,6,590.4,1,591.0,6,591.04,1
2025-04-10 09:37:13,587.44,587.54,2,586.73,6,588.15,3,588.15,586.73,586.73,6,586.64,4,586.07,6,585.53,2,584.66,11,584.65,8,584.37,3,583.39,8,583.26,5,583.22,1,588.15,3,588.16,3,588.53,3,589.0,10,589.28,4,590.03,3,590.04,2,590.39,6,590.4,1,591.0,6
2025-04-10 09:37:14,587.44,587.54,2,586.73,6,588.15,3,588.15,586.73,586.73,6,586.64,4,586.07,6,585.53,2,584.66,11,584.65,8,584.37,3,583.39,8,583.26,5,583.22,1,588.15,3,588.16,3,588.53,3,589.0,10,589.28,4,590.03,3,590.04,2,590.39,6,590.4,1,591.0,6
2025-04-10 09:37:15,587.3,587.12,1,586.73,6,587.87,1,587.87,586.73,586.73,6,586.64,4,586.07,6,585.53,2,584.66,11,584.65,8,584.37,3,583.39,8,583.26,5,583.22,1,587.87,1,588.15,3,588.16,3,588.53,3,589.0,10,589.28,4,590.03,3,590.04,2,590.39,6,590.4,1
2025-04-10 09:37:16,587.3,587.12,1,586.73,6,587.87,1,587.87,586.73,586.73,6,586.64,4,586.07,6,585.53,2,584.66,11,584.65,8,584.37,3,583.39,8,583.26,5,583.22,1,587.87,1,588.15,3,588.16,3,588.53,3,589.0,10,589.28,4,590.03,3,590.04,2,590.39,6,590.4,1
2025-04-10 09:37:17,586.685,586.97,1,586.07,5,587.3,3,587.3,586.07,586.07,5,585.53,2,584.66,11,584.65,8,584.37,3,583.39,8,583.26,5,583.22,1,583.06,8,582.74,4,587.3,3,587.87,13,588.15,3,588.16,3,588.53,3,589.0,10,589.28,4,590.03,3,590.04,2,590.39,6
2025-04-10 09:37:18,586.685,586.66,1,586.07,5,587.3,5,587.3,586.07,586.07,5,585.53,2,584.66,11,584.65,8,584.37,3,583.39,8,583.26,5,583.22,1,583.06,8,582.74,4,587.3,5,587.87,13,588.15,3,588.16,3,588.53,3,589.0,10,589.28,4,590.03,3,590.04,2,590.39,6
2025-04-10 09:37:19,586.685,586.8,1,586.07,5,587.3,5,587.3,586.07,586.07,5,585.53,2,584.66,11,584.65,8,584.37,3,583.39,8,583.26,5,583.22,1,583.06,8,582.74,4,587.3,5,587.87,13,588.15,3,588.16,3,588.53,3,589.0,10,589.28,4,590.03,3,590.04,2,590.39,6
2025-04-10 09:37:20,586.685,586.8,1,586.07,5,587.3,5,587.3,586.07,586.07,5,585.53,2,584.66,11,584.65,8,584.37,3,583.39,8,583.26,5,583.22,1,583.06,8,582.74,4,587.3,5,587.87,13,588.15,3,588.16,3,588.53,3,589.0,10,589.28,4,590.03,3,590.04,2,590.39,6
2025-04-10 09:37:21,588.435,588.43,2,587.87,2,589.0,12,589.0,587.87,587.87,2,587.33,2,587.29,1,586.07,5,585.53,2,584.66,11,584.65,8,584.37,3,583.39,8,583.26,5,589.0,12,589.28,4,590.03,3,590.04,2,590.39,6,590.4,1,591.0,6,591.04,1,591.33,5,591.8,5
2025-04-10 09:37:22,587.265,587.53,2,586.07,6,588.46,1,588.46,586.07,586.07,6,585.53,2,584.66,11,584.65,8,584.37,3,583.39,8,583.26,5,583.22,1,583.06,8,582.74,4,588.46,1,589.0,11,589.28,4,590.03,3,590.04,2,590.39,6,590.4,1,591.0,6,591.04,1,591.33,5
2025-04-10 09:37:23,587.135,587.35,1,586.07,10,588.2,1,588.2,586.07,586.07,10,585.53,2,584.66,11,584.65,8,584.37,3,583.39,8,583.26,5,583.22,1,583.06,8,582.74,4,588.2,1,588.46,2,589.0,11,589.28,4,590.03,3,590.04,2,590.39,6,590.4,1,591.0,6,591.04,1
2025-04-10 09:37:24,586.995,587.8,1,586.07,11,587.92,2,587.92,586.07,586.07,11,585.53,2,584.66,11,584.65,8,584.37,3,583.39,8,583.26,5,583.22,1,583.06,8,582.74,4,587.92,2,588.2,1,588.46,2,589.0,11,589.28,4,590.03,3,590.04,2,590.39,6,590.4,1,591.0,6
2025-04-10 09:37:25,587.27,587.74,1,586.08,3,588.46,6,588.46,586.08,586.08,3,586.07,9,585.53,2,584.66,11,584.65,8,584.37,3,583.39,8,583.26,5,583.22,1,583.06,8,588.46,6,589.0,11,589.28,4,590.03,3,590.04,2,590.39,6,590.4,1,591.0,6,591.04,1,591.33,5
2025-04-10 09:37:26,587.17,587.74,1,586.08,6,588.26,1,588.26,586.08,586.08,6,586.07,9,585.53,2,584.66,11,584.65,8,584.37,3,583.39,8,583.26,5,583.22,1,583.06,8,588.26,1,588.45,1,588.46,6,589.0,11,589.28,4,590.03,3,590.04,2,590.39,6,590.4,1,591.0,6
2025-04-10 09:37:27,586.965,587.73,1,586.08,6,587.85,3,587.85,586.08,586.08,6,586.07,9,585.53,2,584.66,11,584.65,8,584.37,3,583.39,8,583.26,5,583.22,1,583.06,8,587.85,3,588.26,3,588.45,1,588.46,6,589.0,11,589.28,4,590.03,3,590.04,2,590.39,6,590.4,1
2025-04-10 09:37:28,586.965,587.68,1,586.08,6,587.85,2,587.85,586.08,586.08,6,586.07,9,585.53,2,584.66,11,584.65,8,584.37,3,583.39,8,583.26,5,583.22,1,583.06,8,587.85,2,588.26,3,588.45,1,588.46,6,589.0,11,589.28,4,590.03,3,590.04,2,590.39,6,590.4,1
2025-04-10 09:37:29,587.165,587.68,1,586.48,1,587.85,2,587.85,586.48,586.48,1,586.08,6,586.07,9,585.53,2,584.66,11,584.65,8,584.37,3,583.39,8,583.26,5,583.22,1,587.85,2,588.26,3,588.45,1,588.46,6,589.0,11,589.28,4,590.03,3,590.04,2,590.39,6,590.4,1
2025-04-10 09:37:30,587.16,587.16,2,586.48,1,587.84,1,587.84,586.48,586.48,1,586.08,6,586.07,9,585.53,2,584.66,11,584.65,8,584.37,3,583.39,8,583.26,5,583.22,1,587.84,1,587.85,2,588.26,3,588.45,1,588.46,6,589.0,11,589.28,4,590.03,3,590.04,2,590.39,6
2025-04-10 09:37:31,587.155,587.16,2,586.48,1,587.83,1,587.83,586.48,586.48,1,586.08,6,586.07,9,585.53,2,584.66,11,584.65,8,584.37,3,583.39,8,583.26,5,583.22,1,587.83,1,587.84,1,587.85,2,588.26,3,588.45,1,588.46,6,589.0,11,589.28,4,590.03,3,590.04,2
2025-04-10 09:37:32,587.485,588.18,1,586.71,8,588.26,3,588.26,586.71,586.71,8,586.48,1,586.08,6,586.07,9,585.53,2,584.66,11,584.65,8,584.37,3,583.39,8,583.26,5,588.26,3,588.45,1,588.46,6,589.0,11,589.28,4,590.03,3,590.04,2,590.39,6,590.4,1,591.0,6
2025-04-10 09:37:33,587.485,587.6,1,586.71,8,588.26,5,588.26,586.71,586.71,8,586.48,1,586.08,6,586.07,9,585.53,2,584.66,11,584.65,8,584.37,3,583.39,8,583.26,5,588.26,5,588.45,1,588.46,6,589.0,11,589.28,4,590.03,3,590.04,2,590.39,6,590.4,1,591.0,6
2025-04-10 09:37:34,587.705,588.16,1,587.15,1,588.26,1,588.26,587.15,587.15,1,586.71,8,586.48,1,586.08,6,586.07,9,585.53,2,584.66,11,584.65,8,584.37,3,583.39,8,588.26,1,588.46,6,589.0,11,589.28,4,590.03,3,590.04,2,590.39,6,590.4,1,591.0,6,591.04,1
2025-04-10 09:37:35,587.705,588.16,1,587.15,4,588.26,1,588.26,587.15,587.15,4,586.71,8,586.48,1,586.08,6,586.07,9,585.53,2,584.66,11,584.65,8,584.37,3,583.39,8,588.26,1,588.46,6,589.0,11,589.28,4,590.03,3,590.04,2,590.39,6,590.4,1,591.0,6,591.04,1
2025-04-10 09:37:36,588.24,589.0,1,587.48,8,589.0,12,589.0,587.48,587.48,8,587.42,1,587.16,6,587.15,5,586.71,8,586.48,1,586.08,6,586.07,9,585.53,2,584.66,11,589.0,12,589.28,4,590.03,3,590.04,2,590.39,6,590.4,1,591.0,6,591.04,1,591.33,5,591.8,5
2025-04-10 09:37:37,588.97,589.0,1,587.94,4,590.0,15,590.0,587.94,587.94,4,587.48,13,587.42,1,587.16,6,587.15,5,586.71,8,586.48,1,586.08,6,586.07,9,585.53,2,590.0,15,590.03,3,590.04,2,590.39,6,590.4,1,591.0,6,591.04,1,591.33,5,591.8,5,592.0,2
2025-04-10 09:37:38,588.97,589.0,1,587.94,4,590.0,15,590.0,587.94,587.94,4,587.48,13,587.42,1,587.16,6,587.15,5,586.71,8,586.48,1,586.08,6,586.07,9,585.53,2,590.0,15,590.03,3,590.04,2,590.39,6,590.4,1,591.0,6,591.04,1,591.33,5,591.8,5,592.0,2
2025-04-10 09:37:39,588.97,588.97,1,587.94,5,590.0,15,590.0,587.94,587.94,5,587.48,13,587.42,1,587.16,6,587.15,5,586.71,8,586.48,1,586.08,6,586.07,9,585.53,2,590.0,15,590.03,3,590.04,2,590.39,6,590.4,1,591.0,6,591.04,1,591.33,5,591.8,5,592.0,2
2025-04-10 09:37:40,588.97,588.97,1,587.94,5,590.0,15,590.0,587.94,587.94,5,587.48,13,587.42,1,587.16,6,587.15,5,586.71,8,586.48,1,586.08,6,586.07,9,585.53,2,590.0,15,590.03,3,590.04,2,590.39,6,590.4,1,591.0,6,591.04,1,591.33,5,591.8,5,592.0,2
2025-04-10 09:37:41,588.97,588.97,1,587.94,5,590.0,15,590.0,587.94,587.94,5,587.48,13,587.42,1,587.16,6,587.15,5,586.71,8,586.48,1,586.08,6,586.07,9,585.53,2,590.0,15,590.03,3,590.04,2,590.39,6,590.4,1,591.0,6,591.04,1,591.33,5,591.8,5,592.0,2
2025-04-10 09:37:42,588.97,588.97,1,587.94,5,590.0,15,590.0,587.94,587.94,5,587.48,13,587.42,1,587.16,6,587.15,5,586.71,8,586.48,1,586.08,6,586.07,9,585.53,2,590.0,15,590.03,3,590.04,2,590.39,6,590.4,1,591.0,6,591.04,1,591.33,5,591.8,5,592.0,2
2025-04-10 09:37:43,589.14,589.84,1,588.28,7,590.0,15,590.0,588.28,588.28,7,587.94,5,587.48,13,587.42,1,587.16,6,587.15,5,586.71,8,586.48,1,586.08,6,586.07,9,590.0,15,590.03,3,590.04,2,590.39,6,590.4,1,591.0,6,591.04,1,591.33,5,591.8,5,592.0,2
2025-04-10 09:37:44,589.14,589.84,1,588.28,7,590.0,15,590.0,588.28,588.28,7,587.94,5,587.48,13,587.42,1,587.16,6,587.15,5,586.71,8,586.48,1,586.08,6,586.07,9,590.0,15,590.03,3,590.04,2,590.39,6,590.4,1,591.0,6,591.04,1,591.33,5,591.8,5,592.0,2
2025-04-10 09:37:45,589.14,589.39,1,588.28,7,590.0,15,590.0,588.28,588.28,7,587.94,5,587.48,13,587.42,1,587.16,6,587.15,5,586.71,8,586.48,1,586.08,6,586.07,9,590.0,15,590.03,3,590.04,2,590.39,6,590.4,1,591.0,6,591.04,1,591.33,5,591.8,5,592.0,2
2025-04-10 09:37:46,589.14,589.14,1,588.28,7,590.0,15,590.0,588.28,588.28,7,587.94,5,587.48,13,587.42,1,587.16,6,587.15,5,586.71,8,586.48,1,586.08,6,586.07,9,590.0,15,590.03,3,590.04,2,590.39,6,590.4,1,591.0,6,591.04,1,591.33,5,591.8,5,592.0,2
2025-04-10 09:37:47,589.14,589.14,1,588.28,7,590.0,15,590.0,588.28,588.28,7,587.94,5,587.48,13,587.42,1,587.16,6,587.15,5,586.71,8,586.48,1,586.08,6,586.07,9,590.0,15,590.03,3,590.04,2,590.39,6,590.4,1,591.0,6,591.04,1,591.33,5,591.8,5,592.0,2
2025-04-10 09:37:48,589.31,589.64,1,588.62,5,590.0,16,590.0,588.62,588.62,5,588.55,1,588.28,7,587.94,5,587.48,13,587.42,1,587.16,6,587.15,5,586.71,8,586.48,1,590.0,16,590.03,3,590.04,2,590.39,6,590.4,1,591.0,6,591.04,1,591.33,5,591.8,5,592.0,2
2025-04-10 09:37:49,589.445,589.9,1,588.89,3,590.0,16,590.0,588.89,588.89,3,588.62,13,588.55,1,588.28,7,587.94,5,587.48,13,587.42,1,587.16,6,587.15,5,586.71,8,590.0,16,590.03,3,590.04,2,590.39,6,590.4,1,591.0,6,591.04,1,591.33,5,591.8,5,592.0,2
2025-04-10 09:37:50,590.055,589.96,1,589.11,8,591.0,6,591.0,589.11,589.11,8,588.89,5,588.62,13,588.55,1,588.28,7,587.94,5,587.48,13,587.42,1,587.16,6,587.15,5,591.0,6,591.04,1,591.33,5,591.8,5,592.0,2,592.05,2,592.38,1,592.4,9,593.0,6,,
2025-04-10 09:37:51,590.075,589.92,1,589.15,2,591.0,6,591.0,589.15,589.15,2,589.14,3,589.13,2,589.11,8,588.89,5,588.62,13,588.55,1,588.28,7,587.94,5,587.48,13,591.0,6,591.04,1,591.33,5,591.8,5,592.0,2,592.05,2,592.38,1,592.4,9,593.0,6,,
2025-04-10 09:37:52,590.075,590.08,1,589.15,2,591.0,6,591.0,589.15,589.15,2,589.14,3,589.13,2,589.11,8,588.89,5,588.62,13,588.55,1,588.28,7,587.94,5,587.48,13,591.0,6,591.04,1,591.33,5,591.8,5,592.0,2,592.05,2,592.38,1,592.4,9,593.0,6,,
2025-04-10 09:37:53,590.065,590.08,1,589.13,1,591.0,6,591.0,589.13,589.13,1,589.11,8,588.89,5,588.62,13,588.55,1,588.28,7,587.94,5,587.48,13,587.42,1,587.16,6,591.0,6,591.04,1,591.33,5,591.8,5,592.0,2,592.05,2,592.38,1,592.4,9,593.0,6,,
2025-04-10 09:37:54,589.945,589.52,1,588.89,3,591.0,6,591.0,588.89,588.89,3,588.62,14,588.55,1,588.28,7,587.94,5,587.48,13,587.42,1,587.16,6,587.15,5,586.71,8,591.0,6,591.04,1,591.33,5,591.8,5,592.0,2,592.05,2,592.38,1,592.4,9,593.0,6,,
2025-04-10 09:37:55,589.61,589.61,1,588.89,3,590.33,1,590.33,588.89,588.89,3,588.62,14,588.55,1,588.28,7,587.94,5,587.48,13,587.42,1,587.16,6,587.15,5,586.71,8,590.33,1,591.0,6,591.04,1,591.33,5,591.8,5,592.0,2,592.05,2,592.38,1,592.4,9,593.0,6
2025-04-10 09:37:56,589.255,589.0,1,588.62,1,589.89,1,589.89,588.62,588.62,1,588.61,2,588.55,1,588.28,7,587.94,5,587.48,13,587.42,1,587.16,6,587.15,5,586.71,8,589.89,1,589.9,1,589.95,3,590.33,1,591.0,6,591.04,1,591.33,5,591.8,5,592.0,2,592.05,2
2025-04-10 09:37:57,589.26,589.0,1,588.62,5,589.9,3,589.9,588.62,588.62,5,588.61,2,588.55,1,588.28,7,587.94,5,587.48,13,587.42,1,587.16,6,587.15,5,586.71,8,589.9,3,589.95,3,590.33,1,591.0,6,591.04,1,591.33,5,591.8,5,592.0,2,592.05,2,592.38,1
2025-04-10 09:37:58,589.26,589.25,1,588.62,5,589.9,3,589.9,588.62,588.62,5,588.61,2,588.55,1,588.28,7,587.94,5,587.48,13,587.42,1,587.16,6,587.15,5,586.71,8,589.9,3,589.95,3,590.33,1,591.0,6,591.04,1,591.33,5,591.8,5,592.0,2,592.05,2,592.38,1
2025-04-10 09:37:59,589.25,589.25,1,588.62,5,589.88,1,589.88,588.62,588.62,5,588.61,2,588.55,1,588.28,7,587.94,5,587.48,13,587.42,1,587.16,6,587.15,5,586.71,8,589.88,1,589.9,3,589.95,3,590.33,1,591.0,6,591.04,1,591.33,5,591.8,5,592.0,2,592.05,2
2025-04-10 09:38:00,589.155,589.15,1,588.62,5,589.69,1,589.69,588.62,588.62,5,588.61,2,588.55,1,588.28,7,587.94,5,587.48,13,587.42,1,587.16,6,587.15,5,586.71,8,589.69,1,589.87,1,589.9,3,589.95,3,590.33,1,591.0,6,591.04,1,591.33,5,591.8,5,592.0,2
2025-04-10 09:38:01,589.26,589.15,1,588.62,5,589.9,3,589.9,588.62,588.62,5,588.61,2,588.55,1,588.28,7,587.94,5,587.48,13,587.42,1,587.16,6,587.15,5,586.71,8,589.9,3,589.95,3,590.33,1,591.0,6,591.04,1,591.33,5,591.8,5,592.0,2,592.05,2,592.38,1
2025-04-10 09:38:02,589.095,588.62,1,588.61,2,589.58,4,589.58,588.61,588.61,2,588.55,1,588.28,7,587.94,5,587.48,13,587.42,1,587.16,6,587.15,5,586.71,8,586.48,1,589.58,4,589.9,5,589.95,3,590.33,1,591.0,6,591.04,1,591.33,5,591.8,5,592.0,2,592.05,2
2025-04-10 09:38:03,589.095,589.1,1,588.61,2,589.58,6,589.58,588.61,588.61,2,588.55,1,588.28,7,587.94,5,587.48,13,587.42,1,587.16,6,587.15,5,586.71,8,586.48,1,589.58,6,589.9,5,589.95,3,590.33,1,591.0,6,591.04,1,591.33,5,591.8,5,592.0,2,592.05,2
2025-04-10 09:38:04,589.095,589.1,1,588.61,2,589.58,6,589.58,588.61,588.61,2,588.55,1,588.28,7,587.94,5,587.48,13,587.42,1,587.16,6,587.15,5,586.71,8,586.48,1,589.58,6,589.9,5,589.95,3,590.33,1,591.0,6,591.04,1,591.33,5,591.8,5,592.0,2,592.05,2
2025-04-10 09:38:05,588.76,588.49,1,587.94,6,589.58,6,589.58,587.94,587.94,6,587.48,13,587.42,1,587.16,6,587.15,5,586.71,8,586.48,1,586.08,6,586.07,9,585.53,2,589.58,6,589.9,5,589.95,3,590.33,1,591.0,6,591.04,1,591.33,5,591.8,5,592.0,2,592.05,2
2025-04-10 09:38:06,588.76,587.95,1,587.94,6,589.58,6,589.58,587.94,587.94,6,587.48,13,587.42,1,587.16,6,587.15,5,586.71,8,586.48,1,586.08,6,586.07,9,585.53,2,589.58,6,589.9,5,589.95,3,590.33,1,591.0,6,591.04,1,591.33,5,591.8,5,592.0,2,592.05,2
2025-04-10 09:38:07,588.76,588.39,1,587.94,6,589.58,6,589.58,587.94,587.94,6,587.48,13,587.42,1,587.16,6,587.15,5,586.71,8,586.48,1,586.08,6,586.07,9,585.53,2,589.58,6,589.9,5,589.95,3,590.33,1,591.0,6,591.04,1,591.33,5,591.8,5,592.0,2,592.05,2
2025-04-10 09:38:08,588.76,588.76,1,587.94,6,589.58,6,589.58,587.94,587.94,6,587.48,13,587.42,1,587.16,6,587.15,5,586.71,8,586.48,1,586.08,6,586.07,9,585.53,2,589.58,6,589.9,5,589.95,3,590.33,1,591.0,6,591.04,1,591.33,5,591.8,5,592.0,2,592.05,2
2025-04-10 09:38:09,588.76,588.49,1,587.94,7,589.58,6,589.58,587.94,587.94,7,587.48,13,587.42,1,587.16,6,587.15,5,586.71,8,586.48,1,586.08,6,586.07,9,585.53,2,589.58,6,589.9,5,589.95,3,590.33,1,591.0,6,591.04,1,591.33,5,591.8,5,592.0,2,592.05,2
2025-04-10 09:38:10,588.47,588.47,1,587.94,7,589.0,1,589.0,587.94,587.94,7,587.48,13,587.42,1,587.16,6,587.15,5,586.71,8,586.48,1,586.08,6,586.07,9,585.53,2,589.0,1,589.58,6,589.9,5,589.95,3,590.33,1,591.0,6,591.04,1,591.33,5,591.8,5,592.0,2
2025-04-10 09:38:11,588.47,588.47,1,587.94,7,589.0,3,589.0,587.94,587.94,7,587.48,13,587.42,1,587.16,6,587.15,5,586.71,8,586.48,1,586.08,6,586.07,9,585.53,2,589.0,3,589.58,6,589.9,5,589.95,3,590.33,1,591.0,6,591.04,1,591.33,5,591.8,5,592.0,2
