sim_time,mid_price,last_price,last_size,best_bid_price,best_bid_size,best_ask_price,best_ask_size,close_price_buy,close_price_sell,bid1_price,bid1_size,bid2_price,bid2_size,bid3_price,bid3_size,bid4_price,bid4_size,bid5_price,bid5_size,bid6_price,bid6_size,bid7_price,bid7_size,bid8_price,bid8_size,bid9_price,bid9_size,bid10_price,bid10_size,ask1_price,ask1_size,ask2_price,ask2_size,ask3_price,ask3_size,ask4_price,ask4_size,ask5_price,ask5_size,ask6_price,ask6_size,ask7_price,ask7_size,ask8_price,ask8_size,ask9_price,ask9_size,ask10_price,ask10_size
2025-04-10 09:30:11,,0.0,0,0.0,0,0.0,0,0.0,0.0,,,,,,,,,,,,,,,,,,,,,,,,,,,,,,,,,,,,,,,,
2025-04-10 09:30:12,,0.0,0,0.0,0,0.0,0,0.0,0.0,,,,,,,,,,,,,,,,,,,,,,,,,,,,,,,,,,,,,,,,
2025-04-10 09:30:14,,0.0,0,0.0,0,0.0,0,0.0,0.0,,,,,,,,,,,,,,,,,,,,,,,,,,,,,,,,,,,,,,,,
2025-04-10 09:30:15,,0.0,0,0.0,0,0.0,0,0.0,0.0,,,,,,,,,,,,,,,,,,,,,,,,,,,,,,,,,,,,,,,,
2025-04-10 09:30:16,,0.0,0,0.0,0,0.0,0,0.0,0.0,,,,,,,,,,,,,,,,,,,,,,,,,,,,,,,,,,,,,,,,
2025-04-10 09:30:17,,0.0,0,0.0,0,0.0,0,0.0,0.0,,,,,,,,,,,,,,,,,,,,,,,,,,,,,,,,,,,,,,,,
2025-04-10 09:30:18,326.765,326.76,4,326.0,2,327.53,4,327.53,326.0,326.0,2,325.63,4,,,,,,,,,,,,,,,,,327.53,4,327.57,4,327.89,4,327.96,3,329.2,5,330.73,4,,,,,,,,
2025-04-10 09:30:19,326.765,326.76,4,326.0,2,327.53,4,327.53,326.0,326.0,2,325.63,4,,,,,,,,,,,,,,,,,327.53,4,327.57,4,327.89,4,327.96,3,329.2,5,330.73,4,,,,,,,,
2025-04-10 09:30:20,326.765,326.76,1,326.0,2,327.53,4,327.53,326.0,326.0,2,325.63,4,,,,,,,,,,,,,,,,,327.53,4,327.57,4,327.89,4,327.96,3,329.2,5,330.73,4,,,,,,,,
2025-04-10 09:30:21,326.765,326.76,1,326.0,2,327.53,4,327.53,326.0,326.0,2,325.63,4,,,,,,,,,,,,,,,,,327.53,4,327.57,4,327.89,4,327.96,3,329.2,5,330.73,4,,,,,,,,
2025-04-10 09:30:22,326.765,326.76,1,326.0,4,327.53,4,327.53,326.0,326.0,4,325.63,4,,,,,,,,,,,,,,,,,327.53,4,327.57,4,327.89,4,327.96,3,329.2,5,330.73,4,,,,,,,,
2025-04-10 09:30:23,326.77,326.76,1,326.01,2,327.53,4,327.53,326.01,326.01,2,326.0,4,325.63,4,,,,,,,,,,,,,,,327.53,4,327.57,4,327.89,4,327.96,3,329.2,5,330.73,4,,,,,,,,
2025-04-10 09:30:24,326.805,326.76,1,326.08,5,327.53,6,327.53,326.08,326.08,5,326.01,2,326.0,4,325.63,4,,,,,,,,,,,,,327.53,6,327.57,4,327.89,4,327.96,3,329.2,5,330.73,4,,,,,,,,
2025-04-10 09:30:25,326.805,326.76,1,326.08,5,327.53,6,327.53,326.08,326.08,5,326.01,2,326.0,4,325.63,4,,,,,,,,,,,,,327.53,6,327.57,4,327.89,4,327.96,3,329.2,5,330.73,4,,,,,,,,
2025-04-10 09:30:26,326.805,327.32,1,326.08,5,327.53,6,327.53,326.08,326.08,5,326.01,2,326.0,4,325.63,4,,,,,,,,,,,,,327.53,6,327.57,4,327.89,4,327.96,3,329.2,5,330.73,4,,,,,,,,
2025-04-10 09:30:27,326.805,327.32,1,326.08,5,327.53,6,327.53,326.08,326.08,5,326.01,2,326.0,4,325.63,4,,,,,,,,,,,,,327.53,6,327.57,4,327.89,4,327.96,3,329.2,5,330.73,4,,,,,,,,
2025-04-10 09:30:28,326.805,326.81,1,326.08,6,327.53,7,327.53,326.08,326.08,6,326.01,2,326.0,4,325.63,4,,,,,,,,,,,,,327.53,7,327.57,4,327.89,4,327.96,3,329.2,5,330.73,4,,,,,,,,
2025-04-10 09:30:29,326.805,326.81,1,326.08,6,327.53,7,327.53,326.08,326.08,6,326.01,2,326.0,4,325.63,4,,,,,,,,,,,,,327.53,7,327.57,4,327.89,4,327.96,3,329.2,5,330.73,4,,,,,,,,
2025-04-10 09:30:30,326.805,326.81,1,326.08,6,327.53,7,327.53,326.08,326.08,6,326.01,2,326.0,4,325.63,4,,,,,,,,,,,,,327.53,7,327.57,4,327.89,4,327.96,3,329.2,5,330.73,4,,,,,,,,
2025-04-10 09:30:31,326.805,326.81,1,326.08,6,327.53,7,327.53,326.08,326.08,6,326.01,2,326.0,4,325.63,4,,,,,,,,,,,,,327.53,7,327.57,4,327.89,4,327.96,3,329.2,5,330.73,4,,,,,,,,
2025-04-10 09:30:32,326.805,326.81,1,326.08,6,327.53,7,327.53,326.08,326.08,6,326.01,2,326.0,4,325.63,4,,,,,,,,,,,,,327.53,7,327.57,4,327.89,4,327.96,3,329.2,5,330.73,4,,,,,,,,
2025-04-10 09:30:33,326.805,326.81,1,326.08,6,327.53,7,327.53,326.08,326.08,6,326.01,2,326.0,4,325.63,4,,,,,,,,,,,,,327.53,7,327.57,4,327.89,4,327.96,3,329.2,5,330.73,4,,,,,,,,
2025-04-10 09:30:34,326.805,326.95,1,326.08,6,327.53,7,327.53,326.08,326.08,6,326.01,2,326.0,4,325.63,4,,,,,,,,,,,,,327.53,7,327.57,4,327.89,4,327.96,3,329.2,5,330.73,4,,,,,,,,
2025-04-10 09:30:35,326.78,326.78,1,326.08,6,327.48,3,327.48,326.08,326.08,6,326.01,2,326.0,4,325.63,4,,,,,,,,,,,,,327.48,3,327.53,7,327.57,4,327.89,4,327.96,3,329.2,5,330.73,4,,,,,,
2025-04-10 09:30:36,326.78,326.78,1,326.08,6,327.48,3,327.48,326.08,326.08,6,326.01,2,326.0,4,325.63,4,,,,,,,,,,,,,327.48,3,327.53,7,327.57,4,327.89,4,327.96,3,329.2,5,330.73,4,,,,,,
2025-04-10 09:30:37,326.78,326.78,1,326.08,6,327.48,3,327.48,326.08,326.08,6,326.01,2,326.0,4,325.63,4,,,,,,,,,,,,,327.48,3,327.53,7,327.57,4,327.89,4,327.96,3,329.2,5,330.73,4,,,,,,
2025-04-10 09:30:38,326.78,326.78,1,326.08,6,327.48,3,327.48,326.08,326.08,6,326.01,2,326.0,4,325.63,4,,,,,,,,,,,,,327.48,3,327.53,7,327.57,4,327.89,4,327.96,3,329.2,5,330.73,4,,,,,,
2025-04-10 09:30:39,326.78,326.78,1,326.08,6,327.48,5,327.48,326.08,326.08,6,326.01,2,326.0,4,325.63,4,,,,,,,,,,,,,327.48,5,327.53,7,327.57,4,327.89,4,327.96,3,329.2,5,330.73,4,,,,,,
2025-04-10 09:30:40,326.78,327.17,1,326.08,6,327.48,5,327.48,326.08,326.08,6,326.01,2,326.0,4,325.63,4,,,,,,,,,,,,,327.48,5,327.53,7,327.57,4,327.89,4,327.96,3,329.2,5,330.73,4,,,,,,
2025-04-10 09:30:41,326.78,326.86,2,326.08,6,327.48,8,327.48,326.08,326.08,6,326.01,2,326.0,4,325.63,4,,,,,,,,,,,,,327.48,8,327.53,7,327.57,4,327.89,4,327.96,3,329.2,5,330.73,4,,,,,,
2025-04-10 09:30:42,326.78,326.86,2,326.08,6,327.48,8,327.48,326.08,326.08,6,326.01,2,326.0,4,325.63,4,,,,,,,,,,,,,327.48,8,327.53,7,327.57,4,327.89,4,327.96,3,329.2,5,330.73,4,,,,,,
2025-04-10 09:30:43,326.78,326.86,2,326.08,6,327.48,8,327.48,326.08,326.08,6,326.01,2,326.0,4,325.63,4,,,,,,,,,,,,,327.48,8,327.53,7,327.57,4,327.89,4,327.96,3,329.2,5,330.73,4,,,,,,
2025-04-10 09:30:44,326.78,326.86,2,326.08,6,327.48,8,327.48,326.08,326.08,6,326.01,2,326.0,4,325.63,4,,,,,,,,,,,,,327.48,8,327.53,7,327.57,4,327.89,4,327.96,3,329.2,5,330.73,4,,,,,,
2025-04-10 09:30:45,326.78,326.86,2,326.08,6,327.48,8,327.48,326.08,326.08,6,326.01,2,326.0,4,325.63,4,,,,,,,,,,,,,327.48,8,327.53,7,327.57,4,327.89,4,327.96,3,329.2,5,330.73,4,,,,,,
2025-04-10 09:30:46,326.78,326.86,2,326.08,6,327.48,8,327.48,326.08,326.08,6,326.01,2,326.0,4,325.63,4,,,,,,,,,,,,,327.48,8,327.53,7,327.57,4,327.89,4,327.96,3,329.2,5,330.73,4,,,,,,
2025-04-10 09:30:47,326.78,327.3,1,326.08,6,327.48,8,327.48,326.08,326.08,6,326.01,2,326.0,4,325.63,4,,,,,,,,,,,,,327.48,8,327.53,7,327.57,4,327.89,4,327.96,3,329.2,5,330.73,4,,,,,,
2025-04-10 09:30:48,326.78,327.3,1,326.08,6,327.48,8,327.48,326.08,326.08,6,326.01,2,326.0,4,325.63,4,,,,,,,,,,,,,327.48,8,327.53,7,327.57,4,327.89,4,327.96,3,329.2,5,330.73,4,,,,,,
2025-04-10 09:30:49,326.78,327.3,1,326.08,6,327.48,7,327.48,326.08,326.08,6,326.01,2,326.0,4,325.63,4,,,,,,,,,,,,,327.48,7,327.53,7,327.57,4,327.89,4,327.96,3,329.2,5,330.73,4,,,,,,
2025-04-10 09:30:50,326.78,326.46,1,326.08,6,327.48,7,327.48,326.08,326.08,6,326.01,2,326.0,4,325.63,4,,,,,,,,,,,,,327.48,7,327.53,7,327.57,4,327.89,4,327.96,3,329.2,5,330.73,4,,,,,,
2025-04-10 09:30:51,326.78,327.11,1,326.08,6,327.48,7,327.48,326.08,326.08,6,326.01,2,326.0,4,325.63,4,,,,,,,,,,,,,327.48,7,327.53,7,327.57,4,327.89,4,327.96,3,329.2,5,330.73,4,,,,,,
2025-04-10 09:30:52,326.78,327.11,1,326.08,6,327.48,7,327.48,326.08,326.08,6,326.01,2,326.0,4,325.63,4,,,,,,,,,,,,,327.48,7,327.53,7,327.57,4,327.89,4,327.96,3,329.2,5,330.73,4,,,,,,
2025-04-10 09:30:53,326.78,327.11,1,326.08,6,327.48,7,327.48,326.08,326.08,6,326.01,2,326.0,4,325.63,4,,,,,,,,,,,,,327.48,7,327.53,7,327.57,4,327.89,4,327.96,3,329.2,5,330.73,4,,,,,,
2025-04-10 09:30:54,326.78,327.11,1,326.08,6,327.48,7,327.48,326.08,326.08,6,326.01,2,326.0,4,325.63,4,,,,,,,,,,,,,327.48,7,327.53,7,327.57,4,327.89,4,327.96,3,329.2,5,330.73,4,,,,,,
2025-04-10 09:30:55,326.78,327.11,1,326.08,6,327.48,7,327.48,326.08,326.08,6,326.01,2,326.0,4,325.63,4,,,,,,,,,,,,,327.48,7,327.53,7,327.57,4,327.89,4,327.96,3,329.2,5,330.73,4,,,,,,
2025-04-10 09:30:56,326.78,327.11,1,326.08,6,327.48,7,327.48,326.08,326.08,6,326.01,2,326.0,4,325.63,4,,,,,,,,,,,,,327.48,7,327.53,7,327.57,4,327.89,4,327.96,3,329.2,5,330.73,4,,,,,,
2025-04-10 09:30:57,326.78,327.11,1,326.08,6,327.48,7,327.48,326.08,326.08,6,326.01,2,326.0,4,325.63,4,,,,,,,,,,,,,327.48,7,327.53,7,327.57,4,327.89,4,327.96,3,329.2,5,330.73,4,,,,,,
2025-04-10 09:30:58,326.78,326.78,1,326.08,6,327.48,7,327.48,326.08,326.08,6,326.01,2,326.0,4,325.63,4,,,,,,,,,,,,,327.48,7,327.53,7,327.57,4,327.89,4,327.96,3,329.2,5,330.73,4,,,,,,
2025-04-10 09:30:59,326.78,326.78,1,326.08,6,327.48,7,327.48,326.08,326.08,6,326.01,2,326.0,4,325.63,4,,,,,,,,,,,,,327.48,7,327.53,7,327.57,4,327.89,4,327.96,3,329.2,5,330.73,4,,,,,,
2025-04-10 09:31:00,326.78,326.78,1,326.08,6,327.48,8,327.48,326.08,326.08,6,326.01,2,326.0,4,325.63,4,,,,,,,,,,,,,327.48,8,327.53,7,327.57,4,327.89,4,327.96,3,329.2,5,330.73,4,,,,,,
2025-04-10 09:31:01,326.77,326.78,1,326.08,6,327.46,1,327.46,326.08,326.08,6,326.01,2,326.0,4,325.63,4,,,,,,,,,,,,,327.46,1,327.47,2,327.48,8,327.53,7,327.57,4,327.89,4,327.96,3,329.2,5,330.73,4,,
2025-04-10 09:31:02,326.595,326.6,1,326.08,6,327.11,2,327.11,326.08,326.08,6,326.01,2,326.0,4,325.63,4,,,,,,,,,,,,,327.11,2,327.46,1,327.47,2,327.48,8,327.53,7,327.57,4,327.89,4,327.96,3,329.2,5,330.73,4
2025-04-10 09:31:03,328.165,327.98,1,327.48,2,328.85,3,328.85,327.48,327.48,2,327.47,1,327.46,2,327.29,2,326.71,4,326.7,5,326.6,1,326.51,1,326.31,1,326.15,3,328.85,3,329.2,5,330.73,4,,,,,,,,,,,,,,
2025-04-10 09:31:04,327.69,327.69,1,326.53,6,328.85,3,328.85,326.53,326.53,6,326.51,1,326.31,1,326.15,3,326.08,5,326.01,2,326.0,4,325.63,4,,,,,328.85,3,329.2,5,330.73,4,,,,,,,,,,,,,,
2025-04-10 09:31:05,327.82,327.82,1,326.96,4,328.68,2,328.68,326.96,326.96,4,326.53,6,326.51,1,326.31,1,326.15,3,326.08,5,326.01,2,326.0,4,325.63,4,,,328.68,2,328.85,3,329.2,5,330.73,4,,,,,,,,,,,,
2025-04-10 09:31:06,327.82,327.82,1,326.96,4,328.68,2,328.68,326.96,326.96,4,326.53,6,326.51,1,326.31,1,326.15,3,326.08,5,326.01,2,326.0,4,325.63,4,,,328.68,2,328.85,3,329.2,5,330.73,4,,,,,,,,,,,,
2025-04-10 09:31:07,327.82,327.82,1,326.96,4,328.68,2,328.68,326.96,326.96,4,326.53,6,326.51,1,326.31,1,326.15,3,326.08,5,326.01,2,326.0,4,325.63,4,,,328.68,2,328.85,3,329.2,5,330.73,4,,,,,,,,,,,,
2025-04-10 09:31:08,327.82,327.82,1,326.96,4,328.68,2,328.68,326.96,326.96,4,326.53,6,326.51,1,326.31,1,326.15,3,326.08,5,326.01,2,326.0,4,325.63,4,,,328.68,2,328.85,3,329.2,5,330.73,4,,,,,,,,,,,,
2025-04-10 09:31:09,327.82,327.82,1,326.96,4,328.68,2,328.68,326.96,326.96,4,326.53,6,326.51,1,326.31,1,326.15,3,326.08,5,326.01,2,326.0,4,325.63,4,,,328.68,2,328.85,3,329.2,5,330.73,4,,,,,,,,,,,,
2025-04-10 09:31:10,327.82,327.82,1,326.96,4,328.68,2,328.68,326.96,326.96,4,326.53,6,326.51,1,326.31,1,326.15,3,326.08,5,326.01,2,326.0,4,325.63,4,,,328.68,2,328.85,3,329.2,5,330.73,4,,,,,,,,,,,,
2025-04-10 09:31:11,327.82,327.82,1,326.96,4,328.68,2,328.68,326.96,326.96,4,326.53,6,326.51,1,326.31,1,326.15,3,326.08,5,326.01,2,326.0,4,325.63,4,,,328.68,2,328.85,3,329.2,5,330.73,4,,,,,,,,,,,,
2025-04-10 09:31:12,327.82,327.82,1,326.96,4,328.68,2,328.68,326.96,326.96,4,326.53,6,326.51,1,326.31,1,326.15,3,326.08,5,326.01,2,326.0,4,325.63,4,,,328.68,2,328.85,3,329.2,5,330.73,4,,,,,,,,,,,,
2025-04-10 09:31:13,327.705,327.71,7,326.96,4,328.45,2,328.45,326.96,326.96,4,326.53,6,326.51,1,326.31,1,326.15,3,326.08,5,326.01,2,326.0,4,325.63,4,,,328.45,2,328.68,4,328.85,3,329.2,5,330.73,4,,,,,,,,,,
2025-04-10 09:31:14,327.705,327.71,15,326.96,4,328.45,2,328.45,326.96,326.96,4,326.53,6,326.51,1,326.31,1,326.15,3,326.08,5,326.01,2,326.0,4,325.63,4,,,328.45,2,328.68,4,328.85,3,329.2,5,330.73,4,,,,,,,,,,
2025-04-10 09:31:15,327.705,327.71,15,326.96,4,328.45,2,328.45,326.96,326.96,4,326.53,6,326.51,1,326.31,1,326.15,3,326.08,5,326.01,2,326.0,4,325.63,4,,,328.45,2,328.68,4,328.85,3,329.2,5,330.73,4,,,,,,,,,,
2025-04-10 09:31:16,327.705,327.6,1,326.96,4,328.45,2,328.45,326.96,326.96,4,326.53,6,326.51,1,326.31,1,326.15,3,326.08,5,326.01,2,326.0,4,325.63,4,,,328.45,2,328.68,4,328.85,3,329.2,5,330.73,4,,,,,,,,,,
2025-04-10 09:31:17,327.705,327.71,3,326.96,4,328.45,2,328.45,326.96,326.96,4,326.53,6,326.51,1,326.31,1,326.15,3,326.08,5,326.01,2,326.0,4,325.63,4,,,328.45,2,328.68,4,328.85,3,329.2,5,330.73,4,,,,,,,,,,
2025-04-10 09:31:18,327.7,327.71,3,326.96,4,328.44,2,328.44,326.96,326.96,4,326.53,6,326.51,1,326.31,1,326.15,3,326.08,5,326.01,2,326.0,4,325.63,4,,,328.44,2,328.45,2,328.68,4,328.85,3,329.2,5,330.73,4,,,,,,,,
2025-04-10 09:31:19,327.7,327.7,1,326.96,4,328.44,2,328.44,326.96,326.96,4,326.53,6,326.51,1,326.31,1,326.15,3,326.08,5,326.01,2,326.0,4,325.63,4,,,328.44,2,328.45,2,328.68,4,328.85,3,329.2,5,330.73,4,,,,,,,,
2025-04-10 09:31:20,327.82,327.7,1,327.2,3,328.44,2,328.44,327.2,327.2,3,326.96,7,326.53,6,326.51,1,326.31,1,326.15,3,326.08,5,326.01,2,326.0,4,325.63,4,328.44,2,328.45,2,328.68,4,328.85,3,329.2,5,330.73,4,,,,,,,,
2025-04-10 09:31:21,327.905,327.7,1,327.51,1,328.3,2,328.3,327.51,327.51,1,327.2,3,326.96,7,326.53,6,326.51,1,326.31,1,326.15,3,326.08,5,326.01,2,326.0,4,328.3,2,328.44,2,328.45,2,328.68,4,328.85,3,329.2,5,330.73,4,,,,,,
2025-04-10 09:31:22,327.91,327.86,1,327.52,2,328.3,2,328.3,327.52,327.52,2,327.51,1,327.2,3,326.96,7,326.53,6,326.51,1,326.31,1,326.15,3,326.08,5,326.01,2,328.3,2,328.44,2,328.45,2,328.68,4,328.85,3,329.2,5,330.73,4,,,,,,
2025-04-10 09:31:23,327.885,327.91,1,327.52,2,328.25,3,328.25,327.52,327.52,2,327.51,1,327.2,3,326.96,7,326.53,6,326.51,1,326.31,1,326.15,3,326.08,5,326.01,2,328.25,3,328.3,2,328.44,2,328.45,2,328.68,4,328.85,3,329.2,5,330.73,4,,,,
2025-04-10 09:31:24,327.29,327.51,1,327.07,4,327.51,3,327.51,327.07,327.07,4,326.88,1,326.53,6,326.51,1,326.31,1,326.15,3,326.08,5,326.01,2,326.0,4,325.63,4,327.51,3,327.52,4,327.53,3,328.25,3,328.3,2,328.44,2,328.45,2,328.68,4,328.85,3,329.2,5
2025-04-10 09:31:25,327.29,327.51,1,327.07,3,327.51,6,327.51,327.07,327.07,3,326.88,1,326.53,6,326.51,1,326.31,1,326.15,3,326.08,5,326.01,2,326.0,4,325.63,4,327.51,6,327.52,4,327.53,3,328.25,3,328.3,2,328.44,2,328.45,2,328.68,4,328.85,3,329.2,5
2025-04-10 09:31:26,327.275,327.29,1,327.07,3,327.48,2,327.48,327.07,327.07,3,326.88,1,326.53,6,326.51,1,326.31,1,326.15,3,326.08,5,326.01,2,326.0,4,325.63,4,327.48,2,327.5,3,327.51,6,327.52,4,327.53,3,328.25,3,328.3,2,328.44,2,328.45,2,328.68,4
2025-04-10 09:31:27,327.275,327.29,1,327.07,3,327.48,2,327.48,327.07,327.07,3,326.88,1,326.53,6,326.51,1,326.31,1,326.15,3,326.08,5,326.01,2,326.0,4,325.63,4,327.48,2,327.5,3,327.51,6,327.52,4,327.53,3,328.25,3,328.3,2,328.44,2,328.45,2,328.68,4
2025-04-10 09:31:28,327.275,327.27,1,327.07,3,327.48,2,327.48,327.07,327.07,3,326.88,1,326.53,6,326.51,1,326.31,1,326.15,3,326.08,5,326.01,2,326.0,4,325.63,4,327.48,2,327.5,3,327.51,6,327.52,4,327.53,3,328.25,3,328.3,2,328.44,2,328.45,2,328.68,4
2025-04-10 09:31:29,327.275,327.27,2,327.07,3,327.48,2,327.48,327.07,327.07,3,326.88,1,326.53,6,326.51,1,326.31,1,326.15,3,326.08,5,326.01,2,326.0,4,325.63,4,327.48,2,327.5,3,327.51,6,327.52,4,327.53,3,328.25,3,328.3,2,328.44,2,328.45,2,328.68,4
2025-04-10 09:31:30,327.275,327.27,2,327.07,3,327.48,2,327.48,327.07,327.07,3,326.88,1,326.53,6,326.51,1,326.31,1,326.15,3,326.08,5,326.01,2,326.0,4,325.63,4,327.48,2,327.5,3,327.51,6,327.52,4,327.53,3,328.25,3,328.3,2,328.44,2,328.45,2,328.68,4
2025-04-10 09:31:31,327.275,327.27,2,327.07,3,327.48,2,327.48,327.07,327.07,3,326.88,1,326.53,6,326.51,1,326.31,1,326.15,3,326.08,5,326.01,2,326.0,4,325.63,4,327.48,2,327.5,3,327.51,6,327.52,4,327.53,3,328.25,3,328.3,2,328.44,2,328.45,2,328.68,4
2025-04-10 09:31:32,327.275,327.27,2,327.07,3,327.48,2,327.48,327.07,327.07,3,326.88,1,326.53,6,326.51,1,326.31,1,326.15,3,326.08,5,326.01,2,326.0,4,325.63,4,327.48,2,327.5,3,327.51,6,327.52,4,327.53,3,328.25,3,328.3,2,328.44,2,328.45,2,328.68,4
2025-04-10 09:31:33,327.155,327.25,1,326.96,2,327.35,1,327.35,326.96,326.96,2,326.67,2,326.53,6,326.51,1,326.31,1,326.15,3,326.08,5,326.01,2,326.0,4,325.63,4,327.35,1,327.48,3,327.5,3,327.51,6,327.52,4,327.53,3,328.25,3,328.3,2,328.44,2,328.45,2
2025-04-10 09:31:34,327.415,327.35,1,326.98,5,327.85,2,327.85,326.98,326.98,5,326.97,2,326.96,2,326.67,2,326.53,6,326.51,1,326.31,1,326.15,3,326.08,5,326.01,2,327.85,2,328.25,3,328.3,2,328.44,2,328.45,2,328.68,4,328.85,3,329.2,5,330.73,4,,
2025-04-10 09:31:35,327.535,327.35,1,327.22,2,327.85,5,327.85,327.22,327.22,2,326.99,2,326.98,5,326.97,2,326.96,2,326.67,2,326.53,6,326.51,1,326.31,1,326.15,3,327.85,5,328.25,3,328.3,2,328.44,2,328.45,2,328.68,4,328.85,3,329.2,5,330.73,4,,
2025-04-10 09:31:36,327.535,327.35,1,327.22,3,327.85,5,327.85,327.22,327.22,3,326.99,2,326.98,5,326.97,2,326.96,2,326.67,2,326.53,6,326.51,1,326.31,1,326.15,3,327.85,5,328.25,3,328.3,2,328.44,2,328.45,2,328.68,4,328.85,3,329.2,5,330.73,4,,
2025-04-10 09:31:37,327.67,327.35,1,327.45,3,327.89,1,327.89,327.45,327.45,3,327.44,2,327.43,1,327.22,6,326.99,2,326.98,5,326.97,2,326.96,2,326.67,2,326.53,6,327.89,1,328.25,3,328.3,2,328.44,2,328.45,2,328.68,4,328.85,3,329.2,5,330.73,4,,
2025-04-10 09:31:38,327.955,327.89,1,327.62,5,328.29,1,328.29,327.62,327.62,5,327.46,3,327.45,3,327.44,2,327.43,1,327.22,6,326.99,2,326.98,5,326.97,2,326.96,2,328.29,1,328.3,2,328.44,2,328.45,2,328.68,4,328.85,3,329.2,5,330.73,4,,,,
2025-04-10 09:31:39,327.955,327.89,1,327.62,5,328.29,1,328.29,327.62,327.62,5,327.46,3,327.45,3,327.44,2,327.43,1,327.22,6,326.99,2,326.98,5,326.97,2,326.96,2,328.29,1,328.3,2,328.44,2,328.45,2,328.68,4,328.85,3,329.2,5,330.73,4,,,,
2025-04-10 09:31:40,327.955,327.96,1,327.62,5,328.29,1,328.29,327.62,327.62,5,327.46,3,327.45,3,327.44,2,327.43,1,327.22,6,326.99,2,326.98,5,326.97,2,326.96,2,328.29,1,328.3,2,328.44,2,328.45,2,328.68,4,328.85,3,329.2,5,330.73,4,,,,
2025-04-10 09:31:41,327.955,327.96,1,327.62,5,328.29,1,328.29,327.62,327.62,5,327.46,3,327.45,3,327.44,2,327.43,1,327.22,6,326.99,2,326.98,5,326.97,2,326.96,2,328.29,1,328.3,2,328.44,2,328.45,2,328.68,4,328.85,3,329.2,5,330.73,4,,,,
2025-04-10 09:31:42,327.955,327.96,1,327.62,5,328.29,1,328.29,327.62,327.62,5,327.46,3,327.45,3,327.44,2,327.43,1,327.22,6,326.99,2,326.98,5,326.97,2,326.96,2,328.29,1,328.3,2,328.44,2,328.45,2,328.68,4,328.85,3,329.2,5,330.73,4,,,,
2025-04-10 09:31:43,328.08,328.08,1,327.73,2,328.43,2,328.43,327.73,327.73,2,327.67,2,327.66,3,327.63,1,327.62,5,327.46,3,327.45,3,327.44,2,327.43,1,327.22,6,328.43,2,328.44,2,328.45,2,328.68,4,328.85,3,329.2,5,330.73,4,,,,,,
2025-04-10 09:31:44,328.19,327.85,1,327.73,3,328.65,2,328.65,327.73,327.73,3,327.67,2,327.66,3,327.63,1,327.62,5,327.46,3,327.45,3,327.44,2,327.43,1,327.22,6,328.65,2,328.86,2,329.2,5,330.73,4,,,,,,,,,,,,
2025-04-10 09:31:45,328.19,327.85,1,327.73,3,328.65,2,328.65,327.73,327.73,3,327.67,2,327.66,3,327.63,1,327.62,5,327.46,3,327.45,3,327.44,2,327.43,1,327.22,6,328.65,2,328.86,2,329.2,5,330.73,4,,,,,,,,,,,,
2025-04-10 09:31:46,328.005,328.01,1,327.73,3,328.28,1,328.28,327.73,327.73,3,327.67,2,327.66,3,327.63,1,327.62,5,327.46,3,327.45,3,327.44,2,327.43,1,327.22,6,328.28,1,328.65,2,328.86,2,329.2,5,330.73,4,,,,,,,,,,
2025-04-10 09:31:47,327.765,327.73,1,327.27,2,328.26,3,328.26,327.27,327.27,2,327.22,6,326.99,2,326.98,5,326.97,2,326.96,2,326.67,2,326.53,6,326.51,1,326.31,1,328.26,3,328.65,2,328.86,2,329.2,5,330.73,4,,,,,,,,,,
2025-04-10 09:31:48,327.75,327.76,3,327.27,2,328.23,1,328.23,327.27,327.27,2,327.22,6,326.99,2,326.98,5,326.97,2,326.96,2,326.67,2,326.53,6,326.51,1,326.31,1,328.23,1,328.26,4,328.65,2,328.86,2,329.2,5,330.73,4,,,,,,,,
2025-04-10 09:31:49,327.74,327.76,3,327.27,2,328.21,1,328.21,327.27,327.27,2,327.22,6,326.99,2,326.98,5,326.97,2,326.96,2,326.67,2,326.53,6,326.51,1,326.31,1,328.21,1,328.26,4,328.65,2,328.86,2,329.2,5,330.73,4,,,,,,,,
2025-04-10 09:31:50,327.73,327.76,3,327.27,3,328.19,1,328.19,327.27,327.27,3,327.22,6,326.99,2,326.98,5,326.97,2,326.96,2,326.67,2,326.53,6,326.51,1,326.31,1,328.19,1,328.26,4,328.65,2,328.86,2,329.2,5,330.73,4,,,,,,,,
2025-04-10 09:31:51,327.715,327.76,3,327.27,3,328.16,1,328.16,327.27,327.27,3,327.22,6,326.99,2,326.98,5,326.97,2,326.96,2,326.67,2,326.53,6,326.51,1,326.31,1,328.16,1,328.26,4,328.65,2,328.86,2,329.2,5,330.73,4,,,,,,,,
2025-04-10 09:31:52,327.705,327.76,3,327.27,3,328.14,1,328.14,327.27,327.27,3,327.22,6,326.99,2,326.98,5,326.97,2,326.96,2,326.67,2,326.53,6,326.51,1,326.31,1,328.14,1,328.26,4,328.65,2,328.86,2,329.2,5,330.73,4,,,,,,,,
2025-04-10 09:31:53,327.66,327.76,3,327.27,3,328.05,1,328.05,327.27,327.27,3,327.22,6,326.99,2,326.98,5,326.97,2,326.96,2,326.67,2,326.53,6,326.51,1,326.31,1,328.05,1,328.26,4,328.65,2,328.86,2,329.2,5,330.73,4,,,,,,,,
2025-04-10 09:31:54,327.65,327.76,3,327.27,5,328.03,1,328.03,327.27,327.27,5,327.22,6,326.99,2,326.98,5,326.97,2,326.96,2,326.67,2,326.53,6,326.51,1,326.31,1,328.03,1,328.05,4,328.26,4,328.65,2,328.86,2,329.2,5,330.73,4,,,,,,
2025-04-10 09:31:55,327.64,327.76,3,327.27,5,328.01,1,328.01,327.27,327.27,5,327.22,6,326.99,2,326.98,5,326.97,2,326.96,2,326.67,2,326.53,6,326.51,1,326.31,1,328.01,1,328.05,4,328.26,4,328.65,2,328.86,2,329.2,5,330.73,4,,,,,,
2025-04-10 09:31:56,327.64,327.76,3,327.27,5,328.01,1,328.01,327.27,327.27,5,327.22,6,326.99,2,326.98,5,326.97,2,326.96,2,326.67,2,326.53,6,326.51,1,326.31,1,328.01,1,328.05,4,328.26,4,328.65,2,328.86,2,329.2,5,330.73,4,,,,,,
2025-04-10 09:31:57,327.55,327.82,2,327.27,6,327.83,1,327.83,327.27,327.27,6,327.22,6,326.99,2,326.98,5,326.97,2,326.96,2,326.67,2,326.53,6,326.51,1,326.31,1,327.83,1,328.05,5,328.26,4,328.65,2,328.86,2,329.2,5,330.73,4,,,,,,
2025-04-10 09:31:58,327.5,327.53,4,327.23,2,327.77,1,327.77,327.23,327.23,2,327.22,6,326.99,2,326.98,5,326.97,2,326.96,2,326.67,2,326.53,6,326.51,1,326.31,1,327.77,1,327.78,1,327.79,1,328.05,4,328.26,4,328.65,2,328.86,2,329.2,5,330.73,4,,
2025-04-10 09:31:59,327.47,327.68,1,327.23,2,327.71,1,327.71,327.23,327.23,2,327.22,6,326.99,2,326.98,5,326.97,2,326.96,2,326.67,2,326.53,6,326.51,1,326.31,1,327.71,1,327.72,1,327.73,1,327.74,1,327.75,1,327.77,1,327.78,1,327.79,1,328.05,4,328.26,4
2025-04-10 09:32:00,327.645,327.68,1,327.24,2,328.05,4,328.05,327.24,327.24,2,327.23,2,327.22,6,326.99,2,326.98,5,326.97,2,326.96,2,326.67,2,326.53,6,326.51,1,328.05,4,328.26,4,328.65,2,328.86,2,329.2,5,330.73,4,,,,,,,,
2025-04-10 09:32:01,327.645,327.64,1,327.24,3,328.05,4,328.05,327.24,327.24,3,327.23,2,327.22,6,326.99,2,326.98,5,326.97,2,326.96,2,326.67,2,326.53,6,326.51,1,328.05,4,328.26,4,328.65,2,328.86,2,329.2,5,330.73,4,,,,,,,,
2025-04-10 09:32:02,327.655,327.64,1,327.26,8,328.05,4,328.05,327.26,327.26,8,327.25,3,327.24,3,327.23,2,327.22,6,326.99,2,326.98,5,326.97,2,326.96,2,326.67,2,328.05,4,328.26,4,328.65,2,328.86,2,329.2,5,330.73,4,,,,,,,,
2025-04-10 09:32:03,327.565,327.71,12,327.26,7,327.87,1,327.87,327.26,327.26,7,327.25,3,327.24,3,327.23,2,327.22,6,326.99,2,326.98,5,326.97,2,326.96,2,326.67,2,327.87,1,328.05,4,328.26,4,328.65,2,328.86,2,329.2,5,330.73,4,,,,,,
2025-04-10 09:32:04,327.54,327.54,1,327.26,7,327.82,1,327.82,327.26,327.26,7,327.25,3,327.24,3,327.23,2,327.22,6,326.99,2,326.98,5,326.97,2,326.96,2,326.67,2,327.82,1,327.84,1,327.85,1,328.05,4,328.26,4,328.65,2,328.86,2,329.2,5,330.73,4,,
2025-04-10 09:32:05,327.515,327.54,1,327.26,7,327.77,1,327.77,327.26,327.26,7,327.25,3,327.24,3,327.23,2,327.22,6,326.99,2,326.98,5,326.97,2,326.96,2,326.67,2,327.77,1,327.79,1,327.8,1,328.05,4,328.26,4,328.65,2,328.86,2,329.2,5,330.73,4,,
2025-04-10 09:32:06,327.495,327.5,3,327.26,6,327.73,1,327.73,327.26,327.26,6,327.25,3,327.24,3,327.23,2,327.22,6,326.99,2,326.98,5,326.97,2,326.96,2,326.67,2,327.73,1,328.05,5,328.26,4,328.65,2,328.86,2,329.2,5,330.73,4,,,,,,
2025-04-10 09:32:07,327.66,327.66,1,327.27,2,328.05,4,328.05,327.27,327.27,2,327.26,6,327.25,3,327.24,3,327.23,2,327.22,6,326.99,2,326.98,5,326.97,2,326.96,2,328.05,4,328.26,4,328.65,2,328.86,2,329.2,5,330.73,4,,,,,,,,
2025-04-10 09:32:08,327.66,327.66,2,327.27,2,328.05,4,328.05,327.27,327.27,2,327.26,6,327.25,3,327.24,3,327.23,2,327.22,6,326.99,2,326.98,5,326.97,2,326.96,2,328.05,4,328.26,4,328.65,2,328.86,2,329.2,5,330.73,4,,,,,,,,
2025-04-10 09:32:09,327.66,327.66,2,327.27,2,328.05,4,328.05,327.27,327.27,2,327.26,6,327.25,3,327.24,3,327.23,2,327.22,6,326.99,2,326.98,5,326.97,2,326.96,2,328.05,4,328.26,4,328.65,2,328.86,2,329.2,5,330.73,4,,,,,,,,
2025-04-10 09:32:10,327.56,327.66,2,327.27,4,327.85,2,327.85,327.27,327.27,4,327.26,6,327.25,3,327.24,3,327.23,2,327.22,6,326.99,2,326.98,5,326.97,2,326.96,2,327.85,2,327.87,5,328.05,4,328.26,4,328.65,2,328.86,2,329.2,5,330.73,4,,,,
2025-04-10 09:32:11,327.535,327.66,2,327.27,4,327.8,2,327.8,327.27,327.27,4,327.26,6,327.25,3,327.24,3,327.23,2,327.22,6,326.99,2,326.98,5,326.97,2,326.96,2,327.8,2,327.87,5,328.05,4,328.26,4,328.65,2,328.86,2,329.2,5,330.73,4,,,,
2025-04-10 09:32:12,327.51,327.54,1,327.27,2,327.75,1,327.75,327.27,327.27,2,327.26,6,327.25,3,327.24,3,327.23,2,327.22,6,326.99,2,326.98,5,326.97,2,326.96,2,327.75,1,327.87,5,328.05,4,328.26,4,328.65,2,328.86,2,329.2,5,330.73,4,,,,
2025-04-10 09:32:13,327.475,327.57,1,327.27,2,327.68,1,327.68,327.27,327.27,2,327.26,6,327.25,3,327.24,3,327.23,2,327.22,6,326.99,2,326.98,5,326.97,2,326.96,2,327.68,1,327.7,1,327.72,1,327.73,1,327.87,5,328.05,4,328.26,4,328.65,2,328.86,2,329.2,5
2025-04-10 09:32:14,327.45,327.57,1,327.27,2,327.63,1,327.63,327.27,327.27,2,327.26,6,327.25,3,327.24,3,327.23,2,327.22,6,326.99,2,326.98,5,326.97,2,326.96,2,327.63,1,327.65,1,327.68,5,327.7,1,327.72,1,327.73,1,327.87,5,328.05,4,328.26,4,328.65,2
2025-04-10 09:32:15,327.405,327.4,1,327.23,2,327.58,2,327.58,327.23,327.23,2,327.22,6,326.99,2,326.98,5,326.97,2,326.96,2,326.67,2,326.53,6,326.51,1,326.31,1,327.58,2,327.68,5,327.7,1,327.72,1,327.73,1,327.87,5,328.05,4,328.26,4,328.65,2,328.86,2
2025-04-10 09:32:16,327.405,327.4,2,327.23,2,327.58,2,327.58,327.23,327.23,2,327.22,6,326.99,2,326.98,5,326.97,2,326.96,2,326.67,2,326.53,6,326.51,1,326.31,1,327.58,2,327.68,5,327.7,1,327.72,1,327.73,1,327.87,5,328.05,4,328.26,4,328.65,2,328.86,2
2025-04-10 09:32:17,327.405,327.41,1,327.23,2,327.58,2,327.58,327.23,327.23,2,327.22,6,326.99,2,326.98,5,326.97,2,326.96,2,326.67,2,326.53,6,326.51,1,326.31,1,327.58,2,327.68,5,327.7,1,327.72,1,327.73,1,327.87,5,328.05,4,328.26,4,328.65,2,328.86,2
2025-04-10 09:32:18,327.385,327.43,1,327.23,2,327.54,1,327.54,327.23,327.23,2,327.22,6,326.99,2,326.98,5,326.97,2,326.96,2,326.67,2,326.53,6,326.51,1,326.31,1,327.54,1,327.56,1,327.57,1,327.58,1,327.68,5,327.7,1,327.72,1,327.73,1,327.87,5,328.05,4
2025-04-10 09:32:19,327.285,327.34,1,327.05,1,327.52,2,327.52,327.05,327.05,1,326.83,2,326.67,2,326.53,6,326.51,1,326.31,1,326.15,3,326.08,5,326.01,2,326.0,4,327.52,2,327.68,6,327.7,1,327.72,1,327.73,1,327.87,5,328.05,4,328.26,4,328.65,2,328.86,2
2025-04-10 09:32:20,327.855,327.57,1,327.45,2,328.26,4,328.26,327.45,327.45,2,327.39,1,327.06,2,327.05,2,326.83,2,326.67,2,326.53,6,326.51,1,326.31,1,326.15,3,328.26,4,328.65,2,328.86,2,329.2,5,330.73,4,,,,,,,,,,
2025-04-10 09:32:21,327.855,327.78,2,327.45,2,328.26,4,328.26,327.45,327.45,2,327.39,1,327.06,2,327.05,2,326.83,2,326.67,2,326.53,6,326.51,1,326.31,1,326.15,3,328.26,4,328.65,2,328.86,2,329.2,5,330.73,4,,,,,,,,,,
2025-04-10 09:32:22,327.855,327.86,2,327.45,2,328.26,4,328.26,327.45,327.45,2,327.39,1,327.06,2,327.05,2,326.83,2,326.67,2,326.53,6,326.51,1,326.31,1,326.15,3,328.26,4,328.65,2,328.86,2,329.2,5,330.73,4,,,,,,,,,,
2025-04-10 09:32:23,327.22,327.5,1,326.8,1,327.64,1,327.64,326.8,326.8,1,326.67,2,326.53,6,326.51,1,326.31,1,326.15,3,326.08,5,326.01,2,326.0,4,325.63,4,327.64,1,328.2,1,328.26,4,328.65,2,328.86,2,329.2,5,330.73,4,,,,,,
2025-04-10 09:32:24,327.17,327.34,1,326.74,2,327.6,1,327.6,326.74,326.74,2,326.67,2,326.53,6,326.51,1,326.31,1,326.15,3,326.08,5,326.01,2,326.0,4,325.63,4,327.6,1,328.06,2,328.2,1,328.26,4,328.65,2,328.86,2,329.2,5,330.73,4,,,,
2025-04-10 09:32:25,327.18,327.43,1,326.8,2,327.56,1,327.56,326.8,326.8,2,326.74,2,326.67,2,326.53,6,326.51,1,326.31,1,326.15,3,326.08,5,326.01,2,326.0,4,327.56,1,327.57,1,328.06,2,328.2,1,328.26,4,328.65,2,328.86,2,329.2,5,330.73,4,,
2025-04-10 09:32:26,327.155,327.43,1,326.8,2,327.51,1,327.51,326.8,326.8,2,326.74,2,326.67,2,326.53,6,326.51,1,326.31,1,326.15,3,326.08,5,326.01,2,326.0,4,327.51,1,327.52,1,328.06,2,328.2,1,328.26,4,328.65,2,328.86,2,329.2,5,330.73,4,,
2025-04-10 09:32:27,327.125,327.43,1,326.8,2,327.45,1,327.45,326.8,326.8,2,326.74,2,326.67,2,326.53,6,326.51,1,326.31,1,326.15,3,326.08,5,326.01,2,326.0,4,327.45,1,327.46,1,327.47,1,327.87,1,328.06,2,328.2,1,328.26,4,328.65,2,328.86,2,329.2,5
2025-04-10 09:32:28,327.095,327.43,1,326.8,2,327.39,1,327.39,326.8,326.8,2,326.74,2,326.67,2,326.53,6,326.51,1,326.31,1,326.15,3,326.08,5,326.01,2,326.0,4,327.39,1,327.87,1,328.06,2,328.2,1,328.26,4,328.65,2,328.86,2,329.2,5,330.73,4,,
2025-04-10 09:32:29,327.51,327.33,1,326.92,3,328.1,4,328.1,326.92,326.92,3,326.8,3,326.74,2,326.67,2,326.53,6,326.51,1,326.31,1,326.15,3,326.08,5,326.01,2,328.1,4,328.26,6,328.65,2,328.86,2,329.2,5,330.73,4,,,,,,,,
2025-04-10 09:32:30,327.51,327.58,1,326.92,3,328.1,4,328.1,326.92,326.92,3,326.8,3,326.74,2,326.67,2,326.53,6,326.51,1,326.31,1,326.15,3,326.08,5,326.01,2,328.1,4,328.26,6,328.65,2,328.86,2,329.2,5,330.73,4,,,,,,,,
2025-04-10 09:32:31,327.51,327.51,1,326.92,3,328.1,4,328.1,326.92,326.92,3,326.8,3,326.74,2,326.67,2,326.53,6,326.51,1,326.31,1,326.15,3,326.08,5,326.01,2,328.1,4,328.26,6,328.65,2,328.86,2,329.2,5,330.73,4,,,,,,,,
2025-04-10 09:32:32,327.525,327.51,1,326.95,2,328.1,4,328.1,326.95,326.95,2,326.92,3,326.8,3,326.74,2,326.67,2,326.53,6,326.51,1,326.31,1,326.15,3,326.08,5,328.1,4,328.26,6,328.65,2,328.86,2,329.2,5,330.73,4,,,,,,,,
2025-04-10 09:32:33,327.205,327.51,1,326.95,2,327.46,1,327.46,326.95,326.95,2,326.92,3,326.8,3,326.74,2,326.67,2,326.53,6,326.51,1,326.31,1,326.15,3,326.08,5,327.46,1,328.1,4,328.26,6,328.65,2,328.86,2,329.2,5,330.73,4,,,,,,
2025-04-10 09:32:34,327.63,327.52,1,327.16,3,328.1,4,328.1,327.16,327.16,3,327.07,1,326.96,1,326.95,2,326.92,3,326.8,3,326.74,2,326.67,2,326.53,6,326.51,1,328.1,4,328.26,6,328.65,2,328.86,2,329.2,5,330.73,4,,,,,,,,
2025-04-10 09:32:35,327.63,327.52,1,327.16,4,328.1,4,328.1,327.16,327.16,4,327.07,1,326.96,1,326.95,2,326.92,3,326.8,3,326.74,2,326.67,2,326.53,6,326.51,1,328.1,4,328.26,6,328.65,2,328.86,2,329.2,5,330.73,4,,,,,,,,
2025-04-10 09:32:36,327.63,327.43,1,327.16,4,328.1,4,328.1,327.16,327.16,4,327.07,1,326.96,1,326.95,2,326.92,3,326.8,3,326.74,2,326.67,2,326.53,6,326.51,1,328.1,4,328.26,6,328.65,2,328.86,2,329.2,5,330.73,4,,,,,,,,
2025-04-10 09:32:37,327.63,327.49,1,327.16,4,328.1,4,328.1,327.16,327.16,4,327.07,1,326.96,1,326.95,2,326.92,3,326.8,3,326.74,2,326.67,2,326.53,6,326.51,1,328.1,4,328.26,6,328.65,2,328.86,2,329.2,5,330.73,4,,,,,,,,
2025-04-10 09:32:38,327.63,327.41,1,327.16,4,328.1,4,328.1,327.16,327.16,4,327.07,1,326.96,1,326.95,2,326.92,3,326.8,3,326.74,2,326.67,2,326.53,6,326.51,1,328.1,4,328.26,6,328.65,2,328.86,2,329.2,5,330.73,4,,,,,,,,
2025-04-10 09:32:39,327.63,327.63,1,327.16,4,328.1,4,328.1,327.16,327.16,4,327.07,1,326.96,1,326.95,2,326.92,3,326.8,3,326.74,2,326.67,2,326.53,6,326.51,1,328.1,4,328.26,6,328.65,2,328.86,2,329.2,5,330.73,4,,,,,,,,
2025-04-10 09:32:40,327.63,327.63,1,327.16,4,328.1,6,328.1,327.16,327.16,4,327.07,1,326.96,1,326.95,2,326.92,3,326.8,3,326.74,2,326.67,2,326.53,6,326.51,1,328.1,6,328.26,6,328.65,2,328.86,2,329.2,5,330.73,4,,,,,,,,
2025-04-10 09:32:41,327.795,327.8,1,327.49,1,328.1,6,328.1,327.49,327.49,1,327.16,4,327.07,1,326.96,1,326.95,2,326.92,3,326.8,3,326.74,2,326.67,2,326.53,6,328.1,6,328.26,6,328.65,2,328.86,2,329.2,5,330.73,4,,,,,,,,
2025-04-10 09:32:42,327.58,327.73,1,327.17,3,327.99,1,327.99,327.17,327.17,3,327.16,4,327.07,1,326.96,1,326.95,2,326.92,3,326.8,3,326.74,2,326.67,2,326.53,6,327.99,1,328.1,6,328.26,6,328.65,2,328.86,2,329.2,5,330.73,4,,,,,,
2025-04-10 09:32:43,327.62,327.73,1,327.17,3,328.07,1,328.07,327.17,327.17,3,327.16,4,327.07,1,326.96,1,326.95,2,326.92,3,326.8,3,326.74,2,326.67,2,326.53,6,328.07,1,328.1,6,328.26,6,328.65,2,328.86,2,329.2,5,330.73,4,,,,,,
2025-04-10 09:32:44,327.62,327.73,1,327.17,3,328.07,4,328.07,327.17,327.17,3,327.16,4,327.07,1,326.96,1,326.95,2,326.92,3,326.8,3,326.74,2,326.67,2,326.53,6,328.07,4,328.1,6,328.26,6,328.65,2,328.86,2,329.2,5,330.73,4,,,,,,
2025-04-10 09:32:45,327.62,327.73,1,327.17,3,328.07,4,328.07,327.17,327.17,3,327.16,4,327.07,1,326.96,1,326.95,2,326.92,3,326.8,3,326.74,2,326.67,2,326.53,6,328.07,4,328.1,6,328.26,6,328.65,2,328.86,2,329.2,5,330.73,4,,,,,,
2025-04-10 09:32:46,327.62,327.73,1,327.17,3,328.07,4,328.07,327.17,327.17,3,327.16,4,327.07,1,326.96,1,326.95,2,326.92,3,326.8,3,326.74,2,326.67,2,326.53,6,328.07,4,328.1,6,328.26,6,328.65,2,328.86,2,329.2,5,330.73,4,,,,,,
2025-04-10 09:32:47,327.62,327.62,1,327.17,3,328.07,4,328.07,327.17,327.17,3,327.16,4,327.07,1,326.96,1,326.95,2,326.92,3,326.8,3,326.74,2,326.67,2,326.53,6,328.07,4,328.1,6,328.26,6,328.65,2,328.86,2,329.2,5,330.73,4,,,,,,
2025-04-10 09:32:48,327.62,327.62,1,327.17,3,328.07,4,328.07,327.17,327.17,3,327.16,4,327.07,1,326.96,1,326.95,2,326.92,3,326.8,3,326.74,2,326.67,2,326.53,6,328.07,4,328.1,6,328.26,6,328.65,2,328.86,2,329.2,5,330.73,4,,,,,,
2025-04-10 09:32:49,327.58,327.36,1,327.17,3,327.99,3,327.99,327.17,327.17,3,327.16,4,327.07,1,326.96,1,326.95,2,326.92,3,326.8,3,326.74,2,326.67,2,326.53,6,327.99,3,328.07,5,328.1,6,328.26,6,328.65,2,328.86,2,329.2,5,330.73,4,,,,
2025-04-10 09:32:50,327.575,327.34,1,327.16,4,327.99,7,327.99,327.16,327.16,4,327.07,1,326.96,1,326.95,2,326.92,3,326.8,3,326.74,2,326.67,2,326.53,6,326.51,1,327.99,7,328.07,5,328.1,6,328.26,6,328.65,2,328.86,2,329.2,5,330.73,4,,,,
2025-04-10 09:32:51,327.41,327.35,1,327.16,4,327.66,1,327.66,327.16,327.16,4,327.07,1,326.96,1,326.95,2,326.92,3,326.8,3,326.74,2,326.67,2,326.53,6,326.51,1,327.66,1,327.99,8,328.07,5,328.1,6,328.26,6,328.65,2,328.86,2,329.2,5,330.73,4,,
2025-04-10 09:32:52,326.995,327.0,4,326.62,4,327.37,2,327.37,326.62,326.62,4,326.53,6,326.51,1,326.31,1,326.15,3,326.08,5,326.01,2,326.0,4,325.63,4,,,327.37,2,327.39,2,327.66,4,327.99,8,328.07,5,328.1,6,328.26,6,328.65,2,328.86,2,329.2,5
2025-04-10 09:32:53,326.915,327.0,4,326.62,4,327.21,2,327.21,326.62,326.62,4,326.53,6,326.51,1,326.31,1,326.15,3,326.08,5,326.01,2,326.0,4,325.63,4,,,327.21,2,327.22,2,327.23,2,327.52,2,327.66,4,327.99,8,328.07,5,328.1,6,328.26,6,328.65,2
2025-04-10 09:32:54,326.77,326.77,4,326.53,6,327.01,1,327.01,326.53,326.53,6,326.51,1,326.31,1,326.15,3,326.08,5,326.01,2,326.0,4,325.63,4,,,,,327.01,1,327.37,1,327.52,2,327.66,4,327.99,8,328.07,5,328.1,6,328.26,6,328.65,2,328.86,2
2025-04-10 09:32:55,326.97,326.97,1,326.53,6,327.41,5,327.41,326.53,326.53,6,326.51,1,326.31,1,326.15,3,326.08,5,326.01,2,326.0,4,325.63,4,,,,,327.41,5,327.52,2,327.66,4,327.99,8,328.07,5,328.1,6,328.26,6,328.65,2,328.86,2,329.2,5
2025-04-10 09:32:56,326.97,326.97,1,326.53,6,327.41,5,327.41,326.53,326.53,6,326.51,1,326.31,1,326.15,3,326.08,5,326.01,2,326.0,4,325.63,4,,,,,327.41,5,327.52,2,327.66,4,327.99,8,328.07,5,328.1,6,328.26,6,328.65,2,328.86,2,329.2,5
2025-04-10 09:32:57,326.795,327.01,1,326.54,1,327.05,4,327.05,326.54,326.54,1,326.53,6,326.51,1,326.31,1,326.15,3,326.08,5,326.01,2,326.0,4,325.63,4,,,327.05,4,327.41,5,327.52,2,327.66,4,327.99,8,328.07,5,328.1,6,328.26,6,328.65,2,328.86,2
2025-04-10 09:32:58,326.795,327.01,1,326.54,1,327.05,4,327.05,326.54,326.54,1,326.53,6,326.51,1,326.31,1,326.15,3,326.08,5,326.01,2,326.0,4,325.63,4,,,327.05,4,327.41,5,327.52,2,327.66,4,327.99,8,328.07,5,328.1,6,328.26,6,328.65,2,328.86,2
2025-04-10 09:32:59,326.76,326.8,1,326.54,3,326.98,4,326.98,326.54,326.54,3,326.53,6,326.51,1,326.31,1,326.15,3,326.08,5,326.01,2,326.0,4,325.63,4,,,326.98,4,327.22,1,327.41,5,327.52,2,327.66,4,327.99,8,328.07,5,328.1,6,328.26,6,328.65,2
2025-04-10 09:33:00,326.97,326.94,1,326.53,6,327.41,6,327.41,326.53,326.53,6,326.51,1,326.31,1,326.15,3,326.08,5,326.01,2,326.0,4,325.63,4,,,,,327.41,6,327.52,2,327.66,4,327.99,8,328.07,5,328.1,6,328.26,6,328.65,2,328.86,2,329.2,5
2025-04-10 09:33:01,326.97,326.94,1,326.53,6,327.41,6,327.41,326.53,326.53,6,326.51,1,326.31,1,326.15,3,326.08,5,326.01,2,326.0,4,325.63,4,,,,,327.41,6,327.52,2,327.66,4,327.99,8,328.07,5,328.1,6,328.26,6,328.65,2,328.86,2,329.2,5
2025-04-10 09:33:02,326.97,326.94,1,326.53,6,327.41,6,327.41,326.53,326.53,6,326.51,1,326.31,1,326.15,3,326.08,5,326.01,2,326.0,4,325.63,4,,,,,327.41,6,327.52,2,327.66,4,327.99,8,328.07,5,328.1,6,328.26,6,328.65,2,328.86,2,329.2,5
2025-04-10 09:33:03,326.825,326.97,1,326.53,6,327.12,2,327.12,326.53,326.53,6,326.51,1,326.31,1,326.15,3,326.08,5,326.01,2,326.0,4,325.63,4,,,,,327.12,2,327.2,1,327.41,9,327.52,2,327.66,4,327.99,8,328.07,5,328.1,6,328.26,6,328.65,2
2025-04-10 09:33:04,326.71,326.83,1,326.53,6,326.89,1,326.89,326.53,326.53,6,326.51,1,326.31,1,326.15,3,326.08,5,326.01,2,326.0,4,325.63,4,,,,,326.89,1,327.12,2,327.2,1,327.41,9,327.52,2,327.66,4,327.99,8,328.07,5,328.1,6,328.26,6
2025-04-10 09:33:05,326.67,326.79,1,326.53,6,326.81,1,326.81,326.53,326.53,6,326.51,1,326.31,1,326.15,3,326.08,5,326.01,2,326.0,4,325.63,4,,,,,326.81,1,327.12,2,327.2,1,327.41,9,327.52,2,327.66,4,327.99,8,328.07,5,328.1,6,328.26,6
2025-04-10 09:33:06,326.54,326.56,1,326.33,1,326.75,1,326.75,326.33,326.33,1,326.22,1,326.15,3,326.08,5,326.01,2,326.0,4,325.63,4,,,,,,,326.75,1,326.81,1,327.12,2,327.2,1,327.41,9,327.52,2,327.66,4,327.99,8,328.07,5,328.1,6
2025-04-10 09:33:07,326.565,326.33,1,326.38,2,326.75,2,326.75,326.38,326.38,2,326.22,1,326.15,3,326.08,5,326.01,2,326.0,4,325.63,4,,,,,,,326.75,2,326.81,1,327.12,2,327.2,1,327.41,9,327.52,2,327.66,4,327.99,8,328.07,5,328.1,6
2025-04-10 09:33:08,326.555,326.56,1,326.36,2,326.75,2,326.75,326.36,326.36,2,326.22,1,326.15,3,326.08,5,326.01,2,326.0,4,325.63,4,,,,,,,326.75,2,326.81,1,327.12,2,327.2,1,327.41,9,327.52,2,327.66,4,327.99,8,328.07,5,328.1,6
2025-04-10 09:33:09,326.625,326.62,1,326.36,2,326.89,2,326.89,326.36,326.36,2,326.22,1,326.15,3,326.08,5,326.01,2,326.0,4,325.63,4,,,,,,,326.89,2,327.03,2,327.12,2,327.2,1,327.41,9,327.52,2,327.66,4,327.99,8,328.07,5,328.1,6
2025-04-10 09:33:10,326.635,326.62,1,326.38,2,326.89,2,326.89,326.38,326.38,2,326.22,3,326.15,3,326.08,5,326.01,2,326.0,4,325.63,4,,,,,,,326.89,2,327.03,2,327.12,2,327.2,1,327.41,9,327.52,2,327.66,4,327.99,8,328.07,5,328.1,6
2025-04-10 09:33:11,326.595,326.6,1,326.38,2,326.81,1,326.81,326.38,326.38,2,326.22,3,326.15,3,326.08,5,326.01,2,326.0,4,325.63,4,,,,,,,326.81,1,327.03,2,327.12,2,327.2,1,327.41,9,327.52,2,327.66,4,327.99,8,328.07,5,328.1,6
2025-04-10 09:33:12,326.605,326.6,1,326.4,2,326.81,1,326.81,326.4,326.4,2,326.22,3,326.15,3,326.08,5,326.01,2,326.0,4,325.63,4,,,,,,,326.81,1,327.03,2,327.12,2,327.2,1,327.41,9,327.52,2,327.66,4,327.99,8,328.07,5,328.1,6
2025-04-10 09:33:13,326.625,326.6,1,326.44,1,326.81,1,326.81,326.44,326.44,1,326.22,3,326.15,3,326.08,5,326.01,2,326.0,4,325.63,4,,,,,,,326.81,1,327.03,2,327.12,2,327.2,1,327.41,9,327.52,2,327.66,4,327.99,8,328.07,5,328.1,6
2025-04-10 09:33:14,326.78,326.81,1,326.44,2,327.12,7,327.12,326.44,326.44,2,326.22,3,326.15,3,326.08,5,326.01,2,326.0,4,325.63,4,,,,,,,327.12,7,327.2,1,327.41,9,327.52,2,327.66,4,327.99,8,328.07,5,328.1,6,328.26,6,328.65,2
2025-04-10 09:33:15,326.875,326.81,1,326.63,2,327.12,7,327.12,326.63,326.63,2,326.22,3,326.15,3,326.08,5,326.01,2,326.0,4,325.63,4,,,,,,,327.12,7,327.2,1,327.41,9,327.52,2,327.66,4,327.99,8,328.07,5,328.1,6,328.26,6,328.65,2
2025-04-10 09:33:16,326.895,326.81,1,326.67,2,327.12,7,327.12,326.67,326.67,2,326.22,5,326.15,3,326.08,5,326.01,2,326.0,4,325.63,4,,,,,,,327.12,7,327.2,1,327.41,9,327.52,2,327.66,4,327.99,8,328.07,5,328.1,6,328.26,6,328.65,2
2025-04-10 09:33:17,327.32,327.32,1,327.12,2,327.52,3,327.52,327.12,327.12,2,326.89,1,326.22,5,326.15,3,326.08,5,326.01,2,326.0,4,325.63,4,,,,,327.52,3,327.66,4,327.99,8,328.07,5,328.1,6,328.26,6,328.65,2,328.86,2,329.2,5,330.73,4
2025-04-10 09:33:18,327.325,327.32,1,327.13,2,327.52,2,327.52,327.13,327.13,2,327.12,2,326.89,1,326.22,5,326.15,3,326.08,5,326.01,2,326.0,4,325.63,4,,,327.52,2,327.66,4,327.99,8,328.07,5,328.1,6,328.26,6,328.65,2,328.86,2,329.2,5,330.73,4
2025-04-10 09:33:19,327.34,327.32,1,327.16,2,327.52,2,327.52,327.16,327.16,2,327.13,2,327.12,2,326.89,1,326.22,5,326.15,3,326.08,5,326.01,2,326.0,4,325.63,4,327.52,2,327.66,4,327.99,8,328.07,5,328.1,6,328.26,6,328.65,2,328.86,2,329.2,5,330.73,4
2025-04-10 09:33:20,327.45,327.19,1,327.24,2,327.66,5,327.66,327.24,327.24,2,327.13,2,327.12,2,326.89,1,326.22,5,326.15,3,326.08,5,326.01,2,326.0,4,325.63,4,327.66,5,327.99,8,328.07,5,328.1,6,328.26,6,328.65,2,328.86,2,329.2,5,330.73,4,,
2025-04-10 09:33:21,327.45,327.19,1,327.24,2,327.66,5,327.66,327.24,327.24,2,327.13,2,327.12,2,326.89,1,326.22,5,326.15,3,326.08,5,326.01,2,326.0,4,325.63,4,327.66,5,327.99,8,328.07,5,328.1,6,328.26,6,328.65,2,328.86,2,329.2,5,330.73,4,,
2025-04-10 09:33:22,327.45,327.19,1,327.24,2,327.66,5,327.66,327.24,327.24,2,327.13,2,327.12,2,326.89,1,326.22,5,326.15,3,326.08,5,326.01,2,326.0,4,325.63,4,327.66,5,327.99,8,328.07,5,328.1,6,328.26,6,328.65,2,328.86,2,329.2,5,330.73,4,,
2025-04-10 09:33:23,327.475,327.19,1,327.29,2,327.66,5,327.66,327.29,327.29,2,327.13,2,327.12,2,326.89,1,326.22,5,326.15,3,326.08,5,326.01,2,326.0,4,325.63,4,327.66,5,327.99,8,328.07,5,328.1,6,328.26,6,328.65,2,328.86,2,329.2,5,330.73,4,,
2025-04-10 09:33:24,327.605,327.48,1,327.44,1,327.77,1,327.77,327.44,327.44,1,327.13,2,327.12,2,326.89,1,326.22,5,326.15,3,326.08,5,326.01,2,326.0,4,325.63,4,327.77,1,327.99,8,328.07,5,328.1,6,328.26,6,328.65,2,328.86,2,329.2,5,330.73,4,,
2025-04-10 09:33:25,327.45,327.45,1,327.13,2,327.77,1,327.77,327.13,327.13,2,327.12,2,326.89,1,326.22,5,326.15,3,326.08,5,326.01,2,326.0,4,325.63,4,,,327.77,1,327.99,8,328.07,5,328.1,6,328.26,6,328.65,2,328.86,2,329.2,5,330.73,4,,
2025-04-10 09:33:26,327.45,327.45,1,327.13,2,327.77,3,327.77,327.13,327.13,2,327.12,2,326.89,1,326.22,5,326.15,3,326.08,5,326.01,2,326.0,4,325.63,4,,,327.77,3,327.99,8,328.07,5,328.1,6,328.26,6,328.65,2,328.86,2,329.2,5,330.73,4,,
2025-04-10 09:33:27,327.45,327.45,1,327.13,2,327.77,3,327.77,327.13,327.13,2,327.12,2,326.89,1,326.22,5,326.15,3,326.08,5,326.01,2,326.0,4,325.63,4,,,327.77,3,327.99,8,328.07,5,328.1,6,328.26,6,328.65,2,328.86,2,329.2,5,330.73,4,,
2025-04-10 09:33:28,327.45,327.45,1,327.13,2,327.77,3,327.77,327.13,327.13,2,327.12,2,326.89,1,326.22,5,326.15,3,326.08,5,326.01,2,326.0,4,325.63,4,,,327.77,3,327.99,8,328.07,5,328.1,6,328.26,6,328.65,2,328.86,2,329.2,5,330.73,4,,
2025-04-10 09:33:29,327.45,327.45,1,327.13,2,327.77,2,327.77,327.13,327.13,2,327.12,2,326.89,1,326.22,5,326.15,3,326.08,5,326.01,2,326.0,4,325.63,4,,,327.77,2,327.99,8,328.07,5,328.1,6,328.26,6,328.65,2,328.86,2,329.2,5,330.73,4,,
2025-04-10 09:33:30,327.45,327.45,4,327.13,2,327.77,2,327.77,327.13,327.13,2,327.12,2,326.89,1,326.22,5,326.15,3,326.08,5,326.01,2,326.0,4,325.63,4,,,327.77,2,327.99,8,328.07,5,328.1,6,328.26,6,328.65,2,328.86,2,329.2,5,330.73,4,,
2025-04-10 09:33:31,327.45,327.45,1,327.13,2,327.77,3,327.77,327.13,327.13,2,327.12,2,326.89,1,326.22,5,326.15,3,326.08,5,326.01,2,326.0,4,325.63,4,,,327.77,3,327.99,8,328.07,5,328.1,6,328.26,6,328.65,2,328.86,2,329.2,5,330.73,4,,
2025-04-10 09:33:32,327.45,327.45,1,327.13,2,327.77,3,327.77,327.13,327.13,2,327.12,2,326.89,1,326.22,5,326.15,3,326.08,5,326.01,2,326.0,4,325.63,4,,,327.77,3,327.99,8,328.07,5,328.1,6,328.26,6,328.65,2,328.86,2,329.2,5,330.73,4,,
2025-04-10 09:33:33,327.45,327.42,1,327.13,2,327.77,3,327.77,327.13,327.13,2,327.12,2,326.89,1,326.22,5,326.15,3,326.08,5,326.01,2,326.0,4,325.63,4,,,327.77,3,327.99,8,328.07,5,328.1,6,328.26,6,328.65,2,328.86,2,329.2,5,330.73,4,,
2025-04-10 09:33:34,327.45,327.36,2,327.13,5,327.77,3,327.77,327.13,327.13,5,327.12,2,326.89,1,326.22,5,326.15,3,326.08,5,326.01,2,326.0,4,325.63,4,,,327.77,3,327.99,8,328.07,5,328.1,6,328.26,6,328.65,2,328.86,2,329.2,5,330.73,4,,
2025-04-10 09:33:35,327.45,327.45,3,327.13,5,327.77,3,327.77,327.13,327.13,5,327.12,2,326.89,1,326.22,5,326.15,3,326.08,5,326.01,2,326.0,4,325.63,4,,,327.77,3,327.99,8,328.07,5,328.1,6,328.26,6,328.65,2,328.86,2,329.2,5,330.73,4,,
2025-04-10 09:33:36,327.45,327.45,1,327.13,5,327.77,3,327.77,327.13,327.13,5,327.12,2,326.89,1,326.22,5,326.15,3,326.08,5,326.01,2,326.0,4,325.63,4,,,327.77,3,327.99,8,328.07,5,328.1,6,328.26,6,328.65,2,328.86,2,329.2,5,330.73,4,,
2025-04-10 09:33:37,327.45,327.45,1,327.13,5,327.77,3,327.77,327.13,327.13,5,327.12,2,326.89,1,326.22,5,326.15,3,326.08,5,326.01,2,326.0,4,325.63,4,,,327.77,3,327.99,8,328.07,5,328.1,6,328.26,6,328.65,2,328.86,2,329.2,5,330.73,4,,
2025-04-10 09:33:38,327.45,327.45,1,327.13,5,327.77,3,327.77,327.13,327.13,5,327.12,2,326.89,1,326.22,5,326.15,3,326.08,5,326.01,2,326.0,4,325.63,4,,,327.77,3,327.99,8,328.07,5,328.1,6,328.26,6,328.65,2,328.86,2,329.2,5,330.73,4,,
2025-04-10 09:33:39,327.45,327.45,1,327.13,5,327.77,3,327.77,327.13,327.13,5,327.12,2,326.89,1,326.22,5,326.15,3,326.08,5,326.01,2,326.0,4,325.63,4,,,327.77,3,327.99,8,328.07,5,328.1,6,328.26,6,328.65,2,328.86,2,329.2,5,330.73,4,,
2025-04-10 09:33:40,327.45,327.45,1,327.13,5,327.77,3,327.77,327.13,327.13,5,327.12,2,326.89,1,326.22,5,326.15,3,326.08,5,326.01,2,326.0,4,325.63,4,,,327.77,3,327.99,8,328.07,5,328.1,6,328.26,6,328.65,2,328.86,2,329.2,5,330.73,4,,
2025-04-10 09:33:41,327.055,327.45,1,326.63,3,327.48,3,327.48,326.63,326.63,3,326.22,5,326.15,3,326.08,5,326.01,2,326.0,4,325.63,4,,,,,,,327.48,3,327.77,3,327.99,8,328.07,5,328.1,6,328.26,6,328.65,2,328.86,2,329.2,5,330.73,4
2025-04-10 09:33:43,326.81,326.83,1,326.5,3,327.12,4,327.12,326.5,326.5,3,326.22,5,326.15,3,326.08,5,326.01,2,326.0,4,325.63,4,,,,,,,327.12,4,327.47,1,327.48,4,327.77,3,327.99,8,328.07,5,328.1,6,328.26,6,328.65,2,328.86,2
2025-04-10 09:33:43,326.805,327.1,1,326.5,3,327.11,1,327.11,326.5,326.5,3,326.22,5,326.15,3,326.08,5,326.01,2,326.0,4,325.63,4,,,,,,,327.11,1,327.69,2,327.77,3,327.99,8,328.07,5,328.1,6,328.26,6,328.65,2,328.86,2,329.2,5
2025-04-10 09:33:44,327.215,327.21,3,326.74,2,327.69,2,327.69,326.74,326.74,2,326.5,6,326.22,5,326.15,3,326.08,5,326.01,2,326.0,4,325.63,4,,,,,327.69,2,327.77,3,327.99,8,328.07,5,328.1,6,328.26,6,328.65,2,328.86,2,329.2,5,330.73,4
2025-04-10 09:33:46,327.215,327.21,1,326.74,2,327.69,2,327.69,326.74,326.74,2,326.5,6,326.22,5,326.15,3,326.08,5,326.01,2,326.0,4,325.63,4,,,,,327.69,2,327.77,3,327.99,8,328.07,5,328.1,6,328.26,6,328.65,2,328.86,2,329.2,5,330.73,4
2025-04-10 09:33:47,327.11,327.21,1,326.53,2,327.69,2,327.69,326.53,326.53,2,326.5,6,326.22,5,326.15,3,326.08,5,326.01,2,326.0,4,325.63,4,,,,,327.69,2,327.77,3,327.99,8,328.07,5,328.1,6,328.26,6,328.65,2,328.86,2,329.2,5,330.73,4
2025-04-10 09:33:47,327.0,327.01,2,326.53,4,327.47,1,327.47,326.53,326.53,4,326.5,6,326.22,5,326.15,3,326.08,5,326.01,2,326.0,4,325.63,4,,,,,327.47,1,327.69,2,327.77,3,327.99,8,328.07,5,328.1,6,328.26,6,328.65,2,328.86,2,329.2,5
2025-04-10 09:33:49,326.995,327.0,1,326.53,4,327.46,1,327.46,326.53,326.53,4,326.5,6,326.22,5,326.15,3,326.08,5,326.01,2,326.0,4,325.63,4,,,,,327.46,1,327.69,2,327.77,3,327.99,8,328.07,5,328.1,6,328.26,6,328.65,2,328.86,2,329.2,5
2025-04-10 09:33:50,326.985,327.0,1,326.53,4,327.44,1,327.44,326.53,326.53,4,326.5,6,326.22,5,326.15,3,326.08,5,326.01,2,326.0,4,325.63,4,,,,,327.44,1,327.69,2,327.77,3,327.99,8,328.07,5,328.1,6,328.26,6,328.65,2,328.86,2,329.2,5
2025-04-10 09:33:50,326.975,326.98,1,326.53,4,327.42,1,327.42,326.53,326.53,4,326.5,6,326.22,5,326.15,3,326.08,5,326.01,2,326.0,4,325.63,4,,,,,327.42,1,327.69,2,327.77,3,327.99,8,328.07,5,328.1,6,328.26,6,328.65,2,328.86,2,329.2,5
2025-04-10 09:33:51,326.97,326.98,1,326.53,5,327.41,1,327.41,326.53,326.53,5,326.5,6,326.22,5,326.15,3,326.08,5,326.01,2,326.0,4,325.63,4,,,,,327.41,1,327.69,2,327.77,3,327.99,8,328.07,5,328.1,6,328.26,6,328.65,2,328.86,2,329.2,5
2025-04-10 09:33:53,326.9,326.97,1,326.53,4,327.27,1,327.27,326.53,326.53,4,326.5,6,326.22,5,326.15,3,326.08,5,326.01,2,326.0,4,325.63,4,,,,,327.27,1,327.69,2,327.77,3,327.99,8,328.07,5,328.1,6,328.26,6,328.65,2,328.86,2,329.2,5
2025-04-10 09:33:53,326.9,326.97,1,326.53,4,327.27,1,327.27,326.53,326.53,4,326.5,6,326.22,5,326.15,3,326.08,5,326.01,2,326.0,4,325.63,4,,,,,327.27,1,327.69,2,327.77,3,327.99,8,328.07,5,328.1,6,328.26,6,328.65,2,328.86,2,329.2,5
2025-04-10 09:33:55,326.9,326.97,1,326.53,4,327.27,1,327.27,326.53,326.53,4,326.5,6,326.22,5,326.15,3,326.08,5,326.01,2,326.0,4,325.63,4,,,,,327.27,1,327.69,2,327.77,3,327.99,8,328.07,5,328.1,6,328.26,6,328.65,2,328.86,2,329.2,5
2025-04-10 09:33:56,326.9,326.96,1,326.53,4,327.27,1,327.27,326.53,326.53,4,326.5,6,326.22,5,326.15,3,326.08,5,326.01,2,326.0,4,325.63,4,,,,,327.27,1,327.69,2,327.77,3,327.99,8,328.07,5,328.1,6,328.26,6,328.65,2,328.86,2,329.2,5
2025-04-10 09:33:57,326.885,327.27,1,326.5,5,327.27,1,327.27,326.5,326.5,5,326.22,5,326.15,3,326.08,5,326.01,2,326.0,4,325.63,4,,,,,,,327.27,1,327.69,2,327.77,3,327.99,8,328.07,5,328.1,6,328.26,6,328.65,2,328.86,2,329.2,5
2025-04-10 09:33:58,326.705,326.72,1,326.5,6,326.91,3,326.91,326.5,326.5,6,326.22,5,326.15,3,326.08,5,326.01,2,326.0,4,325.63,4,,,,,,,326.91,3,327.46,2,327.69,2,327.77,3,327.99,8,328.07,5,328.1,6,328.26,6,328.65,2,328.86,2
2025-04-10 09:33:59,326.695,326.98,1,326.5,6,326.89,4,326.89,326.5,326.5,6,326.22,5,326.15,3,326.08,5,326.01,2,326.0,4,325.63,4,,,,,,,326.89,4,327.46,2,327.69,2,327.77,3,327.99,8,328.07,5,328.1,6,328.26,6,328.65,2,328.86,2
2025-04-10 09:34:00,326.89,326.7,2,326.5,6,327.28,2,327.28,326.5,326.5,6,326.22,5,326.15,3,326.08,5,326.01,2,326.0,4,325.63,4,,,,,,,327.28,2,327.46,4,327.69,2,327.77,3,327.99,8,328.07,5,328.1,6,328.26,6,328.65,2,328.86,2
2025-04-10 09:34:01,326.915,326.7,2,326.55,2,327.28,2,327.28,326.55,326.55,2,326.5,6,326.22,5,326.15,3,326.08,5,326.01,2,326.0,4,325.63,4,,,,,327.28,2,327.46,4,327.69,2,327.77,3,327.99,8,328.07,5,328.1,6,328.26,6,328.65,2,328.86,2
2025-04-10 09:34:02,326.915,326.7,2,326.55,3,327.28,2,327.28,326.55,326.55,3,326.5,6,326.22,5,326.15,3,326.08,5,326.01,2,326.0,4,325.63,4,,,,,327.28,2,327.46,4,327.69,2,327.77,3,327.99,8,328.07,5,328.1,6,328.26,6,328.65,2,328.86,2
2025-04-10 09:34:02,327.06,327.06,1,326.55,3,327.57,3,327.57,326.55,326.55,3,326.5,6,326.22,5,326.15,3,326.08,5,326.01,2,326.0,4,325.63,4,,,,,327.57,3,327.71,1,327.77,3,327.99,8,328.07,5,328.1,6,328.26,6,328.65,2,328.86,2,329.2,5
2025-04-10 09:34:04,327.06,327.06,1,326.55,3,327.57,3,327.57,326.55,326.55,3,326.5,6,326.22,5,326.15,3,326.08,5,326.01,2,326.0,4,325.63,4,,,,,327.57,3,327.71,1,327.77,3,327.99,8,328.07,5,328.1,6,328.26,6,328.65,2,328.86,2,329.2,5
2025-04-10 09:34:05,327.135,327.06,1,326.7,5,327.57,3,327.57,326.7,326.7,5,326.55,2,326.5,6,326.22,5,326.15,3,326.08,5,326.01,2,326.0,4,325.63,4,,,327.57,3,327.71,1,327.77,3,327.99,8,328.07,5,328.1,6,328.26,6,328.65,2,328.86,2,329.2,5
2025-04-10 09:34:06,327.285,327.06,1,326.8,6,327.77,5,327.77,326.8,326.8,6,326.71,2,326.7,5,326.55,2,326.5,6,326.22,5,326.15,3,326.08,5,326.01,2,326.0,4,327.77,5,327.99,8,328.07,5,328.1,6,328.26,6,328.65,2,328.86,2,329.2,5,330.73,4,,
2025-04-10 09:34:07,327.285,327.29,1,326.8,6,327.77,5,327.77,326.8,326.8,6,326.71,2,326.7,5,326.55,2,326.5,6,326.22,5,326.15,3,326.08,5,326.01,2,326.0,4,327.77,5,327.99,8,328.07,5,328.1,6,328.26,6,328.65,2,328.86,2,329.2,5,330.73,4,,
2025-04-10 09:34:08,327.285,327.29,1,326.8,6,327.77,5,327.77,326.8,326.8,6,326.71,2,326.7,5,326.55,2,326.5,6,326.22,5,326.15,3,326.08,5,326.01,2,326.0,4,327.77,5,327.99,8,328.07,5,328.1,6,328.26,6,328.65,2,328.86,2,329.2,5,330.73,4,,
2025-04-10 09:34:09,327.19,327.54,1,326.8,6,327.58,1,327.58,326.8,326.8,6,326.71,2,326.7,5,326.55,2,326.5,6,326.22,5,326.15,3,326.08,5,326.01,2,326.0,4,327.58,1,327.77,5,327.99,8,328.07,5,328.1,6,328.26,6,328.65,2,328.86,2,329.2,5,330.73,4
2025-04-10 09:34:10,327.19,327.54,1,326.8,6,327.58,1,327.58,326.8,326.8,6,326.71,2,326.7,5,326.55,2,326.5,6,326.22,5,326.15,3,326.08,5,326.01,2,326.0,4,327.58,1,327.77,5,327.99,8,328.07,5,328.1,6,328.26,6,328.65,2,328.86,2,329.2,5,330.73,4
2025-04-10 09:34:11,327.19,327.54,1,326.8,6,327.58,1,327.58,326.8,326.8,6,326.71,2,326.7,5,326.55,2,326.5,6,326.22,5,326.15,3,326.08,5,326.01,2,326.0,4,327.58,1,327.77,5,327.99,8,328.07,5,328.1,6,328.26,6,328.65,2,328.86,2,329.2,5,330.73,4
2025-04-10 09:34:12,327.295,327.39,1,327.01,2,327.58,1,327.58,327.01,327.01,2,326.7,4,326.55,2,326.5,6,326.22,5,326.15,3,326.08,5,326.01,2,326.0,4,325.63,4,327.58,1,327.77,5,327.99,8,328.07,5,328.1,6,328.26,6,328.65,2,328.86,2,329.2,5,330.73,4
2025-04-10 09:34:13,327.295,327.3,1,327.01,1,327.58,1,327.58,327.01,327.01,1,326.7,4,326.55,2,326.5,6,326.22,5,326.15,3,326.08,5,326.01,2,326.0,4,325.63,4,327.58,1,327.77,5,327.99,8,328.07,5,328.1,6,328.26,6,328.65,2,328.86,2,329.2,5,330.73,4
2025-04-10 09:34:14,327.295,327.3,1,327.01,3,327.58,1,327.58,327.01,327.01,3,326.7,4,326.55,2,326.5,6,326.22,5,326.15,3,326.08,5,326.01,2,326.0,4,325.63,4,327.58,1,327.77,5,327.99,8,328.07,5,328.1,6,328.26,6,328.65,2,328.86,2,329.2,5,330.73,4
2025-04-10 09:34:15,327.395,327.39,1,327.02,6,327.77,5,327.77,327.02,327.02,6,327.01,4,326.7,4,326.55,2,326.5,6,326.22,5,326.15,3,326.08,5,326.01,2,326.0,4,327.77,5,327.99,8,328.07,5,328.1,6,328.26,6,328.65,2,328.86,2,329.2,5,330.73,4,,
2025-04-10 09:34:16,327.395,327.39,1,327.02,6,327.77,8,327.77,327.02,327.02,6,327.01,4,326.7,4,326.55,2,326.5,6,326.22,5,326.15,3,326.08,5,326.01,2,326.0,4,327.77,8,327.99,8,328.07,5,328.1,6,328.26,6,328.65,2,328.86,2,329.2,5,330.73,4,,
2025-04-10 09:34:17,327.395,327.39,1,327.02,6,327.77,8,327.77,327.02,327.02,6,327.01,4,326.7,4,326.55,2,326.5,6,326.22,5,326.15,3,326.08,5,326.01,2,326.0,4,327.77,8,327.99,8,328.07,5,328.1,6,328.26,6,328.65,2,328.86,2,329.2,5,330.73,4,,
2025-04-10 09:34:18,327.395,327.5,1,327.02,6,327.77,8,327.77,327.02,327.02,6,327.01,4,326.7,4,326.55,2,326.5,6,326.22,5,326.15,3,326.08,5,326.01,2,326.0,4,327.77,8,327.99,8,328.07,5,328.1,6,328.26,6,328.65,2,328.86,2,329.2,5,330.73,4,,
2025-04-10 09:34:19,327.485,327.5,1,327.2,2,327.77,8,327.77,327.2,327.2,2,327.02,6,327.01,4,326.7,4,326.55,2,326.5,6,326.22,5,326.15,3,326.08,5,326.01,2,327.77,8,327.99,8,328.07,5,328.1,6,328.26,6,328.65,2,328.86,2,329.2,5,330.73,4,,
2025-04-10 09:34:20,327.485,327.49,1,327.2,4,327.77,8,327.77,327.2,327.2,4,327.02,6,327.01,4,326.7,4,326.55,2,326.5,6,326.22,5,326.15,3,326.08,5,326.01,2,327.77,8,327.99,8,328.07,5,328.1,6,328.26,6,328.65,2,328.86,2,329.2,5,330.73,4,,
2025-04-10 09:34:21,327.725,327.68,1,327.46,4,327.99,19,327.99,327.46,327.46,4,327.2,8,327.02,6,327.01,4,326.7,4,326.55,2,326.5,6,326.22,5,326.15,3,326.08,5,327.99,19,328.07,5,328.1,6,328.26,6,328.65,2,328.86,2,329.2,5,330.73,4,,,,
2025-04-10 09:34:22,327.55,327.55,1,327.11,4,327.99,19,327.99,327.11,327.11,4,327.1,2,327.02,6,327.01,4,326.7,4,326.55,2,326.5,6,326.22,5,326.15,3,326.08,5,327.99,19,328.07,5,328.1,6,328.26,6,328.65,2,328.86,2,329.2,5,330.73,4,,,,
2025-04-10 09:34:23,327.73,327.73,1,327.47,1,327.99,19,327.99,327.47,327.47,1,327.11,4,327.1,2,327.02,6,327.01,4,326.7,4,326.55,2,326.5,6,326.22,5,326.15,3,327.99,19,328.07,5,328.1,6,328.26,6,328.65,2,328.86,2,329.2,5,330.73,4,,,,
2025-04-10 09:34:24,327.73,327.73,2,327.47,1,327.99,19,327.99,327.47,327.47,1,327.11,4,327.1,2,327.02,6,327.01,4,326.7,4,326.55,2,326.5,6,326.22,5,326.15,3,327.99,19,328.07,5,328.1,6,328.26,6,328.65,2,328.86,2,329.2,5,330.73,4,,,,
2025-04-10 09:34:25,327.73,327.73,2,327.47,1,327.99,19,327.99,327.47,327.47,1,327.11,4,327.1,2,327.02,6,327.01,4,326.7,4,326.55,2,326.5,6,326.22,5,326.15,3,327.99,19,328.07,5,328.1,6,328.26,6,328.65,2,328.86,2,329.2,5,330.73,4,,,,
2025-04-10 09:34:26,327.875,328.51,15,327.1,4,328.65,4,328.65,327.1,327.1,4,327.02,6,327.01,4,326.7,4,326.55,2,326.5,6,326.22,5,326.15,3,326.08,5,326.01,2,328.65,4,328.86,2,329.2,5,330.73,4,,,,,,,,,,,,
2025-04-10 09:34:27,327.98,327.98,2,327.4,5,328.56,8,328.56,327.4,327.4,5,327.1,7,327.02,6,327.01,4,326.7,4,326.55,2,326.5,6,326.22,5,326.15,3,326.08,5,328.56,8,328.65,4,328.86,2,329.2,5,330.73,4,,,,,,,,,,
2025-04-10 09:34:28,327.98,327.98,1,327.4,5,328.56,8,328.56,327.4,327.4,5,327.1,7,327.02,6,327.01,4,326.7,4,326.55,2,326.5,6,326.22,5,326.15,3,326.08,5,328.56,8,328.65,4,328.86,2,329.2,5,330.73,4,,,,,,,,,,
2025-04-10 09:34:29,327.98,327.98,10,327.4,5,328.56,8,328.56,327.4,327.4,5,327.1,7,327.02,6,327.01,4,326.7,4,326.55,2,326.5,6,326.22,5,326.15,3,326.08,5,328.56,8,328.65,4,328.86,2,329.2,5,330.73,4,,,,,,,,,,
2025-04-10 09:34:30,328.15,328.15,1,327.74,1,328.56,8,328.56,327.74,327.74,1,327.4,5,327.1,7,327.02,6,327.01,4,326.7,4,326.55,2,326.5,6,326.22,5,326.15,3,328.56,8,328.65,4,328.86,2,329.2,5,330.73,4,,,,,,,,,,
2025-04-10 09:34:31,328.15,328.15,9,327.74,1,328.56,8,328.56,327.74,327.74,1,327.4,5,327.1,7,327.02,6,327.01,4,326.7,4,326.55,2,326.5,6,326.22,5,326.15,3,328.56,8,328.65,4,328.86,2,329.2,5,330.73,4,,,,,,,,,,
2025-04-10 09:34:32,328.025,328.0,4,327.48,1,328.57,1,328.57,327.48,327.48,1,327.4,1,327.07,2,326.99,1,326.7,4,326.55,2,326.5,6,326.22,5,326.15,3,326.08,5,328.57,1,328.65,4,328.86,2,329.2,5,330.73,4,,,,,,,,,,
2025-04-10 09:34:33,328.025,327.87,1,327.48,1,328.57,3,328.57,327.48,327.48,1,327.4,1,327.07,2,326.99,1,326.7,4,326.55,2,326.5,6,326.22,5,326.15,3,326.08,5,328.57,3,328.65,4,328.86,2,329.2,5,330.73,4,,,,,,,,,,
2025-04-10 09:34:34,327.93,327.48,6,327.48,3,328.38,4,328.38,327.48,327.48,3,327.4,1,327.07,2,326.99,1,326.7,4,326.55,2,326.5,6,326.22,5,326.15,3,326.08,5,328.38,4,328.57,3,328.65,4,328.86,2,329.2,5,330.73,4,,,,,,,,
2025-04-10 09:34:35,327.93,327.93,5,327.48,3,328.38,4,328.38,327.48,327.48,3,327.4,1,327.07,2,326.99,1,326.7,4,326.55,2,326.5,6,326.22,5,326.15,3,326.08,5,328.38,4,328.57,3,328.65,4,328.86,2,329.2,5,330.73,4,,,,,,,,
2025-04-10 09:34:36,327.925,327.93,3,327.48,3,328.37,2,328.37,327.48,327.48,3,327.4,1,327.07,2,326.99,1,326.7,4,326.55,2,326.5,6,326.22,5,326.15,3,326.08,5,328.37,2,328.38,4,328.57,3,328.65,4,328.86,2,329.2,5,330.73,4,,,,,,
2025-04-10 09:34:37,327.925,327.93,3,327.48,3,328.37,2,328.37,327.48,327.48,3,327.4,1,327.07,2,326.99,1,326.7,4,326.55,2,326.5,6,326.22,5,326.15,3,326.08,5,328.37,2,328.38,4,328.57,3,328.65,4,328.86,2,329.2,5,330.73,4,,,,,,
2025-04-10 09:34:38,327.925,327.93,3,327.48,3,328.37,2,328.37,327.48,327.48,3,327.4,1,327.07,2,326.99,1,326.7,4,326.55,2,326.5,6,326.22,5,326.15,3,326.08,5,328.37,2,328.38,4,328.57,3,328.65,4,328.86,2,329.2,5,330.73,4,,,,,,
2025-04-10 09:34:39,327.72,327.72,2,327.07,4,328.37,2,328.37,327.07,327.07,4,326.99,1,326.7,4,326.55,2,326.5,6,326.22,5,326.15,3,326.08,5,326.01,2,326.0,4,328.37,2,328.38,4,328.57,3,328.65,4,328.86,2,329.2,5,330.73,4,,,,,,
2025-04-10 09:34:40,327.72,327.72,2,327.07,4,328.37,2,328.37,327.07,327.07,4,326.99,1,326.7,4,326.55,2,326.5,6,326.22,5,326.15,3,326.08,5,326.01,2,326.0,4,328.37,2,328.38,4,328.57,3,328.65,4,328.86,2,329.2,5,330.73,4,,,,,,
2025-04-10 09:34:41,327.625,327.72,2,326.88,2,328.37,5,328.37,326.88,326.88,2,326.7,4,326.55,2,326.5,6,326.22,5,326.15,3,326.08,5,326.01,2,326.0,4,325.63,4,328.37,5,328.38,4,328.57,3,328.65,4,328.86,2,329.2,5,330.73,4,,,,,,
2025-04-10 09:34:42,327.785,327.72,2,327.2,3,328.37,5,328.37,327.2,327.2,3,326.88,2,326.7,4,326.55,2,326.5,6,326.22,5,326.15,3,326.08,5,326.01,2,326.0,4,328.37,5,328.38,4,328.57,3,328.65,4,328.86,2,329.2,5,330.73,4,,,,,,
2025-04-10 09:34:43,327.785,327.72,2,327.2,3,328.37,5,328.37,327.2,327.2,3,326.88,2,326.7,4,326.55,2,326.5,6,326.22,5,326.15,3,326.08,5,326.01,2,326.0,4,328.37,5,328.38,4,328.57,3,328.65,4,328.86,2,329.2,5,330.73,4,,,,,,
2025-04-10 09:34:44,327.785,327.72,2,327.2,4,328.37,5,328.37,327.2,327.2,4,326.88,2,326.7,4,326.55,2,326.5,6,326.22,5,326.15,3,326.08,5,326.01,2,326.0,4,328.37,5,328.38,4,328.57,3,328.65,4,328.86,2,329.2,5,330.73,4,,,,,,
2025-04-10 09:34:45,327.305,327.31,1,326.88,4,327.73,1,327.73,326.88,326.88,4,326.7,4,326.55,2,326.5,6,326.22,5,326.15,3,326.08,5,326.01,2,326.0,4,325.63,4,327.73,1,328.37,5,328.38,4,328.57,3,328.65,4,328.86,2,329.2,5,330.73,4,,,,
2025-04-10 09:34:46,327.305,327.31,1,326.88,4,327.73,1,327.73,326.88,326.88,4,326.7,4,326.55,2,326.5,6,326.22,5,326.15,3,326.08,5,326.01,2,326.0,4,325.63,4,327.73,1,328.37,5,328.38,4,328.57,3,328.65,4,328.86,2,329.2,5,330.73,4,,,,
2025-04-10 09:34:47,327.305,327.31,1,326.88,4,327.73,1,327.73,326.88,326.88,4,326.7,4,326.55,2,326.5,6,326.22,5,326.15,3,326.08,5,326.01,2,326.0,4,325.63,4,327.73,1,328.37,5,328.38,4,328.57,3,328.65,4,328.86,2,329.2,5,330.73,4,,,,
2025-04-10 09:34:48,327.395,327.29,1,327.11,3,327.68,2,327.68,327.11,327.11,3,326.88,4,326.7,4,326.55,2,326.5,6,326.22,5,326.15,3,326.08,5,326.01,2,326.0,4,327.68,2,327.73,1,328.37,5,328.38,4,328.57,3,328.65,4,328.86,2,329.2,5,330.73,4,,
2025-04-10 09:34:49,327.395,327.39,1,327.11,3,327.68,2,327.68,327.11,327.11,3,326.88,4,326.7,4,326.55,2,326.5,6,326.22,5,326.15,3,326.08,5,326.01,2,326.0,4,327.68,2,327.73,1,328.37,5,328.38,4,328.57,3,328.65,4,328.86,2,329.2,5,330.73,4,,
2025-04-10 09:34:50,327.395,327.39,1,327.11,3,327.68,2,327.68,327.11,327.11,3,326.88,4,326.7,4,326.55,2,326.5,6,326.22,5,326.15,3,326.08,5,326.01,2,326.0,4,327.68,2,327.73,1,328.37,5,328.38,4,328.57,3,328.65,4,328.86,2,329.2,5,330.73,4,,
2025-04-10 09:34:51,327.395,327.39,1,327.11,3,327.68,2,327.68,327.11,327.11,3,326.88,4,326.7,4,326.55,2,326.5,6,326.22,5,326.15,3,326.08,5,326.01,2,326.0,4,327.68,2,327.73,1,328.37,5,328.38,4,328.57,3,328.65,4,328.86,2,329.2,5,330.73,4,,
2025-04-10 09:34:52,327.395,327.39,1,327.11,3,327.68,2,327.68,327.11,327.11,3,326.88,4,326.7,4,326.55,2,326.5,6,326.22,5,326.15,3,326.08,5,326.01,2,326.0,4,327.68,2,327.73,1,328.37,5,328.38,4,328.57,3,328.65,4,328.86,2,329.2,5,330.73,4,,
2025-04-10 09:34:53,327.44,327.25,1,327.2,2,327.68,4,327.68,327.2,327.2,2,327.11,3,326.88,4,326.7,4,326.55,2,326.5,6,326.22,5,326.15,3,326.08,5,326.01,2,327.68,4,327.73,1,328.37,5,328.38,4,328.57,3,328.65,4,328.86,2,329.2,5,330.73,4,,
2025-04-10 09:34:54,327.03,327.03,1,326.88,5,327.18,2,327.18,326.88,326.88,5,326.7,4,326.55,2,326.5,6,326.22,5,326.15,3,326.08,5,326.01,2,326.0,4,325.63,4,327.18,2,327.5,2,327.53,1,327.68,5,327.73,1,328.37,5,328.38,4,328.57,3,328.65,4,328.86,2
2025-04-10 09:34:55,327.03,327.01,1,326.88,5,327.18,2,327.18,326.88,326.88,5,326.7,4,326.55,2,326.5,6,326.22,5,326.15,3,326.08,5,326.01,2,326.0,4,325.63,4,327.18,2,327.5,2,327.53,1,327.68,5,327.73,1,328.37,5,328.38,4,328.57,3,328.65,4,328.86,2
2025-04-10 09:34:56,327.03,327.03,1,326.88,5,327.18,2,327.18,326.88,326.88,5,326.7,4,326.55,2,326.5,6,326.22,5,326.15,3,326.08,5,326.01,2,326.0,4,325.63,4,327.18,2,327.5,2,327.53,1,327.68,5,327.73,1,328.37,5,328.38,4,328.57,3,328.65,4,328.86,2
2025-04-10 09:34:57,327.03,327.03,1,326.88,5,327.18,2,327.18,326.88,326.88,5,326.7,4,326.55,2,326.5,6,326.22,5,326.15,3,326.08,5,326.01,2,326.0,4,325.63,4,327.18,2,327.5,2,327.53,1,327.68,5,327.73,1,328.37,5,328.38,4,328.57,3,328.65,4,328.86,2
2025-04-10 09:34:58,327.03,327.03,1,326.88,5,327.18,2,327.18,326.88,326.88,5,326.7,4,326.55,2,326.5,6,326.22,5,326.15,3,326.08,5,326.01,2,326.0,4,325.63,4,327.18,2,327.5,2,327.53,1,327.68,5,327.73,1,328.37,5,328.38,4,328.57,3,328.65,4,328.86,2
2025-04-10 09:34:59,326.69,326.88,1,326.5,6,326.88,1,326.88,326.5,326.5,6,326.22,5,326.15,3,326.08,5,326.01,2,326.0,4,325.63,4,,,,,,,326.88,1,327.18,4,327.5,2,327.53,1,327.68,5,327.73,1,328.37,5,328.38,4,328.57,3,328.65,4
2025-04-10 09:35:00,326.84,326.84,1,326.5,6,327.18,4,327.18,326.5,326.5,6,326.22,5,326.15,3,326.08,5,326.01,2,326.0,4,325.63,4,,,,,,,327.18,4,327.5,2,327.53,1,327.68,5,327.73,1,328.37,5,328.38,4,328.57,3,328.65,4,328.86,2
2025-04-10 09:35:01,327.21,327.17,1,326.61,3,327.81,3,327.81,326.61,326.61,3,326.5,7,326.22,5,326.15,3,326.08,5,326.01,2,326.0,4,325.63,4,,,,,327.81,3,328.37,5,328.38,4,328.57,3,328.65,4,328.86,2,329.2,5,330.73,4,,,,
2025-04-10 09:35:02,327.205,327.2,2,326.61,4,327.8,1,327.8,326.61,326.61,4,326.5,7,326.22,5,326.15,3,326.08,5,326.01,2,326.0,4,325.63,4,,,,,327.8,1,327.81,3,328.37,5,328.38,4,328.57,3,328.65,4,328.86,2,329.2,5,330.73,4,,
2025-04-10 09:35:03,327.19,327.19,1,326.61,6,327.77,1,327.77,326.61,326.61,6,326.5,7,326.22,5,326.15,3,326.08,5,326.01,2,326.0,4,325.63,4,,,,,327.77,1,327.8,1,327.81,3,328.37,5,328.38,4,328.57,3,328.65,4,328.86,2,329.2,5,330.73,4
2025-04-10 09:35:04,327.19,327.19,1,326.61,8,327.77,1,327.77,326.61,326.61,8,326.5,7,326.22,5,326.15,3,326.08,5,326.01,2,326.0,4,325.63,4,,,,,327.77,1,327.8,1,327.81,3,328.37,5,328.38,4,328.57,3,328.65,4,328.86,2,329.2,5,330.73,4
2025-04-10 09:35:05,327.19,327.19,1,326.61,8,327.77,1,327.77,326.61,326.61,8,326.5,7,326.22,5,326.15,3,326.08,5,326.01,2,326.0,4,325.63,4,,,,,327.77,1,327.8,1,327.81,3,328.37,5,328.38,4,328.57,3,328.65,4,328.86,2,329.2,5,330.73,4
2025-04-10 09:35:06,327.19,327.19,1,326.61,8,327.77,1,327.77,326.61,326.61,8,326.5,7,326.22,5,326.15,3,326.08,5,326.01,2,326.0,4,325.63,4,,,,,327.77,1,327.8,1,327.81,3,328.37,5,328.38,4,328.57,3,328.65,4,328.86,2,329.2,5,330.73,4
2025-04-10 09:35:07,327.19,327.19,1,326.61,8,327.77,1,327.77,326.61,326.61,8,326.5,7,326.22,5,326.15,3,326.08,5,326.01,2,326.0,4,325.63,4,,,,,327.77,1,327.8,1,327.81,3,328.37,5,328.38,4,328.57,3,328.65,4,328.86,2,329.2,5,330.73,4
2025-04-10 09:35:08,327.095,327.19,1,326.61,7,327.58,1,327.58,326.61,326.61,7,326.5,7,326.22,5,326.15,3,326.08,5,326.01,2,326.0,4,325.63,4,,,,,327.58,1,327.77,1,327.8,1,327.81,3,328.37,5,328.38,4,328.57,3,328.65,4,328.86,2,329.2,5
2025-04-10 09:35:09,327.095,327.19,1,326.61,7,327.58,1,327.58,326.61,326.61,7,326.5,7,326.22,5,326.15,3,326.08,5,326.01,2,326.0,4,325.63,4,,,,,327.58,1,327.77,3,327.8,1,327.81,3,328.37,5,328.38,4,328.57,3,328.65,4,328.86,2,329.2,5
2025-04-10 09:35:10,327.19,327.19,1,326.61,7,327.77,1,327.77,326.61,326.61,7,326.5,7,326.22,5,326.15,3,326.08,5,326.01,2,326.0,4,325.63,4,,,,,327.77,1,327.8,1,327.81,3,328.37,5,328.38,4,328.57,3,328.65,4,328.86,2,329.2,5,330.73,4
2025-04-10 09:35:11,327.205,327.2,1,326.61,7,327.8,2,327.8,326.61,326.61,7,326.5,7,326.22,5,326.15,3,326.08,5,326.01,2,326.0,4,325.63,4,,,,,327.8,2,327.81,3,328.37,5,328.38,4,328.57,3,328.65,4,328.86,2,329.2,5,330.73,4,,
2025-04-10 09:35:12,327.295,327.2,1,326.83,1,327.76,1,327.76,326.83,326.83,1,326.71,1,326.61,7,326.5,7,326.22,5,326.15,3,326.08,5,326.01,2,326.0,4,325.63,4,327.76,1,327.8,2,327.81,3,328.37,5,328.38,4,328.57,3,328.65,4,328.86,2,329.2,5,330.73,4
2025-04-10 09:35:13,327.205,327.2,1,326.83,1,327.58,1,327.58,326.83,326.83,1,326.71,1,326.61,7,326.5,7,326.22,5,326.15,3,326.08,5,326.01,2,326.0,4,325.63,4,327.58,1,327.76,1,327.8,2,327.81,3,328.37,5,328.38,4,328.57,3,328.65,4,328.86,2,329.2,5
2025-04-10 09:35:14,327.07,326.83,1,326.56,1,327.58,1,327.58,326.56,326.56,1,326.5,7,326.22,5,326.15,3,326.08,5,326.01,2,326.0,4,325.63,4,,,,,327.58,1,327.76,1,327.8,2,327.81,3,328.37,5,328.38,4,328.57,3,328.65,4,328.86,2,329.2,5
2025-04-10 09:35:15,327.055,327.06,3,326.56,1,327.55,3,327.55,326.56,326.56,1,326.5,7,326.22,5,326.15,3,326.08,5,326.01,2,326.0,4,325.63,4,,,,,327.55,3,327.58,1,327.76,1,327.8,2,327.81,3,328.37,5,328.38,4,328.57,3,328.65,4,328.86,2
2025-04-10 09:35:16,326.905,326.91,3,326.55,2,327.26,1,327.26,326.55,326.55,2,326.5,7,326.22,5,326.15,3,326.08,5,326.01,2,326.0,4,325.63,4,,,,,327.26,1,327.27,5,327.5,1,327.55,3,327.58,1,327.76,1,327.8,2,327.81,3,328.37,5,328.38,4
2025-04-10 09:35:17,326.905,326.9,1,326.55,2,327.26,2,327.26,326.55,326.55,2,326.5,7,326.22,5,326.15,3,326.08,5,326.01,2,326.0,4,325.63,4,,,,,327.26,2,327.27,5,327.5,1,327.55,3,327.58,1,327.76,1,327.8,2,327.81,3,328.37,5,328.38,4
2025-04-10 09:35:18,326.905,326.9,1,326.55,2,327.26,2,327.26,326.55,326.55,2,326.5,7,326.22,5,326.15,3,326.08,5,326.01,2,326.0,4,325.63,4,,,,,327.26,2,327.27,5,327.5,1,327.55,3,327.58,1,327.76,1,327.8,2,327.81,3,328.37,5,328.38,4
2025-04-10 09:35:19,326.905,326.9,1,326.55,2,327.26,2,327.26,326.55,326.55,2,326.5,7,326.22,5,326.15,3,326.08,5,326.01,2,326.0,4,325.63,4,,,,,327.26,2,327.27,5,327.5,1,327.55,3,327.58,1,327.76,1,327.8,2,327.81,3,328.37,5,328.38,4
2025-04-10 09:35:20,326.905,326.9,1,326.55,2,327.26,2,327.26,326.55,326.55,2,326.5,7,326.22,5,326.15,3,326.08,5,326.01,2,326.0,4,325.63,4,,,,,327.26,2,327.27,5,327.5,1,327.55,3,327.58,1,327.76,1,327.8,2,327.81,3,328.37,5,328.38,4
2025-04-10 09:35:21,326.905,326.9,1,326.55,2,327.26,2,327.26,326.55,326.55,2,326.5,7,326.22,5,326.15,3,326.08,5,326.01,2,326.0,4,325.63,4,,,,,327.26,2,327.27,5,327.5,1,327.55,3,327.58,1,327.76,1,327.8,2,327.81,3,328.37,5,328.38,4
2025-04-10 09:35:22,326.825,326.63,1,326.55,1,327.1,1,327.1,326.55,326.55,1,326.51,1,326.5,5,326.22,5,326.15,3,326.08,5,326.01,2,326.0,4,325.63,4,,,327.1,1,327.27,6,327.5,1,327.55,3,327.58,1,327.76,1,327.8,2,327.81,3,328.37,5,328.38,4
2025-04-10 09:35:23,326.825,326.91,1,326.55,1,327.1,1,327.1,326.55,326.55,1,326.51,1,326.5,5,326.22,5,326.15,3,326.08,5,326.01,2,326.0,4,325.63,4,,,327.1,1,327.27,6,327.5,1,327.55,3,327.58,1,327.76,1,327.8,2,327.81,3,328.37,5,328.38,4
2025-04-10 09:35:24,326.825,326.83,1,326.55,1,327.1,1,327.1,326.55,326.55,1,326.51,1,326.5,5,326.22,5,326.15,3,326.08,5,326.01,2,326.0,4,325.63,4,,,327.1,1,327.27,6,327.5,1,327.55,3,327.58,1,327.76,1,327.8,2,327.81,3,328.37,5,328.38,4
2025-04-10 09:35:25,326.825,326.83,1,326.55,2,327.1,1,327.1,326.55,326.55,2,326.51,1,326.5,5,326.22,5,326.15,3,326.08,5,326.01,2,326.0,4,325.63,4,,,327.1,1,327.27,6,327.5,1,327.55,3,327.58,1,327.76,1,327.8,2,327.81,3,328.37,5,328.38,4
2025-04-10 09:35:26,326.94,326.94,1,326.78,2,327.1,1,327.1,326.78,326.78,2,326.55,2,326.51,1,326.5,5,326.22,5,326.15,3,326.08,5,326.01,2,326.0,4,325.63,4,327.1,1,327.27,6,327.5,1,327.55,3,327.58,1,327.76,1,327.8,2,327.81,3,328.37,5,328.38,4
2025-04-10 09:35:27,326.94,326.94,1,326.78,2,327.1,1,327.1,326.78,326.78,2,326.5,5,326.22,5,326.15,3,326.08,5,326.01,2,326.0,4,325.63,4,,,,,327.1,1,327.27,6,327.5,1,327.55,3,327.58,1,327.76,1,327.8,2,327.81,3,328.37,5,328.38,4
2025-04-10 09:35:28,326.94,326.94,1,326.78,2,327.1,1,327.1,326.78,326.78,2,326.5,5,326.22,5,326.15,3,326.08,5,326.01,2,326.0,4,325.63,4,,,,,327.1,1,327.27,6,327.5,1,327.55,3,327.58,1,327.76,1,327.8,2,327.81,3,328.37,5,328.38,4
2025-04-10 09:35:29,326.94,326.94,2,326.78,2,327.1,2,327.1,326.78,326.78,2,326.5,5,326.22,5,326.15,3,326.08,5,326.01,2,326.0,4,325.63,4,,,,,327.1,2,327.27,6,327.5,1,327.55,3,327.58,1,327.76,1,327.8,2,327.81,3,328.37,5,328.38,4
2025-04-10 09:35:30,326.94,326.94,2,326.78,2,327.1,2,327.1,326.78,326.78,2,326.5,5,326.22,5,326.15,3,326.08,5,326.01,2,326.0,4,325.63,4,,,,,327.1,2,327.27,6,327.5,1,327.55,3,327.58,1,327.76,1,327.8,2,327.81,3,328.37,5,328.38,4
2025-04-10 09:35:31,326.94,326.94,2,326.78,2,327.1,2,327.1,326.78,326.78,2,326.5,5,326.22,5,326.15,3,326.08,5,326.01,2,326.0,4,325.63,4,,,,,327.1,2,327.27,6,327.5,1,327.55,3,327.58,1,327.76,1,327.8,2,327.81,3,328.37,5,328.38,4
2025-04-10 09:35:32,326.94,326.94,2,326.78,2,327.1,2,327.1,326.78,326.78,2,326.5,5,326.22,5,326.15,3,326.08,5,326.01,2,326.0,4,325.63,4,,,,,327.1,2,327.27,6,327.5,1,327.55,3,327.58,1,327.76,1,327.8,2,327.81,3,328.37,5,328.38,4
2025-04-10 09:35:33,326.94,326.94,2,326.78,2,327.1,2,327.1,326.78,326.78,2,326.5,5,326.22,5,326.15,3,326.08,5,326.01,2,326.0,4,325.63,4,,,,,327.1,2,327.27,6,327.5,1,327.55,3,327.58,1,327.76,1,327.8,2,327.81,3,328.37,5,328.38,4
2025-04-10 09:35:34,326.94,326.94,2,326.78,2,327.1,2,327.1,326.78,326.78,2,326.5,5,326.22,5,326.15,3,326.08,5,326.01,2,326.0,4,325.63,4,,,,,327.1,2,327.27,6,327.5,1,327.55,3,327.58,1,327.76,1,327.8,2,327.81,3,328.37,5,328.38,4
2025-04-10 09:35:35,326.94,326.94,2,326.78,2,327.1,2,327.1,326.78,326.78,2,326.5,5,326.22,5,326.15,3,326.08,5,326.01,2,326.0,4,325.63,4,,,,,327.1,2,327.27,6,327.5,1,327.55,3,327.58,1,327.76,1,327.8,2,327.81,3,328.37,5,328.38,4
2025-04-10 09:35:36,326.94,326.94,2,326.78,2,327.1,2,327.1,326.78,326.78,2,326.5,5,326.22,5,326.15,3,326.08,5,326.01,2,326.0,4,325.63,4,,,,,327.1,2,327.27,6,327.5,1,327.55,3,327.58,1,327.76,1,327.8,2,327.81,3,328.37,5,328.38,4
2025-04-10 09:35:37,327.17,326.94,1,326.79,3,327.55,2,327.55,326.79,326.79,3,326.73,2,326.5,5,326.22,5,326.15,3,326.08,5,326.01,2,326.0,4,325.63,4,,,327.55,2,327.58,1,327.76,1,327.8,2,327.81,3,328.37,5,328.38,4,328.57,3,328.65,4,328.86,2
2025-04-10 09:35:38,327.225,326.94,1,326.9,8,327.55,2,327.55,326.9,326.9,8,326.79,3,326.73,2,326.5,5,326.22,5,326.15,3,326.08,5,326.01,2,326.0,4,325.63,4,327.55,2,327.58,1,327.76,1,327.8,2,327.81,3,328.37,5,328.38,4,328.57,3,328.65,4,328.86,2
2025-04-10 09:35:39,327.225,326.94,1,326.9,8,327.55,2,327.55,326.9,326.9,8,326.79,3,326.73,2,326.5,5,326.22,5,326.15,3,326.08,5,326.01,2,326.0,4,325.63,4,327.55,2,327.58,1,327.76,1,327.8,2,327.81,3,328.37,5,328.38,4,328.57,3,328.65,4,328.86,2
2025-04-10 09:35:40,327.225,327.23,1,326.9,8,327.55,2,327.55,326.9,326.9,8,326.79,3,326.73,2,326.5,5,326.22,5,326.15,3,326.08,5,326.01,2,326.0,4,325.63,4,327.55,2,327.58,1,327.76,1,327.8,2,327.81,3,328.37,5,328.38,4,328.57,3,328.65,4,328.86,2
2025-04-10 09:35:41,327.225,327.23,1,326.9,8,327.55,3,327.55,326.9,326.9,8,326.79,3,326.73,2,326.5,5,326.22,5,326.15,3,326.08,5,326.01,2,326.0,4,325.63,4,327.55,3,327.58,1,327.76,1,327.8,2,327.81,3,328.37,5,328.38,4,328.57,3,328.65,4,328.86,2
2025-04-10 09:35:42,327.225,327.23,1,326.9,8,327.55,3,327.55,326.9,326.9,8,326.79,3,326.73,2,326.5,5,326.22,5,326.15,3,326.08,5,326.01,2,326.0,4,325.63,4,327.55,3,327.58,1,327.76,1,327.8,2,327.81,3,328.37,5,328.38,4,328.57,3,328.65,4,328.86,2
2025-04-10 09:35:43,327.225,327.23,1,326.9,8,327.55,3,327.55,326.9,326.9,8,326.79,3,326.73,2,326.5,5,326.22,5,326.15,3,326.08,5,326.01,2,326.0,4,325.63,4,327.55,3,327.58,1,327.76,1,327.8,2,327.81,3,328.37,5,328.38,4,328.57,3,328.65,4,328.86,2
2025-04-10 09:35:44,327.225,327.23,1,326.9,8,327.55,3,327.55,326.9,326.9,8,326.79,3,326.73,2,326.5,5,326.22,5,326.15,3,326.08,5,326.01,2,326.0,4,325.63,4,327.55,3,327.58,1,327.76,1,327.8,2,327.81,3,328.37,5,328.38,4,328.57,3,328.65,4,328.86,2
2025-04-10 09:35:45,327.225,327.2,1,326.9,8,327.55,3,327.55,326.9,326.9,8,326.79,3,326.73,2,326.5,5,326.22,5,326.15,3,326.08,5,326.01,2,326.0,4,325.63,4,327.55,3,327.58,1,327.76,1,327.8,2,327.81,3,328.37,5,328.38,4,328.57,3,328.65,4,328.86,2
2025-04-10 09:35:46,327.225,327.2,1,326.9,8,327.55,3,327.55,326.9,326.9,8,326.79,3,326.73,2,326.5,5,326.22,5,326.15,3,326.08,5,326.01,2,326.0,4,325.63,4,327.55,3,327.58,1,327.76,1,327.8,2,327.81,3,328.37,5,328.38,4,328.57,3,328.65,4,328.86,2
2025-04-10 09:35:47,327.355,327.5,1,326.91,4,327.8,2,327.8,326.91,326.91,4,326.9,8,326.79,3,326.73,2,326.5,5,326.22,5,326.15,3,326.08,5,326.01,2,326.0,4,327.8,2,327.81,3,328.37,5,328.38,4,328.57,3,328.65,4,328.86,2,329.2,5,330.73,4,,
2025-04-10 09:35:48,327.505,327.51,3,327.27,7,327.74,1,327.74,327.27,327.27,7,326.91,5,326.9,8,326.79,3,326.73,2,326.5,5,326.22,5,326.15,3,326.08,5,326.01,2,327.74,1,327.8,1,327.81,3,328.37,5,328.38,4,328.57,3,328.65,4,328.86,2,329.2,5,330.73,4
2025-04-10 09:35:49,327.765,327.8,1,327.54,6,327.99,1,327.99,327.54,327.54,6,327.27,6,326.91,5,326.9,8,326.79,3,326.73,2,326.5,5,326.22,5,326.15,3,326.08,5,327.99,1,328.37,5,328.38,4,328.57,3,328.65,4,328.86,2,329.2,5,330.73,4,,,,
2025-04-10 09:35:50,327.935,327.99,1,327.55,4,328.32,3,328.32,327.55,327.55,4,327.54,6,327.27,6,326.91,5,326.9,8,326.79,3,326.73,2,326.5,5,326.22,5,326.15,3,328.32,3,328.37,5,328.38,4,328.57,3,328.65,4,328.86,2,329.2,5,330.73,4,,,,
2025-04-10 09:35:51,327.935,327.99,1,327.55,4,328.32,2,328.32,327.55,327.55,4,327.54,6,327.27,6,326.91,5,326.9,8,326.79,3,326.73,2,326.5,5,326.22,5,326.15,3,328.32,2,328.37,5,328.38,4,328.57,3,328.65,4,328.86,2,329.2,5,330.73,4,,,,
2025-04-10 09:35:52,327.93,327.99,1,327.55,4,328.31,1,328.31,327.55,327.55,4,327.54,6,327.27,6,326.91,5,326.9,8,326.79,3,326.73,2,326.5,5,326.22,5,326.15,3,328.31,1,328.32,2,328.37,5,328.38,4,328.57,3,328.65,4,328.86,2,329.2,5,330.73,4,,
2025-04-10 09:35:53,327.935,327.94,1,327.55,5,328.32,2,328.32,327.55,327.55,5,327.54,6,327.27,6,326.91,5,326.9,8,326.79,3,326.73,2,326.5,5,326.22,5,326.15,3,328.32,2,328.37,5,328.38,4,328.57,3,328.65,4,328.86,2,329.2,5,330.73,4,,,,
2025-04-10 09:35:54,327.935,327.94,1,327.55,5,328.32,2,328.32,327.55,327.55,5,327.54,6,327.27,6,326.91,5,326.9,8,326.79,3,326.73,2,326.5,5,326.22,5,326.15,3,328.32,2,328.37,5,328.38,4,328.57,3,328.65,4,328.86,2,329.2,5,330.73,4,,,,
2025-04-10 09:35:55,327.5,327.71,1,326.95,7,328.05,2,328.05,326.95,326.95,7,326.91,5,326.9,8,326.79,3,326.73,2,326.5,5,326.22,5,326.15,3,326.08,5,326.01,2,328.05,2,328.32,5,328.37,5,328.38,4,328.57,3,328.65,4,328.86,2,329.2,5,330.73,4,,
2025-04-10 09:35:56,327.42,327.71,1,326.95,7,327.89,1,327.89,326.95,326.95,7,326.91,5,326.9,8,326.79,3,326.73,2,326.5,5,326.22,5,326.15,3,326.08,5,326.01,2,327.89,1,327.92,1,328.05,2,328.32,5,328.37,5,328.38,4,328.57,3,328.65,4,328.86,2,329.2,5
2025-04-10 09:35:57,327.505,327.7,1,327.27,2,327.74,2,327.74,327.27,327.27,2,326.95,11,326.91,5,326.9,8,326.79,3,326.73,2,326.5,5,326.22,5,326.15,3,326.08,5,327.74,2,327.76,1,327.89,1,327.92,1,328.05,2,328.32,5,328.37,5,328.38,4,328.57,3,328.65,4
2025-04-10 09:35:58,327.505,327.68,1,327.27,5,327.74,2,327.74,327.27,327.27,5,326.95,11,326.91,5,326.9,8,326.79,3,326.73,2,326.5,5,326.22,5,326.15,3,326.08,5,327.74,2,327.76,1,327.89,1,327.92,1,328.05,2,328.32,5,328.37,5,328.38,4,328.57,3,328.65,4
2025-04-10 09:35:59,327.52,327.52,3,327.28,4,327.76,1,327.76,327.28,327.28,4,327.27,5,326.95,11,326.91,5,326.9,8,326.79,3,326.73,2,326.5,5,326.22,5,326.15,3,327.76,1,327.89,1,327.92,1,328.05,2,328.32,5,328.37,5,328.38,4,328.57,3,328.65,4,328.86,2
2025-04-10 09:36:00,327.52,327.52,1,327.28,4,327.76,4,327.76,327.28,327.28,4,327.27,5,326.95,11,326.91,5,326.9,8,326.79,3,326.73,2,326.5,5,326.22,5,326.15,3,327.76,4,327.89,1,327.92,1,328.05,2,328.32,5,328.37,5,328.38,4,328.57,3,328.65,4,328.86,2
2025-04-10 09:36:01,327.665,327.76,3,327.28,3,328.05,1,328.05,327.28,327.28,3,327.27,5,326.95,11,326.91,5,326.9,8,326.79,3,326.73,2,326.5,5,326.22,5,326.15,3,328.05,1,328.22,1,328.32,5,328.37,5,328.38,4,328.57,3,328.65,4,328.86,2,329.2,5,330.73,4
2025-04-10 09:36:02,327.665,327.67,3,327.28,5,328.05,1,328.05,327.28,327.28,5,327.27,5,326.95,11,326.91,5,326.9,8,326.79,3,326.73,2,326.5,5,326.22,5,326.15,3,328.05,1,328.22,1,328.32,5,328.37,5,328.38,4,328.57,3,328.65,4,328.86,2,329.2,5,330.73,4
2025-04-10 09:36:03,327.665,327.67,3,327.28,5,328.05,1,328.05,327.28,327.28,5,327.27,5,326.95,11,326.91,5,326.9,8,326.79,3,326.73,2,326.5,5,326.22,5,326.15,3,328.05,1,328.22,1,328.32,5,328.37,5,328.38,4,328.57,3,328.65,4,328.86,2,329.2,5,330.73,4
2025-04-10 09:36:04,327.67,327.67,3,327.29,4,328.05,1,328.05,327.29,327.29,4,327.28,5,327.27,5,326.95,11,326.91,5,326.9,8,326.79,3,326.73,2,326.5,5,326.22,5,328.05,1,328.22,1,328.32,5,328.37,5,328.38,4,328.57,3,328.65,4,328.86,2,329.2,5,330.73,4
2025-04-10 09:36:05,328.2,328.19,88,327.77,5,328.63,1,328.63,327.77,327.77,5,327.76,5,327.75,9,327.29,3,327.28,5,327.27,5,326.95,11,326.91,5,326.9,8,326.79,3,328.63,1,328.65,4,328.86,2,329.2,5,330.73,4,,,,,,,,,,
2025-04-10 09:36:06,328.205,328.21,1,327.78,4,328.63,1,328.63,327.78,327.78,4,327.77,5,327.76,5,327.75,9,327.29,3,327.28,5,327.27,5,326.95,11,326.91,5,326.9,8,328.63,1,328.65,4,328.86,2,329.2,5,330.73,4,,,,,,,,,,
2025-04-10 09:36:07,328.205,328.21,1,327.78,4,328.63,1,328.63,327.78,327.78,4,327.77,5,327.76,5,327.75,9,327.29,3,327.28,5,327.27,5,326.95,11,326.91,5,326.9,8,328.63,1,328.65,4,328.86,2,329.2,5,330.73,4,,,,,,,,,,
2025-04-10 09:36:08,328.205,328.21,1,327.78,4,328.63,1,328.63,327.78,327.78,4,327.77,5,327.76,5,327.75,9,327.29,3,327.28,5,327.27,5,326.95,11,326.91,5,326.9,8,328.63,1,328.65,4,328.86,2,329.2,5,330.73,4,,,,,,,,,,
2025-04-10 09:36:09,328.195,328.2,2,327.76,3,328.63,1,328.63,327.76,327.76,3,327.75,9,327.29,3,327.28,5,327.27,5,326.95,11,326.91,5,326.9,8,326.79,3,326.73,2,328.63,1,328.65,4,328.86,2,329.2,5,330.73,4,,,,,,,,,,
2025-04-10 09:36:10,328.195,328.2,14,327.76,3,328.63,1,328.63,327.76,327.76,3,327.75,9,327.29,3,327.28,5,327.27,5,326.95,11,326.91,5,326.9,8,326.79,3,326.73,2,328.63,1,328.65,4,328.86,2,329.2,5,330.73,4,,,,,,,,,,
2025-04-10 09:36:11,327.795,327.52,1,327.28,2,328.31,1,328.31,327.28,327.28,2,327.27,5,326.95,11,326.91,5,326.9,8,326.79,3,326.73,2,326.5,5,326.22,5,326.15,3,328.31,1,328.63,2,328.65,4,328.86,2,329.2,5,330.73,4,,,,,,,,
2025-04-10 09:36:12,327.765,327.61,1,327.28,6,328.25,6,328.25,327.28,327.28,6,327.27,5,326.95,11,326.91,5,326.9,8,326.79,3,326.73,2,326.5,5,326.22,5,326.15,3,328.25,6,328.31,2,328.63,2,328.65,4,328.86,2,329.2,5,330.73,4,,,,,,
2025-04-10 09:36:13,327.77,327.77,43,327.29,4,328.25,6,328.25,327.29,327.29,4,327.28,6,327.27,5,326.95,11,326.91,5,326.9,8,326.79,3,326.73,2,326.5,5,326.22,5,328.25,6,328.31,2,328.63,2,328.65,4,328.86,2,329.2,5,330.73,4,,,,,,
2025-04-10 09:36:14,327.77,327.77,4,327.29,4,328.25,6,328.25,327.29,327.29,4,327.28,6,327.27,5,326.95,11,326.91,5,326.9,8,326.79,3,326.73,2,326.5,5,326.22,5,328.25,6,328.31,2,328.63,2,328.65,4,328.86,2,329.2,5,330.73,4,,,,,,
2025-04-10 09:36:15,327.77,327.77,1,327.29,4,328.25,6,328.25,327.29,327.29,4,327.28,6,327.27,5,326.95,11,326.91,5,326.9,8,326.79,3,326.73,2,326.5,5,326.22,5,328.25,6,328.31,2,328.63,2,328.65,4,328.86,2,329.2,5,330.73,4,,,,,,
2025-04-10 09:36:16,327.77,327.77,1,327.29,4,328.25,8,328.25,327.29,327.29,4,327.28,6,327.27,5,326.95,11,326.91,5,326.9,8,326.79,3,326.73,2,326.5,5,326.22,5,328.25,8,328.31,2,328.63,2,328.65,4,328.86,2,329.2,5,330.73,4,,,,,,
2025-04-10 09:36:17,327.77,327.77,5,327.29,4,328.25,8,328.25,327.29,327.29,4,327.28,6,327.27,5,326.95,11,326.91,5,326.9,8,326.79,3,326.73,2,326.5,5,326.22,5,328.25,8,328.31,2,328.63,2,328.65,4,328.86,2,329.2,5,330.73,4,,,,,,
2025-04-10 09:36:18,327.68,327.78,1,327.3,4,328.06,1,328.06,327.3,327.3,4,327.29,4,327.28,6,327.27,5,326.95,11,326.91,5,326.9,8,326.79,3,326.73,2,326.5,5,328.06,1,328.24,1,328.25,8,328.31,2,328.63,2,328.65,4,328.86,2,329.2,5,330.73,4,,
2025-04-10 09:36:19,327.68,327.78,1,327.3,4,328.06,1,328.06,327.3,327.3,4,327.29,4,327.28,6,327.27,5,326.95,11,326.91,5,326.9,8,326.79,3,326.73,2,326.5,5,328.06,1,328.24,1,328.25,8,328.31,2,328.63,2,328.65,4,328.86,2,329.2,5,330.73,4,,
2025-04-10 09:36:20,327.68,327.78,1,327.3,4,328.06,2,328.06,327.3,327.3,4,327.29,4,327.28,6,327.27,5,326.95,11,326.91,5,326.9,8,326.79,3,326.73,2,326.5,5,328.06,2,328.24,1,328.25,8,328.31,2,328.63,2,328.65,4,328.86,2,329.2,5,330.73,4,,
2025-04-10 09:36:21,327.68,327.68,1,327.3,4,328.06,2,328.06,327.3,327.3,4,327.29,4,327.28,6,327.27,5,326.95,11,326.91,5,326.9,8,326.79,3,326.73,2,326.5,5,328.06,2,328.24,1,328.25,8,328.31,2,328.63,2,328.65,4,328.86,2,329.2,5,330.73,4,,
2025-04-10 09:36:22,327.68,327.68,1,327.3,5,328.06,2,328.06,327.3,327.3,5,327.29,4,327.28,6,327.27,5,326.95,11,326.91,5,326.9,8,326.79,3,326.73,2,326.5,5,328.06,2,328.24,1,328.25,8,328.31,2,328.63,2,328.65,4,328.86,2,329.2,5,330.73,4,,
2025-04-10 09:36:23,327.895,328.0,1,327.54,5,328.25,9,328.25,327.54,327.54,5,327.35,4,327.34,4,327.33,4,327.32,4,327.31,5,327.3,5,327.29,4,327.28,6,327.27,5,328.25,9,328.31,2,328.63,2,328.65,4,328.86,2,329.2,5,330.73,4,,,,,,
2025-04-10 09:36:24,327.9,328.0,1,327.55,4,328.25,9,328.25,327.55,327.55,4,327.54,5,327.35,4,327.34,4,327.33,4,327.32,4,327.31,5,327.3,5,327.29,4,327.28,6,328.25,9,328.31,2,328.63,2,328.65,4,328.86,2,329.2,5,330.73,4,,,,,,
2025-04-10 09:36:25,327.9,327.9,1,327.55,5,328.25,9,328.25,327.55,327.55,5,327.54,5,327.35,4,327.34,4,327.33,4,327.32,4,327.31,5,327.3,5,327.29,4,327.28,6,328.25,9,328.31,2,328.63,2,328.65,4,328.86,2,329.2,5,330.73,4,,,,,,
2025-04-10 09:36:26,327.96,327.96,1,327.67,4,328.25,9,328.25,327.67,327.67,4,327.55,5,327.54,5,327.35,4,327.34,4,327.33,4,327.32,4,327.31,5,327.3,5,327.29,4,328.25,9,328.31,2,328.63,2,328.65,4,328.86,2,329.2,5,330.73,4,,,,,,
2025-04-10 09:36:27,327.96,328.01,1,327.67,4,328.25,9,328.25,327.67,327.67,4,327.55,5,327.54,5,327.35,4,327.34,4,327.33,4,327.32,4,327.31,5,327.3,5,327.29,4,328.25,9,328.31,2,328.63,2,328.65,4,328.86,2,329.2,5,330.73,4,,,,,,
2025-04-10 09:36:28,327.96,327.96,1,327.67,4,328.25,9,328.25,327.67,327.67,4,327.55,5,327.54,5,327.35,4,327.34,4,327.33,4,327.32,4,327.31,5,327.3,5,327.29,4,328.25,9,328.31,2,328.63,2,328.65,4,328.86,2,329.2,5,330.73,4,,,,,,
2025-04-10 09:36:29,327.845,327.85,1,327.55,2,328.14,4,328.14,327.55,327.55,2,327.54,5,327.35,4,327.34,4,327.33,4,327.32,4,327.31,5,327.3,5,327.29,4,327.28,6,328.14,4,328.25,9,328.31,2,328.63,2,328.65,4,328.86,2,329.2,5,330.73,4,,,,
2025-04-10 09:36:30,327.845,327.85,1,327.55,5,328.14,4,328.14,327.55,327.55,5,327.54,5,327.35,4,327.34,4,327.33,4,327.32,4,327.31,5,327.3,5,327.29,4,327.28,6,328.14,4,328.25,9,328.31,2,328.63,2,328.65,4,328.86,2,329.2,5,330.73,4,,,,
2025-04-10 09:36:31,327.845,327.85,1,327.55,5,328.14,4,328.14,327.55,327.55,5,327.54,5,327.35,4,327.34,4,327.33,4,327.32,4,327.31,5,327.3,5,327.29,4,327.28,6,328.14,4,328.25,9,328.31,2,328.63,2,328.65,4,328.86,2,329.2,5,330.73,4,,,,
2025-04-10 09:36:32,327.9,327.6,1,327.55,5,328.25,9,328.25,327.55,327.55,5,327.54,5,327.35,4,327.34,4,327.33,4,327.32,4,327.31,5,327.3,5,327.29,4,327.28,6,328.25,9,328.31,2,328.63,2,328.65,4,328.86,2,329.2,5,330.73,4,,,,,,
2025-04-10 09:36:33,327.9,327.58,2,327.55,5,328.25,9,328.25,327.55,327.55,5,327.54,5,327.35,4,327.34,4,327.33,4,327.32,4,327.31,5,327.3,5,327.29,4,327.28,6,328.25,9,328.31,2,328.63,2,328.65,4,328.86,2,329.2,5,330.73,4,,,,,,
2025-04-10 09:36:34,327.7,327.7,1,327.55,2,327.85,2,327.85,327.55,327.55,2,327.51,3,327.35,4,327.34,4,327.33,4,327.32,4,327.31,5,327.3,5,327.29,4,327.28,6,327.85,2,327.89,1,328.25,10,328.31,2,328.63,2,328.65,4,328.86,2,329.2,5,330.73,4,,
2025-04-10 09:36:35,327.72,327.85,2,327.55,3,327.89,1,327.89,327.55,327.55,3,327.51,3,327.35,4,327.34,4,327.33,4,327.32,4,327.31,5,327.3,5,327.29,4,327.28,6,327.89,1,328.15,1,328.25,10,328.31,2,328.63,2,328.65,4,328.86,2,329.2,5,330.73,4,,
2025-04-10 09:36:36,327.87,327.85,2,327.55,3,328.19,1,328.19,327.55,327.55,3,327.51,3,327.35,4,327.34,4,327.33,4,327.32,4,327.31,5,327.3,5,327.29,4,327.28,6,328.19,1,328.25,10,328.31,2,328.63,2,328.65,4,328.86,2,329.2,5,330.73,4,,,,
2025-04-10 09:36:37,327.805,327.87,2,327.55,3,328.06,1,328.06,327.55,327.55,3,327.51,3,327.35,4,327.34,4,327.33,4,327.32,4,327.31,5,327.3,5,327.29,4,327.28,6,328.06,1,328.19,3,328.25,10,328.31,2,328.63,2,328.65,4,328.86,2,329.2,5,330.73,4,,
2025-04-10 09:36:38,327.72,327.87,2,327.55,3,327.89,1,327.89,327.55,327.55,3,327.51,3,327.35,4,327.34,4,327.33,4,327.32,4,327.31,5,327.3,5,327.29,4,327.28,6,327.89,1,328.06,2,328.19,3,328.25,10,328.31,2,328.63,2,328.65,4,328.86,2,329.2,5,330.73,4
2025-04-10 09:36:39,327.755,327.72,2,327.55,3,327.96,1,327.96,327.55,327.55,3,327.51,3,327.35,4,327.34,4,327.33,4,327.32,4,327.31,5,327.3,5,327.29,4,327.28,6,327.96,1,328.06,1,328.11,1,328.19,3,328.25,10,328.31,2,328.63,2,328.65,4,328.86,2,329.2,5
2025-04-10 09:36:40,327.72,327.74,1,327.55,3,327.89,1,327.89,327.55,327.55,3,327.51,3,327.35,4,327.34,4,327.33,4,327.32,4,327.31,5,327.3,5,327.29,4,327.28,6,327.89,1,327.96,1,328.06,1,328.11,1,328.19,3,328.25,10,328.31,2,328.63,2,328.65,4,328.86,2
2025-04-10 09:36:41,327.72,327.74,1,327.55,5,327.89,3,327.89,327.55,327.55,5,327.51,3,327.35,4,327.34,4,327.33,4,327.32,4,327.31,5,327.3,5,327.29,4,327.28,6,327.89,3,327.96,1,328.06,1,328.11,1,328.19,3,328.25,10,328.31,2,328.63,2,328.65,4,328.86,2
2025-04-10 09:36:42,327.805,327.89,1,327.55,5,328.06,1,328.06,327.55,327.55,5,327.51,3,327.35,4,327.34,4,327.33,4,327.32,4,327.31,5,327.3,5,327.29,4,327.28,6,328.06,1,328.15,1,328.19,3,328.25,10,328.31,2,328.63,2,328.65,4,328.86,2,329.2,5,330.73,4
2025-04-10 09:36:43,327.87,327.85,1,327.55,5,328.19,5,328.19,327.55,327.55,5,327.51,3,327.35,4,327.34,4,327.33,4,327.32,4,327.31,5,327.3,5,327.29,4,327.28,6,328.19,5,328.25,10,328.31,2,328.63,2,328.65,4,328.86,2,329.2,5,330.73,4,,,,
2025-04-10 09:36:44,327.76,327.85,1,327.56,4,327.96,1,327.96,327.56,327.56,4,327.55,5,327.51,3,327.35,4,327.34,4,327.33,4,327.32,4,327.31,5,327.3,5,327.29,4,327.96,1,328.19,5,328.25,10,328.31,2,328.63,2,328.65,4,328.86,2,329.2,5,330.73,4,,
2025-04-10 09:36:45,327.76,327.76,1,327.56,4,327.96,1,327.96,327.56,327.56,4,327.55,5,327.51,3,327.35,4,327.34,4,327.33,4,327.32,4,327.31,5,327.3,5,327.29,4,327.96,1,328.19,5,328.25,10,328.31,2,328.63,2,328.65,4,328.86,2,329.2,5,330.73,4,,
2025-04-10 09:36:46,327.76,327.76,1,327.56,4,327.96,1,327.96,327.56,327.56,4,327.55,5,327.51,3,327.35,4,327.34,4,327.33,4,327.32,4,327.31,5,327.3,5,327.29,4,327.96,1,328.19,5,328.25,10,328.31,2,328.63,2,328.65,4,328.86,2,329.2,5,330.73,4,,
2025-04-10 09:36:47,327.755,327.76,1,327.56,4,327.95,25,327.95,327.56,327.56,4,327.55,5,327.51,3,327.35,4,327.34,4,327.33,4,327.32,4,327.31,5,327.3,5,327.29,4,327.95,25,327.96,1,328.19,5,328.25,10,328.31,2,328.63,2,328.65,4,328.86,2,329.2,5,330.73,4
2025-04-10 09:36:48,327.755,327.76,1,327.56,4,327.95,25,327.95,327.56,327.56,4,327.55,5,327.51,3,327.35,4,327.34,4,327.33,4,327.32,4,327.31,5,327.3,5,327.29,4,327.95,25,327.96,1,328.19,5,328.25,10,328.31,2,328.63,2,328.65,4,328.86,2,329.2,5,330.73,4
2025-04-10 09:36:49,327.875,327.95,1,327.56,6,328.19,4,328.19,327.56,327.56,6,327.55,5,327.51,3,327.35,4,327.34,4,327.33,4,327.32,4,327.31,5,327.3,5,327.29,4,328.19,4,328.25,10,328.31,2,328.63,2,328.65,4,328.86,2,329.2,5,330.73,4,,,,
2025-04-10 09:36:50,327.875,327.88,1,327.56,7,328.19,4,328.19,327.56,327.56,7,327.55,5,327.51,3,327.35,4,327.34,4,327.33,4,327.32,4,327.31,5,327.3,5,327.29,4,328.19,4,328.25,10,328.31,2,328.63,2,328.65,4,328.86,2,329.2,5,330.73,4,,,,
2025-04-10 09:36:51,327.885,328.0,1,327.58,5,328.19,4,328.19,327.58,327.58,5,327.56,6,327.55,5,327.51,3,327.35,4,327.34,4,327.33,4,327.32,4,327.31,5,327.3,5,328.19,4,328.25,10,328.31,2,328.63,2,328.65,4,328.86,2,329.2,5,330.73,4,,,,
2025-04-10 09:36:52,327.995,328.0,1,327.59,5,328.4,2,328.4,327.59,327.59,5,327.58,5,327.56,6,327.55,5,327.51,3,327.35,4,327.34,4,327.33,4,327.32,4,327.31,5,328.4,2,328.63,2,328.65,4,328.86,2,329.2,5,330.73,4,,,,,,,,
2025-04-10 09:36:53,327.995,328.0,1,327.59,5,328.4,4,328.4,327.59,327.59,5,327.58,5,327.56,6,327.55,5,327.51,3,327.35,4,327.34,4,327.33,4,327.32,4,327.31,5,328.4,4,328.63,2,328.65,4,328.86,2,329.2,5,330.73,4,,,,,,,,
2025-04-10 09:36:54,327.995,328.0,1,327.59,5,328.4,4,328.4,327.59,327.59,5,327.58,5,327.56,6,327.55,5,327.51,3,327.35,4,327.34,4,327.33,4,327.32,4,327.31,5,328.4,4,328.63,2,328.65,4,328.86,2,329.2,5,330.73,4,,,,,,,,
2025-04-10 09:36:55,327.99,327.98,1,327.59,4,328.39,3,328.39,327.59,327.59,4,327.58,5,327.56,6,327.55,5,327.51,3,327.35,4,327.34,4,327.33,4,327.32,4,327.31,5,328.39,3,328.4,4,328.63,2,328.65,4,328.86,2,329.2,5,330.73,4,,,,,,
2025-04-10 09:36:56,327.99,328.0,1,327.59,3,328.39,3,328.39,327.59,327.59,3,327.58,5,327.56,6,327.55,5,327.51,3,327.35,4,327.34,4,327.33,4,327.32,4,327.31,5,328.39,3,328.4,4,328.63,2,328.65,4,328.86,2,329.2,5,330.73,4,,,,,,
2025-04-10 09:36:57,327.995,328.0,1,327.59,3,328.4,4,328.4,327.59,327.59,3,327.58,5,327.56,6,327.55,5,327.51,3,327.35,4,327.34,4,327.33,4,327.32,4,327.31,5,328.4,4,328.63,2,328.65,4,328.86,2,329.2,5,330.73,4,,,,,,,,
2025-04-10 09:36:58,327.995,328.0,10,327.6,4,328.39,1,328.39,327.6,327.6,4,327.59,3,327.58,5,327.56,6,327.55,5,327.51,3,327.35,4,327.34,4,327.33,4,327.32,4,328.39,1,328.4,4,328.63,2,328.65,4,328.86,2,329.2,5,330.73,4,,,,,,
2025-04-10 09:36:59,328.0,328.0,10,327.6,4,328.4,4,328.4,327.6,327.6,4,327.59,3,327.58,5,327.56,6,327.55,5,327.51,3,327.35,4,327.34,4,327.33,4,327.32,4,328.4,4,328.63,2,328.65,4,328.86,2,329.2,5,330.73,4,,,,,,,,
2025-04-10 09:37:00,327.995,328.01,1,327.6,5,328.39,1,328.39,327.6,327.6,5,327.59,3,327.58,5,327.56,6,327.55,5,327.51,3,327.35,4,327.34,4,327.33,4,327.32,4,328.39,1,328.4,4,328.63,2,328.65,4,328.86,2,329.2,5,330.73,4,,,,,,
2025-04-10 09:37:01,328.0,328.0,4,327.6,4,328.4,4,328.4,327.6,327.6,4,327.59,3,327.58,5,327.56,6,327.55,5,327.51,3,327.35,4,327.34,4,327.33,4,327.32,4,328.4,4,328.63,2,328.65,4,328.86,2,329.2,5,330.73,4,,,,,,,,
2025-04-10 09:37:02,328.0,327.92,1,327.6,4,328.4,4,328.4,327.6,327.6,4,327.59,3,327.58,5,327.56,6,327.55,5,327.51,3,327.35,4,327.34,4,327.33,4,327.32,4,328.4,4,328.63,2,328.65,4,328.86,2,329.2,5,330.73,4,,,,,,,,
2025-04-10 09:37:03,328.0,327.92,1,327.6,4,328.4,4,328.4,327.6,327.6,4,327.59,3,327.58,5,327.56,6,327.55,5,327.51,3,327.35,4,327.34,4,327.33,4,327.32,4,328.4,4,328.63,2,328.65,4,328.86,2,329.2,5,330.73,4,,,,,,,,
2025-04-10 09:37:04,328.0,327.89,2,327.6,2,328.4,4,328.4,327.6,327.6,2,327.58,3,327.56,6,327.55,5,327.51,3,327.35,4,327.34,4,327.33,4,327.32,4,327.31,5,328.4,4,328.63,2,328.65,4,328.86,2,329.2,5,330.73,4,,,,,,,,
2025-04-10 09:37:05,327.605,327.58,1,327.36,1,327.85,3,327.85,327.36,327.36,1,327.35,4,327.34,4,327.33,4,327.32,4,327.31,5,327.3,5,327.29,4,327.28,6,327.27,5,327.85,3,327.86,1,327.99,1,328.06,1,328.11,1,328.12,3,328.18,1,328.4,5,328.63,2,328.65,4
2025-04-10 09:37:06,327.72,327.72,1,327.36,5,328.08,3,328.08,327.36,327.36,5,327.35,4,327.34,4,327.33,4,327.32,4,327.31,5,327.3,5,327.29,4,327.28,6,327.27,5,328.08,3,328.11,5,328.12,5,328.18,1,328.4,5,328.63,2,328.65,4,328.86,2,329.2,5,330.73,4
2025-04-10 09:37:07,327.72,327.72,1,327.36,5,328.08,3,328.08,327.36,327.36,5,327.35,4,327.34,4,327.33,4,327.32,4,327.31,5,327.3,5,327.29,4,327.28,6,327.27,5,328.08,3,328.11,5,328.12,5,328.18,1,328.4,5,328.63,2,328.65,4,328.86,2,329.2,5,330.73,4
2025-04-10 09:37:08,327.72,327.72,1,327.36,5,328.08,3,328.08,327.36,327.36,5,327.35,4,327.34,4,327.33,4,327.32,4,327.31,5,327.3,5,327.29,4,327.28,6,327.27,5,328.08,3,328.11,5,328.12,5,328.18,1,328.4,5,328.63,2,328.65,4,328.86,2,329.2,5,330.73,4
2025-04-10 09:37:09,327.72,327.72,1,327.36,5,328.08,3,328.08,327.36,327.36,5,327.35,4,327.34,4,327.33,4,327.32,4,327.31,5,327.3,5,327.29,4,327.28,6,327.27,5,328.08,3,328.11,5,328.12,5,328.18,1,328.4,5,328.63,2,328.65,4,328.86,2,329.2,5,330.73,4
2025-04-10 09:37:10,327.56,327.44,1,327.15,1,327.97,5,327.97,327.15,327.15,1,326.95,11,326.91,5,326.9,8,326.79,3,326.73,2,326.5,5,326.22,5,326.15,3,326.08,5,327.97,5,327.98,5,328.08,3,328.11,5,328.12,5,328.18,1,328.4,5,328.63,2,328.65,4,328.86,2
2025-04-10 09:37:11,327.505,327.42,1,327.15,2,327.86,3,327.86,327.15,327.15,2,326.95,11,326.91,5,326.9,8,326.79,3,326.73,2,326.5,5,326.22,5,326.15,3,326.08,5,327.86,3,327.95,1,327.97,5,327.98,5,328.08,3,328.11,5,328.12,5,328.18,1,328.4,5,328.63,2
2025-04-10 09:37:12,327.13,327.13,1,326.9,9,327.36,1,327.36,326.9,326.9,9,326.79,3,326.73,2,326.5,5,326.22,5,326.15,3,326.08,5,326.01,2,326.0,4,325.63,4,327.36,1,327.61,1,327.86,6,327.95,1,327.97,5,327.98,5,328.08,3,328.11,5,328.12,5,328.18,1
2025-04-10 09:37:13,327.13,327.13,1,326.9,9,327.36,1,327.36,326.9,326.9,9,326.79,3,326.73,2,326.5,5,326.22,5,326.15,3,326.08,5,326.01,2,326.0,4,325.63,4,327.36,1,327.61,1,327.86,6,327.95,1,327.97,5,327.98,5,328.08,3,328.11,5,328.12,5,328.18,1
2025-04-10 09:37:14,327.075,327.04,1,326.79,2,327.36,1,327.36,326.79,326.79,2,326.56,1,326.5,5,326.22,5,326.15,3,326.08,5,326.01,2,326.0,4,325.63,4,,,327.36,1,327.62,2,327.86,6,327.95,1,327.97,5,327.98,5,328.08,3,328.11,5,328.12,5,328.18,1
2025-04-10 09:37:15,327.075,327.02,2,326.79,2,327.36,1,327.36,326.79,326.79,2,326.56,1,326.5,5,326.22,5,326.15,3,326.08,5,326.01,2,326.0,4,325.63,4,,,327.36,1,327.62,2,327.86,6,327.95,1,327.97,5,327.98,5,328.08,3,328.11,5,328.12,5,328.18,1
2025-04-10 09:37:16,327.33,327.24,1,327.04,3,327.62,4,327.62,327.04,327.04,3,326.86,2,326.79,3,326.56,1,326.5,5,326.22,5,326.15,3,326.08,5,326.01,2,326.0,4,327.62,4,327.86,6,327.95,1,327.97,5,327.98,5,328.08,3,328.11,5,328.12,5,328.18,1,328.4,5
2025-04-10 09:37:17,327.33,327.24,1,327.04,4,327.62,4,327.62,327.04,327.04,4,326.86,2,326.79,3,326.56,1,326.5,5,326.22,5,326.15,3,326.08,5,326.01,2,326.0,4,327.62,4,327.86,6,327.95,1,327.97,5,327.98,5,328.08,3,328.11,5,328.12,5,328.18,1,328.4,5
2025-04-10 09:37:18,327.33,327.33,2,327.04,4,327.62,4,327.62,327.04,327.04,4,326.86,2,326.79,3,326.56,1,326.5,5,326.22,5,326.15,3,326.08,5,326.01,2,326.0,4,327.62,4,327.86,6,327.95,1,327.97,5,327.98,5,328.08,3,328.11,5,328.12,5,328.18,1,328.4,5
2025-04-10 09:37:19,327.33,327.33,2,327.04,4,327.62,5,327.62,327.04,327.04,4,326.86,2,326.79,3,326.56,1,326.5,5,326.22,5,326.15,3,326.08,5,326.01,2,326.0,4,327.62,5,327.86,6,327.95,1,327.97,5,327.98,5,328.08,3,328.11,5,328.12,5,328.18,1,328.4,5
2025-04-10 09:37:20,327.19,327.33,2,327.04,4,327.34,3,327.34,327.04,327.04,4,326.86,2,326.79,3,326.56,1,326.5,5,326.22,5,326.15,3,326.08,5,326.01,2,326.0,4,327.34,3,327.62,4,327.86,6,327.95,1,327.97,5,327.98,5,328.08,3,328.11,5,328.12,5,328.18,1
2025-04-10 09:37:21,327.19,327.19,1,327.04,4,327.34,3,327.34,327.04,327.04,4,326.86,2,326.79,3,326.56,1,326.5,5,326.22,5,326.15,3,326.08,5,326.01,2,326.0,4,327.34,3,327.62,4,327.86,6,327.95,1,327.97,5,327.98,5,328.08,3,328.11,5,328.12,5,328.18,1
2025-04-10 09:37:22,327.19,327.19,1,327.04,4,327.34,3,327.34,327.04,327.04,4,326.86,2,326.79,3,326.56,1,326.5,5,326.22,5,326.15,3,326.08,5,326.01,2,326.0,4,327.34,3,327.62,4,327.86,6,327.95,1,327.97,5,327.98,5,328.08,3,328.11,5,328.12,5,328.18,1
2025-04-10 09:37:23,327.085,327.08,4,326.83,2,327.34,3,327.34,326.83,326.83,2,326.79,3,326.56,1,326.5,5,326.22,5,326.15,3,326.08,5,326.01,2,326.0,4,325.63,4,327.34,3,327.62,4,327.86,6,327.95,1,327.97,5,327.98,5,328.08,3,328.11,5,328.12,5,328.18,1
2025-04-10 09:37:24,327.085,327.08,4,326.83,2,327.34,3,327.34,326.83,326.83,2,326.79,3,326.56,1,326.5,5,326.22,5,326.15,3,326.08,5,326.01,2,326.0,4,325.63,4,327.34,3,327.62,4,327.86,6,327.95,1,327.97,5,327.98,5,328.08,3,328.11,5,328.12,5,328.18,1
2025-04-10 09:37:25,327.085,327.1,1,326.83,2,327.34,8,327.34,326.83,326.83,2,326.79,3,326.56,1,326.5,5,326.22,5,326.15,3,326.08,5,326.01,2,326.0,4,325.63,4,327.34,8,327.62,4,327.86,6,327.95,1,327.97,5,327.98,5,328.08,3,328.11,5,328.12,5,328.18,1
2025-04-10 09:37:26,327.085,326.97,1,326.83,2,327.34,8,327.34,326.83,326.83,2,326.79,3,326.56,1,326.5,5,326.22,5,326.15,3,326.08,5,326.01,2,326.0,4,325.63,4,327.34,8,327.62,4,327.86,6,327.95,1,327.97,5,327.98,5,328.08,3,328.11,5,328.12,5,328.18,1
2025-04-10 09:37:27,327.085,327.08,1,326.83,2,327.34,8,327.34,326.83,326.83,2,326.79,3,326.56,1,326.5,5,326.22,5,326.15,3,326.08,5,326.01,2,326.0,4,325.63,4,327.34,8,327.62,4,327.86,6,327.95,1,327.97,5,327.98,5,328.08,3,328.11,5,328.12,5,328.18,1
2025-04-10 09:37:28,327.085,327.08,1,326.83,3,327.34,8,327.34,326.83,326.83,3,326.79,3,326.56,1,326.5,5,326.22,5,326.15,3,326.08,5,326.01,2,326.0,4,325.63,4,327.34,8,327.62,4,327.86,6,327.95,1,327.97,5,327.98,5,328.08,3,328.11,5,328.12,5,328.18,1
2025-04-10 09:37:29,327.085,327.08,1,326.83,3,327.34,7,327.34,326.83,326.83,3,326.79,3,326.56,1,326.5,5,326.22,5,326.15,3,326.08,5,326.01,2,326.0,4,325.63,4,327.34,7,327.62,4,327.86,6,327.95,1,327.97,5,327.98,5,328.08,3,328.11,5,328.12,5,328.18,1
2025-04-10 09:37:30,327.085,327.11,1,326.83,3,327.34,7,327.34,326.83,326.83,3,326.79,3,326.56,1,326.5,5,326.22,5,326.15,3,326.08,5,326.01,2,326.0,4,325.63,4,327.34,7,327.62,4,327.86,6,327.95,1,327.97,5,327.98,5,328.08,3,328.11,5,328.12,5,328.18,1
2025-04-10 09:37:31,327.085,327.06,1,326.83,5,327.34,7,327.34,326.83,326.83,5,326.79,3,326.56,1,326.5,5,326.22,5,326.15,3,326.08,5,326.01,2,326.0,4,325.63,4,327.34,7,327.62,4,327.86,6,327.95,1,327.97,5,327.98,5,328.08,3,328.11,5,328.12,5,328.18,1
2025-04-10 09:37:32,327.085,327.06,1,326.83,5,327.34,7,327.34,326.83,326.83,5,326.79,3,326.56,1,326.5,5,326.22,5,326.15,3,326.08,5,326.01,2,326.0,4,325.63,4,327.34,7,327.62,4,327.86,6,327.95,1,327.97,5,327.98,5,328.08,3,328.11,5,328.12,5,328.18,1
2025-04-10 09:37:33,327.085,327.33,1,326.83,5,327.34,7,327.34,326.83,326.83,5,326.79,3,326.56,1,326.5,5,326.22,5,326.15,3,326.08,5,326.01,2,326.0,4,325.63,4,327.34,7,327.62,4,327.86,6,327.95,1,327.97,5,327.98,5,328.08,3,328.11,5,328.12,5,328.18,1
2025-04-10 09:37:34,327.085,327.33,1,326.83,5,327.34,7,327.34,326.83,326.83,5,326.79,3,326.56,1,326.5,5,326.22,5,326.15,3,326.08,5,326.01,2,326.0,4,325.63,4,327.34,7,327.62,4,327.86,6,327.95,1,327.97,5,327.98,5,328.08,3,328.11,5,328.12,5,328.18,1
2025-04-10 09:37:35,327.085,327.33,1,326.83,5,327.34,7,327.34,326.83,326.83,5,326.79,3,326.56,1,326.5,5,326.22,5,326.15,3,326.08,5,326.01,2,326.0,4,325.63,4,327.34,7,327.62,4,327.86,6,327.95,1,327.97,5,327.98,5,328.08,3,328.11,5,328.12,5,328.18,1
