sim_time,mid_price,last_price,last_size,best_bid_price,best_bid_size,best_ask_price,best_ask_size,close_price_buy,close_price_sell,bid1_price,bid1_size,bid2_price,bid2_size,bid3_price,bid3_size,bid4_price,bid4_size,bid5_price,bid5_size,bid6_price,bid6_size,bid7_price,bid7_size,bid8_price,bid8_size,bid9_price,bid9_size,bid10_price,bid10_size,ask1_price,ask1_size,ask2_price,ask2_size,ask3_price,ask3_size,ask4_price,ask4_size,ask5_price,ask5_size,ask6_price,ask6_size,ask7_price,ask7_size,ask8_price,ask8_size,ask9_price,ask9_size,ask10_price,ask10_size
2025-04-10 09:30:11,,0.0,0,0.0,0,0.0,0,0.0,0.0,,,,,,,,,,,,,,,,,,,,,,,,,,,,,,,,,,,,,,,,
2025-04-10 09:30:12,,0.0,0,0.0,0,0.0,0,0.0,0.0,,,,,,,,,,,,,,,,,,,,,,,,,,,,,,,,,,,,,,,,
2025-04-10 09:30:14,,0.0,0,0.0,0,0.0,0,0.0,0.0,,,,,,,,,,,,,,,,,,,,,,,,,,,,,,,,,,,,,,,,
2025-04-10 09:30:15,,0.0,0,0.0,0,0.0,0,0.0,0.0,,,,,,,,,,,,,,,,,,,,,,,,,,,,,,,,,,,,,,,,
2025-04-10 09:30:16,,0.0,0,0.0,0,0.0,0,0.0,0.0,,,,,,,,,,,,,,,,,,,,,,,,,,,,,,,,,,,,,,,,
2025-04-10 09:30:17,,0.0,0,0.0,0,0.0,0,0.0,0.0,,,,,,,,,,,,,,,,,,,,,,,,,,,,,,,,,,,,,,,,
2025-04-10 09:30:18,42.54,42.53,1,42.53,7,42.55,11,42.55,42.53,42.53,7,42.52,10,42.51,4,42.5,9,42.17,36,,,,,,,,,,,42.55,11,42.56,6,42.57,19,42.58,5,42.59,8,42.6,1,42.61,4,42.62,10,42.63,22,,
2025-04-10 09:30:19,42.54,42.53,1,42.53,7,42.55,11,42.55,42.53,42.53,7,42.52,10,42.51,4,42.5,9,42.17,36,,,,,,,,,,,42.55,11,42.56,6,42.57,19,42.58,5,42.59,8,42.6,1,42.61,4,42.62,10,42.63,22,,
2025-04-10 09:30:20,42.53,42.52,1,42.52,12,42.54,6,42.54,42.52,42.52,12,42.51,4,42.5,9,42.17,36,,,,,,,,,,,,,42.54,6,42.55,18,42.56,6,42.57,19,42.58,5,42.59,8,42.6,1,42.61,4,42.62,10,42.63,22
2025-04-10 09:30:21,42.53,42.52,1,42.52,16,42.54,4,42.54,42.52,42.52,16,42.51,4,42.5,9,42.17,36,,,,,,,,,,,,,42.54,4,42.55,18,42.56,6,42.57,19,42.58,5,42.59,8,42.6,1,42.61,4,42.62,10,42.63,22
2025-04-10 09:30:22,42.525,42.52,1,42.52,5,42.53,7,42.53,42.52,42.52,5,42.51,7,42.5,5,42.49,4,42.17,36,,,,,,,,,,,42.53,7,42.54,10,42.55,18,42.56,6,42.57,19,42.58,5,42.59,8,42.6,1,42.61,4,42.62,10
2025-04-10 09:30:23,42.535,42.52,1,42.52,4,42.55,17,42.55,42.52,42.52,4,42.51,13,42.5,5,42.49,4,42.17,36,,,,,,,,,,,42.55,17,42.56,6,42.57,19,42.58,5,42.59,8,42.6,1,42.61,4,42.62,10,42.63,22,,
2025-04-10 09:30:24,42.535,42.52,1,42.52,7,42.55,17,42.55,42.52,42.52,7,42.51,13,42.5,5,42.49,4,42.17,36,,,,,,,,,,,42.55,17,42.56,6,42.57,19,42.58,5,42.59,8,42.6,1,42.61,4,42.62,10,42.63,22,,
2025-04-10 09:30:25,42.54,42.54,1,42.53,4,42.55,9,42.55,42.53,42.53,4,42.52,12,42.51,13,42.5,5,42.49,4,42.17,36,,,,,,,,,42.55,9,42.56,17,42.57,3,42.58,5,42.59,8,42.6,1,42.61,4,42.62,10,42.63,22,,
2025-04-10 09:30:26,42.54,42.54,2,42.53,4,42.55,11,42.55,42.53,42.53,4,42.52,12,42.51,13,42.5,5,42.49,4,42.17,36,,,,,,,,,42.55,11,42.56,17,42.57,3,42.58,5,42.59,8,42.6,1,42.61,4,42.62,10,42.63,22,,
2025-04-10 09:30:27,42.515,42.52,2,42.51,10,42.52,5,42.52,42.51,42.51,10,42.5,8,42.49,5,42.17,36,,,,,,,,,,,,,42.52,5,42.53,6,42.54,4,42.55,15,42.56,17,42.57,3,42.58,5,42.59,8,42.6,1,42.61,4
2025-04-10 09:30:28,42.535,42.51,1,42.52,5,42.55,15,42.55,42.52,42.52,5,42.51,9,42.5,8,42.49,5,42.17,36,,,,,,,,,,,42.55,15,42.56,17,42.57,3,42.58,5,42.59,8,42.6,1,42.61,4,42.62,10,42.63,22,,
2025-04-10 09:30:29,42.515,42.52,1,42.49,5,42.54,9,42.54,42.49,42.49,5,42.17,36,,,,,,,,,,,,,,,,,42.54,9,42.55,15,42.56,17,42.57,3,42.58,5,42.59,8,42.6,1,42.61,4,42.62,10,42.63,22
2025-04-10 09:30:30,42.515,42.52,1,42.49,5,42.54,27,42.54,42.49,42.49,5,42.17,36,,,,,,,,,,,,,,,,,42.54,27,42.55,15,42.56,17,42.57,3,42.58,5,42.59,8,42.6,1,42.61,4,42.62,10,42.63,22
2025-04-10 09:30:31,42.465,42.47,1,42.44,19,42.49,13,42.49,42.44,42.44,19,42.17,36,,,,,,,,,,,,,,,,,42.49,13,42.52,2,42.53,10,42.54,28,42.55,15,42.56,17,42.57,3,42.58,5,42.59,8,42.6,1
2025-04-10 09:30:32,42.465,42.44,20,42.44,17,42.49,23,42.49,42.44,42.44,17,42.17,36,,,,,,,,,,,,,,,,,42.49,23,42.52,2,42.53,10,42.54,28,42.55,15,42.56,17,42.57,3,42.58,5,42.59,8,42.6,1
2025-04-10 09:30:33,42.47,42.47,2,42.45,1,42.49,23,42.49,42.45,42.45,1,42.44,17,42.17,36,,,,,,,,,,,,,,,42.49,23,42.52,2,42.53,10,42.54,28,42.55,15,42.56,17,42.57,3,42.58,5,42.59,8,42.6,1
2025-04-10 09:30:34,42.47,42.45,4,42.45,3,42.49,24,42.49,42.45,42.45,3,42.44,17,42.17,36,,,,,,,,,,,,,,,42.49,24,42.52,2,42.53,10,42.54,28,42.55,15,42.56,17,42.57,3,42.58,5,42.59,8,42.6,1
2025-04-10 09:30:35,42.465,42.44,2,42.44,17,42.49,23,42.49,42.44,42.44,17,42.17,36,,,,,,,,,,,,,,,,,42.49,23,42.52,2,42.53,10,42.54,28,42.55,15,42.56,17,42.57,3,42.58,5,42.59,8,42.6,1
2025-04-10 09:30:36,42.46,42.44,1,42.44,12,42.48,19,42.48,42.44,42.44,12,42.17,36,,,,,,,,,,,,,,,,,42.48,19,42.49,24,42.52,2,42.53,10,42.54,28,42.55,15,42.56,17,42.57,3,42.58,5,42.59,8
2025-04-10 09:30:37,42.445,42.42,2,42.42,9,42.47,12,42.47,42.42,42.42,9,42.17,36,,,,,,,,,,,,,,,,,42.47,12,42.48,21,42.49,24,42.52,2,42.53,10,42.54,28,42.55,15,42.56,17,42.57,3,42.58,5
2025-04-10 09:30:38,42.54,42.54,1,42.52,12,42.56,12,42.56,42.52,42.52,12,42.51,25,42.5,11,42.49,5,42.48,5,42.47,4,42.46,1,42.45,8,42.43,6,42.42,20,42.56,12,42.57,3,42.58,5,42.59,8,42.6,1,42.61,4,42.62,10,42.63,22,,,,
2025-04-10 09:30:39,42.54,42.54,1,42.52,12,42.56,12,42.56,42.52,42.52,12,42.51,25,42.5,11,42.49,5,42.48,5,42.47,4,42.46,1,42.45,8,42.43,6,42.42,20,42.56,12,42.57,3,42.58,5,42.59,8,42.6,1,42.61,4,42.62,10,42.63,22,,,,
2025-04-10 09:30:40,42.535,42.54,5,42.52,11,42.55,12,42.55,42.52,42.52,11,42.51,25,42.5,11,42.49,5,42.48,5,42.47,4,42.46,1,42.45,8,42.43,6,42.42,20,42.55,12,42.56,12,42.57,3,42.58,5,42.59,8,42.6,1,42.61,4,42.62,10,42.63,22,,
2025-04-10 09:30:41,42.49,42.49,2,42.47,3,42.51,6,42.51,42.47,42.47,3,42.46,7,42.45,8,42.43,6,42.42,20,42.17,36,,,,,,,,,42.51,6,42.52,6,42.53,8,42.54,5,42.55,5,42.56,12,42.57,3,42.58,5,42.59,8,42.6,1
2025-04-10 09:30:42,42.485,42.49,1,42.46,10,42.51,10,42.51,42.46,42.46,10,42.45,8,42.43,6,42.42,20,42.17,36,,,,,,,,,,,42.51,10,42.52,6,42.53,8,42.54,5,42.55,5,42.56,12,42.57,3,42.58,5,42.59,8,42.6,1
2025-04-10 09:30:43,42.48,42.49,1,42.45,10,42.51,10,42.51,42.45,42.45,10,42.43,6,42.42,20,42.17,36,,,,,,,,,,,,,42.51,10,42.52,6,42.53,8,42.54,5,42.55,5,42.56,12,42.57,3,42.58,5,42.59,8,42.6,1
2025-04-10 09:30:44,42.53,42.53,1,42.51,21,42.55,27,42.55,42.51,42.51,21,42.5,20,42.49,20,42.45,13,42.43,6,42.42,20,42.17,36,,,,,,,42.55,27,42.56,11,42.57,13,42.58,5,42.59,8,42.6,1,42.61,4,42.62,10,42.63,22,,
2025-04-10 09:30:45,42.53,42.53,1,42.51,22,42.55,27,42.55,42.51,42.51,22,42.5,20,42.49,20,42.45,13,42.43,6,42.42,20,42.17,36,,,,,,,42.55,27,42.56,11,42.57,13,42.58,5,42.59,8,42.6,1,42.61,4,42.62,10,42.63,22,,
2025-04-10 09:30:46,42.525,42.53,21,42.5,24,42.55,27,42.55,42.5,42.5,24,42.49,20,42.45,13,42.43,6,42.42,20,42.17,36,,,,,,,,,42.55,27,42.56,11,42.57,13,42.58,5,42.59,8,42.6,1,42.61,4,42.62,10,42.63,22,,
2025-04-10 09:30:47,42.525,42.53,2,42.5,25,42.55,27,42.55,42.5,42.5,25,42.49,20,42.45,13,42.43,6,42.42,20,42.17,36,,,,,,,,,42.55,27,42.56,11,42.57,13,42.58,5,42.59,8,42.6,1,42.61,4,42.62,10,42.63,22,,
2025-04-10 09:30:48,42.525,42.53,5,42.5,27,42.55,27,42.55,42.5,42.5,27,42.49,20,42.45,13,42.43,6,42.42,20,42.17,36,,,,,,,,,42.55,27,42.56,11,42.57,13,42.58,5,42.59,8,42.6,1,42.61,4,42.62,10,42.63,22,,
2025-04-10 09:30:49,42.525,42.5,1,42.5,26,42.55,27,42.55,42.5,42.5,26,42.49,20,42.45,13,42.43,6,42.42,20,42.17,36,,,,,,,,,42.55,27,42.56,11,42.57,13,42.58,5,42.59,8,42.6,1,42.61,4,42.62,10,42.63,22,,
2025-04-10 09:30:50,42.525,42.53,3,42.5,26,42.55,27,42.55,42.5,42.5,26,42.49,20,42.45,13,42.43,6,42.42,20,42.17,36,,,,,,,,,42.55,27,42.56,11,42.57,13,42.58,5,42.59,8,42.6,1,42.61,4,42.62,10,42.63,22,,
2025-04-10 09:30:51,42.525,42.53,3,42.5,21,42.55,27,42.55,42.5,42.5,21,42.49,20,42.45,13,42.43,6,42.42,20,42.17,36,,,,,,,,,42.55,27,42.56,11,42.57,13,42.58,5,42.59,8,42.6,1,42.61,4,42.62,10,42.63,22,,
2025-04-10 09:30:52,42.525,42.5,1,42.5,21,42.55,28,42.55,42.5,42.5,21,42.49,20,42.45,13,42.43,6,42.42,20,42.17,36,,,,,,,,,42.55,28,42.56,11,42.57,13,42.58,5,42.59,8,42.6,1,42.61,4,42.62,10,42.63,22,,
2025-04-10 09:30:53,42.525,42.5,1,42.5,21,42.55,28,42.55,42.5,42.5,21,42.49,20,42.45,13,42.43,6,42.42,20,42.17,36,,,,,,,,,42.55,28,42.56,11,42.57,13,42.58,5,42.59,8,42.6,1,42.61,4,42.62,10,42.63,22,,
2025-04-10 09:30:54,42.525,42.5,1,42.5,20,42.55,28,42.55,42.5,42.5,20,42.49,20,42.45,13,42.43,6,42.42,20,42.17,36,,,,,,,,,42.55,28,42.56,11,42.57,13,42.58,5,42.59,8,42.6,1,42.61,4,42.62,10,42.63,22,,
2025-04-10 09:30:55,42.525,42.53,1,42.5,20,42.55,28,42.55,42.5,42.5,20,42.49,20,42.45,13,42.43,6,42.42,20,42.17,36,,,,,,,,,42.55,28,42.56,11,42.57,13,42.58,5,42.59,8,42.6,1,42.61,4,42.62,10,42.63,22,,
2025-04-10 09:30:56,42.5,42.5,7,42.48,1,42.52,21,42.52,42.48,42.48,1,42.47,4,42.45,13,42.43,6,42.42,20,42.17,36,,,,,,,,,42.52,21,42.53,21,42.54,6,42.55,28,42.56,11,42.57,13,42.58,5,42.59,8,42.6,1,42.61,4
2025-04-10 09:30:57,42.5,42.51,1,42.48,13,42.52,5,42.52,42.48,42.48,13,42.47,11,42.45,13,42.43,6,42.42,20,42.17,36,,,,,,,,,42.52,5,42.53,14,42.54,6,42.55,28,42.56,11,42.57,13,42.58,5,42.59,8,42.6,1,42.61,4
2025-04-10 09:30:58,42.5,42.51,1,42.48,11,42.52,5,42.52,42.48,42.48,11,42.47,11,42.45,13,42.43,6,42.42,20,42.17,36,,,,,,,,,42.52,5,42.53,14,42.54,6,42.55,28,42.56,11,42.57,13,42.58,5,42.59,8,42.6,1,42.61,4
2025-04-10 09:30:59,42.5,42.5,1,42.48,20,42.52,7,42.52,42.48,42.48,20,42.47,11,42.45,13,42.43,6,42.42,20,42.17,36,,,,,,,,,42.52,7,42.53,15,42.54,6,42.55,28,42.56,11,42.57,13,42.58,5,42.59,8,42.6,1,42.61,4
2025-04-10 09:31:00,42.495,42.5,3,42.47,11,42.52,8,42.52,42.47,42.47,11,42.45,13,42.43,6,42.42,20,42.17,36,,,,,,,,,,,42.52,8,42.53,15,42.54,6,42.55,28,42.56,11,42.57,13,42.58,5,42.59,8,42.6,1,42.61,4
2025-04-10 09:31:01,42.495,42.5,1,42.47,11,42.52,8,42.52,42.47,42.47,11,42.45,13,42.43,6,42.42,20,42.17,36,,,,,,,,,,,42.52,8,42.53,15,42.54,6,42.55,28,42.56,11,42.57,13,42.58,5,42.59,8,42.6,1,42.61,4
2025-04-10 09:31:02,42.495,42.5,1,42.47,11,42.52,8,42.52,42.47,42.47,11,42.45,13,42.43,6,42.42,20,42.17,36,,,,,,,,,,,42.52,8,42.53,15,42.54,6,42.55,28,42.56,11,42.57,13,42.58,5,42.59,8,42.6,1,42.61,4
2025-04-10 09:31:03,42.5,42.5,1,42.48,4,42.52,7,42.52,42.48,42.48,4,42.47,11,42.45,13,42.43,6,42.42,20,42.17,36,,,,,,,,,42.52,7,42.53,15,42.54,6,42.55,28,42.56,11,42.57,13,42.58,5,42.59,8,42.6,1,42.61,4
2025-04-10 09:31:04,42.5,42.5,1,42.48,4,42.52,7,42.52,42.48,42.48,4,42.47,11,42.45,13,42.43,6,42.42,20,42.17,36,,,,,,,,,42.52,7,42.53,15,42.54,6,42.55,28,42.56,11,42.57,13,42.58,5,42.59,8,42.6,1,42.61,4
2025-04-10 09:31:05,42.495,42.47,1,42.47,10,42.52,7,42.52,42.47,42.47,10,42.45,13,42.43,6,42.42,20,42.17,36,,,,,,,,,,,42.52,7,42.53,15,42.54,6,42.55,28,42.56,11,42.57,13,42.58,5,42.59,8,42.6,1,42.61,4
2025-04-10 09:31:06,42.495,42.47,1,42.47,10,42.52,7,42.52,42.47,42.47,10,42.45,13,42.43,6,42.42,20,42.17,36,,,,,,,,,,,42.52,7,42.53,15,42.54,6,42.55,28,42.56,11,42.57,13,42.58,5,42.59,8,42.6,1,42.61,4
2025-04-10 09:31:07,42.495,42.5,3,42.47,11,42.52,7,42.52,42.47,42.47,11,42.45,13,42.43,6,42.42,20,42.17,36,,,,,,,,,,,42.52,7,42.53,15,42.54,6,42.55,28,42.56,11,42.57,13,42.58,5,42.59,8,42.6,1,42.61,4
2025-04-10 09:31:08,42.495,42.5,3,42.47,11,42.52,7,42.52,42.47,42.47,11,42.45,13,42.43,6,42.42,20,42.17,36,,,,,,,,,,,42.52,7,42.53,15,42.54,6,42.55,28,42.56,11,42.57,13,42.58,5,42.59,8,42.6,1,42.61,4
2025-04-10 09:31:09,42.49,42.5,3,42.47,10,42.51,13,42.51,42.47,42.47,10,42.45,13,42.43,6,42.42,20,42.17,36,,,,,,,,,,,42.51,13,42.52,13,42.53,15,42.54,6,42.55,28,42.56,11,42.57,13,42.58,5,42.59,8,42.6,1
2025-04-10 09:31:10,42.49,42.49,1,42.47,10,42.51,13,42.51,42.47,42.47,10,42.45,13,42.43,6,42.42,20,42.17,36,,,,,,,,,,,42.51,13,42.52,13,42.53,15,42.54,6,42.55,28,42.56,11,42.57,13,42.58,5,42.59,8,42.6,1
2025-04-10 09:31:11,42.485,42.49,1,42.47,10,42.5,3,42.5,42.47,42.47,10,42.45,13,42.43,6,42.42,20,42.17,36,,,,,,,,,,,42.5,3,42.51,12,42.52,13,42.53,15,42.54,6,42.55,28,42.56,11,42.57,13,42.58,5,42.59,8
2025-04-10 09:31:12,42.565,42.57,3,42.55,2,42.58,9,42.58,42.55,42.55,2,42.54,18,42.53,5,42.52,5,42.51,7,42.5,2,42.49,3,42.47,10,42.45,13,42.43,6,42.58,9,42.59,8,42.6,1,42.61,4,42.62,10,42.63,22,,,,,,,,
2025-04-10 09:31:13,42.54,42.55,1,42.53,27,42.55,5,42.55,42.53,42.53,27,42.52,5,42.51,7,42.5,2,42.49,3,42.47,10,42.45,13,42.43,6,42.42,20,42.17,36,42.55,5,42.57,9,42.58,20,42.59,7,42.6,14,42.61,12,42.62,15,42.63,22,,,,
2025-04-10 09:31:14,42.54,42.54,5,42.53,27,42.55,4,42.55,42.53,42.53,27,42.52,5,42.51,7,42.5,2,42.49,3,42.47,10,42.45,13,42.43,6,42.42,20,42.17,36,42.55,4,42.57,9,42.58,20,42.59,7,42.6,14,42.61,12,42.62,15,42.63,22,,,,
2025-04-10 09:31:15,42.54,42.53,2,42.53,12,42.55,4,42.55,42.53,42.53,12,42.52,5,42.51,7,42.5,2,42.49,3,42.47,10,42.45,13,42.43,6,42.42,20,42.17,36,42.55,4,42.57,9,42.58,20,42.59,7,42.6,14,42.61,12,42.62,15,42.63,22,,,,
2025-04-10 09:31:16,42.545,42.55,1,42.54,10,42.55,6,42.55,42.54,42.54,10,42.53,12,42.52,5,42.51,7,42.5,2,42.49,3,42.47,10,42.45,13,42.43,6,42.42,20,42.55,6,42.56,2,42.57,9,42.58,20,42.59,7,42.6,14,42.61,12,42.62,15,42.63,22,,
2025-04-10 09:31:17,42.545,42.55,3,42.54,10,42.55,6,42.55,42.54,42.54,10,42.53,12,42.52,5,42.51,7,42.5,2,42.49,3,42.47,10,42.45,13,42.43,6,42.42,20,42.55,6,42.56,2,42.57,9,42.58,20,42.59,7,42.6,14,42.61,12,42.62,15,42.63,22,,
2025-04-10 09:31:18,42.54,42.54,2,42.53,11,42.55,6,42.55,42.53,42.53,11,42.52,5,42.51,7,42.5,2,42.49,3,42.47,10,42.45,13,42.43,6,42.42,20,42.17,36,42.55,6,42.56,2,42.57,9,42.58,20,42.59,7,42.6,14,42.61,12,42.62,15,42.63,22,,
2025-04-10 09:31:19,42.54,42.53,1,42.53,11,42.55,6,42.55,42.53,42.53,11,42.52,5,42.51,7,42.5,2,42.49,3,42.47,10,42.45,13,42.43,6,42.42,20,42.17,36,42.55,6,42.56,2,42.57,9,42.58,20,42.59,7,42.6,14,42.61,12,42.62,15,42.63,22,,
2025-04-10 09:31:20,42.565,42.56,1,42.54,26,42.59,13,42.59,42.54,42.54,26,42.53,11,42.52,5,42.51,7,42.5,2,42.49,3,42.47,10,42.45,13,42.43,6,42.42,20,42.59,13,42.6,14,42.61,12,42.62,15,42.63,22,,,,,,,,,,
2025-04-10 09:31:21,42.565,42.57,1,42.54,22,42.59,16,42.59,42.54,42.54,22,42.53,11,42.52,5,42.51,7,42.5,2,42.49,3,42.47,10,42.45,13,42.43,6,42.42,20,42.59,16,42.6,14,42.61,12,42.62,15,42.63,22,,,,,,,,,,
2025-04-10 09:31:22,42.565,42.59,9,42.54,15,42.59,16,42.59,42.54,42.54,15,42.53,11,42.52,5,42.51,7,42.5,2,42.49,3,42.47,10,42.45,13,42.43,6,42.42,20,42.59,16,42.6,14,42.61,12,42.62,15,42.63,22,,,,,,,,,,
2025-04-10 09:31:23,42.565,42.59,9,42.54,14,42.59,16,42.59,42.54,42.54,14,42.53,11,42.52,5,42.51,7,42.5,2,42.49,3,42.47,10,42.45,13,42.43,6,42.42,20,42.59,16,42.6,14,42.61,12,42.62,15,42.63,22,,,,,,,,,,
2025-04-10 09:31:24,42.565,42.59,9,42.54,14,42.59,16,42.59,42.54,42.54,14,42.53,11,42.52,5,42.51,7,42.5,2,42.49,3,42.47,10,42.45,13,42.43,6,42.42,20,42.59,16,42.6,14,42.61,12,42.62,15,42.63,22,,,,,,,,,,
2025-04-10 09:31:25,42.565,42.59,9,42.54,14,42.59,16,42.59,42.54,42.54,14,42.53,11,42.52,5,42.51,7,42.5,2,42.49,3,42.47,10,42.45,13,42.43,6,42.42,20,42.59,16,42.6,14,42.61,12,42.62,15,42.63,22,,,,,,,,,,
2025-04-10 09:31:26,42.565,42.57,3,42.54,14,42.59,16,42.59,42.54,42.54,14,42.53,11,42.52,5,42.51,7,42.5,2,42.49,3,42.47,10,42.45,13,42.43,6,42.42,20,42.59,16,42.6,14,42.61,12,42.62,15,42.63,22,,,,,,,,,,
2025-04-10 09:31:27,42.565,42.57,3,42.54,14,42.59,16,42.59,42.54,42.54,14,42.53,11,42.52,5,42.51,7,42.5,2,42.49,3,42.47,10,42.45,13,42.43,6,42.42,20,42.59,16,42.6,14,42.61,12,42.62,15,42.63,22,,,,,,,,,,
2025-04-10 09:31:28,42.57,42.57,1,42.55,17,42.59,15,42.59,42.55,42.55,17,42.54,34,42.53,11,42.52,5,42.51,7,42.5,2,42.49,3,42.47,10,42.45,13,42.43,6,42.59,15,42.6,14,42.61,12,42.62,15,42.63,22,,,,,,,,,,
2025-04-10 09:31:29,42.57,42.57,3,42.55,18,42.59,19,42.59,42.55,42.55,18,42.54,34,42.53,11,42.52,5,42.51,7,42.5,2,42.49,3,42.47,10,42.45,13,42.43,6,42.59,19,42.6,14,42.61,12,42.62,15,42.63,22,,,,,,,,,,
2025-04-10 09:31:30,42.57,42.57,3,42.55,18,42.59,20,42.59,42.55,42.55,18,42.54,34,42.53,11,42.52,5,42.51,7,42.5,2,42.49,3,42.47,10,42.45,13,42.43,6,42.59,20,42.6,14,42.61,12,42.62,15,42.63,22,,,,,,,,,,
2025-04-10 09:31:31,42.57,42.57,3,42.55,17,42.59,19,42.59,42.55,42.55,17,42.54,34,42.53,11,42.52,5,42.51,7,42.5,2,42.49,3,42.47,10,42.45,13,42.43,6,42.59,19,42.6,14,42.61,12,42.62,15,42.63,22,,,,,,,,,,
2025-04-10 09:31:32,42.575,42.59,1,42.56,2,42.59,23,42.59,42.56,42.56,2,42.55,17,42.54,34,42.53,11,42.52,5,42.51,7,42.5,2,42.49,3,42.47,10,42.45,13,42.59,23,42.6,14,42.61,12,42.62,15,42.63,22,,,,,,,,,,
2025-04-10 09:31:33,42.575,42.59,1,42.56,2,42.59,23,42.59,42.56,42.56,2,42.55,17,42.54,34,42.53,11,42.52,5,42.51,7,42.5,2,42.49,3,42.47,10,42.45,13,42.59,23,42.6,14,42.61,12,42.62,15,42.63,22,,,,,,,,,,
2025-04-10 09:31:34,42.575,42.58,9,42.56,2,42.59,23,42.59,42.56,42.56,2,42.55,17,42.54,34,42.53,11,42.52,5,42.51,7,42.5,2,42.49,3,42.47,10,42.45,13,42.59,23,42.6,14,42.61,12,42.62,15,42.63,22,,,,,,,,,,
2025-04-10 09:31:35,42.575,42.57,1,42.57,1,42.58,12,42.58,42.57,42.57,1,42.56,14,42.55,17,42.54,34,42.53,11,42.52,5,42.51,7,42.5,2,42.49,3,42.47,10,42.58,12,42.59,10,42.6,30,42.62,22,42.63,22,,,,,,,,,,
2025-04-10 09:31:36,42.58,42.58,1,42.56,9,42.6,30,42.6,42.56,42.56,9,42.55,17,42.54,34,42.53,11,42.52,5,42.51,7,42.5,2,42.49,3,42.47,10,42.45,13,42.6,30,42.62,22,42.63,22,,,,,,,,,,,,,,
2025-04-10 09:31:37,42.58,42.58,1,42.56,10,42.6,30,42.6,42.56,42.56,10,42.55,17,42.54,34,42.53,11,42.52,5,42.51,7,42.5,2,42.49,3,42.47,10,42.45,13,42.6,30,42.62,22,42.63,22,,,,,,,,,,,,,,
2025-04-10 09:31:38,42.58,42.58,1,42.56,9,42.6,32,42.6,42.56,42.56,9,42.55,17,42.54,34,42.53,11,42.52,5,42.51,7,42.5,2,42.49,3,42.47,10,42.45,13,42.6,32,42.62,22,42.63,22,,,,,,,,,,,,,,
2025-04-10 09:31:39,42.575,42.59,1,42.56,10,42.59,2,42.59,42.56,42.56,10,42.55,17,42.54,34,42.53,11,42.52,5,42.51,7,42.5,2,42.49,3,42.47,10,42.45,13,42.59,2,42.6,32,42.62,22,42.63,22,,,,,,,,,,,,
2025-04-10 09:31:40,42.575,42.58,1,42.56,10,42.59,8,42.59,42.56,42.56,10,42.55,17,42.54,34,42.53,11,42.52,5,42.51,7,42.5,2,42.49,3,42.47,10,42.45,13,42.59,8,42.6,32,42.62,22,42.63,22,,,,,,,,,,,,
2025-04-10 09:31:41,42.57,42.58,1,42.56,21,42.58,6,42.58,42.56,42.56,21,42.55,20,42.54,16,42.53,20,42.52,16,42.51,7,42.5,2,42.49,3,42.47,10,42.45,13,42.58,6,42.59,18,42.6,32,42.62,22,42.63,22,,,,,,,,,,
2025-04-10 09:31:42,42.595,42.59,1,42.58,5,42.61,10,42.61,42.58,42.58,5,42.57,6,42.56,21,42.55,20,42.54,16,42.53,20,42.52,16,42.51,7,42.5,2,42.49,3,42.61,10,42.62,22,42.63,22,,,,,,,,,,,,,,
2025-04-10 09:31:43,42.6,42.6,5,42.58,21,42.62,24,42.62,42.58,42.58,21,42.57,6,42.56,21,42.55,20,42.54,16,42.53,20,42.52,16,42.51,7,42.5,2,42.49,3,42.62,24,42.63,22,,,,,,,,,,,,,,,,
2025-04-10 09:31:44,42.69,42.68,3,42.68,2,42.7,21,42.7,42.68,42.68,2,42.66,11,42.65,5,42.64,6,42.63,7,42.62,7,42.61,4,42.6,4,42.59,3,42.58,21,42.7,21,,,,,,,,,,,,,,,,,,
2025-04-10 09:31:45,42.72,42.69,1,42.7,6,42.74,6,42.74,42.7,42.7,6,42.69,9,42.68,2,42.66,11,42.65,5,42.64,6,42.63,7,42.62,7,42.61,4,42.6,4,42.74,6,,,,,,,,,,,,,,,,,,
2025-04-10 09:31:46,42.75,42.75,1,42.74,28,42.76,19,42.76,42.74,42.74,28,42.73,18,42.72,5,42.7,6,42.69,9,42.68,2,42.66,11,42.65,5,42.64,6,42.63,7,42.76,19,42.77,21,,,,,,,,,,,,,,,,
2025-04-10 09:31:47,42.76,42.74,1,42.75,15,42.77,2,42.77,42.75,42.75,15,42.74,27,42.73,24,42.72,5,42.7,6,42.69,9,42.68,2,42.66,11,42.65,5,42.64,6,42.77,2,42.78,4,,,,,,,,,,,,,,,,
2025-04-10 09:31:48,42.76,42.75,1,42.75,12,42.77,5,42.77,42.75,42.75,12,42.74,27,42.73,24,42.72,5,42.7,6,42.69,9,42.68,2,42.66,11,42.65,5,42.64,6,42.77,5,42.78,4,,,,,,,,,,,,,,,,
2025-04-10 09:31:49,42.76,42.76,1,42.75,12,42.77,6,42.77,42.75,42.75,12,42.74,27,42.73,24,42.72,5,42.7,6,42.69,9,42.68,2,42.66,11,42.65,5,42.64,6,42.77,6,42.78,4,,,,,,,,,,,,,,,,
2025-04-10 09:31:50,42.74,42.74,2,42.73,24,42.75,1,42.75,42.73,42.73,24,42.72,5,42.7,6,42.69,9,42.68,2,42.66,11,42.65,5,42.64,6,42.63,7,42.62,7,42.75,1,42.76,6,42.77,5,42.78,4,,,,,,,,,,,,
2025-04-10 09:31:51,42.74,42.74,2,42.73,24,42.75,4,42.75,42.73,42.73,24,42.72,5,42.7,6,42.69,9,42.68,2,42.66,11,42.65,5,42.64,6,42.63,7,42.62,7,42.75,4,42.76,6,42.77,5,42.78,4,,,,,,,,,,,,
2025-04-10 09:31:52,42.74,42.74,1,42.73,24,42.75,4,42.75,42.73,42.73,24,42.72,5,42.7,6,42.69,9,42.68,2,42.66,11,42.65,5,42.64,6,42.63,7,42.62,7,42.75,4,42.76,6,42.77,5,42.78,4,,,,,,,,,,,,
2025-04-10 09:31:53,42.785,42.79,2,42.77,5,42.8,110,42.8,42.77,42.77,5,42.76,10,42.75,11,42.74,20,42.73,24,42.72,5,42.7,6,42.69,9,42.68,2,42.66,11,42.8,110,,,,,,,,,,,,,,,,,,
2025-04-10 09:31:54,42.785,42.79,1,42.77,5,42.8,110,42.8,42.77,42.77,5,42.76,10,42.75,11,42.74,20,42.73,24,42.72,5,42.7,6,42.69,9,42.68,2,42.66,11,42.8,110,,,,,,,,,,,,,,,,,,
2025-04-10 09:31:55,42.785,42.8,1,42.77,5,42.8,102,42.8,42.77,42.77,5,42.76,10,42.75,11,42.74,20,42.73,24,42.72,5,42.7,6,42.69,9,42.68,2,42.66,11,42.8,102,,,,,,,,,,,,,,,,,,
2025-04-10 09:31:56,42.785,42.79,2,42.77,5,42.8,102,42.8,42.77,42.77,5,42.76,10,42.75,11,42.74,20,42.73,24,42.72,5,42.7,6,42.69,9,42.68,2,42.66,11,42.8,102,,,,,,,,,,,,,,,,,,
2025-04-10 09:31:57,42.8,42.8,1,42.79,17,42.81,3,42.81,42.79,42.79,17,42.78,1,42.77,5,42.76,10,42.75,11,42.74,20,42.73,24,42.72,5,42.7,6,42.69,9,42.81,3,42.82,1,42.83,8,,,,,,,,,,,,,,
2025-04-10 09:31:58,42.785,42.77,2,42.78,2,42.79,13,42.79,42.78,42.78,2,42.77,14,42.76,22,42.75,18,42.74,18,42.73,23,42.72,5,42.7,6,42.69,9,42.68,2,42.79,13,42.8,1,42.81,18,42.82,1,42.83,8,,,,,,,,,,
2025-04-10 09:31:59,42.765,42.77,1,42.75,17,42.78,5,42.78,42.75,42.75,17,42.74,18,42.73,23,42.72,5,42.7,6,42.69,9,42.68,2,42.66,11,42.65,5,42.64,6,42.78,5,42.79,24,42.8,1,42.81,18,42.82,1,42.83,8,,,,,,,,
2025-04-10 09:32:00,42.765,42.77,1,42.75,17,42.78,5,42.78,42.75,42.75,17,42.74,18,42.73,23,42.72,5,42.7,6,42.69,9,42.68,2,42.66,11,42.65,5,42.64,6,42.78,5,42.79,24,42.8,1,42.81,18,42.82,1,42.83,8,,,,,,,,
2025-04-10 09:32:01,42.775,42.78,2,42.77,17,42.78,9,42.78,42.77,42.77,17,42.76,1,42.75,17,42.74,18,42.73,23,42.72,5,42.7,6,42.69,9,42.68,2,42.66,11,42.78,9,42.79,4,42.8,12,42.81,20,42.82,1,42.83,8,,,,,,,,
2025-04-10 09:32:02,42.78,42.78,1,42.77,15,42.79,5,42.79,42.77,42.77,15,42.76,1,42.75,17,42.74,18,42.73,23,42.72,5,42.7,6,42.69,9,42.68,2,42.66,11,42.79,5,42.8,11,42.81,20,42.82,1,42.83,8,,,,,,,,,,
2025-04-10 09:32:03,42.765,42.76,2,42.75,11,42.78,5,42.78,42.75,42.75,11,42.74,18,42.73,23,42.72,5,42.7,6,42.69,9,42.68,2,42.66,11,42.65,5,42.64,6,42.78,5,42.79,7,42.8,11,42.81,20,42.82,1,42.83,8,,,,,,,,
2025-04-10 09:32:04,42.765,42.77,2,42.75,12,42.78,8,42.78,42.75,42.75,12,42.74,18,42.73,23,42.72,5,42.7,6,42.69,9,42.68,2,42.66,11,42.65,5,42.64,6,42.78,8,42.79,7,42.8,11,42.81,20,42.82,1,42.83,8,,,,,,,,
2025-04-10 09:32:05,42.765,42.77,1,42.75,12,42.78,7,42.78,42.75,42.75,12,42.74,18,42.73,23,42.72,5,42.7,6,42.69,9,42.68,2,42.66,11,42.65,5,42.64,6,42.78,7,42.79,7,42.8,11,42.81,20,42.82,1,42.83,8,,,,,,,,
2025-04-10 09:32:06,42.765,42.77,1,42.75,12,42.78,7,42.78,42.75,42.75,12,42.74,18,42.73,23,42.72,5,42.7,6,42.69,9,42.68,2,42.66,11,42.65,5,42.64,6,42.78,7,42.79,7,42.8,11,42.81,20,42.82,1,42.83,8,,,,,,,,
2025-04-10 09:32:07,42.765,42.77,1,42.75,12,42.78,7,42.78,42.75,42.75,12,42.74,18,42.73,23,42.72,5,42.7,6,42.69,9,42.68,2,42.66,11,42.65,5,42.64,6,42.78,7,42.79,7,42.8,11,42.81,20,42.82,1,42.83,8,,,,,,,,
2025-04-10 09:32:08,42.765,42.77,1,42.75,12,42.78,7,42.78,42.75,42.75,12,42.74,18,42.73,23,42.72,5,42.7,6,42.69,9,42.68,2,42.66,11,42.65,5,42.64,6,42.78,7,42.79,7,42.8,11,42.81,20,42.82,1,42.83,8,,,,,,,,
2025-04-10 09:32:09,42.765,42.77,1,42.75,12,42.78,7,42.78,42.75,42.75,12,42.74,18,42.73,23,42.72,5,42.7,6,42.69,9,42.68,2,42.66,11,42.65,5,42.64,6,42.78,7,42.79,7,42.8,11,42.81,20,42.82,1,42.83,8,,,,,,,,
2025-04-10 09:32:10,42.76,42.76,1,42.75,15,42.77,2,42.77,42.75,42.75,15,42.74,18,42.73,23,42.72,5,42.7,6,42.69,9,42.68,2,42.66,11,42.65,5,42.64,6,42.77,2,42.78,7,42.79,7,42.8,11,42.81,20,42.82,1,42.83,8,,,,,,
2025-04-10 09:32:11,42.755,42.75,1,42.75,11,42.76,13,42.76,42.75,42.75,11,42.74,18,42.73,23,42.72,5,42.7,6,42.69,9,42.68,2,42.66,11,42.65,5,42.64,6,42.76,13,42.77,7,42.78,3,42.79,6,42.8,11,42.81,20,42.82,1,42.83,8,,,,
2025-04-10 09:32:12,42.76,42.75,1,42.75,12,42.77,9,42.77,42.75,42.75,12,42.74,18,42.73,23,42.72,5,42.7,6,42.69,9,42.68,2,42.66,11,42.65,5,42.64,6,42.77,9,42.78,3,42.79,6,42.8,11,42.81,20,42.82,1,42.83,8,,,,,,
2025-04-10 09:32:13,42.665,42.65,1,42.65,28,42.68,11,42.68,42.65,42.65,28,42.64,6,42.63,7,42.62,7,42.61,4,42.6,4,42.59,3,42.58,21,42.57,6,42.56,21,42.68,11,42.69,3,42.7,2,42.71,3,42.72,9,42.73,4,42.74,2,42.75,10,42.76,3,42.77,8
2025-04-10 09:32:14,42.645,42.65,2,42.63,1,42.66,11,42.66,42.63,42.63,1,42.62,11,42.61,4,42.6,4,42.59,3,42.58,21,42.57,6,42.56,21,42.55,20,42.54,16,42.66,11,42.67,2,42.68,11,42.69,3,42.7,2,42.71,3,42.72,9,42.73,4,42.74,2,42.75,10
2025-04-10 09:32:15,42.645,42.65,3,42.63,1,42.66,11,42.66,42.63,42.63,1,42.62,11,42.61,4,42.6,4,42.59,3,42.58,21,42.57,6,42.56,21,42.55,20,42.54,16,42.66,11,42.67,2,42.68,11,42.69,3,42.7,2,42.71,3,42.72,9,42.73,4,42.74,2,42.75,10
2025-04-10 09:32:16,42.665,42.65,51,42.65,41,42.68,18,42.68,42.65,42.65,41,42.64,4,42.63,8,42.62,11,42.61,4,42.6,4,42.59,3,42.58,21,42.57,6,42.56,21,42.68,18,42.69,3,42.7,2,42.71,3,42.72,9,42.73,4,42.74,2,42.75,10,42.76,3,42.77,8
2025-04-10 09:32:17,42.66,42.66,1,42.65,13,42.67,18,42.67,42.65,42.65,13,42.64,11,42.63,8,42.62,11,42.61,4,42.6,4,42.59,3,42.58,21,42.57,6,42.56,21,42.67,18,42.68,19,42.69,3,42.7,2,42.71,3,42.72,9,42.73,4,42.74,2,42.75,10,42.76,3
2025-04-10 09:32:18,42.63,42.63,1,42.62,9,42.64,5,42.64,42.62,42.62,9,42.61,4,42.6,4,42.59,3,42.58,21,42.57,6,42.56,21,42.55,20,42.54,16,42.53,20,42.64,5,42.65,9,42.66,10,42.67,17,42.68,19,42.69,3,42.7,2,42.71,3,42.72,9,42.73,4
2025-04-10 09:32:19,42.635,42.62,2,42.62,12,42.65,21,42.65,42.62,42.62,12,42.61,4,42.6,4,42.59,3,42.58,21,42.57,6,42.56,21,42.55,20,42.54,16,42.53,20,42.65,21,42.66,10,42.67,17,42.68,19,42.69,3,42.7,2,42.71,3,42.72,9,42.73,4,42.74,2
2025-04-10 09:32:20,42.635,42.64,1,42.62,11,42.65,21,42.65,42.62,42.62,11,42.61,4,42.6,4,42.59,3,42.58,21,42.57,6,42.56,21,42.55,20,42.54,16,42.53,20,42.65,21,42.66,10,42.67,17,42.68,19,42.69,3,42.7,2,42.71,3,42.72,9,42.73,4,42.74,2
2025-04-10 09:32:21,42.625,42.62,1,42.61,2,42.64,4,42.64,42.61,42.61,2,42.6,9,42.59,3,42.58,21,42.57,6,42.56,21,42.55,20,42.54,16,42.53,20,42.52,16,42.64,4,42.65,24,42.66,10,42.67,17,42.68,19,42.69,3,42.7,2,42.71,3,42.72,9,42.73,4
2025-04-10 09:32:22,42.625,42.62,1,42.61,2,42.64,4,42.64,42.61,42.61,2,42.6,9,42.59,3,42.58,21,42.57,6,42.56,21,42.55,20,42.54,16,42.53,20,42.52,16,42.64,4,42.65,24,42.66,10,42.67,17,42.68,19,42.69,3,42.7,2,42.71,3,42.72,9,42.73,4
2025-04-10 09:32:23,42.615,42.64,5,42.59,7,42.64,9,42.64,42.59,42.59,7,42.58,21,42.57,6,42.56,21,42.55,20,42.54,16,42.53,20,42.52,16,42.51,7,42.5,2,42.64,9,42.65,24,42.66,10,42.67,17,42.68,19,42.69,3,42.7,2,42.71,3,42.72,9,42.73,4
2025-04-10 09:32:24,42.615,42.62,9,42.59,16,42.64,9,42.64,42.59,42.59,16,42.58,21,42.57,6,42.56,21,42.55,20,42.54,16,42.53,20,42.52,16,42.51,7,42.5,2,42.64,9,42.65,24,42.66,10,42.67,17,42.68,19,42.69,3,42.7,2,42.71,3,42.72,9,42.73,4
2025-04-10 09:32:25,42.615,42.62,9,42.59,20,42.64,9,42.64,42.59,42.59,20,42.58,21,42.57,6,42.56,21,42.55,20,42.54,16,42.53,20,42.52,16,42.51,7,42.5,2,42.64,9,42.65,24,42.66,10,42.67,17,42.68,19,42.69,3,42.7,2,42.71,3,42.72,9,42.73,4
2025-04-10 09:32:26,42.615,42.61,1,42.59,20,42.64,10,42.64,42.59,42.59,20,42.58,21,42.57,6,42.56,21,42.55,20,42.54,16,42.53,20,42.52,16,42.51,7,42.5,2,42.64,10,42.65,24,42.66,10,42.67,17,42.68,19,42.69,3,42.7,2,42.71,3,42.72,9,42.73,4
2025-04-10 09:32:27,42.61,42.59,1,42.59,20,42.63,4,42.63,42.59,42.59,20,42.58,21,42.57,6,42.56,21,42.55,20,42.54,16,42.53,20,42.52,16,42.51,7,42.5,2,42.63,4,42.64,12,42.65,24,42.66,10,42.67,17,42.68,19,42.69,3,42.7,2,42.71,3,42.72,9
2025-04-10 09:32:28,42.695,42.7,1,42.68,7,42.71,11,42.71,42.68,42.68,7,42.67,7,42.66,2,42.65,4,42.64,7,42.63,8,42.62,3,42.6,1,42.59,20,42.58,21,42.71,11,42.72,9,42.73,4,42.74,2,42.75,10,42.76,3,42.77,8,42.78,3,42.79,6,42.8,11
2025-04-10 09:32:29,42.695,42.68,32,42.68,9,42.71,14,42.71,42.68,42.68,9,42.67,7,42.66,2,42.65,4,42.64,7,42.63,8,42.62,3,42.6,1,42.59,20,42.58,21,42.71,14,42.72,9,42.73,4,42.74,2,42.75,10,42.76,3,42.77,8,42.78,3,42.79,6,42.8,11
2025-04-10 09:32:30,42.695,42.68,32,42.68,9,42.71,14,42.71,42.68,42.68,9,42.67,7,42.66,2,42.65,4,42.64,7,42.63,8,42.62,3,42.6,1,42.59,20,42.58,21,42.71,14,42.72,9,42.73,4,42.74,2,42.75,10,42.76,3,42.77,8,42.78,3,42.79,6,42.8,11
2025-04-10 09:32:31,42.685,42.69,1,42.67,15,42.7,10,42.7,42.67,42.67,15,42.66,2,42.65,4,42.64,7,42.63,8,42.62,3,42.6,1,42.59,20,42.58,21,42.57,6,42.7,10,42.71,15,42.72,9,42.73,4,42.74,2,42.75,10,42.76,3,42.77,8,42.78,3,42.79,6
2025-04-10 09:32:32,42.675,42.65,1,42.66,4,42.69,16,42.69,42.66,42.66,4,42.65,13,42.64,7,42.63,8,42.62,3,42.6,1,42.59,20,42.58,21,42.57,6,42.56,21,42.69,16,42.7,5,42.71,20,42.72,9,42.73,4,42.74,2,42.75,10,42.76,3,42.77,8,42.78,3
2025-04-10 09:32:33,42.64,42.64,2,42.63,2,42.65,1,42.65,42.63,42.63,2,42.62,5,42.6,1,42.59,20,42.58,21,42.57,6,42.56,21,42.55,20,42.54,16,42.53,20,42.65,1,42.66,15,42.67,7,42.68,1,42.69,22,42.7,5,42.71,20,42.72,9,42.73,4,42.74,2
2025-04-10 09:32:34,42.64,42.64,1,42.63,3,42.65,1,42.65,42.63,42.63,3,42.62,5,42.6,1,42.59,20,42.58,21,42.57,6,42.56,21,42.55,20,42.54,16,42.53,20,42.65,1,42.66,15,42.67,7,42.68,1,42.69,22,42.7,5,42.71,20,42.72,9,42.73,4,42.74,2
2025-04-10 09:32:35,42.645,42.64,1,42.63,7,42.66,16,42.66,42.63,42.63,7,42.62,2,42.61,9,42.6,1,42.59,20,42.58,21,42.57,6,42.56,21,42.55,20,42.54,16,42.66,16,42.67,7,42.68,1,42.69,22,42.7,5,42.71,20,42.72,9,42.73,4,42.74,2,42.75,10
2025-04-10 09:32:36,42.635,42.63,1,42.62,6,42.65,7,42.65,42.62,42.62,6,42.61,9,42.6,1,42.59,20,42.58,21,42.57,6,42.56,21,42.55,20,42.54,16,42.53,20,42.65,7,42.67,8,42.68,1,42.69,22,42.7,5,42.71,20,42.72,9,42.73,4,42.74,2,42.75,10
2025-04-10 09:32:37,42.63,42.64,1,42.61,8,42.65,8,42.65,42.61,42.61,8,42.6,1,42.59,20,42.58,21,42.57,6,42.56,21,42.55,20,42.54,16,42.53,20,42.52,16,42.65,8,42.67,8,42.68,1,42.69,22,42.7,5,42.71,20,42.72,9,42.73,4,42.74,2,42.75,10
2025-04-10 09:32:38,42.63,42.64,1,42.61,8,42.65,8,42.65,42.61,42.61,8,42.6,1,42.59,20,42.58,21,42.57,6,42.56,21,42.55,20,42.54,16,42.53,20,42.52,16,42.65,8,42.67,8,42.68,1,42.69,22,42.7,5,42.71,20,42.72,9,42.73,4,42.74,2,42.75,10
2025-04-10 09:32:39,42.63,42.63,1,42.61,8,42.65,8,42.65,42.61,42.61,8,42.6,1,42.59,20,42.58,21,42.57,6,42.56,21,42.55,20,42.54,16,42.53,20,42.52,16,42.65,8,42.67,8,42.68,1,42.69,22,42.7,5,42.71,20,42.72,9,42.73,4,42.74,2,42.75,10
2025-04-10 09:32:40,42.595,42.6,2,42.58,17,42.61,7,42.61,42.58,42.58,17,42.57,6,42.56,21,42.55,20,42.54,16,42.53,20,42.52,16,42.51,7,42.5,2,42.49,3,42.61,7,42.62,9,42.63,19,42.64,13,42.65,14,42.67,8,42.68,1,42.69,22,42.7,5,42.71,20
2025-04-10 09:32:41,42.575,42.58,22,42.56,22,42.59,5,42.59,42.56,42.56,22,42.55,20,42.54,16,42.53,20,42.52,16,42.51,7,42.5,2,42.49,3,42.47,10,42.45,13,42.59,5,42.6,5,42.61,12,42.62,9,42.63,19,42.64,13,42.65,14,42.67,8,42.68,1,42.69,22
2025-04-10 09:32:42,42.575,42.58,22,42.56,22,42.59,5,42.59,42.56,42.56,22,42.55,20,42.54,16,42.53,20,42.52,16,42.51,7,42.5,2,42.49,3,42.47,10,42.45,13,42.59,5,42.6,5,42.61,12,42.62,9,42.63,19,42.64,13,42.65,14,42.67,8,42.68,1,42.69,22
2025-04-10 09:32:43,42.565,42.56,1,42.55,8,42.58,15,42.58,42.55,42.55,8,42.54,3,42.53,19,42.52,16,42.51,7,42.5,2,42.49,3,42.47,10,42.45,13,42.43,6,42.58,15,42.59,13,42.6,5,42.61,12,42.62,9,42.63,19,42.64,13,42.65,14,42.67,8,42.68,1
2025-04-10 09:32:44,42.565,42.56,1,42.55,8,42.58,17,42.58,42.55,42.55,8,42.54,3,42.53,19,42.52,16,42.51,7,42.5,2,42.49,3,42.47,10,42.45,13,42.43,6,42.58,17,42.59,13,42.6,5,42.61,12,42.62,9,42.63,19,42.64,13,42.65,14,42.67,8,42.68,1
2025-04-10 09:32:45,42.565,42.56,1,42.55,8,42.58,17,42.58,42.55,42.55,8,42.54,3,42.53,19,42.52,16,42.51,7,42.5,2,42.49,3,42.47,10,42.45,13,42.43,6,42.58,17,42.59,13,42.6,5,42.61,12,42.62,9,42.63,19,42.64,13,42.65,14,42.67,8,42.68,1
2025-04-10 09:32:46,42.565,42.57,2,42.55,8,42.58,19,42.58,42.55,42.55,8,42.54,3,42.53,19,42.52,16,42.51,7,42.5,2,42.49,3,42.47,10,42.45,13,42.43,6,42.58,19,42.59,13,42.6,5,42.61,12,42.62,9,42.63,19,42.64,13,42.65,14,42.67,8,42.68,1
2025-04-10 09:32:47,42.575,42.58,1,42.57,4,42.58,2,42.58,42.57,42.57,4,42.56,5,42.55,9,42.54,3,42.53,19,42.52,16,42.51,7,42.5,2,42.49,3,42.47,10,42.58,2,42.59,6,42.6,11,42.61,12,42.62,9,42.63,19,42.64,13,42.65,14,42.67,8,42.68,1
2025-04-10 09:32:48,42.55,42.55,1,42.52,28,42.58,23,42.58,42.52,42.52,28,42.51,7,42.5,2,42.49,3,42.47,10,42.45,13,42.43,6,42.42,20,42.17,36,,,42.58,23,42.59,6,42.6,11,42.61,12,42.62,9,42.63,19,42.64,13,42.65,14,42.67,8,42.68,1
2025-04-10 09:32:49,42.55,42.55,1,42.52,27,42.58,23,42.58,42.52,42.52,27,42.51,7,42.5,2,42.49,3,42.47,10,42.45,13,42.43,6,42.42,20,42.17,36,,,42.58,23,42.59,6,42.6,11,42.61,12,42.62,9,42.63,19,42.64,13,42.65,14,42.67,8,42.68,1
2025-04-10 09:32:50,42.55,42.55,1,42.52,27,42.58,23,42.58,42.52,42.52,27,42.51,7,42.5,2,42.49,3,42.47,10,42.45,13,42.43,6,42.42,20,42.17,36,,,42.58,23,42.59,6,42.6,11,42.61,12,42.62,9,42.63,19,42.64,13,42.65,14,42.67,8,42.68,1
2025-04-10 09:32:51,42.545,42.55,1,42.52,29,42.57,15,42.57,42.52,42.52,29,42.51,7,42.5,2,42.49,3,42.47,10,42.45,13,42.43,6,42.42,20,42.17,36,,,42.57,15,42.58,25,42.59,6,42.6,11,42.61,12,42.62,9,42.63,19,42.64,13,42.65,14,42.67,8
2025-04-10 09:32:52,42.43,42.43,1,42.42,23,42.44,1,42.44,42.42,42.42,23,42.17,36,,,,,,,,,,,,,,,,,42.44,1,42.45,1,42.46,9,42.48,11,42.49,7,42.5,5,42.51,6,42.52,6,42.53,5,42.54,3
2025-04-10 09:32:53,42.45,42.44,1,42.43,2,42.47,4,42.47,42.43,42.43,2,42.42,22,42.17,36,,,,,,,,,,,,,,,42.47,4,42.48,11,42.49,7,42.5,5,42.51,6,42.52,6,42.53,5,42.54,3,42.55,10,42.56,9
2025-04-10 09:32:54,42.445,42.44,1,42.42,12,42.47,5,42.47,42.42,42.42,12,42.17,36,,,,,,,,,,,,,,,,,42.47,5,42.48,11,42.49,7,42.5,5,42.51,6,42.52,6,42.53,5,42.54,3,42.55,10,42.56,9
2025-04-10 09:32:55,42.455,42.44,1,42.44,2,42.47,6,42.47,42.44,42.44,2,42.42,12,42.17,36,,,,,,,,,,,,,,,42.47,6,42.48,11,42.49,7,42.5,5,42.51,6,42.52,6,42.53,5,42.54,3,42.55,10,42.56,9
2025-04-10 09:32:56,42.455,42.46,1,42.44,2,42.47,10,42.47,42.44,42.44,2,42.42,12,42.17,36,,,,,,,,,,,,,,,42.47,10,42.48,11,42.49,7,42.5,5,42.51,6,42.52,6,42.53,5,42.54,3,42.55,10,42.56,9
2025-04-10 09:32:57,42.455,42.46,1,42.44,2,42.47,10,42.47,42.44,42.44,2,42.42,12,42.17,36,,,,,,,,,,,,,,,42.47,10,42.48,11,42.49,7,42.5,5,42.51,6,42.52,6,42.53,5,42.54,3,42.55,10,42.56,9
2025-04-10 09:32:58,42.455,42.46,1,42.44,2,42.47,10,42.47,42.44,42.44,2,42.42,12,42.17,36,,,,,,,,,,,,,,,42.47,10,42.48,11,42.49,7,42.5,5,42.51,6,42.52,6,42.53,5,42.54,3,42.55,10,42.56,9
2025-04-10 09:32:59,42.455,42.45,1,42.44,2,42.47,10,42.47,42.44,42.44,2,42.42,12,42.17,36,,,,,,,,,,,,,,,42.47,10,42.48,11,42.49,7,42.5,5,42.51,6,42.52,6,42.53,5,42.54,3,42.55,10,42.56,9
2025-04-10 09:33:00,42.49,42.5,1,42.47,4,42.51,6,42.51,42.47,42.47,4,42.46,12,42.44,3,42.42,12,42.17,36,,,,,,,,,,,42.51,6,42.52,17,42.53,5,42.54,3,42.55,10,42.56,9,42.57,15,42.58,25,42.59,6,42.6,11
2025-04-10 09:33:01,42.485,42.48,1,42.47,4,42.5,2,42.5,42.47,42.47,4,42.46,12,42.44,3,42.42,12,42.17,36,,,,,,,,,,,42.5,2,42.51,6,42.52,17,42.53,5,42.54,3,42.55,10,42.56,9,42.57,15,42.58,25,42.59,6
2025-04-10 09:33:02,42.49,42.49,1,42.48,8,42.5,13,42.5,42.48,42.48,8,42.47,14,42.46,10,42.45,3,42.44,3,42.42,12,42.17,36,,,,,,,42.5,13,42.51,6,42.52,17,42.53,5,42.54,3,42.55,10,42.56,9,42.57,15,42.58,25,42.59,6
2025-04-10 09:33:03,42.505,42.51,1,42.5,8,42.51,1,42.51,42.5,42.5,8,42.49,7,42.48,10,42.47,13,42.46,10,42.45,3,42.44,3,42.42,12,42.17,36,,,42.51,1,42.52,13,42.53,5,42.54,3,42.55,10,42.56,9,42.57,15,42.58,25,42.59,6,42.6,11
2025-04-10 09:33:04,42.525,42.51,1,42.51,5,42.54,7,42.54,42.51,42.51,5,42.5,13,42.49,9,42.48,10,42.47,13,42.46,10,42.45,3,42.44,3,42.42,12,42.17,36,42.54,7,42.55,10,42.56,9,42.57,15,42.58,25,42.59,6,42.6,11,42.61,12,42.62,9,42.63,19
2025-04-10 09:33:05,42.525,42.52,1,42.51,10,42.54,4,42.54,42.51,42.51,10,42.5,13,42.49,9,42.48,10,42.47,13,42.46,10,42.45,3,42.44,3,42.42,12,42.17,36,42.54,4,42.55,14,42.56,9,42.57,15,42.58,25,42.59,6,42.6,11,42.61,12,42.62,9,42.63,19
2025-04-10 09:33:06,42.525,42.52,1,42.51,8,42.54,9,42.54,42.51,42.51,8,42.5,13,42.49,9,42.48,10,42.47,13,42.46,10,42.45,3,42.44,3,42.42,12,42.17,36,42.54,9,42.55,14,42.56,9,42.57,15,42.58,25,42.59,6,42.6,11,42.61,12,42.62,9,42.63,19
2025-04-10 09:33:07,42.525,42.51,2,42.51,8,42.54,9,42.54,42.51,42.51,8,42.5,13,42.49,9,42.48,10,42.47,13,42.46,10,42.45,3,42.44,3,42.42,12,42.17,36,42.54,9,42.55,14,42.56,9,42.57,15,42.58,25,42.59,6,42.6,11,42.61,12,42.62,9,42.63,19
2025-04-10 09:33:08,42.5,42.49,1,42.49,7,42.51,7,42.51,42.49,42.49,7,42.48,10,42.47,13,42.46,10,42.45,3,42.44,3,42.42,12,42.17,36,,,,,42.51,7,42.52,4,42.53,8,42.54,9,42.55,14,42.56,9,42.57,15,42.58,25,42.59,6,42.6,11
2025-04-10 09:33:09,42.5,42.49,1,42.49,7,42.51,7,42.51,42.49,42.49,7,42.48,10,42.47,13,42.46,10,42.45,3,42.44,3,42.42,12,42.17,36,,,,,42.51,7,42.52,4,42.53,8,42.54,9,42.55,14,42.56,9,42.57,15,42.58,25,42.59,6,42.6,11
2025-04-10 09:33:10,42.5,42.49,1,42.49,7,42.51,7,42.51,42.49,42.49,7,42.48,10,42.47,13,42.46,10,42.45,3,42.44,3,42.42,12,42.17,36,,,,,42.51,7,42.52,4,42.53,8,42.54,9,42.55,14,42.56,9,42.57,15,42.58,25,42.59,6,42.6,11
2025-04-10 09:33:11,42.495,42.5,1,42.49,7,42.5,7,42.5,42.49,42.49,7,42.48,16,42.47,13,42.46,10,42.45,3,42.44,3,42.42,12,42.17,36,,,,,42.5,7,42.51,19,42.52,18,42.53,8,42.54,9,42.55,14,42.56,9,42.57,15,42.58,25,42.59,6
2025-04-10 09:33:12,42.515,42.52,2,42.51,9,42.52,7,42.52,42.51,42.51,9,42.5,5,42.49,9,42.48,16,42.47,13,42.46,10,42.45,3,42.44,3,42.42,12,42.17,36,42.52,7,42.53,8,42.54,9,42.55,14,42.56,9,42.57,15,42.58,25,42.59,6,42.6,11,42.61,12
2025-04-10 09:33:13,42.515,42.52,1,42.51,9,42.52,7,42.52,42.51,42.51,9,42.5,5,42.49,9,42.48,16,42.47,13,42.46,10,42.45,3,42.44,3,42.42,12,42.17,36,42.52,7,42.53,8,42.54,9,42.55,14,42.56,9,42.57,15,42.58,25,42.59,6,42.6,11,42.61,12
2025-04-10 09:33:14,42.56,42.55,2,42.54,6,42.58,26,42.58,42.54,42.54,6,42.53,10,42.52,2,42.51,14,42.5,5,42.49,9,42.48,16,42.47,13,42.46,10,42.45,3,42.58,26,42.59,6,42.6,11,42.61,12,42.62,9,42.63,19,42.64,13,42.65,14,42.67,8,42.68,1
2025-04-10 09:33:15,42.56,42.56,2,42.54,6,42.58,26,42.58,42.54,42.54,6,42.53,10,42.52,2,42.51,14,42.5,5,42.49,9,42.48,16,42.47,13,42.46,10,42.45,3,42.58,26,42.59,6,42.6,11,42.61,12,42.62,9,42.63,19,42.64,13,42.65,14,42.67,8,42.68,1
2025-04-10 09:33:16,42.565,42.56,2,42.55,6,42.58,24,42.58,42.55,42.55,6,42.54,7,42.53,10,42.52,2,42.51,14,42.5,5,42.49,9,42.48,16,42.47,13,42.46,10,42.58,24,42.59,6,42.6,11,42.61,12,42.62,9,42.63,19,42.64,13,42.65,14,42.67,8,42.68,1
2025-04-10 09:33:17,42.565,42.57,10,42.55,9,42.58,24,42.58,42.55,42.55,9,42.54,7,42.53,10,42.52,2,42.51,14,42.5,5,42.49,9,42.48,16,42.47,13,42.46,10,42.58,24,42.59,6,42.6,11,42.61,12,42.62,9,42.63,19,42.64,13,42.65,14,42.67,8,42.68,1
2025-04-10 09:33:18,42.565,42.57,10,42.55,9,42.58,24,42.58,42.55,42.55,9,42.54,7,42.53,10,42.52,2,42.51,14,42.5,5,42.49,9,42.48,16,42.47,13,42.46,10,42.58,24,42.59,6,42.6,11,42.61,12,42.62,9,42.63,19,42.64,13,42.65,14,42.67,8,42.68,1
2025-04-10 09:33:19,42.565,42.58,10,42.55,8,42.58,25,42.58,42.55,42.55,8,42.54,7,42.53,10,42.52,2,42.51,14,42.5,5,42.49,9,42.48,16,42.47,13,42.46,10,42.58,25,42.59,6,42.6,11,42.61,12,42.62,9,42.63,19,42.64,13,42.65,14,42.67,8,42.68,1
2025-04-10 09:33:20,42.565,42.55,3,42.55,6,42.58,28,42.58,42.55,42.55,6,42.54,7,42.53,10,42.52,2,42.51,14,42.5,5,42.49,9,42.48,16,42.47,13,42.46,10,42.58,28,42.59,6,42.6,11,42.61,12,42.62,9,42.63,19,42.64,13,42.65,14,42.67,8,42.68,1
2025-04-10 09:33:21,42.56,42.56,1,42.55,19,42.57,8,42.57,42.55,42.55,19,42.54,11,42.53,10,42.52,2,42.51,14,42.5,5,42.49,9,42.48,16,42.47,13,42.46,10,42.57,8,42.58,28,42.59,6,42.6,11,42.61,12,42.62,9,42.63,19,42.64,13,42.65,14,42.67,8
2025-04-10 09:33:22,42.56,42.56,1,42.55,19,42.57,9,42.57,42.55,42.55,19,42.54,11,42.53,10,42.52,2,42.51,14,42.5,5,42.49,9,42.48,16,42.47,13,42.46,10,42.57,9,42.58,28,42.59,6,42.6,11,42.61,12,42.62,9,42.63,19,42.64,13,42.65,14,42.67,8
2025-04-10 09:33:23,42.585,42.58,1,42.58,3,42.59,10,42.59,42.58,42.58,3,42.57,3,42.56,4,42.55,12,42.54,11,42.53,10,42.52,2,42.51,14,42.5,5,42.49,9,42.59,10,42.6,11,42.61,12,42.62,9,42.63,19,42.64,13,42.65,14,42.67,8,42.68,1,42.69,22
2025-04-10 09:33:24,42.615,42.6,1,42.6,8,42.63,23,42.63,42.6,42.6,8,42.59,6,42.58,10,42.57,3,42.56,4,42.55,12,42.54,11,42.53,10,42.52,2,42.51,14,42.63,23,42.64,13,42.65,14,42.67,8,42.68,1,42.69,22,42.7,5,42.71,20,42.72,9,42.73,4
2025-04-10 09:33:25,42.615,42.61,2,42.6,8,42.63,23,42.63,42.6,42.6,8,42.59,6,42.58,10,42.57,3,42.56,4,42.55,12,42.54,11,42.53,10,42.52,2,42.51,14,42.63,23,42.64,13,42.65,14,42.67,8,42.68,1,42.69,22,42.7,5,42.71,20,42.72,9,42.73,4
2025-04-10 09:33:26,42.6,42.6,6,42.59,11,42.61,5,42.61,42.59,42.59,11,42.58,10,42.57,3,42.56,4,42.55,12,42.54,11,42.53,10,42.52,2,42.51,14,42.5,5,42.61,5,42.62,2,42.63,23,42.64,13,42.65,14,42.67,8,42.68,1,42.69,22,42.7,5,42.71,20
2025-04-10 09:33:27,42.6,42.6,6,42.59,11,42.61,5,42.61,42.59,42.59,11,42.58,10,42.57,3,42.56,4,42.55,12,42.54,11,42.53,10,42.52,2,42.51,14,42.5,5,42.61,5,42.62,2,42.63,23,42.64,13,42.65,14,42.67,8,42.68,1,42.69,22,42.7,5,42.71,20
2025-04-10 09:33:28,42.56,42.57,1,42.54,10,42.58,6,42.58,42.54,42.54,10,42.53,10,42.52,2,42.51,14,42.5,5,42.49,9,42.48,16,42.47,13,42.46,10,42.45,3,42.58,6,42.59,5,42.6,5,42.61,5,42.62,2,42.63,23,42.64,13,42.65,14,42.67,8,42.68,1
2025-04-10 09:33:29,42.555,42.57,1,42.54,10,42.57,3,42.57,42.54,42.54,10,42.53,10,42.52,2,42.51,14,42.5,5,42.49,9,42.48,16,42.47,13,42.46,10,42.45,3,42.57,3,42.58,6,42.59,5,42.6,5,42.61,5,42.62,2,42.63,23,42.64,13,42.65,14,42.67,8
2025-04-10 09:33:30,42.555,42.57,1,42.55,1,42.56,1,42.56,42.55,42.55,1,42.54,10,42.53,10,42.52,2,42.51,14,42.5,5,42.49,9,42.48,16,42.47,13,42.46,10,42.56,1,42.57,2,42.58,6,42.59,5,42.6,5,42.61,5,42.62,2,42.63,23,42.64,13,42.65,14
2025-04-10 09:33:31,42.565,42.57,11,42.55,9,42.58,8,42.58,42.55,42.55,9,42.54,10,42.53,10,42.52,2,42.51,14,42.5,5,42.49,9,42.48,16,42.47,13,42.46,10,42.58,8,42.59,5,42.6,5,42.61,5,42.62,2,42.63,23,42.64,13,42.65,14,42.67,8,42.68,1
2025-04-10 09:33:32,42.565,42.57,1,42.55,9,42.58,8,42.58,42.55,42.55,9,42.54,10,42.53,10,42.52,2,42.51,14,42.5,5,42.49,9,42.48,16,42.47,13,42.46,10,42.58,8,42.59,5,42.6,5,42.61,5,42.62,2,42.63,23,42.64,13,42.65,14,42.67,8,42.68,1
2025-04-10 09:33:33,42.565,42.55,68,42.55,9,42.58,8,42.58,42.55,42.55,9,42.54,10,42.53,10,42.52,2,42.51,14,42.5,5,42.49,9,42.48,16,42.47,13,42.46,10,42.58,8,42.59,5,42.6,5,42.61,5,42.62,2,42.63,23,42.64,13,42.65,14,42.67,8,42.68,1
2025-04-10 09:33:34,42.565,42.55,68,42.55,9,42.58,12,42.58,42.55,42.55,9,42.54,10,42.53,10,42.52,2,42.51,14,42.5,5,42.49,9,42.48,16,42.47,13,42.46,10,42.58,12,42.59,5,42.6,5,42.61,5,42.62,2,42.63,23,42.64,13,42.65,14,42.67,8,42.68,1
2025-04-10 09:33:35,42.565,42.55,68,42.55,9,42.58,12,42.58,42.55,42.55,9,42.54,10,42.53,10,42.52,2,42.51,14,42.5,5,42.49,9,42.48,16,42.47,13,42.46,10,42.58,12,42.59,5,42.6,5,42.61,5,42.62,2,42.63,23,42.64,13,42.65,14,42.67,8,42.68,1
2025-04-10 09:33:36,42.525,42.53,2,42.52,10,42.53,12,42.53,42.52,42.52,10,42.51,14,42.5,5,42.49,9,42.48,16,42.47,13,42.46,10,42.45,3,42.44,3,42.42,12,42.53,12,42.54,13,42.55,21,42.56,9,42.57,5,42.58,15,42.59,5,42.6,5,42.61,5,42.62,2
2025-04-10 09:33:37,42.54,42.54,20,42.53,14,42.55,1,42.55,42.53,42.53,14,42.52,14,42.51,14,42.5,5,42.49,9,42.48,16,42.47,13,42.46,10,42.45,3,42.44,3,42.55,1,42.56,2,42.57,5,42.58,15,42.59,5,42.6,5,42.61,5,42.62,2,42.63,23,42.64,13
2025-04-10 09:33:38,42.535,42.54,20,42.52,18,42.55,6,42.55,42.52,42.52,18,42.51,14,42.5,5,42.49,9,42.48,16,42.47,13,42.46,10,42.45,3,42.44,3,42.42,12,42.55,6,42.56,2,42.57,5,42.58,15,42.59,5,42.6,5,42.61,5,42.62,2,42.63,23,42.64,13
2025-04-10 09:33:39,42.535,42.54,2,42.52,18,42.55,6,42.55,42.52,42.52,18,42.51,14,42.5,5,42.49,9,42.48,16,42.47,13,42.46,10,42.45,3,42.44,3,42.42,12,42.55,6,42.56,2,42.57,5,42.58,15,42.59,5,42.6,5,42.61,5,42.62,2,42.63,23,42.64,13
2025-04-10 09:33:40,42.54,42.55,1,42.53,10,42.55,1,42.55,42.53,42.53,10,42.52,18,42.51,14,42.5,5,42.49,9,42.48,16,42.47,13,42.46,10,42.45,3,42.44,3,42.55,1,42.56,2,42.57,5,42.58,15,42.59,5,42.6,5,42.61,5,42.62,2,42.63,23,42.64,13
2025-04-10 09:33:41,42.54,42.55,1,42.53,8,42.55,2,42.55,42.53,42.53,8,42.52,18,42.51,14,42.5,5,42.49,9,42.48,16,42.47,13,42.46,10,42.45,3,42.44,3,42.55,2,42.56,2,42.57,5,42.58,15,42.59,5,42.6,5,42.61,5,42.62,2,42.63,23,42.64,13
2025-04-10 09:33:43,42.54,42.53,5,42.53,8,42.55,2,42.55,42.53,42.53,8,42.52,18,42.51,14,42.5,5,42.49,9,42.48,16,42.47,13,42.46,10,42.45,3,42.44,3,42.55,2,42.56,2,42.57,5,42.58,15,42.59,5,42.6,5,42.61,5,42.62,2,42.63,23,42.64,13
2025-04-10 09:33:43,42.54,42.53,30,42.53,8,42.55,2,42.55,42.53,42.53,8,42.52,18,42.51,14,42.5,5,42.49,9,42.48,16,42.47,13,42.46,10,42.45,3,42.44,3,42.55,2,42.56,2,42.57,5,42.58,15,42.59,5,42.6,5,42.61,5,42.62,2,42.63,23,42.64,13
2025-04-10 09:33:44,42.54,42.53,30,42.53,8,42.55,2,42.55,42.53,42.53,8,42.52,18,42.51,14,42.5,5,42.49,9,42.48,16,42.47,13,42.46,10,42.45,3,42.44,3,42.55,2,42.56,2,42.57,5,42.58,15,42.59,5,42.6,5,42.61,5,42.62,2,42.63,23,42.64,13
2025-04-10 09:33:46,42.54,42.54,1,42.53,8,42.55,5,42.55,42.53,42.53,8,42.52,18,42.51,14,42.5,5,42.49,9,42.48,16,42.47,13,42.46,10,42.45,3,42.44,3,42.55,5,42.56,2,42.57,5,42.58,15,42.59,5,42.6,5,42.61,5,42.62,2,42.63,23,42.64,13
2025-04-10 09:33:47,42.53,42.53,1,42.51,17,42.55,22,42.55,42.51,42.51,17,42.5,5,42.49,9,42.48,16,42.47,13,42.46,10,42.45,3,42.44,3,42.42,12,42.17,36,42.55,22,42.56,2,42.57,5,42.58,15,42.59,5,42.6,5,42.61,5,42.62,2,42.63,23,42.64,13
2025-04-10 09:33:47,42.525,42.53,1,42.51,17,42.54,11,42.54,42.51,42.51,17,42.5,5,42.49,9,42.48,16,42.47,13,42.46,10,42.45,3,42.44,3,42.42,12,42.17,36,42.54,11,42.55,22,42.56,2,42.57,5,42.58,15,42.59,5,42.6,5,42.61,5,42.62,2,42.63,23
2025-04-10 09:33:49,42.525,42.51,1,42.51,17,42.54,14,42.54,42.51,42.51,17,42.5,5,42.49,9,42.48,16,42.47,13,42.46,10,42.45,3,42.44,3,42.42,12,42.17,36,42.54,14,42.55,22,42.56,2,42.57,5,42.58,15,42.59,5,42.6,5,42.61,5,42.62,2,42.63,23
2025-04-10 09:33:50,42.5,42.49,2,42.49,14,42.51,8,42.51,42.49,42.49,14,42.48,15,42.47,13,42.46,10,42.45,3,42.44,3,42.42,12,42.17,36,,,,,42.51,8,42.52,10,42.53,3,42.54,14,42.55,22,42.56,2,42.57,5,42.58,15,42.59,5,42.6,5
2025-04-10 09:33:50,42.495,42.49,2,42.48,15,42.51,9,42.51,42.48,42.48,15,42.47,13,42.46,10,42.45,3,42.44,3,42.42,12,42.17,36,,,,,,,42.51,9,42.52,10,42.53,3,42.54,14,42.55,22,42.56,2,42.57,5,42.58,15,42.59,5,42.6,5
2025-04-10 09:33:51,42.52,42.5,2,42.51,1,42.53,7,42.53,42.51,42.51,1,42.5,3,42.49,8,42.48,16,42.47,13,42.46,10,42.45,3,42.44,3,42.42,12,42.17,36,42.53,7,42.54,14,42.55,22,42.56,2,42.57,5,42.58,15,42.59,5,42.6,5,42.61,5,42.62,2
2025-04-10 09:33:53,42.51,42.5,2,42.49,12,42.53,18,42.53,42.49,42.49,12,42.48,16,42.47,13,42.46,10,42.45,3,42.44,3,42.42,12,42.17,36,,,,,42.53,18,42.54,14,42.55,22,42.56,2,42.57,5,42.58,15,42.59,5,42.6,5,42.61,5,42.62,2
2025-04-10 09:33:53,42.48,42.48,1,42.47,7,42.49,15,42.49,42.47,42.47,7,42.46,11,42.45,3,42.44,3,42.42,12,42.17,36,,,,,,,,,42.49,15,42.5,2,42.51,8,42.53,19,42.54,14,42.55,22,42.56,2,42.57,5,42.58,15,42.59,5
2025-04-10 09:33:55,42.47,42.47,5,42.45,8,42.49,14,42.49,42.45,42.45,8,42.44,3,42.42,12,42.17,36,,,,,,,,,,,,,42.49,14,42.5,2,42.51,8,42.53,19,42.54,14,42.55,22,42.56,2,42.57,5,42.58,15,42.59,5
2025-04-10 09:33:56,42.47,42.47,20,42.45,8,42.49,14,42.49,42.45,42.45,8,42.44,3,42.42,12,42.17,36,,,,,,,,,,,,,42.49,14,42.5,2,42.51,8,42.53,19,42.54,14,42.55,22,42.56,2,42.57,5,42.58,15,42.59,5
2025-04-10 09:33:57,42.47,42.47,1,42.45,12,42.49,21,42.49,42.45,42.45,12,42.44,3,42.42,12,42.17,36,,,,,,,,,,,,,42.49,21,42.5,2,42.51,8,42.53,19,42.54,14,42.55,22,42.56,2,42.57,5,42.58,15,42.59,5
2025-04-10 09:33:58,42.47,42.47,1,42.45,12,42.49,21,42.49,42.45,42.45,12,42.44,3,42.42,12,42.17,36,,,,,,,,,,,,,42.49,21,42.5,2,42.51,8,42.53,19,42.54,14,42.55,22,42.56,2,42.57,5,42.58,15,42.59,5
2025-04-10 09:33:59,42.445,42.46,2,42.43,14,42.46,5,42.46,42.43,42.43,14,42.42,12,42.17,36,,,,,,,,,,,,,,,42.46,5,42.47,1,42.48,25,42.49,21,42.5,2,42.51,8,42.53,19,42.54,14,42.55,22,42.56,2
2025-04-10 09:34:00,42.445,42.45,1,42.43,14,42.46,5,42.46,42.43,42.43,14,42.42,12,42.17,36,,,,,,,,,,,,,,,42.46,5,42.47,1,42.48,25,42.49,21,42.5,2,42.51,8,42.53,19,42.54,14,42.55,22,42.56,2
2025-04-10 09:34:01,42.455,42.46,1,42.44,17,42.47,7,42.47,42.44,42.44,17,42.43,14,42.42,12,42.17,36,,,,,,,,,,,,,42.47,7,42.48,22,42.49,21,42.5,2,42.51,8,42.53,19,42.54,14,42.55,22,42.56,2,42.57,5
2025-04-10 09:34:02,42.45,42.45,1,42.43,14,42.47,7,42.47,42.43,42.43,14,42.42,12,42.17,36,,,,,,,,,,,,,,,42.47,7,42.48,22,42.49,21,42.5,2,42.51,8,42.53,19,42.54,14,42.55,22,42.56,2,42.57,5
2025-04-10 09:34:02,42.455,42.46,8,42.44,9,42.47,23,42.47,42.44,42.44,9,42.43,15,42.42,12,42.17,36,,,,,,,,,,,,,42.47,23,42.48,9,42.5,6,42.51,8,42.53,19,42.54,14,42.55,22,42.56,2,42.57,5,42.58,15
2025-04-10 09:34:04,42.455,42.46,1,42.44,9,42.47,23,42.47,42.44,42.44,9,42.43,15,42.42,12,42.17,36,,,,,,,,,,,,,42.47,23,42.48,9,42.5,6,42.51,8,42.53,19,42.54,14,42.55,22,42.56,2,42.57,5,42.58,15
2025-04-10 09:34:05,42.455,42.46,1,42.44,9,42.47,23,42.47,42.44,42.44,9,42.43,15,42.42,12,42.17,36,,,,,,,,,,,,,42.47,23,42.48,9,42.5,6,42.51,8,42.53,19,42.54,14,42.55,22,42.56,2,42.57,5,42.58,15
2025-04-10 09:34:06,42.455,42.46,1,42.44,9,42.47,23,42.47,42.44,42.44,9,42.43,15,42.42,12,42.17,36,,,,,,,,,,,,,42.47,23,42.48,9,42.5,6,42.51,8,42.53,19,42.54,14,42.55,22,42.56,2,42.57,5,42.58,15
2025-04-10 09:34:07,42.455,42.46,3,42.44,9,42.47,25,42.47,42.44,42.44,9,42.43,15,42.42,12,42.17,36,,,,,,,,,,,,,42.47,25,42.48,9,42.5,6,42.51,8,42.53,19,42.54,14,42.55,22,42.56,2,42.57,5,42.58,15
2025-04-10 09:34:08,42.46,42.46,1,42.45,9,42.47,27,42.47,42.45,42.45,9,42.44,5,42.43,13,42.42,4,42.41,14,42.17,36,,,,,,,,,42.47,27,42.48,9,42.5,6,42.51,8,42.53,19,42.54,14,42.55,22,42.56,2,42.57,5,42.58,15
2025-04-10 09:34:09,42.485,42.47,2,42.47,4,42.5,6,42.5,42.47,42.47,4,42.46,10,42.45,10,42.44,5,42.43,13,42.42,4,42.41,14,42.17,36,,,,,42.5,6,42.51,8,42.53,19,42.54,14,42.55,22,42.56,2,42.57,5,42.58,15,42.59,5,42.6,5
2025-04-10 09:34:10,42.465,42.47,1,42.46,5,42.47,2,42.47,42.46,42.46,5,42.45,10,42.44,5,42.43,13,42.42,4,42.41,14,42.17,36,,,,,,,42.47,2,42.48,5,42.49,2,42.5,6,42.51,8,42.53,19,42.54,14,42.55,22,42.56,2,42.57,5
2025-04-10 09:34:11,42.43,42.44,1,42.41,18,42.45,7,42.45,42.41,42.41,18,42.17,36,,,,,,,,,,,,,,,,,42.45,7,42.46,8,42.47,13,42.48,5,42.49,2,42.5,6,42.51,8,42.53,19,42.54,14,42.55,22
2025-04-10 09:34:12,42.43,42.44,1,42.41,18,42.45,7,42.45,42.41,42.41,18,42.17,36,,,,,,,,,,,,,,,,,42.45,7,42.46,8,42.47,13,42.48,5,42.49,2,42.5,6,42.51,8,42.53,19,42.54,14,42.55,22
2025-04-10 09:34:13,42.405,42.4,1,42.39,3,42.42,9,42.42,42.39,42.39,3,42.38,10,42.17,36,,,,,,,,,,,,,,,42.42,9,42.44,20,42.45,23,42.46,8,42.47,13,42.48,5,42.49,2,42.5,6,42.51,8,42.53,19
2025-04-10 09:34:14,42.405,42.41,1,42.39,3,42.42,14,42.42,42.39,42.39,3,42.38,10,42.17,36,,,,,,,,,,,,,,,42.42,14,42.44,20,42.45,23,42.46,8,42.47,13,42.48,5,42.49,2,42.5,6,42.51,8,42.53,19
2025-04-10 09:34:15,42.42,42.42,1,42.4,4,42.44,24,42.44,42.4,42.4,4,42.39,2,42.38,10,42.17,36,,,,,,,,,,,,,42.44,24,42.45,23,42.46,8,42.47,13,42.48,5,42.49,2,42.5,6,42.51,8,42.53,19,42.54,14
2025-04-10 09:34:16,42.43,42.42,1,42.42,2,42.44,24,42.44,42.42,42.42,2,42.4,12,42.39,2,42.38,10,42.17,36,,,,,,,,,,,42.44,24,42.45,23,42.46,8,42.47,13,42.48,5,42.49,2,42.5,6,42.51,8,42.53,19,42.54,14
2025-04-10 09:34:17,42.43,42.42,1,42.42,2,42.44,24,42.44,42.42,42.42,2,42.4,12,42.39,2,42.38,10,42.17,36,,,,,,,,,,,42.44,24,42.45,23,42.46,8,42.47,13,42.48,5,42.49,2,42.5,6,42.51,8,42.53,19,42.54,14
2025-04-10 09:34:18,42.44,42.44,1,42.43,14,42.45,12,42.45,42.43,42.43,14,42.42,10,42.4,12,42.39,2,42.38,10,42.17,36,,,,,,,,,42.45,12,42.46,24,42.47,13,42.48,5,42.49,2,42.5,6,42.51,8,42.53,19,42.54,14,42.55,22
2025-04-10 09:34:19,42.425,42.43,1,42.42,9,42.43,3,42.43,42.42,42.42,9,42.4,12,42.39,2,42.38,10,42.17,36,,,,,,,,,,,42.43,3,42.44,4,42.45,18,42.46,24,42.47,13,42.48,5,42.49,2,42.5,6,42.51,8,42.53,19
2025-04-10 09:34:20,42.43,42.43,1,42.42,8,42.44,4,42.44,42.42,42.42,8,42.4,12,42.39,2,42.38,10,42.17,36,,,,,,,,,,,42.44,4,42.45,18,42.46,24,42.47,13,42.48,5,42.49,2,42.5,6,42.51,8,42.53,19,42.54,14
2025-04-10 09:34:21,42.435,42.43,1,42.42,12,42.45,16,42.45,42.42,42.42,12,42.4,12,42.39,2,42.38,10,42.17,36,,,,,,,,,,,42.45,16,42.46,24,42.47,13,42.48,5,42.49,2,42.5,6,42.51,8,42.53,19,42.54,14,42.55,22
2025-04-10 09:34:22,42.435,42.44,2,42.42,15,42.45,51,42.45,42.42,42.42,15,42.4,12,42.39,2,42.38,10,42.17,36,,,,,,,,,,,42.45,51,42.46,24,42.47,13,42.48,5,42.49,2,42.5,6,42.51,8,42.53,19,42.54,14,42.55,22
2025-04-10 09:34:23,42.465,42.47,1,42.46,27,42.47,1,42.47,42.46,42.46,27,42.45,11,42.44,13,42.43,2,42.42,16,42.4,12,42.39,2,42.38,10,42.17,36,,,42.47,1,42.48,7,42.49,4,42.5,13,42.51,8,42.53,19,42.54,14,42.55,22,42.56,2,42.57,5
2025-04-10 09:34:24,42.475,42.47,1,42.47,1,42.48,6,42.48,42.47,42.47,1,42.46,27,42.45,11,42.44,13,42.43,2,42.42,16,42.4,12,42.39,2,42.38,10,42.17,36,42.48,6,42.49,4,42.5,13,42.51,8,42.53,19,42.54,14,42.55,22,42.56,2,42.57,5,42.58,15
2025-04-10 09:34:25,42.455,42.46,1,42.44,12,42.47,6,42.47,42.44,42.44,12,42.43,2,42.42,16,42.4,12,42.39,2,42.38,10,42.17,36,,,,,,,42.47,6,42.48,6,42.49,4,42.5,13,42.51,8,42.53,19,42.54,14,42.55,22,42.56,2,42.57,5
2025-04-10 09:34:26,42.455,42.47,1,42.44,12,42.47,6,42.47,42.44,42.44,12,42.43,2,42.42,16,42.4,12,42.39,2,42.38,10,42.17,36,,,,,,,42.47,6,42.48,6,42.49,4,42.5,13,42.51,8,42.53,19,42.54,14,42.55,22,42.56,2,42.57,5
2025-04-10 09:34:27,42.455,42.46,1,42.44,18,42.47,6,42.47,42.44,42.44,18,42.43,2,42.42,16,42.4,12,42.39,2,42.38,10,42.17,36,,,,,,,42.47,6,42.48,2,42.49,4,42.5,13,42.51,8,42.53,19,42.54,14,42.55,22,42.56,2,42.57,5
2025-04-10 09:34:28,42.47,42.48,1,42.46,12,42.48,5,42.48,42.46,42.46,12,42.44,18,42.43,2,42.42,16,42.4,12,42.39,2,42.38,10,42.17,36,,,,,42.48,5,42.49,4,42.5,13,42.51,8,42.53,19,42.54,14,42.55,22,42.56,2,42.57,5,42.58,15
2025-04-10 09:34:29,42.46,42.46,1,42.45,7,42.47,5,42.47,42.45,42.45,7,42.44,18,42.43,2,42.42,16,42.4,12,42.39,2,42.38,10,42.17,36,,,,,42.47,5,42.48,9,42.49,4,42.5,13,42.51,8,42.53,19,42.54,14,42.55,22,42.56,2,42.57,5
2025-04-10 09:34:30,42.455,42.46,2,42.44,18,42.47,7,42.47,42.44,42.44,18,42.43,2,42.42,16,42.4,12,42.39,2,42.38,10,42.17,36,,,,,,,42.47,7,42.48,9,42.49,4,42.5,13,42.51,8,42.53,19,42.54,14,42.55,22,42.56,2,42.57,5
2025-04-10 09:34:31,42.46,42.46,11,42.45,11,42.47,4,42.47,42.45,42.45,11,42.44,18,42.43,2,42.42,16,42.4,12,42.39,2,42.38,10,42.17,36,,,,,42.47,4,42.48,9,42.49,4,42.5,13,42.51,8,42.53,19,42.54,14,42.55,22,42.56,2,42.57,5
2025-04-10 09:34:32,42.435,42.44,5,42.42,14,42.45,4,42.45,42.42,42.42,14,42.4,12,42.39,2,42.38,10,42.17,36,,,,,,,,,,,42.45,4,42.46,7,42.47,15,42.48,9,42.49,4,42.5,13,42.51,8,42.53,19,42.54,14,42.55,22
2025-04-10 09:34:33,42.38,42.39,2,42.37,11,42.39,2,42.39,42.37,42.37,11,42.17,36,,,,,,,,,,,,,,,,,42.39,2,42.4,17,42.41,7,42.42,8,42.43,9,42.44,10,42.45,5,42.46,7,42.47,15,42.48,9
2025-04-10 09:34:34,42.38,42.39,2,42.37,6,42.39,6,42.39,42.37,42.37,6,42.36,14,42.17,36,,,,,,,,,,,,,,,42.39,6,42.4,17,42.41,7,42.42,8,42.43,9,42.44,10,42.45,5,42.46,7,42.47,15,42.48,9
2025-04-10 09:34:35,42.38,42.39,2,42.37,6,42.39,6,42.39,42.37,42.37,6,42.36,14,42.17,36,,,,,,,,,,,,,,,42.39,6,42.4,17,42.41,7,42.42,8,42.43,9,42.44,10,42.45,5,42.46,7,42.47,15,42.48,9
2025-04-10 09:34:36,42.38,42.39,2,42.37,6,42.39,6,42.39,42.37,42.37,6,42.36,14,42.17,36,,,,,,,,,,,,,,,42.39,6,42.4,17,42.41,7,42.42,8,42.43,9,42.44,10,42.45,5,42.46,7,42.47,15,42.48,9
2025-04-10 09:34:37,42.38,42.38,1,42.37,32,42.39,8,42.39,42.37,42.37,32,42.36,14,42.17,36,,,,,,,,,,,,,,,42.39,8,42.4,17,42.41,7,42.42,8,42.43,9,42.44,10,42.45,5,42.46,7,42.47,15,42.48,9
2025-04-10 09:34:38,42.405,42.4,1,42.4,9,42.41,2,42.41,42.4,42.4,9,42.39,4,42.38,4,42.37,33,42.36,14,42.17,36,,,,,,,,,42.41,2,42.42,15,42.43,9,42.44,10,42.45,5,42.46,7,42.47,15,42.48,9,42.49,4,42.5,13
2025-04-10 09:34:39,42.41,42.41,1,42.4,7,42.42,24,42.42,42.4,42.4,7,42.39,4,42.38,4,42.37,33,42.36,14,42.17,36,,,,,,,,,42.42,24,42.43,9,42.44,10,42.45,5,42.46,7,42.47,15,42.48,9,42.49,4,42.5,13,42.51,8
2025-04-10 09:34:40,42.405,42.4,3,42.4,8,42.41,5,42.41,42.4,42.4,8,42.39,4,42.38,4,42.37,33,42.36,14,42.17,36,,,,,,,,,42.41,5,42.42,24,42.43,9,42.44,10,42.45,5,42.46,7,42.47,15,42.48,9,42.49,4,42.5,13
2025-04-10 09:34:41,42.39,42.4,1,42.37,31,42.41,6,42.41,42.37,42.37,31,42.36,14,42.17,36,,,,,,,,,,,,,,,42.41,6,42.42,24,42.43,9,42.44,10,42.45,5,42.46,7,42.47,15,42.48,9,42.49,4,42.5,13
2025-04-10 09:34:42,42.385,42.37,1,42.37,28,42.4,4,42.4,42.37,42.37,28,42.36,14,42.17,36,,,,,,,,,,,,,,,42.4,4,42.41,9,42.42,24,42.43,9,42.44,10,42.45,5,42.46,7,42.47,15,42.48,9,42.49,4
2025-04-10 09:34:43,42.395,42.39,1,42.39,5,42.4,7,42.4,42.39,42.39,5,42.38,6,42.37,12,42.36,12,42.17,36,,,,,,,,,,,42.4,7,42.41,9,42.42,24,42.43,9,42.44,10,42.45,5,42.46,7,42.47,15,42.48,9,42.49,4
2025-04-10 09:34:44,42.395,42.39,1,42.39,5,42.4,8,42.4,42.39,42.39,5,42.38,6,42.37,12,42.36,12,42.17,36,,,,,,,,,,,42.4,8,42.41,9,42.42,24,42.43,9,42.44,10,42.45,5,42.46,7,42.47,15,42.48,9,42.49,4
2025-04-10 09:34:45,42.39,42.38,1,42.38,12,42.4,8,42.4,42.38,42.38,12,42.37,20,42.36,12,42.17,36,,,,,,,,,,,,,42.4,8,42.41,9,42.42,24,42.43,9,42.44,10,42.45,5,42.46,7,42.47,15,42.48,9,42.49,4
2025-04-10 09:34:46,42.435,42.42,1,42.42,5,42.45,14,42.45,42.42,42.42,5,42.41,7,42.4,7,42.39,5,42.38,24,42.37,20,42.36,12,42.17,36,,,,,42.45,14,42.46,7,42.47,15,42.48,9,42.49,4,42.5,13,42.51,8,42.53,19,42.54,14,42.55,22
2025-04-10 09:34:47,42.435,42.42,1,42.42,5,42.45,14,42.45,42.42,42.42,5,42.41,7,42.4,7,42.39,5,42.38,24,42.37,20,42.36,12,42.17,36,,,,,42.45,14,42.46,7,42.47,15,42.48,9,42.49,4,42.5,13,42.51,8,42.53,19,42.54,14,42.55,22
2025-04-10 09:34:48,42.435,42.44,1,42.42,6,42.45,16,42.45,42.42,42.42,6,42.41,7,42.4,7,42.39,5,42.38,24,42.37,20,42.36,12,42.17,36,,,,,42.45,16,42.46,7,42.47,15,42.48,9,42.49,4,42.5,13,42.51,8,42.53,19,42.54,14,42.55,22
2025-04-10 09:34:49,42.435,42.44,6,42.42,7,42.45,16,42.45,42.42,42.42,7,42.41,7,42.4,7,42.39,5,42.38,24,42.37,20,42.36,12,42.17,36,,,,,42.45,16,42.46,7,42.47,15,42.48,9,42.49,4,42.5,13,42.51,8,42.53,19,42.54,14,42.55,22
2025-04-10 09:34:50,42.46,42.45,1,42.45,2,42.47,16,42.47,42.45,42.45,2,42.44,5,42.43,3,42.42,27,42.41,7,42.4,7,42.39,5,42.38,24,42.37,20,42.36,12,42.47,16,42.48,9,42.49,4,42.5,13,42.51,8,42.53,19,42.54,14,42.55,22,42.56,2,42.57,5
2025-04-10 09:34:51,42.475,42.47,100,42.47,2,42.48,2,42.48,42.47,42.47,2,42.46,6,42.45,3,42.44,7,42.43,3,42.42,27,42.41,7,42.4,7,42.39,5,42.38,24,42.48,2,42.49,5,42.5,13,42.51,8,42.53,19,42.54,14,42.55,22,42.56,2,42.57,5,42.58,15
2025-04-10 09:34:52,42.475,42.47,23,42.47,1,42.48,2,42.48,42.47,42.47,1,42.46,6,42.45,3,42.44,7,42.43,3,42.42,27,42.41,7,42.4,7,42.39,5,42.38,24,42.48,2,42.49,5,42.5,13,42.51,8,42.53,19,42.54,14,42.55,22,42.56,2,42.57,5,42.58,15
2025-04-10 09:34:53,42.47,42.47,1,42.46,5,42.48,5,42.48,42.46,42.46,5,42.45,3,42.44,7,42.43,3,42.42,27,42.41,7,42.4,7,42.39,5,42.38,24,42.37,20,42.48,5,42.49,5,42.5,13,42.51,8,42.53,19,42.54,14,42.55,22,42.56,2,42.57,5,42.58,15
2025-04-10 09:34:54,42.415,42.42,1,42.41,5,42.42,1,42.42,42.41,42.41,5,42.4,10,42.39,5,42.38,24,42.37,20,42.36,12,42.17,36,,,,,,,42.42,1,42.43,5,42.44,12,42.45,8,42.46,8,42.47,5,42.48,11,42.49,5,42.5,13,42.51,8
2025-04-10 09:34:55,42.435,42.44,1,42.42,9,42.45,16,42.45,42.42,42.42,9,42.41,12,42.4,10,42.39,5,42.38,24,42.37,20,42.36,12,42.17,36,,,,,42.45,16,42.46,8,42.47,5,42.48,11,42.49,5,42.5,13,42.51,8,42.53,19,42.54,14,42.55,22
2025-04-10 09:34:56,42.435,42.44,1,42.42,9,42.45,16,42.45,42.42,42.42,9,42.41,12,42.4,10,42.39,5,42.38,24,42.37,20,42.36,12,42.17,36,,,,,42.45,16,42.46,8,42.47,5,42.48,11,42.49,5,42.5,13,42.51,8,42.53,19,42.54,14,42.55,22
2025-04-10 09:34:57,42.435,42.44,1,42.42,8,42.45,15,42.45,42.42,42.42,8,42.41,12,42.4,10,42.39,5,42.38,24,42.37,20,42.36,12,42.17,36,,,,,42.45,15,42.46,8,42.47,5,42.48,11,42.49,5,42.5,13,42.51,8,42.53,19,42.54,14,42.55,22
2025-04-10 09:34:58,42.435,42.44,1,42.42,8,42.45,16,42.45,42.42,42.42,8,42.41,12,42.4,10,42.39,5,42.38,24,42.37,20,42.36,12,42.17,36,,,,,42.45,16,42.46,8,42.47,5,42.48,11,42.49,5,42.5,13,42.51,8,42.53,19,42.54,14,42.55,22
2025-04-10 09:34:59,42.435,42.44,1,42.42,8,42.45,16,42.45,42.42,42.42,8,42.41,12,42.4,10,42.39,5,42.38,24,42.37,20,42.36,12,42.17,36,,,,,42.45,16,42.46,8,42.47,5,42.48,11,42.49,5,42.5,13,42.51,8,42.53,19,42.54,14,42.55,22
2025-04-10 09:35:00,42.435,42.43,1,42.42,8,42.45,16,42.45,42.42,42.42,8,42.41,12,42.4,10,42.39,5,42.38,24,42.37,20,42.36,12,42.17,36,,,,,42.45,16,42.46,8,42.47,5,42.48,11,42.49,5,42.5,13,42.51,8,42.53,19,42.54,14,42.55,22
2025-04-10 09:35:01,42.435,42.44,1,42.42,10,42.45,17,42.45,42.42,42.42,10,42.41,12,42.4,10,42.39,5,42.38,24,42.37,20,42.36,12,42.17,36,,,,,42.45,17,42.46,8,42.47,5,42.48,11,42.49,5,42.5,13,42.51,8,42.53,19,42.54,14,42.55,22
2025-04-10 09:35:02,42.47,42.47,2,42.46,5,42.48,9,42.48,42.46,42.46,5,42.45,3,42.44,3,42.43,2,42.42,10,42.41,12,42.4,10,42.39,5,42.38,24,42.37,20,42.48,9,42.49,5,42.5,13,42.51,8,42.53,19,42.54,14,42.55,22,42.56,2,42.57,5,42.58,15
2025-04-10 09:35:03,42.455,42.46,2,42.45,2,42.46,1,42.46,42.45,42.45,2,42.44,3,42.43,2,42.42,10,42.41,12,42.4,10,42.39,5,42.38,24,42.37,20,42.36,12,42.46,1,42.47,19,42.48,3,42.49,8,42.5,13,42.51,8,42.53,19,42.54,14,42.55,22,42.56,2
2025-04-10 09:35:04,42.435,42.45,1,42.42,12,42.45,17,42.45,42.42,42.42,12,42.41,12,42.4,10,42.39,5,42.38,24,42.37,20,42.36,12,42.17,36,,,,,42.45,17,42.46,15,42.47,19,42.48,3,42.49,8,42.5,13,42.51,8,42.53,19,42.54,14,42.55,22
2025-04-10 09:35:05,42.435,42.44,2,42.42,11,42.45,19,42.45,42.42,42.42,11,42.41,12,42.4,10,42.39,5,42.38,24,42.37,20,42.36,12,42.17,36,,,,,42.45,19,42.46,15,42.47,19,42.48,3,42.49,8,42.5,13,42.51,8,42.53,19,42.54,14,42.55,22
2025-04-10 09:35:06,42.43,42.44,2,42.42,7,42.44,11,42.44,42.42,42.42,7,42.41,12,42.4,10,42.39,5,42.38,24,42.37,20,42.36,12,42.17,36,,,,,42.44,11,42.45,11,42.46,15,42.47,19,42.48,3,42.49,8,42.5,13,42.51,8,42.53,19,42.54,14
2025-04-10 09:35:07,42.4,42.4,1,42.39,11,42.41,1,42.41,42.39,42.39,11,42.38,24,42.37,20,42.36,12,42.17,36,,,,,,,,,,,42.41,1,42.42,19,42.43,9,42.44,11,42.45,11,42.46,15,42.47,19,42.48,3,42.49,8,42.5,13
2025-04-10 09:35:08,42.4,42.4,1,42.39,11,42.41,1,42.41,42.39,42.39,11,42.38,24,42.37,20,42.36,12,42.17,36,,,,,,,,,,,42.41,1,42.42,19,42.43,9,42.44,11,42.45,11,42.46,15,42.47,19,42.48,3,42.49,8,42.5,13
2025-04-10 09:35:09,42.4,42.4,1,42.39,11,42.41,1,42.41,42.39,42.39,11,42.38,24,42.37,20,42.36,12,42.17,36,,,,,,,,,,,42.41,1,42.42,19,42.43,9,42.44,11,42.45,11,42.46,15,42.47,19,42.48,3,42.49,8,42.5,13
2025-04-10 09:35:10,42.41,42.41,1,42.39,12,42.43,12,42.43,42.39,42.39,12,42.38,24,42.37,20,42.36,12,42.17,36,,,,,,,,,,,42.43,12,42.44,11,42.45,11,42.46,15,42.47,19,42.48,3,42.49,8,42.5,13,42.51,8,42.53,19
2025-04-10 09:35:11,42.405,42.41,1,42.39,9,42.42,17,42.42,42.39,42.39,9,42.38,24,42.37,20,42.36,12,42.17,36,,,,,,,,,,,42.42,17,42.43,12,42.44,11,42.45,11,42.46,15,42.47,19,42.48,3,42.49,8,42.5,13,42.51,8
2025-04-10 09:35:12,42.38,42.38,1,42.36,10,42.4,50,42.4,42.36,42.36,10,42.17,36,,,,,,,,,,,,,,,,,42.4,50,42.42,17,42.43,12,42.44,11,42.45,11,42.46,15,42.47,19,42.48,3,42.49,8,42.5,13
2025-04-10 09:35:13,42.375,42.37,4,42.36,10,42.39,3,42.39,42.36,42.36,10,42.17,36,,,,,,,,,,,,,,,,,42.39,3,42.4,51,42.42,17,42.43,12,42.44,11,42.45,11,42.46,15,42.47,19,42.48,3,42.49,8
2025-04-10 09:35:14,42.38,42.37,4,42.36,10,42.4,50,42.4,42.36,42.36,10,42.17,36,,,,,,,,,,,,,,,,,42.4,50,42.42,17,42.43,12,42.44,11,42.45,11,42.46,15,42.47,19,42.48,3,42.49,8,42.5,13
2025-04-10 09:35:15,42.38,42.36,1,42.36,10,42.4,50,42.4,42.36,42.36,10,42.17,36,,,,,,,,,,,,,,,,,42.4,50,42.42,17,42.43,12,42.44,11,42.45,11,42.46,15,42.47,19,42.48,3,42.49,8,42.5,13
2025-04-10 09:35:16,42.325,42.33,2,42.31,13,42.34,14,42.34,42.31,42.31,13,42.17,36,,,,,,,,,,,,,,,,,42.34,14,42.35,5,42.36,12,42.37,14,42.38,4,42.39,9,42.4,51,42.42,17,42.43,12,42.44,11
2025-04-10 09:35:17,42.325,42.32,46,42.31,10,42.34,15,42.34,42.31,42.31,10,42.17,36,,,,,,,,,,,,,,,,,42.34,15,42.35,5,42.36,12,42.37,14,42.38,4,42.39,9,42.4,51,42.42,17,42.43,12,42.44,11
2025-04-10 09:35:18,42.325,42.32,46,42.31,10,42.34,15,42.34,42.31,42.31,10,42.17,36,,,,,,,,,,,,,,,,,42.34,15,42.35,5,42.36,12,42.37,14,42.38,4,42.39,9,42.4,51,42.42,17,42.43,12,42.44,11
2025-04-10 09:35:19,42.325,42.33,2,42.31,10,42.34,18,42.34,42.31,42.31,10,42.17,36,,,,,,,,,,,,,,,,,42.34,18,42.35,5,42.36,12,42.37,14,42.38,4,42.39,9,42.4,51,42.42,17,42.43,12,42.44,11
2025-04-10 09:35:20,42.345,42.34,1,42.33,19,42.36,23,42.36,42.33,42.33,19,42.32,3,42.31,10,42.17,36,,,,,,,,,,,,,42.36,23,42.37,14,42.38,4,42.39,9,42.4,51,42.42,17,42.43,12,42.44,11,42.45,11,42.46,15
2025-04-10 09:35:21,42.35,42.33,1,42.34,5,42.36,24,42.36,42.34,42.34,5,42.33,19,42.32,3,42.31,10,42.17,36,,,,,,,,,,,42.36,24,42.37,14,42.38,4,42.39,9,42.4,51,42.42,17,42.43,12,42.44,11,42.45,11,42.46,15
2025-04-10 09:35:22,42.35,42.33,1,42.34,5,42.36,24,42.36,42.34,42.34,5,42.33,19,42.32,3,42.31,10,42.17,36,,,,,,,,,,,42.36,24,42.37,14,42.38,4,42.39,9,42.4,51,42.42,17,42.43,12,42.44,11,42.45,11,42.46,15
2025-04-10 09:35:23,42.37,42.37,1,42.35,20,42.39,13,42.39,42.35,42.35,20,42.34,4,42.33,19,42.32,3,42.31,10,42.17,36,,,,,,,,,42.39,13,42.4,51,42.42,17,42.43,12,42.44,11,42.45,11,42.46,15,42.47,19,42.48,3,42.49,8
2025-04-10 09:35:24,42.37,42.37,1,42.35,21,42.39,13,42.39,42.35,42.35,21,42.34,4,42.33,19,42.32,3,42.31,10,42.17,36,,,,,,,,,42.39,13,42.4,51,42.42,17,42.43,12,42.44,11,42.45,11,42.46,15,42.47,19,42.48,3,42.49,8
2025-04-10 09:35:25,42.37,42.37,1,42.35,21,42.39,14,42.39,42.35,42.35,21,42.34,4,42.33,19,42.32,3,42.31,10,42.17,36,,,,,,,,,42.39,14,42.4,51,42.42,17,42.43,12,42.44,11,42.45,11,42.46,15,42.47,19,42.48,3,42.49,8
2025-04-10 09:35:26,42.37,42.37,1,42.35,21,42.39,14,42.39,42.35,42.35,21,42.34,4,42.33,19,42.32,3,42.31,10,42.17,36,,,,,,,,,42.39,14,42.4,51,42.42,17,42.43,12,42.44,11,42.45,11,42.46,15,42.47,19,42.48,3,42.49,8
2025-04-10 09:35:27,42.37,42.37,1,42.35,21,42.39,14,42.39,42.35,42.35,21,42.34,4,42.33,19,42.32,3,42.31,10,42.17,36,,,,,,,,,42.39,14,42.4,51,42.42,17,42.43,12,42.44,11,42.45,11,42.46,15,42.47,19,42.48,3,42.49,8
2025-04-10 09:35:28,42.37,42.37,4,42.35,21,42.39,18,42.39,42.35,42.35,21,42.34,4,42.33,19,42.32,3,42.31,10,42.17,36,,,,,,,,,42.39,18,42.4,51,42.42,17,42.43,12,42.44,11,42.45,11,42.46,15,42.47,19,42.48,3,42.49,8
2025-04-10 09:35:29,42.38,42.38,1,42.37,9,42.39,17,42.39,42.37,42.37,9,42.36,10,42.35,21,42.34,4,42.33,19,42.32,3,42.31,10,42.17,36,,,,,42.39,17,42.4,51,42.42,17,42.43,12,42.44,11,42.45,11,42.46,15,42.47,19,42.48,3,42.49,8
2025-04-10 09:35:30,42.38,42.38,1,42.37,5,42.39,25,42.39,42.37,42.37,5,42.36,10,42.35,21,42.34,4,42.33,19,42.32,3,42.31,10,42.17,36,,,,,42.39,25,42.4,51,42.42,17,42.43,12,42.44,11,42.45,11,42.46,15,42.47,19,42.48,3,42.49,8
2025-04-10 09:35:31,42.38,42.38,1,42.37,3,42.39,25,42.39,42.37,42.37,3,42.36,6,42.35,21,42.34,4,42.33,19,42.32,3,42.31,10,42.17,36,,,,,42.39,25,42.4,51,42.42,17,42.43,12,42.44,11,42.45,11,42.46,15,42.47,19,42.48,3,42.49,8
2025-04-10 09:35:32,42.38,42.38,1,42.37,3,42.39,25,42.39,42.37,42.37,3,42.36,6,42.35,21,42.34,4,42.33,19,42.32,3,42.31,10,42.17,36,,,,,42.39,25,42.4,51,42.42,17,42.43,12,42.44,11,42.45,11,42.46,15,42.47,19,42.48,3,42.49,8
2025-04-10 09:35:33,42.375,42.38,1,42.37,9,42.38,3,42.38,42.37,42.37,9,42.36,6,42.35,21,42.34,4,42.33,19,42.32,3,42.31,10,42.17,36,,,,,42.38,3,42.39,9,42.4,51,42.42,17,42.43,12,42.44,11,42.45,11,42.46,15,42.47,19,42.48,3
2025-04-10 09:35:34,42.375,42.38,1,42.37,10,42.38,4,42.38,42.37,42.37,10,42.36,6,42.35,21,42.34,4,42.33,19,42.32,3,42.31,10,42.17,36,,,,,42.38,4,42.39,9,42.4,51,42.42,17,42.43,12,42.44,11,42.45,11,42.46,15,42.47,19,42.48,3
2025-04-10 09:35:35,42.375,42.38,1,42.37,10,42.38,4,42.38,42.37,42.37,10,42.36,6,42.35,21,42.34,4,42.33,19,42.32,3,42.31,10,42.17,36,,,,,42.38,4,42.39,9,42.4,51,42.42,17,42.43,12,42.44,11,42.45,11,42.46,15,42.47,19,42.48,3
2025-04-10 09:35:36,42.375,42.38,1,42.37,10,42.38,4,42.38,42.37,42.37,10,42.36,6,42.35,21,42.34,4,42.33,19,42.32,3,42.31,10,42.17,36,,,,,42.38,4,42.39,9,42.4,51,42.42,17,42.43,12,42.44,11,42.45,11,42.46,15,42.47,19,42.48,3
2025-04-10 09:35:37,42.385,42.39,2,42.38,13,42.39,2,42.39,42.38,42.38,13,42.37,10,42.36,6,42.35,21,42.34,4,42.33,19,42.32,3,42.31,10,42.17,36,,,42.39,2,42.4,50,42.42,17,42.43,12,42.44,11,42.45,11,42.46,15,42.47,19,42.48,3,42.49,8
2025-04-10 09:35:38,42.385,42.39,2,42.38,14,42.39,5,42.39,42.38,42.38,14,42.37,10,42.36,6,42.35,21,42.34,4,42.33,19,42.32,3,42.31,10,42.17,36,,,42.39,5,42.4,50,42.42,17,42.43,12,42.44,11,42.45,11,42.46,15,42.47,19,42.48,3,42.49,8
2025-04-10 09:35:39,42.385,42.38,32,42.38,12,42.39,7,42.39,42.38,42.38,12,42.37,10,42.36,6,42.35,21,42.34,4,42.33,19,42.32,3,42.31,10,42.17,36,,,42.39,7,42.4,50,42.42,17,42.43,12,42.44,11,42.45,11,42.46,15,42.47,19,42.48,3,42.49,8
2025-04-10 09:35:40,42.385,42.38,47,42.38,12,42.39,7,42.39,42.38,42.38,12,42.37,10,42.36,6,42.35,21,42.34,4,42.33,19,42.32,3,42.31,10,42.17,36,,,42.39,7,42.4,50,42.42,17,42.43,12,42.44,11,42.45,11,42.46,15,42.47,19,42.48,3,42.49,8
2025-04-10 09:35:41,42.39,42.39,1,42.38,4,42.4,51,42.4,42.38,42.38,4,42.37,13,42.36,6,42.35,21,42.34,4,42.33,19,42.32,3,42.31,10,42.17,36,,,42.4,51,42.42,17,42.43,12,42.44,11,42.45,11,42.46,15,42.47,19,42.48,3,42.49,8,42.5,13
2025-04-10 09:35:42,42.39,42.39,1,42.38,4,42.4,50,42.4,42.38,42.38,4,42.37,13,42.36,6,42.35,21,42.34,4,42.33,19,42.32,3,42.31,10,42.17,36,,,42.4,50,42.42,17,42.43,12,42.44,11,42.45,11,42.46,15,42.47,19,42.48,3,42.49,8,42.5,13
2025-04-10 09:35:43,42.39,42.39,1,42.38,4,42.4,50,42.4,42.38,42.38,4,42.37,13,42.36,6,42.35,21,42.34,4,42.33,19,42.32,3,42.31,10,42.17,36,,,42.4,50,42.42,17,42.43,12,42.44,11,42.45,11,42.46,15,42.47,19,42.48,3,42.49,8,42.5,13
2025-04-10 09:35:44,42.365,42.36,1,42.36,13,42.37,8,42.37,42.36,42.36,13,42.35,21,42.34,4,42.33,19,42.32,3,42.31,10,42.17,36,,,,,,,42.37,8,42.38,5,42.39,2,42.4,50,42.42,17,42.43,12,42.44,11,42.45,11,42.46,15,42.47,19
2025-04-10 09:35:45,42.38,42.37,1,42.37,1,42.39,16,42.39,42.37,42.37,1,42.36,14,42.35,21,42.34,4,42.33,19,42.32,3,42.31,10,42.17,36,,,,,42.39,16,42.4,50,42.42,17,42.43,12,42.44,11,42.45,11,42.46,15,42.47,19,42.48,3,42.49,8
2025-04-10 09:35:46,42.38,42.38,1,42.37,4,42.39,19,42.39,42.37,42.37,4,42.36,14,42.35,21,42.34,4,42.33,19,42.32,3,42.31,10,42.17,36,,,,,42.39,19,42.4,50,42.42,17,42.43,12,42.44,11,42.45,11,42.46,15,42.47,19,42.48,3,42.49,8
2025-04-10 09:35:47,42.435,42.43,1,42.43,3,42.44,10,42.44,42.43,42.43,3,42.42,13,42.41,5,42.4,7,42.39,25,42.38,2,42.37,4,42.36,14,42.35,21,42.34,4,42.44,10,42.45,11,42.46,15,42.47,19,42.48,3,42.49,8,42.5,13,42.51,8,42.53,19,42.54,14
2025-04-10 09:35:48,42.445,42.44,5,42.44,1,42.45,17,42.45,42.44,42.44,1,42.43,14,42.42,29,42.41,5,42.4,7,42.39,25,42.38,2,42.37,4,42.36,14,42.35,21,42.45,17,42.46,15,42.47,19,42.48,3,42.49,8,42.5,13,42.51,8,42.53,19,42.54,14,42.55,22
2025-04-10 09:35:49,42.46,42.46,1,42.45,17,42.47,12,42.47,42.45,42.45,17,42.44,7,42.43,14,42.42,29,42.41,5,42.4,7,42.39,25,42.38,2,42.37,4,42.36,14,42.47,12,42.48,3,42.49,8,42.5,13,42.51,8,42.53,19,42.54,14,42.55,22,42.56,2,42.57,5
2025-04-10 09:35:50,42.46,42.46,1,42.45,17,42.47,12,42.47,42.45,42.45,17,42.44,7,42.43,14,42.42,29,42.41,5,42.4,7,42.39,25,42.38,2,42.37,4,42.36,14,42.47,12,42.48,3,42.49,8,42.5,13,42.51,8,42.53,19,42.54,14,42.55,22,42.56,2,42.57,5
2025-04-10 09:35:51,42.5,42.5,2,42.48,16,42.52,23,42.52,42.48,42.48,16,42.47,6,42.46,9,42.45,17,42.44,7,42.43,14,42.42,29,42.41,5,42.4,7,42.39,25,42.52,23,42.53,19,42.54,14,42.55,22,42.56,2,42.57,5,42.58,15,42.59,5,42.6,5,42.61,5
2025-04-10 09:35:52,42.5,42.5,1,42.48,21,42.52,29,42.52,42.48,42.48,21,42.47,6,42.46,9,42.45,17,42.44,7,42.43,14,42.42,29,42.41,5,42.4,7,42.39,25,42.52,29,42.53,19,42.54,14,42.55,22,42.56,2,42.57,5,42.58,15,42.59,5,42.6,5,42.61,5
2025-04-10 09:35:53,42.485,42.48,1,42.48,5,42.49,12,42.49,42.48,42.48,5,42.47,23,42.46,9,42.45,17,42.44,7,42.43,14,42.42,29,42.41,5,42.4,7,42.39,25,42.49,12,42.5,9,42.51,4,42.52,26,42.53,19,42.54,14,42.55,22,42.56,2,42.57,5,42.58,15
2025-04-10 09:35:54,42.485,42.48,1,42.48,2,42.49,12,42.49,42.48,42.48,2,42.47,23,42.46,9,42.45,17,42.44,7,42.43,14,42.42,29,42.41,5,42.4,7,42.39,25,42.49,12,42.5,9,42.51,4,42.52,26,42.53,19,42.54,14,42.55,22,42.56,2,42.57,5,42.58,15
2025-04-10 09:35:55,42.5,42.49,1,42.48,10,42.52,27,42.52,42.48,42.48,10,42.47,23,42.46,9,42.45,17,42.44,7,42.43,14,42.42,29,42.41,5,42.4,7,42.39,25,42.52,27,42.53,19,42.54,14,42.55,22,42.56,2,42.57,5,42.58,15,42.59,5,42.6,5,42.61,5
2025-04-10 09:35:56,42.5,42.49,1,42.48,11,42.52,27,42.52,42.48,42.48,11,42.47,23,42.46,9,42.45,17,42.44,7,42.43,14,42.42,29,42.41,5,42.4,7,42.39,25,42.52,27,42.53,19,42.54,14,42.55,22,42.56,2,42.57,5,42.58,15,42.59,5,42.6,5,42.61,5
2025-04-10 09:35:57,42.5,42.5,1,42.48,10,42.52,28,42.52,42.48,42.48,10,42.47,23,42.46,9,42.45,17,42.44,7,42.43,14,42.42,29,42.41,5,42.4,7,42.39,25,42.52,28,42.53,19,42.54,14,42.55,22,42.56,2,42.57,5,42.58,15,42.59,5,42.6,5,42.61,5
2025-04-10 09:35:58,42.5,42.5,2,42.48,10,42.52,27,42.52,42.48,42.48,10,42.47,23,42.46,9,42.45,17,42.44,7,42.43,14,42.42,29,42.41,5,42.4,7,42.39,25,42.52,27,42.53,19,42.54,14,42.55,22,42.56,2,42.57,5,42.58,15,42.59,5,42.6,5,42.61,5
2025-04-10 09:35:59,42.5,42.5,2,42.48,10,42.52,27,42.52,42.48,42.48,10,42.47,23,42.46,9,42.45,17,42.44,7,42.43,14,42.42,29,42.41,5,42.4,7,42.39,25,42.52,27,42.53,19,42.54,14,42.55,22,42.56,2,42.57,5,42.58,15,42.59,5,42.6,5,42.61,5
2025-04-10 09:36:00,42.5,42.5,2,42.48,10,42.52,21,42.52,42.48,42.48,10,42.47,23,42.46,9,42.45,17,42.44,7,42.43,14,42.42,29,42.41,5,42.4,7,42.39,25,42.52,21,42.53,19,42.54,14,42.55,22,42.56,2,42.57,5,42.58,15,42.59,5,42.6,5,42.61,5
2025-04-10 09:36:01,42.495,42.5,2,42.48,10,42.51,6,42.51,42.48,42.48,10,42.47,23,42.46,9,42.45,17,42.44,7,42.43,14,42.42,29,42.41,5,42.4,7,42.39,25,42.51,6,42.52,22,42.53,19,42.54,14,42.55,22,42.56,2,42.57,5,42.58,15,42.59,5,42.6,5
2025-04-10 09:36:02,42.545,42.55,1,42.53,12,42.56,11,42.56,42.53,42.53,12,42.52,15,42.51,2,42.5,9,42.49,8,42.48,10,42.47,23,42.46,9,42.45,17,42.44,7,42.56,11,42.57,5,42.58,15,42.59,5,42.6,5,42.61,5,42.62,2,42.63,23,42.64,13,42.65,14
2025-04-10 09:36:03,42.545,42.55,3,42.53,12,42.56,12,42.56,42.53,42.53,12,42.52,15,42.51,2,42.5,9,42.49,8,42.48,10,42.47,23,42.46,9,42.45,17,42.44,7,42.56,12,42.57,5,42.58,15,42.59,5,42.6,5,42.61,5,42.62,2,42.63,23,42.64,13,42.65,14
2025-04-10 09:36:04,42.545,42.55,1,42.53,14,42.56,8,42.56,42.53,42.53,14,42.52,15,42.51,2,42.5,9,42.49,8,42.48,10,42.47,23,42.46,9,42.45,17,42.44,7,42.56,8,42.57,5,42.58,15,42.59,5,42.6,5,42.61,5,42.62,2,42.63,23,42.64,13,42.65,14
2025-04-10 09:36:05,42.6,42.6,1,42.58,18,42.62,6,42.62,42.58,42.58,18,42.57,5,42.56,19,42.55,11,42.54,11,42.53,14,42.52,15,42.51,2,42.5,9,42.49,8,42.62,6,42.63,23,42.64,13,42.65,14,42.67,8,42.68,1,42.69,22,42.7,5,42.71,20,42.72,9
2025-04-10 09:36:06,42.575,42.59,2,42.57,8,42.58,1,42.58,42.57,42.57,8,42.56,19,42.55,11,42.54,11,42.53,14,42.52,15,42.51,2,42.5,9,42.49,8,42.48,10,42.58,1,42.59,14,42.6,15,42.61,2,42.62,8,42.63,27,42.64,13,42.65,14,42.67,8,42.68,1
2025-04-10 09:36:07,42.58,42.58,1,42.57,8,42.59,9,42.59,42.57,42.57,8,42.56,19,42.55,11,42.54,11,42.53,14,42.52,15,42.51,2,42.5,9,42.49,8,42.48,10,42.59,9,42.6,6,42.61,5,42.62,8,42.63,27,42.64,13,42.65,14,42.67,8,42.68,1,42.69,22
2025-04-10 09:36:08,42.56,42.56,1,42.55,3,42.57,7,42.57,42.55,42.55,3,42.54,13,42.53,14,42.52,15,42.51,2,42.5,9,42.49,8,42.48,10,42.47,23,42.46,9,42.57,7,42.58,6,42.59,9,42.6,6,42.61,5,42.62,8,42.63,27,42.64,13,42.65,14,42.67,8
2025-04-10 09:36:09,42.57,42.56,1,42.56,3,42.58,10,42.58,42.56,42.56,3,42.55,7,42.54,13,42.53,14,42.52,15,42.51,2,42.5,9,42.49,8,42.48,10,42.47,23,42.58,10,42.59,9,42.6,6,42.61,5,42.62,8,42.63,27,42.64,13,42.65,14,42.67,8,42.68,1
2025-04-10 09:36:10,42.575,42.56,1,42.56,10,42.59,15,42.59,42.56,42.56,10,42.55,7,42.54,13,42.53,14,42.52,15,42.51,2,42.5,9,42.49,8,42.48,10,42.47,23,42.59,15,42.6,6,42.61,5,42.62,8,42.63,27,42.64,13,42.65,14,42.67,8,42.68,1,42.69,22
2025-04-10 09:36:11,42.575,42.56,1,42.56,10,42.59,16,42.59,42.56,42.56,10,42.55,7,42.54,13,42.53,14,42.52,15,42.51,2,42.5,9,42.49,8,42.48,10,42.47,23,42.59,16,42.6,6,42.61,5,42.62,8,42.63,27,42.64,13,42.65,14,42.67,8,42.68,1,42.69,22
2025-04-10 09:36:12,42.535,42.55,1,42.53,11,42.54,3,42.54,42.53,42.53,11,42.52,15,42.51,2,42.5,9,42.49,8,42.48,10,42.47,23,42.46,9,42.45,17,42.44,7,42.54,3,42.55,7,42.56,10,42.57,4,42.58,8,42.59,18,42.6,6,42.61,5,42.62,8,42.63,27
2025-04-10 09:36:13,42.55,42.55,1,42.54,10,42.56,13,42.56,42.54,42.54,10,42.53,14,42.52,15,42.51,2,42.5,9,42.49,8,42.48,10,42.47,23,42.46,9,42.45,17,42.56,13,42.57,4,42.58,8,42.59,18,42.6,6,42.61,5,42.62,8,42.63,27,42.64,13,42.65,14
2025-04-10 09:36:14,42.55,42.55,1,42.54,10,42.56,13,42.56,42.54,42.54,10,42.53,14,42.52,15,42.51,2,42.5,9,42.49,8,42.48,10,42.47,23,42.46,9,42.45,17,42.56,13,42.57,4,42.58,8,42.59,18,42.6,6,42.61,5,42.62,8,42.63,27,42.64,13,42.65,14
2025-04-10 09:36:15,42.55,42.55,1,42.54,9,42.56,15,42.56,42.54,42.54,9,42.53,14,42.52,15,42.51,2,42.5,9,42.49,8,42.48,10,42.47,23,42.46,9,42.45,17,42.56,15,42.57,4,42.58,8,42.59,18,42.6,6,42.61,5,42.62,8,42.63,27,42.64,13,42.65,14
2025-04-10 09:36:16,42.57,42.56,2,42.55,7,42.59,24,42.59,42.55,42.55,7,42.54,9,42.53,14,42.52,15,42.51,2,42.5,9,42.49,8,42.48,10,42.47,23,42.46,9,42.59,24,42.6,6,42.61,5,42.62,8,42.63,27,42.64,13,42.65,14,42.67,8,42.68,1,42.69,22
2025-04-10 09:36:17,42.57,42.56,2,42.55,7,42.59,24,42.59,42.55,42.55,7,42.54,9,42.53,14,42.52,15,42.51,2,42.5,9,42.49,8,42.48,10,42.47,23,42.46,9,42.59,24,42.6,6,42.61,5,42.62,8,42.63,27,42.64,13,42.65,14,42.67,8,42.68,1,42.69,22
2025-04-10 09:36:18,42.57,42.56,2,42.55,7,42.59,24,42.59,42.55,42.55,7,42.54,9,42.53,14,42.52,15,42.51,2,42.5,9,42.49,8,42.48,10,42.47,23,42.46,9,42.59,24,42.6,6,42.61,5,42.62,8,42.63,27,42.64,13,42.65,14,42.67,8,42.68,1,42.69,22
2025-04-10 09:36:19,42.57,42.57,1,42.55,7,42.59,24,42.59,42.55,42.55,7,42.54,9,42.53,14,42.52,15,42.51,2,42.5,9,42.49,8,42.48,10,42.47,23,42.46,9,42.59,24,42.6,6,42.61,5,42.62,8,42.63,27,42.64,13,42.65,14,42.67,8,42.68,1,42.69,22
2025-04-10 09:36:20,42.57,42.57,1,42.55,7,42.59,23,42.59,42.55,42.55,7,42.54,9,42.53,14,42.52,15,42.51,2,42.5,9,42.49,8,42.48,10,42.47,23,42.46,9,42.59,23,42.6,6,42.61,5,42.62,8,42.63,27,42.64,13,42.65,14,42.67,8,42.68,1,42.69,22
2025-04-10 09:36:21,42.57,42.57,50,42.55,9,42.59,29,42.59,42.55,42.55,9,42.54,9,42.53,14,42.52,15,42.51,2,42.5,9,42.49,8,42.48,10,42.47,23,42.46,9,42.59,29,42.6,6,42.61,5,42.62,8,42.63,27,42.64,13,42.65,14,42.67,8,42.68,1,42.69,22
2025-04-10 09:36:22,42.57,42.57,50,42.55,9,42.59,28,42.59,42.55,42.55,9,42.54,9,42.53,14,42.52,15,42.51,2,42.5,9,42.49,8,42.48,10,42.47,23,42.46,9,42.59,28,42.6,6,42.61,5,42.62,8,42.63,27,42.64,13,42.65,14,42.67,8,42.68,1,42.69,22
2025-04-10 09:36:23,42.575,42.58,1,42.56,6,42.59,7,42.59,42.56,42.56,6,42.55,11,42.54,9,42.53,14,42.52,15,42.51,2,42.5,9,42.49,8,42.48,10,42.47,23,42.59,7,42.6,1,42.61,31,42.62,8,42.63,27,42.64,13,42.65,14,42.67,8,42.68,1,42.69,22
2025-04-10 09:36:24,42.575,42.57,1,42.56,12,42.59,7,42.59,42.56,42.56,12,42.55,11,42.54,9,42.53,14,42.52,15,42.51,2,42.5,9,42.49,8,42.48,10,42.47,23,42.59,7,42.6,1,42.61,31,42.62,8,42.63,27,42.64,13,42.65,14,42.67,8,42.68,1,42.69,22
2025-04-10 09:36:25,42.57,42.58,3,42.56,14,42.58,11,42.58,42.56,42.56,14,42.55,11,42.54,9,42.53,14,42.52,15,42.51,2,42.5,9,42.49,8,42.48,10,42.47,23,42.58,11,42.59,12,42.6,1,42.61,31,42.62,8,42.63,27,42.64,13,42.65,14,42.67,8,42.68,1
2025-04-10 09:36:26,42.57,42.58,3,42.56,14,42.58,11,42.58,42.56,42.56,14,42.55,11,42.54,9,42.53,14,42.52,15,42.51,2,42.5,9,42.49,8,42.48,10,42.47,23,42.58,11,42.59,12,42.6,1,42.61,31,42.62,8,42.63,27,42.64,13,42.65,14,42.67,8,42.68,1
2025-04-10 09:36:27,42.57,42.58,3,42.56,14,42.58,11,42.58,42.56,42.56,14,42.55,11,42.54,9,42.53,14,42.52,15,42.51,2,42.5,9,42.49,8,42.48,10,42.47,23,42.58,11,42.59,12,42.6,1,42.61,31,42.62,8,42.63,27,42.64,13,42.65,14,42.67,8,42.68,1
2025-04-10 09:36:28,42.58,42.58,1,42.57,13,42.59,14,42.59,42.57,42.57,13,42.56,13,42.55,11,42.54,20,42.53,14,42.52,15,42.51,2,42.5,9,42.49,8,42.48,10,42.59,14,42.6,1,42.61,31,42.62,8,42.63,27,42.64,13,42.65,14,42.67,8,42.68,1,42.69,22
2025-04-10 09:36:29,42.58,42.59,1,42.57,15,42.59,10,42.59,42.57,42.57,15,42.56,13,42.55,11,42.54,20,42.53,14,42.52,15,42.51,2,42.5,9,42.49,8,42.48,10,42.59,10,42.6,1,42.61,31,42.62,8,42.63,27,42.64,13,42.65,14,42.67,8,42.68,1,42.69,22
2025-04-10 09:36:30,42.58,42.58,1,42.57,17,42.59,10,42.59,42.57,42.57,17,42.56,13,42.55,11,42.54,20,42.53,14,42.52,15,42.51,2,42.5,9,42.49,8,42.48,10,42.59,10,42.6,1,42.61,31,42.62,8,42.63,27,42.64,13,42.65,14,42.67,8,42.68,1,42.69,22
2025-04-10 09:36:31,42.58,42.58,1,42.57,17,42.59,10,42.59,42.57,42.57,17,42.56,13,42.55,11,42.54,20,42.53,14,42.52,15,42.51,2,42.5,9,42.49,8,42.48,10,42.59,10,42.6,1,42.61,31,42.62,8,42.63,27,42.64,13,42.65,14,42.67,8,42.68,1,42.69,22
2025-04-10 09:36:32,42.575,42.58,1,42.57,4,42.58,14,42.58,42.57,42.57,4,42.56,13,42.55,11,42.54,20,42.53,14,42.52,15,42.51,2,42.5,9,42.49,8,42.48,10,42.58,14,42.59,11,42.6,1,42.61,31,42.62,8,42.63,27,42.64,13,42.65,14,42.67,8,42.68,1
2025-04-10 09:36:33,42.575,42.57,1,42.57,5,42.58,11,42.58,42.57,42.57,5,42.56,13,42.55,11,42.54,20,42.53,14,42.52,15,42.51,2,42.5,9,42.49,8,42.48,10,42.58,11,42.59,11,42.6,1,42.61,31,42.62,8,42.63,27,42.64,13,42.65,14,42.67,8,42.68,1
2025-04-10 09:36:34,42.575,42.57,1,42.57,5,42.58,14,42.58,42.57,42.57,5,42.56,13,42.55,11,42.54,20,42.53,14,42.52,15,42.51,2,42.5,9,42.49,8,42.48,10,42.58,14,42.59,11,42.6,1,42.61,31,42.62,8,42.63,27,42.64,13,42.65,14,42.67,8,42.68,1
2025-04-10 09:36:35,42.575,42.57,1,42.57,6,42.58,10,42.58,42.57,42.57,6,42.56,13,42.55,11,42.54,20,42.53,14,42.52,15,42.51,2,42.5,9,42.49,8,42.48,10,42.58,10,42.59,11,42.6,1,42.61,31,42.62,8,42.63,27,42.64,13,42.65,14,42.67,8,42.68,1
2025-04-10 09:36:36,42.575,42.57,1,42.57,6,42.58,10,42.58,42.57,42.57,6,42.56,13,42.55,11,42.54,20,42.53,14,42.52,15,42.51,2,42.5,9,42.49,8,42.48,10,42.58,10,42.59,11,42.6,1,42.61,31,42.62,8,42.63,27,42.64,13,42.65,14,42.67,8,42.68,1
2025-04-10 09:36:37,42.56,42.55,9,42.55,13,42.57,19,42.57,42.55,42.55,13,42.54,20,42.53,14,42.52,15,42.51,2,42.5,9,42.49,8,42.48,10,42.47,23,42.46,9,42.57,19,42.58,12,42.59,11,42.6,1,42.61,31,42.62,8,42.63,27,42.64,13,42.65,14,42.67,8
2025-04-10 09:36:38,42.57,42.57,1,42.56,10,42.58,14,42.58,42.56,42.56,10,42.55,14,42.54,20,42.53,14,42.52,15,42.51,2,42.5,9,42.49,8,42.48,10,42.47,23,42.58,14,42.59,11,42.6,1,42.61,31,42.62,8,42.63,27,42.64,13,42.65,14,42.67,8,42.68,1
2025-04-10 09:36:39,42.565,42.57,1,42.56,18,42.57,10,42.57,42.56,42.56,18,42.55,14,42.54,20,42.53,14,42.52,15,42.51,2,42.5,9,42.49,8,42.48,10,42.47,23,42.57,10,42.58,21,42.59,11,42.6,1,42.61,31,42.62,8,42.63,27,42.64,13,42.65,14,42.67,8
2025-04-10 09:36:40,42.565,42.57,1,42.56,18,42.57,13,42.57,42.56,42.56,18,42.55,14,42.54,20,42.53,14,42.52,15,42.51,2,42.5,9,42.49,8,42.48,10,42.47,23,42.57,13,42.58,21,42.59,11,42.6,1,42.61,31,42.62,8,42.63,27,42.64,13,42.65,14,42.67,8
2025-04-10 09:36:41,42.565,42.57,1,42.56,18,42.57,13,42.57,42.56,42.56,18,42.55,14,42.54,20,42.53,14,42.52,15,42.51,2,42.5,9,42.49,8,42.48,10,42.47,23,42.57,13,42.58,21,42.59,11,42.6,1,42.61,31,42.62,8,42.63,27,42.64,13,42.65,14,42.67,8
2025-04-10 09:36:42,42.555,42.55,2,42.55,13,42.56,10,42.56,42.55,42.55,13,42.54,20,42.53,14,42.52,15,42.51,2,42.5,9,42.49,8,42.48,10,42.47,23,42.46,9,42.56,10,42.57,16,42.58,21,42.59,11,42.6,1,42.61,31,42.62,8,42.63,27,42.64,13,42.65,14
2025-04-10 09:36:43,42.555,42.55,2,42.55,13,42.56,6,42.56,42.55,42.55,13,42.54,20,42.53,14,42.52,15,42.51,2,42.5,9,42.49,8,42.48,10,42.47,23,42.46,9,42.56,6,42.57,16,42.58,21,42.59,11,42.6,1,42.61,31,42.62,8,42.63,27,42.64,13,42.65,14
2025-04-10 09:36:44,42.555,42.55,2,42.55,13,42.56,10,42.56,42.55,42.55,13,42.54,20,42.53,14,42.52,15,42.51,2,42.5,9,42.49,8,42.48,10,42.47,23,42.46,9,42.56,10,42.57,16,42.58,21,42.59,11,42.6,1,42.61,31,42.62,8,42.63,27,42.64,13,42.65,14
2025-04-10 09:36:45,42.555,42.56,1,42.55,8,42.56,11,42.56,42.55,42.55,8,42.54,20,42.53,14,42.52,15,42.51,2,42.5,9,42.49,8,42.48,10,42.47,23,42.46,9,42.56,11,42.57,16,42.58,21,42.59,11,42.6,1,42.61,31,42.62,8,42.63,27,42.64,13,42.65,14
2025-04-10 09:36:46,42.555,42.56,1,42.55,6,42.56,12,42.56,42.55,42.55,6,42.54,20,42.53,14,42.52,15,42.51,2,42.5,9,42.49,8,42.48,10,42.47,23,42.46,9,42.56,12,42.57,16,42.58,21,42.59,11,42.6,1,42.61,31,42.62,8,42.63,27,42.64,13,42.65,14
2025-04-10 09:36:47,42.555,42.55,5,42.55,6,42.56,12,42.56,42.55,42.55,6,42.54,20,42.53,14,42.52,15,42.51,2,42.5,9,42.49,8,42.48,10,42.47,23,42.46,9,42.56,12,42.57,16,42.58,21,42.59,11,42.6,1,42.61,31,42.62,8,42.63,27,42.64,13,42.65,14
2025-04-10 09:36:48,42.555,42.56,1,42.55,10,42.56,11,42.56,42.55,42.55,10,42.54,20,42.53,14,42.52,15,42.51,2,42.5,9,42.49,8,42.48,10,42.47,23,42.46,9,42.56,11,42.57,16,42.58,21,42.59,11,42.6,1,42.61,31,42.62,8,42.63,27,42.64,13,42.65,14
2025-04-10 09:36:49,42.57,42.56,1,42.56,3,42.58,17,42.58,42.56,42.56,3,42.55,14,42.54,20,42.53,14,42.52,15,42.51,2,42.5,9,42.49,8,42.48,10,42.47,23,42.58,17,42.59,11,42.6,1,42.61,31,42.62,8,42.63,27,42.64,13,42.65,14,42.67,8,42.68,1
2025-04-10 09:36:50,42.565,42.57,37,42.56,7,42.57,4,42.57,42.56,42.56,7,42.55,14,42.54,20,42.53,14,42.52,15,42.51,2,42.5,9,42.49,8,42.48,10,42.47,23,42.57,4,42.58,17,42.59,11,42.6,1,42.61,31,42.62,8,42.63,27,42.64,13,42.65,14,42.67,8
2025-04-10 09:36:51,42.565,42.57,1,42.56,17,42.57,3,42.57,42.56,42.56,17,42.55,14,42.54,20,42.53,14,42.52,15,42.51,2,42.5,9,42.49,8,42.48,10,42.47,23,42.57,3,42.58,30,42.59,11,42.6,1,42.61,31,42.62,8,42.63,27,42.64,13,42.65,14,42.67,8
2025-04-10 09:36:52,42.555,42.56,1,42.55,10,42.56,2,42.56,42.55,42.55,10,42.54,20,42.53,14,42.52,15,42.51,2,42.5,9,42.49,8,42.48,10,42.47,23,42.46,9,42.56,2,42.57,6,42.58,30,42.59,11,42.6,1,42.61,31,42.62,8,42.63,27,42.64,13,42.65,14
2025-04-10 09:36:53,42.565,42.56,1,42.55,14,42.58,29,42.58,42.55,42.55,14,42.54,20,42.53,14,42.52,15,42.51,2,42.5,9,42.49,8,42.48,10,42.47,23,42.46,9,42.58,29,42.59,11,42.6,1,42.61,31,42.62,8,42.63,27,42.64,13,42.65,14,42.67,8,42.68,1
2025-04-10 09:36:54,42.565,42.56,1,42.55,10,42.58,34,42.58,42.55,42.55,10,42.54,20,42.53,14,42.52,15,42.51,2,42.5,9,42.49,8,42.48,10,42.47,23,42.46,9,42.58,34,42.59,11,42.6,1,42.61,31,42.62,8,42.63,27,42.64,13,42.65,14,42.67,8,42.68,1
2025-04-10 09:36:55,42.565,42.56,1,42.55,10,42.58,34,42.58,42.55,42.55,10,42.54,20,42.53,14,42.52,15,42.51,2,42.5,9,42.49,8,42.48,10,42.47,23,42.46,9,42.58,34,42.59,11,42.6,1,42.61,31,42.62,8,42.63,27,42.64,13,42.65,14,42.67,8,42.68,1
2025-04-10 09:36:56,42.565,42.58,1,42.55,10,42.58,37,42.58,42.55,42.55,10,42.54,20,42.53,14,42.52,15,42.51,2,42.5,9,42.49,8,42.48,10,42.47,23,42.46,9,42.58,37,42.59,11,42.6,1,42.61,31,42.62,8,42.63,27,42.64,13,42.65,14,42.67,8,42.68,1
2025-04-10 09:36:57,42.56,42.58,1,42.55,12,42.57,12,42.57,42.55,42.55,12,42.54,20,42.53,14,42.52,15,42.51,2,42.5,9,42.49,8,42.48,10,42.47,23,42.46,9,42.57,12,42.58,40,42.59,11,42.6,1,42.61,31,42.62,8,42.63,27,42.64,13,42.65,14,42.67,8
2025-04-10 09:36:58,42.525,42.53,1,42.52,16,42.53,4,42.53,42.52,42.52,16,42.51,2,42.5,9,42.49,8,42.48,10,42.47,23,42.46,9,42.45,17,42.44,7,42.43,14,42.53,4,42.54,6,42.55,5,42.56,4,42.57,15,42.58,40,42.59,11,42.6,1,42.61,31,42.62,8
2025-04-10 09:36:59,42.525,42.53,3,42.52,16,42.53,4,42.53,42.52,42.52,16,42.51,2,42.5,9,42.49,8,42.48,10,42.47,23,42.46,9,42.45,17,42.44,7,42.43,14,42.53,4,42.54,6,42.55,5,42.56,4,42.57,15,42.58,40,42.59,11,42.6,1,42.61,31,42.62,8
2025-04-10 09:37:00,42.505,42.51,1,42.5,17,42.51,7,42.51,42.5,42.5,17,42.49,8,42.48,10,42.47,23,42.46,9,42.45,17,42.44,7,42.43,14,42.42,29,42.41,5,42.51,7,42.52,8,42.53,5,42.54,6,42.55,5,42.56,4,42.57,15,42.58,40,42.59,11,42.6,1
2025-04-10 09:37:01,42.5,42.5,1,42.49,21,42.51,10,42.51,42.49,42.49,21,42.48,16,42.47,23,42.46,9,42.45,17,42.44,7,42.43,14,42.42,29,42.41,5,42.4,7,42.51,10,42.52,8,42.53,5,42.54,6,42.55,5,42.56,4,42.57,15,42.58,40,42.59,11,42.6,1
2025-04-10 09:37:02,42.515,42.51,1,42.5,6,42.53,15,42.53,42.5,42.5,6,42.49,21,42.48,16,42.47,23,42.46,9,42.45,17,42.44,7,42.43,14,42.42,29,42.41,5,42.53,15,42.54,6,42.55,5,42.56,4,42.57,15,42.58,40,42.59,11,42.6,1,42.61,31,42.62,8
2025-04-10 09:37:03,42.515,42.51,1,42.5,12,42.53,15,42.53,42.5,42.5,12,42.49,21,42.48,16,42.47,23,42.46,9,42.45,17,42.44,7,42.43,14,42.42,29,42.41,5,42.53,15,42.54,6,42.55,5,42.56,4,42.57,15,42.58,40,42.59,11,42.6,1,42.61,31,42.62,8
2025-04-10 09:37:04,42.49,42.5,1,42.48,12,42.5,17,42.5,42.48,42.48,12,42.47,23,42.46,9,42.45,17,42.44,7,42.43,14,42.42,29,42.41,5,42.4,7,42.39,25,42.5,17,42.51,17,42.52,6,42.53,15,42.54,6,42.55,5,42.56,4,42.57,15,42.58,40,42.59,11
2025-04-10 09:37:05,42.47,42.47,1,42.46,11,42.48,11,42.48,42.46,42.46,11,42.45,17,42.44,7,42.43,14,42.42,29,42.41,5,42.4,7,42.39,25,42.38,2,42.37,4,42.48,11,42.49,27,42.5,17,42.51,17,42.52,6,42.53,15,42.54,6,42.55,5,42.56,4,42.57,15
2025-04-10 09:37:06,42.485,42.48,1,42.47,8,42.5,25,42.5,42.47,42.47,8,42.46,19,42.45,17,42.44,7,42.43,14,42.42,29,42.41,5,42.4,7,42.39,25,42.38,2,42.5,25,42.51,17,42.52,6,42.53,15,42.54,6,42.55,5,42.56,4,42.57,15,42.58,40,42.59,11
2025-04-10 09:37:07,42.485,42.48,1,42.47,12,42.5,25,42.5,42.47,42.47,12,42.46,19,42.45,17,42.44,7,42.43,14,42.42,29,42.41,5,42.4,7,42.39,25,42.38,2,42.5,25,42.51,17,42.52,6,42.53,15,42.54,6,42.55,5,42.56,4,42.57,15,42.58,40,42.59,11
2025-04-10 09:37:08,42.485,42.49,1,42.47,12,42.5,24,42.5,42.47,42.47,12,42.46,19,42.45,17,42.44,7,42.43,14,42.42,29,42.41,5,42.4,7,42.39,25,42.38,2,42.5,24,42.51,17,42.52,6,42.53,15,42.54,6,42.55,5,42.56,4,42.57,15,42.58,40,42.59,11
2025-04-10 09:37:09,42.47,42.47,1,42.45,16,42.49,12,42.49,42.45,42.45,16,42.44,7,42.43,14,42.42,29,42.41,5,42.4,7,42.39,25,42.38,2,42.37,4,42.36,14,42.49,12,42.5,31,42.51,17,42.52,6,42.53,15,42.54,6,42.55,5,42.56,4,42.57,15,42.58,40
2025-04-10 09:37:10,42.47,42.47,1,42.45,16,42.49,12,42.49,42.45,42.45,16,42.44,7,42.43,14,42.42,29,42.41,5,42.4,7,42.39,25,42.38,2,42.37,4,42.36,14,42.49,12,42.5,31,42.51,17,42.52,6,42.53,15,42.54,6,42.55,5,42.56,4,42.57,15,42.58,40
2025-04-10 09:37:11,42.47,42.46,1,42.45,18,42.49,12,42.49,42.45,42.45,18,42.44,7,42.43,14,42.42,29,42.41,5,42.4,7,42.39,25,42.38,2,42.37,4,42.36,14,42.49,12,42.5,31,42.51,17,42.52,6,42.53,15,42.54,6,42.55,5,42.56,4,42.57,15,42.58,40
2025-04-10 09:37:12,42.445,42.45,2,42.43,21,42.46,15,42.46,42.43,42.43,21,42.42,29,42.41,5,42.4,7,42.39,25,42.38,2,42.37,4,42.36,14,42.35,21,42.34,4,42.46,15,42.47,7,42.48,11,42.49,12,42.5,31,42.51,17,42.52,6,42.53,15,42.54,6,42.55,5
2025-04-10 09:37:13,42.445,42.45,2,42.43,23,42.46,16,42.46,42.43,42.43,23,42.42,29,42.41,5,42.4,7,42.39,25,42.38,2,42.37,4,42.36,14,42.35,21,42.34,4,42.46,16,42.47,7,42.48,11,42.49,12,42.5,31,42.51,17,42.52,6,42.53,15,42.54,6,42.55,5
2025-04-10 09:37:14,42.41,42.41,2,42.39,34,42.43,28,42.43,42.39,42.39,34,42.38,2,42.37,4,42.36,14,42.35,21,42.34,4,42.33,19,42.32,3,42.31,10,42.17,36,42.43,28,42.44,9,42.45,7,42.46,16,42.47,7,42.48,11,42.49,12,42.5,31,42.51,17,42.52,6
2025-04-10 09:37:15,42.41,42.41,2,42.39,33,42.43,34,42.43,42.39,42.39,33,42.38,2,42.37,4,42.36,14,42.35,21,42.34,4,42.33,19,42.32,3,42.31,10,42.17,36,42.43,34,42.44,9,42.45,7,42.46,16,42.47,7,42.48,11,42.49,12,42.5,31,42.51,17,42.52,6
2025-04-10 09:37:16,42.41,42.41,2,42.39,31,42.43,34,42.43,42.39,42.39,31,42.38,2,42.37,4,42.36,14,42.35,21,42.34,4,42.33,19,42.32,3,42.31,10,42.17,36,42.43,34,42.44,9,42.45,7,42.46,16,42.47,7,42.48,11,42.49,12,42.5,31,42.51,17,42.52,6
2025-04-10 09:37:17,42.41,42.41,2,42.39,32,42.43,34,42.43,42.39,42.39,32,42.38,2,42.37,4,42.36,14,42.35,21,42.34,4,42.33,19,42.32,3,42.31,10,42.17,36,42.43,34,42.44,9,42.45,7,42.46,16,42.47,7,42.48,11,42.49,12,42.5,31,42.51,17,42.52,6
2025-04-10 09:37:18,42.395,42.39,1,42.38,6,42.41,11,42.41,42.38,42.38,6,42.37,13,42.36,14,42.35,21,42.34,4,42.33,19,42.32,3,42.31,10,42.17,36,,,42.41,11,42.42,19,42.43,35,42.44,9,42.45,7,42.46,16,42.47,7,42.48,11,42.49,12,42.5,31
2025-04-10 09:37:19,42.395,42.4,1,42.38,7,42.41,7,42.41,42.38,42.38,7,42.37,13,42.36,14,42.35,21,42.34,4,42.33,19,42.32,3,42.31,10,42.17,36,,,42.41,7,42.42,19,42.43,35,42.44,9,42.45,7,42.46,16,42.47,7,42.48,11,42.49,12,42.5,31
2025-04-10 09:37:20,42.395,42.4,1,42.38,7,42.41,9,42.41,42.38,42.38,7,42.37,13,42.36,14,42.35,21,42.34,4,42.33,19,42.32,3,42.31,10,42.17,36,,,42.41,9,42.42,19,42.43,35,42.44,9,42.45,7,42.46,16,42.47,7,42.48,11,42.49,12,42.5,31
2025-04-10 09:37:21,42.4,42.4,1,42.39,2,42.41,9,42.41,42.39,42.39,2,42.38,15,42.37,13,42.36,14,42.35,21,42.34,4,42.33,19,42.32,3,42.31,10,42.17,36,42.41,9,42.42,19,42.43,35,42.44,9,42.45,7,42.46,16,42.47,7,42.48,11,42.49,12,42.5,31
2025-04-10 09:37:22,42.42,42.42,1,42.41,15,42.43,34,42.43,42.41,42.41,15,42.4,4,42.39,8,42.38,15,42.37,13,42.36,14,42.35,21,42.34,4,42.33,19,42.32,3,42.43,34,42.44,9,42.45,7,42.46,16,42.47,7,42.48,11,42.49,12,42.5,31,42.51,17,42.52,6
2025-04-10 09:37:23,42.435,42.44,3,42.43,5,42.44,9,42.44,42.43,42.43,5,42.42,12,42.41,15,42.4,4,42.39,8,42.38,15,42.37,13,42.36,14,42.35,21,42.34,4,42.44,9,42.45,7,42.46,16,42.47,7,42.48,11,42.49,12,42.5,31,42.51,17,42.52,6,42.53,15
2025-04-10 09:37:24,42.445,42.45,9,42.43,9,42.46,16,42.46,42.43,42.43,9,42.42,12,42.41,15,42.4,4,42.39,8,42.38,15,42.37,13,42.36,14,42.35,21,42.34,4,42.46,16,42.47,15,42.48,11,42.49,12,42.5,31,42.51,17,42.52,6,42.53,15,42.54,6,42.55,5
2025-04-10 09:37:25,42.45,42.45,2,42.43,9,42.47,13,42.47,42.43,42.43,9,42.42,12,42.41,15,42.4,4,42.39,8,42.38,15,42.37,13,42.36,14,42.35,21,42.34,4,42.47,13,42.48,11,42.49,12,42.5,31,42.51,17,42.52,6,42.53,15,42.54,6,42.55,5,42.56,4
2025-04-10 09:37:26,42.445,42.45,1,42.43,9,42.46,8,42.46,42.43,42.43,9,42.42,12,42.41,15,42.4,4,42.39,8,42.38,15,42.37,13,42.36,14,42.35,21,42.34,4,42.46,8,42.47,13,42.48,11,42.49,12,42.5,31,42.51,17,42.52,6,42.53,15,42.54,6,42.55,5
2025-04-10 09:37:27,42.445,42.45,1,42.43,9,42.46,6,42.46,42.43,42.43,9,42.42,12,42.41,15,42.4,4,42.39,8,42.38,15,42.37,13,42.36,14,42.35,21,42.34,4,42.46,6,42.47,13,42.48,11,42.49,12,42.5,31,42.51,17,42.52,6,42.53,15,42.54,6,42.55,5
2025-04-10 09:37:28,42.445,42.45,1,42.43,10,42.46,10,42.46,42.43,42.43,10,42.42,12,42.41,15,42.4,4,42.39,8,42.38,15,42.37,13,42.36,14,42.35,21,42.34,4,42.46,10,42.47,13,42.48,11,42.49,12,42.5,31,42.51,17,42.52,6,42.53,15,42.54,6,42.55,5
2025-04-10 09:37:29,42.47,42.47,1,42.45,14,42.49,17,42.49,42.45,42.45,14,42.44,9,42.43,10,42.42,12,42.41,15,42.4,4,42.39,8,42.38,15,42.37,13,42.36,14,42.49,17,42.5,31,42.51,17,42.52,6,42.53,15,42.54,6,42.55,5,42.56,4,42.57,15,42.58,40
2025-04-10 09:37:30,42.47,42.47,1,42.46,1,42.48,12,42.48,42.46,42.46,1,42.45,14,42.44,9,42.43,10,42.42,12,42.41,15,42.4,4,42.39,8,42.38,15,42.37,13,42.48,12,42.49,17,42.5,31,42.51,17,42.52,6,42.53,15,42.54,6,42.55,5,42.56,4,42.57,15
2025-04-10 09:37:31,42.44,42.44,1,42.43,8,42.45,15,42.45,42.43,42.43,8,42.42,12,42.41,15,42.4,4,42.39,8,42.38,15,42.37,13,42.36,14,42.35,21,42.34,4,42.45,15,42.46,9,42.47,32,42.48,7,42.49,15,42.5,31,42.51,17,42.52,6,42.53,15,42.54,6
2025-04-10 09:37:32,42.435,42.44,3,42.43,9,42.44,2,42.44,42.43,42.43,9,42.42,12,42.41,15,42.4,4,42.39,8,42.38,15,42.37,13,42.36,14,42.35,21,42.34,4,42.44,2,42.45,15,42.46,9,42.47,32,42.48,7,42.49,15,42.5,31,42.51,17,42.52,6,42.53,15
2025-04-10 09:37:33,42.45,42.44,1,42.44,7,42.46,23,42.46,42.44,42.44,7,42.43,10,42.42,12,42.41,15,42.4,4,42.39,8,42.38,15,42.37,13,42.36,14,42.35,21,42.46,23,42.47,22,42.48,18,42.49,15,42.5,31,42.51,17,42.52,6,42.53,15,42.54,6,42.55,5
2025-04-10 09:37:34,42.45,42.45,1,42.44,6,42.46,19,42.46,42.44,42.44,6,42.43,10,42.42,12,42.41,15,42.4,4,42.39,8,42.38,15,42.37,13,42.36,14,42.35,21,42.46,19,42.47,22,42.48,18,42.49,15,42.5,31,42.51,17,42.52,6,42.53,15,42.54,6,42.55,5
2025-04-10 09:37:35,42.46,42.45,1,42.45,1,42.47,12,42.47,42.45,42.45,1,42.44,12,42.43,10,42.42,12,42.41,15,42.4,4,42.39,8,42.38,15,42.37,13,42.36,14,42.47,12,42.48,34,42.49,15,42.5,31,42.51,17,42.52,6,42.53,15,42.54,6,42.55,5,42.56,4
2025-04-10 09:37:36,42.455,42.45,1,42.44,8,42.47,12,42.47,42.44,42.44,8,42.43,10,42.42,12,42.41,15,42.4,4,42.39,8,42.38,15,42.37,13,42.36,14,42.35,21,42.47,12,42.48,34,42.49,15,42.5,31,42.51,17,42.52,6,42.53,15,42.54,6,42.55,5,42.56,4
2025-04-10 09:37:37,42.455,42.45,1,42.44,8,42.47,12,42.47,42.44,42.44,8,42.43,10,42.42,12,42.41,15,42.4,4,42.39,8,42.38,15,42.37,13,42.36,14,42.35,21,42.47,12,42.48,34,42.49,15,42.5,31,42.51,17,42.52,6,42.53,15,42.54,6,42.55,5,42.56,4
2025-04-10 09:37:38,42.455,42.45,1,42.44,10,42.47,12,42.47,42.44,42.44,10,42.43,10,42.42,12,42.41,15,42.4,4,42.39,8,42.38,15,42.37,13,42.36,14,42.35,21,42.47,12,42.48,34,42.49,15,42.5,31,42.51,17,42.52,6,42.53,15,42.54,6,42.55,5,42.56,4
2025-04-10 09:37:39,42.465,42.46,1,42.45,3,42.48,37,42.48,42.45,42.45,3,42.44,9,42.43,10,42.42,12,42.41,15,42.4,4,42.39,8,42.38,15,42.37,13,42.36,14,42.48,37,42.49,15,42.5,31,42.51,17,42.52,6,42.53,15,42.54,6,42.55,5,42.56,4,42.57,15
2025-04-10 09:37:40,42.465,42.47,9,42.45,6,42.48,40,42.48,42.45,42.45,6,42.44,9,42.43,10,42.42,12,42.41,15,42.4,4,42.39,8,42.38,15,42.37,13,42.36,14,42.48,40,42.49,15,42.5,31,42.51,17,42.52,6,42.53,15,42.54,6,42.55,5,42.56,4,42.57,15
2025-04-10 09:37:41,42.475,42.47,1,42.46,5,42.49,16,42.49,42.46,42.46,5,42.45,6,42.44,9,42.43,10,42.42,12,42.41,15,42.4,4,42.39,8,42.38,15,42.37,13,42.49,16,42.5,31,42.51,17,42.52,6,42.53,15,42.54,6,42.55,5,42.56,4,42.57,15,42.58,40
2025-04-10 09:37:42,42.475,42.46,25,42.46,8,42.49,16,42.49,42.46,42.46,8,42.45,6,42.44,9,42.43,10,42.42,12,42.41,15,42.4,4,42.39,8,42.38,15,42.37,13,42.49,16,42.5,31,42.51,17,42.52,6,42.53,15,42.54,6,42.55,5,42.56,4,42.57,15,42.58,40
2025-04-10 09:37:43,42.475,42.47,40,42.46,10,42.49,16,42.49,42.46,42.46,10,42.45,6,42.44,9,42.43,10,42.42,12,42.41,15,42.4,4,42.39,8,42.38,15,42.37,13,42.49,16,42.5,31,42.51,17,42.52,6,42.53,15,42.54,6,42.55,5,42.56,4,42.57,15,42.58,40
2025-04-10 09:37:44,42.46,42.46,1,42.45,7,42.47,13,42.47,42.45,42.45,7,42.44,9,42.43,10,42.42,12,42.41,15,42.4,4,42.39,8,42.38,15,42.37,13,42.36,14,42.47,13,42.48,11,42.49,16,42.5,31,42.51,17,42.52,6,42.53,15,42.54,6,42.55,5,42.56,4
2025-04-10 09:37:45,42.445,42.46,1,42.44,7,42.45,5,42.45,42.44,42.44,7,42.43,10,42.42,12,42.41,15,42.4,4,42.39,8,42.38,15,42.37,13,42.36,14,42.35,21,42.45,5,42.46,5,42.47,21,42.48,11,42.49,16,42.5,31,42.51,17,42.52,6,42.53,15,42.54,6
2025-04-10 09:37:46,42.45,42.45,9,42.44,9,42.46,16,42.46,42.44,42.44,9,42.43,10,42.42,12,42.41,15,42.4,4,42.39,8,42.38,15,42.37,13,42.36,14,42.35,21,42.46,16,42.47,21,42.48,11,42.49,16,42.5,31,42.51,17,42.52,6,42.53,15,42.54,6,42.55,5
2025-04-10 09:37:47,42.45,42.45,1,42.44,9,42.46,16,42.46,42.44,42.44,9,42.43,10,42.42,12,42.41,15,42.4,4,42.39,8,42.38,15,42.37,13,42.36,14,42.35,21,42.46,16,42.47,21,42.48,11,42.49,16,42.5,31,42.51,17,42.52,6,42.53,15,42.54,6,42.55,5
2025-04-10 09:37:48,42.45,42.45,1,42.44,9,42.46,16,42.46,42.44,42.44,9,42.43,10,42.42,12,42.41,15,42.4,4,42.39,8,42.38,15,42.37,13,42.36,14,42.35,21,42.46,16,42.47,21,42.48,11,42.49,16,42.5,31,42.51,17,42.52,6,42.53,15,42.54,6,42.55,5
2025-04-10 09:37:49,42.45,42.45,1,42.44,9,42.46,16,42.46,42.44,42.44,9,42.43,10,42.42,12,42.41,15,42.4,4,42.39,8,42.38,15,42.37,13,42.36,14,42.35,21,42.46,16,42.47,21,42.48,11,42.49,16,42.5,31,42.51,17,42.52,6,42.53,15,42.54,6,42.55,5
2025-04-10 09:37:50,42.485,42.48,1,42.48,4,42.49,11,42.49,42.48,42.48,4,42.47,10,42.46,6,42.45,15,42.44,14,42.43,9,42.42,12,42.41,15,42.4,4,42.39,8,42.49,11,42.5,31,42.51,17,42.52,6,42.53,15,42.54,6,42.55,5,42.56,4,42.57,15,42.58,40
2025-04-10 09:37:51,42.485,42.48,1,42.48,10,42.49,11,42.49,42.48,42.48,10,42.47,10,42.46,6,42.45,15,42.44,14,42.43,9,42.42,12,42.41,15,42.4,4,42.39,8,42.49,11,42.5,31,42.51,17,42.52,6,42.53,15,42.54,6,42.55,5,42.56,4,42.57,15,42.58,40
2025-04-10 09:37:52,42.47,42.48,2,42.46,6,42.48,12,42.48,42.46,42.46,6,42.45,15,42.44,14,42.43,9,42.42,12,42.41,15,42.4,4,42.39,8,42.38,15,42.37,13,42.48,12,42.49,11,42.5,31,42.51,17,42.52,6,42.53,15,42.54,6,42.55,5,42.56,4,42.57,15
2025-04-10 09:37:53,42.47,42.46,1,42.46,6,42.48,12,42.48,42.46,42.46,6,42.45,15,42.44,14,42.43,9,42.42,12,42.41,15,42.4,4,42.39,8,42.38,15,42.37,13,42.48,12,42.49,11,42.5,31,42.51,17,42.52,6,42.53,15,42.54,6,42.55,5,42.56,4,42.57,15
