sim_time,mid_price,last_price,last_size,best_bid_price,best_bid_size,best_ask_price,best_ask_size,close_price_buy,close_price_sell,bid1_price,bid1_size,bid2_price,bid2_size,bid3_price,bid3_size,bid4_price,bid4_size,bid5_price,bid5_size,bid6_price,bid6_size,bid7_price,bid7_size,bid8_price,bid8_size,bid9_price,bid9_size,bid10_price,bid10_size,ask1_price,ask1_size,ask2_price,ask2_size,ask3_price,ask3_size,ask4_price,ask4_size,ask5_price,ask5_size,ask6_price,ask6_size,ask7_price,ask7_size,ask8_price,ask8_size,ask9_price,ask9_size,ask10_price,ask10_size
2025-04-10 09:30:11,,0.0,0,0.0,0,0.0,0,0.0,0.0,,,,,,,,,,,,,,,,,,,,,,,,,,,,,,,,,,,,,,,,
2025-04-10 09:30:12,,0.0,0,0.0,0,0.0,0,0.0,0.0,,,,,,,,,,,,,,,,,,,,,,,,,,,,,,,,,,,,,,,,
2025-04-10 09:30:14,,0.0,0,0.0,0,0.0,0,0.0,0.0,,,,,,,,,,,,,,,,,,,,,,,,,,,,,,,,,,,,,,,,
2025-04-10 09:30:15,,0.0,0,0.0,0,0.0,0,0.0,0.0,,,,,,,,,,,,,,,,,,,,,,,,,,,,,,,,,,,,,,,,
2025-04-10 09:30:16,,0.0,0,0.0,0,0.0,0,0.0,0.0,,,,,,,,,,,,,,,,,,,,,,,,,,,,,,,,,,,,,,,,
2025-04-10 09:30:17,,0.0,0,0.0,0,0.0,0,0.0,0.0,,,,,,,,,,,,,,,,,,,,,,,,,,,,,,,,,,,,,,,,
2025-04-10 09:30:18,89.115,89.12,1,89.03,1,89.2,1,89.2,89.03,89.03,1,88.9,2,88.89,2,88.75,1,88.65,3,88.64,2,88.63,2,88.6,1,,,,,89.2,1,89.25,15,,,,,,,,,,,,,,,,
2025-04-10 09:30:19,89.115,89.12,1,89.03,1,89.2,1,89.2,89.03,89.03,1,88.9,2,88.89,2,88.75,1,88.65,3,88.64,2,88.63,2,88.6,1,,,,,89.2,1,89.25,15,,,,,,,,,,,,,,,,
2025-04-10 09:30:20,89.115,89.12,1,89.03,1,89.2,1,89.2,89.03,89.03,1,88.9,2,88.89,2,88.75,1,88.65,3,88.64,2,88.63,2,88.6,1,,,,,89.2,1,89.25,15,,,,,,,,,,,,,,,,
2025-04-10 09:30:21,89.115,89.12,1,89.03,1,89.2,1,89.2,89.03,89.03,1,88.9,2,88.89,2,88.75,1,88.65,3,88.64,2,88.63,2,88.6,1,,,,,89.2,1,89.25,15,,,,,,,,,,,,,,,,
2025-04-10 09:30:22,89.14,89.18,1,89.03,1,89.25,15,89.25,89.03,89.03,1,88.9,2,88.89,2,88.75,1,88.65,3,88.64,2,88.63,2,88.6,1,,,,,89.25,15,,,,,,,,,,,,,,,,,,
2025-04-10 09:30:23,89.265,89.25,10,89.18,1,89.35,1,89.35,89.18,89.18,1,89.16,1,89.03,1,88.9,2,88.89,2,88.75,1,88.65,3,88.64,2,88.63,2,88.6,1,89.35,1,89.49,1,,,,,,,,,,,,,,,,
2025-04-10 09:30:24,89.255,89.28,1,89.16,1,89.35,1,89.35,89.16,89.16,1,89.03,1,88.9,2,88.89,2,88.75,1,88.65,3,88.64,2,88.63,2,88.6,1,,,89.35,1,89.49,1,,,,,,,,,,,,,,,,
2025-04-10 09:30:25,89.365,89.31,1,89.29,7,89.44,1,89.44,89.29,89.29,7,89.26,6,89.16,1,89.03,1,88.9,2,88.89,2,88.75,1,88.65,3,88.64,2,88.63,2,89.44,1,89.5,7,,,,,,,,,,,,,,,,
2025-04-10 09:30:26,89.375,89.31,1,89.29,5,89.46,1,89.46,89.29,89.29,5,89.26,6,89.16,1,89.03,1,88.9,2,88.89,2,88.75,1,88.65,3,88.64,2,88.63,2,89.46,1,89.5,7,,,,,,,,,,,,,,,,
2025-04-10 09:30:27,89.46,89.5,1,89.4,1,89.52,1,89.52,89.4,89.4,1,89.29,5,89.26,6,89.16,1,89.03,1,88.9,2,88.89,2,88.75,1,88.65,3,88.64,2,89.52,1,89.6,15,,,,,,,,,,,,,,,,
2025-04-10 09:30:28,89.5,89.47,1,89.41,1,89.59,2,89.59,89.41,89.41,1,89.38,1,89.29,5,89.26,6,89.16,1,89.03,1,88.9,2,88.89,2,88.75,1,88.65,3,89.59,2,89.6,14,,,,,,,,,,,,,,,,
2025-04-10 09:30:29,89.505,89.47,1,89.41,1,89.6,15,89.6,89.41,89.41,1,89.38,1,89.29,5,89.26,6,89.16,1,89.03,1,88.9,2,88.89,2,88.75,1,88.65,3,89.6,15,,,,,,,,,,,,,,,,,,
2025-04-10 09:30:30,89.43,89.51,1,89.38,1,89.48,1,89.48,89.38,89.38,1,89.29,5,89.26,6,89.16,1,89.03,1,88.9,2,88.89,2,88.75,1,88.65,3,88.64,2,89.48,1,89.6,14,,,,,,,,,,,,,,,,
2025-04-10 09:30:31,89.435,89.51,1,89.38,1,89.49,1,89.49,89.38,89.38,1,89.29,5,89.26,6,89.16,1,89.03,1,88.9,2,88.89,2,88.75,1,88.65,3,88.64,2,89.49,1,89.6,14,,,,,,,,,,,,,,,,
2025-04-10 09:30:32,89.47,89.44,1,89.34,1,89.6,15,89.6,89.34,89.34,1,89.29,5,89.26,6,89.16,1,89.03,1,88.9,2,88.89,2,88.75,1,88.65,3,88.64,2,89.6,15,,,,,,,,,,,,,,,,,,
2025-04-10 09:30:33,89.405,89.44,1,89.34,1,89.47,1,89.47,89.34,89.34,1,89.29,5,89.26,6,89.16,1,89.03,1,88.9,2,88.89,2,88.75,1,88.65,3,88.64,2,89.47,1,89.6,15,,,,,,,,,,,,,,,,
2025-04-10 09:30:34,89.405,89.44,1,89.34,1,89.47,1,89.47,89.34,89.34,1,89.29,5,89.26,6,89.16,1,89.03,1,88.9,2,88.89,2,88.75,1,88.65,3,88.64,2,89.47,1,89.6,15,,,,,,,,,,,,,,,,
2025-04-10 09:30:35,89.405,89.44,1,89.34,1,89.47,1,89.47,89.34,89.34,1,89.29,5,89.26,6,89.16,1,89.03,1,88.9,2,88.89,2,88.75,1,88.65,3,88.64,2,89.47,1,89.6,15,,,,,,,,,,,,,,,,
2025-04-10 09:30:36,89.405,89.44,1,89.34,1,89.47,1,89.47,89.34,89.34,1,89.29,5,89.26,6,89.16,1,89.03,1,88.9,2,88.89,2,88.75,1,88.65,3,88.64,2,89.47,1,89.6,15,,,,,,,,,,,,,,,,
2025-04-10 09:30:37,89.42,89.44,1,89.36,1,89.48,1,89.48,89.36,89.36,1,89.34,1,89.29,5,89.26,6,89.16,1,89.03,1,88.9,2,88.89,2,88.75,1,88.65,3,89.48,1,89.6,15,,,,,,,,,,,,,,,,
2025-04-10 09:30:38,89.445,89.44,1,89.38,2,89.51,1,89.51,89.38,89.38,2,89.36,1,89.34,1,89.29,5,89.26,6,89.16,1,89.03,1,88.9,2,88.89,2,88.75,1,89.51,1,89.6,15,,,,,,,,,,,,,,,,
2025-04-10 09:30:39,89.495,89.49,1,89.39,1,89.6,14,89.6,89.39,89.39,1,89.38,1,89.36,1,89.34,1,89.29,5,89.26,6,89.16,1,89.03,1,88.9,2,88.89,2,89.6,14,,,,,,,,,,,,,,,,,,
2025-04-10 09:30:40,89.495,89.49,1,89.39,1,89.6,14,89.6,89.39,89.39,1,89.38,1,89.36,1,89.34,1,89.29,5,89.26,6,89.16,1,89.03,1,88.9,2,88.89,2,89.6,14,,,,,,,,,,,,,,,,,,
2025-04-10 09:30:41,89.495,89.49,1,89.39,1,89.6,14,89.6,89.39,89.39,1,89.38,1,89.36,1,89.34,1,89.29,5,89.26,6,89.16,1,89.03,1,88.9,2,88.89,2,89.6,14,,,,,,,,,,,,,,,,,,
2025-04-10 09:30:42,89.495,89.49,1,89.39,1,89.6,14,89.6,89.39,89.39,1,89.38,1,89.36,1,89.34,1,89.29,5,89.26,6,89.16,1,89.03,1,88.9,2,88.89,2,89.6,14,,,,,,,,,,,,,,,,,,
2025-04-10 09:30:43,89.495,89.49,1,89.39,1,89.6,14,89.6,89.39,89.39,1,89.38,1,89.36,1,89.34,1,89.29,5,89.26,6,89.16,1,89.03,1,88.9,2,88.89,2,89.6,14,,,,,,,,,,,,,,,,,,
2025-04-10 09:30:44,89.7,89.71,2,89.65,1,89.75,12,89.75,89.65,89.65,1,89.64,1,89.61,1,89.6,3,89.59,1,89.39,1,89.38,1,89.36,1,89.34,1,89.29,5,89.75,12,,,,,,,,,,,,,,,,,,
2025-04-10 09:30:45,89.7,89.71,2,89.65,1,89.75,12,89.75,89.65,89.65,1,89.64,1,89.61,1,89.6,3,89.59,1,89.39,1,89.38,1,89.36,1,89.34,1,89.29,5,89.75,12,,,,,,,,,,,,,,,,,,
2025-04-10 09:30:46,89.735,89.75,12,89.67,1,89.8,2,89.8,89.67,89.67,1,89.65,1,89.57,1,89.39,1,89.38,1,89.36,1,89.34,1,89.29,5,89.26,6,89.16,1,89.8,2,,,,,,,,,,,,,,,,,,
2025-04-10 09:30:47,89.735,89.75,12,89.67,1,89.8,2,89.8,89.67,89.67,1,89.65,1,89.57,1,89.39,1,89.38,1,89.36,1,89.34,1,89.29,5,89.26,6,89.16,1,89.8,2,,,,,,,,,,,,,,,,,,
2025-04-10 09:30:48,89.735,89.75,12,89.67,1,89.8,2,89.8,89.67,89.67,1,89.65,1,89.57,1,89.39,1,89.38,1,89.36,1,89.34,1,89.29,5,89.26,6,89.16,1,89.8,2,,,,,,,,,,,,,,,,,,
2025-04-10 09:30:49,89.755,89.75,1,89.67,1,89.84,1,89.84,89.67,89.67,1,89.65,1,89.57,1,89.39,1,89.38,1,89.36,1,89.34,1,89.29,5,89.26,6,89.16,1,89.84,1,89.9,1,89.96,1,89.97,5,,,,,,,,,,,,
2025-04-10 09:30:50,89.755,89.75,1,89.67,1,89.84,1,89.84,89.67,89.67,1,89.65,1,89.57,1,89.39,1,89.38,1,89.36,1,89.34,1,89.29,5,89.26,6,89.16,1,89.84,1,89.9,1,89.96,1,89.97,5,,,,,,,,,,,,
2025-04-10 09:30:51,89.65,89.71,1,89.56,1,89.74,1,89.74,89.56,89.56,1,89.51,1,89.39,1,89.38,1,89.36,1,89.34,1,89.29,5,89.26,6,89.16,1,89.03,1,89.74,1,89.84,1,89.9,1,89.96,1,89.97,5,,,,,,,,,,
2025-04-10 09:30:52,89.63,89.71,1,89.57,1,89.69,7,89.69,89.57,89.57,1,89.56,1,89.51,1,89.39,1,89.38,1,89.36,1,89.34,1,89.29,5,89.26,6,89.16,1,89.69,7,89.74,1,89.84,1,89.9,1,89.96,1,89.97,5,,,,,,,,
2025-04-10 09:30:53,89.63,89.71,1,89.57,1,89.69,7,89.69,89.57,89.57,1,89.56,1,89.51,1,89.39,1,89.38,1,89.36,1,89.34,1,89.29,5,89.26,6,89.16,1,89.69,7,89.74,1,89.84,1,89.9,1,89.96,1,89.97,5,,,,,,,,
2025-04-10 09:30:54,89.655,89.69,2,89.57,1,89.74,1,89.74,89.57,89.57,1,89.56,1,89.51,1,89.39,1,89.38,1,89.36,1,89.34,1,89.29,5,89.26,6,89.16,1,89.74,1,89.84,1,89.9,1,89.96,1,89.97,5,,,,,,,,,,
2025-04-10 09:30:55,89.655,89.69,2,89.57,1,89.74,1,89.74,89.57,89.57,1,89.56,1,89.51,1,89.39,1,89.38,1,89.36,1,89.34,1,89.29,5,89.26,6,89.16,1,89.74,1,89.84,1,89.9,1,89.96,1,89.97,5,,,,,,,,,,
2025-04-10 09:30:56,89.655,89.69,2,89.57,1,89.74,1,89.74,89.57,89.57,1,89.56,1,89.51,1,89.39,1,89.38,1,89.36,1,89.34,1,89.29,5,89.26,6,89.16,1,89.74,1,89.84,1,89.9,1,89.96,1,89.97,5,,,,,,,,,,
2025-04-10 09:30:57,89.705,89.69,2,89.57,1,89.84,1,89.84,89.57,89.57,1,89.56,1,89.51,1,89.39,1,89.38,1,89.36,1,89.34,1,89.29,5,89.26,6,89.16,1,89.84,1,89.9,1,89.96,1,89.97,5,,,,,,,,,,,,
2025-04-10 09:30:58,89.655,89.69,2,89.57,1,89.74,1,89.74,89.57,89.57,1,89.56,1,89.51,1,89.39,1,89.38,1,89.36,1,89.34,1,89.29,5,89.26,6,89.16,1,89.74,1,89.84,1,89.9,1,89.96,1,89.97,5,,,,,,,,,,
2025-04-10 09:30:59,89.765,89.69,2,89.69,1,89.84,1,89.84,89.69,89.69,1,89.66,1,89.57,1,89.56,1,89.51,1,89.39,1,89.38,1,89.36,1,89.34,1,89.29,5,89.84,1,89.9,1,89.96,1,89.97,5,,,,,,,,,,,,
2025-04-10 09:31:00,89.765,89.69,2,89.69,1,89.84,1,89.84,89.69,89.69,1,89.66,1,89.57,1,89.56,1,89.51,1,89.39,1,89.38,1,89.36,1,89.34,1,89.29,5,89.84,1,89.9,1,89.96,1,89.97,5,,,,,,,,,,,,
2025-04-10 09:31:01,89.765,89.69,2,89.69,1,89.84,1,89.84,89.69,89.69,1,89.66,1,89.57,1,89.56,1,89.51,1,89.39,1,89.38,1,89.36,1,89.34,1,89.29,5,89.84,1,89.87,1,89.9,1,89.96,1,89.97,5,,,,,,,,,,
2025-04-10 09:31:02,89.76,89.75,1,89.71,1,89.81,1,89.81,89.71,89.71,1,89.66,1,89.57,1,89.56,1,89.51,1,89.39,1,89.38,1,89.36,1,89.34,1,89.29,5,89.81,1,89.84,1,89.87,1,89.9,1,89.96,1,89.97,5,,,,,,,,
2025-04-10 09:31:03,89.775,89.75,1,89.71,1,89.84,1,89.84,89.71,89.71,1,89.66,1,89.57,1,89.56,1,89.51,1,89.39,1,89.38,1,89.36,1,89.34,1,89.29,5,89.84,1,89.87,1,89.9,1,89.96,1,89.97,5,,,,,,,,,,
2025-04-10 09:31:04,89.775,89.75,1,89.71,1,89.84,1,89.84,89.71,89.71,1,89.66,1,89.57,1,89.56,1,89.51,1,89.39,1,89.38,1,89.36,1,89.34,1,89.29,5,89.84,1,89.87,1,89.9,1,89.96,1,89.97,5,,,,,,,,,,
2025-04-10 09:31:05,89.685,89.7,2,89.56,1,89.81,1,89.81,89.56,89.56,1,89.51,1,89.39,1,89.38,1,89.36,1,89.34,1,89.29,5,89.26,6,89.16,1,89.03,1,89.81,1,89.9,1,89.96,1,89.97,5,,,,,,,,,,,,
2025-04-10 09:31:06,89.685,89.7,2,89.56,1,89.81,1,89.81,89.56,89.56,1,89.51,1,89.39,1,89.38,1,89.36,1,89.34,1,89.29,5,89.26,6,89.16,1,89.03,1,89.81,1,89.9,1,89.96,1,89.97,5,,,,,,,,,,,,
2025-04-10 09:31:07,89.655,89.7,2,89.63,1,89.68,1,89.68,89.63,89.63,1,89.56,1,89.51,1,89.39,1,89.38,1,89.36,1,89.34,1,89.29,5,89.26,6,89.16,1,89.68,1,89.72,1,89.81,1,89.9,1,89.96,1,89.97,5,,,,,,,,
2025-04-10 09:31:08,89.72,89.68,1,89.63,1,89.81,1,89.81,89.63,89.63,1,89.56,1,89.51,1,89.39,1,89.38,1,89.36,1,89.34,1,89.29,5,89.26,6,89.16,1,89.81,1,89.9,1,89.96,1,89.97,5,,,,,,,,,,,,
2025-04-10 09:31:09,89.72,89.68,1,89.63,1,89.81,1,89.81,89.63,89.63,1,89.56,1,89.51,1,89.39,1,89.38,1,89.36,1,89.34,1,89.29,5,89.26,6,89.16,1,89.81,1,89.9,1,89.96,1,89.97,5,,,,,,,,,,,,
2025-04-10 09:31:10,89.745,89.68,1,89.67,1,89.82,1,89.82,89.67,89.67,1,89.66,2,89.63,1,89.56,1,89.51,1,89.39,1,89.38,1,89.36,1,89.34,1,89.29,5,89.82,1,89.9,1,89.96,1,89.97,5,,,,,,,,,,,,
2025-04-10 09:31:11,89.76,89.68,1,89.68,1,89.84,1,89.84,89.68,89.68,1,89.67,1,89.66,2,89.63,1,89.56,1,89.51,1,89.39,1,89.38,1,89.36,1,89.34,1,89.84,1,89.9,1,89.96,1,89.97,5,,,,,,,,,,,,
2025-04-10 09:31:12,89.76,89.68,1,89.68,1,89.84,1,89.84,89.68,89.68,1,89.67,1,89.66,2,89.63,1,89.56,1,89.51,1,89.39,1,89.38,1,89.36,1,89.34,1,89.84,1,89.9,1,89.96,1,89.97,5,,,,,,,,,,,,
2025-04-10 09:31:13,89.76,89.68,1,89.68,1,89.84,1,89.84,89.68,89.68,1,89.67,1,89.66,2,89.63,1,89.56,1,89.51,1,89.39,1,89.38,1,89.36,1,89.34,1,89.84,1,89.9,1,89.96,1,89.97,5,,,,,,,,,,,,
2025-04-10 09:31:14,89.645,89.66,1,89.56,1,89.73,1,89.73,89.56,89.56,1,89.51,1,89.39,1,89.38,1,89.36,1,89.34,1,89.29,5,89.26,6,89.16,1,89.03,1,89.73,1,89.85,1,89.9,1,89.96,1,89.97,5,,,,,,,,,,
2025-04-10 09:31:15,89.705,89.66,1,89.56,1,89.85,1,89.85,89.56,89.56,1,89.51,1,89.39,1,89.38,1,89.36,1,89.34,1,89.29,5,89.26,6,89.16,1,89.03,1,89.85,1,89.9,1,89.96,1,89.97,5,,,,,,,,,,,,
2025-04-10 09:31:16,89.755,89.66,1,89.66,1,89.85,1,89.85,89.66,89.66,1,89.56,1,89.51,1,89.39,1,89.38,1,89.36,1,89.34,1,89.29,5,89.26,6,89.16,1,89.85,1,89.9,1,89.96,1,89.97,5,,,,,,,,,,,,
2025-04-10 09:31:17,89.775,89.66,1,89.7,2,89.85,1,89.85,89.7,89.7,2,89.66,2,89.56,1,89.51,1,89.39,1,89.38,1,89.36,1,89.34,1,89.29,5,89.26,6,89.85,1,89.9,1,89.96,1,89.97,5,,,,,,,,,,,,
2025-04-10 09:31:18,89.855,89.78,7,89.78,1,89.93,1,89.93,89.78,89.78,1,89.7,2,89.66,2,89.56,1,89.51,1,89.39,1,89.38,1,89.36,1,89.34,1,89.29,5,89.93,1,89.97,5,,,,,,,,,,,,,,,,
2025-04-10 09:31:19,89.86,89.78,7,89.78,1,89.94,1,89.94,89.78,89.78,1,89.7,2,89.66,2,89.56,1,89.51,1,89.39,1,89.38,1,89.36,1,89.34,1,89.29,5,89.94,1,89.97,6,,,,,,,,,,,,,,,,
2025-04-10 09:31:20,89.925,89.78,7,89.88,1,89.97,5,89.97,89.88,89.88,1,89.81,1,89.79,1,89.78,1,89.7,2,89.66,2,89.56,1,89.51,1,89.39,1,89.38,1,89.97,5,,,,,,,,,,,,,,,,,,
2025-04-10 09:31:21,89.89,89.78,7,89.81,1,89.97,5,89.97,89.81,89.81,1,89.79,1,89.78,1,89.7,2,89.66,2,89.56,1,89.51,1,89.39,1,89.38,1,89.36,1,89.97,5,,,,,,,,,,,,,,,,,,
2025-04-10 09:31:22,89.89,89.89,1,89.81,1,89.97,5,89.97,89.81,89.81,1,89.79,1,89.78,1,89.7,2,89.66,2,89.56,1,89.51,1,89.39,1,89.38,1,89.36,1,89.97,5,,,,,,,,,,,,,,,,,,
2025-04-10 09:31:23,89.89,89.89,1,89.81,1,89.97,5,89.97,89.81,89.81,1,89.79,1,89.78,1,89.7,2,89.66,2,89.56,1,89.51,1,89.39,1,89.38,1,89.36,1,89.97,5,,,,,,,,,,,,,,,,,,
2025-04-10 09:31:24,89.895,89.89,1,89.84,1,89.95,2,89.95,89.84,89.84,1,89.83,4,89.81,1,89.79,1,89.78,1,89.7,2,89.66,2,89.56,1,89.51,1,89.39,1,89.95,2,89.97,5,,,,,,,,,,,,,,,,
2025-04-10 09:31:25,89.895,89.89,1,89.84,1,89.95,2,89.95,89.84,89.84,1,89.83,4,89.81,1,89.79,1,89.78,1,89.7,2,89.66,2,89.56,1,89.51,1,89.39,1,89.95,2,89.97,5,,,,,,,,,,,,,,,,
2025-04-10 09:31:26,89.895,89.89,1,89.84,1,89.95,2,89.95,89.84,89.84,1,89.83,4,89.81,1,89.79,1,89.78,1,89.7,2,89.66,2,89.56,1,89.51,1,89.39,1,89.95,2,89.97,5,,,,,,,,,,,,,,,,
2025-04-10 09:31:27,89.91,89.9,1,89.87,1,89.95,2,89.95,89.87,89.87,1,89.84,1,89.83,4,89.81,1,89.79,1,89.78,1,89.7,2,89.66,2,89.56,1,89.51,1,89.95,2,89.97,5,,,,,,,,,,,,,,,,
2025-04-10 09:31:28,89.935,89.94,1,89.9,1,89.97,5,89.97,89.9,89.9,1,89.87,2,89.84,1,89.83,4,89.81,1,89.79,1,89.78,1,89.7,2,89.66,2,89.56,1,89.97,5,,,,,,,,,,,,,,,,,,
2025-04-10 09:31:29,89.975,90.01,181,89.91,1,90.04,1,90.04,89.91,89.91,1,89.9,1,89.88,1,89.87,1,89.84,1,89.83,4,89.81,1,89.79,1,89.78,1,89.7,2,90.04,1,90.12,1,,,,,,,,,,,,,,,,
2025-04-10 09:31:30,90.005,89.98,1,89.91,1,90.1,1,90.1,89.91,89.91,1,89.9,1,89.88,1,89.87,1,89.84,1,89.83,4,89.81,1,89.79,1,89.78,1,89.7,2,90.1,1,90.25,1,90.26,1,,,,,,,,,,,,,,
2025-04-10 09:31:31,90.005,89.98,1,89.91,1,90.1,1,90.1,89.91,89.91,1,89.9,1,89.88,1,89.87,1,89.84,1,89.83,4,89.81,1,89.79,1,89.78,1,89.7,2,90.1,1,90.25,1,90.26,1,,,,,,,,,,,,,,
2025-04-10 09:31:32,89.995,89.98,1,89.9,1,90.09,1,90.09,89.9,89.9,1,89.88,1,89.87,1,89.84,1,89.83,4,89.81,1,89.79,1,89.78,1,89.7,2,89.66,2,90.09,1,90.25,1,90.26,1,,,,,,,,,,,,,,
2025-04-10 09:31:33,90.055,90.12,1,89.98,1,90.13,1,90.13,89.98,89.98,1,89.9,1,89.88,1,89.87,1,89.84,1,89.83,4,89.81,1,89.79,1,89.78,1,89.7,2,90.13,1,90.33,5,,,,,,,,,,,,,,,,
2025-04-10 09:31:34,90.115,90.16,1,89.98,1,90.25,1,90.25,89.98,89.98,1,89.9,1,89.88,1,89.87,1,89.84,1,89.83,4,89.81,1,89.79,1,89.78,1,89.7,2,90.25,1,90.33,5,,,,,,,,,,,,,,,,
2025-04-10 09:31:35,90.09,90.16,1,89.98,1,90.2,1,90.2,89.98,89.98,1,89.9,1,89.88,1,89.87,1,89.84,1,89.83,4,89.81,1,89.79,1,89.78,1,89.7,2,90.2,1,90.25,1,90.33,5,,,,,,,,,,,,,,
2025-04-10 09:31:36,90.195,90.23,1,90.14,1,90.25,2,90.25,90.14,90.14,1,90.0,1,89.98,1,89.9,1,89.88,1,89.87,1,89.84,1,89.83,4,89.81,1,89.79,1,90.25,2,90.33,5,,,,,,,,,,,,,,,,
2025-04-10 09:31:37,90.3,90.3,1,90.2,1,90.4,6,90.4,90.2,90.2,1,90.16,18,90.15,450,90.14,1,90.0,1,89.98,1,89.9,1,89.88,1,89.87,1,89.84,1,90.4,6,,,,,,,,,,,,,,,,,,
2025-04-10 09:31:38,90.3,90.3,1,90.24,1,90.36,1,90.36,90.24,90.24,1,90.2,1,90.16,18,90.15,450,90.14,1,90.0,1,89.98,1,89.9,1,89.88,1,89.87,1,90.36,1,90.4,6,,,,,,,,,,,,,,,,
2025-04-10 09:31:39,90.37,90.4,5,90.24,1,90.5,5,90.5,90.24,90.24,1,90.2,1,90.16,18,90.15,450,90.14,1,90.0,1,89.98,1,89.9,1,89.88,1,89.87,1,90.5,5,,,,,,,,,,,,,,,,,,
2025-04-10 09:31:40,90.38,90.44,1,90.32,1,90.44,1,90.44,90.32,90.32,1,90.24,1,90.2,1,90.16,18,90.15,450,90.14,1,90.0,1,89.98,1,89.9,1,89.88,1,90.44,1,90.5,5,,,,,,,,,,,,,,,,
2025-04-10 09:31:41,90.415,90.44,1,90.33,1,90.5,5,90.5,90.33,90.33,1,90.32,2,90.24,1,90.2,1,90.16,18,90.15,450,90.14,1,90.0,1,89.98,1,89.9,1,90.5,5,,,,,,,,,,,,,,,,,,
2025-04-10 09:31:42,90.415,90.39,1,90.33,1,90.5,1,90.5,90.33,90.33,1,90.32,2,90.24,1,90.2,1,90.16,18,90.15,450,90.14,1,90.0,1,89.98,1,89.9,1,90.5,1,90.58,1,,,,,,,,,,,,,,,,
2025-04-10 09:31:43,90.455,90.49,2,90.33,1,90.58,1,90.58,90.33,90.33,1,90.32,2,90.24,1,90.2,1,90.16,18,90.15,450,90.14,1,90.0,1,89.98,1,89.9,1,90.58,1,,,,,,,,,,,,,,,,,,
2025-04-10 09:31:44,90.455,90.49,2,90.33,1,90.58,1,90.58,90.33,90.33,1,90.32,2,90.24,1,90.2,1,90.16,18,90.15,450,90.14,1,90.0,1,89.98,1,89.9,1,90.58,1,,,,,,,,,,,,,,,,,,
2025-04-10 09:31:45,90.49,90.49,3,90.43,1,90.55,8,90.55,90.43,90.43,1,90.4,1,90.33,1,90.32,2,90.24,1,90.2,1,90.16,18,90.15,450,90.14,1,90.0,1,90.55,8,90.58,1,,,,,,,,,,,,,,,,
2025-04-10 09:31:46,90.54,90.58,2,90.48,8,90.6,11,90.6,90.48,90.48,8,90.43,1,90.4,1,90.33,1,90.32,2,90.24,1,90.2,1,90.16,18,90.15,450,90.14,1,90.6,11,,,,,,,,,,,,,,,,,,
2025-04-10 09:31:47,90.555,90.57,1,90.51,4,90.6,19,90.6,90.51,90.51,4,90.5,450,90.48,8,90.43,1,90.4,1,90.33,1,90.32,2,90.24,1,90.2,1,90.16,18,90.6,19,,,,,,,,,,,,,,,,,,
2025-04-10 09:31:48,90.5,90.59,1,90.4,2,90.6,18,90.6,90.4,90.4,2,90.33,1,90.32,2,90.24,1,90.2,1,90.16,18,90.15,450,90.14,1,90.0,1,89.98,1,90.6,18,,,,,,,,,,,,,,,,,,
2025-04-10 09:31:49,90.5,90.59,1,90.4,2,90.6,18,90.6,90.4,90.4,2,90.33,1,90.32,2,90.24,1,90.2,1,90.16,18,90.15,450,90.14,1,90.0,1,89.98,1,90.6,18,,,,,,,,,,,,,,,,,,
2025-04-10 09:31:50,90.625,90.6,1,90.5,1,90.75,1,90.75,90.5,90.5,1,90.4,2,90.33,1,90.32,2,90.24,1,90.2,1,90.16,18,90.15,450,90.14,1,90.0,1,90.75,1,,,,,,,,,,,,,,,,,,
2025-04-10 09:31:51,90.75,90.67,1,90.61,1,90.89,1,90.89,90.61,90.61,1,90.5,1,90.4,2,90.33,1,90.32,2,90.24,1,90.2,1,90.16,18,90.15,450,90.14,1,90.89,1,,,,,,,,,,,,,,,,,,
2025-04-10 09:31:52,90.78,90.73,8,90.66,1,90.9,1,90.9,90.66,90.66,1,90.63,1,90.61,1,90.5,1,90.4,2,90.33,1,90.32,2,90.24,1,90.2,1,90.16,18,90.9,1,,,,,,,,,,,,,,,,,,
2025-04-10 09:31:53,90.78,90.73,8,90.66,1,90.9,2,90.9,90.66,90.66,1,90.63,1,90.61,1,90.5,1,90.4,2,90.33,1,90.32,2,90.24,1,90.2,1,90.16,18,90.9,2,,,,,,,,,,,,,,,,,,
2025-04-10 09:31:54,90.765,90.73,1,90.63,1,90.9,1,90.9,90.63,90.63,1,90.61,1,90.5,1,90.4,2,90.33,1,90.32,2,90.24,1,90.2,1,90.16,18,90.15,450,90.9,1,,,,,,,,,,,,,,,,,,
2025-04-10 09:31:55,90.805,90.66,1,90.71,2,90.9,1,90.9,90.71,90.71,2,90.7,1,90.63,2,90.61,1,90.5,1,90.4,2,90.33,1,90.32,2,90.24,1,90.2,1,90.9,1,,,,,,,,,,,,,,,,,,
2025-04-10 09:31:56,90.675,90.7,1,90.63,1,90.72,5,90.72,90.63,90.63,1,90.61,1,90.5,1,90.4,2,90.33,1,90.32,2,90.24,1,90.2,1,90.16,18,90.15,450,90.72,5,90.73,10,90.89,1,90.9,2,,,,,,,,,,,,
2025-04-10 09:31:57,90.68,90.71,1,90.63,1,90.73,8,90.73,90.63,90.63,1,90.61,1,90.5,1,90.4,2,90.33,1,90.32,2,90.24,1,90.2,1,90.16,18,90.15,450,90.73,8,90.89,1,90.9,2,,,,,,,,,,,,,,
2025-04-10 09:31:58,90.615,90.61,1,90.5,1,90.73,6,90.73,90.5,90.5,1,90.4,2,90.33,1,90.32,2,90.24,1,90.2,1,90.16,18,90.15,450,90.14,1,90.0,1,90.73,6,90.89,1,90.9,2,,,,,,,,,,,,,,
2025-04-10 09:31:59,90.67,90.62,1,90.61,1,90.73,7,90.73,90.61,90.61,1,90.5,1,90.4,2,90.33,1,90.32,2,90.24,1,90.2,1,90.16,18,90.15,450,90.14,1,90.73,7,90.89,1,90.9,2,,,,,,,,,,,,,,
2025-04-10 09:32:00,90.67,90.64,1,90.61,1,90.73,6,90.73,90.61,90.61,1,90.5,1,90.4,2,90.33,1,90.32,2,90.24,1,90.2,1,90.16,18,90.15,450,90.14,1,90.73,6,90.89,1,90.9,2,,,,,,,,,,,,,,
2025-04-10 09:32:01,90.67,90.64,1,90.61,1,90.73,6,90.73,90.61,90.61,1,90.5,1,90.4,2,90.33,1,90.32,2,90.24,1,90.2,1,90.16,18,90.15,450,90.14,1,90.73,6,90.89,1,90.9,2,,,,,,,,,,,,,,
2025-04-10 09:32:02,90.67,90.64,1,90.61,1,90.73,6,90.73,90.61,90.61,1,90.5,1,90.4,2,90.33,1,90.32,2,90.24,1,90.2,1,90.16,18,90.15,450,90.14,1,90.73,6,90.89,1,90.9,2,,,,,,,,,,,,,,
2025-04-10 09:32:03,90.66,90.62,1,90.61,1,90.71,1,90.71,90.61,90.61,1,90.5,1,90.4,2,90.33,1,90.32,2,90.24,1,90.2,1,90.16,18,90.15,450,90.14,1,90.71,1,90.73,6,90.89,1,90.9,2,,,,,,,,,,,,
2025-04-10 09:32:04,90.66,90.62,1,90.61,1,90.71,1,90.71,90.61,90.61,1,90.5,1,90.4,2,90.33,1,90.32,2,90.24,1,90.2,1,90.16,18,90.15,450,90.14,1,90.71,1,90.73,6,90.89,1,90.9,2,,,,,,,,,,,,
2025-04-10 09:32:05,90.585,90.61,1,90.5,1,90.67,2,90.67,90.5,90.5,1,90.4,2,90.33,1,90.32,2,90.24,1,90.2,1,90.16,18,90.15,450,90.14,1,90.0,1,90.67,2,90.73,6,90.89,1,90.9,2,,,,,,,,,,,,
2025-04-10 09:32:06,90.63,90.63,1,90.59,1,90.67,2,90.67,90.59,90.59,1,90.58,1,90.5,1,90.4,2,90.33,1,90.32,2,90.24,1,90.2,1,90.16,18,90.15,450,90.67,2,90.73,6,90.89,1,90.9,2,,,,,,,,,,,,
2025-04-10 09:32:07,90.74,90.69,1,90.59,1,90.89,1,90.89,90.59,90.59,1,90.58,1,90.5,1,90.4,2,90.33,1,90.32,2,90.24,1,90.2,1,90.16,18,90.15,450,90.89,1,90.9,2,,,,,,,,,,,,,,,,
2025-04-10 09:32:08,90.74,90.69,1,90.59,1,90.89,1,90.89,90.59,90.59,1,90.58,1,90.5,1,90.4,2,90.33,1,90.32,2,90.24,1,90.2,1,90.16,18,90.15,450,90.89,1,90.9,2,,,,,,,,,,,,,,,,
2025-04-10 09:32:09,90.74,90.65,1,90.59,1,90.89,1,90.89,90.59,90.59,1,90.58,1,90.5,1,90.4,2,90.33,1,90.32,2,90.24,1,90.2,1,90.16,18,90.15,450,90.89,1,90.9,2,,,,,,,,,,,,,,,,
2025-04-10 09:32:10,90.57,90.65,1,90.5,1,90.64,9,90.64,90.5,90.5,1,90.4,2,90.33,1,90.32,2,90.24,1,90.2,1,90.16,18,90.15,450,90.14,1,90.0,1,90.64,9,90.89,1,90.9,2,,,,,,,,,,,,,,
2025-04-10 09:32:11,90.57,90.65,1,90.5,1,90.64,15,90.64,90.5,90.5,1,90.4,2,90.33,1,90.32,2,90.24,1,90.2,1,90.16,18,90.15,450,90.14,1,90.0,1,90.64,15,90.89,1,90.9,2,,,,,,,,,,,,,,
2025-04-10 09:32:12,90.585,90.55,1,90.53,1,90.64,14,90.64,90.53,90.53,1,90.49,1,90.4,2,90.33,1,90.32,2,90.24,1,90.2,1,90.16,18,90.15,450,90.14,1,90.64,14,90.89,1,90.9,2,,,,,,,,,,,,,,
2025-04-10 09:32:13,90.52,90.54,1,90.4,2,90.64,14,90.64,90.4,90.4,2,90.33,1,90.32,2,90.24,1,90.2,1,90.16,18,90.15,450,90.14,1,90.0,1,89.98,1,90.64,14,90.89,1,90.9,2,,,,,,,,,,,,,,
2025-04-10 09:32:14,90.515,90.54,1,90.39,1,90.64,14,90.64,90.39,90.39,1,90.37,1,90.33,1,90.32,2,90.24,1,90.2,1,90.16,18,90.15,450,90.14,1,90.0,1,90.64,14,90.89,1,90.9,2,,,,,,,,,,,,,,
2025-04-10 09:32:15,90.515,90.45,1,90.39,1,90.64,14,90.64,90.39,90.39,1,90.37,1,90.33,1,90.32,2,90.24,1,90.2,1,90.16,18,90.15,450,90.14,1,90.0,1,90.64,14,90.89,1,90.9,2,,,,,,,,,,,,,,
2025-04-10 09:32:16,90.515,90.45,1,90.39,1,90.64,14,90.64,90.39,90.39,1,90.37,1,90.33,1,90.32,2,90.24,1,90.2,1,90.16,18,90.15,450,90.14,1,90.0,1,90.64,14,90.89,1,90.9,2,,,,,,,,,,,,,,
2025-04-10 09:32:17,90.56,90.53,1,90.48,1,90.64,14,90.64,90.48,90.48,1,90.39,1,90.37,1,90.33,1,90.32,2,90.24,1,90.2,1,90.16,18,90.15,450,90.14,1,90.64,14,90.89,1,90.9,2,,,,,,,,,,,,,,
2025-04-10 09:32:18,90.57,90.53,1,90.5,1,90.64,14,90.64,90.5,90.5,1,90.49,1,90.47,1,90.39,1,90.37,1,90.33,1,90.32,2,90.24,1,90.2,1,90.16,18,90.64,14,90.89,1,90.9,2,,,,,,,,,,,,,,
2025-04-10 09:32:19,90.575,90.54,1,90.51,2,90.64,14,90.64,90.51,90.51,2,90.5,1,90.49,1,90.47,1,90.39,1,90.37,1,90.33,1,90.32,2,90.24,1,90.2,1,90.64,14,90.89,1,90.9,2,,,,,,,,,,,,,,
2025-04-10 09:32:20,90.575,90.56,1,90.51,2,90.64,14,90.64,90.51,90.51,2,90.5,1,90.49,1,90.47,1,90.39,1,90.37,1,90.33,1,90.32,2,90.24,1,90.2,1,90.64,14,90.89,1,90.9,2,,,,,,,,,,,,,,
2025-04-10 09:32:21,90.655,90.64,2,90.51,2,90.8,1,90.8,90.51,90.51,2,90.5,1,90.49,1,90.47,1,90.39,1,90.37,1,90.33,1,90.32,2,90.24,1,90.2,1,90.8,1,90.89,1,90.9,2,,,,,,,,,,,,,,
2025-04-10 09:32:22,90.69,90.63,1,90.58,1,90.8,1,90.8,90.58,90.58,1,90.51,2,90.5,1,90.49,1,90.47,1,90.39,1,90.37,1,90.33,1,90.32,2,90.24,1,90.8,1,90.89,1,90.9,2,,,,,,,,,,,,,,
2025-04-10 09:32:23,90.635,90.63,1,90.58,1,90.69,10,90.69,90.58,90.58,1,90.51,2,90.5,1,90.49,1,90.47,1,90.39,1,90.37,1,90.33,1,90.32,2,90.24,1,90.69,10,90.84,1,90.89,1,90.9,2,,,,,,,,,,,,
2025-04-10 09:32:24,90.73,90.69,10,90.61,1,90.85,1,90.85,90.61,90.61,1,90.58,1,90.51,2,90.5,1,90.49,1,90.47,1,90.39,1,90.37,1,90.33,1,90.32,2,90.85,1,90.89,1,90.9,2,,,,,,,,,,,,,,
2025-04-10 09:32:25,90.795,90.73,2,90.71,1,90.88,1,90.88,90.71,90.71,1,90.61,1,90.58,1,90.51,2,90.5,1,90.49,1,90.47,1,90.39,1,90.37,1,90.33,1,90.88,1,90.89,1,90.9,2,,,,,,,,,,,,,,
2025-04-10 09:32:26,90.7,90.72,1,90.66,1,90.74,1,90.74,90.66,90.66,1,90.61,1,90.58,1,90.51,2,90.5,1,90.49,1,90.47,1,90.39,1,90.37,1,90.33,1,90.74,1,90.79,2,90.88,1,90.89,1,90.9,2,,,,,,,,,,
2025-04-10 09:32:27,90.705,90.72,1,90.67,1,90.74,1,90.74,90.67,90.67,1,90.66,1,90.61,1,90.58,1,90.51,2,90.5,1,90.49,1,90.47,1,90.39,1,90.37,1,90.74,1,90.79,2,90.88,1,90.89,1,90.9,2,,,,,,,,,,
2025-04-10 09:32:28,90.71,90.67,1,90.67,1,90.75,1,90.75,90.67,90.67,1,90.66,1,90.61,1,90.58,1,90.51,2,90.5,1,90.49,1,90.47,1,90.39,1,90.37,1,90.75,1,90.79,2,90.88,1,90.89,1,90.9,2,,,,,,,,,,
2025-04-10 09:32:29,90.71,90.67,1,90.67,1,90.75,1,90.75,90.67,90.67,1,90.66,1,90.61,1,90.58,1,90.51,2,90.5,1,90.49,1,90.47,1,90.39,1,90.37,1,90.75,1,90.79,2,90.88,1,90.89,1,90.9,2,,,,,,,,,,
2025-04-10 09:32:30,90.785,90.74,1,90.67,1,90.9,2,90.9,90.67,90.67,1,90.66,1,90.61,1,90.58,1,90.51,2,90.5,1,90.49,1,90.47,1,90.39,1,90.37,1,90.9,2,,,,,,,,,,,,,,,,,,
2025-04-10 09:32:31,90.8,90.83,1,90.7,1,90.9,1,90.9,90.7,90.7,1,90.66,1,90.61,1,90.58,1,90.51,2,90.5,1,90.49,1,90.47,1,90.39,1,90.37,1,90.9,1,,,,,,,,,,,,,,,,,,
2025-04-10 09:32:32,90.835,90.83,1,90.78,1,90.89,8,90.89,90.78,90.78,1,90.7,1,90.66,1,90.61,1,90.58,1,90.51,2,90.5,1,90.49,1,90.47,1,90.39,1,90.89,8,90.9,1,,,,,,,,,,,,,,,,
2025-04-10 09:32:33,90.795,90.83,1,90.7,1,90.89,8,90.89,90.7,90.7,1,90.66,1,90.61,1,90.58,1,90.51,2,90.5,1,90.49,1,90.47,1,90.39,1,90.37,1,90.89,8,90.9,1,,,,,,,,,,,,,,,,
2025-04-10 09:32:34,90.845,90.83,1,90.8,1,90.89,8,90.89,90.8,90.8,1,90.7,1,90.66,1,90.61,1,90.58,1,90.51,2,90.5,1,90.49,1,90.47,1,90.39,1,90.89,8,90.9,1,,,,,,,,,,,,,,,,
2025-04-10 09:32:35,90.795,90.8,2,90.7,1,90.89,8,90.89,90.7,90.7,1,90.66,1,90.61,1,90.58,1,90.51,2,90.5,1,90.49,1,90.47,1,90.39,1,90.37,1,90.89,8,90.9,1,,,,,,,,,,,,,,,,
2025-04-10 09:32:36,90.795,90.8,1,90.7,1,90.89,8,90.89,90.7,90.7,1,90.66,1,90.61,1,90.58,1,90.51,2,90.5,1,90.49,1,90.47,1,90.39,1,90.37,1,90.89,8,90.9,1,,,,,,,,,,,,,,,,
2025-04-10 09:32:37,90.735,90.74,1,90.58,1,90.89,9,90.89,90.58,90.58,1,90.51,2,90.5,1,90.49,1,90.47,1,90.39,1,90.37,1,90.33,1,90.32,2,90.24,1,90.89,9,90.9,1,,,,,,,,,,,,,,,,
2025-04-10 09:32:38,90.655,90.59,1,90.59,2,90.72,2,90.72,90.59,90.59,2,90.51,1,90.5,1,90.49,1,90.47,1,90.39,1,90.37,1,90.33,1,90.32,2,90.24,1,90.72,2,90.73,2,90.89,9,90.9,1,,,,,,,,,,,,
2025-04-10 09:32:39,90.66,90.66,1,90.59,2,90.73,2,90.73,90.59,90.59,2,90.51,1,90.5,1,90.49,1,90.47,1,90.39,1,90.37,1,90.33,1,90.32,2,90.24,1,90.73,2,90.89,9,90.9,1,,,,,,,,,,,,,,
2025-04-10 09:32:40,90.57,90.56,1,90.5,1,90.64,1,90.64,90.5,90.5,1,90.49,1,90.47,1,90.39,1,90.37,1,90.33,1,90.32,2,90.24,1,90.2,1,90.16,18,90.64,1,90.69,1,90.73,2,90.89,9,90.9,1,,,,,,,,,,
2025-04-10 09:32:41,90.47,90.55,1,90.39,1,90.55,1,90.55,90.39,90.39,1,90.37,1,90.33,1,90.32,2,90.24,1,90.2,1,90.16,18,90.15,450,90.14,1,90.0,1,90.55,1,90.64,1,90.69,1,90.73,2,90.89,9,90.9,1,,,,,,,,
2025-04-10 09:32:42,90.47,90.55,1,90.39,3,90.55,1,90.55,90.39,90.39,3,90.37,1,90.33,1,90.32,2,90.24,1,90.2,1,90.16,18,90.15,450,90.14,1,90.0,1,90.55,1,90.64,1,90.69,1,90.73,2,90.89,9,90.9,1,,,,,,,,
2025-04-10 09:32:43,90.405,90.39,2,90.3,1,90.51,1,90.51,90.3,90.3,1,90.24,1,90.2,1,90.16,18,90.15,450,90.14,1,90.0,1,89.98,1,89.9,1,89.88,1,90.51,1,90.55,1,90.64,1,90.69,1,90.73,2,90.89,9,90.9,1,,,,,,
2025-04-10 09:32:44,90.44,90.46,1,90.4,1,90.48,1,90.48,90.4,90.4,1,90.3,1,90.24,1,90.2,1,90.16,18,90.15,450,90.14,1,90.0,1,89.98,1,89.9,1,90.48,1,90.51,1,90.55,1,90.64,1,90.69,1,90.73,2,90.89,9,90.9,1,,,,
2025-04-10 09:32:45,90.47,90.46,1,90.4,1,90.54,1,90.54,90.4,90.4,1,90.3,1,90.24,1,90.2,1,90.16,18,90.15,450,90.14,1,90.0,1,89.98,1,89.9,1,90.54,1,90.64,1,90.69,1,90.73,2,90.89,9,90.9,1,,,,,,,,
2025-04-10 09:32:46,90.52,90.46,1,90.4,1,90.64,1,90.64,90.4,90.4,1,90.3,1,90.24,1,90.2,1,90.16,18,90.15,450,90.14,1,90.0,1,89.98,1,89.9,1,90.64,1,90.69,1,90.73,2,90.89,9,90.9,1,,,,,,,,,,
2025-04-10 09:32:47,90.48,90.41,5,90.4,1,90.56,1,90.56,90.4,90.4,1,90.3,1,90.24,1,90.2,1,90.16,18,90.15,450,90.14,1,90.0,1,89.98,1,89.9,1,90.56,1,90.64,1,90.69,1,90.73,2,90.89,9,90.9,1,,,,,,,,
2025-04-10 09:32:48,90.53,90.54,1,90.42,1,90.64,1,90.64,90.42,90.42,1,90.4,1,90.3,1,90.24,1,90.2,1,90.16,18,90.15,450,90.14,1,90.0,1,89.98,1,90.64,1,90.69,1,90.73,2,90.89,9,90.9,1,,,,,,,,,,
2025-04-10 09:32:49,90.52,90.5,1,90.4,1,90.64,1,90.64,90.4,90.4,1,90.3,1,90.24,1,90.2,1,90.16,18,90.15,450,90.14,1,90.0,1,89.98,1,89.9,1,90.64,1,90.69,1,90.73,2,90.89,9,90.9,1,,,,,,,,,,
2025-04-10 09:32:50,90.45,90.55,1,90.4,1,90.5,1,90.5,90.4,90.4,1,90.3,1,90.24,1,90.2,1,90.16,18,90.15,450,90.14,1,90.0,1,89.98,1,89.9,1,90.5,1,90.55,1,90.58,1,90.64,1,90.69,1,90.73,2,90.89,9,90.9,1,,,,
2025-04-10 09:32:51,90.345,90.36,1,90.3,1,90.39,2,90.39,90.3,90.3,1,90.24,1,90.2,1,90.16,18,90.15,450,90.14,1,90.0,1,89.98,1,89.9,1,89.88,1,90.39,2,90.4,1,90.45,1,90.5,1,90.55,1,90.58,1,90.64,1,90.69,1,90.73,2,90.89,9
2025-04-10 09:32:52,90.435,90.4,1,90.33,1,90.54,1,90.54,90.33,90.33,1,90.3,1,90.24,1,90.2,1,90.16,18,90.15,450,90.14,1,90.0,1,89.98,1,89.9,1,90.54,1,90.55,1,90.58,1,90.64,1,90.69,1,90.73,2,90.89,9,90.9,1,,,,
2025-04-10 09:32:53,90.435,90.43,1,90.33,2,90.54,1,90.54,90.33,90.33,2,90.3,1,90.24,1,90.2,1,90.16,18,90.15,450,90.14,1,90.0,1,89.98,1,89.9,1,90.54,1,90.55,1,90.58,1,90.64,1,90.69,1,90.73,2,90.89,9,90.9,1,,,,
2025-04-10 09:32:54,90.445,90.38,1,90.35,1,90.43,1,90.43,90.35,90.35,1,90.34,2,90.33,2,90.3,1,90.24,1,90.2,1,90.16,18,90.15,450,90.14,1,90.0,1,90.54,1,90.55,1,90.58,1,90.64,1,90.69,1,90.73,2,90.89,9,90.9,1,,,,
2025-04-10 09:32:55,90.48,90.52,1,90.39,2,90.57,1,90.57,90.39,90.39,2,90.38,1,90.33,1,90.3,1,90.24,1,90.2,1,90.16,18,90.15,450,90.14,1,90.0,1,90.57,1,90.58,1,90.59,4,90.64,1,90.69,1,90.73,2,90.89,9,90.9,1,,,,
2025-04-10 09:32:56,90.49,90.52,1,90.39,2,90.59,4,90.59,90.39,90.39,2,90.38,1,90.33,1,90.3,1,90.24,1,90.2,1,90.16,18,90.15,450,90.14,1,90.0,1,90.59,4,90.64,1,90.69,1,90.73,2,90.89,9,90.9,1,,,,,,,,
2025-04-10 09:32:57,90.455,90.42,1,90.38,1,90.53,1,90.53,90.38,90.38,1,90.33,1,90.3,1,90.24,1,90.2,1,90.16,18,90.15,450,90.14,1,90.0,1,89.98,1,90.53,1,90.59,4,90.64,1,90.69,1,90.73,2,90.89,9,90.9,1,,,,,,
2025-04-10 09:32:58,90.51,90.42,1,90.38,1,90.64,2,90.64,90.38,90.38,1,90.33,1,90.3,1,90.24,1,90.2,1,90.16,18,90.15,450,90.14,1,90.0,1,89.98,1,90.64,2,90.69,1,90.73,2,90.89,9,90.9,1,,,,,,,,,,
2025-04-10 09:32:59,90.51,90.42,1,90.38,1,90.64,2,90.64,90.38,90.38,1,90.33,1,90.3,1,90.24,1,90.2,1,90.16,18,90.15,450,90.14,1,90.0,1,89.98,1,90.64,2,90.69,1,90.73,2,90.89,9,90.9,1,,,,,,,,,,
2025-04-10 09:33:00,90.54,90.42,1,90.44,1,90.64,1,90.64,90.44,90.44,1,90.42,1,90.38,1,90.33,1,90.3,1,90.24,1,90.2,1,90.16,18,90.15,450,90.14,1,90.64,1,90.69,1,90.73,2,90.89,9,90.9,1,,,,,,,,,,
2025-04-10 09:33:01,90.655,90.64,1,90.58,1,90.73,1,90.73,90.58,90.58,1,90.54,1,90.44,2,90.42,1,90.38,1,90.33,1,90.3,1,90.24,1,90.2,1,90.16,18,90.73,1,90.9,2,,,,,,,,,,,,,,,,
2025-04-10 09:33:02,90.67,90.59,1,90.58,1,90.76,1,90.76,90.58,90.58,1,90.54,1,90.44,2,90.42,1,90.38,1,90.33,1,90.3,1,90.24,1,90.2,1,90.16,18,90.76,1,90.9,2,,,,,,,,,,,,,,,,
2025-04-10 09:33:03,90.605,90.64,1,90.54,1,90.67,2,90.67,90.54,90.54,1,90.53,1,90.44,1,90.42,1,90.38,1,90.33,1,90.3,1,90.24,1,90.2,1,90.16,18,90.67,2,90.76,1,90.9,2,,,,,,,,,,,,,,
2025-04-10 09:33:04,90.605,90.64,1,90.54,2,90.67,2,90.67,90.54,90.54,2,90.53,1,90.44,1,90.42,1,90.38,1,90.33,1,90.3,1,90.24,1,90.2,1,90.16,18,90.67,2,90.76,1,90.9,2,,,,,,,,,,,,,,
2025-04-10 09:33:05,90.585,90.54,1,90.5,1,90.67,1,90.67,90.5,90.5,1,90.4,1,90.38,1,90.33,1,90.3,1,90.24,1,90.2,1,90.16,18,90.15,450,90.14,1,90.67,1,90.76,2,90.9,2,,,,,,,,,,,,,,
2025-04-10 09:33:06,90.39,90.49,2,90.3,1,90.48,1,90.48,90.3,90.3,1,90.24,1,90.2,1,90.16,18,90.15,450,90.14,1,90.0,1,89.98,1,89.9,1,89.88,1,90.48,1,90.49,1,90.58,1,90.66,1,90.67,1,90.76,2,90.9,2,,,,,,
2025-04-10 09:33:07,90.58,90.57,1,90.49,1,90.67,1,90.67,90.49,90.49,1,90.4,4,90.3,1,90.24,1,90.2,1,90.16,18,90.15,450,90.14,1,90.0,1,89.98,1,90.67,1,90.76,2,90.9,2,,,,,,,,,,,,,,
2025-04-10 09:33:08,90.535,90.58,1,90.4,4,90.67,1,90.67,90.4,90.4,4,90.3,1,90.24,1,90.2,1,90.16,18,90.15,450,90.14,1,90.0,1,89.98,1,89.9,1,90.67,1,90.76,2,90.9,2,,,,,,,,,,,,,,
2025-04-10 09:33:09,90.615,90.58,1,90.5,1,90.73,1,90.73,90.5,90.5,1,90.4,4,90.3,1,90.24,1,90.2,1,90.16,18,90.15,450,90.14,1,90.0,1,89.98,1,90.73,1,90.76,2,90.9,2,,,,,,,,,,,,,,
2025-04-10 09:33:10,90.67,90.58,1,90.61,1,90.73,1,90.73,90.61,90.61,1,90.5,1,90.4,4,90.3,1,90.24,1,90.2,1,90.16,18,90.15,450,90.14,1,90.0,1,90.73,1,90.76,2,90.9,2,,,,,,,,,,,,,,
2025-04-10 09:33:11,90.67,90.58,1,90.61,1,90.73,1,90.73,90.61,90.61,1,90.5,1,90.4,4,90.3,1,90.24,1,90.2,1,90.16,18,90.15,450,90.14,1,90.0,1,90.73,1,90.76,2,90.9,2,,,,,,,,,,,,,,
2025-04-10 09:33:12,90.665,90.72,1,90.61,1,90.72,1,90.72,90.61,90.61,1,90.5,1,90.4,4,90.3,1,90.24,1,90.2,1,90.16,18,90.15,450,90.14,1,90.0,1,90.72,1,90.73,1,90.76,2,90.9,2,,,,,,,,,,,,
2025-04-10 09:33:13,90.61,90.66,1,90.5,1,90.72,1,90.72,90.5,90.5,1,90.4,4,90.3,1,90.24,1,90.2,1,90.16,18,90.15,450,90.14,1,90.0,1,89.98,1,90.72,1,90.73,1,90.76,2,90.9,2,,,,,,,,,,,,
2025-04-10 09:33:14,90.7,90.73,1,90.6,1,90.8,1,90.8,90.6,90.6,1,90.56,1,90.5,1,90.4,4,90.3,1,90.24,1,90.2,1,90.16,18,90.15,450,90.14,1,90.8,1,90.9,1,,,,,,,,,,,,,,,,
2025-04-10 09:33:15,90.78,90.84,1,90.69,1,90.87,3,90.87,90.69,90.69,1,90.6,1,90.56,1,90.5,1,90.4,4,90.3,1,90.24,1,90.2,1,90.16,18,90.15,450,90.87,3,90.88,1,90.9,1,,,,,,,,,,,,,,
2025-04-10 09:33:16,90.84,90.84,1,90.78,1,90.9,2,90.9,90.78,90.78,1,90.69,1,90.6,1,90.56,1,90.5,1,90.4,4,90.3,1,90.24,1,90.2,1,90.16,18,90.9,2,,,,,,,,,,,,,,,,,,
2025-04-10 09:33:17,90.795,90.84,1,90.69,1,90.9,2,90.9,90.69,90.69,1,90.6,1,90.56,1,90.5,1,90.4,4,90.3,1,90.24,1,90.2,1,90.16,18,90.15,450,90.9,2,,,,,,,,,,,,,,,,,,
2025-04-10 09:33:18,90.795,90.84,1,90.69,1,90.9,1,90.9,90.69,90.69,1,90.6,1,90.56,1,90.5,1,90.4,4,90.3,1,90.24,1,90.2,1,90.16,18,90.15,450,90.9,1,,,,,,,,,,,,,,,,,,
2025-04-10 09:33:19,90.84,90.82,1,90.78,1,90.9,1,90.9,90.78,90.78,1,90.69,1,90.6,1,90.56,1,90.5,1,90.4,4,90.3,1,90.24,1,90.2,1,90.16,18,90.9,1,,,,,,,,,,,,,,,,,,
2025-04-10 09:33:20,90.85,90.85,1,90.8,2,90.9,1,90.9,90.8,90.8,2,90.69,1,90.6,1,90.56,1,90.5,1,90.4,4,90.3,1,90.24,1,90.2,1,90.16,18,90.9,1,,,,,,,,,,,,,,,,,,
2025-04-10 09:33:21,90.85,90.85,1,90.8,1,90.9,1,90.9,90.8,90.8,1,90.69,1,90.6,1,90.56,1,90.5,1,90.4,4,90.3,1,90.24,1,90.2,1,90.16,18,90.9,1,,,,,,,,,,,,,,,,,,
2025-04-10 09:33:22,90.8,90.79,1,90.69,1,90.91,1,90.91,90.69,90.69,1,90.6,1,90.56,1,90.5,1,90.4,4,90.3,1,90.24,1,90.2,1,90.16,18,90.15,450,90.91,1,90.94,7,,,,,,,,,,,,,,,,
2025-04-10 09:33:23,90.8,90.8,1,90.69,1,90.91,1,90.91,90.69,90.69,1,90.6,1,90.56,1,90.5,1,90.4,4,90.3,1,90.24,1,90.2,1,90.16,18,90.15,450,90.91,1,90.94,7,,,,,,,,,,,,,,,,
2025-04-10 09:33:24,90.86,90.88,1,90.78,1,90.94,7,90.94,90.78,90.78,1,90.69,1,90.6,1,90.56,1,90.5,1,90.4,4,90.3,1,90.24,1,90.2,1,90.16,18,90.94,7,,,,,,,,,,,,,,,,,,
2025-04-10 09:33:25,90.86,90.88,1,90.78,1,90.94,7,90.94,90.78,90.78,1,90.69,1,90.6,1,90.56,1,90.5,1,90.4,4,90.3,1,90.24,1,90.2,1,90.16,18,90.94,7,,,,,,,,,,,,,,,,,,
2025-04-10 09:33:26,90.86,90.88,1,90.78,1,90.94,7,90.94,90.78,90.78,1,90.69,1,90.6,1,90.56,1,90.5,1,90.4,4,90.3,1,90.24,1,90.2,1,90.16,18,90.94,7,,,,,,,,,,,,,,,,,,
2025-04-10 09:33:27,90.815,90.88,1,90.69,1,90.94,7,90.94,90.69,90.69,1,90.6,1,90.56,1,90.5,1,90.4,4,90.3,1,90.24,1,90.2,1,90.16,18,90.15,450,90.94,7,,,,,,,,,,,,,,,,,,
2025-04-10 09:33:28,90.88,90.88,1,90.82,1,90.94,7,90.94,90.82,90.82,1,90.79,1,90.69,1,90.6,1,90.56,1,90.5,1,90.4,4,90.3,1,90.24,1,90.2,1,90.94,7,,,,,,,,,,,,,,,,,,
2025-04-10 09:33:29,90.78,90.82,2,90.69,1,90.87,2,90.87,90.69,90.69,1,90.6,1,90.56,1,90.5,1,90.4,4,90.3,1,90.24,1,90.2,1,90.16,18,90.15,450,90.87,2,90.94,7,,,,,,,,,,,,,,,,
2025-04-10 09:33:30,90.815,90.82,2,90.69,1,90.94,7,90.94,90.69,90.69,1,90.6,1,90.56,1,90.5,1,90.4,4,90.3,1,90.24,1,90.2,1,90.16,18,90.15,450,90.94,7,,,,,,,,,,,,,,,,,,
2025-04-10 09:33:31,90.825,90.86,3,90.78,1,90.87,2,90.87,90.78,90.78,1,90.69,1,90.6,1,90.56,1,90.5,1,90.4,4,90.3,1,90.24,1,90.2,1,90.16,18,90.87,2,90.94,7,,,,,,,,,,,,,,,,
2025-04-10 09:33:32,90.86,90.88,1,90.78,1,90.94,7,90.94,90.78,90.78,1,90.69,1,90.6,1,90.56,1,90.5,1,90.4,4,90.3,1,90.24,1,90.2,1,90.16,18,90.94,7,,,,,,,,,,,,,,,,,,
2025-04-10 09:33:33,90.86,90.88,1,90.78,1,90.94,7,90.94,90.78,90.78,1,90.69,1,90.6,1,90.56,1,90.5,1,90.4,4,90.3,1,90.24,1,90.2,1,90.16,18,90.94,7,,,,,,,,,,,,,,,,,,
2025-04-10 09:33:34,90.875,90.88,1,90.81,2,90.94,7,90.94,90.81,90.81,2,90.78,1,90.69,1,90.6,1,90.56,1,90.5,1,90.4,4,90.3,1,90.24,1,90.2,1,90.94,7,,,,,,,,,,,,,,,,,,
2025-04-10 09:33:35,90.86,90.8,1,90.78,1,90.94,7,90.94,90.78,90.78,1,90.69,1,90.6,1,90.56,1,90.5,1,90.4,4,90.3,1,90.24,1,90.2,1,90.16,18,90.94,7,,,,,,,,,,,,,,,,,,
2025-04-10 09:33:36,90.86,90.8,1,90.78,1,90.94,7,90.94,90.78,90.78,1,90.69,1,90.6,1,90.56,1,90.5,1,90.4,4,90.3,1,90.24,1,90.2,1,90.16,18,90.94,7,,,,,,,,,,,,,,,,,,
2025-04-10 09:33:37,90.815,90.8,1,90.69,1,90.94,7,90.94,90.69,90.69,1,90.6,1,90.56,1,90.5,1,90.4,4,90.3,1,90.24,1,90.2,1,90.16,18,90.15,450,90.94,7,,,,,,,,,,,,,,,,,,
2025-04-10 09:33:38,90.865,90.8,1,90.79,1,90.94,7,90.94,90.79,90.79,1,90.69,1,90.6,1,90.56,1,90.5,1,90.4,4,90.3,1,90.24,1,90.2,1,90.16,18,90.94,7,,,,,,,,,,,,,,,,,,
2025-04-10 09:33:39,90.88,90.8,1,90.82,1,90.94,7,90.94,90.82,90.82,1,90.79,1,90.69,1,90.6,1,90.56,1,90.5,1,90.4,4,90.3,1,90.24,1,90.2,1,90.94,7,,,,,,,,,,,,,,,,,,
2025-04-10 09:33:40,90.88,90.8,1,90.82,1,90.94,7,90.94,90.82,90.82,1,90.79,1,90.69,1,90.6,1,90.56,1,90.5,1,90.4,4,90.3,1,90.24,1,90.2,1,90.94,7,,,,,,,,,,,,,,,,,,
2025-04-10 09:33:41,90.935,90.94,1,90.87,1,91.0,76,91.0,90.87,90.87,1,90.84,1,90.82,1,90.79,1,90.69,1,90.6,1,90.56,1,90.5,1,90.4,4,90.3,1,91.0,76,,,,,,,,,,,,,,,,,,
2025-04-10 09:33:43,90.945,90.94,1,90.89,1,91.0,76,91.0,90.89,90.89,1,90.84,1,90.82,1,90.79,1,90.69,1,90.6,1,90.56,1,90.5,1,90.4,4,90.3,1,91.0,76,,,,,,,,,,,,,,,,,,
2025-04-10 09:33:43,91.0,91.0,6,90.94,50,91.06,1,91.06,90.94,90.94,50,90.92,1,90.89,1,90.84,1,90.82,1,90.79,1,90.69,1,90.6,1,90.56,1,90.5,1,91.06,1,,,,,,,,,,,,,,,,,,
2025-04-10 09:33:44,91.03,91.04,1,90.96,1,91.1,3,91.1,90.96,90.96,1,90.94,50,90.92,1,90.89,1,90.84,1,90.82,1,90.79,1,90.69,1,90.6,1,90.56,1,91.1,3,91.11,2,,,,,,,,,,,,,,,,
2025-04-10 09:33:46,91.04,91.04,1,90.98,1,91.1,3,91.1,90.98,90.98,1,90.96,1,90.94,50,90.92,1,90.89,1,90.84,1,90.82,1,90.79,1,90.69,1,90.6,1,91.1,3,91.11,2,,,,,,,,,,,,,,,,
2025-04-10 09:33:47,91.04,91.04,1,90.98,1,91.1,3,91.1,90.98,90.98,1,90.96,1,90.94,50,90.92,1,90.89,1,90.84,1,90.82,1,90.79,1,90.69,1,90.6,1,91.1,3,91.11,2,,,,,,,,,,,,,,,,
2025-04-10 09:33:47,91.045,91.02,1,90.98,1,91.11,2,91.11,90.98,90.98,1,90.96,1,90.94,50,90.92,1,90.89,1,90.84,1,90.82,1,90.79,1,90.69,1,90.6,1,91.11,2,,,,,,,,,,,,,,,,,,
2025-04-10 09:33:49,91.045,91.05,1,90.98,1,91.11,2,91.11,90.98,90.98,1,90.96,1,90.94,50,90.92,1,90.89,1,90.84,1,90.82,1,90.79,1,90.69,1,90.6,1,91.11,2,,,,,,,,,,,,,,,,,,
2025-04-10 09:33:50,91.045,91.05,1,90.98,1,91.11,2,91.11,90.98,90.98,1,90.96,1,90.94,50,90.92,1,90.89,1,90.84,1,90.82,1,90.79,1,90.69,1,90.6,1,91.11,2,,,,,,,,,,,,,,,,,,
2025-04-10 09:33:50,91.04,91.05,1,90.98,1,91.1,2,91.1,90.98,90.98,1,90.96,1,90.94,50,90.92,1,90.89,1,90.84,1,90.82,1,90.79,1,90.69,1,90.6,1,91.1,2,91.11,2,,,,,,,,,,,,,,,,
2025-04-10 09:33:51,91.04,91.05,1,90.98,1,91.1,2,91.1,90.98,90.98,1,90.96,1,90.94,50,90.92,1,90.89,1,90.84,1,90.82,1,90.79,1,90.69,1,90.6,1,91.1,2,91.11,2,,,,,,,,,,,,,,,,
2025-04-10 09:33:53,91.04,90.98,1,90.97,1,91.11,2,91.11,90.97,90.97,1,90.94,50,90.92,1,90.89,1,90.84,1,90.82,1,90.79,1,90.69,1,90.6,1,90.56,1,91.11,2,,,,,,,,,,,,,,,,,,
2025-04-10 09:33:53,91.025,90.98,1,90.94,50,91.11,2,91.11,90.94,90.94,50,90.92,1,90.89,1,90.84,1,90.82,1,90.79,1,90.69,1,90.6,1,90.56,1,90.5,1,91.11,2,,,,,,,,,,,,,,,,,,
2025-04-10 09:33:55,91.04,91.03,1,90.97,1,91.11,2,91.11,90.97,90.97,1,90.94,50,90.92,1,90.89,1,90.84,1,90.82,1,90.79,1,90.69,1,90.6,1,90.56,1,91.11,2,,,,,,,,,,,,,,,,,,
2025-04-10 09:33:56,91.05,91.07,1,90.99,1,91.11,2,91.11,90.99,90.99,1,90.97,1,90.94,50,90.92,1,90.89,1,90.84,1,90.82,1,90.79,1,90.69,1,90.6,1,91.11,2,,,,,,,,,,,,,,,,,,
2025-04-10 09:33:57,91.05,91.07,1,90.99,1,91.11,2,91.11,90.99,90.99,1,90.97,1,90.94,50,90.92,1,90.89,1,90.84,1,90.82,1,90.79,1,90.69,1,90.6,1,91.11,2,,,,,,,,,,,,,,,,,,
2025-04-10 09:33:58,90.995,90.99,1,90.88,1,91.11,3,91.11,90.88,90.88,1,90.87,1,90.84,1,90.82,1,90.79,1,90.69,1,90.6,1,90.56,1,90.5,1,90.4,4,91.11,3,,,,,,,,,,,,,,,,,,
2025-04-10 09:33:59,91.0,90.96,1,90.89,1,91.11,2,91.11,90.89,90.89,1,90.87,1,90.84,1,90.82,1,90.79,1,90.69,1,90.6,1,90.56,1,90.5,1,90.4,4,91.11,2,,,,,,,,,,,,,,,,,,
2025-04-10 09:34:00,91.025,90.96,1,90.94,1,91.11,2,91.11,90.94,90.94,1,90.89,1,90.87,1,90.84,1,90.82,1,90.79,1,90.69,1,90.6,1,90.56,1,90.5,1,91.11,2,,,,,,,,,,,,,,,,,,
2025-04-10 09:34:01,91.035,91.13,86,90.97,1,91.1,1,91.1,90.97,90.97,1,90.94,1,90.89,1,90.87,1,90.84,1,90.82,1,90.79,1,90.69,1,90.6,1,90.56,1,91.1,1,91.2,5,,,,,,,,,,,,,,,,
2025-04-10 09:34:02,91.02,91.08,1,90.97,1,91.07,1,91.07,90.97,90.97,1,90.94,1,90.89,1,90.87,1,90.84,1,90.82,1,90.79,1,90.69,1,90.6,1,90.56,1,91.07,1,91.1,1,91.2,5,,,,,,,,,,,,,,
2025-04-10 09:34:02,91.035,91.08,1,90.97,1,91.1,1,91.1,90.97,90.97,1,90.94,1,90.89,1,90.87,1,90.84,1,90.82,1,90.79,1,90.69,1,90.6,1,90.56,1,91.1,1,91.2,5,,,,,,,,,,,,,,,,
2025-04-10 09:34:04,91.035,91.08,1,90.97,1,91.1,1,91.1,90.97,90.97,1,90.94,1,90.89,1,90.87,1,90.84,1,90.82,1,90.79,1,90.69,1,90.6,1,90.56,1,91.1,1,91.2,5,,,,,,,,,,,,,,,,
2025-04-10 09:34:05,90.98,91.08,1,90.89,1,91.07,2,91.07,90.89,90.89,1,90.87,1,90.84,1,90.82,1,90.79,1,90.69,1,90.6,1,90.56,1,90.5,1,90.4,4,91.07,2,91.1,1,91.2,5,,,,,,,,,,,,,,
2025-04-10 09:34:06,90.98,90.98,1,90.89,1,91.07,2,91.07,90.89,90.89,1,90.87,1,90.84,1,90.82,1,90.79,1,90.69,1,90.6,1,90.56,1,90.5,1,90.4,4,91.07,2,91.1,1,91.2,5,,,,,,,,,,,,,,
2025-04-10 09:34:07,90.98,90.98,1,90.89,1,91.07,2,91.07,90.89,90.89,1,90.87,1,90.84,1,90.82,1,90.79,1,90.69,1,90.6,1,90.56,1,90.5,1,90.4,4,91.07,2,91.1,1,91.2,5,,,,,,,,,,,,,,
2025-04-10 09:34:08,90.925,90.86,1,90.78,1,91.07,2,91.07,90.78,90.78,1,90.69,1,90.6,1,90.56,1,90.5,1,90.4,4,90.3,1,90.24,1,90.2,1,90.16,18,91.07,2,91.1,1,91.2,5,,,,,,,,,,,,,,
2025-04-10 09:34:09,90.97,90.93,1,90.87,1,91.07,2,91.07,90.87,90.87,1,90.78,1,90.69,1,90.6,1,90.56,1,90.5,1,90.4,4,90.3,1,90.24,1,90.2,1,91.07,2,91.1,1,91.2,5,,,,,,,,,,,,,,
2025-04-10 09:34:10,90.97,90.98,1,90.87,1,91.07,2,91.07,90.87,90.87,1,90.78,1,90.69,1,90.6,1,90.56,1,90.5,1,90.4,4,90.3,1,90.24,1,90.2,1,91.07,2,91.1,1,91.2,5,,,,,,,,,,,,,,
2025-04-10 09:34:11,90.97,90.96,1,90.87,1,91.07,2,91.07,90.87,90.87,1,90.78,1,90.69,1,90.6,1,90.56,1,90.5,1,90.4,4,90.3,1,90.24,1,90.2,1,91.07,2,91.1,1,91.2,5,,,,,,,,,,,,,,
2025-04-10 09:34:12,90.97,90.98,1,90.87,1,91.07,2,91.07,90.87,90.87,1,90.78,1,90.69,1,90.6,1,90.56,1,90.5,1,90.4,4,90.3,1,90.24,1,90.2,1,91.07,2,91.1,1,91.2,5,,,,,,,,,,,,,,
2025-04-10 09:34:13,91.105,91.07,1,91.01,1,91.2,5,91.2,91.01,91.01,1,90.94,1,90.87,1,90.78,1,90.69,1,90.6,1,90.56,1,90.5,1,90.4,4,90.3,1,91.2,5,,,,,,,,,,,,,,,,,,
2025-04-10 09:34:14,91.065,91.07,1,91.01,1,91.12,8,91.12,91.01,91.01,1,90.94,1,90.87,1,90.78,1,90.69,1,90.6,1,90.56,1,90.5,1,90.4,4,90.3,1,91.12,8,91.2,5,,,,,,,,,,,,,,,,
2025-04-10 09:34:15,91.165,91.19,1,91.13,1,91.2,5,91.2,91.13,91.13,1,91.04,1,91.01,1,90.94,1,90.87,1,90.78,1,90.69,1,90.6,1,90.56,1,90.5,1,91.2,5,,,,,,,,,,,,,,,,,,
2025-04-10 09:34:16,91.145,91.12,1,91.09,1,91.2,5,91.2,91.09,91.09,1,91.07,1,91.04,1,91.01,1,90.94,1,90.87,1,90.78,1,90.69,1,90.6,1,90.56,1,91.2,5,,,,,,,,,,,,,,,,,,
2025-04-10 09:34:17,91.135,91.18,1,91.07,1,91.2,5,91.2,91.07,91.07,1,91.04,1,91.01,1,90.94,1,90.87,1,90.78,1,90.69,1,90.6,1,90.56,1,90.5,1,91.2,5,,,,,,,,,,,,,,,,,,
2025-04-10 09:34:18,91.15,91.18,1,91.1,1,91.2,5,91.2,91.1,91.1,1,91.07,1,91.04,1,91.01,1,90.94,1,90.87,1,90.78,1,90.69,1,90.6,1,90.56,1,91.2,5,,,,,,,,,,,,,,,,,,
2025-04-10 09:34:19,91.135,91.1,1,91.07,2,91.2,5,91.2,91.07,91.07,2,91.04,1,91.01,1,90.94,1,90.87,1,90.78,1,90.69,1,90.6,1,90.56,1,90.5,1,91.2,5,,,,,,,,,,,,,,,,,,
2025-04-10 09:34:20,91.135,91.08,1,91.07,2,91.2,5,91.2,91.07,91.07,2,91.04,1,91.01,1,90.94,1,90.87,1,90.78,1,90.69,1,90.6,1,90.56,1,90.5,1,91.2,5,,,,,,,,,,,,,,,,,,
2025-04-10 09:34:21,91.135,91.08,1,91.07,2,91.2,5,91.2,91.07,91.07,2,91.04,1,91.01,1,90.94,1,90.87,1,90.78,1,90.69,1,90.6,1,90.56,1,90.5,1,91.2,5,,,,,,,,,,,,,,,,,,
2025-04-10 09:34:22,91.105,91.08,1,91.07,2,91.14,5,91.14,91.07,91.07,2,91.04,1,91.01,1,90.94,1,90.87,1,90.78,1,90.69,1,90.6,1,90.56,1,90.5,1,91.14,5,91.2,5,,,,,,,,,,,,,,,,
2025-04-10 09:34:23,91.135,91.15,1,91.07,2,91.2,5,91.2,91.07,91.07,2,91.04,1,91.01,1,90.94,1,90.87,1,90.78,1,90.69,1,90.6,1,90.56,1,90.5,1,91.2,5,,,,,,,,,,,,,,,,,,
2025-04-10 09:34:24,91.105,91.07,1,91.01,2,91.2,5,91.2,91.01,91.01,2,91.0,1,90.94,1,90.87,1,90.78,1,90.69,1,90.6,1,90.56,1,90.5,1,90.4,4,91.2,5,,,,,,,,,,,,,,,,,,
2025-04-10 09:34:25,91.06,91.07,1,91.0,1,91.12,4,91.12,91.0,91.0,1,90.94,1,90.87,1,90.78,1,90.69,1,90.6,1,90.56,1,90.5,1,90.4,4,90.3,1,91.12,4,91.2,4,,,,,,,,,,,,,,,,
2025-04-10 09:34:26,91.135,91.12,2,91.08,1,91.19,1,91.19,91.08,91.08,1,91.0,1,90.94,1,90.87,1,90.78,1,90.69,1,90.6,1,90.56,1,90.5,1,90.4,4,91.19,1,91.2,4,,,,,,,,,,,,,,,,
2025-04-10 09:34:27,91.13,91.12,2,91.08,1,91.18,1,91.18,91.08,91.08,1,91.0,1,90.94,1,90.87,1,90.78,1,90.69,1,90.6,1,90.56,1,90.5,1,90.4,4,91.18,1,91.19,2,91.2,4,,,,,,,,,,,,,,
2025-04-10 09:34:28,91.135,91.12,2,91.08,1,91.19,2,91.19,91.08,91.08,1,91.0,1,90.94,1,90.87,1,90.78,1,90.69,1,90.6,1,90.56,1,90.5,1,90.4,4,91.19,2,91.2,4,,,,,,,,,,,,,,,,
2025-04-10 09:34:29,91.135,91.12,2,91.08,1,91.19,2,91.19,91.08,91.08,1,91.0,1,90.94,1,90.87,1,90.78,1,90.69,1,90.6,1,90.56,1,90.5,1,90.4,4,91.19,2,91.2,4,,,,,,,,,,,,,,,,
2025-04-10 09:34:30,91.135,91.12,2,91.08,2,91.19,2,91.19,91.08,91.08,2,91.0,1,90.94,1,90.87,1,90.78,1,90.69,1,90.6,1,90.56,1,90.5,1,90.4,4,91.19,2,91.2,4,,,,,,,,,,,,,,,,
2025-04-10 09:34:31,91.095,91.12,2,91.0,3,91.19,2,91.19,91.0,91.0,3,90.94,1,90.87,1,90.78,1,90.69,1,90.6,1,90.56,1,90.5,1,90.4,4,90.3,1,91.19,2,91.2,4,,,,,,,,,,,,,,,,
2025-04-10 09:34:32,91.095,91.05,1,91.0,1,91.19,2,91.19,91.0,91.0,1,90.99,20,90.94,1,90.87,1,90.78,1,90.69,1,90.6,1,90.56,1,90.5,1,90.4,4,91.19,2,91.2,4,,,,,,,,,,,,,,,,
2025-04-10 09:34:33,91.035,91.05,1,90.99,22,91.08,1,91.08,90.99,90.99,22,90.94,1,90.87,1,90.78,1,90.69,1,90.6,1,90.56,1,90.5,1,90.4,4,90.3,1,91.08,1,91.19,2,91.2,4,,,,,,,,,,,,,,
2025-04-10 09:34:34,91.035,91.05,1,90.99,22,91.08,2,91.08,90.99,90.99,22,90.94,1,90.87,1,90.78,1,90.69,1,90.6,1,90.56,1,90.5,1,90.4,4,90.3,1,91.08,2,91.19,2,91.2,4,,,,,,,,,,,,,,
2025-04-10 09:34:35,91.05,91.05,1,91.02,1,91.08,1,91.08,91.02,91.02,1,90.99,20,90.94,1,90.87,1,90.78,1,90.69,1,90.6,1,90.56,1,90.5,1,90.4,4,91.08,1,91.19,2,91.2,4,,,,,,,,,,,,,,
2025-04-10 09:34:36,90.975,91.05,1,90.87,1,91.08,1,91.08,90.87,90.87,1,90.78,1,90.69,1,90.6,1,90.56,1,90.5,1,90.4,4,90.3,1,90.24,1,90.2,1,91.08,1,91.19,2,91.2,4,,,,,,,,,,,,,,
2025-04-10 09:34:37,90.975,91.05,1,90.87,1,91.08,1,91.08,90.87,90.87,1,90.78,1,90.69,1,90.6,1,90.56,1,90.5,1,90.4,4,90.3,1,90.24,1,90.2,1,91.08,1,91.19,2,91.2,4,,,,,,,,,,,,,,
2025-04-10 09:34:38,91.0,91.05,1,90.92,1,91.08,1,91.08,90.92,90.92,1,90.87,1,90.78,1,90.69,1,90.6,1,90.56,1,90.5,1,90.4,4,90.3,1,90.24,1,91.08,1,91.19,2,91.2,4,,,,,,,,,,,,,,
2025-04-10 09:34:39,91.0,91.0,1,90.92,1,91.08,1,91.08,90.92,90.92,1,90.87,1,90.78,1,90.69,1,90.6,1,90.56,1,90.5,1,90.4,4,90.3,1,90.24,1,91.08,1,91.19,2,91.2,4,,,,,,,,,,,,,,
2025-04-10 09:34:40,91.04,91.0,1,91.0,2,91.08,1,91.08,91.0,91.0,2,90.96,1,90.92,1,90.87,1,90.78,1,90.69,1,90.6,1,90.56,1,90.5,1,90.4,4,91.08,1,91.19,2,91.2,4,,,,,,,,,,,,,,
2025-04-10 09:34:41,91.05,91.01,1,91.02,1,91.08,1,91.08,91.02,91.02,1,90.98,1,90.92,1,90.87,1,90.78,1,90.69,1,90.6,1,90.56,1,90.5,1,90.4,4,91.08,1,91.19,2,91.2,4,,,,,,,,,,,,,,
2025-04-10 09:34:42,91.105,91.08,1,91.02,1,91.19,1,91.19,91.02,91.02,1,90.98,1,90.92,1,90.87,1,90.78,1,90.69,1,90.6,1,90.56,1,90.5,1,90.4,4,91.19,1,91.2,4,,,,,,,,,,,,,,,,
2025-04-10 09:34:43,91.05,91.07,1,91.02,1,91.08,3,91.08,91.02,91.02,1,90.98,1,90.92,1,90.87,1,90.78,1,90.69,1,90.6,1,90.56,1,90.5,1,90.4,4,91.08,3,91.19,1,91.2,4,,,,,,,,,,,,,,
2025-04-10 09:34:44,91.07,91.02,1,91.02,8,91.12,1,91.12,91.02,91.02,8,90.98,1,90.92,1,90.87,1,90.78,1,90.69,1,90.6,1,90.56,1,90.5,1,90.4,4,91.12,1,91.13,1,91.19,1,91.2,4,,,,,,,,,,,,
2025-04-10 09:34:45,91.07,91.02,1,91.02,9,91.12,1,91.12,91.02,91.02,9,90.98,1,90.92,1,90.87,1,90.78,1,90.69,1,90.6,1,90.56,1,90.5,1,90.4,4,91.12,1,91.13,1,91.19,1,91.2,4,,,,,,,,,,,,
2025-04-10 09:34:46,91.035,90.98,1,90.95,1,91.12,1,91.12,90.95,90.95,1,90.87,1,90.78,1,90.69,1,90.6,1,90.56,1,90.5,1,90.4,4,90.3,1,90.24,1,91.12,1,91.13,1,91.19,1,91.2,4,,,,,,,,,,,,
2025-04-10 09:34:47,91.025,90.98,1,90.93,1,91.1,1,91.1,90.93,90.93,1,90.87,1,90.78,1,90.69,1,90.6,1,90.56,1,90.5,1,90.4,4,90.3,1,90.24,1,91.12,3,91.13,1,91.19,1,91.2,4,,,,,,,,,,,,
2025-04-10 09:34:48,91.025,90.98,1,90.93,1,91.12,3,91.12,90.93,90.93,1,90.87,1,90.78,1,90.69,1,90.6,1,90.56,1,90.5,1,90.4,4,90.3,1,90.24,1,91.12,3,91.13,1,91.19,1,91.2,4,,,,,,,,,,,,
2025-04-10 09:34:49,91.0,90.93,1,90.88,1,91.12,3,91.12,90.88,90.88,1,90.78,1,90.69,1,90.6,1,90.56,1,90.5,1,90.4,4,90.3,1,90.24,1,90.2,1,91.12,3,91.13,1,91.19,1,91.2,4,,,,,,,,,,,,
2025-04-10 09:34:50,91.0,90.93,1,90.88,1,91.12,3,91.12,90.88,90.88,1,90.78,1,90.69,1,90.6,1,90.56,1,90.5,1,90.4,4,90.3,1,90.24,1,90.2,1,91.12,3,91.13,1,91.19,1,91.2,4,,,,,,,,,,,,
2025-04-10 09:34:51,90.95,90.88,1,90.78,1,91.12,3,91.12,90.78,90.78,1,90.69,1,90.6,1,90.56,1,90.5,1,90.4,4,90.3,1,90.24,1,90.2,1,90.16,18,91.12,3,91.13,1,91.19,1,91.2,4,,,,,,,,,,,,
2025-04-10 09:34:52,90.855,90.88,1,90.78,1,90.93,1,90.93,90.78,90.78,1,90.69,1,90.6,1,90.56,1,90.5,1,90.4,4,90.3,1,90.24,1,90.2,1,90.16,18,90.93,1,91.12,3,91.13,1,91.19,1,91.2,4,,,,,,,,,,
2025-04-10 09:34:53,90.805,90.88,1,90.69,1,90.92,1,90.92,90.69,90.69,1,90.6,1,90.56,1,90.5,1,90.4,4,90.3,1,90.24,1,90.2,1,90.16,18,90.15,450,90.92,1,90.93,1,91.12,3,91.13,1,91.19,1,91.2,4,,,,,,,,
2025-04-10 09:34:54,90.805,90.82,1,90.69,1,90.92,1,90.92,90.69,90.69,1,90.6,1,90.56,1,90.5,1,90.4,4,90.3,1,90.24,1,90.2,1,90.16,18,90.15,450,90.92,1,90.93,1,91.12,3,91.13,1,91.19,1,91.2,4,,,,,,,,
2025-04-10 09:34:55,90.805,90.82,1,90.69,1,90.92,1,90.92,90.69,90.69,1,90.6,1,90.56,1,90.5,1,90.4,4,90.3,1,90.24,1,90.2,1,90.16,18,90.15,450,90.92,1,90.93,1,91.12,3,91.13,1,91.19,1,91.2,4,,,,,,,,
2025-04-10 09:34:56,90.845,90.81,1,90.77,1,90.92,1,90.92,90.77,90.77,1,90.69,1,90.6,1,90.56,1,90.5,1,90.4,4,90.3,1,90.24,1,90.2,1,90.16,18,90.92,1,90.93,1,91.12,3,91.13,1,91.19,1,91.2,4,,,,,,,,
2025-04-10 09:34:57,90.845,90.81,1,90.77,1,90.92,1,90.92,90.77,90.77,1,90.69,1,90.6,1,90.56,1,90.5,1,90.4,4,90.3,1,90.24,1,90.2,1,90.16,18,90.92,1,90.93,1,91.12,3,91.13,1,91.19,1,91.2,4,,,,,,,,
2025-04-10 09:34:58,90.845,90.81,1,90.77,1,90.92,1,90.92,90.77,90.77,1,90.69,1,90.6,1,90.56,1,90.5,1,90.4,4,90.3,1,90.24,1,90.2,1,90.16,18,90.92,1,90.93,1,91.12,3,91.13,1,91.19,1,91.2,4,,,,,,,,
2025-04-10 09:34:59,90.805,90.81,1,90.69,1,90.92,1,90.92,90.69,90.69,1,90.6,2,90.56,1,90.5,1,90.4,4,90.3,1,90.24,1,90.2,1,90.16,18,90.15,450,90.92,1,90.93,1,91.12,3,91.13,1,91.19,1,91.2,4,,,,,,,,
2025-04-10 09:35:00,90.825,90.81,1,90.69,1,90.96,1,90.96,90.69,90.69,1,90.6,2,90.56,1,90.5,1,90.4,4,90.3,1,90.24,1,90.2,1,90.16,18,90.15,450,90.96,1,91.12,3,91.13,1,91.19,1,91.2,4,,,,,,,,,,
2025-04-10 09:35:01,90.77,90.81,1,90.67,1,90.87,1,90.87,90.67,90.67,1,90.6,2,90.56,1,90.5,1,90.4,4,90.3,1,90.24,1,90.2,1,90.16,18,90.15,450,90.87,1,90.96,1,91.12,3,91.13,1,91.19,1,91.2,4,,,,,,,,
2025-04-10 09:35:02,90.77,90.81,1,90.67,1,90.87,1,90.87,90.67,90.67,1,90.6,2,90.56,1,90.5,1,90.4,4,90.3,1,90.24,1,90.2,1,90.16,18,90.15,450,90.87,1,90.96,1,91.12,3,91.13,1,91.19,1,91.2,4,,,,,,,,
2025-04-10 09:35:03,90.83,90.81,1,90.78,1,90.88,1,90.88,90.78,90.78,1,90.74,1,90.67,1,90.6,2,90.56,1,90.5,1,90.4,4,90.3,1,90.24,1,90.2,1,90.88,1,90.96,1,91.12,3,91.13,1,91.19,1,91.2,4,,,,,,,,
2025-04-10 09:35:04,90.83,90.81,1,90.78,1,90.88,1,90.88,90.78,90.78,1,90.74,1,90.67,1,90.6,2,90.56,1,90.5,1,90.4,4,90.3,1,90.24,1,90.2,1,90.88,1,90.96,1,91.12,3,91.13,1,91.19,1,91.2,4,,,,,,,,
2025-04-10 09:35:05,90.875,90.84,1,90.78,1,90.97,1,90.97,90.78,90.78,1,90.74,1,90.67,1,90.6,2,90.56,1,90.5,1,90.4,4,90.3,1,90.24,1,90.2,1,90.97,1,91.12,3,91.13,1,91.19,1,91.2,4,,,,,,,,,,
2025-04-10 09:35:06,90.91,90.84,1,90.83,1,90.99,1,90.99,90.83,90.83,1,90.78,1,90.77,1,90.74,1,90.67,1,90.6,2,90.56,1,90.5,1,90.4,4,90.3,1,90.99,1,91.12,3,91.13,1,91.19,1,91.2,4,,,,,,,,,,
2025-04-10 09:35:07,90.79,90.84,1,90.74,1,90.84,1,90.84,90.74,90.74,1,90.67,1,90.6,2,90.56,1,90.5,1,90.4,4,90.3,1,90.24,1,90.2,1,90.16,18,90.84,1,90.99,1,91.12,3,91.13,1,91.19,1,91.2,4,,,,,,,,
2025-04-10 09:35:08,90.79,90.84,1,90.74,2,90.84,1,90.84,90.74,90.74,2,90.67,1,90.6,2,90.56,1,90.5,1,90.4,4,90.3,1,90.24,1,90.2,1,90.16,18,90.84,1,90.99,1,91.12,3,91.13,1,91.19,1,91.2,4,,,,,,,,
2025-04-10 09:35:09,90.79,90.81,1,90.74,1,90.84,1,90.84,90.74,90.74,1,90.67,1,90.6,2,90.56,1,90.5,1,90.4,4,90.3,1,90.24,1,90.2,1,90.16,18,90.84,1,90.99,1,91.12,3,91.13,1,91.19,1,91.2,4,,,,,,,,
2025-04-10 09:35:10,90.855,90.84,1,90.8,1,90.91,1,90.91,90.8,90.8,1,90.74,1,90.67,1,90.6,2,90.56,1,90.5,1,90.4,4,90.3,1,90.24,1,90.2,1,90.91,1,90.99,1,91.12,3,91.13,1,91.19,1,91.2,4,,,,,,,,
2025-04-10 09:35:11,90.855,90.84,1,90.8,1,90.91,1,90.91,90.8,90.8,1,90.74,1,90.67,1,90.6,2,90.56,1,90.5,1,90.4,4,90.3,1,90.24,1,90.2,1,90.91,1,90.99,1,91.12,3,91.13,1,91.19,1,91.2,4,,,,,,,,
2025-04-10 09:35:12,90.825,90.8,1,90.74,1,90.91,1,90.91,90.74,90.74,1,90.67,1,90.6,2,90.56,1,90.5,1,90.4,4,90.3,1,90.24,1,90.2,1,90.16,18,90.91,1,90.99,1,91.12,3,91.13,1,91.19,1,91.2,4,,,,,,,,
2025-04-10 09:35:13,90.79,90.8,1,90.67,1,90.91,1,90.91,90.67,90.67,1,90.6,2,90.56,1,90.5,1,90.4,4,90.3,1,90.24,1,90.2,1,90.16,18,90.15,450,90.91,1,90.99,1,91.12,3,91.13,1,91.19,1,91.2,4,,,,,,,,
2025-04-10 09:35:14,90.79,90.76,1,90.67,1,90.91,1,90.91,90.67,90.67,1,90.6,2,90.56,1,90.5,1,90.4,4,90.3,1,90.24,1,90.2,1,90.16,18,90.15,450,90.91,1,90.99,1,91.12,3,91.13,1,91.19,1,91.2,4,,,,,,,,
2025-04-10 09:35:15,90.79,90.76,1,90.67,1,90.91,1,90.91,90.67,90.67,1,90.6,2,90.56,1,90.5,1,90.4,4,90.3,1,90.24,1,90.2,1,90.16,18,90.15,450,90.91,1,90.99,1,91.12,3,91.13,1,91.19,1,91.2,4,,,,,,,,
2025-04-10 09:35:16,90.79,90.76,1,90.67,1,90.91,1,90.91,90.67,90.67,1,90.6,2,90.56,1,90.5,1,90.4,4,90.3,1,90.24,1,90.2,1,90.16,18,90.15,450,90.91,1,90.99,1,91.12,3,91.13,1,91.19,1,91.2,4,,,,,,,,
2025-04-10 09:35:17,90.775,90.76,1,90.67,1,90.88,1,90.88,90.67,90.67,1,90.6,2,90.56,1,90.5,1,90.4,4,90.3,1,90.24,1,90.2,1,90.16,18,90.15,450,90.88,1,90.91,1,90.99,1,91.12,3,91.13,1,91.19,1,91.2,4,,,,,,
2025-04-10 09:35:18,90.775,90.76,1,90.67,1,90.88,1,90.88,90.67,90.67,1,90.6,2,90.56,1,90.5,1,90.4,4,90.3,1,90.24,1,90.2,1,90.16,18,90.15,450,90.88,1,90.91,1,90.99,1,91.12,3,91.13,1,91.19,1,91.2,4,,,,,,
2025-04-10 09:35:19,90.75,90.72,2,90.67,1,90.83,1,90.83,90.67,90.67,1,90.6,2,90.56,1,90.5,1,90.4,4,90.3,1,90.24,1,90.2,1,90.16,18,90.15,450,90.83,1,90.88,1,90.91,1,90.99,1,91.12,3,91.13,1,91.19,1,91.2,4,,,,
2025-04-10 09:35:20,90.735,90.72,2,90.7,1,90.77,3,90.77,90.7,90.7,1,90.6,2,90.56,1,90.5,1,90.4,4,90.3,1,90.24,1,90.2,1,90.16,18,90.15,450,90.77,3,90.83,1,90.88,1,90.91,1,90.99,1,91.12,3,91.13,1,91.19,1,91.2,4,,
2025-04-10 09:35:21,90.735,90.75,1,90.7,1,90.77,3,90.77,90.7,90.7,1,90.6,3,90.56,1,90.5,1,90.4,4,90.3,1,90.24,1,90.2,1,90.16,18,90.15,450,90.77,3,90.83,1,90.88,1,90.91,1,90.99,1,91.12,3,91.13,1,91.19,1,91.2,4,,
2025-04-10 09:35:22,90.735,90.75,1,90.7,1,90.77,3,90.77,90.7,90.7,1,90.6,3,90.56,1,90.5,1,90.4,4,90.3,1,90.24,1,90.2,1,90.16,18,90.15,450,90.77,3,90.83,1,90.88,1,90.91,1,90.99,1,91.12,3,91.13,1,91.19,1,91.2,4,,
2025-04-10 09:35:23,90.755,90.81,1,90.68,1,90.83,1,90.83,90.68,90.68,1,90.6,2,90.56,1,90.5,1,90.4,4,90.3,1,90.24,1,90.2,1,90.16,18,90.15,450,90.83,1,90.91,1,90.99,1,91.12,3,91.13,1,91.19,1,91.2,4,,,,,,
2025-04-10 09:35:24,90.705,90.81,1,90.67,1,90.74,1,90.74,90.67,90.67,1,90.6,2,90.56,1,90.5,1,90.4,4,90.3,1,90.24,1,90.2,1,90.16,18,90.15,450,90.74,1,90.91,1,90.99,1,91.12,3,91.13,1,91.19,1,91.2,4,,,,,,
2025-04-10 09:35:25,90.705,90.81,1,90.67,1,90.74,1,90.74,90.67,90.67,1,90.6,2,90.56,1,90.5,1,90.4,4,90.3,1,90.24,1,90.2,1,90.16,18,90.15,450,90.74,1,90.91,1,90.99,1,91.12,3,91.13,1,91.19,1,91.2,4,,,,,,
2025-04-10 09:35:26,90.705,90.81,1,90.67,1,90.74,1,90.74,90.67,90.67,1,90.6,2,90.56,1,90.5,1,90.4,4,90.3,1,90.24,1,90.2,1,90.16,18,90.15,450,90.74,1,90.91,1,90.99,1,91.12,3,91.13,1,91.19,1,91.2,4,,,,,,
2025-04-10 09:35:27,90.705,90.81,1,90.67,1,90.74,1,90.74,90.67,90.67,1,90.6,2,90.56,1,90.5,1,90.4,4,90.3,1,90.24,1,90.2,1,90.16,18,90.15,450,90.74,1,90.91,1,90.99,1,91.12,3,91.13,1,91.19,1,91.2,4,,,,,,
2025-04-10 09:35:28,90.705,90.81,1,90.67,1,90.74,1,90.74,90.67,90.67,1,90.6,2,90.56,1,90.5,1,90.4,4,90.3,1,90.24,1,90.2,1,90.16,18,90.15,450,90.74,1,90.91,1,90.99,1,91.12,3,91.13,1,91.19,1,91.2,4,,,,,,
2025-04-10 09:35:29,90.705,90.81,1,90.67,1,90.74,1,90.74,90.67,90.67,1,90.6,2,90.56,1,90.5,1,90.4,4,90.3,1,90.24,1,90.2,1,90.16,18,90.15,450,90.74,1,90.91,1,90.99,1,91.12,3,91.13,1,91.19,1,91.2,4,,,,,,
2025-04-10 09:35:30,90.735,90.74,1,90.67,1,90.8,1,90.8,90.67,90.67,1,90.6,2,90.56,1,90.5,1,90.4,4,90.3,1,90.24,1,90.2,1,90.16,18,90.15,450,90.8,1,90.91,1,90.99,1,91.12,3,91.13,1,91.19,1,91.2,4,,,,,,
2025-04-10 09:35:31,90.75,90.74,1,90.7,1,90.8,1,90.8,90.7,90.7,1,90.67,1,90.6,2,90.56,1,90.5,1,90.4,4,90.3,1,90.24,1,90.2,1,90.16,18,90.8,1,90.91,1,90.99,1,91.12,3,91.13,1,91.19,1,91.2,4,,,,,,
2025-04-10 09:35:32,90.75,90.74,1,90.7,1,90.8,1,90.8,90.7,90.7,1,90.67,1,90.6,2,90.56,1,90.5,1,90.4,4,90.3,1,90.24,1,90.2,1,90.16,18,90.8,1,90.91,1,90.99,1,91.12,3,91.13,1,91.19,1,91.2,4,,,,,,
2025-04-10 09:35:33,90.75,90.74,1,90.7,1,90.8,1,90.8,90.7,90.7,1,90.67,1,90.6,2,90.56,1,90.5,1,90.4,4,90.3,1,90.24,1,90.2,1,90.16,18,90.8,1,90.91,1,90.99,1,91.12,3,91.13,1,91.19,1,91.2,4,,,,,,
2025-04-10 09:35:34,90.75,90.74,1,90.7,1,90.8,1,90.8,90.7,90.7,1,90.67,1,90.6,2,90.56,1,90.5,1,90.4,4,90.3,1,90.24,1,90.2,1,90.16,18,90.8,1,90.91,1,90.99,1,91.12,3,91.13,1,91.19,1,91.2,4,,,,,,
2025-04-10 09:35:35,90.75,90.75,1,90.7,1,90.8,1,90.8,90.7,90.7,1,90.67,1,90.6,2,90.56,1,90.5,1,90.4,4,90.3,1,90.24,1,90.2,1,90.16,18,90.8,1,90.91,1,90.99,1,91.12,3,91.13,1,91.19,1,91.2,4,,,,,,
2025-04-10 09:35:36,90.75,90.75,1,90.7,1,90.8,1,90.8,90.7,90.7,1,90.67,1,90.6,2,90.56,1,90.5,1,90.4,4,90.3,1,90.24,1,90.2,1,90.16,18,90.8,1,90.91,1,90.99,1,91.12,3,91.13,1,91.19,1,91.2,4,,,,,,
2025-04-10 09:35:37,90.795,90.79,1,90.74,1,90.85,3,90.85,90.74,90.74,1,90.72,1,90.71,1,90.7,1,90.67,1,90.6,2,90.56,1,90.5,1,90.4,4,90.3,1,90.85,3,90.91,1,90.99,1,91.12,3,91.13,1,91.19,1,91.2,4,,,,,,
2025-04-10 09:35:38,90.82,90.79,1,90.79,1,90.85,3,90.85,90.79,90.79,1,90.74,1,90.72,1,90.71,1,90.7,1,90.67,1,90.6,2,90.56,1,90.5,1,90.4,4,90.85,3,90.91,1,90.99,1,91.12,3,91.13,1,91.19,1,91.2,4,,,,,,
2025-04-10 09:35:39,90.85,90.79,1,90.79,1,90.91,1,90.91,90.79,90.79,1,90.74,1,90.72,1,90.71,1,90.7,1,90.67,1,90.6,2,90.56,1,90.5,1,90.4,4,90.91,1,90.99,1,91.12,3,91.13,1,91.19,1,91.2,4,,,,,,,,
2025-04-10 09:35:40,90.85,90.79,1,90.79,1,90.91,1,90.91,90.79,90.79,1,90.75,1,90.74,2,90.72,1,90.71,1,90.7,1,90.67,1,90.6,2,90.56,1,90.5,1,90.91,1,90.99,1,91.12,3,91.13,1,91.19,1,91.2,4,,,,,,,,
2025-04-10 09:35:41,90.85,90.8,1,90.79,1,90.91,1,90.91,90.79,90.79,1,90.75,1,90.74,2,90.72,1,90.71,1,90.7,1,90.67,1,90.6,2,90.56,1,90.5,1,90.91,1,90.99,1,91.12,3,91.13,1,91.19,1,91.2,4,,,,,,,,
2025-04-10 09:35:42,90.85,90.82,2,90.79,1,90.91,1,90.91,90.79,90.79,1,90.75,1,90.74,2,90.72,1,90.71,1,90.7,1,90.67,1,90.6,2,90.56,1,90.5,1,90.91,1,90.99,1,91.12,3,91.13,1,91.19,1,91.2,4,,,,,,,,
2025-04-10 09:35:43,90.905,90.82,2,90.82,2,90.99,1,90.99,90.82,90.82,2,90.79,1,90.75,1,90.74,2,90.72,1,90.71,1,90.7,1,90.67,1,90.6,2,90.56,1,90.99,1,91.12,3,91.13,1,91.19,1,91.2,4,,,,,,,,,,
2025-04-10 09:35:44,90.905,90.82,2,90.82,3,90.99,1,90.99,90.82,90.82,3,90.79,1,90.75,1,90.74,2,90.72,1,90.71,1,90.7,1,90.67,1,90.6,2,90.56,1,90.99,1,91.12,3,91.13,1,91.19,1,91.2,4,,,,,,,,,,
2025-04-10 09:35:45,90.905,90.82,2,90.82,2,90.99,1,90.99,90.82,90.82,2,90.79,1,90.75,1,90.74,2,90.72,1,90.71,1,90.7,1,90.67,1,90.6,2,90.56,1,90.99,1,91.12,3,91.13,1,91.19,1,91.2,4,,,,,,,,,,
2025-04-10 09:35:46,90.91,90.82,2,90.82,3,91.0,2,91.0,90.82,90.82,3,90.79,1,90.75,1,90.74,2,90.72,1,90.71,1,90.7,1,90.67,1,90.6,2,90.56,1,91.0,2,91.12,3,91.13,1,91.19,1,91.2,4,,,,,,,,,,
2025-04-10 09:35:47,90.91,90.98,1,90.82,3,91.0,1,91.0,90.82,90.82,3,90.79,1,90.75,1,90.74,2,90.72,1,90.71,1,90.7,1,90.67,1,90.6,2,90.56,1,91.0,1,91.12,3,91.13,1,91.19,1,91.2,4,,,,,,,,,,
2025-04-10 09:35:48,90.89,90.98,1,90.87,1,90.91,1,90.91,90.87,90.87,1,90.82,4,90.79,1,90.75,1,90.74,2,90.72,1,90.71,1,90.7,1,90.67,1,90.6,2,90.91,1,91.0,1,91.12,3,91.13,1,91.19,1,91.2,4,,,,,,,,
2025-04-10 09:35:49,90.94,90.93,1,90.88,2,91.0,2,91.0,90.88,90.88,2,90.87,1,90.82,4,90.79,1,90.75,1,90.74,2,90.72,1,90.71,1,90.7,1,90.67,1,91.0,2,91.12,3,91.13,1,91.19,1,91.2,4,,,,,,,,,,
2025-04-10 09:35:50,90.895,90.87,1,90.82,2,90.97,1,90.97,90.82,90.82,2,90.79,1,90.75,1,90.74,2,90.72,1,90.71,1,90.7,1,90.67,1,90.6,2,90.56,1,90.97,1,91.0,2,91.12,3,91.13,1,91.19,1,91.2,4,,,,,,,,
2025-04-10 09:35:51,90.93,90.87,1,90.89,2,90.97,1,90.97,90.89,90.89,2,90.82,2,90.79,1,90.75,1,90.74,2,90.72,1,90.71,1,90.7,1,90.67,1,90.6,2,90.97,1,91.0,2,91.12,3,91.13,1,91.19,1,91.2,4,,,,,,,,
2025-04-10 09:35:52,90.93,90.96,2,90.89,1,90.97,1,90.97,90.89,90.89,1,90.82,2,90.79,1,90.75,1,90.74,2,90.72,1,90.71,1,90.7,1,90.67,1,90.6,2,90.97,1,91.0,2,91.12,3,91.13,1,91.19,1,91.2,4,,,,,,,,
2025-04-10 09:35:53,90.93,90.96,2,90.89,1,90.97,1,90.97,90.89,90.89,1,90.82,2,90.79,1,90.75,1,90.74,2,90.72,1,90.71,1,90.7,1,90.67,1,90.6,2,90.97,1,91.0,2,91.12,3,91.13,1,91.19,1,91.2,4,,,,,,,,
2025-04-10 09:35:54,90.93,90.96,2,90.89,1,90.97,1,90.97,90.89,90.89,1,90.82,2,90.79,1,90.75,1,90.74,2,90.72,1,90.71,1,90.7,1,90.67,1,90.6,2,90.97,1,91.0,2,91.12,3,91.13,1,91.19,1,91.2,4,,,,,,,,
2025-04-10 09:35:55,90.965,90.99,2,90.93,1,91.0,1,91.0,90.93,90.93,1,90.89,2,90.82,2,90.79,1,90.75,1,90.74,2,90.72,1,90.71,1,90.7,1,90.67,1,91.0,1,91.02,1,91.05,1,91.12,3,91.13,1,91.19,1,91.2,4,,,,,,
2025-04-10 09:35:56,91.085,91.05,1,90.98,1,91.19,1,91.19,90.98,90.98,1,90.97,1,90.93,1,90.89,2,90.82,2,90.79,1,90.75,1,90.74,2,90.72,1,90.71,1,91.19,1,91.2,4,,,,,,,,,,,,,,,,
2025-04-10 09:35:57,91.085,91.02,1,90.98,1,91.19,1,91.19,90.98,90.98,1,90.93,1,90.89,2,90.82,2,90.79,1,90.75,1,90.74,2,90.72,1,90.71,1,90.7,1,91.19,1,91.2,4,,,,,,,,,,,,,,,,
2025-04-10 09:35:58,91.11,91.02,1,91.03,2,91.19,1,91.19,91.03,91.03,2,90.98,1,90.93,1,90.89,2,90.82,2,90.79,1,90.75,1,90.74,2,90.72,1,90.71,1,91.19,1,91.2,4,,,,,,,,,,,,,,,,
2025-04-10 09:35:59,90.98,91.03,1,90.93,1,91.03,1,91.03,90.93,90.93,1,90.89,2,90.82,2,90.79,1,90.75,1,90.74,2,90.72,1,90.71,1,90.7,1,90.67,1,91.03,1,91.19,1,91.2,4,,,,,,,,,,,,,,
2025-04-10 09:36:00,91.08,91.04,2,90.97,1,91.19,1,91.19,90.97,90.97,1,90.89,2,90.82,2,90.79,1,90.75,1,90.74,2,90.72,1,90.71,1,90.7,1,90.67,1,91.19,1,91.2,4,,,,,,,,,,,,,,,,
2025-04-10 09:36:01,91.04,91.04,1,91.0,1,91.08,1,91.08,91.0,91.0,1,90.97,1,90.89,2,90.82,2,90.79,1,90.75,1,90.74,2,90.72,1,90.71,1,90.7,1,91.08,1,91.19,1,91.2,4,,,,,,,,,,,,,,
2025-04-10 09:36:02,91.04,91.04,1,91.0,1,91.08,1,91.08,91.0,91.0,1,90.97,1,90.89,2,90.82,2,90.79,1,90.75,1,90.74,2,90.72,1,90.71,1,90.7,1,91.08,1,91.19,1,91.2,4,,,,,,,,,,,,,,
2025-04-10 09:36:03,91.04,91.04,1,91.0,1,91.08,1,91.08,91.0,91.0,1,90.97,1,90.89,2,90.82,2,90.79,1,90.75,1,90.74,2,90.72,1,90.71,1,90.7,1,91.08,1,91.19,1,91.2,4,,,,,,,,,,,,,,
2025-04-10 09:36:04,91.15,91.12,3,91.11,1,91.19,1,91.19,91.11,91.11,1,91.03,1,91.0,1,90.97,1,90.89,2,90.82,2,90.79,1,90.75,1,90.74,2,90.72,1,91.19,1,91.2,4,,,,,,,,,,,,,,,,
2025-04-10 09:36:05,91.21,91.24,2,91.15,1,91.27,2,91.27,91.15,91.15,1,91.09,1,91.03,1,91.0,1,90.97,1,90.89,2,90.82,2,90.79,1,90.75,1,90.74,2,91.27,2,91.29,1,91.3,1,,,,,,,,,,,,,,
2025-04-10 09:36:06,91.225,91.24,1,91.15,1,91.3,1,91.3,91.15,91.15,1,91.09,1,91.03,1,91.0,1,90.97,1,90.89,2,90.82,2,90.79,1,90.75,1,90.74,2,91.3,1,,,,,,,,,,,,,,,,,,
2025-04-10 09:36:07,91.245,91.24,1,91.21,1,91.28,1,91.28,91.21,91.21,1,91.15,1,91.1,1,91.09,1,91.03,1,91.0,1,90.97,1,90.89,2,90.82,2,90.79,1,91.28,1,91.3,1,,,,,,,,,,,,,,,,
2025-04-10 09:36:08,91.245,91.24,1,91.21,1,91.28,1,91.28,91.21,91.21,1,91.15,1,91.1,1,91.09,1,91.03,1,91.0,1,90.97,1,90.89,2,90.82,2,90.79,1,91.28,1,91.3,1,,,,,,,,,,,,,,,,
2025-04-10 09:36:09,91.245,91.24,1,91.21,1,91.28,1,91.28,91.21,91.21,1,91.15,1,91.1,1,91.09,1,91.03,1,91.0,1,90.97,1,90.89,2,90.82,2,90.79,1,91.28,1,91.3,1,,,,,,,,,,,,,,,,
2025-04-10 09:36:10,91.185,91.2,1,91.09,1,91.28,1,91.28,91.09,91.09,1,91.03,1,91.0,1,90.97,1,90.89,2,90.82,2,90.79,1,90.75,1,90.74,2,90.72,1,91.28,1,91.3,1,,,,,,,,,,,,,,,,
2025-04-10 09:36:11,91.185,91.2,1,91.09,1,91.28,1,91.28,91.09,91.09,1,91.08,5,91.03,1,91.0,1,90.97,1,90.89,2,90.82,2,90.79,1,90.75,1,90.74,2,91.28,1,91.3,1,,,,,,,,,,,,,,,,
2025-04-10 09:36:12,91.19,91.2,1,91.1,3,91.28,1,91.28,91.1,91.1,3,91.08,5,91.03,1,91.0,1,90.97,1,90.89,2,90.82,2,90.79,1,90.75,1,90.74,2,91.28,1,91.3,1,,,,,,,,,,,,,,,,
2025-04-10 09:36:13,91.055,91.08,5,91.0,1,91.11,1,91.11,91.0,91.0,1,90.99,1,90.97,1,90.89,2,90.82,2,90.79,1,90.75,1,90.74,2,90.72,1,90.71,1,91.11,1,91.23,1,91.25,1,91.26,1,91.28,1,91.3,1,,,,,,,,
2025-04-10 09:36:14,91.19,91.12,1,91.1,2,91.28,1,91.28,91.1,91.1,2,91.04,1,91.0,2,90.99,1,90.97,1,90.89,2,90.82,2,90.79,1,90.75,1,90.74,2,91.28,1,91.3,1,,,,,,,,,,,,,,,,
2025-04-10 09:36:15,91.18,91.12,1,91.1,1,91.26,1,91.26,91.1,91.1,1,91.04,1,91.0,2,90.99,1,90.97,1,90.89,2,90.82,2,90.79,1,90.75,1,90.74,2,91.26,1,91.28,1,91.3,1,,,,,,,,,,,,,,
2025-04-10 09:36:16,91.19,91.12,1,91.1,1,91.28,2,91.28,91.1,91.1,1,91.04,1,91.0,2,90.99,1,90.97,1,90.89,2,90.82,2,90.79,1,90.75,1,90.74,2,91.28,2,91.3,1,,,,,,,,,,,,,,,,
2025-04-10 09:36:17,91.2,91.12,1,91.12,1,91.28,2,91.28,91.12,91.12,1,91.1,1,91.04,1,91.0,2,90.99,1,90.97,1,90.89,2,90.82,2,90.79,1,90.75,1,91.28,2,91.3,1,,,,,,,,,,,,,,,,
2025-04-10 09:36:18,91.19,91.16,1,91.1,1,91.28,2,91.28,91.1,91.1,1,91.04,1,91.0,2,90.99,1,90.97,1,90.89,2,90.82,2,90.79,1,90.75,1,90.74,2,91.28,2,91.3,1,,,,,,,,,,,,,,,,
2025-04-10 09:36:19,91.195,91.16,1,91.11,1,91.28,1,91.28,91.11,91.11,1,90.99,1,90.97,1,90.89,2,90.82,2,90.79,1,90.75,1,90.74,2,90.72,1,90.71,1,91.28,1,91.3,1,,,,,,,,,,,,,,,,
2025-04-10 09:36:20,91.195,91.16,1,91.11,1,91.28,1,91.28,91.11,91.11,1,90.99,1,90.97,1,90.89,2,90.82,2,90.79,1,90.75,1,90.74,2,90.72,1,90.71,1,91.28,1,91.3,1,,,,,,,,,,,,,,,,
2025-04-10 09:36:21,91.21,91.16,1,91.13,1,91.29,1,91.29,91.13,91.13,1,91.11,1,90.99,1,90.97,1,90.89,2,90.82,2,90.79,1,90.75,1,90.74,2,90.72,1,91.29,1,91.3,1,,,,,,,,,,,,,,,,
2025-04-10 09:36:22,91.21,91.17,1,91.13,1,91.29,1,91.29,91.13,91.13,1,91.11,1,90.99,1,90.97,1,90.89,2,90.82,2,90.79,1,90.75,1,90.74,2,90.72,1,91.29,1,91.3,1,,,,,,,,,,,,,,,,
2025-04-10 09:36:23,91.21,91.17,1,91.13,1,91.29,1,91.29,91.13,91.13,1,91.11,1,90.99,1,90.97,1,90.89,2,90.82,2,90.79,1,90.75,1,90.74,2,90.72,1,91.29,1,91.3,1,,,,,,,,,,,,,,,,
2025-04-10 09:36:24,91.21,91.17,1,91.13,1,91.29,1,91.29,91.13,91.13,1,91.11,1,90.99,1,90.97,1,90.89,2,90.82,2,90.79,1,90.75,1,90.74,2,90.72,1,91.29,1,91.3,1,,,,,,,,,,,,,,,,
2025-04-10 09:36:25,91.17,91.13,1,91.05,1,91.29,1,91.29,91.05,91.05,1,90.96,1,90.89,2,90.82,2,90.79,1,90.75,1,90.74,2,90.72,1,90.71,1,90.7,1,91.29,1,91.3,1,,,,,,,,,,,,,,,,
2025-04-10 09:36:26,91.125,91.13,1,91.05,1,91.2,1,91.2,91.05,91.05,1,90.96,1,90.89,2,90.82,2,90.79,1,90.75,1,90.74,2,90.72,1,90.71,1,90.7,1,91.2,1,91.29,1,91.3,1,,,,,,,,,,,,,,
2025-04-10 09:36:27,91.115,91.13,1,91.03,1,91.2,1,91.2,91.03,91.03,1,90.96,1,90.89,2,90.82,2,90.79,1,90.75,1,90.74,2,90.72,1,90.71,1,90.7,1,91.2,1,91.29,1,91.3,1,,,,,,,,,,,,,,
2025-04-10 09:36:28,91.115,91.1,2,91.03,1,91.2,1,91.2,91.03,91.03,1,90.99,1,90.96,1,90.89,2,90.82,2,90.79,1,90.75,1,90.74,2,90.72,1,90.71,1,91.2,1,91.29,1,91.3,1,,,,,,,,,,,,,,
2025-04-10 09:36:29,91.115,91.1,2,91.03,1,91.2,1,91.2,91.03,91.03,1,90.99,1,90.96,1,90.89,2,90.82,2,90.79,1,90.75,1,90.74,2,90.72,1,90.71,1,91.2,1,91.29,1,91.3,1,,,,,,,,,,,,,,
2025-04-10 09:36:30,91.09,91.1,2,91.02,1,91.16,1,91.16,91.02,91.02,1,90.99,1,90.96,1,90.89,2,90.82,2,90.79,1,90.75,1,90.74,2,90.72,1,90.71,1,91.16,1,91.2,1,91.29,1,91.3,1,,,,,,,,,,,,
2025-04-10 09:36:31,91.09,91.1,2,91.02,1,91.16,1,91.16,91.02,91.02,1,90.99,1,90.96,1,90.89,2,90.82,2,90.79,1,90.75,1,90.74,2,90.72,1,90.71,1,91.16,1,91.2,1,91.29,1,91.3,1,,,,,,,,,,,,
2025-04-10 09:36:32,91.15,91.12,1,91.1,1,91.2,1,91.2,91.1,91.1,1,91.04,1,90.96,1,90.89,2,90.82,2,90.79,1,90.75,1,90.74,2,90.72,1,90.71,1,91.2,1,91.29,1,91.3,1,,,,,,,,,,,,,,
2025-04-10 09:36:33,91.155,91.17,1,91.11,1,91.2,4,91.2,91.11,91.11,1,91.04,1,90.96,1,90.89,2,90.82,2,90.79,1,90.75,1,90.74,2,90.72,1,90.71,1,91.2,4,91.21,4,91.29,1,91.3,1,,,,,,,,,,,,
2025-04-10 09:36:34,91.18,91.17,1,91.16,1,91.2,4,91.2,91.16,91.16,1,91.04,1,90.96,1,90.89,2,90.82,2,90.79,1,90.75,1,90.74,2,90.72,1,90.71,1,91.2,4,91.21,4,91.29,1,91.3,1,,,,,,,,,,,,
2025-04-10 09:36:35,91.18,91.17,1,91.16,2,91.2,4,91.2,91.16,91.16,2,91.04,1,90.96,1,90.89,2,90.82,2,90.79,1,90.75,1,90.74,2,90.72,1,90.71,1,91.2,4,91.21,4,91.29,1,91.3,1,,,,,,,,,,,,
2025-04-10 09:36:36,91.21,91.2,1,91.16,3,91.26,3,91.26,91.16,91.16,3,91.04,1,90.96,1,90.89,2,90.82,2,90.79,1,90.75,1,90.74,2,90.72,1,90.71,1,91.26,3,91.29,1,91.3,1,,,,,,,,,,,,,,
2025-04-10 09:36:37,91.21,91.22,1,91.16,3,91.26,3,91.26,91.16,91.16,3,91.04,1,90.96,1,90.89,2,90.82,2,90.79,1,90.75,1,90.74,2,90.72,1,90.71,1,91.26,3,91.29,1,91.3,1,,,,,,,,,,,,,,
2025-04-10 09:36:38,91.21,91.21,2,91.16,2,91.26,3,91.26,91.16,91.16,2,91.04,1,90.96,1,90.89,2,90.82,2,90.79,1,90.75,1,90.74,2,90.72,1,90.71,1,91.26,3,91.29,1,91.3,1,,,,,,,,,,,,,,
2025-04-10 09:36:39,91.21,91.21,1,91.16,2,91.26,4,91.26,91.16,91.16,2,91.04,1,90.96,1,90.89,2,90.82,2,90.79,1,90.75,1,90.74,2,90.72,1,90.71,1,91.26,4,91.29,1,91.3,1,,,,,,,,,,,,,,
2025-04-10 09:36:40,91.23,91.23,1,91.2,1,91.26,4,91.26,91.2,91.2,1,91.16,2,91.04,1,90.96,1,90.89,2,90.82,2,90.79,1,90.75,1,90.74,2,90.72,1,91.26,4,91.29,1,91.3,1,,,,,,,,,,,,,,
2025-04-10 09:36:41,91.245,91.26,1,91.2,2,91.29,5,91.29,91.2,91.2,2,91.16,2,91.04,1,90.96,1,90.89,2,90.82,2,90.79,1,90.75,1,90.74,2,90.72,1,91.29,5,91.3,2,,,,,,,,,,,,,,,,
2025-04-10 09:36:42,91.245,91.29,2,91.2,1,91.29,6,91.29,91.2,91.2,1,91.16,2,91.04,1,90.96,1,90.89,2,90.82,2,90.79,1,90.75,1,90.74,2,90.72,1,91.29,6,91.3,2,,,,,,,,,,,,,,,,
2025-04-10 09:36:43,91.245,91.29,2,91.2,1,91.29,6,91.29,91.2,91.2,1,91.16,2,91.04,1,90.96,1,90.89,2,90.82,2,90.79,1,90.75,1,90.74,2,90.72,1,91.29,6,91.3,2,,,,,,,,,,,,,,,,
2025-04-10 09:36:44,91.27,91.29,1,91.24,1,91.3,1,91.3,91.24,91.24,1,91.22,1,91.2,1,91.16,2,91.04,1,90.96,1,90.89,2,90.82,2,90.79,1,90.75,1,91.3,1,,,,,,,,,,,,,,,,,,
2025-04-10 09:36:45,91.28,91.32,6,91.24,1,91.32,2,91.32,91.24,91.24,1,91.22,1,91.2,1,91.16,2,91.04,1,90.96,1,90.89,2,90.82,2,90.79,1,90.75,1,91.32,2,91.38,1,,,,,,,,,,,,,,,,
2025-04-10 09:36:46,91.26,91.26,1,91.2,1,91.32,2,91.32,91.2,91.2,1,91.16,2,91.04,1,90.96,1,90.89,2,90.82,2,90.79,1,90.75,1,90.74,2,90.72,1,91.32,2,91.38,1,,,,,,,,,,,,,,,,
2025-04-10 09:36:47,91.16,91.26,1,91.1,10,91.22,2,91.22,91.1,91.1,10,91.04,1,90.96,1,90.89,2,90.82,2,90.79,1,90.75,1,90.74,2,90.72,1,90.71,1,91.22,2,91.32,2,91.38,1,,,,,,,,,,,,,,
2025-04-10 09:36:48,91.155,91.17,2,91.1,9,91.21,1,91.21,91.1,91.1,9,91.04,1,90.96,1,90.89,2,90.82,2,90.79,1,90.75,1,90.74,2,90.72,1,90.71,1,91.21,1,91.32,2,91.38,1,,,,,,,,,,,,,,
2025-04-10 09:36:49,91.155,91.17,2,91.1,9,91.21,1,91.21,91.1,91.1,9,91.04,1,90.96,1,90.89,2,90.82,2,90.79,1,90.75,1,90.74,2,90.72,1,90.71,1,91.21,1,91.32,2,91.38,1,,,,,,,,,,,,,,
2025-04-10 09:36:50,91.155,91.17,2,91.1,9,91.21,1,91.21,91.1,91.1,9,91.04,1,90.96,1,90.89,2,90.82,2,90.79,1,90.75,1,90.74,2,90.72,1,90.71,1,91.21,1,91.32,2,91.38,1,,,,,,,,,,,,,,
2025-04-10 09:36:51,91.185,91.13,1,91.1,8,91.27,1,91.27,91.1,91.1,8,91.04,1,90.96,1,90.89,2,90.82,2,90.79,1,90.75,1,90.74,2,90.72,1,90.71,1,91.27,1,91.29,1,91.32,2,91.38,1,,,,,,,,,,,,
2025-04-10 09:36:52,91.195,91.13,1,91.1,9,91.29,1,91.29,91.1,91.1,9,91.04,1,90.96,1,90.89,2,90.82,2,90.79,1,90.75,1,90.74,2,90.72,1,90.71,1,91.29,1,91.31,1,91.32,2,91.38,1,,,,,,,,,,,,
2025-04-10 09:36:53,91.165,91.13,1,91.1,9,91.23,4,91.23,91.1,91.1,9,91.04,1,90.96,1,90.89,2,90.82,2,90.79,1,90.75,1,90.74,2,90.72,1,90.71,1,91.23,4,91.32,2,91.38,1,,,,,,,,,,,,,,
2025-04-10 09:36:54,91.175,91.13,1,91.1,9,91.25,4,91.25,91.1,91.1,9,91.04,1,90.96,1,90.89,2,90.82,2,90.79,1,90.75,1,90.74,2,90.72,1,90.71,1,91.25,4,91.32,2,91.38,1,,,,,,,,,,,,,,
2025-04-10 09:36:55,91.105,91.13,1,91.04,1,91.17,16,91.17,91.04,91.04,1,90.96,1,90.89,2,90.82,2,90.79,1,90.75,1,90.74,2,90.72,1,90.71,1,90.7,1,91.17,16,91.19,1,91.25,4,91.32,2,91.38,1,,,,,,,,,,
2025-04-10 09:36:56,91.105,91.13,1,91.04,1,91.17,16,91.17,91.04,91.04,1,90.96,1,90.89,2,90.82,2,90.79,1,90.75,1,90.74,2,90.72,1,90.71,1,90.7,1,91.17,16,91.19,1,91.25,4,91.32,2,91.38,1,,,,,,,,,,
2025-04-10 09:36:57,91.105,91.16,1,91.04,1,91.17,16,91.17,91.04,91.04,1,90.96,1,90.89,2,90.82,2,90.79,1,90.75,1,90.74,2,90.72,1,90.71,1,90.7,1,91.17,16,91.19,1,91.25,4,91.32,2,91.38,1,,,,,,,,,,
2025-04-10 09:36:58,91.135,91.16,1,91.1,1,91.17,16,91.17,91.1,91.1,1,91.04,1,90.96,1,90.89,2,90.82,2,90.79,1,90.75,1,90.74,2,90.72,1,90.71,1,91.17,16,91.19,1,91.25,4,91.32,2,91.38,1,,,,,,,,,,
2025-04-10 09:36:59,91.13,91.14,1,91.08,1,91.18,1,91.18,91.08,91.08,1,91.0,1,90.99,1,90.96,1,90.89,2,90.82,2,90.79,1,90.75,1,90.74,2,90.72,1,91.18,1,91.22,2,91.25,4,91.32,2,91.38,1,,,,,,,,,,
2025-04-10 09:37:00,91.125,91.14,1,91.07,1,91.18,1,91.18,91.07,91.07,1,91.0,1,90.99,1,90.96,1,90.89,2,90.82,2,90.79,1,90.75,1,90.74,2,90.72,1,91.18,1,91.22,2,91.25,4,91.32,2,91.38,1,,,,,,,,,,
2025-04-10 09:37:01,91.12,91.11,1,91.02,1,91.22,2,91.22,91.02,91.02,1,90.99,1,90.96,1,90.89,2,90.82,2,90.79,1,90.75,1,90.74,2,90.72,1,90.71,1,91.22,2,91.25,4,91.32,2,91.38,1,,,,,,,,,,,,
2025-04-10 09:37:02,91.12,91.11,1,91.02,1,91.22,2,91.22,91.02,91.02,1,90.99,1,90.96,1,90.89,2,90.82,2,90.79,1,90.75,1,90.74,2,90.72,1,90.71,1,91.22,2,91.25,4,91.32,2,91.38,1,,,,,,,,,,,,
2025-04-10 09:37:03,91.12,91.11,1,91.02,1,91.22,2,91.22,91.02,91.02,1,90.99,1,90.96,1,90.89,2,90.82,2,90.79,1,90.75,1,90.74,2,90.72,1,90.71,1,91.22,2,91.25,4,91.32,2,91.38,1,,,,,,,,,,,,
2025-04-10 09:37:04,91.12,91.11,1,91.02,1,91.22,2,91.22,91.02,91.02,1,90.99,1,90.96,1,90.89,2,90.82,2,90.79,1,90.75,1,90.74,2,90.72,1,90.71,1,91.22,2,91.25,4,91.32,2,91.38,1,,,,,,,,,,,,
2025-04-10 09:37:05,91.12,91.1,1,91.02,1,91.22,2,91.22,91.02,91.02,1,90.97,1,90.96,1,90.89,2,90.82,2,90.79,1,90.75,1,90.74,2,90.72,1,90.71,1,91.22,2,91.25,4,91.32,2,91.38,1,,,,,,,,,,,,
2025-04-10 09:37:06,91.07,91.1,1,91.04,1,91.1,1,91.1,91.04,91.04,1,90.97,1,90.96,1,90.89,2,90.82,2,90.79,1,90.75,1,90.74,2,90.72,1,90.71,1,91.1,1,91.22,2,91.25,4,91.32,2,91.38,1,,,,,,,,,,
2025-04-10 09:37:07,91.08,91.08,1,91.04,1,91.12,12,91.12,91.04,91.04,1,90.97,1,90.96,1,90.89,2,90.82,2,90.79,1,90.75,1,90.74,2,90.72,1,90.71,1,91.12,12,91.26,1,91.32,2,91.38,1,,,,,,,,,,,,
2025-04-10 09:37:08,91.08,91.08,1,91.04,1,91.12,12,91.12,91.04,91.04,1,90.97,1,90.96,1,90.89,2,90.82,2,90.79,1,90.75,1,90.74,2,90.72,1,90.71,1,91.12,12,91.26,1,91.32,2,91.38,1,,,,,,,,,,,,
2025-04-10 09:37:09,90.98,91.0,2,90.9,1,91.06,2,91.06,90.9,90.9,1,90.89,2,90.82,2,90.79,1,90.75,1,90.74,2,90.72,1,90.71,1,90.7,1,90.67,1,91.06,2,91.19,1,91.26,1,91.32,2,91.38,1,,,,,,,,,,
2025-04-10 09:37:10,91.015,91.0,2,90.97,1,91.06,2,91.06,90.97,90.97,1,90.95,1,90.9,1,90.89,2,90.82,2,90.79,1,90.75,1,90.74,2,90.72,1,90.71,1,91.06,2,91.19,1,91.26,1,91.32,2,91.38,1,,,,,,,,,,
2025-04-10 09:37:11,91.015,91.0,2,90.97,1,91.06,2,91.06,90.97,90.97,1,90.95,1,90.9,1,90.89,2,90.82,2,90.79,1,90.75,1,90.74,2,90.72,1,90.71,1,91.06,2,91.19,1,91.26,1,91.32,2,91.38,1,,,,,,,,,,
2025-04-10 09:37:12,90.92,90.89,1,90.76,1,91.08,1,91.08,90.76,90.76,1,90.75,1,90.74,2,90.72,1,90.71,1,90.7,1,90.67,1,90.6,2,90.56,1,90.5,1,91.08,1,91.11,1,91.12,1,91.19,1,91.26,1,91.32,2,91.38,1,,,,,,
2025-04-10 09:37:13,90.9,90.91,1,90.85,1,90.95,4,90.95,90.85,90.85,1,90.76,1,90.75,1,90.74,2,90.72,1,90.71,1,90.7,1,90.67,1,90.6,2,90.56,1,90.95,4,91.08,1,91.11,1,91.12,1,91.19,1,91.26,1,91.32,2,91.38,1,,,,
2025-04-10 09:37:14,90.9,90.89,1,90.85,1,90.95,4,90.95,90.85,90.85,1,90.76,1,90.75,1,90.74,2,90.72,1,90.71,1,90.7,1,90.67,1,90.6,2,90.56,1,90.95,4,91.08,1,91.11,1,91.12,1,91.19,1,91.26,1,91.32,2,91.38,1,,,,
2025-04-10 09:37:15,90.99,90.95,1,90.9,1,91.08,1,91.08,90.9,90.9,1,90.85,1,90.76,1,90.75,1,90.74,2,90.72,1,90.71,1,90.7,1,90.67,1,90.6,2,91.08,1,91.11,1,91.12,1,91.19,1,91.26,1,91.32,2,91.38,1,,,,,,
2025-04-10 09:37:16,90.94,90.95,1,90.89,1,90.99,1,90.99,90.89,90.89,1,90.85,1,90.76,1,90.75,1,90.74,2,90.72,1,90.71,1,90.7,1,90.67,1,90.6,2,90.99,1,91.08,1,91.11,1,91.12,1,91.19,1,91.26,1,91.32,2,91.38,1,,,,
2025-04-10 09:37:17,90.92,90.95,1,90.85,1,90.99,1,90.99,90.85,90.85,1,90.76,1,90.75,1,90.74,2,90.72,1,90.71,1,90.7,1,90.67,1,90.6,2,90.56,1,90.99,1,91.08,1,91.11,1,91.12,1,91.19,1,91.26,1,91.32,2,91.38,1,,,,
2025-04-10 09:37:18,90.875,90.95,1,90.76,1,90.99,1,90.99,90.76,90.76,1,90.75,1,90.74,2,90.72,1,90.71,1,90.7,1,90.67,1,90.6,2,90.56,1,90.5,1,90.99,1,91.08,1,91.11,1,91.12,1,91.19,1,91.26,1,91.32,2,91.38,1,,,,
2025-04-10 09:37:19,91.0,90.95,1,90.76,1,91.24,6,91.24,90.76,90.76,1,90.75,1,90.74,2,90.72,1,90.71,1,90.7,1,90.67,1,90.6,2,90.56,1,90.5,1,91.24,6,91.26,1,91.32,2,91.38,1,,,,,,,,,,,,
2025-04-10 09:37:20,90.915,90.95,1,90.82,2,91.01,1,91.01,90.82,90.82,2,90.81,1,90.76,1,90.75,1,90.74,2,90.72,1,90.71,1,90.7,1,90.67,1,90.6,2,91.01,1,91.08,1,91.24,6,91.26,1,91.32,2,91.38,1,,,,,,,,
2025-04-10 09:37:21,90.915,90.95,1,90.82,2,91.01,1,91.01,90.82,90.82,2,90.81,1,90.76,1,90.75,1,90.74,2,90.72,1,90.71,1,90.7,1,90.67,1,90.6,2,91.01,1,91.08,1,91.24,6,91.26,1,91.32,2,91.38,1,,,,,,,,
2025-04-10 09:37:22,90.95,90.95,1,90.91,1,90.99,1,90.99,90.91,90.91,1,90.82,2,90.81,1,90.76,1,90.75,1,90.74,2,90.72,1,90.71,1,90.7,1,90.67,1,90.99,1,91.24,6,91.26,1,91.32,2,91.38,1,,,,,,,,,,
2025-04-10 09:37:23,90.935,90.96,1,90.88,1,90.99,1,90.99,90.88,90.88,1,90.82,2,90.81,1,90.76,1,90.75,1,90.74,2,90.72,1,90.71,1,90.7,1,90.67,1,90.99,1,91.24,6,91.26,1,91.32,2,91.38,1,,,,,,,,,,
2025-04-10 09:37:24,90.935,90.96,1,90.88,1,90.99,1,90.99,90.88,90.88,1,90.82,2,90.81,1,90.76,1,90.75,1,90.74,2,90.72,1,90.71,1,90.7,1,90.67,1,90.99,1,91.24,6,91.26,1,91.32,2,91.38,1,,,,,,,,,,
2025-04-10 09:37:25,91.0,90.96,1,90.92,2,91.08,1,91.08,90.92,90.92,2,90.91,7,90.9,2,90.88,1,90.82,2,90.81,1,90.76,1,90.75,1,90.74,2,90.72,1,91.08,1,91.24,6,91.26,1,91.32,2,91.38,1,,,,,,,,,,
2025-04-10 09:37:26,91.0,90.95,1,90.92,1,91.08,1,91.08,90.92,90.92,1,90.91,7,90.9,2,90.88,1,90.82,2,90.81,1,90.76,1,90.75,1,90.74,2,90.72,1,91.08,1,91.24,6,91.26,1,91.32,2,91.38,1,,,,,,,,,,
2025-04-10 09:37:27,91.0,90.95,1,90.92,1,91.08,1,91.08,90.92,90.92,1,90.91,7,90.9,2,90.88,1,90.82,2,90.81,1,90.76,1,90.75,1,90.74,2,90.72,1,91.08,1,91.24,6,91.26,1,91.32,2,91.38,1,,,,,,,,,,
2025-04-10 09:37:28,90.99,90.94,1,90.95,1,91.03,5,91.03,90.95,90.95,1,90.92,1,90.91,7,90.9,2,90.88,1,90.82,2,90.81,1,90.76,1,90.75,1,90.74,2,91.03,5,91.24,6,91.26,1,91.32,2,91.38,1,,,,,,,,,,
2025-04-10 09:37:29,91.015,91.02,1,90.94,2,91.09,1,91.09,90.94,90.94,2,90.92,1,90.91,7,90.9,2,90.88,1,90.82,2,90.81,1,90.76,1,90.75,1,90.74,2,91.09,1,91.24,6,91.26,1,91.32,2,91.38,1,,,,,,,,,,
2025-04-10 09:37:30,91.01,91.02,1,90.93,4,91.09,1,91.09,90.93,90.93,4,90.92,1,90.91,7,90.9,2,90.88,1,90.82,2,90.81,1,90.76,1,90.75,1,90.74,2,91.09,1,91.24,6,91.26,1,91.32,2,91.38,1,,,,,,,,,,
2025-04-10 09:37:31,91.025,91.01,1,90.96,1,91.09,2,91.09,90.96,90.96,1,90.93,4,90.92,1,90.91,7,90.9,2,90.88,1,90.82,2,90.81,1,90.76,1,90.75,1,91.09,2,91.24,6,91.26,1,91.32,2,91.38,1,,,,,,,,,,
2025-04-10 09:37:32,91.025,91.01,1,90.96,1,91.09,1,91.09,90.96,90.96,1,90.93,4,90.92,1,90.91,7,90.9,2,90.88,1,90.82,2,90.81,1,90.76,1,90.75,1,91.09,1,91.24,6,91.26,1,91.32,2,91.38,1,,,,,,,,,,
2025-04-10 09:37:33,91.03,91.01,1,90.97,1,91.09,1,91.09,90.97,90.97,1,90.95,1,90.93,4,90.92,1,90.91,7,90.9,2,90.88,1,90.82,2,90.81,1,90.76,1,91.09,1,91.24,6,91.26,1,91.32,2,91.38,1,,,,,,,,,,
2025-04-10 09:37:34,91.1,90.96,1,90.96,1,91.24,6,91.24,90.96,90.96,1,90.91,3,90.9,2,90.88,1,90.82,2,90.81,1,90.76,1,90.75,1,90.74,2,90.72,1,91.24,6,91.26,1,91.32,2,91.38,1,,,,,,,,,,,,
2025-04-10 09:37:35,91.16,90.96,1,90.97,1,91.35,7,91.35,90.97,90.97,1,90.91,3,90.9,2,90.88,1,90.82,2,90.81,1,90.76,1,90.75,1,90.74,2,90.72,1,91.35,7,91.38,1,,,,,,,,,,,,,,,,
2025-04-10 09:37:36,91.035,91.04,1,90.97,1,91.1,1,91.1,90.97,90.97,1,90.91,3,90.9,2,90.88,1,90.82,2,90.81,1,90.76,1,90.75,1,90.74,2,90.72,1,91.1,1,91.35,7,91.38,1,,,,,,,,,,,,,,
2025-04-10 09:37:37,91.035,91.04,1,90.97,1,91.1,1,91.1,90.97,90.97,1,90.91,3,90.9,2,90.88,1,90.82,2,90.81,1,90.76,1,90.75,1,90.74,2,90.72,1,91.1,1,91.35,7,91.38,1,,,,,,,,,,,,,,
2025-04-10 09:37:38,91.03,91.04,1,90.96,1,91.1,1,91.1,90.96,90.96,1,90.91,3,90.9,2,90.88,1,90.82,2,90.81,1,90.76,1,90.75,1,90.74,2,90.72,1,91.1,1,91.35,7,91.38,1,,,,,,,,,,,,,,
2025-04-10 09:37:39,91.0,91.04,1,90.94,1,91.06,1,91.06,90.94,90.94,1,90.91,3,90.9,2,90.88,1,90.82,2,90.81,1,90.76,1,90.75,1,90.74,2,90.72,1,91.06,1,91.1,1,91.35,7,91.38,1,,,,,,,,,,,,
2025-04-10 09:37:40,91.0,91.04,1,90.94,1,91.06,1,91.06,90.94,90.94,1,90.91,3,90.9,2,90.88,1,90.82,2,90.81,1,90.76,1,90.75,1,90.74,2,90.72,1,91.06,1,91.1,1,91.35,7,91.38,1,,,,,,,,,,,,
2025-04-10 09:37:41,90.985,91.04,1,90.91,3,91.06,1,91.06,90.91,90.91,3,90.9,2,90.88,1,90.82,2,90.81,1,90.76,1,90.75,1,90.74,2,90.72,1,90.71,1,91.06,1,91.1,1,91.35,7,91.38,1,,,,,,,,,,,,
2025-04-10 09:37:42,90.985,91.04,1,90.91,3,91.06,1,91.06,90.91,90.91,3,90.9,2,90.88,1,90.82,2,90.81,1,90.76,1,90.75,1,90.74,2,90.72,1,90.71,1,91.06,1,91.1,1,91.35,7,91.38,1,,,,,,,,,,,,
2025-04-10 09:37:43,90.98,91.0,2,90.9,2,91.06,1,91.06,90.9,90.9,2,90.88,1,90.82,2,90.81,1,90.76,1,90.75,1,90.74,2,90.72,1,90.71,1,90.7,1,91.06,1,91.1,1,91.35,7,91.38,1,,,,,,,,,,,,
2025-04-10 09:37:44,91.03,91.03,1,91.0,1,91.06,1,91.06,91.0,91.0,1,90.96,1,90.9,2,90.88,1,90.82,2,90.81,1,90.76,1,90.75,1,90.74,2,90.72,1,91.06,1,91.1,1,91.35,7,91.38,1,,,,,,,,,,,,
2025-04-10 09:37:45,90.97,90.98,1,90.9,2,91.04,1,91.04,90.9,90.9,2,90.88,1,90.82,2,90.81,1,90.76,1,90.75,1,90.74,2,90.72,1,90.71,1,90.7,1,91.04,1,91.06,1,91.1,1,91.35,7,91.38,1,,,,,,,,,,
2025-04-10 09:37:46,90.96,90.98,1,90.9,2,91.02,3,91.02,90.9,90.9,2,90.88,1,90.82,2,90.81,1,90.76,1,90.75,1,90.74,2,90.72,1,90.71,1,90.7,1,91.02,3,91.04,1,91.06,1,91.1,1,91.35,7,91.38,1,,,,,,,,
2025-04-10 09:37:47,91.0,91.04,1,90.94,1,91.06,1,91.06,90.94,90.94,1,90.9,2,90.88,1,90.82,2,90.81,1,90.76,1,90.75,1,90.74,2,90.72,1,90.71,1,91.06,1,91.1,1,91.35,7,91.38,1,,,,,,,,,,,,
2025-04-10 09:37:48,91.0,91.02,1,90.95,1,91.05,3,91.05,90.95,90.95,1,90.9,2,90.88,1,90.82,2,90.81,1,90.76,1,90.75,1,90.74,2,90.72,1,90.71,1,91.05,3,91.06,1,91.1,1,91.35,7,91.38,1,,,,,,,,,,
2025-04-10 09:37:49,91.1,91.03,1,90.94,1,91.26,1,91.26,90.94,90.94,1,90.9,2,90.88,1,90.82,2,90.81,1,90.76,1,90.75,1,90.74,2,90.72,1,90.71,1,91.26,1,91.35,7,91.38,1,,,,,,,,,,,,,,
2025-04-10 09:37:50,91.04,91.03,1,91.0,1,91.08,3,91.08,91.0,91.0,1,90.94,1,90.9,2,90.88,1,90.82,2,90.81,1,90.76,1,90.75,1,90.74,2,90.72,1,91.08,3,91.35,7,91.38,1,,,,,,,,,,,,,,
2025-04-10 09:37:51,91.04,91.05,1,91.0,1,91.08,3,91.08,91.0,91.0,1,90.94,1,90.9,2,90.88,1,90.82,2,90.81,1,90.76,1,90.75,1,90.74,2,90.72,1,91.08,3,91.35,7,91.38,1,,,,,,,,,,,,,,
2025-04-10 09:37:52,90.98,91.05,1,90.94,1,91.02,1,91.02,90.94,90.94,1,90.9,2,90.88,1,90.82,2,90.81,1,90.76,1,90.75,1,90.74,2,90.72,1,90.71,1,91.02,1,91.08,4,91.35,7,91.38,1,,,,,,,,,,,,
2025-04-10 09:37:53,90.98,91.05,1,90.94,1,91.02,1,91.02,90.94,90.94,1,90.9,2,90.88,1,90.82,2,90.81,1,90.76,1,90.75,1,90.74,2,90.72,1,90.71,1,91.02,1,91.08,4,91.35,7,91.38,1,,,,,,,,,,,,
2025-04-10 09:37:54,91.02,91.0,1,90.96,1,91.08,1,91.08,90.96,90.96,1,90.95,3,90.94,1,90.9,2,90.88,1,90.82,2,90.81,1,90.76,1,90.75,1,90.74,2,91.08,1,91.35,7,91.38,1,,,,,,,,,,,,,,
2025-04-10 09:37:55,91.025,91.0,1,90.97,1,91.08,1,91.08,90.97,90.97,1,90.96,1,90.95,3,90.94,1,90.9,2,90.88,1,90.82,2,90.81,1,90.76,1,90.75,1,91.08,1,91.35,7,91.38,1,,,,,,,,,,,,,,
2025-04-10 09:37:56,91.025,91.0,1,90.97,1,91.08,1,91.08,90.97,90.97,1,90.96,1,90.95,3,90.94,1,90.9,2,90.88,1,90.82,2,90.81,1,90.76,1,90.75,1,91.08,1,91.35,7,91.38,1,,,,,,,,,,,,,,
2025-04-10 09:37:57,90.99,90.96,2,90.9,2,91.08,1,91.08,90.9,90.9,2,90.88,1,90.82,2,90.81,1,90.76,1,90.75,1,90.74,2,90.72,1,90.71,1,90.7,1,91.08,1,91.35,7,91.38,1,,,,,,,,,,,,,,
2025-04-10 09:37:58,90.985,90.96,2,90.9,2,91.07,1,91.07,90.9,90.9,2,90.88,1,90.82,2,90.81,1,90.76,1,90.75,1,90.74,2,90.72,1,90.71,1,90.7,1,91.07,1,91.08,1,91.35,7,91.38,1,,,,,,,,,,,,
2025-04-10 09:37:59,90.985,90.96,2,90.9,2,91.07,1,91.07,90.9,90.9,2,90.88,1,90.82,2,90.81,1,90.76,1,90.75,1,90.74,2,90.72,1,90.71,1,90.7,1,91.07,1,91.08,1,91.35,7,91.38,1,,,,,,,,,,,,
2025-04-10 09:38:00,90.985,90.96,2,90.9,2,91.07,1,91.07,90.9,90.9,2,90.88,1,90.82,2,90.81,1,90.76,1,90.75,1,90.74,2,90.72,1,90.71,1,90.7,1,91.07,1,91.08,1,91.35,7,91.38,1,,,,,,,,,,,,
2025-04-10 09:38:01,90.985,90.96,2,90.9,2,91.07,1,91.07,90.9,90.9,2,90.88,1,90.82,2,90.81,1,90.76,1,90.75,1,90.74,2,90.72,1,90.71,1,90.7,1,91.07,1,91.08,1,91.35,7,91.38,1,,,,,,,,,,,,
2025-04-10 09:38:02,90.94,90.96,2,90.9,2,90.98,2,90.98,90.9,90.9,2,90.88,1,90.82,2,90.81,1,90.76,1,90.75,1,90.74,2,90.72,1,90.71,1,90.7,1,90.98,2,91.07,1,91.08,1,91.35,7,91.38,1,,,,,,,,,,
2025-04-10 09:38:03,90.94,90.96,2,90.9,2,90.98,2,90.98,90.9,90.9,2,90.88,1,90.82,2,90.81,1,90.76,1,90.75,1,90.74,2,90.72,1,90.71,1,90.7,1,90.98,2,91.07,1,91.08,1,91.35,7,91.38,1,,,,,,,,,,
2025-04-10 09:38:04,90.94,90.96,2,90.91,2,90.97,1,90.97,90.91,90.91,2,90.9,2,90.88,1,90.82,2,90.81,1,90.76,1,90.75,1,90.74,2,90.72,1,90.71,1,90.97,1,90.98,2,91.07,1,91.08,1,91.35,7,91.38,1,,,,,,,,
2025-04-10 09:38:05,90.89,90.9,1,90.81,1,90.97,1,90.97,90.81,90.81,1,90.76,1,90.75,1,90.74,2,90.72,1,90.71,1,90.7,1,90.67,1,90.6,2,90.56,1,90.97,1,90.98,2,91.07,1,91.08,1,91.35,7,91.38,1,,,,,,,,
2025-04-10 09:38:06,90.89,90.89,4,90.83,1,90.95,2,90.95,90.83,90.83,1,90.76,1,90.75,1,90.74,2,90.72,1,90.71,1,90.7,1,90.67,1,90.6,2,90.56,1,90.95,2,90.97,1,90.98,2,91.07,1,91.08,1,91.35,7,91.38,1,,,,,,
2025-04-10 09:38:07,90.895,90.92,1,90.83,1,90.96,1,90.96,90.83,90.83,1,90.76,1,90.75,1,90.74,2,90.72,1,90.71,1,90.7,1,90.67,1,90.6,2,90.56,1,90.96,1,90.97,1,90.98,2,91.07,1,91.08,1,91.35,7,91.38,1,,,,,,
2025-04-10 09:38:08,90.915,90.92,1,90.89,1,90.94,9,90.94,90.89,90.89,1,90.83,1,90.76,1,90.75,1,90.74,2,90.72,1,90.71,1,90.7,1,90.67,1,90.6,2,90.94,9,90.96,1,90.97,1,90.98,2,91.07,1,91.08,1,91.35,7,91.38,1,,,,
2025-04-10 09:38:09,90.885,90.92,1,90.83,1,90.94,9,90.94,90.83,90.83,1,90.76,1,90.75,1,90.74,2,90.72,1,90.71,1,90.7,1,90.67,1,90.6,2,90.56,1,90.94,9,90.96,1,90.97,1,90.98,2,91.07,1,91.08,1,91.35,7,91.38,1,,,,
2025-04-10 09:38:10,91.05,90.97,1,90.91,1,91.19,2,91.19,90.91,90.91,1,90.83,1,90.76,1,90.75,1,90.74,2,90.72,1,90.71,1,90.7,1,90.67,1,90.6,2,91.19,2,91.35,7,91.38,1,,,,,,,,,,,,,,
2025-04-10 09:38:11,90.995,90.97,17,90.94,1,91.05,1,91.05,90.94,90.94,1,90.86,1,90.83,1,90.76,1,90.75,1,90.74,2,90.72,1,90.71,1,90.7,1,90.67,1,91.05,1,91.19,2,91.35,7,91.38,1,,,,,,,,,,,,
2025-04-10 09:38:12,91.04,91.04,1,91.01,1,91.07,4,91.07,91.01,91.01,1,91.0,1,90.94,1,90.86,1,90.83,1,90.76,1,90.75,1,90.74,2,90.72,1,90.71,1,91.07,4,91.19,2,91.35,7,91.38,1,,,,,,,,,,,,
2025-04-10 09:38:13,90.985,91.01,1,90.94,2,91.03,10,91.03,90.94,90.94,2,90.86,1,90.83,1,90.76,1,90.75,1,90.74,2,90.72,1,90.71,1,90.7,1,90.67,1,91.03,10,91.24,6,91.35,7,91.38,1,,,,,,,,,,,,
2025-04-10 09:38:14,90.935,90.94,1,90.9,1,90.97,13,90.97,90.9,90.9,1,90.83,1,90.76,1,90.75,1,90.74,2,90.72,1,90.71,1,90.7,1,90.67,1,90.6,2,90.97,13,91.0,1,91.03,10,91.24,6,91.35,7,91.38,1,,,,,,,,
2025-04-10 09:38:15,90.935,90.94,1,90.9,1,90.97,13,90.97,90.9,90.9,1,90.83,1,90.76,1,90.75,1,90.74,2,90.72,1,90.71,1,90.7,1,90.67,1,90.6,2,90.97,13,91.0,1,91.03,10,91.24,6,91.35,7,91.38,1,,,,,,,,
2025-04-10 09:38:16,90.97,90.94,1,90.9,1,91.04,1,91.04,90.9,90.9,1,90.83,1,90.76,1,90.75,1,90.74,2,90.72,1,90.71,1,90.7,1,90.67,1,90.6,2,91.04,1,91.24,6,91.35,7,91.38,1,,,,,,,,,,,,
2025-04-10 09:38:17,90.955,90.94,1,90.9,1,91.01,1,91.01,90.9,90.9,1,90.83,1,90.76,1,90.75,1,90.74,2,90.72,1,90.71,1,90.7,1,90.67,1,90.6,2,91.01,1,91.24,6,91.35,7,91.38,1,,,,,,,,,,,,
2025-04-10 09:38:18,91.095,90.98,1,90.95,1,91.24,6,91.24,90.95,90.95,1,90.9,1,90.83,1,90.76,1,90.75,1,90.74,2,90.72,1,90.71,1,90.7,1,90.67,1,91.24,6,91.35,7,91.38,1,,,,,,,,,,,,,,
2025-04-10 09:38:19,91.025,91.0,1,90.95,1,91.1,1,91.1,90.95,90.95,1,90.94,3,90.9,1,90.83,1,90.76,1,90.75,1,90.74,2,90.72,1,90.71,1,90.7,1,91.1,1,91.24,6,91.35,7,91.38,1,,,,,,,,,,,,
2025-04-10 09:38:20,90.985,91.0,1,90.94,8,91.03,1,91.03,90.94,90.94,8,90.9,1,90.83,1,90.76,1,90.75,1,90.74,2,90.72,1,90.71,1,90.7,1,90.67,1,91.03,1,91.08,1,91.09,1,91.1,1,91.24,6,91.35,7,91.38,1,,,,,,
2025-04-10 09:38:21,90.98,90.94,1,90.93,1,91.03,1,91.03,90.93,90.93,1,90.92,1,90.83,1,90.76,1,90.75,1,90.74,2,90.72,1,90.71,1,90.7,1,90.67,1,91.03,1,91.08,1,91.09,1,91.1,1,91.24,6,91.35,7,91.38,1,,,,,,
2025-04-10 09:38:22,90.985,90.93,2,90.9,1,91.07,1,91.07,90.9,90.9,1,90.89,1,90.83,1,90.76,1,90.75,1,90.74,2,90.72,1,90.71,1,90.7,1,90.67,1,91.07,1,91.08,1,91.09,1,91.1,1,91.24,6,91.35,7,91.38,1,,,,,,
2025-04-10 09:38:24,90.915,90.92,1,90.89,1,90.94,1,90.94,90.89,90.89,1,90.83,1,90.76,1,90.75,1,90.74,2,90.72,1,90.71,1,90.7,1,90.67,1,90.6,2,90.94,1,90.97,1,91.04,1,91.05,1,91.07,1,91.08,1,91.09,1,91.1,1,91.24,6,91.35,7
2025-04-10 09:38:25,90.97,90.91,1,90.91,2,91.03,1,91.03,90.91,90.91,2,90.88,2,90.83,1,90.76,1,90.75,1,90.74,2,90.72,1,90.71,1,90.7,1,90.67,1,91.03,1,91.07,1,91.08,1,91.09,1,91.1,1,91.24,6,91.35,7,91.38,1,,,,
2025-04-10 09:38:25,90.915,90.91,1,90.88,2,90.95,1,90.95,90.88,90.88,2,90.83,1,90.76,1,90.75,1,90.74,2,90.72,1,90.71,1,90.7,1,90.67,1,90.6,2,90.95,1,91.03,1,91.07,1,91.08,1,91.09,1,91.1,1,91.24,6,91.35,7,91.38,1,,
2025-04-10 09:38:27,90.935,90.91,1,90.88,2,90.99,2,90.99,90.88,90.88,2,90.83,1,90.76,1,90.75,1,90.74,2,90.72,1,90.71,1,90.7,1,90.67,1,90.6,2,90.99,2,91.07,1,91.08,1,91.09,1,91.1,1,91.24,6,91.35,7,91.38,1,,,,
2025-04-10 09:38:28,90.95,90.99,1,90.88,2,91.02,2,91.02,90.88,90.88,2,90.83,1,90.76,1,90.75,1,90.74,2,90.72,1,90.71,1,90.7,1,90.67,1,90.6,2,91.02,2,91.07,1,91.08,1,91.09,1,91.1,1,91.24,6,91.35,7,91.38,1,,,,
2025-04-10 09:38:29,90.97,91.01,1,90.9,1,91.04,2,91.04,90.9,90.9,1,90.88,2,90.83,1,90.76,1,90.75,1,90.74,2,90.72,1,90.71,1,90.7,1,90.67,1,91.04,2,91.07,1,91.08,1,91.09,1,91.1,1,91.24,6,91.35,7,91.38,1,,,,
2025-04-10 09:38:30,90.975,91.01,1,90.88,2,91.07,1,91.07,90.88,90.88,2,90.83,1,90.76,1,90.75,1,90.74,2,90.72,1,90.71,1,90.7,1,90.67,1,90.6,2,91.07,1,91.08,1,91.09,1,91.1,1,91.24,6,91.35,7,91.38,1,,,,,,
2025-04-10 09:38:31,90.985,91.01,1,90.93,1,91.04,16,91.04,90.93,90.93,1,90.88,2,90.83,1,90.76,1,90.75,1,90.74,2,90.72,1,90.71,1,90.7,1,90.67,1,91.04,16,91.07,1,91.08,1,91.09,1,91.1,1,91.24,6,91.35,7,91.38,1,,,,
2025-04-10 09:38:32,91.0,91.01,1,90.96,4,91.04,16,91.04,90.96,90.96,4,90.93,1,90.88,2,90.83,1,90.76,1,90.75,1,90.74,2,90.72,1,90.71,1,90.7,1,91.04,16,91.07,1,91.08,1,91.09,1,91.1,1,91.24,6,91.35,7,91.38,1,,,,
2025-04-10 09:38:33,91.0,91.01,1,90.96,4,91.04,16,91.04,90.96,90.96,4,90.93,1,90.88,2,90.83,1,90.76,1,90.75,1,90.74,2,90.72,1,90.71,1,90.7,1,91.04,16,91.07,1,91.08,1,91.09,1,91.1,1,91.24,6,91.35,7,91.38,1,,,,
2025-04-10 09:38:34,91.0,91.01,1,90.96,4,91.04,16,91.04,90.96,90.96,4,90.93,1,90.88,2,90.83,1,90.76,1,90.75,1,90.74,2,90.72,1,90.71,1,90.7,1,91.04,16,91.07,1,91.08,1,91.09,1,91.1,1,91.24,6,91.35,7,91.38,1,,,,
2025-04-10 09:38:35,91.0,91.02,1,90.96,4,91.04,16,91.04,90.96,90.96,4,90.93,1,90.88,2,90.83,1,90.76,1,90.75,1,90.74,2,90.72,1,90.71,1,90.7,1,91.04,16,91.07,1,91.08,1,91.09,1,91.1,1,91.24,6,91.35,7,91.38,1,,,,
2025-04-10 09:38:36,91.11,91.02,1,90.96,4,91.26,1,91.26,90.96,90.96,4,90.93,1,90.88,2,90.83,1,90.76,1,90.75,1,90.74,2,90.72,1,90.71,1,90.7,1,91.26,1,91.3,1,91.35,7,91.38,1,,,,,,,,,,,,
2025-04-10 09:38:37,91.185,91.1,11,91.07,1,91.3,1,91.3,91.07,91.07,1,91.01,1,90.96,4,90.93,1,90.88,2,90.83,1,90.76,1,90.75,1,90.74,2,90.72,1,91.3,1,91.35,6,91.38,1,,,,,,,,,,,,,,
2025-04-10 09:38:38,91.115,91.13,1,91.07,1,91.16,1,91.16,91.07,91.07,1,91.01,1,90.96,4,90.93,1,90.88,2,90.83,1,90.76,1,90.75,1,90.74,2,90.72,1,91.16,1,91.3,1,91.35,6,91.38,1,,,,,,,,,,,,
2025-04-10 09:38:39,91.12,91.13,1,91.08,1,91.16,1,91.16,91.08,91.08,1,91.07,1,91.01,1,90.96,4,90.93,1,90.88,2,90.83,1,90.76,1,90.75,1,90.74,2,91.16,1,91.3,1,91.35,6,91.38,1,,,,,,,,,,,,
2025-04-10 09:38:40,91.105,91.08,1,91.07,5,91.14,1,91.14,91.07,91.07,5,91.01,1,90.96,4,90.93,1,90.88,2,90.83,1,90.76,1,90.75,1,90.74,2,90.72,1,91.14,1,91.3,1,91.35,6,91.38,1,,,,,,,,,,,,
2025-04-10 09:38:41,91.12,91.12,1,91.07,6,91.17,4,91.17,91.07,91.07,6,91.01,1,90.96,4,90.93,1,90.88,2,90.83,1,90.76,1,90.75,1,90.74,2,90.72,1,91.17,4,91.35,7,91.38,1,,,,,,,,,,,,,,
2025-04-10 09:38:42,91.12,91.12,1,91.07,5,91.17,4,91.17,91.07,91.07,5,91.01,1,90.96,4,90.93,1,90.88,2,90.83,1,90.76,1,90.75,1,90.74,2,90.72,1,91.17,4,91.35,7,91.38,1,,,,,,,,,,,,,,
2025-04-10 09:38:43,91.145,91.12,1,91.12,1,91.17,4,91.17,91.12,91.12,1,91.07,5,91.01,1,90.96,4,90.93,1,90.88,2,90.83,1,90.76,1,90.75,1,90.74,2,91.17,4,91.35,7,91.38,1,,,,,,,,,,,,,,
2025-04-10 09:38:44,91.145,91.14,1,91.12,1,91.17,4,91.17,91.12,91.12,1,91.07,5,91.01,1,90.96,4,90.93,1,90.88,2,90.83,1,90.76,1,90.75,1,90.74,2,91.17,4,91.35,7,91.38,1,,,,,,,,,,,,,,
2025-04-10 09:38:45,91.275,91.17,2,91.17,4,91.38,1,91.38,91.17,91.17,4,91.16,4,91.12,1,91.07,5,91.01,1,90.96,4,90.93,1,90.88,2,90.83,1,90.76,1,91.38,1,,,,,,,,,,,,,,,,,,
2025-04-10 09:38:46,91.2,91.22,1,91.17,5,91.23,3,91.23,91.17,91.17,5,91.16,4,91.12,1,91.07,5,91.01,1,90.96,4,90.93,1,90.88,2,90.83,1,90.76,1,91.23,3,91.38,1,,,,,,,,,,,,,,,,
2025-04-10 09:38:47,91.2,91.22,1,91.17,1,91.23,1,91.23,91.17,91.17,1,91.16,4,91.12,1,91.07,5,91.01,1,90.96,4,90.93,1,90.88,2,90.83,1,90.76,1,91.23,1,91.38,1,,,,,,,,,,,,,,,,
2025-04-10 09:38:48,91.295,91.23,1,91.22,6,91.37,1,91.37,91.22,91.22,6,91.2,1,91.18,1,91.17,1,91.16,4,91.12,1,91.07,5,91.01,1,90.96,4,90.93,1,91.37,1,91.38,1,,,,,,,,,,,,,,,,
2025-04-10 09:38:49,91.25,91.23,1,91.22,4,91.28,11,91.28,91.22,91.22,4,91.2,1,91.18,1,91.17,1,91.16,4,91.12,1,91.07,5,91.01,1,90.96,4,90.93,1,91.28,11,91.37,1,91.38,1,,,,,,,,,,,,,,
2025-04-10 09:38:50,91.255,91.23,1,91.23,3,91.28,11,91.28,91.23,91.23,3,91.17,1,91.16,4,91.12,1,91.07,5,91.01,1,90.96,4,90.93,1,90.88,2,90.83,1,91.28,11,91.37,1,91.38,1,,,,,,,,,,,,,,
2025-04-10 09:38:51,91.18,91.17,1,91.14,1,91.22,1,91.22,91.14,91.14,1,91.05,1,91.01,1,90.96,4,90.93,1,90.88,2,90.83,1,90.76,1,90.75,1,90.74,2,91.22,1,91.37,1,91.38,1,,,,,,,,,,,,,,
2025-04-10 09:38:52,91.135,91.17,1,91.05,1,91.22,1,91.22,91.05,91.05,1,91.01,1,90.96,4,90.93,1,90.88,2,90.83,1,90.76,1,90.75,1,90.74,2,90.72,1,91.22,1,91.37,1,91.38,1,,,,,,,,,,,,,,
2025-04-10 09:38:53,91.135,91.17,1,91.05,1,91.22,1,91.22,91.05,91.05,1,91.01,1,90.96,4,90.93,1,90.88,2,90.83,1,90.76,1,90.75,1,90.74,2,90.72,1,91.22,1,91.37,1,91.38,1,,,,,,,,,,,,,,
2025-04-10 09:38:54,91.13,91.17,1,91.05,1,91.21,1,91.21,91.05,91.05,1,91.01,1,90.96,4,90.93,1,90.88,2,90.83,1,90.76,1,90.75,1,90.74,2,90.72,1,91.21,1,91.22,1,91.37,1,91.38,1,,,,,,,,,,,,
2025-04-10 09:38:55,91.175,91.2,1,91.14,1,91.21,1,91.21,91.14,91.14,1,91.05,1,91.01,1,90.96,4,90.93,1,90.88,2,90.83,1,90.76,1,90.75,1,90.74,2,91.21,1,91.22,1,91.37,1,91.38,1,,,,,,,,,,,,
2025-04-10 09:38:56,91.18,91.18,1,91.14,1,91.22,1,91.22,91.14,91.14,1,91.05,1,91.01,1,90.96,4,90.93,1,90.88,2,90.83,1,90.76,1,90.75,1,90.74,2,91.22,1,91.37,1,91.38,1,,,,,,,,,,,,,,
2025-04-10 09:38:57,91.245,91.24,1,91.14,1,91.35,1,91.35,91.14,91.14,1,91.05,1,91.01,1,90.96,4,90.93,1,90.88,2,90.83,1,90.76,1,90.75,1,90.74,2,91.35,1,91.38,1,,,,,,,,,,,,,,,,
2025-04-10 09:38:58,91.21,91.24,1,91.14,1,91.28,6,91.28,91.14,91.14,1,91.05,1,91.01,1,90.96,4,90.93,1,90.88,2,90.83,1,90.76,1,90.75,1,90.74,2,91.28,6,91.35,1,91.38,1,,,,,,,,,,,,,,
2025-04-10 09:38:59,91.21,91.24,1,91.2,1,91.28,6,91.28,91.2,91.14,1,91.05,1,91.01,1,90.96,4,90.93,1,90.88,2,90.83,1,90.76,1,90.75,1,90.74,2,91.28,6,91.35,1,91.38,1,,,,,,,,,,,,,,
2025-04-10 09:39:00,91.24,91.24,1,91.2,2,91.28,6,91.28,91.2,91.2,2,91.14,1,91.05,1,91.01,1,90.96,4,90.93,1,90.88,2,90.83,1,90.76,1,90.75,1,91.28,6,91.35,1,91.38,1,,,,,,,,,,,,,,
2025-04-10 09:39:01,91.24,91.24,1,91.2,2,91.28,6,91.28,91.2,91.2,2,91.14,1,91.05,1,91.01,1,90.96,4,90.93,1,90.88,2,90.83,1,90.76,1,90.75,1,91.28,6,91.35,1,91.38,1,,,,,,,,,,,,,,
2025-04-10 09:39:02,91.24,91.24,1,91.2,3,91.28,6,91.28,91.2,91.2,3,91.14,1,91.05,1,91.01,1,90.96,4,90.93,1,90.88,2,90.83,1,90.76,1,90.75,1,91.28,6,91.35,1,91.38,1,,,,,,,,,,,,,,
2025-04-10 09:39:03,91.145,91.2,1,91.05,1,91.24,13,91.24,91.05,91.05,1,91.01,1,90.96,4,90.93,1,90.88,2,90.83,1,90.76,1,90.75,1,90.74,2,90.72,1,91.24,13,91.28,6,91.35,1,91.38,1,,,,,,,,,,,,
2025-04-10 09:39:04,91.115,91.2,1,91.05,1,91.18,8,91.18,91.05,91.05,1,91.01,1,90.96,4,90.93,1,90.88,2,90.83,1,90.76,1,90.75,1,90.74,2,90.72,1,91.18,8,91.21,10,91.24,13,91.28,6,91.35,1,91.38,1,,,,,,,,
2025-04-10 09:39:05,91.14,91.2,1,91.1,1,91.18,8,91.18,91.1,91.1,1,91.05,1,91.01,1,90.96,4,90.93,1,90.88,2,90.83,1,90.76,1,90.75,1,90.74,2,91.18,8,91.21,10,91.24,13,91.28,6,91.35,1,91.38,1,,,,,,,,
2025-04-10 09:39:06,91.135,91.14,2,91.1,1,91.17,1,91.17,91.1,91.1,1,91.05,1,91.01,1,90.96,4,90.93,1,90.88,2,90.83,1,90.76,1,90.75,1,90.74,2,91.17,1,91.18,8,91.21,10,91.24,13,91.28,6,91.35,1,91.38,1,,,,,,
2025-04-10 09:39:07,91.135,91.14,2,91.1,1,91.17,1,91.17,91.1,91.1,1,91.05,1,91.01,1,90.96,4,90.93,1,90.88,2,90.83,1,90.76,1,90.75,1,90.74,2,91.17,1,91.18,8,91.21,10,91.24,13,91.28,6,91.35,1,91.38,1,,,,,,
2025-04-10 09:39:08,91.205,91.19,2,91.17,20,91.24,14,91.24,91.17,91.17,20,91.1,1,91.05,1,91.01,1,90.96,4,90.93,1,90.88,2,90.83,1,90.76,1,90.75,1,91.24,14,91.28,6,91.35,1,91.38,1,,,,,,,,,,,,
2025-04-10 09:39:09,91.205,91.19,2,91.17,21,91.24,14,91.24,91.17,91.17,21,91.1,1,91.05,1,91.01,1,90.96,4,90.93,1,90.88,2,90.83,1,90.76,1,90.75,1,91.24,14,91.28,6,91.35,1,91.38,1,,,,,,,,,,,,
2025-04-10 09:39:10,91.25,91.24,5,91.22,1,91.28,6,91.28,91.22,91.22,1,91.2,1,91.17,21,91.1,1,91.05,1,91.01,1,90.96,4,90.93,1,90.88,2,90.83,1,91.28,6,91.35,1,91.38,1,,,,,,,,,,,,,,
2025-04-10 09:39:11,91.225,91.24,5,91.17,21,91.28,7,91.28,91.17,91.17,21,91.1,1,91.05,1,91.01,1,90.96,4,90.93,1,90.88,2,90.83,1,90.76,1,90.75,1,91.28,7,91.35,1,91.38,1,,,,,,,,,,,,,,
2025-04-10 09:39:12,91.245,91.24,5,91.21,1,91.28,7,91.28,91.21,91.21,1,91.18,1,91.17,21,91.1,1,91.05,1,91.01,1,90.96,4,90.93,1,90.88,2,90.83,1,91.28,7,91.35,1,91.38,1,,,,,,,,,,,,,,
2025-04-10 09:39:13,91.24,91.24,5,91.21,3,91.27,1,91.27,91.21,91.21,3,91.18,1,91.17,21,91.1,1,91.05,1,91.01,1,90.96,4,90.93,1,90.88,2,90.83,1,91.27,1,91.28,7,91.35,1,91.38,1,,,,,,,,,,,,
2025-04-10 09:39:14,91.23,91.25,1,91.19,1,91.27,1,91.27,91.19,91.19,1,91.17,21,91.1,1,91.05,1,91.01,1,90.96,4,90.93,1,90.88,2,90.83,1,90.76,1,91.27,1,91.28,7,91.35,1,91.38,1,,,,,,,,,,,,
2025-04-10 09:39:15,91.23,91.22,1,91.19,2,91.27,1,91.27,91.19,91.19,2,91.17,21,91.1,1,91.05,1,91.01,1,90.96,4,90.93,1,90.88,2,90.83,1,90.76,1,91.27,1,91.28,7,91.35,1,91.38,1,,,,,,,,,,,,
2025-04-10 09:39:16,91.22,91.2,1,91.17,21,91.27,1,91.27,91.17,91.17,21,91.1,1,91.05,1,91.01,1,90.96,4,90.93,1,90.88,2,90.83,1,90.76,1,90.75,1,91.27,1,91.28,7,91.35,1,91.38,1,,,,,,,,,,,,
2025-04-10 09:39:17,91.195,91.17,1,91.12,1,91.27,1,91.27,91.12,91.12,1,91.11,1,91.05,1,91.01,1,90.96,4,90.93,1,90.88,2,90.83,1,90.76,1,90.75,1,91.27,1,91.28,7,91.35,1,91.38,1,,,,,,,,,,,,
2025-04-10 09:39:18,91.195,91.17,1,91.12,1,91.27,1,91.27,91.12,91.12,1,91.11,1,91.05,1,91.01,1,90.96,4,90.93,1,90.88,2,90.83,1,90.76,1,90.75,1,91.27,1,91.28,7,91.35,1,91.38,1,,,,,,,,,,,,
2025-04-10 09:39:19,91.185,91.25,2,91.12,1,91.25,13,91.25,91.12,91.12,1,91.11,1,91.05,1,91.01,1,90.96,4,90.93,1,90.88,2,90.83,1,90.76,1,90.75,1,91.25,13,91.27,1,91.28,7,91.35,1,91.38,1,,,,,,,,,,
2025-04-10 09:39:20,91.185,91.25,2,91.12,1,91.25,13,91.25,91.12,91.12,1,91.11,1,91.05,1,91.01,1,90.96,4,90.93,1,90.88,2,90.83,1,90.76,1,90.75,1,91.25,13,91.27,1,91.28,7,91.35,1,91.38,1,,,,,,,,,,
