sim_time,mid_price,last_price,last_size,best_bid_price,best_bid_size,best_ask_price,best_ask_size,close_price_buy,close_price_sell,bid1_price,bid1_size,bid2_price,bid2_size,bid3_price,bid3_size,bid4_price,bid4_size,bid5_price,bid5_size,bid6_price,bid6_size,bid7_price,bid7_size,bid8_price,bid8_size,bid9_price,bid9_size,bid10_price,bid10_size,ask1_price,ask1_size,ask2_price,ask2_size,ask3_price,ask3_size,ask4_price,ask4_size,ask5_price,ask5_size,ask6_price,ask6_size,ask7_price,ask7_size,ask8_price,ask8_size,ask9_price,ask9_size,ask10_price,ask10_size
1969-12-31 19:00:00,8.15,0.0,0,8.13,2,8.17,3,8.17,8.13,8.13,2,8.12,2,8.11,1,8.1,6,8.09,3,8.08,1,8.07,2,8.05,3,,,,,8.17,3,8.18,3,,,,,,,,,,,,,,,,
1969-12-31 19:00:00,8.15,0.0,0,8.13,2,8.17,3,8.17,8.13,8.13,2,8.12,2,8.11,1,8.1,6,8.09,3,8.08,1,8.07,2,8.05,3,,,,,8.17,3,8.18,3,,,,,,,,,,,,,,,,
2024-10-15 09:31:38,8.145,0.0,0,8.12,1,8.17,3,8.17,8.12,8.12,1,8.11,1,8.1,6,8.09,3,8.08,1,8.07,2,8.05,3,,,,,,,8.17,3,8.18,3,,,,,,,,,,,,,,,,
2024-10-15 09:31:38,8.145,0.0,0,8.12,1,8.17,3,8.17,8.12,8.12,1,8.11,1,8.1,6,8.09,3,8.08,1,8.07,2,8.05,3,,,,,,,8.17,3,8.18,3,,,,,,,,,,,,,,,,
2024-10-15 09:31:38,8.145,0.0,0,8.12,2,8.17,3,8.17,8.12,8.12,2,8.11,1,8.1,6,8.09,3,8.08,1,8.07,2,8.05,3,,,,,,,8.17,3,8.18,3,,,,,,,,,,,,,,,,
2024-10-15 09:31:38,8.15,0.0,0,8.13,1,8.17,3,8.17,8.13,8.13,1,8.12,2,8.11,1,8.1,6,8.09,3,8.08,1,8.07,2,8.05,3,,,,,8.17,3,8.18,3,,,,,,,,,,,,,,,,
2024-10-15 09:31:42,8.155,8.17,3,8.14,4,8.17,2,8.17,8.14,8.14,4,8.13,1,8.12,2,8.11,1,8.1,6,8.09,3,8.08,1,8.07,2,8.05,3,,,8.17,2,8.18,2,,,,,,,,,,,,,,,,
2024-10-15 09:31:42,8.155,8.17,3,8.14,4,8.17,2,8.17,8.14,8.14,4,8.13,1,8.12,2,8.11,1,8.1,6,8.09,3,8.08,1,8.07,2,8.05,3,,,8.17,2,8.18,2,,,,,,,,,,,,,,,,
2024-10-15 09:31:42,8.155,8.17,3,8.14,3,8.17,3,8.17,8.14,8.14,3,8.13,1,8.12,2,8.11,1,8.1,6,8.09,3,8.08,1,8.07,2,8.05,3,,,8.17,3,8.18,2,,,,,,,,,,,,,,,,
2024-10-15 09:31:42,8.155,8.17,3,8.14,3,8.17,3,8.17,8.14,8.14,3,8.13,1,8.12,2,8.11,1,8.1,6,8.09,3,8.08,1,8.07,2,8.05,3,,,8.17,3,8.18,2,,,,,,,,,,,,,,,,
2024-10-15 09:31:42,8.155,8.17,3,8.14,3,8.17,3,8.17,8.14,8.14,3,8.13,1,8.12,2,8.11,1,8.1,6,8.09,3,8.08,1,8.07,2,8.05,3,,,8.17,3,8.18,2,,,,,,,,,,,,,,,,
2024-10-15 09:31:42,8.155,8.17,3,8.14,3,8.17,3,8.17,8.14,8.14,3,8.13,1,8.12,2,8.11,1,8.1,6,8.09,3,8.08,1,8.07,2,8.05,3,,,8.17,3,8.18,2,,,,,,,,,,,,,,,,
2024-10-15 09:31:42,8.155,8.17,3,8.14,3,8.17,3,8.17,8.14,8.14,3,8.13,1,8.12,2,8.11,1,8.1,6,8.09,3,8.08,1,8.07,2,8.05,3,,,8.17,3,8.18,2,,,,,,,,,,,,,,,,
2024-10-15 09:31:42,8.155,8.17,3,8.14,4,8.17,3,8.17,8.14,8.14,4,8.13,1,8.12,2,8.11,1,8.1,6,8.09,3,8.08,1,8.07,2,8.05,3,,,8.17,3,8.18,2,,,,,,,,,,,,,,,,
2024-10-15 09:31:42,8.155,8.17,3,8.14,4,8.17,3,8.17,8.14,8.14,4,8.13,1,8.12,2,8.11,1,8.1,6,8.09,3,8.08,1,8.07,2,8.05,3,,,8.17,3,8.18,2,,,,,,,,,,,,,,,,
2024-10-15 09:31:42,8.155,8.17,3,8.14,4,8.17,3,8.17,8.14,8.14,4,8.13,1,8.12,2,8.11,1,8.1,6,8.09,3,8.08,1,8.07,2,8.05,3,,,8.17,3,8.18,2,,,,,,,,,,,,,,,,
2024-10-15 09:31:42,8.155,8.17,3,8.14,4,8.17,3,8.17,8.14,8.14,4,8.13,1,8.12,2,8.11,1,8.1,6,8.09,3,8.08,1,8.07,2,8.05,3,,,8.17,3,8.18,2,,,,,,,,,,,,,,,,
2024-10-15 09:31:52,8.165,8.17,3,8.15,6,8.18,1,8.18,8.15,8.15,6,8.14,4,8.13,1,8.12,2,8.11,1,8.1,6,8.09,3,8.08,1,8.07,2,8.05,3,8.18,1,,,,,,,,,,,,,,,,,,
2024-10-15 09:31:54,8.165,8.17,3,8.15,6,8.18,1,8.18,8.15,8.15,6,8.14,4,8.13,1,8.12,2,8.11,1,8.1,6,8.09,3,8.08,1,8.07,2,8.05,3,8.18,1,,,,,,,,,,,,,,,,,,
2024-10-15 09:31:54,8.165,8.17,3,8.15,6,8.18,1,8.18,8.15,8.15,6,8.14,4,8.13,1,8.12,2,8.11,1,8.1,6,8.09,3,8.08,1,8.07,2,8.05,3,8.18,1,,,,,,,,,,,,,,,,,,
2024-10-15 09:31:54,8.165,8.17,3,8.15,6,8.18,1,8.18,8.15,8.15,6,8.14,4,8.13,1,8.12,2,8.11,1,8.1,6,8.09,3,8.08,1,8.07,2,8.05,3,8.18,1,,,,,,,,,,,,,,,,,,
2024-10-15 09:31:54,8.165,8.17,3,8.15,6,8.18,1,8.18,8.15,8.15,6,8.14,4,8.13,1,8.12,2,8.11,1,8.1,6,8.09,3,8.08,1,8.07,2,8.05,3,8.18,1,,,,,,,,,,,,,,,,,,
2024-10-15 09:31:58,8.165,8.17,3,8.15,6,8.18,1,8.18,8.15,8.15,6,8.14,4,8.13,1,8.12,2,8.11,1,8.1,6,8.09,3,8.08,1,8.07,2,8.05,3,8.18,1,,,,,,,,,,,,,,,,,,
2024-10-15 09:31:58,8.165,8.17,3,8.15,6,8.18,1,8.18,8.15,8.15,6,8.14,4,8.13,1,8.12,2,8.11,1,8.1,6,8.09,3,8.08,1,8.07,2,8.05,3,8.18,1,,,,,,,,,,,,,,,,,,
2024-10-15 09:31:58,8.165,8.17,3,8.15,7,8.18,1,8.18,8.15,8.15,7,8.14,4,8.13,1,8.12,2,8.11,1,8.1,6,8.09,3,8.08,1,8.07,2,8.05,3,8.18,1,,,,,,,,,,,,,,,,,,
2024-10-15 09:31:58,8.165,8.17,3,8.15,7,8.18,1,8.18,8.15,8.15,7,8.14,4,8.13,1,8.12,2,8.11,1,8.1,6,8.09,3,8.08,1,8.07,2,8.05,3,8.18,1,,,,,,,,,,,,,,,,,,
2024-10-15 09:31:58,8.165,8.17,3,8.15,7,8.18,1,8.18,8.15,8.15,7,8.14,4,8.13,1,8.12,2,8.11,1,8.1,6,8.09,3,8.08,1,8.07,2,8.05,3,8.18,1,,,,,,,,,,,,,,,,,,
2024-10-15 09:31:58,8.165,8.17,3,8.15,4,8.18,3,8.18,8.15,8.15,4,8.14,4,8.13,1,8.12,2,8.11,1,8.1,6,8.09,3,8.08,1,8.07,2,8.05,3,8.18,3,,,,,,,,,,,,,,,,,,
2024-10-15 09:31:58,8.165,8.17,3,8.15,4,8.18,3,8.18,8.15,8.15,4,8.14,4,8.13,1,8.12,2,8.11,1,8.1,6,8.09,3,8.08,1,8.07,2,8.05,3,8.18,3,,,,,,,,,,,,,,,,,,
2024-10-15 09:31:58,8.165,8.17,3,8.15,4,8.18,3,8.18,8.15,8.15,4,8.14,4,8.13,1,8.12,2,8.11,1,8.1,6,8.09,3,8.08,1,8.07,2,8.05,3,8.18,3,,,,,,,,,,,,,,,,,,
2024-10-15 09:31:58,8.165,8.17,3,8.15,4,8.18,3,8.18,8.15,8.15,4,8.14,4,8.13,1,8.12,2,8.11,1,8.1,6,8.09,3,8.08,1,8.07,2,8.05,3,8.18,3,,,,,,,,,,,,,,,,,,
2024-10-15 09:31:58,8.165,8.17,3,8.15,4,8.18,3,8.18,8.15,8.15,4,8.14,4,8.13,1,8.12,2,8.11,1,8.1,6,8.09,3,8.08,1,8.07,2,8.05,3,8.18,3,,,,,,,,,,,,,,,,,,
2024-10-15 09:31:58,8.165,8.17,3,8.15,4,8.18,3,8.18,8.15,8.15,4,8.14,4,8.13,1,8.12,2,8.11,1,8.1,6,8.09,3,8.08,1,8.07,2,8.05,3,8.18,3,,,,,,,,,,,,,,,,,,
2024-10-15 09:31:58,8.165,8.17,3,8.15,4,8.18,3,8.18,8.15,8.15,4,8.14,4,8.13,1,8.12,2,8.11,1,8.1,6,8.09,3,8.08,1,8.07,2,8.05,3,8.18,3,,,,,,,,,,,,,,,,,,
2024-10-15 09:31:58,8.165,8.17,3,8.15,4,8.18,3,8.18,8.15,8.15,4,8.14,4,8.13,1,8.12,2,8.11,1,8.1,6,8.09,3,8.08,1,8.07,2,8.05,3,8.18,3,,,,,,,,,,,,,,,,,,
2024-10-15 09:31:58,8.165,8.17,3,8.15,4,8.18,3,8.18,8.15,8.15,4,8.14,4,8.13,1,8.12,2,8.11,1,8.1,6,8.09,3,8.08,1,8.07,2,8.05,3,8.18,3,,,,,,,,,,,,,,,,,,
2024-10-15 09:31:58,8.16,8.17,3,8.14,2,8.18,3,8.18,8.14,8.14,2,8.13,1,8.12,2,8.11,1,8.1,6,8.09,3,8.08,1,8.07,2,8.05,3,,,8.18,3,,,,,,,,,,,,,,,,,,
2024-10-15 09:31:58,8.16,8.17,3,8.14,2,8.18,3,8.18,8.14,8.14,2,8.13,1,8.12,2,8.11,1,8.1,6,8.09,3,8.08,1,8.07,2,8.05,3,,,8.18,3,,,,,,,,,,,,,,,,,,
2024-10-15 09:31:58,8.16,8.17,3,8.14,2,8.18,3,8.18,8.14,8.14,2,8.13,1,8.12,2,8.11,1,8.1,6,8.09,3,8.08,1,8.07,2,8.05,3,,,8.18,3,,,,,,,,,,,,,,,,,,
2024-10-15 09:31:58,8.16,8.17,3,8.14,2,8.18,3,8.18,8.14,8.14,2,8.13,1,8.12,2,8.11,1,8.1,6,8.09,3,8.08,1,8.07,2,8.05,3,,,8.18,3,,,,,,,,,,,,,,,,,,
2024-10-15 09:31:58,8.16,8.17,3,8.14,2,8.18,3,8.18,8.14,8.14,2,8.13,1,8.12,2,8.11,1,8.1,6,8.09,3,8.08,1,8.07,2,8.05,3,,,8.18,3,,,,,,,,,,,,,,,,,,
2024-10-15 09:32:17,8.16,8.17,3,8.14,2,8.18,3,8.18,8.14,8.14,2,8.13,1,8.12,2,8.11,1,8.1,6,8.09,3,8.08,1,8.07,2,8.05,3,,,8.18,3,,,,,,,,,,,,,,,,,,
2024-10-15 09:32:17,8.16,8.17,3,8.14,6,8.18,3,8.18,8.14,8.14,6,8.13,1,8.12,2,8.11,1,8.1,6,8.09,3,8.08,1,8.07,2,8.05,3,,,8.18,3,,,,,,,,,,,,,,,,,,
2024-10-15 09:32:17,8.16,8.17,3,8.14,6,8.18,3,8.18,8.14,8.14,6,8.13,1,8.12,2,8.11,1,8.1,6,8.09,3,8.08,1,8.07,2,8.05,3,,,8.18,3,,,,,,,,,,,,,,,,,,
2024-10-15 09:32:17,8.16,8.17,3,8.14,6,8.18,3,8.18,8.14,8.14,6,8.13,1,8.12,2,8.11,1,8.1,6,8.09,3,8.08,1,8.07,2,8.05,3,,,8.18,3,,,,,,,,,,,,,,,,,,
2024-10-15 09:32:17,8.16,8.17,3,8.14,6,8.18,3,8.18,8.14,8.14,6,8.13,1,8.12,2,8.11,1,8.1,6,8.09,3,8.08,1,8.07,2,8.05,3,,,8.18,3,,,,,,,,,,,,,,,,,,
2024-10-15 09:32:17,8.16,8.17,3,8.14,6,8.18,3,8.18,8.14,8.14,6,8.13,1,8.12,2,8.11,1,8.1,6,8.09,3,8.08,1,8.07,2,8.05,3,,,8.18,3,,,,,,,,,,,,,,,,,,
2024-10-15 09:32:17,8.16,8.17,3,8.14,6,8.18,3,8.18,8.14,8.14,6,8.13,1,8.12,2,8.11,1,8.1,6,8.09,3,8.08,1,8.07,2,8.05,3,,,8.18,3,,,,,,,,,,,,,,,,,,
2024-10-15 09:32:17,8.16,8.17,3,8.14,6,8.18,3,8.18,8.14,8.14,6,8.13,1,8.12,2,8.11,1,8.1,6,8.09,3,8.08,1,8.07,2,8.05,3,,,8.18,3,,,,,,,,,,,,,,,,,,
2024-10-15 09:32:17,8.16,8.17,3,8.14,6,8.18,3,8.18,8.14,8.14,6,8.13,1,8.12,2,8.11,1,8.1,6,8.09,3,8.08,1,8.07,2,8.05,3,,,8.18,3,,,,,,,,,,,,,,,,,,
2024-10-15 09:32:17,8.16,8.17,3,8.14,6,8.18,3,8.18,8.14,8.14,6,8.13,1,8.12,2,8.11,1,8.1,6,8.09,3,8.08,1,8.07,2,8.05,3,,,8.18,3,,,,,,,,,,,,,,,,,,
2024-10-15 09:32:17,8.16,8.17,3,8.14,6,8.18,3,8.18,8.14,8.14,6,8.13,1,8.12,2,8.11,1,8.1,6,8.09,3,8.08,1,8.07,2,8.05,3,,,8.18,3,,,,,,,,,,,,,,,,,,
2024-10-15 09:32:17,8.16,8.17,3,8.14,6,8.18,3,8.18,8.14,8.14,6,8.13,1,8.12,2,8.11,1,8.1,6,8.09,3,8.08,1,8.07,2,8.05,3,,,8.18,3,,,,,,,,,,,,,,,,,,
2024-10-15 09:32:17,8.16,8.17,3,8.14,6,8.18,3,8.18,8.14,8.14,6,8.13,1,8.12,2,8.11,1,8.1,6,8.09,3,8.08,1,8.07,2,8.05,3,,,8.18,3,,,,,,,,,,,,,,,,,,
2024-10-15 09:32:17,8.16,8.17,3,8.14,6,8.18,3,8.18,8.14,8.14,6,8.13,1,8.12,2,8.11,1,8.1,6,8.09,3,8.08,1,8.07,2,8.05,3,,,8.18,3,,,,,,,,,,,,,,,,,,
2024-10-15 09:32:17,8.16,8.17,3,8.14,6,8.18,3,8.18,8.14,8.14,6,8.13,1,8.12,2,8.11,1,8.1,6,8.09,3,8.08,1,8.07,2,8.05,3,,,8.18,3,,,,,,,,,,,,,,,,,,
2024-10-15 09:32:17,8.16,8.17,3,8.14,6,8.18,3,8.18,8.14,8.14,6,8.13,1,8.12,2,8.11,1,8.1,6,8.09,3,8.08,1,8.07,2,8.05,3,,,8.18,3,,,,,,,,,,,,,,,,,,
2024-10-15 09:32:17,8.16,8.17,3,8.14,6,8.18,3,8.18,8.14,8.14,6,8.13,1,8.12,2,8.11,1,8.1,6,8.09,3,8.08,1,8.07,2,8.05,3,,,8.18,3,,,,,,,,,,,,,,,,,,
2024-10-15 09:32:17,8.16,8.17,3,8.14,6,8.18,3,8.18,8.14,8.14,6,8.13,1,8.12,2,8.11,1,8.1,6,8.09,3,8.08,1,8.07,2,8.05,3,,,8.18,3,,,,,,,,,,,,,,,,,,
2024-10-15 09:32:17,8.16,8.17,3,8.14,6,8.18,3,8.18,8.14,8.14,6,8.13,1,8.12,2,8.11,1,8.1,6,8.09,3,8.08,1,8.07,2,8.05,3,,,8.18,3,,,,,,,,,,,,,,,,,,
2024-10-15 09:32:17,8.16,8.17,3,8.14,6,8.18,3,8.18,8.14,8.14,6,8.13,1,8.12,2,8.11,1,8.1,6,8.09,3,8.08,1,8.07,2,8.05,3,,,8.18,3,,,,,,,,,,,,,,,,,,
2024-10-15 09:32:17,8.16,8.17,3,8.14,6,8.18,3,8.18,8.14,8.14,6,8.13,1,8.12,2,8.11,1,8.1,6,8.09,3,8.08,1,8.07,2,8.05,3,,,8.18,3,,,,,,,,,,,,,,,,,,
2024-10-15 09:32:17,8.16,8.17,3,8.14,6,8.18,3,8.18,8.14,8.14,6,8.13,1,8.12,2,8.11,1,8.1,6,8.09,3,8.08,1,8.07,2,8.05,3,,,8.18,3,,,,,,,,,,,,,,,,,,
2024-10-15 09:32:17,8.16,8.17,3,8.14,6,8.18,3,8.18,8.14,8.14,6,8.13,1,8.12,2,8.11,1,8.1,6,8.09,3,8.08,1,8.07,2,8.05,3,,,8.18,3,,,,,,,,,,,,,,,,,,
2024-10-15 09:32:17,8.16,8.17,3,8.14,6,8.18,3,8.18,8.14,8.14,6,8.13,1,8.12,2,8.11,1,8.1,6,8.09,3,8.08,1,8.07,2,8.05,3,,,8.18,3,,,,,,,,,,,,,,,,,,
2024-10-15 09:32:17,8.16,8.17,3,8.14,6,8.18,3,8.18,8.14,8.14,6,8.13,1,8.12,2,8.11,1,8.1,6,8.09,3,8.08,1,8.07,2,8.05,3,,,8.18,3,,,,,,,,,,,,,,,,,,
2024-10-15 09:32:17,8.16,8.17,3,8.14,6,8.18,3,8.18,8.14,8.14,6,8.13,1,8.12,2,8.11,1,8.1,6,8.09,3,8.08,1,8.07,2,8.05,3,,,8.18,3,,,,,,,,,,,,,,,,,,
2024-10-15 09:32:17,8.16,8.17,3,8.14,5,8.18,3,8.18,8.14,8.14,5,8.13,1,8.12,2,8.11,1,8.1,6,8.09,3,8.08,1,8.07,2,8.05,3,,,8.18,3,,,,,,,,,,,,,,,,,,
2024-10-15 09:32:17,8.16,8.17,3,8.14,5,8.18,3,8.18,8.14,8.14,5,8.13,1,8.12,2,8.11,1,8.1,6,8.09,3,8.08,1,8.07,2,8.05,3,,,8.18,3,,,,,,,,,,,,,,,,,,
2024-10-15 09:32:17,8.16,8.17,3,8.14,5,8.18,3,8.18,8.14,8.14,5,8.13,1,8.12,2,8.11,1,8.1,6,8.09,3,8.08,1,8.07,2,8.05,3,,,8.18,3,,,,,,,,,,,,,,,,,,
2024-10-15 09:32:17,8.16,8.17,3,8.14,5,8.18,3,8.18,8.14,8.14,5,8.13,1,8.12,2,8.11,1,8.1,6,8.09,3,8.08,1,8.07,2,8.05,3,,,8.18,3,,,,,,,,,,,,,,,,,,
2024-10-15 09:32:17,8.16,8.17,3,8.14,5,8.18,3,8.18,8.14,8.14,5,8.13,1,8.12,2,8.11,1,8.1,6,8.09,3,8.08,1,8.07,2,8.05,3,,,8.18,3,,,,,,,,,,,,,,,,,,
2024-10-15 09:32:48,8.16,8.17,3,8.14,5,8.18,3,8.18,8.14,8.14,5,8.13,1,8.12,2,8.11,1,8.1,6,8.09,3,8.08,1,8.07,2,8.05,3,,,8.18,3,,,,,,,,,,,,,,,,,,
2024-10-15 09:32:48,8.16,8.17,3,8.14,5,8.18,3,8.18,8.14,8.14,5,8.13,1,8.12,2,8.11,1,8.1,6,8.09,3,8.08,1,8.07,2,8.05,3,,,8.18,3,,,,,,,,,,,,,,,,,,
2024-10-15 09:32:48,8.16,8.17,3,8.14,5,8.18,3,8.18,8.14,8.14,5,8.13,1,8.12,2,8.11,1,8.1,6,8.09,3,8.08,1,8.07,2,8.05,3,,,8.18,3,,,,,,,,,,,,,,,,,,
2024-10-15 09:32:48,8.16,8.17,3,8.14,5,8.18,3,8.18,8.14,8.14,5,8.13,1,8.12,2,8.11,1,8.1,6,8.09,3,8.08,1,8.07,2,8.05,3,,,8.18,3,,,,,,,,,,,,,,,,,,
2024-10-15 09:32:48,8.16,8.17,3,8.14,5,8.18,3,8.18,8.14,8.14,5,8.13,1,8.12,2,8.11,1,8.1,6,8.09,3,8.08,1,8.07,2,8.05,3,,,8.18,3,,,,,,,,,,,,,,,,,,
2024-10-15 09:32:48,8.16,8.17,3,8.14,5,8.18,3,8.18,8.14,8.14,5,8.13,1,8.12,2,8.11,1,8.1,6,8.09,3,8.08,1,8.07,2,8.05,3,,,8.18,3,,,,,,,,,,,,,,,,,,
2024-10-15 09:32:48,8.16,8.17,3,8.14,5,8.18,3,8.18,8.14,8.14,5,8.13,1,8.12,2,8.11,1,8.1,6,8.09,3,8.08,1,8.07,2,8.05,3,,,8.18,3,,,,,,,,,,,,,,,,,,
2024-10-15 09:32:48,8.16,8.17,3,8.14,6,8.18,2,8.18,8.14,8.14,6,8.13,1,8.12,2,8.11,1,8.1,6,8.09,3,8.08,1,8.07,2,8.05,3,,,8.18,2,,,,,,,,,,,,,,,,,,
2024-10-15 09:32:48,8.16,8.17,3,8.14,6,8.18,2,8.18,8.14,8.14,6,8.13,1,8.12,2,8.11,1,8.1,6,8.09,3,8.08,1,8.07,2,8.05,3,,,8.18,2,,,,,,,,,,,,,,,,,,
2024-10-15 09:32:48,8.16,8.17,3,8.14,6,8.18,2,8.18,8.14,8.14,6,8.13,1,8.12,2,8.11,1,8.1,6,8.09,3,8.08,1,8.07,2,8.05,3,,,8.18,2,,,,,,,,,,,,,,,,,,
2024-10-15 09:32:48,8.16,8.17,3,8.14,6,8.18,2,8.18,8.14,8.14,6,8.13,1,8.12,2,8.11,1,8.1,6,8.09,3,8.08,1,8.07,2,8.05,3,,,8.18,2,,,,,,,,,,,,,,,,,,
2024-10-15 09:32:48,8.16,8.17,3,8.14,6,8.18,2,8.18,8.14,8.14,6,8.13,1,8.12,2,8.11,1,8.1,6,8.09,3,8.08,1,8.07,2,8.05,3,,,8.18,2,,,,,,,,,,,,,,,,,,
2024-10-15 09:32:48,8.16,8.17,3,8.14,6,8.18,2,8.18,8.14,8.14,6,8.13,1,8.12,2,8.11,1,8.1,6,8.09,3,8.08,1,8.07,2,8.05,3,,,8.18,2,,,,,,,,,,,,,,,,,,
2024-10-15 09:32:48,8.16,8.17,3,8.14,6,8.18,2,8.18,8.14,8.14,6,8.13,1,8.12,2,8.11,1,8.1,6,8.09,3,8.08,1,8.07,2,8.05,3,,,8.18,2,,,,,,,,,,,,,,,,,,
2024-10-15 09:32:48,8.16,8.17,3,8.14,6,8.18,2,8.18,8.14,8.14,6,8.13,1,8.12,2,8.11,1,8.1,6,8.09,3,8.08,1,8.07,2,8.05,3,,,8.18,2,,,,,,,,,,,,,,,,,,
2024-10-15 09:32:48,8.16,8.17,3,8.14,6,8.18,2,8.18,8.14,8.14,6,8.13,1,8.12,2,8.11,1,8.1,6,8.09,3,8.08,1,8.07,2,8.05,3,,,8.18,2,,,,,,,,,,,,,,,,,,
2024-10-15 09:33:04,8.16,8.17,3,8.14,6,8.18,2,8.18,8.14,8.14,6,8.13,1,8.12,2,8.11,1,8.1,6,8.09,3,8.08,1,8.07,2,8.05,3,,,8.18,2,,,,,,,,,,,,,,,,,,
2024-10-15 09:33:04,8.16,8.17,3,8.14,6,8.18,2,8.18,8.14,8.14,6,8.13,1,8.12,2,8.11,1,8.1,6,8.09,3,8.08,1,8.07,2,8.05,3,,,8.18,2,,,,,,,,,,,,,,,,,,
2024-10-15 09:33:04,8.16,8.17,3,8.14,6,8.18,2,8.18,8.14,8.14,6,8.13,1,8.12,2,8.11,1,8.1,6,8.09,3,8.08,1,8.07,2,8.05,3,,,8.18,2,,,,,,,,,,,,,,,,,,
2024-10-15 09:33:04,8.16,8.17,3,8.14,6,8.18,2,8.18,8.14,8.14,6,8.13,1,8.12,2,8.11,1,8.1,6,8.09,3,8.08,1,8.07,2,8.05,3,,,8.18,2,,,,,,,,,,,,,,,,,,
2024-10-15 09:33:04,8.16,8.17,3,8.14,6,8.18,2,8.18,8.14,8.14,6,8.13,1,8.12,2,8.11,1,8.1,6,8.09,3,8.08,1,8.07,2,8.05,3,,,8.18,2,,,,,,,,,,,,,,,,,,
2024-10-15 09:33:09,8.16,8.14,3,8.14,1,8.18,3,8.18,8.14,8.14,1,8.13,1,8.12,2,8.11,1,8.1,6,8.09,3,8.08,1,8.07,2,8.05,3,,,8.18,3,,,,,,,,,,,,,,,,,,
2024-10-15 09:33:09,8.16,8.14,3,8.14,1,8.18,3,8.18,8.14,8.14,1,8.13,1,8.12,2,8.11,1,8.1,6,8.09,3,8.08,1,8.07,2,8.05,3,,,8.18,3,,,,,,,,,,,,,,,,,,
2024-10-15 09:33:11,8.155,8.14,3,8.13,2,8.18,3,8.18,8.13,8.13,2,8.12,2,8.11,1,8.1,6,8.09,3,8.08,1,8.07,2,8.05,3,,,,,8.18,3,,,,,,,,,,,,,,,,,,
2024-10-15 09:33:11,8.155,8.14,3,8.13,2,8.18,3,8.18,8.13,8.13,2,8.12,2,8.11,1,8.1,6,8.09,3,8.08,1,8.07,2,8.05,3,,,,,8.18,3,,,,,,,,,,,,,,,,,,
2024-10-15 09:33:11,8.155,8.14,3,8.13,2,8.18,3,8.18,8.13,8.13,2,8.12,2,8.11,1,8.1,6,8.09,3,8.08,1,8.07,2,8.05,3,,,,,8.18,3,,,,,,,,,,,,,,,,,,
2024-10-15 09:33:14,8.155,8.14,3,8.13,1,8.18,3,8.18,8.13,8.13,1,8.12,2,8.11,1,8.1,6,8.09,3,8.08,1,8.07,2,8.05,3,,,,,8.18,3,,,,,,,,,,,,,,,,,,
2024-10-15 09:33:14,8.155,8.14,3,8.13,1,8.18,3,8.18,8.13,8.13,1,8.12,2,8.11,1,8.1,6,8.09,3,8.08,1,8.07,2,8.05,3,,,,,8.18,3,,,,,,,,,,,,,,,,,,
2024-10-15 09:33:14,8.155,8.14,3,8.13,1,8.18,3,8.18,8.13,8.13,1,8.12,2,8.11,1,8.1,6,8.09,3,8.08,1,8.07,2,8.05,3,,,,,8.18,3,,,,,,,,,,,,,,,,,,
2024-10-15 09:33:14,8.155,8.14,3,8.13,1,8.18,3,8.18,8.13,8.13,1,8.12,2,8.11,1,8.1,6,8.09,3,8.08,1,8.07,2,8.05,3,,,,,8.18,3,,,,,,,,,,,,,,,,,,
2024-10-15 09:33:14,8.155,8.14,3,8.13,1,8.18,3,8.18,8.13,8.13,1,8.12,2,8.11,1,8.1,6,8.09,3,8.08,1,8.07,2,8.05,3,,,,,8.18,3,,,,,,,,,,,,,,,,,,
2024-10-15 09:33:14,8.155,8.14,3,8.13,1,8.18,3,8.18,8.13,8.13,1,8.12,2,8.11,1,8.1,6,8.09,3,8.08,1,8.07,2,8.05,3,,,,,8.18,3,,,,,,,,,,,,,,,,,,
2024-10-15 09:33:14,8.155,8.14,3,8.13,1,8.18,3,8.18,8.13,8.13,1,8.12,2,8.11,1,8.1,6,8.09,3,8.08,1,8.07,2,8.05,3,,,,,8.18,3,,,,,,,,,,,,,,,,,,
2024-10-15 09:33:14,8.155,8.14,3,8.13,1,8.18,3,8.18,8.13,8.13,1,8.12,2,8.11,1,8.1,6,8.09,3,8.08,1,8.07,2,8.05,3,,,,,8.18,3,,,,,,,,,,,,,,,,,,
2024-10-15 09:33:14,8.155,8.14,3,8.13,1,8.18,3,8.18,8.13,8.13,1,8.12,2,8.11,1,8.1,6,8.09,3,8.08,1,8.07,2,8.05,3,,,,,8.18,3,,,,,,,,,,,,,,,,,,
2024-10-15 09:33:14,8.155,8.14,3,8.13,1,8.18,3,8.18,8.13,8.13,1,8.12,2,8.11,1,8.1,6,8.09,3,8.08,1,8.07,2,8.05,3,,,,,8.18,3,,,,,,,,,,,,,,,,,,
2024-10-15 09:33:14,8.155,8.14,3,8.13,1,8.18,3,8.18,8.13,8.13,1,8.12,2,8.11,1,8.1,6,8.09,3,8.08,1,8.07,2,8.05,3,,,,,8.18,3,,,,,,,,,,,,,,,,,,
2024-10-15 09:33:14,8.155,8.14,3,8.13,1,8.18,3,8.18,8.13,8.13,1,8.12,2,8.11,1,8.1,6,8.09,3,8.08,1,8.07,2,8.05,3,,,,,8.18,3,,,,,,,,,,,,,,,,,,
2024-10-15 09:33:14,8.155,8.14,3,8.13,1,8.18,3,8.18,8.13,8.13,1,8.12,2,8.11,1,8.1,6,8.09,3,8.08,1,8.07,2,8.05,3,,,,,8.18,3,,,,,,,,,,,,,,,,,,
2024-10-15 09:33:27,8.155,8.14,3,8.13,1,8.18,3,8.18,8.13,8.13,1,8.12,2,8.11,1,8.1,6,8.09,3,8.08,1,8.07,2,8.05,3,,,,,8.18,3,,,,,,,,,,,,,,,,,,
2024-10-15 09:33:27,8.155,8.14,3,8.13,1,8.18,3,8.18,8.13,8.13,1,8.12,2,8.11,1,8.1,6,8.09,3,8.08,1,8.07,2,8.05,3,,,,,8.18,3,,,,,,,,,,,,,,,,,,
2024-10-15 09:33:27,8.155,8.14,3,8.13,1,8.18,3,8.18,8.13,8.13,1,8.12,2,8.11,1,8.1,6,8.09,3,8.08,1,8.07,2,8.05,3,,,,,8.18,3,,,,,,,,,,,,,,,,,,
2024-10-15 09:33:27,8.155,8.14,3,8.13,1,8.18,3,8.18,8.13,8.13,1,8.12,2,8.11,1,8.1,6,8.09,3,8.08,1,8.07,2,8.05,3,,,,,8.18,3,,,,,,,,,,,,,,,,,,
2024-10-15 09:33:27,8.14,8.14,3,8.12,2,8.16,3,8.16,8.12,8.12,2,8.11,1,8.1,6,8.09,3,8.08,1,8.07,2,8.05,3,,,,,,,8.16,3,8.17,3,8.18,3,,,,,,,,,,,,,,
2024-10-15 09:33:27,8.14,8.14,3,8.12,2,8.16,3,8.16,8.12,8.12,2,8.11,1,8.1,6,8.09,3,8.08,1,8.07,2,8.05,3,,,,,,,8.16,3,8.17,3,8.18,3,,,,,,,,,,,,,,
2024-10-15 09:33:33,8.14,8.14,3,8.12,2,8.16,3,8.16,8.12,8.12,2,8.11,1,8.1,6,8.09,3,8.08,1,8.07,2,8.05,3,,,,,,,8.16,3,8.17,3,8.18,3,,,,,,,,,,,,,,
2024-10-15 09:33:33,8.14,8.14,3,8.12,2,8.16,3,8.16,8.12,8.12,2,8.11,1,8.1,6,8.09,3,8.08,1,8.07,2,8.05,3,,,,,,,8.16,3,8.17,3,8.18,3,,,,,,,,,,,,,,
2024-10-15 09:33:33,8.14,8.14,3,8.12,2,8.16,3,8.16,8.12,8.12,2,8.11,1,8.1,6,8.09,3,8.08,1,8.07,2,8.05,3,,,,,,,8.16,3,8.17,3,8.18,3,,,,,,,,,,,,,,
2024-10-15 09:33:33,8.14,8.14,3,8.12,2,8.16,3,8.16,8.12,8.12,2,8.11,1,8.1,6,8.09,3,8.08,1,8.07,2,8.05,3,,,,,,,8.16,3,8.17,3,8.18,3,,,,,,,,,,,,,,
2024-10-15 09:33:33,8.14,8.14,3,8.12,2,8.16,3,8.16,8.12,8.12,2,8.11,1,8.1,6,8.09,3,8.08,1,8.07,2,8.05,3,,,,,,,8.16,3,8.17,3,8.18,3,,,,,,,,,,,,,,
2024-10-15 09:33:33,8.14,8.14,3,8.12,2,8.16,3,8.16,8.12,8.12,2,8.11,1,8.1,6,8.09,3,8.08,1,8.07,2,8.05,3,,,,,,,8.16,3,8.17,3,8.18,3,,,,,,,,,,,,,,
2024-10-15 09:33:40,8.14,8.14,3,8.12,2,8.16,3,8.16,8.12,8.12,2,8.11,1,8.1,6,8.09,3,8.08,1,8.07,2,8.05,3,,,,,,,8.16,3,8.17,3,8.18,3,,,,,,,,,,,,,,
2024-10-15 09:33:40,8.14,8.14,3,8.12,2,8.16,3,8.16,8.12,8.12,2,8.11,1,8.1,6,8.09,3,8.08,1,8.07,2,8.05,3,,,,,,,8.16,3,8.17,3,8.18,3,,,,,,,,,,,,,,
2024-10-15 09:33:41,8.14,8.14,3,8.12,2,8.16,3,8.16,8.12,8.12,2,8.11,1,8.1,6,8.09,3,8.08,1,8.07,2,8.05,3,,,,,,,8.16,3,8.17,3,8.18,3,,,,,,,,,,,,,,
2024-10-15 09:33:41,8.14,8.14,3,8.12,2,8.16,3,8.16,8.12,8.12,2,8.11,1,8.1,6,8.09,3,8.08,1,8.07,2,8.05,3,,,,,,,8.16,3,8.17,3,8.18,3,,,,,,,,,,,,,,
2024-10-15 09:33:41,8.14,8.14,3,8.12,2,8.16,3,8.16,8.12,8.12,2,8.11,1,8.1,6,8.09,3,8.08,1,8.07,2,8.05,3,,,,,,,8.16,3,8.17,3,8.18,3,,,,,,,,,,,,,,
2024-10-15 09:33:41,8.14,8.14,3,8.12,2,8.16,3,8.16,8.12,8.12,2,8.11,1,8.1,6,8.09,3,8.08,1,8.07,2,8.05,3,,,,,,,8.16,3,8.17,3,8.18,3,,,,,,,,,,,,,,
2024-10-15 09:33:45,8.14,8.14,3,8.12,2,8.16,3,8.16,8.12,8.12,2,8.11,1,8.1,6,8.09,3,8.08,1,8.07,2,8.05,3,,,,,,,8.16,3,8.17,3,8.18,3,,,,,,,,,,,,,,
2024-10-15 09:33:45,8.14,8.14,3,8.12,2,8.16,3,8.16,8.12,8.12,2,8.11,1,8.1,6,8.09,3,8.08,1,8.07,2,8.05,3,,,,,,,8.16,3,8.17,3,8.18,3,,,,,,,,,,,,,,
2024-10-15 09:33:48,8.14,8.14,3,8.12,2,8.16,3,8.16,8.12,8.12,2,8.11,1,8.1,6,8.09,3,8.08,1,8.07,2,8.05,3,,,,,,,8.16,3,8.17,3,8.18,3,,,,,,,,,,,,,,
2024-10-15 09:33:48,8.14,8.14,3,8.12,2,8.16,3,8.16,8.12,8.12,2,8.11,1,8.1,6,8.09,3,8.08,1,8.07,2,8.05,3,,,,,,,8.16,3,8.17,3,8.18,3,,,,,,,,,,,,,,
2024-10-15 09:33:48,8.14,8.14,3,8.12,2,8.16,3,8.16,8.12,8.12,2,8.11,1,8.1,6,8.09,3,8.08,1,8.07,2,8.05,3,,,,,,,8.16,3,8.17,3,8.18,3,,,,,,,,,,,,,,
2024-10-15 09:33:48,8.14,8.14,3,8.12,2,8.16,3,8.16,8.12,8.12,2,8.11,1,8.1,6,8.09,3,8.08,1,8.07,2,8.05,3,,,,,,,8.16,3,8.17,3,8.18,3,,,,,,,,,,,,,,
2024-10-15 09:33:48,8.14,8.14,3,8.12,2,8.16,3,8.16,8.12,8.12,2,8.11,1,8.1,6,8.09,3,8.08,1,8.07,2,8.05,3,,,,,,,8.16,3,8.17,3,8.18,3,,,,,,,,,,,,,,
2024-10-15 09:33:48,8.14,8.14,3,8.12,2,8.16,3,8.16,8.12,8.12,2,8.11,1,8.1,6,8.09,3,8.08,1,8.07,2,8.05,3,,,,,,,8.16,3,8.17,3,8.18,3,,,,,,,,,,,,,,
2024-10-15 09:33:48,8.14,8.14,3,8.12,2,8.16,3,8.16,8.12,8.12,2,8.11,1,8.1,6,8.09,3,8.08,1,8.07,2,8.05,3,,,,,,,8.16,3,8.17,3,8.18,3,,,,,,,,,,,,,,
2024-10-15 09:33:48,8.14,8.14,3,8.12,2,8.16,3,8.16,8.12,8.12,2,8.11,1,8.1,6,8.09,3,8.08,1,8.07,2,8.05,3,,,,,,,8.16,3,8.17,3,8.18,3,,,,,,,,,,,,,,
2024-10-15 09:33:48,8.14,8.14,3,8.12,2,8.16,3,8.16,8.12,8.12,2,8.11,1,8.1,6,8.09,3,8.08,1,8.07,2,8.05,3,,,,,,,8.16,3,8.17,3,8.18,3,,,,,,,,,,,,,,
2024-10-15 09:33:48,8.14,8.14,3,8.12,2,8.16,3,8.16,8.12,8.12,2,8.11,1,8.1,6,8.09,3,8.08,1,8.07,2,8.05,3,,,,,,,8.16,3,8.17,3,8.18,3,,,,,,,,,,,,,,
2024-10-15 09:33:57,8.14,8.14,3,8.12,2,8.16,3,8.16,8.12,8.12,2,8.11,1,8.1,6,8.09,3,8.08,1,8.07,2,8.05,3,,,,,,,8.16,3,8.17,3,8.18,3,,,,,,,,,,,,,,
2024-10-15 09:33:57,8.14,8.14,3,8.12,2,8.16,3,8.16,8.12,8.12,2,8.11,1,8.1,6,8.09,3,8.08,1,8.07,2,8.05,3,,,,,,,8.16,3,8.17,3,8.18,3,,,,,,,,,,,,,,
2024-10-15 09:33:57,8.14,8.14,3,8.12,2,8.16,3,8.16,8.12,8.12,2,8.11,1,8.1,6,8.09,3,8.08,1,8.07,2,8.05,3,,,,,,,8.16,3,8.17,3,8.18,3,,,,,,,,,,,,,,
2024-10-15 09:33:57,8.14,8.14,3,8.12,2,8.16,3,8.16,8.12,8.12,2,8.11,1,8.1,6,8.09,3,8.08,1,8.07,2,8.05,3,,,,,,,8.16,3,8.17,3,8.18,3,,,,,,,,,,,,,,
2024-10-15 09:33:57,8.14,8.14,3,8.12,2,8.16,3,8.16,8.12,8.12,2,8.11,1,8.1,6,8.09,3,8.08,1,8.07,2,8.05,3,,,,,,,8.16,3,8.17,3,8.18,3,,,,,,,,,,,,,,
2024-10-15 09:34:02,8.14,8.14,3,8.12,2,8.16,3,8.16,8.12,8.12,2,8.11,1,8.1,6,8.09,3,8.08,1,8.07,2,8.05,3,,,,,,,8.16,3,8.17,3,8.18,3,,,,,,,,,,,,,,
2024-10-15 09:34:02,8.14,8.14,3,8.12,2,8.16,3,8.16,8.12,8.12,2,8.11,1,8.1,6,8.09,3,8.08,1,8.07,2,8.05,3,,,,,,,8.16,3,8.17,3,8.18,3,,,,,,,,,,,,,,
2024-10-15 09:34:02,8.14,8.14,3,8.12,2,8.16,3,8.16,8.12,8.12,2,8.11,1,8.1,6,8.09,3,8.08,1,8.07,2,8.05,3,,,,,,,8.16,3,8.17,3,8.18,3,,,,,,,,,,,,,,
2024-10-15 09:34:05,8.14,8.14,3,8.12,2,8.16,3,8.16,8.12,8.12,2,8.11,1,8.1,6,8.09,3,8.08,1,8.07,2,8.05,3,,,,,,,8.16,3,8.17,3,8.18,3,,,,,,,,,,,,,,
2024-10-15 09:34:05,8.14,8.14,3,8.12,2,8.16,3,8.16,8.12,8.12,2,8.11,1,8.1,6,8.09,3,8.08,1,8.07,2,8.05,3,,,,,,,8.16,3,8.17,3,8.18,3,,,,,,,,,,,,,,
2024-10-15 09:34:05,8.14,8.14,3,8.12,2,8.16,3,8.16,8.12,8.12,2,8.11,1,8.1,6,8.09,3,8.08,1,8.07,2,8.05,3,,,,,,,8.16,3,8.17,3,8.18,3,,,,,,,,,,,,,,
2024-10-15 09:34:08,8.14,8.14,3,8.12,2,8.16,3,8.16,8.12,8.12,2,8.11,1,8.1,6,8.09,3,8.08,1,8.07,2,8.05,3,,,,,,,8.16,3,8.17,3,8.18,3,,,,,,,,,,,,,,
2024-10-15 09:34:10,8.14,8.14,3,8.12,2,8.16,3,8.16,8.12,8.12,2,8.11,1,8.1,6,8.09,3,8.08,1,8.07,2,8.05,3,,,,,,,8.16,3,8.17,3,8.18,3,,,,,,,,,,,,,,
2024-10-15 09:34:10,8.14,8.14,3,8.12,2,8.16,2,8.16,8.12,8.12,2,8.11,1,8.1,6,8.09,3,8.08,1,8.07,2,8.05,3,,,,,,,8.16,2,8.17,3,8.18,3,,,,,,,,,,,,,,
2024-10-15 09:34:10,8.14,8.14,3,8.12,2,8.16,2,8.16,8.12,8.12,2,8.11,1,8.1,6,8.09,3,8.08,1,8.07,2,8.05,3,,,,,,,8.16,2,8.17,3,8.18,3,,,,,,,,,,,,,,
2024-10-15 09:34:10,8.14,8.14,3,8.12,2,8.16,2,8.16,8.12,8.12,2,8.11,1,8.1,6,8.09,3,8.08,1,8.07,2,8.05,3,,,,,,,8.16,2,8.17,3,8.18,3,,,,,,,,,,,,,,
2024-10-15 09:34:10,8.14,8.14,3,8.12,2,8.16,2,8.16,8.12,8.12,2,8.11,1,8.1,6,8.09,3,8.08,1,8.07,2,8.05,3,,,,,,,8.16,2,8.17,3,8.18,3,,,,,,,,,,,,,,
2024-10-15 09:34:10,8.14,8.14,3,8.12,2,8.16,2,8.16,8.12,8.12,2,8.11,1,8.1,6,8.09,3,8.08,1,8.07,2,8.05,3,,,,,,,8.16,2,8.17,3,8.18,3,,,,,,,,,,,,,,
2024-10-15 09:34:15,8.14,8.14,3,8.12,2,8.16,2,8.16,8.12,8.12,2,8.11,1,8.1,6,8.09,3,8.08,1,8.07,2,8.05,3,,,,,,,8.16,2,8.17,3,8.18,3,,,,,,,,,,,,,,
2024-10-15 09:34:15,8.14,8.14,3,8.12,2,8.16,2,8.16,8.12,8.12,2,8.11,1,8.1,6,8.09,3,8.08,1,8.07,2,8.05,3,,,,,,,8.16,2,8.17,3,8.18,3,,,,,,,,,,,,,,
2024-10-15 09:34:15,8.14,8.14,3,8.12,2,8.16,2,8.16,8.12,8.12,2,8.11,1,8.1,6,8.09,3,8.08,1,8.07,2,8.05,3,,,,,,,8.16,2,8.17,3,8.18,3,,,,,,,,,,,,,,
2024-10-15 09:34:15,8.14,8.14,3,8.12,2,8.16,2,8.16,8.12,8.12,2,8.11,1,8.1,6,8.09,3,8.08,1,8.07,2,8.05,3,,,,,,,8.16,2,8.17,3,8.18,3,,,,,,,,,,,,,,
2024-10-15 09:34:15,8.14,8.14,3,8.12,2,8.16,2,8.16,8.12,8.12,2,8.11,1,8.1,6,8.09,3,8.08,1,8.07,2,8.05,3,,,,,,,8.16,2,8.17,3,8.18,3,,,,,,,,,,,,,,
2024-10-15 09:34:15,8.14,8.14,3,8.12,2,8.16,2,8.16,8.12,8.12,2,8.11,1,8.1,6,8.09,3,8.08,1,8.07,2,8.05,3,,,,,,,8.16,2,8.17,3,8.18,3,,,,,,,,,,,,,,
2024-10-15 09:34:15,8.14,8.14,3,8.12,2,8.16,2,8.16,8.12,8.12,2,8.11,1,8.1,6,8.09,3,8.08,1,8.07,2,8.05,3,,,,,,,8.16,2,8.17,3,8.18,3,,,,,,,,,,,,,,
2024-10-15 09:34:15,8.14,8.14,3,8.12,2,8.16,2,8.16,8.12,8.12,2,8.11,1,8.1,6,8.09,3,8.08,1,8.07,2,8.05,3,,,,,,,8.16,2,8.17,3,8.18,3,,,,,,,,,,,,,,
2024-10-15 09:34:15,8.14,8.14,3,8.12,2,8.16,2,8.16,8.12,8.12,2,8.11,1,8.1,6,8.09,3,8.08,1,8.07,2,8.05,3,,,,,,,8.16,2,8.17,3,8.18,3,,,,,,,,,,,,,,
2024-10-15 09:34:24,8.145,8.14,3,8.13,2,8.16,2,8.16,8.13,8.13,2,8.12,2,8.11,1,8.1,6,8.09,3,8.08,1,8.07,2,8.05,3,,,,,8.16,2,8.17,3,8.18,3,,,,,,,,,,,,,,
2024-10-15 09:34:24,8.145,8.14,3,8.13,2,8.16,2,8.16,8.13,8.13,2,8.12,2,8.11,1,8.1,6,8.09,3,8.08,1,8.07,2,8.05,3,,,,,8.16,2,8.17,3,8.18,3,,,,,,,,,,,,,,
2024-10-15 09:34:24,8.145,8.14,3,8.13,2,8.16,2,8.16,8.13,8.13,2,8.12,2,8.11,1,8.1,6,8.09,3,8.08,1,8.07,2,8.05,3,,,,,8.16,2,8.17,3,8.18,3,,,,,,,,,,,,,,
2024-10-15 09:34:24,8.14,8.14,3,8.12,2,8.16,2,8.16,8.12,8.12,2,8.11,1,8.1,6,8.09,3,8.08,1,8.07,2,8.05,3,,,,,,,8.16,2,8.17,3,8.18,3,,,,,,,,,,,,,,
2024-10-15 09:34:24,8.14,8.14,3,8.12,2,8.16,2,8.16,8.12,8.12,2,8.11,1,8.1,6,8.09,3,8.08,1,8.07,2,8.05,3,,,,,,,8.16,2,8.17,3,8.18,3,,,,,,,,,,,,,,
2024-10-15 09:34:24,8.14,8.14,3,8.12,2,8.16,2,8.16,8.12,8.12,2,8.11,1,8.1,6,8.09,3,8.08,1,8.07,2,8.05,3,,,,,,,8.16,2,8.17,3,8.18,3,,,,,,,,,,,,,,
2024-10-15 09:34:24,8.14,8.14,3,8.12,2,8.16,2,8.16,8.12,8.12,2,8.11,1,8.1,6,8.09,3,8.08,1,8.07,2,8.05,3,,,,,,,8.16,2,8.17,3,8.18,3,,,,,,,,,,,,,,
2024-10-15 09:34:24,8.145,8.14,3,8.13,2,8.16,2,8.16,8.13,8.13,2,8.12,2,8.11,1,8.1,6,8.09,3,8.08,1,8.07,2,8.05,3,,,,,8.16,2,8.17,3,8.18,3,,,,,,,,,,,,,,
2024-10-15 09:34:24,8.145,8.14,3,8.13,2,8.16,2,8.16,8.13,8.13,2,8.12,2,8.11,1,8.1,6,8.09,3,8.08,1,8.07,2,8.05,3,,,,,8.16,2,8.17,3,8.18,3,,,,,,,,,,,,,,
2024-10-15 09:34:24,8.145,8.14,3,8.13,2,8.16,2,8.16,8.13,8.13,2,8.12,2,8.11,1,8.1,6,8.09,3,8.08,1,8.07,2,8.05,3,,,,,8.16,2,8.17,3,8.18,3,,,,,,,,,,,,,,
2024-10-15 09:34:24,8.145,8.14,3,8.13,2,8.16,2,8.16,8.13,8.13,2,8.12,2,8.11,1,8.1,6,8.09,3,8.08,1,8.07,2,8.05,3,,,,,8.16,2,8.17,3,8.18,3,,,,,,,,,,,,,,
2024-10-15 09:34:24,8.145,8.14,3,8.13,2,8.16,2,8.16,8.13,8.13,2,8.12,2,8.11,1,8.1,6,8.09,3,8.08,1,8.07,2,8.05,3,,,,,8.16,2,8.17,3,8.18,3,,,,,,,,,,,,,,
2024-10-15 09:34:24,8.145,8.14,3,8.13,2,8.16,2,8.16,8.13,8.13,2,8.12,2,8.11,1,8.1,6,8.09,3,8.08,1,8.07,2,8.05,3,,,,,8.16,2,8.17,3,8.18,3,,,,,,,,,,,,,,
2024-10-15 09:34:24,8.14,8.14,3,8.12,2,8.16,2,8.16,8.12,8.12,2,8.11,1,8.1,6,8.09,3,8.08,1,8.07,2,8.05,3,,,,,,,8.16,2,8.17,3,8.18,3,,,,,,,,,,,,,,
2024-10-15 09:34:24,8.14,8.14,3,8.12,2,8.16,2,8.16,8.12,8.12,2,8.11,1,8.1,6,8.09,3,8.08,1,8.07,2,8.05,3,,,,,,,8.16,2,8.17,3,8.18,3,,,,,,,,,,,,,,
2024-10-15 09:34:24,8.14,8.14,3,8.12,2,8.16,2,8.16,8.12,8.12,2,8.11,1,8.1,6,8.09,3,8.08,1,8.07,2,8.05,3,,,,,,,8.16,2,8.17,3,8.18,3,,,,,,,,,,,,,,
2024-10-15 09:34:24,8.14,8.14,3,8.12,2,8.16,2,8.16,8.12,8.12,2,8.11,1,8.1,6,8.09,3,8.08,1,8.07,2,8.05,3,,,,,,,8.16,2,8.17,3,8.18,3,,,,,,,,,,,,,,
2024-10-15 09:34:42,8.14,8.14,3,8.12,2,8.16,2,8.16,8.12,8.12,2,8.11,1,8.1,6,8.09,3,8.08,1,8.07,2,8.05,3,,,,,,,8.16,2,8.17,3,8.18,3,,,,,,,,,,,,,,
2024-10-15 09:34:42,8.14,8.14,3,8.12,2,8.16,2,8.16,8.12,8.12,2,8.11,1,8.1,6,8.09,3,8.08,1,8.07,2,8.05,3,,,,,,,8.16,2,8.17,3,8.18,3,,,,,,,,,,,,,,
2024-10-15 09:34:42,8.14,8.14,3,8.12,2,8.16,2,8.16,8.12,8.12,2,8.11,1,8.1,6,8.09,3,8.08,1,8.07,2,8.05,3,,,,,,,8.16,2,8.17,3,8.18,3,,,,,,,,,,,,,,
2024-10-15 09:34:42,8.14,8.14,3,8.12,2,8.16,2,8.16,8.12,8.12,2,8.11,1,8.1,6,8.09,3,8.08,1,8.07,2,8.05,3,,,,,,,8.16,2,8.17,3,8.18,3,,,,,,,,,,,,,,
2024-10-15 09:34:45,8.14,8.14,3,8.12,2,8.16,2,8.16,8.12,8.12,2,8.11,1,8.1,6,8.09,3,8.08,1,8.07,2,8.05,3,,,,,,,8.16,2,8.17,3,8.18,3,,,,,,,,,,,,,,
2024-10-15 09:34:45,8.14,8.14,3,8.12,2,8.16,2,8.16,8.12,8.12,2,8.11,1,8.1,6,8.09,3,8.08,1,8.07,2,8.05,3,,,,,,,8.16,2,8.17,3,8.18,3,,,,,,,,,,,,,,
2024-10-15 09:34:45,8.14,8.14,3,8.12,2,8.16,2,8.16,8.12,8.12,2,8.11,1,8.1,6,8.09,3,8.08,1,8.07,2,8.05,3,,,,,,,8.16,2,8.17,3,8.18,3,,,,,,,,,,,,,,
2024-10-15 09:34:48,8.14,8.14,3,8.12,2,8.16,2,8.16,8.12,8.12,2,8.11,1,8.1,6,8.09,3,8.08,1,8.07,2,8.05,3,,,,,,,8.16,2,8.17,3,8.18,3,,,,,,,,,,,,,,
2024-10-15 09:34:50,8.14,8.14,3,8.12,2,8.16,2,8.16,8.12,8.12,2,8.11,1,8.1,6,8.09,3,8.08,1,8.07,2,8.05,3,,,,,,,8.16,2,8.17,3,8.18,3,,,,,,,,,,,,,,
2024-10-15 09:34:50,8.14,8.14,3,8.12,2,8.16,2,8.16,8.12,8.12,2,8.11,1,8.1,6,8.09,3,8.08,1,8.07,2,8.05,3,,,,,,,8.16,2,8.17,3,8.18,3,,,,,,,,,,,,,,
2024-10-15 09:34:50,8.14,8.14,3,8.12,2,8.16,2,8.16,8.12,8.12,2,8.11,1,8.1,6,8.09,3,8.08,1,8.07,2,8.05,3,,,,,,,8.16,2,8.17,3,8.18,3,,,,,,,,,,,,,,
2024-10-15 09:34:52,8.14,8.14,3,8.12,2,8.16,2,8.16,8.12,8.12,2,8.11,1,8.1,6,8.09,3,8.08,1,8.07,2,8.05,3,,,,,,,8.16,2,8.17,3,8.18,3,,,,,,,,,,,,,,
2024-10-15 09:34:52,8.14,8.14,3,8.12,2,8.16,2,8.16,8.12,8.12,2,8.11,1,8.1,6,8.09,3,8.08,1,8.07,2,8.05,3,,,,,,,8.16,2,8.17,3,8.18,3,,,,,,,,,,,,,,
2024-10-15 09:34:52,8.14,8.14,3,8.12,2,8.16,2,8.16,8.12,8.12,2,8.11,1,8.1,6,8.09,3,8.08,1,8.07,2,8.05,3,,,,,,,8.16,2,8.17,3,8.18,3,,,,,,,,,,,,,,
2024-10-15 09:34:52,8.14,8.14,3,8.12,2,8.16,2,8.16,8.12,8.12,2,8.11,1,8.1,6,8.09,3,8.08,1,8.07,2,8.05,3,,,,,,,8.16,2,8.17,3,8.18,3,,,,,,,,,,,,,,
2024-10-15 09:34:52,8.14,8.14,3,8.12,2,8.16,2,8.16,8.12,8.12,2,8.11,1,8.1,6,8.09,3,8.08,1,8.07,2,8.05,3,,,,,,,8.16,2,8.17,3,8.18,3,,,,,,,,,,,,,,
2024-10-15 09:34:52,8.14,8.14,3,8.12,2,8.16,2,8.16,8.12,8.12,2,8.11,1,8.1,6,8.09,3,8.08,1,8.07,2,8.05,3,,,,,,,8.16,2,8.17,3,8.18,3,,,,,,,,,,,,,,
2024-10-15 09:34:58,8.14,8.14,3,8.12,2,8.16,2,8.16,8.12,8.12,2,8.11,1,8.1,6,8.09,3,8.08,1,8.07,2,8.05,3,,,,,,,8.16,2,8.17,3,8.18,3,,,,,,,,,,,,,,
2024-10-15 09:34:58,8.14,8.14,3,8.12,2,8.16,2,8.16,8.12,8.12,2,8.11,1,8.1,6,8.09,3,8.08,1,8.07,2,8.05,3,,,,,,,8.16,2,8.17,3,8.18,3,,,,,,,,,,,,,,
2024-10-15 09:34:58,8.14,8.14,3,8.12,1,8.16,2,8.16,8.12,8.12,1,8.11,2,8.1,6,8.09,3,8.08,1,8.07,2,8.05,3,,,,,,,8.16,2,8.17,3,8.18,3,,,,,,,,,,,,,,
2024-10-15 09:34:58,8.14,8.14,3,8.12,1,8.16,2,8.16,8.12,8.12,1,8.11,2,8.1,6,8.09,3,8.08,1,8.07,2,8.05,3,,,,,,,8.16,2,8.17,3,8.18,3,,,,,,,,,,,,,,
2024-10-15 09:35:02,8.135,8.14,3,8.12,1,8.15,5,8.15,8.12,8.12,1,8.11,2,8.1,6,8.09,3,8.08,1,8.07,2,8.05,3,,,,,,,8.15,5,8.16,2,8.17,3,8.18,3,,,,,,,,,,,,
2024-10-15 09:35:02,8.135,8.14,3,8.12,1,8.15,5,8.15,8.12,8.12,1,8.11,2,8.1,6,8.09,3,8.08,1,8.07,2,8.05,3,,,,,,,8.15,5,8.16,2,8.17,3,8.18,3,,,,,,,,,,,,
2024-10-15 09:35:05,8.135,8.14,3,8.12,1,8.15,5,8.15,8.12,8.12,1,8.11,2,8.1,6,8.09,3,8.08,1,8.07,2,8.05,3,,,,,,,8.15,5,8.16,2,8.17,3,8.18,3,,,,,,,,,,,,
2024-10-15 09:35:06,8.135,8.14,3,8.12,1,8.15,4,8.15,8.12,8.12,1,8.11,2,8.1,6,8.09,3,8.08,1,8.07,2,8.05,3,,,,,,,8.15,4,8.16,2,8.17,3,8.18,3,,,,,,,,,,,,
2024-10-15 09:35:06,8.135,8.14,3,8.12,1,8.15,4,8.15,8.12,8.12,1,8.11,2,8.1,6,8.09,3,8.08,1,8.07,2,8.05,3,,,,,,,8.15,4,8.16,2,8.17,3,8.18,3,,,,,,,,,,,,
2024-10-15 09:35:07,8.135,8.14,3,8.12,1,8.15,4,8.15,8.12,8.12,1,8.11,2,8.1,6,8.09,3,8.08,1,8.07,2,8.05,3,,,,,,,8.15,4,8.16,2,8.17,3,8.18,3,,,,,,,,,,,,
2024-10-15 09:35:07,8.135,8.14,3,8.12,1,8.15,4,8.15,8.12,8.12,1,8.11,2,8.1,6,8.09,3,8.08,1,8.07,2,8.05,3,,,,,,,8.15,4,8.16,2,8.17,3,8.18,3,,,,,,,,,,,,
2024-10-15 09:35:09,8.135,8.14,3,8.12,1,8.15,4,8.15,8.12,8.12,1,8.11,2,8.1,6,8.09,3,8.08,1,8.07,2,8.05,3,,,,,,,8.15,4,8.16,2,8.17,3,8.18,3,,,,,,,,,,,,
2024-10-15 09:35:09,8.135,8.14,3,8.12,1,8.15,4,8.15,8.12,8.12,1,8.11,2,8.1,6,8.09,3,8.08,1,8.07,2,8.05,3,,,,,,,8.15,4,8.16,2,8.17,3,8.18,3,,,,,,,,,,,,
2024-10-15 09:35:09,8.135,8.14,3,8.12,1,8.15,4,8.15,8.12,8.12,1,8.11,2,8.1,6,8.09,3,8.08,1,8.07,2,8.05,3,,,,,,,8.15,4,8.16,2,8.17,3,8.18,3,,,,,,,,,,,,
2024-10-15 09:35:09,8.135,8.14,3,8.12,1,8.15,4,8.15,8.12,8.12,1,8.11,2,8.1,6,8.09,3,8.08,1,8.07,2,8.05,3,,,,,,,8.15,4,8.16,2,8.17,3,8.18,3,,,,,,,,,,,,
2024-10-15 09:35:09,8.135,8.14,3,8.12,1,8.15,4,8.15,8.12,8.12,1,8.11,2,8.1,6,8.09,3,8.08,1,8.07,2,8.05,3,,,,,,,8.15,4,8.16,2,8.17,3,8.18,3,,,,,,,,,,,,
2024-10-15 09:35:09,8.135,8.14,3,8.12,1,8.15,4,8.15,8.12,8.12,1,8.11,2,8.1,6,8.09,3,8.08,1,8.07,2,8.05,3,,,,,,,8.15,4,8.16,2,8.17,3,8.18,3,,,,,,,,,,,,
2024-10-15 09:35:09,8.135,8.14,3,8.12,1,8.15,4,8.15,8.12,8.12,1,8.11,2,8.1,6,8.09,3,8.08,1,8.07,2,8.05,3,,,,,,,8.15,4,8.16,2,8.17,3,8.18,3,,,,,,,,,,,,
2024-10-15 09:35:09,8.135,8.14,3,8.12,1,8.15,4,8.15,8.12,8.12,1,8.11,2,8.1,6,8.09,3,8.08,1,8.07,2,8.05,3,,,,,,,8.15,4,8.16,2,8.17,3,8.18,3,,,,,,,,,,,,
2024-10-15 09:35:09,8.135,8.14,3,8.12,1,8.15,4,8.15,8.12,8.12,1,8.11,2,8.1,6,8.09,3,8.08,1,8.07,2,8.05,3,,,,,,,8.15,4,8.16,2,8.17,3,8.18,3,,,,,,,,,,,,
2024-10-15 09:35:09,8.135,8.14,3,8.12,1,8.15,4,8.15,8.12,8.12,1,8.11,2,8.1,6,8.09,3,8.08,1,8.07,2,8.05,3,,,,,,,8.15,4,8.16,2,8.17,3,8.18,3,,,,,,,,,,,,
2024-10-15 09:35:09,8.135,8.14,3,8.12,1,8.15,4,8.15,8.12,8.12,1,8.11,2,8.1,6,8.09,3,8.08,1,8.07,2,8.05,3,,,,,,,8.15,4,8.16,2,8.17,3,8.18,3,,,,,,,,,,,,
2024-10-15 09:35:21,8.135,8.14,3,8.12,1,8.15,4,8.15,8.12,8.12,1,8.11,2,8.1,6,8.09,3,8.08,1,8.07,2,8.05,3,,,,,,,8.15,4,8.16,2,8.17,3,8.18,3,,,,,,,,,,,,
2024-10-15 09:35:21,8.135,8.14,3,8.12,1,8.15,4,8.15,8.12,8.12,1,8.11,2,8.1,6,8.09,3,8.08,1,8.07,2,8.05,3,,,,,,,8.15,4,8.16,2,8.17,3,8.18,3,,,,,,,,,,,,
2024-10-15 09:35:21,8.135,8.14,3,8.12,1,8.15,4,8.15,8.12,8.12,1,8.11,2,8.1,6,8.09,3,8.08,1,8.07,2,8.05,3,,,,,,,8.15,4,8.16,2,8.17,3,8.18,3,,,,,,,,,,,,
2024-10-15 09:35:21,8.135,8.14,3,8.12,1,8.15,4,8.15,8.12,8.12,1,8.11,2,8.1,6,8.09,3,8.08,1,8.07,2,8.05,3,,,,,,,8.15,4,8.16,2,8.17,3,8.18,3,,,,,,,,,,,,
2024-10-15 09:35:21,8.135,8.14,3,8.12,1,8.15,3,8.15,8.12,8.12,1,8.11,2,8.1,6,8.09,3,8.08,1,8.07,2,8.05,3,,,,,,,8.15,3,8.16,2,8.17,3,8.18,3,,,,,,,,,,,,
2024-10-15 09:35:21,8.135,8.14,3,8.12,1,8.15,3,8.15,8.12,8.12,1,8.11,2,8.1,6,8.09,3,8.08,1,8.07,2,8.05,3,,,,,,,8.15,3,8.16,2,8.17,3,8.18,3,,,,,,,,,,,,
2024-10-15 09:35:21,8.135,8.14,3,8.12,1,8.15,3,8.15,8.12,8.12,1,8.11,2,8.1,6,8.09,3,8.08,1,8.07,2,8.05,3,,,,,,,8.15,3,8.16,2,8.17,3,8.18,3,,,,,,,,,,,,
2024-10-15 09:35:21,8.135,8.14,3,8.12,1,8.15,3,8.15,8.12,8.12,1,8.11,2,8.1,6,8.09,3,8.08,1,8.07,2,8.05,3,,,,,,,8.15,3,8.16,2,8.17,3,8.18,3,,,,,,,,,,,,
2024-10-15 09:35:21,8.135,8.14,3,8.12,1,8.15,3,8.15,8.12,8.12,1,8.11,2,8.1,6,8.09,3,8.08,1,8.07,2,8.05,3,,,,,,,8.15,3,8.16,2,8.17,3,8.18,3,,,,,,,,,,,,
2024-10-15 09:35:29,8.135,8.14,3,8.12,6,8.15,2,8.15,8.12,8.12,6,8.11,2,8.1,6,8.09,3,8.08,1,8.07,2,8.05,3,,,,,,,8.15,2,8.16,2,8.17,3,8.18,3,,,,,,,,,,,,
2024-10-15 09:35:29,8.135,8.14,3,8.12,5,8.15,2,8.15,8.12,8.12,5,8.11,2,8.1,6,8.09,3,8.08,1,8.07,2,8.05,3,,,,,,,8.15,2,8.16,2,8.17,3,8.18,3,,,,,,,,,,,,
2024-10-15 09:35:29,8.135,8.14,3,8.12,5,8.15,2,8.15,8.12,8.12,5,8.11,2,8.1,6,8.09,3,8.08,1,8.07,2,8.05,3,,,,,,,8.15,2,8.16,2,8.17,3,8.18,3,,,,,,,,,,,,
2024-10-15 09:35:29,8.135,8.14,3,8.12,5,8.15,2,8.15,8.12,8.12,5,8.11,2,8.1,6,8.09,3,8.08,1,8.07,2,8.05,3,,,,,,,8.15,2,8.16,2,8.17,3,8.18,3,,,,,,,,,,,,
2024-10-15 09:35:29,8.135,8.14,3,8.12,5,8.15,2,8.15,8.12,8.12,5,8.11,2,8.1,6,8.09,3,8.08,1,8.07,2,8.05,3,,,,,,,8.15,2,8.16,2,8.17,3,8.18,3,,,,,,,,,,,,
2024-10-15 09:35:29,8.135,8.14,3,8.12,5,8.15,2,8.15,8.12,8.12,5,8.11,2,8.1,6,8.09,3,8.08,1,8.07,2,8.05,3,,,,,,,8.15,2,8.16,2,8.17,3,8.18,3,,,,,,,,,,,,
2024-10-15 09:35:29,8.135,8.14,3,8.12,5,8.15,2,8.15,8.12,8.12,5,8.11,2,8.1,6,8.09,3,8.08,1,8.07,2,8.05,3,,,,,,,8.15,2,8.16,2,8.17,3,8.18,3,,,,,,,,,,,,
2024-10-15 09:35:37,8.135,8.14,3,8.12,5,8.15,2,8.15,8.12,8.12,5,8.11,2,8.1,6,8.09,3,8.08,1,8.07,2,8.05,3,,,,,,,8.15,2,8.16,2,8.17,3,8.18,3,,,,,,,,,,,,
2024-10-15 09:35:37,8.135,8.14,3,8.12,5,8.15,2,8.15,8.12,8.12,5,8.11,2,8.1,6,8.09,3,8.08,1,8.07,2,8.05,3,,,,,,,8.15,2,8.16,2,8.17,3,8.18,3,,,,,,,,,,,,
2024-10-15 09:35:37,8.135,8.14,3,8.12,5,8.15,2,8.15,8.12,8.12,5,8.11,2,8.1,6,8.09,3,8.08,1,8.07,2,8.05,3,,,,,,,8.15,2,8.16,2,8.17,3,8.18,3,,,,,,,,,,,,
2024-10-15 09:35:37,8.135,8.14,3,8.12,5,8.15,1,8.15,8.12,8.12,5,8.11,2,8.1,6,8.09,3,8.08,1,8.07,2,8.05,3,,,,,,,8.15,1,8.16,2,8.17,3,8.18,3,,,,,,,,,,,,
2024-10-15 09:35:37,8.135,8.14,3,8.12,5,8.15,1,8.15,8.12,8.12,5,8.11,2,8.1,6,8.09,3,8.08,1,8.07,2,8.05,3,,,,,,,8.15,1,8.16,2,8.17,3,8.18,3,,,,,,,,,,,,
2024-10-15 09:35:37,8.135,8.14,3,8.12,5,8.15,1,8.15,8.12,8.12,5,8.11,2,8.1,6,8.09,3,8.08,1,8.07,2,8.05,3,,,,,,,8.15,1,8.16,2,8.17,3,8.18,3,,,,,,,,,,,,
2024-10-15 09:35:37,8.135,8.14,3,8.12,5,8.15,1,8.15,8.12,8.12,5,8.11,2,8.1,6,8.09,3,8.08,1,8.07,2,8.05,3,,,,,,,8.15,1,8.16,2,8.17,3,8.18,3,,,,,,,,,,,,
2024-10-15 09:35:37,8.135,8.14,3,8.12,5,8.15,1,8.15,8.12,8.12,5,8.11,2,8.1,6,8.09,3,8.08,1,8.07,2,8.05,3,,,,,,,8.15,1,8.16,2,8.17,3,8.18,3,,,,,,,,,,,,
2024-10-15 09:35:37,8.135,8.14,3,8.12,5,8.15,4,8.15,8.12,8.12,5,8.11,2,8.1,6,8.09,3,8.08,1,8.07,2,8.05,3,,,,,,,8.15,4,8.16,2,8.17,3,8.18,3,,,,,,,,,,,,
2024-10-15 09:35:37,8.135,8.14,3,8.12,5,8.15,4,8.15,8.12,8.12,5,8.11,2,8.1,6,8.09,3,8.08,1,8.07,2,8.05,3,,,,,,,8.15,4,8.16,2,8.17,3,8.18,3,,,,,,,,,,,,
2024-10-15 09:35:46,8.135,8.14,3,8.12,5,8.15,3,8.15,8.12,8.12,5,8.11,2,8.1,6,8.09,3,8.08,1,8.07,2,8.05,3,,,,,,,8.15,3,8.16,2,8.17,3,8.18,3,,,,,,,,,,,,
2024-10-15 09:35:47,8.135,8.14,3,8.12,5,8.15,3,8.15,8.12,8.12,5,8.11,2,8.1,6,8.09,3,8.08,1,8.07,2,8.05,3,,,,,,,8.15,3,8.16,2,8.17,3,8.18,3,,,,,,,,,,,,
2024-10-15 09:35:47,8.135,8.14,3,8.12,5,8.15,3,8.15,8.12,8.12,5,8.11,2,8.1,6,8.09,3,8.08,1,8.07,2,8.05,3,,,,,,,8.15,3,8.16,2,8.17,3,8.18,3,,,,,,,,,,,,
2024-10-15 09:35:50,8.135,8.14,3,8.12,5,8.15,3,8.15,8.12,8.12,5,8.11,2,8.1,6,8.09,3,8.08,1,8.07,2,8.05,3,,,,,,,8.15,3,8.16,2,8.17,3,8.18,3,,,,,,,,,,,,
2024-10-15 09:35:50,8.135,8.14,3,8.12,5,8.15,3,8.15,8.12,8.12,5,8.11,2,8.1,6,8.09,3,8.08,1,8.07,2,8.05,3,,,,,,,8.15,3,8.16,2,8.17,3,8.18,3,,,,,,,,,,,,
2024-10-15 09:35:50,8.135,8.14,3,8.12,5,8.15,3,8.15,8.12,8.12,5,8.11,2,8.1,6,8.09,3,8.08,1,8.07,2,8.05,3,,,,,,,8.15,3,8.16,2,8.17,3,8.18,3,,,,,,,,,,,,
2024-10-15 09:35:50,8.135,8.14,3,8.12,5,8.15,3,8.15,8.12,8.12,5,8.11,2,8.1,6,8.09,3,8.08,1,8.07,2,8.05,3,,,,,,,8.15,3,8.16,2,8.17,3,8.18,3,,,,,,,,,,,,
2024-10-15 09:35:50,8.135,8.14,3,8.12,5,8.15,3,8.15,8.12,8.12,5,8.11,2,8.1,6,8.09,3,8.08,1,8.07,2,8.05,3,,,,,,,8.15,3,8.16,2,8.17,3,8.18,3,,,,,,,,,,,,
2024-10-15 09:35:50,8.135,8.14,3,8.12,5,8.15,3,8.15,8.12,8.12,5,8.11,2,8.1,6,8.09,3,8.08,1,8.07,2,8.05,3,,,,,,,8.15,3,8.16,2,8.17,3,8.18,3,,,,,,,,,,,,
2024-10-15 09:35:50,8.135,8.14,3,8.12,5,8.15,3,8.15,8.12,8.12,5,8.11,2,8.1,6,8.09,3,8.08,1,8.07,2,8.05,3,,,,,,,8.15,3,8.16,2,8.17,3,8.18,3,,,,,,,,,,,,
2024-10-15 09:35:57,8.135,8.14,3,8.12,5,8.15,3,8.15,8.12,8.12,5,8.11,2,8.1,6,8.09,3,8.08,1,8.07,2,8.05,3,,,,,,,8.15,3,8.16,2,8.17,3,8.18,3,,,,,,,,,,,,
2024-10-15 09:35:57,8.135,8.14,3,8.12,5,8.15,3,8.15,8.12,8.12,5,8.11,2,8.1,6,8.09,3,8.08,1,8.07,2,8.05,3,,,,,,,8.15,3,8.16,2,8.17,3,8.18,3,,,,,,,,,,,,
2024-10-15 09:35:57,8.135,8.14,3,8.12,5,8.15,3,8.15,8.12,8.12,5,8.11,2,8.1,6,8.09,3,8.08,1,8.07,2,8.05,3,,,,,,,8.15,3,8.16,2,8.17,3,8.18,3,,,,,,,,,,,,
2024-10-15 09:36:00,8.135,8.14,3,8.12,5,8.15,3,8.15,8.12,8.12,5,8.11,2,8.1,6,8.09,3,8.08,1,8.07,2,8.05,3,,,,,,,8.15,3,8.16,2,8.17,3,8.18,3,,,,,,,,,,,,
2024-10-15 09:36:00,8.135,8.14,3,8.12,5,8.15,3,8.15,8.12,8.12,5,8.11,2,8.1,6,8.09,3,8.08,1,8.07,2,8.05,3,,,,,,,8.15,3,8.16,2,8.17,3,8.18,3,,,,,,,,,,,,
2024-10-15 09:36:02,8.135,8.14,3,8.12,5,8.15,3,8.15,8.12,8.12,5,8.11,2,8.1,6,8.09,3,8.08,1,8.07,2,8.05,3,,,,,,,8.15,3,8.16,2,8.17,3,8.18,3,,,,,,,,,,,,
2024-10-15 09:36:02,8.135,8.14,3,8.12,5,8.15,3,8.15,8.12,8.12,5,8.11,2,8.1,6,8.09,3,8.08,1,8.07,2,8.05,3,,,,,,,8.15,3,8.16,2,8.17,3,8.18,3,,,,,,,,,,,,
2024-10-15 09:36:03,8.135,8.14,3,8.12,5,8.15,3,8.15,8.12,8.12,5,8.11,2,8.1,6,8.09,3,8.08,1,8.07,2,8.05,3,,,,,,,8.15,3,8.16,2,8.17,3,8.18,3,,,,,,,,,,,,
2024-10-15 09:36:05,8.135,8.14,3,8.12,6,8.15,1,8.15,8.12,8.12,6,8.11,2,8.1,6,8.09,3,8.08,1,8.07,2,8.05,3,,,,,,,8.15,1,8.16,2,8.17,3,8.18,3,,,,,,,,,,,,
2024-10-15 09:36:05,8.135,8.14,3,8.12,7,8.15,1,8.15,8.12,8.12,7,8.11,2,8.1,6,8.09,3,8.08,1,8.07,2,8.05,3,,,,,,,8.15,1,8.16,2,8.17,3,8.18,3,,,,,,,,,,,,
2024-10-15 09:36:05,8.135,8.14,3,8.12,7,8.15,1,8.15,8.12,8.12,7,8.11,2,8.1,6,8.09,3,8.08,1,8.07,2,8.05,3,,,,,,,8.15,1,8.16,2,8.17,3,8.18,3,,,,,,,,,,,,
2024-10-15 09:36:05,8.135,8.14,3,8.12,7,8.15,1,8.15,8.12,8.12,7,8.11,2,8.1,6,8.09,3,8.08,1,8.07,2,8.05,3,,,,,,,8.15,1,8.16,2,8.17,3,8.18,3,,,,,,,,,,,,
2024-10-15 09:36:05,8.135,8.14,3,8.12,7,8.15,1,8.15,8.12,8.12,7,8.11,2,8.1,6,8.09,3,8.08,1,8.07,2,8.05,3,,,,,,,8.15,1,8.16,2,8.17,3,8.18,3,,,,,,,,,,,,
2024-10-15 09:36:05,8.135,8.14,3,8.12,7,8.15,1,8.15,8.12,8.12,7,8.11,2,8.1,6,8.09,3,8.08,1,8.07,2,8.05,3,,,,,,,8.15,1,8.16,2,8.17,3,8.18,3,,,,,,,,,,,,
2024-10-15 09:36:05,8.135,8.14,3,8.12,7,8.15,1,8.15,8.12,8.12,7,8.11,2,8.1,6,8.09,3,8.08,1,8.07,2,8.05,3,,,,,,,8.15,1,8.16,2,8.17,3,8.18,3,,,,,,,,,,,,
2024-10-15 09:36:12,8.135,8.14,3,8.12,7,8.15,1,8.15,8.12,8.12,7,8.11,2,8.1,6,8.09,3,8.08,1,8.07,2,8.05,3,,,,,,,8.15,1,8.16,2,8.17,3,8.18,3,,,,,,,,,,,,
2024-10-15 09:36:12,8.135,8.14,3,8.12,7,8.15,1,8.15,8.12,8.12,7,8.11,2,8.1,6,8.09,3,8.08,1,8.07,2,8.05,3,,,,,,,8.15,1,8.16,2,8.17,3,8.18,3,,,,,,,,,,,,
2024-10-15 09:36:12,8.135,8.14,3,8.12,7,8.15,1,8.15,8.12,8.12,7,8.11,2,8.1,6,8.09,3,8.08,1,8.07,2,8.05,3,,,,,,,8.15,1,8.16,2,8.17,3,8.18,3,,,,,,,,,,,,
2024-10-15 09:36:12,8.135,8.14,3,8.12,7,8.15,1,8.15,8.12,8.12,7,8.11,2,8.1,6,8.09,3,8.08,1,8.07,2,8.05,3,,,,,,,8.15,1,8.16,2,8.17,3,8.18,3,,,,,,,,,,,,
2024-10-15 09:36:12,8.135,8.14,3,8.12,6,8.15,1,8.15,8.12,8.12,6,8.11,2,8.1,6,8.09,3,8.08,1,8.07,2,8.05,3,,,,,,,8.15,1,8.16,2,8.17,3,8.18,3,,,,,,,,,,,,
2024-10-15 09:36:12,8.135,8.14,3,8.12,6,8.15,1,8.15,8.12,8.12,6,8.11,2,8.1,6,8.09,3,8.08,1,8.07,2,8.05,3,,,,,,,8.15,1,8.16,2,8.17,3,8.18,3,,,,,,,,,,,,
2024-10-15 09:36:18,8.135,8.14,3,8.12,6,8.15,1,8.15,8.12,8.12,6,8.11,2,8.1,6,8.09,3,8.08,1,8.07,2,8.05,3,,,,,,,8.15,1,8.16,2,8.17,3,8.18,3,,,,,,,,,,,,
2024-10-15 09:36:18,8.135,8.14,3,8.12,6,8.15,1,8.15,8.12,8.12,6,8.11,2,8.1,6,8.09,3,8.08,1,8.07,2,8.05,3,,,,,,,8.15,1,8.16,2,8.17,3,8.18,3,,,,,,,,,,,,
2024-10-15 09:36:18,8.135,8.14,3,8.12,6,8.15,1,8.15,8.12,8.12,6,8.11,2,8.1,6,8.09,3,8.08,1,8.07,2,8.05,3,,,,,,,8.15,1,8.16,2,8.17,3,8.18,3,,,,,,,,,,,,
2024-10-15 09:36:18,8.135,8.14,3,8.12,6,8.15,1,8.15,8.12,8.12,6,8.11,2,8.1,6,8.09,3,8.08,1,8.07,2,8.05,3,,,,,,,8.15,1,8.16,2,8.17,3,8.18,3,,,,,,,,,,,,
2024-10-15 09:36:18,8.135,8.14,3,8.12,6,8.15,1,8.15,8.12,8.12,6,8.11,2,8.1,6,8.09,3,8.08,1,8.07,2,8.05,3,,,,,,,8.15,1,8.16,2,8.17,3,8.18,3,,,,,,,,,,,,
2024-10-15 09:36:18,8.135,8.14,3,8.12,6,8.15,1,8.15,8.12,8.12,6,8.11,2,8.1,6,8.09,3,8.08,1,8.07,2,8.05,3,,,,,,,8.15,1,8.16,2,8.17,3,8.18,3,,,,,,,,,,,,
2024-10-15 09:36:18,8.135,8.14,3,8.12,6,8.15,1,8.15,8.12,8.12,6,8.11,2,8.1,6,8.09,3,8.08,1,8.07,2,8.05,3,,,,,,,8.15,1,8.16,2,8.17,3,8.18,3,,,,,,,,,,,,
2024-10-15 09:36:18,8.135,8.14,3,8.12,6,8.15,1,8.15,8.12,8.12,6,8.11,2,8.1,6,8.09,3,8.08,1,8.07,2,8.05,3,,,,,,,8.15,1,8.16,2,8.17,3,8.18,3,,,,,,,,,,,,
2024-10-15 09:36:18,8.135,8.14,3,8.12,6,8.15,1,8.15,8.12,8.12,6,8.11,2,8.1,6,8.09,3,8.08,1,8.07,2,8.05,3,,,,,,,8.15,1,8.16,2,8.17,3,8.18,3,,,,,,,,,,,,
2024-10-15 09:36:18,8.135,8.14,3,8.12,6,8.15,1,8.15,8.12,8.12,6,8.11,2,8.1,6,8.09,3,8.08,1,8.07,2,8.05,3,,,,,,,8.15,1,8.16,2,8.17,3,8.18,3,,,,,,,,,,,,
2024-10-15 09:36:18,8.135,8.14,3,8.12,6,8.15,1,8.15,8.12,8.12,6,8.11,2,8.1,6,8.09,3,8.08,1,8.07,2,8.05,3,,,,,,,8.15,1,8.16,2,8.17,3,8.18,3,,,,,,,,,,,,
2024-10-15 09:36:18,8.135,8.14,3,8.12,6,8.15,1,8.15,8.12,8.12,6,8.11,2,8.1,6,8.09,3,8.08,1,8.07,2,8.05,3,,,,,,,8.15,1,8.16,2,8.17,3,8.18,3,,,,,,,,,,,,
2024-10-15 09:36:18,8.135,8.14,3,8.12,6,8.15,1,8.15,8.12,8.12,6,8.11,2,8.1,6,8.09,3,8.08,1,8.07,2,8.05,3,,,,,,,8.15,1,8.16,2,8.17,3,8.18,3,,,,,,,,,,,,
2024-10-15 09:36:18,8.135,8.14,3,8.12,6,8.15,1,8.15,8.12,8.12,6,8.11,2,8.1,6,8.09,3,8.08,1,8.07,2,8.05,3,,,,,,,8.15,1,8.16,2,8.17,3,8.18,3,,,,,,,,,,,,
2024-10-15 09:36:18,8.135,8.14,3,8.12,2,8.15,3,8.15,8.12,8.12,2,8.11,2,8.1,6,8.09,3,8.08,1,8.07,2,8.05,3,,,,,,,8.15,3,8.16,2,8.17,3,8.18,3,,,,,,,,,,,,
2024-10-15 09:36:18,8.135,8.14,3,8.12,2,8.15,3,8.15,8.12,8.12,2,8.11,2,8.1,6,8.09,3,8.08,1,8.07,2,8.05,3,,,,,,,8.15,3,8.16,2,8.17,3,8.18,3,,,,,,,,,,,,
2024-10-15 09:36:18,8.135,8.14,3,8.12,2,8.15,3,8.15,8.12,8.12,2,8.11,2,8.1,6,8.09,3,8.08,1,8.07,2,8.05,3,,,,,,,8.15,3,8.16,2,8.17,3,8.18,3,,,,,,,,,,,,
2024-10-15 09:36:18,8.135,8.14,3,8.12,2,8.15,3,8.15,8.12,8.12,2,8.11,2,8.1,6,8.09,3,8.08,1,8.07,2,8.05,3,,,,,,,8.15,3,8.16,2,8.17,3,8.18,3,,,,,,,,,,,,
2024-10-15 09:36:18,8.135,8.14,3,8.12,2,8.15,3,8.15,8.12,8.12,2,8.11,2,8.1,6,8.09,3,8.08,1,8.07,2,8.05,3,,,,,,,8.15,3,8.16,2,8.17,3,8.18,3,,,,,,,,,,,,
2024-10-15 09:36:18,8.135,8.14,3,8.12,2,8.15,3,8.15,8.12,8.12,2,8.11,2,8.1,6,8.09,3,8.08,1,8.07,2,8.05,3,,,,,,,8.15,3,8.16,2,8.17,3,8.18,3,,,,,,,,,,,,
2024-10-15 09:36:18,8.135,8.14,3,8.12,4,8.15,3,8.15,8.12,8.12,4,8.11,2,8.1,6,8.09,3,8.08,1,8.07,2,8.05,3,,,,,,,8.15,3,8.16,2,8.17,3,8.18,3,,,,,,,,,,,,
2024-10-15 09:36:18,8.135,8.14,3,8.12,3,8.15,3,8.15,8.12,8.12,3,8.11,2,8.1,6,8.09,3,8.08,1,8.07,2,8.05,3,,,,,,,8.15,3,8.16,2,8.17,3,8.18,3,,,,,,,,,,,,
2024-10-15 09:36:18,8.135,8.14,3,8.12,3,8.15,3,8.15,8.12,8.12,3,8.11,2,8.1,6,8.09,3,8.08,1,8.07,2,8.05,3,,,,,,,8.15,3,8.16,2,8.17,3,8.18,3,,,,,,,,,,,,
2024-10-15 09:36:18,8.135,8.14,3,8.12,3,8.15,3,8.15,8.12,8.12,3,8.11,2,8.1,6,8.09,3,8.08,1,8.07,2,8.05,3,,,,,,,8.15,3,8.16,2,8.17,3,8.18,3,,,,,,,,,,,,
2024-10-15 09:36:18,8.135,8.14,3,8.12,3,8.15,3,8.15,8.12,8.12,3,8.11,2,8.1,6,8.09,3,8.08,1,8.07,2,8.05,3,,,,,,,8.15,3,8.16,2,8.17,3,8.18,3,,,,,,,,,,,,
2024-10-15 09:36:18,8.125,8.14,3,8.12,2,8.13,3,8.13,8.12,8.12,2,8.11,2,8.1,6,8.09,3,8.08,1,8.07,2,8.05,3,,,,,,,8.13,3,8.15,3,8.16,2,8.17,3,8.18,3,,,,,,,,,,
2024-10-15 09:36:18,8.125,8.14,3,8.12,2,8.13,3,8.13,8.12,8.12,2,8.11,2,8.1,6,8.09,3,8.08,1,8.07,2,8.05,3,,,,,,,8.13,3,8.15,3,8.16,2,8.17,3,8.18,3,,,,,,,,,,
2024-10-15 09:36:18,8.125,8.14,3,8.12,2,8.13,3,8.13,8.12,8.12,2,8.11,2,8.1,6,8.09,3,8.08,1,8.07,2,8.05,3,,,,,,,8.13,3,8.15,3,8.16,2,8.17,3,8.18,3,,,,,,,,,,
2024-10-15 09:36:18,8.125,8.14,3,8.12,3,8.13,3,8.13,8.12,8.12,3,8.11,2,8.1,6,8.09,3,8.08,1,8.07,2,8.05,3,,,,,,,8.13,3,8.15,3,8.16,2,8.17,3,8.18,3,,,,,,,,,,
2024-10-15 09:36:18,8.125,8.14,3,8.12,3,8.13,3,8.13,8.12,8.12,3,8.11,2,8.1,6,8.09,3,8.08,1,8.07,2,8.05,3,,,,,,,8.13,3,8.15,3,8.16,2,8.17,3,8.18,3,,,,,,,,,,
2024-10-15 09:36:18,8.125,8.14,3,8.12,3,8.13,3,8.13,8.12,8.12,3,8.11,2,8.1,6,8.09,3,8.08,1,8.07,2,8.05,3,,,,,,,8.13,3,8.15,3,8.16,2,8.17,3,8.18,3,,,,,,,,,,
2024-10-15 09:36:18,8.125,8.14,3,8.12,3,8.13,3,8.13,8.12,8.12,3,8.11,2,8.1,6,8.09,3,8.08,1,8.07,2,8.05,3,,,,,,,8.13,3,8.15,3,8.16,2,8.17,3,8.18,3,,,,,,,,,,
2024-10-15 09:36:18,8.125,8.14,3,8.12,3,8.13,3,8.13,8.12,8.12,3,8.11,2,8.1,6,8.09,3,8.08,1,8.07,2,8.05,3,,,,,,,8.13,3,8.15,3,8.16,2,8.17,3,8.18,3,,,,,,,,,,
2024-10-15 09:36:18,8.125,8.14,3,8.12,5,8.13,2,8.13,8.12,8.12,5,8.11,2,8.1,6,8.09,3,8.08,1,8.07,2,8.05,3,,,,,,,8.13,2,8.15,3,8.16,2,8.17,3,8.18,3,,,,,,,,,,
2024-10-15 09:36:52,8.125,8.14,3,8.12,5,8.13,2,8.13,8.12,8.12,5,8.11,2,8.1,6,8.09,3,8.08,1,8.07,2,8.05,3,,,,,,,8.13,2,8.15,3,8.16,2,8.17,3,8.18,3,,,,,,,,,,
2024-10-15 09:36:53,8.14,8.14,1,8.13,6,8.15,2,8.15,8.13,8.13,6,8.12,9,8.11,2,8.1,6,8.09,3,8.08,1,8.07,2,8.05,3,,,,,8.15,2,8.16,2,8.17,3,8.18,3,,,,,,,,,,,,
2024-10-15 09:36:53,8.14,8.14,1,8.13,6,8.15,2,8.15,8.13,8.13,6,8.12,9,8.11,2,8.1,6,8.09,3,8.08,1,8.07,2,8.05,3,,,,,8.15,2,8.16,2,8.17,3,8.18,3,,,,,,,,,,,,
2024-10-15 09:36:53,8.14,8.14,1,8.13,6,8.15,2,8.15,8.13,8.13,6,8.12,9,8.11,2,8.1,6,8.09,3,8.08,1,8.07,2,8.05,3,,,,,8.15,2,8.16,2,8.17,3,8.18,3,,,,,,,,,,,,
2024-10-15 09:36:56,8.14,8.14,1,8.13,6,8.15,2,8.15,8.13,8.13,6,8.12,9,8.11,2,8.1,6,8.09,3,8.08,1,8.07,2,8.05,3,,,,,8.15,2,8.16,2,8.17,3,8.18,3,,,,,,,,,,,,
2024-10-15 09:36:56,8.14,8.14,1,8.13,7,8.15,2,8.15,8.13,8.13,7,8.12,9,8.11,2,8.1,6,8.09,3,8.08,1,8.07,2,8.05,3,,,,,8.15,2,8.16,2,8.17,3,8.18,3,,,,,,,,,,,,
2024-10-15 09:36:57,8.14,8.14,1,8.13,7,8.15,2,8.15,8.13,8.13,7,8.12,9,8.11,2,8.1,6,8.09,3,8.08,1,8.07,2,8.05,3,,,,,8.15,2,8.16,2,8.17,3,8.18,3,,,,,,,,,,,,
2024-10-15 09:36:59,8.14,8.14,1,8.13,7,8.15,2,8.15,8.13,8.13,7,8.12,9,8.11,2,8.1,6,8.09,3,8.08,1,8.07,2,8.05,3,,,,,8.15,2,8.16,2,8.17,3,8.18,3,,,,,,,,,,,,
2024-10-15 09:36:59,8.145,8.14,1,8.13,5,8.16,2,8.16,8.13,8.13,5,8.12,9,8.11,2,8.1,6,8.09,3,8.08,1,8.07,2,8.05,3,,,,,8.16,2,8.17,3,8.18,3,,,,,,,,,,,,,,
2024-10-15 09:37:01,8.145,8.14,1,8.13,5,8.16,2,8.16,8.13,8.13,5,8.12,9,8.11,2,8.1,6,8.09,3,8.08,1,8.07,2,8.05,3,,,,,8.16,2,8.17,3,8.18,3,,,,,,,,,,,,,,
2024-10-15 09:37:01,8.145,8.14,1,8.13,5,8.16,2,8.16,8.13,8.13,5,8.12,9,8.11,2,8.1,6,8.09,3,8.08,1,8.07,2,8.05,3,,,,,8.16,2,8.17,3,8.18,3,,,,,,,,,,,,,,
2024-10-15 09:37:01,8.145,8.14,1,8.13,5,8.16,2,8.16,8.13,8.13,5,8.12,9,8.11,2,8.1,6,8.09,3,8.08,1,8.07,2,8.05,3,,,,,8.16,2,8.17,3,8.18,3,,,,,,,,,,,,,,
2024-10-15 09:37:04,8.145,8.14,1,8.13,2,8.16,2,8.16,8.13,8.13,2,8.12,9,8.11,2,8.1,6,8.09,3,8.08,1,8.07,2,8.05,3,,,,,8.16,2,8.17,3,8.18,3,,,,,,,,,,,,,,
2024-10-15 09:37:04,8.145,8.14,1,8.13,2,8.16,2,8.16,8.13,8.13,2,8.12,9,8.11,2,8.1,6,8.09,3,8.08,1,8.07,2,8.05,3,,,,,8.16,2,8.17,3,8.18,3,,,,,,,,,,,,,,
2024-10-15 09:37:04,8.145,8.14,1,8.13,2,8.16,2,8.16,8.13,8.13,2,8.12,9,8.11,2,8.1,6,8.09,3,8.08,1,8.07,2,8.05,3,,,,,8.16,2,8.17,3,8.18,3,,,,,,,,,,,,,,
2024-10-15 09:37:04,8.145,8.14,1,8.13,4,8.16,2,8.16,8.13,8.13,4,8.12,9,8.11,2,8.1,6,8.09,3,8.08,1,8.07,2,8.05,3,,,,,8.16,2,8.17,3,8.18,3,,,,,,,,,,,,,,
2024-10-15 09:37:04,8.145,8.14,1,8.13,4,8.16,2,8.16,8.13,8.13,4,8.12,9,8.11,2,8.1,6,8.09,3,8.08,1,8.07,2,8.05,3,,,,,8.16,2,8.17,3,8.18,3,,,,,,,,,,,,,,
2024-10-15 09:37:04,8.145,8.14,1,8.13,4,8.16,2,8.16,8.13,8.13,4,8.12,9,8.11,2,8.1,6,8.09,3,8.08,1,8.07,2,8.05,3,,,,,8.16,2,8.17,3,8.18,3,,,,,,,,,,,,,,
2024-10-15 09:37:04,8.145,8.14,1,8.13,4,8.16,2,8.16,8.13,8.13,4,8.12,9,8.11,2,8.1,6,8.09,3,8.08,1,8.07,2,8.05,3,,,,,8.16,2,8.17,3,8.18,3,,,,,,,,,,,,,,
2024-10-15 09:37:04,8.145,8.14,1,8.13,4,8.16,2,8.16,8.13,8.13,4,8.12,9,8.11,2,8.1,6,8.09,3,8.08,1,8.07,2,8.05,3,,,,,8.16,2,8.17,3,8.18,3,,,,,,,,,,,,,,
2024-10-15 09:37:04,8.145,8.14,1,8.13,4,8.16,2,8.16,8.13,8.13,4,8.12,9,8.11,2,8.1,6,8.09,3,8.08,1,8.07,2,8.05,3,,,,,8.16,2,8.17,3,8.18,3,,,,,,,,,,,,,,
2024-10-15 09:37:04,8.145,8.14,1,8.13,4,8.16,2,8.16,8.13,8.13,4,8.12,9,8.11,2,8.1,6,8.09,3,8.08,1,8.07,2,8.05,3,,,,,8.16,2,8.17,3,8.18,3,,,,,,,,,,,,,,
2024-10-15 09:37:14,8.145,8.14,1,8.13,4,8.16,2,8.16,8.13,8.13,4,8.12,9,8.11,2,8.1,6,8.09,3,8.08,1,8.07,2,8.05,3,,,,,8.16,2,8.17,3,8.18,3,,,,,,,,,,,,,,
2024-10-15 09:37:14,8.145,8.14,1,8.13,4,8.16,2,8.16,8.13,8.13,4,8.12,9,8.11,2,8.1,6,8.09,3,8.08,1,8.07,2,8.05,3,,,,,8.16,2,8.17,3,8.18,3,,,,,,,,,,,,,,
2024-10-15 09:37:14,8.145,8.14,1,8.13,4,8.16,2,8.16,8.13,8.13,4,8.12,9,8.11,2,8.1,6,8.09,3,8.08,1,8.07,2,8.05,3,,,,,8.16,2,8.17,3,8.18,3,,,,,,,,,,,,,,
2024-10-15 09:37:14,8.145,8.14,1,8.13,4,8.16,2,8.16,8.13,8.13,4,8.12,9,8.11,2,8.1,6,8.09,3,8.08,1,8.07,2,8.05,3,,,,,8.16,2,8.17,3,8.18,3,,,,,,,,,,,,,,
2024-10-15 09:37:14,8.145,8.14,1,8.13,4,8.16,2,8.16,8.13,8.13,4,8.12,9,8.11,2,8.1,6,8.09,3,8.08,1,8.07,2,8.05,3,,,,,8.16,2,8.17,3,8.18,3,,,,,,,,,,,,,,
2024-10-15 09:37:14,8.145,8.14,1,8.13,5,8.16,2,8.16,8.13,8.13,5,8.12,9,8.11,2,8.1,6,8.09,3,8.08,1,8.07,2,8.05,3,,,,,8.16,2,8.17,3,8.18,3,,,,,,,,,,,,,,
2024-10-15 09:37:14,8.145,8.14,1,8.13,5,8.16,2,8.16,8.13,8.13,5,8.12,9,8.11,2,8.1,6,8.09,3,8.08,1,8.07,2,8.05,3,,,,,8.16,2,8.17,3,8.18,3,,,,,,,,,,,,,,
2024-10-15 09:37:21,8.145,8.14,1,8.13,5,8.16,2,8.16,8.13,8.13,5,8.12,9,8.11,2,8.1,6,8.09,3,8.08,1,8.07,2,8.05,3,,,,,8.16,2,8.17,3,8.18,3,,,,,,,,,,,,,,
2024-10-15 09:37:22,8.145,8.14,1,8.13,5,8.16,2,8.16,8.13,8.13,5,8.12,9,8.11,2,8.1,6,8.09,3,8.08,1,8.07,2,8.05,3,,,,,8.16,2,8.17,3,8.18,3,,,,,,,,,,,,,,
2024-10-15 09:37:22,8.145,8.14,1,8.13,5,8.16,2,8.16,8.13,8.13,5,8.12,9,8.11,2,8.1,6,8.09,3,8.08,1,8.07,2,8.05,3,,,,,8.16,2,8.17,3,8.18,3,,,,,,,,,,,,,,
2024-10-15 09:37:22,8.145,8.14,1,8.13,5,8.16,2,8.16,8.13,8.13,5,8.12,9,8.11,2,8.1,6,8.09,3,8.08,1,8.07,2,8.05,3,,,,,8.16,2,8.17,3,8.18,3,,,,,,,,,,,,,,
2024-10-15 09:37:25,8.145,8.14,1,8.13,5,8.16,2,8.16,8.13,8.13,5,8.12,9,8.11,2,8.1,6,8.09,3,8.08,1,8.07,2,8.05,3,,,,,8.16,2,8.17,3,8.18,3,,,,,,,,,,,,,,
2024-10-15 09:37:25,8.145,8.14,1,8.13,5,8.16,2,8.16,8.13,8.13,5,8.12,9,8.11,2,8.1,6,8.09,3,8.08,1,8.07,2,8.05,3,,,,,8.16,2,8.17,3,8.18,3,,,,,,,,,,,,,,
2024-10-15 09:37:27,8.145,8.14,1,8.13,5,8.16,2,8.16,8.13,8.13,5,8.12,9,8.11,2,8.1,6,8.09,3,8.08,1,8.07,2,8.05,3,,,,,8.16,2,8.17,3,8.18,3,,,,,,,,,,,,,,
2024-10-15 09:37:27,8.145,8.14,1,8.13,5,8.16,2,8.16,8.13,8.13,5,8.12,9,8.11,2,8.1,6,8.09,3,8.08,1,8.07,2,8.05,3,,,,,8.16,2,8.17,3,8.18,3,,,,,,,,,,,,,,
2024-10-15 09:37:27,8.145,8.14,1,8.13,5,8.16,2,8.16,8.13,8.13,5,8.12,9,8.11,2,8.1,6,8.09,3,8.08,1,8.07,2,8.05,3,,,,,8.16,2,8.17,3,8.18,3,,,,,,,,,,,,,,
2024-10-15 09:37:27,8.145,8.14,1,8.13,5,8.16,2,8.16,8.13,8.13,5,8.12,9,8.11,2,8.1,6,8.09,3,8.08,1,8.07,2,8.05,3,,,,,8.16,2,8.17,3,8.18,3,,,,,,,,,,,,,,
2024-10-15 09:37:31,8.145,8.14,1,8.13,5,8.16,2,8.16,8.13,8.13,5,8.12,9,8.11,2,8.1,6,8.09,3,8.08,1,8.07,2,8.05,3,,,,,8.16,2,8.17,3,8.18,3,,,,,,,,,,,,,,
2024-10-15 09:37:31,8.145,8.14,1,8.13,5,8.16,2,8.16,8.13,8.13,5,8.12,9,8.11,2,8.1,6,8.09,3,8.08,1,8.07,2,8.05,3,,,,,8.16,2,8.17,3,8.18,3,,,,,,,,,,,,,,
2024-10-15 09:37:31,8.145,8.14,1,8.13,5,8.16,2,8.16,8.13,8.13,5,8.12,9,8.11,2,8.1,6,8.09,3,8.08,1,8.07,2,8.05,3,,,,,8.16,2,8.17,3,8.18,3,,,,,,,,,,,,,,
2024-10-15 09:37:31,8.145,8.14,1,8.13,5,8.16,2,8.16,8.13,8.13,5,8.12,9,8.11,2,8.1,6,8.09,3,8.08,1,8.07,2,8.05,3,,,,,8.16,2,8.17,3,8.18,3,,,,,,,,,,,,,,
2024-10-15 09:37:31,8.145,8.14,1,8.13,5,8.16,2,8.16,8.13,8.13,5,8.12,9,8.11,2,8.1,6,8.09,3,8.08,1,8.07,2,8.05,3,,,,,8.16,2,8.17,3,8.18,3,,,,,,,,,,,,,,
2024-10-15 09:37:31,8.145,8.14,1,8.13,5,8.16,2,8.16,8.13,8.13,5,8.12,9,8.11,2,8.1,6,8.09,3,8.08,1,8.07,2,8.05,3,,,,,8.16,2,8.17,3,8.18,3,,,,,,,,,,,,,,
2024-10-15 09:37:31,8.145,8.14,1,8.13,5,8.16,2,8.16,8.13,8.13,5,8.12,9,8.11,2,8.1,6,8.09,3,8.08,1,8.07,2,8.05,3,,,,,8.16,2,8.17,3,8.18,3,,,,,,,,,,,,,,
2024-10-15 09:37:31,8.145,8.14,1,8.13,5,8.16,2,8.16,8.13,8.13,5,8.12,9,8.11,2,8.1,6,8.09,3,8.08,1,8.07,2,8.05,3,,,,,8.16,2,8.17,3,8.18,3,,,,,,,,,,,,,,
2024-10-15 09:37:31,8.145,8.14,1,8.13,5,8.16,2,8.16,8.13,8.13,5,8.12,9,8.11,2,8.1,6,8.09,3,8.08,1,8.07,2,8.05,3,,,,,8.16,2,8.17,3,8.18,3,,,,,,,,,,,,,,
2024-10-15 09:37:31,8.145,8.14,1,8.13,5,8.16,2,8.16,8.13,8.13,5,8.12,9,8.11,2,8.1,6,8.09,3,8.08,1,8.07,2,8.05,3,,,,,8.16,2,8.17,3,8.18,3,,,,,,,,,,,,,,
2024-10-15 09:37:31,8.145,8.14,1,8.13,5,8.16,2,8.16,8.13,8.13,5,8.12,9,8.11,2,8.1,6,8.09,3,8.08,1,8.07,2,8.05,3,,,,,8.16,2,8.17,3,8.18,3,,,,,,,,,,,,,,
2024-10-15 09:37:31,8.145,8.14,1,8.13,5,8.16,2,8.16,8.13,8.13,5,8.12,9,8.11,2,8.1,6,8.09,3,8.08,1,8.07,2,8.05,3,,,,,8.16,2,8.17,3,8.18,3,,,,,,,,,,,,,,
2024-10-15 09:37:31,8.145,8.14,1,8.13,5,8.16,2,8.16,8.13,8.13,5,8.12,9,8.11,2,8.1,6,8.09,3,8.08,1,8.07,2,8.05,3,,,,,8.16,2,8.17,3,8.18,3,,,,,,,,,,,,,,
2024-10-15 09:37:44,8.145,8.14,1,8.13,5,8.16,2,8.16,8.13,8.13,5,8.12,9,8.11,2,8.1,6,8.09,3,8.08,1,8.07,2,8.05,3,,,,,8.16,2,8.17,3,8.18,3,,,,,,,,,,,,,,
2024-10-15 09:37:44,8.145,8.14,1,8.13,5,8.16,2,8.16,8.13,8.13,5,8.12,9,8.11,2,8.1,6,8.09,3,8.08,1,8.07,2,8.05,3,,,,,8.16,2,8.17,3,8.18,3,,,,,,,,,,,,,,
2024-10-15 09:37:44,8.145,8.14,1,8.13,5,8.16,2,8.16,8.13,8.13,5,8.12,9,8.11,2,8.1,6,8.09,3,8.08,1,8.07,2,8.05,3,,,,,8.16,2,8.17,3,8.18,3,,,,,,,,,,,,,,
2024-10-15 09:37:44,8.145,8.14,1,8.13,5,8.16,2,8.16,8.13,8.13,5,8.12,9,8.11,2,8.1,6,8.09,3,8.08,1,8.07,2,8.05,3,,,,,8.16,2,8.17,3,8.18,3,,,,,,,,,,,,,,
2024-10-15 09:37:44,8.145,8.14,1,8.13,5,8.16,2,8.16,8.13,8.13,5,8.12,9,8.11,2,8.1,6,8.09,3,8.08,1,8.07,2,8.05,3,,,,,8.16,2,8.17,3,8.18,3,,,,,,,,,,,,,,
2024-10-15 09:37:44,8.145,8.14,1,8.13,5,8.16,2,8.16,8.13,8.13,5,8.12,9,8.11,2,8.1,6,8.09,3,8.08,1,8.07,2,8.05,3,,,,,8.16,2,8.17,3,8.18,3,,,,,,,,,,,,,,
2024-10-15 09:37:44,8.145,8.14,1,8.13,5,8.16,2,8.16,8.13,8.13,5,8.12,9,8.11,2,8.1,6,8.09,3,8.08,1,8.07,2,8.05,3,,,,,8.16,2,8.17,3,8.18,3,,,,,,,,,,,,,,
2024-10-15 09:37:44,8.14,8.14,1,8.13,3,8.15,4,8.15,8.13,8.13,3,8.12,9,8.11,2,8.1,6,8.09,3,8.08,1,8.07,2,8.05,3,,,,,8.15,4,8.16,2,8.17,3,8.18,3,,,,,,,,,,,,
2024-10-15 09:37:44,8.14,8.14,1,8.13,3,8.15,4,8.15,8.13,8.13,3,8.12,9,8.11,2,8.1,6,8.09,3,8.08,1,8.07,2,8.05,3,,,,,8.15,4,8.16,2,8.17,3,8.18,3,,,,,,,,,,,,
2024-10-15 09:37:53,8.14,8.14,1,8.13,3,8.15,4,8.15,8.13,8.13,3,8.12,9,8.11,2,8.1,6,8.09,3,8.08,1,8.07,2,8.05,3,,,,,8.15,4,8.16,2,8.17,3,8.18,3,,,,,,,,,,,,
2024-10-15 09:37:53,8.14,8.14,1,8.13,1,8.15,4,8.15,8.13,8.13,1,8.12,9,8.11,2,8.1,6,8.09,3,8.08,1,8.07,2,8.05,3,,,,,8.15,4,8.16,2,8.17,3,8.18,3,,,,,,,,,,,,
2024-10-15 09:37:56,8.14,8.14,1,8.13,1,8.15,4,8.15,8.13,8.13,1,8.12,9,8.11,2,8.1,6,8.09,3,8.08,1,8.07,2,8.05,3,,,,,8.15,4,8.16,2,8.17,3,8.18,3,,,,,,,,,,,,
2024-10-15 09:37:56,8.14,8.14,1,8.13,1,8.15,2,8.15,8.13,8.13,1,8.12,9,8.11,2,8.1,6,8.09,3,8.08,1,8.07,2,8.05,3,,,,,8.15,2,8.16,2,8.17,3,8.18,3,,,,,,,,,,,,
2024-10-15 09:37:56,8.14,8.14,1,8.13,1,8.15,4,8.15,8.13,8.13,1,8.12,9,8.11,2,8.1,6,8.09,3,8.08,1,8.07,2,8.05,3,,,,,8.15,4,8.16,2,8.17,3,8.18,3,,,,,,,,,,,,
2024-10-15 09:37:58,8.14,8.14,1,8.13,3,8.15,4,8.15,8.13,8.13,3,8.12,9,8.11,2,8.1,6,8.09,3,8.08,1,8.07,2,8.05,3,,,,,8.15,4,8.16,2,8.17,3,8.18,3,,,,,,,,,,,,
2024-10-15 09:37:58,8.14,8.14,1,8.13,3,8.15,4,8.15,8.13,8.13,3,8.12,9,8.11,2,8.1,6,8.09,3,8.08,1,8.07,2,8.05,3,,,,,8.15,4,8.16,2,8.17,3,8.18,3,,,,,,,,,,,,
2024-10-15 09:38:00,8.14,8.14,1,8.13,3,8.15,4,8.15,8.13,8.13,3,8.12,9,8.11,2,8.1,6,8.09,3,8.08,1,8.07,2,8.05,3,,,,,8.15,4,8.16,2,8.17,3,8.18,3,,,,,,,,,,,,
2024-10-15 09:38:01,8.14,8.14,1,8.13,2,8.15,4,8.15,8.13,8.13,2,8.12,9,8.11,2,8.1,6,8.09,3,8.08,1,8.07,2,8.05,3,,,,,8.15,4,8.16,2,8.17,3,8.18,3,,,,,,,,,,,,
2024-10-15 09:38:01,8.14,8.14,1,8.13,2,8.15,4,8.15,8.13,8.13,2,8.12,9,8.11,2,8.1,6,8.09,3,8.08,1,8.07,2,8.05,3,,,,,8.15,4,8.16,2,8.17,3,8.18,3,,,,,,,,,,,,
2024-10-15 09:38:01,8.14,8.14,1,8.13,2,8.15,4,8.15,8.13,8.13,2,8.12,9,8.11,2,8.1,6,8.09,3,8.08,1,8.07,2,8.05,3,,,,,8.15,4,8.16,2,8.17,3,8.18,3,,,,,,,,,,,,
2024-10-15 09:38:01,8.14,8.14,1,8.13,2,8.15,4,8.15,8.13,8.13,2,8.12,9,8.11,2,8.1,6,8.09,3,8.08,1,8.07,2,8.05,3,,,,,8.15,4,8.16,2,8.17,3,8.18,3,,,,,,,,,,,,
2024-10-15 09:38:01,8.14,8.14,1,8.13,2,8.15,4,8.15,8.13,8.13,2,8.12,9,8.11,2,8.1,6,8.09,3,8.08,1,8.07,2,8.05,3,,,,,8.15,4,8.16,2,8.17,3,8.18,3,,,,,,,,,,,,
2024-10-15 09:38:01,8.14,8.14,1,8.13,2,8.15,4,8.15,8.13,8.13,2,8.12,9,8.11,2,8.1,6,8.09,3,8.08,1,8.07,2,8.05,3,,,,,8.15,4,8.16,2,8.17,3,8.18,3,,,,,,,,,,,,
2024-10-15 09:38:01,8.14,8.14,1,8.13,2,8.15,4,8.15,8.13,8.13,2,8.12,9,8.11,2,8.1,6,8.09,3,8.08,1,8.07,2,8.05,3,,,,,8.15,4,8.16,2,8.17,3,8.18,3,,,,,,,,,,,,
2024-10-15 09:38:01,8.14,8.14,1,8.13,2,8.15,4,8.15,8.13,8.13,2,8.12,9,8.11,2,8.1,6,8.09,3,8.08,1,8.07,2,8.05,3,,,,,8.15,4,8.16,2,8.17,3,8.18,3,,,,,,,,,,,,
2024-10-15 09:38:09,8.14,8.14,1,8.13,2,8.15,4,8.15,8.13,8.13,2,8.12,9,8.11,2,8.1,6,8.09,3,8.08,1,8.07,2,8.05,3,,,,,8.15,4,8.16,2,8.17,3,8.18,3,,,,,,,,,,,,
2024-10-15 09:38:09,8.14,8.14,1,8.13,2,8.15,4,8.15,8.13,8.13,2,8.12,9,8.11,2,8.1,6,8.09,3,8.08,1,8.07,2,8.05,3,,,,,8.15,4,8.16,2,8.17,3,8.18,3,,,,,,,,,,,,
2024-10-15 09:38:11,8.14,8.14,1,8.13,1,8.15,3,8.15,8.13,8.13,1,8.12,9,8.11,2,8.1,6,8.09,3,8.08,1,8.07,2,8.05,3,,,,,8.15,3,8.16,2,8.17,3,8.18,3,,,,,,,,,,,,
2024-10-15 09:38:12,8.14,8.14,1,8.13,1,8.15,3,8.15,8.13,8.13,1,8.12,9,8.11,2,8.1,6,8.09,3,8.08,1,8.07,2,8.05,3,,,,,8.15,3,8.16,2,8.17,3,8.18,3,,,,,,,,,,,,
2024-10-15 09:38:12,8.14,8.14,1,8.13,1,8.15,3,8.15,8.13,8.13,1,8.12,9,8.11,2,8.1,6,8.09,3,8.08,1,8.07,2,8.05,3,,,,,8.15,3,8.16,2,8.17,3,8.18,3,,,,,,,,,,,,
2024-10-15 09:38:12,8.14,8.14,1,8.13,1,8.15,3,8.15,8.13,8.13,1,8.12,9,8.11,2,8.1,6,8.09,3,8.08,1,8.07,2,8.05,3,,,,,8.15,3,8.16,2,8.17,3,8.18,3,,,,,,,,,,,,
2024-10-15 09:38:12,8.14,8.14,1,8.13,1,8.15,4,8.15,8.13,8.13,1,8.12,9,8.11,2,8.1,6,8.09,3,8.08,1,8.07,2,8.05,3,,,,,8.15,4,8.16,2,8.17,3,8.18,3,,,,,,,,,,,,
2024-10-15 09:38:12,8.14,8.14,1,8.13,1,8.15,4,8.15,8.13,8.13,1,8.12,9,8.11,2,8.1,6,8.09,3,8.08,1,8.07,2,8.05,3,,,,,8.15,4,8.16,2,8.17,3,8.18,3,,,,,,,,,,,,
2024-10-15 09:38:18,8.14,8.14,1,8.13,1,8.15,4,8.15,8.13,8.13,1,8.12,9,8.11,2,8.1,6,8.09,3,8.08,1,8.07,2,8.05,3,,,,,8.15,4,8.16,2,8.17,3,8.18,3,,,,,,,,,,,,
2024-10-15 09:38:19,8.14,8.14,1,8.13,1,8.15,4,8.15,8.13,8.13,1,8.12,9,8.11,2,8.1,6,8.09,3,8.08,1,8.07,2,8.05,3,,,,,8.15,4,8.16,2,8.17,3,8.18,3,,,,,,,,,,,,
2024-10-15 09:38:19,8.14,8.14,1,8.13,1,8.15,4,8.15,8.13,8.13,1,8.12,9,8.11,2,8.1,6,8.09,3,8.08,1,8.07,2,8.05,3,,,,,8.15,4,8.16,2,8.17,3,8.18,3,,,,,,,,,,,,
2024-10-15 09:38:19,8.14,8.14,1,8.13,1,8.15,4,8.15,8.13,8.13,1,8.12,9,8.11,2,8.1,6,8.09,3,8.08,1,8.07,2,8.05,3,,,,,8.15,4,8.16,2,8.17,3,8.18,3,,,,,,,,,,,,
2024-10-15 09:38:19,8.14,8.14,1,8.13,1,8.15,4,8.15,8.13,8.13,1,8.12,9,8.11,2,8.1,6,8.09,3,8.08,1,8.07,2,8.05,3,,,,,8.15,4,8.16,2,8.17,3,8.18,3,,,,,,,,,,,,
2024-10-15 09:38:19,8.14,8.14,1,8.13,1,8.15,4,8.15,8.13,8.13,1,8.12,9,8.11,2,8.1,6,8.09,3,8.08,1,8.07,2,8.05,3,,,,,8.15,4,8.16,2,8.17,3,8.18,3,,,,,,,,,,,,
2024-10-15 09:38:23,8.14,8.14,1,8.13,1,8.15,4,8.15,8.13,8.13,1,8.12,9,8.11,2,8.1,6,8.09,3,8.08,1,8.07,2,8.05,3,,,,,8.15,4,8.16,2,8.17,3,8.18,3,,,,,,,,,,,,
2024-10-15 09:38:24,8.14,8.14,1,8.13,1,8.15,4,8.15,8.13,8.13,1,8.12,9,8.11,2,8.1,6,8.09,3,8.08,1,8.07,2,8.05,3,,,,,8.15,4,8.16,2,8.17,3,8.18,3,,,,,,,,,,,,
2024-10-15 09:38:24,8.14,8.14,1,8.13,1,8.15,4,8.15,8.13,8.13,1,8.12,9,8.11,2,8.1,6,8.09,3,8.08,1,8.07,2,8.05,3,,,,,8.15,4,8.16,2,8.17,3,8.18,3,,,,,,,,,,,,
2024-10-15 09:38:24,8.14,8.14,1,8.13,1,8.15,4,8.15,8.13,8.13,1,8.12,9,8.11,2,8.1,6,8.09,3,8.08,1,8.07,2,8.05,3,,,,,8.15,4,8.16,2,8.17,3,8.18,3,,,,,,,,,,,,
2024-10-15 09:38:27,8.14,8.14,1,8.13,1,8.15,4,8.15,8.13,8.13,1,8.12,9,8.11,2,8.1,6,8.09,3,8.08,1,8.07,2,8.05,3,,,,,8.15,4,8.16,2,8.17,3,8.18,3,,,,,,,,,,,,
2024-10-15 09:38:29,8.14,8.14,1,8.13,1,8.15,4,8.15,8.13,8.13,1,8.12,9,8.11,2,8.1,6,8.09,3,8.08,1,8.07,2,8.05,3,,,,,8.15,4,8.16,2,8.17,3,8.18,3,,,,,,,,,,,,
2024-10-15 09:38:29,8.14,8.14,1,8.13,1,8.15,4,8.15,8.13,8.13,1,8.12,9,8.11,2,8.1,6,8.09,3,8.08,1,8.07,2,8.05,3,,,,,8.15,4,8.16,2,8.17,3,8.18,3,,,,,,,,,,,,
2024-10-15 09:38:29,8.14,8.14,1,8.13,1,8.15,4,8.15,8.13,8.13,1,8.12,9,8.11,2,8.1,6,8.09,3,8.08,1,8.07,2,8.05,3,,,,,8.15,4,8.16,2,8.17,3,8.18,3,,,,,,,,,,,,
2024-10-15 09:38:29,8.14,8.14,1,8.13,1,8.15,4,8.15,8.13,8.13,1,8.12,9,8.11,2,8.1,6,8.09,3,8.08,1,8.07,2,8.05,3,,,,,8.15,4,8.16,2,8.17,3,8.18,3,,,,,,,,,,,,
2024-10-15 09:38:29,8.14,8.14,1,8.13,1,8.15,4,8.15,8.13,8.13,1,8.12,9,8.11,2,8.1,6,8.09,3,8.08,1,8.07,2,8.05,3,,,,,8.15,4,8.16,2,8.17,3,8.18,3,,,,,,,,,,,,
2024-10-15 09:38:29,8.14,8.14,1,8.13,4,8.15,2,8.15,8.13,8.13,4,8.12,9,8.11,2,8.1,6,8.09,3,8.08,1,8.07,2,8.05,3,,,,,8.15,2,8.16,2,8.17,3,8.18,3,,,,,,,,,,,,
2024-10-15 09:38:29,8.14,8.14,1,8.13,4,8.15,2,8.15,8.13,8.13,4,8.12,9,8.11,2,8.1,6,8.09,3,8.08,1,8.07,2,8.05,3,,,,,8.15,2,8.16,2,8.17,3,8.18,3,,,,,,,,,,,,
2024-10-15 09:38:29,8.14,8.14,1,8.13,4,8.15,3,8.15,8.13,8.13,4,8.12,9,8.11,2,8.1,6,8.09,3,8.08,1,8.07,2,8.05,3,,,,,8.15,3,8.16,2,8.17,3,8.18,3,,,,,,,,,,,,
2024-10-15 09:38:37,8.14,8.14,1,8.13,2,8.15,3,8.15,8.13,8.13,2,8.12,9,8.11,2,8.1,6,8.09,3,8.08,1,8.07,2,8.05,3,,,,,8.15,3,8.16,2,8.17,3,8.18,3,,,,,,,,,,,,
2024-10-15 09:38:37,8.14,8.14,1,8.13,2,8.15,3,8.15,8.13,8.13,2,8.12,9,8.11,2,8.1,6,8.09,3,8.08,1,8.07,2,8.05,3,,,,,8.15,3,8.16,2,8.17,3,8.18,3,,,,,,,,,,,,
2024-10-15 09:38:38,8.14,8.14,1,8.13,2,8.15,3,8.15,8.13,8.13,2,8.12,9,8.11,2,8.1,6,8.09,3,8.08,1,8.07,2,8.05,3,,,,,8.15,3,8.16,2,8.17,3,8.18,3,,,,,,,,,,,,
2024-10-15 09:38:38,8.14,8.14,1,8.13,2,8.15,3,8.15,8.13,8.13,2,8.12,9,8.11,2,8.1,6,8.09,3,8.08,1,8.07,2,8.05,3,,,,,8.15,3,8.16,2,8.17,3,8.18,3,,,,,,,,,,,,
2024-10-15 09:38:40,8.14,8.14,1,8.13,2,8.15,3,8.15,8.13,8.13,2,8.12,9,8.11,2,8.1,6,8.09,3,8.08,1,8.07,2,8.05,3,,,,,8.15,3,8.16,2,8.17,3,8.18,3,,,,,,,,,,,,
2024-10-15 09:38:40,8.14,8.14,1,8.13,2,8.15,3,8.15,8.13,8.13,2,8.12,9,8.11,2,8.1,6,8.09,3,8.08,1,8.07,2,8.05,3,,,,,8.15,3,8.16,2,8.17,3,8.18,3,,,,,,,,,,,,
2024-10-15 09:38:40,8.14,8.14,1,8.13,2,8.15,3,8.15,8.13,8.13,2,8.12,9,8.11,2,8.1,6,8.09,3,8.08,1,8.07,2,8.05,3,,,,,8.15,3,8.16,2,8.17,3,8.18,3,,,,,,,,,,,,
2024-10-15 09:38:44,8.14,8.14,1,8.13,2,8.15,3,8.15,8.13,8.13,2,8.12,9,8.11,2,8.1,6,8.09,3,8.08,1,8.07,2,8.05,3,,,,,8.15,3,8.16,2,8.17,3,8.18,3,,,,,,,,,,,,
2024-10-15 09:38:44,8.14,8.14,1,8.13,2,8.15,3,8.15,8.13,8.13,2,8.12,9,8.11,2,8.1,6,8.09,3,8.08,1,8.07,2,8.05,3,,,,,8.15,3,8.16,2,8.17,3,8.18,3,,,,,,,,,,,,
2024-10-15 09:38:44,8.14,8.14,1,8.13,2,8.15,3,8.15,8.13,8.13,2,8.12,9,8.11,2,8.1,6,8.09,3,8.08,1,8.07,2,8.05,3,,,,,8.15,3,8.16,2,8.17,3,8.18,3,,,,,,,,,,,,
2024-10-15 09:38:47,8.14,8.14,1,8.13,2,8.15,3,8.15,8.13,8.13,2,8.12,9,8.11,2,8.1,6,8.09,3,8.08,1,8.07,2,8.05,3,,,,,8.15,3,8.16,2,8.17,3,8.18,3,,,,,,,,,,,,
2024-10-15 09:38:47,8.14,8.14,1,8.13,2,8.15,3,8.15,8.13,8.13,2,8.12,9,8.11,2,8.1,6,8.09,3,8.08,1,8.07,2,8.05,3,,,,,8.15,3,8.16,2,8.17,3,8.18,3,,,,,,,,,,,,
2024-10-15 09:38:47,8.14,8.14,1,8.13,2,8.15,3,8.15,8.13,8.13,2,8.12,9,8.11,2,8.1,6,8.09,3,8.08,1,8.07,2,8.05,3,,,,,8.15,3,8.16,2,8.17,3,8.18,3,,,,,,,,,,,,
2024-10-15 09:38:47,8.14,8.14,1,8.13,1,8.15,3,8.15,8.13,8.13,1,8.12,9,8.11,2,8.1,6,8.09,3,8.08,1,8.07,2,8.05,3,,,,,8.15,3,8.16,2,8.17,3,8.18,3,,,,,,,,,,,,
2024-10-15 09:38:50,8.14,8.14,1,8.13,1,8.15,3,8.15,8.13,8.13,1,8.12,9,8.11,2,8.1,6,8.09,3,8.08,1,8.07,2,8.05,3,,,,,8.15,3,8.16,2,8.17,3,8.18,3,,,,,,,,,,,,
2024-10-15 09:38:50,8.14,8.14,1,8.13,1,8.15,3,8.15,8.13,8.13,1,8.12,9,8.11,2,8.1,6,8.09,3,8.08,1,8.07,2,8.05,3,,,,,8.15,3,8.16,2,8.17,3,8.18,3,,,,,,,,,,,,
2024-10-15 09:38:52,8.14,8.14,1,8.13,1,8.15,3,8.15,8.13,8.13,1,8.12,9,8.11,2,8.1,6,8.09,3,8.08,1,8.07,2,8.05,3,,,,,8.15,3,8.16,2,8.17,3,8.18,3,,,,,,,,,,,,
2024-10-15 09:38:52,8.14,8.14,1,8.13,1,8.15,3,8.15,8.13,8.13,1,8.12,9,8.11,2,8.1,6,8.09,3,8.08,1,8.07,2,8.05,3,,,,,8.15,3,8.16,2,8.17,3,8.18,3,,,,,,,,,,,,
2024-10-15 09:38:55,8.14,8.14,1,8.13,1,8.15,3,8.15,8.13,8.13,1,8.12,9,8.11,2,8.1,6,8.09,3,8.08,1,8.07,2,8.05,3,,,,,8.15,3,8.16,2,8.17,3,8.18,3,,,,,,,,,,,,
2024-10-15 09:38:55,8.14,8.14,1,8.13,1,8.15,3,8.15,8.13,8.13,1,8.12,9,8.11,2,8.1,6,8.09,3,8.08,1,8.07,2,8.05,3,,,,,8.15,3,8.16,2,8.17,3,8.18,3,,,,,,,,,,,,
2024-10-15 09:38:56,8.14,8.14,1,8.13,1,8.15,3,8.15,8.13,8.13,1,8.12,9,8.11,2,8.1,6,8.09,3,8.08,1,8.07,2,8.05,3,,,,,8.15,3,8.16,2,8.17,3,8.18,3,,,,,,,,,,,,
2024-10-15 09:38:56,8.14,8.14,1,8.13,1,8.15,3,8.15,8.13,8.13,1,8.12,9,8.11,2,8.1,6,8.09,3,8.08,1,8.07,2,8.05,3,,,,,8.15,3,8.16,2,8.17,3,8.18,3,,,,,,,,,,,,
2024-10-15 09:38:56,8.14,8.14,1,8.13,1,8.15,3,8.15,8.13,8.13,1,8.12,9,8.11,2,8.1,6,8.09,3,8.08,1,8.07,2,8.05,3,,,,,8.15,3,8.16,2,8.17,3,8.18,3,,,,,,,,,,,,
2024-10-15 09:38:56,8.14,8.14,1,8.13,1,8.15,3,8.15,8.13,8.13,1,8.12,9,8.11,2,8.1,6,8.09,3,8.08,1,8.07,2,8.05,3,,,,,8.15,3,8.16,2,8.17,3,8.18,3,,,,,,,,,,,,
2024-10-15 09:38:56,8.14,8.14,1,8.13,1,8.15,3,8.15,8.13,8.13,1,8.12,9,8.11,2,8.1,6,8.09,3,8.08,1,8.07,2,8.05,3,,,,,8.15,3,8.16,2,8.17,3,8.18,3,,,,,,,,,,,,
2024-10-15 09:39:01,8.14,8.14,1,8.13,1,8.15,3,8.15,8.13,8.13,1,8.12,9,8.11,2,8.1,6,8.09,3,8.08,1,8.07,2,8.05,3,,,,,8.15,3,8.16,2,8.17,3,8.18,3,,,,,,,,,,,,
2024-10-15 09:39:03,8.155,8.14,1,8.14,6,8.17,4,8.17,8.14,8.14,6,8.13,4,8.12,9,8.11,2,8.1,6,8.09,3,8.08,1,8.07,2,8.05,3,,,8.17,4,8.18,4,,,,,,,,,,,,,,,,
2024-10-15 09:39:03,8.155,8.14,1,8.14,6,8.17,4,8.17,8.14,8.14,6,8.13,4,8.12,9,8.11,2,8.1,6,8.09,3,8.08,1,8.07,2,8.05,3,,,8.17,4,8.18,4,,,,,,,,,,,,,,,,
2024-10-15 09:39:04,8.155,8.14,1,8.14,7,8.17,4,8.17,8.14,8.14,7,8.13,4,8.12,9,8.11,2,8.1,6,8.09,3,8.08,1,8.07,2,8.05,3,,,8.17,4,8.18,4,,,,,,,,,,,,,,,,
2024-10-15 09:39:04,8.155,8.14,1,8.14,7,8.17,4,8.17,8.14,8.14,7,8.13,4,8.12,9,8.11,2,8.1,6,8.09,3,8.08,1,8.07,2,8.05,3,,,8.17,4,8.18,4,,,,,,,,,,,,,,,,
2024-10-15 09:39:06,8.155,8.14,1,8.14,7,8.17,4,8.17,8.14,8.14,7,8.13,4,8.12,9,8.11,2,8.1,6,8.09,3,8.08,1,8.07,2,8.05,3,,,8.17,4,8.18,4,,,,,,,,,,,,,,,,
2024-10-15 09:39:06,8.155,8.14,1,8.14,7,8.17,4,8.17,8.14,8.14,7,8.13,4,8.12,9,8.11,2,8.1,6,8.09,3,8.08,1,8.07,2,8.05,3,,,8.17,4,8.18,4,,,,,,,,,,,,,,,,
2024-10-15 09:39:06,8.155,8.14,1,8.14,7,8.17,4,8.17,8.14,8.14,7,8.13,4,8.12,9,8.11,2,8.1,6,8.09,3,8.08,1,8.07,2,8.05,3,,,8.17,4,8.18,4,,,,,,,,,,,,,,,,
2024-10-15 09:39:09,8.155,8.14,1,8.14,7,8.17,4,8.17,8.14,8.14,7,8.13,4,8.12,9,8.11,2,8.1,6,8.09,3,8.08,1,8.07,2,8.05,3,,,8.17,4,8.18,4,,,,,,,,,,,,,,,,
2024-10-15 09:39:09,8.155,8.14,1,8.14,7,8.17,4,8.17,8.14,8.14,7,8.13,4,8.12,9,8.11,2,8.1,6,8.09,3,8.08,1,8.07,2,8.05,3,,,8.17,4,8.18,4,,,,,,,,,,,,,,,,
2024-10-15 09:39:09,8.155,8.14,1,8.14,7,8.17,4,8.17,8.14,8.14,7,8.13,4,8.12,9,8.11,2,8.1,6,8.09,3,8.08,1,8.07,2,8.05,3,,,8.17,4,8.18,4,,,,,,,,,,,,,,,,
2024-10-15 09:39:09,8.155,8.14,1,8.14,7,8.17,4,8.17,8.14,8.14,7,8.13,4,8.12,9,8.11,2,8.1,6,8.09,3,8.08,1,8.07,2,8.05,3,,,8.17,4,8.18,4,,,,,,,,,,,,,,,,
2024-10-15 09:39:09,8.155,8.14,1,8.14,7,8.17,4,8.17,8.14,8.14,7,8.13,4,8.12,9,8.11,2,8.1,6,8.09,3,8.08,1,8.07,2,8.05,3,,,8.17,4,8.18,4,,,,,,,,,,,,,,,,
2024-10-15 09:39:09,8.155,8.14,1,8.14,7,8.17,4,8.17,8.14,8.14,7,8.13,4,8.12,9,8.11,2,8.1,6,8.09,3,8.08,1,8.07,2,8.05,3,,,8.17,4,8.18,4,,,,,,,,,,,,,,,,
2024-10-15 09:39:09,8.155,8.14,1,8.14,7,8.17,4,8.17,8.14,8.14,7,8.13,4,8.12,9,8.11,2,8.1,6,8.09,3,8.08,1,8.07,2,8.05,3,,,8.17,4,8.18,4,,,,,,,,,,,,,,,,
2024-10-15 09:39:09,8.155,8.14,1,8.14,7,8.17,4,8.17,8.14,8.14,7,8.13,4,8.12,9,8.11,2,8.1,6,8.09,3,8.08,1,8.07,2,8.05,3,,,8.17,4,8.18,4,,,,,,,,,,,,,,,,
2024-10-15 09:39:09,8.155,8.14,1,8.14,7,8.17,4,8.17,8.14,8.14,7,8.13,4,8.12,9,8.11,2,8.1,6,8.09,3,8.08,1,8.07,2,8.05,3,,,8.17,4,8.18,4,,,,,,,,,,,,,,,,
2024-10-15 09:39:09,8.155,8.14,1,8.14,7,8.17,4,8.17,8.14,8.14,7,8.13,4,8.12,9,8.11,2,8.1,6,8.09,3,8.08,1,8.07,2,8.05,3,,,8.17,4,8.18,4,,,,,,,,,,,,,,,,
2024-10-15 09:39:09,8.155,8.14,1,8.14,7,8.17,4,8.17,8.14,8.14,7,8.13,4,8.12,9,8.11,2,8.1,6,8.09,3,8.08,1,8.07,2,8.05,3,,,8.17,4,8.18,4,,,,,,,,,,,,,,,,
2024-10-15 09:39:09,8.155,8.14,1,8.14,7,8.17,4,8.17,8.14,8.14,7,8.13,4,8.12,9,8.11,2,8.1,6,8.09,3,8.08,1,8.07,2,8.05,3,,,8.17,4,8.18,4,,,,,,,,,,,,,,,,
2024-10-15 09:39:09,8.155,8.14,1,8.14,7,8.17,4,8.17,8.14,8.14,7,8.13,4,8.12,9,8.11,2,8.1,6,8.09,3,8.08,1,8.07,2,8.05,3,,,8.17,4,8.18,4,,,,,,,,,,,,,,,,
2024-10-15 09:39:09,8.155,8.14,1,8.14,7,8.17,4,8.17,8.14,8.14,7,8.13,4,8.12,9,8.11,2,8.1,6,8.09,3,8.08,1,8.07,2,8.05,3,,,8.17,4,8.18,4,,,,,,,,,,,,,,,,
2024-10-15 09:39:09,8.155,8.14,1,8.14,7,8.17,4,8.17,8.14,8.14,7,8.13,4,8.12,9,8.11,2,8.1,6,8.09,3,8.08,1,8.07,2,8.05,3,,,8.17,4,8.18,4,,,,,,,,,,,,,,,,
2024-10-15 09:39:25,8.155,8.14,1,8.14,7,8.17,4,8.17,8.14,8.14,7,8.13,4,8.12,9,8.11,2,8.1,6,8.09,3,8.08,1,8.07,2,8.05,3,,,8.17,4,8.18,4,,,,,,,,,,,,,,,,
2024-10-15 09:39:26,8.155,8.14,1,8.14,7,8.17,4,8.17,8.14,8.14,7,8.13,4,8.12,9,8.11,2,8.1,6,8.09,3,8.08,1,8.07,2,8.05,3,,,8.17,4,8.18,4,,,,,,,,,,,,,,,,
2024-10-15 09:39:26,8.155,8.14,1,8.14,7,8.17,4,8.17,8.14,8.14,7,8.13,4,8.12,9,8.11,2,8.1,6,8.09,3,8.08,1,8.07,2,8.05,3,,,8.17,4,8.18,4,,,,,,,,,,,,,,,,
2024-10-15 09:39:26,8.155,8.14,1,8.14,7,8.17,4,8.17,8.14,8.14,7,8.13,4,8.12,9,8.11,2,8.1,6,8.09,3,8.08,1,8.07,2,8.05,3,,,8.17,4,8.18,4,,,,,,,,,,,,,,,,
2024-10-15 09:39:26,8.155,8.14,1,8.14,7,8.17,4,8.17,8.14,8.14,7,8.13,4,8.12,9,8.11,2,8.1,6,8.09,3,8.08,1,8.07,2,8.05,3,,,8.17,4,8.18,4,,,,,,,,,,,,,,,,
2024-10-15 09:39:26,8.155,8.14,1,8.14,7,8.17,4,8.17,8.14,8.14,7,8.13,4,8.12,9,8.11,2,8.1,6,8.09,3,8.08,1,8.07,2,8.05,3,,,8.17,4,8.18,4,,,,,,,,,,,,,,,,
2024-10-15 09:39:26,8.155,8.14,1,8.14,7,8.17,4,8.17,8.14,8.14,7,8.13,4,8.12,9,8.11,2,8.1,6,8.09,3,8.08,1,8.07,2,8.05,3,,,8.17,4,8.18,4,,,,,,,,,,,,,,,,
2024-10-15 09:39:26,8.155,8.14,1,8.14,7,8.17,4,8.17,8.14,8.14,7,8.13,4,8.12,9,8.11,2,8.1,6,8.09,3,8.08,1,8.07,2,8.05,3,,,8.17,4,8.18,4,,,,,,,,,,,,,,,,
2024-10-15 09:39:26,8.155,8.14,1,8.14,7,8.17,4,8.17,8.14,8.14,7,8.13,4,8.12,9,8.11,2,8.1,6,8.09,3,8.08,1,8.07,2,8.05,3,,,8.17,4,8.18,4,,,,,,,,,,,,,,,,
2024-10-15 09:39:26,8.155,8.14,1,8.14,7,8.17,4,8.17,8.14,8.14,7,8.13,4,8.12,9,8.11,2,8.1,6,8.09,3,8.08,1,8.07,2,8.05,3,,,8.17,4,8.18,4,,,,,,,,,,,,,,,,
2024-10-15 09:39:26,8.155,8.14,1,8.14,7,8.17,4,8.17,8.14,8.14,7,8.13,4,8.12,9,8.11,2,8.1,6,8.09,3,8.08,1,8.07,2,8.05,3,,,8.17,4,8.18,4,,,,,,,,,,,,,,,,
2024-10-15 09:39:26,8.155,8.14,1,8.14,7,8.17,4,8.17,8.14,8.14,7,8.13,4,8.12,9,8.11,2,8.1,6,8.09,3,8.08,1,8.07,2,8.05,3,,,8.17,4,8.18,4,,,,,,,,,,,,,,,,
2024-10-15 09:39:26,8.155,8.14,1,8.14,7,8.17,4,8.17,8.14,8.14,7,8.13,4,8.12,9,8.11,2,8.1,6,8.09,3,8.08,1,8.07,2,8.05,3,,,8.17,4,8.18,4,,,,,,,,,,,,,,,,
2024-10-15 09:39:26,8.155,8.14,1,8.14,7,8.17,4,8.17,8.14,8.14,7,8.13,4,8.12,9,8.11,2,8.1,6,8.09,3,8.08,1,8.07,2,8.05,3,,,8.17,4,8.18,4,,,,,,,,,,,,,,,,
2024-10-15 09:39:26,8.155,8.14,1,8.14,7,8.17,4,8.17,8.14,8.14,7,8.13,4,8.12,9,8.11,2,8.1,6,8.09,3,8.08,1,8.07,2,8.05,3,,,8.17,4,8.18,4,,,,,,,,,,,,,,,,
2024-10-15 09:39:26,8.155,8.14,1,8.14,7,8.17,4,8.17,8.14,8.14,7,8.13,4,8.12,9,8.11,2,8.1,6,8.09,3,8.08,1,8.07,2,8.05,3,,,8.17,4,8.18,4,,,,,,,,,,,,,,,,
2024-10-15 09:39:26,8.155,8.14,1,8.14,7,8.17,4,8.17,8.14,8.14,7,8.13,4,8.12,9,8.11,2,8.1,6,8.09,3,8.08,1,8.07,2,8.05,3,,,8.17,4,8.18,4,,,,,,,,,,,,,,,,
2024-10-15 09:39:26,8.155,8.14,1,8.14,7,8.17,4,8.17,8.14,8.14,7,8.13,4,8.12,9,8.11,2,8.1,6,8.09,3,8.08,1,8.07,2,8.05,3,,,8.17,4,8.18,4,,,,,,,,,,,,,,,,
2024-10-15 09:39:26,8.155,8.14,1,8.14,7,8.17,4,8.17,8.14,8.14,7,8.13,4,8.12,9,8.11,2,8.1,6,8.09,3,8.08,1,8.07,2,8.05,3,,,8.17,4,8.18,4,,,,,,,,,,,,,,,,
2024-10-15 09:39:26,8.155,8.14,1,8.14,7,8.17,4,8.17,8.14,8.14,7,8.13,4,8.12,9,8.11,2,8.1,6,8.09,3,8.08,1,8.07,2,8.05,3,,,8.17,4,8.18,4,,,,,,,,,,,,,,,,
2024-10-15 09:39:45,8.155,8.14,1,8.14,7,8.17,4,8.17,8.14,8.14,7,8.13,4,8.12,9,8.11,2,8.1,6,8.09,3,8.08,1,8.07,2,8.05,3,,,8.17,4,8.18,4,,,,,,,,,,,,,,,,
2024-10-15 09:39:45,8.16,8.14,1,8.15,4,8.17,4,8.17,8.15,8.15,4,8.14,7,8.13,4,8.12,9,8.11,2,8.1,6,8.09,3,8.08,1,8.07,2,8.05,3,8.17,4,8.18,4,,,,,,,,,,,,,,,,
2024-10-15 09:39:45,8.16,8.14,1,8.15,4,8.17,4,8.17,8.15,8.15,4,8.14,7,8.13,4,8.12,9,8.11,2,8.1,6,8.09,3,8.08,1,8.07,2,8.05,3,8.17,4,8.18,4,,,,,,,,,,,,,,,,
2024-10-15 09:39:48,8.16,8.14,1,8.15,4,8.17,4,8.17,8.15,8.15,4,8.14,7,8.13,4,8.12,9,8.11,2,8.1,6,8.09,3,8.08,1,8.07,2,8.05,3,8.17,4,8.18,4,,,,,,,,,,,,,,,,
2024-10-15 09:39:48,8.16,8.14,1,8.15,4,8.17,4,8.17,8.15,8.15,4,8.14,7,8.13,4,8.12,9,8.11,2,8.1,6,8.09,3,8.08,1,8.07,2,8.05,3,8.17,4,8.18,4,,,,,,,,,,,,,,,,
2024-10-15 09:39:48,8.16,8.14,1,8.15,4,8.17,4,8.17,8.15,8.15,4,8.14,7,8.13,4,8.12,9,8.11,2,8.1,6,8.09,3,8.08,1,8.07,2,8.05,3,8.17,4,8.18,4,,,,,,,,,,,,,,,,
2024-10-15 09:39:48,8.16,8.14,1,8.15,4,8.17,4,8.17,8.15,8.15,4,8.14,7,8.13,4,8.12,9,8.11,2,8.1,6,8.09,3,8.08,1,8.07,2,8.05,3,8.17,4,8.18,4,,,,,,,,,,,,,,,,
2024-10-15 09:39:52,8.16,8.14,1,8.15,3,8.17,4,8.17,8.15,8.15,3,8.14,7,8.13,4,8.12,9,8.11,2,8.1,6,8.09,3,8.08,1,8.07,2,8.05,3,8.17,4,8.18,4,,,,,,,,,,,,,,,,
2024-10-15 09:39:52,8.16,8.14,1,8.15,3,8.17,4,8.17,8.15,8.15,3,8.14,7,8.13,4,8.12,9,8.11,2,8.1,6,8.09,3,8.08,1,8.07,2,8.05,3,8.17,4,8.18,4,,,,,,,,,,,,,,,,
2024-10-15 09:39:52,8.16,8.14,1,8.15,4,8.17,4,8.17,8.15,8.15,4,8.14,7,8.13,4,8.12,9,8.11,2,8.1,6,8.09,3,8.08,1,8.07,2,8.05,3,8.17,4,8.18,4,,,,,,,,,,,,,,,,
2024-10-15 09:39:52,8.16,8.14,1,8.15,4,8.17,4,8.17,8.15,8.15,4,8.14,7,8.13,4,8.12,9,8.11,2,8.1,6,8.09,3,8.08,1,8.07,2,8.05,3,8.17,4,8.18,4,,,,,,,,,,,,,,,,
2024-10-15 09:39:52,8.16,8.14,1,8.15,7,8.17,2,8.17,8.15,8.15,7,8.14,7,8.13,4,8.12,9,8.11,2,8.1,6,8.09,3,8.08,1,8.07,2,8.05,3,8.17,2,8.18,4,,,,,,,,,,,,,,,,
2024-10-15 09:39:57,8.16,8.14,1,8.15,7,8.17,2,8.17,8.15,8.15,7,8.14,7,8.13,4,8.12,9,8.11,2,8.1,6,8.09,3,8.08,1,8.07,2,8.05,3,8.17,2,8.18,4,,,,,,,,,,,,,,,,
2024-10-15 09:39:57,8.16,8.14,1,8.15,7,8.17,2,8.17,8.15,8.15,7,8.14,7,8.13,4,8.12,9,8.11,2,8.1,6,8.09,3,8.08,1,8.07,2,8.05,3,8.17,2,8.18,4,,,,,,,,,,,,,,,,
2024-10-15 09:39:57,8.16,8.14,1,8.15,7,8.17,2,8.17,8.15,8.15,7,8.14,7,8.13,4,8.12,9,8.11,2,8.1,6,8.09,3,8.08,1,8.07,2,8.05,3,8.17,2,8.18,4,,,,,,,,,,,,,,,,
2024-10-15 09:40:00,8.17,8.17,1,8.16,3,8.18,4,8.18,8.16,8.16,3,8.15,7,8.14,7,8.13,4,8.12,9,8.11,2,8.1,6,8.09,3,8.08,1,8.07,2,8.18,4,,,,,,,,,,,,,,,,,,
2024-10-15 09:40:01,8.175,8.17,1,8.17,3,8.18,2,8.18,8.17,8.17,3,8.16,3,8.15,7,8.14,7,8.13,4,8.12,9,8.11,2,8.1,6,8.09,3,8.08,1,8.18,2,,,,,,,,,,,,,,,,,,
2024-10-15 09:40:02,8.175,8.17,1,8.17,3,8.18,2,8.18,8.17,8.17,3,8.16,1,8.15,7,8.14,7,8.13,4,8.12,9,8.11,2,8.1,6,8.09,3,8.08,1,8.18,2,,,,,,,,,,,,,,,,,,
2024-10-15 09:40:02,8.175,8.17,1,8.17,3,8.18,2,8.18,8.17,8.17,3,8.16,1,8.15,7,8.14,7,8.13,4,8.12,9,8.11,2,8.1,6,8.09,3,8.08,1,8.18,2,,,,,,,,,,,,,,,,,,
2024-10-15 09:40:04,8.17,8.17,1,8.16,2,8.18,4,8.18,8.16,8.16,2,8.15,7,8.14,7,8.13,4,8.12,9,8.11,2,8.1,6,8.09,3,8.08,1,8.07,2,8.18,4,,,,,,,,,,,,,,,,,,
2024-10-15 09:40:04,8.17,8.17,1,8.16,1,8.18,4,8.18,8.16,8.16,1,8.15,7,8.14,7,8.13,4,8.12,9,8.11,2,8.1,6,8.09,3,8.08,1,8.07,2,8.18,4,,,,,,,,,,,,,,,,,,
2024-10-15 09:40:04,8.17,8.17,1,8.16,1,8.18,4,8.18,8.16,8.16,1,8.15,7,8.14,7,8.13,4,8.12,9,8.11,2,8.1,6,8.09,3,8.08,1,8.07,2,8.18,4,,,,,,,,,,,,,,,,,,
2024-10-15 09:40:04,8.17,8.17,1,8.16,1,8.18,4,8.18,8.16,8.16,1,8.15,7,8.14,7,8.13,4,8.12,9,8.11,2,8.1,6,8.09,3,8.08,1,8.07,2,8.18,4,,,,,,,,,,,,,,,,,,
2024-10-15 09:40:04,8.17,8.17,1,8.16,1,8.18,4,8.18,8.16,8.16,1,8.15,7,8.14,7,8.13,4,8.12,9,8.11,2,8.1,6,8.09,3,8.08,1,8.07,2,8.18,4,,,,,,,,,,,,,,,,,,
2024-10-15 09:40:09,8.17,8.17,1,8.16,1,8.18,4,8.18,8.16,8.16,1,8.15,7,8.14,7,8.13,4,8.12,9,8.11,2,8.1,6,8.09,3,8.08,1,8.07,2,8.18,4,,,,,,,,,,,,,,,,,,
2024-10-15 09:40:10,8.17,8.17,1,8.16,1,8.18,4,8.18,8.16,8.16,1,8.15,7,8.14,7,8.13,4,8.12,9,8.11,2,8.1,6,8.09,3,8.08,1,8.07,2,8.18,4,,,,,,,,,,,,,,,,,,
2024-10-15 09:40:10,8.17,8.17,1,8.16,1,8.18,3,8.18,8.16,8.16,1,8.15,7,8.14,7,8.13,4,8.12,9,8.11,2,8.1,6,8.09,3,8.08,1,8.07,2,8.18,3,,,,,,,,,,,,,,,,,,
2024-10-15 09:40:12,8.17,8.17,1,8.16,1,8.18,3,8.18,8.16,8.16,1,8.15,7,8.14,7,8.13,4,8.12,9,8.11,2,8.1,6,8.09,3,8.08,1,8.07,2,8.18,3,,,,,,,,,,,,,,,,,,
2024-10-15 09:40:13,8.17,8.17,1,8.16,1,8.18,3,8.18,8.16,8.16,1,8.15,7,8.14,7,8.13,4,8.12,9,8.11,2,8.1,6,8.09,3,8.08,1,8.07,2,8.18,3,,,,,,,,,,,,,,,,,,
2024-10-15 09:40:13,8.17,8.17,1,8.16,1,8.18,3,8.18,8.16,8.16,1,8.15,7,8.14,7,8.13,4,8.12,9,8.11,2,8.1,6,8.09,3,8.08,1,8.07,2,8.18,3,,,,,,,,,,,,,,,,,,
2024-10-15 09:40:13,8.175,8.17,1,8.17,1,8.18,2,8.18,8.17,8.17,1,8.16,1,8.15,7,8.14,7,8.13,4,8.12,9,8.11,2,8.1,6,8.09,3,8.08,1,8.18,2,,,,,,,,,,,,,,,,,,
2024-10-15 09:40:16,8.18,8.18,1,8.17,3,8.19,8,8.19,8.17,8.17,3,8.16,1,8.15,7,8.14,7,8.13,4,8.12,9,8.11,2,8.1,6,8.09,3,8.08,1,8.19,8,,,,,,,,,,,,,,,,,,
2024-10-15 09:40:16,8.18,8.18,1,8.17,3,8.19,7,8.19,8.17,8.17,3,8.16,1,8.15,7,8.14,7,8.13,4,8.12,9,8.11,2,8.1,6,8.09,3,8.08,1,8.19,7,,,,,,,,,,,,,,,,,,
2024-10-15 09:40:18,8.18,8.18,1,8.17,3,8.19,7,8.19,8.17,8.17,3,8.16,1,8.15,7,8.14,7,8.13,4,8.12,9,8.11,2,8.1,6,8.09,3,8.08,1,8.19,7,,,,,,,,,,,,,,,,,,
2024-10-15 09:40:19,8.185,8.18,1,8.18,3,8.19,7,8.19,8.18,8.18,3,8.17,5,8.16,1,8.15,7,8.14,7,8.13,4,8.12,9,8.11,2,8.1,6,8.09,3,8.19,7,,,,,,,,,,,,,,,,,,
2024-10-15 09:40:20,8.185,8.18,1,8.18,1,8.19,8,8.19,8.18,8.18,1,8.17,5,8.16,1,8.15,7,8.14,7,8.13,4,8.12,9,8.11,2,8.1,6,8.09,3,8.19,8,,,,,,,,,,,,,,,,,,
2024-10-15 09:40:21,8.185,8.18,1,8.18,1,8.19,7,8.19,8.18,8.18,1,8.17,5,8.16,1,8.15,7,8.14,7,8.13,4,8.12,9,8.11,2,8.1,6,8.09,3,8.19,7,,,,,,,,,,,,,,,,,,
2024-10-15 09:40:21,8.185,8.18,1,8.18,1,8.19,7,8.19,8.18,8.18,1,8.17,5,8.16,1,8.15,7,8.14,7,8.13,4,8.12,9,8.11,2,8.1,6,8.09,3,8.19,7,,,,,,,,,,,,,,,,,,
2024-10-15 09:40:21,8.185,8.18,1,8.18,1,8.19,7,8.19,8.18,8.18,1,8.17,5,8.16,1,8.15,7,8.14,7,8.13,4,8.12,9,8.11,2,8.1,6,8.09,3,8.19,7,,,,,,,,,,,,,,,,,,
2024-10-15 09:40:24,8.185,8.18,1,8.18,1,8.19,7,8.19,8.18,8.18,1,8.17,5,8.16,1,8.15,7,8.14,7,8.13,4,8.12,9,8.11,2,8.1,6,8.09,3,8.19,7,,,,,,,,,,,,,,,,,,
2024-10-15 09:40:25,8.185,8.18,1,8.18,1,8.19,7,8.19,8.18,8.18,1,8.17,5,8.16,1,8.15,7,8.14,7,8.13,4,8.12,9,8.11,2,8.1,6,8.09,3,8.19,7,,,,,,,,,,,,,,,,,,
2024-10-15 09:40:26,8.185,8.18,1,8.18,1,8.19,7,8.19,8.18,8.18,1,8.17,5,8.16,1,8.15,7,8.14,7,8.13,4,8.12,9,8.11,2,8.1,6,8.09,3,8.19,7,,,,,,,,,,,,,,,,,,
2024-10-15 09:40:27,8.185,8.18,1,8.18,1,8.19,7,8.19,8.18,8.18,1,8.17,5,8.16,1,8.15,7,8.14,7,8.13,4,8.12,9,8.11,2,8.1,6,8.09,3,8.19,7,,,,,,,,,,,,,,,,,,
2024-10-15 09:40:27,8.185,8.18,1,8.18,1,8.19,7,8.19,8.18,8.18,1,8.17,5,8.16,1,8.15,7,8.14,7,8.13,4,8.12,9,8.11,2,8.1,6,8.09,3,8.19,7,,,,,,,,,,,,,,,,,,
2024-10-15 09:40:29,8.185,8.18,1,8.18,1,8.19,7,8.19,8.18,8.18,1,8.17,5,8.16,1,8.15,7,8.14,7,8.13,4,8.12,9,8.11,2,8.1,6,8.09,3,8.19,7,,,,,,,,,,,,,,,,,,
2024-10-15 09:40:29,8.185,8.18,1,8.18,1,8.19,7,8.19,8.18,8.18,1,8.17,5,8.16,1,8.15,7,8.14,7,8.13,4,8.12,9,8.11,2,8.1,6,8.09,3,8.19,7,,,,,,,,,,,,,,,,,,
2024-10-15 09:40:29,8.185,8.18,1,8.18,1,8.19,7,8.19,8.18,8.18,1,8.17,5,8.16,1,8.15,7,8.14,7,8.13,4,8.12,9,8.11,2,8.1,6,8.09,3,8.19,7,,,,,,,,,,,,,,,,,,
2024-10-15 09:40:32,8.185,8.18,1,8.18,1,8.19,7,8.19,8.18,8.18,1,8.17,5,8.16,1,8.15,7,8.14,7,8.13,4,8.12,9,8.11,2,8.1,6,8.09,3,8.19,7,,,,,,,,,,,,,,,,,,
2024-10-15 09:40:32,8.185,8.18,1,8.18,4,8.19,5,8.19,8.18,8.18,4,8.17,5,8.16,1,8.15,7,8.14,7,8.13,4,8.12,9,8.11,2,8.1,6,8.09,3,8.19,5,,,,,,,,,,,,,,,,,,
2024-10-15 09:40:34,8.185,8.18,1,8.18,4,8.19,5,8.19,8.18,8.18,4,8.17,5,8.16,1,8.15,7,8.14,7,8.13,4,8.12,9,8.11,2,8.1,6,8.09,3,8.19,5,,,,,,,,,,,,,,,,,,
2024-10-15 09:40:35,8.185,8.18,1,8.18,4,8.19,5,8.19,8.18,8.18,4,8.17,5,8.16,1,8.15,7,8.14,7,8.13,4,8.12,9,8.11,2,8.1,6,8.09,3,8.19,5,,,,,,,,,,,,,,,,,,
2024-10-15 09:40:36,8.185,8.18,1,8.18,2,8.19,7,8.19,8.18,8.18,2,8.17,5,8.16,1,8.15,7,8.14,7,8.13,4,8.12,9,8.11,2,8.1,6,8.09,3,8.19,7,,,,,,,,,,,,,,,,,,
2024-10-15 09:40:36,8.185,8.18,1,8.18,2,8.19,7,8.19,8.18,8.18,2,8.17,5,8.16,1,8.15,7,8.14,7,8.13,4,8.12,9,8.11,2,8.1,6,8.09,3,8.19,7,,,,,,,,,,,,,,,,,,
2024-10-15 09:40:36,8.185,8.18,1,8.18,2,8.19,7,8.19,8.18,8.18,2,8.17,5,8.16,1,8.15,7,8.14,7,8.13,4,8.12,9,8.11,2,8.1,6,8.09,3,8.19,7,,,,,,,,,,,,,,,,,,
2024-10-15 09:40:39,8.185,8.18,1,8.18,2,8.19,7,8.19,8.18,8.18,2,8.17,5,8.16,1,8.15,7,8.14,7,8.13,4,8.12,9,8.11,2,8.1,6,8.09,3,8.19,7,,,,,,,,,,,,,,,,,,
2024-10-15 09:40:39,8.185,8.18,1,8.18,1,8.19,7,8.19,8.18,8.18,1,8.17,5,8.16,1,8.15,7,8.14,7,8.13,4,8.12,9,8.11,2,8.1,6,8.09,3,8.19,7,,,,,,,,,,,,,,,,,,
2024-10-15 09:40:39,8.185,8.18,1,8.18,1,8.19,6,8.19,8.18,8.18,1,8.17,5,8.16,1,8.15,7,8.14,7,8.13,4,8.12,9,8.11,2,8.1,6,8.09,3,8.19,6,,,,,,,,,,,,,,,,,,
2024-10-15 09:40:39,8.185,8.18,1,8.18,1,8.19,6,8.19,8.18,8.18,1,8.17,5,8.16,1,8.15,7,8.14,7,8.13,4,8.12,9,8.11,2,8.1,6,8.09,3,8.19,6,,,,,,,,,,,,,,,,,,
2024-10-15 09:40:39,8.185,8.18,1,8.18,1,8.19,6,8.19,8.18,8.18,1,8.17,5,8.16,1,8.15,7,8.14,7,8.13,4,8.12,9,8.11,2,8.1,6,8.09,3,8.19,6,,,,,,,,,,,,,,,,,,
2024-10-15 09:40:39,8.185,8.18,1,8.18,1,8.19,6,8.19,8.18,8.18,1,8.17,5,8.16,1,8.15,7,8.14,7,8.13,4,8.12,9,8.11,2,8.1,6,8.09,3,8.19,6,,,,,,,,,,,,,,,,,,
2024-10-15 09:40:45,8.185,8.18,1,8.18,1,8.19,6,8.19,8.18,8.18,1,8.17,5,8.16,1,8.15,7,8.14,7,8.13,4,8.12,9,8.11,2,8.1,6,8.09,3,8.19,6,,,,,,,,,,,,,,,,,,
2024-10-15 09:40:45,8.185,8.18,1,8.18,1,8.19,6,8.19,8.18,8.18,1,8.17,5,8.16,1,8.15,7,8.14,7,8.13,4,8.12,9,8.11,2,8.1,6,8.09,3,8.19,6,,,,,,,,,,,,,,,,,,
2024-10-15 09:40:47,8.185,8.18,1,8.18,1,8.19,6,8.19,8.18,8.18,1,8.17,5,8.16,1,8.15,7,8.14,7,8.13,4,8.12,9,8.11,2,8.1,6,8.09,3,8.19,6,,,,,,,,,,,,,,,,,,
2024-10-15 09:40:48,8.185,8.18,1,8.18,1,8.19,6,8.19,8.18,8.18,1,8.17,5,8.16,1,8.15,7,8.14,7,8.13,4,8.12,9,8.11,2,8.1,6,8.09,3,8.19,6,,,,,,,,,,,,,,,,,,
2024-10-15 09:40:48,8.185,8.18,1,8.18,1,8.19,6,8.19,8.18,8.18,1,8.17,5,8.16,1,8.15,7,8.14,7,8.13,4,8.12,9,8.11,2,8.1,6,8.09,3,8.19,6,,,,,,,,,,,,,,,,,,
2024-10-15 09:40:48,8.185,8.18,1,8.18,1,8.19,6,8.19,8.18,8.18,1,8.17,5,8.16,1,8.15,7,8.14,7,8.13,4,8.12,9,8.11,2,8.1,6,8.09,3,8.19,6,,,,,,,,,,,,,,,,,,
2024-10-15 09:40:48,8.185,8.18,1,8.18,1,8.19,6,8.19,8.18,8.18,1,8.17,5,8.16,1,8.15,7,8.14,7,8.13,4,8.12,9,8.11,2,8.1,6,8.09,3,8.19,6,,,,,,,,,,,,,,,,,,
2024-10-15 09:40:48,8.185,8.18,1,8.18,3,8.19,5,8.19,8.18,8.18,3,8.17,5,8.16,1,8.15,7,8.14,7,8.13,4,8.12,9,8.11,2,8.1,6,8.09,3,8.19,5,,,,,,,,,,,,,,,,,,
2024-10-15 09:40:48,8.185,8.18,1,8.18,1,8.19,7,8.19,8.18,8.18,1,8.17,5,8.16,1,8.15,7,8.14,7,8.13,4,8.12,9,8.11,2,8.1,6,8.09,3,8.19,7,,,,,,,,,,,,,,,,,,
2024-10-15 09:40:48,8.185,8.18,1,8.18,1,8.19,7,8.19,8.18,8.18,1,8.17,5,8.16,1,8.15,7,8.14,7,8.13,4,8.12,9,8.11,2,8.1,6,8.09,3,8.19,7,,,,,,,,,,,,,,,,,,
2024-10-15 09:40:48,8.185,8.18,1,8.18,1,8.19,7,8.19,8.18,8.18,1,8.17,5,8.16,1,8.15,7,8.14,7,8.13,4,8.12,9,8.11,2,8.1,6,8.09,3,8.19,7,,,,,,,,,,,,,,,,,,
2024-10-15 09:40:48,8.185,8.18,1,8.18,1,8.19,7,8.19,8.18,8.18,1,8.17,5,8.16,1,8.15,7,8.14,7,8.13,4,8.12,9,8.11,2,8.1,6,8.09,3,8.19,7,,,,,,,,,,,,,,,,,,
2024-10-15 09:40:58,8.185,8.18,1,8.18,1,8.19,7,8.19,8.18,8.18,1,8.17,5,8.16,1,8.15,7,8.14,7,8.13,4,8.12,9,8.11,2,8.1,6,8.09,3,8.19,7,,,,,,,,,,,,,,,,,,
2024-10-15 09:40:58,8.185,8.18,1,8.18,1,8.19,7,8.19,8.18,8.18,1,8.17,5,8.16,1,8.15,7,8.14,7,8.13,4,8.12,9,8.11,2,8.1,6,8.09,3,8.19,7,,,,,,,,,,,,,,,,,,
2024-10-15 09:40:58,8.185,8.18,1,8.18,1,8.19,6,8.19,8.18,8.18,1,8.17,5,8.16,1,8.15,7,8.14,7,8.13,4,8.12,9,8.11,2,8.1,6,8.09,3,8.19,6,,,,,,,,,,,,,,,,,,
2024-10-15 09:40:58,8.185,8.18,1,8.18,1,8.19,6,8.19,8.18,8.18,1,8.17,5,8.16,1,8.15,7,8.14,7,8.13,4,8.12,9,8.11,2,8.1,6,8.09,3,8.19,6,,,,,,,,,,,,,,,,,,
2024-10-15 09:41:01,8.185,8.18,1,8.18,1,8.19,6,8.19,8.18,8.18,1,8.17,5,8.16,1,8.15,7,8.14,7,8.13,4,8.12,9,8.11,2,8.1,6,8.09,3,8.19,6,,,,,,,,,,,,,,,,,,
2024-10-15 09:41:01,8.185,8.18,1,8.18,1,8.19,6,8.19,8.18,8.18,1,8.17,5,8.16,1,8.15,7,8.14,7,8.13,4,8.12,9,8.11,2,8.1,6,8.09,3,8.19,6,,,,,,,,,,,,,,,,,,
2024-10-15 09:41:01,8.185,8.18,1,8.18,1,8.19,6,8.19,8.18,8.18,1,8.17,5,8.16,1,8.15,7,8.14,7,8.13,4,8.12,9,8.11,2,8.1,6,8.09,3,8.19,6,,,,,,,,,,,,,,,,,,
2024-10-15 09:41:04,8.185,8.18,1,8.18,1,8.19,6,8.19,8.18,8.18,1,8.17,5,8.16,1,8.15,7,8.14,7,8.13,4,8.12,9,8.11,2,8.1,6,8.09,3,8.19,6,,,,,,,,,,,,,,,,,,
2024-10-15 09:41:04,8.185,8.18,1,8.18,1,8.19,6,8.19,8.18,8.18,1,8.17,5,8.16,1,8.15,7,8.14,7,8.13,4,8.12,9,8.11,2,8.1,6,8.09,3,8.19,6,,,,,,,,,,,,,,,,,,
2024-10-15 09:41:04,8.175,8.18,1,8.17,1,8.18,3,8.18,8.17,8.17,1,8.16,1,8.15,7,8.14,7,8.13,4,8.12,9,8.11,2,8.1,6,8.09,3,8.08,1,8.18,3,8.19,6,,,,,,,,,,,,,,,,
2024-10-15 09:41:08,8.175,8.18,1,8.17,1,8.18,3,8.18,8.17,8.17,1,8.16,1,8.15,7,8.14,7,8.13,4,8.12,9,8.11,2,8.1,6,8.09,3,8.08,1,8.18,3,8.19,6,,,,,,,,,,,,,,,,
2024-10-15 09:41:09,8.175,8.18,1,8.17,1,8.18,3,8.18,8.17,8.17,1,8.16,1,8.15,7,8.14,7,8.13,4,8.12,9,8.11,2,8.1,6,8.09,3,8.08,1,8.18,3,8.19,6,,,,,,,,,,,,,,,,
2024-10-15 09:41:10,8.175,8.18,1,8.17,1,8.18,3,8.18,8.17,8.17,1,8.16,1,8.15,7,8.14,7,8.13,4,8.12,9,8.11,2,8.1,6,8.09,3,8.08,1,8.18,3,8.19,6,,,,,,,,,,,,,,,,
2024-10-15 09:41:10,8.175,8.18,1,8.17,1,8.18,3,8.18,8.17,8.17,1,8.16,1,8.15,7,8.14,7,8.13,4,8.12,9,8.11,2,8.1,6,8.09,3,8.08,1,8.18,3,8.19,6,,,,,,,,,,,,,,,,
2024-10-15 09:41:10,8.18,8.18,1,8.17,7,8.19,7,8.19,8.17,8.17,7,8.16,1,8.15,7,8.14,7,8.13,4,8.12,9,8.11,2,8.1,6,8.09,3,8.08,1,8.19,7,,,,,,,,,,,,,,,,,,
2024-10-15 09:41:10,8.18,8.18,1,8.17,4,8.19,7,8.19,8.17,8.17,4,8.16,1,8.15,7,8.14,7,8.13,4,8.12,9,8.11,2,8.1,6,8.09,3,8.08,1,8.19,7,,,,,,,,,,,,,,,,,,
2024-10-15 09:41:14,8.18,8.18,1,8.17,5,8.19,6,8.19,8.17,8.17,5,8.16,1,8.15,7,8.14,7,8.13,4,8.12,9,8.11,2,8.1,6,8.09,3,8.08,1,8.19,6,,,,,,,,,,,,,,,,,,
2024-10-15 09:41:14,8.18,8.18,1,8.17,5,8.19,6,8.19,8.17,8.17,5,8.16,1,8.15,7,8.14,7,8.13,4,8.12,9,8.11,2,8.1,6,8.09,3,8.08,1,8.19,6,,,,,,,,,,,,,,,,,,
2024-10-15 09:41:15,8.18,8.18,1,8.17,5,8.19,8,8.19,8.17,8.17,5,8.16,1,8.15,7,8.14,7,8.13,4,8.12,9,8.11,2,8.1,6,8.09,3,8.08,1,8.19,8,,,,,,,,,,,,,,,,,,
2024-10-15 09:41:17,8.18,8.18,1,8.17,5,8.19,8,8.19,8.17,8.17,5,8.16,1,8.15,7,8.14,7,8.13,4,8.12,9,8.11,2,8.1,6,8.09,3,8.08,1,8.19,8,,,,,,,,,,,,,,,,,,
2024-10-15 09:41:17,8.18,8.18,1,8.17,5,8.19,8,8.19,8.17,8.17,5,8.16,1,8.15,7,8.14,7,8.13,4,8.12,9,8.11,2,8.1,6,8.09,3,8.08,1,8.19,8,,,,,,,,,,,,,,,,,,
2024-10-15 09:41:17,8.18,8.18,1,8.17,5,8.19,8,8.19,8.17,8.17,5,8.16,1,8.15,7,8.14,7,8.13,4,8.12,9,8.11,2,8.1,6,8.09,3,8.08,1,8.19,8,,,,,,,,,,,,,,,,,,
2024-10-15 09:41:17,8.18,8.18,1,8.17,5,8.19,8,8.19,8.17,8.17,5,8.16,1,8.15,7,8.14,7,8.13,4,8.12,9,8.11,2,8.1,6,8.09,3,8.08,1,8.19,8,,,,,,,,,,,,,,,,,,
2024-10-15 09:41:20,8.175,8.18,1,8.17,2,8.18,4,8.18,8.17,8.17,2,8.16,1,8.15,7,8.14,7,8.13,4,8.12,9,8.11,2,8.1,6,8.09,3,8.08,1,8.18,4,8.19,8,,,,,,,,,,,,,,,,
2024-10-15 09:41:20,8.175,8.18,1,8.17,2,8.18,3,8.18,8.17,8.17,2,8.16,1,8.15,7,8.14,7,8.13,4,8.12,9,8.11,2,8.1,6,8.09,3,8.08,1,8.18,3,8.19,8,,,,,,,,,,,,,,,,
2024-10-15 09:41:20,8.175,8.18,1,8.17,2,8.18,3,8.18,8.17,8.17,2,8.16,1,8.15,7,8.14,7,8.13,4,8.12,9,8.11,2,8.1,6,8.09,3,8.08,1,8.18,3,8.19,8,,,,,,,,,,,,,,,,
2024-10-15 09:41:23,8.175,8.18,1,8.17,2,8.18,3,8.18,8.17,8.17,2,8.16,1,8.15,7,8.14,7,8.13,4,8.12,9,8.11,2,8.1,6,8.09,3,8.08,1,8.18,3,8.19,8,,,,,,,,,,,,,,,,
2024-10-15 09:41:23,8.175,8.18,1,8.17,2,8.18,3,8.18,8.17,8.17,2,8.16,1,8.15,7,8.14,7,8.13,4,8.12,9,8.11,2,8.1,6,8.09,3,8.08,1,8.18,3,8.19,8,,,,,,,,,,,,,,,,
2024-10-15 09:41:26,8.175,8.18,1,8.17,1,8.18,3,8.18,8.17,8.17,1,8.16,1,8.15,7,8.14,7,8.13,4,8.12,9,8.11,2,8.1,6,8.09,3,8.08,1,8.18,3,8.19,8,,,,,,,,,,,,,,,,
2024-10-15 09:41:26,8.175,8.18,1,8.17,1,8.18,3,8.18,8.17,8.17,1,8.16,1,8.15,7,8.14,7,8.13,4,8.12,9,8.11,2,8.1,6,8.09,3,8.08,1,8.18,3,8.19,8,,,,,,,,,,,,,,,,
2024-10-15 09:41:26,8.175,8.18,1,8.17,1,8.18,3,8.18,8.17,8.17,1,8.16,1,8.15,7,8.14,7,8.13,4,8.12,9,8.11,2,8.1,6,8.09,3,8.08,1,8.18,3,8.19,8,,,,,,,,,,,,,,,,
2024-10-15 09:41:28,8.175,8.18,1,8.17,1,8.18,3,8.18,8.17,8.17,1,8.16,1,8.15,7,8.14,7,8.13,4,8.12,9,8.11,2,8.1,6,8.09,3,8.08,1,8.18,3,8.19,8,,,,,,,,,,,,,,,,
2024-10-15 09:41:30,8.175,8.18,1,8.17,1,8.18,3,8.18,8.17,8.17,1,8.16,1,8.15,7,8.14,7,8.13,4,8.12,9,8.11,2,8.1,6,8.09,3,8.08,1,8.18,3,8.19,8,,,,,,,,,,,,,,,,
2024-10-15 09:41:30,8.175,8.18,1,8.17,1,8.18,3,8.18,8.17,8.17,1,8.16,1,8.15,7,8.14,7,8.13,4,8.12,9,8.11,2,8.1,6,8.09,3,8.08,1,8.18,3,8.19,8,,,,,,,,,,,,,,,,
2024-10-15 09:41:32,8.175,8.18,1,8.17,1,8.18,3,8.18,8.17,8.17,1,8.16,1,8.15,7,8.14,7,8.13,4,8.12,9,8.11,2,8.1,6,8.09,3,8.08,1,8.18,3,8.19,8,,,,,,,,,,,,,,,,
2024-10-15 09:41:32,8.175,8.18,1,8.17,1,8.18,3,8.18,8.17,8.17,1,8.16,1,8.15,7,8.14,7,8.13,4,8.12,9,8.11,2,8.1,6,8.09,3,8.08,1,8.18,3,8.19,8,,,,,,,,,,,,,,,,
2024-10-15 09:41:34,8.175,8.18,1,8.17,1,8.18,3,8.18,8.17,8.17,1,8.16,1,8.15,7,8.14,7,8.13,4,8.12,9,8.11,2,8.1,6,8.09,3,8.08,1,8.18,3,8.19,8,,,,,,,,,,,,,,,,
2024-10-15 09:41:34,8.175,8.18,1,8.17,1,8.18,3,8.18,8.17,8.17,1,8.16,1,8.15,7,8.14,7,8.13,4,8.12,9,8.11,2,8.1,6,8.09,3,8.08,1,8.18,3,8.19,8,,,,,,,,,,,,,,,,
2024-10-15 09:41:36,8.175,8.18,1,8.17,1,8.18,3,8.18,8.17,8.17,1,8.16,1,8.15,7,8.14,7,8.13,4,8.12,9,8.11,2,8.1,6,8.09,3,8.08,1,8.18,3,8.19,8,,,,,,,,,,,,,,,,
2024-10-15 09:41:36,8.175,8.18,1,8.17,1,8.18,3,8.18,8.17,8.17,1,8.16,1,8.15,7,8.14,7,8.13,4,8.12,9,8.11,2,8.1,6,8.09,3,8.08,1,8.18,3,8.19,8,,,,,,,,,,,,,,,,
2024-10-15 09:41:38,8.175,8.18,1,8.17,1,8.18,3,8.18,8.17,8.17,1,8.16,1,8.15,7,8.14,7,8.13,4,8.12,9,8.11,2,8.1,6,8.09,3,8.08,1,8.18,3,8.19,8,,,,,,,,,,,,,,,,
2024-10-15 09:41:38,8.175,8.18,1,8.17,1,8.18,3,8.18,8.17,8.17,1,8.16,1,8.15,7,8.14,7,8.13,4,8.12,9,8.11,2,8.1,6,8.09,3,8.08,1,8.18,3,8.19,8,,,,,,,,,,,,,,,,
2024-10-15 09:41:40,8.175,8.18,1,8.17,1,8.18,3,8.18,8.17,8.17,1,8.16,1,8.15,7,8.14,7,8.13,4,8.12,9,8.11,2,8.1,6,8.09,3,8.08,1,8.18,3,8.19,8,,,,,,,,,,,,,,,,
2024-10-15 09:41:41,8.175,8.18,1,8.17,1,8.18,3,8.18,8.17,8.17,1,8.16,1,8.15,7,8.14,7,8.13,4,8.12,9,8.11,2,8.1,6,8.09,3,8.08,1,8.18,3,8.19,8,,,,,,,,,,,,,,,,
2024-10-15 09:41:41,8.175,8.18,1,8.17,1,8.18,3,8.18,8.17,8.17,1,8.16,1,8.15,7,8.14,7,8.13,4,8.12,9,8.11,2,8.1,6,8.09,3,8.08,1,8.18,3,8.19,8,,,,,,,,,,,,,,,,
2024-10-15 09:41:43,8.175,8.18,1,8.17,1,8.18,3,8.18,8.17,8.17,1,8.16,1,8.15,7,8.14,7,8.13,4,8.12,9,8.11,2,8.1,6,8.09,3,8.08,1,8.18,3,8.19,8,,,,,,,,,,,,,,,,
2024-10-15 09:41:43,8.175,8.18,1,8.17,1,8.18,3,8.18,8.17,8.17,1,8.16,1,8.15,7,8.14,7,8.13,4,8.12,9,8.11,2,8.1,6,8.09,3,8.08,1,8.18,3,8.19,8,,,,,,,,,,,,,,,,
2024-10-15 09:41:44,8.175,8.18,1,8.17,1,8.18,3,8.18,8.17,8.17,1,8.16,1,8.15,7,8.14,7,8.13,4,8.12,9,8.11,2,8.1,6,8.09,3,8.08,1,8.18,3,8.19,8,,,,,,,,,,,,,,,,
2024-10-15 09:41:46,8.175,8.18,1,8.17,1,8.18,3,8.18,8.17,8.17,1,8.16,1,8.15,7,8.14,7,8.13,4,8.12,9,8.11,2,8.1,6,8.09,3,8.08,1,8.18,3,8.19,8,,,,,,,,,,,,,,,,
2024-10-15 09:41:47,8.175,8.18,1,8.17,1,8.18,3,8.18,8.17,8.17,1,8.16,1,8.15,7,8.14,7,8.13,4,8.12,9,8.11,2,8.1,6,8.09,3,8.08,1,8.18,3,8.19,8,,,,,,,,,,,,,,,,
2024-10-15 09:41:47,8.175,8.18,1,8.17,1,8.18,3,8.18,8.17,8.17,1,8.16,1,8.15,7,8.14,7,8.13,4,8.12,9,8.11,2,8.1,6,8.09,3,8.08,1,8.18,3,8.19,8,,,,,,,,,,,,,,,,
2024-10-15 09:41:47,8.175,8.18,1,8.17,1,8.18,3,8.18,8.17,8.17,1,8.16,1,8.15,7,8.14,7,8.13,4,8.12,9,8.11,2,8.1,6,8.09,3,8.08,1,8.18,3,8.19,8,,,,,,,,,,,,,,,,
2024-10-15 09:41:49,8.175,8.18,1,8.17,1,8.18,3,8.18,8.17,8.17,1,8.16,1,8.15,7,8.14,7,8.13,4,8.12,9,8.11,2,8.1,6,8.09,3,8.08,1,8.18,3,8.19,8,,,,,,,,,,,,,,,,
2024-10-15 09:41:51,8.175,8.18,1,8.17,1,8.18,3,8.18,8.17,8.17,1,8.16,1,8.15,7,8.14,7,8.13,4,8.12,9,8.11,2,8.1,6,8.09,3,8.08,1,8.18,3,8.19,8,,,,,,,,,,,,,,,,
2024-10-15 09:41:52,8.175,8.18,1,8.17,1,8.18,3,8.18,8.17,8.17,1,8.16,1,8.15,7,8.14,7,8.13,4,8.12,9,8.11,2,8.1,6,8.09,3,8.08,1,8.18,3,8.19,8,,,,,,,,,,,,,,,,
2024-10-15 09:41:53,8.175,8.18,1,8.17,1,8.18,3,8.18,8.17,8.17,1,8.16,1,8.15,7,8.14,7,8.13,4,8.12,9,8.11,2,8.1,6,8.09,3,8.08,1,8.18,3,8.19,8,,,,,,,,,,,,,,,,
2024-10-15 09:41:53,8.175,8.18,1,8.17,1,8.18,3,8.18,8.17,8.17,1,8.16,1,8.15,7,8.14,7,8.13,4,8.12,9,8.11,2,8.1,6,8.09,3,8.08,1,8.18,3,8.19,8,,,,,,,,,,,,,,,,
2024-10-15 09:41:55,8.16,8.17,1,8.15,4,8.17,4,8.17,8.15,8.15,4,8.14,7,8.13,4,8.12,9,8.11,2,8.1,6,8.09,3,8.08,1,8.07,2,8.05,3,8.17,4,8.18,4,8.19,8,,,,,,,,,,,,,,
2024-10-15 09:41:55,8.16,8.17,1,8.15,4,8.17,4,8.17,8.15,8.15,4,8.14,7,8.13,4,8.12,9,8.11,2,8.1,6,8.09,3,8.08,1,8.07,2,8.05,3,8.17,4,8.18,4,8.19,8,,,,,,,,,,,,,,
2024-10-15 09:41:57,8.16,8.17,1,8.15,4,8.17,4,8.17,8.15,8.15,4,8.14,7,8.13,4,8.12,9,8.11,2,8.1,6,8.09,3,8.08,1,8.07,2,8.05,3,8.17,4,8.18,4,8.19,8,,,,,,,,,,,,,,
2024-10-15 09:41:57,8.16,8.17,1,8.15,4,8.17,4,8.17,8.15,8.15,4,8.14,7,8.13,4,8.12,9,8.11,2,8.1,6,8.09,3,8.08,1,8.07,2,8.05,3,8.17,4,8.18,4,8.19,8,,,,,,,,,,,,,,
2024-10-15 09:41:59,8.165,8.17,1,8.16,6,8.17,2,8.17,8.16,8.16,6,8.15,4,8.14,7,8.13,4,8.12,9,8.11,2,8.1,6,8.09,3,8.08,1,8.07,2,8.17,2,8.18,4,8.19,8,,,,,,,,,,,,,,
2024-10-15 09:42:00,8.165,8.17,1,8.16,6,8.17,2,8.17,8.16,8.16,6,8.15,4,8.14,7,8.13,4,8.12,9,8.11,2,8.1,6,8.09,3,8.08,1,8.07,2,8.17,2,8.18,4,8.19,8,,,,,,,,,,,,,,
2024-10-15 09:42:00,8.165,8.17,1,8.16,6,8.17,2,8.17,8.16,8.16,6,8.15,4,8.14,7,8.13,4,8.12,9,8.11,2,8.1,6,8.09,3,8.08,1,8.07,2,8.17,2,8.18,4,8.19,8,,,,,,,,,,,,,,
2024-10-15 09:42:01,8.165,8.17,1,8.16,4,8.17,2,8.17,8.16,8.16,4,8.15,4,8.14,7,8.13,4,8.12,9,8.11,2,8.1,6,8.09,3,8.08,1,8.07,2,8.17,2,8.18,4,8.19,8,,,,,,,,,,,,,,
2024-10-15 09:42:01,8.16,8.17,1,8.15,4,8.17,2,8.17,8.15,8.15,4,8.14,7,8.13,4,8.12,9,8.11,2,8.1,6,8.09,3,8.08,1,8.07,2,8.05,3,8.17,2,8.18,4,8.19,8,,,,,,,,,,,,,,
2024-10-15 09:42:01,8.16,8.17,1,8.15,4,8.17,2,8.17,8.15,8.15,4,8.14,7,8.13,4,8.12,9,8.11,2,8.1,6,8.09,3,8.08,1,8.07,2,8.05,3,8.17,2,8.18,4,8.19,8,,,,,,,,,,,,,,
2024-10-15 09:42:05,8.16,8.17,1,8.15,4,8.17,2,8.17,8.15,8.15,4,8.14,7,8.13,4,8.12,9,8.11,2,8.1,6,8.09,3,8.08,1,8.07,2,8.05,3,8.17,2,8.18,4,8.19,8,,,,,,,,,,,,,,
2024-10-15 09:42:06,8.16,8.17,1,8.15,4,8.17,2,8.17,8.15,8.15,4,8.14,7,8.13,4,8.12,9,8.11,2,8.1,6,8.09,3,8.08,1,8.07,2,8.05,3,8.17,2,8.18,4,8.19,8,,,,,,,,,,,,,,
2024-10-15 09:42:06,8.16,8.17,1,8.15,4,8.17,2,8.17,8.15,8.15,4,8.14,7,8.13,4,8.12,9,8.11,2,8.1,6,8.09,3,8.08,1,8.07,2,8.05,3,8.17,2,8.18,4,8.19,8,,,,,,,,,,,,,,
2024-10-15 09:42:08,8.18,8.17,1,8.17,3,8.19,8,8.19,8.17,8.17,3,8.16,9,8.15,4,8.14,7,8.13,4,8.12,9,8.11,2,8.1,6,8.09,3,8.08,1,8.19,8,,,,,,,,,,,,,,,,,,
2024-10-15 09:42:08,8.18,8.17,1,8.17,5,8.19,7,8.19,8.17,8.17,5,8.16,9,8.15,4,8.14,7,8.13,4,8.12,9,8.11,2,8.1,6,8.09,3,8.08,1,8.19,7,,,,,,,,,,,,,,,,,,
2024-10-15 09:42:10,8.18,8.17,1,8.17,5,8.19,7,8.19,8.17,8.17,5,8.16,9,8.15,4,8.14,7,8.13,4,8.12,9,8.11,2,8.1,6,8.09,3,8.08,1,8.19,7,,,,,,,,,,,,,,,,,,
2024-10-15 09:42:11,8.18,8.17,1,8.17,5,8.19,7,8.19,8.17,8.17,5,8.16,9,8.15,4,8.14,7,8.13,4,8.12,9,8.11,2,8.1,6,8.09,3,8.08,1,8.19,7,,,,,,,,,,,,,,,,,,
2024-10-15 09:42:11,8.175,8.17,1,8.17,2,8.18,3,8.18,8.17,8.17,2,8.16,9,8.15,4,8.14,7,8.13,4,8.12,9,8.11,2,8.1,6,8.09,3,8.08,1,8.18,3,8.19,8,,,,,,,,,,,,,,,,
2024-10-15 09:42:11,8.175,8.17,1,8.17,2,8.18,3,8.18,8.17,8.17,2,8.16,9,8.15,4,8.14,7,8.13,4,8.12,9,8.11,2,8.1,6,8.09,3,8.08,1,8.18,3,8.19,8,,,,,,,,,,,,,,,,
2024-10-15 09:42:14,8.175,8.17,1,8.17,2,8.18,3,8.18,8.17,8.17,2,8.16,9,8.15,4,8.14,7,8.13,4,8.12,9,8.11,2,8.1,6,8.09,3,8.08,1,8.18,3,8.19,8,,,,,,,,,,,,,,,,
2024-10-15 09:42:15,8.175,8.17,1,8.17,2,8.18,3,8.18,8.17,8.17,2,8.16,9,8.15,4,8.14,7,8.13,4,8.12,9,8.11,2,8.1,6,8.09,3,8.08,1,8.18,3,8.19,8,,,,,,,,,,,,,,,,
2024-10-15 09:42:16,8.175,8.17,1,8.17,2,8.18,3,8.18,8.17,8.17,2,8.16,9,8.15,4,8.14,7,8.13,4,8.12,9,8.11,2,8.1,6,8.09,3,8.08,1,8.18,3,8.19,8,,,,,,,,,,,,,,,,
2024-10-15 09:42:17,8.175,8.17,1,8.17,2,8.18,3,8.18,8.17,8.17,2,8.16,9,8.15,4,8.14,7,8.13,4,8.12,9,8.11,2,8.1,6,8.09,3,8.08,1,8.18,3,8.19,8,,,,,,,,,,,,,,,,
2024-10-15 09:42:18,8.175,8.17,1,8.17,2,8.18,3,8.18,8.17,8.17,2,8.16,9,8.15,4,8.14,7,8.13,4,8.12,9,8.11,2,8.1,6,8.09,3,8.08,1,8.18,3,8.19,8,,,,,,,,,,,,,,,,
2024-10-15 09:42:18,8.175,8.18,1,8.17,2,8.18,3,8.18,8.17,8.17,2,8.16,9,8.15,4,8.14,7,8.13,4,8.12,9,8.11,2,8.1,6,8.09,3,8.08,1,8.18,3,8.19,8,,,,,,,,,,,,,,,,
2024-10-15 09:42:18,8.175,8.18,1,8.17,1,8.18,3,8.18,8.17,8.17,1,8.16,9,8.15,4,8.14,7,8.13,4,8.12,9,8.11,2,8.1,6,8.09,3,8.08,1,8.18,3,8.19,8,,,,,,,,,,,,,,,,
2024-10-15 09:42:21,8.175,8.18,1,8.17,1,8.18,3,8.18,8.17,8.17,1,8.16,9,8.15,4,8.14,7,8.13,4,8.12,9,8.11,2,8.1,6,8.09,3,8.08,1,8.18,3,8.19,8,,,,,,,,,,,,,,,,
2024-10-15 09:42:22,8.175,8.18,1,8.17,7,8.18,2,8.18,8.17,8.17,7,8.16,9,8.15,4,8.14,7,8.13,4,8.12,9,8.11,2,8.1,6,8.09,3,8.08,1,8.18,2,8.19,8,,,,,,,,,,,,,,,,
2024-10-15 09:42:23,8.175,8.18,1,8.17,5,8.18,3,8.18,8.17,8.17,5,8.16,9,8.15,4,8.14,7,8.13,4,8.12,9,8.11,2,8.1,6,8.09,3,8.08,1,8.18,3,8.19,8,,,,,,,,,,,,,,,,
2024-10-15 09:42:23,8.175,8.18,1,8.17,3,8.18,3,8.18,8.17,8.17,3,8.16,9,8.15,4,8.14,7,8.13,4,8.12,9,8.11,2,8.1,6,8.09,3,8.08,1,8.18,3,8.19,8,,,,,,,,,,,,,,,,
2024-10-15 09:42:25,8.175,8.18,1,8.17,3,8.18,3,8.18,8.17,8.17,3,8.16,9,8.15,4,8.14,7,8.13,4,8.12,9,8.11,2,8.1,6,8.09,3,8.08,1,8.18,3,8.19,8,,,,,,,,,,,,,,,,
2024-10-15 09:42:26,8.175,8.18,1,8.17,1,8.18,3,8.18,8.17,8.17,1,8.16,9,8.15,4,8.14,7,8.13,4,8.12,9,8.11,2,8.1,6,8.09,3,8.08,1,8.18,3,8.19,8,,,,,,,,,,,,,,,,
2024-10-15 09:42:27,8.175,8.18,1,8.17,1,8.18,3,8.18,8.17,8.17,1,8.16,9,8.15,4,8.14,7,8.13,4,8.12,9,8.11,2,8.1,6,8.09,3,8.08,1,8.18,3,8.19,8,,,,,,,,,,,,,,,,
2024-10-15 09:42:28,8.175,8.18,1,8.17,1,8.18,3,8.18,8.17,8.17,1,8.16,9,8.15,4,8.14,7,8.13,4,8.12,9,8.11,2,8.1,6,8.09,3,8.08,1,8.18,3,8.19,8,,,,,,,,,,,,,,,,
2024-10-15 09:42:29,8.175,8.18,1,8.17,1,8.18,3,8.18,8.17,8.17,1,8.16,9,8.15,4,8.14,7,8.13,4,8.12,9,8.11,2,8.1,6,8.09,3,8.08,1,8.18,3,8.19,8,,,,,,,,,,,,,,,,
2024-10-15 09:42:30,8.175,8.18,1,8.17,1,8.18,3,8.18,8.17,8.17,1,8.16,9,8.15,4,8.14,7,8.13,4,8.12,9,8.11,2,8.1,6,8.09,3,8.08,1,8.18,3,8.19,8,,,,,,,,,,,,,,,,
2024-10-15 09:42:30,8.175,8.18,1,8.17,1,8.18,3,8.18,8.17,8.17,1,8.16,9,8.15,4,8.14,7,8.13,4,8.12,9,8.11,2,8.1,6,8.09,3,8.08,1,8.18,3,8.19,8,,,,,,,,,,,,,,,,
2024-10-15 09:42:32,8.175,8.18,1,8.17,1,8.18,3,8.18,8.17,8.17,1,8.16,9,8.15,4,8.14,7,8.13,4,8.12,9,8.11,2,8.1,6,8.09,3,8.08,1,8.18,3,8.19,8,,,,,,,,,,,,,,,,
2024-10-15 09:42:33,8.175,8.18,1,8.17,1,8.18,3,8.18,8.17,8.17,1,8.16,9,8.15,4,8.14,7,8.13,4,8.12,9,8.11,2,8.1,6,8.09,3,8.08,1,8.18,3,8.19,8,,,,,,,,,,,,,,,,
2024-10-15 09:42:34,8.175,8.18,1,8.17,1,8.18,3,8.18,8.17,8.17,1,8.16,9,8.15,4,8.14,7,8.13,4,8.12,9,8.11,2,8.1,6,8.09,3,8.08,1,8.18,3,8.19,8,,,,,,,,,,,,,,,,
