timestamp,price,size
2018-08-16 09:30:28,99.9600,111
2018-08-16 09:30:29,99.9600,111
2018-08-16 09:30:30,99.9500,65
2018-08-16 09:30:32,99.9400,68
2018-08-16 09:30:33,99.9400,68
2018-08-16 09:30:34,99.8700,89
2018-08-16 09:30:35,99.8700,89
2018-08-16 09:30:36,99.8700,89
2018-08-16 09:30:37,99.8700,89
2018-08-16 09:30:38,99.8700,89
2018-08-16 09:30:43,99.8700,89
2018-08-16 09:30:46,99.8700,89
2018-08-16 09:30:48,99.6600,22
2018-08-16 09:30:49,99.7500,51
2018-08-16 09:30:50,99.7800,28
2018-08-16 09:30:52,99.6800,90
2018-08-16 09:30:55,99.6800,90
2018-08-16 09:30:57,99.7200,36
2018-08-16 09:30:58,99.7200,36
2018-08-16 09:30:59,99.7200,36
2018-08-16 09:31:00,99.6900,109
2018-08-16 09:31:04,99.7000,34
2018-08-16 09:31:05,99.7000,80
2018-08-16 09:31:07,99.6600,56
2018-08-16 09:31:08,99.6600,56
2018-08-16 09:31:09,99.6600,56
2018-08-16 09:31:12,99.6600,7
2018-08-16 09:31:14,99.7000,12
2018-08-16 09:31:17,99.7900,51
2018-08-16 09:31:18,99.7900,51
2018-08-16 09:31:19,99.7300,38
2018-08-16 09:31:25,99.6800,67
2018-08-16 09:31:26,99.6800,67
2018-08-16 09:31:27,99.6800,67
2018-08-16 09:31:30,99.6800,67
2018-08-16 09:31:31,99.6800,67
2018-08-16 09:31:32,99.6800,67
2018-08-16 09:31:33,99.7700,39
2018-08-16 09:31:34,99.6800,10
2018-08-16 09:31:36,99.6800,47
2018-08-16 09:31:40,99.6800,47
2018-08-16 09:31:41,99.6800,47
2018-08-16 09:31:42,99.6800,47
2018-08-16 09:31:45,99.6800,47
2018-08-16 09:31:46,99.6800,47
2018-08-16 09:31:47,99.7900,39
2018-08-16 09:31:48,99.7800,59
2018-08-16 09:31:52,99.7000,61
2018-08-16 09:31:56,99.8100,7
2018-08-16 09:31:57,99.8800,59
2018-08-16 09:31:58,99.8100,15
2018-08-16 09:32:01,99.8100,15
2018-08-16 09:32:02,99.7900,24
2018-08-16 09:32:04,99.7900,24
2018-08-16 09:32:05,99.7900,24
2018-08-16 09:32:06,99.7900,24
2018-08-16 09:32:07,99.7900,24
2018-08-16 09:32:11,99.8000,87
2018-08-16 09:32:12,99.8100,34
2018-08-16 09:32:14,99.7900,40
2018-08-16 09:32:21,99.7700,97
2018-08-16 09:32:23,99.7700,97
2018-08-16 09:32:24,99.8700,32
2018-08-16 09:32:27,99.8700,32
2018-08-16 09:32:30,99.7500,33
2018-08-16 09:32:31,99.7500,33
2018-08-16 09:32:32,99.7500,33
2018-08-16 09:32:33,99.8600,34
2018-08-16 09:32:34,99.8600,34
2018-08-16 09:32:36,99.8600,34
2018-08-16 09:32:37,99.8600,34
2018-08-16 09:32:38,99.7500,32
2018-08-16 09:32:40,99.7500,32
2018-08-16 09:32:41,99.7500,48
2018-08-16 09:32:42,99.7500,45
2018-08-16 09:32:45,99.7500,31
2018-08-16 09:32:46,99.7500,31
2018-08-16 09:32:47,99.7500,31
2018-08-16 09:32:52,99.7000,34
2018-08-16 09:32:53,99.7000,34
2018-08-16 09:32:54,99.7100,76
2018-08-16 09:32:57,99.7000,58
2018-08-16 09:32:58,99.6800,19
2018-08-16 09:32:59,99.7000,5
2018-08-16 09:33:01,99.7000,5
2018-08-16 09:33:03,99.6400,60
2018-08-16 09:33:04,99.6400,34
2018-08-16 09:33:05,99.6400,34
2018-08-16 09:33:07,99.6900,31
2018-08-16 09:33:11,99.6900,31
2018-08-16 09:33:12,99.7000,14
2018-08-16 09:33:13,99.7300,17
2018-08-16 09:33:17,99.6900,5
2018-08-16 09:33:18,99.6900,5
2018-08-16 09:33:19,99.7000,28
2018-08-16 09:33:20,99.7700,5
2018-08-16 09:33:21,99.7100,101
2018-08-16 09:33:22,99.7100,101
2018-08-16 09:33:24,99.7100,101
2018-08-16 09:33:25,99.7100,101
2018-08-16 09:33:26,99.7900,36
2018-08-16 09:33:27,99.7100,20
2018-08-16 09:33:28,99.7100,47
2018-08-16 09:33:34,99.7100,20
2018-08-16 09:33:36,99.7800,64
2018-08-16 09:33:39,99.7800,64
2018-08-16 09:33:40,99.7800,64
2018-08-16 09:33:42,99.7800,1
2018-08-16 09:33:43,99.7800,1
2018-08-16 09:33:45,99.7800,1
2018-08-16 09:33:47,99.7800,1
2018-08-16 09:33:49,99.7800,1
2018-08-16 09:33:50,99.7800,1
2018-08-16 09:33:51,99.7500,105
2018-08-16 09:33:52,99.7500,105
2018-08-16 09:33:55,99.7500,105
2018-08-16 09:33:56,99.7500,105
2018-08-16 09:33:57,99.7500,105
2018-08-16 09:33:58,99.7600,28
2018-08-16 09:34:02,99.7600,28
2018-08-16 09:34:03,99.7500,17
2018-08-16 09:34:05,99.6900,37
2018-08-16 09:34:07,99.6900,37
2018-08-16 09:34:08,99.6900,21
2018-08-16 09:34:10,99.6500,14
2018-08-16 09:34:12,99.6500,14
2018-08-16 09:34:13,99.6900,45
2018-08-16 09:34:15,99.7600,25
2018-08-16 09:34:17,99.8900,17
2018-08-16 09:34:18,99.7500,42
2018-08-16 09:34:19,99.8900,92
2018-08-16 09:34:20,99.8900,92
2018-08-16 09:34:24,99.8900,92
2018-08-16 09:34:26,99.8900,92
2018-08-16 09:34:29,99.8900,92
2018-08-16 09:34:30,99.8900,92
2018-08-16 09:34:32,99.8900,92
2018-08-16 09:34:34,99.8900,92
2018-08-16 09:34:35,99.8900,92
2018-08-16 09:34:36,99.8900,92
2018-08-16 09:34:37,99.7800,13
2018-08-16 09:34:38,99.7900,17
2018-08-16 09:34:40,99.8000,17
2018-08-16 09:34:41,99.8800,49
2018-08-16 09:34:42,99.8800,49
2018-08-16 09:34:44,99.8300,16
2018-08-16 09:34:46,99.8300,16
2018-08-16 09:34:47,99.8300,16
2018-08-16 09:34:48,99.7800,64
2018-08-16 09:34:49,99.7800,64
2018-08-16 09:34:52,99.8400,41
2018-08-16 09:34:54,99.7800,14
2018-08-16 09:34:56,99.7800,14
2018-08-16 09:34:57,99.7800,14
2018-08-16 09:34:58,99.7800,33
2018-08-16 09:34:59,99.7800,33
2018-08-16 09:35:01,99.7900,102
2018-08-16 09:35:02,99.8000,116
2018-08-16 09:35:05,99.7800,46
2018-08-16 09:35:06,99.7800,72
2018-08-16 09:35:07,99.7700,50
2018-08-16 09:35:08,99.7700,50
2018-08-16 09:35:11,99.7700,50
2018-08-16 09:35:12,99.7700,4
2018-08-16 09:35:14,99.7700,4
2018-08-16 09:35:16,99.8000,7
2018-08-16 09:35:17,99.8000,67
2018-08-16 09:35:21,99.8000,67
2018-08-16 09:35:22,99.8000,10
2018-08-16 09:35:23,99.8100,36
2018-08-16 09:35:24,99.7600,72
2018-08-16 09:35:26,99.7600,72
2018-08-16 09:35:27,99.7600,27
2018-08-16 09:35:28,99.7500,44
2018-08-16 09:35:30,99.7500,54
2018-08-16 09:35:32,99.7500,54
2018-08-16 09:35:35,99.7800,114
2018-08-16 09:35:37,99.7800,114
2018-08-16 09:35:38,99.8000,10
2018-08-16 09:35:42,99.8000,41
2018-08-16 09:35:43,99.8100,10
2018-08-16 09:35:46,99.8100,38
2018-08-16 09:35:47,99.8300,25
2018-08-16 09:35:48,99.8300,37
2018-08-16 09:35:50,99.8400,27
2018-08-16 09:35:52,99.8600,19
2018-08-16 09:35:53,99.8600,19
2018-08-16 09:35:54,99.7800,36
2018-08-16 09:35:57,99.7800,65
2018-08-16 09:35:59,99.7800,1
2018-08-16 09:36:01,99.8200,120
2018-08-16 09:36:02,99.7300,93
2018-08-16 09:36:04,99.7000,6
2018-08-16 09:36:05,99.6900,23
2018-08-16 09:36:06,99.7100,53
2018-08-16 09:36:07,99.7100,9
2018-08-16 09:36:08,99.7100,9
2018-08-16 09:36:09,99.7200,37
2018-08-16 09:36:10,99.7300,17
2018-08-16 09:36:12,99.7400,20
2018-08-16 09:36:14,99.7400,78
2018-08-16 09:36:15,99.6900,25
2018-08-16 09:36:17,99.6900,25
2018-08-16 09:36:18,99.6900,25
2018-08-16 09:36:20,99.6900,25
2018-08-16 09:36:21,99.6900,25
2018-08-16 09:36:22,99.8100,22
2018-08-16 09:36:24,99.8100,22
2018-08-16 09:36:25,99.8100,22
2018-08-16 09:36:26,99.8100,22
2018-08-16 09:36:27,99.7300,86
2018-08-16 09:36:31,99.7300,86
2018-08-16 09:36:32,99.7300,86
2018-08-16 09:36:33,99.7300,86
2018-08-16 09:36:34,99.7300,86
2018-08-16 09:36:37,99.7300,86
2018-08-16 09:36:39,99.7300,86
2018-08-16 09:36:40,99.6900,5
2018-08-16 09:36:41,99.7100,59
2018-08-16 09:36:42,99.7100,59
2018-08-16 09:36:44,99.7100,59
2018-08-16 09:36:46,99.7400,25
2018-08-16 09:36:47,99.6800,12
2018-08-16 09:36:48,99.6800,12
2018-08-16 09:36:50,99.6800,12
2018-08-16 09:36:52,99.6800,12
2018-08-16 09:36:53,99.7600,55
2018-08-16 09:36:54,99.7500,79
2018-08-16 09:36:55,99.7600,69
2018-08-16 09:36:56,99.7600,69
2018-08-16 09:36:57,99.7600,69
2018-08-16 09:36:59,99.7700,56
2018-08-16 09:37:00,99.7300,5
2018-08-16 09:37:01,99.7300,5
2018-08-16 09:37:02,99.7500,9
2018-08-16 09:37:03,99.7300,28
2018-08-16 09:37:04,99.7300,28
2018-08-16 09:37:05,99.7300,28
2018-08-16 09:37:06,99.7500,35
2018-08-16 09:37:07,99.7300,13
2018-08-16 09:37:08,99.7500,22
2018-08-16 09:37:09,99.7500,22
2018-08-16 09:37:12,99.7300,83
2018-08-16 09:37:13,99.6800,6
2018-08-16 09:37:14,99.6800,6
2018-08-16 09:37:17,99.6800,6
2018-08-16 09:37:20,99.6800,6
2018-08-16 09:37:22,99.6800,6
2018-08-16 09:37:24,99.6800,6
2018-08-16 09:37:26,99.6800,6
2018-08-16 09:37:27,99.6800,3
2018-08-16 09:37:29,99.6800,3
2018-08-16 09:37:30,99.6800,105
2018-08-16 09:37:32,99.6800,74
2018-08-16 09:37:35,99.6800,74
2018-08-16 09:37:36,99.6800,74
2018-08-16 09:37:37,99.7600,22
2018-08-16 09:37:39,99.7600,22
2018-08-16 09:37:40,99.7600,22
2018-08-16 09:37:43,99.7500,3
2018-08-16 09:37:46,99.7600,54
2018-08-16 09:37:47,99.7600,54
2018-08-16 09:37:48,99.7000,51
2018-08-16 09:37:49,99.6500,11
2018-08-16 09:37:50,99.6500,11
2018-08-16 09:37:51,99.6500,11
2018-08-16 09:37:52,99.6500,11
2018-08-16 09:37:53,99.6500,11
2018-08-16 09:37:55,99.6500,11
2018-08-16 09:37:57,99.6500,11
2018-08-16 09:37:58,99.7600,3
2018-08-16 09:38:01,99.7200,15
2018-08-16 09:38:02,99.7600,48
2018-08-16 09:38:03,99.7500,12
2018-08-16 09:38:04,99.7500,59
2018-08-16 09:38:06,99.6700,4
2018-08-16 09:38:08,99.7800,9
2018-08-16 09:38:11,99.8000,119
2018-08-16 09:38:12,99.8000,119
2018-08-16 09:38:13,99.8200,35
2018-08-16 09:38:14,99.8200,35
2018-08-16 09:38:17,99.7600,57
2018-08-16 09:38:18,99.6500,50
2018-08-16 09:38:19,99.6500,50
2018-08-16 09:38:23,99.6500,46
2018-08-16 09:38:24,99.6500,46
2018-08-16 09:38:25,99.6500,46
2018-08-16 09:38:26,99.6500,46
2018-08-16 09:38:27,99.6500,46
2018-08-16 09:38:28,99.6500,46
2018-08-16 09:38:31,99.6500,44
2018-08-16 09:38:32,99.6900,29
2018-08-16 09:38:33,99.7200,62
2018-08-16 09:38:36,99.7200,62
2018-08-16 09:38:38,99.7200,62
2018-08-16 09:38:39,99.7800,14
2018-08-16 09:38:41,99.8100,63
2018-08-16 09:38:42,99.8100,63
2018-08-16 09:38:43,99.8100,63
2018-08-16 09:38:45,99.8100,63
2018-08-16 09:38:46,99.8100,63
2018-08-16 09:38:48,99.8100,63
2018-08-16 09:38:50,99.8100,41
2018-08-16 09:38:52,99.8000,66
2018-08-16 09:38:53,99.8000,66
2018-08-16 09:38:55,99.8000,66
2018-08-16 09:38:58,99.8000,66
2018-08-16 09:38:59,99.8000,66
2018-08-16 09:39:03,99.8000,39
2018-08-16 09:39:05,99.8000,39
2018-08-16 09:39:07,99.8000,39
2018-08-16 09:39:08,99.7900,23
2018-08-16 09:39:10,99.7900,23
2018-08-16 09:39:12,99.8200,18
2018-08-16 09:39:13,99.8400,13
2018-08-16 09:39:14,99.8100,62
2018-08-16 09:39:15,99.8400,41
2018-08-16 09:39:16,99.8800,9
2018-08-16 09:39:18,99.8800,9
2018-08-16 09:39:19,99.8800,9
2018-08-16 09:39:21,99.8500,38
2018-08-16 09:39:22,99.8000,22
2018-08-16 09:39:23,99.8000,22
2018-08-16 09:39:24,99.8000,22
2018-08-16 09:39:25,99.8800,3
2018-08-16 09:39:26,99.8800,11
2018-08-16 09:39:28,99.8400,41
2018-08-16 09:39:30,99.8400,41
2018-08-16 09:39:31,99.8400,41
2018-08-16 09:39:32,99.8400,41
2018-08-16 09:39:33,99.8400,16
2018-08-16 09:39:37,99.8400,16
2018-08-16 09:39:38,99.8400,16
2018-08-16 09:39:39,99.7700,33
2018-08-16 09:39:40,99.7200,1
2018-08-16 09:39:41,99.7200,1
2018-08-16 09:39:42,99.7200,1
2018-08-16 09:39:43,99.7200,1
2018-08-16 09:39:44,99.7200,1
2018-08-16 09:39:45,99.6800,38
2018-08-16 09:39:48,99.6800,8
2018-08-16 09:39:50,99.6100,7
2018-08-16 09:39:51,99.6100,7
2018-08-16 09:39:53,99.6200,4
2018-08-16 09:39:54,99.6200,4
2018-08-16 09:39:56,99.6200,4
2018-08-16 09:39:59,99.6200,4
2018-08-16 09:40:00,99.6500,21
2018-08-16 09:40:03,99.7100,40
2018-08-16 09:40:04,99.6700,13
2018-08-16 09:40:05,99.6500,92
2018-08-16 09:40:07,99.7200,16
2018-08-16 09:40:08,99.7200,16
2018-08-16 09:40:13,99.7200,16
2018-08-16 09:40:14,99.6400,62
2018-08-16 09:40:15,99.6400,62
2018-08-16 09:40:16,99.6800,84
2018-08-16 09:40:18,99.6800,84
2018-08-16 09:40:23,99.6200,28
2018-08-16 09:40:24,99.6200,28
2018-08-16 09:40:25,99.6800,26
2018-08-16 09:40:27,99.6600,23
2018-08-16 09:40:28,99.6600,23
2018-08-16 09:40:30,99.6200,7
2018-08-16 09:40:31,99.6200,7
2018-08-16 09:40:33,99.6200,7
2018-08-16 09:40:34,99.6300,27
2018-08-16 09:40:36,99.6800,34
2018-08-16 09:40:38,99.6800,34
2018-08-16 09:40:41,99.7200,110
2018-08-16 09:40:42,99.7200,110
2018-08-16 09:40:43,99.7000,6
2018-08-16 09:40:44,99.7000,6
2018-08-16 09:40:45,99.7000,6
2018-08-16 09:40:46,99.7000,6
2018-08-16 09:40:48,99.7000,2
2018-08-16 09:40:49,99.7000,4
2018-08-16 09:40:53,99.7000,4
2018-08-16 09:40:56,99.7000,4
2018-08-16 09:40:57,99.7000,4
2018-08-16 09:40:58,99.7000,4
2018-08-16 09:40:59,99.7300,43
2018-08-16 09:41:00,99.7000,28
2018-08-16 09:41:02,99.6800,61
2018-08-16 09:41:03,99.6800,61
2018-08-16 09:41:04,99.7900,56
2018-08-16 09:41:05,99.7700,11
2018-08-16 09:41:06,99.7700,11
2018-08-16 09:41:07,99.7700,11
2018-08-16 09:41:08,99.7700,11
2018-08-16 09:41:10,99.7700,11
2018-08-16 09:41:13,99.7900,43
2018-08-16 09:41:14,99.7900,43
2018-08-16 09:41:15,99.7900,43
2018-08-16 09:41:18,99.7700,60
2018-08-16 09:41:20,99.7500,3
2018-08-16 09:41:22,99.7700,75
2018-08-16 09:41:23,99.7700,75
2018-08-16 09:41:24,99.7700,75
2018-08-16 09:41:25,99.7700,75
2018-08-16 09:41:26,99.7800,14
2018-08-16 09:41:27,99.8700,24
2018-08-16 09:41:28,99.8700,24
2018-08-16 09:41:29,99.8700,9
2018-08-16 09:41:30,99.8900,56
2018-08-16 09:41:33,99.9900,18
2018-08-16 09:41:35,99.9900,18
2018-08-16 09:41:37,99.9900,18
2018-08-16 09:41:41,99.9200,7
2018-08-16 09:41:43,99.9200,7
2018-08-16 09:41:44,99.9200,7
2018-08-16 09:41:45,99.9400,14
2018-08-16 09:41:46,99.9400,14
2018-08-16 09:41:47,100.0600,36
2018-08-16 09:41:48,100.0400,52
2018-08-16 09:41:49,100.0400,52
2018-08-16 09:41:50,99.9800,1
2018-08-16 09:41:52,99.9800,35
2018-08-16 09:41:53,99.9400,93
2018-08-16 09:41:57,99.9900,4
2018-08-16 09:41:58,99.9900,4
2018-08-16 09:42:00,99.9900,3
2018-08-16 09:42:01,99.9900,212
2018-08-16 09:42:02,99.9900,42
2018-08-16 09:42:03,99.9900,42
2018-08-16 09:42:06,99.9900,42
2018-08-16 09:42:07,99.9900,42
2018-08-16 09:42:08,99.9900,42
2018-08-16 09:42:09,100.1200,51
2018-08-16 09:42:12,100.1200,51
2018-08-16 09:42:13,100.2500,7
2018-08-16 09:42:14,100.2500,18
2018-08-16 09:42:15,100.2500,18
2018-08-16 09:42:20,100.2800,50
2018-08-16 09:42:24,100.2200,67
2018-08-16 09:42:25,100.4600,10
2018-08-16 09:42:29,100.5700,11
2018-08-16 09:42:32,100.5800,1
2018-08-16 09:42:34,100.5800,1
2018-08-16 09:42:35,100.5800,1
2018-08-16 09:42:36,100.5800,16
2018-08-16 09:42:39,100.5800,16
2018-08-16 09:42:40,100.5800,1
2018-08-16 09:42:42,100.5800,1
2018-08-16 09:42:44,100.5700,62
2018-08-16 09:42:46,100.5800,40
2018-08-16 09:42:47,100.5800,40
2018-08-16 09:42:48,100.5800,40
2018-08-16 09:42:50,100.5800,40
2018-08-16 09:42:52,100.5800,40
2018-08-16 09:42:53,100.7300,125
2018-08-16 09:42:55,100.7300,125
2018-08-16 09:42:57,100.7600,1
2018-08-16 09:43:02,100.7600,1
2018-08-16 09:43:05,100.7000,41
2018-08-16 09:43:06,100.7100,18
2018-08-16 09:43:07,100.6600,1
2018-08-16 09:43:08,100.6600,1
2018-08-16 09:43:09,100.6600,1
2018-08-16 09:43:10,100.6600,1
2018-08-16 09:43:14,100.6600,1
2018-08-16 09:43:15,100.6700,94
2018-08-16 09:43:17,100.6700,94
2018-08-16 09:43:19,100.6700,94
2018-08-16 09:43:21,100.7100,20
2018-08-16 09:43:22,100.7100,20
2018-08-16 09:43:24,100.6700,56
2018-08-16 09:43:26,100.6400,49
2018-08-16 09:43:27,100.6400,49
2018-08-16 09:43:29,100.6400,49
2018-08-16 09:43:30,100.6400,49
2018-08-16 09:43:33,100.6900,22
2018-08-16 09:43:34,100.7300,2
2018-08-16 09:43:35,100.7300,28
2018-08-16 09:43:36,100.7300,16
2018-08-16 09:43:40,100.7300,16
2018-08-16 09:43:41,100.7300,83
2018-08-16 09:43:42,100.7300,83
2018-08-16 09:43:44,100.7300,83
2018-08-16 09:43:46,100.7300,19
2018-08-16 09:43:47,100.7000,64
2018-08-16 09:43:48,100.7000,64
2018-08-16 09:43:49,100.7000,64
2018-08-16 09:43:51,100.7500,74
2018-08-16 09:43:52,100.7500,74
2018-08-16 09:43:53,100.7500,74
2018-08-16 09:43:54,100.7700,23
2018-08-16 09:43:55,100.8100,7
2018-08-16 09:43:57,100.7100,1
2018-08-16 09:44:00,100.7200,23
2018-08-16 09:44:01,100.7000,17
2018-08-16 09:44:02,100.7000,17
2018-08-16 09:44:04,100.7000,69
2018-08-16 09:44:05,100.7300,70
2018-08-16 09:44:06,100.7000,41
2018-08-16 09:44:07,100.7000,41
2018-08-16 09:44:08,100.7000,21
2018-08-16 09:44:11,100.7000,21
2018-08-16 09:44:12,100.7000,21
2018-08-16 09:44:13,100.7000,21
2018-08-16 09:44:15,100.7000,21
2018-08-16 09:44:17,100.8100,12
2018-08-16 09:44:20,100.7900,36
2018-08-16 09:44:22,100.7900,36
2018-08-16 09:44:25,100.8100,23
2018-08-16 09:44:26,100.7300,3
2018-08-16 09:44:27,100.8100,16
2018-08-16 09:44:28,100.8300,46
2018-08-16 09:44:29,100.8700,31
2018-08-16 09:44:31,100.8400,42
2018-08-16 09:44:32,100.8100,58
2018-08-16 09:44:33,100.8100,58
2018-08-16 09:44:36,100.8100,58
2018-08-16 09:44:37,100.7800,75
2018-08-16 09:44:40,100.7800,75
2018-08-16 09:44:43,100.7800,3
2018-08-16 09:44:47,100.8700,13
2018-08-16 09:44:49,100.8100,20
2018-08-16 09:44:50,100.8700,18
2018-08-16 09:44:51,100.8700,18
2018-08-16 09:44:55,100.8700,55
2018-08-16 09:44:57,100.8700,55
2018-08-16 09:44:59,100.8700,55
2018-08-16 09:45:00,100.8400,55
2018-08-16 09:45:02,100.7600,7
2018-08-16 09:45:03,100.7600,7
2018-08-16 09:45:04,100.7600,7
2018-08-16 09:45:07,100.7600,7
2018-08-16 09:45:08,100.7600,7
2018-08-16 09:45:12,100.7600,40
2018-08-16 09:45:15,100.7500,11
2018-08-16 09:45:16,100.7500,11
2018-08-16 09:45:17,100.7500,11
2018-08-16 09:45:18,100.7800,49
2018-08-16 09:45:19,100.8000,42
2018-08-16 09:45:20,100.8000,81
2018-08-16 09:45:21,100.7900,6
2018-08-16 09:45:22,100.7800,82
2018-08-16 09:45:24,100.7800,44
2018-08-16 09:45:25,100.7400,25
2018-08-16 09:45:27,100.8000,91
2018-08-16 09:45:28,100.8000,1
2018-08-16 09:45:29,100.8600,12
2018-08-16 09:45:30,100.8600,12
2018-08-16 09:45:32,100.8600,12
2018-08-16 09:45:35,100.8600,12
2018-08-16 09:45:36,100.7700,35
2018-08-16 09:45:37,100.8600,9
2018-08-16 09:45:39,100.8600,9
2018-08-16 09:45:43,100.8600,9
2018-08-16 09:45:45,100.8600,9
2018-08-16 09:45:46,100.8100,11
2018-08-16 09:45:47,100.8100,11
2018-08-16 09:45:48,100.8200,42
2018-08-16 09:45:50,100.8200,42
2018-08-16 09:45:52,100.8200,42
2018-08-16 09:45:53,100.8200,83
2018-08-16 09:45:54,100.8600,128
2018-08-16 09:45:55,100.8700,14
2018-08-16 09:45:56,100.8700,14
2018-08-16 09:45:57,100.8700,14
2018-08-16 09:45:58,100.8700,14
2018-08-16 09:45:59,100.8800,1
2018-08-16 09:46:02,100.8800,1
2018-08-16 09:46:03,100.8400,2
2018-08-16 09:46:05,100.8300,66
2018-08-16 09:46:06,100.8100,1
2018-08-16 09:46:07,100.7900,54
2018-08-16 09:46:08,100.7900,54
2018-08-16 09:46:09,100.7900,16
2018-08-16 09:46:10,100.7900,54
2018-08-16 09:46:11,100.7600,1
2018-08-16 09:46:15,100.7600,1
2018-08-16 09:46:19,100.7600,1
2018-08-16 09:46:20,100.7600,1
2018-08-16 09:46:21,100.8000,5
2018-08-16 09:46:22,100.8000,5
2018-08-16 09:46:23,100.8000,5
2018-08-16 09:46:24,100.8000,5
2018-08-16 09:46:25,100.8000,5
2018-08-16 09:46:26,100.8000,25
2018-08-16 09:46:27,100.8000,55
2018-08-16 09:46:28,100.8000,55
2018-08-16 09:46:30,100.8000,55
2018-08-16 09:46:31,100.8000,66
2018-08-16 09:46:35,100.8000,66
2018-08-16 09:46:37,100.7600,31
2018-08-16 09:46:39,100.7600,31
2018-08-16 09:46:40,100.7600,31
2018-08-16 09:46:41,100.7600,4
2018-08-16 09:46:42,100.7300,15
2018-08-16 09:46:43,100.7300,15
2018-08-16 09:46:44,100.7300,15
2018-08-16 09:46:45,100.7300,15
2018-08-16 09:46:47,100.7300,17
2018-08-16 09:46:48,100.7700,5
2018-08-16 09:46:50,100.8400,26
2018-08-16 09:46:52,100.8400,26
2018-08-16 09:46:53,100.8400,26
2018-08-16 09:46:56,100.7800,11
2018-08-16 09:46:57,100.7800,11
2018-08-16 09:46:58,100.7700,29
2018-08-16 09:47:01,100.7700,29
2018-08-16 09:47:05,100.8200,31
2018-08-16 09:47:09,100.8200,31
2018-08-16 09:47:12,100.8200,31
2018-08-16 09:47:13,100.8200,31
2018-08-16 09:47:14,100.8200,31
2018-08-16 09:47:15,100.8000,63
2018-08-16 09:47:16,100.8000,22
2018-08-16 09:47:17,100.8000,22
2018-08-16 09:47:18,100.8000,22
2018-08-16 09:47:20,100.8000,22
2018-08-16 09:47:21,100.8100,103
2018-08-16 09:47:22,100.8100,103
2018-08-16 09:47:24,100.8000,55
2018-08-16 09:47:25,100.8000,55
2018-08-16 09:47:26,100.8000,55
2018-08-16 09:47:27,100.8000,55
2018-08-16 09:47:29,100.8000,55
2018-08-16 09:47:30,100.8000,55
2018-08-16 09:47:31,100.7800,52
2018-08-16 09:47:32,100.7800,52
2018-08-16 09:47:34,100.7800,52
2018-08-16 09:47:35,100.7800,75
2018-08-16 09:47:39,100.7900,87
2018-08-16 09:47:40,100.7700,34
2018-08-16 09:47:41,100.7700,10
2018-08-16 09:47:42,100.7700,53
2018-08-16 09:47:43,100.8100,57
2018-08-16 09:47:45,100.8200,23
2018-08-16 09:47:46,100.8000,6
2018-08-16 09:47:47,100.8000,6
2018-08-16 09:47:48,100.8000,6
2018-08-16 09:47:49,100.7800,57
2018-08-16 09:47:50,100.7800,57
2018-08-16 09:47:52,100.7700,9
2018-08-16 09:47:53,100.7800,14
2018-08-16 09:47:54,100.8200,55
2018-08-16 09:47:55,100.8200,55
2018-08-16 09:47:57,100.8200,55
2018-08-16 09:47:58,100.8200,55
2018-08-16 09:48:00,100.8200,55
2018-08-16 09:48:02,100.7600,54
2018-08-16 09:48:03,100.8200,16
2018-08-16 09:48:05,100.8200,16
2018-08-16 09:48:07,100.7900,31
2018-08-16 09:48:10,100.7900,31
2018-08-16 09:48:12,100.7600,78
2018-08-16 09:48:13,100.7600,25
2018-08-16 09:48:14,100.7600,15
2018-08-16 09:48:15,100.6900,76
2018-08-16 09:48:17,100.8200,38
2018-08-16 09:48:19,100.8200,38
2018-08-16 09:48:20,100.8200,38
2018-08-16 09:48:23,100.8200,38
2018-08-16 09:48:25,100.7800,24
2018-08-16 09:48:27,100.7800,24
2018-08-16 09:48:29,100.7900,75
2018-08-16 09:48:30,100.7900,75
2018-08-16 09:48:32,100.8200,3
2018-08-16 09:48:33,100.7900,60
2018-08-16 09:48:35,100.7900,60
2018-08-16 09:48:36,100.8300,12
2018-08-16 09:48:37,100.8400,51
2018-08-16 09:48:38,100.8400,51
2018-08-16 09:48:39,100.8400,51
2018-08-16 09:48:40,100.7800,65
2018-08-16 09:48:41,100.8400,34
2018-08-16 09:48:42,100.8400,34
2018-08-16 09:48:47,100.8400,34
2018-08-16 09:48:50,100.8400,2
2018-08-16 09:48:51,100.8400,2
2018-08-16 09:48:52,100.8400,2
2018-08-16 09:48:54,100.8400,2
2018-08-16 09:48:55,100.8400,2
2018-08-16 09:48:56,100.8500,2
2018-08-16 09:48:57,100.8500,2
2018-08-16 09:48:58,100.8500,2
2018-08-16 09:48:59,100.8400,38
2018-08-16 09:49:00,100.8500,4
2018-08-16 09:49:01,100.8500,2
2018-08-16 09:49:02,100.8500,2
2018-08-16 09:49:03,100.8500,34
2018-08-16 09:49:04,100.8500,7
2018-08-16 09:49:05,100.8900,38
2018-08-16 09:49:06,100.9100,4
2018-08-16 09:49:07,101.0900,31
2018-08-16 09:49:10,101.0900,31
2018-08-16 09:49:12,101.0900,31
2018-08-16 09:49:14,100.9000,4
2018-08-16 09:49:15,100.9000,4
2018-08-16 09:49:16,100.8900,4
2018-08-16 09:49:18,100.8900,4
2018-08-16 09:49:20,100.8300,59
2018-08-16 09:49:22,100.8600,29
2018-08-16 09:49:23,100.8600,29
2018-08-16 09:49:24,100.8600,29
2018-08-16 09:49:25,100.8600,29
2018-08-16 09:49:26,100.8600,29
2018-08-16 09:49:27,100.8600,29
2018-08-16 09:49:30,100.8600,29
2018-08-16 09:49:31,100.8600,33
2018-08-16 09:49:32,100.8600,33
2018-08-16 09:49:33,100.8600,32
2018-08-16 09:49:35,100.8900,10
2018-08-16 09:49:36,100.8500,35
2018-08-16 09:49:37,100.8500,35
2018-08-16 09:49:39,100.8500,35
2018-08-16 09:49:40,100.8500,35
2018-08-16 09:49:43,100.8500,35
2018-08-16 09:49:45,100.8500,35
2018-08-16 09:49:47,100.8300,16
2018-08-16 09:49:48,100.8000,51
2018-08-16 09:49:49,100.8500,33
2018-08-16 09:49:52,100.8500,62
2018-08-16 09:49:55,100.8500,62
2018-08-16 09:49:57,100.8500,62
2018-08-16 09:50:00,100.8500,62
2018-08-16 09:50:01,100.8500,49
2018-08-16 09:50:02,100.8100,20
2018-08-16 09:50:05,100.8100,20
2018-08-16 09:50:07,100.8900,30
2018-08-16 09:50:08,100.8900,30
2018-08-16 09:50:09,100.8600,30
2018-08-16 09:50:10,100.8400,25
2018-08-16 09:50:12,100.8400,60
2018-08-16 09:50:13,100.8000,3
2018-08-16 09:50:15,100.8000,23
2018-08-16 09:50:18,100.7800,60
2018-08-16 09:50:19,100.7800,60
2018-08-16 09:50:20,100.7800,60
2018-08-16 09:50:21,100.8200,90
2018-08-16 09:50:22,100.8900,15
2018-08-16 09:50:23,100.8900,15
2018-08-16 09:50:26,100.8100,105
2018-08-16 09:50:27,100.8100,105
2018-08-16 09:50:28,100.7900,39
2018-08-16 09:50:29,100.7900,39
2018-08-16 09:50:30,100.7900,39
2018-08-16 09:50:31,100.8000,22
2018-08-16 09:50:32,100.8100,29
2018-08-16 09:50:33,100.8100,29
2018-08-16 09:50:35,100.8100,29
2018-08-16 09:50:37,100.8100,14
2018-08-16 09:50:38,100.8100,12
2018-08-16 09:50:40,100.8100,12
2018-08-16 09:50:41,100.8100,12
2018-08-16 09:50:45,100.8100,12
2018-08-16 09:50:46,100.8200,2
2018-08-16 09:50:47,100.8600,82
2018-08-16 09:50:48,100.7800,7
2018-08-16 09:50:49,100.8300,57
2018-08-16 09:50:50,100.8300,69
2018-08-16 09:50:54,100.8100,32
2018-08-16 09:50:55,100.8200,85
2018-08-16 09:50:56,100.8200,25
2018-08-16 09:50:57,100.8200,25
2018-08-16 09:51:00,100.8100,19
2018-08-16 09:51:05,100.8100,19
2018-08-16 09:51:08,100.8100,19
2018-08-16 09:51:09,100.8100,14
2018-08-16 09:51:10,100.8100,26
2018-08-16 09:51:11,100.8400,6
2018-08-16 09:51:12,100.8400,83
2018-08-16 09:51:14,100.8400,9
2018-08-16 09:51:15,100.8700,8
2018-08-16 09:51:16,100.8700,8
2018-08-16 09:51:21,100.8300,28
2018-08-16 09:51:25,100.8100,11
2018-08-16 09:51:26,100.8400,15
2018-08-16 09:51:27,100.8100,4
2018-08-16 09:51:29,100.8300,37
2018-08-16 09:51:30,100.8300,6
2018-08-16 09:51:31,100.8300,6
2018-08-16 09:51:32,100.8300,6
2018-08-16 09:51:33,100.8300,6
2018-08-16 09:51:35,100.8300,6
2018-08-16 09:51:36,100.8400,6
2018-08-16 09:51:37,100.8400,6
2018-08-16 09:51:38,100.8400,6
2018-08-16 09:51:39,100.8500,36
2018-08-16 09:51:40,100.8600,1
2018-08-16 09:51:41,100.8600,138
2018-08-16 09:51:42,100.8600,138
2018-08-16 09:51:43,100.8600,138
2018-08-16 09:51:45,100.8900,60
2018-08-16 09:51:46,100.8800,53
2018-08-16 09:51:47,100.8800,53
2018-08-16 09:51:48,100.8900,6
2018-08-16 09:51:52,100.8900,6
2018-08-16 09:51:53,100.8900,6
2018-08-16 09:51:54,100.8900,6
2018-08-16 09:51:55,100.8900,6
2018-08-16 09:51:56,100.8400,9
2018-08-16 09:51:57,100.8300,42
2018-08-16 09:51:58,100.8300,42
2018-08-16 09:52:00,100.8300,42
2018-08-16 09:52:01,100.8000,45
2018-08-16 09:52:02,100.7800,19
2018-08-16 09:52:03,100.7800,15
2018-08-16 09:52:04,100.8400,89
2018-08-16 09:52:05,100.8400,89
2018-08-16 09:52:07,100.8400,4
2018-08-16 09:52:08,100.8400,4
2018-08-16 09:52:09,100.8900,54
2018-08-16 09:52:10,100.8900,54
2018-08-16 09:52:11,100.8900,54
2018-08-16 09:52:12,100.8400,1
2018-08-16 09:52:15,100.8100,31
2018-08-16 09:52:16,100.8100,31
2018-08-16 09:52:18,100.8100,31
2018-08-16 09:52:20,100.8400,61
2018-08-16 09:52:21,100.9200,43
2018-08-16 09:52:22,100.8100,100
2018-08-16 09:52:23,100.8100,100
2018-08-16 09:52:24,100.8100,100
2018-08-16 09:52:25,100.8100,100
2018-08-16 09:52:26,100.8100,100
2018-08-16 09:52:27,100.8100,100
2018-08-16 09:52:28,100.8500,21
2018-08-16 09:52:30,100.8100,34
2018-08-16 09:52:32,100.9100,81
2018-08-16 09:52:34,100.9100,81
2018-08-16 09:52:35,100.9100,81
2018-08-16 09:52:36,100.8900,11
2018-08-16 09:52:37,100.9100,11
2018-08-16 09:52:40,100.9400,3
2018-08-16 09:52:42,100.8200,11
2018-08-16 09:52:43,100.8200,11
2018-08-16 09:52:45,100.8300,24
2018-08-16 09:52:47,100.8300,21
2018-08-16 09:52:49,100.8300,21
2018-08-16 09:52:50,100.8500,4
2018-08-16 09:52:54,100.8000,54
2018-08-16 09:52:55,100.8000,54
2018-08-16 09:52:56,100.8000,36
2018-08-16 09:52:58,100.7700,33
2018-08-16 09:53:00,100.7700,33
2018-08-16 09:53:02,100.8100,34
2018-08-16 09:53:03,100.8400,23
2018-08-16 09:53:04,100.8400,23
2018-08-16 09:53:05,100.7800,43
2018-08-16 09:53:10,100.7800,13
2018-08-16 09:53:11,100.7700,43
2018-08-16 09:53:12,100.7400,14
2018-08-16 09:53:15,100.7400,14
2018-08-16 09:53:17,100.8000,48
2018-08-16 09:53:18,100.7800,17
2018-08-16 09:53:19,100.7800,17
2018-08-16 09:53:20,100.8600,67
2018-08-16 09:53:21,100.9300,1
2018-08-16 09:53:22,100.9500,45
2018-08-16 09:53:23,100.9500,45
2018-08-16 09:53:25,100.9500,45
2018-08-16 09:53:26,100.8900,69
2018-08-16 09:53:27,100.9000,109
2018-08-16 09:53:28,100.8900,6
2018-08-16 09:53:30,100.8900,6
2018-08-16 09:53:33,100.8800,1
2018-08-16 09:53:34,100.8600,1
2018-08-16 09:53:35,100.8600,1
2018-08-16 09:53:37,100.8600,122
2018-08-16 09:53:38,100.8600,122
2018-08-16 09:53:39,100.8600,122
2018-08-16 09:53:40,100.8600,14
2018-08-16 09:53:41,100.8800,12
2018-08-16 09:53:42,100.8800,24
2018-08-16 09:53:43,100.8900,161
2018-08-16 09:53:44,100.8800,27
2018-08-16 09:53:45,100.8800,66
2018-08-16 09:53:46,100.8800,66
2018-08-16 09:53:47,100.8800,66
2018-08-16 09:53:50,100.8800,66
2018-08-16 09:53:53,100.8500,19
2018-08-16 09:53:55,100.7800,22
2018-08-16 09:53:56,100.7800,22
2018-08-16 09:53:57,100.8200,16
2018-08-16 09:53:59,100.8500,82
2018-08-16 09:54:01,100.8500,82
2018-08-16 09:54:02,100.8300,16
2018-08-16 09:54:03,100.8800,12
2018-08-16 09:54:06,100.8000,94
2018-08-16 09:54:07,100.8000,94
2018-08-16 09:54:08,100.8000,94
2018-08-16 09:54:11,100.8300,15
2018-08-16 09:54:13,100.8400,28
2018-08-16 09:54:15,100.8400,28
2018-08-16 09:54:16,100.8800,40
2018-08-16 09:54:18,100.8800,25
2018-08-16 09:54:19,100.8800,25
2018-08-16 09:54:20,100.8800,25
2018-08-16 09:54:23,100.8800,25
2018-08-16 09:54:24,100.8500,36
2018-08-16 09:54:25,100.8800,23
2018-08-16 09:54:27,100.8900,69
2018-08-16 09:54:28,100.8900,69
2018-08-16 09:54:29,100.9000,40
2018-08-16 09:54:30,100.9000,40
2018-08-16 09:54:33,100.9000,40
2018-08-16 09:54:35,100.9100,104
2018-08-16 09:54:36,100.9100,104
2018-08-16 09:54:37,100.9100,104
2018-08-16 09:54:38,100.9100,104
2018-08-16 09:54:39,100.9100,53
2018-08-16 09:54:40,100.9100,37
2018-08-16 09:54:41,100.9100,37
2018-08-16 09:54:42,100.8800,113
2018-08-16 09:54:43,100.9100,8
2018-08-16 09:54:45,100.8800,1
2018-08-16 09:54:47,100.8600,7
2018-08-16 09:54:48,100.8600,7
2018-08-16 09:54:49,100.8500,15
2018-08-16 09:54:51,100.8500,15
2018-08-16 09:54:52,100.8800,35
2018-08-16 09:54:53,100.8800,35
2018-08-16 09:54:55,100.9100,21
2018-08-16 09:54:57,100.9100,21
2018-08-16 09:54:58,100.9100,21
2018-08-16 09:55:01,100.8000,20
2018-08-16 09:55:03,100.8000,20
2018-08-16 09:55:04,100.8000,20
2018-08-16 09:55:05,100.9100,88
2018-08-16 09:55:06,100.9100,88
2018-08-16 09:55:08,100.9100,88
2018-08-16 09:55:09,100.9100,88
2018-08-16 09:55:10,100.9100,88
2018-08-16 09:55:12,100.8400,33
2018-08-16 09:55:13,100.8400,33
2018-08-16 09:55:14,100.8400,39
2018-08-16 09:55:15,100.8200,34
2018-08-16 09:55:16,100.8300,27
2018-08-16 09:55:18,100.8300,53
2018-08-16 09:55:20,100.7600,33
2018-08-16 09:55:21,100.7600,33
2018-08-16 09:55:22,100.7600,33
2018-08-16 09:55:23,100.7600,33
2018-08-16 09:55:25,100.7600,33
2018-08-16 09:55:26,100.7600,33
2018-08-16 09:55:28,100.8500,7
2018-08-16 09:55:31,100.8500,7
2018-08-16 09:55:33,100.8500,9
2018-08-16 09:55:34,100.8500,9
2018-08-16 09:55:36,100.8500,9
2018-08-16 09:55:38,100.8500,45
2018-08-16 09:55:40,100.8500,11
2018-08-16 09:55:42,100.8500,2
2018-08-16 09:55:44,100.8600,14
2018-08-16 09:55:45,100.8600,14
2018-08-16 09:55:46,100.8600,14
2018-08-16 09:55:47,100.8900,44
2018-08-16 09:55:48,100.8900,44
2018-08-16 09:55:51,100.8900,44
2018-08-16 09:55:52,100.8700,18
2018-08-16 09:55:53,100.8700,18
2018-08-16 09:55:54,100.8600,147
2018-08-16 09:55:56,100.8600,147
2018-08-16 09:55:57,100.9200,66
2018-08-16 09:55:58,100.9200,66
2018-08-16 09:55:59,100.9200,32
2018-08-16 09:56:00,100.9200,32
2018-08-16 09:56:03,100.9200,32
2018-08-16 09:56:05,100.8600,78
2018-08-16 09:56:06,100.8600,78
2018-08-16 09:56:08,100.8500,19
2018-08-16 09:56:09,100.8500,19
2018-08-16 09:56:10,100.8500,19
2018-08-16 09:56:13,100.8300,45
2018-08-16 09:56:14,100.8300,45
2018-08-16 09:56:16,100.8200,18
2018-08-16 09:56:17,100.8500,8
2018-08-16 09:56:18,100.8500,8
2018-08-16 09:56:19,100.9600,27
2018-08-16 09:56:20,100.9600,27
2018-08-16 09:56:21,100.9600,27
2018-08-16 09:56:22,100.8900,2
2018-08-16 09:56:23,100.8900,2
2018-08-16 09:56:24,100.8900,2
2018-08-16 09:56:25,100.8900,2
2018-08-16 09:56:26,100.8600,55
2018-08-16 09:56:27,100.8600,13
2018-08-16 09:56:28,100.8600,13
2018-08-16 09:56:29,100.8500,11
2018-08-16 09:56:30,100.8500,35
2018-08-16 09:56:31,100.8500,58
2018-08-16 09:56:32,100.8500,43
2018-08-16 09:56:33,100.8500,43
2018-08-16 09:56:34,100.8500,43
2018-08-16 09:56:35,100.8500,43
2018-08-16 09:56:36,100.8600,64
2018-08-16 09:56:37,100.8800,4
2018-08-16 09:56:38,100.8900,110
2018-08-16 09:56:39,100.9000,14
2018-08-16 09:56:40,100.9400,199
2018-08-16 09:56:41,100.9200,25
2018-08-16 09:56:43,100.9200,25
2018-08-16 09:56:44,100.9200,25
2018-08-16 09:56:46,100.9200,25
2018-08-16 09:56:48,100.9200,25
2018-08-16 09:56:49,100.9200,25
2018-08-16 09:56:51,100.9000,41
2018-08-16 09:56:52,100.9600,21
2018-08-16 09:56:53,100.9900,29
2018-08-16 09:56:55,100.9900,29
2018-08-16 09:56:56,100.9900,29
2018-08-16 09:56:58,100.9900,29
2018-08-16 09:57:01,100.9900,29
2018-08-16 09:57:03,100.9700,96
2018-08-16 09:57:04,100.9900,71
2018-08-16 09:57:06,100.9900,71
2018-08-16 09:57:08,100.9900,71
2018-08-16 09:57:09,100.9400,37
2018-08-16 09:57:12,100.8900,22
2018-08-16 09:57:13,100.8500,46
2018-08-16 09:57:14,100.9500,25
2018-08-16 09:57:15,100.9500,25
2018-08-16 09:57:16,100.9900,37
2018-08-16 09:57:17,101.0200,37
2018-08-16 09:57:20,101.0200,37
2018-08-16 09:57:21,101.0200,55
2018-08-16 09:57:22,101.0000,53
2018-08-16 09:57:23,101.0000,53
2018-08-16 09:57:24,101.0900,101
2018-08-16 09:57:25,101.0900,101
2018-08-16 09:57:26,101.0900,101
2018-08-16 09:57:27,101.0900,2
2018-08-16 09:57:28,101.2600,74
2018-08-16 09:57:31,101.2600,74
2018-08-16 09:57:32,101.2600,74
2018-08-16 09:57:33,101.2600,74
2018-08-16 09:57:35,101.2600,74
2018-08-16 09:57:37,101.2600,74
2018-08-16 09:57:38,101.2600,74
2018-08-16 09:57:39,101.2600,74
2018-08-16 09:57:40,101.2600,74
2018-08-16 09:57:41,101.2600,74
2018-08-16 09:57:42,101.1400,64
2018-08-16 09:57:43,101.0800,96
2018-08-16 09:57:45,101.1200,43
2018-08-16 09:57:46,101.1400,12
2018-08-16 09:57:47,101.1900,3
2018-08-16 09:57:48,101.1900,3
2018-08-16 09:57:50,101.1500,145
2018-08-16 09:57:51,101.1000,13
2018-08-16 09:57:52,101.1300,32
2018-08-16 09:57:53,101.1300,3
2018-08-16 09:57:55,101.1300,22
2018-08-16 09:57:56,101.1700,28
2018-08-16 09:57:57,101.1500,9
2018-08-16 09:57:58,101.1900,26
2018-08-16 09:58:00,101.1000,64
2018-08-16 09:58:01,101.1000,64
2018-08-16 09:58:02,101.1000,15
2018-08-16 09:58:06,101.1100,14
2018-08-16 09:58:09,101.1100,14
2018-08-16 09:58:10,101.1100,14
2018-08-16 09:58:11,101.1100,14
2018-08-16 09:58:12,101.1100,14
2018-08-16 09:58:13,101.1100,14
2018-08-16 09:58:16,101.1100,14
2018-08-16 09:58:18,101.1100,14
2018-08-16 09:58:20,101.1100,14
2018-08-16 09:58:21,101.1100,14
2018-08-16 09:58:22,101.1100,14
2018-08-16 09:58:23,101.1600,50
2018-08-16 09:58:24,101.2000,29
2018-08-16 09:58:26,101.2000,107
2018-08-16 09:58:30,101.2000,23
2018-08-16 09:58:31,101.2000,23
2018-08-16 09:58:32,101.1700,25
2018-08-16 09:58:33,101.1700,25
2018-08-16 09:58:34,101.1400,28
2018-08-16 09:58:35,101.1100,74
2018-08-16 09:58:36,101.1100,74
2018-08-16 09:58:38,101.1800,29
2018-08-16 09:58:40,101.1800,84
2018-08-16 09:58:41,101.2300,13
2018-08-16 09:58:42,101.2300,13
2018-08-16 09:58:45,101.2300,13
2018-08-16 09:58:46,101.2300,13
2018-08-16 09:58:47,101.2300,13
2018-08-16 09:58:48,101.2300,13
2018-08-16 09:58:49,101.2300,13
2018-08-16 09:58:50,101.2300,14
2018-08-16 09:58:51,101.2300,14
2018-08-16 09:58:52,101.1900,25
2018-08-16 09:58:53,101.1800,42
2018-08-16 09:58:55,101.1800,42
2018-08-16 09:58:57,101.1500,93
2018-08-16 09:59:00,101.1500,9
2018-08-16 09:59:01,101.1300,60
2018-08-16 09:59:02,101.1300,60
2018-08-16 09:59:03,101.1300,60
2018-08-16 09:59:04,101.1300,60
2018-08-16 09:59:05,101.1300,60
2018-08-16 09:59:06,101.1400,27
2018-08-16 09:59:07,101.1200,60
2018-08-16 09:59:08,101.1200,60
2018-08-16 09:59:11,101.1200,60
2018-08-16 09:59:13,101.2100,47
2018-08-16 09:59:14,101.2100,47
2018-08-16 09:59:15,101.2100,47
2018-08-16 09:59:16,101.2100,47
2018-08-16 09:59:18,101.2200,20
2018-08-16 09:59:21,101.2300,20
2018-08-16 09:59:24,101.2200,10
2018-08-16 09:59:25,101.2400,48
2018-08-16 09:59:27,101.2400,48
2018-08-16 09:59:28,101.2200,2
2018-08-16 09:59:30,101.2500,49
2018-08-16 09:59:31,101.2500,49
2018-08-16 09:59:32,101.2600,36
2018-08-16 09:59:33,101.2600,36
2018-08-16 09:59:34,101.2600,36
2018-08-16 09:59:36,101.2600,36
2018-08-16 09:59:37,101.2200,56
2018-08-16 09:59:38,101.2200,56
2018-08-16 09:59:40,101.2200,17
2018-08-16 09:59:41,101.2200,17
2018-08-16 09:59:42,101.2200,17
2018-08-16 09:59:45,101.2200,17
2018-08-16 09:59:46,101.2200,17
2018-08-16 09:59:47,101.2400,39
2018-08-16 09:59:48,101.2600,23
2018-08-16 09:59:51,101.2600,23
2018-08-16 09:59:52,101.2300,27
2018-08-16 09:59:53,101.2300,27
2018-08-16 09:59:54,101.2200,63
2018-08-16 09:59:56,101.2200,63
2018-08-16 09:59:57,101.2200,23
2018-08-16 09:59:58,101.2200,23
2018-08-16 10:00:01,101.1700,76
2018-08-16 10:00:03,101.1500,2
2018-08-16 10:00:04,101.1500,2
2018-08-16 10:00:06,101.1500,2
2018-08-16 10:00:07,101.1500,2
2018-08-16 10:00:11,101.1100,74
2018-08-16 10:00:15,101.1400,37
2018-08-16 10:00:18,101.1400,37
2018-08-16 10:00:21,101.2300,2
2018-08-16 10:00:22,101.2300,72
2018-08-16 10:00:24,101.2300,34
2018-08-16 10:00:26,101.2300,34
2018-08-16 10:00:28,101.2200,14
2018-08-16 10:00:29,101.2600,5
2018-08-16 10:00:30,101.3100,7
2018-08-16 10:00:32,101.2400,6
2018-08-16 10:00:33,101.2300,56
2018-08-16 10:00:34,101.2300,2
2018-08-16 10:00:35,101.1800,46
2018-08-16 10:00:36,101.1800,46
2018-08-16 10:00:37,101.2800,7
2018-08-16 10:00:38,101.2800,7
2018-08-16 10:00:39,101.2700,24
2018-08-16 10:00:40,101.2700,24
2018-08-16 10:00:41,101.1800,50
2018-08-16 10:00:42,101.1700,36
2018-08-16 10:00:43,101.1700,15
2018-08-16 10:00:44,101.1800,62
2018-08-16 10:00:45,101.2100,6
2018-08-16 10:00:46,101.2100,6
2018-08-16 10:00:48,101.2100,6
2018-08-16 10:00:49,101.1400,51
2018-08-16 10:00:51,101.1400,51
2018-08-16 10:00:52,101.0900,31
2018-08-16 10:00:53,101.0900,7
2018-08-16 10:00:55,101.1800,4
2018-08-16 10:00:56,101.2100,20
2018-08-16 10:00:58,101.2100,20
2018-08-16 10:00:59,101.2100,20
2018-08-16 10:01:01,101.2100,20
2018-08-16 10:01:02,101.2400,76
2018-08-16 10:01:04,101.2400,76
2018-08-16 10:01:05,101.2400,76
2018-08-16 10:01:06,101.2900,33
2018-08-16 10:01:07,101.2900,33
2018-08-16 10:01:08,101.2900,33
2018-08-16 10:01:09,101.2900,33
2018-08-16 10:01:10,101.2900,44
2018-08-16 10:01:12,101.3000,36
2018-08-16 10:01:13,101.3000,36
2018-08-16 10:01:14,101.3100,19
2018-08-16 10:01:15,101.3100,19
2018-08-16 10:01:16,101.3100,19
2018-08-16 10:01:17,101.3200,18
2018-08-16 10:01:18,101.3200,18
2018-08-16 10:01:19,101.2800,42
2018-08-16 10:01:21,101.2400,53
2018-08-16 10:01:23,101.2400,53
2018-08-16 10:01:24,101.2400,53
2018-08-16 10:01:25,101.3300,8
2018-08-16 10:01:26,101.2800,15
2018-08-16 10:01:28,101.2900,35
2018-08-16 10:01:29,101.2100,12
2018-08-16 10:01:33,101.2100,12
2018-08-16 10:01:36,101.2100,12
2018-08-16 10:01:37,101.2900,26
2018-08-16 10:01:38,101.2900,26
2018-08-16 10:01:39,101.2900,33
2018-08-16 10:01:41,101.2900,33
2018-08-16 10:01:42,101.2900,33
2018-08-16 10:01:43,101.2900,33
2018-08-16 10:01:44,101.3300,37
2018-08-16 10:01:45,101.2100,19
2018-08-16 10:01:46,101.2100,19
2018-08-16 10:01:47,101.2100,19
2018-08-16 10:01:48,101.2100,19
2018-08-16 10:01:53,101.2100,19
2018-08-16 10:01:55,101.2100,19
2018-08-16 10:01:57,101.3200,20
2018-08-16 10:01:58,101.3200,20
2018-08-16 10:01:59,101.3200,20
2018-08-16 10:02:00,101.3200,20
2018-08-16 10:02:01,101.3300,16
2018-08-16 10:02:02,101.3300,17
2018-08-16 10:02:03,101.3800,84
2018-08-16 10:02:04,101.3800,73
2018-08-16 10:02:05,101.3800,14
2018-08-16 10:02:06,101.3800,14
2018-08-16 10:02:07,101.3800,14
2018-08-16 10:02:08,101.3800,14
2018-08-16 10:02:09,101.3800,14
2018-08-16 10:02:11,101.3400,36
2018-08-16 10:02:13,101.3400,36
2018-08-16 10:02:14,101.3400,36
2018-08-16 10:02:15,101.3400,23
2018-08-16 10:02:16,101.3800,36
2018-08-16 10:02:17,101.4000,8
2018-08-16 10:02:18,101.3400,32
2018-08-16 10:02:19,101.3400,32
2018-08-16 10:02:21,101.3400,32
2018-08-16 10:02:23,101.3400,32
2018-08-16 10:02:24,101.3400,32
2018-08-16 10:02:26,101.3400,32
2018-08-16 10:02:27,101.3600,1
2018-08-16 10:02:28,101.3600,1
2018-08-16 10:02:31,101.3800,73
2018-08-16 10:02:35,101.3800,18
2018-08-16 10:02:36,101.3800,18
2018-08-16 10:02:37,101.3800,3
2018-08-16 10:02:38,101.3800,3
2018-08-16 10:02:40,101.3400,66
2018-08-16 10:02:41,101.3400,66
2018-08-16 10:02:43,101.3600,6
2018-08-16 10:02:45,101.3700,81
2018-08-16 10:02:46,101.3700,81
2018-08-16 10:02:47,101.3700,93
2018-08-16 10:02:48,101.3700,93
2018-08-16 10:02:49,101.3400,79
2018-08-16 10:02:50,101.3400,79
2018-08-16 10:02:51,101.3400,4
2018-08-16 10:02:53,101.3400,4
2018-08-16 10:02:55,101.3700,16
2018-08-16 10:02:56,101.3700,16
2018-08-16 10:02:58,101.3400,1
2018-08-16 10:03:04,101.3300,57
2018-08-16 10:03:05,101.3300,57
2018-08-16 10:03:09,101.3300,57
2018-08-16 10:03:10,101.3300,49
2018-08-16 10:03:11,101.3200,64
2018-08-16 10:03:13,101.3200,64
2018-08-16 10:03:17,101.4400,22
2018-08-16 10:03:18,101.4400,22
2018-08-16 10:03:20,101.4400,22
2018-08-16 10:03:24,101.3700,28
2018-08-16 10:03:27,101.3700,28
2018-08-16 10:03:28,101.2900,54
2018-08-16 10:03:31,101.2900,54
2018-08-16 10:03:33,101.2700,81
2018-08-16 10:03:34,101.2700,4
2018-08-16 10:03:36,101.2600,43
2018-08-16 10:03:38,101.2600,43
2018-08-16 10:03:39,101.2600,43
2018-08-16 10:03:43,101.2600,43
2018-08-16 10:03:44,101.3000,16
2018-08-16 10:03:45,101.3000,16
2018-08-16 10:03:47,101.2900,8
2018-08-16 10:03:48,101.2800,5
2018-08-16 10:03:50,101.2800,5
2018-08-16 10:03:51,101.2800,5
2018-08-16 10:03:52,101.2800,5
2018-08-16 10:03:53,101.2800,5
2018-08-16 10:03:57,101.3100,60
2018-08-16 10:03:58,101.3100,56
2018-08-16 10:03:59,101.2800,71
2018-08-16 10:04:00,101.3100,29
2018-08-16 10:04:01,101.3900,25
2018-08-16 10:04:02,101.3900,25
2018-08-16 10:04:03,101.3900,25
2018-08-16 10:04:04,101.3900,25
2018-08-16 10:04:06,101.3900,25
2018-08-16 10:04:08,101.3500,38
2018-08-16 10:04:09,101.3500,38
2018-08-16 10:04:10,101.3500,38
2018-08-16 10:04:11,101.3500,64
2018-08-16 10:04:13,101.3700,5
2018-08-16 10:04:15,101.3700,5
2018-08-16 10:04:16,101.3700,5
2018-08-16 10:04:18,101.3700,5
2018-08-16 10:04:19,101.3700,5
2018-08-16 10:04:21,101.3700,5
2018-08-16 10:04:23,101.3700,5
2018-08-16 10:04:25,101.3700,11
2018-08-16 10:04:27,101.3700,11
2018-08-16 10:04:28,101.3700,14
2018-08-16 10:04:29,101.3700,33
2018-08-16 10:04:30,101.3900,10
2018-08-16 10:04:31,101.3900,10
2018-08-16 10:04:32,101.3600,22
2018-08-16 10:04:33,101.3600,22
2018-08-16 10:04:35,101.3400,10
2018-08-16 10:04:36,101.3400,63
2018-08-16 10:04:38,101.2600,25
2018-08-16 10:04:41,101.2400,25
2018-08-16 10:04:43,101.2400,35
2018-08-16 10:04:44,101.2400,35
2018-08-16 10:04:45,101.2400,35
2018-08-16 10:04:47,101.2800,35
2018-08-16 10:04:48,101.2800,18
2018-08-16 10:04:49,101.2500,3
2018-08-16 10:04:51,101.2500,3
2018-08-16 10:04:52,101.2500,3
2018-08-16 10:04:53,101.3200,15
2018-08-16 10:04:54,101.3200,15
2018-08-16 10:04:55,101.3500,49
2018-08-16 10:04:56,101.3500,49
2018-08-16 10:04:58,101.3600,29
2018-08-16 10:04:59,101.3600,6
2018-08-16 10:05:00,101.3600,6
2018-08-16 10:05:01,101.3600,6
2018-08-16 10:05:02,101.3600,6
2018-08-16 10:05:04,101.3600,1
2018-08-16 10:05:05,101.3700,55
2018-08-16 10:05:06,101.3500,44
2018-08-16 10:05:07,101.3500,27
2018-08-16 10:05:08,101.3500,27
2018-08-16 10:05:09,101.3500,27
2018-08-16 10:05:12,101.3500,27
2018-08-16 10:05:13,101.3500,27
2018-08-16 10:05:16,101.3200,10
2018-08-16 10:05:17,101.3200,35
2018-08-16 10:05:18,101.2900,55
2018-08-16 10:05:19,101.3500,24
2018-08-16 10:05:20,101.3500,24
2018-08-16 10:05:21,101.3200,14
2018-08-16 10:05:22,101.3200,14
2018-08-16 10:05:23,101.3200,14
2018-08-16 10:05:25,101.2900,30
2018-08-16 10:05:26,101.2900,2
2018-08-16 10:05:29,101.2900,55
2018-08-16 10:05:33,101.3000,46
2018-08-16 10:05:34,101.3000,46
2018-08-16 10:05:35,101.2900,46
2018-08-16 10:05:38,101.2900,42
2018-08-16 10:05:39,101.2800,3
2018-08-16 10:05:41,101.2800,3
2018-08-16 10:05:43,101.2800,3
2018-08-16 10:05:44,101.3300,7
2018-08-16 10:05:45,101.3500,62
2018-08-16 10:05:46,101.3200,66
2018-08-16 10:05:47,101.3500,129
2018-08-16 10:05:48,101.3500,35
2018-08-16 10:05:51,101.3500,35
2018-08-16 10:05:52,101.3500,35
2018-08-16 10:05:54,101.3900,74
2018-08-16 10:05:55,101.3900,91
2018-08-16 10:05:56,101.3900,56
2018-08-16 10:05:57,101.3900,56
2018-08-16 10:05:59,101.3900,56
2018-08-16 10:06:01,101.3900,56
2018-08-16 10:06:02,101.3600,30
2018-08-16 10:06:03,101.4000,7
2018-08-16 10:06:05,101.4300,44
2018-08-16 10:06:08,101.4300,44
2018-08-16 10:06:10,101.4000,8
2018-08-16 10:06:11,101.4000,8
2018-08-16 10:06:13,101.4400,21
2018-08-16 10:06:14,101.4400,38
2018-08-16 10:06:15,101.4500,33
2018-08-16 10:06:16,101.4200,14
2018-08-16 10:06:19,101.4200,14
2018-08-16 10:06:20,101.4200,14
2018-08-16 10:06:22,101.4200,14
2018-08-16 10:06:24,101.4200,14
2018-08-16 10:06:25,101.4700,102
2018-08-16 10:06:26,101.4700,48
2018-08-16 10:06:30,101.4700,27
2018-08-16 10:06:32,101.4500,56
2018-08-16 10:06:33,101.4700,24
2018-08-16 10:06:34,101.4600,61
2018-08-16 10:06:35,101.4600,61
2018-08-16 10:06:36,101.4600,72
2018-08-16 10:06:38,101.4600,72
2018-08-16 10:06:40,101.4000,22
2018-08-16 10:06:41,101.4000,2
2018-08-16 10:06:42,101.3800,79
2018-08-16 10:06:43,101.3800,79
2018-08-16 10:06:44,101.3800,79
2018-08-16 10:06:48,101.4100,71
2018-08-16 10:06:50,101.4300,23
2018-08-16 10:06:53,101.3900,6
2018-08-16 10:06:54,101.3900,6
2018-08-16 10:06:57,101.3900,6
2018-08-16 10:06:58,101.3900,6
2018-08-16 10:07:02,101.3900,6
2018-08-16 10:07:03,101.3900,6
2018-08-16 10:07:04,101.3900,6
2018-08-16 10:07:05,101.3800,9
2018-08-16 10:07:06,101.4700,1
2018-08-16 10:07:07,101.4700,1
2018-08-16 10:07:08,101.4700,1
2018-08-16 10:07:10,101.4700,1
2018-08-16 10:07:11,101.4700,1
2018-08-16 10:07:13,101.4700,1
2018-08-16 10:07:14,101.4700,1
2018-08-16 10:07:16,101.4300,19
2018-08-16 10:07:18,101.4300,33
2018-08-16 10:07:19,101.4200,3
2018-08-16 10:07:21,101.4200,3
2018-08-16 10:07:22,101.3700,49
2018-08-16 10:07:23,101.3100,3
2018-08-16 10:07:24,101.3100,3
2018-08-16 10:07:25,101.3100,3
2018-08-16 10:07:26,101.3100,3
2018-08-16 10:07:27,101.4200,29
2018-08-16 10:07:28,101.4200,29
2018-08-16 10:07:30,101.4200,29
2018-08-16 10:07:31,101.4200,29
2018-08-16 10:07:33,101.4200,29
2018-08-16 10:07:34,101.3500,11
2018-08-16 10:07:35,101.3500,11
2018-08-16 10:07:37,101.3500,45
2018-08-16 10:07:39,101.3100,13
2018-08-16 10:07:41,101.3600,49
2018-08-16 10:07:44,101.3600,39
2018-08-16 10:07:48,101.3100,14
2018-08-16 10:07:49,101.3100,14
2018-08-16 10:07:50,101.3100,14
2018-08-16 10:07:51,101.3100,14
2018-08-16 10:07:52,101.3100,14
2018-08-16 10:07:53,101.3300,105
2018-08-16 10:07:54,101.3000,93
2018-08-16 10:07:57,101.2800,14
2018-08-16 10:07:59,101.3000,44
2018-08-16 10:08:00,101.3000,44
2018-08-16 10:08:02,101.3000,44
2018-08-16 10:08:03,101.3000,44
2018-08-16 10:08:08,101.3000,44
2018-08-16 10:08:09,101.3200,54
2018-08-16 10:08:10,101.3200,54
2018-08-16 10:08:12,101.3200,54
2018-08-16 10:08:13,101.3200,5
2018-08-16 10:08:14,101.3000,28
2018-08-16 10:08:17,101.3000,28
2018-08-16 10:08:18,101.3000,28
2018-08-16 10:08:19,101.3000,28
2018-08-16 10:08:20,101.2600,55
2018-08-16 10:08:21,101.2300,76
2018-08-16 10:08:22,101.2300,48
2018-08-16 10:08:23,101.1900,70
2018-08-16 10:08:25,101.2300,6
2018-08-16 10:08:26,101.2000,56
2018-08-16 10:08:28,101.1800,12
2018-08-16 10:08:29,101.2000,19
2018-08-16 10:08:30,101.1800,29
2018-08-16 10:08:31,101.1800,47
2018-08-16 10:08:32,101.1200,33
2018-08-16 10:08:33,101.1100,34
2018-08-16 10:08:34,101.0900,2
2018-08-16 10:08:35,101.0900,2
2018-08-16 10:08:36,101.0900,2
2018-08-16 10:08:37,101.1200,2
2018-08-16 10:08:38,101.1200,2
2018-08-16 10:08:39,101.1200,2
2018-08-16 10:08:40,101.1200,2
2018-08-16 10:08:41,101.1200,2
2018-08-16 10:08:42,101.1200,2
2018-08-16 10:08:43,101.1800,63
2018-08-16 10:08:45,101.0900,31
2018-08-16 10:08:48,101.0900,31
2018-08-16 10:08:50,101.0900,31
2018-08-16 10:08:51,101.0900,31
2018-08-16 10:08:53,101.0900,31
2018-08-16 10:08:55,101.0900,31
2018-08-16 10:08:56,101.0900,31
2018-08-16 10:08:57,101.0900,31
2018-08-16 10:08:58,101.1700,34
2018-08-16 10:08:59,101.1800,128
2018-08-16 10:09:00,101.2200,21
2018-08-16 10:09:02,101.2200,21
2018-08-16 10:09:03,101.1900,63
2018-08-16 10:09:04,101.2200,28
2018-08-16 10:09:05,101.1900,5
2018-08-16 10:09:09,101.1700,4
2018-08-16 10:09:11,101.2600,21
2018-08-16 10:09:18,101.2200,74
2018-08-16 10:09:19,101.2200,74
2018-08-16 10:09:21,101.1300,34
2018-08-16 10:09:23,101.1300,34
2018-08-16 10:09:24,101.1300,34
2018-08-16 10:09:26,101.1300,34
2018-08-16 10:09:27,101.1300,34
2018-08-16 10:09:29,101.1300,34
2018-08-16 10:09:30,101.1300,34
2018-08-16 10:09:31,101.1300,34
2018-08-16 10:09:34,101.1800,16
2018-08-16 10:09:35,101.1800,16
2018-08-16 10:09:36,101.1800,63
2018-08-16 10:09:37,101.1800,63
2018-08-16 10:09:38,101.1800,63
2018-08-16 10:09:39,101.1800,3
2018-08-16 10:09:41,101.1800,3
2018-08-16 10:09:42,101.1800,3
2018-08-16 10:09:44,101.1800,3
2018-08-16 10:09:45,101.1800,3
2018-08-16 10:09:46,101.1800,3
2018-08-16 10:09:49,101.1800,3
2018-08-16 10:09:51,101.1300,13
2018-08-16 10:09:52,101.1300,67
2018-08-16 10:09:54,101.1300,67
2018-08-16 10:09:59,101.1300,24
2018-08-16 10:10:00,101.1600,8
2018-08-16 10:10:03,101.1600,75
2018-08-16 10:10:04,101.1600,11
2018-08-16 10:10:05,101.1300,8
2018-08-16 10:10:07,101.1300,88
2018-08-16 10:10:08,101.1300,88
2018-08-16 10:10:09,101.1200,7
2018-08-16 10:10:11,101.1300,7
2018-08-16 10:10:12,101.1700,116
2018-08-16 10:10:13,101.1200,16
2018-08-16 10:10:17,101.1200,16
2018-08-16 10:10:18,101.0900,27
2018-08-16 10:10:21,101.0900,27
2018-08-16 10:10:22,101.0900,27
2018-08-16 10:10:24,101.0900,27
2018-08-16 10:10:25,101.0900,27
2018-08-16 10:10:27,101.0900,27
2018-08-16 10:10:29,101.0900,27
2018-08-16 10:10:31,101.1500,15
2018-08-16 10:10:32,101.1500,15
2018-08-16 10:10:34,101.2100,75
2018-08-16 10:10:35,101.2100,75
2018-08-16 10:10:38,101.2100,43
2018-08-16 10:10:39,101.2000,7
2018-08-16 10:10:40,101.1500,1
2018-08-16 10:10:41,101.1600,44
2018-08-16 10:10:43,101.1500,21
2018-08-16 10:10:44,101.1500,21
2018-08-16 10:10:46,101.1600,33
2018-08-16 10:10:49,101.1600,33
2018-08-16 10:10:50,101.1600,33
2018-08-16 10:10:51,101.1600,33
2018-08-16 10:10:52,101.1600,33
2018-08-16 10:10:53,101.1600,33
2018-08-16 10:10:54,101.1600,33
2018-08-16 10:10:56,101.1600,33
2018-08-16 10:10:57,101.1600,33
2018-08-16 10:11:00,101.1600,33
2018-08-16 10:11:02,101.1600,33
2018-08-16 10:11:03,101.1600,33
2018-08-16 10:11:04,101.1600,33
2018-08-16 10:11:05,101.1600,33
2018-08-16 10:11:06,101.1600,33
2018-08-16 10:11:07,101.1600,33
2018-08-16 10:11:08,101.1600,33
2018-08-16 10:11:09,101.2000,14
2018-08-16 10:11:10,101.2000,14
2018-08-16 10:11:11,101.1400,23
2018-08-16 10:11:13,101.1400,23
2018-08-16 10:11:15,101.1400,23
2018-08-16 10:11:17,101.1400,23
2018-08-16 10:11:19,101.1400,23
2018-08-16 10:11:20,101.1400,23
2018-08-16 10:11:21,101.2200,58
2018-08-16 10:11:22,101.2200,139
2018-08-16 10:11:24,101.2300,6
2018-08-16 10:11:25,101.2200,13
2018-08-16 10:11:28,101.2400,94
2018-08-16 10:11:29,101.2400,12
2018-08-16 10:11:30,101.2200,5
2018-08-16 10:11:33,101.2200,5
2018-08-16 10:11:35,101.2200,5
2018-08-16 10:11:39,101.2200,5
2018-08-16 10:11:43,101.2200,5
2018-08-16 10:11:44,101.2400,85
2018-08-16 10:11:45,101.2400,85
2018-08-16 10:11:46,101.2400,11
2018-08-16 10:11:47,101.2400,11
2018-08-16 10:11:49,101.2600,7
2018-08-16 10:11:50,101.2300,19
2018-08-16 10:11:52,101.2600,23
2018-08-16 10:11:53,101.2600,23
2018-08-16 10:11:54,101.2600,23
2018-08-16 10:11:55,101.2300,19
2018-08-16 10:11:57,101.2600,19
2018-08-16 10:11:58,101.2800,90
2018-08-16 10:12:01,101.2800,19
2018-08-16 10:12:02,101.2800,19
2018-08-16 10:12:05,101.2500,19
2018-08-16 10:12:07,101.2500,19
2018-08-16 10:12:08,101.2300,45
2018-08-16 10:12:09,101.2300,45
2018-08-16 10:12:10,101.2300,45
2018-08-16 10:12:11,101.2700,19
2018-08-16 10:12:13,101.2700,19
2018-08-16 10:12:14,101.2700,19
2018-08-16 10:12:15,101.2800,4
2018-08-16 10:12:16,101.2800,21
2018-08-16 10:12:17,101.2800,21
2018-08-16 10:12:18,101.2300,34
2018-08-16 10:12:19,101.2300,34
2018-08-16 10:12:20,101.2300,34
2018-08-16 10:12:24,101.3100,102
2018-08-16 10:12:25,101.3100,102
2018-08-16 10:12:26,101.3100,11
2018-08-16 10:12:29,101.3200,69
2018-08-16 10:12:30,101.3300,65
2018-08-16 10:12:31,101.2800,40
2018-08-16 10:12:34,101.3900,15
2018-08-16 10:12:35,101.3900,15
2018-08-16 10:12:36,101.3900,15
2018-08-16 10:12:37,101.3900,15
2018-08-16 10:12:38,101.3900,15
2018-08-16 10:12:39,101.3900,15
2018-08-16 10:12:42,101.3000,30
2018-08-16 10:12:44,101.2800,26
2018-08-16 10:12:45,101.2400,63
2018-08-16 10:12:46,101.2400,63
2018-08-16 10:12:49,101.2400,63
2018-08-16 10:12:50,101.2300,35
2018-08-16 10:12:51,101.2300,35
2018-08-16 10:12:52,101.2300,35
2018-08-16 10:12:55,101.2300,35
2018-08-16 10:12:57,101.3400,6
2018-08-16 10:12:58,101.3400,6
2018-08-16 10:13:00,101.3500,74
2018-08-16 10:13:01,101.3500,74
2018-08-16 10:13:02,101.3500,74
2018-08-16 10:13:04,101.3500,74
2018-08-16 10:13:05,101.3500,13
2018-08-16 10:13:07,101.3600,138
2018-08-16 10:13:08,101.3400,2
2018-08-16 10:13:10,101.2600,11
2018-08-16 10:13:11,101.2600,11
2018-08-16 10:13:13,101.2900,38
2018-08-16 10:13:15,101.2900,38
2018-08-16 10:13:16,101.3000,67
2018-08-16 10:13:17,101.2900,6
2018-08-16 10:13:18,101.2900,6
2018-08-16 10:13:19,101.3500,19
2018-08-16 10:13:20,101.3900,18
2018-08-16 10:13:21,101.3900,18
2018-08-16 10:13:22,101.3400,76
2018-08-16 10:13:23,101.4000,55
2018-08-16 10:13:24,101.3600,50
2018-08-16 10:13:25,101.3600,50
2018-08-16 10:13:26,101.3600,50
2018-08-16 10:13:28,101.3600,50
2018-08-16 10:13:30,101.3200,46
2018-08-16 10:13:31,101.3600,102
2018-08-16 10:13:32,101.3800,8
2018-08-16 10:13:33,101.4000,40
2018-08-16 10:13:35,101.4300,3
2018-08-16 10:13:36,101.4200,9
2018-08-16 10:13:37,101.4200,38
2018-08-16 10:13:39,101.4200,38
2018-08-16 10:13:40,101.2900,52
2018-08-16 10:13:43,101.2900,52
2018-08-16 10:13:44,101.2900,52
2018-08-16 10:13:45,101.2900,52
2018-08-16 10:13:46,101.2900,52
2018-08-16 10:13:49,101.3200,46
2018-08-16 10:13:50,101.3300,22
2018-08-16 10:13:52,101.3700,8
2018-08-16 10:13:58,101.3200,28
2018-08-16 10:13:59,101.2900,20
2018-08-16 10:14:00,101.3200,89
2018-08-16 10:14:01,101.3200,31
2018-08-16 10:14:04,101.3200,17
2018-08-16 10:14:05,101.3200,18
2018-08-16 10:14:06,101.3200,2
2018-08-16 10:14:07,101.3200,2
2018-08-16 10:14:08,101.3200,2
2018-08-16 10:14:12,101.3300,18
2018-08-16 10:14:14,101.3400,80
2018-08-16 10:14:15,101.3200,36
2018-08-16 10:14:16,101.3200,15
2018-08-16 10:14:17,101.3100,29
2018-08-16 10:14:18,101.3100,29
2018-08-16 10:14:19,101.3400,25
2018-08-16 10:14:20,101.3400,25
2018-08-16 10:14:21,101.3100,15
2018-08-16 10:14:25,101.3100,15
2018-08-16 10:14:26,101.3100,15
2018-08-16 10:14:27,101.3400,19
2018-08-16 10:14:29,101.4000,4
2018-08-16 10:14:30,101.4000,4
2018-08-16 10:14:31,101.3000,47
2018-08-16 10:14:34,101.3000,47
2018-08-16 10:14:35,101.3000,45
2018-08-16 10:14:36,101.2900,89
2018-08-16 10:14:37,101.2600,35
2018-08-16 10:14:40,101.3500,78
2018-08-16 10:14:43,101.2700,18
2018-08-16 10:14:44,101.2500,57
2018-08-16 10:14:45,101.2800,20
2018-08-16 10:14:46,101.2800,15
2018-08-16 10:14:48,101.2900,19
2018-08-16 10:14:49,101.2900,19
2018-08-16 10:14:51,101.2900,19
2018-08-16 10:14:52,101.2500,15
2018-08-16 10:14:53,101.2700,19
2018-08-16 10:14:55,101.2900,10
2018-08-16 10:14:58,101.2900,69
2018-08-16 10:14:59,101.2600,28
2018-08-16 10:15:00,101.2400,61
2018-08-16 10:15:02,101.2400,11
2018-08-16 10:15:03,101.2400,11
2018-08-16 10:15:04,101.2400,23
2018-08-16 10:15:05,101.2900,38
2018-08-16 10:15:06,101.3100,40
2018-08-16 10:15:07,101.3100,40
2018-08-16 10:15:08,101.3100,40
2018-08-16 10:15:10,101.2200,23
2018-08-16 10:15:11,101.2200,23
2018-08-16 10:15:14,101.2200,23
2018-08-16 10:15:15,101.2200,23
2018-08-16 10:15:20,101.2200,15
2018-08-16 10:15:21,101.2200,15
2018-08-16 10:15:22,101.2200,15
2018-08-16 10:15:23,101.2200,15
2018-08-16 10:15:25,101.2200,15
2018-08-16 10:15:26,101.2100,77
2018-08-16 10:15:28,101.1900,14
2018-08-16 10:15:29,101.1900,16
2018-08-16 10:15:30,101.1900,16
2018-08-16 10:15:31,101.2300,6
2018-08-16 10:15:33,101.2100,69
2018-08-16 10:15:35,101.2100,69
2018-08-16 10:15:36,101.2100,86
2018-08-16 10:15:37,101.2400,10
2018-08-16 10:15:38,101.2400,10
2018-08-16 10:15:40,101.2400,10
2018-08-16 10:15:41,101.1900,9
2018-08-16 10:15:44,101.1900,9
2018-08-16 10:15:45,101.1900,9
2018-08-16 10:15:47,101.1900,9
2018-08-16 10:15:52,101.1900,9
2018-08-16 10:15:55,101.1900,9
2018-08-16 10:15:56,101.1900,37
2018-08-16 10:15:57,101.1900,7
2018-08-16 10:15:58,101.1900,7
2018-08-16 10:16:00,101.1900,39
2018-08-16 10:16:01,101.1900,13
2018-08-16 10:16:02,101.1900,13
2018-08-16 10:16:03,101.1600,17
2018-08-16 10:16:04,101.1800,40
2018-08-16 10:16:07,101.1400,13
2018-08-16 10:16:09,101.1400,13
2018-08-16 10:16:10,101.1400,13
2018-08-16 10:16:11,101.1500,120
2018-08-16 10:16:12,101.1400,17
2018-08-16 10:16:13,101.1400,17
2018-08-16 10:16:15,101.2000,33
2018-08-16 10:16:16,101.2000,33
2018-08-16 10:16:17,101.2000,33
2018-08-16 10:16:18,101.2000,33
2018-08-16 10:16:20,101.2000,33
2018-08-16 10:16:21,101.1700,130
2018-08-16 10:16:22,101.1700,130
2018-08-16 10:16:24,101.1700,130
2018-08-16 10:16:25,101.1700,130
2018-08-16 10:16:26,101.1700,130
2018-08-16 10:16:27,101.1700,130
2018-08-16 10:16:28,101.1700,130
2018-08-16 10:16:29,101.1700,130
2018-08-16 10:16:30,101.1700,5
2018-08-16 10:16:33,101.1700,5
2018-08-16 10:16:34,101.1700,12
2018-08-16 10:16:35,101.1700,88
2018-08-16 10:16:36,101.1300,57
2018-08-16 10:16:37,101.1300,57
2018-08-16 10:16:40,101.2000,29
2018-08-16 10:16:41,101.1400,9
2018-08-16 10:16:46,101.1100,124
2018-08-16 10:16:47,101.0900,52
2018-08-16 10:16:49,101.0900,52
2018-08-16 10:16:50,101.0900,52
2018-08-16 10:16:53,101.0900,52
2018-08-16 10:16:54,101.2100,45
2018-08-16 10:16:55,101.2100,45
2018-08-16 10:16:56,101.2100,6
2018-08-16 10:16:57,101.2100,124
2018-08-16 10:16:59,101.2100,124
2018-08-16 10:17:00,101.2100,124
2018-08-16 10:17:03,101.1800,99
2018-08-16 10:17:04,101.1800,33
2018-08-16 10:17:05,101.1800,33
2018-08-16 10:17:06,101.1800,21
2018-08-16 10:17:08,101.2000,1
2018-08-16 10:17:10,101.2100,1
2018-08-16 10:17:12,101.2000,22
2018-08-16 10:17:13,101.2000,79
2018-08-16 10:17:14,101.1600,41
2018-08-16 10:17:15,101.1600,22
2018-08-16 10:17:16,101.1600,22
2018-08-16 10:17:17,101.1600,22
2018-08-16 10:17:18,101.2100,65
2018-08-16 10:17:20,101.2100,65
2018-08-16 10:17:21,101.2100,5
2018-08-16 10:17:22,101.2000,14
2018-08-16 10:17:23,101.2000,14
2018-08-16 10:17:24,101.2000,14
2018-08-16 10:17:25,101.2000,6
2018-08-16 10:17:26,101.2000,6
2018-08-16 10:17:28,101.1900,45
2018-08-16 10:17:29,101.1900,45
2018-08-16 10:17:30,101.1900,45
2018-08-16 10:17:31,101.1900,45
2018-08-16 10:17:34,101.2100,17
2018-08-16 10:17:35,101.2100,17
2018-08-16 10:17:37,101.2100,48
2018-08-16 10:17:40,101.2100,48
2018-08-16 10:17:41,101.2200,72
2018-08-16 10:17:42,101.2500,103
2018-08-16 10:17:45,101.2500,3
2018-08-16 10:17:48,101.2500,3
2018-08-16 10:17:49,101.2500,3
2018-08-16 10:17:50,101.2300,43
2018-08-16 10:17:51,101.2300,43
2018-08-16 10:17:55,101.2300,43
2018-08-16 10:17:56,101.2300,43
2018-08-16 10:17:57,101.2300,43
2018-08-16 10:17:58,101.2400,8
2018-08-16 10:17:59,101.2500,12
2018-08-16 10:18:00,101.2200,90
2018-08-16 10:18:03,101.2500,8
2018-08-16 10:18:04,101.2300,39
2018-08-16 10:18:05,101.2300,39
2018-08-16 10:18:06,101.2400,34
2018-08-16 10:18:08,101.2400,34
2018-08-16 10:18:10,101.2400,34
2018-08-16 10:18:11,101.2300,53
2018-08-16 10:18:12,101.2000,5
2018-08-16 10:18:13,101.2000,56
2018-08-16 10:18:14,101.2200,173
2018-08-16 10:18:15,101.2500,14
2018-08-16 10:18:16,101.2500,14
2018-08-16 10:18:18,101.2500,14
2018-08-16 10:18:20,101.2500,14
2018-08-16 10:18:21,101.2500,14
2018-08-16 10:18:24,101.2500,14
2018-08-16 10:18:25,101.2500,45
2018-08-16 10:18:27,101.2500,32
2018-08-16 10:18:28,101.2500,32
2018-08-16 10:18:29,101.2500,32
2018-08-16 10:18:30,101.2500,32
2018-08-16 10:18:31,101.2500,32
2018-08-16 10:18:33,101.2000,82
2018-08-16 10:18:34,101.2000,54
2018-08-16 10:18:35,101.2000,13
2018-08-16 10:18:36,101.2500,15
2018-08-16 10:18:38,101.2700,15
2018-08-16 10:18:39,101.2700,15
2018-08-16 10:18:42,101.2700,15
2018-08-16 10:18:44,101.2700,15
2018-08-16 10:18:45,101.2700,60
2018-08-16 10:18:46,101.2000,2
2018-08-16 10:18:47,101.3000,130
2018-08-16 10:18:48,101.3000,130
2018-08-16 10:18:49,101.3000,130
2018-08-16 10:18:50,101.3000,130
2018-08-16 10:18:53,101.3000,130
2018-08-16 10:18:54,101.3000,11
2018-08-16 10:18:55,101.3100,8
2018-08-16 10:18:56,101.3100,8
2018-08-16 10:18:59,101.3100,8
2018-08-16 10:19:00,101.3100,21
2018-08-16 10:19:01,101.3100,37
2018-08-16 10:19:02,101.3100,1
2018-08-16 10:19:04,101.4200,59
2018-08-16 10:19:05,101.4200,59
2018-08-16 10:19:06,101.4000,25
2018-08-16 10:19:07,101.4000,25
2018-08-16 10:19:08,101.4000,25
2018-08-16 10:19:09,101.4000,25
2018-08-16 10:19:10,101.4000,25
2018-08-16 10:19:12,101.2900,43
2018-08-16 10:19:14,101.2900,43
2018-08-16 10:19:15,101.3000,79
2018-08-16 10:19:16,101.2400,6
2018-08-16 10:19:17,101.2400,6
2018-08-16 10:19:18,101.2400,6
2018-08-16 10:19:19,101.2300,6
2018-08-16 10:19:22,101.2200,29
2018-08-16 10:19:25,101.2200,29
2018-08-16 10:19:26,101.2200,27
2018-08-16 10:19:27,101.2200,27
2018-08-16 10:19:30,101.2200,15
2018-08-16 10:19:31,101.1300,6
2018-08-16 10:19:32,101.1300,6
2018-08-16 10:19:33,101.1300,6
2018-08-16 10:19:37,101.1300,6
2018-08-16 10:19:39,101.1300,6
2018-08-16 10:19:40,101.1900,27
2018-08-16 10:19:41,101.2000,74
2018-08-16 10:19:43,101.2000,74
2018-08-16 10:19:44,101.2000,74
2018-08-16 10:19:45,101.2000,74
2018-08-16 10:19:46,101.1800,30
2018-08-16 10:19:47,101.1300,45
2018-08-16 10:19:48,101.1300,45
2018-08-16 10:19:49,101.1300,45
2018-08-16 10:19:50,101.1300,3
2018-08-16 10:19:51,101.1100,16
2018-08-16 10:19:52,101.1100,16
2018-08-16 10:19:53,101.1100,13
2018-08-16 10:19:55,101.1100,13
2018-08-16 10:19:57,101.1100,13
2018-08-16 10:19:58,101.1100,13
2018-08-16 10:20:00,101.1300,55
2018-08-16 10:20:01,101.1100,30
2018-08-16 10:20:03,101.1100,30
2018-08-16 10:20:04,101.1100,30
2018-08-16 10:20:05,101.1100,30
2018-08-16 10:20:07,101.1100,30
2018-08-16 10:20:08,101.1100,30
2018-08-16 10:20:10,101.1100,30
2018-08-16 10:20:11,101.1600,2
2018-08-16 10:20:15,101.1600,25
2018-08-16 10:20:17,101.1600,11
2018-08-16 10:20:18,101.1600,11
2018-08-16 10:20:19,101.1600,11
2018-08-16 10:20:20,101.1600,11
2018-08-16 10:20:22,101.1600,11
2018-08-16 10:20:23,101.1600,11
2018-08-16 10:20:24,101.1100,13
2018-08-16 10:20:25,101.1100,13
2018-08-16 10:20:27,101.1100,13
2018-08-16 10:20:30,101.1100,13
2018-08-16 10:20:33,101.1100,17
2018-08-16 10:20:34,101.1600,142
2018-08-16 10:20:35,101.1600,142
2018-08-16 10:20:36,101.1600,12
2018-08-16 10:20:37,101.1500,7
2018-08-16 10:20:38,101.1200,51
2018-08-16 10:20:40,101.1200,51
2018-08-16 10:20:41,101.1700,82
2018-08-16 10:20:44,101.1400,29
2018-08-16 10:20:45,101.1400,29
2018-08-16 10:20:46,101.1000,16
2018-08-16 10:20:47,101.1000,16
2018-08-16 10:20:48,101.1000,16
2018-08-16 10:20:49,101.1000,16
2018-08-16 10:20:50,101.1000,16
2018-08-16 10:20:52,101.0900,59
2018-08-16 10:20:53,101.0800,81
2018-08-16 10:20:55,101.1400,59
2018-08-16 10:20:56,101.1900,9
2018-08-16 10:20:57,101.1900,9
2018-08-16 10:20:59,101.1900,9
2018-08-16 10:21:00,101.1700,24
2018-08-16 10:21:04,101.1700,24
2018-08-16 10:21:05,101.1700,24
2018-08-16 10:21:06,101.1700,25
2018-08-16 10:21:07,101.1400,84
2018-08-16 10:21:08,101.1400,84
2018-08-16 10:21:09,101.1400,84
2018-08-16 10:21:10,101.1400,15
2018-08-16 10:21:11,101.0500,34
2018-08-16 10:21:13,101.1900,101
2018-08-16 10:21:15,101.1900,67
2018-08-16 10:21:18,101.1900,67
2018-08-16 10:21:19,101.1900,67
2018-08-16 10:21:20,101.1900,67
2018-08-16 10:21:26,101.1900,67
2018-08-16 10:21:28,101.1900,67
2018-08-16 10:21:30,101.0900,100
2018-08-16 10:21:31,101.1400,50
2018-08-16 10:21:32,101.1600,11
2018-08-16 10:21:33,101.0900,21
2018-08-16 10:21:35,101.0700,8
2018-08-16 10:21:37,101.0700,58
2018-08-16 10:21:38,101.0500,92
2018-08-16 10:21:39,101.0500,58
2018-08-16 10:21:40,101.0400,16
2018-08-16 10:21:43,101.0400,35
2018-08-16 10:21:44,101.0600,59
2018-08-16 10:21:45,101.1100,80
2018-08-16 10:21:46,101.0700,16
2018-08-16 10:21:48,101.0700,16
2018-08-16 10:21:49,101.0700,16
2018-08-16 10:21:50,101.0700,16
2018-08-16 10:21:51,101.0700,16
2018-08-16 10:21:52,101.0700,16
2018-08-16 10:21:59,101.0700,16
2018-08-16 10:22:00,101.1100,20
2018-08-16 10:22:03,101.1100,20
2018-08-16 10:22:05,101.0800,2
2018-08-16 10:22:07,101.0800,2
2018-08-16 10:22:09,101.0800,2
2018-08-16 10:22:10,101.0800,2
2018-08-16 10:22:11,101.1200,54
2018-08-16 10:22:13,101.1200,5
2018-08-16 10:22:14,101.1500,79
2018-08-16 10:22:16,101.1500,79
2018-08-16 10:22:22,101.1500,79
2018-08-16 10:22:24,101.1500,79
2018-08-16 10:22:25,101.1500,9
2018-08-16 10:22:26,101.1600,71
2018-08-16 10:22:27,101.1900,69
2018-08-16 10:22:28,101.1900,5
2018-08-16 10:22:29,101.1900,6
2018-08-16 10:22:30,101.1900,6
2018-08-16 10:22:32,101.1900,1
2018-08-16 10:22:33,101.1100,3
2018-08-16 10:22:35,101.1600,83
2018-08-16 10:22:36,101.1600,83
2018-08-16 10:22:38,101.1600,83
2018-08-16 10:22:39,101.1600,83
2018-08-16 10:22:40,101.1600,83
2018-08-16 10:22:41,101.1600,83
2018-08-16 10:22:42,101.1600,83
2018-08-16 10:22:43,101.1600,83
2018-08-16 10:22:44,101.1600,70
2018-08-16 10:22:46,101.1600,70
2018-08-16 10:22:47,101.1600,17
2018-08-16 10:22:50,101.0900,9
2018-08-16 10:22:52,101.0900,9
2018-08-16 10:22:53,101.0900,9
2018-08-16 10:22:55,101.0800,9
2018-08-16 10:22:59,101.0900,34
2018-08-16 10:23:00,101.1000,39
2018-08-16 10:23:01,101.1000,26
2018-08-16 10:23:03,101.0800,41
2018-08-16 10:23:04,101.0700,53
2018-08-16 10:23:05,101.0700,86
2018-08-16 10:23:06,101.0800,7
2018-08-16 10:23:08,101.1200,46
2018-08-16 10:23:09,101.1200,46
2018-08-16 10:23:10,101.1100,96
2018-08-16 10:23:14,101.1100,96
2018-08-16 10:23:15,101.1100,5
2018-08-16 10:23:16,101.1100,5
2018-08-16 10:23:17,101.1100,5
2018-08-16 10:23:18,101.1100,5
2018-08-16 10:23:21,101.1200,58
2018-08-16 10:23:23,101.0900,46
2018-08-16 10:23:24,101.0500,30
2018-08-16 10:23:25,101.1200,23
2018-08-16 10:23:26,101.1200,13
2018-08-16 10:23:29,101.1400,92
2018-08-16 10:23:30,101.1400,92
2018-08-16 10:23:31,101.0500,38
2018-08-16 10:23:35,101.0500,38
2018-08-16 10:23:38,101.0500,38
2018-08-16 10:23:40,101.0500,38
2018-08-16 10:23:41,101.0500,38
2018-08-16 10:23:42,101.0500,38
2018-08-16 10:23:45,101.0500,38
2018-08-16 10:23:47,101.1000,27
2018-08-16 10:23:50,101.0700,53
2018-08-16 10:23:51,101.1200,32
2018-08-16 10:23:52,101.1200,32
2018-08-16 10:23:55,101.1200,32
2018-08-16 10:23:56,101.0500,46
2018-08-16 10:23:58,101.0500,46
2018-08-16 10:24:00,101.0500,46
2018-08-16 10:24:01,101.1200,38
2018-08-16 10:24:03,101.1200,19
2018-08-16 10:24:04,101.1200,73
2018-08-16 10:24:06,101.0600,43
2018-08-16 10:24:07,101.1100,35
2018-08-16 10:24:09,101.0600,64
2018-08-16 10:24:11,101.0400,136
2018-08-16 10:24:13,101.1200,8
2018-08-16 10:24:14,101.1200,8
2018-08-16 10:24:16,101.1200,64
2018-08-16 10:24:18,101.1200,64
2018-08-16 10:24:19,101.1200,64
2018-08-16 10:24:20,101.1200,64
2018-08-16 10:24:21,101.1200,64
2018-08-16 10:24:24,101.1300,7
2018-08-16 10:24:25,101.1400,6
2018-08-16 10:24:26,101.1400,20
2018-08-16 10:24:27,101.1400,20
2018-08-16 10:24:30,101.1400,20
2018-08-16 10:24:31,101.1500,16
2018-08-16 10:24:32,101.1500,15
2018-08-16 10:24:34,101.0300,10
2018-08-16 10:24:36,101.0300,10
2018-08-16 10:24:37,101.0300,10
2018-08-16 10:24:39,101.0300,10
2018-08-16 10:24:40,101.0300,10
2018-08-16 10:24:41,101.0300,10
2018-08-16 10:24:46,101.0300,10
2018-08-16 10:24:50,101.0700,91
2018-08-16 10:24:52,101.0700,91
2018-08-16 10:24:53,101.0700,91
2018-08-16 10:24:56,101.0700,91
2018-08-16 10:24:57,101.1100,36
2018-08-16 10:24:58,101.0700,85
2018-08-16 10:25:00,101.0600,78
2018-08-16 10:25:01,101.0600,78
2018-08-16 10:25:06,101.1300,25
2018-08-16 10:25:07,101.1300,25
2018-08-16 10:25:11,101.1300,25
2018-08-16 10:25:12,101.0800,59
2018-08-16 10:25:13,101.1300,22
2018-08-16 10:25:14,101.1300,22
2018-08-16 10:25:15,101.1300,22
2018-08-16 10:25:16,101.1300,8
2018-08-16 10:25:18,101.1300,63
2018-08-16 10:25:19,101.1100,67
2018-08-16 10:25:21,101.1300,67
2018-08-16 10:25:23,101.1400,68
2018-08-16 10:25:24,101.1400,68
2018-08-16 10:25:25,101.1400,68
2018-08-16 10:25:26,101.1400,68
2018-08-16 10:25:27,101.1400,8
2018-08-16 10:25:29,101.1500,85
2018-08-16 10:25:31,101.1500,85
2018-08-16 10:25:33,101.1200,64
2018-08-16 10:25:34,101.1200,69
2018-08-16 10:25:36,101.1100,21
2018-08-16 10:25:37,101.1100,4
2018-08-16 10:25:38,101.1100,4
2018-08-16 10:25:40,101.1300,73
2018-08-16 10:25:41,101.1300,73
2018-08-16 10:25:42,101.1100,20
2018-08-16 10:25:43,101.1100,20
2018-08-16 10:25:44,101.1100,20
2018-08-16 10:25:46,101.1100,20
2018-08-16 10:25:47,101.1100,31
2018-08-16 10:25:48,101.1100,31
2018-08-16 10:25:49,101.1100,31
2018-08-16 10:25:50,101.1000,10
2018-08-16 10:25:51,101.1000,10
2018-08-16 10:25:54,101.1300,74
2018-08-16 10:25:55,101.1500,5
2018-08-16 10:25:56,101.1500,5
2018-08-16 10:26:00,101.1500,16
2018-08-16 10:26:01,101.1500,16
2018-08-16 10:26:03,101.1500,16
2018-08-16 10:26:04,101.1500,16
2018-08-16 10:26:06,101.1500,16
2018-08-16 10:26:07,101.1500,25
2018-08-16 10:26:08,101.1500,25
2018-08-16 10:26:09,101.1400,30
2018-08-16 10:26:11,101.0200,6
2018-08-16 10:26:16,101.0200,6
2018-08-16 10:26:20,101.1000,73
2018-08-16 10:26:21,101.1000,31
2018-08-16 10:26:22,101.0600,10
2018-08-16 10:26:23,101.0800,42
2018-08-16 10:26:25,101.1200,28
2018-08-16 10:26:26,101.0800,28
2018-08-16 10:26:31,101.0200,10
2018-08-16 10:26:32,101.0000,22
2018-08-16 10:26:33,101.0000,22
2018-08-16 10:26:34,101.0000,22
2018-08-16 10:26:35,100.8800,85
2018-08-16 10:26:36,100.8800,85
2018-08-16 10:26:38,100.9300,20
2018-08-16 10:26:40,100.8800,30
2018-08-16 10:26:41,100.8800,30
2018-08-16 10:26:42,100.8800,30
2018-08-16 10:26:44,100.8800,30
2018-08-16 10:26:46,100.9200,47
2018-08-16 10:26:50,100.9200,47
2018-08-16 10:26:51,100.9600,39
2018-08-16 10:26:52,100.9600,39
2018-08-16 10:26:53,100.9600,39
2018-08-16 10:26:55,100.9600,39
2018-08-16 10:26:56,100.9600,39
2018-08-16 10:26:58,100.9100,6
2018-08-16 10:26:59,100.9100,16
2018-08-16 10:27:01,100.9100,16
2018-08-16 10:27:03,100.8800,13
2018-08-16 10:27:04,100.9000,47
2018-08-16 10:27:05,100.8600,102
2018-08-16 10:27:06,100.8600,102
2018-08-16 10:27:08,100.8600,102
2018-08-16 10:27:09,100.8900,39
2018-08-16 10:27:10,100.8600,20
2018-08-16 10:27:11,100.8600,20
2018-08-16 10:27:12,100.7900,10
2018-08-16 10:27:13,100.7000,67
2018-08-16 10:27:14,100.5900,45
2018-08-16 10:27:15,100.5900,45
2018-08-16 10:27:17,100.5900,45
2018-08-16 10:27:19,100.6000,66
2018-08-16 10:27:21,100.6000,66
2018-08-16 10:27:22,100.5900,57
2018-08-16 10:27:24,100.5900,57
2018-08-16 10:27:25,100.5900,57
2018-08-16 10:27:26,100.3900,1
2018-08-16 10:27:28,100.4200,46
2018-08-16 10:27:36,100.4200,46
2018-08-16 10:27:39,100.3600,2
2018-08-16 10:27:41,100.3600,2
2018-08-16 10:27:43,100.3400,26
2018-08-16 10:27:45,100.3700,76
2018-08-16 10:27:47,100.3900,5
2018-08-16 10:27:49,100.3900,5
2018-08-16 10:27:51,100.3900,5
2018-08-16 10:27:52,100.3300,59
2018-08-16 10:27:54,100.3200,49
2018-08-16 10:27:55,100.3200,49
2018-08-16 10:27:56,100.3500,25
2018-08-16 10:27:57,100.3200,10
2018-08-16 10:27:58,100.3200,10
2018-08-16 10:28:01,100.3200,10
2018-08-16 10:28:05,100.3200,10
2018-08-16 10:28:06,100.3200,10
2018-08-16 10:28:10,100.3500,14
2018-08-16 10:28:11,100.3100,14
2018-08-16 10:28:16,100.3000,10
2018-08-16 10:28:17,100.2900,19
2018-08-16 10:28:18,100.2900,9
2018-08-16 10:28:19,100.3500,16
2018-08-16 10:28:21,100.3000,91
2018-08-16 10:28:22,100.3000,91
2018-08-16 10:28:25,100.3000,91
2018-08-16 10:28:26,100.3000,91
2018-08-16 10:28:28,100.2900,105
2018-08-16 10:28:30,100.2900,105
2018-08-16 10:28:32,100.2600,56
2018-08-16 10:28:34,100.2600,56
2018-08-16 10:28:35,100.2600,56
2018-08-16 10:28:36,100.2600,56
2018-08-16 10:28:37,100.3400,13
2018-08-16 10:28:41,100.3400,13
2018-08-16 10:28:42,100.3400,13
2018-08-16 10:28:43,100.3400,13
2018-08-16 10:28:44,100.3400,13
2018-08-16 10:28:46,100.3400,13
2018-08-16 10:28:47,100.3400,56
2018-08-16 10:28:48,100.3400,56
2018-08-16 10:28:50,100.3400,56
2018-08-16 10:28:51,100.2600,11
2018-08-16 10:28:54,100.3400,12
2018-08-16 10:28:55,100.3400,12
2018-08-16 10:28:58,100.3400,12
2018-08-16 10:28:59,100.2900,1
2018-08-16 10:29:00,100.3500,32
2018-08-16 10:29:01,100.3500,32
2018-08-16 10:29:02,100.3400,88
2018-08-16 10:29:03,100.3500,8
2018-08-16 10:29:06,100.3400,4
2018-08-16 10:29:07,100.3500,13
2018-08-16 10:29:08,100.3500,13
2018-08-16 10:29:09,100.3500,31
2018-08-16 10:29:10,100.3500,31
2018-08-16 10:29:11,100.3500,31
2018-08-16 10:29:12,100.3500,95
2018-08-16 10:29:13,100.3700,74
2018-08-16 10:29:16,100.3700,74
2018-08-16 10:29:19,100.3600,21
2018-08-16 10:29:20,100.3800,103
2018-08-16 10:29:21,100.3800,103
2018-08-16 10:29:22,100.3800,103
2018-08-16 10:29:24,100.3800,103
2018-08-16 10:29:26,100.3800,103
2018-08-16 10:29:28,100.3500,114
2018-08-16 10:29:30,100.3500,29
2018-08-16 10:29:31,100.3500,29
2018-08-16 10:29:32,100.3800,36
2018-08-16 10:29:33,100.3600,36
2018-08-16 10:29:34,100.3500,107
2018-08-16 10:29:36,100.3500,10
2018-08-16 10:29:37,100.3400,51
2018-08-16 10:29:38,100.3600,13
2018-08-16 10:29:39,100.4400,47
2018-08-16 10:29:41,100.4400,47
2018-08-16 10:29:42,100.3400,2
2018-08-16 10:29:43,100.4100,2
2018-08-16 10:29:44,100.4200,25
2018-08-16 10:29:45,100.4400,32
2018-08-16 10:29:46,100.4400,32
2018-08-16 10:29:50,100.4100,101
2018-08-16 10:29:54,100.4100,101
2018-08-16 10:29:55,100.4100,101
2018-08-16 10:29:56,100.4100,101
2018-08-16 10:29:57,100.4100,101
2018-08-16 10:29:58,100.3600,11
2018-08-16 10:29:59,100.3600,11
2018-08-16 10:30:00,100.3600,11
2018-08-16 10:30:01,100.3600,11
2018-08-16 10:30:02,100.4000,4
2018-08-16 10:30:03,100.4000,4
2018-08-16 10:30:04,100.4000,4
2018-08-16 10:30:06,100.3600,93
2018-08-16 10:30:07,100.3700,12
2018-08-16 10:30:08,100.3700,12
2018-08-16 10:30:09,100.3700,12
2018-08-16 10:30:10,100.3700,12
2018-08-16 10:30:11,100.3400,5
2018-08-16 10:30:12,100.3400,5
2018-08-16 10:30:13,100.3400,116
2018-08-16 10:30:16,100.3600,36
2018-08-16 10:30:17,100.3400,109
2018-08-16 10:30:18,100.3000,2
2018-08-16 10:30:20,100.3000,2
2018-08-16 10:30:21,100.3000,2
2018-08-16 10:30:22,100.3000,2
2018-08-16 10:30:23,100.3000,2
2018-08-16 10:30:25,100.3000,2
2018-08-16 10:30:26,100.3000,2
2018-08-16 10:30:30,100.3000,2
2018-08-16 10:30:31,100.3000,2
2018-08-16 10:30:35,100.3000,2
2018-08-16 10:30:36,100.3000,2
2018-08-16 10:30:37,100.3000,2
2018-08-16 10:30:38,100.3000,2
2018-08-16 10:30:40,100.3000,2
2018-08-16 10:30:41,100.3000,2
2018-08-16 10:30:46,100.3000,2
2018-08-16 10:30:47,100.3000,2
2018-08-16 10:30:48,100.3000,2
2018-08-16 10:30:49,100.4200,12
2018-08-16 10:30:50,100.4200,44
2018-08-16 10:30:51,100.4200,44
2018-08-16 10:30:54,100.4200,17
2018-08-16 10:30:56,100.3900,60
2018-08-16 10:30:57,100.3900,37
2018-08-16 10:30:58,100.3600,37
2018-08-16 10:30:59,100.3600,37
2018-08-16 10:31:00,100.3600,37
2018-08-16 10:31:01,100.3600,37
2018-08-16 10:31:04,100.3600,37
2018-08-16 10:31:05,100.3600,37
2018-08-16 10:31:06,100.4000,48
2018-08-16 10:31:10,100.4000,46
2018-08-16 10:31:11,100.4300,56
2018-08-16 10:31:12,100.4300,56
2018-08-16 10:31:14,100.4300,29
2018-08-16 10:31:15,100.4600,10
2018-08-16 10:31:16,100.3600,11
2018-08-16 10:31:17,100.3300,115
2018-08-16 10:31:19,100.3300,115
2018-08-16 10:31:21,100.3300,115
2018-08-16 10:31:22,100.3300,115
2018-08-16 10:31:23,100.3000,43
2018-08-16 10:31:25,100.2500,35
2018-08-16 10:31:26,100.2500,35
2018-08-16 10:31:27,100.2500,50
2018-08-16 10:31:28,100.2600,40
2018-08-16 10:31:30,100.2800,103
2018-08-16 10:31:31,100.2800,10
2018-08-16 10:31:32,100.3100,36
2018-08-16 10:31:33,100.3100,36
2018-08-16 10:31:35,100.3100,36
2018-08-16 10:31:36,100.3100,36
2018-08-16 10:31:37,100.3100,36
2018-08-16 10:31:38,100.3100,36
2018-08-16 10:31:39,100.3100,36
2018-08-16 10:31:40,100.3100,123
2018-08-16 10:31:41,100.3100,123
2018-08-16 10:31:42,100.3100,123
2018-08-16 10:31:43,100.3100,35
2018-08-16 10:31:46,100.2300,6
2018-08-16 10:31:47,100.2300,6
2018-08-16 10:31:48,100.2300,6
2018-08-16 10:31:49,100.2300,6
2018-08-16 10:31:50,100.2300,6
2018-08-16 10:31:51,100.3800,127
2018-08-16 10:31:54,100.3900,95
2018-08-16 10:31:55,100.3900,95
2018-08-16 10:31:56,100.3900,95
2018-08-16 10:31:59,100.3200,96
2018-08-16 10:32:00,100.3200,96
2018-08-16 10:32:01,100.3200,96
2018-08-16 10:32:02,100.2700,65
2018-08-16 10:32:03,100.2700,60
2018-08-16 10:32:04,100.2700,60
2018-08-16 10:32:05,100.2700,60
2018-08-16 10:32:06,100.2700,60
2018-08-16 10:32:07,100.2700,40
2018-08-16 10:32:09,100.3200,4
2018-08-16 10:32:10,100.3200,4
2018-08-16 10:32:11,100.3200,4
2018-08-16 10:32:12,100.3200,4
2018-08-16 10:32:14,100.3200,4
2018-08-16 10:32:16,100.3100,70
2018-08-16 10:32:17,100.3100,70
2018-08-16 10:32:19,100.3100,70
2018-08-16 10:32:21,100.3600,102
2018-08-16 10:32:27,100.4600,1
2018-08-16 10:32:31,100.4400,6
2018-08-16 10:32:33,100.4600,1
2018-08-16 10:32:35,100.4600,69
2018-08-16 10:32:36,100.4600,1
2018-08-16 10:32:37,100.4600,1
2018-08-16 10:32:39,100.4600,1
2018-08-16 10:32:41,100.4600,1
2018-08-16 10:32:42,100.4600,1
2018-08-16 10:32:43,100.4400,58
2018-08-16 10:32:45,100.4400,58
2018-08-16 10:32:46,100.4600,3
2018-08-16 10:32:47,100.4600,3
2018-08-16 10:32:48,100.4600,3
2018-08-16 10:32:49,100.4600,3
2018-08-16 10:32:50,100.4400,77
2018-08-16 10:32:51,100.4400,77
2018-08-16 10:32:52,100.4300,44
2018-08-16 10:32:53,100.4300,44
2018-08-16 10:32:54,100.4300,44
2018-08-16 10:32:58,100.4700,40
2018-08-16 10:32:59,100.4700,40
2018-08-16 10:33:00,100.4700,40
2018-08-16 10:33:01,100.5000,35
2018-08-16 10:33:03,100.4900,57
2018-08-16 10:33:04,100.4900,57
2018-08-16 10:33:05,100.4900,4
2018-08-16 10:33:06,100.4700,65
2018-08-16 10:33:07,100.4700,12
2018-08-16 10:33:08,100.4700,12
2018-08-16 10:33:10,100.4400,18
2018-08-16 10:33:11,100.4900,16
2018-08-16 10:33:12,100.4900,16
2018-08-16 10:33:13,100.4900,16
2018-08-16 10:33:14,100.4500,38
2018-08-16 10:33:15,100.4500,131
2018-08-16 10:33:16,100.4800,2
2018-08-16 10:33:17,100.4500,2
2018-08-16 10:33:18,100.3900,81
2018-08-16 10:33:19,100.3900,16
2018-08-16 10:33:20,100.3900,16
2018-08-16 10:33:22,100.3900,54
2018-08-16 10:33:24,100.3900,54
2018-08-16 10:33:26,100.3900,54
2018-08-16 10:33:28,100.3900,54
2018-08-16 10:33:31,100.3900,54
2018-08-16 10:33:32,100.4800,12
2018-08-16 10:33:36,100.3500,55
2018-08-16 10:33:37,100.4700,26
2018-08-16 10:33:41,100.5000,4
2018-08-16 10:33:42,100.4600,51
2018-08-16 10:33:44,100.4500,50
2018-08-16 10:33:45,100.4600,51
2018-08-16 10:33:46,100.4300,33
2018-08-16 10:33:47,100.4100,48
2018-08-16 10:33:49,100.3600,87
2018-08-16 10:33:50,100.3900,128
2018-08-16 10:33:51,100.3600,15
2018-08-16 10:33:53,100.3600,15
2018-08-16 10:33:54,100.3600,15
2018-08-16 10:33:55,100.3600,15
2018-08-16 10:33:56,100.3600,15
2018-08-16 10:33:58,100.3900,15
2018-08-16 10:34:00,100.4300,7
2018-08-16 10:34:01,100.4300,7
2018-08-16 10:34:03,100.4300,46
2018-08-16 10:34:04,100.4300,46
2018-08-16 10:34:05,100.4300,46
2018-08-16 10:34:06,100.4300,46
2018-08-16 10:34:07,100.4300,123
2018-08-16 10:34:09,100.3700,2
2018-08-16 10:34:10,100.3800,138
2018-08-16 10:34:11,100.3800,138
2018-08-16 10:34:12,100.4100,9
2018-08-16 10:34:13,100.4500,9
2018-08-16 10:34:15,100.4700,78
2018-08-16 10:34:16,100.4700,78
2018-08-16 10:34:17,100.4300,28
2018-08-16 10:34:18,100.4300,42
2018-08-16 10:34:19,100.4700,80
2018-08-16 10:34:20,100.4700,80
2018-08-16 10:34:22,100.3800,72
2018-08-16 10:34:23,100.3800,112
2018-08-16 10:34:26,100.3700,9
2018-08-16 10:34:31,100.3700,9
2018-08-16 10:34:32,100.3700,9
2018-08-16 10:34:33,100.3700,88
2018-08-16 10:34:34,100.3700,88
2018-08-16 10:34:35,100.3700,27
2018-08-16 10:34:36,100.3600,65
2018-08-16 10:34:37,100.3500,40
2018-08-16 10:34:38,100.3500,51
2018-08-16 10:34:40,100.3500,51
2018-08-16 10:34:43,100.3500,51
2018-08-16 10:34:44,100.3500,51
2018-08-16 10:34:45,100.3500,51
2018-08-16 10:34:46,100.3500,51
2018-08-16 10:34:47,100.3500,67
2018-08-16 10:34:48,100.3500,67
2018-08-16 10:34:49,100.4400,11
2018-08-16 10:34:51,100.4400,11
2018-08-16 10:34:52,100.4400,11
2018-08-16 10:34:53,100.4400,49
2018-08-16 10:34:56,100.4100,85
2018-08-16 10:34:57,100.4100,45
2018-08-16 10:35:00,100.4400,15
2018-08-16 10:35:01,100.4400,15
2018-08-16 10:35:02,100.4900,32
2018-08-16 10:35:03,100.4900,32
2018-08-16 10:35:04,100.4900,32
2018-08-16 10:35:05,100.4600,11
2018-08-16 10:35:06,100.3500,91
2018-08-16 10:35:07,100.3300,8
2018-08-16 10:35:09,100.3300,8
2018-08-16 10:35:10,100.3100,94
2018-08-16 10:35:11,100.2500,28
2018-08-16 10:35:13,100.2500,28
2018-08-16 10:35:15,100.3700,1
2018-08-16 10:35:16,100.3900,33
2018-08-16 10:35:17,100.3900,33
2018-08-16 10:35:18,100.3900,33
2018-08-16 10:35:20,100.4000,33
2018-08-16 10:35:21,100.3300,39
2018-08-16 10:35:22,100.3300,39
2018-08-16 10:35:24,100.4100,7
2018-08-16 10:35:26,100.3300,69
2018-08-16 10:35:28,100.3300,69
2018-08-16 10:35:31,100.3300,69
2018-08-16 10:35:32,100.3300,69
2018-08-16 10:35:33,100.3300,69
2018-08-16 10:35:34,100.4400,63
2018-08-16 10:35:36,100.4400,63
2018-08-16 10:35:38,100.4400,14
2018-08-16 10:35:39,100.4700,9
2018-08-16 10:35:40,100.3300,15
2018-08-16 10:35:41,100.3300,15
2018-08-16 10:35:42,100.3300,15
2018-08-16 10:35:44,100.3300,15
2018-08-16 10:35:45,100.3300,15
2018-08-16 10:35:49,100.3300,15
2018-08-16 10:35:55,100.3700,46
2018-08-16 10:35:56,100.3600,74
2018-08-16 10:35:57,100.4100,95
2018-08-16 10:35:59,100.4400,59
2018-08-16 10:36:00,100.4400,18
2018-08-16 10:36:01,100.3300,28
2018-08-16 10:36:04,100.3300,14
2018-08-16 10:36:05,100.3500,25
2018-08-16 10:36:06,100.2900,107
2018-08-16 10:36:07,100.2900,107
2018-08-16 10:36:11,100.4000,51
2018-08-16 10:36:12,100.4000,51
2018-08-16 10:36:15,100.4100,134
2018-08-16 10:36:16,100.4100,134
2018-08-16 10:36:18,100.4000,23
2018-08-16 10:36:19,100.4000,23
2018-08-16 10:36:20,100.4000,23
2018-08-16 10:36:22,100.4000,23
2018-08-16 10:36:23,100.3400,35
2018-08-16 10:36:26,100.3400,35
2018-08-16 10:36:28,100.3400,35
2018-08-16 10:36:29,100.3400,35
2018-08-16 10:36:31,100.3500,12
2018-08-16 10:36:33,100.3600,21
2018-08-16 10:36:36,100.4100,71
2018-08-16 10:36:37,100.4400,107
2018-08-16 10:36:38,100.4400,107
2018-08-16 10:36:43,100.4500,87
2018-08-16 10:36:45,100.4500,87
2018-08-16 10:36:46,100.4500,87
2018-08-16 10:36:47,100.4500,87
2018-08-16 10:36:48,100.4500,87
2018-08-16 10:36:49,100.4100,14
2018-08-16 10:36:50,100.4100,14
2018-08-16 10:36:51,100.4100,14
2018-08-16 10:36:52,100.4600,4
2018-08-16 10:36:55,100.4900,53
2018-08-16 10:36:56,100.4900,53
2018-08-16 10:36:57,100.4300,4
2018-08-16 10:36:58,100.4300,4
2018-08-16 10:37:00,100.4300,4
2018-08-16 10:37:01,100.4300,4
2018-08-16 10:37:02,100.4200,36
2018-08-16 10:37:06,100.4200,36
2018-08-16 10:37:07,100.4200,9
2018-08-16 10:37:08,100.4200,9
2018-08-16 10:37:11,100.4200,9
2018-08-16 10:37:12,100.4100,14
2018-08-16 10:37:14,100.4100,17
2018-08-16 10:37:15,100.4100,17
2018-08-16 10:37:16,100.4200,14
2018-08-16 10:37:17,100.4200,14
2018-08-16 10:37:18,100.4500,106
2018-08-16 10:37:19,100.4800,82
2018-08-16 10:37:20,100.4800,82
2018-08-16 10:37:21,100.4700,9
2018-08-16 10:37:22,100.4700,9
2018-08-16 10:37:23,100.4700,1
2018-08-16 10:37:25,100.4500,61
2018-08-16 10:37:26,100.4500,9
2018-08-16 10:37:27,100.4500,9
2018-08-16 10:37:29,100.4100,26
2018-08-16 10:37:31,100.4900,13
2018-08-16 10:37:34,100.4900,13
2018-08-16 10:37:36,100.4900,13
2018-08-16 10:37:37,100.4700,20
2018-08-16 10:37:38,100.4100,63
2018-08-16 10:37:39,100.4100,63
2018-08-16 10:37:40,100.4100,63
2018-08-16 10:37:41,100.4800,35
2018-08-16 10:37:43,100.4600,70
2018-08-16 10:37:44,100.4400,43
2018-08-16 10:37:45,100.4400,43
2018-08-16 10:37:46,100.4400,25
2018-08-16 10:37:47,100.4400,6
2018-08-16 10:37:48,100.4400,6
2018-08-16 10:37:49,100.3700,60
2018-08-16 10:37:50,100.3700,60
2018-08-16 10:37:51,100.3700,60
2018-08-16 10:37:52,100.3700,60
2018-08-16 10:37:55,100.3700,60
2018-08-16 10:37:56,100.4000,113
2018-08-16 10:37:57,100.4300,19
2018-08-16 10:37:58,100.4700,43
2018-08-16 10:38:02,100.4700,13
2018-08-16 10:38:04,100.3800,59
2018-08-16 10:38:06,100.3800,59
2018-08-16 10:38:11,100.3800,59
2018-08-16 10:38:12,100.3800,59
2018-08-16 10:38:15,100.3800,59
2018-08-16 10:38:17,100.3800,59
2018-08-16 10:38:19,100.4000,43
2018-08-16 10:38:23,100.4700,14
2018-08-16 10:38:24,100.4700,14
2018-08-16 10:38:26,100.3800,11
2018-08-16 10:38:27,100.3800,11
2018-08-16 10:38:28,100.3800,11
2018-08-16 10:38:29,100.3800,11
2018-08-16 10:38:37,100.3800,11
2018-08-16 10:38:38,100.3800,11
2018-08-16 10:38:40,100.4500,118
2018-08-16 10:38:41,100.4700,20
2018-08-16 10:38:45,100.4700,20
2018-08-16 10:38:46,100.4700,20
2018-08-16 10:38:47,100.4700,20
2018-08-16 10:38:48,100.4700,20
2018-08-16 10:38:49,100.5000,25
2018-08-16 10:38:50,100.5000,25
2018-08-16 10:38:51,100.5000,25
2018-08-16 10:38:54,100.4600,6
2018-08-16 10:38:55,100.4600,6
2018-08-16 10:38:56,100.4600,33
2018-08-16 10:38:58,100.4600,149
2018-08-16 10:39:00,100.4500,16
2018-08-16 10:39:01,100.4500,21
2018-08-16 10:39:03,100.4700,44
2018-08-16 10:39:05,100.4700,44
2018-08-16 10:39:06,100.4700,44
2018-08-16 10:39:08,100.4700,60
2018-08-16 10:39:09,100.4200,53
2018-08-16 10:39:10,100.4200,53
2018-08-16 10:39:11,100.4000,34
2018-08-16 10:39:12,100.3900,68
2018-08-16 10:39:15,100.3900,68
2018-08-16 10:39:16,100.3800,5
2018-08-16 10:39:17,100.4000,68
2018-08-16 10:39:18,100.4000,68
2018-08-16 10:39:19,100.4500,41
2018-08-16 10:39:21,100.4100,72
2018-08-16 10:39:22,100.4100,72
2018-08-16 10:39:25,100.4700,12
2018-08-16 10:39:27,100.4700,37
2018-08-16 10:39:29,100.5300,9
2018-08-16 10:39:30,100.5300,9
2018-08-16 10:39:34,100.5300,9
2018-08-16 10:39:35,100.5300,9
2018-08-16 10:39:36,100.4700,63
2018-08-16 10:39:38,100.4500,43
2018-08-16 10:39:39,100.4500,43
2018-08-16 10:39:40,100.4500,43
2018-08-16 10:39:41,100.4600,43
2018-08-16 10:39:42,100.4600,43
2018-08-16 10:39:43,100.4600,43
2018-08-16 10:39:44,100.4600,43
2018-08-16 10:39:45,100.4600,43
2018-08-16 10:39:46,100.4600,43
2018-08-16 10:39:47,100.4600,90
2018-08-16 10:39:48,100.4500,50
2018-08-16 10:39:49,100.4500,50
2018-08-16 10:39:50,100.5000,25
2018-08-16 10:39:51,100.4500,13
2018-08-16 10:39:52,100.4500,13
2018-08-16 10:39:54,100.4800,15
2018-08-16 10:39:55,100.4100,38
2018-08-16 10:39:56,100.3700,74
2018-08-16 10:39:59,100.3600,38
2018-08-16 10:40:00,100.3600,38
2018-08-16 10:40:01,100.3600,38
2018-08-16 10:40:02,100.4300,38
2018-08-16 10:40:03,100.4000,17
2018-08-16 10:40:04,100.4000,17
2018-08-16 10:40:05,100.4000,48
2018-08-16 10:40:06,100.4700,17
2018-08-16 10:40:07,100.4900,54
2018-08-16 10:40:08,100.5600,34
2018-08-16 10:40:09,100.5600,34
2018-08-16 10:40:12,100.5600,34
2018-08-16 10:40:14,100.5600,34
2018-08-16 10:40:15,100.5600,34
2018-08-16 10:40:16,100.5600,34
2018-08-16 10:40:19,100.5600,34
2018-08-16 10:40:20,100.5600,34
2018-08-16 10:40:23,100.5600,34
2018-08-16 10:40:24,100.5600,34
2018-08-16 10:40:25,100.5600,34
2018-08-16 10:40:26,100.5000,87
2018-08-16 10:40:31,100.5000,87
2018-08-16 10:40:32,100.5300,1
2018-08-16 10:40:33,100.5300,1
2018-08-16 10:40:34,100.5300,1
2018-08-16 10:40:36,100.5300,1
2018-08-16 10:40:37,100.5300,1
2018-08-16 10:40:38,100.5300,1
2018-08-16 10:40:39,100.5300,1
2018-08-16 10:40:41,100.5300,1
2018-08-16 10:40:42,100.5300,34
2018-08-16 10:40:43,100.5300,26
2018-08-16 10:40:44,100.5500,27
2018-08-16 10:40:45,100.5100,18
2018-08-16 10:40:46,100.3700,51
2018-08-16 10:40:51,100.3700,51
2018-08-16 10:40:52,100.3700,38
2018-08-16 10:40:53,100.3400,33
2018-08-16 10:40:54,100.3400,33
2018-08-16 10:40:55,100.3400,33
2018-08-16 10:40:56,100.3400,33
2018-08-16 10:40:58,100.3400,33
2018-08-16 10:40:59,100.3400,33
2018-08-16 10:41:00,100.3400,33
2018-08-16 10:41:01,100.3400,33
2018-08-16 10:41:02,100.3400,33
2018-08-16 10:41:05,100.3400,33
2018-08-16 10:41:06,100.3400,33
2018-08-16 10:41:07,100.3400,33
2018-08-16 10:41:10,100.4100,84
2018-08-16 10:41:14,100.4600,27
2018-08-16 10:41:16,100.5400,17
2018-08-16 10:41:18,100.5400,17
2018-08-16 10:41:21,100.5400,17
2018-08-16 10:41:22,100.5400,17
2018-08-16 10:41:26,100.5400,17
2018-08-16 10:41:27,100.5400,17
2018-08-16 10:41:28,100.5400,17
2018-08-16 10:41:29,100.5400,17
2018-08-16 10:41:32,100.5400,17
2018-08-16 10:41:33,100.5400,17
2018-08-16 10:41:34,100.5400,17
2018-08-16 10:41:36,100.5400,17
2018-08-16 10:41:44,100.4900,51
2018-08-16 10:41:45,100.4900,51
2018-08-16 10:41:46,100.4900,51
2018-08-16 10:41:47,100.4700,4
2018-08-16 10:41:48,100.4700,70
2018-08-16 10:41:49,100.4700,70
2018-08-16 10:41:50,100.4700,70
2018-08-16 10:41:52,100.5300,61
2018-08-16 10:41:54,100.4900,21
2018-08-16 10:41:56,100.5400,22
2018-08-16 10:41:57,100.5400,22
2018-08-16 10:41:58,100.4800,21
2018-08-16 10:42:00,100.4700,49
2018-08-16 10:42:01,100.4700,49
2018-08-16 10:42:02,100.4700,49
2018-08-16 10:42:04,100.4700,49
2018-08-16 10:42:05,100.5400,71
2018-08-16 10:42:06,100.5400,57
2018-08-16 10:42:07,100.5600,5
2018-08-16 10:42:08,100.5600,6
2018-08-16 10:42:09,100.5600,6
2018-08-16 10:42:10,100.5600,49
2018-08-16 10:42:11,100.5300,48
2018-08-16 10:42:12,100.5700,73
2018-08-16 10:42:13,100.5500,1
2018-08-16 10:42:14,100.5300,41
2018-08-16 10:42:17,100.5300,41
2018-08-16 10:42:18,100.4700,60
2018-08-16 10:42:19,100.4600,41
2018-08-16 10:42:20,100.4400,49
2018-08-16 10:42:21,100.4300,59
2018-08-16 10:42:22,100.4800,10
2018-08-16 10:42:25,100.5000,5
2018-08-16 10:42:26,100.5000,5
2018-08-16 10:42:27,100.5000,24
2018-08-16 10:42:28,100.4400,43
2018-08-16 10:42:31,100.3500,22
2018-08-16 10:42:32,100.3500,22
2018-08-16 10:42:34,100.3500,21
2018-08-16 10:42:36,100.3500,21
2018-08-16 10:42:37,100.3500,21
2018-08-16 10:42:39,100.5000,2
2018-08-16 10:42:41,100.5000,2
2018-08-16 10:42:42,100.5000,2
2018-08-16 10:42:43,100.5100,4
2018-08-16 10:42:45,100.5700,24
2018-08-16 10:42:46,100.5700,24
2018-08-16 10:42:47,100.5700,24
2018-08-16 10:42:48,100.5700,24
2018-08-16 10:42:51,100.5700,24
2018-08-16 10:42:52,100.5700,24
2018-08-16 10:42:54,100.5700,24
2018-08-16 10:42:55,100.5700,24
2018-08-16 10:42:56,100.6100,3
2018-08-16 10:42:57,100.5300,4
2018-08-16 10:42:59,100.5300,4
2018-08-16 10:43:00,100.5300,7
2018-08-16 10:43:01,100.5400,28
2018-08-16 10:43:02,100.5300,4
2018-08-16 10:43:03,100.5300,4
2018-08-16 10:43:06,100.5300,38
2018-08-16 10:43:07,100.5200,25
2018-08-16 10:43:08,100.5200,25
2018-08-16 10:43:11,100.5200,25
2018-08-16 10:43:12,100.5200,33
2018-08-16 10:43:13,100.5800,72
2018-08-16 10:43:14,100.5200,5
2018-08-16 10:43:15,100.5800,18
2018-08-16 10:43:16,100.5800,18
2018-08-16 10:43:18,100.5800,18
2018-08-16 10:43:20,100.5800,18
2018-08-16 10:43:21,100.5800,18
2018-08-16 10:43:22,100.5800,18
2018-08-16 10:43:24,100.5900,110
2018-08-16 10:43:25,100.5400,22
2018-08-16 10:43:26,100.5400,22
2018-08-16 10:43:27,100.5400,12
2018-08-16 10:43:28,100.5400,27
2018-08-16 10:43:31,100.5300,6
2018-08-16 10:43:32,100.6000,3
2018-08-16 10:43:33,100.6100,45
2018-08-16 10:43:35,100.6100,45
2018-08-16 10:43:37,100.6100,28
2018-08-16 10:43:38,100.6100,28
2018-08-16 10:43:40,100.5400,13
2018-08-16 10:43:41,100.6200,40
2018-08-16 10:43:42,100.6200,34
2018-08-16 10:43:43,100.6100,75
2018-08-16 10:43:44,100.6400,54
2018-08-16 10:43:46,100.6400,54
2018-08-16 10:43:47,100.6500,27
2018-08-16 10:43:49,100.6100,87
2018-08-16 10:43:51,100.6100,87
2018-08-16 10:43:52,100.5900,57
2018-08-16 10:43:56,100.6000,16
2018-08-16 10:43:57,100.6000,16
2018-08-16 10:43:58,100.6000,26
2018-08-16 10:43:59,100.6100,22
2018-08-16 10:44:00,100.5900,36
2018-08-16 10:44:02,100.5900,1
2018-08-16 10:44:03,100.5200,30
2018-08-16 10:44:06,100.5200,30
2018-08-16 10:44:07,100.5200,30
2018-08-16 10:44:08,100.5600,79
2018-08-16 10:44:09,100.5600,79
2018-08-16 10:44:11,100.5600,79
2018-08-16 10:44:12,100.5600,79
2018-08-16 10:44:13,100.5600,12
2018-08-16 10:44:15,100.5600,12
2018-08-16 10:44:16,100.5600,12
2018-08-16 10:44:17,100.6400,87
2018-08-16 10:44:19,100.6500,50
2018-08-16 10:44:22,100.6500,50
2018-08-16 10:44:26,100.6500,50
2018-08-16 10:44:27,100.6500,50
2018-08-16 10:44:28,100.6500,50
2018-08-16 10:44:31,100.6700,27
2018-08-16 10:44:32,100.6300,41
2018-08-16 10:44:33,100.6300,95
2018-08-16 10:44:36,100.6200,6
2018-08-16 10:44:41,100.6500,53
2018-08-16 10:44:42,100.6600,2
2018-08-16 10:44:44,100.6600,2
2018-08-16 10:44:45,100.6600,2
2018-08-16 10:44:46,100.6600,2
2018-08-16 10:44:47,100.6600,2
2018-08-16 10:44:48,100.6600,2
2018-08-16 10:44:50,100.6600,15
2018-08-16 10:44:52,100.6600,15
2018-08-16 10:44:53,100.6600,15
2018-08-16 10:44:55,100.6600,15
2018-08-16 10:44:56,100.6600,15
2018-08-16 10:44:58,100.6600,15
2018-08-16 10:44:59,100.6500,7
2018-08-16 10:45:00,100.6500,17
2018-08-16 10:45:01,100.6300,32
2018-08-16 10:45:02,100.6300,32
2018-08-16 10:45:04,100.6300,32
2018-08-16 10:45:06,100.6300,72
2018-08-16 10:45:09,100.6900,39
2018-08-16 10:45:11,100.6900,39
2018-08-16 10:45:12,100.6900,39
2018-08-16 10:45:13,100.6900,39
2018-08-16 10:45:14,100.6100,86
2018-08-16 10:45:16,100.6000,23
2018-08-16 10:45:17,100.6000,23
2018-08-16 10:45:18,100.6000,23
2018-08-16 10:45:19,100.6000,23
2018-08-16 10:45:20,100.6600,11
2018-08-16 10:45:21,100.6600,11
2018-08-16 10:45:22,100.6600,66
2018-08-16 10:45:26,100.6300,74
2018-08-16 10:45:27,100.6700,60
2018-08-16 10:45:28,100.6700,38
2018-08-16 10:45:31,100.6700,4
2018-08-16 10:45:32,100.6700,4
2018-08-16 10:45:33,100.6700,116
2018-08-16 10:45:34,100.6900,35
2018-08-16 10:45:35,100.6900,24
2018-08-16 10:45:36,100.6500,44
2018-08-16 10:45:37,100.6500,44
2018-08-16 10:45:39,100.6300,30
2018-08-16 10:45:40,100.6400,30
2018-08-16 10:45:41,100.6400,2
2018-08-16 10:45:43,100.6800,19
2018-08-16 10:45:44,100.7100,47
2018-08-16 10:45:45,100.7300,59
2018-08-16 10:45:46,100.7300,59
2018-08-16 10:45:47,100.7300,59
2018-08-16 10:45:49,100.7300,59
2018-08-16 10:45:52,100.7300,59
2018-08-16 10:45:53,100.6700,7
2018-08-16 10:45:54,100.6700,7
2018-08-16 10:45:55,100.6400,3
2018-08-16 10:45:56,100.6700,9
2018-08-16 10:45:58,100.6700,9
2018-08-16 10:45:59,100.6600,11
2018-08-16 10:46:01,100.6600,17
2018-08-16 10:46:02,100.6400,3
2018-08-16 10:46:05,100.6400,3
2018-08-16 10:46:07,100.6400,3
2018-08-16 10:46:11,100.7100,35
2018-08-16 10:46:13,100.7400,53
2018-08-16 10:46:14,100.6700,25
2018-08-16 10:46:15,100.7200,11
2018-08-16 10:46:16,100.7400,42
2018-08-16 10:46:17,100.7400,42
2018-08-16 10:46:20,100.6700,143
2018-08-16 10:46:21,100.6100,50
2018-08-16 10:46:22,100.6100,50
2018-08-16 10:46:24,100.6700,3
2018-08-16 10:46:26,100.6700,3
2018-08-16 10:46:27,100.7300,4
2018-08-16 10:46:28,100.7200,75
2018-08-16 10:46:29,100.7200,2
2018-08-16 10:46:30,100.6200,17
2018-08-16 10:46:31,100.6000,17
2018-08-16 10:46:32,100.6000,17
2018-08-16 10:46:33,100.6000,17
2018-08-16 10:46:34,100.6400,9
2018-08-16 10:46:37,100.6400,9
2018-08-16 10:46:39,100.6900,71
2018-08-16 10:46:40,100.6900,71
2018-08-16 10:46:41,100.6900,71
2018-08-16 10:46:42,100.5900,68
2018-08-16 10:46:43,100.5800,2
2018-08-16 10:46:44,100.6000,29
2018-08-16 10:46:46,100.6600,82
2018-08-16 10:46:47,100.6600,82
2018-08-16 10:46:48,100.6600,82
2018-08-16 10:46:49,100.6600,82
2018-08-16 10:46:51,100.6600,82
2018-08-16 10:46:52,100.6600,82
2018-08-16 10:46:54,100.6600,82
2018-08-16 10:46:55,100.6600,82
2018-08-16 10:46:56,100.6600,82
2018-08-16 10:46:57,100.6600,82
2018-08-16 10:46:58,100.6100,6
2018-08-16 10:47:01,100.6100,6
2018-08-16 10:47:02,100.6000,104
2018-08-16 10:47:03,100.6000,104
2018-08-16 10:47:06,100.5700,52
2018-08-16 10:47:07,100.6000,21
2018-08-16 10:47:10,100.5700,51
2018-08-16 10:47:13,100.5700,51
2018-08-16 10:47:15,100.5700,51
2018-08-16 10:47:16,100.5800,145
2018-08-16 10:47:17,100.6100,52
2018-08-16 10:47:21,100.6100,19
2018-08-16 10:47:22,100.6100,19
2018-08-16 10:47:24,100.5600,76
2018-08-16 10:47:26,100.5600,76
2018-08-16 10:47:27,100.6000,53
2018-08-16 10:47:28,100.6000,53
2018-08-16 10:47:29,100.6000,32
2018-08-16 10:47:30,100.6100,58
2018-08-16 10:47:32,100.6100,58
2018-08-16 10:47:35,100.6100,58
2018-08-16 10:47:36,100.6100,58
2018-08-16 10:47:37,100.6100,58
2018-08-16 10:47:42,100.6100,13
2018-08-16 10:47:43,100.6100,13
2018-08-16 10:47:46,100.6000,32
2018-08-16 10:47:47,100.6000,99
2018-08-16 10:47:48,100.6400,5
2018-08-16 10:47:51,100.6900,41
2018-08-16 10:47:53,100.6500,40
2018-08-16 10:47:54,100.6500,23
2018-08-16 10:47:56,100.6500,23
2018-08-16 10:47:59,100.6500,23
2018-08-16 10:48:00,100.6500,45
2018-08-16 10:48:01,100.6500,45
2018-08-16 10:48:02,100.6500,45
2018-08-16 10:48:04,100.6500,5
2018-08-16 10:48:06,100.6900,23
2018-08-16 10:48:08,100.7400,5
2018-08-16 10:48:09,100.7200,74
2018-08-16 10:48:10,100.7200,74
2018-08-16 10:48:11,100.6700,63
2018-08-16 10:48:12,100.6700,63
2018-08-16 10:48:13,100.6700,63
2018-08-16 10:48:15,100.6700,63
2018-08-16 10:48:16,100.7100,5
2018-08-16 10:48:17,100.7100,5
2018-08-16 10:48:18,100.7300,10
2018-08-16 10:48:19,100.7300,10
2018-08-16 10:48:20,100.6700,90
2018-08-16 10:48:21,100.6700,90
2018-08-16 10:48:23,100.6700,90
2018-08-16 10:48:24,100.6700,90
2018-08-16 10:48:26,100.6700,90
2018-08-16 10:48:27,100.6700,90
2018-08-16 10:48:29,100.7300,8
2018-08-16 10:48:30,100.7500,2
2018-08-16 10:48:31,100.7500,2
2018-08-16 10:48:32,100.6900,36
2018-08-16 10:48:34,100.6700,26
2018-08-16 10:48:35,100.7100,72
2018-08-16 10:48:37,100.7000,39
2018-08-16 10:48:40,100.7000,39
2018-08-16 10:48:41,100.7000,39
2018-08-16 10:48:42,100.7000,39
2018-08-16 10:48:45,100.7800,33
2018-08-16 10:48:46,100.7100,108
2018-08-16 10:48:47,100.7800,89
2018-08-16 10:48:48,100.7600,14
2018-08-16 10:48:50,100.7800,28
2018-08-16 10:48:51,100.7800,28
2018-08-16 10:48:52,100.7300,2
2018-08-16 10:48:53,100.7300,2
2018-08-16 10:48:54,100.7300,2
2018-08-16 10:48:55,100.7300,2
2018-08-16 10:48:56,100.7300,2
2018-08-16 10:48:57,100.7300,2
2018-08-16 10:49:00,100.7300,14
2018-08-16 10:49:01,100.6900,41
2018-08-16 10:49:02,100.6900,41
2018-08-16 10:49:05,100.6900,41
2018-08-16 10:49:06,100.6900,41
2018-08-16 10:49:07,100.6900,41
2018-08-16 10:49:09,100.7400,65
2018-08-16 10:49:10,100.7400,65
2018-08-16 10:49:13,100.7500,8
2018-08-16 10:49:16,100.7800,9
2018-08-16 10:49:19,100.7800,9
2018-08-16 10:49:20,100.7800,9
2018-08-16 10:49:21,100.7400,91
2018-08-16 10:49:24,100.7400,91
