timestamp,price,size
2018-08-16 09:30:29,99.8400,44
2018-08-16 09:30:30,99.8400,19
2018-08-16 09:30:31,99.8400,19
2018-08-16 09:30:32,99.8400,19
2018-08-16 09:30:34,99.8100,29
2018-08-16 09:30:35,99.9500,84
2018-08-16 09:30:36,99.9500,2
2018-08-16 09:30:39,99.9500,79
2018-08-16 09:30:40,99.9500,79
2018-08-16 09:30:42,99.9500,79
2018-08-16 09:30:44,99.9500,79
2018-08-16 09:30:45,99.9600,42
2018-08-16 09:30:48,99.9600,42
2018-08-16 09:30:50,99.9600,42
2018-08-16 09:30:51,99.9600,42
2018-08-16 09:30:52,100.0000,12
2018-08-16 09:30:53,100.0000,12
2018-08-16 09:30:54,100.0000,12
2018-08-16 09:30:55,99.9200,44
2018-08-16 09:30:57,99.8900,1
2018-08-16 09:30:58,99.8900,1
2018-08-16 09:30:59,99.8900,1
2018-08-16 09:31:00,99.9900,44
2018-08-16 09:31:02,100.0200,14
2018-08-16 09:31:04,100.0400,14
2018-08-16 09:31:06,100.0400,14
2018-08-16 09:31:10,100.0400,14
2018-08-16 09:31:14,100.0400,14
2018-08-16 09:31:15,100.0400,14
2018-08-16 09:31:18,100.0100,35
2018-08-16 09:31:20,99.9600,70
2018-08-16 09:31:21,100.0400,16
2018-08-16 09:31:23,100.0400,16
2018-08-16 09:31:24,100.0400,16
2018-08-16 09:31:26,100.0400,1
2018-08-16 09:31:27,100.0300,46
2018-08-16 09:31:29,100.0400,25
2018-08-16 09:31:30,100.0200,2
2018-08-16 09:31:31,100.0400,51
2018-08-16 09:31:34,100.0200,51
2018-08-16 09:31:35,99.9600,102
2018-08-16 09:31:36,99.9600,4
2018-08-16 09:31:37,99.9600,4
2018-08-16 09:31:38,99.9600,4
2018-08-16 09:31:40,99.9300,22
2018-08-16 09:31:41,99.9300,22
2018-08-16 09:31:42,99.9300,22
2018-08-16 09:31:43,99.9300,22
2018-08-16 09:31:44,99.9300,22
2018-08-16 09:31:45,100.0400,23
2018-08-16 09:31:46,100.0500,51
2018-08-16 09:31:48,100.0500,51
2018-08-16 09:31:50,100.0300,67
2018-08-16 09:31:51,100.0400,27
2018-08-16 09:31:52,100.0500,26
2018-08-16 09:31:53,100.0300,27
2018-08-16 09:31:55,100.0100,87
2018-08-16 09:31:56,100.0100,87
2018-08-16 09:31:57,100.0100,87
2018-08-16 09:31:58,99.9900,32
2018-08-16 09:31:59,99.9900,17
2018-08-16 09:32:00,99.9900,17
2018-08-16 09:32:01,99.9200,25
2018-08-16 09:32:02,99.9200,25
2018-08-16 09:32:03,99.9200,25
2018-08-16 09:32:04,99.8900,120
2018-08-16 09:32:05,99.8900,120
2018-08-16 09:32:10,99.8900,90
2018-08-16 09:32:13,99.9200,2
2018-08-16 09:32:15,99.9900,30
2018-08-16 09:32:16,100.0100,52
2018-08-16 09:32:20,100.0100,52
2018-08-16 09:32:23,99.9900,52
2018-08-16 09:32:24,99.9800,52
2018-08-16 09:32:25,100.0100,4
2018-08-16 09:32:27,99.8900,2
2018-08-16 09:32:28,99.9400,43
2018-08-16 09:32:30,99.9400,43
2018-08-16 09:32:31,99.9400,43
2018-08-16 09:32:32,99.8900,41
2018-08-16 09:32:34,99.8900,41
2018-08-16 09:32:36,99.9200,14
2018-08-16 09:32:39,99.8800,60
2018-08-16 09:32:40,99.8600,36
2018-08-16 09:32:41,99.8600,46
2018-08-16 09:32:43,99.8600,46
2018-08-16 09:32:44,99.8800,56
2018-08-16 09:32:45,99.8400,75
2018-08-16 09:32:46,99.8400,1
2018-08-16 09:32:50,99.8200,2
2018-08-16 09:32:51,99.8200,2
2018-08-16 09:32:52,99.8200,2
2018-08-16 09:32:53,99.8100,52
2018-08-16 09:32:54,99.8200,57
2018-08-16 09:32:55,99.8400,2
2018-08-16 09:32:56,99.8400,20
2018-08-16 09:32:59,99.8400,20
2018-08-16 09:33:01,99.8100,30
2018-08-16 09:33:06,99.8200,12
2018-08-16 09:33:08,99.8200,15
2018-08-16 09:33:09,99.8100,32
2018-08-16 09:33:10,99.8500,12
2018-08-16 09:33:11,99.8600,65
2018-08-16 09:33:12,99.8600,65
2018-08-16 09:33:14,99.8600,65
2018-08-16 09:33:15,99.8500,32
2018-08-16 09:33:16,99.8500,44
2018-08-16 09:33:17,99.8500,44
2018-08-16 09:33:18,99.8500,8
2018-08-16 09:33:20,99.8000,22
2018-08-16 09:33:22,99.8000,22
2018-08-16 09:33:23,99.8000,22
2018-08-16 09:33:24,99.8600,42
2018-08-16 09:33:25,99.8200,24
2018-08-16 09:33:26,99.8200,45
2018-08-16 09:33:27,99.8000,22
2018-08-16 09:33:29,99.8000,77
2018-08-16 09:33:30,99.8200,30
2018-08-16 09:33:31,99.8100,23
2018-08-16 09:33:32,99.7900,59
2018-08-16 09:33:33,99.8200,104
2018-08-16 09:33:35,99.8600,15
2018-08-16 09:33:36,99.8900,7
2018-08-16 09:33:37,99.8900,103
2018-08-16 09:33:40,99.8900,14
2018-08-16 09:33:41,99.8800,7
2018-08-16 09:33:42,99.8900,27
2018-08-16 09:33:43,99.9400,38
2018-08-16 09:33:45,99.9400,38
2018-08-16 09:33:46,99.9400,38
2018-08-16 09:33:47,99.8100,58
2018-08-16 09:33:48,99.8100,58
2018-08-16 09:33:50,99.8800,47
2018-08-16 09:33:51,99.8800,47
2018-08-16 09:33:53,99.8800,47
2018-08-16 09:33:55,99.8800,47
2018-08-16 09:33:56,99.8100,23
2018-08-16 09:33:57,99.8400,66
2018-08-16 09:33:59,99.8400,66
2018-08-16 09:34:00,99.8400,66
2018-08-16 09:34:01,99.8600,48
2018-08-16 09:34:02,99.8600,30
2018-08-16 09:34:03,99.8400,41
2018-08-16 09:34:04,99.8100,2
2018-08-16 09:34:06,99.8100,23
2018-08-16 09:34:12,99.8100,23
2018-08-16 09:34:13,99.8000,23
2018-08-16 09:34:15,99.8300,3
2018-08-16 09:34:16,99.7800,25
2018-08-16 09:34:17,99.7800,25
2018-08-16 09:34:19,99.7900,68
2018-08-16 09:34:20,99.7800,35
2018-08-16 09:34:21,99.7800,14
2018-08-16 09:34:22,99.7800,21
2018-08-16 09:34:23,99.7700,24
2018-08-16 09:34:24,99.7600,56
2018-08-16 09:34:25,99.7600,56
2018-08-16 09:34:26,99.7700,35
2018-08-16 09:34:27,99.7600,35
2018-08-16 09:34:28,99.7600,35
2018-08-16 09:34:30,99.7600,35
2018-08-16 09:34:32,99.7900,28
2018-08-16 09:34:33,99.8300,5
2018-08-16 09:34:35,99.8300,5
2018-08-16 09:34:37,99.8300,5
2018-08-16 09:34:39,99.8300,5
2018-08-16 09:34:40,99.7800,7
2018-08-16 09:34:41,99.7800,18
2018-08-16 09:34:42,99.7900,49
2018-08-16 09:34:43,99.7900,49
2018-08-16 09:34:44,99.7900,14
2018-08-16 09:34:45,99.7900,67
2018-08-16 09:34:46,99.8300,64
2018-08-16 09:34:47,99.8300,83
2018-08-16 09:34:49,99.8500,30
2018-08-16 09:34:50,99.8500,15
2018-08-16 09:34:52,99.8500,15
2018-08-16 09:34:53,99.7600,84
2018-08-16 09:34:56,99.8100,22
2018-08-16 09:34:57,99.8100,22
2018-08-16 09:34:59,99.8100,3
2018-08-16 09:35:00,99.8500,24
2018-08-16 09:35:01,99.7600,28
2018-08-16 09:35:02,99.7600,28
2018-08-16 09:35:04,99.7600,28
2018-08-16 09:35:05,99.7800,28
2018-08-16 09:35:06,99.8100,28
2018-08-16 09:35:08,99.8200,36
2018-08-16 09:35:10,99.8200,36
2018-08-16 09:35:11,99.8600,28
2018-08-16 09:35:13,99.8200,103
2018-08-16 09:35:14,99.8300,47
2018-08-16 09:35:15,99.8300,64
2018-08-16 09:35:16,99.8200,1
2018-08-16 09:35:17,99.8200,1
2018-08-16 09:35:19,99.8600,21
2018-08-16 09:35:21,99.8400,47
2018-08-16 09:35:22,99.8400,47
2018-08-16 09:35:24,99.8400,47
2018-08-16 09:35:25,99.8400,47
2018-08-16 09:35:26,99.8400,47
2018-08-16 09:35:27,99.8700,70
2018-08-16 09:35:28,99.8700,8
2018-08-16 09:35:31,99.8200,57
2018-08-16 09:35:32,99.8700,3
2018-08-16 09:35:33,99.8700,60
2018-08-16 09:35:34,99.8700,53
2018-08-16 09:35:35,99.8700,37
2018-08-16 09:35:39,99.8800,35
2018-08-16 09:35:40,99.8800,35
2018-08-16 09:35:41,99.8800,35
2018-08-16 09:35:42,99.8600,7
2018-08-16 09:35:44,99.8300,73
2018-08-16 09:35:45,99.8000,5
2018-08-16 09:35:47,99.8000,23
2018-08-16 09:35:51,99.8900,7
2018-08-16 09:35:53,99.7900,10
2018-08-16 09:35:54,99.8400,5
2018-08-16 09:35:56,99.8400,5
2018-08-16 09:35:57,99.8400,5
2018-08-16 09:35:58,99.8700,4
2018-08-16 09:36:00,99.7800,21
2018-08-16 09:36:01,99.7800,21
2018-08-16 09:36:02,99.7800,21
2018-08-16 09:36:03,99.7800,21
2018-08-16 09:36:05,99.7800,32
2018-08-16 09:36:06,99.7700,95
2018-08-16 09:36:07,99.7800,84
2018-08-16 09:36:09,99.7700,39
2018-08-16 09:36:10,99.7900,64
2018-08-16 09:36:11,99.7900,14
2018-08-16 09:36:13,99.9000,30
2018-08-16 09:36:14,99.9000,30
2018-08-16 09:36:15,99.8300,77
2018-08-16 09:36:16,99.8600,8
2018-08-16 09:36:18,99.9300,21
2018-08-16 09:36:19,99.8500,19
2018-08-16 09:36:21,99.8500,19
2018-08-16 09:36:23,99.8900,79
2018-08-16 09:36:24,99.8900,79
2018-08-16 09:36:25,99.8900,79
2018-08-16 09:36:26,99.8500,39
2018-08-16 09:36:30,99.8900,20
2018-08-16 09:36:31,99.8900,36
2018-08-16 09:36:32,99.8500,30
2018-08-16 09:36:34,99.8500,30
2018-08-16 09:36:35,99.8500,30
2018-08-16 09:36:38,99.8500,30
2018-08-16 09:36:39,99.8900,34
2018-08-16 09:36:40,99.9200,66
2018-08-16 09:36:41,99.9200,3
2018-08-16 09:36:45,99.9200,3
2018-08-16 09:36:46,99.8900,10
2018-08-16 09:36:50,99.8900,17
2018-08-16 09:36:51,99.8900,17
2018-08-16 09:36:52,99.8900,17
2018-08-16 09:36:56,99.8900,21
2018-08-16 09:36:58,99.8900,14
2018-08-16 09:37:00,99.8900,26
2018-08-16 09:37:01,99.8800,32
2018-08-16 09:37:02,99.8800,32
2018-08-16 09:37:03,99.8900,80
2018-08-16 09:37:04,99.9000,58
2018-08-16 09:37:05,99.9000,58
2018-08-16 09:37:06,99.8600,20
2018-08-16 09:37:08,99.8600,18
2018-08-16 09:37:09,99.8600,18
2018-08-16 09:37:10,99.8600,18
2018-08-16 09:37:11,99.8600,18
2018-08-16 09:37:16,99.8600,18
2018-08-16 09:37:17,99.9300,53
2018-08-16 09:37:18,99.9400,57
2018-08-16 09:37:19,99.9800,29
2018-08-16 09:37:20,99.9800,63
2018-08-16 09:37:22,99.9800,63
2018-08-16 09:37:26,99.9800,63
2018-08-16 09:37:30,99.9800,63
2018-08-16 09:37:31,99.9800,63
2018-08-16 09:37:32,99.9800,63
2018-08-16 09:37:33,99.9000,27
2018-08-16 09:37:34,99.9200,11
2018-08-16 09:37:35,99.9200,11
2018-08-16 09:37:36,99.8800,14
2018-08-16 09:37:37,99.8300,17
2018-08-16 09:37:39,99.8300,48
2018-08-16 09:37:40,99.8400,2
2018-08-16 09:37:41,99.8300,2
2018-08-16 09:37:42,99.8300,23
2018-08-16 09:37:45,99.8300,2
2018-08-16 09:37:46,99.8400,14
2018-08-16 09:37:47,99.8400,14
2018-08-16 09:37:48,99.8400,14
2018-08-16 09:37:50,99.8400,2
2018-08-16 09:37:51,99.8400,2
2018-08-16 09:37:52,99.7900,9
2018-08-16 09:37:55,99.7900,9
2018-08-16 09:37:56,99.8400,1
2018-08-16 09:37:57,99.7900,44
2018-08-16 09:37:58,99.8300,1
2018-08-16 09:37:59,99.8400,10
2018-08-16 09:38:00,99.8400,88
2018-08-16 09:38:01,99.8400,88
2018-08-16 09:38:02,99.8400,88
2018-08-16 09:38:03,99.8400,88
2018-08-16 09:38:05,99.8300,62
2018-08-16 09:38:11,99.7600,115
2018-08-16 09:38:12,99.7600,115
2018-08-16 09:38:14,99.7600,115
2018-08-16 09:38:15,99.7600,115
2018-08-16 09:38:16,99.7600,115
2018-08-16 09:38:17,99.7600,115
2018-08-16 09:38:20,99.7800,31
2018-08-16 09:38:21,99.8300,54
2018-08-16 09:38:23,99.8300,20
2018-08-16 09:38:25,99.8000,1
2018-08-16 09:38:26,99.7400,18
2018-08-16 09:38:27,99.8500,8
2018-08-16 09:38:31,99.8500,8
2018-08-16 09:38:33,99.8500,8
2018-08-16 09:38:36,99.8500,8
2018-08-16 09:38:40,99.7400,12
2018-08-16 09:38:41,99.7400,44
2018-08-16 09:38:42,99.7400,44
2018-08-16 09:38:43,99.7400,44
2018-08-16 09:38:44,99.7400,44
2018-08-16 09:38:45,99.7400,44
2018-08-16 09:38:46,99.7400,44
2018-08-16 09:38:48,99.7400,39
2018-08-16 09:38:49,99.7200,33
2018-08-16 09:38:50,99.8300,39
2018-08-16 09:38:51,99.8300,39
2018-08-16 09:38:53,99.8300,39
2018-08-16 09:38:55,99.8500,9
2018-08-16 09:38:57,99.7800,63
2018-08-16 09:38:58,99.8200,14
2018-08-16 09:39:00,99.8200,14
2018-08-16 09:39:01,99.8200,14
2018-08-16 09:39:05,99.8200,14
2018-08-16 09:39:07,99.8200,14
2018-08-16 09:39:08,99.8200,14
2018-08-16 09:39:09,99.8200,14
2018-08-16 09:39:10,99.8200,14
2018-08-16 09:39:13,99.8200,8
2018-08-16 09:39:14,99.8200,96
2018-08-16 09:39:15,99.7200,48
2018-08-16 09:39:16,99.6800,42
2018-08-16 09:39:19,99.6900,12
2018-08-16 09:39:20,99.6900,12
2018-08-16 09:39:21,99.6800,49
2018-08-16 09:39:23,99.6900,13
2018-08-16 09:39:25,99.6900,13
2018-08-16 09:39:26,99.7200,29
2018-08-16 09:39:27,99.7200,29
2018-08-16 09:39:28,99.7100,6
2018-08-16 09:39:30,99.7200,4
2018-08-16 09:39:31,99.7100,23
2018-08-16 09:39:32,99.7200,23
2018-08-16 09:39:34,99.8200,10
2018-08-16 09:39:35,99.8300,92
2018-08-16 09:39:36,99.8400,40
2018-08-16 09:39:37,99.8500,63
2018-08-16 09:39:38,99.8500,25
2018-08-16 09:39:40,99.8400,45
2018-08-16 09:39:42,99.8700,7
2018-08-16 09:39:45,99.8300,1
2018-08-16 09:39:46,99.8200,19
2018-08-16 09:39:47,99.6800,31
2018-08-16 09:39:48,99.7100,111
2018-08-16 09:39:49,99.7100,111
2018-08-16 09:39:52,99.7100,111
2018-08-16 09:39:53,99.7100,111
2018-08-16 09:39:55,99.7100,111
2018-08-16 09:39:56,99.7100,111
2018-08-16 09:39:58,99.7100,111
2018-08-16 09:40:00,99.7100,111
2018-08-16 09:40:01,99.7100,111
2018-08-16 09:40:02,99.8000,8
2018-08-16 09:40:05,99.8500,16
2018-08-16 09:40:06,99.8900,9
2018-08-16 09:40:08,99.8900,9
2018-08-16 09:40:09,99.8900,9
2018-08-16 09:40:10,99.8900,9
2018-08-16 09:40:12,99.8600,43
2018-08-16 09:40:14,99.7700,10
2018-08-16 09:40:15,99.7700,10
2018-08-16 09:40:16,99.7800,28
2018-08-16 09:40:18,99.7800,28
2018-08-16 09:40:20,99.8500,21
2018-08-16 09:40:21,99.7600,35
2018-08-16 09:40:24,99.7500,45
2018-08-16 09:40:25,99.7500,45
2018-08-16 09:40:26,99.7900,30
2018-08-16 09:40:27,99.7900,30
2018-08-16 09:40:28,99.7100,20
2018-08-16 09:40:29,99.7100,20
2018-08-16 09:40:30,99.7100,20
2018-08-16 09:40:31,99.7600,39
2018-08-16 09:40:32,99.7600,39
2018-08-16 09:40:33,99.7900,98
2018-08-16 09:40:34,99.8100,9
2018-08-16 09:40:35,99.8100,9
2018-08-16 09:40:36,99.8100,9
2018-08-16 09:40:37,99.7200,25
2018-08-16 09:40:38,99.7200,25
2018-08-16 09:40:39,99.8100,27
2018-08-16 09:40:40,99.8100,27
2018-08-16 09:40:45,99.8100,27
2018-08-16 09:40:46,99.8100,27
2018-08-16 09:40:48,99.7600,14
2018-08-16 09:40:50,99.8100,21
2018-08-16 09:40:52,99.8100,21
2018-08-16 09:40:53,99.8100,21
2018-08-16 09:40:55,99.8100,21
2018-08-16 09:40:56,99.8100,21
2018-08-16 09:40:58,99.8100,21
2018-08-16 09:41:00,99.8100,21
2018-08-16 09:41:01,99.8000,30
2018-08-16 09:41:03,99.8000,30
2018-08-16 09:41:05,99.8000,3
2018-08-16 09:41:06,99.7700,77
2018-08-16 09:41:07,99.7700,77
2018-08-16 09:41:08,99.7700,15
2018-08-16 09:41:09,99.7700,15
2018-08-16 09:41:10,99.7700,15
2018-08-16 09:41:12,99.7700,15
2018-08-16 09:41:15,99.7700,15
2018-08-16 09:41:18,99.7700,68
2018-08-16 09:41:19,99.7400,1
2018-08-16 09:41:20,99.8400,78
2018-08-16 09:41:21,99.8400,78
2018-08-16 09:41:22,99.7100,9
2018-08-16 09:41:24,99.7000,13
2018-08-16 09:41:25,99.7000,13
2018-08-16 09:41:26,99.7000,13
2018-08-16 09:41:27,99.7000,13
2018-08-16 09:41:29,99.7000,13
2018-08-16 09:41:30,99.7000,13
2018-08-16 09:41:31,99.7800,89
2018-08-16 09:41:32,99.9000,17
2018-08-16 09:41:33,99.9000,17
2018-08-16 09:41:36,99.9000,17
2018-08-16 09:41:39,99.8700,8
2018-08-16 09:41:40,99.8400,8
2018-08-16 09:41:41,99.8500,27
2018-08-16 09:41:42,99.8300,60
2018-08-16 09:41:44,99.7700,42
2018-08-16 09:41:45,99.7700,42
2018-08-16 09:41:46,99.7700,42
2018-08-16 09:41:48,99.7200,26
2018-08-16 09:41:50,99.6800,30
2018-08-16 09:41:51,99.6800,30
2018-08-16 09:41:52,99.6800,30
2018-08-16 09:41:53,99.6800,30
2018-08-16 09:41:54,99.7700,40
2018-08-16 09:41:55,99.7700,31
2018-08-16 09:41:56,99.8100,39
2018-08-16 09:41:57,99.8100,39
2018-08-16 09:42:00,99.8000,23
2018-08-16 09:42:02,99.8000,20
2018-08-16 09:42:05,99.8000,20
2018-08-16 09:42:06,99.8000,20
2018-08-16 09:42:08,99.7100,30
2018-08-16 09:42:11,99.6700,29
2018-08-16 09:42:14,99.6700,29
2018-08-16 09:42:15,99.6700,29
2018-08-16 09:42:16,99.6700,29
2018-08-16 09:42:18,99.6700,29
2018-08-16 09:42:19,99.6700,29
2018-08-16 09:42:21,99.7600,17
2018-08-16 09:42:24,99.7600,17
2018-08-16 09:42:26,99.7600,17
2018-08-16 09:42:29,99.7600,17
2018-08-16 09:42:30,99.6500,1
2018-08-16 09:42:31,99.6500,1
2018-08-16 09:42:32,99.6100,19
2018-08-16 09:42:35,99.6100,19
2018-08-16 09:42:36,99.6100,31
2018-08-16 09:42:37,99.6100,24
2018-08-16 09:42:39,99.6900,23
2018-08-16 09:42:41,99.6900,37
2018-08-16 09:42:42,99.6900,51
2018-08-16 09:42:43,99.6500,5
2018-08-16 09:42:44,99.5900,101
2018-08-16 09:42:45,99.5900,10
2018-08-16 09:42:46,99.5900,12
2018-08-16 09:42:49,99.5900,67
2018-08-16 09:42:51,99.5800,17
2018-08-16 09:42:53,99.6000,17
2018-08-16 09:42:54,99.6100,28
2018-08-16 09:42:56,99.6100,28
2018-08-16 09:42:57,99.5900,2
2018-08-16 09:42:59,99.5800,28
2018-08-16 09:43:00,99.5800,28
2018-08-16 09:43:01,99.5800,28
2018-08-16 09:43:03,99.5700,39
2018-08-16 09:43:04,99.5900,5
2018-08-16 09:43:06,99.5900,42
2018-08-16 09:43:07,99.5900,78
2018-08-16 09:43:08,99.5600,38
2018-08-16 09:43:09,99.5500,17
2018-08-16 09:43:10,99.5500,38
2018-08-16 09:43:11,99.5600,5
2018-08-16 09:43:15,99.5700,151
2018-08-16 09:43:16,99.6300,12
2018-08-16 09:43:18,99.6100,12
2018-08-16 09:43:19,99.5900,41
2018-08-16 09:43:20,99.5900,41
2018-08-16 09:43:21,99.5800,41
2018-08-16 09:43:22,99.5800,41
2018-08-16 09:43:26,99.6400,35
2018-08-16 09:43:28,99.6400,35
2018-08-16 09:43:29,99.5500,4
2018-08-16 09:43:30,99.5500,4
2018-08-16 09:43:31,99.5200,20
2018-08-16 09:43:32,99.5200,3
2018-08-16 09:43:35,99.5200,38
2018-08-16 09:43:37,99.5700,12
2018-08-16 09:43:39,99.5100,59
2018-08-16 09:43:40,99.5100,59
2018-08-16 09:43:41,99.5100,59
2018-08-16 09:43:45,99.5100,50
2018-08-16 09:43:46,99.5500,20
2018-08-16 09:43:47,99.5500,20
2018-08-16 09:43:49,99.5500,20
2018-08-16 09:43:50,99.5300,45
2018-08-16 09:43:51,99.5300,45
2018-08-16 09:43:52,99.5500,1
2018-08-16 09:43:53,99.5000,1
2018-08-16 09:43:54,99.5000,1
2018-08-16 09:43:56,99.5000,1
2018-08-16 09:43:57,99.5000,1
2018-08-16 09:43:58,99.5000,1
2018-08-16 09:43:59,99.5300,27
2018-08-16 09:44:01,99.5300,6
2018-08-16 09:44:02,99.5300,6
2018-08-16 09:44:04,99.5300,6
2018-08-16 09:44:05,99.5300,20
2018-08-16 09:44:11,99.4700,93
2018-08-16 09:44:14,99.5100,27
2018-08-16 09:44:15,99.5100,27
2018-08-16 09:44:17,99.4900,64
2018-08-16 09:44:18,99.5400,13
2018-08-16 09:44:19,99.5400,13
2018-08-16 09:44:20,99.5400,13
2018-08-16 09:44:23,99.5400,7
2018-08-16 09:44:24,99.6300,47
2018-08-16 09:44:26,99.6300,47
2018-08-16 09:44:28,99.6400,26
2018-08-16 09:44:29,99.6400,26
2018-08-16 09:44:30,99.6400,26
2018-08-16 09:44:31,99.6400,26
2018-08-16 09:44:34,99.5900,3
2018-08-16 09:44:36,99.7900,47
2018-08-16 09:44:37,99.6500,20
2018-08-16 09:44:39,99.5900,45
2018-08-16 09:44:41,99.5900,45
2018-08-16 09:44:42,99.5900,45
2018-08-16 09:44:44,99.5900,45
2018-08-16 09:44:45,99.5900,45
2018-08-16 09:44:46,99.6000,1
2018-08-16 09:44:49,99.5900,102
2018-08-16 09:44:51,99.5900,1
2018-08-16 09:44:52,99.5900,15
2018-08-16 09:44:53,99.5400,29
2018-08-16 09:44:54,99.5400,29
2018-08-16 09:44:55,99.5400,29
2018-08-16 09:44:56,99.5400,29
2018-08-16 09:44:59,99.5400,29
2018-08-16 09:45:01,99.5400,29
2018-08-16 09:45:02,99.5800,1
2018-08-16 09:45:03,99.6500,80
2018-08-16 09:45:04,99.6500,80
2018-08-16 09:45:06,99.6700,14
2018-08-16 09:45:07,99.6700,14
2018-08-16 09:45:08,99.6400,14
2018-08-16 09:45:09,99.6400,14
2018-08-16 09:45:10,99.5600,10
2018-08-16 09:45:11,99.5800,11
2018-08-16 09:45:12,99.5700,19
2018-08-16 09:45:14,99.5700,19
2018-08-16 09:45:15,99.5200,50
2018-08-16 09:45:16,99.5200,2
2018-08-16 09:45:18,99.5700,6
2018-08-16 09:45:19,99.5700,34
2018-08-16 09:45:20,99.5700,10
2018-08-16 09:45:21,99.5700,10
2018-08-16 09:45:22,99.5500,22
2018-08-16 09:45:23,99.5900,64
2018-08-16 09:45:27,99.5900,64
2018-08-16 09:45:28,99.5900,64
2018-08-16 09:45:29,99.5900,64
2018-08-16 09:45:30,99.5900,51
2018-08-16 09:45:31,99.5900,3
2018-08-16 09:45:34,99.6100,9
2018-08-16 09:45:35,99.6100,9
2018-08-16 09:45:36,99.6100,9
2018-08-16 09:45:39,99.5900,32
2018-08-16 09:45:40,99.6100,5
2018-08-16 09:45:41,99.6100,5
2018-08-16 09:45:43,99.5900,5
2018-08-16 09:45:44,99.5800,20
2018-08-16 09:45:46,99.5900,33
2018-08-16 09:45:47,99.5900,33
2018-08-16 09:45:48,99.5900,76
2018-08-16 09:45:49,99.5900,26
2018-08-16 09:45:51,99.6700,47
2018-08-16 09:45:52,99.6900,42
2018-08-16 09:45:53,99.7000,11
2018-08-16 09:45:54,99.7000,11
2018-08-16 09:45:55,99.7100,34
2018-08-16 09:45:56,99.7100,8
2018-08-16 09:45:58,99.7100,6
2018-08-16 09:45:59,99.7100,6
2018-08-16 09:46:01,99.7200,42
2018-08-16 09:46:02,99.7200,22
2018-08-16 09:46:03,99.7200,22
2018-08-16 09:46:04,99.6300,47
2018-08-16 09:46:05,99.6300,47
2018-08-16 09:46:06,99.6300,37
2018-08-16 09:46:07,99.6300,37
2018-08-16 09:46:08,99.6300,37
2018-08-16 09:46:10,99.6300,37
2018-08-16 09:46:11,99.6300,37
2018-08-16 09:46:15,99.6200,44
2018-08-16 09:46:16,99.6200,44
2018-08-16 09:46:17,99.6600,60
2018-08-16 09:46:19,99.6600,22
2018-08-16 09:46:20,99.6900,10
2018-08-16 09:46:21,99.6900,10
2018-08-16 09:46:22,99.6900,10
2018-08-16 09:46:23,99.6100,128
2018-08-16 09:46:24,99.6100,128
2018-08-16 09:46:25,99.6000,70
2018-08-16 09:46:26,99.6000,71
2018-08-16 09:46:27,99.6200,51
2018-08-16 09:46:30,99.6700,14
2018-08-16 09:46:31,99.6900,14
2018-08-16 09:46:32,99.6900,14
2018-08-16 09:46:33,99.6900,14
2018-08-16 09:46:35,99.6900,14
2018-08-16 09:46:36,99.7000,54
2018-08-16 09:46:39,99.7000,54
2018-08-16 09:46:40,99.7000,54
2018-08-16 09:46:43,99.7400,64
2018-08-16 09:46:45,99.7000,37
2018-08-16 09:46:46,99.7000,37
2018-08-16 09:46:47,99.7300,24
2018-08-16 09:46:48,99.7000,57
2018-08-16 09:46:49,99.5800,50
2018-08-16 09:46:50,99.5700,30
2018-08-16 09:46:51,99.6000,24
2018-08-16 09:46:52,99.6200,5
2018-08-16 09:46:53,99.5900,31
2018-08-16 09:46:55,99.5700,1
2018-08-16 09:46:56,99.6800,7
2018-08-16 09:46:57,99.6800,7
2018-08-16 09:46:58,99.6800,7
2018-08-16 09:46:59,99.6800,7
2018-08-16 09:47:01,99.6800,7
2018-08-16 09:47:07,99.6800,7
2018-08-16 09:47:08,99.6300,59
2018-08-16 09:47:10,99.6300,1
2018-08-16 09:47:12,99.5900,11
2018-08-16 09:47:14,99.5900,11
2018-08-16 09:47:15,99.5600,6
2018-08-16 09:47:16,99.5600,5
2018-08-16 09:47:17,99.5600,2
2018-08-16 09:47:21,99.5000,25
2018-08-16 09:47:22,99.5000,44
2018-08-16 09:47:23,99.5000,44
2018-08-16 09:47:25,99.5300,18
2018-08-16 09:47:27,99.5000,27
2018-08-16 09:47:28,99.5000,27
2018-08-16 09:47:29,99.5500,44
2018-08-16 09:47:30,99.5600,31
2018-08-16 09:47:33,99.5600,31
2018-08-16 09:47:35,99.5000,31
2018-08-16 09:47:36,99.4900,30
2018-08-16 09:47:37,99.4600,32
2018-08-16 09:47:38,99.4600,32
2018-08-16 09:47:39,99.4600,32
2018-08-16 09:47:42,99.4500,70
2018-08-16 09:47:44,99.4500,70
2018-08-16 09:47:45,99.4400,57
2018-08-16 09:47:47,99.4300,39
2018-08-16 09:48:00,99.5200,53
2018-08-16 09:48:05,99.4600,16
2018-08-16 09:48:16,99.4600,51
2018-08-16 09:48:17,99.4600,51
2018-08-16 09:48:20,99.4600,51
2018-08-16 09:48:21,99.4600,51
2018-08-16 09:48:22,99.4600,11
2018-08-16 09:48:23,99.4600,11
2018-08-16 09:48:24,99.4600,75
2018-08-16 09:48:25,99.4600,28
2018-08-16 09:48:27,99.4700,23
2018-08-16 09:48:28,99.4500,42
2018-08-16 09:48:29,99.4500,42
2018-08-16 09:48:31,99.4500,35
2018-08-16 09:48:32,99.4500,29
2018-08-16 09:48:33,99.4500,97
2018-08-16 09:48:34,99.4500,97
2018-08-16 09:48:35,99.4500,69
2018-08-16 09:48:37,99.4600,13
2018-08-16 09:48:40,99.4600,13
2018-08-16 09:48:42,99.4500,41
2018-08-16 09:48:44,99.4600,30
2018-08-16 09:48:46,99.4600,71
2018-08-16 09:48:47,99.4600,71
2018-08-16 09:48:48,99.4400,2
2018-08-16 09:48:50,99.4100,79
2018-08-16 09:48:52,99.3800,6
2018-08-16 09:48:53,99.3800,6
2018-08-16 09:48:54,99.3800,6
2018-08-16 09:48:55,99.3800,6
2018-08-16 09:48:56,99.3800,6
2018-08-16 09:48:57,99.4600,24
2018-08-16 09:48:58,99.4600,24
2018-08-16 09:49:00,99.4600,24
2018-08-16 09:49:01,99.4600,24
2018-08-16 09:49:02,99.4600,24
2018-08-16 09:49:05,99.4600,37
2018-08-16 09:49:07,99.4600,37
2018-08-16 09:49:08,99.4200,33
2018-08-16 09:49:09,99.4200,33
2018-08-16 09:49:10,99.4600,27
2018-08-16 09:49:12,99.4600,21
2018-08-16 09:49:15,99.4700,29
2018-08-16 09:49:16,99.4600,29
2018-08-16 09:49:17,99.4600,29
2018-08-16 09:49:18,99.3400,39
2018-08-16 09:49:19,99.3100,79
2018-08-16 09:49:20,99.2900,17
2018-08-16 09:49:21,99.4300,15
2018-08-16 09:49:22,99.4300,15
2018-08-16 09:49:24,99.3900,10
2018-08-16 09:49:25,99.3900,10
2018-08-16 09:49:26,99.3900,28
2018-08-16 09:49:27,99.3900,17
2018-08-16 09:49:29,99.3900,17
2018-08-16 09:49:30,99.3900,9
2018-08-16 09:49:31,99.4000,21
2018-08-16 09:49:32,99.4000,21
2018-08-16 09:49:35,99.4000,20
2018-08-16 09:49:37,99.3400,36
2018-08-16 09:49:38,99.3000,8
2018-08-16 09:49:39,99.3000,8
2018-08-16 09:49:40,99.3100,8
2018-08-16 09:49:41,99.4000,7
2018-08-16 09:49:42,99.4000,27
2018-08-16 09:49:45,99.3900,1
2018-08-16 09:49:47,99.3900,27
2018-08-16 09:49:48,99.3900,27
2018-08-16 09:49:50,99.3900,27
2018-08-16 09:49:51,99.3900,27
2018-08-16 09:49:52,99.3900,27
2018-08-16 09:49:54,99.3900,9
2018-08-16 09:49:56,99.3900,9
2018-08-16 09:49:57,99.4100,24
2018-08-16 09:49:58,99.3900,27
2018-08-16 09:49:59,99.2600,39
2018-08-16 09:50:00,99.2600,39
2018-08-16 09:50:01,99.2600,39
2018-08-16 09:50:02,99.2600,39
2018-08-16 09:50:03,99.3600,15
2018-08-16 09:50:04,99.3100,6
2018-08-16 09:50:07,99.4300,38
2018-08-16 09:50:09,99.4300,38
2018-08-16 09:50:10,99.3200,9
2018-08-16 09:50:12,99.3500,10
2018-08-16 09:50:13,99.2600,50
2018-08-16 09:50:15,99.2800,6
2018-08-16 09:50:16,99.3000,44
2018-08-16 09:50:17,99.3000,1
2018-08-16 09:50:19,99.3000,1
2018-08-16 09:50:20,99.3000,1
2018-08-16 09:50:21,99.3000,1
2018-08-16 09:50:22,99.3000,13
2018-08-16 09:50:23,99.2600,1
2018-08-16 09:50:24,99.2600,1
2018-08-16 09:50:26,99.2600,1
2018-08-16 09:50:27,99.2600,1
2018-08-16 09:50:30,99.2600,1
2018-08-16 09:50:31,99.2600,1
2018-08-16 09:50:32,99.2900,16
2018-08-16 09:50:33,99.3100,59
2018-08-16 09:50:35,99.3100,59
2018-08-16 09:50:36,99.3100,59
2018-08-16 09:50:37,99.3100,59
2018-08-16 09:50:38,99.2800,25
2018-08-16 09:50:39,99.3000,1
2018-08-16 09:50:40,99.3000,102
2018-08-16 09:50:42,99.3100,81
2018-08-16 09:50:43,99.3100,1
2018-08-16 09:50:44,99.3100,1
2018-08-16 09:50:45,99.3100,24
2018-08-16 09:50:46,99.3000,82
2018-08-16 09:50:47,99.2600,9
2018-08-16 09:50:48,99.3100,80
2018-08-16 09:50:52,99.3100,80
2018-08-16 09:50:53,99.3100,80
2018-08-16 09:50:54,99.3100,27
2018-08-16 09:50:57,99.3200,79
2018-08-16 09:50:59,99.2600,7
2018-08-16 09:51:00,99.2600,50
2018-08-16 09:51:02,99.3100,19
2018-08-16 09:51:03,99.3100,19
2018-08-16 09:51:04,99.3100,30
2018-08-16 09:51:05,99.2900,22
2018-08-16 09:51:07,99.2700,10
2018-08-16 09:51:10,99.2900,10
2018-08-16 09:51:12,99.2900,10
2018-08-16 09:51:13,99.2100,60
2018-08-16 09:51:14,99.2100,60
2018-08-16 09:51:15,99.2100,60
2018-08-16 09:51:16,99.2100,60
2018-08-16 09:51:19,99.2100,60
2018-08-16 09:51:23,99.2600,17
2018-08-16 09:51:27,99.2400,17
2018-08-16 09:51:29,99.2400,21
2018-08-16 09:51:30,99.2400,101
2018-08-16 09:51:32,99.2300,29
2018-08-16 09:51:33,99.2300,29
2018-08-16 09:51:34,99.2100,50
2018-08-16 09:51:38,99.2300,27
2018-08-16 09:51:40,99.2300,23
2018-08-16 09:51:41,99.2300,66
2018-08-16 09:51:42,99.2200,4
2018-08-16 09:51:44,99.2000,34
2018-08-16 09:51:45,99.2000,60
2018-08-16 09:51:46,99.2100,9
2018-08-16 09:51:47,99.1900,11
2018-08-16 09:51:49,99.1900,4
2018-08-16 09:51:50,99.1600,12
2018-08-16 09:51:52,99.2000,4
2018-08-16 09:51:54,99.2300,4
2018-08-16 09:51:55,99.2100,14
2018-08-16 09:51:56,99.2100,14
2018-08-16 09:51:57,99.2100,14
2018-08-16 09:51:58,99.2100,14
2018-08-16 09:51:59,99.2200,10
2018-08-16 09:52:00,99.2300,3
2018-08-16 09:52:02,99.2100,57
2018-08-16 09:52:03,99.2300,63
2018-08-16 09:52:05,99.3400,24
2018-08-16 09:52:06,99.3400,24
2018-08-16 09:52:07,99.3400,24
2018-08-16 09:52:09,99.2300,35
2018-08-16 09:52:10,99.3400,13
2018-08-16 09:52:12,99.3400,15
2018-08-16 09:52:13,99.3400,15
2018-08-16 09:52:14,99.3400,15
2018-08-16 09:52:15,99.3300,70
2018-08-16 09:52:16,99.2900,104
2018-08-16 09:52:18,99.2900,104
2018-08-16 09:52:20,99.3000,14
2018-08-16 09:52:21,99.3000,14
2018-08-16 09:52:22,99.3300,14
2018-08-16 09:52:23,99.3300,14
2018-08-16 09:52:25,99.3000,56
2018-08-16 09:52:27,99.2800,40
2018-08-16 09:52:28,99.3000,52
2018-08-16 09:52:29,99.3400,36
2018-08-16 09:52:30,99.3400,36
2018-08-16 09:52:32,99.3400,36
2018-08-16 09:52:33,99.3400,30
2018-08-16 09:52:35,99.3300,4
2018-08-16 09:52:36,99.3300,88
2018-08-16 09:52:37,99.3300,88
2018-08-16 09:52:40,99.3400,4
2018-08-16 09:52:44,99.3400,4
2018-08-16 09:52:45,99.3300,3
2018-08-16 09:52:46,99.3300,3
2018-08-16 09:52:47,99.3300,51
2018-08-16 09:52:48,99.3200,83
2018-08-16 09:52:50,99.3600,3
2018-08-16 09:52:51,99.2900,38
2018-08-16 09:52:52,99.3700,80
2018-08-16 09:52:54,99.3500,16
2018-08-16 09:52:55,99.4500,16
2018-08-16 09:52:57,99.4500,16
2018-08-16 09:52:58,99.4600,24
2018-08-16 09:52:59,99.4400,59
2018-08-16 09:53:00,99.4400,59
2018-08-16 09:53:02,99.4400,22
2018-08-16 09:53:04,99.4400,22
2018-08-16 09:53:05,99.4400,22
2018-08-16 09:53:07,99.4400,22
2018-08-16 09:53:08,99.4400,22
2018-08-16 09:53:09,99.4400,22
2018-08-16 09:53:10,99.4400,22
2018-08-16 09:53:11,99.4300,2
2018-08-16 09:53:12,99.4000,2
2018-08-16 09:53:14,99.4000,99
2018-08-16 09:53:15,99.4400,21
2018-08-16 09:53:17,99.4400,21
2018-08-16 09:53:18,99.4400,21
2018-08-16 09:53:19,99.4100,18
2018-08-16 09:53:20,99.4600,35
2018-08-16 09:53:23,99.4900,11
2018-08-16 09:53:24,99.4900,50
2018-08-16 09:53:25,99.5500,20
2018-08-16 09:53:27,99.5600,66
2018-08-16 09:53:30,99.5400,32
2018-08-16 09:53:32,99.5400,32
2018-08-16 09:53:33,99.5400,22
2018-08-16 09:53:34,99.5200,11
2018-08-16 09:53:35,99.5200,5
2018-08-16 09:53:36,99.5200,45
2018-08-16 09:53:37,99.5500,55
2018-08-16 09:53:39,99.5500,55
2018-08-16 09:53:40,99.5500,55
2018-08-16 09:53:42,99.5300,29
2018-08-16 09:53:44,99.5300,29
2018-08-16 09:53:45,99.5300,29
2018-08-16 09:53:46,99.5300,29
2018-08-16 09:53:47,99.4700,8
2018-08-16 09:53:49,99.4800,48
2018-08-16 09:53:50,99.4400,9
2018-08-16 09:53:52,99.4400,62
2018-08-16 09:53:57,99.4500,17
2018-08-16 09:53:58,99.5100,83
2018-08-16 09:53:59,99.5200,4
2018-08-16 09:54:00,99.5200,4
2018-08-16 09:54:01,99.4900,1
2018-08-16 09:54:04,99.4900,1
2018-08-16 09:54:06,99.4900,1
2018-08-16 09:54:07,99.4900,1
2018-08-16 09:54:08,99.4900,1
2018-08-16 09:54:09,99.4900,1
2018-08-16 09:54:10,99.5300,69
2018-08-16 09:54:11,99.5000,73
2018-08-16 09:54:12,99.5300,73
2018-08-16 09:54:14,99.5300,73
2018-08-16 09:54:15,99.5000,43
2018-08-16 09:54:17,99.5000,43
2018-08-16 09:54:18,99.5500,234
2018-08-16 09:54:19,99.5500,234
2018-08-16 09:54:20,99.5500,234
2018-08-16 09:54:22,99.5500,7
2018-08-16 09:54:23,99.5500,7
2018-08-16 09:54:25,99.5500,7
2018-08-16 09:54:27,99.5500,7
2018-08-16 09:54:30,99.5100,5
2018-08-16 09:54:31,99.5100,5
2018-08-16 09:54:32,99.5100,5
2018-08-16 09:54:33,99.5000,11
2018-08-16 09:54:34,99.5100,50
2018-08-16 09:54:35,99.5000,35
2018-08-16 09:54:36,99.5000,1
2018-08-16 09:54:37,99.4900,15
2018-08-16 09:54:38,99.4900,16
2018-08-16 09:54:40,99.4900,16
2018-08-16 09:54:44,99.5000,17
2018-08-16 09:54:45,99.5100,1
2018-08-16 09:54:46,99.5100,1
2018-08-16 09:54:47,99.5100,13
2018-08-16 09:54:49,99.5100,8
2018-08-16 09:54:50,99.5100,24
2018-08-16 09:54:52,99.5100,12
2018-08-16 09:54:53,99.4800,86
2018-08-16 09:54:55,99.5000,38
2018-08-16 09:54:57,99.5000,38
2018-08-16 09:54:59,99.5000,38
2018-08-16 09:55:00,99.5000,15
2018-08-16 09:55:01,99.5000,81
2018-08-16 09:55:02,99.5000,81
2018-08-16 09:55:03,99.5000,41
2018-08-16 09:55:05,99.5300,35
2018-08-16 09:55:06,99.5100,31
2018-08-16 09:55:07,99.5300,1
2018-08-16 09:55:08,99.5300,25
2018-08-16 09:55:09,99.5300,25
2018-08-16 09:55:10,99.5300,26
2018-08-16 09:55:11,99.5300,26
2018-08-16 09:55:12,99.5200,5
2018-08-16 09:55:13,99.5200,5
2018-08-16 09:55:14,99.5000,26
2018-08-16 09:55:15,99.5200,41
2018-08-16 09:55:17,99.5200,41
2018-08-16 09:55:20,99.4800,69
2018-08-16 09:55:23,99.4800,69
2018-08-16 09:55:24,99.4800,69
2018-08-16 09:55:25,99.4800,69
2018-08-16 09:55:26,99.5300,41
2018-08-16 09:55:29,99.5200,56
2018-08-16 09:55:30,99.5200,56
2018-08-16 09:55:32,99.5300,10
2018-08-16 09:55:33,99.5300,26
2018-08-16 09:55:35,99.5400,71
2018-08-16 09:55:36,99.5400,71
2018-08-16 09:55:37,99.5400,10
2018-08-16 09:55:38,99.5400,13
2018-08-16 09:55:40,99.5800,23
2018-08-16 09:55:41,99.5800,23
2018-08-16 09:55:42,99.5800,23
2018-08-16 09:55:43,99.5200,17
2018-08-16 09:55:47,99.5200,17
2018-08-16 09:55:48,99.6200,36
2018-08-16 09:55:49,99.6200,36
2018-08-16 09:55:50,99.6200,36
2018-08-16 09:55:51,99.6400,40
2018-08-16 09:55:52,99.6400,40
2018-08-16 09:55:53,99.6400,40
2018-08-16 09:55:55,99.6400,40
2018-08-16 09:55:56,99.6500,43
2018-08-16 09:55:57,99.6100,4
2018-08-16 09:55:59,99.6100,4
2018-08-16 09:56:00,99.6100,4
2018-08-16 09:56:02,99.6100,4
2018-08-16 09:56:03,99.6100,4
2018-08-16 09:56:04,99.6500,48
2018-08-16 09:56:05,99.6500,48
2018-08-16 09:56:07,99.6500,48
2018-08-16 09:56:08,99.6300,5
2018-08-16 09:56:10,99.6100,5
2018-08-16 09:56:11,99.6100,5
2018-08-16 09:56:12,99.6100,15
2018-08-16 09:56:13,99.6100,203
2018-08-16 09:56:15,99.5800,52
2018-08-16 09:56:17,99.6100,23
2018-08-16 09:56:19,99.6300,31
2018-08-16 09:56:20,99.6300,35
2018-08-16 09:56:21,99.6400,19
2018-08-16 09:56:25,99.5800,38
2018-08-16 09:56:26,99.5600,27
2018-08-16 09:56:27,99.5900,60
2018-08-16 09:56:30,99.5900,60
2018-08-16 09:56:31,99.5900,60
2018-08-16 09:56:32,99.6400,9
2018-08-16 09:56:33,99.6400,16
2018-08-16 09:56:34,99.6600,12
2018-08-16 09:56:35,99.6600,12
2018-08-16 09:56:38,99.6800,41
2018-08-16 09:56:39,99.6800,41
2018-08-16 09:56:42,99.6800,41
2018-08-16 09:56:43,99.6800,41
2018-08-16 09:56:44,99.7400,44
2018-08-16 09:56:45,99.7400,35
2018-08-16 09:56:49,99.7900,40
2018-08-16 09:56:52,99.7900,8
2018-08-16 09:56:53,99.8400,26
2018-08-16 09:56:56,99.8400,26
2018-08-16 09:57:01,99.8400,26
2018-08-16 09:57:03,99.8400,26
2018-08-16 09:57:05,99.8100,19
2018-08-16 09:57:06,99.8100,19
2018-08-16 09:57:07,99.7800,81
2018-08-16 09:57:09,99.8000,16
2018-08-16 09:57:11,99.8100,49
2018-08-16 09:57:12,99.8100,49
2018-08-16 09:57:15,99.8100,49
2018-08-16 09:57:16,99.8100,49
2018-08-16 09:57:19,99.8100,49
2018-08-16 09:57:20,99.9100,13
2018-08-16 09:57:21,99.9400,17
2018-08-16 09:57:22,99.9400,17
2018-08-16 09:57:23,99.9400,17
2018-08-16 09:57:24,99.9400,17
2018-08-16 09:57:25,99.9400,17
2018-08-16 09:57:26,99.9400,17
2018-08-16 09:57:27,99.9400,18
2018-08-16 09:57:29,99.9400,51
2018-08-16 09:57:30,99.9200,45
2018-08-16 09:57:31,99.9500,53
2018-08-16 09:57:34,99.9500,70
2018-08-16 09:57:35,99.8600,70
2018-08-16 09:57:36,99.9500,47
2018-08-16 09:57:38,99.9000,15
2018-08-16 09:57:40,99.9400,46
2018-08-16 09:57:41,99.8800,15
2018-08-16 09:57:42,99.9300,68
2018-08-16 09:57:45,99.9300,68
2018-08-16 09:57:46,99.9300,68
2018-08-16 09:57:48,99.9100,31
2018-08-16 09:57:49,99.8600,24
2018-08-16 09:57:50,99.8600,24
2018-08-16 09:57:51,99.8600,24
2018-08-16 09:57:53,99.8600,24
2018-08-16 09:57:54,99.8600,19
2018-08-16 09:57:55,99.8500,88
2018-08-16 09:57:56,99.8500,6
2018-08-16 09:57:57,99.8500,119
2018-08-16 09:57:58,99.8500,119
2018-08-16 09:57:59,99.8500,119
2018-08-16 09:58:00,99.8500,11
2018-08-16 09:58:02,99.8500,9
2018-08-16 09:58:03,99.8500,9
2018-08-16 09:58:04,99.8500,9
2018-08-16 09:58:05,99.9600,76
2018-08-16 09:58:08,99.9600,76
2018-08-16 09:58:09,99.9600,76
2018-08-16 09:58:10,99.9600,76
2018-08-16 09:58:11,99.9700,3
2018-08-16 09:58:12,99.8700,5
2018-08-16 09:58:14,99.8700,5
2018-08-16 09:58:15,99.8700,5
2018-08-16 09:58:17,99.8700,5
2018-08-16 09:58:18,99.8700,5
2018-08-16 09:58:19,99.9700,15
2018-08-16 09:58:20,99.9700,15
2018-08-16 09:58:21,100.0700,39
2018-08-16 09:58:23,99.9900,7
2018-08-16 09:58:25,100.0700,1
2018-08-16 09:58:26,100.0700,1
2018-08-16 09:58:27,100.1000,7
2018-08-16 09:58:28,100.0700,23
2018-08-16 09:58:32,100.0300,5
2018-08-16 09:58:34,100.0300,5
2018-08-16 09:58:35,99.9800,5
2018-08-16 09:58:36,99.9800,130
2018-08-16 09:58:37,99.9800,130
2018-08-16 09:58:38,99.9800,130
2018-08-16 09:58:39,99.9800,130
2018-08-16 09:58:41,100.0100,29
2018-08-16 09:58:42,100.0100,29
2018-08-16 09:58:44,100.0100,29
2018-08-16 09:58:45,100.0100,29
2018-08-16 09:58:47,100.0700,122
2018-08-16 09:58:48,100.0700,122
2018-08-16 09:58:49,100.0700,122
2018-08-16 09:58:50,100.0700,8
2018-08-16 09:58:51,99.9900,1
2018-08-16 09:58:55,99.9900,1
2018-08-16 09:58:56,99.9900,1
2018-08-16 09:58:58,99.9900,1
2018-08-16 09:58:59,100.0200,9
2018-08-16 09:59:00,100.0200,86
2018-08-16 09:59:02,100.0200,8
2018-08-16 09:59:03,100.0200,8
2018-08-16 09:59:04,100.0200,8
2018-08-16 09:59:05,100.0000,35
2018-08-16 09:59:08,100.0000,39
2018-08-16 09:59:09,100.0400,54
2018-08-16 09:59:10,100.0000,18
2018-08-16 09:59:11,100.0000,38
2018-08-16 09:59:12,99.9900,39
2018-08-16 09:59:13,99.9900,39
2018-08-16 09:59:14,99.9900,39
2018-08-16 09:59:15,99.9900,39
2018-08-16 09:59:16,99.9900,39
2018-08-16 09:59:17,99.9900,39
2018-08-16 09:59:18,100.0400,40
2018-08-16 09:59:19,100.0400,23
2018-08-16 09:59:20,99.9700,61
2018-08-16 09:59:25,99.9700,61
2018-08-16 09:59:27,99.9700,61
2018-08-16 09:59:29,100.0600,5
2018-08-16 09:59:30,99.9700,36
2018-08-16 09:59:31,99.9700,36
2018-08-16 09:59:32,100.0100,34
2018-08-16 09:59:33,100.0100,34
2018-08-16 09:59:34,100.0100,47
2018-08-16 09:59:35,99.9800,9
2018-08-16 09:59:36,100.0100,56
2018-08-16 09:59:37,100.0100,6
2018-08-16 09:59:38,100.0400,6
2018-08-16 09:59:40,100.0400,6
2018-08-16 09:59:41,100.0400,6
2018-08-16 09:59:42,100.0300,14
2018-08-16 09:59:44,100.0500,12
2018-08-16 09:59:45,100.0500,12
2018-08-16 09:59:46,100.0400,14
2018-08-16 09:59:48,100.0400,14
2018-08-16 09:59:49,99.9900,112
2018-08-16 09:59:50,99.9900,43
2018-08-16 09:59:51,99.9900,43
2018-08-16 09:59:52,99.9900,43
2018-08-16 09:59:53,100.0000,14
2018-08-16 09:59:54,99.9900,13
2018-08-16 09:59:55,99.9900,13
2018-08-16 09:59:56,99.9900,38
2018-08-16 09:59:57,99.9800,85
2018-08-16 09:59:58,99.9800,4
2018-08-16 10:00:00,99.9500,30
2018-08-16 10:00:01,99.9500,30
2018-08-16 10:00:02,99.9300,15
2018-08-16 10:00:03,99.9300,35
2018-08-16 10:00:05,99.9100,9
2018-08-16 10:00:10,99.9800,12
2018-08-16 10:00:11,100.0100,6
2018-08-16 10:00:13,100.0100,6
2018-08-16 10:00:19,100.0300,30
2018-08-16 10:00:22,99.9900,10
2018-08-16 10:00:24,99.9300,10
2018-08-16 10:00:25,99.9300,10
2018-08-16 10:00:26,99.9100,39
2018-08-16 10:00:29,99.9300,19
2018-08-16 10:00:30,99.9000,47
2018-08-16 10:00:31,99.9000,47
2018-08-16 10:00:34,99.9100,14
2018-08-16 10:00:35,99.9100,14
2018-08-16 10:00:36,99.8700,46
2018-08-16 10:00:37,99.8700,46
2018-08-16 10:00:38,99.8700,46
2018-08-16 10:00:40,99.8500,57
2018-08-16 10:00:43,99.8500,57
2018-08-16 10:00:44,99.8600,3
2018-08-16 10:00:45,99.9900,52
2018-08-16 10:00:49,99.9400,22
2018-08-16 10:00:50,99.9400,18
2018-08-16 10:00:51,99.9400,18
2018-08-16 10:00:52,99.9400,18
2018-08-16 10:00:53,99.9000,53
2018-08-16 10:00:54,99.9000,69
2018-08-16 10:00:55,99.9000,14
2018-08-16 10:00:57,99.8500,14
2018-08-16 10:00:59,99.8500,14
2018-08-16 10:01:00,99.8500,15
2018-08-16 10:01:01,99.8300,57
2018-08-16 10:01:02,99.8800,76
2018-08-16 10:01:03,99.8800,1
2018-08-16 10:01:04,99.8200,28
2018-08-16 10:01:05,99.8200,28
2018-08-16 10:01:06,99.8200,28
2018-08-16 10:01:09,99.7500,25
2018-08-16 10:01:11,99.7500,25
2018-08-16 10:01:12,99.7500,25
2018-08-16 10:01:13,99.8100,27
2018-08-16 10:01:15,99.7600,25
2018-08-16 10:01:16,99.7300,86
2018-08-16 10:01:17,99.7200,70
2018-08-16 10:01:18,99.6100,94
2018-08-16 10:01:19,99.6100,94
2018-08-16 10:01:20,99.6700,13
2018-08-16 10:01:21,99.6700,13
2018-08-16 10:01:24,99.7000,13
2018-08-16 10:01:25,99.7300,19
2018-08-16 10:01:26,99.7300,19
2018-08-16 10:01:27,99.7400,73
2018-08-16 10:01:28,99.7400,73
2018-08-16 10:01:29,99.7200,56
2018-08-16 10:01:30,99.7400,39
2018-08-16 10:01:31,99.6600,73
2018-08-16 10:01:32,99.7400,15
2018-08-16 10:01:34,99.7400,15
2018-08-16 10:01:35,99.7600,12
2018-08-16 10:01:36,99.7200,43
2018-08-16 10:01:37,99.7200,117
2018-08-16 10:01:38,99.6100,16
2018-08-16 10:01:39,99.7300,12
2018-08-16 10:01:40,99.7400,64
2018-08-16 10:01:41,99.8000,58
2018-08-16 10:01:43,99.7700,10
2018-08-16 10:01:45,99.7700,10
2018-08-16 10:01:46,99.7500,24
2018-08-16 10:01:47,99.8400,1
2018-08-16 10:01:49,99.7800,90
2018-08-16 10:01:50,99.7800,18
2018-08-16 10:01:51,99.7800,18
2018-08-16 10:01:53,99.7500,19
2018-08-16 10:01:58,99.7300,36
2018-08-16 10:01:59,99.7300,36
2018-08-16 10:02:01,99.8000,11
2018-08-16 10:02:04,99.8000,11
2018-08-16 10:02:05,99.7700,20
2018-08-16 10:02:06,99.7700,20
2018-08-16 10:02:09,99.8000,50
2018-08-16 10:02:10,99.8000,50
2018-08-16 10:02:11,99.8100,6
2018-08-16 10:02:12,99.8100,6
2018-08-16 10:02:14,99.8100,6
2018-08-16 10:02:17,99.8100,6
2018-08-16 10:02:18,99.7700,18
2018-08-16 10:02:19,99.7900,106
2018-08-16 10:02:20,99.8200,13
2018-08-16 10:02:21,99.8200,10
2018-08-16 10:02:22,99.8200,4
2018-08-16 10:02:24,99.8200,4
2018-08-16 10:02:25,99.8100,111
2018-08-16 10:02:26,99.8100,13
2018-08-16 10:02:27,99.8400,47
2018-08-16 10:02:28,99.8400,47
2018-08-16 10:02:29,99.7900,9
2018-08-16 10:02:30,99.7900,9
2018-08-16 10:02:31,99.8400,1
2018-08-16 10:02:35,99.8400,1
2018-08-16 10:02:36,99.8400,56
2018-08-16 10:02:39,99.8800,27
2018-08-16 10:02:41,99.8500,26
2018-08-16 10:02:43,99.8300,44
2018-08-16 10:02:44,99.7900,59
2018-08-16 10:02:45,99.8700,26
2018-08-16 10:02:46,99.8900,10
2018-08-16 10:02:47,99.8900,10
2018-08-16 10:02:48,99.9100,61
2018-08-16 10:02:49,99.9100,1
2018-08-16 10:02:50,99.9100,1
2018-08-16 10:02:51,99.9100,1
2018-08-16 10:02:52,99.9100,1
2018-08-16 10:02:53,99.8800,23
2018-08-16 10:02:54,99.8800,86
2018-08-16 10:02:55,99.8800,86
2018-08-16 10:02:56,99.7900,1
2018-08-16 10:02:57,99.7900,1
2018-08-16 10:02:58,99.7900,1
2018-08-16 10:03:00,99.7900,1
2018-08-16 10:03:01,99.8300,14
2018-08-16 10:03:04,99.8300,83
2018-08-16 10:03:05,99.8300,83
2018-08-16 10:03:06,99.8300,14
2018-08-16 10:03:08,99.8300,14
2018-08-16 10:03:09,99.8300,14
2018-08-16 10:03:11,99.8300,14
2018-08-16 10:03:13,99.8300,14
2018-08-16 10:03:15,99.8300,14
2018-08-16 10:03:16,99.7900,14
2018-08-16 10:03:18,99.7900,14
2018-08-16 10:03:20,99.7900,8
2018-08-16 10:03:21,99.7900,8
2018-08-16 10:03:22,99.7900,4
2018-08-16 10:03:25,99.7900,4
2018-08-16 10:03:26,99.7900,4
2018-08-16 10:03:27,99.7600,21
2018-08-16 10:03:30,99.7900,50
2018-08-16 10:03:31,99.7900,5
2018-08-16 10:03:33,99.7900,5
2018-08-16 10:03:34,99.7900,3
2018-08-16 10:03:35,99.7900,3
2018-08-16 10:03:36,99.8600,4
2018-08-16 10:03:37,99.8600,4
2018-08-16 10:03:38,99.8600,4
2018-08-16 10:03:40,99.8600,4
2018-08-16 10:03:41,99.8600,4
2018-08-16 10:03:45,99.8600,4
2018-08-16 10:03:46,99.8600,4
2018-08-16 10:03:50,99.8000,83
2018-08-16 10:03:51,99.8600,15
2018-08-16 10:03:53,99.7900,46
2018-08-16 10:03:54,99.8200,11
2018-08-16 10:03:55,99.7800,29
2018-08-16 10:03:58,99.7800,80
2018-08-16 10:04:00,99.8600,91
2018-08-16 10:04:01,99.8600,91
2018-08-16 10:04:03,99.8600,91
2018-08-16 10:04:05,99.8600,14
2018-08-16 10:04:06,99.9000,27
2018-08-16 10:04:07,99.8900,16
2018-08-16 10:04:08,99.9000,6
2018-08-16 10:04:10,99.8900,59
2018-08-16 10:04:14,99.8900,59
2018-08-16 10:04:15,99.8900,59
2018-08-16 10:04:16,99.7600,9
2018-08-16 10:04:17,99.7100,18
2018-08-16 10:04:18,99.7100,18
2018-08-16 10:04:19,99.7000,2
2018-08-16 10:04:20,99.7000,2
2018-08-16 10:04:21,99.7700,3
2018-08-16 10:04:23,99.8000,3
2018-08-16 10:04:24,99.8000,85
2018-08-16 10:04:25,99.8000,85
2018-08-16 10:04:26,99.8000,3
2018-08-16 10:04:27,99.7800,4
2018-08-16 10:04:30,99.7700,90
2018-08-16 10:04:31,99.8000,7
2018-08-16 10:04:32,99.8000,7
2018-08-16 10:04:34,99.8000,97
2018-08-16 10:04:35,99.7700,7
2018-08-16 10:04:36,99.7100,31
2018-08-16 10:04:37,99.7400,2
2018-08-16 10:04:38,99.7400,2
2018-08-16 10:04:41,99.7700,4
2018-08-16 10:04:42,99.7700,16
2018-08-16 10:04:43,99.7700,16
2018-08-16 10:04:45,99.7700,16
2018-08-16 10:04:46,99.7900,4
2018-08-16 10:04:51,99.7900,4
2018-08-16 10:04:52,99.7400,28
2018-08-16 10:04:53,99.7400,28
2018-08-16 10:04:55,99.7400,28
2018-08-16 10:04:56,99.7500,13
2018-08-16 10:04:57,99.7400,43
2018-08-16 10:04:59,99.7100,88
2018-08-16 10:05:01,99.6300,38
2018-08-16 10:05:04,99.6300,38
2018-08-16 10:05:06,99.6300,38
2018-08-16 10:05:07,99.6300,12
2018-08-16 10:05:08,99.6300,12
2018-08-16 10:05:10,99.6800,38
2018-08-16 10:05:11,99.6300,103
2018-08-16 10:05:16,99.6700,8
2018-08-16 10:05:17,99.6700,7
2018-08-16 10:05:20,99.6700,7
2018-08-16 10:05:21,99.6900,52
2018-08-16 10:05:22,99.6900,27
2018-08-16 10:05:23,99.6800,8
2018-08-16 10:05:24,99.6300,8
2018-08-16 10:05:26,99.5700,52
2018-08-16 10:05:29,99.7400,11
2018-08-16 10:05:31,99.7400,11
2018-08-16 10:05:34,99.6300,51
2018-08-16 10:05:36,99.6300,17
2018-08-16 10:05:37,99.6700,54
2018-08-16 10:05:38,99.6700,54
2018-08-16 10:05:39,99.7400,2
2018-08-16 10:05:40,99.7400,2
2018-08-16 10:05:41,99.6300,7
2018-08-16 10:05:43,99.7300,70
2018-08-16 10:05:44,99.7100,119
2018-08-16 10:05:47,99.6700,3
2018-08-16 10:05:49,99.7000,35
2018-08-16 10:05:51,99.6800,26
2018-08-16 10:05:53,99.6700,60
2018-08-16 10:05:54,99.6700,60
2018-08-16 10:05:56,99.6700,29
2018-08-16 10:05:58,99.6700,1
2018-08-16 10:05:59,99.7300,96
2018-08-16 10:06:01,99.7300,96
2018-08-16 10:06:02,99.6800,25
2018-08-16 10:06:03,99.7400,46
2018-08-16 10:06:04,99.6300,21
2018-08-16 10:06:06,99.6300,21
2018-08-16 10:06:07,99.6300,21
2018-08-16 10:06:08,99.6300,4
2018-08-16 10:06:10,99.6300,66
2018-08-16 10:06:11,99.6300,66
2018-08-16 10:06:12,99.6200,55
2018-08-16 10:06:13,99.6200,55
2018-08-16 10:06:14,99.6200,55
2018-08-16 10:06:15,99.6200,91
2018-08-16 10:06:16,99.6600,30
2018-08-16 10:06:17,99.6100,81
2018-08-16 10:06:18,99.5900,38
2018-08-16 10:06:19,99.6200,3
2018-08-16 10:06:20,99.6200,3
2018-08-16 10:06:21,99.5900,40
2018-08-16 10:06:22,99.5800,60
2018-08-16 10:06:23,99.5800,60
2018-08-16 10:06:25,99.5800,60
2018-08-16 10:06:26,99.5800,37
2018-08-16 10:06:27,99.5900,1
2018-08-16 10:06:30,99.6300,19
2018-08-16 10:06:31,99.6000,41
2018-08-16 10:06:32,99.6000,76
2018-08-16 10:06:33,99.5800,63
2018-08-16 10:06:34,99.5800,63
2018-08-16 10:06:36,99.6000,53
2018-08-16 10:06:39,99.6500,26
2018-08-16 10:06:40,99.6500,26
2018-08-16 10:06:41,99.6500,26
2018-08-16 10:06:43,99.6500,26
2018-08-16 10:06:45,99.6900,12
2018-08-16 10:06:46,99.6000,1
2018-08-16 10:06:48,99.6000,1
2018-08-16 10:06:49,99.6200,9
2018-08-16 10:06:50,99.5800,32
2018-08-16 10:06:51,99.5700,1
2018-08-16 10:06:52,99.5600,2
2018-08-16 10:06:53,99.5300,28
2018-08-16 10:06:55,99.5300,28
2018-08-16 10:06:56,99.5700,1
2018-08-16 10:07:00,99.5700,1
2018-08-16 10:07:01,99.5300,3
2018-08-16 10:07:03,99.5300,3
2018-08-16 10:07:04,99.6100,59
2018-08-16 10:07:05,99.6200,48
2018-08-16 10:07:06,99.7400,3
2018-08-16 10:07:08,99.7400,3
2018-08-16 10:07:10,99.7400,3
2018-08-16 10:07:11,99.7400,3
2018-08-16 10:07:16,99.7400,3
2018-08-16 10:07:18,99.7400,3
2018-08-16 10:07:20,99.7400,3
2018-08-16 10:07:21,99.7400,3
2018-08-16 10:07:25,99.6800,129
2018-08-16 10:07:26,99.6800,6
2018-08-16 10:07:27,99.6800,50
2018-08-16 10:07:28,99.7700,44
2018-08-16 10:07:31,99.7700,44
2018-08-16 10:07:32,99.7700,52
2018-08-16 10:07:35,99.7700,52
2018-08-16 10:07:38,99.7700,52
2018-08-16 10:07:39,99.7700,52
2018-08-16 10:07:40,99.7700,52
2018-08-16 10:07:41,99.7700,52
2018-08-16 10:07:43,99.7700,52
2018-08-16 10:07:44,99.7700,52
2018-08-16 10:07:46,99.7600,31
2018-08-16 10:07:47,99.7400,31
2018-08-16 10:07:48,99.7600,94
2018-08-16 10:07:49,99.8100,18
2018-08-16 10:07:50,99.8100,60
2018-08-16 10:07:51,99.8100,60
2018-08-16 10:07:53,99.8100,60
2018-08-16 10:07:56,99.7300,22
2018-08-16 10:07:57,99.7200,35
2018-08-16 10:07:58,99.7200,7
2018-08-16 10:08:01,99.6800,47
2018-08-16 10:08:02,99.7000,3
2018-08-16 10:08:06,99.6700,23
2018-08-16 10:08:10,99.6700,23
2018-08-16 10:08:11,99.7000,22
2018-08-16 10:08:12,99.7000,56
2018-08-16 10:08:13,99.6700,3
2018-08-16 10:08:16,99.6500,13
2018-08-16 10:08:17,99.6400,13
2018-08-16 10:08:20,99.6400,13
2018-08-16 10:08:23,99.6500,9
2018-08-16 10:08:24,99.6500,16
2018-08-16 10:08:25,99.6600,18
2018-08-16 10:08:26,99.6600,18
2018-08-16 10:08:28,99.6600,10
2018-08-16 10:08:30,99.6600,28
2018-08-16 10:08:31,99.6600,28
2018-08-16 10:08:32,99.6100,75
2018-08-16 10:08:36,99.6100,75
2018-08-16 10:08:38,99.6100,75
2018-08-16 10:08:39,99.6100,75
2018-08-16 10:08:40,99.6100,75
2018-08-16 10:08:42,99.6100,75
2018-08-16 10:08:43,99.6100,75
2018-08-16 10:08:44,99.6500,40
2018-08-16 10:08:46,99.6100,22
2018-08-16 10:08:47,99.6100,40
2018-08-16 10:08:48,99.6300,6
2018-08-16 10:08:51,99.6100,8
2018-08-16 10:08:52,99.6100,10
2018-08-16 10:08:53,99.6100,56
2018-08-16 10:08:54,99.6100,32
2018-08-16 10:08:55,99.7200,68
2018-08-16 10:08:56,99.5800,25
2018-08-16 10:09:01,99.5800,25
2018-08-16 10:09:03,99.5800,25
2018-08-16 10:09:04,99.5400,51
2018-08-16 10:09:06,99.5200,10
2018-08-16 10:09:07,99.5300,11
2018-08-16 10:09:08,99.7000,26
2018-08-16 10:09:09,99.7000,26
2018-08-16 10:09:11,99.7000,26
2018-08-16 10:09:12,99.7000,26
2018-08-16 10:09:13,99.7000,26
2018-08-16 10:09:16,99.7000,26
2018-08-16 10:09:17,99.6000,1
2018-08-16 10:09:18,99.5200,35
2018-08-16 10:09:20,99.5200,35
2018-08-16 10:09:21,99.5200,35
2018-08-16 10:09:22,99.5200,35
2018-08-16 10:09:23,99.5200,35
2018-08-16 10:09:27,99.4700,10
2018-08-16 10:09:28,99.4700,10
2018-08-16 10:09:29,99.4700,10
2018-08-16 10:09:30,99.4700,10
2018-08-16 10:09:31,99.5000,94
2018-08-16 10:09:32,99.5000,19
2018-08-16 10:09:34,99.4900,19
2018-08-16 10:09:38,99.4700,88
2018-08-16 10:09:39,99.4700,21
2018-08-16 10:09:41,99.4700,21
2018-08-16 10:09:43,99.4700,21
2018-08-16 10:09:45,99.4700,21
2018-08-16 10:09:46,99.4700,21
2018-08-16 10:09:49,99.4700,21
2018-08-16 10:09:51,99.4700,21
2018-08-16 10:09:52,99.4900,13
2018-08-16 10:10:00,99.5400,34
2018-08-16 10:10:01,99.4600,14
2018-08-16 10:10:03,99.4300,149
2018-08-16 10:10:05,99.4600,42
2018-08-16 10:10:06,99.4600,44
2018-08-16 10:10:07,99.4400,16
2018-08-16 10:10:09,99.4600,33
2018-08-16 10:10:10,99.4700,16
2018-08-16 10:10:11,99.4700,16
2018-08-16 10:10:13,99.4400,24
2018-08-16 10:10:15,99.4400,24
2018-08-16 10:10:16,99.4400,24
2018-08-16 10:10:17,99.4700,4
2018-08-16 10:10:20,99.4700,4
2018-08-16 10:10:21,99.4700,4
2018-08-16 10:10:24,99.4700,4
2018-08-16 10:10:26,99.4700,4
2018-08-16 10:10:27,99.4600,48
2018-08-16 10:10:28,99.4900,23
2018-08-16 10:10:30,99.4200,63
2018-08-16 10:10:31,99.4200,63
2018-08-16 10:10:32,99.4200,63
2018-08-16 10:10:34,99.4900,24
2018-08-16 10:10:35,99.3600,12
2018-08-16 10:10:41,99.3600,12
2018-08-16 10:10:43,99.4400,65
2018-08-16 10:10:46,99.4900,2
2018-08-16 10:10:48,99.4900,2
2018-08-16 10:10:49,99.4400,135
2018-08-16 10:10:50,99.3900,155
2018-08-16 10:10:51,99.3900,155
2018-08-16 10:10:52,99.5300,33
2018-08-16 10:11:01,99.5300,33
2018-08-16 10:11:05,99.5300,33
2018-08-16 10:11:06,99.5300,33
2018-08-16 10:11:07,99.4500,17
2018-08-16 10:11:08,99.4500,17
2018-08-16 10:11:10,99.4300,96
2018-08-16 10:11:11,99.4500,82
2018-08-16 10:11:12,99.4400,2
2018-08-16 10:11:16,99.3700,31
2018-08-16 10:11:17,99.3700,16
2018-08-16 10:11:18,99.3600,6
2018-08-16 10:11:19,99.3400,7
2018-08-16 10:11:20,99.3500,28
2018-08-16 10:11:21,99.3500,15
2018-08-16 10:11:23,99.2800,82
2018-08-16 10:11:24,99.2800,96
2018-08-16 10:11:28,99.2800,96
2018-08-16 10:11:29,99.2800,96
2018-08-16 10:11:30,99.2800,96
2018-08-16 10:11:31,99.2800,139
2018-08-16 10:11:33,99.3500,26
2018-08-16 10:11:34,99.3900,17
2018-08-16 10:11:36,99.3900,17
2018-08-16 10:11:37,99.4200,18
2018-08-16 10:11:38,99.4200,18
2018-08-16 10:11:39,99.4200,18
2018-08-16 10:11:40,99.4200,18
2018-08-16 10:11:41,99.4200,18
2018-08-16 10:11:43,99.4200,4
2018-08-16 10:11:44,99.4200,4
2018-08-16 10:11:45,99.4200,1
2018-08-16 10:11:46,99.4000,4
2018-08-16 10:11:47,99.4600,96
2018-08-16 10:11:48,99.4000,45
2018-08-16 10:11:49,99.4000,30
2018-08-16 10:11:51,99.4000,30
2018-08-16 10:11:52,99.4000,30
2018-08-16 10:11:55,99.4000,30
2018-08-16 10:11:56,99.4000,30
2018-08-16 10:11:57,99.4000,30
2018-08-16 10:12:00,99.3500,17
2018-08-16 10:12:01,99.3500,84
2018-08-16 10:12:04,99.3100,106
2018-08-16 10:12:06,99.2700,8
2018-08-16 10:12:07,99.2500,4
2018-08-16 10:12:10,99.2500,4
2018-08-16 10:12:11,99.2500,4
2018-08-16 10:12:12,99.3200,7
2018-08-16 10:12:14,99.3200,7
2018-08-16 10:12:16,99.3000,7
2018-08-16 10:12:19,99.3100,5
2018-08-16 10:12:20,99.3500,54
2018-08-16 10:12:21,99.3500,54
2018-08-16 10:12:22,99.2500,28
2018-08-16 10:12:24,99.2400,29
2018-08-16 10:12:26,99.2400,29
2018-08-16 10:12:27,99.2600,4
2018-08-16 10:12:29,99.2600,4
2018-08-16 10:12:31,99.2600,69
2018-08-16 10:12:34,99.3300,43
2018-08-16 10:12:36,99.2500,33
2018-08-16 10:12:37,99.2500,33
2018-08-16 10:12:38,99.3400,37
2018-08-16 10:12:41,99.3400,37
2018-08-16 10:12:42,99.3400,10
2018-08-16 10:12:46,99.3400,10
2018-08-16 10:12:47,99.3000,26
2018-08-16 10:12:49,99.2500,47
2018-08-16 10:12:51,99.2900,2
2018-08-16 10:12:53,99.3100,1
2018-08-16 10:12:54,99.3400,75
2018-08-16 10:12:55,99.3400,75
2018-08-16 10:12:56,99.3600,55
2018-08-16 10:12:57,99.3400,51
2018-08-16 10:12:58,99.4500,15
2018-08-16 10:13:01,99.4100,30
2018-08-16 10:13:02,99.4100,57
2018-08-16 10:13:03,99.4100,85
2018-08-16 10:13:06,99.4600,59
2018-08-16 10:13:07,99.4000,12
2018-08-16 10:13:08,99.4300,23
2018-08-16 10:13:09,99.4300,23
2018-08-16 10:13:10,99.4600,62
2018-08-16 10:13:13,99.4700,38
2018-08-16 10:13:16,99.4700,38
2018-08-16 10:13:17,99.4700,38
2018-08-16 10:13:19,99.4100,14
2018-08-16 10:13:21,99.4100,11
2018-08-16 10:13:23,99.4100,11
2018-08-16 10:13:24,99.4100,11
2018-08-16 10:13:26,99.3900,17
2018-08-16 10:13:29,99.4200,17
2018-08-16 10:13:31,99.4200,17
2018-08-16 10:13:35,99.4200,17
2018-08-16 10:13:36,99.4200,17
2018-08-16 10:13:41,99.4700,7
2018-08-16 10:13:45,99.4700,22
2018-08-16 10:13:46,99.5000,21
2018-08-16 10:13:47,99.5000,21
2018-08-16 10:13:49,99.5000,21
2018-08-16 10:13:51,99.5000,21
2018-08-16 10:13:52,99.5000,1
2018-08-16 10:13:53,99.4400,3
2018-08-16 10:13:55,99.4400,3
2018-08-16 10:13:56,99.4400,3
2018-08-16 10:13:57,99.4700,9
2018-08-16 10:13:58,99.4700,9
2018-08-16 10:14:01,99.4600,81
2018-08-16 10:14:04,99.5300,9
2018-08-16 10:14:05,99.5800,14
2018-08-16 10:14:06,99.5800,90
2018-08-16 10:14:09,99.5500,40
2018-08-16 10:14:10,99.5500,40
2018-08-16 10:14:11,99.5500,40
2018-08-16 10:14:12,99.5500,40
2018-08-16 10:14:14,99.5500,40
2018-08-16 10:14:15,99.5100,26
2018-08-16 10:14:19,99.4700,42
2018-08-16 10:14:20,99.4700,42
2018-08-16 10:14:21,99.5200,12
2018-08-16 10:14:24,99.5500,141
2018-08-16 10:14:25,99.5500,41
2018-08-16 10:14:26,99.5500,103
2018-08-16 10:14:30,99.6000,9
2018-08-16 10:14:31,99.6000,9
2018-08-16 10:14:34,99.6000,28
2018-08-16 10:14:35,99.6000,28
2018-08-16 10:14:36,99.6300,5
2018-08-16 10:14:38,99.6300,5
2018-08-16 10:14:41,99.6300,5
2018-08-16 10:14:43,99.6300,5
2018-08-16 10:14:45,99.6300,5
2018-08-16 10:14:46,99.6500,77
2018-08-16 10:14:49,99.6500,77
2018-08-16 10:14:54,99.6500,77
2018-08-16 10:14:55,99.6500,77
2018-08-16 10:14:56,99.6500,77
2018-08-16 10:14:59,99.5800,19
2018-08-16 10:15:01,99.5800,27
2018-08-16 10:15:02,99.5500,28
2018-08-16 10:15:03,99.5300,29
2018-08-16 10:15:09,99.3900,33
2018-08-16 10:15:10,99.3900,33
2018-08-16 10:15:11,99.3900,33
2018-08-16 10:15:12,99.3900,33
2018-08-16 10:15:15,99.3900,33
2018-08-16 10:15:17,99.3900,33
2018-08-16 10:15:18,99.3900,33
2018-08-16 10:15:20,99.3900,33
2018-08-16 10:15:21,99.3900,33
2018-08-16 10:15:23,99.3900,33
2018-08-16 10:15:25,99.3900,33
2018-08-16 10:15:26,99.3900,33
2018-08-16 10:15:27,99.3900,33
2018-08-16 10:15:30,99.3900,33
2018-08-16 10:15:31,99.3900,33
2018-08-16 10:15:32,99.5200,24
2018-08-16 10:15:33,99.5100,42
2018-08-16 10:15:34,99.5100,42
2018-08-16 10:15:35,99.5100,42
2018-08-16 10:15:38,99.5900,12
2018-08-16 10:15:39,99.5900,12
2018-08-16 10:15:41,99.5900,12
2018-08-16 10:15:43,99.5800,43
2018-08-16 10:15:44,99.5800,43
2018-08-16 10:15:48,99.5800,43
2018-08-16 10:15:49,99.5800,43
2018-08-16 10:15:50,99.5800,43
2018-08-16 10:15:51,99.6100,28
2018-08-16 10:15:52,99.4400,12
2018-08-16 10:15:55,99.4300,102
2018-08-16 10:15:56,99.4300,20
2018-08-16 10:15:57,99.4500,97
2018-08-16 10:15:59,99.4500,97
2018-08-16 10:16:00,99.4500,97
2018-08-16 10:16:01,99.4500,24
2018-08-16 10:16:04,99.3900,10
2018-08-16 10:16:05,99.3900,10
2018-08-16 10:16:10,99.4900,18
2018-08-16 10:16:12,99.4900,18
2018-08-16 10:16:13,99.4900,18
2018-08-16 10:16:14,99.4900,18
2018-08-16 10:16:15,99.3900,15
2018-08-16 10:16:16,99.4100,67
2018-08-16 10:16:17,99.3900,3
2018-08-16 10:16:18,99.4400,64
2018-08-16 10:16:19,99.4900,14
2018-08-16 10:16:26,99.5700,48
2018-08-16 10:16:28,99.5700,48
2018-08-16 10:16:29,99.5700,48
2018-08-16 10:16:31,99.5700,48
2018-08-16 10:16:32,99.5700,48
2018-08-16 10:16:33,99.5400,68
2018-08-16 10:16:34,99.5100,6
2018-08-16 10:16:35,99.5100,6
2018-08-16 10:16:36,99.4900,97
2018-08-16 10:16:37,99.5400,104
2018-08-16 10:16:38,99.5400,104
2018-08-16 10:16:41,99.5100,11
2018-08-16 10:16:43,99.5100,11
2018-08-16 10:16:46,99.5100,11
2018-08-16 10:16:47,99.5000,6
2018-08-16 10:16:49,99.5100,36
2018-08-16 10:16:56,99.5100,19
2018-08-16 10:16:57,99.5100,5
2018-08-16 10:16:58,99.5400,59
2018-08-16 10:17:00,99.4900,19
2018-08-16 10:17:01,99.4400,20
2018-08-16 10:17:03,99.4400,20
2018-08-16 10:17:04,99.4400,20
2018-08-16 10:17:06,99.4400,20
2018-08-16 10:17:07,99.4400,20
2018-08-16 10:17:10,99.4400,20
2018-08-16 10:17:11,99.5300,7
2018-08-16 10:17:12,99.5300,62
2018-08-16 10:17:14,99.4800,21
2018-08-16 10:17:16,99.4800,21
2018-08-16 10:17:18,99.5200,33
2018-08-16 10:17:19,99.5200,27
2018-08-16 10:17:21,99.5600,32
2018-08-16 10:17:22,99.5500,26
2018-08-16 10:17:23,99.5300,14
2018-08-16 10:17:24,99.5300,14
2018-08-16 10:17:26,99.5300,24
2018-08-16 10:17:27,99.5300,27
2018-08-16 10:17:29,99.5600,145
2018-08-16 10:17:30,99.5600,145
2018-08-16 10:17:31,99.5600,145
2018-08-16 10:17:32,99.5500,69
2018-08-16 10:17:33,99.5400,13
2018-08-16 10:17:37,99.5100,5
2018-08-16 10:17:40,99.5100,5
2018-08-16 10:17:41,99.5100,5
2018-08-16 10:17:42,99.5100,5
2018-08-16 10:17:45,99.5100,5
2018-08-16 10:17:46,99.5300,38
2018-08-16 10:17:47,99.5500,34
2018-08-16 10:17:48,99.5500,5
2018-08-16 10:17:49,99.5000,41
2018-08-16 10:17:50,99.5600,30
2018-08-16 10:17:51,99.5600,50
2018-08-16 10:17:52,99.5300,36
2018-08-16 10:17:56,99.5400,29
2018-08-16 10:17:57,99.5700,28
2018-08-16 10:17:58,99.5700,28
2018-08-16 10:17:59,99.5700,28
2018-08-16 10:18:00,99.5400,8
2018-08-16 10:18:01,99.5400,40
2018-08-16 10:18:03,99.5100,26
2018-08-16 10:18:04,99.5100,26
2018-08-16 10:18:05,99.5100,33
2018-08-16 10:18:06,99.4800,45
2018-08-16 10:18:08,99.5300,26
2018-08-16 10:18:11,99.5300,26
2018-08-16 10:18:12,99.5300,28
2018-08-16 10:18:13,99.5600,84
2018-08-16 10:18:16,99.5400,31
2018-08-16 10:18:17,99.5400,31
2018-08-16 10:18:18,99.5400,31
2018-08-16 10:18:20,99.5400,31
2018-08-16 10:18:21,99.5600,10
2018-08-16 10:18:24,99.5600,51
2018-08-16 10:18:26,99.5600,21
2018-08-16 10:18:27,99.5700,10
2018-08-16 10:18:30,99.5700,10
2018-08-16 10:18:32,99.5700,10
2018-08-16 10:18:33,99.5700,10
2018-08-16 10:18:34,99.5700,10
2018-08-16 10:18:36,99.5700,10
2018-08-16 10:18:37,99.5800,22
2018-08-16 10:18:38,99.6000,11
2018-08-16 10:18:39,99.5700,51
2018-08-16 10:18:40,99.5400,11
2018-08-16 10:18:41,99.5400,11
2018-08-16 10:18:44,99.5100,45
2018-08-16 10:18:46,99.4700,14
2018-08-16 10:18:47,99.5400,12
2018-08-16 10:18:48,99.5500,48
2018-08-16 10:18:50,99.5400,48
2018-08-16 10:18:52,99.5400,48
2018-08-16 10:18:53,99.5500,38
2018-08-16 10:18:54,99.5500,38
2018-08-16 10:18:55,99.5500,38
2018-08-16 10:18:56,99.5200,3
2018-08-16 10:18:57,99.5300,3
2018-08-16 10:18:58,99.5000,15
2018-08-16 10:19:01,99.5200,8
2018-08-16 10:19:02,99.5200,8
2018-08-16 10:19:05,99.5200,49
2018-08-16 10:19:06,99.5200,5
2018-08-16 10:19:07,99.5800,22
2018-08-16 10:19:08,99.4700,30
2018-08-16 10:19:09,99.5100,79
2018-08-16 10:19:10,99.5100,56
2018-08-16 10:19:11,99.4700,12
2018-08-16 10:19:12,99.5100,76
2018-08-16 10:19:13,99.5200,48
2018-08-16 10:19:14,99.6000,23
2018-08-16 10:19:15,99.6000,20
2018-08-16 10:19:16,99.5900,29
2018-08-16 10:19:18,99.5700,53
2018-08-16 10:19:21,99.5900,106
2018-08-16 10:19:22,99.6000,41
2018-08-16 10:19:23,99.6100,6
2018-08-16 10:19:24,99.6100,6
2018-08-16 10:19:26,99.6100,6
2018-08-16 10:19:27,99.6100,6
2018-08-16 10:19:29,99.6100,12
2018-08-16 10:19:31,99.6100,12
2018-08-16 10:19:32,99.6100,12
2018-08-16 10:19:33,99.6300,19
2018-08-16 10:19:34,99.6300,19
2018-08-16 10:19:36,99.6300,19
2018-08-16 10:19:37,99.6300,19
2018-08-16 10:19:39,99.6300,19
2018-08-16 10:19:41,99.5700,118
2018-08-16 10:19:46,99.5700,118
2018-08-16 10:19:47,99.5700,118
2018-08-16 10:19:48,99.5700,118
2018-08-16 10:19:51,99.5700,118
2018-08-16 10:19:52,99.5900,33
2018-08-16 10:19:55,99.5700,64
2018-08-16 10:19:56,99.5600,29
2018-08-16 10:19:57,99.4700,16
2018-08-16 10:19:58,99.5200,44
2018-08-16 10:20:01,99.5200,18
2018-08-16 10:20:02,99.5700,27
2018-08-16 10:20:05,99.5700,74
2018-08-16 10:20:07,99.5500,20
2018-08-16 10:20:08,99.5700,20
2018-08-16 10:20:09,99.5700,20
2018-08-16 10:20:12,99.6300,27
2018-08-16 10:20:17,99.6300,27
2018-08-16 10:20:18,99.6300,27
2018-08-16 10:20:19,99.6200,68
2018-08-16 10:20:20,99.6200,68
2018-08-16 10:20:21,99.6000,93
2018-08-16 10:20:22,99.6400,26
2018-08-16 10:20:26,99.6000,26
2018-08-16 10:20:27,99.6000,26
2018-08-16 10:20:28,99.6300,46
2018-08-16 10:20:32,99.5800,75
2018-08-16 10:20:33,99.5800,75
2018-08-16 10:20:37,99.6400,58
2018-08-16 10:20:38,99.6300,47
2018-08-16 10:20:39,99.6300,47
2018-08-16 10:20:42,99.6300,9
2018-08-16 10:20:43,99.6400,9
2018-08-16 10:20:45,99.6400,40
2018-08-16 10:20:46,99.6000,58
2018-08-16 10:20:47,99.6000,42
2018-08-16 10:20:48,99.6000,52
2018-08-16 10:20:50,99.6000,52
2018-08-16 10:20:51,99.6000,7
2018-08-16 10:20:52,99.6000,8
2018-08-16 10:20:53,99.6700,8
2018-08-16 10:20:59,99.7700,9
2018-08-16 10:21:00,99.7700,47
2018-08-16 10:21:02,99.7700,47
2018-08-16 10:21:04,99.8400,3
2018-08-16 10:21:06,99.8400,3
2018-08-16 10:21:07,99.8400,3
2018-08-16 10:21:09,99.8400,3
2018-08-16 10:21:10,99.8400,3
2018-08-16 10:21:11,99.8400,3
2018-08-16 10:21:12,99.9000,15
2018-08-16 10:21:13,99.9000,15
2018-08-16 10:21:16,99.9000,15
2018-08-16 10:21:17,99.9000,15
2018-08-16 10:21:18,99.8400,22
2018-08-16 10:21:20,99.7900,7
2018-08-16 10:21:22,99.7900,7
2018-08-16 10:21:24,99.7900,7
2018-08-16 10:21:26,99.7900,7
2018-08-16 10:21:27,99.7900,7
2018-08-16 10:21:29,99.7900,7
2018-08-16 10:21:31,99.7900,7
2018-08-16 10:21:32,99.8400,52
2018-08-16 10:21:33,99.8200,6
2018-08-16 10:21:34,99.8200,71
2018-08-16 10:21:35,99.8700,95
2018-08-16 10:21:36,99.9000,47
2018-08-16 10:21:41,99.8600,22
2018-08-16 10:21:42,99.9000,19
2018-08-16 10:21:43,99.9000,19
2018-08-16 10:21:44,99.9000,19
2018-08-16 10:21:45,99.9000,19
2018-08-16 10:21:47,99.9000,19
2018-08-16 10:21:48,99.9000,19
2018-08-16 10:21:49,99.9000,71
2018-08-16 10:21:50,99.9000,71
2018-08-16 10:21:51,99.9000,71
2018-08-16 10:21:52,99.9000,71
2018-08-16 10:21:53,99.9000,71
2018-08-16 10:21:57,99.9000,71
2018-08-16 10:21:59,99.9000,18
2018-08-16 10:22:00,99.9000,60
2018-08-16 10:22:01,99.9100,126
2018-08-16 10:22:02,99.9000,16
2018-08-16 10:22:03,99.9000,16
2018-08-16 10:22:04,99.9000,16
2018-08-16 10:22:05,99.9000,34
2018-08-16 10:22:06,99.9300,2
2018-08-16 10:22:07,99.9400,36
2018-08-16 10:22:08,99.8900,9
2018-08-16 10:22:09,99.8900,9
2018-08-16 10:22:11,99.8900,9
2018-08-16 10:22:12,99.8200,31
2018-08-16 10:22:13,99.8200,31
2018-08-16 10:22:14,99.8200,31
2018-08-16 10:22:17,99.8200,31
2018-08-16 10:22:18,99.8100,17
2018-08-16 10:22:19,99.8100,48
2018-08-16 10:22:22,99.8000,2
2018-08-16 10:22:25,99.8000,2
2018-08-16 10:22:26,99.8000,2
2018-08-16 10:22:27,99.8000,2
2018-08-16 10:22:29,99.8500,46
2018-08-16 10:22:32,99.8400,12
2018-08-16 10:22:34,99.9200,32
2018-08-16 10:22:36,99.8000,95
2018-08-16 10:22:37,99.9100,26
2018-08-16 10:22:39,99.9200,69
2018-08-16 10:22:40,99.9200,69
2018-08-16 10:22:42,99.9200,69
2018-08-16 10:22:43,99.7900,41
2018-08-16 10:22:49,99.8300,60
2018-08-16 10:22:50,99.8200,12
2018-08-16 10:22:52,99.8200,12
2018-08-16 10:22:53,99.8200,12
2018-08-16 10:22:55,99.8200,12
2018-08-16 10:22:56,99.8200,12
2018-08-16 10:22:57,99.9000,12
2018-08-16 10:22:58,99.9000,12
2018-08-16 10:22:59,99.9000,24
2018-08-16 10:23:00,99.9000,24
2018-08-16 10:23:02,99.9000,24
2018-08-16 10:23:07,99.9000,24
2018-08-16 10:23:08,99.9000,24
2018-08-16 10:23:09,99.9000,24
2018-08-16 10:23:11,99.9000,24
2018-08-16 10:23:12,99.9000,24
2018-08-16 10:23:13,99.9000,24
2018-08-16 10:23:14,99.9000,42
2018-08-16 10:23:15,99.9000,16
2018-08-16 10:23:16,99.9000,27
2018-08-16 10:23:17,99.8600,67
2018-08-16 10:23:18,99.8400,67
2018-08-16 10:23:21,99.8700,65
2018-08-16 10:23:22,99.9000,51
2018-08-16 10:23:23,99.9100,51
2018-08-16 10:23:25,99.9100,51
2018-08-16 10:23:26,99.8200,79
2018-08-16 10:23:27,99.8100,53
2018-08-16 10:23:28,99.8100,53
2018-08-16 10:23:29,99.8300,75
2018-08-16 10:23:32,99.8100,37
2018-08-16 10:23:33,99.8100,37
2018-08-16 10:23:35,99.8100,37
2018-08-16 10:23:36,99.8100,37
2018-08-16 10:23:37,99.7600,4
2018-08-16 10:23:38,99.7600,4
2018-08-16 10:23:39,99.7600,4
2018-08-16 10:23:40,99.7600,4
2018-08-16 10:23:41,99.7600,4
2018-08-16 10:23:42,99.9000,4
2018-08-16 10:23:49,99.7700,4
2018-08-16 10:23:52,99.8500,47
2018-08-16 10:23:54,99.8600,47
2018-08-16 10:23:57,99.8600,47
2018-08-16 10:23:58,99.8600,47
2018-08-16 10:23:59,99.8100,35
2018-08-16 10:24:01,99.8100,35
2018-08-16 10:24:02,99.8100,35
2018-08-16 10:24:03,99.8400,69
2018-08-16 10:24:07,99.9000,35
2018-08-16 10:24:08,99.8600,31
2018-08-16 10:24:11,99.8600,24
2018-08-16 10:24:12,99.8700,7
2018-08-16 10:24:15,99.9000,12
2018-08-16 10:24:17,99.8600,7
2018-08-16 10:24:18,99.8300,7
2018-08-16 10:24:19,99.8600,122
2018-08-16 10:24:20,99.8600,14
2018-08-16 10:24:21,99.9400,39
2018-08-16 10:24:22,99.9400,39
2018-08-16 10:24:23,99.9400,39
2018-08-16 10:24:24,99.9500,18
2018-08-16 10:24:27,99.9500,18
2018-08-16 10:24:29,99.9400,14
2018-08-16 10:24:30,99.9400,14
2018-08-16 10:24:31,99.9400,14
2018-08-16 10:24:32,99.9700,16
2018-08-16 10:24:33,99.9700,16
2018-08-16 10:24:34,99.9700,16
2018-08-16 10:24:36,99.9700,16
2018-08-16 10:24:37,99.9700,16
2018-08-16 10:24:38,99.9700,16
2018-08-16 10:24:39,99.9700,16
2018-08-16 10:24:40,99.9600,102
2018-08-16 10:24:41,99.9700,18
2018-08-16 10:24:42,99.9700,18
2018-08-16 10:24:43,99.9700,18
2018-08-16 10:24:44,99.9700,18
2018-08-16 10:24:46,99.9700,35
2018-08-16 10:24:47,99.9700,35
2018-08-16 10:24:48,99.9700,35
2018-08-16 10:24:49,99.9700,35
2018-08-16 10:24:51,99.8800,105
2018-08-16 10:24:52,99.8800,105
2018-08-16 10:24:53,99.9600,5
2018-08-16 10:24:54,99.9600,15
2018-08-16 10:24:55,99.9600,15
2018-08-16 10:24:56,99.9600,15
2018-08-16 10:24:57,99.9600,15
2018-08-16 10:25:02,99.9200,28
2018-08-16 10:25:03,99.9100,2
2018-08-16 10:25:05,99.9100,2
2018-08-16 10:25:06,99.9100,79
2018-08-16 10:25:07,99.9100,63
2018-08-16 10:25:08,99.9000,33
2018-08-16 10:25:09,99.9000,5
2018-08-16 10:25:10,99.9300,127
2018-08-16 10:25:12,99.9300,9
2018-08-16 10:25:13,99.9400,9
2018-08-16 10:25:17,99.9400,9
2018-08-16 10:25:18,99.9400,9
2018-08-16 10:25:19,99.9400,38
2018-08-16 10:25:20,99.9200,24
2018-08-16 10:25:21,99.9200,24
2018-08-16 10:25:22,99.9400,27
2018-08-16 10:25:23,99.9600,104
2018-08-16 10:25:24,100.0700,5
2018-08-16 10:25:26,100.0700,5
2018-08-16 10:25:27,100.0700,5
2018-08-16 10:25:29,100.0700,5
2018-08-16 10:25:30,100.0700,5
2018-08-16 10:25:34,100.0400,31
2018-08-16 10:25:35,100.0400,31
2018-08-16 10:25:37,100.0500,9
2018-08-16 10:25:39,100.0500,9
2018-08-16 10:25:40,100.0500,9
2018-08-16 10:25:41,100.0300,10
2018-08-16 10:25:42,100.0200,112
2018-08-16 10:25:44,100.0700,23
2018-08-16 10:25:45,100.0700,23
2018-08-16 10:25:46,100.0700,6
2018-08-16 10:25:47,100.0600,14
2018-08-16 10:25:48,100.0600,31
2018-08-16 10:25:52,99.9900,18
2018-08-16 10:25:53,99.9900,27
2018-08-16 10:25:55,99.9300,13
2018-08-16 10:25:56,99.9300,42
2018-08-16 10:25:57,99.9300,42
2018-08-16 10:25:59,99.9300,42
2018-08-16 10:26:00,99.9300,60
2018-08-16 10:26:02,99.9800,27
2018-08-16 10:26:03,99.9800,27
2018-08-16 10:26:04,99.9800,27
2018-08-16 10:26:05,99.9800,27
2018-08-16 10:26:07,99.9800,27
2018-08-16 10:26:08,99.9400,27
2018-08-16 10:26:09,99.9800,6
2018-08-16 10:26:11,99.9000,10
2018-08-16 10:26:12,99.9000,10
2018-08-16 10:26:15,99.9000,10
2018-08-16 10:26:17,99.9000,10
2018-08-16 10:26:18,99.9400,18
2018-08-16 10:26:20,99.9300,9
2018-08-16 10:26:22,99.9000,28
2018-08-16 10:26:23,99.9000,28
2018-08-16 10:26:24,99.9500,32
2018-08-16 10:26:27,99.9500,32
2018-08-16 10:26:28,100.0200,35
2018-08-16 10:26:32,100.0200,35
2018-08-16 10:26:33,100.0200,35
2018-08-16 10:26:35,99.9500,19
2018-08-16 10:26:37,99.9000,75
2018-08-16 10:26:38,99.8900,61
2018-08-16 10:26:39,99.8800,85
2018-08-16 10:26:40,99.9900,76
2018-08-16 10:26:41,99.9900,76
2018-08-16 10:26:42,99.9900,76
2018-08-16 10:26:43,99.9900,76
2018-08-16 10:26:44,99.9900,11
2018-08-16 10:26:46,99.9900,56
2018-08-16 10:26:47,99.9900,56
2018-08-16 10:26:49,100.0100,12
2018-08-16 10:26:50,100.0100,12
2018-08-16 10:26:51,100.0100,12
2018-08-16 10:26:52,100.0100,12
2018-08-16 10:26:53,99.9900,12
2018-08-16 10:26:54,99.9900,12
2018-08-16 10:26:56,99.9700,32
2018-08-16 10:26:57,99.9700,32
2018-08-16 10:26:58,99.9000,35
2018-08-16 10:26:59,99.8800,10
2018-08-16 10:27:00,99.8600,81
2018-08-16 10:27:02,99.9200,38
2018-08-16 10:27:07,100.0200,30
2018-08-16 10:27:08,100.0500,11
2018-08-16 10:27:09,100.0500,11
2018-08-16 10:27:10,100.0500,107
2018-08-16 10:27:14,100.0500,66
2018-08-16 10:27:16,100.0200,62
2018-08-16 10:27:18,100.0200,62
2018-08-16 10:27:19,100.0200,62
2018-08-16 10:27:21,100.0200,8
2018-08-16 10:27:22,99.8600,19
2018-08-16 10:27:23,100.0700,95
2018-08-16 10:27:24,100.0700,95
2018-08-16 10:27:25,100.0700,95
2018-08-16 10:27:27,100.0700,56
2018-08-16 10:27:29,100.0700,1
2018-08-16 10:27:32,100.0700,66
2018-08-16 10:27:33,100.0700,8
2018-08-16 10:27:34,100.0500,71
2018-08-16 10:27:36,100.0500,71
2018-08-16 10:27:38,100.0500,71
2018-08-16 10:27:39,100.0600,20
2018-08-16 10:27:40,100.0600,6
2018-08-16 10:27:41,100.0500,11
2018-08-16 10:27:42,100.0500,11
2018-08-16 10:27:43,100.0200,2
2018-08-16 10:27:49,100.0200,113
2018-08-16 10:27:50,100.0400,92
2018-08-16 10:27:51,100.0500,24
2018-08-16 10:27:52,100.0500,24
2018-08-16 10:27:53,100.0500,42
2018-08-16 10:27:54,100.0500,42
2018-08-16 10:27:55,100.0800,33
2018-08-16 10:27:56,100.0900,20
2018-08-16 10:27:57,100.0900,20
2018-08-16 10:27:58,100.0800,167
2018-08-16 10:27:59,100.0800,23
2018-08-16 10:28:01,100.0800,23
2018-08-16 10:28:02,100.0800,21
2018-08-16 10:28:03,100.0700,23
2018-08-16 10:28:05,100.0600,23
2018-08-16 10:28:06,100.0700,25
2018-08-16 10:28:07,100.0700,23
2018-08-16 10:28:09,100.0700,23
2018-08-16 10:28:10,100.0700,23
2018-08-16 10:28:12,100.0700,30
2018-08-16 10:28:13,100.0500,32
2018-08-16 10:28:16,100.0500,86
2018-08-16 10:28:17,100.0700,61
2018-08-16 10:28:18,100.0800,33
2018-08-16 10:28:19,100.0800,33
2018-08-16 10:28:20,100.1000,30
2018-08-16 10:28:21,100.1000,30
2018-08-16 10:28:22,100.0800,69
2018-08-16 10:28:23,100.0800,64
2018-08-16 10:28:27,100.0700,30
2018-08-16 10:28:28,100.1000,22
2018-08-16 10:28:29,100.1200,75
2018-08-16 10:28:30,100.0700,47
2018-08-16 10:28:32,100.0400,93
2018-08-16 10:28:34,100.0400,93
2018-08-16 10:28:35,100.0400,93
2018-08-16 10:28:37,100.0400,93
2018-08-16 10:28:38,100.1200,14
2018-08-16 10:28:39,100.0600,39
2018-08-16 10:28:40,100.0600,39
2018-08-16 10:28:41,100.1100,12
2018-08-16 10:28:42,100.1100,9
2018-08-16 10:28:43,100.1100,49
2018-08-16 10:28:44,100.1100,49
2018-08-16 10:28:46,100.2000,26
2018-08-16 10:28:47,100.2000,26
2018-08-16 10:28:48,100.2000,26
2018-08-16 10:28:49,100.2000,26
2018-08-16 10:28:51,100.1200,61
2018-08-16 10:28:52,100.0900,38
2018-08-16 10:28:54,100.0900,38
2018-08-16 10:28:55,100.1100,56
2018-08-16 10:28:57,100.0900,14
2018-08-16 10:28:58,100.0900,25
2018-08-16 10:28:59,100.0900,25
2018-08-16 10:29:00,100.0900,25
2018-08-16 10:29:01,100.0900,25
2018-08-16 10:29:02,100.0900,25
2018-08-16 10:29:04,100.0900,25
2018-08-16 10:29:07,100.1900,21
2018-08-16 10:29:09,100.1900,21
2018-08-16 10:29:10,100.1900,21
2018-08-16 10:29:12,100.1900,21
2018-08-16 10:29:14,100.0900,35
2018-08-16 10:29:15,100.0700,84
2018-08-16 10:29:17,100.1000,8
2018-08-16 10:29:18,100.0900,36
2018-08-16 10:29:22,100.0900,21
2018-08-16 10:29:24,100.0700,33
2018-08-16 10:29:25,100.0300,30
2018-08-16 10:29:26,100.0300,30
2018-08-16 10:29:27,100.0300,30
2018-08-16 10:29:30,100.0300,30
2018-08-16 10:29:32,100.0300,30
2018-08-16 10:29:33,100.0300,30
2018-08-16 10:29:36,100.0300,30
2018-08-16 10:29:37,100.1000,20
2018-08-16 10:29:38,100.1000,20
2018-08-16 10:29:39,100.1000,20
2018-08-16 10:29:40,100.1000,20
2018-08-16 10:29:41,100.1000,20
2018-08-16 10:29:42,100.1000,20
2018-08-16 10:29:43,100.1000,20
2018-08-16 10:29:45,100.1500,7
2018-08-16 10:29:48,100.1100,63
2018-08-16 10:29:49,100.1100,36
2018-08-16 10:29:50,100.1000,63
2018-08-16 10:29:52,100.0300,62
2018-08-16 10:29:53,100.0300,62
2018-08-16 10:29:55,100.1000,78
2018-08-16 10:29:58,100.1000,78
2018-08-16 10:29:59,100.1000,78
2018-08-16 10:30:00,100.0600,20
2018-08-16 10:30:01,100.0600,20
2018-08-16 10:30:02,100.0800,108
2018-08-16 10:30:03,100.0700,36
2018-08-16 10:30:04,100.0700,36
2018-08-16 10:30:05,100.0700,4
2018-08-16 10:30:06,100.0700,4
2018-08-16 10:30:07,100.0600,16
2018-08-16 10:30:09,100.0500,5
2018-08-16 10:30:10,100.0500,44
2018-08-16 10:30:13,100.0500,44
2018-08-16 10:30:16,100.0500,44
2018-08-16 10:30:18,100.0600,15
2018-08-16 10:30:19,100.0600,15
2018-08-16 10:30:20,100.0600,21
2018-08-16 10:30:23,100.0900,13
2018-08-16 10:30:24,100.0400,12
2018-08-16 10:30:25,100.0400,12
2018-08-16 10:30:26,100.0300,16
2018-08-16 10:30:29,100.0300,41
2018-08-16 10:30:30,99.9400,37
2018-08-16 10:30:31,99.9400,37
2018-08-16 10:30:32,99.9400,37
2018-08-16 10:30:34,100.0200,29
2018-08-16 10:30:35,100.0200,29
2018-08-16 10:30:37,100.0700,37
2018-08-16 10:30:39,99.9900,5
2018-08-16 10:30:40,100.0200,3
2018-08-16 10:30:42,100.0100,68
2018-08-16 10:30:43,100.0000,55
2018-08-16 10:30:44,100.0400,53
2018-08-16 10:30:47,100.1000,39
2018-08-16 10:30:48,100.1000,39
2018-08-16 10:30:49,100.0700,4
2018-08-16 10:30:52,100.0600,16
2018-08-16 10:30:53,100.0600,16
2018-08-16 10:30:54,100.0600,16
2018-08-16 10:30:55,100.0800,44
2018-08-16 10:30:56,99.9900,55
2018-08-16 10:30:57,99.9500,70
2018-08-16 10:30:58,100.0200,2
2018-08-16 10:30:59,100.0200,2
2018-08-16 10:31:02,100.0200,2
2018-08-16 10:31:03,100.0500,17
2018-08-16 10:31:04,100.1000,33
2018-08-16 10:31:06,100.1000,11
2018-08-16 10:31:07,100.1000,11
2018-08-16 10:31:08,100.1000,12
2018-08-16 10:31:10,100.1000,38
2018-08-16 10:31:11,100.1400,19
2018-08-16 10:31:12,100.1500,91
2018-08-16 10:31:13,100.1300,2
2018-08-16 10:31:14,100.0800,59
2018-08-16 10:31:15,100.0800,59
2018-08-16 10:31:17,100.0800,59
2018-08-16 10:31:18,100.0800,59
2018-08-16 10:31:19,100.0800,2
2018-08-16 10:31:22,100.0900,11
2018-08-16 10:31:23,100.0900,11
2018-08-16 10:31:24,100.0800,39
2018-08-16 10:31:25,100.0200,7
2018-08-16 10:31:26,100.0200,7
2018-08-16 10:31:27,100.0900,19
2018-08-16 10:31:28,100.0900,19
2018-08-16 10:31:29,100.0600,12
2018-08-16 10:31:30,100.0400,83
2018-08-16 10:31:31,100.0200,11
2018-08-16 10:31:33,100.0200,11
2018-08-16 10:31:34,100.0400,14
2018-08-16 10:31:35,100.0400,80
2018-08-16 10:31:37,100.1100,2
2018-08-16 10:31:38,100.0100,14
2018-08-16 10:31:39,100.0000,4
2018-08-16 10:31:40,99.9900,6
2018-08-16 10:31:42,99.9900,25
2018-08-16 10:31:43,100.0100,10
2018-08-16 10:31:45,100.0100,10
2018-08-16 10:31:46,100.0100,10
2018-08-16 10:31:48,100.0100,10
2018-08-16 10:31:49,99.8900,16
2018-08-16 10:31:50,100.0200,14
2018-08-16 10:31:52,100.0200,14
2018-08-16 10:31:53,100.0200,14
2018-08-16 10:31:54,99.9500,89
2018-08-16 10:31:56,99.9500,89
2018-08-16 10:31:57,100.0200,21
2018-08-16 10:31:58,100.0200,21
2018-08-16 10:32:00,100.0200,21
2018-08-16 10:32:01,100.0200,21
2018-08-16 10:32:02,100.0200,17
2018-08-16 10:32:04,99.9300,33
2018-08-16 10:32:06,99.9800,63
2018-08-16 10:32:07,99.9200,79
2018-08-16 10:32:08,99.8800,22
2018-08-16 10:32:09,99.8800,22
2018-08-16 10:32:11,99.8800,22
2018-08-16 10:32:12,99.8800,22
2018-08-16 10:32:14,99.8800,22
2018-08-16 10:32:17,99.8800,22
2018-08-16 10:32:18,99.8800,22
2018-08-16 10:32:19,99.8800,22
2018-08-16 10:32:20,99.8800,22
2018-08-16 10:32:21,99.8800,22
2018-08-16 10:32:22,99.8800,22
2018-08-16 10:32:23,99.9400,6
2018-08-16 10:32:24,99.9400,36
2018-08-16 10:32:25,99.9400,36
2018-08-16 10:32:26,99.9400,3
2018-08-16 10:32:27,99.8800,19
2018-08-16 10:32:29,99.8800,1
2018-08-16 10:32:31,99.8800,1
2018-08-16 10:32:33,99.8800,1
2018-08-16 10:32:37,99.9200,35
2018-08-16 10:32:39,99.9400,60
2018-08-16 10:32:40,99.9700,33
2018-08-16 10:32:42,99.9400,13
2018-08-16 10:32:43,99.9700,63
2018-08-16 10:32:46,99.9700,63
2018-08-16 10:32:47,99.9700,63
2018-08-16 10:32:52,99.9400,5
2018-08-16 10:32:53,99.9700,21
2018-08-16 10:32:54,99.9800,46
2018-08-16 10:32:55,99.9800,69
2018-08-16 10:32:56,100.0000,20
2018-08-16 10:32:57,100.0000,20
2018-08-16 10:32:58,100.0000,33
2018-08-16 10:32:59,100.0000,12
2018-08-16 10:33:00,100.0200,112
2018-08-16 10:33:01,100.0200,112
2018-08-16 10:33:02,100.0200,112
2018-08-16 10:33:03,100.0100,16
2018-08-16 10:33:06,99.9900,19
2018-08-16 10:33:08,99.9900,7
2018-08-16 10:33:09,99.9900,8
2018-08-16 10:33:12,99.9900,1
2018-08-16 10:33:13,99.9700,33
2018-08-16 10:33:14,99.9700,33
2018-08-16 10:33:16,99.9800,1
2018-08-16 10:33:18,99.9600,21
2018-08-16 10:33:20,99.9600,21
2018-08-16 10:33:21,99.9600,35
2018-08-16 10:33:22,99.9600,35
2018-08-16 10:33:25,99.9600,35
2018-08-16 10:33:27,99.9400,73
2018-08-16 10:33:28,99.9300,28
2018-08-16 10:33:30,99.9300,28
2018-08-16 10:33:31,99.9300,28
2018-08-16 10:33:33,99.9300,28
2018-08-16 10:33:36,99.8800,17
2018-08-16 10:33:37,99.8800,17
2018-08-16 10:33:38,99.9800,40
2018-08-16 10:33:39,99.9800,46
2018-08-16 10:33:40,99.9300,9
2018-08-16 10:33:41,99.9300,9
2018-08-16 10:33:44,99.9300,9
2018-08-16 10:33:48,99.9300,9
2018-08-16 10:33:49,99.9300,9
2018-08-16 10:33:50,99.8800,54
2018-08-16 10:33:56,99.9400,21
2018-08-16 10:33:59,99.9900,51
2018-08-16 10:34:01,99.9900,51
2018-08-16 10:34:02,99.9900,51
2018-08-16 10:34:03,99.9900,51
2018-08-16 10:34:04,99.9400,25
2018-08-16 10:34:05,99.9400,25
2018-08-16 10:34:07,99.9400,25
2018-08-16 10:34:08,99.9900,18
2018-08-16 10:34:12,99.9200,14
2018-08-16 10:34:13,99.9200,3
2018-08-16 10:34:15,99.9400,23
2018-08-16 10:34:17,99.9400,23
2018-08-16 10:34:18,99.9300,23
2018-08-16 10:34:20,99.8900,44
2018-08-16 10:34:21,99.8900,44
2018-08-16 10:34:22,99.8900,44
2018-08-16 10:34:23,99.8900,44
2018-08-16 10:34:26,99.9400,25
2018-08-16 10:34:27,99.8900,61
2018-08-16 10:34:28,99.8900,65
2018-08-16 10:34:29,99.9100,28
2018-08-16 10:34:30,99.9400,50
2018-08-16 10:34:32,100.0000,4
2018-08-16 10:34:33,100.0000,4
2018-08-16 10:34:34,100.0000,4
2018-08-16 10:34:35,99.9700,19
2018-08-16 10:34:36,99.9700,19
2018-08-16 10:34:38,99.9100,75
2018-08-16 10:34:39,99.8900,43
2018-08-16 10:34:40,99.8900,43
2018-08-16 10:34:41,99.8900,43
2018-08-16 10:34:42,99.8700,15
2018-08-16 10:34:43,99.8700,15
2018-08-16 10:34:44,99.8700,15
2018-08-16 10:34:46,99.8700,15
2018-08-16 10:34:47,99.8700,15
2018-08-16 10:34:48,99.8900,1
2018-08-16 10:34:50,99.9900,82
2018-08-16 10:34:51,99.9900,30
2018-08-16 10:34:52,100.0000,71
2018-08-16 10:34:55,100.0000,20
2018-08-16 10:34:56,100.0000,20
2018-08-16 10:34:57,99.9800,59
2018-08-16 10:34:59,99.9800,59
2018-08-16 10:35:01,99.9800,59
2018-08-16 10:35:02,99.9200,48
2018-08-16 10:35:03,99.9200,48
2018-08-16 10:35:08,99.9300,1
2018-08-16 10:35:11,99.9300,1
2018-08-16 10:35:12,99.9300,1
2018-08-16 10:35:13,99.9300,1
2018-08-16 10:35:15,99.9300,1
2018-08-16 10:35:16,99.9300,1
2018-08-16 10:35:17,99.9300,1
2018-08-16 10:35:18,99.9000,90
2018-08-16 10:35:19,99.9500,9
2018-08-16 10:35:20,99.9500,9
2018-08-16 10:35:21,99.9500,9
2018-08-16 10:35:22,99.9700,20
2018-08-16 10:35:24,100.0100,1
2018-08-16 10:35:27,100.0100,1
2018-08-16 10:35:28,100.0100,1
2018-08-16 10:35:29,99.9200,22
2018-08-16 10:35:31,99.9600,2
2018-08-16 10:35:32,99.9600,2
2018-08-16 10:35:33,99.9200,25
2018-08-16 10:35:34,99.9600,58
2018-08-16 10:35:36,99.9600,16
2018-08-16 10:35:37,99.9400,15
2018-08-16 10:35:38,99.9400,15
2018-08-16 10:35:39,99.9400,15
2018-08-16 10:35:40,99.9100,3
2018-08-16 10:35:41,99.8700,42
2018-08-16 10:35:42,99.8500,87
2018-08-16 10:35:44,99.8500,87
2018-08-16 10:35:47,99.8500,89
2018-08-16 10:35:49,99.8500,89
2018-08-16 10:35:52,99.8500,89
2018-08-16 10:35:53,99.8500,18
2018-08-16 10:35:56,99.8300,9
2018-08-16 10:35:57,99.9300,16
2018-08-16 10:35:58,99.9300,95
2018-08-16 10:35:59,99.8300,17
2018-08-16 10:36:03,100.0100,12
2018-08-16 10:36:05,100.0100,12
2018-08-16 10:36:06,100.0100,88
2018-08-16 10:36:07,100.0100,25
2018-08-16 10:36:08,100.0100,25
2018-08-16 10:36:09,100.0100,30
2018-08-16 10:36:10,100.0100,30
2018-08-16 10:36:11,100.0100,30
2018-08-16 10:36:12,100.0100,30
2018-08-16 10:36:15,100.0100,30
2018-08-16 10:36:16,100.0100,30
2018-08-16 10:36:18,99.9600,33
2018-08-16 10:36:19,99.8900,11
2018-08-16 10:36:20,99.8900,11
2018-08-16 10:36:21,99.8900,11
2018-08-16 10:36:23,99.9600,128
2018-08-16 10:36:24,99.9600,128
2018-08-16 10:36:25,99.9600,128
2018-08-16 10:36:27,99.9600,24
2018-08-16 10:36:29,100.0000,63
2018-08-16 10:36:30,99.8300,19
2018-08-16 10:36:32,99.8300,19
2018-08-16 10:36:37,99.8300,19
2018-08-16 10:36:39,99.9000,16
2018-08-16 10:36:41,99.9000,30
2018-08-16 10:36:42,99.9000,30
2018-08-16 10:36:44,100.0200,13
2018-08-16 10:36:45,100.0200,13
2018-08-16 10:36:46,100.0200,13
2018-08-16 10:36:48,100.0200,13
2018-08-16 10:36:49,99.9800,15
2018-08-16 10:36:50,100.0100,2
2018-08-16 10:36:51,99.9500,49
2018-08-16 10:36:52,100.0200,35
2018-08-16 10:36:53,99.9300,103
2018-08-16 10:36:54,99.9200,10
2018-08-16 10:36:55,99.9000,12
2018-08-16 10:36:56,99.9200,18
2018-08-16 10:36:57,99.9300,21
2018-08-16 10:36:58,99.9000,24
2018-08-16 10:36:59,99.8900,28
2018-08-16 10:37:01,99.8900,28
2018-08-16 10:37:03,100.0300,51
2018-08-16 10:37:04,100.0500,12
2018-08-16 10:37:06,100.0500,12
2018-08-16 10:37:07,100.0500,12
2018-08-16 10:37:11,100.0200,55
2018-08-16 10:37:14,100.0500,43
2018-08-16 10:37:15,100.0500,43
2018-08-16 10:37:16,100.0500,43
2018-08-16 10:37:17,100.0500,43
2018-08-16 10:37:18,100.0500,43
2018-08-16 10:37:19,100.0200,13
2018-08-16 10:37:20,100.0200,13
2018-08-16 10:37:21,100.0200,13
2018-08-16 10:37:22,100.0200,13
2018-08-16 10:37:23,100.0500,78
2018-08-16 10:37:24,100.0100,8
2018-08-16 10:37:25,100.0100,8
2018-08-16 10:37:26,100.0400,8
2018-08-16 10:37:27,100.0400,8
2018-08-16 10:37:28,100.0300,31
2018-08-16 10:37:29,100.0500,48
2018-08-16 10:37:33,100.0500,48
2018-08-16 10:37:34,100.0500,48
2018-08-16 10:37:35,100.0200,10
2018-08-16 10:37:36,100.0600,52
2018-08-16 10:37:38,100.0600,7
2018-08-16 10:37:40,100.0600,26
2018-08-16 10:37:43,100.0600,26
2018-08-16 10:37:44,100.0600,26
2018-08-16 10:37:47,99.9800,32
2018-08-16 10:37:48,99.9800,32
2018-08-16 10:37:49,99.9800,32
2018-08-16 10:37:51,99.9800,32
2018-08-16 10:37:53,99.9800,32
2018-08-16 10:37:54,100.0600,43
2018-08-16 10:37:57,100.0600,43
2018-08-16 10:37:58,100.0700,23
2018-08-16 10:37:59,100.0700,5
2018-08-16 10:38:01,100.0700,39
2018-08-16 10:38:03,100.0600,47
2018-08-16 10:38:04,100.0600,31
2018-08-16 10:38:08,100.0700,2
2018-08-16 10:38:09,100.0900,43
2018-08-16 10:38:11,100.0900,43
2018-08-16 10:38:12,100.0900,20
2018-08-16 10:38:13,100.0500,75
2018-08-16 10:38:14,100.0100,68
2018-08-16 10:38:15,100.0100,68
2018-08-16 10:38:16,100.0200,2
2018-08-16 10:38:18,99.9700,21
2018-08-16 10:38:19,99.9700,21
2018-08-16 10:38:21,100.0000,4
2018-08-16 10:38:23,99.9700,50
2018-08-16 10:38:24,99.9700,56
2018-08-16 10:38:26,99.9700,15
2018-08-16 10:38:27,99.9700,15
2018-08-16 10:38:28,99.9700,19
2018-08-16 10:38:29,99.9700,10
2018-08-16 10:38:30,99.9700,10
2018-08-16 10:38:31,99.9800,59
2018-08-16 10:38:32,99.9800,74
2018-08-16 10:38:34,99.9700,5
2018-08-16 10:38:36,99.9700,36
2018-08-16 10:38:37,99.9700,36
2018-08-16 10:38:38,100.0000,44
2018-08-16 10:38:39,100.0000,44
2018-08-16 10:38:40,100.0000,44
2018-08-16 10:38:41,100.0000,18
2018-08-16 10:38:43,99.9900,18
2018-08-16 10:38:45,99.9900,54
2018-08-16 10:38:48,100.0200,30
2018-08-16 10:38:49,99.9700,18
2018-08-16 10:38:50,100.0200,18
2018-08-16 10:38:51,99.9400,11
2018-08-16 10:38:52,100.0200,18
2018-08-16 10:38:54,100.0400,39
2018-08-16 10:38:57,100.0400,15
2018-08-16 10:38:58,100.0600,35
2018-08-16 10:38:59,100.0600,35
2018-08-16 10:39:00,99.9500,58
2018-08-16 10:39:02,99.9500,58
2018-08-16 10:39:03,99.9400,8
2018-08-16 10:39:05,99.9400,1
2018-08-16 10:39:06,99.9500,8
2018-08-16 10:39:07,99.9700,18
2018-08-16 10:39:08,99.9700,18
2018-08-16 10:39:09,99.9100,8
2018-08-16 10:39:10,99.9400,41
2018-08-16 10:39:12,99.9400,80
2018-08-16 10:39:13,99.9100,39
2018-08-16 10:39:14,99.9100,131
2018-08-16 10:39:15,99.8600,7
2018-08-16 10:39:17,99.9300,31
2018-08-16 10:39:18,99.9900,6
2018-08-16 10:39:19,99.9900,6
2018-08-16 10:39:21,99.9900,6
2018-08-16 10:39:22,99.9900,46
2018-08-16 10:39:24,99.9900,6
2018-08-16 10:39:25,99.9900,93
2018-08-16 10:39:26,99.9900,93
2018-08-16 10:39:28,99.9900,1
2018-08-16 10:39:29,99.9900,1
2018-08-16 10:39:34,100.0200,37
2018-08-16 10:39:37,100.0200,37
2018-08-16 10:39:38,100.0300,48
2018-08-16 10:39:40,100.0300,48
2018-08-16 10:39:41,100.0300,48
2018-08-16 10:39:43,100.0500,68
2018-08-16 10:39:44,100.0600,7
2018-08-16 10:39:47,100.0600,32
2018-08-16 10:39:48,100.0600,32
2018-08-16 10:39:49,100.0900,10
2018-08-16 10:39:50,100.0900,10
2018-08-16 10:39:53,100.0600,60
2018-08-16 10:39:54,100.0100,76
2018-08-16 10:39:55,100.0500,13
2018-08-16 10:39:57,100.0500,13
2018-08-16 10:39:58,100.0500,25
2018-08-16 10:40:01,100.0500,25
2018-08-16 10:40:02,100.0500,25
2018-08-16 10:40:04,100.0100,7
2018-08-16 10:40:05,100.0100,7
2018-08-16 10:40:06,100.0200,28
2018-08-16 10:40:07,99.9900,78
2018-08-16 10:40:11,99.9900,78
2018-08-16 10:40:12,99.9900,53
2018-08-16 10:40:13,99.9600,42
2018-08-16 10:40:14,99.9600,42
2018-08-16 10:40:15,99.9800,3
2018-08-16 10:40:16,100.0200,3
2018-08-16 10:40:18,100.1100,1
2018-08-16 10:40:19,100.1100,1
2018-08-16 10:40:20,100.1100,1
2018-08-16 10:40:22,100.1100,1
2018-08-16 10:40:23,100.1100,1
2018-08-16 10:40:24,100.1100,1
2018-08-16 10:40:25,100.0300,16
2018-08-16 10:40:26,100.0800,25
2018-08-16 10:40:27,100.0900,23
2018-08-16 10:40:28,100.0900,23
2018-08-16 10:40:30,100.0900,23
2018-08-16 10:40:31,99.9900,35
2018-08-16 10:40:33,99.9600,5
2018-08-16 10:40:34,99.9500,69
2018-08-16 10:40:35,99.9500,69
2018-08-16 10:40:36,99.9500,69
2018-08-16 10:40:38,99.9500,69
2018-08-16 10:40:39,100.0000,1
2018-08-16 10:40:41,100.0000,1
2018-08-16 10:40:42,99.9800,29
2018-08-16 10:40:44,99.9500,11
2018-08-16 10:40:46,99.9300,11
2018-08-16 10:40:47,99.8400,43
2018-08-16 10:40:50,99.8700,17
2018-08-16 10:40:51,99.8400,45
2018-08-16 10:40:52,99.8400,45
2018-08-16 10:40:53,99.8100,29
2018-08-16 10:40:54,99.8100,19
2018-08-16 10:40:55,99.7400,9
2018-08-16 10:40:56,99.6500,84
2018-08-16 10:40:57,99.6500,14
2018-08-16 10:40:58,99.6100,1
2018-08-16 10:41:00,99.6200,45
2018-08-16 10:41:01,99.6200,1
2018-08-16 10:41:03,99.6200,1
2018-08-16 10:41:04,99.6200,1
2018-08-16 10:41:05,99.6200,1
2018-08-16 10:41:08,99.5900,13
2018-08-16 10:41:11,99.5500,65
2018-08-16 10:41:13,99.5500,65
2018-08-16 10:41:14,99.5500,65
2018-08-16 10:41:15,99.5200,20
2018-08-16 10:41:16,99.5200,24
2018-08-16 10:41:18,99.5200,24
2018-08-16 10:41:19,99.5200,28
2018-08-16 10:41:21,99.5200,28
2018-08-16 10:41:22,99.5200,1
2018-08-16 10:41:23,99.5200,1
2018-08-16 10:41:24,99.4900,5
2018-08-16 10:41:26,99.4900,5
2018-08-16 10:41:28,99.4900,5
2018-08-16 10:41:31,99.5300,5
2018-08-16 10:41:32,99.5500,20
2018-08-16 10:41:33,99.5400,20
2018-08-16 10:41:34,99.5400,20
2018-08-16 10:41:35,99.5800,43
2018-08-16 10:41:36,99.5900,17
2018-08-16 10:41:37,99.5900,17
2018-08-16 10:41:38,99.5900,17
2018-08-16 10:41:39,99.5900,17
2018-08-16 10:41:40,99.6400,6
2018-08-16 10:41:41,99.6400,6
2018-08-16 10:41:42,99.6400,76
2018-08-16 10:41:43,99.6400,21
2018-08-16 10:41:45,99.6400,21
2018-08-16 10:41:46,99.6400,21
2018-08-16 10:41:48,99.6100,12
2018-08-16 10:41:49,99.6100,38
2018-08-16 10:41:50,99.6700,85
2018-08-16 10:41:51,99.6900,4
2018-08-16 10:41:52,99.6200,18
2018-08-16 10:41:53,99.5600,8
2018-08-16 10:41:54,99.5600,8
2018-08-16 10:41:55,99.6000,12
2018-08-16 10:41:56,99.6000,12
2018-08-16 10:41:58,99.6000,77
2018-08-16 10:41:59,99.6000,77
2018-08-16 10:42:00,99.6000,77
2018-08-16 10:42:01,99.6000,77
2018-08-16 10:42:02,99.6000,77
2018-08-16 10:42:03,99.6000,77
2018-08-16 10:42:04,99.6000,77
2018-08-16 10:42:06,99.6000,77
2018-08-16 10:42:09,99.5600,45
2018-08-16 10:42:11,99.5600,45
2018-08-16 10:42:13,99.5600,45
2018-08-16 10:42:15,99.5600,45
2018-08-16 10:42:17,99.5600,45
2018-08-16 10:42:18,99.6200,44
2018-08-16 10:42:19,99.6200,2
2018-08-16 10:42:20,99.5900,42
2018-08-16 10:42:23,99.5300,112
2018-08-16 10:42:24,99.5300,29
2018-08-16 10:42:25,99.5800,9
2018-08-16 10:42:29,99.7200,1
2018-08-16 10:42:31,99.6800,31
2018-08-16 10:42:32,99.6800,31
2018-08-16 10:42:33,99.6800,31
2018-08-16 10:42:34,99.6000,20
2018-08-16 10:42:35,99.6000,20
2018-08-16 10:42:36,99.5600,1
2018-08-16 10:42:38,99.5900,17
2018-08-16 10:42:40,99.6500,24
2018-08-16 10:42:41,99.5300,13
2018-08-16 10:42:43,99.5500,89
2018-08-16 10:42:44,99.6500,54
2018-08-16 10:42:45,99.6500,54
2018-08-16 10:42:48,99.6500,54
2018-08-16 10:42:49,99.6500,54
2018-08-16 10:42:52,99.6200,13
2018-08-16 10:42:53,99.6600,36
2018-08-16 10:42:54,99.6600,8
2018-08-16 10:42:55,99.6600,8
2018-08-16 10:42:57,99.6600,8
2018-08-16 10:42:58,99.6600,10
2018-08-16 10:43:00,99.6800,10
2018-08-16 10:43:02,99.6800,10
2018-08-16 10:43:03,99.7000,79
2018-08-16 10:43:04,99.7000,14
2018-08-16 10:43:05,99.7200,74
2018-08-16 10:43:06,99.7200,35
2018-08-16 10:43:08,99.7200,19
2018-08-16 10:43:09,99.7200,61
2018-08-16 10:43:11,99.7200,35
2018-08-16 10:43:14,99.7200,35
2018-08-16 10:43:16,99.6800,21
2018-08-16 10:43:18,99.7200,31
2018-08-16 10:43:19,99.7600,57
2018-08-16 10:43:21,99.7700,3
2018-08-16 10:43:22,99.7000,13
2018-08-16 10:43:24,99.7000,13
2018-08-16 10:43:26,99.7300,24
2018-08-16 10:43:29,99.7700,3
2018-08-16 10:43:31,99.7300,33
2018-08-16 10:43:32,99.7000,1
2018-08-16 10:43:33,99.6900,86
2018-08-16 10:43:35,99.5900,32
2018-08-16 10:43:36,99.5900,32
2018-08-16 10:43:37,99.5900,32
2018-08-16 10:43:38,99.5900,32
2018-08-16 10:43:39,99.6400,47
2018-08-16 10:43:40,99.6700,66
2018-08-16 10:43:41,99.6100,48
2018-08-16 10:43:42,99.6100,48
2018-08-16 10:43:43,99.6100,33
2018-08-16 10:43:44,99.6100,33
2018-08-16 10:43:45,99.6100,33
2018-08-16 10:43:46,99.6700,17
2018-08-16 10:43:47,99.6700,17
2018-08-16 10:43:48,99.6700,17
2018-08-16 10:43:49,99.7500,118
2018-08-16 10:43:50,99.7500,118
2018-08-16 10:43:53,99.7500,118
2018-08-16 10:43:54,99.7300,32
2018-08-16 10:43:55,99.8100,4
2018-08-16 10:43:56,99.8500,7
2018-08-16 10:43:57,99.9000,28
2018-08-16 10:43:58,99.8400,53
2018-08-16 10:44:00,99.8400,53
2018-08-16 10:44:04,99.8400,53
2018-08-16 10:44:06,99.7200,19
2018-08-16 10:44:07,99.7700,20
2018-08-16 10:44:08,99.7700,14
2018-08-16 10:44:10,99.7700,14
2018-08-16 10:44:11,99.7700,14
2018-08-16 10:44:13,99.7700,14
2018-08-16 10:44:14,99.7700,14
2018-08-16 10:44:15,99.7700,14
2018-08-16 10:44:16,99.7300,108
2018-08-16 10:44:17,99.7300,108
2018-08-16 10:44:18,99.7100,45
2018-08-16 10:44:19,99.7100,45
2018-08-16 10:44:20,99.7100,45
2018-08-16 10:44:21,99.7100,2
2018-08-16 10:44:22,99.7400,106
2018-08-16 10:44:23,99.7800,1
2018-08-16 10:44:24,99.7800,1
2018-08-16 10:44:25,99.7900,70
2018-08-16 10:44:26,99.8600,83
2018-08-16 10:44:27,99.8600,83
2018-08-16 10:44:28,99.8600,83
2018-08-16 10:44:30,99.8600,83
2018-08-16 10:44:31,99.7700,71
2018-08-16 10:44:33,99.7700,71
2018-08-16 10:44:34,99.7700,71
2018-08-16 10:44:36,99.7700,56
2018-08-16 10:44:37,99.7600,8
2018-08-16 10:44:38,99.7400,31
2018-08-16 10:44:39,99.7400,31
2018-08-16 10:44:41,99.6900,109
2018-08-16 10:44:43,99.7400,6
2018-08-16 10:44:45,99.7400,6
2018-08-16 10:44:46,99.7700,60
2018-08-16 10:44:47,99.7700,60
2018-08-16 10:44:48,99.8200,42
2018-08-16 10:44:50,99.8200,42
2018-08-16 10:44:51,99.8200,42
2018-08-16 10:44:53,99.7600,7
2018-08-16 10:44:54,99.7500,29
2018-08-16 10:44:56,99.7500,11
2018-08-16 10:44:57,99.7500,11
2018-08-16 10:44:58,99.7500,15
2018-08-16 10:44:59,99.7400,47
2018-08-16 10:45:00,99.7400,17
2018-08-16 10:45:01,99.7400,17
2018-08-16 10:45:02,99.7100,65
2018-08-16 10:45:03,99.7100,65
2018-08-16 10:45:04,99.7300,7
2018-08-16 10:45:06,99.6800,21
2018-08-16 10:45:08,99.6800,21
2018-08-16 10:45:09,99.6700,68
2018-08-16 10:45:11,99.6900,33
2018-08-16 10:45:12,99.8000,19
2018-08-16 10:45:13,99.8400,8
2018-08-16 10:45:14,99.8400,8
2018-08-16 10:45:15,99.8100,13
2018-08-16 10:45:16,99.8400,104
2018-08-16 10:45:18,99.8400,69
2018-08-16 10:45:19,99.8400,69
2018-08-16 10:45:21,99.7500,63
2018-08-16 10:45:23,99.7800,42
2018-08-16 10:45:24,99.8300,118
2018-08-16 10:45:26,99.7900,67
2018-08-16 10:45:27,99.7100,7
2018-08-16 10:45:28,99.7100,7
2018-08-16 10:45:29,99.7900,5
2018-08-16 10:45:30,99.7100,82
2018-08-16 10:45:31,99.7100,82
2018-08-16 10:45:33,99.7100,82
2018-08-16 10:45:34,99.7100,82
2018-08-16 10:45:36,99.7100,82
2018-08-16 10:45:38,99.7100,82
2018-08-16 10:45:39,99.8300,21
2018-08-16 10:45:40,99.8300,21
2018-08-16 10:45:43,99.8300,21
2018-08-16 10:45:44,99.8300,21
2018-08-16 10:45:45,99.8300,21
2018-08-16 10:45:47,99.8300,21
2018-08-16 10:45:50,99.8300,94
2018-08-16 10:45:56,99.8500,7
2018-08-16 10:45:57,99.8500,7
2018-08-16 10:46:04,99.8000,13
2018-08-16 10:46:05,99.8500,8
2018-08-16 10:46:06,99.8500,10
2018-08-16 10:46:09,99.8500,10
2018-08-16 10:46:10,99.8500,10
2018-08-16 10:46:11,99.8500,10
2018-08-16 10:46:12,99.8500,10
2018-08-16 10:46:14,99.8500,10
2018-08-16 10:46:16,99.7700,33
2018-08-16 10:46:17,99.8100,27
2018-08-16 10:46:19,99.8100,37
2018-08-16 10:46:20,99.7600,62
2018-08-16 10:46:22,99.8100,64
2018-08-16 10:46:24,99.8100,64
2018-08-16 10:46:26,99.8100,64
2018-08-16 10:46:28,99.7900,8
2018-08-16 10:46:29,99.8000,8
2018-08-16 10:46:31,99.8100,8
2018-08-16 10:46:35,99.8500,79
2018-08-16 10:46:36,99.8800,113
2018-08-16 10:46:37,99.8900,18
2018-08-16 10:46:38,99.8800,19
2018-08-16 10:46:39,99.9100,107
2018-08-16 10:46:40,99.9100,107
2018-08-16 10:46:41,99.8300,20
2018-08-16 10:46:46,99.8000,142
2018-08-16 10:46:48,99.7900,23
2018-08-16 10:46:50,99.7900,17
2018-08-16 10:46:51,99.7900,17
2018-08-16 10:46:52,99.8000,23
2018-08-16 10:46:53,99.8000,23
2018-08-16 10:46:55,99.8200,47
2018-08-16 10:46:57,99.8400,57
2018-08-16 10:46:58,99.8400,3
2018-08-16 10:46:59,99.8300,16
2018-08-16 10:47:01,99.7900,121
2018-08-16 10:47:02,99.7300,54
2018-08-16 10:47:03,99.6800,32
2018-08-16 10:47:04,99.6800,32
2018-08-16 10:47:06,99.7200,29
2018-08-16 10:47:10,99.7200,29
2018-08-16 10:47:11,99.7000,5
2018-08-16 10:47:13,99.7000,60
2018-08-16 10:47:15,99.6700,83
2018-08-16 10:47:16,99.6700,24
2018-08-16 10:47:17,99.6600,14
2018-08-16 10:47:20,99.6600,14
2018-08-16 10:47:21,99.6600,14
2018-08-16 10:47:22,99.6900,54
2018-08-16 10:47:26,99.6900,26
2018-08-16 10:47:27,99.6900,26
2018-08-16 10:47:28,99.6900,26
2018-08-16 10:47:29,99.6900,26
2018-08-16 10:47:30,99.6800,3
2018-08-16 10:47:31,99.6500,3
2018-08-16 10:47:33,99.6500,3
2018-08-16 10:47:34,99.6500,3
2018-08-16 10:47:36,99.6500,3
2018-08-16 10:47:37,99.6500,3
2018-08-16 10:47:41,99.6700,6
2018-08-16 10:47:42,99.6500,68
2018-08-16 10:47:43,99.6100,19
2018-08-16 10:47:44,99.6000,1
2018-08-16 10:47:46,99.6000,104
2018-08-16 10:47:47,99.6000,104
2018-08-16 10:47:48,99.6300,27
2018-08-16 10:47:49,99.5900,24
2018-08-16 10:47:51,99.5800,52
2018-08-16 10:47:54,99.5800,52
2018-08-16 10:47:56,99.6000,12
2018-08-16 10:47:58,99.6000,52
2018-08-16 10:47:59,99.6400,38
2018-08-16 10:48:00,99.5800,31
2018-08-16 10:48:01,99.5200,31
2018-08-16 10:48:02,99.5200,31
2018-08-16 10:48:03,99.6500,72
2018-08-16 10:48:04,99.6500,72
2018-08-16 10:48:05,99.6500,72
2018-08-16 10:48:06,99.6500,72
2018-08-16 10:48:07,99.6300,6
2018-08-16 10:48:08,99.6300,6
2018-08-16 10:48:10,99.6300,62
2018-08-16 10:48:11,99.6300,61
2018-08-16 10:48:13,99.6500,11
2018-08-16 10:48:15,99.6600,18
2018-08-16 10:48:18,99.6400,66
2018-08-16 10:48:21,99.6400,25
2018-08-16 10:48:22,99.6400,25
2018-08-16 10:48:24,99.6400,25
2018-08-16 10:48:25,99.6400,25
2018-08-16 10:48:26,99.6700,41
2018-08-16 10:48:27,99.6700,41
2018-08-16 10:48:28,99.6700,41
2018-08-16 10:48:29,99.6700,41
2018-08-16 10:48:30,99.6700,41
2018-08-16 10:48:31,99.6800,16
2018-08-16 10:48:33,99.6600,13
2018-08-16 10:48:36,99.6200,50
2018-08-16 10:48:38,99.6200,10
2018-08-16 10:48:39,99.6200,10
2018-08-16 10:48:41,99.6200,10
2018-08-16 10:48:42,99.6200,10
2018-08-16 10:48:43,99.6400,9
2018-08-16 10:48:45,99.6200,32
2018-08-16 10:48:46,99.6300,36
2018-08-16 10:48:47,99.6300,36
2018-08-16 10:48:48,99.6300,36
2018-08-16 10:48:49,99.6300,36
2018-08-16 10:48:50,99.6100,3
2018-08-16 10:48:51,99.5900,66
2018-08-16 10:48:53,99.5900,66
2018-08-16 10:48:55,99.6200,3
2018-08-16 10:48:58,99.5900,60
2018-08-16 10:48:59,99.5900,60
2018-08-16 10:49:01,99.6800,40
2018-08-16 10:49:02,99.6800,40
2018-08-16 10:49:04,99.6700,1
2018-08-16 10:49:05,99.7300,31
2018-08-16 10:49:08,99.6400,19
2018-08-16 10:49:09,99.6400,28
2018-08-16 10:49:12,99.7700,10
2018-08-16 10:49:13,99.7700,6
2018-08-16 10:49:14,99.7700,24
2018-08-16 10:49:15,99.8000,34
2018-08-16 10:49:19,99.8000,34
2018-08-16 10:49:20,99.7900,19
2018-08-16 10:49:22,99.8000,39
2018-08-16 10:49:23,99.8000,48
2018-08-16 10:49:24,99.8000,17
2018-08-16 10:49:28,99.8200,32
2018-08-16 10:49:29,99.7900,48
2018-08-16 10:49:32,99.7900,48
2018-08-16 10:49:33,99.7500,17
2018-08-16 10:49:35,99.7500,17
2018-08-16 10:49:36,99.7500,17
2018-08-16 10:49:37,99.7500,57
2018-08-16 10:49:38,99.7400,5
2018-08-16 10:49:39,99.7400,5
2018-08-16 10:49:43,99.7400,5
2018-08-16 10:49:44,99.7400,5
2018-08-16 10:49:47,99.7500,12
2018-08-16 10:49:48,99.8400,7
2018-08-16 10:49:49,99.7700,4
2018-08-16 10:49:54,99.7600,12
2018-08-16 10:49:56,99.7400,50
2018-08-16 10:49:58,99.8400,31
2018-08-16 10:50:00,99.8400,31
2018-08-16 10:50:02,99.8400,31
2018-08-16 10:50:04,99.8400,31
2018-08-16 10:50:05,99.8400,31
2018-08-16 10:50:08,99.7700,14
2018-08-16 10:50:09,99.7700,14
2018-08-16 10:50:10,99.8000,25
2018-08-16 10:50:12,99.8000,25
2018-08-16 10:50:13,99.7600,10
2018-08-16 10:50:14,99.7600,10
2018-08-16 10:50:16,99.7700,59
2018-08-16 10:50:17,99.7700,59
2018-08-16 10:50:20,99.7600,29
2018-08-16 10:50:21,99.7600,29
2018-08-16 10:50:22,99.7600,34
2018-08-16 10:50:23,99.7200,28
2018-08-16 10:50:25,99.7800,23
2018-08-16 10:50:26,99.7800,23
2018-08-16 10:50:27,99.7800,10
2018-08-16 10:50:28,99.7800,10
2018-08-16 10:50:29,99.7800,41
2018-08-16 10:50:31,99.7700,28
2018-08-16 10:50:32,99.7700,8
2018-08-16 10:50:33,99.7900,9
