timestamp,price,size
2018-08-16 09:30:21,99.8000,46
2018-08-16 09:30:25,99.8000,46
2018-08-16 09:30:28,99.8000,46
2018-08-16 09:30:29,99.7400,65
2018-08-16 09:30:30,99.7500,13
2018-08-16 09:30:32,99.7500,49
2018-08-16 09:30:33,99.7300,68
2018-08-16 09:30:34,99.7300,3
2018-08-16 09:30:35,99.7400,28
2018-08-16 09:30:36,99.7200,9
2018-08-16 09:30:37,99.6700,81
2018-08-16 09:30:38,99.6100,92
2018-08-16 09:30:43,99.6100,92
2018-08-16 09:30:46,99.4600,49
2018-08-16 09:30:48,99.4900,5
2018-08-16 09:30:49,99.4900,5
2018-08-16 09:30:50,99.4000,19
2018-08-16 09:30:52,99.4000,19
2018-08-16 09:30:55,99.4000,19
2018-08-16 09:30:57,99.3400,60
2018-08-16 09:30:58,99.4000,32
2018-08-16 09:30:59,99.4000,7
2018-08-16 09:31:00,99.4400,19
2018-08-16 09:31:04,99.4400,19
2018-08-16 09:31:05,99.4400,50
2018-08-16 09:31:07,99.5200,54
2018-08-16 09:31:08,99.6400,40
2018-08-16 09:31:09,99.6600,23
2018-08-16 09:31:12,99.6600,23
2018-08-16 09:31:14,99.5900,24
2018-08-16 09:31:17,99.5900,24
2018-08-16 09:31:18,99.5900,24
2018-08-16 09:31:19,99.6100,30
2018-08-16 09:31:25,99.6100,30
2018-08-16 09:31:26,99.5800,80
2018-08-16 09:31:27,99.5800,80
2018-08-16 09:31:30,99.5600,78
2018-08-16 09:31:31,99.5600,26
2018-08-16 09:31:32,99.5600,39
2018-08-16 09:31:33,99.5700,44
2018-08-16 09:31:34,99.5700,44
2018-08-16 09:31:36,99.5700,44
2018-08-16 09:31:40,99.5700,44
2018-08-16 09:31:41,99.6700,117
2018-08-16 09:31:42,99.6700,117
2018-08-16 09:31:45,99.6700,7
2018-08-16 09:31:46,99.6700,7
2018-08-16 09:31:47,99.6700,7
2018-08-16 09:31:48,99.5600,17
2018-08-16 09:31:52,99.5600,17
2018-08-16 09:31:56,99.5600,17
2018-08-16 09:31:57,99.6800,15
2018-08-16 09:31:58,99.6700,48
2018-08-16 09:32:01,99.6700,5
2018-08-16 09:32:02,99.6200,64
2018-08-16 09:32:04,99.6200,64
2018-08-16 09:32:05,99.6800,48
2018-08-16 09:32:06,99.6100,89
2018-08-16 09:32:07,99.6100,84
2018-08-16 09:32:11,99.6100,84
2018-08-16 09:32:12,99.6100,84
2018-08-16 09:32:14,99.6300,1
2018-08-16 09:32:21,99.6100,37
2018-08-16 09:32:23,99.5800,83
2018-08-16 09:32:24,99.5600,34
2018-08-16 09:32:27,99.5600,9
2018-08-16 09:32:30,99.5600,9
2018-08-16 09:32:31,99.5600,1
2018-08-16 09:32:32,99.5700,9
2018-08-16 09:32:33,99.6000,10
2018-08-16 09:32:34,99.5300,50
2018-08-16 09:32:36,99.5300,50
2018-08-16 09:32:37,99.4800,15
2018-08-16 09:32:38,99.4800,15
2018-08-16 09:32:40,99.4800,15
2018-08-16 09:32:41,99.4800,15
2018-08-16 09:32:42,99.4800,31
2018-08-16 09:32:45,99.5200,13
2018-08-16 09:32:46,99.5200,57
2018-08-16 09:32:47,99.4900,14
2018-08-16 09:32:52,99.5300,54
2018-08-16 09:32:53,99.5300,54
2018-08-16 09:32:54,99.5300,54
2018-08-16 09:32:57,99.5300,54
2018-08-16 09:32:58,99.5300,54
2018-08-16 09:32:59,99.5300,54
2018-08-16 09:33:01,99.5300,54
2018-08-16 09:33:03,99.5300,54
2018-08-16 09:33:04,99.5000,73
2018-08-16 09:33:05,99.5000,73
2018-08-16 09:33:07,99.5000,73
2018-08-16 09:33:11,99.5000,73
2018-08-16 09:33:12,99.5000,73
2018-08-16 09:33:13,99.3500,69
2018-08-16 09:33:17,99.3500,69
2018-08-16 09:33:18,99.4000,5
2018-08-16 09:33:19,99.3000,64
2018-08-16 09:33:20,99.3000,64
2018-08-16 09:33:21,99.3000,64
2018-08-16 09:33:22,99.2000,47
2018-08-16 09:33:24,99.2000,47
2018-08-16 09:33:25,99.2400,81
2018-08-16 09:33:26,99.2400,14
2018-08-16 09:33:27,99.3700,59
2018-08-16 09:33:28,99.3700,59
2018-08-16 09:33:34,99.3700,59
2018-08-16 09:33:36,99.3700,59
2018-08-16 09:33:39,99.3700,59
2018-08-16 09:33:40,99.3700,59
2018-08-16 09:33:42,99.3700,59
2018-08-16 09:33:43,99.3700,59
2018-08-16 09:33:45,99.3000,1
2018-08-16 09:33:47,99.3000,1
2018-08-16 09:33:49,99.2600,18
2018-08-16 09:33:50,99.2500,18
2018-08-16 09:33:51,99.2300,17
2018-08-16 09:33:52,99.2300,17
2018-08-16 09:33:55,99.2300,17
2018-08-16 09:33:56,99.2300,17
2018-08-16 09:33:57,99.2300,33
2018-08-16 09:33:58,99.2300,57
2018-08-16 09:34:02,99.2900,8
2018-08-16 09:34:03,99.2600,17
2018-08-16 09:34:05,99.2900,31
2018-08-16 09:34:07,99.2600,21
2018-08-16 09:34:08,99.3300,23
2018-08-16 09:34:10,99.2600,12
2018-08-16 09:34:12,99.2300,8
2018-08-16 09:34:13,99.2300,3
2018-08-16 09:34:15,99.2300,3
2018-08-16 09:34:17,99.3000,42
2018-08-16 09:34:18,99.2100,48
2018-08-16 09:34:19,99.2100,48
2018-08-16 09:34:20,99.2100,48
2018-08-16 09:34:24,99.2200,10
2018-08-16 09:34:26,99.2400,26
2018-08-16 09:34:29,99.2400,26
2018-08-16 09:34:30,99.2800,53
2018-08-16 09:34:32,99.2600,82
2018-08-16 09:34:34,99.2100,13
2018-08-16 09:34:35,99.1900,19
2018-08-16 09:34:36,99.1900,19
2018-08-16 09:34:37,99.1900,19
2018-08-16 09:34:38,99.1900,113
2018-08-16 09:34:40,99.1900,113
2018-08-16 09:34:41,99.1900,113
2018-08-16 09:34:42,99.1900,113
2018-08-16 09:34:44,99.1900,16
2018-08-16 09:34:46,99.1900,16
2018-08-16 09:34:47,99.2300,50
2018-08-16 09:34:48,99.2300,5
2018-08-16 09:34:49,99.4000,6
2018-08-16 09:34:52,99.3000,64
2018-08-16 09:34:54,99.3000,64
2018-08-16 09:34:56,99.2200,103
2018-08-16 09:34:57,99.3000,76
2018-08-16 09:34:58,99.3000,76
2018-08-16 09:34:59,99.3000,76
2018-08-16 09:35:01,99.3300,30
2018-08-16 09:35:02,99.3200,46
2018-08-16 09:35:05,99.3700,6
2018-08-16 09:35:06,99.3200,5
2018-08-16 09:35:07,99.3200,5
2018-08-16 09:35:08,99.3900,38
2018-08-16 09:35:11,99.3000,17
2018-08-16 09:35:12,99.2100,33
2018-08-16 09:35:14,99.2100,33
2018-08-16 09:35:16,99.2100,33
2018-08-16 09:35:17,99.2100,33
2018-08-16 09:35:21,99.2700,18
2018-08-16 09:35:22,99.2200,1
2018-08-16 09:35:23,99.2200,1
2018-08-16 09:35:24,99.2200,1
2018-08-16 09:35:26,99.2600,10
2018-08-16 09:35:27,99.3400,1
2018-08-16 09:35:28,99.3400,1
2018-08-16 09:35:30,99.3400,1
2018-08-16 09:35:32,99.2300,73
2018-08-16 09:35:35,99.3200,13
2018-08-16 09:35:37,99.3200,10
2018-08-16 09:35:38,99.3000,26
2018-08-16 09:35:42,99.3000,26
2018-08-16 09:35:43,99.3000,33
2018-08-16 09:35:46,99.2800,47
2018-08-16 09:35:47,99.2100,10
2018-08-16 09:35:48,99.2200,24
2018-08-16 09:35:50,99.2200,24
2018-08-16 09:35:52,99.2200,14
2018-08-16 09:35:53,99.2200,14
2018-08-16 09:35:54,99.2200,14
2018-08-16 09:35:57,99.2100,1
2018-08-16 09:35:59,99.2500,36
2018-08-16 09:36:01,99.2500,36
2018-08-16 09:36:02,99.2500,35
2018-08-16 09:36:04,99.2500,10
2018-08-16 09:36:05,99.1800,42
2018-08-16 09:36:06,99.1800,42
2018-08-16 09:36:07,99.1800,42
2018-08-16 09:36:08,99.2600,4
2018-08-16 09:36:09,99.2600,52
2018-08-16 09:36:10,99.2600,52
2018-08-16 09:36:12,99.1700,56
2018-08-16 09:36:14,99.1700,56
2018-08-16 09:36:15,99.1700,56
2018-08-16 09:36:17,99.1700,56
2018-08-16 09:36:18,99.1700,56
2018-08-16 09:36:20,99.1700,56
2018-08-16 09:36:21,99.2200,21
2018-08-16 09:36:22,99.1700,20
2018-08-16 09:36:24,99.2000,30
2018-08-16 09:36:25,99.2200,92
2018-08-16 09:36:26,99.1900,28
2018-08-16 09:36:27,99.1900,28
2018-08-16 09:36:31,99.3000,11
2018-08-16 09:36:32,99.3000,11
2018-08-16 09:36:33,99.2700,38
2018-08-16 09:36:34,99.2700,38
2018-08-16 09:36:37,99.1400,59
2018-08-16 09:36:39,99.1400,7
2018-08-16 09:36:40,99.1400,7
2018-08-16 09:36:41,99.1400,7
2018-08-16 09:36:42,99.1700,20
2018-08-16 09:36:44,99.1700,20
2018-08-16 09:36:46,99.1700,17
2018-08-16 09:36:47,99.1700,17
2018-08-16 09:36:48,99.2100,25
2018-08-16 09:36:50,99.2100,25
2018-08-16 09:36:52,99.1700,7
2018-08-16 09:36:53,99.1700,7
2018-08-16 09:36:54,99.1700,7
2018-08-16 09:36:55,99.1700,7
2018-08-16 09:36:56,99.2100,41
2018-08-16 09:36:57,99.2100,41
2018-08-16 09:36:59,99.2500,22
2018-08-16 09:37:00,99.2500,62
2018-08-16 09:37:01,99.2100,30
2018-08-16 09:37:02,99.2100,30
2018-08-16 09:37:03,99.2100,30
2018-08-16 09:37:04,99.2100,30
2018-08-16 09:37:05,99.2600,20
2018-08-16 09:37:06,99.2600,36
2018-08-16 09:37:07,99.2600,36
2018-08-16 09:37:08,99.3100,30
2018-08-16 09:37:09,99.3200,123
2018-08-16 09:37:12,99.2300,62
2018-08-16 09:37:13,99.2500,27
2018-08-16 09:37:14,99.3500,20
2018-08-16 09:37:17,99.3500,20
2018-08-16 09:37:20,99.3500,80
2018-08-16 09:37:22,99.3300,79
2018-08-16 09:37:24,99.3300,79
2018-08-16 09:37:26,99.2800,24
2018-08-16 09:37:27,99.2800,24
2018-08-16 09:37:29,99.2800,9
2018-08-16 09:37:30,99.2800,9
2018-08-16 09:37:32,99.3300,3
2018-08-16 09:37:35,99.3000,6
2018-08-16 09:37:36,99.3000,6
2018-08-16 09:37:37,99.3000,6
2018-08-16 09:37:39,99.2800,36
2018-08-16 09:37:40,99.3300,33
2018-08-16 09:37:43,99.3300,38
2018-08-16 09:37:46,99.3300,38
2018-08-16 09:37:47,99.3300,38
2018-08-16 09:37:48,99.3300,38
2018-08-16 09:37:49,99.3300,38
2018-08-16 09:37:50,99.3300,13
2018-08-16 09:37:51,99.2600,45
2018-08-16 09:37:52,99.2500,5
2018-08-16 09:37:53,99.2500,5
2018-08-16 09:37:55,99.2500,5
2018-08-16 09:37:57,99.3500,94
2018-08-16 09:37:58,99.3700,15
2018-08-16 09:38:01,99.3700,15
2018-08-16 09:38:02,99.3700,15
2018-08-16 09:38:03,99.3700,15
2018-08-16 09:38:04,99.3500,14
2018-08-16 09:38:06,99.3500,14
2018-08-16 09:38:08,99.3500,14
2018-08-16 09:38:11,99.3500,14
2018-08-16 09:38:12,99.3700,68
2018-08-16 09:38:13,99.3700,24
2018-08-16 09:38:14,99.3300,35
2018-08-16 09:38:17,99.3600,29
2018-08-16 09:38:18,99.3600,29
2018-08-16 09:38:19,99.5000,34
2018-08-16 09:38:23,99.5000,34
2018-08-16 09:38:24,99.4500,46
2018-08-16 09:38:25,99.5300,20
2018-08-16 09:38:26,99.5300,60
2018-08-16 09:38:27,99.5000,38
2018-08-16 09:38:28,99.5300,10
2018-08-16 09:38:31,99.5300,10
2018-08-16 09:38:32,99.5300,10
2018-08-16 09:38:33,99.5200,30
2018-08-16 09:38:36,99.5000,153
2018-08-16 09:38:38,99.5400,22
2018-08-16 09:38:39,99.5400,22
2018-08-16 09:38:41,99.5400,22
2018-08-16 09:38:42,99.4900,31
2018-08-16 09:38:43,99.4900,2
2018-08-16 09:38:45,99.4900,2
2018-08-16 09:38:46,99.4700,12
2018-08-16 09:38:48,99.4900,13
2018-08-16 09:38:50,99.5400,4
2018-08-16 09:38:52,99.5400,4
2018-08-16 09:38:53,99.5400,59
2018-08-16 09:38:55,99.5400,59
2018-08-16 09:38:58,99.5400,10
2018-08-16 09:38:59,99.4900,12
2018-08-16 09:39:03,99.4900,12
2018-08-16 09:39:05,99.4800,65
2018-08-16 09:39:07,99.4900,66
2018-08-16 09:39:08,99.4900,66
2018-08-16 09:39:10,99.4900,66
2018-08-16 09:39:12,99.4900,66
2018-08-16 09:39:13,99.4900,66
2018-08-16 09:39:14,99.4700,8
2018-08-16 09:39:15,99.4700,8
2018-08-16 09:39:16,99.4700,8
2018-08-16 09:39:18,99.5500,33
2018-08-16 09:39:19,99.5000,2
2018-08-16 09:39:21,99.5500,37
2018-08-16 09:39:22,99.5500,37
2018-08-16 09:39:23,99.5500,37
2018-08-16 09:39:24,99.4900,2
2018-08-16 09:39:25,99.5900,64
2018-08-16 09:39:26,99.5900,64
2018-08-16 09:39:28,99.5900,64
2018-08-16 09:39:30,99.5900,64
2018-08-16 09:39:31,99.5900,64
2018-08-16 09:39:32,99.5200,107
2018-08-16 09:39:33,99.5900,9
2018-08-16 09:39:37,99.4900,36
2018-08-16 09:39:38,99.5800,18
2018-08-16 09:39:39,99.5800,18
2018-08-16 09:39:40,99.5800,18
2018-08-16 09:39:41,99.5800,18
2018-08-16 09:39:42,99.5800,11
2018-08-16 09:39:43,99.4700,27
2018-08-16 09:39:44,99.4700,27
2018-08-16 09:39:45,99.4700,27
2018-08-16 09:39:48,99.4700,27
2018-08-16 09:39:50,99.4700,27
2018-08-16 09:39:51,99.5100,42
2018-08-16 09:39:53,99.4700,53
2018-08-16 09:39:54,99.5100,4
2018-08-16 09:39:56,99.4400,35
2018-08-16 09:39:59,99.5800,21
2018-08-16 09:40:00,99.4400,79
2018-08-16 09:40:03,99.4400,79
2018-08-16 09:40:04,99.4300,25
2018-08-16 09:40:05,99.5700,90
2018-08-16 09:40:07,99.5700,19
2018-08-16 09:40:08,99.5700,87
2018-08-16 09:40:13,99.5700,44
2018-08-16 09:40:14,99.5500,44
2018-08-16 09:40:15,99.6000,10
2018-08-16 09:40:16,99.6000,10
2018-08-16 09:40:18,99.5900,33
2018-08-16 09:40:23,99.5900,26
2018-08-16 09:40:24,99.5400,55
2018-08-16 09:40:25,99.6000,18
2018-08-16 09:40:27,99.6000,18
2018-08-16 09:40:28,99.6400,23
2018-08-16 09:40:30,99.6400,19
2018-08-16 09:40:31,99.6500,21
2018-08-16 09:40:33,99.7000,10
2018-08-16 09:40:34,99.6200,17
2018-08-16 09:40:36,99.6200,17
2018-08-16 09:40:38,99.6700,34
2018-08-16 09:40:41,99.6700,34
2018-08-16 09:40:42,99.6700,31
2018-08-16 09:40:43,99.6700,31
2018-08-16 09:40:44,99.6700,31
2018-08-16 09:40:45,99.6700,31
2018-08-16 09:40:46,99.6800,83
2018-08-16 09:40:48,99.6800,83
2018-08-16 09:40:49,99.6300,6
2018-08-16 09:40:53,99.7200,50
2018-08-16 09:40:56,99.5400,40
2018-08-16 09:40:57,99.5400,40
2018-08-16 09:40:58,99.5500,28
2018-08-16 09:40:59,99.5400,17
2018-08-16 09:41:00,99.5400,17
2018-08-16 09:41:02,99.5400,17
2018-08-16 09:41:03,99.5500,16
2018-08-16 09:41:04,99.5500,35
2018-08-16 09:41:05,99.5500,35
2018-08-16 09:41:06,99.5700,53
2018-08-16 09:41:07,99.5700,31
2018-08-16 09:41:08,99.5200,36
2018-08-16 09:41:10,99.5200,36
2018-08-16 09:41:13,99.5200,36
2018-08-16 09:41:14,99.5500,39
2018-08-16 09:41:15,99.5500,39
2018-08-16 09:41:18,99.5500,39
2018-08-16 09:41:20,99.5700,42
2018-08-16 09:41:22,99.5400,81
2018-08-16 09:41:23,99.5400,81
2018-08-16 09:41:24,99.5400,24
2018-08-16 09:41:25,99.5700,14
2018-08-16 09:41:26,99.6100,38
2018-08-16 09:41:27,99.5000,37
2018-08-16 09:41:28,99.5000,37
2018-08-16 09:41:29,99.5000,37
2018-08-16 09:41:30,99.5000,37
2018-08-16 09:41:33,99.5000,37
2018-08-16 09:41:35,99.5000,15
2018-08-16 09:41:37,99.5000,12
2018-08-16 09:41:41,99.5700,105
2018-08-16 09:41:43,99.5500,38
2018-08-16 09:41:44,99.4900,41
2018-08-16 09:41:45,99.4900,41
2018-08-16 09:41:46,99.5700,60
2018-08-16 09:41:47,99.5700,60
2018-08-16 09:41:48,99.5700,60
2018-08-16 09:41:49,99.5700,60
2018-08-16 09:41:50,99.5900,38
2018-08-16 09:41:52,99.5800,38
2018-08-16 09:41:53,99.5800,33
2018-08-16 09:41:57,99.6100,4
2018-08-16 09:41:58,99.5700,20
2018-08-16 09:42:00,99.5600,33
2018-08-16 09:42:01,99.5000,50
2018-08-16 09:42:02,99.4600,34
2018-08-16 09:42:03,99.4600,61
2018-08-16 09:42:06,99.4100,56
2018-08-16 09:42:07,99.4100,71
2018-08-16 09:42:08,99.3900,25
2018-08-16 09:42:09,99.4200,7
2018-08-16 09:42:12,99.3900,45
2018-08-16 09:42:13,99.3900,7
2018-08-16 09:42:14,99.4200,7
2018-08-16 09:42:15,99.3700,48
2018-08-16 09:42:20,99.3300,54
2018-08-16 09:42:24,99.3300,54
2018-08-16 09:42:25,99.3300,54
2018-08-16 09:42:29,99.1300,90
2018-08-16 09:42:32,98.9900,168
2018-08-16 09:42:34,98.9900,168
2018-08-16 09:42:35,98.9800,1
2018-08-16 09:42:36,98.9500,97
2018-08-16 09:42:39,98.8500,57
2018-08-16 09:42:40,98.8500,57
2018-08-16 09:42:42,98.8200,31
2018-08-16 09:42:44,98.8200,31
2018-08-16 09:42:46,98.8200,31
2018-08-16 09:42:47,98.7500,18
2018-08-16 09:42:48,98.7500,18
2018-08-16 09:42:50,98.7500,15
2018-08-16 09:42:52,98.8100,8
2018-08-16 09:42:53,98.8100,8
2018-08-16 09:42:55,98.7900,89
2018-08-16 09:42:57,98.7400,1
2018-08-16 09:43:02,98.7400,1
2018-08-16 09:43:05,98.7400,58
2018-08-16 09:43:06,98.7400,58
2018-08-16 09:43:07,98.7700,18
2018-08-16 09:43:08,98.7600,8
2018-08-16 09:43:09,98.7600,32
2018-08-16 09:43:10,98.7600,9
2018-08-16 09:43:14,98.7600,9
2018-08-16 09:43:15,98.7700,31
2018-08-16 09:43:17,98.7600,35
2018-08-16 09:43:19,98.7600,35
2018-08-16 09:43:21,98.7600,57
2018-08-16 09:43:22,98.7600,6
2018-08-16 09:43:24,98.7600,6
2018-08-16 09:43:26,98.7700,48
2018-08-16 09:43:27,98.7700,2
2018-08-16 09:43:29,98.7700,2
2018-08-16 09:43:30,98.7700,22
2018-08-16 09:43:33,98.7700,22
2018-08-16 09:43:34,98.7700,22
2018-08-16 09:43:35,98.7700,16
2018-08-16 09:43:36,98.7700,16
2018-08-16 09:43:40,98.7400,4
2018-08-16 09:43:41,98.7400,4
2018-08-16 09:43:42,98.7400,4
2018-08-16 09:43:44,98.7400,24
2018-08-16 09:43:46,98.7400,12
2018-08-16 09:43:47,98.7700,4
2018-08-16 09:43:48,98.8100,16
2018-08-16 09:43:49,98.8100,76
2018-08-16 09:43:51,98.7700,16
2018-08-16 09:43:52,98.7600,48
2018-08-16 09:43:53,98.7400,145
2018-08-16 09:43:54,98.7400,34
2018-08-16 09:43:55,98.7700,64
2018-08-16 09:43:57,98.7700,14
2018-08-16 09:44:00,98.7700,14
2018-08-16 09:44:01,98.7000,8
2018-08-16 09:44:02,98.7000,8
2018-08-16 09:44:04,98.7000,8
2018-08-16 09:44:05,98.7000,8
2018-08-16 09:44:06,98.7000,89
2018-08-16 09:44:07,98.6900,10
2018-08-16 09:44:08,98.6800,22
2018-08-16 09:44:11,98.6800,22
2018-08-16 09:44:12,98.6500,25
2018-08-16 09:44:13,98.6900,58
2018-08-16 09:44:15,98.6900,58
2018-08-16 09:44:17,98.6900,12
2018-08-16 09:44:20,98.6900,12
2018-08-16 09:44:22,98.6500,53
2018-08-16 09:44:25,98.6500,22
2018-08-16 09:44:26,98.7000,29
2018-08-16 09:44:27,98.7000,29
2018-08-16 09:44:28,98.7000,64
2018-08-16 09:44:29,98.6500,5
2018-08-16 09:44:31,98.6500,5
2018-08-16 09:44:32,98.6500,24
2018-08-16 09:44:33,98.6500,24
2018-08-16 09:44:36,98.6500,24
2018-08-16 09:44:37,98.7000,24
2018-08-16 09:44:40,98.7000,3
2018-08-16 09:44:43,98.7000,3
2018-08-16 09:44:47,98.6800,25
2018-08-16 09:44:49,98.6800,25
2018-08-16 09:44:50,98.7000,44
2018-08-16 09:44:51,98.7500,61
2018-08-16 09:44:55,98.7500,61
2018-08-16 09:44:57,98.7500,61
2018-08-16 09:44:59,98.7500,61
2018-08-16 09:45:00,98.7500,61
2018-08-16 09:45:02,98.7500,61
2018-08-16 09:45:03,98.7500,33
2018-08-16 09:45:04,98.7500,35
2018-08-16 09:45:07,98.7700,7
2018-08-16 09:45:08,98.7600,49
2018-08-16 09:45:12,98.6800,62
2018-08-16 09:45:15,98.7600,5
2018-08-16 09:45:16,98.7700,34
2018-08-16 09:45:17,98.7700,6
2018-08-16 09:45:18,98.7900,38
2018-08-16 09:45:19,98.7900,38
2018-08-16 09:45:20,98.7900,38
2018-08-16 09:45:21,98.7900,38
2018-08-16 09:45:22,98.7900,38
2018-08-16 09:45:24,98.7700,6
2018-08-16 09:45:25,98.7900,10
2018-08-16 09:45:27,98.7800,63
2018-08-16 09:45:28,98.7800,63
2018-08-16 09:45:29,98.7700,24
2018-08-16 09:45:30,98.7800,35
2018-08-16 09:45:32,98.7700,5
2018-08-16 09:45:35,98.7800,35
2018-08-16 09:45:36,98.7800,35
2018-08-16 09:45:37,98.7800,35
2018-08-16 09:45:39,98.7700,17
2018-08-16 09:45:43,98.8300,83
2018-08-16 09:45:45,98.8300,24
2018-08-16 09:45:46,98.8400,93
2018-08-16 09:45:47,98.8200,11
2018-08-16 09:45:48,98.8300,11
2018-08-16 09:45:50,98.8300,11
2018-08-16 09:45:52,98.7400,1
2018-08-16 09:45:53,98.7400,1
2018-08-16 09:45:54,98.7400,65
2018-08-16 09:45:55,98.7400,65
2018-08-16 09:45:56,98.7800,67
2018-08-16 09:45:57,98.8400,52
2018-08-16 09:45:58,98.7800,35
2018-08-16 09:45:59,98.7800,35
2018-08-16 09:46:02,98.7800,35
2018-08-16 09:46:03,98.7800,77
2018-08-16 09:46:05,98.7800,77
2018-08-16 09:46:06,98.7800,77
2018-08-16 09:46:07,98.7800,106
2018-08-16 09:46:08,98.7900,4
2018-08-16 09:46:09,98.7600,90
2018-08-16 09:46:10,98.7600,90
2018-08-16 09:46:11,98.7400,69
2018-08-16 09:46:15,98.7300,4
2018-08-16 09:46:19,98.7300,59
2018-08-16 09:46:20,98.8100,5
2018-08-16 09:46:21,98.8100,5
2018-08-16 09:46:22,98.8100,3
2018-08-16 09:46:23,98.8300,5
2018-08-16 09:46:24,98.8400,48
2018-08-16 09:46:25,98.8100,25
2018-08-16 09:46:26,98.8100,25
2018-08-16 09:46:27,98.8400,25
2018-08-16 09:46:28,98.8000,81
2018-08-16 09:46:30,98.8300,19
2018-08-16 09:46:31,98.8000,65
2018-08-16 09:46:35,98.8000,65
2018-08-16 09:46:37,98.8000,65
2018-08-16 09:46:39,98.7900,29
2018-08-16 09:46:40,98.7900,29
2018-08-16 09:46:41,98.7900,29
2018-08-16 09:46:42,98.7600,52
2018-08-16 09:46:43,98.7500,123
2018-08-16 09:46:44,98.7600,42
2018-08-16 09:46:45,98.7600,16
2018-08-16 09:46:47,98.7600,16
2018-08-16 09:46:48,98.7500,16
2018-08-16 09:46:50,98.7200,13
2018-08-16 09:46:52,98.7500,49
2018-08-16 09:46:53,98.7500,7
2018-08-16 09:46:56,98.7500,7
2018-08-16 09:46:57,98.6500,23
2018-08-16 09:46:58,98.6500,23
2018-08-16 09:47:01,98.5900,28
2018-08-16 09:47:05,98.5800,39
2018-08-16 09:47:09,98.5800,39
2018-08-16 09:47:12,98.5800,4
2018-08-16 09:47:13,98.5800,4
2018-08-16 09:47:14,98.5800,70
2018-08-16 09:47:15,98.5800,58
2018-08-16 09:47:16,98.6400,63
2018-08-16 09:47:17,98.6600,91
2018-08-16 09:47:18,98.6600,91
2018-08-16 09:47:20,98.6200,9
2018-08-16 09:47:21,98.6200,9
2018-08-16 09:47:22,98.6200,22
2018-08-16 09:47:24,98.6200,21
2018-08-16 09:47:25,98.6400,79
2018-08-16 09:47:26,98.6400,79
2018-08-16 09:47:27,98.6600,9
2018-08-16 09:47:29,98.6600,22
2018-08-16 09:47:30,98.6600,52
2018-08-16 09:47:31,98.6600,52
2018-08-16 09:47:32,98.6200,10
2018-08-16 09:47:34,98.6000,32
2018-08-16 09:47:35,98.6000,32
2018-08-16 09:47:39,98.5800,9
2018-08-16 09:47:40,98.5800,10
2018-08-16 09:47:41,98.5800,10
2018-08-16 09:47:42,98.5800,10
2018-08-16 09:47:43,98.6300,43
2018-08-16 09:47:45,98.6200,13
2018-08-16 09:47:46,98.6300,6
2018-08-16 09:47:47,98.6300,47
2018-08-16 09:47:48,98.6300,8
2018-08-16 09:47:49,98.6300,8
2018-08-16 09:47:50,98.6300,11
2018-08-16 09:47:52,98.6500,9
2018-08-16 09:47:53,98.6500,9
2018-08-16 09:47:54,98.6500,9
2018-08-16 09:47:55,98.6500,61
2018-08-16 09:47:57,98.6700,23
2018-08-16 09:47:58,98.6500,21
2018-08-16 09:48:00,98.6400,84
2018-08-16 09:48:02,98.6800,83
2018-08-16 09:48:03,98.6800,83
2018-08-16 09:48:05,98.6500,6
2018-08-16 09:48:07,98.5700,45
2018-08-16 09:48:10,98.5600,18
2018-08-16 09:48:12,98.6300,22
2018-08-16 09:48:13,98.6300,22
2018-08-16 09:48:14,98.6300,22
2018-08-16 09:48:15,98.6300,22
2018-08-16 09:48:17,98.5900,101
2018-08-16 09:48:19,98.5900,101
2018-08-16 09:48:20,98.5900,101
2018-08-16 09:48:23,98.6200,68
2018-08-16 09:48:25,98.6600,8
2018-08-16 09:48:27,98.5800,13
2018-08-16 09:48:29,98.5800,13
2018-08-16 09:48:30,98.5300,29
2018-08-16 09:48:32,98.5300,29
2018-08-16 09:48:33,98.5300,29
2018-08-16 09:48:35,98.5400,12
2018-08-16 09:48:36,98.5400,12
2018-08-16 09:48:37,98.5400,12
2018-08-16 09:48:38,98.5300,68
2018-08-16 09:48:39,98.5100,12
2018-08-16 09:48:40,98.5500,16
2018-08-16 09:48:41,98.4900,19
2018-08-16 09:48:42,98.5300,51
2018-08-16 09:48:47,98.5300,15
2018-08-16 09:48:50,98.5300,15
2018-08-16 09:48:51,98.5300,15
2018-08-16 09:48:52,98.5300,15
2018-08-16 09:48:54,98.5300,15
2018-08-16 09:48:55,98.5100,2
2018-08-16 09:48:56,98.4700,139
2018-08-16 09:48:57,98.5100,96
2018-08-16 09:48:58,98.5100,96
2018-08-16 09:48:59,98.5100,96
2018-08-16 09:49:00,98.5100,96
2018-08-16 09:49:01,98.4800,6
2018-08-16 09:49:02,98.5300,4
2018-08-16 09:49:03,98.5300,4
2018-08-16 09:49:04,98.5300,4
2018-08-16 09:49:05,98.5300,4
2018-08-16 09:49:06,98.5300,60
2018-08-16 09:49:07,98.5300,60
2018-08-16 09:49:10,98.5100,4
2018-08-16 09:49:12,98.5100,4
2018-08-16 09:49:14,98.5300,71
2018-08-16 09:49:15,98.5400,8
2018-08-16 09:49:16,98.5400,8
2018-08-16 09:49:18,98.5200,4
2018-08-16 09:49:20,98.4900,2
2018-08-16 09:49:22,98.5400,50
2018-08-16 09:49:23,98.5400,50
2018-08-16 09:49:24,98.5100,29
2018-08-16 09:49:25,98.5000,29
2018-08-16 09:49:26,98.5100,19
2018-08-16 09:49:27,98.4800,29
2018-08-16 09:49:30,98.5600,28
2018-08-16 09:49:31,98.5800,11
2018-08-16 09:49:32,98.5800,11
2018-08-16 09:49:33,98.5800,11
2018-08-16 09:49:35,98.5800,11
2018-08-16 09:49:36,98.5400,83
2018-08-16 09:49:37,98.5000,36
2018-08-16 09:49:39,98.5500,35
2018-08-16 09:49:40,98.5300,3
2018-08-16 09:49:43,98.5000,17
2018-08-16 09:49:45,98.5000,39
2018-08-16 09:49:47,98.5000,39
2018-08-16 09:49:48,98.5100,16
2018-08-16 09:49:49,98.5000,12
2018-08-16 09:49:52,98.5000,12
2018-08-16 09:49:55,98.5000,53
2018-08-16 09:49:57,98.4900,49
2018-08-16 09:50:00,98.4700,31
2018-08-16 09:50:01,98.4400,36
2018-08-16 09:50:02,98.4300,39
2018-08-16 09:50:05,98.4800,24
2018-08-16 09:50:07,98.4800,5
2018-08-16 09:50:08,98.4800,5
2018-08-16 09:50:09,98.4800,5
2018-08-16 09:50:10,98.4800,5
2018-08-16 09:50:12,98.4800,5
2018-08-16 09:50:13,98.4200,28
2018-08-16 09:50:15,98.4800,9
2018-08-16 09:50:18,98.4800,20
2018-08-16 09:50:19,98.4700,14
2018-08-16 09:50:20,98.4800,43
2018-08-16 09:50:21,98.4800,43
2018-08-16 09:50:22,98.4800,43
2018-08-16 09:50:23,98.4900,14
2018-08-16 09:50:26,98.5300,30
2018-08-16 09:50:27,98.5300,6
2018-08-16 09:50:28,98.5300,11
2018-08-16 09:50:29,98.5200,105
2018-08-16 09:50:30,98.5200,105
2018-08-16 09:50:31,98.5200,105
2018-08-16 09:50:32,98.4800,48
2018-08-16 09:50:33,98.4800,48
2018-08-16 09:50:35,98.4800,48
2018-08-16 09:50:37,98.5200,46
2018-08-16 09:50:38,98.5100,14
2018-08-16 09:50:40,98.4700,45
2018-08-16 09:50:41,98.4700,45
2018-08-16 09:50:45,98.4900,1
2018-08-16 09:50:46,98.5300,28
2018-08-16 09:50:47,98.5000,37
2018-08-16 09:50:48,98.3900,38
2018-08-16 09:50:49,98.3900,38
2018-08-16 09:50:50,98.3900,38
2018-08-16 09:50:54,98.4800,41
2018-08-16 09:50:55,98.4800,41
2018-08-16 09:50:56,98.4000,25
2018-08-16 09:50:57,98.5400,23
2018-08-16 09:51:00,98.5400,23
2018-08-16 09:51:05,98.5400,50
2018-08-16 09:51:08,98.5400,50
2018-08-16 09:51:09,98.5400,50
2018-08-16 09:51:10,98.5400,50
2018-08-16 09:51:11,98.5400,6
2018-08-16 09:51:12,98.5700,16
2018-08-16 09:51:14,98.5700,16
2018-08-16 09:51:15,98.4900,19
2018-08-16 09:51:16,98.5300,19
2018-08-16 09:51:21,98.5700,28
2018-08-16 09:51:25,98.4700,15
2018-08-16 09:51:26,98.4700,60
2018-08-16 09:51:27,98.4500,18
2018-08-16 09:51:29,98.5500,56
2018-08-16 09:51:30,98.4200,20
2018-08-16 09:51:31,98.4200,20
2018-08-16 09:51:32,98.4200,20
2018-08-16 09:51:33,98.4200,20
2018-08-16 09:51:35,98.4200,20
2018-08-16 09:51:36,98.4300,6
2018-08-16 09:51:37,98.4300,6
2018-08-16 09:51:38,98.4300,71
2018-08-16 09:51:39,98.4300,71
2018-08-16 09:51:40,98.4300,13
2018-08-16 09:51:41,98.4300,13
2018-08-16 09:51:42,98.4600,13
2018-08-16 09:51:43,98.4900,1
2018-08-16 09:51:45,98.4900,1
2018-08-16 09:51:46,98.5000,1
2018-08-16 09:51:47,98.5100,23
2018-08-16 09:51:48,98.5100,23
2018-08-16 09:51:52,98.4900,14
2018-08-16 09:51:53,98.4900,14
2018-08-16 09:51:54,98.4900,14
2018-08-16 09:51:55,98.4900,7
2018-08-16 09:51:56,98.4900,6
2018-08-16 09:51:57,98.4700,69
2018-08-16 09:51:58,98.4700,10
2018-08-16 09:52:00,98.4100,50
2018-08-16 09:52:01,98.4100,73
2018-08-16 09:52:02,98.4500,88
2018-08-16 09:52:03,98.4500,88
2018-08-16 09:52:04,98.3800,66
2018-08-16 09:52:05,98.3800,66
2018-08-16 09:52:07,98.3800,66
2018-08-16 09:52:08,98.3800,66
2018-08-16 09:52:09,98.3800,66
2018-08-16 09:52:10,98.3800,66
2018-08-16 09:52:11,98.3800,66
2018-08-16 09:52:12,98.3800,66
2018-08-16 09:52:15,98.4300,51
2018-08-16 09:52:16,98.4400,2
2018-08-16 09:52:18,98.4000,18
2018-08-16 09:52:20,98.4200,4
2018-08-16 09:52:21,98.4200,4
2018-08-16 09:52:22,98.4200,4
2018-08-16 09:52:23,98.3900,44
2018-08-16 09:52:24,98.3700,17
2018-08-16 09:52:25,98.3500,21
2018-08-16 09:52:26,98.3500,21
2018-08-16 09:52:27,98.4000,16
2018-08-16 09:52:28,98.4000,48
2018-08-16 09:52:30,98.4000,48
2018-08-16 09:52:32,98.3500,18
2018-08-16 09:52:34,98.3200,28
2018-08-16 09:52:35,98.3200,28
2018-08-16 09:52:36,98.3200,107
2018-08-16 09:52:37,98.3200,107
2018-08-16 09:52:40,98.3200,107
2018-08-16 09:52:42,98.3600,2
2018-08-16 09:52:43,98.3200,2
2018-08-16 09:52:45,98.3100,123
2018-08-16 09:52:47,98.3500,34
2018-08-16 09:52:49,98.3600,12
2018-08-16 09:52:50,98.3600,12
2018-08-16 09:52:54,98.3500,14
2018-08-16 09:52:55,98.3600,36
2018-08-16 09:52:56,98.3600,36
2018-08-16 09:52:58,98.3600,36
2018-08-16 09:53:00,98.3300,4
2018-08-16 09:53:02,98.3300,9
2018-08-16 09:53:03,98.3300,9
2018-08-16 09:53:04,98.3200,80
2018-08-16 09:53:05,98.3200,39
2018-08-16 09:53:10,98.3600,13
2018-08-16 09:53:11,98.3600,13
2018-08-16 09:53:12,98.3600,13
2018-08-16 09:53:15,98.3600,8
2018-08-16 09:53:17,98.3600,8
2018-08-16 09:53:18,98.3100,8
2018-08-16 09:53:19,98.3100,8
2018-08-16 09:53:20,98.3100,8
2018-08-16 09:53:21,98.3100,8
2018-08-16 09:53:22,98.3600,92
2018-08-16 09:53:23,98.3600,92
2018-08-16 09:53:25,98.3600,92
2018-08-16 09:53:26,98.3600,92
2018-08-16 09:53:27,98.3600,92
2018-08-16 09:53:28,98.3700,18
2018-08-16 09:53:30,98.3700,9
2018-08-16 09:53:33,98.3700,9
2018-08-16 09:53:34,98.3700,9
2018-08-16 09:53:35,98.3400,35
2018-08-16 09:53:37,98.3400,35
2018-08-16 09:53:38,98.3600,28
2018-08-16 09:53:39,98.3600,32
2018-08-16 09:53:40,98.3700,75
2018-08-16 09:53:41,98.3700,43
2018-08-16 09:53:42,98.3700,43
2018-08-16 09:53:43,98.3800,48
2018-08-16 09:53:44,98.3800,48
2018-08-16 09:53:45,98.3800,48
2018-08-16 09:53:46,98.3800,48
2018-08-16 09:53:47,98.3700,39
2018-08-16 09:53:50,98.3700,9
2018-08-16 09:53:53,98.3700,9
2018-08-16 09:53:55,98.3500,13
2018-08-16 09:53:56,98.3800,13
2018-08-16 09:53:57,98.3100,11
2018-08-16 09:53:59,98.3100,11
2018-08-16 09:54:01,98.3300,19
2018-08-16 09:54:02,98.3100,33
2018-08-16 09:54:03,98.3100,7
2018-08-16 09:54:06,98.3000,62
2018-08-16 09:54:07,98.3000,58
2018-08-16 09:54:08,98.2900,8
2018-08-16 09:54:11,98.2900,8
2018-08-16 09:54:13,98.2700,23
2018-08-16 09:54:15,98.3300,8
2018-08-16 09:54:16,98.3300,8
2018-08-16 09:54:18,98.3300,53
2018-08-16 09:54:19,98.3300,53
2018-08-16 09:54:20,98.3600,27
2018-08-16 09:54:23,98.3800,24
2018-08-16 09:54:24,98.3300,2
2018-08-16 09:54:25,98.3900,66
2018-08-16 09:54:27,98.3800,7
2018-08-16 09:54:28,98.3500,13
2018-08-16 09:54:29,98.3500,55
2018-08-16 09:54:30,98.3500,55
2018-08-16 09:54:33,98.3800,44
2018-08-16 09:54:35,98.3800,44
2018-08-16 09:54:36,98.3800,84
2018-08-16 09:54:37,98.3500,37
2018-08-16 09:54:38,98.2700,16
2018-08-16 09:54:39,98.2700,16
2018-08-16 09:54:40,98.2700,16
2018-08-16 09:54:41,98.3100,5
2018-08-16 09:54:42,98.3100,5
2018-08-16 09:54:43,98.3100,5
2018-08-16 09:54:45,98.3100,5
2018-08-16 09:54:47,98.3100,45
2018-08-16 09:54:48,98.3000,15
2018-08-16 09:54:49,98.3300,91
2018-08-16 09:54:51,98.3200,35
2018-08-16 09:54:52,98.3200,35
2018-08-16 09:54:53,98.3000,94
2018-08-16 09:54:55,98.2900,2
2018-08-16 09:54:57,98.3000,35
2018-08-16 09:54:58,98.3300,37
2018-08-16 09:55:01,98.2900,1
2018-08-16 09:55:03,98.2800,5
2018-08-16 09:55:04,98.2800,60
2018-08-16 09:55:05,98.2900,12
2018-08-16 09:55:06,98.2800,8
2018-08-16 09:55:08,98.2800,47
2018-08-16 09:55:09,98.2800,47
2018-08-16 09:55:10,98.2900,13
2018-08-16 09:55:12,98.2900,13
2018-08-16 09:55:13,98.3100,27
2018-08-16 09:55:14,98.3100,27
2018-08-16 09:55:15,98.3400,18
2018-08-16 09:55:16,98.3400,18
2018-08-16 09:55:18,98.3400,18
2018-08-16 09:55:20,98.2900,7
2018-08-16 09:55:21,98.3900,17
2018-08-16 09:55:22,98.3600,17
2018-08-16 09:55:23,98.3600,17
2018-08-16 09:55:25,98.3600,17
2018-08-16 09:55:26,98.3100,13
2018-08-16 09:55:28,98.3900,37
2018-08-16 09:55:31,98.3900,9
2018-08-16 09:55:33,98.3900,9
2018-08-16 09:55:34,98.3900,31
2018-08-16 09:55:36,98.3600,1
2018-08-16 09:55:38,98.3600,7
2018-08-16 09:55:40,98.3600,7
2018-08-16 09:55:42,98.3600,7
2018-08-16 09:55:44,98.3900,6
2018-08-16 09:55:45,98.3900,6
2018-08-16 09:55:46,98.3400,2
2018-08-16 09:55:47,98.4100,49
2018-08-16 09:55:48,98.3500,47
2018-08-16 09:55:51,98.4100,4
2018-08-16 09:55:52,98.4100,4
2018-08-16 09:55:53,98.4100,4
2018-08-16 09:55:54,98.3500,6
2018-08-16 09:55:56,98.3700,25
2018-08-16 09:55:57,98.3700,34
2018-08-16 09:55:58,98.4200,72
2018-08-16 09:55:59,98.4200,72
2018-08-16 09:56:00,98.4300,48
2018-08-16 09:56:03,98.4400,40
2018-08-16 09:56:05,98.4400,40
2018-08-16 09:56:06,98.4400,40
2018-08-16 09:56:08,98.4000,8
2018-08-16 09:56:09,98.4000,8
2018-08-16 09:56:10,98.4000,8
2018-08-16 09:56:13,98.4400,18
2018-08-16 09:56:14,98.4400,1
2018-08-16 09:56:16,98.4500,17
2018-08-16 09:56:17,98.4500,17
2018-08-16 09:56:18,98.4200,18
2018-08-16 09:56:19,98.4200,62
2018-08-16 09:56:20,98.4000,77
2018-08-16 09:56:21,98.4300,2
2018-08-16 09:56:22,98.4300,2
2018-08-16 09:56:23,98.4300,2
2018-08-16 09:56:24,98.4300,2
2018-08-16 09:56:25,98.4000,12
2018-08-16 09:56:26,98.4500,13
2018-08-16 09:56:27,98.4500,13
2018-08-16 09:56:28,98.4500,22
2018-08-16 09:56:29,98.3800,46
2018-08-16 09:56:30,98.3800,97
2018-08-16 09:56:31,98.3200,90
2018-08-16 09:56:32,98.3200,4
2018-08-16 09:56:33,98.3200,4
2018-08-16 09:56:34,98.3300,30
2018-08-16 09:56:35,98.3100,35
2018-08-16 09:56:36,98.4500,50
2018-08-16 09:56:37,98.4500,50
2018-08-16 09:56:38,98.4500,50
2018-08-16 09:56:39,98.4500,50
2018-08-16 09:56:40,98.4500,50
2018-08-16 09:56:41,98.4500,50
2018-08-16 09:56:43,98.4500,50
2018-08-16 09:56:44,98.3200,17
2018-08-16 09:56:46,98.3900,13
2018-08-16 09:56:48,98.3200,14
2018-08-16 09:56:49,98.4400,18
2018-08-16 09:56:51,98.4400,18
2018-08-16 09:56:52,98.4400,18
2018-08-16 09:56:53,98.4100,41
2018-08-16 09:56:55,98.4000,129
2018-08-16 09:56:56,98.4400,17
2018-08-16 09:56:58,98.4400,17
2018-08-16 09:57:01,98.4000,17
2018-08-16 09:57:03,98.4400,5
2018-08-16 09:57:04,98.4400,5
2018-08-16 09:57:06,98.3200,37
2018-08-16 09:57:08,98.3700,58
2018-08-16 09:57:09,98.3700,58
2018-08-16 09:57:12,98.3500,19
2018-08-16 09:57:13,98.3100,79
2018-08-16 09:57:14,98.3100,79
2018-08-16 09:57:15,98.3100,22
2018-08-16 09:57:16,98.3100,22
2018-08-16 09:57:17,98.3100,22
2018-08-16 09:57:20,98.2500,10
2018-08-16 09:57:21,98.2500,10
2018-08-16 09:57:22,98.2500,10
2018-08-16 09:57:23,98.2500,10
2018-08-16 09:57:24,98.2500,10
2018-08-16 09:57:25,98.2500,10
2018-08-16 09:57:26,98.2500,10
2018-08-16 09:57:27,98.2500,10
2018-08-16 09:57:28,98.2500,10
2018-08-16 09:57:31,98.2700,9
2018-08-16 09:57:32,98.2700,3
2018-08-16 09:57:33,98.2200,62
2018-08-16 09:57:35,98.1700,15
2018-08-16 09:57:37,98.1700,72
2018-08-16 09:57:38,98.1300,26
2018-08-16 09:57:39,98.1300,58
2018-08-16 09:57:40,98.1300,58
2018-08-16 09:57:41,98.1600,7
2018-08-16 09:57:42,98.1600,7
2018-08-16 09:57:43,98.1800,24
2018-08-16 09:57:45,98.1800,24
2018-08-16 09:57:46,98.1800,3
2018-08-16 09:57:47,98.1600,45
2018-08-16 09:57:48,98.1300,2
2018-08-16 09:57:50,98.1200,24
2018-08-16 09:57:51,98.1300,35
2018-08-16 09:57:52,98.1300,38
2018-08-16 09:57:53,98.1200,43
2018-08-16 09:57:55,98.0000,58
2018-08-16 09:57:56,98.0000,58
2018-08-16 09:57:57,98.0000,58
2018-08-16 09:57:58,98.1700,3
2018-08-16 09:58:00,98.1700,3
2018-08-16 09:58:01,98.1700,3
2018-08-16 09:58:02,98.1700,3
2018-08-16 09:58:06,98.1700,3
2018-08-16 09:58:09,98.1000,64
2018-08-16 09:58:10,98.1000,16
2018-08-16 09:58:11,98.1700,1
2018-08-16 09:58:12,98.2100,17
2018-08-16 09:58:13,98.2100,17
2018-08-16 09:58:16,98.2100,17
2018-08-16 09:58:18,98.2100,17
2018-08-16 09:58:20,98.1400,13
2018-08-16 09:58:21,98.1300,1
2018-08-16 09:58:22,98.0700,10
2018-08-16 09:58:23,98.0700,10
2018-08-16 09:58:24,98.1700,100
2018-08-16 09:58:26,98.0800,10
2018-08-16 09:58:30,98.0800,10
2018-08-16 09:58:31,98.0800,10
2018-08-16 09:58:32,98.0800,10
2018-08-16 09:58:33,98.1600,41
2018-08-16 09:58:34,98.1700,1
2018-08-16 09:58:35,98.1700,1
2018-08-16 09:58:36,98.1400,29
2018-08-16 09:58:38,98.1700,40
2018-08-16 09:58:40,98.1700,40
2018-08-16 09:58:41,98.1400,10
2018-08-16 09:58:42,98.1400,10
2018-08-16 09:58:45,98.1400,10
2018-08-16 09:58:46,98.2000,39
2018-08-16 09:58:47,98.2000,15
2018-08-16 09:58:48,98.1800,15
2018-08-16 09:58:49,98.2100,17
2018-08-16 09:58:50,98.2100,19
2018-08-16 09:58:51,98.2000,71
2018-08-16 09:58:52,98.2000,71
2018-08-16 09:58:53,98.2000,71
2018-08-16 09:58:55,98.2200,1
2018-08-16 09:58:57,98.1600,54
2018-08-16 09:59:00,98.1600,54
2018-08-16 09:59:01,98.1600,4
2018-08-16 09:59:02,98.1500,99
2018-08-16 09:59:03,98.1500,3
2018-08-16 09:59:04,98.1400,28
2018-08-16 09:59:05,98.1400,28
2018-08-16 09:59:06,98.1400,28
2018-08-16 09:59:07,98.1400,47
2018-08-16 09:59:08,98.1200,79
2018-08-16 09:59:11,98.1200,23
2018-08-16 09:59:13,98.0900,161
2018-08-16 09:59:14,98.0700,55
2018-08-16 09:59:15,98.0700,28
2018-08-16 09:59:16,98.0700,20
2018-08-16 09:59:18,98.1400,86
2018-08-16 09:59:21,98.1400,17
2018-08-16 09:59:24,98.0600,10
2018-08-16 09:59:25,98.0700,12
2018-08-16 09:59:27,98.0700,12
2018-08-16 09:59:28,98.0700,12
2018-08-16 09:59:30,98.0400,33
2018-08-16 09:59:31,98.0400,22
2018-08-16 09:59:32,98.0400,22
2018-08-16 09:59:33,98.0400,1
2018-08-16 09:59:34,98.1300,51
2018-08-16 09:59:36,98.1000,56
2018-08-16 09:59:37,98.0700,38
2018-08-16 09:59:38,98.0700,38
2018-08-16 09:59:40,98.1200,14
2018-08-16 09:59:41,98.0800,18
2018-08-16 09:59:42,98.0700,6
2018-08-16 09:59:45,98.0500,6
2018-08-16 09:59:46,97.9800,39
2018-08-16 09:59:47,97.9800,39
2018-08-16 09:59:48,98.0000,4
2018-08-16 09:59:51,98.0000,27
2018-08-16 09:59:52,98.0800,2
2018-08-16 09:59:53,98.1200,41
2018-08-16 09:59:54,98.1100,41
2018-08-16 09:59:56,98.0800,23
2018-08-16 09:59:57,98.0800,23
2018-08-16 09:59:58,98.1000,45
2018-08-16 10:00:01,98.1000,45
2018-08-16 10:00:03,98.0800,12
2018-08-16 10:00:04,98.1100,32
2018-08-16 10:00:06,98.1100,5
2018-08-16 10:00:07,98.1200,71
2018-08-16 10:00:11,98.1500,39
2018-08-16 10:00:15,98.1500,39
2018-08-16 10:00:18,98.1500,39
2018-08-16 10:00:21,98.1500,37
2018-08-16 10:00:22,98.1500,37
2018-08-16 10:00:24,98.1400,2
2018-08-16 10:00:26,98.0900,14
2018-08-16 10:00:28,98.1700,26
2018-08-16 10:00:29,98.1700,26
2018-08-16 10:00:30,98.1700,26
2018-08-16 10:00:32,98.1700,26
2018-08-16 10:00:33,98.1100,22
2018-08-16 10:00:34,98.1800,6
2018-08-16 10:00:35,98.1800,6
2018-08-16 10:00:36,98.1300,7
2018-08-16 10:00:37,98.1300,7
2018-08-16 10:00:38,98.1300,7
2018-08-16 10:00:39,98.1200,7
2018-08-16 10:00:40,98.0500,64
2018-08-16 10:00:41,97.9800,53
2018-08-16 10:00:42,97.9800,53
2018-08-16 10:00:43,97.9800,53
2018-08-16 10:00:44,97.9700,40
2018-08-16 10:00:45,97.9700,40
2018-08-16 10:00:46,97.9700,13
2018-08-16 10:00:48,98.1200,59
2018-08-16 10:00:49,98.1300,39
2018-08-16 10:00:51,98.1300,39
2018-08-16 10:00:52,98.1300,39
2018-08-16 10:00:53,98.1300,39
2018-08-16 10:00:55,98.1300,39
2018-08-16 10:00:56,98.0700,59
2018-08-16 10:00:58,98.0800,52
2018-08-16 10:00:59,98.0700,34
2018-08-16 10:01:01,98.0800,7
2018-08-16 10:01:02,98.1300,21
2018-08-16 10:01:04,98.1500,9
2018-08-16 10:01:05,98.1800,42
2018-08-16 10:01:06,98.2100,35
2018-08-16 10:01:07,98.2100,41
2018-08-16 10:01:08,98.1800,33
2018-08-16 10:01:09,98.1700,12
2018-08-16 10:01:10,98.1700,12
2018-08-16 10:01:12,98.1600,10
2018-08-16 10:01:13,98.1000,25
2018-08-16 10:01:14,98.2400,107
2018-08-16 10:01:15,98.2400,107
2018-08-16 10:01:16,98.2400,56
2018-08-16 10:01:17,98.2400,18
2018-08-16 10:01:18,98.2400,18
2018-08-16 10:01:19,98.3400,45
2018-08-16 10:01:21,98.3400,45
2018-08-16 10:01:23,98.3400,45
2018-08-16 10:01:24,98.3300,34
2018-08-16 10:01:25,98.3300,34
2018-08-16 10:01:26,98.3300,34
2018-08-16 10:01:28,98.3300,34
2018-08-16 10:01:29,98.2700,53
2018-08-16 10:01:33,98.3400,26
2018-08-16 10:01:36,98.3400,24
2018-08-16 10:01:37,98.3400,55
2018-08-16 10:01:38,98.3100,12
2018-08-16 10:01:39,98.3800,10
2018-08-16 10:01:41,98.3800,31
2018-08-16 10:01:42,98.3900,37
2018-08-16 10:01:43,98.4300,16
2018-08-16 10:01:44,98.4300,16
2018-08-16 10:01:45,98.4300,16
2018-08-16 10:01:46,98.3700,12
2018-08-16 10:01:47,98.3700,12
2018-08-16 10:01:48,98.3700,12
2018-08-16 10:01:53,98.4100,14
2018-08-16 10:01:55,98.3700,47
2018-08-16 10:01:57,98.3700,47
2018-08-16 10:01:58,98.3700,27
2018-08-16 10:01:59,98.3700,16
2018-08-16 10:02:00,98.3700,78
2018-08-16 10:02:01,98.3600,26
2018-08-16 10:02:02,98.3600,26
2018-08-16 10:02:03,98.3700,16
2018-08-16 10:02:04,98.3600,14
2018-08-16 10:02:05,98.3600,14
2018-08-16 10:02:06,98.3300,36
2018-08-16 10:02:07,98.4300,15
2018-08-16 10:02:08,98.4300,15
2018-08-16 10:02:09,98.4300,15
2018-08-16 10:02:11,98.4300,15
2018-08-16 10:02:13,98.4300,15
2018-08-16 10:02:14,98.4300,15
2018-08-16 10:02:15,98.4300,15
2018-08-16 10:02:16,98.4300,15
2018-08-16 10:02:17,98.3300,8
2018-08-16 10:02:18,98.3300,8
2018-08-16 10:02:19,98.3300,3
2018-08-16 10:02:21,98.4300,54
2018-08-16 10:02:23,98.4500,1
2018-08-16 10:02:24,98.4500,54
2018-08-16 10:02:26,98.4500,54
2018-08-16 10:02:27,98.5000,37
2018-08-16 10:02:28,98.5600,15
2018-08-16 10:02:31,98.4500,18
2018-08-16 10:02:35,98.4500,18
2018-08-16 10:02:36,98.4000,3
2018-08-16 10:02:37,98.4000,3
2018-08-16 10:02:38,98.4200,22
2018-08-16 10:02:40,98.4600,33
2018-08-16 10:02:41,98.4600,33
2018-08-16 10:02:43,98.4600,33
2018-08-16 10:02:45,98.4500,6
2018-08-16 10:02:46,98.4500,93
2018-08-16 10:02:47,98.4500,93
2018-08-16 10:02:48,98.4100,17
2018-08-16 10:02:49,98.4100,17
2018-08-16 10:02:50,98.4500,52
2018-08-16 10:02:51,98.4700,38
2018-08-16 10:02:53,98.4400,74
2018-08-16 10:02:55,98.4700,10
2018-08-16 10:02:56,98.4700,10
2018-08-16 10:02:58,98.5600,14
2018-08-16 10:03:04,98.5600,14
2018-08-16 10:03:05,98.6300,53
2018-08-16 10:03:09,98.7100,31
2018-08-16 10:03:10,98.7100,97
2018-08-16 10:03:11,98.7100,97
2018-08-16 10:03:13,98.7100,97
2018-08-16 10:03:17,98.7100,97
2018-08-16 10:03:18,98.7100,97
2018-08-16 10:03:20,98.7100,97
2018-08-16 10:03:24,98.7100,97
2018-08-16 10:03:27,98.7800,32
2018-08-16 10:03:28,98.8300,54
2018-08-16 10:03:31,98.8300,54
2018-08-16 10:03:33,98.8300,54
2018-08-16 10:03:34,98.8300,54
2018-08-16 10:03:36,98.8300,54
2018-08-16 10:03:38,98.8300,54
2018-08-16 10:03:39,98.8300,13
2018-08-16 10:03:43,98.8200,13
2018-08-16 10:03:44,98.8200,13
2018-08-16 10:03:45,98.8200,13
2018-08-16 10:03:47,98.8200,13
2018-08-16 10:03:48,98.7700,88
2018-08-16 10:03:50,98.7700,15
2018-08-16 10:03:51,98.7300,78
2018-08-16 10:03:52,98.7700,18
2018-08-16 10:03:53,98.7700,18
2018-08-16 10:03:57,98.8200,2
2018-08-16 10:03:58,98.8200,2
2018-08-16 10:03:59,98.8200,2
2018-08-16 10:04:00,98.8200,2
2018-08-16 10:04:01,98.8200,2
2018-08-16 10:04:02,98.8200,2
2018-08-16 10:04:03,98.8200,1
2018-08-16 10:04:04,98.8300,2
2018-08-16 10:04:06,98.8700,5
2018-08-16 10:04:08,98.8700,5
2018-08-16 10:04:09,98.8700,5
2018-08-16 10:04:10,98.8700,5
2018-08-16 10:04:11,98.8700,5
2018-08-16 10:04:13,98.8700,5
2018-08-16 10:04:15,98.8700,5
2018-08-16 10:04:16,98.7400,25
2018-08-16 10:04:18,98.7400,28
2018-08-16 10:04:19,98.7100,38
2018-08-16 10:04:21,98.7100,38
2018-08-16 10:04:23,98.7700,73
2018-08-16 10:04:25,98.7900,85
2018-08-16 10:04:27,98.7100,6
2018-08-16 10:04:28,98.7100,6
2018-08-16 10:04:29,98.7900,4
2018-08-16 10:04:30,98.7900,4
2018-08-16 10:04:31,98.7900,4
2018-08-16 10:04:32,98.7900,4
2018-08-16 10:04:33,98.7700,10
2018-08-16 10:04:35,98.7900,10
2018-08-16 10:04:36,98.7900,10
2018-08-16 10:04:38,98.7900,10
2018-08-16 10:04:41,98.7800,53
2018-08-16 10:04:43,98.7700,43
2018-08-16 10:04:44,98.8000,6
2018-08-16 10:04:45,98.7400,8
2018-08-16 10:04:47,98.7400,8
2018-08-16 10:04:48,98.7400,8
2018-08-16 10:04:49,98.7400,8
2018-08-16 10:04:51,98.7400,8
2018-08-16 10:04:52,98.7400,8
2018-08-16 10:04:53,98.7400,8
2018-08-16 10:04:54,98.7400,8
2018-08-16 10:04:55,98.7400,8
2018-08-16 10:04:56,98.7700,16
2018-08-16 10:04:58,98.6700,62
2018-08-16 10:04:59,98.6700,62
2018-08-16 10:05:00,98.7700,13
2018-08-16 10:05:01,98.7800,48
2018-08-16 10:05:02,98.8000,29
2018-08-16 10:05:04,98.8000,41
2018-08-16 10:05:05,98.8000,41
2018-08-16 10:05:06,98.8000,41
2018-08-16 10:05:07,98.8000,41
2018-08-16 10:05:08,98.8000,1
2018-08-16 10:05:09,98.8000,1
2018-08-16 10:05:12,98.8000,1
2018-08-16 10:05:13,98.7800,34
2018-08-16 10:05:16,98.7700,23
2018-08-16 10:05:17,98.8600,16
2018-08-16 10:05:18,98.8600,29
2018-08-16 10:05:19,98.8600,49
2018-08-16 10:05:20,98.8500,108
2018-08-16 10:05:21,98.8500,108
2018-08-16 10:05:22,98.8500,45
2018-08-16 10:05:23,98.8500,26
2018-08-16 10:05:25,98.8500,30
2018-08-16 10:05:26,98.8200,30
2018-08-16 10:05:29,98.8200,30
2018-08-16 10:05:33,98.8200,30
2018-08-16 10:05:34,98.8400,46
2018-08-16 10:05:35,98.8600,90
2018-08-16 10:05:38,98.9100,37
2018-08-16 10:05:39,98.8200,11
2018-08-16 10:05:41,98.8200,11
2018-08-16 10:05:43,98.9100,38
2018-08-16 10:05:44,98.9100,38
2018-08-16 10:05:45,98.9100,2
2018-08-16 10:05:46,98.9100,2
2018-08-16 10:05:47,98.9200,79
2018-08-16 10:05:48,98.9200,79
2018-08-16 10:05:51,98.9200,79
2018-08-16 10:05:52,98.9200,79
2018-08-16 10:05:54,98.9200,79
2018-08-16 10:05:55,98.8600,6
2018-08-16 10:05:56,98.8600,6
2018-08-16 10:05:57,98.8600,6
2018-08-16 10:05:59,98.8600,6
2018-08-16 10:06:01,98.8600,6
2018-08-16 10:06:02,98.8600,6
2018-08-16 10:06:03,98.8600,6
2018-08-16 10:06:05,98.8600,3
2018-08-16 10:06:08,98.8500,8
2018-08-16 10:06:10,98.9000,36
2018-08-16 10:06:11,98.9100,161
2018-08-16 10:06:13,98.8500,30
2018-08-16 10:06:14,98.8500,30
2018-08-16 10:06:15,98.8500,30
2018-08-16 10:06:16,98.8500,30
2018-08-16 10:06:19,98.9200,3
2018-08-16 10:06:20,98.9500,75
2018-08-16 10:06:22,98.9400,9
2018-08-16 10:06:24,98.9100,18
2018-08-16 10:06:25,98.9100,18
2018-08-16 10:06:26,98.8500,5
2018-08-16 10:06:30,98.8500,98
2018-08-16 10:06:32,98.8500,98
2018-08-16 10:06:33,98.8600,31
2018-08-16 10:06:34,98.8600,14
2018-08-16 10:06:35,98.8600,14
2018-08-16 10:06:36,98.8600,14
2018-08-16 10:06:38,98.8600,14
2018-08-16 10:06:40,98.9100,2
2018-08-16 10:06:41,98.9100,2
2018-08-16 10:06:42,98.8600,23
2018-08-16 10:06:43,98.9100,23
2018-08-16 10:06:44,98.9300,27
2018-08-16 10:06:48,98.9500,12
2018-08-16 10:06:50,98.9500,27
2018-08-16 10:06:53,99.0000,66
2018-08-16 10:06:54,98.9900,10
2018-08-16 10:06:57,98.9800,82
2018-08-16 10:06:58,98.9800,10
2018-08-16 10:07:02,98.9800,10
2018-08-16 10:07:03,98.9800,10
2018-08-16 10:07:04,99.0000,17
2018-08-16 10:07:05,99.0300,91
2018-08-16 10:07:06,99.0400,18
2018-08-16 10:07:07,99.0600,22
2018-08-16 10:07:08,99.0600,22
2018-08-16 10:07:10,99.0600,32
2018-08-16 10:07:11,99.0700,75
2018-08-16 10:07:13,99.1000,19
2018-08-16 10:07:14,99.1000,12
2018-08-16 10:07:16,99.1000,12
2018-08-16 10:07:18,99.0200,39
2018-08-16 10:07:19,99.0100,3
2018-08-16 10:07:21,99.0100,3
2018-08-16 10:07:22,99.0300,46
2018-08-16 10:07:23,99.0300,46
2018-08-16 10:07:24,99.0300,46
2018-08-16 10:07:25,99.0700,99
2018-08-16 10:07:26,99.0700,34
2018-08-16 10:07:27,99.0700,34
2018-08-16 10:07:28,99.0700,34
2018-08-16 10:07:30,99.0700,34
2018-08-16 10:07:31,99.0700,34
2018-08-16 10:07:33,99.1100,21
2018-08-16 10:07:34,99.0700,11
2018-08-16 10:07:35,99.0700,11
2018-08-16 10:07:37,99.0700,11
2018-08-16 10:07:39,99.1100,19
2018-08-16 10:07:41,99.1100,19
2018-08-16 10:07:44,99.1100,19
2018-08-16 10:07:48,99.1100,19
2018-08-16 10:07:49,99.0500,41
2018-08-16 10:07:50,99.0500,109
2018-08-16 10:07:51,99.0600,14
2018-08-16 10:07:52,99.1100,19
2018-08-16 10:07:53,99.0600,37
2018-08-16 10:07:54,99.0600,5
2018-08-16 10:07:57,99.0600,5
2018-08-16 10:07:59,99.0600,5
2018-08-16 10:08:00,99.0600,5
2018-08-16 10:08:02,99.0700,93
2018-08-16 10:08:03,99.0700,37
2018-08-16 10:08:08,99.0700,37
2018-08-16 10:08:09,99.0700,37
2018-08-16 10:08:10,99.0700,37
2018-08-16 10:08:12,99.0700,37
2018-08-16 10:08:13,99.0700,37
2018-08-16 10:08:14,99.0800,54
2018-08-16 10:08:17,99.0800,54
2018-08-16 10:08:18,99.0500,71
2018-08-16 10:08:19,99.0500,71
2018-08-16 10:08:20,99.0500,71
2018-08-16 10:08:21,99.0700,46
2018-08-16 10:08:22,99.1400,59
2018-08-16 10:08:23,99.1600,20
2018-08-16 10:08:25,99.1300,19
2018-08-16 10:08:26,99.1300,19
2018-08-16 10:08:28,99.1300,18
2018-08-16 10:08:29,99.1300,18
2018-08-16 10:08:30,99.1300,18
2018-08-16 10:08:31,99.1300,18
2018-08-16 10:08:32,99.1300,18
2018-08-16 10:08:33,99.1600,31
2018-08-16 10:08:34,99.1200,60
2018-08-16 10:08:35,99.1000,62
2018-08-16 10:08:36,99.1000,62
2018-08-16 10:08:37,99.1000,62
2018-08-16 10:08:38,99.1000,62
2018-08-16 10:08:39,99.1000,62
2018-08-16 10:08:40,99.2300,65
2018-08-16 10:08:41,99.2100,90
2018-08-16 10:08:42,99.2100,90
2018-08-16 10:08:43,99.2100,90
2018-08-16 10:08:45,99.2300,14
2018-08-16 10:08:48,99.2400,66
2018-08-16 10:08:50,99.1800,27
2018-08-16 10:08:51,99.1800,47
2018-08-16 10:08:53,99.2000,22
2018-08-16 10:08:55,99.2000,22
2018-08-16 10:08:56,99.2000,22
2018-08-16 10:08:57,99.2000,105
2018-08-16 10:08:58,99.2000,105
2018-08-16 10:08:59,99.2000,105
2018-08-16 10:09:00,99.2300,34
2018-08-16 10:09:02,99.2300,34
2018-08-16 10:09:03,99.2300,34
2018-08-16 10:09:04,99.2800,31
2018-08-16 10:09:05,99.2800,31
2018-08-16 10:09:09,99.2400,13
2018-08-16 10:09:11,99.3600,30
2018-08-16 10:09:18,99.3600,30
2018-08-16 10:09:19,99.3600,30
2018-08-16 10:09:21,99.2600,1
2018-08-16 10:09:23,99.3500,13
2018-08-16 10:09:24,99.3500,17
2018-08-16 10:09:26,99.3200,35
2018-08-16 10:09:27,99.3200,127
2018-08-16 10:09:29,99.3200,30
2018-08-16 10:09:30,99.3200,30
2018-08-16 10:09:31,99.3200,30
2018-08-16 10:09:34,99.3200,16
2018-08-16 10:09:35,99.3100,43
2018-08-16 10:09:36,99.4100,48
2018-08-16 10:09:37,99.4100,15
2018-08-16 10:09:38,99.4100,15
2018-08-16 10:09:39,99.4100,15
2018-08-16 10:09:41,99.3600,30
2018-08-16 10:09:42,99.3600,30
2018-08-16 10:09:44,99.4100,73
2018-08-16 10:09:45,99.4100,73
2018-08-16 10:09:46,99.4100,73
2018-08-16 10:09:49,99.3800,66
2018-08-16 10:09:51,99.4100,66
2018-08-16 10:09:52,99.4100,66
2018-08-16 10:09:54,99.3800,24
2018-08-16 10:09:59,99.4100,8
2018-08-16 10:10:00,99.3900,24
2018-08-16 10:10:03,99.4600,133
2018-08-16 10:10:04,99.4600,133
2018-08-16 10:10:05,99.4600,133
2018-08-16 10:10:07,99.4600,133
2018-08-16 10:10:08,99.4600,133
2018-08-16 10:10:09,99.4600,133
2018-08-16 10:10:11,99.4600,133
2018-08-16 10:10:12,99.4600,133
2018-08-16 10:10:13,99.4600,133
2018-08-16 10:10:17,99.5700,11
2018-08-16 10:10:18,99.6200,134
2018-08-16 10:10:21,99.6200,134
2018-08-16 10:10:22,99.6200,134
2018-08-16 10:10:24,99.6200,134
2018-08-16 10:10:25,99.5400,24
2018-08-16 10:10:27,99.5600,24
2018-08-16 10:10:29,99.5600,24
2018-08-16 10:10:31,99.5600,24
2018-08-16 10:10:32,99.7200,1
2018-08-16 10:10:34,99.6800,86
2018-08-16 10:10:35,99.6800,86
2018-08-16 10:10:38,99.6800,86
2018-08-16 10:10:39,99.9100,38
2018-08-16 10:10:40,99.9100,50
2018-08-16 10:10:41,99.7500,57
2018-08-16 10:10:43,99.7500,57
2018-08-16 10:10:44,99.8400,33
2018-08-16 10:10:46,99.8400,33
2018-08-16 10:10:49,99.8900,22
2018-08-16 10:10:50,99.9300,10
2018-08-16 10:10:51,99.9300,3
2018-08-16 10:10:52,99.8700,79
2018-08-16 10:10:53,99.8700,79
2018-08-16 10:10:54,99.8700,79
2018-08-16 10:10:56,99.8700,79
2018-08-16 10:10:57,99.8600,79
2018-08-16 10:11:00,99.8600,76
2018-08-16 10:11:02,99.8400,4
2018-08-16 10:11:03,99.8700,74
2018-08-16 10:11:04,99.8700,74
2018-08-16 10:11:05,99.8700,74
2018-08-16 10:11:06,99.8800,23
2018-08-16 10:11:07,99.8900,58
2018-08-16 10:11:08,99.8700,40
2018-08-16 10:11:09,99.8400,33
2018-08-16 10:11:10,99.8900,59
2018-08-16 10:11:11,99.8800,30
2018-08-16 10:11:13,99.8100,7
2018-08-16 10:11:15,99.8900,54
2018-08-16 10:11:17,99.8800,56
2018-08-16 10:11:19,99.8800,56
2018-08-16 10:11:20,99.8100,27
2018-08-16 10:11:21,99.8100,7
2018-08-16 10:11:22,99.8100,7
2018-08-16 10:11:24,99.8100,7
2018-08-16 10:11:25,99.8100,7
2018-08-16 10:11:28,99.8100,7
2018-08-16 10:11:29,99.8100,7
2018-08-16 10:11:30,99.8100,7
2018-08-16 10:11:33,99.8100,7
2018-08-16 10:11:35,99.8100,7
2018-08-16 10:11:39,99.8100,7
2018-08-16 10:11:43,99.8100,7
2018-08-16 10:11:44,99.8100,7
2018-08-16 10:11:45,99.6900,11
2018-08-16 10:11:46,99.6900,35
2018-08-16 10:11:47,99.6900,35
2018-08-16 10:11:49,99.6900,35
2018-08-16 10:11:50,99.6900,35
2018-08-16 10:11:52,99.6900,35
2018-08-16 10:11:53,99.6900,35
2018-08-16 10:11:54,99.6700,36
2018-08-16 10:11:55,99.6700,36
2018-08-16 10:11:57,99.6700,36
2018-08-16 10:11:58,99.7000,19
2018-08-16 10:12:01,99.6500,14
2018-08-16 10:12:02,99.6500,14
2018-08-16 10:12:05,99.6500,14
2018-08-16 10:12:07,99.6500,14
2018-08-16 10:12:08,99.6500,14
2018-08-16 10:12:09,99.6500,14
2018-08-16 10:12:10,99.7800,19
2018-08-16 10:12:11,99.7800,5
2018-08-16 10:12:13,99.8000,17
2018-08-16 10:12:14,99.8000,9
2018-08-16 10:12:15,99.8500,21
2018-08-16 10:12:16,99.8300,21
2018-08-16 10:12:17,99.8100,19
2018-08-16 10:12:18,99.7900,86
2018-08-16 10:12:19,99.7900,86
2018-08-16 10:12:20,99.8100,2
2018-08-16 10:12:24,99.8100,74
2018-08-16 10:12:25,99.8000,19
2018-08-16 10:12:26,99.9300,27
2018-08-16 10:12:29,99.9300,27
2018-08-16 10:12:30,99.9300,27
2018-08-16 10:12:31,99.9300,27
2018-08-16 10:12:34,99.8900,6
2018-08-16 10:12:35,99.9100,25
2018-08-16 10:12:36,99.9200,5
2018-08-16 10:12:37,99.9000,35
2018-08-16 10:12:38,99.9000,35
2018-08-16 10:12:39,99.9000,35
2018-08-16 10:12:42,99.9000,35
2018-08-16 10:12:44,99.8600,25
2018-08-16 10:12:45,99.8600,25
2018-08-16 10:12:46,99.8700,62
2018-08-16 10:12:49,99.8600,19
2018-08-16 10:12:50,99.8000,12
2018-08-16 10:12:51,99.8000,12
2018-08-16 10:12:52,99.8000,12
2018-08-16 10:12:55,99.8000,6
2018-08-16 10:12:57,99.8900,74
2018-08-16 10:12:58,99.8500,17
2018-08-16 10:13:00,99.8500,17
2018-08-16 10:13:01,99.8500,17
2018-08-16 10:13:02,99.8800,74
2018-08-16 10:13:04,99.8800,74
2018-08-16 10:13:05,99.8800,74
2018-08-16 10:13:07,99.9000,13
2018-08-16 10:13:08,99.9400,66
2018-08-16 10:13:10,99.8900,5
2018-08-16 10:13:11,99.7800,14
2018-08-16 10:13:13,99.7700,29
2018-08-16 10:13:15,99.6900,67
2018-08-16 10:13:16,99.6800,53
2018-08-16 10:13:17,99.7000,67
2018-08-16 10:13:18,99.7100,4
2018-08-16 10:13:19,99.7100,4
2018-08-16 10:13:20,99.7100,4
2018-08-16 10:13:21,99.8300,8
2018-08-16 10:13:22,99.7700,75
2018-08-16 10:13:23,99.7700,75
2018-08-16 10:13:24,99.9200,76
2018-08-16 10:13:25,99.9500,47
2018-08-16 10:13:26,99.9500,47
2018-08-16 10:13:28,99.9500,47
2018-08-16 10:13:30,99.9500,47
2018-08-16 10:13:31,99.9500,47
2018-08-16 10:13:32,99.9500,47
2018-08-16 10:13:33,99.8800,70
2018-08-16 10:13:35,99.9000,3
2018-08-16 10:13:36,99.8800,57
2018-08-16 10:13:37,99.9400,101
2018-08-16 10:13:39,99.9500,38
2018-08-16 10:13:40,99.9900,81
2018-08-16 10:13:43,99.9900,23
2018-08-16 10:13:44,99.8200,33
2018-08-16 10:13:45,99.8200,33
2018-08-16 10:13:46,99.8200,70
2018-08-16 10:13:49,99.8200,70
2018-08-16 10:13:50,99.8200,70
2018-08-16 10:13:52,99.8200,70
2018-08-16 10:13:58,99.8200,70
2018-08-16 10:13:59,99.8200,70
2018-08-16 10:14:00,99.8200,70
2018-08-16 10:14:01,99.8200,70
2018-08-16 10:14:04,99.8200,70
2018-08-16 10:14:05,99.8200,70
2018-08-16 10:14:06,99.8200,70
2018-08-16 10:14:07,99.8200,70
2018-08-16 10:14:08,99.8200,70
2018-08-16 10:14:12,99.8200,70
2018-08-16 10:14:14,99.8200,70
2018-08-16 10:14:15,99.8200,70
2018-08-16 10:14:16,99.8200,70
2018-08-16 10:14:17,99.8200,70
2018-08-16 10:14:18,99.8200,70
2018-08-16 10:14:19,99.8800,21
2018-08-16 10:14:20,99.8800,21
2018-08-16 10:14:21,99.8600,17
2018-08-16 10:14:25,99.8300,18
2018-08-16 10:14:26,99.8300,18
2018-08-16 10:14:27,99.8300,18
2018-08-16 10:14:29,99.8100,57
2018-08-16 10:14:30,99.8100,47
2018-08-16 10:14:31,99.8100,47
2018-08-16 10:14:34,99.9000,6
2018-08-16 10:14:35,99.9000,6
2018-08-16 10:14:36,99.9000,6
2018-08-16 10:14:37,99.8000,32
2018-08-16 10:14:40,99.8000,32
2018-08-16 10:14:43,99.8000,32
2018-08-16 10:14:44,99.8000,32
2018-08-16 10:14:45,99.8000,32
2018-08-16 10:14:46,99.8400,13
2018-08-16 10:14:48,99.8100,35
2018-08-16 10:14:49,99.8300,18
2018-08-16 10:14:51,99.8300,18
2018-08-16 10:14:52,99.8300,18
2018-08-16 10:14:53,99.8500,16
2018-08-16 10:14:55,99.9000,26
2018-08-16 10:14:58,99.9000,26
2018-08-16 10:14:59,99.9000,26
2018-08-16 10:15:00,99.8600,38
2018-08-16 10:15:02,99.8100,5
2018-08-16 10:15:03,99.8100,5
2018-08-16 10:15:04,99.8100,5
2018-08-16 10:15:05,99.8300,30
2018-08-16 10:15:06,99.8200,10
2018-08-16 10:15:07,99.8200,10
2018-08-16 10:15:08,99.8100,9
2018-08-16 10:15:10,99.9000,2
2018-08-16 10:15:11,99.8400,23
2018-08-16 10:15:14,99.8800,122
2018-08-16 10:15:15,99.8700,23
2018-08-16 10:15:20,99.8700,23
2018-08-16 10:15:21,99.8900,15
2018-08-16 10:15:22,99.9000,28
2018-08-16 10:15:23,99.9000,28
2018-08-16 10:15:25,99.9000,15
2018-08-16 10:15:26,99.9000,15
2018-08-16 10:15:28,99.9000,15
2018-08-16 10:15:29,99.9000,15
2018-08-16 10:15:30,99.8500,29
2018-08-16 10:15:31,99.8100,54
2018-08-16 10:15:33,99.8100,54
2018-08-16 10:15:35,99.8100,54
2018-08-16 10:15:36,99.8500,1
2018-08-16 10:15:37,99.8500,1
2018-08-16 10:15:38,99.8500,1
2018-08-16 10:15:40,99.9000,123
2018-08-16 10:15:41,99.9100,32
2018-08-16 10:15:44,99.9100,77
2018-08-16 10:15:45,99.9200,13
2018-08-16 10:15:47,99.9300,31
2018-08-16 10:15:52,99.9300,31
2018-08-16 10:15:55,99.9200,80
2018-08-16 10:15:56,99.9200,20
2018-08-16 10:15:57,99.9200,20
2018-08-16 10:15:58,99.9200,20
2018-08-16 10:16:00,99.9200,20
2018-08-16 10:16:01,99.8800,38
2018-08-16 10:16:02,99.8800,38
2018-08-16 10:16:03,99.9100,31
2018-08-16 10:16:04,99.9100,31
2018-08-16 10:16:07,99.9100,31
2018-08-16 10:16:09,99.9100,31
2018-08-16 10:16:10,99.9100,31
2018-08-16 10:16:11,99.9100,31
2018-08-16 10:16:12,99.8300,13
2018-08-16 10:16:13,99.8800,59
2018-08-16 10:16:15,99.8200,1
2018-08-16 10:16:16,99.8700,13
2018-08-16 10:16:17,99.8900,34
2018-08-16 10:16:18,99.8700,7
2018-08-16 10:16:20,99.8800,32
2018-08-16 10:16:21,99.8200,20
2018-08-16 10:16:22,99.8200,20
2018-08-16 10:16:24,99.8000,40
2018-08-16 10:16:25,99.8900,44
2018-08-16 10:16:26,99.8900,98
2018-08-16 10:16:27,99.8100,58
2018-08-16 10:16:28,99.8000,31
2018-08-16 10:16:29,99.7200,2
2018-08-16 10:16:30,99.7200,2
2018-08-16 10:16:33,99.7200,2
2018-08-16 10:16:34,99.7200,2
2018-08-16 10:16:35,99.7200,2
2018-08-16 10:16:36,99.7800,5
2018-08-16 10:16:37,99.8100,5
2018-08-16 10:16:40,99.8700,84
2018-08-16 10:16:41,99.9000,7
2018-08-16 10:16:46,99.9000,7
2018-08-16 10:16:47,99.9000,7
2018-08-16 10:16:49,99.9000,7
2018-08-16 10:16:50,99.9000,7
2018-08-16 10:16:53,99.8600,26
2018-08-16 10:16:54,99.9100,3
2018-08-16 10:16:55,99.8300,26
2018-08-16 10:16:56,99.9200,29
2018-08-16 10:16:57,99.9200,27
2018-08-16 10:16:59,99.7800,58
2018-08-16 10:17:00,99.7800,13
2018-08-16 10:17:03,99.7800,13
2018-08-16 10:17:04,99.7800,13
2018-08-16 10:17:05,99.7800,9
2018-08-16 10:17:06,99.7800,9
2018-08-16 10:17:08,99.7800,9
2018-08-16 10:17:10,99.7800,9
2018-08-16 10:17:12,99.7800,9
2018-08-16 10:17:13,99.7800,9
2018-08-16 10:17:14,99.6800,2
2018-08-16 10:17:15,99.6800,2
2018-08-16 10:17:16,99.7200,22
2018-08-16 10:17:17,99.7200,43
2018-08-16 10:17:18,99.7600,55
2018-08-16 10:17:20,99.7400,20
2018-08-16 10:17:21,99.6800,26
2018-08-16 10:17:22,99.6800,26
2018-08-16 10:17:23,99.7400,75
2018-08-16 10:17:24,99.7400,46
2018-08-16 10:17:25,99.6800,32
2018-08-16 10:17:26,99.6700,45
2018-08-16 10:17:28,99.6500,13
2018-08-16 10:17:29,99.6400,1
2018-08-16 10:17:30,99.6400,1
2018-08-16 10:17:31,99.6400,1
2018-08-16 10:17:34,99.6400,1
2018-08-16 10:17:35,99.6400,48
2018-08-16 10:17:37,99.6500,49
2018-08-16 10:17:40,99.6300,72
2018-08-16 10:17:41,99.6300,72
2018-08-16 10:17:42,99.6200,50
2018-08-16 10:17:45,99.5900,79
2018-08-16 10:17:48,99.5900,79
2018-08-16 10:17:49,99.5900,79
2018-08-16 10:17:50,99.5900,20
2018-08-16 10:17:51,99.6000,10
2018-08-16 10:17:55,99.5900,43
2018-08-16 10:17:56,99.5700,22
2018-08-16 10:17:57,99.5700,56
2018-08-16 10:17:58,99.5600,82
2018-08-16 10:17:59,99.5600,82
2018-08-16 10:18:00,99.5800,32
2018-08-16 10:18:03,99.6500,8
2018-08-16 10:18:04,99.6700,93
2018-08-16 10:18:05,99.6600,8
2018-08-16 10:18:06,99.6800,58
2018-08-16 10:18:08,99.6800,58
2018-08-16 10:18:10,99.6800,58
2018-08-16 10:18:11,99.7000,40
2018-08-16 10:18:12,99.7000,40
2018-08-16 10:18:13,99.6600,111
2018-08-16 10:18:14,99.7100,74
2018-08-16 10:18:15,99.7100,23
2018-08-16 10:18:16,99.7300,116
2018-08-16 10:18:18,99.7800,5
2018-08-16 10:18:20,99.7800,5
2018-08-16 10:18:21,99.7800,5
2018-08-16 10:18:24,99.7600,25
2018-08-16 10:18:25,99.7600,25
2018-08-16 10:18:27,99.7800,9
2018-08-16 10:18:28,99.7800,9
2018-08-16 10:18:29,99.7800,9
2018-08-16 10:18:30,99.7800,9
2018-08-16 10:18:31,99.7600,15
2018-08-16 10:18:33,99.7600,15
2018-08-16 10:18:34,99.7600,15
2018-08-16 10:18:35,99.7800,15
2018-08-16 10:18:36,99.7800,15
2018-08-16 10:18:38,99.7800,15
2018-08-16 10:18:39,99.7800,15
2018-08-16 10:18:42,99.7800,27
2018-08-16 10:18:44,99.7800,27
2018-08-16 10:18:45,99.7800,27
2018-08-16 10:18:46,99.7700,57
2018-08-16 10:18:47,99.7700,57
2018-08-16 10:18:48,99.7700,16
2018-08-16 10:18:49,99.8100,105
2018-08-16 10:18:50,99.8200,11
2018-08-16 10:18:53,99.7600,78
2018-08-16 10:18:54,99.7600,78
2018-08-16 10:18:55,99.7600,78
2018-08-16 10:18:56,99.7600,78
2018-08-16 10:18:59,99.7400,2
2018-08-16 10:19:00,99.7500,32
2018-08-16 10:19:01,99.7900,13
2018-08-16 10:19:02,99.7900,13
2018-08-16 10:19:04,99.7900,13
2018-08-16 10:19:05,99.7700,25
2018-08-16 10:19:06,99.7700,56
2018-08-16 10:19:07,99.7700,56
2018-08-16 10:19:08,99.7700,11
2018-08-16 10:19:09,99.7400,43
2018-08-16 10:19:10,99.8200,8
2018-08-16 10:19:12,99.8200,8
2018-08-16 10:19:14,99.7600,137
2018-08-16 10:19:15,99.7600,137
2018-08-16 10:19:16,99.8000,5
2018-08-16 10:19:17,99.8000,28
2018-08-16 10:19:18,99.7800,31
2018-08-16 10:19:19,99.7800,31
2018-08-16 10:19:22,99.7900,27
2018-08-16 10:19:25,99.7300,27
2018-08-16 10:19:26,99.7600,42
2018-08-16 10:19:27,99.7300,26
2018-08-16 10:19:30,99.7300,57
2018-08-16 10:19:31,99.7900,4
2018-08-16 10:19:32,99.7900,4
2018-08-16 10:19:33,99.7200,37
2018-08-16 10:19:37,99.7200,37
2018-08-16 10:19:39,99.7200,37
2018-08-16 10:19:40,99.7200,37
2018-08-16 10:19:41,99.7200,37
2018-08-16 10:19:43,99.7200,37
2018-08-16 10:19:44,99.7200,37
2018-08-16 10:19:45,99.8200,30
2018-08-16 10:19:46,99.8200,30
2018-08-16 10:19:47,99.8200,30
2018-08-16 10:19:48,99.8100,20
2018-08-16 10:19:49,99.8100,20
2018-08-16 10:19:50,99.8100,20
2018-08-16 10:19:51,99.8100,20
2018-08-16 10:19:52,99.8500,19
2018-08-16 10:19:53,99.8800,24
2018-08-16 10:19:55,99.8800,37
2018-08-16 10:19:57,99.8500,16
2018-08-16 10:19:58,99.8500,16
2018-08-16 10:20:00,99.8500,16
2018-08-16 10:20:01,99.8800,132
2018-08-16 10:20:03,99.8900,96
2018-08-16 10:20:04,99.8900,96
2018-08-16 10:20:05,99.9600,62
2018-08-16 10:20:07,99.9100,16
2018-08-16 10:20:08,99.8900,16
2018-08-16 10:20:10,99.9600,21
2018-08-16 10:20:11,99.9300,2
2018-08-16 10:20:15,99.9600,57
2018-08-16 10:20:17,99.9300,11
2018-08-16 10:20:18,99.9400,67
2018-08-16 10:20:19,99.9300,67
2018-08-16 10:20:20,99.9300,32
2018-08-16 10:20:22,99.9400,16
2018-08-16 10:20:23,99.9400,16
2018-08-16 10:20:24,99.9400,16
2018-08-16 10:20:25,99.9700,58
2018-08-16 10:20:27,99.9700,58
2018-08-16 10:20:30,99.9700,58
2018-08-16 10:20:33,100.0000,18
2018-08-16 10:20:34,100.0000,18
2018-08-16 10:20:35,100.0000,7
2018-08-16 10:20:36,100.0300,7
2018-08-16 10:20:37,100.0300,7
2018-08-16 10:20:38,100.0300,7
2018-08-16 10:20:40,100.0100,21
2018-08-16 10:20:41,99.9900,16
2018-08-16 10:20:44,99.9900,16
2018-08-16 10:20:45,99.9900,10
2018-08-16 10:20:46,100.0000,29
2018-08-16 10:20:47,99.9900,70
2018-08-16 10:20:48,99.9700,33
2018-08-16 10:20:49,99.9700,33
2018-08-16 10:20:50,99.9700,33
2018-08-16 10:20:52,99.9700,33
2018-08-16 10:20:53,99.9700,33
2018-08-16 10:20:55,99.9000,79
2018-08-16 10:20:56,99.9600,56
2018-08-16 10:20:57,99.9600,4
2018-08-16 10:20:59,99.9600,4
2018-08-16 10:21:00,99.9600,4
2018-08-16 10:21:04,99.9600,4
2018-08-16 10:21:05,99.9000,25
2018-08-16 10:21:06,99.9100,96
2018-08-16 10:21:07,99.8800,36
2018-08-16 10:21:08,99.9100,4
2018-08-16 10:21:09,99.9500,24
2018-08-16 10:21:10,99.9700,68
2018-08-16 10:21:11,99.9200,50
2018-08-16 10:21:13,99.9200,50
2018-08-16 10:21:15,99.8900,34
2018-08-16 10:21:18,99.9500,12
2018-08-16 10:21:19,99.9800,21
2018-08-16 10:21:20,99.9400,23
2018-08-16 10:21:26,99.9600,23
2018-08-16 10:21:28,100.0200,39
2018-08-16 10:21:30,100.0600,63
2018-08-16 10:21:31,99.8800,50
2018-08-16 10:21:32,99.8800,50
2018-08-16 10:21:33,99.8800,50
2018-08-16 10:21:35,99.8800,8
2018-08-16 10:21:37,99.8800,8
2018-08-16 10:21:38,99.8800,8
2018-08-16 10:21:39,99.8800,8
2018-08-16 10:21:40,99.8800,8
2018-08-16 10:21:43,99.8800,8
2018-08-16 10:21:44,99.8800,8
2018-08-16 10:21:45,99.8600,37
2018-08-16 10:21:46,99.8400,12
2018-08-16 10:21:48,99.8400,21
2018-08-16 10:21:49,99.8400,21
2018-08-16 10:21:50,99.8400,87
2018-08-16 10:21:51,99.8300,8
2018-08-16 10:21:52,99.8000,40
2018-08-16 10:21:59,99.8000,40
2018-08-16 10:22:00,99.8000,40
2018-08-16 10:22:03,99.8000,40
2018-08-16 10:22:05,99.8000,40
2018-08-16 10:22:07,99.8700,41
2018-08-16 10:22:09,99.8400,2
2018-08-16 10:22:10,99.8300,34
2018-08-16 10:22:11,99.8300,34
2018-08-16 10:22:13,99.8300,34
2018-08-16 10:22:14,99.8300,34
2018-08-16 10:22:16,99.8500,13
2018-08-16 10:22:22,99.8400,9
2018-08-16 10:22:24,99.8600,75
2018-08-16 10:22:25,99.8600,75
2018-08-16 10:22:26,99.8200,110
2018-08-16 10:22:27,99.8200,110
2018-08-16 10:22:28,99.8200,110
2018-08-16 10:22:29,99.8200,110
2018-08-16 10:22:30,99.8100,60
2018-08-16 10:22:32,99.8700,14
2018-08-16 10:22:33,99.9200,8
2018-08-16 10:22:35,99.9200,8
2018-08-16 10:22:36,99.8900,70
2018-08-16 10:22:38,99.8900,70
2018-08-16 10:22:39,99.8900,70
2018-08-16 10:22:40,99.8400,6
2018-08-16 10:22:41,99.8400,6
2018-08-16 10:22:42,99.8600,51
2018-08-16 10:22:43,99.9200,19
2018-08-16 10:22:44,99.8400,26
2018-08-16 10:22:46,99.8000,27
2018-08-16 10:22:47,99.8000,27
2018-08-16 10:22:50,99.8000,12
2018-08-16 10:22:52,99.8000,12
2018-08-16 10:22:53,99.9100,16
2018-08-16 10:22:55,99.9000,6
2018-08-16 10:22:59,99.8600,2
2018-08-16 10:23:00,99.8600,2
2018-08-16 10:23:01,99.8900,2
2018-08-16 10:23:03,99.8400,34
2018-08-16 10:23:04,99.8400,14
2018-08-16 10:23:05,99.8400,7
2018-08-16 10:23:06,99.8400,7
2018-08-16 10:23:08,99.8500,7
2018-08-16 10:23:09,99.9300,28
2018-08-16 10:23:10,99.9700,40
2018-08-16 10:23:14,99.9700,40
2018-08-16 10:23:15,99.9700,2
2018-08-16 10:23:16,99.9700,2
2018-08-16 10:23:17,99.9700,2
2018-08-16 10:23:18,99.9400,75
2018-08-16 10:23:21,99.9400,75
2018-08-16 10:23:23,99.9400,58
2018-08-16 10:23:24,99.9900,58
2018-08-16 10:23:25,100.0000,129
2018-08-16 10:23:26,100.0000,129
2018-08-16 10:23:29,100.0000,129
2018-08-16 10:23:30,99.9800,47
2018-08-16 10:23:31,99.9400,16
2018-08-16 10:23:35,99.9000,61
2018-08-16 10:23:38,99.9500,15
2018-08-16 10:23:40,99.9100,39
2018-08-16 10:23:41,99.9000,33
2018-08-16 10:23:42,99.9000,9
2018-08-16 10:23:45,99.9800,28
2018-08-16 10:23:47,99.9800,28
2018-08-16 10:23:50,99.9800,28
2018-08-16 10:23:51,99.9800,28
2018-08-16 10:23:52,99.9800,28
2018-08-16 10:23:55,99.9700,34
2018-08-16 10:23:56,99.9700,34
2018-08-16 10:23:58,99.9700,34
2018-08-16 10:24:00,99.9700,34
2018-08-16 10:24:01,99.9100,57
2018-08-16 10:24:03,99.9100,57
2018-08-16 10:24:04,99.9100,57
2018-08-16 10:24:06,99.9100,57
2018-08-16 10:24:07,99.9200,5
2018-08-16 10:24:09,99.9800,31
2018-08-16 10:24:11,99.9800,31
2018-08-16 10:24:13,100.0000,29
2018-08-16 10:24:14,100.0000,29
2018-08-16 10:24:16,100.0000,29
2018-08-16 10:24:18,99.9200,114
2018-08-16 10:24:19,100.0200,7
2018-08-16 10:24:20,100.0200,21
2018-08-16 10:24:21,100.0200,21
2018-08-16 10:24:24,100.0200,21
2018-08-16 10:24:25,100.0200,21
2018-08-16 10:24:26,100.0200,21
2018-08-16 10:24:27,99.8800,3
2018-08-16 10:24:30,100.0200,7
2018-08-16 10:24:31,100.0500,26
2018-08-16 10:24:32,100.0500,26
2018-08-16 10:24:34,100.0500,26
2018-08-16 10:24:36,100.0500,9
2018-08-16 10:24:37,100.0300,10
2018-08-16 10:24:39,100.0300,10
2018-08-16 10:24:40,100.0300,10
2018-08-16 10:24:41,100.0200,30
2018-08-16 10:24:46,100.0500,59
2018-08-16 10:24:50,100.0100,73
2018-08-16 10:24:52,100.0100,73
2018-08-16 10:24:53,100.0100,73
2018-08-16 10:24:56,100.0200,38
2018-08-16 10:24:57,100.0400,35
2018-08-16 10:24:58,100.0400,35
2018-08-16 10:25:00,100.0200,40
2018-08-16 10:25:01,100.0100,11
2018-08-16 10:25:06,100.0100,11
2018-08-16 10:25:07,100.0000,15
2018-08-16 10:25:11,100.0700,100
2018-08-16 10:25:12,100.0700,100
2018-08-16 10:25:13,100.0600,19
2018-08-16 10:25:14,100.0600,81
2018-08-16 10:25:15,100.0600,72
2018-08-16 10:25:16,100.0900,83
2018-08-16 10:25:18,100.0900,83
2018-08-16 10:25:19,100.0900,83
2018-08-16 10:25:21,100.0900,83
2018-08-16 10:25:23,100.0900,83
2018-08-16 10:25:24,100.0900,83
2018-08-16 10:25:25,100.0300,23
2018-08-16 10:25:26,100.0200,103
2018-08-16 10:25:27,100.0200,103
2018-08-16 10:25:29,99.9800,36
2018-08-16 10:25:31,99.9700,64
2018-08-16 10:25:33,99.9900,36
2018-08-16 10:25:34,99.9900,88
2018-08-16 10:25:36,100.0500,4
2018-08-16 10:25:37,100.0600,67
2018-08-16 10:25:38,100.1100,49
2018-08-16 10:25:40,100.1100,49
2018-08-16 10:25:41,99.9700,45
2018-08-16 10:25:42,99.9800,20
2018-08-16 10:25:43,99.9700,20
2018-08-16 10:25:44,99.9700,20
2018-08-16 10:25:46,99.9500,31
2018-08-16 10:25:47,99.9500,27
2018-08-16 10:25:48,99.9600,4
2018-08-16 10:25:49,99.9600,4
2018-08-16 10:25:50,99.9600,4
2018-08-16 10:25:51,99.9600,27
2018-08-16 10:25:54,99.9600,27
2018-08-16 10:25:55,99.9600,27
2018-08-16 10:25:56,99.9600,30
2018-08-16 10:26:00,99.9600,37
2018-08-16 10:26:01,99.9600,30
2018-08-16 10:26:03,99.9500,73
2018-08-16 10:26:04,99.9400,70
2018-08-16 10:26:06,99.9400,70
2018-08-16 10:26:07,99.9800,30
2018-08-16 10:26:08,99.9400,62
2018-08-16 10:26:09,99.9400,62
2018-08-16 10:26:11,99.9900,10
2018-08-16 10:26:16,99.9600,73
2018-08-16 10:26:20,99.9600,73
2018-08-16 10:26:21,99.9600,28
2018-08-16 10:26:22,99.9600,28
2018-08-16 10:26:23,99.9800,10
2018-08-16 10:26:25,100.0300,14
2018-08-16 10:26:26,99.9600,28
2018-08-16 10:26:31,99.9600,28
2018-08-16 10:26:32,99.9600,28
2018-08-16 10:26:33,99.9600,28
2018-08-16 10:26:34,99.9600,39
2018-08-16 10:26:35,99.9600,39
2018-08-16 10:26:36,100.0000,20
2018-08-16 10:26:38,100.0000,20
2018-08-16 10:26:40,100.0000,20
2018-08-16 10:26:41,99.9700,20
2018-08-16 10:26:42,99.9700,20
2018-08-16 10:26:44,99.9700,44
2018-08-16 10:26:46,99.9100,45
2018-08-16 10:26:50,99.9100,45
2018-08-16 10:26:51,99.9100,45
2018-08-16 10:26:52,99.9400,10
2018-08-16 10:26:53,99.9100,18
2018-08-16 10:26:55,99.9100,18
2018-08-16 10:26:56,99.9100,18
2018-08-16 10:26:58,99.9100,18
2018-08-16 10:26:59,99.9200,35
2018-08-16 10:27:01,99.9100,13
2018-08-16 10:27:03,99.9100,13
2018-08-16 10:27:04,99.9100,13
2018-08-16 10:27:05,99.9100,13
2018-08-16 10:27:06,99.9100,12
2018-08-16 10:27:08,99.9100,89
2018-08-16 10:27:09,99.9100,89
2018-08-16 10:27:10,99.8900,4
2018-08-16 10:27:11,99.9600,37
2018-08-16 10:27:12,99.9600,37
2018-08-16 10:27:13,99.9600,37
2018-08-16 10:27:14,99.9300,30
2018-08-16 10:27:15,99.9300,30
2018-08-16 10:27:17,99.9300,4
2018-08-16 10:27:19,99.9300,4
2018-08-16 10:27:21,100.0200,11
2018-08-16 10:27:22,100.0200,10
2018-08-16 10:27:24,99.9700,28
2018-08-16 10:27:25,100.0000,9
2018-08-16 10:27:26,100.0000,9
2018-08-16 10:27:28,99.9500,30
2018-08-16 10:27:36,99.9300,2
2018-08-16 10:27:39,99.9300,2
2018-08-16 10:27:41,99.9300,2
2018-08-16 10:27:43,99.9500,2
2018-08-16 10:27:45,99.9300,14
2018-08-16 10:27:47,99.9300,14
2018-08-16 10:27:49,100.0400,27
2018-08-16 10:27:51,100.0400,27
2018-08-16 10:27:52,100.0400,27
2018-08-16 10:27:54,100.0400,27
2018-08-16 10:27:55,100.0400,27
2018-08-16 10:27:56,99.9600,10
2018-08-16 10:27:57,99.9800,34
2018-08-16 10:27:58,99.9700,32
2018-08-16 10:28:01,99.9600,32
2018-08-16 10:28:05,99.9600,32
2018-08-16 10:28:06,99.9700,14
2018-08-16 10:28:10,99.9600,21
2018-08-16 10:28:11,99.9600,21
2018-08-16 10:28:16,99.9100,28
2018-08-16 10:28:17,99.9500,43
2018-08-16 10:28:18,99.9500,43
2018-08-16 10:28:19,99.9500,43
2018-08-16 10:28:21,99.9500,43
2018-08-16 10:28:22,99.9300,14
2018-08-16 10:28:25,99.9100,25
2018-08-16 10:28:26,99.8900,9
2018-08-16 10:28:28,99.8900,9
2018-08-16 10:28:30,99.9600,10
2018-08-16 10:28:32,99.9900,4
2018-08-16 10:28:34,99.9900,4
2018-08-16 10:28:35,99.8400,19
2018-08-16 10:28:36,99.8400,13
2018-08-16 10:28:37,99.8400,13
2018-08-16 10:28:41,99.9900,30
2018-08-16 10:28:42,99.9900,50
2018-08-16 10:28:43,99.9700,64
2018-08-16 10:28:44,99.9700,64
2018-08-16 10:28:46,100.0100,56
2018-08-16 10:28:47,100.0000,9
2018-08-16 10:28:48,99.9200,113
2018-08-16 10:28:50,100.0100,47
2018-08-16 10:28:51,100.0300,18
2018-08-16 10:28:54,100.0300,18
2018-08-16 10:28:55,100.0300,18
2018-08-16 10:28:58,99.9500,1
2018-08-16 10:28:59,99.9300,16
2018-08-16 10:29:00,99.9300,16
2018-08-16 10:29:01,99.9100,50
2018-08-16 10:29:02,99.9200,73
2018-08-16 10:29:03,99.9200,73
2018-08-16 10:29:06,99.9000,13
2018-08-16 10:29:07,99.8900,73
2018-08-16 10:29:08,99.8900,73
2018-08-16 10:29:09,99.8900,73
2018-08-16 10:29:10,99.9200,82
2018-08-16 10:29:11,99.9500,23
2018-08-16 10:29:12,99.9500,23
2018-08-16 10:29:13,99.9500,23
2018-08-16 10:29:16,99.9300,8
2018-08-16 10:29:19,99.9300,8
2018-08-16 10:29:20,99.9400,58
2018-08-16 10:29:21,99.9400,58
2018-08-16 10:29:22,99.9800,58
2018-08-16 10:29:24,99.9100,11
2018-08-16 10:29:26,99.8900,47
2018-08-16 10:29:28,99.8900,29
2018-08-16 10:29:30,99.8900,29
2018-08-16 10:29:31,99.9000,36
2018-08-16 10:29:32,99.9000,36
2018-08-16 10:29:33,99.9000,36
2018-08-16 10:29:34,99.9000,36
2018-08-16 10:29:36,99.9000,36
2018-08-16 10:29:37,99.9000,51
2018-08-16 10:29:38,99.9000,51
2018-08-16 10:29:39,99.8900,118
2018-08-16 10:29:41,99.8800,3
2018-08-16 10:29:42,99.8800,25
2018-08-16 10:29:43,99.8800,25
2018-08-16 10:29:44,99.8800,25
2018-08-16 10:29:45,99.8800,25
2018-08-16 10:29:46,99.8800,49
2018-08-16 10:29:50,99.8800,49
2018-08-16 10:29:54,99.8800,49
2018-08-16 10:29:55,99.9000,94
2018-08-16 10:29:56,99.8600,4
2018-08-16 10:29:57,99.8900,4
2018-08-16 10:29:58,99.9000,5
2018-08-16 10:29:59,99.8600,4
2018-08-16 10:30:00,99.8400,81
2018-08-16 10:30:01,99.9100,4
2018-08-16 10:30:02,99.9100,18
2018-08-16 10:30:03,99.9200,28
2018-08-16 10:30:04,99.9000,16
2018-08-16 10:30:06,99.9000,16
2018-08-16 10:30:07,99.9200,12
2018-08-16 10:30:08,99.9200,12
2018-08-16 10:30:09,99.9200,12
2018-08-16 10:30:10,99.9000,21
2018-08-16 10:30:11,99.8900,57
2018-08-16 10:30:12,99.8900,21
2018-08-16 10:30:13,99.8900,21
2018-08-16 10:30:16,99.8900,21
2018-08-16 10:30:17,99.8700,6
2018-08-16 10:30:18,99.8900,82
2018-08-16 10:30:20,99.8500,13
2018-08-16 10:30:21,99.8500,13
2018-08-16 10:30:22,99.8500,102
2018-08-16 10:30:23,99.8500,102
2018-08-16 10:30:25,99.8700,108
2018-08-16 10:30:26,99.7900,56
2018-08-16 10:30:30,99.7900,56
2018-08-16 10:30:31,99.7900,27
2018-08-16 10:30:35,99.7900,19
2018-08-16 10:30:36,99.7800,41
2018-08-16 10:30:37,99.8100,43
2018-08-16 10:30:38,99.8000,42
2018-08-16 10:30:40,99.7800,20
2018-08-16 10:30:41,99.7800,8
2018-08-16 10:30:46,99.8200,62
2018-08-16 10:30:47,99.8100,36
2018-08-16 10:30:48,99.7600,14
2018-08-16 10:30:49,99.7600,14
2018-08-16 10:30:50,99.7600,14
2018-08-16 10:30:51,99.7600,17
2018-08-16 10:30:54,99.7600,7
2018-08-16 10:30:56,99.7600,7
2018-08-16 10:30:57,99.7100,3
2018-08-16 10:30:58,99.7100,58
2018-08-16 10:30:59,99.6800,35
2018-08-16 10:31:00,99.6700,15
2018-08-16 10:31:01,99.7100,50
2018-08-16 10:31:04,99.6700,6
2018-08-16 10:31:05,99.6700,66
2018-08-16 10:31:06,99.7000,20
2018-08-16 10:31:10,99.7000,20
2018-08-16 10:31:11,99.7000,51
2018-08-16 10:31:12,99.7200,33
2018-08-16 10:31:14,99.7200,33
2018-08-16 10:31:15,99.7200,33
2018-08-16 10:31:16,99.8200,10
2018-08-16 10:31:17,99.8200,10
2018-08-16 10:31:19,99.7000,65
2018-08-16 10:31:21,99.7500,46
2018-08-16 10:31:22,99.8300,4
2018-08-16 10:31:23,99.8300,4
2018-08-16 10:31:25,99.8300,4
2018-08-16 10:31:26,99.8300,49
2018-08-16 10:31:27,99.8300,49
2018-08-16 10:31:28,99.7800,24
2018-08-16 10:31:30,99.7900,71
2018-08-16 10:31:31,99.7900,71
2018-08-16 10:31:32,99.8300,43
2018-08-16 10:31:33,99.8300,7
2018-08-16 10:31:35,99.8300,7
2018-08-16 10:31:36,99.7900,25
2018-08-16 10:31:37,99.7600,30
2018-08-16 10:31:38,99.7200,8
2018-08-16 10:31:39,99.7100,12
2018-08-16 10:31:40,99.7100,12
2018-08-16 10:31:41,99.7800,54
2018-08-16 10:31:42,99.7900,33
2018-08-16 10:31:43,99.7900,33
2018-08-16 10:31:46,99.7900,42
2018-08-16 10:31:47,99.7900,42
2018-08-16 10:31:48,99.8300,37
2018-08-16 10:31:49,99.8300,37
2018-08-16 10:31:50,99.8600,88
2018-08-16 10:31:51,99.8600,88
2018-08-16 10:31:54,99.8600,66
2018-08-16 10:31:55,99.8900,37
2018-08-16 10:31:56,99.8800,38
2018-08-16 10:31:59,99.8500,21
2018-08-16 10:32:00,99.8900,41
2018-08-16 10:32:01,99.8500,23
2018-08-16 10:32:02,99.8500,23
2018-08-16 10:32:03,99.8500,100
2018-08-16 10:32:04,99.8400,55
2018-08-16 10:32:05,99.8400,55
2018-08-16 10:32:06,99.8400,40
2018-08-16 10:32:07,99.8400,40
2018-08-16 10:32:09,99.8400,40
2018-08-16 10:32:10,99.8900,40
2018-08-16 10:32:11,99.8400,27
2018-08-16 10:32:12,99.8400,25
2018-08-16 10:32:14,99.8000,19
2018-08-16 10:32:16,99.8000,19
2018-08-16 10:32:17,99.9000,34
2018-08-16 10:32:19,99.9600,21
2018-08-16 10:32:21,99.9700,9
2018-08-16 10:32:27,99.9700,9
2018-08-16 10:32:31,99.9700,9
2018-08-16 10:32:33,100.2000,1
2018-08-16 10:32:35,100.1600,59
2018-08-16 10:32:36,100.1600,59
2018-08-16 10:32:37,100.1600,59
2018-08-16 10:32:39,100.2800,143
2018-08-16 10:32:41,100.2800,143
2018-08-16 10:32:42,100.5000,15
2018-08-16 10:32:43,100.5000,15
2018-08-16 10:32:45,100.5800,26
2018-08-16 10:32:46,100.5800,26
2018-08-16 10:32:47,100.5300,76
2018-08-16 10:32:48,100.5200,3
2018-08-16 10:32:49,100.5200,3
2018-08-16 10:32:50,100.5200,3
2018-08-16 10:32:51,100.5200,9
2018-08-16 10:32:52,100.5300,22
2018-08-16 10:32:53,100.5300,22
2018-08-16 10:32:54,100.5000,18
2018-08-16 10:32:58,100.5000,26
2018-08-16 10:32:59,100.5000,26
2018-08-16 10:33:00,100.4700,4
2018-08-16 10:33:01,100.4800,13
2018-08-16 10:33:03,100.4800,13
2018-08-16 10:33:04,100.4800,13
2018-08-16 10:33:05,100.4800,13
2018-08-16 10:33:06,100.4700,12
2018-08-16 10:33:07,100.5300,18
2018-08-16 10:33:08,100.5300,18
2018-08-16 10:33:10,100.5300,4
2018-08-16 10:33:11,100.5300,38
2018-08-16 10:33:12,100.5300,14
2018-08-16 10:33:13,100.4800,10
2018-08-16 10:33:14,100.4900,89
2018-08-16 10:33:15,100.4500,48
2018-08-16 10:33:16,100.4500,48
2018-08-16 10:33:17,100.4500,48
2018-08-16 10:33:18,100.4500,48
2018-08-16 10:33:19,100.4500,48
2018-08-16 10:33:20,100.4500,48
2018-08-16 10:33:22,100.4500,48
2018-08-16 10:33:24,100.5000,10
2018-08-16 10:33:26,100.5300,35
2018-08-16 10:33:28,100.5300,35
2018-08-16 10:33:31,100.5300,35
2018-08-16 10:33:32,100.5300,35
2018-08-16 10:33:36,100.5300,35
2018-08-16 10:33:37,100.5100,10
2018-08-16 10:33:41,100.5100,10
2018-08-16 10:33:42,100.5100,10
2018-08-16 10:33:44,100.5300,77
2018-08-16 10:33:45,100.5400,1
2018-08-16 10:33:46,100.5400,1
2018-08-16 10:33:47,100.5400,1
2018-08-16 10:33:49,100.5400,1
2018-08-16 10:33:50,100.5400,1
2018-08-16 10:33:51,100.5400,1
2018-08-16 10:33:53,100.5400,1
2018-08-16 10:33:54,100.5400,1
2018-08-16 10:33:55,100.5200,5
2018-08-16 10:33:56,100.5200,5
2018-08-16 10:33:58,100.5200,4
2018-08-16 10:34:00,100.4800,52
2018-08-16 10:34:01,100.5200,35
2018-08-16 10:34:03,100.5200,35
2018-08-16 10:34:04,100.5200,35
2018-08-16 10:34:05,100.4900,5
2018-08-16 10:34:06,100.5100,6
2018-08-16 10:34:07,100.4900,35
2018-08-16 10:34:09,100.4800,35
2018-08-16 10:34:10,100.4700,42
2018-08-16 10:34:11,100.4700,9
2018-08-16 10:34:12,100.4700,71
2018-08-16 10:34:13,100.4700,71
2018-08-16 10:34:15,100.4700,71
2018-08-16 10:34:16,100.4700,28
2018-08-16 10:34:17,100.4500,48
2018-08-16 10:34:18,100.4500,48
2018-08-16 10:34:19,100.4500,15
2018-08-16 10:34:20,100.4700,26
2018-08-16 10:34:22,100.4900,58
2018-08-16 10:34:23,100.4900,58
2018-08-16 10:34:26,100.4900,58
2018-08-16 10:34:31,100.4900,58
2018-08-16 10:34:32,100.4900,58
2018-08-16 10:34:33,100.4900,58
2018-08-16 10:34:34,100.3700,9
2018-08-16 10:34:35,100.4800,60
2018-08-16 10:34:36,100.4800,60
2018-08-16 10:34:37,100.4300,82
2018-08-16 10:34:38,100.4300,82
2018-08-16 10:34:40,100.4300,88
2018-08-16 10:34:43,100.4600,4
2018-08-16 10:34:44,100.4600,1
2018-08-16 10:34:45,100.4600,1
2018-08-16 10:34:46,100.4400,10
2018-08-16 10:34:47,100.4100,7
2018-08-16 10:34:48,100.4100,7
2018-08-16 10:34:49,100.3900,24
2018-08-16 10:34:51,100.3900,14
2018-08-16 10:34:52,100.3900,14
2018-08-16 10:34:53,100.4000,23
2018-08-16 10:34:56,100.4800,42
2018-08-16 10:34:57,100.4800,42
2018-08-16 10:35:00,100.4800,42
2018-08-16 10:35:01,100.4800,42
2018-08-16 10:35:02,100.4400,40
2018-08-16 10:35:03,100.4200,16
2018-08-16 10:35:04,100.3800,31
2018-08-16 10:35:05,100.3800,31
2018-08-16 10:35:06,100.3900,8
2018-08-16 10:35:07,100.3700,18
2018-08-16 10:35:09,100.3400,103
2018-08-16 10:35:10,100.3400,103
2018-08-16 10:35:11,100.3300,23
2018-08-16 10:35:13,100.3500,1
2018-08-16 10:35:15,100.3500,1
2018-08-16 10:35:16,100.3500,8
2018-08-16 10:35:17,100.3300,22
2018-08-16 10:35:18,100.3300,22
2018-08-16 10:35:20,100.3300,22
2018-08-16 10:35:21,100.4600,28
2018-08-16 10:35:22,100.4600,28
2018-08-16 10:35:24,100.4600,28
2018-08-16 10:35:26,100.4600,28
2018-08-16 10:35:28,100.3800,1
2018-08-16 10:35:31,100.3300,48
2018-08-16 10:35:32,100.3300,43
2018-08-16 10:35:33,100.3300,43
2018-08-16 10:35:34,100.4600,51
2018-08-16 10:35:36,100.5100,75
2018-08-16 10:35:38,100.5100,75
2018-08-16 10:35:39,100.5100,75
2018-08-16 10:35:40,100.4800,97
2018-08-16 10:35:41,100.4800,2
2018-08-16 10:35:42,100.5200,66
2018-08-16 10:35:44,100.5200,66
2018-08-16 10:35:45,100.5000,33
2018-08-16 10:35:49,100.5000,33
2018-08-16 10:35:55,100.5000,33
2018-08-16 10:35:56,100.4000,16
2018-08-16 10:35:57,100.4000,16
2018-08-16 10:35:59,100.4000,16
2018-08-16 10:36:00,100.4000,16
2018-08-16 10:36:01,100.4000,16
2018-08-16 10:36:04,100.4100,8
2018-08-16 10:36:05,100.4100,22
2018-08-16 10:36:06,100.4100,22
2018-08-16 10:36:07,100.4100,27
2018-08-16 10:36:11,100.4100,27
2018-08-16 10:36:12,100.4100,11
2018-08-16 10:36:15,100.3800,22
2018-08-16 10:36:16,100.3800,22
2018-08-16 10:36:18,100.3900,97
2018-08-16 10:36:19,100.3500,59
2018-08-16 10:36:20,100.3500,42
2018-08-16 10:36:22,100.3400,41
2018-08-16 10:36:23,100.3400,41
2018-08-16 10:36:26,100.3600,31
2018-08-16 10:36:28,100.3500,4
2018-08-16 10:36:29,100.3400,54
2018-08-16 10:36:31,100.2800,16
2018-08-16 10:36:33,100.2800,16
2018-08-16 10:36:36,100.2800,16
2018-08-16 10:36:37,100.2800,16
2018-08-16 10:36:38,100.2500,101
2018-08-16 10:36:43,100.2500,101
2018-08-16 10:36:45,100.2500,101
2018-08-16 10:36:46,100.2500,29
2018-08-16 10:36:47,100.2500,29
2018-08-16 10:36:48,100.2500,29
2018-08-16 10:36:49,100.2500,29
2018-08-16 10:36:50,100.2500,29
2018-08-16 10:36:51,100.2500,51
2018-08-16 10:36:52,100.2800,36
2018-08-16 10:36:55,100.2700,28
2018-08-16 10:36:56,100.2600,82
2018-08-16 10:36:57,100.2400,4
2018-08-16 10:36:58,100.2400,4
2018-08-16 10:37:00,100.2300,21
2018-08-16 10:37:01,100.2600,36
2018-08-16 10:37:02,100.2600,44
2018-08-16 10:37:06,100.2600,9
2018-08-16 10:37:07,100.2600,9
2018-08-16 10:37:08,100.2400,9
2018-08-16 10:37:11,100.2900,14
2018-08-16 10:37:12,100.3000,31
2018-08-16 10:37:14,100.3100,22
2018-08-16 10:37:15,100.3100,22
2018-08-16 10:37:16,100.3100,22
2018-08-16 10:37:17,100.2700,14
2018-08-16 10:37:18,100.2700,14
2018-08-16 10:37:19,100.2700,14
2018-08-16 10:37:20,100.3100,16
2018-08-16 10:37:21,100.3100,79
2018-08-16 10:37:22,100.2800,9
2018-08-16 10:37:23,100.3300,23
2018-08-16 10:37:25,100.3300,23
2018-08-16 10:37:26,100.3300,23
2018-08-16 10:37:27,100.3300,23
2018-08-16 10:37:29,100.3300,23
2018-08-16 10:37:31,100.2700,9
2018-08-16 10:37:34,100.2500,37
2018-08-16 10:37:36,100.3000,78
2018-08-16 10:37:37,100.2300,20
2018-08-16 10:37:38,100.2300,20
2018-08-16 10:37:39,100.2300,19
2018-08-16 10:37:40,100.2300,4
2018-08-16 10:37:41,100.2300,4
2018-08-16 10:37:43,100.2200,13
2018-08-16 10:37:44,100.2200,13
2018-08-16 10:37:45,100.2200,13
2018-08-16 10:37:46,100.1800,5
2018-08-16 10:37:47,100.1800,6
2018-08-16 10:37:48,100.1900,38
2018-08-16 10:37:49,100.1800,47
2018-08-16 10:37:50,100.1800,47
2018-08-16 10:37:51,100.1800,47
2018-08-16 10:37:52,100.1800,30
2018-08-16 10:37:55,100.1500,5
2018-08-16 10:37:56,100.1500,5
2018-08-16 10:37:57,100.1100,1
2018-08-16 10:37:58,100.1100,1
2018-08-16 10:38:02,100.1100,1
2018-08-16 10:38:04,100.2200,1
2018-08-16 10:38:06,100.2500,37
2018-08-16 10:38:11,100.2100,75
2018-08-16 10:38:12,100.2300,51
2018-08-16 10:38:15,100.2400,50
2018-08-16 10:38:17,100.1300,12
2018-08-16 10:38:19,100.1000,37
2018-08-16 10:38:23,100.1400,104
2018-08-16 10:38:24,100.1400,27
2018-08-16 10:38:26,100.1000,27
2018-08-16 10:38:27,100.1000,27
2018-08-16 10:38:28,100.1300,9
2018-08-16 10:38:29,100.0900,47
2018-08-16 10:38:37,100.1400,10
2018-08-16 10:38:38,100.1000,121
2018-08-16 10:38:40,100.0900,8
2018-08-16 10:38:41,100.1300,60
2018-08-16 10:38:45,100.1700,23
2018-08-16 10:38:46,100.2300,63
2018-08-16 10:38:47,100.2000,119
2018-08-16 10:38:48,100.2000,119
2018-08-16 10:38:49,100.1500,8
2018-08-16 10:38:50,100.1800,1
2018-08-16 10:38:51,100.1600,6
2018-08-16 10:38:54,100.1500,32
2018-08-16 10:38:55,100.1500,12
2018-08-16 10:38:56,100.0800,73
2018-08-16 10:38:58,100.0800,73
2018-08-16 10:39:00,100.0800,9
2018-08-16 10:39:01,100.0800,39
2018-08-16 10:39:03,100.0800,39
2018-08-16 10:39:05,100.0800,21
2018-08-16 10:39:06,100.0900,36
2018-08-16 10:39:08,100.0700,65
2018-08-16 10:39:09,100.0600,46
2018-08-16 10:39:10,100.0600,34
2018-08-16 10:39:11,100.0600,34
2018-08-16 10:39:12,100.0600,68
2018-08-16 10:39:15,100.0900,46
2018-08-16 10:39:16,100.0600,41
2018-08-16 10:39:17,100.0600,41
2018-08-16 10:39:18,100.0600,1
2018-08-16 10:39:19,100.0600,1
2018-08-16 10:39:21,100.0600,1
2018-08-16 10:39:22,100.0800,7
2018-08-16 10:39:25,100.0500,60
2018-08-16 10:39:27,100.0500,60
2018-08-16 10:39:29,100.1300,55
2018-08-16 10:39:30,100.0700,43
2018-08-16 10:39:34,100.1000,14
2018-08-16 10:39:35,100.0900,16
2018-08-16 10:39:36,100.0900,16
2018-08-16 10:39:38,100.0900,43
2018-08-16 10:39:39,100.0900,43
2018-08-16 10:39:40,100.1000,33
2018-08-16 10:39:41,100.1000,8
2018-08-16 10:39:42,100.0900,72
2018-08-16 10:39:43,100.0900,57
2018-08-16 10:39:44,100.0900,57
2018-08-16 10:39:45,100.0900,17
2018-08-16 10:39:46,100.0900,24
2018-08-16 10:39:47,100.0500,62
2018-08-16 10:39:48,100.1000,17
2018-08-16 10:39:49,100.1100,44
2018-08-16 10:39:50,100.0600,2
2018-08-16 10:39:51,100.0500,6
2018-08-16 10:39:52,100.0500,6
2018-08-16 10:39:54,100.1300,3
2018-08-16 10:39:55,100.0800,15
2018-08-16 10:39:56,100.0800,15
2018-08-16 10:39:59,100.1600,35
2018-08-16 10:40:00,100.1100,3
2018-08-16 10:40:01,100.1100,12
2018-08-16 10:40:02,100.1100,12
2018-08-16 10:40:03,100.1600,46
2018-08-16 10:40:04,100.1600,3
2018-08-16 10:40:05,100.1700,46
2018-08-16 10:40:06,100.1800,33
2018-08-16 10:40:07,100.1400,11
2018-08-16 10:40:08,100.1400,11
2018-08-16 10:40:09,100.1800,25
2018-08-16 10:40:12,100.1600,7
2018-08-16 10:40:14,100.1600,7
2018-08-16 10:40:15,100.1800,47
2018-08-16 10:40:16,100.1700,83
2018-08-16 10:40:19,100.2000,21
2018-08-16 10:40:20,100.1900,8
2018-08-16 10:40:23,100.1900,84
2018-08-16 10:40:24,100.2100,29
2018-08-16 10:40:25,100.4800,8
2018-08-16 10:40:26,100.4800,8
2018-08-16 10:40:31,100.4800,8
2018-08-16 10:40:32,100.4800,8
2018-08-16 10:40:33,100.4100,1
2018-08-16 10:40:34,100.5300,3
2018-08-16 10:40:36,100.5300,3
2018-08-16 10:40:37,100.6000,18
2018-08-16 10:40:38,100.6000,18
2018-08-16 10:40:39,100.5900,5
2018-08-16 10:40:41,100.5900,5
2018-08-16 10:40:42,100.5900,33
2018-08-16 10:40:43,100.5000,79
2018-08-16 10:40:44,100.5200,47
2018-08-16 10:40:45,100.5600,54
2018-08-16 10:40:46,100.6200,43
2018-08-16 10:40:51,100.5000,123
2018-08-16 10:40:52,100.5500,15
2018-08-16 10:40:53,100.5100,41
2018-08-16 10:40:54,100.5100,41
2018-08-16 10:40:55,100.5400,116
2018-08-16 10:40:56,100.5400,15
2018-08-16 10:40:58,100.5100,25
2018-08-16 10:40:59,100.5100,25
2018-08-16 10:41:00,100.5100,25
2018-08-16 10:41:01,100.5100,54
2018-08-16 10:41:02,100.5000,27
2018-08-16 10:41:05,100.5400,32
2018-08-16 10:41:06,100.5000,26
2018-08-16 10:41:07,100.5100,84
2018-08-16 10:41:10,100.4500,3
2018-08-16 10:41:14,100.4500,3
2018-08-16 10:41:16,100.4500,3
2018-08-16 10:41:18,100.4500,3
2018-08-16 10:41:21,100.4500,3
2018-08-16 10:41:22,100.5100,8
2018-08-16 10:41:26,100.5400,81
2018-08-16 10:41:27,100.5100,94
2018-08-16 10:41:28,100.5600,21
2018-08-16 10:41:29,100.6200,29
2018-08-16 10:41:32,100.5600,44
2018-08-16 10:41:33,100.6000,33
2018-08-16 10:41:34,100.6000,33
2018-08-16 10:41:36,100.5800,6
2018-08-16 10:41:44,100.6000,6
2018-08-16 10:41:45,100.5700,78
2018-08-16 10:41:46,100.6100,29
2018-08-16 10:41:47,100.6300,22
2018-08-16 10:41:48,100.6300,22
2018-08-16 10:41:49,100.6300,85
2018-08-16 10:41:50,100.6400,40
2018-08-16 10:41:52,100.6400,40
2018-08-16 10:41:54,100.6100,21
2018-08-16 10:41:56,100.6100,21
2018-08-16 10:41:57,100.6100,21
2018-08-16 10:41:58,100.6100,21
2018-08-16 10:42:00,100.6100,21
2018-08-16 10:42:01,100.6100,21
2018-08-16 10:42:02,100.6400,75
2018-08-16 10:42:04,100.6400,75
2018-08-16 10:42:05,100.6400,75
2018-08-16 10:42:06,100.6400,75
2018-08-16 10:42:07,100.6300,6
2018-08-16 10:42:08,100.6300,6
2018-08-16 10:42:09,100.6400,3
2018-08-16 10:42:10,100.6400,49
2018-08-16 10:42:11,100.6200,34
2018-08-16 10:42:12,100.6600,1
2018-08-16 10:42:13,100.6600,1
2018-08-16 10:42:14,100.6500,1
2018-08-16 10:42:17,100.6500,27
2018-08-16 10:42:18,100.6500,55
2018-08-16 10:42:19,100.6500,55
2018-08-16 10:42:20,100.6500,55
2018-08-16 10:42:21,100.6500,45
2018-08-16 10:42:22,100.6500,45
2018-08-16 10:42:25,100.6600,10
2018-08-16 10:42:26,100.6800,10
2018-08-16 10:42:27,100.6800,10
2018-08-16 10:42:28,100.6700,24
2018-08-16 10:42:31,100.6700,14
2018-08-16 10:42:32,100.6500,4
2018-08-16 10:42:34,100.6500,63
2018-08-16 10:42:36,100.6600,10
2018-08-16 10:42:37,100.6900,2
2018-08-16 10:42:39,100.6600,4
2018-08-16 10:42:41,100.6600,4
2018-08-16 10:42:42,100.6600,2
2018-08-16 10:42:43,100.6500,2
2018-08-16 10:42:45,100.6500,2
2018-08-16 10:42:46,100.6500,11
2018-08-16 10:42:47,100.5900,2
2018-08-16 10:42:48,100.5900,49
2018-08-16 10:42:51,100.6300,35
2018-08-16 10:42:52,100.6200,13
2018-08-16 10:42:54,100.6200,13
2018-08-16 10:42:55,100.6200,35
2018-08-16 10:42:56,100.6000,50
2018-08-16 10:42:57,100.5900,18
2018-08-16 10:42:59,100.5900,34
2018-08-16 10:43:00,100.5900,34
2018-08-16 10:43:01,100.5900,34
2018-08-16 10:43:02,100.5900,34
2018-08-16 10:43:03,100.6400,4
2018-08-16 10:43:06,100.6900,23
2018-08-16 10:43:07,100.6700,23
2018-08-16 10:43:08,100.6700,23
2018-08-16 10:43:11,100.6400,66
2018-08-16 10:43:12,100.6400,66
2018-08-16 10:43:13,100.6700,35
2018-08-16 10:43:14,100.6800,133
2018-08-16 10:43:15,100.6800,133
2018-08-16 10:43:16,100.6800,133
2018-08-16 10:43:18,100.6700,3
2018-08-16 10:43:20,100.6500,3
2018-08-16 10:43:21,100.6400,3
2018-08-16 10:43:22,100.6100,84
2018-08-16 10:43:24,100.5800,83
2018-08-16 10:43:25,100.5800,3
2018-08-16 10:43:26,100.6700,38
2018-08-16 10:43:27,100.7000,71
2018-08-16 10:43:28,100.7000,71
2018-08-16 10:43:31,100.6500,56
2018-08-16 10:43:32,100.6500,56
2018-08-16 10:43:33,100.6500,56
2018-08-16 10:43:35,100.6500,31
2018-08-16 10:43:37,100.5600,56
2018-08-16 10:43:38,100.5500,39
2018-08-16 10:43:40,100.5500,39
2018-08-16 10:43:41,100.5500,39
2018-08-16 10:43:42,100.5500,39
2018-08-16 10:43:43,100.5500,39
2018-08-16 10:43:44,100.5500,39
2018-08-16 10:43:46,100.5500,39
2018-08-16 10:43:47,100.5500,39
2018-08-16 10:43:49,100.5500,39
2018-08-16 10:43:51,100.5500,39
2018-08-16 10:43:52,100.5500,39
2018-08-16 10:43:56,100.6300,69
2018-08-16 10:43:57,100.6900,22
2018-08-16 10:43:58,100.6500,47
2018-08-16 10:43:59,100.6500,22
2018-08-16 10:44:00,100.6500,22
2018-08-16 10:44:02,100.6500,22
2018-08-16 10:44:03,100.6500,22
2018-08-16 10:44:06,100.6900,67
2018-08-16 10:44:07,100.6600,55
2018-08-16 10:44:08,100.6600,8
2018-08-16 10:44:09,100.6600,8
2018-08-16 10:44:11,100.6600,2
2018-08-16 10:44:12,100.6600,8
2018-08-16 10:44:13,100.6600,8
2018-08-16 10:44:15,100.6600,8
2018-08-16 10:44:16,100.6600,4
2018-08-16 10:44:17,100.6600,4
2018-08-16 10:44:19,100.6600,54
2018-08-16 10:44:22,100.7100,2
2018-08-16 10:44:26,100.7100,22
2018-08-16 10:44:27,100.6700,22
2018-08-16 10:44:28,100.7100,22
2018-08-16 10:44:31,100.6500,76
2018-08-16 10:44:32,100.6500,76
2018-08-16 10:44:33,100.6700,55
2018-08-16 10:44:36,100.6700,44
2018-08-16 10:44:41,100.6900,69
2018-08-16 10:44:42,100.6900,69
2018-08-16 10:44:44,100.6200,51
2018-08-16 10:44:45,100.6200,51
2018-08-16 10:44:46,100.6100,7
2018-08-16 10:44:47,100.6600,90
2018-08-16 10:44:48,100.6600,90
2018-08-16 10:44:50,100.6600,90
2018-08-16 10:44:52,100.6600,90
2018-08-16 10:44:53,100.6900,49
2018-08-16 10:44:55,100.6900,44
2018-08-16 10:44:56,100.7100,14
2018-08-16 10:44:58,100.7100,14
2018-08-16 10:44:59,100.7100,14
2018-08-16 10:45:00,100.7100,14
2018-08-16 10:45:01,100.7100,14
2018-08-16 10:45:02,100.6400,165
2018-08-16 10:45:04,100.6400,11
2018-08-16 10:45:06,100.6100,25
2018-08-16 10:45:09,100.6100,25
2018-08-16 10:45:11,100.6100,25
2018-08-16 10:45:12,100.6400,64
2018-08-16 10:45:13,100.6700,16
2018-08-16 10:45:14,100.6700,16
2018-08-16 10:45:16,100.6700,11
2018-08-16 10:45:17,100.6200,34
2018-08-16 10:45:18,100.6200,53
2018-08-16 10:45:19,100.6200,53
2018-08-16 10:45:20,100.6200,53
2018-08-16 10:45:21,100.6200,19
2018-08-16 10:45:22,100.6200,19
2018-08-16 10:45:26,100.6200,19
2018-08-16 10:45:27,100.6200,19
2018-08-16 10:45:28,100.6200,19
2018-08-16 10:45:31,100.7100,78
2018-08-16 10:45:32,100.7100,31
2018-08-16 10:45:33,100.7500,20
2018-08-16 10:45:34,100.6900,75
2018-08-16 10:45:35,100.6900,75
2018-08-16 10:45:36,100.6800,26
2018-08-16 10:45:37,100.6900,14
2018-08-16 10:45:39,100.7300,30
2018-08-16 10:45:40,100.7500,65
2018-08-16 10:45:41,100.7500,65
2018-08-16 10:45:43,100.7500,65
2018-08-16 10:45:44,100.7600,40
2018-08-16 10:45:45,100.7300,19
2018-08-16 10:45:46,100.7900,105
2018-08-16 10:45:47,100.7800,23
2018-08-16 10:45:49,100.7800,23
2018-08-16 10:45:52,100.7800,21
2018-08-16 10:45:53,100.7800,21
2018-08-16 10:45:54,100.7800,21
2018-08-16 10:45:55,100.7800,21
2018-08-16 10:45:56,100.8300,98
2018-08-16 10:45:58,100.8300,11
2018-08-16 10:45:59,100.8500,1
2018-08-16 10:46:01,100.8500,1
2018-08-16 10:46:02,100.8500,1
2018-08-16 10:46:05,100.8900,48
2018-08-16 10:46:07,100.9500,55
2018-08-16 10:46:11,100.9500,3
2018-08-16 10:46:13,100.9200,11
2018-08-16 10:46:14,100.9000,11
2018-08-16 10:46:15,100.9500,24
2018-08-16 10:46:16,100.9500,24
2018-08-16 10:46:17,100.9500,3
2018-08-16 10:46:20,100.9500,3
2018-08-16 10:46:21,100.9500,3
2018-08-16 10:46:22,101.0100,51
2018-08-16 10:46:24,101.0100,3
2018-08-16 10:46:26,101.0100,3
2018-08-16 10:46:27,101.0100,3
2018-08-16 10:46:28,101.0100,3
2018-08-16 10:46:29,101.0100,3
2018-08-16 10:46:30,101.0100,3
2018-08-16 10:46:31,101.0100,4
2018-08-16 10:46:32,101.0000,119
2018-08-16 10:46:33,101.0000,119
2018-08-16 10:46:34,101.0000,31
2018-08-16 10:46:37,100.9700,12
2018-08-16 10:46:39,100.9700,12
2018-08-16 10:46:40,100.9700,42
2018-08-16 10:46:41,101.0100,21
2018-08-16 10:46:42,101.0100,16
2018-08-16 10:46:43,101.0100,41
2018-08-16 10:46:44,101.0100,41
2018-08-16 10:46:46,101.0100,41
2018-08-16 10:46:47,101.0100,6
2018-08-16 10:46:48,101.0100,6
2018-08-16 10:46:49,101.0100,30
2018-08-16 10:46:51,101.0100,5
2018-08-16 10:46:52,101.0100,6
2018-08-16 10:46:54,101.0600,120
2018-08-16 10:46:55,101.0600,83
2018-08-16 10:46:56,101.0700,1
2018-08-16 10:46:57,101.0400,1
2018-08-16 10:46:58,100.9700,16
2018-08-16 10:47:01,100.9700,16
2018-08-16 10:47:02,100.9700,16
2018-08-16 10:47:03,101.0600,21
2018-08-16 10:47:06,101.0800,6
2018-08-16 10:47:07,101.0800,6
2018-08-16 10:47:10,101.0800,6
2018-08-16 10:47:13,101.0800,6
2018-08-16 10:47:15,101.0200,3
2018-08-16 10:47:16,101.0800,107
2018-08-16 10:47:17,101.0800,107
2018-08-16 10:47:21,101.0400,97
2018-08-16 10:47:22,101.0500,63
2018-08-16 10:47:24,100.9800,48
2018-08-16 10:47:26,101.0200,38
2018-08-16 10:47:27,101.0200,38
2018-08-16 10:47:28,100.9800,17
2018-08-16 10:47:29,101.0300,4
2018-08-16 10:47:30,101.0900,44
2018-08-16 10:47:32,101.0500,28
2018-08-16 10:47:35,101.0400,102
2018-08-16 10:47:36,101.0400,4
2018-08-16 10:47:37,101.0700,13
2018-08-16 10:47:42,101.0700,30
2018-08-16 10:47:43,101.0600,30
2018-08-16 10:47:46,101.0600,30
2018-08-16 10:47:47,101.0600,5
2018-08-16 10:47:48,101.0600,5
2018-08-16 10:47:51,101.0900,40
2018-08-16 10:47:53,101.0900,40
2018-08-16 10:47:54,101.0700,6
2018-08-16 10:47:56,101.0900,23
2018-08-16 10:47:59,101.0700,61
2018-08-16 10:48:00,101.0600,3
2018-08-16 10:48:01,101.1000,87
2018-08-16 10:48:02,101.1000,23
2018-08-16 10:48:04,101.1000,32
2018-08-16 10:48:06,101.1000,32
2018-08-16 10:48:08,101.1000,32
2018-08-16 10:48:09,101.1200,68
2018-08-16 10:48:10,101.0600,5
2018-08-16 10:48:11,101.0500,106
2018-08-16 10:48:12,101.0400,3
2018-08-16 10:48:13,101.0400,3
2018-08-16 10:48:15,101.0400,3
2018-08-16 10:48:16,101.0400,3
2018-08-16 10:48:17,101.0400,3
2018-08-16 10:48:18,101.0400,3
2018-08-16 10:48:19,101.0400,3
2018-08-16 10:48:20,101.0200,29
2018-08-16 10:48:21,101.1300,18
2018-08-16 10:48:23,101.1300,18
2018-08-16 10:48:24,101.1300,18
2018-08-16 10:48:26,101.1300,18
2018-08-16 10:48:27,101.1300,18
2018-08-16 10:48:29,101.1300,104
2018-08-16 10:48:30,101.1300,104
2018-08-16 10:48:31,101.1300,104
2018-08-16 10:48:32,101.1300,104
2018-08-16 10:48:34,101.1300,104
2018-08-16 10:48:35,101.0700,23
2018-08-16 10:48:37,101.0700,23
2018-08-16 10:48:40,101.1100,4
2018-08-16 10:48:41,101.1200,45
2018-08-16 10:48:42,101.1300,48
2018-08-16 10:48:45,101.1200,1
2018-08-16 10:48:46,101.1300,2
2018-08-16 10:48:47,101.1300,14
2018-08-16 10:48:48,101.1400,24
2018-08-16 10:48:50,101.1500,39
2018-08-16 10:48:51,101.1500,39
2018-08-16 10:48:52,101.1500,39
2018-08-16 10:48:53,101.1500,39
2018-08-16 10:48:54,101.2300,26
2018-08-16 10:48:55,101.2300,26
2018-08-16 10:48:56,101.2300,17
2018-08-16 10:48:57,101.2000,14
2018-08-16 10:49:00,101.2000,14
2018-08-16 10:49:01,101.1900,26
2018-08-16 10:49:02,101.1900,26
2018-08-16 10:49:05,101.1900,11
2018-08-16 10:49:06,101.1900,71
2018-08-16 10:49:07,101.2000,21
2018-08-16 10:49:09,101.2000,21
2018-08-16 10:49:10,101.2000,21
2018-08-16 10:49:13,101.1300,5
2018-08-16 10:49:16,101.1300,32
2018-08-16 10:49:19,101.1300,35
2018-08-16 10:49:20,101.1300,35
2018-08-16 10:49:21,101.2000,64
2018-08-16 10:49:24,101.1600,16
2018-08-16 10:49:25,101.1300,60
2018-08-16 10:49:26,101.1700,87
2018-08-16 10:49:27,101.1700,87
2018-08-16 10:49:28,101.2100,27
2018-08-16 10:49:29,101.2100,10
2018-08-16 10:49:30,101.2800,10
2018-08-16 10:49:31,101.2600,9
2018-08-16 10:49:32,101.2800,16
2018-08-16 10:49:35,101.2800,46
2018-08-16 10:49:36,101.3200,24
2018-08-16 10:49:37,101.3200,22
2018-08-16 10:49:41,101.4000,1
2018-08-16 10:49:43,101.4000,52
2018-08-16 10:49:46,101.4000,7
2018-08-16 10:49:47,101.4100,7
2018-08-16 10:49:48,101.4500,93
2018-08-16 10:49:49,101.4500,93
2018-08-16 10:49:51,101.4500,93
2018-08-16 10:49:52,101.4500,93
2018-08-16 10:49:53,101.7300,1
2018-08-16 10:49:54,101.7400,1
2018-08-16 10:49:55,101.4000,44
2018-08-16 10:49:56,101.4000,44
2018-08-16 10:49:58,101.4000,44
2018-08-16 10:50:00,101.4000,44
2018-08-16 10:50:02,101.4000,44
2018-08-16 10:50:03,101.4800,13
2018-08-16 10:50:05,101.5000,12
2018-08-16 10:50:07,101.5100,79
2018-08-16 10:50:10,101.5000,17
2018-08-16 10:50:11,101.5500,107
2018-08-16 10:50:12,101.5500,107
2018-08-16 10:50:13,101.5500,107
2018-08-16 10:50:15,101.7200,30
2018-08-16 10:50:18,101.6800,36
2018-08-16 10:50:20,101.7400,3
2018-08-16 10:50:21,101.6900,32
2018-08-16 10:50:23,101.6900,32
2018-08-16 10:50:24,101.6900,32
2018-08-16 10:50:25,101.6900,32
2018-08-16 10:50:26,101.6900,32
2018-08-16 10:50:27,101.6900,32
2018-08-16 10:50:29,101.7200,6
2018-08-16 10:50:33,101.7100,15
2018-08-16 10:50:34,101.7100,15
2018-08-16 10:50:35,101.7100,15
2018-08-16 10:50:36,101.7500,139
2018-08-16 10:50:38,101.7500,28
2018-08-16 10:50:39,101.7100,28
2018-08-16 10:50:40,101.6900,6
2018-08-16 10:50:41,101.7100,39
2018-08-16 10:50:42,101.6700,6
2018-08-16 10:50:43,101.6700,24
2018-08-16 10:50:44,101.7200,47
2018-08-16 10:50:46,101.6700,135
2018-08-16 10:50:49,101.6700,135
2018-08-16 10:50:50,101.6700,135
2018-08-16 10:50:52,101.5700,29
