timestamp,price,size
2018-08-16 09:30:24,99.8800,117
2018-08-16 09:30:26,99.8600,1
2018-08-16 09:30:27,99.8600,1
2018-08-16 09:30:28,99.8800,4
2018-08-16 09:30:29,99.8900,48
2018-08-16 09:30:30,99.9100,4
2018-08-16 09:30:31,99.9100,4
2018-08-16 09:30:32,99.9100,4
2018-08-16 09:30:34,99.9100,4
2018-08-16 09:30:35,99.9100,4
2018-08-16 09:30:36,99.9100,4
2018-08-16 09:30:39,99.8700,40
2018-08-16 09:30:40,99.9600,48
2018-08-16 09:30:42,100.0100,55
2018-08-16 09:30:44,100.0100,55
2018-08-16 09:30:45,100.0600,12
2018-08-16 09:30:48,100.0100,12
2018-08-16 09:30:50,99.9800,18
2018-08-16 09:30:51,100.0100,47
2018-08-16 09:30:52,100.0300,21
2018-08-16 09:30:53,100.0300,21
2018-08-16 09:30:54,100.0300,21
2018-08-16 09:30:55,100.0300,21
2018-08-16 09:30:57,100.0300,21
2018-08-16 09:30:58,100.0300,21
2018-08-16 09:30:59,99.9800,68
2018-08-16 09:31:00,99.9600,10
2018-08-16 09:31:02,100.0000,44
2018-08-16 09:31:04,100.0200,59
2018-08-16 09:31:06,100.0600,6
2018-08-16 09:31:10,99.9000,24
2018-08-16 09:31:14,99.9600,92
2018-08-16 09:31:15,99.9900,35
2018-08-16 09:31:18,99.9900,35
2018-08-16 09:31:20,99.9100,16
2018-08-16 09:31:21,99.9100,16
2018-08-16 09:31:23,99.9000,41
2018-08-16 09:31:24,99.8500,51
2018-08-16 09:31:26,99.8500,51
2018-08-16 09:31:27,99.8500,51
2018-08-16 09:31:29,99.8500,52
2018-08-16 09:31:30,99.8500,26
2018-08-16 09:31:31,99.8500,26
2018-08-16 09:31:34,99.8500,26
2018-08-16 09:31:35,99.8500,26
2018-08-16 09:31:36,99.8500,26
2018-08-16 09:31:37,99.8500,26
2018-08-16 09:31:38,99.9000,83
2018-08-16 09:31:40,99.8500,10
2018-08-16 09:31:41,99.9700,91
2018-08-16 09:31:42,99.8700,22
2018-08-16 09:31:43,99.8400,9
2018-08-16 09:31:44,99.8400,9
2018-08-16 09:31:45,99.8400,9
2018-08-16 09:31:46,99.8400,9
2018-08-16 09:31:48,99.8400,9
2018-08-16 09:31:50,99.8400,9
2018-08-16 09:31:51,99.8400,9
2018-08-16 09:31:52,99.8400,73
2018-08-16 09:31:53,99.8400,8
2018-08-16 09:31:55,99.9600,41
2018-08-16 09:31:56,99.9900,45
2018-08-16 09:31:57,99.9900,30
2018-08-16 09:31:58,100.0100,11
2018-08-16 09:31:59,100.0100,11
2018-08-16 09:32:00,99.9900,25
2018-08-16 09:32:01,99.9900,25
2018-08-16 09:32:02,99.9900,25
2018-08-16 09:32:03,99.9700,52
2018-08-16 09:32:04,99.9600,80
2018-08-16 09:32:05,99.9300,29
2018-08-16 09:32:10,99.9300,29
2018-08-16 09:32:13,99.9200,30
2018-08-16 09:32:15,99.9800,28
2018-08-16 09:32:16,100.0200,28
2018-08-16 09:32:20,99.9200,52
2018-08-16 09:32:23,99.9200,52
2018-08-16 09:32:24,99.9100,74
2018-08-16 09:32:25,99.9500,46
2018-08-16 09:32:27,100.0100,64
2018-08-16 09:32:28,100.0000,64
2018-08-16 09:32:30,100.0000,30
2018-08-16 09:32:31,100.0000,30
2018-08-16 09:32:32,100.0000,30
2018-08-16 09:32:34,100.0000,30
2018-08-16 09:32:36,100.0000,30
2018-08-16 09:32:39,100.0000,30
2018-08-16 09:32:40,100.0100,45
2018-08-16 09:32:41,100.0000,88
2018-08-16 09:32:43,100.0100,46
2018-08-16 09:32:44,100.0400,24
2018-08-16 09:32:45,100.0000,40
2018-08-16 09:32:46,99.9600,32
2018-08-16 09:32:50,99.9600,32
2018-08-16 09:32:51,100.0400,44
2018-08-16 09:32:52,100.1100,111
2018-08-16 09:32:53,100.1200,9
2018-08-16 09:32:54,100.1200,9
2018-08-16 09:32:55,100.1200,9
2018-08-16 09:32:56,100.1200,9
2018-08-16 09:32:59,100.1200,9
2018-08-16 09:33:01,100.1200,9
2018-08-16 09:33:06,100.1200,9
2018-08-16 09:33:08,100.1200,9
2018-08-16 09:33:09,100.1200,9
2018-08-16 09:33:10,100.1200,9
2018-08-16 09:33:11,100.1200,9
2018-08-16 09:33:12,100.0100,15
2018-08-16 09:33:14,99.9300,12
2018-08-16 09:33:15,99.9300,12
2018-08-16 09:33:16,99.9300,12
2018-08-16 09:33:17,99.9300,12
2018-08-16 09:33:18,100.0400,41
2018-08-16 09:33:20,100.0400,26
2018-08-16 09:33:22,100.0800,26
2018-08-16 09:33:23,100.1300,52
2018-08-16 09:33:24,100.0400,51
2018-08-16 09:33:25,100.0400,51
2018-08-16 09:33:26,100.0400,51
2018-08-16 09:33:27,100.0400,51
2018-08-16 09:33:29,99.9700,51
2018-08-16 09:33:30,99.9700,51
2018-08-16 09:33:31,100.0100,47
2018-08-16 09:33:32,100.0100,47
2018-08-16 09:33:33,100.0100,47
2018-08-16 09:33:35,100.0100,47
2018-08-16 09:33:36,100.0500,18
2018-08-16 09:33:37,100.0500,18
2018-08-16 09:33:40,100.0500,14
2018-08-16 09:33:41,100.0900,41
2018-08-16 09:33:42,100.0900,41
2018-08-16 09:33:43,100.0900,42
2018-08-16 09:33:45,100.0800,3
2018-08-16 09:33:46,100.0800,3
2018-08-16 09:33:47,100.0800,3
2018-08-16 09:33:48,100.0800,18
2018-08-16 09:33:50,100.0800,18
2018-08-16 09:33:51,100.0400,47
2018-08-16 09:33:53,100.0200,64
2018-08-16 09:33:55,99.9900,30
2018-08-16 09:33:56,99.9900,30
2018-08-16 09:33:57,99.9900,30
2018-08-16 09:33:59,99.9900,30
2018-08-16 09:34:00,99.9800,122
2018-08-16 09:34:01,99.9700,25
2018-08-16 09:34:02,99.9700,25
2018-08-16 09:34:03,99.9700,25
2018-08-16 09:34:04,99.9700,25
2018-08-16 09:34:06,99.9700,25
2018-08-16 09:34:12,100.0200,23
2018-08-16 09:34:13,100.0600,93
2018-08-16 09:34:15,100.0000,32
2018-08-16 09:34:16,100.0000,32
2018-08-16 09:34:17,99.9700,42
2018-08-16 09:34:19,99.9700,42
2018-08-16 09:34:20,99.9200,9
2018-08-16 09:34:21,99.9500,55
2018-08-16 09:34:22,99.9500,55
2018-08-16 09:34:23,99.9500,55
2018-08-16 09:34:24,99.9500,55
2018-08-16 09:34:25,99.9500,55
2018-08-16 09:34:26,99.9500,55
2018-08-16 09:34:27,99.9500,55
2018-08-16 09:34:28,99.9500,55
2018-08-16 09:34:30,99.9200,43
2018-08-16 09:34:32,99.9100,1
2018-08-16 09:34:33,99.9100,1
2018-08-16 09:34:35,99.9500,56
2018-08-16 09:34:37,99.9500,56
2018-08-16 09:34:39,99.9500,95
2018-08-16 09:34:40,99.9500,95
2018-08-16 09:34:41,99.9200,7
2018-08-16 09:34:42,99.9200,49
2018-08-16 09:34:43,99.9300,7
2018-08-16 09:34:44,99.9300,7
2018-08-16 09:34:45,99.9300,7
2018-08-16 09:34:46,99.9300,7
2018-08-16 09:34:47,99.9300,7
2018-08-16 09:34:49,99.9300,7
2018-08-16 09:34:50,99.9400,38
2018-08-16 09:34:52,99.9400,59
2018-08-16 09:34:53,99.8800,56
2018-08-16 09:34:56,99.8800,56
2018-08-16 09:34:57,99.8800,56
2018-08-16 09:34:59,99.8800,56
2018-08-16 09:35:00,99.8800,56
2018-08-16 09:35:01,99.8800,56
2018-08-16 09:35:02,99.8800,56
2018-08-16 09:35:04,99.8900,16
2018-08-16 09:35:05,99.8900,16
2018-08-16 09:35:06,99.9200,28
2018-08-16 09:35:08,99.9300,108
2018-08-16 09:35:10,99.9300,108
2018-08-16 09:35:11,99.9300,108
2018-08-16 09:35:13,99.9800,28
2018-08-16 09:35:14,99.8800,8
2018-08-16 09:35:15,99.8800,8
2018-08-16 09:35:16,99.8800,8
2018-08-16 09:35:17,99.8800,8
2018-08-16 09:35:19,99.8800,8
2018-08-16 09:35:21,99.8800,8
2018-08-16 09:35:22,99.8800,8
2018-08-16 09:35:24,99.9800,35
2018-08-16 09:35:25,99.9800,44
2018-08-16 09:35:26,100.0600,39
2018-08-16 09:35:27,100.0600,39
2018-08-16 09:35:28,100.0600,39
2018-08-16 09:35:31,100.0600,39
2018-08-16 09:35:32,100.0600,39
2018-08-16 09:35:33,100.0600,39
2018-08-16 09:35:34,99.9900,28
2018-08-16 09:35:35,99.9900,28
2018-08-16 09:35:39,100.0500,37
2018-08-16 09:35:40,100.0000,7
2018-08-16 09:35:41,100.0600,70
2018-08-16 09:35:42,100.0600,70
2018-08-16 09:35:44,100.0600,70
2018-08-16 09:35:45,100.0600,70
2018-08-16 09:35:47,100.0600,70
2018-08-16 09:35:51,100.0600,70
2018-08-16 09:35:53,100.0600,70
2018-08-16 09:35:54,100.0600,25
2018-08-16 09:35:56,100.0600,25
2018-08-16 09:35:57,100.0100,4
2018-08-16 09:35:58,100.0100,4
2018-08-16 09:36:00,100.0100,4
2018-08-16 09:36:01,100.0100,4
2018-08-16 09:36:02,100.0600,14
2018-08-16 09:36:03,100.0500,28
2018-08-16 09:36:05,100.0100,28
2018-08-16 09:36:06,99.9800,32
2018-08-16 09:36:07,99.9800,32
2018-08-16 09:36:09,99.9800,116
2018-08-16 09:36:10,99.9200,14
2018-08-16 09:36:11,99.9200,14
2018-08-16 09:36:13,99.9200,14
2018-08-16 09:36:14,99.9200,14
2018-08-16 09:36:15,100.0500,33
2018-08-16 09:36:16,100.0700,25
2018-08-16 09:36:18,100.0700,60
2018-08-16 09:36:19,100.0700,7
2018-08-16 09:36:21,100.0700,7
2018-08-16 09:36:23,100.0700,7
2018-08-16 09:36:24,100.0300,45
2018-08-16 09:36:25,100.0300,45
2018-08-16 09:36:26,100.0300,45
2018-08-16 09:36:30,100.0300,45
2018-08-16 09:36:31,100.0500,21
2018-08-16 09:36:32,100.0600,35
2018-08-16 09:36:34,100.0700,27
2018-08-16 09:36:35,100.0600,27
2018-08-16 09:36:38,100.1100,72
2018-08-16 09:36:39,100.1100,72
2018-08-16 09:36:40,100.1100,72
2018-08-16 09:36:41,100.1100,72
2018-08-16 09:36:45,100.1100,72
2018-08-16 09:36:46,100.1100,72
2018-08-16 09:36:50,100.1100,72
2018-08-16 09:36:51,100.1100,72
2018-08-16 09:36:52,100.0900,16
2018-08-16 09:36:56,100.0200,14
2018-08-16 09:36:58,100.0200,14
2018-08-16 09:37:00,100.0300,43
2018-08-16 09:37:01,100.0800,26
2018-08-16 09:37:02,100.0800,26
2018-08-16 09:37:03,100.0800,26
2018-08-16 09:37:04,100.0800,26
2018-08-16 09:37:05,100.1000,1
2018-08-16 09:37:06,100.1000,1
2018-08-16 09:37:08,100.1100,3
2018-08-16 09:37:09,100.1100,41
2018-08-16 09:37:10,100.1400,81
2018-08-16 09:37:11,100.1500,53
2018-08-16 09:37:16,100.1500,53
2018-08-16 09:37:17,100.1000,54
2018-08-16 09:37:18,100.1500,16
2018-08-16 09:37:19,100.1500,16
2018-08-16 09:37:20,100.1600,6
2018-08-16 09:37:22,100.1500,51
2018-08-16 09:37:26,100.1400,59
2018-08-16 09:37:30,100.1700,40
2018-08-16 09:37:31,100.1700,19
2018-08-16 09:37:32,100.2000,58
2018-08-16 09:37:33,100.2000,58
2018-08-16 09:37:34,100.1600,55
2018-08-16 09:37:35,100.1600,15
2018-08-16 09:37:36,100.1600,40
2018-08-16 09:37:37,100.1600,42
2018-08-16 09:37:39,100.1100,82
2018-08-16 09:37:40,100.1100,82
2018-08-16 09:37:41,100.1100,82
2018-08-16 09:37:42,100.1100,82
2018-08-16 09:37:45,100.1100,82
2018-08-16 09:37:46,100.1200,2
2018-08-16 09:37:47,100.1200,21
2018-08-16 09:37:48,100.1200,21
2018-08-16 09:37:50,100.1200,21
2018-08-16 09:37:51,100.1200,54
2018-08-16 09:37:52,100.1200,54
2018-08-16 09:37:55,100.1200,54
2018-08-16 09:37:56,100.1200,54
2018-08-16 09:37:57,100.1200,54
2018-08-16 09:37:58,100.1200,54
2018-08-16 09:37:59,100.1200,54
2018-08-16 09:38:00,100.1100,15
2018-08-16 09:38:01,100.1100,15
2018-08-16 09:38:02,100.1100,15
2018-08-16 09:38:03,100.1100,15
2018-08-16 09:38:05,100.1100,15
2018-08-16 09:38:11,100.1000,8
2018-08-16 09:38:12,100.1100,8
2018-08-16 09:38:14,100.1300,6
2018-08-16 09:38:15,100.1000,8
2018-08-16 09:38:16,100.1000,13
2018-08-16 09:38:17,100.1400,85
2018-08-16 09:38:20,100.1400,85
2018-08-16 09:38:21,100.1400,85
2018-08-16 09:38:23,100.1300,1
2018-08-16 09:38:25,100.2100,44
2018-08-16 09:38:26,100.1200,46
2018-08-16 09:38:27,100.2300,63
2018-08-16 09:38:31,100.1700,45
2018-08-16 09:38:33,100.2000,84
2018-08-16 09:38:36,100.1200,45
2018-08-16 09:38:40,100.1200,45
2018-08-16 09:38:41,100.1200,45
2018-08-16 09:38:42,100.1200,45
2018-08-16 09:38:43,100.1500,32
2018-08-16 09:38:44,100.0800,9
2018-08-16 09:38:45,100.0800,7
2018-08-16 09:38:46,100.0800,7
2018-08-16 09:38:48,100.0800,7
2018-08-16 09:38:49,100.1300,2
2018-08-16 09:38:50,100.1300,2
2018-08-16 09:38:51,100.1300,39
2018-08-16 09:38:53,100.1300,39
2018-08-16 09:38:55,100.1300,1
2018-08-16 09:38:57,100.1300,11
2018-08-16 09:38:58,100.1300,11
2018-08-16 09:39:00,100.1400,68
2018-08-16 09:39:01,100.0800,30
2018-08-16 09:39:05,100.1500,24
2018-08-16 09:39:07,100.1500,24
2018-08-16 09:39:08,100.1500,24
2018-08-16 09:39:09,100.1500,24
2018-08-16 09:39:10,100.1500,20
2018-08-16 09:39:13,100.1000,3
2018-08-16 09:39:14,100.0600,3
2018-08-16 09:39:15,100.0600,3
2018-08-16 09:39:16,100.0400,55
2018-08-16 09:39:19,100.0400,55
2018-08-16 09:39:20,100.0200,13
2018-08-16 09:39:21,100.0200,38
2018-08-16 09:39:23,100.0000,16
2018-08-16 09:39:25,100.0600,51
2018-08-16 09:39:26,100.0700,15
2018-08-16 09:39:27,100.0600,15
2018-08-16 09:39:28,100.0100,25
2018-08-16 09:39:30,100.0700,57
2018-08-16 09:39:31,100.0700,57
2018-08-16 09:39:32,100.0700,57
2018-08-16 09:39:34,100.0700,57
2018-08-16 09:39:35,100.0700,57
2018-08-16 09:39:36,100.0600,30
2018-08-16 09:39:37,100.0100,78
2018-08-16 09:39:38,100.0100,78
2018-08-16 09:39:40,100.0100,78
2018-08-16 09:39:42,100.0100,78
2018-08-16 09:39:45,100.0100,8
2018-08-16 09:39:46,100.0500,75
2018-08-16 09:39:47,100.0500,75
2018-08-16 09:39:48,99.9800,25
2018-08-16 09:39:49,99.9800,25
2018-08-16 09:39:52,99.9800,5
2018-08-16 09:39:53,99.9800,5
2018-08-16 09:39:55,99.9800,8
2018-08-16 09:39:56,99.9800,88
2018-08-16 09:39:58,99.9800,88
2018-08-16 09:40:00,99.9700,8
2018-08-16 09:40:01,99.9700,8
2018-08-16 09:40:02,99.9700,8
2018-08-16 09:40:05,99.9800,16
2018-08-16 09:40:06,99.9800,7
2018-08-16 09:40:08,99.9800,51
2018-08-16 09:40:09,99.9800,51
2018-08-16 09:40:10,99.9700,35
2018-08-16 09:40:12,99.9800,10
2018-08-16 09:40:14,99.9800,10
2018-08-16 09:40:15,99.9800,10
2018-08-16 09:40:16,99.9800,10
2018-08-16 09:40:18,99.9800,10
2018-08-16 09:40:20,99.9800,10
2018-08-16 09:40:21,99.9600,24
2018-08-16 09:40:24,99.9600,24
2018-08-16 09:40:25,99.9600,65
2018-08-16 09:40:26,99.9600,44
2018-08-16 09:40:27,99.9600,65
2018-08-16 09:40:28,99.9700,8
2018-08-16 09:40:29,99.9700,73
2018-08-16 09:40:30,99.9700,73
2018-08-16 09:40:31,99.9500,16
2018-08-16 09:40:32,99.9700,12
2018-08-16 09:40:33,99.9700,12
2018-08-16 09:40:34,99.9700,12
2018-08-16 09:40:35,99.9400,13
2018-08-16 09:40:36,99.9400,13
2018-08-16 09:40:37,99.9400,13
2018-08-16 09:40:38,99.9400,13
2018-08-16 09:40:39,99.9400,13
2018-08-16 09:40:40,99.9700,21
2018-08-16 09:40:45,99.9400,21
2018-08-16 09:40:46,99.9400,21
2018-08-16 09:40:48,99.9400,21
2018-08-16 09:40:50,99.9400,10
2018-08-16 09:40:52,99.9600,110
2018-08-16 09:40:53,99.9400,27
2018-08-16 09:40:55,99.9400,13
2018-08-16 09:40:56,99.9200,14
2018-08-16 09:40:58,99.9100,6
2018-08-16 09:41:00,99.9100,6
2018-08-16 09:41:01,99.9200,6
2018-08-16 09:41:03,99.9200,6
2018-08-16 09:41:05,99.9900,21
2018-08-16 09:41:06,99.9900,21
2018-08-16 09:41:07,99.9900,28
2018-08-16 09:41:08,100.0100,45
2018-08-16 09:41:09,99.9000,5
2018-08-16 09:41:10,99.9200,21
2018-08-16 09:41:12,99.9200,21
2018-08-16 09:41:15,99.8500,10
2018-08-16 09:41:18,99.8500,12
2018-08-16 09:41:19,99.8500,12
2018-08-16 09:41:20,99.8400,9
2018-08-16 09:41:21,99.8400,9
2018-08-16 09:41:22,99.8400,9
2018-08-16 09:41:24,99.8500,12
2018-08-16 09:41:25,99.8900,1
2018-08-16 09:41:26,99.8900,1
2018-08-16 09:41:27,99.8900,1
2018-08-16 09:41:29,99.8900,1
2018-08-16 09:41:30,99.8800,61
2018-08-16 09:41:31,99.8700,3
2018-08-16 09:41:32,99.8700,59
2018-08-16 09:41:33,99.8700,59
2018-08-16 09:41:36,99.8700,59
2018-08-16 09:41:39,99.8700,59
2018-08-16 09:41:40,99.8700,59
2018-08-16 09:41:41,99.8700,59
2018-08-16 09:41:42,99.8700,59
2018-08-16 09:41:44,99.8700,59
2018-08-16 09:41:45,99.7900,20
2018-08-16 09:41:46,99.7900,20
2018-08-16 09:41:48,99.8100,20
2018-08-16 09:41:50,99.8600,13
2018-08-16 09:41:51,99.7700,140
2018-08-16 09:41:52,99.8200,79
2018-08-16 09:41:53,99.7700,69
2018-08-16 09:41:54,99.7700,69
2018-08-16 09:41:55,99.7700,69
2018-08-16 09:41:56,99.7200,39
2018-08-16 09:41:57,99.7200,39
2018-08-16 09:42:00,99.7200,39
2018-08-16 09:42:02,99.7200,41
2018-08-16 09:42:05,99.7100,20
2018-08-16 09:42:06,99.6300,70
2018-08-16 09:42:08,99.6300,70
2018-08-16 09:42:11,99.6300,70
2018-08-16 09:42:14,99.6300,70
2018-08-16 09:42:15,99.5500,6
2018-08-16 09:42:16,99.5500,99
2018-08-16 09:42:18,99.5500,82
2018-08-16 09:42:19,99.5500,2
2018-08-16 09:42:21,99.5500,2
2018-08-16 09:42:24,99.5500,13
2018-08-16 09:42:26,99.5300,86
2018-08-16 09:42:29,99.5300,86
2018-08-16 09:42:30,99.5300,86
2018-08-16 09:42:31,99.4500,105
2018-08-16 09:42:32,99.5100,1
2018-08-16 09:42:35,99.5500,36
2018-08-16 09:42:36,99.5500,36
2018-08-16 09:42:37,99.5500,36
2018-08-16 09:42:39,99.4500,50
2018-08-16 09:42:41,99.4500,50
2018-08-16 09:42:42,99.4500,50
2018-08-16 09:42:43,99.5200,74
2018-08-16 09:42:44,99.5200,74
2018-08-16 09:42:45,99.4900,10
2018-08-16 09:42:46,99.4900,10
2018-08-16 09:42:49,99.4900,10
2018-08-16 09:42:51,99.4900,10
2018-08-16 09:42:53,99.4900,10
2018-08-16 09:42:54,99.4900,10
2018-08-16 09:42:56,99.5300,28
2018-08-16 09:42:57,99.5000,16
2018-08-16 09:42:59,99.5000,16
2018-08-16 09:43:00,99.5000,28
2018-08-16 09:43:01,99.5100,47
2018-08-16 09:43:03,99.5100,47
2018-08-16 09:43:04,99.5100,47
2018-08-16 09:43:06,99.5400,80
2018-08-16 09:43:07,99.5400,80
2018-08-16 09:43:08,99.5400,80
2018-08-16 09:43:09,99.5900,93
2018-08-16 09:43:10,99.5900,93
2018-08-16 09:43:11,99.5900,93
2018-08-16 09:43:15,99.5900,12
2018-08-16 09:43:16,99.5900,12
2018-08-16 09:43:18,99.5900,12
2018-08-16 09:43:19,99.5900,12
2018-08-16 09:43:20,99.5300,127
2018-08-16 09:43:21,99.5500,2
2018-08-16 09:43:22,99.6100,151
2018-08-16 09:43:26,99.5300,6
2018-08-16 09:43:28,99.5800,66
2018-08-16 09:43:29,99.5800,66
2018-08-16 09:43:30,99.5800,66
2018-08-16 09:43:31,99.5800,66
2018-08-16 09:43:32,99.5800,66
2018-08-16 09:43:35,99.6400,50
2018-08-16 09:43:37,99.6700,8
2018-08-16 09:43:39,99.6700,8
2018-08-16 09:43:40,99.6300,59
2018-08-16 09:43:41,99.6300,59
2018-08-16 09:43:45,99.6600,3
2018-08-16 09:43:46,99.6800,16
2018-08-16 09:43:47,99.6700,39
2018-08-16 09:43:49,99.6800,48
2018-08-16 09:43:50,99.6700,1
2018-08-16 09:43:51,99.6800,22
2018-08-16 09:43:52,99.6800,22
2018-08-16 09:43:53,99.6500,1
2018-08-16 09:43:54,99.6500,115
2018-08-16 09:43:56,99.6800,1
2018-08-16 09:43:57,99.6800,1
2018-08-16 09:43:58,99.6800,1
2018-08-16 09:43:59,99.6800,128
2018-08-16 09:44:01,99.6800,47
2018-08-16 09:44:02,99.7100,51
2018-08-16 09:44:04,99.6700,52
2018-08-16 09:44:05,99.6200,77
2018-08-16 09:44:11,99.7000,6
2018-08-16 09:44:14,99.6900,26
2018-08-16 09:44:15,99.6800,27
2018-08-16 09:44:17,99.6800,27
2018-08-16 09:44:18,99.6800,2
2018-08-16 09:44:19,99.7100,24
2018-08-16 09:44:20,99.6500,64
2018-08-16 09:44:23,99.6500,64
2018-08-16 09:44:24,99.6500,64
2018-08-16 09:44:26,99.6500,6
2018-08-16 09:44:28,99.6500,6
2018-08-16 09:44:29,99.6100,3
2018-08-16 09:44:30,99.5900,31
2018-08-16 09:44:31,99.5900,31
2018-08-16 09:44:34,99.5900,31
2018-08-16 09:44:36,99.5900,31
2018-08-16 09:44:37,99.5900,60
2018-08-16 09:44:39,99.6200,1
2018-08-16 09:44:41,99.6200,1
2018-08-16 09:44:42,99.6200,108
2018-08-16 09:44:44,99.6200,108
2018-08-16 09:44:45,99.6000,53
2018-08-16 09:44:46,99.6300,28
2018-08-16 09:44:49,99.6300,28
2018-08-16 09:44:51,99.6300,28
2018-08-16 09:44:52,99.6300,28
2018-08-16 09:44:53,99.6100,1
2018-08-16 09:44:54,99.6600,1
2018-08-16 09:44:55,99.6600,1
2018-08-16 09:44:56,99.6600,5
2018-08-16 09:44:59,99.7000,1
2018-08-16 09:45:01,99.7000,1
2018-08-16 09:45:02,99.7000,1
2018-08-16 09:45:03,99.7000,1
2018-08-16 09:45:04,99.6500,12
2018-08-16 09:45:06,99.5900,28
2018-08-16 09:45:07,99.5900,28
2018-08-16 09:45:08,99.5900,28
2018-08-16 09:45:09,99.5900,28
2018-08-16 09:45:10,99.5900,28
2018-08-16 09:45:11,99.5900,28
2018-08-16 09:45:12,99.6700,10
2018-08-16 09:45:14,99.6700,10
2018-08-16 09:45:15,99.6700,10
2018-08-16 09:45:16,99.6700,10
2018-08-16 09:45:18,99.6700,10
2018-08-16 09:45:19,99.6700,10
2018-08-16 09:45:20,99.6800,27
2018-08-16 09:45:21,99.6300,24
2018-08-16 09:45:22,99.6300,14
2018-08-16 09:45:23,99.6300,14
2018-08-16 09:45:27,99.6300,14
2018-08-16 09:45:28,99.6300,96
2018-08-16 09:45:29,99.6300,12
2018-08-16 09:45:30,99.5900,16
2018-08-16 09:45:31,99.5900,16
2018-08-16 09:45:34,99.5900,16
2018-08-16 09:45:35,99.6600,9
2018-08-16 09:45:36,99.6400,9
2018-08-16 09:45:39,99.6400,9
2018-08-16 09:45:40,99.6100,9
2018-08-16 09:45:41,99.6000,67
2018-08-16 09:45:43,99.6100,52
2018-08-16 09:45:44,99.6100,52
2018-08-16 09:45:46,99.6000,3
2018-08-16 09:45:47,99.5700,38
2018-08-16 09:45:48,99.6100,48
2018-08-16 09:45:49,99.6100,48
2018-08-16 09:45:51,99.5600,85
2018-08-16 09:45:52,99.5600,70
2018-08-16 09:45:53,99.6100,24
2018-08-16 09:45:54,99.6100,46
2018-08-16 09:45:55,99.6400,7
2018-08-16 09:45:56,99.5900,75
2018-08-16 09:45:58,99.6100,88
2018-08-16 09:45:59,99.7000,42
2018-08-16 09:46:01,99.7000,42
2018-08-16 09:46:02,99.7000,42
2018-08-16 09:46:03,99.7100,99
2018-08-16 09:46:04,99.7100,99
2018-08-16 09:46:05,99.6700,10
2018-08-16 09:46:06,99.6700,10
2018-08-16 09:46:07,99.7100,4
2018-08-16 09:46:08,99.7100,31
2018-08-16 09:46:10,99.7100,31
2018-08-16 09:46:11,99.7100,31
2018-08-16 09:46:15,99.7100,92
2018-08-16 09:46:16,99.6900,3
2018-08-16 09:46:17,99.7300,20
2018-08-16 09:46:19,99.7300,20
2018-08-16 09:46:20,99.7300,20
2018-08-16 09:46:21,99.6800,10
2018-08-16 09:46:22,99.6800,10
2018-08-16 09:46:23,99.7000,51
2018-08-16 09:46:24,99.7000,40
2018-08-16 09:46:25,99.6500,51
2018-08-16 09:46:26,99.6500,51
2018-08-16 09:46:27,99.6500,51
2018-08-16 09:46:30,99.7300,4
2018-08-16 09:46:31,99.7300,4
2018-08-16 09:46:32,99.6800,14
2018-08-16 09:46:33,99.6800,3
2018-08-16 09:46:35,99.6500,51
2018-08-16 09:46:36,99.6800,112
2018-08-16 09:46:39,99.6800,15
2018-08-16 09:46:40,99.7500,85
2018-08-16 09:46:43,99.7500,85
2018-08-16 09:46:45,99.7500,85
2018-08-16 09:46:46,99.7500,4
2018-08-16 09:46:47,99.7900,39
2018-08-16 09:46:48,99.8000,6
2018-08-16 09:46:49,99.8000,6
2018-08-16 09:46:50,99.8000,1
2018-08-16 09:46:51,99.7900,71
2018-08-16 09:46:52,99.7900,71
2018-08-16 09:46:53,99.7900,71
2018-08-16 09:46:55,99.7900,71
2018-08-16 09:46:56,99.7800,19
2018-08-16 09:46:57,99.7800,19
2018-08-16 09:46:58,99.7900,4
2018-08-16 09:46:59,99.7900,83
2018-08-16 09:47:01,99.7800,60
2018-08-16 09:47:07,99.7800,60
2018-08-16 09:47:08,99.6900,66
2018-08-16 09:47:10,99.7000,36
2018-08-16 09:47:12,99.7600,1
2018-08-16 09:47:14,99.8000,21
2018-08-16 09:47:15,99.8000,21
2018-08-16 09:47:16,99.7700,6
2018-08-16 09:47:17,99.7700,6
2018-08-16 09:47:21,99.7700,6
2018-08-16 09:47:22,99.7700,6
2018-08-16 09:47:23,99.7700,6
2018-08-16 09:47:25,99.7700,6
2018-08-16 09:47:27,99.7700,6
2018-08-16 09:47:28,99.7700,6
2018-08-16 09:47:29,99.7500,3
2018-08-16 09:47:30,99.7500,15
2018-08-16 09:47:33,99.6900,86
2018-08-16 09:47:35,99.6900,15
2018-08-16 09:47:36,99.6900,15
2018-08-16 09:47:37,99.6900,15
2018-08-16 09:47:38,99.7200,56
2018-08-16 09:47:39,99.7200,56
2018-08-16 09:47:42,99.7600,41
2018-08-16 09:47:44,99.7600,41
2018-08-16 09:47:45,99.7600,18
2018-08-16 09:47:47,99.8000,84
2018-08-16 09:48:00,99.7200,8
2018-08-16 09:48:05,99.7200,8
2018-08-16 09:48:16,99.7100,19
2018-08-16 09:48:17,99.7100,66
2018-08-16 09:48:20,99.6800,11
2018-08-16 09:48:21,99.6800,11
2018-08-16 09:48:22,99.6800,11
2018-08-16 09:48:23,99.6700,27
2018-08-16 09:48:24,99.6700,4
2018-08-16 09:48:25,99.6700,4
2018-08-16 09:48:27,99.6700,4
2018-08-16 09:48:28,99.6900,28
2018-08-16 09:48:29,99.7700,21
2018-08-16 09:48:31,99.7900,113
2018-08-16 09:48:32,99.7900,113
2018-08-16 09:48:33,99.7900,113
2018-08-16 09:48:34,99.7900,113
2018-08-16 09:48:35,99.7900,113
2018-08-16 09:48:37,99.7900,113
2018-08-16 09:48:40,99.7900,5
2018-08-16 09:48:42,99.7900,5
2018-08-16 09:48:44,99.7900,5
2018-08-16 09:48:46,99.7800,2
2018-08-16 09:48:47,99.7900,44
2018-08-16 09:48:48,99.7900,44
2018-08-16 09:48:50,99.7900,44
2018-08-16 09:48:52,99.7800,28
2018-08-16 09:48:53,99.7800,52
2018-08-16 09:48:54,99.7800,4
2018-08-16 09:48:55,99.7800,17
2018-08-16 09:48:56,99.7800,17
2018-08-16 09:48:57,99.7600,16
2018-08-16 09:48:58,99.7800,110
2018-08-16 09:49:00,99.7800,20
2018-08-16 09:49:01,99.7900,85
2018-08-16 09:49:02,99.7900,10
2018-08-16 09:49:05,99.8000,10
2018-08-16 09:49:07,99.7600,10
2018-08-16 09:49:08,99.7600,10
2018-08-16 09:49:09,99.7000,28
2018-08-16 09:49:10,99.7300,12
2018-08-16 09:49:12,99.7300,12
2018-08-16 09:49:15,99.7300,36
2018-08-16 09:49:16,99.7300,24
2018-08-16 09:49:17,99.7300,24
2018-08-16 09:49:18,99.7300,24
2018-08-16 09:49:19,99.7300,24
2018-08-16 09:49:20,99.7000,58
2018-08-16 09:49:21,99.6900,68
2018-08-16 09:49:22,99.6800,35
2018-08-16 09:49:24,99.6800,35
2018-08-16 09:49:25,99.6800,28
2018-08-16 09:49:26,99.6800,3
2018-08-16 09:49:27,99.6800,3
2018-08-16 09:49:29,99.6800,3
2018-08-16 09:49:30,99.6800,3
2018-08-16 09:49:31,99.6800,3
2018-08-16 09:49:32,99.6700,9
2018-08-16 09:49:35,99.6800,57
2018-08-16 09:49:37,99.7100,61
2018-08-16 09:49:38,99.6800,20
2018-08-16 09:49:39,99.6700,103
2018-08-16 09:49:40,99.6700,103
2018-08-16 09:49:41,99.6400,8
2018-08-16 09:49:42,99.6400,8
2018-08-16 09:49:45,99.6400,8
2018-08-16 09:49:47,99.6800,66
2018-08-16 09:49:48,99.7000,18
2018-08-16 09:49:50,99.6300,88
2018-08-16 09:49:51,99.6200,71
2018-08-16 09:49:52,99.6100,53
2018-08-16 09:49:54,99.6100,72
2018-08-16 09:49:56,99.6200,24
2018-08-16 09:49:57,99.6000,17
2018-08-16 09:49:58,99.6000,17
2018-08-16 09:49:59,99.6100,25
2018-08-16 09:50:00,99.6000,15
2018-08-16 09:50:01,99.6300,12
2018-08-16 09:50:02,99.6300,12
2018-08-16 09:50:03,99.6300,12
2018-08-16 09:50:04,99.6900,56
2018-08-16 09:50:07,99.6800,40
2018-08-16 09:50:09,99.7000,33
2018-08-16 09:50:10,99.7500,17
2018-08-16 09:50:12,99.7500,17
2018-08-16 09:50:13,99.7500,17
2018-08-16 09:50:15,99.7500,17
2018-08-16 09:50:16,99.6900,1
2018-08-16 09:50:17,99.6800,35
2018-08-16 09:50:19,99.7500,32
2018-08-16 09:50:20,99.7600,103
2018-08-16 09:50:21,99.7200,13
2018-08-16 09:50:22,99.7200,13
2018-08-16 09:50:23,99.7400,13
2018-08-16 09:50:24,99.7400,13
2018-08-16 09:50:26,99.7400,13
2018-08-16 09:50:27,99.7400,13
2018-08-16 09:50:30,99.7300,31
2018-08-16 09:50:31,99.7700,7
2018-08-16 09:50:32,99.7700,7
2018-08-16 09:50:33,99.7700,7
2018-08-16 09:50:35,99.7800,25
2018-08-16 09:50:36,99.7800,5
2018-08-16 09:50:37,99.7800,40
2018-08-16 09:50:38,99.8100,68
2018-08-16 09:50:39,99.8100,68
2018-08-16 09:50:40,99.8100,94
2018-08-16 09:50:42,99.8400,8
2018-08-16 09:50:43,99.8100,8
2018-08-16 09:50:44,99.8100,8
2018-08-16 09:50:45,99.8100,8
2018-08-16 09:50:46,99.8100,8
2018-08-16 09:50:47,99.8100,8
2018-08-16 09:50:48,99.7000,53
2018-08-16 09:50:52,99.7000,53
2018-08-16 09:50:53,99.7000,53
2018-08-16 09:50:54,99.7000,53
2018-08-16 09:50:57,99.7600,24
2018-08-16 09:50:59,99.7800,36
2018-08-16 09:51:00,99.7900,1
2018-08-16 09:51:02,99.7900,14
2018-08-16 09:51:03,99.7900,14
2018-08-16 09:51:04,99.7700,14
2018-08-16 09:51:05,99.7700,14
2018-08-16 09:51:07,99.7100,62
2018-08-16 09:51:10,99.7100,62
2018-08-16 09:51:12,99.7600,80
2018-08-16 09:51:13,99.7900,7
2018-08-16 09:51:14,99.7500,95
2018-08-16 09:51:15,99.7900,84
2018-08-16 09:51:16,99.7900,84
2018-08-16 09:51:19,99.8000,46
2018-08-16 09:51:23,99.7400,14
2018-08-16 09:51:27,99.7400,14
2018-08-16 09:51:29,99.8000,35
2018-08-16 09:51:30,99.8000,35
2018-08-16 09:51:32,99.7400,41
2018-08-16 09:51:33,99.8200,22
2018-08-16 09:51:34,99.8200,22
2018-08-16 09:51:38,99.8300,34
2018-08-16 09:51:40,99.8300,34
2018-08-16 09:51:41,99.8300,34
2018-08-16 09:51:42,99.8300,34
2018-08-16 09:51:44,99.7400,27
2018-08-16 09:51:45,99.6900,29
2018-08-16 09:51:46,99.6900,29
2018-08-16 09:51:47,99.6900,29
2018-08-16 09:51:49,99.6900,29
2018-08-16 09:51:50,99.7200,4
2018-08-16 09:51:52,99.8200,43
2018-08-16 09:51:54,99.8200,43
2018-08-16 09:51:55,99.8200,43
2018-08-16 09:51:56,99.7700,14
2018-08-16 09:51:57,99.8200,79
2018-08-16 09:51:58,99.8200,79
2018-08-16 09:51:59,99.8200,79
2018-08-16 09:52:00,99.8200,79
2018-08-16 09:52:02,99.8200,79
2018-08-16 09:52:03,99.7800,9
2018-08-16 09:52:05,99.7800,49
2018-08-16 09:52:06,99.8100,14
2018-08-16 09:52:07,99.8000,35
2018-08-16 09:52:09,99.8000,35
2018-08-16 09:52:10,99.7400,15
2018-08-16 09:52:12,99.7400,15
2018-08-16 09:52:13,99.7300,64
2018-08-16 09:52:14,99.6900,13
2018-08-16 09:52:15,99.6900,13
2018-08-16 09:52:16,99.6900,13
2018-08-16 09:52:18,99.6900,13
2018-08-16 09:52:20,99.6900,13
2018-08-16 09:52:21,99.6900,13
2018-08-16 09:52:22,99.6900,13
2018-08-16 09:52:23,99.6800,78
2018-08-16 09:52:25,99.6800,78
2018-08-16 09:52:27,99.6800,78
2018-08-16 09:52:28,99.6800,78
2018-08-16 09:52:29,99.6800,78
2018-08-16 09:52:30,99.6800,78
2018-08-16 09:52:32,99.6800,78
2018-08-16 09:52:33,99.6800,78
2018-08-16 09:52:35,99.6800,78
2018-08-16 09:52:36,99.6800,78
2018-08-16 09:52:37,99.6800,78
2018-08-16 09:52:40,99.6800,78
2018-08-16 09:52:44,99.6800,14
2018-08-16 09:52:45,99.6700,48
2018-08-16 09:52:46,99.6700,21
2018-08-16 09:52:47,99.6600,65
2018-08-16 09:52:48,99.6600,65
2018-08-16 09:52:50,99.6600,65
2018-08-16 09:52:51,99.7500,20
2018-08-16 09:52:52,99.7000,3
2018-08-16 09:52:54,99.7000,3
2018-08-16 09:52:55,99.6900,20
2018-08-16 09:52:57,99.6600,96
2018-08-16 09:52:58,99.6500,3
2018-08-16 09:52:59,99.6500,3
2018-08-16 09:53:00,99.6500,3
2018-08-16 09:53:02,99.6500,3
2018-08-16 09:53:04,99.6500,3
2018-08-16 09:53:05,99.6500,3
2018-08-16 09:53:07,99.6500,47
2018-08-16 09:53:08,99.6700,14
2018-08-16 09:53:09,99.6500,28
2018-08-16 09:53:10,99.6500,28
2018-08-16 09:53:11,99.6500,28
2018-08-16 09:53:12,99.6500,28
2018-08-16 09:53:14,99.6500,28
2018-08-16 09:53:15,99.6500,28
2018-08-16 09:53:17,99.6300,21
2018-08-16 09:53:18,99.6000,126
2018-08-16 09:53:19,99.7000,116
2018-08-16 09:53:20,99.7000,37
2018-08-16 09:53:23,99.7400,17
2018-08-16 09:53:24,99.7400,17
2018-08-16 09:53:25,99.7400,17
2018-08-16 09:53:27,99.6300,20
2018-08-16 09:53:30,99.6300,20
2018-08-16 09:53:32,99.6300,32
2018-08-16 09:53:33,99.6300,32
2018-08-16 09:53:34,99.6300,32
2018-08-16 09:53:35,99.6300,32
2018-08-16 09:53:36,99.6300,5
2018-08-16 09:53:37,99.6200,16
2018-08-16 09:53:39,99.6200,45
2018-08-16 09:53:40,99.6200,45
2018-08-16 09:53:42,99.6400,11
2018-08-16 09:53:44,99.6400,11
2018-08-16 09:53:45,99.6400,11
2018-08-16 09:53:46,99.6400,11
2018-08-16 09:53:47,99.6400,11
2018-08-16 09:53:49,99.6200,29
2018-08-16 09:53:50,99.5900,15
2018-08-16 09:53:52,99.5900,15
2018-08-16 09:53:57,99.5900,59
2018-08-16 09:53:58,99.5900,59
2018-08-16 09:53:59,99.5900,7
2018-08-16 09:54:00,99.5700,16
2018-08-16 09:54:01,99.5700,31
2018-08-16 09:54:04,99.5700,31
2018-08-16 09:54:06,99.5700,20
2018-08-16 09:54:07,99.5500,17
2018-08-16 09:54:08,99.5500,26
2018-08-16 09:54:09,99.5500,26
2018-08-16 09:54:10,99.5500,26
2018-08-16 09:54:11,99.5500,31
2018-08-16 09:54:12,99.5500,23
2018-08-16 09:54:14,99.5900,45
2018-08-16 09:54:15,99.5900,45
2018-08-16 09:54:17,99.5900,45
2018-08-16 09:54:18,99.5900,45
2018-08-16 09:54:19,99.5700,62
2018-08-16 09:54:20,99.5500,27
2018-08-16 09:54:22,99.5100,16
2018-08-16 09:54:23,99.5100,21
2018-08-16 09:54:25,99.5300,5
2018-08-16 09:54:27,99.5300,14
2018-08-16 09:54:30,99.5300,14
2018-08-16 09:54:31,99.5700,100
2018-08-16 09:54:32,99.5700,9
2018-08-16 09:54:33,99.5700,20
2018-08-16 09:54:34,99.5700,20
2018-08-16 09:54:35,99.5700,20
2018-08-16 09:54:36,99.5300,1
2018-08-16 09:54:37,99.5300,1
2018-08-16 09:54:38,99.5300,1
2018-08-16 09:54:40,99.5300,1
2018-08-16 09:54:44,99.5100,31
2018-08-16 09:54:45,99.5100,31
2018-08-16 09:54:46,99.5300,1
2018-08-16 09:54:47,99.5300,1
2018-08-16 09:54:49,99.5300,1
2018-08-16 09:54:50,99.5500,18
2018-08-16 09:54:52,99.5500,34
2018-08-16 09:54:53,99.5600,5
2018-08-16 09:54:55,99.5600,5
2018-08-16 09:54:57,99.5600,5
2018-08-16 09:54:59,99.5600,5
2018-08-16 09:55:00,99.5600,5
2018-08-16 09:55:01,99.5600,15
2018-08-16 09:55:02,99.5600,15
2018-08-16 09:55:03,99.5600,15
2018-08-16 09:55:05,99.5300,62
2018-08-16 09:55:06,99.5300,62
2018-08-16 09:55:07,99.5300,62
2018-08-16 09:55:08,99.5300,62
2018-08-16 09:55:09,99.5300,62
2018-08-16 09:55:10,99.5300,62
2018-08-16 09:55:11,99.5300,62
2018-08-16 09:55:12,99.5300,62
2018-08-16 09:55:13,99.5700,26
2018-08-16 09:55:14,99.5300,67
2018-08-16 09:55:15,99.5300,67
2018-08-16 09:55:17,99.5900,11
2018-08-16 09:55:20,99.5900,11
2018-08-16 09:55:23,99.5200,41
2018-08-16 09:55:24,99.5100,1
2018-08-16 09:55:25,99.4800,19
2018-08-16 09:55:26,99.5200,127
2018-08-16 09:55:29,99.5200,127
2018-08-16 09:55:30,99.5200,127
2018-08-16 09:55:32,99.5200,127
2018-08-16 09:55:33,99.5200,127
2018-08-16 09:55:35,99.5100,23
2018-08-16 09:55:36,99.5200,30
2018-08-16 09:55:37,99.5200,30
2018-08-16 09:55:38,99.5200,30
2018-08-16 09:55:40,99.5200,30
2018-08-16 09:55:41,99.5400,69
2018-08-16 09:55:42,99.5400,69
2018-08-16 09:55:43,99.5200,68
2018-08-16 09:55:47,99.5000,16
2018-08-16 09:55:48,99.5000,16
2018-08-16 09:55:49,99.5400,17
2018-08-16 09:55:50,99.5600,44
2018-08-16 09:55:51,99.5000,68
2018-08-16 09:55:52,99.5600,67
2018-08-16 09:55:53,99.5100,12
2018-08-16 09:55:55,99.4700,35
2018-08-16 09:55:56,99.5600,43
2018-08-16 09:55:57,99.5600,43
2018-08-16 09:55:59,99.5600,43
2018-08-16 09:56:00,99.5400,82
2018-08-16 09:56:02,99.5400,4
2018-08-16 09:56:03,99.5300,17
2018-08-16 09:56:04,99.5300,4
2018-08-16 09:56:05,99.5300,5
2018-08-16 09:56:07,99.5300,5
2018-08-16 09:56:08,99.5300,5
2018-08-16 09:56:10,99.5300,5
2018-08-16 09:56:11,99.5300,52
2018-08-16 09:56:12,99.4200,5
2018-08-16 09:56:13,99.4200,5
2018-08-16 09:56:15,99.4200,5
2018-08-16 09:56:17,99.4200,5
2018-08-16 09:56:19,99.4900,100
2018-08-16 09:56:20,99.5000,64
2018-08-16 09:56:21,99.4500,19
2018-08-16 09:56:25,99.5500,35
2018-08-16 09:56:26,99.4200,15
2018-08-16 09:56:27,99.4100,12
2018-08-16 09:56:30,99.4100,9
2018-08-16 09:56:31,99.3800,10
2018-08-16 09:56:32,99.3800,10
2018-08-16 09:56:33,99.3800,10
2018-08-16 09:56:34,99.4300,37
2018-08-16 09:56:35,99.4300,12
2018-08-16 09:56:38,99.4300,60
2018-08-16 09:56:39,99.4900,8
2018-08-16 09:56:42,99.4900,8
2018-08-16 09:56:43,99.4900,8
2018-08-16 09:56:44,99.4900,8
2018-08-16 09:56:45,99.4900,8
2018-08-16 09:56:49,99.4100,16
2018-08-16 09:56:52,99.4900,33
2018-08-16 09:56:53,99.4900,33
2018-08-16 09:56:56,99.3500,28
2018-08-16 09:57:01,99.4500,23
2018-08-16 09:57:03,99.4900,11
2018-08-16 09:57:05,99.5300,2
2018-08-16 09:57:06,99.5300,2
2018-08-16 09:57:07,99.5300,2
2018-08-16 09:57:09,99.5300,2
2018-08-16 09:57:11,99.5100,14
2018-08-16 09:57:12,99.3500,82
2018-08-16 09:57:15,99.3500,82
2018-08-16 09:57:16,99.3500,82
2018-08-16 09:57:19,99.3500,82
2018-08-16 09:57:20,99.3500,82
2018-08-16 09:57:21,99.3900,70
2018-08-16 09:57:22,99.4000,13
2018-08-16 09:57:23,99.4300,66
2018-08-16 09:57:24,99.4300,66
2018-08-16 09:57:25,99.4300,102
2018-08-16 09:57:26,99.4000,23
2018-08-16 09:57:27,99.2700,35
2018-08-16 09:57:29,99.2700,35
2018-08-16 09:57:30,99.2700,35
2018-08-16 09:57:31,99.2700,36
2018-08-16 09:57:34,99.2900,111
2018-08-16 09:57:35,99.2900,111
2018-08-16 09:57:36,99.1700,15
2018-08-16 09:57:38,99.1700,15
2018-08-16 09:57:40,99.2200,15
2018-08-16 09:57:41,99.2200,15
2018-08-16 09:57:42,99.2000,11
2018-08-16 09:57:45,99.2200,31
2018-08-16 09:57:46,99.2200,31
2018-08-16 09:57:48,99.1800,43
2018-08-16 09:57:49,99.1800,43
2018-08-16 09:57:50,99.1800,43
2018-08-16 09:57:51,99.1200,23
2018-08-16 09:57:53,99.0300,44
2018-08-16 09:57:54,99.0300,44
2018-08-16 09:57:55,99.0300,44
2018-08-16 09:57:56,99.0300,44
2018-08-16 09:57:57,98.9400,9
2018-08-16 09:57:58,98.9700,49
2018-08-16 09:57:59,98.8200,16
2018-08-16 09:58:00,98.8200,16
2018-08-16 09:58:02,98.8200,16
2018-08-16 09:58:03,98.8200,16
2018-08-16 09:58:04,98.8200,16
2018-08-16 09:58:05,98.8200,16
2018-08-16 09:58:08,98.9600,76
2018-08-16 09:58:09,98.9600,76
2018-08-16 09:58:10,98.9400,35
2018-08-16 09:58:11,98.9600,22
2018-08-16 09:58:12,98.9600,31
2018-08-16 09:58:14,98.9600,31
2018-08-16 09:58:15,98.9600,33
2018-08-16 09:58:17,98.9600,33
2018-08-16 09:58:18,98.9600,33
2018-08-16 09:58:19,98.9600,33
2018-08-16 09:58:20,98.9600,33
2018-08-16 09:58:21,98.9400,7
2018-08-16 09:58:23,98.9400,7
2018-08-16 09:58:25,98.9600,7
2018-08-16 09:58:26,98.9600,7
2018-08-16 09:58:27,98.9600,7
2018-08-16 09:58:28,98.9600,7
2018-08-16 09:58:32,98.9600,7
2018-08-16 09:58:34,99.0100,9
2018-08-16 09:58:35,99.0100,9
2018-08-16 09:58:36,99.0100,9
2018-08-16 09:58:37,99.0100,91
2018-08-16 09:58:38,98.9700,36
2018-08-16 09:58:39,98.9700,36
2018-08-16 09:58:41,98.9700,36
2018-08-16 09:58:42,99.0100,22
2018-08-16 09:58:44,99.0100,22
2018-08-16 09:58:45,99.0100,88
2018-08-16 09:58:47,99.0100,20
2018-08-16 09:58:48,99.0000,128
2018-08-16 09:58:49,99.0000,18
2018-08-16 09:58:50,98.9600,102
2018-08-16 09:58:51,99.0100,41
2018-08-16 09:58:55,99.0200,46
2018-08-16 09:58:56,99.0200,46
2018-08-16 09:58:58,99.0200,46
2018-08-16 09:58:59,99.0200,46
2018-08-16 09:59:00,99.0200,46
2018-08-16 09:59:02,99.0200,46
2018-08-16 09:59:03,99.0200,46
2018-08-16 09:59:04,99.0100,21
2018-08-16 09:59:05,99.0100,21
2018-08-16 09:59:08,99.0100,21
2018-08-16 09:59:09,99.0100,21
2018-08-16 09:59:10,99.0100,21
2018-08-16 09:59:11,99.0100,21
2018-08-16 09:59:12,99.0100,21
2018-08-16 09:59:13,99.0100,62
2018-08-16 09:59:14,99.0300,69
2018-08-16 09:59:15,99.0400,44
2018-08-16 09:59:16,99.0400,12
2018-08-16 09:59:17,99.0300,14
2018-08-16 09:59:18,99.0300,14
2018-08-16 09:59:19,99.0300,14
2018-08-16 09:59:20,98.9800,36
2018-08-16 09:59:25,98.9800,36
2018-08-16 09:59:27,98.9800,20
2018-08-16 09:59:29,98.9800,59
2018-08-16 09:59:30,98.9700,36
2018-08-16 09:59:31,98.9700,13
2018-08-16 09:59:32,98.9700,16
2018-08-16 09:59:33,98.9800,64
2018-08-16 09:59:34,98.9600,7
2018-08-16 09:59:35,98.9800,52
2018-08-16 09:59:36,98.9800,52
2018-08-16 09:59:37,98.9800,52
2018-08-16 09:59:38,98.9800,52
2018-08-16 09:59:40,99.0300,14
2018-08-16 09:59:41,99.0300,37
2018-08-16 09:59:42,99.0300,37
2018-08-16 09:59:44,99.0300,37
2018-08-16 09:59:45,99.0500,14
2018-08-16 09:59:46,99.0500,14
2018-08-16 09:59:48,99.0500,8
2018-08-16 09:59:49,99.0500,8
2018-08-16 09:59:50,99.0500,8
2018-08-16 09:59:51,99.0300,48
2018-08-16 09:59:52,99.0300,34
2018-08-16 09:59:53,98.9800,5
2018-08-16 09:59:54,98.9800,5
2018-08-16 09:59:55,98.9800,5
2018-08-16 09:59:56,98.9800,41
2018-08-16 09:59:57,98.9700,13
2018-08-16 09:59:58,98.9600,33
2018-08-16 10:00:00,98.9600,33
2018-08-16 10:00:01,98.9600,20
2018-08-16 10:00:02,98.9800,37
2018-08-16 10:00:03,98.9800,37
2018-08-16 10:00:05,98.9800,37
2018-08-16 10:00:10,98.9800,12
2018-08-16 10:00:11,98.9800,12
2018-08-16 10:00:13,98.9300,30
2018-08-16 10:00:19,98.9900,53
2018-08-16 10:00:22,98.9900,53
2018-08-16 10:00:24,98.9900,53
2018-08-16 10:00:25,98.9900,53
2018-08-16 10:00:26,98.9200,39
2018-08-16 10:00:29,98.9200,39
2018-08-16 10:00:30,98.9200,39
2018-08-16 10:00:31,98.9200,5
2018-08-16 10:00:34,98.9300,7
2018-08-16 10:00:35,98.9300,7
2018-08-16 10:00:36,98.9300,7
2018-08-16 10:00:37,98.9400,60
2018-08-16 10:00:38,98.9400,50
2018-08-16 10:00:40,98.9400,26
2018-08-16 10:00:43,98.9100,43
2018-08-16 10:00:44,98.9800,54
2018-08-16 10:00:45,98.9800,54
2018-08-16 10:00:49,98.9800,54
2018-08-16 10:00:50,98.9800,54
2018-08-16 10:00:51,98.9800,54
2018-08-16 10:00:52,98.9800,54
2018-08-16 10:00:53,98.9800,54
2018-08-16 10:00:54,98.9700,18
2018-08-16 10:00:55,98.9800,43
2018-08-16 10:00:57,98.9800,14
2018-08-16 10:00:59,98.9800,14
2018-08-16 10:01:00,98.9800,14
2018-08-16 10:01:01,98.9500,75
2018-08-16 10:01:02,98.9800,36
2018-08-16 10:01:03,98.9800,36
2018-08-16 10:01:04,99.0300,73
2018-08-16 10:01:05,99.0300,73
2018-08-16 10:01:06,99.0300,73
2018-08-16 10:01:09,99.0300,73
2018-08-16 10:01:11,99.0300,73
2018-08-16 10:01:12,99.0100,27
2018-08-16 10:01:13,99.0300,72
2018-08-16 10:01:15,99.0300,5
2018-08-16 10:01:16,99.0300,5
2018-08-16 10:01:17,98.9800,17
2018-08-16 10:01:18,99.0200,82
2018-08-16 10:01:19,99.0200,57
2018-08-16 10:01:20,99.0300,1
2018-08-16 10:01:21,99.0300,1
2018-08-16 10:01:24,99.0300,1
2018-08-16 10:01:25,99.0300,1
2018-08-16 10:01:26,99.0300,20
2018-08-16 10:01:27,98.9200,12
2018-08-16 10:01:28,98.9200,6
2018-08-16 10:01:29,99.0300,4
2018-08-16 10:01:30,99.0300,17
2018-08-16 10:01:31,99.0300,17
2018-08-16 10:01:32,99.0300,17
2018-08-16 10:01:34,99.0300,17
2018-08-16 10:01:35,99.0300,17
2018-08-16 10:01:36,99.0200,90
2018-08-16 10:01:37,99.0200,90
2018-08-16 10:01:38,99.0200,90
2018-08-16 10:01:39,99.0200,90
2018-08-16 10:01:40,99.0200,90
2018-08-16 10:01:41,99.0200,90
2018-08-16 10:01:43,99.0200,90
2018-08-16 10:01:45,99.0200,90
2018-08-16 10:01:46,99.0200,90
2018-08-16 10:01:47,99.0200,90
2018-08-16 10:01:49,99.0200,90
2018-08-16 10:01:50,99.0200,90
2018-08-16 10:01:51,99.0200,90
2018-08-16 10:01:53,99.0200,90
2018-08-16 10:01:58,99.0200,90
2018-08-16 10:01:59,99.0600,20
2018-08-16 10:02:01,99.0200,45
2018-08-16 10:02:04,99.0400,37
2018-08-16 10:02:05,99.0100,71
2018-08-16 10:02:06,99.0100,71
2018-08-16 10:02:09,98.9600,33
2018-08-16 10:02:10,98.9600,23
2018-08-16 10:02:11,98.9500,49
2018-08-16 10:02:12,98.9600,2
2018-08-16 10:02:14,99.0100,55
2018-08-16 10:02:17,99.0100,55
2018-08-16 10:02:18,99.0500,58
2018-08-16 10:02:19,99.0500,58
2018-08-16 10:02:20,98.9900,7
2018-08-16 10:02:21,98.9800,23
2018-08-16 10:02:22,99.0700,16
2018-08-16 10:02:24,99.0700,16
2018-08-16 10:02:25,98.9400,10
2018-08-16 10:02:26,98.9400,10
2018-08-16 10:02:27,98.9400,10
2018-08-16 10:02:28,98.9400,81
2018-08-16 10:02:29,98.9300,47
2018-08-16 10:02:30,98.9300,47
2018-08-16 10:02:31,98.9300,47
2018-08-16 10:02:35,98.9300,1
2018-08-16 10:02:36,98.9300,1
2018-08-16 10:02:39,98.9500,115
2018-08-16 10:02:41,98.9500,115
2018-08-16 10:02:43,98.9800,26
2018-08-16 10:02:44,98.9800,26
2018-08-16 10:02:45,98.9800,26
2018-08-16 10:02:46,98.9800,26
2018-08-16 10:02:47,99.0000,10
2018-08-16 10:02:48,98.9800,10
2018-08-16 10:02:49,98.9800,10
2018-08-16 10:02:50,98.9800,10
2018-08-16 10:02:51,98.9400,23
2018-08-16 10:02:52,99.0100,128
2018-08-16 10:02:53,98.9100,16
2018-08-16 10:02:54,99.0100,99
2018-08-16 10:02:55,99.0300,30
2018-08-16 10:02:56,99.0300,30
2018-08-16 10:02:57,99.0500,49
2018-08-16 10:02:58,99.0500,49
2018-08-16 10:03:00,98.9400,16
2018-08-16 10:03:01,99.0500,14
2018-08-16 10:03:04,99.0500,14
2018-08-16 10:03:05,99.0500,14
2018-08-16 10:03:06,99.0500,14
2018-08-16 10:03:08,99.0500,14
2018-08-16 10:03:09,99.0500,39
2018-08-16 10:03:11,99.0600,11
2018-08-16 10:03:13,99.0600,14
2018-08-16 10:03:15,99.0200,32
2018-08-16 10:03:16,98.9800,51
2018-08-16 10:03:18,98.9600,26
2018-08-16 10:03:20,99.0300,30
2018-08-16 10:03:21,99.0500,37
2018-08-16 10:03:22,99.0700,3
2018-08-16 10:03:25,99.0500,21
2018-08-16 10:03:26,99.0600,13
2018-08-16 10:03:27,99.0300,25
2018-08-16 10:03:30,99.0300,25
2018-08-16 10:03:31,98.9800,105
2018-08-16 10:03:33,98.9800,118
2018-08-16 10:03:34,98.9800,118
2018-08-16 10:03:35,98.9400,17
2018-08-16 10:03:36,98.9200,111
2018-08-16 10:03:37,98.9200,28
2018-08-16 10:03:38,98.8900,34
2018-08-16 10:03:40,98.9000,17
2018-08-16 10:03:41,98.9000,96
2018-08-16 10:03:45,98.9400,34
2018-08-16 10:03:46,98.9400,34
2018-08-16 10:03:50,98.8900,29
2018-08-16 10:03:51,98.8900,29
2018-08-16 10:03:53,98.9400,59
2018-08-16 10:03:54,98.9400,59
2018-08-16 10:03:55,98.9400,59
2018-08-16 10:03:58,98.9400,59
2018-08-16 10:04:00,98.9400,59
2018-08-16 10:04:01,98.9400,59
2018-08-16 10:04:03,98.9700,9
2018-08-16 10:04:05,99.0800,62
2018-08-16 10:04:06,99.0800,62
2018-08-16 10:04:07,99.0800,62
2018-08-16 10:04:08,99.0800,62
2018-08-16 10:04:10,99.0800,62
2018-08-16 10:04:14,99.0800,62
2018-08-16 10:04:15,99.0800,62
2018-08-16 10:04:16,99.0800,62
2018-08-16 10:04:17,98.9700,9
2018-08-16 10:04:18,98.9700,9
2018-08-16 10:04:19,99.0000,5
2018-08-16 10:04:20,99.0200,69
2018-08-16 10:04:21,99.0200,69
2018-08-16 10:04:23,98.9700,3
2018-08-16 10:04:24,98.9700,3
2018-08-16 10:04:25,98.9700,36
2018-08-16 10:04:26,98.9600,101
2018-08-16 10:04:27,98.9500,18
2018-08-16 10:04:30,99.0000,27
2018-08-16 10:04:31,99.0000,27
2018-08-16 10:04:32,99.0000,27
2018-08-16 10:04:34,99.0700,14
2018-08-16 10:04:35,99.0700,14
2018-08-16 10:04:36,99.0700,14
2018-08-16 10:04:37,99.0700,14
2018-08-16 10:04:38,99.0300,9
2018-08-16 10:04:41,98.9500,81
2018-08-16 10:04:42,98.9500,16
2018-08-16 10:04:43,98.9500,16
2018-08-16 10:04:45,98.9500,16
2018-08-16 10:04:46,98.9500,16
2018-08-16 10:04:51,98.9400,88
2018-08-16 10:04:52,98.9400,88
2018-08-16 10:04:53,98.9400,88
2018-08-16 10:04:55,98.9400,88
2018-08-16 10:04:56,98.9400,88
2018-08-16 10:04:57,98.9400,88
2018-08-16 10:04:59,98.9400,88
2018-08-16 10:05:01,98.9400,88
2018-08-16 10:05:04,98.9400,88
2018-08-16 10:05:06,98.9400,88
2018-08-16 10:05:07,98.9400,88
2018-08-16 10:05:08,98.9400,88
2018-08-16 10:05:10,98.9400,88
2018-08-16 10:05:11,98.9400,88
2018-08-16 10:05:16,98.9400,88
2018-08-16 10:05:17,99.0500,79
2018-08-16 10:05:20,99.0100,50
2018-08-16 10:05:21,98.9800,19
2018-08-16 10:05:22,99.0700,79
2018-08-16 10:05:23,99.0700,79
2018-08-16 10:05:24,99.0700,79
2018-08-16 10:05:26,99.0700,79
2018-08-16 10:05:29,99.0800,1
2018-08-16 10:05:31,99.0500,58
2018-08-16 10:05:34,99.0400,34
2018-08-16 10:05:36,99.0400,34
2018-08-16 10:05:37,99.0400,17
2018-08-16 10:05:38,99.0400,17
2018-08-16 10:05:39,99.0400,17
2018-08-16 10:05:40,99.0400,17
2018-08-16 10:05:41,99.0400,17
2018-08-16 10:05:43,99.0500,61
2018-08-16 10:05:44,99.0500,61
2018-08-16 10:05:47,99.0500,61
2018-08-16 10:05:49,99.0500,61
2018-08-16 10:05:51,99.0500,61
2018-08-16 10:05:53,99.0300,26
2018-08-16 10:05:54,99.0300,48
2018-08-16 10:05:56,98.9800,45
2018-08-16 10:05:58,99.0100,29
2018-08-16 10:05:59,99.0100,29
2018-08-16 10:06:01,99.0100,29
2018-08-16 10:06:02,99.0100,4
2018-08-16 10:06:03,98.9800,38
2018-08-16 10:06:04,98.9800,38
2018-08-16 10:06:06,98.9800,38
2018-08-16 10:06:07,98.9800,38
2018-08-16 10:06:08,98.9800,38
2018-08-16 10:06:10,98.9800,38
2018-08-16 10:06:11,99.0500,26
2018-08-16 10:06:12,99.0500,26
2018-08-16 10:06:13,99.0200,10
2018-08-16 10:06:14,98.9800,62
2018-08-16 10:06:15,98.9800,62
2018-08-16 10:06:16,98.9700,101
2018-08-16 10:06:17,98.9700,101
2018-08-16 10:06:18,98.9700,101
2018-08-16 10:06:19,98.9500,1
2018-08-16 10:06:20,98.9500,47
2018-08-16 10:06:21,98.9500,47
2018-08-16 10:06:22,98.9500,47
2018-08-16 10:06:23,98.9500,47
2018-08-16 10:06:25,98.9400,41
2018-08-16 10:06:26,98.8600,66
2018-08-16 10:06:27,98.8600,66
2018-08-16 10:06:30,98.7900,10
2018-08-16 10:06:31,98.7900,10
2018-08-16 10:06:32,98.7900,10
2018-08-16 10:06:33,98.7900,10
2018-08-16 10:06:34,98.7900,10
2018-08-16 10:06:36,98.7900,10
2018-08-16 10:06:39,98.7900,10
2018-08-16 10:06:40,98.9000,7
2018-08-16 10:06:41,98.8700,43
2018-08-16 10:06:43,98.8000,12
2018-08-16 10:06:45,98.7900,54
2018-08-16 10:06:46,98.7900,54
2018-08-16 10:06:48,98.7300,3
2018-08-16 10:06:49,98.7300,3
2018-08-16 10:06:50,98.7300,3
2018-08-16 10:06:51,98.6800,62
2018-08-16 10:06:52,98.6800,2
2018-08-16 10:06:53,98.6800,2
2018-08-16 10:06:55,98.6500,39
2018-08-16 10:06:56,98.6500,39
2018-08-16 10:07:00,98.6800,38
2018-08-16 10:07:01,98.6300,68
2018-08-16 10:07:03,98.5900,35
2018-08-16 10:07:04,98.5900,35
2018-08-16 10:07:05,98.5900,35
2018-08-16 10:07:06,98.6300,5
2018-08-16 10:07:08,98.6300,4
2018-08-16 10:07:10,98.6600,17
2018-08-16 10:07:11,98.8000,5
2018-08-16 10:07:16,98.8000,48
2018-08-16 10:07:18,98.7900,28
2018-08-16 10:07:20,98.7700,48
2018-08-16 10:07:21,98.9200,13
2018-08-16 10:07:25,98.9100,33
2018-08-16 10:07:26,98.9100,33
2018-08-16 10:07:27,98.8100,49
2018-08-16 10:07:28,98.8100,49
2018-08-16 10:07:31,98.7900,15
2018-08-16 10:07:32,98.7400,7
2018-08-16 10:07:35,98.7500,40
2018-08-16 10:07:38,98.7500,40
2018-08-16 10:07:39,98.6700,13
2018-08-16 10:07:40,98.6700,13
2018-08-16 10:07:41,98.6500,22
2018-08-16 10:07:43,98.6100,45
2018-08-16 10:07:44,98.5900,6
2018-08-16 10:07:46,98.5900,6
2018-08-16 10:07:47,98.5900,57
2018-08-16 10:07:48,98.5500,7
2018-08-16 10:07:49,98.5300,80
2018-08-16 10:07:50,98.5300,80
2018-08-16 10:07:51,98.5300,80
2018-08-16 10:07:53,98.5300,10
2018-08-16 10:07:56,98.5300,10
2018-08-16 10:07:57,98.5300,22
2018-08-16 10:07:58,98.5300,22
2018-08-16 10:08:01,98.5000,4
2018-08-16 10:08:02,98.5000,4
2018-08-16 10:08:06,98.5000,4
2018-08-16 10:08:10,98.5000,4
2018-08-16 10:08:11,98.5000,4
2018-08-16 10:08:12,98.5000,4
2018-08-16 10:08:13,98.5000,4
2018-08-16 10:08:16,98.5000,4
2018-08-16 10:08:17,98.5000,4
2018-08-16 10:08:20,98.5000,4
2018-08-16 10:08:23,98.5000,4
2018-08-16 10:08:24,98.5000,4
2018-08-16 10:08:25,98.5000,4
2018-08-16 10:08:26,98.4200,37
2018-08-16 10:08:28,98.4200,9
2018-08-16 10:08:30,98.4400,14
2018-08-16 10:08:31,98.4400,14
2018-08-16 10:08:32,98.3700,71
2018-08-16 10:08:36,98.3900,28
2018-08-16 10:08:38,98.3800,28
2018-08-16 10:08:39,98.4100,73
2018-08-16 10:08:40,98.4400,51
2018-08-16 10:08:42,98.4400,51
2018-08-16 10:08:43,98.3900,11
2018-08-16 10:08:44,98.4400,4
2018-08-16 10:08:46,98.4400,4
2018-08-16 10:08:47,98.4400,4
2018-08-16 10:08:48,98.4400,4
2018-08-16 10:08:51,98.4400,4
2018-08-16 10:08:52,98.4400,1
2018-08-16 10:08:53,98.4300,1
2018-08-16 10:08:54,98.4300,1
2018-08-16 10:08:55,98.3900,61
2018-08-16 10:08:56,98.3900,16
2018-08-16 10:09:01,98.3600,44
2018-08-16 10:09:03,98.3600,77
2018-08-16 10:09:04,98.3500,76
2018-08-16 10:09:06,98.3500,76
2018-08-16 10:09:07,98.3500,10
2018-08-16 10:09:08,98.3600,36
2018-08-16 10:09:09,98.3600,36
2018-08-16 10:09:11,98.3600,75
2018-08-16 10:09:12,98.3600,14
2018-08-16 10:09:13,98.3600,10
2018-08-16 10:09:16,98.3600,10
2018-08-16 10:09:17,98.3600,1
2018-08-16 10:09:18,98.3500,10
2018-08-16 10:09:20,98.3500,10
2018-08-16 10:09:21,98.3500,48
2018-08-16 10:09:22,98.3600,46
2018-08-16 10:09:23,98.4000,4
2018-08-16 10:09:27,98.4000,1
2018-08-16 10:09:28,98.4000,47
2018-08-16 10:09:29,98.4000,47
2018-08-16 10:09:30,98.3600,80
2018-08-16 10:09:31,98.3600,80
2018-08-16 10:09:32,98.2900,70
2018-08-16 10:09:34,98.2900,70
2018-08-16 10:09:38,98.2900,70
2018-08-16 10:09:39,98.2900,70
2018-08-16 10:09:41,98.3100,64
2018-08-16 10:09:43,98.3600,26
2018-08-16 10:09:45,98.3800,32
2018-08-16 10:09:46,98.3800,32
2018-08-16 10:09:49,98.3800,13
2018-08-16 10:09:51,98.4000,15
2018-08-16 10:09:52,98.3700,25
2018-08-16 10:10:00,98.3000,40
2018-08-16 10:10:01,98.3000,40
2018-08-16 10:10:03,98.3300,14
2018-08-16 10:10:05,98.3300,14
2018-08-16 10:10:06,98.3600,13
2018-08-16 10:10:07,98.2800,21
2018-08-16 10:10:09,98.2800,21
2018-08-16 10:10:10,98.2800,21
2018-08-16 10:10:11,98.3600,33
2018-08-16 10:10:13,98.3900,24
2018-08-16 10:10:15,98.3900,24
2018-08-16 10:10:16,98.3900,24
2018-08-16 10:10:17,98.2900,53
2018-08-16 10:10:20,98.2500,30
2018-08-16 10:10:21,98.2400,55
2018-08-16 10:10:24,98.2900,36
2018-08-16 10:10:26,98.2900,36
2018-08-16 10:10:27,98.2900,36
2018-08-16 10:10:28,98.2900,36
2018-08-16 10:10:30,98.3600,69
2018-08-16 10:10:31,98.3600,69
2018-08-16 10:10:32,98.3200,20
2018-08-16 10:10:34,98.3700,6
2018-08-16 10:10:35,98.3200,51
2018-08-16 10:10:41,98.3400,2
2018-08-16 10:10:43,98.3500,14
2018-08-16 10:10:46,98.3500,14
2018-08-16 10:10:48,98.3500,2
2018-08-16 10:10:49,98.3100,2
2018-08-16 10:10:50,98.3100,2
2018-08-16 10:10:51,98.3100,2
2018-08-16 10:10:52,98.2500,29
2018-08-16 10:11:01,98.3200,39
2018-08-16 10:11:05,98.3200,39
2018-08-16 10:11:06,98.3200,39
2018-08-16 10:11:07,98.3400,17
2018-08-16 10:11:08,98.3400,17
2018-08-16 10:11:10,98.3400,17
2018-08-16 10:11:11,98.3400,17
2018-08-16 10:11:12,98.2900,39
2018-08-16 10:11:16,98.2900,32
2018-08-16 10:11:17,98.3000,25
2018-08-16 10:11:18,98.2700,25
2018-08-16 10:11:19,98.2700,71
2018-08-16 10:11:20,98.3000,7
2018-08-16 10:11:21,98.3000,7
2018-08-16 10:11:23,98.2800,4
2018-08-16 10:11:24,98.2800,4
2018-08-16 10:11:28,98.2800,4
2018-08-16 10:11:29,98.2200,91
2018-08-16 10:11:30,98.2300,57
2018-08-16 10:11:31,98.2300,57
2018-08-16 10:11:33,98.2300,57
2018-08-16 10:11:34,98.2900,8
2018-08-16 10:11:36,98.1900,97
2018-08-16 10:11:37,98.1900,37
2018-08-16 10:11:38,98.3000,5
2018-08-16 10:11:39,98.2100,21
2018-08-16 10:11:40,98.2100,72
2018-08-16 10:11:41,98.2100,72
2018-08-16 10:11:43,98.3000,7
2018-08-16 10:11:44,98.3500,2
2018-08-16 10:11:45,98.3500,2
2018-08-16 10:11:46,98.3500,2
2018-08-16 10:11:47,98.3700,3
2018-08-16 10:11:48,98.3700,3
2018-08-16 10:11:49,98.3700,3
2018-08-16 10:11:51,98.3800,32
2018-08-16 10:11:52,98.3900,11
2018-08-16 10:11:55,98.3700,76
2018-08-16 10:11:56,98.3700,9
2018-08-16 10:11:57,98.3500,9
2018-08-16 10:12:00,98.3500,9
2018-08-16 10:12:01,98.3400,10
2018-08-16 10:12:04,98.3500,27
2018-08-16 10:12:06,98.3500,27
2018-08-16 10:12:07,98.3500,27
2018-08-16 10:12:10,98.3500,27
2018-08-16 10:12:11,98.2700,7
2018-08-16 10:12:12,98.2700,7
2018-08-16 10:12:14,98.2700,7
2018-08-16 10:12:16,98.2700,7
2018-08-16 10:12:19,98.2300,156
2018-08-16 10:12:20,98.2300,156
2018-08-16 10:12:21,98.2300,156
2018-08-16 10:12:22,98.2600,5
2018-08-16 10:12:24,98.3100,26
2018-08-16 10:12:26,98.3100,26
2018-08-16 10:12:27,98.2600,14
2018-08-16 10:12:29,98.1900,50
2018-08-16 10:12:31,98.1800,41
2018-08-16 10:12:34,98.1800,3
2018-08-16 10:12:36,98.1900,18
2018-08-16 10:12:37,98.1900,4
2018-08-16 10:12:38,98.2500,6
2018-08-16 10:12:41,98.2000,3
2018-08-16 10:12:42,98.2000,3
2018-08-16 10:12:46,98.1700,18
2018-08-16 10:12:47,98.1600,14
2018-08-16 10:12:49,98.1600,14
2018-08-16 10:12:51,98.2000,110
2018-08-16 10:12:53,98.2500,2
2018-08-16 10:12:54,98.2500,2
2018-08-16 10:12:55,98.2500,2
2018-08-16 10:12:56,98.2500,2
2018-08-16 10:12:57,98.2500,2
2018-08-16 10:12:58,98.2200,2
2018-08-16 10:13:01,98.1400,3
2018-08-16 10:13:02,98.1400,3
2018-08-16 10:13:03,98.1400,3
2018-08-16 10:13:06,98.1400,3
2018-08-16 10:13:07,98.2500,11
2018-08-16 10:13:08,98.2500,30
2018-08-16 10:13:09,98.2500,30
2018-08-16 10:13:10,98.2500,30
2018-08-16 10:13:13,98.2400,17
2018-08-16 10:13:16,98.1200,14
2018-08-16 10:13:17,98.1200,14
2018-08-16 10:13:19,98.1200,14
2018-08-16 10:13:21,98.1200,14
2018-08-16 10:13:23,98.1200,14
2018-08-16 10:13:24,98.1200,14
2018-08-16 10:13:26,98.1200,14
2018-08-16 10:13:29,98.1300,17
2018-08-16 10:13:31,98.0800,45
2018-08-16 10:13:35,98.1300,1
2018-08-16 10:13:36,98.1300,1
2018-08-16 10:13:41,98.1200,51
2018-08-16 10:13:45,98.1200,47
2018-08-16 10:13:46,98.1200,47
2018-08-16 10:13:47,98.1400,69
2018-08-16 10:13:49,98.1400,69
2018-08-16 10:13:51,98.1400,5
2018-08-16 10:13:52,98.1400,29
2018-08-16 10:13:53,98.1200,20
2018-08-16 10:13:55,98.0600,15
2018-08-16 10:13:56,98.0600,15
2018-08-16 10:13:57,98.0600,15
2018-08-16 10:13:58,98.1000,9
2018-08-16 10:14:01,98.0600,92
2018-08-16 10:14:04,98.0600,92
2018-08-16 10:14:05,98.2100,4
2018-08-16 10:14:06,98.2100,4
2018-08-16 10:14:09,98.2100,4
2018-08-16 10:14:10,98.2100,4
2018-08-16 10:14:11,98.2100,4
2018-08-16 10:14:12,98.2100,4
2018-08-16 10:14:14,98.2100,4
2018-08-16 10:14:15,98.2100,4
2018-08-16 10:14:19,98.2000,1
2018-08-16 10:14:20,98.1700,62
2018-08-16 10:14:21,98.1700,62
2018-08-16 10:14:24,98.1600,104
2018-08-16 10:14:25,98.2100,25
2018-08-16 10:14:26,98.2100,34
2018-08-16 10:14:30,98.2000,72
2018-08-16 10:14:31,98.2000,82
2018-08-16 10:14:34,98.2000,30
2018-08-16 10:14:35,98.2100,15
2018-08-16 10:14:36,98.2000,7
2018-08-16 10:14:38,98.1900,20
2018-08-16 10:14:41,98.1900,20
2018-08-16 10:14:43,98.1600,39
2018-08-16 10:14:45,98.1500,6
2018-08-16 10:14:46,98.1500,6
2018-08-16 10:14:49,98.2000,33
2018-08-16 10:14:54,98.1500,96
2018-08-16 10:14:55,98.1500,96
2018-08-16 10:14:56,98.2000,3
2018-08-16 10:14:59,98.2000,3
2018-08-16 10:15:01,98.2000,3
2018-08-16 10:15:02,98.1600,28
2018-08-16 10:15:03,98.2000,42
2018-08-16 10:15:09,98.2200,33
2018-08-16 10:15:10,98.1900,42
2018-08-16 10:15:11,98.1900,42
2018-08-16 10:15:12,98.1900,42
2018-08-16 10:15:15,98.1900,42
2018-08-16 10:15:17,98.1500,5
2018-08-16 10:15:18,98.2100,105
2018-08-16 10:15:20,98.1600,22
2018-08-16 10:15:21,98.2300,41
2018-08-16 10:15:23,98.2300,52
2018-08-16 10:15:25,98.2300,52
2018-08-16 10:15:26,98.1700,41
2018-08-16 10:15:27,98.2300,49
2018-08-16 10:15:30,98.2300,93
2018-08-16 10:15:31,98.2400,24
2018-08-16 10:15:32,98.2400,24
2018-08-16 10:15:33,98.2400,24
2018-08-16 10:15:34,98.2400,24
2018-08-16 10:15:35,98.2400,83
2018-08-16 10:15:38,98.2000,38
2018-08-16 10:15:39,98.2400,23
2018-08-16 10:15:41,98.2400,23
2018-08-16 10:15:43,98.2400,36
2018-08-16 10:15:44,98.2500,51
2018-08-16 10:15:48,98.2700,14
2018-08-16 10:15:49,98.2700,14
2018-08-16 10:15:50,98.2400,106
2018-08-16 10:15:51,98.2400,106
2018-08-16 10:15:52,98.2400,106
2018-08-16 10:15:55,98.2700,75
2018-08-16 10:15:56,98.2700,75
2018-08-16 10:15:57,98.2700,75
2018-08-16 10:15:59,98.2300,26
2018-08-16 10:16:00,98.2300,26
2018-08-16 10:16:01,98.1400,3
2018-08-16 10:16:04,98.2100,63
2018-08-16 10:16:05,98.2100,28
2018-08-16 10:16:10,98.2700,43
2018-08-16 10:16:12,98.2700,43
2018-08-16 10:16:13,98.2200,43
2018-08-16 10:16:14,98.2200,43
2018-08-16 10:16:15,98.2200,43
2018-08-16 10:16:16,98.2200,43
2018-08-16 10:16:17,98.2200,43
2018-08-16 10:16:18,98.2200,43
2018-08-16 10:16:19,98.1400,20
2018-08-16 10:16:26,98.2200,48
2018-08-16 10:16:28,98.2200,48
2018-08-16 10:16:29,98.1900,40
2018-08-16 10:16:31,98.1900,40
2018-08-16 10:16:32,98.1600,68
2018-08-16 10:16:33,98.1600,68
2018-08-16 10:16:34,98.1600,68
2018-08-16 10:16:35,98.1600,68
2018-08-16 10:16:36,98.1400,53
2018-08-16 10:16:37,98.1500,3
2018-08-16 10:16:38,98.1400,17
2018-08-16 10:16:41,98.1300,75
2018-08-16 10:16:43,98.1300,23
2018-08-16 10:16:46,98.0700,62
2018-08-16 10:16:47,98.0700,24
2018-08-16 10:16:49,98.0900,66
2018-08-16 10:16:56,98.0900,66
2018-08-16 10:16:57,98.0900,66
2018-08-16 10:16:58,98.0900,66
2018-08-16 10:17:00,98.0900,66
2018-08-16 10:17:01,98.1500,25
2018-08-16 10:17:03,98.1500,25
2018-08-16 10:17:04,98.1100,83
2018-08-16 10:17:06,98.1100,83
2018-08-16 10:17:07,98.1100,83
2018-08-16 10:17:10,98.1600,105
2018-08-16 10:17:11,98.1600,105
2018-08-16 10:17:12,98.1600,105
2018-08-16 10:17:14,98.1600,105
2018-08-16 10:17:16,98.1700,10
2018-08-16 10:17:18,98.2000,16
2018-08-16 10:17:19,98.2000,16
2018-08-16 10:17:21,98.2000,16
2018-08-16 10:17:22,98.2000,11
2018-08-16 10:17:23,98.2000,11
2018-08-16 10:17:24,98.2000,57
2018-08-16 10:17:26,98.1700,112
2018-08-16 10:17:27,98.2100,24
2018-08-16 10:17:29,98.2100,24
2018-08-16 10:17:30,98.2200,12
2018-08-16 10:17:31,98.2200,18
2018-08-16 10:17:32,98.2200,51
2018-08-16 10:17:33,98.1900,61
2018-08-16 10:17:37,98.1900,61
2018-08-16 10:17:40,98.2300,22
2018-08-16 10:17:41,98.1900,33
2018-08-16 10:17:42,98.2300,122
2018-08-16 10:17:45,98.2400,13
2018-08-16 10:17:46,98.2400,13
2018-08-16 10:17:47,98.1400,94
2018-08-16 10:17:48,98.1400,94
2018-08-16 10:17:49,98.2100,34
2018-08-16 10:17:50,98.2400,25
2018-08-16 10:17:51,98.2400,25
2018-08-16 10:17:52,98.2400,25
2018-08-16 10:17:56,98.2400,25
2018-08-16 10:17:57,98.2400,25
2018-08-16 10:17:58,98.1900,28
2018-08-16 10:17:59,98.2100,76
2018-08-16 10:18:00,98.2100,76
2018-08-16 10:18:01,98.2100,76
2018-08-16 10:18:03,98.2100,76
2018-08-16 10:18:04,98.2100,76
2018-08-16 10:18:05,98.2100,76
2018-08-16 10:18:06,98.2100,76
2018-08-16 10:18:08,98.2100,76
2018-08-16 10:18:11,98.2100,6
2018-08-16 10:18:12,98.2100,6
2018-08-16 10:18:13,98.1700,6
2018-08-16 10:18:16,98.1300,48
2018-08-16 10:18:17,98.2100,31
2018-08-16 10:18:18,98.2100,31
2018-08-16 10:18:20,98.1300,6
2018-08-16 10:18:21,98.1300,6
2018-08-16 10:18:24,98.1300,6
2018-08-16 10:18:26,98.1800,21
2018-08-16 10:18:27,98.1800,2
2018-08-16 10:18:30,98.2000,13
2018-08-16 10:18:32,98.2000,13
2018-08-16 10:18:33,98.1600,64
2018-08-16 10:18:34,98.1600,21
2018-08-16 10:18:36,98.1400,13
2018-08-16 10:18:37,98.1400,13
2018-08-16 10:18:38,98.2000,67
2018-08-16 10:18:39,98.2100,46
2018-08-16 10:18:40,98.2100,46
2018-08-16 10:18:41,98.2100,46
2018-08-16 10:18:44,98.2100,45
2018-08-16 10:18:46,98.1900,67
2018-08-16 10:18:47,98.1700,12
2018-08-16 10:18:48,98.1200,42
2018-08-16 10:18:50,98.1200,42
2018-08-16 10:18:52,98.1200,42
2018-08-16 10:18:53,98.1200,42
2018-08-16 10:18:54,98.1900,8
2018-08-16 10:18:55,98.2100,109
2018-08-16 10:18:56,98.2400,17
2018-08-16 10:18:57,98.2400,17
2018-08-16 10:18:58,98.2400,17
2018-08-16 10:19:01,98.2400,17
2018-08-16 10:19:02,98.2400,17
2018-08-16 10:19:05,98.2400,17
2018-08-16 10:19:06,98.2400,17
2018-08-16 10:19:07,98.2300,38
2018-08-16 10:19:08,98.2300,59
2018-08-16 10:19:09,98.2300,59
2018-08-16 10:19:10,98.2300,59
2018-08-16 10:19:11,98.2300,59
2018-08-16 10:19:12,98.2300,59
2018-08-16 10:19:13,98.2300,59
2018-08-16 10:19:14,98.2300,59
2018-08-16 10:19:15,98.2500,23
2018-08-16 10:19:16,98.2600,22
2018-08-16 10:19:18,98.2600,53
2018-08-16 10:19:21,98.2700,27
2018-08-16 10:19:22,98.2800,83
2018-08-16 10:19:23,98.2800,83
2018-08-16 10:19:24,98.2500,30
2018-08-16 10:19:26,98.2800,122
2018-08-16 10:19:27,98.2500,25
2018-08-16 10:19:29,98.2500,90
2018-08-16 10:19:31,98.2900,45
2018-08-16 10:19:32,98.3000,80
2018-08-16 10:19:33,98.3000,80
2018-08-16 10:19:34,98.3000,80
2018-08-16 10:19:36,98.3000,7
2018-08-16 10:19:37,98.3200,31
2018-08-16 10:19:39,98.2600,46
2018-08-16 10:19:41,98.2600,46
2018-08-16 10:19:46,98.2600,46
2018-08-16 10:19:47,98.3200,25
2018-08-16 10:19:48,98.3200,25
2018-08-16 10:19:51,98.3000,36
2018-08-16 10:19:52,98.3000,36
2018-08-16 10:19:55,98.2600,5
2018-08-16 10:19:56,98.2600,5
2018-08-16 10:19:57,98.2600,5
2018-08-16 10:19:58,98.3200,27
2018-08-16 10:20:01,98.3200,27
2018-08-16 10:20:02,98.3200,27
2018-08-16 10:20:05,98.3100,27
2018-08-16 10:20:07,98.3100,27
2018-08-16 10:20:08,98.3100,27
2018-08-16 10:20:09,98.2800,15
2018-08-16 10:20:12,98.4100,69
2018-08-16 10:20:17,98.2700,19
2018-08-16 10:20:18,98.2700,19
2018-08-16 10:20:19,98.2700,19
2018-08-16 10:20:20,98.3600,29
2018-08-16 10:20:21,98.3500,74
2018-08-16 10:20:22,98.3500,74
2018-08-16 10:20:26,98.3500,33
2018-08-16 10:20:27,98.3500,33
2018-08-16 10:20:28,98.3500,33
2018-08-16 10:20:32,98.3500,33
2018-08-16 10:20:33,98.3100,42
2018-08-16 10:20:37,98.3100,42
2018-08-16 10:20:38,98.3000,2
2018-08-16 10:20:39,98.2800,1
2018-08-16 10:20:42,98.2800,1
2018-08-16 10:20:43,98.2800,1
2018-08-16 10:20:45,98.2800,1
2018-08-16 10:20:46,98.2800,1
2018-08-16 10:20:47,98.2800,1
2018-08-16 10:20:48,98.3100,51
2018-08-16 10:20:50,98.2800,5
2018-08-16 10:20:51,98.2800,5
2018-08-16 10:20:52,98.2800,5
2018-08-16 10:20:53,98.2800,5
2018-08-16 10:20:59,98.4100,25
2018-08-16 10:21:00,98.4100,20
2018-08-16 10:21:02,98.4100,20
2018-08-16 10:21:04,98.3700,52
2018-08-16 10:21:06,98.3900,16
2018-08-16 10:21:07,98.3900,16
2018-08-16 10:21:09,98.3900,9
2018-08-16 10:21:10,98.3900,29
2018-08-16 10:21:11,98.3800,15
2018-08-16 10:21:12,98.3800,15
2018-08-16 10:21:13,98.3800,15
2018-08-16 10:21:16,98.3800,15
2018-08-16 10:21:17,98.3600,14
2018-08-16 10:21:18,98.3200,52
2018-08-16 10:21:20,98.3800,58
2018-08-16 10:21:22,98.3900,19
2018-08-16 10:21:24,98.3800,153
2018-08-16 10:21:26,98.3900,12
2018-08-16 10:21:27,98.3900,12
2018-08-16 10:21:29,98.3900,12
2018-08-16 10:21:31,98.3700,124
2018-08-16 10:21:32,98.3600,3
2018-08-16 10:21:33,98.3200,12
2018-08-16 10:21:34,98.3100,55
2018-08-16 10:21:35,98.3100,55
2018-08-16 10:21:36,98.3900,67
2018-08-16 10:21:41,98.3900,67
2018-08-16 10:21:42,98.2800,9
2018-08-16 10:21:43,98.2800,7
2018-08-16 10:21:44,98.2800,7
2018-08-16 10:21:45,98.2800,7
2018-08-16 10:21:47,98.2900,9
2018-08-16 10:21:48,98.2800,76
2018-08-16 10:21:49,98.2800,76
2018-08-16 10:21:50,98.3700,60
2018-08-16 10:21:51,98.3600,24
2018-08-16 10:21:52,98.3600,18
2018-08-16 10:21:53,98.3700,77
2018-08-16 10:21:57,98.3900,13
2018-08-16 10:21:59,98.2800,1
2018-08-16 10:22:00,98.2800,1
2018-08-16 10:22:01,98.2800,1
2018-08-16 10:22:02,98.2800,1
2018-08-16 10:22:03,98.2800,1
2018-08-16 10:22:04,98.2800,6
2018-08-16 10:22:05,98.2800,17
2018-08-16 10:22:06,98.2800,17
2018-08-16 10:22:07,98.2700,21
2018-08-16 10:22:08,98.2700,36
2018-08-16 10:22:09,98.2700,19
2018-08-16 10:22:11,98.2700,13
2018-08-16 10:22:12,98.2700,13
2018-08-16 10:22:13,98.2700,5
2018-08-16 10:22:14,98.2600,64
2018-08-16 10:22:17,98.2700,87
2018-08-16 10:22:18,98.2700,87
2018-08-16 10:22:19,98.2700,87
2018-08-16 10:22:22,98.2700,87
2018-08-16 10:22:25,98.2600,49
2018-08-16 10:22:26,98.2900,74
2018-08-16 10:22:27,98.2200,68
2018-08-16 10:22:29,98.1800,5
2018-08-16 10:22:32,98.1800,5
2018-08-16 10:22:34,98.1800,2
2018-08-16 10:22:36,98.2200,37
2018-08-16 10:22:37,98.2200,37
2018-08-16 10:22:39,98.2400,93
2018-08-16 10:22:40,98.1600,40
2018-08-16 10:22:42,98.1600,5
2018-08-16 10:22:43,98.1700,101
2018-08-16 10:22:49,98.1700,101
2018-08-16 10:22:50,98.1700,101
2018-08-16 10:22:52,98.1700,101
2018-08-16 10:22:53,98.1700,101
2018-08-16 10:22:55,98.1700,80
2018-08-16 10:22:56,98.1700,10
2018-08-16 10:22:57,98.2100,4
2018-08-16 10:22:58,98.2100,77
2018-08-16 10:22:59,98.1500,36
2018-08-16 10:23:00,98.1500,36
2018-08-16 10:23:02,98.1500,111
2018-08-16 10:23:07,98.1500,2
2018-08-16 10:23:08,98.1500,2
2018-08-16 10:23:09,98.1200,64
2018-08-16 10:23:11,98.1100,29
2018-08-16 10:23:12,98.1100,29
2018-08-16 10:23:13,98.1400,57
2018-08-16 10:23:14,98.1400,57
2018-08-16 10:23:15,98.1400,57
2018-08-16 10:23:16,98.1400,57
2018-08-16 10:23:17,98.1400,57
2018-08-16 10:23:18,98.1400,57
2018-08-16 10:23:21,98.1400,57
2018-08-16 10:23:22,98.1400,57
2018-08-16 10:23:23,98.1500,28
2018-08-16 10:23:25,98.1100,26
2018-08-16 10:23:26,98.1100,31
2018-08-16 10:23:27,98.1100,50
2018-08-16 10:23:28,98.1400,41
2018-08-16 10:23:29,98.2200,38
2018-08-16 10:23:32,98.2200,38
2018-08-16 10:23:33,98.2200,11
2018-08-16 10:23:35,98.2200,11
2018-08-16 10:23:36,98.2200,11
2018-08-16 10:23:37,98.2200,11
2018-08-16 10:23:38,98.1400,79
2018-08-16 10:23:39,98.1400,43
2018-08-16 10:23:40,98.1500,49
2018-08-16 10:23:41,98.0800,51
2018-08-16 10:23:42,98.0700,1
2018-08-16 10:23:49,98.1000,35
2018-08-16 10:23:52,98.1000,35
2018-08-16 10:23:54,98.1000,35
2018-08-16 10:23:57,98.1000,35
2018-08-16 10:23:58,98.1000,35
2018-08-16 10:23:59,98.1000,35
2018-08-16 10:24:01,98.1700,101
2018-08-16 10:24:02,98.1700,6
2018-08-16 10:24:03,98.1500,46
2018-08-16 10:24:07,98.1800,31
2018-08-16 10:24:08,98.1800,31
2018-08-16 10:24:11,98.1800,31
2018-08-16 10:24:12,98.2200,39
2018-08-16 10:24:15,98.2200,7
2018-08-16 10:24:17,98.2200,7
2018-08-16 10:24:18,98.1800,7
2018-08-16 10:24:19,98.1800,7
2018-08-16 10:24:20,98.1800,7
2018-08-16 10:24:21,98.1800,7
2018-08-16 10:24:22,98.1800,7
2018-08-16 10:24:23,98.2200,7
2018-08-16 10:24:24,98.2200,7
2018-08-16 10:24:27,98.2200,58
2018-08-16 10:24:29,98.2200,51
2018-08-16 10:24:30,98.2200,51
2018-08-16 10:24:31,98.2200,51
2018-08-16 10:24:32,98.2400,32
2018-08-16 10:24:33,98.2300,32
2018-08-16 10:24:34,98.1800,5
2018-08-16 10:24:36,98.1800,5
2018-08-16 10:24:37,98.1800,5
2018-08-16 10:24:38,98.1800,5
2018-08-16 10:24:39,98.2400,43
2018-08-16 10:24:40,98.3100,19
2018-08-16 10:24:41,98.3100,19
2018-08-16 10:24:42,98.3100,19
2018-08-16 10:24:43,98.2900,48
2018-08-16 10:24:44,98.2900,48
2018-08-16 10:24:46,98.3100,17
2018-08-16 10:24:47,98.2900,5
2018-08-16 10:24:48,98.2900,5
2018-08-16 10:24:49,98.2900,5
2018-08-16 10:24:51,98.2900,5
2018-08-16 10:24:52,98.2900,5
2018-08-16 10:24:53,98.3100,62
2018-08-16 10:24:54,98.2600,16
2018-08-16 10:24:55,98.2600,16
2018-08-16 10:24:56,98.2900,2
2018-08-16 10:24:57,98.2600,29
2018-08-16 10:25:02,98.2600,29
2018-08-16 10:25:03,98.2600,29
2018-08-16 10:25:05,98.2600,29
2018-08-16 10:25:06,98.2600,29
2018-08-16 10:25:07,98.2600,29
2018-08-16 10:25:08,98.2600,36
2018-08-16 10:25:09,98.2600,135
2018-08-16 10:25:10,98.2400,5
2018-08-16 10:25:12,98.2400,5
2018-08-16 10:25:13,98.2400,5
2018-08-16 10:25:17,98.2600,25
2018-08-16 10:25:18,98.2600,25
2018-08-16 10:25:19,98.2600,25
2018-08-16 10:25:20,98.2600,25
2018-08-16 10:25:21,98.2600,25
2018-08-16 10:25:22,98.2600,25
2018-08-16 10:25:23,98.2500,27
2018-08-16 10:25:24,98.2500,12
2018-08-16 10:25:26,98.2900,27
2018-08-16 10:25:27,98.2700,31
2018-08-16 10:25:29,98.2700,12
2018-08-16 10:25:30,98.2700,36
2018-08-16 10:25:34,98.2500,8
2018-08-16 10:25:35,98.2400,15
2018-08-16 10:25:37,98.2100,43
2018-08-16 10:25:39,98.2100,43
2018-08-16 10:25:40,98.2100,43
2018-08-16 10:25:41,98.2100,43
2018-08-16 10:25:42,98.2100,43
2018-08-16 10:25:44,98.2500,23
2018-08-16 10:25:45,98.2500,23
2018-08-16 10:25:46,98.2500,23
2018-08-16 10:25:47,98.2500,23
2018-08-16 10:25:48,98.1900,14
2018-08-16 10:25:52,98.1900,14
2018-08-16 10:25:53,98.1900,14
2018-08-16 10:25:55,98.1900,14
2018-08-16 10:25:56,98.1900,14
2018-08-16 10:25:57,98.2000,27
2018-08-16 10:25:59,98.2100,79
2018-08-16 10:26:00,98.1900,43
2018-08-16 10:26:02,98.1900,43
2018-08-16 10:26:03,98.2100,22
2018-08-16 10:26:04,98.3100,16
2018-08-16 10:26:05,98.3200,18
2018-08-16 10:26:07,98.3200,18
2018-08-16 10:26:08,98.1800,12
2018-08-16 10:26:09,98.1800,12
2018-08-16 10:26:11,98.2500,6
2018-08-16 10:26:12,98.2500,6
2018-08-16 10:26:15,98.3200,3
2018-08-16 10:26:17,98.3300,41
2018-08-16 10:26:18,98.2600,18
2018-08-16 10:26:20,98.2600,18
2018-08-16 10:26:22,98.2500,18
2018-08-16 10:26:23,98.2600,90
2018-08-16 10:26:24,98.2600,90
2018-08-16 10:26:27,98.2800,14
2018-08-16 10:26:28,98.2100,14
2018-08-16 10:26:32,98.3300,19
2018-08-16 10:26:33,98.3300,19
2018-08-16 10:26:35,98.3300,19
2018-08-16 10:26:37,98.3300,19
2018-08-16 10:26:38,98.3300,19
2018-08-16 10:26:39,98.3000,24
2018-08-16 10:26:40,98.3000,24
2018-08-16 10:26:41,98.3000,24
2018-08-16 10:26:42,98.3000,24
2018-08-16 10:26:43,98.3100,33
2018-08-16 10:26:44,98.3100,33
2018-08-16 10:26:46,98.2700,57
2018-08-16 10:26:47,98.3100,22
2018-08-16 10:26:49,98.3200,41
2018-08-16 10:26:50,98.3400,12
2018-08-16 10:26:51,98.3600,89
2018-08-16 10:26:52,98.3600,32
2018-08-16 10:26:53,98.3700,50
2018-08-16 10:26:54,98.3200,59
2018-08-16 10:26:56,98.3200,89
2018-08-16 10:26:57,98.3200,89
2018-08-16 10:26:58,98.3200,89
2018-08-16 10:26:59,98.3200,89
2018-08-16 10:27:00,98.3200,89
2018-08-16 10:27:02,98.3200,15
2018-08-16 10:27:07,98.3200,15
2018-08-16 10:27:08,98.3200,15
2018-08-16 10:27:09,98.3200,15
2018-08-16 10:27:10,98.3200,15
2018-08-16 10:27:14,98.3200,15
2018-08-16 10:27:16,98.2700,7
2018-08-16 10:27:18,98.2200,51
2018-08-16 10:27:19,98.2200,51
2018-08-16 10:27:21,98.2200,51
2018-08-16 10:27:22,98.2200,51
2018-08-16 10:27:23,98.2200,95
2018-08-16 10:27:24,98.2100,16
2018-08-16 10:27:25,98.2100,16
2018-08-16 10:27:27,98.2100,16
2018-08-16 10:27:29,98.2100,16
2018-08-16 10:27:32,98.2100,16
2018-08-16 10:27:33,98.2100,16
2018-08-16 10:27:34,98.2400,26
2018-08-16 10:27:36,98.2200,5
2018-08-16 10:27:38,98.2000,81
2018-08-16 10:27:39,98.2500,48
2018-08-16 10:27:40,98.2300,27
2018-08-16 10:27:41,98.2100,11
2018-08-16 10:27:42,98.2400,17
2018-08-16 10:27:43,98.2700,23
2018-08-16 10:27:49,98.2700,23
2018-08-16 10:27:50,98.2700,23
2018-08-16 10:27:51,98.2700,23
2018-08-16 10:27:52,98.2700,23
2018-08-16 10:27:53,98.2800,64
2018-08-16 10:27:54,98.2800,54
2018-08-16 10:27:55,98.2800,54
2018-08-16 10:27:56,98.2800,54
2018-08-16 10:27:57,98.2200,41
2018-08-16 10:27:58,98.2200,41
2018-08-16 10:27:59,98.2200,41
2018-08-16 10:28:01,98.2000,52
2018-08-16 10:28:02,98.1900,82
2018-08-16 10:28:03,98.1900,82
2018-08-16 10:28:05,98.1900,82
2018-08-16 10:28:06,98.2200,37
2018-08-16 10:28:07,98.2500,14
2018-08-16 10:28:09,98.2500,14
2018-08-16 10:28:10,98.2500,14
2018-08-16 10:28:12,98.2500,14
2018-08-16 10:28:13,98.2500,14
2018-08-16 10:28:16,98.2500,14
2018-08-16 10:28:17,98.2500,14
2018-08-16 10:28:18,98.2500,14
2018-08-16 10:28:19,98.1900,32
2018-08-16 10:28:20,98.2000,32
2018-08-16 10:28:21,98.2000,32
2018-08-16 10:28:22,98.2000,32
2018-08-16 10:28:23,98.2300,57
2018-08-16 10:28:27,98.2300,57
2018-08-16 10:28:28,98.2300,57
2018-08-16 10:28:29,98.2300,57
2018-08-16 10:28:30,98.2300,57
2018-08-16 10:28:32,98.2300,57
2018-08-16 10:28:34,98.2300,39
2018-08-16 10:28:35,98.2300,39
2018-08-16 10:28:37,98.2300,26
2018-08-16 10:28:38,98.2300,26
2018-08-16 10:28:39,98.2500,59
2018-08-16 10:28:40,98.2500,37
2018-08-16 10:28:41,98.2500,37
2018-08-16 10:28:42,98.2500,37
2018-08-16 10:28:43,98.2500,58
2018-08-16 10:28:44,98.2300,137
2018-08-16 10:28:46,98.2200,56
2018-08-16 10:28:47,98.2400,88
2018-08-16 10:28:48,98.2400,88
2018-08-16 10:28:49,98.2400,88
2018-08-16 10:28:51,98.2400,88
2018-08-16 10:28:52,98.2400,88
2018-08-16 10:28:54,98.2400,21
2018-08-16 10:28:55,98.2400,15
2018-08-16 10:28:57,98.2400,15
2018-08-16 10:28:58,98.2200,25
2018-08-16 10:28:59,98.2200,35
2018-08-16 10:29:00,98.2200,102
2018-08-16 10:29:01,98.2200,66
2018-08-16 10:29:02,98.2200,66
2018-08-16 10:29:04,98.2400,34
2018-08-16 10:29:07,98.2200,34
2018-08-16 10:29:09,98.1900,51
2018-08-16 10:29:10,98.1900,29
2018-08-16 10:29:12,98.2300,35
2018-08-16 10:29:14,98.2300,35
2018-08-16 10:29:15,98.2000,74
2018-08-16 10:29:17,98.2000,74
2018-08-16 10:29:18,98.2300,9
2018-08-16 10:29:22,98.2300,9
2018-08-16 10:29:24,98.2300,9
2018-08-16 10:29:25,98.2200,1
2018-08-16 10:29:26,98.2300,49
2018-08-16 10:29:27,98.2300,49
2018-08-16 10:29:30,98.2500,30
2018-08-16 10:29:32,98.2500,30
2018-08-16 10:29:33,98.2500,30
2018-08-16 10:29:36,98.2500,30
2018-08-16 10:29:37,98.2500,30
2018-08-16 10:29:38,98.1600,44
2018-08-16 10:29:39,98.1600,44
2018-08-16 10:29:40,98.1600,30
2018-08-16 10:29:41,98.1200,122
2018-08-16 10:29:42,98.1400,42
2018-08-16 10:29:43,98.2500,91
2018-08-16 10:29:45,98.2200,17
2018-08-16 10:29:48,98.2500,26
2018-08-16 10:29:49,98.2500,26
2018-08-16 10:29:50,98.2500,26
2018-08-16 10:29:52,98.2300,76
2018-08-16 10:29:53,98.2100,16
2018-08-16 10:29:55,98.1700,46
2018-08-16 10:29:58,98.1700,46
2018-08-16 10:29:59,98.2100,20
2018-08-16 10:30:00,98.2500,57
2018-08-16 10:30:01,98.2500,57
2018-08-16 10:30:02,98.2500,57
2018-08-16 10:30:03,97.9900,12
2018-08-16 10:30:04,98.1100,74
2018-08-16 10:30:05,98.1100,74
2018-08-16 10:30:06,98.1100,74
2018-08-16 10:30:07,98.2700,11
2018-08-16 10:30:09,98.2700,11
2018-08-16 10:30:10,98.2100,63
2018-08-16 10:30:13,98.2400,17
2018-08-16 10:30:16,98.1100,24
2018-08-16 10:30:18,98.1100,24
2018-08-16 10:30:19,98.0800,36
2018-08-16 10:30:20,98.0800,36
2018-08-16 10:30:23,98.0600,12
2018-08-16 10:30:24,98.0500,8
2018-08-16 10:30:25,98.0500,50
2018-08-16 10:30:26,98.0500,50
2018-08-16 10:30:29,98.0500,50
2018-08-16 10:30:30,98.0900,3
2018-08-16 10:30:31,98.0500,2
2018-08-16 10:30:32,97.9900,57
2018-08-16 10:30:34,97.9900,57
2018-08-16 10:30:35,97.9900,57
2018-08-16 10:30:37,97.9900,57
2018-08-16 10:30:39,98.0200,3
2018-08-16 10:30:40,97.9600,34
2018-08-16 10:30:42,97.9600,34
2018-08-16 10:30:43,98.0700,3
2018-08-16 10:30:44,98.1000,17
2018-08-16 10:30:47,98.1000,17
2018-08-16 10:30:48,98.0100,4
2018-08-16 10:30:49,97.8800,23
2018-08-16 10:30:52,97.8800,23
2018-08-16 10:30:53,97.8800,23
2018-08-16 10:30:54,98.0100,44
2018-08-16 10:30:55,98.0100,44
2018-08-16 10:30:56,98.0100,44
2018-08-16 10:30:57,98.0100,44
2018-08-16 10:30:58,97.9900,2
2018-08-16 10:30:59,97.9900,2
2018-08-16 10:31:02,97.9900,71
2018-08-16 10:31:03,97.9900,2
2018-08-16 10:31:04,97.9900,2
2018-08-16 10:31:06,97.9900,2
2018-08-16 10:31:07,97.9800,12
2018-08-16 10:31:08,97.9800,12
2018-08-16 10:31:10,97.9800,12
2018-08-16 10:31:11,97.9800,12
2018-08-16 10:31:12,97.9800,12
2018-08-16 10:31:13,98.0300,2
2018-08-16 10:31:14,98.0300,54
2018-08-16 10:31:15,98.0500,156
2018-08-16 10:31:17,98.0400,2
2018-08-16 10:31:18,98.0500,14
2018-08-16 10:31:19,98.0800,52
2018-08-16 10:31:22,98.1000,27
2018-08-16 10:31:23,98.1000,4
2018-08-16 10:31:24,98.1000,4
2018-08-16 10:31:25,98.1000,4
2018-08-16 10:31:26,98.1000,4
2018-08-16 10:31:27,98.1000,4
2018-08-16 10:31:28,98.0800,1
2018-08-16 10:31:29,98.1000,40
2018-08-16 10:31:30,98.1600,18
2018-08-16 10:31:31,98.1600,18
2018-08-16 10:31:33,98.0700,30
2018-08-16 10:31:34,98.0700,30
2018-08-16 10:31:35,98.0700,30
2018-08-16 10:31:37,98.0700,30
2018-08-16 10:31:38,98.1600,14
2018-08-16 10:31:39,98.1600,14
2018-08-16 10:31:40,98.1600,14
2018-08-16 10:31:42,98.1600,14
2018-08-16 10:31:43,98.1300,25
2018-08-16 10:31:45,98.1300,25
2018-08-16 10:31:46,98.1400,46
2018-08-16 10:31:48,98.1300,62
2018-08-16 10:31:49,98.1300,62
2018-08-16 10:31:50,98.1300,62
2018-08-16 10:31:52,98.1300,47
2018-08-16 10:31:53,98.1300,47
2018-08-16 10:31:54,98.1300,47
2018-08-16 10:31:56,98.1600,37
2018-08-16 10:31:57,98.1600,37
2018-08-16 10:31:58,98.1600,37
2018-08-16 10:32:00,98.1600,37
2018-08-16 10:32:01,98.1600,36
2018-08-16 10:32:02,98.1600,36
2018-08-16 10:32:04,98.1600,36
2018-08-16 10:32:06,98.1600,36
2018-08-16 10:32:07,98.1600,36
2018-08-16 10:32:08,98.1000,8
2018-08-16 10:32:09,98.0800,55
2018-08-16 10:32:11,98.0400,61
2018-08-16 10:32:12,98.0600,8
2018-08-16 10:32:14,98.0600,8
2018-08-16 10:32:17,98.0400,5
2018-08-16 10:32:18,98.0400,3
2018-08-16 10:32:19,98.0400,3
2018-08-16 10:32:20,98.0400,3
2018-08-16 10:32:21,98.0700,56
2018-08-16 10:32:22,98.1200,95
2018-08-16 10:32:23,98.1000,47
2018-08-16 10:32:24,98.1000,47
2018-08-16 10:32:25,98.1000,47
2018-08-16 10:32:26,98.1600,15
2018-08-16 10:32:27,98.1600,15
2018-08-16 10:32:29,98.1600,15
2018-08-16 10:32:31,98.0600,13
2018-08-16 10:32:33,98.0500,5
2018-08-16 10:32:37,98.0500,5
2018-08-16 10:32:39,98.0500,5
2018-08-16 10:32:40,98.1600,58
2018-08-16 10:32:42,98.1600,30
2018-08-16 10:32:43,98.1600,30
2018-08-16 10:32:46,98.0500,16
2018-08-16 10:32:47,98.0400,22
2018-08-16 10:32:52,98.0300,5
2018-08-16 10:32:53,98.0900,94
2018-08-16 10:32:54,98.0900,94
2018-08-16 10:32:55,98.0900,94
2018-08-16 10:32:56,98.0400,46
2018-08-16 10:32:57,98.0400,46
2018-08-16 10:32:58,98.0400,33
2018-08-16 10:32:59,98.0400,33
2018-08-16 10:33:00,98.0400,33
2018-08-16 10:33:01,98.0400,57
2018-08-16 10:33:02,98.0400,16
2018-08-16 10:33:03,98.0400,16
2018-08-16 10:33:06,98.0400,16
2018-08-16 10:33:08,98.0400,16
2018-08-16 10:33:09,98.0400,16
2018-08-16 10:33:12,98.0400,16
2018-08-16 10:33:13,98.0400,33
2018-08-16 10:33:14,98.1200,59
2018-08-16 10:33:16,98.1600,16
2018-08-16 10:33:18,98.1600,16
2018-08-16 10:33:20,98.0300,66
2018-08-16 10:33:21,98.0300,69
2018-08-16 10:33:22,98.0300,69
2018-08-16 10:33:25,98.0300,69
2018-08-16 10:33:27,98.0300,69
2018-08-16 10:33:28,98.0400,29
2018-08-16 10:33:30,98.1300,90
2018-08-16 10:33:31,98.1300,52
2018-08-16 10:33:33,98.1300,52
2018-08-16 10:33:36,98.1300,52
2018-08-16 10:33:37,98.1300,52
2018-08-16 10:33:38,98.0900,56
2018-08-16 10:33:39,98.0900,56
2018-08-16 10:33:40,98.0500,93
2018-08-16 10:33:41,98.0400,7
2018-08-16 10:33:44,98.0900,4
2018-08-16 10:33:48,98.0900,4
2018-08-16 10:33:49,98.0900,4
2018-08-16 10:33:50,98.0900,4
2018-08-16 10:33:56,98.0900,4
2018-08-16 10:33:59,98.0800,70
2018-08-16 10:34:01,98.0400,77
2018-08-16 10:34:02,98.0400,4
2018-08-16 10:34:03,98.0300,68
2018-08-16 10:34:04,98.0400,40
2018-08-16 10:34:05,98.0900,53
2018-08-16 10:34:07,98.1000,76
2018-08-16 10:34:08,98.1200,27
2018-08-16 10:34:12,98.1200,27
2018-08-16 10:34:13,98.1200,27
2018-08-16 10:34:15,98.0800,14
2018-08-16 10:34:17,98.0000,66
2018-08-16 10:34:18,98.0100,57
2018-08-16 10:34:20,98.0100,57
2018-08-16 10:34:21,98.0100,57
2018-08-16 10:34:22,98.0100,57
2018-08-16 10:34:23,98.0100,57
2018-08-16 10:34:26,98.1200,25
2018-08-16 10:34:27,98.1300,37
2018-08-16 10:34:28,98.1300,37
2018-08-16 10:34:29,98.1300,37
2018-08-16 10:34:30,98.1300,37
2018-08-16 10:34:32,98.1000,75
2018-08-16 10:34:33,98.1000,75
2018-08-16 10:34:34,98.0800,34
2018-08-16 10:34:35,98.0600,16
2018-08-16 10:34:36,98.0200,28
2018-08-16 10:34:38,97.9900,73
2018-08-16 10:34:39,97.9900,79
2018-08-16 10:34:40,97.9900,29
2018-08-16 10:34:41,98.0500,37
2018-08-16 10:34:42,98.0500,37
2018-08-16 10:34:43,97.9900,85
2018-08-16 10:34:44,97.9900,21
2018-08-16 10:34:46,97.9900,21
2018-08-16 10:34:47,98.0200,137
2018-08-16 10:34:48,98.0200,137
2018-08-16 10:34:50,98.0200,137
2018-08-16 10:34:51,98.0200,137
2018-08-16 10:34:52,98.0200,137
2018-08-16 10:34:55,98.0400,128
2018-08-16 10:34:56,98.0900,9
2018-08-16 10:34:57,98.0900,9
2018-08-16 10:34:59,98.0900,9
2018-08-16 10:35:01,98.0300,175
2018-08-16 10:35:02,98.0300,175
2018-08-16 10:35:03,98.0600,41
2018-08-16 10:35:08,98.0600,41
2018-08-16 10:35:11,98.0300,26
2018-08-16 10:35:12,98.0600,37
2018-08-16 10:35:13,98.1000,48
2018-08-16 10:35:15,98.1000,48
2018-08-16 10:35:16,98.1000,48
2018-08-16 10:35:17,98.1000,48
2018-08-16 10:35:18,98.1000,48
2018-08-16 10:35:19,98.1000,48
2018-08-16 10:35:20,98.0800,9
2018-08-16 10:35:21,98.1300,32
2018-08-16 10:35:22,98.1300,32
2018-08-16 10:35:24,98.0900,29
2018-08-16 10:35:27,98.1100,3
2018-08-16 10:35:28,98.1100,49
2018-08-16 10:35:29,98.1100,49
2018-08-16 10:35:31,98.1100,49
2018-08-16 10:35:32,98.0600,3
2018-08-16 10:35:33,98.0600,3
2018-08-16 10:35:34,98.0800,3
2018-08-16 10:35:36,98.0800,3
2018-08-16 10:35:37,98.0800,3
2018-08-16 10:35:38,98.1300,3
2018-08-16 10:35:39,98.1500,66
2018-08-16 10:35:40,98.1500,3
2018-08-16 10:35:41,98.1500,3
2018-08-16 10:35:42,98.1600,10
2018-08-16 10:35:44,98.1600,10
2018-08-16 10:35:47,98.1600,10
2018-08-16 10:35:49,98.1700,31
2018-08-16 10:35:52,98.1500,41
2018-08-16 10:35:53,98.1500,11
2018-08-16 10:35:56,98.1500,11
2018-08-16 10:35:57,98.1500,77
2018-08-16 10:35:58,98.1500,77
2018-08-16 10:35:59,98.1500,77
2018-08-16 10:36:03,98.1500,85
2018-08-16 10:36:05,98.1500,63
2018-08-16 10:36:06,98.1500,115
2018-08-16 10:36:07,98.1200,53
2018-08-16 10:36:08,98.1500,82
2018-08-16 10:36:09,98.1500,82
2018-08-16 10:36:10,98.1500,82
2018-08-16 10:36:11,98.1800,22
2018-08-16 10:36:12,98.1100,44
2018-08-16 10:36:15,98.1100,44
2018-08-16 10:36:16,98.1800,27
2018-08-16 10:36:18,98.1800,27
2018-08-16 10:36:19,98.1800,33
2018-08-16 10:36:20,98.1800,81
2018-08-16 10:36:21,98.1800,81
2018-08-16 10:36:23,98.1100,17
2018-08-16 10:36:24,98.1100,17
2018-08-16 10:36:25,98.1100,17
2018-08-16 10:36:27,98.1100,17
2018-08-16 10:36:29,98.1100,17
2018-08-16 10:36:30,98.1100,17
2018-08-16 10:36:32,98.1600,23
2018-08-16 10:36:37,98.1800,1
2018-08-16 10:36:39,98.2100,73
2018-08-16 10:36:41,98.2100,73
2018-08-16 10:36:42,98.2000,86
2018-08-16 10:36:44,98.1600,3
2018-08-16 10:36:45,98.2300,67
2018-08-16 10:36:46,98.2300,30
2018-08-16 10:36:48,98.1100,15
2018-08-16 10:36:49,98.1400,7
2018-08-16 10:36:50,98.1400,7
2018-08-16 10:36:51,98.1400,7
2018-08-16 10:36:52,98.1400,7
2018-08-16 10:36:53,98.1400,7
2018-08-16 10:36:54,98.1400,7
2018-08-16 10:36:55,98.0600,22
2018-08-16 10:36:56,98.0600,22
2018-08-16 10:36:57,98.0600,22
2018-08-16 10:36:58,98.0900,28
2018-08-16 10:36:59,98.0900,28
2018-08-16 10:37:01,98.0900,28
2018-08-16 10:37:03,98.0900,44
2018-08-16 10:37:04,98.0600,51
2018-08-16 10:37:06,98.0600,51
2018-08-16 10:37:07,98.0600,51
2018-08-16 10:37:11,98.0600,51
2018-08-16 10:37:14,98.0600,51
2018-08-16 10:37:15,98.0400,48
2018-08-16 10:37:16,98.0400,48
2018-08-16 10:37:17,98.0700,82
2018-08-16 10:37:18,98.0200,80
2018-08-16 10:37:19,98.0500,9
2018-08-16 10:37:20,98.0500,9
2018-08-16 10:37:21,98.0100,54
2018-08-16 10:37:22,98.0100,17
2018-08-16 10:37:23,97.9700,24
2018-08-16 10:37:24,97.9700,24
2018-08-16 10:37:25,97.9700,2
2018-08-16 10:37:26,98.0100,12
2018-08-16 10:37:27,97.9700,19
2018-08-16 10:37:28,97.9300,14
2018-08-16 10:37:29,97.9300,14
2018-08-16 10:37:33,97.9500,10
2018-08-16 10:37:34,97.9500,10
2018-08-16 10:37:35,97.9500,10
2018-08-16 10:37:36,97.9300,17
2018-08-16 10:37:38,97.9300,17
2018-08-16 10:37:40,97.9500,33
2018-08-16 10:37:43,97.9700,7
2018-08-16 10:37:44,97.9700,7
2018-08-16 10:37:47,97.9800,32
2018-08-16 10:37:48,97.9800,39
2018-08-16 10:37:49,97.9700,30
2018-08-16 10:37:51,97.9800,9
2018-08-16 10:37:53,98.0300,39
2018-08-16 10:37:54,98.0300,39
2018-08-16 10:37:57,98.0300,74
2018-08-16 10:37:58,98.0300,74
2018-08-16 10:37:59,98.0400,44
2018-08-16 10:38:01,98.0400,44
2018-08-16 10:38:03,98.0700,39
2018-08-16 10:38:04,98.0700,39
2018-08-16 10:38:08,98.0700,39
2018-08-16 10:38:09,98.0700,39
2018-08-16 10:38:11,98.0700,39
2018-08-16 10:38:12,98.0700,39
2018-08-16 10:38:13,98.0700,39
2018-08-16 10:38:14,98.0200,2
2018-08-16 10:38:15,98.0200,2
2018-08-16 10:38:16,97.9600,27
2018-08-16 10:38:18,97.9500,4
2018-08-16 10:38:19,97.9500,4
2018-08-16 10:38:21,97.9500,4
2018-08-16 10:38:23,97.9300,50
2018-08-16 10:38:24,97.9300,50
2018-08-16 10:38:26,97.9300,50
2018-08-16 10:38:27,97.9500,68
2018-08-16 10:38:28,97.9500,68
2018-08-16 10:38:29,97.9500,68
2018-08-16 10:38:30,97.9500,68
2018-08-16 10:38:31,97.9500,19
2018-08-16 10:38:32,97.9500,19
2018-08-16 10:38:34,97.9500,19
2018-08-16 10:38:36,97.9500,19
2018-08-16 10:38:37,97.9500,19
2018-08-16 10:38:38,97.9500,19
2018-08-16 10:38:39,97.9200,44
2018-08-16 10:38:40,97.9100,68
2018-08-16 10:38:41,97.8800,15
2018-08-16 10:38:43,97.8800,15
2018-08-16 10:38:45,97.8800,18
2018-08-16 10:38:48,97.8800,18
2018-08-16 10:38:49,97.8800,18
2018-08-16 10:38:50,97.9200,18
2018-08-16 10:38:51,97.9200,18
2018-08-16 10:38:52,97.9200,18
2018-08-16 10:38:54,97.9200,18
2018-08-16 10:38:57,98.0200,96
2018-08-16 10:38:58,97.9300,7
2018-08-16 10:38:59,97.9400,32
2018-08-16 10:39:00,97.9400,32
2018-08-16 10:39:02,97.9400,32
2018-08-16 10:39:03,97.9400,32
2018-08-16 10:39:05,98.0500,28
2018-08-16 10:39:06,98.0500,28
2018-08-16 10:39:07,98.0000,60
2018-08-16 10:39:08,98.0000,36
2018-08-16 10:39:09,97.9300,59
2018-08-16 10:39:10,97.9300,59
2018-08-16 10:39:12,97.9300,59
2018-08-16 10:39:13,97.9300,59
2018-08-16 10:39:14,97.8700,39
2018-08-16 10:39:15,97.8900,39
2018-08-16 10:39:17,97.8700,2
2018-08-16 10:39:18,97.9100,32
2018-08-16 10:39:19,97.9100,6
2018-08-16 10:39:21,97.9600,11
2018-08-16 10:39:22,97.9600,11
2018-08-16 10:39:24,97.9600,11
2018-08-16 10:39:25,97.9900,107
2018-08-16 10:39:26,97.9100,38
2018-08-16 10:39:28,97.9100,38
2018-08-16 10:39:29,98.0100,40
2018-08-16 10:39:34,98.0100,40
2018-08-16 10:39:37,97.8700,70
2018-08-16 10:39:38,97.8700,70
2018-08-16 10:39:40,97.9700,38
2018-08-16 10:39:41,97.8900,48
2018-08-16 10:39:43,97.8700,38
2018-08-16 10:39:44,97.8700,38
2018-08-16 10:39:47,97.9700,89
2018-08-16 10:39:48,97.9600,10
2018-08-16 10:39:49,97.9600,10
2018-08-16 10:39:50,97.9600,10
2018-08-16 10:39:53,97.9600,10
2018-08-16 10:39:54,97.9300,24
2018-08-16 10:39:55,97.9200,60
2018-08-16 10:39:57,97.9200,60
2018-08-16 10:39:58,97.8700,69
2018-08-16 10:40:01,97.8700,69
2018-08-16 10:40:02,97.9100,10
2018-08-16 10:40:04,97.9100,10
2018-08-16 10:40:05,97.9300,62
2018-08-16 10:40:06,97.9400,35
2018-08-16 10:40:07,97.9400,35
2018-08-16 10:40:11,97.9400,20
2018-08-16 10:40:12,97.9600,81
2018-08-16 10:40:13,97.8700,49
2018-08-16 10:40:14,97.8700,49
2018-08-16 10:40:15,97.8700,49
2018-08-16 10:40:16,97.8700,49
2018-08-16 10:40:18,97.9600,31
2018-08-16 10:40:19,97.9600,31
2018-08-16 10:40:20,97.9600,31
2018-08-16 10:40:22,97.9600,13
2018-08-16 10:40:23,97.9700,25
2018-08-16 10:40:24,98.0000,7
2018-08-16 10:40:25,98.0000,7
2018-08-16 10:40:26,98.0000,7
2018-08-16 10:40:27,98.0000,7
2018-08-16 10:40:28,97.8700,32
2018-08-16 10:40:30,97.8200,155
2018-08-16 10:40:31,97.8200,155
2018-08-16 10:40:33,97.8200,155
2018-08-16 10:40:34,97.7700,20
2018-08-16 10:40:35,97.7700,20
2018-08-16 10:40:36,97.7100,30
2018-08-16 10:40:38,97.6300,47
2018-08-16 10:40:39,97.5600,28
2018-08-16 10:40:41,97.6700,5
2018-08-16 10:40:42,97.6700,5
2018-08-16 10:40:44,97.6700,5
2018-08-16 10:40:46,97.6700,5
2018-08-16 10:40:47,97.6000,15
2018-08-16 10:40:50,97.6000,15
2018-08-16 10:40:51,97.6000,15
2018-08-16 10:40:52,97.5400,72
2018-08-16 10:40:53,97.5400,72
2018-08-16 10:40:54,97.5700,86
2018-08-16 10:40:55,97.5700,86
2018-08-16 10:40:56,97.5700,18
2018-08-16 10:40:57,97.5700,10
2018-08-16 10:40:58,97.5700,10
2018-08-16 10:41:00,97.5700,10
2018-08-16 10:41:01,97.5700,10
2018-08-16 10:41:03,97.5700,10
2018-08-16 10:41:04,97.6000,81
2018-08-16 10:41:05,97.6000,81
2018-08-16 10:41:08,97.6000,81
2018-08-16 10:41:11,97.6000,81
2018-08-16 10:41:13,97.6200,9
2018-08-16 10:41:14,97.5700,58
2018-08-16 10:41:15,97.6200,49
2018-08-16 10:41:16,97.6200,49
2018-08-16 10:41:18,97.6500,57
2018-08-16 10:41:19,97.6500,23
2018-08-16 10:41:21,97.6500,23
2018-08-16 10:41:22,97.6500,23
2018-08-16 10:41:23,97.6500,23
2018-08-16 10:41:24,97.6400,5
2018-08-16 10:41:26,97.6400,5
2018-08-16 10:41:28,97.6400,5
2018-08-16 10:41:31,97.6600,119
2018-08-16 10:41:32,97.6600,119
2018-08-16 10:41:33,97.6500,43
2018-08-16 10:41:34,97.6500,43
2018-08-16 10:41:35,97.6500,43
2018-08-16 10:41:36,97.6500,43
2018-08-16 10:41:37,97.6400,66
2018-08-16 10:41:38,97.6600,28
2018-08-16 10:41:39,97.6600,41
2018-08-16 10:41:40,97.6400,28
2018-08-16 10:41:41,97.6300,11
2018-08-16 10:41:42,97.6300,11
2018-08-16 10:41:43,97.7000,74
2018-08-16 10:41:45,97.7100,55
2018-08-16 10:41:46,97.7100,55
2018-08-16 10:41:48,97.7100,28
2018-08-16 10:41:49,97.7000,8
2018-08-16 10:41:50,97.7000,8
2018-08-16 10:41:51,97.7000,8
2018-08-16 10:41:52,97.7000,8
2018-08-16 10:41:53,97.7000,13
2018-08-16 10:41:54,97.7000,8
2018-08-16 10:41:55,97.7000,8
2018-08-16 10:41:56,97.7100,8
2018-08-16 10:41:58,97.7100,9
2018-08-16 10:41:59,97.7000,9
2018-08-16 10:42:00,97.7200,77
2018-08-16 10:42:01,97.6900,1
2018-08-16 10:42:02,97.6700,29
2018-08-16 10:42:03,97.6700,45
2018-08-16 10:42:04,97.6400,29
2018-08-16 10:42:06,97.6400,29
2018-08-16 10:42:09,97.6500,14
2018-08-16 10:42:11,97.5800,20
2018-08-16 10:42:13,97.5800,20
2018-08-16 10:42:15,97.5800,20
2018-08-16 10:42:17,97.6500,106
2018-08-16 10:42:18,97.6600,2
2018-08-16 10:42:19,97.6400,79
2018-08-16 10:42:20,97.6800,14
2018-08-16 10:42:23,97.6900,48
2018-08-16 10:42:24,97.7300,28
2018-08-16 10:42:25,97.7300,28
2018-08-16 10:42:29,97.7300,28
2018-08-16 10:42:31,97.7300,28
2018-08-16 10:42:32,97.7300,28
2018-08-16 10:42:33,97.7300,1
2018-08-16 10:42:34,97.7600,13
2018-08-16 10:42:35,97.7600,13
2018-08-16 10:42:36,97.7600,21
2018-08-16 10:42:38,97.7700,102
2018-08-16 10:42:40,97.7800,84
2018-08-16 10:42:41,97.7800,10
2018-08-16 10:42:43,97.7800,10
2018-08-16 10:42:44,97.7800,10
2018-08-16 10:42:45,97.7800,10
2018-08-16 10:42:48,97.7800,10
2018-08-16 10:42:49,97.7700,50
2018-08-16 10:42:52,97.7500,50
2018-08-16 10:42:53,97.7500,50
2018-08-16 10:42:54,97.7500,50
2018-08-16 10:42:55,97.7500,50
2018-08-16 10:42:57,97.7500,50
2018-08-16 10:42:58,97.7500,50
2018-08-16 10:43:00,97.7500,50
2018-08-16 10:43:02,97.7500,50
2018-08-16 10:43:03,97.7800,73
2018-08-16 10:43:04,97.7800,73
2018-08-16 10:43:05,97.7800,84
2018-08-16 10:43:06,97.7700,14
2018-08-16 10:43:08,97.7700,14
2018-08-16 10:43:09,97.7700,14
2018-08-16 10:43:11,97.7700,14
2018-08-16 10:43:14,97.7700,14
2018-08-16 10:43:16,97.7700,14
2018-08-16 10:43:18,97.7500,5
2018-08-16 10:43:19,97.7500,5
2018-08-16 10:43:21,97.7500,5
2018-08-16 10:43:22,97.7500,5
2018-08-16 10:43:24,97.7500,23
2018-08-16 10:43:26,97.7800,42
2018-08-16 10:43:29,97.7800,42
2018-08-16 10:43:31,97.7800,42
2018-08-16 10:43:32,97.7900,27
2018-08-16 10:43:33,97.7900,27
2018-08-16 10:43:35,97.7900,27
2018-08-16 10:43:36,97.7900,27
2018-08-16 10:43:37,97.7900,27
2018-08-16 10:43:38,97.7900,27
2018-08-16 10:43:39,97.7900,27
2018-08-16 10:43:40,97.7300,62
2018-08-16 10:43:41,97.6500,54
2018-08-16 10:43:42,97.7400,1
2018-08-16 10:43:43,97.7400,1
2018-08-16 10:43:44,97.8200,33
2018-08-16 10:43:45,97.8200,101
2018-08-16 10:43:46,97.8200,101
2018-08-16 10:43:47,97.8200,101
2018-08-16 10:43:48,97.8200,34
2018-08-16 10:43:49,97.8200,14
2018-08-16 10:43:50,97.8200,14
2018-08-16 10:43:53,97.8000,32
2018-08-16 10:43:54,97.8000,32
2018-08-16 10:43:55,97.8000,32
2018-08-16 10:43:56,97.8500,104
2018-08-16 10:43:57,97.8500,104
2018-08-16 10:43:58,97.8000,19
2018-08-16 10:44:00,97.8500,19
2018-08-16 10:44:04,97.8700,77
2018-08-16 10:44:06,97.8700,77
2018-08-16 10:44:07,97.8700,77
2018-08-16 10:44:08,97.8700,77
2018-08-16 10:44:10,97.8700,77
2018-08-16 10:44:11,97.8200,9
2018-08-16 10:44:13,97.8000,9
2018-08-16 10:44:14,97.8000,9
2018-08-16 10:44:15,97.8100,26
2018-08-16 10:44:16,97.8700,21
2018-08-16 10:44:17,97.8700,21
2018-08-16 10:44:18,97.8700,21
2018-08-16 10:44:19,97.8100,85
2018-08-16 10:44:20,97.8700,2
2018-08-16 10:44:21,97.8700,2
2018-08-16 10:44:22,97.8900,13
2018-08-16 10:44:23,97.8900,13
2018-08-16 10:44:24,97.8900,13
2018-08-16 10:44:25,97.8300,50
2018-08-16 10:44:26,97.8100,11
2018-08-16 10:44:27,97.8100,11
2018-08-16 10:44:28,97.8100,9
2018-08-16 10:44:30,97.8100,9
2018-08-16 10:44:31,97.8100,9
2018-08-16 10:44:33,97.8100,9
2018-08-16 10:44:34,97.8300,6
2018-08-16 10:44:36,97.8300,6
2018-08-16 10:44:37,97.8300,9
2018-08-16 10:44:38,97.8300,9
2018-08-16 10:44:39,97.8200,74
2018-08-16 10:44:41,97.8200,4
2018-08-16 10:44:43,97.8700,52
2018-08-16 10:44:45,97.8700,52
2018-08-16 10:44:46,97.8700,52
2018-08-16 10:44:47,97.8700,52
2018-08-16 10:44:48,97.8700,41
2018-08-16 10:44:50,97.8800,55
2018-08-16 10:44:51,97.8300,59
2018-08-16 10:44:53,97.8300,59
2018-08-16 10:44:54,97.8300,59
2018-08-16 10:44:56,97.8300,59
2018-08-16 10:44:57,97.8900,1
2018-08-16 10:44:58,97.8900,1
2018-08-16 10:44:59,97.8900,1
2018-08-16 10:45:00,97.8900,1
2018-08-16 10:45:01,97.8900,1
2018-08-16 10:45:02,97.8900,1
2018-08-16 10:45:03,97.8900,22
2018-08-16 10:45:04,97.8900,52
2018-08-16 10:45:06,97.8900,52
2018-08-16 10:45:08,97.8600,100
2018-08-16 10:45:09,97.8000,64
2018-08-16 10:45:11,97.8000,64
2018-08-16 10:45:12,97.8600,38
2018-08-16 10:45:13,97.8600,38
2018-08-16 10:45:14,97.8900,8
2018-08-16 10:45:15,97.8900,8
2018-08-16 10:45:16,97.8900,8
2018-08-16 10:45:18,97.8900,8
2018-08-16 10:45:19,97.8900,8
2018-08-16 10:45:21,97.8900,8
2018-08-16 10:45:23,97.8900,21
2018-08-16 10:45:24,97.9000,38
2018-08-16 10:45:26,97.9000,38
2018-08-16 10:45:27,97.9000,38
2018-08-16 10:45:28,97.8600,8
2018-08-16 10:45:29,97.8200,5
2018-08-16 10:45:30,97.8100,74
2018-08-16 10:45:31,97.8600,5
2018-08-16 10:45:33,97.9000,34
2018-08-16 10:45:34,97.9000,34
2018-08-16 10:45:36,97.9000,34
2018-08-16 10:45:38,97.8800,122
2018-08-16 10:45:39,98.0000,115
2018-08-16 10:45:40,98.0000,115
2018-08-16 10:45:43,97.9100,30
2018-08-16 10:45:44,97.8800,46
2018-08-16 10:45:45,97.9100,13
2018-08-16 10:45:47,98.0000,33
2018-08-16 10:45:50,98.0000,13
2018-08-16 10:45:56,97.9000,62
2018-08-16 10:45:57,97.8700,28
2018-08-16 10:46:04,98.0200,48
2018-08-16 10:46:05,98.0200,27
2018-08-16 10:46:06,98.0200,27
2018-08-16 10:46:09,98.0200,27
2018-08-16 10:46:10,97.9300,23
2018-08-16 10:46:11,97.9300,14
2018-08-16 10:46:12,97.8700,1
2018-08-16 10:46:14,97.8600,34
2018-08-16 10:46:16,97.8600,34
2018-08-16 10:46:17,97.8600,34
2018-08-16 10:46:19,97.8600,34
2018-08-16 10:46:20,97.8600,34
2018-08-16 10:46:22,97.8600,34
2018-08-16 10:46:24,97.8600,23
2018-08-16 10:46:26,97.9000,39
2018-08-16 10:46:28,97.8400,8
2018-08-16 10:46:29,97.8400,8
2018-08-16 10:46:31,97.8700,39
2018-08-16 10:46:35,97.8700,39
2018-08-16 10:46:36,97.8700,39
2018-08-16 10:46:37,97.8500,73
2018-08-16 10:46:38,97.8300,46
2018-08-16 10:46:39,97.8300,37
2018-08-16 10:46:40,97.8300,37
2018-08-16 10:46:41,97.8300,37
2018-08-16 10:46:46,97.8300,37
2018-08-16 10:46:48,97.8800,13
2018-08-16 10:46:50,97.8300,23
2018-08-16 10:46:51,97.8300,22
2018-08-16 10:46:52,97.8300,22
2018-08-16 10:46:53,97.8300,19
2018-08-16 10:46:55,97.7900,39
2018-08-16 10:46:57,97.7200,71
2018-08-16 10:46:58,97.7200,71
2018-08-16 10:46:59,97.7200,71
2018-08-16 10:47:01,97.7200,71
2018-08-16 10:47:02,97.7200,71
2018-08-16 10:47:03,97.7200,71
2018-08-16 10:47:04,97.8500,24
2018-08-16 10:47:06,97.8500,24
2018-08-16 10:47:10,97.8700,36
2018-08-16 10:47:11,97.8800,25
2018-08-16 10:47:13,97.8800,25
2018-08-16 10:47:15,97.8200,48
2018-08-16 10:47:16,97.7600,8
2018-08-16 10:47:17,97.8800,16
2018-08-16 10:47:20,97.8800,6
2018-08-16 10:47:21,97.8800,6
2018-08-16 10:47:22,97.8800,6
2018-08-16 10:47:26,97.8800,6
2018-08-16 10:47:27,97.7700,35
2018-08-16 10:47:28,97.8800,33
2018-08-16 10:47:29,97.7500,3
2018-08-16 10:47:30,97.7500,3
2018-08-16 10:47:31,97.7500,111
2018-08-16 10:47:33,97.7500,111
2018-08-16 10:47:34,97.7100,3
2018-08-16 10:47:36,97.7100,3
2018-08-16 10:47:37,97.7200,49
2018-08-16 10:47:41,97.7200,49
2018-08-16 10:47:42,97.7200,49
2018-08-16 10:47:43,97.7200,49
2018-08-16 10:47:44,97.7200,1
2018-08-16 10:47:46,97.7500,9
2018-08-16 10:47:47,97.7500,9
2018-08-16 10:47:48,97.7900,35
2018-08-16 10:47:49,97.7900,35
2018-08-16 10:47:51,97.7900,35
2018-08-16 10:47:54,97.7900,35
2018-08-16 10:47:56,97.7900,35
2018-08-16 10:47:58,97.7900,35
2018-08-16 10:47:59,97.7900,36
2018-08-16 10:48:00,97.7900,36
2018-08-16 10:48:01,97.8700,18
2018-08-16 10:48:02,97.7900,16
2018-08-16 10:48:03,97.7600,51
2018-08-16 10:48:04,97.8300,72
2018-08-16 10:48:05,97.8300,72
2018-08-16 10:48:06,97.8300,72
2018-08-16 10:48:07,97.8300,72
2018-08-16 10:48:08,97.8300,72
2018-08-16 10:48:10,97.8300,5
2018-08-16 10:48:11,97.8300,5
2018-08-16 10:48:13,97.8300,5
2018-08-16 10:48:15,97.8500,11
2018-08-16 10:48:18,97.8100,59
2018-08-16 10:48:21,97.8100,59
2018-08-16 10:48:22,97.8100,59
2018-08-16 10:48:24,97.8200,8
2018-08-16 10:48:25,97.8200,8
2018-08-16 10:48:26,97.8200,8
2018-08-16 10:48:27,97.8500,100
2018-08-16 10:48:28,97.8600,22
2018-08-16 10:48:29,97.8600,19
2018-08-16 10:48:30,97.8800,29
2018-08-16 10:48:31,97.8900,26
2018-08-16 10:48:33,97.8900,26
2018-08-16 10:48:36,97.8900,26
2018-08-16 10:48:38,97.8900,26
2018-08-16 10:48:39,97.8900,26
2018-08-16 10:48:41,97.8300,80
2018-08-16 10:48:42,97.8300,80
2018-08-16 10:48:43,97.8300,80
2018-08-16 10:48:45,97.8300,32
2018-08-16 10:48:46,97.8400,54
2018-08-16 10:48:47,97.8900,22
2018-08-16 10:48:48,97.8900,22
2018-08-16 10:48:49,97.9000,3
2018-08-16 10:48:50,97.9000,3
2018-08-16 10:48:51,97.9100,33
2018-08-16 10:48:53,97.9100,33
2018-08-16 10:48:55,97.9300,1
2018-08-16 10:48:58,97.8300,8
2018-08-16 10:48:59,97.8400,25
2018-08-16 10:49:01,97.8400,1
2018-08-16 10:49:02,97.8400,1
2018-08-16 10:49:04,97.8400,1
2018-08-16 10:49:05,97.8400,1
2018-08-16 10:49:08,97.9300,6
2018-08-16 10:49:09,97.9300,6
2018-08-16 10:49:12,97.9300,105
2018-08-16 10:49:13,97.9300,105
2018-08-16 10:49:14,97.9300,22
2018-08-16 10:49:15,97.9300,22
2018-08-16 10:49:19,97.9300,22
2018-08-16 10:49:20,97.9300,22
2018-08-16 10:49:22,97.9300,22
2018-08-16 10:49:23,97.9300,22
2018-08-16 10:49:24,97.9300,22
2018-08-16 10:49:28,97.9300,22
2018-08-16 10:49:29,97.9000,32
2018-08-16 10:49:32,97.9000,32
2018-08-16 10:49:33,97.8600,79
2018-08-16 10:49:35,97.8800,17
2018-08-16 10:49:36,97.8800,17
2018-08-16 10:49:37,97.8800,12
2018-08-16 10:49:38,97.9000,4
2018-08-16 10:49:39,97.9000,4
2018-08-16 10:49:43,97.8400,25
2018-08-16 10:49:44,97.8700,12
2018-08-16 10:49:47,97.8700,12
2018-08-16 10:49:48,97.8600,128
2018-08-16 10:49:49,97.8700,49
2018-08-16 10:49:54,97.8700,49
2018-08-16 10:49:56,97.8700,49
2018-08-16 10:49:58,97.8600,10
2018-08-16 10:50:00,97.9000,21
2018-08-16 10:50:02,97.9000,21
2018-08-16 10:50:04,97.8700,24
2018-08-16 10:50:05,97.8700,24
2018-08-16 10:50:08,97.8700,24
2018-08-16 10:50:09,97.8700,24
2018-08-16 10:50:10,97.8700,24
2018-08-16 10:50:12,97.8800,75
2018-08-16 10:50:13,97.8800,75
2018-08-16 10:50:14,97.8900,77
2018-08-16 10:50:16,97.9300,45
2018-08-16 10:50:17,97.9300,45
2018-08-16 10:50:20,97.9300,45
2018-08-16 10:50:21,97.9300,45
2018-08-16 10:50:22,97.9300,45
2018-08-16 10:50:23,97.8400,1
2018-08-16 10:50:25,97.8700,19
2018-08-16 10:50:26,97.8500,70
2018-08-16 10:50:27,97.8500,48
2018-08-16 10:50:28,97.8500,48
2018-08-16 10:50:29,97.8600,74
2018-08-16 10:50:31,97.8600,74
2018-08-16 10:50:32,97.8600,74
2018-08-16 10:50:33,97.8600,74
2018-08-16 10:50:34,97.8700,9
2018-08-16 10:50:36,97.8700,9
