timestamp,price,size
2018-08-16 09:30:21,100.1900,53
2018-08-16 09:30:25,100.1800,7
2018-08-16 09:30:28,100.2900,76
2018-08-16 09:30:29,100.2900,76
2018-08-16 09:30:30,100.3600,13
2018-08-16 09:30:32,100.3600,13
2018-08-16 09:30:33,100.3600,13
2018-08-16 09:30:34,100.3600,13
2018-08-16 09:30:35,100.3000,13
2018-08-16 09:30:36,100.3000,13
2018-08-16 09:30:37,100.2400,49
2018-08-16 09:30:38,100.1500,56
2018-08-16 09:30:43,100.2400,20
2018-08-16 09:30:46,100.2400,20
2018-08-16 09:30:48,100.2400,20
2018-08-16 09:30:49,100.2400,20
2018-08-16 09:30:50,100.2400,20
2018-08-16 09:30:52,100.2400,20
2018-08-16 09:30:55,100.3200,80
2018-08-16 09:30:57,100.2200,2
2018-08-16 09:30:58,100.2200,34
2018-08-16 09:30:59,100.2200,34
2018-08-16 09:31:00,100.2200,34
2018-08-16 09:31:04,100.2200,34
2018-08-16 09:31:05,100.2200,34
2018-08-16 09:31:07,100.2200,34
2018-08-16 09:31:08,100.2200,34
2018-08-16 09:31:09,100.2200,34
2018-08-16 09:31:12,100.2200,34
2018-08-16 09:31:14,100.2200,34
2018-08-16 09:31:17,100.4100,38
2018-08-16 09:31:18,100.3900,82
2018-08-16 09:31:19,100.3900,82
2018-08-16 09:31:25,100.4100,55
2018-08-16 09:31:26,100.4100,55
2018-08-16 09:31:27,100.4100,3
2018-08-16 09:31:30,100.4200,12
2018-08-16 09:31:31,100.4200,12
2018-08-16 09:31:32,100.4200,12
2018-08-16 09:31:33,100.4200,12
2018-08-16 09:31:34,100.3500,22
2018-08-16 09:31:36,100.3500,22
2018-08-16 09:31:40,100.2900,62
2018-08-16 09:31:41,100.2900,62
2018-08-16 09:31:42,100.2600,33
2018-08-16 09:31:45,100.2600,65
2018-08-16 09:31:46,100.2600,59
2018-08-16 09:31:47,100.2800,9
2018-08-16 09:31:48,100.2800,9
2018-08-16 09:31:52,100.3100,2
2018-08-16 09:31:56,100.3100,2
2018-08-16 09:31:57,100.3100,2
2018-08-16 09:31:58,100.3100,2
2018-08-16 09:32:01,100.3100,2
2018-08-16 09:32:02,100.3100,2
2018-08-16 09:32:04,100.3100,48
2018-08-16 09:32:05,100.3500,93
2018-08-16 09:32:06,100.3500,93
2018-08-16 09:32:07,100.3500,18
2018-08-16 09:32:11,100.3700,39
2018-08-16 09:32:12,100.3700,39
2018-08-16 09:32:14,100.3400,18
2018-08-16 09:32:21,100.3400,18
2018-08-16 09:32:23,100.3400,18
2018-08-16 09:32:24,100.3400,18
2018-08-16 09:32:27,100.3400,18
2018-08-16 09:32:30,100.3500,88
2018-08-16 09:32:31,100.3900,46
2018-08-16 09:32:32,100.3900,60
2018-08-16 09:32:33,100.3900,6
2018-08-16 09:32:34,100.3900,6
2018-08-16 09:32:36,100.4000,6
2018-08-16 09:32:37,100.4000,6
2018-08-16 09:32:38,100.4300,45
2018-08-16 09:32:40,100.4100,39
2018-08-16 09:32:41,100.3200,9
2018-08-16 09:32:42,100.3200,9
2018-08-16 09:32:45,100.3200,9
2018-08-16 09:32:46,100.3200,9
2018-08-16 09:32:47,100.3200,9
2018-08-16 09:32:52,100.3200,9
2018-08-16 09:32:53,100.6100,54
2018-08-16 09:32:54,100.6100,54
2018-08-16 09:32:57,100.6100,54
2018-08-16 09:32:58,100.6100,54
2018-08-16 09:32:59,100.5300,56
2018-08-16 09:33:01,100.5400,4
2018-08-16 09:33:03,100.5400,4
2018-08-16 09:33:04,100.5400,4
2018-08-16 09:33:05,100.3900,38
2018-08-16 09:33:07,100.3800,36
2018-08-16 09:33:11,100.4900,121
2018-08-16 09:33:12,100.5100,87
2018-08-16 09:33:13,100.5500,55
2018-08-16 09:33:17,100.5500,55
2018-08-16 09:33:18,100.5300,5
2018-08-16 09:33:19,100.5400,70
2018-08-16 09:33:20,100.5400,70
2018-08-16 09:33:21,100.5400,70
2018-08-16 09:33:22,100.5400,70
2018-08-16 09:33:24,100.4900,66
2018-08-16 09:33:25,100.4700,28
2018-08-16 09:33:26,100.4700,28
2018-08-16 09:33:27,100.4700,28
2018-08-16 09:33:28,100.4700,9
2018-08-16 09:33:34,100.4700,9
2018-08-16 09:33:36,100.4600,23
2018-08-16 09:33:39,100.4200,60
2018-08-16 09:33:40,100.4100,43
2018-08-16 09:33:42,100.4100,43
2018-08-16 09:33:43,100.4000,67
2018-08-16 09:33:45,100.4000,67
2018-08-16 09:33:47,100.4200,47
2018-08-16 09:33:49,100.4200,47
2018-08-16 09:33:50,100.4200,47
2018-08-16 09:33:51,100.4200,47
2018-08-16 09:33:52,100.4500,46
2018-08-16 09:33:55,100.4500,42
2018-08-16 09:33:56,100.4300,66
2018-08-16 09:33:57,100.4900,28
2018-08-16 09:33:58,100.4500,8
2018-08-16 09:34:02,100.4500,8
2018-08-16 09:34:03,100.4500,2
2018-08-16 09:34:05,100.4100,31
2018-08-16 09:34:07,100.4100,31
2018-08-16 09:34:08,100.4100,31
2018-08-16 09:34:10,100.4100,31
2018-08-16 09:34:12,100.4500,10
2018-08-16 09:34:13,100.4500,10
2018-08-16 09:34:15,100.4500,10
2018-08-16 09:34:17,100.4500,10
2018-08-16 09:34:18,100.4500,10
2018-08-16 09:34:19,100.4200,70
2018-08-16 09:34:20,100.4800,26
2018-08-16 09:34:24,100.4800,26
2018-08-16 09:34:26,100.4000,43
2018-08-16 09:34:29,100.4000,19
2018-08-16 09:34:30,100.4000,19
2018-08-16 09:34:32,100.4400,58
2018-08-16 09:34:34,100.4800,37
2018-08-16 09:34:35,100.4800,79
2018-08-16 09:34:36,100.4600,13
2018-08-16 09:34:37,100.4600,13
2018-08-16 09:34:38,100.4400,13
2018-08-16 09:34:40,100.4100,21
2018-08-16 09:34:41,100.4100,43
2018-08-16 09:34:42,100.4400,40
2018-08-16 09:34:44,100.4800,16
2018-08-16 09:34:46,100.4400,60
2018-08-16 09:34:47,100.4000,25
2018-08-16 09:34:48,100.4000,25
2018-08-16 09:34:49,100.4800,17
2018-08-16 09:34:52,100.4800,17
2018-08-16 09:34:54,100.5100,91
2018-08-16 09:34:56,100.5000,17
2018-08-16 09:34:57,100.5000,17
2018-08-16 09:34:58,100.5100,25
2018-08-16 09:34:59,100.5200,17
2018-08-16 09:35:01,100.5000,27
2018-08-16 09:35:02,100.5000,27
2018-08-16 09:35:05,100.5000,27
2018-08-16 09:35:06,100.5000,27
2018-08-16 09:35:07,100.5000,27
2018-08-16 09:35:08,100.5000,27
2018-08-16 09:35:11,100.5000,27
2018-08-16 09:35:12,100.5000,27
2018-08-16 09:35:14,100.5000,5
2018-08-16 09:35:16,100.4700,39
2018-08-16 09:35:17,100.4500,18
2018-08-16 09:35:21,100.4500,18
2018-08-16 09:35:22,100.4700,13
2018-08-16 09:35:23,100.3900,17
2018-08-16 09:35:24,100.3900,17
2018-08-16 09:35:26,100.3900,17
2018-08-16 09:35:27,100.3900,17
2018-08-16 09:35:28,100.4100,26
2018-08-16 09:35:30,100.5600,43
2018-08-16 09:35:32,100.5600,43
2018-08-16 09:35:35,100.5600,43
2018-08-16 09:35:37,100.5600,43
2018-08-16 09:35:38,100.3900,26
2018-08-16 09:35:42,100.3800,73
2018-08-16 09:35:43,100.3800,73
2018-08-16 09:35:46,100.3800,73
2018-08-16 09:35:47,100.3800,73
2018-08-16 09:35:48,100.3800,73
2018-08-16 09:35:50,100.4500,37
2018-08-16 09:35:52,100.4500,37
2018-08-16 09:35:53,100.4500,43
2018-08-16 09:35:54,100.4500,30
2018-08-16 09:35:57,100.4500,30
2018-08-16 09:35:59,100.3900,25
2018-08-16 09:36:01,100.4100,13
2018-08-16 09:36:02,100.4100,13
2018-08-16 09:36:04,100.4400,13
2018-08-16 09:36:05,100.4400,16
2018-08-16 09:36:06,100.4400,16
2018-08-16 09:36:07,100.4400,16
2018-08-16 09:36:08,100.4400,6
2018-08-16 09:36:09,100.4400,6
2018-08-16 09:36:10,100.4100,85
2018-08-16 09:36:12,100.4100,85
2018-08-16 09:36:14,100.4100,85
2018-08-16 09:36:15,100.4300,12
2018-08-16 09:36:17,100.4100,21
2018-08-16 09:36:18,100.4600,21
2018-08-16 09:36:20,100.4600,66
2018-08-16 09:36:21,100.4600,66
2018-08-16 09:36:22,100.4600,66
2018-08-16 09:36:24,100.4600,30
2018-08-16 09:36:25,100.4600,30
2018-08-16 09:36:26,100.4600,25
2018-08-16 09:36:27,100.4600,25
2018-08-16 09:36:31,100.3900,30
2018-08-16 09:36:32,100.4000,33
2018-08-16 09:36:33,100.4000,37
2018-08-16 09:36:34,100.3900,9
2018-08-16 09:36:37,100.3900,9
2018-08-16 09:36:39,100.4200,86
2018-08-16 09:36:40,100.4200,86
2018-08-16 09:36:41,100.3900,61
2018-08-16 09:36:42,100.3900,20
2018-08-16 09:36:44,100.4200,22
2018-08-16 09:36:46,100.4500,42
2018-08-16 09:36:47,100.4600,60
2018-08-16 09:36:48,100.4700,10
2018-08-16 09:36:50,100.4400,14
2018-08-16 09:36:52,100.4000,33
2018-08-16 09:36:53,100.4000,33
2018-08-16 09:36:54,100.4000,17
2018-08-16 09:36:55,100.4000,13
2018-08-16 09:36:56,100.4700,18
2018-08-16 09:36:57,100.4700,52
2018-08-16 09:36:59,100.4700,52
2018-08-16 09:37:00,100.4600,22
2018-08-16 09:37:01,100.4600,28
2018-08-16 09:37:02,100.4600,28
2018-08-16 09:37:03,100.4500,4
2018-08-16 09:37:04,100.4600,2
2018-08-16 09:37:05,100.4600,2
2018-08-16 09:37:06,100.4200,32
2018-08-16 09:37:07,100.4200,32
2018-08-16 09:37:08,100.4200,32
2018-08-16 09:37:09,100.4100,20
2018-08-16 09:37:12,100.4100,12
2018-08-16 09:37:13,100.3900,3
2018-08-16 09:37:14,100.4000,16
2018-08-16 09:37:17,100.3800,77
2018-08-16 09:37:20,100.3800,77
2018-08-16 09:37:22,100.3800,77
2018-08-16 09:37:24,100.3900,76
2018-08-16 09:37:26,100.3900,76
2018-08-16 09:37:27,100.3600,6
2018-08-16 09:37:29,100.3600,6
2018-08-16 09:37:30,100.3600,6
2018-08-16 09:37:32,100.3600,6
2018-08-16 09:37:35,100.3800,29
2018-08-16 09:37:36,100.4000,16
2018-08-16 09:37:37,100.4200,79
2018-08-16 09:37:39,100.4200,37
2018-08-16 09:37:40,100.4400,4
2018-08-16 09:37:43,100.3300,65
2018-08-16 09:37:46,100.4400,7
2018-08-16 09:37:47,100.4500,13
2018-08-16 09:37:48,100.4500,13
2018-08-16 09:37:49,100.4500,5
2018-08-16 09:37:50,100.4700,13
2018-08-16 09:37:51,100.4700,13
2018-08-16 09:37:52,100.4500,9
2018-08-16 09:37:53,100.4700,9
2018-08-16 09:37:55,100.4500,11
2018-08-16 09:37:57,100.4500,11
2018-08-16 09:37:58,100.4500,11
2018-08-16 09:38:01,100.4400,53
2018-08-16 09:38:02,100.3800,6
2018-08-16 09:38:03,100.3800,6
2018-08-16 09:38:04,100.3800,6
2018-08-16 09:38:06,100.3800,6
2018-08-16 09:38:08,100.3800,6
2018-08-16 09:38:11,100.3800,6
2018-08-16 09:38:12,100.3800,6
2018-08-16 09:38:13,100.3800,6
2018-08-16 09:38:14,100.4700,68
2018-08-16 09:38:17,100.4700,5
2018-08-16 09:38:18,100.4100,16
2018-08-16 09:38:19,100.3700,8
2018-08-16 09:38:23,100.3700,8
2018-08-16 09:38:24,100.4300,19
2018-08-16 09:38:25,100.4300,19
2018-08-16 09:38:26,100.4300,19
2018-08-16 09:38:27,100.4300,19
2018-08-16 09:38:28,100.4300,19
2018-08-16 09:38:31,100.4300,19
2018-08-16 09:38:32,100.4300,19
2018-08-16 09:38:33,100.4300,19
2018-08-16 09:38:36,100.4300,19
2018-08-16 09:38:38,100.4300,19
2018-08-16 09:38:39,100.4300,26
2018-08-16 09:38:41,100.4300,11
2018-08-16 09:38:42,100.4300,11
2018-08-16 09:38:43,100.4400,83
2018-08-16 09:38:45,100.4000,29
2018-08-16 09:38:46,100.4000,53
2018-08-16 09:38:48,100.4000,53
2018-08-16 09:38:50,100.3900,148
2018-08-16 09:38:52,100.3900,148
2018-08-16 09:38:53,100.3900,148
2018-08-16 09:38:55,100.4100,40
2018-08-16 09:38:58,100.4300,57
2018-08-16 09:38:59,100.4300,10
2018-08-16 09:39:03,100.4300,10
2018-08-16 09:39:05,100.4000,52
2018-08-16 09:39:07,100.4000,52
2018-08-16 09:39:08,100.4000,52
2018-08-16 09:39:10,100.3800,24
2018-08-16 09:39:12,100.3800,24
2018-08-16 09:39:13,100.3900,4
2018-08-16 09:39:14,100.3700,68
2018-08-16 09:39:15,100.3700,68
2018-08-16 09:39:16,100.3900,19
2018-08-16 09:39:18,100.4400,2
2018-08-16 09:39:19,100.4400,2
2018-08-16 09:39:21,100.4400,2
2018-08-16 09:39:22,100.4400,2
2018-08-16 09:39:23,100.4000,2
2018-08-16 09:39:24,100.3300,31
2018-08-16 09:39:25,100.3300,15
2018-08-16 09:39:26,100.3200,9
2018-08-16 09:39:28,100.3200,9
2018-08-16 09:39:30,100.3200,35
2018-08-16 09:39:31,100.2800,24
2018-08-16 09:39:32,100.2500,52
2018-08-16 09:39:33,100.2500,52
2018-08-16 09:39:37,100.2200,18
2018-08-16 09:39:38,100.2200,18
2018-08-16 09:39:39,100.2200,18
2018-08-16 09:39:40,100.2100,1
2018-08-16 09:39:41,100.2200,19
2018-08-16 09:39:42,100.2200,19
2018-08-16 09:39:43,100.2100,13
2018-08-16 09:39:44,100.2200,13
2018-08-16 09:39:45,100.2200,13
2018-08-16 09:39:48,100.2200,13
2018-08-16 09:39:50,100.2200,13
2018-08-16 09:39:51,100.2200,13
2018-08-16 09:39:53,100.2200,13
2018-08-16 09:39:54,100.2200,13
2018-08-16 09:39:56,100.2200,13
2018-08-16 09:39:59,100.2200,13
2018-08-16 09:40:00,100.2200,13
2018-08-16 09:40:03,100.2200,97
2018-08-16 09:40:04,100.1900,2
2018-08-16 09:40:05,100.1900,2
2018-08-16 09:40:07,100.1900,2
2018-08-16 09:40:08,100.1900,2
2018-08-16 09:40:13,100.1900,2
2018-08-16 09:40:14,100.1900,2
2018-08-16 09:40:15,100.1200,68
2018-08-16 09:40:16,100.1200,68
2018-08-16 09:40:18,100.1200,68
2018-08-16 09:40:23,100.1200,68
2018-08-16 09:40:24,100.1800,17
2018-08-16 09:40:25,100.1800,17
2018-08-16 09:40:27,100.0800,1
2018-08-16 09:40:28,100.0800,1
2018-08-16 09:40:30,100.0300,41
2018-08-16 09:40:31,100.0300,38
2018-08-16 09:40:33,100.0300,38
2018-08-16 09:40:34,100.0400,10
2018-08-16 09:40:36,100.0400,10
2018-08-16 09:40:38,100.0400,10
2018-08-16 09:40:41,100.0900,34
2018-08-16 09:40:42,100.0900,34
2018-08-16 09:40:43,100.0900,34
2018-08-16 09:40:44,100.0400,34
2018-08-16 09:40:45,100.0100,28
2018-08-16 09:40:46,100.0800,1
2018-08-16 09:40:48,100.0800,1
2018-08-16 09:40:49,100.0800,1
2018-08-16 09:40:53,100.0000,6
2018-08-16 09:40:56,99.9900,31
2018-08-16 09:40:57,99.9800,46
2018-08-16 09:40:58,99.9700,41
2018-08-16 09:40:59,99.9700,6
2018-08-16 09:41:00,100.0000,42
2018-08-16 09:41:02,99.9700,11
2018-08-16 09:41:03,99.9700,36
2018-08-16 09:41:04,99.9900,35
2018-08-16 09:41:05,99.9900,35
2018-08-16 09:41:06,99.9900,35
2018-08-16 09:41:07,99.9900,35
2018-08-16 09:41:08,99.9700,43
2018-08-16 09:41:10,99.9400,85
2018-08-16 09:41:13,99.9400,85
2018-08-16 09:41:14,99.9400,85
2018-08-16 09:41:15,99.9400,6
2018-08-16 09:41:18,99.9400,6
2018-08-16 09:41:20,99.9400,6
2018-08-16 09:41:22,99.9400,6
2018-08-16 09:41:23,99.9900,24
2018-08-16 09:41:24,99.9900,24
2018-08-16 09:41:25,99.9900,24
2018-08-16 09:41:26,99.9900,24
2018-08-16 09:41:27,100.0100,34
2018-08-16 09:41:28,100.0200,15
2018-08-16 09:41:29,100.0200,15
2018-08-16 09:41:30,100.0200,15
2018-08-16 09:41:33,99.9900,1
2018-08-16 09:41:35,99.9900,1
2018-08-16 09:41:37,100.0200,38
2018-08-16 09:41:41,100.0200,38
2018-08-16 09:41:43,100.0200,38
2018-08-16 09:41:44,100.0200,38
2018-08-16 09:41:45,100.0200,38
2018-08-16 09:41:46,100.0200,38
2018-08-16 09:41:47,100.0200,38
2018-08-16 09:41:48,100.0000,59
2018-08-16 09:41:49,100.0200,38
2018-08-16 09:41:50,99.9900,47
2018-08-16 09:41:52,99.9900,47
2018-08-16 09:41:53,99.9900,47
2018-08-16 09:41:57,100.0500,76
2018-08-16 09:41:58,100.0500,5
2018-08-16 09:42:00,100.0500,20
2018-08-16 09:42:01,100.0800,26
2018-08-16 09:42:02,100.1000,29
2018-08-16 09:42:03,100.1000,29
2018-08-16 09:42:06,100.1000,29
2018-08-16 09:42:07,100.1000,29
2018-08-16 09:42:08,100.0300,8
2018-08-16 09:42:09,100.0300,8
2018-08-16 09:42:12,100.0300,8
2018-08-16 09:42:13,100.0500,17
2018-08-16 09:42:14,100.0500,44
2018-08-16 09:42:15,100.1000,26
2018-08-16 09:42:20,99.9900,52
2018-08-16 09:42:24,99.9900,52
2018-08-16 09:42:25,100.0400,92
2018-08-16 09:42:29,100.0400,2
2018-08-16 09:42:32,100.0000,5
2018-08-16 09:42:34,100.0400,51
2018-08-16 09:42:35,100.0400,27
2018-08-16 09:42:36,100.0400,27
2018-08-16 09:42:39,100.0400,27
2018-08-16 09:42:40,100.0400,27
2018-08-16 09:42:42,100.1100,18
2018-08-16 09:42:44,100.1100,18
2018-08-16 09:42:46,100.1100,18
2018-08-16 09:42:47,100.1100,18
2018-08-16 09:42:48,100.1200,21
2018-08-16 09:42:50,100.1700,21
2018-08-16 09:42:52,100.1700,89
2018-08-16 09:42:53,100.1800,38
2018-08-16 09:42:55,100.1900,36
2018-08-16 09:42:57,100.1900,36
2018-08-16 09:43:02,100.2900,37
2018-08-16 09:43:05,100.2900,37
2018-08-16 09:43:06,100.2900,37
2018-08-16 09:43:07,100.2900,37
2018-08-16 09:43:08,100.3200,8
2018-08-16 09:43:09,100.2800,3
2018-08-16 09:43:10,100.2800,3
2018-08-16 09:43:14,100.2400,6
2018-08-16 09:43:15,100.2600,6
2018-08-16 09:43:17,100.3000,23
2018-08-16 09:43:19,100.3200,35
2018-08-16 09:43:21,100.2900,56
2018-08-16 09:43:22,100.2900,56
2018-08-16 09:43:24,100.2900,56
2018-08-16 09:43:26,100.3100,10
2018-08-16 09:43:27,100.3300,10
2018-08-16 09:43:29,100.3300,21
2018-08-16 09:43:30,100.3300,21
2018-08-16 09:43:33,100.1800,61
2018-08-16 09:43:34,100.1800,61
2018-08-16 09:43:35,100.1800,61
2018-08-16 09:43:36,100.2400,16
2018-08-16 09:43:40,100.2400,16
2018-08-16 09:43:41,100.2800,3
2018-08-16 09:43:42,100.2400,165
2018-08-16 09:43:44,100.3300,26
2018-08-16 09:43:46,100.3300,26
2018-08-16 09:43:47,100.3300,26
2018-08-16 09:43:48,100.2700,16
2018-08-16 09:43:49,100.3000,2
2018-08-16 09:43:51,100.2700,13
2018-08-16 09:43:52,100.2700,13
2018-08-16 09:43:53,100.1900,41
2018-08-16 09:43:54,100.1900,41
2018-08-16 09:43:55,100.1900,41
2018-08-16 09:43:57,100.1900,41
2018-08-16 09:44:00,100.1900,41
2018-08-16 09:44:01,100.1800,14
2018-08-16 09:44:02,100.1700,41
2018-08-16 09:44:04,100.1200,6
2018-08-16 09:44:05,100.1200,6
2018-08-16 09:44:06,100.1200,6
2018-08-16 09:44:07,100.1900,47
2018-08-16 09:44:08,100.1900,47
2018-08-16 09:44:11,100.1200,66
2018-08-16 09:44:12,100.1200,66
2018-08-16 09:44:13,100.1200,66
2018-08-16 09:44:15,100.1700,35
2018-08-16 09:44:17,100.0800,22
2018-08-16 09:44:20,100.1600,12
2018-08-16 09:44:22,100.2000,48
2018-08-16 09:44:25,100.2000,48
2018-08-16 09:44:26,100.2300,15
2018-08-16 09:44:27,100.1600,22
2018-08-16 09:44:28,100.1500,38
2018-08-16 09:44:29,100.1500,38
2018-08-16 09:44:31,100.1500,38
2018-08-16 09:44:32,100.1500,38
2018-08-16 09:44:33,100.2300,98
2018-08-16 09:44:36,100.2300,83
2018-08-16 09:44:37,100.1500,52
2018-08-16 09:44:40,100.1500,52
2018-08-16 09:44:43,100.1500,52
2018-08-16 09:44:47,100.1500,52
2018-08-16 09:44:49,100.1500,52
2018-08-16 09:44:50,100.1500,52
2018-08-16 09:44:51,100.1500,52
2018-08-16 09:44:55,100.1500,52
2018-08-16 09:44:57,100.2300,55
2018-08-16 09:44:59,100.2100,89
2018-08-16 09:45:00,100.2100,89
2018-08-16 09:45:02,100.2100,7
2018-08-16 09:45:03,100.2100,7
2018-08-16 09:45:04,100.2300,29
2018-08-16 09:45:07,100.2500,20
2018-08-16 09:45:08,100.2000,87
2018-08-16 09:45:12,100.2000,87
2018-08-16 09:45:15,100.2000,87
2018-08-16 09:45:16,100.2000,6
2018-08-16 09:45:17,100.1800,14
2018-08-16 09:45:18,100.1800,36
2018-08-16 09:45:19,100.1800,36
2018-08-16 09:45:20,100.1800,27
2018-08-16 09:45:21,100.2500,78
2018-08-16 09:45:22,100.2500,78
2018-08-16 09:45:24,100.2500,78
2018-08-16 09:45:25,100.2500,78
2018-08-16 09:45:27,100.2500,78
2018-08-16 09:45:28,100.1800,49
2018-08-16 09:45:29,100.1800,49
2018-08-16 09:45:30,100.1800,49
2018-08-16 09:45:32,100.1800,49
2018-08-16 09:45:35,100.1900,5
2018-08-16 09:45:36,100.1900,58
2018-08-16 09:45:37,100.1900,58
2018-08-16 09:45:39,100.1900,58
2018-08-16 09:45:43,100.2600,28
2018-08-16 09:45:45,100.2100,35
2018-08-16 09:45:46,100.2000,19
2018-08-16 09:45:47,100.2000,19
2018-08-16 09:45:48,100.2000,19
2018-08-16 09:45:50,100.2100,15
2018-08-16 09:45:52,100.2100,15
2018-08-16 09:45:53,100.1600,1
2018-08-16 09:45:54,100.1700,10
2018-08-16 09:45:55,100.1600,65
2018-08-16 09:45:56,100.1600,65
2018-08-16 09:45:57,100.1700,8
2018-08-16 09:45:58,100.1700,70
2018-08-16 09:45:59,100.1600,71
2018-08-16 09:46:02,100.1200,2
2018-08-16 09:46:03,100.1200,2
2018-08-16 09:46:05,100.1200,2
2018-08-16 09:46:06,100.1200,50
2018-08-16 09:46:07,100.1200,50
2018-08-16 09:46:08,100.1100,82
2018-08-16 09:46:09,100.1100,82
2018-08-16 09:46:10,100.1100,82
2018-08-16 09:46:11,100.1100,82
2018-08-16 09:46:15,100.1100,82
2018-08-16 09:46:19,100.1100,82
2018-08-16 09:46:20,100.1100,82
2018-08-16 09:46:21,100.1100,4
2018-08-16 09:46:22,100.1100,4
2018-08-16 09:46:23,100.1100,3
2018-08-16 09:46:24,100.1100,2
2018-08-16 09:46:25,100.1100,2
2018-08-16 09:46:26,100.1500,7
2018-08-16 09:46:27,100.1700,13
2018-08-16 09:46:28,100.1700,32
2018-08-16 09:46:30,100.1700,32
2018-08-16 09:46:31,100.1700,114
2018-08-16 09:46:35,100.1800,25
2018-08-16 09:46:37,100.1800,25
2018-08-16 09:46:39,100.1800,18
2018-08-16 09:46:40,100.1900,14
2018-08-16 09:46:41,100.2000,87
2018-08-16 09:46:42,100.2000,87
2018-08-16 09:46:43,100.2000,87
2018-08-16 09:46:44,100.2000,87
2018-08-16 09:46:45,100.2000,87
2018-08-16 09:46:47,100.2000,87
2018-08-16 09:46:48,100.1700,13
2018-08-16 09:46:50,100.1700,13
2018-08-16 09:46:52,100.1700,13
2018-08-16 09:46:53,100.1700,83
2018-08-16 09:46:56,100.1700,83
2018-08-16 09:46:57,100.1700,83
2018-08-16 09:46:58,100.2000,23
2018-08-16 09:47:01,100.1700,23
2018-08-16 09:47:05,100.1300,1
2018-08-16 09:47:09,100.1300,4
2018-08-16 09:47:12,100.1000,122
2018-08-16 09:47:13,100.1000,81
2018-08-16 09:47:14,100.1000,81
2018-08-16 09:47:15,100.0800,98
2018-08-16 09:47:16,100.0800,98
2018-08-16 09:47:17,100.1000,8
2018-08-16 09:47:18,100.0800,9
2018-08-16 09:47:20,100.0800,9
2018-08-16 09:47:21,100.0800,75
2018-08-16 09:47:22,100.0800,75
2018-08-16 09:47:24,100.0500,7
2018-08-16 09:47:25,100.0500,7
2018-08-16 09:47:26,100.0700,39
2018-08-16 09:47:27,100.0800,40
2018-08-16 09:47:29,100.0800,9
2018-08-16 09:47:30,100.0800,9
2018-08-16 09:47:31,100.0800,9
2018-08-16 09:47:32,100.0800,9
2018-08-16 09:47:34,100.0800,48
2018-08-16 09:47:35,100.0400,28
2018-08-16 09:47:39,100.0400,28
2018-08-16 09:47:40,100.0400,28
2018-08-16 09:47:41,100.0900,90
2018-08-16 09:47:42,100.0900,90
2018-08-16 09:47:43,100.0900,90
2018-08-16 09:47:45,100.0900,86
2018-08-16 09:47:46,100.0900,86
2018-08-16 09:47:47,100.0900,86
2018-08-16 09:47:48,100.0400,10
2018-08-16 09:47:49,100.0400,10
2018-08-16 09:47:50,100.0400,10
2018-08-16 09:47:52,100.0400,77
2018-08-16 09:47:53,100.1000,30
2018-08-16 09:47:54,100.1000,30
2018-08-16 09:47:55,100.1000,30
2018-08-16 09:47:57,100.1000,30
2018-08-16 09:47:58,99.9900,23
2018-08-16 09:48:00,99.9900,23
2018-08-16 09:48:02,99.9900,11
2018-08-16 09:48:03,99.9900,11
2018-08-16 09:48:05,99.9200,1
2018-08-16 09:48:07,99.9200,1
2018-08-16 09:48:10,99.9200,1
2018-08-16 09:48:12,100.0200,45
2018-08-16 09:48:13,100.0700,22
2018-08-16 09:48:14,100.0700,22
2018-08-16 09:48:15,100.0700,52
2018-08-16 09:48:17,100.0600,3
2018-08-16 09:48:19,99.9700,59
2018-08-16 09:48:20,100.0800,47
2018-08-16 09:48:23,100.0800,47
2018-08-16 09:48:25,100.0800,47
2018-08-16 09:48:27,100.0800,47
2018-08-16 09:48:29,100.0800,47
2018-08-16 09:48:30,100.0800,47
2018-08-16 09:48:32,100.0800,47
2018-08-16 09:48:33,100.0800,47
2018-08-16 09:48:35,100.0800,47
2018-08-16 09:48:36,100.0600,24
2018-08-16 09:48:37,100.0600,24
2018-08-16 09:48:38,100.1100,13
2018-08-16 09:48:39,100.1100,60
2018-08-16 09:48:40,100.1300,17
2018-08-16 09:48:41,100.0900,12
2018-08-16 09:48:42,100.0900,12
2018-08-16 09:48:47,100.0900,12
2018-08-16 09:48:50,100.0400,15
2018-08-16 09:48:51,100.0400,128
2018-08-16 09:48:52,100.0900,83
2018-08-16 09:48:54,100.1100,6
2018-08-16 09:48:55,100.1400,22
2018-08-16 09:48:56,100.0700,3
2018-08-16 09:48:57,100.0500,6
2018-08-16 09:48:58,100.0500,66
2018-08-16 09:48:59,100.1300,2
2018-08-16 09:49:00,100.1300,2
2018-08-16 09:49:01,100.1300,2
2018-08-16 09:49:02,100.1300,2
2018-08-16 09:49:03,100.1400,4
2018-08-16 09:49:04,100.2400,11
2018-08-16 09:49:05,100.2400,11
2018-08-16 09:49:06,100.2400,11
2018-08-16 09:49:07,100.2000,4
2018-08-16 09:49:10,100.2000,4
2018-08-16 09:49:12,100.2000,71
2018-08-16 09:49:14,100.2000,71
2018-08-16 09:49:15,100.1900,93
2018-08-16 09:49:16,100.1900,13
2018-08-16 09:49:18,100.0800,21
2018-08-16 09:49:20,100.0800,21
2018-08-16 09:49:22,100.0800,21
2018-08-16 09:49:23,100.1300,29
2018-08-16 09:49:24,100.1300,117
2018-08-16 09:49:25,100.1300,117
2018-08-16 09:49:26,100.1300,117
2018-08-16 09:49:27,100.1000,73
2018-08-16 09:49:30,100.1000,55
2018-08-16 09:49:31,100.2000,2
2018-08-16 09:49:32,100.1100,12
2018-08-16 09:49:33,100.1100,9
2018-08-16 09:49:35,100.1400,90
2018-08-16 09:49:36,100.1400,90
2018-08-16 09:49:37,100.2000,7
2018-08-16 09:49:39,100.1400,68
2018-08-16 09:49:40,100.1400,68
2018-08-16 09:49:43,100.1300,33
2018-08-16 09:49:45,100.0800,3
2018-08-16 09:49:47,100.0800,3
2018-08-16 09:49:48,100.0800,3
2018-08-16 09:49:49,100.0800,3
2018-08-16 09:49:52,100.0800,3
2018-08-16 09:49:55,100.0800,3
2018-08-16 09:49:57,100.0800,3
2018-08-16 09:50:00,100.1400,6
2018-08-16 09:50:01,100.1400,6
2018-08-16 09:50:02,100.1400,6
2018-08-16 09:50:05,100.1400,39
2018-08-16 09:50:07,100.1400,39
2018-08-16 09:50:08,100.1800,5
2018-08-16 09:50:09,100.2000,4
2018-08-16 09:50:10,100.2000,4
2018-08-16 09:50:12,100.2000,4
2018-08-16 09:50:13,100.2000,25
2018-08-16 09:50:15,100.1600,18
2018-08-16 09:50:18,100.1600,27
2018-08-16 09:50:19,100.1600,27
2018-08-16 09:50:20,100.1600,45
2018-08-16 09:50:21,100.1600,45
2018-08-16 09:50:22,100.1600,7
2018-08-16 09:50:23,100.0800,70
2018-08-16 09:50:26,100.0600,46
2018-08-16 09:50:27,100.0600,46
2018-08-16 09:50:28,100.0600,17
2018-08-16 09:50:29,100.0600,17
2018-08-16 09:50:30,100.1000,102
2018-08-16 09:50:31,100.1000,102
2018-08-16 09:50:32,100.1000,102
2018-08-16 09:50:33,100.1100,48
2018-08-16 09:50:35,100.1200,9
2018-08-16 09:50:37,100.1200,9
2018-08-16 09:50:38,100.1200,9
2018-08-16 09:50:40,100.1200,9
2018-08-16 09:50:41,100.0700,13
2018-08-16 09:50:45,100.0400,167
2018-08-16 09:50:46,100.0400,167
2018-08-16 09:50:47,100.0400,167
2018-08-16 09:50:48,100.1100,189
2018-08-16 09:50:49,100.1100,189
2018-08-16 09:50:50,100.1100,189
2018-08-16 09:50:54,100.1100,189
2018-08-16 09:50:55,100.0800,32
2018-08-16 09:50:56,100.0800,32
2018-08-16 09:50:57,100.0800,19
2018-08-16 09:51:00,100.0800,19
2018-08-16 09:51:05,100.0800,19
2018-08-16 09:51:08,100.0600,12
2018-08-16 09:51:09,100.0400,1
2018-08-16 09:51:10,100.0300,106
2018-08-16 09:51:11,100.1300,69
2018-08-16 09:51:12,99.9800,50
2018-08-16 09:51:14,99.9800,50
2018-08-16 09:51:15,99.9800,50
2018-08-16 09:51:16,99.9800,50
2018-08-16 09:51:21,99.9800,50
2018-08-16 09:51:25,99.9800,50
2018-08-16 09:51:26,99.9800,50
2018-08-16 09:51:27,99.9800,50
2018-08-16 09:51:29,99.9800,50
2018-08-16 09:51:30,99.9900,2
2018-08-16 09:51:31,100.0300,63
2018-08-16 09:51:32,99.9900,26
2018-08-16 09:51:33,99.9400,55
2018-08-16 09:51:35,99.9000,50
2018-08-16 09:51:36,99.9000,2
2018-08-16 09:51:37,99.9000,11
2018-08-16 09:51:38,99.9000,11
2018-08-16 09:51:39,99.9200,66
2018-08-16 09:51:40,99.9200,66
2018-08-16 09:51:41,99.9200,66
2018-08-16 09:51:42,99.9200,66
2018-08-16 09:51:43,99.8900,38
2018-08-16 09:51:45,99.8600,1
2018-08-16 09:51:46,99.8600,1
2018-08-16 09:51:47,99.8600,1
2018-08-16 09:51:48,99.8600,1
2018-08-16 09:51:52,99.8900,7
2018-08-16 09:51:53,99.8900,26
2018-08-16 09:51:54,99.8000,8
2018-08-16 09:51:55,99.7700,2
2018-08-16 09:51:56,99.7700,2
2018-08-16 09:51:57,99.7700,2
2018-08-16 09:51:58,99.7700,2
2018-08-16 09:52:00,99.8600,77
2018-08-16 09:52:01,99.8600,77
2018-08-16 09:52:02,99.8600,77
2018-08-16 09:52:03,99.8600,77
2018-08-16 09:52:04,99.8800,120
2018-08-16 09:52:05,99.8600,46
2018-08-16 09:52:07,99.8600,46
2018-08-16 09:52:08,99.8600,33
2018-08-16 09:52:09,99.8600,33
2018-08-16 09:52:10,99.8300,67
2018-08-16 09:52:11,99.8600,69
2018-08-16 09:52:12,99.8700,22
2018-08-16 09:52:15,99.8700,82
2018-08-16 09:52:16,99.8700,5
2018-08-16 09:52:18,99.9200,43
2018-08-16 09:52:20,99.9200,43
2018-08-16 09:52:21,99.9200,43
2018-08-16 09:52:22,99.9200,43
2018-08-16 09:52:23,99.9100,12
2018-08-16 09:52:24,99.8500,17
2018-08-16 09:52:25,99.8500,17
2018-08-16 09:52:26,99.8600,9
2018-08-16 09:52:27,99.8600,9
2018-08-16 09:52:28,99.8500,16
2018-08-16 09:52:30,99.8600,18
2018-08-16 09:52:32,99.8600,18
2018-08-16 09:52:34,99.9300,45
2018-08-16 09:52:35,99.9200,2
2018-08-16 09:52:36,99.9200,2
2018-08-16 09:52:37,99.9200,2
2018-08-16 09:52:40,99.8900,85
2018-08-16 09:52:42,99.8900,85
2018-08-16 09:52:43,99.8900,2
2018-08-16 09:52:45,99.8900,2
2018-08-16 09:52:47,99.8900,2
2018-08-16 09:52:49,99.9300,11
2018-08-16 09:52:50,99.8900,3
2018-08-16 09:52:54,99.8900,3
2018-08-16 09:52:55,99.8900,3
2018-08-16 09:52:56,99.8900,3
2018-08-16 09:52:58,99.9200,82
2018-08-16 09:53:00,99.9000,2
2018-08-16 09:53:02,99.9000,2
2018-08-16 09:53:03,99.9300,9
2018-08-16 09:53:04,99.9100,77
2018-08-16 09:53:05,99.9100,77
2018-08-16 09:53:10,99.9200,18
2018-08-16 09:53:11,99.8900,18
2018-08-16 09:53:12,99.9200,99
2018-08-16 09:53:15,99.8600,97
2018-08-16 09:53:17,99.8600,97
2018-08-16 09:53:18,99.9000,8
2018-08-16 09:53:19,99.9300,1
2018-08-16 09:53:20,100.0000,10
2018-08-16 09:53:21,100.0000,10
2018-08-16 09:53:22,100.0000,91
2018-08-16 09:53:23,99.9700,71
2018-08-16 09:53:25,99.9700,34
2018-08-16 09:53:26,99.9700,34
2018-08-16 09:53:27,99.9700,34
2018-08-16 09:53:28,99.9700,34
2018-08-16 09:53:30,99.9700,84
2018-08-16 09:53:33,99.9700,84
2018-08-16 09:53:34,99.8700,23
2018-08-16 09:53:35,99.8700,23
2018-08-16 09:53:37,99.8700,23
2018-08-16 09:53:38,99.8500,77
2018-08-16 09:53:39,99.8700,65
2018-08-16 09:53:40,99.8700,12
2018-08-16 09:53:41,99.8700,12
2018-08-16 09:53:42,99.9800,87
2018-08-16 09:53:43,99.9400,48
2018-08-16 09:53:44,99.9400,48
2018-08-16 09:53:45,99.9800,73
2018-08-16 09:53:46,99.8800,1
2018-08-16 09:53:47,99.8800,1
2018-08-16 09:53:50,99.8800,1
2018-08-16 09:53:53,99.8800,1
2018-08-16 09:53:55,99.8800,1
2018-08-16 09:53:56,99.9700,21
2018-08-16 09:53:57,99.9700,21
2018-08-16 09:53:59,99.9700,48
2018-08-16 09:54:01,99.9700,48
2018-08-16 09:54:02,99.9700,48
2018-08-16 09:54:03,99.9700,48
2018-08-16 09:54:06,99.9700,7
2018-08-16 09:54:07,99.9700,7
2018-08-16 09:54:08,99.8800,37
2018-08-16 09:54:11,99.8800,37
2018-08-16 09:54:13,99.8800,34
2018-08-16 09:54:15,99.8300,4
2018-08-16 09:54:16,99.8300,4
2018-08-16 09:54:18,99.8300,4
2018-08-16 09:54:19,99.9500,45
2018-08-16 09:54:20,99.9500,45
2018-08-16 09:54:23,99.9900,2
2018-08-16 09:54:24,99.9900,2
2018-08-16 09:54:25,99.9900,2
2018-08-16 09:54:27,99.9900,2
2018-08-16 09:54:28,99.9900,12
2018-08-16 09:54:29,99.9900,12
2018-08-16 09:54:30,99.9800,56
2018-08-16 09:54:33,99.9700,12
2018-08-16 09:54:35,99.9300,51
2018-08-16 09:54:36,99.9300,51
2018-08-16 09:54:37,99.9000,16
2018-08-16 09:54:38,99.9000,16
2018-08-16 09:54:39,99.9000,16
2018-08-16 09:54:40,99.9000,5
2018-08-16 09:54:41,99.9000,5
2018-08-16 09:54:42,99.9000,5
2018-08-16 09:54:43,99.9300,45
2018-08-16 09:54:45,99.9200,76
2018-08-16 09:54:47,99.9200,76
2018-08-16 09:54:48,99.9700,25
2018-08-16 09:54:49,100.0000,30
2018-08-16 09:54:51,100.0000,30
2018-08-16 09:54:52,100.0000,30
2018-08-16 09:54:53,100.0000,30
2018-08-16 09:54:55,100.0100,48
2018-08-16 09:54:57,99.9200,2
2018-08-16 09:54:58,99.9200,2
2018-08-16 09:55:01,99.9200,2
2018-08-16 09:55:03,99.9200,2
2018-08-16 09:55:04,99.9200,2
2018-08-16 09:55:05,99.9800,6
2018-08-16 09:55:06,99.9800,6
2018-08-16 09:55:08,99.9800,6
2018-08-16 09:55:09,99.9500,13
2018-08-16 09:55:10,99.9500,13
2018-08-16 09:55:12,99.9500,13
2018-08-16 09:55:13,99.9300,27
2018-08-16 09:55:14,99.9300,27
2018-08-16 09:55:15,99.9100,38
2018-08-16 09:55:16,99.9100,38
2018-08-16 09:55:18,99.9800,7
2018-08-16 09:55:20,99.9800,7
2018-08-16 09:55:21,99.9800,7
2018-08-16 09:55:22,99.9800,37
2018-08-16 09:55:23,99.9700,7
2018-08-16 09:55:25,99.9800,27
2018-08-16 09:55:26,99.9800,27
2018-08-16 09:55:28,99.9800,27
2018-08-16 09:55:31,99.9600,37
2018-08-16 09:55:33,99.9600,37
2018-08-16 09:55:34,99.9600,37
2018-08-16 09:55:36,99.9600,37
2018-08-16 09:55:38,99.9600,61
2018-08-16 09:55:40,99.9100,60
2018-08-16 09:55:42,99.9100,31
2018-08-16 09:55:44,99.9600,2
2018-08-16 09:55:45,99.9300,94
2018-08-16 09:55:46,99.9300,94
2018-08-16 09:55:47,99.9300,94
2018-08-16 09:55:48,99.9100,6
2018-08-16 09:55:51,99.9100,6
2018-08-16 09:55:52,99.9100,6
2018-08-16 09:55:53,99.9100,42
2018-08-16 09:55:54,99.9100,8
2018-08-16 09:55:56,99.9200,31
2018-08-16 09:55:57,99.9200,31
2018-08-16 09:55:58,99.9300,48
2018-08-16 09:55:59,99.9300,7
2018-08-16 09:56:00,99.8900,27
2018-08-16 09:56:03,99.8900,27
2018-08-16 09:56:05,99.9300,40
2018-08-16 09:56:06,99.8700,48
2018-08-16 09:56:08,99.8700,31
2018-08-16 09:56:09,99.8600,11
2018-08-16 09:56:10,99.8500,8
2018-08-16 09:56:13,99.8100,6
2018-08-16 09:56:14,99.8100,97
2018-08-16 09:56:16,99.8100,97
2018-08-16 09:56:17,99.8100,97
2018-08-16 09:56:18,99.8100,97
2018-08-16 09:56:19,99.8100,97
2018-08-16 09:56:20,99.8300,18
2018-08-16 09:56:21,99.8100,81
2018-08-16 09:56:22,99.8100,81
2018-08-16 09:56:23,99.7800,2
2018-08-16 09:56:24,99.7800,24
2018-08-16 09:56:25,99.7700,22
2018-08-16 09:56:26,99.7700,22
2018-08-16 09:56:27,99.7700,148
2018-08-16 09:56:28,99.7700,148
2018-08-16 09:56:29,99.7700,22
2018-08-16 09:56:30,99.7700,22
2018-08-16 09:56:31,99.7800,19
2018-08-16 09:56:32,99.7800,19
2018-08-16 09:56:33,99.7600,2
2018-08-16 09:56:34,99.7600,23
2018-08-16 09:56:35,99.7600,29
2018-08-16 09:56:36,99.7500,5
2018-08-16 09:56:37,99.7500,5
2018-08-16 09:56:38,99.7800,64
2018-08-16 09:56:39,99.7800,64
2018-08-16 09:56:40,99.7800,64
2018-08-16 09:56:41,99.7800,64
2018-08-16 09:56:43,99.7800,17
2018-08-16 09:56:44,99.8700,31
2018-08-16 09:56:46,99.8700,31
2018-08-16 09:56:48,99.8700,31
2018-08-16 09:56:49,99.8000,14
2018-08-16 09:56:51,99.7700,42
2018-08-16 09:56:52,99.7600,8
2018-08-16 09:56:53,99.7400,1
2018-08-16 09:56:55,99.7400,1
2018-08-16 09:56:56,99.7400,1
2018-08-16 09:56:58,99.8100,56
2018-08-16 09:57:01,99.8100,56
2018-08-16 09:57:03,99.8100,56
2018-08-16 09:57:04,99.8000,13
2018-08-16 09:57:06,99.8000,13
2018-08-16 09:57:08,99.8000,13
2018-08-16 09:57:09,99.8000,12
2018-08-16 09:57:12,99.8000,12
2018-08-16 09:57:13,99.8200,73
2018-08-16 09:57:14,99.8600,35
2018-08-16 09:57:15,99.8600,35
2018-08-16 09:57:16,99.8600,35
2018-08-16 09:57:17,99.8700,46
2018-08-16 09:57:20,99.8700,46
2018-08-16 09:57:21,99.8700,46
2018-08-16 09:57:22,99.8700,46
2018-08-16 09:57:23,99.8500,67
2018-08-16 09:57:24,99.8500,67
2018-08-16 09:57:25,99.8500,62
2018-08-16 09:57:26,99.8400,79
2018-08-16 09:57:27,99.8400,79
2018-08-16 09:57:28,99.7900,10
2018-08-16 09:57:31,99.8700,33
2018-08-16 09:57:32,99.8700,33
2018-08-16 09:57:33,99.8100,7
2018-08-16 09:57:35,99.8100,7
2018-08-16 09:57:37,99.8100,7
2018-08-16 09:57:38,99.8100,32
2018-08-16 09:57:39,99.8000,7
2018-08-16 09:57:40,99.7600,143
2018-08-16 09:57:41,99.7300,13
2018-08-16 09:57:42,99.7300,13
2018-08-16 09:57:43,99.7300,13
2018-08-16 09:57:45,99.7300,24
2018-08-16 09:57:46,99.7300,24
2018-08-16 09:57:47,99.7300,24
2018-08-16 09:57:48,99.7300,24
2018-08-16 09:57:50,99.7700,24
2018-08-16 09:57:51,99.7700,24
2018-08-16 09:57:52,99.7700,24
2018-08-16 09:57:53,99.7700,24
2018-08-16 09:57:55,99.7700,24
2018-08-16 09:57:56,99.7700,24
2018-08-16 09:57:57,99.7600,55
2018-08-16 09:57:58,99.7600,55
2018-08-16 09:58:00,99.7400,3
2018-08-16 09:58:01,99.7300,8
2018-08-16 09:58:02,99.7300,8
2018-08-16 09:58:06,99.7300,8
2018-08-16 09:58:09,99.7100,4
2018-08-16 09:58:10,99.7100,4
2018-08-16 09:58:11,99.7100,4
2018-08-16 09:58:12,99.7100,65
2018-08-16 09:58:13,99.7500,1
2018-08-16 09:58:16,99.7700,2
2018-08-16 09:58:18,99.7700,1
2018-08-16 09:58:20,99.7700,1
2018-08-16 09:58:21,99.7700,1
2018-08-16 09:58:22,99.8000,45
2018-08-16 09:58:23,99.7700,20
2018-08-16 09:58:24,99.7700,20
2018-08-16 09:58:26,99.7700,20
2018-08-16 09:58:30,99.7700,20
2018-08-16 09:58:31,99.8100,74
2018-08-16 09:58:32,99.8200,19
2018-08-16 09:58:33,99.8200,19
2018-08-16 09:58:34,99.8100,29
2018-08-16 09:58:35,99.8200,12
2018-08-16 09:58:36,99.8200,12
2018-08-16 09:58:38,99.8200,12
2018-08-16 09:58:40,99.7700,40
2018-08-16 09:58:41,99.8300,35
2018-08-16 09:58:42,99.7700,9
2018-08-16 09:58:45,99.7900,79
2018-08-16 09:58:46,99.7900,79
2018-08-16 09:58:47,99.7900,79
2018-08-16 09:58:48,99.7900,79
2018-08-16 09:58:49,99.7900,79
2018-08-16 09:58:50,99.7700,17
2018-08-16 09:58:51,99.7700,17
2018-08-16 09:58:52,99.7700,17
2018-08-16 09:58:53,99.7700,17
2018-08-16 09:58:55,99.7900,1
2018-08-16 09:58:57,99.7900,56
2018-08-16 09:59:00,99.8300,37
2018-08-16 09:59:01,99.8300,37
2018-08-16 09:59:02,99.8300,37
2018-08-16 09:59:03,99.8300,37
2018-08-16 09:59:04,99.7100,46
2018-08-16 09:59:05,99.7700,54
2018-08-16 09:59:06,99.7900,3
2018-08-16 09:59:07,99.7900,15
2018-08-16 09:59:08,99.7900,15
2018-08-16 09:59:11,99.7900,15
2018-08-16 09:59:13,99.7600,31
2018-08-16 09:59:14,99.8300,75
2018-08-16 09:59:15,99.8300,75
2018-08-16 09:59:16,99.8300,75
2018-08-16 09:59:18,99.8300,75
2018-08-16 09:59:21,99.8300,75
2018-08-16 09:59:24,99.8300,75
2018-08-16 09:59:25,99.8800,33
2018-08-16 09:59:27,99.8800,116
2018-08-16 09:59:28,99.9000,9
2018-08-16 09:59:30,99.8600,93
2018-08-16 09:59:31,99.8600,93
2018-08-16 09:59:32,99.8600,70
2018-08-16 09:59:33,99.8600,70
2018-08-16 09:59:34,99.8600,70
2018-08-16 09:59:36,99.8600,70
2018-08-16 09:59:37,99.9000,6
2018-08-16 09:59:38,99.9000,6
2018-08-16 09:59:40,99.8600,14
2018-08-16 09:59:41,99.8600,14
2018-08-16 09:59:42,99.8600,14
2018-08-16 09:59:45,99.8600,14
2018-08-16 09:59:46,99.7600,91
2018-08-16 09:59:47,99.7600,91
2018-08-16 09:59:48,99.7600,91
2018-08-16 09:59:51,99.7600,4
2018-08-16 09:59:52,99.7900,24
2018-08-16 09:59:53,99.9000,33
2018-08-16 09:59:54,99.9000,33
2018-08-16 09:59:56,99.9000,33
2018-08-16 09:59:57,99.9000,54
2018-08-16 09:59:58,99.8500,30
2018-08-16 10:00:01,99.8500,30
2018-08-16 10:00:03,99.8500,30
2018-08-16 10:00:04,99.9500,12
2018-08-16 10:00:06,99.9500,12
2018-08-16 10:00:07,99.9500,12
2018-08-16 10:00:11,99.9500,12
2018-08-16 10:00:15,99.9500,12
2018-08-16 10:00:18,99.9500,80
2018-08-16 10:00:21,99.9900,41
2018-08-16 10:00:22,99.9900,41
2018-08-16 10:00:24,99.8500,31
2018-08-16 10:00:26,99.8500,31
2018-08-16 10:00:28,99.8500,31
2018-08-16 10:00:29,99.8500,31
2018-08-16 10:00:30,99.8500,14
2018-08-16 10:00:32,99.8400,20
2018-08-16 10:00:33,99.8400,20
2018-08-16 10:00:34,99.8400,6
2018-08-16 10:00:35,99.8600,118
2018-08-16 10:00:36,99.8900,10
2018-08-16 10:00:37,99.8900,10
2018-08-16 10:00:38,99.8900,10
2018-08-16 10:00:39,99.8900,10
2018-08-16 10:00:40,99.8900,10
2018-08-16 10:00:41,99.8900,10
2018-08-16 10:00:42,99.8500,46
2018-08-16 10:00:43,99.8500,46
2018-08-16 10:00:44,99.8900,40
2018-08-16 10:00:45,99.8900,42
2018-08-16 10:00:46,99.9300,57
2018-08-16 10:00:48,99.9300,57
2018-08-16 10:00:49,99.9400,46
2018-08-16 10:00:51,99.9000,33
2018-08-16 10:00:52,99.9000,33
2018-08-16 10:00:53,99.9000,33
2018-08-16 10:00:55,99.9000,33
2018-08-16 10:00:56,99.9000,48
2018-08-16 10:00:58,99.9000,48
2018-08-16 10:00:59,99.9000,52
2018-08-16 10:01:01,99.9000,52
2018-08-16 10:01:02,99.9400,25
2018-08-16 10:01:04,99.9700,13
2018-08-16 10:01:05,99.9700,13
2018-08-16 10:01:06,99.9700,13
2018-08-16 10:01:07,99.9300,42
2018-08-16 10:01:08,99.9300,42
2018-08-16 10:01:09,99.9100,9
2018-08-16 10:01:10,99.9100,9
2018-08-16 10:01:12,99.9100,9
2018-08-16 10:01:13,99.9100,9
2018-08-16 10:01:14,99.9000,8
2018-08-16 10:01:15,99.9200,105
2018-08-16 10:01:16,99.9000,64
2018-08-16 10:01:17,99.9300,33
2018-08-16 10:01:18,99.9600,2
2018-08-16 10:01:19,99.9700,1
2018-08-16 10:01:21,99.9700,1
2018-08-16 10:01:23,99.9500,53
2018-08-16 10:01:24,99.9500,53
2018-08-16 10:01:25,99.9500,53
2018-08-16 10:01:26,99.9500,53
2018-08-16 10:01:28,99.9500,53
2018-08-16 10:01:29,99.9500,53
2018-08-16 10:01:33,99.9500,31
2018-08-16 10:01:36,99.9500,14
2018-08-16 10:01:37,99.9500,14
2018-08-16 10:01:38,99.9500,14
2018-08-16 10:01:39,99.9100,10
2018-08-16 10:01:41,99.9100,10
2018-08-16 10:01:42,99.9200,3
2018-08-16 10:01:43,99.9100,53
2018-08-16 10:01:44,99.8800,12
2018-08-16 10:01:45,99.8600,12
2018-08-16 10:01:46,99.8400,120
2018-08-16 10:01:47,99.8300,27
2018-08-16 10:01:48,99.8300,14
2018-08-16 10:01:53,99.8300,14
2018-08-16 10:01:55,99.7900,43
2018-08-16 10:01:57,99.7900,101
2018-08-16 10:01:58,99.7900,101
2018-08-16 10:01:59,99.7900,27
2018-08-16 10:02:00,99.7800,13
2018-08-16 10:02:01,99.7800,13
2018-08-16 10:02:02,99.7800,13
2018-08-16 10:02:03,99.7800,13
2018-08-16 10:02:04,99.8000,14
2018-08-16 10:02:05,99.8000,14
2018-08-16 10:02:06,99.7900,16
2018-08-16 10:02:07,99.8000,39
2018-08-16 10:02:08,99.8000,43
2018-08-16 10:02:09,99.8000,46
2018-08-16 10:02:11,99.8000,46
2018-08-16 10:02:13,99.8000,35
2018-08-16 10:02:14,99.7700,2
2018-08-16 10:02:15,99.7300,33
2018-08-16 10:02:16,99.7300,33
2018-08-16 10:02:17,99.7300,33
2018-08-16 10:02:18,99.7300,33
2018-08-16 10:02:19,99.7400,54
2018-08-16 10:02:21,99.7400,36
2018-08-16 10:02:23,99.7600,31
2018-08-16 10:02:24,99.7600,31
2018-08-16 10:02:26,99.7200,112
2018-08-16 10:02:27,99.7200,112
2018-08-16 10:02:28,99.7600,8
2018-08-16 10:02:31,99.7600,8
2018-08-16 10:02:35,99.8000,4
2018-08-16 10:02:36,99.8000,4
2018-08-16 10:02:37,99.8100,8
2018-08-16 10:02:38,99.8100,8
2018-08-16 10:02:40,99.7400,6
2018-08-16 10:02:41,99.7200,3
2018-08-16 10:02:43,99.7400,59
2018-08-16 10:02:45,99.7500,22
2018-08-16 10:02:46,99.7500,22
2018-08-16 10:02:47,99.7200,18
2018-08-16 10:02:48,99.7200,9
2018-08-16 10:02:49,99.7200,17
2018-08-16 10:02:50,99.7200,17
2018-08-16 10:02:51,99.7200,17
2018-08-16 10:02:53,99.7100,77
2018-08-16 10:02:55,99.7100,77
2018-08-16 10:02:56,99.7100,30
2018-08-16 10:02:58,99.6700,70
2018-08-16 10:03:04,99.6700,70
2018-08-16 10:03:05,99.6700,70
2018-08-16 10:03:09,99.6700,70
2018-08-16 10:03:10,99.6700,70
2018-08-16 10:03:11,99.7200,142
2018-08-16 10:03:13,99.7600,98
2018-08-16 10:03:17,99.7300,13
2018-08-16 10:03:18,99.7300,2
2018-08-16 10:03:20,99.7200,38
2018-08-16 10:03:24,99.6700,1
2018-08-16 10:03:27,99.6700,1
2018-08-16 10:03:28,99.6700,1
2018-08-16 10:03:31,99.7100,30
2018-08-16 10:03:33,99.7100,30
2018-08-16 10:03:34,99.7100,3
2018-08-16 10:03:36,99.7500,18
2018-08-16 10:03:38,99.7900,29
2018-08-16 10:03:39,99.7700,28
2018-08-16 10:03:43,99.6700,78
2018-08-16 10:03:44,99.6700,78
2018-08-16 10:03:45,99.6800,115
2018-08-16 10:03:47,99.6800,115
2018-08-16 10:03:48,99.6800,115
2018-08-16 10:03:50,99.6400,88
2018-08-16 10:03:51,99.6400,88
2018-08-16 10:03:52,99.6400,88
2018-08-16 10:03:53,99.6800,15
2018-08-16 10:03:57,99.7900,87
2018-08-16 10:03:58,99.7000,3
2018-08-16 10:03:59,99.7000,3
2018-08-16 10:04:00,99.7000,3
2018-08-16 10:04:01,99.7900,18
2018-08-16 10:04:02,99.7900,119
2018-08-16 10:04:03,99.7900,119
2018-08-16 10:04:04,99.7900,119
2018-08-16 10:04:06,99.7900,119
2018-08-16 10:04:08,99.7900,119
2018-08-16 10:04:09,99.8600,85
2018-08-16 10:04:10,99.8100,76
2018-08-16 10:04:11,99.8100,76
2018-08-16 10:04:13,99.8100,76
2018-08-16 10:04:15,99.8600,19
2018-08-16 10:04:16,99.8600,37
2018-08-16 10:04:18,99.8600,37
2018-08-16 10:04:19,99.8600,37
2018-08-16 10:04:21,99.8600,15
2018-08-16 10:04:23,99.8600,15
2018-08-16 10:04:25,99.8700,28
2018-08-16 10:04:27,99.8700,28
2018-08-16 10:04:28,99.8800,38
2018-08-16 10:04:29,99.8800,4
2018-08-16 10:04:30,99.8100,14
2018-08-16 10:04:31,99.8900,4
2018-08-16 10:04:32,99.9200,11
2018-08-16 10:04:33,99.9200,11
2018-08-16 10:04:35,99.9200,11
2018-08-16 10:04:36,99.9200,11
2018-08-16 10:04:38,99.9200,11
2018-08-16 10:04:41,99.9000,55
2018-08-16 10:04:43,99.9000,55
2018-08-16 10:04:44,99.8800,102
2018-08-16 10:04:45,99.8800,102
2018-08-16 10:04:47,99.8800,102
2018-08-16 10:04:48,99.8800,102
2018-08-16 10:04:49,99.8800,16
2018-08-16 10:04:51,99.9000,62
2018-08-16 10:04:52,99.8700,10
2018-08-16 10:04:53,99.8400,6
2018-08-16 10:04:54,99.8800,13
2018-08-16 10:04:55,99.8400,81
2018-08-16 10:04:56,99.8400,81
2018-08-16 10:04:58,99.8400,81
2018-08-16 10:04:59,99.8900,157
2018-08-16 10:05:00,99.8900,157
2018-08-16 10:05:01,99.8900,157
2018-08-16 10:05:02,99.8900,157
2018-08-16 10:05:04,99.8900,157
2018-08-16 10:05:05,99.9100,1
2018-08-16 10:05:06,99.9200,66
2018-08-16 10:05:07,99.9200,66
2018-08-16 10:05:08,99.9200,66
2018-08-16 10:05:09,99.8800,118
2018-08-16 10:05:12,99.8800,16
2018-08-16 10:05:13,99.8800,31
2018-08-16 10:05:16,99.8500,10
2018-08-16 10:05:17,99.8500,10
2018-08-16 10:05:18,99.8300,31
2018-08-16 10:05:19,99.8300,49
2018-08-16 10:05:20,99.8300,49
2018-08-16 10:05:21,99.8300,49
2018-08-16 10:05:22,99.8500,49
2018-08-16 10:05:23,99.8500,49
2018-08-16 10:05:25,99.9300,7
2018-08-16 10:05:26,99.9300,7
2018-08-16 10:05:29,99.9300,7
2018-08-16 10:05:33,99.8300,44
2018-08-16 10:05:34,99.8300,46
2018-08-16 10:05:35,99.8300,10
2018-08-16 10:05:38,99.8300,10
2018-08-16 10:05:39,99.9600,15
2018-08-16 10:05:41,99.9200,18
2018-08-16 10:05:43,99.9200,18
2018-08-16 10:05:44,99.9200,18
2018-08-16 10:05:45,99.9200,27
2018-08-16 10:05:46,99.9200,27
2018-08-16 10:05:47,99.8900,9
2018-08-16 10:05:48,99.8900,9
2018-08-16 10:05:51,99.8300,35
2018-08-16 10:05:52,99.8400,42
2018-08-16 10:05:54,99.8200,7
2018-08-16 10:05:55,99.8400,7
2018-08-16 10:05:56,99.8400,7
2018-08-16 10:05:57,99.9200,37
2018-08-16 10:05:59,99.9000,7
2018-08-16 10:06:01,99.7800,14
2018-08-16 10:06:02,99.7700,17
2018-08-16 10:06:03,99.7700,17
2018-08-16 10:06:05,99.7700,17
2018-08-16 10:06:08,99.7700,17
2018-08-16 10:06:10,99.8000,16
2018-08-16 10:06:11,99.8000,16
2018-08-16 10:06:13,99.8000,7
2018-08-16 10:06:14,99.8000,7
2018-08-16 10:06:15,99.8000,7
2018-08-16 10:06:16,99.8000,7
2018-08-16 10:06:19,99.8500,30
2018-08-16 10:06:20,99.8500,24
2018-08-16 10:06:22,99.8500,24
2018-08-16 10:06:24,99.8500,24
2018-08-16 10:06:25,99.8800,62
2018-08-16 10:06:26,99.7600,33
2018-08-16 10:06:30,99.7600,33
2018-08-16 10:06:32,99.7600,33
2018-08-16 10:06:33,99.9000,26
2018-08-16 10:06:34,99.9000,26
2018-08-16 10:06:35,99.8500,9
2018-08-16 10:06:36,99.9000,70
2018-08-16 10:06:38,99.9400,66
2018-08-16 10:06:40,99.9100,2
2018-08-16 10:06:41,99.9100,2
2018-08-16 10:06:42,99.9100,2
2018-08-16 10:06:43,99.9100,2
2018-08-16 10:06:44,99.9100,2
2018-08-16 10:06:48,99.9100,2
2018-08-16 10:06:50,99.8600,27
2018-08-16 10:06:53,99.8600,17
2018-08-16 10:06:54,99.8600,17
2018-08-16 10:06:57,99.8600,17
2018-08-16 10:06:58,99.8600,17
2018-08-16 10:07:02,99.9200,64
2018-08-16 10:07:03,99.9300,17
2018-08-16 10:07:04,99.9300,17
2018-08-16 10:07:05,99.9300,17
2018-08-16 10:07:06,99.9300,65
2018-08-16 10:07:07,99.9400,86
2018-08-16 10:07:08,99.9400,21
2018-08-16 10:07:10,99.9400,21
2018-08-16 10:07:11,99.9400,21
2018-08-16 10:07:13,99.9400,21
2018-08-16 10:07:14,99.9700,26
2018-08-16 10:07:16,99.9700,26
2018-08-16 10:07:18,100.0000,32
2018-08-16 10:07:19,100.0000,40
2018-08-16 10:07:21,100.0100,23
2018-08-16 10:07:22,100.0100,23
2018-08-16 10:07:23,100.0100,16
2018-08-16 10:07:24,99.9900,14
2018-08-16 10:07:25,99.9900,14
2018-08-16 10:07:26,99.9900,14
2018-08-16 10:07:27,100.0800,20
2018-08-16 10:07:28,99.9900,7
2018-08-16 10:07:30,99.9900,43
2018-08-16 10:07:31,99.9900,25
2018-08-16 10:07:33,99.9900,25
2018-08-16 10:07:34,100.0400,34
2018-08-16 10:07:35,100.0400,59
2018-08-16 10:07:37,100.0400,59
2018-08-16 10:07:39,100.0400,59
2018-08-16 10:07:41,100.0400,59
2018-08-16 10:07:44,100.0400,59
2018-08-16 10:07:48,100.0400,59
2018-08-16 10:07:49,100.1000,19
2018-08-16 10:07:50,100.1000,19
2018-08-16 10:07:51,100.1300,66
2018-08-16 10:07:52,100.1300,9
2018-08-16 10:07:53,100.0700,84
2018-08-16 10:07:54,100.0700,84
2018-08-16 10:07:57,99.9900,5
2018-08-16 10:07:59,99.9900,5
2018-08-16 10:08:00,100.0700,23
2018-08-16 10:08:02,100.0000,36
2018-08-16 10:08:03,100.0000,36
2018-08-16 10:08:08,100.0600,74
2018-08-16 10:08:09,100.0300,54
2018-08-16 10:08:10,100.0600,62
2018-08-16 10:08:12,100.1200,12
2018-08-16 10:08:13,100.1200,12
2018-08-16 10:08:14,100.1200,12
2018-08-16 10:08:17,100.0200,2
2018-08-16 10:08:18,100.0200,2
2018-08-16 10:08:19,100.0300,10
2018-08-16 10:08:20,100.0300,4
2018-08-16 10:08:21,100.0300,4
2018-08-16 10:08:22,100.0300,4
2018-08-16 10:08:23,100.0300,4
2018-08-16 10:08:25,100.0200,3
2018-08-16 10:08:26,100.0200,7
2018-08-16 10:08:28,100.0200,7
2018-08-16 10:08:29,100.0300,6
2018-08-16 10:08:30,100.0300,6
2018-08-16 10:08:31,100.0700,52
2018-08-16 10:08:32,100.0700,52
2018-08-16 10:08:33,100.0500,22
2018-08-16 10:08:34,100.0700,30
2018-08-16 10:08:35,100.0700,30
2018-08-16 10:08:36,100.0300,11
2018-08-16 10:08:37,100.0300,11
2018-08-16 10:08:38,100.1100,64
2018-08-16 10:08:39,100.1100,53
2018-08-16 10:08:40,100.1100,53
2018-08-16 10:08:41,100.1100,53
2018-08-16 10:08:42,100.1100,32
2018-08-16 10:08:43,100.1100,32
2018-08-16 10:08:45,100.1100,32
2018-08-16 10:08:48,100.0400,24
2018-08-16 10:08:50,100.0700,27
2018-08-16 10:08:51,100.0700,27
2018-08-16 10:08:53,100.1300,39
2018-08-16 10:08:55,100.1300,48
2018-08-16 10:08:56,100.1400,2
2018-08-16 10:08:57,100.1100,22
2018-08-16 10:08:58,100.0300,7
2018-08-16 10:08:59,100.0300,7
2018-08-16 10:09:00,100.0300,7
2018-08-16 10:09:02,100.0300,4
2018-08-16 10:09:03,100.0300,40
2018-08-16 10:09:04,100.0300,39
2018-08-16 10:09:05,100.0300,39
2018-08-16 10:09:09,100.0300,39
2018-08-16 10:09:11,100.0300,39
2018-08-16 10:09:18,100.0300,39
2018-08-16 10:09:19,100.1000,176
2018-08-16 10:09:21,100.1000,176
2018-08-16 10:09:23,100.1000,176
2018-08-16 10:09:24,100.1000,19
2018-08-16 10:09:26,100.0800,55
2018-08-16 10:09:27,100.1300,23
2018-08-16 10:09:29,100.1300,23
2018-08-16 10:09:30,100.1100,30
2018-08-16 10:09:31,100.1100,66
2018-08-16 10:09:34,100.1300,13
2018-08-16 10:09:35,100.1100,16
2018-08-16 10:09:36,100.0800,103
2018-08-16 10:09:37,100.0800,103
2018-08-16 10:09:38,100.1200,34
2018-08-16 10:09:39,100.1300,8
2018-08-16 10:09:41,100.1100,30
2018-08-16 10:09:42,100.0100,41
2018-08-16 10:09:44,100.0300,21
2018-08-16 10:09:45,100.0800,80
2018-08-16 10:09:46,100.1100,43
2018-08-16 10:09:49,100.1400,46
2018-08-16 10:09:51,100.0600,26
2018-08-16 10:09:52,100.0100,49
2018-08-16 10:09:54,100.0100,49
2018-08-16 10:09:59,100.0700,71
2018-08-16 10:10:00,100.0700,71
2018-08-16 10:10:03,100.0700,71
2018-08-16 10:10:04,100.1400,26
2018-08-16 10:10:05,100.1600,90
2018-08-16 10:10:07,100.1600,90
2018-08-16 10:10:08,100.1600,3
2018-08-16 10:10:09,100.1600,11
2018-08-16 10:10:11,100.1600,11
2018-08-16 10:10:12,100.1600,11
2018-08-16 10:10:13,100.1600,11
2018-08-16 10:10:17,100.0900,43
2018-08-16 10:10:18,100.0900,43
2018-08-16 10:10:21,100.1900,12
2018-08-16 10:10:22,100.1900,12
2018-08-16 10:10:24,100.1200,24
2018-08-16 10:10:25,100.1200,24
2018-08-16 10:10:27,100.1000,5
2018-08-16 10:10:29,100.1000,1
2018-08-16 10:10:31,100.1000,1
2018-08-16 10:10:32,100.1000,1
2018-08-16 10:10:34,100.1000,1
2018-08-16 10:10:35,100.1000,18
2018-08-16 10:10:38,100.0900,29
2018-08-16 10:10:39,100.0900,29
2018-08-16 10:10:40,100.1100,37
2018-08-16 10:10:41,100.1100,37
2018-08-16 10:10:43,100.1100,37
2018-08-16 10:10:44,100.1100,37
2018-08-16 10:10:46,100.1300,22
2018-08-16 10:10:49,100.1300,31
2018-08-16 10:10:50,100.1300,31
2018-08-16 10:10:51,100.1100,28
2018-08-16 10:10:52,100.1100,28
2018-08-16 10:10:53,100.1500,19
2018-08-16 10:10:54,100.1600,11
2018-08-16 10:10:56,100.1100,35
2018-08-16 10:10:57,100.0900,33
2018-08-16 10:11:00,100.1500,16
2018-08-16 10:11:02,100.1500,16
2018-08-16 10:11:03,100.1100,20
2018-08-16 10:11:04,100.0800,22
2018-08-16 10:11:05,100.1900,13
2018-08-16 10:11:06,100.1900,13
2018-08-16 10:11:07,100.1900,13
2018-08-16 10:11:08,100.1900,13
2018-08-16 10:11:09,100.1900,13
2018-08-16 10:11:10,100.1900,13
2018-08-16 10:11:11,100.1900,13
2018-08-16 10:11:13,100.1900,13
2018-08-16 10:11:15,100.1900,13
2018-08-16 10:11:17,100.1900,13
2018-08-16 10:11:19,100.1200,86
2018-08-16 10:11:20,100.1500,37
2018-08-16 10:11:21,100.1500,37
2018-08-16 10:11:22,100.1500,37
2018-08-16 10:11:24,100.1500,37
2018-08-16 10:11:25,100.1500,37
2018-08-16 10:11:28,100.1700,104
2018-08-16 10:11:29,100.1700,104
2018-08-16 10:11:30,100.1700,104
2018-08-16 10:11:33,100.0600,17
2018-08-16 10:11:35,100.0400,1
2018-08-16 10:11:39,100.0300,7
2018-08-16 10:11:43,100.0600,29
2018-08-16 10:11:44,100.0600,29
2018-08-16 10:11:45,100.0600,29
2018-08-16 10:11:46,100.0400,7
2018-08-16 10:11:47,100.0300,65
2018-08-16 10:11:49,100.0300,59
2018-08-16 10:11:50,99.9700,51
2018-08-16 10:11:52,99.9700,19
2018-08-16 10:11:53,99.9100,31
2018-08-16 10:11:54,99.9100,31
2018-08-16 10:11:55,99.9100,31
2018-08-16 10:11:57,99.9100,31
2018-08-16 10:11:58,99.9400,12
2018-08-16 10:12:01,99.9400,12
2018-08-16 10:12:02,99.9800,3
2018-08-16 10:12:05,99.9800,3
2018-08-16 10:12:07,99.9800,33
2018-08-16 10:12:08,100.0000,69
2018-08-16 10:12:09,99.9900,25
2018-08-16 10:12:10,99.9700,20
2018-08-16 10:12:11,100.0100,5
2018-08-16 10:12:13,99.9800,71
2018-08-16 10:12:14,99.9800,71
2018-08-16 10:12:15,99.9800,71
2018-08-16 10:12:16,99.9600,24
2018-08-16 10:12:17,99.9100,14
2018-08-16 10:12:18,99.9100,14
2018-08-16 10:12:19,99.9100,123
2018-08-16 10:12:20,99.9100,123
2018-08-16 10:12:24,99.9100,123
2018-08-16 10:12:25,99.9100,57
2018-08-16 10:12:26,99.8700,11
2018-08-16 10:12:29,99.8700,11
2018-08-16 10:12:30,99.8500,5
2018-08-16 10:12:31,99.8500,5
2018-08-16 10:12:34,99.8500,5
2018-08-16 10:12:35,99.8500,5
2018-08-16 10:12:36,99.8500,5
2018-08-16 10:12:37,99.8700,19
2018-08-16 10:12:38,99.9000,77
2018-08-16 10:12:39,99.9000,40
2018-08-16 10:12:42,99.9800,1
2018-08-16 10:12:44,99.9800,1
2018-08-16 10:12:45,99.9000,19
2018-08-16 10:12:46,99.8600,47
2018-08-16 10:12:49,99.8600,47
2018-08-16 10:12:50,99.8600,47
2018-08-16 10:12:51,99.9600,35
2018-08-16 10:12:52,99.9600,2
2018-08-16 10:12:55,99.9700,5
2018-08-16 10:12:57,99.9700,5
2018-08-16 10:12:58,99.9700,39
2018-08-16 10:13:00,99.9700,39
2018-08-16 10:13:01,99.9700,43
2018-08-16 10:13:02,99.9800,26
2018-08-16 10:13:04,99.9600,33
2018-08-16 10:13:05,99.9600,33
2018-08-16 10:13:07,99.9600,8
2018-08-16 10:13:08,99.9600,8
2018-08-16 10:13:10,99.9600,8
2018-08-16 10:13:11,99.9600,8
2018-08-16 10:13:13,99.9600,8
2018-08-16 10:13:15,99.9600,8
2018-08-16 10:13:16,99.9600,8
2018-08-16 10:13:17,99.9600,8
2018-08-16 10:13:18,99.9600,8
2018-08-16 10:13:19,99.9600,8
2018-08-16 10:13:20,99.9700,8
2018-08-16 10:13:21,99.9700,8
2018-08-16 10:13:22,99.9700,74
2018-08-16 10:13:23,99.9700,74
2018-08-16 10:13:24,99.9700,74
2018-08-16 10:13:25,99.9700,8
2018-08-16 10:13:26,99.9700,17
2018-08-16 10:13:28,99.9700,13
2018-08-16 10:13:30,99.9700,13
2018-08-16 10:13:31,99.8600,4
2018-08-16 10:13:32,99.8600,4
2018-08-16 10:13:33,99.8600,4
2018-08-16 10:13:35,99.8600,4
2018-08-16 10:13:36,99.9300,3
2018-08-16 10:13:37,99.9300,3
2018-08-16 10:13:39,99.9300,20
2018-08-16 10:13:40,100.0000,31
2018-08-16 10:13:43,100.0000,67
2018-08-16 10:13:44,100.0200,40
2018-08-16 10:13:45,100.0200,4
2018-08-16 10:13:46,100.0500,1
2018-08-16 10:13:49,100.0500,1
2018-08-16 10:13:50,100.0500,1
2018-08-16 10:13:52,100.0500,1
2018-08-16 10:13:58,100.0500,1
2018-08-16 10:13:59,100.0500,1
2018-08-16 10:14:00,100.0500,1
2018-08-16 10:14:01,100.0500,1
2018-08-16 10:14:04,100.0500,1
2018-08-16 10:14:05,100.0500,1
2018-08-16 10:14:06,100.0500,1
2018-08-16 10:14:07,100.0700,18
2018-08-16 10:14:08,100.0100,49
2018-08-16 10:14:12,100.0100,1
2018-08-16 10:14:14,100.1000,28
2018-08-16 10:14:15,100.1000,28
2018-08-16 10:14:16,100.0200,36
2018-08-16 10:14:17,99.9300,46
2018-08-16 10:14:18,99.9800,50
2018-08-16 10:14:19,99.9800,37
2018-08-16 10:14:20,99.9900,32
2018-08-16 10:14:21,100.0400,79
2018-08-16 10:14:25,100.0400,79
2018-08-16 10:14:26,100.0900,39
2018-08-16 10:14:27,100.0900,39
2018-08-16 10:14:29,100.1500,38
2018-08-16 10:14:30,100.1500,38
2018-08-16 10:14:31,100.1500,38
2018-08-16 10:14:34,100.1100,40
2018-08-16 10:14:35,100.1100,40
2018-08-16 10:14:36,100.1100,17
2018-08-16 10:14:37,100.1100,17
2018-08-16 10:14:40,100.1600,20
2018-08-16 10:14:43,100.1600,20
2018-08-16 10:14:44,100.1600,20
2018-08-16 10:14:45,100.1600,20
2018-08-16 10:14:46,100.1600,139
2018-08-16 10:14:48,100.1600,139
2018-08-16 10:14:49,100.1600,139
2018-08-16 10:14:51,100.1100,30
2018-08-16 10:14:52,100.1100,30
2018-08-16 10:14:53,100.1100,30
2018-08-16 10:14:55,100.1100,30
2018-08-16 10:14:58,100.1200,7
2018-08-16 10:14:59,100.1400,35
2018-08-16 10:15:00,100.1400,35
2018-08-16 10:15:02,100.1700,41
2018-08-16 10:15:03,100.1500,42
2018-08-16 10:15:04,100.1500,42
2018-08-16 10:15:05,100.1500,42
2018-08-16 10:15:06,100.1600,19
2018-08-16 10:15:07,100.1100,17
2018-08-16 10:15:08,100.1100,17
2018-08-16 10:15:10,100.1100,17
2018-08-16 10:15:11,100.1600,50
2018-08-16 10:15:14,100.1600,50
2018-08-16 10:15:15,100.1600,50
2018-08-16 10:15:20,100.1600,81
2018-08-16 10:15:21,100.1600,81
2018-08-16 10:15:22,100.0800,14
2018-08-16 10:15:23,100.0800,23
2018-08-16 10:15:25,100.0800,82
2018-08-16 10:15:26,100.0800,82
2018-08-16 10:15:28,100.0800,82
2018-08-16 10:15:29,100.0500,44
2018-08-16 10:15:30,100.0500,44
2018-08-16 10:15:31,100.0600,30
2018-08-16 10:15:33,100.0400,59
2018-08-16 10:15:35,100.1100,73
2018-08-16 10:15:36,100.0400,1
2018-08-16 10:15:37,100.0600,7
2018-08-16 10:15:38,100.0600,99
2018-08-16 10:15:40,100.0600,99
2018-08-16 10:15:41,100.1000,14
2018-08-16 10:15:44,100.1000,14
2018-08-16 10:15:45,100.1000,14
2018-08-16 10:15:47,100.0700,52
2018-08-16 10:15:52,100.1000,59
2018-08-16 10:15:55,100.1000,17
2018-08-16 10:15:56,100.1000,13
2018-08-16 10:15:57,100.1000,53
2018-08-16 10:15:58,100.1000,35
2018-08-16 10:16:00,100.1200,118
2018-08-16 10:16:01,100.1300,41
2018-08-16 10:16:02,100.1700,18
2018-08-16 10:16:03,100.1800,73
2018-08-16 10:16:04,100.1800,73
2018-08-16 10:16:07,100.1900,37
2018-08-16 10:16:09,100.1800,60
2018-08-16 10:16:10,100.1800,29
2018-08-16 10:16:11,100.1800,29
2018-08-16 10:16:12,100.1800,29
2018-08-16 10:16:13,100.1800,29
2018-08-16 10:16:15,100.1800,29
2018-08-16 10:16:16,100.1800,29
2018-08-16 10:16:17,100.1200,81
2018-08-16 10:16:18,100.0900,41
2018-08-16 10:16:20,100.0900,41
2018-08-16 10:16:21,100.0900,41
2018-08-16 10:16:22,100.1100,49
2018-08-16 10:16:24,100.0900,38
2018-08-16 10:16:25,100.0900,38
2018-08-16 10:16:26,100.0900,38
2018-08-16 10:16:27,100.0900,28
2018-08-16 10:16:28,100.0900,91
2018-08-16 10:16:29,100.1200,47
2018-08-16 10:16:30,100.1200,47
2018-08-16 10:16:33,100.1200,12
2018-08-16 10:16:34,100.0700,11
2018-08-16 10:16:35,100.0700,11
2018-08-16 10:16:36,100.0700,11
2018-08-16 10:16:37,100.0700,11
2018-08-16 10:16:40,100.0700,11
2018-08-16 10:16:41,100.0700,11
2018-08-16 10:16:46,100.0700,162
2018-08-16 10:16:47,100.0700,162
2018-08-16 10:16:49,100.1000,69
2018-08-16 10:16:50,100.1100,6
2018-08-16 10:16:53,100.1800,6
2018-08-16 10:16:54,100.1800,6
2018-08-16 10:16:55,100.1800,6
2018-08-16 10:16:56,100.1800,6
2018-08-16 10:16:57,100.1200,26
2018-08-16 10:16:59,100.1200,26
2018-08-16 10:17:00,100.1200,26
2018-08-16 10:17:03,100.1200,26
2018-08-16 10:17:04,100.0800,32
2018-08-16 10:17:05,100.0800,32
2018-08-16 10:17:06,100.0800,32
2018-08-16 10:17:08,100.0800,32
2018-08-16 10:17:10,100.0800,32
2018-08-16 10:17:12,100.1100,44
2018-08-16 10:17:13,100.1600,26
2018-08-16 10:17:14,100.1600,26
2018-08-16 10:17:15,100.1600,26
2018-08-16 10:17:16,100.1800,17
2018-08-16 10:17:17,100.1700,62
2018-08-16 10:17:18,100.1700,62
2018-08-16 10:17:20,100.1700,62
2018-08-16 10:17:21,100.2100,9
2018-08-16 10:17:22,100.2100,18
2018-08-16 10:17:23,100.1700,70
2018-08-16 10:17:24,100.1700,70
2018-08-16 10:17:25,100.2100,2
2018-08-16 10:17:26,100.2200,111
2018-08-16 10:17:28,100.2200,2
2018-08-16 10:17:29,100.1700,14
2018-08-16 10:17:30,100.1600,16
2018-08-16 10:17:31,100.1300,137
2018-08-16 10:17:34,100.2100,38
2018-08-16 10:17:35,100.2100,38
2018-08-16 10:17:37,100.2100,38
2018-08-16 10:17:40,100.2100,38
2018-08-16 10:17:41,100.2100,38
2018-08-16 10:17:42,100.2100,38
2018-08-16 10:17:45,100.2100,38
2018-08-16 10:17:48,100.1700,129
2018-08-16 10:17:49,100.1100,37
2018-08-16 10:17:50,100.1000,48
2018-08-16 10:17:51,100.1400,10
2018-08-16 10:17:55,100.1400,10
2018-08-16 10:17:56,100.1000,66
2018-08-16 10:17:57,100.1000,66
2018-08-16 10:17:58,100.1000,66
2018-08-16 10:17:59,100.1000,1
2018-08-16 10:18:00,100.0800,75
2018-08-16 10:18:03,100.0800,75
2018-08-16 10:18:04,100.0800,75
2018-08-16 10:18:05,100.0800,75
2018-08-16 10:18:06,100.0800,75
2018-08-16 10:18:08,100.1600,8
2018-08-16 10:18:10,100.2500,34
2018-08-16 10:18:11,100.2600,40
2018-08-16 10:18:12,100.2500,19
2018-08-16 10:18:13,100.2700,111
2018-08-16 10:18:14,100.2700,111
2018-08-16 10:18:15,100.2700,111
2018-08-16 10:18:16,100.2500,23
2018-08-16 10:18:18,100.2700,24
2018-08-16 10:18:20,100.2700,24
2018-08-16 10:18:21,100.2700,51
2018-08-16 10:18:24,100.2900,54
2018-08-16 10:18:25,100.2300,79
2018-08-16 10:18:27,100.2300,9
2018-08-16 10:18:28,100.2500,13
2018-08-16 10:18:29,100.2900,45
2018-08-16 10:18:30,100.2300,83
2018-08-16 10:18:31,100.2300,77
2018-08-16 10:18:33,100.2200,10
2018-08-16 10:18:34,100.2200,10
2018-08-16 10:18:35,100.2200,10
2018-08-16 10:18:36,100.3100,15
2018-08-16 10:18:38,100.3200,93
2018-08-16 10:18:39,100.2900,18
2018-08-16 10:18:42,100.2900,18
2018-08-16 10:18:44,100.3300,35
2018-08-16 10:18:45,100.3400,87
2018-08-16 10:18:46,100.3500,19
2018-08-16 10:18:47,100.3500,19
2018-08-16 10:18:48,100.4000,29
2018-08-16 10:18:49,100.3400,19
2018-08-16 10:18:50,100.3400,19
2018-08-16 10:18:53,100.3400,19
2018-08-16 10:18:54,100.3400,19
2018-08-16 10:18:55,100.3200,79
2018-08-16 10:18:56,100.3000,9
2018-08-16 10:18:59,100.3100,8
2018-08-16 10:19:00,100.3200,52
2018-08-16 10:19:01,100.3200,13
2018-08-16 10:19:02,100.3200,13
2018-08-16 10:19:04,100.3200,13
2018-08-16 10:19:05,100.3200,23
2018-08-16 10:19:06,100.3200,11
2018-08-16 10:19:07,100.3000,107
2018-08-16 10:19:08,100.2900,2
2018-08-16 10:19:09,100.2900,5
2018-08-16 10:19:10,100.2900,73
2018-08-16 10:19:12,100.2700,24
2018-08-16 10:19:14,100.2700,24
2018-08-16 10:19:15,100.2700,24
2018-08-16 10:19:16,100.2800,5
2018-08-16 10:19:17,100.2800,5
2018-08-16 10:19:18,100.2800,5
2018-08-16 10:19:19,100.2800,5
2018-08-16 10:19:22,100.2800,5
2018-08-16 10:19:25,100.2800,5
2018-08-16 10:19:26,100.2800,5
2018-08-16 10:19:27,100.2800,5
2018-08-16 10:19:30,100.2800,5
2018-08-16 10:19:31,100.3300,33
2018-08-16 10:19:32,100.3400,80
2018-08-16 10:19:33,100.3900,34
2018-08-16 10:19:37,100.3900,3
2018-08-16 10:19:39,100.3800,3
2018-08-16 10:19:40,100.3800,39
2018-08-16 10:19:41,100.3800,8
2018-08-16 10:19:43,100.4100,109
2018-08-16 10:19:44,100.4500,55
2018-08-16 10:19:45,100.4500,55
2018-08-16 10:19:46,100.4200,25
2018-08-16 10:19:47,100.4200,25
2018-08-16 10:19:48,100.4200,25
2018-08-16 10:19:49,100.4500,12
2018-08-16 10:19:50,100.4200,3
2018-08-16 10:19:51,100.3400,88
2018-08-16 10:19:52,100.3900,10
2018-08-16 10:19:53,100.3900,10
2018-08-16 10:19:55,100.3900,10
2018-08-16 10:19:57,100.4400,33
2018-08-16 10:19:58,100.4300,33
2018-08-16 10:20:00,100.4300,33
2018-08-16 10:20:01,100.4300,12
2018-08-16 10:20:03,100.4300,12
2018-08-16 10:20:04,100.3600,65
2018-08-16 10:20:05,100.3600,114
2018-08-16 10:20:07,100.3600,114
2018-08-16 10:20:08,100.3100,17
2018-08-16 10:20:10,100.3000,102
2018-08-16 10:20:11,100.3000,102
2018-08-16 10:20:15,100.3000,102
2018-08-16 10:20:17,100.3500,51
2018-08-16 10:20:18,100.3500,51
2018-08-16 10:20:19,100.3500,51
2018-08-16 10:20:20,100.3500,51
2018-08-16 10:20:22,100.3000,16
2018-08-16 10:20:23,100.3300,16
2018-08-16 10:20:24,100.3400,92
2018-08-16 10:20:25,100.3400,92
2018-08-16 10:20:27,100.3400,27
2018-08-16 10:20:30,100.3000,42
2018-08-16 10:20:33,100.3000,18
2018-08-16 10:20:34,100.3000,18
2018-08-16 10:20:35,100.3000,18
2018-08-16 10:20:36,100.3000,18
2018-08-16 10:20:37,100.3000,18
2018-08-16 10:20:38,100.2800,6
2018-08-16 10:20:40,100.2800,6
2018-08-16 10:20:41,100.2800,73
2018-08-16 10:20:44,100.2800,73
2018-08-16 10:20:45,100.2500,6
2018-08-16 10:20:46,100.2500,6
2018-08-16 10:20:47,100.2500,6
2018-08-16 10:20:48,100.2800,24
2018-08-16 10:20:49,100.2500,60
2018-08-16 10:20:50,100.2500,35
2018-08-16 10:20:52,100.1600,39
2018-08-16 10:20:53,100.1600,39
2018-08-16 10:20:55,100.1600,39
2018-08-16 10:20:56,100.1600,39
2018-08-16 10:20:57,100.1600,39
2018-08-16 10:20:59,100.1800,6
2018-08-16 10:21:00,100.1800,6
2018-08-16 10:21:04,100.2100,67
2018-08-16 10:21:05,100.1800,38
2018-08-16 10:21:06,100.1800,38
2018-08-16 10:21:07,100.1800,44
2018-08-16 10:21:08,100.1800,44
2018-08-16 10:21:09,100.2900,12
2018-08-16 10:21:10,100.2900,12
2018-08-16 10:21:11,100.2900,12
2018-08-16 10:21:13,100.2900,12
2018-08-16 10:21:15,100.2900,12
2018-08-16 10:21:18,100.2900,12
2018-08-16 10:21:19,100.3100,12
2018-08-16 10:21:20,100.3100,87
2018-08-16 10:21:26,100.3300,23
2018-08-16 10:21:28,100.3300,23
2018-08-16 10:21:30,100.3300,23
2018-08-16 10:21:31,100.3300,57
2018-08-16 10:21:32,100.3300,57
2018-08-16 10:21:33,100.3300,57
2018-08-16 10:21:35,100.3300,57
2018-08-16 10:21:37,100.3100,8
2018-08-16 10:21:38,100.3100,8
2018-08-16 10:21:39,100.3100,8
2018-08-16 10:21:40,100.3100,38
2018-08-16 10:21:43,100.3000,20
2018-08-16 10:21:44,100.3000,20
2018-08-16 10:21:45,100.3000,20
2018-08-16 10:21:46,100.3100,16
2018-08-16 10:21:48,100.3100,16
2018-08-16 10:21:49,100.3100,47
2018-08-16 10:21:50,100.3300,8
2018-08-16 10:21:51,100.3400,8
2018-08-16 10:21:52,100.3300,48
2018-08-16 10:21:59,100.3000,32
2018-08-16 10:22:00,100.3000,32
2018-08-16 10:22:03,100.3000,1
2018-08-16 10:22:05,100.2800,50
2018-08-16 10:22:07,100.2800,50
2018-08-16 10:22:09,100.2800,50
2018-08-16 10:22:10,100.3400,79
2018-08-16 10:22:11,100.3400,79
2018-08-16 10:22:13,100.3400,79
2018-08-16 10:22:14,100.3400,26
2018-08-16 10:22:16,100.3400,78
2018-08-16 10:22:22,100.3400,78
2018-08-16 10:22:24,100.3400,78
2018-08-16 10:22:25,100.3400,78
2018-08-16 10:22:26,100.3400,98
2018-08-16 10:22:27,100.3400,37
2018-08-16 10:22:28,100.3400,37
2018-08-16 10:22:29,100.3400,37
2018-08-16 10:22:30,100.3400,37
2018-08-16 10:22:32,100.3400,37
2018-08-16 10:22:33,100.3100,1
2018-08-16 10:22:35,100.3400,8
2018-08-16 10:22:36,100.3400,8
2018-08-16 10:22:38,100.3300,57
2018-08-16 10:22:39,100.2600,56
2018-08-16 10:22:40,100.2400,2
2018-08-16 10:22:41,100.2600,6
2018-08-16 10:22:42,100.3600,15
2018-08-16 10:22:43,100.3600,15
2018-08-16 10:22:44,100.3600,15
2018-08-16 10:22:46,100.3300,12
2018-08-16 10:22:47,100.3600,33
2018-08-16 10:22:50,100.3700,16
2018-08-16 10:22:52,100.3400,32
2018-08-16 10:22:53,100.3400,32
2018-08-16 10:22:55,100.3400,32
2018-08-16 10:22:59,100.3400,2
2018-08-16 10:23:00,100.3400,2
2018-08-16 10:23:01,100.3400,2
2018-08-16 10:23:03,100.3400,2
2018-08-16 10:23:04,100.3400,2
2018-08-16 10:23:05,100.3400,2
2018-08-16 10:23:06,100.3400,2
2018-08-16 10:23:08,100.3400,2
2018-08-16 10:23:09,100.3400,2
2018-08-16 10:23:10,100.3900,82
2018-08-16 10:23:14,100.3600,38
2018-08-16 10:23:15,100.3600,38
2018-08-16 10:23:16,100.3400,47
2018-08-16 10:23:17,100.3000,51
2018-08-16 10:23:18,100.3000,51
2018-08-16 10:23:21,100.3000,51
2018-08-16 10:23:23,100.4100,26
2018-08-16 10:23:24,100.4800,22
2018-08-16 10:23:25,100.4800,22
2018-08-16 10:23:26,100.4800,22
2018-08-16 10:23:29,100.4600,34
2018-08-16 10:23:30,100.4600,34
2018-08-16 10:23:31,100.4300,16
2018-08-16 10:23:35,100.4400,12
2018-08-16 10:23:38,100.4800,92
2018-08-16 10:23:40,100.4300,65
2018-08-16 10:23:41,100.4300,33
2018-08-16 10:23:42,100.4300,33
2018-08-16 10:23:45,100.4000,7
2018-08-16 10:23:47,100.4000,7
2018-08-16 10:23:50,100.4000,7
2018-08-16 10:23:51,100.3900,24
2018-08-16 10:23:52,100.3800,47
2018-08-16 10:23:55,100.3800,47
2018-08-16 10:23:56,100.3800,47
2018-08-16 10:23:58,100.4500,34
2018-08-16 10:24:00,100.4300,7
2018-08-16 10:24:01,100.3900,27
2018-08-16 10:24:03,100.3300,46
2018-08-16 10:24:04,100.4100,30
2018-08-16 10:24:06,100.4100,30
2018-08-16 10:24:07,100.4100,30
2018-08-16 10:24:09,100.4100,30
2018-08-16 10:24:11,100.4800,12
2018-08-16 10:24:13,100.4800,12
2018-08-16 10:24:14,100.4800,89
2018-08-16 10:24:16,100.4800,89
2018-08-16 10:24:18,100.4800,19
2018-08-16 10:24:19,100.4800,70
2018-08-16 10:24:20,100.4100,44
2018-08-16 10:24:21,100.4700,7
2018-08-16 10:24:24,100.5200,31
2018-08-16 10:24:25,100.5200,31
2018-08-16 10:24:26,100.5200,31
2018-08-16 10:24:27,100.5200,14
2018-08-16 10:24:30,100.5200,49
2018-08-16 10:24:31,100.5200,49
2018-08-16 10:24:32,100.5400,26
2018-08-16 10:24:34,100.5400,69
2018-08-16 10:24:36,100.5400,69
2018-08-16 10:24:37,100.5400,18
2018-08-16 10:24:39,100.5200,8
2018-08-16 10:24:40,100.5100,3
2018-08-16 10:24:41,100.5100,3
2018-08-16 10:24:46,100.5100,3
2018-08-16 10:24:50,100.4800,131
2018-08-16 10:24:52,100.5000,11
2018-08-16 10:24:53,100.4500,89
2018-08-16 10:24:56,100.4400,6
2018-08-16 10:24:57,100.4800,109
2018-08-16 10:24:58,100.5100,52
2018-08-16 10:25:00,100.5100,52
2018-08-16 10:25:01,100.5100,52
2018-08-16 10:25:06,100.4300,14
2018-08-16 10:25:07,100.4600,3
2018-08-16 10:25:11,100.4000,59
2018-08-16 10:25:12,100.4300,19
2018-08-16 10:25:13,100.4300,19
2018-08-16 10:25:14,100.4300,19
2018-08-16 10:25:15,100.4300,19
2018-08-16 10:25:16,100.3800,68
2018-08-16 10:25:18,100.3800,35
2018-08-16 10:25:19,100.3800,35
2018-08-16 10:25:21,100.3800,35
2018-08-16 10:25:23,100.4000,47
2018-08-16 10:25:24,100.3800,23
2018-08-16 10:25:25,100.3700,5
2018-08-16 10:25:26,100.3700,5
2018-08-16 10:25:27,100.3700,5
2018-08-16 10:25:29,100.3700,5
2018-08-16 10:25:31,100.3700,5
2018-08-16 10:25:33,100.3500,50
2018-08-16 10:25:34,100.3200,8
2018-08-16 10:25:36,100.4000,31
2018-08-16 10:25:37,100.4000,31
2018-08-16 10:25:38,100.3500,4
2018-08-16 10:25:40,100.3500,4
2018-08-16 10:25:41,100.3500,4
2018-08-16 10:25:42,100.3600,95
2018-08-16 10:25:43,100.3600,95
2018-08-16 10:25:44,100.4000,98
2018-08-16 10:25:46,100.4300,26
2018-08-16 10:25:47,100.4200,27
2018-08-16 10:25:48,100.3800,38
2018-08-16 10:25:49,100.4300,27
2018-08-16 10:25:50,100.3400,50
2018-08-16 10:25:51,100.3000,62
2018-08-16 10:25:54,100.3000,62
2018-08-16 10:25:55,100.2700,2
2018-08-16 10:25:56,100.1900,30
2018-08-16 10:26:00,100.1900,30
2018-08-16 10:26:01,100.1900,30
2018-08-16 10:26:03,100.1900,30
2018-08-16 10:26:04,100.2200,94
2018-08-16 10:26:06,100.2300,58
2018-08-16 10:26:07,100.2500,24
2018-08-16 10:26:08,100.2500,24
2018-08-16 10:26:09,100.2500,24
2018-08-16 10:26:11,100.2500,24
2018-08-16 10:26:16,100.2500,24
2018-08-16 10:26:20,100.2100,46
2018-08-16 10:26:21,100.2500,89
2018-08-16 10:26:22,100.2500,89
2018-08-16 10:26:23,100.2500,89
2018-08-16 10:26:25,100.2500,89
2018-08-16 10:26:26,100.2500,50
2018-08-16 10:26:31,100.2300,28
2018-08-16 10:26:32,100.2300,28
2018-08-16 10:26:33,100.2400,96
2018-08-16 10:26:34,100.1600,25
2018-08-16 10:26:35,100.1600,25
2018-08-16 10:26:36,100.1600,25
2018-08-16 10:26:38,100.1500,1
2018-08-16 10:26:40,100.1700,128
2018-08-16 10:26:41,100.1700,128
2018-08-16 10:26:42,100.2500,36
2018-08-16 10:26:44,100.2600,68
2018-08-16 10:26:46,100.2600,68
2018-08-16 10:26:50,100.2000,49
2018-08-16 10:26:51,100.2000,49
2018-08-16 10:26:52,100.2600,81
2018-08-16 10:26:53,100.2600,81
2018-08-16 10:26:55,100.2600,40
2018-08-16 10:26:56,100.2600,38
2018-08-16 10:26:58,100.2600,50
2018-08-16 10:26:59,100.2600,42
2018-08-16 10:27:01,100.3100,6
2018-08-16 10:27:03,100.3100,87
2018-08-16 10:27:04,100.3300,1
2018-08-16 10:27:05,100.3300,59
2018-08-16 10:27:06,100.3300,59
2018-08-16 10:27:08,100.3300,59
2018-08-16 10:27:09,100.3300,59
2018-08-16 10:27:10,100.3300,59
2018-08-16 10:27:11,100.2900,30
2018-08-16 10:27:12,100.3400,35
2018-08-16 10:27:13,100.3500,32
2018-08-16 10:27:14,100.3500,32
2018-08-16 10:27:15,100.3500,5
2018-08-16 10:27:17,100.4100,48
2018-08-16 10:27:19,100.4100,48
2018-08-16 10:27:21,100.2900,27
2018-08-16 10:27:22,100.2000,78
2018-08-16 10:27:24,100.2000,78
2018-08-16 10:27:25,100.2000,78
2018-08-16 10:27:26,100.2000,78
2018-08-16 10:27:28,100.2000,78
2018-08-16 10:27:36,100.2000,78
2018-08-16 10:27:39,100.2900,10
2018-08-16 10:27:41,100.3600,18
2018-08-16 10:27:43,100.3300,2
2018-08-16 10:27:45,100.3300,2
2018-08-16 10:27:47,100.3300,2
2018-08-16 10:27:49,100.3400,5
2018-08-16 10:27:51,100.3300,59
2018-08-16 10:27:52,100.3300,59
2018-08-16 10:27:54,100.3300,23
2018-08-16 10:27:55,100.3200,11
2018-08-16 10:27:56,100.3200,11
2018-08-16 10:27:57,100.3400,34
2018-08-16 10:27:58,100.3400,34
2018-08-16 10:28:01,100.3400,34
2018-08-16 10:28:05,100.3600,64
2018-08-16 10:28:06,100.3600,64
2018-08-16 10:28:10,100.3200,55
2018-08-16 10:28:11,100.3200,55
2018-08-16 10:28:16,100.3200,55
2018-08-16 10:28:17,100.3200,55
2018-08-16 10:28:18,100.3200,55
2018-08-16 10:28:19,100.3200,55
2018-08-16 10:28:21,100.3200,55
2018-08-16 10:28:22,100.2800,25
2018-08-16 10:28:25,100.2900,20
2018-08-16 10:28:26,100.3200,58
2018-08-16 10:28:28,100.2300,71
2018-08-16 10:28:30,100.2300,71
2018-08-16 10:28:32,100.2300,1
2018-08-16 10:28:34,100.2600,6
2018-08-16 10:28:35,100.3200,101
2018-08-16 10:28:36,100.3200,101
2018-08-16 10:28:37,100.2100,29
2018-08-16 10:28:41,100.2100,29
2018-08-16 10:28:42,100.2100,30
2018-08-16 10:28:43,100.2100,30
2018-08-16 10:28:44,100.2500,47
2018-08-16 10:28:46,100.2300,12
2018-08-16 10:28:47,100.2200,47
2018-08-16 10:28:48,100.2200,47
2018-08-16 10:28:50,100.2200,47
2018-08-16 10:28:51,100.2200,66
2018-08-16 10:28:54,100.2700,40
2018-08-16 10:28:55,100.1700,67
2018-08-16 10:28:58,100.1700,67
2018-08-16 10:28:59,100.1700,67
2018-08-16 10:29:00,100.1700,67
2018-08-16 10:29:01,100.1700,67
2018-08-16 10:29:02,100.1700,67
2018-08-16 10:29:03,100.1700,67
2018-08-16 10:29:06,100.1700,67
2018-08-16 10:29:07,100.2300,73
2018-08-16 10:29:08,100.2100,73
2018-08-16 10:29:09,100.2600,51
2018-08-16 10:29:10,100.2600,51
2018-08-16 10:29:11,100.1900,23
2018-08-16 10:29:12,100.1900,23
2018-08-16 10:29:13,100.1700,50
2018-08-16 10:29:16,100.2900,16
2018-08-16 10:29:19,100.2900,16
2018-08-16 10:29:20,100.2900,16
2018-08-16 10:29:21,100.2900,22
2018-08-16 10:29:22,100.2900,27
2018-08-16 10:29:24,100.2900,27
2018-08-16 10:29:26,100.2900,27
2018-08-16 10:29:28,100.2900,27
2018-08-16 10:29:30,100.2900,27
2018-08-16 10:29:31,100.2900,27
2018-08-16 10:29:32,100.2900,27
2018-08-16 10:29:33,100.2900,27
2018-08-16 10:29:34,100.2900,27
2018-08-16 10:29:36,100.2900,27
2018-08-16 10:29:37,100.2400,20
2018-08-16 10:29:38,100.2600,67
2018-08-16 10:29:39,100.2600,67
2018-08-16 10:29:41,100.2500,12
2018-08-16 10:29:42,100.2000,9
2018-08-16 10:29:43,100.2100,17
2018-08-16 10:29:44,100.2600,22
2018-08-16 10:29:45,100.2600,1
2018-08-16 10:29:46,100.2600,1
2018-08-16 10:29:50,100.2600,36
2018-08-16 10:29:54,100.2600,25
2018-08-16 10:29:55,100.2600,25
2018-08-16 10:29:56,100.2600,25
2018-08-16 10:29:57,100.2200,36
2018-08-16 10:29:58,100.2200,36
2018-08-16 10:29:59,100.2300,72
2018-08-16 10:30:00,100.1700,57
2018-08-16 10:30:01,100.1700,57
2018-08-16 10:30:02,100.2100,18
2018-08-16 10:30:03,100.2400,108
2018-08-16 10:30:04,100.1700,32
2018-08-16 10:30:06,100.1700,32
2018-08-16 10:30:07,100.1700,5
2018-08-16 10:30:08,100.1600,37
2018-08-16 10:30:09,100.1900,44
2018-08-16 10:30:10,100.1900,44
2018-08-16 10:30:11,100.1900,44
2018-08-16 10:30:12,100.1900,44
2018-08-16 10:30:13,100.1900,44
2018-08-16 10:30:16,100.1900,44
2018-08-16 10:30:17,100.1900,6
2018-08-16 10:30:18,100.2000,4
2018-08-16 10:30:20,100.1800,9
2018-08-16 10:30:21,100.1400,54
2018-08-16 10:30:22,100.1900,2
2018-08-16 10:30:23,100.1600,150
2018-08-16 10:30:25,100.1600,150
2018-08-16 10:30:26,100.1600,11
2018-08-16 10:30:30,100.1400,11
2018-08-16 10:30:31,100.1300,93
2018-08-16 10:30:35,100.1600,15
2018-08-16 10:30:36,100.2000,42
2018-08-16 10:30:37,100.2000,42
2018-08-16 10:30:38,100.2000,42
2018-08-16 10:30:40,100.2000,42
2018-08-16 10:30:41,100.1200,18
2018-08-16 10:30:46,100.1100,8
2018-08-16 10:30:47,100.1200,15
2018-08-16 10:30:48,100.1200,15
2018-08-16 10:30:49,100.1400,9
2018-08-16 10:30:50,100.1400,9
2018-08-16 10:30:51,100.1400,3
2018-08-16 10:30:54,100.1200,6
2018-08-16 10:30:56,100.1200,6
2018-08-16 10:30:57,100.1400,3
2018-08-16 10:30:58,100.1400,115
2018-08-16 10:30:59,100.1400,115
2018-08-16 10:31:00,100.1600,2
2018-08-16 10:31:01,100.1800,27
2018-08-16 10:31:04,100.1800,27
2018-08-16 10:31:05,100.1800,27
2018-08-16 10:31:06,100.1800,27
2018-08-16 10:31:10,100.1800,27
2018-08-16 10:31:11,100.1800,27
2018-08-16 10:31:12,100.1800,27
2018-08-16 10:31:14,100.1800,27
2018-08-16 10:31:15,100.1400,40
2018-08-16 10:31:16,100.1400,40
2018-08-16 10:31:17,100.1400,40
2018-08-16 10:31:19,100.1400,40
2018-08-16 10:31:21,100.1400,40
2018-08-16 10:31:22,100.1800,6
2018-08-16 10:31:23,100.1800,6
2018-08-16 10:31:25,100.1800,6
2018-08-16 10:31:26,100.1800,6
2018-08-16 10:31:27,100.1800,6
2018-08-16 10:31:28,100.1800,6
2018-08-16 10:31:30,100.1300,39
2018-08-16 10:31:31,100.1300,39
2018-08-16 10:31:32,100.1400,10
2018-08-16 10:31:33,100.1400,10
2018-08-16 10:31:35,100.1800,40
2018-08-16 10:31:36,100.1900,69
2018-08-16 10:31:37,100.1700,24
2018-08-16 10:31:38,100.1700,24
2018-08-16 10:31:39,100.1700,88
2018-08-16 10:31:40,100.0900,100
2018-08-16 10:31:41,100.0900,14
2018-08-16 10:31:42,100.1000,33
2018-08-16 10:31:43,100.1900,2
2018-08-16 10:31:46,100.1900,2
2018-08-16 10:31:47,100.1000,37
2018-08-16 10:31:48,100.2100,17
2018-08-16 10:31:49,100.1900,37
2018-08-16 10:31:50,100.1900,37
2018-08-16 10:31:51,100.1900,37
2018-08-16 10:31:54,100.1500,55
2018-08-16 10:31:55,100.1500,2
2018-08-16 10:31:56,100.1500,2
2018-08-16 10:31:59,100.1400,27
2018-08-16 10:32:00,100.1400,27
2018-08-16 10:32:01,100.1400,18
2018-08-16 10:32:02,100.1900,16
2018-08-16 10:32:03,100.1900,16
2018-08-16 10:32:04,100.2000,17
2018-08-16 10:32:05,100.2000,17
2018-08-16 10:32:06,100.2000,17
2018-08-16 10:32:07,100.1800,36
2018-08-16 10:32:09,100.1800,4
2018-08-16 10:32:10,100.1800,4
2018-08-16 10:32:11,100.1800,4
2018-08-16 10:32:12,100.2100,25
2018-08-16 10:32:14,100.2100,87
2018-08-16 10:32:16,100.2100,87
2018-08-16 10:32:17,100.2100,6
2018-08-16 10:32:19,100.2100,6
2018-08-16 10:32:21,100.1800,20
2018-08-16 10:32:27,100.1600,5
2018-08-16 10:32:31,100.1600,5
2018-08-16 10:32:33,100.1600,5
2018-08-16 10:32:35,100.1600,5
2018-08-16 10:32:36,100.1600,5
2018-08-16 10:32:37,100.1900,101
2018-08-16 10:32:39,100.1900,101
2018-08-16 10:32:41,100.1400,32
2018-08-16 10:32:42,100.1400,32
2018-08-16 10:32:43,100.1800,16
2018-08-16 10:32:45,100.1800,16
2018-08-16 10:32:46,100.1800,16
2018-08-16 10:32:47,100.1800,1
2018-08-16 10:32:48,100.1800,1
2018-08-16 10:32:49,100.1800,18
2018-08-16 10:32:50,100.2200,8
2018-08-16 10:32:51,100.2200,8
2018-08-16 10:32:52,100.2200,8
2018-08-16 10:32:53,100.2000,51
2018-08-16 10:32:54,100.2200,31
2018-08-16 10:32:58,100.1700,25
2018-08-16 10:32:59,100.2200,29
2018-08-16 10:33:00,100.1700,36
2018-08-16 10:33:01,100.1700,36
2018-08-16 10:33:03,100.1700,36
2018-08-16 10:33:04,100.2100,12
2018-08-16 10:33:05,100.2500,6
2018-08-16 10:33:06,100.2500,6
2018-08-16 10:33:07,100.1900,12
2018-08-16 10:33:08,100.1700,48
2018-08-16 10:33:10,100.1700,48
2018-08-16 10:33:11,100.1700,48
2018-08-16 10:33:12,100.1700,48
2018-08-16 10:33:13,100.1700,48
2018-08-16 10:33:14,100.1700,48
2018-08-16 10:33:15,100.1700,48
2018-08-16 10:33:16,100.1700,48
2018-08-16 10:33:17,100.1700,48
2018-08-16 10:33:18,100.1700,48
2018-08-16 10:33:19,100.2300,24
2018-08-16 10:33:20,100.2300,30
2018-08-16 10:33:22,100.1900,22
2018-08-16 10:33:24,100.1900,10
2018-08-16 10:33:26,100.2100,35
2018-08-16 10:33:28,100.2100,39
2018-08-16 10:33:31,100.1900,10
2018-08-16 10:33:32,100.1900,10
2018-08-16 10:33:36,100.1900,10
2018-08-16 10:33:37,100.1900,10
2018-08-16 10:33:41,100.2400,51
2018-08-16 10:33:42,100.2400,51
2018-08-16 10:33:44,100.2400,51
2018-08-16 10:33:45,100.2400,51
2018-08-16 10:33:46,100.2400,78
2018-08-16 10:33:47,100.1900,10
2018-08-16 10:33:49,100.2000,3
2018-08-16 10:33:50,100.2000,3
2018-08-16 10:33:51,100.2000,3
2018-08-16 10:33:53,100.1800,93
2018-08-16 10:33:54,100.1600,6
2018-08-16 10:33:55,100.1600,43
2018-08-16 10:33:56,100.1600,8
2018-08-16 10:33:58,100.1500,4
2018-08-16 10:34:00,100.1500,4
2018-08-16 10:34:01,100.1500,4
2018-08-16 10:34:03,100.1500,4
2018-08-16 10:34:04,100.1700,85
2018-08-16 10:34:05,100.1700,85
2018-08-16 10:34:06,100.1700,18
2018-08-16 10:34:07,100.1800,40
2018-08-16 10:34:09,100.1800,40
2018-08-16 10:34:10,100.1800,42
2018-08-16 10:34:11,100.1800,42
2018-08-16 10:34:12,100.1800,42
2018-08-16 10:34:13,100.1800,42
2018-08-16 10:34:15,100.1300,52
2018-08-16 10:34:16,100.1300,52
2018-08-16 10:34:17,100.1300,33
2018-08-16 10:34:18,100.1700,107
2018-08-16 10:34:19,100.1700,107
2018-08-16 10:34:20,100.1700,107
2018-08-16 10:34:22,100.1700,107
2018-08-16 10:34:23,100.1700,146
2018-08-16 10:34:26,100.1400,23
2018-08-16 10:34:31,100.1300,11
2018-08-16 10:34:32,100.1600,116
2018-08-16 10:34:33,100.1600,51
2018-08-16 10:34:34,100.1600,51
2018-08-16 10:34:35,100.1600,12
2018-08-16 10:34:36,100.1600,12
2018-08-16 10:34:37,100.2300,68
2018-08-16 10:34:38,100.1800,6
2018-08-16 10:34:40,100.1800,6
2018-08-16 10:34:43,100.1800,6
2018-08-16 10:34:44,100.1900,67
2018-08-16 10:34:45,100.2000,7
2018-08-16 10:34:46,100.2000,7
2018-08-16 10:34:47,100.2500,7
2018-08-16 10:34:48,100.2400,30
2018-08-16 10:34:49,100.2400,30
2018-08-16 10:34:51,100.2400,30
2018-08-16 10:34:52,100.2100,5
2018-08-16 10:34:53,100.2100,5
2018-08-16 10:34:56,100.2700,49
2018-08-16 10:34:57,100.2700,49
2018-08-16 10:35:00,100.2500,43
2018-08-16 10:35:01,100.1900,72
2018-08-16 10:35:02,100.1900,72
2018-08-16 10:35:03,100.1900,15
2018-08-16 10:35:04,100.1900,43
2018-08-16 10:35:05,100.1800,14
2018-08-16 10:35:06,100.1800,14
2018-08-16 10:35:07,100.1800,14
2018-08-16 10:35:09,100.1800,14
2018-08-16 10:35:10,100.1800,14
2018-08-16 10:35:11,100.2100,42
2018-08-16 10:35:13,100.2200,40
2018-08-16 10:35:15,100.2700,41
2018-08-16 10:35:16,100.2700,41
2018-08-16 10:35:17,100.2500,8
2018-08-16 10:35:18,100.2100,55
2018-08-16 10:35:20,100.1900,52
2018-08-16 10:35:21,100.1800,14
2018-08-16 10:35:22,100.2000,2
2018-08-16 10:35:24,100.2200,96
2018-08-16 10:35:26,100.2200,96
2018-08-16 10:35:28,100.2300,16
2018-08-16 10:35:31,100.2300,16
2018-08-16 10:35:32,100.2300,16
2018-08-16 10:35:33,100.1800,56
2018-08-16 10:35:34,100.1800,56
2018-08-16 10:35:36,100.1800,56
2018-08-16 10:35:38,100.1800,56
2018-08-16 10:35:39,100.2300,42
2018-08-16 10:35:40,100.2300,42
2018-08-16 10:35:41,100.2300,42
2018-08-16 10:35:42,100.1400,12
2018-08-16 10:35:44,100.1400,1
2018-08-16 10:35:45,100.1400,50
2018-08-16 10:35:49,100.1100,31
2018-08-16 10:35:55,100.0900,71
2018-08-16 10:35:56,100.0900,71
2018-08-16 10:35:57,100.0900,71
2018-08-16 10:35:59,100.1100,69
2018-08-16 10:36:00,100.0900,42
2018-08-16 10:36:01,100.0900,42
2018-08-16 10:36:04,100.0900,42
2018-08-16 10:36:05,100.0900,42
2018-08-16 10:36:06,100.0800,76
2018-08-16 10:36:07,100.0900,27
2018-08-16 10:36:11,100.0300,92
2018-08-16 10:36:12,100.1000,66
2018-08-16 10:36:15,100.1500,64
2018-08-16 10:36:16,100.1300,116
2018-08-16 10:36:18,100.0900,58
2018-08-16 10:36:19,100.0900,58
2018-08-16 10:36:20,100.0900,8
2018-08-16 10:36:22,100.0900,62
2018-08-16 10:36:23,100.1500,51
2018-08-16 10:36:26,100.1600,25
2018-08-16 10:36:28,100.1600,25
2018-08-16 10:36:29,100.0700,17
2018-08-16 10:36:31,100.0000,24
2018-08-16 10:36:33,100.0000,24
2018-08-16 10:36:36,100.0000,24
2018-08-16 10:36:37,100.0000,24
2018-08-16 10:36:38,100.0000,9
2018-08-16 10:36:43,100.0000,9
2018-08-16 10:36:45,100.0700,109
2018-08-16 10:36:46,100.0700,109
2018-08-16 10:36:47,100.0900,53
2018-08-16 10:36:48,100.1000,74
2018-08-16 10:36:49,100.1100,7
2018-08-16 10:36:50,100.1000,55
2018-08-16 10:36:51,100.0800,1
2018-08-16 10:36:52,100.0800,28
2018-08-16 10:36:55,100.0800,28
2018-08-16 10:36:56,100.0800,28
2018-08-16 10:36:57,100.0800,28
2018-08-16 10:36:58,100.0800,4
2018-08-16 10:37:00,100.0800,4
2018-08-16 10:37:01,100.0800,4
2018-08-16 10:37:02,100.0400,24
2018-08-16 10:37:06,99.9700,112
2018-08-16 10:37:07,100.0500,51
2018-08-16 10:37:08,100.1100,71
2018-08-16 10:37:11,100.1100,71
2018-08-16 10:37:12,100.1100,71
2018-08-16 10:37:14,99.9800,41
2018-08-16 10:37:15,99.9900,9
2018-08-16 10:37:16,99.9900,9
2018-08-16 10:37:17,99.9900,9
2018-08-16 10:37:18,99.9900,54
2018-08-16 10:37:19,99.9900,54
2018-08-16 10:37:20,100.0000,45
2018-08-16 10:37:21,99.9900,63
2018-08-16 10:37:22,100.0000,9
2018-08-16 10:37:23,100.0000,9
2018-08-16 10:37:25,100.0000,9
2018-08-16 10:37:26,100.0000,9
2018-08-16 10:37:27,99.9900,28
2018-08-16 10:37:29,100.0000,100
2018-08-16 10:37:31,100.0000,100
2018-08-16 10:37:34,100.0000,100
2018-08-16 10:37:36,100.0000,100
2018-08-16 10:37:37,99.9700,56
2018-08-16 10:37:38,99.9700,45
2018-08-16 10:37:39,99.9600,10
2018-08-16 10:37:40,99.9600,4
2018-08-16 10:37:41,100.0100,37
2018-08-16 10:37:43,100.0100,37
2018-08-16 10:37:44,100.0100,37
2018-08-16 10:37:45,99.9800,107
2018-08-16 10:37:46,99.9800,107
2018-08-16 10:37:47,99.9800,12
2018-08-16 10:37:48,99.9800,12
2018-08-16 10:37:49,99.9800,12
2018-08-16 10:37:50,99.9900,36
2018-08-16 10:37:51,100.0000,30
2018-08-16 10:37:52,100.0000,30
2018-08-16 10:37:55,100.0000,30
2018-08-16 10:37:56,100.0000,30
2018-08-16 10:37:57,100.0000,42
2018-08-16 10:37:58,100.0300,16
2018-08-16 10:38:02,100.0300,16
2018-08-16 10:38:04,100.0000,82
2018-08-16 10:38:06,100.0000,82
2018-08-16 10:38:11,100.0000,82
2018-08-16 10:38:12,100.0300,53
2018-08-16 10:38:15,100.1000,8
2018-08-16 10:38:17,100.1000,18
2018-08-16 10:38:19,100.1000,18
2018-08-16 10:38:23,100.1000,18
2018-08-16 10:38:24,100.1000,18
2018-08-16 10:38:26,100.1100,2
2018-08-16 10:38:27,100.1400,9
2018-08-16 10:38:28,100.1400,9
2018-08-16 10:38:29,100.1400,22
2018-08-16 10:38:37,100.1500,52
2018-08-16 10:38:38,100.1500,52
2018-08-16 10:38:40,100.1500,52
2018-08-16 10:38:41,100.1500,52
2018-08-16 10:38:45,100.2700,1
2018-08-16 10:38:46,100.2700,1
2018-08-16 10:38:47,100.4300,59
2018-08-16 10:38:48,100.4300,22
2018-08-16 10:38:49,100.5500,51
2018-08-16 10:38:50,100.5500,51
2018-08-16 10:38:51,100.5500,51
2018-08-16 10:38:54,100.5500,51
2018-08-16 10:38:55,100.5500,51
2018-08-16 10:38:56,100.5500,51
2018-08-16 10:38:58,100.5500,51
2018-08-16 10:39:00,100.5500,51
2018-08-16 10:39:01,100.5500,51
2018-08-16 10:39:03,100.5500,51
2018-08-16 10:39:05,100.5500,51
2018-08-16 10:39:06,100.5500,51
2018-08-16 10:39:08,100.5500,51
2018-08-16 10:39:09,100.5500,51
2018-08-16 10:39:10,100.5500,51
2018-08-16 10:39:11,100.5500,51
2018-08-16 10:39:12,100.5500,51
2018-08-16 10:39:15,100.5500,51
2018-08-16 10:39:16,100.5100,15
2018-08-16 10:39:17,100.5100,15
2018-08-16 10:39:18,100.4700,43
2018-08-16 10:39:19,100.3600,62
2018-08-16 10:39:21,100.3600,62
2018-08-16 10:39:22,100.3600,62
2018-08-16 10:39:25,100.3600,62
2018-08-16 10:39:27,100.3600,62
2018-08-16 10:39:29,100.3600,62
2018-08-16 10:39:30,100.3600,62
2018-08-16 10:39:34,100.3600,62
2018-08-16 10:39:35,100.3600,62
2018-08-16 10:39:36,100.5000,16
2018-08-16 10:39:38,100.4500,53
2018-08-16 10:39:39,100.4500,39
2018-08-16 10:39:40,100.5300,63
2018-08-16 10:39:41,100.4900,33
2018-08-16 10:39:42,100.4900,33
2018-08-16 10:39:43,100.5000,45
2018-08-16 10:39:44,100.5000,16
2018-08-16 10:39:45,100.5000,16
2018-08-16 10:39:46,100.5200,17
2018-08-16 10:39:47,100.4300,33
2018-08-16 10:39:48,100.4300,33
2018-08-16 10:39:49,100.4200,92
2018-08-16 10:39:50,100.4200,8
2018-08-16 10:39:51,100.3800,14
2018-08-16 10:39:52,100.3700,37
2018-08-16 10:39:54,100.3700,37
2018-08-16 10:39:55,100.3800,2
2018-08-16 10:39:56,100.3800,2
2018-08-16 10:39:59,100.3700,32
2018-08-16 10:40:00,100.3700,32
2018-08-16 10:40:01,100.3700,32
2018-08-16 10:40:02,100.4300,17
2018-08-16 10:40:03,100.4300,64
2018-08-16 10:40:04,100.4300,64
2018-08-16 10:40:05,100.4300,64
2018-08-16 10:40:06,100.4300,64
2018-08-16 10:40:07,100.4300,64
2018-08-16 10:40:08,100.4300,64
2018-08-16 10:40:09,100.3700,111
2018-08-16 10:40:12,100.3700,111
2018-08-16 10:40:14,100.3700,7
2018-08-16 10:40:15,100.3700,7
2018-08-16 10:40:16,100.3700,7
2018-08-16 10:40:19,100.3700,7
2018-08-16 10:40:20,100.3700,7
2018-08-16 10:40:23,100.5100,1
2018-08-16 10:40:24,100.5100,1
2018-08-16 10:40:25,100.5100,1
2018-08-16 10:40:26,100.5100,1
2018-08-16 10:40:31,100.5200,1
2018-08-16 10:40:32,100.5200,1
2018-08-16 10:40:33,100.5200,1
2018-08-16 10:40:34,100.5300,42
2018-08-16 10:40:36,100.5400,40
2018-08-16 10:40:37,100.5400,40
2018-08-16 10:40:38,100.5100,28
2018-08-16 10:40:39,100.5100,28
2018-08-16 10:40:41,100.5400,102
2018-08-16 10:40:42,100.5600,21
2018-08-16 10:40:43,100.5600,21
2018-08-16 10:40:44,100.5600,21
2018-08-16 10:40:45,100.5600,21
2018-08-16 10:40:46,100.5600,21
2018-08-16 10:40:51,100.5000,15
2018-08-16 10:40:52,100.5000,15
2018-08-16 10:40:53,100.5000,15
2018-08-16 10:40:54,100.4700,46
2018-08-16 10:40:55,100.5400,27
2018-08-16 10:40:56,100.5400,27
2018-08-16 10:40:58,100.5400,27
2018-08-16 10:40:59,100.5000,15
2018-08-16 10:41:00,100.5300,116
2018-08-16 10:41:01,100.5000,1
2018-08-16 10:41:02,100.5000,91
2018-08-16 10:41:05,100.5000,91
2018-08-16 10:41:06,100.5000,91
2018-08-16 10:41:07,100.5400,18
2018-08-16 10:41:10,100.5400,18
2018-08-16 10:41:14,100.5200,43
2018-08-16 10:41:16,100.4700,41
2018-08-16 10:41:18,100.5200,66
2018-08-16 10:41:21,100.4800,17
2018-08-16 10:41:22,100.4800,17
2018-08-16 10:41:26,100.4800,17
2018-08-16 10:41:27,100.4700,14
2018-08-16 10:41:28,100.4400,100
2018-08-16 10:41:29,100.4400,100
2018-08-16 10:41:32,100.4400,100
2018-08-16 10:41:33,100.4800,9
2018-08-16 10:41:34,100.4800,47
2018-08-16 10:41:36,100.4800,47
2018-08-16 10:41:44,100.4800,47
2018-08-16 10:41:45,100.4800,47
2018-08-16 10:41:46,100.4800,47
2018-08-16 10:41:47,100.4800,29
2018-08-16 10:41:48,100.4400,31
2018-08-16 10:41:49,100.4200,19
2018-08-16 10:41:50,100.4200,19
2018-08-16 10:41:52,100.4200,19
2018-08-16 10:41:54,100.4500,43
2018-08-16 10:41:56,100.4600,6
2018-08-16 10:41:57,100.4500,6
2018-08-16 10:41:58,100.4500,6
2018-08-16 10:42:00,100.4600,1
2018-08-16 10:42:01,100.4900,68
2018-08-16 10:42:02,100.4900,69
2018-08-16 10:42:04,100.4900,101
2018-08-16 10:42:05,100.4900,101
2018-08-16 10:42:06,100.4900,101
2018-08-16 10:42:07,100.4600,4
2018-08-16 10:42:08,100.4900,3
2018-08-16 10:42:09,100.4900,3
2018-08-16 10:42:10,100.4900,3
2018-08-16 10:42:11,100.4900,3
2018-08-16 10:42:12,100.4000,34
2018-08-16 10:42:13,100.4000,34
2018-08-16 10:42:14,100.4000,34
2018-08-16 10:42:17,100.4000,34
2018-08-16 10:42:18,100.4000,34
2018-08-16 10:42:19,100.4000,34
2018-08-16 10:42:20,100.5000,16
2018-08-16 10:42:21,100.5000,16
2018-08-16 10:42:22,100.5000,16
2018-08-16 10:42:25,100.4000,46
2018-08-16 10:42:26,100.4000,46
2018-08-16 10:42:27,100.4000,46
2018-08-16 10:42:28,100.3600,28
2018-08-16 10:42:31,100.3600,28
2018-08-16 10:42:32,100.3900,14
2018-08-16 10:42:34,100.3900,14
2018-08-16 10:42:36,100.3900,14
2018-08-16 10:42:37,100.4300,10
2018-08-16 10:42:39,100.4300,10
2018-08-16 10:42:41,100.5000,11
2018-08-16 10:42:42,100.5000,11
2018-08-16 10:42:43,100.5300,15
2018-08-16 10:42:45,100.4900,77
2018-08-16 10:42:46,100.4900,77
2018-08-16 10:42:47,100.5200,2
2018-08-16 10:42:48,100.5100,82
2018-08-16 10:42:51,100.4900,2
2018-08-16 10:42:52,100.4800,35
2018-08-16 10:42:54,100.4800,15
2018-08-16 10:42:55,100.4800,15
2018-08-16 10:42:56,100.4800,15
2018-08-16 10:42:57,100.4800,15
2018-08-16 10:42:59,100.4800,15
2018-08-16 10:43:00,100.4800,15
2018-08-16 10:43:01,100.4800,15
2018-08-16 10:43:02,100.5100,4
2018-08-16 10:43:03,100.5100,4
2018-08-16 10:43:06,100.5100,4
2018-08-16 10:43:07,100.5100,55
2018-08-16 10:43:08,100.5100,51
2018-08-16 10:43:11,100.4700,8
2018-08-16 10:43:12,100.4700,8
2018-08-16 10:43:13,100.5200,31
2018-08-16 10:43:14,100.5200,31
2018-08-16 10:43:15,100.5300,96
2018-08-16 10:43:16,100.5700,5
2018-08-16 10:43:18,100.5900,74
2018-08-16 10:43:20,100.5900,74
2018-08-16 10:43:21,100.5900,35
2018-08-16 10:43:22,100.5400,18
2018-08-16 10:43:24,100.5400,18
2018-08-16 10:43:25,100.4500,41
2018-08-16 10:43:26,100.4500,11
2018-08-16 10:43:27,100.4500,11
2018-08-16 10:43:28,100.4500,11
2018-08-16 10:43:31,100.4500,11
2018-08-16 10:43:32,100.4500,11
2018-08-16 10:43:33,100.4500,11
2018-08-16 10:43:35,100.4500,104
2018-08-16 10:43:37,100.4500,104
2018-08-16 10:43:38,100.4500,104
2018-08-16 10:43:40,100.4500,104
2018-08-16 10:43:41,100.4500,104
2018-08-16 10:43:42,100.4500,104
2018-08-16 10:43:43,100.4500,104
2018-08-16 10:43:44,100.5400,34
2018-08-16 10:43:46,100.5800,84
2018-08-16 10:43:47,100.6000,50
2018-08-16 10:43:49,100.6000,50
2018-08-16 10:43:51,100.5700,16
2018-08-16 10:43:52,100.6000,16
2018-08-16 10:43:56,100.6000,16
2018-08-16 10:43:57,100.6000,16
2018-08-16 10:43:58,100.6000,16
2018-08-16 10:43:59,100.6000,16
2018-08-16 10:44:00,100.5200,102
2018-08-16 10:44:02,100.5200,102
2018-08-16 10:44:03,100.5100,51
2018-08-16 10:44:06,100.5100,51
2018-08-16 10:44:07,100.5100,51
2018-08-16 10:44:08,100.6000,6
2018-08-16 10:44:09,100.6000,23
2018-08-16 10:44:11,100.5700,10
2018-08-16 10:44:12,100.5500,2
2018-08-16 10:44:13,100.5500,85
2018-08-16 10:44:15,100.5800,51
2018-08-16 10:44:16,100.7500,60
2018-08-16 10:44:17,100.7800,4
2018-08-16 10:44:19,100.7800,4
2018-08-16 10:44:22,100.7800,54
2018-08-16 10:44:26,100.8500,30
2018-08-16 10:44:27,100.8500,30
2018-08-16 10:44:28,100.8500,30
2018-08-16 10:44:31,100.9700,1
2018-08-16 10:44:32,100.9700,1
2018-08-16 10:44:33,100.9700,1
2018-08-16 10:44:36,100.9700,1
2018-08-16 10:44:41,100.9700,1
2018-08-16 10:44:42,100.9700,1
2018-08-16 10:44:44,100.9500,25
2018-08-16 10:44:45,100.9500,25
2018-08-16 10:44:46,100.9400,93
2018-08-16 10:44:47,100.9400,93
2018-08-16 10:44:48,100.9400,56
2018-08-16 10:44:50,100.9100,60
2018-08-16 10:44:52,100.9100,16
2018-08-16 10:44:53,100.9200,56
2018-08-16 10:44:55,100.9200,56
2018-08-16 10:44:56,100.9500,10
2018-08-16 10:44:58,100.9500,14
2018-08-16 10:44:59,100.9500,14
2018-08-16 10:45:00,100.9500,14
2018-08-16 10:45:01,100.9100,2
2018-08-16 10:45:02,100.9100,9
2018-08-16 10:45:04,100.9100,9
2018-08-16 10:45:06,100.9100,9
2018-08-16 10:45:09,100.9000,34
2018-08-16 10:45:11,100.9100,64
2018-08-16 10:45:12,100.9100,64
2018-08-16 10:45:13,100.9400,84
2018-08-16 10:45:14,100.9700,71
2018-08-16 10:45:16,100.9300,34
2018-08-16 10:45:17,100.9300,34
2018-08-16 10:45:18,100.9300,34
2018-08-16 10:45:19,100.9700,31
2018-08-16 10:45:20,100.9700,31
2018-08-16 10:45:21,100.9700,31
2018-08-16 10:45:22,100.9700,31
2018-08-16 10:45:26,100.9700,74
2018-08-16 10:45:27,100.9400,2
2018-08-16 10:45:28,100.9800,125
2018-08-16 10:45:31,100.9800,125
2018-08-16 10:45:32,100.9300,78
2018-08-16 10:45:33,100.9300,25
2018-08-16 10:45:34,100.9300,43
2018-08-16 10:45:35,100.9100,42
2018-08-16 10:45:36,100.9100,42
2018-08-16 10:45:37,100.8900,62
2018-08-16 10:45:39,100.8900,18
2018-08-16 10:45:40,100.8900,18
2018-08-16 10:45:41,100.8800,56
2018-08-16 10:45:43,100.8200,50
2018-08-16 10:45:44,100.8200,50
2018-08-16 10:45:45,100.8200,50
2018-08-16 10:45:46,100.8200,50
2018-08-16 10:45:47,100.8200,50
2018-08-16 10:45:49,100.8200,8
2018-08-16 10:45:52,100.7900,56
2018-08-16 10:45:53,100.7900,56
2018-08-16 10:45:54,100.8100,152
2018-08-16 10:45:55,100.8100,152
2018-08-16 10:45:56,100.8100,11
2018-08-16 10:45:58,100.8100,11
2018-08-16 10:45:59,100.8100,11
2018-08-16 10:46:01,100.9500,103
2018-08-16 10:46:02,100.9500,103
2018-08-16 10:46:05,100.9500,103
2018-08-16 10:46:07,100.9500,103
2018-08-16 10:46:11,100.9500,103
2018-08-16 10:46:13,100.8200,55
2018-08-16 10:46:14,100.8200,55
2018-08-16 10:46:15,100.8200,55
2018-08-16 10:46:16,100.8200,3
2018-08-16 10:46:17,100.8200,3
2018-08-16 10:46:20,100.8200,3
2018-08-16 10:46:21,100.8100,15
2018-08-16 10:46:22,100.8100,15
2018-08-16 10:46:24,100.8100,15
2018-08-16 10:46:26,100.8100,74
2018-08-16 10:46:27,100.8300,126
2018-08-16 10:46:28,100.9000,114
2018-08-16 10:46:29,100.9000,114
2018-08-16 10:46:30,100.9000,114
2018-08-16 10:46:31,100.9000,114
2018-08-16 10:46:32,100.7800,12
2018-08-16 10:46:33,100.7800,152
2018-08-16 10:46:34,100.7800,152
2018-08-16 10:46:37,100.8300,67
2018-08-16 10:46:39,100.8300,67
2018-08-16 10:46:40,100.7700,37
2018-08-16 10:46:41,100.7700,37
2018-08-16 10:46:42,100.7700,37
2018-08-16 10:46:43,100.7700,37
2018-08-16 10:46:44,100.7700,37
2018-08-16 10:46:46,100.8200,84
2018-08-16 10:46:47,100.8200,84
2018-08-16 10:46:48,100.8400,5
2018-08-16 10:46:49,100.8500,78
2018-08-16 10:46:51,100.8500,78
2018-08-16 10:46:52,100.8500,78
2018-08-16 10:46:54,100.8500,78
2018-08-16 10:46:55,100.8500,78
2018-08-16 10:46:56,100.8500,78
2018-08-16 10:46:57,100.8100,1
2018-08-16 10:46:58,100.7700,51
2018-08-16 10:47:01,100.7700,12
2018-08-16 10:47:02,100.8300,21
2018-08-16 10:47:03,100.8500,22
2018-08-16 10:47:06,100.8500,22
2018-08-16 10:47:07,100.8500,22
2018-08-16 10:47:10,100.8500,22
2018-08-16 10:47:13,100.8200,21
2018-08-16 10:47:15,100.8200,21
2018-08-16 10:47:16,100.8200,21
2018-08-16 10:47:17,100.8200,21
2018-08-16 10:47:21,100.8200,129
2018-08-16 10:47:22,100.8300,9
2018-08-16 10:47:24,100.8300,9
2018-08-16 10:47:26,100.8300,9
2018-08-16 10:47:27,100.8300,9
2018-08-16 10:47:28,100.8300,32
2018-08-16 10:47:29,100.8300,32
2018-08-16 10:47:30,100.8300,20
2018-08-16 10:47:32,100.8600,12
2018-08-16 10:47:35,100.8600,12
2018-08-16 10:47:36,100.8600,12
2018-08-16 10:47:37,100.8600,12
2018-08-16 10:47:42,100.8600,12
2018-08-16 10:47:43,100.8600,12
2018-08-16 10:47:46,100.8600,12
2018-08-16 10:47:47,100.8600,12
2018-08-16 10:47:48,100.8600,12
2018-08-16 10:47:51,100.8600,63
2018-08-16 10:47:53,100.8100,40
2018-08-16 10:47:54,100.7800,46
2018-08-16 10:47:56,100.7800,46
2018-08-16 10:47:59,100.7800,46
2018-08-16 10:48:00,100.7800,93
2018-08-16 10:48:01,100.7800,93
2018-08-16 10:48:02,100.7800,21
2018-08-16 10:48:04,100.8200,41
2018-08-16 10:48:06,100.8200,5
2018-08-16 10:48:08,100.8200,5
2018-08-16 10:48:09,100.8200,5
2018-08-16 10:48:10,100.8200,5
2018-08-16 10:48:11,100.8600,11
2018-08-16 10:48:12,100.8600,11
2018-08-16 10:48:13,100.8600,37
2018-08-16 10:48:15,100.7800,45
2018-08-16 10:48:16,100.7800,45
2018-08-16 10:48:17,100.7800,45
2018-08-16 10:48:18,100.7800,54
2018-08-16 10:48:19,100.7200,49
2018-08-16 10:48:20,100.7200,49
2018-08-16 10:48:21,100.7200,49
2018-08-16 10:48:23,100.7900,123
2018-08-16 10:48:24,100.8000,42
2018-08-16 10:48:26,100.8100,10
2018-08-16 10:48:27,100.8100,58
2018-08-16 10:48:29,100.7500,57
2018-08-16 10:48:30,100.7500,57
2018-08-16 10:48:31,100.7600,83
2018-08-16 10:48:32,100.7600,37
2018-08-16 10:48:34,100.7600,37
2018-08-16 10:48:35,100.7600,38
2018-08-16 10:48:37,100.7600,38
2018-08-16 10:48:40,100.7600,38
2018-08-16 10:48:41,100.7600,38
2018-08-16 10:48:42,100.7600,38
2018-08-16 10:48:45,100.8400,70
2018-08-16 10:48:46,100.8400,70
2018-08-16 10:48:47,100.8400,70
2018-08-16 10:48:48,100.8400,70
2018-08-16 10:48:50,100.8400,70
2018-08-16 10:48:51,100.8600,2
2018-08-16 10:48:52,100.8600,2
2018-08-16 10:48:53,100.8600,14
2018-08-16 10:48:54,100.8300,6
2018-08-16 10:48:55,100.7700,4
2018-08-16 10:48:56,100.7500,37
2018-08-16 10:48:57,100.6400,66
2018-08-16 10:49:00,100.7000,139
2018-08-16 10:49:01,100.7500,23
2018-08-16 10:49:02,100.7500,59
2018-08-16 10:49:05,100.6800,40
2018-08-16 10:49:06,100.6400,15
2018-08-16 10:49:07,100.6400,15
2018-08-16 10:49:09,100.6400,15
2018-08-16 10:49:10,100.7200,4
2018-08-16 10:49:13,100.7300,88
2018-08-16 10:49:16,100.7300,88
2018-08-16 10:49:19,100.6900,2
2018-08-16 10:49:20,100.6600,65
2018-08-16 10:49:21,100.5900,72
2018-08-16 10:49:24,100.5900,72
2018-08-16 10:49:25,100.5900,72
2018-08-16 10:49:26,100.5900,72
2018-08-16 10:49:27,100.5900,72
2018-08-16 10:49:28,100.5900,72
2018-08-16 10:49:29,100.5900,72
2018-08-16 10:49:30,100.5900,72
2018-08-16 10:49:31,100.5900,72
2018-08-16 10:49:32,100.5900,72
2018-08-16 10:49:35,100.5900,72
2018-08-16 10:49:36,100.4900,51
2018-08-16 10:49:37,100.4400,9
