timestamp,price,size
2018-08-16 09:30:24,99.8400,1
2018-08-16 09:30:26,99.9000,60
2018-08-16 09:30:27,99.8600,91
2018-08-16 09:30:28,99.8600,91
2018-08-16 09:30:29,99.8600,91
2018-08-16 09:30:30,99.8600,91
2018-08-16 09:30:31,99.8800,52
2018-08-16 09:30:32,99.8800,8
2018-08-16 09:30:34,99.8700,17
2018-08-16 09:30:35,99.8700,17
2018-08-16 09:30:36,99.8700,17
2018-08-16 09:30:39,99.8700,17
2018-08-16 09:30:40,99.7800,107
2018-08-16 09:30:42,99.7800,16
2018-08-16 09:30:44,99.8400,94
2018-08-16 09:30:45,99.8400,94
2018-08-16 09:30:48,99.8400,94
2018-08-16 09:30:50,99.9000,14
2018-08-16 09:30:51,99.9000,23
2018-08-16 09:30:52,99.9000,23
2018-08-16 09:30:53,99.9000,16
2018-08-16 09:30:54,99.8900,45
2018-08-16 09:30:55,99.8900,45
2018-08-16 09:30:57,99.9100,95
2018-08-16 09:30:58,99.9300,68
2018-08-16 09:30:59,99.9300,68
2018-08-16 09:31:00,99.9300,27
2018-08-16 09:31:02,99.9100,17
2018-08-16 09:31:04,99.9100,17
2018-08-16 09:31:06,99.9000,24
2018-08-16 09:31:10,99.8900,63
2018-08-16 09:31:14,99.9600,24
2018-08-16 09:31:15,99.9600,24
2018-08-16 09:31:18,99.9600,24
2018-08-16 09:31:20,99.9600,24
2018-08-16 09:31:21,99.9600,24
2018-08-16 09:31:23,99.9600,56
2018-08-16 09:31:24,99.9600,32
2018-08-16 09:31:26,99.9600,32
2018-08-16 09:31:27,99.9000,66
2018-08-16 09:31:29,99.9000,66
2018-08-16 09:31:30,99.9000,66
2018-08-16 09:31:31,99.9000,66
2018-08-16 09:31:34,99.9000,66
2018-08-16 09:31:35,99.9000,66
2018-08-16 09:31:36,99.9000,66
2018-08-16 09:31:37,99.9100,4
2018-08-16 09:31:38,99.9100,107
2018-08-16 09:31:40,99.9100,107
2018-08-16 09:31:41,99.9100,32
2018-08-16 09:31:42,99.9100,32
2018-08-16 09:31:43,99.9100,6
2018-08-16 09:31:44,99.9600,19
2018-08-16 09:31:45,99.9600,19
2018-08-16 09:31:46,99.9600,19
2018-08-16 09:31:48,99.9300,39
2018-08-16 09:31:50,99.9300,39
2018-08-16 09:31:51,99.9300,39
2018-08-16 09:31:52,99.9300,39
2018-08-16 09:31:53,99.9300,39
2018-08-16 09:31:55,99.9300,39
2018-08-16 09:31:56,99.9300,39
2018-08-16 09:31:57,99.9600,66
2018-08-16 09:31:58,99.9600,5
2018-08-16 09:31:59,99.9700,34
2018-08-16 09:32:00,99.9700,34
2018-08-16 09:32:01,100.0000,8
2018-08-16 09:32:02,99.9200,65
2018-08-16 09:32:03,99.9000,23
2018-08-16 09:32:04,99.8800,29
2018-08-16 09:32:05,99.8800,29
2018-08-16 09:32:10,99.8800,29
2018-08-16 09:32:13,99.8800,29
2018-08-16 09:32:15,99.8800,29
2018-08-16 09:32:16,99.8800,29
2018-08-16 09:32:20,99.8800,29
2018-08-16 09:32:23,99.8800,29
2018-08-16 09:32:24,99.8800,29
2018-08-16 09:32:25,99.8800,29
2018-08-16 09:32:27,99.8800,29
2018-08-16 09:32:28,99.8800,29
2018-08-16 09:32:30,99.8800,29
2018-08-16 09:32:31,99.9000,89
2018-08-16 09:32:32,99.9000,89
2018-08-16 09:32:34,99.9900,24
2018-08-16 09:32:36,99.9900,24
2018-08-16 09:32:39,100.0000,49
2018-08-16 09:32:40,100.0000,49
2018-08-16 09:32:41,100.0000,49
2018-08-16 09:32:43,100.0000,49
2018-08-16 09:32:44,100.0000,49
2018-08-16 09:32:45,100.0000,49
2018-08-16 09:32:46,100.0000,49
2018-08-16 09:32:50,99.9300,2
2018-08-16 09:32:51,99.9300,2
2018-08-16 09:32:52,99.9300,2
2018-08-16 09:32:53,99.9300,2
2018-08-16 09:32:54,99.9300,2
2018-08-16 09:32:55,99.9300,2
2018-08-16 09:32:56,99.9300,2
2018-08-16 09:32:59,99.9500,6
2018-08-16 09:33:01,99.9900,73
2018-08-16 09:33:06,99.9900,73
2018-08-16 09:33:08,99.9300,12
2018-08-16 09:33:09,99.9100,42
2018-08-16 09:33:10,99.9000,30
2018-08-16 09:33:11,99.9000,30
2018-08-16 09:33:12,99.9000,39
2018-08-16 09:33:14,99.8500,87
2018-08-16 09:33:15,99.8500,87
2018-08-16 09:33:16,99.8500,87
2018-08-16 09:33:17,99.9000,23
2018-08-16 09:33:18,99.9000,23
2018-08-16 09:33:20,99.9000,23
2018-08-16 09:33:22,99.9000,23
2018-08-16 09:33:23,100.0100,33
2018-08-16 09:33:24,100.0100,33
2018-08-16 09:33:25,100.0100,33
2018-08-16 09:33:26,100.0100,33
2018-08-16 09:33:27,100.0000,45
2018-08-16 09:33:29,100.0200,16
2018-08-16 09:33:30,100.0200,16
2018-08-16 09:33:31,100.0400,7
2018-08-16 09:33:32,100.0100,23
2018-08-16 09:33:33,99.9500,29
2018-08-16 09:33:35,99.9500,29
2018-08-16 09:33:36,99.9500,29
2018-08-16 09:33:37,99.9500,29
2018-08-16 09:33:40,99.9500,29
2018-08-16 09:33:41,99.9500,29
2018-08-16 09:33:42,99.9500,29
2018-08-16 09:33:43,99.9500,29
2018-08-16 09:33:45,99.9500,29
2018-08-16 09:33:46,100.0100,3
2018-08-16 09:33:47,99.9600,84
2018-08-16 09:33:48,99.9400,33
2018-08-16 09:33:50,99.9400,16
2018-08-16 09:33:51,99.9400,16
2018-08-16 09:33:53,99.9400,47
2018-08-16 09:33:55,99.9400,47
2018-08-16 09:33:56,99.9900,2
2018-08-16 09:33:57,100.0300,3
2018-08-16 09:33:59,100.0300,43
2018-08-16 09:34:00,100.0300,43
2018-08-16 09:34:01,100.0200,52
2018-08-16 09:34:02,100.0200,52
2018-08-16 09:34:03,99.9400,30
2018-08-16 09:34:04,99.9300,5
2018-08-16 09:34:06,99.9300,5
2018-08-16 09:34:12,99.9300,5
2018-08-16 09:34:13,99.9300,5
2018-08-16 09:34:15,99.9300,5
2018-08-16 09:34:16,99.9200,23
2018-08-16 09:34:17,99.9100,46
2018-08-16 09:34:19,99.9100,46
2018-08-16 09:34:20,99.9000,67
2018-08-16 09:34:21,99.9000,67
2018-08-16 09:34:22,99.9100,109
2018-08-16 09:34:23,99.9100,109
2018-08-16 09:34:24,99.9100,109
2018-08-16 09:34:25,99.9100,18
2018-08-16 09:34:26,99.9400,2
2018-08-16 09:34:27,99.9400,40
2018-08-16 09:34:28,99.9400,62
2018-08-16 09:34:30,99.9400,62
2018-08-16 09:34:32,99.9400,62
2018-08-16 09:34:33,99.9400,78
2018-08-16 09:34:35,99.9400,78
2018-08-16 09:34:37,99.9200,25
2018-08-16 09:34:39,99.9200,25
2018-08-16 09:34:40,99.9200,25
2018-08-16 09:34:41,99.9200,25
2018-08-16 09:34:42,99.9200,25
2018-08-16 09:34:43,99.9200,25
2018-08-16 09:34:44,99.9200,25
2018-08-16 09:34:45,99.9200,25
2018-08-16 09:34:46,99.9400,67
2018-08-16 09:34:47,99.9700,28
2018-08-16 09:34:49,99.9700,28
2018-08-16 09:34:50,99.9000,34
2018-08-16 09:34:52,99.9000,34
2018-08-16 09:34:53,99.9000,34
2018-08-16 09:34:56,99.9000,34
2018-08-16 09:34:57,99.8800,25
2018-08-16 09:34:59,99.8800,25
2018-08-16 09:35:00,99.8400,65
2018-08-16 09:35:01,99.8100,3
2018-08-16 09:35:02,99.8600,28
2018-08-16 09:35:04,99.8100,4
2018-08-16 09:35:05,99.8100,4
2018-08-16 09:35:06,99.8100,4
2018-08-16 09:35:08,99.8100,21
2018-08-16 09:35:10,99.8600,83
2018-08-16 09:35:11,99.8600,83
2018-08-16 09:35:13,99.8600,83
2018-08-16 09:35:14,99.8600,83
2018-08-16 09:35:15,99.8600,83
2018-08-16 09:35:16,99.8600,83
2018-08-16 09:35:17,99.8600,29
2018-08-16 09:35:19,99.8600,18
2018-08-16 09:35:21,99.8800,11
2018-08-16 09:35:22,99.8800,17
2018-08-16 09:35:24,99.8800,17
2018-08-16 09:35:25,99.8800,17
2018-08-16 09:35:26,99.9200,9
2018-08-16 09:35:27,99.9200,9
2018-08-16 09:35:28,99.9300,125
2018-08-16 09:35:31,99.9300,125
2018-08-16 09:35:32,99.9300,57
2018-08-16 09:35:33,99.9300,57
2018-08-16 09:35:34,99.9700,28
2018-08-16 09:35:35,99.9800,108
2018-08-16 09:35:39,99.9800,108
2018-08-16 09:35:40,99.9800,108
2018-08-16 09:35:41,99.9400,7
2018-08-16 09:35:42,99.9400,7
2018-08-16 09:35:44,99.9200,4
2018-08-16 09:35:45,99.9200,4
2018-08-16 09:35:47,99.9200,4
2018-08-16 09:35:51,99.9400,99
2018-08-16 09:35:53,99.9400,99
2018-08-16 09:35:54,99.9400,99
2018-08-16 09:35:56,99.9400,4
2018-08-16 09:35:57,99.9400,32
2018-08-16 09:35:58,99.9800,39
2018-08-16 09:36:00,99.9800,15
2018-08-16 09:36:01,99.9800,15
2018-08-16 09:36:02,99.9900,51
2018-08-16 09:36:03,99.9900,51
2018-08-16 09:36:05,99.9900,51
2018-08-16 09:36:06,99.9200,84
2018-08-16 09:36:07,99.9200,84
2018-08-16 09:36:09,99.8000,44
2018-08-16 09:36:10,99.8000,44
2018-08-16 09:36:11,99.8000,44
2018-08-16 09:36:13,99.8000,44
2018-08-16 09:36:14,99.8000,31
2018-08-16 09:36:15,99.8000,31
2018-08-16 09:36:16,99.8000,31
2018-08-16 09:36:18,99.8000,31
2018-08-16 09:36:19,99.8300,8
2018-08-16 09:36:21,99.8000,15
2018-08-16 09:36:23,99.8000,15
2018-08-16 09:36:24,99.8000,15
2018-08-16 09:36:25,99.8600,66
2018-08-16 09:36:26,99.8600,66
2018-08-16 09:36:30,99.8600,66
2018-08-16 09:36:31,99.8600,66
2018-08-16 09:36:32,99.8500,31
2018-08-16 09:36:34,99.8500,31
2018-08-16 09:36:35,99.8500,31
2018-08-16 09:36:38,99.8500,31
2018-08-16 09:36:39,99.8500,31
2018-08-16 09:36:40,99.8500,31
2018-08-16 09:36:41,99.8500,31
2018-08-16 09:36:45,99.8100,21
2018-08-16 09:36:46,99.8100,21
2018-08-16 09:36:50,99.7800,150
2018-08-16 09:36:51,99.7800,27
2018-08-16 09:36:52,99.7900,38
2018-08-16 09:36:56,99.7200,61
2018-08-16 09:36:58,99.7900,21
2018-08-16 09:37:00,99.7900,21
2018-08-16 09:37:01,99.7900,21
2018-08-16 09:37:02,99.8000,80
2018-08-16 09:37:03,99.8300,34
2018-08-16 09:37:04,99.7900,101
2018-08-16 09:37:05,99.8300,23
2018-08-16 09:37:06,99.7900,31
2018-08-16 09:37:08,99.7900,31
2018-08-16 09:37:09,99.8300,31
2018-08-16 09:37:10,99.8400,5
2018-08-16 09:37:11,99.8400,24
2018-08-16 09:37:16,99.8300,54
2018-08-16 09:37:17,99.8300,54
2018-08-16 09:37:18,99.8300,12
2018-08-16 09:37:19,99.8300,71
2018-08-16 09:37:20,99.7700,7
2018-08-16 09:37:22,99.7700,7
2018-08-16 09:37:26,99.7700,7
2018-08-16 09:37:30,99.8100,57
2018-08-16 09:37:31,99.8100,57
2018-08-16 09:37:32,99.8100,87
2018-08-16 09:37:33,99.8400,15
2018-08-16 09:37:34,99.8400,45
2018-08-16 09:37:35,99.8400,45
2018-08-16 09:37:36,99.8400,45
2018-08-16 09:37:37,99.8400,45
2018-08-16 09:37:39,99.8400,45
2018-08-16 09:37:40,99.8400,45
2018-08-16 09:37:41,99.8400,45
2018-08-16 09:37:42,99.7700,27
2018-08-16 09:37:45,99.7200,7
2018-08-16 09:37:46,99.7200,7
2018-08-16 09:37:47,99.7300,103
2018-08-16 09:37:48,99.7100,68
2018-08-16 09:37:50,99.7000,23
2018-08-16 09:37:51,99.7000,23
2018-08-16 09:37:52,99.7900,28
2018-08-16 09:37:55,99.7400,28
2018-08-16 09:37:56,99.7400,28
2018-08-16 09:37:57,99.7100,1
2018-08-16 09:37:58,99.7100,1
2018-08-16 09:37:59,99.7100,1
2018-08-16 09:38:00,99.7100,1
2018-08-16 09:38:01,99.7100,15
2018-08-16 09:38:02,99.7200,49
2018-08-16 09:38:03,99.7100,26
2018-08-16 09:38:05,99.7000,64
2018-08-16 09:38:11,99.7200,8
2018-08-16 09:38:12,99.7400,81
2018-08-16 09:38:14,99.7000,61
2018-08-16 09:38:15,99.7000,61
2018-08-16 09:38:16,99.6600,77
2018-08-16 09:38:17,99.7000,20
2018-08-16 09:38:20,99.7000,20
2018-08-16 09:38:21,99.7400,79
2018-08-16 09:38:23,99.7600,34
2018-08-16 09:38:25,99.7600,34
2018-08-16 09:38:26,99.7600,34
2018-08-16 09:38:27,99.7600,34
2018-08-16 09:38:31,99.7600,34
2018-08-16 09:38:33,99.7300,23
2018-08-16 09:38:36,99.7000,44
2018-08-16 09:38:40,99.7000,44
2018-08-16 09:38:41,99.7100,39
2018-08-16 09:38:42,99.7000,79
2018-08-16 09:38:43,99.7000,79
2018-08-16 09:38:44,99.7000,79
2018-08-16 09:38:45,99.7100,74
2018-08-16 09:38:46,99.7100,2
2018-08-16 09:38:48,99.7100,2
2018-08-16 09:38:49,99.7100,58
2018-08-16 09:38:50,99.7600,121
2018-08-16 09:38:51,99.7600,121
2018-08-16 09:38:53,99.7800,136
2018-08-16 09:38:55,99.7200,76
2018-08-16 09:38:57,99.7200,76
2018-08-16 09:38:58,99.7400,37
2018-08-16 09:39:00,99.6400,64
2018-08-16 09:39:01,99.6400,64
2018-08-16 09:39:05,99.6400,64
2018-08-16 09:39:07,99.7000,3
2018-08-16 09:39:08,99.6500,32
2018-08-16 09:39:09,99.6500,41
2018-08-16 09:39:10,99.5300,84
2018-08-16 09:39:13,99.5300,84
2018-08-16 09:39:14,99.5300,84
2018-08-16 09:39:15,99.5300,84
2018-08-16 09:39:16,99.5300,84
2018-08-16 09:39:19,99.5300,84
2018-08-16 09:39:20,99.5300,84
2018-08-16 09:39:21,99.5300,84
2018-08-16 09:39:23,99.3500,13
2018-08-16 09:39:25,99.3500,13
2018-08-16 09:39:26,99.3500,13
2018-08-16 09:39:27,99.3400,29
2018-08-16 09:39:28,99.2400,32
2018-08-16 09:39:30,99.2400,32
2018-08-16 09:39:31,99.2400,32
2018-08-16 09:39:32,99.2400,32
2018-08-16 09:39:34,99.2500,23
2018-08-16 09:39:35,99.2400,40
2018-08-16 09:39:36,99.2400,40
2018-08-16 09:39:37,99.2000,50
2018-08-16 09:39:38,99.2000,72
2018-08-16 09:39:40,99.2000,72
2018-08-16 09:39:42,99.2000,72
2018-08-16 09:39:45,99.2000,72
2018-08-16 09:39:46,99.2000,72
2018-08-16 09:39:47,99.3600,70
2018-08-16 09:39:48,99.3600,36
2018-08-16 09:39:49,99.3700,8
2018-08-16 09:39:52,99.4000,70
2018-08-16 09:39:53,99.3600,12
2018-08-16 09:39:55,99.3600,68
2018-08-16 09:39:56,99.3600,68
2018-08-16 09:39:58,99.3700,8
2018-08-16 09:40:00,99.3800,32
2018-08-16 09:40:01,99.3600,18
2018-08-16 09:40:02,99.3600,8
2018-08-16 09:40:05,99.3600,8
2018-08-16 09:40:06,99.3600,8
2018-08-16 09:40:08,99.3800,65
2018-08-16 09:40:09,99.3600,64
2018-08-16 09:40:10,99.3600,64
2018-08-16 09:40:12,99.3600,64
2018-08-16 09:40:14,99.3600,64
2018-08-16 09:40:15,99.3800,41
2018-08-16 09:40:16,99.3200,21
2018-08-16 09:40:18,99.3800,6
2018-08-16 09:40:20,99.3800,6
2018-08-16 09:40:21,99.3800,6
2018-08-16 09:40:24,99.3800,24
2018-08-16 09:40:25,99.4000,52
2018-08-16 09:40:26,99.4000,52
2018-08-16 09:40:27,99.3500,30
2018-08-16 09:40:28,99.3500,30
2018-08-16 09:40:29,99.3500,30
2018-08-16 09:40:30,99.3400,93
2018-08-16 09:40:31,99.3400,18
2018-08-16 09:40:32,99.3400,18
2018-08-16 09:40:33,99.4000,53
2018-08-16 09:40:34,99.3200,34
2018-08-16 09:40:35,99.3200,34
2018-08-16 09:40:36,99.4000,20
2018-08-16 09:40:37,99.4000,20
2018-08-16 09:40:38,99.4000,6
2018-08-16 09:40:39,99.4000,149
2018-08-16 09:40:40,99.4000,149
2018-08-16 09:40:45,99.4200,83
2018-08-16 09:40:46,99.4300,13
2018-08-16 09:40:48,99.4000,21
2018-08-16 09:40:50,99.3900,88
2018-08-16 09:40:52,99.3900,88
2018-08-16 09:40:53,99.4400,42
2018-08-16 09:40:55,99.4400,42
2018-08-16 09:40:56,99.4400,46
2018-08-16 09:40:58,99.4400,3
2018-08-16 09:41:00,99.4400,3
2018-08-16 09:41:01,99.4000,97
2018-08-16 09:41:03,99.4700,30
2018-08-16 09:41:05,99.4800,30
2018-08-16 09:41:06,99.4800,30
2018-08-16 09:41:07,99.3600,8
2018-08-16 09:41:08,99.4300,79
2018-08-16 09:41:09,99.4300,79
2018-08-16 09:41:10,99.4300,79
2018-08-16 09:41:12,99.4300,38
2018-08-16 09:41:15,99.4300,4
2018-08-16 09:41:18,99.4300,4
2018-08-16 09:41:19,99.4300,4
2018-08-16 09:41:20,99.4300,4
2018-08-16 09:41:21,99.3600,69
2018-08-16 09:41:22,99.3600,150
2018-08-16 09:41:24,99.3600,150
2018-08-16 09:41:25,99.3600,36
2018-08-16 09:41:26,99.3700,65
2018-08-16 09:41:27,99.4100,56
2018-08-16 09:41:29,99.4100,8
2018-08-16 09:41:30,99.3500,53
2018-08-16 09:41:31,99.3500,53
2018-08-16 09:41:32,99.3500,53
2018-08-16 09:41:33,99.4000,37
2018-08-16 09:41:36,99.3600,8
2018-08-16 09:41:39,99.3600,102
2018-08-16 09:41:40,99.3600,102
2018-08-16 09:41:41,99.3900,54
2018-08-16 09:41:42,99.4000,68
2018-08-16 09:41:44,99.3600,10
2018-08-16 09:41:45,99.3400,67
2018-08-16 09:41:46,99.4000,48
2018-08-16 09:41:48,99.4400,12
2018-08-16 09:41:50,99.4300,12
2018-08-16 09:41:51,99.3400,9
2018-08-16 09:41:52,99.3400,9
2018-08-16 09:41:53,99.3400,9
2018-08-16 09:41:54,99.3600,24
2018-08-16 09:41:55,99.3700,10
2018-08-16 09:41:56,99.3700,10
2018-08-16 09:41:57,99.3500,39
2018-08-16 09:42:00,99.4100,8
2018-08-16 09:42:02,99.4100,8
2018-08-16 09:42:05,99.4100,8
2018-08-16 09:42:06,99.4100,8
2018-08-16 09:42:08,99.4100,8
2018-08-16 09:42:11,99.3400,6
2018-08-16 09:42:14,99.3600,75
2018-08-16 09:42:15,99.4100,19
2018-08-16 09:42:16,99.4100,19
2018-08-16 09:42:18,99.4100,19
2018-08-16 09:42:19,99.4100,19
2018-08-16 09:42:21,99.4100,19
2018-08-16 09:42:24,99.4100,19
2018-08-16 09:42:26,99.4100,19
2018-08-16 09:42:29,99.3900,1
2018-08-16 09:42:30,99.4000,49
2018-08-16 09:42:31,99.4100,47
2018-08-16 09:42:32,99.4900,76
2018-08-16 09:42:35,99.4900,76
2018-08-16 09:42:36,99.4900,76
2018-08-16 09:42:37,99.4900,76
2018-08-16 09:42:39,99.4900,76
2018-08-16 09:42:41,99.3800,21
2018-08-16 09:42:42,99.3800,21
2018-08-16 09:42:43,99.3400,37
2018-08-16 09:42:44,99.3000,39
2018-08-16 09:42:45,99.3000,39
2018-08-16 09:42:46,99.3000,39
2018-08-16 09:42:49,99.3400,12
2018-08-16 09:42:51,99.3700,10
2018-08-16 09:42:53,99.3200,114
2018-08-16 09:42:54,99.3400,17
2018-08-16 09:42:56,99.3400,17
2018-08-16 09:42:57,99.3700,57
2018-08-16 09:42:59,99.4000,2
2018-08-16 09:43:00,99.3300,33
2018-08-16 09:43:01,99.4500,24
2018-08-16 09:43:03,99.4500,24
2018-08-16 09:43:04,99.4500,24
2018-08-16 09:43:06,99.4500,24
2018-08-16 09:43:07,99.4500,24
2018-08-16 09:43:08,99.4500,24
2018-08-16 09:43:09,99.4100,44
2018-08-16 09:43:10,99.4100,49
2018-08-16 09:43:11,99.4100,49
2018-08-16 09:43:15,99.4100,49
2018-08-16 09:43:16,99.4100,49
2018-08-16 09:43:18,99.4100,49
2018-08-16 09:43:19,99.4100,49
2018-08-16 09:43:20,99.4100,49
2018-08-16 09:43:21,99.3600,17
2018-08-16 09:43:22,99.3600,17
2018-08-16 09:43:26,99.3600,17
2018-08-16 09:43:28,99.3600,17
2018-08-16 09:43:29,99.3600,17
2018-08-16 09:43:30,99.3400,46
2018-08-16 09:43:31,99.2900,76
2018-08-16 09:43:32,99.2900,76
2018-08-16 09:43:35,99.2900,76
2018-08-16 09:43:37,99.2900,76
2018-08-16 09:43:39,99.2900,76
2018-08-16 09:43:40,99.2900,76
2018-08-16 09:43:41,99.3500,20
2018-08-16 09:43:45,99.3700,16
2018-08-16 09:43:46,99.3200,10
2018-08-16 09:43:47,99.3200,10
2018-08-16 09:43:49,99.3600,53
2018-08-16 09:43:50,99.3600,53
2018-08-16 09:43:51,99.3700,69
2018-08-16 09:43:52,99.3200,39
2018-08-16 09:43:53,99.3200,39
2018-08-16 09:43:54,99.3100,49
2018-08-16 09:43:56,99.3100,1
2018-08-16 09:43:57,99.3200,28
2018-08-16 09:43:58,99.3200,28
2018-08-16 09:43:59,99.3100,7
2018-08-16 09:44:01,99.3100,7
2018-08-16 09:44:02,99.3100,7
2018-08-16 09:44:04,99.3100,7
2018-08-16 09:44:05,99.3100,7
2018-08-16 09:44:11,99.3100,7
2018-08-16 09:44:14,99.3100,7
2018-08-16 09:44:15,99.4100,32
2018-08-16 09:44:17,99.3900,35
2018-08-16 09:44:18,99.4100,36
2018-08-16 09:44:19,99.4100,36
2018-08-16 09:44:20,99.3300,36
2018-08-16 09:44:23,99.3300,36
2018-08-16 09:44:24,99.3400,70
2018-08-16 09:44:26,99.3400,6
2018-08-16 09:44:28,99.3300,52
2018-08-16 09:44:29,99.3600,75
2018-08-16 09:44:30,99.3600,75
2018-08-16 09:44:31,99.3100,6
2018-08-16 09:44:34,99.3100,6
2018-08-16 09:44:36,99.3100,6
2018-08-16 09:44:37,99.3100,6
2018-08-16 09:44:39,99.3100,6
2018-08-16 09:44:41,99.3600,14
2018-08-16 09:44:42,99.3700,67
2018-08-16 09:44:44,99.3200,39
2018-08-16 09:44:45,99.4200,10
2018-08-16 09:44:46,99.4200,10
2018-08-16 09:44:49,99.4100,15
2018-08-16 09:44:51,99.4300,41
2018-08-16 09:44:52,99.4300,41
2018-08-16 09:44:53,99.4300,41
2018-08-16 09:44:54,99.4300,41
2018-08-16 09:44:55,99.4300,48
2018-08-16 09:44:56,99.4300,48
2018-08-16 09:44:59,99.4300,48
2018-08-16 09:45:01,99.3400,1
2018-08-16 09:45:02,99.3400,1
2018-08-16 09:45:03,99.3400,1
2018-08-16 09:45:04,99.3400,1
2018-08-16 09:45:06,99.3400,1
2018-08-16 09:45:07,99.3400,92
2018-08-16 09:45:08,99.3400,26
2018-08-16 09:45:09,99.3300,13
2018-08-16 09:45:10,99.3800,25
2018-08-16 09:45:11,99.3800,25
2018-08-16 09:45:12,99.3800,25
2018-08-16 09:45:14,99.3300,19
2018-08-16 09:45:15,99.3100,18
2018-08-16 09:45:16,99.3100,18
2018-08-16 09:45:18,99.3100,49
2018-08-16 09:45:19,99.3100,49
2018-08-16 09:45:20,99.3500,25
2018-08-16 09:45:21,99.3100,10
2018-08-16 09:45:22,99.2900,38
2018-08-16 09:45:23,99.2900,38
2018-08-16 09:45:27,99.3500,23
2018-08-16 09:45:28,99.3500,73
2018-08-16 09:45:29,99.3800,13
2018-08-16 09:45:30,99.3800,13
2018-08-16 09:45:31,99.3800,13
2018-08-16 09:45:34,99.3800,3
2018-08-16 09:45:35,99.3800,3
2018-08-16 09:45:36,99.3900,72
2018-08-16 09:45:39,99.4000,32
2018-08-16 09:45:40,99.3700,32
2018-08-16 09:45:41,99.3600,20
2018-08-16 09:45:43,99.2800,61
2018-08-16 09:45:44,99.2800,61
2018-08-16 09:45:46,99.2800,61
2018-08-16 09:45:47,99.2800,61
2018-08-16 09:45:48,99.2800,61
2018-08-16 09:45:49,99.2800,61
2018-08-16 09:45:51,99.2800,61
2018-08-16 09:45:52,99.2800,61
2018-08-16 09:45:53,99.2800,61
2018-08-16 09:45:54,99.2800,61
2018-08-16 09:45:55,99.2800,61
2018-08-16 09:45:56,99.2800,61
2018-08-16 09:45:58,99.2800,61
2018-08-16 09:45:59,99.3200,7
2018-08-16 09:46:01,99.3200,7
2018-08-16 09:46:02,99.2800,42
2018-08-16 09:46:03,99.2800,42
2018-08-16 09:46:04,99.2800,42
2018-08-16 09:46:05,99.2800,42
2018-08-16 09:46:06,99.2800,42
2018-08-16 09:46:07,99.3100,5
2018-08-16 09:46:08,99.2800,43
2018-08-16 09:46:10,99.2400,41
2018-08-16 09:46:11,99.3200,96
2018-08-16 09:46:15,99.3200,96
2018-08-16 09:46:16,99.3200,96
2018-08-16 09:46:17,99.3200,96
2018-08-16 09:46:19,99.3200,96
2018-08-16 09:46:20,99.3200,96
2018-08-16 09:46:21,99.3200,33
2018-08-16 09:46:22,99.2800,3
2018-08-16 09:46:23,99.3200,66
2018-08-16 09:46:24,99.3200,66
2018-08-16 09:46:25,99.3200,66
2018-08-16 09:46:26,99.3200,66
2018-08-16 09:46:27,99.3200,66
2018-08-16 09:46:30,99.3200,66
2018-08-16 09:46:31,99.2800,53
2018-08-16 09:46:32,99.2800,53
2018-08-16 09:46:33,99.2600,91
2018-08-16 09:46:35,99.2500,28
2018-08-16 09:46:36,99.2400,32
2018-08-16 09:46:39,99.2400,32
2018-08-16 09:46:40,99.2400,39
2018-08-16 09:46:43,99.2300,95
2018-08-16 09:46:45,99.2300,95
2018-08-16 09:46:46,99.2300,95
2018-08-16 09:46:47,99.2300,24
2018-08-16 09:46:48,99.2300,69
2018-08-16 09:46:49,99.2300,29
2018-08-16 09:46:50,99.2300,29
2018-08-16 09:46:51,99.2300,29
2018-08-16 09:46:52,99.2400,44
2018-08-16 09:46:53,99.2400,44
2018-08-16 09:46:55,99.2400,44
2018-08-16 09:46:56,99.2300,34
2018-08-16 09:46:57,99.2300,116
2018-08-16 09:46:58,99.2200,81
2018-08-16 09:46:59,99.2200,41
2018-08-16 09:47:01,99.2200,41
2018-08-16 09:47:07,99.2200,6
2018-08-16 09:47:08,99.2200,6
2018-08-16 09:47:10,99.2000,68
2018-08-16 09:47:12,99.2000,68
2018-08-16 09:47:14,99.1600,108
2018-08-16 09:47:15,99.1600,108
2018-08-16 09:47:16,99.1700,13
2018-08-16 09:47:17,99.1700,13
2018-08-16 09:47:21,99.2200,19
2018-08-16 09:47:22,99.3300,83
2018-08-16 09:47:23,99.2600,66
2018-08-16 09:47:25,99.2600,66
2018-08-16 09:47:27,99.2600,43
2018-08-16 09:47:28,99.2400,65
2018-08-16 09:47:29,99.2400,65
2018-08-16 09:47:30,99.2400,65
2018-08-16 09:47:33,99.2400,65
2018-08-16 09:47:35,99.2400,65
2018-08-16 09:47:36,99.2400,65
2018-08-16 09:47:37,99.2400,65
2018-08-16 09:47:38,99.2600,57
2018-08-16 09:47:39,99.2200,32
2018-08-16 09:47:42,99.1900,9
2018-08-16 09:47:44,99.1700,18
2018-08-16 09:47:45,99.2100,79
2018-08-16 09:47:47,99.2600,86
2018-08-16 09:48:00,99.2600,86
2018-08-16 09:48:05,99.2600,86
2018-08-16 09:48:16,99.2000,52
2018-08-16 09:48:17,99.2000,52
2018-08-16 09:48:20,99.2000,52
2018-08-16 09:48:21,99.1600,42
2018-08-16 09:48:22,99.1500,35
2018-08-16 09:48:23,99.1500,11
2018-08-16 09:48:24,99.1500,11
2018-08-16 09:48:25,99.1500,11
2018-08-16 09:48:27,99.1500,11
2018-08-16 09:48:28,99.1500,23
2018-08-16 09:48:29,99.1500,23
2018-08-16 09:48:31,99.1500,23
2018-08-16 09:48:32,99.1500,23
2018-08-16 09:48:33,99.2000,51
2018-08-16 09:48:34,99.1900,29
2018-08-16 09:48:35,99.1900,29
2018-08-16 09:48:37,99.1900,29
2018-08-16 09:48:40,99.1600,49
2018-08-16 09:48:42,99.1600,49
2018-08-16 09:48:44,99.1600,49
2018-08-16 09:48:46,99.1600,49
2018-08-16 09:48:47,99.1600,74
2018-08-16 09:48:48,99.2300,47
2018-08-16 09:48:50,99.2300,47
2018-08-16 09:48:52,99.1900,2
2018-08-16 09:48:53,99.1900,62
2018-08-16 09:48:54,99.1900,62
2018-08-16 09:48:55,99.1900,62
2018-08-16 09:48:56,99.2000,40
2018-08-16 09:48:57,99.2700,39
2018-08-16 09:48:58,99.2700,24
2018-08-16 09:49:00,99.2700,24
2018-08-16 09:49:01,99.2800,124
2018-08-16 09:49:02,99.2800,124
2018-08-16 09:49:05,99.2700,25
2018-08-16 09:49:07,99.2700,54
2018-08-16 09:49:08,99.2800,10
2018-08-16 09:49:09,99.2900,47
2018-08-16 09:49:10,99.2900,47
2018-08-16 09:49:12,99.2900,47
2018-08-16 09:49:15,99.2900,47
2018-08-16 09:49:16,99.2900,51
2018-08-16 09:49:17,99.2800,59
2018-08-16 09:49:18,99.2800,59
2018-08-16 09:49:19,99.2000,15
2018-08-16 09:49:20,99.1900,15
2018-08-16 09:49:21,99.1400,25
2018-08-16 09:49:22,99.1400,63
2018-08-16 09:49:24,99.1700,44
2018-08-16 09:49:25,99.2800,23
2018-08-16 09:49:26,99.2800,23
2018-08-16 09:49:27,99.2800,23
2018-08-16 09:49:29,99.2300,91
2018-08-16 09:49:30,99.2300,91
2018-08-16 09:49:31,99.2300,91
2018-08-16 09:49:32,99.2300,30
2018-08-16 09:49:35,99.2300,23
2018-08-16 09:49:37,99.2300,23
2018-08-16 09:49:38,99.2300,109
2018-08-16 09:49:39,99.2400,32
2018-08-16 09:49:40,99.2400,32
2018-08-16 09:49:41,99.2400,77
2018-08-16 09:49:42,99.2500,54
2018-08-16 09:49:45,99.2100,62
2018-08-16 09:49:47,99.2100,74
2018-08-16 09:49:48,99.3200,50
2018-08-16 09:49:50,99.3200,50
2018-08-16 09:49:51,99.2200,59
2018-08-16 09:49:52,99.2200,59
2018-08-16 09:49:54,99.2200,59
2018-08-16 09:49:56,99.2200,59
2018-08-16 09:49:57,99.2200,59
2018-08-16 09:49:58,99.3200,20
2018-08-16 09:49:59,99.3200,20
2018-08-16 09:50:00,99.3200,20
2018-08-16 09:50:01,99.3200,20
2018-08-16 09:50:02,99.2600,96
2018-08-16 09:50:03,99.2600,96
2018-08-16 09:50:04,99.3200,23
2018-08-16 09:50:07,99.3200,23
2018-08-16 09:50:09,99.3200,23
2018-08-16 09:50:10,99.3200,23
2018-08-16 09:50:12,99.3200,23
2018-08-16 09:50:13,99.2500,10
2018-08-16 09:50:15,99.2400,65
2018-08-16 09:50:16,99.2400,65
2018-08-16 09:50:17,99.2400,65
2018-08-16 09:50:19,99.2500,26
2018-08-16 09:50:20,99.3000,42
2018-08-16 09:50:21,99.2900,43
2018-08-16 09:50:22,99.2900,43
2018-08-16 09:50:23,99.2800,13
2018-08-16 09:50:24,99.2600,33
2018-08-16 09:50:26,99.2600,114
2018-08-16 09:50:27,99.2600,18
2018-08-16 09:50:30,99.2600,13
2018-08-16 09:50:31,99.2600,13
2018-08-16 09:50:32,99.2600,13
2018-08-16 09:50:33,99.2800,63
2018-08-16 09:50:35,99.2800,63
2018-08-16 09:50:36,99.2800,189
2018-08-16 09:50:37,99.2400,31
2018-08-16 09:50:38,99.2400,31
2018-08-16 09:50:39,99.2400,31
2018-08-16 09:50:40,99.2400,31
2018-08-16 09:50:42,99.2900,63
2018-08-16 09:50:43,99.2900,1
2018-08-16 09:50:44,99.2900,2
2018-08-16 09:50:45,99.2400,39
2018-08-16 09:50:46,99.2400,39
2018-08-16 09:50:47,99.2400,39
2018-08-16 09:50:48,99.2400,9
2018-08-16 09:50:52,99.2200,9
2018-08-16 09:50:53,99.2400,69
2018-08-16 09:50:54,99.2400,69
2018-08-16 09:50:57,99.2400,69
2018-08-16 09:50:59,99.2400,7
2018-08-16 09:51:00,99.2400,7
2018-08-16 09:51:02,99.2400,7
2018-08-16 09:51:03,99.2400,72
2018-08-16 09:51:04,99.2700,33
2018-08-16 09:51:05,99.2700,33
2018-08-16 09:51:07,99.2700,33
2018-08-16 09:51:10,99.2700,33
2018-08-16 09:51:12,99.2700,33
2018-08-16 09:51:13,99.2300,15
2018-08-16 09:51:14,99.2300,15
2018-08-16 09:51:15,99.2300,15
2018-08-16 09:51:16,99.2600,120
2018-08-16 09:51:19,99.3000,12
2018-08-16 09:51:23,99.3000,12
2018-08-16 09:51:27,99.3000,12
2018-08-16 09:51:29,99.3000,67
2018-08-16 09:51:30,99.3000,67
2018-08-16 09:51:32,99.3000,67
2018-08-16 09:51:33,99.3000,67
2018-08-16 09:51:34,99.3000,67
2018-08-16 09:51:38,99.3000,67
2018-08-16 09:51:40,99.3000,67
2018-08-16 09:51:41,99.3000,67
2018-08-16 09:51:42,99.3000,67
2018-08-16 09:51:44,99.3000,67
2018-08-16 09:51:45,99.2200,110
2018-08-16 09:51:46,99.2200,110
2018-08-16 09:51:47,99.2300,4
2018-08-16 09:51:49,99.2300,4
2018-08-16 09:51:50,99.2300,4
2018-08-16 09:51:52,99.2300,4
2018-08-16 09:51:54,99.2300,38
2018-08-16 09:51:55,99.2300,24
2018-08-16 09:51:56,99.2300,24
2018-08-16 09:51:57,99.2200,66
2018-08-16 09:51:58,99.2200,6
2018-08-16 09:51:59,99.2200,6
2018-08-16 09:52:00,99.2200,6
2018-08-16 09:52:02,99.2700,22
2018-08-16 09:52:03,99.2700,22
2018-08-16 09:52:05,99.2700,22
2018-08-16 09:52:06,99.2700,22
2018-08-16 09:52:07,99.2700,22
2018-08-16 09:52:09,99.2200,8
2018-08-16 09:52:10,99.2200,8
2018-08-16 09:52:12,99.2200,8
2018-08-16 09:52:13,99.2200,15
2018-08-16 09:52:14,99.2400,34
2018-08-16 09:52:15,99.2400,34
2018-08-16 09:52:16,99.2400,37
2018-08-16 09:52:18,99.2500,44
2018-08-16 09:52:20,99.2600,32
2018-08-16 09:52:21,99.2100,14
2018-08-16 09:52:22,99.1900,42
2018-08-16 09:52:23,99.1900,23
2018-08-16 09:52:25,99.1900,23
2018-08-16 09:52:27,99.1900,23
2018-08-16 09:52:28,99.2000,31
2018-08-16 09:52:29,99.2600,25
2018-08-16 09:52:30,99.2600,91
2018-08-16 09:52:32,99.2000,13
2018-08-16 09:52:33,99.2000,13
2018-08-16 09:52:35,99.2000,13
2018-08-16 09:52:36,99.2500,27
2018-08-16 09:52:37,99.2100,101
2018-08-16 09:52:40,99.2100,41
2018-08-16 09:52:44,99.2600,21
2018-08-16 09:52:45,99.2600,21
2018-08-16 09:52:46,99.2600,21
2018-08-16 09:52:47,99.2600,21
2018-08-16 09:52:48,99.1800,71
2018-08-16 09:52:50,99.1800,71
2018-08-16 09:52:51,99.1800,71
2018-08-16 09:52:52,99.2600,57
2018-08-16 09:52:54,99.2600,57
2018-08-16 09:52:55,99.2600,57
2018-08-16 09:52:57,99.2600,57
2018-08-16 09:52:58,99.2000,102
2018-08-16 09:52:59,99.2400,5
2018-08-16 09:53:00,99.2400,2
2018-08-16 09:53:02,99.2700,41
2018-08-16 09:53:04,99.1800,78
2018-08-16 09:53:05,99.1700,12
2018-08-16 09:53:07,99.1700,12
2018-08-16 09:53:08,99.2100,20
2018-08-16 09:53:09,99.2100,20
2018-08-16 09:53:10,99.2300,4
2018-08-16 09:53:11,99.1600,17
2018-08-16 09:53:12,99.1600,17
2018-08-16 09:53:14,99.2100,2
2018-08-16 09:53:15,99.2100,2
2018-08-16 09:53:17,99.2600,140
2018-08-16 09:53:18,99.2700,26
2018-08-16 09:53:19,99.2700,26
2018-08-16 09:53:20,99.2700,26
2018-08-16 09:53:23,99.1900,72
2018-08-16 09:53:24,99.3300,20
2018-08-16 09:53:25,99.3300,20
2018-08-16 09:53:27,99.3300,20
2018-08-16 09:53:30,99.3300,20
2018-08-16 09:53:32,99.2600,29
2018-08-16 09:53:33,99.2300,11
2018-08-16 09:53:34,99.2600,19
2018-08-16 09:53:35,99.2600,19
2018-08-16 09:53:36,99.2600,19
2018-08-16 09:53:37,99.2600,19
2018-08-16 09:53:39,99.2400,55
2018-08-16 09:53:40,99.2300,131
2018-08-16 09:53:42,99.2300,131
2018-08-16 09:53:44,99.1900,29
2018-08-16 09:53:45,99.1800,56
2018-08-16 09:53:46,99.1900,25
2018-08-16 09:53:47,99.2100,108
2018-08-16 09:53:49,99.2100,108
2018-08-16 09:53:50,99.2200,8
2018-08-16 09:53:52,99.2200,8
2018-08-16 09:53:57,99.1600,45
2018-08-16 09:53:58,99.1600,45
2018-08-16 09:53:59,99.1700,2
2018-08-16 09:54:00,99.1700,26
2018-08-16 09:54:01,99.1400,1
2018-08-16 09:54:04,99.1400,30
2018-08-16 09:54:06,99.1300,23
2018-08-16 09:54:07,99.1300,23
2018-08-16 09:54:08,99.1300,23
2018-08-16 09:54:09,99.1400,30
2018-08-16 09:54:10,99.1400,30
2018-08-16 09:54:11,99.1400,16
2018-08-16 09:54:12,99.1500,51
2018-08-16 09:54:14,99.1200,68
2018-08-16 09:54:15,99.1100,26
2018-08-16 09:54:17,99.1100,37
2018-08-16 09:54:18,99.1000,88
2018-08-16 09:54:19,99.1000,88
2018-08-16 09:54:20,99.1000,29
2018-08-16 09:54:22,99.1000,29
2018-08-16 09:54:23,99.1000,7
2018-08-16 09:54:25,99.1000,7
2018-08-16 09:54:27,99.1000,7
2018-08-16 09:54:30,99.0900,5
2018-08-16 09:54:31,99.0900,21
2018-08-16 09:54:32,99.0700,4
2018-08-16 09:54:33,99.1100,81
2018-08-16 09:54:34,99.1100,81
2018-08-16 09:54:35,99.1100,81
2018-08-16 09:54:36,99.1100,81
2018-08-16 09:54:37,99.1100,81
2018-08-16 09:54:38,99.1500,36
2018-08-16 09:54:40,99.1700,11
2018-08-16 09:54:44,99.1700,11
2018-08-16 09:54:45,99.1700,11
2018-08-16 09:54:46,99.0700,83
2018-08-16 09:54:47,99.0600,57
2018-08-16 09:54:49,99.0600,25
2018-08-16 09:54:50,99.0600,25
2018-08-16 09:54:52,99.0600,25
2018-08-16 09:54:53,99.0600,25
2018-08-16 09:54:55,99.1500,23
2018-08-16 09:54:57,99.1500,67
2018-08-16 09:54:59,99.1700,15
2018-08-16 09:55:00,99.2000,52
2018-08-16 09:55:01,99.2000,52
2018-08-16 09:55:02,99.2100,21
2018-08-16 09:55:03,99.2000,21
2018-08-16 09:55:05,99.1500,26
2018-08-16 09:55:06,99.1500,26
2018-08-16 09:55:07,99.0600,38
2018-08-16 09:55:08,99.0600,124
2018-08-16 09:55:09,99.0000,12
2018-08-16 09:55:10,99.0000,12
2018-08-16 09:55:11,98.9800,13
2018-08-16 09:55:12,98.9100,50
2018-08-16 09:55:13,98.9100,5
2018-08-16 09:55:14,98.9100,5
2018-08-16 09:55:15,98.9100,5
2018-08-16 09:55:17,98.9100,5
2018-08-16 09:55:20,98.9100,5
2018-08-16 09:55:23,98.9200,41
2018-08-16 09:55:24,98.8500,155
2018-08-16 09:55:25,98.8500,155
2018-08-16 09:55:26,98.8500,155
2018-08-16 09:55:29,98.8500,155
2018-08-16 09:55:30,98.9200,55
2018-08-16 09:55:32,98.8700,54
2018-08-16 09:55:33,98.8700,54
2018-08-16 09:55:35,98.8700,54
2018-08-16 09:55:36,98.9600,114
2018-08-16 09:55:37,98.9600,114
2018-08-16 09:55:38,98.9600,114
2018-08-16 09:55:40,98.9600,15
2018-08-16 09:55:41,98.8700,7
2018-08-16 09:55:42,99.0100,3
2018-08-16 09:55:43,98.9000,31
2018-08-16 09:55:47,98.9000,17
2018-08-16 09:55:48,98.9000,17
2018-08-16 09:55:49,98.9000,88
2018-08-16 09:55:50,98.9000,26
2018-08-16 09:55:51,98.9000,26
2018-08-16 09:55:52,98.9000,26
2018-08-16 09:55:53,98.9000,26
2018-08-16 09:55:55,98.8800,23
2018-08-16 09:55:56,98.8800,93
2018-08-16 09:55:57,98.8800,93
2018-08-16 09:55:59,98.8800,10
2018-08-16 09:56:00,98.8000,60
2018-08-16 09:56:02,98.8000,60
2018-08-16 09:56:03,98.8000,60
2018-08-16 09:56:04,98.8000,60
2018-08-16 09:56:05,98.8000,60
2018-08-16 09:56:07,98.8200,43
2018-08-16 09:56:08,98.8600,22
2018-08-16 09:56:10,98.8600,22
2018-08-16 09:56:11,98.8600,22
2018-08-16 09:56:12,98.8600,22
2018-08-16 09:56:13,98.9100,60
2018-08-16 09:56:15,98.9100,60
2018-08-16 09:56:17,98.9100,60
2018-08-16 09:56:19,98.9100,60
2018-08-16 09:56:20,98.9100,60
2018-08-16 09:56:21,98.9100,60
2018-08-16 09:56:25,98.9100,60
2018-08-16 09:56:26,98.9100,93
2018-08-16 09:56:27,98.9100,14
2018-08-16 09:56:30,98.9100,14
2018-08-16 09:56:31,98.9000,28
2018-08-16 09:56:32,98.9000,28
2018-08-16 09:56:33,98.9000,9
2018-08-16 09:56:34,98.9000,7
2018-08-16 09:56:35,98.8200,4
2018-08-16 09:56:38,98.8200,4
2018-08-16 09:56:39,98.9000,12
2018-08-16 09:56:42,98.8200,40
2018-08-16 09:56:43,98.8700,4
2018-08-16 09:56:44,98.9000,10
2018-08-16 09:56:45,98.9000,10
2018-08-16 09:56:49,98.9000,10
2018-08-16 09:56:52,98.9000,10
2018-08-16 09:56:53,98.9000,10
2018-08-16 09:56:56,98.8800,1
2018-08-16 09:57:01,98.8300,72
2018-08-16 09:57:03,98.8300,72
2018-08-16 09:57:05,98.8300,72
2018-08-16 09:57:06,98.8600,26
2018-08-16 09:57:07,98.9000,67
2018-08-16 09:57:09,98.9000,67
2018-08-16 09:57:11,98.9000,67
2018-08-16 09:57:12,98.9000,16
2018-08-16 09:57:15,98.9100,36
2018-08-16 09:57:16,98.8400,46
2018-08-16 09:57:19,98.8300,13
2018-08-16 09:57:20,98.8300,13
2018-08-16 09:57:21,98.8300,13
2018-08-16 09:57:22,98.8300,13
2018-08-16 09:57:23,98.8500,97
2018-08-16 09:57:24,98.8300,64
2018-08-16 09:57:25,98.8300,64
2018-08-16 09:57:26,98.8300,64
2018-08-16 09:57:27,98.8300,64
2018-08-16 09:57:29,98.8300,64
2018-08-16 09:57:30,98.8300,64
2018-08-16 09:57:31,98.8300,64
2018-08-16 09:57:34,98.8000,2
2018-08-16 09:57:35,98.8000,2
2018-08-16 09:57:36,98.8600,15
2018-08-16 09:57:38,98.8600,15
2018-08-16 09:57:40,98.8600,15
2018-08-16 09:57:41,98.8600,15
2018-08-16 09:57:42,98.8600,34
2018-08-16 09:57:45,98.8600,34
2018-08-16 09:57:46,98.8600,19
2018-08-16 09:57:48,98.8000,127
2018-08-16 09:57:49,98.8000,127
2018-08-16 09:57:50,98.8000,127
2018-08-16 09:57:51,98.8000,127
2018-08-16 09:57:53,98.8000,127
2018-08-16 09:57:54,98.8000,127
2018-08-16 09:57:55,98.8000,127
2018-08-16 09:57:56,98.8600,102
2018-08-16 09:57:57,98.8600,4
2018-08-16 09:57:58,98.8800,5
2018-08-16 09:57:59,98.8800,5
2018-08-16 09:58:00,98.8800,24
2018-08-16 09:58:02,98.8800,59
2018-08-16 09:58:03,98.8800,4
2018-08-16 09:58:04,98.9100,61
2018-08-16 09:58:05,98.9300,42
2018-08-16 09:58:08,98.9000,46
2018-08-16 09:58:09,98.8200,3
2018-08-16 09:58:10,98.8200,3
2018-08-16 09:58:11,98.8300,6
2018-08-16 09:58:12,98.9300,34
2018-08-16 09:58:14,98.9000,159
2018-08-16 09:58:15,98.9000,159
2018-08-16 09:58:17,98.9000,8
2018-08-16 09:58:18,98.8800,53
2018-08-16 09:58:19,98.8800,53
2018-08-16 09:58:20,98.7800,21
2018-08-16 09:58:21,98.7800,44
2018-08-16 09:58:23,98.7800,44
2018-08-16 09:58:25,98.7800,44
2018-08-16 09:58:26,98.7800,34
2018-08-16 09:58:27,98.7900,32
2018-08-16 09:58:28,98.7400,9
2018-08-16 09:58:32,98.7000,70
2018-08-16 09:58:34,98.7000,70
2018-08-16 09:58:35,98.6500,48
2018-08-16 09:58:36,98.6800,1
2018-08-16 09:58:37,98.6800,1
2018-08-16 09:58:38,98.6800,1
2018-08-16 09:58:39,98.6800,60
2018-08-16 09:58:41,98.6800,5
2018-08-16 09:58:42,98.6800,5
2018-08-16 09:58:44,98.7400,72
2018-08-16 09:58:45,98.7400,72
2018-08-16 09:58:47,98.7200,97
2018-08-16 09:58:48,98.7200,97
2018-08-16 09:58:49,98.7200,97
2018-08-16 09:58:50,98.7700,4
2018-08-16 09:58:51,98.7700,4
2018-08-16 09:58:55,98.7500,30
2018-08-16 09:58:56,98.7800,48
2018-08-16 09:58:58,98.7800,16
2018-08-16 09:58:59,98.8700,68
2018-08-16 09:59:00,98.8900,9
2018-08-16 09:59:02,98.8900,57
2018-08-16 09:59:03,98.8900,32
2018-08-16 09:59:04,98.8700,57
2018-08-16 09:59:05,98.8700,57
2018-08-16 09:59:08,98.8000,51
2018-08-16 09:59:09,98.8000,51
2018-08-16 09:59:10,98.8000,51
2018-08-16 09:59:11,98.8000,51
2018-08-16 09:59:12,98.8000,56
2018-08-16 09:59:13,98.8000,14
2018-08-16 09:59:14,98.8000,14
2018-08-16 09:59:15,98.8000,14
2018-08-16 09:59:16,98.7600,31
2018-08-16 09:59:17,98.7600,31
2018-08-16 09:59:18,98.7600,31
2018-08-16 09:59:19,98.7100,34
2018-08-16 09:59:20,98.7100,34
2018-08-16 09:59:25,98.7900,20
2018-08-16 09:59:27,98.7500,3
2018-08-16 09:59:29,98.7100,56
2018-08-16 09:59:30,98.7100,56
2018-08-16 09:59:31,98.7100,56
2018-08-16 09:59:32,98.7200,26
2018-08-16 09:59:33,98.7200,26
2018-08-16 09:59:34,98.7200,26
2018-08-16 09:59:35,98.7200,9
2018-08-16 09:59:36,98.7200,9
2018-08-16 09:59:37,98.7200,9
2018-08-16 09:59:38,98.8000,53
2018-08-16 09:59:40,98.8000,53
2018-08-16 09:59:41,98.8000,53
2018-08-16 09:59:42,98.8000,53
2018-08-16 09:59:44,98.8000,10
2018-08-16 09:59:45,98.8000,4
2018-08-16 09:59:46,98.8000,4
2018-08-16 09:59:48,98.8000,4
2018-08-16 09:59:49,98.8100,59
2018-08-16 09:59:50,98.8100,107
2018-08-16 09:59:51,98.7100,41
2018-08-16 09:59:52,98.7100,7
2018-08-16 09:59:53,98.7100,7
2018-08-16 09:59:54,98.7100,7
2018-08-16 09:59:55,98.8100,19
2018-08-16 09:59:56,98.8400,19
2018-08-16 09:59:57,98.8400,53
2018-08-16 09:59:58,98.8400,53
2018-08-16 10:00:00,98.8400,2
2018-08-16 10:00:01,98.8600,3
2018-08-16 10:00:02,98.8500,148
2018-08-16 10:00:03,98.8500,148
2018-08-16 10:00:05,98.8500,148
2018-08-16 10:00:10,98.8500,148
2018-08-16 10:00:11,98.8100,12
2018-08-16 10:00:13,98.8600,92
2018-08-16 10:00:19,98.8600,7
2018-08-16 10:00:22,98.9000,2
2018-08-16 10:00:24,98.9000,2
2018-08-16 10:00:25,98.8600,10
2018-08-16 10:00:26,98.8200,1
2018-08-16 10:00:29,98.8000,25
2018-08-16 10:00:30,98.8000,25
2018-08-16 10:00:31,98.8000,25
2018-08-16 10:00:34,98.8000,25
2018-08-16 10:00:35,98.8600,58
2018-08-16 10:00:36,98.8500,5
2018-08-16 10:00:37,98.8600,24
2018-08-16 10:00:38,98.8600,24
2018-08-16 10:00:40,98.8600,24
2018-08-16 10:00:43,98.8600,32
2018-08-16 10:00:44,98.8600,32
2018-08-16 10:00:45,98.8600,32
2018-08-16 10:00:49,98.8600,32
2018-08-16 10:00:50,98.8600,32
2018-08-16 10:00:51,98.8200,22
2018-08-16 10:00:52,98.7900,116
2018-08-16 10:00:53,98.8400,41
2018-08-16 10:00:54,98.8400,41
2018-08-16 10:00:55,98.8300,74
2018-08-16 10:00:57,98.9100,23
2018-08-16 10:00:59,98.9100,52
2018-08-16 10:01:00,98.8800,15
2018-08-16 10:01:01,98.9100,61
2018-08-16 10:01:02,98.9100,61
2018-08-16 10:01:03,98.9100,61
2018-08-16 10:01:04,98.9300,53
2018-08-16 10:01:05,98.9300,3
2018-08-16 10:01:06,98.9500,24
2018-08-16 10:01:09,98.9000,26
2018-08-16 10:01:11,98.8800,80
2018-08-16 10:01:12,98.8700,47
2018-08-16 10:01:13,98.9300,60
2018-08-16 10:01:15,98.9300,60
2018-08-16 10:01:16,98.9300,42
2018-08-16 10:01:17,98.9300,42
2018-08-16 10:01:18,98.8900,17
2018-08-16 10:01:19,98.8700,3
2018-08-16 10:01:20,98.8700,3
2018-08-16 10:01:21,98.8600,13
2018-08-16 10:01:24,98.8300,18
2018-08-16 10:01:25,98.8300,7
2018-08-16 10:01:26,98.8300,7
2018-08-16 10:01:27,98.8300,7
2018-08-16 10:01:28,98.8700,48
2018-08-16 10:01:29,98.8700,48
2018-08-16 10:01:30,98.8700,48
2018-08-16 10:01:31,98.8700,48
2018-08-16 10:01:32,98.8700,86
2018-08-16 10:01:34,98.8700,52
2018-08-16 10:01:35,98.8400,12
2018-08-16 10:01:36,98.8400,12
2018-08-16 10:01:37,98.8400,12
2018-08-16 10:01:38,98.8400,38
2018-08-16 10:01:39,98.8400,1
2018-08-16 10:01:40,98.8400,1
2018-08-16 10:01:41,98.8700,12
2018-08-16 10:01:43,98.9000,2
2018-08-16 10:01:45,98.9600,41
2018-08-16 10:01:46,98.9600,26
2018-08-16 10:01:47,98.8800,20
2018-08-16 10:01:49,98.9600,24
2018-08-16 10:01:50,98.9600,24
2018-08-16 10:01:51,98.8800,18
2018-08-16 10:01:53,98.8300,72
2018-08-16 10:01:58,99.0200,12
2018-08-16 10:01:59,99.0200,12
2018-08-16 10:02:01,99.0200,12
2018-08-16 10:02:04,99.0300,45
2018-08-16 10:02:05,99.0000,14
2018-08-16 10:02:06,98.8600,1
2018-08-16 10:02:09,98.9300,26
2018-08-16 10:02:10,98.8400,16
2018-08-16 10:02:11,98.8400,16
2018-08-16 10:02:12,98.8400,16
2018-08-16 10:02:14,99.0200,92
2018-08-16 10:02:17,99.2200,40
2018-08-16 10:02:18,99.2200,40
2018-08-16 10:02:19,99.2200,40
2018-08-16 10:02:20,99.2200,40
2018-08-16 10:02:21,99.0900,1
2018-08-16 10:02:22,99.1100,31
2018-08-16 10:02:24,99.0900,27
2018-08-16 10:02:25,99.1100,43
2018-08-16 10:02:26,99.1100,43
2018-08-16 10:02:27,99.2000,44
2018-08-16 10:02:28,99.2000,44
2018-08-16 10:02:29,99.2000,44
2018-08-16 10:02:30,99.2000,22
2018-08-16 10:02:31,99.2000,22
2018-08-16 10:02:35,99.3600,11
2018-08-16 10:02:36,99.3600,11
2018-08-16 10:02:39,99.3600,11
2018-08-16 10:02:41,99.3600,11
2018-08-16 10:02:43,99.3600,11
2018-08-16 10:02:44,99.4500,13
2018-08-16 10:02:45,99.4500,13
2018-08-16 10:02:46,99.4500,13
2018-08-16 10:02:47,99.4500,13
2018-08-16 10:02:48,99.4500,13
2018-08-16 10:02:49,99.4200,39
2018-08-16 10:02:50,99.4400,64
2018-08-16 10:02:51,99.4200,1
2018-08-16 10:02:52,99.4200,6
2018-08-16 10:02:53,99.4200,6
2018-08-16 10:02:54,99.4200,6
2018-08-16 10:02:55,99.4200,6
2018-08-16 10:02:56,99.3800,76
2018-08-16 10:02:57,99.3800,54
2018-08-16 10:02:58,99.3700,9
2018-08-16 10:03:00,99.3600,91
2018-08-16 10:03:01,99.2800,14
2018-08-16 10:03:04,99.2800,115
2018-08-16 10:03:05,99.3200,60
2018-08-16 10:03:06,99.3100,14
2018-08-16 10:03:08,99.3500,6
2018-08-16 10:03:09,99.3500,6
2018-08-16 10:03:11,99.3500,6
2018-08-16 10:03:13,99.3100,14
2018-08-16 10:03:15,99.2000,3
2018-08-16 10:03:16,99.2000,3
2018-08-16 10:03:18,99.2000,3
2018-08-16 10:03:20,99.2000,3
2018-08-16 10:03:21,99.2000,3
2018-08-16 10:03:22,99.2000,3
2018-08-16 10:03:25,99.2000,3
2018-08-16 10:03:26,99.2000,3
2018-08-16 10:03:27,99.2000,3
2018-08-16 10:03:30,99.2000,3
2018-08-16 10:03:31,99.2000,3
2018-08-16 10:03:33,99.2000,3
2018-08-16 10:03:34,99.2000,3
2018-08-16 10:03:35,99.2000,3
2018-08-16 10:03:36,99.2000,3
2018-08-16 10:03:37,99.2000,3
2018-08-16 10:03:38,99.2000,3
2018-08-16 10:03:40,99.2000,3
2018-08-16 10:03:41,99.2000,3
2018-08-16 10:03:45,99.2000,3
2018-08-16 10:03:46,99.1200,11
2018-08-16 10:03:50,99.1200,11
2018-08-16 10:03:51,99.1200,11
2018-08-16 10:03:53,99.1200,15
2018-08-16 10:03:54,99.1200,15
2018-08-16 10:03:55,99.1200,15
2018-08-16 10:03:58,99.1200,15
2018-08-16 10:04:00,99.1200,15
2018-08-16 10:04:01,99.1700,9
2018-08-16 10:04:03,99.1700,9
2018-08-16 10:04:05,99.1700,9
2018-08-16 10:04:06,99.1300,7
2018-08-16 10:04:07,99.1800,34
2018-08-16 10:04:08,99.1800,34
2018-08-16 10:04:10,99.1300,54
2018-08-16 10:04:14,99.1400,6
2018-08-16 10:04:15,99.1300,126
2018-08-16 10:04:16,99.1200,8
2018-08-16 10:04:17,99.1500,28
2018-08-16 10:04:18,99.1500,52
2018-08-16 10:04:19,99.1800,5
2018-08-16 10:04:20,99.1200,27
2018-08-16 10:04:21,99.1100,91
2018-08-16 10:04:23,99.1200,7
2018-08-16 10:04:24,99.1200,7
2018-08-16 10:04:25,99.1200,7
2018-08-16 10:04:26,99.1200,7
2018-08-16 10:04:27,99.1200,7
2018-08-16 10:04:30,99.1700,59
2018-08-16 10:04:31,99.1700,59
2018-08-16 10:04:32,99.2200,3
2018-08-16 10:04:34,99.2400,6
2018-08-16 10:04:35,99.2400,6
2018-08-16 10:04:36,99.2300,32
2018-08-16 10:04:37,99.2400,58
2018-08-16 10:04:38,99.2400,58
2018-08-16 10:04:41,99.2400,58
2018-08-16 10:04:42,99.2300,26
2018-08-16 10:04:43,99.2200,101
2018-08-16 10:04:45,99.2200,10
2018-08-16 10:04:46,99.1700,76
2018-08-16 10:04:51,99.1700,76
2018-08-16 10:04:52,99.1700,4
2018-08-16 10:04:53,99.1800,4
2018-08-16 10:04:55,99.2300,59
2018-08-16 10:04:56,99.2300,59
2018-08-16 10:04:57,99.1900,11
2018-08-16 10:04:59,99.1600,32
2018-08-16 10:05:01,99.1600,59
2018-08-16 10:05:04,99.1600,15
2018-08-16 10:05:06,99.1300,59
2018-08-16 10:05:07,99.1600,80
2018-08-16 10:05:08,99.1700,59
2018-08-16 10:05:10,99.1800,38
2018-08-16 10:05:11,99.1600,3
2018-08-16 10:05:16,99.1300,16
2018-08-16 10:05:17,99.1300,8
2018-08-16 10:05:20,99.0000,2
2018-08-16 10:05:21,99.0000,2
2018-08-16 10:05:22,99.0000,2
2018-08-16 10:05:23,99.0000,2
2018-08-16 10:05:24,99.0000,2
2018-08-16 10:05:26,99.0000,2
2018-08-16 10:05:29,99.1400,40
2018-08-16 10:05:31,99.1900,32
2018-08-16 10:05:34,99.1900,32
2018-08-16 10:05:36,99.1900,32
2018-08-16 10:05:37,99.1900,32
2018-08-16 10:05:38,99.1200,3
2018-08-16 10:05:39,99.1200,3
2018-08-16 10:05:40,99.1200,32
2018-08-16 10:05:41,99.1900,17
2018-08-16 10:05:43,99.1900,17
2018-08-16 10:05:44,99.1900,17
2018-08-16 10:05:47,99.1400,35
2018-08-16 10:05:49,99.1100,9
2018-08-16 10:05:51,99.1100,9
2018-08-16 10:05:53,99.1100,26
2018-08-16 10:05:54,99.1100,26
2018-08-16 10:05:56,99.1100,26
2018-08-16 10:05:58,99.1000,29
2018-08-16 10:05:59,99.1000,10
2018-08-16 10:06:01,99.1600,25
2018-08-16 10:06:02,99.1600,25
2018-08-16 10:06:03,99.1200,39
2018-08-16 10:06:04,99.1600,18
2018-08-16 10:06:06,99.1300,51
2018-08-16 10:06:07,99.1400,18
2018-08-16 10:06:08,99.1200,31
2018-08-16 10:06:10,99.1200,6
2018-08-16 10:06:11,99.1200,72
2018-08-16 10:06:12,99.1200,72
2018-08-16 10:06:13,99.1200,72
2018-08-16 10:06:14,99.1600,33
2018-08-16 10:06:15,99.1900,10
2018-08-16 10:06:16,99.1900,10
2018-08-16 10:06:17,99.1400,30
2018-08-16 10:06:18,99.1900,59
2018-08-16 10:06:19,99.1200,19
2018-08-16 10:06:20,99.1200,19
2018-08-16 10:06:21,99.1200,19
2018-08-16 10:06:22,99.1700,3
2018-08-16 10:06:23,99.1700,37
2018-08-16 10:06:25,99.1200,10
2018-08-16 10:06:26,99.1200,10
2018-08-16 10:06:27,99.1200,10
2018-08-16 10:06:30,99.1200,10
2018-08-16 10:06:31,99.1200,10
2018-08-16 10:06:32,99.1200,10
2018-08-16 10:06:33,99.1900,26
2018-08-16 10:06:34,99.1800,41
2018-08-16 10:06:36,99.1200,35
2018-08-16 10:06:39,99.1200,35
2018-08-16 10:06:40,99.1200,35
2018-08-16 10:06:41,99.1900,52
2018-08-16 10:06:43,99.1900,52
2018-08-16 10:06:45,99.1900,52
2018-08-16 10:06:46,99.1900,52
2018-08-16 10:06:48,99.1900,52
2018-08-16 10:06:49,99.1900,52
2018-08-16 10:06:50,99.1900,52
2018-08-16 10:06:51,99.1900,52
2018-08-16 10:06:52,99.1900,52
2018-08-16 10:06:53,99.1400,1
2018-08-16 10:06:55,99.1400,1
2018-08-16 10:06:56,99.1400,1
2018-08-16 10:07:00,99.1400,1
2018-08-16 10:07:01,99.1400,1
2018-08-16 10:07:03,99.1600,39
2018-08-16 10:07:04,99.1600,39
2018-08-16 10:07:05,99.2000,45
2018-08-16 10:07:06,99.2000,45
2018-08-16 10:07:08,99.2000,45
2018-08-16 10:07:10,99.2000,45
2018-08-16 10:07:11,99.2000,45
2018-08-16 10:07:16,99.2000,45
2018-08-16 10:07:18,99.1200,62
2018-08-16 10:07:20,99.1100,8
2018-08-16 10:07:21,99.1800,47
2018-08-16 10:07:25,99.1800,47
2018-08-16 10:07:26,99.1800,47
2018-08-16 10:07:27,99.1800,47
2018-08-16 10:07:28,99.1800,47
2018-08-16 10:07:31,99.1800,47
2018-08-16 10:07:32,99.1800,47
2018-08-16 10:07:35,99.1800,47
2018-08-16 10:07:38,99.0900,63
2018-08-16 10:07:39,99.0900,63
2018-08-16 10:07:40,99.0900,82
2018-08-16 10:07:41,99.0800,58
2018-08-16 10:07:43,99.0800,52
2018-08-16 10:07:44,99.0800,25
2018-08-16 10:07:46,99.0800,30
2018-08-16 10:07:47,99.0800,31
2018-08-16 10:07:48,99.0800,31
2018-08-16 10:07:49,99.0800,31
2018-08-16 10:07:50,99.0800,31
2018-08-16 10:07:51,99.0900,10
2018-08-16 10:07:53,99.1300,69
2018-08-16 10:07:56,99.1800,41
2018-08-16 10:07:57,99.1800,41
2018-08-16 10:07:58,99.1800,41
2018-08-16 10:08:01,99.1600,3
2018-08-16 10:08:02,99.1900,69
2018-08-16 10:08:06,99.1800,14
2018-08-16 10:08:10,99.1700,50
2018-08-16 10:08:11,99.1800,109
2018-08-16 10:08:12,99.1900,14
2018-08-16 10:08:13,99.1900,14
2018-08-16 10:08:16,99.1900,14
2018-08-16 10:08:17,99.1400,123
2018-08-16 10:08:20,99.1300,28
2018-08-16 10:08:23,99.2300,17
2018-08-16 10:08:24,99.2300,17
2018-08-16 10:08:25,99.1000,55
2018-08-16 10:08:26,99.1000,10
2018-08-16 10:08:28,99.1000,10
2018-08-16 10:08:30,99.0900,46
2018-08-16 10:08:31,99.1000,8
2018-08-16 10:08:32,99.1000,28
2018-08-16 10:08:36,99.1100,10
2018-08-16 10:08:38,99.1200,90
2018-08-16 10:08:39,99.1200,90
2018-08-16 10:08:40,99.0800,59
2018-08-16 10:08:42,99.1000,49
2018-08-16 10:08:43,99.1400,34
2018-08-16 10:08:44,99.1400,34
2018-08-16 10:08:46,99.1400,34
2018-08-16 10:08:47,99.1000,18
2018-08-16 10:08:48,99.1300,18
2018-08-16 10:08:51,99.1300,18
2018-08-16 10:08:52,99.1300,18
2018-08-16 10:08:53,99.1300,51
2018-08-16 10:08:54,99.1300,51
2018-08-16 10:08:55,99.1900,28
2018-08-16 10:08:56,99.2400,40
2018-08-16 10:09:01,99.2400,40
2018-08-16 10:09:03,99.2400,40
2018-08-16 10:09:04,99.2400,40
2018-08-16 10:09:06,99.2400,40
2018-08-16 10:09:07,99.2400,60
2018-08-16 10:09:08,99.2400,60
2018-08-16 10:09:09,99.2500,1
2018-08-16 10:09:11,99.2500,39
2018-08-16 10:09:12,99.2500,1
2018-08-16 10:09:13,99.2500,1
2018-08-16 10:09:16,99.2600,1
2018-08-16 10:09:17,99.2100,53
2018-08-16 10:09:18,99.2100,18
2018-08-16 10:09:20,99.2000,20
2018-08-16 10:09:21,99.2000,20
2018-08-16 10:09:22,99.2000,20
2018-08-16 10:09:23,99.2200,42
2018-08-16 10:09:27,99.2200,2
2018-08-16 10:09:28,99.2500,36
2018-08-16 10:09:29,99.2100,51
2018-08-16 10:09:30,99.2100,51
2018-08-16 10:09:31,99.1900,10
2018-08-16 10:09:32,99.1900,94
2018-08-16 10:09:34,99.1900,94
2018-08-16 10:09:38,99.2100,43
2018-08-16 10:09:39,99.2100,43
2018-08-16 10:09:41,99.2100,43
2018-08-16 10:09:43,99.1600,28
2018-08-16 10:09:45,99.2200,89
2018-08-16 10:09:46,99.2000,13
2018-08-16 10:09:49,99.2000,13
2018-08-16 10:09:51,99.2300,13
2018-08-16 10:09:52,99.2300,13
2018-08-16 10:10:00,99.2000,91
2018-08-16 10:10:01,99.2000,3
2018-08-16 10:10:03,99.2000,3
2018-08-16 10:10:05,99.2000,3
2018-08-16 10:10:06,99.2000,3
2018-08-16 10:10:07,99.2000,3
2018-08-16 10:10:09,99.2000,3
2018-08-16 10:10:10,99.2000,3
2018-08-16 10:10:11,99.2000,3
2018-08-16 10:10:13,99.2300,76
2018-08-16 10:10:15,99.2300,46
2018-08-16 10:10:16,99.2300,3
2018-08-16 10:10:17,99.2300,3
2018-08-16 10:10:20,99.2300,3
2018-08-16 10:10:21,99.2300,34
2018-08-16 10:10:24,99.2000,4
2018-08-16 10:10:26,99.2000,59
2018-08-16 10:10:27,99.2100,64
2018-08-16 10:10:28,99.2100,18
2018-08-16 10:10:30,99.2600,32
2018-08-16 10:10:31,99.2600,20
2018-08-16 10:10:32,99.2600,2
2018-08-16 10:10:34,99.1400,77
2018-08-16 10:10:35,99.1400,77
2018-08-16 10:10:41,99.1400,77
2018-08-16 10:10:43,99.1400,77
2018-08-16 10:10:46,99.1400,77
2018-08-16 10:10:48,99.2100,42
2018-08-16 10:10:49,99.2100,42
2018-08-16 10:10:50,99.2100,42
2018-08-16 10:10:51,99.2300,26
2018-08-16 10:10:52,99.2300,26
2018-08-16 10:11:01,99.2300,26
2018-08-16 10:11:05,99.2400,2
2018-08-16 10:11:06,99.1800,81
2018-08-16 10:11:07,99.1100,27
2018-08-16 10:11:08,99.2400,82
2018-08-16 10:11:10,99.2400,82
2018-08-16 10:11:11,99.2400,82
2018-08-16 10:11:12,99.2400,82
2018-08-16 10:11:16,99.2400,82
2018-08-16 10:11:17,99.2400,82
2018-08-16 10:11:18,99.2100,51
2018-08-16 10:11:19,99.2100,51
2018-08-16 10:11:20,99.2300,36
2018-08-16 10:11:21,99.2300,36
2018-08-16 10:11:23,99.2400,70
2018-08-16 10:11:24,99.2400,70
2018-08-16 10:11:28,99.2800,52
2018-08-16 10:11:29,99.2900,40
2018-08-16 10:11:30,99.2900,40
2018-08-16 10:11:31,99.2700,2
2018-08-16 10:11:33,99.2700,2
2018-08-16 10:11:34,99.2700,84
2018-08-16 10:11:36,99.1800,52
2018-08-16 10:11:37,99.1700,93
2018-08-16 10:11:38,99.1700,93
2018-08-16 10:11:39,99.1700,93
2018-08-16 10:11:40,99.0900,18
2018-08-16 10:11:41,99.0900,93
2018-08-16 10:11:43,99.0800,8
2018-08-16 10:11:44,99.1000,5
2018-08-16 10:11:45,99.1100,80
2018-08-16 10:11:46,99.1100,4
2018-08-16 10:11:47,99.0900,23
2018-08-16 10:11:48,99.0900,23
2018-08-16 10:11:49,99.0900,23
2018-08-16 10:11:51,99.0900,23
2018-08-16 10:11:52,99.1000,13
2018-08-16 10:11:55,99.1600,2
2018-08-16 10:11:56,99.1600,2
2018-08-16 10:11:57,99.1000,25
2018-08-16 10:12:00,99.1600,16
2018-08-16 10:12:01,99.0900,79
2018-08-16 10:12:04,99.0800,24
2018-08-16 10:12:06,99.0600,12
2018-08-16 10:12:07,99.0500,16
2018-08-16 10:12:10,99.0600,61
2018-08-16 10:12:11,99.0600,61
2018-08-16 10:12:12,99.0600,61
2018-08-16 10:12:14,99.1000,27
2018-08-16 10:12:16,99.1000,27
2018-08-16 10:12:19,99.1100,53
2018-08-16 10:12:20,99.1100,53
2018-08-16 10:12:21,99.1100,21
2018-08-16 10:12:22,99.0600,15
2018-08-16 10:12:24,99.1200,10
2018-08-16 10:12:26,99.1200,53
2018-08-16 10:12:27,99.1300,8
2018-08-16 10:12:29,99.1300,8
2018-08-16 10:12:31,99.1300,8
2018-08-16 10:12:34,99.1700,43
2018-08-16 10:12:36,99.1600,44
2018-08-16 10:12:37,99.1600,44
2018-08-16 10:12:38,99.1600,44
2018-08-16 10:12:41,99.1600,28
2018-08-16 10:12:42,99.1600,28
2018-08-16 10:12:46,99.2000,73
2018-08-16 10:12:47,99.2000,73
2018-08-16 10:12:49,99.2000,28
2018-08-16 10:12:51,99.1600,18
2018-08-16 10:12:53,99.1600,18
2018-08-16 10:12:54,99.1600,18
2018-08-16 10:12:55,99.2200,77
2018-08-16 10:12:56,99.2400,137
2018-08-16 10:12:57,99.2200,55
2018-08-16 10:12:58,99.2200,55
2018-08-16 10:13:01,99.2200,55
2018-08-16 10:13:02,99.2400,13
2018-08-16 10:13:03,99.2400,13
2018-08-16 10:13:06,99.2400,5
2018-08-16 10:13:07,99.2600,12
2018-08-16 10:13:08,99.3100,44
2018-08-16 10:13:09,99.2500,17
2018-08-16 10:13:10,99.2500,17
2018-08-16 10:13:13,99.3100,27
2018-08-16 10:13:16,99.2500,77
2018-08-16 10:13:17,99.2700,14
2018-08-16 10:13:19,99.2700,14
2018-08-16 10:13:21,99.3400,17
2018-08-16 10:13:23,99.3400,36
2018-08-16 10:13:24,99.3700,13
2018-08-16 10:13:26,99.3700,13
2018-08-16 10:13:29,99.3400,17
2018-08-16 10:13:31,99.3400,17
2018-08-16 10:13:35,99.3400,17
2018-08-16 10:13:36,99.3300,71
2018-08-16 10:13:41,99.3300,7
2018-08-16 10:13:45,99.3300,7
2018-08-16 10:13:46,99.3300,7
2018-08-16 10:13:47,99.3300,7
2018-08-16 10:13:49,99.3400,21
2018-08-16 10:13:51,99.3700,23
2018-08-16 10:13:52,99.3700,23
2018-08-16 10:13:53,99.3700,23
2018-08-16 10:13:55,99.3700,29
2018-08-16 10:13:56,99.4000,2
2018-08-16 10:13:57,99.4000,7
2018-08-16 10:13:58,99.4000,7
2018-08-16 10:14:01,99.3600,75
2018-08-16 10:14:04,99.3800,45
2018-08-16 10:14:05,99.3800,45
2018-08-16 10:14:06,99.3800,45
2018-08-16 10:14:09,99.3800,13
2018-08-16 10:14:10,99.3600,38
2018-08-16 10:14:11,99.4200,4
2018-08-16 10:14:12,99.3500,11
2018-08-16 10:14:14,99.3500,15
2018-08-16 10:14:15,99.3200,44
2018-08-16 10:14:19,99.3200,44
2018-08-16 10:14:20,99.3200,44
2018-08-16 10:14:21,99.3200,44
2018-08-16 10:14:24,99.3200,44
2018-08-16 10:14:25,99.3200,44
2018-08-16 10:14:26,99.3200,44
2018-08-16 10:14:30,99.3200,44
2018-08-16 10:14:31,99.3200,44
2018-08-16 10:14:34,99.4100,47
2018-08-16 10:14:35,99.4100,47
2018-08-16 10:14:36,99.3900,30
2018-08-16 10:14:38,99.3400,164
2018-08-16 10:14:41,99.3600,14
2018-08-16 10:14:43,99.3600,14
2018-08-16 10:14:45,99.3600,36
2018-08-16 10:14:46,99.3400,14
2018-08-16 10:14:49,99.3200,9
2018-08-16 10:14:54,99.3200,76
2018-08-16 10:14:55,99.3800,48
2018-08-16 10:14:56,99.3800,48
2018-08-16 10:14:59,99.3800,48
2018-08-16 10:15:01,99.3800,48
2018-08-16 10:15:02,99.3800,48
2018-08-16 10:15:03,99.3800,48
2018-08-16 10:15:09,99.3700,9
2018-08-16 10:15:10,99.3700,9
2018-08-16 10:15:11,99.3700,19
2018-08-16 10:15:12,99.3900,41
2018-08-16 10:15:15,99.2900,25
2018-08-16 10:15:17,99.3800,2
2018-08-16 10:15:18,99.4100,30
2018-08-16 10:15:20,99.4100,30
2018-08-16 10:15:21,99.4100,30
2018-08-16 10:15:23,99.3400,1
2018-08-16 10:15:25,99.3400,14
2018-08-16 10:15:26,99.3400,14
2018-08-16 10:15:27,99.3400,14
2018-08-16 10:15:30,99.2900,11
2018-08-16 10:15:31,99.3300,25
2018-08-16 10:15:32,99.3300,25
2018-08-16 10:15:33,99.3300,25
2018-08-16 10:15:34,99.3400,5
2018-08-16 10:15:35,99.3400,5
2018-08-16 10:15:38,99.3400,55
2018-08-16 10:15:39,99.3300,9
2018-08-16 10:15:41,99.3300,82
2018-08-16 10:15:43,99.3800,48
2018-08-16 10:15:44,99.3800,48
2018-08-16 10:15:48,99.3100,87
2018-08-16 10:15:49,99.2900,43
2018-08-16 10:15:50,99.2900,43
2018-08-16 10:15:51,99.2900,76
2018-08-16 10:15:52,99.2900,76
2018-08-16 10:15:55,99.3600,79
2018-08-16 10:15:56,99.3600,79
2018-08-16 10:15:57,99.3600,79
2018-08-16 10:15:59,99.3600,79
2018-08-16 10:16:00,99.2600,95
2018-08-16 10:16:01,99.2500,16
2018-08-16 10:16:04,99.2500,54
2018-08-16 10:16:05,99.2500,54
2018-08-16 10:16:10,99.2700,14
2018-08-16 10:16:12,99.2300,57
2018-08-16 10:16:13,99.2300,57
2018-08-16 10:16:14,99.2400,20
2018-08-16 10:16:15,99.2400,20
2018-08-16 10:16:16,99.2300,51
2018-08-16 10:16:17,99.2400,4
2018-08-16 10:16:18,99.2400,4
2018-08-16 10:16:19,99.2400,4
2018-08-16 10:16:26,99.2400,4
2018-08-16 10:16:28,99.2200,14
2018-08-16 10:16:29,99.2200,43
2018-08-16 10:16:31,99.2400,4
2018-08-16 10:16:32,99.2400,63
2018-08-16 10:16:33,99.2100,70
2018-08-16 10:16:34,99.2400,12
2018-08-16 10:16:35,99.2400,9
2018-08-16 10:16:36,99.2500,2
2018-08-16 10:16:37,99.2500,42
2018-08-16 10:16:38,99.2500,42
2018-08-16 10:16:41,99.2500,42
2018-08-16 10:16:43,99.2500,42
2018-08-16 10:16:46,99.2400,62
2018-08-16 10:16:47,99.2400,2
2018-08-16 10:16:49,99.2500,25
2018-08-16 10:16:56,99.2500,25
2018-08-16 10:16:57,99.2100,19
2018-08-16 10:16:58,99.2100,19
2018-08-16 10:17:00,99.2100,19
2018-08-16 10:17:01,99.2100,19
2018-08-16 10:17:03,99.2100,32
2018-08-16 10:17:04,99.1900,44
2018-08-16 10:17:06,99.1900,74
2018-08-16 10:17:07,99.1800,39
2018-08-16 10:17:10,99.1700,69
2018-08-16 10:17:11,99.1700,69
2018-08-16 10:17:12,99.1700,7
2018-08-16 10:17:14,99.1700,7
2018-08-16 10:17:16,99.1700,7
2018-08-16 10:17:18,99.1700,7
2018-08-16 10:17:19,99.1700,7
2018-08-16 10:17:21,99.1800,48
2018-08-16 10:17:22,99.1500,9
2018-08-16 10:17:23,99.1500,9
2018-08-16 10:17:24,99.1500,9
2018-08-16 10:17:26,99.1500,9
2018-08-16 10:17:27,99.1500,9
2018-08-16 10:17:29,99.1700,138
2018-08-16 10:17:30,99.1400,16
2018-08-16 10:17:31,99.1400,16
2018-08-16 10:17:32,99.1400,16
2018-08-16 10:17:33,99.1700,21
2018-08-16 10:17:37,99.1700,21
2018-08-16 10:17:40,99.1700,21
2018-08-16 10:17:41,99.1400,15
2018-08-16 10:17:42,99.1400,15
2018-08-16 10:17:45,99.2100,53
2018-08-16 10:17:46,99.2100,53
2018-08-16 10:17:47,99.2100,38
2018-08-16 10:17:48,99.2100,38
2018-08-16 10:17:49,99.2100,38
2018-08-16 10:17:50,99.2100,38
2018-08-16 10:17:51,99.2100,38
2018-08-16 10:17:52,99.2200,48
2018-08-16 10:17:56,99.2200,48
2018-08-16 10:17:57,99.2200,48
2018-08-16 10:17:58,99.2200,48
2018-08-16 10:17:59,99.2200,48
2018-08-16 10:18:00,99.2200,48
2018-08-16 10:18:01,99.2200,48
2018-08-16 10:18:03,99.2200,59
2018-08-16 10:18:04,99.2100,1
2018-08-16 10:18:05,99.1400,34
2018-08-16 10:18:06,99.1400,34
2018-08-16 10:18:08,99.1400,73
2018-08-16 10:18:11,99.1100,53
2018-08-16 10:18:12,99.1100,53
2018-08-16 10:18:13,99.1100,53
2018-08-16 10:18:16,99.1100,53
2018-08-16 10:18:17,99.1600,28
2018-08-16 10:18:18,99.1100,20
2018-08-16 10:18:20,99.0400,19
2018-08-16 10:18:21,99.2000,60
2018-08-16 10:18:24,99.2000,60
2018-08-16 10:18:26,99.2000,60
2018-08-16 10:18:27,99.0400,10
2018-08-16 10:18:30,99.0400,93
2018-08-16 10:18:32,99.0400,52
2018-08-16 10:18:33,99.0100,40
2018-08-16 10:18:34,99.0100,40
2018-08-16 10:18:36,99.0600,22
2018-08-16 10:18:37,98.9200,22
2018-08-16 10:18:38,98.9200,22
2018-08-16 10:18:39,98.9200,22
2018-08-16 10:18:40,98.9200,22
2018-08-16 10:18:41,98.8300,1
2018-08-16 10:18:44,98.8300,1
2018-08-16 10:18:46,98.8300,1
2018-08-16 10:18:47,98.8300,1
2018-08-16 10:18:48,98.8300,1
2018-08-16 10:18:50,98.8300,1
2018-08-16 10:18:52,98.7900,27
2018-08-16 10:18:53,98.8000,31
2018-08-16 10:18:54,98.8000,31
2018-08-16 10:18:55,98.8000,31
2018-08-16 10:18:56,98.7300,22
2018-08-16 10:18:57,98.6900,3
2018-08-16 10:18:58,98.6900,3
2018-08-16 10:19:01,98.6900,3
2018-08-16 10:19:02,98.6700,24
2018-08-16 10:19:05,98.6700,24
2018-08-16 10:19:06,98.6700,24
2018-08-16 10:19:07,98.6400,60
2018-08-16 10:19:08,98.6400,60
2018-08-16 10:19:09,98.6400,60
2018-08-16 10:19:10,98.6400,60
2018-08-16 10:19:11,98.6400,60
2018-08-16 10:19:12,98.6700,12
2018-08-16 10:19:13,98.6400,74
2018-08-16 10:19:14,98.6300,30
2018-08-16 10:19:15,98.6300,30
2018-08-16 10:19:16,98.6300,30
2018-08-16 10:19:18,98.6300,3
2018-08-16 10:19:21,98.6300,3
2018-08-16 10:19:22,98.6300,3
2018-08-16 10:19:23,98.6300,3
2018-08-16 10:19:24,98.6300,3
2018-08-16 10:19:26,98.5700,7
2018-08-16 10:19:27,98.5900,4
2018-08-16 10:19:29,98.5900,4
2018-08-16 10:19:31,98.5900,4
2018-08-16 10:19:32,98.5700,46
2018-08-16 10:19:33,98.5700,46
2018-08-16 10:19:34,98.5300,51
2018-08-16 10:19:36,98.5300,51
2018-08-16 10:19:37,98.5300,51
2018-08-16 10:19:39,98.5300,51
2018-08-16 10:19:41,98.5300,51
2018-08-16 10:19:46,98.5800,64
2018-08-16 10:19:47,98.5800,64
2018-08-16 10:19:48,98.5800,21
2018-08-16 10:19:51,98.4800,37
2018-08-16 10:19:52,98.4800,37
2018-08-16 10:19:55,98.5100,46
2018-08-16 10:19:56,98.5900,71
2018-08-16 10:19:57,98.5900,71
2018-08-16 10:19:58,98.5900,71
2018-08-16 10:20:01,98.5900,71
2018-08-16 10:20:02,98.5900,71
2018-08-16 10:20:05,98.5900,71
2018-08-16 10:20:07,98.5900,71
2018-08-16 10:20:08,98.5900,71
2018-08-16 10:20:09,98.5900,71
2018-08-16 10:20:12,98.6300,160
2018-08-16 10:20:17,98.6100,2
2018-08-16 10:20:18,98.6500,93
2018-08-16 10:20:19,98.6800,40
2018-08-16 10:20:20,98.6700,14
2018-08-16 10:20:21,98.6700,14
2018-08-16 10:20:22,98.6700,26
2018-08-16 10:20:26,98.6700,26
2018-08-16 10:20:27,98.6700,46
2018-08-16 10:20:28,98.6700,46
2018-08-16 10:20:32,98.6800,46
2018-08-16 10:20:33,98.6800,46
2018-08-16 10:20:37,98.6800,46
2018-08-16 10:20:38,98.6700,58
2018-08-16 10:20:39,98.6400,57
2018-08-16 10:20:42,98.6300,32
2018-08-16 10:20:43,98.6300,13
2018-08-16 10:20:45,98.6300,13
2018-08-16 10:20:46,98.6900,75
2018-08-16 10:20:47,98.6900,75
2018-08-16 10:20:48,98.6900,75
2018-08-16 10:20:50,98.6400,61
2018-08-16 10:20:51,98.6000,20
2018-08-16 10:20:52,98.6000,20
2018-08-16 10:20:53,98.6000,20
2018-08-16 10:20:59,98.6000,20
2018-08-16 10:21:00,98.6000,20
2018-08-16 10:21:02,98.5700,27
2018-08-16 10:21:04,98.5700,27
2018-08-16 10:21:06,98.5700,99
2018-08-16 10:21:07,98.5500,7
2018-08-16 10:21:09,98.5500,7
2018-08-16 10:21:10,98.5500,34
2018-08-16 10:21:11,98.5500,34
2018-08-16 10:21:12,98.5500,34
2018-08-16 10:21:13,98.4400,30
2018-08-16 10:21:16,98.4000,43
2018-08-16 10:21:17,98.5300,36
2018-08-16 10:21:18,98.5300,36
2018-08-16 10:21:20,98.5300,36
2018-08-16 10:21:22,98.5300,36
2018-08-16 10:21:24,98.5200,70
2018-08-16 10:21:26,98.5200,70
2018-08-16 10:21:27,98.3900,22
2018-08-16 10:21:29,98.4100,32
2018-08-16 10:21:31,98.4100,32
2018-08-16 10:21:32,98.4100,32
2018-08-16 10:21:33,98.4300,28
2018-08-16 10:21:34,98.6400,23
2018-08-16 10:21:35,98.6400,178
2018-08-16 10:21:36,98.6400,178
2018-08-16 10:21:41,98.6400,178
2018-08-16 10:21:42,98.6400,178
2018-08-16 10:21:43,98.5600,31
2018-08-16 10:21:44,98.5500,58
2018-08-16 10:21:45,98.5400,99
2018-08-16 10:21:47,98.5400,99
2018-08-16 10:21:48,98.5400,19
2018-08-16 10:21:49,98.4800,2
2018-08-16 10:21:50,98.5500,19
2018-08-16 10:21:51,98.5500,19
2018-08-16 10:21:52,98.5500,19
2018-08-16 10:21:53,98.6200,13
2018-08-16 10:21:57,98.6200,13
2018-08-16 10:21:59,98.5900,75
2018-08-16 10:22:00,98.5900,75
2018-08-16 10:22:01,98.5500,40
2018-08-16 10:22:02,98.5500,40
2018-08-16 10:22:03,98.5500,17
2018-08-16 10:22:04,98.5500,17
2018-08-16 10:22:05,98.5500,17
2018-08-16 10:22:06,98.5500,17
2018-08-16 10:22:07,98.5500,72
2018-08-16 10:22:08,98.5600,18
2018-08-16 10:22:09,98.5500,14
2018-08-16 10:22:11,98.5500,7
2018-08-16 10:22:12,98.5500,11
2018-08-16 10:22:13,98.6000,36
2018-08-16 10:22:14,98.6000,25
2018-08-16 10:22:17,98.6000,25
2018-08-16 10:22:18,98.6000,25
2018-08-16 10:22:19,98.6000,25
2018-08-16 10:22:22,98.5500,24
2018-08-16 10:22:25,98.5500,24
2018-08-16 10:22:26,98.5800,24
2018-08-16 10:22:27,98.5800,24
2018-08-16 10:22:29,98.6200,23
2018-08-16 10:22:32,98.6300,29
2018-08-16 10:22:34,98.6000,13
2018-08-16 10:22:36,98.6000,43
2018-08-16 10:22:37,98.6000,43
2018-08-16 10:22:39,98.4900,26
2018-08-16 10:22:40,98.4900,26
2018-08-16 10:22:42,98.4900,26
2018-08-16 10:22:43,98.4900,26
2018-08-16 10:22:49,98.4900,26
2018-08-16 10:22:50,98.5700,57
2018-08-16 10:22:52,98.5400,48
2018-08-16 10:22:53,98.5400,10
2018-08-16 10:22:55,98.4200,108
2018-08-16 10:22:56,98.5200,73
2018-08-16 10:22:57,98.5200,73
2018-08-16 10:22:58,98.5200,73
2018-08-16 10:22:59,98.5700,28
2018-08-16 10:23:00,98.4600,10
2018-08-16 10:23:02,98.4500,12
2018-08-16 10:23:07,98.4500,12
2018-08-16 10:23:08,98.4900,12
2018-08-16 10:23:09,98.4900,12
2018-08-16 10:23:11,98.5700,52
2018-08-16 10:23:12,98.5400,8
2018-08-16 10:23:13,98.5600,83
2018-08-16 10:23:14,98.5800,8
2018-08-16 10:23:15,98.5800,8
2018-08-16 10:23:16,98.5800,8
2018-08-16 10:23:17,98.5800,8
2018-08-16 10:23:18,98.5800,8
2018-08-16 10:23:21,98.5800,8
2018-08-16 10:23:22,98.5800,8
2018-08-16 10:23:23,98.5800,8
2018-08-16 10:23:25,98.5800,8
2018-08-16 10:23:26,98.5800,8
2018-08-16 10:23:27,98.5800,8
2018-08-16 10:23:28,98.5800,8
2018-08-16 10:23:29,98.5800,8
2018-08-16 10:23:32,98.5100,19
2018-08-16 10:23:33,98.5100,19
2018-08-16 10:23:35,98.5000,20
2018-08-16 10:23:36,98.4900,8
2018-08-16 10:23:37,98.4900,36
2018-08-16 10:23:38,98.5000,9
2018-08-16 10:23:39,98.5200,35
2018-08-16 10:23:40,98.5200,35
2018-08-16 10:23:41,98.5200,35
2018-08-16 10:23:42,98.5200,35
2018-08-16 10:23:49,98.4900,76
2018-08-16 10:23:52,98.4900,76
2018-08-16 10:23:54,98.4900,47
2018-08-16 10:23:57,98.4900,54
2018-08-16 10:23:58,98.4900,64
2018-08-16 10:23:59,98.4900,34
2018-08-16 10:24:01,98.4800,109
2018-08-16 10:24:02,98.5100,57
2018-08-16 10:24:03,98.5100,57
2018-08-16 10:24:07,98.5100,57
2018-08-16 10:24:08,98.5100,57
2018-08-16 10:24:11,98.5100,57
2018-08-16 10:24:12,98.5100,57
2018-08-16 10:24:15,98.4300,7
2018-08-16 10:24:17,98.4300,7
2018-08-16 10:24:18,98.5000,32
2018-08-16 10:24:19,98.5000,32
2018-08-16 10:24:20,98.5000,32
2018-08-16 10:24:21,98.4400,27
2018-08-16 10:24:22,98.4000,63
2018-08-16 10:24:23,98.4000,63
2018-08-16 10:24:24,98.4000,63
2018-08-16 10:24:27,98.4000,63
2018-08-16 10:24:29,98.3800,14
2018-08-16 10:24:30,98.3800,18
2018-08-16 10:24:31,98.4200,103
2018-08-16 10:24:32,98.5100,1
2018-08-16 10:24:33,98.5100,44
2018-08-16 10:24:34,98.5100,27
2018-08-16 10:24:36,98.5000,57
2018-08-16 10:24:37,98.5000,56
2018-08-16 10:24:38,98.5000,46
2018-08-16 10:24:39,98.5000,46
2018-08-16 10:24:40,98.5000,46
2018-08-16 10:24:41,98.5000,17
2018-08-16 10:24:42,98.5300,41
2018-08-16 10:24:43,98.5200,16
2018-08-16 10:24:44,98.4900,8
2018-08-16 10:24:46,98.4900,8
2018-08-16 10:24:47,98.4900,8
2018-08-16 10:24:48,98.5000,46
2018-08-16 10:24:49,98.4900,79
2018-08-16 10:24:51,98.4900,79
2018-08-16 10:24:52,98.5200,5
2018-08-16 10:24:53,98.5200,5
2018-08-16 10:24:54,98.5200,5
2018-08-16 10:24:55,98.5300,27
2018-08-16 10:24:56,98.5300,27
2018-08-16 10:24:57,98.5300,27
2018-08-16 10:25:02,98.5300,27
2018-08-16 10:25:03,98.5900,50
2018-08-16 10:25:05,98.5400,137
2018-08-16 10:25:06,98.4900,41
2018-08-16 10:25:07,98.4900,41
2018-08-16 10:25:08,98.5700,111
2018-08-16 10:25:09,98.5700,111
2018-08-16 10:25:10,98.5700,111
2018-08-16 10:25:12,98.5700,111
2018-08-16 10:25:13,98.5500,19
2018-08-16 10:25:17,98.5500,19
2018-08-16 10:25:18,98.5600,9
2018-08-16 10:25:19,98.5100,4
2018-08-16 10:25:20,98.5100,4
2018-08-16 10:25:21,98.5100,23
2018-08-16 10:25:22,98.5100,23
2018-08-16 10:25:23,98.5100,23
2018-08-16 10:25:24,98.5100,23
2018-08-16 10:25:26,98.5100,23
2018-08-16 10:25:27,98.5100,23
2018-08-16 10:25:29,98.5600,8
2018-08-16 10:25:30,98.5600,8
2018-08-16 10:25:34,98.5600,8
2018-08-16 10:25:35,98.5600,8
2018-08-16 10:25:37,98.5600,8
2018-08-16 10:25:39,98.5400,9
2018-08-16 10:25:40,98.5000,41
2018-08-16 10:25:41,98.5000,41
2018-08-16 10:25:42,98.4900,21
2018-08-16 10:25:44,98.5900,28
2018-08-16 10:25:45,98.5700,36
2018-08-16 10:25:46,98.6100,23
2018-08-16 10:25:47,98.6100,23
2018-08-16 10:25:48,98.6100,23
2018-08-16 10:25:52,98.6100,23
2018-08-16 10:25:53,98.6100,23
2018-08-16 10:25:55,98.6100,23
2018-08-16 10:25:56,98.6100,23
2018-08-16 10:25:57,98.6100,23
2018-08-16 10:25:59,98.6100,23
2018-08-16 10:26:00,98.5700,14
2018-08-16 10:26:02,98.5700,14
2018-08-16 10:26:03,98.5700,14
2018-08-16 10:26:04,98.5700,58
2018-08-16 10:26:05,98.5700,19
2018-08-16 10:26:07,98.5700,27
2018-08-16 10:26:08,98.5700,27
2018-08-16 10:26:09,98.5700,27
2018-08-16 10:26:11,98.5700,27
2018-08-16 10:26:12,98.5700,52
2018-08-16 10:26:15,98.5700,52
2018-08-16 10:26:17,98.5500,56
2018-08-16 10:26:18,98.4500,2
2018-08-16 10:26:20,98.4500,2
2018-08-16 10:26:22,98.4500,2
2018-08-16 10:26:23,98.4500,2
2018-08-16 10:26:24,98.4500,2
2018-08-16 10:26:27,98.5500,32
2018-08-16 10:26:28,98.5500,34
2018-08-16 10:26:32,98.5500,34
2018-08-16 10:26:33,98.5700,56
2018-08-16 10:26:35,98.5700,56
2018-08-16 10:26:37,98.4500,61
2018-08-16 10:26:38,98.4300,29
2018-08-16 10:26:39,98.4300,29
2018-08-16 10:26:40,98.4600,51
2018-08-16 10:26:41,98.4600,60
2018-08-16 10:26:42,98.4300,8
2018-08-16 10:26:43,98.4600,8
2018-08-16 10:26:44,98.4900,29
2018-08-16 10:26:46,98.4900,29
2018-08-16 10:26:47,98.4900,29
2018-08-16 10:26:49,98.4900,29
2018-08-16 10:26:50,98.4900,29
2018-08-16 10:26:51,98.4900,39
2018-08-16 10:26:52,98.5500,35
2018-08-16 10:26:53,98.5600,12
2018-08-16 10:26:54,98.5600,12
2018-08-16 10:26:56,98.5600,12
2018-08-16 10:26:57,98.5600,17
2018-08-16 10:26:58,98.5600,17
2018-08-16 10:26:59,98.5600,17
2018-08-16 10:27:00,98.5600,17
2018-08-16 10:27:02,98.5500,89
2018-08-16 10:27:07,98.5400,17
2018-08-16 10:27:08,98.5200,17
2018-08-16 10:27:09,98.4900,46
2018-08-16 10:27:10,98.5200,18
2018-08-16 10:27:14,98.5500,42
2018-08-16 10:27:16,98.5500,42
2018-08-16 10:27:18,98.5500,42
2018-08-16 10:27:19,98.5100,18
2018-08-16 10:27:21,98.5100,18
2018-08-16 10:27:22,98.5100,77
2018-08-16 10:27:23,98.5700,25
2018-08-16 10:27:24,98.5700,25
2018-08-16 10:27:25,98.5600,88
2018-08-16 10:27:27,98.5600,88
2018-08-16 10:27:29,98.5600,88
2018-08-16 10:27:32,98.5600,88
2018-08-16 10:27:33,98.5600,88
2018-08-16 10:27:34,98.5600,88
2018-08-16 10:27:36,98.5600,88
2018-08-16 10:27:38,98.4900,5
2018-08-16 10:27:39,98.4900,118
2018-08-16 10:27:40,98.4900,118
2018-08-16 10:27:41,98.4900,118
2018-08-16 10:27:42,98.4900,118
2018-08-16 10:27:43,98.4700,2
2018-08-16 10:27:49,98.4700,2
2018-08-16 10:27:50,98.4700,2
2018-08-16 10:27:51,98.4700,2
2018-08-16 10:27:52,98.4700,55
2018-08-16 10:27:53,98.4800,55
2018-08-16 10:27:54,98.4900,60
2018-08-16 10:27:55,98.4900,60
2018-08-16 10:27:56,98.4900,60
2018-08-16 10:27:57,98.4900,60
2018-08-16 10:27:58,98.4900,60
2018-08-16 10:27:59,98.4900,60
2018-08-16 10:28:01,98.4900,60
2018-08-16 10:28:02,98.4900,60
2018-08-16 10:28:03,98.4500,10
2018-08-16 10:28:05,98.4200,35
2018-08-16 10:28:06,98.4200,35
2018-08-16 10:28:07,98.4200,35
2018-08-16 10:28:09,98.4800,41
2018-08-16 10:28:10,98.4800,18
2018-08-16 10:28:12,98.4800,18
2018-08-16 10:28:13,98.5000,46
2018-08-16 10:28:16,98.5000,32
2018-08-16 10:28:17,98.5000,32
2018-08-16 10:28:18,98.5000,32
2018-08-16 10:28:19,98.4500,36
2018-08-16 10:28:20,98.4500,36
2018-08-16 10:28:21,98.5000,67
2018-08-16 10:28:22,98.5000,17
2018-08-16 10:28:23,98.4200,64
2018-08-16 10:28:27,98.4200,64
2018-08-16 10:28:28,98.4100,33
2018-08-16 10:28:29,98.4100,33
2018-08-16 10:28:30,98.4100,43
2018-08-16 10:28:32,98.4300,9
2018-08-16 10:28:34,98.4300,9
2018-08-16 10:28:35,98.4200,13
2018-08-16 10:28:37,98.4200,13
2018-08-16 10:28:38,98.4100,58
2018-08-16 10:28:39,98.3800,21
2018-08-16 10:28:40,98.3800,21
2018-08-16 10:28:41,98.3800,21
2018-08-16 10:28:42,98.4700,8
2018-08-16 10:28:43,98.4400,81
2018-08-16 10:28:44,98.4400,81
2018-08-16 10:28:46,98.4400,81
2018-08-16 10:28:47,98.4400,81
2018-08-16 10:28:48,98.3800,4
2018-08-16 10:28:49,98.4200,40
2018-08-16 10:28:51,98.4200,40
2018-08-16 10:28:52,98.4700,14
2018-08-16 10:28:54,98.4700,14
2018-08-16 10:28:55,98.4700,14
2018-08-16 10:28:57,98.4700,14
2018-08-16 10:28:58,98.4700,45
2018-08-16 10:28:59,98.4700,45
2018-08-16 10:29:00,98.4700,45
2018-08-16 10:29:01,98.4700,45
2018-08-16 10:29:02,98.4700,10
2018-08-16 10:29:04,98.4500,87
2018-08-16 10:29:07,98.4900,52
2018-08-16 10:29:09,98.4900,52
2018-08-16 10:29:10,98.4900,52
2018-08-16 10:29:12,98.4900,52
2018-08-16 10:29:14,98.4900,52
2018-08-16 10:29:15,98.4300,1
2018-08-16 10:29:17,98.4800,9
2018-08-16 10:29:18,98.5000,37
2018-08-16 10:29:22,98.5100,42
2018-08-16 10:29:24,98.5100,42
2018-08-16 10:29:25,98.5100,42
2018-08-16 10:29:26,98.5100,42
2018-08-16 10:29:27,98.4100,10
2018-08-16 10:29:30,98.5100,93
2018-08-16 10:29:32,98.4100,31
2018-08-16 10:29:33,98.3800,113
2018-08-16 10:29:36,98.3500,14
2018-08-16 10:29:37,98.3500,14
2018-08-16 10:29:38,98.3500,4
2018-08-16 10:29:39,98.3800,21
2018-08-16 10:29:40,98.3800,21
2018-08-16 10:29:41,98.3800,21
2018-08-16 10:29:42,98.3800,21
2018-08-16 10:29:43,98.3300,32
2018-08-16 10:29:45,98.3600,72
2018-08-16 10:29:48,98.3600,72
2018-08-16 10:29:49,98.3300,13
2018-08-16 10:29:50,98.3300,13
2018-08-16 10:29:52,98.3300,13
2018-08-16 10:29:53,98.3300,13
2018-08-16 10:29:55,98.2300,16
2018-08-16 10:29:58,98.3300,20
2018-08-16 10:29:59,98.3800,1
2018-08-16 10:30:00,98.3800,1
2018-08-16 10:30:01,98.3300,26
2018-08-16 10:30:02,98.2300,129
2018-08-16 10:30:03,98.3600,14
2018-08-16 10:30:04,98.3800,27
2018-08-16 10:30:05,98.3800,29
2018-08-16 10:30:06,98.4200,90
2018-08-16 10:30:07,98.4200,90
2018-08-16 10:30:09,98.4200,90
2018-08-16 10:30:10,98.4200,90
2018-08-16 10:30:13,98.5200,3
2018-08-16 10:30:16,98.5200,3
2018-08-16 10:30:18,98.5200,3
2018-08-16 10:30:19,98.5200,3
2018-08-16 10:30:20,98.5200,3
2018-08-16 10:30:23,98.5200,3
2018-08-16 10:30:24,98.4400,78
2018-08-16 10:30:25,98.4400,78
2018-08-16 10:30:26,98.4400,78
2018-08-16 10:30:29,98.4900,24
2018-08-16 10:30:30,98.4900,24
2018-08-16 10:30:31,98.4900,24
2018-08-16 10:30:32,98.4900,24
2018-08-16 10:30:34,98.4200,7
2018-08-16 10:30:35,98.3900,89
2018-08-16 10:30:37,98.4400,12
2018-08-16 10:30:39,98.4400,12
2018-08-16 10:30:40,98.4400,7
2018-08-16 10:30:42,98.4400,7
2018-08-16 10:30:43,98.4400,7
2018-08-16 10:30:44,98.4400,7
2018-08-16 10:30:47,98.4400,76
2018-08-16 10:30:48,98.4400,76
2018-08-16 10:30:49,98.4400,76
2018-08-16 10:30:52,98.4500,64
2018-08-16 10:30:53,98.4500,22
2018-08-16 10:30:54,98.3700,51
2018-08-16 10:30:55,98.3700,51
2018-08-16 10:30:56,98.3700,51
2018-08-16 10:30:57,98.4900,14
2018-08-16 10:30:58,98.5100,19
2018-08-16 10:30:59,98.4800,9
2018-08-16 10:31:02,98.4800,9
2018-08-16 10:31:03,98.4800,9
2018-08-16 10:31:04,98.4800,9
2018-08-16 10:31:06,98.4800,9
2018-08-16 10:31:07,98.4800,9
2018-08-16 10:31:08,98.4800,9
2018-08-16 10:31:10,98.5300,12
2018-08-16 10:31:11,98.5300,12
2018-08-16 10:31:12,98.5300,12
2018-08-16 10:31:13,98.5300,12
2018-08-16 10:31:14,98.5300,2
2018-08-16 10:31:15,98.5100,105
2018-08-16 10:31:17,98.4900,40
2018-08-16 10:31:18,98.4900,40
2018-08-16 10:31:19,98.5400,5
2018-08-16 10:31:22,98.5400,5
2018-08-16 10:31:23,98.5400,5
2018-08-16 10:31:24,98.5500,109
2018-08-16 10:31:25,98.5700,4
2018-08-16 10:31:26,98.5800,117
2018-08-16 10:31:27,98.4900,57
2018-08-16 10:31:28,98.4800,45
2018-08-16 10:31:29,98.4900,12
2018-08-16 10:31:30,98.4900,12
2018-08-16 10:31:31,98.4900,17
2018-08-16 10:31:33,98.4900,17
2018-08-16 10:31:34,98.4900,14
2018-08-16 10:31:35,98.5800,67
2018-08-16 10:31:37,98.5400,66
2018-08-16 10:31:38,98.5400,66
2018-08-16 10:31:39,98.5400,31
2018-08-16 10:31:40,98.5400,31
2018-08-16 10:31:42,98.5400,31
2018-08-16 10:31:43,98.5400,31
2018-08-16 10:31:45,98.4900,36
2018-08-16 10:31:46,98.5200,68
2018-08-16 10:31:48,98.5200,5
2018-08-16 10:31:49,98.5200,107
2018-08-16 10:31:50,98.5200,107
2018-08-16 10:31:52,98.5200,107
2018-08-16 10:31:53,98.4900,10
2018-08-16 10:31:54,98.4900,10
2018-08-16 10:31:56,98.4900,19
2018-08-16 10:31:57,98.4900,19
2018-08-16 10:31:58,98.4800,1
2018-08-16 10:32:00,98.4900,3
2018-08-16 10:32:01,98.4900,3
2018-08-16 10:32:02,98.4900,3
2018-08-16 10:32:04,98.4900,3
2018-08-16 10:32:06,98.4900,3
2018-08-16 10:32:07,98.5600,24
2018-08-16 10:32:08,98.4800,8
2018-08-16 10:32:09,98.4800,8
2018-08-16 10:32:11,98.4800,8
2018-08-16 10:32:12,98.4400,21
2018-08-16 10:32:14,98.4400,105
2018-08-16 10:32:17,98.3700,24
2018-08-16 10:32:18,98.3500,8
2018-08-16 10:32:19,98.3500,70
2018-08-16 10:32:20,98.3700,30
2018-08-16 10:32:21,98.4800,13
2018-08-16 10:32:22,98.4800,13
2018-08-16 10:32:23,98.4800,13
2018-08-16 10:32:24,98.3400,6
2018-08-16 10:32:25,98.2700,58
2018-08-16 10:32:26,98.2700,58
2018-08-16 10:32:27,98.3000,12
2018-08-16 10:32:29,98.3300,42
2018-08-16 10:32:31,98.3300,42
2018-08-16 10:32:33,98.3300,42
2018-08-16 10:32:37,98.3300,42
2018-08-16 10:32:39,98.3300,42
2018-08-16 10:32:40,98.3300,42
2018-08-16 10:32:42,98.3300,42
2018-08-16 10:32:43,98.3300,42
2018-08-16 10:32:46,98.3300,42
2018-08-16 10:32:47,98.3300,42
2018-08-16 10:32:52,98.1400,2
2018-08-16 10:32:53,98.1300,40
2018-08-16 10:32:54,98.1300,40
2018-08-16 10:32:55,98.1300,40
2018-08-16 10:32:56,98.1800,21
2018-08-16 10:32:57,98.1500,34
2018-08-16 10:32:58,98.0900,1
2018-08-16 10:32:59,98.0900,12
2018-08-16 10:33:00,98.0900,37
2018-08-16 10:33:01,98.0100,21
2018-08-16 10:33:02,98.0100,69
2018-08-16 10:33:03,98.0100,69
2018-08-16 10:33:06,98.0100,69
2018-08-16 10:33:08,98.0100,69
2018-08-16 10:33:09,98.0100,7
2018-08-16 10:33:12,98.0000,47
2018-08-16 10:33:13,98.0000,47
2018-08-16 10:33:14,98.0000,47
2018-08-16 10:33:16,98.0000,47
2018-08-16 10:33:18,98.0000,47
2018-08-16 10:33:20,98.0200,21
2018-08-16 10:33:21,98.0200,21
2018-08-16 10:33:22,98.0200,21
2018-08-16 10:33:25,98.0100,3
2018-08-16 10:33:27,98.0000,53
2018-08-16 10:33:28,98.0000,53
2018-08-16 10:33:30,98.0000,10
2018-08-16 10:33:31,97.9600,39
2018-08-16 10:33:33,97.9500,35
2018-08-16 10:33:36,98.0700,97
2018-08-16 10:33:37,98.0900,37
2018-08-16 10:33:38,98.0900,37
2018-08-16 10:33:39,98.0700,40
2018-08-16 10:33:40,98.0700,40
2018-08-16 10:33:41,98.0600,95
2018-08-16 10:33:44,97.9000,14
2018-08-16 10:33:48,97.9500,27
2018-08-16 10:33:49,97.9400,19
2018-08-16 10:33:50,97.9400,19
2018-08-16 10:33:56,97.9400,19
2018-08-16 10:33:59,97.9400,19
2018-08-16 10:34:01,98.0600,172
2018-08-16 10:34:02,98.0200,5
2018-08-16 10:34:03,98.1000,53
2018-08-16 10:34:04,98.1000,53
2018-08-16 10:34:05,98.1000,53
2018-08-16 10:34:07,98.1000,53
2018-08-16 10:34:08,98.1000,53
2018-08-16 10:34:12,98.0500,32
2018-08-16 10:34:13,98.0500,32
2018-08-16 10:34:15,98.0500,32
2018-08-16 10:34:17,98.0500,32
2018-08-16 10:34:18,98.0500,32
2018-08-16 10:34:20,98.0800,23
2018-08-16 10:34:21,98.0900,13
2018-08-16 10:34:22,98.1000,42
2018-08-16 10:34:23,98.1200,27
2018-08-16 10:34:26,98.1000,25
2018-08-16 10:34:27,98.1000,25
2018-08-16 10:34:28,98.1200,2
2018-08-16 10:34:29,98.0900,4
2018-08-16 10:34:30,98.0600,61
2018-08-16 10:34:32,98.0600,61
2018-08-16 10:34:33,98.0900,48
2018-08-16 10:34:34,98.0900,67
2018-08-16 10:34:35,98.1300,35
2018-08-16 10:34:36,98.1300,35
2018-08-16 10:34:38,98.1300,35
2018-08-16 10:34:39,98.1300,35
2018-08-16 10:34:40,98.1100,52
2018-08-16 10:34:41,98.0700,114
2018-08-16 10:34:42,98.0700,13
2018-08-16 10:34:43,98.0700,20
2018-08-16 10:34:44,98.0700,20
2018-08-16 10:34:46,98.0600,80
2018-08-16 10:34:47,98.0600,80
2018-08-16 10:34:48,98.0600,80
2018-08-16 10:34:50,98.0200,7
2018-08-16 10:34:51,98.0200,7
2018-08-16 10:34:52,98.0300,7
2018-08-16 10:34:55,98.0300,7
2018-08-16 10:34:56,98.0200,61
2018-08-16 10:34:57,98.0200,8
2018-08-16 10:34:59,98.0500,19
2018-08-16 10:35:01,98.0500,19
2018-08-16 10:35:02,98.0500,46
2018-08-16 10:35:03,98.0500,10
2018-08-16 10:35:08,98.0500,10
2018-08-16 10:35:11,98.0200,1
2018-08-16 10:35:12,98.0200,1
2018-08-16 10:35:13,98.0100,15
2018-08-16 10:35:15,98.0100,23
2018-08-16 10:35:16,98.0100,32
2018-08-16 10:35:17,98.0500,74
2018-08-16 10:35:18,98.0600,131
2018-08-16 10:35:19,98.0600,131
2018-08-16 10:35:20,98.0600,131
2018-08-16 10:35:21,98.0400,8
2018-08-16 10:35:22,98.0400,8
2018-08-16 10:35:24,98.0400,8
2018-08-16 10:35:27,98.0400,8
2018-08-16 10:35:28,98.0400,8
2018-08-16 10:35:29,98.0500,3
2018-08-16 10:35:31,98.0400,71
2018-08-16 10:35:32,98.0400,71
2018-08-16 10:35:33,98.0400,71
2018-08-16 10:35:34,98.0800,25
2018-08-16 10:35:36,98.0800,25
2018-08-16 10:35:37,98.0800,25
2018-08-16 10:35:38,98.0800,25
2018-08-16 10:35:39,98.0800,25
2018-08-16 10:35:40,98.0800,25
2018-08-16 10:35:41,98.0800,25
2018-08-16 10:35:42,98.0800,25
2018-08-16 10:35:44,98.0400,10
2018-08-16 10:35:47,98.0100,35
2018-08-16 10:35:49,98.0100,35
2018-08-16 10:35:52,98.0100,35
2018-08-16 10:35:53,98.0100,35
2018-08-16 10:35:56,98.0100,5
2018-08-16 10:35:57,98.0000,40
2018-08-16 10:35:58,98.0000,40
2018-08-16 10:35:59,98.0300,74
2018-08-16 10:36:03,98.0300,74
2018-08-16 10:36:05,98.0300,74
2018-08-16 10:36:06,98.0300,74
2018-08-16 10:36:07,98.0300,74
2018-08-16 10:36:08,98.0300,74
2018-08-16 10:36:09,98.0300,74
2018-08-16 10:36:10,98.0300,36
2018-08-16 10:36:11,98.0300,67
2018-08-16 10:36:12,98.0600,9
2018-08-16 10:36:15,98.0900,24
2018-08-16 10:36:16,98.0900,24
2018-08-16 10:36:18,98.0900,24
2018-08-16 10:36:19,98.0500,34
2018-08-16 10:36:20,97.9900,28
2018-08-16 10:36:21,97.9800,44
2018-08-16 10:36:23,97.9800,44
2018-08-16 10:36:24,97.9800,24
2018-08-16 10:36:25,97.9800,39
2018-08-16 10:36:27,97.9800,39
2018-08-16 10:36:29,97.9600,1
2018-08-16 10:36:30,97.9800,22
2018-08-16 10:36:32,97.9600,10
2018-08-16 10:36:37,97.9600,10
2018-08-16 10:36:39,97.9200,1
2018-08-16 10:36:41,97.8800,51
2018-08-16 10:36:42,97.8100,16
2018-08-16 10:36:44,97.9200,1
2018-08-16 10:36:45,97.9700,25
2018-08-16 10:36:46,97.9700,25
2018-08-16 10:36:48,97.9700,25
2018-08-16 10:36:49,98.1100,4
2018-08-16 10:36:50,98.1100,4
2018-08-16 10:36:51,98.1100,4
2018-08-16 10:36:52,98.1100,4
2018-08-16 10:36:53,98.1100,4
2018-08-16 10:36:54,98.1100,4
2018-08-16 10:36:55,98.1100,4
2018-08-16 10:36:56,98.1100,4
2018-08-16 10:36:57,98.1100,4
2018-08-16 10:36:58,98.0100,10
2018-08-16 10:36:59,97.9600,44
2018-08-16 10:37:01,97.9500,28
2018-08-16 10:37:03,97.9600,97
2018-08-16 10:37:04,97.9600,97
2018-08-16 10:37:06,98.0100,12
2018-08-16 10:37:07,97.9900,9
2018-08-16 10:37:11,97.9000,71
2018-08-16 10:37:14,97.9500,55
2018-08-16 10:37:15,97.9500,16
2018-08-16 10:37:16,97.9000,72
2018-08-16 10:37:17,97.9000,72
2018-08-16 10:37:18,97.9000,72
2018-08-16 10:37:19,97.8600,41
2018-08-16 10:37:20,97.8700,86
2018-08-16 10:37:21,97.9100,21
2018-08-16 10:37:22,97.9100,21
2018-08-16 10:37:23,97.9100,21
2018-08-16 10:37:24,97.9100,21
2018-08-16 10:37:25,97.8700,16
2018-08-16 10:37:26,97.8700,16
2018-08-16 10:37:27,97.8900,100
2018-08-16 10:37:28,97.9100,1
2018-08-16 10:37:29,97.9100,1
2018-08-16 10:37:33,97.8800,62
2018-08-16 10:37:34,97.9100,10
2018-08-16 10:37:35,97.9100,10
2018-08-16 10:37:36,97.8800,15
2018-08-16 10:37:38,97.8800,43
2018-08-16 10:37:40,97.9100,67
2018-08-16 10:37:43,97.9600,58
2018-08-16 10:37:44,98.0900,29
2018-08-16 10:37:47,98.0900,29
2018-08-16 10:37:48,98.0900,29
2018-08-16 10:37:49,98.0900,29
2018-08-16 10:37:51,98.0900,2
2018-08-16 10:37:53,98.1000,85
2018-08-16 10:37:54,98.1000,85
2018-08-16 10:37:57,98.1000,85
2018-08-16 10:37:58,98.1400,1
2018-08-16 10:37:59,98.1400,1
2018-08-16 10:38:01,98.1400,1
2018-08-16 10:38:03,98.1400,1
2018-08-16 10:38:04,98.1400,1
2018-08-16 10:38:08,98.1400,1
2018-08-16 10:38:09,98.1400,1
2018-08-16 10:38:11,98.1100,55
2018-08-16 10:38:12,98.1400,21
2018-08-16 10:38:13,98.1400,21
2018-08-16 10:38:14,98.0800,2
2018-08-16 10:38:15,98.0800,2
2018-08-16 10:38:16,98.0800,2
2018-08-16 10:38:18,98.0800,2
2018-08-16 10:38:19,98.1200,4
2018-08-16 10:38:21,98.1200,4
2018-08-16 10:38:23,98.1200,4
2018-08-16 10:38:24,98.1200,41
2018-08-16 10:38:26,98.1200,72
2018-08-16 10:38:27,98.1000,14
2018-08-16 10:38:28,98.0800,67
2018-08-16 10:38:29,98.0800,67
2018-08-16 10:38:30,98.0800,5
2018-08-16 10:38:31,98.0800,5
2018-08-16 10:38:32,98.0800,5
2018-08-16 10:38:34,98.0800,5
2018-08-16 10:38:36,98.0800,5
2018-08-16 10:38:37,98.1200,5
2018-08-16 10:38:38,98.1200,5
2018-08-16 10:38:39,98.0800,5
2018-08-16 10:38:40,98.0800,5
2018-08-16 10:38:41,98.0500,40
2018-08-16 10:38:43,98.0500,40
2018-08-16 10:38:45,98.0500,40
2018-08-16 10:38:48,98.0500,54
2018-08-16 10:38:49,98.0500,54
2018-08-16 10:38:50,97.9800,18
2018-08-16 10:38:51,97.9800,18
2018-08-16 10:38:52,98.0100,60
2018-08-16 10:38:54,97.9900,73
2018-08-16 10:38:57,97.9600,15
2018-08-16 10:38:58,97.9600,15
2018-08-16 10:38:59,97.9600,64
2018-08-16 10:39:00,97.9500,16
2018-08-16 10:39:02,97.9500,41
2018-08-16 10:39:03,97.9200,26
2018-08-16 10:39:05,97.9200,26
2018-08-16 10:39:06,97.9200,26
2018-08-16 10:39:07,97.9200,26
2018-08-16 10:39:08,97.9200,26
2018-08-16 10:39:09,97.9200,26
2018-08-16 10:39:10,97.9200,26
2018-08-16 10:39:12,97.9200,26
2018-08-16 10:39:13,97.9200,26
2018-08-16 10:39:14,97.9200,26
2018-08-16 10:39:15,97.9200,26
2018-08-16 10:39:17,97.9200,26
2018-08-16 10:39:18,97.9200,26
2018-08-16 10:39:19,98.0100,4
2018-08-16 10:39:21,97.9700,27
2018-08-16 10:39:22,97.9700,27
2018-08-16 10:39:24,98.0200,19
2018-08-16 10:39:25,98.0200,15
2018-08-16 10:39:26,98.0000,66
2018-08-16 10:39:28,98.0000,66
2018-08-16 10:39:29,98.0000,66
2018-08-16 10:39:34,98.0000,66
2018-08-16 10:39:37,98.0000,69
2018-08-16 10:39:38,97.9700,3
2018-08-16 10:39:40,97.9700,41
2018-08-16 10:39:41,97.9700,41
2018-08-16 10:39:43,97.9700,41
2018-08-16 10:39:44,97.9700,41
2018-08-16 10:39:47,97.9700,89
2018-08-16 10:39:48,97.9700,89
2018-08-16 10:39:49,97.9700,89
2018-08-16 10:39:50,98.0100,52
2018-08-16 10:39:53,98.0100,52
2018-08-16 10:39:54,97.9700,15
2018-08-16 10:39:55,97.9800,3
2018-08-16 10:39:57,97.9800,108
2018-08-16 10:39:58,98.0100,54
2018-08-16 10:40:01,98.0100,66
2018-08-16 10:40:02,98.0200,13
2018-08-16 10:40:04,98.0200,13
2018-08-16 10:40:05,98.0200,13
2018-08-16 10:40:06,98.0200,13
2018-08-16 10:40:07,98.0000,7
2018-08-16 10:40:11,98.0000,7
2018-08-16 10:40:12,98.0000,7
2018-08-16 10:40:13,97.9400,32
2018-08-16 10:40:14,97.9300,3
2018-08-16 10:40:15,97.9300,3
2018-08-16 10:40:16,97.9300,3
2018-08-16 10:40:18,97.9300,3
2018-08-16 10:40:19,97.9200,117
2018-08-16 10:40:20,97.9300,66
2018-08-16 10:40:22,97.9300,66
2018-08-16 10:40:23,97.9300,66
2018-08-16 10:40:24,97.9300,16
2018-08-16 10:40:25,97.9300,16
2018-08-16 10:40:26,97.9200,17
2018-08-16 10:40:27,97.8600,16
2018-08-16 10:40:28,97.9500,3
2018-08-16 10:40:30,97.9500,3
2018-08-16 10:40:31,97.9500,31
2018-08-16 10:40:33,97.9500,31
2018-08-16 10:40:34,97.8600,23
2018-08-16 10:40:35,97.9300,26
2018-08-16 10:40:36,97.9300,26
2018-08-16 10:40:38,97.9300,26
2018-08-16 10:40:39,97.9300,26
2018-08-16 10:40:41,97.8700,2
2018-08-16 10:40:42,97.8700,2
2018-08-16 10:40:44,97.9300,91
2018-08-16 10:40:46,97.9400,11
2018-08-16 10:40:47,97.9400,11
2018-08-16 10:40:50,97.9400,11
2018-08-16 10:40:51,97.9200,4
2018-08-16 10:40:52,97.9500,112
2018-08-16 10:40:53,97.9500,112
2018-08-16 10:40:54,97.9500,112
2018-08-16 10:40:55,97.9100,9
2018-08-16 10:40:56,97.8600,81
2018-08-16 10:40:57,97.8600,81
2018-08-16 10:40:58,97.8600,81
2018-08-16 10:41:00,97.9300,51
2018-08-16 10:41:01,97.9300,51
2018-08-16 10:41:03,97.9300,1
2018-08-16 10:41:04,97.9700,58
2018-08-16 10:41:05,97.9700,108
2018-08-16 10:41:08,97.9800,27
2018-08-16 10:41:11,97.9500,83
2018-08-16 10:41:13,97.9300,65
2018-08-16 10:41:14,97.9800,14
2018-08-16 10:41:15,97.9800,14
2018-08-16 10:41:16,97.9800,14
2018-08-16 10:41:18,98.0200,24
2018-08-16 10:41:19,98.0200,24
2018-08-16 10:41:21,97.8900,14
2018-08-16 10:41:22,97.8900,39
2018-08-16 10:41:23,97.8500,40
2018-08-16 10:41:24,97.8200,79
2018-08-16 10:41:26,97.8200,5
2018-08-16 10:41:28,97.8100,60
2018-08-16 10:41:31,97.8500,31
2018-08-16 10:41:32,97.8500,31
2018-08-16 10:41:33,97.8500,31
2018-08-16 10:41:34,97.8000,20
2018-08-16 10:41:35,97.8400,4
2018-08-16 10:41:36,97.7900,83
2018-08-16 10:41:37,97.8500,17
2018-08-16 10:41:38,97.8500,17
2018-08-16 10:41:39,97.8500,17
2018-08-16 10:41:40,97.8500,17
2018-08-16 10:41:41,97.8000,140
2018-08-16 10:41:42,97.8000,18
2018-08-16 10:41:43,97.8000,18
2018-08-16 10:41:45,97.8000,18
2018-08-16 10:41:46,97.7700,85
2018-08-16 10:41:48,97.7700,3
2018-08-16 10:41:49,97.7700,3
2018-08-16 10:41:50,97.7700,3
2018-08-16 10:41:51,97.8400,18
2018-08-16 10:41:52,97.8400,18
2018-08-16 10:41:53,97.8400,18
2018-08-16 10:41:54,97.7800,169
2018-08-16 10:41:55,97.7800,169
2018-08-16 10:41:56,97.7800,169
2018-08-16 10:41:58,97.7400,77
2018-08-16 10:41:59,97.7500,14
2018-08-16 10:42:00,97.7500,82
2018-08-16 10:42:01,97.7500,77
2018-08-16 10:42:02,97.8300,43
2018-08-16 10:42:03,97.7400,9
2018-08-16 10:42:04,97.7200,1
2018-08-16 10:42:06,97.7700,9
2018-08-16 10:42:09,97.8300,21
2018-08-16 10:42:11,97.8300,21
2018-08-16 10:42:13,97.7700,63
2018-08-16 10:42:15,97.7100,2
2018-08-16 10:42:17,97.6100,2
2018-08-16 10:42:18,97.6100,2
2018-08-16 10:42:19,97.6100,2
2018-08-16 10:42:20,97.6100,2
2018-08-16 10:42:23,97.6100,2
2018-08-16 10:42:24,97.6100,2
2018-08-16 10:42:25,97.6100,2
2018-08-16 10:42:29,97.6100,2
2018-08-16 10:42:31,97.6700,13
2018-08-16 10:42:32,97.6700,56
2018-08-16 10:42:33,97.7000,108
2018-08-16 10:42:34,97.7000,108
2018-08-16 10:42:35,97.7000,53
2018-08-16 10:42:36,97.7000,53
2018-08-16 10:42:38,97.7000,53
2018-08-16 10:42:40,97.6100,15
2018-08-16 10:42:41,97.7000,32
2018-08-16 10:42:43,97.7000,55
2018-08-16 10:42:44,97.7100,37
2018-08-16 10:42:45,97.7300,10
2018-08-16 10:42:48,97.7300,18
2018-08-16 10:42:49,97.7300,18
2018-08-16 10:42:52,97.7300,18
2018-08-16 10:42:53,97.7300,18
2018-08-16 10:42:54,97.7400,74
2018-08-16 10:42:55,97.7500,69
2018-08-16 10:42:57,97.7200,10
2018-08-16 10:42:58,97.7000,6
2018-08-16 10:43:00,97.7000,4
2018-08-16 10:43:02,97.7000,42
2018-08-16 10:43:03,97.7000,42
2018-08-16 10:43:04,97.6800,50
2018-08-16 10:43:05,97.6800,50
2018-08-16 10:43:06,97.6800,50
2018-08-16 10:43:08,97.6800,35
2018-08-16 10:43:09,97.6200,22
2018-08-16 10:43:11,97.6200,22
2018-08-16 10:43:14,97.6200,61
2018-08-16 10:43:16,97.6200,61
2018-08-16 10:43:18,97.6200,61
2018-08-16 10:43:19,97.7000,113
2018-08-16 10:43:21,97.7400,12
2018-08-16 10:43:22,97.7400,12
2018-08-16 10:43:24,97.7400,12
2018-08-16 10:43:26,97.7400,12
2018-08-16 10:43:29,97.6500,25
2018-08-16 10:43:31,97.6500,25
2018-08-16 10:43:32,97.6300,37
2018-08-16 10:43:33,97.6300,37
2018-08-16 10:43:35,97.6300,89
2018-08-16 10:43:36,97.6500,3
2018-08-16 10:43:37,97.6800,218
2018-08-16 10:43:38,97.7100,91
2018-08-16 10:43:39,97.7100,50
2018-08-16 10:43:40,97.7100,50
2018-08-16 10:43:41,97.7100,50
2018-08-16 10:43:42,97.6800,37
2018-08-16 10:43:43,97.6800,37
2018-08-16 10:43:44,97.6800,5
2018-08-16 10:43:45,97.6300,18
2018-08-16 10:43:46,97.6300,18
2018-08-16 10:43:47,97.6300,27
2018-08-16 10:43:48,97.6300,22
2018-08-16 10:43:49,97.5800,16
2018-08-16 10:43:50,97.6800,36
2018-08-16 10:43:53,97.6800,36
2018-08-16 10:43:54,97.6800,36
2018-08-16 10:43:55,97.6800,14
2018-08-16 10:43:56,97.6800,14
2018-08-16 10:43:57,97.6800,14
2018-08-16 10:43:58,97.6800,87
2018-08-16 10:44:00,97.6800,87
2018-08-16 10:44:04,97.6600,35
2018-08-16 10:44:06,97.6200,21
2018-08-16 10:44:07,97.6200,21
2018-08-16 10:44:08,97.6700,19
2018-08-16 10:44:10,97.7100,45
2018-08-16 10:44:11,97.7100,45
2018-08-16 10:44:13,97.7100,45
2018-08-16 10:44:14,97.7200,20
2018-08-16 10:44:15,97.7200,20
2018-08-16 10:44:16,97.7200,22
2018-08-16 10:44:17,97.7000,7
2018-08-16 10:44:18,97.6700,37
2018-08-16 10:44:19,97.6700,37
2018-08-16 10:44:20,97.7300,14
2018-08-16 10:44:21,97.7300,14
2018-08-16 10:44:22,97.7300,14
2018-08-16 10:44:23,97.7300,14
2018-08-16 10:44:24,97.7100,2
2018-08-16 10:44:25,97.6700,56
2018-08-16 10:44:26,97.6700,56
2018-08-16 10:44:27,97.6800,9
2018-08-16 10:44:28,97.7400,32
2018-08-16 10:44:30,97.7400,68
2018-08-16 10:44:31,97.7400,68
2018-08-16 10:44:33,97.6700,9
2018-08-16 10:44:34,97.6700,9
2018-08-16 10:44:36,97.6700,9
2018-08-16 10:44:37,97.6800,56
2018-08-16 10:44:38,97.6600,43
2018-08-16 10:44:39,97.6600,43
2018-08-16 10:44:41,97.6600,43
2018-08-16 10:44:43,97.6600,43
2018-08-16 10:44:45,97.6700,103
2018-08-16 10:44:46,97.7100,23
2018-08-16 10:44:47,97.7100,53
2018-08-16 10:44:48,97.7100,53
2018-08-16 10:44:50,97.7500,59
2018-08-16 10:44:51,97.7500,13
2018-08-16 10:44:53,97.7600,18
2018-08-16 10:44:54,97.7400,45
2018-08-16 10:44:56,97.7400,45
2018-08-16 10:44:57,97.7600,77
2018-08-16 10:44:58,97.7600,53
2018-08-16 10:44:59,97.7600,53
2018-08-16 10:45:00,97.7600,53
2018-08-16 10:45:01,97.7600,1
2018-08-16 10:45:02,97.7900,1
2018-08-16 10:45:03,97.7900,1
2018-08-16 10:45:04,97.7900,1
2018-08-16 10:45:06,97.8000,104
2018-08-16 10:45:08,97.8000,104
2018-08-16 10:45:09,97.8000,104
2018-08-16 10:45:11,97.8000,104
2018-08-16 10:45:12,97.8000,104
2018-08-16 10:45:13,97.8000,104
2018-08-16 10:45:14,97.8800,23
2018-08-16 10:45:15,97.8100,46
2018-08-16 10:45:16,97.8100,46
2018-08-16 10:45:18,97.8100,46
2018-08-16 10:45:19,97.8900,43
2018-08-16 10:45:21,97.8900,43
2018-08-16 10:45:23,97.8900,63
2018-08-16 10:45:24,97.8900,63
2018-08-16 10:45:26,97.8900,63
2018-08-16 10:45:27,97.8500,63
2018-08-16 10:45:28,97.8500,63
2018-08-16 10:45:29,97.8500,63
2018-08-16 10:45:30,97.8400,36
2018-08-16 10:45:31,97.8400,36
2018-08-16 10:45:33,97.8200,43
2018-08-16 10:45:34,97.8400,39
2018-08-16 10:45:36,97.8200,33
2018-08-16 10:45:38,97.8200,33
2018-08-16 10:45:39,97.8200,33
2018-08-16 10:45:40,97.8400,33
2018-08-16 10:45:43,97.9200,8
2018-08-16 10:45:44,97.9200,8
2018-08-16 10:45:45,97.9200,8
2018-08-16 10:45:47,97.9200,8
2018-08-16 10:45:50,97.9200,8
2018-08-16 10:45:56,97.9200,8
2018-08-16 10:45:57,97.9200,8
2018-08-16 10:46:04,97.9200,8
2018-08-16 10:46:05,97.9200,8
2018-08-16 10:46:06,97.8300,10
2018-08-16 10:46:09,97.8600,72
2018-08-16 10:46:10,97.8500,26
2018-08-16 10:46:11,97.8300,60
2018-08-16 10:46:12,97.8500,3
2018-08-16 10:46:14,97.7300,1
2018-08-16 10:46:16,97.7300,1
2018-08-16 10:46:17,97.8500,33
2018-08-16 10:46:19,97.8400,33
2018-08-16 10:46:20,97.8400,33
2018-08-16 10:46:22,97.7700,8
2018-08-16 10:46:24,97.7700,8
2018-08-16 10:46:26,97.7700,8
2018-08-16 10:46:28,97.7300,8
2018-08-16 10:46:29,97.7300,8
2018-08-16 10:46:31,97.7300,8
2018-08-16 10:46:35,97.7500,17
2018-08-16 10:46:36,97.7500,17
2018-08-16 10:46:37,97.7500,18
2018-08-16 10:46:38,97.7500,18
2018-08-16 10:46:39,97.7500,18
2018-08-16 10:46:40,97.7400,37
2018-08-16 10:46:41,97.7700,36
2018-08-16 10:46:46,97.7700,36
2018-08-16 10:46:48,97.7700,36
2018-08-16 10:46:50,97.7300,4
2018-08-16 10:46:51,97.7600,113
2018-08-16 10:46:52,97.7300,23
2018-08-16 10:46:53,97.7600,37
2018-08-16 10:46:55,97.7600,37
2018-08-16 10:46:57,97.7600,39
2018-08-16 10:46:58,97.7600,39
2018-08-16 10:46:59,97.7600,39
2018-08-16 10:47:01,97.7700,100
2018-08-16 10:47:02,97.7700,100
2018-08-16 10:47:03,97.7400,30
2018-08-16 10:47:04,97.7700,53
2018-08-16 10:47:06,97.7700,53
2018-08-16 10:47:10,97.7700,53
2018-08-16 10:47:11,97.7700,53
2018-08-16 10:47:13,97.7200,5
2018-08-16 10:47:15,97.7200,5
2018-08-16 10:47:16,97.7200,5
2018-08-16 10:47:17,97.6900,14
2018-08-16 10:47:20,97.6600,41
2018-08-16 10:47:21,97.6900,34
2018-08-16 10:47:22,97.6600,26
2018-08-16 10:47:26,97.6200,71
2018-08-16 10:47:27,97.6000,26
2018-08-16 10:47:28,97.6000,26
2018-08-16 10:47:29,97.6200,52
2018-08-16 10:47:30,97.6200,24
2018-08-16 10:47:31,97.6200,24
2018-08-16 10:47:33,97.6000,3
2018-08-16 10:47:34,97.6200,29
2018-08-16 10:47:36,97.6200,29
2018-08-16 10:47:37,97.6600,3
2018-08-16 10:47:41,97.6600,3
2018-08-16 10:47:42,97.6400,6
2018-08-16 10:47:43,97.6400,6
2018-08-16 10:47:44,97.6400,6
2018-08-16 10:47:46,97.6400,6
2018-08-16 10:47:47,97.6100,27
2018-08-16 10:47:48,97.6000,28
2018-08-16 10:47:49,97.6000,28
2018-08-16 10:47:51,97.6600,43
2018-08-16 10:47:54,97.6300,31
2018-08-16 10:47:56,97.6600,6
2018-08-16 10:47:58,97.6600,6
2018-08-16 10:47:59,97.6600,6
2018-08-16 10:48:00,97.6600,6
2018-08-16 10:48:01,97.5800,21
2018-08-16 10:48:02,97.5800,21
2018-08-16 10:48:03,97.5800,21
2018-08-16 10:48:04,97.5800,33
2018-08-16 10:48:05,97.5800,12
2018-08-16 10:48:06,97.5400,42
2018-08-16 10:48:07,97.5400,11
2018-08-16 10:48:08,97.5400,9
2018-08-16 10:48:10,97.7100,28
2018-08-16 10:48:11,97.7100,28
2018-08-16 10:48:13,97.7100,28
2018-08-16 10:48:15,97.7100,28
2018-08-16 10:48:18,97.7100,28
2018-08-16 10:48:21,97.5300,33
2018-08-16 10:48:22,97.5400,25
2018-08-16 10:48:24,97.5500,22
2018-08-16 10:48:25,97.5500,22
2018-08-16 10:48:26,97.5500,19
2018-08-16 10:48:27,97.5500,19
2018-08-16 10:48:28,97.5500,19
2018-08-16 10:48:29,97.5300,43
2018-08-16 10:48:30,97.5500,14
2018-08-16 10:48:31,97.5500,13
2018-08-16 10:48:33,97.5500,13
2018-08-16 10:48:36,97.5500,13
2018-08-16 10:48:38,97.5300,43
2018-08-16 10:48:39,97.5400,20
2018-08-16 10:48:41,97.5000,45
2018-08-16 10:48:42,97.5400,146
2018-08-16 10:48:43,97.5400,9
2018-08-16 10:48:45,97.5000,84
2018-08-16 10:48:46,97.5000,84
2018-08-16 10:48:47,97.5000,84
2018-08-16 10:48:48,97.4700,22
2018-08-16 10:48:49,97.4700,14
2018-08-16 10:48:50,97.4700,14
2018-08-16 10:48:51,97.4400,13
2018-08-16 10:48:53,97.4300,13
2018-08-16 10:48:55,97.3700,84
2018-08-16 10:48:58,97.2700,25
2018-08-16 10:48:59,97.2700,128
2018-08-16 10:49:01,97.1800,39
2018-08-16 10:49:02,97.1800,23
2018-08-16 10:49:04,97.2300,85
2018-08-16 10:49:05,97.2300,85
2018-08-16 10:49:08,97.2300,85
2018-08-16 10:49:09,97.2300,85
2018-08-16 10:49:12,97.2300,85
2018-08-16 10:49:13,97.1700,110
2018-08-16 10:49:14,97.1700,110
2018-08-16 10:49:15,97.2400,32
2018-08-16 10:49:19,97.2100,22
2018-08-16 10:49:20,97.2100,22
2018-08-16 10:49:22,97.2100,39
2018-08-16 10:49:23,97.2100,39
2018-08-16 10:49:24,97.2100,39
2018-08-16 10:49:28,97.2100,39
2018-08-16 10:49:29,97.2100,39
2018-08-16 10:49:32,97.1900,79
2018-08-16 10:49:33,97.2600,3
2018-08-16 10:49:35,97.2600,3
2018-08-16 10:49:36,97.2400,72
2018-08-16 10:49:37,97.2400,72
2018-08-16 10:49:38,97.2600,12
2018-08-16 10:49:39,97.2400,13
2018-08-16 10:49:43,97.1900,39
2018-08-16 10:49:44,97.1900,55
2018-08-16 10:49:47,97.1900,66
2018-08-16 10:49:48,97.1700,12
2018-08-16 10:49:49,97.1700,12
2018-08-16 10:49:54,97.2600,92
2018-08-16 10:49:56,97.2600,92
2018-08-16 10:49:58,97.2600,92
2018-08-16 10:50:00,97.2600,92
2018-08-16 10:50:02,97.1800,67
2018-08-16 10:50:04,97.1800,67
2018-08-16 10:50:05,97.2000,39
2018-08-16 10:50:08,97.1600,72
2018-08-16 10:50:09,97.1600,37
2018-08-16 10:50:10,97.1300,29
2018-08-16 10:50:12,97.1300,29
2018-08-16 10:50:13,97.1300,29
2018-08-16 10:50:14,97.1300,29
2018-08-16 10:50:16,97.1300,29
2018-08-16 10:50:17,97.2400,50
2018-08-16 10:50:20,97.1500,29
2018-08-16 10:50:21,97.0900,116
2018-08-16 10:50:22,97.0900,32
2018-08-16 10:50:23,97.1000,26
2018-08-16 10:50:25,97.0800,98
2018-08-16 10:50:26,97.0800,98
2018-08-16 10:50:27,97.0800,98
2018-08-16 10:50:28,97.1000,69
2018-08-16 10:50:29,97.1200,54
2018-08-16 10:50:31,97.0800,34
2018-08-16 10:50:32,97.0800,34
2018-08-16 10:50:33,97.1200,8
2018-08-16 10:50:34,97.1200,8
2018-08-16 10:50:36,97.1600,167
2018-08-16 10:50:38,97.1600,167
2018-08-16 10:50:39,97.1100,44
2018-08-16 10:50:41,97.1700,81
2018-08-16 10:50:42,97.1600,23
