wall_time,sim_time,symbol,event,side,price,lots,detail
23:42:18,1969-12-31 19:00:00,CS1,NO_BOOK,,,,skipping cycle
23:42:18,1969-12-31 19:00:00,CS2,SPREAD_TIGHT,,,,spread=0.0300 < 0.05 — cancelling
23:42:18,1969-12-31 19:00:00,CS3,SUBMIT,BUY,99.89,3,bid+1tick=99.89 spread=0.2300 pos=+0L
23:42:18,1969-12-31 19:00:00,CS3,SUBMIT,SELL,100.1,3,ask-1tick=100.1 spread=0.2300 pos=+0L
23:42:18,1969-12-31 19:00:00,CS3,STATUS,,,,bid=99.89(NEW) ask=100.1(NEW) spread=0.2300 pos=+0L
23:42:20,1969-12-31 19:00:00,CS1,NO_BOOK,,,,skipping cycle
23:42:20,1969-12-31 19:00:00,CS2,SPREAD_TIGHT,,,,spread=0.0200 < 0.05 — cancelling
23:42:20,1969-12-31 19:00:00,CS3,CANCEL,BUY,99.89,,outside spread bid=99.89 ask=100.1
23:42:20,1969-12-31 19:00:00,CS3,CANCEL,SELL,100.1,,outside spread bid=99.89 ask=100.1
23:42:21,1969-12-31 19:00:00,CS3,SUBMIT,BUY,99.89,3,bid+1tick=99.89 spread=0.2300 pos=+0L
23:42:21,1969-12-31 19:00:00,CS3,SUBMIT,SELL,100.1,3,ask-1tick=100.1 spread=0.2300 pos=+0L
23:42:21,1969-12-31 19:00:00,CS3,STATUS,,,,bid=99.89(NEW) ask=100.1(NEW) spread=0.2300 pos=+0L
23:42:22,1969-12-31 19:00:00,CS1,NO_BOOK,,,,skipping cycle
23:42:22,1969-12-31 19:00:00,CS2,SPREAD_TIGHT,,,,spread=0.0200 < 0.05 — cancelling
23:42:22,1969-12-31 19:00:00,CS3,CANCEL,BUY,99.89,,outside spread bid=99.89 ask=100.1
23:42:23,1969-12-31 19:00:00,CS3,CANCEL,SELL,100.1,,outside spread bid=99.89 ask=100.1
23:42:23,1969-12-31 19:00:00,CS3,SUBMIT,BUY,99.9,3,bid+1tick=99.9 spread=0.2200 pos=+0L
23:42:23,1969-12-31 19:00:00,CS3,SUBMIT,SELL,100.1,3,ask-1tick=100.1 spread=0.2200 pos=+0L
23:42:23,1969-12-31 19:00:00,CS3,STATUS,,,,bid=99.9(NEW) ask=100.1(NEW) spread=0.2200 pos=+0L
23:42:24,1969-12-31 19:00:00,CS1,NO_BOOK,,,,skipping cycle
23:42:24,1969-12-31 19:00:00,CS2,SPREAD_TIGHT,,,,spread=0.0200 < 0.05 — cancelling
23:42:24,1969-12-31 19:00:00,CS3,CANCEL,BUY,99.9,,outside spread bid=99.9 ask=100.1
23:42:25,1969-12-31 19:00:00,CS3,CANCEL,SELL,100.1,,outside spread bid=99.9 ask=100.1
23:42:25,1969-12-31 19:00:00,CS3,SUBMIT,BUY,99.96,3,bid+1tick=99.96 spread=0.1600 pos=+0L
23:42:25,1969-12-31 19:00:00,CS3,SUBMIT,SELL,100.1,3,ask-1tick=100.1 spread=0.1600 pos=+0L
23:42:25,1969-12-31 19:00:00,CS3,STATUS,,,,bid=99.96(NEW) ask=100.1(NEW) spread=0.1600 pos=+0L
23:42:32,2018-08-16 09:30:31,CS1,NO_BOOK,,,,skipping cycle
23:42:32,2018-08-16 09:30:31,CS2,SPREAD_TIGHT,,,,spread=0.0200 < 0.05 — cancelling
23:42:32,2018-08-16 09:30:31,CS3,SPREAD_TIGHT,,,,spread=0.0400 < 0.05 — cancelling
23:42:34,2018-08-16 09:30:33,CS1,NO_BOOK,,,,skipping cycle
23:42:34,2018-08-16 09:30:33,CS2,SPREAD_TIGHT,,,,spread=0.0300 < 0.05 — cancelling
23:42:34,2018-08-16 09:30:33,CS3,SPREAD_TIGHT,,,,spread=0.0100 < 0.05 — cancelling
23:42:36,2018-08-16 09:30:35,CS1,SUBMIT,BUY,100.04,3,bid+1tick=100.04 spread=0.0800 pos=+0L
23:42:36,2018-08-16 09:30:35,CS1,SUBMIT,SELL,100.1,3,ask-1tick=100.1 spread=0.0800 pos=+0L
23:42:36,2018-08-16 09:30:35,CS1,STATUS,,,,bid=100.04(NEW) ask=100.1(NEW) spread=0.0800 pos=+0L
23:42:36,2018-08-16 09:30:35,CS2,SPREAD_TIGHT,,,,spread=0.0300 < 0.05 — cancelling
23:42:36,2018-08-16 09:30:35,CS3,SPREAD_TIGHT,,,,spread=0.0400 < 0.05 — cancelling
23:42:38,2018-08-16 09:30:37,CS1,SPREAD_TIGHT,,,,spread=0.0100 < 0.05 — cancelling
23:42:38,2018-08-16 09:30:37,CS2,SPREAD_TIGHT,,,,spread=0.0200 < 0.05 — cancelling
23:42:38,2018-08-16 09:30:37,CS3,SPREAD_TIGHT,,,,spread=0.0200 < 0.05 — cancelling
23:42:41,2018-08-16 09:30:38,CS1,SPREAD_TIGHT,,,,spread=0.0300 < 0.05 — cancelling
23:42:41,2018-08-16 09:30:38,CS2,SPREAD_TIGHT,,,,spread=0.0200 < 0.05 — cancelling
23:42:41,2018-08-16 09:30:38,CS3,SPREAD_TIGHT,,,,spread=0.0200 < 0.05 — cancelling
23:42:43,2018-08-16 09:30:41,CS1,SPREAD_TIGHT,,,,spread=0.0400 < 0.05 — cancelling
23:42:43,2018-08-16 09:30:41,CS2,SPREAD_TIGHT,,,,spread=0.0200 < 0.05 — cancelling
23:42:43,2018-08-16 09:30:41,CS3,SPREAD_TIGHT,,,,spread=0.0400 < 0.05 — cancelling
23:42:45,2018-08-16 09:30:43,CS1,SPREAD_TIGHT,,,,spread=0.0400 < 0.05 — cancelling
23:42:45,2018-08-16 09:30:43,CS2,SPREAD_TIGHT,,,,spread=0.0300 < 0.05 — cancelling
23:42:45,2018-08-16 09:30:43,CS3,SUBMIT,BUY,100.05,3,bid+1tick=100.05 spread=0.0600 pos=+0L
23:42:45,2018-08-16 09:30:43,CS3,SUBMIT,SELL,100.09,3,ask-1tick=100.09 spread=0.0600 pos=+0L
23:42:45,2018-08-16 09:30:43,CS3,STATUS,,,,bid=100.05(NEW) ask=100.09(NEW) spread=0.0600 pos=+0L
23:42:47,2018-08-16 09:30:45,CS1,SPREAD_TIGHT,,,,spread=0.0200 < 0.05 — cancelling
23:42:47,2018-08-16 09:30:45,CS2,SPREAD_TIGHT,,,,spread=0.0100 < 0.05 — cancelling
23:42:47,2018-08-16 09:30:45,CS3,SPREAD_TIGHT,,,,spread=0.0200 < 0.05 — cancelling
23:42:49,2018-08-16 09:30:47,CS1,SPREAD_TIGHT,,,,spread=0.0100 < 0.05 — cancelling
23:42:49,2018-08-16 09:30:47,CS2,SPREAD_TIGHT,,,,spread=0.0200 < 0.05 — cancelling
23:42:49,2018-08-16 09:30:47,CS3,SPREAD_TIGHT,,,,spread=0.0100 < 0.05 — cancelling
23:42:51,2018-08-16 09:30:49,CS1,SPREAD_TIGHT,,,,spread=0.0300 < 0.05 — cancelling
23:42:51,2018-08-16 09:30:49,CS2,SPREAD_TIGHT,,,,spread=0.0200 < 0.05 — cancelling
23:42:51,2018-08-16 09:30:49,CS3,SPREAD_TIGHT,,,,spread=0.0200 < 0.05 — cancelling
23:42:53,2018-08-16 09:30:51,CS1,SPREAD_TIGHT,,,,spread=0.0200 < 0.05 — cancelling
23:42:53,2018-08-16 09:30:51,CS2,SPREAD_TIGHT,,,,spread=0.0400 < 0.05 — cancelling
23:42:53,2018-08-16 09:30:51,CS3,SPREAD_TIGHT,,,,spread=0.0200 < 0.05 — cancelling
23:42:55,2018-08-16 09:30:53,CS1,SPREAD_TIGHT,,,,spread=0.0100 < 0.05 — cancelling
23:42:55,2018-08-16 09:30:53,CS2,SPREAD_TIGHT,,,,spread=0.0500 < 0.05 — cancelling
23:42:55,2018-08-16 09:30:53,CS3,SPREAD_TIGHT,,,,spread=0.0200 < 0.05 — cancelling
23:42:57,2018-08-16 09:30:56,CS1,SPREAD_TIGHT,,,,spread=0.0100 < 0.05 — cancelling
23:42:57,2018-08-16 09:30:56,CS2,SPREAD_TIGHT,,,,spread=0.0200 < 0.05 — cancelling
23:42:57,2018-08-16 09:30:56,CS3,SPREAD_TIGHT,,,,spread=0.0200 < 0.05 — cancelling
23:42:59,2018-08-16 09:30:58,CS1,SPREAD_TIGHT,,,,spread=0.0200 < 0.05 — cancelling
23:42:59,2018-08-16 09:30:58,CS2,SPREAD_TIGHT,,,,spread=0.0200 < 0.05 — cancelling
23:42:59,2018-08-16 09:30:58,CS3,SPREAD_TIGHT,,,,spread=0.0200 < 0.05 — cancelling
23:43:01,2018-08-16 09:30:58,CS1,SPREAD_TIGHT,,,,spread=0.0200 < 0.05 — cancelling
23:43:01,2018-08-16 09:30:58,CS2,SPREAD_TIGHT,,,,spread=0.0400 < 0.05 — cancelling
23:43:01,2018-08-16 09:30:58,CS3,SPREAD_TIGHT,,,,spread=0.0500 < 0.05 — cancelling
23:43:03,2018-08-16 09:31:01,CS1,SPREAD_TIGHT,,,,spread=0.0200 < 0.05 — cancelling
23:43:03,2018-08-16 09:31:01,CS2,SPREAD_TIGHT,,,,spread=0.0500 < 0.05 — cancelling
23:43:03,2018-08-16 09:31:01,CS3,SUBMIT,BUY,100.05,3,bid+1tick=100.05 spread=0.0800 pos=-3L
23:43:03,2018-08-16 09:31:01,CS3,SUBMIT,SELL,100.11,3,ask-1tick=100.11 spread=0.0800 pos=-3L
23:43:03,2018-08-16 09:31:01,CS3,STATUS,,,,bid=100.05(NEW) ask=100.11(NEW) spread=0.0800 pos=-3L
23:43:05,2018-08-16 09:31:03,CS1,SPREAD_TIGHT,,,,spread=0.0400 < 0.05 — cancelling
23:43:05,2018-08-16 09:31:03,CS2,SPREAD_TIGHT,,,,spread=0.0500 < 0.05 — cancelling
23:43:05,2018-08-16 09:31:03,CS3,CANCEL,BUY,100.05,,outside spread bid=100.05 ask=100.14
23:43:06,2018-08-16 09:31:03,CS3,SUBMIT,BUY,100.05,3,bid+1tick=100.05 spread=0.1000 pos=-6L
23:43:06,2018-08-16 09:31:03,CS3,SUBMIT,SELL,100.13,3,ask-1tick=100.13 spread=0.1000 pos=-6L
23:43:06,2018-08-16 09:31:03,CS3,STATUS,,,,bid=100.05(NEW) ask=100.13(NEW) spread=0.1000 pos=-6L
23:43:07,2018-08-16 09:31:06,CS1,SPREAD_TIGHT,,,,spread=0.0200 < 0.05 — cancelling
23:43:07,2018-08-16 09:31:06,CS2,SPREAD_TIGHT,,,,spread=0.0100 < 0.05 — cancelling
23:43:07,2018-08-16 09:31:06,CS3,CANCEL,BUY,100.05,,outside spread bid=100.07 ask=100.17
23:43:08,2018-08-16 09:31:06,CS3,SUBMIT,BUY,100.08,3,bid+1tick=100.08 spread=0.1000 pos=-9L
23:43:08,2018-08-16 09:31:06,CS3,SUBMIT,SELL,100.16,3,ask-1tick=100.16 spread=0.1000 pos=-9L
23:43:08,2018-08-16 09:31:06,CS3,STATUS,,,,bid=100.08(NEW) ask=100.16(NEW) spread=0.1000 pos=-9L
23:43:10,2018-08-16 09:31:06,CS1,SPREAD_TIGHT,,,,spread=0.0200 < 0.05 — cancelling
23:43:10,2018-08-16 09:31:06,CS2,SPREAD_TIGHT,,,,spread=0.0100 < 0.05 — cancelling
23:43:10,2018-08-16 09:31:06,CS3,CANCEL,BUY,100.08,,outside spread bid=100.08 ask=100.16
23:43:10,2018-08-16 09:31:06,CS3,CANCEL,SELL,100.16,,outside spread bid=100.08 ask=100.16
23:43:10,2018-08-16 09:31:06,CS3,SUBMIT,BUY,100.08,3,bid+1tick=100.08 spread=0.1000 pos=-9L
23:43:10,2018-08-16 09:31:06,CS3,SUBMIT,SELL,100.16,3,ask-1tick=100.16 spread=0.1000 pos=-9L
23:43:10,2018-08-16 09:31:06,CS3,STATUS,,,,bid=100.08(NEW) ask=100.16(NEW) spread=0.1000 pos=-9L
23:43:12,2018-08-16 09:31:09,CS1,SUBMIT,BUY,100.08,3,bid+1tick=100.08 spread=0.0800 pos=+0L
23:43:12,2018-08-16 09:31:09,CS1,SUBMIT,SELL,100.14,3,ask-1tick=100.14 spread=0.0800 pos=+0L
23:43:12,2018-08-16 09:31:09,CS1,STATUS,,,,bid=100.08(NEW) ask=100.14(NEW) spread=0.0800 pos=+0L
23:43:12,2018-08-16 09:31:09,CS2,SPREAD_TIGHT,,,,spread=0.0500 < 0.05 — cancelling
23:43:12,2018-08-16 09:31:09,CS3,CANCEL,BUY,100.08,,outside spread bid=100.08 ask=100.16
23:43:12,2018-08-16 09:31:09,CS3,CANCEL,SELL,100.16,,outside spread bid=100.08 ask=100.16
23:43:12,2018-08-16 09:31:09,CS3,SUBMIT,BUY,100.05,3,bid+1tick=100.05 spread=0.0700 pos=-9L
23:43:12,2018-08-16 09:31:09,CS3,SUBMIT,SELL,100.1,3,ask-1tick=100.1 spread=0.0700 pos=-9L
23:43:12,2018-08-16 09:31:09,CS3,STATUS,,,,bid=100.05(NEW) ask=100.1(NEW) spread=0.0700 pos=-9L
23:43:14,2018-08-16 09:31:12,CS1,SPREAD_TIGHT,,,,spread=0.0400 < 0.05 — cancelling
23:43:14,2018-08-16 09:31:12,CS2,SPREAD_TIGHT,,,,spread=0.0100 < 0.05 — cancelling
23:43:14,2018-08-16 09:31:12,CS3,SPREAD_TIGHT,,,,spread=0.0500 < 0.05 — cancelling
23:43:16,2018-08-16 09:31:15,CS1,SUBMIT,BUY,100.04,3,bid+1tick=100.04 spread=0.1400 pos=-3L
23:43:16,2018-08-16 09:31:15,CS1,SUBMIT,SELL,100.16,3,ask-1tick=100.16 spread=0.1400 pos=-3L
23:43:16,2018-08-16 09:31:15,CS1,STATUS,,,,bid=100.04(NEW) ask=100.16(NEW) spread=0.1400 pos=-3L
23:43:16,2018-08-16 09:31:15,CS2,SUBMIT,BUY,99.85,3,bid+1tick=99.85 spread=0.1300 pos=+0L
23:43:16,2018-08-16 09:31:15,CS2,SUBMIT,SELL,99.96,3,ask-1tick=99.96 spread=0.1300 pos=+0L
23:43:16,2018-08-16 09:31:15,CS2,STATUS,,,,bid=99.85(NEW) ask=99.96(NEW) spread=0.1300 pos=+0L
23:43:16,2018-08-16 09:31:15,CS3,SUBMIT,BUY,100.05,3,bid+1tick=100.05 spread=0.1300 pos=-9L
23:43:16,2018-08-16 09:31:15,CS3,SUBMIT,SELL,100.16,3,ask-1tick=100.16 spread=0.1300 pos=-9L
23:43:16,2018-08-16 09:31:15,CS3,STATUS,,,,bid=100.05(NEW) ask=100.16(NEW) spread=0.1300 pos=-9L
23:43:18,2018-08-16 09:31:15,CS1,CANCEL,BUY,100.04,,outside spread bid=100.08 ask=100.14
23:43:18,2018-08-16 09:31:15,CS1,CANCEL,SELL,100.16,,outside spread bid=100.08 ask=100.14
23:43:18,2018-08-16 09:31:15,CS1,SUBMIT,BUY,100.09,3,bid+1tick=100.09 spread=0.0600 pos=-3L
23:43:18,2018-08-16 09:31:15,CS1,SUBMIT,SELL,100.13,3,ask-1tick=100.13 spread=0.0600 pos=-3L
23:43:18,2018-08-16 09:31:15,CS1,STATUS,,,,bid=100.09(NEW) ask=100.13(NEW) spread=0.0600 pos=-3L
23:43:18,2018-08-16 09:31:15,CS2,CANCEL,BUY,99.85,,outside spread bid=99.89 ask=99.96
23:43:19,2018-08-16 09:31:15,CS2,CANCEL,SELL,99.96,,outside spread bid=99.89 ask=99.96
23:43:19,2018-08-16 09:31:15,CS2,SUBMIT,BUY,99.9,3,bid+1tick=99.9 spread=0.0800 pos=+0L
23:43:19,2018-08-16 09:31:15,CS2,SUBMIT,SELL,99.96,3,ask-1tick=99.96 spread=0.0800 pos=+0L
23:43:19,2018-08-16 09:31:15,CS2,STATUS,,,,bid=99.9(NEW) ask=99.96(NEW) spread=0.0800 pos=+0L
23:43:19,2018-08-16 09:31:15,CS3,CANCEL,BUY,100.05,,outside spread bid=100.08 ask=100.16
23:43:19,2018-08-16 09:31:15,CS3,CANCEL,SELL,100.16,,outside spread bid=100.08 ask=100.16
23:43:20,2018-08-16 09:31:15,CS3,SUBMIT,BUY,100.09,3,bid+1tick=100.09 spread=0.0900 pos=-9L
23:43:20,2018-08-16 09:31:15,CS3,SUBMIT,SELL,100.16,3,ask-1tick=100.16 spread=0.0900 pos=-9L
23:43:20,2018-08-16 09:31:15,CS3,STATUS,,,,bid=100.09(NEW) ask=100.16(NEW) spread=0.0900 pos=-9L
23:43:20,2018-08-16 09:31:19,CS1,SPREAD_TIGHT,,,,spread=0.0400 < 0.05 — cancelling
23:43:20,2018-08-16 09:31:19,CS2,CANCEL,SELL,99.96,,outside spread bid=99.8 ask=99.94
23:43:21,2018-08-16 09:31:19,CS2,SUBMIT,BUY,99.81,3,bid+1tick=99.81 spread=0.1400 pos=+3L
23:43:21,2018-08-16 09:31:19,CS2,SUBMIT,SELL,99.93,3,ask-1tick=99.93 spread=0.1400 pos=+3L
23:43:21,2018-08-16 09:31:19,CS2,STATUS,,,,bid=99.81(NEW) ask=99.93(NEW) spread=0.1400 pos=+3L
23:43:21,2018-08-16 09:31:20,CS3,CANCEL,BUY,100.09,,outside spread bid=100.09 ask=100.16
23:43:21,2018-08-16 09:31:20,CS3,CANCEL,SELL,100.16,,outside spread bid=100.09 ask=100.16
23:43:22,2018-08-16 09:31:20,CS3,SUBMIT,BUY,100.09,3,bid+1tick=100.09 spread=0.0600 pos=-9L
23:43:22,2018-08-16 09:31:20,CS3,SUBMIT,SELL,100.13,3,ask-1tick=100.13 spread=0.0600 pos=-9L
23:43:22,2018-08-16 09:31:20,CS3,STATUS,,,,bid=100.09(NEW) ask=100.13(NEW) spread=0.0600 pos=-9L
23:43:22,2018-08-16 09:31:21,CS1,SUBMIT,BUY,100.05,3,bid+1tick=100.05 spread=0.1100 pos=-3L
23:43:22,2018-08-16 09:31:21,CS1,SUBMIT,SELL,100.14,3,ask-1tick=100.14 spread=0.1100 pos=-3L
23:43:22,2018-08-16 09:31:21,CS1,STATUS,,,,bid=100.05(NEW) ask=100.14(NEW) spread=0.1100 pos=-3L
23:43:23,2018-08-16 09:31:21,CS2,CANCEL,BUY,99.81,,outside spread bid=99.83 ask=99.93
23:43:23,2018-08-16 09:31:21,CS2,CANCEL,SELL,99.93,,outside spread bid=99.83 ask=99.93
23:43:23,2018-08-16 09:31:21,CS2,SUBMIT,BUY,99.84,3,bid+1tick=99.84 spread=0.1100 pos=+3L
23:43:23,2018-08-16 09:31:21,CS2,SUBMIT,SELL,99.93,3,ask-1tick=99.93 spread=0.1100 pos=+3L
23:43:23,2018-08-16 09:31:21,CS2,STATUS,,,,bid=99.84(NEW) ask=99.93(NEW) spread=0.1100 pos=+3L
23:43:23,2018-08-16 09:31:21,CS3,SPREAD_TIGHT,,,,spread=0.0400 < 0.05 — cancelling
23:43:24,2018-08-16 09:31:22,CS1,CANCEL,BUY,100.05,,outside spread bid=100.05 ask=100.14
23:43:24,2018-08-16 09:31:22,CS1,CANCEL,SELL,100.14,,outside spread bid=100.05 ask=100.14
23:43:25,2018-08-16 09:31:22,CS1,SUBMIT,BUY,100.05,3,bid+1tick=100.05 spread=0.1100 pos=-3L
23:43:25,2018-08-16 09:31:22,CS1,SUBMIT,SELL,100.14,3,ask-1tick=100.14 spread=0.1100 pos=-3L
23:43:25,2018-08-16 09:31:22,CS1,STATUS,,,,bid=100.05(NEW) ask=100.14(NEW) spread=0.1100 pos=-3L
23:43:25,2018-08-16 09:31:22,CS2,CANCEL,SELL,99.93,,outside spread bid=99.83 ask=99.93
23:43:25,2018-08-16 09:31:22,CS2,SUBMIT,BUY,99.84,3,bid+1tick=99.84 spread=0.1100 pos=+6L
23:43:25,2018-08-16 09:31:22,CS2,SUBMIT,SELL,99.93,3,ask-1tick=99.93 spread=0.1100 pos=+6L
23:43:25,2018-08-16 09:31:22,CS2,STATUS,,,,bid=99.84(NEW) ask=99.93(NEW) spread=0.1100 pos=+6L
23:43:25,2018-08-16 09:31:22,CS3,SUBMIT,BUY,100.09,3,bid+1tick=100.09 spread=0.0600 pos=-9L
23:43:25,2018-08-16 09:31:22,CS3,SUBMIT,SELL,100.13,3,ask-1tick=100.13 spread=0.0600 pos=-9L
23:43:25,2018-08-16 09:31:22,CS3,STATUS,,,,bid=100.09(NEW) ask=100.13(NEW) spread=0.0600 pos=-9L
23:43:26,2018-08-16 09:31:22,CS1,CANCEL,BUY,100.05,,outside spread bid=100.05 ask=100.14
23:43:26,2018-08-16 09:31:22,CS1,CANCEL,SELL,100.14,,outside spread bid=100.05 ask=100.14
23:43:27,2018-08-16 09:31:22,CS1,SUBMIT,BUY,100.06,3,bid+1tick=100.06 spread=0.1000 pos=-3L
23:43:27,2018-08-16 09:31:22,CS1,SUBMIT,SELL,100.14,3,ask-1tick=100.14 spread=0.1000 pos=-3L
23:43:27,2018-08-16 09:31:22,CS1,STATUS,,,,bid=100.06(NEW) ask=100.14(NEW) spread=0.1000 pos=-3L
23:43:27,2018-08-16 09:31:22,CS2,SPREAD_TIGHT,,,,spread=0.0200 < 0.05 — cancelling
23:43:27,2018-08-16 09:31:26,CS3,SPREAD_TIGHT,,,,spread=0.0100 < 0.05 — cancelling
23:43:28,2018-08-16 09:31:27,CS1,CANCEL,SELL,100.14,,outside spread bid=100.05 ask=100.12
23:43:29,2018-08-16 09:31:27,CS1,SUBMIT,BUY,100.06,3,bid+1tick=100.06 spread=0.0700 pos=+0L
23:43:29,2018-08-16 09:31:27,CS1,SUBMIT,SELL,100.11,3,ask-1tick=100.11 spread=0.0700 pos=+0L
23:43:29,2018-08-16 09:31:27,CS1,STATUS,,,,bid=100.06(NEW) ask=100.11(NEW) spread=0.0700 pos=+0L
23:43:29,2018-08-16 09:31:27,CS2,SPREAD_TIGHT,,,,spread=0.0300 < 0.05 — cancelling
23:43:30,2018-08-16 09:31:28,CS3,SPREAD_TIGHT,,,,spread=0.0500 < 0.05 — cancelling
23:43:30,2018-08-16 09:31:29,CS1,SPREAD_TIGHT,,,,spread=0.0500 < 0.05 — cancelling
23:43:31,2018-08-16 09:31:30,CS2,SPREAD_TIGHT,,,,spread=0.0300 < 0.05 — cancelling
23:43:32,2018-08-16 09:31:30,CS3,SPREAD_TIGHT,,,,spread=0.0500 < 0.05 — cancelling
23:43:32,2018-08-16 09:31:31,CS1,SPREAD_TIGHT,,,,spread=0.0100 < 0.05 — cancelling
23:43:33,2018-08-16 09:31:32,CS2,SPREAD_TIGHT,,,,spread=0.0200 < 0.05 — cancelling
23:43:34,2018-08-16 09:31:32,CS3,SPREAD_TIGHT,,,,spread=0.0200 < 0.05 — cancelling
23:43:34,2018-08-16 09:31:33,CS1,SPREAD_TIGHT,,,,spread=0.0100 < 0.05 — cancelling
23:43:35,2018-08-16 09:31:34,CS2,SPREAD_TIGHT,,,,spread=0.0200 < 0.05 — cancelling
23:43:36,2018-08-16 09:31:34,CS3,SPREAD_TIGHT,,,,spread=0.0500 < 0.05 — cancelling
23:43:36,2018-08-16 09:31:35,CS1,SUBMIT,BUY,100.1,3,bid+1tick=100.1 spread=0.1000 pos=+0L
23:43:36,2018-08-16 09:31:35,CS1,SUBMIT,SELL,100.18,3,ask-1tick=100.18 spread=0.1000 pos=+0L
23:43:36,2018-08-16 09:31:35,CS1,STATUS,,,,bid=100.1(NEW) ask=100.18(NEW) spread=0.1000 pos=+0L
23:43:37,2018-08-16 09:31:36,CS2,SUBMIT,BUY,99.78,3,bid+1tick=99.78 spread=0.0800 pos=+9L
23:43:37,2018-08-16 09:31:36,CS2,SUBMIT,SELL,99.84,3,ask-1tick=99.84 spread=0.0800 pos=+9L
23:43:37,2018-08-16 09:31:36,CS2,STATUS,,,,bid=99.78(NEW) ask=99.84(NEW) spread=0.0800 pos=+9L
23:43:38,2018-08-16 09:31:36,CS3,SPREAD_TIGHT,,,,spread=0.0500 < 0.05 — cancelling
23:43:39,2018-08-16 09:31:36,CS1,SPREAD_TIGHT,,,,spread=0.0300 < 0.05 — cancelling
23:43:39,2018-08-16 09:31:38,CS2,SPREAD_TIGHT,,,,spread=0.0400 < 0.05 — cancelling
23:43:40,2018-08-16 09:31:38,CS3,SPREAD_TIGHT,,,,spread=0.0500 < 0.05 — cancelling
23:43:41,2018-08-16 09:31:38,CS1,SUBMIT,BUY,100.1,3,bid+1tick=100.1 spread=0.1000 pos=+3L
23:43:41,2018-08-16 09:31:38,CS1,SUBMIT,SELL,100.18,3,ask-1tick=100.18 spread=0.1000 pos=+3L
23:43:41,2018-08-16 09:31:38,CS1,STATUS,,,,bid=100.1(NEW) ask=100.18(NEW) spread=0.1000 pos=+3L
23:43:41,2018-08-16 09:31:38,CS2,SPREAD_TIGHT,,,,spread=0.0400 < 0.05 — cancelling
23:43:42,2018-08-16 09:31:38,CS3,SPREAD_TIGHT,,,,spread=0.0500 < 0.05 — cancelling
23:43:43,2018-08-16 09:31:41,CS1,SPREAD_TIGHT,,,,spread=0.0400 < 0.05 — cancelling
23:43:43,2018-08-16 09:31:41,CS2,SPREAD_TIGHT,,,,spread=0.0400 < 0.05 — cancelling
23:43:44,2018-08-16 09:31:42,CS3,SPREAD_TIGHT,,,,spread=0.0200 < 0.05 — cancelling
23:43:45,2018-08-16 09:31:42,CS1,SPREAD_TIGHT,,,,spread=0.0300 < 0.05 — cancelling
23:43:45,2018-08-16 09:31:42,CS2,SPREAD_TIGHT,,,,spread=0.0500 < 0.05 — cancelling
23:43:46,2018-08-16 09:31:44,CS3,SPREAD_TIGHT,,,,spread=0.0400 < 0.05 — cancelling
23:43:47,2018-08-16 09:31:45,CS1,SPREAD_TIGHT,,,,spread=0.0100 < 0.05 — cancelling
23:43:47,2018-08-16 09:31:46,CS2,SPREAD_TIGHT,,,,spread=0.0300 < 0.05 — cancelling
23:43:48,2018-08-16 09:31:47,CS3,SPREAD_TIGHT,,,,spread=0.0300 < 0.05 — cancelling
23:43:49,2018-08-16 09:31:47,CS1,SPREAD_TIGHT,,,,spread=0.0100 < 0.05 — cancelling
23:43:49,2018-08-16 09:31:47,CS2,SPREAD_TIGHT,,,,spread=0.0300 < 0.05 — cancelling
23:43:50,2018-08-16 09:31:49,CS3,SPREAD_TIGHT,,,,spread=0.0200 < 0.05 — cancelling
23:43:51,2018-08-16 09:31:50,CS1,SUBMIT,BUY,100.14,3,bid+1tick=100.14 spread=0.0600 pos=+3L
23:43:51,2018-08-16 09:31:50,CS1,SUBMIT,SELL,100.18,3,ask-1tick=100.18 spread=0.0600 pos=+3L
23:43:51,2018-08-16 09:31:50,CS1,STATUS,,,,bid=100.14(NEW) ask=100.18(NEW) spread=0.0600 pos=+3L
23:43:52,2018-08-16 09:31:50,CS2,SPREAD_TIGHT,,,,spread=0.0100 < 0.05 — cancelling
23:43:52,2018-08-16 09:31:51,CS3,SPREAD_TIGHT,,,,spread=0.0200 < 0.05 — cancelling
23:43:53,2018-08-16 09:31:51,CS1,SPREAD_TIGHT,,,,spread=0.0100 < 0.05 — cancelling
23:43:54,2018-08-16 09:31:51,CS2,SPREAD_TIGHT,,,,spread=0.0100 < 0.05 — cancelling
23:43:54,2018-08-16 09:31:53,CS3,SPREAD_TIGHT,,,,spread=0.0200 < 0.05 — cancelling
23:43:55,2018-08-16 09:31:54,CS1,SUBMIT,BUY,100.14,3,bid+1tick=100.14 spread=0.0600 pos=+0L
23:43:55,2018-08-16 09:31:54,CS1,SUBMIT,SELL,100.18,3,ask-1tick=100.18 spread=0.0600 pos=+0L
23:43:55,2018-08-16 09:31:54,CS1,STATUS,,,,bid=100.14(NEW) ask=100.18(NEW) spread=0.0600 pos=+0L
23:43:56,2018-08-16 09:31:54,CS2,SPREAD_TIGHT,,,,spread=0.0100 < 0.05 — cancelling
23:43:56,2018-08-16 09:31:55,CS3,SUBMIT,BUY,100.09,3,bid+1tick=100.09 spread=0.0600 pos=-9L
23:43:56,2018-08-16 09:31:55,CS3,SUBMIT,SELL,100.13,3,ask-1tick=100.13 spread=0.0600 pos=-9L
23:43:56,2018-08-16 09:31:55,CS3,STATUS,,,,bid=100.09(NEW) ask=100.13(NEW) spread=0.0600 pos=-9L
23:43:57,2018-08-16 09:31:56,CS1,SPREAD_TIGHT,,,,spread=0.0300 < 0.05 — cancelling
23:43:58,2018-08-16 09:31:56,CS2,SPREAD_TIGHT,,,,spread=0.0200 < 0.05 — cancelling
23:43:58,2018-08-16 09:31:56,CS3,SPREAD_TIGHT,,,,spread=0.0500 < 0.05 — cancelling
23:43:59,2018-08-16 09:31:56,CS1,SPREAD_TIGHT,,,,spread=0.0400 < 0.05 — cancelling
23:44:00,2018-08-16 09:31:59,CS2,SPREAD_TIGHT,,,,spread=0.0400 < 0.05 — cancelling
23:44:00,2018-08-16 09:31:59,CS3,SUBMIT,BUY,100.09,3,bid+1tick=100.09 spread=0.0600 pos=-6L
23:44:00,2018-08-16 09:31:59,CS3,SUBMIT,SELL,100.13,3,ask-1tick=100.13 spread=0.0600 pos=-6L
23:44:00,2018-08-16 09:31:59,CS3,STATUS,,,,bid=100.09(NEW) ask=100.13(NEW) spread=0.0600 pos=-6L
23:44:01,2018-08-16 09:31:59,CS1,SUBMIT,BUY,100.14,3,bid+1tick=100.14 spread=0.0600 pos=-3L
23:44:01,2018-08-16 09:31:59,CS1,SUBMIT,SELL,100.18,3,ask-1tick=100.18 spread=0.0600 pos=-3L
23:44:01,2018-08-16 09:31:59,CS1,STATUS,,,,bid=100.14(NEW) ask=100.18(NEW) spread=0.0600 pos=-3L
23:44:02,2018-08-16 09:32:01,CS2,SPREAD_TIGHT,,,,spread=0.0200 < 0.05 — cancelling
23:44:02,2018-08-16 09:32:01,CS3,SPREAD_TIGHT,,,,spread=0.0200 < 0.05 — cancelling
23:44:03,2018-08-16 09:32:01,CS1,SPREAD_TIGHT,,,,spread=0.0100 < 0.05 — cancelling
23:44:04,2018-08-16 09:32:02,CS2,SPREAD_TIGHT,,,,spread=0.0100 < 0.05 — cancelling
23:44:04,2018-08-16 09:32:03,CS3,SPREAD_TIGHT,,,,spread=0.0200 < 0.05 — cancelling
23:44:05,2018-08-16 09:32:04,CS1,SPREAD_TIGHT,,,,spread=0.0300 < 0.05 — cancelling
23:44:06,2018-08-16 09:32:04,CS2,SPREAD_TIGHT,,,,spread=0.0300 < 0.05 — cancelling
23:44:06,2018-08-16 09:32:04,CS3,SPREAD_TIGHT,,,,spread=0.0300 < 0.05 — cancelling
23:44:07,2018-08-16 09:32:06,CS1,SUBMIT,BUY,100.12,3,bid+1tick=100.12 spread=0.0600 pos=-3L
23:44:07,2018-08-16 09:32:06,CS1,SUBMIT,SELL,100.16,3,ask-1tick=100.16 spread=0.0600 pos=-3L
23:44:07,2018-08-16 09:32:06,CS1,STATUS,,,,bid=100.12(NEW) ask=100.16(NEW) spread=0.0600 pos=-3L
23:44:08,2018-08-16 09:32:07,CS2,SPREAD_TIGHT,,,,spread=0.0300 < 0.05 — cancelling
23:44:09,2018-08-16 09:32:07,CS3,SPREAD_TIGHT,,,,spread=0.0100 < 0.05 — cancelling
23:44:09,2018-08-16 09:32:08,CS1,SPREAD_TIGHT,,,,spread=0.0100 < 0.05 — cancelling
23:44:10,2018-08-16 09:32:09,CS2,SPREAD_TIGHT,,,,spread=0.0300 < 0.05 — cancelling
23:44:11,2018-08-16 09:32:09,CS3,SPREAD_TIGHT,,,,spread=0.0300 < 0.05 — cancelling
23:44:11,2018-08-16 09:32:10,CS1,SUBMIT,BUY,100.2,3,bid+1tick=100.2 spread=0.0900 pos=-6L
23:44:11,2018-08-16 09:32:10,CS1,SUBMIT,SELL,100.27,3,ask-1tick=100.27 spread=0.0900 pos=-6L
23:44:11,2018-08-16 09:32:10,CS1,STATUS,,,,bid=100.2(NEW) ask=100.27(NEW) spread=0.0900 pos=-6L
23:44:12,2018-08-16 09:32:11,CS2,SPREAD_TIGHT,,,,spread=0.0300 < 0.05 — cancelling
23:44:13,2018-08-16 09:32:12,CS3,SPREAD_TIGHT,,,,spread=0.0300 < 0.05 — cancelling
23:44:13,2018-08-16 09:32:12,CS1,SPREAD_TIGHT,,,,spread=0.0500 < 0.05 — cancelling
23:44:14,2018-08-16 09:32:12,CS2,SPREAD_TIGHT,,,,spread=0.0300 < 0.05 — cancelling
23:44:15,2018-08-16 09:32:13,CS3,SUBMIT,BUY,100.05,3,bid+1tick=100.05 spread=0.1100 pos=-9L
23:44:15,2018-08-16 09:32:13,CS3,SUBMIT,SELL,100.14,3,ask-1tick=100.14 spread=0.1100 pos=-9L
23:44:15,2018-08-16 09:32:13,CS3,STATUS,,,,bid=100.05(NEW) ask=100.14(NEW) spread=0.1100 pos=-9L
23:44:16,2018-08-16 09:32:14,CS1,SPREAD_TIGHT,,,,spread=0.0400 < 0.05 — cancelling
23:44:16,2018-08-16 09:32:14,CS2,SPREAD_TIGHT,,,,spread=0.0300 < 0.05 — cancelling
23:44:17,2018-08-16 09:32:14,CS3,CANCEL,BUY,100.05,,outside spread bid=100.05 ask=100.14
23:44:17,2018-08-16 09:32:14,CS3,CANCEL,SELL,100.14,,outside spread bid=100.05 ask=100.14
23:44:17,2018-08-16 09:32:14,CS3,SUBMIT,BUY,100.08,3,bid+1tick=100.08 spread=0.0800 pos=-9L
23:44:17,2018-08-16 09:32:14,CS3,SUBMIT,SELL,100.14,3,ask-1tick=100.14 spread=0.0800 pos=-9L
23:44:17,2018-08-16 09:32:14,CS3,STATUS,,,,bid=100.08(NEW) ask=100.14(NEW) spread=0.0800 pos=-9L
23:44:18,2018-08-16 09:32:16,CS1,SPREAD_TIGHT,,,,spread=0.0200 < 0.05 — cancelling
23:44:18,2018-08-16 09:32:16,CS2,SPREAD_TIGHT,,,,spread=0.0300 < 0.05 — cancelling
23:44:19,2018-08-16 09:32:17,CS3,CANCEL,BUY,100.08,,outside spread bid=100.08 ask=100.14
23:44:19,2018-08-16 09:32:17,CS3,CANCEL,SELL,100.14,,outside spread bid=100.08 ask=100.14
23:44:19,2018-08-16 09:32:17,CS3,SUBMIT,BUY,100.08,3,bid+1tick=100.08 spread=0.0800 pos=-9L
23:44:19,2018-08-16 09:32:17,CS3,SUBMIT,SELL,100.14,3,ask-1tick=100.14 spread=0.0800 pos=-9L
23:44:19,2018-08-16 09:32:17,CS3,STATUS,,,,bid=100.08(NEW) ask=100.14(NEW) spread=0.0800 pos=-9L
23:44:20,2018-08-16 09:32:17,CS1,SPREAD_TIGHT,,,,spread=0.0200 < 0.05 — cancelling
23:44:20,2018-08-16 09:32:17,CS2,SPREAD_TIGHT,,,,spread=0.0300 < 0.05 — cancelling
23:44:21,2018-08-16 09:32:20,CS3,CANCEL,BUY,100.08,,outside spread bid=100.08 ask=100.14
23:44:21,2018-08-16 09:32:20,CS3,CANCEL,SELL,100.14,,outside spread bid=100.08 ask=100.14
23:44:21,2018-08-16 09:32:20,CS3,SUBMIT,BUY,100.05,3,bid+1tick=100.05 spread=0.1100 pos=-9L
23:44:21,2018-08-16 09:32:20,CS3,SUBMIT,SELL,100.14,3,ask-1tick=100.14 spread=0.1100 pos=-9L
23:44:21,2018-08-16 09:32:20,CS3,STATUS,,,,bid=100.05(NEW) ask=100.14(NEW) spread=0.1100 pos=-9L
23:44:22,2018-08-16 09:32:20,CS1,SUBMIT,BUY,100.27,3,bid+1tick=100.27 spread=0.0700 pos=-9L
23:44:22,2018-08-16 09:32:20,CS1,SUBMIT,SELL,100.32,3,ask-1tick=100.32 spread=0.0700 pos=-9L
23:44:22,2018-08-16 09:32:20,CS1,STATUS,,,,bid=100.27(NEW) ask=100.32(NEW) spread=0.0700 pos=-9L
23:44:22,2018-08-16 09:32:21,CS2,SPREAD_TIGHT,,,,spread=0.0300 < 0.05 — cancelling
23:44:23,2018-08-16 09:32:21,CS3,SPREAD_TIGHT,,,,spread=0.0400 < 0.05 — cancelling
23:44:24,2018-08-16 09:32:21,CS1,SPREAD_TIGHT,,,,spread=0.0400 < 0.05 — cancelling
23:44:24,2018-08-16 09:32:23,CS2,SPREAD_TIGHT,,,,spread=0.0300 < 0.05 — cancelling
23:44:25,2018-08-16 09:32:24,CS3,SPREAD_TIGHT,,,,spread=0.0100 < 0.05 — cancelling
23:44:26,2018-08-16 09:32:24,CS1,SUBMIT,BUY,100.27,3,bid+1tick=100.27 spread=0.0700 pos=-6L
23:44:26,2018-08-16 09:32:24,CS1,SUBMIT,SELL,100.32,3,ask-1tick=100.32 spread=0.0700 pos=-6L
23:44:26,2018-08-16 09:32:24,CS1,STATUS,,,,bid=100.27(NEW) ask=100.32(NEW) spread=0.0700 pos=-6L
23:44:26,2018-08-16 09:32:25,CS2,SPREAD_TIGHT,,,,spread=0.0100 < 0.05 — cancelling
23:44:27,2018-08-16 09:32:26,CS3,SPREAD_TIGHT,,,,spread=0.0300 < 0.05 — cancelling
23:44:28,2018-08-16 09:32:26,CS1,SPREAD_TIGHT,,,,spread=0.0300 < 0.05 — cancelling
23:44:28,2018-08-16 09:32:26,CS2,SPREAD_TIGHT,,,,spread=0.0100 < 0.05 — cancelling
23:44:29,2018-08-16 09:32:26,CS3,SPREAD_TIGHT,,,,spread=0.0300 < 0.05 — cancelling
23:44:30,2018-08-16 09:32:26,CS1,SPREAD_TIGHT,,,,spread=0.0400 < 0.05 — cancelling
23:44:30,2018-08-16 09:32:29,CS2,SPREAD_TIGHT,,,,spread=0.0100 < 0.05 — cancelling
23:44:31,2018-08-16 09:32:29,CS3,SUBMIT,BUY,100.05,3,bid+1tick=100.05 spread=0.1000 pos=-9L
23:44:31,2018-08-16 09:32:29,CS3,SUBMIT,SELL,100.13,3,ask-1tick=100.13 spread=0.1000 pos=-9L
23:44:31,2018-08-16 09:32:29,CS3,STATUS,,,,bid=100.05(NEW) ask=100.13(NEW) spread=0.1000 pos=-9L
23:44:32,2018-08-16 09:32:31,CS1,SPREAD_TIGHT,,,,spread=0.0100 < 0.05 — cancelling
23:44:33,2018-08-16 09:32:31,CS2,SPREAD_TIGHT,,,,spread=0.0300 < 0.05 — cancelling
23:44:33,2018-08-16 09:32:31,CS3,SPREAD_TIGHT,,,,spread=0.0500 < 0.05 — cancelling
23:44:34,2018-08-16 09:32:33,CS1,SPREAD_TIGHT,,,,spread=0.0100 < 0.05 — cancelling
23:44:35,2018-08-16 09:32:33,CS2,SPREAD_TIGHT,,,,spread=0.0300 < 0.05 — cancelling
23:44:35,2018-08-16 09:32:33,CS3,SPREAD_TIGHT,,,,spread=0.0300 < 0.05 — cancelling
23:44:36,2018-08-16 09:32:34,CS1,SPREAD_TIGHT,,,,spread=0.0100 < 0.05 — cancelling
23:44:37,2018-08-16 09:32:36,CS2,SUBMIT,BUY,99.92,3,bid+1tick=99.92 spread=0.0600 pos=+6L
23:44:37,2018-08-16 09:32:36,CS2,SUBMIT,SELL,99.96,3,ask-1tick=99.96 spread=0.0600 pos=+6L
23:44:37,2018-08-16 09:32:36,CS2,STATUS,,,,bid=99.92(NEW) ask=99.96(NEW) spread=0.0600 pos=+6L
23:44:37,2018-08-16 09:32:36,CS3,SPREAD_TIGHT,,,,spread=0.0300 < 0.05 — cancelling
23:44:38,2018-08-16 09:32:37,CS1,SPREAD_TIGHT,,,,spread=-0.0100 < 0.05 — cancelling
23:44:39,2018-08-16 09:32:37,CS2,SPREAD_TIGHT,,,,spread=0.0400 < 0.05 — cancelling
23:44:39,2018-08-16 09:32:38,CS3,SUBMIT,BUY,100.08,3,bid+1tick=100.08 spread=0.0700 pos=-9L
23:44:39,2018-08-16 09:32:38,CS3,SUBMIT,SELL,100.13,3,ask-1tick=100.13 spread=0.0700 pos=-9L
23:44:39,2018-08-16 09:32:38,CS3,STATUS,,,,bid=100.08(NEW) ask=100.13(NEW) spread=0.0700 pos=-9L
23:44:40,2018-08-16 09:32:38,CS1,SPREAD_TIGHT,,,,spread=0.0300 < 0.05 — cancelling
23:44:41,2018-08-16 09:32:40,CS2,SPREAD_TIGHT,,,,spread=0.0100 < 0.05 — cancelling
23:44:41,2018-08-16 09:32:40,CS3,SPREAD_TIGHT,,,,spread=0.0200 < 0.05 — cancelling
23:44:42,2018-08-16 09:32:41,CS1,SPREAD_TIGHT,,,,spread=0.0100 < 0.05 — cancelling
23:44:43,2018-08-16 09:32:41,CS2,SPREAD_TIGHT,,,,spread=0.0400 < 0.05 — cancelling
23:44:43,2018-08-16 09:32:41,CS3,SPREAD_TIGHT,,,,spread=0.0100 < 0.05 — cancelling
23:44:44,2018-08-16 09:32:41,CS1,SPREAD_TIGHT,,,,spread=0.0100 < 0.05 — cancelling
23:44:45,2018-08-16 09:32:41,CS2,SPREAD_TIGHT,,,,spread=0.0400 < 0.05 — cancelling
23:44:45,2018-08-16 09:32:41,CS3,SPREAD_TIGHT,,,,spread=0.0100 < 0.05 — cancelling
23:44:46,2018-08-16 09:32:44,CS1,SPREAD_TIGHT,,,,spread=0.0300 < 0.05 — cancelling
23:44:47,2018-08-16 09:32:45,CS2,SPREAD_TIGHT,,,,spread=0.0300 < 0.05 — cancelling
23:44:47,2018-08-16 09:32:46,CS3,SPREAD_TIGHT,,,,spread=0.0200 < 0.05 — cancelling
23:44:48,2018-08-16 09:32:46,CS1,SPREAD_TIGHT,,,,spread=0.0100 < 0.05 — cancelling
23:44:49,2018-08-16 09:32:46,CS2,SPREAD_TIGHT,,,,spread=0.0300 < 0.05 — cancelling
23:44:49,2018-08-16 09:32:46,CS3,SPREAD_TIGHT,,,,spread=0.0200 < 0.05 — cancelling
23:44:50,2018-08-16 09:32:49,CS1,SPREAD_TIGHT,,,,spread=0.0100 < 0.05 — cancelling
23:44:51,2018-08-16 09:32:49,CS2,SPREAD_TIGHT,,,,spread=0.0200 < 0.05 — cancelling
23:44:51,2018-08-16 09:32:49,CS3,SPREAD_TIGHT,,,,spread=0.0200 < 0.05 — cancelling
23:44:52,2018-08-16 09:32:51,CS1,SPREAD_TIGHT,,,,spread=0.0200 < 0.05 — cancelling
23:44:53,2018-08-16 09:32:51,CS2,SPREAD_TIGHT,,,,spread=0.0200 < 0.05 — cancelling
23:44:53,2018-08-16 09:32:52,CS3,SPREAD_TIGHT,,,,spread=0.0200 < 0.05 — cancelling
23:44:54,2018-08-16 09:32:52,CS1,SPREAD_TIGHT,,,,spread=0.0500 < 0.05 — cancelling
23:44:55,2018-08-16 09:32:52,CS2,SPREAD_TIGHT,,,,spread=0.0200 < 0.05 — cancelling
23:44:56,2018-08-16 09:32:54,CS3,SPREAD_TIGHT,,,,spread=0.0300 < 0.05 — cancelling
23:44:56,2018-08-16 09:32:55,CS1,NO_BOOK,,,,skipping cycle
23:44:57,2018-08-16 09:32:56,CS2,SPREAD_TIGHT,,,,spread=0.0200 < 0.05 — cancelling
23:44:58,2018-08-16 09:32:56,CS3,SUBMIT,BUY,100.12,3,bid+1tick=100.12 spread=0.0600 pos=-12L
23:44:58,2018-08-16 09:32:56,CS3,SUBMIT,SELL,100.16,3,ask-1tick=100.16 spread=0.0600 pos=-12L
23:44:58,2018-08-16 09:32:56,CS3,STATUS,,,,bid=100.12(NEW) ask=100.16(NEW) spread=0.0600 pos=-12L
23:44:58,2018-08-16 09:32:57,CS1,SUBMIT,BUY,100.55,3,bid+1tick=100.55 spread=0.0600 pos=-3L
23:44:58,2018-08-16 09:32:57,CS1,SUBMIT,SELL,100.59,3,ask-1tick=100.59 spread=0.0600 pos=-3L
23:44:58,2018-08-16 09:32:57,CS1,STATUS,,,,bid=100.55(NEW) ask=100.59(NEW) spread=0.0600 pos=-3L
23:44:59,2018-08-16 09:32:58,CS2,SPREAD_TIGHT,,,,spread=0.0300 < 0.05 — cancelling
23:45:00,2018-08-16 09:32:58,CS3,SPREAD_TIGHT,,,,spread=0.0400 < 0.05 — cancelling
23:45:00,2018-08-16 09:32:59,CS1,CANCEL,BUY,100.55,,outside spread bid=100.55 ask=100.65
23:45:01,2018-08-16 09:32:59,CS1,SUBMIT,BUY,100.55,3,bid+1tick=100.55 spread=0.1100 pos=-5L
23:45:01,2018-08-16 09:32:59,CS1,SUBMIT,SELL,100.64,3,ask-1tick=100.64 spread=0.1100 pos=-5L
23:45:01,2018-08-16 09:32:59,CS1,STATUS,,,,bid=100.55(NEW) ask=100.64(NEW) spread=0.1100 pos=-5L
23:45:01,2018-08-16 09:32:59,CS2,SPREAD_TIGHT,,,,spread=0.0300 < 0.05 — cancelling
23:45:02,2018-08-16 09:33:01,CS3,SUBMIT,BUY,100.12,3,bid+1tick=100.12 spread=0.0600 pos=-13L
23:45:02,2018-08-16 09:33:01,CS3,SUBMIT,SELL,100.16,3,ask-1tick=100.16 spread=0.0600 pos=-13L
23:45:02,2018-08-16 09:33:01,CS3,STATUS,,,,bid=100.12(NEW) ask=100.16(NEW) spread=0.0600 pos=-13L
23:45:03,2018-08-16 09:33:01,CS1,SPREAD_TIGHT,,,,spread=0.0300 < 0.05 — cancelling
23:45:03,2018-08-16 09:33:02,CS2,SPREAD_TIGHT,,,,spread=0.0500 < 0.05 — cancelling
23:45:04,2018-08-16 09:33:02,CS3,CANCEL,SELL,100.16,,outside spread bid=100.07 ask=100.16
23:45:04,2018-08-16 09:33:02,CS3,SUBMIT,BUY,100.08,3,bid+1tick=100.08 spread=0.0800 pos=-10L
23:45:04,2018-08-16 09:33:02,CS3,SUBMIT,SELL,100.14,3,ask-1tick=100.14 spread=0.0800 pos=-10L
23:45:04,2018-08-16 09:33:02,CS3,STATUS,,,,bid=100.08(NEW) ask=100.14(NEW) spread=0.0800 pos=-10L
23:45:05,2018-08-16 09:33:03,CS1,SPREAD_TIGHT,,,,spread=0.0100 < 0.05 — cancelling
23:45:05,2018-08-16 09:33:03,CS2,SPREAD_TIGHT,,,,spread=0.0500 < 0.05 — cancelling
23:45:06,2018-08-16 09:33:05,CS3,CANCEL,BUY,100.08,,outside spread bid=100.08 ask=100.14
23:45:07,2018-08-16 09:33:06,CS1,SPREAD_TIGHT,,,,spread=0.0100 < 0.05 — cancelling
23:45:07,2018-08-16 09:33:06,CS2,SPREAD_TIGHT,,,,spread=0.0500 < 0.05 — cancelling
23:45:08,2018-08-16 09:33:07,CS3,SUBMIT,BUY,100.08,3,bid+1tick=100.08 spread=0.1100 pos=-13L
23:45:08,2018-08-16 09:33:07,CS3,SUBMIT,SELL,100.17,3,ask-1tick=100.17 spread=0.1100 pos=-13L
23:45:08,2018-08-16 09:33:07,CS3,STATUS,,,,bid=100.08(NEW) ask=100.17(NEW) spread=0.1100 pos=-13L
23:45:09,2018-08-16 09:33:07,CS1,SUBMIT,BUY,100.49,3,bid+1tick=100.49 spread=0.1000 pos=-2L
23:45:09,2018-08-16 09:33:07,CS1,SUBMIT,SELL,100.57,3,ask-1tick=100.57 spread=0.1000 pos=-2L
23:45:09,2018-08-16 09:33:07,CS1,STATUS,,,,bid=100.49(NEW) ask=100.57(NEW) spread=0.1000 pos=-2L
23:45:10,2018-08-16 09:33:07,CS2,SPREAD_TIGHT,,,,spread=0.0200 < 0.05 — cancelling
23:45:10,2018-08-16 09:33:07,CS3,CANCEL,BUY,100.08,,outside spread bid=100.08 ask=100.17
23:45:10,2018-08-16 09:33:07,CS3,CANCEL,SELL,100.17,,outside spread bid=100.08 ask=100.17
23:45:11,2018-08-16 09:33:07,CS3,SUBMIT,BUY,100.08,3,bid+1tick=100.08 spread=0.1100 pos=-13L
23:45:11,2018-08-16 09:33:07,CS3,SUBMIT,SELL,100.17,3,ask-1tick=100.17 spread=0.1100 pos=-13L
23:45:11,2018-08-16 09:33:07,CS3,STATUS,,,,bid=100.08(NEW) ask=100.17(NEW) spread=0.1100 pos=-13L
23:45:11,2018-08-16 09:33:09,CS1,SPREAD_TIGHT,,,,spread=0.0300 < 0.05 — cancelling
23:45:12,2018-08-16 09:33:10,CS2,SPREAD_TIGHT,,,,spread=0.0300 < 0.05 — cancelling
23:45:12,2018-08-16 09:33:10,CS3,SPREAD_TIGHT,,,,spread=0.0200 < 0.05 — cancelling
23:45:13,2018-08-16 09:33:10,CS1,SPREAD_TIGHT,,,,spread=0.0300 < 0.05 — cancelling
23:45:14,2018-08-16 09:33:10,CS2,SPREAD_TIGHT,,,,spread=0.0200 < 0.05 — cancelling
23:45:14,2018-08-16 09:33:10,CS3,SPREAD_TIGHT,,,,spread=0.0100 < 0.05 — cancelling
23:45:15,2018-08-16 09:33:10,CS1,SPREAD_TIGHT,,,,spread=0.0200 < 0.05 — cancelling
23:45:16,2018-08-16 09:33:15,CS2,SPREAD_TIGHT,,,,spread=0.0200 < 0.05 — cancelling
23:45:16,2018-08-16 09:33:15,CS3,SPREAD_TIGHT,,,,spread=0.0500 < 0.05 — cancelling
23:45:17,2018-08-16 09:33:16,CS1,SPREAD_TIGHT,,,,spread=0.0400 < 0.05 — cancelling
23:45:18,2018-08-16 09:33:16,CS2,SUBMIT,BUY,99.75,3,bid+1tick=99.75 spread=0.0600 pos=+9L
23:45:18,2018-08-16 09:33:16,CS2,SUBMIT,SELL,99.79,3,ask-1tick=99.79 spread=0.0600 pos=+9L
23:45:18,2018-08-16 09:33:16,CS2,STATUS,,,,bid=99.75(NEW) ask=99.79(NEW) spread=0.0600 pos=+9L
23:45:18,2018-08-16 09:33:17,CS3,SUBMIT,BUY,100.01,3,bid+1tick=100.01 spread=0.0600 pos=-10L
23:45:18,2018-08-16 09:33:17,CS3,SUBMIT,SELL,100.05,3,ask-1tick=100.05 spread=0.0600 pos=-10L
23:45:18,2018-08-16 09:33:17,CS3,STATUS,,,,bid=100.01(NEW) ask=100.05(NEW) spread=0.0600 pos=-10L
23:45:19,2018-08-16 09:33:18,CS1,SPREAD_TIGHT,,,,spread=0.0400 < 0.05 — cancelling
23:45:20,2018-08-16 09:33:19,CS2,CANCEL,SELL,99.79,,outside spread bid=99.74 ask=99.79
23:45:20,2018-08-16 09:33:19,CS3,SPREAD_TIGHT,,,,spread=0.0100 < 0.05 — cancelling
23:45:21,2018-08-16 09:33:19,CS1,SPREAD_TIGHT,,,,spread=0.0200 < 0.05 — cancelling
23:45:22,2018-08-16 09:33:19,CS2,SPREAD_TIGHT,,,,spread=0.0100 < 0.05 — cancelling
23:45:23,2018-08-16 09:33:21,CS3,SPREAD_TIGHT,,,,spread=0.0200 < 0.05 — cancelling
23:45:23,2018-08-16 09:33:21,CS1,SPREAD_TIGHT,,,,spread=0.0100 < 0.05 — cancelling
23:45:24,2018-08-16 09:33:23,CS2,SPREAD_TIGHT,,,,spread=0.0100 < 0.05 — cancelling
23:45:25,2018-08-16 09:33:23,CS3,SPREAD_TIGHT,,,,spread=0.0200 < 0.05 — cancelling
23:45:25,2018-08-16 09:33:24,CS1,SPREAD_TIGHT,,,,spread=0.0300 < 0.05 — cancelling
23:45:26,2018-08-16 09:33:24,CS2,SPREAD_TIGHT,,,,spread=0.0300 < 0.05 — cancelling
23:45:27,2018-08-16 09:33:25,CS3,SPREAD_TIGHT,,,,spread=0.0300 < 0.05 — cancelling
23:45:27,2018-08-16 09:33:25,CS1,SPREAD_TIGHT,,,,spread=0.0100 < 0.05 — cancelling
23:45:28,2018-08-16 09:33:27,CS2,SPREAD_TIGHT,,,,spread=0.0200 < 0.05 — cancelling
23:45:29,2018-08-16 09:33:28,CS3,SPREAD_TIGHT,,,,spread=0.0300 < 0.05 — cancelling
23:45:29,2018-08-16 09:33:28,CS1,SPREAD_TIGHT,,,,spread=0.0100 < 0.05 — cancelling
23:45:30,2018-08-16 09:33:28,CS2,SPREAD_TIGHT,,,,spread=0.0100 < 0.05 — cancelling
23:45:31,2018-08-16 09:33:28,CS3,SPREAD_TIGHT,,,,spread=0.0300 < 0.05 — cancelling
23:45:32,2018-08-16 09:33:30,CS1,SPREAD_TIGHT,,,,spread=0.0400 < 0.05 — cancelling
23:45:32,2018-08-16 09:33:30,CS2,SUBMIT,BUY,99.74,3,bid+1tick=99.74 spread=0.0800 pos=+12L
23:45:32,2018-08-16 09:33:30,CS2,SUBMIT,SELL,99.8,3,ask-1tick=99.8 spread=0.0800 pos=+12L
23:45:32,2018-08-16 09:33:30,CS2,STATUS,,,,bid=99.74(NEW) ask=99.8(NEW) spread=0.0800 pos=+12L
23:45:33,2018-08-16 09:33:32,CS3,SPREAD_TIGHT,,,,spread=0.0300 < 0.05 — cancelling
23:45:34,2018-08-16 09:33:32,CS1,SPREAD_TIGHT,,,,spread=0.0400 < 0.05 — cancelling
23:45:34,2018-08-16 09:33:32,CS2,SPREAD_TIGHT,,,,spread=0.0200 < 0.05 — cancelling
23:45:35,2018-08-16 09:33:32,CS3,SPREAD_TIGHT,,,,spread=0.0100 < 0.05 — cancelling
23:45:36,2018-08-16 09:33:34,CS1,SPREAD_TIGHT,,,,spread=0.0200 < 0.05 — cancelling
23:45:36,2018-08-16 09:33:34,CS2,SPREAD_TIGHT,,,,spread=0.0300 < 0.05 — cancelling
23:45:37,2018-08-16 09:33:34,CS3,SPREAD_TIGHT,,,,spread=0.0400 < 0.05 — cancelling
23:45:38,2018-08-16 09:33:34,CS1,SPREAD_TIGHT,,,,spread=0.0400 < 0.05 — cancelling
23:45:38,2018-08-16 09:33:34,CS2,SUBMIT,BUY,99.74,3,bid+1tick=99.74 spread=0.0700 pos=+12L
23:45:38,2018-08-16 09:33:34,CS2,SUBMIT,SELL,99.79,3,ask-1tick=99.79 spread=0.0700 pos=+12L
23:45:38,2018-08-16 09:33:34,CS2,STATUS,,,,bid=99.74(NEW) ask=99.79(NEW) spread=0.0700 pos=+12L
23:45:39,2018-08-16 09:33:34,CS3,SPREAD_TIGHT,,,,spread=0.0300 < 0.05 — cancelling
23:45:40,2018-08-16 09:33:38,CS1,SPREAD_TIGHT,,,,spread=0.0300 < 0.05 — cancelling
23:45:40,2018-08-16 09:33:39,CS2,SPREAD_TIGHT,,,,spread=0.0100 < 0.05 — cancelling
23:45:41,2018-08-16 09:33:39,CS3,SPREAD_TIGHT,,,,spread=0.0100 < 0.05 — cancelling
23:45:42,2018-08-16 09:33:39,CS1,SUBMIT,BUY,100.57,3,bid+1tick=100.57 spread=0.0600 pos=-2L
23:45:42,2018-08-16 09:33:39,CS1,SUBMIT,SELL,100.61,3,ask-1tick=100.61 spread=0.0600 pos=-2L
23:45:42,2018-08-16 09:33:39,CS1,STATUS,,,,bid=100.57(NEW) ask=100.61(NEW) spread=0.0600 pos=-2L
23:45:42,2018-08-16 09:33:39,CS2,SPREAD_TIGHT,,,,spread=0.0100 < 0.05 — cancelling
23:45:43,2018-08-16 09:33:39,CS3,SPREAD_TIGHT,,,,spread=0.0100 < 0.05 — cancelling
23:45:44,2018-08-16 09:33:42,CS1,SPREAD_TIGHT,,,,spread=0.0100 < 0.05 — cancelling
23:45:44,2018-08-16 09:33:43,CS2,SPREAD_TIGHT,,,,spread=0.0400 < 0.05 — cancelling
23:45:45,2018-08-16 09:33:43,CS3,SPREAD_TIGHT,,,,spread=0.0400 < 0.05 — cancelling
23:45:46,2018-08-16 09:33:45,CS1,SPREAD_TIGHT,,,,spread=0.0300 < 0.05 — cancelling
23:45:46,2018-08-16 09:33:45,CS2,SPREAD_TIGHT,,,,spread=0.0400 < 0.05 — cancelling
23:45:47,2018-08-16 09:33:45,CS3,SPREAD_TIGHT,,,,spread=0.0400 < 0.05 — cancelling
23:45:48,2018-08-16 09:33:47,CS1,SUBMIT,BUY,100.55,3,bid+1tick=100.55 spread=0.0800 pos=-2L
23:45:48,2018-08-16 09:33:47,CS1,SUBMIT,SELL,100.61,3,ask-1tick=100.61 spread=0.0800 pos=-2L
23:45:48,2018-08-16 09:33:47,CS1,STATUS,,,,bid=100.55(NEW) ask=100.61(NEW) spread=0.0800 pos=-2L
23:45:48,2018-08-16 09:33:47,CS2,SPREAD_TIGHT,,,,spread=0.0400 < 0.05 — cancelling
23:45:49,2018-08-16 09:33:48,CS3,SPREAD_TIGHT,,,,spread=0.0400 < 0.05 — cancelling
23:45:50,2018-08-16 09:33:48,CS1,SPREAD_TIGHT,,,,spread=0.0200 < 0.05 — cancelling
23:45:51,2018-08-16 09:33:48,CS2,SPREAD_TIGHT,,,,spread=0.0400 < 0.05 — cancelling
23:45:51,2018-08-16 09:33:48,CS3,SUBMIT,BUY,100.03,3,bid+1tick=100.03 spread=0.0800 pos=-10L
23:45:51,2018-08-16 09:33:48,CS3,SUBMIT,SELL,100.09,3,ask-1tick=100.09 spread=0.0800 pos=-10L
23:45:51,2018-08-16 09:33:48,CS3,STATUS,,,,bid=100.03(NEW) ask=100.09(NEW) spread=0.0800 pos=-10L
23:45:52,2018-08-16 09:33:51,CS1,SUBMIT,BUY,100.55,3,bid+1tick=100.55 spread=0.0800 pos=-5L
23:45:52,2018-08-16 09:33:51,CS1,SUBMIT,SELL,100.61,3,ask-1tick=100.61 spread=0.0800 pos=-5L
23:45:52,2018-08-16 09:33:51,CS1,STATUS,,,,bid=100.55(NEW) ask=100.61(NEW) spread=0.0800 pos=-5L
23:45:53,2018-08-16 09:33:51,CS2,SUBMIT,BUY,99.72,3,bid+1tick=99.72 spread=0.0600 pos=+15L
23:45:53,2018-08-16 09:33:51,CS2,SUBMIT,SELL,99.76,3,ask-1tick=99.76 spread=0.0600 pos=+15L
23:45:53,2018-08-16 09:33:51,CS2,STATUS,,,,bid=99.72(NEW) ask=99.76(NEW) spread=0.0600 pos=+15L
23:45:53,2018-08-16 09:33:51,CS3,SPREAD_TIGHT,,,,spread=0.0500 < 0.05 — cancelling
23:45:54,2018-08-16 09:33:53,CS1,SPREAD_TIGHT,,,,spread=0.0500 < 0.05 — cancelling
23:45:55,2018-08-16 09:33:53,CS2,SPREAD_TIGHT,,,,spread=0.0200 < 0.05 — cancelling
23:45:55,2018-08-16 09:33:53,CS3,SPREAD_TIGHT,,,,spread=0.0100 < 0.05 — cancelling
23:45:56,2018-08-16 09:33:55,CS1,SPREAD_TIGHT,,,,spread=0.0500 < 0.05 — cancelling
23:45:57,2018-08-16 09:33:55,CS2,SUBMIT,BUY,99.72,3,bid+1tick=99.72 spread=0.0500 pos=+15L
23:45:57,2018-08-16 09:33:55,CS2,SUBMIT,SELL,99.75,3,ask-1tick=99.75 spread=0.0500 pos=+15L
23:45:57,2018-08-16 09:33:55,CS2,STATUS,,,,bid=99.72(NEW) ask=99.75(NEW) spread=0.0500 pos=+15L
23:45:57,2018-08-16 09:33:55,CS3,SPREAD_TIGHT,,,,spread=0.0100 < 0.05 — cancelling
23:45:58,2018-08-16 09:33:57,CS1,SPREAD_TIGHT,,,,spread=0.0400 < 0.05 — cancelling
23:45:59,2018-08-16 09:33:57,CS2,SPREAD_TIGHT,,,,spread=0.0400 < 0.05 — cancelling
23:45:59,2018-08-16 09:33:58,CS3,SPREAD_TIGHT,,,,spread=0.0100 < 0.05 — cancelling
23:46:00,2018-08-16 09:33:58,CS1,SPREAD_TIGHT,,,,spread=-0.0100 < 0.05 — cancelling
23:46:01,2018-08-16 09:33:58,CS2,SUBMIT,BUY,99.72,3,bid+1tick=99.72 spread=0.0500 pos=+12L
23:46:01,2018-08-16 09:33:58,CS2,SUBMIT,SELL,99.75,3,ask-1tick=99.75 spread=0.0500 pos=+12L
23:46:01,2018-08-16 09:33:58,CS2,STATUS,,,,bid=99.72(NEW) ask=99.75(NEW) spread=0.0500 pos=+12L
23:46:01,2018-08-16 09:33:58,CS3,SUBMIT,BUY,100.05,3,bid+1tick=100.05 spread=0.0600 pos=-13L
23:46:01,2018-08-16 09:33:58,CS3,SUBMIT,SELL,100.09,3,ask-1tick=100.09 spread=0.0600 pos=-13L
23:46:01,2018-08-16 09:33:58,CS3,STATUS,,,,bid=100.05(NEW) ask=100.09(NEW) spread=0.0600 pos=-13L
23:46:02,2018-08-16 09:33:58,CS1,SPREAD_TIGHT,,,,spread=0.0300 < 0.05 — cancelling
23:46:03,2018-08-16 09:34:02,CS2,SPREAD_TIGHT,,,,spread=0.0100 < 0.05 — cancelling
23:46:03,2018-08-16 09:34:02,CS3,SPREAD_TIGHT,,,,spread=0.0400 < 0.05 — cancelling
23:46:04,2018-08-16 09:34:03,CS1,SPREAD_TIGHT,,,,spread=0.0400 < 0.05 — cancelling
23:46:05,2018-08-16 09:34:03,CS2,SUBMIT,BUY,99.72,3,bid+1tick=99.72 spread=0.0500 pos=+12L
23:46:05,2018-08-16 09:34:03,CS2,SUBMIT,SELL,99.75,3,ask-1tick=99.75 spread=0.0500 pos=+12L
23:46:05,2018-08-16 09:34:03,CS2,STATUS,,,,bid=99.72(NEW) ask=99.75(NEW) spread=0.0500 pos=+12L
23:46:05,2018-08-16 09:34:03,CS3,SPREAD_TIGHT,,,,spread=0.0100 < 0.05 — cancelling
23:46:06,2018-08-16 09:34:03,CS1,SPREAD_TIGHT,,,,spread=0.0400 < 0.05 — cancelling
23:46:07,2018-08-16 09:34:03,CS2,SPREAD_TIGHT,,,,spread=0.0300 < 0.05 — cancelling
23:46:08,2018-08-16 09:34:03,CS3,SPREAD_TIGHT,,,,spread=0.0400 < 0.05 — cancelling
23:46:08,2018-08-16 09:34:03,CS1,SPREAD_TIGHT,,,,spread=0.0100 < 0.05 — cancelling
23:46:09,2018-08-16 09:34:08,CS2,SPREAD_TIGHT,,,,spread=0.0200 < 0.05 — cancelling
23:46:10,2018-08-16 09:34:09,CS3,SPREAD_TIGHT,,,,spread=0.0400 < 0.05 — cancelling
23:46:10,2018-08-16 09:34:09,CS1,SPREAD_TIGHT,,,,spread=0.0400 < 0.05 — cancelling
23:46:11,2018-08-16 09:34:10,CS2,SPREAD_TIGHT,,,,spread=0.0300 < 0.05 — cancelling
23:46:12,2018-08-16 09:34:10,CS3,SPREAD_TIGHT,,,,spread=0.0100 < 0.05 — cancelling
23:46:12,2018-08-16 09:34:10,CS1,SUBMIT,BUY,100.5,3,bid+1tick=100.5 spread=0.0600 pos=-2L
23:46:12,2018-08-16 09:34:10,CS1,SUBMIT,SELL,100.54,3,ask-1tick=100.54 spread=0.0600 pos=-2L
23:46:12,2018-08-16 09:34:10,CS1,STATUS,,,,bid=100.5(NEW) ask=100.54(NEW) spread=0.0600 pos=-2L
23:46:13,2018-08-16 09:34:10,CS2,SUBMIT,BUY,99.72,3,bid+1tick=99.72 spread=0.0600 pos=+12L
23:46:13,2018-08-16 09:34:10,CS2,SUBMIT,SELL,99.76,3,ask-1tick=99.76 spread=0.0600 pos=+12L
23:46:13,2018-08-16 09:34:10,CS2,STATUS,,,,bid=99.72(NEW) ask=99.76(NEW) spread=0.0600 pos=+12L
23:46:14,2018-08-16 09:34:10,CS3,SPREAD_TIGHT,,,,spread=0.0100 < 0.05 — cancelling
23:46:14,2018-08-16 09:34:13,CS1,SPREAD_TIGHT,,,,spread=0.0100 < 0.05 — cancelling
23:46:15,2018-08-16 09:34:13,CS2,CANCEL,SELL,99.76,,outside spread bid=99.7 ask=99.76
23:46:15,2018-08-16 09:34:13,CS2,SUBMIT,BUY,99.71,3,bid+1tick=99.71 spread=0.0600 pos=+15L
23:46:15,2018-08-16 09:34:13,CS2,SUBMIT,SELL,99.75,3,ask-1tick=99.75 spread=0.0600 pos=+15L
23:46:15,2018-08-16 09:34:13,CS2,STATUS,,,,bid=99.71(NEW) ask=99.75(NEW) spread=0.0600 pos=+15L
23:46:16,2018-08-16 09:34:14,CS3,SPREAD_TIGHT,,,,spread=0.0100 < 0.05 — cancelling
23:46:17,2018-08-16 09:34:14,CS1,SPREAD_TIGHT,,,,spread=0.0300 < 0.05 — cancelling
23:46:17,2018-08-16 09:34:14,CS2,SPREAD_TIGHT,,,,spread=0.0400 < 0.05 — cancelling
23:46:18,2018-08-16 09:34:16,CS3,SPREAD_TIGHT,,,,spread=0.0100 < 0.05 — cancelling
23:46:19,2018-08-16 09:34:17,CS1,SPREAD_TIGHT,,,,spread=0.0400 < 0.05 — cancelling
23:46:19,2018-08-16 09:34:17,CS2,SPREAD_TIGHT,,,,spread=0.0500 < 0.05 — cancelling
23:46:20,2018-08-16 09:34:17,CS3,SPREAD_TIGHT,,,,spread=0.0100 < 0.05 — cancelling
23:46:21,2018-08-16 09:34:20,CS1,SPREAD_TIGHT,,,,spread=0.0100 < 0.05 — cancelling
23:46:21,2018-08-16 09:34:20,CS2,SPREAD_TIGHT,,,,spread=0.0200 < 0.05 — cancelling
23:46:22,2018-08-16 09:34:20,CS3,SPREAD_TIGHT,,,,spread=0.0100 < 0.05 — cancelling
23:46:23,2018-08-16 09:34:21,CS1,SPREAD_TIGHT,,,,spread=0.0100 < 0.05 — cancelling
23:46:23,2018-08-16 09:34:22,CS2,SPREAD_TIGHT,,,,spread=0.0200 < 0.05 — cancelling
23:46:24,2018-08-16 09:34:23,CS3,SPREAD_TIGHT,,,,spread=0.0100 < 0.05 — cancelling
23:46:25,2018-08-16 09:34:23,CS1,SPREAD_TIGHT,,,,spread=0.0100 < 0.05 — cancelling
23:46:25,2018-08-16 09:34:24,CS2,SPREAD_TIGHT,,,,spread=0.0200 < 0.05 — cancelling
23:46:26,2018-08-16 09:34:25,CS3,SPREAD_TIGHT,,,,spread=0.0400 < 0.05 — cancelling
23:46:27,2018-08-16 09:34:25,CS1,SPREAD_TIGHT,,,,spread=0.0500 < 0.05 — cancelling
23:46:27,2018-08-16 09:34:26,CS2,SPREAD_TIGHT,,,,spread=0.0200 < 0.05 — cancelling
23:46:28,2018-08-16 09:34:26,CS3,SPREAD_TIGHT,,,,spread=0.0500 < 0.05 — cancelling
23:46:29,2018-08-16 09:34:28,CS1,SPREAD_TIGHT,,,,spread=0.0100 < 0.05 — cancelling
23:46:29,2018-08-16 09:34:28,CS2,SPREAD_TIGHT,,,,spread=0.0100 < 0.05 — cancelling
23:46:30,2018-08-16 09:34:29,CS3,SPREAD_TIGHT,,,,spread=0.0200 < 0.05 — cancelling
23:46:31,2018-08-16 09:34:29,CS1,SPREAD_TIGHT,,,,spread=0.0300 < 0.05 — cancelling
23:46:32,2018-08-16 09:34:30,CS2,SPREAD_TIGHT,,,,spread=0.0200 < 0.05 — cancelling
23:46:32,2018-08-16 09:34:30,CS3,SPREAD_TIGHT,,,,spread=0.0100 < 0.05 — cancelling
23:46:33,2018-08-16 09:34:32,CS1,SPREAD_TIGHT,,,,spread=0.0100 < 0.05 — cancelling
23:46:34,2018-08-16 09:34:32,CS2,SPREAD_TIGHT,,,,spread=0.0300 < 0.05 — cancelling
23:46:34,2018-08-16 09:34:33,CS3,SPREAD_TIGHT,,,,spread=0.0100 < 0.05 — cancelling
23:46:35,2018-08-16 09:34:34,CS1,SPREAD_TIGHT,,,,spread=0.0300 < 0.05 — cancelling
23:46:36,2018-08-16 09:34:34,CS2,SPREAD_TIGHT,,,,spread=0.0100 < 0.05 — cancelling
23:46:36,2018-08-16 09:34:34,CS3,SPREAD_TIGHT,,,,spread=0.0200 < 0.05 — cancelling
23:46:37,2018-08-16 09:34:36,CS1,SPREAD_TIGHT,,,,spread=0.0300 < 0.05 — cancelling
23:46:38,2018-08-16 09:34:36,CS2,SPREAD_TIGHT,,,,spread=0.0400 < 0.05 — cancelling
23:46:38,2018-08-16 09:34:37,CS3,SPREAD_TIGHT,,,,spread=0.0200 < 0.05 — cancelling
23:46:39,2018-08-16 09:34:38,CS1,SPREAD_TIGHT,,,,spread=0.0400 < 0.05 — cancelling
23:46:40,2018-08-16 09:34:39,CS2,SPREAD_TIGHT,,,,spread=0.0400 < 0.05 — cancelling
23:46:40,2018-08-16 09:34:39,CS3,SPREAD_TIGHT,,,,spread=0.0200 < 0.05 — cancelling
23:46:41,2018-08-16 09:34:39,CS1,SPREAD_TIGHT,,,,spread=0.0400 < 0.05 — cancelling
23:46:42,2018-08-16 09:34:39,CS2,SPREAD_TIGHT,,,,spread=0.0200 < 0.05 — cancelling
23:46:42,2018-08-16 09:34:39,CS3,SPREAD_TIGHT,,,,spread=0.0100 < 0.05 — cancelling
23:46:43,2018-08-16 09:34:39,CS1,SPREAD_TIGHT,,,,spread=0.0500 < 0.05 — cancelling
23:46:44,2018-08-16 09:34:42,CS2,SPREAD_TIGHT,,,,spread=0.0100 < 0.05 — cancelling
23:46:44,2018-08-16 09:34:43,CS3,SPREAD_TIGHT,,,,spread=0.0300 < 0.05 — cancelling
23:46:45,2018-08-16 09:34:44,CS1,SPREAD_TIGHT,,,,spread=0.0200 < 0.05 — cancelling
23:46:46,2018-08-16 09:34:45,CS2,SPREAD_TIGHT,,,,spread=0.0200 < 0.05 — cancelling
23:46:46,2018-08-16 09:34:45,CS3,SPREAD_TIGHT,,,,spread=0.0300 < 0.05 — cancelling
23:46:47,2018-08-16 09:34:46,CS1,SUBMIT,BUY,100.6,3,bid+1tick=100.6 spread=0.0600 pos=-2L
23:46:47,2018-08-16 09:34:46,CS1,SUBMIT,SELL,100.64,3,ask-1tick=100.64 spread=0.0600 pos=-2L
23:46:47,2018-08-16 09:34:46,CS1,STATUS,,,,bid=100.6(NEW) ask=100.64(NEW) spread=0.0600 pos=-2L
23:46:48,2018-08-16 09:34:46,CS2,SPREAD_TIGHT,,,,spread=0.0200 < 0.05 — cancelling
23:46:48,2018-08-16 09:34:47,CS3,SPREAD_TIGHT,,,,spread=0.0100 < 0.05 — cancelling
23:46:49,2018-08-16 09:34:48,CS1,CANCEL,BUY,100.6,,outside spread bid=100.6 ask=100.65
23:46:50,2018-08-16 09:34:48,CS1,SUBMIT,BUY,100.6,3,bid+1tick=100.6 spread=0.0600 pos=-5L
23:46:50,2018-08-16 09:34:48,CS1,SUBMIT,SELL,100.64,3,ask-1tick=100.64 spread=0.0600 pos=-5L
23:46:50,2018-08-16 09:34:48,CS1,STATUS,,,,bid=100.6(NEW) ask=100.64(NEW) spread=0.0600 pos=-5L
23:46:50,2018-08-16 09:34:48,CS2,SPREAD_TIGHT,,,,spread=0.0300 < 0.05 — cancelling
23:46:51,2018-08-16 09:34:49,CS3,SPREAD_TIGHT,,,,spread=0.0100 < 0.05 — cancelling
23:46:51,2018-08-16 09:34:50,CS1,CANCEL,BUY,100.6,,outside spread bid=100.6 ask=100.65
23:46:52,2018-08-16 09:34:50,CS1,SUBMIT,BUY,100.6,3,bid+1tick=100.6 spread=0.0600 pos=-8L
23:46:52,2018-08-16 09:34:50,CS1,SUBMIT,SELL,100.64,3,ask-1tick=100.64 spread=0.0600 pos=-8L
23:46:52,2018-08-16 09:34:50,CS1,STATUS,,,,bid=100.6(NEW) ask=100.64(NEW) spread=0.0600 pos=-8L
23:46:52,2018-08-16 09:34:50,CS2,SPREAD_TIGHT,,,,spread=0.0300 < 0.05 — cancelling
23:46:53,2018-08-16 09:34:50,CS3,SPREAD_TIGHT,,,,spread=0.0100 < 0.05 — cancelling
23:46:54,2018-08-16 09:34:52,CS1,SPREAD_TIGHT,,,,spread=0.0200 < 0.05 — cancelling
23:46:54,2018-08-16 09:34:52,CS2,SPREAD_TIGHT,,,,spread=0.0100 < 0.05 — cancelling
23:46:55,2018-08-16 09:34:52,CS3,SPREAD_TIGHT,,,,spread=0.0100 < 0.05 — cancelling
23:46:56,2018-08-16 09:34:52,CS1,SPREAD_TIGHT,,,,spread=0.0300 < 0.05 — cancelling
23:46:56,2018-08-16 09:34:52,CS2,SPREAD_TIGHT,,,,spread=0.0100 < 0.05 — cancelling
23:46:57,2018-08-16 09:34:55,CS3,SPREAD_TIGHT,,,,spread=0.0100 < 0.05 — cancelling
23:46:58,2018-08-16 09:34:56,CS1,SPREAD_TIGHT,,,,spread=0.0300 < 0.05 — cancelling
23:46:58,2018-08-16 09:34:56,CS2,SUBMIT,BUY,99.71,3,bid+1tick=99.71 spread=0.0700 pos=+15L
23:46:58,2018-08-16 09:34:56,CS2,SUBMIT,SELL,99.76,3,ask-1tick=99.76 spread=0.0700 pos=+15L
23:46:58,2018-08-16 09:34:56,CS2,STATUS,,,,bid=99.71(NEW) ask=99.76(NEW) spread=0.0700 pos=+15L
23:46:59,2018-08-16 09:34:57,CS3,SPREAD_TIGHT,,,,spread=0.0300 < 0.05 — cancelling
23:47:00,2018-08-16 09:34:58,CS1,SUBMIT,BUY,100.53,3,bid+1tick=100.53 spread=0.1100 pos=-8L
23:47:00,2018-08-16 09:34:58,CS1,SUBMIT,SELL,100.62,3,ask-1tick=100.62 spread=0.1100 pos=-8L
23:47:00,2018-08-16 09:34:58,CS1,STATUS,,,,bid=100.53(NEW) ask=100.62(NEW) spread=0.1100 pos=-8L
23:47:00,2018-08-16 09:34:58,CS2,CANCEL,BUY,99.71,,outside spread bid=99.71 ask=99.76
23:47:01,2018-08-16 09:34:58,CS2,CANCEL,SELL,99.76,,outside spread bid=99.71 ask=99.76
23:47:01,2018-08-16 09:34:58,CS2,SUBMIT,BUY,99.71,3,bid+1tick=99.71 spread=0.0600 pos=+15L
23:47:01,2018-08-16 09:34:58,CS2,SUBMIT,SELL,99.75,3,ask-1tick=99.75 spread=0.0600 pos=+15L
23:47:01,2018-08-16 09:34:58,CS2,STATUS,,,,bid=99.71(NEW) ask=99.75(NEW) spread=0.0600 pos=+15L
23:47:01,2018-08-16 09:34:58,CS3,SPREAD_TIGHT,,,,spread=0.0300 < 0.05 — cancelling
23:47:02,2018-08-16 09:34:58,CS1,CANCEL,BUY,100.53,,outside spread bid=100.53 ask=100.59
23:47:02,2018-08-16 09:34:58,CS1,CANCEL,SELL,100.62,,outside spread bid=100.53 ask=100.59
23:47:02,2018-08-16 09:34:58,CS2,SPREAD_TIGHT,,,,spread=0.0400 < 0.05 — cancelling
23:47:03,2018-08-16 09:35:02,CS3,SPREAD_TIGHT,,,,spread=0.0400 < 0.05 — cancelling
23:47:04,2018-08-16 09:35:02,CS1,SPREAD_TIGHT,,,,spread=0.0200 < 0.05 — cancelling
23:47:04,2018-08-16 09:35:03,CS2,SPREAD_TIGHT,,,,spread=0.0100 < 0.05 — cancelling
23:47:05,2018-08-16 09:35:03,CS3,SPREAD_TIGHT,,,,spread=0.0200 < 0.05 — cancelling
23:47:06,2018-08-16 09:35:05,CS1,SPREAD_TIGHT,,,,spread=0.0200 < 0.05 — cancelling
23:47:06,2018-08-16 09:35:05,CS2,SPREAD_TIGHT,,,,spread=0.0100 < 0.05 — cancelling
23:47:07,2018-08-16 09:35:05,CS3,SPREAD_TIGHT,,,,spread=0.0400 < 0.05 — cancelling
23:47:08,2018-08-16 09:35:05,CS1,SPREAD_TIGHT,,,,spread=0.0200 < 0.05 — cancelling
23:47:08,2018-08-16 09:35:07,CS2,SPREAD_TIGHT,,,,spread=0.0100 < 0.05 — cancelling
23:47:09,2018-08-16 09:35:08,CS3,SUBMIT,BUY,100.11,3,bid+1tick=100.11 spread=0.0900 pos=-13L
23:47:09,2018-08-16 09:35:08,CS3,SUBMIT,SELL,100.18,3,ask-1tick=100.18 spread=0.0900 pos=-13L
23:47:09,2018-08-16 09:35:08,CS3,STATUS,,,,bid=100.11(NEW) ask=100.18(NEW) spread=0.0900 pos=-13L
23:47:10,2018-08-16 09:35:08,CS1,SPREAD_TIGHT,,,,spread=0.0100 < 0.05 — cancelling
23:47:11,2018-08-16 09:35:10,CS2,SPREAD_TIGHT,,,,spread=0.0200 < 0.05 — cancelling
23:47:11,2018-08-16 09:35:10,CS3,CANCEL,BUY,100.11,,outside spread bid=100.11 ask=100.18
23:47:11,2018-08-16 09:35:10,CS3,CANCEL,SELL,100.18,,outside spread bid=100.11 ask=100.18
23:47:12,2018-08-16 09:35:10,CS3,SUBMIT,BUY,100.11,3,bid+1tick=100.11 spread=0.0900 pos=-13L
23:47:12,2018-08-16 09:35:10,CS3,SUBMIT,SELL,100.18,3,ask-1tick=100.18 spread=0.0900 pos=-13L
23:47:12,2018-08-16 09:35:10,CS3,STATUS,,,,bid=100.11(NEW) ask=100.18(NEW) spread=0.0900 pos=-13L
23:47:12,2018-08-16 09:35:10,CS1,SUBMIT,BUY,100.48,3,bid+1tick=100.48 spread=0.0600 pos=-8L
23:47:12,2018-08-16 09:35:10,CS1,SUBMIT,SELL,100.52,3,ask-1tick=100.52 spread=0.0600 pos=-8L
23:47:12,2018-08-16 09:35:10,CS1,STATUS,,,,bid=100.48(NEW) ask=100.52(NEW) spread=0.0600 pos=-8L
23:47:13,2018-08-16 09:35:10,CS2,SPREAD_TIGHT,,,,spread=0.0200 < 0.05 — cancelling
23:47:13,2018-08-16 09:35:12,CS3,CANCEL,BUY,100.11,,outside spread bid=100.11 ask=100.18
23:47:13,2018-08-16 09:35:12,CS3,CANCEL,SELL,100.18,,outside spread bid=100.11 ask=100.18
23:47:14,2018-08-16 09:35:12,CS3,SUBMIT,BUY,100.1,3,bid+1tick=100.1 spread=0.1000 pos=-13L
23:47:14,2018-08-16 09:35:12,CS3,SUBMIT,SELL,100.18,3,ask-1tick=100.18 spread=0.1000 pos=-13L
23:47:14,2018-08-16 09:35:12,CS3,STATUS,,,,bid=100.1(NEW) ask=100.18(NEW) spread=0.1000 pos=-13L
23:47:14,2018-08-16 09:35:13,CS1,SPREAD_TIGHT,,,,spread=0.0400 < 0.05 — cancelling
23:47:15,2018-08-16 09:35:14,CS2,SPREAD_TIGHT,,,,spread=0.0300 < 0.05 — cancelling
23:47:15,2018-08-16 09:35:14,CS3,CANCEL,BUY,100.1,,outside spread bid=100.12 ask=100.18
23:47:16,2018-08-16 09:35:14,CS3,CANCEL,SELL,100.18,,outside spread bid=100.12 ask=100.18
23:47:16,2018-08-16 09:35:14,CS3,SUBMIT,BUY,100.13,3,bid+1tick=100.13 spread=0.0700 pos=-13L
23:47:16,2018-08-16 09:35:14,CS3,SUBMIT,SELL,100.18,3,ask-1tick=100.18 spread=0.0700 pos=-13L
23:47:16,2018-08-16 09:35:14,CS3,STATUS,,,,bid=100.13(NEW) ask=100.18(NEW) spread=0.0700 pos=-13L
23:47:16,2018-08-16 09:35:14,CS1,SUBMIT,BUY,100.48,3,bid+1tick=100.48 spread=0.1400 pos=-11L
23:47:16,2018-08-16 09:35:14,CS1,SUBMIT,SELL,100.6,3,ask-1tick=100.6 spread=0.1400 pos=-11L
23:47:16,2018-08-16 09:35:14,CS1,STATUS,,,,bid=100.48(NEW) ask=100.6(NEW) spread=0.1400 pos=-11L
23:47:17,2018-08-16 09:35:14,CS2,SPREAD_TIGHT,,,,spread=0.0400 < 0.05 — cancelling
23:47:17,2018-08-16 09:35:14,CS3,CANCEL,BUY,100.13,,outside spread bid=100.13 ask=100.18
23:47:18,2018-08-16 09:35:14,CS3,CANCEL,SELL,100.18,,outside spread bid=100.13 ask=100.18
23:47:18,2018-08-16 09:35:14,CS3,SUBMIT,BUY,100.11,3,bid+1tick=100.11 spread=0.0900 pos=-13L
23:47:18,2018-08-16 09:35:14,CS3,SUBMIT,SELL,100.18,3,ask-1tick=100.18 spread=0.0900 pos=-13L
23:47:18,2018-08-16 09:35:14,CS3,STATUS,,,,bid=100.11(NEW) ask=100.18(NEW) spread=0.0900 pos=-13L
23:47:18,2018-08-16 09:35:14,CS1,SPREAD_TIGHT,,,,spread=0.0400 < 0.05 — cancelling
23:47:19,2018-08-16 09:35:17,CS2,SPREAD_TIGHT,,,,spread=0.0400 < 0.05 — cancelling
23:47:19,2018-08-16 09:35:17,CS3,SPREAD_TIGHT,,,,spread=0.0100 < 0.05 — cancelling
23:47:20,2018-08-16 09:35:18,CS1,SPREAD_TIGHT,,,,spread=0.0100 < 0.05 — cancelling
23:47:21,2018-08-16 09:35:20,CS2,SPREAD_TIGHT,,,,spread=0.0400 < 0.05 — cancelling
23:47:21,2018-08-16 09:35:20,CS3,SPREAD_TIGHT,,,,spread=0.0100 < 0.05 — cancelling
23:47:22,2018-08-16 09:35:20,CS1,SPREAD_TIGHT,,,,spread=0.0100 < 0.05 — cancelling
23:47:23,2018-08-16 09:35:20,CS2,SPREAD_TIGHT,,,,spread=0.0400 < 0.05 — cancelling
23:47:23,2018-08-16 09:35:22,CS3,SPREAD_TIGHT,,,,spread=0.0100 < 0.05 — cancelling
23:47:24,2018-08-16 09:35:23,CS1,SPREAD_TIGHT,,,,spread=0.0500 < 0.05 — cancelling
23:47:25,2018-08-16 09:35:23,CS2,SPREAD_TIGHT,,,,spread=0.0100 < 0.05 — cancelling
23:47:25,2018-08-16 09:35:24,CS3,SPREAD_TIGHT,,,,spread=0.0100 < 0.05 — cancelling
23:47:26,2018-08-16 09:35:25,CS1,SPREAD_TIGHT,,,,spread=0.0400 < 0.05 — cancelling
23:47:27,2018-08-16 09:35:25,CS2,SUBMIT,BUY,99.68,3,bid+1tick=99.68 spread=0.0700 pos=+15L
23:47:27,2018-08-16 09:35:25,CS2,SUBMIT,SELL,99.73,3,ask-1tick=99.73 spread=0.0700 pos=+15L
23:47:27,2018-08-16 09:35:25,CS2,STATUS,,,,bid=99.68(NEW) ask=99.73(NEW) spread=0.0700 pos=+15L
23:47:27,2018-08-16 09:35:26,CS3,SPREAD_TIGHT,,,,spread=0.0200 < 0.05 — cancelling
23:47:28,2018-08-16 09:35:26,CS1,SPREAD_TIGHT,,,,spread=0.0400 < 0.05 — cancelling
23:47:29,2018-08-16 09:35:28,CS2,SPREAD_TIGHT,,,,spread=0.0500 < 0.05 — cancelling
23:47:30,2018-08-16 09:35:28,CS3,SPREAD_TIGHT,,,,spread=0.0400 < 0.05 — cancelling
23:47:30,2018-08-16 09:35:29,CS1,SPREAD_TIGHT,,,,spread=0.0400 < 0.05 — cancelling
23:47:31,2018-08-16 09:35:29,CS2,SPREAD_TIGHT,,,,spread=0.0400 < 0.05 — cancelling
23:47:32,2018-08-16 09:35:30,CS3,SUBMIT,BUY,100.16,3,bid+1tick=100.16 spread=0.0600 pos=-16L
23:47:32,2018-08-16 09:35:30,CS3,SUBMIT,SELL,100.2,3,ask-1tick=100.2 spread=0.0600 pos=-16L
23:47:32,2018-08-16 09:35:30,CS3,STATUS,,,,bid=100.16(NEW) ask=100.2(NEW) spread=0.0600 pos=-16L
23:47:32,2018-08-16 09:35:31,CS1,SPREAD_TIGHT,,,,spread=0.0500 < 0.05 — cancelling
23:47:33,2018-08-16 09:35:31,CS2,SPREAD_TIGHT,,,,spread=0.0300 < 0.05 — cancelling
23:47:34,2018-08-16 09:35:32,CS3,CANCEL,BUY,100.16,,outside spread bid=100.16 ask=100.23
23:47:34,2018-08-16 09:35:32,CS3,SUBMIT,BUY,100.15,3,bid+1tick=100.15 spread=0.0900 pos=-19L
23:47:34,2018-08-16 09:35:32,CS3,SUBMIT,SELL,100.22,3,ask-1tick=100.22 spread=0.0900 pos=-19L
23:47:34,2018-08-16 09:35:32,CS3,STATUS,,,,bid=100.15(NEW) ask=100.22(NEW) spread=0.0900 pos=-19L
23:47:35,2018-08-16 09:35:33,CS1,SPREAD_TIGHT,,,,spread=0.0100 < 0.05 — cancelling
23:47:35,2018-08-16 09:35:33,CS2,SPREAD_TIGHT,,,,spread=0.0200 < 0.05 — cancelling
23:47:36,2018-08-16 09:35:33,CS3,SPREAD_TIGHT,,,,spread=0.0500 < 0.05 — cancelling
23:47:37,2018-08-16 09:35:35,CS1,SPREAD_TIGHT,,,,spread=0.0100 < 0.05 — cancelling
23:47:37,2018-08-16 09:35:36,CS2,SPREAD_TIGHT,,,,spread=0.0200 < 0.05 — cancelling
23:47:38,2018-08-16 09:35:36,CS3,SUBMIT,BUY,100.15,3,bid+1tick=100.15 spread=0.0900 pos=-19L
23:47:38,2018-08-16 09:35:36,CS3,SUBMIT,SELL,100.22,3,ask-1tick=100.22 spread=0.0900 pos=-19L
23:47:38,2018-08-16 09:35:36,CS3,STATUS,,,,bid=100.15(NEW) ask=100.22(NEW) spread=0.0900 pos=-19L
23:47:39,2018-08-16 09:35:37,CS1,SPREAD_TIGHT,,,,spread=0.0400 < 0.05 — cancelling
23:47:39,2018-08-16 09:35:38,CS2,SPREAD_TIGHT,,,,spread=0.0200 < 0.05 — cancelling
23:47:40,2018-08-16 09:35:38,CS3,SPREAD_TIGHT,,,,spread=0.0400 < 0.05 — cancelling
23:47:41,2018-08-16 09:35:39,CS1,SPREAD_TIGHT,,,,spread=0.0400 < 0.05 — cancelling
23:47:41,2018-08-16 09:35:40,CS2,SPREAD_TIGHT,,,,spread=0.0200 < 0.05 — cancelling
23:47:42,2018-08-16 09:35:40,CS3,SUBMIT,BUY,100.15,3,bid+1tick=100.15 spread=0.0900 pos=-16L
23:47:42,2018-08-16 09:35:40,CS3,SUBMIT,SELL,100.22,3,ask-1tick=100.22 spread=0.0900 pos=-16L
23:47:42,2018-08-16 09:35:40,CS3,STATUS,,,,bid=100.15(NEW) ask=100.22(NEW) spread=0.0900 pos=-16L
23:47:43,2018-08-16 09:35:40,CS1,SPREAD_TIGHT,,,,spread=0.0400 < 0.05 — cancelling
23:47:43,2018-08-16 09:35:42,CS2,SUBMIT,BUY,99.74,3,bid+1tick=99.74 spread=0.0600 pos=+18L
23:47:43,2018-08-16 09:35:42,CS2,SUBMIT,SELL,99.78,3,ask-1tick=99.78 spread=0.0600 pos=+18L
23:47:43,2018-08-16 09:35:42,CS2,STATUS,,,,bid=99.74(NEW) ask=99.78(NEW) spread=0.0600 pos=+18L
23:47:44,2018-08-16 09:35:43,CS3,CANCEL,BUY,100.15,,outside spread bid=100.15 ask=100.22
23:47:44,2018-08-16 09:35:43,CS3,CANCEL,SELL,100.22,,outside spread bid=100.15 ask=100.22
23:47:45,2018-08-16 09:35:43,CS1,SPREAD_TIGHT,,,,spread=0.0400 < 0.05 — cancelling
23:47:45,2018-08-16 09:35:43,CS2,SPREAD_TIGHT,,,,spread=0.0100 < 0.05 — cancelling
23:47:46,2018-08-16 09:35:43,CS3,SPREAD_TIGHT,,,,spread=0.0500 < 0.05 — cancelling
23:47:47,2018-08-16 09:35:43,CS1,SPREAD_TIGHT,,,,spread=0.0400 < 0.05 — cancelling
23:47:47,2018-08-16 09:35:46,CS2,SPREAD_TIGHT,,,,spread=0.0200 < 0.05 — cancelling
23:47:48,2018-08-16 09:35:46,CS3,SUBMIT,BUY,100.15,3,bid+1tick=100.15 spread=0.0900 pos=-16L
23:47:48,2018-08-16 09:35:46,CS3,SUBMIT,SELL,100.22,3,ask-1tick=100.22 spread=0.0900 pos=-16L
23:47:48,2018-08-16 09:35:46,CS3,STATUS,,,,bid=100.15(NEW) ask=100.22(NEW) spread=0.0900 pos=-16L
23:47:49,2018-08-16 09:35:47,CS1,SPREAD_TIGHT,,,,spread=0.0300 < 0.05 — cancelling
23:47:49,2018-08-16 09:35:48,CS2,SUBMIT,BUY,99.75,3,bid+1tick=99.75 spread=0.1100 pos=+18L
23:47:49,2018-08-16 09:35:48,CS2,SUBMIT,SELL,99.84,3,ask-1tick=99.84 spread=0.1100 pos=+18L
23:47:49,2018-08-16 09:35:48,CS2,STATUS,,,,bid=99.75(NEW) ask=99.84(NEW) spread=0.1100 pos=+18L
23:47:50,2018-08-16 09:35:48,CS3,SPREAD_TIGHT,,,,spread=0.0400 < 0.05 — cancelling
23:47:51,2018-08-16 09:35:48,CS1,SPREAD_TIGHT,,,,spread=0.0300 < 0.05 — cancelling
23:47:52,2018-08-16 09:35:48,CS2,CANCEL,BUY,99.75,,outside spread bid=99.75 ask=99.84
23:47:52,2018-08-16 09:35:48,CS2,CANCEL,SELL,99.84,,outside spread bid=99.75 ask=99.84
23:47:52,2018-08-16 09:35:48,CS2,SUBMIT,BUY,99.74,3,bid+1tick=99.74 spread=0.1200 pos=+18L
23:47:52,2018-08-16 09:35:48,CS2,SUBMIT,SELL,99.84,3,ask-1tick=99.84 spread=0.1200 pos=+18L
23:47:52,2018-08-16 09:35:48,CS2,STATUS,,,,bid=99.74(NEW) ask=99.84(NEW) spread=0.1200 pos=+18L
23:47:52,2018-08-16 09:35:48,CS3,SPREAD_TIGHT,,,,spread=0.0400 < 0.05 — cancelling
23:47:53,2018-08-16 09:35:48,CS1,SPREAD_TIGHT,,,,spread=0.0400 < 0.05 — cancelling
23:47:54,2018-08-16 09:35:52,CS2,CANCEL,BUY,99.74,,outside spread bid=99.74 ask=99.8
23:47:54,2018-08-16 09:35:52,CS2,CANCEL,SELL,99.84,,outside spread bid=99.74 ask=99.8
23:47:54,2018-08-16 09:35:52,CS2,SUBMIT,BUY,99.74,3,bid+1tick=99.74 spread=0.0700 pos=+18L
23:47:54,2018-08-16 09:35:52,CS2,SUBMIT,SELL,99.79,3,ask-1tick=99.79 spread=0.0700 pos=+18L
23:47:54,2018-08-16 09:35:52,CS2,STATUS,,,,bid=99.74(NEW) ask=99.79(NEW) spread=0.0700 pos=+18L
23:47:54,2018-08-16 09:35:52,CS3,SPREAD_TIGHT,,,,spread=0.0100 < 0.05 — cancelling
23:47:55,2018-08-16 09:35:53,CS1,SPREAD_TIGHT,,,,spread=0.0400 < 0.05 — cancelling
23:47:56,2018-08-16 09:35:54,CS2,CANCEL,BUY,99.74,,outside spread bid=99.74 ask=99.87
23:47:56,2018-08-16 09:35:54,CS2,SUBMIT,BUY,99.74,3,bid+1tick=99.74 spread=0.1400 pos=+15L
23:47:56,2018-08-16 09:35:54,CS2,SUBMIT,SELL,99.86,3,ask-1tick=99.86 spread=0.1400 pos=+15L
23:47:56,2018-08-16 09:35:54,CS2,STATUS,,,,bid=99.74(NEW) ask=99.86(NEW) spread=0.1400 pos=+15L
23:47:56,2018-08-16 09:35:55,CS3,SPREAD_TIGHT,,,,spread=0.0100 < 0.05 — cancelling
23:47:57,2018-08-16 09:35:55,CS1,SPREAD_TIGHT,,,,spread=0.0500 < 0.05 — cancelling
23:47:58,2018-08-16 09:35:55,CS2,CANCEL,BUY,99.74,,outside spread bid=99.74 ask=99.87
23:47:58,2018-08-16 09:35:55,CS2,SUBMIT,BUY,99.74,3,bid+1tick=99.74 spread=0.1400 pos=+12L
23:47:58,2018-08-16 09:35:55,CS2,SUBMIT,SELL,99.86,3,ask-1tick=99.86 spread=0.1400 pos=+12L
23:47:58,2018-08-16 09:35:55,CS2,STATUS,,,,bid=99.74(NEW) ask=99.86(NEW) spread=0.1400 pos=+12L
23:47:58,2018-08-16 09:35:57,CS3,SPREAD_TIGHT,,,,spread=0.0100 < 0.05 — cancelling
23:47:59,2018-08-16 09:35:58,CS1,SPREAD_TIGHT,,,,spread=0.0100 < 0.05 — cancelling
23:48:00,2018-08-16 09:35:58,CS2,CANCEL,BUY,99.74,,outside spread bid=99.74 ask=99.85
23:48:00,2018-08-16 09:35:58,CS2,CANCEL,SELL,99.86,,outside spread bid=99.74 ask=99.85
23:48:00,2018-08-16 09:35:58,CS2,SUBMIT,BUY,99.74,3,bid+1tick=99.74 spread=0.1200 pos=+12L
23:48:01,2018-08-16 09:35:58,CS2,SUBMIT,SELL,99.84,3,ask-1tick=99.84 spread=0.1200 pos=+12L
23:48:01,2018-08-16 09:35:58,CS2,STATUS,,,,bid=99.74(NEW) ask=99.84(NEW) spread=0.1200 pos=+12L
23:48:01,2018-08-16 09:35:58,CS3,SPREAD_TIGHT,,,,spread=0.0100 < 0.05 — cancelling
23:48:01,2018-08-16 09:36:00,CS1,SPREAD_TIGHT,,,,spread=0.0100 < 0.05 — cancelling
23:48:02,2018-08-16 09:36:00,CS2,CANCEL,SELL,99.84,,outside spread bid=99.73 ask=99.84
23:48:02,2018-08-16 09:36:00,CS2,SUBMIT,BUY,99.74,3,bid+1tick=99.74 spread=0.1400 pos=+15L
23:48:02,2018-08-16 09:36:00,CS2,SUBMIT,SELL,99.86,3,ask-1tick=99.86 spread=0.1400 pos=+15L
23:48:02,2018-08-16 09:36:00,CS2,STATUS,,,,bid=99.74(NEW) ask=99.86(NEW) spread=0.1400 pos=+15L
23:48:03,2018-08-16 09:36:00,CS3,SPREAD_TIGHT,,,,spread=0.0100 < 0.05 — cancelling
23:48:03,2018-08-16 09:36:02,CS1,SUBMIT,BUY,100.54,3,bid+1tick=100.54 spread=0.1000 pos=-14L
23:48:03,2018-08-16 09:36:02,CS1,SUBMIT,SELL,100.62,3,ask-1tick=100.62 spread=0.1000 pos=-14L
23:48:03,2018-08-16 09:36:02,CS1,STATUS,,,,bid=100.54(NEW) ask=100.62(NEW) spread=0.1000 pos=-14L
23:48:04,2018-08-16 09:36:02,CS2,CANCEL,BUY,99.74,,outside spread bid=99.74 ask=99.86
23:48:04,2018-08-16 09:36:02,CS2,CANCEL,SELL,99.86,,outside spread bid=99.74 ask=99.86
23:48:05,2018-08-16 09:36:02,CS2,SUBMIT,BUY,99.8,3,bid+1tick=99.8 spread=0.0800 pos=+15L
23:48:05,2018-08-16 09:36:02,CS2,SUBMIT,SELL,99.86,3,ask-1tick=99.86 spread=0.0800 pos=+15L
23:48:05,2018-08-16 09:36:02,CS2,STATUS,,,,bid=99.8(NEW) ask=99.86(NEW) spread=0.0800 pos=+15L
23:48:05,2018-08-16 09:36:02,CS3,SPREAD_TIGHT,,,,spread=0.0100 < 0.05 — cancelling
23:48:06,2018-08-16 09:36:04,CS1,CANCEL,BUY,100.54,,outside spread bid=100.54 ask=100.63
23:48:06,2018-08-16 09:36:04,CS1,SUBMIT,BUY,100.54,3,bid+1tick=100.54 spread=0.1000 pos=-17L
23:48:06,2018-08-16 09:36:04,CS1,SUBMIT,SELL,100.62,3,ask-1tick=100.62 spread=0.1000 pos=-17L
23:48:06,2018-08-16 09:36:04,CS1,STATUS,,,,bid=100.54(NEW) ask=100.62(NEW) spread=0.1000 pos=-17L
23:48:06,2018-08-16 09:36:05,CS2,SPREAD_TIGHT,,,,spread=0.0200 < 0.05 — cancelling
23:48:07,2018-08-16 09:36:05,CS3,SPREAD_TIGHT,,,,spread=0.0500 < 0.05 — cancelling
23:48:08,2018-08-16 09:36:05,CS1,CANCEL,BUY,100.54,,outside spread bid=100.54 ask=100.62
23:48:08,2018-08-16 09:36:05,CS1,CANCEL,SELL,100.62,,outside spread bid=100.54 ask=100.62
23:48:08,2018-08-16 09:36:05,CS1,SUBMIT,BUY,100.55,3,bid+1tick=100.55 spread=0.0900 pos=-17L
23:48:08,2018-08-16 09:36:05,CS1,SUBMIT,SELL,100.62,3,ask-1tick=100.62 spread=0.0900 pos=-17L
23:48:08,2018-08-16 09:36:05,CS1,STATUS,,,,bid=100.55(NEW) ask=100.62(NEW) spread=0.0900 pos=-17L
23:48:08,2018-08-16 09:36:05,CS2,SUBMIT,BUY,99.82,3,bid+1tick=99.82 spread=0.0600 pos=+18L
23:48:08,2018-08-16 09:36:05,CS2,SUBMIT,SELL,99.86,3,ask-1tick=99.86 spread=0.0600 pos=+18L
23:48:08,2018-08-16 09:36:05,CS2,STATUS,,,,bid=99.82(NEW) ask=99.86(NEW) spread=0.0600 pos=+18L
23:48:09,2018-08-16 09:36:07,CS3,SPREAD_TIGHT,,,,spread=0.0500 < 0.05 — cancelling
23:48:10,2018-08-16 09:36:09,CS1,SPREAD_TIGHT,,,,spread=0.0400 < 0.05 — cancelling
23:48:10,2018-08-16 09:36:09,CS2,SPREAD_TIGHT,,,,spread=0.0400 < 0.05 — cancelling
23:48:11,2018-08-16 09:36:09,CS3,SPREAD_TIGHT,,,,spread=0.0200 < 0.05 — cancelling
23:48:12,2018-08-16 09:36:09,CS1,SPREAD_TIGHT,,,,spread=0.0400 < 0.05 — cancelling
23:48:12,2018-08-16 09:36:09,CS2,SUBMIT,BUY,99.81,3,bid+1tick=99.81 spread=0.0700 pos=+18L
23:48:12,2018-08-16 09:36:09,CS2,SUBMIT,SELL,99.86,3,ask-1tick=99.86 spread=0.0700 pos=+18L
23:48:12,2018-08-16 09:36:09,CS2,STATUS,,,,bid=99.81(NEW) ask=99.86(NEW) spread=0.0700 pos=+18L
23:48:13,2018-08-16 09:36:12,CS3,SPREAD_TIGHT,,,,spread=0.0500 < 0.05 — cancelling
23:48:14,2018-08-16 09:36:12,CS1,SPREAD_TIGHT,,,,spread=0.0400 < 0.05 — cancelling
23:48:14,2018-08-16 09:36:13,CS2,SPREAD_TIGHT,,,,spread=0.0200 < 0.05 — cancelling
23:48:15,2018-08-16 09:36:13,CS3,SPREAD_TIGHT,,,,spread=0.0200 < 0.05 — cancelling
23:48:16,2018-08-16 09:36:13,CS1,SPREAD_TIGHT,,,,spread=0.0400 < 0.05 — cancelling
23:48:16,2018-08-16 09:36:13,CS2,SPREAD_TIGHT,,,,spread=0.0200 < 0.05 — cancelling
23:48:17,2018-08-16 09:36:13,CS3,SPREAD_TIGHT,,,,spread=0.0100 < 0.05 — cancelling
23:48:18,2018-08-16 09:36:13,CS1,SPREAD_TIGHT,,,,spread=0.0400 < 0.05 — cancelling
23:48:19,2018-08-16 09:36:13,CS2,SPREAD_TIGHT,,,,spread=0.0400 < 0.05 — cancelling
23:48:19,2018-08-16 09:36:18,CS3,SPREAD_TIGHT,,,,spread=0.0100 < 0.05 — cancelling
23:48:20,2018-08-16 09:36:19,CS1,SPREAD_TIGHT,,,,spread=0.0200 < 0.05 — cancelling
23:48:21,2018-08-16 09:36:20,CS2,SPREAD_TIGHT,,,,spread=0.0400 < 0.05 — cancelling
23:48:21,2018-08-16 09:36:20,CS3,SPREAD_TIGHT,,,,spread=0.0200 < 0.05 — cancelling
23:48:22,2018-08-16 09:36:20,CS1,SPREAD_TIGHT,,,,spread=0.0100 < 0.05 — cancelling
23:48:23,2018-08-16 09:36:20,CS2,SPREAD_TIGHT,,,,spread=0.0500 < 0.05 — cancelling
23:48:23,2018-08-16 09:36:22,CS3,SUBMIT,BUY,100.21,3,bid+1tick=100.21 spread=0.0700 pos=-19L
23:48:23,2018-08-16 09:36:22,CS3,SUBMIT,SELL,100.26,3,ask-1tick=100.26 spread=0.0700 pos=-19L
23:48:23,2018-08-16 09:36:22,CS3,STATUS,,,,bid=100.21(NEW) ask=100.26(NEW) spread=0.0700 pos=-19L
23:48:24,2018-08-16 09:36:22,CS1,SPREAD_TIGHT,,,,spread=0.0100 < 0.05 — cancelling
23:48:25,2018-08-16 09:36:24,CS2,SPREAD_TIGHT,,,,spread=0.0300 < 0.05 — cancelling
23:48:25,2018-08-16 09:36:24,CS3,CANCEL,BUY,100.21,,outside spread bid=100.21 ask=100.27
23:48:26,2018-08-16 09:36:24,CS3,SUBMIT,BUY,100.21,3,bid+1tick=100.21 spread=0.0700 pos=-22L
23:48:26,2018-08-16 09:36:24,CS3,SUBMIT,SELL,100.26,3,ask-1tick=100.26 spread=0.0700 pos=-22L
23:48:26,2018-08-16 09:36:24,CS3,STATUS,,,,bid=100.21(NEW) ask=100.26(NEW) spread=0.0700 pos=-22L
23:48:26,2018-08-16 09:36:24,CS1,SPREAD_TIGHT,,,,spread=0.0100 < 0.05 — cancelling
23:48:27,2018-08-16 09:36:25,CS2,SUBMIT,BUY,99.73,3,bid+1tick=99.73 spread=0.0700 pos=+21L
23:48:27,2018-08-16 09:36:25,CS2,SUBMIT,SELL,99.78,3,ask-1tick=99.78 spread=0.0700 pos=+21L
23:48:27,2018-08-16 09:36:25,CS2,STATUS,,,,bid=99.73(NEW) ask=99.78(NEW) spread=0.0700 pos=+21L
23:48:27,2018-08-16 09:36:25,CS3,SPREAD_TIGHT,,,,spread=0.0100 < 0.05 — cancelling
23:48:28,2018-08-16 09:36:27,CS1,SPREAD_TIGHT,,,,spread=0.0100 < 0.05 — cancelling
23:48:29,2018-08-16 09:36:27,CS2,SPREAD_TIGHT,,,,spread=0.0200 < 0.05 — cancelling
23:48:29,2018-08-16 09:36:28,CS3,SUBMIT,BUY,100.21,3,bid+1tick=100.21 spread=0.0700 pos=-19L
23:48:29,2018-08-16 09:36:28,CS3,SUBMIT,SELL,100.26,3,ask-1tick=100.26 spread=0.0700 pos=-19L
23:48:29,2018-08-16 09:36:28,CS3,STATUS,,,,bid=100.21(NEW) ask=100.26(NEW) spread=0.0700 pos=-19L
23:48:30,2018-08-16 09:36:28,CS1,SPREAD_TIGHT,,,,spread=0.0100 < 0.05 — cancelling
23:48:31,2018-08-16 09:36:30,CS2,SPREAD_TIGHT,,,,spread=0.0400 < 0.05 — cancelling
23:48:32,2018-08-16 09:36:30,CS3,CANCEL,BUY,100.21,,outside spread bid=100.21 ask=100.26
23:48:32,2018-08-16 09:36:30,CS3,CANCEL,SELL,100.26,,outside spread bid=100.21 ask=100.26
23:48:32,2018-08-16 09:36:30,CS3,SUBMIT,BUY,100.21,3,bid+1tick=100.21 spread=0.0700 pos=-19L
23:48:32,2018-08-16 09:36:30,CS3,SUBMIT,SELL,100.26,3,ask-1tick=100.26 spread=0.0700 pos=-19L
23:48:32,2018-08-16 09:36:30,CS3,STATUS,,,,bid=100.21(NEW) ask=100.26(NEW) spread=0.0700 pos=-19L
23:48:32,2018-08-16 09:36:31,CS1,SPREAD_TIGHT,,,,spread=0.0100 < 0.05 — cancelling
23:48:33,2018-08-16 09:36:31,CS2,SPREAD_TIGHT,,,,spread=0.0400 < 0.05 — cancelling
23:48:34,2018-08-16 09:36:32,CS3,CANCEL,BUY,100.21,,outside spread bid=100.21 ask=100.26
23:48:34,2018-08-16 09:36:32,CS3,CANCEL,SELL,100.26,,outside spread bid=100.21 ask=100.26
23:48:34,2018-08-16 09:36:33,CS1,SPREAD_TIGHT,,,,spread=0.0400 < 0.05 — cancelling
23:48:35,2018-08-16 09:36:33,CS2,SPREAD_TIGHT,,,,spread=0.0200 < 0.05 — cancelling
23:48:36,2018-08-16 09:36:34,CS3,SPREAD_TIGHT,,,,spread=0.0500 < 0.05 — cancelling
23:48:36,2018-08-16 09:36:34,CS1,SPREAD_TIGHT,,,,spread=0.0400 < 0.05 — cancelling
23:48:37,2018-08-16 09:36:34,CS2,SPREAD_TIGHT,,,,spread=0.0100 < 0.05 — cancelling
23:48:38,2018-08-16 09:36:36,CS3,SPREAD_TIGHT,,,,spread=0.0300 < 0.05 — cancelling
23:48:38,2018-08-16 09:36:37,CS1,SPREAD_TIGHT,,,,spread=0.0300 < 0.05 — cancelling
23:48:39,2018-08-16 09:36:38,CS2,SPREAD_TIGHT,,,,spread=0.0200 < 0.05 — cancelling
23:48:40,2018-08-16 09:36:38,CS3,SPREAD_TIGHT,,,,spread=0.0500 < 0.05 — cancelling
23:48:41,2018-08-16 09:36:38,CS1,SPREAD_TIGHT,,,,spread=0.0500 < 0.05 — cancelling
23:48:41,2018-08-16 09:36:38,CS2,SPREAD_TIGHT,,,,spread=0.0200 < 0.05 — cancelling
23:48:42,2018-08-16 09:36:40,CS3,SUBMIT,BUY,100.16,3,bid+1tick=100.16 spread=0.1000 pos=-19L
23:48:42,2018-08-16 09:36:40,CS3,SUBMIT,SELL,100.24,3,ask-1tick=100.24 spread=0.1000 pos=-19L
23:48:42,2018-08-16 09:36:40,CS3,STATUS,,,,bid=100.16(NEW) ask=100.24(NEW) spread=0.1000 pos=-19L
23:48:43,2018-08-16 09:36:40,CS1,SPREAD_TIGHT,,,,spread=0.0100 < 0.05 — cancelling
23:48:43,2018-08-16 09:36:40,CS2,SPREAD_TIGHT,,,,spread=0.0200 < 0.05 — cancelling
23:48:44,2018-08-16 09:36:42,CS3,SPREAD_TIGHT,,,,spread=0.0100 < 0.05 — cancelling
23:48:45,2018-08-16 09:36:43,CS1,SUBMIT,BUY,100.51,3,bid+1tick=100.51 spread=0.0900 pos=-14L
23:48:45,2018-08-16 09:36:43,CS1,SUBMIT,SELL,100.58,3,ask-1tick=100.58 spread=0.0900 pos=-14L
23:48:45,2018-08-16 09:36:43,CS1,STATUS,,,,bid=100.51(NEW) ask=100.58(NEW) spread=0.0900 pos=-14L
23:48:45,2018-08-16 09:36:44,CS2,SPREAD_TIGHT,,,,spread=0.0500 < 0.05 — cancelling
23:48:46,2018-08-16 09:36:44,CS3,SPREAD_TIGHT,,,,spread=0.0200 < 0.05 — cancelling
23:48:47,2018-08-16 09:36:45,CS1,SPREAD_TIGHT,,,,spread=0.0300 < 0.05 — cancelling
23:48:47,2018-08-16 09:36:45,CS2,SPREAD_TIGHT,,,,spread=0.0500 < 0.05 — cancelling
23:48:48,2018-08-16 09:36:45,CS3,SPREAD_TIGHT,,,,spread=0.0100 < 0.05 — cancelling
23:48:49,2018-08-16 09:36:47,CS1,SPREAD_TIGHT,,,,spread=0.0300 < 0.05 — cancelling
23:48:49,2018-08-16 09:36:48,CS2,SPREAD_TIGHT,,,,spread=0.0100 < 0.05 — cancelling
23:48:50,2018-08-16 09:36:48,CS3,SPREAD_TIGHT,,,,spread=0.0100 < 0.05 — cancelling
23:48:51,2018-08-16 09:36:50,CS1,SUBMIT,BUY,100.51,3,bid+1tick=100.51 spread=0.0800 pos=-11L
23:48:51,2018-08-16 09:36:50,CS1,SUBMIT,SELL,100.57,3,ask-1tick=100.57 spread=0.0800 pos=-11L
23:48:51,2018-08-16 09:36:50,CS1,STATUS,,,,bid=100.51(NEW) ask=100.57(NEW) spread=0.0800 pos=-11L
23:48:51,2018-08-16 09:36:50,CS2,SPREAD_TIGHT,,,,spread=0.0200 < 0.05 — cancelling
23:48:52,2018-08-16 09:36:51,CS3,SUBMIT,BUY,100.21,3,bid+1tick=100.21 spread=0.0700 pos=-19L
23:48:52,2018-08-16 09:36:51,CS3,SUBMIT,SELL,100.26,3,ask-1tick=100.26 spread=0.0700 pos=-19L
23:48:52,2018-08-16 09:36:51,CS3,STATUS,,,,bid=100.21(NEW) ask=100.26(NEW) spread=0.0700 pos=-19L
23:48:53,2018-08-16 09:36:51,CS1,SPREAD_TIGHT,,,,spread=0.0200 < 0.05 — cancelling
23:48:53,2018-08-16 09:36:52,CS2,SUBMIT,BUY,99.69,3,bid+1tick=99.69 spread=0.0600 pos=+21L
23:48:53,2018-08-16 09:36:52,CS2,SUBMIT,SELL,99.73,3,ask-1tick=99.73 spread=0.0600 pos=+21L
23:48:53,2018-08-16 09:36:52,CS2,STATUS,,,,bid=99.69(NEW) ask=99.73(NEW) spread=0.0600 pos=+21L
23:48:54,2018-08-16 09:36:52,CS3,SPREAD_TIGHT,,,,spread=0.0300 < 0.05 — cancelling
23:48:55,2018-08-16 09:36:53,CS1,SPREAD_TIGHT,,,,spread=0.0200 < 0.05 — cancelling
23:48:56,2018-08-16 09:36:53,CS2,SPREAD_TIGHT,,,,spread=0.0400 < 0.05 — cancelling
23:48:56,2018-08-16 09:36:55,CS3,SUBMIT,BUY,100.23,3,bid+1tick=100.23 spread=0.0700 pos=-19L
23:48:56,2018-08-16 09:36:55,CS3,SUBMIT,SELL,100.28,3,ask-1tick=100.28 spread=0.0700 pos=-19L
23:48:56,2018-08-16 09:36:55,CS3,STATUS,,,,bid=100.23(NEW) ask=100.28(NEW) spread=0.0700 pos=-19L
23:48:57,2018-08-16 09:36:56,CS1,SPREAD_TIGHT,,,,spread=0.0200 < 0.05 — cancelling
23:48:58,2018-08-16 09:36:56,CS2,SUBMIT,BUY,99.69,3,bid+1tick=99.69 spread=0.0600 pos=+21L
23:48:58,2018-08-16 09:36:56,CS2,SUBMIT,SELL,99.73,3,ask-1tick=99.73 spread=0.0600 pos=+21L
23:48:58,2018-08-16 09:36:56,CS2,STATUS,,,,bid=99.69(NEW) ask=99.73(NEW) spread=0.0600 pos=+21L
23:48:58,2018-08-16 09:36:56,CS3,SPREAD_TIGHT,,,,spread=0.0200 < 0.05 — cancelling
23:48:59,2018-08-16 09:36:57,CS1,SPREAD_TIGHT,,,,spread=0.0200 < 0.05 — cancelling
23:49:00,2018-08-16 09:36:58,CS2,SPREAD_TIGHT,,,,spread=0.0100 < 0.05 — cancelling
23:49:00,2018-08-16 09:36:58,CS3,SPREAD_TIGHT,,,,spread=0.0300 < 0.05 — cancelling
23:49:01,2018-08-16 09:37:00,CS1,SPREAD_TIGHT,,,,spread=0.0200 < 0.05 — cancelling
23:49:02,2018-08-16 09:37:00,CS2,SPREAD_TIGHT,,,,spread=0.0200 < 0.05 — cancelling
23:49:02,2018-08-16 09:37:01,CS3,SPREAD_TIGHT,,,,spread=0.0300 < 0.05 — cancelling
23:49:03,2018-08-16 09:37:01,CS1,SPREAD_TIGHT,,,,spread=0.0300 < 0.05 — cancelling
23:49:04,2018-08-16 09:37:02,CS2,SPREAD_TIGHT,,,,spread=0.0100 < 0.05 — cancelling
23:49:04,2018-08-16 09:37:03,CS3,SPREAD_TIGHT,,,,spread=0.0100 < 0.05 — cancelling
23:49:05,2018-08-16 09:37:04,CS1,SPREAD_TIGHT,,,,spread=0.0300 < 0.05 — cancelling
23:49:06,2018-08-16 09:37:04,CS2,SUBMIT,BUY,99.69,3,bid+1tick=99.69 spread=0.0600 pos=+21L
23:49:06,2018-08-16 09:37:04,CS2,SUBMIT,SELL,99.73,3,ask-1tick=99.73 spread=0.0600 pos=+21L
23:49:06,2018-08-16 09:37:04,CS2,STATUS,,,,bid=99.69(NEW) ask=99.73(NEW) spread=0.0600 pos=+21L
23:49:06,2018-08-16 09:37:04,CS3,SPREAD_TIGHT,,,,spread=0.0100 < 0.05 — cancelling
23:49:07,2018-08-16 09:37:06,CS1,SPREAD_TIGHT,,,,spread=0.0300 < 0.05 — cancelling
23:49:08,2018-08-16 09:37:07,CS2,SPREAD_TIGHT,,,,spread=0.0200 < 0.05 — cancelling
23:49:08,2018-08-16 09:37:07,CS3,SPREAD_TIGHT,,,,spread=0.0100 < 0.05 — cancelling
23:49:09,2018-08-16 09:37:08,CS1,SUBMIT,BUY,100.44,3,bid+1tick=100.44 spread=0.0700 pos=-14L
23:49:09,2018-08-16 09:37:08,CS1,SUBMIT,SELL,100.49,3,ask-1tick=100.49 spread=0.0700 pos=-14L
23:49:09,2018-08-16 09:37:08,CS1,STATUS,,,,bid=100.44(NEW) ask=100.49(NEW) spread=0.0700 pos=-14L
23:49:10,2018-08-16 09:37:08,CS2,SUBMIT,BUY,99.65,3,bid+1tick=99.65 spread=0.1000 pos=+24L
23:49:10,2018-08-16 09:37:08,CS2,SUBMIT,SELL,99.73,3,ask-1tick=99.73 spread=0.1000 pos=+24L
23:49:10,2018-08-16 09:37:08,CS2,STATUS,,,,bid=99.65(NEW) ask=99.73(NEW) spread=0.1000 pos=+24L
23:49:10,2018-08-16 09:37:08,CS3,SPREAD_TIGHT,,,,spread=0.0200 < 0.05 — cancelling
23:49:11,2018-08-16 09:37:10,CS1,SPREAD_TIGHT,,,,spread=0.0500 < 0.05 — cancelling
23:49:12,2018-08-16 09:37:11,CS2,SPREAD_TIGHT,,,,spread=0.0100 < 0.05 — cancelling
23:49:13,2018-08-16 09:37:11,CS3,SPREAD_TIGHT,,,,spread=0.0200 < 0.05 — cancelling
23:49:13,2018-08-16 09:37:12,CS1,SPREAD_TIGHT,,,,spread=0.0300 < 0.05 — cancelling
23:49:14,2018-08-16 09:37:12,CS2,SPREAD_TIGHT,,,,spread=0.0100 < 0.05 — cancelling
23:49:15,2018-08-16 09:37:13,CS3,SPREAD_TIGHT,,,,spread=0.0100 < 0.05 — cancelling
23:49:15,2018-08-16 09:37:14,CS1,SPREAD_TIGHT,,,,spread=0.0400 < 0.05 — cancelling
23:49:16,2018-08-16 09:37:15,CS2,SPREAD_TIGHT,,,,spread=0.0100 < 0.05 — cancelling
23:49:17,2018-08-16 09:37:15,CS3,SUBMIT,BUY,100.25,3,bid+1tick=100.25 spread=0.0600 pos=-16L
23:49:17,2018-08-16 09:37:15,CS3,SUBMIT,SELL,100.29,3,ask-1tick=100.29 spread=0.0600 pos=-16L
23:49:17,2018-08-16 09:37:15,CS3,STATUS,,,,bid=100.25(NEW) ask=100.29(NEW) spread=0.0600 pos=-16L
23:49:17,2018-08-16 09:37:16,CS1,SPREAD_TIGHT,,,,spread=0.0300 < 0.05 — cancelling
23:49:18,2018-08-16 09:37:16,CS2,SPREAD_TIGHT,,,,spread=0.0200 < 0.05 — cancelling
23:49:19,2018-08-16 09:37:17,CS3,SPREAD_TIGHT,,,,spread=0.0500 < 0.05 — cancelling
23:49:19,2018-08-16 09:37:17,CS1,SPREAD_TIGHT,,,,spread=0.0200 < 0.05 — cancelling
23:49:20,2018-08-16 09:37:19,CS2,SPREAD_TIGHT,,,,spread=0.0200 < 0.05 — cancelling
23:49:21,2018-08-16 09:37:19,CS3,SPREAD_TIGHT,,,,spread=0.0500 < 0.05 — cancelling
23:49:22,2018-08-16 09:37:19,CS1,SPREAD_TIGHT,,,,spread=0.0300 < 0.05 — cancelling
23:49:22,2018-08-16 09:37:21,CS2,SPREAD_TIGHT,,,,spread=0.0200 < 0.05 — cancelling
23:49:23,2018-08-16 09:37:21,CS3,SUBMIT,BUY,100.25,3,bid+1tick=100.25 spread=0.0600 pos=-19L
23:49:23,2018-08-16 09:37:21,CS3,SUBMIT,SELL,100.29,3,ask-1tick=100.29 spread=0.0600 pos=-19L
23:49:23,2018-08-16 09:37:21,CS3,STATUS,,,,bid=100.25(NEW) ask=100.29(NEW) spread=0.0600 pos=-19L
23:49:24,2018-08-16 09:37:22,CS1,SPREAD_TIGHT,,,,spread=0.0400 < 0.05 — cancelling
23:49:24,2018-08-16 09:37:23,CS2,SPREAD_TIGHT,,,,spread=0.0200 < 0.05 — cancelling
23:49:25,2018-08-16 09:37:24,CS3,SPREAD_TIGHT,,,,spread=0.0100 < 0.05 — cancelling
23:49:26,2018-08-16 09:37:24,CS1,SPREAD_TIGHT,,,,spread=0.0200 < 0.05 — cancelling
23:49:26,2018-08-16 09:37:24,CS2,SPREAD_TIGHT,,,,spread=0.0100 < 0.05 — cancelling
23:49:27,2018-08-16 09:37:24,CS3,SPREAD_TIGHT,,,,spread=0.0100 < 0.05 — cancelling
23:49:28,2018-08-16 09:37:24,CS1,SPREAD_TIGHT,,,,spread=0.0500 < 0.05 — cancelling
23:49:28,2018-08-16 09:37:27,CS2,SPREAD_TIGHT,,,,spread=0.0100 < 0.05 — cancelling
23:49:29,2018-08-16 09:37:28,CS3,SPREAD_TIGHT,,,,spread=0.0300 < 0.05 — cancelling
23:49:30,2018-08-16 09:37:28,CS1,SPREAD_TIGHT,,,,spread=0.0400 < 0.05 — cancelling
23:49:30,2018-08-16 09:37:28,CS2,SPREAD_TIGHT,,,,spread=0.0100 < 0.05 — cancelling
23:49:31,2018-08-16 09:37:30,CS3,SPREAD_TIGHT,,,,spread=0.0100 < 0.05 — cancelling
23:49:32,2018-08-16 09:37:30,CS1,SPREAD_TIGHT,,,,spread=0.0400 < 0.05 — cancelling
23:49:33,2018-08-16 09:37:31,CS2,SPREAD_TIGHT,,,,spread=0.0200 < 0.05 — cancelling
23:49:33,2018-08-16 09:37:32,CS3,SPREAD_TIGHT,,,,spread=0.0200 < 0.05 — cancelling
23:49:34,2018-08-16 09:37:32,CS1,SUBMIT,BUY,100.47,3,bid+1tick=100.47 spread=0.0500 pos=-14L
23:49:34,2018-08-16 09:37:32,CS1,SUBMIT,SELL,100.5,3,ask-1tick=100.5 spread=0.0500 pos=-14L
23:49:34,2018-08-16 09:37:32,CS1,STATUS,,,,bid=100.47(NEW) ask=100.5(NEW) spread=0.0500 pos=-14L
23:49:35,2018-08-16 09:37:34,CS2,SPREAD_TIGHT,,,,spread=0.0200 < 0.05 — cancelling
23:49:35,2018-08-16 09:37:34,CS3,SPREAD_TIGHT,,,,spread=0.0200 < 0.05 — cancelling
23:49:36,2018-08-16 09:37:34,CS1,SPREAD_TIGHT,,,,spread=0.0100 < 0.05 — cancelling
23:49:37,2018-08-16 09:37:36,CS2,SPREAD_TIGHT,,,,spread=0.0300 < 0.05 — cancelling
23:49:37,2018-08-16 09:37:36,CS3,SPREAD_TIGHT,,,,spread=0.0400 < 0.05 — cancelling
23:49:38,2018-08-16 09:37:37,CS1,SPREAD_TIGHT,,,,spread=0.0500 < 0.05 — cancelling
23:49:39,2018-08-16 09:37:38,CS2,SPREAD_TIGHT,,,,spread=0.0300 < 0.05 — cancelling
23:49:39,2018-08-16 09:37:38,CS3,SPREAD_TIGHT,,,,spread=0.0300 < 0.05 — cancelling
23:49:40,2018-08-16 09:37:39,CS1,SPREAD_TIGHT,,,,spread=0.0500 < 0.05 — cancelling
23:49:41,2018-08-16 09:37:39,CS2,SPREAD_TIGHT,,,,spread=0.0300 < 0.05 — cancelling
23:49:42,2018-08-16 09:37:39,CS3,SPREAD_TIGHT,,,,spread=0.0500 < 0.05 — cancelling
23:49:42,2018-08-16 09:37:39,CS1,SPREAD_TIGHT,,,,spread=0.0500 < 0.05 — cancelling
23:49:43,2018-08-16 09:37:42,CS2,SPREAD_TIGHT,,,,spread=0.0300 < 0.05 — cancelling
23:49:44,2018-08-16 09:37:42,CS3,SUBMIT,BUY,100.13,3,bid+1tick=100.13 spread=0.1200 pos=-19L
23:49:44,2018-08-16 09:37:42,CS3,SUBMIT,SELL,100.23,3,ask-1tick=100.23 spread=0.1200 pos=-19L
23:49:44,2018-08-16 09:37:42,CS3,STATUS,,,,bid=100.13(NEW) ask=100.23(NEW) spread=0.1200 pos=-19L
23:49:44,2018-08-16 09:37:43,CS1,SPREAD_TIGHT,,,,spread=0.0400 < 0.05 — cancelling
23:49:45,2018-08-16 09:37:43,CS2,SPREAD_TIGHT,,,,spread=0.0400 < 0.05 — cancelling
23:49:46,2018-08-16 09:37:43,CS3,CANCEL,BUY,100.13,,outside spread bid=100.14 ask=100.23
23:49:46,2018-08-16 09:37:43,CS3,CANCEL,SELL,100.23,,outside spread bid=100.14 ask=100.23
23:49:46,2018-08-16 09:37:43,CS3,SUBMIT,BUY,100.15,3,bid+1tick=100.15 spread=0.1000 pos=-19L
23:49:46,2018-08-16 09:37:43,CS3,SUBMIT,SELL,100.23,3,ask-1tick=100.23 spread=0.1000 pos=-19L
23:49:46,2018-08-16 09:37:43,CS3,STATUS,,,,bid=100.15(NEW) ask=100.23(NEW) spread=0.1000 pos=-19L
23:49:47,2018-08-16 09:37:45,CS1,SPREAD_TIGHT,,,,spread=0.0400 < 0.05 — cancelling
23:49:47,2018-08-16 09:37:45,CS2,SPREAD_TIGHT,,,,spread=0.0400 < 0.05 — cancelling
23:49:48,2018-08-16 09:37:45,CS3,CANCEL,BUY,100.15,,outside spread bid=100.15 ask=100.23
23:49:48,2018-08-16 09:37:45,CS3,CANCEL,SELL,100.23,,outside spread bid=100.15 ask=100.23
23:49:48,2018-08-16 09:37:45,CS3,SUBMIT,BUY,100.13,3,bid+1tick=100.13 spread=0.1200 pos=-19L
23:49:48,2018-08-16 09:37:45,CS3,SUBMIT,SELL,100.23,3,ask-1tick=100.23 spread=0.1200 pos=-19L
23:49:48,2018-08-16 09:37:45,CS3,STATUS,,,,bid=100.13(NEW) ask=100.23(NEW) spread=0.1200 pos=-19L
23:49:49,2018-08-16 09:37:47,CS1,SPREAD_TIGHT,,,,spread=0.0500 < 0.05 — cancelling
23:49:49,2018-08-16 09:37:47,CS2,SPREAD_TIGHT,,,,spread=0.0300 < 0.05 — cancelling
23:49:50,2018-08-16 09:37:47,CS3,CANCEL,BUY,100.13,,outside spread bid=100.13 ask=100.22
23:49:50,2018-08-16 09:37:47,CS3,CANCEL,SELL,100.23,,outside spread bid=100.13 ask=100.22
23:49:50,2018-08-16 09:37:47,CS3,SUBMIT,BUY,100.13,3,bid+1tick=100.13 spread=0.1000 pos=-19L
23:49:50,2018-08-16 09:37:47,CS3,SUBMIT,SELL,100.21,3,ask-1tick=100.21 spread=0.1000 pos=-19L
23:49:50,2018-08-16 09:37:47,CS3,STATUS,,,,bid=100.13(NEW) ask=100.21(NEW) spread=0.1000 pos=-19L
23:49:51,2018-08-16 09:37:50,CS1,SPREAD_TIGHT,,,,spread=0.0300 < 0.05 — cancelling
23:49:51,2018-08-16 09:37:50,CS2,SPREAD_TIGHT,,,,spread=0.0300 < 0.05 — cancelling
23:49:52,2018-08-16 09:37:50,CS3,CANCEL,BUY,100.13,,outside spread bid=100.13 ask=100.21
23:49:52,2018-08-16 09:37:50,CS3,CANCEL,SELL,100.21,,outside spread bid=100.13 ask=100.21
23:49:53,2018-08-16 09:37:50,CS1,SPREAD_TIGHT,,,,spread=0.0300 < 0.05 — cancelling
23:49:53,2018-08-16 09:37:52,CS2,SPREAD_TIGHT,,,,spread=0.0200 < 0.05 — cancelling
23:49:54,2018-08-16 09:37:52,CS3,SUBMIT,BUY,100.18,3,bid+1tick=100.18 spread=0.0700 pos=-19L
23:49:54,2018-08-16 09:37:52,CS3,SUBMIT,SELL,100.23,3,ask-1tick=100.23 spread=0.0700 pos=-19L
23:49:54,2018-08-16 09:37:52,CS3,STATUS,,,,bid=100.18(NEW) ask=100.23(NEW) spread=0.0700 pos=-19L
23:49:55,2018-08-16 09:37:53,CS1,SUBMIT,BUY,100.43,3,bid+1tick=100.43 spread=0.0800 pos=-14L
23:49:55,2018-08-16 09:37:53,CS1,SUBMIT,SELL,100.49,3,ask-1tick=100.49 spread=0.0800 pos=-14L
23:49:55,2018-08-16 09:37:53,CS1,STATUS,,,,bid=100.43(NEW) ask=100.49(NEW) spread=0.0800 pos=-14L
23:49:55,2018-08-16 09:37:54,CS2,SPREAD_TIGHT,,,,spread=0.0200 < 0.05 — cancelling
23:49:56,2018-08-16 09:37:55,CS3,CANCEL,BUY,100.18,,outside spread bid=100.18 ask=100.26
23:49:56,2018-08-16 09:37:55,CS3,SUBMIT,BUY,100.18,3,bid+1tick=100.18 spread=0.1300 pos=-22L
23:49:56,2018-08-16 09:37:55,CS3,SUBMIT,SELL,100.29,3,ask-1tick=100.29 spread=0.1300 pos=-22L
23:49:56,2018-08-16 09:37:55,CS3,STATUS,,,,bid=100.18(NEW) ask=100.29(NEW) spread=0.1300 pos=-22L
23:49:57,2018-08-16 09:37:55,CS1,SUBMIT,BUY,100.42,3,bid+1tick=100.42 spread=0.0900 pos=-11L
23:49:57,2018-08-16 09:37:55,CS1,SUBMIT,SELL,100.49,3,ask-1tick=100.49 spread=0.0900 pos=-11L
23:49:57,2018-08-16 09:37:55,CS1,STATUS,,,,bid=100.42(NEW) ask=100.49(NEW) spread=0.0900 pos=-11L
23:49:58,2018-08-16 09:37:55,CS2,SPREAD_TIGHT,,,,spread=0.0500 < 0.05 — cancelling
23:49:58,2018-08-16 09:37:57,CS3,SPREAD_TIGHT,,,,spread=0.0300 < 0.05 — cancelling
23:49:59,2018-08-16 09:37:58,CS1,CANCEL,SELL,100.49,,outside spread bid=100.41 ask=100.48
23:50:00,2018-08-16 09:37:58,CS2,SPREAD_TIGHT,,,,spread=0.0400 < 0.05 — cancelling
23:50:00,2018-08-16 09:37:58,CS3,SPREAD_TIGHT,,,,spread=0.0400 < 0.05 — cancelling
23:50:01,2018-08-16 09:37:58,CS1,SPREAD_TIGHT,,,,spread=0.0200 < 0.05 — cancelling
23:50:02,2018-08-16 09:37:58,CS2,SPREAD_TIGHT,,,,spread=0.0400 < 0.05 — cancelling
23:50:02,2018-08-16 09:37:58,CS3,SPREAD_TIGHT,,,,spread=0.0100 < 0.05 — cancelling
23:50:03,2018-08-16 09:38:02,CS1,SUBMIT,BUY,100.4,3,bid+1tick=100.4 spread=0.1100 pos=-8L
23:50:03,2018-08-16 09:38:02,CS1,SUBMIT,SELL,100.49,3,ask-1tick=100.49 spread=0.1100 pos=-8L
23:50:03,2018-08-16 09:38:02,CS1,STATUS,,,,bid=100.4(NEW) ask=100.49(NEW) spread=0.1100 pos=-8L
23:50:04,2018-08-16 09:38:02,CS2,SUBMIT,BUY,99.66,3,bid+1tick=99.66 spread=0.0600 pos=+27L
23:50:04,2018-08-16 09:38:02,CS2,SUBMIT,SELL,99.7,3,ask-1tick=99.7 spread=0.0600 pos=+27L
23:50:04,2018-08-16 09:38:02,CS2,STATUS,,,,bid=99.66(NEW) ask=99.7(NEW) spread=0.0600 pos=+27L
23:50:04,2018-08-16 09:38:03,CS3,SPREAD_TIGHT,,,,spread=0.0100 < 0.05 — cancelling
23:50:05,2018-08-16 09:38:04,CS1,SPREAD_TIGHT,,,,spread=0.0200 < 0.05 — cancelling
23:50:06,2018-08-16 09:38:05,CS2,CANCEL,SELL,99.7,,outside spread bid=99.58 ask=99.7
23:50:06,2018-08-16 09:38:05,CS2,SUBMIT,BUY,99.59,3,bid+1tick=99.59 spread=0.1200 pos=+30L
23:50:06,2018-08-16 09:38:05,CS2,SUBMIT,SELL,99.69,3,ask-1tick=99.69 spread=0.1200 pos=+30L
23:50:06,2018-08-16 09:38:05,CS2,STATUS,,,,bid=99.59(NEW) ask=99.69(NEW) spread=0.1200 pos=+30L
23:50:06,2018-08-16 09:38:05,CS3,SUBMIT,BUY,100.18,3,bid+1tick=100.18 spread=0.0600 pos=-22L
23:50:06,2018-08-16 09:38:05,CS3,SUBMIT,SELL,100.22,3,ask-1tick=100.22 spread=0.0600 pos=-22L
23:50:06,2018-08-16 09:38:05,CS3,STATUS,,,,bid=100.18(NEW) ask=100.22(NEW) spread=0.0600 pos=-22L
23:50:07,2018-08-16 09:38:05,CS1,SPREAD_TIGHT,,,,spread=0.0300 < 0.05 — cancelling
23:50:08,2018-08-16 09:38:07,CS2,CANCEL,BUY,99.59,,outside spread bid=99.59 ask=99.69
23:50:08,2018-08-16 09:38:07,CS2,CANCEL,SELL,99.69,,outside spread bid=99.59 ask=99.69
23:50:09,2018-08-16 09:38:07,CS2,SUBMIT,BUY,99.62,3,bid+1tick=99.62 spread=0.1000 pos=+30L
23:50:09,2018-08-16 09:38:07,CS2,SUBMIT,SELL,99.7,3,ask-1tick=99.7 spread=0.1000 pos=+30L
23:50:09,2018-08-16 09:38:07,CS2,STATUS,,,,bid=99.62(NEW) ask=99.7(NEW) spread=0.1000 pos=+30L
23:50:09,2018-08-16 09:38:07,CS3,SPREAD_TIGHT,,,,spread=0.0100 < 0.05 — cancelling
23:50:09,2018-08-16 09:38:08,CS1,SPREAD_TIGHT,,,,spread=-0.0100 < 0.05 — cancelling
23:50:10,2018-08-16 09:38:08,CS2,CANCEL,BUY,99.62,,outside spread bid=99.62 ask=99.7
23:50:10,2018-08-16 09:38:08,CS2,CANCEL,SELL,99.7,,outside spread bid=99.62 ask=99.7
23:50:11,2018-08-16 09:38:08,CS2,SUBMIT,BUY,99.62,3,bid+1tick=99.62 spread=0.1000 pos=+30L
23:50:11,2018-08-16 09:38:08,CS2,SUBMIT,SELL,99.7,3,ask-1tick=99.7 spread=0.1000 pos=+30L
23:50:11,2018-08-16 09:38:08,CS2,STATUS,,,,bid=99.62(NEW) ask=99.7(NEW) spread=0.1000 pos=+30L
23:50:11,2018-08-16 09:38:08,CS3,SPREAD_TIGHT,,,,spread=0.0100 < 0.05 — cancelling
23:50:11,2018-08-16 09:38:08,CS1,SPREAD_TIGHT,,,,spread=-0.0100 < 0.05 — cancelling
23:50:12,2018-08-16 09:38:11,CS2,CANCEL,BUY,99.62,,outside spread bid=99.62 ask=99.7
23:50:12,2018-08-16 09:38:11,CS2,CANCEL,SELL,99.7,,outside spread bid=99.62 ask=99.7
23:50:13,2018-08-16 09:38:11,CS2,SUBMIT,BUY,99.57,3,bid+1tick=99.57 spread=0.1500 pos=+30L
23:50:13,2018-08-16 09:38:11,CS2,SUBMIT,SELL,99.7,3,ask-1tick=99.7 spread=0.1500 pos=+30L
23:50:13,2018-08-16 09:38:11,CS2,STATUS,,,,bid=99.57(NEW) ask=99.7(NEW) spread=0.1500 pos=+30L
23:50:13,2018-08-16 09:38:11,CS3,SPREAD_TIGHT,,,,spread=0.0100 < 0.05 — cancelling
23:50:13,2018-08-16 09:38:11,CS1,SPREAD_TIGHT,,,,spread=0.0400 < 0.05 — cancelling
23:50:14,2018-08-16 09:38:11,CS2,SPREAD_TIGHT,,,,spread=0.0300 < 0.05 — cancelling
23:50:15,2018-08-16 09:38:13,CS3,SPREAD_TIGHT,,,,spread=0.0100 < 0.05 — cancelling
23:50:15,2018-08-16 09:38:14,CS1,SPREAD_TIGHT,,,,spread=0.0400 < 0.05 — cancelling
23:50:16,2018-08-16 09:38:14,CS2,SPREAD_TIGHT,,,,spread=0.0400 < 0.05 — cancelling
23:50:17,2018-08-16 09:38:14,CS3,SPREAD_TIGHT,,,,spread=0.0100 < 0.05 — cancelling
23:50:18,2018-08-16 09:38:14,CS1,SPREAD_TIGHT,,,,spread=0.0100 < 0.05 — cancelling
23:50:18,2018-08-16 09:38:14,CS2,SUBMIT,BUY,99.57,3,bid+1tick=99.57 spread=0.0700 pos=+30L
23:50:18,2018-08-16 09:38:14,CS2,SUBMIT,SELL,99.62,3,ask-1tick=99.62 spread=0.0700 pos=+30L
23:50:18,2018-08-16 09:38:14,CS2,STATUS,,,,bid=99.57(NEW) ask=99.62(NEW) spread=0.0700 pos=+30L
23:50:19,2018-08-16 09:38:17,CS3,SPREAD_TIGHT,,,,spread=0.0100 < 0.05 — cancelling
23:50:20,2018-08-16 09:38:17,CS1,SPREAD_TIGHT,,,,spread=0.0400 < 0.05 — cancelling
23:50:20,2018-08-16 09:38:19,CS2,SPREAD_TIGHT,,,,spread=0.0200 < 0.05 — cancelling
23:50:21,2018-08-16 09:38:19,CS3,SPREAD_TIGHT,,,,spread=0.0100 < 0.05 — cancelling
23:50:22,2018-08-16 09:38:19,CS1,SUBMIT,BUY,100.4,3,bid+1tick=100.4 spread=0.0800 pos=-8L
23:50:22,2018-08-16 09:38:19,CS1,SUBMIT,SELL,100.46,3,ask-1tick=100.46 spread=0.0800 pos=-8L
23:50:22,2018-08-16 09:38:19,CS1,STATUS,,,,bid=100.4(NEW) ask=100.46(NEW) spread=0.0800 pos=-8L
23:50:22,2018-08-16 09:38:19,CS2,SUBMIT,BUY,99.54,3,bid+1tick=99.54 spread=0.1000 pos=+33L
23:50:22,2018-08-16 09:38:19,CS2,SUBMIT,SELL,99.62,3,ask-1tick=99.62 spread=0.1000 pos=+33L
23:50:22,2018-08-16 09:38:19,CS2,STATUS,,,,bid=99.54(NEW) ask=99.62(NEW) spread=0.1000 pos=+33L
23:50:23,2018-08-16 09:38:19,CS3,SPREAD_TIGHT,,,,spread=0.0100 < 0.05 — cancelling
23:50:24,2018-08-16 09:38:22,CS1,SPREAD_TIGHT,,,,spread=0.0100 < 0.05 — cancelling
23:50:24,2018-08-16 09:38:23,CS2,SPREAD_TIGHT,,,,spread=0.0100 < 0.05 — cancelling
23:50:25,2018-08-16 09:38:23,CS3,SPREAD_TIGHT,,,,spread=0.0100 < 0.05 — cancelling
23:50:26,2018-08-16 09:38:25,CS1,SPREAD_TIGHT,,,,spread=0.0200 < 0.05 — cancelling
23:50:26,2018-08-16 09:38:25,CS2,SUBMIT,BUY,99.64,3,bid+1tick=99.64 spread=0.0900 pos=+30L
23:50:26,2018-08-16 09:38:25,CS2,SUBMIT,SELL,99.71,3,ask-1tick=99.71 spread=0.0900 pos=+30L
23:50:26,2018-08-16 09:38:25,CS2,STATUS,,,,bid=99.64(NEW) ask=99.71(NEW) spread=0.0900 pos=+30L
23:50:27,2018-08-16 09:38:25,CS3,SPREAD_TIGHT,,,,spread=0.0100 < 0.05 — cancelling
23:50:28,2018-08-16 09:38:27,CS1,SUBMIT,BUY,100.4,3,bid+1tick=100.4 spread=0.0800 pos=-8L
23:50:28,2018-08-16 09:38:27,CS1,SUBMIT,SELL,100.46,3,ask-1tick=100.46 spread=0.0800 pos=-8L
23:50:28,2018-08-16 09:38:27,CS1,STATUS,,,,bid=100.4(NEW) ask=100.46(NEW) spread=0.0800 pos=-8L
23:50:28,2018-08-16 09:38:27,CS2,CANCEL,BUY,99.64,,outside spread bid=99.64 ask=99.71
23:50:29,2018-08-16 09:38:27,CS2,CANCEL,SELL,99.71,,outside spread bid=99.64 ask=99.71
23:50:29,2018-08-16 09:38:27,CS2,SUBMIT,BUY,99.65,3,bid+1tick=99.65 spread=0.0800 pos=+30L
23:50:29,2018-08-16 09:38:27,CS2,SUBMIT,SELL,99.71,3,ask-1tick=99.71 spread=0.0800 pos=+30L
23:50:29,2018-08-16 09:38:27,CS2,STATUS,,,,bid=99.65(NEW) ask=99.71(NEW) spread=0.0800 pos=+30L
23:50:29,2018-08-16 09:38:27,CS3,SPREAD_TIGHT,,,,spread=0.0300 < 0.05 — cancelling
23:50:30,2018-08-16 09:38:29,CS1,SPREAD_TIGHT,,,,spread=0.0200 < 0.05 — cancelling
23:50:30,2018-08-16 09:38:29,CS2,CANCEL,BUY,99.65,,outside spread bid=99.65 ask=99.71
23:50:31,2018-08-16 09:38:29,CS2,CANCEL,SELL,99.71,,outside spread bid=99.65 ask=99.71
23:50:31,2018-08-16 09:38:29,CS2,SUBMIT,BUY,99.65,3,bid+1tick=99.65 spread=0.0800 pos=+30L
23:50:31,2018-08-16 09:38:29,CS2,SUBMIT,SELL,99.71,3,ask-1tick=99.71 spread=0.0800 pos=+30L
23:50:31,2018-08-16 09:38:29,CS2,STATUS,,,,bid=99.65(NEW) ask=99.71(NEW) spread=0.0800 pos=+30L
23:50:31,2018-08-16 09:38:29,CS3,SPREAD_TIGHT,,,,spread=0.0300 < 0.05 — cancelling
23:50:32,2018-08-16 09:38:29,CS1,SPREAD_TIGHT,,,,spread=0.0200 < 0.05 — cancelling
23:50:32,2018-08-16 09:38:29,CS2,CANCEL,BUY,99.65,,outside spread bid=99.65 ask=99.71
23:50:33,2018-08-16 09:38:29,CS2,CANCEL,SELL,99.71,,outside spread bid=99.65 ask=99.71
23:50:33,2018-08-16 09:38:29,CS2,SUBMIT,BUY,99.65,3,bid+1tick=99.65 spread=0.0800 pos=+30L
23:50:33,2018-08-16 09:38:29,CS2,SUBMIT,SELL,99.71,3,ask-1tick=99.71 spread=0.0800 pos=+30L
23:50:33,2018-08-16 09:38:29,CS2,STATUS,,,,bid=99.65(NEW) ask=99.71(NEW) spread=0.0800 pos=+30L
23:50:33,2018-08-16 09:38:29,CS3,SPREAD_TIGHT,,,,spread=0.0500 < 0.05 — cancelling
23:50:34,2018-08-16 09:38:32,CS1,SUBMIT,BUY,100.39,3,bid+1tick=100.39 spread=0.0500 pos=-8L
23:50:34,2018-08-16 09:38:32,CS1,SUBMIT,SELL,100.42,3,ask-1tick=100.42 spread=0.0500 pos=-8L
23:50:34,2018-08-16 09:38:32,CS1,STATUS,,,,bid=100.39(NEW) ask=100.42(NEW) spread=0.0500 pos=-8L
23:50:35,2018-08-16 09:38:33,CS2,CANCEL,BUY,99.65,,outside spread bid=99.65 ask=99.71
23:50:35,2018-08-16 09:38:33,CS2,SUBMIT,BUY,99.65,3,bid+1tick=99.65 spread=0.0800 pos=+30L
23:50:35,2018-08-16 09:38:33,CS2,SUBMIT,SELL,99.71,3,ask-1tick=99.71 spread=0.0800 pos=+30L
23:50:35,2018-08-16 09:38:33,CS2,STATUS,,,,bid=99.65(NEW) ask=99.71(NEW) spread=0.0800 pos=+30L
23:50:35,2018-08-16 09:38:33,CS3,SPREAD_TIGHT,,,,spread=0.0100 < 0.05 — cancelling
23:50:36,2018-08-16 09:38:34,CS1,SPREAD_TIGHT,,,,spread=0.0200 < 0.05 — cancelling
23:50:37,2018-08-16 09:38:34,CS2,CANCEL,BUY,99.65,,outside spread bid=99.65 ask=99.71
23:50:37,2018-08-16 09:38:34,CS2,CANCEL,SELL,99.71,,outside spread bid=99.65 ask=99.71
23:50:37,2018-08-16 09:38:34,CS3,SPREAD_TIGHT,,,,spread=0.0100 < 0.05 — cancelling
23:50:38,2018-08-16 09:38:36,CS1,SUBMIT,BUY,100.39,3,bid+1tick=100.39 spread=0.0500 pos=-8L
23:50:38,2018-08-16 09:38:36,CS1,SUBMIT,SELL,100.42,3,ask-1tick=100.42 spread=0.0500 pos=-8L
23:50:38,2018-08-16 09:38:36,CS1,STATUS,,,,bid=100.39(NEW) ask=100.42(NEW) spread=0.0500 pos=-8L
23:50:39,2018-08-16 09:38:38,CS2,SPREAD_TIGHT,,,,spread=0.0200 < 0.05 — cancelling
23:50:39,2018-08-16 09:38:38,CS3,SPREAD_TIGHT,,,,spread=0.0300 < 0.05 — cancelling
23:50:40,2018-08-16 09:38:38,CS1,SPREAD_TIGHT,,,,spread=0.0200 < 0.05 — cancelling
23:50:41,2018-08-16 09:38:38,CS2,SPREAD_TIGHT,,,,spread=0.0200 < 0.05 — cancelling
23:50:41,2018-08-16 09:38:38,CS3,SPREAD_TIGHT,,,,spread=0.0300 < 0.05 — cancelling
23:50:42,2018-08-16 09:38:40,CS1,SPREAD_TIGHT,,,,spread=0.0300 < 0.05 — cancelling
23:50:43,2018-08-16 09:38:40,CS2,SPREAD_TIGHT,,,,spread=0.0200 < 0.05 — cancelling
23:50:43,2018-08-16 09:38:40,CS3,SUBMIT,BUY,100.24,3,bid+1tick=100.24 spread=0.0700 pos=-25L
23:50:43,2018-08-16 09:38:40,CS3,SUBMIT,SELL,100.29,3,ask-1tick=100.29 spread=0.0700 pos=-25L
23:50:43,2018-08-16 09:38:40,CS3,STATUS,,,,bid=100.24(NEW) ask=100.29(NEW) spread=0.0700 pos=-25L
23:50:44,2018-08-16 09:38:43,CS1,SPREAD_TIGHT,,,,spread=0.0300 < 0.05 — cancelling
23:50:45,2018-08-16 09:38:44,CS2,SPREAD_TIGHT,,,,spread=0.0100 < 0.05 — cancelling
23:50:45,2018-08-16 09:38:44,CS3,CANCEL,BUY,100.24,,outside spread bid=100.26 ask=100.33
23:50:46,2018-08-16 09:38:44,CS3,SUBMIT,BUY,100.27,3,bid+1tick=100.27 spread=0.0700 pos=-28L
23:50:46,2018-08-16 09:38:44,CS3,SUBMIT,SELL,100.32,3,ask-1tick=100.32 spread=0.0700 pos=-28L
23:50:46,2018-08-16 09:38:44,CS3,STATUS,,,,bid=100.27(NEW) ask=100.32(NEW) spread=0.0700 pos=-28L
23:50:46,2018-08-16 09:38:45,CS1,SPREAD_TIGHT,,,,spread=0.0200 < 0.05 — cancelling
