wall_time,sim_time,symbol,event,side,price,lots,detail
09:45:25,1969-12-31 19:00:00,CS1,NO_BOOK,,,,skipping cycle
09:45:25,1969-12-31 19:00:00,CS2,NO_BOOK,,,,skipping cycle
09:45:25,1969-12-31 19:00:00,CS3,NO_BOOK,,,,skipping cycle
09:45:38,2018-08-16 09:30:31,CS1,NO_BOOK,,,,skipping cycle
09:45:38,2018-08-16 09:30:31,CS2,SPREAD_TIGHT,,,,spread=0.0300 < 0.05 — cancelling
09:45:38,2018-08-16 09:30:31,CS3,SUBMIT,BUY,99.9,3,bid+1tick=99.9 spread=0.0600 pos=+0L
09:45:38,2018-08-16 09:30:31,CS3,SUBMIT,SELL,99.94,3,ask-1tick=99.94 spread=0.0600 pos=+0L
09:45:38,2018-08-16 09:30:31,CS3,STATUS,,,,bid=99.9(NEW) ask=99.94(NEW) spread=0.0600 pos=+0L
09:45:40,2018-08-16 09:30:33,CS1,SPREAD_TIGHT,,,,spread=0.0400 < 0.05 — cancelling
09:45:40,2018-08-16 09:30:33,CS2,SUBMIT,BUY,100.02,3,bid+1tick=100.02 spread=0.0900 pos=+0L
09:45:40,2018-08-16 09:30:33,CS2,SUBMIT,SELL,100.09,3,ask-1tick=100.09 spread=0.0900 pos=+0L
09:45:40,2018-08-16 09:30:33,CS2,STATUS,,,,bid=100.02(NEW) ask=100.09(NEW) spread=0.0900 pos=+0L
09:45:40,2018-08-16 09:30:33,CS3,SPREAD_TIGHT,,,,spread=0.0400 < 0.05 — cancelling
09:45:43,2018-08-16 09:30:36,CS1,NO_BOOK,,,,skipping cycle
09:45:43,2018-08-16 09:30:36,CS2,SPREAD_TIGHT,,,,spread=0.0100 < 0.05 — cancelling
09:45:43,2018-08-16 09:30:36,CS3,SPREAD_TIGHT,,,,spread=0.0300 < 0.05 — cancelling
09:45:45,2018-08-16 09:30:37,CS1,NO_BOOK,,,,skipping cycle
09:45:45,2018-08-16 09:30:37,CS2,SPREAD_TIGHT,,,,spread=0.0200 < 0.05 — cancelling
09:45:45,2018-08-16 09:30:37,CS3,SPREAD_TIGHT,,,,spread=0.0500 < 0.05 — cancelling
09:45:47,2018-08-16 09:30:39,CS1,NO_BOOK,,,,skipping cycle
09:45:47,2018-08-16 09:30:39,CS2,SPREAD_TIGHT,,,,spread=0.0200 < 0.05 — cancelling
09:45:47,2018-08-16 09:30:39,CS3,SUBMIT,BUY,99.93,3,bid+1tick=99.93 spread=0.0700 pos=+1L
09:45:47,2018-08-16 09:30:39,CS3,SUBMIT,SELL,99.98,3,ask-1tick=99.98 spread=0.0700 pos=+1L
09:45:47,2018-08-16 09:30:39,CS3,STATUS,,,,bid=99.93(NEW) ask=99.98(NEW) spread=0.0700 pos=+1L
09:45:49,2018-08-16 09:30:39,CS1,NO_BOOK,,,,skipping cycle
09:45:49,2018-08-16 09:30:39,CS2,SPREAD_TIGHT,,,,spread=0.0200 < 0.05 — cancelling
09:45:49,2018-08-16 09:30:39,CS3,SPREAD_TIGHT,,,,spread=0.0500 < 0.05 — cancelling
09:45:51,2018-08-16 09:30:43,CS1,NO_BOOK,,,,skipping cycle
09:45:51,2018-08-16 09:30:43,CS2,SPREAD_TIGHT,,,,spread=0.0200 < 0.05 — cancelling
09:45:51,2018-08-16 09:30:43,CS3,SPREAD_TIGHT,,,,spread=0.0500 < 0.05 — cancelling
09:45:53,2018-08-16 09:30:43,CS1,SUBMIT,BUY,100.06,3,bid+1tick=100.06 spread=0.1000 pos=+0L
09:45:53,2018-08-16 09:30:43,CS1,SUBMIT,SELL,100.14,3,ask-1tick=100.14 spread=0.1000 pos=+0L
09:45:53,2018-08-16 09:30:43,CS1,STATUS,,,,bid=100.06(NEW) ask=100.14(NEW) spread=0.1000 pos=+0L
09:45:53,2018-08-16 09:30:43,CS2,SPREAD_TIGHT,,,,spread=0.0200 < 0.05 — cancelling
09:45:53,2018-08-16 09:30:43,CS3,SPREAD_TIGHT,,,,spread=0.0500 < 0.05 — cancelling
09:45:55,2018-08-16 09:30:48,CS1,SPREAD_TIGHT,,,,spread=0.0100 < 0.05 — cancelling
09:45:55,2018-08-16 09:30:48,CS2,SPREAD_TIGHT,,,,spread=0.0200 < 0.05 — cancelling
09:45:55,2018-08-16 09:30:48,CS3,SUBMIT,BUY,99.92,3,bid+1tick=99.92 spread=0.0900 pos=+1L
09:45:55,2018-08-16 09:30:48,CS3,SUBMIT,SELL,99.99,3,ask-1tick=99.99 spread=0.0900 pos=+1L
09:45:55,2018-08-16 09:30:48,CS3,STATUS,,,,bid=99.92(NEW) ask=99.99(NEW) spread=0.0900 pos=+1L
09:45:57,2018-08-16 09:30:49,CS1,SPREAD_TIGHT,,,,spread=0.0100 < 0.05 — cancelling
09:45:57,2018-08-16 09:30:49,CS2,SPREAD_TIGHT,,,,spread=0.0200 < 0.05 — cancelling
09:45:57,2018-08-16 09:30:49,CS3,CANCEL,BUY,99.92,,outside spread bid=99.92 ask=99.99
09:45:57,2018-08-16 09:30:49,CS3,CANCEL,SELL,99.99,,outside spread bid=99.92 ask=99.99
09:45:58,2018-08-16 09:30:49,CS3,SUBMIT,BUY,99.89,3,bid+1tick=99.89 spread=0.1100 pos=+1L
09:45:58,2018-08-16 09:30:49,CS3,SUBMIT,SELL,99.98,3,ask-1tick=99.98 spread=0.1100 pos=+1L
09:45:58,2018-08-16 09:30:49,CS3,STATUS,,,,bid=99.89(NEW) ask=99.98(NEW) spread=0.1100 pos=+1L
09:45:59,2018-08-16 09:30:52,CS1,SPREAD_TIGHT,,,,spread=0.0100 < 0.05 — cancelling
09:45:59,2018-08-16 09:30:52,CS2,SPREAD_TIGHT,,,,spread=0.0200 < 0.05 — cancelling
09:45:59,2018-08-16 09:30:52,CS3,CANCEL,BUY,99.89,,outside spread bid=99.92 ask=99.99
09:45:59,2018-08-16 09:30:52,CS3,SUBMIT,BUY,99.93,3,bid+1tick=99.93 spread=0.0700 pos=-2L
09:45:59,2018-08-16 09:30:52,CS3,SUBMIT,SELL,99.98,3,ask-1tick=99.98 spread=0.0700 pos=-2L
09:45:59,2018-08-16 09:30:52,CS3,STATUS,,,,bid=99.93(NEW) ask=99.98(NEW) spread=0.0700 pos=-2L
09:46:01,2018-08-16 09:30:53,CS1,SPREAD_TIGHT,,,,spread=0.0100 < 0.05 — cancelling
09:46:01,2018-08-16 09:30:53,CS2,SPREAD_TIGHT,,,,spread=0.0100 < 0.05 — cancelling
09:46:01,2018-08-16 09:30:53,CS3,SPREAD_TIGHT,,,,spread=0.0300 < 0.05 — cancelling
09:46:03,2018-08-16 09:30:56,CS1,SUBMIT,BUY,100.06,3,bid+1tick=100.06 spread=0.1500 pos=-3L
09:46:03,2018-08-16 09:30:56,CS1,SUBMIT,SELL,100.19,3,ask-1tick=100.19 spread=0.1500 pos=-3L
09:46:03,2018-08-16 09:30:56,CS1,STATUS,,,,bid=100.06(NEW) ask=100.19(NEW) spread=0.1500 pos=-3L
09:46:03,2018-08-16 09:30:56,CS2,SUBMIT,BUY,100.0,3,bid+1tick=100.0 spread=0.0800 pos=+0L
09:46:03,2018-08-16 09:30:56,CS2,SUBMIT,SELL,100.06,3,ask-1tick=100.06 spread=0.0800 pos=+0L
09:46:03,2018-08-16 09:30:56,CS2,STATUS,,,,bid=100.0(NEW) ask=100.06(NEW) spread=0.0800 pos=+0L
09:46:03,2018-08-16 09:30:56,CS3,SUBMIT,BUY,99.89,3,bid+1tick=99.89 spread=0.0500 pos=-5L
09:46:03,2018-08-16 09:30:56,CS3,SUBMIT,SELL,99.92,3,ask-1tick=99.92 spread=0.0500 pos=-5L
09:46:03,2018-08-16 09:30:56,CS3,STATUS,,,,bid=99.89(NEW) ask=99.92(NEW) spread=0.0500 pos=-5L
09:46:05,2018-08-16 09:30:56,CS1,CANCEL,BUY,100.06,,outside spread bid=100.06 ask=100.19
09:46:06,2018-08-16 09:30:56,CS1,CANCEL,SELL,100.19,,outside spread bid=100.06 ask=100.19
09:46:06,2018-08-16 09:30:56,CS1,SUBMIT,BUY,100.06,3,bid+1tick=100.06 spread=0.1500 pos=-3L
09:46:06,2018-08-16 09:30:56,CS1,SUBMIT,SELL,100.19,3,ask-1tick=100.19 spread=0.1500 pos=-3L
09:46:06,2018-08-16 09:30:56,CS1,STATUS,,,,bid=100.06(NEW) ask=100.19(NEW) spread=0.1500 pos=-3L
09:46:06,2018-08-16 09:30:56,CS2,CANCEL,BUY,100.0,,outside spread bid=100.0 ask=100.1
09:46:06,2018-08-16 09:30:56,CS2,SUBMIT,BUY,99.97,3,bid+1tick=99.97 spread=0.1400 pos=-3L
09:46:06,2018-08-16 09:30:56,CS2,SUBMIT,SELL,100.09,3,ask-1tick=100.09 spread=0.1400 pos=-3L
09:46:06,2018-08-16 09:30:56,CS2,STATUS,,,,bid=99.97(NEW) ask=100.09(NEW) spread=0.1400 pos=-3L
09:46:06,2018-08-16 09:30:56,CS3,SPREAD_TIGHT,,,,spread=0.0200 < 0.05 — cancelling
09:46:08,2018-08-16 09:30:59,CS1,CANCEL,BUY,100.06,,outside spread bid=100.06 ask=100.19
09:46:08,2018-08-16 09:30:59,CS1,CANCEL,SELL,100.19,,outside spread bid=100.06 ask=100.19
09:46:08,2018-08-16 09:30:59,CS1,SUBMIT,BUY,100.1,3,bid+1tick=100.1 spread=0.1100 pos=-3L
09:46:08,2018-08-16 09:30:59,CS1,SUBMIT,SELL,100.19,3,ask-1tick=100.19 spread=0.1100 pos=-3L
09:46:08,2018-08-16 09:30:59,CS1,STATUS,,,,bid=100.1(NEW) ask=100.19(NEW) spread=0.1100 pos=-3L
09:46:08,2018-08-16 09:30:59,CS2,SPREAD_TIGHT,,,,spread=0.0100 < 0.05 — cancelling
09:46:08,2018-08-16 09:31:01,CS3,SUBMIT,BUY,99.85,3,bid+1tick=99.85 spread=0.0700 pos=-5L
09:46:08,2018-08-16 09:31:01,CS3,SUBMIT,SELL,99.9,3,ask-1tick=99.9 spread=0.0700 pos=-5L
09:46:08,2018-08-16 09:31:01,CS3,STATUS,,,,bid=99.85(NEW) ask=99.9(NEW) spread=0.0700 pos=-5L
09:46:10,2018-08-16 09:31:02,CS1,CANCEL,BUY,100.1,,outside spread bid=100.1 ask=100.19
09:46:10,2018-08-16 09:31:02,CS1,CANCEL,SELL,100.19,,outside spread bid=100.1 ask=100.19
09:46:10,2018-08-16 09:31:02,CS1,SUBMIT,BUY,100.1,3,bid+1tick=100.1 spread=0.1100 pos=-3L
09:46:10,2018-08-16 09:31:02,CS1,SUBMIT,SELL,100.19,3,ask-1tick=100.19 spread=0.1100 pos=-3L
09:46:10,2018-08-16 09:31:02,CS1,STATUS,,,,bid=100.1(NEW) ask=100.19(NEW) spread=0.1100 pos=-3L
09:46:10,2018-08-16 09:31:02,CS2,SPREAD_TIGHT,,,,spread=0.0100 < 0.05 — cancelling
09:46:10,2018-08-16 09:31:02,CS3,CANCEL,BUY,99.85,,outside spread bid=99.85 ask=99.9
09:46:11,2018-08-16 09:31:02,CS3,CANCEL,SELL,99.9,,outside spread bid=99.85 ask=99.9
09:46:11,2018-08-16 09:31:02,CS3,SUBMIT,BUY,99.85,3,bid+1tick=99.85 spread=0.0700 pos=-5L
09:46:11,2018-08-16 09:31:02,CS3,SUBMIT,SELL,99.9,3,ask-1tick=99.9 spread=0.0700 pos=-5L
09:46:11,2018-08-16 09:31:02,CS3,STATUS,,,,bid=99.85(NEW) ask=99.9(NEW) spread=0.0700 pos=-5L
09:46:12,2018-08-16 09:31:03,CS1,CANCEL,BUY,100.1,,outside spread bid=100.1 ask=100.19
09:46:12,2018-08-16 09:31:03,CS1,CANCEL,SELL,100.19,,outside spread bid=100.1 ask=100.19
09:46:12,2018-08-16 09:31:03,CS1,SUBMIT,BUY,100.06,3,bid+1tick=100.06 spread=0.1500 pos=-3L
09:46:12,2018-08-16 09:31:03,CS1,SUBMIT,SELL,100.19,3,ask-1tick=100.19 spread=0.1500 pos=-3L
09:46:12,2018-08-16 09:31:03,CS1,STATUS,,,,bid=100.06(NEW) ask=100.19(NEW) spread=0.1500 pos=-3L
09:46:12,2018-08-16 09:31:03,CS2,SUBMIT,BUY,100.05,3,bid+1tick=100.05 spread=0.0600 pos=-3L
09:46:12,2018-08-16 09:31:03,CS2,SUBMIT,SELL,100.09,3,ask-1tick=100.09 spread=0.0600 pos=-3L
09:46:12,2018-08-16 09:31:03,CS2,STATUS,,,,bid=100.05(NEW) ask=100.09(NEW) spread=0.0600 pos=-3L
09:46:12,2018-08-16 09:31:05,CS3,CANCEL,BUY,99.85,,outside spread bid=99.85 ask=99.9
09:46:13,2018-08-16 09:31:05,CS3,CANCEL,SELL,99.9,,outside spread bid=99.85 ask=99.9
09:46:13,2018-08-16 09:31:05,CS3,SUBMIT,BUY,99.85,3,bid+1tick=99.85 spread=0.0700 pos=-2L
09:46:13,2018-08-16 09:31:05,CS3,SUBMIT,SELL,99.9,3,ask-1tick=99.9 spread=0.0700 pos=-2L
09:46:13,2018-08-16 09:31:05,CS3,STATUS,,,,bid=99.85(NEW) ask=99.9(NEW) spread=0.0700 pos=-2L
09:46:14,2018-08-16 09:31:06,CS1,SPREAD_TIGHT,,,,spread=0.0200 < 0.05 — cancelling
09:46:14,2018-08-16 09:31:07,CS2,SPREAD_TIGHT,,,,spread=0.0500 < 0.05 — cancelling
09:46:14,2018-08-16 09:31:07,CS3,SPREAD_TIGHT,,,,spread=0.0300 < 0.05 — cancelling
09:46:16,2018-08-16 09:31:08,CS1,SUBMIT,BUY,100.06,3,bid+1tick=100.06 spread=0.0900 pos=-6L
09:46:16,2018-08-16 09:31:08,CS1,SUBMIT,SELL,100.13,3,ask-1tick=100.13 spread=0.0900 pos=-6L
09:46:16,2018-08-16 09:31:08,CS1,STATUS,,,,bid=100.06(NEW) ask=100.13(NEW) spread=0.0900 pos=-6L
09:46:16,2018-08-16 09:31:08,CS2,SUBMIT,BUY,100.05,3,bid+1tick=100.05 spread=0.0600 pos=+0L
09:46:16,2018-08-16 09:31:08,CS2,SUBMIT,SELL,100.09,3,ask-1tick=100.09 spread=0.0600 pos=+0L
09:46:16,2018-08-16 09:31:08,CS2,STATUS,,,,bid=100.05(NEW) ask=100.09(NEW) spread=0.0600 pos=+0L
09:46:16,2018-08-16 09:31:08,CS3,SUBMIT,BUY,99.83,3,bid+1tick=99.83 spread=0.0500 pos=+1L
09:46:16,2018-08-16 09:31:08,CS3,SUBMIT,SELL,99.86,3,ask-1tick=99.86 spread=0.0500 pos=+1L
09:46:16,2018-08-16 09:31:08,CS3,STATUS,,,,bid=99.83(NEW) ask=99.86(NEW) spread=0.0500 pos=+1L
09:46:18,2018-08-16 09:31:10,CS1,SPREAD_TIGHT,,,,spread=0.0500 < 0.05 — cancelling
09:46:18,2018-08-16 09:31:11,CS2,SPREAD_TIGHT,,,,spread=0.0200 < 0.05 — cancelling
09:46:19,2018-08-16 09:31:11,CS3,SPREAD_TIGHT,,,,spread=0.0400 < 0.05 — cancelling
09:46:20,2018-08-16 09:31:12,CS1,SUBMIT,BUY,100.02,3,bid+1tick=100.02 spread=0.0700 pos=-3L
09:46:20,2018-08-16 09:31:12,CS1,SUBMIT,SELL,100.07,3,ask-1tick=100.07 spread=0.0700 pos=-3L
09:46:20,2018-08-16 09:31:12,CS1,STATUS,,,,bid=100.02(NEW) ask=100.07(NEW) spread=0.0700 pos=-3L
09:46:20,2018-08-16 09:31:12,CS2,SPREAD_TIGHT,,,,spread=0.0400 < 0.05 — cancelling
09:46:21,2018-08-16 09:31:12,CS3,SUBMIT,BUY,99.83,3,bid+1tick=99.83 spread=0.0500 pos=+4L
09:46:21,2018-08-16 09:31:12,CS3,SUBMIT,SELL,99.86,3,ask-1tick=99.86 spread=0.0500 pos=+4L
09:46:21,2018-08-16 09:31:12,CS3,STATUS,,,,bid=99.83(NEW) ask=99.86(NEW) spread=0.0500 pos=+4L
09:46:22,2018-08-16 09:31:15,CS1,SPREAD_TIGHT,,,,spread=0.0500 < 0.05 — cancelling
09:46:22,2018-08-16 09:31:15,CS2,SPREAD_TIGHT,,,,spread=0.0400 < 0.05 — cancelling
09:46:23,2018-08-16 09:31:15,CS3,SPREAD_TIGHT,,,,spread=0.0400 < 0.05 — cancelling
09:46:24,2018-08-16 09:31:17,CS1,SPREAD_TIGHT,,,,spread=0.0200 < 0.05 — cancelling
09:46:24,2018-08-16 09:31:17,CS2,SUBMIT,BUY,100.09,3,bid+1tick=100.09 spread=0.0900 pos=-3L
09:46:24,2018-08-16 09:31:17,CS2,SUBMIT,SELL,100.16,3,ask-1tick=100.16 spread=0.0900 pos=-3L
09:46:24,2018-08-16 09:31:17,CS2,STATUS,,,,bid=100.09(NEW) ask=100.16(NEW) spread=0.0900 pos=-3L
09:46:25,2018-08-16 09:31:17,CS3,SPREAD_TIGHT,,,,spread=0.0300 < 0.05 — cancelling
09:46:26,2018-08-16 09:31:17,CS1,SPREAD_TIGHT,,,,spread=0.0200 < 0.05 — cancelling
09:46:26,2018-08-16 09:31:19,CS2,SPREAD_TIGHT,,,,spread=0.0300 < 0.05 — cancelling
09:46:27,2018-08-16 09:31:19,CS3,SPREAD_TIGHT,,,,spread=0.0300 < 0.05 — cancelling
09:46:28,2018-08-16 09:31:21,CS1,SPREAD_TIGHT,,,,spread=0.0300 < 0.05 — cancelling
09:46:28,2018-08-16 09:31:21,CS2,SPREAD_TIGHT,,,,spread=0.0400 < 0.05 — cancelling
09:46:29,2018-08-16 09:31:21,CS3,SPREAD_TIGHT,,,,spread=0.0300 < 0.05 — cancelling
09:46:30,2018-08-16 09:31:21,CS1,SPREAD_TIGHT,,,,spread=0.0100 < 0.05 — cancelling
09:46:31,2018-08-16 09:31:23,CS2,SPREAD_TIGHT,,,,spread=0.0400 < 0.05 — cancelling
09:46:31,2018-08-16 09:31:24,CS3,SUBMIT,BUY,99.81,3,bid+1tick=99.81 spread=0.0800 pos=+1L
09:46:31,2018-08-16 09:31:24,CS3,SUBMIT,SELL,99.87,3,ask-1tick=99.87 spread=0.0800 pos=+1L
09:46:31,2018-08-16 09:31:24,CS3,STATUS,,,,bid=99.81(NEW) ask=99.87(NEW) spread=0.0800 pos=+1L
09:46:32,2018-08-16 09:31:24,CS1,SPREAD_TIGHT,,,,spread=0.0500 < 0.05 — cancelling
09:46:33,2018-08-16 09:31:25,CS2,SUBMIT,BUY,100.05,3,bid+1tick=100.05 spread=0.0800 pos=-3L
09:46:33,2018-08-16 09:31:25,CS2,SUBMIT,SELL,100.11,3,ask-1tick=100.11 spread=0.0800 pos=-3L
09:46:33,2018-08-16 09:31:25,CS2,STATUS,,,,bid=100.05(NEW) ask=100.11(NEW) spread=0.0800 pos=-3L
09:46:33,2018-08-16 09:31:25,CS3,CANCEL,BUY,99.81,,outside spread bid=99.81 ask=99.87
09:46:33,2018-08-16 09:31:25,CS3,CANCEL,SELL,99.87,,outside spread bid=99.81 ask=99.87
09:46:34,2018-08-16 09:31:27,CS1,SPREAD_TIGHT,,,,spread=0.0300 < 0.05 — cancelling
09:46:35,2018-08-16 09:31:27,CS2,SPREAD_TIGHT,,,,spread=0.0400 < 0.05 — cancelling
09:46:35,2018-08-16 09:31:27,CS3,SUBMIT,BUY,99.81,3,bid+1tick=99.81 spread=0.0600 pos=+1L
09:46:35,2018-08-16 09:31:27,CS3,SUBMIT,SELL,99.85,3,ask-1tick=99.85 spread=0.0600 pos=+1L
09:46:35,2018-08-16 09:31:27,CS3,STATUS,,,,bid=99.81(NEW) ask=99.85(NEW) spread=0.0600 pos=+1L
09:46:36,2018-08-16 09:31:27,CS1,SPREAD_TIGHT,,,,spread=0.0200 < 0.05 — cancelling
09:46:37,2018-08-16 09:31:29,CS2,SUBMIT,BUY,100.04,3,bid+1tick=100.04 spread=0.0800 pos=-3L
09:46:37,2018-08-16 09:31:29,CS2,SUBMIT,SELL,100.1,3,ask-1tick=100.1 spread=0.0800 pos=-3L
09:46:37,2018-08-16 09:31:29,CS2,STATUS,,,,bid=100.04(NEW) ask=100.1(NEW) spread=0.0800 pos=-3L
09:46:37,2018-08-16 09:31:29,CS3,SPREAD_TIGHT,,,,spread=0.0200 < 0.05 — cancelling
09:46:38,2018-08-16 09:31:31,CS1,SPREAD_TIGHT,,,,spread=0.0200 < 0.05 — cancelling
09:46:39,2018-08-16 09:31:31,CS2,SPREAD_TIGHT,,,,spread=0.0200 < 0.05 — cancelling
09:46:39,2018-08-16 09:31:31,CS3,SPREAD_TIGHT,,,,spread=0.0200 < 0.05 — cancelling
09:46:40,2018-08-16 09:31:33,CS1,SUBMIT,BUY,100.02,3,bid+1tick=100.02 spread=0.0600 pos=-3L
09:46:40,2018-08-16 09:31:33,CS1,SUBMIT,SELL,100.06,3,ask-1tick=100.06 spread=0.0600 pos=-3L
09:46:40,2018-08-16 09:31:33,CS1,STATUS,,,,bid=100.02(NEW) ask=100.06(NEW) spread=0.0600 pos=-3L
09:46:41,2018-08-16 09:31:33,CS2,SPREAD_TIGHT,,,,spread=0.0300 < 0.05 — cancelling
09:46:41,2018-08-16 09:31:33,CS3,SPREAD_TIGHT,,,,spread=0.0300 < 0.05 — cancelling
09:46:42,2018-08-16 09:31:33,CS1,SPREAD_TIGHT,,,,spread=0.0300 < 0.05 — cancelling
09:46:43,2018-08-16 09:31:33,CS2,SPREAD_TIGHT,,,,spread=0.0300 < 0.05 — cancelling
09:46:43,2018-08-16 09:31:33,CS3,SPREAD_TIGHT,,,,spread=0.0300 < 0.05 — cancelling
09:46:44,2018-08-16 09:31:36,CS1,SPREAD_TIGHT,,,,spread=0.0100 < 0.05 — cancelling
09:46:45,2018-08-16 09:31:36,CS2,SPREAD_TIGHT,,,,spread=0.0300 < 0.05 — cancelling
09:46:45,2018-08-16 09:31:36,CS3,SPREAD_TIGHT,,,,spread=0.0300 < 0.05 — cancelling
09:46:46,2018-08-16 09:31:38,CS1,SPREAD_TIGHT,,,,spread=0.0100 < 0.05 — cancelling
09:46:47,2018-08-16 09:31:39,CS2,SUBMIT,BUY,100.0,3,bid+1tick=100.0 spread=0.0500 pos=-3L
09:46:47,2018-08-16 09:31:39,CS2,SUBMIT,SELL,100.03,3,ask-1tick=100.03 spread=0.0500 pos=-3L
09:46:47,2018-08-16 09:31:39,CS2,STATUS,,,,bid=100.0(NEW) ask=100.03(NEW) spread=0.0500 pos=-3L
09:46:47,2018-08-16 09:31:39,CS3,SPREAD_TIGHT,,,,spread=0.0100 < 0.05 — cancelling
09:46:48,2018-08-16 09:31:41,CS1,SPREAD_TIGHT,,,,spread=0.0200 < 0.05 — cancelling
09:46:49,2018-08-16 09:31:42,CS2,SUBMIT,BUY,99.97,3,bid+1tick=99.97 spread=0.0700 pos=-3L
09:46:49,2018-08-16 09:31:42,CS2,SUBMIT,SELL,100.02,3,ask-1tick=100.02 spread=0.0700 pos=-3L
09:46:49,2018-08-16 09:31:42,CS2,STATUS,,,,bid=99.97(NEW) ask=100.02(NEW) spread=0.0700 pos=-3L
09:46:49,2018-08-16 09:31:42,CS3,SPREAD_TIGHT,,,,spread=0.0100 < 0.05 — cancelling
09:46:50,2018-08-16 09:31:42,CS1,SPREAD_TIGHT,,,,spread=0.0200 < 0.05 — cancelling
09:46:51,2018-08-16 09:31:42,CS2,SPREAD_TIGHT,,,,spread=0.0400 < 0.05 — cancelling
09:46:51,2018-08-16 09:31:44,CS3,SPREAD_TIGHT,,,,spread=0.0100 < 0.05 — cancelling
09:46:52,2018-08-16 09:31:44,CS1,SPREAD_TIGHT,,,,spread=0.0500 < 0.05 — cancelling
09:46:53,2018-08-16 09:31:45,CS2,SUBMIT,BUY,99.96,3,bid+1tick=99.96 spread=0.1000 pos=-6L
09:46:53,2018-08-16 09:31:45,CS2,SUBMIT,SELL,100.04,3,ask-1tick=100.04 spread=0.1000 pos=-6L
09:46:53,2018-08-16 09:31:45,CS2,STATUS,,,,bid=99.96(NEW) ask=100.04(NEW) spread=0.1000 pos=-6L
09:46:53,2018-08-16 09:31:46,CS3,SPREAD_TIGHT,,,,spread=0.0100 < 0.05 — cancelling
09:46:54,2018-08-16 09:31:46,CS1,SPREAD_TIGHT,,,,spread=0.0300 < 0.05 — cancelling
09:46:55,2018-08-16 09:31:46,CS2,CANCEL,BUY,99.96,,outside spread bid=99.99 ask=100.04
09:46:55,2018-08-16 09:31:46,CS2,CANCEL,SELL,100.04,,outside spread bid=99.99 ask=100.04
09:46:56,2018-08-16 09:31:46,CS2,SUBMIT,BUY,100.0,3,bid+1tick=100.0 spread=0.0500 pos=-6L
09:46:56,2018-08-16 09:31:46,CS2,SUBMIT,SELL,100.03,3,ask-1tick=100.03 spread=0.0500 pos=-6L
09:46:56,2018-08-16 09:31:46,CS2,STATUS,,,,bid=100.0(NEW) ask=100.03(NEW) spread=0.0500 pos=-6L
09:46:56,2018-08-16 09:31:46,CS3,SPREAD_TIGHT,,,,spread=0.0100 < 0.05 — cancelling
09:46:56,2018-08-16 09:31:49,CS1,SPREAD_TIGHT,,,,spread=0.0300 < 0.05 — cancelling
09:46:57,2018-08-16 09:31:49,CS2,SPREAD_TIGHT,,,,spread=0.0100 < 0.05 — cancelling
09:46:58,2018-08-16 09:31:49,CS3,SPREAD_TIGHT,,,,spread=0.0100 < 0.05 — cancelling
09:46:58,2018-08-16 09:31:51,CS1,SPREAD_TIGHT,,,,spread=0.0200 < 0.05 — cancelling
09:46:59,2018-08-16 09:31:51,CS2,SPREAD_TIGHT,,,,spread=0.0100 < 0.05 — cancelling
09:47:00,2018-08-16 09:31:51,CS3,SPREAD_TIGHT,,,,spread=0.0100 < 0.05 — cancelling
09:47:01,2018-08-16 09:31:53,CS1,SPREAD_TIGHT,,,,spread=0.0200 < 0.05 — cancelling
09:47:01,2018-08-16 09:31:54,CS2,SPREAD_TIGHT,,,,spread=0.0100 < 0.05 — cancelling
09:47:02,2018-08-16 09:31:54,CS3,SPREAD_TIGHT,,,,spread=0.0100 < 0.05 — cancelling
09:47:03,2018-08-16 09:31:55,CS1,SPREAD_TIGHT,,,,spread=0.0500 < 0.05 — cancelling
09:47:03,2018-08-16 09:31:56,CS2,SPREAD_TIGHT,,,,spread=0.0400 < 0.05 — cancelling
09:47:04,2018-08-16 09:31:56,CS3,SPREAD_TIGHT,,,,spread=0.0300 < 0.05 — cancelling
09:47:05,2018-08-16 09:31:57,CS1,SPREAD_TIGHT,,,,spread=0.0500 < 0.05 — cancelling
09:47:05,2018-08-16 09:31:57,CS2,SUBMIT,BUY,99.86,3,bid+1tick=99.86 spread=0.0900 pos=-3L
09:47:05,2018-08-16 09:31:57,CS2,SUBMIT,SELL,99.93,3,ask-1tick=99.93 spread=0.0900 pos=-3L
09:47:05,2018-08-16 09:31:57,CS2,STATUS,,,,bid=99.86(NEW) ask=99.93(NEW) spread=0.0900 pos=-3L
09:47:06,2018-08-16 09:31:59,CS3,SPREAD_TIGHT,,,,spread=0.0300 < 0.05 — cancelling
09:47:07,2018-08-16 09:31:59,CS1,SUBMIT,BUY,100.05,3,bid+1tick=100.05 spread=0.0600 pos=-3L
09:47:07,2018-08-16 09:31:59,CS1,SUBMIT,SELL,100.09,3,ask-1tick=100.09 spread=0.0600 pos=-3L
09:47:07,2018-08-16 09:31:59,CS1,STATUS,,,,bid=100.05(NEW) ask=100.09(NEW) spread=0.0600 pos=-3L
09:47:07,2018-08-16 09:31:59,CS2,CANCEL,BUY,99.86,,outside spread bid=99.86 ask=99.93
09:47:08,2018-08-16 09:31:59,CS2,CANCEL,SELL,99.93,,outside spread bid=99.86 ask=99.93
09:47:08,2018-08-16 09:31:59,CS2,SUBMIT,BUY,99.86,3,bid+1tick=99.86 spread=0.0800 pos=-3L
09:47:08,2018-08-16 09:31:59,CS2,SUBMIT,SELL,99.92,3,ask-1tick=99.92 spread=0.0800 pos=-3L
09:47:08,2018-08-16 09:31:59,CS2,STATUS,,,,bid=99.86(NEW) ask=99.92(NEW) spread=0.0800 pos=-3L
09:47:08,2018-08-16 09:31:59,CS3,SPREAD_TIGHT,,,,spread=0.0300 < 0.05 — cancelling
09:47:09,2018-08-16 09:32:01,CS1,SPREAD_TIGHT,,,,spread=0.0000 < 0.05 — cancelling
09:47:09,2018-08-16 09:32:01,CS2,SPREAD_TIGHT,,,,spread=0.0300 < 0.05 — cancelling
09:47:10,2018-08-16 09:32:02,CS3,SPREAD_TIGHT,,,,spread=0.0300 < 0.05 — cancelling
09:47:11,2018-08-16 09:32:02,CS1,SPREAD_TIGHT,,,,spread=0.0500 < 0.05 — cancelling
09:47:11,2018-08-16 09:32:02,CS2,SPREAD_TIGHT,,,,spread=0.0300 < 0.05 — cancelling
09:47:12,2018-08-16 09:32:02,CS3,SPREAD_TIGHT,,,,spread=0.0300 < 0.05 — cancelling
09:47:13,2018-08-16 09:32:02,CS1,SUBMIT,BUY,100.03,3,bid+1tick=100.03 spread=0.0800 pos=+0L
09:47:13,2018-08-16 09:32:02,CS1,SUBMIT,SELL,100.09,3,ask-1tick=100.09 spread=0.0800 pos=+0L
09:47:13,2018-08-16 09:32:02,CS1,STATUS,,,,bid=100.03(NEW) ask=100.09(NEW) spread=0.0800 pos=+0L
09:47:13,2018-08-16 09:32:06,CS2,SUBMIT,BUY,99.86,3,bid+1tick=99.86 spread=0.0700 pos=-3L
09:47:13,2018-08-16 09:32:06,CS2,SUBMIT,SELL,99.91,3,ask-1tick=99.91 spread=0.0700 pos=-3L
09:47:13,2018-08-16 09:32:06,CS2,STATUS,,,,bid=99.86(NEW) ask=99.91(NEW) spread=0.0700 pos=-3L
09:47:14,2018-08-16 09:32:06,CS3,SPREAD_TIGHT,,,,spread=0.0300 < 0.05 — cancelling
09:47:15,2018-08-16 09:32:06,CS1,SPREAD_TIGHT,,,,spread=0.0100 < 0.05 — cancelling
09:47:15,2018-08-16 09:32:06,CS2,SPREAD_TIGHT,,,,spread=0.0500 < 0.05 — cancelling
09:47:16,2018-08-16 09:32:09,CS3,SPREAD_TIGHT,,,,spread=0.0300 < 0.05 — cancelling
09:47:17,2018-08-16 09:32:09,CS1,SPREAD_TIGHT,,,,spread=0.0300 < 0.05 — cancelling
09:47:17,2018-08-16 09:32:10,CS2,SUBMIT,BUY,99.76,3,bid+1tick=99.76 spread=0.0800 pos=+0L
09:47:17,2018-08-16 09:32:10,CS2,SUBMIT,SELL,99.82,3,ask-1tick=99.82 spread=0.0800 pos=+0L
09:47:17,2018-08-16 09:32:10,CS2,STATUS,,,,bid=99.76(NEW) ask=99.82(NEW) spread=0.0800 pos=+0L
09:47:18,2018-08-16 09:32:10,CS3,SPREAD_TIGHT,,,,spread=0.0300 < 0.05 — cancelling
09:47:19,2018-08-16 09:32:12,CS1,SUBMIT,BUY,100.0,3,bid+1tick=100.0 spread=0.0500 pos=+3L
09:47:19,2018-08-16 09:32:12,CS1,SUBMIT,SELL,100.03,3,ask-1tick=100.03 spread=0.0500 pos=+3L
09:47:19,2018-08-16 09:32:12,CS1,STATUS,,,,bid=100.0(NEW) ask=100.03(NEW) spread=0.0500 pos=+3L
09:47:19,2018-08-16 09:32:12,CS2,SPREAD_TIGHT,,,,spread=0.0100 < 0.05 — cancelling
09:47:20,2018-08-16 09:32:13,CS3,SPREAD_TIGHT,,,,spread=0.0200 < 0.05 — cancelling
09:47:21,2018-08-16 09:32:13,CS1,SPREAD_TIGHT,,,,spread=0.0500 < 0.05 — cancelling
09:47:22,2018-08-16 09:32:13,CS2,SPREAD_TIGHT,,,,spread=0.0100 < 0.05 — cancelling
09:47:22,2018-08-16 09:32:13,CS3,SPREAD_TIGHT,,,,spread=0.0200 < 0.05 — cancelling
09:47:23,2018-08-16 09:32:16,CS1,SPREAD_TIGHT,,,,spread=0.0200 < 0.05 — cancelling
09:47:24,2018-08-16 09:32:16,CS2,SPREAD_TIGHT,,,,spread=0.0300 < 0.05 — cancelling
09:47:24,2018-08-16 09:32:16,CS3,SPREAD_TIGHT,,,,spread=0.0300 < 0.05 — cancelling
09:47:25,2018-08-16 09:32:18,CS1,SPREAD_TIGHT,,,,spread=0.0400 < 0.05 — cancelling
09:47:26,2018-08-16 09:32:18,CS2,SPREAD_TIGHT,,,,spread=0.0300 < 0.05 — cancelling
09:47:26,2018-08-16 09:32:18,CS3,SPREAD_TIGHT,,,,spread=0.0300 < 0.05 — cancelling
09:47:27,2018-08-16 09:32:19,CS1,SUBMIT,BUY,100.0,3,bid+1tick=100.0 spread=0.0800 pos=+0L
09:47:27,2018-08-16 09:32:19,CS1,SUBMIT,SELL,100.06,3,ask-1tick=100.06 spread=0.0800 pos=+0L
09:47:27,2018-08-16 09:32:19,CS1,STATUS,,,,bid=100.0(NEW) ask=100.06(NEW) spread=0.0800 pos=+0L
09:47:28,2018-08-16 09:32:19,CS2,SPREAD_TIGHT,,,,spread=0.0300 < 0.05 — cancelling
09:47:28,2018-08-16 09:32:21,CS3,SPREAD_TIGHT,,,,spread=0.0100 < 0.05 — cancelling
09:47:29,2018-08-16 09:32:22,CS1,SPREAD_TIGHT,,,,spread=0.0100 < 0.05 — cancelling
09:47:30,2018-08-16 09:32:22,CS2,SUBMIT,BUY,99.86,3,bid+1tick=99.86 spread=0.0700 pos=-3L
09:47:30,2018-08-16 09:32:22,CS2,SUBMIT,SELL,99.91,3,ask-1tick=99.91 spread=0.0700 pos=-3L
09:47:30,2018-08-16 09:32:22,CS2,STATUS,,,,bid=99.86(NEW) ask=99.91(NEW) spread=0.0700 pos=-3L
09:47:30,2018-08-16 09:32:22,CS3,SPREAD_TIGHT,,,,spread=0.0100 < 0.05 — cancelling
09:47:31,2018-08-16 09:32:24,CS1,SPREAD_TIGHT,,,,spread=0.0300 < 0.05 — cancelling
09:47:32,2018-08-16 09:32:24,CS2,SPREAD_TIGHT,,,,spread=0.0500 < 0.05 — cancelling
09:47:32,2018-08-16 09:32:24,CS3,SPREAD_TIGHT,,,,spread=0.0100 < 0.05 — cancelling
09:47:33,2018-08-16 09:32:26,CS1,SUBMIT,BUY,99.99,3,bid+1tick=99.99 spread=0.0900 pos=+0L
09:47:33,2018-08-16 09:32:26,CS1,SUBMIT,SELL,100.06,3,ask-1tick=100.06 spread=0.0900 pos=+0L
09:47:33,2018-08-16 09:32:26,CS1,STATUS,,,,bid=99.99(NEW) ask=100.06(NEW) spread=0.0900 pos=+0L
09:47:34,2018-08-16 09:32:26,CS2,SPREAD_TIGHT,,,,spread=0.0400 < 0.05 — cancelling
09:47:34,2018-08-16 09:32:26,CS3,SPREAD_TIGHT,,,,spread=0.0100 < 0.05 — cancelling
09:47:35,2018-08-16 09:32:26,CS1,CANCEL,BUY,99.99,,outside spread bid=99.99 ask=100.06
09:47:36,2018-08-16 09:32:26,CS1,CANCEL,SELL,100.06,,outside spread bid=99.99 ask=100.06
09:47:36,2018-08-16 09:32:26,CS1,SUBMIT,BUY,99.99,3,bid+1tick=99.99 spread=0.0900 pos=+0L
09:47:36,2018-08-16 09:32:26,CS1,SUBMIT,SELL,100.06,3,ask-1tick=100.06 spread=0.0900 pos=+0L
09:47:36,2018-08-16 09:32:26,CS1,STATUS,,,,bid=99.99(NEW) ask=100.06(NEW) spread=0.0900 pos=+0L
09:47:36,2018-08-16 09:32:26,CS2,SPREAD_TIGHT,,,,spread=0.0400 < 0.05 — cancelling
09:47:36,2018-08-16 09:32:29,CS3,SPREAD_TIGHT,,,,spread=0.0100 < 0.05 — cancelling
09:47:37,2018-08-16 09:32:29,CS1,CANCEL,BUY,99.99,,outside spread bid=99.99 ask=100.06
09:47:38,2018-08-16 09:32:29,CS1,CANCEL,SELL,100.06,,outside spread bid=99.99 ask=100.06
09:47:38,2018-08-16 09:32:29,CS1,SUBMIT,BUY,99.99,3,bid+1tick=99.99 spread=0.1300 pos=+0L
09:47:38,2018-08-16 09:32:29,CS1,SUBMIT,SELL,100.1,3,ask-1tick=100.1 spread=0.1300 pos=+0L
09:47:38,2018-08-16 09:32:29,CS1,STATUS,,,,bid=99.99(NEW) ask=100.1(NEW) spread=0.1300 pos=+0L
09:47:38,2018-08-16 09:32:29,CS2,SUBMIT,BUY,99.77,3,bid+1tick=99.77 spread=0.0800 pos=-3L
09:47:38,2018-08-16 09:32:29,CS2,SUBMIT,SELL,99.83,3,ask-1tick=99.83 spread=0.0800 pos=-3L
09:47:38,2018-08-16 09:32:29,CS2,STATUS,,,,bid=99.77(NEW) ask=99.83(NEW) spread=0.0800 pos=-3L
09:47:38,2018-08-16 09:32:31,CS3,SUBMIT,BUY,99.83,3,bid+1tick=99.83 spread=0.0600 pos=+1L
09:47:38,2018-08-16 09:32:31,CS3,SUBMIT,SELL,99.87,3,ask-1tick=99.87 spread=0.0600 pos=+1L
09:47:38,2018-08-16 09:32:31,CS3,STATUS,,,,bid=99.83(NEW) ask=99.87(NEW) spread=0.0600 pos=+1L
09:47:39,2018-08-16 09:32:32,CS1,SPREAD_TIGHT,,,,spread=0.0100 < 0.05 — cancelling
09:47:40,2018-08-16 09:32:33,CS2,SPREAD_TIGHT,,,,spread=0.0500 < 0.05 — cancelling
09:47:41,2018-08-16 09:32:33,CS3,SPREAD_TIGHT,,,,spread=0.0400 < 0.05 — cancelling
09:47:41,2018-08-16 09:32:34,CS1,SUBMIT,BUY,100.01,3,bid+1tick=100.01 spread=0.0800 pos=-3L
09:47:41,2018-08-16 09:32:34,CS1,SUBMIT,SELL,100.07,3,ask-1tick=100.07 spread=0.0800 pos=-3L
09:47:41,2018-08-16 09:32:34,CS1,STATUS,,,,bid=100.01(NEW) ask=100.07(NEW) spread=0.0800 pos=-3L
09:47:42,2018-08-16 09:32:34,CS2,SUBMIT,BUY,99.86,3,bid+1tick=99.86 spread=0.0700 pos=-3L
09:47:42,2018-08-16 09:32:34,CS2,SUBMIT,SELL,99.91,3,ask-1tick=99.91 spread=0.0700 pos=-3L
09:47:42,2018-08-16 09:32:34,CS2,STATUS,,,,bid=99.86(NEW) ask=99.91(NEW) spread=0.0700 pos=-3L
09:47:43,2018-08-16 09:32:34,CS3,SPREAD_TIGHT,,,,spread=0.0100 < 0.05 — cancelling
09:47:43,2018-08-16 09:32:36,CS1,SPREAD_TIGHT,,,,spread=0.0300 < 0.05 — cancelling
09:47:44,2018-08-16 09:32:37,CS2,SPREAD_TIGHT,,,,spread=0.0400 < 0.05 — cancelling
09:47:45,2018-08-16 09:32:37,CS3,SPREAD_TIGHT,,,,spread=0.0100 < 0.05 — cancelling
09:47:45,2018-08-16 09:32:38,CS1,SUBMIT,BUY,99.99,3,bid+1tick=99.99 spread=0.0600 pos=-3L
09:47:45,2018-08-16 09:32:38,CS1,SUBMIT,SELL,100.03,3,ask-1tick=100.03 spread=0.0600 pos=-3L
09:47:45,2018-08-16 09:32:38,CS1,STATUS,,,,bid=99.99(NEW) ask=100.03(NEW) spread=0.0600 pos=-3L
09:47:46,2018-08-16 09:32:39,CS2,SPREAD_TIGHT,,,,spread=0.0400 < 0.05 — cancelling
09:47:47,2018-08-16 09:32:39,CS3,SUBMIT,BUY,99.83,3,bid+1tick=99.83 spread=0.0700 pos=+1L
09:47:47,2018-08-16 09:32:39,CS3,SUBMIT,SELL,99.88,3,ask-1tick=99.88 spread=0.0700 pos=+1L
09:47:47,2018-08-16 09:32:39,CS3,STATUS,,,,bid=99.83(NEW) ask=99.88(NEW) spread=0.0700 pos=+1L
09:47:47,2018-08-16 09:32:39,CS1,SPREAD_TIGHT,,,,spread=0.0400 < 0.05 — cancelling
09:47:48,2018-08-16 09:32:39,CS2,SPREAD_TIGHT,,,,spread=0.0400 < 0.05 — cancelling
09:47:49,2018-08-16 09:32:39,CS3,SPREAD_TIGHT,,,,spread=0.0500 < 0.05 — cancelling
09:47:49,2018-08-16 09:32:42,CS1,SUBMIT,BUY,99.99,3,bid+1tick=99.99 spread=0.0600 pos=-3L
09:47:49,2018-08-16 09:32:42,CS1,SUBMIT,SELL,100.03,3,ask-1tick=100.03 spread=0.0600 pos=-3L
09:47:49,2018-08-16 09:32:42,CS1,STATUS,,,,bid=99.99(NEW) ask=100.03(NEW) spread=0.0600 pos=-3L
09:47:50,2018-08-16 09:32:42,CS2,SPREAD_TIGHT,,,,spread=0.0400 < 0.05 — cancelling
09:47:51,2018-08-16 09:32:42,CS3,SPREAD_TIGHT,,,,spread=0.0300 < 0.05 — cancelling
09:47:52,2018-08-16 09:32:44,CS1,SPREAD_TIGHT,,,,spread=0.0100 < 0.05 — cancelling
09:47:52,2018-08-16 09:32:44,CS2,SPREAD_TIGHT,,,,spread=0.0400 < 0.05 — cancelling
09:47:53,2018-08-16 09:32:46,CS3,SPREAD_TIGHT,,,,spread=0.0300 < 0.05 — cancelling
09:47:54,2018-08-16 09:32:46,CS1,SPREAD_TIGHT,,,,spread=0.0100 < 0.05 — cancelling
09:47:54,2018-08-16 09:32:46,CS2,SPREAD_TIGHT,,,,spread=0.0200 < 0.05 — cancelling
09:47:55,2018-08-16 09:32:47,CS3,SUBMIT,BUY,99.83,3,bid+1tick=99.83 spread=0.1000 pos=+1L
09:47:55,2018-08-16 09:32:47,CS3,SUBMIT,SELL,99.91,3,ask-1tick=99.91 spread=0.1000 pos=+1L
09:47:55,2018-08-16 09:32:47,CS3,STATUS,,,,bid=99.83(NEW) ask=99.91(NEW) spread=0.1000 pos=+1L
09:47:56,2018-08-16 09:32:47,CS1,SPREAD_TIGHT,,,,spread=0.0100 < 0.05 — cancelling
09:47:56,2018-08-16 09:32:47,CS2,SPREAD_TIGHT,,,,spread=0.0100 < 0.05 — cancelling
09:47:57,2018-08-16 09:32:47,CS3,SPREAD_TIGHT,,,,spread=0.0400 < 0.05 — cancelling
09:47:58,2018-08-16 09:32:47,CS1,SPREAD_TIGHT,,,,spread=0.0100 < 0.05 — cancelling
09:47:58,2018-08-16 09:32:51,CS2,SPREAD_TIGHT,,,,spread=0.0100 < 0.05 — cancelling
09:47:59,2018-08-16 09:32:51,CS3,SPREAD_TIGHT,,,,spread=0.0200 < 0.05 — cancelling
09:48:00,2018-08-16 09:32:52,CS1,SPREAD_TIGHT,,,,spread=0.0100 < 0.05 — cancelling
09:48:00,2018-08-16 09:32:53,CS2,SUBMIT,BUY,99.88,3,bid+1tick=99.88 spread=0.0700 pos=+0L
09:48:00,2018-08-16 09:32:53,CS2,SUBMIT,SELL,99.93,3,ask-1tick=99.93 spread=0.0700 pos=+0L
09:48:00,2018-08-16 09:32:53,CS2,STATUS,,,,bid=99.88(NEW) ask=99.93(NEW) spread=0.0700 pos=+0L
09:48:01,2018-08-16 09:32:53,CS3,SPREAD_TIGHT,,,,spread=0.0100 < 0.05 — cancelling
09:48:02,2018-08-16 09:32:54,CS1,SPREAD_TIGHT,,,,spread=0.0100 < 0.05 — cancelling
09:48:02,2018-08-16 09:32:55,CS2,CANCEL,BUY,99.88,,outside spread bid=99.88 ask=99.95
09:48:03,2018-08-16 09:32:55,CS2,SUBMIT,BUY,99.88,3,bid+1tick=99.88 spread=0.0800 pos=-3L
09:48:03,2018-08-16 09:32:55,CS2,SUBMIT,SELL,99.94,3,ask-1tick=99.94 spread=0.0800 pos=-3L
09:48:03,2018-08-16 09:32:55,CS2,STATUS,,,,bid=99.88(NEW) ask=99.94(NEW) spread=0.0800 pos=-3L
09:48:03,2018-08-16 09:32:56,CS3,SUBMIT,BUY,99.83,3,bid+1tick=99.83 spread=0.0600 pos=+1L
09:48:03,2018-08-16 09:32:56,CS3,SUBMIT,SELL,99.87,3,ask-1tick=99.87 spread=0.0600 pos=+1L
09:48:03,2018-08-16 09:32:56,CS3,STATUS,,,,bid=99.83(NEW) ask=99.87(NEW) spread=0.0600 pos=+1L
09:48:04,2018-08-16 09:32:57,CS1,SPREAD_TIGHT,,,,spread=0.0400 < 0.05 — cancelling
09:48:04,2018-08-16 09:32:57,CS2,SPREAD_TIGHT,,,,spread=0.0100 < 0.05 — cancelling
09:48:05,2018-08-16 09:32:57,CS3,SPREAD_TIGHT,,,,spread=0.0100 < 0.05 — cancelling
09:48:06,2018-08-16 09:32:58,CS1,SPREAD_TIGHT,,,,spread=0.0400 < 0.05 — cancelling
09:48:07,2018-08-16 09:32:59,CS2,SPREAD_TIGHT,,,,spread=0.0100 < 0.05 — cancelling
09:48:07,2018-08-16 09:33:00,CS3,SUBMIT,BUY,99.82,3,bid+1tick=99.82 spread=0.1400 pos=+1L
09:48:07,2018-08-16 09:33:00,CS3,SUBMIT,SELL,99.94,3,ask-1tick=99.94 spread=0.1400 pos=+1L
09:48:07,2018-08-16 09:33:00,CS3,STATUS,,,,bid=99.82(NEW) ask=99.94(NEW) spread=0.1400 pos=+1L
09:48:08,2018-08-16 09:33:00,CS1,SPREAD_TIGHT,,,,spread=0.0500 < 0.05 — cancelling
09:48:09,2018-08-16 09:33:01,CS2,SPREAD_TIGHT,,,,spread=0.0200 < 0.05 — cancelling
09:48:09,2018-08-16 09:33:01,CS3,SPREAD_TIGHT,,,,spread=0.0100 < 0.05 — cancelling
09:48:10,2018-08-16 09:33:01,CS1,SPREAD_TIGHT,,,,spread=0.0300 < 0.05 — cancelling
09:48:11,2018-08-16 09:33:01,CS2,SPREAD_TIGHT,,,,spread=0.0200 < 0.05 — cancelling
09:48:11,2018-08-16 09:33:04,CS3,SPREAD_TIGHT,,,,spread=0.0200 < 0.05 — cancelling
09:48:12,2018-08-16 09:33:04,CS1,SPREAD_TIGHT,,,,spread=0.0300 < 0.05 — cancelling
09:48:13,2018-08-16 09:33:04,CS2,SUBMIT,BUY,99.94,3,bid+1tick=99.94 spread=0.0600 pos=+0L
09:48:13,2018-08-16 09:33:04,CS2,SUBMIT,SELL,99.98,3,ask-1tick=99.98 spread=0.0600 pos=+0L
09:48:13,2018-08-16 09:33:04,CS2,STATUS,,,,bid=99.94(NEW) ask=99.98(NEW) spread=0.0600 pos=+0L
09:48:13,2018-08-16 09:33:06,CS3,SPREAD_TIGHT,,,,spread=0.0100 < 0.05 — cancelling
09:48:14,2018-08-16 09:33:06,CS1,SPREAD_TIGHT,,,,spread=0.0200 < 0.05 — cancelling
09:48:15,2018-08-16 09:33:06,CS2,SPREAD_TIGHT,,,,spread=0.0100 < 0.05 — cancelling
09:48:15,2018-08-16 09:33:06,CS3,SPREAD_TIGHT,,,,spread=0.0100 < 0.05 — cancelling
09:48:16,2018-08-16 09:33:09,CS1,SPREAD_TIGHT,,,,spread=0.0200 < 0.05 — cancelling
09:48:17,2018-08-16 09:33:09,CS2,SUBMIT,BUY,99.94,3,bid+1tick=99.94 spread=0.0600 pos=+0L
09:48:17,2018-08-16 09:33:09,CS2,SUBMIT,SELL,99.98,3,ask-1tick=99.98 spread=0.0600 pos=+0L
09:48:17,2018-08-16 09:33:09,CS2,STATUS,,,,bid=99.94(NEW) ask=99.98(NEW) spread=0.0600 pos=+0L
09:48:17,2018-08-16 09:33:09,CS3,SUBMIT,BUY,99.79,3,bid+1tick=99.79 spread=0.0600 pos=+1L
09:48:17,2018-08-16 09:33:09,CS3,SUBMIT,SELL,99.83,3,ask-1tick=99.83 spread=0.0600 pos=+1L
09:48:17,2018-08-16 09:33:09,CS3,STATUS,,,,bid=99.79(NEW) ask=99.83(NEW) spread=0.0600 pos=+1L
09:48:18,2018-08-16 09:33:11,CS1,SPREAD_TIGHT,,,,spread=0.0400 < 0.05 — cancelling
09:48:19,2018-08-16 09:33:11,CS2,SPREAD_TIGHT,,,,spread=0.0400 < 0.05 — cancelling
09:48:19,2018-08-16 09:33:12,CS3,SPREAD_TIGHT,,,,spread=0.0200 < 0.05 — cancelling
09:48:20,2018-08-16 09:33:13,CS1,SPREAD_TIGHT,,,,spread=0.0100 < 0.05 — cancelling
09:48:21,2018-08-16 09:33:13,CS2,SUBMIT,BUY,99.94,3,bid+1tick=99.94 spread=0.0600 pos=+3L
09:48:21,2018-08-16 09:33:13,CS2,SUBMIT,SELL,99.98,3,ask-1tick=99.98 spread=0.0600 pos=+3L
09:48:21,2018-08-16 09:33:13,CS2,STATUS,,,,bid=99.94(NEW) ask=99.98(NEW) spread=0.0600 pos=+3L
09:48:21,2018-08-16 09:33:13,CS3,SUBMIT,BUY,99.77,3,bid+1tick=99.77 spread=0.1000 pos=+1L
09:48:21,2018-08-16 09:33:13,CS3,SUBMIT,SELL,99.85,3,ask-1tick=99.85 spread=0.1000 pos=+1L
09:48:21,2018-08-16 09:33:13,CS3,STATUS,,,,bid=99.77(NEW) ask=99.85(NEW) spread=0.1000 pos=+1L
09:48:22,2018-08-16 09:33:13,CS1,SPREAD_TIGHT,,,,spread=0.0100 < 0.05 — cancelling
09:48:23,2018-08-16 09:33:13,CS2,SPREAD_TIGHT,,,,spread=0.0400 < 0.05 — cancelling
09:48:23,2018-08-16 09:33:16,CS3,SPREAD_TIGHT,,,,spread=0.0500 < 0.05 — cancelling
09:48:24,2018-08-16 09:33:16,CS1,SPREAD_TIGHT,,,,spread=0.0100 < 0.05 — cancelling
09:48:25,2018-08-16 09:33:18,CS2,SPREAD_TIGHT,,,,spread=0.0300 < 0.05 — cancelling
09:48:25,2018-08-16 09:33:18,CS3,SUBMIT,BUY,99.81,3,bid+1tick=99.81 spread=0.0600 pos=+1L
09:48:25,2018-08-16 09:33:18,CS3,SUBMIT,SELL,99.85,3,ask-1tick=99.85 spread=0.0600 pos=+1L
09:48:25,2018-08-16 09:33:18,CS3,STATUS,,,,bid=99.81(NEW) ask=99.85(NEW) spread=0.0600 pos=+1L
09:48:26,2018-08-16 09:33:19,CS1,SPREAD_TIGHT,,,,spread=0.0100 < 0.05 — cancelling
09:48:27,2018-08-16 09:33:19,CS2,SUBMIT,BUY,99.94,3,bid+1tick=99.94 spread=0.0600 pos=+3L
09:48:27,2018-08-16 09:33:19,CS2,SUBMIT,SELL,99.98,3,ask-1tick=99.98 spread=0.0600 pos=+3L
09:48:27,2018-08-16 09:33:19,CS2,STATUS,,,,bid=99.94(NEW) ask=99.98(NEW) spread=0.0600 pos=+3L
09:48:27,2018-08-16 09:33:19,CS3,SPREAD_TIGHT,,,,spread=0.0100 < 0.05 — cancelling
09:48:28,2018-08-16 09:33:21,CS1,SPREAD_TIGHT,,,,spread=0.0100 < 0.05 — cancelling
09:48:29,2018-08-16 09:33:21,CS2,SPREAD_TIGHT,,,,spread=0.0500 < 0.05 — cancelling
09:48:30,2018-08-16 09:33:21,CS3,SPREAD_TIGHT,,,,spread=0.0300 < 0.05 — cancelling
09:48:30,2018-08-16 09:33:21,CS1,SPREAD_TIGHT,,,,spread=0.0100 < 0.05 — cancelling
09:48:31,2018-08-16 09:33:21,CS2,SPREAD_TIGHT,,,,spread=0.0500 < 0.05 — cancelling
09:48:32,2018-08-16 09:33:24,CS3,SPREAD_TIGHT,,,,spread=0.0300 < 0.05 — cancelling
09:48:32,2018-08-16 09:33:25,CS1,SPREAD_TIGHT,,,,spread=0.0100 < 0.05 — cancelling
09:48:33,2018-08-16 09:33:26,CS2,SPREAD_TIGHT,,,,spread=0.0500 < 0.05 — cancelling
09:48:34,2018-08-16 09:33:26,CS3,SUBMIT,BUY,99.75,3,bid+1tick=99.75 spread=0.0800 pos=+1L
09:48:34,2018-08-16 09:33:26,CS3,SUBMIT,SELL,99.81,3,ask-1tick=99.81 spread=0.0800 pos=+1L
09:48:34,2018-08-16 09:33:26,CS3,STATUS,,,,bid=99.75(NEW) ask=99.81(NEW) spread=0.0800 pos=+1L
09:48:34,2018-08-16 09:33:27,CS1,SPREAD_TIGHT,,,,spread=0.0400 < 0.05 — cancelling
09:48:35,2018-08-16 09:33:28,CS2,SUBMIT,BUY,99.93,3,bid+1tick=99.93 spread=0.0700 pos=+0L
09:48:35,2018-08-16 09:33:28,CS2,SUBMIT,SELL,99.98,3,ask-1tick=99.98 spread=0.0700 pos=+0L
09:48:35,2018-08-16 09:33:28,CS2,STATUS,,,,bid=99.93(NEW) ask=99.98(NEW) spread=0.0700 pos=+0L
09:48:36,2018-08-16 09:33:28,CS3,CANCEL,BUY,99.75,,outside spread bid=99.75 ask=99.81
09:48:36,2018-08-16 09:33:28,CS3,CANCEL,SELL,99.81,,outside spread bid=99.75 ask=99.81
09:48:36,2018-08-16 09:33:28,CS3,SUBMIT,BUY,99.75,3,bid+1tick=99.75 spread=0.0800 pos=+1L
09:48:36,2018-08-16 09:33:28,CS3,SUBMIT,SELL,99.81,3,ask-1tick=99.81 spread=0.0800 pos=+1L
09:48:36,2018-08-16 09:33:28,CS3,STATUS,,,,bid=99.75(NEW) ask=99.81(NEW) spread=0.0800 pos=+1L
09:48:36,2018-08-16 09:33:28,CS1,SPREAD_TIGHT,,,,spread=0.0200 < 0.05 — cancelling
09:48:37,2018-08-16 09:33:28,CS2,SPREAD_TIGHT,,,,spread=0.0500 < 0.05 — cancelling
09:48:38,2018-08-16 09:33:28,CS3,CANCEL,BUY,99.75,,outside spread bid=99.75 ask=99.81
09:48:38,2018-08-16 09:33:28,CS3,CANCEL,SELL,99.81,,outside spread bid=99.75 ask=99.81
09:48:38,2018-08-16 09:33:28,CS3,SUBMIT,BUY,99.75,3,bid+1tick=99.75 spread=0.0500 pos=+1L
09:48:38,2018-08-16 09:33:28,CS3,SUBMIT,SELL,99.78,3,ask-1tick=99.78 spread=0.0500 pos=+1L
09:48:38,2018-08-16 09:33:28,CS3,STATUS,,,,bid=99.75(NEW) ask=99.78(NEW) spread=0.0500 pos=+1L
09:48:39,2018-08-16 09:33:31,CS1,SPREAD_TIGHT,,,,spread=0.0200 < 0.05 — cancelling
09:48:39,2018-08-16 09:33:31,CS2,SPREAD_TIGHT,,,,spread=0.0100 < 0.05 — cancelling
09:48:40,2018-08-16 09:33:31,CS3,SPREAD_TIGHT,,,,spread=0.0300 < 0.05 — cancelling
09:48:41,2018-08-16 09:33:33,CS1,SPREAD_TIGHT,,,,spread=0.0200 < 0.05 — cancelling
09:48:41,2018-08-16 09:33:33,CS2,SUBMIT,BUY,99.93,3,bid+1tick=99.93 spread=0.0700 pos=+0L
09:48:41,2018-08-16 09:33:33,CS2,SUBMIT,SELL,99.98,3,ask-1tick=99.98 spread=0.0700 pos=+0L
09:48:41,2018-08-16 09:33:33,CS2,STATUS,,,,bid=99.93(NEW) ask=99.98(NEW) spread=0.0700 pos=+0L
09:48:42,2018-08-16 09:33:33,CS3,SPREAD_TIGHT,,,,spread=0.0300 < 0.05 — cancelling
09:48:43,2018-08-16 09:33:35,CS1,SPREAD_TIGHT,,,,spread=0.0500 < 0.05 — cancelling
09:48:43,2018-08-16 09:33:35,CS2,SPREAD_TIGHT,,,,spread=0.0400 < 0.05 — cancelling
09:48:44,2018-08-16 09:33:35,CS3,SPREAD_TIGHT,,,,spread=0.0100 < 0.05 — cancelling
09:48:45,2018-08-16 09:33:38,CS1,SPREAD_TIGHT,,,,spread=0.0000 < 0.05 — cancelling
09:48:45,2018-08-16 09:33:38,CS2,SUBMIT,BUY,99.95,3,bid+1tick=99.95 spread=0.0900 pos=+3L
09:48:45,2018-08-16 09:33:38,CS2,SUBMIT,SELL,100.02,3,ask-1tick=100.02 spread=0.0900 pos=+3L
09:48:45,2018-08-16 09:33:38,CS2,STATUS,,,,bid=99.95(NEW) ask=100.02(NEW) spread=0.0900 pos=+3L
09:48:46,2018-08-16 09:33:39,CS3,SPREAD_TIGHT,,,,spread=0.0100 < 0.05 — cancelling
09:48:47,2018-08-16 09:33:39,CS1,SPREAD_TIGHT,,,,spread=0.0300 < 0.05 — cancelling
09:48:47,2018-08-16 09:33:40,CS2,CANCEL,BUY,99.95,,outside spread bid=99.95 ask=100.02
09:48:48,2018-08-16 09:33:40,CS2,CANCEL,SELL,100.02,,outside spread bid=99.95 ask=100.02
09:48:48,2018-08-16 09:33:40,CS2,SUBMIT,BUY,99.92,3,bid+1tick=99.92 spread=0.1200 pos=+3L
09:48:48,2018-08-16 09:33:40,CS2,SUBMIT,SELL,100.02,3,ask-1tick=100.02 spread=0.1200 pos=+3L
09:48:48,2018-08-16 09:33:40,CS2,STATUS,,,,bid=99.92(NEW) ask=100.02(NEW) spread=0.1200 pos=+3L
09:48:48,2018-08-16 09:33:40,CS3,SPREAD_TIGHT,,,,spread=0.0400 < 0.05 — cancelling
09:48:49,2018-08-16 09:33:42,CS1,SUBMIT,BUY,100.14,3,bid+1tick=100.14 spread=0.0700 pos=-6L
09:48:49,2018-08-16 09:33:42,CS1,SUBMIT,SELL,100.19,3,ask-1tick=100.19 spread=0.0700 pos=-6L
09:48:49,2018-08-16 09:33:42,CS1,STATUS,,,,bid=100.14(NEW) ask=100.19(NEW) spread=0.0700 pos=-6L
09:48:49,2018-08-16 09:33:42,CS2,SPREAD_TIGHT,,,,spread=0.0500 < 0.05 — cancelling
09:48:50,2018-08-16 09:33:42,CS3,SPREAD_TIGHT,,,,spread=0.0100 < 0.05 — cancelling
09:48:51,2018-08-16 09:33:42,CS1,SPREAD_TIGHT,,,,spread=0.0500 < 0.05 — cancelling
09:48:51,2018-08-16 09:33:42,CS2,SPREAD_TIGHT,,,,spread=0.0400 < 0.05 — cancelling
09:48:52,2018-08-16 09:33:45,CS3,SPREAD_TIGHT,,,,spread=0.0400 < 0.05 — cancelling
09:48:53,2018-08-16 09:33:46,CS1,SPREAD_TIGHT,,,,spread=0.0300 < 0.05 — cancelling
09:48:53,2018-08-16 09:33:46,CS2,SUBMIT,BUY,99.92,3,bid+1tick=99.92 spread=0.1100 pos=+0L
09:48:53,2018-08-16 09:33:46,CS2,SUBMIT,SELL,100.01,3,ask-1tick=100.01 spread=0.1100 pos=+0L
09:48:53,2018-08-16 09:33:46,CS2,STATUS,,,,bid=99.92(NEW) ask=100.01(NEW) spread=0.1100 pos=+0L
09:48:54,2018-08-16 09:33:47,CS3,SUBMIT,BUY,99.77,3,bid+1tick=99.77 spread=0.0600 pos=+1L
09:48:54,2018-08-16 09:33:47,CS3,SUBMIT,SELL,99.81,3,ask-1tick=99.81 spread=0.0600 pos=+1L
09:48:54,2018-08-16 09:33:47,CS3,STATUS,,,,bid=99.77(NEW) ask=99.81(NEW) spread=0.0600 pos=+1L
09:48:55,2018-08-16 09:33:47,CS1,SPREAD_TIGHT,,,,spread=0.0100 < 0.05 — cancelling
09:48:55,2018-08-16 09:33:47,CS2,CANCEL,SELL,100.01,,outside spread bid=99.96 ask=100.01
09:48:56,2018-08-16 09:33:47,CS2,SUBMIT,BUY,99.97,3,bid+1tick=99.97 spread=0.0700 pos=+3L
09:48:56,2018-08-16 09:33:47,CS2,SUBMIT,SELL,100.02,3,ask-1tick=100.02 spread=0.0700 pos=+3L
09:48:56,2018-08-16 09:33:47,CS2,STATUS,,,,bid=99.97(NEW) ask=100.02(NEW) spread=0.0700 pos=+3L
09:48:56,2018-08-16 09:33:49,CS3,SPREAD_TIGHT,,,,spread=0.0100 < 0.05 — cancelling
09:48:57,2018-08-16 09:33:50,CS1,SPREAD_TIGHT,,,,spread=0.0100 < 0.05 — cancelling
09:48:58,2018-08-16 09:33:50,CS2,SPREAD_TIGHT,,,,spread=0.0500 < 0.05 — cancelling
09:48:58,2018-08-16 09:33:51,CS3,SPREAD_TIGHT,,,,spread=0.0100 < 0.05 — cancelling
09:48:59,2018-08-16 09:33:51,CS1,SPREAD_TIGHT,,,,spread=0.0100 < 0.05 — cancelling
09:49:00,2018-08-16 09:33:51,CS2,SPREAD_TIGHT,,,,spread=0.0200 < 0.05 — cancelling
09:49:00,2018-08-16 09:33:51,CS3,SPREAD_TIGHT,,,,spread=0.0100 < 0.05 — cancelling
09:49:01,2018-08-16 09:33:54,CS1,SPREAD_TIGHT,,,,spread=0.0500 < 0.05 — cancelling
09:49:02,2018-08-16 09:33:54,CS2,SPREAD_TIGHT,,,,spread=0.0300 < 0.05 — cancelling
09:49:02,2018-08-16 09:33:55,CS3,SPREAD_TIGHT,,,,spread=0.0400 < 0.05 — cancelling
09:49:03,2018-08-16 09:33:55,CS1,SUBMIT,BUY,100.12,3,bid+1tick=100.12 spread=0.0900 pos=-6L
09:49:03,2018-08-16 09:33:55,CS1,SUBMIT,SELL,100.19,3,ask-1tick=100.19 spread=0.0900 pos=-6L
09:49:03,2018-08-16 09:33:55,CS1,STATUS,,,,bid=100.12(NEW) ask=100.19(NEW) spread=0.0900 pos=-6L
09:49:04,2018-08-16 09:33:57,CS2,SPREAD_TIGHT,,,,spread=0.0400 < 0.05 — cancelling
09:49:04,2018-08-16 09:33:57,CS3,SPREAD_TIGHT,,,,spread=0.0400 < 0.05 — cancelling
09:49:05,2018-08-16 09:33:58,CS1,CANCEL,SELL,100.19,,outside spread bid=100.11 ask=100.19
09:49:05,2018-08-16 09:33:58,CS1,SUBMIT,BUY,100.12,3,bid+1tick=100.12 spread=0.0900 pos=-3L
09:49:05,2018-08-16 09:33:58,CS1,SUBMIT,SELL,100.19,3,ask-1tick=100.19 spread=0.0900 pos=-3L
09:49:05,2018-08-16 09:33:58,CS1,STATUS,,,,bid=100.12(NEW) ask=100.19(NEW) spread=0.0900 pos=-3L
09:49:06,2018-08-16 09:33:58,CS2,SPREAD_TIGHT,,,,spread=0.0400 < 0.05 — cancelling
09:49:06,2018-08-16 09:33:59,CS3,SPREAD_TIGHT,,,,spread=0.0400 < 0.05 — cancelling
09:49:07,2018-08-16 09:34:00,CS1,CANCEL,BUY,100.12,,outside spread bid=100.12 ask=100.19
09:49:08,2018-08-16 09:34:00,CS1,CANCEL,SELL,100.19,,outside spread bid=100.12 ask=100.19
09:49:08,2018-08-16 09:34:00,CS1,SUBMIT,BUY,100.12,3,bid+1tick=100.12 spread=0.0900 pos=-3L
09:49:08,2018-08-16 09:34:00,CS1,SUBMIT,SELL,100.19,3,ask-1tick=100.19 spread=0.0900 pos=-3L
09:49:08,2018-08-16 09:34:00,CS1,STATUS,,,,bid=100.12(NEW) ask=100.19(NEW) spread=0.0900 pos=-3L
09:49:08,2018-08-16 09:34:00,CS2,SUBMIT,BUY,100.0,3,bid+1tick=100.0 spread=0.0700 pos=+3L
09:49:08,2018-08-16 09:34:00,CS2,SUBMIT,SELL,100.05,3,ask-1tick=100.05 spread=0.0700 pos=+3L
09:49:08,2018-08-16 09:34:00,CS2,STATUS,,,,bid=100.0(NEW) ask=100.05(NEW) spread=0.0700 pos=+3L
09:49:09,2018-08-16 09:34:01,CS3,SPREAD_TIGHT,,,,spread=0.0100 < 0.05 — cancelling
09:49:09,2018-08-16 09:34:02,CS1,SPREAD_TIGHT,,,,spread=0.0300 < 0.05 — cancelling
09:49:10,2018-08-16 09:34:03,CS2,SPREAD_TIGHT,,,,spread=0.0200 < 0.05 — cancelling
09:49:11,2018-08-16 09:34:03,CS3,SPREAD_TIGHT,,,,spread=0.0100 < 0.05 — cancelling
09:49:11,2018-08-16 09:34:04,CS1,SUBMIT,BUY,100.15,3,bid+1tick=100.15 spread=0.0600 pos=-3L
09:49:11,2018-08-16 09:34:04,CS1,SUBMIT,SELL,100.19,3,ask-1tick=100.19 spread=0.0600 pos=-3L
09:49:11,2018-08-16 09:34:04,CS1,STATUS,,,,bid=100.15(NEW) ask=100.19(NEW) spread=0.0600 pos=-3L
09:49:12,2018-08-16 09:34:04,CS2,SPREAD_TIGHT,,,,spread=0.0300 < 0.05 — cancelling
09:49:13,2018-08-16 09:34:05,CS3,SPREAD_TIGHT,,,,spread=0.0100 < 0.05 — cancelling
09:49:13,2018-08-16 09:34:06,CS1,SPREAD_TIGHT,,,,spread=0.0200 < 0.05 — cancelling
09:49:14,2018-08-16 09:34:07,CS2,SPREAD_TIGHT,,,,spread=0.0300 < 0.05 — cancelling
09:49:15,2018-08-16 09:34:07,CS3,SPREAD_TIGHT,,,,spread=0.0100 < 0.05 — cancelling
09:49:15,2018-08-16 09:34:08,CS1,SPREAD_TIGHT,,,,spread=0.0200 < 0.05 — cancelling
09:49:16,2018-08-16 09:34:08,CS2,SPREAD_TIGHT,,,,spread=0.0300 < 0.05 — cancelling
09:49:17,2018-08-16 09:34:09,CS3,SPREAD_TIGHT,,,,spread=0.0100 < 0.05 — cancelling
09:49:17,2018-08-16 09:34:10,CS1,SUBMIT,BUY,100.15,3,bid+1tick=100.15 spread=0.0600 pos=+0L
09:49:17,2018-08-16 09:34:10,CS1,SUBMIT,SELL,100.19,3,ask-1tick=100.19 spread=0.0600 pos=+0L
09:49:17,2018-08-16 09:34:10,CS1,STATUS,,,,bid=100.15(NEW) ask=100.19(NEW) spread=0.0600 pos=+0L
09:49:18,2018-08-16 09:34:10,CS2,SUBMIT,BUY,99.93,3,bid+1tick=99.93 spread=0.0700 pos=+0L
09:49:18,2018-08-16 09:34:10,CS2,SUBMIT,SELL,99.98,3,ask-1tick=99.98 spread=0.0700 pos=+0L
09:49:18,2018-08-16 09:34:10,CS2,STATUS,,,,bid=99.93(NEW) ask=99.98(NEW) spread=0.0700 pos=+0L
09:49:19,2018-08-16 09:34:11,CS3,SPREAD_TIGHT,,,,spread=0.0100 < 0.05 — cancelling
09:49:20,2018-08-16 09:34:12,CS1,SPREAD_TIGHT,,,,spread=0.0300 < 0.05 — cancelling
09:49:20,2018-08-16 09:34:13,CS2,SPREAD_TIGHT,,,,spread=0.0300 < 0.05 — cancelling
09:49:21,2018-08-16 09:34:14,CS3,SPREAD_TIGHT,,,,spread=0.0100 < 0.05 — cancelling
09:49:22,2018-08-16 09:34:14,CS1,SPREAD_TIGHT,,,,spread=0.0500 < 0.05 — cancelling
09:49:22,2018-08-16 09:34:14,CS2,SPREAD_TIGHT,,,,spread=0.0500 < 0.05 — cancelling
09:49:23,2018-08-16 09:34:14,CS3,SPREAD_TIGHT,,,,spread=0.0100 < 0.05 — cancelling
09:49:24,2018-08-16 09:34:16,CS1,SUBMIT,BUY,100.09,3,bid+1tick=100.09 spread=0.1000 pos=-3L
09:49:24,2018-08-16 09:34:16,CS1,SUBMIT,SELL,100.17,3,ask-1tick=100.17 spread=0.1000 pos=-3L
09:49:24,2018-08-16 09:34:16,CS1,STATUS,,,,bid=100.09(NEW) ask=100.17(NEW) spread=0.1000 pos=-3L
09:49:24,2018-08-16 09:34:17,CS2,SPREAD_TIGHT,,,,spread=0.0100 < 0.05 — cancelling
09:49:25,2018-08-16 09:34:17,CS3,SPREAD_TIGHT,,,,spread=0.0100 < 0.05 — cancelling
09:49:26,2018-08-16 09:34:17,CS1,SPREAD_TIGHT,,,,spread=0.0400 < 0.05 — cancelling
09:49:26,2018-08-16 09:34:17,CS2,SPREAD_TIGHT,,,,spread=0.0300 < 0.05 — cancelling
09:49:27,2018-08-16 09:34:17,CS3,SPREAD_TIGHT,,,,spread=0.0100 < 0.05 — cancelling
09:49:28,2018-08-16 09:34:17,CS1,SPREAD_TIGHT,,,,spread=0.0400 < 0.05 — cancelling
09:49:28,2018-08-16 09:34:21,CS2,SPREAD_TIGHT,,,,spread=0.0100 < 0.05 — cancelling
09:49:29,2018-08-16 09:34:22,CS3,SPREAD_TIGHT,,,,spread=0.0300 < 0.05 — cancelling
09:49:30,2018-08-16 09:34:23,CS1,SUBMIT,BUY,100.09,3,bid+1tick=100.09 spread=0.0600 pos=-3L
09:49:30,2018-08-16 09:34:23,CS1,SUBMIT,SELL,100.13,3,ask-1tick=100.13 spread=0.0600 pos=-3L
09:49:30,2018-08-16 09:34:23,CS1,STATUS,,,,bid=100.09(NEW) ask=100.13(NEW) spread=0.0600 pos=-3L
09:49:30,2018-08-16 09:34:23,CS2,SPREAD_TIGHT,,,,spread=0.0100 < 0.05 — cancelling
09:49:31,2018-08-16 09:34:23,CS3,SUBMIT,BUY,99.72,3,bid+1tick=99.72 spread=0.0700 pos=-2L
09:49:31,2018-08-16 09:34:23,CS3,SUBMIT,SELL,99.77,3,ask-1tick=99.77 spread=0.0700 pos=-2L
09:49:31,2018-08-16 09:34:23,CS3,STATUS,,,,bid=99.72(NEW) ask=99.77(NEW) spread=0.0700 pos=-2L
09:49:32,2018-08-16 09:34:23,CS1,SPREAD_TIGHT,,,,spread=0.0400 < 0.05 — cancelling
09:49:32,2018-08-16 09:34:25,CS2,SPREAD_TIGHT,,,,spread=0.0100 < 0.05 — cancelling
09:49:33,2018-08-16 09:34:25,CS3,SPREAD_TIGHT,,,,spread=0.0500 < 0.05 — cancelling
09:49:34,2018-08-16 09:34:27,CS1,SPREAD_TIGHT,,,,spread=-0.0100 < 0.05 — cancelling
09:49:34,2018-08-16 09:34:27,CS2,SPREAD_TIGHT,,,,spread=0.0300 < 0.05 — cancelling
09:49:35,2018-08-16 09:34:27,CS3,SPREAD_TIGHT,,,,spread=0.0500 < 0.05 — cancelling
09:49:36,2018-08-16 09:34:29,CS1,SPREAD_TIGHT,,,,spread=-0.0100 < 0.05 — cancelling
09:49:36,2018-08-16 09:34:29,CS2,SPREAD_TIGHT,,,,spread=0.0200 < 0.05 — cancelling
09:49:37,2018-08-16 09:34:30,CS3,SUBMIT,BUY,99.72,3,bid+1tick=99.72 spread=0.1100 pos=+1L
09:49:37,2018-08-16 09:34:30,CS3,SUBMIT,SELL,99.81,3,ask-1tick=99.81 spread=0.1100 pos=+1L
09:49:37,2018-08-16 09:34:30,CS3,STATUS,,,,bid=99.72(NEW) ask=99.81(NEW) spread=0.1100 pos=+1L
09:49:38,2018-08-16 09:34:31,CS1,SUBMIT,BUY,100.09,3,bid+1tick=100.09 spread=0.0600 pos=-3L
09:49:38,2018-08-16 09:34:31,CS1,SUBMIT,SELL,100.13,3,ask-1tick=100.13 spread=0.0600 pos=-3L
09:49:38,2018-08-16 09:34:31,CS1,STATUS,,,,bid=100.09(NEW) ask=100.13(NEW) spread=0.0600 pos=-3L
09:49:39,2018-08-16 09:34:31,CS2,SPREAD_TIGHT,,,,spread=0.0100 < 0.05 — cancelling
09:49:39,2018-08-16 09:34:31,CS3,CANCEL,BUY,99.72,,outside spread bid=99.74 ask=99.81
09:49:39,2018-08-16 09:34:31,CS3,CANCEL,SELL,99.81,,outside spread bid=99.74 ask=99.81
09:49:40,2018-08-16 09:34:31,CS3,SUBMIT,BUY,99.75,3,bid+1tick=99.75 spread=0.0700 pos=+1L
09:49:40,2018-08-16 09:34:31,CS3,SUBMIT,SELL,99.8,3,ask-1tick=99.8 spread=0.0700 pos=+1L
09:49:40,2018-08-16 09:34:31,CS3,STATUS,,,,bid=99.75(NEW) ask=99.8(NEW) spread=0.0700 pos=+1L
09:49:40,2018-08-16 09:34:32,CS1,SPREAD_TIGHT,,,,spread=-0.0100 < 0.05 — cancelling
09:49:41,2018-08-16 09:34:33,CS2,SPREAD_TIGHT,,,,spread=0.0200 < 0.05 — cancelling
09:49:41,2018-08-16 09:34:33,CS3,SPREAD_TIGHT,,,,spread=0.0500 < 0.05 — cancelling
09:49:42,2018-08-16 09:34:35,CS1,SUBMIT,BUY,100.1,3,bid+1tick=100.1 spread=0.0700 pos=-6L
09:49:42,2018-08-16 09:34:35,CS1,SUBMIT,SELL,100.15,3,ask-1tick=100.15 spread=0.0700 pos=-6L
09:49:42,2018-08-16 09:34:35,CS1,STATUS,,,,bid=100.1(NEW) ask=100.15(NEW) spread=0.0700 pos=-6L
09:49:43,2018-08-16 09:34:35,CS2,SPREAD_TIGHT,,,,spread=0.0200 < 0.05 — cancelling
09:49:43,2018-08-16 09:34:36,CS3,SUBMIT,BUY,99.71,3,bid+1tick=99.71 spread=0.1200 pos=+1L
09:49:43,2018-08-16 09:34:36,CS3,SUBMIT,SELL,99.81,3,ask-1tick=99.81 spread=0.1200 pos=+1L
09:49:43,2018-08-16 09:34:36,CS3,STATUS,,,,bid=99.71(NEW) ask=99.81(NEW) spread=0.1200 pos=+1L
09:49:44,2018-08-16 09:34:37,CS1,SPREAD_TIGHT,,,,spread=0.0100 < 0.05 — cancelling
09:49:45,2018-08-16 09:34:37,CS2,SUBMIT,BUY,99.98,3,bid+1tick=99.98 spread=0.0900 pos=-2L
09:49:45,2018-08-16 09:34:37,CS2,SUBMIT,SELL,100.05,3,ask-1tick=100.05 spread=0.0900 pos=-2L
09:49:45,2018-08-16 09:34:37,CS2,STATUS,,,,bid=99.98(NEW) ask=100.05(NEW) spread=0.0900 pos=-2L
09:49:45,2018-08-16 09:34:37,CS3,CANCEL,BUY,99.71,,outside spread bid=99.71 ask=99.78
09:49:46,2018-08-16 09:34:37,CS3,CANCEL,SELL,99.81,,outside spread bid=99.71 ask=99.78
09:49:46,2018-08-16 09:34:37,CS3,SUBMIT,BUY,99.71,3,bid+1tick=99.71 spread=0.0800 pos=+1L
09:49:46,2018-08-16 09:34:37,CS3,SUBMIT,SELL,99.77,3,ask-1tick=99.77 spread=0.0800 pos=+1L
09:49:46,2018-08-16 09:34:37,CS3,STATUS,,,,bid=99.71(NEW) ask=99.77(NEW) spread=0.0800 pos=+1L
09:49:46,2018-08-16 09:34:39,CS1,SPREAD_TIGHT,,,,spread=0.0400 < 0.05 — cancelling
09:49:47,2018-08-16 09:34:39,CS2,CANCEL,BUY,99.98,,outside spread bid=99.98 ask=100.06
09:49:47,2018-08-16 09:34:39,CS2,SUBMIT,BUY,99.98,3,bid+1tick=99.98 spread=0.0900 pos=-5L
09:49:47,2018-08-16 09:34:39,CS2,SUBMIT,SELL,100.05,3,ask-1tick=100.05 spread=0.0900 pos=-5L
09:49:47,2018-08-16 09:34:39,CS2,STATUS,,,,bid=99.98(NEW) ask=100.05(NEW) spread=0.0900 pos=-5L
09:49:47,2018-08-16 09:34:39,CS3,SPREAD_TIGHT,,,,spread=0.0200 < 0.05 — cancelling
09:49:48,2018-08-16 09:34:41,CS1,SPREAD_TIGHT,,,,spread=0.0400 < 0.05 — cancelling
09:49:49,2018-08-16 09:34:41,CS2,SPREAD_TIGHT,,,,spread=0.0100 < 0.05 — cancelling
09:49:49,2018-08-16 09:34:41,CS3,SPREAD_TIGHT,,,,spread=0.0200 < 0.05 — cancelling
09:49:50,2018-08-16 09:34:43,CS1,SPREAD_TIGHT,,,,spread=0.0100 < 0.05 — cancelling
09:49:51,2018-08-16 09:34:43,CS2,SPREAD_TIGHT,,,,spread=0.0200 < 0.05 — cancelling
09:49:52,2018-08-16 09:34:44,CS3,SPREAD_TIGHT,,,,spread=0.0200 < 0.05 — cancelling
09:49:52,2018-08-16 09:34:45,CS1,SPREAD_TIGHT,,,,spread=0.0400 < 0.05 — cancelling
09:49:53,2018-08-16 09:34:45,CS2,SPREAD_TIGHT,,,,spread=0.0200 < 0.05 — cancelling
09:49:54,2018-08-16 09:34:46,CS3,SPREAD_TIGHT,,,,spread=0.0500 < 0.05 — cancelling
09:49:54,2018-08-16 09:34:47,CS1,SPREAD_TIGHT,,,,spread=0.0100 < 0.05 — cancelling
09:49:55,2018-08-16 09:34:48,CS2,SUBMIT,BUY,100.01,3,bid+1tick=100.01 spread=0.0700 pos=-8L
09:49:55,2018-08-16 09:34:48,CS2,SUBMIT,SELL,100.06,3,ask-1tick=100.06 spread=0.0700 pos=-8L
09:49:55,2018-08-16 09:34:48,CS2,STATUS,,,,bid=100.01(NEW) ask=100.06(NEW) spread=0.0700 pos=-8L
09:49:56,2018-08-16 09:34:48,CS3,SPREAD_TIGHT,,,,spread=0.0500 < 0.05 — cancelling
09:49:56,2018-08-16 09:34:49,CS1,SPREAD_TIGHT,,,,spread=0.0100 < 0.05 — cancelling
09:49:57,2018-08-16 09:34:49,CS2,SPREAD_TIGHT,,,,spread=0.0200 < 0.05 — cancelling
09:49:58,2018-08-16 09:34:50,CS3,SUBMIT,BUY,99.76,3,bid+1tick=99.76 spread=0.0700 pos=+1L
09:49:58,2018-08-16 09:34:50,CS3,SUBMIT,SELL,99.81,3,ask-1tick=99.81 spread=0.0700 pos=+1L
09:49:58,2018-08-16 09:34:50,CS3,STATUS,,,,bid=99.76(NEW) ask=99.81(NEW) spread=0.0700 pos=+1L
09:49:58,2018-08-16 09:34:51,CS1,SPREAD_TIGHT,,,,spread=0.0100 < 0.05 — cancelling
09:49:59,2018-08-16 09:34:51,CS2,SPREAD_TIGHT,,,,spread=0.0200 < 0.05 — cancelling
09:50:00,2018-08-16 09:34:52,CS3,SPREAD_TIGHT,,,,spread=0.0100 < 0.05 — cancelling
09:50:01,2018-08-16 09:34:52,CS1,SPREAD_TIGHT,,,,spread=0.0100 < 0.05 — cancelling
09:50:01,2018-08-16 09:34:52,CS2,SPREAD_TIGHT,,,,spread=0.0200 < 0.05 — cancelling
09:50:02,2018-08-16 09:34:55,CS3,SPREAD_TIGHT,,,,spread=0.0200 < 0.05 — cancelling
09:50:03,2018-08-16 09:34:55,CS1,SPREAD_TIGHT,,,,spread=0.0400 < 0.05 — cancelling
09:50:03,2018-08-16 09:34:55,CS2,SUBMIT,BUY,100.1,3,bid+1tick=100.1 spread=0.0600 pos=-11L
09:50:03,2018-08-16 09:34:55,CS2,SUBMIT,SELL,100.14,3,ask-1tick=100.14 spread=0.0600 pos=-11L
09:50:03,2018-08-16 09:34:55,CS2,STATUS,,,,bid=100.1(NEW) ask=100.14(NEW) spread=0.0600 pos=-11L
09:50:04,2018-08-16 09:34:56,CS3,SPREAD_TIGHT,,,,spread=0.0100 < 0.05 — cancelling
09:50:05,2018-08-16 09:34:56,CS1,SPREAD_TIGHT,,,,spread=0.0200 < 0.05 — cancelling
09:50:05,2018-08-16 09:34:56,CS2,SPREAD_TIGHT,,,,spread=0.0100 < 0.05 — cancelling
09:50:06,2018-08-16 09:34:56,CS3,SPREAD_TIGHT,,,,spread=0.0100 < 0.05 — cancelling
09:50:07,2018-08-16 09:34:56,CS1,SPREAD_TIGHT,,,,spread=0.0200 < 0.05 — cancelling
09:50:07,2018-08-16 09:35:00,CS2,SPREAD_TIGHT,,,,spread=0.0200 < 0.05 — cancelling
09:50:08,2018-08-16 09:35:00,CS3,SPREAD_TIGHT,,,,spread=0.0300 < 0.05 — cancelling
09:50:09,2018-08-16 09:35:01,CS1,SPREAD_TIGHT,,,,spread=0.0000 < 0.05 — cancelling
09:50:09,2018-08-16 09:35:01,CS2,SUBMIT,BUY,100.06,3,bid+1tick=100.06 spread=0.0600 pos=-14L
09:50:09,2018-08-16 09:35:01,CS2,SUBMIT,SELL,100.1,3,ask-1tick=100.1 spread=0.0600 pos=-14L
09:50:09,2018-08-16 09:35:01,CS2,STATUS,,,,bid=100.06(NEW) ask=100.1(NEW) spread=0.0600 pos=-14L
09:50:10,2018-08-16 09:35:03,CS3,SPREAD_TIGHT,,,,spread=0.0200 < 0.05 — cancelling
09:50:11,2018-08-16 09:35:04,CS1,SPREAD_TIGHT,,,,spread=0.0000 < 0.05 — cancelling
09:50:11,2018-08-16 09:35:04,CS2,CANCEL,BUY,100.06,,outside spread bid=100.07 ask=100.16
09:50:12,2018-08-16 09:35:04,CS2,SUBMIT,BUY,100.08,3,bid+1tick=100.08 spread=0.0900 pos=-17L
09:50:12,2018-08-16 09:35:04,CS2,SUBMIT,SELL,100.15,3,ask-1tick=100.15 spread=0.0900 pos=-17L
09:50:12,2018-08-16 09:35:04,CS2,STATUS,,,,bid=100.08(NEW) ask=100.15(NEW) spread=0.0900 pos=-17L
09:50:12,2018-08-16 09:35:04,CS3,SUBMIT,BUY,99.74,3,bid+1tick=99.74 spread=0.1000 pos=+1L
09:50:12,2018-08-16 09:35:04,CS3,SUBMIT,SELL,99.82,3,ask-1tick=99.82 spread=0.1000 pos=+1L
09:50:12,2018-08-16 09:35:04,CS3,STATUS,,,,bid=99.74(NEW) ask=99.82(NEW) spread=0.1000 pos=+1L
09:50:13,2018-08-16 09:35:05,CS1,SPREAD_TIGHT,,,,spread=0.0400 < 0.05 — cancelling
09:50:13,2018-08-16 09:35:05,CS2,CANCEL,BUY,100.08,,outside spread bid=100.1 ask=100.19
09:50:14,2018-08-16 09:35:05,CS2,SUBMIT,BUY,100.11,3,bid+1tick=100.11 spread=0.0900 pos=-20L
09:50:14,2018-08-16 09:35:05,CS2,SUBMIT,SELL,100.18,3,ask-1tick=100.18 spread=0.0900 pos=-20L
09:50:14,2018-08-16 09:35:05,CS2,STATUS,,,,bid=100.11(NEW) ask=100.18(NEW) spread=0.0900 pos=-20L
09:50:14,2018-08-16 09:35:07,CS3,CANCEL,BUY,99.74,,outside spread bid=99.74 ask=99.82
09:50:14,2018-08-16 09:35:07,CS3,CANCEL,SELL,99.82,,outside spread bid=99.74 ask=99.82
09:50:15,2018-08-16 09:35:07,CS3,SUBMIT,BUY,99.74,3,bid+1tick=99.74 spread=0.1000 pos=+1L
09:50:15,2018-08-16 09:35:07,CS3,SUBMIT,SELL,99.82,3,ask-1tick=99.82 spread=0.1000 pos=+1L
09:50:15,2018-08-16 09:35:07,CS3,STATUS,,,,bid=99.74(NEW) ask=99.82(NEW) spread=0.1000 pos=+1L
09:50:15,2018-08-16 09:35:07,CS1,SPREAD_TIGHT,,,,spread=0.0200 < 0.05 — cancelling
09:50:16,2018-08-16 09:35:07,CS2,SPREAD_TIGHT,,,,spread=0.0100 < 0.05 — cancelling
09:50:16,2018-08-16 09:35:07,CS3,SPREAD_TIGHT,,,,spread=0.0300 < 0.05 — cancelling
09:50:17,2018-08-16 09:35:09,CS1,SPREAD_TIGHT,,,,spread=0.0400 < 0.05 — cancelling
09:50:18,2018-08-16 09:35:09,CS2,SPREAD_TIGHT,,,,spread=0.0200 < 0.05 — cancelling
09:50:18,2018-08-16 09:35:11,CS3,SPREAD_TIGHT,,,,spread=0.0400 < 0.05 — cancelling
09:50:19,2018-08-16 09:35:12,CS1,SPREAD_TIGHT,,,,spread=0.0500 < 0.05 — cancelling
09:50:20,2018-08-16 09:35:12,CS2,SPREAD_TIGHT,,,,spread=0.0400 < 0.05 — cancelling
09:50:20,2018-08-16 09:35:12,CS3,SPREAD_TIGHT,,,,spread=0.0400 < 0.05 — cancelling
09:50:21,2018-08-16 09:35:12,CS1,SPREAD_TIGHT,,,,spread=0.0300 < 0.05 — cancelling
09:50:22,2018-08-16 09:35:14,CS2,SPREAD_TIGHT,,,,spread=0.0400 < 0.05 — cancelling
09:50:22,2018-08-16 09:35:14,CS3,SPREAD_TIGHT,,,,spread=0.0200 < 0.05 — cancelling
09:50:23,2018-08-16 09:35:16,CS1,SPREAD_TIGHT,,,,spread=0.0300 < 0.05 — cancelling
09:50:24,2018-08-16 09:35:16,CS2,SPREAD_TIGHT,,,,spread=0.0400 < 0.05 — cancelling
09:50:24,2018-08-16 09:35:16,CS3,SPREAD_TIGHT,,,,spread=0.0400 < 0.05 — cancelling
09:50:25,2018-08-16 09:35:16,CS1,SPREAD_TIGHT,,,,spread=0.0200 < 0.05 — cancelling
09:50:26,2018-08-16 09:35:19,CS2,SPREAD_TIGHT,,,,spread=0.0400 < 0.05 — cancelling
09:50:26,2018-08-16 09:35:19,CS3,SPREAD_TIGHT,,,,spread=0.0400 < 0.05 — cancelling
09:50:27,2018-08-16 09:35:20,CS1,SPREAD_TIGHT,,,,spread=0.0300 < 0.05 — cancelling
09:50:28,2018-08-16 09:35:20,CS2,SPREAD_TIGHT,,,,spread=0.0100 < 0.05 — cancelling
09:50:28,2018-08-16 09:35:21,CS3,SPREAD_TIGHT,,,,spread=0.0400 < 0.05 — cancelling
09:50:29,2018-08-16 09:35:22,CS1,SPREAD_TIGHT,,,,spread=0.0500 < 0.05 — cancelling
09:50:30,2018-08-16 09:35:22,CS2,SPREAD_TIGHT,,,,spread=0.0100 < 0.05 — cancelling
09:50:31,2018-08-16 09:35:23,CS3,SPREAD_TIGHT,,,,spread=0.0100 < 0.05 — cancelling
09:50:31,2018-08-16 09:35:23,CS1,SPREAD_TIGHT,,,,spread=0.0500 < 0.05 — cancelling
09:50:32,2018-08-16 09:35:25,CS2,SPREAD_TIGHT,,,,spread=0.0400 < 0.05 — cancelling
09:50:33,2018-08-16 09:35:25,CS3,SPREAD_TIGHT,,,,spread=0.0100 < 0.05 — cancelling
09:50:33,2018-08-16 09:35:26,CS1,SPREAD_TIGHT,,,,spread=0.0200 < 0.05 — cancelling
09:50:34,2018-08-16 09:35:27,CS2,SPREAD_TIGHT,,,,spread=0.0200 < 0.05 — cancelling
09:50:35,2018-08-16 09:35:27,CS3,SUBMIT,BUY,99.69,3,bid+1tick=99.69 spread=0.1100 pos=+1L
09:50:35,2018-08-16 09:35:27,CS3,SUBMIT,SELL,99.78,3,ask-1tick=99.78 spread=0.1100 pos=+1L
09:50:35,2018-08-16 09:35:27,CS3,STATUS,,,,bid=99.69(NEW) ask=99.78(NEW) spread=0.1100 pos=+1L
09:50:35,2018-08-16 09:35:28,CS1,SUBMIT,BUY,100.13,3,bid+1tick=100.13 spread=0.0800 pos=-9L
09:50:35,2018-08-16 09:35:28,CS1,SUBMIT,SELL,100.19,3,ask-1tick=100.19 spread=0.0800 pos=-9L
09:50:35,2018-08-16 09:35:28,CS1,STATUS,,,,bid=100.13(NEW) ask=100.19(NEW) spread=0.0800 pos=-9L
09:50:36,2018-08-16 09:35:28,CS2,SPREAD_TIGHT,,,,spread=0.0200 < 0.05 — cancelling
09:50:37,2018-08-16 09:35:28,CS3,CANCEL,BUY,99.69,,outside spread bid=99.69 ask=99.78
09:50:37,2018-08-16 09:35:28,CS3,CANCEL,SELL,99.78,,outside spread bid=99.69 ask=99.78
09:50:37,2018-08-16 09:35:28,CS3,SUBMIT,BUY,99.69,3,bid+1tick=99.69 spread=0.1100 pos=+1L
09:50:37,2018-08-16 09:35:28,CS3,SUBMIT,SELL,99.78,3,ask-1tick=99.78 spread=0.1100 pos=+1L
09:50:37,2018-08-16 09:35:28,CS3,STATUS,,,,bid=99.69(NEW) ask=99.78(NEW) spread=0.1100 pos=+1L
09:50:38,2018-08-16 09:35:28,CS1,CANCEL,BUY,100.13,,outside spread bid=100.13 ask=100.19
09:50:38,2018-08-16 09:35:28,CS1,CANCEL,SELL,100.19,,outside spread bid=100.13 ask=100.19
09:50:38,2018-08-16 09:35:28,CS1,SUBMIT,BUY,100.1,3,bid+1tick=100.1 spread=0.1100 pos=-9L
09:50:38,2018-08-16 09:35:28,CS1,SUBMIT,SELL,100.19,3,ask-1tick=100.19 spread=0.1100 pos=-9L
09:50:38,2018-08-16 09:35:28,CS1,STATUS,,,,bid=100.1(NEW) ask=100.19(NEW) spread=0.1100 pos=-9L
09:50:38,2018-08-16 09:35:28,CS2,SUBMIT,BUY,100.17,3,bid+1tick=100.17 spread=0.0600 pos=-17L
09:50:38,2018-08-16 09:35:28,CS2,SUBMIT,SELL,100.21,3,ask-1tick=100.21 spread=0.0600 pos=-17L
09:50:38,2018-08-16 09:35:28,CS2,STATUS,,,,bid=100.17(NEW) ask=100.21(NEW) spread=0.0600 pos=-17L
09:50:39,2018-08-16 09:35:31,CS3,SPREAD_TIGHT,,,,spread=0.0500 < 0.05 — cancelling
09:50:40,2018-08-16 09:35:31,CS1,CANCEL,BUY,100.1,,outside spread bid=100.1 ask=100.15
09:50:40,2018-08-16 09:35:31,CS1,CANCEL,SELL,100.19,,outside spread bid=100.1 ask=100.15
09:50:40,2018-08-16 09:35:31,CS1,SUBMIT,BUY,100.1,3,bid+1tick=100.1 spread=0.0600 pos=-9L
09:50:40,2018-08-16 09:35:31,CS1,SUBMIT,SELL,100.14,3,ask-1tick=100.14 spread=0.0600 pos=-9L
09:50:40,2018-08-16 09:35:31,CS1,STATUS,,,,bid=100.1(NEW) ask=100.14(NEW) spread=0.0600 pos=-9L
09:50:40,2018-08-16 09:35:31,CS2,SPREAD_TIGHT,,,,spread=0.0500 < 0.05 — cancelling
09:50:41,2018-08-16 09:35:31,CS3,SUBMIT,BUY,99.74,3,bid+1tick=99.74 spread=0.0600 pos=+1L
09:50:41,2018-08-16 09:35:31,CS3,SUBMIT,SELL,99.78,3,ask-1tick=99.78 spread=0.0600 pos=+1L
09:50:41,2018-08-16 09:35:31,CS3,STATUS,,,,bid=99.74(NEW) ask=99.78(NEW) spread=0.0600 pos=+1L
09:50:42,2018-08-16 09:35:34,CS1,SPREAD_TIGHT,,,,spread=0.0400 < 0.05 — cancelling
09:50:42,2018-08-16 09:35:34,CS2,SUBMIT,BUY,100.17,3,bid+1tick=100.17 spread=0.0600 pos=-14L
09:50:42,2018-08-16 09:35:34,CS2,SUBMIT,SELL,100.21,3,ask-1tick=100.21 spread=0.0600 pos=-14L
09:50:42,2018-08-16 09:35:34,CS2,STATUS,,,,bid=100.17(NEW) ask=100.21(NEW) spread=0.0600 pos=-14L
09:50:43,2018-08-16 09:35:34,CS3,SPREAD_TIGHT,,,,spread=0.0300 < 0.05 — cancelling
09:50:44,2018-08-16 09:35:36,CS1,SPREAD_TIGHT,,,,spread=0.0400 < 0.05 — cancelling
09:50:44,2018-08-16 09:35:36,CS2,SPREAD_TIGHT,,,,spread=0.0300 < 0.05 — cancelling
09:50:45,2018-08-16 09:35:36,CS3,SPREAD_TIGHT,,,,spread=0.0200 < 0.05 — cancelling
09:50:46,2018-08-16 09:35:39,CS1,SPREAD_TIGHT,,,,spread=0.0400 < 0.05 — cancelling
09:50:46,2018-08-16 09:35:39,CS2,SPREAD_TIGHT,,,,spread=0.0400 < 0.05 — cancelling
09:50:47,2018-08-16 09:35:40,CS3,SUBMIT,BUY,99.75,3,bid+1tick=99.75 spread=0.0900 pos=+4L
09:50:47,2018-08-16 09:35:40,CS3,SUBMIT,SELL,99.82,3,ask-1tick=99.82 spread=0.0900 pos=+4L
09:50:47,2018-08-16 09:35:40,CS3,STATUS,,,,bid=99.75(NEW) ask=99.82(NEW) spread=0.0900 pos=+4L
09:50:48,2018-08-16 09:35:40,CS1,SUBMIT,BUY,100.14,3,bid+1tick=100.14 spread=0.0700 pos=-9L
09:50:48,2018-08-16 09:35:40,CS1,SUBMIT,SELL,100.19,3,ask-1tick=100.19 spread=0.0700 pos=-9L
09:50:48,2018-08-16 09:35:40,CS1,STATUS,,,,bid=100.14(NEW) ask=100.19(NEW) spread=0.0700 pos=-9L
09:50:48,2018-08-16 09:35:41,CS2,SPREAD_TIGHT,,,,spread=0.0400 < 0.05 — cancelling
09:50:49,2018-08-16 09:35:41,CS3,CANCEL,BUY,99.75,,outside spread bid=99.75 ask=99.85
09:50:49,2018-08-16 09:35:41,CS3,SUBMIT,BUY,99.75,3,bid+1tick=99.75 spread=0.1100 pos=+1L
09:50:49,2018-08-16 09:35:41,CS3,SUBMIT,SELL,99.84,3,ask-1tick=99.84 spread=0.1100 pos=+1L
09:50:49,2018-08-16 09:35:41,CS3,STATUS,,,,bid=99.75(NEW) ask=99.84(NEW) spread=0.1100 pos=+1L
09:50:50,2018-08-16 09:35:41,CS1,SPREAD_TIGHT,,,,spread=0.0300 < 0.05 — cancelling
09:50:51,2018-08-16 09:35:43,CS2,SPREAD_TIGHT,,,,spread=0.0400 < 0.05 — cancelling
09:50:51,2018-08-16 09:35:43,CS3,CANCEL,BUY,99.75,,outside spread bid=99.75 ask=99.84
09:50:51,2018-08-16 09:35:43,CS3,CANCEL,SELL,99.84,,outside spread bid=99.75 ask=99.84
09:50:52,2018-08-16 09:35:43,CS3,SUBMIT,BUY,99.76,3,bid+1tick=99.76 spread=0.0900 pos=+1L
09:50:52,2018-08-16 09:35:43,CS3,SUBMIT,SELL,99.83,3,ask-1tick=99.83 spread=0.0900 pos=+1L
09:50:52,2018-08-16 09:35:43,CS3,STATUS,,,,bid=99.76(NEW) ask=99.83(NEW) spread=0.0900 pos=+1L
09:50:52,2018-08-16 09:35:43,CS1,SUBMIT,BUY,100.14,3,bid+1tick=100.14 spread=0.0700 pos=-9L
09:50:52,2018-08-16 09:35:43,CS1,SUBMIT,SELL,100.19,3,ask-1tick=100.19 spread=0.0700 pos=-9L
09:50:52,2018-08-16 09:35:43,CS1,STATUS,,,,bid=100.14(NEW) ask=100.19(NEW) spread=0.0700 pos=-9L
09:50:53,2018-08-16 09:35:43,CS2,SUBMIT,BUY,100.17,3,bid+1tick=100.17 spread=0.0600 pos=-14L
09:50:53,2018-08-16 09:35:43,CS2,SUBMIT,SELL,100.21,3,ask-1tick=100.21 spread=0.0600 pos=-14L
09:50:53,2018-08-16 09:35:43,CS2,STATUS,,,,bid=100.17(NEW) ask=100.21(NEW) spread=0.0600 pos=-14L
09:50:53,2018-08-16 09:35:46,CS3,CANCEL,BUY,99.76,,outside spread bid=99.76 ask=99.83
09:50:53,2018-08-16 09:35:46,CS3,CANCEL,SELL,99.83,,outside spread bid=99.76 ask=99.83
09:50:54,2018-08-16 09:35:46,CS3,SUBMIT,BUY,99.75,3,bid+1tick=99.75 spread=0.1300 pos=+1L
09:50:54,2018-08-16 09:35:46,CS3,SUBMIT,SELL,99.86,3,ask-1tick=99.86 spread=0.1300 pos=+1L
09:50:54,2018-08-16 09:35:46,CS3,STATUS,,,,bid=99.75(NEW) ask=99.86(NEW) spread=0.1300 pos=+1L
09:50:54,2018-08-16 09:35:46,CS1,SPREAD_TIGHT,,,,spread=0.0300 < 0.05 — cancelling
09:50:55,2018-08-16 09:35:46,CS2,SPREAD_TIGHT,,,,spread=0.0500 < 0.05 — cancelling
09:50:55,2018-08-16 09:35:46,CS3,SPREAD_TIGHT,,,,spread=0.0500 < 0.05 — cancelling
09:50:56,2018-08-16 09:35:46,CS1,SPREAD_TIGHT,,,,spread=0.0400 < 0.05 — cancelling
09:50:57,2018-08-16 09:35:46,CS2,SPREAD_TIGHT,,,,spread=0.0500 < 0.05 — cancelling
09:50:57,2018-08-16 09:35:50,CS3,SUBMIT,BUY,99.82,3,bid+1tick=99.82 spread=0.0600 pos=+1L
09:50:57,2018-08-16 09:35:50,CS3,SUBMIT,SELL,99.86,3,ask-1tick=99.86 spread=0.0600 pos=+1L
09:50:57,2018-08-16 09:35:50,CS3,STATUS,,,,bid=99.82(NEW) ask=99.86(NEW) spread=0.0600 pos=+1L
09:50:58,2018-08-16 09:35:51,CS1,SUBMIT,BUY,100.14,3,bid+1tick=100.14 spread=0.0700 pos=-9L
09:50:58,2018-08-16 09:35:51,CS1,SUBMIT,SELL,100.19,3,ask-1tick=100.19 spread=0.0700 pos=-9L
09:50:58,2018-08-16 09:35:51,CS1,STATUS,,,,bid=100.14(NEW) ask=100.19(NEW) spread=0.0700 pos=-9L
09:50:59,2018-08-16 09:35:51,CS2,SPREAD_TIGHT,,,,spread=0.0500 < 0.05 — cancelling
09:50:59,2018-08-16 09:35:52,CS3,SPREAD_TIGHT,,,,spread=0.0500 < 0.05 — cancelling
09:51:00,2018-08-16 09:35:52,CS1,SPREAD_TIGHT,,,,spread=0.0100 < 0.05 — cancelling
09:51:01,2018-08-16 09:35:52,CS2,SPREAD_TIGHT,,,,spread=0.0500 < 0.05 — cancelling
09:51:01,2018-08-16 09:35:54,CS3,SPREAD_TIGHT,,,,spread=0.0100 < 0.05 — cancelling
09:51:02,2018-08-16 09:35:54,CS1,SPREAD_TIGHT,,,,spread=0.0100 < 0.05 — cancelling
09:51:03,2018-08-16 09:35:54,CS2,SUBMIT,BUY,100.17,3,bid+1tick=100.17 spread=0.0800 pos=-17L
09:51:03,2018-08-16 09:35:54,CS2,SUBMIT,SELL,100.23,3,ask-1tick=100.23 spread=0.0800 pos=-17L
09:51:03,2018-08-16 09:35:54,CS2,STATUS,,,,bid=100.17(NEW) ask=100.23(NEW) spread=0.0800 pos=-17L
09:51:03,2018-08-16 09:35:56,CS3,SPREAD_TIGHT,,,,spread=0.0100 < 0.05 — cancelling
09:51:04,2018-08-16 09:35:56,CS1,SPREAD_TIGHT,,,,spread=0.0200 < 0.05 — cancelling
09:51:05,2018-08-16 09:35:57,CS2,SPREAD_TIGHT,,,,spread=0.0400 < 0.05 — cancelling
09:51:05,2018-08-16 09:35:58,CS3,SPREAD_TIGHT,,,,spread=0.0100 < 0.05 — cancelling
09:51:06,2018-08-16 09:35:59,CS1,SPREAD_TIGHT,,,,spread=0.0100 < 0.05 — cancelling
09:51:07,2018-08-16 09:35:59,CS2,SUBMIT,BUY,100.17,3,bid+1tick=100.17 spread=0.0800 pos=-17L
09:51:07,2018-08-16 09:35:59,CS2,SUBMIT,SELL,100.23,3,ask-1tick=100.23 spread=0.0800 pos=-17L
09:51:07,2018-08-16 09:35:59,CS2,STATUS,,,,bid=100.17(NEW) ask=100.23(NEW) spread=0.0800 pos=-17L
09:51:07,2018-08-16 09:35:59,CS3,SPREAD_TIGHT,,,,spread=0.0100 < 0.05 — cancelling
09:51:08,2018-08-16 09:35:59,CS1,SPREAD_TIGHT,,,,spread=0.0100 < 0.05 — cancelling
09:51:09,2018-08-16 09:36:01,CS2,SPREAD_TIGHT,,,,spread=0.0500 < 0.05 — cancelling
09:51:10,2018-08-16 09:36:01,CS3,SPREAD_TIGHT,,,,spread=0.0300 < 0.05 — cancelling
09:51:10,2018-08-16 09:36:03,CS1,SPREAD_TIGHT,,,,spread=0.0100 < 0.05 — cancelling
09:51:11,2018-08-16 09:36:03,CS2,SUBMIT,BUY,100.19,3,bid+1tick=100.19 spread=0.0800 pos=-17L
09:51:11,2018-08-16 09:36:03,CS2,SUBMIT,SELL,100.25,3,ask-1tick=100.25 spread=0.0800 pos=-17L
09:51:11,2018-08-16 09:36:03,CS2,STATUS,,,,bid=100.19(NEW) ask=100.25(NEW) spread=0.0800 pos=-17L
09:51:12,2018-08-16 09:36:03,CS3,SPREAD_TIGHT,,,,spread=0.0300 < 0.05 — cancelling
09:51:12,2018-08-16 09:36:05,CS1,SUBMIT,BUY,100.18,3,bid+1tick=100.18 spread=0.0600 pos=-6L
09:51:12,2018-08-16 09:36:05,CS1,SUBMIT,SELL,100.22,3,ask-1tick=100.22 spread=0.0600 pos=-6L
09:51:12,2018-08-16 09:36:05,CS1,STATUS,,,,bid=100.18(NEW) ask=100.22(NEW) spread=0.0600 pos=-6L
09:51:13,2018-08-16 09:36:05,CS2,CANCEL,BUY,100.19,,outside spread bid=100.19 ask=100.25
09:51:13,2018-08-16 09:36:05,CS2,CANCEL,SELL,100.25,,outside spread bid=100.19 ask=100.25
09:51:14,2018-08-16 09:36:05,CS3,SPREAD_TIGHT,,,,spread=0.0300 < 0.05 — cancelling
09:51:14,2018-08-16 09:36:06,CS1,SUBMIT,BUY,100.18,3,bid+1tick=100.18 spread=0.0600 pos=-6L
09:51:14,2018-08-16 09:36:06,CS1,SUBMIT,SELL,100.22,3,ask-1tick=100.22 spread=0.0600 pos=-6L
09:51:14,2018-08-16 09:36:06,CS1,STATUS,,,,bid=100.18(NEW) ask=100.22(NEW) spread=0.0600 pos=-6L
09:51:15,2018-08-16 09:36:08,CS2,SPREAD_TIGHT,,,,spread=0.0500 < 0.05 — cancelling
09:51:16,2018-08-16 09:36:08,CS3,SUBMIT,BUY,99.9,3,bid+1tick=99.9 spread=0.0700 pos=-2L
09:51:16,2018-08-16 09:36:08,CS3,SUBMIT,SELL,99.95,3,ask-1tick=99.95 spread=0.0700 pos=-2L
09:51:16,2018-08-16 09:36:08,CS3,STATUS,,,,bid=99.9(NEW) ask=99.95(NEW) spread=0.0700 pos=-2L
09:51:16,2018-08-16 09:36:08,CS1,CANCEL,BUY,100.18,,outside spread bid=100.18 ask=100.24
09:51:17,2018-08-16 09:36:08,CS2,SPREAD_TIGHT,,,,spread=0.0200 < 0.05 — cancelling
09:51:18,2018-08-16 09:36:08,CS3,SPREAD_TIGHT,,,,spread=0.0500 < 0.05 — cancelling
09:51:19,2018-08-16 09:36:11,CS1,SPREAD_TIGHT,,,,spread=0.0200 < 0.05 — cancelling
09:51:19,2018-08-16 09:36:11,CS2,SPREAD_TIGHT,,,,spread=0.0100 < 0.05 — cancelling
09:51:20,2018-08-16 09:36:12,CS3,SUBMIT,BUY,99.9,3,bid+1tick=99.9 spread=0.0700 pos=-2L
09:51:20,2018-08-16 09:36:12,CS3,SUBMIT,SELL,99.95,3,ask-1tick=99.95 spread=0.0700 pos=-2L
09:51:20,2018-08-16 09:36:12,CS3,STATUS,,,,bid=99.9(NEW) ask=99.95(NEW) spread=0.0700 pos=-2L
09:51:21,2018-08-16 09:36:12,CS1,SPREAD_TIGHT,,,,spread=0.0200 < 0.05 — cancelling
09:51:21,2018-08-16 09:36:14,CS2,SUBMIT,BUY,100.18,3,bid+1tick=100.18 spread=0.0600 pos=-17L
09:51:21,2018-08-16 09:36:14,CS2,SUBMIT,SELL,100.22,3,ask-1tick=100.22 spread=0.0600 pos=-17L
09:51:21,2018-08-16 09:36:14,CS2,STATUS,,,,bid=100.18(NEW) ask=100.22(NEW) spread=0.0600 pos=-17L
09:51:22,2018-08-16 09:36:14,CS3,SPREAD_TIGHT,,,,spread=0.0500 < 0.05 — cancelling
09:51:23,2018-08-16 09:36:15,CS1,SPREAD_TIGHT,,,,spread=0.0300 < 0.05 — cancelling
09:51:23,2018-08-16 09:36:15,CS2,SPREAD_TIGHT,,,,spread=0.0400 < 0.05 — cancelling
09:51:24,2018-08-16 09:36:17,CS3,SUBMIT,BUY,99.89,3,bid+1tick=99.89 spread=0.0800 pos=-2L
09:51:24,2018-08-16 09:36:17,CS3,SUBMIT,SELL,99.95,3,ask-1tick=99.95 spread=0.0800 pos=-2L
09:51:24,2018-08-16 09:36:17,CS3,STATUS,,,,bid=99.89(NEW) ask=99.95(NEW) spread=0.0800 pos=-2L
09:51:25,2018-08-16 09:36:17,CS1,SUBMIT,BUY,100.14,3,bid+1tick=100.14 spread=0.0700 pos=-9L
09:51:25,2018-08-16 09:36:17,CS1,SUBMIT,SELL,100.19,3,ask-1tick=100.19 spread=0.0700 pos=-9L
09:51:25,2018-08-16 09:36:17,CS1,STATUS,,,,bid=100.14(NEW) ask=100.19(NEW) spread=0.0700 pos=-9L
09:51:26,2018-08-16 09:36:18,CS2,SUBMIT,BUY,100.17,3,bid+1tick=100.17 spread=0.0700 pos=-14L
09:51:26,2018-08-16 09:36:18,CS2,SUBMIT,SELL,100.22,3,ask-1tick=100.22 spread=0.0700 pos=-14L
09:51:26,2018-08-16 09:36:18,CS2,STATUS,,,,bid=100.17(NEW) ask=100.22(NEW) spread=0.0700 pos=-14L
09:51:26,2018-08-16 09:36:19,CS3,CANCEL,BUY,99.89,,outside spread bid=99.89 ask=99.97
09:51:26,2018-08-16 09:36:19,CS3,SUBMIT,BUY,99.89,3,bid+1tick=99.89 spread=0.0900 pos=-5L
09:51:26,2018-08-16 09:36:19,CS3,SUBMIT,SELL,99.96,3,ask-1tick=99.96 spread=0.0900 pos=-5L
09:51:26,2018-08-16 09:36:19,CS3,STATUS,,,,bid=99.89(NEW) ask=99.96(NEW) spread=0.0900 pos=-5L
09:51:27,2018-08-16 09:36:19,CS1,SPREAD_TIGHT,,,,spread=0.0400 < 0.05 — cancelling
09:51:28,2018-08-16 09:36:19,CS2,SPREAD_TIGHT,,,,spread=0.0100 < 0.05 — cancelling
09:51:28,2018-08-16 09:36:19,CS3,CANCEL,BUY,99.89,,outside spread bid=99.89 ask=99.96
09:51:28,2018-08-16 09:36:19,CS3,CANCEL,SELL,99.96,,outside spread bid=99.89 ask=99.96
09:51:29,2018-08-16 09:36:19,CS3,SUBMIT,BUY,99.89,3,bid+1tick=99.89 spread=0.0500 pos=-5L
09:51:29,2018-08-16 09:36:19,CS3,SUBMIT,SELL,99.92,3,ask-1tick=99.92 spread=0.0500 pos=-5L
09:51:29,2018-08-16 09:36:19,CS3,STATUS,,,,bid=99.89(NEW) ask=99.92(NEW) spread=0.0500 pos=-5L
09:51:29,2018-08-16 09:36:21,CS1,SPREAD_TIGHT,,,,spread=0.0100 < 0.05 — cancelling
09:51:30,2018-08-16 09:36:23,CS2,SPREAD_TIGHT,,,,spread=0.0200 < 0.05 — cancelling
09:51:30,2018-08-16 09:36:23,CS3,SPREAD_TIGHT,,,,spread=0.0300 < 0.05 — cancelling
09:51:31,2018-08-16 09:36:24,CS1,SPREAD_TIGHT,,,,spread=0.0200 < 0.05 — cancelling
09:51:32,2018-08-16 09:36:25,CS2,SPREAD_TIGHT,,,,spread=0.0300 < 0.05 — cancelling
09:51:32,2018-08-16 09:36:25,CS3,SUBMIT,BUY,99.89,3,bid+1tick=99.89 spread=0.0900 pos=-5L
09:51:32,2018-08-16 09:36:25,CS3,SUBMIT,SELL,99.96,3,ask-1tick=99.96 spread=0.0900 pos=-5L
09:51:32,2018-08-16 09:36:25,CS3,STATUS,,,,bid=99.89(NEW) ask=99.96(NEW) spread=0.0900 pos=-5L
09:51:33,2018-08-16 09:36:25,CS1,SPREAD_TIGHT,,,,spread=0.0100 < 0.05 — cancelling
09:51:34,2018-08-16 09:36:26,CS2,SPREAD_TIGHT,,,,spread=0.0300 < 0.05 — cancelling
09:51:34,2018-08-16 09:36:26,CS3,SPREAD_TIGHT,,,,spread=0.0300 < 0.05 — cancelling
09:51:35,2018-08-16 09:36:27,CS1,SPREAD_TIGHT,,,,spread=0.0100 < 0.05 — cancelling
09:51:36,2018-08-16 09:36:29,CS2,SUBMIT,BUY,100.22,3,bid+1tick=100.22 spread=0.0500 pos=-14L
09:51:36,2018-08-16 09:36:29,CS2,SUBMIT,SELL,100.25,3,ask-1tick=100.25 spread=0.0500 pos=-14L
09:51:36,2018-08-16 09:36:29,CS2,STATUS,,,,bid=100.22(NEW) ask=100.25(NEW) spread=0.0500 pos=-14L
09:51:36,2018-08-16 09:36:29,CS3,SPREAD_TIGHT,,,,spread=0.0100 < 0.05 — cancelling
09:51:37,2018-08-16 09:36:30,CS1,SPREAD_TIGHT,,,,spread=0.0100 < 0.05 — cancelling
09:51:38,2018-08-16 09:36:30,CS2,CANCEL,SELL,100.25,,outside spread bid=100.15 ask=100.21
09:51:38,2018-08-16 09:36:31,CS3,SUBMIT,BUY,99.97,3,bid+1tick=99.97 spread=0.0500 pos=-8L
09:51:38,2018-08-16 09:36:31,CS3,SUBMIT,SELL,100.0,3,ask-1tick=100.0 spread=0.0500 pos=-8L
09:51:38,2018-08-16 09:36:31,CS3,STATUS,,,,bid=99.97(NEW) ask=100.0(NEW) spread=0.0500 pos=-8L
09:51:39,2018-08-16 09:36:31,CS1,SPREAD_TIGHT,,,,spread=0.0100 < 0.05 — cancelling
09:51:40,2018-08-16 09:36:33,CS2,SUBMIT,BUY,100.13,3,bid+1tick=100.13 spread=0.1400 pos=-11L
09:51:40,2018-08-16 09:36:33,CS2,SUBMIT,SELL,100.25,3,ask-1tick=100.25 spread=0.1400 pos=-11L
09:51:40,2018-08-16 09:36:33,CS2,STATUS,,,,bid=100.13(NEW) ask=100.25(NEW) spread=0.1400 pos=-11L
09:51:41,2018-08-16 09:36:33,CS3,SPREAD_TIGHT,,,,spread=0.0100 < 0.05 — cancelling
09:51:41,2018-08-16 09:36:34,CS1,SPREAD_TIGHT,,,,spread=0.0400 < 0.05 — cancelling
09:51:42,2018-08-16 09:36:34,CS2,CANCEL,BUY,100.13,,outside spread bid=100.16 ask=100.25
09:51:42,2018-08-16 09:36:34,CS2,CANCEL,SELL,100.25,,outside spread bid=100.16 ask=100.25
09:51:43,2018-08-16 09:36:34,CS2,SUBMIT,BUY,100.18,3,bid+1tick=100.18 spread=0.0900 pos=-11L
09:51:43,2018-08-16 09:36:34,CS2,SUBMIT,SELL,100.25,3,ask-1tick=100.25 spread=0.0900 pos=-11L
09:51:43,2018-08-16 09:36:34,CS2,STATUS,,,,bid=100.18(NEW) ask=100.25(NEW) spread=0.0900 pos=-11L
09:51:43,2018-08-16 09:36:34,CS3,SPREAD_TIGHT,,,,spread=0.0200 < 0.05 — cancelling
09:51:43,2018-08-16 09:36:34,CS1,SPREAD_TIGHT,,,,spread=0.0400 < 0.05 — cancelling
09:51:44,2018-08-16 09:36:37,CS2,CANCEL,BUY,100.18,,outside spread bid=100.18 ask=100.24
09:51:44,2018-08-16 09:36:37,CS2,CANCEL,SELL,100.25,,outside spread bid=100.18 ask=100.24
09:51:45,2018-08-16 09:36:37,CS3,SPREAD_TIGHT,,,,spread=0.0200 < 0.05 — cancelling
09:51:45,2018-08-16 09:36:38,CS1,SUBMIT,BUY,100.14,3,bid+1tick=100.14 spread=0.0900 pos=-6L
09:51:45,2018-08-16 09:36:38,CS1,SUBMIT,SELL,100.21,3,ask-1tick=100.21 spread=0.0900 pos=-6L
09:51:45,2018-08-16 09:36:38,CS1,STATUS,,,,bid=100.14(NEW) ask=100.21(NEW) spread=0.0900 pos=-6L
09:51:46,2018-08-16 09:36:38,CS2,SPREAD_TIGHT,,,,spread=0.0100 < 0.05 — cancelling
09:51:47,2018-08-16 09:36:38,CS3,SPREAD_TIGHT,,,,spread=0.0200 < 0.05 — cancelling
09:51:47,2018-08-16 09:36:38,CS1,CANCEL,BUY,100.14,,outside spread bid=100.14 ask=100.21
09:51:48,2018-08-16 09:36:38,CS1,CANCEL,SELL,100.21,,outside spread bid=100.14 ask=100.21
09:51:48,2018-08-16 09:36:38,CS1,SUBMIT,BUY,100.14,3,bid+1tick=100.14 spread=0.1000 pos=-6L
09:51:48,2018-08-16 09:36:38,CS1,SUBMIT,SELL,100.22,3,ask-1tick=100.22 spread=0.1000 pos=-6L
09:51:48,2018-08-16 09:36:38,CS1,STATUS,,,,bid=100.14(NEW) ask=100.22(NEW) spread=0.1000 pos=-6L
09:51:48,2018-08-16 09:36:38,CS2,SPREAD_TIGHT,,,,spread=0.0300 < 0.05 — cancelling
09:51:49,2018-08-16 09:36:41,CS3,SPREAD_TIGHT,,,,spread=0.0200 < 0.05 — cancelling
09:51:50,2018-08-16 09:36:41,CS1,SPREAD_TIGHT,,,,spread=0.0300 < 0.05 — cancelling
09:51:50,2018-08-16 09:36:41,CS2,SPREAD_TIGHT,,,,spread=0.0100 < 0.05 — cancelling
09:51:51,2018-08-16 09:36:41,CS3,SUBMIT,BUY,99.97,3,bid+1tick=99.97 spread=0.0500 pos=-8L
09:51:51,2018-08-16 09:36:41,CS3,SUBMIT,SELL,100.0,3,ask-1tick=100.0 spread=0.0500 pos=-8L
09:51:51,2018-08-16 09:36:41,CS3,STATUS,,,,bid=99.97(NEW) ask=100.0(NEW) spread=0.0500 pos=-8L
09:51:52,2018-08-16 09:36:44,CS1,SPREAD_TIGHT,,,,spread=0.0400 < 0.05 — cancelling
09:51:52,2018-08-16 09:36:45,CS2,SPREAD_TIGHT,,,,spread=0.0100 < 0.05 — cancelling
09:51:53,2018-08-16 09:36:45,CS3,CANCEL,SELL,100.0,,outside spread bid=99.88 ask=99.95
09:51:53,2018-08-16 09:36:45,CS3,SUBMIT,BUY,99.89,3,bid+1tick=99.89 spread=0.0700 pos=-5L
09:51:53,2018-08-16 09:36:45,CS3,SUBMIT,SELL,99.94,3,ask-1tick=99.94 spread=0.0700 pos=-5L
09:51:53,2018-08-16 09:36:45,CS3,STATUS,,,,bid=99.89(NEW) ask=99.94(NEW) spread=0.0700 pos=-5L
09:51:54,2018-08-16 09:36:45,CS1,SPREAD_TIGHT,,,,spread=0.0400 < 0.05 — cancelling
09:51:54,2018-08-16 09:36:47,CS2,SPREAD_TIGHT,,,,spread=0.0200 < 0.05 — cancelling
09:51:55,2018-08-16 09:36:47,CS3,SPREAD_TIGHT,,,,spread=0.0100 < 0.05 — cancelling
09:51:56,2018-08-16 09:36:48,CS1,SPREAD_TIGHT,,,,spread=0.0500 < 0.05 — cancelling
09:51:57,2018-08-16 09:36:49,CS2,SPREAD_TIGHT,,,,spread=0.0300 < 0.05 — cancelling
09:51:57,2018-08-16 09:36:50,CS3,SPREAD_TIGHT,,,,spread=0.0100 < 0.05 — cancelling
09:51:58,2018-08-16 09:36:50,CS1,SUBMIT,BUY,100.18,3,bid+1tick=100.18 spread=0.0600 pos=-6L
09:51:58,2018-08-16 09:36:50,CS1,SUBMIT,SELL,100.22,3,ask-1tick=100.22 spread=0.0600 pos=-6L
09:51:58,2018-08-16 09:36:50,CS1,STATUS,,,,bid=100.18(NEW) ask=100.22(NEW) spread=0.0600 pos=-6L
09:51:59,2018-08-16 09:36:51,CS2,SPREAD_TIGHT,,,,spread=0.0400 < 0.05 — cancelling
09:51:59,2018-08-16 09:36:52,CS3,SUBMIT,BUY,99.96,3,bid+1tick=99.96 spread=0.0600 pos=-5L
09:51:59,2018-08-16 09:36:52,CS3,SUBMIT,SELL,100.0,3,ask-1tick=100.0 spread=0.0600 pos=-5L
09:51:59,2018-08-16 09:36:52,CS3,STATUS,,,,bid=99.96(NEW) ask=100.0(NEW) spread=0.0600 pos=-5L
09:52:00,2018-08-16 09:36:53,CS1,SPREAD_TIGHT,,,,spread=0.0200 < 0.05 — cancelling
09:52:01,2018-08-16 09:36:53,CS2,SPREAD_TIGHT,,,,spread=0.0400 < 0.05 — cancelling
09:52:01,2018-08-16 09:36:54,CS3,SPREAD_TIGHT,,,,spread=0.0300 < 0.05 — cancelling
09:52:02,2018-08-16 09:36:54,CS1,SUBMIT,BUY,100.18,3,bid+1tick=100.18 spread=0.0800 pos=-9L
09:52:02,2018-08-16 09:36:54,CS1,SUBMIT,SELL,100.24,3,ask-1tick=100.24 spread=0.0800 pos=-9L
09:52:02,2018-08-16 09:36:54,CS1,STATUS,,,,bid=100.18(NEW) ask=100.24(NEW) spread=0.0800 pos=-9L
09:52:03,2018-08-16 09:36:54,CS2,SPREAD_TIGHT,,,,spread=0.0200 < 0.05 — cancelling
09:52:03,2018-08-16 09:36:56,CS3,SPREAD_TIGHT,,,,spread=0.0400 < 0.05 — cancelling
09:52:04,2018-08-16 09:36:57,CS1,SPREAD_TIGHT,,,,spread=-0.0200 < 0.05 — cancelling
09:52:05,2018-08-16 09:36:57,CS2,SPREAD_TIGHT,,,,spread=0.0100 < 0.05 — cancelling
09:52:05,2018-08-16 09:36:58,CS3,SPREAD_TIGHT,,,,spread=0.0400 < 0.05 — cancelling
09:52:06,2018-08-16 09:36:58,CS1,SPREAD_TIGHT,,,,spread=0.0400 < 0.05 — cancelling
09:52:07,2018-08-16 09:37:00,CS2,SPREAD_TIGHT,,,,spread=0.0100 < 0.05 — cancelling
09:52:07,2018-08-16 09:37:00,CS3,SPREAD_TIGHT,,,,spread=0.0400 < 0.05 — cancelling
09:52:08,2018-08-16 09:37:00,CS1,SUBMIT,BUY,100.19,3,bid+1tick=100.19 spread=0.0700 pos=-9L
09:52:08,2018-08-16 09:37:00,CS1,SUBMIT,SELL,100.24,3,ask-1tick=100.24 spread=0.0700 pos=-9L
09:52:08,2018-08-16 09:37:00,CS1,STATUS,,,,bid=100.19(NEW) ask=100.24(NEW) spread=0.0700 pos=-9L
09:52:09,2018-08-16 09:37:01,CS2,SPREAD_TIGHT,,,,spread=0.0100 < 0.05 — cancelling
09:52:09,2018-08-16 09:37:01,CS3,SPREAD_TIGHT,,,,spread=0.0100 < 0.05 — cancelling
09:52:10,2018-08-16 09:37:01,CS1,SPREAD_TIGHT,,,,spread=0.0200 < 0.05 — cancelling
09:52:11,2018-08-16 09:37:01,CS2,SPREAD_TIGHT,,,,spread=0.0100 < 0.05 — cancelling
09:52:11,2018-08-16 09:37:01,CS3,SPREAD_TIGHT,,,,spread=0.0100 < 0.05 — cancelling
09:52:12,2018-08-16 09:37:01,CS1,SUBMIT,BUY,100.19,3,bid+1tick=100.19 spread=0.0700 pos=-9L
09:52:12,2018-08-16 09:37:01,CS1,SUBMIT,SELL,100.24,3,ask-1tick=100.24 spread=0.0700 pos=-9L
09:52:12,2018-08-16 09:37:01,CS1,STATUS,,,,bid=100.19(NEW) ask=100.24(NEW) spread=0.0700 pos=-9L
09:52:13,2018-08-16 09:37:01,CS2,SPREAD_TIGHT,,,,spread=0.0100 < 0.05 — cancelling
09:52:14,2018-08-16 09:37:06,CS3,SPREAD_TIGHT,,,,spread=0.0300 < 0.05 — cancelling
09:52:14,2018-08-16 09:37:07,CS1,SPREAD_TIGHT,,,,spread=0.0300 < 0.05 — cancelling
09:52:15,2018-08-16 09:37:07,CS2,SPREAD_TIGHT,,,,spread=0.0100 < 0.05 — cancelling
09:52:16,2018-08-16 09:37:09,CS3,SPREAD_TIGHT,,,,spread=0.0300 < 0.05 — cancelling
09:52:16,2018-08-16 09:37:09,CS1,SPREAD_TIGHT,,,,spread=0.0300 < 0.05 — cancelling
09:52:17,2018-08-16 09:37:10,CS2,SPREAD_TIGHT,,,,spread=0.0100 < 0.05 — cancelling
09:52:18,2018-08-16 09:37:10,CS3,SPREAD_TIGHT,,,,spread=0.0400 < 0.05 — cancelling
09:52:18,2018-08-16 09:37:10,CS1,SPREAD_TIGHT,,,,spread=0.0100 < 0.05 — cancelling
09:52:19,2018-08-16 09:37:11,CS2,SPREAD_TIGHT,,,,spread=0.0100 < 0.05 — cancelling
09:52:20,2018-08-16 09:37:11,CS3,SPREAD_TIGHT,,,,spread=0.0100 < 0.05 — cancelling
09:52:20,2018-08-16 09:37:13,CS1,SPREAD_TIGHT,,,,spread=0.0100 < 0.05 — cancelling
09:52:21,2018-08-16 09:37:14,CS2,SPREAD_TIGHT,,,,spread=0.0100 < 0.05 — cancelling
09:52:22,2018-08-16 09:37:14,CS3,SPREAD_TIGHT,,,,spread=0.0100 < 0.05 — cancelling
09:52:23,2018-08-16 09:37:15,CS1,SPREAD_TIGHT,,,,spread=0.0100 < 0.05 — cancelling
09:52:23,2018-08-16 09:37:16,CS2,SPREAD_TIGHT,,,,spread=0.0200 < 0.05 — cancelling
09:52:24,2018-08-16 09:37:17,CS3,SUBMIT,BUY,100.05,3,bid+1tick=100.05 spread=0.0800 pos=-5L
09:52:24,2018-08-16 09:37:17,CS3,SUBMIT,SELL,100.11,3,ask-1tick=100.11 spread=0.0800 pos=-5L
09:52:24,2018-08-16 09:37:17,CS3,STATUS,,,,bid=100.05(NEW) ask=100.11(NEW) spread=0.0800 pos=-5L
09:52:25,2018-08-16 09:37:17,CS1,SPREAD_TIGHT,,,,spread=0.0100 < 0.05 — cancelling
09:52:25,2018-08-16 09:37:17,CS2,SPREAD_TIGHT,,,,spread=0.0300 < 0.05 — cancelling
09:52:26,2018-08-16 09:37:19,CS3,CANCEL,BUY,100.05,,outside spread bid=100.05 ask=100.11
09:52:26,2018-08-16 09:37:19,CS3,CANCEL,SELL,100.11,,outside spread bid=100.05 ask=100.11
09:52:27,2018-08-16 09:37:19,CS1,SPREAD_TIGHT,,,,spread=0.0300 < 0.05 — cancelling
09:52:27,2018-08-16 09:37:19,CS2,SPREAD_TIGHT,,,,spread=0.0300 < 0.05 — cancelling
09:52:28,2018-08-16 09:37:19,CS3,SPREAD_TIGHT,,,,spread=0.0100 < 0.05 — cancelling
09:52:29,2018-08-16 09:37:21,CS1,SPREAD_TIGHT,,,,spread=0.0100 < 0.05 — cancelling
09:52:30,2018-08-16 09:37:21,CS2,SPREAD_TIGHT,,,,spread=0.0300 < 0.05 — cancelling
09:52:30,2018-08-16 09:37:23,CS3,SUBMIT,BUY,100.07,3,bid+1tick=100.07 spread=0.0600 pos=-5L
09:52:30,2018-08-16 09:37:23,CS3,SUBMIT,SELL,100.11,3,ask-1tick=100.11 spread=0.0600 pos=-5L
09:52:30,2018-08-16 09:37:23,CS3,STATUS,,,,bid=100.07(NEW) ask=100.11(NEW) spread=0.0600 pos=-5L
09:52:31,2018-08-16 09:37:24,CS1,SPREAD_TIGHT,,,,spread=0.0100 < 0.05 — cancelling
09:52:32,2018-08-16 09:37:24,CS2,SPREAD_TIGHT,,,,spread=0.0100 < 0.05 — cancelling
09:52:32,2018-08-16 09:37:25,CS3,SPREAD_TIGHT,,,,spread=0.0100 < 0.05 — cancelling
09:52:33,2018-08-16 09:37:25,CS1,SPREAD_TIGHT,,,,spread=0.0100 < 0.05 — cancelling
09:52:34,2018-08-16 09:37:26,CS2,SPREAD_TIGHT,,,,spread=0.0400 < 0.05 — cancelling
09:52:34,2018-08-16 09:37:27,CS3,SPREAD_TIGHT,,,,spread=0.0100 < 0.05 — cancelling
09:52:35,2018-08-16 09:37:27,CS1,SPREAD_TIGHT,,,,spread=0.0300 < 0.05 — cancelling
09:52:36,2018-08-16 09:37:29,CS2,SPREAD_TIGHT,,,,spread=0.0400 < 0.05 — cancelling
09:52:36,2018-08-16 09:37:29,CS3,SPREAD_TIGHT,,,,spread=0.0200 < 0.05 — cancelling
09:52:37,2018-08-16 09:37:29,CS1,SPREAD_TIGHT,,,,spread=0.0400 < 0.05 — cancelling
09:52:38,2018-08-16 09:37:29,CS2,SPREAD_TIGHT,,,,spread=0.0400 < 0.05 — cancelling
09:52:38,2018-08-16 09:37:29,CS3,SPREAD_TIGHT,,,,spread=0.0200 < 0.05 — cancelling
09:52:39,2018-08-16 09:37:32,CS1,SUBMIT,BUY,100.03,3,bid+1tick=100.03 spread=0.0800 pos=-12L
09:52:39,2018-08-16 09:37:32,CS1,SUBMIT,SELL,100.09,3,ask-1tick=100.09 spread=0.0800 pos=-12L
09:52:39,2018-08-16 09:37:32,CS1,STATUS,,,,bid=100.03(NEW) ask=100.09(NEW) spread=0.0800 pos=-12L
09:52:40,2018-08-16 09:37:32,CS2,SPREAD_TIGHT,,,,spread=0.0500 < 0.05 — cancelling
09:52:40,2018-08-16 09:37:32,CS3,SPREAD_TIGHT,,,,spread=0.0200 < 0.05 — cancelling
09:52:41,2018-08-16 09:37:32,CS1,CANCEL,BUY,100.03,,outside spread bid=100.03 ask=100.09
09:52:42,2018-08-16 09:37:32,CS1,CANCEL,SELL,100.09,,outside spread bid=100.03 ask=100.09
09:52:42,2018-08-16 09:37:32,CS1,SUBMIT,BUY,100.03,3,bid+1tick=100.03 spread=0.0800 pos=-12L
09:52:42,2018-08-16 09:37:32,CS1,SUBMIT,SELL,100.09,3,ask-1tick=100.09 spread=0.0800 pos=-12L
09:52:42,2018-08-16 09:37:32,CS1,STATUS,,,,bid=100.03(NEW) ask=100.09(NEW) spread=0.0800 pos=-12L
09:52:42,2018-08-16 09:37:32,CS2,SPREAD_TIGHT,,,,spread=0.0500 < 0.05 — cancelling
09:52:42,2018-08-16 09:37:32,CS3,SPREAD_TIGHT,,,,spread=0.0200 < 0.05 — cancelling
09:52:43,2018-08-16 09:37:36,CS1,SPREAD_TIGHT,,,,spread=0.0200 < 0.05 — cancelling
09:52:44,2018-08-16 09:37:36,CS2,SPREAD_TIGHT,,,,spread=0.0100 < 0.05 — cancelling
09:52:45,2018-08-16 09:37:36,CS3,SPREAD_TIGHT,,,,spread=0.0200 < 0.05 — cancelling
09:52:46,2018-08-16 09:37:38,CS1,SPREAD_TIGHT,,,,spread=0.0300 < 0.05 — cancelling
09:52:46,2018-08-16 09:37:39,CS2,SPREAD_TIGHT,,,,spread=0.0200 < 0.05 — cancelling
09:52:47,2018-08-16 09:37:39,CS3,SPREAD_TIGHT,,,,spread=0.0300 < 0.05 — cancelling
09:52:48,2018-08-16 09:37:39,CS1,SUBMIT,BUY,100.03,3,bid+1tick=100.03 spread=0.0800 pos=-12L
09:52:48,2018-08-16 09:37:39,CS1,SUBMIT,SELL,100.09,3,ask-1tick=100.09 spread=0.0800 pos=-12L
09:52:48,2018-08-16 09:37:39,CS1,STATUS,,,,bid=100.03(NEW) ask=100.09(NEW) spread=0.0800 pos=-12L
09:52:48,2018-08-16 09:37:41,CS2,SPREAD_TIGHT,,,,spread=0.0300 < 0.05 — cancelling
09:52:49,2018-08-16 09:37:41,CS3,SPREAD_TIGHT,,,,spread=0.0300 < 0.05 — cancelling
09:52:50,2018-08-16 09:37:41,CS1,SPREAD_TIGHT,,,,spread=0.0200 < 0.05 — cancelling
09:52:50,2018-08-16 09:37:41,CS2,SPREAD_TIGHT,,,,spread=0.0100 < 0.05 — cancelling
09:52:51,2018-08-16 09:37:43,CS3,SPREAD_TIGHT,,,,spread=0.0300 < 0.05 — cancelling
09:52:52,2018-08-16 09:37:44,CS1,SUBMIT,BUY,100.01,3,bid+1tick=100.01 spread=0.0700 pos=-15L
09:52:52,2018-08-16 09:37:44,CS1,SUBMIT,SELL,100.06,3,ask-1tick=100.06 spread=0.0700 pos=-15L
09:52:52,2018-08-16 09:37:44,CS1,STATUS,,,,bid=100.01(NEW) ask=100.06(NEW) spread=0.0700 pos=-15L
09:52:52,2018-08-16 09:37:45,CS2,SPREAD_TIGHT,,,,spread=0.0300 < 0.05 — cancelling
09:52:53,2018-08-16 09:37:46,CS3,SUBMIT,BUY,100.09,3,bid+1tick=100.09 spread=0.0700 pos=-8L
09:52:53,2018-08-16 09:37:46,CS3,SUBMIT,SELL,100.14,3,ask-1tick=100.14 spread=0.0700 pos=-8L
09:52:53,2018-08-16 09:37:46,CS3,STATUS,,,,bid=100.09(NEW) ask=100.14(NEW) spread=0.0700 pos=-8L
09:52:54,2018-08-16 09:37:46,CS1,SPREAD_TIGHT,,,,spread=0.0100 < 0.05 — cancelling
09:52:54,2018-08-16 09:37:46,CS2,SPREAD_TIGHT,,,,spread=0.0300 < 0.05 — cancelling
09:52:55,2018-08-16 09:37:46,CS3,SPREAD_TIGHT,,,,spread=0.0100 < 0.05 — cancelling
09:52:56,2018-08-16 09:37:49,CS1,SPREAD_TIGHT,,,,spread=0.0300 < 0.05 — cancelling
09:52:56,2018-08-16 09:37:49,CS2,SPREAD_TIGHT,,,,spread=0.0300 < 0.05 — cancelling
09:52:57,2018-08-16 09:37:49,CS3,SPREAD_TIGHT,,,,spread=0.0200 < 0.05 — cancelling
09:52:58,2018-08-16 09:37:50,CS1,SUBMIT,BUY,99.93,3,bid+1tick=99.93 spread=0.0600 pos=-15L
09:52:58,2018-08-16 09:37:50,CS1,SUBMIT,SELL,99.97,3,ask-1tick=99.97 spread=0.0600 pos=-15L
09:52:58,2018-08-16 09:37:50,CS1,STATUS,,,,bid=99.93(NEW) ask=99.97(NEW) spread=0.0600 pos=-15L
09:52:58,2018-08-16 09:37:51,CS2,SPREAD_TIGHT,,,,spread=0.0100 < 0.05 — cancelling
09:52:59,2018-08-16 09:37:52,CS3,SPREAD_TIGHT,,,,spread=0.0300 < 0.05 — cancelling
09:53:00,2018-08-16 09:37:53,CS1,CANCEL,BUY,99.93,,outside spread bid=100.02 ask=100.11
09:53:00,2018-08-16 09:37:53,CS1,SUBMIT,BUY,100.03,3,bid+1tick=100.03 spread=0.0900 pos=-18L
09:53:00,2018-08-16 09:37:53,CS1,SUBMIT,SELL,100.1,3,ask-1tick=100.1 spread=0.0900 pos=-18L
09:53:00,2018-08-16 09:37:53,CS1,STATUS,,,,bid=100.03(NEW) ask=100.1(NEW) spread=0.0900 pos=-18L
09:53:01,2018-08-16 09:37:53,CS2,SPREAD_TIGHT,,,,spread=0.0300 < 0.05 — cancelling
09:53:01,2018-08-16 09:37:53,CS3,SUBMIT,BUY,100.14,3,bid+1tick=100.14 spread=0.0700 pos=-8L
09:53:01,2018-08-16 09:37:53,CS3,SUBMIT,SELL,100.19,3,ask-1tick=100.19 spread=0.0700 pos=-8L
09:53:01,2018-08-16 09:37:53,CS3,STATUS,,,,bid=100.14(NEW) ask=100.19(NEW) spread=0.0700 pos=-8L
09:53:02,2018-08-16 09:37:55,CS1,CANCEL,SELL,100.1,,outside spread bid=100.02 ask=100.1
09:53:02,2018-08-16 09:37:55,CS1,SUBMIT,BUY,100.03,3,bid+1tick=100.03 spread=0.0900 pos=-15L
09:53:02,2018-08-16 09:37:55,CS1,SUBMIT,SELL,100.1,3,ask-1tick=100.1 spread=0.0900 pos=-15L
09:53:02,2018-08-16 09:37:55,CS1,STATUS,,,,bid=100.03(NEW) ask=100.1(NEW) spread=0.0900 pos=-15L
09:53:03,2018-08-16 09:37:55,CS2,SPREAD_TIGHT,,,,spread=0.0300 < 0.05 — cancelling
09:53:03,2018-08-16 09:37:55,CS3,SPREAD_TIGHT,,,,spread=0.0100 < 0.05 — cancelling
09:53:04,2018-08-16 09:37:56,CS1,SPREAD_TIGHT,,,,spread=0.0200 < 0.05 — cancelling
09:53:05,2018-08-16 09:37:58,CS2,SPREAD_TIGHT,,,,spread=0.0100 < 0.05 — cancelling
09:53:05,2018-08-16 09:37:58,CS3,SPREAD_TIGHT,,,,spread=0.0200 < 0.05 — cancelling
09:53:06,2018-08-16 09:37:59,CS1,SUBMIT,BUY,100.07,3,bid+1tick=100.07 spread=0.1300 pos=-15L
09:53:06,2018-08-16 09:37:59,CS1,SUBMIT,SELL,100.18,3,ask-1tick=100.18 spread=0.1300 pos=-15L
09:53:06,2018-08-16 09:37:59,CS1,STATUS,,,,bid=100.07(NEW) ask=100.18(NEW) spread=0.1300 pos=-15L
09:53:07,2018-08-16 09:37:59,CS2,SPREAD_TIGHT,,,,spread=0.0100 < 0.05 — cancelling
09:53:07,2018-08-16 09:37:59,CS3,SPREAD_TIGHT,,,,spread=0.0200 < 0.05 — cancelling
09:53:08,2018-08-16 09:37:59,CS1,CANCEL,BUY,100.07,,outside spread bid=100.07 ask=100.18
09:53:09,2018-08-16 09:37:59,CS1,CANCEL,SELL,100.18,,outside spread bid=100.07 ask=100.18
09:53:09,2018-08-16 09:37:59,CS1,SUBMIT,BUY,100.08,3,bid+1tick=100.08 spread=0.1200 pos=-15L
09:53:09,2018-08-16 09:37:59,CS1,SUBMIT,SELL,100.18,3,ask-1tick=100.18 spread=0.1200 pos=-15L
09:53:09,2018-08-16 09:37:59,CS1,STATUS,,,,bid=100.08(NEW) ask=100.18(NEW) spread=0.1200 pos=-15L
09:53:09,2018-08-16 09:37:59,CS2,SPREAD_TIGHT,,,,spread=0.0300 < 0.05 — cancelling
09:53:09,2018-08-16 09:38:01,CS3,SPREAD_TIGHT,,,,spread=0.0200 < 0.05 — cancelling
09:53:10,2018-08-16 09:38:03,CS1,CANCEL,BUY,100.08,,outside spread bid=100.08 ask=100.18
09:53:11,2018-08-16 09:38:03,CS1,CANCEL,SELL,100.18,,outside spread bid=100.08 ask=100.18
09:53:11,2018-08-16 09:38:03,CS1,SUBMIT,BUY,100.09,3,bid+1tick=100.09 spread=0.1100 pos=-15L
09:53:11,2018-08-16 09:38:03,CS1,SUBMIT,SELL,100.18,3,ask-1tick=100.18 spread=0.1100 pos=-15L
09:53:11,2018-08-16 09:38:03,CS1,STATUS,,,,bid=100.09(NEW) ask=100.18(NEW) spread=0.1100 pos=-15L
09:53:11,2018-08-16 09:38:03,CS2,SPREAD_TIGHT,,,,spread=0.0400 < 0.05 — cancelling
09:53:11,2018-08-16 09:38:03,CS3,SPREAD_TIGHT,,,,spread=0.0200 < 0.05 — cancelling
09:53:12,2018-08-16 09:38:03,CS1,SPREAD_TIGHT,,,,spread=0.0300 < 0.05 — cancelling
09:53:13,2018-08-16 09:38:06,CS2,SPREAD_TIGHT,,,,spread=0.0400 < 0.05 — cancelling
09:53:13,2018-08-16 09:38:06,CS3,SUBMIT,BUY,100.14,3,bid+1tick=100.14 spread=0.0700 pos=-8L
09:53:13,2018-08-16 09:38:06,CS3,SUBMIT,SELL,100.19,3,ask-1tick=100.19 spread=0.0700 pos=-8L
09:53:13,2018-08-16 09:38:06,CS3,STATUS,,,,bid=100.14(NEW) ask=100.19(NEW) spread=0.0700 pos=-8L
09:53:14,2018-08-16 09:38:06,CS1,SPREAD_TIGHT,,,,spread=0.0100 < 0.05 — cancelling
09:53:15,2018-08-16 09:38:06,CS2,SPREAD_TIGHT,,,,spread=0.0200 < 0.05 — cancelling
09:53:15,2018-08-16 09:38:08,CS3,CANCEL,BUY,100.14,,outside spread bid=100.14 ask=100.22
09:53:16,2018-08-16 09:38:08,CS3,SUBMIT,BUY,100.15,3,bid+1tick=100.15 spread=0.0800 pos=-11L
09:53:16,2018-08-16 09:38:08,CS3,SUBMIT,SELL,100.21,3,ask-1tick=100.21 spread=0.0800 pos=-11L
09:53:16,2018-08-16 09:38:08,CS3,STATUS,,,,bid=100.15(NEW) ask=100.21(NEW) spread=0.0800 pos=-11L
09:53:17,2018-08-16 09:38:09,CS1,SPREAD_TIGHT,,,,spread=0.0100 < 0.05 — cancelling
09:53:17,2018-08-16 09:38:09,CS2,SUBMIT,BUY,100.14,3,bid+1tick=100.14 spread=0.0600 pos=-11L
09:53:17,2018-08-16 09:38:09,CS2,SUBMIT,SELL,100.18,3,ask-1tick=100.18 spread=0.0600 pos=-11L
09:53:17,2018-08-16 09:38:09,CS2,STATUS,,,,bid=100.14(NEW) ask=100.18(NEW) spread=0.0600 pos=-11L
09:53:18,2018-08-16 09:38:11,CS3,CANCEL,BUY,100.15,,outside spread bid=100.15 ask=100.21
09:53:18,2018-08-16 09:38:11,CS3,CANCEL,SELL,100.21,,outside spread bid=100.15 ask=100.21
09:53:18,2018-08-16 09:38:11,CS3,SUBMIT,BUY,100.14,3,bid+1tick=100.14 spread=0.0900 pos=-11L
09:53:18,2018-08-16 09:38:11,CS3,SUBMIT,SELL,100.21,3,ask-1tick=100.21 spread=0.0900 pos=-11L
09:53:18,2018-08-16 09:38:11,CS3,STATUS,,,,bid=100.14(NEW) ask=100.21(NEW) spread=0.0900 pos=-11L
09:53:19,2018-08-16 09:38:11,CS1,SPREAD_TIGHT,,,,spread=0.0100 < 0.05 — cancelling
09:53:19,2018-08-16 09:38:11,CS2,SPREAD_TIGHT,,,,spread=0.0200 < 0.05 — cancelling
09:53:20,2018-08-16 09:38:11,CS3,SPREAD_TIGHT,,,,spread=0.0100 < 0.05 — cancelling
09:53:21,2018-08-16 09:38:11,CS1,SPREAD_TIGHT,,,,spread=0.0100 < 0.05 — cancelling
09:53:21,2018-08-16 09:38:14,CS2,SPREAD_TIGHT,,,,spread=0.0300 < 0.05 — cancelling
09:53:22,2018-08-16 09:38:14,CS3,SPREAD_TIGHT,,,,spread=0.0100 < 0.05 — cancelling
09:53:23,2018-08-16 09:38:14,CS1,SPREAD_TIGHT,,,,spread=0.0100 < 0.05 — cancelling
09:53:23,2018-08-16 09:38:16,CS2,SPREAD_TIGHT,,,,spread=0.0300 < 0.05 — cancelling
09:53:24,2018-08-16 09:38:16,CS3,SPREAD_TIGHT,,,,spread=0.0200 < 0.05 — cancelling
09:53:25,2018-08-16 09:38:18,CS1,SPREAD_TIGHT,,,,spread=0.0200 < 0.05 — cancelling
09:53:26,2018-08-16 09:38:18,CS2,SPREAD_TIGHT,,,,spread=0.0300 < 0.05 — cancelling
09:53:26,2018-08-16 09:38:18,CS3,SUBMIT,BUY,100.15,3,bid+1tick=100.15 spread=0.0800 pos=-11L
09:53:26,2018-08-16 09:38:18,CS3,SUBMIT,SELL,100.21,3,ask-1tick=100.21 spread=0.0800 pos=-11L
09:53:26,2018-08-16 09:38:18,CS3,STATUS,,,,bid=100.15(NEW) ask=100.21(NEW) spread=0.0800 pos=-11L
09:53:27,2018-08-16 09:38:18,CS1,SPREAD_TIGHT,,,,spread=0.0400 < 0.05 — cancelling
09:53:28,2018-08-16 09:38:18,CS2,SPREAD_TIGHT,,,,spread=0.0300 < 0.05 — cancelling
09:53:28,2018-08-16 09:38:18,CS3,SPREAD_TIGHT,,,,spread=0.0500 < 0.05 — cancelling
09:53:29,2018-08-16 09:38:21,CS1,SPREAD_TIGHT,,,,spread=0.0500 < 0.05 — cancelling
09:53:30,2018-08-16 09:38:22,CS2,SPREAD_TIGHT,,,,spread=0.0300 < 0.05 — cancelling
09:53:30,2018-08-16 09:38:23,CS3,SPREAD_TIGHT,,,,spread=0.0200 < 0.05 — cancelling
09:53:31,2018-08-16 09:38:24,CS1,SPREAD_TIGHT,,,,spread=0.0400 < 0.05 — cancelling
09:53:32,2018-08-16 09:38:24,CS2,SPREAD_TIGHT,,,,spread=0.0100 < 0.05 — cancelling
09:53:32,2018-08-16 09:38:24,CS3,SPREAD_TIGHT,,,,spread=0.0500 < 0.05 — cancelling
09:53:33,2018-08-16 09:38:26,CS1,SPREAD_TIGHT,,,,spread=0.0500 < 0.05 — cancelling
09:53:34,2018-08-16 09:38:26,CS2,SPREAD_TIGHT,,,,spread=0.0500 < 0.05 — cancelling
09:53:34,2018-08-16 09:38:26,CS3,SPREAD_TIGHT,,,,spread=0.0100 < 0.05 — cancelling
09:53:35,2018-08-16 09:38:28,CS1,SPREAD_TIGHT,,,,spread=-0.0300 < 0.05 — cancelling
09:53:36,2018-08-16 09:38:28,CS2,SPREAD_TIGHT,,,,spread=0.0500 < 0.05 — cancelling
09:53:36,2018-08-16 09:38:28,CS3,SUBMIT,BUY,100.15,3,bid+1tick=100.15 spread=0.0800 pos=-11L
09:53:36,2018-08-16 09:38:28,CS3,SUBMIT,SELL,100.21,3,ask-1tick=100.21 spread=0.0800 pos=-11L
09:53:36,2018-08-16 09:38:28,CS3,STATUS,,,,bid=100.15(NEW) ask=100.21(NEW) spread=0.0800 pos=-11L
09:53:37,2018-08-16 09:38:29,CS1,SPREAD_TIGHT,,,,spread=0.0500 < 0.05 — cancelling
09:53:38,2018-08-16 09:38:29,CS2,SUBMIT,BUY,100.17,3,bid+1tick=100.17 spread=0.0600 pos=-11L
09:53:38,2018-08-16 09:38:29,CS2,SUBMIT,SELL,100.21,3,ask-1tick=100.21 spread=0.0600 pos=-11L
09:53:38,2018-08-16 09:38:29,CS2,STATUS,,,,bid=100.17(NEW) ask=100.21(NEW) spread=0.0600 pos=-11L
09:53:38,2018-08-16 09:38:31,CS3,CANCEL,BUY,100.15,,outside spread bid=100.15 ask=100.21
09:53:39,2018-08-16 09:38:31,CS3,SUBMIT,BUY,100.15,3,bid+1tick=100.15 spread=0.0600 pos=-14L
09:53:39,2018-08-16 09:38:31,CS3,SUBMIT,SELL,100.19,3,ask-1tick=100.19 spread=0.0600 pos=-14L
09:53:39,2018-08-16 09:38:31,CS3,STATUS,,,,bid=100.15(NEW) ask=100.19(NEW) spread=0.0600 pos=-14L
09:53:39,2018-08-16 09:38:32,CS1,SPREAD_TIGHT,,,,spread=0.0300 < 0.05 — cancelling
09:53:40,2018-08-16 09:38:32,CS2,SPREAD_TIGHT,,,,spread=0.0200 < 0.05 — cancelling
09:53:41,2018-08-16 09:38:33,CS3,SPREAD_TIGHT,,,,spread=0.0400 < 0.05 — cancelling
09:53:42,2018-08-16 09:38:33,CS1,SPREAD_TIGHT,,,,spread=0.0500 < 0.05 — cancelling
09:53:42,2018-08-16 09:38:33,CS2,SPREAD_TIGHT,,,,spread=0.0300 < 0.05 — cancelling
09:53:43,2018-08-16 09:38:33,CS3,SUBMIT,BUY,100.15,3,bid+1tick=100.15 spread=0.1200 pos=-14L
