wall_time,sim_time,symbol,event,side,price,lots,detail
23:05:59,2024-02-20 12:45:46,CS1,SUBMIT,BUY,101.43,3,bid+1tick=101.43 spread=0.2000 pos=-5L
23:05:59,2024-02-20 12:45:46,CS1,SUBMIT,SELL,101.61,3,ask-1tick=101.61 spread=0.2000 pos=-5L
23:05:59,2024-02-20 12:45:46,CS1,STATUS,,,,bid=101.43(NEW) ask=101.61(NEW) spread=0.2000 pos=-5L
23:05:59,2024-02-20 12:45:46,CS2,SPREAD_TIGHT,,,,spread=0.0500 < 0.05 — cancelling
23:06:01,2024-02-20 12:45:48,CS1,CANCEL,BUY,101.43,,outside spread bid=101.43 ask=101.59
23:06:01,2024-02-20 12:45:48,CS1,CANCEL,SELL,101.61,,outside spread bid=101.43 ask=101.59
23:06:01,2024-02-20 12:45:48,CS1,SUBMIT,BUY,101.43,3,bid+1tick=101.43 spread=0.1700 pos=-5L
23:06:01,2024-02-20 12:45:48,CS1,SUBMIT,SELL,101.58,3,ask-1tick=101.58 spread=0.1700 pos=-5L
23:06:01,2024-02-20 12:45:48,CS1,STATUS,,,,bid=101.43(NEW) ask=101.58(NEW) spread=0.1700 pos=-5L
23:06:01,2024-02-20 12:45:48,CS2,SUBMIT,BUY,100.81,3,bid+1tick=100.81 spread=0.0600 pos=-20L
23:06:01,2024-02-20 12:45:48,CS2,SUBMIT,SELL,100.85,3,ask-1tick=100.85 spread=0.0600 pos=-20L
23:06:01,2024-02-20 12:45:48,CS2,STATUS,,,,bid=100.81(NEW) ask=100.85(NEW) spread=0.0600 pos=-20L
23:06:03,2024-02-20 12:45:51,CS1,CANCEL,BUY,101.43,,outside spread bid=101.43 ask=101.58
23:06:03,2024-02-20 12:45:51,CS1,CANCEL,SELL,101.58,,outside spread bid=101.43 ask=101.58
23:06:03,2024-02-20 12:45:51,CS1,SUBMIT,BUY,101.43,3,bid+1tick=101.43 spread=0.1700 pos=-5L
23:06:03,2024-02-20 12:45:51,CS1,SUBMIT,SELL,101.58,3,ask-1tick=101.58 spread=0.1700 pos=-5L
23:06:03,2024-02-20 12:45:51,CS1,STATUS,,,,bid=101.43(NEW) ask=101.58(NEW) spread=0.1700 pos=-5L
23:06:03,2024-02-20 12:45:51,CS2,SPREAD_TIGHT,,,,spread=0.0400 < 0.05 — cancelling
23:06:05,2024-02-20 12:45:53,CS1,CANCEL,BUY,101.43,,outside spread bid=101.43 ask=101.55
23:06:05,2024-02-20 12:45:53,CS1,CANCEL,SELL,101.58,,outside spread bid=101.43 ask=101.55
23:06:05,2024-02-20 12:45:53,CS1,SUBMIT,BUY,101.43,3,bid+1tick=101.43 spread=0.1300 pos=-5L
23:06:05,2024-02-20 12:45:53,CS1,SUBMIT,SELL,101.54,3,ask-1tick=101.54 spread=0.1300 pos=-5L
23:06:05,2024-02-20 12:45:53,CS1,STATUS,,,,bid=101.43(NEW) ask=101.54(NEW) spread=0.1300 pos=-5L
23:06:05,2024-02-20 12:45:53,CS2,SPREAD_TIGHT,,,,spread=0.0400 < 0.05 — cancelling
23:06:07,2024-02-20 12:45:54,CS1,SPREAD_TIGHT,,,,spread=0.0200 < 0.05 — cancelling
23:06:07,2024-02-20 12:45:54,CS2,SPREAD_TIGHT,,,,spread=0.0400 < 0.05 — cancelling
23:06:09,2024-02-20 12:45:54,CS1,SPREAD_TIGHT,,,,spread=0.0100 < 0.05 — cancelling
23:06:09,2024-02-20 12:45:54,CS2,SPREAD_TIGHT,,,,spread=0.0400 < 0.05 — cancelling
23:06:11,2024-02-20 12:45:59,CS1,SPREAD_TIGHT,,,,spread=0.0200 < 0.05 — cancelling
23:06:12,2024-02-20 12:45:59,CS2,SPREAD_TIGHT,,,,spread=0.0400 < 0.05 — cancelling
23:06:13,2024-02-20 12:46:00,CS1,SPREAD_TIGHT,,,,spread=0.0200 < 0.05 — cancelling
23:06:14,2024-02-20 12:46:00,CS2,SPREAD_TIGHT,,,,spread=0.0200 < 0.05 — cancelling
23:06:15,2024-02-20 12:46:03,CS1,SPREAD_TIGHT,,,,spread=0.0100 < 0.05 — cancelling
23:06:16,2024-02-20 12:46:03,CS2,SPREAD_TIGHT,,,,spread=0.0400 < 0.05 — cancelling
23:06:17,2024-02-20 12:46:04,CS1,SPREAD_TIGHT,,,,spread=0.0100 < 0.05 — cancelling
23:06:18,2024-02-20 12:46:06,CS2,SPREAD_TIGHT,,,,spread=0.0300 < 0.05 — cancelling
23:06:19,2024-02-20 12:46:06,CS1,SUBMIT,BUY,101.42,3,bid+1tick=101.42 spread=0.1100 pos=-5L
23:06:19,2024-02-20 12:46:06,CS1,SUBMIT,SELL,101.51,3,ask-1tick=101.51 spread=0.1100 pos=-5L
23:06:19,2024-02-20 12:46:06,CS1,STATUS,,,,bid=101.42(NEW) ask=101.51(NEW) spread=0.1100 pos=-5L
23:06:20,2024-02-20 12:46:06,CS2,SUBMIT,BUY,100.81,3,bid+1tick=100.81 spread=0.0800 pos=-23L
23:06:20,2024-02-20 12:46:06,CS2,SUBMIT,SELL,100.87,3,ask-1tick=100.87 spread=0.0800 pos=-23L
23:06:20,2024-02-20 12:46:06,CS2,STATUS,,,,bid=100.81(NEW) ask=100.87(NEW) spread=0.0800 pos=-23L
23:06:21,2024-02-20 12:46:06,CS1,CANCEL,BUY,101.42,,outside spread bid=101.42 ask=101.5
23:06:21,2024-02-20 12:46:06,CS1,CANCEL,SELL,101.51,,outside spread bid=101.42 ask=101.5
23:06:22,2024-02-20 12:46:06,CS1,SUBMIT,BUY,101.42,3,bid+1tick=101.42 spread=0.0900 pos=-5L
23:06:22,2024-02-20 12:46:06,CS1,SUBMIT,SELL,101.49,3,ask-1tick=101.49 spread=0.0900 pos=-5L
23:06:22,2024-02-20 12:46:06,CS1,STATUS,,,,bid=101.42(NEW) ask=101.49(NEW) spread=0.0900 pos=-5L
23:06:22,2024-02-20 12:46:06,CS2,CANCEL,BUY,100.81,,outside spread bid=100.81 ask=100.87
23:06:22,2024-02-20 12:46:06,CS2,CANCEL,SELL,100.87,,outside spread bid=100.81 ask=100.87
23:06:22,2024-02-20 12:46:06,CS2,SUBMIT,BUY,100.81,3,bid+1tick=100.81 spread=0.0800 pos=-23L
23:06:22,2024-02-20 12:46:06,CS2,SUBMIT,SELL,100.87,3,ask-1tick=100.87 spread=0.0800 pos=-23L
23:06:22,2024-02-20 12:46:06,CS2,STATUS,,,,bid=100.81(NEW) ask=100.87(NEW) spread=0.0800 pos=-23L
23:06:23,2024-02-20 12:46:10,CS1,SPREAD_TIGHT,,,,spread=0.0300 < 0.05 — cancelling
23:06:24,2024-02-20 12:46:12,CS2,CANCEL,BUY,100.81,,outside spread bid=100.81 ask=100.87
23:06:25,2024-02-20 12:46:12,CS1,SUBMIT,BUY,101.39,3,bid+1tick=101.39 spread=0.0700 pos=-5L
23:06:25,2024-02-20 12:46:12,CS1,SUBMIT,SELL,101.44,3,ask-1tick=101.44 spread=0.0700 pos=-5L
23:06:25,2024-02-20 12:46:12,CS1,STATUS,,,,bid=101.39(NEW) ask=101.44(NEW) spread=0.0700 pos=-5L
23:06:26,2024-02-20 12:46:14,CS2,SPREAD_TIGHT,,,,spread=0.0200 < 0.05 — cancelling
23:06:27,2024-02-20 12:46:15,CS1,SPREAD_TIGHT,,,,spread=0.0100 < 0.05 — cancelling
23:06:28,2024-02-20 12:46:15,CS2,SPREAD_TIGHT,,,,spread=0.0100 < 0.05 — cancelling
23:06:29,2024-02-20 12:46:16,CS1,SPREAD_TIGHT,,,,spread=0.0300 < 0.05 — cancelling
23:06:30,2024-02-20 12:46:16,CS2,SPREAD_TIGHT,,,,spread=0.0100 < 0.05 — cancelling
23:06:31,2024-02-20 12:46:19,CS1,SUBMIT,BUY,101.39,3,bid+1tick=101.39 spread=0.1100 pos=-2L
23:06:31,2024-02-20 12:46:19,CS1,SUBMIT,SELL,101.48,3,ask-1tick=101.48 spread=0.1100 pos=-2L
23:06:31,2024-02-20 12:46:19,CS1,STATUS,,,,bid=101.39(NEW) ask=101.48(NEW) spread=0.1100 pos=-2L
23:06:32,2024-02-20 12:46:20,CS2,SUBMIT,BUY,100.81,3,bid+1tick=100.81 spread=0.0700 pos=-26L
23:06:32,2024-02-20 12:46:20,CS2,SUBMIT,SELL,100.86,3,ask-1tick=100.86 spread=0.0700 pos=-26L
23:06:32,2024-02-20 12:46:20,CS2,STATUS,,,,bid=100.81(NEW) ask=100.86(NEW) spread=0.0700 pos=-26L
23:06:33,2024-02-20 12:46:21,CS1,CANCEL,BUY,101.39,,outside spread bid=101.39 ask=101.46
23:06:34,2024-02-20 12:46:21,CS1,SUBMIT,BUY,101.39,3,bid+1tick=101.39 spread=0.0800 pos=-5L
23:06:34,2024-02-20 12:46:21,CS1,SUBMIT,SELL,101.45,3,ask-1tick=101.45 spread=0.0800 pos=-5L
23:06:34,2024-02-20 12:46:21,CS1,STATUS,,,,bid=101.39(NEW) ask=101.45(NEW) spread=0.0800 pos=-5L
23:06:34,2024-02-20 12:46:21,CS2,SPREAD_TIGHT,,,,spread=0.0500 < 0.05 — cancelling
23:06:36,2024-02-20 12:46:23,CS1,CANCEL,SELL,101.45,,outside spread bid=101.37 ask=101.45
23:06:36,2024-02-20 12:46:23,CS1,SUBMIT,BUY,101.38,3,bid+1tick=101.38 spread=0.0900 pos=-2L
23:06:36,2024-02-20 12:46:23,CS1,SUBMIT,SELL,101.45,3,ask-1tick=101.45 spread=0.0900 pos=-2L
23:06:36,2024-02-20 12:46:23,CS1,STATUS,,,,bid=101.38(NEW) ask=101.45(NEW) spread=0.0900 pos=-2L
23:06:36,2024-02-20 12:46:23,CS2,SUBMIT,BUY,100.81,3,bid+1tick=100.81 spread=0.0700 pos=-26L
23:06:36,2024-02-20 12:46:23,CS2,SUBMIT,SELL,100.86,3,ask-1tick=100.86 spread=0.0700 pos=-26L
23:06:36,2024-02-20 12:46:23,CS2,STATUS,,,,bid=100.81(NEW) ask=100.86(NEW) spread=0.0700 pos=-26L
23:06:38,2024-02-20 12:46:25,CS1,SPREAD_TIGHT,,,,spread=0.0200 < 0.05 — cancelling
23:06:38,2024-02-20 12:46:25,CS2,CANCEL,SELL,100.86,,outside spread bid=100.79 ask=100.86
23:06:39,2024-02-20 12:46:25,CS2,SUBMIT,BUY,100.8,3,bid+1tick=100.8 spread=0.0800 pos=-23L
23:06:39,2024-02-20 12:46:25,CS2,SUBMIT,SELL,100.86,3,ask-1tick=100.86 spread=0.0800 pos=-23L
23:06:39,2024-02-20 12:46:25,CS2,STATUS,,,,bid=100.8(NEW) ask=100.86(NEW) spread=0.0800 pos=-23L
23:06:40,2024-02-20 12:46:28,CS1,SPREAD_TIGHT,,,,spread=0.0300 < 0.05 — cancelling
23:06:40,2024-02-20 12:46:28,CS2,CANCEL,SELL,100.86,,outside spread bid=100.76 ask=100.82
23:06:41,2024-02-20 12:46:28,CS2,SUBMIT,BUY,100.77,3,bid+1tick=100.77 spread=0.0600 pos=-20L
23:06:41,2024-02-20 12:46:28,CS2,SUBMIT,SELL,100.81,3,ask-1tick=100.81 spread=0.0600 pos=-20L
23:06:41,2024-02-20 12:46:28,CS2,STATUS,,,,bid=100.77(NEW) ask=100.81(NEW) spread=0.0600 pos=-20L
23:06:42,2024-02-20 12:46:30,CS1,SPREAD_TIGHT,,,,spread=0.0300 < 0.05 — cancelling
23:06:43,2024-02-20 12:46:31,CS2,SPREAD_TIGHT,,,,spread=0.0200 < 0.05 — cancelling
23:06:44,2024-02-20 12:46:32,CS1,SPREAD_TIGHT,,,,spread=0.0300 < 0.05 — cancelling
23:06:45,2024-02-20 12:46:32,CS2,SUBMIT,BUY,100.75,3,bid+1tick=100.75 spread=0.1600 pos=-17L
23:06:45,2024-02-20 12:46:32,CS2,SUBMIT,SELL,100.89,3,ask-1tick=100.89 spread=0.1600 pos=-17L
23:06:45,2024-02-20 12:46:32,CS2,STATUS,,,,bid=100.75(NEW) ask=100.89(NEW) spread=0.1600 pos=-17L
23:06:46,2024-02-20 12:46:34,CS1,SPREAD_TIGHT,,,,spread=0.0300 < 0.05 — cancelling
23:06:47,2024-02-20 12:46:34,CS2,CANCEL,BUY,100.75,,outside spread bid=100.75 ask=100.89
23:06:47,2024-02-20 12:46:34,CS2,CANCEL,SELL,100.89,,outside spread bid=100.75 ask=100.89
23:06:47,2024-02-20 12:46:34,CS2,SUBMIT,BUY,100.75,3,bid+1tick=100.75 spread=0.0900 pos=-17L
23:06:47,2024-02-20 12:46:34,CS2,SUBMIT,SELL,100.82,3,ask-1tick=100.82 spread=0.0900 pos=-17L
23:06:47,2024-02-20 12:46:34,CS2,STATUS,,,,bid=100.75(NEW) ask=100.82(NEW) spread=0.0900 pos=-17L
23:06:48,2024-02-20 12:46:36,CS1,SPREAD_TIGHT,,,,spread=0.0200 < 0.05 — cancelling
23:06:49,2024-02-20 12:46:37,CS2,CANCEL,SELL,100.82,,outside spread bid=100.73 ask=100.82
23:06:49,2024-02-20 12:46:37,CS2,SUBMIT,BUY,100.74,3,bid+1tick=100.74 spread=0.1000 pos=-14L
23:06:49,2024-02-20 12:46:37,CS2,SUBMIT,SELL,100.82,3,ask-1tick=100.82 spread=0.1000 pos=-14L
23:06:49,2024-02-20 12:46:37,CS2,STATUS,,,,bid=100.74(NEW) ask=100.82(NEW) spread=0.1000 pos=-14L
23:06:50,2024-02-20 12:46:37,CS1,SPREAD_TIGHT,,,,spread=0.0100 < 0.05 — cancelling
23:06:51,2024-02-20 12:46:39,CS2,SPREAD_TIGHT,,,,spread=0.0200 < 0.05 — cancelling
23:06:52,2024-02-20 12:46:39,CS1,SPREAD_TIGHT,,,,spread=0.0100 < 0.05 — cancelling
23:06:53,2024-02-20 12:46:41,CS2,SPREAD_TIGHT,,,,spread=0.0200 < 0.05 — cancelling
23:06:54,2024-02-20 12:46:41,CS1,SPREAD_TIGHT,,,,spread=0.0100 < 0.05 — cancelling
23:06:55,2024-02-20 12:46:41,CS2,SPREAD_TIGHT,,,,spread=0.0300 < 0.05 — cancelling
23:06:56,2024-02-20 12:46:44,CS1,SPREAD_TIGHT,,,,spread=0.0100 < 0.05 — cancelling
23:06:57,2024-02-20 12:46:45,CS2,SPREAD_TIGHT,,,,spread=0.0200 < 0.05 — cancelling
23:06:58,2024-02-20 12:46:47,CS1,SPREAD_TIGHT,,,,spread=0.0100 < 0.05 — cancelling
23:06:59,2024-02-20 12:46:47,CS2,SUBMIT,BUY,100.78,3,bid+1tick=100.78 spread=0.0800 pos=-14L
23:06:59,2024-02-20 12:46:47,CS2,SUBMIT,SELL,100.84,3,ask-1tick=100.84 spread=0.0800 pos=-14L
23:06:59,2024-02-20 12:46:47,CS2,STATUS,,,,bid=100.78(NEW) ask=100.84(NEW) spread=0.0800 pos=-14L
23:07:01,2024-02-20 12:46:49,CS1,SPREAD_TIGHT,,,,spread=0.0200 < 0.05 — cancelling
23:07:01,2024-02-20 12:46:49,CS2,SPREAD_TIGHT,,,,spread=0.0200 < 0.05 — cancelling
23:07:03,2024-02-20 12:46:50,CS1,SPREAD_TIGHT,,,,spread=0.0500 < 0.05 — cancelling
23:07:03,2024-02-20 12:46:51,CS2,SPREAD_TIGHT,,,,spread=0.0400 < 0.05 — cancelling
23:07:05,2024-02-20 12:46:52,CS1,SUBMIT,BUY,101.44,3,bid+1tick=101.44 spread=0.0600 pos=-2L
23:07:05,2024-02-20 12:46:52,CS1,SUBMIT,SELL,101.48,3,ask-1tick=101.48 spread=0.0600 pos=-2L
23:07:05,2024-02-20 12:46:52,CS1,STATUS,,,,bid=101.44(NEW) ask=101.48(NEW) spread=0.0600 pos=-2L
23:07:05,2024-02-20 12:46:53,CS2,SPREAD_TIGHT,,,,spread=0.0500 < 0.05 — cancelling
23:07:07,2024-02-20 12:46:55,CS1,CANCEL,SELL,101.48,,outside spread bid=101.37 ask=101.48
23:07:07,2024-02-20 12:46:55,CS1,SUBMIT,BUY,101.38,3,bid+1tick=101.38 spread=0.1200 pos=+1L
23:07:07,2024-02-20 12:46:55,CS1,SUBMIT,SELL,101.48,3,ask-1tick=101.48 spread=0.1200 pos=+1L
23:07:07,2024-02-20 12:46:55,CS1,STATUS,,,,bid=101.38(NEW) ask=101.48(NEW) spread=0.1200 pos=+1L
23:07:07,2024-02-20 12:46:56,CS2,SPREAD_TIGHT,,,,spread=0.0100 < 0.05 — cancelling
23:07:09,2024-02-20 12:46:57,CS1,CANCEL,BUY,101.38,,outside spread bid=101.38 ask=101.5
23:07:09,2024-02-20 12:46:57,CS1,SUBMIT,BUY,101.38,3,bid+1tick=101.38 spread=0.1300 pos=-2L
23:07:09,2024-02-20 12:46:57,CS1,SUBMIT,SELL,101.49,3,ask-1tick=101.49 spread=0.1300 pos=-2L
23:07:09,2024-02-20 12:46:57,CS1,STATUS,,,,bid=101.38(NEW) ask=101.49(NEW) spread=0.1300 pos=-2L
23:07:10,2024-02-20 12:46:57,CS2,SUBMIT,BUY,100.78,3,bid+1tick=100.78 spread=0.0800 pos=-11L
23:07:10,2024-02-20 12:46:57,CS2,SUBMIT,SELL,100.84,3,ask-1tick=100.84 spread=0.0800 pos=-11L
23:07:10,2024-02-20 12:46:57,CS2,STATUS,,,,bid=100.78(NEW) ask=100.84(NEW) spread=0.0800 pos=-11L
23:07:11,2024-02-20 12:46:57,CS1,SPREAD_TIGHT,,,,spread=0.0100 < 0.05 — cancelling
23:07:12,2024-02-20 12:46:57,CS2,CANCEL,BUY,100.78,,outside spread bid=100.78 ask=100.84
23:07:12,2024-02-20 12:46:57,CS2,CANCEL,SELL,100.84,,outside spread bid=100.78 ask=100.84
23:07:12,2024-02-20 12:46:57,CS2,SUBMIT,BUY,100.79,3,bid+1tick=100.79 spread=0.0700 pos=-11L
23:07:12,2024-02-20 12:46:57,CS2,SUBMIT,SELL,100.84,3,ask-1tick=100.84 spread=0.0700 pos=-11L
23:07:12,2024-02-20 12:46:57,CS2,STATUS,,,,bid=100.79(NEW) ask=100.84(NEW) spread=0.0700 pos=-11L
23:07:13,2024-02-20 12:47:01,CS1,SPREAD_TIGHT,,,,spread=0.0100 < 0.05 — cancelling
23:07:14,2024-02-20 12:47:01,CS2,SPREAD_TIGHT,,,,spread=0.0500 < 0.05 — cancelling
23:07:15,2024-02-20 12:47:03,CS1,SPREAD_TIGHT,,,,spread=0.0200 < 0.05 — cancelling
23:07:16,2024-02-20 12:47:03,CS2,SUBMIT,BUY,100.8,3,bid+1tick=100.8 spread=0.0600 pos=-11L
23:07:16,2024-02-20 12:47:03,CS2,SUBMIT,SELL,100.84,3,ask-1tick=100.84 spread=0.0600 pos=-11L
23:07:16,2024-02-20 12:47:03,CS2,STATUS,,,,bid=100.8(NEW) ask=100.84(NEW) spread=0.0600 pos=-11L
23:07:17,2024-02-20 12:47:05,CS1,SPREAD_TIGHT,,,,spread=0.0500 < 0.05 — cancelling
23:07:18,2024-02-20 12:47:06,CS2,SPREAD_TIGHT,,,,spread=0.0100 < 0.05 — cancelling
23:07:19,2024-02-20 12:47:06,CS1,SPREAD_TIGHT,,,,spread=0.0200 < 0.05 — cancelling
23:07:20,2024-02-20 12:47:08,CS2,SPREAD_TIGHT,,,,spread=0.0200 < 0.05 — cancelling
23:07:21,2024-02-20 12:47:09,CS1,SUBMIT,BUY,101.43,3,bid+1tick=101.43 spread=0.0800 pos=+1L
23:07:21,2024-02-20 12:47:09,CS1,SUBMIT,SELL,101.49,3,ask-1tick=101.49 spread=0.0800 pos=+1L
23:07:21,2024-02-20 12:47:09,CS1,STATUS,,,,bid=101.43(NEW) ask=101.49(NEW) spread=0.0800 pos=+1L
23:07:22,2024-02-20 12:47:10,CS2,SUBMIT,BUY,100.75,3,bid+1tick=100.75 spread=0.0600 pos=-11L
23:07:22,2024-02-20 12:47:10,CS2,SUBMIT,SELL,100.79,3,ask-1tick=100.79 spread=0.0600 pos=-11L
23:07:22,2024-02-20 12:47:10,CS2,STATUS,,,,bid=100.75(NEW) ask=100.79(NEW) spread=0.0600 pos=-11L
23:07:23,2024-02-20 12:47:11,CS1,CANCEL,SELL,101.49,,outside spread bid=101.36 ask=101.43
23:07:24,2024-02-20 12:47:11,CS1,SUBMIT,BUY,101.39,3,bid+1tick=101.39 spread=0.0500 pos=+4L
23:07:24,2024-02-20 12:47:11,CS1,SUBMIT,SELL,101.42,3,ask-1tick=101.42 spread=0.0500 pos=+4L
23:07:24,2024-02-20 12:47:11,CS1,STATUS,,,,bid=101.39(NEW) ask=101.42(NEW) spread=0.0500 pos=+4L
23:07:24,2024-02-20 12:47:11,CS2,SPREAD_TIGHT,,,,spread=0.0200 < 0.05 — cancelling
23:07:25,2024-02-20 12:47:11,CS1,SPREAD_TIGHT,,,,spread=0.0300 < 0.05 — cancelling
23:07:26,2024-02-20 12:47:11,CS2,SPREAD_TIGHT,,,,spread=0.0300 < 0.05 — cancelling
23:07:27,2024-02-20 12:47:15,CS1,SUBMIT,BUY,101.39,3,bid+1tick=101.39 spread=0.0500 pos=+4L
23:07:27,2024-02-20 12:47:15,CS1,SUBMIT,SELL,101.42,3,ask-1tick=101.42 spread=0.0500 pos=+4L
23:07:27,2024-02-20 12:47:15,CS1,STATUS,,,,bid=101.39(NEW) ask=101.42(NEW) spread=0.0500 pos=+4L
23:07:28,2024-02-20 12:47:15,CS2,SPREAD_TIGHT,,,,spread=0.0300 < 0.05 — cancelling
23:07:29,2024-02-20 12:47:17,CS1,SPREAD_TIGHT,,,,spread=0.0300 < 0.05 — cancelling
23:07:30,2024-02-20 12:47:17,CS2,SUBMIT,BUY,100.75,3,bid+1tick=100.75 spread=0.0600 pos=-11L
23:07:30,2024-02-20 12:47:17,CS2,SUBMIT,SELL,100.79,3,ask-1tick=100.79 spread=0.0600 pos=-11L
23:07:30,2024-02-20 12:47:17,CS2,STATUS,,,,bid=100.75(NEW) ask=100.79(NEW) spread=0.0600 pos=-11L
23:07:32,2024-02-20 12:47:19,CS1,SUBMIT,BUY,101.39,3,bid+1tick=101.39 spread=0.0500 pos=+4L
23:07:32,2024-02-20 12:47:19,CS1,SUBMIT,SELL,101.42,3,ask-1tick=101.42 spread=0.0500 pos=+4L
23:07:32,2024-02-20 12:47:19,CS1,STATUS,,,,bid=101.39(NEW) ask=101.42(NEW) spread=0.0500 pos=+4L
23:07:32,2024-02-20 12:47:19,CS2,SPREAD_TIGHT,,,,spread=0.0100 < 0.05 — cancelling
23:07:34,2024-02-20 12:47:21,CS1,SPREAD_TIGHT,,,,spread=0.0100 < 0.05 — cancelling
23:07:34,2024-02-20 12:47:21,CS2,SPREAD_TIGHT,,,,spread=0.0100 < 0.05 — cancelling
23:07:36,2024-02-20 12:47:23,CS1,SPREAD_TIGHT,,,,spread=0.0200 < 0.05 — cancelling
23:07:36,2024-02-20 12:47:24,CS2,SPREAD_TIGHT,,,,spread=0.0100 < 0.05 — cancelling
23:07:38,2024-02-20 12:47:25,CS1,SPREAD_TIGHT,,,,spread=0.0100 < 0.05 — cancelling
23:07:38,2024-02-20 12:47:25,CS2,SPREAD_TIGHT,,,,spread=0.0100 < 0.05 — cancelling
23:07:40,2024-02-20 12:47:25,CS1,SPREAD_TIGHT,,,,spread=0.0100 < 0.05 — cancelling
23:07:40,2024-02-20 12:47:25,CS2,SPREAD_TIGHT,,,,spread=0.0400 < 0.05 — cancelling
23:07:42,2024-02-20 12:47:30,CS1,SPREAD_TIGHT,,,,spread=0.0100 < 0.05 — cancelling
23:07:42,2024-02-20 12:47:30,CS2,SUBMIT,BUY,100.75,3,bid+1tick=100.75 spread=0.0800 pos=-14L
23:07:42,2024-02-20 12:47:30,CS2,SUBMIT,SELL,100.81,3,ask-1tick=100.81 spread=0.0800 pos=-14L
23:07:42,2024-02-20 12:47:30,CS2,STATUS,,,,bid=100.75(NEW) ask=100.81(NEW) spread=0.0800 pos=-14L
23:07:44,2024-02-20 12:47:32,CS1,SPREAD_TIGHT,,,,spread=0.0300 < 0.05 — cancelling
23:07:44,2024-02-20 12:47:32,CS2,SPREAD_TIGHT,,,,spread=0.0100 < 0.05 — cancelling
23:07:46,2024-02-20 12:47:33,CS1,SPREAD_TIGHT,,,,spread=0.0200 < 0.05 — cancelling
23:07:46,2024-02-20 12:47:33,CS2,SPREAD_TIGHT,,,,spread=0.0100 < 0.05 — cancelling
23:07:48,2024-02-20 12:47:33,CS1,SPREAD_TIGHT,,,,spread=0.0200 < 0.05 — cancelling
23:07:49,2024-02-20 12:47:37,CS2,SPREAD_TIGHT,,,,spread=0.0100 < 0.05 — cancelling
23:07:50,2024-02-20 12:47:38,CS1,SUBMIT,BUY,101.41,3,bid+1tick=101.41 spread=0.0600 pos=+4L
23:07:50,2024-02-20 12:47:38,CS1,SUBMIT,SELL,101.45,3,ask-1tick=101.45 spread=0.0600 pos=+4L
23:07:50,2024-02-20 12:47:38,CS1,STATUS,,,,bid=101.41(NEW) ask=101.45(NEW) spread=0.0600 pos=+4L
23:07:51,2024-02-20 12:47:38,CS2,SPREAD_TIGHT,,,,spread=0.0100 < 0.05 — cancelling
23:07:52,2024-02-20 12:47:40,CS1,SPREAD_TIGHT,,,,spread=0.0300 < 0.05 — cancelling
23:07:53,2024-02-20 12:47:40,CS2,SPREAD_TIGHT,,,,spread=0.0100 < 0.05 — cancelling
23:07:54,2024-02-20 12:47:42,CS1,SPREAD_TIGHT,,,,spread=0.0300 < 0.05 — cancelling
23:07:55,2024-02-20 12:47:43,CS2,SUBMIT,BUY,100.75,3,bid+1tick=100.75 spread=0.0700 pos=-14L
23:07:55,2024-02-20 12:47:43,CS2,SUBMIT,SELL,100.8,3,ask-1tick=100.8 spread=0.0700 pos=-14L
23:07:55,2024-02-20 12:47:43,CS2,STATUS,,,,bid=100.75(NEW) ask=100.8(NEW) spread=0.0700 pos=-14L
23:07:56,2024-02-20 12:47:44,CS1,SUBMIT,BUY,101.39,3,bid+1tick=101.39 spread=0.0800 pos=+1L
23:07:56,2024-02-20 12:47:44,CS1,SUBMIT,SELL,101.45,3,ask-1tick=101.45 spread=0.0800 pos=+1L
23:07:56,2024-02-20 12:47:44,CS1,STATUS,,,,bid=101.39(NEW) ask=101.45(NEW) spread=0.0800 pos=+1L
23:07:57,2024-02-20 12:47:45,CS2,SUBMIT,BUY,100.75,3,bid+1tick=100.75 spread=0.0900 pos=-14L
23:07:57,2024-02-20 12:47:45,CS2,SUBMIT,SELL,100.82,3,ask-1tick=100.82 spread=0.0900 pos=-14L
23:07:57,2024-02-20 12:47:45,CS2,STATUS,,,,bid=100.75(NEW) ask=100.82(NEW) spread=0.0900 pos=-14L
23:07:58,2024-02-20 12:47:46,CS1,CANCEL,BUY,101.39,,outside spread bid=101.39 ask=101.45
23:07:58,2024-02-20 12:47:46,CS1,CANCEL,SELL,101.45,,outside spread bid=101.39 ask=101.45
23:07:59,2024-02-20 12:47:46,CS1,SUBMIT,BUY,101.39,3,bid+1tick=101.39 spread=0.0700 pos=+1L
23:07:59,2024-02-20 12:47:46,CS1,SUBMIT,SELL,101.44,3,ask-1tick=101.44 spread=0.0700 pos=+1L
23:07:59,2024-02-20 12:47:46,CS1,STATUS,,,,bid=101.39(NEW) ask=101.44(NEW) spread=0.0700 pos=+1L
23:07:59,2024-02-20 12:47:46,CS2,CANCEL,SELL,100.82,,outside spread bid=100.72 ask=100.82
23:07:59,2024-02-20 12:47:46,CS2,SUBMIT,BUY,100.73,3,bid+1tick=100.73 spread=0.1100 pos=-11L
23:07:59,2024-02-20 12:47:46,CS2,SUBMIT,SELL,100.82,3,ask-1tick=100.82 spread=0.1100 pos=-11L
23:07:59,2024-02-20 12:47:46,CS2,STATUS,,,,bid=100.73(NEW) ask=100.82(NEW) spread=0.1100 pos=-11L
23:08:00,2024-02-20 12:47:48,CS1,SPREAD_TIGHT,,,,spread=0.0300 < 0.05 — cancelling
23:08:01,2024-02-20 12:47:49,CS2,SPREAD_TIGHT,,,,spread=0.0100 < 0.05 — cancelling
23:08:02,2024-02-20 12:47:50,CS1,SUBMIT,BUY,101.39,3,bid+1tick=101.39 spread=0.0700 pos=+4L
23:08:02,2024-02-20 12:47:50,CS1,SUBMIT,SELL,101.44,3,ask-1tick=101.44 spread=0.0700 pos=+4L
23:08:02,2024-02-20 12:47:50,CS1,STATUS,,,,bid=101.39(NEW) ask=101.44(NEW) spread=0.0700 pos=+4L
23:08:03,2024-02-20 12:47:50,CS2,SPREAD_TIGHT,,,,spread=0.0100 < 0.05 — cancelling
23:08:04,2024-02-20 12:47:51,CS1,SPREAD_TIGHT,,,,spread=0.0100 < 0.05 — cancelling
23:08:05,2024-02-20 12:47:53,CS2,SPREAD_TIGHT,,,,spread=0.0500 < 0.05 — cancelling
23:08:06,2024-02-20 12:47:53,CS1,SPREAD_TIGHT,,,,spread=0.0200 < 0.05 — cancelling
23:08:07,2024-02-20 12:47:53,CS2,SPREAD_TIGHT,,,,spread=0.0100 < 0.05 — cancelling
23:08:08,2024-02-20 12:47:56,CS1,SUBMIT,BUY,101.39,3,bid+1tick=101.39 spread=0.0700 pos=+4L
23:08:08,2024-02-20 12:47:56,CS1,SUBMIT,SELL,101.44,3,ask-1tick=101.44 spread=0.0700 pos=+4L
23:08:08,2024-02-20 12:47:56,CS1,STATUS,,,,bid=101.39(NEW) ask=101.44(NEW) spread=0.0700 pos=+4L
23:08:09,2024-02-20 12:47:57,CS2,SPREAD_TIGHT,,,,spread=0.0100 < 0.05 — cancelling
23:08:10,2024-02-20 12:47:57,CS1,SPREAD_TIGHT,,,,spread=0.0200 < 0.05 — cancelling
23:08:11,2024-02-20 12:47:57,CS2,SPREAD_TIGHT,,,,spread=0.0100 < 0.05 — cancelling
23:08:13,2024-02-20 12:48:01,CS1,SPREAD_TIGHT,,,,spread=0.0100 < 0.05 — cancelling
23:08:13,2024-02-20 12:48:01,CS2,SPREAD_TIGHT,,,,spread=0.0200 < 0.05 — cancelling
23:08:15,2024-02-20 12:48:02,CS1,SPREAD_TIGHT,,,,spread=0.0100 < 0.05 — cancelling
23:08:15,2024-02-20 12:48:02,CS2,SPREAD_TIGHT,,,,spread=0.0100 < 0.05 — cancelling
23:08:17,2024-02-20 12:48:05,CS1,SPREAD_TIGHT,,,,spread=0.0300 < 0.05 — cancelling
23:08:17,2024-02-20 12:48:05,CS2,SPREAD_TIGHT,,,,spread=0.0200 < 0.05 — cancelling
23:08:19,2024-02-20 12:48:07,CS1,SPREAD_TIGHT,,,,spread=0.0200 < 0.05 — cancelling
23:08:19,2024-02-20 12:48:07,CS2,SPREAD_TIGHT,,,,spread=0.0400 < 0.05 — cancelling
23:08:21,2024-02-20 12:48:09,CS1,SPREAD_TIGHT,,,,spread=0.0400 < 0.05 — cancelling
23:08:21,2024-02-20 12:48:09,CS2,SUBMIT,BUY,100.77,3,bid+1tick=100.77 spread=0.0700 pos=-8L
23:08:21,2024-02-20 12:48:09,CS2,SUBMIT,SELL,100.82,3,ask-1tick=100.82 spread=0.0700 pos=-8L
23:08:21,2024-02-20 12:48:09,CS2,STATUS,,,,bid=100.77(NEW) ask=100.82(NEW) spread=0.0700 pos=-8L
23:08:23,2024-02-20 12:48:11,CS1,SPREAD_TIGHT,,,,spread=0.0400 < 0.05 — cancelling
23:08:23,2024-02-20 12:48:11,CS2,CANCEL,BUY,100.77,,outside spread bid=100.77 ask=100.83
23:08:24,2024-02-20 12:48:11,CS2,SUBMIT,BUY,100.77,3,bid+1tick=100.77 spread=0.0700 pos=-11L
23:08:24,2024-02-20 12:48:11,CS2,SUBMIT,SELL,100.82,3,ask-1tick=100.82 spread=0.0700 pos=-11L
23:08:24,2024-02-20 12:48:11,CS2,STATUS,,,,bid=100.77(NEW) ask=100.82(NEW) spread=0.0700 pos=-11L
23:08:25,2024-02-20 12:48:13,CS1,SPREAD_TIGHT,,,,spread=0.0400 < 0.05 — cancelling
23:08:26,2024-02-20 12:48:14,CS2,SUBMIT,BUY,100.77,3,bid+1tick=100.77 spread=0.0800 pos=-11L
23:08:26,2024-02-20 12:48:14,CS2,SUBMIT,SELL,100.83,3,ask-1tick=100.83 spread=0.0800 pos=-11L
23:08:26,2024-02-20 12:48:14,CS2,STATUS,,,,bid=100.77(NEW) ask=100.83(NEW) spread=0.0800 pos=-11L
23:08:27,2024-02-20 12:48:14,CS1,SPREAD_TIGHT,,,,spread=0.0400 < 0.05 — cancelling
23:08:28,2024-02-20 12:48:16,CS2,CANCEL,BUY,100.77,,outside spread bid=100.77 ask=100.83
23:08:28,2024-02-20 12:48:16,CS2,CANCEL,SELL,100.83,,outside spread bid=100.77 ask=100.83
23:08:29,2024-02-20 12:48:17,CS1,SUBMIT,BUY,101.33,3,bid+1tick=101.33 spread=0.0700 pos=+7L
23:08:29,2024-02-20 12:48:17,CS1,SUBMIT,SELL,101.38,3,ask-1tick=101.38 spread=0.0700 pos=+7L
23:08:29,2024-02-20 12:48:17,CS1,STATUS,,,,bid=101.33(NEW) ask=101.38(NEW) spread=0.0700 pos=+7L
23:08:30,2024-02-20 12:48:17,CS2,SUBMIT,BUY,100.76,3,bid+1tick=100.76 spread=0.1200 pos=-14L
23:08:30,2024-02-20 12:48:17,CS2,SUBMIT,SELL,100.86,3,ask-1tick=100.86 spread=0.1200 pos=-14L
23:08:30,2024-02-20 12:48:17,CS2,STATUS,,,,bid=100.76(NEW) ask=100.86(NEW) spread=0.1200 pos=-14L
23:08:31,2024-02-20 12:48:17,CS1,SPREAD_TIGHT,,,,spread=0.0500 < 0.05 — cancelling
23:08:32,2024-02-20 12:48:20,CS2,CANCEL,BUY,100.76,,outside spread bid=100.76 ask=100.86
23:08:32,2024-02-20 12:48:20,CS2,CANCEL,SELL,100.86,,outside spread bid=100.76 ask=100.86
23:08:33,2024-02-20 12:48:21,CS1,SPREAD_TIGHT,,,,spread=0.0400 < 0.05 — cancelling
23:08:34,2024-02-20 12:48:21,CS2,SPREAD_TIGHT,,,,spread=0.0400 < 0.05 — cancelling
23:08:35,2024-02-20 12:48:23,CS1,SPREAD_TIGHT,,,,spread=0.0100 < 0.05 — cancelling
23:08:36,2024-02-20 12:48:24,CS2,SPREAD_TIGHT,,,,spread=0.0400 < 0.05 — cancelling
23:08:37,2024-02-20 12:48:25,CS1,SUBMIT,BUY,101.28,3,bid+1tick=101.28 spread=0.0700 pos=+7L
23:08:37,2024-02-20 12:48:25,CS1,SUBMIT,SELL,101.33,3,ask-1tick=101.33 spread=0.0700 pos=+7L
23:08:37,2024-02-20 12:48:25,CS1,STATUS,,,,bid=101.28(NEW) ask=101.33(NEW) spread=0.0700 pos=+7L
23:08:38,2024-02-20 12:48:26,CS2,SPREAD_TIGHT,,,,spread=0.0400 < 0.05 — cancelling
23:08:39,2024-02-20 12:48:26,CS1,CANCEL,SELL,101.33,,outside spread bid=101.26 ask=101.33
23:08:40,2024-02-20 12:48:26,CS1,SUBMIT,BUY,101.27,3,bid+1tick=101.27 spread=0.0800 pos=+10L
23:08:40,2024-02-20 12:48:26,CS1,SUBMIT,SELL,101.33,3,ask-1tick=101.33 spread=0.0800 pos=+10L
23:08:40,2024-02-20 12:48:26,CS1,STATUS,,,,bid=101.27(NEW) ask=101.33(NEW) spread=0.0800 pos=+10L
23:08:40,2024-02-20 12:48:28,CS2,SUBMIT,BUY,100.73,3,bid+1tick=100.73 spread=0.0600 pos=-14L
23:08:40,2024-02-20 12:48:28,CS2,SUBMIT,SELL,100.77,3,ask-1tick=100.77 spread=0.0600 pos=-14L
23:08:40,2024-02-20 12:48:28,CS2,STATUS,,,,bid=100.73(NEW) ask=100.77(NEW) spread=0.0600 pos=-14L
23:08:41,2024-02-20 12:48:28,CS1,CANCEL,BUY,101.27,,outside spread bid=101.27 ask=101.33
23:08:42,2024-02-20 12:48:28,CS1,CANCEL,SELL,101.33,,outside spread bid=101.27 ask=101.33
23:08:42,2024-02-20 12:48:28,CS1,SUBMIT,BUY,101.27,3,bid+1tick=101.27 spread=0.0600 pos=+10L
23:08:42,2024-02-20 12:48:28,CS1,SUBMIT,SELL,101.31,3,ask-1tick=101.31 spread=0.0600 pos=+10L
23:08:42,2024-02-20 12:48:28,CS1,STATUS,,,,bid=101.27(NEW) ask=101.31(NEW) spread=0.0600 pos=+10L
23:08:42,2024-02-20 12:48:28,CS2,SPREAD_TIGHT,,,,spread=0.0400 < 0.05 — cancelling
23:08:43,2024-02-20 12:48:32,CS1,SPREAD_TIGHT,,,,spread=0.0100 < 0.05 — cancelling
23:08:44,2024-02-20 12:48:32,CS2,SPREAD_TIGHT,,,,spread=0.0100 < 0.05 — cancelling
23:08:46,2024-02-20 12:48:33,CS1,SPREAD_TIGHT,,,,spread=0.0200 < 0.05 — cancelling
23:08:46,2024-02-20 12:48:34,CS2,SPREAD_TIGHT,,,,spread=0.0100 < 0.05 — cancelling
23:08:48,2024-02-20 12:48:35,CS1,SPREAD_TIGHT,,,,spread=0.0200 < 0.05 — cancelling
23:08:48,2024-02-20 12:48:35,CS2,SPREAD_TIGHT,,,,spread=0.0100 < 0.05 — cancelling
23:08:50,2024-02-20 12:48:37,CS1,SPREAD_TIGHT,,,,spread=0.0200 < 0.05 — cancelling
23:08:50,2024-02-20 12:48:37,CS2,SPREAD_TIGHT,,,,spread=0.0200 < 0.05 — cancelling
23:08:52,2024-02-20 12:48:40,CS1,SPREAD_TIGHT,,,,spread=0.0200 < 0.05 — cancelling
23:08:52,2024-02-20 12:48:40,CS2,SPREAD_TIGHT,,,,spread=0.0100 < 0.05 — cancelling
23:08:54,2024-02-20 12:48:42,CS1,SPREAD_TIGHT,,,,spread=0.0200 < 0.05 — cancelling
23:08:54,2024-02-20 12:48:42,CS2,SPREAD_TIGHT,,,,spread=0.0200 < 0.05 — cancelling
23:08:56,2024-02-20 12:48:43,CS1,SPREAD_TIGHT,,,,spread=0.0500 < 0.05 — cancelling
23:08:56,2024-02-20 12:48:43,CS2,SUBMIT,BUY,100.73,3,bid+1tick=100.73 spread=0.0600 pos=-14L
23:08:56,2024-02-20 12:48:43,CS2,SUBMIT,SELL,100.77,3,ask-1tick=100.77 spread=0.0600 pos=-14L
23:08:56,2024-02-20 12:48:43,CS2,STATUS,,,,bid=100.73(NEW) ask=100.77(NEW) spread=0.0600 pos=-14L
23:08:58,2024-02-20 12:48:45,CS1,SPREAD_TIGHT,,,,spread=0.0500 < 0.05 — cancelling
23:08:58,2024-02-20 12:48:45,CS2,SPREAD_TIGHT,,,,spread=0.0100 < 0.05 — cancelling
23:09:00,2024-02-20 12:48:47,CS1,SPREAD_TIGHT,,,,spread=0.0500 < 0.05 — cancelling
23:09:00,2024-02-20 12:48:47,CS2,SPREAD_TIGHT,,,,spread=0.0200 < 0.05 — cancelling
23:09:02,2024-02-20 12:48:50,CS1,SPREAD_TIGHT,,,,spread=0.0500 < 0.05 — cancelling
23:09:03,2024-02-20 12:48:50,CS2,SUBMIT,BUY,100.69,3,bid+1tick=100.69 spread=0.1000 pos=-11L
23:09:03,2024-02-20 12:48:50,CS2,SUBMIT,SELL,100.77,3,ask-1tick=100.77 spread=0.1000 pos=-11L
23:09:03,2024-02-20 12:48:50,CS2,STATUS,,,,bid=100.69(NEW) ask=100.77(NEW) spread=0.1000 pos=-11L
23:09:04,2024-02-20 12:48:52,CS1,SPREAD_TIGHT,,,,spread=0.0500 < 0.05 — cancelling
23:09:05,2024-02-20 12:48:53,CS2,CANCEL,BUY,100.69,,outside spread bid=100.69 ask=100.77
23:09:05,2024-02-20 12:48:53,CS2,CANCEL,SELL,100.77,,outside spread bid=100.69 ask=100.77
23:09:05,2024-02-20 12:48:53,CS2,SUBMIT,BUY,100.69,3,bid+1tick=100.69 spread=0.1000 pos=-11L
23:09:05,2024-02-20 12:48:53,CS2,SUBMIT,SELL,100.77,3,ask-1tick=100.77 spread=0.1000 pos=-11L
23:09:05,2024-02-20 12:48:53,CS2,STATUS,,,,bid=100.69(NEW) ask=100.77(NEW) spread=0.1000 pos=-11L
23:09:06,2024-02-20 12:48:53,CS1,SPREAD_TIGHT,,,,spread=0.0100 < 0.05 — cancelling
23:09:07,2024-02-20 12:48:53,CS2,CANCEL,BUY,100.69,,outside spread bid=100.69 ask=100.77
23:09:07,2024-02-20 12:48:53,CS2,CANCEL,SELL,100.77,,outside spread bid=100.69 ask=100.77
23:09:07,2024-02-20 12:48:53,CS2,SUBMIT,BUY,100.69,3,bid+1tick=100.69 spread=0.1000 pos=-11L
23:09:07,2024-02-20 12:48:53,CS2,SUBMIT,SELL,100.77,3,ask-1tick=100.77 spread=0.1000 pos=-11L
23:09:07,2024-02-20 12:48:53,CS2,STATUS,,,,bid=100.69(NEW) ask=100.77(NEW) spread=0.1000 pos=-11L
23:09:08,2024-02-20 12:48:55,CS1,SPREAD_TIGHT,,,,spread=0.0300 < 0.05 — cancelling
23:09:09,2024-02-20 12:48:57,CS2,CANCEL,BUY,100.69,,outside spread bid=100.7 ask=100.77
23:09:09,2024-02-20 12:48:57,CS2,CANCEL,SELL,100.77,,outside spread bid=100.7 ask=100.77
23:09:09,2024-02-20 12:48:57,CS2,SUBMIT,BUY,100.72,3,bid+1tick=100.72 spread=0.0800 pos=-11L
23:09:09,2024-02-20 12:48:57,CS2,SUBMIT,SELL,100.78,3,ask-1tick=100.78 spread=0.0800 pos=-11L
23:09:09,2024-02-20 12:48:57,CS2,STATUS,,,,bid=100.72(NEW) ask=100.78(NEW) spread=0.0800 pos=-11L
23:09:10,2024-02-20 12:48:58,CS1,SUBMIT,BUY,101.38,3,bid+1tick=101.38 spread=0.0900 pos=+10L
23:09:10,2024-02-20 12:48:58,CS1,SUBMIT,SELL,101.45,3,ask-1tick=101.45 spread=0.0900 pos=+10L
23:09:10,2024-02-20 12:48:58,CS1,STATUS,,,,bid=101.38(NEW) ask=101.45(NEW) spread=0.0900 pos=+10L
23:09:11,2024-02-20 12:48:58,CS2,SPREAD_TIGHT,,,,spread=0.0100 < 0.05 — cancelling
23:09:12,2024-02-20 12:48:58,CS1,CANCEL,BUY,101.38,,outside spread bid=101.38 ask=101.45
23:09:13,2024-02-20 12:48:58,CS1,CANCEL,SELL,101.45,,outside spread bid=101.38 ask=101.45
23:09:13,2024-02-20 12:48:58,CS1,SUBMIT,BUY,101.4,3,bid+1tick=101.4 spread=0.0700 pos=+10L
23:09:13,2024-02-20 12:48:58,CS1,SUBMIT,SELL,101.45,3,ask-1tick=101.45 spread=0.0700 pos=+10L
23:09:13,2024-02-20 12:48:58,CS1,STATUS,,,,bid=101.4(NEW) ask=101.45(NEW) spread=0.0700 pos=+10L
23:09:13,2024-02-20 12:48:58,CS2,SPREAD_TIGHT,,,,spread=0.0200 < 0.05 — cancelling
23:09:14,2024-02-20 12:49:02,CS1,SPREAD_TIGHT,,,,spread=0.0500 < 0.05 — cancelling
23:09:15,2024-02-20 12:49:03,CS2,SUBMIT,BUY,100.68,3,bid+1tick=100.68 spread=0.0600 pos=-11L
23:09:15,2024-02-20 12:49:03,CS2,SUBMIT,SELL,100.72,3,ask-1tick=100.72 spread=0.0600 pos=-11L
23:09:15,2024-02-20 12:49:03,CS2,STATUS,,,,bid=100.68(NEW) ask=100.72(NEW) spread=0.0600 pos=-11L
23:09:16,2024-02-20 12:49:04,CS1,SUBMIT,BUY,101.34,3,bid+1tick=101.34 spread=0.1400 pos=+10L
23:09:16,2024-02-20 12:49:04,CS1,SUBMIT,SELL,101.46,3,ask-1tick=101.46 spread=0.1400 pos=+10L
23:09:16,2024-02-20 12:49:04,CS1,STATUS,,,,bid=101.34(NEW) ask=101.46(NEW) spread=0.1400 pos=+10L
23:09:17,2024-02-20 12:49:04,CS2,SPREAD_TIGHT,,,,spread=0.0200 < 0.05 — cancelling
23:09:18,2024-02-20 12:49:06,CS1,CANCEL,SELL,101.46,,outside spread bid=101.32 ask=101.44
23:09:19,2024-02-20 12:49:06,CS1,SUBMIT,BUY,101.33,3,bid+1tick=101.33 spread=0.1200 pos=+13L
23:09:19,2024-02-20 12:49:06,CS1,SUBMIT,SELL,101.43,3,ask-1tick=101.43 spread=0.1200 pos=+13L
23:09:19,2024-02-20 12:49:06,CS1,STATUS,,,,bid=101.33(NEW) ask=101.43(NEW) spread=0.1200 pos=+13L
23:09:19,2024-02-20 12:49:07,CS2,SPREAD_TIGHT,,,,spread=0.0100 < 0.05 — cancelling
23:09:20,2024-02-20 12:49:08,CS1,SPREAD_TIGHT,,,,spread=0.0400 < 0.05 — cancelling
23:09:21,2024-02-20 12:49:08,CS2,SPREAD_TIGHT,,,,spread=0.0100 < 0.05 — cancelling
23:09:23,2024-02-20 12:49:10,CS1,SPREAD_TIGHT,,,,spread=0.0200 < 0.05 — cancelling
23:09:23,2024-02-20 12:49:10,CS2,SPREAD_TIGHT,,,,spread=0.0100 < 0.05 — cancelling
23:09:25,2024-02-20 12:49:12,CS1,SPREAD_TIGHT,,,,spread=0.0100 < 0.05 — cancelling
23:09:25,2024-02-20 12:49:13,CS2,SPREAD_TIGHT,,,,spread=0.0100 < 0.05 — cancelling
23:09:27,2024-02-20 12:49:14,CS1,SPREAD_TIGHT,,,,spread=0.0200 < 0.05 — cancelling
23:09:27,2024-02-20 12:49:15,CS2,SPREAD_TIGHT,,,,spread=0.0300 < 0.05 — cancelling
23:09:29,2024-02-20 12:49:15,CS1,SPREAD_TIGHT,,,,spread=0.0200 < 0.05 — cancelling
23:09:29,2024-02-20 12:49:15,CS2,SPREAD_TIGHT,,,,spread=0.0300 < 0.05 — cancelling
23:09:31,2024-02-20 12:49:19,CS1,SPREAD_TIGHT,,,,spread=0.0200 < 0.05 — cancelling
23:09:31,2024-02-20 12:49:19,CS2,SPREAD_TIGHT,,,,spread=0.0300 < 0.05 — cancelling
23:09:33,2024-02-20 12:49:21,CS1,SPREAD_TIGHT,,,,spread=0.0100 < 0.05 — cancelling
23:09:33,2024-02-20 12:49:21,CS2,SPREAD_TIGHT,,,,spread=0.0200 < 0.05 — cancelling
23:09:35,2024-02-20 12:49:22,CS1,SPREAD_TIGHT,,,,spread=0.0300 < 0.05 — cancelling
23:09:35,2024-02-20 12:49:24,CS2,SPREAD_TIGHT,,,,spread=0.0100 < 0.05 — cancelling
23:09:37,2024-02-20 12:49:24,CS1,SUBMIT,BUY,101.43,3,bid+1tick=101.43 spread=0.0700 pos=+10L
23:09:37,2024-02-20 12:49:24,CS1,SUBMIT,SELL,101.48,3,ask-1tick=101.48 spread=0.0700 pos=+10L
23:09:37,2024-02-20 12:49:24,CS1,STATUS,,,,bid=101.43(NEW) ask=101.48(NEW) spread=0.0700 pos=+10L
23:09:37,2024-02-20 12:49:24,CS2,SPREAD_TIGHT,,,,spread=0.0100 < 0.05 — cancelling
23:09:39,2024-02-20 12:49:24,CS1,SPREAD_TIGHT,,,,spread=0.0500 < 0.05 — cancelling
23:09:39,2024-02-20 12:49:28,CS2,SPREAD_TIGHT,,,,spread=0.0100 < 0.05 — cancelling
23:09:41,2024-02-20 12:49:29,CS1,SPREAD_TIGHT,,,,spread=0.0100 < 0.05 — cancelling
23:09:41,2024-02-20 12:49:29,CS2,SPREAD_TIGHT,,,,spread=0.0500 < 0.05 — cancelling
23:09:43,2024-02-20 12:49:31,CS1,SPREAD_TIGHT,,,,spread=0.0100 < 0.05 — cancelling
23:09:44,2024-02-20 12:49:31,CS2,SUBMIT,BUY,100.66,3,bid+1tick=100.66 spread=0.0700 pos=-8L
23:09:44,2024-02-20 12:49:31,CS2,SUBMIT,SELL,100.71,3,ask-1tick=100.71 spread=0.0700 pos=-8L
23:09:44,2024-02-20 12:49:31,CS2,STATUS,,,,bid=100.66(NEW) ask=100.71(NEW) spread=0.0700 pos=-8L
23:09:45,2024-02-20 12:49:33,CS1,SPREAD_TIGHT,,,,spread=0.0200 < 0.05 — cancelling
23:09:46,2024-02-20 12:49:33,CS2,SPREAD_TIGHT,,,,spread=0.0100 < 0.05 — cancelling
23:09:47,2024-02-20 12:49:35,CS1,SUBMIT,BUY,101.44,3,bid+1tick=101.44 spread=0.0800 pos=+7L
23:09:47,2024-02-20 12:49:35,CS1,SUBMIT,SELL,101.5,3,ask-1tick=101.5 spread=0.0800 pos=+7L
23:09:47,2024-02-20 12:49:35,CS1,STATUS,,,,bid=101.44(REST) ask=101.5(NEW) spread=0.0800 pos=+7L
23:09:48,2024-02-20 12:49:35,CS2,SPREAD_TIGHT,,,,spread=0.0200 < 0.05 — cancelling
23:09:49,2024-02-20 12:49:35,CS1,SPREAD_TIGHT,,,,spread=0.0300 < 0.05 — cancelling
23:09:50,2024-02-20 12:49:35,CS2,SPREAD_TIGHT,,,,spread=0.0200 < 0.05 — cancelling
23:09:51,2024-02-20 12:49:35,CS1,SPREAD_TIGHT,,,,spread=0.0400 < 0.05 — cancelling
23:09:52,2024-02-20 12:49:40,CS2,SPREAD_TIGHT,,,,spread=0.0200 < 0.05 — cancelling
23:09:53,2024-02-20 12:49:41,CS1,SPREAD_TIGHT,,,,spread=0.0400 < 0.05 — cancelling
23:09:54,2024-02-20 12:49:42,CS2,SPREAD_TIGHT,,,,spread=0.0200 < 0.05 — cancelling
23:09:55,2024-02-20 12:49:43,CS1,SPREAD_TIGHT,,,,spread=0.0100 < 0.05 — cancelling
23:09:56,2024-02-20 12:49:44,CS2,SPREAD_TIGHT,,,,spread=0.0300 < 0.05 — cancelling
23:09:57,2024-02-20 12:49:45,CS1,SPREAD_TIGHT,,,,spread=0.0100 < 0.05 — cancelling
23:09:58,2024-02-20 12:49:46,CS2,SPREAD_TIGHT,,,,spread=0.0300 < 0.05 — cancelling
23:09:59,2024-02-20 12:49:46,CS1,SPREAD_TIGHT,,,,spread=0.0200 < 0.05 — cancelling
23:10:00,2024-02-20 12:49:48,CS2,SPREAD_TIGHT,,,,spread=0.0100 < 0.05 — cancelling
23:10:01,2024-02-20 12:49:49,CS1,SPREAD_TIGHT,,,,spread=0.0300 < 0.05 — cancelling
23:10:02,2024-02-20 12:49:50,CS2,SUBMIT,BUY,100.64,3,bid+1tick=100.64 spread=0.0700 pos=-5L
23:10:02,2024-02-20 12:49:50,CS2,SUBMIT,SELL,100.69,3,ask-1tick=100.69 spread=0.0700 pos=-5L
23:10:02,2024-02-20 12:49:50,CS2,STATUS,,,,bid=100.64(NEW) ask=100.69(NEW) spread=0.0700 pos=-5L
23:10:03,2024-02-20 12:49:50,CS1,SPREAD_TIGHT,,,,spread=0.0300 < 0.05 — cancelling
23:10:04,2024-02-20 12:49:52,CS2,CANCEL,BUY,100.64,,outside spread bid=100.64 ask=100.72
23:10:04,2024-02-20 12:49:52,CS2,SUBMIT,BUY,100.62,3,bid+1tick=100.62 spread=0.1100 pos=-8L
23:10:04,2024-02-20 12:49:52,CS2,SUBMIT,SELL,100.71,3,ask-1tick=100.71 spread=0.1100 pos=-8L
23:10:04,2024-02-20 12:49:52,CS2,STATUS,,,,bid=100.62(NEW) ask=100.71(NEW) spread=0.1100 pos=-8L
23:10:05,2024-02-20 12:49:53,CS1,SUBMIT,BUY,101.39,3,bid+1tick=101.39 spread=0.0500 pos=+7L
23:10:05,2024-02-20 12:49:53,CS1,SUBMIT,SELL,101.42,3,ask-1tick=101.42 spread=0.0500 pos=+7L
23:10:05,2024-02-20 12:49:53,CS1,STATUS,,,,bid=101.39(NEW) ask=101.42(NEW) spread=0.0500 pos=+7L
23:10:06,2024-02-20 12:49:53,CS2,SPREAD_TIGHT,,,,spread=0.0100 < 0.05 — cancelling
23:10:08,2024-02-20 12:49:55,CS1,SPREAD_TIGHT,,,,spread=0.0200 < 0.05 — cancelling
23:10:08,2024-02-20 12:49:56,CS2,SPREAD_TIGHT,,,,spread=0.0300 < 0.05 — cancelling
23:10:10,2024-02-20 12:49:58,CS1,SPREAD_TIGHT,,,,spread=0.0200 < 0.05 — cancelling
23:10:10,2024-02-20 12:49:58,CS2,SUBMIT,BUY,100.63,3,bid+1tick=100.63 spread=0.1000 pos=-5L
23:10:10,2024-02-20 12:49:58,CS2,SUBMIT,SELL,100.71,3,ask-1tick=100.71 spread=0.1000 pos=-5L
23:10:10,2024-02-20 12:49:58,CS2,STATUS,,,,bid=100.63(NEW) ask=100.71(NEW) spread=0.1000 pos=-5L
23:10:12,2024-02-20 12:50:00,CS1,SPREAD_TIGHT,,,,spread=0.0300 < 0.05 — cancelling
23:10:12,2024-02-20 12:50:00,CS2,SPREAD_TIGHT,,,,spread=0.0500 < 0.05 — cancelling
23:10:14,2024-02-20 12:50:01,CS1,SUBMIT,BUY,101.37,3,bid+1tick=101.37 spread=0.1100 pos=+10L
23:10:14,2024-02-20 12:50:01,CS1,SUBMIT,SELL,101.46,3,ask-1tick=101.46 spread=0.1100 pos=+10L
23:10:14,2024-02-20 12:50:01,CS1,STATUS,,,,bid=101.37(NEW) ask=101.46(NEW) spread=0.1100 pos=+10L
23:10:14,2024-02-20 12:50:02,CS2,SUBMIT,BUY,100.67,3,bid+1tick=100.67 spread=0.0600 pos=-5L
23:10:14,2024-02-20 12:50:02,CS2,SUBMIT,SELL,100.71,3,ask-1tick=100.71 spread=0.0600 pos=-5L
23:10:14,2024-02-20 12:50:02,CS2,STATUS,,,,bid=100.67(NEW) ask=100.71(NEW) spread=0.0600 pos=-5L
23:10:16,2024-02-20 12:50:04,CS1,SPREAD_TIGHT,,,,spread=0.0300 < 0.05 — cancelling
23:10:16,2024-02-20 12:50:05,CS2,SPREAD_TIGHT,,,,spread=0.0400 < 0.05 — cancelling
23:10:18,2024-02-20 12:50:05,CS1,SPREAD_TIGHT,,,,spread=0.0300 < 0.05 — cancelling
23:10:18,2024-02-20 12:50:06,CS2,SPREAD_TIGHT,,,,spread=0.0500 < 0.05 — cancelling
23:10:20,2024-02-20 12:50:07,CS1,SPREAD_TIGHT,,,,spread=0.0300 < 0.05 — cancelling
23:10:20,2024-02-20 12:50:08,CS2,SUBMIT,BUY,100.67,3,bid+1tick=100.67 spread=0.0700 pos=-5L
23:10:20,2024-02-20 12:50:08,CS2,SUBMIT,SELL,100.72,3,ask-1tick=100.72 spread=0.0700 pos=-5L
23:10:20,2024-02-20 12:50:08,CS2,STATUS,,,,bid=100.67(NEW) ask=100.72(NEW) spread=0.0700 pos=-5L
23:10:22,2024-02-20 12:50:10,CS1,SUBMIT,BUY,101.44,3,bid+1tick=101.44 spread=0.0800 pos=+7L
23:10:22,2024-02-20 12:50:10,CS1,SUBMIT,SELL,101.5,3,ask-1tick=101.5 spread=0.0800 pos=+7L
23:10:22,2024-02-20 12:50:10,CS1,STATUS,,,,bid=101.44(NEW) ask=101.5(NEW) spread=0.0800 pos=+7L
23:10:22,2024-02-20 12:50:10,CS2,SPREAD_TIGHT,,,,spread=0.0300 < 0.05 — cancelling
23:10:24,2024-02-20 12:50:12,CS1,CANCEL,BUY,101.44,,outside spread bid=101.45 ask=101.51
23:10:24,2024-02-20 12:50:12,CS1,SUBMIT,BUY,101.46,3,bid+1tick=101.46 spread=0.0600 pos=+4L
23:10:24,2024-02-20 12:50:12,CS1,SUBMIT,SELL,101.5,3,ask-1tick=101.5 spread=0.0600 pos=+4L
23:10:24,2024-02-20 12:50:12,CS1,STATUS,,,,bid=101.46(NEW) ask=101.5(NEW) spread=0.0600 pos=+4L
23:10:25,2024-02-20 12:50:13,CS2,SPREAD_TIGHT,,,,spread=0.0300 < 0.05 — cancelling
23:10:26,2024-02-20 12:50:13,CS1,SPREAD_TIGHT,,,,spread=0.0100 < 0.05 — cancelling
23:10:27,2024-02-20 12:50:13,CS2,SPREAD_TIGHT,,,,spread=0.0100 < 0.05 — cancelling
23:10:28,2024-02-20 12:50:16,CS1,SPREAD_TIGHT,,,,spread=0.0100 < 0.05 — cancelling
23:10:29,2024-02-20 12:50:16,CS2,SPREAD_TIGHT,,,,spread=0.0100 < 0.05 — cancelling
23:10:30,2024-02-20 12:50:16,CS1,SUBMIT,BUY,101.46,3,bid+1tick=101.46 spread=0.0700 pos=+1L
23:10:30,2024-02-20 12:50:16,CS1,SUBMIT,SELL,101.51,3,ask-1tick=101.51 spread=0.0700 pos=+1L
23:10:30,2024-02-20 12:50:16,CS1,STATUS,,,,bid=101.46(NEW) ask=101.51(NEW) spread=0.0700 pos=+1L
23:10:31,2024-02-20 12:50:16,CS2,SPREAD_TIGHT,,,,spread=0.0100 < 0.05 — cancelling
23:10:32,2024-02-20 12:50:16,CS1,SPREAD_TIGHT,,,,spread=0.0100 < 0.05 — cancelling
23:10:33,2024-02-20 12:50:21,CS2,SPREAD_TIGHT,,,,spread=0.0100 < 0.05 — cancelling
23:10:34,2024-02-20 12:50:22,CS1,SPREAD_TIGHT,,,,spread=0.0200 < 0.05 — cancelling
23:10:35,2024-02-20 12:50:23,CS2,SPREAD_TIGHT,,,,spread=0.0100 < 0.05 — cancelling
23:10:36,2024-02-20 12:50:24,CS1,SUBMIT,BUY,101.46,3,bid+1tick=101.46 spread=0.0900 pos=-2L
23:10:36,2024-02-20 12:50:24,CS1,SUBMIT,SELL,101.53,3,ask-1tick=101.53 spread=0.0900 pos=-2L
23:10:36,2024-02-20 12:50:24,CS1,STATUS,,,,bid=101.46(NEW) ask=101.53(NEW) spread=0.0900 pos=-2L
23:10:37,2024-02-20 12:50:25,CS2,SPREAD_TIGHT,,,,spread=0.0300 < 0.05 — cancelling
23:10:38,2024-02-20 12:50:26,CS1,CANCEL,BUY,101.46,,outside spread bid=101.48 ask=101.55
23:10:39,2024-02-20 12:50:26,CS1,SUBMIT,BUY,101.49,3,bid+1tick=101.49 spread=0.0700 pos=-5L
23:10:39,2024-02-20 12:50:26,CS1,SUBMIT,SELL,101.54,3,ask-1tick=101.54 spread=0.0700 pos=-5L
23:10:39,2024-02-20 12:50:26,CS1,STATUS,,,,bid=101.49(NEW) ask=101.54(NEW) spread=0.0700 pos=-5L
23:10:39,2024-02-20 12:50:26,CS2,SPREAD_TIGHT,,,,spread=0.0300 < 0.05 — cancelling
23:10:40,2024-02-20 12:50:29,CS1,SPREAD_TIGHT,,,,spread=0.0300 < 0.05 — cancelling
23:10:41,2024-02-20 12:50:29,CS2,SPREAD_TIGHT,,,,spread=0.0400 < 0.05 — cancelling
23:10:42,2024-02-20 12:50:29,CS1,SPREAD_TIGHT,,,,spread=0.0400 < 0.05 — cancelling
23:10:43,2024-02-20 12:50:29,CS2,SPREAD_TIGHT,,,,spread=0.0400 < 0.05 — cancelling
23:10:45,2024-02-20 12:50:29,CS1,SPREAD_TIGHT,,,,spread=0.0200 < 0.05 — cancelling
23:10:45,2024-02-20 12:50:33,CS2,SPREAD_TIGHT,,,,spread=0.0400 < 0.05 — cancelling
23:10:47,2024-02-20 12:50:35,CS1,SPREAD_TIGHT,,,,spread=0.0500 < 0.05 — cancelling
23:10:47,2024-02-20 12:50:35,CS2,SPREAD_TIGHT,,,,spread=0.0400 < 0.05 — cancelling
23:10:49,2024-02-20 12:50:35,CS1,SPREAD_TIGHT,,,,spread=0.0500 < 0.05 — cancelling
23:10:49,2024-02-20 12:50:37,CS2,SPREAD_TIGHT,,,,spread=0.0400 < 0.05 — cancelling
23:10:51,2024-02-20 12:50:38,CS1,SUBMIT,BUY,101.42,3,bid+1tick=101.42 spread=0.0900 pos=-5L
23:10:51,2024-02-20 12:50:38,CS1,SUBMIT,SELL,101.49,3,ask-1tick=101.49 spread=0.0900 pos=-5L
23:10:51,2024-02-20 12:50:38,CS1,STATUS,,,,bid=101.42(NEW) ask=101.49(NEW) spread=0.0900 pos=-5L
23:10:51,2024-02-20 12:50:38,CS2,SPREAD_TIGHT,,,,spread=0.0200 < 0.05 — cancelling
23:10:53,2024-02-20 12:50:38,CS1,SPREAD_TIGHT,,,,spread=0.0300 < 0.05 — cancelling
23:10:53,2024-02-20 12:50:38,CS2,SPREAD_TIGHT,,,,spread=0.0200 < 0.05 — cancelling
23:10:55,2024-02-20 12:50:43,CS1,SPREAD_TIGHT,,,,spread=0.0300 < 0.05 — cancelling
23:10:55,2024-02-20 12:50:43,CS2,SPREAD_TIGHT,,,,spread=0.0200 < 0.05 — cancelling
23:10:57,2024-02-20 12:50:45,CS1,SPREAD_TIGHT,,,,spread=0.0400 < 0.05 — cancelling
23:10:57,2024-02-20 12:50:45,CS2,SPREAD_TIGHT,,,,spread=0.0300 < 0.05 — cancelling
23:10:59,2024-02-20 12:50:47,CS1,SPREAD_TIGHT,,,,spread=0.0100 < 0.05 — cancelling
23:10:59,2024-02-20 12:50:47,CS2,SPREAD_TIGHT,,,,spread=0.0400 < 0.05 — cancelling
23:11:01,2024-02-20 12:50:49,CS1,SPREAD_TIGHT,,,,spread=0.0100 < 0.05 — cancelling
23:11:01,2024-02-20 12:50:50,CS2,SPREAD_TIGHT,,,,spread=0.0400 < 0.05 — cancelling
23:11:03,2024-02-20 12:50:51,CS1,SPREAD_TIGHT,,,,spread=0.0100 < 0.05 — cancelling
23:11:04,2024-02-20 12:50:51,CS2,SPREAD_TIGHT,,,,spread=0.0100 < 0.05 — cancelling
23:11:05,2024-02-20 12:50:53,CS1,SPREAD_TIGHT,,,,spread=0.0400 < 0.05 — cancelling
23:11:06,2024-02-20 12:50:53,CS2,SPREAD_TIGHT,,,,spread=0.0100 < 0.05 — cancelling
23:11:07,2024-02-20 12:50:55,CS1,SPREAD_TIGHT,,,,spread=0.0400 < 0.05 — cancelling
23:11:08,2024-02-20 12:50:56,CS2,SPREAD_TIGHT,,,,spread=0.0100 < 0.05 — cancelling
23:11:09,2024-02-20 12:50:56,CS1,SPREAD_TIGHT,,,,spread=0.0400 < 0.05 — cancelling
23:11:10,2024-02-20 12:50:58,CS2,SPREAD_TIGHT,,,,spread=0.0400 < 0.05 — cancelling
23:11:11,2024-02-20 12:50:58,CS1,SPREAD_TIGHT,,,,spread=0.0100 < 0.05 — cancelling
23:11:12,2024-02-20 12:51:00,CS2,SPREAD_TIGHT,,,,spread=0.0200 < 0.05 — cancelling
23:11:13,2024-02-20 12:51:00,CS1,SPREAD_TIGHT,,,,spread=0.0200 < 0.05 — cancelling
23:11:14,2024-02-20 12:51:02,CS2,SPREAD_TIGHT,,,,spread=0.0400 < 0.05 — cancelling
23:11:15,2024-02-20 12:51:02,CS1,SPREAD_TIGHT,,,,spread=0.0200 < 0.05 — cancelling
23:11:16,2024-02-20 12:51:04,CS2,SPREAD_TIGHT,,,,spread=0.0400 < 0.05 — cancelling
23:11:17,2024-02-20 12:51:05,CS1,SPREAD_TIGHT,,,,spread=0.0200 < 0.05 — cancelling
23:11:18,2024-02-20 12:51:05,CS2,SUBMIT,BUY,100.67,3,bid+1tick=100.67 spread=0.0600 pos=-8L
23:11:18,2024-02-20 12:51:05,CS2,SUBMIT,SELL,100.71,3,ask-1tick=100.71 spread=0.0600 pos=-8L
23:11:18,2024-02-20 12:51:05,CS2,STATUS,,,,bid=100.67(NEW) ask=100.71(NEW) spread=0.0600 pos=-8L
23:11:19,2024-02-20 12:51:05,CS1,SPREAD_TIGHT,,,,spread=0.0200 < 0.05 — cancelling
23:11:20,2024-02-20 12:51:08,CS2,SPREAD_TIGHT,,,,spread=0.0200 < 0.05 — cancelling
23:11:21,2024-02-20 12:51:09,CS1,SUBMIT,BUY,101.44,3,bid+1tick=101.44 spread=0.1100 pos=-5L
23:11:21,2024-02-20 12:51:09,CS1,SUBMIT,SELL,101.53,3,ask-1tick=101.53 spread=0.1100 pos=-5L
23:11:21,2024-02-20 12:51:09,CS1,STATUS,,,,bid=101.44(NEW) ask=101.53(NEW) spread=0.1100 pos=-5L
23:11:22,2024-02-20 12:51:10,CS2,SUBMIT,BUY,100.65,3,bid+1tick=100.65 spread=0.0800 pos=-5L
23:11:22,2024-02-20 12:51:10,CS2,SUBMIT,SELL,100.71,3,ask-1tick=100.71 spread=0.0800 pos=-5L
23:11:22,2024-02-20 12:51:10,CS2,STATUS,,,,bid=100.65(NEW) ask=100.71(NEW) spread=0.0800 pos=-5L
23:11:23,2024-02-20 12:51:11,CS1,CANCEL,SELL,101.53,,outside spread bid=101.43 ask=101.53
23:11:24,2024-02-20 12:51:11,CS1,SUBMIT,BUY,101.44,3,bid+1tick=101.44 spread=0.1100 pos=-2L
23:11:24,2024-02-20 12:51:11,CS1,SUBMIT,SELL,101.53,3,ask-1tick=101.53 spread=0.1100 pos=-2L
23:11:24,2024-02-20 12:51:11,CS1,STATUS,,,,bid=101.44(NEW) ask=101.53(NEW) spread=0.1100 pos=-2L
23:11:24,2024-02-20 12:51:11,CS2,SPREAD_TIGHT,,,,spread=0.0100 < 0.05 — cancelling
23:11:25,2024-02-20 12:51:11,CS1,CANCEL,BUY,101.44,,outside spread bid=101.44 ask=101.53
23:11:26,2024-02-20 12:51:11,CS1,CANCEL,SELL,101.53,,outside spread bid=101.44 ask=101.53
23:11:26,2024-02-20 12:51:11,CS1,SUBMIT,BUY,101.44,3,bid+1tick=101.44 spread=0.0700 pos=-2L
23:11:26,2024-02-20 12:51:11,CS1,SUBMIT,SELL,101.49,3,ask-1tick=101.49 spread=0.0700 pos=-2L
23:11:26,2024-02-20 12:51:11,CS1,STATUS,,,,bid=101.44(NEW) ask=101.49(NEW) spread=0.0700 pos=-2L
23:11:26,2024-02-20 12:51:11,CS2,SPREAD_TIGHT,,,,spread=0.0200 < 0.05 — cancelling
23:11:27,2024-02-20 12:51:16,CS1,SPREAD_TIGHT,,,,spread=0.0500 < 0.05 — cancelling
23:11:28,2024-02-20 12:51:16,CS2,SPREAD_TIGHT,,,,spread=0.0500 < 0.05 — cancelling
23:11:30,2024-02-20 12:51:17,CS1,SUBMIT,BUY,101.44,3,bid+1tick=101.44 spread=0.0700 pos=-2L
23:11:30,2024-02-20 12:51:17,CS1,SUBMIT,SELL,101.49,3,ask-1tick=101.49 spread=0.0700 pos=-2L
23:11:30,2024-02-20 12:51:17,CS1,STATUS,,,,bid=101.44(NEW) ask=101.49(NEW) spread=0.0700 pos=-2L
23:11:30,2024-02-20 12:51:18,CS2,SUBMIT,BUY,100.64,3,bid+1tick=100.64 spread=0.1000 pos=-2L
23:11:30,2024-02-20 12:51:18,CS2,SUBMIT,SELL,100.72,3,ask-1tick=100.72 spread=0.1000 pos=-2L
23:11:30,2024-02-20 12:51:18,CS2,STATUS,,,,bid=100.64(NEW) ask=100.72(NEW) spread=0.1000 pos=-2L
23:11:32,2024-02-20 12:51:18,CS1,SPREAD_TIGHT,,,,spread=0.0500 < 0.05 — cancelling
23:11:32,2024-02-20 12:51:20,CS2,CANCEL,BUY,100.64,,outside spread bid=100.64 ask=100.72
23:11:33,2024-02-20 12:51:20,CS2,CANCEL,SELL,100.72,,outside spread bid=100.64 ask=100.72
23:11:33,2024-02-20 12:51:20,CS2,SUBMIT,BUY,100.64,3,bid+1tick=100.64 spread=0.1000 pos=-2L
23:11:33,2024-02-20 12:51:20,CS2,SUBMIT,SELL,100.72,3,ask-1tick=100.72 spread=0.1000 pos=-2L
23:11:33,2024-02-20 12:51:20,CS2,STATUS,,,,bid=100.64(NEW) ask=100.72(NEW) spread=0.1000 pos=-2L
23:11:34,2024-02-20 12:51:22,CS1,SPREAD_TIGHT,,,,spread=0.0400 < 0.05 — cancelling
23:11:34,2024-02-20 12:51:22,CS2,CANCEL,BUY,100.64,,outside spread bid=100.64 ask=100.72
23:11:35,2024-02-20 12:51:22,CS2,CANCEL,SELL,100.72,,outside spread bid=100.64 ask=100.72
23:11:35,2024-02-20 12:51:22,CS2,SUBMIT,BUY,100.68,3,bid+1tick=100.68 spread=0.0600 pos=-2L
23:11:35,2024-02-20 12:51:22,CS2,SUBMIT,SELL,100.72,3,ask-1tick=100.72 spread=0.0600 pos=-2L
23:11:35,2024-02-20 12:51:22,CS2,STATUS,,,,bid=100.68(NEW) ask=100.72(NEW) spread=0.0600 pos=-2L
23:11:36,2024-02-20 12:51:24,CS1,SUBMIT,BUY,101.42,3,bid+1tick=101.42 spread=0.0600 pos=-2L
23:11:36,2024-02-20 12:51:24,CS1,SUBMIT,SELL,101.46,3,ask-1tick=101.46 spread=0.0600 pos=-2L
23:11:36,2024-02-20 12:51:24,CS1,STATUS,,,,bid=101.42(NEW) ask=101.46(NEW) spread=0.0600 pos=-2L
23:11:36,2024-02-20 12:51:24,CS2,SPREAD_TIGHT,,,,spread=0.0500 < 0.05 — cancelling
23:11:38,2024-02-20 12:51:25,CS1,SUBMIT,BUY,101.42,3,bid+1tick=101.42 spread=0.0600 pos=-2L
23:11:38,2024-02-20 12:51:25,CS1,SUBMIT,SELL,101.46,3,ask-1tick=101.46 spread=0.0600 pos=-2L
23:11:38,2024-02-20 12:51:25,CS1,STATUS,,,,bid=101.42(NEW) ask=101.46(NEW) spread=0.0600 pos=-2L
23:11:38,2024-02-20 12:51:25,CS2,SUBMIT,BUY,100.68,3,bid+1tick=100.68 spread=0.0600 pos=-5L
23:11:38,2024-02-20 12:51:25,CS2,SUBMIT,SELL,100.72,3,ask-1tick=100.72 spread=0.0600 pos=-5L
23:11:38,2024-02-20 12:51:25,CS2,STATUS,,,,bid=100.68(NEW) ask=100.72(NEW) spread=0.0600 pos=-5L
23:11:40,2024-02-20 12:51:28,CS1,SUBMIT,BUY,101.41,3,bid+1tick=101.41 spread=0.0700 pos=-2L
23:11:40,2024-02-20 12:51:28,CS1,SUBMIT,SELL,101.46,3,ask-1tick=101.46 spread=0.0700 pos=-2L
23:11:40,2024-02-20 12:51:28,CS1,STATUS,,,,bid=101.41(NEW) ask=101.46(NEW) spread=0.0700 pos=-2L
23:11:40,2024-02-20 12:51:28,CS2,SPREAD_TIGHT,,,,spread=0.0400 < 0.05 — cancelling
23:11:42,2024-02-20 12:51:28,CS1,SPREAD_TIGHT,,,,spread=0.0500 < 0.05 — cancelling
23:11:42,2024-02-20 12:51:30,CS2,SUBMIT,BUY,100.68,3,bid+1tick=100.68 spread=0.0600 pos=-5L
23:11:42,2024-02-20 12:51:30,CS2,SUBMIT,SELL,100.72,3,ask-1tick=100.72 spread=0.0600 pos=-5L
23:11:42,2024-02-20 12:51:30,CS2,STATUS,,,,bid=100.68(NEW) ask=100.72(NEW) spread=0.0600 pos=-5L
23:11:44,2024-02-20 12:51:32,CS1,SPREAD_TIGHT,,,,spread=0.0100 < 0.05 — cancelling
23:11:45,2024-02-20 12:51:33,CS2,SPREAD_TIGHT,,,,spread=0.0500 < 0.05 — cancelling
23:11:46,2024-02-20 12:51:33,CS1,SPREAD_TIGHT,,,,spread=0.0100 < 0.05 — cancelling
23:11:47,2024-02-20 12:51:35,CS2,SUBMIT,BUY,100.68,3,bid+1tick=100.68 spread=0.0700 pos=-5L
23:11:47,2024-02-20 12:51:35,CS2,SUBMIT,SELL,100.73,3,ask-1tick=100.73 spread=0.0700 pos=-5L
23:11:47,2024-02-20 12:51:35,CS2,STATUS,,,,bid=100.68(NEW) ask=100.73(NEW) spread=0.0700 pos=-5L
23:11:48,2024-02-20 12:51:35,CS1,SUBMIT,BUY,101.43,3,bid+1tick=101.43 spread=0.0900 pos=-2L
23:11:48,2024-02-20 12:51:35,CS1,SUBMIT,SELL,101.5,3,ask-1tick=101.5 spread=0.0900 pos=-2L
23:11:48,2024-02-20 12:51:35,CS1,STATUS,,,,bid=101.43(NEW) ask=101.5(NEW) spread=0.0900 pos=-2L
23:11:49,2024-02-20 12:51:37,CS2,SPREAD_TIGHT,,,,spread=0.0500 < 0.05 — cancelling
23:11:50,2024-02-20 12:51:37,CS1,SPREAD_TIGHT,,,,spread=0.0100 < 0.05 — cancelling
23:11:51,2024-02-20 12:51:39,CS2,SUBMIT,BUY,100.68,3,bid+1tick=100.68 spread=0.0700 pos=-5L
23:11:51,2024-02-20 12:51:39,CS2,SUBMIT,SELL,100.73,3,ask-1tick=100.73 spread=0.0700 pos=-5L
23:11:51,2024-02-20 12:51:39,CS2,STATUS,,,,bid=100.68(NEW) ask=100.73(NEW) spread=0.0700 pos=-5L
23:11:52,2024-02-20 12:51:40,CS1,SUBMIT,BUY,101.39,3,bid+1tick=101.39 spread=0.0500 pos=+1L
23:11:52,2024-02-20 12:51:40,CS1,SUBMIT,SELL,101.42,3,ask-1tick=101.42 spread=0.0500 pos=+1L
23:11:52,2024-02-20 12:51:40,CS1,STATUS,,,,bid=101.39(NEW) ask=101.42(NEW) spread=0.0500 pos=+1L
23:11:53,2024-02-20 12:51:40,CS2,CANCEL,BUY,100.68,,outside spread bid=100.68 ask=100.76
23:11:53,2024-02-20 12:51:40,CS2,SUBMIT,BUY,100.68,3,bid+1tick=100.68 spread=0.0900 pos=-8L
23:11:53,2024-02-20 12:51:40,CS2,SUBMIT,SELL,100.75,3,ask-1tick=100.75 spread=0.0900 pos=-8L
23:11:53,2024-02-20 12:51:40,CS2,STATUS,,,,bid=100.68(NEW) ask=100.75(NEW) spread=0.0900 pos=-8L
23:11:54,2024-02-20 12:51:40,CS1,SPREAD_TIGHT,,,,spread=0.0200 < 0.05 — cancelling
23:11:55,2024-02-20 12:51:40,CS2,SPREAD_TIGHT,,,,spread=0.0500 < 0.05 — cancelling
23:11:56,2024-02-20 12:51:44,CS1,SPREAD_TIGHT,,,,spread=0.0300 < 0.05 — cancelling
23:11:57,2024-02-20 12:51:45,CS2,SUBMIT,BUY,100.71,3,bid+1tick=100.71 spread=0.0600 pos=-8L
23:11:57,2024-02-20 12:51:45,CS2,SUBMIT,SELL,100.75,3,ask-1tick=100.75 spread=0.0600 pos=-8L
23:11:57,2024-02-20 12:51:45,CS2,STATUS,,,,bid=100.71(NEW) ask=100.75(NEW) spread=0.0600 pos=-8L
23:11:58,2024-02-20 12:51:46,CS1,SPREAD_TIGHT,,,,spread=0.0100 < 0.05 — cancelling
23:11:59,2024-02-20 12:51:46,CS2,SPREAD_TIGHT,,,,spread=0.0400 < 0.05 — cancelling
23:12:00,2024-02-20 12:51:48,CS1,SPREAD_TIGHT,,,,spread=0.0200 < 0.05 — cancelling
23:12:01,2024-02-20 12:51:49,CS2,SPREAD_TIGHT,,,,spread=0.0400 < 0.05 — cancelling
23:12:02,2024-02-20 12:51:49,CS1,SPREAD_TIGHT,,,,spread=0.0200 < 0.05 — cancelling
23:12:03,2024-02-20 12:51:49,CS2,SPREAD_TIGHT,,,,spread=0.0400 < 0.05 — cancelling
23:12:04,2024-02-20 12:51:53,CS1,SPREAD_TIGHT,,,,spread=0.0200 < 0.05 — cancelling
23:12:05,2024-02-20 12:51:53,CS2,SUBMIT,BUY,100.69,3,bid+1tick=100.69 spread=0.0900 pos=-11L
23:12:05,2024-02-20 12:51:53,CS2,SUBMIT,SELL,100.76,3,ask-1tick=100.76 spread=0.0900 pos=-11L
23:12:05,2024-02-20 12:51:53,CS2,STATUS,,,,bid=100.69(NEW) ask=100.76(NEW) spread=0.0900 pos=-11L
23:12:06,2024-02-20 12:51:53,CS1,SPREAD_TIGHT,,,,spread=0.0100 < 0.05 — cancelling
23:12:07,2024-02-20 12:51:53,CS2,CANCEL,BUY,100.69,,outside spread bid=100.69 ask=100.76
23:12:07,2024-02-20 12:51:53,CS2,CANCEL,SELL,100.76,,outside spread bid=100.69 ask=100.76
23:12:08,2024-02-20 12:51:53,CS2,SUBMIT,BUY,100.71,3,bid+1tick=100.71 spread=0.0700 pos=-11L
23:12:08,2024-02-20 12:51:53,CS2,SUBMIT,SELL,100.76,3,ask-1tick=100.76 spread=0.0700 pos=-11L
23:12:08,2024-02-20 12:51:53,CS2,STATUS,,,,bid=100.71(NEW) ask=100.76(NEW) spread=0.0700 pos=-11L
23:12:09,2024-02-20 12:51:56,CS1,SPREAD_TIGHT,,,,spread=0.0200 < 0.05 — cancelling
23:12:09,2024-02-20 12:51:56,CS2,CANCEL,BUY,100.71,,outside spread bid=100.71 ask=100.76
23:12:09,2024-02-20 12:51:56,CS2,CANCEL,SELL,100.76,,outside spread bid=100.71 ask=100.76
23:12:10,2024-02-20 12:51:56,CS2,SUBMIT,BUY,100.71,3,bid+1tick=100.71 spread=0.0700 pos=-11L
23:12:10,2024-02-20 12:51:56,CS2,SUBMIT,SELL,100.76,3,ask-1tick=100.76 spread=0.0700 pos=-11L
23:12:10,2024-02-20 12:51:56,CS2,STATUS,,,,bid=100.71(NEW) ask=100.76(NEW) spread=0.0700 pos=-11L
23:12:11,2024-02-20 12:51:58,CS1,SPREAD_TIGHT,,,,spread=0.0400 < 0.05 — cancelling
23:12:11,2024-02-20 12:51:59,CS2,CANCEL,BUY,100.71,,outside spread bid=100.71 ask=100.77
23:12:11,2024-02-20 12:51:59,CS2,SUBMIT,BUY,100.69,3,bid+1tick=100.69 spread=0.0900 pos=-14L
23:12:11,2024-02-20 12:51:59,CS2,SUBMIT,SELL,100.76,3,ask-1tick=100.76 spread=0.0900 pos=-14L
23:12:11,2024-02-20 12:51:59,CS2,STATUS,,,,bid=100.69(NEW) ask=100.76(NEW) spread=0.0900 pos=-14L
23:12:13,2024-02-20 12:51:59,CS1,SPREAD_TIGHT,,,,spread=0.0300 < 0.05 — cancelling
23:12:13,2024-02-20 12:51:59,CS2,SPREAD_TIGHT,,,,spread=0.0300 < 0.05 — cancelling
23:12:15,2024-02-20 12:52:03,CS1,SPREAD_TIGHT,,,,spread=0.0300 < 0.05 — cancelling
23:12:15,2024-02-20 12:52:03,CS2,SUBMIT,BUY,100.74,3,bid+1tick=100.74 spread=0.0600 pos=-14L
23:12:15,2024-02-20 12:52:03,CS2,SUBMIT,SELL,100.78,3,ask-1tick=100.78 spread=0.0600 pos=-14L
23:12:15,2024-02-20 12:52:03,CS2,STATUS,,,,bid=100.74(NEW) ask=100.78(NEW) spread=0.0600 pos=-14L
23:12:17,2024-02-20 12:52:05,CS1,SPREAD_TIGHT,,,,spread=0.0300 < 0.05 — cancelling
23:12:17,2024-02-20 12:52:06,CS2,CANCEL,BUY,100.74,,outside spread bid=100.74 ask=100.8
23:12:18,2024-02-20 12:52:06,CS2,SUBMIT,BUY,100.74,3,bid+1tick=100.74 spread=0.0700 pos=-17L
23:12:18,2024-02-20 12:52:06,CS2,SUBMIT,SELL,100.79,3,ask-1tick=100.79 spread=0.0700 pos=-17L
23:12:18,2024-02-20 12:52:06,CS2,STATUS,,,,bid=100.74(NEW) ask=100.79(NEW) spread=0.0700 pos=-17L
23:12:19,2024-02-20 12:52:06,CS1,SPREAD_TIGHT,,,,spread=0.0400 < 0.05 — cancelling
23:12:20,2024-02-20 12:52:07,CS2,SPREAD_TIGHT,,,,spread=0.0300 < 0.05 — cancelling
23:12:21,2024-02-20 12:52:08,CS1,SPREAD_TIGHT,,,,spread=0.0400 < 0.05 — cancelling
23:12:22,2024-02-20 12:52:08,CS2,SPREAD_TIGHT,,,,spread=0.0400 < 0.05 — cancelling
23:12:23,2024-02-20 12:52:11,CS1,SPREAD_TIGHT,,,,spread=0.0100 < 0.05 — cancelling
23:12:24,2024-02-20 12:52:12,CS2,SPREAD_TIGHT,,,,spread=0.0100 < 0.05 — cancelling
23:12:25,2024-02-20 12:52:12,CS1,SPREAD_TIGHT,,,,spread=0.0100 < 0.05 — cancelling
23:12:26,2024-02-20 12:52:12,CS2,SPREAD_TIGHT,,,,spread=0.0100 < 0.05 — cancelling
23:12:27,2024-02-20 12:52:15,CS1,SPREAD_TIGHT,,,,spread=0.0100 < 0.05 — cancelling
23:12:28,2024-02-20 12:52:15,CS2,SUBMIT,BUY,100.69,3,bid+1tick=100.69 spread=0.1000 pos=-17L
23:12:28,2024-02-20 12:52:15,CS2,SUBMIT,SELL,100.77,3,ask-1tick=100.77 spread=0.1000 pos=-17L
23:12:28,2024-02-20 12:52:15,CS2,STATUS,,,,bid=100.69(NEW) ask=100.77(NEW) spread=0.1000 pos=-17L
23:12:29,2024-02-20 12:52:17,CS1,SPREAD_TIGHT,,,,spread=0.0200 < 0.05 — cancelling
23:12:30,2024-02-20 12:52:17,CS2,CANCEL,BUY,100.69,,outside spread bid=100.69 ask=100.78
23:12:30,2024-02-20 12:52:17,CS2,SUBMIT,BUY,100.69,3,bid+1tick=100.69 spread=0.1000 pos=-20L
23:12:30,2024-02-20 12:52:17,CS2,SUBMIT,SELL,100.77,3,ask-1tick=100.77 spread=0.1000 pos=-20L
23:12:30,2024-02-20 12:52:17,CS2,STATUS,,,,bid=100.69(NEW) ask=100.77(NEW) spread=0.1000 pos=-20L
23:12:31,2024-02-20 12:52:19,CS1,SUBMIT,BUY,101.34,3,bid+1tick=101.34 spread=0.0600 pos=+1L
23:12:31,2024-02-20 12:52:19,CS1,SUBMIT,SELL,101.38,3,ask-1tick=101.38 spread=0.0600 pos=+1L
23:12:31,2024-02-20 12:52:19,CS1,STATUS,,,,bid=101.34(NEW) ask=101.38(NEW) spread=0.0600 pos=+1L
23:12:32,2024-02-20 12:52:19,CS2,CANCEL,BUY,100.69,,outside spread bid=100.69 ask=100.8
23:12:32,2024-02-20 12:52:19,CS2,SUBMIT,BUY,100.68,3,bid+1tick=100.68 spread=0.1300 pos=-23L
23:12:32,2024-02-20 12:52:19,CS2,SUBMIT,SELL,100.79,3,ask-1tick=100.79 spread=0.1300 pos=-23L
23:12:32,2024-02-20 12:52:19,CS2,STATUS,,,,bid=100.68(NEW) ask=100.79(NEW) spread=0.1300 pos=-23L
23:12:33,2024-02-20 12:52:20,CS1,SPREAD_TIGHT,,,,spread=0.0400 < 0.05 — cancelling
23:12:34,2024-02-20 12:52:22,CS2,CANCEL,BUY,100.68,,outside spread bid=100.68 ask=100.79
23:12:34,2024-02-20 12:52:22,CS2,CANCEL,SELL,100.79,,outside spread bid=100.68 ask=100.79
23:12:35,2024-02-20 12:52:22,CS2,SUBMIT,BUY,100.68,3,bid+1tick=100.68 spread=0.1300 pos=-23L
23:12:35,2024-02-20 12:52:22,CS2,SUBMIT,SELL,100.79,3,ask-1tick=100.79 spread=0.1300 pos=-23L
23:12:35,2024-02-20 12:52:22,CS2,STATUS,,,,bid=100.68(NEW) ask=100.79(NEW) spread=0.1300 pos=-23L
23:12:35,2024-02-20 12:52:24,CS1,SPREAD_TIGHT,,,,spread=0.0500 < 0.05 — cancelling
23:12:36,2024-02-20 12:52:24,CS2,SPREAD_TIGHT,,,,spread=0.0100 < 0.05 — cancelling
23:12:37,2024-02-20 12:52:26,CS1,SUBMIT,BUY,101.32,3,bid+1tick=101.32 spread=0.0700 pos=+4L
23:12:37,2024-02-20 12:52:26,CS1,SUBMIT,SELL,101.37,3,ask-1tick=101.37 spread=0.0700 pos=+4L
23:12:37,2024-02-20 12:52:26,CS1,STATUS,,,,bid=101.32(NEW) ask=101.37(NEW) spread=0.0700 pos=+4L
23:12:38,2024-02-20 12:52:26,CS2,SUBMIT,BUY,100.68,3,bid+1tick=100.68 spread=0.1100 pos=-26L
23:12:38,2024-02-20 12:52:26,CS2,SUBMIT,SELL,100.77,3,ask-1tick=100.77 spread=0.1100 pos=-26L
23:12:38,2024-02-20 12:52:26,CS2,STATUS,,,,bid=100.68(NEW) ask=100.77(NEW) spread=0.1100 pos=-26L
23:12:40,2024-02-20 12:52:26,CS1,SPREAD_TIGHT,,,,spread=0.0400 < 0.05 — cancelling
23:12:40,2024-02-20 12:52:26,CS2,CANCEL,BUY,100.68,,outside spread bid=100.69 ask=100.77
23:12:40,2024-02-20 12:52:26,CS2,CANCEL,SELL,100.77,,outside spread bid=100.69 ask=100.77
23:12:41,2024-02-20 12:52:26,CS2,SUBMIT,BUY,100.7,3,bid+1tick=100.7 spread=0.0900 pos=-26L
23:12:41,2024-02-20 12:52:26,CS2,SUBMIT,SELL,100.77,3,ask-1tick=100.77 spread=0.0900 pos=-26L
23:12:41,2024-02-20 12:52:26,CS2,STATUS,,,,bid=100.7(NEW) ask=100.77(NEW) spread=0.0900 pos=-26L
23:12:42,2024-02-20 12:52:29,CS1,SPREAD_TIGHT,,,,spread=0.0200 < 0.05 — cancelling
23:12:42,2024-02-20 12:52:29,CS2,SPREAD_TIGHT,,,,spread=0.0500 < 0.05 — cancelling
23:12:44,2024-02-20 12:52:31,CS1,SPREAD_TIGHT,,,,spread=0.0300 < 0.05 — cancelling
23:12:44,2024-02-20 12:52:31,CS2,SUBMIT,BUY,100.7,3,bid+1tick=100.7 spread=0.0600 pos=-26L
23:12:44,2024-02-20 12:52:31,CS2,SUBMIT,SELL,100.74,3,ask-1tick=100.74 spread=0.0600 pos=-26L
23:12:44,2024-02-20 12:52:31,CS2,STATUS,,,,bid=100.7(NEW) ask=100.74(NEW) spread=0.0600 pos=-26L
23:12:46,2024-02-20 12:52:34,CS1,SPREAD_TIGHT,,,,spread=0.0300 < 0.05 — cancelling
23:12:46,2024-02-20 12:52:34,CS2,SPREAD_TIGHT,,,,spread=0.0100 < 0.05 — cancelling
23:12:48,2024-02-20 12:52:36,CS1,SPREAD_TIGHT,,,,spread=0.0500 < 0.05 — cancelling
23:12:48,2024-02-20 12:52:36,CS2,SPREAD_TIGHT,,,,spread=0.0400 < 0.05 — cancelling
23:12:50,2024-02-20 12:52:36,CS1,SPREAD_TIGHT,,,,spread=0.0500 < 0.05 — cancelling
23:12:50,2024-02-20 12:52:36,CS2,SPREAD_TIGHT,,,,spread=0.0400 < 0.05 — cancelling
23:12:52,2024-02-20 12:52:36,CS1,SPREAD_TIGHT,,,,spread=0.0300 < 0.05 — cancelling
23:12:52,2024-02-20 12:52:36,CS2,SPREAD_TIGHT,,,,spread=0.0400 < 0.05 — cancelling
23:12:54,2024-02-20 12:52:41,CS1,SPREAD_TIGHT,,,,spread=0.0500 < 0.05 — cancelling
23:12:54,2024-02-20 12:52:41,CS2,SPREAD_TIGHT,,,,spread=0.0400 < 0.05 — cancelling
23:12:56,2024-02-20 12:52:43,CS1,SPREAD_TIGHT,,,,spread=0.0300 < 0.05 — cancelling
23:12:56,2024-02-20 12:52:43,CS2,SPREAD_TIGHT,,,,spread=0.0400 < 0.05 — cancelling
23:12:58,2024-02-20 12:52:43,CS1,SPREAD_TIGHT,,,,spread=0.0300 < 0.05 — cancelling
23:12:59,2024-02-20 12:52:43,CS2,SPREAD_TIGHT,,,,spread=0.0100 < 0.05 — cancelling
23:13:00,2024-02-20 12:52:47,CS1,SPREAD_TIGHT,,,,spread=0.0300 < 0.05 — cancelling
23:13:01,2024-02-20 12:52:48,CS2,SPREAD_TIGHT,,,,spread=0.0500 < 0.05 — cancelling
23:13:02,2024-02-20 12:52:48,CS1,SPREAD_TIGHT,,,,spread=0.0100 < 0.05 — cancelling
23:13:03,2024-02-20 12:52:51,CS2,SPREAD_TIGHT,,,,spread=0.0500 < 0.05 — cancelling
23:13:04,2024-02-20 12:52:51,CS1,SPREAD_TIGHT,,,,spread=0.0100 < 0.05 — cancelling
23:13:05,2024-02-20 12:52:53,CS2,SUBMIT,BUY,100.65,3,bid+1tick=100.65 spread=0.0800 pos=-26L
23:13:05,2024-02-20 12:52:53,CS2,SUBMIT,SELL,100.71,3,ask-1tick=100.71 spread=0.0800 pos=-26L
23:13:05,2024-02-20 12:52:53,CS2,STATUS,,,,bid=100.65(NEW) ask=100.71(NEW) spread=0.0800 pos=-26L
23:13:06,2024-02-20 12:52:53,CS1,SPREAD_TIGHT,,,,spread=0.0100 < 0.05 — cancelling
23:13:07,2024-02-20 12:52:54,CS2,SPREAD_TIGHT,,,,spread=0.0100 < 0.05 — cancelling
23:13:08,2024-02-20 12:52:56,CS1,SPREAD_TIGHT,,,,spread=0.0200 < 0.05 — cancelling
23:13:09,2024-02-20 12:52:57,CS2,SPREAD_TIGHT,,,,spread=0.0100 < 0.05 — cancelling
23:13:10,2024-02-20 12:52:58,CS1,SUBMIT,BUY,101.29,3,bid+1tick=101.29 spread=0.0600 pos=+4L
23:13:10,2024-02-20 12:52:58,CS1,SUBMIT,SELL,101.33,3,ask-1tick=101.33 spread=0.0600 pos=+4L
23:13:10,2024-02-20 12:52:58,CS1,STATUS,,,,bid=101.29(NEW) ask=101.33(NEW) spread=0.0600 pos=+4L
23:13:11,2024-02-20 12:52:58,CS2,SPREAD_TIGHT,,,,spread=0.0100 < 0.05 — cancelling
23:13:12,2024-02-20 12:53:00,CS1,SPREAD_TIGHT,,,,spread=0.0300 < 0.05 — cancelling
23:13:13,2024-02-20 12:53:00,CS2,SPREAD_TIGHT,,,,spread=0.0100 < 0.05 — cancelling
23:13:14,2024-02-20 12:53:02,CS1,SUBMIT,BUY,101.29,3,bid+1tick=101.29 spread=0.0900 pos=+1L
23:13:14,2024-02-20 12:53:02,CS1,SUBMIT,SELL,101.36,3,ask-1tick=101.36 spread=0.0900 pos=+1L
23:13:14,2024-02-20 12:53:02,CS1,STATUS,,,,bid=101.29(NEW) ask=101.36(NEW) spread=0.0900 pos=+1L
23:13:15,2024-02-20 12:53:02,CS2,SPREAD_TIGHT,,,,spread=0.0300 < 0.05 — cancelling
23:13:16,2024-02-20 12:53:04,CS1,SPREAD_TIGHT,,,,spread=0.0100 < 0.05 — cancelling
23:13:17,2024-02-20 12:53:05,CS2,SUBMIT,BUY,100.63,3,bid+1tick=100.63 spread=0.0900 pos=-23L
23:13:17,2024-02-20 12:53:05,CS2,SUBMIT,SELL,100.7,3,ask-1tick=100.7 spread=0.0900 pos=-23L
23:13:17,2024-02-20 12:53:05,CS2,STATUS,,,,bid=100.63(NEW) ask=100.7(NEW) spread=0.0900 pos=-23L
23:13:18,2024-02-20 12:53:05,CS1,SUBMIT,BUY,101.28,3,bid+1tick=101.28 spread=0.0900 pos=+1L
23:13:18,2024-02-20 12:53:05,CS1,SUBMIT,SELL,101.35,3,ask-1tick=101.35 spread=0.0900 pos=+1L
23:13:18,2024-02-20 12:53:05,CS1,STATUS,,,,bid=101.28(NEW) ask=101.35(NEW) spread=0.0900 pos=+1L
23:13:19,2024-02-20 12:53:05,CS2,SPREAD_TIGHT,,,,spread=0.0400 < 0.05 — cancelling
23:13:20,2024-02-20 12:53:07,CS1,SPREAD_TIGHT,,,,spread=0.0100 < 0.05 — cancelling
23:13:21,2024-02-20 12:53:07,CS2,SPREAD_TIGHT,,,,spread=0.0500 < 0.05 — cancelling
23:13:22,2024-02-20 12:53:10,CS1,SUBMIT,BUY,101.31,3,bid+1tick=101.31 spread=0.0700 pos=-2L
23:13:22,2024-02-20 12:53:10,CS1,SUBMIT,SELL,101.36,3,ask-1tick=101.36 spread=0.0700 pos=-2L
23:13:22,2024-02-20 12:53:10,CS1,STATUS,,,,bid=101.31(NEW) ask=101.36(NEW) spread=0.0700 pos=-2L
23:13:23,2024-02-20 12:53:10,CS2,SPREAD_TIGHT,,,,spread=0.0200 < 0.05 — cancelling
23:13:24,2024-02-20 12:53:12,CS1,SPREAD_TIGHT,,,,spread=0.0300 < 0.05 — cancelling
23:13:25,2024-02-20 12:53:12,CS2,SPREAD_TIGHT,,,,spread=0.0100 < 0.05 — cancelling
23:13:26,2024-02-20 12:53:14,CS1,SPREAD_TIGHT,,,,spread=0.0400 < 0.05 — cancelling
23:13:27,2024-02-20 12:53:15,CS2,SPREAD_TIGHT,,,,spread=0.0300 < 0.05 — cancelling
23:13:29,2024-02-20 12:53:16,CS1,SPREAD_TIGHT,,,,spread=0.0500 < 0.05 — cancelling
23:13:29,2024-02-20 12:53:16,CS2,SPREAD_TIGHT,,,,spread=0.0300 < 0.05 — cancelling
23:13:31,2024-02-20 12:53:18,CS1,SPREAD_TIGHT,,,,spread=0.0100 < 0.05 — cancelling
23:13:31,2024-02-20 12:53:18,CS2,SPREAD_TIGHT,,,,spread=0.0300 < 0.05 — cancelling
23:13:33,2024-02-20 12:53:21,CS1,SPREAD_TIGHT,,,,spread=0.0200 < 0.05 — cancelling
23:13:33,2024-02-20 12:53:21,CS2,SPREAD_TIGHT,,,,spread=0.0500 < 0.05 — cancelling
23:13:35,2024-02-20 12:53:22,CS1,SPREAD_TIGHT,,,,spread=0.0400 < 0.05 — cancelling
23:13:35,2024-02-20 12:53:22,CS2,SPREAD_TIGHT,,,,spread=0.0500 < 0.05 — cancelling
23:13:37,2024-02-20 12:53:25,CS1,SPREAD_TIGHT,,,,spread=0.0400 < 0.05 — cancelling
23:13:37,2024-02-20 12:53:25,CS2,SUBMIT,BUY,100.55,3,bid+1tick=100.55 spread=0.0800 pos=-23L
23:13:37,2024-02-20 12:53:25,CS2,SUBMIT,SELL,100.61,3,ask-1tick=100.61 spread=0.0800 pos=-23L
23:13:37,2024-02-20 12:53:25,CS2,STATUS,,,,bid=100.55(NEW) ask=100.61(NEW) spread=0.0800 pos=-23L
23:13:39,2024-02-20 12:53:26,CS1,SPREAD_TIGHT,,,,spread=0.0400 < 0.05 — cancelling
23:13:39,2024-02-20 12:53:26,CS2,CANCEL,BUY,100.55,,outside spread bid=100.55 ask=100.61
23:13:40,2024-02-20 12:53:26,CS2,CANCEL,SELL,100.61,,outside spread bid=100.55 ask=100.61
23:13:40,2024-02-20 12:53:26,CS2,SUBMIT,BUY,100.55,3,bid+1tick=100.55 spread=0.0800 pos=-23L
23:13:40,2024-02-20 12:53:26,CS2,SUBMIT,SELL,100.61,3,ask-1tick=100.61 spread=0.0800 pos=-23L
23:13:40,2024-02-20 12:53:26,CS2,STATUS,,,,bid=100.55(NEW) ask=100.61(NEW) spread=0.0800 pos=-23L
23:13:41,2024-02-20 12:53:29,CS1,SUBMIT,BUY,101.34,3,bid+1tick=101.34 spread=0.0700 pos=-2L
23:13:41,2024-02-20 12:53:29,CS1,SUBMIT,SELL,101.39,3,ask-1tick=101.39 spread=0.0700 pos=-2L
23:13:41,2024-02-20 12:53:29,CS1,STATUS,,,,bid=101.34(NEW) ask=101.39(NEW) spread=0.0700 pos=-2L
23:13:41,2024-02-20 12:53:29,CS2,SPREAD_TIGHT,,,,spread=0.0100 < 0.05 — cancelling
23:13:43,2024-02-20 12:53:31,CS1,SPREAD_TIGHT,,,,spread=0.0200 < 0.05 — cancelling
23:13:43,2024-02-20 12:53:31,CS2,SPREAD_TIGHT,,,,spread=0.0100 < 0.05 — cancelling
23:13:45,2024-02-20 12:53:32,CS1,SUBMIT,BUY,101.31,3,bid+1tick=101.31 spread=0.0600 pos=-2L
23:13:45,2024-02-20 12:53:32,CS1,SUBMIT,SELL,101.35,3,ask-1tick=101.35 spread=0.0600 pos=-2L
23:13:45,2024-02-20 12:53:32,CS1,STATUS,,,,bid=101.31(NEW) ask=101.35(NEW) spread=0.0600 pos=-2L
23:13:45,2024-02-20 12:53:32,CS2,SPREAD_TIGHT,,,,spread=0.0100 < 0.05 — cancelling
23:13:47,2024-02-20 12:53:34,CS1,SPREAD_TIGHT,,,,spread=0.0200 < 0.05 — cancelling
23:13:48,2024-02-20 12:53:34,CS2,SPREAD_TIGHT,,,,spread=0.0200 < 0.05 — cancelling
23:13:49,2024-02-20 12:53:34,CS1,SPREAD_TIGHT,,,,spread=0.0200 < 0.05 — cancelling
23:13:50,2024-02-20 12:53:37,CS2,SPREAD_TIGHT,,,,spread=0.0200 < 0.05 — cancelling
23:13:51,2024-02-20 12:53:39,CS1,SPREAD_TIGHT,,,,spread=0.0300 < 0.05 — cancelling
23:13:52,2024-02-20 12:53:39,CS2,SPREAD_TIGHT,,,,spread=0.0400 < 0.05 — cancelling
23:13:53,2024-02-20 12:53:40,CS1,SPREAD_TIGHT,,,,spread=0.0300 < 0.05 — cancelling
23:13:54,2024-02-20 12:53:40,CS2,SPREAD_TIGHT,,,,spread=0.0400 < 0.05 — cancelling
23:13:55,2024-02-20 12:53:43,CS1,SPREAD_TIGHT,,,,spread=0.0300 < 0.05 — cancelling
23:13:56,2024-02-20 12:53:43,CS2,SPREAD_TIGHT,,,,spread=0.0300 < 0.05 — cancelling
23:13:57,2024-02-20 12:53:43,CS1,SPREAD_TIGHT,,,,spread=0.0100 < 0.05 — cancelling
23:13:58,2024-02-20 12:53:46,CS2,SPREAD_TIGHT,,,,spread=0.0300 < 0.05 — cancelling
23:13:59,2024-02-20 12:53:47,CS1,SPREAD_TIGHT,,,,spread=0.0100 < 0.05 — cancelling
23:14:00,2024-02-20 12:53:47,CS2,SPREAD_TIGHT,,,,spread=0.0200 < 0.05 — cancelling
23:14:01,2024-02-20 12:53:48,CS1,SPREAD_TIGHT,,,,spread=0.0100 < 0.05 — cancelling
23:14:02,2024-02-20 12:53:48,CS2,SPREAD_TIGHT,,,,spread=0.0200 < 0.05 — cancelling
23:14:03,2024-02-20 12:53:51,CS1,SPREAD_TIGHT,,,,spread=0.0100 < 0.05 — cancelling
23:14:04,2024-02-20 12:53:51,CS2,SPREAD_TIGHT,,,,spread=0.0200 < 0.05 — cancelling
23:14:05,2024-02-20 12:53:53,CS1,SPREAD_TIGHT,,,,spread=0.0100 < 0.05 — cancelling
23:14:06,2024-02-20 12:53:54,CS2,SPREAD_TIGHT,,,,spread=0.0100 < 0.05 — cancelling
23:14:07,2024-02-20 12:53:54,CS1,SUBMIT,BUY,101.36,3,bid+1tick=101.36 spread=0.0800 pos=-2L
23:14:07,2024-02-20 12:53:54,CS1,SUBMIT,SELL,101.42,3,ask-1tick=101.42 spread=0.0800 pos=-2L
23:14:07,2024-02-20 12:53:54,CS1,STATUS,,,,bid=101.36(NEW) ask=101.42(NEW) spread=0.0800 pos=-2L
23:14:08,2024-02-20 12:53:56,CS2,SPREAD_TIGHT,,,,spread=0.0100 < 0.05 — cancelling
23:14:09,2024-02-20 12:53:56,CS1,CANCEL,SELL,101.42,,outside spread bid=101.36 ask=101.42
23:14:10,2024-02-20 12:53:56,CS1,SUBMIT,BUY,101.37,3,bid+1tick=101.37 spread=0.0700 pos=+1L
23:14:10,2024-02-20 12:53:56,CS1,SUBMIT,SELL,101.42,3,ask-1tick=101.42 spread=0.0700 pos=+1L
23:14:10,2024-02-20 12:53:56,CS1,STATUS,,,,bid=101.37(NEW) ask=101.42(NEW) spread=0.0700 pos=+1L
23:14:10,2024-02-20 12:53:58,CS2,SPREAD_TIGHT,,,,spread=0.0100 < 0.05 — cancelling
23:14:11,2024-02-20 12:53:59,CS1,CANCEL,SELL,101.42,,outside spread bid=101.32 ask=101.41
23:14:12,2024-02-20 12:53:59,CS1,SUBMIT,BUY,101.33,3,bid+1tick=101.33 spread=0.0900 pos=+4L
23:14:12,2024-02-20 12:53:59,CS1,SUBMIT,SELL,101.4,3,ask-1tick=101.4 spread=0.0900 pos=+4L
23:14:12,2024-02-20 12:53:59,CS1,STATUS,,,,bid=101.33(NEW) ask=101.4(NEW) spread=0.0900 pos=+4L
23:14:12,2024-02-20 12:54:00,CS2,SUBMIT,BUY,100.55,3,bid+1tick=100.55 spread=0.0700 pos=-20L
23:14:12,2024-02-20 12:54:00,CS2,SUBMIT,SELL,100.6,3,ask-1tick=100.6 spread=0.0700 pos=-20L
23:14:12,2024-02-20 12:54:00,CS2,STATUS,,,,bid=100.55(NEW) ask=100.6(NEW) spread=0.0700 pos=-20L
23:14:14,2024-02-20 12:54:02,CS1,CANCEL,BUY,101.33,,outside spread bid=101.33 ask=101.43
23:14:14,2024-02-20 12:54:02,CS1,SUBMIT,BUY,101.33,3,bid+1tick=101.33 spread=0.1100 pos=+1L
23:14:14,2024-02-20 12:54:02,CS1,SUBMIT,SELL,101.42,3,ask-1tick=101.42 spread=0.1100 pos=+1L
23:14:14,2024-02-20 12:54:02,CS1,STATUS,,,,bid=101.33(NEW) ask=101.42(NEW) spread=0.1100 pos=+1L
23:14:14,2024-02-20 12:54:02,CS2,SUBMIT,BUY,100.54,3,bid+1tick=100.54 spread=0.0800 pos=-20L
23:14:14,2024-02-20 12:54:02,CS2,SUBMIT,SELL,100.6,3,ask-1tick=100.6 spread=0.0800 pos=-20L
23:14:14,2024-02-20 12:54:02,CS2,STATUS,,,,bid=100.54(NEW) ask=100.6(NEW) spread=0.0800 pos=-20L
23:14:16,2024-02-20 12:54:03,CS1,CANCEL,BUY,101.33,,outside spread bid=101.33 ask=101.42
23:14:16,2024-02-20 12:54:03,CS1,CANCEL,SELL,101.42,,outside spread bid=101.33 ask=101.42
23:14:16,2024-02-20 12:54:03,CS1,SUBMIT,BUY,101.33,3,bid+1tick=101.33 spread=0.1000 pos=+1L
23:14:16,2024-02-20 12:54:03,CS1,SUBMIT,SELL,101.41,3,ask-1tick=101.41 spread=0.1000 pos=+1L
23:14:16,2024-02-20 12:54:03,CS1,STATUS,,,,bid=101.33(REST) ask=101.41(NEW) spread=0.1000 pos=+1L
23:14:16,2024-02-20 12:54:03,CS2,SPREAD_TIGHT,,,,spread=0.0200 < 0.05 — cancelling
23:14:18,2024-02-20 12:54:06,CS1,SPREAD_TIGHT,,,,spread=0.0100 < 0.05 — cancelling
23:14:18,2024-02-20 12:54:06,CS2,SPREAD_TIGHT,,,,spread=0.0300 < 0.05 — cancelling
23:14:20,2024-02-20 12:54:08,CS1,SPREAD_TIGHT,,,,spread=0.0100 < 0.05 — cancelling
23:14:21,2024-02-20 12:54:09,CS2,SPREAD_TIGHT,,,,spread=0.0300 < 0.05 — cancelling
23:14:22,2024-02-20 12:54:10,CS1,SPREAD_TIGHT,,,,spread=0.0300 < 0.05 — cancelling
23:14:23,2024-02-20 12:54:11,CS2,SPREAD_TIGHT,,,,spread=0.0100 < 0.05 — cancelling
23:14:24,2024-02-20 12:54:11,CS1,SPREAD_TIGHT,,,,spread=0.0200 < 0.05 — cancelling
23:14:25,2024-02-20 12:54:11,CS2,SPREAD_TIGHT,,,,spread=0.0100 < 0.05 — cancelling
23:14:26,2024-02-20 12:54:14,CS1,SPREAD_TIGHT,,,,spread=0.0500 < 0.05 — cancelling
23:14:27,2024-02-20 12:54:14,CS2,SPREAD_TIGHT,,,,spread=0.0100 < 0.05 — cancelling
23:14:28,2024-02-20 12:54:14,CS1,SPREAD_TIGHT,,,,spread=0.0200 < 0.05 — cancelling
23:14:29,2024-02-20 12:54:17,CS2,SPREAD_TIGHT,,,,spread=0.0100 < 0.05 — cancelling
23:14:30,2024-02-20 12:54:18,CS1,SPREAD_TIGHT,,,,spread=0.0200 < 0.05 — cancelling
23:14:31,2024-02-20 12:54:19,CS2,SPREAD_TIGHT,,,,spread=0.0200 < 0.05 — cancelling
23:14:32,2024-02-20 12:54:20,CS1,SUBMIT,BUY,101.3,3,bid+1tick=101.3 spread=0.0600 pos=+4L
23:14:32,2024-02-20 12:54:20,CS1,SUBMIT,SELL,101.34,3,ask-1tick=101.34 spread=0.0600 pos=+4L
23:14:32,2024-02-20 12:54:20,CS1,STATUS,,,,bid=101.3(NEW) ask=101.34(NEW) spread=0.0600 pos=+4L
23:14:33,2024-02-20 12:54:20,CS2,SPREAD_TIGHT,,,,spread=0.0100 < 0.05 — cancelling
23:14:34,2024-02-20 12:54:22,CS1,SUBMIT,BUY,101.3,3,bid+1tick=101.3 spread=0.1000 pos=+4L
23:14:34,2024-02-20 12:54:22,CS1,SUBMIT,SELL,101.38,3,ask-1tick=101.38 spread=0.1000 pos=+4L
23:14:34,2024-02-20 12:54:22,CS1,STATUS,,,,bid=101.3(NEW) ask=101.38(NEW) spread=0.1000 pos=+4L
23:14:35,2024-02-20 12:54:23,CS2,SPREAD_TIGHT,,,,spread=0.0400 < 0.05 — cancelling
23:14:36,2024-02-20 12:54:24,CS1,SPREAD_TIGHT,,,,spread=0.0100 < 0.05 — cancelling
23:14:37,2024-02-20 12:54:24,CS2,SPREAD_TIGHT,,,,spread=0.0400 < 0.05 — cancelling
23:14:38,2024-02-20 12:54:26,CS1,SUBMIT,BUY,101.3,3,bid+1tick=101.3 spread=0.1000 pos=+4L
23:14:38,2024-02-20 12:54:26,CS1,SUBMIT,SELL,101.38,3,ask-1tick=101.38 spread=0.1000 pos=+4L
23:14:38,2024-02-20 12:54:26,CS1,STATUS,,,,bid=101.3(NEW) ask=101.38(NEW) spread=0.1000 pos=+4L
23:14:39,2024-02-20 12:54:27,CS2,SUBMIT,BUY,100.5,3,bid+1tick=100.5 spread=0.1000 pos=-20L
23:14:39,2024-02-20 12:54:27,CS2,SUBMIT,SELL,100.58,3,ask-1tick=100.58 spread=0.1000 pos=-20L
23:14:39,2024-02-20 12:54:27,CS2,STATUS,,,,bid=100.5(NEW) ask=100.58(NEW) spread=0.1000 pos=-20L
23:14:40,2024-02-20 12:54:28,CS1,SPREAD_TIGHT,,,,spread=0.0200 < 0.05 — cancelling
23:14:41,2024-02-20 12:54:29,CS2,CANCEL,BUY,100.5,,outside spread bid=100.5 ask=100.58
23:14:41,2024-02-20 12:54:29,CS2,CANCEL,SELL,100.58,,outside spread bid=100.5 ask=100.58
23:14:42,2024-02-20 12:54:30,CS1,SPREAD_TIGHT,,,,spread=0.0200 < 0.05 — cancelling
23:14:43,2024-02-20 12:54:31,CS2,SPREAD_TIGHT,,,,spread=0.0200 < 0.05 — cancelling
23:14:44,2024-02-20 12:54:31,CS1,SUBMIT,BUY,101.31,3,bid+1tick=101.31 spread=0.0900 pos=+4L
23:14:44,2024-02-20 12:54:31,CS1,SUBMIT,SELL,101.38,3,ask-1tick=101.38 spread=0.0900 pos=+4L
23:14:44,2024-02-20 12:54:31,CS1,STATUS,,,,bid=101.31(NEW) ask=101.38(NEW) spread=0.0900 pos=+4L
23:14:45,2024-02-20 12:54:33,CS2,SUBMIT,BUY,100.52,3,bid+1tick=100.52 spread=0.0800 pos=-20L
23:14:45,2024-02-20 12:54:33,CS2,SUBMIT,SELL,100.58,3,ask-1tick=100.58 spread=0.0800 pos=-20L
23:14:45,2024-02-20 12:54:33,CS2,STATUS,,,,bid=100.52(NEW) ask=100.58(NEW) spread=0.0800 pos=-20L
23:14:46,2024-02-20 12:54:34,CS1,SPREAD_TIGHT,,,,spread=0.0300 < 0.05 — cancelling
23:14:47,2024-02-20 12:54:35,CS2,SPREAD_TIGHT,,,,spread=0.0300 < 0.05 — cancelling
23:14:48,2024-02-20 12:54:35,CS1,SUBMIT,BUY,101.36,3,bid+1tick=101.36 spread=0.0700 pos=+4L
23:14:48,2024-02-20 12:54:35,CS1,SUBMIT,SELL,101.41,3,ask-1tick=101.41 spread=0.0700 pos=+4L
23:14:48,2024-02-20 12:54:35,CS1,STATUS,,,,bid=101.36(NEW) ask=101.41(NEW) spread=0.0700 pos=+4L
23:14:49,2024-02-20 12:54:37,CS2,SPREAD_TIGHT,,,,spread=0.0400 < 0.05 — cancelling
23:14:51,2024-02-20 12:54:38,CS1,CANCEL,SELL,101.41,,outside spread bid=101.3 ask=101.36
23:14:51,2024-02-20 12:54:38,CS1,SUBMIT,BUY,101.31,3,bid+1tick=101.31 spread=0.0600 pos=+7L
23:14:51,2024-02-20 12:54:38,CS1,SUBMIT,SELL,101.35,3,ask-1tick=101.35 spread=0.0600 pos=+7L
23:14:51,2024-02-20 12:54:38,CS1,STATUS,,,,bid=101.31(NEW) ask=101.35(NEW) spread=0.0600 pos=+7L
23:14:51,2024-02-20 12:54:39,CS2,SUBMIT,BUY,100.54,3,bid+1tick=100.54 spread=0.0800 pos=-20L
23:14:51,2024-02-20 12:54:39,CS2,SUBMIT,SELL,100.6,3,ask-1tick=100.6 spread=0.0800 pos=-20L
23:14:51,2024-02-20 12:54:39,CS2,STATUS,,,,bid=100.54(NEW) ask=100.6(NEW) spread=0.0800 pos=-20L
23:14:53,2024-02-20 12:54:39,CS1,SPREAD_TIGHT,,,,spread=0.0100 < 0.05 — cancelling
23:14:53,2024-02-20 12:54:39,CS2,CANCEL,BUY,100.54,,outside spread bid=100.54 ask=100.6
23:14:54,2024-02-20 12:54:39,CS2,CANCEL,SELL,100.6,,outside spread bid=100.54 ask=100.6
23:14:55,2024-02-20 12:54:39,CS1,SPREAD_TIGHT,,,,spread=0.0100 < 0.05 — cancelling
23:14:55,2024-02-20 12:54:44,CS2,SPREAD_TIGHT,,,,spread=0.0100 < 0.05 — cancelling
23:14:57,2024-02-20 12:54:44,CS1,SPREAD_TIGHT,,,,spread=0.0500 < 0.05 — cancelling
23:14:57,2024-02-20 12:54:44,CS2,SPREAD_TIGHT,,,,spread=0.0200 < 0.05 — cancelling
23:14:59,2024-02-20 12:54:47,CS1,SPREAD_TIGHT,,,,spread=0.0500 < 0.05 — cancelling
23:14:59,2024-02-20 12:54:47,CS2,SPREAD_TIGHT,,,,spread=0.0300 < 0.05 — cancelling
23:15:01,2024-02-20 12:54:49,CS1,SPREAD_TIGHT,,,,spread=0.0200 < 0.05 — cancelling
23:15:01,2024-02-20 12:54:49,CS2,SPREAD_TIGHT,,,,spread=0.0300 < 0.05 — cancelling
23:15:03,2024-02-20 12:54:49,CS1,SPREAD_TIGHT,,,,spread=0.0500 < 0.05 — cancelling
23:15:04,2024-02-20 12:54:49,CS2,SPREAD_TIGHT,,,,spread=0.0300 < 0.05 — cancelling
23:15:05,2024-02-20 12:54:49,CS1,SPREAD_TIGHT,,,,spread=0.0300 < 0.05 — cancelling
23:15:06,2024-02-20 12:54:49,CS2,SPREAD_TIGHT,,,,spread=0.0300 < 0.05 — cancelling
23:15:07,2024-02-20 12:54:49,CS1,SPREAD_TIGHT,,,,spread=0.0300 < 0.05 — cancelling
23:15:08,2024-02-20 12:54:49,CS2,SPREAD_TIGHT,,,,spread=0.0300 < 0.05 — cancelling
23:15:09,2024-02-20 12:54:49,CS1,SPREAD_TIGHT,,,,spread=0.0300 < 0.05 — cancelling
23:15:10,2024-02-20 12:54:57,CS2,SPREAD_TIGHT,,,,spread=0.0300 < 0.05 — cancelling
23:15:11,2024-02-20 12:54:58,CS1,SPREAD_TIGHT,,,,spread=0.0300 < 0.05 — cancelling
23:15:12,2024-02-20 12:54:58,CS2,SPREAD_TIGHT,,,,spread=0.0100 < 0.05 — cancelling
23:15:13,2024-02-20 12:55:01,CS1,SPREAD_TIGHT,,,,spread=0.0100 < 0.05 — cancelling
23:15:14,2024-02-20 12:55:01,CS2,SPREAD_TIGHT,,,,spread=0.0100 < 0.05 — cancelling
23:15:15,2024-02-20 12:55:03,CS1,SPREAD_TIGHT,,,,spread=0.0100 < 0.05 — cancelling
23:15:16,2024-02-20 12:55:03,CS2,SPREAD_TIGHT,,,,spread=0.0200 < 0.05 — cancelling
23:15:17,2024-02-20 12:55:05,CS1,SPREAD_TIGHT,,,,spread=0.0200 < 0.05 — cancelling
23:15:18,2024-02-20 12:55:05,CS2,SPREAD_TIGHT,,,,spread=0.0200 < 0.05 — cancelling
23:15:19,2024-02-20 12:55:05,CS1,SPREAD_TIGHT,,,,spread=0.0200 < 0.05 — cancelling
23:15:20,2024-02-20 12:55:08,CS2,SPREAD_TIGHT,,,,spread=0.0200 < 0.05 — cancelling
23:15:21,2024-02-20 12:55:09,CS1,SPREAD_TIGHT,,,,spread=0.0200 < 0.05 — cancelling
23:15:22,2024-02-20 12:55:09,CS2,SPREAD_TIGHT,,,,spread=0.0100 < 0.05 — cancelling
23:15:23,2024-02-20 12:55:11,CS1,SPREAD_TIGHT,,,,spread=0.0200 < 0.05 — cancelling
23:15:24,2024-02-20 12:55:11,CS2,SPREAD_TIGHT,,,,spread=0.0400 < 0.05 — cancelling
23:15:25,2024-02-20 12:55:12,CS1,SPREAD_TIGHT,,,,spread=0.0200 < 0.05 — cancelling
23:15:26,2024-02-20 12:55:12,CS2,SPREAD_TIGHT,,,,spread=0.0400 < 0.05 — cancelling
23:15:27,2024-02-20 12:55:15,CS1,SPREAD_TIGHT,,,,spread=0.0200 < 0.05 — cancelling
23:15:28,2024-02-20 12:55:15,CS2,SPREAD_TIGHT,,,,spread=0.0400 < 0.05 — cancelling
23:15:29,2024-02-20 12:55:18,CS1,SPREAD_TIGHT,,,,spread=0.0100 < 0.05 — cancelling
23:15:30,2024-02-20 12:55:18,CS2,SUBMIT,BUY,100.61,3,bid+1tick=100.61 spread=0.0600 pos=-20L
23:15:30,2024-02-20 12:55:18,CS2,SUBMIT,SELL,100.65,3,ask-1tick=100.65 spread=0.0600 pos=-20L
23:15:30,2024-02-20 12:55:18,CS2,STATUS,,,,bid=100.61(NEW) ask=100.65(NEW) spread=0.0600 pos=-20L
23:15:31,2024-02-20 12:55:18,CS1,SPREAD_TIGHT,,,,spread=0.0100 < 0.05 — cancelling
23:15:32,2024-02-20 12:55:18,CS2,SPREAD_TIGHT,,,,spread=0.0400 < 0.05 — cancelling
23:15:34,2024-02-20 12:55:21,CS1,SPREAD_TIGHT,,,,spread=0.0200 < 0.05 — cancelling
23:15:34,2024-02-20 12:55:21,CS2,SPREAD_TIGHT,,,,spread=0.0300 < 0.05 — cancelling
23:15:36,2024-02-20 12:55:21,CS1,SPREAD_TIGHT,,,,spread=0.0100 < 0.05 — cancelling
23:15:36,2024-02-20 12:55:24,CS2,SPREAD_TIGHT,,,,spread=0.0300 < 0.05 — cancelling
23:15:38,2024-02-20 12:55:26,CS1,SUBMIT,BUY,101.39,3,bid+1tick=101.39 spread=0.0600 pos=+10L
23:15:38,2024-02-20 12:55:26,CS1,SUBMIT,SELL,101.43,3,ask-1tick=101.43 spread=0.0600 pos=+10L
23:15:38,2024-02-20 12:55:26,CS1,STATUS,,,,bid=101.39(NEW) ask=101.43(NEW) spread=0.0600 pos=+10L
23:15:38,2024-02-20 12:55:26,CS2,SPREAD_TIGHT,,,,spread=0.0200 < 0.05 — cancelling
23:15:40,2024-02-20 12:55:28,CS1,SPREAD_TIGHT,,,,spread=0.0400 < 0.05 — cancelling
23:15:40,2024-02-20 12:55:28,CS2,SPREAD_TIGHT,,,,spread=0.0200 < 0.05 — cancelling
23:15:42,2024-02-20 12:55:30,CS1,SPREAD_TIGHT,,,,spread=0.0500 < 0.05 — cancelling
23:15:42,2024-02-20 12:55:30,CS2,SPREAD_TIGHT,,,,spread=0.0400 < 0.05 — cancelling
23:15:44,2024-02-20 12:55:31,CS1,SPREAD_TIGHT,,,,spread=0.0500 < 0.05 — cancelling
23:15:44,2024-02-20 12:55:32,CS2,SPREAD_TIGHT,,,,spread=0.0100 < 0.05 — cancelling
23:15:46,2024-02-20 12:55:33,CS1,SPREAD_TIGHT,,,,spread=0.0500 < 0.05 — cancelling
23:15:46,2024-02-20 12:55:33,CS2,SPREAD_TIGHT,,,,spread=0.0100 < 0.05 — cancelling
23:15:48,2024-02-20 12:55:35,CS1,SPREAD_TIGHT,,,,spread=0.0500 < 0.05 — cancelling
23:15:48,2024-02-20 12:55:35,CS2,SPREAD_TIGHT,,,,spread=0.0300 < 0.05 — cancelling
23:15:50,2024-02-20 12:55:37,CS1,SPREAD_TIGHT,,,,spread=0.0400 < 0.05 — cancelling
23:15:50,2024-02-20 12:55:37,CS2,SUBMIT,BUY,100.7,3,bid+1tick=100.7 spread=0.0700 pos=-23L
23:15:50,2024-02-20 12:55:37,CS2,SUBMIT,SELL,100.75,3,ask-1tick=100.75 spread=0.0700 pos=-23L
23:15:50,2024-02-20 12:55:37,CS2,STATUS,,,,bid=100.7(NEW) ask=100.75(NEW) spread=0.0700 pos=-23L
23:15:52,2024-02-20 12:55:39,CS1,SPREAD_TIGHT,,,,spread=0.0200 < 0.05 — cancelling
23:15:52,2024-02-20 12:55:40,CS2,CANCEL,SELL,100.75,,outside spread bid=100.67 ask=100.74
23:15:53,2024-02-20 12:55:40,CS2,SUBMIT,BUY,100.68,3,bid+1tick=100.68 spread=0.0700 pos=-20L
23:15:53,2024-02-20 12:55:40,CS2,SUBMIT,SELL,100.73,3,ask-1tick=100.73 spread=0.0700 pos=-20L
23:15:53,2024-02-20 12:55:40,CS2,STATUS,,,,bid=100.68(NEW) ask=100.73(NEW) spread=0.0700 pos=-20L
23:15:54,2024-02-20 12:55:42,CS1,SPREAD_TIGHT,,,,spread=0.0300 < 0.05 — cancelling
23:15:55,2024-02-20 12:55:42,CS2,SPREAD_TIGHT,,,,spread=0.0200 < 0.05 — cancelling
23:15:56,2024-02-20 12:55:44,CS1,SPREAD_TIGHT,,,,spread=0.0400 < 0.05 — cancelling
23:15:57,2024-02-20 12:55:44,CS2,SPREAD_TIGHT,,,,spread=0.0200 < 0.05 — cancelling
23:15:58,2024-02-20 12:55:46,CS1,SPREAD_TIGHT,,,,spread=0.0500 < 0.05 — cancelling
23:15:59,2024-02-20 12:55:46,CS2,SPREAD_TIGHT,,,,spread=0.0500 < 0.05 — cancelling
23:16:00,2024-02-20 12:55:48,CS1,SPREAD_TIGHT,,,,spread=0.0100 < 0.05 — cancelling
23:16:01,2024-02-20 12:55:48,CS2,SPREAD_TIGHT,,,,spread=0.0100 < 0.05 — cancelling
23:16:02,2024-02-20 12:55:50,CS1,SPREAD_TIGHT,,,,spread=0.0500 < 0.05 — cancelling
23:16:03,2024-02-20 12:55:51,CS2,SPREAD_TIGHT,,,,spread=0.0100 < 0.05 — cancelling
23:16:04,2024-02-20 12:55:52,CS1,SPREAD_TIGHT,,,,spread=0.0300 < 0.05 — cancelling
23:16:05,2024-02-20 12:55:53,CS2,SPREAD_TIGHT,,,,spread=0.0200 < 0.05 — cancelling
23:16:06,2024-02-20 12:55:54,CS1,SPREAD_TIGHT,,,,spread=0.0300 < 0.05 — cancelling
23:16:07,2024-02-20 12:55:54,CS2,SPREAD_TIGHT,,,,spread=0.0100 < 0.05 — cancelling
23:16:08,2024-02-20 12:55:56,CS1,SPREAD_TIGHT,,,,spread=0.0100 < 0.05 — cancelling
23:16:09,2024-02-20 12:55:57,CS2,SUBMIT,BUY,100.66,3,bid+1tick=100.66 spread=0.0600 pos=-20L
23:16:09,2024-02-20 12:55:57,CS2,SUBMIT,SELL,100.7,3,ask-1tick=100.7 spread=0.0600 pos=-20L
23:16:09,2024-02-20 12:55:57,CS2,STATUS,,,,bid=100.66(NEW) ask=100.7(NEW) spread=0.0600 pos=-20L
23:16:10,2024-02-20 12:55:58,CS1,SPREAD_TIGHT,,,,spread=0.0400 < 0.05 — cancelling
23:16:11,2024-02-20 12:55:59,CS2,SPREAD_TIGHT,,,,spread=0.0300 < 0.05 — cancelling
23:16:12,2024-02-20 12:56:00,CS1,SPREAD_TIGHT,,,,spread=0.0200 < 0.05 — cancelling
23:16:13,2024-02-20 12:56:01,CS2,SPREAD_TIGHT,,,,spread=0.0100 < 0.05 — cancelling
23:16:14,2024-02-20 12:56:01,CS1,SUBMIT,BUY,101.36,3,bid+1tick=101.36 spread=0.0600 pos=+7L
23:16:14,2024-02-20 12:56:01,CS1,SUBMIT,SELL,101.4,3,ask-1tick=101.4 spread=0.0600 pos=+7L
23:16:14,2024-02-20 12:56:01,CS1,STATUS,,,,bid=101.36(NEW) ask=101.4(NEW) spread=0.0600 pos=+7L
23:16:15,2024-02-20 12:56:01,CS2,SPREAD_TIGHT,,,,spread=0.0100 < 0.05 — cancelling
23:16:16,2024-02-20 12:56:05,CS1,CANCEL,SELL,101.4,,outside spread bid=101.32 ask=101.4
23:16:17,2024-02-20 12:56:05,CS1,SUBMIT,BUY,101.33,3,bid+1tick=101.33 spread=0.1000 pos=+10L
23:16:17,2024-02-20 12:56:05,CS1,SUBMIT,SELL,101.41,3,ask-1tick=101.41 spread=0.1000 pos=+10L
23:16:17,2024-02-20 12:56:05,CS1,STATUS,,,,bid=101.33(NEW) ask=101.41(NEW) spread=0.1000 pos=+10L
23:16:17,2024-02-20 12:56:05,CS2,SPREAD_TIGHT,,,,spread=0.0400 < 0.05 — cancelling
23:16:19,2024-02-20 12:56:07,CS1,SPREAD_TIGHT,,,,spread=0.0100 < 0.05 — cancelling
23:16:19,2024-02-20 12:56:07,CS2,SPREAD_TIGHT,,,,spread=0.0100 < 0.05 — cancelling
23:16:21,2024-02-20 12:56:08,CS1,SUBMIT,BUY,101.37,3,bid+1tick=101.37 spread=0.0700 pos=+4L
23:16:21,2024-02-20 12:56:08,CS1,SUBMIT,SELL,101.42,3,ask-1tick=101.42 spread=0.0700 pos=+4L
23:16:21,2024-02-20 12:56:08,CS1,STATUS,,,,bid=101.37(NEW) ask=101.42(NEW) spread=0.0700 pos=+4L
23:16:21,2024-02-20 12:56:08,CS2,SUBMIT,BUY,100.61,3,bid+1tick=100.61 spread=0.0600 pos=-17L
23:16:21,2024-02-20 12:56:08,CS2,SUBMIT,SELL,100.65,3,ask-1tick=100.65 spread=0.0600 pos=-17L
23:16:21,2024-02-20 12:56:08,CS2,STATUS,,,,bid=100.61(NEW) ask=100.65(NEW) spread=0.0600 pos=-17L
23:16:23,2024-02-20 12:56:10,CS1,SPREAD_TIGHT,,,,spread=0.0200 < 0.05 — cancelling
23:16:23,2024-02-20 12:56:11,CS2,CANCEL,SELL,100.65,,outside spread bid=100.57 ask=100.63
23:16:24,2024-02-20 12:56:11,CS2,SUBMIT,BUY,100.58,3,bid+1tick=100.58 spread=0.0600 pos=-14L
23:16:24,2024-02-20 12:56:11,CS2,SUBMIT,SELL,100.62,3,ask-1tick=100.62 spread=0.0600 pos=-14L
23:16:24,2024-02-20 12:56:11,CS2,STATUS,,,,bid=100.58(NEW) ask=100.62(NEW) spread=0.0600 pos=-14L
23:16:25,2024-02-20 12:56:11,CS1,SPREAD_TIGHT,,,,spread=0.0100 < 0.05 — cancelling
23:16:25,2024-02-20 12:56:14,CS2,SPREAD_TIGHT,,,,spread=0.0500 < 0.05 — cancelling
23:16:27,2024-02-20 12:56:15,CS1,SPREAD_TIGHT,,,,spread=0.0300 < 0.05 — cancelling
23:16:28,2024-02-20 12:56:15,CS2,SPREAD_TIGHT,,,,spread=0.0100 < 0.05 — cancelling
23:16:29,2024-02-20 12:56:16,CS1,SPREAD_TIGHT,,,,spread=0.0300 < 0.05 — cancelling
23:16:30,2024-02-20 12:56:16,CS2,SPREAD_TIGHT,,,,spread=0.0100 < 0.05 — cancelling
23:16:31,2024-02-20 12:56:19,CS1,SPREAD_TIGHT,,,,spread=0.0300 < 0.05 — cancelling
23:16:32,2024-02-20 12:56:19,CS2,SPREAD_TIGHT,,,,spread=0.0100 < 0.05 — cancelling
23:16:33,2024-02-20 12:56:21,CS1,SPREAD_TIGHT,,,,spread=0.0200 < 0.05 — cancelling
23:16:34,2024-02-20 12:56:21,CS2,SPREAD_TIGHT,,,,spread=0.0200 < 0.05 — cancelling
23:16:35,2024-02-20 12:56:23,CS1,SPREAD_TIGHT,,,,spread=0.0100 < 0.05 — cancelling
23:16:36,2024-02-20 12:56:24,CS2,SPREAD_TIGHT,,,,spread=0.0100 < 0.05 — cancelling
23:16:37,2024-02-20 12:56:24,CS1,SPREAD_TIGHT,,,,spread=0.0200 < 0.05 — cancelling
23:16:38,2024-02-20 12:56:26,CS2,SPREAD_TIGHT,,,,spread=0.0100 < 0.05 — cancelling
23:16:39,2024-02-20 12:56:26,CS1,SPREAD_TIGHT,,,,spread=0.0100 < 0.05 — cancelling
23:16:40,2024-02-20 12:56:28,CS2,SPREAD_TIGHT,,,,spread=0.0100 < 0.05 — cancelling
23:16:41,2024-02-20 12:56:29,CS1,SPREAD_TIGHT,,,,spread=0.0200 < 0.05 — cancelling
23:16:42,2024-02-20 12:56:30,CS2,SPREAD_TIGHT,,,,spread=0.0100 < 0.05 — cancelling
23:16:43,2024-02-20 12:56:30,CS1,SPREAD_TIGHT,,,,spread=0.0300 < 0.05 — cancelling
23:16:44,2024-02-20 12:56:30,CS2,SPREAD_TIGHT,,,,spread=0.0100 < 0.05 — cancelling
23:16:45,2024-02-20 12:56:30,CS1,SPREAD_TIGHT,,,,spread=0.0300 < 0.05 — cancelling
23:16:46,2024-02-20 12:56:34,CS2,SPREAD_TIGHT,,,,spread=0.0300 < 0.05 — cancelling
23:16:47,2024-02-20 12:56:34,CS1,SPREAD_TIGHT,,,,spread=0.0100 < 0.05 — cancelling
23:16:48,2024-02-20 12:56:34,CS2,SPREAD_TIGHT,,,,spread=0.0300 < 0.05 — cancelling
23:16:49,2024-02-20 12:56:36,CS1,SPREAD_TIGHT,,,,spread=0.0100 < 0.05 — cancelling
23:16:50,2024-02-20 12:56:38,CS2,SUBMIT,BUY,100.63,3,bid+1tick=100.63 spread=0.0900 pos=-17L
23:16:50,2024-02-20 12:56:38,CS2,SUBMIT,SELL,100.7,3,ask-1tick=100.7 spread=0.0900 pos=-17L
23:16:50,2024-02-20 12:56:38,CS2,STATUS,,,,bid=100.63(NEW) ask=100.7(NEW) spread=0.0900 pos=-17L
23:16:51,2024-02-20 12:56:38,CS1,SPREAD_TIGHT,,,,spread=0.0500 < 0.05 — cancelling
23:16:52,2024-02-20 12:56:38,CS2,SPREAD_TIGHT,,,,spread=0.0300 < 0.05 — cancelling
23:16:53,2024-02-20 12:56:42,CS1,SPREAD_TIGHT,,,,spread=0.0500 < 0.05 — cancelling
23:16:54,2024-02-20 12:56:42,CS2,SUBMIT,BUY,100.63,3,bid+1tick=100.63 spread=0.0600 pos=-17L
23:16:54,2024-02-20 12:56:42,CS2,SUBMIT,SELL,100.67,3,ask-1tick=100.67 spread=0.0600 pos=-17L
23:16:54,2024-02-20 12:56:42,CS2,STATUS,,,,bid=100.63(NEW) ask=100.67(NEW) spread=0.0600 pos=-17L
23:16:55,2024-02-20 12:56:42,CS1,SPREAD_TIGHT,,,,spread=0.0500 < 0.05 — cancelling
23:16:56,2024-02-20 12:56:42,CS2,SPREAD_TIGHT,,,,spread=0.0400 < 0.05 — cancelling
23:16:58,2024-02-20 12:56:42,CS1,SPREAD_TIGHT,,,,spread=0.0500 < 0.05 — cancelling
23:16:58,2024-02-20 12:56:42,CS2,SPREAD_TIGHT,,,,spread=0.0500 < 0.05 — cancelling
23:17:00,2024-02-20 12:56:48,CS1,SPREAD_TIGHT,,,,spread=0.0500 < 0.05 — cancelling
23:17:00,2024-02-20 12:56:48,CS2,SPREAD_TIGHT,,,,spread=0.0200 < 0.05 — cancelling
23:17:02,2024-02-20 12:56:49,CS1,SPREAD_TIGHT,,,,spread=0.0500 < 0.05 — cancelling
23:17:02,2024-02-20 12:56:50,CS2,SUBMIT,BUY,100.61,3,bid+1tick=100.61 spread=0.0800 pos=-17L
23:17:02,2024-02-20 12:56:50,CS2,SUBMIT,SELL,100.67,3,ask-1tick=100.67 spread=0.0800 pos=-17L
23:17:02,2024-02-20 12:56:50,CS2,STATUS,,,,bid=100.61(NEW) ask=100.67(NEW) spread=0.0800 pos=-17L
23:17:04,2024-02-20 12:56:51,CS1,SUBMIT,BUY,101.41,3,bid+1tick=101.41 spread=0.0700 pos=+4L
23:17:04,2024-02-20 12:56:51,CS1,SUBMIT,SELL,101.46,3,ask-1tick=101.46 spread=0.0700 pos=+4L
23:17:04,2024-02-20 12:56:51,CS1,STATUS,,,,bid=101.41(NEW) ask=101.46(NEW) spread=0.0700 pos=+4L
23:17:04,2024-02-20 12:56:52,CS2,SPREAD_TIGHT,,,,spread=0.0300 < 0.05 — cancelling
23:17:06,2024-02-20 12:56:53,CS1,SPREAD_TIGHT,,,,spread=0.0300 < 0.05 — cancelling
23:17:06,2024-02-20 12:56:53,CS2,SPREAD_TIGHT,,,,spread=0.0500 < 0.05 — cancelling
23:17:08,2024-02-20 12:56:53,CS1,SPREAD_TIGHT,,,,spread=0.0100 < 0.05 — cancelling
23:17:08,2024-02-20 12:56:57,CS2,SPREAD_TIGHT,,,,spread=0.0500 < 0.05 — cancelling
23:17:10,2024-02-20 12:56:58,CS1,SPREAD_TIGHT,,,,spread=0.0400 < 0.05 — cancelling
23:17:10,2024-02-20 12:56:58,CS2,SPREAD_TIGHT,,,,spread=0.0500 < 0.05 — cancelling
23:17:12,2024-02-20 12:56:59,CS1,SPREAD_TIGHT,,,,spread=0.0400 < 0.05 — cancelling
23:17:12,2024-02-20 12:56:59,CS2,SPREAD_TIGHT,,,,spread=0.0500 < 0.05 — cancelling
23:17:14,2024-02-20 12:57:02,CS1,SPREAD_TIGHT,,,,spread=0.0400 < 0.05 — cancelling
23:17:15,2024-02-20 12:57:03,CS2,SUBMIT,BUY,100.59,3,bid+1tick=100.59 spread=0.0600 pos=-17L
23:17:15,2024-02-20 12:57:03,CS2,SUBMIT,SELL,100.63,3,ask-1tick=100.63 spread=0.0600 pos=-17L
23:17:15,2024-02-20 12:57:03,CS2,STATUS,,,,bid=100.59(NEW) ask=100.63(NEW) spread=0.0600 pos=-17L
23:17:16,2024-02-20 12:57:04,CS1,SPREAD_TIGHT,,,,spread=0.0500 < 0.05 — cancelling
23:17:17,2024-02-20 12:57:05,CS2,SPREAD_TIGHT,,,,spread=0.0100 < 0.05 — cancelling
23:17:18,2024-02-20 12:57:06,CS1,SPREAD_TIGHT,,,,spread=0.0200 < 0.05 — cancelling
23:17:19,2024-02-20 12:57:07,CS2,SUBMIT,BUY,100.64,3,bid+1tick=100.64 spread=0.0500 pos=-17L
23:17:19,2024-02-20 12:57:07,CS2,SUBMIT,SELL,100.67,3,ask-1tick=100.67 spread=0.0500 pos=-17L
23:17:19,2024-02-20 12:57:07,CS2,STATUS,,,,bid=100.64(NEW) ask=100.67(NEW) spread=0.0500 pos=-17L
23:17:20,2024-02-20 12:57:07,CS1,SPREAD_TIGHT,,,,spread=0.0500 < 0.05 — cancelling
23:17:21,2024-02-20 12:57:08,CS2,SPREAD_TIGHT,,,,spread=0.0400 < 0.05 — cancelling
23:17:22,2024-02-20 12:57:08,CS1,SPREAD_TIGHT,,,,spread=0.0300 < 0.05 — cancelling
23:17:23,2024-02-20 12:57:11,CS2,SPREAD_TIGHT,,,,spread=0.0400 < 0.05 — cancelling
23:17:24,2024-02-20 12:57:12,CS1,SPREAD_TIGHT,,,,spread=0.0100 < 0.05 — cancelling
23:17:25,2024-02-20 12:57:12,CS2,SUBMIT,BUY,100.59,3,bid+1tick=100.59 spread=0.1100 pos=-17L
23:17:25,2024-02-20 12:57:12,CS2,SUBMIT,SELL,100.68,3,ask-1tick=100.68 spread=0.1100 pos=-17L
23:17:25,2024-02-20 12:57:12,CS2,STATUS,,,,bid=100.59(NEW) ask=100.68(NEW) spread=0.1100 pos=-17L
23:17:26,2024-02-20 12:57:14,CS1,SPREAD_TIGHT,,,,spread=0.0100 < 0.05 — cancelling
23:17:27,2024-02-20 12:57:14,CS2,SPREAD_TIGHT,,,,spread=0.0100 < 0.05 — cancelling
23:17:28,2024-02-20 12:57:16,CS1,SUBMIT,BUY,101.38,3,bid+1tick=101.38 spread=0.0600 pos=+4L
23:17:28,2024-02-20 12:57:16,CS1,SUBMIT,SELL,101.42,3,ask-1tick=101.42 spread=0.0600 pos=+4L
23:17:28,2024-02-20 12:57:16,CS1,STATUS,,,,bid=101.38(NEW) ask=101.42(NEW) spread=0.0600 pos=+4L
23:17:29,2024-02-20 12:57:17,CS2,SUBMIT,BUY,100.59,3,bid+1tick=100.59 spread=0.1100 pos=-20L
23:17:29,2024-02-20 12:57:17,CS2,SUBMIT,SELL,100.68,3,ask-1tick=100.68 spread=0.1100 pos=-20L
23:17:29,2024-02-20 12:57:17,CS2,STATUS,,,,bid=100.59(NEW) ask=100.68(NEW) spread=0.1100 pos=-20L
23:17:30,2024-02-20 12:57:18,CS1,SPREAD_TIGHT,,,,spread=0.0200 < 0.05 — cancelling
23:17:31,2024-02-20 12:57:18,CS2,CANCEL,BUY,100.59,,outside spread bid=100.62 ask=100.68
23:17:31,2024-02-20 12:57:18,CS2,CANCEL,SELL,100.68,,outside spread bid=100.62 ask=100.68
23:17:32,2024-02-20 12:57:20,CS1,SPREAD_TIGHT,,,,spread=0.0500 < 0.05 — cancelling
23:17:33,2024-02-20 12:57:20,CS2,SPREAD_TIGHT,,,,spread=0.0200 < 0.05 — cancelling
23:17:34,2024-02-20 12:57:22,CS1,SPREAD_TIGHT,,,,spread=0.0400 < 0.05 — cancelling
23:17:35,2024-02-20 12:57:22,CS2,SPREAD_TIGHT,,,,spread=0.0200 < 0.05 — cancelling
23:17:36,2024-02-20 12:57:24,CS1,SUBMIT,BUY,101.36,3,bid+1tick=101.36 spread=0.0700 pos=+4L
23:17:36,2024-02-20 12:57:24,CS1,SUBMIT,SELL,101.41,3,ask-1tick=101.41 spread=0.0700 pos=+4L
23:17:36,2024-02-20 12:57:24,CS1,STATUS,,,,bid=101.36(NEW) ask=101.41(NEW) spread=0.0700 pos=+4L
23:17:37,2024-02-20 12:57:24,CS2,SPREAD_TIGHT,,,,spread=0.0300 < 0.05 — cancelling
23:17:38,2024-02-20 12:57:26,CS1,SUBMIT,BUY,101.36,3,bid+1tick=101.36 spread=0.0800 pos=+4L
23:17:38,2024-02-20 12:57:26,CS1,SUBMIT,SELL,101.42,3,ask-1tick=101.42 spread=0.0800 pos=+4L
23:17:38,2024-02-20 12:57:26,CS1,STATUS,,,,bid=101.36(NEW) ask=101.42(NEW) spread=0.0800 pos=+4L
23:17:39,2024-02-20 12:57:27,CS2,SPREAD_TIGHT,,,,spread=0.0300 < 0.05 — cancelling
23:17:40,2024-02-20 12:57:29,CS1,SPREAD_TIGHT,,,,spread=0.0200 < 0.05 — cancelling
23:17:41,2024-02-20 12:57:29,CS2,SUBMIT,BUY,100.71,3,bid+1tick=100.71 spread=0.0600 pos=-20L
23:17:41,2024-02-20 12:57:29,CS2,SUBMIT,SELL,100.75,3,ask-1tick=100.75 spread=0.0600 pos=-20L
23:17:41,2024-02-20 12:57:29,CS2,STATUS,,,,bid=100.71(NEW) ask=100.75(NEW) spread=0.0600 pos=-20L
23:17:42,2024-02-20 12:57:31,CS1,SPREAD_TIGHT,,,,spread=0.0200 < 0.05 — cancelling
23:17:43,2024-02-20 12:57:31,CS2,SPREAD_TIGHT,,,,spread=0.0200 < 0.05 — cancelling
23:17:45,2024-02-20 12:57:32,CS1,SUBMIT,BUY,101.35,3,bid+1tick=101.35 spread=0.1100 pos=+1L
23:17:45,2024-02-20 12:57:32,CS1,SUBMIT,SELL,101.44,3,ask-1tick=101.44 spread=0.1100 pos=+1L
23:17:45,2024-02-20 12:57:32,CS1,STATUS,,,,bid=101.35(NEW) ask=101.44(NEW) spread=0.1100 pos=+1L
23:17:45,2024-02-20 12:57:33,CS2,SPREAD_TIGHT,,,,spread=0.0200 < 0.05 — cancelling
23:17:47,2024-02-20 12:57:34,CS1,CANCEL,BUY,101.35,,outside spread bid=101.37 ask=101.45
23:17:47,2024-02-20 12:57:34,CS2,SUBMIT,BUY,100.69,3,bid+1tick=100.69 spread=0.1000 pos=-17L
23:17:47,2024-02-20 12:57:34,CS2,SUBMIT,SELL,100.77,3,ask-1tick=100.77 spread=0.1000 pos=-17L
23:17:47,2024-02-20 12:57:34,CS2,STATUS,,,,bid=100.69(NEW) ask=100.77(NEW) spread=0.1000 pos=-17L
23:17:49,2024-02-20 12:57:36,CS1,SPREAD_TIGHT,,,,spread=0.0500 < 0.05 — cancelling
23:17:49,2024-02-20 12:57:37,CS2,SPREAD_TIGHT,,,,spread=0.0400 < 0.05 — cancelling
23:17:51,2024-02-20 12:57:39,CS1,SUBMIT,BUY,101.35,3,bid+1tick=101.35 spread=0.0800 pos=-2L
23:17:51,2024-02-20 12:57:39,CS1,SUBMIT,SELL,101.41,3,ask-1tick=101.41 spread=0.0800 pos=-2L
23:17:51,2024-02-20 12:57:39,CS1,STATUS,,,,bid=101.35(NEW) ask=101.41(NEW) spread=0.0800 pos=-2L
23:17:51,2024-02-20 12:57:40,CS2,SPREAD_TIGHT,,,,spread=0.0200 < 0.05 — cancelling
23:17:53,2024-02-20 12:57:40,CS1,SUBMIT,BUY,101.31,3,bid+1tick=101.31 spread=0.1100 pos=-2L
23:17:53,2024-02-20 12:57:40,CS1,SUBMIT,SELL,101.4,3,ask-1tick=101.4 spread=0.1100 pos=-2L
23:17:53,2024-02-20 12:57:40,CS1,STATUS,,,,bid=101.31(NEW) ask=101.4(NEW) spread=0.1100 pos=-2L
23:17:53,2024-02-20 12:57:40,CS2,SUBMIT,BUY,100.7,3,bid+1tick=100.7 spread=0.1100 pos=-20L
23:17:53,2024-02-20 12:57:40,CS2,SUBMIT,SELL,100.79,3,ask-1tick=100.79 spread=0.1100 pos=-20L
23:17:53,2024-02-20 12:57:40,CS2,STATUS,,,,bid=100.7(NEW) ask=100.79(NEW) spread=0.1100 pos=-20L
23:17:55,2024-02-20 12:57:40,CS1,CANCEL,BUY,101.31,,outside spread bid=101.31 ask=101.4
23:17:55,2024-02-20 12:57:40,CS1,CANCEL,SELL,101.4,,outside spread bid=101.31 ask=101.4
23:17:55,2024-02-20 12:57:40,CS2,CANCEL,BUY,100.7,,outside spread bid=100.7 ask=100.76
23:17:56,2024-02-20 12:57:40,CS2,CANCEL,SELL,100.79,,outside spread bid=100.7 ask=100.76
23:17:56,2024-02-20 12:57:40,CS2,SUBMIT,BUY,100.7,3,bid+1tick=100.7 spread=0.0700 pos=-20L
23:17:56,2024-02-20 12:57:40,CS2,SUBMIT,SELL,100.75,3,ask-1tick=100.75 spread=0.0700 pos=-20L
23:17:56,2024-02-20 12:57:40,CS2,STATUS,,,,bid=100.7(NEW) ask=100.75(NEW) spread=0.0700 pos=-20L
23:17:57,2024-02-20 12:57:40,CS1,SPREAD_TIGHT,,,,spread=0.0100 < 0.05 — cancelling
23:17:57,2024-02-20 12:57:45,CS2,CANCEL,BUY,100.7,,outside spread bid=100.71 ask=100.76
23:17:58,2024-02-20 12:57:45,CS2,SUBMIT,BUY,100.72,3,bid+1tick=100.72 spread=0.0500 pos=-23L
