sim_time,mid_price,last_price,last_size,best_bid_price,best_bid_size,best_ask_price,best_ask_size,close_price_buy,close_price_sell,bid1_price,bid1_size,bid2_price,bid2_size,bid3_price,bid3_size,bid4_price,bid4_size,bid5_price,bid5_size,bid6_price,bid6_size,bid7_price,bid7_size,bid8_price,bid8_size,bid9_price,bid9_size,bid10_price,bid10_size,ask1_price,ask1_size,ask2_price,ask2_size,ask3_price,ask3_size,ask4_price,ask4_size,ask5_price,ask5_size,ask6_price,ask6_size,ask7_price,ask7_size,ask8_price,ask8_size,ask9_price,ask9_size,ask10_price,ask10_size
2020-10-29 09:30:25,112.945,112.95,14,112.94,3,112.95,1,112.95,112.94,112.94,3,112.93,37,112.92,12,112.91,26,112.9,17,112.89,30,112.88,42,112.87,18,112.86,23,112.85,29,112.95,17,112.96,16,112.97,17,,,,,,,,,,,,,,
2020-10-29 09:30:26,112.93,112.93,1,112.92,28,112.94,31,112.94,112.92,112.92,28,112.91,26,112.9,17,112.89,30,112.88,42,112.87,18,112.86,23,112.85,29,112.84,36,112.83,1,112.94,31,112.95,56,112.96,38,112.97,17,,,,,,,,,,,,
2020-10-29 09:30:27,112.85,112.85,1,112.84,36,112.86,16,112.86,112.84,112.84,36,112.83,1,112.82,13,112.81,21,112.8,3,112.79,28,112.78,20,112.77,24,112.76,28,112.75,2,112.86,16,112.88,25,112.89,22,112.9,26,112.91,18,112.92,18,112.93,35,112.94,30,112.95,56,112.96,38
2020-10-29 09:30:28,112.83,112.82,24,112.82,5,112.84,16,112.84,112.82,112.82,5,112.81,11,112.8,38,112.79,28,112.78,20,112.77,24,112.76,28,112.75,2,112.74,3,112.73,7,112.84,16,112.85,30,112.86,16,112.88,25,112.89,22,112.9,26,112.91,18,112.92,18,112.93,35,112.94,30
2020-10-29 09:30:29,112.88,112.88,1,112.87,5,112.89,2,112.89,112.87,112.87,5,112.86,31,112.85,2,112.84,15,112.83,36,112.82,23,112.81,11,112.8,38,112.79,28,112.78,20,112.89,2,112.9,33,112.91,18,112.92,18,112.93,35,112.94,30,112.95,56,112.96,38,112.97,17,,
2020-10-29 09:30:30,112.88,112.88,1,112.87,5,112.89,29,112.89,112.87,112.87,5,112.86,31,112.85,2,112.84,15,112.83,36,112.82,23,112.81,11,112.8,38,112.79,28,112.78,20,112.89,29,112.9,33,112.91,18,112.92,18,112.93,35,112.94,30,112.95,56,112.96,38,112.97,17,,
2020-10-29 09:30:31,112.91,112.91,4,112.9,25,112.92,11,112.92,112.9,112.9,25,112.89,44,112.88,15,112.87,19,112.86,31,112.85,2,112.84,15,112.83,36,112.82,23,112.81,11,112.92,11,112.93,35,112.94,30,112.95,56,112.96,38,112.97,17,,,,,,,,
2020-10-29 09:30:32,112.995,113.0,1,112.99,30,113.0,226,113.0,112.99,112.99,30,112.98,32,112.97,6,112.96,30,112.95,29,112.94,4,112.93,17,112.92,35,112.91,30,112.9,31,113.0,226,,,,,,,,,,,,,,,,,,
2020-10-29 09:30:33,113.04,113.05,3,113.03,1,113.05,9,113.05,113.03,113.03,1,113.02,19,113.01,53,113.0,24,112.99,38,112.98,45,112.97,6,112.96,30,112.95,29,112.94,4,113.05,9,113.06,2,113.07,1,113.08,15,113.09,22,113.1,15,113.11,8,,,,,,
2020-10-29 09:30:34,113.045,113.05,1,113.03,25,113.06,17,113.06,113.03,113.03,25,113.02,8,113.01,42,113.0,24,112.99,38,112.98,45,112.97,6,112.96,30,112.95,29,112.94,4,113.06,17,113.07,24,113.08,15,113.09,22,113.1,15,113.11,8,,,,,,,,
2020-10-29 09:30:35,113.05,113.04,1,113.05,1,113.07,30,113.07,113.05,113.03,2,113.02,17,113.01,42,113.0,24,112.99,38,112.98,45,112.97,6,112.96,30,112.95,29,112.94,4,113.07,30,113.08,15,113.09,22,113.1,15,113.11,8,,,,,,,,,,
2020-10-29 09:30:36,113.1,113.1,1,113.09,21,113.11,12,113.11,113.09,113.09,21,113.08,47,113.07,20,113.06,1,113.05,34,113.04,1,113.03,2,113.02,17,113.01,42,113.0,24,113.11,12,113.12,1,113.13,1,113.14,5,,,,,,,,,,,,
2020-10-29 09:30:37,113.095,113.1,1,113.09,1,113.1,1,113.1,113.09,113.09,1,113.08,47,113.07,20,113.06,1,113.05,34,113.04,1,113.03,2,113.02,17,113.01,42,113.0,24,113.1,1,113.11,19,113.12,1,113.13,1,113.14,5,,,,,,,,,,
2020-10-29 09:30:38,113.09,113.08,20,113.08,38,113.1,5,113.1,113.08,113.08,38,113.07,20,113.06,1,113.05,34,113.04,1,113.03,2,113.02,17,113.01,42,113.0,24,112.99,38,113.1,5,113.11,21,113.12,1,113.13,1,113.14,5,,,,,,,,,,
2020-10-29 09:30:39,113.105,113.1,1,113.1,39,113.11,2,113.11,113.1,113.1,39,113.09,35,113.08,45,113.07,20,113.06,1,113.05,34,113.04,1,113.03,2,113.02,17,113.01,42,113.11,2,113.14,8,,,,,,,,,,,,,,,,
2020-10-29 09:30:40,113.13,113.13,1,113.12,2,113.14,13,113.14,113.12,113.12,1,113.11,32,113.1,30,113.09,28,113.08,45,113.07,20,113.06,1,113.05,34,113.04,1,113.03,2,113.14,13,,,,,,,,,,,,,,,,,,
2020-10-29 09:30:41,113.125,113.12,6,113.11,30,113.14,26,113.14,113.11,113.11,30,113.1,30,113.09,28,113.08,45,113.07,20,113.06,1,113.05,34,113.04,1,113.03,2,113.02,17,113.14,26,,,,,,,,,,,,,,,,,,
2020-10-29 09:30:42,113.125,113.12,1,113.12,28,113.13,3,113.13,113.12,113.12,28,113.11,16,113.1,29,113.09,28,113.08,45,113.07,20,113.06,1,113.05,34,113.04,1,113.03,2,113.13,3,113.14,24,,,,,,,,,,,,,,,,
2020-10-29 09:30:43,113.125,113.13,1,113.12,1,113.13,30,113.13,113.12,113.12,1,113.11,34,113.1,29,113.09,28,113.08,45,113.07,20,113.06,1,113.05,34,113.04,1,113.03,2,113.13,30,113.14,24,,,,,,,,,,,,,,,,
2020-10-29 09:30:44,113.08,113.07,1,113.07,9,113.09,40,113.09,113.07,113.07,9,113.06,1,113.05,34,113.04,1,113.03,2,113.02,17,113.01,42,113.0,24,112.99,38,112.98,45,113.09,40,113.1,18,113.11,7,113.12,8,113.13,31,113.14,24,,,,,,,,
2020-10-29 09:30:46,113.105,113.11,5,113.1,34,113.11,1,113.11,113.1,113.1,34,113.09,20,113.08,48,113.07,40,113.06,23,113.05,34,113.04,1,113.03,2,113.02,17,113.01,42,113.11,1,113.12,16,113.13,31,113.14,24,,,,,,,,,,,,
2020-10-29 09:30:47,113.11,113.1,11,113.1,4,113.12,37,113.12,113.1,113.1,4,113.09,19,113.08,48,113.07,40,113.06,23,113.05,34,113.04,1,113.03,2,113.02,17,113.01,42,113.12,37,113.13,31,113.14,24,,,,,,,,,,,,,,
2020-10-29 09:30:47,113.115,113.11,1,113.11,6,113.12,13,113.12,113.11,113.11,6,113.1,8,113.09,30,113.08,48,113.07,40,113.06,23,113.05,34,113.04,1,113.03,2,113.02,17,113.12,13,113.13,58,113.14,24,,,,,,,,,,,,,,
2020-10-29 09:30:49,113.125,113.13,5,113.12,35,113.13,7,113.13,113.12,113.12,35,113.11,33,113.1,8,113.09,30,113.08,48,113.07,40,113.06,23,113.05,34,113.04,1,113.03,2,113.13,7,113.14,25,,,,,,,,,,,,,,,,
2020-10-29 09:30:50,113.145,113.14,19,113.14,28,113.15,9,113.15,113.14,113.14,28,113.13,52,113.12,15,113.11,27,113.1,8,113.09,30,113.08,48,113.07,40,113.06,23,113.05,34,113.15,9,,,,,,,,,,,,,,,,,,
2020-10-29 09:30:51,113.14,113.14,10,113.13,44,113.15,35,113.15,113.13,113.13,44,113.12,15,113.11,27,113.1,8,113.09,30,113.08,48,113.07,40,113.06,23,113.05,34,113.04,1,113.15,35,,,,,,,,,,,,,,,,,,
2020-10-29 09:30:51,113.14,113.15,1,113.13,36,113.15,58,113.15,113.13,113.13,36,113.12,15,113.11,27,113.1,8,113.09,30,113.08,48,113.07,40,113.06,23,113.05,34,113.04,1,113.15,58,,,,,,,,,,,,,,,,,,
2020-10-29 09:30:52,113.19,113.2,1,113.18,1,113.2,118,113.2,113.18,113.18,1,113.17,52,113.16,18,113.15,32,113.14,47,113.13,37,113.12,15,113.11,27,113.1,8,113.09,30,113.2,118,,,,,,,,,,,,,,,,,,
2020-10-29 09:30:54,113.19,113.19,3,113.18,38,113.2,28,113.2,113.18,113.18,38,113.17,41,113.16,18,113.15,32,113.14,47,113.13,37,113.12,15,113.11,27,113.1,8,113.09,30,113.2,28,,,,,,,,,,,,,,,,,,
2020-10-29 09:30:55,113.21,113.22,1,113.2,55,113.22,2,113.22,113.2,113.2,55,113.19,44,113.18,41,113.17,41,113.16,18,113.15,32,113.14,47,113.13,37,113.12,15,113.11,27,113.22,2,113.23,26,113.24,7,,,,,,,,,,,,,,
2020-10-29 09:30:56,113.225,113.22,1,113.22,5,113.23,16,113.23,113.22,113.22,5,113.21,26,113.2,35,113.19,44,113.18,41,113.17,41,113.16,18,113.15,32,113.14,47,113.13,37,113.23,16,113.24,54,,,,,,,,,,,,,,,,
2020-10-29 09:30:57,113.225,113.22,3,113.22,27,113.23,46,113.23,113.22,113.22,27,113.21,17,113.2,45,113.19,44,113.18,41,113.17,41,113.16,18,113.15,32,113.14,47,113.13,37,113.23,46,113.24,50,,,,,,,,,,,,,,,,
2020-10-29 09:30:58,113.225,113.22,8,113.22,9,113.23,43,113.23,113.22,113.22,9,113.21,42,113.2,44,113.19,44,113.18,41,113.17,41,113.16,18,113.15,32,113.14,47,113.13,37,113.23,43,113.24,50,,,,,,,,,,,,,,,,
2020-10-29 09:30:59,113.255,113.26,1,113.25,2,113.26,9,113.26,113.25,113.25,2,113.24,1,113.23,31,113.22,56,113.21,42,113.2,44,113.19,44,113.18,41,113.17,41,113.16,18,113.26,9,113.27,7,113.28,20,,,,,,,,,,,,,,
2020-10-29 09:31:00,113.26,113.27,8,113.25,39,113.27,27,113.27,113.25,113.25,39,113.24,2,113.23,31,113.22,56,113.21,42,113.2,44,113.19,44,113.18,41,113.17,41,113.16,18,113.27,27,113.28,39,,,,,,,,,,,,,,,,
2020-10-29 09:31:01,113.25,113.25,1,113.24,27,113.26,36,113.26,113.24,113.24,27,113.23,31,113.22,56,113.21,42,113.2,44,113.19,44,113.18,41,113.17,41,113.16,18,113.15,32,113.26,36,113.27,49,113.28,39,,,,,,,,,,,,,,
2020-10-29 09:31:02,113.24,113.25,1,113.23,36,113.25,1,113.25,113.23,113.23,38,113.22,56,113.21,42,113.2,44,113.19,44,113.18,41,113.17,41,113.16,18,113.15,32,113.14,47,113.25,1,113.26,15,113.27,59,113.28,39,,,,,,,,,,,,
2020-10-29 09:31:03,113.32,113.32,1,113.3,36,113.34,30,113.34,113.3,113.3,36,113.29,47,113.28,7,113.27,38,113.26,34,113.25,35,113.24,45,113.23,39,113.22,56,113.21,42,113.34,30,,,,,,,,,,,,,,,,,,
2020-10-29 09:31:04,113.35,113.36,1,113.34,29,113.36,18,113.36,113.34,113.34,29,113.33,19,113.32,37,113.31,50,113.3,44,113.29,41,113.28,7,113.27,38,113.26,34,113.25,35,113.36,17,,,,,,,,,,,,,,,,,,
2020-10-29 09:31:05,113.445,113.44,1,113.43,41,113.46,1,113.46,113.43,113.43,31,113.42,17,113.41,20,113.4,34,113.39,38,113.38,29,113.37,1,113.36,35,113.35,6,113.34,55,113.46,1,113.47,11,,,,,,,,,,,,,,,,
2020-10-29 09:31:05,113.42,113.42,1,113.41,1,113.43,26,113.43,113.41,113.41,1,113.4,28,113.39,38,113.38,29,113.37,1,113.36,35,113.35,6,113.34,55,113.33,33,113.32,37,113.43,26,113.44,22,113.45,11,113.46,1,113.47,11,,,,,,,,,,
2020-10-29 09:31:08,113.445,113.45,1,113.44,13,113.45,2,113.46,113.44,113.44,13,113.43,25,113.42,36,113.41,48,113.4,28,113.39,38,113.38,29,113.37,1,113.36,35,113.35,6,113.45,2,113.46,27,113.47,25,113.48,1,113.49,38,113.5,51,113.51,18,113.52,28,113.53,14,113.54,34
2020-10-29 09:31:09,113.49,113.48,2,113.47,27,113.51,49,113.51,113.47,113.47,27,113.46,21,113.45,41,113.44,37,113.43,25,113.42,36,113.41,48,113.4,28,113.39,38,113.38,29,113.51,30,113.52,28,113.53,14,113.54,34,,,,,,,,,,,,
2020-10-29 09:31:10,113.495,113.51,1,113.48,30,113.51,3,113.51,113.48,113.48,30,113.47,28,113.46,21,113.45,41,113.44,37,113.43,25,113.42,36,113.41,48,113.4,28,113.39,38,113.51,3,113.52,33,113.53,14,113.54,34,,,,,,,,,,,,
2020-10-29 09:31:11,113.52,113.51,1,113.51,40,113.53,1,113.52,113.51,113.51,40,113.5,31,113.49,39,113.48,28,113.47,28,113.46,21,113.45,41,113.44,37,113.43,25,113.42,36,113.53,1,113.54,23,113.55,20,,,,,,,,,,,,,,
2020-10-29 09:31:12,113.54,113.53,1,113.53,40,113.55,143,113.55,113.53,113.53,40,113.52,36,113.51,27,113.5,33,113.49,39,113.48,28,113.47,28,113.46,21,113.45,41,113.44,37,113.55,143,113.56,42,,,,,,,,,,,,,,,,
2020-10-29 09:31:13,113.57,113.58,2,113.56,1,113.58,49,113.58,113.56,113.56,1,113.55,36,113.54,39,113.53,47,113.52,36,113.51,27,113.5,33,113.49,39,113.48,28,113.47,28,113.58,49,,,,,,,,,,,,,,,,,,
2020-10-29 09:31:14,113.57,113.57,1,113.56,17,113.58,1,113.58,113.56,113.56,17,113.55,34,113.54,36,113.53,47,113.52,36,113.51,27,113.5,33,113.49,39,113.48,28,113.47,28,113.58,1,113.59,23,,,,,,,,,,,,,,,,
2020-10-29 09:31:15,113.55,113.56,1,113.54,38,113.56,4,113.56,113.54,113.54,38,113.53,47,113.52,36,113.51,27,113.5,33,113.49,39,113.48,28,113.47,28,113.46,21,113.45,41,113.56,4,113.57,29,113.58,5,113.59,16,,,,,,,,,,,,
2020-10-29 09:31:16,113.575,113.56,1,113.56,45,113.59,17,113.59,113.56,113.56,45,113.55,26,113.54,38,113.53,47,113.52,36,113.51,27,113.5,33,113.49,39,113.48,28,113.47,28,113.59,17,,,,,,,,,,,,,,,,,,
2020-10-29 09:31:17,113.54,113.55,1,113.53,36,113.54,1,113.54,113.53,113.53,36,113.52,36,113.51,27,113.5,33,113.49,39,113.48,28,113.47,28,113.46,21,113.45,41,113.44,37,113.55,27,113.57,35,113.58,22,113.59,19,,,,,,,,,,,,
2020-10-29 09:31:18,113.495,113.5,1,113.49,41,113.5,1,113.5,113.49,113.49,41,113.48,28,113.47,28,113.46,21,113.45,41,113.44,37,113.43,25,113.42,36,113.41,48,113.4,28,113.5,1,113.51,13,113.52,25,113.53,5,113.54,13,113.55,27,113.57,35,113.58,22,113.59,19,,
2020-10-29 09:31:19,113.52,113.52,1,113.51,19,113.53,26,113.53,113.51,113.51,19,113.5,35,113.49,44,113.48,28,113.47,28,113.46,21,113.45,41,113.44,37,113.43,25,113.42,36,113.53,26,113.54,27,113.55,27,113.57,35,113.58,22,113.59,19,,,,,,,,
2020-10-29 09:31:20,113.49,113.49,1,113.48,37,113.5,12,113.5,113.48,113.48,37,113.47,28,113.46,21,113.45,41,113.44,37,113.43,25,113.42,36,113.41,48,113.4,28,113.39,38,113.5,12,113.51,18,113.52,17,113.53,8,113.54,30,113.55,27,113.57,35,113.58,22,113.59,19,,
2020-10-29 09:31:21,113.475,113.46,2,113.46,28,113.49,17,113.49,113.46,113.46,28,113.45,41,113.44,37,113.43,25,113.42,36,113.41,48,113.4,28,113.39,38,113.38,29,113.37,1,113.49,17,113.5,31,113.51,28,113.52,17,113.53,8,113.54,30,113.55,27,113.57,35,113.58,22,113.59,19
2020-10-29 09:31:22,113.475,113.47,1,113.47,1,113.48,1,113.48,113.47,113.47,1,113.46,36,113.45,41,113.44,37,113.43,25,113.42,36,113.41,48,113.4,28,113.39,38,113.38,29,113.48,1,113.49,29,113.5,31,113.51,28,113.52,17,113.53,8,113.54,30,113.55,27,113.57,35,113.58,22
2020-10-29 09:31:23,113.49,113.49,1,113.48,44,113.5,30,113.5,113.48,113.48,44,113.47,27,113.46,23,113.45,44,113.44,37,113.43,25,113.42,36,113.41,48,113.4,28,113.39,38,113.5,30,113.51,28,113.52,17,113.53,8,113.54,30,113.55,27,113.57,35,113.58,22,113.59,19,,
2020-10-29 09:31:24,113.48,113.48,1,113.47,5,113.49,29,113.49,113.48,113.47,5,113.46,39,113.45,44,113.44,37,113.43,25,113.42,36,113.41,48,113.4,28,113.39,38,113.38,29,113.49,31,113.5,27,113.51,34,113.52,17,113.53,8,113.54,30,113.55,27,113.57,35,113.58,22,113.59,19
2020-10-29 09:31:25,113.475,113.47,1,113.47,16,113.48,3,113.48,113.47,113.47,16,113.46,45,113.45,44,113.44,37,113.43,25,113.42,36,113.41,48,113.4,28,113.39,38,113.38,29,113.48,3,113.49,18,113.5,27,113.51,34,113.52,17,113.53,8,113.54,30,113.55,27,113.57,35,113.58,22
2020-10-29 09:31:26,113.45,113.44,1,113.44,49,113.46,2,113.46,113.44,113.44,49,113.43,25,113.42,36,113.41,48,113.4,28,113.39,38,113.38,29,113.37,1,113.36,35,113.35,6,113.46,2,113.47,46,113.48,37,113.49,14,113.5,30,113.51,34,113.52,17,113.53,8,113.54,30,113.55,27
2020-10-29 09:31:27,113.395,113.4,4,113.38,44,113.41,47,113.41,113.38,113.38,44,113.37,1,113.36,35,113.35,6,113.34,55,113.33,33,113.32,37,113.31,50,113.3,44,113.29,41,113.41,47,113.42,12,113.43,27,113.44,10,113.45,37,113.46,10,113.47,46,113.48,37,113.49,14,113.5,30
2020-10-29 09:31:28,113.35,113.35,1,113.34,54,113.36,50,113.36,113.34,113.34,54,113.33,35,113.32,37,113.31,50,113.3,44,113.29,41,113.28,7,113.27,38,113.26,34,113.25,35,113.36,50,113.37,12,113.38,12,113.39,17,113.4,41,113.41,19,113.42,18,113.43,27,113.44,10,113.45,37
2020-10-29 09:31:29,113.35,113.35,1,113.34,50,113.36,33,113.36,113.34,113.34,50,113.33,35,113.32,37,113.31,50,113.3,44,113.29,41,113.28,7,113.27,38,113.26,34,113.25,35,113.36,33,113.37,25,113.38,12,113.39,17,113.4,41,113.41,19,113.42,18,113.43,27,113.44,10,113.45,37
2020-10-29 09:31:30,113.39,113.38,1,113.37,40,113.41,31,113.41,113.37,113.37,40,113.36,6,113.35,15,113.34,50,113.33,35,113.32,37,113.31,50,113.3,44,113.29,41,113.28,7,113.41,31,113.42,18,113.43,27,113.44,10,113.45,37,113.46,10,113.47,46,113.48,37,113.49,14,113.5,30
2020-10-29 09:31:31,113.455,113.45,1,113.45,1,113.46,23,113.46,113.45,113.45,1,113.44,5,113.43,27,113.42,1,113.41,3,113.4,22,113.39,9,113.38,3,113.37,40,113.36,6,113.46,23,113.47,46,113.48,37,113.49,14,113.5,30,113.51,34,113.52,17,113.53,8,113.54,30,113.55,27
2020-10-29 09:31:32,113.475,113.47,1,113.47,2,113.48,25,113.48,113.46,113.47,2,113.46,11,113.45,5,113.44,8,113.43,3,113.42,15,113.41,29,113.4,22,113.39,9,113.38,3,113.48,25,113.49,14,113.5,30,113.51,34,113.52,17,113.53,8,113.54,30,113.55,27,113.57,35,113.58,22
2020-10-29 09:31:33,113.47,113.47,1,113.46,5,113.48,13,113.48,113.46,113.46,5,113.45,36,113.44,8,113.43,3,113.42,15,113.41,29,113.4,22,113.39,9,113.38,3,113.37,40,113.48,13,113.49,2,113.5,108,113.51,20,113.52,23,113.53,8,113.54,30,113.55,27,113.57,35,113.58,22
2020-10-29 09:31:34,113.375,113.37,3,113.37,42,113.38,1,113.38,113.37,113.37,42,113.36,6,113.35,15,113.34,50,113.33,35,113.32,37,113.31,50,113.3,44,113.29,41,113.28,7,113.38,1,113.39,8,113.4,11,113.42,9,113.43,15,113.44,10,113.45,10,113.46,2,113.47,15,113.48,13
2020-10-29 09:31:35,113.425,113.44,1,113.41,28,113.44,33,113.44,113.41,113.41,28,113.4,29,113.39,12,113.38,6,113.37,43,113.36,6,113.35,15,113.34,50,113.33,35,113.32,37,113.44,33,113.45,23,113.46,2,113.47,15,113.48,13,113.49,2,113.5,108,113.51,20,113.52,23,113.53,8
2020-10-29 09:31:36,113.39,113.39,1,113.38,17,113.4,28,113.4,113.38,113.38,17,113.37,40,113.36,6,113.35,15,113.34,50,113.33,35,113.32,37,113.31,50,113.3,44,113.29,41,113.4,28,113.41,29,113.42,34,113.43,29,113.44,33,113.45,23,113.46,2,113.47,15,113.48,13,113.49,2
2020-10-29 09:31:37,113.35,113.34,3,113.34,14,113.36,1,113.36,113.34,113.34,14,113.33,36,113.32,37,113.31,50,113.3,44,113.29,41,113.28,7,113.27,38,113.26,34,113.25,35,113.36,1,113.37,1,113.38,30,113.39,31,113.4,40,113.41,29,113.42,34,113.43,29,113.44,33,113.45,23
2020-10-29 09:31:38,113.395,113.4,5,113.39,1,113.4,45,113.4,113.39,113.39,1,113.38,1,113.37,1,113.36,8,113.35,16,113.34,1,113.33,45,113.32,37,113.31,50,113.3,44,113.4,45,113.41,29,113.42,34,113.43,29,113.44,33,113.45,23,113.46,2,113.47,15,113.48,13,113.49,2
2020-10-29 09:31:39,113.385,113.38,2,113.38,7,113.39,1,113.39,113.38,113.38,7,113.37,1,113.36,8,113.35,16,113.34,1,113.33,45,113.32,37,113.31,50,113.3,44,113.29,41,113.39,1,113.4,9,113.41,29,113.42,34,113.43,29,113.44,33,113.45,23,113.46,2,113.47,15,113.48,13
2020-10-29 09:31:40,113.335,113.33,1,113.33,41,113.34,1,113.34,113.33,113.33,41,113.32,37,113.31,50,113.3,44,113.29,41,113.28,7,113.27,38,113.26,34,113.25,35,113.24,45,113.34,1,113.35,2,113.36,35,113.37,1,113.38,5,113.39,7,113.4,27,113.41,41,113.42,34,113.43,29
2020-10-29 09:31:41,113.315,113.31,1,113.31,2,113.32,2,113.32,113.31,113.31,2,113.3,12,113.29,42,113.28,7,113.27,38,113.26,34,113.25,35,113.24,45,113.23,39,113.22,56,113.32,2,113.33,16,113.34,22,113.35,23,113.36,35,113.37,1,113.38,5,113.39,7,113.4,27,113.41,41
2020-10-29 09:31:42,113.28,113.27,1,113.27,17,113.29,33,113.29,113.27,113.27,17,113.26,3,113.25,43,113.24,45,113.23,39,113.22,56,113.21,42,113.2,44,113.19,44,113.18,41,113.29,33,113.3,18,113.31,29,113.32,31,113.33,16,113.34,22,113.35,23,113.36,35,113.37,1,113.38,5
2020-10-29 09:31:43,113.33,113.34,1,113.32,3,113.34,1,113.34,113.32,113.32,3,113.31,4,113.3,3,113.29,4,113.28,4,113.27,19,113.26,3,113.25,43,113.24,45,113.23,39,113.34,1,113.35,35,113.36,43,113.37,1,113.38,5,113.39,7,113.4,27,113.41,41,113.42,34,113.43,29
2020-10-29 09:31:44,113.29,113.29,1,113.28,4,113.3,3,113.3,113.28,113.28,4,113.27,4,113.26,16,113.25,38,113.24,45,113.23,39,113.22,56,113.21,42,113.2,44,113.19,44,113.3,3,113.31,9,113.32,24,113.33,25,113.34,5,113.35,35,113.36,43,113.37,1,113.38,5,113.39,7
2020-10-29 09:31:45,113.255,113.26,1,113.25,22,113.26,2,113.26,113.25,113.25,22,113.24,45,113.23,39,113.22,56,113.21,42,113.2,44,113.19,44,113.18,41,113.17,41,113.16,18,113.26,2,113.27,12,113.28,24,113.29,30,113.3,17,113.31,27,113.32,24,113.33,25,113.34,5,113.35,35
2020-10-29 09:31:46,113.325,113.33,5,113.32,2,113.33,50,113.33,113.32,113.32,2,113.31,1,113.3,13,113.29,1,113.28,14,113.27,9,113.26,19,113.25,44,113.24,45,113.23,39,113.33,50,113.34,5,113.35,35,113.36,43,113.37,1,113.38,5,113.39,7,113.4,27,113.41,41,113.42,34
2020-10-29 09:31:47,113.32,113.31,3,113.31,25,113.33,3,113.33,113.31,113.31,25,113.3,15,113.29,3,113.28,7,113.27,50,113.26,19,113.25,44,113.24,45,113.23,39,113.22,56,113.33,3,113.34,10,113.35,32,113.36,43,113.37,1,113.38,5,113.39,7,113.4,27,113.41,41,113.42,34
2020-10-29 09:31:48,113.31,113.31,1,113.3,6,113.32,31,113.32,113.3,113.3,6,113.29,2,113.28,24,113.27,50,113.26,19,113.25,44,113.24,45,113.23,39,113.22,56,113.21,42,113.32,31,113.33,33,113.34,28,113.35,32,113.36,43,113.37,1,113.38,5,113.39,7,113.4,27,113.41,41
2020-10-29 09:31:49,113.355,113.36,1,113.34,38,113.37,16,113.37,113.34,113.34,38,113.33,40,113.32,16,113.31,22,113.3,9,113.29,2,113.28,24,113.27,50,113.26,19,113.25,44,113.37,16,113.38,5,113.39,7,113.4,27,113.41,41,113.42,34,113.43,29,113.44,33,113.45,23,113.46,2
2020-10-29 09:31:50,113.365,113.36,5,113.36,5,113.37,28,113.37,113.36,113.36,5,113.34,14,113.33,24,113.32,17,113.31,42,113.3,9,113.29,2,113.28,24,113.27,50,113.26,19,113.37,28,113.38,5,113.39,7,113.4,27,113.41,41,113.42,34,113.43,29,113.44,33,113.45,23,113.46,2
2020-10-29 09:31:51,113.38,113.38,1,113.37,27,113.39,24,113.39,113.37,113.37,27,113.36,35,113.35,45,113.34,32,113.33,24,113.32,17,113.31,42,113.3,9,113.29,2,113.28,24,113.39,24,113.4,119,113.41,41,113.42,34,113.43,29,113.44,33,113.45,23,113.46,2,113.47,15,113.48,13
2020-10-29 09:31:52,113.395,113.41,1,113.38,26,113.41,23,113.41,113.38,113.38,26,113.37,29,113.36,29,113.35,3,113.34,31,113.33,30,113.32,17,113.31,42,113.3,9,113.29,2,113.41,23,113.42,34,113.43,29,113.44,33,113.45,23,113.46,2,113.47,15,113.48,13,113.49,2,113.5,108
2020-10-29 09:31:53,113.35,113.33,4,113.33,58,113.37,5,113.37,113.33,113.33,58,113.32,17,113.31,42,113.3,9,113.29,2,113.28,24,113.27,50,113.26,19,113.25,44,113.24,45,113.37,34,113.38,31,113.39,27,113.4,13,113.41,32,113.42,34,113.43,29,113.44,33,113.45,23,113.46,2
2020-10-29 09:31:54,113.36,113.36,1,113.34,52,113.38,38,113.38,113.34,113.34,52,113.33,51,113.32,17,113.31,42,113.3,9,113.29,2,113.28,24,113.27,50,113.26,19,113.25,44,113.38,38,113.39,27,113.4,13,113.41,32,113.42,34,113.43,29,113.44,33,113.45,23,113.46,2,113.47,15
2020-10-29 09:31:55,113.37,113.37,2,113.36,23,113.38,19,113.38,113.36,113.36,23,113.35,18,113.34,53,113.33,51,113.32,17,113.31,42,113.3,9,113.29,2,113.28,24,113.27,50,113.38,19,113.39,25,113.4,13,113.41,32,113.42,34,113.43,29,113.44,33,113.45,23,113.46,2,113.47,15
2020-10-29 09:31:56,113.325,113.33,1,113.32,34,113.35,33,113.35,113.32,113.31,67,113.3,9,113.29,2,113.28,24,113.27,50,113.26,19,113.25,44,113.24,45,113.23,39,113.22,56,113.34,49,113.35,42,113.36,29,113.37,34,113.38,2,113.39,24,113.4,13,113.41,32,113.42,34,113.43,29
2020-10-29 09:31:57,113.32,113.31,1,113.3,53,113.34,34,113.34,113.3,113.3,53,113.29,2,113.28,24,113.27,50,113.26,19,113.25,44,113.24,45,113.23,39,113.22,56,113.21,42,113.34,34,113.35,34,113.36,18,113.37,34,113.38,2,113.39,24,113.4,13,113.41,32,113.42,34,113.43,29
2020-10-29 09:31:58,113.305,113.32,20,113.29,3,113.32,35,113.32,113.29,113.29,3,113.28,26,113.27,50,113.26,19,113.25,44,113.24,45,113.23,39,113.22,56,113.21,42,113.2,44,113.32,35,113.33,27,113.34,32,113.35,34,113.36,18,113.37,34,113.38,2,113.39,24,113.4,13,113.41,32
2020-10-29 09:31:59,113.34,113.34,20,113.33,11,113.35,7,113.35,113.33,113.33,11,113.32,9,113.31,6,113.3,29,113.29,10,113.28,26,113.27,50,113.26,19,113.25,44,113.24,45,113.35,7,113.36,49,113.37,34,113.38,2,113.39,24,113.4,13,113.41,32,113.42,34,113.43,29,113.44,33
2020-10-29 09:32:00,113.355,113.35,1,113.35,1,113.36,21,113.36,113.35,113.35,1,113.34,3,113.33,59,113.32,9,113.31,6,113.3,29,113.29,10,113.28,26,113.27,50,113.26,19,113.36,21,113.37,36,113.38,2,113.39,24,113.4,13,113.41,32,113.42,34,113.43,29,113.44,33,113.45,23
2020-10-29 09:32:01,113.41,113.42,1,113.4,16,113.42,40,113.42,113.4,113.4,16,113.39,44,113.38,42,113.37,42,113.36,35,113.35,14,113.34,3,113.33,59,113.32,9,113.31,6,113.42,40,113.43,29,113.44,33,113.45,23,113.46,2,113.47,15,113.48,13,113.49,2,113.5,108,113.51,20
2020-10-29 09:32:02,113.455,113.45,1,113.45,4,113.46,1,113.46,113.45,113.45,4,113.44,21,113.43,14,113.42,26,113.41,21,113.4,18,113.39,44,113.38,42,113.37,42,113.36,35,113.46,1,113.47,45,113.48,13,113.49,2,113.5,108,113.51,20,113.52,23,113.53,8,113.54,30,113.55,27
2020-10-29 09:32:03,113.54,113.55,3,113.53,24,113.55,1,113.55,113.53,113.53,24,113.52,17,113.51,22,113.5,74,113.49,5,113.48,30,113.47,37,113.46,28,113.45,25,113.44,21,113.55,1,113.56,30,113.57,35,113.58,22,113.59,19,,,,,,,,,,
2020-10-29 09:32:04,113.56,113.56,1,113.55,33,113.57,51,113.57,113.55,113.55,33,113.54,3,113.53,2,113.52,71,113.51,22,113.5,74,113.49,5,113.48,30,113.47,37,113.46,28,113.57,51,113.58,22,113.59,19,,,,,,,,,,,,,,
2020-10-29 09:32:05,113.54,113.53,1,113.53,33,113.55,2,113.55,113.53,113.53,33,113.52,70,113.51,22,113.5,74,113.49,5,113.48,30,113.47,37,113.46,28,113.45,25,113.44,21,113.55,2,113.56,3,113.57,15,113.58,44,113.59,16,113.6,31,113.61,18,113.62,22,,,,
2020-10-29 09:32:06,113.54,113.54,1,113.53,19,113.55,5,113.55,113.53,113.53,19,113.52,70,113.51,22,113.5,74,113.49,5,113.48,30,113.47,37,113.46,28,113.45,25,113.44,21,113.55,3,113.57,15,113.58,44,113.59,16,113.6,31,113.61,18,113.62,22,,,,,,
2020-10-29 09:32:07,113.56,113.56,1,113.55,3,113.57,15,113.57,113.55,113.55,3,113.54,42,113.53,20,113.52,4,113.51,33,113.5,80,113.49,5,113.48,30,113.47,37,113.46,28,113.57,15,113.58,44,113.59,16,113.6,31,113.61,18,113.62,22,,,,,,,,
2020-10-29 09:32:08,113.56,113.57,2,113.55,8,113.58,49,113.58,113.55,113.55,11,113.54,42,113.53,20,113.52,4,113.51,33,113.5,80,113.49,5,113.48,30,113.47,37,113.46,28,113.57,28,113.58,43,113.59,16,113.6,38,113.61,18,113.62,22,,,,,,,,
2020-10-29 09:32:09,113.56,113.56,5,113.55,70,113.57,2,113.57,113.55,113.55,70,113.54,42,113.53,20,113.52,4,113.51,33,113.5,80,113.49,5,113.48,30,113.47,37,113.46,28,113.57,2,113.58,7,113.59,37,113.6,38,113.61,18,113.62,22,,,,,,,,
2020-10-29 09:32:10,113.57,113.57,1,113.56,37,113.58,30,113.58,113.56,113.56,37,113.55,71,113.54,42,113.53,20,113.52,4,113.51,33,113.5,80,113.49,5,113.48,30,113.47,37,113.58,30,113.59,38,113.6,37,113.61,18,113.62,22,,,,,,,,,,
2020-10-29 09:32:11,113.515,113.51,1,113.5,74,113.53,37,113.53,113.5,113.5,68,113.49,5,113.48,30,113.47,37,113.46,28,113.45,25,113.44,21,113.43,14,113.42,26,113.41,21,113.53,28,113.54,38,113.55,12,113.56,17,113.57,9,113.58,30,113.59,38,113.6,37,113.61,18,113.62,22
2020-10-29 09:32:12,113.54,113.53,3,113.53,2,113.55,14,113.55,113.53,113.53,2,113.52,3,113.51,27,113.5,2,113.49,14,113.48,78,113.47,37,113.46,28,113.45,25,113.44,21,113.55,17,113.56,17,113.57,9,113.58,30,113.59,38,113.6,37,113.61,18,113.62,22,,,,
2020-10-29 09:32:13,113.54,113.54,3,113.53,3,113.55,33,113.55,113.53,113.53,3,113.52,25,113.51,34,113.5,2,113.49,14,113.48,78,113.47,37,113.46,28,113.45,25,113.44,21,113.55,33,113.56,17,113.57,9,113.58,30,113.59,38,113.6,37,113.61,18,113.62,22,,,,
2020-10-29 09:32:14,113.55,113.55,4,113.54,30,113.56,1,113.56,113.54,113.54,30,113.53,6,113.52,25,113.51,34,113.5,2,113.49,14,113.48,78,113.47,37,113.46,28,113.45,25,113.56,1,113.57,5,113.58,39,113.59,38,113.6,37,113.61,18,113.62,22,,,,,,
2020-10-29 09:32:15,113.505,113.52,1,113.49,32,113.52,18,113.52,113.49,113.49,32,113.48,72,113.47,37,113.46,28,113.45,25,113.44,21,113.43,14,113.42,26,113.41,21,113.4,18,113.52,18,113.53,20,113.54,26,113.55,13,113.56,5,113.57,5,113.58,39,113.59,38,113.6,37,113.61,18
2020-10-29 09:32:16,113.5,113.49,1,113.49,1,113.51,29,113.51,113.49,113.49,1,113.48,4,113.47,48,113.46,35,113.45,25,113.44,21,113.43,14,113.42,26,113.41,21,113.4,18,113.51,29,113.52,37,113.53,14,113.54,18,113.55,19,113.56,5,113.57,5,113.58,39,113.59,38,113.6,37
2020-10-29 09:32:17,113.505,113.5,1,113.49,90,113.52,33,113.52,113.49,113.49,90,113.48,38,113.47,48,113.46,35,113.45,25,113.44,21,113.43,14,113.42,26,113.41,21,113.4,18,113.52,33,113.53,3,113.54,31,113.55,19,113.56,5,113.57,5,113.58,39,113.59,38,113.6,37,113.61,18
2020-10-29 09:32:18,113.455,113.47,1,113.44,40,113.47,5,113.47,113.44,113.44,40,113.43,14,113.42,26,113.41,21,113.4,18,113.39,44,113.38,42,113.37,42,113.36,35,113.35,14,113.47,5,113.48,20,113.49,22,113.5,17,113.51,29,113.52,35,113.53,3,113.54,31,113.55,19,113.56,5
2020-10-29 09:32:19,113.405,113.4,3,113.39,14,113.42,1,113.42,113.39,113.39,14,113.38,20,113.37,9,113.36,45,113.35,14,113.34,3,113.33,59,113.32,9,113.31,6,113.3,29,113.42,1,113.43,13,113.44,29,113.45,38,113.46,6,113.47,16,113.48,20,113.49,22,113.5,17,113.51,29
2020-10-29 09:32:20,113.405,113.42,1,113.39,1,113.42,30,113.42,113.39,113.39,1,113.38,16,113.37,27,113.36,53,113.35,14,113.34,3,113.33,59,113.32,9,113.31,6,113.3,29,113.42,30,113.43,19,113.44,29,113.45,38,113.46,6,113.47,16,113.48,20,113.49,22,113.5,17,113.51,29
2020-10-29 09:32:21,113.38,113.37,2,113.37,3,113.39,32,113.39,113.37,113.37,3,113.36,5,113.35,48,113.34,3,113.33,59,113.32,9,113.31,6,113.3,29,113.29,10,113.28,26,113.39,32,113.4,43,113.41,33,113.42,9,113.43,19,113.44,29,113.45,38,113.46,6,113.47,16,113.48,20
2020-10-29 09:32:22,113.35,113.34,1,113.33,27,113.37,4,113.37,113.33,113.33,19,113.32,21,113.31,6,113.3,29,113.29,10,113.28,26,113.27,50,113.26,19,113.25,44,113.24,45,113.37,4,113.38,37,113.39,38,113.4,43,113.41,33,113.42,9,113.43,19,113.44,29,113.45,38,113.46,6
2020-10-29 09:32:23,113.34,113.33,1,113.33,68,113.35,1,113.35,113.33,113.33,68,113.32,21,113.31,6,113.3,29,113.29,10,113.28,26,113.27,50,113.26,19,113.25,44,113.24,45,113.35,1,113.36,3,113.37,15,113.38,34,113.39,38,113.4,43,113.41,33,113.42,9,113.43,19,113.44,29
2020-10-29 09:32:24,113.375,113.38,3,113.36,30,113.39,38,113.39,113.36,113.36,30,113.35,1,113.34,15,113.33,40,113.32,21,113.31,6,113.3,29,113.29,10,113.28,26,113.27,50,113.39,38,113.4,43,113.41,33,113.42,9,113.43,19,113.44,29,113.45,38,113.46,6,113.47,16,113.48,20
2020-10-29 09:32:25,113.375,113.39,20,113.36,25,113.39,40,113.39,113.36,113.36,25,113.35,1,113.34,15,113.33,40,113.32,21,113.31,6,113.3,29,113.29,10,113.28,26,113.27,50,113.39,40,113.4,36,113.41,33,113.42,9,113.43,19,113.44,29,113.45,38,113.46,6,113.47,16,113.48,20
2020-10-29 09:32:26,113.48,113.48,1,113.46,29,113.5,28,113.5,113.46,113.46,29,113.45,15,113.44,2,113.43,16,113.42,5,113.41,20,113.4,30,113.39,17,113.38,24,113.37,18,113.5,28,113.51,29,113.52,35,113.53,3,113.54,31,113.55,19,113.56,5,113.57,5,113.58,39,113.59,38
2020-10-29 09:32:27,113.48,113.48,2,113.47,34,113.49,3,113.49,113.47,113.47,34,113.46,29,113.45,15,113.44,2,113.43,16,113.42,5,113.41,20,113.4,30,113.39,17,113.38,24,113.49,3,113.5,37,113.51,35,113.52,35,113.53,3,113.54,31,113.55,19,113.56,5,113.57,5,113.58,39
2020-10-29 09:32:28,113.445,113.45,1,113.43,35,113.46,1,113.46,113.43,113.43,35,113.42,35,113.41,20,113.4,30,113.39,17,113.38,24,113.37,18,113.36,37,113.35,1,113.34,15,113.46,1,113.47,1,113.48,41,113.49,4,113.5,37,113.51,35,113.52,35,113.53,3,113.54,31,113.55,19
2020-10-29 09:32:29,113.45,113.46,40,113.43,25,113.47,30,113.47,113.43,113.43,25,113.42,17,113.41,36,113.4,30,113.39,17,113.38,24,113.37,18,113.36,37,113.35,1,113.34,15,113.47,30,113.48,41,113.49,4,113.5,37,113.51,35,113.52,35,113.53,3,113.54,31,113.55,19,113.56,5
2020-10-29 09:32:30,113.455,113.45,1,113.44,5,113.47,23,113.47,113.44,113.44,5,113.43,39,113.42,17,113.41,36,113.4,30,113.39,17,113.38,24,113.37,18,113.36,37,113.35,1,113.47,23,113.48,41,113.49,4,113.5,37,113.51,35,113.52,35,113.53,3,113.54,31,113.55,19,113.56,5
2020-10-29 09:32:31,113.365,113.37,8,113.36,3,113.37,140,113.37,113.36,113.36,3,113.35,26,113.34,15,113.33,40,113.32,21,113.31,6,113.3,29,113.29,10,113.28,26,113.27,50,113.37,140,113.38,21,113.39,160,113.42,41,113.43,35,113.44,24,113.47,24,113.48,41,113.49,4,113.5,37
2020-10-29 09:32:32,113.41,113.41,1,113.39,4,113.42,14,113.42,113.39,113.39,1,113.38,4,113.37,30,113.36,43,113.35,28,113.34,15,113.33,40,113.32,21,113.31,6,113.3,29,113.43,31,113.44,24,113.47,24,113.48,41,113.49,4,113.5,37,113.51,35,113.52,35,113.53,3,113.54,31
2020-10-29 09:32:33,113.43,113.44,3,113.42,1,113.44,37,113.44,113.42,113.42,1,113.41,16,113.4,7,113.39,17,113.38,4,113.37,30,113.36,43,113.35,28,113.34,15,113.33,40,113.44,37,113.47,24,113.48,41,113.49,4,113.5,37,113.51,35,113.52,35,113.53,3,113.54,31,113.55,19
2020-10-29 09:32:34,113.42,113.41,2,113.41,37,113.43,3,113.43,113.41,113.41,37,113.4,7,113.39,17,113.38,4,113.37,30,113.36,43,113.35,28,113.34,15,113.33,40,113.32,21,113.43,3,113.44,12,113.45,35,113.47,24,113.48,41,113.49,4,113.5,37,113.51,35,113.52,35,113.53,3
2020-10-29 09:32:35,113.385,113.39,1,113.38,14,113.39,20,113.39,113.38,113.38,14,113.37,31,113.36,43,113.35,28,113.34,15,113.33,40,113.32,21,113.31,6,113.3,29,113.29,10,113.39,20,113.4,32,113.41,29,113.42,27,113.43,3,113.44,12,113.45,35,113.47,24,113.48,41,113.49,4
2020-10-29 09:32:36,113.425,113.43,1,113.42,39,113.43,1,113.43,113.42,113.42,39,113.41,31,113.4,10,113.39,12,113.38,14,113.37,31,113.36,43,113.35,28,113.34,15,113.33,40,113.43,1,113.44,5,113.45,35,113.47,24,113.48,41,113.49,4,113.5,37,113.51,35,113.52,35,113.53,3
2020-10-29 09:32:37,113.455,113.45,1,113.44,1,113.47,36,113.47,113.44,113.44,1,113.43,32,113.42,29,113.41,30,113.4,10,113.39,12,113.38,14,113.37,31,113.36,43,113.35,28,113.47,36,113.48,38,113.49,4,113.5,37,113.51,35,113.52,35,113.53,3,113.54,31,113.55,19,113.56,5
2020-10-29 09:32:38,113.48,113.47,1,113.47,22,113.49,39,113.49,113.47,113.47,22,113.46,4,113.45,8,113.44,15,113.43,32,113.42,29,113.41,30,113.4,10,113.39,12,113.38,14,113.49,39,113.5,44,113.51,35,113.52,35,113.53,3,113.54,31,113.55,19,113.56,5,113.57,5,113.58,39
2020-10-29 09:32:39,113.415,113.42,4,113.41,67,113.42,1,113.42,113.41,113.41,67,113.4,10,113.39,12,113.38,14,113.37,31,113.36,43,113.35,28,113.34,15,113.33,40,113.32,21,113.42,1,113.43,19,113.44,30,113.45,20,113.46,37,113.47,30,113.48,11,113.49,42,113.5,44,113.51,35
2020-10-29 09:32:40,113.4,113.41,1,113.39,17,113.41,10,113.41,113.39,113.39,17,113.38,14,113.37,31,113.36,43,113.35,28,113.34,15,113.33,40,113.32,21,113.31,6,113.3,29,113.41,10,113.42,9,113.43,28,113.44,42,113.45,20,113.46,37,113.47,30,113.48,11,113.49,42,113.5,44
2020-10-29 09:32:41,113.4,113.39,4,113.39,48,113.41,44,113.41,113.39,113.39,53,113.38,22,113.37,31,113.36,43,113.35,28,113.34,15,113.33,40,113.32,21,113.31,6,113.3,29,113.41,30,113.42,37,113.43,24,113.44,42,113.45,20,113.46,37,113.47,30,113.48,11,113.49,42,113.5,44
2020-10-29 09:32:42,113.34,113.34,19,113.33,31,113.35,34,113.35,113.33,113.33,31,113.32,4,113.31,23,113.3,29,113.29,10,113.28,26,113.27,50,113.26,19,113.25,44,113.24,45,113.35,34,113.36,36,113.37,36,113.38,130,113.39,42,113.4,41,113.41,62,113.42,37,113.43,24,113.44,42
2020-10-29 09:32:43,113.355,113.36,1,113.35,7,113.36,107,113.36,113.35,113.35,7,113.34,2,113.33,31,113.32,4,113.31,23,113.3,29,113.29,10,113.28,26,113.27,50,113.26,19,113.36,107,113.37,125,113.39,37,113.4,41,113.41,62,113.42,37,113.43,24,113.44,42,113.45,20,113.46,37
2020-10-29 09:32:44,113.34,113.34,5,113.33,30,113.35,15,113.35,113.33,113.33,30,113.32,4,113.31,23,113.3,29,113.29,10,113.28,26,113.27,50,113.26,19,113.25,44,113.24,45,113.35,15,113.36,89,113.37,125,113.39,37,113.4,41,113.41,62,113.42,37,113.43,24,113.44,42,113.45,20
2020-10-29 09:32:45,113.215,113.2,1,113.21,1,113.22,5,113.22,113.21,113.21,1,113.2,51,113.19,44,113.18,41,113.17,41,113.16,18,113.15,32,113.14,47,113.13,37,113.12,15,113.22,5,113.23,1,113.24,17,113.25,12,113.27,4,113.28,12,113.29,15,113.3,15,113.31,62,113.32,15
2020-10-29 09:32:46,113.29,113.29,1,113.28,14,113.3,27,113.3,113.28,113.28,14,113.27,15,113.26,18,113.25,2,113.24,41,113.23,21,113.22,15,113.21,18,113.2,16,113.19,19,113.3,27,113.31,62,113.32,15,113.33,36,113.34,28,113.35,18,113.36,89,113.37,125,113.39,37,113.4,41
2020-10-29 09:32:47,113.31,113.3,1,113.3,34,113.32,14,113.32,113.3,113.3,34,113.29,4,113.28,6,113.27,18,113.26,6,113.25,22,113.24,41,113.23,21,113.22,15,113.21,18,113.32,14,113.33,33,113.34,28,113.35,18,113.36,89,113.37,125,113.39,37,113.4,41,113.41,62,113.42,37
2020-10-29 09:32:48,113.355,113.35,2,113.34,37,113.37,137,113.37,113.34,113.34,37,113.33,20,113.32,9,113.31,29,113.3,37,113.29,4,113.28,6,113.27,18,113.26,6,113.25,22,113.37,137,113.39,37,113.4,41,113.41,62,113.42,37,113.43,24,113.44,42,113.45,20,113.46,37,113.47,30
2020-10-29 09:32:49,113.34,113.34,2,113.32,26,113.36,15,113.36,113.32,113.32,26,113.31,31,113.3,37,113.29,4,113.28,6,113.27,18,113.26,6,113.25,22,113.24,41,113.23,21,113.36,15,113.37,151,113.39,37,113.4,41,113.41,62,113.42,37,113.43,24,113.44,42,113.45,20,113.46,37
2020-10-29 09:32:50,113.31,113.31,1,113.31,4,113.32,2,113.32,113.31,113.3,28,113.29,30,113.28,6,113.27,18,113.26,6,113.25,22,113.24,41,113.23,21,113.22,15,113.21,18,113.32,1,113.33,23,113.34,18,113.35,1,113.36,52,113.37,151,113.39,37,113.4,41,113.41,62,113.42,37
2020-10-29 09:32:51,113.315,113.31,1,113.3,39,113.33,30,113.33,113.3,113.3,39,113.29,37,113.28,20,113.27,18,113.26,6,113.25,22,113.24,41,113.23,21,113.22,15,113.21,18,113.33,30,113.34,18,113.35,1,113.36,52,113.37,151,113.39,37,113.4,41,113.41,62,113.42,37,113.43,24
2020-10-29 09:32:52,113.325,113.3,45,113.31,3,113.34,35,113.34,113.31,113.31,3,113.3,30,113.29,33,113.28,34,113.27,18,113.26,6,113.25,22,113.24,41,113.23,21,113.22,15,113.34,35,113.35,1,113.36,52,113.37,151,113.39,37,113.4,41,113.41,62,113.42,37,113.43,24,113.44,42
2020-10-29 09:32:53,113.265,113.27,1,113.25,16,113.28,34,113.28,113.25,113.25,16,113.24,28,113.23,21,113.22,15,113.21,18,113.2,16,113.19,19,113.18,37,113.17,39,113.16,18,113.28,34,113.29,17,113.3,14,113.31,17,113.32,4,113.33,18,113.34,28,113.35,1,113.36,52,113.37,151
2020-10-29 09:32:54,113.315,113.32,1,113.31,1,113.32,34,113.32,113.31,113.31,1,113.3,15,113.29,3,113.28,17,113.27,7,113.26,25,113.25,17,113.24,28,113.23,21,113.22,15,113.32,34,113.33,25,113.34,28,113.35,1,113.36,52,113.37,151,113.39,37,113.4,41,113.41,62,113.42,37
2020-10-29 09:32:55,113.29,113.29,1,113.28,4,113.3,54,113.3,113.28,113.28,4,113.27,38,113.26,25,113.25,17,113.24,28,113.23,21,113.22,15,113.21,18,113.2,16,113.19,19,113.3,54,113.31,28,113.32,36,113.33,25,113.34,28,113.35,1,113.36,52,113.37,151,113.39,37,113.4,41
2020-10-29 09:32:56,113.36,113.36,1,113.35,20,113.37,151,113.37,113.35,113.35,20,113.34,3,113.33,10,113.32,15,113.31,26,113.3,6,113.29,16,113.28,25,113.27,38,113.26,25,113.37,151,113.39,37,113.4,41,113.41,62,113.42,37,113.43,24,113.44,42,113.45,20,113.46,37,113.47,30
2020-10-29 09:32:57,113.34,113.34,1,113.33,32,113.35,2,113.35,113.33,113.33,32,113.32,15,113.31,26,113.3,6,113.29,16,113.28,25,113.27,38,113.26,25,113.25,17,113.24,28,113.35,2,113.36,11,113.37,6,113.38,6,113.39,17,113.4,41,113.41,62,113.42,37,113.43,24,113.44,42
2020-10-29 09:32:59,113.34,113.35,2,113.33,10,113.35,3,113.35,113.33,113.33,10,113.32,31,113.31,26,113.3,6,113.29,16,113.28,25,113.27,38,113.26,25,113.25,17,113.24,28,113.35,3,113.36,18,113.37,6,113.38,6,113.39,17,113.4,41,113.41,62,113.42,37,113.43,24,113.44,42
2020-10-29 09:32:59,113.39,113.39,7,113.38,1,113.4,32,113.4,113.38,113.38,1,113.37,30,113.36,1,113.35,33,113.34,2,113.33,28,113.32,37,113.31,41,113.3,6,113.29,16,113.4,32,113.41,62,113.42,37,113.43,24,113.44,42,113.45,20,113.46,37,113.47,30,113.48,11,113.49,42
2020-10-29 09:33:01,113.365,113.37,1,113.36,41,113.37,4,113.37,113.36,113.36,41,113.35,25,113.34,2,113.33,28,113.32,37,113.31,41,113.3,6,113.29,16,113.28,25,113.27,38,113.37,4,113.38,38,113.39,5,113.4,30,113.41,62,113.42,37,113.43,24,113.44,42,113.45,20,113.46,37
2020-10-29 09:33:02,113.39,113.39,1,113.38,50,113.4,37,113.4,113.38,113.38,50,113.37,43,113.36,21,113.35,47,113.34,2,113.33,28,113.32,37,113.31,41,113.3,6,113.29,16,113.4,37,113.41,62,113.42,37,113.43,24,113.44,42,113.45,20,113.46,37,113.47,30,113.48,11,113.49,42
2020-10-29 09:33:03,113.465,113.48,1,113.46,13,113.48,25,113.48,113.46,113.45,19,113.44,11,113.43,6,113.42,5,113.41,5,113.4,4,113.39,5,113.38,4,113.37,42,113.36,21,113.48,25,113.49,42,113.5,44,113.51,35,113.52,35,113.53,3,113.54,31,113.55,19,113.56,5,113.57,5
2020-10-29 09:33:04,113.48,113.49,1,113.47,28,113.49,53,113.49,113.47,113.47,28,113.46,41,113.45,39,113.44,32,113.43,26,113.42,5,113.41,5,113.4,4,113.39,5,113.38,4,113.49,53,113.5,84,113.51,35,113.52,35,113.53,3,113.54,31,113.55,19,113.56,5,113.57,5,113.58,39
2020-10-29 09:33:05,113.5,113.48,1,113.48,29,113.52,44,113.52,113.48,113.48,29,113.47,27,113.46,23,113.45,28,113.44,33,113.43,26,113.42,5,113.41,5,113.4,4,113.39,5,113.52,44,113.53,10,113.54,31,113.55,19,113.56,5,113.57,5,113.58,39,113.59,38,113.6,37,113.61,18
2020-10-29 09:33:06,113.535,113.52,1,113.52,61,113.55,20,113.55,113.52,113.52,61,113.51,44,113.5,15,113.49,53,113.48,32,113.47,27,113.46,23,113.45,28,113.44,33,113.43,26,113.55,20,113.56,5,113.57,5,113.58,39,113.59,38,113.6,37,113.61,18,113.62,22,,,,
2020-10-29 09:33:07,113.53,113.52,1,113.51,28,113.53,1,113.53,113.51,113.52,3,113.51,17,113.5,44,113.49,57,113.48,32,113.47,27,113.46,23,113.45,28,113.44,33,113.43,26,113.54,3,113.55,33,113.56,5,113.57,5,113.58,39,113.59,38,113.6,37,113.61,18,113.62,22,,
2020-10-29 09:33:08,113.55,113.54,2,113.54,17,113.56,21,113.56,113.54,113.54,17,113.53,62,113.52,28,113.51,35,113.5,44,113.49,57,113.48,32,113.47,27,113.46,23,113.45,28,113.56,21,113.57,5,113.58,39,113.59,38,113.6,37,113.61,18,113.62,22,,,,,,
2020-10-29 09:33:09,113.5,113.51,3,113.49,50,113.51,1,113.51,113.49,113.49,50,113.48,32,113.47,27,113.46,23,113.45,28,113.44,33,113.43,26,113.42,5,113.41,5,113.4,4,113.51,1,113.52,17,113.53,30,113.54,23,113.55,8,113.56,20,113.57,5,113.58,39,113.59,38,113.6,37
2020-10-29 09:33:10,113.47,113.46,1,113.46,4,113.48,28,113.48,113.46,113.46,4,113.45,275,113.44,275,113.43,16,113.42,13,113.41,5,113.4,4,113.39,5,113.38,4,113.37,42,113.48,28,113.49,80,113.5,63,113.51,1,113.52,17,113.53,30,113.54,23,113.55,8,113.56,20,113.57,5
2020-10-29 09:33:10,113.46,113.47,1,113.45,265,113.47,14,113.47,113.45,113.45,265,113.44,275,113.43,16,113.42,13,113.41,5,113.4,4,113.39,5,113.38,4,113.37,42,113.36,21,113.47,14,113.48,91,113.49,73,113.5,70,113.51,1,113.52,17,113.53,30,113.54,23,113.55,8,113.56,20
2020-10-29 09:33:12,113.49,113.49,3,113.48,18,113.5,86,113.5,113.48,113.48,18,113.47,5,113.46,10,113.45,265,113.44,275,113.43,16,113.42,13,113.41,5,113.4,4,113.39,5,113.5,86,113.51,1,113.52,17,113.53,30,113.54,23,113.55,8,113.56,20,113.57,5,113.58,39,113.59,38
2020-10-29 09:33:13,113.535,113.53,3,113.52,48,113.55,25,113.55,113.52,113.52,48,113.51,25,113.5,22,113.49,247,113.48,23,113.47,5,113.46,10,113.45,265,113.44,275,113.43,16,113.55,25,113.56,20,113.57,5,113.58,39,113.59,38,113.6,37,113.61,18,113.62,22,,,,
2020-10-29 09:33:14,113.615,113.62,2,113.61,6,113.63,16,113.63,113.61,113.61,6,113.6,28,113.59,9,113.58,16,113.57,20,113.56,16,113.55,233,113.54,231,113.53,14,113.52,47,113.62,11,113.63,16,,,,,,,,,,,,,,,,
2020-10-29 09:33:15,113.525,113.53,1,113.52,47,113.53,4,113.53,113.52,113.52,47,113.51,25,113.5,22,113.49,247,113.48,23,113.47,5,113.46,10,113.45,265,113.44,275,113.43,16,113.53,4,113.54,31,113.55,20,113.56,31,113.57,12,113.58,29,113.59,22,113.6,13,113.61,32,113.63,41
2020-10-29 09:33:16,113.55,113.54,1,113.54,11,113.56,29,113.56,113.54,113.54,11,113.53,17,113.52,30,113.51,9,113.5,61,113.49,247,113.48,23,113.47,5,113.46,10,113.45,265,113.56,29,113.57,12,113.58,29,113.59,22,113.6,13,113.61,32,113.63,41,,,,,,
2020-10-29 09:33:17,113.555,113.55,3,113.55,6,113.56,1,113.56,113.55,113.55,6,113.54,34,113.53,41,113.52,30,113.51,9,113.5,61,113.49,247,113.48,23,113.47,5,113.46,10,113.56,1,113.57,20,113.58,29,113.59,22,113.6,13,113.61,32,113.63,41,,,,,,
2020-10-29 09:33:18,113.56,113.54,40,113.55,1,113.57,32,113.57,113.54,113.55,1,113.54,38,113.53,32,113.52,30,113.51,9,113.5,61,113.49,247,113.48,23,113.47,5,113.46,10,113.57,32,113.58,36,113.59,22,113.6,13,113.61,32,113.63,41,,,,,,,,
2020-10-29 09:33:18,113.56,113.56,1,113.55,2,113.57,2,113.57,113.55,113.55,2,113.54,15,113.53,35,113.52,30,113.51,9,113.5,61,113.49,247,113.48,23,113.47,5,113.46,10,113.57,2,113.58,31,113.59,22,113.6,13,113.61,32,113.63,41,,,,,,,,
2020-10-29 09:33:20,113.565,113.56,1,113.55,3,113.58,38,113.58,113.55,113.55,2,113.54,30,113.53,64,113.52,30,113.51,9,113.5,61,113.49,247,113.48,23,113.47,5,113.46,10,113.58,38,113.59,22,113.6,13,113.61,32,113.63,41,,,,,,,,,,
2020-10-29 09:33:21,113.54,113.55,2,113.53,74,113.55,1,113.55,113.53,113.53,74,113.52,30,113.51,9,113.5,61,113.49,247,113.48,23,113.47,5,113.46,10,113.45,265,113.44,275,113.55,1,113.56,29,113.57,47,113.58,41,113.59,22,113.6,13,113.61,32,113.63,41,,,,
2020-10-29 09:33:22,113.56,113.56,4,113.54,27,113.58,57,113.58,113.54,113.54,27,113.53,71,113.52,30,113.51,9,113.5,61,113.49,247,113.48,23,113.47,5,113.46,10,113.45,265,113.58,57,113.59,22,113.6,13,113.61,32,113.63,41,,,,,,,,,,
2020-10-29 09:33:23,113.575,113.58,5,113.57,18,113.58,1,113.58,113.57,113.57,18,113.56,15,113.55,32,113.54,31,113.53,71,113.52,30,113.51,9,113.5,61,113.49,247,113.48,23,113.58,1,113.6,24,113.61,32,113.63,41,,,,,,,,,,,,
2020-10-29 09:33:24,113.6,113.61,1,113.59,14,113.61,20,113.61,113.59,113.59,14,113.58,73,113.57,71,113.56,15,113.55,32,113.54,31,113.53,71,113.52,30,113.51,9,113.5,61,113.61,20,113.62,27,113.63,27,,,,,,,,,,,,,,
2020-10-29 09:33:25,113.64,113.64,1,113.63,58,113.65,14,113.65,113.63,113.63,58,113.62,44,113.61,36,113.6,19,113.59,30,113.58,38,113.57,71,113.56,15,113.55,32,113.54,31,113.65,14,,,,,,,,,,,,,,,,,,
2020-10-29 09:33:26,113.665,113.66,1,113.66,28,113.67,7,113.67,113.66,113.66,28,113.65,48,113.64,49,113.63,38,113.62,44,113.61,36,113.6,19,113.59,30,113.58,38,113.57,71,113.67,13,113.68,19,,,,,,,,,,,,,,,,
2020-10-29 09:33:27,113.665,113.66,1,113.66,2,113.67,1,113.67,113.66,113.65,38,113.64,50,113.63,38,113.62,44,113.61,36,113.6,19,113.59,30,113.58,38,113.57,71,113.56,15,113.68,18,,,,,,,,,,,,,,,,,,
2020-10-29 09:33:28,113.665,113.66,3,113.66,1,113.68,22,113.68,113.66,113.65,6,113.64,52,113.63,38,113.62,44,113.61,36,113.6,19,113.59,30,113.58,38,113.57,71,113.56,15,113.68,22,113.69,18,,,,,,,,,,,,,,,,
2020-10-29 09:33:28,113.7,113.71,8,113.68,21,113.69,23,113.69,113.67,113.69,5,113.68,34,113.67,29,113.66,37,113.65,20,113.64,52,113.63,38,113.62,44,113.61,36,113.6,19,113.71,15,,,,,,,,,,,,,,,,,,
2020-10-29 09:33:30,113.645,113.65,1,113.64,12,113.65,4,113.65,113.64,113.64,12,113.63,73,113.62,44,113.61,36,113.6,19,113.59,30,113.58,38,113.57,71,113.56,15,113.55,32,113.65,4,113.66,10,113.67,39,113.68,23,113.69,30,113.7,19,113.71,28,,,,,,
2020-10-29 09:33:31,113.62,113.61,1,113.61,2,113.63,37,113.63,113.61,113.61,2,113.6,43,113.59,30,113.58,38,113.57,71,113.56,15,113.55,32,113.54,31,113.53,71,113.52,30,113.63,37,113.64,25,113.65,11,113.66,10,113.67,39,113.68,23,113.69,30,113.7,19,113.71,28,,
2020-10-29 09:33:32,113.67,113.66,1,113.66,2,113.69,38,113.69,113.66,113.66,2,113.65,17,113.64,13,113.63,42,113.62,26,113.61,16,113.6,37,113.59,30,113.58,38,113.57,71,113.68,1,113.69,38,113.7,19,113.71,28,,,,,,,,,,,,
2020-10-29 09:33:33,113.68,113.68,1,113.68,1,113.69,36,113.69,113.68,113.67,1,113.66,23,113.65,17,113.64,21,113.63,42,113.62,26,113.61,16,113.6,37,113.59,30,113.58,38,113.69,35,113.7,19,113.71,28,,,,,,,,,,,,,,
2020-10-29 09:33:34,113.61,113.61,2,113.6,48,113.62,28,113.62,113.6,113.6,48,113.59,30,113.58,38,113.57,71,113.56,15,113.55,32,113.54,31,113.53,71,113.52,30,113.51,9,113.62,28,113.63,4,113.64,51,113.65,5,113.66,30,113.67,43,113.68,31,113.69,36,113.7,19,113.71,28
2020-10-29 09:33:35,113.595,113.59,2,113.58,36,113.61,18,113.61,113.58,113.58,44,113.57,71,113.56,15,113.55,32,113.54,31,113.53,71,113.52,30,113.51,9,113.5,61,113.49,247,113.61,18,113.62,28,113.63,30,113.64,43,113.65,5,113.66,30,113.67,43,113.68,31,113.69,36,113.7,19
2020-10-29 09:33:36,113.585,113.58,1,113.57,16,113.6,17,113.6,113.57,113.57,16,113.56,5,113.54,27,113.53,71,113.52,30,113.51,9,113.5,61,113.49,247,113.48,23,113.47,5,113.6,17,113.61,30,113.62,28,113.63,30,113.64,43,113.65,5,113.66,30,113.67,43,113.68,31,113.69,36
2020-10-29 09:33:37,113.585,113.57,1,113.57,2,113.6,9,113.6,113.57,113.57,2,113.56,10,113.54,27,113.53,71,113.52,30,113.51,9,113.5,61,113.49,247,113.48,23,113.47,5,113.6,9,113.61,34,113.62,28,113.63,30,113.64,43,113.65,5,113.66,30,113.67,43,113.68,31,113.69,36
2020-10-29 09:33:38,113.62,113.62,1,113.61,7,113.63,7,113.63,113.61,113.61,9,113.6,7,113.59,2,113.58,2,113.57,2,113.56,10,113.54,27,113.53,71,113.52,30,113.51,9,113.63,20,113.64,30,113.65,30,113.66,30,113.67,43,113.68,31,113.69,36,113.7,19,113.71,28,,
2020-10-29 09:33:39,113.57,113.58,6,113.56,16,113.58,2,113.58,113.56,113.56,16,113.55,14,113.54,27,113.53,71,113.52,30,113.51,9,113.5,61,113.49,247,113.48,23,113.47,5,113.58,2,113.59,47,113.61,45,113.62,44,113.63,44,113.64,31,113.65,30,113.66,30,113.67,43,113.68,31
2020-10-29 09:33:40,113.545,113.54,1,113.52,36,113.55,31,113.55,113.52,113.54,27,113.53,71,113.52,30,113.51,9,113.5,61,113.49,247,113.48,23,113.47,5,113.46,10,113.45,265,113.55,31,113.56,7,113.57,5,113.58,37,113.59,47,113.61,45,113.62,44,113.63,44,113.64,31,113.65,30
2020-10-29 09:33:41,113.51,113.52,1,113.5,33,113.52,39,113.52,113.5,113.5,33,113.49,247,113.48,23,113.47,5,113.46,10,113.45,265,113.44,275,113.43,16,113.42,13,113.41,5,113.52,39,113.53,5,113.54,6,113.55,13,113.56,14,113.57,29,113.58,33,113.59,47,113.61,45,113.62,44
2020-10-29 09:33:42,113.62,113.62,14,113.61,4,113.63,1,113.63,113.61,113.61,4,113.6,16,113.59,7,113.58,48,113.56,2,113.55,30,113.54,15,113.53,3,113.52,3,113.51,22,113.63,1,113.64,25,113.65,30,113.66,30,113.67,43,113.68,31,113.69,36,113.7,19,113.71,28,,
2020-10-29 09:33:43,113.63,113.63,1,113.62,4,113.64,22,113.63,113.61,113.62,4,113.61,43,113.6,22,113.59,7,113.58,48,113.56,2,113.55,30,113.54,15,113.53,3,113.52,3,113.64,22,113.65,29,113.66,30,113.67,43,113.68,31,113.69,36,113.7,19,113.71,28,,,,
2020-10-29 09:33:44,113.62,113.62,1,113.61,43,113.63,20,113.63,113.61,113.61,43,113.6,22,113.59,7,113.58,48,113.56,2,113.55,30,113.54,15,113.53,3,113.52,3,113.51,22,113.63,20,113.64,21,113.65,42,113.66,31,113.67,43,113.68,31,113.69,36,113.7,19,113.71,28,,
2020-10-29 09:33:45,113.635,113.63,12,113.63,19,113.64,16,113.64,113.63,113.63,19,113.62,7,113.61,29,113.6,22,113.59,7,113.58,48,113.56,2,113.55,30,113.54,15,113.53,3,113.64,16,113.65,42,113.66,31,113.67,43,113.68,31,113.69,36,113.7,19,113.71,28,,,,
2020-10-29 09:33:46,113.68,113.68,10,113.67,27,113.69,28,113.69,113.67,113.67,27,113.66,16,113.65,42,113.64,3,113.63,22,113.62,7,113.61,29,113.6,22,113.59,7,113.58,48,113.69,28,113.7,19,113.71,28,,,,,,,,,,,,,,
2020-10-29 09:33:47,113.65,113.66,1,113.64,25,113.67,44,113.67,113.64,113.64,29,113.63,22,113.62,7,113.61,29,113.6,22,113.59,7,113.58,48,113.56,2,113.55,30,113.54,15,113.66,2,113.67,45,113.68,45,113.69,42,113.7,19,113.71,28,,,,,,,,
2020-10-29 09:33:48,113.695,113.69,1,113.69,7,113.7,30,113.7,113.69,113.69,7,113.68,2,113.67,11,113.66,37,113.65,2,113.64,26,113.63,22,113.62,7,113.61,29,113.6,22,113.7,30,113.71,28,,,,,,,,,,,,,,,,
2020-10-29 09:33:49,113.67,113.66,1,113.66,2,113.68,70,113.68,113.66,113.66,2,113.64,1,113.63,47,113.62,7,113.61,29,113.6,22,113.59,7,113.58,48,113.56,2,113.55,30,113.68,70,113.7,43,113.71,45,113.72,28,,,,,,,,,,,,
2020-10-29 09:33:50,113.685,113.69,1,113.67,55,113.7,43,113.7,113.67,113.67,55,113.66,46,113.64,1,113.63,47,113.62,7,113.61,29,113.6,22,113.59,7,113.58,48,113.56,2,113.7,43,113.71,45,113.72,28,,,,,,,,,,,,,,
2020-10-29 09:33:51,113.675,113.66,5,113.66,15,113.69,29,113.69,113.66,113.66,15,113.65,30,113.64,7,113.63,47,113.62,7,113.61,29,113.6,22,113.59,7,113.58,48,113.56,2,113.69,29,113.7,44,113.71,45,113.72,28,,,,,,,,,,,,
2020-10-29 09:33:52,113.665,113.67,1,113.65,28,113.68,30,113.68,113.65,113.65,28,113.64,7,113.63,47,113.62,7,113.61,29,113.6,22,113.59,7,113.58,48,113.56,2,113.55,30,113.68,30,113.69,50,113.7,44,113.71,45,113.72,28,,,,,,,,,,
2020-10-29 09:33:53,113.625,113.63,10,113.61,26,113.64,1,113.64,113.61,113.61,26,113.6,26,113.59,7,113.58,48,113.56,2,113.55,30,113.54,15,113.53,3,113.52,3,113.51,22,113.64,1,113.65,35,113.66,32,113.67,6,113.68,19,113.7,44,113.71,45,113.72,28,,,,
2020-10-29 09:33:54,113.63,113.62,1,113.62,2,113.64,1,113.64,113.62,113.62,2,113.61,87,113.6,26,113.59,7,113.58,48,113.56,2,113.55,30,113.54,15,113.53,3,113.52,3,113.64,1,113.65,28,113.66,36,113.67,18,113.68,19,113.7,44,113.71,45,113.72,28,,,,
2020-10-29 09:33:55,113.63,113.62,3,113.62,27,113.64,4,113.64,113.62,113.62,27,113.61,46,113.6,41,113.59,7,113.58,48,113.56,2,113.55,30,113.54,15,113.53,3,113.52,3,113.64,4,113.65,19,113.66,42,113.67,18,113.68,19,113.7,44,113.71,45,113.72,28,,,,
2020-10-29 09:33:56,113.61,113.61,6,113.6,40,113.62,3,113.62,113.6,113.6,40,113.59,7,113.58,48,113.56,2,113.55,30,113.54,15,113.53,3,113.52,3,113.51,22,113.5,33,113.62,3,113.63,41,113.64,31,113.65,19,113.66,42,113.67,18,113.68,19,113.7,44,113.71,45,113.72,28
2020-10-29 09:33:57,113.615,113.62,1,113.6,29,113.63,14,113.63,113.6,113.6,29,113.59,12,113.58,21,113.57,22,113.56,56,113.55,30,113.54,15,113.53,3,113.52,3,113.51,22,113.63,14,113.64,43,113.65,19,113.66,42,113.67,18,113.68,19,113.7,44,113.71,45,113.72,28,,
2020-10-29 09:33:58,113.57,113.57,1,113.56,36,113.59,15,113.59,113.56,113.56,36,113.55,55,113.54,15,113.53,3,113.52,3,113.51,22,113.5,33,113.49,247,113.48,23,113.47,5,113.58,2,113.59,3,113.6,13,113.61,35,113.62,30,113.63,14,113.64,43,113.65,19,113.66,42,113.67,18
2020-10-29 09:33:59,113.615,113.62,2,113.6,48,113.63,32,113.63,113.6,113.6,48,113.57,45,113.56,26,113.55,64,113.54,15,113.53,3,113.52,3,113.51,22,113.5,33,113.49,247,113.63,32,113.64,43,113.65,19,113.66,42,113.67,18,113.68,19,113.7,44,113.71,45,113.72,28,,
2020-10-29 09:34:00,113.565,113.57,7,113.55,62,113.58,33,113.58,113.55,113.55,62,113.54,15,113.53,3,113.52,3,113.51,22,113.5,33,113.49,247,113.48,23,113.47,5,113.46,10,113.58,33,113.59,11,113.6,24,113.61,13,113.62,33,113.63,38,113.64,43,113.65,19,113.66,42,113.67,18
2020-10-29 09:34:01,113.495,113.5,24,113.49,9,113.5,23,113.5,113.49,113.49,17,113.47,18,113.46,10,113.45,265,113.44,275,113.43,16,113.42,13,113.41,5,113.4,4,113.39,5,113.5,23,113.51,36,113.52,39,113.53,29,113.54,45,113.55,14,113.56,16,113.57,37,113.58,41,113.59,5
2020-10-29 09:34:02,113.58,113.57,1,113.57,3,113.59,14,113.59,113.57,113.57,3,113.56,19,113.55,3,113.54,27,113.53,48,113.52,2,113.51,10,113.5,9,113.49,57,113.47,18,113.59,14,113.6,47,113.61,13,113.62,33,113.63,38,113.64,43,113.65,19,113.66,42,113.67,18,113.68,19
2020-10-29 09:34:03,113.64,113.64,1,113.63,32,113.65,1,113.65,113.63,113.63,32,113.62,37,113.61,17,113.6,40,113.59,25,113.58,15,113.57,7,113.56,19,113.55,3,113.54,27,113.65,1,113.66,45,113.67,18,113.68,19,113.7,44,113.71,45,113.72,28,,,,,,
2020-10-29 09:34:04,113.685,113.69,1,113.67,31,113.7,14,113.7,113.67,113.67,31,113.66,31,113.65,31,113.64,5,113.63,30,113.62,37,113.61,17,113.6,40,113.59,25,113.58,15,113.7,14,113.71,54,113.72,28,,,,,,,,,,,,,,
2020-10-29 09:34:05,113.64,113.65,1,113.63,42,113.65,2,113.65,113.63,113.63,42,113.62,28,113.61,17,113.6,40,113.59,25,113.58,15,113.57,7,113.56,19,113.55,3,113.54,27,113.65,2,113.66,2,113.67,3,113.68,4,113.69,5,113.7,24,113.71,54,113.72,28,,,,
2020-10-29 09:34:06,113.67,113.65,1,113.65,21,113.69,12,113.69,113.65,113.65,21,113.64,33,113.63,55,113.62,28,113.61,17,113.6,40,113.59,25,113.58,15,113.57,7,113.56,19,113.69,12,113.7,24,113.71,54,113.72,28,,,,,,,,,,,,
2020-10-29 09:34:07,113.67,113.67,1,113.66,33,113.68,2,113.68,113.66,113.66,33,113.65,13,113.64,31,113.63,55,113.62,28,113.61,17,113.6,40,113.59,25,113.58,15,113.57,7,113.68,2,113.69,28,113.7,24,113.71,54,113.72,28,,,,,,,,,,
2020-10-29 09:34:08,113.7,113.7,4,113.69,22,113.71,59,113.71,113.69,113.69,22,113.68,17,113.67,8,113.66,91,113.65,13,113.64,31,113.63,55,113.62,28,113.61,17,113.6,40,113.71,59,113.72,28,,,,,,,,,,,,,,,,
2020-10-29 09:34:09,113.67,113.66,10,113.66,2,113.68,11,113.68,113.66,113.66,2,113.65,2,113.64,74,113.63,55,113.62,28,113.61,17,113.6,40,113.59,25,113.58,15,113.57,7,113.68,11,113.69,23,113.7,24,113.71,65,113.72,28,,,,,,,,,,
2020-10-29 09:34:10,113.625,113.64,2,113.61,65,113.64,5,113.64,113.61,113.61,65,113.6,40,113.59,25,113.58,15,113.57,7,113.56,19,113.55,3,113.54,27,113.53,48,113.52,2,113.64,5,113.65,17,113.66,31,113.67,25,113.68,28,113.69,23,113.7,24,113.71,65,113.72,28,,
2020-10-29 09:34:11,113.635,113.63,2,113.63,2,113.64,1,113.64,113.63,113.63,2,113.62,25,113.61,63,113.6,40,113.59,25,113.58,15,113.57,7,113.56,19,113.55,3,113.54,27,113.64,1,113.65,27,113.66,31,113.67,25,113.68,28,113.69,23,113.7,24,113.71,65,113.72,28,,
2020-10-29 09:34:12,113.645,113.65,1,113.64,5,113.65,1,113.65,113.64,113.64,5,113.63,34,113.62,36,113.61,63,113.6,40,113.59,25,113.58,15,113.57,7,113.56,19,113.55,3,113.65,1,113.66,5,113.67,13,113.68,24,113.69,23,113.7,24,113.71,65,113.72,28,,,,
2020-10-29 09:34:13,113.66,113.66,1,113.65,32,113.67,1,113.67,113.65,113.65,32,113.64,32,113.63,41,113.62,76,113.61,63,113.6,40,113.59,25,113.58,15,113.57,7,113.56,19,113.67,1,113.68,30,113.69,23,113.7,24,113.71,65,113.72,28,,,,,,,,
2020-10-29 09:34:14,113.685,113.68,1,113.67,1,113.7,31,113.7,113.67,113.67,1,113.66,36,113.65,16,113.64,67,113.63,41,113.62,76,113.61,63,113.6,40,113.59,25,113.58,15,113.7,31,113.71,65,113.72,28,,,,,,,,,,,,,,
2020-10-29 09:34:15,113.66,113.67,11,113.65,27,113.67,7,113.67,113.65,113.65,27,113.64,67,113.63,41,113.62,76,113.61,63,113.6,40,113.59,25,113.58,15,113.57,7,113.56,19,113.67,7,113.68,13,113.69,11,113.7,31,113.71,65,113.72,28,,,,,,,,
2020-10-29 09:34:16,113.7,113.7,6,113.69,1,113.71,64,113.71,113.69,113.69,1,113.68,27,113.67,6,113.66,85,113.65,27,113.64,67,113.63,41,113.62,76,113.61,63,113.6,40,113.71,64,113.72,28,,,,,,,,,,,,,,,,
2020-10-29 09:34:17,113.69,113.69,1,113.68,82,113.7,20,113.7,113.68,113.68,82,113.67,6,113.66,85,113.65,27,113.64,67,113.63,41,113.62,76,113.61,63,113.6,40,113.59,25,113.7,20,113.71,65,113.72,28,,,,,,,,,,,,,,
2020-10-29 09:34:18,113.68,113.68,1,113.67,13,113.69,22,113.69,113.67,113.67,13,113.66,85,113.65,27,113.64,67,113.63,41,113.62,76,113.61,63,113.6,40,113.59,25,113.58,15,113.69,22,113.7,19,113.71,69,113.72,28,,,,,,,,,,,,
2020-10-29 09:34:19,113.655,113.66,1,113.65,25,113.66,3,113.66,113.65,113.65,25,113.64,67,113.63,41,113.62,76,113.61,63,113.6,40,113.59,25,113.58,15,113.57,7,113.56,19,113.66,3,113.67,11,113.68,17,113.69,25,113.7,19,113.71,69,113.72,28,,,,,,
2020-10-29 09:34:20,113.57,113.56,10,113.56,37,113.58,17,113.58,113.56,113.56,37,113.55,3,113.54,27,113.53,48,113.52,2,113.51,10,113.5,9,113.49,57,113.47,18,113.46,10,113.58,17,113.6,28,113.61,16,113.62,5,113.63,15,113.64,19,113.65,15,113.66,7,113.67,11,113.68,17
2020-10-29 09:34:21,113.62,113.6,1,113.61,1,113.63,21,113.63,113.61,113.61,1,113.6,59,113.59,22,113.58,7,113.57,17,113.56,37,113.55,3,113.54,27,113.53,48,113.52,2,113.63,21,113.64,19,113.65,15,113.66,7,113.67,11,113.68,17,113.69,25,113.7,19,113.71,69,113.72,28
2020-10-29 09:34:22,113.615,113.6,2,113.61,1,113.62,2,113.62,113.61,113.61,1,113.6,44,113.59,22,113.58,7,113.57,17,113.56,37,113.55,3,113.54,27,113.53,48,113.52,2,113.62,2,113.63,25,113.64,19,113.65,15,113.66,7,113.67,11,113.68,17,113.69,25,113.7,19,113.71,69
2020-10-29 09:34:23,113.645,113.64,1,113.64,4,113.65,27,113.65,113.64,113.64,4,113.63,40,113.62,17,113.61,17,113.6,48,113.59,25,113.58,7,113.57,17,113.56,37,113.55,3,113.65,27,113.66,7,113.67,11,113.68,17,113.69,25,113.7,19,113.71,69,113.72,28,,,,
2020-10-29 09:34:24,113.635,113.63,1,113.63,22,113.64,11,113.64,113.63,113.63,22,113.62,17,113.61,17,113.6,48,113.59,25,113.58,7,113.57,17,113.56,37,113.55,3,113.54,27,113.64,11,113.65,27,113.66,7,113.67,11,113.68,17,113.69,25,113.7,19,113.71,69,113.72,28,,
2020-10-29 09:34:25,113.62,113.61,4,113.61,22,113.63,15,113.63,113.61,113.61,22,113.6,48,113.59,25,113.58,7,113.57,17,113.56,37,113.55,3,113.54,27,113.53,48,113.52,2,113.63,15,113.64,13,113.65,27,113.66,7,113.67,11,113.68,17,113.69,25,113.7,19,113.71,69,113.72,28
2020-10-29 09:34:26,113.645,113.64,6,113.64,30,113.65,31,113.65,113.64,113.64,30,113.63,49,113.62,28,113.61,28,113.6,78,113.59,25,113.58,7,113.57,17,113.56,37,113.55,3,113.65,31,113.66,7,113.67,11,113.68,17,113.69,25,113.7,19,113.71,69,113.72,28,,,,
2020-10-29 09:34:27,113.645,113.64,2,113.64,32,113.65,2,113.65,113.64,113.64,32,113.63,62,113.62,28,113.61,28,113.6,78,113.59,25,113.58,7,113.57,17,113.56,37,113.55,3,113.65,2,113.66,27,113.67,11,113.68,17,113.69,25,113.7,19,113.71,69,113.72,28,,,,
2020-10-29 09:34:28,113.64,113.64,1,113.63,34,113.65,41,113.65,113.63,113.63,34,113.62,41,113.61,28,113.6,78,113.59,25,113.58,7,113.57,17,113.56,37,113.55,3,113.54,27,113.65,41,113.66,27,113.67,11,113.68,17,113.69,25,113.7,19,113.71,69,113.72,28,,,,
2020-10-29 09:34:29,113.64,113.63,1,113.63,30,113.65,21,113.65,113.63,113.63,30,113.62,41,113.61,28,113.6,78,113.59,25,113.58,7,113.57,17,113.56,37,113.55,3,113.54,27,113.65,21,113.66,41,113.67,11,113.68,17,113.69,25,113.7,19,113.71,69,113.72,28,,,,
2020-10-29 09:34:30,113.605,113.6,1,113.6,67,113.61,2,113.61,113.6,113.6,67,113.59,25,113.58,7,113.57,17,113.56,37,113.55,3,113.54,27,113.53,48,113.52,2,113.51,10,113.61,2,113.62,50,113.63,29,113.64,20,113.65,27,113.66,41,113.67,11,113.68,17,113.69,25,113.7,19
2020-10-29 09:34:31,113.68,113.68,1,113.67,10,113.69,42,113.69,113.67,113.67,10,113.66,31,113.65,36,113.64,28,113.63,39,113.62,14,113.61,34,113.6,68,113.59,25,113.58,7,113.69,42,113.7,19,113.71,69,113.72,28,,,,,,,,,,,,
2020-10-29 09:34:32,113.715,113.71,2,113.71,31,113.72,1,113.72,113.71,113.71,31,113.7,50,113.69,35,113.68,31,113.67,30,113.66,31,113.65,36,113.64,28,113.63,39,113.62,14,113.72,1,113.73,3,113.74,20,113.75,25,113.76,27,,,,,,,,,,
2020-10-29 09:34:33,113.67,113.67,1,113.66,32,113.68,14,113.68,113.66,113.66,32,113.65,36,113.64,28,113.63,39,113.62,14,113.61,34,113.6,68,113.59,25,113.58,7,113.57,17,113.68,14,113.69,15,113.71,3,113.72,38,113.73,11,113.74,20,113.75,25,113.76,27,,,,
2020-10-29 09:34:34,113.685,113.67,1,113.67,38,113.7,17,113.7,113.67,113.67,38,113.66,14,113.65,36,113.64,28,113.63,39,113.62,14,113.61,34,113.6,68,113.59,25,113.58,7,113.7,17,113.71,27,113.72,38,113.73,11,113.74,20,113.75,25,113.76,27,,,,,,
2020-10-29 09:34:35,113.67,113.67,1,113.66,49,113.68,10,113.68,113.66,113.66,49,113.65,36,113.64,28,113.63,39,113.62,14,113.61,34,113.6,68,113.59,25,113.58,7,113.57,17,113.68,10,113.69,34,113.7,18,113.71,24,113.72,38,113.73,11,113.74,20,113.75,25,113.76,27,,
2020-10-29 09:34:36,113.66,113.66,1,113.65,26,113.67,38,113.67,113.65,113.65,26,113.64,28,113.63,39,113.62,14,113.61,34,113.6,68,113.59,25,113.58,7,113.57,17,113.56,37,113.67,38,113.68,21,113.69,34,113.7,18,113.71,24,113.72,38,113.73,11,113.74,20,113.75,25,113.76,27
2020-10-29 09:34:37,113.63,113.63,35,113.62,26,113.64,33,113.64,113.62,113.62,26,113.61,34,113.6,68,113.59,25,113.58,7,113.57,17,113.56,37,113.55,3,113.54,27,113.53,48,113.64,33,113.65,9,113.66,15,113.67,42,113.68,21,113.69,34,113.7,18,113.71,24,113.72,38,113.73,11
2020-10-29 09:34:38,113.64,113.64,14,113.63,36,113.65,30,113.65,113.63,113.63,47,113.62,29,113.61,34,113.6,68,113.59,25,113.58,7,113.57,17,113.56,37,113.55,3,113.54,27,113.65,30,113.66,15,113.67,23,113.68,21,113.69,34,113.7,18,113.71,24,113.72,38,113.73,11,113.74,20
2020-10-29 09:34:39,113.59,113.58,1,113.58,22,113.6,43,113.6,113.58,113.58,22,113.57,17,113.56,37,113.55,3,113.54,27,113.53,48,113.52,2,113.51,10,113.5,9,113.49,57,113.6,43,113.61,41,113.62,39,113.63,19,113.64,40,113.65,24,113.66,15,113.67,23,113.68,21,113.69,34
2020-10-29 09:34:40,113.525,113.52,1,113.51,24,113.54,24,113.54,113.51,113.51,24,113.5,9,113.49,57,113.47,18,113.46,10,113.45,265,113.44,275,113.43,16,113.42,13,113.41,5,113.54,24,113.55,36,113.56,52,113.57,32,113.58,21,113.59,25,113.6,35,113.61,41,113.62,39,113.63,19
2020-10-29 09:34:41,113.59,113.58,1,113.58,3,113.6,52,113.6,113.58,113.58,3,113.57,25,113.56,25,113.55,19,113.54,9,113.53,34,113.52,37,113.51,30,113.5,9,113.49,57,113.6,52,113.61,41,113.62,39,113.63,19,113.64,40,113.65,24,113.66,15,113.67,23,113.68,21,113.69,34
2020-10-29 09:34:42,113.585,113.59,1,113.58,6,113.59,19,113.59,113.58,113.58,6,113.57,20,113.56,25,113.55,19,113.54,9,113.53,34,113.52,37,113.51,30,113.5,9,113.49,57,113.59,19,113.61,37,113.62,39,113.63,19,113.64,40,113.65,24,113.66,15,113.67,23,113.68,21,113.69,34
2020-10-29 09:34:43,113.69,113.7,3,113.68,22,113.7,40,113.7,113.68,113.68,22,113.67,30,113.66,44,113.65,39,113.64,55,113.63,13,113.62,18,113.61,9,113.6,25,113.59,41,113.7,40,113.71,24,113.72,38,113.73,11,113.74,20,113.75,25,113.76,27,,,,,,
2020-10-29 09:34:44,113.69,113.69,1,113.68,31,113.7,39,113.7,113.68,113.68,31,113.67,30,113.66,44,113.65,39,113.64,55,113.63,13,113.62,18,113.61,9,113.6,25,113.59,41,113.7,39,113.71,24,113.72,38,113.73,11,113.74,20,113.75,25,113.76,27,,,,,,
2020-10-29 09:34:45,113.665,113.67,7,113.65,50,113.68,11,113.68,113.65,113.65,50,113.64,10,113.63,21,113.62,18,113.61,9,113.6,25,113.59,41,113.58,54,113.57,20,113.56,25,113.68,11,113.69,31,113.7,39,113.71,24,113.72,38,113.73,11,113.74,20,113.75,25,113.76,27,,
2020-10-29 09:34:46,113.625,113.64,1,113.61,4,113.64,22,113.64,113.61,113.61,4,113.6,37,113.59,41,113.58,54,113.57,20,113.56,25,113.55,19,113.54,9,113.53,34,113.52,37,113.64,22,113.65,4,113.66,21,113.67,18,113.68,25,113.69,31,113.7,39,113.71,24,113.72,38,113.73,11
2020-10-29 09:34:47,113.63,113.62,1,113.62,39,113.64,16,113.64,113.62,113.62,39,113.61,4,113.6,37,113.59,41,113.58,54,113.57,20,113.56,25,113.55,19,113.54,9,113.53,34,113.64,16,113.65,4,113.66,21,113.67,18,113.68,25,113.69,31,113.7,39,113.71,24,113.72,38,113.73,11
2020-10-29 09:34:48,113.65,113.64,1,113.64,32,113.66,19,113.66,113.64,113.64,32,113.63,31,113.62,39,113.61,42,113.6,37,113.59,41,113.58,54,113.57,20,113.56,25,113.55,19,113.66,19,113.67,18,113.68,25,113.69,31,113.7,39,113.71,24,113.72,38,113.73,11,113.74,20,113.75,25
2020-10-29 09:34:49,113.66,113.65,1,113.65,1,113.67,49,113.67,113.65,113.65,1,113.64,8,113.63,34,113.62,39,113.61,42,113.6,37,113.59,41,113.58,54,113.57,20,113.56,25,113.67,49,113.68,30,113.69,31,113.7,39,113.71,24,113.72,38,113.73,11,113.74,20,113.75,25,113.76,27
2020-10-29 09:34:50,113.64,113.64,1,113.63,16,113.65,16,113.65,113.62,113.63,16,113.62,40,113.61,42,113.6,37,113.59,41,113.58,54,113.57,20,113.56,25,113.55,19,113.54,9,113.65,16,113.66,31,113.67,34,113.68,35,113.69,31,113.7,39,113.71,24,113.72,38,113.73,11,113.74,20
2020-10-29 09:34:51,113.63,113.64,22,113.62,33,113.64,36,113.64,113.62,113.62,33,113.61,29,113.6,36,113.59,41,113.58,54,113.57,20,113.56,25,113.55,19,113.54,9,113.53,34,113.64,36,113.65,31,113.66,31,113.67,34,113.68,35,113.69,31,113.7,39,113.71,24,113.72,38,113.73,11
2020-10-29 09:34:52,113.62,113.61,5,113.61,40,113.63,2,113.63,113.61,113.61,40,113.6,33,113.59,41,113.58,54,113.57,20,113.56,25,113.55,19,113.54,9,113.53,34,113.52,37,113.63,2,113.64,21,113.65,14,113.66,18,113.67,34,113.68,35,113.69,31,113.7,39,113.71,24,113.72,38
2020-10-29 09:34:53,113.65,113.64,1,113.64,27,113.66,53,113.66,113.64,113.64,27,113.63,22,113.62,40,113.61,33,113.6,33,113.59,41,113.58,54,113.57,20,113.56,25,113.55,19,113.66,53,113.67,34,113.68,35,113.69,31,113.7,39,113.71,24,113.72,38,113.73,11,113.74,20,113.75,25
2020-10-29 09:34:54,113.63,113.62,1,113.62,5,113.64,28,113.64,113.62,113.62,5,113.61,37,113.6,30,113.59,41,113.58,54,113.57,20,113.56,25,113.55,19,113.54,9,113.53,34,113.64,28,113.65,20,113.66,53,113.67,34,113.68,35,113.69,31,113.7,39,113.71,24,113.72,38,113.73,11
2020-10-29 09:34:55,113.63,113.63,5,113.62,2,113.64,44,113.64,113.62,113.62,2,113.61,18,113.6,42,113.59,41,113.58,54,113.57,20,113.56,25,113.55,19,113.54,9,113.53,34,113.64,44,113.65,20,113.66,53,113.67,34,113.68,35,113.69,31,113.7,39,113.71,24,113.72,38,113.73,11
2020-10-29 09:34:57,113.645,113.64,1,113.64,37,113.65,29,113.65,113.64,113.64,37,113.63,33,113.62,33,113.61,18,113.6,42,113.59,41,113.58,54,113.57,20,113.56,25,113.55,19,113.65,29,113.66,53,113.67,34,113.68,35,113.69,31,113.7,39,113.71,24,113.72,38,113.73,11,113.74,20
2020-10-29 09:34:57,113.65,113.65,2,113.64,39,113.66,17,113.66,113.64,113.64,39,113.63,33,113.62,33,113.61,18,113.6,42,113.59,41,113.58,54,113.57,20,113.56,25,113.55,19,113.66,17,113.67,14,113.68,36,113.69,31,113.7,39,113.71,24,113.72,38,113.73,11,113.74,20,113.75,25
2020-10-29 09:34:58,113.64,113.64,1,113.63,21,113.65,2,113.65,113.63,113.63,21,113.62,36,113.61,18,113.6,42,113.59,41,113.58,54,113.57,20,113.56,25,113.55,19,113.54,9,113.65,2,113.67,30,113.68,37,113.69,28,113.7,39,113.71,24,113.72,38,113.73,11,113.74,20,113.75,25
2020-10-29 09:34:59,113.655,113.65,1,113.65,32,113.66,8,113.66,113.65,113.65,42,113.64,38,113.63,23,113.62,36,113.61,18,113.6,42,113.59,41,113.58,54,113.57,20,113.56,25,113.66,4,113.67,23,113.68,34,113.69,28,113.7,39,113.71,24,113.72,38,113.73,11,113.74,20,113.75,25
2020-10-29 09:35:01,113.735,113.74,1,113.73,3,113.74,26,113.74,113.73,113.73,3,113.72,3,113.71,21,113.7,45,113.69,43,113.68,22,113.67,22,113.66,27,113.65,19,113.64,28,113.74,26,113.75,25,113.76,27,,,,,,,,,,,,,,
2020-10-29 09:35:02,113.745,113.75,2,113.74,12,113.75,41,113.75,113.74,113.74,11,113.73,4,113.72,18,113.71,7,113.7,39,113.69,43,113.68,22,113.67,22,113.66,27,113.65,19,113.75,36,113.76,27,,,,,,,,,,,,,,,,
2020-10-29 09:35:03,113.82,113.82,1,113.81,25,113.83,43,113.83,113.81,113.81,25,113.8,72,113.79,18,113.78,23,113.77,15,113.76,42,113.75,20,113.74,38,113.73,4,113.72,18,113.83,43,113.84,10,,,,,,,,,,,,,,,,
2020-10-29 09:35:04,113.885,113.88,1,113.88,33,113.89,2,113.89,113.88,113.88,33,113.87,30,113.86,34,113.85,37,113.84,31,113.83,7,113.82,38,113.81,35,113.8,72,113.79,18,113.89,2,113.9,21,,,,,,,,,,,,,,,,
2020-10-29 09:35:05,113.915,113.9,1,113.9,37,113.92,1,113.92,113.9,113.91,27,113.9,37,113.89,16,113.88,30,113.87,28,113.86,34,113.85,37,113.84,31,113.83,7,113.82,38,113.92,1,113.93,2,,,,,,,,,,,,,,,,
2020-10-29 09:35:06,113.895,113.88,1,113.89,3,113.9,13,113.9,113.89,113.89,1,113.88,45,113.87,42,113.86,34,113.85,37,113.84,31,113.83,7,113.82,38,113.81,35,113.8,72,113.9,13,113.91,15,113.92,3,113.93,13,113.94,6,,,,,,,,,,
2020-10-29 09:35:07,113.915,113.92,1,113.91,15,113.92,1,113.92,113.91,113.91,15,113.9,19,113.89,31,113.88,47,113.87,42,113.86,34,113.85,37,113.84,31,113.83,7,113.82,38,113.92,1,113.93,19,113.94,6,,,,,,,,,,,,,,
2020-10-29 09:35:08,113.96,113.96,1,113.95,41,113.97,83,113.97,113.95,113.95,41,113.94,6,113.93,41,113.92,27,113.91,42,113.9,19,113.89,31,113.88,47,113.87,42,113.86,34,113.97,83,,,,,,,,,,,,,,,,,,
2020-10-29 09:35:09,113.95,113.96,1,113.94,20,113.96,1,113.96,113.94,113.94,20,113.93,37,113.92,27,113.91,42,113.9,19,113.89,31,113.88,47,113.87,42,113.86,34,113.85,37,113.96,1,113.97,29,113.98,17,113.99,26,,,,,,,,,,,,
2020-10-29 09:35:10,113.955,113.95,3,113.95,43,113.96,2,113.96,113.95,113.95,43,113.94,30,113.93,43,113.92,29,113.91,42,113.9,19,113.89,31,113.88,47,113.87,42,113.86,34,113.96,2,113.97,39,113.98,17,113.99,26,,,,,,,,,,,,
2020-10-29 09:35:11,113.975,113.98,1,113.96,43,113.99,30,113.99,113.96,113.96,43,113.95,32,113.94,22,113.93,36,113.92,51,113.91,42,113.9,19,113.89,31,113.88,47,113.87,42,113.99,30,,,,,,,,,,,,,,,,,,
2020-10-29 09:35:12,113.96,113.95,1,113.95,30,113.97,9,113.97,113.95,113.95,30,113.94,22,113.93,36,113.92,51,113.91,42,113.9,19,113.89,31,113.88,47,113.87,42,113.86,34,113.97,9,113.98,37,113.99,25,,,,,,,,,,,,,,
2020-10-29 09:35:13,113.94,113.94,1,113.93,33,113.95,35,113.95,113.93,113.93,33,113.92,32,113.91,42,113.9,19,113.89,31,113.88,47,113.87,42,113.86,34,113.85,37,113.84,31,113.95,35,113.96,20,113.97,20,113.98,37,113.99,25,,,,,,,,,,
2020-10-29 09:35:14,113.93,113.94,2,113.92,46,113.94,2,113.94,113.92,113.92,46,113.91,42,113.9,19,113.89,31,113.88,47,113.87,42,113.86,34,113.85,37,113.84,31,113.83,7,113.94,2,113.95,46,113.96,20,113.97,20,113.98,37,113.99,25,,,,,,,,
2020-10-29 09:35:15,113.965,113.95,1,113.96,1,113.97,47,113.97,113.96,113.96,1,113.95,45,113.94,53,113.93,27,113.92,49,113.91,42,113.9,19,113.89,31,113.88,47,113.87,42,113.97,47,113.98,45,113.99,25,,,,,,,,,,,,,,
2020-10-29 09:35:16,113.94,113.93,1,113.93,3,113.95,8,113.95,113.93,113.93,3,113.92,36,113.91,42,113.9,19,113.89,31,113.88,47,113.87,42,113.86,34,113.85,37,113.84,31,113.95,8,113.96,30,113.97,60,113.98,45,113.99,25,,,,,,,,,,
2020-10-29 09:35:17,113.975,113.97,2,113.97,18,113.98,40,113.98,113.97,113.97,18,113.96,14,113.95,27,113.94,44,113.93,4,113.92,36,113.91,42,113.9,19,113.89,31,113.88,47,113.98,40,113.99,25,,,,,,,,,,,,,,,,
2020-10-29 09:35:18,114.005,114.01,1,114.0,30,114.01,18,114.01,114.0,114.0,30,113.99,48,113.98,50,113.97,36,113.96,14,113.95,27,113.94,44,113.93,4,113.92,36,113.91,42,114.01,18,114.02,27,114.03,16,114.04,6,,,,,,,,,,,,
2020-10-29 09:35:19,114.03,114.03,1,114.02,19,114.04,23,114.04,114.02,114.02,19,114.01,39,114.0,54,113.99,48,113.98,50,113.97,36,113.96,14,113.95,27,113.94,44,113.93,4,114.04,23,,,,,,,,,,,,,,,,,,
2020-10-29 09:35:20,114.0,114.0,1,113.99,42,114.01,27,114.01,113.99,113.99,42,113.98,50,113.97,36,113.96,14,113.95,27,113.94,44,113.93,4,113.92,36,113.91,42,113.9,19,114.01,27,114.02,25,114.03,17,114.04,24,,,,,,,,,,,,
2020-10-29 09:35:21,114.0,114.01,1,113.99,39,114.01,39,114.01,113.99,113.99,39,113.98,51,113.97,36,113.96,14,113.95,27,113.94,44,113.93,4,113.92,36,113.91,42,113.9,19,114.01,39,114.02,25,114.03,17,114.04,24,,,,,,,,,,,,
2020-10-29 09:35:22,113.975,114.0,1,113.96,36,113.99,2,113.99,113.96,113.96,36,113.95,27,113.94,44,113.93,4,113.92,36,113.91,42,113.9,19,113.89,31,113.88,47,113.87,42,113.99,2,114.0,40,114.01,40,114.02,25,114.03,17,114.04,24,,,,,,,,
2020-10-29 09:35:23,114.0,114.01,1,113.99,47,114.01,59,114.01,113.99,113.99,47,113.98,18,113.97,28,113.96,36,113.95,27,113.94,44,113.93,4,113.92,36,113.91,42,113.9,19,114.01,59,114.02,25,114.03,17,114.04,24,,,,,,,,,,,,
2020-10-29 09:35:24,113.98,114.0,3,113.97,37,113.99,4,113.99,113.97,113.97,37,113.96,36,113.95,27,113.94,44,113.93,4,113.92,36,113.91,42,113.9,19,113.89,31,113.88,47,113.99,4,114.0,34,114.01,60,114.02,25,114.03,17,114.04,24,,,,,,,,
2020-10-29 09:35:25,113.975,113.98,1,113.97,35,113.98,1,113.98,113.97,113.97,35,113.96,36,113.95,27,113.94,44,113.93,4,113.92,36,113.91,42,113.9,19,113.89,31,113.88,47,113.98,1,113.99,8,114.0,4,114.01,56,114.02,25,114.03,17,114.04,24,,,,,,
2020-10-29 09:35:26,113.98,113.98,1,113.97,35,113.99,15,113.99,113.97,113.97,35,113.96,36,113.95,27,113.94,44,113.93,4,113.92,36,113.91,42,113.9,19,113.89,31,113.88,47,113.99,15,114.0,34,114.01,56,114.02,25,114.03,17,114.04,24,,,,,,,,
2020-10-29 09:35:27,114.0,114.0,1,113.99,56,114.01,55,114.01,113.99,113.99,56,113.98,33,113.97,19,113.96,39,113.95,27,113.94,44,113.93,4,113.92,36,113.91,42,113.9,19,114.01,55,114.02,25,114.03,17,114.04,24,,,,,,,,,,,,
2020-10-29 09:35:28,113.985,113.98,1,113.98,1,113.99,4,113.99,113.98,113.98,1,113.97,34,113.96,39,113.95,27,113.94,44,113.93,4,113.92,36,113.91,42,113.9,19,113.89,31,113.99,4,114.0,28,114.01,55,114.02,25,114.03,17,114.04,24,,,,,,,,
2020-10-29 09:35:29,113.975,113.97,2,113.97,22,113.98,2,113.98,113.97,113.97,22,113.96,39,113.95,27,113.94,44,113.93,4,113.92,36,113.91,42,113.9,19,113.89,31,113.88,47,113.98,2,113.99,1,114.0,17,114.01,49,114.02,25,114.03,17,114.04,24,,,,,,
2020-10-29 09:35:30,113.925,113.91,1,113.91,42,113.94,22,113.94,113.91,113.91,42,113.9,19,113.89,31,113.88,47,113.87,42,113.86,34,113.85,37,113.84,31,113.83,7,113.82,38,113.94,22,113.95,63,113.96,29,113.97,1,113.98,48,113.99,1,114.0,17,114.01,49,114.02,25,114.03,17
2020-10-29 09:35:31,113.915,113.92,3,113.91,9,113.92,1,113.92,113.91,113.91,9,113.9,42,113.89,45,113.88,47,113.87,42,113.86,34,113.85,37,113.84,31,113.83,7,113.82,38,113.92,1,113.93,16,113.94,22,113.95,63,113.96,29,113.97,1,113.98,48,113.99,1,114.0,17,114.01,49
2020-10-29 09:35:32,113.89,113.85,1,113.88,46,113.9,2,113.9,113.88,113.88,46,113.87,20,113.86,20,113.85,38,113.84,31,113.83,7,113.82,38,113.81,35,113.8,72,113.79,18,113.9,2,113.91,20,113.92,52,113.93,16,113.94,22,113.95,63,113.96,29,113.97,1,113.98,48,113.99,1
2020-10-29 09:35:33,113.875,113.88,1,113.86,27,113.89,7,113.89,113.86,113.86,27,113.85,38,113.84,31,113.83,7,113.82,38,113.81,35,113.8,72,113.79,18,113.78,23,113.77,15,113.89,6,113.9,18,113.91,26,113.93,40,113.94,22,113.95,63,113.96,29,113.97,1,113.98,48,113.99,1
2020-10-29 09:35:34,113.895,113.9,1,113.89,4,113.9,3,113.9,113.89,113.89,4,113.88,31,113.87,39,113.86,37,113.85,38,113.84,31,113.83,7,113.82,38,113.81,35,113.8,72,113.9,3,113.91,12,113.92,34,113.93,40,113.94,22,113.95,63,113.96,29,113.97,1,113.98,48,113.99,1
2020-10-29 09:35:35,113.92,113.91,5,113.91,22,113.93,44,113.93,113.91,113.91,22,113.9,16,113.89,27,113.88,31,113.87,39,113.86,37,113.85,38,113.84,31,113.83,7,113.82,38,113.93,44,113.94,22,113.95,63,113.96,29,113.97,1,113.98,48,113.99,1,114.0,17,114.01,49,114.02,25
2020-10-29 09:35:36,113.79,113.79,10,113.78,26,113.8,41,113.8,113.78,113.78,26,113.77,15,113.76,42,113.75,20,113.74,38,113.73,4,113.72,18,113.71,7,113.7,39,113.69,43,113.8,41,113.81,17,113.82,56,113.83,30,113.84,1,113.85,56,113.86,26,113.87,35,113.88,26,113.89,30
2020-10-29 09:35:37,113.835,113.82,6,113.83,1,113.84,42,113.84,113.83,113.83,1,113.82,3,113.81,8,113.8,5,113.79,4,113.78,25,113.77,15,113.76,42,113.75,20,113.74,38,113.84,42,113.85,56,113.86,26,113.87,35,113.88,26,113.89,30,113.9,3,113.91,17,113.92,22,113.93,36
2020-10-29 09:35:38,113.835,113.84,1,113.83,3,113.84,37,113.84,113.83,113.83,3,113.82,8,113.81,13,113.8,5,113.79,4,113.78,25,113.77,15,113.76,42,113.75,20,113.74,38,113.84,37,113.85,56,113.86,26,113.87,35,113.88,26,113.89,30,113.9,3,113.91,17,113.92,22,113.93,36
2020-10-29 09:35:39,113.86,113.87,1,113.85,12,113.87,3,113.87,113.85,113.85,12,113.84,8,113.83,10,113.82,14,113.81,13,113.8,5,113.79,4,113.78,25,113.77,15,113.76,42,113.87,3,113.88,15,113.89,1,113.9,10,113.91,17,113.92,22,113.93,36,113.94,22,113.95,63,113.96,29
2020-10-29 09:35:40,113.82,113.83,1,113.81,12,113.83,5,113.83,113.81,113.81,12,113.8,5,113.79,4,113.78,25,113.77,15,113.76,42,113.75,20,113.74,38,113.73,4,113.72,18,113.83,5,113.84,30,113.85,63,113.86,19,113.87,8,113.88,46,113.89,1,113.9,10,113.91,17,113.92,22
2020-10-29 09:35:41,113.82,113.81,1,113.81,4,113.83,34,113.83,113.81,113.81,4,113.8,6,113.79,5,113.78,25,113.77,15,113.76,42,113.75,20,113.74,38,113.73,4,113.72,18,113.83,34,113.84,30,113.85,63,113.86,19,113.87,8,113.88,46,113.89,1,113.9,10,113.91,17,113.92,22
2020-10-29 09:35:42,113.865,113.85,1,113.85,16,113.88,27,113.88,113.85,113.85,8,113.84,12,113.83,21,113.82,13,113.81,4,113.8,6,113.79,5,113.78,25,113.77,15,113.76,42,113.88,42,113.89,1,113.9,10,113.91,17,113.92,22,113.93,36,113.94,22,113.95,63,113.96,29,113.97,1
2020-10-29 09:35:43,113.83,113.84,1,113.82,25,113.84,6,113.84,113.82,113.82,26,113.81,4,113.8,6,113.79,5,113.78,25,113.77,15,113.76,42,113.75,20,113.74,38,113.73,4,113.84,6,113.85,10,113.86,51,113.87,17,113.88,36,113.89,1,113.9,10,113.91,17,113.92,22,113.93,36
2020-10-29 09:35:44,113.79,113.79,1,113.78,25,113.8,36,113.8,113.78,113.78,25,113.77,15,113.76,42,113.75,20,113.74,38,113.73,4,113.72,18,113.71,7,113.7,39,113.69,43,113.8,36,113.81,6,113.82,32,113.83,29,113.84,10,113.85,10,113.86,51,113.87,17,113.88,36,113.89,1
2020-10-29 09:35:45,113.8,113.8,5,113.79,4,113.81,30,113.81,113.79,113.79,4,113.78,13,113.77,5,113.76,33,113.75,20,113.74,38,113.73,4,113.72,18,113.71,7,113.7,39,113.81,26,113.82,32,113.83,29,113.84,10,113.85,10,113.86,51,113.87,17,113.88,36,113.89,1,113.9,10
2020-10-29 09:35:46,113.715,113.71,1,113.71,1,113.72,46,113.72,113.71,113.71,1,113.7,6,113.69,27,113.68,22,113.67,22,113.66,27,113.65,19,113.64,28,113.63,19,113.62,42,113.72,46,113.73,27,113.74,43,113.75,53,113.76,34,113.77,15,113.78,31,113.79,19,113.8,40,113.81,27
2020-10-29 09:35:47,113.73,113.73,1,113.72,7,113.74,28,113.74,113.72,113.72,7,113.71,3,113.7,6,113.69,27,113.68,22,113.67,22,113.66,27,113.65,19,113.64,28,113.63,19,113.74,15,113.75,31,113.76,24,113.77,15,113.78,31,113.79,19,113.8,40,113.81,27,113.82,32,113.83,29
2020-10-29 09:35:48,113.745,113.75,1,113.73,18,113.76,51,113.76,113.73,113.73,25,113.72,23,113.71,3,113.7,6,113.69,27,113.68,22,113.67,22,113.66,27,113.65,19,113.64,28,113.76,51,113.77,9,113.78,31,113.79,19,113.8,40,113.81,27,113.82,32,113.83,29,113.84,10,113.85,10
2020-10-29 09:35:49,113.735,113.74,2,113.72,20,113.75,24,113.75,113.72,113.72,20,113.71,3,113.7,6,113.69,27,113.68,22,113.67,22,113.66,27,113.65,19,113.64,28,113.63,19,113.75,24,113.76,59,113.77,9,113.78,31,113.79,19,113.8,40,113.81,27,113.82,32,113.83,29,113.84,10
2020-10-29 09:35:50,113.65,113.65,1,113.64,4,113.66,31,113.66,113.64,113.64,4,113.63,25,113.62,42,113.61,18,113.6,42,113.59,41,113.58,54,113.57,20,113.56,25,113.55,19,113.66,31,113.67,35,113.68,3,113.69,5,113.7,2,113.71,33,113.72,28,113.73,9,113.74,7,113.75,31
2020-10-29 09:35:51,113.655,113.65,9,113.65,1,113.66,2,113.66,113.65,113.65,1,113.64,9,113.63,23,113.62,42,113.61,18,113.6,42,113.59,41,113.58,54,113.57,20,113.56,25,113.66,2,113.67,33,113.68,3,113.69,5,113.7,2,113.71,33,113.72,28,113.73,9,113.74,7,113.75,31
2020-10-29 09:35:52,113.63,113.62,1,113.62,1,113.64,18,113.64,113.61,113.62,1,113.61,19,113.6,42,113.59,41,113.58,54,113.57,20,113.56,25,113.55,19,113.54,9,113.53,34,113.64,11,113.65,23,113.66,7,113.67,28,113.68,3,113.69,5,113.7,2,113.71,33,113.72,28,113.73,9
2020-10-29 09:35:53,113.65,113.63,1,113.64,4,113.66,38,113.66,113.64,113.64,4,113.63,4,113.62,4,113.61,10,113.6,42,113.59,41,113.58,54,113.57,20,113.56,25,113.55,19,113.66,38,113.67,28,113.68,3,113.69,5,113.7,2,113.71,33,113.72,28,113.73,9,113.74,7,113.75,31
2020-10-29 09:35:54,113.61,113.61,11,113.6,44,113.62,11,113.62,113.6,113.6,44,113.59,41,113.58,54,113.57,20,113.56,25,113.55,19,113.54,9,113.53,34,113.52,37,113.51,30,113.62,11,113.63,20,113.64,2,113.65,32,113.66,40,113.67,28,113.68,3,113.69,5,113.7,2,113.71,33
2020-10-29 09:35:55,113.575,113.57,1,113.55,17,113.57,29,113.57,113.55,113.57,28,113.56,25,113.55,19,113.54,9,113.53,34,113.52,37,113.51,30,113.5,9,113.49,57,113.47,18,113.58,46,113.59,24,113.6,29,113.61,28,113.62,33,113.63,20,113.64,2,113.65,32,113.66,40,113.67,28
2020-10-29 09:35:56,113.425,113.43,5,113.41,6,113.44,3,113.44,113.41,113.41,6,113.4,4,113.39,5,113.38,4,113.37,42,113.36,21,113.35,47,113.34,2,113.33,28,113.32,37,113.44,3,113.45,8,113.46,39,113.48,2,113.49,39,113.5,20,113.51,33,113.52,5,113.53,6,113.54,3
2020-10-29 09:35:57,113.325,113.33,1,113.31,50,113.34,1,113.34,113.31,113.31,50,113.3,6,113.29,16,113.28,25,113.27,38,113.26,25,113.25,17,113.24,28,113.23,21,113.22,15,113.34,1,113.35,14,113.36,21,113.37,14,113.38,8,113.39,34,113.4,2,113.41,19,113.42,5,113.43,3
2020-10-29 09:35:58,113.23,113.23,1,113.21,22,113.24,6,113.24,113.21,113.22,7,113.21,18,113.2,16,113.19,19,113.18,37,113.17,39,113.16,18,113.15,32,113.14,47,113.13,37,113.24,3,113.25,19,113.26,14,113.27,12,113.28,182,113.29,2,113.3,3,113.31,2,113.32,2,113.33,1
2020-10-29 09:35:59,113.275,113.28,1,113.27,5,113.28,165,113.28,113.27,113.27,5,113.26,5,113.25,6,113.24,7,113.23,7,113.22,7,113.21,7,113.2,8,113.19,8,113.18,2,113.28,165,113.29,2,113.3,3,113.31,2,113.32,2,113.33,1,113.34,37,113.35,6,113.36,29,113.37,14
2020-10-29 09:36:00,113.235,113.25,25,113.22,8,113.25,26,113.25,113.22,113.22,8,113.21,7,113.2,14,113.19,8,113.18,2,113.17,7,113.16,6,113.15,39,113.14,47,113.13,37,113.25,26,113.26,33,113.27,1,113.28,163,113.29,2,113.3,3,113.31,2,113.32,2,113.33,1,113.34,37
2020-10-29 09:36:01,113.225,113.23,1,113.21,17,113.24,6,113.24,113.21,113.21,17,113.2,14,113.19,8,113.18,2,113.17,7,113.16,6,113.15,39,113.14,47,113.13,37,113.12,15,113.24,6,113.25,2,113.26,3,113.27,12,113.28,114,113.29,2,113.3,3,113.31,2,113.32,2,113.33,1
2020-10-29 09:36:02,113.24,113.24,1,113.23,6,113.25,36,113.25,113.23,113.23,6,113.22,17,113.21,10,113.2,12,113.19,6,113.18,7,113.17,7,113.16,6,113.15,39,113.14,47,113.25,36,113.26,37,113.27,12,113.28,114,113.29,2,113.3,3,113.31,2,113.32,2,113.33,1,113.34,37
2020-10-29 09:36:03,113.245,113.24,1,113.23,13,113.26,3,113.26,113.23,113.23,13,113.22,19,113.21,11,113.2,12,113.19,6,113.18,7,113.17,7,113.16,6,113.15,39,113.14,47,113.26,3,113.27,11,113.28,114,113.29,2,113.3,3,113.31,2,113.32,2,113.33,1,113.34,37,113.35,6
2020-10-29 09:36:04,113.26,113.26,1,113.25,17,113.27,2,113.27,113.25,113.25,17,113.24,7,113.23,13,113.22,19,113.21,11,113.2,12,113.19,6,113.18,7,113.17,7,113.16,6,113.27,2,113.28,31,113.29,2,113.3,3,113.31,2,113.32,2,113.33,1,113.34,37,113.35,6,113.36,29
2020-10-29 09:36:05,113.25,113.26,1,113.24,14,113.26,3,113.26,113.24,113.24,14,113.23,13,113.22,19,113.21,11,113.2,12,113.19,6,113.18,7,113.17,7,113.16,6,113.15,39,113.26,3,113.27,12,113.28,27,113.29,2,113.3,3,113.31,2,113.32,2,113.33,1,113.34,37,113.35,6
2020-10-29 09:36:06,113.265,113.27,5,113.25,18,113.28,27,113.28,113.25,113.25,18,113.24,20,113.23,13,113.22,19,113.21,11,113.2,12,113.19,6,113.18,7,113.17,7,113.16,6,113.28,27,113.29,2,113.3,3,113.31,2,113.32,2,113.33,1,113.34,37,113.35,6,113.36,29,113.37,14
2020-10-29 09:36:07,113.29,113.29,2,113.28,5,113.3,28,113.3,113.28,113.28,5,113.27,2,113.26,18,113.25,18,113.24,20,113.23,13,113.22,19,113.21,11,113.2,12,113.19,6,113.3,28,113.31,2,113.32,2,113.33,1,113.34,37,113.35,6,113.36,29,113.37,14,113.38,8,113.39,34
2020-10-29 09:36:08,113.455,113.45,1,113.45,6,113.47,7,113.47,113.45,113.45,6,113.44,2,113.43,22,113.42,25,113.41,5,113.4,4,113.39,5,113.38,1,113.37,6,113.36,11,113.46,37,113.48,2,113.49,39,113.5,20,113.51,33,113.52,5,113.53,6,113.54,3,113.55,15,113.56,17
2020-10-29 09:36:09,113.49,113.5,8,113.47,21,113.5,43,113.5,113.47,113.48,1,113.47,9,113.46,16,113.45,4,113.44,2,113.43,16,113.42,3,113.41,15,113.4,4,113.39,5,113.5,2,113.51,25,113.52,5,113.53,6,113.54,3,113.55,15,113.56,17,113.57,43,113.58,44,113.59,24
2020-10-29 09:36:10,113.45,113.46,1,113.44,33,113.46,2,113.46,113.44,113.44,27,113.43,16,113.42,3,113.41,15,113.4,4,113.39,5,113.38,1,113.37,6,113.36,11,113.35,5,113.46,2,113.47,7,113.48,17,113.49,20,113.5,18,113.51,25,113.52,5,113.53,6,113.54,3,113.55,15
2020-10-29 09:36:11,113.49,113.49,1,113.48,7,113.49,4,113.49,113.48,113.48,5,113.47,2,113.46,15,113.45,14,113.44,8,113.43,28,113.42,3,113.41,15,113.4,4,113.39,5,113.5,25,113.51,25,113.52,5,113.53,6,113.54,3,113.55,15,113.56,17,113.57,43,113.58,44,113.59,24
2020-10-29 09:36:12,113.525,113.55,10,113.51,19,113.54,3,113.54,113.51,113.51,18,113.5,7,113.49,8,113.48,9,113.47,4,113.46,15,113.45,14,113.44,8,113.43,28,113.42,3,113.54,3,113.55,6,113.56,18,113.57,43,113.58,44,113.59,24,113.6,29,113.61,28,113.62,33,113.63,20
2020-10-29 09:36:13,113.49,113.49,4,113.48,18,113.5,2,113.5,113.48,113.48,18,113.47,4,113.46,15,113.45,14,113.44,8,113.43,28,113.42,3,113.41,15,113.4,4,113.39,5,113.5,2,113.51,19,113.52,3,113.53,2,113.54,3,113.55,6,113.56,18,113.57,43,113.58,44,113.59,24
2020-10-29 09:36:14,113.46,113.45,1,113.45,1,113.47,37,113.47,113.45,113.45,1,113.44,30,113.43,22,113.42,3,113.41,15,113.4,4,113.39,5,113.38,1,113.37,6,113.36,11,113.47,37,113.48,55,113.49,12,113.5,3,113.51,15,113.52,3,113.53,2,113.54,3,113.55,6,113.56,18
2020-10-29 09:36:15,113.42,113.41,1,113.41,21,113.43,2,113.43,113.41,113.41,21,113.4,4,113.39,5,113.38,1,113.37,6,113.36,11,113.35,5,113.34,16,113.33,15,113.32,17,113.43,2,113.44,4,113.45,19,113.46,29,113.47,37,113.48,55,113.49,12,113.5,3,113.51,15,113.52,3
2020-10-29 09:36:16,113.42,113.42,2,113.41,31,113.43,2,113.43,113.41,113.41,31,113.4,4,113.39,5,113.38,1,113.37,6,113.36,11,113.35,5,113.34,16,113.33,15,113.32,17,113.43,2,113.44,19,113.45,19,113.46,29,113.47,37,113.48,55,113.49,12,113.5,3,113.51,15,113.52,3
2020-10-29 09:36:17,113.38,113.39,1,113.37,13,113.39,3,113.39,113.37,113.37,13,113.36,11,113.35,5,113.34,16,113.33,15,113.32,17,113.31,16,113.3,17,113.29,1,113.28,12,113.39,3,113.4,2,113.41,2,113.42,29,113.43,2,113.44,19,113.45,19,113.46,29,113.47,37,113.48,55
2020-10-29 09:36:18,113.415,113.41,3,113.4,38,113.43,25,113.43,113.4,113.4,38,113.39,34,113.38,44,113.37,14,113.36,11,113.35,5,113.34,16,113.33,15,113.32,17,113.31,16,113.43,25,113.44,19,113.45,19,113.46,29,113.47,37,113.48,55,113.49,12,113.5,3,113.51,15,113.52,3
2020-10-29 09:36:19,113.375,113.38,5,113.36,17,113.39,22,113.39,113.36,113.36,17,113.35,5,113.34,16,113.33,15,113.32,17,113.31,16,113.3,17,113.29,1,113.28,12,113.27,2,113.39,22,113.4,51,113.41,32,113.42,9,113.43,25,113.44,19,113.45,19,113.46,29,113.47,37,113.48,55
2020-10-29 09:36:20,113.385,113.4,10,113.37,28,113.4,4,113.4,113.37,113.37,22,113.36,23,113.35,5,113.34,16,113.33,15,113.32,17,113.31,16,113.3,17,113.29,1,113.28,12,113.4,3,113.41,24,113.42,7,113.43,20,113.44,30,113.45,29,113.46,29,113.47,37,113.48,55,113.49,12
2020-10-29 09:36:21,113.34,113.33,1,113.33,19,113.35,3,113.35,113.33,113.33,19,113.32,17,113.31,16,113.3,17,113.29,1,113.28,12,113.27,2,113.26,18,113.25,18,113.24,20,113.35,3,113.36,4,113.37,10,113.38,8,113.39,8,113.4,32,113.41,24,113.42,7,113.43,20,113.44,30
2020-10-29 09:36:22,113.305,113.3,2,113.3,17,113.31,2,113.31,113.3,113.3,17,113.29,42,113.28,3,113.27,29,113.26,26,113.25,18,113.24,20,113.23,13,113.22,19,113.21,11,113.31,2,113.32,2,113.33,19,113.34,4,113.35,27,113.36,4,113.37,10,113.38,8,113.39,8,113.4,32
2020-10-29 09:36:23,113.225,113.23,13,113.22,30,113.23,1,113.23,113.22,113.22,30,113.21,11,113.2,12,113.19,6,113.18,7,113.17,7,113.16,6,113.15,39,113.14,47,113.13,37,113.23,1,113.24,17,113.25,19,113.26,3,113.27,5,113.28,25,113.29,6,113.3,15,113.31,14,113.32,12
2020-10-29 09:36:24,113.275,113.28,1,113.26,3,113.29,16,113.29,113.26,113.26,3,113.25,10,113.24,15,113.23,27,113.22,37,113.21,11,113.2,12,113.19,6,113.18,7,113.17,7,113.29,16,113.3,15,113.31,14,113.32,12,113.33,20,113.34,4,113.35,27,113.36,4,113.37,10,113.38,8
2020-10-29 09:36:25,113.235,113.25,1,113.22,40,113.25,1,113.25,113.22,113.22,40,113.21,24,113.2,22,113.19,6,113.18,7,113.17,7,113.16,6,113.15,39,113.14,47,113.13,37,113.25,1,113.26,22,113.27,1,113.28,1,113.29,21,113.3,15,113.31,14,113.32,12,113.33,20,113.34,4
2020-10-29 09:36:26,113.21,113.21,2,113.2,24,113.22,1,113.22,113.2,113.2,24,113.19,6,113.18,7,113.17,7,113.16,6,113.15,39,113.14,47,113.13,37,113.12,15,113.11,27,113.22,1,113.23,16,113.24,13,113.25,35,113.26,26,113.27,90,113.29,33,113.3,15,113.31,14,113.32,12
2020-10-29 09:36:27,113.165,113.17,1,113.16,29,113.17,2,113.17,113.16,113.16,29,113.15,39,113.14,47,113.13,37,113.12,15,113.11,27,113.1,8,113.09,30,113.08,48,113.07,40,113.17,2,113.18,5,113.19,6,113.2,6,113.21,25,113.22,5,113.23,3,113.24,11,113.25,35,113.26,26
2020-10-29 09:36:28,113.11,113.11,1,113.1,17,113.12,91,113.12,113.1,113.1,10,113.09,3,113.08,1,113.07,35,113.06,23,113.05,34,113.04,1,113.03,2,113.02,17,113.01,42,113.12,91,113.13,12,113.14,12,113.15,41,113.16,9,113.17,22,113.18,5,113.19,6,113.2,6,113.21,25
2020-10-29 09:36:29,113.1,113.09,6,113.09,2,113.11,3,113.11,113.09,113.09,2,113.08,21,113.07,35,113.06,23,113.05,34,113.04,1,113.03,2,113.02,17,113.01,42,113.0,24,113.11,3,113.12,52,113.13,12,113.14,12,113.15,41,113.16,9,113.17,22,113.18,5,113.19,6,113.2,6
2020-10-29 09:36:30,113.1,113.1,9,113.09,2,113.11,27,113.11,113.09,113.09,2,113.08,2,113.07,5,113.06,3,113.05,30,113.04,1,113.03,2,113.02,17,113.01,42,113.0,24,113.11,27,113.12,52,113.13,12,113.14,12,113.15,41,113.16,9,113.17,22,113.18,5,113.19,6,113.2,6
2020-10-29 09:36:31,113.13,113.13,1,113.12,1,113.14,26,113.14,113.12,113.12,1,113.11,5,113.1,12,113.09,13,113.08,19,113.07,5,113.06,3,113.05,30,113.04,1,113.03,2,113.14,26,113.15,41,113.16,9,113.17,22,113.18,5,113.19,6,113.2,6,113.21,25,113.22,5,113.23,3
2020-10-29 09:36:32,113.135,113.14,1,113.13,15,113.14,49,113.14,113.13,113.13,15,113.12,3,113.11,5,113.1,12,113.09,13,113.08,19,113.07,5,113.06,3,113.05,30,113.04,1,113.14,49,113.15,1,113.16,4,113.17,3,113.18,9,113.19,19,113.2,6,113.21,25,113.22,5,113.23,3
2020-10-29 09:36:33,113.125,113.12,1,113.11,4,113.14,46,113.14,113.11,113.11,4,113.1,17,113.09,13,113.08,19,113.07,5,113.06,3,113.05,30,113.04,1,113.03,2,113.02,17,113.14,46,113.15,1,113.16,4,113.17,3,113.18,9,113.19,19,113.2,6,113.21,25,113.22,5,113.23,3
2020-10-29 09:36:34,113.14,113.15,1,113.13,10,113.15,47,113.15,113.13,113.13,10,113.12,9,113.11,4,113.1,17,113.09,13,113.08,19,113.07,5,113.06,3,113.05,30,113.04,1,113.15,47,113.16,24,113.17,3,113.18,25,113.19,19,113.2,6,113.21,25,113.22,5,113.23,3,113.24,11
2020-10-29 09:36:35,113.1,113.1,5,113.09,16,113.11,46,113.11,113.09,113.09,16,113.08,19,113.07,5,113.06,3,113.05,30,113.04,1,113.03,2,113.02,17,113.01,42,113.0,24,113.11,46,113.12,7,113.13,32,113.14,20,113.15,47,113.16,24,113.17,3,113.18,25,113.19,19,113.2,6
2020-10-29 09:36:36,113.105,113.11,1,113.1,1,113.11,1,113.11,113.1,113.1,1,113.09,1,113.08,20,113.07,5,113.06,3,113.05,30,113.04,1,113.03,2,113.02,17,113.01,42,113.11,1,113.12,27,113.13,38,113.14,20,113.15,47,113.16,24,113.17,3,113.18,25,113.19,19,113.2,6
2020-10-29 09:36:37,113.025,113.02,1,113.01,42,113.04,46,113.04,113.01,113.01,42,113.0,24,112.99,38,112.98,45,112.97,6,112.96,30,112.95,29,112.94,4,112.93,17,112.92,35,113.04,46,113.05,1,113.06,4,113.07,31,113.08,23,113.09,10,113.1,18,113.11,29,113.12,27,113.13,38
2020-10-29 09:36:38,113.0,112.99,3,112.99,3,113.01,3,113.01,112.99,112.99,3,112.98,19,112.97,5,112.96,2,112.95,30,112.94,4,112.93,17,112.92,35,112.91,30,112.9,31,113.01,3,113.02,22,113.03,16,113.04,46,113.05,1,113.06,4,113.07,31,113.08,23,113.09,10,113.1,18
2020-10-29 09:36:39,113.035,113.04,2,113.03,10,113.04,5,113.04,113.03,113.03,10,113.02,24,113.01,19,113.0,3,112.99,16,112.98,21,112.97,29,112.96,2,112.95,30,112.94,4,113.04,5,113.05,16,113.06,4,113.07,31,113.08,23,113.09,10,113.1,18,113.11,29,113.12,27,113.13,38
2020-10-29 09:36:40,113.08,113.06,32,113.07,2,113.09,2,113.09,113.07,113.07,2,113.06,18,113.05,31,113.04,56,113.03,23,113.02,24,113.01,19,113.0,3,112.99,16,112.98,21,113.09,2,113.1,27,113.11,29,113.12,27,113.13,38,113.14,20,113.15,47,113.16,24,113.17,3,113.18,25
2020-10-29 09:36:41,113.065,113.06,1,113.06,19,113.07,1,113.07,113.06,113.06,19,113.05,1,113.04,16,113.03,34,113.02,24,113.01,19,113.0,3,112.99,16,112.98,21,112.97,29,113.07,1,113.08,15,113.09,6,113.1,27,113.11,29,113.12,27,113.13,38,113.14,20,113.15,47,113.16,24
