sim_time,mid_price,last_price,last_size,best_bid_price,best_bid_size,best_ask_price,best_ask_size,close_price_buy,close_price_sell,bid1_price,bid1_size,bid2_price,bid2_size,bid3_price,bid3_size,bid4_price,bid4_size,bid5_price,bid5_size,bid6_price,bid6_size,bid7_price,bid7_size,bid8_price,bid8_size,bid9_price,bid9_size,bid10_price,bid10_size,ask1_price,ask1_size,ask2_price,ask2_size,ask3_price,ask3_size,ask4_price,ask4_size,ask5_price,ask5_size,ask6_price,ask6_size,ask7_price,ask7_size,ask8_price,ask8_size,ask9_price,ask9_size,ask10_price,ask10_size
2020-10-29 09:30:27,112.85,112.85,1,112.84,43,112.86,2,112.86,112.85,112.84,43,112.83,1,112.82,13,112.81,21,112.8,3,112.79,28,112.78,20,112.77,24,112.76,28,112.75,2,112.86,2,112.87,7,112.88,3,112.89,22,112.9,26,112.91,18,112.92,18,112.93,35,112.94,30,112.95,56
2020-10-29 09:30:28,112.83,112.82,1,112.82,2,112.84,16,112.84,112.82,112.82,2,112.81,11,112.8,38,112.79,28,112.78,20,112.77,24,112.76,28,112.75,2,112.74,3,112.73,7,112.84,16,112.85,30,112.86,16,112.88,25,112.89,22,112.9,26,112.91,18,112.92,18,112.93,35,112.94,30
2020-10-29 09:30:29,112.87,112.87,1,112.86,5,112.88,53,112.88,112.86,112.86,5,112.85,2,112.84,15,112.83,36,112.82,23,112.81,11,112.8,38,112.79,28,112.78,20,112.77,24,112.88,53,112.89,22,112.9,26,112.91,18,112.92,18,112.93,35,112.94,30,112.95,56,112.96,38,112.97,17
2020-10-29 09:30:30,112.88,112.88,2,112.87,6,112.89,30,112.89,112.87,112.87,6,112.86,31,112.85,2,112.84,15,112.83,36,112.82,23,112.81,11,112.8,38,112.79,28,112.78,20,112.89,30,112.9,33,112.91,18,112.92,18,112.93,35,112.94,30,112.95,56,112.96,38,112.97,17,,
2020-10-29 09:30:31,112.91,112.92,1,112.9,26,112.92,12,112.92,112.9,112.9,26,112.89,44,112.88,15,112.87,19,112.86,31,112.85,2,112.84,15,112.83,36,112.82,23,112.81,11,112.92,12,112.93,35,112.94,30,112.95,56,112.96,38,112.97,17,,,,,,,,
2020-10-29 09:30:32,112.965,112.97,9,112.95,28,112.98,8,112.98,112.95,112.95,28,112.94,4,112.93,17,112.92,35,112.91,30,112.9,31,112.89,44,112.88,15,112.87,19,112.86,31,112.98,8,,,,,,,,,,,,,,,,,,
2020-10-29 09:30:33,113.04,113.03,2,113.03,1,113.05,9,113.05,113.03,113.03,25,113.02,24,113.01,53,113.0,24,112.99,38,112.98,45,112.97,6,112.96,30,112.95,29,112.94,4,113.05,9,113.06,2,113.07,1,113.08,15,113.09,22,113.1,15,113.11,8,,,,,,
2020-10-29 09:30:34,113.045,113.05,1,113.03,19,113.06,15,113.06,113.03,113.03,19,113.02,8,113.01,42,113.0,24,112.99,38,112.98,45,112.97,6,112.96,30,112.95,29,112.94,4,113.06,15,113.07,24,113.08,15,113.09,22,113.1,15,113.11,8,,,,,,,,
2020-10-29 09:30:35,113.05,113.04,1,113.03,2,113.07,30,113.07,113.03,113.03,2,113.02,17,113.01,42,113.0,24,112.99,38,112.98,45,112.97,6,112.96,30,112.95,29,112.94,4,113.07,30,113.08,15,113.09,22,113.1,15,113.11,8,,,,,,,,,,
2020-10-29 09:30:36,113.11,113.11,1,113.1,1,113.12,1,113.12,113.1,113.1,1,113.09,16,113.08,47,113.07,20,113.06,1,113.05,34,113.04,1,113.03,2,113.02,17,113.01,42,113.12,1,113.13,1,113.14,5,,,,,,,,,,,,,,
2020-10-29 09:30:37,113.095,113.1,8,113.09,1,113.1,2,113.1,113.09,113.09,1,113.08,47,113.07,20,113.06,1,113.05,34,113.04,1,113.03,2,113.02,17,113.01,42,113.0,24,113.1,2,113.11,20,113.12,1,113.13,1,113.14,5,,,,,,,,,,
2020-10-29 09:30:38,113.09,113.09,1,113.08,38,113.1,5,113.1,113.08,113.08,38,113.07,20,113.06,1,113.05,34,113.04,1,113.03,2,113.02,17,113.01,42,113.0,24,112.99,38,113.1,5,113.11,21,113.12,1,113.13,1,113.14,5,,,,,,,,,,
2020-10-29 09:30:39,113.105,113.1,1,113.1,38,113.11,2,113.11,113.1,113.1,38,113.09,35,113.08,45,113.07,20,113.06,1,113.05,34,113.04,1,113.03,2,113.02,17,113.01,42,113.11,2,113.14,8,,,,,,,,,,,,,,,,
2020-10-29 09:30:40,113.13,113.13,1,113.12,1,113.14,13,113.14,113.12,113.12,1,113.11,32,113.1,30,113.09,28,113.08,45,113.07,20,113.06,1,113.05,34,113.04,1,113.03,2,113.14,13,,,,,,,,,,,,,,,,,,
2020-10-29 09:30:41,113.13,113.13,1,113.12,54,113.14,20,113.14,113.12,113.12,54,113.11,24,113.1,30,113.09,28,113.08,45,113.07,20,113.06,1,113.05,34,113.04,1,113.03,2,113.14,20,,,,,,,,,,,,,,,,,,
2020-10-29 09:30:42,113.125,113.12,2,113.12,28,113.13,3,113.13,113.12,113.12,28,113.11,16,113.1,29,113.09,28,113.08,45,113.07,20,113.06,1,113.05,34,113.04,1,113.03,2,113.13,3,113.14,24,,,,,,,,,,,,,,,,
2020-10-29 09:30:43,113.125,113.13,1,113.12,1,113.13,30,113.13,113.12,113.12,1,113.11,34,113.1,29,113.09,28,113.08,45,113.07,20,113.06,1,113.05,34,113.04,1,113.03,2,113.13,30,113.14,24,,,,,,,,,,,,,,,,
2020-10-29 09:30:44,113.08,113.07,1,113.07,9,113.09,40,113.09,113.07,113.07,9,113.06,1,113.05,34,113.04,1,113.03,2,113.02,17,113.01,42,113.0,24,112.99,38,112.98,45,113.09,40,113.1,18,113.11,7,113.12,8,113.13,31,113.14,24,,,,,,,,
2020-10-29 09:30:45,113.11,113.1,2,113.1,34,113.12,16,113.12,113.1,113.1,34,113.09,20,113.08,48,113.07,40,113.06,23,113.05,34,113.04,1,113.03,2,113.02,17,113.01,42,113.12,16,113.13,31,113.14,24,,,,,,,,,,,,,,
2020-10-29 09:30:46,113.105,113.11,4,113.09,18,113.12,38,113.12,113.09,113.09,18,113.08,48,113.07,40,113.06,23,113.05,34,113.04,1,113.03,2,113.02,17,113.01,42,113.0,24,113.12,38,113.13,31,113.14,24,,,,,,,,,,,,,,
2020-10-29 09:30:47,113.115,113.11,1,113.11,6,113.12,13,113.12,113.11,113.11,6,113.1,8,113.09,30,113.08,48,113.07,40,113.06,23,113.05,34,113.04,1,113.03,2,113.02,17,113.12,13,113.13,58,113.14,24,,,,,,,,,,,,,,
2020-10-29 09:30:48,113.125,113.13,1,113.12,35,113.13,8,113.13,113.12,113.12,35,113.11,33,113.1,8,113.09,30,113.08,48,113.07,40,113.06,23,113.05,34,113.04,1,113.03,2,113.13,8,113.14,25,,,,,,,,,,,,,,,,
2020-10-29 09:30:49,113.145,113.15,1,113.14,34,113.15,9,113.15,113.14,113.14,34,113.13,52,113.12,15,113.11,27,113.1,8,113.09,30,113.08,48,113.07,40,113.06,23,113.05,34,113.15,9,,,,,,,,,,,,,,,,,,
2020-10-29 09:30:50,113.14,113.14,10,113.13,44,113.15,35,113.15,113.13,113.13,44,113.12,15,113.11,27,113.1,8,113.09,30,113.08,48,113.07,40,113.06,23,113.05,34,113.04,1,113.15,35,,,,,,,,,,,,,,,,,,
2020-10-29 09:30:51,113.14,113.15,1,113.13,36,113.15,58,113.15,113.13,113.13,36,113.12,15,113.11,27,113.1,8,113.09,30,113.08,48,113.07,40,113.06,23,113.05,34,113.04,1,113.15,58,,,,,,,,,,,,,,,,,,
2020-10-29 09:30:52,113.19,113.2,1,113.18,2,113.2,118,113.2,113.18,113.18,2,113.17,52,113.16,18,113.15,32,113.14,47,113.13,37,113.12,15,113.11,27,113.1,8,113.09,30,113.2,118,,,,,,,,,,,,,,,,,,
2020-10-29 09:30:53,113.19,113.18,2,113.18,39,113.2,28,113.2,113.18,113.18,39,113.17,41,113.16,18,113.15,32,113.14,47,113.13,37,113.12,15,113.11,27,113.1,8,113.09,30,113.2,28,,,,,,,,,,,,,,,,,,
2020-10-29 09:30:54,113.21,113.21,16,113.2,55,113.22,2,113.22,113.2,113.2,55,113.19,44,113.18,41,113.17,41,113.16,18,113.15,32,113.14,47,113.13,37,113.12,15,113.11,27,113.22,2,113.23,26,113.24,7,,,,,,,,,,,,,,
2020-10-29 09:30:55,113.22,113.23,2,113.21,26,113.23,21,113.23,113.21,113.21,26,113.2,35,113.19,44,113.18,41,113.17,41,113.16,18,113.15,32,113.14,47,113.13,37,113.12,15,113.23,21,113.24,54,,,,,,,,,,,,,,,,
2020-10-29 09:30:56,113.225,113.23,1,113.22,46,113.23,46,113.23,113.22,113.22,46,113.21,17,113.2,45,113.19,44,113.18,41,113.17,41,113.16,18,113.15,32,113.14,47,113.13,37,113.23,46,113.24,50,,,,,,,,,,,,,,,,
2020-10-29 09:30:57,113.225,113.22,3,113.22,9,113.23,43,113.23,113.22,113.22,9,113.21,42,113.2,44,113.19,44,113.18,41,113.17,41,113.16,18,113.15,32,113.14,47,113.13,37,113.23,43,113.24,50,,,,,,,,,,,,,,,,
2020-10-29 09:30:58,113.255,113.25,1,113.25,2,113.26,8,113.26,113.25,113.25,2,113.24,1,113.23,31,113.22,56,113.21,42,113.2,44,113.19,44,113.18,41,113.17,41,113.16,18,113.26,8,113.27,7,113.28,20,,,,,,,,,,,,,,
2020-10-29 09:30:59,113.26,113.27,8,113.25,39,113.27,27,113.27,113.25,113.25,39,113.24,2,113.23,31,113.22,56,113.21,42,113.2,44,113.19,44,113.18,41,113.17,41,113.16,18,113.27,27,113.28,39,,,,,,,,,,,,,,,,
2020-10-29 09:31:00,113.26,113.26,1,113.25,38,113.27,49,113.27,113.25,113.25,38,113.24,15,113.23,31,113.22,56,113.21,42,113.2,44,113.19,44,113.18,41,113.17,41,113.16,18,113.27,49,113.28,39,,,,,,,,,,,,,,,,
2020-10-29 09:31:01,113.24,113.24,1,113.23,36,113.25,16,113.25,113.23,113.23,36,113.22,56,113.21,42,113.2,44,113.19,44,113.18,41,113.17,41,113.16,18,113.15,32,113.14,47,113.25,16,113.26,34,113.27,59,113.28,39,,,,,,,,,,,,
2020-10-29 09:31:02,113.325,113.34,1,113.31,39,113.34,30,113.34,113.31,113.31,39,113.3,24,113.29,47,113.28,7,113.27,38,113.26,34,113.25,35,113.24,45,113.23,39,113.22,56,113.34,30,,,,,,,,,,,,,,,,,,
2020-10-29 09:31:04,113.335,113.33,24,113.32,34,113.35,7,113.36,113.32,113.32,34,113.31,50,113.3,44,113.29,41,113.28,7,113.27,38,113.26,34,113.25,35,113.24,45,113.23,39,113.35,7,113.36,14,,,,,,,,,,,,,,,,
2020-10-29 09:31:05,113.435,113.44,1,113.41,20,113.46,27,113.46,113.41,113.41,20,113.4,34,113.39,38,113.38,29,113.37,1,113.36,35,113.35,6,113.34,55,113.33,33,113.32,37,113.46,27,,,,,,,,,,,,,,,,,,
2020-10-29 09:31:06,113.47,113.47,1,113.46,37,113.48,1,113.48,113.45,113.46,37,113.45,12,113.44,33,113.43,17,113.42,36,113.41,48,113.4,28,113.39,38,113.38,29,113.37,1,113.48,1,113.49,6,113.5,6,113.51,15,,,,,,,,,,,,
2020-10-29 09:31:06,113.525,113.54,4,113.51,2,113.54,29,113.54,113.51,113.51,2,113.49,25,113.48,37,113.47,38,113.46,30,113.45,16,113.44,33,113.43,17,113.42,36,113.41,48,113.54,29,,,,,,,,,,,,,,,,,,
2020-10-29 09:31:08,113.455,113.45,3,113.45,30,113.46,7,113.46,113.45,113.45,30,113.44,33,113.43,17,113.42,36,113.41,48,113.4,28,113.39,38,113.38,29,113.37,1,113.36,35,113.46,7,113.47,25,113.48,1,113.49,38,113.5,51,113.51,18,113.52,28,113.53,14,113.54,34,,
2020-10-29 09:31:09,113.48,113.49,1,113.47,8,113.49,38,113.49,113.47,113.47,8,113.46,24,113.45,41,113.44,37,113.43,25,113.42,36,113.41,48,113.4,28,113.39,38,113.38,29,113.49,38,113.5,39,113.51,18,113.52,28,113.53,14,113.54,34,,,,,,,,
2020-10-29 09:31:10,113.495,113.48,1,113.48,36,113.5,1,113.5,113.48,113.48,36,113.47,28,113.46,21,113.45,41,113.44,37,113.43,25,113.42,36,113.41,48,113.4,28,113.39,38,113.51,1,113.52,42,113.53,14,113.54,34,,,,,,,,,,,,
2020-10-29 09:31:11,113.495,113.48,1,113.49,39,113.5,1,113.5,113.49,113.49,39,113.48,28,113.47,28,113.46,21,113.45,41,113.44,37,113.43,25,113.42,36,113.41,48,113.4,28,113.5,1,113.52,35,113.53,14,113.54,34,,,,,,,,,,,,
2020-10-29 09:31:12,113.525,113.52,1,113.52,37,113.54,31,113.54,113.52,113.52,37,113.51,21,113.5,33,113.49,39,113.48,28,113.47,28,113.46,21,113.45,41,113.44,37,113.43,25,113.53,17,113.54,31,113.55,93,,,,,,,,,,,,,,
2020-10-29 09:31:13,113.555,113.56,2,113.55,41,113.56,6,113.56,113.55,113.55,41,113.54,39,113.53,47,113.52,36,113.51,27,113.5,33,113.49,39,113.48,28,113.47,28,113.46,21,113.56,6,113.57,25,,,,,,,,,,,,,,,,
2020-10-29 09:31:14,113.565,113.55,12,113.55,30,113.58,52,113.58,113.55,113.55,30,113.54,36,113.53,47,113.52,36,113.51,27,113.5,33,113.49,39,113.48,28,113.47,28,113.46,21,113.58,52,,,,,,,,,,,,,,,,,,
2020-10-29 09:31:15,113.565,113.57,3,113.55,56,113.58,1,113.58,113.55,113.55,56,113.54,36,113.53,47,113.52,36,113.51,27,113.5,33,113.49,39,113.48,28,113.47,28,113.46,21,113.58,1,113.59,16,,,,,,,,,,,,,,,,
2020-10-29 09:31:16,113.56,113.57,1,113.55,43,113.57,29,113.57,113.55,113.55,43,113.54,41,113.53,47,113.52,36,113.51,27,113.5,33,113.49,39,113.48,28,113.47,28,113.46,21,113.57,29,113.58,5,113.59,16,,,,,,,,,,,,,,
2020-10-29 09:31:16,113.56,113.56,1,113.55,31,113.57,8,113.57,113.55,113.55,31,113.54,38,113.53,47,113.52,36,113.51,27,113.5,33,113.49,39,113.48,28,113.47,28,113.46,21,113.57,8,113.58,16,113.59,19,,,,,,,,,,,,,,
2020-10-29 09:31:18,113.53,113.53,1,113.52,30,113.54,13,113.54,113.52,113.52,30,113.51,27,113.5,33,113.49,39,113.48,28,113.47,28,113.46,21,113.45,41,113.44,37,113.43,25,113.54,13,113.55,27,113.57,35,113.58,22,113.59,19,,,,,,,,,,
2020-10-29 09:31:19,113.495,113.5,10,113.49,37,113.5,15,113.5,113.49,113.49,37,113.48,28,113.47,28,113.46,21,113.45,41,113.44,37,113.43,25,113.42,36,113.41,48,113.4,28,113.5,15,113.51,24,113.52,25,113.53,5,113.54,13,113.55,27,113.57,35,113.58,22,113.59,19,,
2020-10-29 09:31:20,113.52,113.52,5,113.51,29,113.53,1,113.53,113.51,113.51,29,113.5,35,113.49,44,113.48,28,113.47,28,113.46,21,113.45,41,113.44,37,113.43,25,113.42,36,113.53,1,113.54,30,113.55,27,113.57,35,113.58,22,113.59,19,,,,,,,,
2020-10-29 09:31:21,113.485,113.49,2,113.47,30,113.5,31,113.5,113.47,113.47,30,113.46,21,113.45,41,113.44,37,113.43,25,113.42,36,113.41,48,113.4,28,113.39,38,113.38,29,113.5,31,113.51,28,113.52,17,113.53,8,113.54,30,113.55,27,113.57,35,113.58,22,113.59,19,,
2020-10-29 09:31:22,113.48,113.48,4,113.47,45,113.49,1,113.49,113.47,113.47,45,113.46,28,113.45,41,113.44,37,113.43,25,113.42,36,113.41,48,113.4,28,113.39,38,113.38,29,113.49,1,113.5,31,113.51,28,113.52,17,113.53,8,113.54,30,113.55,27,113.57,35,113.58,22,113.59,19
2020-10-29 09:31:23,113.49,113.49,1,113.48,8,113.5,31,113.5,113.48,113.48,8,113.47,27,113.46,23,113.45,44,113.44,37,113.43,25,113.42,36,113.41,48,113.4,28,113.39,38,113.5,31,113.51,28,113.52,17,113.53,8,113.54,30,113.55,27,113.57,35,113.58,22,113.59,19,,
2020-10-29 09:31:24,113.505,113.51,2,113.5,42,113.51,34,113.51,113.5,113.5,42,113.49,20,113.48,45,113.47,27,113.46,23,113.45,44,113.44,37,113.43,25,113.42,36,113.41,48,113.51,35,113.52,17,113.53,8,113.54,30,113.55,27,113.57,35,113.58,22,113.59,19,,,,
2020-10-29 09:31:25,113.475,113.48,1,113.47,1,113.48,1,113.48,113.47,113.47,1,113.46,46,113.45,44,113.44,37,113.43,25,113.42,36,113.41,48,113.4,28,113.39,38,113.38,29,113.48,1,113.49,15,113.5,27,113.51,34,113.52,17,113.53,8,113.54,30,113.55,27,113.57,35,113.58,22
2020-10-29 09:31:26,113.49,113.5,8,113.48,19,113.5,16,113.5,113.48,113.48,19,113.47,47,113.46,54,113.45,38,113.44,37,113.43,25,113.42,36,113.41,48,113.4,28,113.39,38,113.5,16,113.51,34,113.52,17,113.53,8,113.54,30,113.55,27,113.57,35,113.58,22,113.59,19,,
2020-10-29 09:31:27,113.42,113.42,1,113.41,33,113.43,23,113.43,113.41,113.41,33,113.4,28,113.39,38,113.38,29,113.37,1,113.36,35,113.35,6,113.34,55,113.33,33,113.32,37,113.43,23,113.44,10,113.45,37,113.46,10,113.47,46,113.48,37,113.49,14,113.5,30,113.51,34,113.52,17
2020-10-29 09:31:28,113.375,113.37,1,113.37,16,113.38,12,113.38,113.37,113.37,16,113.36,35,113.35,6,113.34,55,113.33,33,113.32,37,113.31,50,113.3,44,113.29,41,113.28,7,113.38,12,113.39,17,113.4,41,113.41,19,113.42,18,113.43,27,113.44,10,113.45,37,113.46,10,113.47,46
2020-10-29 09:31:29,113.365,113.36,1,113.36,16,113.37,12,113.37,113.36,113.36,16,113.35,4,113.34,59,113.33,35,113.32,37,113.31,50,113.3,44,113.29,41,113.28,7,113.27,38,113.37,12,113.38,12,113.39,17,113.4,41,113.41,19,113.42,18,113.43,27,113.44,10,113.45,37,113.46,10
2020-10-29 09:31:30,113.395,113.41,1,113.39,5,113.4,14,113.4,113.39,113.39,5,113.38,16,113.37,24,113.36,6,113.35,15,113.34,50,113.33,35,113.32,37,113.31,50,113.3,44,113.4,14,113.41,25,113.42,18,113.43,27,113.44,10,113.45,37,113.46,10,113.47,46,113.48,37,113.49,14
2020-10-29 09:31:31,113.425,113.42,3,113.42,1,113.43,32,113.43,113.42,113.42,1,113.41,1,113.39,9,113.38,3,113.37,40,113.36,6,113.35,15,113.34,50,113.33,35,113.32,37,113.43,32,113.44,10,113.45,37,113.46,10,113.47,46,113.48,37,113.49,14,113.5,30,113.51,34,113.52,17
2020-10-29 09:31:32,113.44,113.44,1,113.43,1,113.45,16,113.45,113.43,113.43,1,113.42,15,113.41,29,113.4,22,113.39,9,113.38,3,113.37,40,113.36,6,113.35,15,113.34,50,113.45,16,113.46,5,113.47,42,113.48,37,113.49,14,113.5,30,113.51,34,113.52,17,113.53,8,113.54,30
2020-10-29 09:31:32,113.505,113.5,1,113.5,17,113.51,29,113.51,113.5,113.5,17,113.49,40,113.48,31,113.47,23,113.46,14,113.45,41,113.44,8,113.43,3,113.42,15,113.41,29,113.51,29,113.52,17,113.53,8,113.54,30,113.55,27,113.57,35,113.58,22,113.59,19,,,,
2020-10-29 09:31:34,113.45,113.45,2,113.44,43,113.46,1,113.46,113.44,113.44,43,113.43,3,113.42,15,113.41,29,113.4,22,113.39,9,113.38,3,113.37,40,113.36,6,113.35,15,113.46,1,113.47,15,113.48,13,113.49,2,113.5,108,113.51,20,113.52,23,113.53,8,113.54,30,113.55,27
2020-10-29 09:31:35,113.44,113.43,2,113.43,1,113.45,23,113.45,113.43,113.43,1,113.42,1,113.41,1,113.4,3,113.39,12,113.38,6,113.37,43,113.36,6,113.35,15,113.34,50,113.45,23,113.46,2,113.47,15,113.48,13,113.49,2,113.5,108,113.51,20,113.52,23,113.53,8,113.54,30
2020-10-29 09:31:36,113.41,113.41,1,113.4,9,113.42,23,113.42,113.4,113.4,9,113.39,24,113.38,6,113.37,43,113.36,6,113.35,15,113.34,50,113.33,35,113.32,37,113.31,50,113.42,23,113.43,29,113.44,33,113.45,23,113.46,2,113.47,15,113.48,13,113.49,2,113.5,108,113.51,20
2020-10-29 09:31:37,113.35,113.34,1,113.34,37,113.36,2,113.36,113.34,113.34,37,113.33,35,113.32,37,113.31,50,113.3,44,113.29,41,113.28,7,113.27,38,113.26,34,113.25,35,113.36,2,113.37,46,113.38,2,113.39,30,113.4,40,113.41,29,113.42,34,113.43,29,113.44,33,113.45,23
2020-10-29 09:31:38,113.35,113.36,5,113.34,1,113.36,1,113.36,113.34,113.34,1,113.33,45,113.32,37,113.31,50,113.3,44,113.29,41,113.28,7,113.27,38,113.26,34,113.25,35,113.36,1,113.37,1,113.38,30,113.39,31,113.4,40,113.41,29,113.42,34,113.43,29,113.44,33,113.45,23
2020-10-29 09:31:39,113.405,113.4,27,113.4,2,113.41,18,113.41,113.4,113.4,2,113.39,6,113.38,3,113.37,1,113.36,8,113.35,16,113.34,1,113.33,45,113.32,37,113.31,50,113.41,18,113.42,34,113.43,29,113.44,33,113.45,23,113.46,2,113.47,15,113.48,13,113.49,2,113.5,108
2020-10-29 09:31:40,113.4,113.39,1,113.39,2,113.41,18,113.41,113.39,113.39,2,113.38,3,113.37,24,113.36,8,113.35,16,113.34,1,113.33,45,113.32,37,113.31,50,113.3,44,113.41,18,113.42,34,113.43,29,113.44,33,113.45,23,113.46,2,113.47,15,113.48,13,113.49,2,113.5,108
2020-10-29 09:31:41,113.325,113.31,1,113.31,47,113.34,13,113.34,113.31,113.31,47,113.3,44,113.29,41,113.28,7,113.27,38,113.26,34,113.25,35,113.24,45,113.23,39,113.22,56,113.34,13,113.35,23,113.36,35,113.37,1,113.38,5,113.39,7,113.4,27,113.41,41,113.42,34,113.43,29
2020-10-29 09:31:42,113.28,113.27,1,113.27,36,113.29,29,113.29,113.27,113.27,36,113.26,34,113.25,35,113.24,45,113.23,39,113.22,56,113.21,42,113.2,44,113.19,44,113.18,41,113.29,29,113.3,18,113.31,29,113.32,31,113.33,16,113.34,22,113.35,23,113.36,35,113.37,1,113.38,5
2020-10-29 09:31:43,113.345,113.34,1,113.33,1,113.36,43,113.36,113.33,113.33,1,113.32,6,113.31,4,113.3,3,113.29,4,113.28,4,113.27,19,113.26,3,113.25,43,113.24,45,113.36,43,113.37,1,113.38,5,113.39,7,113.4,27,113.41,41,113.42,34,113.43,29,113.44,33,113.45,23
2020-10-29 09:31:44,113.29,113.3,1,113.28,13,113.3,2,113.3,113.28,113.28,13,113.27,19,113.26,3,113.25,43,113.24,45,113.23,39,113.22,56,113.21,42,113.2,44,113.19,44,113.3,2,113.31,39,113.32,29,113.33,25,113.34,5,113.35,35,113.36,43,113.37,1,113.38,5,113.39,7
2020-10-29 09:31:45,113.29,113.29,1,113.28,11,113.3,53,113.3,113.28,113.28,11,113.27,4,113.26,16,113.25,38,113.24,45,113.23,39,113.22,56,113.21,42,113.2,44,113.19,44,113.3,53,113.31,9,113.32,24,113.33,25,113.34,5,113.35,35,113.36,43,113.37,1,113.38,5,113.39,7
2020-10-29 09:31:46,113.27,113.27,2,113.26,7,113.28,27,113.28,113.26,113.26,7,113.25,44,113.24,45,113.23,39,113.22,56,113.21,42,113.2,44,113.19,44,113.18,41,113.17,41,113.28,27,113.29,26,113.3,1,113.31,31,113.32,24,113.33,25,113.34,5,113.35,35,113.36,43,113.37,1
2020-10-29 09:31:47,113.29,113.29,1,113.28,15,113.3,18,113.3,113.28,113.28,15,113.27,9,113.26,19,113.25,44,113.24,45,113.23,39,113.22,56,113.21,42,113.2,44,113.19,44,113.3,18,113.31,28,113.32,2,113.33,48,113.34,5,113.35,35,113.36,43,113.37,1,113.38,5,113.39,7
2020-10-29 09:31:48,113.29,113.3,1,113.28,29,113.3,1,113.3,113.28,113.28,29,113.27,50,113.26,19,113.25,44,113.24,45,113.23,39,113.22,56,113.21,42,113.2,44,113.19,44,113.3,1,113.31,31,113.32,34,113.33,7,113.34,10,113.35,32,113.36,43,113.37,1,113.38,5,113.39,7
2020-10-29 09:31:49,113.345,113.33,1,113.33,1,113.36,39,113.36,113.33,113.33,1,113.32,3,113.31,17,113.3,9,113.29,2,113.28,24,113.27,50,113.26,19,113.25,44,113.24,45,113.36,39,113.37,1,113.38,5,113.39,7,113.4,27,113.41,41,113.42,34,113.43,29,113.44,33,113.45,23
2020-10-29 09:31:50,113.345,113.34,1,113.33,1,113.36,16,113.36,113.33,113.33,1,113.32,23,113.31,22,113.3,9,113.29,2,113.28,24,113.27,50,113.26,19,113.25,44,113.24,45,113.36,16,113.37,25,113.38,5,113.39,7,113.4,27,113.41,41,113.42,34,113.43,29,113.44,33,113.45,23
2020-10-29 09:31:51,113.375,113.37,1,113.37,18,113.38,2,113.38,113.37,113.37,18,113.36,3,113.35,45,113.34,32,113.33,24,113.32,17,113.31,42,113.3,9,113.29,2,113.28,24,113.38,2,113.39,26,113.4,30,113.41,41,113.42,34,113.43,29,113.44,33,113.45,23,113.46,2,113.47,15
2020-10-29 09:31:52,113.34,113.34,2,113.33,41,113.35,1,113.35,113.33,113.33,41,113.32,17,113.31,42,113.3,9,113.29,2,113.28,24,113.27,50,113.26,19,113.25,44,113.24,45,113.35,1,113.36,38,113.37,23,113.38,27,113.39,15,113.4,121,113.41,41,113.42,34,113.43,29,113.44,33
2020-10-29 09:31:53,113.365,113.35,2,113.35,38,113.38,32,113.38,113.35,113.35,38,113.34,31,113.33,30,113.32,17,113.31,42,113.3,9,113.29,2,113.28,24,113.27,50,113.26,19,113.38,32,113.39,27,113.4,13,113.41,32,113.42,34,113.43,29,113.44,33,113.45,23,113.46,2,113.47,15
2020-10-29 09:31:54,113.355,113.36,5,113.34,1,113.37,39,113.37,113.34,113.34,1,113.33,51,113.32,17,113.31,42,113.3,9,113.29,2,113.28,24,113.27,50,113.26,19,113.25,44,113.37,43,113.38,28,113.39,27,113.4,13,113.41,32,113.42,34,113.43,29,113.44,33,113.45,23,113.46,2
2020-10-29 09:31:55,113.375,113.36,1,113.36,10,113.39,28,113.39,113.36,113.36,10,113.35,18,113.34,53,113.33,51,113.32,17,113.31,42,113.3,9,113.29,2,113.28,24,113.27,50,113.39,28,113.4,13,113.41,32,113.42,34,113.43,29,113.44,33,113.45,23,113.46,2,113.47,15,113.48,13
2020-10-29 09:31:56,113.375,113.37,1,113.37,4,113.38,16,113.38,113.37,113.37,4,113.36,29,113.35,18,113.34,53,113.33,51,113.32,17,113.31,42,113.3,9,113.29,2,113.28,24,113.38,16,113.39,25,113.4,13,113.41,32,113.42,34,113.43,29,113.44,33,113.45,23,113.46,2,113.47,15
2020-10-29 09:31:57,113.34,113.34,2,113.33,21,113.35,40,113.35,113.33,113.33,21,113.32,38,113.31,67,113.3,9,113.29,2,113.28,24,113.27,50,113.26,19,113.25,44,113.24,45,113.35,40,113.36,33,113.37,34,113.38,2,113.39,24,113.4,13,113.41,32,113.42,34,113.43,29,113.44,33
2020-10-29 09:31:58,113.31,113.31,2,113.3,47,113.32,20,113.32,113.3,113.3,47,113.29,2,113.28,24,113.27,50,113.26,19,113.25,44,113.24,45,113.23,39,113.22,56,113.21,42,113.32,20,113.33,34,113.34,33,113.35,34,113.36,18,113.37,34,113.38,2,113.39,24,113.4,13,113.41,32
2020-10-29 09:31:59,113.325,113.32,1,113.31,1,113.34,32,113.34,113.31,113.31,1,113.3,29,113.29,10,113.28,26,113.27,50,113.26,19,113.25,44,113.24,45,113.23,39,113.22,56,113.34,32,113.35,34,113.36,18,113.37,34,113.38,2,113.39,24,113.4,13,113.41,32,113.42,34,113.43,29
2020-10-29 09:32:00,113.355,113.35,1,113.35,3,113.36,34,113.36,113.35,113.35,3,113.34,24,113.33,11,113.32,9,113.31,6,113.3,29,113.29,10,113.28,26,113.27,50,113.26,19,113.36,34,113.37,36,113.38,2,113.39,24,113.4,13,113.41,32,113.42,34,113.43,29,113.44,33,113.45,23
2020-10-29 09:32:01,113.39,113.38,1,113.38,17,113.4,1,113.4,113.38,113.38,17,113.37,9,113.36,35,113.35,14,113.34,3,113.33,59,113.32,9,113.31,6,113.3,29,113.29,10,113.4,1,113.41,34,113.42,45,113.43,29,113.44,33,113.45,23,113.46,2,113.47,15,113.48,13,113.49,2
2020-10-29 09:32:02,113.455,113.45,1,113.45,31,113.46,5,113.46,113.45,113.45,31,113.44,31,113.43,42,113.42,16,113.41,21,113.4,18,113.39,44,113.38,42,113.37,42,113.36,35,113.46,5,113.47,46,113.48,13,113.49,2,113.5,108,113.51,20,113.52,23,113.53,8,113.54,30,113.55,27
2020-10-29 09:32:03,113.48,113.49,3,113.47,26,113.49,24,113.49,113.47,113.47,26,113.46,28,113.45,25,113.44,21,113.43,14,113.42,26,113.41,21,113.4,18,113.39,44,113.38,42,113.49,24,113.5,108,113.51,20,113.52,23,113.53,8,113.54,30,113.55,27,113.57,35,113.58,22,113.59,19
2020-10-29 09:32:04,113.54,113.55,1,113.53,9,113.55,24,113.55,113.53,113.53,9,113.52,48,113.51,22,113.5,74,113.49,5,113.48,30,113.47,37,113.46,28,113.45,25,113.44,21,113.55,24,113.56,30,113.57,35,113.58,22,113.59,19,,,,,,,,,,
2020-10-29 09:32:05,113.605,113.6,1,113.59,14,113.61,5,113.61,113.59,113.6,5,113.59,17,113.58,3,113.57,21,113.56,33,113.55,32,113.54,3,113.53,2,113.52,71,113.51,22,113.61,3,113.62,21,,,,,,,,,,,,,,,,
2020-10-29 09:32:06,113.54,113.54,2,113.53,3,113.55,4,113.55,113.53,113.53,3,113.52,70,113.51,22,113.5,74,113.49,5,113.48,30,113.47,37,113.46,28,113.45,25,113.44,21,113.55,4,113.57,15,113.58,44,113.59,16,113.6,31,113.61,18,113.62,22,,,,,,
2020-10-29 09:32:07,113.525,113.52,1,113.52,76,113.53,14,113.53,113.52,113.52,76,113.51,22,113.5,74,113.49,5,113.48,30,113.47,37,113.46,28,113.45,25,113.44,21,113.43,14,113.53,7,113.54,29,113.55,7,113.57,15,113.58,44,113.59,16,113.6,31,113.61,18,113.62,22,,
2020-10-29 09:32:08,113.57,113.58,5,113.56,20,113.58,17,113.58,113.56,113.56,20,113.55,4,113.54,42,113.53,20,113.52,4,113.51,33,113.5,80,113.49,5,113.48,30,113.47,37,113.58,17,113.59,16,113.6,38,113.61,18,113.62,22,,,,,,,,,,
2020-10-29 09:32:09,113.575,113.58,1,113.56,34,113.59,32,113.59,113.56,113.56,34,113.55,35,113.54,42,113.53,20,113.52,4,113.51,33,113.5,80,113.49,5,113.48,30,113.47,37,113.59,32,113.6,38,113.61,18,113.62,22,,,,,,,,,,,,
2020-10-29 09:32:10,113.58,113.57,2,113.57,18,113.59,38,113.59,113.57,113.57,18,113.56,30,113.55,71,113.54,42,113.53,20,113.52,4,113.51,33,113.5,80,113.49,5,113.48,30,113.59,38,113.6,37,113.61,18,113.62,22,,,,,,,,,,,,
2020-10-29 09:32:11,113.55,113.55,2,113.54,78,113.56,3,113.56,113.54,113.54,78,113.53,20,113.52,4,113.51,33,113.5,80,113.49,5,113.48,30,113.47,37,113.46,28,113.45,25,113.56,3,113.57,9,113.58,30,113.59,38,113.6,37,113.61,18,113.62,22,,,,,,
2020-10-29 09:32:12,113.505,113.5,10,113.49,26,113.52,22,113.52,113.49,113.49,26,113.48,39,113.47,37,113.46,28,113.45,25,113.44,21,113.43,14,113.42,26,113.41,21,113.4,18,113.52,22,113.53,16,113.54,26,113.55,12,113.56,17,113.57,9,113.58,30,113.59,38,113.6,37,113.61,18
2020-10-29 09:32:13,113.535,113.53,1,113.53,1,113.54,3,113.54,113.53,113.53,2,113.52,22,113.51,27,113.5,2,113.49,14,113.48,78,113.47,37,113.46,28,113.45,25,113.44,21,113.54,3,113.55,34,113.56,17,113.57,9,113.58,30,113.59,38,113.6,37,113.61,18,113.62,22,,
2020-10-29 09:32:14,113.57,113.57,1,113.56,22,113.58,30,113.58,113.56,113.56,22,113.55,18,113.54,21,113.53,6,113.52,25,113.51,34,113.5,2,113.49,14,113.48,78,113.47,37,113.58,30,113.59,38,113.6,37,113.61,18,113.62,22,,,,,,,,,,
2020-10-29 09:32:15,113.515,113.51,1,113.51,23,113.52,2,113.52,113.51,113.51,23,113.5,2,113.49,14,113.48,78,113.47,37,113.46,28,113.45,25,113.44,21,113.43,14,113.42,26,113.52,2,113.53,20,113.54,26,113.55,13,113.56,5,113.57,5,113.58,39,113.59,38,113.6,37,113.61,18
2020-10-29 09:32:16,113.525,113.53,1,113.51,11,113.54,17,113.54,113.51,113.51,11,113.5,17,113.49,42,113.48,72,113.47,37,113.46,28,113.45,25,113.44,21,113.43,14,113.42,26,113.54,17,113.55,19,113.56,5,113.57,5,113.58,39,113.59,38,113.6,37,113.61,18,113.62,22,,
2020-10-29 09:32:17,113.505,113.52,24,113.49,23,113.52,37,113.52,113.49,113.49,23,113.48,38,113.47,48,113.46,35,113.45,25,113.44,21,113.43,14,113.42,26,113.41,21,113.4,18,113.52,37,113.53,30,113.54,18,113.55,19,113.56,5,113.57,5,113.58,39,113.59,38,113.6,37,113.61,18
2020-10-29 09:32:18,113.495,113.48,1,113.48,57,113.51,39,113.51,113.48,113.48,57,113.47,48,113.46,35,113.45,25,113.44,21,113.43,14,113.42,26,113.41,21,113.4,18,113.39,44,113.51,39,113.52,42,113.53,3,113.54,31,113.55,19,113.56,5,113.57,5,113.58,39,113.59,38,113.6,37
2020-10-29 09:32:19,113.4,113.39,1,113.39,51,113.41,2,113.41,113.39,113.39,51,113.38,42,113.37,42,113.36,35,113.35,14,113.34,3,113.33,59,113.32,9,113.31,6,113.3,29,113.41,2,113.42,48,113.43,39,113.44,15,113.45,38,113.46,6,113.47,16,113.48,20,113.49,22,113.5,17
2020-10-29 09:32:20,113.385,113.39,1,113.37,16,113.4,42,113.4,113.37,113.37,16,113.36,53,113.35,14,113.34,3,113.33,59,113.32,9,113.31,6,113.3,29,113.29,10,113.28,26,113.4,42,113.41,4,113.42,30,113.43,19,113.44,29,113.45,38,113.46,6,113.47,16,113.48,20,113.49,22
2020-10-29 09:32:21,113.405,113.41,2,113.4,8,113.41,1,113.41,113.4,113.4,8,113.38,21,113.37,27,113.36,53,113.35,14,113.34,3,113.33,59,113.32,9,113.31,6,113.3,29,113.41,1,113.42,9,113.43,19,113.44,29,113.45,38,113.46,6,113.47,16,113.48,20,113.49,22,113.5,17
2020-10-29 09:32:22,113.345,113.34,4,113.33,3,113.36,33,113.36,113.33,113.33,3,113.32,21,113.31,6,113.3,29,113.29,10,113.28,26,113.27,50,113.26,19,113.25,44,113.24,45,113.36,33,113.37,30,113.38,12,113.39,34,113.4,43,113.41,33,113.42,9,113.43,19,113.44,29,113.45,38
2020-10-29 09:32:23,113.345,113.36,1,113.33,57,113.36,7,113.36,113.33,113.33,57,113.32,21,113.31,6,113.3,29,113.29,10,113.28,26,113.27,50,113.26,19,113.25,44,113.24,45,113.36,7,113.37,23,113.38,37,113.39,38,113.4,43,113.41,33,113.42,9,113.43,19,113.44,29,113.45,38
2020-10-29 09:32:24,113.345,113.34,1,113.33,38,113.36,21,113.36,113.33,113.33,38,113.32,21,113.31,6,113.3,29,113.29,10,113.28,26,113.27,50,113.26,19,113.25,44,113.24,45,113.36,21,113.37,15,113.38,34,113.39,38,113.4,43,113.41,33,113.42,9,113.43,19,113.44,29,113.45,38
2020-10-29 09:32:25,113.39,113.39,1,113.38,26,113.4,34,113.4,113.38,113.38,26,113.37,34,113.36,37,113.35,1,113.34,15,113.33,40,113.32,21,113.31,6,113.3,29,113.29,10,113.4,34,113.41,33,113.42,9,113.43,19,113.44,29,113.45,38,113.46,6,113.47,16,113.48,20,113.49,22
2020-10-29 09:32:26,113.43,113.43,1,113.42,21,113.44,28,113.44,113.42,113.42,21,113.41,17,113.4,30,113.39,17,113.38,24,113.37,18,113.36,37,113.35,1,113.34,15,113.33,40,113.44,28,113.45,38,113.46,6,113.47,16,113.48,20,113.49,22,113.5,17,113.51,29,113.52,35,113.53,3
2020-10-29 09:32:27,113.485,113.49,1,113.48,26,113.49,2,113.49,113.48,113.48,26,113.47,25,113.46,29,113.45,15,113.44,2,113.43,16,113.42,5,113.41,20,113.4,30,113.39,17,113.49,2,113.5,2,113.51,30,113.52,35,113.53,3,113.54,31,113.55,19,113.56,5,113.57,5,113.58,39
2020-10-29 09:32:28,113.435,113.44,1,113.42,13,113.45,2,113.45,113.42,113.42,13,113.41,20,113.4,30,113.39,17,113.38,24,113.37,18,113.36,37,113.35,1,113.34,15,113.33,40,113.45,2,113.46,3,113.47,19,113.48,23,113.49,4,113.5,37,113.51,35,113.52,35,113.53,3,113.54,31
2020-10-29 09:32:29,113.425,113.43,1,113.41,36,113.44,31,113.44,113.41,113.41,36,113.4,30,113.39,17,113.38,24,113.37,18,113.36,37,113.35,1,113.34,15,113.33,40,113.32,21,113.44,31,113.45,2,113.46,14,113.47,15,113.48,41,113.49,4,113.5,37,113.51,35,113.52,35,113.53,3
2020-10-29 09:32:30,113.45,113.45,1,113.44,46,113.46,1,113.46,113.44,113.44,46,113.43,26,113.42,17,113.41,36,113.4,30,113.39,17,113.38,24,113.37,18,113.36,37,113.35,1,113.46,1,113.47,47,113.48,41,113.49,4,113.5,37,113.51,35,113.52,35,113.53,3,113.54,31,113.55,19
2020-10-29 09:32:31,113.43,113.43,6,113.43,24,113.43,7,113.43,113.43,113.43,24,113.42,17,113.41,36,113.4,30,113.39,17,113.38,24,113.37,18,113.36,37,113.35,1,113.34,15,113.43,7,113.44,24,113.47,24,113.48,41,113.49,4,113.5,37,113.51,35,113.52,35,113.53,3,113.54,31
2020-10-29 09:32:32,113.37,113.37,1,113.36,34,113.38,13,113.38,113.36,113.36,34,113.35,28,113.34,15,113.33,40,113.32,21,113.31,6,113.3,29,113.29,10,113.28,26,113.27,50,113.38,13,113.39,177,113.42,41,113.43,35,113.44,24,113.47,24,113.48,41,113.49,4,113.5,37,113.51,35
2020-10-29 09:32:33,113.41,113.41,5,113.4,7,113.42,1,113.42,113.4,113.4,7,113.39,17,113.38,4,113.37,30,113.36,43,113.35,28,113.34,15,113.33,40,113.32,21,113.31,6,113.42,1,113.43,28,113.44,24,113.47,24,113.48,41,113.49,4,113.5,37,113.51,35,113.52,35,113.53,3
2020-10-29 09:32:34,113.43,113.45,1,113.41,24,113.44,13,113.44,113.41,113.41,24,113.4,7,113.39,17,113.38,4,113.37,30,113.36,43,113.35,28,113.34,15,113.33,40,113.32,21,113.45,35,113.47,24,113.48,41,113.49,4,113.5,37,113.51,35,113.52,35,113.53,3,113.54,31,113.55,19
2020-10-29 09:32:35,113.4,113.39,5,113.39,29,113.41,33,113.41,113.39,113.39,29,113.38,4,113.37,30,113.36,43,113.35,28,113.34,15,113.33,40,113.32,21,113.31,6,113.3,29,113.41,33,113.42,27,113.43,3,113.44,12,113.45,35,113.47,24,113.48,41,113.49,4,113.5,37,113.51,35
2020-10-29 09:32:36,113.39,113.39,1,113.38,13,113.4,17,113.4,113.38,113.38,13,113.37,31,113.36,43,113.35,28,113.34,15,113.33,40,113.32,21,113.31,6,113.3,29,113.29,10,113.4,17,113.41,11,113.42,31,113.43,3,113.44,12,113.45,35,113.47,24,113.48,41,113.49,4,113.5,37
2020-10-29 09:32:37,113.44,113.43,1,113.43,4,113.45,36,113.45,113.43,113.43,4,113.42,29,113.41,30,113.4,10,113.39,12,113.38,14,113.37,31,113.36,43,113.35,28,113.34,15,113.45,36,113.47,24,113.48,41,113.49,4,113.5,37,113.51,35,113.52,35,113.53,3,113.54,31,113.55,19
2020-10-29 09:32:38,113.47,113.47,10,113.46,1,113.48,39,113.48,113.46,113.46,1,113.45,8,113.44,15,113.43,32,113.42,29,113.41,30,113.4,10,113.39,12,113.38,14,113.37,31,113.48,39,113.49,4,113.5,37,113.51,35,113.52,35,113.53,3,113.54,31,113.55,19,113.56,5,113.57,5
2020-10-29 09:32:39,113.455,113.47,1,113.44,24,113.47,43,113.47,113.44,113.44,24,113.43,32,113.42,29,113.41,30,113.4,10,113.39,12,113.38,14,113.37,31,113.36,43,113.35,28,113.47,43,113.48,4,113.49,42,113.5,44,113.51,35,113.52,35,113.53,3,113.54,31,113.55,19,113.56,5
2020-10-29 09:32:40,113.425,113.42,1,113.41,1,113.44,30,113.44,113.41,113.41,1,113.4,62,113.39,12,113.38,14,113.37,31,113.36,43,113.35,28,113.34,15,113.33,40,113.32,21,113.44,30,113.45,20,113.46,37,113.47,30,113.48,11,113.49,42,113.5,44,113.51,35,113.52,35,113.53,3
2020-10-29 09:32:41,113.395,113.4,1,113.39,34,113.4,40,113.4,113.39,113.39,34,113.38,22,113.37,31,113.36,43,113.35,28,113.34,15,113.33,40,113.32,21,113.31,6,113.3,29,113.4,40,113.41,18,113.42,9,113.43,28,113.44,42,113.45,20,113.46,37,113.47,30,113.48,11,113.49,42
2020-10-29 09:32:42,113.345,113.35,1,113.33,32,113.36,20,113.36,113.33,113.33,32,113.32,21,113.31,6,113.3,29,113.29,10,113.28,26,113.27,50,113.26,19,113.25,44,113.24,45,113.36,20,113.37,36,113.38,130,113.39,42,113.4,41,113.41,62,113.42,37,113.43,24,113.44,42,113.45,20
2020-10-29 09:32:43,113.355,113.35,1,113.35,16,113.36,117,113.36,113.35,113.35,16,113.34,17,113.33,28,113.32,4,113.31,23,113.3,29,113.29,10,113.28,26,113.27,50,113.26,19,113.36,117,113.37,125,113.39,37,113.4,41,113.41,62,113.42,37,113.43,24,113.44,42,113.45,20,113.46,37
2020-10-29 09:32:44,113.345,113.34,4,113.33,31,113.36,90,113.36,113.33,113.33,31,113.32,4,113.31,23,113.3,29,113.29,10,113.28,26,113.27,50,113.26,19,113.25,44,113.24,45,113.36,90,113.37,125,113.39,37,113.4,41,113.41,62,113.42,37,113.43,24,113.44,42,113.45,20,113.46,37
2020-10-29 09:32:45,113.33,113.33,2,113.32,5,113.34,24,113.34,113.32,113.32,5,113.31,23,113.3,29,113.29,10,113.28,26,113.27,50,113.26,19,113.25,44,113.24,45,113.23,39,113.34,24,113.35,18,113.36,89,113.37,125,113.39,37,113.4,41,113.41,62,113.42,37,113.43,24,113.44,42
2020-10-29 09:32:46,113.195,113.19,1,113.19,1,113.2,1,113.2,113.19,113.19,1,113.18,1,113.17,39,113.16,18,113.15,32,113.14,47,113.13,37,113.12,15,113.11,27,113.1,8,113.2,1,113.21,100,113.22,40,113.23,17,113.24,17,113.25,12,113.27,4,113.28,12,113.29,15,113.3,15
2020-10-29 09:32:47,113.27,113.26,1,113.25,22,113.29,41,113.29,113.25,113.25,22,113.24,41,113.23,21,113.22,15,113.21,18,113.2,16,113.19,19,113.18,37,113.17,39,113.16,18,113.29,41,113.3,13,113.31,27,113.32,15,113.33,36,113.34,28,113.35,18,113.36,89,113.37,125,113.39,37
2020-10-29 09:32:48,113.31,113.3,1,113.3,36,113.32,2,113.32,113.3,113.3,36,113.29,4,113.28,6,113.27,18,113.26,6,113.25,22,113.24,41,113.23,21,113.22,15,113.21,18,113.32,2,113.33,28,113.34,28,113.35,18,113.36,89,113.37,125,113.39,37,113.4,41,113.41,62,113.42,37
2020-10-29 09:32:49,113.36,113.37,2,113.35,5,113.37,152,113.37,113.35,113.35,5,113.34,21,113.33,44,113.32,9,113.31,29,113.3,37,113.29,4,113.28,6,113.27,18,113.26,6,113.37,152,113.39,37,113.4,41,113.41,62,113.42,37,113.43,24,113.44,42,113.45,20,113.46,37,113.47,30
2020-10-29 09:32:50,113.31,113.3,1,113.3,29,113.32,3,113.32,113.3,113.3,29,113.29,4,113.28,6,113.27,18,113.26,6,113.25,22,113.24,41,113.23,21,113.22,15,113.21,18,113.32,3,113.33,23,113.34,18,113.35,1,113.36,52,113.37,151,113.39,37,113.4,41,113.41,62,113.42,37
2020-10-29 09:32:51,113.29,113.28,3,113.28,10,113.3,25,113.3,113.28,113.28,10,113.27,18,113.26,6,113.25,22,113.24,41,113.23,21,113.22,15,113.21,18,113.2,16,113.19,19,113.3,25,113.32,14,113.33,23,113.34,18,113.35,1,113.36,52,113.37,151,113.39,37,113.4,41,113.41,62
2020-10-29 09:32:52,113.32,113.32,1,113.31,1,113.33,29,113.33,113.31,113.31,1,113.3,40,113.29,37,113.28,20,113.27,18,113.26,6,113.25,22,113.24,41,113.23,21,113.22,15,113.33,29,113.34,18,113.35,1,113.36,52,113.37,151,113.39,37,113.4,41,113.41,62,113.42,37,113.43,24
2020-10-29 09:32:53,113.315,113.33,1,113.3,21,113.33,2,113.33,113.3,113.3,21,113.29,33,113.28,34,113.27,18,113.26,6,113.25,22,113.24,41,113.23,21,113.22,15,113.21,18,113.33,2,113.34,28,113.35,1,113.36,52,113.37,151,113.39,37,113.4,41,113.41,62,113.42,37,113.43,24
2020-10-29 09:32:54,113.28,113.28,2,113.27,4,113.29,26,113.29,113.27,113.27,4,113.26,14,113.25,17,113.24,28,113.23,21,113.22,15,113.21,18,113.2,16,113.19,19,113.18,37,113.29,26,113.3,14,113.31,17,113.32,4,113.33,18,113.34,28,113.35,1,113.36,52,113.37,151,113.39,37
2020-10-29 09:32:55,113.31,113.3,1,113.3,5,113.32,48,113.32,113.3,113.3,5,113.29,3,113.28,17,113.27,7,113.26,25,113.25,17,113.24,28,113.23,21,113.22,15,113.21,18,113.32,48,113.33,25,113.34,28,113.35,1,113.36,52,113.37,151,113.39,37,113.4,41,113.41,62,113.42,37
2020-10-29 09:32:56,113.29,113.29,1,113.28,22,113.3,62,113.3,113.28,113.28,22,113.27,38,113.26,25,113.25,17,113.24,28,113.23,21,113.22,15,113.21,18,113.2,16,113.19,19,113.3,62,113.31,28,113.32,36,113.33,25,113.34,28,113.35,1,113.36,52,113.37,151,113.39,37,113.4,41
2020-10-29 09:32:57,113.37,113.38,8,113.36,1,113.38,11,113.38,113.36,113.36,1,113.35,1,113.34,23,113.33,10,113.32,15,113.31,26,113.3,6,113.29,16,113.28,25,113.27,38,113.38,11,113.39,37,113.4,41,113.41,62,113.42,37,113.43,24,113.44,42,113.45,20,113.46,37,113.47,30
2020-10-29 09:32:58,113.34,113.34,1,113.33,1,113.35,16,113.35,113.33,113.33,1,113.32,31,113.31,26,113.3,6,113.29,16,113.28,25,113.27,38,113.26,25,113.25,17,113.24,28,113.35,16,113.36,11,113.37,6,113.38,6,113.39,17,113.4,41,113.41,62,113.42,37,113.43,24,113.44,42
2020-10-29 09:32:59,113.32,113.32,1,113.31,35,113.33,28,113.33,113.31,113.31,35,113.3,6,113.29,16,113.28,25,113.27,38,113.26,25,113.25,17,113.24,28,113.23,21,113.22,15,113.33,28,113.34,5,113.35,20,113.36,18,113.37,6,113.38,6,113.39,17,113.4,41,113.41,62,113.42,37
2020-10-29 09:33:00,113.37,113.37,1,113.36,39,113.38,14,113.38,113.36,113.36,39,113.35,33,113.34,2,113.33,28,113.32,37,113.31,41,113.3,6,113.29,16,113.28,25,113.27,38,113.38,14,113.39,17,113.4,32,113.41,62,113.42,37,113.43,24,113.44,42,113.45,20,113.46,37,113.47,30
2020-10-29 09:33:01,113.355,113.36,1,113.35,29,113.36,2,113.36,113.35,113.35,29,113.34,2,113.33,28,113.32,37,113.31,41,113.3,6,113.29,16,113.28,25,113.27,38,113.26,25,113.36,2,113.37,9,113.38,27,113.39,13,113.4,30,113.41,62,113.42,37,113.43,24,113.44,42,113.45,20
2020-10-29 09:33:02,113.39,113.39,5,113.39,1,113.4,6,113.4,113.39,113.38,32,113.37,43,113.36,21,113.35,47,113.34,2,113.33,28,113.32,37,113.31,41,113.3,6,113.29,16,113.4,6,113.41,5,113.42,26,113.43,30,113.44,42,113.45,20,113.46,37,113.47,30,113.48,11,113.49,42
2020-10-29 09:33:03,113.455,113.44,2,113.44,13,113.47,19,113.47,113.44,113.44,13,113.43,13,113.42,5,113.41,5,113.4,4,113.39,5,113.38,4,113.37,42,113.36,21,113.35,47,113.47,19,113.48,29,113.49,24,113.5,84,113.51,35,113.52,35,113.53,3,113.54,31,113.55,19,113.56,5
2020-10-29 09:33:04,113.455,113.46,1,113.44,31,113.47,2,113.47,113.44,113.44,31,113.43,26,113.42,5,113.41,5,113.4,4,113.39,5,113.38,4,113.37,42,113.36,21,113.35,47,113.47,2,113.48,36,113.49,46,113.5,84,113.51,35,113.52,35,113.53,3,113.54,31,113.55,19,113.56,5
2020-10-29 09:33:05,113.49,113.48,1,113.48,34,113.5,2,113.5,113.48,113.48,34,113.47,27,113.46,23,113.45,28,113.44,33,113.43,26,113.42,5,113.41,5,113.4,4,113.39,5,113.5,2,113.51,1,113.52,38,113.53,10,113.54,31,113.55,19,113.56,5,113.57,5,113.58,39,113.59,38
2020-10-29 09:33:06,113.51,113.51,1,113.49,55,113.52,2,113.52,113.49,113.5,4,113.49,55,113.48,32,113.47,27,113.46,23,113.45,28,113.44,33,113.43,26,113.42,5,113.41,5,113.52,2,113.53,7,113.54,45,113.55,29,113.56,5,113.57,5,113.58,39,113.59,38,113.6,37,113.61,18
2020-10-29 09:33:07,113.535,113.53,1,113.53,14,113.54,16,113.54,113.53,113.53,14,113.52,28,113.51,35,113.5,44,113.49,57,113.48,32,113.47,27,113.46,23,113.45,28,113.44,33,113.54,16,113.55,33,113.56,5,113.57,5,113.58,39,113.59,38,113.6,37,113.61,18,113.62,22,,
2020-10-29 09:33:08,113.51,113.51,1,113.5,50,113.52,2,113.52,113.5,113.5,50,113.49,57,113.48,32,113.47,27,113.46,23,113.45,28,113.44,33,113.43,26,113.42,5,113.41,5,113.52,2,113.53,22,113.54,23,113.55,8,113.56,20,113.57,5,113.58,39,113.59,38,113.6,37,113.61,18
2020-10-29 09:33:09,113.465,113.46,1,113.46,29,113.47,32,113.47,113.46,113.46,29,113.45,28,113.44,33,113.43,26,113.42,5,113.41,5,113.4,4,113.39,5,113.38,4,113.37,42,113.47,32,113.48,25,113.49,81,113.5,63,113.51,1,113.52,17,113.53,30,113.54,23,113.55,8,113.56,20
2020-10-29 09:33:10,113.46,113.46,1,113.45,275,113.47,53,113.47,113.45,113.45,275,113.44,275,113.43,16,113.42,13,113.41,5,113.4,4,113.39,5,113.38,4,113.37,42,113.36,21,113.47,53,113.48,117,113.49,73,113.5,70,113.51,1,113.52,17,113.53,30,113.54,23,113.55,8,113.56,20
2020-10-29 09:33:11,113.48,113.47,10,113.47,2,113.49,13,113.49,113.47,113.47,2,113.46,10,113.45,265,113.44,275,113.43,16,113.42,13,113.41,5,113.4,4,113.39,5,113.38,4,113.49,12,113.5,70,113.51,1,113.52,17,113.53,30,113.54,23,113.55,8,113.56,20,113.57,5,113.58,39
2020-10-29 09:33:12,113.515,113.5,1,113.5,12,113.52,23,113.52,113.5,113.5,12,113.49,239,113.48,23,113.47,5,113.46,10,113.45,265,113.44,275,113.43,16,113.42,13,113.41,5,113.53,28,113.54,23,113.55,8,113.56,20,113.57,5,113.58,39,113.59,38,113.6,37,113.61,18,113.62,22
2020-10-29 09:33:13,113.555,113.55,1,113.55,233,113.56,17,113.56,113.55,113.55,233,113.54,231,113.53,14,113.52,47,113.51,25,113.5,22,113.49,247,113.48,23,113.47,5,113.46,10,113.56,17,113.57,5,113.58,39,113.59,38,113.6,37,113.61,18,113.62,22,,,,,,
2020-10-29 09:33:14,113.595,113.6,6,113.59,11,113.6,30,113.6,113.59,113.59,11,113.58,22,113.57,20,113.56,16,113.55,233,113.54,231,113.53,14,113.52,47,113.51,25,113.5,22,113.6,30,113.61,27,113.63,41,,,,,,,,,,,,,,
2020-10-29 09:33:15,113.535,113.51,1,113.52,31,113.55,18,113.55,113.52,113.52,31,113.51,9,113.5,61,113.49,247,113.48,23,113.47,5,113.46,10,113.45,265,113.44,275,113.43,16,113.55,18,113.56,31,113.57,12,113.58,29,113.59,22,113.6,13,113.61,32,113.63,41,,,,
2020-10-29 09:33:16,113.55,113.55,1,113.54,11,113.56,29,113.56,113.54,113.54,11,113.53,17,113.52,30,113.51,9,113.5,61,113.49,247,113.48,23,113.47,5,113.46,10,113.45,265,113.56,29,113.57,12,113.58,29,113.59,22,113.6,13,113.61,32,113.63,41,,,,,,
2020-10-29 09:33:17,113.56,113.56,1,113.55,30,113.57,14,113.57,113.55,113.55,30,113.54,34,113.53,41,113.52,30,113.51,9,113.5,61,113.49,247,113.48,23,113.47,5,113.46,10,113.57,14,113.58,30,113.59,22,113.6,13,113.61,32,113.63,41,,,,,,,,
2020-10-29 09:33:18,113.565,113.55,1,113.55,18,113.58,31,113.58,113.55,113.55,18,113.54,38,113.53,32,113.52,30,113.51,9,113.5,61,113.49,247,113.48,23,113.47,5,113.46,10,113.58,31,113.59,22,113.6,13,113.61,32,113.63,41,,,,,,,,,,
2020-10-29 09:33:19,113.55,113.54,1,113.54,2,113.56,29,113.56,113.54,113.54,2,113.53,70,113.52,30,113.51,9,113.5,61,113.49,247,113.48,23,113.47,5,113.46,10,113.45,265,113.56,29,113.57,2,113.58,31,113.59,22,113.6,13,113.61,32,113.63,41,,,,,,
2020-10-29 09:33:20,113.565,113.56,5,113.55,37,113.58,35,113.58,113.55,113.55,37,113.54,30,113.53,64,113.52,30,113.51,9,113.5,61,113.49,247,113.48,23,113.47,5,113.46,10,113.58,35,113.59,22,113.6,13,113.61,32,113.63,41,,,,,,,,,,
2020-10-29 09:33:21,113.565,113.55,1,113.55,14,113.58,27,113.58,113.55,113.55,14,113.53,71,113.52,30,113.51,9,113.5,61,113.49,247,113.48,23,113.47,5,113.46,10,113.45,265,113.58,27,113.59,22,113.6,13,113.61,32,113.63,41,,,,,,,,,,
2020-10-29 09:33:22,113.59,113.59,8,113.58,13,113.6,31,113.6,113.58,113.58,13,113.57,6,113.56,15,113.55,32,113.54,31,113.53,71,113.52,30,113.51,9,113.5,61,113.49,247,113.6,31,113.61,32,113.63,41,,,,,,,,,,,,,,
2020-10-29 09:33:23,113.59,113.6,1,113.57,31,113.61,26,113.61,113.57,113.57,31,113.56,15,113.55,32,113.54,31,113.53,71,113.52,30,113.51,9,113.5,61,113.49,247,113.48,23,113.61,26,113.62,23,113.63,26,,,,,,,,,,,,,,
2020-10-29 09:33:24,113.61,113.62,1,113.6,3,113.62,42,113.62,113.6,113.6,3,113.59,30,113.58,38,113.57,71,113.56,15,113.55,32,113.54,31,113.53,71,113.52,30,113.51,9,113.62,42,113.63,27,,,,,,,,,,,,,,,,
2020-10-29 09:33:25,113.645,113.64,1,113.64,40,113.65,3,113.65,113.64,113.64,40,113.63,38,113.62,44,113.61,36,113.6,19,113.59,30,113.58,38,113.57,71,113.56,15,113.55,32,113.65,3,113.66,16,,,,,,,,,,,,,,,,
2020-10-29 09:33:26,113.66,113.65,1,113.65,36,113.67,41,113.67,113.65,113.65,36,113.64,49,113.63,38,113.62,44,113.61,36,113.6,19,113.59,30,113.58,38,113.57,71,113.56,15,113.67,41,113.68,19,,,,,,,,,,,,,,,,
2020-10-29 09:33:27,113.67,113.67,4,113.66,4,113.68,18,113.68,113.66,113.66,4,113.65,29,113.64,50,113.63,38,113.62,44,113.61,36,113.6,19,113.59,30,113.58,38,113.57,71,113.68,18,,,,,,,,,,,,,,,,,,
2020-10-29 09:33:28,113.68,113.68,1,113.67,27,113.69,18,113.69,113.67,113.67,27,113.66,37,113.65,20,113.64,52,113.63,38,113.62,44,113.61,36,113.6,19,113.59,30,113.58,38,113.69,18,,,,,,,,,,,,,,,,,,
2020-10-29 09:33:29,113.67,113.66,6,113.66,1,113.68,30,113.68,113.66,113.66,1,113.65,64,113.64,52,113.63,38,113.62,44,113.61,36,113.6,19,113.59,30,113.58,38,113.57,71,113.68,30,113.69,37,113.7,29,113.71,14,,,,,,,,,,,,
2020-10-29 09:33:30,113.655,113.66,4,113.65,64,113.66,3,113.66,113.65,113.65,64,113.64,52,113.63,38,113.62,44,113.61,36,113.6,19,113.59,30,113.58,38,113.57,71,113.56,15,113.66,3,113.67,39,113.68,23,113.69,30,113.7,19,113.71,28,,,,,,,,
2020-10-29 09:33:31,113.635,113.63,1,113.63,52,113.64,19,113.64,113.63,113.63,52,113.62,44,113.61,36,113.6,19,113.59,30,113.58,38,113.57,71,113.56,15,113.55,32,113.54,31,113.64,19,113.65,11,113.66,10,113.67,39,113.68,23,113.69,30,113.7,19,113.71,28,,,,
2020-10-29 09:33:32,113.65,113.64,60,113.64,1,113.66,17,113.66,113.64,113.64,1,113.63,31,113.62,26,113.61,16,113.6,37,113.59,30,113.58,38,113.57,71,113.56,15,113.55,32,113.66,17,113.67,39,113.68,23,113.69,30,113.7,19,113.71,28,,,,,,,,
2020-10-29 09:33:33,113.675,113.67,4,113.66,35,113.69,43,113.69,113.66,113.66,35,113.65,17,113.64,21,113.63,42,113.62,26,113.61,16,113.6,37,113.59,30,113.58,38,113.57,71,113.69,43,113.7,19,113.71,28,,,,,,,,,,,,,,
2020-10-29 09:33:34,113.63,113.63,1,113.62,1,113.64,33,113.64,113.62,113.62,1,113.61,28,113.6,37,113.59,30,113.58,38,113.57,71,113.56,15,113.55,32,113.54,31,113.53,71,113.64,33,113.65,5,113.66,30,113.67,43,113.68,31,113.69,36,113.7,19,113.71,28,,,,
2020-10-29 09:33:35,113.585,113.58,1,113.58,47,113.59,23,113.59,113.58,113.58,47,113.57,71,113.56,15,113.55,32,113.54,31,113.53,71,113.52,30,113.51,9,113.5,61,113.49,247,113.59,23,113.6,1,113.61,7,113.62,28,113.63,30,113.64,43,113.65,5,113.66,30,113.67,43,113.68,31
2020-10-29 09:33:36,113.555,113.56,1,113.54,27,113.57,43,113.57,113.54,113.54,27,113.53,71,113.52,30,113.51,9,113.5,61,113.49,247,113.48,23,113.47,5,113.46,10,113.45,265,113.57,43,113.58,27,113.59,46,113.6,11,113.61,30,113.62,28,113.63,30,113.64,43,113.65,5,113.66,30
2020-10-29 09:33:37,113.575,113.58,1,113.56,11,113.59,1,113.59,113.56,113.56,11,113.54,27,113.53,71,113.52,30,113.51,9,113.5,61,113.49,247,113.48,23,113.47,5,113.46,10,113.59,1,113.6,1,113.61,34,113.62,28,113.63,30,113.64,43,113.65,5,113.66,30,113.67,43,113.68,31
2020-10-29 09:33:38,113.62,113.63,2,113.61,1,113.63,40,113.63,113.61,113.61,1,113.6,7,113.59,2,113.58,2,113.57,2,113.56,10,113.54,27,113.53,71,113.52,30,113.51,9,113.63,40,113.64,41,113.65,5,113.66,30,113.67,43,113.68,31,113.69,36,113.7,19,113.71,28,,
2020-10-29 09:33:39,113.585,113.59,1,113.58,37,113.59,47,113.59,113.58,113.58,37,113.57,2,113.56,10,113.54,27,113.53,71,113.52,30,113.51,9,113.5,61,113.49,247,113.48,23,113.59,47,113.61,45,113.62,44,113.63,44,113.64,31,113.65,30,113.66,30,113.67,43,113.68,31,113.69,36
2020-10-29 09:33:40,113.56,113.55,1,113.55,15,113.57,49,113.57,113.55,113.55,15,113.54,35,113.53,71,113.52,30,113.51,9,113.5,61,113.49,247,113.48,23,113.47,5,113.46,10,113.57,49,113.58,31,113.59,47,113.61,45,113.62,44,113.63,44,113.64,31,113.65,30,113.66,30,113.67,43
2020-10-29 09:33:41,113.555,113.56,2,113.54,26,113.57,38,113.57,113.54,113.54,26,113.53,1,113.52,25,113.51,9,113.5,61,113.49,247,113.48,23,113.47,5,113.46,10,113.45,265,113.57,38,113.58,33,113.59,47,113.61,45,113.62,44,113.63,44,113.64,31,113.65,30,113.66,30,113.67,43
2020-10-29 09:33:42,113.605,113.6,1,113.59,4,113.62,39,113.62,113.59,113.59,4,113.58,48,113.56,2,113.55,30,113.54,15,113.53,3,113.52,3,113.51,22,113.5,33,113.49,247,113.62,39,113.63,44,113.64,31,113.65,30,113.66,30,113.67,43,113.68,31,113.69,36,113.7,19,113.71,28
2020-10-29 09:33:43,113.615,113.63,2,113.61,2,113.62,4,113.62,113.61,113.61,2,113.6,22,113.59,7,113.58,48,113.56,2,113.55,30,113.54,15,113.53,3,113.52,3,113.51,22,113.62,4,113.63,19,113.64,25,113.65,30,113.66,30,113.67,43,113.68,31,113.69,36,113.7,19,113.71,28
2020-10-29 09:33:44,113.63,113.62,5,113.62,68,113.64,2,113.64,113.62,113.62,68,113.61,37,113.6,22,113.59,7,113.58,48,113.56,2,113.55,30,113.54,15,113.53,3,113.52,3,113.64,2,113.65,42,113.66,31,113.67,43,113.68,31,113.69,36,113.7,19,113.71,28,,,,
2020-10-29 09:33:45,113.635,113.63,1,113.63,18,113.64,26,113.64,113.63,113.63,18,113.62,7,113.61,29,113.6,22,113.59,7,113.58,48,113.56,2,113.55,30,113.54,15,113.53,3,113.64,26,113.65,42,113.66,31,113.67,43,113.68,31,113.69,36,113.7,19,113.71,28,,,,
2020-10-29 09:33:46,113.68,113.67,1,113.67,27,113.69,34,113.69,113.67,113.67,27,113.66,16,113.65,42,113.64,3,113.63,22,113.62,7,113.61,29,113.6,22,113.59,7,113.58,48,113.69,34,113.7,19,113.71,28,,,,,,,,,,,,,,
2020-10-29 09:33:47,113.655,113.66,1,113.64,26,113.67,34,113.67,113.64,113.64,26,113.63,22,113.62,7,113.61,29,113.6,22,113.59,7,113.58,48,113.56,2,113.55,30,113.54,15,113.67,34,113.68,45,113.69,42,113.7,19,113.71,28,,,,,,,,,,
2020-10-29 09:33:48,113.68,113.68,1,113.67,9,113.69,35,113.69,113.67,113.67,9,113.66,37,113.65,2,113.64,26,113.63,22,113.62,7,113.61,29,113.6,22,113.59,7,113.58,48,113.69,35,113.7,19,113.71,28,,,,,,,,,,,,,,
2020-10-29 09:33:49,113.66,113.66,1,113.65,15,113.67,40,113.67,113.65,113.65,15,113.64,26,113.63,22,113.62,7,113.61,29,113.6,22,113.59,7,113.58,48,113.56,2,113.55,30,113.67,40,113.68,71,113.7,43,113.71,45,113.72,28,,,,,,,,,,
2020-10-29 09:33:50,113.67,113.67,2,113.66,9,113.68,8,113.68,113.66,113.66,9,113.64,1,113.63,47,113.62,7,113.61,29,113.6,22,113.59,7,113.58,48,113.56,2,113.55,30,113.68,8,113.69,18,113.7,35,113.71,45,113.72,28,,,,,,,,,,
2020-10-29 09:33:51,113.665,113.65,1,113.65,28,113.68,24,113.68,113.65,113.65,28,113.64,7,113.63,47,113.62,7,113.61,29,113.6,22,113.59,7,113.58,48,113.56,2,113.55,30,113.68,11,113.69,24,113.7,44,113.71,45,113.72,28,,,,,,,,,,
2020-10-29 09:33:52,113.665,113.65,8,113.65,26,113.68,29,113.68,113.65,113.65,26,113.64,7,113.63,47,113.62,7,113.61,29,113.6,22,113.59,7,113.58,48,113.56,2,113.55,30,113.68,29,113.69,50,113.7,44,113.71,45,113.72,28,,,,,,,,,,
2020-10-29 09:33:53,113.63,113.62,1,113.62,25,113.64,7,113.64,113.62,113.62,25,113.61,29,113.6,22,113.59,7,113.58,48,113.56,2,113.55,30,113.54,15,113.53,3,113.52,3,113.64,7,113.65,36,113.66,32,113.67,6,113.68,19,113.7,44,113.71,45,113.72,28,,,,
2020-10-29 09:33:54,113.65,113.65,8,113.64,19,113.66,1,113.66,113.64,113.64,19,113.63,4,113.62,18,113.61,84,113.6,26,113.59,7,113.58,48,113.56,2,113.55,30,113.54,15,113.66,1,113.67,18,113.68,19,113.7,44,113.71,45,113.72,28,,,,,,,,
2020-10-29 09:33:55,113.605,113.61,1,113.6,31,113.61,28,113.61,113.6,113.6,31,113.59,7,113.58,48,113.56,2,113.55,30,113.54,15,113.53,3,113.52,3,113.51,22,113.5,33,113.61,28,113.62,39,113.63,26,113.64,20,113.66,42,113.67,18,113.68,19,113.7,44,113.71,45,113.72,28
2020-10-29 09:33:56,113.62,113.62,1,113.61,33,113.63,2,113.63,113.61,113.61,33,113.6,41,113.59,7,113.58,48,113.56,2,113.55,30,113.54,15,113.53,3,113.52,3,113.51,22,113.63,2,113.64,31,113.65,19,113.66,42,113.67,18,113.68,19,113.7,44,113.71,45,113.72,28,,
2020-10-29 09:33:57,113.605,113.61,2,113.59,4,113.62,26,113.62,113.59,113.59,4,113.58,15,113.57,15,113.56,56,113.55,30,113.54,15,113.53,3,113.52,3,113.51,22,113.5,33,113.62,26,113.63,41,113.64,31,113.65,19,113.66,42,113.67,18,113.68,19,113.7,44,113.71,45,113.72,28
2020-10-29 09:33:58,113.565,113.57,3,113.55,38,113.58,41,113.58,113.55,113.55,38,113.54,15,113.53,3,113.52,3,113.51,22,113.5,33,113.49,247,113.48,23,113.47,5,113.46,10,113.58,41,113.59,35,113.6,15,113.61,35,113.62,30,113.63,14,113.64,43,113.65,19,113.66,42,113.67,18
2020-10-29 09:33:59,113.61,113.61,1,113.6,13,113.62,26,113.62,113.6,113.6,13,113.57,45,113.56,26,113.55,64,113.54,15,113.53,3,113.52,3,113.51,22,113.5,33,113.49,247,113.62,26,113.63,14,113.64,43,113.65,19,113.66,42,113.67,18,113.68,19,113.7,44,113.71,45,113.72,28
2020-10-29 09:34:00,113.58,113.59,1,113.57,28,113.59,9,113.59,113.57,113.57,36,113.56,26,113.55,64,113.54,15,113.53,3,113.52,3,113.51,22,113.5,33,113.49,247,113.48,23,113.59,11,113.6,24,113.61,13,113.62,33,113.63,38,113.64,43,113.65,19,113.66,42,113.67,18,113.68,19
2020-10-29 09:34:01,113.56,113.56,1,113.55,33,113.57,22,113.57,113.55,113.55,33,113.54,15,113.53,3,113.52,3,113.51,22,113.5,33,113.49,247,113.48,23,113.47,5,113.46,10,113.57,22,113.58,40,113.59,5,113.6,47,113.61,13,113.62,33,113.63,38,113.64,43,113.65,19,113.66,42
2020-10-29 09:34:02,113.55,113.55,1,113.54,27,113.56,35,113.56,113.54,113.54,27,113.53,48,113.52,2,113.51,10,113.5,9,113.49,57,113.47,18,113.46,10,113.45,265,113.44,275,113.56,35,113.57,5,113.58,40,113.59,5,113.6,47,113.61,13,113.62,33,113.63,38,113.64,43,113.65,19
2020-10-29 09:34:03,113.62,113.61,2,113.61,3,113.64,45,113.64,113.61,113.61,1,113.6,40,113.59,25,113.58,15,113.57,7,113.56,19,113.55,3,113.54,27,113.53,48,113.52,2,113.63,25,113.64,43,113.65,19,113.66,42,113.67,18,113.68,19,113.7,44,113.71,45,113.72,28,,
2020-10-29 09:34:04,113.64,113.64,4,113.63,28,113.65,3,113.65,113.63,113.63,28,113.62,37,113.61,17,113.6,40,113.59,25,113.58,15,113.57,7,113.56,19,113.55,3,113.54,27,113.65,3,113.66,11,113.67,2,113.68,18,113.69,3,113.7,49,113.71,45,113.72,28,,,,
2020-10-29 09:34:05,113.64,113.63,11,113.63,30,113.65,3,113.65,113.63,113.63,30,113.62,37,113.61,17,113.6,40,113.59,25,113.58,15,113.57,7,113.56,19,113.55,3,113.54,27,113.65,3,113.66,2,113.67,3,113.68,4,113.69,5,113.7,24,113.71,54,113.72,28,,,,
2020-10-29 09:34:06,113.66,113.66,1,113.65,38,113.67,18,113.67,113.65,113.65,38,113.64,18,113.63,55,113.62,28,113.61,17,113.6,40,113.59,25,113.58,15,113.57,7,113.56,19,113.67,18,113.68,4,113.69,5,113.7,24,113.71,54,113.72,28,,,,,,,,
2020-10-29 09:34:07,113.67,113.67,4,113.66,35,113.68,32,113.68,113.66,113.66,35,113.65,13,113.64,31,113.63,55,113.62,28,113.61,17,113.6,40,113.59,25,113.58,15,113.57,7,113.68,32,113.69,25,113.7,24,113.71,54,113.72,28,,,,,,,,,,
2020-10-29 09:34:08,113.69,113.69,1,113.68,17,113.7,44,113.7,113.68,113.68,17,113.67,8,113.66,91,113.65,13,113.64,31,113.63,55,113.62,28,113.61,17,113.6,40,113.59,25,113.7,44,113.71,54,113.72,28,,,,,,,,,,,,,,
2020-10-29 09:34:09,113.655,113.64,1,113.64,73,113.67,1,113.67,113.64,113.64,73,113.63,55,113.62,28,113.61,17,113.6,40,113.59,25,113.58,15,113.57,7,113.56,19,113.55,3,113.67,1,113.68,11,113.69,23,113.7,24,113.71,65,113.72,28,,,,,,,,
2020-10-29 09:34:10,113.65,113.64,1,113.64,64,113.66,25,113.66,113.64,113.64,64,113.63,55,113.62,28,113.61,17,113.6,40,113.59,25,113.58,15,113.57,7,113.56,19,113.55,3,113.66,25,113.67,25,113.68,28,113.69,23,113.7,24,113.71,65,113.72,28,,,,,,
2020-10-29 09:34:11,113.63,113.62,1,113.62,4,113.64,15,113.64,113.62,113.62,4,113.61,63,113.6,40,113.59,25,113.58,15,113.57,7,113.56,19,113.55,3,113.54,27,113.53,48,113.64,15,113.65,34,113.66,31,113.67,25,113.68,28,113.69,23,113.7,24,113.71,65,113.72,28,,
2020-10-29 09:34:12,113.665,113.67,1,113.66,25,113.67,1,113.67,113.66,113.66,25,113.65,4,113.64,2,113.63,40,113.62,36,113.61,63,113.6,40,113.59,25,113.58,15,113.57,7,113.67,1,113.68,24,113.69,23,113.7,24,113.71,65,113.72,28,,,,,,,,
2020-10-29 09:34:13,113.65,113.63,5,113.64,4,113.66,11,113.66,113.64,113.64,4,113.63,39,113.62,76,113.61,63,113.6,40,113.59,25,113.58,15,113.57,7,113.56,19,113.55,3,113.66,11,113.67,13,113.68,24,113.69,23,113.7,24,113.71,65,113.72,28,,,,,,
2020-10-29 09:34:14,113.655,113.67,3,113.64,23,113.67,13,113.67,113.64,113.64,23,113.63,41,113.62,76,113.61,63,113.6,40,113.59,25,113.58,15,113.57,7,113.56,19,113.55,3,113.67,13,113.68,30,113.69,23,113.7,24,113.71,65,113.72,28,,,,,,,,
2020-10-29 09:34:15,113.66,113.66,6,113.65,19,113.67,10,113.67,113.65,113.65,19,113.64,67,113.63,41,113.62,76,113.61,63,113.6,40,113.59,25,113.58,15,113.57,7,113.56,19,113.67,10,113.68,3,113.69,11,113.7,31,113.71,65,113.72,28,,,,,,,,
2020-10-29 09:34:16,113.675,113.67,1,113.66,85,113.69,21,113.69,113.66,113.66,85,113.65,27,113.64,67,113.63,41,113.62,76,113.61,63,113.6,40,113.59,25,113.58,15,113.57,7,113.69,21,113.7,31,113.71,65,113.72,28,,,,,,,,,,,,
2020-10-29 09:34:17,113.69,113.69,1,113.68,83,113.7,26,113.7,113.68,113.68,83,113.67,6,113.66,85,113.65,27,113.64,67,113.63,41,113.62,76,113.61,63,113.6,40,113.59,25,113.7,26,113.71,65,113.72,28,,,,,,,,,,,,,,
2020-10-29 09:34:18,113.695,113.69,1,113.68,84,113.71,66,113.71,113.68,113.68,84,113.67,6,113.66,85,113.65,27,113.64,67,113.63,41,113.62,76,113.61,63,113.6,40,113.59,25,113.71,66,113.72,28,,,,,,,,,,,,,,,,
2020-10-29 09:34:19,113.67,113.67,1,113.66,69,113.68,1,113.68,113.66,113.66,69,113.65,27,113.64,67,113.63,41,113.62,76,113.61,63,113.6,40,113.59,25,113.58,15,113.57,7,113.68,1,113.69,25,113.7,19,113.71,69,113.72,28,,,,,,,,,,
2020-10-29 09:34:20,113.6,113.6,1,113.59,32,113.61,14,113.61,113.59,113.59,32,113.58,15,113.57,7,113.56,19,113.55,3,113.54,27,113.53,48,113.52,2,113.51,10,113.5,9,113.61,14,113.62,5,113.63,15,113.64,19,113.65,15,113.66,7,113.67,11,113.68,17,113.69,25,113.7,19
2020-10-29 09:34:21,113.615,113.6,1,113.61,1,113.62,8,113.62,113.61,113.61,1,113.6,9,113.59,22,113.58,7,113.57,17,113.56,37,113.55,3,113.54,27,113.53,48,113.52,2,113.62,8,113.63,15,113.64,19,113.65,15,113.66,7,113.67,11,113.68,17,113.69,25,113.7,19,113.71,69
2020-10-29 09:34:22,113.61,113.62,1,113.6,46,113.62,15,113.62,113.6,113.6,46,113.59,22,113.58,7,113.57,17,113.56,37,113.55,3,113.54,27,113.53,48,113.52,2,113.51,10,113.62,15,113.63,25,113.64,19,113.65,15,113.66,7,113.67,11,113.68,17,113.69,25,113.7,19,113.71,69
2020-10-29 09:34:23,113.635,113.63,1,113.63,3,113.64,27,113.64,113.63,113.63,3,113.62,17,113.61,17,113.6,48,113.59,25,113.58,7,113.57,17,113.56,37,113.55,3,113.54,27,113.64,27,113.65,15,113.66,7,113.67,11,113.68,17,113.69,25,113.7,19,113.71,69,113.72,28,,
2020-10-29 09:34:24,113.635,113.63,1,113.63,21,113.64,10,113.64,113.63,113.63,21,113.62,17,113.61,17,113.6,48,113.59,25,113.58,7,113.57,17,113.56,37,113.55,3,113.54,27,113.64,10,113.65,27,113.66,7,113.67,11,113.68,17,113.69,25,113.7,19,113.71,69,113.72,28,,
2020-10-29 09:34:25,113.62,113.62,1,113.61,19,113.63,19,113.63,113.61,113.61,19,113.6,48,113.59,25,113.58,7,113.57,17,113.56,37,113.55,3,113.54,27,113.53,48,113.52,2,113.63,19,113.64,16,113.65,27,113.66,7,113.67,11,113.68,17,113.69,25,113.7,19,113.71,69,113.72,28
2020-10-29 09:34:26,113.625,113.63,5,113.62,3,113.63,9,113.63,113.62,113.62,3,113.61,28,113.6,78,113.59,25,113.58,7,113.57,17,113.56,37,113.55,3,113.54,27,113.53,48,113.63,9,113.64,13,113.65,27,113.66,7,113.67,11,113.68,17,113.69,25,113.7,19,113.71,69,113.72,28
2020-10-29 09:34:27,113.645,113.65,1,113.64,33,113.65,2,113.65,113.64,113.64,33,113.63,62,113.62,28,113.61,28,113.6,78,113.59,25,113.58,7,113.57,17,113.56,37,113.55,3,113.65,2,113.66,27,113.67,11,113.68,17,113.69,25,113.7,19,113.71,69,113.72,28,,,,
2020-10-29 09:34:28,113.63,113.63,10,113.62,30,113.64,3,113.64,113.62,113.62,30,113.61,28,113.6,78,113.59,25,113.58,7,113.57,17,113.56,37,113.55,3,113.54,27,113.53,48,113.64,3,113.65,49,113.66,27,113.67,11,113.68,17,113.69,25,113.7,19,113.71,69,113.72,28,,
2020-10-29 09:34:29,113.64,113.64,1,113.63,30,113.65,6,113.65,113.63,113.63,30,113.62,41,113.61,28,113.6,78,113.59,25,113.58,7,113.57,17,113.56,37,113.55,3,113.54,27,113.65,6,113.66,41,113.67,11,113.68,17,113.69,25,113.7,19,113.71,69,113.72,28,,,,
2020-10-29 09:34:30,113.61,113.62,1,113.6,75,113.62,56,113.62,113.6,113.6,75,113.59,25,113.58,7,113.57,17,113.56,37,113.55,3,113.54,27,113.53,48,113.52,2,113.51,10,113.62,56,113.63,29,113.64,20,113.65,27,113.66,41,113.67,11,113.68,17,113.69,25,113.7,19,113.71,69
2020-10-29 09:34:31,113.645,113.63,1,113.63,32,113.66,36,113.66,113.65,113.63,32,113.62,14,113.61,34,113.6,68,113.59,25,113.58,7,113.57,17,113.56,37,113.55,3,113.54,27,113.66,36,113.67,11,113.68,17,113.69,25,113.7,19,113.71,69,113.72,28,,,,,,
2020-10-29 09:34:32,113.75,113.75,10,113.74,10,113.76,12,113.76,113.74,113.74,10,113.73,15,113.72,13,113.71,24,113.7,50,113.69,35,113.68,31,113.67,30,113.66,31,113.65,36,113.76,12,,,,,,,,,,,,,,,,,,
2020-10-29 09:34:33,113.695,113.69,6,113.68,33,113.71,2,113.71,113.68,113.68,33,113.67,30,113.66,31,113.65,36,113.64,28,113.63,39,113.62,14,113.61,34,113.6,68,113.59,25,113.71,2,113.72,38,113.73,11,113.74,20,113.75,25,113.76,27,,,,,,,,
2020-10-29 09:34:34,113.68,113.68,1,113.67,24,113.69,14,113.69,113.67,113.67,24,113.66,2,113.65,36,113.64,28,113.63,39,113.62,14,113.61,34,113.6,68,113.59,25,113.58,7,113.69,14,113.7,10,113.71,27,113.72,38,113.73,11,113.74,20,113.75,25,113.76,27,,,,
2020-10-29 09:34:35,113.67,113.67,10,113.66,13,113.68,2,113.68,113.66,113.66,13,113.65,36,113.64,28,113.63,39,113.62,14,113.61,34,113.6,68,113.59,25,113.58,7,113.57,17,113.68,2,113.69,34,113.7,18,113.71,24,113.72,38,113.73,11,113.74,20,113.75,25,113.76,27,,
2020-10-29 09:34:36,113.665,113.67,1,113.65,35,113.68,25,113.68,113.65,113.65,35,113.64,28,113.63,39,113.62,14,113.61,34,113.6,68,113.59,25,113.58,7,113.57,17,113.56,37,113.68,25,113.69,34,113.7,18,113.71,24,113.72,38,113.73,11,113.74,20,113.75,25,113.76,27,,
2020-10-29 09:34:37,113.63,113.63,2,113.62,26,113.64,33,113.64,113.62,113.62,26,113.61,34,113.6,68,113.59,25,113.58,7,113.57,17,113.56,37,113.55,3,113.54,27,113.53,48,113.64,33,113.65,9,113.66,15,113.67,42,113.68,21,113.69,34,113.7,18,113.71,24,113.72,38,113.73,11
2020-10-29 09:34:38,113.645,113.65,1,113.63,44,113.66,12,113.66,113.64,113.63,44,113.62,29,113.61,34,113.6,68,113.59,25,113.58,7,113.57,17,113.56,37,113.55,3,113.54,27,113.66,12,113.67,23,113.68,21,113.69,34,113.7,18,113.71,24,113.72,38,113.73,11,113.74,20,113.75,25
2020-10-29 09:34:39,113.61,113.61,1,113.6,75,113.62,36,113.62,113.6,113.6,75,113.59,25,113.58,7,113.57,17,113.56,37,113.55,3,113.54,27,113.53,48,113.52,2,113.51,10,113.62,36,113.63,19,113.64,40,113.65,24,113.66,15,113.67,23,113.68,21,113.69,34,113.7,18,113.71,24
2020-10-29 09:34:40,113.54,113.54,1,113.53,33,113.55,7,113.55,113.53,113.53,33,113.52,2,113.51,10,113.5,9,113.49,57,113.47,18,113.46,10,113.45,265,113.44,275,113.43,16,113.55,7,113.56,52,113.57,32,113.58,21,113.59,25,113.6,35,113.61,41,113.62,39,113.63,19,113.64,40
2020-10-29 09:34:41,113.59,113.6,2,113.58,3,113.6,28,113.6,113.58,113.58,3,113.57,25,113.56,25,113.55,19,113.54,9,113.53,34,113.52,37,113.51,30,113.5,9,113.49,57,113.6,28,113.61,41,113.62,39,113.63,19,113.64,40,113.65,24,113.66,15,113.67,23,113.68,21,113.69,34
2020-10-29 09:34:42,113.585,113.58,16,113.58,5,113.59,13,113.59,113.58,113.58,5,113.57,19,113.56,25,113.55,19,113.54,9,113.53,34,113.52,37,113.51,30,113.5,9,113.49,57,113.59,13,113.61,37,113.62,39,113.63,19,113.64,40,113.65,24,113.66,15,113.67,23,113.68,21,113.69,34
2020-10-29 09:34:43,113.685,113.7,632,113.67,30,113.7,41,113.7,113.67,113.67,29,113.66,44,113.65,39,113.64,55,113.63,13,113.62,18,113.61,9,113.6,25,113.59,41,113.58,54,113.7,41,113.71,24,113.72,38,113.73,11,113.74,20,113.75,25,113.76,27,,,,,,
2020-10-29 09:34:44,113.69,113.69,4,113.68,36,113.7,39,113.7,113.68,113.68,36,113.67,30,113.66,44,113.65,39,113.64,55,113.63,13,113.62,18,113.61,9,113.6,25,113.59,41,113.7,39,113.71,24,113.72,38,113.73,11,113.74,20,113.75,25,113.76,27,,,,,,
2020-10-29 09:34:45,113.645,113.65,1,113.63,20,113.66,8,113.66,113.63,113.63,20,113.62,18,113.61,9,113.6,25,113.59,41,113.58,54,113.57,20,113.56,25,113.55,19,113.54,9,113.66,8,113.67,20,113.68,6,113.69,31,113.7,39,113.71,24,113.72,38,113.73,11,113.74,20,113.75,25
2020-10-29 09:34:46,113.615,113.6,1,113.6,31,113.63,2,113.63,113.6,113.6,31,113.59,41,113.58,54,113.57,20,113.56,25,113.55,19,113.54,9,113.53,34,113.52,37,113.51,30,113.63,2,113.64,26,113.65,4,113.66,21,113.67,18,113.68,25,113.69,31,113.7,39,113.71,24,113.72,38
2020-10-29 09:34:47,113.63,113.63,2,113.62,36,113.64,15,113.64,113.62,113.62,36,113.61,4,113.6,37,113.59,41,113.58,54,113.57,20,113.56,25,113.55,19,113.54,9,113.53,34,113.64,15,113.65,4,113.66,21,113.67,18,113.68,25,113.69,31,113.7,39,113.71,24,113.72,38,113.73,11
2020-10-29 09:34:48,113.64,113.63,2,113.63,31,113.65,12,113.65,113.63,113.63,31,113.62,39,113.61,42,113.6,37,113.59,41,113.58,54,113.57,20,113.56,25,113.55,19,113.54,9,113.65,12,113.66,21,113.67,18,113.68,25,113.69,31,113.7,39,113.71,24,113.72,38,113.73,11,113.74,20
2020-10-29 09:34:49,113.65,113.64,1,113.64,1,113.66,19,113.66,113.64,113.64,1,113.63,34,113.62,39,113.61,42,113.6,37,113.59,41,113.58,54,113.57,20,113.56,25,113.55,19,113.66,19,113.67,18,113.68,25,113.69,31,113.7,39,113.71,24,113.72,38,113.73,11,113.74,20,113.75,25
2020-10-29 09:34:50,113.635,113.64,1,113.63,28,113.64,14,113.64,113.63,113.63,28,113.62,39,113.61,42,113.6,37,113.59,41,113.58,54,113.57,20,113.56,25,113.55,19,113.54,9,113.64,14,113.65,18,113.66,31,113.67,34,113.68,35,113.69,31,113.7,39,113.71,24,113.72,38,113.73,11
2020-10-29 09:34:51,113.625,113.62,2,113.62,1,113.63,33,113.63,113.62,113.62,1,113.61,29,113.6,36,113.59,41,113.58,54,113.57,20,113.56,25,113.55,19,113.54,9,113.53,34,113.63,33,113.64,40,113.65,31,113.66,31,113.67,34,113.68,35,113.69,31,113.7,39,113.71,24,113.72,38
2020-10-29 09:34:52,113.62,113.63,1,113.61,24,113.63,2,113.63,113.61,113.61,24,113.6,33,113.59,41,113.58,54,113.57,20,113.56,25,113.55,19,113.54,9,113.53,34,113.52,37,113.63,2,113.64,21,113.65,14,113.66,18,113.67,34,113.68,35,113.69,31,113.7,39,113.71,24,113.72,38
2020-10-29 09:34:53,113.64,113.63,15,113.63,3,113.65,18,113.65,113.63,113.63,3,113.62,40,113.61,33,113.6,33,113.59,41,113.58,54,113.57,20,113.56,25,113.55,19,113.54,9,113.65,18,113.66,18,113.67,34,113.68,35,113.69,31,113.7,39,113.71,24,113.72,38,113.73,11,113.74,20
2020-10-29 09:34:54,113.61,113.6,1,113.6,30,113.62,22,113.62,113.6,113.6,30,113.59,41,113.58,54,113.57,20,113.56,25,113.55,19,113.54,9,113.53,34,113.52,37,113.51,30,113.62,22,113.63,18,113.64,33,113.65,20,113.66,53,113.67,34,113.68,35,113.69,31,113.7,39,113.71,24
2020-10-29 09:34:55,113.63,113.62,1,113.62,2,113.64,46,113.64,113.62,113.62,2,113.61,18,113.6,42,113.59,41,113.58,54,113.57,20,113.56,25,113.55,19,113.54,9,113.53,34,113.64,46,113.65,20,113.66,53,113.67,34,113.68,35,113.69,31,113.7,39,113.71,24,113.72,38,113.73,11
2020-10-29 09:34:56,113.63,113.64,1,113.63,33,113.64,45,113.64,113.63,113.62,31,113.61,18,113.6,42,113.59,41,113.58,54,113.57,20,113.56,25,113.55,19,113.54,9,113.53,34,113.64,43,113.65,20,113.66,53,113.67,34,113.68,35,113.69,31,113.7,39,113.71,24,113.72,38,113.73,11
2020-10-29 09:34:57,113.645,113.64,2,113.64,12,113.65,1,113.65,113.64,113.64,12,113.63,33,113.62,33,113.61,18,113.6,42,113.59,41,113.58,54,113.57,20,113.56,25,113.55,19,113.65,1,113.66,17,113.67,14,113.68,36,113.69,31,113.7,39,113.71,24,113.72,38,113.73,11,113.74,20
2020-10-29 09:34:58,113.68,113.67,1,113.67,29,113.69,22,113.69,113.67,113.67,35,113.66,23,113.65,36,113.64,17,113.63,16,113.62,36,113.61,18,113.6,42,113.59,41,113.58,54,113.69,22,113.7,39,113.71,24,113.72,38,113.73,11,113.74,20,113.75,25,113.76,27,,,,
2020-10-29 09:34:59,113.655,113.66,1,113.65,45,113.66,2,113.66,113.65,113.65,45,113.64,38,113.63,23,113.62,36,113.61,18,113.6,42,113.59,41,113.58,54,113.57,20,113.56,25,113.66,2,113.67,23,113.68,34,113.69,28,113.7,39,113.71,24,113.72,38,113.73,11,113.74,20,113.75,25
2020-10-29 09:35:00,113.67,113.65,1,113.66,26,113.68,29,113.68,113.66,113.66,24,113.65,19,113.64,28,113.63,19,113.62,42,113.61,18,113.6,42,113.59,41,113.58,54,113.57,20,113.68,29,113.69,28,113.7,39,113.71,24,113.72,38,113.73,11,113.74,20,113.75,25,113.76,27,,
2020-10-29 09:35:01,113.73,113.72,1,113.72,28,113.74,30,113.74,113.72,113.72,28,113.71,20,113.7,38,113.69,43,113.68,22,113.67,22,113.66,27,113.65,19,113.64,28,113.63,19,113.74,30,113.75,25,113.76,27,,,,,,,,,,,,,,
2020-10-29 09:35:02,113.82,113.76,1,113.81,21,113.83,8,113.83,113.81,113.81,21,113.8,23,113.79,33,113.78,29,113.77,15,113.76,42,113.75,20,113.74,38,113.73,4,113.72,18,113.83,8,,,,,,,,,,,,,,,,,,
2020-10-29 09:35:03,113.865,113.87,1,113.86,45,113.87,21,113.87,113.86,113.86,45,113.85,37,113.84,31,113.83,7,113.82,38,113.81,35,113.8,72,113.79,18,113.78,23,113.77,15,113.87,21,,,,,,,,,,,,,,,,,,
2020-10-29 09:35:04,113.915,113.92,1,113.9,30,113.93,4,113.93,113.9,113.9,30,113.89,16,113.88,30,113.87,28,113.86,34,113.85,37,113.84,31,113.83,7,113.82,38,113.81,35,113.93,4,,,,,,,,,,,,,,,,,,
2020-10-29 09:35:05,113.89,113.89,1,113.89,7,113.89,5,113.89,113.89,113.89,7,113.88,31,113.87,28,113.86,34,113.85,37,113.84,31,113.83,7,113.82,38,113.81,35,113.8,72,113.89,5,113.9,2,113.91,15,113.92,3,113.93,13,113.94,6,,,,,,,,
2020-10-29 09:35:06,113.91,113.91,1,113.9,43,113.92,16,113.92,113.9,113.9,22,113.89,31,113.88,47,113.87,42,113.86,34,113.85,37,113.84,31,113.83,7,113.82,38,113.81,35,113.92,16,113.93,13,113.94,6,,,,,,,,,,,,,,
2020-10-29 09:35:07,113.92,113.91,1,113.91,42,113.93,10,113.93,113.91,113.91,42,113.9,19,113.89,31,113.88,47,113.87,42,113.86,34,113.85,37,113.84,31,113.83,7,113.82,38,113.93,10,113.94,35,113.95,298,,,,,,,,,,,,,,
2020-10-29 09:35:08,113.98,113.98,1,113.97,32,113.99,26,113.99,113.97,113.97,32,113.96,32,113.95,37,113.94,6,113.93,41,113.92,27,113.91,42,113.9,19,113.89,31,113.88,47,113.99,26,,,,,,,,,,,,,,,,,,
2020-10-29 09:35:09,113.95,113.94,4,113.94,4,113.96,3,113.96,113.94,113.94,4,113.93,43,113.92,29,113.91,42,113.9,19,113.89,31,113.88,47,113.87,42,113.86,34,113.85,37,113.96,3,113.97,30,113.98,17,113.99,26,,,,,,,,,,,,
2020-10-29 09:35:10,113.95,113.95,1,113.94,40,113.96,31,113.96,113.94,113.94,40,113.93,43,113.92,51,113.91,42,113.9,19,113.89,31,113.88,47,113.87,42,113.86,34,113.85,37,113.96,31,113.97,41,113.98,17,113.99,26,,,,,,,,,,,,
2020-10-29 09:35:11,113.97,113.97,1,113.96,41,113.98,2,113.98,113.96,113.96,41,113.95,32,113.94,22,113.93,36,113.92,51,113.91,42,113.9,19,113.89,31,113.88,47,113.87,42,113.98,2,113.99,24,,,,,,,,,,,,,,,,
2020-10-29 09:35:12,113.94,113.94,1,113.93,6,113.95,33,113.95,113.93,113.93,6,113.92,32,113.91,42,113.9,19,113.89,31,113.88,47,113.87,42,113.86,34,113.85,37,113.84,31,113.95,33,113.96,20,113.97,20,113.98,37,113.99,25,,,,,,,,,,
2020-10-29 09:35:13,113.935,113.94,1,113.93,2,113.94,1,113.94,113.93,113.93,2,113.92,37,113.91,42,113.9,19,113.89,31,113.88,47,113.87,42,113.86,34,113.85,37,113.84,31,113.94,1,113.95,41,113.96,20,113.97,20,113.98,37,113.99,25,,,,,,,,
2020-10-29 09:35:14,113.955,113.96,2,113.95,1,113.96,22,113.96,113.95,113.95,1,113.94,43,113.93,27,113.92,49,113.91,42,113.9,19,113.89,31,113.88,47,113.87,42,113.86,34,113.96,22,113.97,20,113.98,37,113.99,25,,,,,,,,,,,,
2020-10-29 09:35:15,113.93,113.93,1,113.92,37,113.94,5,113.94,113.92,113.92,37,113.91,42,113.9,19,113.89,31,113.88,47,113.87,42,113.86,34,113.85,37,113.84,31,113.83,7,113.94,5,113.95,3,113.96,30,113.97,60,113.98,45,113.99,25,,,,,,,,
2020-10-29 09:35:16,113.975,113.98,1,113.97,13,113.98,39,113.98,113.97,113.97,13,113.96,14,113.95,27,113.94,44,113.93,4,113.92,36,113.91,42,113.9,19,113.89,31,113.88,47,113.98,39,113.99,25,,,,,,,,,,,,,,,,
2020-10-29 09:35:17,113.995,114.0,1,113.99,3,114.0,305,114.0,113.99,113.99,3,113.98,50,113.97,36,113.96,14,113.95,27,113.94,44,113.93,4,113.92,36,113.91,42,113.9,19,114.0,305,,,,,,,,,,,,,,,,,,
2020-10-29 09:35:18,114.025,114.03,1,114.02,20,114.03,2,114.03,114.02,114.02,20,114.01,47,114.0,54,113.99,48,113.98,50,113.97,36,113.96,14,113.95,27,113.94,44,113.93,4,114.03,2,114.04,26,,,,,,,,,,,,,,,,
2020-10-29 09:35:19,114.005,114.01,1,114.0,26,114.01,3,114.01,114.0,114.0,26,113.99,48,113.98,50,113.97,36,113.96,14,113.95,27,113.94,44,113.93,4,113.92,36,113.91,42,114.01,3,114.02,25,114.03,17,114.04,24,,,,,,,,,,,,
2020-10-29 09:35:20,114.005,114.0,1,114.0,3,114.01,47,114.01,114.0,114.0,3,113.99,36,113.98,50,113.97,36,113.96,14,113.95,27,113.94,44,113.93,4,113.92,36,113.91,42,114.01,47,114.02,25,114.03,17,114.04,24,,,,,,,,,,,,
2020-10-29 09:35:21,113.975,113.97,1,113.97,5,113.98,39,113.98,113.97,113.97,5,113.96,37,113.95,27,113.94,44,113.93,4,113.92,36,113.91,42,113.9,19,113.89,31,113.88,47,113.98,39,113.99,19,114.0,30,114.01,40,114.02,25,114.03,17,114.04,24,,,,,,
2020-10-29 09:35:22,114.0,114.0,1,113.99,7,114.01,61,114.01,113.99,113.99,18,113.98,31,113.97,5,113.96,36,113.95,27,113.94,44,113.93,4,113.92,36,113.91,42,113.9,19,114.01,61,114.02,25,114.03,17,114.04,24,,,,,,,,,,,,
2020-10-29 09:35:23,113.975,113.98,1,113.97,25,113.98,1,113.98,113.97,113.97,25,113.96,36,113.95,27,113.94,44,113.93,4,113.92,36,113.91,42,113.9,19,113.89,31,113.88,47,113.98,1,113.99,1,114.0,28,114.01,60,114.02,25,114.03,17,114.04,24,,,,,,
2020-10-29 09:35:24,113.985,113.98,1,113.98,40,113.99,2,113.99,113.98,113.98,41,113.97,45,113.96,36,113.95,27,113.94,44,113.93,4,113.92,36,113.91,42,113.9,19,113.89,31,113.99,2,114.0,45,114.01,55,114.02,25,114.03,17,114.04,24,,,,,,,,
2020-10-29 09:35:25,113.98,113.97,20,113.97,28,113.99,23,113.99,113.97,113.97,28,113.96,36,113.95,27,113.94,44,113.93,4,113.92,36,113.91,42,113.9,19,113.89,31,113.88,47,113.99,23,114.0,4,114.01,56,114.02,25,114.03,17,114.04,24,,,,,,,,
2020-10-29 09:35:26,113.98,113.98,1,113.97,18,113.99,34,113.99,113.97,113.97,18,113.96,39,113.95,27,113.94,44,113.93,4,113.92,36,113.91,42,113.9,19,113.89,31,113.88,47,113.99,34,114.0,34,114.01,56,114.02,25,114.03,17,114.04,24,,,,,,,,
2020-10-29 09:35:27,113.975,113.97,11,113.97,19,113.98,1,113.98,113.97,113.97,19,113.96,39,113.95,27,113.94,44,113.93,4,113.92,36,113.91,42,113.9,19,113.89,31,113.88,47,113.98,1,113.99,29,114.0,26,114.01,55,114.02,25,114.03,17,114.04,24,,,,,,
2020-10-29 09:35:28,113.985,113.98,1,113.97,40,114.0,18,114.0,113.97,113.97,34,113.96,39,113.95,27,113.94,44,113.93,4,113.92,36,113.91,42,113.9,19,113.89,31,113.88,47,114.0,18,114.01,48,114.02,25,114.03,17,114.04,24,,,,,,,,,,
2020-10-29 09:35:29,113.965,113.97,1,113.95,46,113.98,50,113.98,113.95,113.95,46,113.94,44,113.93,4,113.92,36,113.91,42,113.9,19,113.89,31,113.88,47,113.87,42,113.86,34,113.98,50,113.99,1,114.0,17,114.01,49,114.02,25,114.03,17,114.04,24,,,,,,
2020-10-29 09:35:30,113.915,113.91,1,113.9,42,113.93,36,113.93,113.9,113.9,42,113.89,45,113.88,47,113.87,42,113.86,34,113.85,37,113.84,31,113.83,7,113.82,38,113.81,35,113.93,36,113.94,22,113.95,63,113.96,29,113.97,1,113.98,48,113.99,1,114.0,17,114.01,49,114.02,25
2020-10-29 09:35:31,113.88,113.88,1,113.87,52,113.89,2,113.89,113.87,113.87,52,113.86,34,113.85,37,113.84,31,113.83,7,113.82,38,113.81,35,113.8,72,113.79,18,113.78,23,113.89,2,113.9,16,113.91,7,113.92,52,113.93,16,113.94,22,113.95,63,113.96,29,113.97,1,113.98,48
2020-10-29 09:35:32,113.885,113.89,40,113.87,35,113.9,16,113.9,113.87,113.87,35,113.86,20,113.85,38,113.84,31,113.83,7,113.82,38,113.81,35,113.8,72,113.79,18,113.78,23,113.9,16,113.91,26,113.93,40,113.94,22,113.95,63,113.96,29,113.97,1,113.98,48,113.99,1,114.0,17
2020-10-29 09:35:33,113.89,113.9,13,113.88,30,113.9,5,113.9,113.88,113.88,30,113.87,39,113.86,37,113.85,38,113.84,31,113.83,7,113.82,38,113.81,35,113.8,72,113.79,18,113.9,5,113.91,13,113.92,34,113.93,40,113.94,22,113.95,63,113.96,29,113.97,1,113.98,48,113.99,1
2020-10-29 09:35:34,113.91,113.91,1,113.9,27,113.92,32,113.92,113.9,113.9,27,113.89,27,113.88,31,113.87,39,113.86,37,113.85,38,113.84,31,113.83,7,113.82,38,113.81,35,113.92,32,113.93,40,113.94,22,113.95,63,113.96,29,113.97,1,113.98,48,113.99,1,114.0,17,114.01,49
2020-10-29 09:35:35,113.865,113.85,1,113.86,1,113.87,37,113.87,113.86,113.86,1,113.85,26,113.84,31,113.83,7,113.82,38,113.81,35,113.8,72,113.79,18,113.78,23,113.77,15,113.87,37,113.88,26,113.89,30,113.9,3,113.91,17,113.92,22,113.93,36,113.94,22,113.95,63,113.96,29
2020-10-29 09:35:36,113.82,113.83,4,113.81,4,113.83,37,113.83,113.81,113.81,4,113.8,5,113.79,4,113.78,25,113.77,15,113.76,42,113.75,20,113.74,38,113.73,4,113.72,18,113.83,37,113.84,1,113.85,56,113.86,26,113.87,35,113.88,26,113.89,30,113.9,3,113.91,17,113.92,22
2020-10-29 09:35:37,113.83,113.84,2,113.82,6,113.84,43,113.84,113.82,113.82,6,113.81,13,113.8,5,113.79,4,113.78,25,113.77,15,113.76,42,113.75,20,113.74,38,113.73,4,113.84,43,113.85,56,113.86,26,113.87,35,113.88,26,113.89,30,113.9,3,113.91,17,113.92,22,113.93,36
2020-10-29 09:35:38,113.85,113.84,1,113.84,6,113.86,25,113.86,113.84,113.84,6,113.83,10,113.82,14,113.81,13,113.8,5,113.79,4,113.78,25,113.77,15,113.76,42,113.75,20,113.86,25,113.87,35,113.88,26,113.89,30,113.9,3,113.91,17,113.92,22,113.93,36,113.94,22,113.95,63
2020-10-29 09:35:39,113.86,113.86,1,113.85,14,113.87,30,113.87,113.85,113.85,14,113.84,8,113.83,10,113.82,14,113.81,13,113.8,5,113.79,4,113.78,25,113.77,15,113.76,42,113.87,30,113.88,39,113.89,1,113.9,10,113.91,17,113.92,22,113.93,36,113.94,22,113.95,63,113.96,29
2020-10-29 09:35:40,113.805,113.79,1,113.79,4,113.82,47,113.82,113.79,113.79,4,113.78,25,113.77,15,113.76,42,113.75,20,113.74,38,113.73,4,113.72,18,113.71,7,113.7,39,113.82,47,113.83,29,113.84,30,113.85,63,113.86,19,113.87,8,113.88,46,113.89,1,113.9,10,113.91,17
2020-10-29 09:35:41,113.855,113.85,1,113.84,4,113.87,17,113.87,113.84,113.84,4,113.83,21,113.82,13,113.81,4,113.8,6,113.79,5,113.78,25,113.77,15,113.76,42,113.75,20,113.87,17,113.88,46,113.89,1,113.9,10,113.91,17,113.92,22,113.93,36,113.94,22,113.95,63,113.96,29
2020-10-29 09:35:42,113.845,113.85,6,113.83,40,113.86,53,113.86,113.83,113.83,40,113.82,13,113.81,4,113.8,6,113.79,5,113.78,25,113.77,15,113.76,42,113.75,20,113.74,38,113.86,53,113.87,17,113.88,36,113.89,1,113.9,10,113.91,17,113.92,22,113.93,36,113.94,22,113.95,63
2020-10-29 09:35:43,113.81,113.81,1,113.8,18,113.82,26,113.82,113.8,113.8,18,113.79,5,113.78,25,113.77,15,113.76,42,113.75,20,113.74,38,113.73,4,113.72,18,113.71,7,113.82,26,113.83,29,113.84,10,113.85,10,113.86,51,113.87,17,113.88,36,113.89,1,113.9,10,113.91,17
2020-10-29 09:35:44,113.8,113.8,1,113.79,3,113.81,9,113.81,113.79,113.79,3,113.78,13,113.77,5,113.76,33,113.75,20,113.74,38,113.73,4,113.72,18,113.71,7,113.7,39,113.81,9,113.82,32,113.83,29,113.84,10,113.85,10,113.86,51,113.87,17,113.88,36,113.89,1,113.9,10
2020-10-29 09:35:45,113.74,113.72,1,113.74,6,113.74,31,113.74,113.74,113.74,6,113.72,18,113.71,7,113.7,39,113.69,43,113.68,22,113.67,22,113.66,27,113.65,19,113.64,28,113.74,31,113.75,18,113.76,34,113.77,15,113.78,31,113.79,19,113.8,40,113.81,27,113.82,32,113.83,29
2020-10-29 09:35:46,113.75,113.76,1,113.74,1,113.76,23,113.76,113.74,113.74,1,113.73,3,113.72,6,113.71,3,113.7,6,113.69,27,113.68,22,113.67,22,113.66,27,113.65,19,113.76,23,113.77,15,113.78,31,113.79,19,113.8,40,113.81,27,113.82,32,113.83,29,113.84,10,113.85,10
2020-10-29 09:35:47,113.75,113.75,1,113.74,2,113.76,57,113.76,113.74,113.74,2,113.73,7,113.72,8,113.71,3,113.7,6,113.69,27,113.68,22,113.67,22,113.66,27,113.65,19,113.76,57,113.77,9,113.78,31,113.79,19,113.8,40,113.81,27,113.82,32,113.83,29,113.84,10,113.85,10
2020-10-29 09:35:48,113.74,113.75,2,113.73,3,113.75,2,113.75,113.73,113.73,3,113.72,22,113.71,3,113.7,6,113.69,27,113.68,22,113.67,22,113.66,27,113.65,19,113.64,28,113.75,2,113.76,59,113.77,9,113.78,31,113.79,19,113.8,40,113.81,27,113.82,32,113.83,29,113.84,10
2020-10-29 09:35:49,113.685,113.67,5,113.67,12,113.7,1,113.7,113.67,113.67,12,113.66,27,113.65,19,113.64,28,113.63,19,113.62,42,113.61,18,113.6,42,113.59,41,113.58,54,113.7,1,113.71,33,113.72,28,113.73,9,113.74,7,113.75,31,113.76,59,113.77,9,113.78,31,113.79,19
2020-10-29 09:35:50,113.65,113.64,1,113.64,4,113.66,18,113.66,113.64,113.64,4,113.63,24,113.62,42,113.61,18,113.6,42,113.59,41,113.58,54,113.57,20,113.56,25,113.55,19,113.66,18,113.67,25,113.68,3,113.69,5,113.7,2,113.71,33,113.72,28,113.73,9,113.74,7,113.75,31
2020-10-29 09:35:51,113.635,113.64,1,113.63,22,113.64,1,113.64,113.63,113.63,22,113.62,42,113.61,18,113.6,42,113.59,41,113.58,54,113.57,20,113.56,25,113.55,19,113.54,9,113.64,1,113.65,19,113.66,7,113.67,28,113.68,3,113.69,5,113.7,2,113.71,33,113.72,28,113.73,9
2020-10-29 09:35:52,113.655,113.65,1,113.65,2,113.66,42,113.66,113.65,113.65,2,113.64,7,113.63,5,113.62,4,113.61,10,113.6,42,113.59,41,113.58,54,113.57,20,113.56,25,113.66,42,113.67,28,113.68,3,113.69,5,113.7,2,113.71,33,113.72,28,113.73,9,113.74,7,113.75,31
2020-10-29 09:35:53,113.615,113.62,1,113.61,8,113.62,1,113.62,113.61,113.61,8,113.6,42,113.59,41,113.58,54,113.57,20,113.56,25,113.55,19,113.54,9,113.53,34,113.52,37,113.62,1,113.63,20,113.64,2,113.65,32,113.66,40,113.67,28,113.68,3,113.69,5,113.7,2,113.71,33
2020-10-29 09:35:54,113.6,113.61,1,113.59,7,113.61,5,113.61,113.59,113.59,7,113.58,64,113.57,20,113.56,25,113.55,19,113.54,9,113.53,34,113.52,37,113.51,30,113.5,9,113.61,5,113.62,31,113.63,20,113.64,2,113.65,32,113.66,40,113.67,28,113.68,3,113.69,5,113.7,2
2020-10-29 09:35:55,113.49,113.49,1,113.49,1,113.5,17,113.5,113.48,113.48,6,113.47,18,113.46,10,113.45,265,113.44,275,113.43,16,113.42,13,113.41,5,113.4,4,113.39,5,113.5,17,113.51,33,113.52,5,113.53,6,113.54,3,113.55,15,113.56,17,113.57,43,113.58,44,113.59,24
2020-10-29 09:35:56,113.34,113.34,4,113.33,34,113.35,2,113.35,113.33,113.33,34,113.32,37,113.31,41,113.3,6,113.29,16,113.28,25,113.27,38,113.26,25,113.25,17,113.24,28,113.35,2,113.36,7,113.37,2,113.38,8,113.39,34,113.4,2,113.41,19,113.42,5,113.43,3,113.44,2
2020-10-29 09:35:57,113.28,113.27,2,113.27,39,113.29,2,113.29,113.27,113.27,39,113.26,25,113.25,17,113.24,28,113.23,21,113.22,15,113.21,18,113.2,16,113.19,19,113.18,37,113.29,2,113.3,3,113.31,2,113.32,2,113.33,1,113.34,37,113.35,6,113.36,29,113.37,14,113.38,8
2020-10-29 09:35:58,113.19,113.2,5,113.18,3,113.2,2,113.2,113.18,113.18,3,113.17,6,113.16,6,113.15,39,113.14,47,113.13,37,113.12,15,113.11,27,113.1,8,113.09,30,113.2,2,113.21,11,113.22,2,113.23,15,113.24,10,113.25,19,113.26,14,113.27,12,113.28,182,113.29,2
2020-10-29 09:35:59,113.215,113.23,1,113.2,14,113.23,9,113.23,113.2,113.2,14,113.19,8,113.18,2,113.17,7,113.16,6,113.15,39,113.14,47,113.13,37,113.12,15,113.11,27,113.23,2,113.24,2,113.25,4,113.26,33,113.27,1,113.28,163,113.29,2,113.3,3,113.31,2,113.32,2
2020-10-29 09:36:00,113.275,113.28,1,113.27,7,113.28,112,113.28,113.27,113.27,7,113.26,7,113.25,1,113.24,6,113.23,2,113.22,8,113.21,7,113.2,14,113.19,8,113.18,2,113.28,112,113.29,2,113.3,3,113.31,2,113.32,2,113.33,1,113.34,37,113.35,6,113.36,29,113.37,14
2020-10-29 09:36:01,113.235,113.24,1,113.22,2,113.25,14,113.25,113.22,113.22,2,113.21,16,113.2,12,113.19,6,113.18,7,113.17,7,113.16,6,113.15,39,113.14,47,113.13,37,113.25,14,113.26,24,113.27,12,113.28,114,113.29,2,113.3,3,113.31,2,113.32,2,113.33,1,113.34,37
2020-10-29 09:36:02,113.23,113.23,1,113.22,4,113.24,7,113.24,113.22,113.22,4,113.21,11,113.2,12,113.19,6,113.18,7,113.17,7,113.16,6,113.15,39,113.14,47,113.13,37,113.24,7,113.25,4,113.26,38,113.27,12,113.28,114,113.29,2,113.3,3,113.31,2,113.32,2,113.33,1
2020-10-29 09:36:03,113.27,113.26,1,113.26,2,113.28,33,113.28,113.25,113.26,2,113.25,10,113.24,7,113.23,13,113.22,19,113.21,11,113.2,12,113.19,6,113.18,7,113.17,7,113.28,33,113.29,2,113.3,3,113.31,2,113.32,2,113.33,1,113.34,37,113.35,6,113.36,29,113.37,14
2020-10-29 09:36:04,113.26,113.27,5,113.25,19,113.27,1,113.27,113.25,113.25,19,113.24,7,113.23,13,113.22,19,113.21,11,113.2,12,113.19,6,113.18,7,113.17,7,113.16,6,113.27,1,113.28,27,113.29,2,113.3,3,113.31,2,113.32,2,113.33,1,113.34,37,113.35,6,113.36,29
2020-10-29 09:36:05,113.25,113.24,1,113.24,16,113.26,3,113.26,113.24,113.24,16,113.23,13,113.22,19,113.21,11,113.2,12,113.19,6,113.18,7,113.17,7,113.16,6,113.15,39,113.26,8,113.27,13,113.28,27,113.29,2,113.3,3,113.31,2,113.32,2,113.33,1,113.34,37,113.35,6
2020-10-29 09:36:06,113.26,113.25,4,113.25,20,113.27,4,113.27,113.25,113.25,20,113.24,20,113.23,13,113.22,19,113.21,11,113.2,12,113.19,6,113.18,7,113.17,7,113.16,6,113.27,4,113.28,1,113.29,28,113.3,3,113.31,2,113.32,2,113.33,1,113.34,37,113.35,6,113.36,29
2020-10-29 09:36:07,113.4,113.4,1,113.39,5,113.41,24,113.41,113.39,113.39,5,113.38,1,113.37,6,113.36,11,113.35,5,113.34,16,113.33,15,113.32,17,113.31,16,113.3,17,113.41,24,113.42,5,113.43,3,113.44,2,113.45,8,113.46,39,113.48,2,113.49,39,113.5,20,113.51,33
2020-10-29 09:36:09,113.44,113.44,1,113.43,2,113.45,12,113.45,113.43,113.43,2,113.42,3,113.41,15,113.4,4,113.39,5,113.38,1,113.37,6,113.36,11,113.35,5,113.34,16,113.45,12,113.46,42,113.47,23,113.48,2,113.49,39,113.5,20,113.51,33,113.52,5,113.53,6,113.54,3
2020-10-29 09:36:10,113.49,113.49,10,113.48,2,113.5,24,113.5,113.48,113.48,2,113.47,15,113.46,23,113.45,4,113.44,2,113.43,16,113.42,3,113.41,15,113.4,4,113.39,5,113.5,24,113.51,25,113.52,5,113.53,6,113.54,3,113.55,15,113.56,17,113.57,43,113.58,44,113.59,24
2020-10-29 09:36:11,113.475,113.47,1,113.46,30,113.49,22,113.49,113.46,113.46,30,113.45,12,113.44,8,113.43,28,113.42,3,113.41,15,113.4,4,113.39,5,113.38,1,113.37,6,113.49,22,113.5,18,113.51,25,113.52,5,113.53,6,113.54,3,113.55,15,113.56,17,113.57,43,113.58,44
2020-10-29 09:36:12,113.505,113.5,10,113.5,5,113.51,32,113.51,113.5,113.5,5,113.49,8,113.48,9,113.47,4,113.46,15,113.45,14,113.44,8,113.43,28,113.42,3,113.41,15,113.51,32,113.52,5,113.53,6,113.54,3,113.55,15,113.56,17,113.57,43,113.58,44,113.59,24,113.6,29
2020-10-29 09:36:13,113.49,113.5,2,113.48,12,113.5,19,113.5,113.48,113.48,12,113.47,4,113.46,15,113.45,14,113.44,8,113.43,28,113.42,3,113.41,15,113.4,4,113.39,5,113.5,19,113.51,35,113.52,3,113.53,2,113.54,3,113.55,6,113.56,18,113.57,43,113.58,44,113.59,24
2020-10-29 09:36:14,113.445,113.44,1,113.44,24,113.45,2,113.45,113.43,113.44,24,113.43,28,113.42,3,113.41,15,113.4,4,113.39,5,113.38,1,113.37,6,113.36,11,113.35,5,113.45,2,113.46,3,113.47,28,113.48,55,113.49,12,113.5,3,113.51,15,113.52,3,113.53,2,113.54,3
2020-10-29 09:36:15,113.46,113.46,4,113.45,4,113.47,37,113.47,113.45,113.45,4,113.44,23,113.43,22,113.42,3,113.41,15,113.4,4,113.39,5,113.38,1,113.37,6,113.36,11,113.47,37,113.48,55,113.49,12,113.5,3,113.51,15,113.52,3,113.53,2,113.54,3,113.55,6,113.56,18
2020-10-29 09:36:16,113.435,113.44,1,113.43,7,113.44,2,113.44,113.43,113.43,7,113.42,17,113.41,36,113.4,4,113.39,5,113.38,1,113.37,6,113.36,11,113.35,5,113.34,16,113.44,2,113.45,19,113.46,29,113.47,37,113.48,55,113.49,12,113.5,3,113.51,15,113.52,3,113.53,2
2020-10-29 09:36:17,113.4,113.41,2,113.39,13,113.41,2,113.41,113.39,113.39,13,113.38,1,113.37,6,113.36,11,113.35,5,113.34,16,113.33,15,113.32,17,113.31,16,113.3,17,113.41,2,113.42,20,113.43,2,113.44,19,113.45,19,113.46,29,113.47,37,113.48,55,113.49,12,113.5,3
2020-10-29 09:36:18,113.4,113.4,4,113.39,4,113.41,12,113.41,113.39,113.39,4,113.38,44,113.37,14,113.36,11,113.35,5,113.34,16,113.33,15,113.32,17,113.31,16,113.3,17,113.41,12,113.42,29,113.43,2,113.44,19,113.45,19,113.46,29,113.47,37,113.48,55,113.49,12,113.5,3
2020-10-29 09:36:19,113.415,113.42,1,113.41,13,113.42,4,113.42,113.41,113.41,13,113.4,37,113.39,34,113.38,44,113.37,14,113.36,11,113.35,5,113.34,16,113.33,15,113.32,17,113.42,4,113.43,25,113.44,19,113.45,19,113.46,29,113.47,37,113.48,55,113.49,12,113.5,3,113.51,15
2020-10-29 09:36:20,113.435,113.42,1,113.42,3,113.45,29,113.45,113.42,113.42,3,113.41,29,113.4,16,113.38,19,113.37,17,113.36,23,113.35,5,113.34,16,113.33,15,113.32,17,113.45,29,113.46,29,113.47,37,113.48,55,113.49,12,113.5,3,113.51,15,113.52,3,113.53,2,113.54,3
2020-10-29 09:36:21,113.37,113.38,1,113.36,19,113.38,2,113.38,113.36,113.36,19,113.35,5,113.34,16,113.33,15,113.32,17,113.31,16,113.3,17,113.29,1,113.28,12,113.27,2,113.38,2,113.39,7,113.4,32,113.41,24,113.42,7,113.43,20,113.44,30,113.45,29,113.46,29,113.47,37
2020-10-29 09:36:22,113.305,113.3,1,113.3,37,113.31,12,113.31,113.3,113.3,37,113.29,1,113.28,12,113.27,2,113.26,18,113.25,18,113.24,20,113.23,13,113.22,19,113.21,11,113.31,12,113.32,2,113.33,19,113.34,4,113.35,27,113.36,4,113.37,10,113.38,8,113.39,8,113.4,32
2020-10-29 09:36:23,113.265,113.27,1,113.25,21,113.28,20,113.28,113.25,113.25,21,113.24,20,113.23,13,113.22,19,113.21,11,113.2,12,113.19,6,113.18,7,113.17,7,113.16,6,113.28,20,113.29,6,113.3,15,113.31,14,113.32,12,113.33,20,113.34,4,113.35,27,113.36,4,113.37,10
2020-10-29 09:36:24,113.26,113.27,1,113.25,1,113.27,17,113.27,113.25,113.25,1,113.24,15,113.23,27,113.22,37,113.21,11,113.2,12,113.19,6,113.18,7,113.17,7,113.16,6,113.27,14,113.28,25,113.29,6,113.3,15,113.31,14,113.32,12,113.33,20,113.34,4,113.35,27,113.36,4
2020-10-29 09:36:25,113.215,113.21,1,113.2,22,113.23,16,113.23,113.2,113.2,22,113.19,6,113.18,7,113.17,7,113.16,6,113.15,39,113.14,47,113.13,37,113.12,15,113.11,27,113.23,16,113.24,3,113.25,2,113.26,21,113.27,1,113.28,1,113.29,21,113.3,15,113.31,14,113.32,12
2020-10-29 09:36:26,113.26,113.26,1,113.25,25,113.27,90,113.27,113.25,113.25,25,113.24,21,113.23,2,113.22,40,113.21,24,113.2,22,113.19,6,113.18,7,113.17,7,113.16,6,113.27,90,113.29,33,113.3,15,113.31,14,113.32,12,113.33,20,113.34,4,113.35,27,113.36,4,113.37,10
2020-10-29 09:36:27,113.225,113.22,1,113.21,2,113.24,12,113.24,113.21,113.21,2,113.2,49,113.19,6,113.18,7,113.17,7,113.16,6,113.15,39,113.14,47,113.13,37,113.12,15,113.24,12,113.25,35,113.26,26,113.27,90,113.29,33,113.3,15,113.31,14,113.32,12,113.33,20,113.34,4
2020-10-29 09:36:28,113.13,113.13,1,113.12,25,113.14,3,113.14,113.12,113.12,25,113.11,27,113.1,8,113.09,30,113.08,48,113.07,40,113.06,23,113.05,34,113.04,1,113.03,2,113.14,3,113.15,41,113.16,9,113.17,22,113.18,5,113.19,6,113.2,6,113.21,25,113.22,5,113.23,3
2020-10-29 09:36:29,113.095,113.11,1,113.08,1,113.11,10,113.11,113.08,113.08,1,113.07,35,113.06,23,113.05,34,113.04,1,113.03,2,113.02,17,113.01,42,113.0,24,112.99,38,113.11,10,113.12,91,113.13,12,113.14,12,113.15,41,113.16,9,113.17,22,113.18,5,113.19,6,113.2,6
2020-10-29 09:36:30,113.085,113.09,1,113.07,3,113.1,14,113.1,113.07,113.07,2,113.06,3,113.05,30,113.04,1,113.03,2,113.02,17,113.01,42,113.0,24,112.99,38,112.98,45,113.1,14,113.11,3,113.12,52,113.13,12,113.14,12,113.15,41,113.16,9,113.17,22,113.18,5,113.19,6
2020-10-29 09:36:31,113.1,113.1,1,113.09,1,113.11,1,113.11,113.09,113.09,1,113.08,19,113.07,5,113.06,3,113.05,30,113.04,1,113.03,2,113.02,17,113.01,42,113.0,24,113.11,1,113.12,52,113.13,12,113.14,12,113.15,41,113.16,9,113.17,22,113.18,5,113.19,6,113.2,6
2020-10-29 09:36:32,113.14,113.13,3,113.13,14,113.15,1,113.15,113.13,113.13,14,113.12,3,113.11,5,113.1,12,113.09,13,113.08,19,113.07,5,113.06,3,113.05,30,113.04,1,113.15,1,113.16,4,113.17,3,113.18,9,113.19,19,113.2,6,113.21,25,113.22,5,113.23,3,113.24,11
2020-10-29 09:36:33,113.13,113.12,4,113.12,1,113.14,46,113.14,113.12,113.12,1,113.11,2,113.1,17,113.09,13,113.08,19,113.07,5,113.06,3,113.05,30,113.04,1,113.03,2,113.14,46,113.15,1,113.16,4,113.17,3,113.18,9,113.19,19,113.2,6,113.21,25,113.22,5,113.23,3
2020-10-29 09:36:34,113.14,113.14,1,113.13,2,113.16,15,113.16,113.13,113.13,1,113.12,9,113.11,4,113.1,17,113.09,13,113.08,19,113.07,5,113.06,3,113.05,30,113.04,1,113.15,2,113.16,15,113.17,3,113.18,25,113.19,19,113.2,6,113.21,25,113.22,5,113.23,3,113.24,11
2020-10-29 09:36:35,113.1,113.11,20,113.09,19,113.11,3,113.11,113.09,113.09,19,113.08,19,113.07,5,113.06,3,113.05,30,113.04,1,113.03,2,113.02,17,113.01,42,113.0,24,113.11,3,113.12,7,113.13,32,113.14,20,113.15,47,113.16,24,113.17,3,113.18,25,113.19,19,113.2,6
2020-10-29 09:36:36,113.105,113.1,1,113.1,1,113.11,27,113.11,113.1,113.1,1,113.09,1,113.08,20,113.07,5,113.06,3,113.05,30,113.04,1,113.03,2,113.02,17,113.01,42,113.11,27,113.12,26,113.13,40,113.14,20,113.15,47,113.16,24,113.17,3,113.18,25,113.19,19,113.2,6
2020-10-29 09:36:37,113.085,113.08,2,113.08,1,113.09,5,113.09,113.08,113.08,1,113.07,2,113.06,12,113.05,30,113.04,1,113.03,2,113.02,17,113.01,42,113.0,24,112.99,38,113.09,5,113.1,18,113.11,29,113.12,27,113.13,38,113.14,20,113.15,47,113.16,24,113.17,3,113.18,25
2020-10-29 09:36:38,113.005,113.01,3,113.0,6,113.01,1,113.01,113.0,113.0,6,112.99,10,112.98,7,112.97,5,112.96,2,112.95,30,112.94,4,112.93,17,112.92,35,112.91,30,113.01,1,113.02,20,113.03,16,113.04,46,113.05,1,113.06,4,113.07,31,113.08,23,113.09,10,113.1,18
2020-10-29 09:36:39,112.985,112.99,1,112.99,5,113.0,16,113.0,112.99,112.98,5,112.97,29,112.96,2,112.95,30,112.94,4,112.93,17,112.92,35,112.91,30,112.9,31,112.89,44,112.99,2,113.0,4,113.01,31,113.02,5,113.03,2,113.04,46,113.05,1,113.06,4,113.07,31,113.08,23
2020-10-29 09:36:40,113.09,113.08,1,113.08,5,113.1,33,113.1,113.08,113.08,5,113.07,6,113.06,3,113.05,31,113.04,56,113.03,23,113.02,24,113.01,19,113.0,3,112.99,16,113.1,33,113.11,29,113.12,27,113.13,38,113.14,20,113.15,47,113.16,24,113.17,3,113.18,25,113.19,19
2020-10-29 09:36:41,113.05,113.05,5,113.04,31,113.06,17,113.06,113.04,113.04,31,113.03,23,113.02,24,113.01,19,113.0,3,112.99,16,112.98,21,112.97,29,112.96,2,112.95,30,113.06,17,113.07,23,113.08,4,113.09,6,113.1,27,113.11,29,113.12,27,113.13,38,113.14,20,113.15,47
2020-10-29 09:36:42,113.085,113.08,1,113.08,7,113.09,16,113.09,113.08,113.08,7,113.07,43,113.06,2,113.05,5,113.04,16,113.03,34,113.02,24,113.01,19,113.0,3,112.99,16,113.09,16,113.1,27,113.11,29,113.12,27,113.13,38,113.14,20,113.15,47,113.16,24,113.17,3,113.18,25
2020-10-29 09:36:43,113.135,113.13,1,113.13,6,113.14,1,113.14,113.13,113.13,6,113.12,17,113.11,17,113.1,23,113.09,18,113.08,46,113.07,43,113.06,2,113.05,5,113.04,16,113.14,1,113.15,68,113.16,24,113.17,3,113.18,25,113.19,19,113.2,6,113.21,25,113.22,5,113.23,3
2020-10-29 09:36:44,113.13,113.12,1,113.12,6,113.14,27,113.14,113.12,113.12,6,113.11,17,113.1,23,113.09,18,113.08,46,113.07,43,113.06,2,113.05,5,113.04,16,113.03,34,113.14,27,113.15,62,113.16,24,113.17,3,113.18,25,113.19,19,113.2,6,113.21,25,113.22,5,113.23,3
2020-10-29 09:36:45,113.13,113.14,1,113.12,13,113.14,21,113.14,113.12,113.12,13,113.11,17,113.1,23,113.09,18,113.08,46,113.07,43,113.06,2,113.05,5,113.04,16,113.03,34,113.14,21,113.15,76,113.16,24,113.17,3,113.18,25,113.19,19,113.2,6,113.21,25,113.22,5,113.23,3
2020-10-29 09:36:46,113.07,113.08,1,113.06,13,113.08,46,113.08,113.06,113.06,13,113.05,5,113.04,16,113.03,34,113.02,24,113.01,19,113.0,3,112.99,16,112.98,21,112.97,29,113.08,46,113.09,30,113.1,39,113.11,18,113.12,20,113.13,18,113.14,32,113.15,76,113.16,24,113.17,3
2020-10-29 09:36:47,113.09,113.09,1,113.08,301,113.1,53,113.1,113.08,113.08,301,113.07,299,113.06,14,113.05,6,113.04,41,113.03,34,113.02,24,113.01,19,113.0,3,112.99,16,113.1,53,113.11,18,113.12,20,113.13,18,113.14,32,113.15,76,113.16,24,113.17,3,113.18,25,113.19,19
2020-10-29 09:36:48,113.12,113.12,2,113.11,266,113.13,25,113.13,113.11,113.11,266,113.08,313,113.07,299,113.06,14,113.05,6,113.04,41,113.03,34,113.02,24,113.01,19,113.0,3,113.13,25,113.14,32,113.15,76,113.16,24,113.17,3,113.18,25,113.19,19,113.2,6,113.21,25,113.22,5
2020-10-29 09:36:49,113.16,113.16,1,113.15,264,113.17,12,113.17,113.15,113.15,264,113.14,267,113.13,16,113.12,20,113.11,266,113.08,313,113.07,299,113.06,14,113.05,6,113.04,41,113.17,12,113.18,25,113.19,19,113.2,6,113.21,25,113.22,5,113.23,3,113.24,11,113.25,35,113.26,26
2020-10-29 09:36:50,113.155,113.16,1,113.15,164,113.16,1,113.16,113.15,113.15,164,113.14,267,113.13,16,113.12,20,113.11,266,113.08,313,113.07,299,113.06,14,113.05,6,113.04,41,113.16,1,113.17,4,113.18,11,113.19,28,113.2,6,113.21,25,113.22,5,113.23,3,113.24,11,113.25,35
2020-10-29 09:36:51,113.08,113.09,1,113.07,308,113.09,2,113.09,113.07,113.07,308,113.06,14,113.05,6,113.04,41,113.03,34,113.02,24,113.01,19,113.0,3,112.99,16,112.98,21,113.09,2,113.1,25,113.11,11,113.12,24,113.13,22,113.14,19,113.15,58,113.16,68,113.17,4,113.18,11
2020-10-29 09:36:52,113.14,113.13,2,113.13,30,113.15,35,113.15,113.13,113.13,30,113.12,1,113.11,12,113.1,16,113.09,3,113.08,2,113.07,308,113.06,14,113.05,6,113.04,41,113.15,35,113.16,68,113.17,4,113.18,11,113.19,28,113.2,6,113.21,25,113.22,5,113.23,3,113.24,11
2020-10-29 09:36:53,113.16,113.15,1,113.15,9,113.17,5,113.17,113.15,113.15,9,113.14,1,113.13,3,113.12,19,113.11,12,113.1,16,113.09,3,113.08,2,113.07,308,113.06,14,113.17,5,113.18,36,113.19,28,113.2,6,113.21,25,113.22,5,113.23,3,113.24,11,113.25,35,113.26,26
2020-10-29 09:36:54,113.205,113.19,1,113.19,32,113.22,36,113.22,113.19,113.19,32,113.18,6,113.17,2,113.16,5,113.15,25,113.14,1,113.13,3,113.12,19,113.11,12,113.1,16,113.22,36,113.23,3,113.24,11,113.25,35,113.26,26,113.27,90,113.29,33,113.3,15,113.31,14,113.32,12
2020-10-29 09:36:55,113.18,113.18,2,113.17,25,113.19,4,113.19,113.17,113.17,25,113.16,5,113.15,25,113.14,1,113.13,3,113.12,19,113.11,12,113.1,16,113.09,3,113.08,2,113.19,4,113.2,4,113.21,21,113.22,31,113.23,3,113.24,11,113.25,35,113.26,26,113.27,90,113.29,33
2020-10-29 09:36:56,113.23,113.22,2,113.22,20,113.24,29,113.24,113.22,113.22,20,113.21,12,113.2,6,113.19,1,113.18,4,113.17,25,113.16,5,113.15,25,113.14,1,113.13,3,113.24,29,113.25,30,113.26,26,113.27,90,113.29,33,113.3,15,113.31,14,113.32,12,113.33,20,113.34,4
2020-10-29 09:36:57,113.24,113.25,2,113.23,11,113.25,22,113.25,113.23,113.23,11,113.22,6,113.21,5,113.2,27,113.19,1,113.18,4,113.17,25,113.16,5,113.15,25,113.14,1,113.25,22,113.26,26,113.27,90,113.29,33,113.3,15,113.31,14,113.32,12,113.33,20,113.34,4,113.35,27
2020-10-29 09:36:58,113.235,113.24,2,113.23,5,113.24,16,113.24,113.23,113.23,5,113.22,14,113.21,5,113.2,27,113.19,1,113.18,4,113.17,25,113.16,5,113.15,25,113.14,1,113.24,16,113.25,2,113.26,24,113.27,102,113.29,33,113.3,15,113.31,14,113.32,12,113.33,20,113.34,4
2020-10-29 09:36:59,113.26,113.26,1,113.25,30,113.27,101,113.27,113.25,113.25,30,113.24,4,113.23,26,113.22,14,113.21,5,113.2,27,113.19,1,113.18,4,113.17,25,113.16,5,113.27,101,113.29,33,113.3,15,113.31,14,113.32,12,113.33,20,113.34,4,113.35,27,113.36,4,113.37,10
2020-10-29 09:37:00,113.275,113.26,1,113.27,1,113.28,22,113.28,113.27,113.27,1,113.26,15,113.25,31,113.24,4,113.23,26,113.22,14,113.21,5,113.2,27,113.19,1,113.18,4,113.28,22,113.29,36,113.3,15,113.31,14,113.32,12,113.33,20,113.34,4,113.35,27,113.36,4,113.37,10
2020-10-29 09:37:01,113.325,113.33,1,113.32,18,113.33,5,113.33,113.32,113.32,18,113.31,5,113.3,4,113.29,16,113.28,31,113.27,24,113.26,15,113.25,31,113.24,4,113.23,26,113.33,5,113.34,6,113.35,29,113.36,4,113.37,10,113.38,8,113.39,8,113.4,32,113.41,24,113.42,7
2020-10-29 09:37:02,113.365,113.34,20,113.36,1,113.37,20,113.37,113.36,113.36,1,113.35,15,113.34,37,113.33,12,113.32,28,113.31,26,113.3,4,113.29,16,113.28,31,113.27,24,113.37,20,113.38,8,113.39,8,113.4,32,113.41,24,113.42,7,113.43,20,113.44,30,113.45,29,113.46,29
2020-10-29 09:37:03,113.31,113.32,1,113.3,2,113.32,3,113.32,113.3,113.3,2,113.29,32,113.28,31,113.27,24,113.26,15,113.25,31,113.24,4,113.23,26,113.22,14,113.21,5,113.32,3,113.33,4,113.34,2,113.35,3,113.36,10,113.37,8,113.38,2,113.39,3,113.4,37,113.41,24
2020-10-29 09:37:04,113.275,113.27,1,113.27,17,113.28,4,113.28,113.27,113.27,17,113.26,15,113.25,31,113.24,4,113.23,26,113.22,14,113.21,5,113.2,27,113.19,1,113.18,4,113.28,4,113.29,11,113.3,9,113.31,24,113.32,1,113.33,3,113.34,12,113.35,3,113.36,10,113.37,8
2020-10-29 09:37:05,113.245,113.24,1,113.24,2,113.25,7,113.25,113.23,113.24,2,113.23,31,113.22,21,113.21,5,113.2,27,113.19,1,113.18,4,113.17,25,113.16,5,113.15,25,113.25,7,113.26,21,113.27,11,113.28,14,113.29,11,113.3,9,113.31,24,113.32,1,113.33,3,113.34,12
2020-10-29 09:37:06,113.275,113.28,2,113.26,4,113.29,27,113.29,113.26,113.26,4,113.25,49,113.24,26,113.23,47,113.22,21,113.21,5,113.2,27,113.19,1,113.18,4,113.17,25,113.29,27,113.3,9,113.31,24,113.32,1,113.33,3,113.34,12,113.35,3,113.36,10,113.37,8,113.38,2
2020-10-29 09:37:07,113.3,113.3,1,113.29,21,113.31,24,113.31,113.29,113.29,21,113.28,27,113.27,2,113.26,12,113.25,49,113.24,26,113.23,47,113.22,21,113.21,5,113.2,27,113.31,24,113.32,30,113.33,3,113.34,12,113.35,3,113.36,10,113.37,8,113.38,2,113.39,3,113.4,37
2020-10-29 09:37:08,113.265,113.27,5,113.25,25,113.28,31,113.28,113.25,113.25,25,113.24,26,113.23,47,113.22,21,113.21,5,113.2,27,113.19,1,113.18,4,113.17,25,113.16,5,113.28,31,113.29,40,113.3,9,113.31,33,113.32,32,113.33,3,113.34,12,113.35,3,113.36,10,113.37,8
