sim_time,mid_price,last_price,last_size,best_bid_price,best_bid_size,best_ask_price,best_ask_size,close_price_buy,close_price_sell,bid1_price,bid1_size,bid2_price,bid2_size,bid3_price,bid3_size,bid4_price,bid4_size,bid5_price,bid5_size,bid6_price,bid6_size,bid7_price,bid7_size,bid8_price,bid8_size,bid9_price,bid9_size,bid10_price,bid10_size,ask1_price,ask1_size,ask2_price,ask2_size,ask3_price,ask3_size,ask4_price,ask4_size,ask5_price,ask5_size,ask6_price,ask6_size,ask7_price,ask7_size,ask8_price,ask8_size,ask9_price,ask9_size,ask10_price,ask10_size
2026-02-05 09:30:16,277.96,277.99,1,277.92,700,278.0,600,278.0,277.92,277.92,700,277.77,300,,,,,,,,,,,,,,,,,278.0,600,278.02,800,278.05,600,278.06,200,278.07,300,278.09,300,278.1,500,278.16,100,278.17,200,278.18,400
2026-02-05 09:30:18,277.88,277.98,1,277.8,200,277.96,400,277.96,277.8,277.8,200,277.78,100,277.77,500,277.75,600,277.74,700,277.73,200,277.72,400,277.71,900,277.7,400,,,277.96,400,277.97,400,277.98,400,277.99,400,278.0,400,278.01,400,278.02,400,278.03,100,278.04,600,278.05,800
2026-02-05 09:30:19,277.75,277.76,1,277.7,800,277.8,400,277.8,277.7,277.7,800,,,,,,,,,,,,,,,,,,,277.8,400,277.81,1300,277.82,300,277.86,300,277.87,100,277.89,300,277.93,100,277.97,400,277.98,400,277.99,200
2026-02-05 09:30:21,277.365,277.29,1,277.28,500,277.45,600,277.45,277.28,277.28,500,277.26,100,277.23,200,277.17,800,277.16,500,,,,,,,,,,,277.45,600,277.49,800,277.5,100,277.53,400,277.54,500,277.55,300,277.57,700,277.59,100,277.6,100,277.62,500
2026-02-05 09:30:22,277.385,277.39,1,277.36,200,277.41,500,277.41,277.36,277.36,200,277.32,100,277.31,300,277.3,200,277.29,200,277.28,500,277.26,100,277.23,200,277.17,800,277.16,500,277.41,500,277.42,200,277.43,300,277.44,600,277.45,200,277.46,400,277.47,300,277.48,600,277.49,1800,277.5,100
2026-02-05 09:30:22,277.22,277.2,1,277.16,400,277.28,800,277.28,277.16,277.16,400,277.15,1700,,,,,,,,,,,,,,,,,277.28,800,277.29,200,277.31,200,277.32,100,277.34,800,277.4,100,277.41,500,277.42,600,277.43,300,277.44,600
2026-02-05 09:30:24,277.295,277.33,2,277.24,300,277.34,400,277.34,277.24,277.24,300,277.23,400,277.22,200,277.19,100,277.18,100,277.16,300,277.15,300,277.14,100,277.12,200,277.11,200,277.35,1400,277.36,1400,277.37,1500,277.38,1500,277.39,1400,277.4,1100,277.41,400,277.42,1200,277.43,200,277.49,100
2026-02-05 09:30:25,277.18,277.21,1,277.08,300,277.28,500,277.28,277.08,277.08,300,,,,,,,,,,,,,,,,,,,277.28,500,277.29,400,277.31,400,277.32,1300,277.34,1500,277.35,1400,277.36,1400,277.37,1500,277.38,1500,277.39,1400
2026-02-05 09:30:26,277.15,277.19,1,277.1,400,277.2,1000,277.2,277.1,277.1,400,277.08,100,277.05,200,,,,,,,,,,,,,,,277.2,1000,277.21,100,277.24,100,277.25,200,277.26,400,277.27,400,277.31,200,277.32,1200,277.34,1500,277.35,1400
2026-02-05 09:30:27,277.055,277.06,1,277.0,5300,277.11,400,277.11,277.0,277.0,5300,,,,,,,,,,,,,,,,,,,277.11,400,277.12,400,277.13,300,277.18,200,277.19,1000,277.2,100,277.21,100,277.24,100,277.25,200,277.26,400
2026-02-05 09:30:28,277.03,277.03,1,276.99,400,277.07,500,277.07,276.99,276.99,400,,,,,,,,,,,,,,,,,,,277.07,500,277.08,100,277.09,1200,277.1,200,277.11,1400,277.12,400,277.13,300,277.18,200,277.19,1000,277.2,100
2026-02-05 09:30:29,277.02,277.02,1,276.97,200,277.07,400,277.07,276.97,276.97,200,,,,,,,,,,,,,,,,,,,277.07,400,277.08,1100,277.1,100,277.12,500,277.13,600,277.16,100,277.18,100,277.19,1000,277.2,100,277.21,100
2026-02-05 09:30:30,277.285,277.33,1,277.21,700,277.36,600,277.36,277.21,277.21,700,277.2,100,277.18,300,277.12,300,277.11,100,277.08,300,277.07,200,277.04,1400,277.03,200,277.01,100,277.36,600,277.37,1300,277.38,1500,277.39,1400,277.4,1100,277.41,400,277.42,1200,277.43,200,277.49,100,277.53,100
2026-02-05 09:30:31,277.28,277.22,1,277.19,300,277.37,200,277.37,277.19,277.19,300,277.18,100,277.13,400,277.12,500,277.11,100,277.08,300,277.07,200,277.04,1400,277.03,200,277.01,100,277.37,200,277.38,100,277.39,100,277.4,400,277.46,100,277.47,100,277.48,300,277.49,200,277.51,100,277.53,100
2026-02-05 09:30:32,277.285,277.28,2,277.22,1200,277.35,200,277.35,277.22,277.22,1200,277.21,300,277.14,200,277.13,1000,277.08,400,277.07,200,277.04,1400,277.03,200,277.01,100,277.0,100,277.35,200,277.37,200,277.38,100,277.39,100,277.4,400,277.46,100,277.47,100,277.48,300,277.49,200,277.51,100
2026-02-05 09:30:33,277.37,277.35,1,277.27,400,277.47,300,277.51,277.27,277.27,400,277.17,500,277.15,600,277.14,200,277.13,1000,277.08,400,277.07,200,277.04,1400,277.03,200,277.01,100,277.47,300,277.51,100,277.53,100,277.54,500,277.55,300,277.57,700,277.59,100,277.6,100,277.62,500,277.63,500
2026-02-05 09:30:34,277.37,277.27,1,277.23,100,277.51,100,277.51,277.23,277.23,100,277.22,200,277.2,400,277.19,100,277.17,400,277.11,100,277.09,200,277.08,600,277.07,200,277.04,1400,277.51,100,277.53,100,277.54,500,277.55,300,277.57,700,277.59,100,277.6,100,277.62,500,277.63,500,277.64,100
2026-02-05 09:30:35,277.44,277.34,1,277.35,100,277.53,100,277.53,277.35,277.35,100,277.34,900,277.31,1100,277.3,100,277.29,200,277.28,100,277.27,1100,277.26,900,277.25,900,277.22,200,277.53,100,277.54,500,277.55,300,277.57,700,277.59,100,277.6,100,277.62,500,277.63,500,277.64,100,277.65,300
2026-02-05 09:30:36,277.415,277.42,1,277.29,1400,277.54,200,277.54,277.29,277.29,1400,277.28,100,277.27,1100,277.26,900,277.25,900,277.22,200,277.2,400,277.19,100,277.17,400,277.11,100,277.54,200,277.55,300,277.57,700,277.59,100,277.6,100,277.62,500,277.63,500,277.64,100,277.65,300,277.66,400
2026-02-05 09:30:37,277.575,277.54,1,277.45,200,277.7,100,277.7,277.45,277.45,200,277.44,400,277.4,100,277.39,100,277.37,400,277.34,100,277.31,500,277.3,100,277.29,1400,277.28,100,277.7,100,277.77,200,277.8,500,277.81,1300,277.82,300,277.86,300,277.87,100,277.89,300,277.93,100,277.97,400
2026-02-05 09:30:38,277.635,277.6,1,277.57,100,277.7,400,277.7,277.57,277.57,100,277.53,300,277.49,300,277.48,100,277.47,200,277.45,400,277.44,400,277.4,100,277.39,100,277.37,400,277.7,400,277.77,200,277.8,500,277.81,1300,277.82,300,277.86,300,277.87,100,277.89,300,277.93,100,277.97,400
2026-02-05 09:30:39,277.54,277.48,1,277.45,900,277.63,700,277.63,277.45,277.45,900,277.44,400,277.4,100,277.39,100,277.37,400,277.34,100,277.31,500,277.3,100,277.29,1400,277.28,100,277.63,700,277.67,100,277.7,800,277.77,200,277.8,500,277.81,1300,277.82,300,277.86,300,277.87,100,277.89,300
2026-02-05 09:30:40,277.27,277.25,1,277.24,100,277.26,100,277.25,277.25,277.26,100,277.23,300,277.17,400,277.11,100,277.09,200,277.08,600,277.07,200,277.04,1400,277.03,200,277.01,100,277.28,100,277.31,100,277.33,500,277.39,300,277.46,200,277.5,500,277.53,100,277.6,100,277.63,700,277.67,100
2026-02-05 09:30:41,276.99,276.95,1,276.92,200,277.06,100,277.06,276.92,276.92,200,276.91,100,276.88,1200,276.82,400,,,,,,,,,,,,,277.06,100,277.09,400,277.1,100,277.13,100,277.14,600,277.15,100,277.16,600,277.18,300,277.19,700,277.21,300
2026-02-05 09:30:41,277.045,277.05,1,276.96,400,277.13,100,277.13,276.96,276.96,400,276.93,200,276.92,200,276.91,200,276.88,1200,276.82,400,,,,,,,,,277.13,100,277.27,100,277.28,400,277.31,400,277.32,900,277.33,1500,277.39,300,277.46,200,277.5,500,277.53,100
2026-02-05 09:30:43,277.05,276.96,2,276.96,400,277.14,300,277.14,276.96,276.96,400,276.95,900,276.93,500,276.92,200,276.91,200,276.88,1200,276.82,400,,,,,,,277.14,300,277.27,100,277.28,400,277.31,400,277.32,900,277.33,1500,277.39,300,277.46,200,277.5,500,277.53,100
2026-02-05 09:30:44,277.025,277.11,1,276.93,400,277.12,100,277.12,276.93,276.93,400,276.92,200,276.91,200,276.88,1200,276.82,400,,,,,,,,,,,277.12,100,277.14,500,277.27,100,277.28,400,277.31,400,277.32,900,277.33,1500,277.39,300,277.46,200,277.5,500
2026-02-05 09:30:45,277.255,277.29,1,277.18,100,277.33,600,277.33,277.18,277.18,100,277.14,100,277.13,400,277.12,500,277.1,200,277.08,300,277.07,400,277.03,200,277.01,200,277.0,200,277.33,600,277.39,300,277.46,200,277.5,500,277.53,100,277.6,100,277.63,700,277.67,100,277.7,800,277.77,200
2026-02-05 09:30:46,277.305,277.36,1,277.22,300,277.39,200,277.39,277.22,277.22,300,277.21,400,277.18,100,277.14,100,277.13,400,277.12,500,277.1,200,277.08,300,277.07,400,277.03,200,277.39,200,277.4,200,277.42,100,277.46,200,277.5,500,277.53,100,277.6,100,277.63,700,277.67,100,277.7,800
2026-02-05 09:30:47,277.495,277.54,2,277.42,200,277.57,100,277.57,277.42,277.42,200,277.4,300,277.38,100,277.37,100,277.36,100,277.33,200,277.32,200,277.31,400,277.27,100,277.26,100,277.57,100,277.61,400,277.67,400,277.7,800,277.77,200,277.8,500,277.81,1300,277.82,300,277.86,300,277.87,100
2026-02-05 09:30:48,277.605,277.64,1,277.5,1000,277.71,200,277.71,277.5,277.5,1000,277.49,100,277.46,100,277.45,1200,277.42,200,277.4,300,277.38,100,277.37,100,277.36,100,277.33,200,277.71,200,277.81,1100,277.82,300,277.86,300,277.87,100,277.89,300,277.93,100,277.97,400,277.98,400,277.99,200
2026-02-05 09:30:48,277.73,277.77,1,277.65,300,277.81,1100,277.81,277.65,277.65,300,277.63,400,277.55,300,277.5,1000,277.49,100,277.46,100,277.45,1200,277.42,200,277.4,300,277.38,100,277.81,1100,277.82,300,277.86,300,277.87,100,277.89,300,277.93,100,277.97,400,277.98,400,277.99,200,278.02,300
2026-02-05 09:30:50,277.615,277.69,5,277.51,200,277.72,200,277.72,277.51,277.51,200,277.5,400,277.49,100,277.46,100,277.45,1200,277.42,200,277.4,300,277.38,100,277.37,100,277.36,100,277.72,200,277.73,100,277.76,200,277.81,1200,277.82,300,277.86,300,277.87,100,277.89,300,277.93,100,277.97,400
2026-02-05 09:30:51,277.605,277.61,1,277.49,400,277.72,400,277.72,277.49,277.49,400,277.46,100,277.45,1200,277.42,200,277.4,300,277.38,100,277.37,100,277.36,100,277.33,200,277.32,200,277.72,400,277.73,100,277.76,200,277.81,1200,277.82,300,277.86,300,277.87,100,277.89,300,277.93,100,277.97,400
2026-02-05 09:30:52,277.615,277.62,1,277.51,100,277.72,300,277.72,277.51,277.51,100,277.5,300,277.49,400,277.46,100,277.45,1200,277.42,200,277.4,300,277.38,100,277.37,100,277.36,100,277.72,300,277.73,100,277.76,200,277.81,1200,277.82,300,277.86,300,277.87,100,277.89,300,277.93,100,277.97,400
2026-02-05 09:30:53,277.6,277.7,1,277.51,300,277.69,200,277.69,277.51,277.51,300,277.49,400,277.46,100,277.45,1200,277.42,200,277.4,300,277.38,100,277.37,100,277.36,100,277.33,200,277.69,200,277.7,300,277.71,100,277.75,100,277.76,400,277.81,1200,277.82,300,277.86,300,277.87,100,277.89,300
2026-02-05 09:30:54,277.56,277.58,1,277.46,100,277.66,200,277.66,277.46,277.46,100,277.45,1200,277.42,200,277.4,300,277.38,100,277.37,100,277.36,100,277.33,200,277.32,200,277.31,400,277.66,200,277.67,200,277.68,200,277.69,300,277.71,200,277.76,400,277.81,1200,277.82,300,277.86,300,277.87,100
2026-02-05 09:30:55,277.545,277.55,1,277.46,400,277.63,200,277.63,277.46,277.46,400,277.45,800,277.42,200,277.4,300,277.38,100,277.37,100,277.36,100,277.33,200,277.32,200,277.31,400,277.63,200,277.76,500,277.81,1200,277.82,300,277.86,300,277.87,100,277.89,300,277.93,100,277.97,400,277.98,400
2026-02-05 09:30:56,277.6,277.64,4,277.5,400,277.7,200,277.7,277.5,277.5,400,277.48,300,277.46,300,277.45,800,277.42,200,277.4,300,277.38,100,277.37,100,277.36,100,277.33,200,277.7,200,277.71,200,277.76,500,277.81,1200,277.82,300,277.86,300,277.87,100,277.89,300,277.93,100,277.97,400
2026-02-05 09:30:57,277.555,277.56,1,277.46,200,277.65,200,277.65,277.46,277.46,200,277.45,800,277.42,200,277.4,300,277.38,100,277.37,100,277.36,100,277.33,200,277.32,200,277.31,400,277.65,200,277.68,300,277.7,200,277.71,200,277.76,500,277.81,1200,277.82,300,277.86,300,277.87,100,277.89,300
2026-02-05 09:30:58,277.54,277.54,2,277.45,700,277.63,1000,277.63,277.45,277.45,700,277.42,200,277.4,300,277.38,100,277.37,100,277.36,100,277.33,200,277.32,200,277.31,400,277.27,100,277.63,1000,277.64,300,277.65,500,277.68,300,277.7,200,277.71,200,277.76,500,277.81,1200,277.82,300,277.86,300
2026-02-05 09:30:59,277.55,277.55,1,277.46,100,277.64,300,277.64,277.46,277.46,100,277.45,700,277.42,200,277.4,300,277.38,100,277.37,100,277.36,100,277.33,200,277.32,200,277.31,400,277.64,300,277.65,500,277.68,300,277.7,200,277.71,200,277.76,500,277.81,1200,277.82,300,277.86,300,277.87,100
2026-02-05 09:31:00,277.435,277.41,1,277.41,500,277.46,300,277.46,277.41,277.41,500,277.4,300,277.38,100,277.37,100,277.36,100,277.33,200,277.32,200,277.31,400,277.27,100,277.26,100,277.46,300,277.5,200,277.51,800,277.53,200,277.64,300,277.65,500,277.68,300,277.7,200,277.71,200,277.76,500
2026-02-05 09:31:01,277.295,277.24,1,277.2,400,277.39,400,277.39,277.2,277.2,400,277.17,100,277.16,100,277.15,200,277.14,1100,277.13,400,277.12,500,277.1,200,277.08,300,277.07,400,277.39,400,277.44,100,277.45,300,277.5,400,277.51,800,277.53,200,277.64,300,277.65,500,277.68,300,277.7,200
2026-02-05 09:31:02,277.215,277.2,1,277.13,100,277.3,300,277.3,277.13,277.13,100,277.12,400,277.11,200,277.07,1000,277.03,200,277.01,200,277.0,200,276.99,100,276.98,300,276.93,400,277.3,300,277.35,100,277.38,200,277.39,100,277.4,200,277.41,300,277.44,100,277.45,300,277.5,400,277.51,800
2026-02-05 09:31:03,277.395,277.44,1,277.3,300,277.44,200,277.44,277.3,277.34,100,277.3,100,277.25,100,277.24,100,277.21,200,277.2,500,277.19,400,277.18,200,277.17,200,277.13,100,277.45,600,277.5,400,277.51,800,277.53,200,277.64,300,277.65,500,277.68,300,277.7,200,277.71,200,277.76,500
2026-02-05 09:31:04,277.295,277.29,1,277.22,500,277.37,800,277.37,277.22,277.22,500,277.2,1300,277.19,400,277.18,200,277.17,200,277.13,100,277.12,400,277.11,200,277.07,1000,277.03,200,277.37,800,277.38,500,277.42,200,277.43,400,277.44,800,277.45,600,277.5,400,277.51,800,277.53,200,277.64,300
2026-02-05 09:31:05,276.98,276.98,1,276.92,100,277.04,400,277.04,276.92,276.92,100,276.91,300,276.9,100,276.85,200,276.82,400,,,,,,,,,,,277.04,400,277.1,500,277.14,200,277.16,300,277.18,200,277.19,100,277.2,100,277.21,200,277.22,100,277.3,200
2026-02-05 09:31:06,276.93,276.88,1,276.85,300,277.01,200,277.01,276.85,276.85,300,276.82,200,276.8,200,276.77,400,,,,,,,,,,,,,277.01,200,277.03,400,277.04,400,277.1,500,277.14,200,277.16,300,277.18,200,277.19,100,277.2,100,277.21,200
2026-02-05 09:31:07,277.085,277.06,1,277.0,100,277.17,300,277.17,277.0,277.0,100,276.96,100,276.95,300,276.94,200,276.92,200,276.9,400,276.87,100,276.86,200,276.82,100,276.8,200,277.17,300,277.18,200,277.19,100,277.2,100,277.21,200,277.22,100,277.3,200,277.32,200,277.33,200,277.35,100
2026-02-05 09:31:08,277.245,277.23,1,277.15,200,277.34,300,277.34,277.15,277.15,200,277.14,200,277.13,100,277.12,400,277.11,300,277.1,300,277.08,200,277.06,300,277.05,100,277.02,300,277.34,300,277.42,200,277.43,400,277.44,800,277.45,600,277.5,400,277.51,800,277.53,200,277.64,300,277.65,500
2026-02-05 09:31:09,277.19,277.24,1,277.1,300,277.28,300,277.28,277.1,277.1,300,277.08,200,277.07,600,277.06,300,277.05,100,277.02,300,277.01,200,276.96,300,276.95,300,276.94,200,277.28,300,277.32,300,277.33,100,277.34,500,277.42,200,277.43,400,277.44,800,277.45,600,277.5,400,277.51,800
2026-02-05 09:31:10,277.345,277.33,1,277.26,100,277.43,300,277.43,277.26,277.26,100,277.25,300,277.24,100,277.17,100,277.16,300,277.14,400,277.12,100,277.11,300,277.1,300,277.08,200,277.43,300,277.44,800,277.45,600,277.5,400,277.51,800,277.53,200,277.64,300,277.65,500,277.68,300,277.7,200
2026-02-05 09:31:11,277.395,277.39,2,277.35,200,277.44,800,277.44,277.35,277.35,200,277.33,200,277.3,200,277.26,400,277.25,500,277.24,100,277.17,100,277.16,300,277.14,400,277.12,100,277.44,800,277.45,600,277.5,400,277.51,800,277.53,200,277.64,300,277.65,500,277.68,300,277.7,200,277.71,200
2026-02-05 09:31:12,277.425,277.44,1,277.4,100,277.45,500,277.45,277.4,277.4,100,277.36,300,277.35,300,277.34,100,277.33,400,277.29,200,277.28,300,277.26,900,277.25,500,277.24,100,277.45,500,277.5,400,277.51,800,277.53,200,277.64,300,277.65,500,277.68,300,277.7,200,277.71,200,277.76,500
2026-02-05 09:31:13,277.265,277.26,1,277.18,300,277.35,300,277.35,277.18,277.18,300,277.16,200,277.13,300,277.12,100,277.11,900,277.1,300,277.08,200,277.07,600,277.06,300,277.05,100,277.35,300,277.36,100,277.37,400,277.38,200,277.39,100,277.4,200,277.43,100,277.44,100,277.45,100,277.46,100
2026-02-05 09:31:14,277.55,277.53,2,277.46,200,277.64,200,277.64,277.46,277.46,200,277.43,300,277.42,500,277.34,100,277.32,400,277.31,100,277.28,400,277.27,300,277.19,100,277.18,300,277.64,200,277.65,200,277.74,100,277.76,500,277.81,1200,277.82,300,277.86,300,277.87,100,277.89,300,277.93,100
2026-02-05 09:31:15,277.79,277.84,1,277.7,400,277.88,200,277.88,277.7,277.7,400,277.67,100,277.66,500,277.6,400,277.56,100,277.55,100,277.54,500,277.51,100,277.5,100,277.47,200,277.88,200,277.89,300,277.93,100,277.97,400,277.98,400,277.99,200,278.02,300,278.03,100,278.04,600,278.05,800
2026-02-05 09:31:16,277.775,277.7,1,277.67,200,277.88,600,277.88,277.67,277.67,200,277.66,400,277.6,400,277.56,100,277.55,100,277.54,500,277.51,100,277.5,100,277.47,200,277.46,700,277.88,600,277.89,300,277.93,100,277.97,400,277.98,400,277.99,200,278.02,300,278.03,100,278.04,600,278.05,800
2026-02-05 09:31:17,277.655,277.7,1,277.59,200,277.72,600,277.72,277.59,277.59,200,277.58,100,277.56,100,277.55,100,277.54,500,277.51,100,277.5,100,277.47,200,277.46,700,277.43,300,277.72,600,277.76,100,277.77,800,277.79,400,277.83,200,277.86,100,277.88,600,277.89,300,277.93,100,277.97,400
2026-02-05 09:31:18,277.44,277.42,1,277.37,100,277.52,400,277.52,277.37,277.36,200,277.31,500,277.29,100,277.28,300,277.27,200,277.25,100,277.24,300,277.23,200,277.2,400,277.19,100,277.52,400,277.53,100,277.59,100,277.63,100,277.72,500,277.76,100,277.77,800,277.79,400,277.83,200,277.86,100
2026-02-05 09:31:19,277.545,277.45,1,277.44,100,277.65,500,277.65,277.44,277.44,100,277.43,300,277.41,300,277.4,400,277.39,200,277.38,100,277.36,400,277.35,200,277.32,300,277.31,500,277.65,500,277.72,500,277.76,100,277.77,800,277.79,400,277.83,200,277.86,100,277.88,600,277.89,300,277.93,100
2026-02-05 09:31:20,277.6,277.58,1,277.55,100,277.65,700,277.65,277.55,277.55,100,277.54,200,277.53,200,277.52,300,277.51,300,277.5,300,277.49,300,277.48,100,277.43,300,277.41,300,277.65,700,277.72,500,277.76,100,277.77,800,277.79,400,277.83,200,277.86,100,277.88,600,277.89,300,277.93,100
2026-02-05 09:31:21,277.555,277.54,1,277.55,600,277.56,100,277.56,277.55,277.55,600,277.54,500,277.53,200,277.52,300,277.51,300,277.5,300,277.49,300,277.48,100,277.43,300,277.41,300,277.56,100,277.63,100,277.74,300,277.75,100,277.76,100,277.77,800,277.79,400,277.83,200,277.86,100,277.88,600
2026-02-05 09:31:22,277.335,277.33,1,277.23,500,277.44,200,277.44,277.23,277.23,500,277.21,200,277.2,400,277.19,100,277.18,300,277.16,200,277.13,300,277.12,100,277.11,900,277.1,300,277.44,200,277.45,200,277.46,500,277.56,100,277.57,300,277.58,300,277.6,200,277.61,600,277.62,100,277.63,100
2026-02-05 09:31:23,277.55,277.54,3,277.46,300,277.64,600,277.64,277.46,277.46,300,277.44,400,277.43,300,277.31,400,277.28,100,277.27,300,277.23,500,277.21,200,277.2,400,277.19,100,277.64,600,277.74,300,277.75,100,277.76,100,277.77,800,277.79,400,277.83,200,277.86,100,277.88,600,277.89,300
2026-02-05 09:31:24,277.56,277.54,1,277.48,500,277.64,500,277.64,277.48,277.48,500,277.47,600,277.46,500,277.44,400,277.43,300,277.31,400,277.28,100,277.27,300,277.23,500,277.21,200,277.64,500,277.74,300,277.75,100,277.76,100,277.77,800,277.79,400,277.83,200,277.86,100,277.88,600,277.89,300
2026-02-05 09:31:25,277.585,277.56,1,277.53,400,277.64,600,277.64,277.53,277.53,400,277.52,600,277.48,700,277.47,600,277.46,500,277.44,400,277.43,300,277.31,400,277.28,100,277.27,300,277.64,600,277.74,300,277.75,100,277.76,100,277.77,800,277.79,400,277.83,200,277.86,100,277.88,600,277.89,300
2026-02-05 09:31:26,277.575,277.58,1,277.52,400,277.62,100,277.62,277.52,277.52,400,277.49,100,277.48,700,277.47,600,277.46,500,277.44,400,277.43,300,277.31,400,277.28,100,277.27,300,277.63,500,277.64,600,277.74,300,277.75,100,277.76,100,277.77,800,277.79,400,277.83,200,277.86,100,277.88,600
2026-02-05 09:31:27,277.55,277.48,1,277.47,900,277.63,500,277.63,277.47,277.47,900,277.46,500,277.44,400,277.43,300,277.31,400,277.28,100,277.27,300,277.23,500,277.21,200,277.2,400,277.63,500,277.64,600,277.74,300,277.75,100,277.76,100,277.77,800,277.79,400,277.83,200,277.86,100,277.88,600
2026-02-05 09:31:28,277.53,277.58,1,277.47,900,277.59,100,277.59,277.47,277.47,900,277.46,500,277.44,400,277.43,300,277.31,400,277.28,100,277.27,300,277.23,500,277.21,200,277.2,400,277.59,100,277.6,200,277.61,200,277.68,100,277.74,300,277.75,100,277.76,100,277.77,800,277.79,400,277.83,200
2026-02-05 09:31:29,277.57,277.57,3,277.5,300,277.64,300,277.64,277.5,277.5,300,277.49,200,277.48,300,277.47,900,277.46,500,277.44,400,277.43,300,277.31,400,277.28,100,277.27,300,277.64,300,277.67,400,277.68,700,277.74,300,277.75,100,277.76,100,277.77,800,277.79,400,277.83,200,277.86,100
2026-02-05 09:31:30,277.555,277.56,2,277.47,200,277.64,500,277.64,277.47,277.47,200,277.45,200,277.44,300,277.38,200,277.31,400,277.28,100,277.27,300,277.23,500,277.21,200,277.2,400,277.64,500,277.67,400,277.68,700,277.74,300,277.75,100,277.76,100,277.77,800,277.79,400,277.83,200,277.86,100
2026-02-05 09:31:31,277.595,277.6,1,277.52,400,277.67,100,277.67,277.52,277.52,400,277.51,100,277.48,1000,277.47,200,277.45,200,277.44,300,277.38,200,277.31,400,277.28,100,277.27,300,277.67,100,277.68,600,277.74,300,277.75,100,277.76,100,277.77,800,277.79,400,277.83,200,277.86,100,277.88,600
2026-02-05 09:31:32,277.43,277.45,1,277.39,100,277.47,200,277.47,277.39,277.39,100,277.38,200,277.31,400,277.28,100,277.27,300,277.23,500,277.21,200,277.2,400,277.19,100,277.18,300,277.47,200,277.48,100,277.49,100,277.5,600,277.57,200,277.58,500,277.63,300,277.65,100,277.66,400,277.68,600
2026-02-05 09:31:33,277.425,277.41,10,277.35,100,277.5,500,277.5,277.35,277.35,100,277.34,200,277.31,400,277.28,100,277.27,300,277.23,500,277.21,200,277.2,400,277.19,100,277.18,300,277.5,500,277.57,200,277.58,500,277.63,300,277.65,100,277.66,400,277.68,600,277.74,300,277.75,100,277.76,100
2026-02-05 09:31:34,277.215,277.21,1,277.13,200,277.3,400,277.3,277.13,277.13,200,277.12,300,277.11,500,277.1,300,277.08,200,277.07,600,277.06,300,277.05,100,277.02,300,277.01,200,277.3,400,277.31,300,277.32,100,277.33,200,277.35,200,277.38,400,277.4,400,277.41,500,277.44,200,277.45,300
2026-02-05 09:31:35,277.235,277.24,2,277.16,200,277.31,500,277.31,277.16,277.16,200,277.14,200,277.13,500,277.12,300,277.11,500,277.1,300,277.08,200,277.07,600,277.06,300,277.05,100,277.31,500,277.34,500,277.39,200,277.4,400,277.41,600,277.43,200,277.44,200,277.45,300,277.48,300,277.5,900
2026-02-05 09:31:36,277.165,277.17,3,277.11,500,277.22,100,277.22,277.11,277.11,500,277.1,300,277.08,200,277.07,600,277.06,300,277.05,100,277.02,300,277.01,200,276.96,300,276.95,300,277.22,100,277.25,400,277.26,400,277.29,200,277.3,200,277.31,500,277.34,500,277.39,200,277.4,400,277.41,600
2026-02-05 09:31:37,277.225,277.27,1,277.14,200,277.31,100,277.31,277.14,277.14,200,277.13,200,277.12,400,277.11,500,277.1,300,277.08,200,277.07,600,277.06,300,277.05,100,277.02,300,277.31,100,277.35,300,277.39,200,277.4,400,277.41,600,277.43,200,277.44,200,277.45,300,277.48,300,277.5,900
2026-02-05 09:31:38,277.24,277.25,1,277.15,300,277.33,100,277.33,277.15,277.15,300,277.14,300,277.13,200,277.12,400,277.11,500,277.1,300,277.08,200,277.07,600,277.06,300,277.05,100,277.33,100,277.34,300,277.35,200,277.39,200,277.4,400,277.41,600,277.43,200,277.44,200,277.45,300,277.48,300
2026-02-05 09:31:39,277.225,277.23,1,277.14,200,277.31,200,277.31,277.14,277.14,200,277.13,200,277.12,400,277.11,500,277.1,300,277.08,200,277.07,600,277.06,300,277.05,100,277.02,300,277.31,200,277.32,300,277.33,300,277.34,300,277.35,200,277.39,200,277.4,400,277.41,600,277.43,200,277.44,200
2026-02-05 09:31:40,277.2,277.15,2,277.12,600,277.28,100,277.28,277.12,277.12,600,277.11,500,277.1,300,277.08,200,277.07,600,277.06,300,277.05,100,277.02,300,277.01,200,276.96,300,277.28,100,277.3,400,277.31,500,277.32,300,277.33,300,277.34,300,277.35,200,277.39,200,277.4,400,277.41,600
2026-02-05 09:31:41,277.235,277.24,1,277.17,200,277.3,600,277.3,277.17,277.17,200,277.16,400,277.12,200,277.11,300,277.1,500,277.08,200,277.07,600,277.06,300,277.05,100,277.02,300,277.3,600,277.31,500,277.32,300,277.33,300,277.34,300,277.35,200,277.39,200,277.4,400,277.41,600,277.43,200
2026-02-05 09:31:42,277.165,277.24,1,277.1,300,277.23,100,277.23,277.1,277.1,300,277.08,200,277.07,600,277.06,300,277.05,100,277.02,300,277.01,200,276.96,300,276.95,300,276.94,200,277.23,100,277.24,300,277.3,700,277.31,500,277.32,300,277.33,300,277.34,300,277.35,200,277.39,200,277.4,400
2026-02-05 09:31:43,276.93,276.93,1,276.87,100,276.99,300,276.99,276.87,276.87,100,276.86,500,276.82,100,276.8,200,276.77,400,,,,,,,,,,,276.99,300,277.01,100,277.03,100,277.04,200,277.05,400,277.09,100,277.1,200,277.11,400,277.14,100,277.17,200
2026-02-05 09:31:44,276.84,276.84,3,276.76,300,276.92,400,276.92,276.76,276.76,300,276.75,300,,,,,,,,,,,,,,,,,276.92,400,276.93,100,276.95,300,276.99,300,277.01,100,277.03,100,277.04,200,277.05,400,277.09,100,277.1,200
2026-02-05 09:31:45,276.85,276.85,1,276.78,700,276.92,400,276.92,276.78,276.78,700,276.77,500,276.76,600,276.75,300,,,,,,,,,,,,,276.92,400,276.93,300,276.95,500,276.99,300,277.01,100,277.03,100,277.04,200,277.05,400,277.09,100,277.1,200
2026-02-05 09:31:46,276.415,276.45,1,276.38,300,276.45,500,276.45,276.38,276.38,300,276.37,200,,,,,,,,,,,,,,,,,276.45,500,276.46,100,276.49,100,276.5,100,276.51,200,276.52,200,276.53,200,276.57,300,276.58,200,276.6,100
2026-02-05 09:31:47,276.485,276.41,1,276.43,300,276.54,200,276.54,276.43,276.43,300,276.42,400,276.41,100,276.39,200,276.38,400,276.37,400,,,,,,,,,276.54,200,276.56,100,276.57,300,276.58,200,276.6,100,276.61,200,276.62,200,276.63,200,276.65,100,276.66,200
2026-02-05 09:31:48,276.45,276.39,1,276.39,100,276.51,100,276.51,276.39,276.39,100,276.37,700,,,,,,,,,,,,,,,,,276.51,100,276.56,400,276.57,300,276.58,200,276.6,100,276.61,200,276.62,200,276.63,200,276.65,100,276.66,200
2026-02-05 09:31:49,276.49,276.52,1,276.4,100,276.58,1100,276.58,276.4,276.4,100,276.39,200,276.36,400,276.35,100,276.34,100,276.33,100,276.31,300,,,,,,,276.58,1100,276.6,100,276.61,200,276.62,200,276.63,200,276.65,100,276.66,200,276.67,400,276.68,200,276.69,100
2026-02-05 09:31:50,276.505,276.56,1,276.43,200,276.58,1000,276.58,276.43,276.43,200,276.42,300,276.41,100,276.4,100,276.39,200,276.36,400,276.35,100,276.34,100,276.33,100,276.31,300,276.58,1000,276.6,100,276.61,200,276.62,200,276.63,200,276.65,100,276.66,200,276.67,400,276.68,200,276.69,100
2026-02-05 09:31:51,276.42,276.45,1,276.37,200,276.47,300,276.47,276.37,276.37,200,276.35,100,276.34,700,276.33,100,276.31,300,,,,,,,,,,,276.47,300,276.48,100,276.49,200,276.5,200,276.51,100,276.52,300,276.54,200,276.56,100,276.57,200,276.58,1000
2026-02-05 09:31:52,276.72,276.57,1,276.63,300,276.81,300,276.81,276.63,276.63,300,276.61,200,276.6,200,276.58,100,276.57,200,276.53,200,276.49,200,276.45,100,276.44,100,276.43,400,276.81,400,276.82,100,276.83,200,276.85,200,276.92,400,276.93,300,276.95,500,276.99,300,277.01,100,277.03,100
2026-02-05 09:31:53,276.855,276.89,2,276.78,300,276.93,500,276.93,276.78,276.78,300,276.76,800,276.74,500,276.71,100,276.69,700,276.67,900,276.66,300,276.63,900,276.61,200,276.6,200,276.93,500,276.95,600,276.99,300,277.01,100,277.03,100,277.04,200,277.05,400,277.09,100,277.1,200,277.11,400
2026-02-05 09:31:54,276.855,276.87,1,276.78,500,276.93,600,276.93,276.78,276.78,500,276.77,900,276.75,300,276.74,200,276.73,600,276.72,200,276.71,100,276.69,800,276.67,900,276.66,300,276.93,600,276.95,600,276.99,300,277.01,100,277.03,100,277.04,200,277.05,400,277.09,100,277.1,200,277.11,400
2026-02-05 09:31:55,276.845,276.92,2,276.77,500,276.92,200,276.92,276.77,276.77,500,276.75,500,276.74,200,276.73,600,276.72,200,276.71,100,276.69,800,276.67,900,276.66,300,276.63,900,276.92,200,276.99,400,277.01,100,277.03,100,277.04,200,277.05,400,277.09,100,277.1,200,277.11,400,277.14,100
2026-02-05 09:31:56,277.045,277.06,2,276.95,400,277.14,100,277.14,276.95,276.95,400,276.94,100,276.92,100,276.91,300,276.89,100,276.87,200,276.86,400,276.85,100,276.84,200,276.83,100,277.14,100,277.15,200,277.17,200,277.23,200,277.24,300,277.3,700,277.31,500,277.32,300,277.33,300,277.34,300
2026-02-05 09:31:57,277.305,277.39,2,277.22,200,277.39,300,277.39,277.22,277.22,200,277.21,300,277.12,700,277.11,1300,277.09,600,277.08,200,277.05,100,277.04,300,277.01,400,277.0,300,277.39,300,277.4,800,277.41,600,277.43,200,277.44,200,277.45,300,277.48,300,277.5,900,277.57,200,277.58,500
2026-02-05 09:31:58,277.21,277.12,3,277.15,300,277.27,200,277.27,277.15,277.15,300,277.12,500,277.11,300,277.09,100,277.08,100,277.02,500,277.01,400,277.0,300,276.99,400,276.96,100,277.27,200,277.31,200,277.33,100,277.39,200,277.4,800,277.41,600,277.43,200,277.44,200,277.45,300,277.48,300
2026-02-05 09:31:59,276.95,276.99,1,276.86,300,277.04,200,277.04,276.86,276.86,300,276.85,100,276.84,100,276.83,200,276.82,100,276.79,300,276.77,500,276.75,500,276.74,200,276.73,600,277.04,200,277.05,200,277.14,100,277.15,300,277.16,100,277.17,100,277.18,100,277.2,200,277.21,100,277.25,200
2026-02-05 09:32:00,277.05,276.99,1,276.95,100,277.15,400,277.15,276.95,276.95,100,276.91,100,276.87,200,276.86,300,276.83,100,276.82,100,276.79,300,276.77,500,276.75,500,276.74,200,277.15,400,277.16,100,277.17,100,277.18,100,277.2,200,277.21,100,277.25,200,277.3,100,277.38,600,277.39,200
2026-02-05 09:32:01,276.98,277.03,1,276.87,800,277.09,200,277.09,276.87,276.87,800,276.86,300,276.83,100,276.82,100,276.79,300,276.77,500,276.75,500,276.74,200,276.73,600,276.72,200,277.09,200,277.1,200,277.11,200,277.13,400,277.14,100,277.15,400,277.16,100,277.17,100,277.18,100,277.2,200
2026-02-05 09:32:02,277.07,277.11,1,276.96,300,277.18,300,277.18,276.96,276.96,300,276.95,100,276.94,300,276.93,200,276.88,400,276.87,800,276.86,300,276.83,100,276.82,100,276.79,300,277.18,300,277.19,100,277.2,200,277.21,100,277.25,200,277.3,100,277.38,600,277.39,200,277.4,800,277.41,600
2026-02-05 09:32:03,277.245,277.25,1,277.16,400,277.33,600,277.33,277.16,277.16,400,277.03,100,277.0,200,276.99,100,276.98,6700,276.96,300,276.95,100,276.94,300,276.93,200,276.88,400,277.33,600,277.34,400,277.38,600,277.39,200,277.4,800,277.41,600,277.43,200,277.44,200,277.45,300,277.48,300
2026-02-05 09:32:04,276.97,276.92,3,276.89,200,277.05,200,277.05,276.89,276.89,200,276.88,200,276.85,200,276.84,100,276.83,100,276.81,200,276.8,100,276.79,300,276.77,500,276.75,500,277.05,200,277.08,500,277.11,400,277.13,100,277.23,200,277.24,300,277.25,300,277.29,200,277.32,100,277.33,600
2026-02-05 09:32:05,277.075,277.08,1,276.98,300,277.17,100,277.17,276.98,276.98,300,276.96,100,276.95,100,276.94,300,276.91,200,276.9,100,276.87,200,276.85,300,276.84,100,276.83,100,277.17,100,277.23,200,277.24,300,277.25,300,277.29,200,277.32,100,277.33,600,277.34,400,277.38,600,277.39,200
2026-02-05 09:32:06,277.03,277.13,1,276.92,200,277.14,400,277.14,276.92,276.92,200,276.91,500,276.9,100,276.87,200,276.85,300,276.84,100,276.83,100,276.81,200,276.8,100,276.79,300,277.14,400,277.16,400,277.17,100,277.23,200,277.24,300,277.25,300,277.29,200,277.32,100,277.33,600,277.34,400
2026-02-05 09:32:07,277.1,277.1,1,277.0,300,277.2,200,277.2,277.0,277.0,300,276.97,100,276.96,200,276.92,100,276.91,500,276.9,100,276.87,200,276.85,300,276.84,100,276.83,100,277.2,200,277.22,400,277.23,200,277.24,300,277.25,300,277.29,200,277.32,100,277.33,600,277.34,400,277.38,600
2026-02-05 09:32:08,276.97,277.06,1,276.86,300,277.08,200,277.08,276.86,276.86,300,276.85,200,276.84,100,276.83,100,276.81,200,276.8,100,276.79,300,276.77,500,276.75,500,276.74,200,277.08,200,277.09,300,277.1,100,277.16,200,277.2,300,277.22,400,277.23,200,277.24,300,277.25,300,277.29,200
2026-02-05 09:32:09,277.0,277.0,1,276.92,200,277.08,700,277.08,276.92,276.92,200,276.85,500,276.84,100,276.83,100,276.81,200,276.8,100,276.79,300,276.77,500,276.75,500,276.74,200,277.08,700,277.09,300,277.1,100,277.16,200,277.2,300,277.22,400,277.23,200,277.24,300,277.25,300,277.29,200
2026-02-05 09:32:10,276.94,276.94,1,276.86,600,277.02,200,277.07,276.86,276.86,600,276.85,200,276.84,300,276.82,300,276.81,200,276.8,100,276.79,300,276.77,500,276.75,500,276.74,200,277.02,200,277.07,100,277.08,600,277.09,300,277.1,100,277.16,200,277.2,300,277.22,400,277.23,200,277.24,300
2026-02-05 09:32:11,276.925,276.95,1,276.82,400,277.03,300,276.92,276.82,276.82,400,276.81,200,276.8,100,276.79,300,276.77,500,276.75,500,276.74,200,276.73,600,276.72,200,276.71,100,277.03,300,277.04,500,277.06,200,277.07,400,277.08,600,277.09,300,277.1,100,277.16,200,277.2,300,277.22,400
2026-02-05 09:32:12,276.835,276.83,1,276.77,400,276.9,600,276.9,276.77,276.77,400,276.69,100,276.68,500,276.67,900,276.66,300,276.63,900,276.61,200,276.6,200,276.58,100,276.57,200,276.9,600,276.94,300,276.98,100,277.03,300,277.04,500,277.06,200,277.07,400,277.08,600,277.09,300,277.1,100
2026-02-05 09:32:13,276.86,276.86,1,276.77,500,276.95,500,276.95,276.77,276.77,500,276.74,200,276.73,100,276.69,300,276.68,500,276.67,900,276.66,300,276.63,900,276.61,200,276.6,200,276.95,500,276.98,100,277.03,300,277.04,500,277.06,200,277.07,400,277.08,600,277.09,300,277.1,100,277.16,200
2026-02-05 09:32:14,276.88,276.88,1,276.78,200,276.98,600,276.98,276.78,276.78,200,276.77,500,276.74,200,276.73,100,276.69,300,276.68,500,276.67,900,276.66,300,276.63,900,276.61,200,276.98,600,277.03,100,277.04,500,277.06,200,277.07,400,277.08,600,277.09,300,277.1,100,277.16,200,277.2,300
2026-02-05 09:32:15,276.815,276.79,1,276.78,100,276.85,500,276.85,276.78,276.78,100,276.73,200,276.69,300,276.68,500,276.67,900,276.66,300,276.63,900,276.61,200,276.6,200,276.58,100,276.85,500,276.93,400,276.98,600,277.03,100,277.04,500,277.06,200,277.07,400,277.08,600,277.09,300,277.1,100
2026-02-05 09:32:16,276.695,276.68,1,276.61,200,276.78,500,276.78,276.61,276.61,200,276.6,100,276.59,200,276.58,200,276.57,300,276.53,200,276.49,200,276.45,100,276.44,100,276.43,400,276.78,500,276.84,400,276.85,500,276.93,400,276.98,600,277.03,100,277.04,500,277.06,200,277.07,400,277.08,600
2026-02-05 09:32:17,276.765,276.76,1,276.69,500,276.84,400,276.84,276.69,276.69,500,276.68,200,276.67,100,276.66,100,276.64,200,276.63,100,276.6,100,276.59,200,276.58,200,276.57,300,276.84,400,276.85,500,276.93,400,276.98,600,277.03,100,277.04,500,277.06,200,277.07,400,277.08,600,277.09,300
2026-02-05 09:32:18,276.675,276.68,1,276.61,200,276.74,300,276.74,276.61,276.61,200,276.6,100,276.59,200,276.58,200,276.57,300,276.53,200,276.49,200,276.45,100,276.44,100,276.43,400,276.74,300,276.77,300,276.78,100,276.81,200,276.83,200,276.85,100,276.88,200,276.9,300,276.93,400,276.98,600
2026-02-05 09:32:19,276.685,276.69,1,276.63,400,276.74,100,276.74,276.63,276.63,400,276.59,400,276.58,200,276.57,300,276.53,200,276.49,200,276.45,100,276.44,100,276.43,400,276.42,200,276.74,100,276.75,100,276.76,100,276.77,100,276.78,200,276.79,300,276.8,100,276.81,200,276.83,200,276.85,100
2026-02-05 09:32:20,276.48,276.49,2,276.44,400,276.52,400,276.52,276.44,276.44,400,276.42,200,276.37,500,276.35,100,276.34,700,276.33,100,276.31,300,,,,,,,276.52,400,276.54,100,276.55,1700,276.61,200,276.62,200,276.63,100,276.72,400,276.74,400,276.75,100,276.78,200
2026-02-05 09:32:21,276.535,276.61,1,276.46,200,276.61,300,276.61,276.46,276.46,200,276.44,300,276.43,100,276.42,200,276.41,100,276.4,500,276.39,100,276.37,500,276.35,100,276.34,700,276.61,300,276.68,200,276.72,400,276.74,400,276.75,100,276.78,200,276.79,300,276.8,100,276.81,200,276.83,200
2026-02-05 09:32:22,276.41,276.36,1,276.32,400,276.5,1000,276.5,276.32,276.32,400,276.3,200,276.29,100,276.28,200,276.27,200,,,,,,,,,,,276.5,1000,276.51,200,276.53,1200,276.54,500,276.55,200,276.56,200,276.64,200,276.7,200,276.71,700,276.72,400
2026-02-05 09:32:23,276.45,276.42,2,276.36,300,276.54,400,276.54,276.36,276.36,300,276.35,200,276.34,400,276.32,400,276.3,200,276.29,100,276.28,200,276.27,200,,,,,276.54,400,276.55,200,276.56,200,276.64,200,276.7,200,276.71,700,276.72,400,276.74,400,276.75,100,276.78,200
2026-02-05 09:32:24,276.455,276.45,3,276.36,200,276.55,700,276.55,276.36,276.36,200,276.33,100,276.32,200,276.31,300,276.3,800,276.29,100,276.28,200,276.27,200,,,,,276.55,700,276.56,200,276.64,200,276.7,200,276.71,700,276.72,400,276.74,400,276.75,100,276.78,200,276.79,300
2026-02-05 09:32:25,276.15,276.15,1,276.09,100,276.21,1200,276.21,276.09,276.09,100,,,,,,,,,,,,,,,,,,,276.21,1200,276.22,200,276.25,100,276.26,200,276.27,1100,276.28,300,276.29,1000,276.3,200,276.31,200,276.34,300
2026-02-05 09:32:26,276.075,276.01,1,276.01,500,276.14,1000,276.14,276.01,276.01,500,,,,,,,,,,,,,,,,,,,276.14,1000,276.16,1000,276.17,200,276.18,400,276.19,300,276.2,1000,276.21,900,276.22,200,276.25,100,276.26,200
2026-02-05 09:32:27,275.965,275.95,2,275.93,3400,276.0,400,276.0,275.93,275.93,3400,275.91,700,,,,,,,,,,,,,,,,,276.0,400,276.01,1100,276.02,1200,276.03,400,276.04,200,276.08,300,276.13,300,276.19,900,276.2,1000,276.21,900
2026-02-05 09:32:28,276.0,276.0,2,275.92,300,276.08,200,276.08,275.92,275.92,300,275.91,200,275.9,300,275.89,100,275.87,500,275.82,100,275.81,300,275.8,300,,,,,276.08,200,276.13,300,276.19,900,276.2,1000,276.21,900,276.22,200,276.25,100,276.26,200,276.27,1100,276.28,300
2026-02-05 09:32:29,276.13,276.08,3,276.07,300,276.19,700,276.19,276.07,276.07,300,276.0,500,275.99,300,275.95,100,275.93,100,275.92,300,275.91,200,275.9,300,275.89,100,275.87,500,276.19,700,276.2,1000,276.21,900,276.22,200,276.25,100,276.26,200,276.27,1100,276.28,300,276.29,1000,276.3,200
2026-02-05 09:32:30,276.19,276.15,1,276.14,300,276.24,100,276.24,276.14,276.14,300,276.11,300,276.1,400,276.07,300,276.0,500,275.99,300,275.95,100,275.93,100,275.92,300,275.91,200,276.24,100,276.25,100,276.27,200,276.28,100,276.29,200,276.3,300,276.31,200,276.34,300,276.35,400,276.36,200
2026-02-05 09:32:31,275.965,275.88,4,275.88,200,276.05,200,276.05,275.88,275.88,200,275.87,500,275.82,100,275.81,300,275.8,300,,,,,,,,,,,276.05,200,276.06,100,276.07,400,276.11,300,276.12,200,276.13,100,276.16,400,276.2,200,276.21,400,276.22,400
2026-02-05 09:32:32,275.92,276.0,10,275.84,100,276.0,200,276.0,275.84,275.84,100,275.83,200,275.82,200,275.81,300,275.8,300,,,,,,,,,,,276.0,200,276.01,200,276.05,200,276.06,100,276.07,400,276.11,300,276.12,200,276.13,100,276.16,400,276.2,200
2026-02-05 09:32:33,276.08,276.08,1,276.0,100,276.16,200,276.16,276.0,276.0,100,275.99,300,275.97,200,275.94,300,275.93,100,275.92,200,275.84,200,275.83,200,275.82,200,275.81,300,276.16,200,276.2,200,276.21,400,276.22,400,276.3,300,276.31,100,276.33,100,276.34,300,276.35,400,276.36,200
2026-02-05 09:32:34,276.18,276.18,2,276.09,400,276.27,300,276.27,276.09,276.09,400,276.06,100,276.03,300,276.02,100,276.01,100,275.97,400,275.94,300,275.93,100,275.92,200,275.84,200,276.27,300,276.3,1300,276.31,100,276.33,100,276.34,300,276.35,400,276.36,200,276.37,400,276.38,100,276.4,100
2026-02-05 09:32:35,276.28,276.13,1,276.22,300,276.34,200,276.34,276.22,276.22,300,276.18,400,276.14,100,276.13,200,276.09,400,276.06,100,276.03,300,276.02,100,276.01,100,275.97,400,276.34,200,276.35,200,276.37,200,276.38,100,276.4,100,276.42,300,276.43,200,276.44,100,276.45,100,276.46,400
2026-02-05 09:32:36,276.28,276.28,2,276.22,400,276.34,500,276.34,276.22,276.22,400,276.21,100,276.18,400,276.14,100,276.13,200,276.09,400,276.06,100,276.03,300,276.02,100,276.01,100,276.34,500,276.36,200,276.37,200,276.38,100,276.4,100,276.42,300,276.43,200,276.44,100,276.45,100,276.46,400
2026-02-05 09:32:37,276.195,276.22,2,276.14,100,276.25,1100,276.25,276.14,276.14,100,276.13,200,276.09,400,276.06,100,276.03,300,276.02,100,276.01,100,275.97,400,275.94,300,275.93,100,276.25,1100,276.26,500,276.29,200,276.39,300,276.4,800,276.42,300,276.43,200,276.44,100,276.45,100,276.46,400
2026-02-05 09:32:38,275.865,275.87,1,275.8,300,275.93,300,275.93,275.8,275.8,300,,,,,,,,,,,,,,,,,,,275.93,300,275.94,700,275.97,100,275.98,200,275.99,500,276.0,200,276.02,400,276.05,200,276.07,300,276.14,200
2026-02-05 09:32:39,275.98,276.03,1,275.9,100,276.06,200,276.06,275.9,275.9,100,275.88,400,275.87,100,275.86,400,275.84,200,275.83,100,275.81,200,275.8,300,,,,,276.06,200,276.08,200,276.14,200,276.15,200,276.17,400,276.24,200,276.25,1100,276.26,500,276.29,200,276.39,300
2026-02-05 09:32:40,275.965,275.96,1,275.87,100,276.06,200,276.06,275.87,275.87,100,275.86,400,275.84,200,275.83,100,275.81,200,275.8,300,,,,,,,,,276.06,200,276.07,200,276.08,300,276.09,300,276.14,200,276.15,200,276.17,400,276.24,200,276.25,1100,276.26,500
2026-02-05 09:32:41,276.035,276.03,1,275.94,400,276.13,300,276.13,275.94,275.94,400,275.93,100,275.92,100,275.91,200,275.9,300,275.89,300,275.88,300,275.87,300,275.86,400,275.84,200,276.13,300,276.14,200,276.15,200,276.16,200,276.18,200,276.19,200,276.24,200,276.25,1100,276.26,500,276.29,200
2026-02-05 09:32:42,275.935,275.94,1,275.87,400,276.0,500,276.0,275.87,275.87,400,275.86,400,275.84,200,275.83,100,275.81,200,275.8,300,,,,,,,,,276.0,500,276.05,100,276.06,300,276.09,200,276.1,200,276.11,100,276.12,100,276.13,300,276.14,200,276.15,200
2026-02-05 09:32:43,275.89,275.83,2,275.82,300,275.96,1000,275.96,275.82,275.82,300,275.81,200,275.8,300,,,,,,,,,,,,,,,275.96,1000,275.97,300,275.98,1200,276.08,200,276.09,300,276.1,200,276.11,100,276.12,100,276.13,300,276.14,200
2026-02-05 09:32:44,275.875,275.9,1,275.82,500,275.93,400,275.93,275.82,275.82,500,275.81,200,275.8,300,,,,,,,,,,,,,,,275.93,400,275.96,900,275.97,300,275.98,1200,276.08,200,276.09,300,276.1,200,276.11,100,276.12,100,276.13,300
2026-02-05 09:32:45,275.85,275.81,1,275.8,500,275.9,200,275.9,275.8,275.8,500,,,,,,,,,,,,,,,,,,,275.9,200,275.94,600,275.96,900,275.97,300,275.98,1200,276.08,200,276.09,300,276.1,200,276.11,100,276.12,100
2026-02-05 09:32:46,275.895,275.9,1,275.87,500,275.98,1100,275.98,275.87,275.85,100,275.84,100,275.8,800,,,,,,,,,,,,,,,275.94,800,275.96,900,275.97,300,275.98,1200,276.08,200,276.09,300,276.1,200,276.11,100,276.12,100,276.13,300
2026-02-05 09:32:47,276.225,276.23,3,276.16,300,276.29,300,276.29,276.16,276.16,300,276.1,300,276.09,200,276.04,200,276.01,100,275.99,200,275.98,200,275.9,200,275.86,300,275.85,100,276.29,300,276.31,100,276.32,100,276.39,300,276.4,800,276.42,300,276.43,200,276.44,100,276.45,100,276.46,400
2026-02-05 09:32:48,276.26,276.31,1,276.2,400,276.32,100,276.32,276.2,276.2,400,276.19,500,276.16,300,276.15,100,276.14,300,276.13,400,276.12,400,276.11,300,276.1,300,276.09,200,276.32,100,276.33,100,276.34,500,276.39,300,276.4,800,276.42,300,276.43,200,276.44,100,276.45,100,276.46,400
2026-02-05 09:32:49,276.215,276.25,2,276.13,400,276.3,200,276.3,276.13,276.13,400,276.12,400,276.11,300,276.1,300,276.09,200,276.04,200,276.01,100,275.99,200,275.98,200,275.9,200,276.3,200,276.31,300,276.32,200,276.33,300,276.35,200,276.39,300,276.4,800,276.42,300,276.43,200,276.44,100
2026-02-05 09:32:50,276.17,276.18,1,276.08,300,276.26,300,276.26,276.08,276.08,300,276.06,100,276.05,100,276.04,300,276.03,200,276.02,100,276.01,100,275.99,200,275.98,200,275.9,200,276.26,300,276.27,100,276.28,400,276.3,200,276.32,1100,276.33,300,276.35,200,276.39,300,276.4,800,276.42,300
2026-02-05 09:32:51,276.235,276.24,2,276.17,300,276.3,100,276.3,276.17,276.17,300,276.16,200,276.15,100,276.14,100,276.13,300,276.12,200,276.1,100,276.09,100,276.08,500,276.06,100,276.3,100,276.32,1100,276.33,300,276.35,200,276.39,300,276.4,800,276.42,300,276.43,200,276.44,100,276.45,100
2026-02-05 09:32:52,276.245,276.25,1,276.18,400,276.31,1100,276.31,276.18,276.18,400,276.17,300,276.16,200,276.15,100,276.14,100,276.13,300,276.12,200,276.1,100,276.09,100,276.08,500,276.31,1100,276.32,1200,276.33,300,276.35,200,276.39,300,276.4,800,276.42,300,276.43,200,276.44,100,276.45,100
2026-02-05 09:32:53,276.365,276.37,1,276.32,900,276.41,100,276.41,276.32,276.32,900,276.24,100,276.18,100,276.17,500,276.16,200,276.15,100,276.14,100,276.13,300,276.12,200,276.1,100,276.41,100,276.42,300,276.43,200,276.44,100,276.45,100,276.46,400,276.54,300,276.55,800,276.56,200,276.64,200
2026-02-05 09:32:54,276.495,276.5,3,276.42,400,276.57,200,276.57,276.42,276.42,400,276.41,100,276.39,100,276.38,300,276.35,500,276.34,600,276.33,200,276.32,1000,276.24,100,276.18,100,276.57,200,276.58,400,276.64,200,276.7,200,276.71,700,276.72,400,276.74,400,276.75,100,276.78,200,276.79,300
2026-02-05 09:32:55,276.475,276.48,1,276.41,300,276.54,400,276.54,276.41,276.41,300,276.4,500,276.39,200,276.36,300,276.33,100,276.32,1000,276.24,100,276.18,100,276.17,500,276.16,200,276.54,400,276.58,400,276.64,200,276.7,200,276.71,700,276.72,400,276.74,400,276.75,100,276.78,200,276.79,300
2026-02-05 09:32:56,276.445,276.45,1,276.4,500,276.49,200,276.49,276.4,276.4,500,276.39,200,276.36,300,276.33,100,276.32,1000,276.24,100,276.18,100,276.17,500,276.16,200,276.15,100,276.49,200,276.5,100,276.52,300,276.54,400,276.58,400,276.64,200,276.7,200,276.71,700,276.72,400,276.74,400
2026-02-05 09:32:57,276.385,276.42,1,276.33,200,276.44,200,276.44,276.33,276.33,200,276.32,1000,276.24,100,276.18,100,276.17,500,276.16,200,276.15,100,276.14,100,276.13,300,276.12,200,276.44,200,276.46,200,276.47,100,276.48,300,276.49,400,276.5,100,276.52,300,276.54,400,276.58,400,276.64,200
2026-02-05 09:32:58,276.46,276.48,3,276.38,200,276.54,400,276.54,276.38,276.38,200,276.37,100,276.33,400,276.32,1000,276.24,100,276.18,100,276.17,500,276.16,200,276.15,100,276.14,100,276.54,400,276.58,400,276.64,200,276.7,200,276.71,700,276.72,400,276.74,400,276.75,100,276.78,200,276.79,300
2026-02-05 09:32:59,276.38,276.41,1,276.33,500,276.43,300,276.43,276.33,276.33,500,276.32,1000,276.24,100,276.18,100,276.17,500,276.16,200,276.15,100,276.14,100,276.13,300,276.12,200,276.43,300,276.45,100,276.47,300,276.48,200,276.51,200,276.52,100,276.53,300,276.54,200,276.56,200,276.57,300
2026-02-05 09:33:00,276.37,276.33,1,276.33,500,276.41,400,276.41,276.33,276.33,600,276.32,500,276.3,100,276.28,800,276.24,100,276.18,100,276.17,500,276.16,200,276.15,100,276.14,100,276.41,200,276.47,100,276.5,200,276.51,200,276.52,100,276.53,300,276.54,200,276.56,200,276.57,300,276.58,400
2026-02-05 09:33:01,276.42,276.42,1,276.36,200,276.48,400,276.48,276.36,276.36,200,276.35,100,276.33,300,276.32,300,276.31,100,276.3,300,276.29,300,276.28,800,276.24,100,276.18,100,276.48,400,276.5,200,276.51,200,276.52,100,276.53,300,276.54,200,276.56,200,276.57,300,276.58,400,276.64,200
2026-02-05 09:33:02,276.41,276.4,1,276.34,500,276.48,400,276.48,276.34,276.34,500,276.33,600,276.32,100,276.31,200,276.24,200,276.23,200,276.2,200,276.19,200,276.17,400,276.16,200,276.48,400,276.5,200,276.51,200,276.52,100,276.53,300,276.54,200,276.56,200,276.57,300,276.58,400,276.64,200
2026-02-05 09:33:03,276.52,276.52,1,276.46,400,276.58,400,276.58,276.46,276.46,400,276.36,200,276.34,700,276.3,100,276.29,100,276.28,300,276.27,200,276.24,200,276.23,200,276.2,200,276.58,400,276.64,200,276.7,200,276.71,700,276.72,400,276.74,400,276.75,100,276.78,200,276.79,300,276.8,100
2026-02-05 09:33:04,276.485,276.48,1,276.39,300,276.58,400,276.58,276.39,276.39,300,276.38,300,276.36,200,276.34,700,276.3,100,276.29,100,276.28,300,276.27,200,276.24,200,276.23,200,276.58,400,276.64,200,276.7,200,276.71,700,276.72,400,276.74,400,276.75,100,276.78,200,276.79,300,276.8,100
2026-02-05 09:33:05,276.6,276.66,14,276.53,300,276.67,100,276.67,276.53,276.53,300,276.51,200,276.5,300,276.48,200,276.47,400,276.46,200,276.45,300,276.39,300,276.38,300,276.36,200,276.67,100,276.71,700,276.72,400,276.74,400,276.75,100,276.78,200,276.79,300,276.8,100,276.81,200,276.83,200
2026-02-05 09:33:06,276.815,276.74,1,276.74,300,276.89,200,276.89,276.74,276.74,300,276.73,200,276.7,200,276.68,200,276.67,800,276.65,300,276.64,300,276.63,100,276.62,500,276.61,300,276.89,200,276.9,200,276.91,300,276.92,400,276.93,400,276.98,600,277.03,100,277.04,500,277.06,200,277.07,400
2026-02-05 09:33:07,276.79,276.86,1,276.69,400,276.89,500,276.89,276.69,276.69,400,276.68,200,276.67,800,276.65,300,276.64,300,276.63,100,276.62,500,276.61,300,276.55,200,276.53,300,276.89,500,276.9,200,276.91,300,276.92,400,276.93,400,276.98,600,277.03,100,277.04,500,277.06,200,277.07,400
2026-02-05 09:33:08,276.775,276.8,1,276.69,300,276.86,300,276.86,276.69,276.69,300,276.68,200,276.67,800,276.65,300,276.64,300,276.63,100,276.62,500,276.61,300,276.55,200,276.53,300,276.86,300,276.87,300,276.88,400,276.89,100,276.9,400,276.91,300,276.92,400,276.93,400,276.98,600,277.03,100
2026-02-05 09:33:09,276.775,276.76,1,276.69,300,276.86,300,276.86,276.69,276.69,300,276.68,500,276.67,200,276.66,700,276.65,300,276.64,300,276.63,100,276.62,500,276.61,300,276.55,200,276.86,300,276.87,200,276.88,600,276.89,300,276.9,400,276.91,300,276.92,400,276.93,400,276.98,600,277.03,100
2026-02-05 09:33:10,276.765,276.76,1,276.69,100,276.84,500,276.84,276.69,276.69,100,276.68,500,276.67,200,276.66,700,276.65,300,276.64,300,276.63,100,276.62,500,276.61,300,276.55,200,276.84,500,276.85,100,276.86,300,276.87,200,276.88,600,276.89,300,276.9,400,276.91,300,276.92,400,276.93,400
2026-02-05 09:33:11,276.825,276.77,8,276.77,300,276.88,600,276.88,276.77,276.77,300,276.76,400,276.74,500,276.72,200,276.7,300,276.69,200,276.68,500,276.67,200,276.66,700,276.65,300,276.88,600,276.89,300,276.9,400,276.91,300,276.92,400,276.93,400,276.98,600,277.03,100,277.04,500,277.06,200
2026-02-05 09:33:12,276.87,276.87,1,276.84,100,276.9,100,276.9,276.84,276.84,100,276.83,300,276.82,100,276.79,100,276.78,100,276.77,600,276.72,300,276.7,300,276.69,200,276.68,500,276.9,100,276.91,200,276.92,500,276.93,400,276.98,600,277.03,100,277.04,500,277.06,200,277.07,400,277.08,600
2026-02-05 09:33:13,276.84,276.89,1,276.77,400,276.91,300,276.91,276.77,276.77,400,276.76,400,276.72,300,276.7,300,276.69,200,276.68,500,276.67,200,276.66,700,276.65,300,276.64,300,276.91,300,276.92,100,277.0,100,277.02,400,277.03,300,277.04,100,277.05,200,277.06,200,277.07,400,277.08,600
2026-02-05 09:33:14,276.905,276.91,1,276.8,300,277.01,400,277.01,276.8,276.8,300,276.79,200,276.77,100,276.75,400,276.74,500,276.72,300,276.7,300,276.69,200,276.68,500,276.67,200,277.01,400,277.02,400,277.03,300,277.04,100,277.05,200,277.06,200,277.07,400,277.08,600,277.09,300,277.1,100
2026-02-05 09:33:15,276.91,276.9,1,276.83,400,276.99,100,276.99,276.83,276.83,400,276.8,300,276.79,200,276.77,100,276.75,400,276.74,500,276.72,300,276.7,300,276.69,200,276.68,500,276.99,100,277.0,200,277.02,400,277.05,300,277.06,200,277.07,400,277.08,600,277.09,300,277.1,100,277.16,200
2026-02-05 09:33:16,276.95,276.88,1,276.87,300,277.03,200,277.03,276.87,276.87,300,276.86,300,276.85,200,276.81,200,276.8,300,276.79,200,276.78,300,276.77,300,276.76,300,276.75,400,277.03,200,277.05,300,277.06,200,277.07,400,277.08,600,277.09,300,277.1,100,277.16,200,277.2,300,277.22,400
2026-02-05 09:33:17,276.95,276.95,1,276.9,400,277.0,600,277.0,276.9,276.9,400,276.89,100,276.88,500,276.87,300,276.86,300,276.85,200,276.81,200,276.8,300,276.79,200,276.78,300,277.0,600,277.04,100,277.05,100,277.06,300,277.07,500,277.08,600,277.09,300,277.1,100,277.16,200,277.2,300
2026-02-05 09:33:18,277.03,277.06,1,276.99,100,277.07,500,277.07,276.99,276.99,100,276.96,400,276.95,100,276.92,300,276.91,100,276.9,400,276.89,100,276.88,500,276.87,300,276.86,300,277.07,500,277.08,600,277.09,300,277.1,100,277.16,200,277.2,300,277.22,400,277.23,200,277.24,300,277.25,300
2026-02-05 09:33:19,277.105,277.08,2,277.06,100,277.15,200,277.15,277.06,277.06,100,277.04,600,277.03,200,277.0,100,276.99,500,276.96,400,276.95,100,276.92,300,276.91,100,276.9,400,277.15,200,277.16,200,277.2,300,277.22,400,277.23,200,277.24,300,277.25,300,277.29,200,277.32,100,277.33,600
2026-02-05 09:33:20,277.225,277.21,1,277.14,500,277.31,200,277.31,277.14,277.14,500,277.13,400,277.12,400,277.11,200,277.1,200,277.08,400,277.07,200,277.06,100,277.02,300,277.0,100,277.31,200,277.33,400,277.34,400,277.38,600,277.39,200,277.4,800,277.41,600,277.43,200,277.44,200,277.45,300
2026-02-05 09:33:21,277.33,277.35,1,277.27,300,277.39,400,277.39,277.27,277.27,300,277.26,300,277.22,300,277.21,200,277.19,100,277.17,300,277.16,300,277.15,600,277.14,500,277.13,400,277.39,400,277.4,800,277.41,600,277.43,200,277.44,200,277.45,300,277.48,300,277.5,900,277.57,200,277.58,500
2026-02-05 09:33:22,277.225,277.27,6,277.18,100,277.27,200,277.27,277.18,277.18,100,277.16,200,277.15,900,277.14,1100,277.13,400,277.12,400,277.11,200,277.1,200,277.08,400,277.07,200,277.27,200,277.3,100,277.31,300,277.32,100,277.33,200,277.36,300,277.39,200,277.4,100,277.42,500,277.44,100
2026-02-05 09:33:23,277.36,277.43,2,277.28,300,277.44,100,277.44,277.28,277.28,300,277.27,300,277.26,200,277.25,400,277.23,200,277.22,100,277.21,400,277.18,100,277.17,400,277.16,100,277.44,100,277.45,300,277.48,300,277.5,900,277.57,200,277.58,500,277.63,300,277.65,100,277.66,400,277.68,600
2026-02-05 09:33:24,277.36,277.41,1,277.29,100,277.43,600,277.43,277.29,277.29,100,277.27,200,277.24,300,277.23,200,277.22,100,277.21,400,277.18,100,277.17,400,277.16,100,277.15,300,277.43,600,277.44,700,277.45,300,277.48,300,277.5,900,277.57,200,277.58,500,277.63,300,277.65,100,277.66,400
2026-02-05 09:33:25,277.48,277.5,1,277.42,100,277.54,200,277.54,277.42,277.42,100,277.41,100,277.38,300,277.34,500,277.33,100,277.32,400,277.29,200,277.28,200,277.27,100,277.26,200,277.54,200,277.55,400,277.57,200,277.58,500,277.63,300,277.65,100,277.66,400,277.68,600,277.74,300,277.75,100
2026-02-05 09:33:26,277.41,277.41,2,277.34,400,277.48,400,277.48,277.34,277.34,400,277.33,100,277.32,400,277.29,200,277.28,200,277.27,100,277.26,200,277.25,300,277.24,300,277.23,200,277.48,400,277.49,300,277.5,200,277.54,100,277.55,400,277.57,200,277.58,500,277.63,300,277.65,100,277.66,400
2026-02-05 09:33:27,277.535,277.57,1,277.51,100,277.57,100,277.57,277.51,277.5,300,277.43,100,277.42,300,277.41,200,277.4,600,277.39,200,277.37,200,277.36,300,277.32,100,277.3,400,277.57,200,277.58,500,277.63,300,277.65,100,277.66,400,277.68,600,277.74,300,277.75,100,277.76,100,277.77,800
2026-02-05 09:33:28,277.56,277.62,1,277.5,300,277.62,400,277.62,277.5,277.5,300,277.49,200,277.48,400,277.47,300,277.43,100,277.42,300,277.41,200,277.4,600,277.39,200,277.37,200,277.62,400,277.63,300,277.65,100,277.66,400,277.68,600,277.74,300,277.75,100,277.76,100,277.77,800,277.79,400
2026-02-05 09:33:29,277.535,277.6,1,277.47,400,277.6,300,277.6,277.47,277.47,400,277.46,400,277.45,100,277.44,200,277.43,500,277.42,300,277.41,200,277.4,600,277.39,200,277.37,200,277.6,300,277.61,300,277.62,500,277.63,300,277.65,100,277.66,400,277.68,600,277.74,300,277.75,100,277.76,100
2026-02-05 09:33:30,277.56,277.53,1,277.52,400,277.6,200,277.6,277.52,277.52,400,277.51,700,277.49,100,277.48,900,277.47,600,277.46,400,277.45,100,277.44,200,277.43,500,277.42,300,277.6,200,277.61,800,277.62,500,277.63,300,277.65,100,277.66,400,277.68,600,277.74,300,277.75,100,277.76,100
2026-02-05 09:33:31,277.645,277.61,2,277.57,300,277.72,100,277.72,277.57,277.57,300,277.56,400,277.53,300,277.52,200,277.49,200,277.48,900,277.47,600,277.46,400,277.45,100,277.44,200,277.72,100,277.75,100,277.76,100,277.77,800,277.79,400,277.83,200,277.86,100,277.88,600,277.89,300,277.93,100
2026-02-05 09:33:32,277.235,277.23,1,277.15,300,277.32,500,277.32,277.15,277.15,300,277.14,100,277.13,300,277.12,400,277.11,200,277.1,200,277.08,400,277.07,200,277.06,100,277.02,300,277.32,500,277.34,200,277.37,200,277.38,300,277.39,200,277.44,200,277.46,300,277.47,100,277.48,200,277.5,100
2026-02-05 09:33:33,277.14,277.14,4,277.06,200,277.22,300,277.22,277.06,277.06,200,277.05,300,277.02,300,277.0,100,276.99,500,276.96,400,276.95,100,276.92,300,276.91,100,276.9,400,277.22,300,277.23,100,277.24,400,277.25,500,277.3,200,277.31,100,277.32,400,277.33,200,277.34,200,277.37,200
2026-02-05 09:33:34,277.16,277.14,2,277.09,300,277.23,600,277.23,277.09,277.09,300,277.08,300,277.06,200,277.05,300,277.02,300,277.0,100,276.99,500,276.96,400,276.95,100,276.92,300,277.23,600,277.25,400,277.3,200,277.31,100,277.32,400,277.33,200,277.34,200,277.37,200,277.38,300,277.39,200
2026-02-05 09:33:35,277.1,277.06,1,277.03,100,277.17,400,277.17,277.03,277.03,100,277.02,400,276.96,400,276.95,100,276.92,300,276.91,100,276.9,400,276.89,100,276.88,500,276.87,300,277.17,400,277.18,300,277.21,100,277.22,300,277.23,600,277.25,400,277.3,200,277.31,100,277.32,400,277.33,200
2026-02-05 09:33:36,277.105,277.11,1,277.04,400,277.17,600,277.17,277.04,277.04,400,277.03,500,277.02,400,276.96,400,276.95,100,276.92,300,276.91,100,276.9,400,276.89,100,276.88,500,277.17,600,277.18,300,277.21,100,277.22,300,277.23,600,277.25,400,277.3,200,277.31,100,277.32,400,277.33,200
2026-02-05 09:33:37,276.995,277.02,1,276.9,300,277.09,500,277.09,276.9,276.9,300,276.89,100,276.88,500,276.87,300,276.86,300,276.85,200,276.81,200,276.8,300,276.79,200,276.78,300,277.09,500,277.1,200,277.11,200,277.16,200,277.17,800,277.18,300,277.21,100,277.22,300,277.23,600,277.25,400
2026-02-05 09:33:38,276.95,277.01,2,276.89,400,277.01,600,277.01,276.89,276.89,400,276.86,300,276.85,200,276.81,200,276.8,300,276.79,200,276.78,300,276.77,300,276.76,300,276.75,400,277.01,600,277.05,100,277.06,200,277.07,100,277.08,300,277.09,600,277.1,200,277.11,200,277.16,200,277.17,800
2026-02-05 09:33:39,276.73,276.74,1,276.66,700,276.81,200,276.81,276.66,276.67,200,276.66,700,276.65,300,276.64,300,276.63,100,276.62,500,276.61,300,276.55,200,276.53,300,276.51,200,276.79,100,276.81,200,276.85,100,276.86,300,276.91,100,276.93,200,276.96,400,276.98,100,277.0,100,277.01,800
2026-02-05 09:33:40,276.285,276.29,1,276.19,200,276.38,300,276.38,276.19,276.19,200,276.15,200,276.14,100,276.13,300,276.12,200,276.1,100,276.09,100,276.08,500,276.06,100,276.05,100,276.38,300,276.4,100,276.42,300,276.44,300,276.45,100,276.46,100,276.48,100,276.5,400,276.52,300,276.53,100
2026-02-05 09:33:41,276.27,276.25,1,276.16,100,276.38,300,276.38,276.16,276.16,100,276.15,300,276.14,100,276.13,300,276.12,200,276.1,100,276.09,100,276.08,500,276.06,100,276.05,100,276.38,300,276.4,100,276.42,300,276.44,300,276.45,100,276.46,100,276.48,100,276.5,400,276.52,300,276.53,100
2026-02-05 09:33:42,276.41,276.42,1,276.33,300,276.49,300,276.49,276.33,276.33,300,276.32,300,276.26,400,276.25,600,276.19,100,276.18,100,276.16,100,276.15,300,276.14,100,276.13,300,276.49,300,276.5,400,276.52,300,276.53,100,276.57,200,276.61,200,276.64,300,276.65,600,276.66,400,276.68,200
2026-02-05 09:33:43,276.325,276.29,1,276.26,300,276.39,500,276.39,276.26,276.26,300,276.25,600,276.19,100,276.18,100,276.16,100,276.15,300,276.14,100,276.13,300,276.12,200,276.1,100,276.39,500,276.4,100,276.42,100,276.43,200,276.44,200,276.48,200,276.49,700,276.5,400,276.52,300,276.53,100
2026-02-05 09:33:44,276.205,276.2,2,276.14,200,276.27,300,276.27,276.14,276.14,200,276.13,300,276.12,500,276.1,100,276.09,100,276.08,500,276.06,100,276.05,100,276.04,300,276.03,200,276.27,300,276.28,100,276.29,600,276.3,200,276.31,500,276.32,100,276.33,200,276.34,300,276.35,200,276.38,200
2026-02-05 09:33:45,276.475,276.49,1,276.41,300,276.54,100,276.54,276.41,276.41,300,276.4,200,276.39,200,276.34,300,276.33,200,276.32,200,276.27,300,276.22,200,276.21,100,276.17,100,276.54,100,276.57,200,276.61,200,276.64,300,276.65,600,276.66,400,276.68,200,276.7,300,276.71,300,276.76,100
2026-02-05 09:33:46,276.48,276.48,1,276.43,300,276.53,200,276.53,276.43,276.43,300,276.42,300,276.41,300,276.4,200,276.39,200,276.34,300,276.33,200,276.32,200,276.27,300,276.22,200,276.53,200,276.54,500,276.57,200,276.61,200,276.64,300,276.65,600,276.66,400,276.68,200,276.7,300,276.71,300
2026-02-05 09:33:47,276.48,276.48,1,276.43,600,276.53,700,276.53,276.43,276.43,600,276.42,300,276.41,300,276.4,200,276.39,200,276.34,300,276.33,200,276.32,200,276.27,300,276.22,200,276.53,700,276.54,500,276.57,200,276.61,200,276.64,300,276.65,600,276.66,400,276.68,200,276.7,300,276.71,300
2026-02-05 09:33:48,276.5,276.6,10,276.43,600,276.57,400,276.57,276.43,276.43,600,276.42,300,276.41,300,276.4,200,276.39,200,276.34,300,276.33,200,276.32,200,276.27,300,276.22,200,276.57,400,276.59,200,276.6,100,276.67,300,276.68,100,276.71,400,276.76,100,276.79,300,276.8,100,276.81,2900
2026-02-05 09:33:49,276.56,276.59,1,276.49,300,276.63,200,276.63,276.49,276.49,300,276.48,100,276.46,300,276.44,200,276.43,600,276.42,300,276.41,300,276.4,200,276.39,200,276.34,300,276.63,200,276.64,100,276.65,100,276.66,100,276.67,300,276.68,100,276.71,400,276.76,100,276.79,300,276.8,100
2026-02-05 09:33:50,276.57,276.6,1,276.51,400,276.63,300,276.63,276.51,276.51,400,276.5,700,276.49,600,276.48,100,276.46,300,276.44,200,276.43,600,276.42,300,276.41,300,276.4,200,276.63,300,276.65,100,276.69,300,276.7,300,276.75,300,276.76,100,276.79,300,276.8,100,276.81,2900,276.85,100
2026-02-05 09:33:51,276.55,276.56,2,276.49,100,276.61,200,276.61,276.49,276.49,100,276.48,500,276.47,300,276.46,300,276.44,200,276.43,600,276.42,300,276.41,300,276.4,200,276.39,200,276.61,200,276.63,800,276.65,100,276.69,300,276.7,300,276.75,300,276.76,100,276.79,300,276.8,100,276.81,2900
2026-02-05 09:33:52,276.49,276.49,45,276.43,400,276.55,500,276.55,276.43,276.43,400,276.41,100,276.4,300,276.38,400,276.34,300,276.33,200,276.32,200,276.27,300,276.22,200,276.21,100,276.55,500,276.61,200,276.63,800,276.65,100,276.69,300,276.7,300,276.75,300,276.76,100,276.79,300,276.8,100
2026-02-05 09:33:53,276.525,276.54,2,276.44,500,276.61,200,276.61,276.44,276.44,500,276.43,800,276.41,100,276.4,300,276.38,400,276.34,300,276.33,200,276.32,200,276.27,300,276.22,200,276.61,200,276.63,200,276.64,200,276.65,300,276.66,200,276.67,200,276.68,200,276.69,300,276.7,300,276.75,300
2026-02-05 09:33:54,276.43,276.44,1,276.35,400,276.51,100,276.51,276.35,276.35,400,276.34,100,276.32,100,276.27,400,276.22,200,276.21,100,276.17,100,276.16,400,276.15,200,276.14,300,276.51,100,276.53,300,276.54,200,276.61,200,276.63,200,276.64,200,276.65,300,276.66,200,276.67,200,276.68,200
2026-02-05 09:33:55,276.385,276.44,5,276.28,300,276.49,400,276.49,276.28,276.28,300,276.27,400,276.22,200,276.21,100,276.17,100,276.16,400,276.15,200,276.14,300,276.13,300,276.12,500,276.49,400,276.5,200,276.51,300,276.53,100,276.54,400,276.61,200,276.63,200,276.64,200,276.65,300,276.66,200
2026-02-05 09:33:56,276.395,276.39,1,276.32,200,276.47,400,276.47,276.32,276.32,200,276.28,800,276.27,400,276.22,200,276.21,100,276.17,100,276.16,400,276.15,200,276.14,300,276.13,300,276.47,400,276.48,200,276.49,200,276.5,200,276.51,300,276.53,100,276.54,400,276.61,200,276.63,200,276.64,200
2026-02-05 09:33:57,276.39,276.38,1,276.33,100,276.45,100,276.45,276.33,276.33,100,276.32,100,276.28,600,276.27,400,276.22,200,276.21,100,276.17,100,276.16,400,276.15,200,276.14,300,276.45,100,276.46,300,276.47,300,276.48,200,276.49,200,276.5,200,276.51,300,276.53,100,276.54,400,276.61,200
2026-02-05 09:33:58,276.37,276.4,1,276.29,500,276.45,400,276.45,276.29,276.29,500,276.28,400,276.27,300,276.26,200,276.24,200,276.21,300,276.17,100,276.16,400,276.15,200,276.14,300,276.45,400,276.46,300,276.47,300,276.48,200,276.49,200,276.5,200,276.51,300,276.53,100,276.54,400,276.61,200
2026-02-05 09:33:59,276.36,276.37,1,276.29,800,276.43,100,276.43,276.29,276.29,800,276.28,400,276.27,300,276.26,200,276.24,200,276.21,300,276.17,100,276.16,400,276.15,200,276.14,300,276.43,100,276.44,200,276.45,700,276.46,300,276.47,300,276.48,200,276.49,200,276.5,200,276.51,300,276.53,100
2026-02-05 09:34:00,276.305,276.3,1,276.25,300,276.36,200,276.36,276.25,276.25,300,276.24,200,276.21,300,276.17,100,276.16,400,276.15,200,276.14,300,276.13,300,276.12,500,276.1,100,276.36,200,276.42,200,276.44,200,276.45,700,276.46,300,276.47,300,276.48,200,276.49,200,276.5,200,276.51,300
2026-02-05 09:34:01,276.34,276.38,1,276.27,800,276.41,100,276.41,276.27,276.27,800,276.26,900,276.25,1000,276.24,800,276.21,300,276.17,100,276.16,400,276.15,200,276.14,300,276.13,300,276.41,100,276.43,400,276.44,200,276.45,700,276.46,300,276.47,300,276.48,200,276.49,200,276.5,200,276.51,300
2026-02-05 09:34:02,276.435,276.44,1,276.38,300,276.49,200,276.49,276.38,276.38,300,276.37,100,276.34,100,276.31,400,276.3,900,276.29,800,276.28,800,276.27,800,276.26,900,276.25,1000,276.49,200,276.5,100,276.53,200,276.54,400,276.61,200,276.63,200,276.64,200,276.65,300,276.66,200,276.67,200
2026-02-05 09:34:03,276.6,276.64,1,276.52,1200,276.68,200,276.68,276.52,276.52,1200,276.51,100,276.5,300,276.49,300,276.48,400,276.45,200,276.43,500,276.39,200,276.38,300,276.37,100,276.68,200,276.69,900,276.7,300,276.75,300,276.76,100,276.79,300,276.8,100,276.81,2900,276.85,100,276.86,300
2026-02-05 09:34:04,276.57,276.56,1,276.54,300,276.6,300,276.6,276.54,276.54,300,276.53,100,276.52,1300,276.51,100,276.5,300,276.49,300,276.48,400,276.45,200,276.43,500,276.39,200,276.6,300,276.63,100,276.65,300,276.67,100,276.7,100,276.71,400,276.72,100,276.73,100,276.76,200,276.79,300
2026-02-05 09:34:05,276.685,276.6,1,276.61,600,276.76,700,276.76,276.61,276.61,600,276.6,200,276.59,300,276.58,100,276.57,200,276.54,200,276.52,1100,276.51,100,276.5,300,276.49,300,276.76,700,276.79,300,276.8,100,276.81,2900,276.85,100,276.86,300,276.91,100,276.93,200,276.96,400,276.98,100
2026-02-05 09:34:06,276.705,276.7,2,276.63,500,276.78,1000,276.78,276.63,276.63,500,276.62,400,276.61,700,276.6,900,276.59,900,276.58,600,276.57,200,276.54,200,276.52,1100,276.51,100,276.78,1000,276.79,500,276.8,1100,276.83,100,276.84,200,276.88,200,276.91,100,276.93,200,276.96,400,276.98,100
2026-02-05 09:34:07,276.575,276.58,1,276.52,900,276.63,300,276.63,276.52,276.52,900,276.51,100,276.5,300,276.49,300,276.48,400,276.45,200,276.43,500,276.39,200,276.38,300,276.37,100,276.63,300,276.65,300,276.67,200,276.69,300,276.7,200,276.75,200,276.77,100,276.78,1000,276.79,500,276.8,1100
2026-02-05 09:34:08,276.465,276.53,7,276.4,300,276.53,300,276.53,276.4,276.4,300,276.39,200,276.38,300,276.37,100,276.34,100,276.31,400,276.3,900,276.29,800,276.28,800,276.27,800,276.53,300,276.54,200,276.61,100,276.63,300,276.65,300,276.67,200,276.69,300,276.7,200,276.75,200,276.77,100
2026-02-05 09:34:09,276.335,276.36,1,276.25,200,276.42,900,276.42,276.25,276.25,200,276.24,100,276.23,300,276.2,200,276.18,100,276.17,100,276.16,400,276.15,200,276.14,300,276.13,300,276.42,900,276.43,900,276.44,100,276.45,400,276.46,1200,276.47,500,276.48,500,276.49,500,276.5,600,276.51,200
2026-02-05 09:34:10,276.245,276.25,1,276.17,200,276.32,200,276.32,276.17,276.17,200,276.16,400,276.15,200,276.14,300,276.13,300,276.12,500,276.1,100,276.09,100,276.08,500,276.06,100,276.32,200,276.33,100,276.35,200,276.37,400,276.38,100,276.39,200,276.42,900,276.43,900,276.44,100,276.45,400
2026-02-05 09:34:11,276.24,276.27,1,276.17,300,276.31,300,276.31,276.17,276.17,300,276.16,300,276.15,300,276.14,300,276.13,400,276.12,500,276.1,100,276.09,100,276.08,500,276.06,100,276.31,300,276.32,100,276.33,300,276.35,200,276.37,400,276.38,100,276.39,200,276.42,900,276.43,900,276.44,100
2026-02-05 09:34:12,276.22,276.23,1,276.15,400,276.29,100,276.29,276.15,276.15,400,276.14,200,276.13,500,276.12,500,276.1,100,276.09,100,276.08,500,276.06,100,276.05,100,276.04,300,276.29,100,276.3,100,276.31,200,276.32,200,276.33,300,276.35,200,276.37,400,276.38,100,276.39,200,276.42,900
2026-02-05 09:34:13,276.1,276.21,1,276.05,200,276.15,200,276.15,276.05,276.05,200,276.01,300,275.99,200,275.98,200,275.9,200,275.86,300,275.85,100,275.84,100,275.8,800,,,276.15,200,276.16,100,276.17,200,276.18,100,276.19,200,276.2,100,276.22,900,276.23,200,276.24,200,276.3,700
2026-02-05 09:34:14,276.135,276.14,1,276.07,100,276.2,600,276.2,276.07,276.07,100,276.06,200,276.02,200,276.01,300,275.99,200,275.98,200,275.9,200,275.86,300,275.85,100,275.84,100,276.2,600,276.21,600,276.24,300,276.3,700,276.31,200,276.32,200,276.33,300,276.35,200,276.37,400,276.38,100
2026-02-05 09:34:15,276.19,276.19,3,276.11,300,276.27,100,276.27,276.11,276.11,300,276.1,400,276.07,400,276.06,200,276.02,200,276.01,300,275.99,200,275.98,200,275.9,200,275.86,300,276.27,100,276.28,100,276.29,200,276.3,800,276.31,200,276.32,200,276.33,300,276.35,200,276.37,400,276.38,100
2026-02-05 09:34:16,275.965,275.96,1,275.88,100,276.05,200,276.05,275.88,275.88,100,275.86,300,275.85,100,275.84,100,275.8,800,,,,,,,,,,,276.05,200,276.06,200,276.07,100,276.08,200,276.13,300,276.16,300,276.17,200,276.19,100,276.21,100,276.23,200
2026-02-05 09:34:17,275.845,275.87,2,275.8,800,275.89,100,275.89,275.8,275.8,800,,,,,,,,,,,,,,,,,,,275.89,100,275.94,1000,275.97,200,275.98,500,276.0,100,276.01,200,276.02,200,276.03,100,276.05,200,276.06,200
2026-02-05 09:34:18,275.92,275.92,1,275.86,300,275.98,300,275.98,275.86,275.86,300,275.84,200,275.81,200,275.8,800,,,,,,,,,,,,,275.98,300,276.0,100,276.01,200,276.02,200,276.03,100,276.05,200,276.06,200,276.07,100,276.08,200,276.13,300
2026-02-05 09:34:19,275.925,276.78,1,275.85,400,276.0,200,276.0,275.85,275.85,400,275.83,100,275.82,100,275.81,400,275.8,900,,,,,,,,,,,276.0,200,276.03,300,276.06,300,276.1,300,276.13,300,276.16,300,276.17,200,276.19,100,276.21,100,276.23,200
2026-02-05 09:34:20,275.785,275.74,1,275.7,200,275.87,900,275.87,275.7,275.7,200,275.69,300,275.68,300,275.64,100,275.61,300,,,,,,,,,,,275.87,900,275.9,100,275.92,200,275.93,400,275.94,100,276.0,300,276.03,300,276.06,300,276.1,300,276.13,300
2026-02-05 09:34:21,275.89,275.96,1,275.81,200,275.97,600,275.97,275.81,275.81,200,275.79,400,275.72,200,275.7,200,275.69,600,275.68,300,275.64,100,275.61,300,,,,,275.97,200,275.99,900,276.0,300,276.03,300,276.06,300,276.1,300,276.13,300,276.16,300,276.17,200,276.19,100
2026-02-05 09:34:22,275.91,275.91,1,275.86,400,275.96,200,275.96,275.86,275.86,400,275.85,300,275.81,200,275.79,400,275.72,200,275.7,200,275.69,600,275.68,300,275.64,100,275.61,300,275.96,200,275.97,600,275.99,900,276.0,300,276.03,300,276.06,300,276.1,300,276.13,300,276.16,300,276.17,200
2026-02-05 09:34:23,275.95,276.0,4,275.85,300,276.05,200,276.05,275.85,275.85,300,275.81,200,275.79,400,275.72,200,275.7,200,275.69,600,275.68,300,275.64,100,275.61,300,,,276.05,200,276.06,300,276.1,300,276.13,300,276.16,300,276.17,200,276.19,100,276.21,100,276.23,200,276.24,100
2026-02-05 09:34:24,276.01,276.07,1,275.95,200,276.07,100,276.07,275.95,275.95,200,275.94,400,275.91,100,275.89,300,275.88,300,275.85,300,275.81,200,275.79,400,275.72,200,275.7,200,276.07,100,276.11,300,276.13,300,276.16,300,276.17,200,276.19,100,276.21,100,276.23,200,276.24,100,276.26,400
2026-02-05 09:34:25,276.21,276.22,1,276.11,300,276.31,200,276.31,276.11,276.11,300,276.07,300,276.06,100,276.04,200,276.0,300,275.98,400,275.96,100,275.95,200,275.94,400,275.91,100,276.31,200,276.32,200,276.33,300,276.35,200,276.37,400,276.38,100,276.39,200,276.42,900,276.43,900,276.44,100
2026-02-05 09:34:26,276.18,276.21,2,276.11,900,276.25,300,276.25,276.11,276.11,900,276.07,300,276.06,100,276.04,200,276.0,300,275.98,400,275.96,100,275.95,200,275.94,400,275.91,100,276.25,300,276.31,200,276.32,200,276.33,300,276.35,200,276.37,400,276.38,100,276.39,200,276.42,900,276.43,900
2026-02-05 09:34:27,276.16,276.16,3,276.06,300,276.24,200,276.24,276.06,276.08,300,276.07,300,276.06,300,276.05,200,276.04,400,276.03,200,276.0,300,275.98,400,275.96,100,275.95,200,276.24,200,276.26,800,276.27,100,276.28,200,276.32,200,276.33,300,276.35,200,276.37,400,276.38,100,276.39,200
2026-02-05 09:34:28,276.205,276.2,1,276.15,400,276.26,2500,276.26,276.15,276.15,400,276.14,500,276.1,300,276.09,100,276.08,100,276.07,100,276.06,300,276.05,200,276.04,400,276.03,200,276.26,2500,276.27,100,276.28,200,276.32,200,276.33,300,276.35,200,276.37,400,276.38,100,276.39,200,276.42,900
2026-02-05 09:34:29,275.98,276.01,1,275.9,300,276.06,200,276.06,275.9,275.9,300,275.89,300,275.88,300,275.85,300,275.81,200,275.79,400,275.72,200,275.7,200,275.69,600,275.68,300,276.06,200,276.09,200,276.1,300,276.11,200,276.13,100,276.14,100,276.15,300,276.17,500,276.18,100,276.19,100
2026-02-05 09:34:30,275.86,275.85,2,275.78,100,275.94,200,275.94,275.78,275.78,100,275.76,200,275.75,100,275.72,200,275.7,200,275.69,600,275.68,300,275.64,100,275.61,300,,,275.94,200,275.96,100,275.97,100,275.98,200,275.99,100,276.01,200,276.02,300,276.04,100,276.05,100,276.06,500
2026-02-05 09:34:31,275.83,275.83,1,275.74,200,275.92,100,275.92,275.74,275.74,200,275.73,500,275.72,200,275.7,200,275.69,600,275.68,300,275.64,100,275.61,300,,,,,275.92,100,276.0,200,276.01,400,276.02,300,276.04,100,276.05,100,276.06,500,276.09,200,276.1,300,276.11,200
2026-02-05 09:34:32,275.83,275.92,1,275.76,100,275.9,100,275.9,275.76,275.76,100,275.75,700,275.74,200,275.73,500,275.72,200,275.7,200,275.69,600,275.68,300,275.64,100,275.61,300,275.9,100,275.91,200,275.93,200,275.94,100,275.95,300,275.97,100,276.0,200,276.01,400,276.02,300,276.04,100
2026-02-05 09:34:33,275.845,275.85,1,275.77,400,275.92,300,275.92,275.77,275.77,400,275.75,700,275.74,200,275.73,500,275.72,200,275.7,200,275.69,600,275.68,300,275.64,100,275.61,300,275.92,300,275.97,200,275.99,900,276.0,200,276.01,400,276.02,300,276.04,100,276.05,100,276.06,500,276.09,200
2026-02-05 09:34:34,275.835,275.83,1,275.79,400,275.88,100,275.88,275.79,275.79,400,275.78,400,275.77,400,275.75,700,275.74,200,275.73,500,275.72,200,275.7,200,275.69,600,275.68,300,275.88,100,275.95,200,275.96,200,275.97,900,275.99,1000,276.0,200,276.01,400,276.02,300,276.04,100,276.05,100
2026-02-05 09:34:35,275.845,275.76,1,275.75,200,275.94,1000,275.94,275.75,275.75,200,275.74,500,275.72,100,275.71,300,275.7,400,275.66,100,275.65,200,275.63,200,275.61,300,,,275.94,1000,275.95,200,275.96,400,275.97,900,275.99,1000,276.0,200,276.01,400,276.02,300,276.04,100,276.05,100
2026-02-05 09:34:36,275.84,275.84,1,275.76,200,275.92,200,275.92,275.76,275.76,200,275.75,300,275.74,500,275.72,100,275.71,300,275.7,400,275.66,100,275.65,200,275.63,200,275.61,300,275.92,200,275.93,900,275.94,1000,275.95,200,275.96,400,275.97,900,275.99,1000,276.0,200,276.01,400,276.02,300
2026-02-05 09:34:37,275.945,276.01,10,275.88,300,276.01,1000,276.01,275.88,275.88,300,275.86,300,275.8,300,275.76,200,275.75,300,275.74,500,275.72,100,275.71,300,275.7,400,275.66,100,276.01,1000,276.02,300,276.04,100,276.05,100,276.06,500,276.09,200,276.1,300,276.11,200,276.13,100,276.14,100
2026-02-05 09:34:38,275.9,275.92,1,275.82,100,275.98,900,275.98,275.82,275.82,100,275.81,400,275.8,400,275.76,200,275.75,300,275.74,500,275.72,100,275.71,300,275.7,400,275.66,100,275.98,900,275.99,100,276.0,300,276.01,1000,276.02,300,276.04,100,276.05,100,276.06,500,276.09,200,276.1,300
2026-02-05 09:34:39,276.165,276.16,1,276.06,200,276.24,400,276.24,276.06,276.09,300,276.03,200,276.0,300,275.99,300,275.96,200,275.94,100,275.93,200,275.91,100,275.84,300,275.82,300,276.24,100,276.25,400,276.26,2600,276.27,100,276.28,200,276.32,200,276.33,300,276.35,200,276.37,400,276.38,100
2026-02-05 09:34:40,276.11,276.17,3,276.04,300,276.18,300,276.18,276.04,276.04,300,276.03,1000,276.02,600,276.0,300,275.99,300,275.96,200,275.94,100,275.93,200,275.91,100,275.84,300,276.18,300,276.2,100,276.24,500,276.25,400,276.26,2600,276.27,100,276.28,200,276.32,200,276.33,300,276.35,200
2026-02-05 09:34:41,276.1,276.1,4,276.03,600,276.17,300,276.17,276.03,276.03,600,276.02,600,276.0,300,275.99,300,275.96,200,275.94,100,275.93,200,275.91,100,275.84,300,275.82,300,276.17,300,276.18,300,276.2,100,276.24,500,276.25,400,276.26,2600,276.27,100,276.28,200,276.32,200,276.33,300
2026-02-05 09:34:42,276.085,276.04,2,276.03,300,276.14,500,276.14,276.03,276.03,300,276.01,200,276.0,300,275.99,300,275.96,200,275.94,100,275.93,200,275.91,100,275.84,300,275.82,300,276.14,500,276.19,100,276.2,300,276.21,100,276.22,100,276.24,200,276.25,500,276.26,2600,276.27,100,276.28,200
2026-02-05 09:34:43,276.085,276.11,2,276.01,400,276.16,300,276.16,276.01,276.01,400,276.0,500,275.99,300,275.96,200,275.94,100,275.93,200,275.91,100,275.84,300,275.82,300,275.81,400,276.16,300,276.19,100,276.2,300,276.21,100,276.22,100,276.24,200,276.25,500,276.26,2600,276.27,100,276.28,200
2026-02-05 09:34:44,275.94,275.94,1,275.88,400,276.0,200,276.0,275.88,275.88,400,275.84,300,275.82,300,275.81,400,275.8,400,275.76,200,275.75,300,275.74,500,275.72,100,275.71,300,276.0,200,276.02,100,276.04,300,276.06,200,276.07,200,276.08,300,276.1,200,276.11,100,276.12,100,276.14,200
2026-02-05 09:34:45,276.075,276.08,1,275.99,200,276.16,300,276.16,275.99,275.99,200,275.98,300,275.97,500,275.94,300,275.93,100,275.92,300,275.91,300,275.9,100,275.89,400,275.88,400,276.16,300,276.19,100,276.2,300,276.21,100,276.22,100,276.24,200,276.25,500,276.26,2600,276.27,100,276.28,200
2026-02-05 09:34:46,276.15,276.23,1,276.09,200,276.21,100,276.21,276.09,276.09,200,276.08,100,276.07,300,276.05,100,276.02,300,276.01,200,275.99,200,275.98,300,275.97,500,275.94,300,276.21,100,276.25,500,276.26,2600,276.27,100,276.28,200,276.32,200,276.33,300,276.35,200,276.37,400,276.38,100
2026-02-05 09:34:47,276.01,275.99,1,275.92,300,276.1,100,276.1,275.92,275.92,300,275.91,300,275.9,100,275.89,400,275.88,400,275.84,300,275.82,300,275.81,400,275.8,400,275.76,200,276.1,100,276.11,200,276.12,200,276.19,200,276.2,100,276.21,500,276.25,500,276.26,2600,276.27,100,276.28,200
2026-02-05 09:34:48,275.96,275.96,2,275.89,800,276.03,100,276.03,275.89,275.89,800,275.88,400,275.84,300,275.82,300,275.81,400,275.8,400,275.76,200,275.75,300,275.74,500,275.72,100,276.03,100,276.06,300,276.07,200,276.1,100,276.11,200,276.12,200,276.19,200,276.2,100,276.21,500,276.25,500
2026-02-05 09:34:49,276.065,276.09,1,276.03,500,276.1,200,276.1,276.03,276.03,500,275.98,100,275.97,300,275.95,300,275.94,100,275.93,100,275.92,300,275.91,300,275.89,800,275.88,400,276.1,200,276.11,200,276.12,200,276.19,200,276.2,100,276.21,500,276.25,500,276.26,2600,276.27,100,276.28,200
2026-02-05 09:34:50,276.31,276.27,2,276.24,100,276.39,200,276.39,276.24,276.23,200,276.22,300,276.21,200,276.18,100,276.17,200,276.16,600,276.06,300,276.05,300,276.04,200,276.03,500,276.39,200,276.4,100,276.42,900,276.43,900,276.44,100,276.45,400,276.46,1200,276.47,500,276.48,500,276.49,500
2026-02-05 09:34:51,276.37,276.38,5,276.28,300,276.46,500,276.46,276.28,276.28,300,276.27,300,276.26,400,276.25,300,276.23,300,276.22,200,276.2,200,276.18,100,276.17,200,276.16,600,276.46,500,276.47,500,276.48,500,276.49,500,276.5,600,276.51,200,276.53,300,276.54,200,276.61,100,276.63,300
2026-02-05 09:34:52,276.33,276.38,1,276.26,200,276.4,300,276.4,276.26,276.26,200,276.25,400,276.23,300,276.22,200,276.2,200,276.18,100,276.17,200,276.16,600,276.06,300,276.05,300,276.4,300,276.46,500,276.47,500,276.48,500,276.49,500,276.5,600,276.51,200,276.53,300,276.54,200,276.61,100
2026-02-05 09:34:53,276.41,276.43,1,276.35,300,276.47,200,276.47,276.35,276.35,300,276.34,300,276.32,200,276.31,100,276.29,200,276.26,200,276.25,400,276.23,300,276.22,200,276.2,200,276.47,200,276.49,300,276.5,600,276.51,200,276.53,300,276.54,200,276.61,100,276.63,300,276.65,300,276.67,200
2026-02-05 09:34:54,276.49,276.57,2,276.41,200,276.57,300,276.57,276.41,276.41,200,276.39,300,276.38,200,276.35,300,276.34,300,276.32,200,276.31,100,276.29,200,276.26,200,276.25,400,276.57,300,276.61,100,276.63,300,276.65,300,276.67,200,276.69,300,276.7,200,276.75,200,276.77,100,276.78,1000
2026-02-05 09:34:55,276.345,276.41,1,276.26,400,276.43,200,276.43,276.26,276.26,400,276.25,400,276.23,300,276.22,200,276.2,200,276.18,100,276.17,200,276.16,600,276.06,300,276.05,300,276.43,200,276.44,300,276.45,200,276.46,100,276.48,300,276.54,100,276.55,200,276.57,400,276.61,100,276.63,300
2026-02-05 09:34:56,276.28,277.3,1,276.21,600,276.35,200,276.35,276.21,276.21,600,276.2,200,276.18,100,276.17,200,276.16,600,276.06,300,276.05,300,276.04,200,276.03,500,275.98,100,276.35,200,276.36,300,276.38,400,276.42,200,276.43,200,276.44,300,276.45,200,276.46,100,276.48,300,276.54,100
2026-02-05 09:34:57,276.27,276.29,8,276.18,500,276.36,400,276.36,276.18,276.18,500,276.17,200,276.16,600,276.06,300,276.05,300,276.04,200,276.03,500,275.98,100,275.97,300,275.95,300,276.36,400,276.38,400,276.42,200,276.43,200,276.44,300,276.45,200,276.46,100,276.48,300,276.54,100,276.55,200
2026-02-05 09:34:58,276.24,276.36,1,276.17,300,276.31,100,276.31,276.17,276.17,300,276.16,300,276.13,400,276.06,300,276.05,300,276.04,200,276.03,500,275.98,100,275.97,300,275.95,300,276.31,100,276.36,100,276.38,200,276.39,100,276.4,200,276.42,200,276.43,200,276.44,300,276.45,200,276.46,100
2026-02-05 09:34:59,276.22,276.32,1,276.16,500,276.28,100,276.28,276.16,276.16,500,276.13,400,276.06,300,276.05,300,276.04,200,276.03,500,275.98,100,275.97,300,275.95,300,275.94,100,276.28,100,276.3,200,276.33,100,276.37,100,276.38,200,276.39,100,276.4,200,276.42,200,276.43,200,276.44,300
2026-02-05 09:35:00,276.27,276.24,1,276.17,300,276.37,900,276.37,276.17,276.17,300,276.16,500,276.13,400,276.06,300,276.05,300,276.04,200,276.03,500,275.98,100,275.97,300,275.95,300,276.37,900,276.38,200,276.39,100,276.4,200,276.42,200,276.43,200,276.44,300,276.45,200,276.46,100,276.48,300
2026-02-05 09:35:01,276.19,276.22,1,276.13,500,276.25,200,276.25,276.13,276.13,500,276.06,300,276.05,300,276.04,200,276.03,500,275.98,100,275.97,300,275.95,300,275.94,100,275.93,100,276.25,200,276.27,300,276.32,200,276.33,200,276.36,200,276.37,900,276.38,200,276.39,100,276.4,200,276.42,200
2026-02-05 09:35:02,276.04,276.02,1,275.99,100,276.09,1300,276.09,275.99,275.99,100,275.98,100,275.97,300,275.95,300,275.94,100,275.93,100,275.92,300,275.91,300,275.89,800,275.88,400,276.09,1300,276.1,1200,276.11,1300,276.14,400,276.15,100,276.16,100,276.18,200,276.23,100,276.24,100,276.25,400
2026-02-05 09:35:03,276.095,276.06,2,276.02,500,276.17,700,276.17,276.02,276.02,500,276.0,300,275.96,200,275.94,200,275.93,300,275.92,200,275.91,500,275.9,200,275.89,600,275.85,300,276.17,700,276.18,200,276.23,100,276.24,100,276.25,400,276.27,300,276.32,200,276.33,200,276.36,200,276.37,900
2026-02-05 09:35:04,276.16,276.16,2,276.09,500,276.23,700,276.23,276.09,276.09,500,276.05,200,276.03,300,276.02,200,276.0,800,275.96,200,275.94,200,275.93,300,275.92,200,275.91,500,276.23,700,276.24,100,276.25,400,276.27,300,276.32,200,276.33,200,276.36,200,276.37,900,276.38,200,276.39,100
2026-02-05 09:35:05,276.215,276.24,1,276.14,600,276.29,200,276.29,276.14,276.14,600,276.1,300,276.09,500,276.05,200,276.03,300,276.02,200,276.0,800,275.96,200,275.94,200,275.93,300,276.29,200,276.3,400,276.31,300,276.35,200,276.38,400,276.39,100,276.4,200,276.42,200,276.43,200,276.44,300
2026-02-05 09:35:06,276.175,276.18,3,276.11,500,276.24,500,276.24,276.11,276.11,500,276.07,1000,276.05,200,276.03,300,276.02,200,276.0,800,275.96,200,275.94,200,275.93,300,275.92,200,276.24,500,276.25,100,276.26,200,276.27,300,276.28,500,276.29,200,276.3,400,276.31,300,276.35,200,276.38,400
2026-02-05 09:35:07,275.86,275.86,7,275.81,600,275.91,200,275.91,275.81,275.81,600,275.8,400,275.76,200,275.75,300,275.74,500,275.72,100,275.71,300,275.7,400,275.66,100,275.65,200,275.91,200,275.92,300,275.93,100,275.94,200,275.96,100,275.99,400,276.0,1000,276.05,300,276.12,200,276.14,100
2026-02-05 09:35:08,275.82,275.82,2,275.74,900,275.9,200,275.9,275.74,275.74,900,275.73,200,275.72,300,275.71,300,275.7,400,275.66,100,275.65,200,275.63,200,275.61,300,,,275.9,200,275.91,200,275.93,200,275.97,200,275.98,200,275.99,300,276.0,1000,276.05,300,276.12,200,276.14,100
2026-02-05 09:35:09,275.89,275.89,1,275.81,300,275.97,200,275.97,275.81,275.81,300,275.78,100,275.75,200,275.72,300,275.71,300,275.7,200,275.67,300,275.66,100,275.65,200,275.64,600,275.97,200,275.98,200,275.99,300,276.0,1000,276.05,300,276.12,200,276.14,100,276.15,100,276.17,100,276.18,100
2026-02-05 09:35:10,275.725,275.75,2,275.65,100,275.8,100,275.8,275.65,275.65,200,275.64,600,275.62,200,275.6,400,,,,,,,,,,,,,275.8,100,275.81,200,275.83,100,275.84,200,275.85,400,275.86,200,275.87,100,275.88,300,275.89,100,275.9,300
2026-02-05 09:35:11,275.75,275.71,1,275.68,300,275.82,100,275.82,275.68,275.68,300,275.67,400,275.66,300,275.65,200,275.64,100,275.63,200,275.62,400,275.6,400,,,,,275.82,100,275.83,200,275.84,200,275.85,100,275.87,200,275.88,300,275.89,100,275.9,300,275.91,400,275.92,400
2026-02-05 09:35:12,275.68,275.71,1,275.61,300,275.75,500,275.75,275.61,275.61,300,275.6,400,,,,,,,,,,,,,,,,,275.75,500,275.78,200,275.79,100,275.82,200,275.83,200,275.84,200,275.85,100,275.87,200,275.88,300,275.89,100
2026-02-05 09:35:13,275.735,275.77,2,275.66,200,275.81,200,275.81,275.66,275.66,200,275.65,100,275.62,300,275.61,400,275.6,400,,,,,,,,,,,275.81,200,275.82,200,275.83,200,275.84,200,275.85,100,275.87,200,275.88,300,275.89,100,275.9,300,275.91,400
2026-02-05 09:35:14,275.755,275.75,1,275.7,400,275.81,200,275.81,275.7,275.7,400,275.69,700,275.68,300,275.67,600,275.66,200,275.65,100,275.62,300,275.61,400,275.6,400,,,275.81,200,275.82,200,275.83,200,275.84,200,275.85,100,275.87,200,275.88,300,275.89,100,275.9,300,275.91,400
2026-02-05 09:35:15,275.7,275.71,2,275.62,300,275.8,200,275.8,275.62,275.62,300,275.61,400,275.6,400,,,,,,,,,,,,,,,275.78,300,275.79,100,275.81,300,275.82,300,275.83,400,275.84,100,275.88,100,275.89,200,275.9,300,275.91,400
2026-02-05 09:35:16,275.805,275.81,1,275.72,400,275.89,600,275.89,275.72,275.72,400,275.71,100,275.69,300,275.68,300,275.67,100,275.65,100,275.64,300,275.63,200,275.62,300,275.61,400,275.89,600,275.9,300,275.91,400,275.92,400,275.93,200,275.94,300,275.95,300,275.97,200,275.98,300,275.99,300
2026-02-05 09:35:17,275.825,275.83,1,275.76,400,275.89,800,275.89,275.76,275.76,400,275.75,300,275.74,100,275.73,100,275.72,400,275.71,400,275.7,600,275.69,300,275.68,300,275.67,100,275.89,800,275.9,300,275.91,400,275.92,400,275.93,200,275.94,300,275.95,300,275.97,200,275.98,300,275.99,300
2026-02-05 09:35:18,275.84,275.84,2,275.75,500,275.93,100,275.93,275.75,275.75,500,275.74,300,275.73,100,275.72,400,275.71,400,275.7,600,275.69,300,275.68,300,275.67,100,275.65,100,275.93,100,275.94,700,275.95,300,275.97,200,275.98,300,275.99,300,276.0,1000,276.05,300,276.12,200,276.14,100
2026-02-05 09:35:19,275.845,275.88,1,275.76,700,275.93,600,275.93,275.76,275.76,700,275.74,600,275.73,600,275.72,400,275.71,400,275.7,600,275.69,300,275.68,300,275.67,100,275.65,100,275.93,600,275.94,700,275.95,300,275.97,200,275.98,300,275.99,300,276.0,1000,276.05,300,276.12,200,276.14,100
2026-02-05 09:35:20,275.82,275.82,1,275.72,700,275.92,600,275.92,275.72,275.72,700,275.71,400,275.7,600,275.69,300,275.68,300,275.67,100,275.65,100,275.64,300,275.63,200,275.62,300,275.92,600,275.93,600,275.94,700,275.95,300,275.97,200,275.98,300,275.99,300,276.0,1000,276.05,300,276.12,200
2026-02-05 09:35:21,275.35,275.35,1,275.29,500,275.41,100,275.41,275.29,275.29,500,275.28,300,275.27,200,275.26,100,275.25,200,275.23,200,,,,,,,,,275.41,100,275.42,200,275.43,1500,275.44,400,275.45,400,275.48,300,275.49,500,275.5,500,275.51,500,275.52,100
2026-02-05 09:35:22,275.285,275.3,1,275.22,300,275.35,700,275.35,275.22,275.22,300,275.21,300,,,,,,,,,,,,,,,,,275.35,700,275.38,200,275.41,100,275.43,100,275.44,500,275.45,400,275.48,300,275.49,500,275.5,500,275.51,500
2026-02-05 09:35:23,275.26,275.26,2,275.18,100,275.34,300,275.34,275.18,275.18,100,275.17,400,,,,,,,,,,,,,,,,,275.34,300,275.35,1100,275.38,200,275.41,100,275.43,100,275.44,500,275.45,400,275.48,300,275.49,500,275.5,500
2026-02-05 09:35:24,275.195,275.2,2,275.13,600,275.26,400,275.26,275.13,275.13,600,,,,,,,,,,,,,,,,,,,275.26,400,275.27,200,275.29,100,275.31,200,275.32,200,275.33,100,275.34,1200,275.35,1100,275.38,200,275.41,100
2026-02-05 09:35:25,275.15,275.11,1,275.09,200,275.21,200,275.21,275.09,275.09,200,275.08,100,,,,,,,,,,,,,,,,,275.21,200,275.26,600,275.27,200,275.29,100,275.31,200,275.32,200,275.33,100,275.34,1200,275.35,1100,275.38,200
2026-02-05 09:35:26,275.275,275.26,1,275.21,100,275.34,300,275.34,275.21,275.21,100,275.17,100,275.15,200,275.14,300,275.11,200,275.1,400,275.09,300,275.08,100,,,,,275.34,300,275.35,1000,275.38,200,275.41,100,275.43,100,275.44,500,275.45,400,275.48,300,275.49,500,275.5,500
2026-02-05 09:35:27,275.24,275.24,3,275.18,300,275.3,100,275.3,275.18,275.18,300,275.16,700,275.15,200,275.14,300,275.11,200,275.1,400,275.09,300,275.08,100,,,,,275.3,100,275.32,200,275.33,100,275.34,400,275.35,1000,275.38,200,275.41,100,275.43,100,275.44,500,275.45,400
2026-02-05 09:35:28,275.225,275.22,1,275.17,100,275.28,200,275.28,275.17,275.17,100,275.16,600,275.15,200,275.14,300,275.11,200,275.1,400,275.09,300,275.08,100,,,,,275.28,200,275.37,100,275.39,400,275.42,200,275.43,100,275.44,500,275.45,400,275.48,300,275.49,500,275.5,500
2026-02-05 09:35:29,275.295,275.29,1,275.22,300,275.37,200,275.37,275.22,275.22,100,275.21,100,275.2,300,275.19,200,275.18,100,275.17,100,275.16,400,275.15,100,275.14,400,275.13,200,275.37,200,275.38,200,275.39,400,275.42,200,275.43,100,275.44,500,275.45,400,275.48,300,275.49,500,275.5,500
2026-02-05 09:35:30,275.295,275.33,1,275.23,300,275.36,200,275.36,275.23,275.23,300,275.22,200,275.21,200,275.2,500,275.19,200,275.18,100,275.17,100,275.16,400,275.15,100,275.14,400,275.36,200,275.37,300,275.38,400,275.39,400,275.42,200,275.43,100,275.44,500,275.45,400,275.48,300,275.49,500
2026-02-05 09:35:31,275.19,275.26,4,275.11,500,275.27,300,275.27,275.11,275.11,500,275.1,200,275.09,200,275.07,300,,,,,,,,,,,,,275.27,300,275.28,200,275.29,400,275.33,300,275.35,200,275.36,200,275.37,300,275.38,400,275.39,400,275.42,200
2026-02-05 09:35:32,275.215,275.2,1,275.16,200,275.27,100,275.27,275.16,275.16,200,275.15,100,275.11,100,275.1,300,275.08,600,275.07,300,,,,,,,,,275.27,100,275.3,200,275.33,300,275.35,200,275.36,200,275.37,300,275.38,400,275.39,400,275.42,200,275.43,100
2026-02-05 09:35:33,275.285,275.31,1,275.23,500,275.34,200,275.34,275.23,275.23,500,275.21,100,275.2,100,275.18,200,275.16,400,275.15,300,275.14,100,275.12,600,275.11,100,275.1,200,275.34,200,275.35,500,275.39,400,275.42,200,275.43,100,275.44,500,275.45,400,275.48,300,275.49,500,275.5,500
2026-02-05 09:35:34,275.305,275.31,1,275.26,200,275.35,600,275.35,275.26,275.26,200,275.24,400,275.23,500,275.21,100,275.2,100,275.18,200,275.16,400,275.15,300,275.14,100,275.12,600,275.35,700,275.39,400,275.42,200,275.43,100,275.44,500,275.45,400,275.48,300,275.49,500,275.5,500,275.51,500
2026-02-05 09:35:35,275.305,275.35,1,275.23,500,275.38,200,275.38,275.23,275.23,500,275.21,100,275.2,100,275.18,200,275.16,400,275.15,300,275.14,100,275.12,600,275.11,100,275.1,200,275.38,200,275.39,600,275.4,300,275.42,300,275.43,100,275.44,500,275.45,400,275.48,300,275.49,500,275.5,500
2026-02-05 09:35:36,275.395,275.38,1,275.32,600,275.47,100,275.47,275.32,275.32,600,275.31,400,275.29,200,275.26,100,275.25,100,275.24,300,275.23,500,275.21,100,275.2,100,275.18,200,275.47,100,275.48,200,275.49,100,275.5,600,275.51,500,275.52,100,275.53,300,275.54,300,275.55,100,275.56,500
2026-02-05 09:35:37,275.51,275.55,1,275.42,200,275.6,300,275.6,275.42,275.42,200,275.4,100,275.36,400,275.35,200,275.34,200,275.33,300,275.32,600,275.31,400,275.29,200,275.26,100,275.6,300,275.61,200,275.62,100,275.63,100,275.64,100,275.65,100,275.66,300,275.67,100,275.68,300,275.69,200
2026-02-05 09:35:38,275.535,275.58,1,275.44,200,275.63,200,275.63,275.44,275.44,200,275.43,300,275.4,100,275.36,400,275.35,200,275.34,200,275.33,300,275.32,600,275.31,400,275.29,200,275.63,200,275.64,100,275.65,100,275.66,300,275.67,100,275.68,300,275.69,200,275.73,200,275.74,300,275.75,200
2026-02-05 09:35:39,275.52,275.52,1,275.44,400,275.6,100,275.6,275.44,275.44,400,275.43,200,275.42,100,275.4,200,275.36,400,275.35,200,275.34,200,275.33,300,275.32,600,275.31,400,275.6,100,275.62,600,275.63,200,275.65,200,275.66,200,275.67,100,275.68,400,275.69,200,275.73,200,275.74,300
2026-02-05 09:35:40,275.475,275.48,6,275.41,400,275.54,500,275.54,275.41,275.41,400,275.4,500,275.36,400,275.35,200,275.34,200,275.33,300,275.32,600,275.31,400,275.29,200,275.26,100,275.54,500,275.58,100,275.59,100,275.62,700,275.63,200,275.65,200,275.66,200,275.67,100,275.68,400,275.69,200
2026-02-05 09:35:41,275.635,275.64,1,275.57,200,275.7,100,275.7,275.57,275.57,200,275.56,700,275.52,200,275.47,400,275.46,100,275.45,100,275.44,100,275.43,100,275.42,100,275.41,400,275.7,100,275.73,200,275.74,400,275.75,200,275.79,100,275.8,100,275.82,300,275.9,200,275.91,300,275.92,600
2026-02-05 09:35:42,275.61,275.65,1,275.52,500,275.7,300,275.7,275.52,275.52,500,275.47,400,275.46,100,275.45,100,275.44,100,275.43,100,275.42,100,275.41,400,275.4,500,275.36,400,275.7,300,275.73,200,275.74,400,275.75,200,275.79,100,275.8,100,275.82,300,275.9,200,275.91,300,275.92,600
2026-02-05 09:35:43,275.645,275.65,1,275.57,300,275.72,100,275.72,275.57,275.57,300,275.55,500,275.52,600,275.47,400,275.46,100,275.45,100,275.44,100,275.43,100,275.42,100,275.41,400,275.72,100,275.73,300,275.74,300,275.76,300,275.79,300,275.8,100,275.82,300,275.9,200,275.91,300,275.92,600
2026-02-05 09:35:44,275.57,275.57,1,275.5,300,275.64,400,275.64,275.5,275.5,300,275.47,400,275.46,100,275.45,100,275.44,100,275.43,100,275.42,100,275.41,400,275.4,500,275.36,400,275.64,400,275.65,400,275.71,200,275.72,200,275.73,300,275.74,300,275.76,300,275.79,300,275.8,100,275.82,300
2026-02-05 09:35:45,275.57,275.57,1,275.5,300,275.64,500,275.64,275.5,275.5,300,275.47,400,275.46,100,275.45,100,275.44,100,275.43,100,275.42,100,275.41,400,275.4,500,275.36,400,275.64,500,275.65,400,275.71,200,275.72,200,275.73,300,275.74,300,275.76,300,275.79,300,275.8,100,275.82,300
2026-02-05 09:35:46,275.42,275.42,2,275.34,100,275.5,100,275.5,275.34,275.34,100,275.33,500,275.32,600,275.31,400,275.29,200,275.26,100,275.25,100,275.24,300,275.23,500,275.21,100,275.5,100,275.51,400,275.54,400,275.55,400,275.57,200,275.58,100,275.62,200,275.64,600,275.65,400,275.71,200
2026-02-05 09:35:47,275.41,275.47,1,275.33,300,275.49,1400,275.49,275.33,275.33,300,275.3,300,275.29,400,275.28,300,275.26,100,275.25,100,275.24,300,275.23,500,275.21,100,275.2,100,275.49,1400,275.5,100,275.51,500,275.54,400,275.55,400,275.57,200,275.58,100,275.62,200,275.64,600,275.65,400
2026-02-05 09:35:48,275.41,275.41,1,275.33,400,275.49,1400,275.49,275.33,275.33,400,275.32,100,275.3,300,275.29,400,275.28,300,275.26,100,275.25,100,275.24,300,275.23,500,275.21,100,275.49,1400,275.5,200,275.51,500,275.54,400,275.55,400,275.57,200,275.58,100,275.62,200,275.64,600,275.65,400
2026-02-05 09:35:49,275.27,275.27,1,275.18,300,275.36,400,275.36,275.18,275.18,300,275.16,400,275.15,300,275.14,100,275.12,600,275.11,100,275.1,200,275.09,200,275.08,600,275.07,300,275.36,400,275.39,200,275.4,100,275.42,400,275.47,300,275.49,1400,275.5,200,275.51,500,275.54,400,275.55,400
2026-02-05 09:35:50,275.24,275.24,1,275.17,100,275.31,200,275.31,275.17,275.17,100,275.15,200,275.14,100,275.12,600,275.11,100,275.1,200,275.09,200,275.08,600,275.07,300,,,275.31,200,275.32,200,275.33,100,275.34,200,275.35,100,275.36,400,275.39,200,275.4,100,275.42,400,275.47,300
2026-02-05 09:35:51,275.28,275.24,1,275.2,300,275.36,200,275.36,275.2,275.2,300,275.19,400,275.18,100,275.17,300,275.15,200,275.14,100,275.12,600,275.11,100,275.1,200,275.09,200,275.36,200,275.37,400,275.39,200,275.4,100,275.42,400,275.47,300,275.49,1400,275.5,200,275.51,500,275.54,400
2026-02-05 09:35:52,275.29,275.31,1,275.22,300,275.36,200,275.36,275.22,275.22,300,275.2,400,275.19,400,275.18,100,275.17,300,275.15,200,275.14,100,275.12,600,275.11,100,275.1,200,275.36,200,275.37,400,275.39,200,275.4,100,275.42,400,275.47,300,275.49,1400,275.5,200,275.51,500,275.54,400
2026-02-05 09:35:53,275.31,275.31,1,275.25,600,275.37,200,275.37,275.25,275.25,600,275.24,300,275.23,300,275.22,400,275.2,400,275.19,400,275.18,100,275.17,300,275.15,200,275.14,100,275.37,200,275.38,100,275.41,200,275.42,400,275.47,300,275.49,1400,275.5,200,275.51,500,275.54,400,275.55,400
2026-02-05 09:35:54,275.315,275.33,2,275.23,300,275.4,200,275.4,275.23,275.23,300,275.22,400,275.2,400,275.19,400,275.18,100,275.17,300,275.15,200,275.14,100,275.12,600,275.11,100,275.4,200,275.41,200,275.42,600,275.47,300,275.49,1400,275.5,200,275.51,500,275.54,400,275.55,400,275.57,200
2026-02-05 09:35:55,275.365,275.4,1,275.32,200,275.41,400,275.41,275.32,275.32,200,275.31,100,275.3,100,275.23,600,275.22,500,275.2,400,275.19,400,275.18,100,275.17,300,275.15,200,275.41,400,275.42,600,275.47,300,275.49,1400,275.5,200,275.51,500,275.54,400,275.55,400,275.57,200,275.58,100
2026-02-05 09:35:56,275.435,275.41,2,275.38,200,275.49,700,275.49,275.38,275.38,200,275.36,300,275.35,200,275.33,600,275.32,900,275.31,100,275.3,100,275.23,600,275.22,500,275.2,400,275.49,700,275.5,200,275.51,500,275.54,400,275.55,400,275.57,200,275.58,100,275.62,200,275.64,600,275.65,400
2026-02-05 09:35:57,275.445,275.45,1,275.4,400,275.49,700,275.49,275.4,275.4,400,275.38,200,275.36,300,275.35,200,275.33,600,275.32,900,275.31,100,275.3,100,275.23,600,275.22,500,275.49,700,275.5,200,275.51,500,275.54,400,275.55,400,275.57,200,275.58,100,275.62,200,275.64,600,275.65,400
2026-02-05 09:35:58,275.295,275.32,1,275.23,100,275.36,100,275.36,275.23,275.23,100,275.22,200,275.2,400,275.19,400,275.18,100,275.17,300,275.15,200,275.14,100,275.12,600,275.11,100,275.36,100,275.41,400,275.43,200,275.46,1000,275.47,800,275.48,300,275.49,300,275.5,200,275.51,500,275.54,400
2026-02-05 09:35:59,275.115,275.16,1,275.06,600,275.17,400,275.17,275.06,275.06,600,275.04,200,275.02,600,,,,,,,,,,,,,,,275.17,400,275.21,400,275.23,200,275.24,200,275.25,400,275.28,100,275.29,200,275.31,100,275.32,100,275.36,100
2026-02-05 09:36:00,275.0,274.96,1,274.95,200,275.05,100,275.05,274.95,274.95,200,,,,,,,,,,,,,,,,,,,275.05,100,275.07,300,275.08,300,275.09,400,275.1,200,275.12,200,275.14,400,275.16,500,275.17,1200,275.19,100
2026-02-05 09:36:01,275.075,275.07,1,275.01,200,275.14,500,275.14,275.01,275.01,200,275.0,100,274.98,100,274.96,300,274.92,200,274.91,500,274.9,900,,,,,,,275.14,500,275.16,500,275.17,1200,275.19,100,275.2,200,275.23,1000,275.24,200,275.26,100,275.28,100,275.29,200
2026-02-05 09:36:02,274.97,274.97,1,274.9,900,275.04,500,275.04,274.9,274.9,900,,,,,,,,,,,,,,,,,,,275.04,500,275.05,400,275.06,600,275.1,200,275.11,100,275.12,200,275.13,200,275.14,400,275.16,500,275.17,1200
2026-02-05 09:36:03,275.03,275.04,1,274.97,300,275.09,100,275.09,274.97,274.97,300,274.94,400,274.93,100,274.91,200,274.9,900,,,,,,,,,,,275.09,100,275.11,300,275.12,400,275.14,300,275.16,500,275.17,1200,275.19,100,275.2,200,275.23,1000,275.24,200
2026-02-05 09:36:04,275.03,274.97,3,274.97,500,275.09,500,275.09,274.97,274.97,500,274.94,700,274.93,100,274.91,200,274.9,900,,,,,,,,,,,275.09,500,275.11,300,275.12,400,275.14,300,275.16,500,275.17,1200,275.19,100,275.2,200,275.23,1000,275.24,200
2026-02-05 09:36:05,275.15,275.15,2,275.11,300,275.19,400,275.19,275.11,275.11,300,275.1,200,275.05,600,275.04,200,275.03,100,275.02,300,275.01,100,275.0,100,274.99,200,274.98,100,275.19,400,275.2,200,275.23,1000,275.24,200,275.26,100,275.28,100,275.29,200,275.31,100,275.32,100,275.36,100
2026-02-05 09:36:06,275.345,275.34,1,275.29,200,275.4,400,275.4,275.29,275.29,200,275.28,400,275.26,200,275.25,100,275.24,400,275.23,200,275.22,200,275.21,100,275.19,100,275.17,500,275.4,400,275.41,400,275.43,200,275.46,1000,275.47,800,275.48,300,275.49,300,275.5,200,275.51,500,275.54,400
2026-02-05 09:36:07,275.33,275.33,12,275.27,300,275.39,400,275.39,275.27,275.27,300,275.24,600,275.23,500,275.22,400,275.21,500,275.19,100,275.17,500,275.16,100,275.15,100,275.12,300,275.39,400,275.4,600,275.41,400,275.43,200,275.46,1000,275.47,800,275.48,300,275.49,300,275.5,200,275.51,500
2026-02-05 09:36:08,275.4,275.43,1,275.35,200,275.45,700,275.45,275.35,275.35,200,275.34,200,275.31,100,275.28,100,275.27,400,275.24,600,275.23,500,275.22,400,275.21,500,275.19,100,275.45,700,275.46,100,275.47,800,275.48,300,275.49,300,275.5,200,275.51,500,275.54,400,275.55,400,275.57,200
2026-02-05 09:36:09,275.4,275.45,1,275.34,300,275.46,500,275.46,275.34,275.34,300,275.3,300,275.28,100,275.27,400,275.24,600,275.23,500,275.22,400,275.21,500,275.19,100,275.17,500,275.46,500,275.47,800,275.48,300,275.49,300,275.5,200,275.51,500,275.54,400,275.55,400,275.57,200,275.58,100
2026-02-05 09:36:11,275.535,275.52,2,275.5,100,275.57,300,275.57,275.5,275.5,100,275.48,400,275.47,200,275.46,100,275.45,400,275.42,500,275.41,500,275.4,100,275.34,500,275.3,300,275.57,300,275.6,2100,275.62,200,275.64,600,275.65,400,275.71,200,275.72,200,275.73,300,275.74,300,275.76,300
