sim_time,mid_price,last_price,last_size,best_bid_price,best_bid_size,best_ask_price,best_ask_size,close_price_buy,close_price_sell,bid1_price,bid1_size,bid2_price,bid2_size,bid3_price,bid3_size,bid4_price,bid4_size,bid5_price,bid5_size,bid6_price,bid6_size,bid7_price,bid7_size,bid8_price,bid8_size,bid9_price,bid9_size,bid10_price,bid10_size,ask1_price,ask1_size,ask2_price,ask2_size,ask3_price,ask3_size,ask4_price,ask4_size,ask5_price,ask5_size,ask6_price,ask6_size,ask7_price,ask7_size,ask8_price,ask8_size,ask9_price,ask9_size,ask10_price,ask10_size
2020-10-29 09:30:25,213.035,212.94,1,212.6,1,213.47,1,213.47,212.6,212.6,1,212.55,1,212.44,1,,,,,,,,,,,,,,,213.47,1,213.54,2,213.55,4,213.66,3,213.77,1,214.0,3,,,,,,,,
2020-10-29 09:30:26,212.81,212.94,1,212.6,1,213.02,1,213.02,212.6,212.6,1,212.55,1,212.44,1,,,,,,,,,,,,,,,213.02,1,213.47,1,213.54,2,213.55,4,213.66,3,213.77,1,214.0,3,,,,,,
2020-10-29 09:30:27,212.8,212.94,1,212.6,1,213.0,1,213.0,212.6,212.6,1,212.55,1,212.44,1,,,,,,,,,,,,,,,213.0,1,213.02,1,213.47,1,213.54,2,213.55,4,213.66,3,213.77,1,214.0,3,,,,
2020-10-29 09:30:28,212.8,212.8,1,212.6,1,213.0,1,213.0,212.6,212.6,1,212.55,1,212.44,1,,,,,,,,,,,,,,,213.0,1,213.02,1,213.47,1,213.54,2,213.55,4,213.66,3,213.77,1,214.0,3,,,,
2020-10-29 09:30:29,212.8,212.8,1,212.6,1,213.0,1,213.0,212.6,212.6,1,212.55,1,212.44,1,,,,,,,,,,,,,,,213.0,1,213.02,1,213.47,1,213.54,2,213.55,4,213.66,3,213.77,1,214.0,3,,,,
2020-10-29 09:30:30,213.035,213.42,1,212.6,1,213.47,1,213.47,212.6,212.6,1,212.55,1,212.44,1,,,,,,,,,,,,,,,213.47,1,213.54,2,213.55,4,213.66,3,213.77,1,214.0,3,,,,,,,,
2020-10-29 09:30:31,213.035,212.98,1,212.6,1,213.47,1,213.47,212.6,212.6,1,212.55,1,212.44,1,,,,,,,,,,,,,,,213.47,1,213.54,2,213.55,4,213.66,3,213.77,1,214.0,3,,,,,,,,
2020-10-29 09:30:32,213.035,213.47,1,212.6,1,213.47,1,213.47,212.6,212.6,1,212.55,1,212.44,1,,,,,,,,,,,,,,,213.47,1,213.54,2,213.55,4,213.66,3,213.77,1,214.0,3,,,,,,,,
2020-10-29 09:30:33,213.035,213.47,1,212.6,1,213.47,1,213.47,212.6,212.6,1,212.55,1,212.44,1,,,,,,,,,,,,,,,213.47,1,213.54,2,213.55,4,213.66,3,213.77,1,214.0,3,,,,,,,,
2020-10-29 09:30:34,213.035,213.47,1,212.6,1,213.47,1,213.47,212.6,212.6,1,212.55,1,212.44,1,,,,,,,,,,,,,,,213.47,1,213.54,2,213.55,4,213.66,3,213.77,1,214.0,3,,,,,,,,
2020-10-29 09:30:35,213.035,213.47,1,212.6,1,213.47,1,213.47,212.6,212.6,1,212.55,1,212.44,1,,,,,,,,,,,,,,,213.47,1,213.54,2,213.55,4,213.66,3,213.77,1,214.0,3,,,,,,,,
2020-10-29 09:30:36,213.035,213.47,1,212.6,1,213.47,1,213.47,212.6,212.6,1,212.55,1,212.44,1,,,,,,,,,,,,,,,213.47,1,213.54,2,213.55,4,213.66,3,213.77,1,214.0,3,,,,,,,,
2020-10-29 09:30:37,213.035,213.47,1,212.6,1,213.47,1,213.47,212.6,212.6,1,212.55,1,212.44,1,,,,,,,,,,,,,,,213.47,1,213.54,2,213.55,4,213.66,3,213.77,1,214.0,3,,,,,,,,
2020-10-29 09:30:38,213.035,213.47,1,212.6,1,213.47,1,213.47,212.6,212.6,1,212.55,1,212.44,1,,,,,,,,,,,,,,,213.47,1,213.54,2,213.55,4,213.66,3,213.77,1,214.0,3,,,,,,,,
2020-10-29 09:30:39,213.035,213.47,1,212.6,1,213.47,1,213.47,212.6,212.6,1,212.55,1,212.44,1,,,,,,,,,,,,,,,213.47,1,213.54,2,213.55,4,213.66,3,213.77,1,214.0,3,,,,,,,,
2020-10-29 09:30:40,213.035,213.47,1,212.6,1,213.47,1,213.47,212.6,212.6,1,212.55,1,212.44,1,,,,,,,,,,,,,,,213.47,1,213.54,2,213.55,4,213.66,3,213.77,1,214.0,3,,,,,,,,
2020-10-29 09:30:41,213.035,213.47,1,212.6,1,213.47,6,213.47,212.6,212.6,1,212.55,1,212.44,1,,,,,,,,,,,,,,,213.47,6,213.54,2,213.55,4,213.66,3,213.77,1,214.0,3,,,,,,,,
2020-10-29 09:30:42,213.06,213.47,1,212.65,1,213.47,6,213.47,212.65,212.65,1,212.6,1,212.55,1,212.44,1,,,,,,,,,,,,,213.47,6,213.54,2,213.55,4,213.66,3,213.77,1,214.0,3,,,,,,,,
2020-10-29 09:30:43,213.06,213.47,1,212.65,1,213.47,6,213.47,212.65,212.65,1,212.6,1,212.55,1,212.44,1,,,,,,,,,,,,,213.47,6,213.54,2,213.55,4,213.66,3,213.77,1,214.0,3,,,,,,,,
2020-10-29 09:30:44,213.06,213.47,1,212.65,1,213.47,6,213.47,212.65,212.65,1,212.6,1,212.55,1,212.44,1,,,,,,,,,,,,,213.47,6,213.54,2,213.55,4,213.66,3,213.77,1,214.0,3,,,,,,,,
2020-10-29 09:30:46,213.06,213.47,1,212.65,1,213.47,6,213.47,212.65,212.65,1,212.6,1,212.55,1,212.44,1,,,,,,,,,,,,,213.47,6,213.54,2,213.55,4,213.66,3,213.77,1,214.0,3,,,,,,,,
2020-10-29 09:30:47,213.04,213.47,1,212.65,1,213.43,5,213.43,212.65,212.65,1,212.6,1,212.55,1,212.44,1,,,,,,,,,,,,,213.43,5,213.47,7,213.54,2,213.55,4,213.66,3,213.77,1,214.0,3,,,,,,
2020-10-29 09:30:47,213.04,213.47,1,212.65,1,213.43,7,213.43,212.65,212.65,1,212.6,1,212.55,1,212.44,1,,,,,,,,,,,,,213.43,7,213.47,7,213.54,2,213.55,4,213.66,3,213.77,1,214.0,3,,,,,,
2020-10-29 09:30:49,212.87,213.09,1,212.65,1,213.09,1,213.09,212.65,212.65,1,212.6,1,212.55,1,212.44,1,,,,,,,,,,,,,213.09,1,213.1,1,213.13,1,213.43,9,213.47,7,213.54,2,213.55,4,213.66,3,213.77,1,214.0,3
2020-10-29 09:30:50,212.82,213.09,1,212.55,1,213.09,2,213.09,212.55,212.55,1,212.44,1,,,,,,,,,,,,,,,,,213.09,2,213.1,1,213.13,1,213.43,9,213.47,7,213.54,2,213.55,4,213.66,3,213.77,1,214.0,3
2020-10-29 09:30:51,212.82,213.09,1,212.55,1,213.09,2,213.09,212.55,212.55,1,212.44,1,,,,,,,,,,,,,,,,,213.09,2,213.1,1,213.13,1,213.43,9,213.47,7,213.54,2,213.55,4,213.66,3,213.77,1,214.0,3
2020-10-29 09:30:51,212.82,213.09,1,212.55,1,213.09,2,213.09,212.55,212.55,1,212.44,1,,,,,,,,,,,,,,,,,213.09,2,213.1,1,213.13,1,213.43,9,213.47,7,213.54,2,213.55,4,213.66,3,213.77,1,214.0,3
2020-10-29 09:30:52,212.82,213.09,1,212.55,1,213.09,2,213.09,212.55,212.55,1,212.44,1,,,,,,,,,,,,,,,,,213.09,2,213.1,1,213.13,1,213.43,9,213.47,7,213.54,2,213.55,4,213.66,3,213.77,1,214.0,3
2020-10-29 09:30:54,212.82,213.09,1,212.55,1,213.09,2,213.09,212.55,212.55,1,212.44,1,,,,,,,,,,,,,,,,,213.09,2,213.1,1,213.13,1,213.43,9,213.47,7,213.54,2,213.55,4,213.66,3,213.77,1,214.0,3
2020-10-29 09:30:55,212.82,212.82,1,212.55,1,213.09,2,213.09,212.55,212.55,1,212.44,1,,,,,,,,,,,,,,,,,213.09,2,213.1,1,213.13,1,213.43,9,213.47,7,213.54,2,213.55,4,213.66,3,213.77,1,214.0,3
2020-10-29 09:30:56,212.87,212.82,1,212.65,1,213.09,2,213.09,212.65,212.65,1,212.55,1,212.44,1,,,,,,,,,,,,,,,213.09,2,213.1,1,213.13,1,213.43,9,213.47,7,213.54,2,213.55,4,213.66,3,213.77,1,214.0,3
2020-10-29 09:30:57,212.785,213.06,1,212.55,1,213.02,1,213.02,212.55,212.55,1,212.44,1,,,,,,,,,,,,,,,,,213.02,1,213.09,2,213.1,1,213.13,1,213.43,9,213.47,7,213.54,2,213.55,4,213.66,3,213.77,1
2020-10-29 09:30:58,212.78,213.06,1,212.55,1,213.01,2,213.01,212.55,212.55,1,212.44,1,,,,,,,,,,,,,,,,,213.01,2,213.02,1,213.09,2,213.1,1,213.13,1,213.43,9,213.47,7,213.54,2,213.55,4,213.66,3
2020-10-29 09:30:59,212.775,213.01,1,212.55,1,213.0,2,213.0,212.55,212.55,1,212.44,1,,,,,,,,,,,,,,,,,213.0,2,213.01,1,213.02,3,213.09,2,213.1,1,213.13,1,213.43,9,213.47,7,213.54,2,213.55,4
2020-10-29 09:31:00,212.775,213.01,1,212.55,1,213.0,2,213.0,212.55,212.55,1,212.44,1,,,,,,,,,,,,,,,,,213.0,2,213.01,1,213.02,3,213.09,2,213.1,1,213.13,1,213.43,9,213.47,7,213.54,2,213.55,4
2020-10-29 09:31:01,212.775,213.01,1,212.55,1,213.0,2,213.0,212.55,212.55,1,212.44,1,,,,,,,,,,,,,,,,,213.0,2,213.01,1,213.02,3,213.09,2,213.1,1,213.13,1,213.43,9,213.47,7,213.54,2,213.55,4
2020-10-29 09:31:02,212.775,213.01,1,212.55,1,213.0,2,213.0,212.55,212.55,1,212.44,1,,,,,,,,,,,,,,,,,213.0,2,213.01,1,213.02,3,213.09,2,213.1,1,213.13,1,213.43,9,213.47,7,213.54,2,213.55,4
2020-10-29 09:31:03,212.775,212.78,1,212.55,1,213.0,2,213.0,212.55,212.55,1,212.44,1,,,,,,,,,,,,,,,,,213.0,2,213.01,1,213.02,3,213.09,2,213.1,1,213.13,1,213.43,9,213.47,7,213.54,2,213.55,4
2020-10-29 09:31:04,212.775,212.98,1,212.55,1,213.0,5,213.0,212.55,212.55,1,212.44,1,,,,,,,,,,,,,,,,,213.0,5,213.01,1,213.02,3,213.09,2,213.1,1,213.13,1,213.43,9,213.47,7,213.54,2,213.55,4
2020-10-29 09:31:05,212.67,212.79,1,212.55,1,212.79,1,212.79,212.55,212.55,1,212.44,1,,,,,,,,,,,,,,,,,212.79,1,213.02,4,213.09,2,213.1,1,213.13,1,213.43,9,213.47,7,213.54,2,213.55,4,213.66,3
2020-10-29 09:31:05,212.67,212.67,1,212.55,1,212.79,1,212.79,212.55,212.55,1,212.44,1,,,,,,,,,,,,,,,,,212.79,1,213.02,4,213.09,2,213.1,1,213.13,1,213.43,9,213.47,7,213.54,2,213.55,4,213.66,3
2020-10-29 09:31:08,212.67,212.81,1,212.55,2,212.79,1,212.79,212.55,212.55,2,212.44,1,,,,,,,,,,,,,,,,,212.79,1,213.02,4,213.09,2,213.1,1,213.13,1,213.43,9,213.47,7,213.54,2,213.55,4,213.66,3
2020-10-29 09:31:09,212.695,212.79,1,212.55,2,212.84,1,212.84,212.55,212.55,2,212.44,1,,,,,,,,,,,,,,,,,212.84,1,213.02,4,213.09,2,213.1,1,213.13,1,213.43,9,213.47,7,213.54,2,213.55,4,213.66,3
2020-10-29 09:31:10,212.695,212.84,1,212.55,2,212.84,1,212.84,212.55,212.55,2,212.44,1,,,,,,,,,,,,,,,,,212.84,1,213.02,4,213.09,2,213.1,1,213.13,1,213.43,9,213.47,7,213.54,2,213.55,4,213.66,3
2020-10-29 09:31:11,212.695,212.7,1,212.55,2,212.84,4,212.84,212.55,212.55,2,212.44,1,,,,,,,,,,,,,,,,,212.84,4,213.02,4,213.09,2,213.1,1,213.13,1,213.43,9,213.47,7,213.54,2,213.55,4,213.66,3
2020-10-29 09:31:12,212.695,212.7,1,212.55,2,212.84,4,212.84,212.55,212.55,2,212.44,1,,,,,,,,,,,,,,,,,212.84,4,213.02,4,213.09,2,213.1,1,213.13,1,213.43,9,213.47,7,213.54,2,213.55,4,213.66,3
2020-10-29 09:31:13,212.695,212.84,1,212.55,2,212.84,3,212.84,212.55,212.55,2,212.44,1,,,,,,,,,,,,,,,,,212.84,3,213.02,4,213.09,2,213.1,1,213.13,1,213.43,9,213.47,7,213.54,2,213.55,4,213.66,3
2020-10-29 09:31:14,212.695,212.68,2,212.55,2,212.84,3,212.84,212.55,212.55,2,212.44,1,,,,,,,,,,,,,,,,,212.84,3,213.02,4,213.09,2,213.1,1,213.13,1,213.43,9,213.47,7,213.54,2,213.55,4,213.66,3
2020-10-29 09:31:15,212.695,212.76,1,212.55,2,212.84,5,212.84,212.55,212.55,2,212.44,1,,,,,,,,,,,,,,,,,212.84,5,213.02,4,213.09,2,213.1,1,213.13,1,213.43,9,213.47,7,213.54,2,213.55,4,213.66,3
2020-10-29 09:31:16,212.695,212.76,1,212.55,2,212.84,5,212.84,212.55,212.55,2,212.44,1,,,,,,,,,,,,,,,,,212.84,5,213.02,4,213.09,2,213.1,1,213.13,1,213.43,9,213.47,7,213.54,2,213.55,4,213.66,3
2020-10-29 09:31:17,212.695,212.76,1,212.55,2,212.84,5,212.84,212.55,212.55,2,212.44,1,,,,,,,,,,,,,,,,,212.84,5,213.02,4,213.09,2,213.1,1,213.13,1,213.43,9,213.47,7,213.54,2,213.55,4,213.66,3
2020-10-29 09:31:18,212.695,212.82,1,212.55,2,212.84,5,212.84,212.55,212.55,2,212.44,1,,,,,,,,,,,,,,,,,212.84,5,213.02,4,213.09,2,213.1,1,213.13,1,213.43,9,213.47,7,213.54,2,213.55,4,213.66,3
2020-10-29 09:31:19,212.675,212.55,1,212.51,1,212.84,5,212.84,212.51,212.51,1,212.44,1,,,,,,,,,,,,,,,,,212.84,5,213.02,4,213.09,2,213.1,1,213.13,1,213.43,9,213.47,7,213.54,2,213.55,4,213.66,3
2020-10-29 09:31:20,212.44,212.48,1,212.29,2,212.59,2,212.59,212.29,212.29,2,212.1,1,,,,,,,,,,,,,,,,,212.59,2,212.84,5,213.02,4,213.09,2,213.1,1,213.13,1,213.43,9,213.47,7,213.54,2,213.55,4
2020-10-29 09:31:21,212.44,212.29,1,212.29,2,212.59,2,212.59,212.29,212.29,2,212.1,1,,,,,,,,,,,,,,,,,212.59,2,212.84,5,213.02,4,213.09,2,213.1,1,213.13,1,213.43,9,213.47,7,213.54,2,213.55,4
2020-10-29 09:31:22,212.44,212.29,1,212.29,2,212.59,2,212.59,212.29,212.29,2,212.1,1,,,,,,,,,,,,,,,,,212.59,2,212.84,5,213.02,4,213.09,2,213.1,1,213.13,1,213.43,9,213.47,7,213.54,2,213.55,4
2020-10-29 09:31:23,212.44,212.29,1,212.29,2,212.59,2,212.59,212.29,212.29,2,212.1,1,,,,,,,,,,,,,,,,,212.59,2,212.84,5,213.02,4,213.09,2,213.1,1,213.13,1,213.43,9,213.47,7,213.54,2,213.55,4
2020-10-29 09:31:24,212.44,212.29,1,212.29,2,212.59,2,212.59,212.29,212.29,2,212.1,1,,,,,,,,,,,,,,,,,212.59,2,212.84,5,213.02,4,213.09,2,213.1,1,213.13,1,213.43,9,213.47,7,213.54,2,213.55,4
2020-10-29 09:31:25,212.44,212.29,1,212.29,2,212.59,2,212.59,212.29,212.29,2,212.1,1,,,,,,,,,,,,,,,,,212.59,2,212.84,5,213.02,4,213.09,2,213.1,1,213.13,1,213.43,9,213.47,7,213.54,2,213.55,4
2020-10-29 09:31:26,212.44,212.29,1,212.29,2,212.59,2,212.59,212.29,212.29,2,212.1,1,,,,,,,,,,,,,,,,,212.59,2,212.84,5,213.02,4,213.09,2,213.1,1,213.13,1,213.43,9,213.47,7,213.54,2,213.55,4
2020-10-29 09:31:27,212.44,212.29,1,212.29,2,212.59,2,212.59,212.29,212.29,2,212.1,1,,,,,,,,,,,,,,,,,212.59,2,212.84,5,213.02,4,213.09,2,213.1,1,213.13,1,213.43,9,213.47,7,213.54,2,213.55,4
2020-10-29 09:31:28,212.44,212.29,1,212.29,2,212.59,2,212.59,212.29,212.29,2,212.1,1,,,,,,,,,,,,,,,,,212.59,2,212.84,5,213.02,4,213.09,2,213.1,1,213.13,1,213.43,9,213.47,7,213.54,2,213.55,4
2020-10-29 09:31:29,212.44,212.29,1,212.29,2,212.59,2,212.59,212.29,212.29,2,212.1,1,,,,,,,,,,,,,,,,,212.59,2,212.84,5,213.02,4,213.09,2,213.1,1,213.13,1,213.43,9,213.47,7,213.54,2,213.55,4
2020-10-29 09:31:30,212.44,212.29,1,212.29,2,212.59,2,212.59,212.29,212.29,2,212.1,1,,,,,,,,,,,,,,,,,212.59,2,212.84,5,213.02,4,213.09,2,213.1,1,213.13,1,213.43,9,213.47,7,213.54,2,213.55,4
2020-10-29 09:31:31,212.44,212.59,1,212.29,2,212.59,2,212.59,212.29,212.29,2,212.1,1,,,,,,,,,,,,,,,,,212.59,2,212.84,5,213.02,4,213.09,2,213.1,1,213.13,1,213.43,9,213.47,7,213.54,2,213.55,4
2020-10-29 09:31:32,212.44,212.59,1,212.29,2,212.59,2,212.59,212.29,212.29,2,212.1,1,,,,,,,,,,,,,,,,,212.59,2,212.84,5,213.02,4,213.09,2,213.1,1,213.13,1,213.43,9,213.47,7,213.54,2,213.55,4
2020-10-29 09:31:33,212.44,212.59,1,212.29,2,212.59,2,212.59,212.29,212.29,2,212.1,1,,,,,,,,,,,,,,,,,212.59,2,212.84,5,213.02,4,213.09,2,213.1,1,213.13,1,213.43,9,213.47,7,213.54,2,213.55,4
2020-10-29 09:31:34,212.44,212.59,1,212.29,2,212.59,2,212.59,212.29,212.29,2,212.1,1,,,,,,,,,,,,,,,,,212.59,2,212.84,5,213.02,4,213.09,2,213.1,1,213.13,1,213.43,9,213.47,7,213.54,2,213.55,4
2020-10-29 09:31:35,212.44,212.59,1,212.29,2,212.59,2,212.59,212.29,212.29,2,212.1,1,,,,,,,,,,,,,,,,,212.59,2,212.84,5,213.02,4,213.09,2,213.1,1,213.13,1,213.43,9,213.47,7,213.54,2,213.55,4
2020-10-29 09:31:36,212.44,212.59,1,212.29,2,212.59,2,212.59,212.29,212.29,2,212.1,1,,,,,,,,,,,,,,,,,212.59,2,212.84,5,213.02,4,213.09,2,213.1,1,213.13,1,213.43,9,213.47,7,213.54,2,213.55,4
2020-10-29 09:31:37,212.44,212.59,1,212.29,2,212.59,2,212.59,212.29,212.29,2,212.1,1,,,,,,,,,,,,,,,,,212.59,2,212.84,5,213.02,4,213.09,2,213.1,1,213.13,1,213.43,9,213.47,7,213.54,2,213.55,4
2020-10-29 09:31:38,212.44,212.59,1,212.29,2,212.59,2,212.59,212.29,212.29,2,212.1,1,,,,,,,,,,,,,,,,,212.59,2,212.84,5,213.02,4,213.09,2,213.1,1,213.13,1,213.43,9,213.47,7,213.54,2,213.55,4
2020-10-29 09:31:39,212.44,212.59,1,212.29,2,212.59,2,212.59,212.29,212.29,2,212.1,1,,,,,,,,,,,,,,,,,212.59,2,212.84,5,213.02,4,213.09,2,213.1,1,213.13,1,213.43,9,213.47,7,213.54,2,213.55,4
2020-10-29 09:31:40,212.44,212.59,1,212.29,2,212.59,2,212.59,212.29,212.29,2,212.1,1,,,,,,,,,,,,,,,,,212.59,2,212.84,5,213.02,4,213.09,2,213.1,1,213.13,1,213.43,9,213.47,7,213.54,2,213.55,4
2020-10-29 09:31:41,212.83,212.59,1,212.64,1,213.02,4,213.02,212.64,212.64,1,212.59,1,212.1,1,,,,,,,,,,,,,,,213.02,4,213.09,2,213.1,1,213.13,1,213.43,9,213.47,7,213.54,2,213.55,4,213.66,3,213.77,1
2020-10-29 09:31:42,212.83,212.81,1,212.64,1,213.02,4,213.02,212.64,212.64,1,212.59,1,212.1,1,,,,,,,,,,,,,,,213.02,4,213.09,2,213.1,1,213.13,1,213.43,9,213.47,7,213.54,2,213.55,4,213.66,3,213.77,1
2020-10-29 09:31:43,212.83,212.81,1,212.64,1,213.02,4,213.02,212.64,212.64,1,212.59,1,212.1,1,,,,,,,,,,,,,,,213.02,4,213.09,2,213.1,1,213.13,1,213.43,9,213.47,7,213.54,2,213.55,4,213.66,3,213.77,1
2020-10-29 09:31:44,212.83,212.81,1,212.64,1,213.02,4,213.02,212.64,212.64,1,212.59,1,212.1,1,,,,,,,,,,,,,,,213.02,4,213.09,2,213.1,1,213.13,1,213.43,9,213.47,7,213.54,2,213.55,4,213.66,3,213.77,1
2020-10-29 09:31:45,212.83,212.81,1,212.64,1,213.02,4,213.02,212.64,212.64,1,212.59,1,212.1,1,,,,,,,,,,,,,,,213.02,4,213.09,2,213.1,1,213.13,1,213.43,9,213.47,7,213.54,2,213.55,4,213.66,3,213.77,1
2020-10-29 09:31:46,212.83,212.81,1,212.64,1,213.02,4,213.02,212.64,212.64,1,212.59,1,212.1,1,,,,,,,,,,,,,,,213.02,4,213.09,2,213.1,1,213.13,1,213.43,9,213.47,7,213.54,2,213.55,4,213.66,3,213.77,1
2020-10-29 09:31:47,212.83,212.81,1,212.64,1,213.02,4,213.02,212.64,212.64,1,212.59,1,212.1,1,,,,,,,,,,,,,,,213.02,4,213.09,2,213.1,1,213.13,1,213.43,9,213.47,7,213.54,2,213.55,4,213.66,3,213.77,1
2020-10-29 09:31:48,212.83,212.81,1,212.64,1,213.02,4,213.02,212.64,212.64,1,212.59,1,212.1,1,,,,,,,,,,,,,,,213.02,4,213.09,2,213.1,1,213.13,1,213.43,9,213.47,7,213.54,2,213.55,4,213.66,3,213.77,1
2020-10-29 09:31:49,212.83,212.83,1,212.64,1,213.02,4,213.02,212.64,212.64,1,212.59,1,212.1,1,,,,,,,,,,,,,,,213.02,4,213.09,2,213.1,1,213.13,1,213.43,9,213.47,7,213.54,2,213.55,4,213.66,3,213.77,1
2020-10-29 09:31:50,212.83,212.83,1,212.64,1,213.02,4,213.02,212.64,212.64,1,212.59,1,212.1,1,,,,,,,,,,,,,,,213.02,4,213.09,2,213.1,1,213.13,1,213.43,9,213.47,7,213.54,2,213.55,4,213.66,3,213.77,1
2020-10-29 09:31:51,212.83,212.83,1,212.64,1,213.02,4,213.02,212.64,212.64,1,212.59,1,212.1,1,,,,,,,,,,,,,,,213.02,4,213.09,2,213.1,1,213.13,1,213.43,9,213.47,7,213.54,2,213.55,4,213.66,3,213.77,1
2020-10-29 09:31:52,212.83,212.83,1,212.64,1,213.02,4,213.02,212.64,212.64,1,212.59,1,212.1,1,,,,,,,,,,,,,,,213.02,4,213.09,2,213.1,1,213.13,1,213.43,9,213.47,7,213.54,2,213.55,4,213.66,3,213.77,1
2020-10-29 09:31:53,212.83,212.83,1,212.64,1,213.02,4,213.02,212.64,212.64,1,212.59,1,212.1,1,,,,,,,,,,,,,,,213.02,4,213.09,2,213.1,1,213.13,1,213.43,9,213.47,7,213.54,2,213.55,4,213.66,3,213.77,1
2020-10-29 09:31:54,212.83,212.83,1,212.64,1,213.02,4,213.02,212.64,212.64,1,212.59,1,212.1,1,,,,,,,,,,,,,,,213.02,4,213.09,2,213.1,1,213.13,1,213.43,9,213.47,7,213.54,2,213.55,4,213.66,3,213.77,1
2020-10-29 09:31:55,212.83,212.83,1,212.64,1,213.02,4,213.02,212.64,212.64,1,212.59,1,212.1,1,,,,,,,,,,,,,,,213.02,4,213.09,2,213.1,1,213.13,1,213.43,9,213.47,7,213.54,2,213.55,4,213.66,3,213.77,1
2020-10-29 09:31:56,212.86,212.86,1,212.7,1,213.02,4,213.02,212.7,212.7,1,212.59,1,212.1,1,,,,,,,,,,,,,,,213.02,4,213.09,2,213.1,1,213.13,1,213.43,9,213.47,7,213.54,2,213.55,4,213.66,3,213.77,1
2020-10-29 09:31:57,212.71,212.6,1,212.4,1,213.02,5,213.02,212.4,212.4,1,212.1,1,,,,,,,,,,,,,,,,,213.02,5,213.09,2,213.1,1,213.13,1,213.43,9,213.47,7,213.54,2,213.55,4,213.66,3,213.77,1
2020-10-29 09:31:58,212.71,212.6,1,212.4,1,213.02,5,213.02,212.4,212.4,1,212.1,1,,,,,,,,,,,,,,,,,213.02,5,213.09,2,213.1,1,213.13,1,213.43,9,213.47,7,213.54,2,213.55,4,213.66,3,213.77,1
2020-10-29 09:31:59,212.55,212.4,1,212.4,2,212.7,2,212.7,212.4,212.4,2,212.1,1,,,,,,,,,,,,,,,,,212.7,2,213.02,5,213.09,2,213.1,1,213.13,1,213.43,9,213.47,7,213.54,2,213.55,4,213.66,3
2020-10-29 09:32:00,212.55,212.4,1,212.4,2,212.7,4,212.7,212.4,212.4,2,212.1,1,,,,,,,,,,,,,,,,,212.7,4,213.02,5,213.09,2,213.1,1,213.13,1,213.43,9,213.47,7,213.54,2,213.55,4,213.66,3
2020-10-29 09:32:01,212.13,212.33,1,212.01,1,212.25,1,212.25,212.01,212.01,1,,,,,,,,,,,,,,,,,,,212.25,1,212.29,1,212.35,1,212.36,2,212.39,1,212.4,5,213.02,5,213.09,2,213.1,1,213.13,1
2020-10-29 09:32:02,211.755,211.61,1,211.61,1,211.9,1,211.9,211.61,211.61,1,211.51,1,,,,,,,,,,,,,,,,,211.9,1,212.0,1,212.36,5,212.39,1,212.4,5,213.02,5,213.09,2,213.1,1,213.13,1,213.43,9
2020-10-29 09:32:03,211.705,211.9,1,211.51,1,211.9,2,211.9,211.51,211.51,1,211.5,1,,,,,,,,,,,,,,,,,211.9,2,212.0,1,212.36,5,212.39,1,212.4,5,213.02,5,213.09,2,213.1,1,213.13,1,213.43,9
2020-10-29 09:32:04,211.705,211.9,1,211.51,1,211.9,3,211.9,211.51,211.51,1,211.5,1,,,,,,,,,,,,,,,,,211.9,3,212.0,1,212.36,5,212.39,1,212.4,5,213.02,5,213.09,2,213.1,1,213.13,1,213.43,9
2020-10-29 09:32:05,211.515,211.32,1,211.32,2,211.71,1,211.71,211.32,211.32,2,211.28,1,211.21,5,,,,,,,,,,,,,,,211.71,1,211.9,8,212.0,1,212.36,5,212.39,1,212.4,5,213.02,5,213.09,2,213.1,1,213.13,1
2020-10-29 09:32:06,211.46,211.32,1,211.21,5,211.71,1,211.71,211.21,211.21,5,,,,,,,,,,,,,,,,,,,211.71,1,211.9,8,212.0,1,212.36,5,212.39,1,212.4,5,213.02,5,213.09,2,213.1,1,213.13,1
2020-10-29 09:32:07,211.64,211.64,1,211.38,1,211.9,8,211.9,211.38,211.38,1,211.32,1,211.21,5,,,,,,,,,,,,,,,211.9,8,212.0,1,212.36,5,212.39,1,212.4,5,213.02,5,213.09,2,213.1,1,213.13,1,213.43,9
2020-10-29 09:32:08,211.64,211.64,1,211.38,1,211.9,8,211.6,211.38,211.38,1,211.32,1,211.21,5,,,,,,,,,,,,,,,211.9,8,212.0,1,212.36,5,212.39,1,212.4,5,213.02,5,213.09,2,213.1,1,213.13,1,213.43,9
2020-10-29 09:32:09,211.49,211.64,1,211.38,1,211.6,5,211.6,211.38,211.38,1,211.32,1,211.21,5,,,,,,,,,,,,,,,211.6,5,211.9,8,212.0,1,212.36,5,212.39,1,212.4,5,213.02,5,213.09,2,213.1,1,213.13,1
2020-10-29 09:32:10,211.49,211.38,1,211.38,1,211.6,5,211.6,211.38,211.38,1,211.32,1,211.21,5,,,,,,,,,,,,,,,211.6,5,211.9,8,212.0,1,212.36,5,212.39,1,212.4,5,213.02,5,213.09,2,213.1,1,213.13,1
2020-10-29 09:32:11,211.49,211.48,1,211.38,1,211.6,5,211.6,211.38,211.38,1,211.32,1,211.21,5,,,,,,,,,,,,,,,211.6,5,211.9,8,212.0,1,212.36,5,212.39,1,212.4,5,213.02,5,213.09,2,213.1,1,213.13,1
2020-10-29 09:32:12,211.46,211.32,1,211.32,1,211.6,5,211.6,211.32,211.32,1,211.28,1,211.26,1,211.21,5,,,,,,,,,,,,,211.6,5,211.9,8,212.0,1,212.36,5,212.39,1,212.4,5,213.02,5,213.09,2,213.1,1,213.13,1
2020-10-29 09:32:13,211.46,211.33,1,211.32,1,211.6,5,211.6,211.32,211.32,1,211.28,1,211.26,1,211.21,5,,,,,,,,,,,,,211.6,5,211.9,8,212.0,1,212.36,5,212.39,1,212.4,5,213.02,5,213.09,2,213.1,1,213.13,1
2020-10-29 09:32:14,211.46,211.32,1,211.32,1,211.6,5,211.6,211.32,211.32,1,211.28,1,211.26,1,211.21,5,,,,,,,,,,,,,211.6,5,211.9,8,212.0,1,212.36,5,212.39,1,212.4,5,213.02,5,213.09,2,213.1,1,213.13,1
2020-10-29 09:32:15,211.46,211.32,1,211.32,1,211.6,5,211.6,211.32,211.32,1,211.28,1,211.26,1,211.21,5,,,,,,,,,,,,,211.6,5,211.9,8,212.0,1,212.36,5,212.39,1,212.4,5,213.02,5,213.09,2,213.1,1,213.13,1
2020-10-29 09:32:16,211.46,211.32,1,211.32,1,211.6,5,211.6,211.32,211.32,1,211.28,1,211.26,1,211.21,5,,,,,,,,,,,,,211.6,5,211.9,8,212.0,1,212.36,5,212.39,1,212.4,5,213.02,5,213.09,2,213.1,1,213.13,1
2020-10-29 09:32:17,211.46,211.32,1,211.32,1,211.6,5,211.6,211.32,211.32,1,211.28,1,211.26,1,211.21,5,,,,,,,,,,,,,211.6,5,211.9,8,212.0,1,212.36,5,212.39,1,212.4,5,213.02,5,213.09,2,213.1,1,213.13,1
2020-10-29 09:32:18,211.46,211.32,1,211.32,1,211.6,5,211.6,211.32,211.32,1,211.28,1,211.26,1,211.21,5,,,,,,,,,,,,,211.6,5,211.9,8,212.0,1,212.36,5,212.39,1,212.4,5,213.02,5,213.09,2,213.1,1,213.13,1
2020-10-29 09:32:19,211.405,211.35,1,211.21,5,211.6,5,211.6,211.21,211.21,5,,,,,,,,,,,,,,,,,,,211.6,5,211.9,8,212.0,1,212.36,5,212.39,1,212.4,5,213.02,5,213.09,2,213.1,1,213.13,1
2020-10-29 09:32:20,210.83,210.73,1,210.73,9,210.93,1,210.93,210.73,210.73,9,,,,,,,,,,,,,,,,,,,210.93,1,211.0,1,211.11,1,211.45,2,211.6,7,211.9,8,212.0,1,212.36,5,212.39,1,212.4,5
2020-10-29 09:32:21,210.83,210.83,1,210.73,9,210.93,1,210.93,210.73,210.73,9,,,,,,,,,,,,,,,,,,,210.93,1,211.0,1,211.11,1,211.45,2,211.6,7,211.9,8,212.0,1,212.36,5,212.39,1,212.4,5
2020-10-29 09:32:22,210.77,210.6,4,210.61,2,210.93,1,210.93,210.61,210.61,2,210.51,1,,,,,,,,,,,,,,,,,210.93,1,210.95,1,211.0,2,211.11,1,211.45,2,211.6,7,211.9,8,212.0,1,212.36,5,212.39,1
2020-10-29 09:32:23,210.77,210.6,4,210.61,2,210.93,1,210.93,210.61,210.61,2,210.51,1,,,,,,,,,,,,,,,,,210.93,1,210.95,1,211.0,2,211.11,1,211.45,2,211.6,7,211.9,8,212.0,1,212.36,5,212.39,1
2020-10-29 09:32:24,210.805,210.6,4,210.61,2,211.0,2,211.0,210.61,210.61,2,210.6,1,210.51,1,,,,,,,,,,,,,,,211.0,2,211.11,1,211.45,2,211.6,7,211.9,8,212.0,1,212.36,5,212.39,1,212.4,5,213.02,5
2020-10-29 09:32:25,210.805,210.62,1,210.61,2,211.0,2,211.0,210.61,210.61,2,210.51,1,,,,,,,,,,,,,,,,,211.0,2,211.11,1,211.45,2,211.6,7,211.9,8,212.0,1,212.36,5,212.39,1,212.4,5,213.02,5
2020-10-29 09:32:26,210.805,210.62,1,210.61,2,211.0,2,211.0,210.61,210.61,2,210.51,1,,,,,,,,,,,,,,,,,211.0,2,211.11,1,211.45,2,211.6,7,211.9,8,212.0,1,212.36,5,212.39,1,212.4,5,213.02,5
2020-10-29 09:32:27,210.78,210.62,1,210.61,2,210.95,2,210.95,210.61,210.61,2,210.51,1,,,,,,,,,,,,,,,,,210.95,2,211.0,2,211.11,1,211.45,2,211.6,7,211.9,8,212.0,1,212.36,5,212.39,1,212.4,5
2020-10-29 09:32:28,210.755,210.76,1,210.61,2,210.9,1,210.9,210.61,210.61,2,210.51,1,,,,,,,,,,,,,,,,,210.9,1,210.91,1,210.95,2,211.0,2,211.11,1,211.45,2,211.6,7,211.9,8,212.0,1,212.36,5
2020-10-29 09:32:29,210.755,210.76,1,210.61,2,210.9,1,210.9,210.61,210.61,2,210.51,1,,,,,,,,,,,,,,,,,210.9,1,210.91,1,210.95,2,211.0,2,211.11,1,211.45,2,211.6,7,211.9,8,212.0,1,212.36,5
2020-10-29 09:32:30,210.585,210.57,1,210.33,1,210.84,2,210.84,210.33,210.33,1,,,,,,,,,,,,,,,,,,,210.84,2,210.85,1,210.9,2,210.91,1,210.95,2,211.0,2,211.11,1,211.45,2,211.6,7,211.9,8
2020-10-29 09:32:31,210.585,210.4,1,210.33,1,210.84,2,210.84,210.33,210.33,1,,,,,,,,,,,,,,,,,,,210.84,2,210.85,1,210.9,2,210.91,1,210.95,2,211.0,2,211.11,1,211.45,2,211.6,7,211.9,8
2020-10-29 09:32:32,210.585,210.66,1,210.33,1,210.84,2,210.84,210.33,210.33,1,,,,,,,,,,,,,,,,,,,210.84,2,210.85,1,210.9,2,210.91,1,210.95,2,211.0,2,211.11,1,211.45,2,211.6,7,211.9,8
2020-10-29 09:32:33,210.585,210.66,1,210.33,1,210.84,2,210.84,210.33,210.33,1,,,,,,,,,,,,,,,,,,,210.84,2,210.85,1,210.9,2,210.91,1,210.95,2,211.0,2,211.11,1,211.45,2,211.6,7,211.9,8
2020-10-29 09:32:34,210.585,210.59,1,210.33,1,210.84,2,210.84,210.33,210.33,1,,,,,,,,,,,,,,,,,,,210.84,2,210.85,1,210.9,2,210.91,1,210.95,2,211.0,2,211.11,1,211.45,2,211.6,7,211.9,8
2020-10-29 09:32:35,210.585,210.59,1,210.33,2,210.84,2,210.84,210.33,210.33,2,,,,,,,,,,,,,,,,,,,210.84,2,210.85,1,210.9,2,210.91,1,210.95,2,211.0,2,211.11,1,211.45,2,211.6,7,211.9,8
2020-10-29 09:32:36,210.585,210.59,1,210.33,2,210.84,1,210.84,210.33,210.33,2,,,,,,,,,,,,,,,,,,,210.84,1,210.89,1,210.9,2,210.91,1,210.95,2,211.0,2,211.11,1,211.45,2,211.6,7,211.9,8
2020-10-29 09:32:37,210.585,210.79,15,210.33,3,210.84,1,210.84,210.33,210.33,3,,,,,,,,,,,,,,,,,,,210.84,1,210.89,1,210.9,2,210.91,1,210.95,2,211.0,2,211.11,1,211.45,2,211.6,7,211.9,8
2020-10-29 09:32:38,210.585,210.59,1,210.33,3,210.84,4,210.84,210.33,210.33,3,,,,,,,,,,,,,,,,,,,210.84,4,210.89,1,210.9,2,210.91,1,210.95,2,211.0,2,211.11,1,211.45,2,211.6,7,211.9,8
2020-10-29 09:32:39,210.58,210.58,1,210.33,3,210.83,2,210.83,210.33,210.33,3,,,,,,,,,,,,,,,,,,,210.83,2,210.84,3,210.89,1,210.9,2,210.91,1,210.95,2,211.0,2,211.11,1,211.45,2,211.6,7
2020-10-29 09:32:40,210.58,210.33,1,210.33,3,210.83,3,210.83,210.33,210.33,3,,,,,,,,,,,,,,,,,,,210.83,3,210.84,3,210.89,1,210.9,2,210.91,1,210.95,2,211.0,2,211.11,1,211.45,2,211.6,7
2020-10-29 09:32:41,210.58,210.33,1,210.33,3,210.83,3,210.83,210.33,210.33,3,,,,,,,,,,,,,,,,,,,210.83,3,210.84,3,210.89,1,210.9,2,210.91,1,210.95,2,211.0,2,211.11,1,211.45,2,211.6,7
2020-10-29 09:32:42,210.58,210.58,1,210.33,3,210.83,4,210.83,210.33,210.33,3,,,,,,,,,,,,,,,,,,,210.83,4,210.84,3,210.89,1,210.9,2,210.91,1,210.95,2,211.0,2,211.11,1,211.45,2,211.6,7
2020-10-29 09:32:43,210.545,210.58,1,210.26,4,210.83,4,210.83,210.26,210.26,4,,,,,,,,,,,,,,,,,,,210.83,4,210.84,3,210.89,1,210.9,2,210.91,1,210.95,2,211.0,2,211.11,1,211.45,2,211.6,7
2020-10-29 09:32:44,210.38,210.58,1,210.26,3,210.5,3,210.5,210.26,210.26,3,,,,,,,,,,,,,,,,,,,210.5,3,210.83,4,210.84,3,210.89,1,210.9,2,210.91,1,210.95,2,211.0,2,211.11,1,211.45,2
2020-10-29 09:32:45,210.38,210.5,1,210.26,3,210.5,4,210.5,210.26,210.26,3,,,,,,,,,,,,,,,,,,,210.5,4,210.83,4,210.84,3,210.89,1,210.9,2,210.91,1,210.95,2,211.0,2,211.11,1,211.45,2
2020-10-29 09:32:46,210.54,210.5,1,210.27,6,210.81,1,210.81,210.27,210.27,6,210.26,3,,,,,,,,,,,,,,,,,210.81,1,210.83,2,210.84,3,210.89,1,210.9,2,210.91,1,210.95,2,211.0,2,211.11,1,211.45,2
2020-10-29 09:32:47,210.595,210.5,1,210.38,1,210.81,1,210.81,210.38,210.38,1,210.29,1,210.27,6,210.26,3,,,,,,,,,,,,,210.81,1,210.83,2,210.84,3,210.89,1,210.9,2,210.91,1,210.95,2,211.0,2,211.11,1,211.45,2
2020-10-29 09:32:48,211.045,210.7,1,210.64,1,211.45,2,211.45,210.64,210.64,1,210.56,1,210.53,6,210.52,1,210.38,1,210.29,1,210.27,6,210.26,3,,,,,211.45,2,211.6,7,211.9,8,212.0,1,212.36,5,212.39,1,212.4,5,213.02,5,213.09,2,213.1,1
2020-10-29 09:32:49,211.07,211.4,2,210.82,1,211.32,1,211.32,210.82,210.82,1,210.65,1,210.64,1,210.56,1,210.53,6,210.52,1,210.38,1,210.29,1,210.27,6,210.26,3,211.32,1,211.45,3,211.6,7,211.9,8,212.0,1,212.36,5,212.39,1,212.4,5,213.02,5,213.09,2
2020-10-29 09:32:50,210.99,210.95,1,210.66,6,211.32,1,211.32,210.66,210.66,6,210.65,1,210.56,1,210.53,6,210.52,1,210.38,1,210.29,1,210.27,6,210.26,3,,,211.32,1,211.45,3,211.6,7,211.9,8,212.0,1,212.36,5,212.39,1,212.4,5,213.02,5,213.09,2
2020-10-29 09:32:51,211.055,211.45,1,210.66,6,211.45,3,211.45,210.66,210.66,6,210.65,1,210.56,1,210.53,6,210.52,1,210.38,1,210.29,1,210.27,6,210.26,3,,,211.45,3,211.6,7,211.9,8,212.0,1,212.36,5,212.39,1,212.4,5,213.02,5,213.09,2,213.1,1
2020-10-29 09:32:52,211.055,211.45,1,210.66,7,211.45,3,211.45,210.66,210.66,7,210.65,1,210.56,1,210.53,6,210.52,1,210.38,1,210.29,1,210.27,6,210.26,3,,,211.45,3,211.6,7,211.9,8,212.0,1,212.36,5,212.39,1,212.4,5,213.02,5,213.09,2,213.1,1
2020-10-29 09:32:53,211.06,211.45,1,210.67,6,211.45,3,211.45,210.67,210.67,6,210.66,7,210.65,1,210.56,1,210.53,6,210.52,1,210.38,1,210.29,1,210.27,6,210.26,3,211.45,3,211.6,7,211.9,8,212.0,1,212.36,5,212.39,1,212.4,5,213.02,5,213.09,2,213.1,1
2020-10-29 09:32:54,211.06,210.85,1,210.67,6,211.45,3,211.45,210.67,210.67,6,210.66,7,210.65,1,210.56,1,210.53,6,210.52,1,210.38,1,210.29,1,210.27,6,210.26,3,211.45,3,211.6,7,211.9,8,212.0,1,212.36,5,212.39,1,212.4,5,213.02,5,213.09,2,213.1,1
2020-10-29 09:32:55,211.065,211.06,1,210.68,6,211.45,3,211.45,210.68,210.68,6,210.67,7,210.66,7,210.65,1,210.56,1,210.53,6,210.52,1,210.38,1,210.29,1,210.27,6,211.45,3,211.6,7,211.9,8,212.0,1,212.36,5,212.39,1,212.4,5,213.02,5,213.09,2,213.1,1
2020-10-29 09:32:56,211.065,211.06,1,210.68,6,211.45,4,211.45,210.68,210.68,6,210.67,7,210.66,7,210.65,1,210.56,1,210.53,6,210.52,1,210.38,1,210.29,1,210.27,6,211.45,4,211.6,7,211.9,8,212.0,1,212.36,5,212.39,1,212.4,5,213.02,5,213.09,2,213.1,1
2020-10-29 09:32:57,211.065,211.06,1,210.68,6,211.45,3,211.45,210.68,210.68,6,210.67,7,210.66,7,210.65,1,210.56,1,210.53,6,210.52,1,210.38,1,210.29,1,210.27,6,211.45,3,211.6,7,211.9,8,212.0,1,212.36,5,212.39,1,212.4,5,213.02,5,213.09,2,213.1,1
2020-10-29 09:32:59,211.26,211.06,1,211.07,1,211.45,3,211.45,211.07,211.07,1,210.69,6,210.68,7,210.67,7,210.66,7,210.65,1,210.56,1,210.53,6,210.52,1,210.38,1,211.45,3,211.6,7,211.9,8,212.0,1,212.36,5,212.39,1,212.4,5,213.02,5,213.09,2,213.1,1
2020-10-29 09:32:59,210.88,211.07,1,210.69,6,211.07,5,211.07,210.69,210.69,6,210.68,7,210.67,7,210.66,7,210.65,1,210.56,1,210.53,6,210.52,1,210.38,1,210.29,1,211.07,5,211.45,3,211.6,7,211.9,8,212.0,1,212.36,5,212.39,1,212.4,5,213.02,5,213.09,2
2020-10-29 09:33:01,210.88,210.88,1,210.69,6,211.07,5,211.07,210.69,210.69,6,210.68,7,210.67,7,210.66,7,210.65,1,210.56,1,210.53,6,210.52,1,210.38,1,210.29,1,211.07,5,211.45,3,211.6,7,211.9,8,212.0,1,212.36,5,212.39,1,212.4,5,213.02,5,213.09,2
2020-10-29 09:33:02,211.11,211.17,2,210.77,1,211.45,3,211.45,210.77,210.77,1,210.7,1,210.69,6,210.68,7,210.67,7,210.66,7,210.65,1,210.56,1,210.53,6,210.52,1,211.45,3,211.6,7,211.9,8,212.0,1,212.36,5,212.39,1,212.4,5,213.02,5,213.09,2,213.1,1
2020-10-29 09:33:03,211.275,211.13,1,211.1,1,211.45,3,211.45,211.1,211.1,1,210.78,6,210.77,1,210.7,1,210.69,6,210.68,7,210.67,7,210.66,7,210.65,1,210.56,1,211.45,3,211.6,7,211.9,8,212.0,1,212.36,5,212.39,1,212.4,5,213.02,5,213.09,2,213.1,1
2020-10-29 09:33:04,211.275,211.32,2,211.1,1,211.45,4,211.45,211.1,211.1,1,210.78,6,210.77,1,210.7,1,210.69,6,210.68,7,210.67,7,210.66,7,210.65,1,210.56,1,211.45,4,211.6,7,211.9,8,212.0,1,212.36,5,212.39,1,212.4,5,213.02,5,213.09,2,213.1,1
2020-10-29 09:33:05,211.275,211.29,8,211.1,1,211.45,4,211.45,211.1,211.1,1,210.78,6,210.77,1,210.7,1,210.69,6,210.68,7,210.67,7,210.66,7,210.65,1,210.56,1,211.45,4,211.6,7,211.9,8,212.0,1,212.36,5,212.39,1,212.4,5,213.02,5,213.09,2,213.1,1
2020-10-29 09:33:06,211.595,211.45,1,211.42,1,211.77,1,211.77,211.42,211.42,1,211.18,6,211.16,1,211.1,1,210.78,6,210.77,1,210.7,1,210.69,6,210.68,7,210.67,7,211.77,1,211.9,8,212.0,1,212.36,5,212.39,1,212.4,5,213.02,5,213.09,2,213.1,1,213.13,1
2020-10-29 09:33:07,211.66,211.76,1,211.42,1,211.9,8,211.9,211.42,211.42,1,211.18,6,211.16,1,211.1,1,210.78,6,210.77,1,210.7,1,210.69,6,210.68,7,210.67,7,211.9,8,212.0,1,212.36,5,212.39,1,212.4,5,213.02,5,213.09,2,213.1,1,213.13,1,213.43,9
2020-10-29 09:33:08,211.665,211.76,1,211.43,6,211.9,8,211.9,211.43,211.43,6,211.42,1,211.18,6,211.16,1,211.1,1,210.78,6,210.77,1,210.7,1,210.69,6,210.68,7,211.9,8,212.0,1,212.36,5,212.39,1,212.4,5,213.02,5,213.09,2,213.1,1,213.13,1,213.43,9
2020-10-29 09:33:09,211.665,211.76,1,211.43,6,211.9,8,211.9,211.43,211.43,6,211.42,1,211.18,6,211.16,1,211.1,1,210.78,6,210.77,1,210.7,1,210.69,6,210.68,7,211.9,8,212.0,1,212.36,5,212.39,1,212.4,5,213.02,5,213.09,2,213.1,1,213.13,1,213.43,9
2020-10-29 09:33:10,211.665,211.76,1,211.43,6,211.9,8,211.9,211.43,211.43,6,211.42,1,211.18,6,211.16,1,211.1,1,210.78,6,210.77,1,210.7,1,210.69,6,210.68,7,211.9,8,212.0,1,212.36,5,212.39,1,212.4,5,213.02,5,213.09,2,213.1,1,213.13,1,213.43,9
2020-10-29 09:33:11,211.6,211.76,1,211.43,6,211.77,2,211.77,211.43,211.43,6,211.42,1,211.18,6,211.16,1,211.1,1,210.78,6,210.77,1,210.7,1,210.69,6,210.68,7,211.77,2,211.9,8,212.0,1,212.36,5,212.39,1,212.4,5,213.02,5,213.09,2,213.1,1,213.13,1
2020-10-29 09:33:12,211.67,211.76,1,211.44,6,211.9,8,211.9,211.44,211.44,6,211.43,7,211.42,1,211.18,6,211.16,1,211.1,1,210.78,6,210.77,1,210.7,1,210.69,6,211.9,8,212.0,1,212.36,5,212.39,1,212.4,5,213.02,5,213.09,2,213.1,1,213.13,1,213.43,9
2020-10-29 09:33:13,211.67,211.58,2,211.44,6,211.9,8,211.9,211.44,211.44,6,211.43,7,211.42,1,211.18,6,211.16,1,211.1,1,210.78,6,210.77,1,210.7,1,210.69,6,211.9,8,212.0,1,212.36,5,212.39,1,212.4,5,213.02,5,213.09,2,213.1,1,213.13,1,213.43,9
2020-10-29 09:33:14,211.67,211.58,2,211.44,6,211.9,8,211.9,211.44,211.44,6,211.43,7,211.42,1,211.18,6,211.16,1,211.1,1,210.78,6,210.77,1,210.7,1,210.69,6,211.9,8,212.0,1,212.36,5,212.39,1,212.4,5,213.02,5,213.09,2,213.1,1,213.13,1,213.43,9
2020-10-29 09:33:15,211.675,211.52,1,211.45,6,211.9,8,211.9,211.45,211.45,6,211.44,7,211.43,7,211.42,1,211.18,6,211.16,1,211.1,1,210.78,6,210.77,1,210.7,1,211.9,8,212.0,1,212.36,5,212.39,1,212.4,5,213.02,5,213.09,2,213.1,1,213.13,1,213.43,9
2020-10-29 09:33:16,211.675,211.45,1,211.45,6,211.9,8,211.9,211.45,211.45,6,211.44,7,211.43,7,211.42,1,211.18,6,211.16,1,211.1,1,210.78,6,210.77,1,210.7,1,211.9,8,212.0,1,212.36,5,212.39,1,212.4,5,213.02,5,213.09,2,213.1,1,213.13,1,213.43,9
2020-10-29 09:33:17,211.675,211.68,1,211.45,6,211.9,8,211.9,211.45,211.45,6,211.44,7,211.43,7,211.42,1,211.18,6,211.16,1,211.1,1,210.78,6,210.77,1,210.7,1,211.9,8,212.0,1,212.36,5,212.39,1,212.4,5,213.02,5,213.09,2,213.1,1,213.13,1,213.43,9
2020-10-29 09:33:18,211.7,211.78,1,211.5,1,211.9,8,211.9,211.5,211.5,1,211.45,7,211.44,7,211.43,7,211.42,1,211.18,6,211.16,1,211.1,1,210.78,6,210.77,1,211.9,8,212.0,1,212.36,5,212.39,1,212.4,5,213.02,5,213.09,2,213.1,1,213.13,1,213.43,9
2020-10-29 09:33:18,211.75,211.63,1,211.6,1,211.9,8,211.9,211.6,211.6,1,211.51,6,211.5,1,211.45,7,211.44,7,211.43,7,211.42,1,211.18,6,211.16,1,211.1,1,211.9,8,212.0,1,212.36,5,212.39,1,212.4,5,213.02,5,213.09,2,213.1,1,213.13,1,213.43,9
2020-10-29 09:33:20,211.75,211.63,1,211.6,1,211.9,8,211.9,211.6,211.6,1,211.51,6,211.5,1,211.45,7,211.44,7,211.43,7,211.42,1,211.18,6,211.16,1,211.1,1,211.9,8,212.0,1,212.36,5,212.39,1,212.4,5,213.02,5,213.09,2,213.1,1,213.13,1,213.43,9
2020-10-29 09:33:21,212.06,211.99,1,211.61,6,212.51,3,212.51,211.61,211.61,6,211.6,1,211.51,6,211.5,1,211.45,7,211.44,7,211.43,7,211.42,1,211.18,6,211.16,1,212.51,3,213.02,5,213.09,2,213.1,1,213.13,1,213.43,9,213.47,7,213.54,2,213.55,4,213.66,3
2020-10-29 09:33:22,212.06,211.99,1,211.61,7,212.51,3,212.51,211.61,211.61,7,211.6,1,211.51,6,211.5,1,211.45,7,211.44,7,211.43,7,211.42,1,211.18,6,211.16,1,212.51,3,213.02,5,213.09,2,213.1,1,213.13,1,213.43,9,213.47,7,213.54,2,213.55,4,213.66,3
2020-10-29 09:33:23,212.065,211.99,1,211.62,6,212.51,3,212.51,211.62,211.62,6,211.61,7,211.6,1,211.51,6,211.5,1,211.45,7,211.44,7,211.43,7,211.42,1,211.18,6,212.51,3,213.02,5,213.09,2,213.1,1,213.13,1,213.43,9,213.47,7,213.54,2,213.55,4,213.66,3
2020-10-29 09:33:24,212.065,211.99,1,211.62,6,212.51,3,212.51,211.62,211.62,6,211.61,7,211.6,1,211.51,6,211.5,1,211.45,7,211.44,7,211.43,7,211.42,1,211.18,6,212.51,3,213.02,5,213.09,2,213.1,1,213.13,1,213.43,9,213.47,7,213.54,2,213.55,4,213.66,3
2020-10-29 09:33:25,212.13,212.34,1,211.75,1,212.51,3,212.51,211.75,211.75,1,211.63,1,211.62,6,211.61,7,211.6,1,211.51,6,211.5,1,211.45,7,211.44,7,211.43,7,212.51,3,213.02,5,213.09,2,213.1,1,213.13,1,213.43,9,213.47,7,213.54,2,213.55,4,213.66,3
2020-10-29 09:33:26,212.135,212.34,1,211.76,6,212.51,4,212.51,211.76,211.76,6,211.75,1,211.63,1,211.62,6,211.61,7,211.6,1,211.51,6,211.5,1,211.45,7,211.44,7,212.51,4,213.02,5,213.09,2,213.1,1,213.13,1,213.43,9,213.47,7,213.54,2,213.55,4,213.66,3
2020-10-29 09:33:27,212.135,212.34,1,211.76,6,212.51,4,212.51,211.76,211.76,6,211.75,1,211.63,1,211.62,6,211.61,7,211.6,1,211.51,6,211.5,1,211.45,7,211.44,7,212.51,4,213.02,5,213.09,2,213.1,1,213.13,1,213.43,9,213.47,7,213.54,2,213.55,4,213.66,3
2020-10-29 09:33:28,212.135,212.34,1,211.76,7,212.51,4,212.51,211.76,211.76,7,211.75,1,211.63,1,211.62,6,211.61,7,211.6,1,211.51,6,211.5,1,211.45,7,211.44,7,212.51,4,213.02,5,213.09,2,213.1,1,213.13,1,213.43,9,213.47,7,213.54,2,213.55,4,213.66,3
2020-10-29 09:33:29,212.14,212.34,1,211.77,6,212.51,4,212.51,211.77,211.77,6,211.76,7,211.75,1,211.63,1,211.62,6,211.61,7,211.6,1,211.51,6,211.5,1,211.45,7,212.51,4,213.02,5,213.09,2,213.1,1,213.13,1,213.43,9,213.47,7,213.54,2,213.55,4,213.66,3
2020-10-29 09:33:30,212.14,212.34,1,211.77,6,212.51,4,212.51,211.77,211.77,6,211.76,7,211.75,1,211.63,1,211.62,6,211.61,7,211.6,1,211.51,6,211.5,1,211.45,7,212.51,4,213.02,5,213.09,2,213.1,1,213.13,1,213.43,9,213.47,7,213.54,2,213.55,4,213.66,3
2020-10-29 09:33:31,212.14,212.34,1,211.77,6,212.51,4,212.51,211.77,211.77,6,211.76,7,211.75,1,211.63,1,211.62,6,211.61,7,211.6,1,211.51,6,211.5,1,211.45,7,212.51,4,213.02,5,213.09,2,213.1,1,213.13,1,213.43,9,213.47,7,213.54,2,213.55,4,213.66,3
2020-10-29 09:33:32,212.145,212.34,1,211.78,6,212.51,4,212.51,211.78,211.78,6,211.77,7,211.76,7,211.75,1,211.63,1,211.62,6,211.61,7,211.6,1,211.51,6,211.5,1,212.51,4,213.02,5,213.09,2,213.1,1,213.13,1,213.43,9,213.47,7,213.54,2,213.55,4,213.66,3
2020-10-29 09:33:33,212.145,212.34,1,211.78,6,212.51,4,212.51,211.78,211.78,6,211.77,7,211.76,7,211.75,1,211.63,1,211.62,6,211.61,7,211.6,1,211.51,6,211.5,1,212.51,4,213.02,5,213.09,2,213.1,1,213.13,1,213.43,9,213.47,7,213.54,2,213.55,4,213.66,3
2020-10-29 09:33:34,212.145,212.51,2,211.78,6,212.51,4,212.51,211.78,211.78,6,211.77,7,211.76,7,211.75,1,211.63,1,211.62,6,211.61,7,211.6,1,211.51,6,211.5,1,212.51,4,213.02,5,213.09,2,213.1,1,213.13,1,213.43,9,213.47,7,213.54,2,213.55,4,213.66,3
2020-10-29 09:33:35,212.0,212.51,1,211.5,3,212.5,3,212.5,211.5,211.5,3,211.45,7,211.44,7,211.43,7,211.42,1,211.18,6,211.16,1,211.1,1,210.78,6,210.77,1,212.5,3,212.51,5,213.02,5,213.09,2,213.1,1,213.13,1,213.43,9,213.47,7,213.54,2,213.55,4
2020-10-29 09:33:36,212.005,212.51,1,211.51,6,212.5,2,212.5,211.51,211.51,6,211.5,3,211.45,7,211.44,7,211.43,7,211.42,1,211.18,6,211.16,1,211.1,1,210.78,6,212.5,2,212.51,5,213.02,5,213.09,2,213.1,1,213.13,1,213.43,9,213.47,7,213.54,2,213.55,4
2020-10-29 09:33:37,212.005,212.51,1,211.51,6,212.5,2,212.5,211.51,211.51,6,211.5,3,211.45,7,211.44,7,211.43,7,211.42,1,211.18,6,211.16,1,211.1,1,210.78,6,212.5,2,212.51,5,213.02,5,213.09,2,213.1,1,213.13,1,213.43,9,213.47,7,213.54,2,213.55,4
2020-10-29 09:33:38,212.03,212.51,1,211.56,1,212.5,2,212.5,211.56,211.56,1,211.51,6,211.5,3,211.45,7,211.44,7,211.43,7,211.42,1,211.18,6,211.16,1,211.1,1,212.5,2,212.51,5,213.02,5,213.09,2,213.1,1,213.13,1,213.43,9,213.47,7,213.54,2,213.55,4
2020-10-29 09:33:39,212.035,212.51,1,211.57,6,212.5,3,212.5,211.57,211.57,6,211.56,1,211.51,6,211.5,3,211.45,7,211.44,7,211.43,7,211.42,1,211.18,6,211.16,1,212.5,3,212.51,5,213.02,5,213.09,2,213.1,1,213.13,1,213.43,9,213.47,7,213.54,2,213.55,4
2020-10-29 09:33:40,212.03,212.51,1,211.56,1,212.5,3,212.5,211.56,211.56,1,211.51,6,211.5,3,211.45,7,211.44,7,211.43,7,211.42,1,211.18,6,211.16,1,211.1,1,212.5,3,212.51,5,213.02,5,213.09,2,213.1,1,213.13,1,213.43,9,213.47,7,213.54,2,213.55,4
2020-10-29 09:33:41,212.035,212.51,1,211.57,6,212.5,2,212.5,211.57,211.57,6,211.56,1,211.51,6,211.5,3,211.45,7,211.44,7,211.43,7,211.42,1,211.18,6,211.16,1,212.5,2,212.51,5,213.02,5,213.09,2,213.1,1,213.13,1,213.43,9,213.47,7,213.54,2,213.55,4
2020-10-29 09:33:42,212.035,212.35,1,211.57,6,212.5,2,212.5,211.57,211.57,6,211.56,1,211.51,6,211.5,3,211.45,7,211.44,7,211.43,7,211.42,1,211.18,6,211.16,1,212.5,2,212.51,5,213.02,5,213.09,2,213.1,1,213.13,1,213.43,9,213.47,7,213.54,2,213.55,4
2020-10-29 09:33:43,212.035,212.35,1,211.57,6,212.5,2,212.5,211.57,211.57,6,211.56,1,211.51,6,211.5,3,211.45,7,211.44,7,211.43,7,211.42,1,211.18,6,211.16,1,212.5,2,212.51,5,213.02,5,213.09,2,213.1,1,213.13,1,213.43,9,213.47,7,213.54,2,213.55,4
2020-10-29 09:33:44,212.035,212.05,1,211.57,7,212.5,2,212.5,211.57,211.57,7,211.56,1,211.51,6,211.5,3,211.45,7,211.44,7,211.43,7,211.42,1,211.18,6,211.16,1,212.5,2,212.51,5,213.02,5,213.09,2,213.1,1,213.13,1,213.43,9,213.47,7,213.54,2,213.55,4
2020-10-29 09:33:45,212.25,212.25,2,212.0,1,212.5,2,212.5,212.0,212.0,1,211.65,1,211.58,6,211.57,7,211.56,1,211.51,6,211.5,3,211.45,7,211.44,7,211.43,7,212.5,2,212.51,5,213.02,5,213.09,2,213.1,1,213.13,1,213.43,9,213.47,7,213.54,2,213.55,4
2020-10-29 09:33:46,212.255,212.13,1,212.0,3,212.51,4,212.51,212.0,212.0,3,211.65,1,211.58,6,211.57,7,211.56,1,211.51,6,211.5,3,211.45,7,211.44,7,211.43,7,212.51,4,213.02,5,213.09,2,213.1,1,213.13,1,213.43,9,213.47,7,213.54,2,213.55,4,213.66,3
2020-10-29 09:33:48,212.25,212.06,1,212.0,3,212.5,2,212.5,212.0,212.0,3,211.65,1,211.58,6,211.57,7,211.56,1,211.51,6,211.5,3,211.45,7,211.44,7,211.43,7,212.5,2,212.51,4,213.02,5,213.09,2,213.1,1,213.13,1,213.43,9,213.47,7,213.54,2,213.55,4
2020-10-29 09:33:48,212.25,212.06,1,212.0,3,212.5,2,212.5,212.0,212.0,3,211.65,1,211.58,6,211.57,7,211.56,1,211.51,6,211.5,3,211.45,7,211.44,7,211.43,7,212.5,2,212.51,4,213.02,5,213.09,2,213.1,1,213.13,1,213.43,9,213.47,7,213.54,2,213.55,4
2020-10-29 09:33:49,211.89,212.06,1,211.61,1,212.17,1,212.17,211.61,211.61,1,211.58,6,211.57,7,211.56,1,211.51,6,211.5,3,211.45,7,211.44,7,211.43,7,211.42,1,212.17,1,212.34,1,212.49,1,212.5,3,212.51,4,213.02,5,213.09,2,213.1,1,213.13,1,213.43,9
2020-10-29 09:33:50,211.945,212.06,1,211.62,6,212.27,1,212.27,211.62,211.62,6,211.61,1,211.58,6,211.57,7,211.56,1,211.51,6,211.5,3,211.45,7,211.44,7,211.43,7,212.27,1,212.34,1,212.49,1,212.5,3,212.51,4,213.02,5,213.09,2,213.1,1,213.13,1,213.43,9
2020-10-29 09:33:51,211.945,212.06,1,211.62,6,212.27,1,212.27,211.62,211.62,6,211.61,1,211.58,6,211.57,7,211.56,1,211.51,6,211.5,3,211.45,7,211.44,7,211.43,7,212.27,1,212.34,1,212.49,1,212.5,3,212.51,4,213.02,5,213.09,2,213.1,1,213.13,1,213.43,9
2020-10-29 09:33:52,211.89,212.06,1,211.62,7,212.16,2,212.16,211.62,211.62,7,211.61,1,211.58,6,211.57,7,211.56,1,211.51,6,211.5,3,211.45,7,211.44,7,211.43,7,212.16,2,212.17,1,212.27,1,212.34,1,212.49,1,212.5,3,212.51,4,213.02,5,213.09,2,213.1,1
2020-10-29 09:33:53,211.95,212.06,1,211.63,6,212.27,1,212.27,211.63,211.63,6,211.62,7,211.61,1,211.58,6,211.57,7,211.56,1,211.51,6,211.5,3,211.45,7,211.44,7,212.27,1,212.34,1,212.49,1,212.5,3,212.51,4,213.02,5,213.09,2,213.1,1,213.13,1,213.43,9
2020-10-29 09:33:54,211.975,212.06,1,211.68,1,212.27,1,212.27,211.68,211.68,1,211.63,6,211.62,7,211.61,1,211.58,6,211.57,7,211.56,1,211.51,6,211.5,3,211.45,7,212.27,1,212.34,1,212.49,1,212.5,3,212.51,4,213.02,5,213.09,2,213.1,1,213.13,1,213.43,9
2020-10-29 09:33:55,211.975,212.06,1,211.68,1,212.27,1,212.27,211.68,211.68,1,211.63,6,211.62,7,211.61,1,211.58,6,211.57,7,211.56,1,211.51,6,211.5,3,211.45,7,212.27,1,212.34,1,212.49,1,212.5,3,212.51,4,213.02,5,213.09,2,213.1,1,213.13,1,213.43,9
2020-10-29 09:33:56,211.98,212.06,1,211.69,6,212.27,1,212.27,211.69,211.69,6,211.68,1,211.63,6,211.62,7,211.61,1,211.58,6,211.57,7,211.56,1,211.51,6,211.5,3,212.27,1,212.34,1,212.49,1,212.5,3,212.51,4,213.02,5,213.09,2,213.1,1,213.13,1,213.43,9
2020-10-29 09:33:57,211.98,212.06,1,211.69,6,212.27,1,212.27,211.69,211.69,6,211.68,1,211.63,6,211.62,7,211.61,1,211.58,6,211.57,7,211.56,1,211.51,6,211.5,3,212.27,1,212.34,1,212.49,1,212.5,3,212.51,4,213.02,5,213.09,2,213.1,1,213.13,1,213.43,9
2020-10-29 09:33:58,211.985,212.06,1,211.7,6,212.27,1,212.27,211.7,211.7,6,211.69,7,211.68,1,211.63,6,211.62,7,211.61,1,211.58,6,211.57,7,211.56,1,211.51,6,212.27,1,212.34,1,212.49,1,212.5,3,212.51,4,213.02,5,213.09,2,213.1,1,213.13,1,213.43,9
2020-10-29 09:33:59,211.985,212.06,1,211.7,6,212.27,1,212.27,211.7,211.7,6,211.69,7,211.68,1,211.63,6,211.62,7,211.61,1,211.58,6,211.57,7,211.56,1,211.51,6,212.27,1,212.34,1,212.49,1,212.5,3,212.51,4,213.02,5,213.09,2,213.1,1,213.13,1,213.43,9
2020-10-29 09:34:00,212.095,212.06,1,211.7,7,212.49,1,212.49,211.7,211.7,7,211.69,7,211.68,1,211.63,6,211.62,7,211.61,1,211.58,6,211.57,7,211.56,1,211.51,6,212.49,1,212.5,4,212.51,4,213.02,5,213.09,2,213.1,1,213.13,1,213.43,9,213.47,7,213.54,2
2020-10-29 09:34:01,212.04,211.72,1,211.71,6,212.37,2,212.37,211.71,211.71,6,211.7,7,211.69,7,211.68,1,211.63,6,211.62,7,211.61,1,211.58,6,211.57,7,211.56,1,212.37,2,212.38,1,212.49,1,212.5,4,212.51,4,213.02,5,213.09,2,213.1,1,213.13,1,213.43,9
2020-10-29 09:34:02,212.04,212.04,1,211.71,6,212.37,2,212.37,211.71,211.71,6,211.7,7,211.69,7,211.68,1,211.63,6,211.62,7,211.61,1,211.58,6,211.57,7,211.56,1,212.37,2,212.38,1,212.49,1,212.5,4,212.51,4,213.02,5,213.09,2,213.1,1,213.13,1,213.43,9
2020-10-29 09:34:03,212.045,212.04,1,211.72,6,212.37,2,212.37,211.72,211.72,6,211.71,7,211.7,7,211.69,7,211.68,1,211.63,6,211.62,7,211.61,1,211.58,6,211.57,7,212.37,2,212.38,1,212.49,1,212.5,4,212.51,4,213.02,5,213.09,2,213.1,1,213.13,1,213.43,9
2020-10-29 09:34:04,212.01,212.04,1,211.72,6,212.3,3,212.3,211.72,211.72,6,211.71,7,211.7,7,211.69,7,211.68,1,211.63,6,211.62,7,211.61,1,211.58,6,211.57,7,212.3,3,212.31,2,212.32,1,212.33,2,212.34,1,212.35,2,212.36,3,212.37,2,212.38,1,212.49,1
2020-10-29 09:34:05,212.01,212.04,1,211.72,6,212.3,4,212.3,211.72,211.72,6,211.71,7,211.7,7,211.69,7,211.68,1,211.63,6,211.62,7,211.61,1,211.58,6,211.57,7,212.3,4,212.31,2,212.32,1,212.33,2,212.34,1,212.35,2,212.36,3,212.37,2,212.38,1,212.49,1
2020-10-29 09:34:06,211.99,211.99,1,211.68,1,212.3,3,212.3,211.68,211.68,1,211.63,6,211.62,7,211.61,1,211.58,6,211.57,7,211.56,1,211.51,6,211.5,3,211.45,7,212.3,3,212.31,2,212.32,1,212.33,2,212.34,1,212.35,2,212.36,3,212.37,2,212.38,1,212.49,1
2020-10-29 09:34:07,212.0,212.0,1,211.7,1,212.3,3,212.3,211.7,211.7,1,211.69,6,211.68,1,211.63,6,211.62,7,211.61,1,211.58,6,211.57,7,211.56,1,211.51,6,212.3,3,212.31,2,212.32,1,212.33,2,212.34,1,212.35,2,212.36,3,212.37,2,212.38,1,212.49,1
2020-10-29 09:34:08,212.0,212.0,1,211.7,1,212.3,3,212.3,211.7,211.7,1,211.69,6,211.68,1,211.63,6,211.62,7,211.61,1,211.58,6,211.57,7,211.56,1,211.51,6,212.3,3,212.31,2,212.32,1,212.33,2,212.34,1,212.35,2,212.36,3,212.37,2,212.38,1,212.49,1
2020-10-29 09:34:09,211.965,212.0,1,211.7,1,212.23,2,212.23,211.7,211.7,1,211.69,6,211.68,1,211.63,6,211.62,7,211.61,1,211.58,6,211.57,7,211.56,1,211.51,6,212.23,2,212.24,1,212.25,2,212.26,1,212.27,2,212.28,1,212.29,1,212.3,3,212.31,2,212.32,1
2020-10-29 09:34:10,212.03,212.0,1,211.71,6,212.35,1,212.35,211.71,211.71,6,211.7,1,211.69,6,211.68,1,211.63,6,211.62,7,211.61,1,211.58,6,211.57,7,211.56,1,212.35,1,212.36,3,212.37,2,212.38,1,212.49,1,212.5,4,212.51,4,213.02,5,213.09,2,213.1,1
2020-10-29 09:34:11,212.025,212.03,1,211.71,6,212.34,1,212.34,211.71,211.71,6,211.7,1,211.69,6,211.68,1,211.63,6,211.62,7,211.61,1,211.58,6,211.57,7,211.56,1,212.34,1,212.35,1,212.36,3,212.37,2,212.38,1,212.49,1,212.5,4,212.51,4,213.02,5,213.09,2
2020-10-29 09:34:12,212.025,212.03,1,211.71,6,212.34,1,212.34,211.71,211.71,6,211.7,1,211.69,6,211.68,1,211.63,6,211.62,7,211.61,1,211.58,6,211.57,7,211.56,1,212.34,1,212.35,1,212.36,3,212.37,2,212.38,1,212.49,1,212.5,4,212.51,4,213.02,5,213.09,2
2020-10-29 09:34:13,211.945,212.04,1,211.71,8,212.18,1,212.18,211.71,211.71,8,211.7,1,211.69,6,211.68,1,211.63,6,211.62,7,211.61,1,211.58,6,211.57,7,211.56,1,212.18,1,212.19,1,212.34,1,212.35,1,212.36,3,212.37,2,212.38,1,212.49,1,212.5,4,212.51,4
2020-10-29 09:34:14,212.03,212.03,1,211.72,6,212.34,1,212.34,211.72,211.72,6,211.71,8,211.7,1,211.69,6,211.68,1,211.63,6,211.62,7,211.61,1,211.58,6,211.57,7,212.34,1,212.35,1,212.36,3,212.37,2,212.38,1,212.49,1,212.5,4,212.51,4,213.02,5,213.09,2
2020-10-29 09:34:15,212.025,212.03,1,211.72,6,212.33,1,212.33,211.72,211.72,6,211.71,8,211.7,1,211.69,6,211.68,1,211.63,6,211.62,7,211.61,1,211.58,6,211.57,7,212.33,1,212.34,2,212.35,1,212.36,3,212.37,2,212.38,1,212.49,1,212.5,4,212.51,4,213.02,5
2020-10-29 09:34:16,212.03,212.22,1,211.73,6,212.33,1,212.33,211.73,211.73,6,211.72,7,211.71,8,211.7,1,211.69,6,211.68,1,211.63,6,211.62,7,211.61,1,211.58,6,212.33,1,212.34,2,212.35,1,212.36,3,212.37,2,212.38,1,212.49,1,212.5,4,212.51,4,213.02,5
2020-10-29 09:34:17,212.03,212.22,1,211.73,7,212.33,1,212.33,211.73,211.73,7,211.72,7,211.71,8,211.7,1,211.69,6,211.68,1,211.63,6,211.62,7,211.61,1,211.58,6,212.33,1,212.34,2,212.35,1,212.36,3,212.37,2,212.38,1,212.49,1,212.5,4,212.51,4,213.02,5
2020-10-29 09:34:18,212.03,212.03,1,211.73,7,212.33,1,212.33,211.73,211.73,7,211.72,7,211.71,8,211.7,1,211.69,6,211.68,1,211.63,6,211.62,7,211.61,1,211.58,6,212.33,1,212.34,2,212.35,1,212.36,3,212.37,2,212.38,1,212.49,1,212.5,4,212.51,4,213.02,5
2020-10-29 09:34:19,212.03,211.75,8,211.73,8,212.33,1,212.33,211.73,211.73,8,211.72,7,211.71,8,211.7,1,211.69,6,211.68,1,211.63,6,211.62,7,211.61,1,211.58,6,212.33,1,212.34,2,212.35,1,212.36,3,212.37,2,212.38,1,212.49,1,212.5,4,212.51,4,213.02,5
2020-10-29 09:34:20,212.04,212.04,1,211.75,1,212.33,1,212.33,211.75,211.75,1,211.74,6,211.73,8,211.72,7,211.71,8,211.7,1,211.69,6,211.68,1,211.63,6,211.62,7,212.33,1,212.34,2,212.35,1,212.36,3,212.37,2,212.38,1,212.49,1,212.5,4,212.51,4,213.02,5
2020-10-29 09:34:21,212.04,212.04,1,211.75,1,212.33,1,212.33,211.75,211.75,1,211.74,6,211.73,8,211.72,7,211.71,8,211.7,1,211.69,6,211.68,1,211.63,6,211.62,7,212.33,1,212.34,2,212.35,1,212.36,3,212.37,2,212.38,1,212.49,1,212.5,4,212.51,4,213.02,5
2020-10-29 09:34:22,212.04,212.04,1,211.75,1,212.33,1,212.33,211.75,211.75,1,211.74,6,211.73,8,211.72,7,211.71,8,211.7,1,211.69,6,211.68,1,211.63,6,211.62,7,212.33,1,212.34,2,212.35,1,212.36,3,212.37,2,212.38,1,212.49,1,212.5,4,212.51,4,213.02,5
2020-10-29 09:34:23,212.04,212.04,1,211.75,3,212.33,1,212.33,211.75,211.75,3,211.74,6,211.73,8,211.72,7,211.71,8,211.7,1,211.69,6,211.68,1,211.63,6,211.62,7,212.33,1,212.34,2,212.35,1,212.36,3,212.37,2,212.38,1,212.49,1,212.5,4,212.51,4,213.02,5
2020-10-29 09:34:24,212.05,212.04,1,211.78,1,212.32,1,212.32,211.78,211.78,1,211.76,6,211.75,3,211.74,6,211.73,8,211.72,7,211.71,8,211.7,1,211.69,6,211.68,1,212.32,1,212.33,2,212.34,2,212.35,1,212.36,3,212.37,2,212.38,1,212.49,1,212.5,4,212.51,4
2020-10-29 09:34:25,212.16,212.1,1,212.0,1,212.32,1,212.32,212.0,212.0,1,211.76,6,211.75,3,211.74,6,211.73,8,211.72,7,211.71,8,211.7,1,211.69,6,211.68,1,212.32,1,212.33,2,212.34,2,212.35,1,212.36,3,212.37,2,212.38,1,212.49,1,212.5,4,212.51,4
2020-10-29 09:34:26,212.16,212.16,1,212.0,1,212.32,1,212.32,212.0,212.0,1,211.76,6,211.75,3,211.74,6,211.73,8,211.72,7,211.71,8,211.7,1,211.69,6,211.68,1,212.32,1,212.33,2,212.34,2,212.35,1,212.36,3,212.37,2,212.38,1,212.49,1,212.5,4,212.51,4
2020-10-29 09:34:27,212.165,212.17,1,212.01,6,212.32,1,212.32,212.01,212.01,6,212.0,1,211.76,6,211.75,3,211.74,6,211.73,8,211.72,7,211.71,8,211.7,1,211.69,6,212.32,1,212.33,2,212.34,2,212.35,1,212.36,3,212.37,2,212.38,1,212.49,1,212.5,4,212.51,4
2020-10-29 09:34:28,212.165,212.17,1,212.01,7,212.32,1,212.32,212.01,212.01,7,212.0,1,211.76,6,211.75,3,211.74,6,211.73,8,211.72,7,211.71,8,211.7,1,211.69,6,212.32,1,212.33,2,212.34,2,212.35,1,212.36,3,212.37,2,212.38,1,212.49,1,212.5,4,212.51,4
2020-10-29 09:34:29,212.17,212.17,1,212.02,6,212.32,1,212.32,212.02,212.02,6,212.01,7,212.0,1,211.76,6,211.75,3,211.74,6,211.73,8,211.72,7,211.71,8,211.7,1,212.32,1,212.33,2,212.34,2,212.35,1,212.36,3,212.37,2,212.38,1,212.49,1,212.5,4,212.51,4
2020-10-29 09:34:30,212.185,212.17,1,212.04,1,212.33,1,212.33,212.04,212.04,1,212.02,6,212.01,7,212.0,1,211.76,6,211.75,3,211.74,6,211.73,8,211.72,7,211.71,8,212.33,1,212.34,1,212.35,1,212.36,3,212.37,2,212.38,1,212.49,1,212.5,4,212.51,4,213.02,5
2020-10-29 09:34:31,212.185,212.17,1,212.04,1,212.33,1,212.33,212.04,212.04,1,212.02,6,212.01,7,212.0,1,211.76,6,211.75,3,211.74,6,211.73,8,211.72,7,211.71,8,212.33,1,212.34,1,212.35,1,212.36,3,212.37,2,212.38,1,212.49,1,212.5,4,212.51,4,213.02,5
2020-10-29 09:34:32,212.19,212.17,1,212.05,6,212.33,2,212.33,212.05,212.05,6,212.04,1,212.02,6,212.01,7,212.0,1,211.76,6,211.75,3,211.74,6,211.73,8,211.72,7,212.33,2,212.34,1,212.35,1,212.36,3,212.37,2,212.38,1,212.49,1,212.5,4,212.51,4,213.02,5
2020-10-29 09:34:33,212.19,212.24,1,212.05,6,212.33,2,212.33,212.05,212.05,6,212.04,1,212.02,6,212.01,7,212.0,1,211.76,6,211.75,3,211.74,6,211.73,8,211.72,7,212.33,2,212.34,1,212.35,1,212.36,3,212.37,2,212.38,1,212.49,1,212.5,4,212.51,4,213.02,5
2020-10-29 09:34:34,212.11,212.01,1,211.92,1,212.3,1,212.3,211.92,211.92,1,211.76,6,211.75,3,211.74,6,211.73,8,211.72,7,211.71,8,211.7,1,211.69,6,211.68,1,212.3,1,212.32,1,212.33,2,212.34,1,212.35,1,212.36,3,212.37,2,212.38,1,212.49,1,212.5,4
2020-10-29 09:34:35,212.15,212.11,1,211.99,1,212.31,1,212.31,211.99,211.99,1,211.92,2,211.76,6,211.75,3,211.74,6,211.73,8,211.72,7,211.71,8,211.7,1,211.69,6,212.31,1,212.32,1,212.33,3,212.34,1,212.35,1,212.36,3,212.37,2,212.38,1,212.49,1,212.5,4
2020-10-29 09:34:36,212.16,212.11,1,211.99,1,212.33,3,212.33,211.99,211.99,1,211.92,2,211.76,6,211.75,3,211.74,6,211.73,8,211.72,7,211.71,8,211.7,1,211.69,6,212.33,3,212.34,1,212.35,1,212.36,3,212.37,2,212.38,1,212.49,1,212.5,4,212.51,4,213.02,5
2020-10-29 09:34:37,212.12,212.11,1,211.92,2,212.32,1,212.32,211.92,211.92,2,211.76,6,211.75,3,211.74,6,211.73,8,211.72,7,211.71,8,211.7,1,211.69,6,211.68,1,212.32,1,212.33,3,212.34,1,212.35,1,212.36,3,212.37,2,212.38,1,212.49,1,212.5,4,212.51,4
2020-10-29 09:34:38,212.105,211.92,1,211.92,2,212.29,3,212.29,211.92,211.92,2,211.76,6,211.75,3,211.74,6,211.73,8,211.72,7,211.71,8,211.7,1,211.69,6,211.68,1,212.29,3,212.3,1,212.33,3,212.34,1,212.35,1,212.36,3,212.37,2,212.38,1,212.49,1,212.5,4
2020-10-29 09:34:39,212.105,211.92,1,211.92,2,212.29,3,212.29,211.92,211.92,2,211.76,6,211.75,3,211.74,6,211.73,8,211.72,7,211.71,8,211.7,1,211.69,6,211.68,1,212.29,3,212.3,1,212.33,3,212.34,1,212.35,1,212.36,3,212.37,2,212.38,1,212.49,1,212.5,4
2020-10-29 09:34:40,211.925,212.1,1,211.75,2,212.1,2,212.1,211.75,211.75,2,211.74,6,211.73,8,211.72,7,211.71,8,211.7,1,211.69,6,211.68,1,211.63,6,211.62,7,212.1,2,212.11,1,212.2,3,212.21,1,212.29,3,212.3,1,212.33,3,212.34,1,212.35,1,212.36,3
2020-10-29 09:34:41,211.945,211.95,1,211.75,3,212.14,1,212.14,211.75,211.75,3,211.74,6,211.73,8,211.72,7,211.71,8,211.7,1,211.69,6,211.68,1,211.63,6,211.62,7,212.14,1,212.15,1,212.2,3,212.21,1,212.29,3,212.3,1,212.33,3,212.34,1,212.35,1,212.36,3
2020-10-29 09:34:42,211.945,212.08,1,211.75,3,212.14,1,212.14,211.75,211.75,3,211.74,6,211.73,8,211.72,7,211.71,8,211.7,1,211.69,6,211.68,1,211.63,6,211.62,7,212.14,1,212.15,1,212.2,3,212.21,1,212.29,3,212.3,1,212.33,3,212.34,1,212.35,1,212.36,3
2020-10-29 09:34:43,211.945,212.08,1,211.75,3,212.14,1,212.14,211.75,211.75,3,211.74,6,211.73,8,211.72,7,211.71,8,211.7,1,211.69,6,211.68,1,211.63,6,211.62,7,212.14,1,212.15,1,212.2,3,212.21,1,212.29,3,212.3,1,212.33,3,212.34,1,212.35,1,212.36,3
2020-10-29 09:34:44,211.945,212.08,1,211.75,3,212.14,1,212.14,211.75,211.75,3,211.74,6,211.73,8,211.72,7,211.71,8,211.7,1,211.69,6,211.68,1,211.63,6,211.62,7,212.14,1,212.15,1,212.2,3,212.21,1,212.29,3,212.3,1,212.33,3,212.34,1,212.35,1,212.36,3
2020-10-29 09:34:45,211.935,212.08,1,211.75,3,212.12,1,212.12,211.75,211.75,3,211.74,6,211.73,8,211.72,7,211.71,8,211.7,1,211.69,6,211.68,1,211.63,6,211.62,7,212.12,1,212.13,1,212.14,1,212.15,1,212.2,3,212.21,1,212.29,3,212.3,1,212.33,3,212.34,1
2020-10-29 09:34:46,211.93,212.08,1,211.75,3,212.11,1,212.11,211.75,211.75,3,211.74,6,211.73,8,211.72,7,211.71,8,211.7,1,211.69,6,211.68,1,211.63,6,211.62,7,212.11,1,212.12,2,212.13,1,212.14,1,212.15,1,212.2,3,212.21,1,212.29,3,212.3,1,212.33,3
2020-10-29 09:34:47,211.93,212.08,1,211.75,3,212.11,1,212.11,211.75,211.75,3,211.74,6,211.73,8,211.72,7,211.71,8,211.7,1,211.69,6,211.68,1,211.63,6,211.62,7,212.11,1,212.12,2,212.13,1,212.14,1,212.15,1,212.2,3,212.21,1,212.29,3,212.3,1,212.33,3
2020-10-29 09:34:48,211.94,211.94,1,211.78,1,212.1,1,212.1,211.78,211.78,1,211.75,3,211.74,6,211.73,8,211.72,7,211.71,8,211.7,1,211.69,6,211.68,1,211.63,6,212.1,1,212.11,2,212.12,2,212.13,1,212.14,1,212.15,1,212.2,3,212.21,1,212.29,3,212.3,1
2020-10-29 09:34:49,211.94,212.09,1,211.78,3,212.1,1,212.1,211.78,211.78,3,211.75,3,211.74,6,211.73,8,211.72,7,211.71,8,211.7,1,211.69,6,211.68,1,211.63,6,212.1,1,212.11,2,212.12,2,212.13,1,212.14,1,212.15,1,212.2,3,212.21,1,212.29,3,212.3,1
2020-10-29 09:34:51,211.945,212.09,1,211.78,3,212.11,1,212.11,211.78,211.78,3,211.75,3,211.74,6,211.73,8,211.72,7,211.71,8,211.7,1,211.69,6,211.68,1,211.63,6,212.11,1,212.12,1,212.13,1,212.14,1,212.15,1,212.2,3,212.21,1,212.29,3,212.3,1,212.33,3
2020-10-29 09:34:51,211.945,212.09,1,211.78,3,212.11,1,212.11,211.78,211.78,3,211.75,3,211.74,6,211.73,8,211.72,7,211.71,8,211.7,1,211.69,6,211.68,1,211.63,6,212.11,1,212.12,1,212.13,1,212.14,1,212.15,1,212.2,3,212.21,1,212.29,3,212.3,1,212.33,3
2020-10-29 09:34:53,211.945,211.95,1,211.78,3,212.11,1,212.11,211.78,211.78,3,211.75,3,211.74,6,211.73,8,211.72,7,211.71,8,211.7,1,211.69,6,211.68,1,211.63,6,212.11,1,212.12,1,212.13,1,212.14,1,212.15,1,212.2,3,212.21,1,212.29,3,212.3,1,212.33,3
2020-10-29 09:34:53,211.945,211.95,1,211.78,3,212.11,1,212.11,211.78,211.78,3,211.75,3,211.74,6,211.73,8,211.72,7,211.71,8,211.7,1,211.69,6,211.68,1,211.63,6,212.11,1,212.12,1,212.13,1,212.14,1,212.15,1,212.2,3,212.21,1,212.29,3,212.3,1,212.33,3
2020-10-29 09:34:54,211.945,211.95,1,211.78,3,212.11,1,212.11,211.78,211.78,3,211.75,3,211.74,6,211.73,8,211.72,7,211.71,8,211.7,1,211.69,6,211.68,1,211.63,6,212.11,1,212.12,1,212.13,1,212.14,1,212.15,1,212.2,3,212.21,1,212.29,3,212.3,1,212.33,3
2020-10-29 09:34:55,211.945,211.95,1,211.78,3,212.11,1,212.11,211.78,211.78,3,211.75,3,211.74,6,211.73,8,211.72,7,211.71,8,211.7,1,211.69,6,211.68,1,211.63,6,212.11,1,212.12,1,212.13,1,212.14,1,212.15,1,212.2,3,212.21,1,212.29,3,212.3,1,212.33,3
2020-10-29 09:34:57,211.945,212.07,1,211.78,3,212.11,1,212.11,211.78,211.78,3,211.75,3,211.74,6,211.73,8,211.72,7,211.71,8,211.7,1,211.69,6,211.68,1,211.63,6,212.11,1,212.12,1,212.13,1,212.14,1,212.15,1,212.2,3,212.21,1,212.29,3,212.3,1,212.33,3
2020-10-29 09:34:57,211.925,212.07,1,211.78,3,212.07,2,212.07,211.78,211.78,3,211.75,3,211.74,6,211.73,8,211.72,7,211.71,8,211.7,1,211.69,6,211.68,1,211.63,6,212.07,2,212.08,1,212.11,1,212.12,1,212.13,1,212.14,1,212.15,1,212.2,3,212.21,1,212.29,3
2020-10-29 09:34:59,211.795,211.8,1,211.68,1,211.91,1,211.91,211.68,211.68,1,211.63,6,211.62,7,211.61,1,211.58,6,211.57,7,211.56,1,211.51,6,211.5,3,211.45,7,211.91,1,211.92,1,212.07,3,212.08,1,212.11,1,212.12,1,212.13,1,212.14,1,212.15,1,212.2,3
2020-10-29 09:35:00,211.795,211.8,1,211.68,1,211.91,1,211.91,211.68,211.68,1,211.63,6,211.62,7,211.61,1,211.58,6,211.57,7,211.56,1,211.51,6,211.5,3,211.45,7,211.91,1,211.92,1,212.07,3,212.08,1,212.11,1,212.12,1,212.13,1,212.14,1,212.15,1,212.2,3
2020-10-29 09:35:01,211.755,211.67,1,211.59,1,211.92,1,211.92,211.59,211.59,1,211.5,3,211.45,7,211.44,7,211.43,7,211.42,1,211.18,6,211.16,1,211.1,1,210.78,6,211.92,1,212.07,3,212.08,1,212.11,1,212.12,1,212.13,1,212.14,1,212.15,1,212.2,3,212.21,1
2020-10-29 09:35:02,211.71,211.85,1,211.5,3,211.92,1,211.92,211.5,211.5,3,211.45,7,211.44,7,211.43,7,211.42,1,211.18,6,211.16,1,211.1,1,210.78,6,210.77,1,211.92,1,212.07,3,212.08,1,212.11,1,212.12,1,212.13,1,212.14,1,212.15,1,212.2,3,212.21,1
2020-10-29 09:35:03,211.77,211.71,1,211.62,2,211.92,2,211.92,211.62,211.62,2,211.5,3,211.45,7,211.44,7,211.43,7,211.42,1,211.18,6,211.16,1,211.1,1,210.78,6,211.92,2,212.07,3,212.08,1,212.11,1,212.12,1,212.13,1,212.14,1,212.15,1,212.2,3,212.21,1
2020-10-29 09:35:04,211.77,211.71,1,211.62,2,211.92,1,211.92,211.62,211.62,2,211.5,3,211.45,7,211.44,7,211.43,7,211.42,1,211.18,6,211.16,1,211.1,1,210.78,6,211.92,1,212.07,3,212.08,1,212.11,1,212.12,1,212.13,1,212.14,1,212.15,1,212.2,3,212.21,1
2020-10-29 09:35:05,211.865,211.71,1,211.77,1,211.96,1,211.96,211.77,211.77,1,211.62,2,211.5,3,211.45,7,211.44,7,211.43,7,211.42,1,211.18,6,211.16,1,211.1,1,211.96,1,212.07,3,212.08,1,212.11,1,212.12,1,212.13,1,212.14,1,212.15,1,212.2,3,212.21,1
2020-10-29 09:35:06,211.785,211.95,1,211.62,1,211.95,2,211.95,211.62,211.62,1,211.5,3,211.45,7,211.44,7,211.43,7,211.42,1,211.18,6,211.16,1,211.1,1,210.78,6,211.95,2,211.96,1,212.07,3,212.08,1,212.11,1,212.12,1,212.13,1,212.14,1,212.15,1,212.2,3
2020-10-29 09:35:07,211.77,211.88,1,211.62,1,211.92,3,211.92,211.62,211.62,1,211.5,3,211.45,7,211.44,7,211.43,7,211.42,1,211.18,6,211.16,1,211.1,1,210.78,6,211.92,3,211.95,2,211.96,1,212.07,3,212.08,1,212.11,1,212.12,1,212.13,1,212.14,1,212.15,1
2020-10-29 09:35:08,211.77,211.77,1,211.62,1,211.92,3,211.92,211.62,211.62,1,211.5,3,211.45,7,211.44,7,211.43,7,211.42,1,211.18,6,211.16,1,211.1,1,210.78,6,211.92,3,211.95,2,211.96,1,212.07,3,212.08,1,212.11,1,212.12,1,212.13,1,212.14,1,212.15,1
2020-10-29 09:35:09,211.77,211.77,1,211.62,1,211.92,3,211.92,211.62,211.62,1,211.5,3,211.45,7,211.44,7,211.43,7,211.42,1,211.18,6,211.16,1,211.1,1,210.78,6,211.92,3,211.95,2,211.96,1,212.07,3,212.08,1,212.11,1,212.12,1,212.13,1,212.14,1,212.15,1
2020-10-29 09:35:10,211.77,211.77,1,211.62,1,211.92,3,211.92,211.62,211.62,1,211.5,3,211.45,7,211.44,7,211.43,7,211.42,1,211.18,6,211.16,1,211.1,1,210.78,6,211.92,3,211.95,2,211.96,1,212.07,3,212.08,1,212.11,1,212.12,1,212.13,1,212.14,1,212.15,1
2020-10-29 09:35:11,211.77,211.77,1,211.62,1,211.92,3,211.92,211.62,211.62,1,211.5,3,211.45,7,211.44,7,211.43,7,211.42,1,211.18,6,211.16,1,211.1,1,210.78,6,211.92,3,211.95,2,211.96,1,212.07,3,212.08,1,212.11,1,212.12,1,212.13,1,212.14,1,212.15,1
2020-10-29 09:35:12,211.76,211.71,1,211.62,2,211.9,1,211.9,211.62,211.62,2,211.52,2,211.5,3,211.45,7,211.44,7,211.43,7,211.42,1,211.18,6,211.16,1,211.1,1,211.9,1,211.92,3,211.95,2,211.96,1,212.07,3,212.08,1,212.11,1,212.12,1,212.13,1,212.14,1
2020-10-29 09:35:13,211.76,211.71,1,211.62,2,211.9,1,211.9,211.62,211.62,2,211.52,2,211.5,3,211.45,7,211.44,7,211.43,7,211.42,1,211.18,6,211.16,1,211.1,1,211.9,1,211.92,3,211.95,2,211.96,1,212.07,3,212.08,1,212.11,1,212.12,1,212.13,1,212.14,1
2020-10-29 09:35:14,211.76,211.71,1,211.62,2,211.9,1,211.9,211.62,211.62,2,211.52,2,211.5,3,211.45,7,211.44,7,211.43,7,211.42,1,211.18,6,211.16,1,211.1,1,211.9,1,211.92,3,211.95,2,211.96,1,212.07,3,212.08,1,212.11,1,212.12,1,212.13,1,212.14,1
2020-10-29 09:35:15,211.76,211.71,1,211.62,2,211.9,1,211.9,211.62,211.62,2,211.52,2,211.5,3,211.45,7,211.44,7,211.43,7,211.42,1,211.18,6,211.16,1,211.1,1,211.9,1,211.92,3,211.95,2,211.96,1,212.07,3,212.08,1,212.11,1,212.12,1,212.13,1,212.14,1
2020-10-29 09:35:16,211.76,211.72,1,211.62,2,211.9,1,211.9,211.62,211.62,2,211.52,2,211.5,3,211.45,7,211.44,7,211.43,7,211.42,1,211.18,6,211.16,1,211.1,1,211.9,1,211.92,3,211.95,2,211.96,1,212.07,3,212.08,1,212.11,1,212.12,1,212.13,1,212.14,1
2020-10-29 09:35:17,211.76,211.72,1,211.62,2,211.9,1,211.9,211.62,211.62,2,211.52,2,211.5,3,211.45,7,211.44,7,211.43,7,211.42,1,211.18,6,211.16,1,211.1,1,211.9,1,211.92,3,211.95,2,211.96,1,212.07,3,212.08,1,212.11,1,212.12,1,212.13,1,212.14,1
2020-10-29 09:35:18,211.76,211.72,1,211.62,2,211.9,1,211.9,211.62,211.62,2,211.52,2,211.5,3,211.45,7,211.44,7,211.43,7,211.42,1,211.18,6,211.16,1,211.1,1,211.9,1,211.92,3,211.95,2,211.96,1,212.07,3,212.08,1,212.11,1,212.12,1,212.13,1,212.14,1
2020-10-29 09:35:19,211.76,211.72,1,211.62,2,211.9,1,211.9,211.62,211.62,2,211.52,2,211.5,3,211.45,7,211.44,7,211.43,7,211.42,1,211.18,6,211.16,1,211.1,1,211.9,1,211.92,3,211.95,2,211.96,1,212.07,3,212.08,1,212.11,1,212.12,1,212.13,1,212.14,1
2020-10-29 09:35:20,211.76,211.76,1,211.62,2,211.9,1,211.9,211.62,211.62,2,211.52,2,211.5,3,211.45,7,211.44,7,211.43,7,211.42,1,211.18,6,211.16,1,211.1,1,211.9,1,211.92,3,211.95,2,211.96,1,212.07,3,212.08,1,212.11,1,212.12,1,212.13,1,212.14,1
2020-10-29 09:35:21,211.76,211.76,1,211.62,2,211.9,1,211.9,211.62,211.62,2,211.52,2,211.5,3,211.45,7,211.44,7,211.43,7,211.42,1,211.18,6,211.16,1,211.1,1,211.9,1,211.92,3,211.95,2,211.96,1,212.07,3,212.08,1,212.11,1,212.12,1,212.13,1,212.14,1
2020-10-29 09:35:22,211.76,211.76,1,211.62,2,211.9,1,211.9,211.62,211.62,2,211.52,2,211.5,3,211.45,7,211.44,7,211.43,7,211.42,1,211.18,6,211.16,1,211.1,1,211.9,1,211.92,3,211.95,2,211.96,1,212.07,3,212.08,1,212.11,1,212.12,1,212.13,1,212.14,1
2020-10-29 09:35:23,211.76,211.76,1,211.62,2,211.9,1,211.9,211.62,211.62,2,211.52,2,211.5,3,211.45,7,211.44,7,211.43,7,211.42,1,211.18,6,211.16,1,211.1,1,211.9,1,211.92,3,211.95,2,211.96,1,212.07,3,212.08,1,212.11,1,212.12,1,212.13,1,212.14,1
2020-10-29 09:35:24,211.76,211.67,1,211.62,3,211.9,1,211.9,211.62,211.62,3,211.52,2,211.5,3,211.45,7,211.44,7,211.43,7,211.42,1,211.18,6,211.16,1,211.1,1,211.9,1,211.92,3,211.95,2,211.96,1,212.07,3,212.08,1,212.11,1,212.12,1,212.13,1,212.14,1
2020-10-29 09:35:25,211.76,211.67,1,211.62,3,211.9,1,211.9,211.62,211.62,3,211.52,2,211.5,3,211.45,7,211.44,7,211.43,7,211.42,1,211.18,6,211.16,1,211.1,1,211.9,1,211.92,3,211.95,2,211.96,1,212.07,3,212.08,1,212.11,1,212.12,1,212.13,1,212.14,1
2020-10-29 09:35:26,211.76,211.76,1,211.62,3,211.9,1,211.9,211.62,211.62,3,211.52,2,211.5,3,211.45,7,211.44,7,211.43,7,211.42,1,211.18,6,211.16,1,211.1,1,211.9,1,211.92,3,211.95,2,211.96,1,212.07,3,212.08,1,212.11,1,212.12,1,212.13,1,212.14,1
2020-10-29 09:35:27,211.665,211.51,1,211.5,3,211.83,4,211.83,211.5,211.5,3,211.45,7,211.44,7,211.43,7,211.42,1,211.18,6,211.16,1,211.1,1,210.78,6,210.77,1,211.83,4,211.84,1,211.86,1,211.9,4,211.92,3,211.95,2,211.96,1,212.07,3,212.08,1,212.11,1
2020-10-29 09:35:28,211.665,211.65,1,211.5,3,211.83,4,211.83,211.5,211.5,3,211.45,7,211.44,7,211.43,7,211.42,1,211.18,6,211.16,1,211.1,1,210.78,6,210.77,1,211.83,4,211.84,1,211.86,1,211.9,4,211.92,3,211.95,2,211.96,1,212.07,3,212.08,1,212.11,1
2020-10-29 09:35:29,211.665,211.67,3,211.5,3,211.83,5,211.83,211.5,211.5,3,211.45,7,211.44,7,211.43,7,211.42,1,211.18,6,211.16,1,211.1,1,210.78,6,210.77,1,211.83,5,211.84,1,211.86,1,211.9,4,211.92,3,211.95,2,211.96,1,212.07,3,212.08,1,212.11,1
2020-10-29 09:35:30,211.665,211.76,1,211.5,3,211.83,2,211.83,211.5,211.5,3,211.45,7,211.44,7,211.43,7,211.42,1,211.18,6,211.16,1,211.1,1,210.78,6,210.77,1,211.83,2,211.84,1,211.86,1,211.9,4,211.92,3,211.95,2,211.96,1,212.07,3,212.08,1,212.11,1
2020-10-29 09:35:31,211.665,211.67,1,211.5,4,211.83,1,211.83,211.5,211.5,4,211.45,7,211.44,7,211.43,7,211.42,1,211.18,6,211.16,1,211.1,1,210.78,6,210.77,1,211.83,1,211.84,1,211.86,1,211.9,4,211.92,3,211.95,2,211.96,1,212.07,3,212.08,1,212.11,1
2020-10-29 09:35:32,211.665,211.66,1,211.5,4,211.83,2,211.83,211.5,211.5,4,211.45,7,211.44,7,211.43,7,211.42,1,211.18,6,211.16,1,211.1,1,210.78,6,210.77,1,211.83,2,211.84,1,211.86,1,211.9,4,211.92,3,211.95,2,211.96,1,212.07,3,212.08,1,212.11,1
2020-10-29 09:35:33,211.665,211.66,1,211.5,4,211.83,2,211.83,211.5,211.5,4,211.45,7,211.44,7,211.43,7,211.42,1,211.18,6,211.16,1,211.1,1,210.78,6,210.77,1,211.83,2,211.84,1,211.86,1,211.9,4,211.92,3,211.95,2,211.96,1,212.07,3,212.08,1,212.11,1
2020-10-29 09:35:34,211.665,211.67,1,211.5,4,211.83,2,211.83,211.5,211.5,4,211.45,7,211.44,7,211.43,7,211.42,1,211.18,6,211.16,1,211.1,1,210.78,6,210.77,1,211.83,2,211.84,1,211.86,1,211.9,4,211.92,3,211.95,2,211.96,1,212.07,3,212.08,1,212.11,1
2020-10-29 09:35:35,211.665,211.67,1,211.5,4,211.83,2,211.83,211.5,211.5,4,211.45,7,211.44,7,211.43,7,211.42,1,211.18,6,211.16,1,211.1,1,210.78,6,210.77,1,211.83,2,211.84,1,211.86,1,211.9,4,211.92,3,211.95,2,211.96,1,212.07,3,212.08,1,212.11,1
2020-10-29 09:35:36,211.665,211.67,1,211.5,4,211.83,2,211.83,211.5,211.5,4,211.45,7,211.44,7,211.43,7,211.42,1,211.18,6,211.16,1,211.1,1,210.78,6,210.77,1,211.83,2,211.84,1,211.86,1,211.9,4,211.92,3,211.95,2,211.96,1,212.07,3,212.08,1,212.11,1
2020-10-29 09:35:37,211.665,211.57,1,211.5,4,211.83,2,211.83,211.5,211.5,4,211.45,7,211.44,7,211.43,7,211.42,1,211.18,6,211.16,1,211.1,1,210.78,6,210.77,1,211.83,2,211.84,1,211.86,1,211.9,4,211.92,3,211.95,2,211.96,1,212.07,3,212.08,1,212.11,1
2020-10-29 09:35:38,211.665,211.57,1,211.5,5,211.83,3,211.83,211.5,211.5,5,211.45,7,211.44,7,211.43,7,211.42,1,211.18,6,211.16,1,211.1,1,210.78,6,210.77,1,211.83,3,211.84,1,211.86,1,211.9,4,211.92,3,211.95,2,211.96,1,212.07,3,212.08,1,212.11,1
2020-10-29 09:35:39,211.665,211.67,7,211.5,5,211.83,3,211.83,211.5,211.5,5,211.45,7,211.44,7,211.43,7,211.42,1,211.18,6,211.16,1,211.1,1,210.78,6,210.77,1,211.83,3,211.84,1,211.86,1,211.9,4,211.92,3,211.95,2,211.96,1,212.07,3,212.08,1,212.11,1
2020-10-29 09:35:40,211.665,211.83,1,211.5,5,211.83,3,211.83,211.5,211.5,5,211.45,7,211.44,7,211.43,7,211.42,1,211.18,6,211.16,1,211.1,1,210.78,6,210.77,1,211.83,3,211.84,1,211.86,1,211.9,4,211.92,3,211.95,2,211.96,1,212.07,3,212.08,1,212.11,1
2020-10-29 09:35:41,211.74,211.91,1,211.53,1,211.95,3,211.95,211.53,211.53,1,211.5,5,211.45,7,211.44,7,211.43,7,211.42,1,211.18,6,211.16,1,211.1,1,210.78,6,211.95,3,211.96,1,212.07,3,212.08,1,212.11,1,212.12,1,212.13,1,212.14,1,212.15,1,212.2,3
2020-10-29 09:35:42,211.74,211.74,1,211.53,1,211.95,3,211.95,211.53,211.53,1,211.5,5,211.45,7,211.44,7,211.43,7,211.42,1,211.18,6,211.16,1,211.1,1,210.78,6,211.95,3,211.96,1,212.07,3,212.08,1,212.11,1,212.12,1,212.13,1,212.14,1,212.15,1,212.2,3
2020-10-29 09:35:43,211.74,211.74,1,211.53,1,211.95,3,211.95,211.53,211.53,1,211.5,5,211.45,7,211.44,7,211.43,7,211.42,1,211.18,6,211.16,1,211.1,1,210.78,6,211.95,3,211.96,1,212.07,3,212.08,1,212.11,1,212.12,1,212.13,1,212.14,1,212.15,1,212.2,3
2020-10-29 09:35:44,211.91,211.85,1,211.74,2,212.08,2,212.08,211.74,211.74,2,211.53,1,211.5,5,211.45,7,211.44,7,211.43,7,211.42,1,211.18,6,211.16,1,211.1,1,212.08,2,212.11,1,212.12,1,212.13,1,212.14,1,212.15,1,212.2,3,212.21,1,212.29,3,212.3,1
2020-10-29 09:35:45,212.165,212.01,1,211.94,1,212.39,2,212.39,211.94,211.94,1,211.91,1,211.74,2,211.53,1,211.5,5,211.45,7,211.44,7,211.43,7,211.42,1,211.18,6,212.39,2,212.49,1,212.5,4,212.51,4,213.02,5,213.09,2,213.1,1,213.13,1,213.43,9,213.47,7
2020-10-29 09:35:46,212.165,212.24,1,211.94,1,212.39,2,212.39,211.94,211.94,1,211.91,1,211.74,2,211.53,1,211.5,5,211.45,7,211.44,7,211.43,7,211.42,1,211.18,6,212.39,2,212.49,1,212.5,4,212.51,4,213.02,5,213.09,2,213.1,1,213.13,1,213.43,9,213.47,7
2020-10-29 09:35:47,212.165,211.94,2,211.94,1,212.39,3,212.39,211.94,211.94,1,211.91,1,211.74,2,211.53,1,211.5,5,211.45,7,211.44,7,211.43,7,211.42,1,211.18,6,212.39,3,212.49,1,212.5,4,212.51,4,213.02,5,213.09,2,213.1,1,213.13,1,213.43,9,213.47,7
2020-10-29 09:35:48,212.165,211.94,2,211.94,1,212.39,3,212.39,211.94,211.94,1,211.91,1,211.74,2,211.53,1,211.5,5,211.45,7,211.44,7,211.43,7,211.42,1,211.18,6,212.39,3,212.49,1,212.5,4,212.51,4,213.02,5,213.09,2,213.1,1,213.13,1,213.43,9,213.47,7
2020-10-29 09:35:49,212.165,211.94,2,211.94,1,212.39,3,212.39,211.94,211.94,1,211.91,1,211.74,2,211.53,1,211.5,5,211.45,7,211.44,7,211.43,7,211.42,1,211.18,6,212.39,3,212.49,1,212.5,4,212.51,4,213.02,5,213.09,2,213.1,1,213.13,1,213.43,9,213.47,7
2020-10-29 09:35:50,212.165,211.94,2,211.94,1,212.39,3,212.39,211.94,211.94,1,211.91,1,211.74,2,211.53,1,211.5,5,211.45,7,211.44,7,211.43,7,211.42,1,211.18,6,212.39,3,212.49,1,212.5,4,212.51,4,213.02,5,213.09,2,213.1,1,213.13,1,213.43,9,213.47,7
2020-10-29 09:35:51,212.155,212.35,1,211.94,1,212.37,1,212.37,211.94,211.94,1,211.91,1,211.74,2,211.53,1,211.5,5,211.45,7,211.44,7,211.43,7,211.42,1,211.18,6,212.37,1,212.39,3,212.49,1,212.5,4,212.51,4,213.02,5,213.09,2,213.1,1,213.13,1,213.43,9
2020-10-29 09:35:52,211.96,211.96,1,211.75,1,212.17,1,212.17,211.75,211.75,1,211.74,3,211.53,1,211.5,5,211.45,7,211.44,7,211.43,7,211.42,1,211.18,6,211.16,1,212.17,1,212.28,1,212.3,1,212.37,1,212.39,3,212.49,1,212.5,4,212.51,4,213.02,5,213.09,2
2020-10-29 09:35:53,212.015,212.02,1,211.75,1,212.28,1,212.28,211.75,211.75,1,211.74,3,211.53,1,211.5,5,211.45,7,211.44,7,211.43,7,211.42,1,211.18,6,211.16,1,212.28,1,212.3,1,212.37,1,212.39,3,212.49,1,212.5,4,212.51,4,213.02,5,213.09,2,213.1,1
2020-10-29 09:35:54,212.015,212.08,1,211.75,1,212.28,1,212.28,211.75,211.75,1,211.74,3,211.53,1,211.5,5,211.45,7,211.44,7,211.43,7,211.42,1,211.18,6,211.16,1,212.28,1,212.3,1,212.37,1,212.39,3,212.49,1,212.5,4,212.51,4,213.02,5,213.09,2,213.1,1
2020-10-29 09:35:55,212.015,212.08,1,211.75,1,212.28,1,212.28,211.75,211.75,1,211.74,3,211.53,1,211.5,5,211.45,7,211.44,7,211.43,7,211.42,1,211.18,6,211.16,1,212.28,1,212.3,1,212.37,1,212.39,3,212.49,1,212.5,4,212.51,4,213.02,5,213.09,2,213.1,1
2020-10-29 09:35:56,212.015,212.08,1,211.75,2,212.28,1,212.28,211.75,211.75,2,211.74,3,211.53,1,211.5,5,211.45,7,211.44,7,211.43,7,211.42,1,211.18,6,211.16,1,212.28,1,212.3,1,212.37,1,212.39,3,212.49,1,212.5,4,212.51,4,213.02,5,213.09,2,213.1,1
2020-10-29 09:35:57,212.015,212.08,1,211.75,2,212.28,4,212.28,211.75,211.75,2,211.74,3,211.53,1,211.5,5,211.45,7,211.44,7,211.43,7,211.42,1,211.18,6,211.16,1,212.28,4,212.3,1,212.37,1,212.39,3,212.49,1,212.5,4,212.51,4,213.02,5,213.09,2,213.1,1
2020-10-29 09:35:58,211.985,212.0,1,211.75,3,212.22,1,212.22,211.75,211.75,3,211.74,3,211.53,1,211.5,5,211.45,7,211.44,7,211.43,7,211.42,1,211.18,6,211.16,1,212.22,1,212.28,1,212.37,1,212.39,3,212.49,1,212.5,4,212.51,4,213.02,5,213.09,2,213.1,1
2020-10-29 09:35:59,211.985,212.08,1,211.75,3,212.22,1,212.22,211.75,211.75,3,211.74,3,211.53,1,211.5,5,211.45,7,211.44,7,211.43,7,211.42,1,211.18,6,211.16,1,212.22,1,212.28,1,212.37,1,212.39,3,212.49,1,212.5,4,212.51,4,213.02,5,213.09,2,213.1,1
2020-10-29 09:36:00,211.985,211.99,1,211.75,3,212.22,1,212.22,211.75,211.75,3,211.74,3,211.53,1,211.5,5,211.45,7,211.44,7,211.43,7,211.42,1,211.18,6,211.16,1,212.22,1,212.28,1,212.37,1,212.39,3,212.49,1,212.5,4,212.51,4,213.02,5,213.09,2,213.1,1
2020-10-29 09:36:01,211.985,211.99,1,211.75,3,212.22,2,212.22,211.75,211.75,3,211.74,3,211.53,1,211.5,5,211.45,7,211.44,7,211.43,7,211.42,1,211.18,6,211.16,1,212.22,2,212.28,1,212.37,1,212.39,3,212.49,1,212.5,4,212.51,4,213.02,5,213.09,2,213.1,1
2020-10-29 09:36:02,212.24,212.12,2,212.11,1,212.37,1,212.37,212.11,212.11,1,212.0,15,211.75,3,211.74,3,211.53,1,211.5,5,211.45,7,211.44,7,211.43,7,211.42,1,212.37,1,212.39,3,212.49,1,212.5,4,212.51,4,213.02,5,213.09,2,213.1,1,213.13,1,213.43,9
2020-10-29 09:36:03,212.51,212.37,1,212.4,2,212.62,1,212.62,212.4,212.4,2,212.11,1,212.0,15,211.75,3,211.74,3,211.53,1,211.5,5,211.45,7,211.44,7,211.43,7,212.62,1,213.02,5,213.09,2,213.1,1,213.13,1,213.43,9,213.47,7,213.54,2,213.55,4,213.66,3
2020-10-29 09:36:04,212.365,212.11,4,212.11,1,212.62,2,212.62,212.11,212.11,1,212.03,1,212.0,15,211.75,3,211.74,3,211.53,1,211.5,5,211.45,7,211.44,7,211.43,7,212.62,2,213.02,5,213.09,2,213.1,1,213.13,1,213.43,9,213.47,7,213.54,2,213.55,4,213.66,3
2020-10-29 09:36:05,212.365,212.54,1,212.11,1,212.62,2,212.62,212.11,212.11,1,212.03,1,212.0,15,211.75,3,211.74,3,211.53,1,211.5,5,211.45,7,211.44,7,211.43,7,212.62,2,213.02,5,213.09,2,213.1,1,213.13,1,213.43,9,213.47,7,213.54,2,213.55,4,213.66,3
2020-10-29 09:36:06,212.305,212.08,2,212.0,16,212.61,3,212.61,212.0,212.0,16,211.75,3,211.74,3,211.53,1,211.5,5,211.45,7,211.44,7,211.43,7,211.42,1,211.18,6,212.61,3,212.62,2,213.02,5,213.09,2,213.1,1,213.13,1,213.43,9,213.47,7,213.54,2,213.55,4
2020-10-29 09:36:07,212.305,212.31,1,212.0,14,212.61,1,212.61,212.0,212.0,14,211.75,3,211.74,3,211.53,1,211.5,5,211.45,7,211.44,7,211.43,7,211.42,1,211.18,6,212.61,1,212.62,2,213.02,5,213.09,2,213.1,1,213.13,1,213.43,9,213.47,7,213.54,2,213.55,4
2020-10-29 09:36:08,212.305,212.32,1,212.0,14,212.61,1,212.61,212.0,212.0,14,211.75,3,211.74,3,211.53,1,211.5,5,211.45,7,211.44,7,211.43,7,211.42,1,211.18,6,212.61,1,212.62,2,213.02,5,213.09,2,213.1,1,213.13,1,213.43,9,213.47,7,213.54,2,213.55,4
2020-10-29 09:36:09,212.31,212.32,1,212.01,2,212.61,2,212.61,212.01,212.01,2,212.0,14,211.75,3,211.74,3,211.53,1,211.5,5,211.45,7,211.44,7,211.43,7,211.42,1,212.61,2,212.62,2,213.02,5,213.09,2,213.1,1,213.13,1,213.43,9,213.47,7,213.54,2,213.55,4
2020-10-29 09:36:10,212.31,212.28,2,212.01,2,212.61,3,212.61,212.01,212.01,2,212.0,14,211.75,3,211.74,3,211.53,1,211.5,5,211.45,7,211.44,7,211.43,7,211.42,1,212.61,3,212.62,2,213.02,5,213.09,2,213.1,1,213.13,1,213.43,9,213.47,7,213.54,2,213.55,4
2020-10-29 09:36:11,212.31,212.28,2,212.01,2,212.61,3,212.61,212.01,212.01,2,212.0,14,211.75,3,211.74,3,211.53,1,211.5,5,211.45,7,211.44,7,211.43,7,211.42,1,212.61,3,212.62,2,213.02,5,213.09,2,213.1,1,213.13,1,213.43,9,213.47,7,213.54,2,213.55,4
2020-10-29 09:36:12,212.315,212.28,2,212.01,3,212.62,1,212.62,212.01,212.01,3,212.0,14,211.75,3,211.74,3,211.53,1,211.5,5,211.45,7,211.44,7,211.43,7,211.42,1,212.62,1,213.02,5,213.09,2,213.1,1,213.13,1,213.43,9,213.47,7,213.54,2,213.55,4,213.66,3
2020-10-29 09:36:13,212.31,212.28,2,212.01,3,212.61,1,212.61,212.01,212.01,3,212.0,14,211.75,3,211.74,3,211.53,1,211.5,5,211.45,7,211.44,7,211.43,7,211.42,1,212.61,1,212.62,1,213.02,5,213.09,2,213.1,1,213.13,1,213.43,9,213.47,7,213.54,2,213.55,4
2020-10-29 09:36:14,212.31,212.28,2,212.01,3,212.61,1,212.61,212.01,212.01,3,212.0,14,211.75,3,211.74,3,211.53,1,211.5,5,211.45,7,211.44,7,211.43,7,211.42,1,212.61,1,212.62,1,213.02,5,213.09,2,213.1,1,213.13,1,213.43,9,213.47,7,213.54,2,213.55,4
2020-10-29 09:36:15,212.31,212.28,2,212.01,3,212.61,1,212.61,212.01,212.01,3,212.0,14,211.75,3,211.74,3,211.53,1,211.5,5,211.45,7,211.44,7,211.43,7,211.42,1,212.61,1,212.62,1,213.02,5,213.09,2,213.1,1,213.13,1,213.43,9,213.47,7,213.54,2,213.55,4
2020-10-29 09:36:16,212.31,212.28,2,212.01,3,212.61,1,212.61,212.01,212.01,3,212.0,14,211.75,3,211.74,3,211.53,1,211.5,5,211.45,7,211.44,7,211.43,7,211.42,1,212.61,1,212.62,1,213.02,5,213.09,2,213.1,1,213.13,1,213.43,9,213.47,7,213.54,2,213.55,4
2020-10-29 09:36:17,212.31,212.28,2,212.01,3,212.61,1,212.61,212.01,212.01,3,212.0,14,211.75,3,211.74,3,211.53,1,211.5,5,211.45,7,211.44,7,211.43,7,211.42,1,212.61,1,212.62,1,213.02,5,213.09,2,213.1,1,213.13,1,213.43,9,213.47,7,213.54,2,213.55,4
2020-10-29 09:36:18,212.31,212.28,2,212.01,3,212.61,1,212.61,212.01,212.01,3,212.0,14,211.75,3,211.74,3,211.53,1,211.5,5,211.45,7,211.44,7,211.43,7,211.42,1,212.61,1,212.62,1,213.02,5,213.09,2,213.1,1,213.13,1,213.43,9,213.47,7,213.54,2,213.55,4
2020-10-29 09:36:19,212.31,212.28,2,212.01,3,212.61,2,212.61,212.01,212.01,3,212.0,14,211.75,3,211.74,3,211.53,1,211.5,5,211.45,7,211.44,7,211.43,7,211.42,1,212.61,2,212.62,1,213.02,5,213.09,2,213.1,1,213.13,1,213.43,9,213.47,7,213.54,2,213.55,4
2020-10-29 09:36:20,212.31,212.31,1,212.01,3,212.61,2,212.61,212.01,212.01,3,212.0,14,211.75,3,211.74,3,211.53,1,211.5,5,211.45,7,211.44,7,211.43,7,211.42,1,212.61,2,212.62,1,213.02,5,213.09,2,213.1,1,213.13,1,213.43,9,213.47,7,213.54,2,213.55,4
2020-10-29 09:36:21,212.31,212.46,1,212.01,3,212.61,2,212.61,212.01,212.01,3,212.0,14,211.75,3,211.74,3,211.53,1,211.5,5,211.45,7,211.44,7,211.43,7,211.42,1,212.61,2,212.62,1,213.02,5,213.09,2,213.1,1,213.13,1,213.43,9,213.47,7,213.54,2,213.55,4
2020-10-29 09:36:22,212.31,212.31,1,212.01,4,212.61,3,212.61,212.01,212.01,4,212.0,14,211.75,3,211.74,3,211.53,1,211.5,5,211.45,7,211.44,7,211.43,7,211.42,1,212.61,3,212.62,1,213.02,5,213.09,2,213.1,1,213.13,1,213.43,9,213.47,7,213.54,2,213.55,4
2020-10-29 09:36:23,212.31,212.31,1,212.01,4,212.61,3,212.61,212.01,212.01,4,212.0,14,211.75,3,211.74,3,211.53,1,211.5,5,211.45,7,211.44,7,211.43,7,211.42,1,212.61,3,212.62,1,213.02,5,213.09,2,213.1,1,213.13,1,213.43,9,213.47,7,213.54,2,213.55,4
2020-10-29 09:36:24,212.31,212.31,1,212.01,4,212.61,3,212.61,212.01,212.01,4,212.0,14,211.75,3,211.74,3,211.53,1,211.5,5,211.45,7,211.44,7,211.43,7,211.42,1,212.61,3,212.62,1,213.02,5,213.09,2,213.1,1,213.13,1,213.43,9,213.47,7,213.54,2,213.55,4
2020-10-29 09:36:25,212.31,212.31,1,212.01,4,212.61,3,212.61,212.01,212.01,4,212.0,14,211.75,3,211.74,3,211.53,1,211.5,5,211.45,7,211.44,7,211.43,7,211.42,1,212.61,3,212.62,1,213.02,5,213.09,2,213.1,1,213.13,1,213.43,9,213.47,7,213.54,2,213.55,4
2020-10-29 09:36:26,212.315,212.32,1,212.02,6,212.61,3,212.61,212.02,212.02,6,212.01,4,212.0,14,211.75,3,211.74,3,211.53,1,211.5,5,211.45,7,211.44,7,211.43,7,212.61,3,212.62,1,213.02,5,213.09,2,213.1,1,213.13,1,213.43,9,213.47,7,213.54,2,213.55,4
2020-10-29 09:36:27,212.32,212.46,1,212.03,2,212.61,3,212.61,212.03,212.03,2,212.02,6,212.01,4,212.0,14,211.75,3,211.74,3,211.53,1,211.5,5,211.45,7,211.44,7,212.61,3,212.62,1,213.02,5,213.09,2,213.1,1,213.13,1,213.43,9,213.47,7,213.54,2,213.55,4
2020-10-29 09:36:28,212.33,212.46,1,212.05,6,212.61,4,212.61,212.05,212.05,6,212.04,3,212.03,2,212.02,6,212.01,4,212.0,14,211.75,3,211.74,3,211.53,1,211.5,5,212.61,4,212.62,1,213.02,5,213.09,2,213.1,1,213.13,1,213.43,9,213.47,7,213.54,2,213.55,4
2020-10-29 09:36:29,212.33,212.33,1,212.05,6,212.61,4,212.61,212.05,212.05,6,212.04,3,212.03,2,212.02,6,212.01,4,212.0,14,211.75,3,211.74,3,211.53,1,211.5,5,212.61,4,212.62,1,213.02,5,213.09,2,213.1,1,213.13,1,213.43,9,213.47,7,213.54,2,213.55,4
2020-10-29 09:36:30,212.33,212.33,1,212.05,6,212.61,4,212.61,212.05,212.05,6,212.04,3,212.03,2,212.02,6,212.01,4,212.0,14,211.75,3,211.74,3,211.53,1,211.5,5,212.61,4,212.62,1,213.02,5,213.09,2,213.1,1,213.13,1,213.43,9,213.47,7,213.54,2,213.55,4
2020-10-29 09:36:31,212.33,212.33,1,212.05,6,212.61,4,212.61,212.05,212.05,6,212.04,3,212.03,2,212.02,6,212.01,4,212.0,14,211.75,3,211.74,3,211.53,1,211.5,5,212.61,4,212.62,1,213.02,5,213.09,2,213.1,1,213.13,1,213.43,9,213.47,7,213.54,2,213.55,4
2020-10-29 09:36:32,212.33,212.33,1,212.05,8,212.61,4,212.61,212.05,212.05,8,212.04,3,212.03,2,212.02,6,212.01,4,212.0,14,211.75,3,211.74,3,211.53,1,211.5,5,212.61,4,212.62,1,213.02,5,213.09,2,213.1,1,213.13,1,213.43,9,213.47,7,213.54,2,213.55,4
2020-10-29 09:36:33,212.335,212.61,1,212.06,6,212.61,4,212.61,212.06,212.06,6,212.05,8,212.04,3,212.03,2,212.02,6,212.01,4,212.0,14,211.75,3,211.74,3,211.53,1,212.61,4,212.62,1,213.02,5,213.09,2,213.1,1,213.13,1,213.43,9,213.47,7,213.54,2,213.55,4
2020-10-29 09:36:34,212.335,212.61,1,212.06,6,212.61,4,212.61,212.06,212.06,6,212.05,8,212.04,3,212.03,2,212.02,6,212.01,4,212.0,14,211.75,3,211.74,3,211.53,1,212.61,4,212.62,1,213.02,5,213.09,2,213.1,1,213.13,1,213.43,9,213.47,7,213.54,2,213.55,4
2020-10-29 09:36:35,212.335,212.61,1,212.06,6,212.61,4,212.61,212.06,212.06,6,212.05,8,212.04,3,212.03,2,212.02,6,212.01,4,212.0,14,211.75,3,211.74,3,211.53,1,212.61,4,212.62,1,213.02,5,213.09,2,213.1,1,213.13,1,213.43,9,213.47,7,213.54,2,213.55,4
2020-10-29 09:36:36,212.335,212.34,1,212.06,7,212.61,4,212.61,212.06,212.06,7,212.05,8,212.04,3,212.03,2,212.02,6,212.01,4,212.0,14,211.75,3,211.74,3,211.53,1,212.61,4,212.62,1,213.02,5,213.09,2,213.1,1,213.13,1,213.43,9,213.47,7,213.54,2,213.55,4
2020-10-29 09:36:37,212.34,212.34,1,212.07,6,212.61,4,212.61,212.07,212.07,6,212.06,7,212.05,8,212.04,3,212.03,2,212.02,6,212.01,4,212.0,14,211.75,3,211.74,3,212.61,4,212.62,1,213.02,5,213.09,2,213.1,1,213.13,1,213.43,9,213.47,7,213.54,2,213.55,4
2020-10-29 09:36:38,212.34,212.34,1,212.07,7,212.61,4,212.61,212.07,212.07,7,212.06,7,212.05,8,212.04,3,212.03,2,212.02,6,212.01,4,212.0,14,211.75,3,211.74,3,212.61,4,212.62,1,213.02,5,213.09,2,213.1,1,213.13,1,213.43,9,213.47,7,213.54,2,213.55,4
2020-10-29 09:36:39,212.605,212.78,1,212.21,3,213.0,1,213.0,212.21,212.21,3,212.08,6,212.07,7,212.06,7,212.05,8,212.04,3,212.03,2,212.02,6,212.01,4,212.0,14,213.0,1,213.02,5,213.09,2,213.1,1,213.13,1,213.43,9,213.47,7,213.54,2,213.55,4,213.66,3
2020-10-29 09:36:40,212.535,212.78,1,212.21,3,212.86,1,212.86,212.21,212.21,3,212.08,6,212.07,7,212.06,7,212.05,8,212.04,3,212.03,2,212.02,6,212.01,4,212.0,14,212.86,1,213.0,1,213.02,5,213.09,2,213.1,1,213.13,1,213.43,9,213.47,7,213.54,2,213.55,4
2020-10-29 09:36:41,212.605,212.84,1,212.21,3,213.0,1,213.0,212.21,212.21,3,212.08,6,212.07,7,212.06,7,212.05,8,212.04,3,212.03,2,212.02,6,212.01,4,212.0,14,213.0,1,213.02,5,213.09,2,213.1,1,213.13,1,213.43,9,213.47,7,213.54,2,213.55,4,213.66,3
