sim_time,mid_price,last_price,last_size,best_bid_price,best_bid_size,best_ask_price,best_ask_size,close_price_buy,close_price_sell,bid1_price,bid1_size,bid2_price,bid2_size,bid3_price,bid3_size,bid4_price,bid4_size,bid5_price,bid5_size,bid6_price,bid6_size,bid7_price,bid7_size,bid8_price,bid8_size,bid9_price,bid9_size,bid10_price,bid10_size,ask1_price,ask1_size,ask2_price,ask2_size,ask3_price,ask3_size,ask4_price,ask4_size,ask5_price,ask5_size,ask6_price,ask6_size,ask7_price,ask7_size,ask8_price,ask8_size,ask9_price,ask9_size,ask10_price,ask10_size
2026-02-05 09:30:17,366.41,0.0,0,365.87,200,366.95,40,366.95,365.87,365.87,200,365.53,280,365.25,400,,,,,,,,,,,,,,,366.95,40,367.28,40,367.47,40,368.0,2880,,,,,,,,,,,,
2026-02-05 09:30:18,366.41,0.0,0,365.87,200,366.95,40,366.95,365.87,365.87,200,365.53,280,365.25,400,,,,,,,,,,,,,,,366.95,40,367.28,40,367.47,40,368.0,2880,,,,,,,,,,,,
2026-02-05 09:30:19,366.415,0.0,0,365.88,40,366.95,120,366.95,365.88,365.88,40,365.87,200,365.53,280,365.25,400,,,,,,,,,,,,,366.95,120,367.28,40,367.47,40,368.0,2880,,,,,,,,,,,,
2026-02-05 09:30:21,366.415,366.42,3,365.88,40,366.95,120,366.95,365.88,365.88,40,365.87,200,365.53,280,365.25,400,,,,,,,,,,,,,366.95,120,367.28,40,367.47,40,368.0,2880,,,,,,,,,,,,
2026-02-05 09:30:22,366.415,366.42,3,365.88,40,366.95,200,366.95,365.88,365.88,40,365.87,200,365.53,280,365.25,400,,,,,,,,,,,,,366.95,200,367.28,40,367.47,40,368.0,2880,,,,,,,,,,,,
2026-02-05 09:30:22,366.415,366.42,3,365.88,280,366.95,200,366.95,365.88,365.88,280,365.87,200,365.53,280,365.25,400,,,,,,,,,,,,,366.95,200,367.28,40,367.47,40,368.0,2880,,,,,,,,,,,,
2026-02-05 09:30:24,366.415,366.42,3,365.88,280,366.95,200,366.95,365.88,365.88,280,365.87,200,365.53,280,365.25,400,,,,,,,,,,,,,366.95,200,367.28,40,367.47,40,368.0,2880,,,,,,,,,,,,
2026-02-05 09:30:25,366.415,366.42,3,365.88,280,366.95,200,366.95,365.88,365.88,280,365.87,200,365.53,280,365.25,400,,,,,,,,,,,,,366.95,200,367.28,40,367.47,40,368.0,2880,,,,,,,,,,,,
2026-02-05 09:30:26,366.415,366.42,3,365.88,280,366.95,200,366.95,365.88,365.88,280,365.87,200,365.53,280,365.25,400,,,,,,,,,,,,,366.95,200,367.28,40,367.47,40,368.0,2880,,,,,,,,,,,,
2026-02-05 09:30:27,366.415,366.42,3,365.88,280,366.95,200,366.95,365.88,365.88,280,365.87,200,365.53,280,365.25,400,,,,,,,,,,,,,366.95,200,367.28,40,367.47,40,368.0,2880,,,,,,,,,,,,
2026-02-05 09:30:28,366.415,366.42,3,365.88,280,366.95,200,366.95,365.88,365.88,280,365.87,200,365.53,280,365.25,400,,,,,,,,,,,,,366.95,200,367.28,40,367.47,40,368.0,2880,,,,,,,,,,,,
2026-02-05 09:30:29,366.415,366.42,3,365.88,240,366.95,200,366.95,365.88,365.88,240,365.87,200,365.53,280,365.25,400,,,,,,,,,,,,,366.95,200,367.28,40,367.47,40,368.0,2880,,,,,,,,,,,,
2026-02-05 09:30:30,366.415,366.42,3,365.88,240,366.95,200,366.95,365.88,365.88,240,365.87,200,365.53,280,365.25,400,,,,,,,,,,,,,366.95,200,367.28,40,367.47,40,368.0,2880,,,,,,,,,,,,
2026-02-05 09:30:31,366.415,366.42,3,365.88,240,366.95,200,366.95,365.88,365.88,240,365.87,200,365.53,280,365.25,400,,,,,,,,,,,,,366.95,200,367.28,40,367.47,40,368.0,2880,,,,,,,,,,,,
2026-02-05 09:30:32,366.415,366.38,1,365.88,240,366.95,200,366.95,365.88,365.88,240,365.87,200,365.53,280,365.25,400,,,,,,,,,,,,,366.95,200,367.28,40,367.47,40,368.0,2880,,,,,,,,,,,,
2026-02-05 09:30:33,366.415,366.38,1,365.88,240,366.95,200,366.95,365.88,365.88,240,365.87,200,365.53,280,365.25,400,,,,,,,,,,,,,366.95,200,367.28,40,367.47,40,368.0,2880,,,,,,,,,,,,
2026-02-05 09:30:34,366.415,366.38,1,365.88,280,366.95,200,366.95,365.88,365.88,280,365.87,200,365.53,280,365.25,400,,,,,,,,,,,,,366.95,200,367.28,40,367.47,40,368.0,2880,,,,,,,,,,,,
2026-02-05 09:30:35,366.415,366.38,1,365.88,280,366.95,200,366.95,365.88,365.88,280,365.87,200,365.53,280,365.25,400,,,,,,,,,,,,,366.95,200,367.28,40,367.47,40,368.0,2880,,,,,,,,,,,,
2026-02-05 09:30:36,366.415,366.38,1,365.88,360,366.95,200,366.95,365.88,365.88,360,365.87,200,365.53,280,365.25,400,,,,,,,,,,,,,366.95,200,367.28,40,367.47,40,368.0,2880,,,,,,,,,,,,
2026-02-05 09:30:37,366.415,366.38,1,365.88,360,366.95,200,366.95,365.88,365.88,360,365.87,200,365.53,280,365.25,400,,,,,,,,,,,,,366.95,200,367.28,40,367.47,40,368.0,2880,,,,,,,,,,,,
2026-02-05 09:30:38,366.415,366.38,1,365.88,360,366.95,200,366.95,365.88,365.88,360,365.87,200,365.53,280,365.25,400,,,,,,,,,,,,,366.95,200,367.28,40,367.47,40,368.0,2880,,,,,,,,,,,,
2026-02-05 09:30:39,366.415,366.38,1,365.88,360,366.95,200,366.95,365.88,365.88,360,365.87,200,365.53,280,365.25,400,,,,,,,,,,,,,366.95,200,367.28,40,367.47,40,368.0,2880,,,,,,,,,,,,
2026-02-05 09:30:40,366.415,366.38,1,365.88,360,366.95,200,366.95,365.88,365.88,360,365.87,200,365.53,280,365.25,400,,,,,,,,,,,,,366.95,200,367.28,40,367.47,40,368.0,2880,,,,,,,,,,,,
2026-02-05 09:30:41,366.415,366.38,1,365.88,360,366.95,240,366.95,365.88,365.88,360,365.87,200,365.53,280,365.25,400,,,,,,,,,,,,,366.95,240,367.28,40,367.47,40,368.0,2880,,,,,,,,,,,,
2026-02-05 09:30:41,366.415,366.38,1,365.88,360,366.95,240,366.95,365.88,365.88,360,365.87,200,365.53,280,365.25,400,,,,,,,,,,,,,366.95,240,367.28,40,367.47,40,368.0,2880,,,,,,,,,,,,
2026-02-05 09:30:43,366.415,366.38,1,365.88,360,366.95,240,366.95,365.88,365.88,360,365.87,200,365.53,280,365.25,400,,,,,,,,,,,,,366.95,240,367.28,40,367.47,40,368.0,2880,,,,,,,,,,,,
2026-02-05 09:30:44,366.415,366.38,1,365.88,360,366.95,240,366.95,365.88,365.88,360,365.87,200,365.53,280,365.25,400,,,,,,,,,,,,,366.95,240,367.28,40,367.47,40,368.0,2880,,,,,,,,,,,,
2026-02-05 09:30:45,366.415,366.38,1,365.88,360,366.95,240,366.95,365.88,365.88,360,365.87,200,365.53,280,365.25,400,,,,,,,,,,,,,366.95,240,367.28,40,367.47,40,368.0,2880,,,,,,,,,,,,
2026-02-05 09:30:46,366.415,366.38,1,365.88,360,366.95,240,366.95,365.88,365.88,360,365.87,200,365.53,280,365.25,400,,,,,,,,,,,,,366.95,240,367.28,40,367.47,40,368.0,2880,,,,,,,,,,,,
2026-02-05 09:30:47,366.415,366.38,1,365.88,360,366.95,240,366.95,365.88,365.88,360,365.87,200,365.53,280,365.25,400,,,,,,,,,,,,,366.95,240,367.28,40,367.47,40,368.0,2880,,,,,,,,,,,,
2026-02-05 09:30:48,366.425,366.44,1,365.9,40,366.95,240,366.95,365.9,365.9,40,365.88,360,365.87,200,365.53,280,365.25,400,,,,,,,,,,,366.95,240,367.28,40,367.47,40,368.0,2880,,,,,,,,,,,,
2026-02-05 09:30:48,366.425,366.44,1,365.9,40,366.95,240,366.95,365.9,365.9,40,365.88,360,365.87,200,365.53,280,365.25,400,,,,,,,,,,,366.95,240,367.28,40,367.47,40,368.0,2880,,,,,,,,,,,,
2026-02-05 09:30:50,366.425,366.44,1,365.9,40,366.95,240,366.95,365.9,365.9,40,365.88,360,365.87,200,365.53,280,365.25,400,,,,,,,,,,,366.95,240,367.28,40,367.47,40,368.0,2880,,,,,,,,,,,,
2026-02-05 09:30:51,366.425,366.44,1,365.9,40,366.95,240,366.95,365.9,365.9,40,365.88,360,365.87,200,365.53,280,365.25,400,,,,,,,,,,,366.95,240,367.28,40,367.47,40,368.0,2880,,,,,,,,,,,,
2026-02-05 09:30:52,366.425,366.44,1,365.9,40,366.95,240,366.95,365.9,365.9,40,365.88,360,365.87,200,365.53,280,365.25,400,,,,,,,,,,,366.95,240,367.28,40,367.47,40,368.0,2880,,,,,,,,,,,,
2026-02-05 09:30:53,366.425,366.44,1,365.9,120,366.95,240,366.95,365.9,365.9,120,365.88,360,365.87,200,365.53,280,365.25,400,,,,,,,,,,,366.95,240,367.28,40,367.47,40,368.0,2880,,,,,,,,,,,,
2026-02-05 09:30:54,366.425,366.44,1,365.9,120,366.95,240,366.95,365.9,365.9,120,365.88,360,365.87,200,365.53,280,365.25,400,,,,,,,,,,,366.95,240,367.28,40,367.47,40,368.0,2880,,,,,,,,,,,,
2026-02-05 09:30:55,366.425,366.44,1,365.9,120,366.95,240,366.95,365.9,365.9,120,365.88,360,365.87,200,365.53,280,365.25,400,,,,,,,,,,,366.95,240,367.28,40,367.47,40,368.0,2880,,,,,,,,,,,,
2026-02-05 09:30:56,366.425,366.44,1,365.9,120,366.95,240,366.95,365.9,365.9,120,365.88,360,365.87,200,365.53,280,365.25,400,,,,,,,,,,,366.95,240,367.28,40,367.47,40,368.0,2880,,,,,,,,,,,,
2026-02-05 09:30:57,366.425,366.44,1,365.9,120,366.95,240,366.95,365.9,365.9,120,365.88,360,365.87,200,365.53,280,365.25,400,,,,,,,,,,,366.95,240,367.28,40,367.47,40,368.0,2880,,,,,,,,,,,,
2026-02-05 09:30:58,366.425,366.44,1,365.9,120,366.95,240,366.95,365.9,365.9,120,365.88,360,365.87,200,365.53,280,365.25,400,,,,,,,,,,,366.95,240,367.28,40,367.47,40,368.0,2880,,,,,,,,,,,,
2026-02-05 09:30:59,366.425,366.44,1,365.9,120,366.95,240,366.95,365.9,365.9,120,365.88,360,365.87,200,365.53,280,365.25,400,,,,,,,,,,,366.95,240,367.28,40,367.47,40,368.0,2880,,,,,,,,,,,,
2026-02-05 09:31:00,366.425,366.44,1,365.9,120,366.95,240,366.95,365.9,365.9,120,365.88,360,365.87,200,365.53,280,365.25,400,,,,,,,,,,,366.95,240,367.28,40,367.47,40,368.0,2880,,,,,,,,,,,,
2026-02-05 09:31:01,366.42,366.42,1,365.9,120,366.94,200,366.94,365.9,365.9,120,365.88,360,365.87,200,365.53,280,365.25,400,,,,,,,,,,,366.94,200,366.95,280,367.28,40,367.47,40,368.0,2880,,,,,,,,,,
2026-02-05 09:31:02,366.42,366.42,1,365.9,120,366.94,200,366.94,365.9,365.9,120,365.88,360,365.87,200,365.53,280,365.25,400,,,,,,,,,,,366.94,200,366.95,280,367.28,40,367.47,40,368.0,2880,,,,,,,,,,
2026-02-05 09:31:03,366.42,366.42,1,365.9,120,366.94,200,366.94,365.9,365.9,120,365.88,360,365.87,200,365.53,280,365.25,400,,,,,,,,,,,366.94,200,366.95,280,367.28,40,367.47,40,368.0,2880,,,,,,,,,,
2026-02-05 09:31:04,366.42,366.42,1,365.9,120,366.94,200,366.94,365.9,365.9,120,365.88,360,365.87,200,365.53,280,365.25,400,,,,,,,,,,,366.94,200,366.95,280,367.28,40,367.47,40,368.0,2880,,,,,,,,,,
2026-02-05 09:31:05,366.42,366.42,1,365.9,120,366.94,200,366.94,365.9,365.9,120,365.88,360,365.87,200,365.53,280,365.25,400,,,,,,,,,,,366.94,200,366.95,280,367.28,40,367.47,40,368.0,2880,,,,,,,,,,
2026-02-05 09:31:06,366.41,366.16,1,365.88,360,366.94,200,366.94,365.88,365.88,360,365.87,200,365.53,280,365.25,400,,,,,,,,,,,,,366.94,200,366.95,280,367.28,40,367.47,40,368.0,2880,,,,,,,,,,
2026-02-05 09:31:07,366.41,366.16,1,365.88,360,366.94,200,366.94,365.88,365.88,360,365.87,200,365.53,280,365.25,400,,,,,,,,,,,,,366.94,200,366.95,280,367.28,40,367.47,40,368.0,2880,,,,,,,,,,
2026-02-05 09:31:08,366.41,366.16,1,365.88,360,366.94,200,366.94,365.88,365.88,360,365.87,200,365.53,280,365.25,400,,,,,,,,,,,,,366.94,200,366.95,280,367.28,40,367.47,40,368.0,2880,,,,,,,,,,
2026-02-05 09:31:09,366.41,366.16,1,365.88,360,366.94,200,366.94,365.88,365.88,360,365.87,200,365.53,280,365.25,400,,,,,,,,,,,,,366.94,200,366.95,280,367.28,40,367.47,40,368.0,2880,,,,,,,,,,
2026-02-05 09:31:10,366.41,366.16,1,365.88,360,366.94,200,366.94,365.88,365.88,360,365.87,200,365.53,280,365.25,400,,,,,,,,,,,,,366.94,200,366.95,280,367.28,40,367.47,40,368.0,2880,,,,,,,,,,
2026-02-05 09:31:11,366.41,366.41,1,365.88,360,366.94,200,366.94,365.88,365.88,360,365.87,200,365.53,280,365.25,400,,,,,,,,,,,,,366.94,200,366.95,280,367.28,40,367.47,40,368.0,2880,,,,,,,,,,
2026-02-05 09:31:12,366.41,366.41,1,365.88,360,366.94,200,366.94,365.88,365.88,360,365.87,200,365.53,280,365.25,400,,,,,,,,,,,,,366.94,200,366.95,280,367.28,40,367.47,40,368.0,2880,,,,,,,,,,
2026-02-05 09:31:13,366.28,366.28,2,365.82,40,366.74,160,366.74,365.82,365.82,40,365.53,280,365.25,400,,,,,,,,,,,,,,,366.74,160,366.94,200,366.95,280,367.28,40,367.47,40,368.0,2880,,,,,,,,
2026-02-05 09:31:14,367.37,366.56,1,366.74,120,368.0,2840,368.0,366.74,366.74,120,366.73,80,365.83,200,365.82,40,365.53,280,365.25,400,,,,,,,,,368.0,2840,,,,,,,,,,,,,,,,,,
2026-02-05 09:31:15,367.315,366.56,1,366.74,120,367.89,200,367.89,366.74,366.74,120,366.73,80,365.83,200,365.82,40,365.53,280,365.25,400,,,,,,,,,367.89,200,368.0,3160,,,,,,,,,,,,,,,,
2026-02-05 09:31:16,367.315,366.56,1,366.74,80,367.89,520,367.89,366.74,366.74,80,366.73,80,365.83,200,365.82,40,365.53,280,365.25,400,,,,,,,,,367.89,520,368.0,3160,,,,,,,,,,,,,,,,
2026-02-05 09:31:17,367.315,366.56,1,366.74,80,367.89,520,367.89,366.74,366.74,80,366.73,80,365.83,200,365.82,40,365.53,280,365.25,400,,,,,,,,,367.89,520,368.0,3160,,,,,,,,,,,,,,,,
2026-02-05 09:31:18,367.315,366.56,1,366.74,80,367.89,520,367.89,366.74,366.74,80,366.73,80,365.83,200,365.82,40,365.53,280,365.25,400,,,,,,,,,367.89,520,368.0,3160,,,,,,,,,,,,,,,,
2026-02-05 09:31:19,367.315,366.56,1,366.74,80,367.89,520,367.89,366.74,366.74,80,366.73,80,365.83,200,365.82,40,365.53,280,365.25,400,,,,,,,,,367.89,520,368.0,3160,,,,,,,,,,,,,,,,
2026-02-05 09:31:20,367.315,366.56,1,366.74,80,367.89,560,367.89,366.74,366.74,80,366.73,80,365.83,200,365.82,40,365.53,280,365.25,400,,,,,,,,,367.89,560,368.0,3160,,,,,,,,,,,,,,,,
2026-02-05 09:31:21,367.315,366.56,1,366.74,80,367.89,560,367.89,366.74,366.74,80,366.73,80,365.83,200,365.82,40,365.53,280,365.25,400,,,,,,,,,367.89,560,368.0,3160,,,,,,,,,,,,,,,,
2026-02-05 09:31:22,367.315,366.56,1,366.74,80,367.89,560,367.89,366.74,366.74,80,366.73,80,365.83,200,365.82,40,365.53,280,365.25,400,,,,,,,,,367.89,560,368.0,3160,,,,,,,,,,,,,,,,
2026-02-05 09:31:23,367.315,366.56,1,366.74,80,367.89,560,367.89,366.74,366.74,80,366.73,80,365.83,200,365.82,40,365.53,280,365.25,400,,,,,,,,,367.89,560,368.0,3160,,,,,,,,,,,,,,,,
2026-02-05 09:31:24,367.315,366.56,1,366.74,200,367.89,560,367.89,366.74,366.74,200,366.73,80,365.83,200,365.82,40,365.53,280,365.25,400,,,,,,,,,367.89,560,368.0,3160,,,,,,,,,,,,,,,,
2026-02-05 09:31:25,367.315,366.56,1,366.74,200,367.89,560,367.89,366.74,366.74,200,366.73,80,365.83,200,365.82,40,365.53,280,365.25,400,,,,,,,,,367.89,560,368.0,3160,,,,,,,,,,,,,,,,
2026-02-05 09:31:26,367.315,366.56,1,366.74,200,367.89,560,367.89,366.74,366.74,200,366.73,80,365.83,200,365.82,40,365.53,280,365.25,400,,,,,,,,,367.89,560,368.0,3160,,,,,,,,,,,,,,,,
2026-02-05 09:31:27,367.315,366.56,1,366.74,200,367.89,560,367.89,366.74,366.74,200,366.73,80,365.83,200,365.82,40,365.53,280,365.25,400,,,,,,,,,367.89,560,368.0,3160,,,,,,,,,,,,,,,,
2026-02-05 09:31:28,367.315,366.56,1,366.74,200,367.89,560,367.89,366.74,366.74,200,366.73,80,365.83,200,365.82,40,365.53,280,365.25,400,,,,,,,,,367.89,560,368.0,3160,,,,,,,,,,,,,,,,
2026-02-05 09:31:29,367.315,366.56,1,366.74,200,367.89,560,367.89,366.74,366.74,200,366.73,80,365.83,200,365.82,40,365.53,280,365.25,400,,,,,,,,,367.89,560,368.0,3160,,,,,,,,,,,,,,,,
2026-02-05 09:31:30,367.315,366.56,1,366.74,200,367.89,560,367.89,366.74,366.74,200,366.73,80,365.83,200,365.82,40,365.53,280,365.25,400,,,,,,,,,367.89,560,368.0,3160,,,,,,,,,,,,,,,,
2026-02-05 09:31:31,367.315,366.56,1,366.74,200,367.89,560,367.89,366.74,366.74,200,366.73,80,365.83,200,365.82,40,365.53,280,365.25,400,,,,,,,,,367.89,560,368.0,3160,,,,,,,,,,,,,,,,
2026-02-05 09:31:32,367.315,366.56,1,366.74,200,367.89,560,367.89,366.74,366.74,200,366.73,80,365.83,200,365.82,40,365.53,280,365.25,400,,,,,,,,,367.89,560,368.0,3160,,,,,,,,,,,,,,,,
2026-02-05 09:31:33,367.315,366.56,1,366.74,200,367.89,560,367.89,366.74,366.74,200,366.73,80,365.83,200,365.82,40,365.53,280,365.25,400,,,,,,,,,367.89,560,368.0,3160,,,,,,,,,,,,,,,,
2026-02-05 09:31:34,367.315,366.56,1,366.74,200,367.89,560,367.89,366.74,366.74,200,366.73,80,365.83,200,365.82,40,365.53,280,365.25,400,,,,,,,,,367.89,560,368.0,3160,,,,,,,,,,,,,,,,
2026-02-05 09:31:35,367.315,366.56,1,366.74,200,367.89,560,367.89,366.74,366.74,200,366.73,80,365.83,200,365.82,40,365.53,280,365.25,400,,,,,,,,,367.89,560,368.0,3160,,,,,,,,,,,,,,,,
2026-02-05 09:31:36,367.315,367.5,1,366.74,200,367.89,560,367.89,366.74,366.74,200,366.73,80,365.83,200,365.82,40,365.53,280,365.25,400,,,,,,,,,367.89,560,368.0,3160,,,,,,,,,,,,,,,,
2026-02-05 09:31:37,367.315,367.5,1,366.74,200,367.89,600,367.89,366.74,366.74,200,366.73,80,365.83,200,365.82,40,365.53,280,365.25,400,,,,,,,,,367.89,600,368.0,3160,,,,,,,,,,,,,,,,
2026-02-05 09:31:38,367.315,367.5,1,366.74,200,367.89,600,367.89,366.74,366.74,200,366.73,80,365.83,200,365.82,40,365.53,280,365.25,400,,,,,,,,,367.89,600,368.0,3160,,,,,,,,,,,,,,,,
2026-02-05 09:31:39,367.315,367.5,1,366.74,200,367.89,600,367.89,366.74,366.74,200,366.73,80,365.83,200,365.82,40,365.53,280,365.25,400,,,,,,,,,367.89,600,368.0,3160,,,,,,,,,,,,,,,,
2026-02-05 09:31:40,367.315,367.5,1,366.74,200,367.89,600,367.89,366.74,366.74,200,366.73,80,365.83,200,365.82,40,365.53,280,365.25,400,,,,,,,,,367.89,600,368.0,3160,,,,,,,,,,,,,,,,
2026-02-05 09:31:41,367.315,367.5,1,366.74,200,367.89,600,367.89,366.74,366.74,200,366.73,80,365.83,200,365.82,40,365.53,280,365.25,400,,,,,,,,,367.89,600,368.0,3160,,,,,,,,,,,,,,,,
2026-02-05 09:31:42,367.315,367.5,1,366.74,200,367.89,600,367.89,366.74,366.74,200,366.73,80,365.83,200,365.82,40,365.53,280,365.25,400,,,,,,,,,367.89,600,368.0,3160,,,,,,,,,,,,,,,,
2026-02-05 09:31:43,367.315,367.5,1,366.74,200,367.89,600,367.89,366.74,366.74,200,366.73,80,365.83,200,365.82,40,365.53,280,365.25,400,,,,,,,,,367.89,600,368.0,3160,,,,,,,,,,,,,,,,
2026-02-05 09:31:44,367.315,367.5,1,366.74,200,367.89,600,367.89,366.74,366.74,200,366.73,80,365.83,200,365.82,40,365.53,280,365.25,400,,,,,,,,,367.89,600,368.0,3160,,,,,,,,,,,,,,,,
2026-02-05 09:31:45,367.315,367.5,1,366.74,200,367.89,600,367.89,366.74,366.74,200,366.73,80,365.83,200,365.82,40,365.53,280,365.25,400,,,,,,,,,367.89,600,368.0,3160,,,,,,,,,,,,,,,,
2026-02-05 09:31:46,367.315,367.5,1,366.74,200,367.89,600,367.89,366.74,366.74,200,366.73,80,365.83,200,365.82,40,365.53,280,365.25,400,,,,,,,,,367.89,600,368.0,3160,,,,,,,,,,,,,,,,
2026-02-05 09:31:47,367.315,367.5,1,366.74,200,367.89,600,367.89,366.74,366.74,200,366.73,80,365.83,200,365.82,40,365.53,280,365.25,400,,,,,,,,,367.89,600,368.0,3160,,,,,,,,,,,,,,,,
2026-02-05 09:31:48,367.29,367.83,3,366.75,40,367.83,440,367.83,366.75,366.75,40,366.74,200,366.73,80,365.83,200,365.82,40,365.53,280,365.25,400,,,,,,,367.83,440,367.89,600,368.0,3160,,,,,,,,,,,,,,
2026-02-05 09:31:49,367.57,368.01,1,366.74,80,368.4,120,368.4,366.74,366.74,80,366.73,80,365.83,200,365.82,40,365.53,280,365.25,400,,,,,,,,,368.4,120,368.49,120,,,,,,,,,,,,,,,,
2026-02-05 09:31:50,367.57,367.89,1,366.74,80,368.4,160,368.4,366.74,366.74,80,366.73,80,365.83,200,365.82,40,365.53,280,365.25,400,,,,,,,,,368.4,160,368.49,120,,,,,,,,,,,,,,,,
2026-02-05 09:31:51,367.57,367.89,1,366.74,80,368.4,200,368.4,366.74,366.74,80,366.73,80,365.83,200,365.82,40,365.53,280,365.25,400,,,,,,,,,368.4,200,368.49,120,,,,,,,,,,,,,,,,
2026-02-05 09:31:52,367.57,367.89,1,366.74,80,368.4,200,368.4,366.74,366.74,80,366.73,80,365.83,200,365.82,40,365.53,280,365.25,400,,,,,,,,,368.4,200,368.49,120,,,,,,,,,,,,,,,,
2026-02-05 09:31:53,367.57,367.89,1,366.74,80,368.4,200,368.4,366.74,366.74,80,366.73,80,365.83,200,365.82,40,365.53,280,365.25,400,,,,,,,,,368.4,200,368.49,120,,,,,,,,,,,,,,,,
2026-02-05 09:31:54,367.57,367.89,1,366.74,80,368.4,200,368.4,366.74,366.74,80,366.73,80,365.83,200,365.82,40,365.53,280,365.25,400,,,,,,,,,368.4,200,368.49,120,,,,,,,,,,,,,,,,
2026-02-05 09:31:55,367.57,367.89,1,366.74,80,368.4,200,368.4,366.74,366.74,80,366.73,80,365.83,200,365.82,40,365.53,280,365.25,400,,,,,,,,,368.4,200,368.49,120,,,,,,,,,,,,,,,,
2026-02-05 09:31:56,367.57,367.89,1,366.74,80,368.4,200,368.4,366.74,366.74,80,366.73,80,365.83,200,365.82,40,365.53,280,365.25,400,,,,,,,,,368.4,200,368.49,120,,,,,,,,,,,,,,,,
2026-02-05 09:31:57,367.57,367.89,1,366.74,80,368.4,200,368.4,366.74,366.74,80,366.73,80,365.83,200,365.82,40,365.53,280,365.25,400,,,,,,,,,368.4,200,368.49,120,,,,,,,,,,,,,,,,
2026-02-05 09:31:58,367.57,367.89,1,366.74,80,368.4,200,368.4,366.74,366.74,80,366.73,80,365.83,200,365.82,40,365.53,280,365.25,400,,,,,,,,,368.4,200,368.49,120,,,,,,,,,,,,,,,,
2026-02-05 09:31:59,367.57,367.89,1,366.74,80,368.4,200,368.4,366.74,366.74,80,366.73,80,365.83,200,365.82,40,365.53,280,365.25,400,,,,,,,,,368.4,200,368.49,120,,,,,,,,,,,,,,,,
2026-02-05 09:32:00,367.57,367.89,1,366.74,80,368.4,200,368.4,366.74,366.74,80,366.73,80,365.83,200,365.82,40,365.53,280,365.25,400,,,,,,,,,368.4,200,368.49,120,,,,,,,,,,,,,,,,
2026-02-05 09:32:01,367.57,367.89,1,366.74,80,368.4,200,368.4,366.74,366.74,80,366.73,80,365.83,200,365.82,40,365.53,280,365.25,400,,,,,,,,,368.4,200,368.49,120,,,,,,,,,,,,,,,,
2026-02-05 09:32:02,367.57,367.89,1,366.74,80,368.4,240,368.4,366.74,366.74,80,366.73,80,365.83,200,365.82,40,365.53,280,365.25,400,,,,,,,,,368.4,240,368.49,120,,,,,,,,,,,,,,,,
2026-02-05 09:32:03,367.57,367.89,1,366.74,80,368.4,240,368.4,366.74,366.74,80,366.73,80,365.83,200,365.82,40,365.53,280,365.25,400,,,,,,,,,368.4,240,368.49,120,,,,,,,,,,,,,,,,
2026-02-05 09:32:04,367.57,367.89,1,366.74,240,368.4,240,368.4,366.74,366.74,240,366.73,80,365.83,200,365.82,40,365.53,280,365.25,400,,,,,,,,,368.4,240,368.49,120,,,,,,,,,,,,,,,,
2026-02-05 09:32:05,367.85,367.89,1,367.3,200,368.4,240,368.4,367.3,367.3,200,367.29,40,367.28,200,366.74,240,366.73,80,365.83,200,365.82,40,365.53,280,365.25,400,,,368.4,240,368.49,120,,,,,,,,,,,,,,,,
2026-02-05 09:32:06,367.855,367.89,1,367.31,200,368.4,240,368.4,367.31,367.31,200,367.29,40,367.28,200,366.74,240,366.73,80,365.83,200,365.82,40,365.53,280,365.25,400,,,368.4,240,368.49,120,,,,,,,,,,,,,,,,
2026-02-05 09:32:07,367.855,367.89,1,367.31,200,368.4,240,368.4,367.31,367.31,200,367.3,40,367.29,40,367.28,200,366.74,240,366.73,80,365.83,200,365.82,40,365.53,280,365.25,400,368.4,240,368.49,120,,,,,,,,,,,,,,,,
2026-02-05 09:32:08,367.855,367.89,1,367.31,200,368.4,240,368.4,367.31,367.31,200,367.3,40,367.29,40,367.28,200,366.74,240,366.73,80,365.83,200,365.82,40,365.53,280,365.25,400,368.4,240,368.49,120,,,,,,,,,,,,,,,,
2026-02-05 09:32:09,367.855,367.89,1,367.31,200,368.4,240,368.4,367.31,367.31,200,367.3,40,367.29,40,367.28,200,366.74,240,366.73,80,365.83,200,365.82,40,365.53,280,365.25,400,368.4,240,368.49,120,,,,,,,,,,,,,,,,
2026-02-05 09:32:10,367.855,367.89,1,367.31,200,368.4,240,368.4,367.31,367.31,200,367.3,40,367.29,40,367.28,200,366.74,240,366.73,80,365.83,200,365.82,40,365.53,280,365.25,400,368.4,240,368.49,120,,,,,,,,,,,,,,,,
2026-02-05 09:32:11,367.855,367.52,1,367.31,200,368.4,240,368.4,367.31,367.31,200,367.3,40,367.29,40,367.28,200,366.74,240,366.73,80,365.83,200,365.82,40,365.53,280,365.25,400,368.4,240,368.49,120,,,,,,,,,,,,,,,,
2026-02-05 09:32:12,367.855,367.31,3,367.31,200,368.4,240,368.4,367.31,367.31,200,367.3,40,367.29,40,367.28,200,366.74,240,366.73,80,365.83,200,365.82,40,365.53,280,365.25,400,368.4,240,368.49,120,,,,,,,,,,,,,,,,
2026-02-05 09:32:13,367.855,367.86,1,367.31,200,368.4,240,368.4,367.31,367.31,200,367.3,40,367.29,40,367.28,200,366.74,240,366.73,80,365.83,200,365.82,40,365.53,280,365.25,400,368.4,240,368.49,120,,,,,,,,,,,,,,,,
2026-02-05 09:32:14,367.855,367.86,1,367.31,200,368.4,240,368.4,367.31,367.31,200,367.3,40,367.29,40,367.28,200,366.74,240,366.73,80,365.83,200,365.82,40,365.53,280,365.25,400,368.4,240,368.49,120,,,,,,,,,,,,,,,,
2026-02-05 09:32:15,367.855,367.86,1,367.31,200,368.4,280,368.4,367.31,367.31,200,367.3,40,367.29,40,367.28,200,366.74,240,366.73,80,365.83,200,365.82,40,365.53,280,365.25,400,368.4,280,368.49,120,,,,,,,,,,,,,,,,
2026-02-05 09:32:16,367.86,367.86,1,367.32,200,368.4,280,368.4,367.32,367.32,200,367.3,40,367.29,40,367.28,200,366.74,240,366.73,80,365.83,200,365.82,40,365.53,280,365.25,400,368.4,280,368.49,120,,,,,,,,,,,,,,,,
2026-02-05 09:32:17,367.86,367.86,1,367.32,200,368.4,280,368.4,367.32,367.32,200,367.3,40,367.29,40,367.28,200,366.74,240,366.73,80,365.83,200,365.82,40,365.53,280,365.25,400,368.4,280,368.49,120,,,,,,,,,,,,,,,,
2026-02-05 09:32:18,367.86,367.86,1,367.32,200,368.4,280,368.4,367.32,367.32,200,367.3,40,367.29,40,367.28,200,366.74,240,366.73,80,365.83,200,365.82,40,365.53,280,365.25,400,368.4,280,368.49,120,,,,,,,,,,,,,,,,
2026-02-05 09:32:19,367.735,367.85,1,367.34,40,368.13,240,368.13,367.34,367.34,40,367.33,200,367.32,240,367.3,40,367.29,40,367.28,200,366.74,240,366.73,80,365.83,200,365.82,40,368.13,240,368.4,200,368.49,120,,,,,,,,,,,,,,
2026-02-05 09:32:20,367.735,367.85,1,367.34,40,368.13,240,368.13,367.34,367.34,40,367.33,200,367.32,240,367.3,40,367.29,40,367.28,200,366.74,240,366.73,80,365.83,200,365.82,40,368.13,240,368.4,200,368.49,120,,,,,,,,,,,,,,
2026-02-05 09:32:21,367.735,367.85,1,367.34,40,368.13,240,368.13,367.34,367.34,40,367.33,200,367.32,240,367.3,40,367.29,40,367.28,200,366.74,240,366.73,80,365.83,200,365.82,40,368.13,240,368.4,200,368.49,120,,,,,,,,,,,,,,
2026-02-05 09:32:22,367.735,367.85,1,367.34,40,368.13,240,368.13,367.34,367.34,40,367.33,200,367.32,240,367.3,40,367.29,40,367.28,200,366.74,240,366.73,80,365.83,200,365.82,40,368.13,240,368.4,200,368.49,120,,,,,,,,,,,,,,
2026-02-05 09:32:23,367.735,367.85,1,367.34,40,368.13,240,368.13,367.34,367.34,40,367.33,200,367.32,240,367.3,40,367.29,40,367.28,200,366.74,240,366.73,80,365.83,200,365.82,40,368.13,240,368.4,200,368.49,120,,,,,,,,,,,,,,
2026-02-05 09:32:24,367.735,367.85,1,367.34,200,368.13,240,368.13,367.34,367.34,200,367.33,200,367.32,240,367.3,40,367.29,40,367.28,200,366.74,240,366.73,80,365.83,200,365.82,40,368.13,240,368.4,200,368.49,120,,,,,,,,,,,,,,
2026-02-05 09:32:25,367.735,367.85,1,367.34,200,368.13,240,368.13,367.34,367.34,200,367.33,200,367.32,240,367.3,40,367.29,40,367.28,200,366.74,240,366.73,80,365.83,200,365.82,40,368.13,240,368.4,200,368.49,120,,,,,,,,,,,,,,
2026-02-05 09:32:26,367.735,367.85,1,367.34,400,368.13,240,368.13,367.34,367.34,400,367.33,200,367.32,240,367.3,40,367.29,40,367.28,200,366.74,240,366.73,80,365.83,200,365.82,40,368.13,240,368.4,200,368.49,120,,,,,,,,,,,,,,
2026-02-05 09:32:27,367.735,367.85,1,367.34,400,368.13,240,368.13,367.34,367.34,400,367.33,200,367.32,240,367.3,40,367.29,40,367.28,200,366.74,240,366.73,80,365.83,200,365.82,40,368.13,240,368.4,200,368.49,120,,,,,,,,,,,,,,
2026-02-05 09:32:28,367.735,367.85,1,367.34,200,368.13,240,368.13,367.34,367.34,200,367.33,200,367.32,240,367.3,40,367.29,40,367.28,200,366.74,240,366.73,80,365.83,200,365.82,40,368.13,240,368.4,200,368.49,120,,,,,,,,,,,,,,
2026-02-05 09:32:29,367.735,367.85,1,367.34,200,368.13,240,368.13,367.34,367.34,200,367.33,200,367.32,240,367.3,40,367.29,40,367.28,200,366.74,240,366.73,80,365.83,200,365.82,40,368.13,240,368.4,200,368.49,120,,,,,,,,,,,,,,
2026-02-05 09:32:30,367.735,367.85,1,367.34,200,368.13,240,368.13,367.34,367.34,200,367.33,200,367.32,240,367.3,40,367.29,40,367.28,200,366.74,240,366.73,80,365.83,200,365.82,40,368.13,240,368.4,200,368.49,120,,,,,,,,,,,,,,
2026-02-05 09:32:31,368.12,367.85,1,367.34,200,368.9,80,368.9,367.34,367.34,200,367.33,200,367.32,240,367.3,40,367.29,40,367.28,200,366.74,240,366.73,80,365.83,200,365.82,40,368.9,80,,,,,,,,,,,,,,,,,,
2026-02-05 09:32:32,368.12,367.85,1,367.34,200,368.9,40,368.9,367.34,367.34,200,367.33,200,367.32,240,367.3,40,367.29,40,367.28,200,366.74,240,366.73,80,365.83,200,365.82,40,368.9,40,,,,,,,,,,,,,,,,,,
2026-02-05 09:32:33,368.69,369.0,2,367.5,80,369.88,120,369.88,367.5,367.5,80,367.34,320,367.33,200,367.32,240,367.3,40,367.29,40,367.28,200,366.74,240,366.73,80,365.83,200,369.88,120,,,,,,,,,,,,,,,,,,
2026-02-05 09:32:34,368.69,369.0,2,367.5,120,369.88,120,369.88,367.5,367.5,120,367.34,320,367.33,200,367.32,240,367.3,40,367.29,40,367.28,200,366.74,240,366.73,80,365.83,200,369.88,120,,,,,,,,,,,,,,,,,,
2026-02-05 09:32:35,368.805,369.0,2,367.73,320,369.88,120,369.88,367.73,367.73,320,367.54,40,367.53,120,367.5,120,367.34,320,367.33,200,367.32,240,367.3,40,367.29,40,367.28,200,369.88,120,,,,,,,,,,,,,,,,,,
2026-02-05 09:32:36,368.59,369.0,2,367.73,320,369.45,80,369.45,367.73,367.73,320,367.54,40,367.53,120,367.5,120,367.34,320,367.33,200,367.32,240,367.3,40,367.29,40,367.28,200,369.45,80,369.88,120,,,,,,,,,,,,,,,,
2026-02-05 09:32:37,368.59,369.0,2,367.73,320,369.45,80,369.45,367.73,367.73,320,367.54,40,367.53,120,367.5,120,367.34,320,367.33,200,367.32,240,367.3,40,367.29,40,367.28,200,369.45,80,369.88,120,,,,,,,,,,,,,,,,
2026-02-05 09:32:38,368.585,369.0,2,367.72,40,369.45,80,369.45,367.72,367.72,40,367.54,40,367.53,120,367.5,120,367.34,320,367.33,200,367.32,240,367.3,40,367.29,40,367.28,200,369.45,80,369.88,120,,,,,,,,,,,,,,,,
2026-02-05 09:32:39,368.585,369.0,2,367.72,40,369.45,80,369.45,367.72,367.72,40,367.54,40,367.53,120,367.5,120,367.34,320,367.33,200,367.32,240,367.3,40,367.29,40,367.28,200,369.45,80,369.88,120,,,,,,,,,,,,,,,,
2026-02-05 09:32:40,368.585,369.0,2,367.72,40,369.45,120,369.45,367.72,367.72,40,367.54,40,367.53,120,367.5,120,367.34,320,367.33,200,367.32,240,367.3,40,367.29,40,367.28,200,369.45,120,369.88,120,,,,,,,,,,,,,,,,
2026-02-05 09:32:41,368.585,369.0,2,367.72,40,369.45,120,369.45,367.72,367.72,40,367.54,40,367.53,120,367.5,120,367.34,320,367.33,200,367.32,240,367.3,40,367.29,40,367.28,200,369.45,120,369.88,120,,,,,,,,,,,,,,,,
2026-02-05 09:32:42,368.585,369.0,2,367.72,40,369.45,120,369.45,367.72,367.72,40,367.54,40,367.53,120,367.5,120,367.34,320,367.33,200,367.32,240,367.3,40,367.29,40,367.28,200,369.45,120,369.88,120,,,,,,,,,,,,,,,,
2026-02-05 09:32:43,368.585,369.0,2,367.72,40,369.45,120,369.45,367.72,367.72,40,367.54,40,367.53,120,367.5,120,367.34,320,367.33,200,367.32,240,367.3,40,367.29,40,367.28,200,369.45,120,369.88,120,,,,,,,,,,,,,,,,
2026-02-05 09:32:44,368.585,369.0,2,367.72,40,369.45,120,369.45,367.72,367.72,40,367.54,40,367.53,120,367.5,120,367.34,320,367.33,200,367.32,240,367.3,40,367.29,40,367.28,200,369.45,120,369.88,120,,,,,,,,,,,,,,,,
2026-02-05 09:32:45,368.585,369.0,2,367.72,40,369.45,120,369.45,367.72,367.72,40,367.54,40,367.53,120,367.5,120,367.34,320,367.33,200,367.32,240,367.3,40,367.29,40,367.28,200,369.45,120,369.88,120,,,,,,,,,,,,,,,,
2026-02-05 09:32:46,368.585,369.0,2,367.72,40,369.45,120,369.45,367.72,367.72,40,367.54,40,367.53,120,367.5,120,367.34,320,367.33,200,367.32,240,367.3,40,367.29,40,367.28,200,369.45,120,369.88,120,,,,,,,,,,,,,,,,
2026-02-05 09:32:47,368.585,369.0,2,367.72,40,369.45,120,369.45,367.72,367.72,40,367.54,40,367.53,120,367.5,120,367.34,320,367.33,200,367.32,240,367.3,40,367.29,40,367.28,200,369.45,120,369.88,120,,,,,,,,,,,,,,,,
2026-02-05 09:32:48,368.585,369.0,2,367.72,40,369.45,120,369.45,367.72,367.72,40,367.54,40,367.53,120,367.5,120,367.34,320,367.33,200,367.32,240,367.3,40,367.29,40,367.28,200,369.45,120,369.88,120,,,,,,,,,,,,,,,,
2026-02-05 09:32:49,368.585,369.0,2,367.72,40,369.45,120,369.45,367.72,367.72,40,367.54,40,367.53,120,367.5,120,367.34,320,367.33,200,367.32,240,367.3,40,367.29,40,367.28,200,369.45,120,369.88,120,,,,,,,,,,,,,,,,
2026-02-05 09:32:50,368.725,369.0,2,368.0,80,369.45,120,369.45,368.0,368.0,80,367.72,40,367.54,40,367.53,120,367.5,120,367.34,320,367.33,200,367.32,240,367.3,40,367.29,40,369.45,120,369.88,120,,,,,,,,,,,,,,,,
2026-02-05 09:32:51,368.725,369.0,2,368.0,80,369.45,120,369.45,368.0,368.0,80,367.72,40,367.54,40,367.53,120,367.5,120,367.34,320,367.33,200,367.32,240,367.3,40,367.29,40,369.45,120,369.88,120,,,,,,,,,,,,,,,,
2026-02-05 09:32:52,368.725,369.0,2,368.0,80,369.45,120,369.45,368.0,368.0,80,367.72,40,367.54,40,367.53,120,367.5,120,367.34,320,367.33,200,367.32,240,367.3,40,367.29,40,369.45,120,369.88,120,,,,,,,,,,,,,,,,
2026-02-05 09:32:53,368.725,369.0,2,368.0,80,369.45,120,369.45,368.0,368.0,80,367.72,40,367.54,40,367.53,120,367.5,120,367.34,320,367.33,200,367.32,240,367.3,40,367.29,40,369.45,120,369.88,120,,,,,,,,,,,,,,,,
2026-02-05 09:32:54,368.725,369.0,2,368.0,80,369.45,120,369.45,368.0,368.0,80,367.72,40,367.54,40,367.53,120,367.5,120,367.34,320,367.33,200,367.32,240,367.3,40,367.29,40,369.45,120,369.88,120,,,,,,,,,,,,,,,,
2026-02-05 09:32:55,368.725,368.75,1,368.0,120,369.45,200,369.45,368.0,368.0,120,367.72,40,367.54,40,367.53,120,367.5,120,367.34,320,367.33,200,367.32,240,367.3,40,367.29,40,369.45,200,369.88,120,,,,,,,,,,,,,,,,
2026-02-05 09:32:56,368.725,368.75,1,368.0,120,369.45,200,369.45,368.0,368.0,120,367.72,40,367.54,40,367.53,120,367.5,120,367.34,320,367.33,200,367.32,240,367.3,40,367.29,40,369.45,200,369.88,120,,,,,,,,,,,,,,,,
2026-02-05 09:32:57,368.725,368.75,1,368.0,120,369.45,200,369.45,368.0,368.0,120,367.72,40,367.54,40,367.53,120,367.5,120,367.34,320,367.33,200,367.32,240,367.3,40,367.29,40,369.45,200,369.88,120,,,,,,,,,,,,,,,,
2026-02-05 09:32:58,368.725,368.75,1,368.0,120,369.45,240,369.45,368.0,368.0,120,367.72,40,367.54,40,367.53,120,367.5,120,367.34,320,367.33,200,367.32,240,367.3,40,367.29,40,369.45,240,369.88,120,,,,,,,,,,,,,,,,
2026-02-05 09:32:59,368.725,368.75,1,368.0,120,369.45,240,369.45,368.0,368.0,120,367.72,40,367.54,40,367.53,120,367.5,120,367.34,320,367.33,200,367.32,240,367.3,40,367.29,40,369.45,240,369.88,120,,,,,,,,,,,,,,,,
2026-02-05 09:33:00,368.715,368.75,1,368.0,120,369.43,40,369.43,368.0,368.0,120,367.72,40,367.54,40,367.53,120,367.5,120,367.34,320,367.33,200,367.32,240,367.3,40,367.29,40,369.43,40,369.45,240,369.88,120,,,,,,,,,,,,,,
2026-02-05 09:33:01,368.715,368.72,1,368.0,240,369.43,160,369.43,368.0,368.0,240,367.72,40,367.54,40,367.53,120,367.5,120,367.34,320,367.33,200,367.32,240,367.3,40,367.29,40,369.43,160,369.45,240,369.88,120,,,,,,,,,,,,,,
2026-02-05 09:33:02,368.965,368.72,1,368.5,80,369.43,160,369.43,368.5,368.5,80,368.0,240,367.72,40,367.54,40,367.53,120,367.5,120,367.34,320,367.33,200,367.32,240,367.3,40,369.43,160,369.45,240,369.88,120,,,,,,,,,,,,,,
2026-02-05 09:33:03,369.08,368.72,1,368.73,40,369.43,160,369.43,368.73,368.73,40,368.72,40,368.5,80,368.0,240,367.72,40,367.54,40,367.53,120,367.5,120,367.34,320,367.33,200,369.43,160,369.45,240,369.88,120,,,,,,,,,,,,,,
2026-02-05 09:33:04,369.08,368.72,1,368.73,40,369.43,160,369.43,368.73,368.73,40,368.72,40,368.5,80,368.0,240,367.72,40,367.54,40,367.53,120,367.5,120,367.34,320,367.33,200,369.43,160,369.45,240,369.88,120,,,,,,,,,,,,,,
2026-02-05 09:33:05,369.08,368.72,1,368.73,40,369.43,160,369.43,368.73,368.73,40,368.72,40,368.5,80,368.0,240,367.72,40,367.54,40,367.53,120,367.5,120,367.34,320,367.33,200,369.43,160,369.45,240,369.88,120,,,,,,,,,,,,,,
2026-02-05 09:33:06,369.08,368.72,1,368.73,40,369.43,160,369.43,368.73,368.73,40,368.72,40,368.5,80,368.0,240,367.72,40,367.54,40,367.53,120,367.5,120,367.34,320,367.33,200,369.43,160,369.45,240,369.88,120,,,,,,,,,,,,,,
2026-02-05 09:33:07,369.08,368.72,1,368.73,40,369.43,160,369.43,368.73,368.73,40,368.72,40,368.5,80,368.0,240,367.72,40,367.54,40,367.53,120,367.5,120,367.34,320,367.33,200,369.43,160,369.45,240,369.88,120,,,,,,,,,,,,,,
2026-02-05 09:33:08,369.08,368.72,1,368.73,40,369.43,160,369.43,368.73,368.73,40,368.72,40,368.5,80,368.0,240,367.72,40,367.54,40,367.53,120,367.5,120,367.34,320,367.33,200,369.43,160,369.45,240,369.88,120,,,,,,,,,,,,,,
2026-02-05 09:33:09,369.08,368.72,1,368.73,40,369.43,160,369.43,368.73,368.73,40,368.72,40,368.5,80,368.0,240,367.72,40,367.54,40,367.53,120,367.5,120,367.34,320,367.33,200,369.43,160,369.45,240,369.88,120,,,,,,,,,,,,,,
2026-02-05 09:33:10,369.08,368.72,1,368.73,40,369.43,160,369.43,368.73,368.73,40,368.72,40,368.5,80,368.0,240,367.72,40,367.54,40,367.53,120,367.5,120,367.34,320,367.33,200,369.43,160,369.45,240,369.88,120,,,,,,,,,,,,,,
2026-02-05 09:33:11,369.08,368.72,1,368.73,40,369.43,160,369.43,368.73,368.73,40,368.72,40,368.5,80,368.0,240,367.72,40,367.54,40,367.53,120,367.5,120,367.34,320,367.33,200,369.43,160,369.45,240,369.88,120,,,,,,,,,,,,,,
2026-02-05 09:33:12,369.08,368.72,1,368.73,40,369.43,160,369.43,368.73,368.73,40,368.72,40,368.5,80,368.0,240,367.72,40,367.54,40,367.53,120,367.5,120,367.34,320,367.33,200,369.43,160,369.45,240,369.88,120,,,,,,,,,,,,,,
2026-02-05 09:33:13,369.08,368.72,1,368.73,40,369.43,160,369.43,368.73,368.73,40,368.72,40,368.5,80,368.0,240,367.72,40,367.54,40,367.53,120,367.5,120,367.34,320,367.33,200,369.43,160,369.45,240,369.88,120,,,,,,,,,,,,,,
2026-02-05 09:33:14,369.08,368.72,1,368.73,40,369.43,160,369.43,368.73,368.73,40,368.72,40,368.5,80,368.0,240,367.72,40,367.54,40,367.53,120,367.5,120,367.34,320,367.33,200,369.43,160,369.45,240,369.88,120,,,,,,,,,,,,,,
2026-02-05 09:33:15,369.67,369.88,1,369.44,160,369.9,80,369.9,369.44,369.44,160,369.43,240,369.27,80,369.16,40,369.08,40,368.98,40,368.88,40,368.87,40,368.73,40,368.72,40,369.9,80,,,,,,,,,,,,,,,,,,
2026-02-05 09:33:16,369.73,369.98,1,369.48,120,369.98,120,369.98,369.48,369.48,120,369.44,200,369.43,240,369.27,80,369.16,40,369.08,40,368.98,40,368.88,40,368.87,40,368.73,40,369.98,120,,,,,,,,,,,,,,,,,,
2026-02-05 09:33:17,369.73,369.98,1,369.48,120,369.98,120,369.98,369.48,369.48,120,369.44,200,369.43,240,369.27,80,369.16,40,369.08,40,368.98,40,368.88,40,368.87,40,368.73,40,369.98,120,,,,,,,,,,,,,,,,,,
2026-02-05 09:33:18,369.72,369.98,1,369.48,120,369.96,40,369.96,369.48,369.48,120,369.44,200,369.43,240,369.27,80,369.16,40,369.08,40,368.98,40,368.88,40,368.87,40,368.73,40,369.96,40,369.98,200,,,,,,,,,,,,,,,,
2026-02-05 09:33:19,369.725,369.9,1,369.49,40,369.96,40,369.96,369.49,369.49,40,369.48,40,369.44,200,369.43,240,369.27,80,369.16,40,369.08,40,368.98,40,368.88,40,368.87,40,369.96,40,369.98,200,,,,,,,,,,,,,,,,
2026-02-05 09:33:20,369.59,369.67,1,369.45,120,369.73,120,369.73,369.45,369.45,120,369.44,200,369.43,240,369.27,80,369.16,40,369.08,40,368.98,40,368.88,40,368.87,40,368.73,40,369.73,120,369.8,40,369.87,40,369.96,120,369.98,200,,,,,,,,,,
2026-02-05 09:33:21,369.8,370.06,1,369.45,40,370.15,80,370.15,369.45,369.45,40,369.44,200,369.43,240,369.27,80,369.16,40,369.08,40,368.98,40,368.88,40,368.87,40,368.73,40,370.15,80,,,,,,,,,,,,,,,,,,
2026-02-05 09:33:22,369.8,370.06,1,369.45,40,370.15,80,370.15,369.45,369.45,40,369.44,200,369.43,240,369.27,80,369.16,40,369.08,40,368.98,40,368.88,40,368.87,40,368.73,40,370.15,80,,,,,,,,,,,,,,,,,,
2026-02-05 09:33:23,369.8,369.81,3,369.45,40,370.15,80,370.15,369.45,369.45,40,369.44,200,369.43,240,369.27,80,369.16,40,369.08,40,368.98,40,368.88,40,368.87,40,368.73,40,370.15,80,,,,,,,,,,,,,,,,,,
2026-02-05 09:33:24,369.805,369.81,3,369.46,40,370.15,80,370.15,369.46,369.46,40,369.45,200,369.44,200,369.43,240,369.27,80,369.16,40,369.08,40,368.98,40,368.88,40,368.87,40,370.15,80,,,,,,,,,,,,,,,,,,
2026-02-05 09:33:25,369.805,369.81,3,369.46,40,370.15,80,370.15,369.46,369.46,40,369.45,200,369.44,200,369.43,240,369.27,80,369.16,40,369.08,40,368.98,40,368.88,40,368.87,40,370.15,80,,,,,,,,,,,,,,,,,,
2026-02-05 09:33:26,369.805,369.81,3,369.46,40,370.15,80,370.15,369.46,369.46,40,369.45,200,369.44,200,369.43,240,369.27,80,369.16,40,369.08,40,368.98,40,368.88,40,368.87,40,370.15,80,,,,,,,,,,,,,,,,,,
2026-02-05 09:33:27,369.805,369.81,3,369.46,40,370.15,80,370.15,369.46,369.46,40,369.45,200,369.44,200,369.43,240,369.27,80,369.16,40,369.08,40,368.98,40,368.88,40,368.87,40,370.15,80,,,,,,,,,,,,,,,,,,
2026-02-05 09:33:28,369.805,369.81,3,369.46,40,370.15,80,370.15,369.46,369.46,40,369.45,200,369.44,200,369.43,240,369.27,80,369.16,40,369.08,40,368.98,40,368.88,40,368.87,40,370.15,80,,,,,,,,,,,,,,,,,,
2026-02-05 09:33:29,369.805,369.81,3,369.46,40,370.15,80,370.15,369.46,369.46,40,369.45,200,369.44,200,369.43,240,369.27,80,369.16,40,369.08,40,368.98,40,368.88,40,368.87,40,370.15,80,,,,,,,,,,,,,,,,,,
2026-02-05 09:33:30,369.805,369.81,3,369.46,40,370.15,80,370.15,369.46,369.46,40,369.45,200,369.44,200,369.43,240,369.27,80,369.16,40,369.08,40,368.98,40,368.88,40,368.87,40,370.15,80,,,,,,,,,,,,,,,,,,
2026-02-05 09:33:31,369.805,369.81,3,369.46,40,370.15,80,370.15,369.46,369.46,40,369.45,200,369.44,200,369.43,240,369.27,80,369.16,40,369.08,40,368.98,40,368.88,40,368.87,40,370.15,80,,,,,,,,,,,,,,,,,,
2026-02-05 09:33:32,369.805,369.81,3,369.46,40,370.15,80,370.15,369.46,369.46,40,369.45,200,369.44,200,369.43,240,369.27,80,369.16,40,369.08,40,368.98,40,368.88,40,368.87,40,370.15,80,,,,,,,,,,,,,,,,,,
2026-02-05 09:33:33,369.805,369.81,3,369.46,40,370.15,80,370.15,369.46,369.46,40,369.45,200,369.44,200,369.43,240,369.27,80,369.16,40,369.08,40,368.98,40,368.88,40,368.87,40,370.15,80,,,,,,,,,,,,,,,,,,
2026-02-05 09:33:34,369.745,369.81,3,369.46,40,370.03,120,370.03,369.46,369.46,40,369.45,200,369.44,200,369.43,240,369.27,80,369.16,40,369.08,40,368.98,40,368.88,40,368.87,40,370.03,120,370.15,80,,,,,,,,,,,,,,,,
2026-02-05 09:33:35,369.745,369.81,3,369.46,40,370.03,200,370.03,369.46,369.46,40,369.45,200,369.44,200,369.43,240,369.27,80,369.16,40,369.08,40,368.98,40,368.88,40,368.87,40,370.03,200,370.15,80,,,,,,,,,,,,,,,,
2026-02-05 09:33:36,369.685,369.69,1,369.46,120,369.91,80,369.91,369.46,369.46,120,369.45,200,369.44,200,369.43,240,369.27,80,369.16,40,369.08,40,368.98,40,368.88,40,368.87,40,369.91,80,369.94,80,370.03,200,370.15,80,,,,,,,,,,,,
2026-02-05 09:33:37,369.77,369.94,1,369.46,120,370.08,80,370.08,369.46,369.46,120,369.45,200,369.44,200,369.43,240,369.27,80,369.16,40,369.08,40,368.98,40,368.88,40,368.87,40,370.08,80,370.15,80,,,,,,,,,,,,,,,,
2026-02-05 09:33:38,369.77,369.94,1,369.46,120,370.08,80,370.08,369.46,369.46,120,369.45,200,369.44,200,369.43,240,369.27,80,369.16,40,369.08,40,368.98,40,368.88,40,368.87,40,370.08,80,370.15,80,,,,,,,,,,,,,,,,
2026-02-05 09:33:39,369.73,369.94,1,369.46,120,370.0,40,370.0,369.46,369.46,120,369.45,200,369.44,200,369.43,240,369.27,80,369.16,40,369.08,40,368.98,40,368.88,40,368.87,40,370.0,40,370.08,40,370.15,80,,,,,,,,,,,,,,
2026-02-05 09:33:40,369.77,369.94,1,369.46,120,370.08,40,370.08,369.46,369.46,120,369.45,200,369.44,200,369.43,240,369.27,80,369.16,40,369.08,40,368.98,40,368.88,40,368.87,40,370.08,40,370.15,80,,,,,,,,,,,,,,,,
2026-02-05 09:33:41,369.77,369.94,1,369.46,120,370.08,40,370.08,369.46,369.46,120,369.45,200,369.44,200,369.43,240,369.27,80,369.16,40,369.08,40,368.98,40,368.88,40,368.87,40,370.08,40,370.15,80,,,,,,,,,,,,,,,,
2026-02-05 09:33:42,369.92,370.26,1,369.46,120,370.38,40,370.38,369.46,369.46,120,369.45,200,369.44,200,369.43,240,369.27,80,369.16,40,369.08,40,368.98,40,368.88,40,368.87,40,370.38,40,370.61,240,,,,,,,,,,,,,,,,
2026-02-05 09:33:43,369.92,370.26,1,369.46,120,370.38,40,370.38,369.46,369.46,120,369.45,200,369.44,200,369.43,240,369.27,80,369.16,40,369.08,40,368.98,40,368.88,40,368.87,40,370.38,40,370.61,240,,,,,,,,,,,,,,,,
2026-02-05 09:33:44,369.92,369.55,1,369.46,120,370.38,40,370.38,369.46,369.46,120,369.45,200,369.44,200,369.43,240,369.27,80,369.16,40,369.08,40,368.98,40,368.88,40,368.87,40,370.38,40,370.61,240,,,,,,,,,,,,,,,,
2026-02-05 09:33:45,369.92,369.55,1,369.46,120,370.38,40,370.38,369.46,369.46,120,369.45,200,369.44,200,369.43,240,369.27,80,369.16,40,369.08,40,368.98,40,368.88,40,368.87,40,370.38,40,370.61,240,,,,,,,,,,,,,,,,
2026-02-05 09:33:46,369.92,369.55,1,369.46,120,370.38,40,370.38,369.46,369.46,120,369.45,200,369.44,200,369.43,240,369.27,80,369.16,40,369.08,40,368.98,40,368.88,40,368.87,40,370.38,40,370.61,240,,,,,,,,,,,,,,,,
2026-02-05 09:33:47,369.92,369.55,1,369.46,120,370.38,40,370.38,369.46,369.46,120,369.45,200,369.44,200,369.43,240,369.27,80,369.16,40,369.08,40,368.98,40,368.88,40,368.87,40,370.38,40,370.61,240,,,,,,,,,,,,,,,,
2026-02-05 09:33:48,369.92,369.55,1,369.46,120,370.38,40,370.38,369.46,369.46,120,369.45,200,369.44,200,369.43,240,369.27,80,369.16,40,369.08,40,368.98,40,368.88,40,368.87,40,370.38,40,370.61,240,,,,,,,,,,,,,,,,
2026-02-05 09:33:49,369.92,369.55,1,369.46,120,370.38,40,370.38,369.46,369.46,120,369.45,200,369.44,200,369.43,240,369.27,80,369.16,40,369.08,40,368.98,40,368.88,40,368.87,40,370.38,40,370.61,240,,,,,,,,,,,,,,,,
2026-02-05 09:33:50,369.92,369.55,1,369.46,160,370.38,80,370.38,369.46,369.46,160,369.45,200,369.44,200,369.43,240,369.27,80,369.16,40,369.08,40,368.98,40,368.88,40,368.87,40,370.38,80,370.61,240,,,,,,,,,,,,,,,,
2026-02-05 09:33:51,369.92,369.55,1,369.46,160,370.38,80,370.38,369.46,369.46,160,369.45,200,369.44,200,369.43,240,369.27,80,369.16,40,369.08,40,368.98,40,368.88,40,368.87,40,370.38,80,370.61,240,,,,,,,,,,,,,,,,
2026-02-05 09:33:52,369.92,369.55,1,369.46,160,370.38,80,370.38,369.46,369.46,160,369.45,200,369.44,200,369.43,240,369.27,80,369.16,40,369.08,40,368.98,40,368.88,40,368.87,40,370.38,80,370.61,240,,,,,,,,,,,,,,,,
2026-02-05 09:33:53,369.915,369.55,1,369.46,160,370.37,80,370.37,369.46,369.46,160,369.45,200,369.44,200,369.43,240,369.27,80,369.16,40,369.08,40,368.98,40,368.88,40,368.87,40,370.37,80,370.38,120,370.61,240,,,,,,,,,,,,,,
2026-02-05 09:33:54,369.91,369.55,1,369.46,320,370.36,80,370.36,369.46,369.46,320,369.45,200,369.44,200,369.43,240,369.27,80,369.16,40,369.08,40,368.98,40,368.88,40,368.87,40,370.36,80,370.37,120,370.38,120,370.61,240,,,,,,,,,,,,
2026-02-05 09:33:55,369.91,369.55,1,369.47,80,370.35,80,370.35,369.47,369.47,80,369.46,320,369.45,200,369.44,200,369.43,240,369.27,80,369.16,40,369.08,40,368.98,40,368.88,40,370.35,80,370.36,120,370.37,120,370.38,120,370.61,240,,,,,,,,,,
2026-02-05 09:33:56,369.91,369.55,1,369.48,40,370.34,120,370.34,369.48,369.48,40,369.47,160,369.46,320,369.45,200,369.44,200,369.43,240,369.27,80,369.16,40,369.08,40,368.98,40,370.34,120,370.35,120,370.36,120,370.37,120,370.38,120,370.61,240,,,,,,,,
2026-02-05 09:33:57,370.08,369.55,1,369.55,40,370.61,240,370.61,369.55,369.55,40,369.48,40,369.47,160,369.46,320,369.45,200,369.44,200,369.43,240,369.27,80,369.16,40,369.08,40,370.61,240,,,,,,,,,,,,,,,,,,
2026-02-05 09:33:58,370.02,369.55,1,369.55,40,370.49,40,370.49,369.55,369.55,40,369.48,40,369.47,160,369.46,320,369.45,200,369.44,200,369.43,240,369.27,80,369.16,40,369.08,40,370.49,40,370.61,240,,,,,,,,,,,,,,,,
2026-02-05 09:33:59,370.02,369.55,1,369.55,40,370.49,40,370.49,369.55,369.55,40,369.48,40,369.47,160,369.46,320,369.45,200,369.44,200,369.43,240,369.27,80,369.16,40,369.08,40,370.49,40,370.61,240,,,,,,,,,,,,,,,,
2026-02-05 09:34:00,370.02,369.55,1,369.55,40,370.49,40,370.49,369.55,369.55,40,369.48,40,369.47,160,369.46,320,369.45,200,369.44,200,369.43,240,369.27,80,369.16,40,369.08,40,370.49,40,370.61,240,,,,,,,,,,,,,,,,
2026-02-05 09:34:01,370.02,369.55,1,369.55,40,370.49,40,370.49,369.55,369.55,40,369.48,40,369.47,160,369.46,320,369.45,200,369.44,200,369.43,240,369.27,80,369.16,40,369.08,40,370.49,40,370.61,240,,,,,,,,,,,,,,,,
2026-02-05 09:34:02,370.02,369.55,1,369.55,40,370.49,40,370.49,369.55,369.55,40,369.48,40,369.47,160,369.46,320,369.45,200,369.44,200,369.43,240,369.27,80,369.16,40,369.08,40,370.49,40,370.61,240,,,,,,,,,,,,,,,,
2026-02-05 09:34:03,369.985,369.55,1,369.55,40,370.42,40,370.42,369.55,369.55,40,369.48,40,369.47,160,369.46,320,369.45,200,369.44,200,369.43,240,369.27,80,369.16,40,369.08,40,370.42,40,370.48,80,370.49,80,370.61,240,,,,,,,,,,,,
2026-02-05 09:34:04,369.985,369.55,1,369.55,40,370.42,40,370.42,369.55,369.55,40,369.48,40,369.47,160,369.46,320,369.45,200,369.44,200,369.43,240,369.27,80,369.16,40,369.08,40,370.42,40,370.48,120,370.49,80,370.61,240,,,,,,,,,,,,
2026-02-05 09:34:05,369.985,369.55,1,369.55,80,370.42,40,370.42,369.55,369.55,80,369.48,40,369.47,160,369.46,320,369.45,200,369.44,200,369.43,240,369.27,80,369.16,40,369.08,40,370.42,40,370.48,120,370.49,80,370.61,240,,,,,,,,,,,,
2026-02-05 09:34:06,369.985,369.55,1,369.55,80,370.42,40,370.42,369.55,369.55,80,369.48,40,369.47,160,369.46,320,369.45,200,369.44,200,369.43,240,369.27,80,369.16,40,369.08,40,370.42,40,370.48,120,370.49,80,370.61,240,,,,,,,,,,,,
2026-02-05 09:34:07,370.255,369.55,1,370.09,120,370.42,40,370.42,370.09,370.09,120,369.55,80,369.48,40,369.47,160,369.46,320,369.45,200,369.44,200,369.43,240,369.27,80,369.16,40,370.42,40,370.48,120,370.49,80,370.61,240,,,,,,,,,,,,
2026-02-05 09:34:08,370.35,369.55,1,370.09,120,370.61,240,370.61,370.09,370.09,120,369.55,80,369.48,40,369.47,160,369.46,320,369.45,200,369.44,200,369.43,240,369.27,80,369.16,40,370.61,240,,,,,,,,,,,,,,,,,,
2026-02-05 09:34:09,370.35,369.55,1,370.09,120,370.61,240,370.61,370.09,370.09,120,369.55,80,369.48,40,369.47,160,369.46,320,369.45,200,369.44,200,369.43,240,369.27,80,369.16,40,370.61,240,,,,,,,,,,,,,,,,,,
2026-02-05 09:34:10,370.35,369.55,1,370.09,120,370.61,240,370.61,370.09,370.09,120,369.55,80,369.48,40,369.47,160,369.46,320,369.45,200,369.44,200,369.43,240,369.27,80,369.16,40,370.61,240,370.7,40,,,,,,,,,,,,,,,,
2026-02-05 09:34:11,370.355,369.55,1,370.1,40,370.61,240,370.61,370.1,370.1,40,370.09,120,369.55,80,369.48,40,369.47,160,369.46,320,369.45,200,369.44,200,369.43,240,369.27,80,370.61,240,370.7,40,,,,,,,,,,,,,,,,
2026-02-05 09:34:12,370.54,370.61,1,370.1,40,370.98,40,370.98,370.1,370.1,40,370.09,120,369.55,80,369.48,40,369.47,160,369.46,320,369.45,200,369.44,200,369.43,240,369.27,80,370.98,40,,,,,,,,,,,,,,,,,,
2026-02-05 09:34:13,370.54,370.61,1,370.1,40,370.98,40,370.98,370.1,370.1,40,370.09,120,369.55,80,369.48,40,369.47,160,369.46,320,369.45,200,369.44,200,369.43,240,369.27,80,370.98,40,,,,,,,,,,,,,,,,,,
2026-02-05 09:34:14,370.54,370.61,1,370.1,40,370.98,40,370.98,370.1,370.1,40,370.09,120,369.55,80,369.48,40,369.47,160,369.46,320,369.45,200,369.44,200,369.43,240,369.27,80,370.98,40,,,,,,,,,,,,,,,,,,
2026-02-05 09:34:15,370.54,370.61,1,370.1,40,370.98,40,370.98,370.1,370.1,40,370.09,120,369.55,80,369.48,40,369.47,160,369.46,320,369.45,200,369.44,200,369.43,240,369.27,80,370.98,40,,,,,,,,,,,,,,,,,,
2026-02-05 09:34:16,370.54,370.61,1,370.1,40,370.98,40,370.98,370.1,370.1,40,370.09,120,369.55,80,369.48,40,369.47,160,369.46,320,369.45,200,369.44,200,369.43,240,369.27,80,370.98,40,,,,,,,,,,,,,,,,,,
2026-02-05 09:34:17,370.54,370.61,1,370.1,40,370.98,40,370.98,370.1,370.1,40,370.09,120,369.55,80,369.48,40,369.47,160,369.46,320,369.45,200,369.44,200,369.43,240,369.27,80,370.98,40,,,,,,,,,,,,,,,,,,
2026-02-05 09:34:18,370.54,370.61,1,370.1,40,370.98,40,370.98,370.1,370.1,40,370.09,120,369.55,80,369.48,40,369.47,160,369.46,320,369.45,200,369.44,200,369.43,240,369.27,80,370.98,40,,,,,,,,,,,,,,,,,,
2026-02-05 09:34:19,370.54,370.61,1,370.1,40,370.98,40,370.98,370.1,370.1,40,370.09,120,369.55,80,369.48,40,369.47,160,369.46,320,369.45,200,369.44,200,369.43,240,369.27,80,370.98,40,,,,,,,,,,,,,,,,,,
2026-02-05 09:34:20,370.54,370.61,1,370.1,40,370.98,40,370.98,370.1,370.1,40,370.09,120,369.55,80,369.48,40,369.47,160,369.46,320,369.45,200,369.44,200,369.43,240,369.27,80,370.98,40,,,,,,,,,,,,,,,,,,
2026-02-05 09:34:21,370.54,370.61,1,370.1,40,370.98,40,370.98,370.1,370.1,40,370.09,120,369.55,80,369.48,40,369.47,160,369.46,320,369.45,200,369.44,200,369.43,240,369.27,80,370.98,40,,,,,,,,,,,,,,,,,,
2026-02-05 09:34:22,370.54,370.61,1,370.1,40,370.98,40,370.98,370.1,370.1,40,370.09,120,369.55,80,369.48,40,369.47,160,369.46,320,369.45,200,369.44,200,369.43,240,369.27,80,370.98,40,,,,,,,,,,,,,,,,,,
2026-02-05 09:34:23,370.54,370.61,1,370.1,40,370.98,40,370.98,370.1,370.1,40,370.09,120,369.55,80,369.48,40,369.47,160,369.46,320,369.45,200,369.44,200,369.43,240,369.27,80,370.98,40,,,,,,,,,,,,,,,,,,
2026-02-05 09:34:24,370.54,370.61,1,370.1,40,370.98,40,370.98,370.1,370.1,40,370.09,120,369.55,80,369.48,40,369.47,160,369.46,320,369.45,200,369.44,200,369.43,240,369.27,80,370.98,40,,,,,,,,,,,,,,,,,,
2026-02-05 09:34:25,370.54,370.2,1,370.1,40,370.98,40,370.98,370.1,370.1,40,370.09,120,369.55,80,369.48,40,369.47,160,369.46,320,369.45,200,369.44,200,369.43,240,369.27,80,370.98,40,,,,,,,,,,,,,,,,,,
2026-02-05 09:34:26,370.485,370.1,1,370.09,80,370.88,40,370.98,370.09,370.09,80,369.55,80,369.48,40,369.47,160,369.46,320,369.45,200,369.44,200,369.43,240,369.27,80,369.16,40,370.88,40,370.98,40,,,,,,,,,,,,,,,,
2026-02-05 09:34:27,370.315,370.1,1,370.09,80,370.54,40,370.54,370.09,370.09,80,369.55,80,369.48,40,369.47,160,369.46,320,369.45,200,369.44,200,369.43,240,369.27,80,369.16,40,370.54,40,370.98,40,,,,,,,,,,,,,,,,
2026-02-05 09:34:28,370.315,370.1,1,370.09,80,370.54,40,370.54,370.09,370.09,80,369.55,80,369.48,40,369.47,160,369.46,320,369.45,200,369.44,200,369.43,240,369.27,80,369.16,40,370.54,40,370.98,40,,,,,,,,,,,,,,,,
2026-02-05 09:34:29,369.92,370.1,1,369.48,80,370.36,40,370.36,369.48,369.48,80,369.47,160,369.46,320,369.45,200,369.44,200,369.43,240,369.27,80,369.16,40,369.08,40,368.98,40,370.36,40,370.52,40,370.54,40,370.98,40,,,,,,,,,,,,
2026-02-05 09:34:30,369.665,370.1,1,369.45,160,369.88,120,369.88,369.45,369.45,160,369.44,200,369.43,240,369.27,80,369.16,40,369.08,40,368.98,40,368.88,40,368.87,40,368.73,40,369.88,120,370.22,40,370.23,40,370.24,40,370.25,40,370.36,40,370.52,40,370.54,40,370.98,40,,
2026-02-05 09:34:31,369.755,370.1,1,369.45,160,370.06,40,370.06,369.45,369.45,160,369.44,200,369.43,240,369.27,80,369.16,40,369.08,40,368.98,40,368.88,40,368.87,40,368.73,40,370.06,40,370.21,40,370.22,40,370.23,40,370.24,40,370.25,40,370.36,40,370.52,40,370.54,40,370.98,40
2026-02-05 09:34:32,369.53,369.46,1,369.0,560,370.06,40,370.06,369.0,369.0,560,368.98,40,368.88,40,368.87,40,368.73,40,368.72,40,368.5,80,368.0,240,367.72,40,367.54,40,370.06,40,370.21,40,370.22,40,370.23,40,370.24,40,370.25,40,370.36,40,370.52,40,370.54,40,370.98,40
2026-02-05 09:34:33,369.53,369.46,1,369.0,560,370.06,40,370.06,369.0,369.0,560,368.98,40,368.88,40,368.87,40,368.73,40,368.72,40,368.5,80,368.0,240,367.72,40,367.54,40,370.06,40,370.21,40,370.22,40,370.23,40,370.24,40,370.25,40,370.36,40,370.52,40,370.54,40,370.98,40
2026-02-05 09:34:34,369.555,369.56,1,369.0,560,370.11,40,370.11,369.0,369.0,560,368.98,40,368.88,40,368.87,40,368.73,40,368.72,40,368.5,80,368.0,240,367.72,40,367.54,40,370.11,40,370.21,40,370.22,40,370.23,40,370.24,40,370.25,40,370.36,40,370.52,40,370.54,40,370.98,40
2026-02-05 09:34:35,369.555,369.56,1,369.0,560,370.11,40,370.11,369.0,369.0,560,368.98,40,368.88,40,368.87,40,368.73,40,368.72,40,368.5,80,368.0,240,367.72,40,367.54,40,370.11,40,370.21,40,370.22,40,370.23,40,370.24,40,370.25,40,370.36,40,370.52,40,370.54,40,370.98,40
2026-02-05 09:34:36,369.555,369.56,1,369.0,560,370.11,40,370.11,369.0,369.0,560,368.98,40,368.88,40,368.87,40,368.73,40,368.72,40,368.5,80,368.0,240,367.72,40,367.54,40,370.11,40,370.21,40,370.22,40,370.23,40,370.24,40,370.25,40,370.36,40,370.52,40,370.54,40,370.98,40
2026-02-05 09:34:37,369.555,369.56,1,369.0,560,370.11,40,370.11,369.0,369.0,560,368.98,40,368.88,40,368.87,40,368.73,40,368.72,40,368.5,80,368.0,240,367.72,40,367.54,40,370.11,40,370.21,40,370.22,40,370.23,40,370.24,40,370.25,40,370.36,40,370.52,40,370.54,40,370.98,40
2026-02-05 09:34:38,369.555,369.56,2,369.0,600,370.11,40,370.11,369.0,369.0,600,368.98,40,368.88,40,368.87,40,368.73,40,368.72,40,368.5,80,368.0,240,367.72,40,367.54,40,370.11,40,370.21,40,370.22,40,370.23,40,370.24,40,370.25,40,370.36,40,370.52,40,370.54,40,370.98,40
2026-02-05 09:34:39,369.74,369.56,2,369.37,80,370.11,40,370.11,369.37,369.37,80,369.0,640,368.98,40,368.88,40,368.87,40,368.73,40,368.72,40,368.5,80,368.0,240,367.72,40,370.11,40,370.21,40,370.22,40,370.23,40,370.24,40,370.25,40,370.36,40,370.52,40,370.54,40,370.98,40
2026-02-05 09:34:40,370.365,369.56,2,369.74,80,370.99,40,370.99,369.74,369.74,80,369.57,80,369.51,80,369.38,40,369.37,80,369.0,640,368.98,40,368.88,40,368.87,40,368.73,40,370.99,40,,,,,,,,,,,,,,,,,,
2026-02-05 09:34:41,370.365,369.56,2,369.74,80,370.99,40,370.99,369.74,369.74,80,369.57,80,369.51,80,369.38,40,369.37,80,369.0,640,368.98,40,368.88,40,368.87,40,368.73,40,370.99,40,,,,,,,,,,,,,,,,,,
2026-02-05 09:34:42,370.365,369.56,2,369.74,80,370.99,40,370.99,369.74,369.74,80,369.57,80,369.51,80,369.38,40,369.37,80,369.0,640,368.98,40,368.88,40,368.87,40,368.73,40,370.99,40,,,,,,,,,,,,,,,,,,
2026-02-05 09:34:43,370.365,369.56,2,369.74,80,370.99,40,370.99,369.74,369.74,80,369.57,80,369.51,80,369.38,40,369.37,80,369.0,640,368.98,40,368.88,40,368.87,40,368.73,40,370.99,40,,,,,,,,,,,,,,,,,,
2026-02-05 09:34:44,370.365,369.56,2,369.74,80,370.99,40,370.99,369.74,369.74,80,369.57,80,369.51,80,369.38,40,369.37,80,369.0,640,368.98,40,368.88,40,368.87,40,368.73,40,370.99,40,,,,,,,,,,,,,,,,,,
2026-02-05 09:34:45,370.365,369.56,2,369.74,80,370.99,40,370.99,369.74,369.74,80,369.57,80,369.51,80,369.38,40,369.37,80,369.0,640,368.98,40,368.88,40,368.87,40,368.73,40,370.99,40,,,,,,,,,,,,,,,,,,
2026-02-05 09:34:46,370.365,369.56,2,369.74,80,370.99,40,370.99,369.74,369.74,80,369.57,80,369.51,80,369.38,40,369.37,80,369.0,640,368.98,40,368.88,40,368.87,40,368.73,40,370.99,40,,,,,,,,,,,,,,,,,,
2026-02-05 09:34:47,370.365,369.56,2,369.74,80,370.99,40,370.99,369.74,369.74,80,369.57,80,369.51,80,369.38,40,369.37,80,369.0,640,368.98,40,368.88,40,368.87,40,368.73,40,370.99,40,,,,,,,,,,,,,,,,,,
2026-02-05 09:34:48,370.365,369.56,2,369.74,80,370.99,40,370.99,369.74,369.74,80,369.57,80,369.51,80,369.38,40,369.37,80,369.0,640,368.98,40,368.88,40,368.87,40,368.73,40,370.99,40,,,,,,,,,,,,,,,,,,
2026-02-05 09:34:49,370.55,369.56,2,370.11,280,370.99,40,370.99,370.11,370.11,280,369.74,80,369.57,80,369.51,80,369.38,40,369.37,80,369.0,640,368.98,40,368.88,40,368.87,40,370.99,40,,,,,,,,,,,,,,,,,,
2026-02-05 09:34:50,370.545,370.55,1,370.11,320,370.98,40,370.98,370.11,370.11,320,369.74,80,369.57,80,369.51,80,369.38,40,369.37,80,369.0,640,368.98,40,368.88,40,368.87,40,370.98,40,370.99,40,,,,,,,,,,,,,,,,
2026-02-05 09:34:51,370.545,370.55,1,370.11,320,370.98,40,370.98,370.11,370.11,320,369.74,80,369.57,80,369.51,80,369.38,40,369.37,80,369.0,640,368.98,40,368.88,40,368.87,40,370.98,40,370.99,40,,,,,,,,,,,,,,,,
2026-02-05 09:34:52,370.545,370.55,1,370.11,320,370.98,40,370.98,370.11,370.11,320,369.74,80,369.57,80,369.51,80,369.38,40,369.37,80,369.0,640,368.98,40,368.88,40,368.87,40,370.98,40,370.99,40,,,,,,,,,,,,,,,,
2026-02-05 09:34:53,370.545,370.55,1,370.11,320,370.98,40,370.98,370.11,370.11,320,369.74,80,369.57,80,369.51,80,369.38,40,369.37,80,369.0,640,368.98,40,368.88,40,368.87,40,370.98,40,370.99,40,,,,,,,,,,,,,,,,
2026-02-05 09:34:54,370.545,370.55,1,370.11,320,370.98,80,370.98,370.11,370.11,320,369.74,80,369.57,80,369.51,80,369.38,40,369.37,80,369.0,640,368.98,40,368.88,40,368.87,40,370.98,80,370.99,40,,,,,,,,,,,,,,,,
2026-02-05 09:34:55,370.545,370.55,1,370.11,320,370.98,80,370.98,370.11,370.11,320,369.74,80,369.57,80,369.51,80,369.38,40,369.37,80,369.0,640,368.98,40,368.88,40,368.87,40,370.98,80,370.99,40,,,,,,,,,,,,,,,,
2026-02-05 09:34:56,370.545,370.55,1,370.11,320,370.98,80,370.98,370.11,370.11,320,369.74,80,369.57,80,369.51,80,369.38,40,369.37,80,369.0,640,368.98,40,368.88,40,368.87,40,370.98,80,370.99,40,,,,,,,,,,,,,,,,
2026-02-05 09:34:57,370.545,370.55,1,370.11,320,370.98,80,370.98,370.11,370.11,320,369.74,80,369.57,80,369.51,80,369.38,40,369.37,80,369.0,640,368.98,40,368.88,40,368.87,40,370.98,80,370.99,40,,,,,,,,,,,,,,,,
2026-02-05 09:34:58,370.545,370.84,3,370.11,320,370.98,80,370.98,370.11,370.11,320,369.74,80,369.57,80,369.51,80,369.38,40,369.37,80,369.0,640,368.98,40,368.88,40,368.87,40,370.98,80,370.99,40,,,,,,,,,,,,,,,,
2026-02-05 09:34:59,370.55,370.84,3,370.12,120,370.98,80,370.98,370.12,370.12,120,370.11,320,369.74,80,369.57,80,369.51,80,369.38,40,369.37,80,369.0,640,368.98,40,368.88,40,370.98,80,370.99,40,,,,,,,,,,,,,,,,
2026-02-05 09:35:00,371.03,370.84,3,370.87,80,371.19,40,371.19,370.87,370.87,80,370.81,80,370.51,40,370.5,40,370.13,40,370.12,120,370.11,320,369.74,80,369.57,80,369.51,80,371.19,40,371.2,160,,,,,,,,,,,,,,,,
2026-02-05 09:35:01,371.03,370.84,3,370.87,80,371.19,40,371.19,370.87,370.87,80,370.81,80,370.51,40,370.5,40,370.13,40,370.12,120,370.11,320,369.74,80,369.57,80,369.51,80,371.19,40,371.2,160,,,,,,,,,,,,,,,,
2026-02-05 09:35:02,371.23,371.16,1,370.87,80,371.59,40,371.59,370.87,370.87,80,370.81,80,370.51,40,370.5,40,370.13,40,370.12,120,370.11,320,369.74,80,369.57,80,369.51,80,371.59,40,371.6,240,,,,,,,,,,,,,,,,
2026-02-05 09:35:03,371.23,371.16,1,370.87,80,371.59,40,371.59,370.87,370.87,80,370.81,80,370.51,40,370.5,40,370.13,40,370.12,120,370.11,320,369.74,80,369.57,80,369.51,80,371.59,40,371.6,240,,,,,,,,,,,,,,,,
2026-02-05 09:35:04,371.23,371.16,1,370.87,80,371.59,40,371.59,370.87,370.87,80,370.81,80,370.51,40,370.5,40,370.13,40,370.12,120,370.11,320,369.74,80,369.57,80,369.51,80,371.59,40,371.6,240,,,,,,,,,,,,,,,,
2026-02-05 09:35:05,371.23,371.16,1,370.87,80,371.59,40,371.59,370.87,370.87,80,370.81,80,370.51,40,370.5,40,370.13,40,370.12,120,370.11,320,369.74,80,369.57,80,369.51,80,371.59,40,371.6,240,,,,,,,,,,,,,,,,
2026-02-05 09:35:06,371.23,371.31,2,370.87,80,371.59,40,371.59,370.87,370.87,80,370.81,80,370.51,40,370.5,40,370.13,40,370.12,120,370.11,320,369.74,80,369.57,80,369.51,80,371.59,40,371.6,240,,,,,,,,,,,,,,,,
2026-02-05 09:35:07,371.23,371.31,2,370.87,80,371.59,40,371.59,370.87,370.87,80,370.81,80,370.51,40,370.5,40,370.13,40,370.12,120,370.11,320,369.74,80,369.57,80,369.51,80,371.59,40,371.6,240,,,,,,,,,,,,,,,,
2026-02-05 09:35:08,371.23,371.31,2,370.87,80,371.59,40,371.59,370.87,370.87,80,370.81,80,370.51,40,370.5,40,370.13,40,370.12,120,370.11,320,369.74,80,369.57,80,369.51,80,371.59,40,371.6,240,,,,,,,,,,,,,,,,
2026-02-05 09:35:09,371.23,371.31,2,370.87,80,371.59,40,371.59,370.87,370.87,80,370.81,80,370.51,40,370.5,40,370.13,40,370.12,120,370.11,320,369.74,80,369.57,80,369.51,80,371.59,40,371.6,240,,,,,,,,,,,,,,,,
2026-02-05 09:35:10,370.54,371.31,2,369.84,160,371.24,40,371.24,369.84,369.84,160,369.74,80,369.57,80,369.51,80,369.38,40,369.37,80,369.0,640,368.98,40,368.88,40,368.87,40,371.24,40,371.42,120,371.59,40,371.6,240,,,,,,,,,,,,
2026-02-05 09:35:11,370.54,371.31,2,369.84,160,371.24,40,371.24,369.84,369.84,160,369.74,80,369.57,80,369.51,80,369.38,40,369.37,80,369.0,640,368.98,40,368.88,40,368.87,40,371.24,40,371.42,120,371.59,40,371.6,240,,,,,,,,,,,,
2026-02-05 09:35:12,370.81,371.31,2,370.38,40,371.24,120,371.24,370.38,370.38,40,369.85,120,369.84,160,369.74,80,369.57,80,369.51,80,369.38,40,369.37,80,369.0,640,368.98,40,371.24,120,371.42,120,371.59,40,371.6,240,,,,,,,,,,,,
2026-02-05 09:35:13,370.81,371.31,2,370.38,40,371.24,120,371.24,370.38,370.38,40,369.85,120,369.84,160,369.74,80,369.57,80,369.51,80,369.38,40,369.37,80,369.0,640,368.98,40,371.24,120,371.42,120,371.59,40,371.6,240,,,,,,,,,,,,
2026-02-05 09:35:14,370.81,371.31,2,370.38,40,371.24,120,371.24,370.38,370.38,40,369.85,120,369.84,160,369.74,80,369.57,80,369.51,80,369.38,40,369.37,80,369.0,640,368.98,40,371.24,120,371.42,120,371.59,40,371.6,240,,,,,,,,,,,,
2026-02-05 09:35:15,370.81,371.31,2,370.38,40,371.24,120,371.24,370.38,370.38,40,369.85,120,369.84,160,369.74,80,369.57,80,369.51,80,369.38,40,369.37,80,369.0,640,368.98,40,371.24,120,371.42,120,371.59,40,371.6,240,,,,,,,,,,,,
2026-02-05 09:35:16,370.81,371.31,2,370.38,40,371.24,120,371.24,370.38,370.38,40,369.85,120,369.84,160,369.74,80,369.57,80,369.51,80,369.38,40,369.37,80,369.0,640,368.98,40,371.24,120,371.42,120,371.59,40,371.6,240,,,,,,,,,,,,
2026-02-05 09:35:17,370.81,371.31,2,370.38,160,371.24,120,371.24,370.38,370.38,160,369.85,120,369.84,160,369.74,80,369.57,80,369.51,80,369.38,40,369.37,80,369.0,640,368.98,40,371.24,120,371.42,120,371.59,40,371.6,240,,,,,,,,,,,,
2026-02-05 09:35:18,370.81,370.82,1,370.38,160,371.24,120,371.24,370.38,370.38,160,369.85,120,369.84,160,369.74,80,369.57,80,369.51,80,369.38,40,369.37,80,369.0,640,368.98,40,371.24,120,371.42,120,371.59,40,371.6,240,,,,,,,,,,,,
2026-02-05 09:35:19,370.81,370.81,5,370.38,160,371.24,120,371.24,370.38,370.38,160,369.85,120,369.84,160,369.74,80,369.57,80,369.51,80,369.38,40,369.37,80,369.0,640,368.98,40,371.24,120,371.42,120,371.59,40,371.6,240,,,,,,,,,,,,
2026-02-05 09:35:20,370.81,370.81,5,370.38,160,371.24,120,371.24,370.38,370.38,160,369.85,120,369.84,160,369.74,80,369.57,80,369.51,80,369.38,40,369.37,80,369.0,640,368.98,40,371.24,120,371.42,120,371.59,40,371.6,240,,,,,,,,,,,,
2026-02-05 09:35:21,370.81,370.81,5,370.38,160,371.24,120,371.24,370.38,370.38,160,369.85,120,369.84,160,369.74,80,369.57,80,369.51,80,369.38,40,369.37,80,369.0,640,368.98,40,371.24,120,371.42,120,371.59,40,371.6,240,,,,,,,,,,,,
2026-02-05 09:35:22,370.81,370.81,5,370.38,160,371.24,120,371.24,370.38,370.38,160,369.85,120,369.84,160,369.74,80,369.57,80,369.51,80,369.38,40,369.37,80,369.0,640,368.98,40,371.24,120,371.42,120,371.59,40,371.6,240,,,,,,,,,,,,
2026-02-05 09:35:23,370.99,371.6,1,370.38,160,371.6,240,371.6,370.38,370.38,160,369.85,120,369.84,160,369.74,80,369.57,80,369.51,80,369.38,40,369.37,80,369.0,640,368.98,40,371.6,240,,,,,,,,,,,,,,,,,,
2026-02-05 09:35:24,370.99,371.6,1,370.38,160,371.6,240,371.6,370.38,370.38,160,369.85,120,369.84,160,369.74,80,369.57,80,369.51,80,369.38,40,369.37,80,369.0,640,368.98,40,371.6,240,,,,,,,,,,,,,,,,,,
2026-02-05 09:35:25,370.99,371.6,1,370.38,160,371.6,240,371.6,370.38,370.38,160,369.85,120,369.84,160,369.74,80,369.57,80,369.51,80,369.38,40,369.37,80,369.0,640,368.98,40,371.6,240,,,,,,,,,,,,,,,,,,
2026-02-05 09:35:26,370.99,371.6,1,370.38,160,371.6,240,371.6,370.38,370.38,160,369.85,120,369.84,160,369.74,80,369.57,80,369.51,80,369.38,40,369.37,80,369.0,640,368.98,40,371.6,240,,,,,,,,,,,,,,,,,,
2026-02-05 09:35:27,371.075,371.6,1,370.38,160,371.77,40,371.77,370.38,370.38,160,369.85,120,369.84,160,369.74,80,369.57,80,369.51,80,369.38,40,369.37,80,369.0,640,368.98,40,371.77,40,371.98,40,,,,,,,,,,,,,,,,
2026-02-05 09:35:28,371.085,371.6,1,370.4,40,371.77,80,371.77,370.4,370.4,40,370.38,160,369.85,120,369.84,160,369.74,80,369.57,80,369.51,80,369.38,40,369.37,80,369.0,640,371.77,80,371.98,40,,,,,,,,,,,,,,,,
2026-02-05 09:35:29,371.085,371.6,1,370.4,40,371.77,80,371.77,370.4,370.4,40,370.38,160,369.85,120,369.84,160,369.74,80,369.57,80,369.51,80,369.38,40,369.37,80,369.0,640,371.77,80,371.98,40,,,,,,,,,,,,,,,,
2026-02-05 09:35:30,371.07,371.6,1,370.38,200,371.76,40,371.76,370.38,370.38,200,369.85,120,369.84,160,369.74,80,369.57,80,369.51,80,369.38,40,369.37,80,369.0,640,368.98,40,371.76,40,371.77,80,371.98,40,,,,,,,,,,,,,,
2026-02-05 09:35:31,371.08,371.6,1,370.41,40,371.75,80,371.75,370.41,370.41,40,370.38,200,369.85,120,369.84,160,369.74,80,369.57,80,369.51,80,369.38,40,369.37,80,369.0,640,371.75,80,371.76,40,371.77,80,371.98,40,,,,,,,,,,,,
2026-02-05 09:35:32,371.08,371.6,1,370.41,40,371.75,80,371.75,370.41,370.41,40,370.38,200,369.85,120,369.84,160,369.74,80,369.57,80,369.51,80,369.38,40,369.37,80,369.0,640,371.75,80,371.76,40,371.77,80,371.98,40,,,,,,,,,,,,
2026-02-05 09:35:33,371.08,371.6,1,370.41,40,371.75,120,371.75,370.41,370.41,40,370.38,200,369.85,120,369.84,160,369.74,80,369.57,80,369.51,80,369.38,40,369.37,80,369.0,640,371.75,120,371.76,40,371.77,80,371.98,40,,,,,,,,,,,,
2026-02-05 09:35:34,371.08,371.08,1,370.41,40,371.75,120,371.75,370.41,370.41,40,370.38,200,369.85,120,369.84,160,369.74,80,369.57,80,369.51,80,369.38,40,369.37,80,369.0,640,371.75,120,371.76,40,371.77,80,371.98,40,,,,,,,,,,,,
2026-02-05 09:35:35,371.08,371.08,1,370.41,40,371.75,120,371.75,370.41,370.41,40,370.38,200,369.85,120,369.84,160,369.74,80,369.57,80,369.51,80,369.38,40,369.37,80,369.0,640,371.75,120,371.76,40,371.77,80,371.98,40,,,,,,,,,,,,
2026-02-05 09:35:36,371.17,371.08,1,370.41,80,371.93,40,371.93,370.41,370.41,80,370.38,200,369.85,120,369.84,160,369.74,80,369.57,80,369.51,80,369.38,40,369.37,80,369.0,640,371.93,40,371.98,40,,,,,,,,,,,,,,,,
2026-02-05 09:35:37,371.195,371.08,1,370.41,80,371.98,40,371.98,370.41,370.41,80,370.38,200,369.85,120,369.84,160,369.74,80,369.57,80,369.51,80,369.38,40,369.37,80,369.0,640,371.98,40,,,,,,,,,,,,,,,,,,
2026-02-05 09:35:38,371.165,371.08,1,370.42,80,371.91,120,371.91,370.42,370.42,80,370.41,80,370.38,200,369.85,120,369.84,160,369.74,80,369.57,80,369.51,80,369.38,40,369.37,80,371.91,120,371.98,40,,,,,,,,,,,,,,,,
2026-02-05 09:35:39,371.165,371.08,1,370.42,200,371.91,120,371.91,370.42,370.42,200,370.41,80,370.38,200,369.85,120,369.84,160,369.74,80,369.57,80,369.51,80,369.38,40,369.37,80,371.91,120,371.98,40,,,,,,,,,,,,,,,,
2026-02-05 09:35:40,371.165,371.08,1,370.42,240,371.91,120,371.91,370.42,370.42,240,370.41,80,370.38,200,369.85,120,369.84,160,369.74,80,369.57,80,369.51,80,369.38,40,369.37,80,371.91,120,371.98,40,,,,,,,,,,,,,,,,
2026-02-05 09:35:41,371.16,371.08,1,370.42,240,371.9,80,371.9,370.42,370.42,240,370.41,80,370.38,200,369.85,120,369.84,160,369.74,80,369.57,80,369.51,80,369.38,40,369.37,80,371.9,80,371.91,120,371.98,40,,,,,,,,,,,,,,
2026-02-05 09:35:42,371.2,371.91,1,370.42,240,371.98,80,371.98,370.42,370.42,240,370.41,80,370.38,200,369.85,120,369.84,160,369.74,80,369.57,80,369.51,80,369.38,40,369.37,80,371.98,80,,,,,,,,,,,,,,,,,,
2026-02-05 09:35:43,371.2,371.91,1,370.42,240,371.98,40,371.98,370.42,370.42,240,370.41,80,370.38,200,369.85,120,369.84,160,369.74,80,369.57,80,369.51,80,369.38,40,369.37,80,371.98,40,372.0,240,,,,,,,,,,,,,,,,
2026-02-05 09:35:44,371.2,371.91,1,370.42,120,371.98,40,371.98,370.42,370.42,120,370.41,80,370.38,200,369.85,120,369.84,160,369.74,80,369.57,80,369.51,80,369.38,40,369.37,80,371.98,40,372.0,240,,,,,,,,,,,,,,,,
2026-02-05 09:35:45,371.2,371.91,1,370.42,120,371.98,40,371.98,370.42,370.42,120,370.41,80,370.38,200,369.85,120,369.84,160,369.74,80,369.57,80,369.51,80,369.38,40,369.37,80,371.98,40,372.0,240,,,,,,,,,,,,,,,,
2026-02-05 09:35:46,371.585,371.91,1,371.19,80,371.98,40,371.98,371.19,371.19,80,370.42,120,370.41,80,370.38,200,369.85,120,369.84,160,369.74,80,369.57,80,369.51,80,369.38,40,371.98,40,372.0,240,,,,,,,,,,,,,,,,
2026-02-05 09:35:47,371.585,371.91,1,371.19,80,371.98,40,371.98,371.19,371.19,80,370.42,120,370.41,80,370.38,200,369.85,120,369.84,160,369.74,80,369.57,80,369.51,80,369.38,40,371.98,40,372.0,240,,,,,,,,,,,,,,,,
2026-02-05 09:35:48,371.585,371.91,1,371.19,80,371.98,40,371.98,371.19,371.19,80,370.42,120,370.41,80,370.38,200,369.85,120,369.84,160,369.74,80,369.57,80,369.51,80,369.38,40,371.98,40,372.0,240,,,,,,,,,,,,,,,,
2026-02-05 09:35:49,371.585,371.91,1,371.19,80,371.98,40,371.98,371.19,371.19,80,370.42,120,370.41,80,370.38,200,369.85,120,369.84,160,369.74,80,369.57,80,369.51,80,369.38,40,371.98,40,372.0,240,,,,,,,,,,,,,,,,
2026-02-05 09:35:50,371.585,371.91,1,371.19,80,371.98,40,371.98,371.19,371.19,80,370.42,120,370.41,80,370.38,200,369.85,120,369.84,160,369.74,80,369.57,80,369.51,80,369.38,40,371.98,40,372.0,240,,,,,,,,,,,,,,,,
2026-02-05 09:35:51,371.585,371.91,1,371.19,80,371.98,40,371.98,371.19,371.19,80,370.42,120,370.41,80,370.38,200,369.85,120,369.84,160,369.74,80,369.57,80,369.51,80,369.38,40,371.98,40,372.0,240,,,,,,,,,,,,,,,,
2026-02-05 09:35:52,371.585,371.91,1,371.19,80,371.98,40,371.98,371.19,371.19,80,370.42,120,370.41,80,370.38,200,369.85,120,369.84,160,369.74,80,369.57,80,369.51,80,369.38,40,371.98,40,372.0,240,,,,,,,,,,,,,,,,
2026-02-05 09:35:53,371.585,371.91,1,371.19,80,371.98,40,371.98,371.19,371.19,80,370.42,120,370.41,80,370.38,200,369.85,120,369.84,160,369.74,80,369.57,80,369.51,80,369.38,40,371.98,40,372.0,240,,,,,,,,,,,,,,,,
2026-02-05 09:35:54,371.585,371.91,1,371.19,80,371.98,40,371.98,371.19,371.19,80,370.42,120,370.41,80,370.38,200,369.85,120,369.84,160,369.74,80,369.57,80,369.51,80,369.38,40,371.98,40,372.0,240,,,,,,,,,,,,,,,,
2026-02-05 09:35:55,371.585,371.91,1,371.19,80,371.98,40,371.98,371.19,371.19,80,370.42,120,370.41,80,370.38,200,369.85,120,369.84,160,369.74,80,369.57,80,369.51,80,369.38,40,371.98,40,371.99,240,372.0,240,,,,,,,,,,,,,,
2026-02-05 09:35:56,371.585,371.91,1,371.19,80,371.98,40,371.98,371.19,371.19,80,370.42,120,370.41,80,370.38,200,369.85,120,369.84,160,369.74,80,369.57,80,369.51,80,369.38,40,371.98,40,371.99,240,372.0,240,,,,,,,,,,,,,,
2026-02-05 09:35:57,371.585,371.91,1,371.19,80,371.98,40,371.98,371.19,371.19,80,370.42,120,370.41,80,370.38,200,369.85,120,369.84,160,369.74,80,369.57,80,369.51,80,369.38,40,371.98,40,371.99,240,372.0,240,,,,,,,,,,,,,,
2026-02-05 09:35:58,371.585,371.97,1,371.19,80,371.98,40,371.98,371.19,371.19,80,370.42,120,370.41,80,370.38,200,369.85,120,369.84,160,369.74,80,369.57,80,369.51,80,369.38,40,371.98,40,371.99,240,372.0,240,,,,,,,,,,,,,,
2026-02-05 09:35:59,371.585,371.98,5,371.19,200,371.98,40,371.98,371.19,371.19,200,370.42,120,370.41,80,370.38,200,369.85,120,369.84,160,369.74,80,369.57,80,369.51,80,369.38,40,371.98,40,371.99,240,372.0,240,,,,,,,,,,,,,,
2026-02-05 09:36:00,371.895,372.1,1,371.19,200,372.6,80,372.6,371.19,371.19,200,370.42,120,370.41,80,370.38,200,369.85,120,369.84,160,369.74,80,369.57,80,369.51,80,369.38,40,372.6,80,,,,,,,,,,,,,,,,,,
2026-02-05 09:36:02,371.895,372.1,1,371.19,200,372.6,80,372.6,371.19,371.19,200,370.42,120,370.41,80,370.38,200,369.85,120,369.84,160,369.74,80,369.57,80,369.51,80,369.38,40,372.6,80,,,,,,,,,,,,,,,,,,
2026-02-05 09:36:02,371.895,372.1,1,371.19,200,372.6,40,372.6,371.19,371.19,200,370.42,120,370.41,80,370.38,200,369.85,120,369.84,160,369.74,80,369.57,80,369.51,80,369.38,40,372.6,40,,,,,,,,,,,,,,,,,,
2026-02-05 09:36:03,371.895,372.1,1,371.19,200,372.6,40,372.6,371.19,371.19,200,370.42,120,370.41,80,370.38,200,369.85,120,369.84,160,369.74,80,369.57,80,369.51,80,369.38,40,372.6,40,,,,,,,,,,,,,,,,,,
2026-02-05 09:36:04,371.9,372.1,1,371.2,40,372.6,40,372.6,371.2,371.2,40,371.19,200,370.42,120,370.41,80,370.38,200,369.85,120,369.84,160,369.74,80,369.57,80,369.51,80,372.6,40,,,,,,,,,,,,,,,,,,
2026-02-05 09:36:06,371.9,372.1,1,371.2,40,372.6,40,372.6,371.2,371.2,40,371.19,200,370.42,120,370.41,80,370.38,200,369.85,120,369.84,160,369.74,80,369.57,80,369.51,80,372.6,40,,,,,,,,,,,,,,,,,,
2026-02-05 09:36:06,371.9,372.1,1,371.2,80,372.6,40,372.6,371.2,371.2,80,371.19,200,370.42,120,370.41,80,370.38,200,369.85,120,369.84,160,369.74,80,369.57,80,369.51,80,372.6,40,,,,,,,,,,,,,,,,,,
2026-02-05 09:36:07,371.9,372.1,1,371.2,80,372.6,40,372.6,371.2,371.2,80,371.19,200,370.42,120,370.41,80,370.38,200,369.85,120,369.84,160,369.74,80,369.57,80,369.51,80,372.6,40,,,,,,,,,,,,,,,,,,
2026-02-05 09:36:08,371.9,372.1,1,371.2,80,372.6,40,372.6,371.2,371.2,80,371.19,200,370.42,120,370.41,80,370.38,200,369.85,120,369.84,160,369.74,80,369.57,80,369.51,80,372.6,40,,,,,,,,,,,,,,,,,,
2026-02-05 09:36:09,371.9,372.1,1,371.2,80,372.6,40,372.6,371.2,371.2,80,371.19,200,370.42,120,370.41,80,370.38,200,369.85,120,369.84,160,369.74,80,369.57,80,369.51,80,372.6,40,,,,,,,,,,,,,,,,,,
2026-02-05 09:36:11,371.9,372.1,1,371.2,80,372.6,40,372.6,371.2,371.2,80,371.19,200,370.42,120,370.41,80,370.38,200,369.85,120,369.84,160,369.74,80,369.57,80,369.51,80,372.6,40,,,,,,,,,,,,,,,,,,
2026-02-05 09:36:12,371.9,372.1,1,371.2,80,372.6,40,372.6,371.2,371.2,80,371.19,200,370.42,120,370.41,80,370.38,200,369.85,120,369.84,160,369.74,80,369.57,80,369.51,80,372.6,40,,,,,,,,,,,,,,,,,,
2026-02-05 09:36:13,371.9,372.1,1,371.2,80,372.6,40,372.6,371.2,371.2,80,371.19,200,370.42,120,370.41,80,370.38,200,369.85,120,369.84,160,369.74,80,369.57,80,369.51,80,372.6,40,,,,,,,,,,,,,,,,,,
2026-02-05 09:36:13,371.9,372.1,1,371.2,80,372.6,40,372.6,371.2,371.2,80,371.19,200,370.42,120,370.41,80,370.38,200,369.85,120,369.84,160,369.74,80,369.57,80,369.51,80,372.6,40,,,,,,,,,,,,,,,,,,
2026-02-05 09:36:15,371.9,372.1,1,371.2,160,372.6,40,372.6,371.2,371.2,160,371.19,200,370.42,120,370.41,80,370.38,200,369.85,120,369.84,160,369.74,80,369.57,80,369.51,80,372.6,40,,,,,,,,,,,,,,,,,,
2026-02-05 09:36:16,371.91,372.1,1,371.22,80,372.6,40,372.6,371.22,371.22,80,371.2,160,371.19,200,370.42,120,370.41,80,370.38,200,369.85,120,369.84,160,369.74,80,369.57,80,372.6,40,,,,,,,,,,,,,,,,,,
2026-02-05 09:36:17,371.91,372.1,1,371.22,80,372.6,40,372.6,371.22,371.22,80,371.2,160,371.19,200,370.42,120,370.41,80,370.38,200,369.85,120,369.84,160,369.74,80,369.57,80,372.6,40,,,,,,,,,,,,,,,,,,
2026-02-05 09:36:18,371.91,372.1,1,371.22,80,372.6,40,372.6,371.22,371.22,80,371.2,160,371.19,200,370.42,120,370.41,80,370.38,200,369.85,120,369.84,160,369.74,80,369.57,80,372.6,40,,,,,,,,,,,,,,,,,,
2026-02-05 09:36:19,371.91,372.1,1,371.22,80,372.6,40,372.6,371.22,371.22,80,371.2,160,371.19,200,370.42,120,370.41,80,370.38,200,369.85,120,369.84,160,369.74,80,369.57,80,372.6,40,,,,,,,,,,,,,,,,,,
2026-02-05 09:36:20,371.91,372.1,1,371.22,80,372.6,40,372.6,371.22,371.22,80,371.2,160,371.19,200,370.42,120,370.41,80,370.38,200,369.85,120,369.84,160,369.74,80,369.57,80,372.6,40,,,,,,,,,,,,,,,,,,
2026-02-05 09:36:21,371.91,372.1,1,371.22,80,372.6,40,372.6,371.22,371.22,80,371.2,160,371.19,200,370.42,120,370.41,80,370.38,200,369.85,120,369.84,160,369.74,80,369.57,80,372.6,40,,,,,,,,,,,,,,,,,,
2026-02-05 09:36:22,371.91,372.1,1,371.22,80,372.6,40,372.6,371.22,371.22,80,371.2,160,371.19,200,370.42,120,370.41,80,370.38,200,369.85,120,369.84,160,369.74,80,369.57,80,372.6,40,,,,,,,,,,,,,,,,,,
2026-02-05 09:36:23,371.91,372.1,1,371.22,80,372.6,40,372.6,371.22,371.22,80,371.2,160,371.19,200,370.42,120,370.41,80,370.38,200,369.85,120,369.84,160,369.74,80,369.57,80,372.6,40,,,,,,,,,,,,,,,,,,
2026-02-05 09:36:24,372.25,372.1,1,371.9,80,372.6,80,372.6,371.9,371.9,80,371.22,80,371.2,160,371.19,200,370.42,120,370.41,80,370.38,200,369.85,120,369.84,160,369.74,80,372.6,80,,,,,,,,,,,,,,,,,,
2026-02-05 09:36:25,372.25,372.1,1,371.9,80,372.6,80,372.6,371.9,371.9,80,371.22,80,371.2,160,371.19,200,370.42,120,370.41,80,370.38,200,369.85,120,369.84,160,369.74,80,372.6,80,,,,,,,,,,,,,,,,,,
2026-02-05 09:36:26,372.25,372.25,1,371.9,80,372.6,80,372.6,371.9,371.9,80,371.22,80,371.2,160,371.19,200,370.42,120,370.41,80,370.38,200,369.85,120,369.84,160,369.74,80,372.6,80,,,,,,,,,,,,,,,,,,
2026-02-05 09:36:27,372.25,372.25,1,371.9,80,372.6,80,372.6,371.9,371.9,80,371.22,80,371.2,160,371.19,200,370.42,120,370.41,80,370.38,200,369.85,120,369.84,160,369.74,80,372.6,80,,,,,,,,,,,,,,,,,,
2026-02-05 09:36:28,372.23,372.25,1,371.9,80,372.56,40,372.56,371.9,371.9,80,371.22,80,371.2,160,371.19,200,370.42,120,370.41,80,370.38,200,369.85,120,369.84,160,369.74,80,372.56,40,372.6,80,,,,,,,,,,,,,,,,
2026-02-05 09:36:29,372.23,372.25,1,371.9,80,372.56,80,372.56,371.9,371.9,80,371.22,80,371.2,160,371.19,200,370.42,120,370.41,80,370.38,200,369.85,120,369.84,160,369.74,80,372.56,80,372.6,80,,,,,,,,,,,,,,,,
2026-02-05 09:36:30,372.23,372.25,1,371.9,80,372.56,80,372.56,371.9,371.9,80,371.22,80,371.2,160,371.19,200,370.42,120,370.41,80,370.38,200,369.85,120,369.84,160,369.74,80,372.56,80,372.6,80,,,,,,,,,,,,,,,,
2026-02-05 09:36:31,372.23,372.25,1,371.9,80,372.56,80,372.56,371.9,371.9,80,371.22,80,371.2,160,371.19,200,370.42,120,370.41,80,370.38,200,369.85,120,369.84,160,369.74,80,372.56,80,372.6,80,,,,,,,,,,,,,,,,
2026-02-05 09:36:32,372.23,372.25,1,371.9,280,372.56,80,372.56,371.9,371.9,280,371.22,80,371.2,160,371.19,200,370.42,120,370.41,80,370.38,200,369.85,120,369.84,160,369.74,80,372.56,80,372.6,80,,,,,,,,,,,,,,,,
2026-02-05 09:36:33,372.23,372.25,1,371.9,280,372.56,80,372.56,371.9,371.9,280,371.22,80,371.2,160,371.19,200,370.42,120,370.41,80,370.38,200,369.85,120,369.84,160,369.74,80,372.56,80,372.6,80,,,,,,,,,,,,,,,,
2026-02-05 09:36:34,372.235,372.25,1,371.91,80,372.56,80,372.56,371.91,371.91,80,371.9,280,371.22,80,371.2,160,371.19,200,370.42,120,370.41,80,370.38,200,369.85,120,369.84,160,372.56,80,372.6,80,,,,,,,,,,,,,,,,
2026-02-05 09:36:35,372.235,372.25,1,371.91,80,372.56,80,372.56,371.91,371.91,80,371.9,280,371.22,80,371.2,160,371.19,200,370.42,120,370.41,80,370.38,200,369.85,120,369.84,160,372.56,80,372.6,80,,,,,,,,,,,,,,,,
2026-02-05 09:36:36,372.235,372.25,1,371.91,80,372.56,80,372.56,371.91,371.91,80,371.9,280,371.22,80,371.2,160,371.19,200,370.42,120,370.41,80,370.38,200,369.85,120,369.84,160,372.56,80,372.6,80,,,,,,,,,,,,,,,,
2026-02-05 09:36:37,372.25,372.56,50,371.91,200,372.59,80,372.59,371.91,371.91,200,371.9,280,371.22,80,371.2,160,371.19,200,370.42,120,370.41,80,370.38,200,369.85,120,369.84,160,372.59,80,372.6,80,,,,,,,,,,,,,,,,
2026-02-05 09:36:38,372.25,372.54,1,371.91,200,372.59,80,372.59,371.91,371.91,200,371.9,280,371.22,80,371.2,160,371.19,200,370.42,120,370.41,80,370.38,200,369.85,120,369.84,160,372.59,80,372.6,80,,,,,,,,,,,,,,,,
2026-02-05 09:36:39,372.245,372.54,1,371.91,200,372.58,120,372.58,371.91,371.91,200,371.9,280,371.22,80,371.2,160,371.19,200,370.42,120,370.41,80,370.38,200,369.85,120,369.84,160,372.58,120,372.59,80,372.6,80,,,,,,,,,,,,,,
2026-02-05 09:36:40,371.835,371.84,1,371.21,40,372.46,80,372.46,371.21,371.21,40,371.2,120,371.19,200,370.42,120,370.41,80,370.38,200,369.85,120,369.84,160,369.74,80,369.57,80,372.46,80,372.47,120,372.58,160,372.59,80,372.6,80,,,,,,,,,,
2026-02-05 09:36:41,371.835,371.84,1,371.21,40,372.46,80,372.46,371.21,371.21,40,371.2,120,371.19,200,370.42,120,370.41,80,370.38,200,369.85,120,369.84,160,369.74,80,369.57,80,372.46,80,372.47,120,372.58,160,372.59,80,372.6,80,,,,,,,,,,
2026-02-05 09:36:42,371.835,371.84,1,371.21,40,372.46,80,372.46,371.21,371.21,40,371.2,120,371.19,200,370.42,120,370.41,80,370.38,200,369.85,120,369.84,160,369.74,80,369.57,80,372.46,80,372.47,120,372.58,160,372.59,80,372.6,80,,,,,,,,,,
2026-02-05 09:36:43,371.835,371.84,1,371.21,40,372.46,80,372.46,371.21,371.21,40,371.2,120,371.19,200,370.42,120,370.41,80,370.38,200,369.85,120,369.84,160,369.74,80,369.57,80,372.46,80,372.47,120,372.58,160,372.59,80,372.6,80,,,,,,,,,,
2026-02-05 09:36:44,371.835,371.84,1,371.21,40,372.46,80,372.46,371.21,371.21,40,371.2,120,371.19,200,370.42,120,370.41,80,370.38,200,369.85,120,369.84,160,369.74,80,369.57,80,372.46,80,372.47,120,372.58,160,372.59,80,372.6,80,,,,,,,,,,
2026-02-05 09:36:45,371.835,371.84,1,371.21,40,372.46,80,372.46,371.21,371.21,40,371.2,120,371.19,200,370.42,120,370.41,80,370.38,200,369.85,120,369.84,160,369.74,80,369.57,80,372.46,80,372.47,120,372.58,160,372.59,80,372.6,80,,,,,,,,,,
2026-02-05 09:36:46,371.835,371.84,1,371.21,40,372.46,80,372.46,371.21,371.21,40,371.2,120,371.19,200,370.42,120,370.41,80,370.38,200,369.85,120,369.84,160,369.74,80,369.57,80,372.46,80,372.47,120,372.58,160,372.59,80,372.6,80,,,,,,,,,,
2026-02-05 09:36:47,371.835,371.84,1,371.21,40,372.46,80,372.46,371.21,371.21,40,371.2,120,371.19,200,370.42,120,370.41,80,370.38,200,369.85,120,369.84,160,369.74,80,369.57,80,372.46,80,372.47,120,372.58,160,372.59,80,372.6,80,,,,,,,,,,
2026-02-05 09:36:48,371.835,371.84,1,371.21,40,372.46,80,372.46,371.21,371.21,40,371.2,120,371.19,200,370.42,120,370.41,80,370.38,200,369.85,120,369.84,160,369.74,80,369.57,80,372.46,80,372.47,120,372.58,160,372.59,80,372.6,80,,,,,,,,,,
2026-02-05 09:36:49,371.835,371.84,1,371.21,40,372.46,80,372.46,371.21,371.21,40,371.2,120,371.19,200,370.42,120,370.41,80,370.38,200,369.85,120,369.84,160,369.74,80,369.57,80,372.46,80,372.47,120,372.58,160,372.59,80,372.6,80,,,,,,,,,,
2026-02-05 09:36:50,371.835,371.84,1,371.21,40,372.46,120,372.46,371.21,371.21,40,371.2,120,371.19,200,370.42,120,370.41,80,370.38,200,369.85,120,369.84,160,369.74,80,369.57,80,372.46,120,372.47,120,372.58,160,372.59,80,372.6,80,,,,,,,,,,
2026-02-05 09:36:51,371.835,371.84,1,371.21,40,372.46,120,372.46,371.21,371.21,40,371.2,120,371.19,200,370.42,120,370.41,80,370.38,200,369.85,120,369.84,160,369.74,80,369.57,80,372.46,120,372.47,120,372.58,160,372.59,80,372.6,80,,,,,,,,,,
2026-02-05 09:36:52,371.835,371.84,1,371.21,80,372.46,120,372.46,371.21,371.21,80,371.2,120,371.19,200,370.42,120,370.41,80,370.38,200,369.85,120,369.84,160,369.74,80,369.57,80,372.46,120,372.47,120,372.58,160,372.59,80,372.6,80,,,,,,,,,,
2026-02-05 09:36:53,371.835,371.84,1,371.21,80,372.46,120,372.46,371.21,371.21,80,371.2,120,371.19,200,370.42,120,370.41,80,370.38,200,369.85,120,369.84,160,369.74,80,369.57,80,372.46,120,372.47,120,372.58,160,372.59,80,372.6,80,,,,,,,,,,
2026-02-05 09:36:54,371.835,371.84,1,371.21,80,372.46,120,372.46,371.21,371.21,80,371.2,120,371.19,200,370.42,120,370.41,80,370.38,200,369.85,120,369.84,160,369.74,80,369.57,80,372.46,120,372.47,120,372.58,160,372.59,80,372.6,80,,,,,,,,,,
2026-02-05 09:36:55,371.835,371.84,1,371.21,80,372.46,120,372.46,371.21,371.21,80,371.2,120,371.19,200,370.42,120,370.41,80,370.38,200,369.85,120,369.84,160,369.74,80,369.57,80,372.46,120,372.47,120,372.58,160,372.59,80,372.6,80,,,,,,,,,,
2026-02-05 09:36:56,371.835,371.84,1,371.21,80,372.46,120,372.46,371.21,371.21,80,371.2,120,371.19,200,370.42,120,370.41,80,370.38,200,369.85,120,369.84,160,369.74,80,369.57,80,372.46,120,372.47,120,372.58,160,372.59,80,372.6,80,,,,,,,,,,
2026-02-05 09:36:57,371.835,371.84,1,371.21,80,372.46,120,372.46,371.21,371.21,80,371.2,120,371.19,200,370.42,120,370.41,80,370.38,200,369.85,120,369.84,160,369.74,80,369.57,80,372.46,120,372.47,120,372.58,160,372.59,80,372.6,80,,,,,,,,,,
2026-02-05 09:36:58,371.835,371.97,1,371.21,120,372.46,120,372.46,371.21,371.21,120,371.2,120,371.19,200,370.42,120,370.41,80,370.38,200,369.85,120,369.84,160,369.74,80,369.57,80,372.46,120,372.47,120,372.58,160,372.59,80,372.6,80,,,,,,,,,,
2026-02-05 09:36:59,371.755,371.97,1,371.21,120,372.3,80,372.3,371.21,371.21,120,371.2,120,371.19,200,370.42,120,370.41,80,370.38,200,369.85,120,369.84,160,369.74,80,369.57,80,372.3,80,372.46,120,372.47,120,372.58,160,372.59,80,372.6,80,,,,,,,,
2026-02-05 09:37:00,371.755,371.97,1,371.21,200,372.3,160,372.3,371.21,371.21,200,371.2,120,371.19,200,370.42,120,370.41,80,370.38,200,369.85,120,369.84,160,369.74,80,369.57,80,372.3,160,372.46,120,372.47,120,372.58,160,372.59,80,372.6,80,,,,,,,,
2026-02-05 09:37:01,371.755,371.97,1,371.21,200,372.3,160,372.3,371.21,371.21,200,371.2,120,371.19,200,370.42,120,370.41,80,370.38,200,369.85,120,369.84,160,369.74,80,369.57,80,372.3,160,372.46,120,372.47,120,372.58,160,372.59,80,372.6,80,,,,,,,,
2026-02-05 09:37:02,371.755,371.97,1,371.21,200,372.3,160,372.3,371.21,371.21,200,371.2,120,371.19,200,370.42,120,370.41,80,370.38,200,369.85,120,369.84,160,369.74,80,369.57,80,372.3,160,372.46,120,372.47,120,372.58,160,372.59,80,372.6,80,,,,,,,,
2026-02-05 09:37:03,371.75,371.97,1,371.21,200,372.29,80,372.29,371.21,371.21,200,371.2,120,371.19,200,370.42,120,370.41,80,370.38,200,369.85,120,369.84,160,369.74,80,369.57,80,372.29,80,372.3,160,372.46,120,372.47,120,372.58,160,372.59,80,372.6,80,,,,,,
2026-02-05 09:37:04,371.75,371.97,1,371.21,200,372.29,80,372.29,371.21,371.21,200,371.2,120,371.19,200,370.42,120,370.41,80,370.38,200,369.85,120,369.84,160,369.74,80,369.57,80,372.29,80,372.3,160,372.46,120,372.47,120,372.58,160,372.59,80,372.6,80,,,,,,
2026-02-05 09:37:05,371.75,371.97,1,371.21,200,372.29,80,372.29,371.21,371.21,200,371.2,120,371.19,200,370.42,120,370.41,80,370.38,200,369.85,120,369.84,160,369.74,80,369.57,80,372.29,80,372.3,160,372.46,120,372.47,120,372.58,160,372.59,80,372.6,80,,,,,,
2026-02-05 09:37:06,371.75,371.97,1,371.21,200,372.29,80,372.29,371.21,371.21,200,371.2,120,371.19,200,370.42,120,370.41,80,370.38,200,369.85,120,369.84,160,369.74,80,369.57,80,372.29,80,372.3,160,372.46,120,372.47,120,372.58,160,372.59,80,372.6,80,,,,,,
2026-02-05 09:37:07,371.75,371.97,1,371.21,200,372.29,80,372.29,371.21,371.21,200,371.2,120,371.19,200,370.42,120,370.41,80,370.38,200,369.85,120,369.84,160,369.74,80,369.57,80,372.29,80,372.3,160,372.46,120,372.47,120,372.58,160,372.59,80,372.6,80,,,,,,
2026-02-05 09:37:08,371.75,371.97,1,371.21,200,372.29,80,372.29,371.21,371.21,200,371.2,120,371.19,200,370.42,120,370.41,80,370.38,200,369.85,120,369.84,160,369.74,80,369.57,80,372.29,80,372.3,160,372.46,120,372.47,120,372.58,160,372.59,80,372.6,80,,,,,,
2026-02-05 09:37:09,371.75,371.64,3,371.21,200,372.29,80,372.29,371.21,371.21,200,371.2,120,371.19,200,370.42,120,370.41,80,370.38,200,369.85,120,369.84,160,369.74,80,369.57,80,372.29,80,372.3,160,372.46,120,372.47,120,372.58,160,372.59,80,372.6,80,,,,,,
2026-02-05 09:37:10,371.75,371.5,2,371.21,200,372.29,80,372.29,371.21,371.21,200,371.2,120,371.19,200,370.42,120,370.41,80,370.38,200,369.85,120,369.84,160,369.74,80,369.57,80,372.29,80,372.3,160,372.46,120,372.47,120,372.58,160,372.59,80,372.6,80,,,,,,
2026-02-05 09:37:11,371.75,371.5,2,371.21,200,372.29,80,372.29,371.21,371.21,200,371.2,120,371.19,200,370.42,120,370.41,80,370.38,200,369.85,120,369.84,160,369.74,80,369.57,80,372.29,80,372.3,160,372.46,120,372.47,120,372.58,160,372.59,80,372.6,80,,,,,,
2026-02-05 09:37:12,372.105,372.3,1,371.21,200,373.0,120,373.0,371.21,371.21,200,371.2,120,371.19,200,370.42,120,370.41,80,370.38,200,369.85,120,369.84,160,369.74,80,369.57,80,373.0,120,,,,,,,,,,,,,,,,,,
2026-02-05 09:37:13,372.15,372.3,1,371.3,40,373.0,120,373.0,371.3,371.3,40,371.21,200,371.2,120,371.19,200,370.42,120,370.41,80,370.38,200,369.85,120,369.84,160,369.74,80,373.0,120,,,,,,,,,,,,,,,,,,
2026-02-05 09:37:14,372.15,372.3,1,371.3,40,373.0,120,373.0,371.3,371.3,40,371.21,200,371.2,120,371.19,200,370.42,120,370.41,80,370.38,200,369.85,120,369.84,160,369.74,80,373.0,120,,,,,,,,,,,,,,,,,,
2026-02-05 09:37:15,372.335,372.88,1,371.3,80,373.37,80,373.37,371.3,371.3,80,371.21,200,371.2,120,371.19,200,370.42,120,370.41,80,370.38,200,369.85,120,369.84,160,369.74,80,373.37,80,,,,,,,,,,,,,,,,,,
2026-02-05 09:37:16,372.755,372.88,1,372.14,40,373.37,80,373.37,372.14,372.14,40,371.3,40,371.21,200,371.2,120,371.19,200,370.42,120,370.41,80,370.38,200,369.85,120,369.84,160,373.37,80,,,,,,,,,,,,,,,,,,
2026-02-05 09:37:16,372.755,372.88,1,372.14,40,373.37,80,373.37,372.14,372.14,40,371.3,40,371.21,200,371.2,120,371.19,200,370.42,120,370.41,80,370.38,200,369.85,120,369.84,160,373.37,80,,,,,,,,,,,,,,,,,,
2026-02-05 09:37:18,372.755,372.88,1,372.14,40,373.37,80,373.37,372.14,372.14,40,371.3,40,371.21,200,371.2,120,371.19,200,370.42,120,370.41,80,370.38,200,369.85,120,369.84,160,373.37,80,,,,,,,,,,,,,,,,,,
2026-02-05 09:37:19,372.755,372.88,1,372.14,40,373.37,80,373.37,372.14,372.14,40,371.3,40,371.21,200,371.2,120,371.19,200,370.42,120,370.41,80,370.38,200,369.85,120,369.84,160,373.37,80,,,,,,,,,,,,,,,,,,
2026-02-05 09:37:20,372.755,372.88,1,372.14,40,373.37,80,373.37,372.14,372.14,40,371.3,40,371.21,200,371.2,120,371.19,200,370.42,120,370.41,80,370.38,200,369.85,120,369.84,160,373.37,80,,,,,,,,,,,,,,,,,,
2026-02-05 09:37:21,372.755,372.88,1,372.14,40,373.37,80,373.37,372.14,372.14,40,371.3,40,371.21,200,371.2,120,371.19,200,370.42,120,370.41,80,370.38,200,369.85,120,369.84,160,373.37,80,,,,,,,,,,,,,,,,,,
2026-02-05 09:37:22,372.755,372.88,1,372.14,40,373.37,80,373.37,372.14,372.14,40,371.3,40,371.21,200,371.2,120,371.19,200,370.42,120,370.41,80,370.38,200,369.85,120,369.84,160,373.37,80,,,,,,,,,,,,,,,,,,
2026-02-05 09:37:23,372.755,372.88,1,372.14,40,373.37,80,373.37,372.14,372.14,40,371.3,40,371.21,200,371.2,120,371.19,200,370.42,120,370.41,80,370.38,200,369.85,120,369.84,160,373.37,80,,,,,,,,,,,,,,,,,,
2026-02-05 09:37:24,372.755,372.88,1,372.14,40,373.37,80,373.37,372.14,372.14,40,371.3,40,371.21,200,371.2,120,371.19,200,370.42,120,370.41,80,370.38,200,369.85,120,369.84,160,373.37,80,,,,,,,,,,,,,,,,,,
2026-02-05 09:37:25,372.755,372.88,1,372.14,40,373.37,80,373.37,372.14,372.14,40,371.3,40,371.21,200,371.2,120,371.19,200,370.42,120,370.41,80,370.38,200,369.85,120,369.84,160,373.37,80,,,,,,,,,,,,,,,,,,
2026-02-05 09:37:26,372.66,372.88,1,372.14,120,373.18,40,373.18,372.14,372.14,120,371.3,40,371.21,200,371.2,120,371.19,200,370.42,120,370.41,80,370.38,200,369.85,120,369.84,160,373.18,40,373.37,80,,,,,,,,,,,,,,,,
2026-02-05 09:37:27,372.66,372.88,1,372.14,120,373.18,40,373.18,372.14,372.14,120,371.3,40,371.21,200,371.2,120,371.19,200,370.42,120,370.41,80,370.38,200,369.85,120,369.84,160,373.18,40,373.37,80,,,,,,,,,,,,,,,,
2026-02-05 09:37:28,372.66,372.88,1,372.14,80,373.18,160,373.18,372.14,372.14,80,371.3,40,371.21,200,371.2,120,371.19,200,370.42,120,370.41,80,370.38,200,369.85,120,369.84,160,373.18,160,373.37,80,,,,,,,,,,,,,,,,
2026-02-05 09:37:29,372.66,372.88,1,372.14,80,373.18,160,373.18,372.14,372.14,80,371.3,40,371.21,200,371.2,120,371.19,200,370.42,120,370.41,80,370.38,200,369.85,120,369.84,160,373.18,160,373.37,80,,,,,,,,,,,,,,,,
2026-02-05 09:37:30,372.66,372.88,1,372.14,80,373.18,120,373.18,372.14,372.14,80,371.3,40,371.21,200,371.2,120,371.19,200,370.42,120,370.41,80,370.38,200,369.85,120,369.84,160,373.18,120,373.37,80,,,,,,,,,,,,,,,,
2026-02-05 09:37:31,372.66,372.88,1,372.14,80,373.18,120,373.18,372.14,372.14,80,371.3,40,371.21,200,371.2,120,371.19,200,370.42,120,370.41,80,370.38,200,369.85,120,369.84,160,373.18,120,373.37,80,,,,,,,,,,,,,,,,
2026-02-05 09:37:32,372.66,372.88,1,372.14,120,373.18,120,373.18,372.14,372.14,120,371.3,40,371.21,200,371.2,120,371.19,200,370.42,120,370.41,80,370.38,200,369.85,120,369.84,160,373.18,120,373.37,80,,,,,,,,,,,,,,,,
2026-02-05 09:37:33,372.66,372.88,1,372.14,120,373.18,120,373.18,372.14,372.14,120,371.3,40,371.21,200,371.2,120,371.19,200,370.42,120,370.41,80,370.38,200,369.85,120,369.84,160,373.18,120,373.37,80,,,,,,,,,,,,,,,,
2026-02-05 09:37:34,372.615,372.88,1,372.14,120,373.09,40,373.09,372.14,372.14,120,371.3,40,371.21,200,371.2,120,371.19,200,370.42,120,370.41,80,370.38,200,369.85,120,369.84,160,373.09,40,373.18,120,373.37,80,,,,,,,,,,,,,,
2026-02-05 09:37:35,372.61,372.88,1,372.14,200,373.08,80,373.08,372.14,372.14,200,371.3,40,371.21,200,371.2,120,371.19,200,370.42,120,370.41,80,370.38,200,369.85,120,369.84,160,373.08,80,373.09,40,373.18,120,373.37,80,,,,,,,,,,,,
2026-02-05 09:37:36,372.61,372.88,1,372.14,160,373.08,80,373.08,372.14,372.14,160,371.3,40,371.21,200,371.2,120,371.19,200,370.42,120,370.41,80,370.38,200,369.85,120,369.84,160,373.08,80,373.09,40,373.18,120,373.37,80,,,,,,,,,,,,
2026-02-05 09:37:37,372.61,372.88,1,372.14,240,373.08,80,373.08,372.14,372.14,240,371.3,40,371.21,200,371.2,120,371.19,200,370.42,120,370.41,80,370.38,200,369.85,120,369.84,160,373.08,80,373.09,40,373.18,120,373.37,80,,,,,,,,,,,,
2026-02-05 09:37:38,372.61,372.61,1,372.14,160,373.08,80,373.08,372.14,372.14,160,371.3,40,371.21,200,371.2,120,371.19,200,370.42,120,370.41,80,370.38,200,369.85,120,369.84,160,373.08,80,373.09,40,373.18,120,373.37,80,,,,,,,,,,,,
2026-02-05 09:37:39,372.61,372.61,1,372.14,160,373.08,80,373.08,372.14,372.14,160,371.3,40,371.21,200,371.2,120,371.19,200,370.42,120,370.41,80,370.38,200,369.85,120,369.84,160,373.08,80,373.09,40,373.18,120,373.37,80,,,,,,,,,,,,
2026-02-05 09:37:40,372.61,372.61,1,372.14,160,373.08,80,373.08,372.14,372.14,160,371.3,40,371.21,200,371.2,120,371.19,200,370.42,120,370.41,80,370.38,200,369.85,120,369.84,160,373.08,80,373.09,40,373.18,120,373.37,80,,,,,,,,,,,,
2026-02-05 09:37:41,372.61,372.61,1,372.14,160,373.08,160,373.08,372.14,372.14,160,371.3,40,371.21,200,371.2,120,371.19,200,370.42,120,370.41,80,370.38,200,369.85,120,369.84,160,373.08,160,373.09,40,373.18,120,373.37,80,,,,,,,,,,,,
2026-02-05 09:37:42,372.515,372.61,1,372.14,160,372.89,40,372.89,372.14,372.14,160,371.3,40,371.21,200,371.2,120,371.19,200,370.42,120,370.41,80,370.38,200,369.85,120,369.84,160,372.89,40,373.08,120,373.09,40,373.18,120,373.37,80,,,,,,,,,,
2026-02-05 09:37:43,372.515,372.61,1,372.14,160,372.89,40,372.89,372.14,372.14,160,371.3,40,371.21,200,371.2,120,371.19,200,370.42,120,370.41,80,370.38,200,369.85,120,369.84,160,372.89,40,373.08,120,373.09,40,373.18,120,373.37,80,,,,,,,,,,
2026-02-05 09:37:44,372.515,372.44,1,372.14,160,372.89,40,372.89,372.14,372.14,160,371.3,40,371.21,200,371.2,120,371.19,200,370.42,120,370.41,80,370.38,200,369.85,120,369.84,160,372.89,40,373.08,120,373.09,40,373.18,120,373.37,80,,,,,,,,,,
2026-02-05 09:37:45,372.515,372.44,1,372.14,160,372.89,40,372.89,372.14,372.14,160,371.3,40,371.21,200,371.2,120,371.19,200,370.42,120,370.41,80,370.38,200,369.85,120,369.84,160,372.89,40,373.08,120,373.09,40,373.18,120,373.37,80,,,,,,,,,,
2026-02-05 09:37:46,372.515,372.52,2,372.14,160,372.89,40,372.89,372.14,372.14,160,371.3,40,371.21,200,371.2,120,371.19,200,370.42,120,370.41,80,370.38,200,369.85,120,369.84,160,372.89,40,373.08,120,373.09,40,373.18,120,373.37,80,,,,,,,,,,
2026-02-05 09:37:47,372.515,372.52,2,372.14,160,372.89,40,372.89,372.14,372.14,160,371.3,40,371.21,200,371.2,120,371.19,200,370.42,120,370.41,80,370.38,200,369.85,120,369.84,160,372.89,40,373.08,120,373.09,40,373.18,120,373.37,80,,,,,,,,,,
2026-02-05 09:37:48,372.515,372.52,2,372.14,200,372.89,40,372.89,372.14,372.14,200,371.3,40,371.21,200,371.2,120,371.19,200,370.42,120,370.41,80,370.38,200,369.85,120,369.84,160,372.89,40,373.08,120,373.09,40,373.18,120,373.37,80,,,,,,,,,,
2026-02-05 09:37:49,372.61,372.52,2,372.14,200,373.08,80,373.08,372.14,372.14,200,371.3,40,371.21,200,371.2,120,371.19,200,370.42,120,370.41,80,370.38,200,369.85,120,369.84,160,373.08,80,373.09,40,373.18,120,373.37,80,,,,,,,,,,,,
2026-02-05 09:37:50,372.61,372.52,2,372.14,200,373.08,120,373.08,372.14,372.14,200,371.3,40,371.21,200,371.2,120,371.19,200,370.42,120,370.41,80,370.38,200,369.85,120,369.84,160,373.08,120,373.09,40,373.18,120,373.37,80,,,,,,,,,,,,
2026-02-05 09:37:51,372.61,372.52,2,372.14,200,373.08,120,373.08,372.14,372.14,200,371.3,40,371.21,200,371.2,120,371.19,200,370.42,120,370.41,80,370.38,200,369.85,120,369.84,160,373.08,120,373.09,40,373.18,120,373.37,80,,,,,,,,,,,,
2026-02-05 09:37:52,372.61,372.52,2,372.14,200,373.08,120,373.08,372.14,372.14,200,371.3,40,371.21,200,371.2,120,371.19,200,370.42,120,370.41,80,370.38,200,369.85,120,369.84,160,373.08,120,373.09,40,373.18,120,373.37,80,,,,,,,,,,,,
2026-02-05 09:37:53,372.61,372.52,2,372.14,200,373.08,80,373.08,372.14,372.14,200,371.3,40,371.21,200,371.2,120,371.19,200,370.42,120,370.41,80,370.38,200,369.85,120,369.84,160,373.08,80,373.09,40,373.18,120,373.37,80,,,,,,,,,,,,
2026-02-05 09:37:54,372.61,372.52,2,372.14,200,373.08,80,373.08,372.14,372.14,200,371.3,40,371.21,200,371.2,120,371.19,200,370.42,120,370.41,80,370.38,200,369.85,120,369.84,160,373.08,80,373.09,40,373.18,120,373.37,80,,,,,,,,,,,,
2026-02-05 09:37:55,372.61,372.52,2,372.14,200,373.08,120,373.08,372.14,372.14,200,371.3,40,371.21,200,371.2,120,371.19,200,370.42,120,370.41,80,370.38,200,369.85,120,369.84,160,373.08,120,373.09,40,373.18,120,373.37,80,,,,,,,,,,,,
2026-02-05 09:37:56,372.53,372.52,2,372.14,200,372.92,40,372.92,372.14,372.14,200,371.3,40,371.21,200,371.2,120,371.19,200,370.42,120,370.41,80,370.38,200,369.85,120,369.84,160,372.92,40,373.08,120,373.09,40,373.18,120,373.37,80,,,,,,,,,,
2026-02-05 09:37:57,372.53,372.52,2,372.14,200,372.92,40,372.92,372.14,372.14,200,371.3,40,371.21,200,371.2,120,371.19,200,370.42,120,370.41,80,370.38,200,369.85,120,369.84,160,372.92,40,373.08,120,373.09,40,373.18,120,373.37,80,,,,,,,,,,
2026-02-05 09:37:58,372.525,372.52,2,372.14,200,372.91,80,372.91,372.14,372.14,200,371.3,40,371.21,200,371.2,120,371.19,200,370.42,120,370.41,80,370.38,200,369.85,120,369.84,160,372.91,80,372.92,40,373.08,120,373.09,40,373.18,120,373.37,80,,,,,,,,
2026-02-05 09:37:59,372.525,372.52,2,372.14,200,372.91,80,372.91,372.14,372.14,200,371.3,40,371.21,200,371.2,120,371.19,200,370.42,120,370.41,80,370.38,200,369.85,120,369.84,160,372.91,80,372.92,40,373.08,120,373.09,40,373.18,120,373.37,80,,,,,,,,
2026-02-05 09:38:00,372.515,372.52,2,372.14,160,372.89,40,372.89,372.14,372.14,160,371.3,40,371.21,200,371.2,120,371.19,200,370.42,120,370.41,80,370.38,200,369.85,120,369.84,160,372.89,40,372.91,120,372.92,40,373.08,120,373.09,40,373.18,120,373.37,80,,,,,,
2026-02-05 09:38:01,372.515,372.52,2,372.14,160,372.89,40,372.89,372.14,372.14,160,371.3,40,371.21,200,371.2,120,371.19,200,370.42,120,370.41,80,370.38,200,369.85,120,369.84,160,372.89,40,372.91,120,372.92,40,373.08,120,373.09,40,373.18,120,373.37,80,,,,,,
2026-02-05 09:38:02,372.515,372.52,2,372.14,160,372.89,40,372.89,372.14,372.14,160,371.3,40,371.21,200,371.2,120,371.19,200,370.42,120,370.41,80,370.38,200,369.85,120,369.84,160,372.89,40,372.91,120,372.92,40,373.08,120,373.09,40,373.18,120,373.37,80,,,,,,
2026-02-05 09:38:03,372.515,372.52,2,372.14,160,372.89,40,372.89,372.14,372.14,160,371.3,40,371.21,200,371.2,120,371.19,200,370.42,120,370.41,80,370.38,200,369.85,120,369.84,160,372.89,40,372.91,120,372.92,40,373.08,120,373.09,40,373.18,120,373.37,80,,,,,,
2026-02-05 09:38:04,372.515,372.52,20,372.14,160,372.89,40,372.89,372.14,372.14,160,371.3,40,371.21,200,371.2,120,371.19,200,370.42,120,370.41,80,370.38,200,369.85,120,369.84,160,372.89,40,372.91,120,372.92,40,373.08,120,373.09,40,373.18,120,373.37,80,,,,,,
2026-02-05 09:38:05,372.515,372.52,20,372.14,160,372.89,40,372.89,372.14,372.14,160,371.3,40,371.21,200,371.2,120,371.19,200,370.42,120,370.41,80,370.38,200,369.85,120,369.84,160,372.89,40,372.91,120,372.92,40,373.08,120,373.09,40,373.18,120,373.37,80,,,,,,
2026-02-05 09:38:06,372.515,372.52,20,372.14,160,372.89,40,372.89,372.14,372.14,160,371.3,40,371.21,200,371.2,120,371.19,200,370.42,120,370.41,80,370.38,200,369.85,120,369.84,160,372.89,40,372.91,120,372.92,40,373.08,120,373.09,40,373.18,120,373.37,80,,,,,,
2026-02-05 09:38:07,372.515,372.52,20,372.14,160,372.89,40,372.89,372.14,372.14,160,371.3,40,371.21,200,371.2,120,371.19,200,370.42,120,370.41,80,370.38,200,369.85,120,369.84,160,372.89,40,372.91,120,372.92,40,373.08,120,373.09,40,373.18,120,373.37,80,,,,,,
2026-02-05 09:38:08,372.515,372.52,20,372.14,160,372.89,40,372.89,372.14,372.14,160,371.3,40,371.21,200,371.2,120,371.19,200,370.42,120,370.41,80,370.38,200,369.85,120,369.84,160,372.89,40,372.91,120,372.92,40,373.08,120,373.09,40,373.18,120,373.37,80,,,,,,
