sim_time,mid_price,last_price,last_size,best_bid_price,best_bid_size,best_ask_price,best_ask_size,close_price_buy,close_price_sell,bid1_price,bid1_size,bid2_price,bid2_size,bid3_price,bid3_size,bid4_price,bid4_size,bid5_price,bid5_size,bid6_price,bid6_size,bid7_price,bid7_size,bid8_price,bid8_size,bid9_price,bid9_size,bid10_price,bid10_size,ask1_price,ask1_size,ask2_price,ask2_size,ask3_price,ask3_size,ask4_price,ask4_size,ask5_price,ask5_size,ask6_price,ask6_size,ask7_price,ask7_size,ask8_price,ask8_size,ask9_price,ask9_size,ask10_price,ask10_size
2020-10-29 09:30:27,3200.57,3201.03,2,3197.0,1,3204.14,1,3204.14,3197.0,3197.0,1,3195.03,1,,,,,,,,,,,,,,,,,3204.14,1,3205.08,2,3205.49,1,3206.0,1,,,,,,,,,,,,
2020-10-29 09:30:28,3200.03,3201.03,2,3197.0,1,3203.06,2,3203.06,3197.0,3197.0,1,3195.03,1,,,,,,,,,,,,,,,,,3203.06,2,3203.07,1,3203.65,2,3203.99,2,3204.14,1,3204.68,2,3204.86,2,3205.08,2,3205.49,1,3206.0,1
2020-10-29 09:30:29,3201.06,3201.11,1,3200.01,2,3202.11,3,3202.11,3200.01,3200.01,2,3200.0,1,3197.0,1,3195.03,1,,,,,,,,,,,,,3202.11,3,3202.78,2,3203.06,2,3203.07,1,3203.65,2,3203.99,2,3204.14,1,3204.68,2,3204.86,2,3205.08,2
2020-10-29 09:30:30,3201.06,3201.11,1,3200.01,2,3202.11,1,3202.11,3200.01,3200.01,2,3200.0,1,3197.0,1,3195.03,1,,,,,,,,,,,,,3202.11,1,3202.12,1,3202.78,2,3203.06,2,3203.07,1,3203.65,2,3203.99,2,3204.14,1,3204.68,2,3204.86,2
2020-10-29 09:30:31,3201.06,3201.11,1,3200.01,2,3202.11,1,3202.11,3200.01,3200.01,2,3200.0,1,3197.0,1,3195.03,1,,,,,,,,,,,,,3202.11,1,3202.12,1,3202.78,2,3203.06,2,3203.07,1,3203.65,2,3203.99,2,3204.14,1,3204.68,2,3204.86,2
2020-10-29 09:30:32,3201.745,3202.12,1,3200.43,2,3203.06,3,3203.06,3200.43,3200.43,2,3200.01,2,3200.0,1,3197.0,1,3195.03,1,,,,,,,,,,,3203.06,3,3203.07,1,3203.65,2,3203.99,2,3204.14,1,3204.68,2,3204.86,2,3205.08,2,3205.49,1,3206.0,1
2020-10-29 09:30:34,3201.965,3202.12,1,3200.95,1,3202.98,2,3202.98,3200.95,3200.95,1,3200.43,2,3200.01,2,3200.0,1,3197.0,1,3195.03,1,,,,,,,,,3202.98,2,3203.06,3,3203.07,1,3203.65,2,3203.99,2,3204.14,1,3204.68,2,3204.86,2,3205.08,2,3205.49,1
2020-10-29 09:30:34,3202.115,3202.12,1,3201.25,1,3202.98,2,3202.98,3201.25,3201.25,1,3200.95,1,3200.43,2,3200.01,2,3200.0,1,3197.0,1,3195.03,1,,,,,,,3202.98,2,3203.06,3,3203.07,1,3203.65,2,3203.99,2,3204.14,1,3204.68,2,3204.86,2,3205.08,2,3205.49,1
2020-10-29 09:30:35,3202.115,3202.12,1,3201.25,1,3202.98,2,3202.98,3201.25,3201.25,1,3200.95,1,3200.43,2,3200.01,2,3200.0,1,3197.0,1,3195.03,1,,,,,,,3202.98,2,3203.06,3,3203.07,1,3203.65,2,3203.99,2,3204.14,1,3204.68,2,3204.86,2,3205.08,2,3205.49,1
2020-10-29 09:30:36,3202.115,3202.12,1,3201.25,1,3202.98,2,3202.98,3201.25,3201.25,1,3200.95,1,3200.43,2,3200.01,2,3200.0,1,3197.0,1,3195.03,1,,,,,,,3202.98,2,3203.06,3,3203.07,1,3203.65,2,3203.99,2,3204.14,1,3204.68,2,3204.86,2,3205.08,2,3205.49,1
2020-10-29 09:30:37,3202.11,3202.12,1,3201.25,1,3202.97,1,3202.97,3201.25,3201.25,1,3200.95,1,3200.43,2,3200.01,2,3200.0,1,3197.0,1,3195.03,1,,,,,,,3202.97,1,3202.98,3,3203.06,3,3203.07,1,3203.65,2,3203.99,2,3204.14,1,3204.68,2,3204.86,2,3205.08,2
2020-10-29 09:30:38,3202.49,3202.12,5,3202.0,1,3202.98,3,3202.98,3202.0,3202.0,1,3201.25,1,3200.95,1,3200.43,2,3200.01,2,3200.0,1,3197.0,1,3195.03,1,,,,,3202.98,3,3203.06,3,3203.07,1,3203.65,2,3203.99,2,3204.14,1,3204.68,2,3204.86,2,3205.08,2,3205.49,1
2020-10-29 09:30:39,3204.175,3203.25,1,3203.35,1,3205.0,1,3205.0,3203.35,3203.35,1,3202.97,2,3202.0,1,3201.25,1,3200.95,1,3200.43,2,3200.01,2,3200.0,1,3197.0,1,3195.03,1,3205.0,1,3205.08,2,3205.49,1,3206.0,1,,,,,,,,,,,,
2020-10-29 09:30:40,3203.98,3203.98,3,3202.97,1,3204.99,2,3204.99,3202.97,3202.97,1,3202.2,1,3202.0,1,3201.25,1,3200.95,1,3200.43,2,3200.01,2,3200.0,1,3197.0,1,3195.03,1,3204.99,2,3205.0,1,3205.08,2,3205.49,1,3206.0,1,,,,,,,,,,
2020-10-29 09:30:41,3203.97,3204.76,1,3202.97,1,3204.97,1,3204.97,3202.97,3202.97,1,3202.2,1,3202.0,1,3201.25,1,3200.95,1,3200.43,2,3200.01,2,3200.0,1,3197.0,1,3195.03,1,3204.97,1,3204.98,2,3204.99,2,3205.0,1,3205.08,2,3205.49,1,3206.0,1,,,,,,
2020-10-29 09:30:42,3204.055,3204.03,4,3203.13,1,3204.98,1,3204.98,3203.13,3203.13,1,3203.08,1,3202.97,1,3202.2,1,3202.0,1,3201.25,1,3200.95,1,3200.43,2,3200.01,2,3200.0,1,3204.98,1,3204.99,3,3205.0,1,3205.08,2,3205.49,1,3206.0,1,,,,,,,,
2020-10-29 09:30:43,3203.585,3204.97,10,3202.2,2,3204.97,1,3204.97,3202.2,3202.2,2,3202.0,1,3201.25,1,3200.95,1,3200.43,2,3200.01,2,3200.0,1,3197.0,1,3195.03,1,,,3204.97,1,3204.98,1,3204.99,3,3205.0,1,3205.08,2,3205.49,1,3206.0,1,,,,,,
2020-10-29 09:30:44,3202.855,3202.98,1,3202.2,2,3203.51,1,3203.51,3202.2,3202.2,2,3202.0,1,3201.25,1,3200.95,1,3200.43,2,3200.01,2,3200.0,1,3197.0,1,3195.03,1,,,3203.51,1,3203.52,2,3204.04,1,3204.6,1,3204.97,1,3204.98,1,3204.99,3,3205.0,1,3205.08,2,3205.49,1
2020-10-29 09:30:45,3203.72,3203.72,1,3202.98,3,3204.46,1,3204.46,3202.98,3202.98,3,3202.2,2,3202.0,1,3201.25,1,3200.95,1,3200.43,2,3200.01,2,3200.0,1,3197.0,1,3195.03,1,3204.46,1,3204.98,1,3204.99,3,3205.0,1,3205.08,2,3205.49,1,3206.0,1,,,,,,
2020-10-29 09:30:46,3203.72,3204.46,1,3202.98,3,3204.46,1,3204.46,3202.98,3202.98,3,3202.2,2,3202.0,1,3201.25,1,3200.95,1,3200.43,2,3200.01,2,3200.0,1,3197.0,1,3195.03,1,3204.46,1,3204.97,1,3204.98,1,3204.99,3,3205.0,1,3205.08,2,3205.49,1,3206.0,1,,,,
2020-10-29 09:30:47,3204.44,3204.98,1,3203.9,2,3204.98,1,3204.98,3203.9,3203.9,2,3202.98,3,3202.2,2,3202.0,1,3201.25,1,3200.95,1,3200.43,2,3200.01,2,3200.0,1,3197.0,1,3204.98,1,3204.99,3,3205.0,1,3205.08,2,3205.49,1,3206.0,1,,,,,,,,
2020-10-29 09:30:48,3204.955,3205.69,1,3204.44,1,3205.47,1,3205.47,3204.44,3204.44,1,3203.9,3,3202.98,3,3202.2,2,3202.0,1,3201.25,1,3200.95,1,3200.43,2,3200.01,2,3200.0,1,3205.47,1,3205.58,1,3206.27,1,3206.54,1,3208.0,2,,,,,,,,,,
2020-10-29 09:30:49,3205.75,3205.69,1,3204.96,1,3206.54,1,3206.54,3204.96,3204.96,1,3204.44,1,3203.9,3,3202.98,3,3202.2,2,3202.0,1,3201.25,1,3200.95,1,3200.43,2,3200.01,2,3206.54,1,3208.0,2,,,,,,,,,,,,,,,,
2020-10-29 09:30:50,3206.345,3206.55,1,3205.69,1,3207.0,1,3207.0,3205.69,3205.69,1,3204.96,2,3204.44,1,3203.9,3,3202.98,3,3202.2,2,3202.0,1,3201.25,1,3200.95,1,3200.43,2,3207.0,1,3208.0,2,,,,,,,,,,,,,,,,
2020-10-29 09:30:51,3206.94,3206.55,1,3206.34,1,3207.54,1,3207.54,3206.34,3206.34,1,3204.96,2,3204.44,1,3203.9,3,3202.98,3,3202.2,2,3202.0,1,3201.25,1,3200.95,1,3200.43,2,3207.54,1,3208.0,1,,,,,,,,,,,,,,,,
2020-10-29 09:30:52,3207.45,3207.76,1,3206.9,1,3208.0,1,3208.0,3206.9,3206.9,1,3206.71,1,3204.96,2,3204.44,1,3203.9,3,3202.98,3,3202.2,2,3202.0,1,3201.25,1,3200.95,1,3208.0,1,,,,,,,,,,,,,,,,,,
2020-10-29 09:30:53,3206.365,3207.99,1,3204.96,2,3207.77,1,3207.77,3204.96,3204.96,2,3204.44,1,3203.9,3,3202.98,3,3202.2,2,3202.0,1,3201.25,1,3200.95,1,3200.43,2,3200.01,2,3207.77,1,3207.99,2,3208.0,1,,,,,,,,,,,,,,
2020-10-29 09:30:54,3206.365,3207.99,1,3204.96,2,3207.77,1,3207.77,3204.96,3204.96,2,3204.44,1,3203.9,3,3202.98,3,3202.2,2,3202.0,1,3201.25,1,3200.95,1,3200.43,2,3200.01,2,3207.77,1,3207.99,2,3208.0,1,,,,,,,,,,,,,,
2020-10-29 09:30:55,3206.23,3207.99,1,3204.96,2,3207.5,1,3207.5,3204.96,3204.96,2,3204.44,1,3203.9,3,3202.98,3,3202.2,2,3202.0,1,3201.25,1,3200.95,1,3200.43,2,3200.01,2,3207.5,1,3207.77,1,3207.99,2,3208.0,1,,,,,,,,,,,,
2020-10-29 09:30:56,3207.245,3207.25,2,3206.5,1,3207.99,2,3207.99,3206.5,3206.5,1,3206.34,1,3204.96,2,3204.44,1,3203.9,3,3202.98,3,3202.2,2,3202.0,1,3201.25,1,3200.95,1,3207.99,2,3208.0,1,,,,,,,,,,,,,,,,
2020-10-29 09:30:57,3206.46,3207.23,3,3204.96,2,3207.96,8,3207.96,3204.96,3204.96,2,3204.44,1,3203.9,3,3202.98,3,3202.2,2,3202.0,1,3201.25,1,3200.95,1,3200.43,2,3200.01,2,3207.96,8,3207.97,1,3207.99,2,3208.0,1,,,,,,,,,,,,
2020-10-29 09:30:58,3207.305,3207.87,1,3206.66,1,3207.95,8,3207.95,3206.66,3206.66,1,3204.96,2,3204.44,1,3203.9,3,3202.98,3,3202.2,2,3202.0,1,3201.25,1,3200.95,1,3200.43,2,3207.95,8,3207.96,8,3207.97,1,3207.99,2,3208.0,1,,,,,,,,,,
2020-10-29 09:31:00,3206.965,3207.59,1,3206.34,2,3207.59,2,3207.59,3206.34,3206.34,2,3204.96,2,3204.44,1,3203.9,3,3202.98,3,3202.2,2,3202.0,1,3201.25,1,3200.95,1,3200.43,2,3207.59,2,3207.6,1,3207.69,3,3207.93,1,3207.95,8,3207.96,8,3207.97,1,3207.99,2,3208.0,1,,
2020-10-29 09:31:00,3209.14,3209.15,1,3208.3,1,3209.98,1,3209.98,3208.3,3208.3,1,3208.18,1,3208.0,2,3207.6,1,3207.02,1,3206.34,2,3204.96,2,3204.44,1,3203.9,3,3202.98,3,3209.98,1,,,,,,,,,,,,,,,,,,
2020-10-29 09:31:01,3209.24,3208.3,1,3208.5,1,3209.98,2,3209.98,3208.5,3208.5,1,3208.33,1,3207.6,1,3207.02,2,3206.34,2,3204.96,2,3204.44,1,3203.9,3,3202.98,3,3202.2,2,3209.98,2,,,,,,,,,,,,,,,,,,
2020-10-29 09:31:02,3210.38,3209.98,1,3209.65,1,3211.11,2,3211.11,3209.65,3209.65,1,3209.49,1,3208.5,2,3208.33,1,3207.6,1,3207.02,2,3206.34,2,3204.96,2,3204.44,1,3203.9,3,3211.11,2,,,,,,,,,,,,,,,,,,
2020-10-29 09:31:04,3209.25,3209.98,1,3208.5,2,3210.0,2,3210.0,3208.5,3208.5,2,3208.33,1,3207.6,1,3207.02,2,3206.34,2,3204.96,2,3204.44,1,3203.9,3,3202.98,3,3202.2,2,3210.0,2,3210.34,1,3211.0,3,3211.11,2,,,,,,,,,,,,
2020-10-29 09:31:05,3209.985,3210.0,1,3208.97,1,3211.0,3,3211.0,3208.97,3208.97,1,3208.7,1,3208.5,2,3208.33,1,3207.6,1,3207.02,2,3206.34,2,3204.96,2,3204.44,1,3203.9,3,3211.0,3,3211.11,2,,,,,,,,,,,,,,,,
2020-10-29 09:31:06,3210.0,3210.0,1,3209.0,1,3211.0,4,3211.0,3209.0,3209.0,1,3208.97,1,3208.7,1,3208.5,2,3208.33,1,3207.6,1,3207.02,2,3206.34,2,3204.96,2,3204.44,1,3211.0,4,3211.11,2,,,,,,,,,,,,,,,,
2020-10-29 09:31:07,3210.35,3210.0,1,3209.7,1,3211.0,4,3211.0,3209.7,3209.7,1,3209.0,2,3208.97,1,3208.7,1,3208.5,2,3208.33,1,3207.6,1,3207.02,2,3206.34,2,3204.96,2,3211.0,4,3211.11,2,,,,,,,,,,,,,,,,
2020-10-29 09:31:08,3209.995,3209.39,1,3209.0,2,3210.99,2,3210.99,3209.0,3209.0,2,3208.97,1,3208.7,1,3208.5,2,3208.33,1,3207.6,1,3207.02,2,3206.34,2,3204.96,2,3204.44,1,3210.99,2,3211.0,4,3211.11,2,,,,,,,,,,,,,,
2020-10-29 09:31:09,3209.975,3209.39,1,3209.0,2,3210.95,1,3210.95,3209.0,3209.0,2,3208.97,1,3208.7,1,3208.5,2,3208.33,1,3207.6,1,3207.02,2,3206.34,2,3204.96,2,3204.44,1,3210.95,1,3210.96,1,3210.99,2,3211.0,4,3211.11,2,,,,,,,,,,
2020-10-29 09:31:10,3209.75,3209.98,1,3209.0,2,3210.5,1,3210.5,3209.0,3209.0,2,3208.97,1,3208.7,1,3208.5,2,3208.33,1,3207.6,1,3207.02,2,3206.34,2,3204.96,2,3204.44,1,3210.5,1,3210.95,1,3210.96,1,3210.99,2,3211.0,4,3211.11,2,,,,,,,,
2020-10-29 09:31:11,3209.0,3209.0,1,3208.0,1,3210.0,2,3210.0,3208.0,3208.0,1,3207.97,1,3207.6,1,3207.02,2,3206.34,2,3204.96,2,3204.44,1,3203.9,3,3202.98,3,3202.2,2,3210.0,2,3210.99,3,3211.0,4,3211.11,2,,,,,,,,,,,,
2020-10-29 09:31:12,3210.495,3210.99,3,3210.0,2,3210.99,2,3210.99,3210.0,3210.0,2,3209.0,1,3207.97,1,3207.6,1,3207.02,2,3206.34,2,3204.96,2,3204.44,1,3203.9,3,3202.98,3,3210.99,2,3211.0,4,3211.11,2,,,,,,,,,,,,,,
2020-10-29 09:31:13,3209.705,3210.5,1,3208.42,1,3210.99,1,3210.99,3208.42,3208.42,1,3207.97,1,3207.6,1,3207.02,2,3206.34,2,3204.96,2,3204.44,1,3203.9,3,3202.98,3,3202.2,2,3210.99,1,3211.0,5,3211.11,2,,,,,,,,,,,,,,
2020-10-29 09:31:14,3209.7,3208.43,4,3208.42,1,3210.98,2,3210.98,3208.42,3208.42,1,3207.97,1,3207.6,1,3207.02,2,3206.34,2,3204.96,2,3204.44,1,3203.9,3,3202.98,3,3202.2,2,3210.98,2,3210.99,1,3211.0,5,3211.11,2,,,,,,,,,,,,
2020-10-29 09:31:15,3209.36,3208.43,3,3208.42,2,3210.3,1,3210.3,3208.42,3208.42,2,3207.97,1,3207.6,1,3207.02,2,3206.34,2,3204.96,2,3204.44,1,3203.9,3,3202.98,3,3202.2,2,3210.3,1,3210.98,2,3210.99,1,3211.0,5,3211.11,2,,,,,,,,,,
2020-10-29 09:31:16,3209.12,3208.43,3,3207.97,1,3210.27,1,3210.27,3207.97,3207.97,1,3207.6,1,3207.02,2,3206.34,2,3204.96,2,3204.44,1,3203.9,3,3202.98,3,3202.2,2,3202.0,1,3210.27,1,3210.97,1,3210.98,2,3210.99,1,3211.0,5,3211.11,2,,,,,,,,
2020-10-29 09:31:16,3209.57,3208.43,2,3208.42,1,3210.72,1,3210.72,3208.42,3208.42,1,3207.98,1,3207.97,1,3207.6,1,3207.02,2,3206.34,2,3204.96,2,3204.44,1,3203.9,3,3202.98,3,3210.72,1,3210.97,2,3210.98,2,3210.99,1,3211.0,5,3211.11,2,,,,,,,,
2020-10-29 09:31:18,3207.65,3207.97,1,3207.01,1,3208.29,2,3208.29,3207.01,3207.01,1,3206.34,2,3204.96,2,3204.44,1,3203.9,3,3202.98,3,3202.2,2,3202.0,1,3201.25,1,3200.95,1,3208.29,2,3208.6,1,3209.19,1,3209.28,1,3209.99,1,3210.72,1,3210.97,2,3210.98,2,3210.99,1,3211.0,5
2020-10-29 09:31:19,3208.755,3210.02,1,3207.51,1,3210.0,1,3210.0,3207.51,3207.51,1,3207.01,1,3206.34,2,3204.96,2,3204.44,1,3203.9,3,3202.98,3,3202.2,2,3202.0,1,3201.25,1,3210.0,1,3210.02,1,3210.72,2,3210.97,2,3210.98,2,3210.99,1,3211.0,5,3211.11,2,,,,
2020-10-29 09:31:20,3208.5,3208.22,1,3207.01,1,3209.99,1,3209.99,3207.01,3207.01,1,3206.34,2,3204.96,2,3204.44,1,3203.9,3,3202.98,3,3202.2,2,3202.0,1,3201.25,1,3200.95,1,3209.99,1,3210.0,1,3210.02,1,3210.72,2,3210.97,2,3210.98,2,3210.99,1,3211.0,5,3211.11,2,,
2020-10-29 09:31:21,3208.285,3208.22,1,3207.01,1,3209.56,1,3209.56,3207.01,3207.01,1,3206.34,2,3204.96,2,3204.44,1,3203.9,3,3202.98,3,3202.2,2,3202.0,1,3201.25,1,3200.95,1,3209.56,1,3210.72,1,3210.98,2,3210.99,1,3211.0,5,3211.11,2,,,,,,,,
2020-10-29 09:31:22,3208.18,3208.22,1,3207.01,1,3209.35,1,3209.35,3207.01,3207.01,1,3206.34,2,3204.96,2,3204.44,1,3203.9,3,3202.98,3,3202.2,2,3202.0,1,3201.25,1,3200.95,1,3209.35,1,3209.36,1,3209.56,1,3210.72,1,3210.98,2,3210.99,1,3211.0,5,3211.11,2,,,,
2020-10-29 09:31:23,3207.2,3207.8,1,3205.54,1,3208.86,2,3208.86,3205.54,3205.54,1,3204.96,2,3204.44,1,3203.9,3,3202.98,3,3202.2,2,3202.0,1,3201.25,1,3200.95,1,3200.43,2,3208.86,2,3208.87,1,3209.35,1,3209.36,1,3209.56,1,3210.72,1,3210.98,2,3210.99,1,3211.0,5,3211.11,2
2020-10-29 09:31:24,3207.2,3208.22,1,3205.54,1,3208.86,1,3208.86,3205.54,3205.54,1,3204.96,2,3204.44,1,3203.9,3,3202.98,3,3202.2,2,3202.0,1,3201.25,1,3200.95,1,3200.43,2,3208.86,1,3208.87,1,3209.35,1,3209.36,1,3209.56,1,3210.72,1,3210.98,2,3210.99,1,3211.0,5,3211.11,2
2020-10-29 09:31:25,3207.19,3207.19,2,3205.54,1,3208.84,1,3208.84,3205.54,3205.54,1,3204.96,2,3204.44,1,3203.9,3,3202.98,3,3202.2,2,3202.0,1,3201.25,1,3200.95,1,3200.43,2,3208.84,1,3208.85,1,3208.87,2,3209.35,1,3209.36,1,3209.56,1,3210.72,1,3210.98,2,3210.99,1,3211.0,5
2020-10-29 09:31:26,3202.765,3204.45,10,3200.0,4,3205.53,1,3205.53,3200.0,3200.0,4,3197.0,1,3195.03,1,,,,,,,,,,,,,,,3205.53,1,3205.85,1,3206.11,1,3206.2,2,3207.19,1,3207.2,1,3207.92,1,3207.93,2,3208.83,1,3208.84,1
2020-10-29 09:31:27,3202.22,3201.98,10,3200.0,4,3204.44,3,3204.44,3200.0,3200.0,4,3197.0,1,3195.03,1,,,,,,,,,,,,,,,3204.44,3,3205.02,1,3205.52,1,3205.53,1,3205.85,1,3206.11,1,3206.2,2,3207.19,1,3207.2,1,3207.92,1
2020-10-29 09:31:28,3200.715,3200.05,1,3199.16,1,3202.27,1,3202.27,3199.16,3199.16,1,3198.0,9,3197.0,1,3195.03,1,,,,,,,,,,,,,3202.27,1,3203.33,1,3204.44,4,3205.02,1,3205.52,1,3205.53,1,3205.85,1,3206.11,1,3206.2,2,3207.19,1
2020-10-29 09:31:29,3201.115,3200.05,1,3199.96,1,3202.27,1,3202.27,3199.96,3199.96,1,3199.16,1,3198.0,9,3197.0,1,3195.03,1,,,,,,,,,,,3202.27,1,3203.33,1,3204.44,4,3205.02,1,3205.52,1,3205.53,1,3205.85,1,3206.11,1,3206.2,2,3207.19,1
2020-10-29 09:31:30,3202.765,3202.22,1,3201.68,1,3203.85,2,3203.85,3201.68,3201.68,1,3199.96,1,3199.16,1,3198.0,9,3197.0,1,3195.03,1,,,,,,,,,3203.85,2,3204.44,4,3205.02,1,3205.52,1,3205.53,1,3205.85,1,3206.11,1,3206.2,2,3207.19,1,3207.2,1
2020-10-29 09:31:31,3201.535,3202.11,1,3200.38,1,3202.69,2,3202.69,3200.38,3200.38,1,3199.96,1,3199.16,1,3198.0,9,3197.0,1,3195.03,1,,,,,,,,,3202.69,2,3203.72,1,3203.84,1,3203.85,2,3204.44,4,3205.02,1,3205.52,1,3205.53,1,3205.85,1,3206.11,1
2020-10-29 09:31:32,3201.39,3202.11,1,3200.38,1,3202.4,1,3202.4,3200.38,3200.38,1,3199.96,1,3199.16,1,3198.0,9,3197.0,1,3195.03,1,,,,,,,,,3202.4,1,3202.41,1,3202.42,1,3202.43,2,3202.68,1,3202.69,1,3203.72,1,3203.84,1,3203.85,2,3204.44,4
2020-10-29 09:31:33,3203.025,3202.41,1,3202.2,1,3203.85,3,3203.85,3202.2,3202.2,1,3201.89,1,3201.39,1,3200.81,1,3200.38,1,3199.96,1,3199.16,1,3198.0,9,3197.0,1,3195.03,1,3203.85,3,3204.44,4,3205.02,1,3205.52,1,3205.53,1,3205.85,1,3206.11,1,3206.2,2,3207.19,1,3207.2,1
2020-10-29 09:31:34,3202.57,3202.41,1,3201.39,1,3203.75,1,3203.75,3201.39,3201.39,1,3200.81,2,3200.38,1,3199.96,1,3199.16,1,3198.0,9,3197.0,1,3195.03,1,,,,,3203.75,1,3203.76,1,3203.84,1,3203.85,3,3204.44,4,3205.02,1,3205.52,1,3205.53,1,3205.85,1,3206.11,1
2020-10-29 09:31:35,3202.42,3202.26,1,3201.51,3,3203.33,3,3203.33,3201.51,3201.51,3,3201.39,2,3200.81,2,3200.38,1,3199.96,1,3199.16,1,3198.0,9,3197.0,1,3195.03,1,,,3203.33,3,3203.75,1,3203.76,1,3203.84,1,3203.85,3,3204.44,4,3205.02,1,3205.52,1,3205.53,1,3205.85,1
2020-10-29 09:31:36,3199.895,3199.96,1,3198.42,1,3201.37,1,3201.37,3198.42,3198.42,1,3198.0,9,3197.0,1,3195.03,1,,,,,,,,,,,,,3201.37,1,3201.38,2,3201.91,3,3201.97,1,3203.32,1,3203.33,3,3203.75,1,3203.76,1,3203.84,1,3203.85,3
2020-10-29 09:31:37,3197.45,3198.0,1,3197.01,1,3197.89,1,3197.89,3197.01,3197.01,1,3197.0,1,3195.03,1,,,,,,,,,,,,,,,3197.89,1,3198.75,1,3198.77,1,3199.44,3,3199.88,2,3201.37,2,3201.38,2,3201.91,3,3201.97,1,3203.32,1
2020-10-29 09:31:38,3197.445,3197.88,1,3197.0,6,3197.89,3,3197.89,3197.0,3197.0,6,3195.03,1,,,,,,,,,,,,,,,,,3197.89,3,3198.75,1,3198.77,1,3199.44,3,3199.88,2,3201.37,2,3201.38,2,3201.91,3,3201.97,1,3203.32,1
2020-10-29 09:31:39,3197.45,3197.46,5,3197.01,1,3197.89,3,3197.89,3197.01,3197.01,1,3197.0,6,3195.03,1,,,,,,,,,,,,,,,3197.89,3,3198.75,1,3198.77,1,3199.44,3,3199.88,2,3201.37,2,3201.38,2,3201.91,3,3201.97,1,3203.32,1
2020-10-29 09:31:40,3197.6,3197.72,1,3197.31,1,3197.89,5,3197.89,3197.31,3197.31,1,3197.01,1,3197.0,6,3195.03,1,,,,,,,,,,,,,3197.89,5,3198.75,1,3198.77,1,3199.44,3,3199.88,2,3201.37,2,3201.38,2,3201.91,3,3201.97,1,3203.32,1
2020-10-29 09:31:41,3196.995,3197.0,5,3196.11,1,3197.88,2,3197.88,3196.11,3196.11,1,3195.8,1,3195.03,1,,,,,,,,,,,,,,,3197.88,2,3197.89,5,3198.75,1,3198.77,1,3199.44,3,3199.88,2,3201.37,2,3201.38,2,3201.91,3,3201.97,1
2020-10-29 09:31:42,3197.0,3197.32,1,3196.11,1,3197.89,4,3197.89,3196.11,3196.11,1,3195.8,1,3195.03,1,,,,,,,,,,,,,,,3197.89,4,3198.75,1,3198.77,1,3199.44,3,3199.88,2,3201.37,2,3201.38,2,3201.91,3,3201.97,1,3203.32,1
2020-10-29 09:31:43,3199.625,3198.0,1,3197.88,2,3201.37,2,3201.37,3197.88,3197.88,2,3196.11,1,3195.8,1,3195.03,1,,,,,,,,,,,,,3201.37,2,3201.38,2,3201.91,3,3201.97,1,3203.32,1,3203.33,3,3203.75,1,3203.76,1,3203.84,1,3203.85,3
2020-10-29 09:31:44,3199.625,3197.88,1,3197.88,2,3201.37,1,3201.37,3197.88,3197.88,2,3196.11,1,3195.8,1,3195.03,1,,,,,,,,,,,,,3201.37,1,3201.91,3,3201.97,1,3203.32,1,3203.33,3,3203.75,1,3203.76,1,3203.84,1,3203.85,3,3204.44,4
2020-10-29 09:31:45,3198.35,3197.88,1,3196.82,2,3199.88,2,3199.88,3196.82,3196.82,2,3196.11,1,3195.8,1,3195.03,1,,,,,,,,,,,,,3199.88,2,3201.37,1,3201.91,3,3201.97,1,3203.32,1,3203.33,3,3203.75,1,3203.76,1,3203.84,1,3203.85,3
2020-10-29 09:31:46,3198.35,3199.27,1,3196.83,1,3199.87,1,3199.87,3196.83,3196.83,1,3196.82,2,3196.11,1,3195.8,1,3195.03,1,,,,,,,,,,,3199.87,1,3199.88,4,3201.37,1,3201.91,3,3201.97,1,3203.32,1,3203.33,3,3203.75,1,3203.76,1,3203.84,1
2020-10-29 09:31:47,3198.35,3199.27,1,3196.82,4,3199.88,4,3199.88,3196.82,3196.82,4,3196.11,1,3195.8,1,3195.03,1,,,,,,,,,,,,,3199.88,4,3201.37,1,3201.91,3,3201.97,1,3203.32,1,3203.33,3,3203.75,1,3203.76,1,3203.84,1,3203.85,3
2020-10-29 09:31:48,3198.17,3199.27,1,3196.82,4,3199.52,1,3199.52,3196.82,3196.82,4,3196.11,1,3195.8,1,3195.03,1,,,,,,,,,,,,,3199.52,1,3199.53,1,3199.88,4,3201.37,1,3201.91,3,3201.97,1,3203.32,1,3203.33,3,3203.75,1,3203.76,1
2020-10-29 09:31:49,3198.765,3197.9,1,3198.0,1,3199.53,3,3199.53,3198.0,3198.0,1,3197.44,2,3197.28,1,3196.82,4,3196.11,1,3195.8,1,3195.03,1,,,,,,,3199.53,3,3199.88,4,3201.37,1,3201.91,3,3201.97,1,3203.32,1,3203.33,3,3203.75,1,3203.76,1,3203.84,1
2020-10-29 09:31:50,3198.765,3198.62,1,3198.0,1,3199.53,3,3199.53,3198.0,3198.0,1,3197.44,2,3197.28,1,3196.82,4,3196.11,1,3195.8,1,3195.03,1,,,,,,,3199.53,3,3199.88,4,3201.37,1,3201.91,3,3201.97,1,3203.32,1,3203.33,3,3203.75,1,3203.76,1,3203.84,1
2020-10-29 09:31:51,3200.155,3199.88,1,3198.94,1,3201.37,1,3201.37,3198.94,3198.94,1,3198.88,1,3198.76,1,3198.29,1,3198.0,1,3197.44,2,3197.28,1,3196.82,4,3196.11,1,3195.8,1,3201.37,1,3201.91,3,3201.97,1,3203.32,1,3203.33,3,3203.75,1,3203.76,1,3203.84,1,3203.85,3,3204.44,4
2020-10-29 09:31:52,3200.28,3200.0,1,3199.21,3,3201.35,1,3201.35,3199.21,3199.21,3,3198.94,1,3198.88,1,3198.76,1,3198.29,1,3198.0,1,3197.44,2,3197.28,1,3196.82,4,3196.11,1,3201.35,1,3201.36,2,3201.37,1,3201.91,3,3201.97,1,3203.32,1,3203.33,3,3203.75,1,3203.76,1,3203.84,1
2020-10-29 09:31:53,3200.44,3200.3,2,3199.53,1,3201.35,1,3201.35,3199.53,3199.53,1,3198.74,2,3198.49,2,3198.29,1,3198.0,1,3197.44,2,3197.28,1,3196.82,4,3196.11,1,3195.8,1,3201.35,1,3201.36,2,3201.37,1,3201.91,3,3201.97,1,3203.32,1,3203.33,3,3203.75,1,3203.76,1,3203.84,1
2020-10-29 09:31:54,3199.03,3200.0,1,3198.0,1,3200.06,1,3200.06,3198.0,3198.0,1,3197.44,4,3197.28,1,3196.82,4,3196.11,1,3195.8,1,3195.03,1,,,,,,,3200.06,1,3200.07,2,3201.36,2,3201.37,1,3201.91,3,3201.97,1,3203.32,1,3203.33,3,3203.75,1,3203.76,1
2020-10-29 09:31:55,3199.45,3198.84,1,3198.83,1,3200.07,4,3200.07,3198.83,3198.83,1,3198.01,1,3198.0,1,3197.44,4,3197.28,1,3196.82,4,3196.11,1,3195.8,1,3195.03,1,,,3200.07,4,3201.36,2,3201.37,1,3201.91,3,3201.97,1,3203.32,1,3203.33,3,3203.75,1,3203.76,1,3203.84,1
2020-10-29 09:31:56,3199.305,3199.21,1,3198.62,1,3199.99,1,3199.99,3198.62,3198.62,1,3197.44,4,3197.28,1,3196.82,4,3196.11,1,3195.8,1,3195.03,1,,,,,,,3199.99,1,3200.0,2,3200.07,5,3201.36,2,3201.37,1,3201.91,3,3201.97,1,3203.32,1,3203.33,3,3203.75,1
2020-10-29 09:31:57,3195.82,3195.0,1,3194.6,1,3197.04,1,3197.04,3194.6,3194.6,1,3194.45,2,3194.2,2,,,,,,,,,,,,,,,3197.04,1,3197.05,3,3197.35,4,3198.0,1,3198.01,1,3198.62,1,3199.99,1,3200.0,2,3200.07,5,3201.36,2
2020-10-29 09:31:58,3195.745,3195.0,1,3194.45,2,3197.04,1,3197.04,3194.45,3194.45,2,3194.2,2,,,,,,,,,,,,,,,,,3197.04,1,3197.05,3,3197.35,4,3198.0,1,3198.01,1,3198.62,1,3199.99,1,3200.0,2,3200.07,5,3201.36,2
2020-10-29 09:31:59,3194.91,3194.0,1,3193.28,3,3196.54,1,3196.54,3193.28,3193.28,3,3192.12,1,,,,,,,,,,,,,,,,,3196.54,1,3197.05,2,3197.35,4,3198.0,1,3198.01,1,3198.62,1,3199.99,1,3200.0,2,3200.07,5,3201.36,2
2020-10-29 09:32:00,3194.49,3194.0,1,3193.41,1,3195.57,1,3195.57,3193.41,3193.41,1,3193.28,4,3192.12,1,,,,,,,,,,,,,,,3195.57,1,3195.58,3,3196.54,3,3197.05,2,3197.35,4,3198.0,1,3198.01,1,3198.62,1,3199.99,1,3200.0,2
2020-10-29 09:32:01,3194.97,3195.5,1,3193.4,1,3196.54,2,3196.54,3193.4,3193.4,1,3193.28,5,3192.12,1,,,,,,,,,,,,,,,3196.54,2,3197.05,2,3197.35,4,3198.0,1,3198.01,1,3198.62,1,3199.99,1,3200.0,2,3200.07,5,3201.36,2
2020-10-29 09:32:02,3194.975,3194.98,1,3193.41,1,3196.54,3,3196.54,3193.41,3193.41,1,3193.28,5,3192.12,1,,,,,,,,,,,,,,,3196.54,3,3197.05,2,3197.35,4,3198.0,1,3198.01,1,3198.62,1,3199.99,1,3200.0,2,3200.07,5,3201.36,2
2020-10-29 09:32:03,3196.485,3196.55,1,3195.92,1,3197.05,3,3197.05,3195.92,3195.92,1,3195.3,1,3194.55,1,3193.82,2,3193.4,1,3193.28,5,3192.12,1,,,,,,,3197.05,3,3197.35,4,3198.0,1,3198.01,1,3198.62,1,3199.99,1,3200.0,2,3200.07,5,3201.36,2,3201.37,1
2020-10-29 09:32:04,3197.7,3197.7,1,3195.91,1,3199.49,1,3199.49,3195.91,3195.91,1,3195.3,1,3194.55,1,3193.82,2,3193.4,1,3193.28,5,3192.12,1,,,,,,,3199.49,1,3199.99,1,3200.0,2,3200.07,5,3201.36,2,3201.37,1,3201.91,3,3201.97,1,3203.32,1,3203.33,3
2020-10-29 09:32:05,3197.695,3197.7,1,3195.9,1,3199.49,3,3199.49,3195.9,3195.9,1,3195.3,1,3194.55,1,3193.82,2,3193.4,1,3193.28,5,3192.12,1,,,,,,,3199.49,3,3199.99,1,3200.0,2,3200.07,5,3201.36,2,3201.37,1,3201.91,3,3201.97,1,3203.32,1,3203.33,3
2020-10-29 09:32:06,3197.065,3197.7,1,3195.89,4,3198.24,1,3198.24,3195.89,3195.89,4,3195.3,1,3194.55,1,3193.82,2,3193.4,1,3193.28,5,3192.12,1,,,,,,,3198.24,1,3198.25,1,3199.49,4,3199.99,1,3200.0,2,3200.07,5,3201.36,2,3201.37,1,3201.91,3,3201.97,1
2020-10-29 09:32:07,3197.065,3197.7,1,3195.89,4,3198.24,2,3198.24,3195.89,3195.89,4,3195.3,1,3194.55,1,3193.82,2,3193.4,1,3193.28,5,3192.12,1,,,,,,,3198.24,2,3198.25,1,3199.49,4,3199.99,1,3200.0,2,3200.07,5,3201.36,2,3201.37,1,3201.91,3,3201.97,1
2020-10-29 09:32:08,3197.08,3197.7,1,3195.92,1,3198.24,2,3198.24,3195.92,3195.92,1,3195.89,4,3195.3,1,3194.55,1,3193.82,2,3193.4,1,3193.28,5,3192.12,1,,,,,3198.24,2,3198.25,1,3199.49,4,3199.99,1,3200.0,2,3200.07,5,3201.36,2,3201.37,1,3201.91,3,3201.97,1
2020-10-29 09:32:09,3197.06,3196.5,1,3195.89,3,3198.23,1,3198.23,3195.89,3195.89,3,3195.3,1,3194.55,1,3193.82,2,3193.4,1,3193.28,5,3192.12,1,,,,,,,3198.23,1,3198.24,2,3198.25,1,3199.49,4,3199.99,1,3200.0,2,3200.07,5,3201.36,2,3201.37,1,3201.91,3
2020-10-29 09:32:10,3197.745,3196.5,1,3196.0,2,3199.49,4,3199.49,3196.0,3196.0,2,3195.89,4,3195.3,1,3194.55,1,3193.82,2,3193.4,1,3193.28,5,3192.12,1,,,,,3199.49,4,3199.99,1,3200.0,2,3200.07,5,3201.36,2,3201.37,1,3201.91,3,3201.97,1,3203.32,1,3203.33,3
2020-10-29 09:32:11,3198.265,3197.72,1,3197.04,1,3199.49,4,3199.49,3197.04,3197.04,1,3196.0,2,3195.89,4,3195.3,1,3194.55,1,3193.82,2,3193.4,1,3193.28,5,3192.12,1,,,3199.49,4,3199.99,1,3200.0,2,3200.07,5,3201.36,2,3201.37,1,3201.91,3,3201.97,1,3203.32,1,3203.33,3
2020-10-29 09:32:12,3197.305,3196.0,1,3195.12,1,3199.49,4,3199.49,3195.12,3195.12,1,3193.0,1,3192.12,1,,,,,,,,,,,,,,,3199.49,4,3199.99,1,3200.0,2,3200.07,5,3201.36,2,3201.37,1,3201.91,3,3201.97,1,3203.32,1,3203.33,3
2020-10-29 09:32:13,3196.77,3196.62,2,3195.92,2,3197.62,2,3197.62,3195.92,3195.92,2,3195.28,1,3195.12,1,3193.0,1,3192.12,1,,,,,,,,,,,3197.62,2,3197.63,1,3199.49,4,3199.99,1,3200.0,2,3200.07,5,3201.36,2,3201.37,1,3201.91,3,3201.97,1
2020-10-29 09:32:14,3196.775,3197.03,1,3195.92,2,3197.63,3,3197.63,3195.92,3195.92,2,3195.28,1,3195.12,1,3193.0,1,3192.12,1,,,,,,,,,,,3197.63,3,3199.49,4,3199.99,1,3200.0,2,3200.07,5,3201.36,2,3201.37,1,3201.91,3,3201.97,1,3203.32,1
2020-10-29 09:32:15,3196.755,3197.03,1,3195.92,2,3197.59,1,3197.59,3195.92,3195.92,2,3195.28,1,3195.12,1,3193.0,1,3192.12,1,,,,,,,,,,,3197.59,1,3197.63,3,3199.49,4,3199.99,1,3200.0,2,3200.07,5,3201.36,2,3201.37,1,3201.91,3,3201.97,1
2020-10-29 09:32:16,3196.775,3197.03,1,3195.92,2,3197.63,3,3197.63,3195.92,3195.92,2,3195.28,1,3195.12,1,3193.0,1,3192.12,1,,,,,,,,,,,3197.63,3,3199.49,4,3199.99,1,3200.0,2,3200.07,5,3201.36,2,3201.37,1,3201.91,3,3201.97,1,3203.32,1
2020-10-29 09:32:17,3196.775,3196.79,1,3195.92,2,3197.63,3,3197.63,3195.92,3195.92,2,3195.28,1,3195.12,1,3193.0,1,3192.12,1,,,,,,,,,,,3197.63,3,3199.49,4,3199.99,1,3200.0,2,3200.07,5,3201.36,2,3201.37,1,3201.91,3,3201.97,1,3203.32,1
2020-10-29 09:32:18,3196.815,3196.79,1,3196.0,1,3197.63,3,3197.63,3196.0,3196.0,1,3195.95,1,3195.92,2,3195.28,1,3195.12,1,3193.0,1,3192.12,1,,,,,,,3197.63,3,3199.49,4,3199.99,1,3200.0,2,3200.07,5,3201.36,2,3201.37,1,3201.91,3,3201.97,1,3203.32,1
2020-10-29 09:32:19,3193.78,3193.12,1,3193.0,1,3194.56,1,3194.56,3193.0,3193.0,1,3192.73,1,3192.0,1,,,,,,,,,,,,,,,3194.56,1,3195.12,1,3195.63,1,3197.62,1,3197.63,3,3199.49,4,3199.99,1,3200.0,2,3200.07,5,3201.36,2
2020-10-29 09:32:20,3194.91,3194.92,1,3193.0,1,3196.82,1,3196.82,3193.0,3193.0,1,3192.5,1,3192.0,1,,,,,,,,,,,,,,,3196.82,1,3196.83,1,3197.62,1,3197.63,3,3199.49,4,3199.99,1,3200.0,2,3200.07,5,3201.36,2,3201.37,1
2020-10-29 09:32:21,3195.45,3194.92,1,3193.28,1,3197.62,2,3197.62,3193.28,3193.28,1,3193.0,1,3192.0,1,,,,,,,,,,,,,,,3197.62,2,3197.63,3,3199.49,4,3199.99,1,3200.0,2,3200.07,5,3201.36,2,3201.37,1,3201.91,3,3201.97,1
2020-10-29 09:32:22,3194.195,3193.56,1,3193.28,1,3195.11,1,3195.11,3193.28,3193.28,1,3192.0,1,,,,,,,,,,,,,,,,,3195.11,1,3195.12,2,3197.62,2,3197.63,3,3199.49,4,3199.99,1,3200.0,2,3200.07,5,3201.36,2,3201.37,1
2020-10-29 09:32:23,3193.6,3192.5,1,3192.46,1,3194.74,2,3194.74,3192.46,3192.46,1,3192.0,1,,,,,,,,,,,,,,,,,3194.74,2,3195.11,1,3195.12,2,3197.62,2,3197.63,3,3199.49,4,3199.99,1,3200.0,2,3200.07,5,3201.36,2
2020-10-29 09:32:24,3193.67,3192.5,1,3192.6,1,3194.74,2,3194.74,3192.6,3192.6,1,3192.46,1,3192.0,1,,,,,,,,,,,,,,,3194.74,2,3195.11,1,3195.12,2,3197.62,2,3197.63,3,3199.49,4,3199.99,1,3200.0,2,3200.07,5,3201.36,2
2020-10-29 09:32:25,3193.67,3192.5,1,3192.6,1,3194.74,2,3194.74,3192.6,3192.6,1,3192.0,3,,,,,,,,,,,,,,,,,3194.74,2,3195.11,1,3195.12,2,3197.62,2,3197.63,3,3199.49,4,3199.99,1,3200.0,2,3200.07,5,3201.36,2
2020-10-29 09:32:26,3194.385,3193.88,1,3193.65,1,3195.12,3,3195.12,3193.65,3193.65,1,3193.44,1,3192.6,1,3192.0,3,,,,,,,,,,,,,3195.12,3,3197.62,2,3197.63,3,3199.49,4,3199.99,1,3200.0,2,3200.07,5,3201.36,2,3201.37,1,3201.91,3
2020-10-29 09:32:27,3194.13,3193.79,1,3193.14,1,3195.12,1,3195.12,3193.14,3193.14,1,3192.61,2,3192.6,1,3192.0,3,,,,,,,,,,,,,3195.12,1,3195.25,1,3197.62,2,3197.63,3,3199.49,4,3199.99,1,3200.0,2,3200.07,5,3201.36,2,3201.37,1
2020-10-29 09:32:28,3193.18,3193.47,1,3192.46,1,3193.9,1,3193.9,3192.46,3192.46,1,3192.0,3,,,,,,,,,,,,,,,,,3193.9,1,3194.16,1,3194.46,1,3195.11,1,3195.12,2,3195.25,1,3197.62,2,3197.63,3,3199.49,4,3199.99,1
2020-10-29 09:32:29,3193.72,3194.48,3,3192.46,1,3194.98,1,3194.98,3192.46,3192.46,1,3192.0,3,,,,,,,,,,,,,,,,,3194.98,1,3195.06,1,3195.12,2,3195.25,1,3197.62,2,3197.63,3,3199.49,4,3199.99,1,3200.0,2,3200.07,5
2020-10-29 09:32:30,3193.88,3194.48,3,3192.78,1,3194.98,1,3194.98,3192.78,3192.78,1,3192.46,1,3192.0,3,,,,,,,,,,,,,,,3194.98,1,3195.09,1,3195.12,2,3195.25,1,3197.62,2,3197.63,3,3199.49,4,3199.99,1,3200.0,2,3200.07,5
2020-10-29 09:32:31,3193.98,3194.42,1,3192.99,1,3194.97,1,3194.97,3192.99,3192.99,1,3192.78,1,3192.46,1,3192.0,3,,,,,,,,,,,,,3194.97,1,3194.98,1,3195.09,1,3195.12,2,3195.25,1,3197.62,2,3197.63,3,3199.49,4,3199.99,1,3200.0,2
2020-10-29 09:32:32,3193.86,3194.42,1,3192.78,1,3194.94,1,3194.94,3192.78,3192.78,1,3192.18,1,3192.0,3,,,,,,,,,,,,,,,3194.94,1,3194.97,2,3194.98,1,3195.09,1,3195.12,2,3195.25,1,3197.62,2,3197.63,3,3199.49,4,3199.99,1
2020-10-29 09:32:33,3193.7,3192.0,1,3192.46,1,3194.94,2,3194.94,3192.46,3192.46,1,3191.9,1,3191.25,2,3190.94,4,,,,,,,,,,,,,3194.94,2,3194.97,2,3194.98,1,3195.09,1,3195.12,2,3195.25,1,3197.62,2,3197.63,3,3199.49,4,3199.99,1
2020-10-29 09:32:34,3193.54,3193.53,1,3192.6,1,3194.48,1,3194.48,3192.6,3192.6,1,3192.46,2,3191.9,1,3191.25,2,3190.94,4,,,,,,,,,,,3194.48,1,3194.52,1,3194.94,1,3194.97,2,3194.98,1,3195.09,1,3195.12,2,3195.25,1,3197.62,2,3197.63,3
2020-10-29 09:32:35,3192.955,3192.6,1,3191.8,1,3194.11,2,3194.11,3191.8,3191.8,1,3191.79,1,3191.25,2,3190.94,4,,,,,,,,,,,,,3194.11,2,3194.26,1,3194.48,1,3194.52,1,3194.94,1,3194.97,2,3194.98,1,3195.09,1,3195.12,2,3195.25,1
2020-10-29 09:32:36,3192.955,3193.97,1,3191.8,1,3194.11,2,3194.11,3191.8,3191.8,1,3191.79,1,3191.25,2,3190.94,4,,,,,,,,,,,,,3194.11,2,3194.26,1,3194.48,1,3194.52,1,3194.94,1,3194.97,2,3194.98,1,3195.09,1,3195.12,2,3195.25,1
2020-10-29 09:32:37,3193.195,3192.73,1,3192.28,1,3194.11,3,3194.11,3192.28,3192.28,1,3191.8,1,3191.79,1,3191.25,2,3190.94,4,,,,,,,,,,,3194.11,3,3194.26,1,3194.48,1,3194.52,1,3194.94,1,3194.97,2,3194.98,1,3195.09,1,3195.12,2,3195.25,1
2020-10-29 09:32:38,3194.105,3194.9,1,3193.27,1,3194.94,1,3194.94,3193.27,3193.27,1,3191.79,2,3191.25,2,3190.94,4,,,,,,,,,,,,,3194.94,1,3194.97,2,3194.98,1,3195.09,1,3195.12,2,3195.25,1,3197.62,2,3197.63,3,3199.49,4,3199.99,1
2020-10-29 09:32:39,3193.455,3194.98,1,3191.79,2,3195.12,2,3195.12,3192.28,3191.79,2,3191.25,2,3190.94,4,,,,,,,,,,,,,,,3195.12,2,3195.25,1,3197.62,2,3197.63,3,3199.49,4,3199.99,1,3200.0,2,3200.07,5,3201.36,2,3201.37,1
2020-10-29 09:32:40,3194.25,3194.98,1,3193.38,1,3195.12,2,3195.12,3193.38,3193.38,1,3193.27,1,3191.79,2,3191.25,2,3190.94,4,,,,,,,,,,,3195.12,2,3195.25,1,3197.62,2,3197.63,3,3199.49,4,3199.99,1,3200.0,2,3200.07,5,3201.36,2,3201.37,1
2020-10-29 09:32:41,3191.94,3191.79,1,3191.0,1,3192.88,1,3192.88,3191.0,3191.0,1,3190.94,4,,,,,,,,,,,,,,,,,3192.88,1,3193.38,2,3194.11,1,3195.12,2,3195.25,1,3197.62,2,3197.63,3,3199.49,4,3199.99,1,3200.0,2
2020-10-29 09:32:42,3191.21,3191.01,1,3190.0,7,3192.42,1,3192.42,3190.0,3190.0,7,,,,,,,,,,,,,,,,,,,3192.42,1,3192.88,2,3193.38,2,3194.11,1,3195.12,2,3195.25,1,3197.62,2,3197.63,3,3199.49,4,3199.99,1
2020-10-29 09:32:43,3190.81,3190.0,1,3189.2,1,3192.42,2,3192.42,3189.2,3189.2,1,,,,,,,,,,,,,,,,,,,3192.42,2,3192.88,2,3193.38,2,3194.11,1,3195.12,2,3195.25,1,3197.62,2,3197.63,3,3199.49,4,3199.99,1
2020-10-29 09:32:44,3190.735,3190.74,1,3189.2,1,3192.27,1,3192.27,3189.2,3189.2,1,,,,,,,,,,,,,,,,,,,3192.27,1,3192.3,1,3192.42,2,3192.88,2,3193.38,2,3194.11,1,3195.12,2,3195.25,1,3197.62,2,3197.63,3
2020-10-29 09:32:45,3190.735,3190.74,1,3189.2,1,3192.27,3,3192.27,3189.2,3189.2,1,,,,,,,,,,,,,,,,,,,3192.27,3,3192.3,1,3192.42,2,3192.88,2,3193.38,2,3194.11,1,3195.12,2,3195.25,1,3197.62,2,3197.63,3
2020-10-29 09:32:46,3189.37,3190.74,1,3188.16,2,3190.58,1,3190.58,3188.16,3188.16,2,3188.0,3,,,,,,,,,,,,,,,,,3190.58,1,3190.59,1,3190.6,1,3192.27,2,3192.3,1,3192.42,2,3192.88,2,3193.38,2,3194.11,1,3195.12,2
2020-10-29 09:32:47,3190.73,3190.6,1,3189.19,2,3192.27,3,3192.27,3189.19,3189.19,2,3188.16,2,3188.0,3,,,,,,,,,,,,,,,3192.27,3,3192.3,1,3192.42,2,3192.88,2,3193.38,2,3194.11,1,3195.12,2,3195.25,1,3197.62,2,3197.63,3
2020-10-29 09:32:48,3191.15,3191.16,5,3190.03,1,3192.27,3,3192.27,3190.03,3190.03,1,3189.19,2,3188.16,2,3188.0,3,,,,,,,,,,,,,3192.27,3,3192.3,1,3192.42,2,3192.88,2,3193.38,2,3194.11,1,3195.12,2,3195.25,1,3197.62,2,3197.63,3
2020-10-29 09:32:49,3191.15,3190.88,1,3190.03,1,3192.27,4,3192.27,3190.03,3190.03,1,3189.19,2,3188.16,2,3188.0,3,,,,,,,,,,,,,3192.27,4,3192.3,1,3192.42,2,3192.88,2,3193.38,2,3194.11,1,3195.12,2,3195.25,1,3197.62,2,3197.63,3
2020-10-29 09:32:50,3191.15,3190.88,1,3190.03,1,3192.27,4,3192.27,3190.03,3190.03,1,3189.19,2,3188.16,2,3188.0,3,,,,,,,,,,,,,3192.27,4,3192.3,1,3192.42,2,3192.88,2,3193.38,2,3194.11,1,3195.12,2,3195.25,1,3197.62,2,3197.63,3
2020-10-29 09:32:51,3191.15,3190.88,1,3190.03,2,3192.27,3,3192.27,3190.03,3190.03,2,3189.19,2,3188.16,2,3188.0,3,,,,,,,,,,,,,3192.27,3,3192.3,1,3192.42,2,3192.88,2,3193.38,2,3194.11,1,3195.12,2,3195.25,1,3197.62,2,3197.63,3
2020-10-29 09:32:52,3191.155,3190.88,1,3190.04,1,3192.27,3,3192.27,3190.04,3190.04,1,3190.03,2,3189.19,2,3188.16,2,3188.0,3,,,,,,,,,,,3192.27,3,3192.3,1,3192.42,2,3192.88,2,3193.38,2,3194.11,1,3195.12,2,3195.25,1,3197.62,2,3197.63,3
2020-10-29 09:32:53,3191.15,3190.03,1,3190.03,2,3192.27,4,3192.27,3190.03,3190.03,2,3189.19,2,3188.16,2,3188.0,3,,,,,,,,,,,,,3192.27,4,3192.3,1,3192.42,2,3192.88,2,3193.38,2,3194.11,1,3195.12,2,3195.25,1,3197.62,2,3197.63,3
2020-10-29 09:32:54,3189.42,3190.56,1,3188.16,2,3190.68,2,3190.68,3188.16,3188.16,2,3188.0,3,,,,,,,,,,,,,,,,,3190.68,2,3191.67,2,3192.0,1,3192.27,3,3192.3,1,3192.42,2,3192.88,2,3193.38,2,3194.11,1,3195.12,2
2020-10-29 09:32:55,3189.42,3190.56,1,3188.16,2,3190.68,3,3190.68,3188.16,3188.16,2,3188.0,3,,,,,,,,,,,,,,,,,3190.68,3,3191.67,2,3192.0,1,3192.27,3,3192.3,1,3192.42,2,3192.88,2,3193.38,2,3194.11,1,3195.12,2
2020-10-29 09:32:56,3190.215,3189.92,1,3188.16,2,3192.27,3,3192.27,3188.16,3188.16,2,3188.0,3,,,,,,,,,,,,,,,,,3192.27,3,3192.3,1,3192.42,2,3192.88,2,3193.38,2,3194.11,1,3195.12,2,3195.25,1,3197.62,2,3197.63,3
2020-10-29 09:32:57,3190.215,3192.27,1,3188.16,2,3192.27,2,3192.27,3188.16,3188.16,2,3188.0,3,,,,,,,,,,,,,,,,,3192.27,2,3192.3,2,3192.42,2,3192.88,2,3193.38,2,3194.11,1,3195.12,2,3195.25,1,3197.62,2,3197.63,3
2020-10-29 09:32:58,3189.36,3192.27,1,3188.16,2,3190.56,2,3190.56,3188.16,3188.16,2,3188.0,3,,,,,,,,,,,,,,,,,3190.56,2,3191.16,1,3191.46,1,3192.27,1,3192.3,2,3192.42,2,3192.88,2,3193.38,2,3194.11,1,3195.12,2
2020-10-29 09:32:59,3189.36,3192.27,1,3188.16,3,3190.56,2,3190.56,3188.16,3188.16,3,3188.0,3,,,,,,,,,,,,,,,,,3190.56,2,3191.16,1,3191.46,1,3192.27,1,3192.3,2,3192.42,2,3192.88,2,3193.38,2,3194.11,1,3195.12,2
2020-10-29 09:33:00,3190.41,3190.53,1,3190.0,1,3190.82,2,3190.82,3190.0,3190.0,1,3188.86,2,3188.16,3,3188.0,3,,,,,,,,,,,,,3190.82,2,3192.27,1,3192.3,2,3192.42,2,3192.88,2,3193.38,2,3194.11,1,3195.12,2,3195.25,1,3197.62,2
2020-10-29 09:33:01,3191.135,3190.91,2,3190.0,1,3192.27,1,3192.27,3190.0,3190.0,1,3188.86,2,3188.16,3,3188.0,3,,,,,,,,,,,,,3192.27,1,3192.3,2,3192.42,2,3192.88,2,3193.38,2,3194.11,1,3195.12,2,3195.25,1,3197.62,2,3197.63,3
2020-10-29 09:33:02,3190.575,3190.58,1,3190.0,2,3191.15,1,3191.15,3190.0,3190.0,2,3188.86,2,3188.16,3,3188.0,3,,,,,,,,,,,,,3191.15,1,3192.26,1,3192.27,1,3192.3,2,3192.42,2,3192.88,2,3193.38,2,3194.11,1,3195.12,2,3195.25,1
2020-10-29 09:33:03,3191.135,3190.58,1,3190.0,2,3192.27,1,3192.27,3190.0,3190.0,2,3188.86,2,3188.16,3,3188.0,3,,,,,,,,,,,,,3192.27,1,3192.3,2,3192.42,2,3192.88,2,3193.38,2,3194.11,1,3195.12,2,3195.25,1,3197.62,2,3197.63,3
2020-10-29 09:33:04,3191.135,3190.58,1,3190.0,2,3192.27,1,3192.27,3190.0,3190.0,2,3188.86,2,3188.16,3,3188.0,3,,,,,,,,,,,,,3192.27,1,3192.3,2,3192.42,2,3192.88,2,3193.38,2,3194.11,1,3195.12,2,3195.25,1,3197.62,2,3197.63,3
2020-10-29 09:33:05,3191.715,3192.27,1,3191.16,2,3192.27,1,3192.27,3191.16,3191.16,2,3190.0,2,3188.86,2,3188.16,3,3188.0,3,,,,,,,,,,,3192.27,1,3192.88,2,3193.38,2,3194.11,1,3195.12,2,3195.25,1,3197.62,2,3197.63,3,3199.49,4,3199.99,1
2020-10-29 09:33:06,3192.02,3192.27,1,3191.16,2,3192.88,2,3192.88,3191.16,3191.16,2,3190.0,2,3188.86,2,3188.16,3,3188.0,3,,,,,,,,,,,3192.88,2,3193.38,2,3194.11,1,3195.12,2,3195.25,1,3197.62,2,3197.63,3,3199.49,4,3199.99,1,3200.0,2
2020-10-29 09:33:07,3192.02,3192.88,1,3191.16,2,3192.88,4,3192.88,3191.16,3191.16,2,3190.0,2,3188.86,2,3188.16,3,3188.0,3,,,,,,,,,,,3192.88,4,3193.38,2,3194.11,1,3195.12,2,3195.25,1,3197.62,2,3197.63,3,3199.49,4,3199.99,1,3200.0,2
2020-10-29 09:33:08,3192.02,3192.29,1,3191.16,2,3192.88,4,3192.88,3191.16,3191.16,2,3190.0,2,3188.86,2,3188.16,3,3188.0,3,,,,,,,,,,,3192.88,4,3193.38,2,3194.11,1,3195.12,2,3195.25,1,3197.62,2,3197.63,3,3199.49,4,3199.99,1,3200.0,2
2020-10-29 09:33:09,3190.195,3190.56,1,3189.25,1,3191.14,1,3191.14,3189.25,3189.25,1,3188.86,2,3188.16,3,3188.0,3,,,,,,,,,,,,,3191.14,1,3191.65,1,3191.66,3,3192.32,1,3192.33,1,3192.87,1,3192.88,5,3193.38,2,3194.11,1,3195.12,2
2020-10-29 09:33:10,3189.52,3190.88,1,3188.16,3,3190.88,1,3190.88,3188.16,3188.16,3,3188.0,3,,,,,,,,,,,,,,,,,3190.88,1,3190.9,1,3190.91,1,3191.14,2,3191.65,1,3191.66,3,3192.32,1,3192.33,1,3192.87,1,3192.88,5
2020-10-29 09:33:11,3189.3,3190.88,1,3188.16,3,3190.44,1,3190.44,3188.16,3188.16,3,3188.0,3,,,,,,,,,,,,,,,,,3190.44,1,3190.88,1,3190.9,1,3190.91,1,3191.14,2,3191.65,1,3191.66,3,3192.32,1,3192.33,1,3192.87,1
2020-10-29 09:33:12,3189.59,3190.88,1,3188.75,1,3190.43,1,3190.43,3188.75,3188.75,1,3188.16,3,3188.0,3,,,,,,,,,,,,,,,3190.43,1,3190.53,1,3191.14,2,3191.65,1,3191.66,3,3192.32,1,3192.33,1,3192.87,1,3192.88,5,3193.38,2
2020-10-29 09:33:13,3189.435,3189.89,1,3188.75,1,3190.12,1,3190.12,3188.75,3188.75,1,3188.16,3,3188.0,3,,,,,,,,,,,,,,,3190.12,1,3190.43,2,3190.53,1,3191.14,2,3191.65,1,3191.66,3,3192.32,1,3192.33,1,3192.87,1,3192.88,5
2020-10-29 09:33:14,3190.75,3191.14,1,3190.0,1,3191.5,1,3191.5,3190.0,3190.0,1,3189.95,1,3188.75,1,3188.16,3,3188.0,3,,,,,,,,,,,3191.5,1,3191.66,3,3192.32,1,3192.33,1,3192.87,1,3192.88,5,3193.38,2,3194.11,1,3195.12,2,3195.25,1
2020-10-29 09:33:15,3188.0,3187.01,1,3187.0,2,3189.0,1,3189.0,3187.0,3187.0,2,,,,,,,,,,,,,,,,,,,3189.0,1,3189.32,2,3189.33,2,3190.0,2,3191.38,1,3191.39,1,3191.5,1,3191.66,3,3192.32,1,3192.33,1
2020-10-29 09:33:16,3188.005,3187.01,1,3187.01,1,3189.0,2,3189.0,3187.01,3187.01,1,3187.0,2,,,,,,,,,,,,,,,,,3189.0,2,3189.32,2,3189.33,2,3190.0,2,3191.38,1,3191.39,1,3191.5,1,3191.66,3,3192.32,1,3192.33,1
2020-10-29 09:33:17,3187.945,3187.01,1,3187.0,2,3188.89,1,3188.89,3187.0,3187.0,2,,,,,,,,,,,,,,,,,,,3188.89,1,3189.0,2,3189.32,2,3189.33,2,3190.0,2,3191.38,1,3191.39,1,3191.5,1,3191.66,3,3192.32,1
2020-10-29 09:33:18,3187.605,3187.77,1,3186.32,2,3188.89,1,3188.89,3186.32,3186.32,2,3186.31,2,3186.3,1,,,,,,,,,,,,,,,3188.89,1,3189.0,2,3189.32,2,3189.33,2,3190.0,2,3191.38,1,3191.39,1,3191.5,1,3191.66,3,3192.32,1
2020-10-29 09:33:19,3188.055,3187.05,1,3187.11,1,3189.0,2,3189.0,3187.11,3187.11,1,3187.1,1,3187.09,1,3187.08,1,3187.05,2,3187.04,1,3187.03,1,3187.02,2,3186.32,2,3186.31,2,3189.0,2,3189.32,2,3189.33,2,3190.0,2,3191.38,1,3191.39,1,3191.5,1,3191.66,3,3192.32,1,3192.33,1
2020-10-29 09:33:20,3188.065,3188.05,1,3187.13,1,3189.0,2,3189.0,3187.13,3187.13,1,3187.12,1,3187.11,1,3187.1,1,3187.09,1,3187.08,1,3187.05,2,3187.04,1,3187.03,1,3187.02,2,3189.0,2,3189.32,2,3189.33,2,3190.0,2,3191.38,1,3191.39,1,3191.5,1,3191.66,3,3192.32,1,3192.33,1
2020-10-29 09:33:21,3188.085,3187.79,2,3187.17,2,3189.0,2,3189.0,3187.17,3187.17,2,3187.16,1,3187.15,1,3187.14,1,3187.13,1,3187.12,1,3187.11,1,3187.1,1,3187.09,1,3187.08,1,3189.0,2,3189.32,2,3189.33,2,3190.0,2,3191.38,1,3191.39,1,3191.5,1,3191.66,3,3192.32,1,3192.33,1
2020-10-29 09:33:22,3190.54,3190.0,1,3189.99,1,3191.09,1,3191.09,3189.99,3189.99,1,3189.0,1,3188.42,1,3187.57,1,3187.21,2,3187.2,1,3187.19,1,3187.18,1,3187.17,2,3187.16,1,3191.09,1,3191.38,1,3191.39,1,3191.5,1,3191.66,3,3192.32,1,3192.33,1,3192.87,1,3192.88,5,3193.38,2
2020-10-29 09:33:23,3191.695,3191.09,3,3190.52,1,3192.87,1,3192.88,3190.51,3190.52,1,3190.51,1,3190.23,2,3189.99,1,3189.0,1,3188.42,1,3187.57,1,3187.21,2,3187.2,1,3187.19,1,3192.87,1,3192.88,5,3193.38,2,3194.11,1,3195.12,2,3195.25,1,3197.62,2,3197.63,3,3199.49,4,3199.99,1
2020-10-29 09:33:24,3193.615,3193.99,1,3192.23,1,3195.0,1,3195.0,3192.23,3192.23,1,3191.68,1,3191.57,1,3191.0,1,3190.51,3,3190.23,2,3189.99,1,3189.0,1,3188.42,1,3187.57,1,3195.0,1,3195.12,2,3195.25,1,3197.62,2,3197.63,3,3199.49,4,3199.99,1,3200.0,2,3200.07,5,3201.36,2
2020-10-29 09:33:25,3195.84,3195.0,1,3194.57,1,3198.0,1,3198.0,3194.57,3193.68,2,3193.14,1,3193.11,1,3192.23,1,3191.68,1,3191.57,1,3191.0,1,3190.51,3,3190.23,2,3189.99,1,3198.0,1,3199.49,4,3199.99,1,3200.0,2,3200.07,5,3201.36,2,3201.37,1,3201.91,3,3201.97,1,3203.32,1
2020-10-29 09:33:26,3196.695,3196.7,1,3195.39,3,3198.0,1,3198.0,3195.39,3195.39,3,3194.81,1,3194.79,1,3194.57,1,3194.5,1,3193.68,2,3193.14,1,3193.11,1,3192.23,1,3191.68,1,3198.0,1,3199.49,4,3199.99,1,3200.0,2,3200.07,5,3201.36,2,3201.37,1,3201.91,3,3201.97,1,3203.32,1
2020-10-29 09:33:27,3196.7,3195.8,1,3195.4,1,3198.0,2,3198.0,3195.4,3195.4,1,3195.39,3,3194.81,1,3194.79,1,3194.57,1,3194.5,1,3193.68,2,3193.14,1,3193.11,1,3192.23,1,3198.0,2,3199.49,4,3199.99,1,3200.0,2,3200.07,5,3201.36,2,3201.37,1,3201.91,3,3201.97,1,3203.32,1
2020-10-29 09:33:28,3196.645,3195.8,1,3195.4,3,3197.89,1,3197.89,3195.4,3195.4,3,3195.39,3,3194.81,1,3194.79,1,3194.57,1,3194.5,1,3193.68,2,3193.14,1,3193.11,1,3192.23,1,3197.89,1,3197.9,1,3198.0,2,3199.49,4,3199.99,1,3200.0,2,3200.07,5,3201.36,2,3201.37,1,3201.91,3
2020-10-29 09:33:29,3195.27,3195.4,1,3194.56,1,3195.98,2,3195.98,3194.56,3194.56,1,3194.02,1,3193.81,1,3193.68,2,3193.14,1,3193.11,1,3192.23,1,3191.68,1,3191.57,1,3191.0,1,3195.98,2,3196.38,1,3197.89,1,3197.9,1,3198.0,2,3199.49,4,3199.99,1,3200.0,2,3200.07,5,3201.36,2
2020-10-29 09:33:30,3195.27,3195.4,1,3194.56,2,3195.98,2,3195.98,3194.56,3194.56,2,3194.02,1,3193.81,1,3193.68,2,3193.14,1,3193.11,1,3192.23,1,3191.68,1,3191.57,1,3191.0,1,3195.98,2,3196.38,1,3197.89,1,3197.9,1,3198.0,2,3199.49,4,3199.99,1,3200.0,2,3200.07,5,3201.36,2
2020-10-29 09:33:31,3194.83,3195.21,1,3193.68,2,3195.98,1,3195.98,3193.68,3193.68,2,3193.14,1,3193.11,1,3192.23,1,3191.68,1,3191.57,1,3191.0,1,3190.51,3,3190.23,2,3189.99,1,3195.98,1,3196.38,1,3197.89,1,3197.9,1,3198.0,2,3199.49,4,3199.99,1,3200.0,2,3200.07,5,3201.36,2
2020-10-29 09:33:32,3194.83,3194.61,1,3193.68,3,3195.98,1,3195.98,3193.68,3193.68,3,3193.14,1,3193.11,1,3192.23,1,3191.68,1,3191.57,1,3191.0,1,3190.51,3,3190.23,2,3189.99,1,3195.98,1,3196.38,1,3197.89,1,3197.9,1,3198.0,2,3199.49,4,3199.99,1,3200.0,2,3200.07,5,3201.36,2
2020-10-29 09:33:33,3194.83,3194.61,1,3193.68,3,3195.98,1,3195.98,3193.68,3193.68,3,3193.14,1,3193.11,1,3192.23,1,3191.68,1,3191.57,1,3191.0,1,3190.51,3,3190.23,2,3189.99,1,3195.98,1,3196.38,1,3197.89,1,3197.9,1,3198.0,2,3199.49,4,3199.99,1,3200.0,2,3200.07,5,3201.36,2
2020-10-29 09:33:34,3192.68,3193.68,3,3191.0,2,3194.36,1,3194.36,3191.0,3191.0,2,3190.51,3,3190.23,2,3189.99,1,3189.0,1,3188.42,1,3187.57,1,3187.21,2,3187.2,1,3187.19,1,3194.36,1,3195.4,1,3195.97,1,3195.98,1,3196.38,1,3197.89,1,3197.9,1,3198.0,2,3199.49,4,3199.99,1
2020-10-29 09:33:35,3192.335,3192.32,1,3191.0,2,3193.67,1,3193.67,3191.0,3191.0,2,3190.51,3,3190.23,2,3189.99,1,3189.0,1,3188.42,1,3187.57,1,3187.21,2,3187.2,1,3187.19,1,3193.67,1,3193.68,1,3194.35,1,3194.36,1,3195.4,1,3195.97,1,3195.98,1,3196.38,1,3197.89,1,3197.9,1
2020-10-29 09:33:36,3191.42,3191.2,1,3190.0,1,3192.84,1,3192.84,3190.0,3190.0,1,3189.99,1,3189.0,1,3188.42,1,3187.57,1,3187.21,2,3187.2,1,3187.19,1,3187.18,1,3187.17,2,3192.84,1,3192.87,1,3193.67,1,3193.68,1,3194.35,1,3194.36,1,3195.4,1,3195.97,1,3195.98,1,3196.38,1
2020-10-29 09:33:37,3191.435,3191.2,1,3190.0,1,3192.87,3,3192.87,3190.0,3190.0,1,3189.99,1,3189.0,1,3188.42,1,3187.57,1,3187.21,2,3187.2,1,3187.19,1,3187.18,1,3187.17,2,3192.87,3,3193.67,1,3193.68,1,3194.35,1,3194.36,1,3195.4,1,3195.97,1,3195.98,1,3196.38,1,3197.89,1
2020-10-29 09:33:38,3191.435,3191.2,1,3190.01,1,3192.86,2,3192.86,3190.01,3190.01,1,3190.0,1,3189.99,1,3189.0,1,3188.42,1,3187.57,1,3187.21,2,3187.2,1,3187.19,1,3187.18,1,3192.86,2,3192.87,3,3193.67,1,3193.68,1,3194.35,1,3194.36,1,3195.4,1,3195.97,1,3195.98,1,3196.38,1
2020-10-29 09:33:39,3191.26,3191.2,1,3190.0,1,3192.52,1,3192.52,3190.0,3190.0,1,3189.99,1,3189.0,1,3188.42,1,3187.57,1,3187.21,2,3187.2,1,3187.19,1,3187.18,1,3187.17,2,3192.52,1,3192.53,1,3192.86,2,3192.87,3,3193.67,1,3193.68,1,3194.35,1,3194.36,1,3195.4,1,3195.97,1
2020-10-29 09:33:40,3190.995,3191.2,1,3190.0,1,3191.99,1,3191.99,3190.0,3190.0,1,3189.99,1,3189.0,1,3188.42,1,3187.57,1,3187.21,2,3187.2,1,3187.19,1,3187.18,1,3187.17,2,3191.99,1,3192.0,1,3192.52,1,3192.53,1,3192.86,2,3192.87,3,3193.67,1,3193.68,1,3194.35,1,3194.36,1
2020-10-29 09:33:41,3190.76,3191.2,1,3190.0,1,3191.52,1,3191.52,3190.0,3190.0,1,3189.99,1,3189.0,1,3188.42,1,3187.57,1,3187.21,2,3187.2,1,3187.19,1,3187.18,1,3187.17,2,3191.52,1,3191.53,1,3191.99,1,3192.0,1,3192.52,1,3192.53,1,3192.86,2,3192.87,3,3193.67,1,3193.68,1
2020-10-29 09:33:42,3189.675,3190.0,1,3188.5,2,3190.85,5,3190.85,3188.5,3188.5,2,3188.42,1,3187.57,1,3187.21,2,3187.2,1,3187.19,1,3187.18,1,3187.17,2,3187.16,1,3187.15,1,3190.85,5,3191.49,2,3191.5,3,3191.51,2,3191.52,2,3191.53,1,3191.99,1,3192.0,1,3192.52,1,3192.53,1
2020-10-29 09:33:43,3189.68,3190.0,1,3188.51,1,3190.85,5,3190.85,3188.51,3188.51,1,3188.5,2,3188.42,1,3187.57,1,3187.21,2,3187.2,1,3187.19,1,3187.18,1,3187.17,2,3187.16,1,3190.85,5,3191.49,2,3191.5,3,3191.51,2,3191.52,2,3191.53,1,3191.99,1,3192.0,1,3192.52,1,3192.53,1
2020-10-29 09:33:44,3189.065,3188.0,1,3188.0,2,3190.12,1,3190.12,3188.0,3188.0,2,3187.57,1,3187.21,2,3187.2,1,3187.19,1,3187.18,1,3187.17,2,3187.16,1,3187.15,1,3187.14,1,3190.13,1,3190.85,5,3191.49,2,3191.5,3,3191.51,2,3191.52,2,3191.53,1,3191.99,1,3192.0,1,3192.52,1
2020-10-29 09:33:45,3189.055,3188.64,3,3188.0,2,3190.11,1,3190.11,3188.0,3188.0,2,3187.57,1,3187.21,2,3187.2,1,3187.19,1,3187.18,1,3187.17,2,3187.16,1,3187.15,1,3187.14,1,3190.11,1,3190.12,3,3190.13,4,3190.85,5,3191.49,2,3191.5,3,3191.51,2,3191.52,2,3191.53,1,3191.99,1
2020-10-29 09:33:46,3189.06,3188.64,3,3188.0,2,3190.12,4,3190.12,3188.0,3188.0,2,3187.57,1,3187.21,2,3187.2,1,3187.19,1,3187.18,1,3187.17,2,3187.16,1,3187.15,1,3187.14,1,3190.12,4,3190.13,4,3190.85,5,3191.49,2,3191.5,3,3191.51,2,3191.52,2,3191.53,1,3191.99,1,3192.0,1
2020-10-29 09:33:47,3189.06,3188.64,3,3188.0,2,3190.12,4,3190.12,3188.0,3188.0,2,3187.57,1,3187.21,2,3187.2,1,3187.19,1,3187.18,1,3187.17,2,3187.16,1,3187.15,1,3187.14,1,3190.12,4,3190.13,4,3190.85,5,3191.49,2,3191.5,3,3191.51,2,3191.52,2,3191.53,1,3191.99,1,3192.0,1
2020-10-29 09:33:48,3189.06,3188.64,3,3188.0,2,3190.12,4,3190.12,3188.0,3188.0,2,3187.57,1,3187.21,2,3187.2,1,3187.19,1,3187.18,1,3187.17,2,3187.16,1,3187.15,1,3187.14,1,3190.12,4,3190.13,4,3190.85,5,3191.49,2,3191.5,3,3191.51,2,3191.52,2,3191.53,1,3191.99,1,3192.0,1
2020-10-29 09:33:49,3189.425,3188.1,1,3188.0,2,3190.85,5,3190.85,3188.0,3188.0,2,3187.57,1,3187.21,2,3187.2,1,3187.19,1,3187.18,1,3187.17,2,3187.16,1,3187.15,1,3187.14,1,3190.85,5,3191.49,2,3191.5,3,3191.51,2,3191.52,2,3191.53,1,3191.99,1,3192.0,1,3192.52,1,3192.53,1
2020-10-29 09:33:50,3189.525,3188.1,1,3188.2,1,3190.85,6,3190.85,3188.2,3188.2,1,3188.0,2,3187.57,1,3187.21,2,3187.2,1,3187.19,1,3187.18,1,3187.17,2,3187.16,1,3187.15,1,3190.85,6,3191.49,2,3191.5,3,3191.51,2,3191.52,2,3191.53,1,3191.99,1,3192.0,1,3192.52,1,3192.53,1
2020-10-29 09:33:51,3189.0,3189.13,1,3188.0,3,3190.0,1,3190.0,3188.0,3188.0,3,3187.57,1,3187.21,2,3187.2,1,3187.19,1,3187.18,1,3187.17,2,3187.16,1,3187.15,1,3187.14,1,3190.0,1,3190.04,3,3190.85,6,3191.49,2,3191.5,3,3191.51,2,3191.52,2,3191.53,1,3191.99,1,3192.0,1
2020-10-29 09:33:52,3189.02,3188.54,1,3188.0,3,3190.04,3,3190.04,3188.0,3188.0,3,3187.57,1,3187.21,2,3187.2,1,3187.19,1,3187.18,1,3187.17,2,3187.16,1,3187.15,1,3187.14,1,3190.04,3,3190.85,6,3191.49,2,3191.5,3,3191.51,2,3191.52,2,3191.53,1,3191.99,1,3192.0,1,3192.52,1
2020-10-29 09:33:53,3189.0,3188.54,1,3188.0,3,3190.0,1,3190.0,3188.0,3188.0,3,3187.57,1,3187.21,2,3187.2,1,3187.19,1,3187.18,1,3187.17,2,3187.16,1,3187.15,1,3187.14,1,3190.0,1,3190.04,3,3190.85,6,3191.49,2,3191.5,3,3191.51,2,3191.52,2,3191.53,1,3191.99,1,3192.0,1
2020-10-29 09:33:54,3189.42,3188.54,1,3188.0,3,3190.84,1,3190.84,3188.0,3188.0,3,3187.57,1,3187.21,2,3187.2,1,3187.19,1,3187.18,1,3187.17,2,3187.16,1,3187.15,1,3187.14,1,3190.84,1,3190.85,6,3191.49,2,3191.5,3,3191.51,2,3191.52,2,3191.53,1,3191.99,1,3192.0,1,3192.52,1
2020-10-29 09:33:55,3189.26,3189.3,1,3188.53,1,3189.99,1,3189.99,3188.53,3188.53,1,3188.1,1,3188.0,3,3187.57,1,3187.21,2,3187.2,1,3187.19,1,3187.18,1,3187.17,2,3187.16,1,3189.99,1,3190.0,3,3190.84,1,3190.85,6,3191.49,2,3191.5,3,3191.51,2,3191.52,2,3191.53,1,3191.99,1
2020-10-29 09:33:56,3190.7,3190.42,1,3189.41,2,3191.99,1,3191.99,3189.41,3189.41,2,3188.53,1,3188.1,1,3188.0,3,3187.57,1,3187.21,2,3187.2,1,3187.19,1,3187.18,1,3187.17,2,3191.99,1,3192.52,2,3192.53,1,3192.86,2,3192.87,3,3193.67,1,3193.68,1,3194.35,1,3194.36,1,3195.4,1
2020-10-29 09:33:57,3190.55,3190.68,1,3189.15,1,3191.95,2,3191.95,3189.15,3189.15,1,3188.53,1,3188.1,1,3188.0,3,3187.57,1,3187.21,2,3187.2,1,3187.19,1,3187.18,1,3187.17,2,3191.95,2,3191.96,1,3191.97,2,3191.98,1,3191.99,1,3192.52,2,3192.53,1,3192.86,2,3192.87,3,3193.67,1
2020-10-29 09:33:58,3187.415,3189.15,1,3186.3,1,3188.53,1,3188.53,3186.3,3186.3,1,,,,,,,,,,,,,,,,,,,3188.53,1,3189.73,1,3191.96,1,3191.97,2,3191.98,1,3191.99,1,3192.52,2,3192.53,1,3192.86,2,3192.87,3
2020-10-29 09:33:59,3188.22,3189.15,1,3186.71,1,3189.73,4,3189.73,3186.71,3186.71,1,3186.3,1,,,,,,,,,,,,,,,,,3189.73,4,3191.96,1,3191.97,2,3191.98,1,3191.99,1,3192.52,2,3192.53,1,3192.86,2,3192.87,3,3193.67,1
2020-10-29 09:34:00,3189.3,3189.46,1,3188.35,3,3190.25,2,3190.25,3188.35,3188.35,3,3187.81,1,3186.74,1,3186.71,1,3186.3,1,,,,,,,,,,,3190.25,2,3191.96,1,3191.97,2,3191.98,1,3191.99,1,3192.52,2,3192.53,1,3192.86,2,3192.87,3,3193.67,1
2020-10-29 09:34:01,3189.02,3189.46,1,3188.35,3,3189.69,1,3189.69,3188.35,3188.35,3,3187.81,1,3186.74,1,3186.71,1,3186.3,1,,,,,,,,,,,3189.69,1,3189.7,1,3189.71,1,3190.22,1,3190.23,1,3190.24,1,3190.25,2,3191.96,1,3191.97,2,3191.98,1
2020-10-29 09:34:02,3188.355,3188.11,1,3187.54,1,3189.17,2,3189.17,3187.54,3187.54,1,3186.3,1,3186.0,1,,,,,,,,,,,,,,,3189.17,2,3189.68,1,3189.69,1,3189.7,1,3189.71,1,3190.22,1,3190.23,1,3190.24,1,3190.25,2,3191.96,1
2020-10-29 09:34:03,3188.615,3189.62,1,3187.54,2,3189.69,1,3189.69,3187.54,3187.54,2,3186.3,1,3186.0,1,,,,,,,,,,,,,,,3189.69,1,3189.97,2,3190.22,1,3190.23,1,3190.24,1,3190.25,2,3191.96,1,3191.97,2,3191.98,1,3191.99,1
2020-10-29 09:34:04,3188.615,3188.77,1,3187.54,2,3189.69,1,3189.69,3187.54,3187.54,2,3186.3,1,3186.0,1,,,,,,,,,,,,,,,3189.69,1,3189.97,2,3190.22,1,3190.23,1,3190.24,1,3190.25,2,3191.96,1,3191.97,2,3191.98,1,3191.99,1
2020-10-29 09:34:05,3188.675,3188.77,1,3187.66,1,3189.69,1,3189.69,3187.66,3187.66,1,3187.54,2,3186.3,1,3186.0,1,,,,,,,,,,,,,3189.69,1,3189.97,2,3190.22,1,3190.23,1,3190.24,1,3190.25,2,3191.96,1,3191.97,2,3191.98,1,3191.99,1
2020-10-29 09:34:06,3189.23,3189.69,1,3188.21,1,3190.25,2,3190.25,3188.21,3188.21,1,3187.66,2,3187.54,2,3186.3,1,3186.0,1,,,,,,,,,,,3190.25,2,3191.96,1,3191.97,2,3191.98,1,3191.99,1,3192.52,2,3192.53,1,3192.86,2,3192.87,3,3193.67,1
2020-10-29 09:34:07,3189.51,3189.69,1,3188.22,1,3190.8,1,3190.8,3188.22,3188.22,1,3188.21,2,3187.66,2,3187.54,2,3186.3,1,3186.0,1,,,,,,,,,3190.8,1,3191.0,1,3191.96,1,3191.97,2,3191.98,1,3191.99,1,3192.52,2,3192.53,1,3192.86,2,3192.87,3
2020-10-29 09:34:08,3189.505,3190.68,1,3188.21,2,3190.8,1,3190.8,3188.21,3188.21,2,3187.66,2,3187.54,2,3186.3,1,3186.0,1,,,,,,,,,,,3190.8,1,3191.0,1,3191.96,1,3191.97,2,3191.98,1,3191.99,1,3192.52,2,3192.53,1,3192.86,2,3192.87,3
2020-10-29 09:34:09,3189.9,3190.68,1,3189.0,1,3190.8,1,3190.8,3189.0,3189.0,1,3188.21,2,3187.66,2,3187.54,2,3186.3,1,3186.0,1,,,,,,,,,3190.8,1,3191.0,1,3191.96,1,3191.97,2,3191.98,1,3191.99,1,3192.52,2,3192.53,1,3192.86,2,3192.87,3
2020-10-29 09:34:10,3189.9,3190.68,1,3189.0,1,3190.8,1,3190.8,3189.0,3189.0,1,3188.21,2,3187.66,2,3187.54,2,3186.3,1,3186.0,1,,,,,,,,,3190.8,1,3191.0,1,3191.96,1,3191.97,2,3191.98,1,3191.99,1,3192.52,2,3192.53,1,3192.86,2,3192.87,3
2020-10-29 09:34:11,3190.045,3190.39,1,3189.09,1,3191.0,1,3191.0,3189.09,3189.09,1,3189.0,1,3188.21,2,3187.66,2,3187.54,2,3186.3,1,3186.0,1,,,,,,,3191.0,1,3191.96,1,3191.97,2,3191.98,1,3191.99,1,3192.52,2,3192.53,1,3192.86,2,3192.87,3,3193.67,1
2020-10-29 09:34:12,3190.87,3189.85,1,3189.74,1,3192.0,1,3192.0,3189.74,3189.74,1,3189.09,1,3189.0,1,3188.21,2,3187.66,2,3187.54,2,3186.3,1,3186.0,1,,,,,3192.0,1,3192.52,2,3192.53,1,3192.86,2,3192.87,3,3193.67,1,3193.68,1,3194.35,1,3194.36,1,3195.4,1
2020-10-29 09:34:13,3190.87,3189.85,1,3189.74,4,3192.0,2,3192.0,3189.74,3189.74,4,3189.09,1,3189.0,1,3188.21,2,3187.66,2,3187.54,2,3186.3,1,3186.0,1,,,,,3192.0,2,3192.52,2,3192.53,1,3192.86,2,3192.87,3,3193.67,1,3193.68,1,3194.35,1,3194.36,1,3195.4,1
2020-10-29 09:34:14,3190.87,3190.69,1,3189.74,4,3192.0,2,3192.0,3189.74,3189.74,4,3189.09,1,3189.0,1,3188.21,2,3187.66,2,3187.54,2,3186.3,1,3186.0,1,,,,,3192.0,2,3192.52,2,3192.53,1,3192.86,2,3192.87,3,3193.67,1,3193.68,1,3194.35,1,3194.36,1,3195.4,1
2020-10-29 09:34:15,3190.87,3190.69,1,3189.74,4,3192.0,2,3192.0,3189.74,3189.74,4,3189.09,1,3189.0,1,3188.21,2,3187.66,2,3187.54,2,3186.3,1,3186.0,1,,,,,3192.0,2,3192.52,2,3192.53,1,3192.86,2,3192.87,3,3193.67,1,3193.68,1,3194.35,1,3194.36,1,3195.4,1
2020-10-29 09:34:16,3190.87,3189.77,1,3189.74,4,3192.0,2,3192.0,3189.74,3189.74,4,3189.09,1,3189.0,1,3188.21,2,3187.66,2,3187.54,2,3186.3,1,3186.0,1,,,,,3192.0,2,3192.52,2,3192.53,1,3192.86,2,3192.87,3,3193.67,1,3193.68,1,3194.35,1,3194.36,1,3195.4,1
2020-10-29 09:34:17,3190.87,3190.88,1,3189.74,4,3192.0,2,3192.0,3189.74,3189.74,4,3189.09,1,3189.0,1,3188.21,2,3187.66,2,3187.54,2,3186.3,1,3186.0,1,,,,,3192.0,2,3192.52,2,3192.53,1,3192.86,2,3192.87,3,3193.67,1,3193.68,1,3194.35,1,3194.36,1,3195.4,1
2020-10-29 09:34:18,3190.87,3192.0,3,3189.74,4,3192.0,2,3192.0,3189.74,3189.74,4,3189.09,1,3189.0,1,3188.21,2,3187.66,2,3187.54,2,3186.3,1,3186.0,1,,,,,3192.0,2,3192.52,2,3192.53,1,3192.86,2,3192.87,3,3193.67,1,3193.68,1,3194.35,1,3194.36,1,3195.4,1
2020-10-29 09:34:19,3190.87,3192.0,3,3189.74,4,3192.0,2,3192.0,3189.74,3189.74,4,3189.09,1,3189.0,1,3188.21,2,3187.66,2,3187.54,2,3186.3,1,3186.0,1,,,,,3192.0,2,3192.52,2,3192.53,1,3192.86,2,3192.87,3,3193.67,1,3193.68,1,3194.35,1,3194.36,1,3195.4,1
2020-10-29 09:34:20,3189.205,3189.0,2,3188.0,2,3190.41,1,3190.41,3188.0,3188.0,2,3187.66,2,3187.54,2,3186.3,1,3186.0,1,,,,,,,,,,,3190.41,1,3190.42,1,3191.0,1,3192.0,2,3192.52,2,3192.53,1,3192.86,2,3192.87,3,3193.67,1,3193.68,1
2020-10-29 09:34:21,3188.98,3188.51,1,3187.54,2,3190.42,2,3190.42,3187.54,3187.54,2,3186.3,1,3186.0,1,,,,,,,,,,,,,,,3190.42,2,3191.0,1,3192.0,2,3192.52,2,3192.53,1,3192.86,2,3192.87,3,3193.67,1,3193.68,1,3194.35,1
2020-10-29 09:34:22,3188.98,3188.51,1,3187.54,3,3190.42,2,3190.42,3187.54,3187.54,3,3186.3,1,3186.0,1,,,,,,,,,,,,,,,3190.42,2,3191.0,1,3192.0,2,3192.52,2,3192.53,1,3192.86,2,3192.87,3,3193.67,1,3193.68,1,3194.35,1
2020-10-29 09:34:23,3189.8,3190.0,1,3189.18,1,3190.42,3,3190.42,3189.18,3189.18,1,3188.66,1,3187.54,2,3186.3,1,3186.0,1,,,,,,,,,,,3190.42,3,3191.0,1,3192.0,2,3192.52,2,3192.53,1,3192.86,2,3192.87,3,3193.67,1,3193.68,1,3194.35,1
2020-10-29 09:34:24,3190.38,3190.57,1,3189.18,1,3191.58,2,3191.58,3189.18,3189.18,1,3188.66,1,3187.54,2,3186.3,1,3186.0,1,,,,,,,,,,,3191.58,2,3192.0,2,3192.52,2,3192.53,1,3192.86,2,3192.87,3,3193.67,1,3193.68,1,3194.35,1,3194.36,1
2020-10-29 09:34:25,3190.38,3190.57,1,3189.18,1,3191.58,2,3191.58,3189.18,3189.18,1,3188.66,1,3187.54,2,3186.3,1,3186.0,1,,,,,,,,,,,3191.58,2,3192.0,2,3192.52,2,3192.53,1,3192.86,2,3192.87,3,3193.67,1,3193.68,1,3194.35,1,3194.36,1
2020-10-29 09:34:26,3190.14,3190.57,1,3189.18,1,3191.1,2,3191.1,3189.18,3189.18,1,3188.66,1,3187.54,2,3186.3,1,3186.0,1,,,,,,,,,,,3191.1,2,3191.58,2,3192.0,2,3192.52,2,3192.53,1,3192.86,2,3192.87,3,3193.67,1,3193.68,1,3194.35,1
2020-10-29 09:34:27,3190.14,3190.57,1,3189.18,1,3191.1,2,3191.1,3189.18,3189.18,1,3188.66,1,3187.54,2,3186.3,1,3186.0,1,,,,,,,,,,,3191.1,2,3191.58,2,3192.0,2,3192.52,2,3192.53,1,3192.86,2,3192.87,3,3193.67,1,3193.68,1,3194.35,1
2020-10-29 09:34:28,3189.88,3190.32,1,3188.66,2,3191.1,2,3191.1,3188.66,3188.66,2,3187.54,2,3186.3,1,3186.0,1,,,,,,,,,,,,,3191.1,2,3191.58,2,3192.0,2,3192.52,2,3192.53,1,3192.86,2,3192.87,3,3193.67,1,3193.68,1,3194.35,1
2020-10-29 09:34:29,3189.88,3190.32,1,3188.66,2,3191.1,2,3191.1,3188.66,3188.66,2,3187.54,2,3186.3,1,3186.0,1,,,,,,,,,,,,,3191.1,2,3191.58,2,3192.0,2,3192.52,2,3192.53,1,3192.86,2,3192.87,3,3193.67,1,3193.68,1,3194.35,1
2020-10-29 09:34:30,3190.3,3190.95,1,3189.5,1,3191.1,3,3191.1,3189.5,3189.5,1,3188.66,2,3187.54,2,3186.3,1,3186.0,1,,,,,,,,,,,3191.1,3,3191.58,2,3192.0,2,3192.52,2,3192.53,1,3192.86,2,3192.87,3,3193.67,1,3193.68,1,3194.35,1
2020-10-29 09:34:31,3189.62,3190.95,1,3188.66,2,3190.58,3,3190.58,3188.66,3188.66,2,3187.54,2,3186.3,1,3186.0,1,,,,,,,,,,,,,3190.58,3,3191.1,3,3191.58,2,3192.0,2,3192.52,2,3192.53,1,3192.86,2,3192.87,3,3193.67,1,3193.68,1
2020-10-29 09:34:32,3189.88,3190.58,1,3188.66,3,3191.1,4,3191.1,3188.66,3188.66,3,3187.54,2,3186.3,1,3186.0,1,,,,,,,,,,,,,3191.1,4,3191.58,2,3192.0,2,3192.52,2,3192.53,1,3192.86,2,3192.87,3,3193.67,1,3193.68,1,3194.35,1
2020-10-29 09:34:33,3189.27,3189.0,1,3188.66,2,3189.88,1,3189.88,3188.66,3188.66,2,3187.54,2,3186.3,1,3186.0,1,,,,,,,,,,,,,3189.88,1,3191.0,1,3191.1,4,3191.58,2,3192.0,2,3192.52,2,3192.53,1,3192.86,2,3192.87,3,3193.67,1
2020-10-29 09:34:34,3189.4,3189.0,1,3188.66,2,3190.14,1,3190.14,3188.66,3188.66,2,3187.54,2,3186.3,1,3186.0,1,,,,,,,,,,,,,3190.14,1,3191.0,1,3191.1,4,3191.58,2,3192.0,2,3192.52,2,3192.53,1,3192.86,2,3192.87,3,3193.67,1
2020-10-29 09:34:35,3189.405,3189.0,1,3188.67,2,3190.14,1,3190.14,3188.67,3188.67,2,3188.66,2,3187.54,2,3186.3,1,3186.0,1,,,,,,,,,,,3190.14,1,3191.0,1,3191.1,4,3191.58,2,3192.0,2,3192.52,2,3192.53,1,3192.86,2,3192.87,3,3193.67,1
2020-10-29 09:34:36,3189.405,3189.41,1,3188.67,2,3190.14,1,3190.14,3188.67,3188.67,2,3188.66,2,3187.54,2,3186.3,1,3186.0,1,,,,,,,,,,,3190.14,1,3191.0,1,3191.1,4,3191.58,2,3192.0,2,3192.52,2,3192.53,1,3192.86,2,3192.87,3,3193.67,1
2020-10-29 09:34:37,3188.83,3188.42,1,3187.82,1,3189.84,1,3189.84,3187.82,3187.82,1,3187.54,2,3186.3,1,3186.0,1,,,,,,,,,,,,,3189.84,1,3190.14,2,3191.0,1,3191.1,4,3191.58,2,3192.0,2,3192.52,2,3192.53,1,3192.86,2,3192.87,3
2020-10-29 09:34:38,3188.83,3188.42,1,3187.82,1,3189.84,1,3189.84,3187.82,3187.82,1,3187.54,2,3186.3,1,3186.0,1,,,,,,,,,,,,,3189.84,1,3190.14,2,3191.0,1,3191.1,4,3191.58,2,3192.0,2,3192.52,2,3192.53,1,3192.86,2,3192.87,3
2020-10-29 09:34:39,3188.71,3188.42,1,3187.82,1,3189.6,1,3189.6,3187.82,3187.82,1,3187.54,2,3186.3,1,3186.0,1,,,,,,,,,,,,,3189.6,1,3189.61,1,3189.84,1,3190.14,2,3191.0,1,3191.1,4,3191.58,2,3192.0,2,3192.52,2,3192.53,1
2020-10-29 09:34:40,3187.755,3187.12,1,3186.3,2,3189.21,1,3189.21,3186.3,3186.3,2,3186.0,1,,,,,,,,,,,,,,,,,3189.21,1,3189.31,2,3189.61,1,3189.84,1,3190.14,2,3191.0,1,3191.1,4,3191.58,2,3192.0,2,3192.52,2
2020-10-29 09:34:41,3188.05,3188.43,1,3187.0,1,3189.1,1,3189.1,3187.0,3187.0,1,3186.3,2,3186.0,1,,,,,,,,,,,,,,,3189.1,1,3189.11,2,3189.12,1,3189.19,1,3189.21,1,3189.31,2,3189.61,1,3189.84,1,3190.14,2,3191.0,1
2020-10-29 09:34:42,3188.02,3188.43,1,3187.0,1,3189.04,1,3189.04,3187.0,3187.0,1,3186.3,2,3186.0,1,,,,,,,,,,,,,,,3189.04,1,3189.05,1,3189.06,1,3189.07,1,3189.11,3,3189.12,1,3189.19,1,3189.21,1,3189.31,2,3189.61,1
2020-10-29 09:34:43,3190.57,3191.0,1,3190.05,1,3191.09,1,3191.09,3190.05,3190.05,1,3189.49,1,3189.11,2,3189.1,1,3188.15,1,3187.9,1,3187.0,1,3186.3,2,3186.0,1,,,3191.09,1,3191.1,4,3191.58,2,3192.0,2,3192.52,2,3192.53,1,3192.86,2,3192.87,3,3193.67,1,3193.68,1
2020-10-29 09:34:44,3191.09,3191.1,1,3190.6,1,3191.58,2,3191.58,3190.6,3190.6,1,3190.1,1,3190.05,1,3189.49,1,3189.11,2,3189.1,1,3188.15,1,3187.9,1,3187.0,1,3186.3,2,3191.58,2,3192.0,2,3192.52,2,3192.53,1,3192.86,2,3192.87,3,3193.67,1,3193.68,1,3194.35,1,3194.36,1
2020-10-29 09:34:45,3190.885,3190.2,1,3190.2,1,3191.57,1,3191.57,3190.2,3190.2,1,3188.51,1,3188.15,1,3187.9,1,3187.0,1,3186.3,2,3186.0,1,,,,,,,3191.57,1,3191.58,3,3192.0,2,3192.52,2,3192.53,1,3192.86,2,3192.87,3,3193.67,1,3193.68,1,3194.35,1
2020-10-29 09:34:46,3189.625,3189.71,1,3188.51,2,3190.74,1,3190.74,3188.51,3188.51,2,3188.15,1,3187.9,1,3187.0,1,3186.3,2,3186.0,1,,,,,,,,,3190.74,1,3191.58,3,3192.0,2,3192.52,2,3192.53,1,3192.86,2,3192.87,3,3193.67,1,3193.68,1,3194.35,1
2020-10-29 09:34:47,3189.565,3189.63,1,3188.51,2,3190.62,1,3190.62,3188.51,3188.51,2,3188.15,1,3187.9,1,3187.0,1,3186.3,2,3186.0,1,,,,,,,,,3190.62,1,3190.64,1,3190.74,3,3191.58,3,3192.0,2,3192.52,2,3192.53,1,3192.86,2,3192.87,3,3193.67,1
2020-10-29 09:34:48,3189.63,3189.63,1,3188.52,1,3190.74,3,3190.74,3188.52,3188.52,1,3188.51,2,3188.15,1,3187.9,1,3187.0,1,3186.3,2,3186.0,1,,,,,,,3190.74,3,3191.58,3,3192.0,2,3192.52,2,3192.53,1,3192.86,2,3192.87,3,3193.67,1,3193.68,1,3194.35,1
2020-10-29 09:34:49,3189.755,3189.93,1,3188.51,4,3191.0,2,3191.0,3188.51,3188.51,4,3188.15,1,3187.9,1,3187.0,1,3186.3,2,3186.0,1,,,,,,,,,3191.0,2,3191.58,3,3192.0,2,3192.52,2,3192.53,1,3192.86,2,3192.87,3,3193.67,1,3193.68,1,3194.35,1
2020-10-29 09:34:50,3190.4,3190.17,1,3189.22,1,3191.58,1,3191.58,3189.22,3189.22,1,3188.51,4,3188.15,1,3187.9,1,3187.0,1,3186.3,2,3186.0,1,,,,,,,3191.58,1,3192.0,2,3192.52,2,3192.53,1,3192.86,2,3192.87,3,3193.67,1,3193.68,1,3194.35,1,3194.36,1
2020-10-29 09:34:51,3190.045,3190.07,1,3188.51,4,3191.58,1,3191.58,3188.51,3188.51,4,3188.15,1,3187.9,1,3187.0,1,3186.3,2,3186.0,1,,,,,,,,,3191.58,1,3192.0,2,3192.52,2,3192.53,1,3192.86,2,3192.87,3,3193.67,1,3193.68,1,3194.35,1,3194.36,1
2020-10-29 09:34:52,3190.5,3190.07,1,3189.42,1,3191.58,1,3191.58,3189.42,3189.42,1,3188.51,4,3188.15,1,3187.9,1,3187.0,1,3186.3,2,3186.0,1,,,,,,,3191.58,1,3192.0,2,3192.52,2,3192.53,1,3192.86,2,3192.87,3,3193.67,1,3193.68,1,3194.35,1,3194.36,1
2020-10-29 09:34:53,3190.045,3190.18,1,3188.51,4,3191.58,1,3191.58,3188.51,3188.51,4,3188.15,1,3187.9,1,3187.0,1,3186.3,2,3186.0,1,,,,,,,,,3191.58,1,3192.0,2,3192.52,2,3192.53,1,3192.86,2,3192.87,3,3193.67,1,3193.68,1,3194.35,1,3194.36,1
2020-10-29 09:34:54,3190.045,3189.06,1,3188.51,4,3191.58,1,3191.58,3188.51,3188.51,4,3188.15,1,3187.9,1,3187.0,1,3186.3,2,3186.0,1,,,,,,,,,3191.58,1,3192.0,2,3192.52,2,3192.53,1,3192.86,2,3192.87,3,3193.67,1,3193.68,1,3194.35,1,3194.36,1
2020-10-29 09:34:55,3190.045,3189.06,1,3188.51,4,3191.58,1,3191.58,3188.51,3188.51,4,3188.15,1,3187.9,1,3187.0,1,3186.3,2,3186.0,1,,,,,,,,,3191.58,1,3192.0,2,3192.52,2,3192.53,1,3192.86,2,3192.87,3,3193.67,1,3193.68,1,3194.35,1,3194.36,1
2020-10-29 09:34:56,3190.815,3191.3,1,3190.05,1,3191.58,2,3191.58,3190.05,3190.05,1,3189.42,1,3188.52,1,3188.51,4,3188.15,1,3187.9,1,3187.0,1,3186.3,2,3186.0,1,,,3191.58,2,3192.0,2,3192.52,2,3192.53,1,3192.86,2,3192.87,3,3193.67,1,3193.68,1,3194.35,1,3194.36,1
2020-10-29 09:34:57,3190.82,3191.0,1,3189.89,1,3191.75,1,3191.75,3189.89,3189.89,1,3189.42,1,3188.52,1,3188.51,4,3188.15,1,3187.9,1,3187.0,1,3186.3,2,3186.0,1,,,3191.75,1,3192.0,2,3192.52,2,3192.53,1,3192.86,2,3192.87,3,3193.67,1,3193.68,1,3194.35,1,3194.36,1
2020-10-29 09:34:58,3190.96,3191.0,1,3189.92,1,3192.0,2,3192.0,3189.92,3189.92,1,3189.89,1,3189.42,1,3188.52,1,3188.51,4,3188.15,1,3187.9,1,3187.0,1,3186.3,2,3186.0,1,3192.0,2,3192.52,2,3192.53,1,3192.86,2,3192.87,3,3193.67,1,3193.68,1,3194.35,1,3194.36,1,3195.4,1
2020-10-29 09:34:59,3190.945,3191.0,1,3189.89,1,3192.0,3,3192.0,3189.89,3189.89,1,3189.42,1,3188.52,1,3188.51,4,3188.15,1,3187.9,1,3187.0,1,3186.3,2,3186.0,1,,,3192.0,3,3192.52,2,3192.53,1,3192.86,2,3192.87,3,3193.67,1,3193.68,1,3194.35,1,3194.36,1,3195.4,1
2020-10-29 09:35:00,3189.92,3191.0,1,3188.51,3,3191.33,2,3191.33,3188.51,3188.51,3,3188.15,1,3187.9,1,3187.0,1,3186.3,2,3186.0,1,,,,,,,,,3191.33,2,3191.76,2,3191.77,1,3191.78,1,3191.79,2,3191.81,1,3191.83,2,3191.84,1,3191.86,1,3192.0,3
2020-10-29 09:35:01,3191.04,3192.23,1,3189.71,1,3192.37,1,3192.37,3189.71,3189.71,1,3188.52,1,3188.51,4,3188.15,1,3187.9,1,3187.0,1,3186.3,2,3186.0,1,,,,,3192.37,1,3192.52,2,3192.53,1,3192.86,2,3192.87,3,3193.67,1,3193.68,1,3194.35,1,3194.36,1,3195.4,1
2020-10-29 09:35:02,3192.25,3192.33,1,3189.71,2,3194.79,2,3194.79,3189.71,3189.71,2,3188.52,1,3188.51,4,3188.15,1,3187.9,1,3187.0,1,3186.3,2,3186.0,1,,,,,3194.79,2,3195.0,1,3195.97,2,3195.98,1,3196.38,1,3197.89,1,3197.9,1,3198.0,2,3199.49,4,3199.99,1
2020-10-29 09:35:03,3192.25,3190.0,4,3189.71,2,3194.79,1,3194.79,3189.71,3189.71,2,3188.52,1,3188.51,4,3188.15,1,3187.9,1,3187.0,1,3186.3,2,3186.0,1,,,,,3194.79,1,3195.0,1,3195.97,2,3195.98,1,3196.38,1,3197.89,1,3197.9,1,3198.0,2,3199.49,4,3199.99,1
2020-10-29 09:35:04,3191.43,3190.0,4,3189.71,2,3193.15,1,3193.15,3189.71,3189.71,2,3188.52,1,3188.51,4,3188.15,1,3187.9,1,3187.0,1,3186.3,2,3186.0,1,,,,,3193.15,1,3194.79,1,3195.0,1,3195.97,2,3195.98,1,3196.38,1,3197.89,1,3197.9,1,3198.0,2,3199.49,4
2020-10-29 09:35:05,3192.25,3192.25,1,3189.71,2,3194.79,2,3194.79,3189.71,3189.71,2,3188.52,1,3188.51,4,3188.15,1,3187.9,1,3187.0,1,3186.3,2,3186.0,1,,,,,3194.79,2,3195.0,1,3195.97,2,3195.98,1,3196.38,1,3197.89,1,3197.9,1,3198.0,2,3199.49,4,3199.99,1
2020-10-29 09:35:06,3192.25,3194.29,3,3189.71,2,3194.79,2,3194.79,3189.71,3189.71,2,3188.52,1,3188.51,4,3188.15,1,3187.9,1,3187.0,1,3186.3,2,3186.0,1,,,,,3194.79,2,3195.0,1,3195.97,2,3195.98,1,3196.38,1,3197.89,1,3197.9,1,3198.0,2,3199.49,4,3199.99,1
2020-10-29 09:35:07,3191.695,3192.61,2,3189.71,2,3193.68,1,3193.68,3189.71,3189.71,2,3188.52,1,3188.51,4,3188.15,1,3187.9,1,3187.0,1,3186.3,2,3186.0,1,,,,,3193.68,1,3194.79,2,3195.0,1,3195.97,2,3195.98,1,3196.38,1,3197.89,1,3197.9,1,3198.0,2,3199.49,4
2020-10-29 09:35:08,3192.12,3191.79,1,3190.56,1,3193.68,1,3193.68,3190.56,3190.56,1,3190.55,1,3189.71,2,3189.0,1,3188.52,1,3188.51,4,3188.15,1,3187.9,1,3187.0,1,3186.3,2,3193.68,1,3194.79,2,3195.0,1,3195.97,2,3195.98,1,3196.38,1,3197.89,1,3197.9,1,3198.0,2,3199.49,4
2020-10-29 09:35:09,3192.24,3191.79,1,3190.81,1,3193.67,1,3193.67,3190.81,3190.81,1,3190.56,1,3190.55,1,3189.71,2,3189.0,1,3188.52,1,3188.51,4,3188.15,1,3187.9,1,3187.0,1,3193.67,1,3193.68,2,3194.79,2,3195.0,1,3195.97,2,3195.98,1,3196.38,1,3197.89,1,3197.9,1,3198.0,2
2020-10-29 09:35:10,3191.795,3191.79,1,3190.55,1,3193.04,1,3193.04,3190.55,3190.55,1,3189.85,1,3189.71,2,3189.0,1,3188.52,1,3188.51,4,3188.15,1,3187.9,1,3187.0,1,3186.3,2,3193.04,1,3193.67,1,3193.68,2,3194.79,2,3195.0,1,3195.97,2,3195.98,1,3196.38,1,3197.89,1,3197.9,1
2020-10-29 09:35:11,3191.755,3191.76,2,3189.85,1,3193.66,2,3193.66,3189.85,3189.85,1,3189.71,2,3189.0,1,3188.52,1,3188.51,4,3188.15,1,3187.9,1,3187.0,1,3186.3,2,3186.0,1,3193.66,2,3193.67,2,3193.68,2,3194.79,2,3195.0,1,3195.97,2,3195.98,1,3196.38,1,3197.89,1,3197.9,1
2020-10-29 09:35:12,3191.755,3191.76,2,3189.85,1,3193.66,2,3193.66,3189.85,3189.85,1,3189.71,2,3189.0,1,3188.52,1,3188.51,4,3188.15,1,3187.9,1,3187.0,1,3186.3,2,3186.0,1,3193.66,2,3193.67,2,3193.68,2,3194.79,2,3195.0,1,3195.97,2,3195.98,1,3196.38,1,3197.89,1,3197.9,1
2020-10-29 09:35:13,3191.395,3192.38,1,3189.85,1,3192.94,1,3192.94,3189.85,3189.85,1,3189.71,2,3189.0,1,3188.52,1,3188.51,4,3188.15,1,3187.9,1,3187.0,1,3186.3,2,3186.0,1,3192.94,1,3193.65,1,3193.66,2,3193.67,2,3193.68,2,3194.79,2,3195.0,1,3195.97,2,3195.98,1,3196.38,1
2020-10-29 09:35:14,3191.395,3192.38,1,3189.85,1,3192.94,1,3192.94,3189.85,3189.85,1,3189.71,2,3189.0,1,3188.52,1,3188.51,4,3188.15,1,3187.9,1,3187.0,1,3186.3,2,3186.0,1,3192.94,1,3193.65,1,3193.66,2,3193.67,2,3193.68,2,3194.79,2,3195.0,1,3195.97,2,3195.98,1,3196.38,1
2020-10-29 09:35:15,3191.395,3192.0,1,3189.85,1,3192.94,2,3192.94,3189.85,3189.85,1,3189.71,2,3189.0,1,3188.52,1,3188.51,4,3188.15,1,3187.9,1,3187.0,1,3186.3,2,3186.0,1,3192.94,2,3193.65,1,3193.66,2,3193.67,2,3193.68,2,3194.79,2,3195.0,1,3195.97,2,3195.98,1,3196.38,1
2020-10-29 09:35:16,3192.47,3192.0,2,3192.0,1,3192.94,2,3192.94,3192.0,3192.0,1,3189.86,1,3189.85,2,3189.71,2,3189.0,1,3188.52,1,3188.51,4,3188.15,1,3187.9,1,3187.0,1,3192.94,2,3193.65,1,3193.66,2,3193.67,2,3193.68,2,3194.79,2,3195.0,1,3195.97,2,3195.98,1,3196.38,1
2020-10-29 09:35:17,3192.47,3192.0,2,3192.0,1,3192.94,2,3192.94,3192.0,3192.0,1,3189.86,1,3189.85,2,3189.71,2,3189.0,1,3188.52,1,3188.51,4,3188.15,1,3187.9,1,3187.0,1,3192.94,2,3193.65,1,3193.66,2,3193.67,2,3193.68,2,3194.79,2,3195.0,1,3195.97,2,3195.98,1,3196.38,1
2020-10-29 09:35:18,3192.83,3193.03,1,3192.0,1,3193.66,1,3193.66,3192.0,3192.0,1,3189.86,1,3189.85,2,3189.71,2,3189.0,1,3188.52,1,3188.51,4,3188.15,1,3187.9,1,3187.0,1,3193.66,1,3193.68,2,3194.79,2,3195.0,1,3195.97,2,3195.98,1,3196.38,1,3197.89,1,3197.9,1,3198.0,2
2020-10-29 09:35:19,3192.83,3193.03,1,3192.0,1,3193.66,2,3193.66,3192.0,3192.0,1,3189.86,1,3189.85,2,3189.71,2,3189.0,1,3188.52,1,3188.51,4,3188.15,1,3187.9,1,3187.0,1,3193.66,2,3193.68,2,3194.79,2,3195.0,1,3195.97,2,3195.98,1,3196.38,1,3197.89,1,3197.9,1,3198.0,2
2020-10-29 09:35:20,3192.83,3192.76,1,3192.0,1,3193.66,2,3193.66,3192.0,3192.0,1,3189.86,1,3189.85,2,3189.71,2,3189.0,1,3188.52,1,3188.51,4,3188.15,1,3187.9,1,3187.0,1,3193.66,2,3193.68,2,3194.79,2,3195.0,1,3195.97,2,3195.98,1,3196.38,1,3197.89,1,3197.9,1,3198.0,2
2020-10-29 09:35:21,3191.56,3192.76,1,3190.28,2,3192.84,1,3192.84,3190.28,3190.28,2,3190.02,1,3190.0,1,3189.85,1,3189.71,2,3189.0,1,3188.52,1,3188.51,4,3188.15,1,3187.9,1,3192.84,1,3192.85,2,3192.86,1,3193.65,1,3193.66,3,3193.68,2,3194.79,2,3195.0,1,3195.97,2,3195.98,1
2020-10-29 09:35:22,3191.57,3192.76,1,3190.28,2,3192.86,3,3192.86,3190.28,3190.28,2,3190.02,1,3190.0,1,3189.85,1,3189.71,2,3189.0,1,3188.52,1,3188.51,4,3188.15,1,3187.9,1,3192.86,3,3193.65,1,3193.66,3,3193.68,2,3194.79,2,3195.0,1,3195.97,2,3195.98,1,3196.38,1,3197.89,1
2020-10-29 09:35:23,3192.14,3192.86,1,3190.62,2,3193.66,2,3193.66,3190.62,3190.62,2,3190.56,1,3190.43,1,3190.28,2,3190.02,1,3190.0,1,3189.85,1,3189.71,2,3189.0,1,3188.52,1,3193.66,2,3193.68,2,3194.79,2,3195.0,1,3195.97,2,3195.98,1,3196.38,1,3197.89,1,3197.9,1,3198.0,2
2020-10-29 09:35:24,3193.1,3193.66,1,3192.2,2,3194.0,6,3194.0,3192.2,3192.2,2,3191.86,1,3191.44,2,3191.3,1,3190.62,2,3190.56,1,3190.43,1,3190.28,2,3190.02,1,3190.0,1,3194.0,6,3194.79,2,3195.0,1,3195.97,2,3195.98,1,3196.38,1,3197.89,1,3197.9,1,3198.0,2,3199.49,4
2020-10-29 09:35:25,3192.97,3192.58,1,3192.2,2,3193.74,1,3193.74,3192.2,3192.2,2,3191.86,1,3191.44,2,3191.3,1,3190.62,2,3190.56,1,3190.43,1,3190.28,2,3190.02,1,3190.0,1,3193.74,1,3193.75,1,3193.76,1,3193.97,1,3194.0,6,3194.79,2,3195.0,1,3195.97,2,3195.98,1,3196.38,1
2020-10-29 09:35:26,3192.97,3192.58,1,3192.2,2,3193.74,1,3193.74,3192.2,3192.2,2,3191.86,1,3191.44,2,3191.3,1,3190.62,2,3190.56,1,3190.43,1,3190.28,2,3190.02,1,3190.0,1,3193.74,1,3193.75,2,3193.76,1,3193.97,1,3194.0,6,3194.79,2,3195.0,1,3195.97,2,3195.98,1,3196.38,1
2020-10-29 09:35:27,3192.97,3193.0,1,3192.2,2,3193.74,1,3193.74,3192.2,3192.2,2,3191.86,1,3191.44,2,3191.3,1,3190.62,2,3190.56,1,3190.43,1,3190.28,2,3190.02,1,3190.0,1,3193.74,1,3193.75,2,3193.76,1,3193.97,1,3194.0,6,3194.79,2,3195.0,1,3195.97,2,3195.98,1,3196.38,1
2020-10-29 09:35:28,3192.97,3193.0,1,3192.2,2,3193.74,2,3193.74,3192.2,3192.2,2,3191.86,1,3191.44,2,3191.3,1,3190.62,2,3190.56,1,3190.43,1,3190.28,2,3190.02,1,3190.0,1,3193.74,2,3193.75,2,3193.76,1,3193.97,1,3194.0,6,3194.79,2,3195.0,1,3195.97,2,3195.98,1,3196.38,1
2020-10-29 09:35:29,3192.965,3193.73,1,3192.2,3,3193.73,1,3193.73,3192.2,3192.2,3,3191.86,1,3191.44,2,3191.3,1,3190.62,2,3190.56,1,3190.43,1,3190.28,2,3190.02,1,3190.0,1,3193.73,1,3193.74,3,3193.75,2,3193.76,1,3193.97,1,3194.0,6,3194.79,2,3195.0,1,3195.97,2,3195.98,1
2020-10-29 09:35:30,3192.965,3192.97,1,3192.2,3,3193.73,1,3193.73,3192.2,3192.2,3,3191.86,1,3191.44,2,3191.3,1,3190.62,2,3190.56,1,3190.43,1,3190.28,2,3190.02,1,3190.0,1,3193.73,1,3193.74,3,3193.75,2,3193.76,1,3193.97,1,3194.0,6,3194.79,2,3195.0,1,3195.97,2,3195.98,1
2020-10-29 09:35:31,3193.185,3194.54,1,3192.2,3,3194.17,1,3194.17,3192.2,3192.2,3,3191.86,1,3191.44,2,3191.3,1,3190.62,2,3190.56,1,3190.43,1,3190.28,2,3190.02,1,3190.0,1,3194.17,1,3194.19,1,3194.78,1,3194.79,1,3195.0,1,3195.97,2,3195.98,1,3196.38,1,3197.89,1,3197.9,1
2020-10-29 09:35:32,3193.44,3194.54,1,3192.2,3,3194.68,1,3194.68,3192.2,3192.2,3,3191.86,1,3191.44,2,3191.3,1,3190.62,2,3190.56,1,3190.43,1,3190.28,2,3190.02,1,3190.0,1,3194.68,1,3194.79,1,3195.0,1,3195.97,2,3195.98,1,3196.38,1,3197.89,1,3197.9,1,3198.0,2,3199.49,4
2020-10-29 09:35:33,3193.1,3194.54,1,3192.2,3,3194.0,1,3194.0,3192.2,3192.2,3,3191.86,1,3191.44,2,3191.3,1,3190.62,2,3190.56,1,3190.43,1,3190.28,2,3190.02,1,3190.0,1,3194.0,1,3194.68,1,3194.79,1,3195.0,1,3195.97,2,3195.98,1,3196.38,1,3197.89,1,3197.9,1,3198.0,2
2020-10-29 09:35:34,3193.1,3194.54,1,3192.2,3,3194.0,1,3194.0,3192.2,3192.2,3,3191.86,1,3191.44,2,3191.3,1,3190.62,2,3190.56,1,3190.43,1,3190.28,2,3190.02,1,3190.0,1,3194.0,1,3194.68,1,3194.79,1,3195.0,1,3195.97,2,3195.98,1,3196.38,1,3197.89,1,3197.9,1,3198.0,2
2020-10-29 09:35:35,3193.925,3194.76,1,3193.06,1,3194.79,1,3194.79,3193.06,3193.06,1,3192.2,3,3191.86,1,3191.44,2,3191.3,1,3190.62,2,3190.56,1,3190.43,1,3190.28,2,3190.02,1,3194.79,1,3195.0,1,3195.97,2,3195.98,1,3196.38,1,3197.89,1,3197.9,1,3198.0,2,3199.49,4,3199.99,1
2020-10-29 09:35:36,3194.035,3194.76,1,3193.22,1,3194.85,1,3194.85,3193.22,3193.22,1,3193.06,2,3192.2,3,3191.86,1,3191.44,2,3191.3,1,3190.62,2,3190.56,1,3190.43,1,3190.28,2,3194.85,1,3194.86,1,3194.87,2,3195.0,1,3195.97,2,3195.98,1,3196.38,1,3197.89,1,3197.9,1,3198.0,2
2020-10-29 09:35:37,3194.05,3194.76,1,3193.25,1,3194.85,1,3194.85,3193.25,3193.25,1,3193.22,3,3193.06,2,3192.2,3,3191.86,1,3191.44,2,3191.3,1,3190.62,2,3190.56,1,3190.43,1,3194.85,1,3194.86,1,3194.87,2,3195.0,1,3195.97,2,3195.98,1,3196.38,1,3197.89,1,3197.9,1,3198.0,2
2020-10-29 09:35:38,3194.425,3194.76,1,3194.0,1,3194.85,2,3194.85,3194.0,3194.0,1,3193.25,1,3193.22,3,3193.06,2,3192.2,3,3191.86,1,3191.44,2,3191.3,1,3190.62,2,3190.56,1,3194.85,2,3194.86,1,3194.87,2,3195.0,1,3195.97,2,3195.98,1,3196.38,1,3197.89,1,3197.9,1,3198.0,2
2020-10-29 09:35:39,3195.005,3194.87,1,3194.01,2,3196.0,2,3196.0,3194.01,3194.01,2,3194.0,1,3193.25,1,3193.22,3,3193.06,2,3192.2,3,3191.86,1,3191.44,2,3191.3,1,3190.62,2,3196.0,2,3196.38,1,3197.89,1,3197.9,1,3198.0,2,3199.49,4,3199.99,1,3200.0,2,3200.07,5,3201.36,2
2020-10-29 09:35:40,3195.005,3195.01,3,3194.01,2,3196.0,2,3196.0,3194.01,3194.01,2,3194.0,1,3193.25,1,3193.22,3,3193.06,2,3192.2,3,3191.86,1,3191.44,2,3191.3,1,3190.62,2,3196.0,2,3196.38,1,3197.89,1,3197.9,1,3198.0,2,3199.49,4,3199.99,1,3200.0,2,3200.07,5,3201.36,2
2020-10-29 09:35:41,3195.325,3195.01,3,3194.65,1,3196.0,2,3196.0,3194.65,3194.65,1,3194.48,1,3194.01,2,3194.0,1,3193.25,1,3193.22,3,3193.06,2,3192.2,3,3191.86,1,3191.44,2,3196.0,2,3196.38,1,3197.89,1,3197.9,1,3198.0,2,3199.49,4,3199.99,1,3200.0,2,3200.07,5,3201.36,2
2020-10-29 09:35:42,3195.915,3196.0,1,3195.03,2,3196.8,1,3196.8,3195.03,3195.03,2,3194.48,2,3194.01,2,3194.0,1,3193.25,1,3193.22,3,3193.06,2,3192.2,3,3191.86,1,3191.44,2,3196.8,1,3197.89,1,3197.9,1,3198.0,2,3199.49,4,3199.99,1,3200.0,2,3200.07,5,3201.36,2,3201.37,1
2020-10-29 09:35:43,3196.015,3196.0,1,3195.03,2,3197.0,1,3197.0,3195.03,3195.03,2,3194.48,2,3194.01,2,3194.0,1,3193.25,1,3193.22,3,3193.06,2,3192.2,3,3191.86,1,3191.44,2,3197.0,1,3197.89,1,3197.9,1,3198.0,2,3199.49,4,3199.99,1,3200.0,2,3200.07,5,3201.36,2,3201.37,1
2020-10-29 09:35:44,3196.015,3196.0,1,3195.03,3,3197.0,2,3197.0,3195.03,3195.03,3,3194.48,2,3194.01,2,3194.0,1,3193.25,1,3193.22,3,3193.06,2,3192.2,3,3191.86,1,3191.44,2,3197.0,2,3197.89,1,3197.9,1,3198.0,2,3199.49,4,3199.99,1,3200.0,2,3200.07,5,3201.36,2,3201.37,1
2020-10-29 09:35:45,3194.5,3195.03,1,3194.0,1,3195.0,1,3195.0,3194.0,3194.0,1,3193.25,1,3193.22,3,3193.06,2,3192.2,3,3191.86,1,3191.44,2,3191.3,1,3190.62,2,3190.56,1,3195.0,1,3196.07,1,3196.75,1,3197.0,2,3197.89,1,3197.9,1,3198.0,2,3199.49,4,3199.99,1,3200.0,2
2020-10-29 09:35:46,3193.86,3194.0,1,3193.3,1,3194.42,1,3194.42,3193.3,3193.3,1,3193.25,1,3193.22,3,3193.06,2,3192.2,3,3191.86,1,3191.44,2,3191.3,1,3190.62,2,3190.56,1,3194.42,1,3194.43,1,3194.44,1,3194.45,1,3194.47,1,3194.48,1,3194.49,1,3194.97,1,3195.0,1,3196.07,1
2020-10-29 09:35:47,3194.45,3193.9,1,3193.9,1,3195.0,1,3195.0,3193.9,3193.9,1,3193.57,1,3193.3,1,3193.25,1,3193.22,3,3193.06,2,3192.2,3,3191.86,1,3191.44,2,3191.3,1,3195.0,1,3196.07,1,3196.75,1,3197.0,2,3197.89,1,3197.9,1,3198.0,2,3199.49,4,3199.99,1,3200.0,2
2020-10-29 09:35:48,3194.415,3193.9,1,3193.83,1,3195.0,1,3195.0,3193.83,3193.83,1,3193.57,1,3193.3,1,3193.25,1,3193.22,3,3193.06,2,3192.2,3,3191.86,1,3191.44,2,3191.3,1,3195.0,1,3196.07,1,3196.75,1,3197.0,2,3197.89,1,3197.9,1,3198.0,2,3199.49,4,3199.99,1,3200.0,2
2020-10-29 09:35:49,3194.275,3193.9,1,3193.57,1,3194.98,1,3194.98,3193.57,3193.57,1,3193.3,2,3193.25,1,3193.22,3,3193.06,2,3192.2,3,3191.86,1,3191.44,2,3191.3,1,3190.62,2,3194.98,1,3195.01,1,3196.07,1,3196.75,1,3197.0,2,3197.89,1,3197.9,1,3198.0,2,3199.49,4,3199.99,1
2020-10-29 09:35:50,3191.21,3191.83,3,3190.28,2,3192.14,1,3192.14,3190.28,3190.28,2,3190.02,1,3190.0,1,3189.85,1,3189.71,2,3189.0,1,3188.52,1,3188.51,4,3188.15,1,3187.9,1,3192.14,1,3192.51,1,3193.02,1,3193.03,1,3193.3,1,3193.91,1,3194.42,1,3194.98,1,3195.01,1,3196.07,1
2020-10-29 09:35:51,3191.06,3191.08,1,3190.02,2,3192.1,1,3192.1,3190.02,3190.02,2,3190.0,1,3189.85,1,3189.71,2,3189.0,1,3188.52,1,3188.51,4,3188.15,1,3187.9,1,3187.0,1,3192.1,1,3192.11,1,3192.14,1,3192.51,1,3193.02,1,3193.03,1,3193.3,1,3193.91,1,3194.42,1,3194.98,1
2020-10-29 09:35:52,3192.555,3191.31,1,3191.46,1,3193.65,1,3193.65,3191.46,3191.46,1,3190.52,1,3190.02,2,3190.0,1,3189.85,1,3189.71,2,3189.0,1,3188.52,1,3188.51,4,3188.15,1,3193.65,1,3193.72,1,3193.91,1,3194.42,1,3194.98,1,3195.01,1,3196.07,1,3196.75,1,3197.0,2,3197.89,1
2020-10-29 09:35:53,3190.56,3191.54,1,3189.88,1,3191.24,1,3191.24,3189.88,3189.88,1,3189.85,1,3189.71,2,3189.0,1,3188.52,1,3188.51,4,3188.15,1,3187.9,1,3187.0,1,3186.3,2,3191.24,1,3191.25,1,3191.26,1,3191.27,1,3191.54,1,3192.03,1,3192.04,1,3192.69,1,3192.7,1,3192.71,1
2020-10-29 09:35:54,3191.06,3191.54,1,3189.88,1,3192.24,1,3192.24,3189.88,3189.88,1,3189.85,1,3189.71,2,3189.0,1,3188.52,1,3188.51,4,3188.15,1,3187.9,1,3187.0,1,3186.3,2,3192.24,1,3192.25,1,3192.26,1,3192.27,1,3192.28,1,3192.29,1,3192.3,1,3192.31,1,3192.32,1,3192.33,1
2020-10-29 09:35:55,3191.07,3191.54,1,3190.04,1,3192.1,1,3192.1,3190.04,3190.04,1,3189.88,1,3189.85,1,3189.71,2,3189.0,1,3188.52,1,3188.51,4,3188.15,1,3187.9,1,3187.0,1,3192.1,1,3192.11,1,3192.12,1,3192.13,1,3192.14,1,3192.15,1,3192.16,1,3192.17,1,3192.18,1,3192.19,1
2020-10-29 09:35:56,3189.19,3189.02,1,3188.51,5,3189.87,1,3189.87,3188.51,3188.51,5,3188.15,1,3187.9,1,3187.0,1,3186.3,2,3186.0,1,,,,,,,,,3189.87,1,3189.88,1,3189.93,1,3189.94,1,3190.29,1,3190.74,1,3190.75,1,3190.76,1,3190.77,1,3191.12,1
2020-10-29 09:35:57,3187.88,3187.0,1,3187.0,1,3188.76,1,3188.76,3187.0,3187.0,1,3186.97,1,3186.3,2,3186.0,1,,,,,,,,,,,,,3188.76,1,3188.77,1,3188.78,1,3188.79,1,3188.8,1,3188.81,1,3188.82,1,3189.88,2,3189.93,1,3189.94,1
2020-10-29 09:35:58,3187.105,3186.97,1,3186.33,1,3187.88,2,3187.88,3186.33,3186.33,1,3186.32,1,3186.3,2,3186.0,1,,,,,,,,,,,,,3187.88,2,3188.76,1,3188.77,1,3188.78,1,3188.79,1,3188.8,1,3188.81,1,3188.82,1,3189.88,2,3189.93,1
2020-10-29 09:35:59,3188.895,3187.83,1,3187.91,1,3189.88,2,3189.88,3187.91,3187.91,1,3187.52,1,3186.64,1,3186.33,1,3186.32,1,3186.3,2,3186.0,1,,,,,,,3189.88,2,3189.93,1,3189.94,1,3190.29,1,3190.74,1,3190.75,1,3190.76,1,3190.77,1,3191.12,1,3191.19,1
2020-10-29 09:36:00,3189.54,3189.18,1,3189.2,1,3189.88,2,3189.88,3189.2,3189.2,1,3188.47,2,3187.52,1,3186.64,1,3186.33,1,3186.32,1,3186.3,2,3186.0,1,,,,,3189.88,2,3189.93,1,3189.94,1,3190.29,1,3190.74,1,3190.75,1,3190.76,1,3190.77,1,3191.12,1,3191.19,1
2020-10-29 09:36:01,3188.84,3189.18,1,3188.48,1,3189.2,1,3189.2,3188.48,3188.48,1,3188.47,2,3187.52,1,3186.64,1,3186.33,1,3186.32,1,3186.3,2,3186.0,1,,,,,3189.2,1,3189.88,2,3189.93,1,3189.94,1,3190.29,1,3190.74,1,3190.75,1,3190.76,1,3190.77,1,3191.12,1
2020-10-29 09:36:02,3189.015,3188.47,1,3188.47,2,3189.56,1,3189.56,3188.47,3188.47,2,3187.52,1,3186.64,1,3186.33,1,3186.32,1,3186.3,2,3186.0,1,,,,,,,3189.56,1,3189.88,2,3189.93,1,3189.94,1,3190.29,1,3190.74,1,3190.75,1,3190.76,1,3190.77,1,3191.12,1
2020-10-29 09:36:03,3190.16,3189.87,1,3189.2,1,3191.12,1,3191.12,3189.2,3189.2,1,3188.85,1,3188.47,2,3187.52,1,3186.64,1,3186.33,1,3186.32,1,3186.3,2,3186.0,1,,,3191.12,1,3191.19,1,3191.21,1,3192.1,1,3192.11,1,3192.12,1,3192.13,1,3192.14,1,3192.15,1,3192.16,1
2020-10-29 09:36:04,3190.38,3189.87,1,3189.64,1,3191.12,1,3191.12,3189.64,3189.64,1,3189.2,2,3188.85,1,3188.47,2,3187.52,1,3186.64,1,3186.33,1,3186.32,1,3186.3,2,3186.0,1,3191.12,1,3191.19,1,3191.21,1,3192.1,1,3192.11,1,3192.12,1,3192.13,1,3192.14,1,3192.15,1,3192.16,1
2020-10-29 09:36:05,3190.38,3189.65,1,3189.64,2,3191.12,4,3191.12,3189.64,3189.64,2,3189.2,2,3188.85,1,3188.47,2,3187.52,1,3186.64,1,3186.33,1,3186.32,1,3186.3,2,3186.0,1,3191.12,4,3191.19,1,3191.21,1,3192.1,1,3192.11,1,3192.12,1,3192.13,1,3192.14,1,3192.15,1,3192.16,1
2020-10-29 09:36:06,3190.38,3189.65,1,3189.64,2,3191.12,4,3191.12,3189.64,3189.64,2,3189.2,2,3188.85,1,3188.47,2,3187.52,1,3186.64,1,3186.33,1,3186.32,1,3186.3,2,3186.0,1,3191.12,4,3191.19,1,3191.21,1,3192.1,1,3192.11,1,3192.12,1,3192.13,1,3192.14,1,3192.15,1,3192.16,1
2020-10-29 09:36:07,3191.74,3191.51,1,3190.74,1,3192.74,2,3192.74,3190.74,3190.74,1,3189.64,2,3189.2,2,3188.85,1,3188.47,2,3187.52,1,3186.64,1,3186.33,1,3186.32,1,3186.3,2,3192.74,2,3192.75,1,3192.76,1,3193.56,1,3193.65,1,3193.72,1,3193.91,1,3194.42,1,3194.98,1,3195.01,1
2020-10-29 09:36:09,3191.745,3191.51,1,3190.75,1,3192.74,1,3192.74,3190.75,3190.75,1,3190.74,1,3189.64,2,3189.2,2,3188.85,1,3188.47,2,3187.52,1,3186.64,1,3186.33,1,3186.32,1,3192.74,1,3193.65,1,3193.72,1,3193.91,1,3194.42,1,3194.98,1,3195.01,1,3196.07,1,3196.75,1,3197.0,2
2020-10-29 09:36:10,3191.765,3191.51,1,3190.79,1,3192.74,1,3192.74,3190.79,3190.79,1,3190.75,2,3190.74,1,3189.64,2,3189.2,2,3188.85,1,3188.47,2,3187.52,1,3186.64,1,3186.33,1,3192.74,1,3193.65,1,3193.72,1,3193.91,1,3194.42,1,3194.98,1,3195.01,1,3196.07,1,3196.75,1,3197.0,2
2020-10-29 09:36:11,3191.765,3191.76,1,3190.79,2,3192.74,1,3192.74,3190.79,3190.79,2,3190.75,2,3190.74,1,3189.64,2,3189.2,2,3188.85,1,3188.47,2,3187.52,1,3186.64,1,3186.33,1,3192.74,1,3193.65,1,3193.72,1,3193.91,1,3194.42,1,3194.98,1,3195.01,1,3196.07,1,3196.75,1,3197.0,2
2020-10-29 09:36:12,3191.765,3192.74,1,3190.79,2,3192.74,1,3192.74,3190.79,3190.79,2,3190.75,2,3190.74,1,3189.64,2,3189.2,2,3188.85,1,3188.47,2,3187.52,1,3186.64,1,3186.33,1,3192.74,1,3193.65,1,3193.72,1,3193.91,1,3194.42,1,3194.98,1,3195.01,1,3196.07,1,3196.75,1,3197.0,2
2020-10-29 09:36:13,3191.765,3191.17,1,3190.79,2,3192.74,1,3192.74,3190.79,3190.79,2,3190.75,2,3190.74,1,3189.64,2,3189.2,2,3188.85,1,3188.47,2,3187.52,1,3186.64,1,3186.33,1,3192.74,1,3193.65,1,3193.72,1,3193.91,1,3194.42,1,3194.98,1,3195.01,1,3196.07,1,3196.75,1,3197.0,2
2020-10-29 09:36:14,3190.925,3191.17,1,3190.0,1,3191.85,1,3191.85,3190.0,3190.0,1,3189.64,2,3189.2,2,3188.85,1,3188.47,2,3187.52,1,3186.64,1,3186.33,1,3186.32,1,3186.3,2,3191.85,1,3192.74,1,3193.65,1,3193.72,1,3193.91,1,3194.42,1,3194.98,1,3195.01,1,3196.07,1,3196.75,1
2020-10-29 09:36:15,3190.925,3190.93,1,3190.0,1,3191.85,1,3191.85,3190.0,3190.0,1,3189.64,2,3189.2,2,3188.85,1,3188.47,2,3187.52,1,3186.64,1,3186.33,1,3186.32,1,3186.3,2,3191.85,1,3192.74,1,3193.65,1,3193.72,1,3193.91,1,3194.42,1,3194.98,1,3195.01,1,3196.07,1,3196.75,1
2020-10-29 09:36:16,3190.7,3190.93,1,3190.0,1,3191.4,1,3191.4,3190.0,3190.0,1,3189.64,2,3189.2,2,3188.85,1,3188.47,2,3187.52,1,3186.64,1,3186.33,1,3186.32,1,3186.3,2,3191.4,1,3191.64,2,3191.85,1,3192.74,1,3193.65,1,3193.72,1,3193.91,1,3194.42,1,3194.98,1,3195.01,1
2020-10-29 09:36:17,3190.0,3190.93,1,3189.3,1,3190.7,1,3190.7,3189.3,3189.3,1,3189.29,1,3189.2,2,3188.85,1,3188.47,2,3187.52,1,3186.64,1,3186.33,1,3186.32,1,3186.3,2,3190.7,1,3191.0,1,3191.35,1,3191.4,1,3191.64,2,3191.85,1,3192.74,1,3193.65,1,3193.72,1,3193.91,1
2020-10-29 09:36:18,3189.945,3190.93,1,3189.2,1,3190.69,1,3190.69,3189.2,3189.2,1,3189.17,1,3188.85,1,3188.47,2,3187.52,1,3186.64,1,3186.33,1,3186.32,1,3186.3,2,3186.0,1,3190.69,1,3190.7,1,3192.35,1,3192.74,1,3193.65,1,3193.72,1,3193.91,1,3194.42,1,3194.98,1,3195.01,1
2020-10-29 09:36:19,3189.95,3190.93,1,3189.21,1,3190.69,2,3190.69,3189.21,3189.21,1,3189.2,1,3189.17,1,3188.85,1,3188.47,2,3187.52,1,3186.64,1,3186.33,1,3186.32,1,3186.3,2,3190.69,2,3192.0,1,3192.35,1,3192.74,1,3193.65,1,3193.72,1,3193.91,1,3194.42,1,3194.98,1,3195.01,1
2020-10-29 09:36:20,3188.885,3189.17,1,3188.0,1,3189.77,1,3189.77,3188.0,3188.0,1,3187.52,1,3186.64,1,3186.33,1,3186.32,1,3186.3,2,3186.0,1,,,,,,,3189.77,1,3190.39,1,3190.69,2,3192.0,1,3192.35,1,3192.74,1,3193.65,1,3193.72,1,3193.91,1,3194.42,1
2020-10-29 09:36:21,3187.68,3188.3,2,3186.33,2,3189.03,1,3189.03,3186.33,3186.33,2,3186.32,1,3186.3,2,3186.0,1,,,,,,,,,,,,,3189.03,1,3189.29,1,3189.51,1,3189.77,1,3190.39,1,3190.69,2,3192.0,1,3192.35,1,3192.74,1,3193.65,1
2020-10-29 09:36:22,3188.52,3188.0,1,3188.01,1,3189.03,1,3189.03,3188.01,3188.01,1,3186.49,1,3186.33,2,3186.32,1,3186.3,2,3186.0,1,,,,,,,,,3189.03,1,3189.55,1,3189.77,1,3190.39,1,3190.69,2,3192.0,1,3192.35,1,3192.74,1,3193.65,1,3193.72,1
2020-10-29 09:36:23,3187.62,3189.51,1,3186.33,2,3188.91,1,3188.91,3186.33,3186.33,2,3186.32,1,3186.3,2,3186.0,1,,,,,,,,,,,,,3188.91,1,3189.51,2,3189.82,1,3190.69,3,3192.0,1,3192.35,1,3192.74,1,3193.65,1,3193.72,1,3193.91,1
2020-10-29 09:36:24,3187.275,3189.51,1,3186.33,3,3188.22,2,3188.22,3186.33,3186.33,3,3186.32,1,3186.3,2,3186.0,1,,,,,,,,,,,,,3188.22,2,3188.23,1,3188.91,1,3189.51,2,3189.82,1,3190.69,3,3192.0,1,3192.35,1,3192.74,1,3193.65,1
2020-10-29 09:36:25,3188.17,3189.51,1,3187.34,1,3189.0,1,3189.0,3187.34,3187.34,1,3187.0,2,3186.34,1,3186.33,3,3186.32,1,3186.3,2,3186.0,1,,,,,,,3189.0,1,3189.51,2,3189.82,1,3190.69,3,3192.0,1,3192.35,1,3192.74,1,3193.65,1,3193.72,1,3193.91,1
2020-10-29 09:36:26,3188.17,3188.65,1,3187.34,1,3189.0,1,3189.0,3187.34,3187.34,1,3187.0,2,3186.34,1,3186.33,3,3186.32,1,3186.3,2,3186.0,1,,,,,,,3189.0,1,3189.5,1,3189.51,1,3190.38,1,3190.69,3,3192.0,1,3192.35,1,3192.74,1,3193.65,1,3193.72,1
2020-10-29 09:36:27,3188.0,3187.9,1,3187.01,1,3188.99,1,3188.99,3187.01,3187.01,1,3187.0,2,3186.34,1,3186.33,3,3186.32,1,3186.3,2,3186.0,1,,,,,,,3188.99,1,3189.0,1,3189.5,1,3189.51,1,3190.38,1,3190.69,3,3192.0,1,3192.35,1,3192.74,1,3193.65,1
2020-10-29 09:36:28,3187.69,3187.9,1,3187.0,2,3188.38,1,3188.38,3187.0,3187.0,2,3186.34,1,3186.33,3,3186.32,1,3186.3,2,3186.0,1,,,,,,,,,3188.38,1,3189.12,1,3189.5,1,3189.51,1,3190.38,1,3190.69,3,3192.0,1,3192.35,1,3192.74,1,3193.65,1
2020-10-29 09:36:29,3187.09,3187.0,1,3186.33,3,3187.85,2,3187.85,3186.33,3186.33,3,3186.32,1,3186.3,2,3186.0,1,,,,,,,,,,,,,3187.85,2,3187.86,1,3187.88,1,3188.38,1,3189.12,1,3189.5,1,3189.51,1,3190.38,1,3190.69,3,3192.0,1
2020-10-29 09:36:30,3186.88,3187.0,1,3186.33,3,3187.43,1,3187.43,3186.33,3186.33,3,3186.32,1,3186.3,2,3186.0,1,,,,,,,,,,,,,3187.43,1,3187.85,2,3187.86,1,3187.88,1,3188.38,1,3189.12,1,3189.5,1,3189.51,1,3190.38,1,3190.69,3
2020-10-29 09:36:31,3187.235,3187.83,1,3186.63,1,3187.84,1,3187.84,3186.63,3186.63,1,3186.33,3,3186.32,1,3186.3,2,3186.0,1,,,,,,,,,,,3187.84,1,3187.85,2,3187.86,1,3187.88,1,3188.38,1,3189.12,1,3189.5,1,3189.51,1,3190.38,1,3190.69,3
2020-10-29 09:36:32,3187.23,3187.11,1,3186.62,1,3187.84,2,3187.84,3186.62,3186.62,1,3186.34,1,3186.33,3,3186.32,1,3186.3,2,3186.0,1,,,,,,,,,3187.84,2,3188.99,1,3189.12,1,3189.5,1,3189.51,1,3190.38,1,3190.69,3,3192.0,1,3192.35,1,3192.74,1
2020-10-29 09:36:33,3187.23,3186.62,1,3186.62,1,3187.84,2,3187.84,3186.62,3186.62,1,3186.34,1,3186.33,3,3186.32,1,3186.3,2,3186.0,1,,,,,,,,,3187.84,2,3188.99,1,3189.12,1,3189.5,1,3189.51,1,3190.38,1,3190.69,3,3192.0,1,3192.35,1,3192.74,1
2020-10-29 09:36:34,3187.42,3186.63,1,3187.0,1,3187.84,2,3187.84,3187.0,3187.0,1,3186.62,2,3186.34,1,3186.33,3,3186.32,1,3186.3,2,3186.0,1,,,,,,,3187.84,2,3188.99,1,3189.12,1,3189.5,1,3189.51,1,3190.38,1,3190.69,3,3192.0,1,3192.35,1,3192.74,1
2020-10-29 09:36:35,3186.545,3186.3,1,3186.0,2,3187.09,1,3187.09,3186.0,3186.0,2,,,,,,,,,,,,,,,,,,,3187.09,1,3187.24,1,3187.61,1,3187.84,2,3188.99,1,3189.12,1,3189.5,1,3189.51,1,3190.38,1,3190.69,3
2020-10-29 09:36:36,3185.535,3185.06,1,3185.0,2,3186.07,1,3186.07,3185.0,3185.0,2,,,,,,,,,,,,,,,,,,,3186.07,1,3186.08,1,3186.33,1,3187.09,1,3187.53,1,3187.84,2,3188.99,1,3189.12,1,3189.5,1,3189.51,1
2020-10-29 09:36:37,3184.875,3185.16,1,3184.21,1,3185.54,1,3185.54,3184.21,3184.21,1,3184.2,1,,,,,,,,,,,,,,,,,3185.54,1,3186.07,2,3186.08,1,3186.33,1,3187.09,1,3187.53,1,3187.84,2,3188.99,1,3189.12,1,3189.5,1
2020-10-29 09:36:38,3184.5,3184.15,1,3184.0,2,3185.0,1,3185.0,3184.0,3184.0,2,,,,,,,,,,,,,,,,,,,3185.0,1,3185.08,1,3185.15,1,3185.31,1,3186.07,2,3186.08,1,3186.33,1,3187.09,1,3187.53,1,3187.84,2
2020-10-29 09:36:39,3185.04,3184.66,1,3184.01,2,3186.07,2,3186.07,3184.01,3184.01,2,3184.0,3,,,,,,,,,,,,,,,,,3186.07,2,3186.08,1,3186.33,1,3187.09,1,3187.53,1,3187.84,2,3188.99,1,3189.12,1,3189.5,1,3189.51,1
2020-10-29 09:36:40,3185.615,3184.06,1,3185.16,1,3186.07,1,3186.07,3185.16,3185.16,1,3184.35,1,3184.17,2,3184.16,1,3184.04,2,3184.03,1,3184.02,1,3184.01,2,3184.0,3,,,3186.07,1,3186.08,1,3186.33,1,3187.09,1,3187.53,1,3187.84,2,3188.99,1,3189.12,1,3189.5,1,3189.51,1
2020-10-29 09:36:41,3185.62,3185.56,1,3185.17,1,3186.07,1,3186.07,3185.17,3185.17,1,3185.16,1,3184.35,1,3184.17,2,3184.16,1,3184.04,2,3184.03,1,3184.02,1,3184.01,2,3184.0,3,3186.07,1,3186.08,1,3186.33,1,3187.09,1,3187.53,1,3187.84,2,3188.99,1,3189.12,1,3189.5,1,3189.51,1
2020-10-29 09:36:42,3185.105,3185.17,1,3184.15,1,3186.06,1,3186.06,3184.15,3184.15,1,3184.01,3,3184.0,3,,,,,,,,,,,,,,,3186.06,1,3186.07,1,3186.08,1,3186.33,1,3187.09,1,3187.53,1,3187.84,2,3188.99,1,3189.12,1,3189.5,1
2020-10-29 09:36:43,3185.105,3185.24,2,3184.14,1,3186.07,1,3186.07,3184.14,3184.14,1,3184.01,3,3184.0,3,,,,,,,,,,,,,,,3186.07,1,3186.08,1,3186.33,1,3187.09,1,3187.53,1,3187.84,2,3188.99,1,3189.12,1,3189.5,1,3189.51,1
2020-10-29 09:36:44,3185.545,3185.24,2,3185.02,2,3186.07,3,3186.07,3185.02,3185.02,2,3185.01,2,3184.14,1,3184.01,3,3184.0,3,,,,,,,,,,,3186.07,3,3186.08,1,3186.33,1,3187.09,1,3187.53,1,3187.84,2,3188.99,1,3189.12,1,3189.5,1,3189.51,1
2020-10-29 09:36:45,3185.535,3186.06,1,3185.0,2,3186.07,2,3186.07,3185.0,3185.0,2,3184.14,1,3184.01,3,3184.0,3,,,,,,,,,,,,,3186.07,2,3187.84,2,3188.99,1,3189.12,1,3189.5,1,3189.51,1,3190.38,1,3190.69,3,3192.0,1,3192.35,1
2020-10-29 09:36:46,3184.5,3185.0,1,3184.01,3,3184.99,1,3184.99,3184.01,3184.01,3,3184.0,3,,,,,,,,,,,,,,,,,3184.99,1,3185.0,1,3186.01,1,3186.07,2,3187.84,2,3188.99,1,3189.12,1,3189.5,1,3189.51,1,3190.38,1
2020-10-29 09:36:47,3184.065,3184.15,1,3183.35,1,3184.78,1,3184.78,3183.35,3183.35,1,3183.06,1,3183.0,1,,,,,,,,,,,,,,,3184.78,1,3185.0,2,3186.01,1,3186.07,2,3187.84,2,3188.99,1,3189.12,1,3189.5,1,3189.51,1,3190.38,1
2020-10-29 09:36:48,3184.37,3184.15,1,3183.74,1,3185.0,1,3185.0,3183.74,3183.74,1,3183.35,1,3183.06,1,3183.0,1,,,,,,,,,,,,,3185.0,1,3186.01,1,3186.07,2,3187.84,2,3188.99,1,3189.12,1,3189.5,1,3189.51,1,3190.38,1,3190.69,3
2020-10-29 09:36:49,3184.52,3184.15,1,3184.04,1,3185.0,1,3185.0,3184.04,3184.04,1,3184.01,1,3183.75,1,3183.74,1,3183.35,1,3183.06,1,3183.0,1,,,,,,,3185.0,1,3186.01,1,3186.07,2,3187.84,2,3188.99,1,3189.12,1,3189.5,1,3189.51,1,3190.38,1,3190.69,3
2020-10-29 09:36:50,3184.52,3184.15,1,3184.04,1,3185.0,1,3185.0,3184.04,3184.04,1,3184.01,1,3183.75,1,3183.74,1,3183.35,1,3183.06,1,3183.0,1,,,,,,,3185.0,1,3186.01,1,3186.07,2,3187.84,2,3188.99,1,3189.12,1,3189.5,1,3189.51,1,3190.38,1,3190.69,3
2020-10-29 09:36:51,3182.68,3184.03,1,3182.3,1,3183.06,1,3183.06,3182.3,3182.3,1,,,,,,,,,,,,,,,,,,,3183.06,1,3183.47,1,3183.75,1,3184.78,1,3185.0,1,3186.01,1,3186.07,2,3187.84,2,3188.99,1,3189.12,1
2020-10-29 09:36:52,3183.075,3182.67,1,3182.3,1,3183.85,1,3183.85,3182.3,3182.3,1,,,,,,,,,,,,,,,,,,,3183.85,1,3184.78,1,3185.0,1,3186.01,1,3186.07,2,3187.84,2,3188.99,1,3189.12,1,3189.5,1,3189.51,1
2020-10-29 09:36:53,3183.195,3183.08,1,3182.31,2,3184.08,1,3184.08,3182.31,3182.31,2,3182.3,1,,,,,,,,,,,,,,,,,3184.08,1,3184.09,1,3184.78,1,3185.0,1,3186.01,1,3186.07,2,3187.84,2,3188.99,1,3189.12,1,3189.5,1
2020-10-29 09:36:54,3184.52,3184.08,1,3184.04,2,3185.0,3,3185.0,3184.04,3184.04,2,3183.86,1,3182.8,1,3182.79,1,3182.52,1,3182.3,1,,,,,,,,,3185.0,3,3186.01,1,3186.07,2,3187.84,2,3188.99,1,3189.12,1,3189.5,1,3189.51,1,3190.38,1,3190.69,3
2020-10-29 09:36:55,3184.12,3184.17,1,3183.27,1,3184.97,1,3184.97,3183.27,3183.27,1,3183.25,1,3182.8,1,3182.79,1,3182.52,1,3182.3,1,,,,,,,,,3184.97,1,3185.0,3,3186.01,1,3186.07,2,3187.84,2,3188.99,1,3189.12,1,3189.5,1,3189.51,1,3190.38,1
2020-10-29 09:36:56,3184.295,3183.96,2,3183.59,1,3185.0,3,3185.0,3183.59,3183.59,1,3183.39,1,3183.27,1,3183.25,1,3182.8,1,3182.79,1,3182.52,1,3182.3,1,,,,,3185.0,3,3186.01,1,3186.07,2,3187.84,2,3188.99,1,3189.12,1,3189.5,1,3189.51,1,3190.38,1,3190.69,3
2020-10-29 09:36:57,3185.16,3184.7,1,3184.31,1,3186.01,1,3186.01,3184.31,3184.31,1,3183.39,2,3183.27,1,3183.25,1,3182.8,1,3182.79,1,3182.52,1,3182.3,1,,,,,3186.01,1,3186.07,2,3187.84,2,3188.99,1,3189.12,1,3189.5,1,3189.51,1,3190.38,1,3190.69,3,3192.0,1
2020-10-29 09:36:58,3184.98,3184.31,1,3183.95,1,3186.01,1,3186.01,3183.95,3183.95,1,3183.59,2,3183.27,2,3183.25,1,3182.8,1,3182.79,1,3182.52,1,3182.3,1,,,,,3186.01,1,3186.07,2,3187.84,2,3188.99,1,3189.12,1,3189.5,1,3189.51,1,3190.38,1,3190.69,3,3192.0,1
2020-10-29 09:36:59,3185.24,3185.18,1,3184.5,1,3185.98,1,3185.98,3184.5,3184.5,1,3184.15,1,3183.95,1,3183.59,2,3183.27,2,3183.25,1,3182.8,1,3182.79,1,3182.52,1,3182.3,1,3185.98,1,3186.01,1,3186.07,2,3187.84,2,3188.99,1,3189.12,1,3189.5,1,3189.51,1,3190.38,1,3190.69,3
2020-10-29 09:37:00,3184.8,3185.18,1,3183.59,2,3186.01,1,3186.01,3183.59,3183.59,2,3183.27,2,3183.25,1,3182.8,1,3182.79,1,3182.52,1,3182.3,1,,,,,,,3186.01,1,3186.07,2,3187.84,2,3188.99,1,3189.12,1,3189.5,1,3189.51,1,3190.38,1,3190.69,3,3192.0,1
2020-10-29 09:37:01,3186.75,3186.07,1,3185.66,1,3187.84,2,3187.84,3185.66,3185.66,1,3185.28,1,3184.82,1,3183.59,2,3183.27,2,3183.25,1,3182.8,1,3182.79,1,3182.52,1,3182.3,1,3187.84,2,3188.99,1,3189.12,1,3189.5,1,3189.51,1,3190.38,1,3190.69,3,3192.0,1,3192.35,1,3192.74,1
2020-10-29 09:37:02,3186.88,3186.07,1,3185.92,1,3187.84,4,3187.84,3185.92,3185.92,1,3185.66,1,3185.28,1,3184.82,1,3183.59,2,3183.27,2,3183.25,1,3182.8,1,3182.79,1,3182.52,1,3187.84,4,3188.99,1,3189.12,1,3189.5,1,3189.51,1,3190.38,1,3190.69,3,3192.0,1,3192.35,1,3192.74,1
2020-10-29 09:37:03,3185.035,3185.56,1,3184.51,1,3185.56,1,3185.56,3184.51,3184.51,1,3183.59,2,3183.27,2,3183.25,1,3182.8,1,3182.79,1,3182.52,1,3182.3,1,,,,,3185.56,1,3186.3,1,3186.85,2,3186.9,1,3187.11,1,3187.84,4,3188.99,1,3189.12,1,3189.5,1,3189.51,1
2020-10-29 09:37:04,3184.19,3184.2,1,3183.6,1,3184.78,1,3184.78,3183.6,3183.6,1,3183.59,2,3183.27,2,3183.25,1,3182.8,1,3182.79,1,3182.52,1,3182.3,1,,,,,3184.78,1,3185.15,1,3185.38,1,3185.41,1,3185.55,1,3185.56,1,3186.3,1,3186.85,2,3186.9,1,3187.11,1
2020-10-29 09:37:05,3182.85,3184.0,1,3182.3,1,3183.4,1,3183.4,3182.3,3182.3,1,,,,,,,,,,,,,,,,,,,3183.4,1,3183.8,1,3184.0,1,3185.12,1,3185.13,3,3185.41,2,3185.55,1,3185.56,1,3186.3,1,3186.85,2
2020-10-29 09:37:06,3183.26,3183.51,1,3182.53,1,3183.99,1,3183.99,3182.53,3182.53,1,3182.52,1,3182.3,1,,,,,,,,,,,,,,,3183.99,1,3184.0,2,3185.12,1,3185.13,3,3185.41,2,3185.55,1,3185.56,1,3186.3,1,3186.85,2,3186.9,1
2020-10-29 09:37:07,3184.39,3184.0,1,3183.65,2,3185.13,2,3185.13,3183.65,3183.65,2,3183.39,1,3182.83,2,3182.53,2,3182.52,1,3182.3,1,,,,,,,,,3185.13,2,3185.41,2,3185.55,1,3185.56,1,3186.3,1,3186.85,2,3186.9,1,3187.11,1,3187.84,4,3188.99,1
2020-10-29 09:37:08,3184.39,3184.7,1,3183.65,2,3185.13,2,3185.13,3183.65,3183.65,2,3183.39,1,3182.83,2,3182.53,2,3182.52,1,3182.3,1,,,,,,,,,3185.13,2,3185.41,2,3185.55,1,3185.56,1,3186.3,1,3186.85,2,3186.9,1,3187.11,1,3187.84,4,3188.99,1
2020-10-29 09:37:09,3184.39,3184.7,1,3183.65,2,3185.13,2,3185.13,3183.65,3183.65,2,3183.39,1,3182.83,2,3182.53,2,3182.52,1,3182.3,1,,,,,,,,,3185.13,2,3185.41,2,3185.55,1,3185.56,1,3186.3,1,3186.85,2,3186.9,1,3187.11,1,3187.84,4,3188.99,1
2020-10-29 09:37:10,3184.605,3184.46,1,3183.65,2,3185.56,2,3185.56,3183.65,3183.65,2,3183.39,1,3182.83,2,3182.53,2,3182.52,1,3182.3,1,,,,,,,,,3185.56,2,3186.3,1,3186.85,2,3186.9,1,3187.11,1,3187.84,4,3188.99,1,3189.12,1,3189.5,1,3189.51,1
2020-10-29 09:37:11,3184.615,3184.46,1,3183.67,1,3185.56,2,3185.56,3183.67,3183.67,1,3183.66,1,3183.39,1,3182.83,2,3182.53,2,3182.52,1,3182.3,1,,,,,,,3185.56,2,3186.3,1,3186.85,2,3186.9,1,3187.11,1,3187.84,4,3188.99,1,3189.12,1,3189.5,1,3189.51,1
2020-10-29 09:37:12,3185.38,3184.46,1,3183.91,1,3186.85,1,3186.85,3183.91,3183.91,1,3183.66,1,3183.39,1,3182.83,2,3182.53,2,3182.52,1,3182.3,1,,,,,,,3186.85,1,3187.11,1,3187.84,4,3188.99,1,3189.12,1,3189.5,1,3189.51,1,3190.38,1,3190.69,3,3192.0,1
2020-10-29 09:37:13,3185.38,3185.38,4,3183.91,1,3186.85,1,3186.85,3183.91,3183.91,1,3183.66,1,3183.39,1,3182.83,2,3182.53,2,3182.52,1,3182.3,1,,,,,,,3186.85,1,3187.11,1,3187.84,4,3188.99,1,3189.12,1,3189.5,1,3189.51,1,3190.38,1,3190.69,3,3192.0,1
2020-10-29 09:37:14,3184.94,3185.38,1,3184.4,1,3185.48,3,3185.48,3184.4,3184.4,1,3184.13,2,3183.91,1,3183.66,1,3183.39,1,3182.83,2,3182.53,2,3182.52,1,3182.3,1,,,3185.48,3,3186.85,1,3187.11,1,3187.84,4,3188.99,1,3189.12,1,3189.5,1,3189.51,1,3190.38,1,3190.69,3
2020-10-29 09:37:15,3184.695,3184.41,1,3183.91,2,3185.48,2,3185.48,3183.91,3183.91,2,3183.66,1,3183.39,1,3182.83,2,3182.53,2,3182.52,1,3182.3,1,,,,,,,3185.48,2,3186.85,1,3187.11,1,3187.84,4,3188.99,1,3189.12,1,3189.5,1,3189.51,1,3190.38,1,3190.69,3
2020-10-29 09:37:16,3184.695,3184.41,1,3183.91,2,3185.48,2,3185.48,3183.91,3183.91,2,3183.66,1,3183.39,1,3182.83,2,3182.53,2,3182.52,1,3182.3,1,,,,,,,3185.48,2,3186.85,1,3187.11,1,3187.84,4,3188.99,1,3189.12,1,3189.5,1,3189.51,1,3190.38,1,3190.69,3
2020-10-29 09:37:17,3183.255,3182.3,1,3182.0,5,3184.51,2,3184.51,3182.0,3182.0,5,,,,,,,,,,,,,,,,,,,3184.51,2,3185.48,3,3186.85,1,3187.11,1,3187.84,4,3188.99,1,3189.12,1,3189.5,1,3189.51,1,3190.38,1
2020-10-29 09:37:18,3183.255,3182.75,1,3182.0,6,3184.51,4,3184.51,3182.0,3182.0,6,,,,,,,,,,,,,,,,,,,3184.51,4,3185.48,3,3186.85,1,3187.11,1,3187.84,4,3188.99,1,3189.12,1,3189.5,1,3189.51,1,3190.38,1
2020-10-29 09:37:19,3183.26,3182.75,1,3182.01,1,3184.51,4,3184.51,3182.01,3182.01,1,3182.0,6,,,,,,,,,,,,,,,,,3184.51,4,3185.48,3,3186.85,1,3187.11,1,3187.84,4,3188.99,1,3189.12,1,3189.5,1,3189.51,1,3190.38,1
2020-10-29 09:37:20,3183.32,3182.75,1,3182.13,1,3184.51,4,3184.51,3182.13,3182.13,1,3182.12,1,3182.01,1,3182.0,6,,,,,,,,,,,,,3184.51,4,3185.48,3,3186.85,1,3187.11,1,3187.84,4,3188.99,1,3189.12,1,3189.5,1,3189.51,1,3190.38,1
2020-10-29 09:37:21,3183.33,3182.75,1,3182.15,1,3184.51,4,3184.51,3182.15,3182.15,1,3182.14,1,3182.13,2,3182.12,1,3182.01,1,3182.0,6,,,,,,,,,3184.51,4,3185.48,3,3186.85,1,3187.11,1,3187.84,4,3188.99,1,3189.12,1,3189.5,1,3189.51,1,3190.38,1
