sim_time,mid_price,last_price,last_size,best_bid_price,best_bid_size,best_ask_price,best_ask_size,close_price_buy,close_price_sell,bid1_price,bid1_size,bid2_price,bid2_size,bid3_price,bid3_size,bid4_price,bid4_size,bid5_price,bid5_size,bid6_price,bid6_size,bid7_price,bid7_size,bid8_price,bid8_size,bid9_price,bid9_size,bid10_price,bid10_size,ask1_price,ask1_size,ask2_price,ask2_size,ask3_price,ask3_size,ask4_price,ask4_size,ask5_price,ask5_size,ask6_price,ask6_size,ask7_price,ask7_size,ask8_price,ask8_size,ask9_price,ask9_size,ask10_price,ask10_size
2026-02-05 09:30:17,224.83,224.96,1,224.71,900,224.95,400,224.95,224.71,224.71,900,224.7,200,224.62,1400,224.52,100,224.46,100,224.45,100,224.41,100,224.35,200,224.33,1700,224.27,1400,224.95,400,224.96,600,224.97,600,225.0,400,225.01,200,225.03,100,225.07,300,225.1,100,225.13,400,225.2,500
2026-02-05 09:30:18,224.85,224.85,1,224.79,300,224.91,200,224.91,224.79,224.79,300,224.77,100,224.7,1600,224.66,300,224.62,1400,224.52,100,224.46,100,224.45,100,224.41,100,224.35,200,224.91,200,224.94,500,224.95,400,224.96,600,224.97,600,225.0,400,225.01,200,225.03,100,225.07,300,225.1,100
2026-02-05 09:30:19,224.765,224.76,5,224.66,800,224.87,300,224.87,224.66,224.66,800,224.62,1400,224.52,100,224.46,100,224.45,100,224.41,100,224.35,200,224.33,1700,224.27,1400,224.26,500,224.87,300,224.91,400,224.94,500,224.95,400,224.96,600,224.97,600,225.0,400,225.01,200,225.03,100,225.07,300
2026-02-05 09:30:21,224.765,224.7,1,224.7,100,224.83,100,224.83,224.7,224.7,100,224.67,100,224.66,200,224.63,200,224.6,100,224.57,100,224.52,100,224.46,100,224.45,100,224.41,100,224.83,100,224.9,800,224.91,400,224.94,500,224.95,400,224.96,600,224.97,600,225.0,400,225.01,200,225.03,100
2026-02-05 09:30:22,224.915,224.86,1,224.85,1200,224.98,1400,224.98,224.85,224.85,1200,224.82,1400,224.8,200,224.78,100,224.76,400,224.75,600,224.74,1300,224.72,100,224.7,100,224.68,100,224.98,1400,225.0,400,225.01,200,225.03,100,225.07,300,225.1,100,225.13,400,225.2,500,225.21,500,225.22,1000
2026-02-05 09:30:22,224.92,224.93,1,224.87,300,224.97,300,224.97,224.87,224.87,300,224.86,500,224.85,1400,224.82,1400,224.8,200,224.78,100,224.76,400,224.75,600,224.74,1300,224.72,100,224.97,300,224.98,1400,225.0,400,225.01,200,225.03,100,225.07,300,225.1,100,225.13,400,225.2,500,225.21,500
2026-02-05 09:30:24,224.78,224.78,1,224.7,1100,224.86,200,224.86,224.7,224.7,1100,224.68,100,224.66,100,224.59,800,224.57,100,224.56,100,224.52,100,224.46,100,224.45,100,224.41,100,224.86,200,224.87,500,224.88,200,224.89,200,224.93,600,224.94,700,224.95,1300,224.96,800,224.97,300,224.98,1400
2026-02-05 09:30:25,224.765,224.76,2,224.67,700,224.86,700,224.86,224.67,224.67,700,224.66,500,224.61,900,224.59,800,224.57,100,224.56,100,224.52,100,224.46,100,224.45,100,224.41,100,224.86,700,224.87,1000,224.88,200,224.89,200,224.93,600,224.94,700,224.95,1300,224.96,800,224.97,300,224.98,1400
2026-02-05 09:30:26,224.74,224.75,1,224.67,1700,224.81,300,224.81,224.67,224.67,1700,224.66,500,224.61,900,224.59,800,224.57,100,224.56,100,224.52,100,224.46,100,224.45,100,224.41,100,224.81,300,224.84,500,224.85,1000,224.86,700,224.87,1000,224.88,200,224.89,200,224.93,600,224.94,700,224.95,1300
2026-02-05 09:30:27,224.695,224.66,1,224.61,500,224.78,500,224.78,224.61,224.61,400,224.6,900,224.59,700,224.57,100,224.56,100,224.52,100,224.46,100,224.45,100,224.41,100,224.35,200,224.78,500,224.79,300,224.8,500,224.81,100,224.84,300,224.85,100,224.86,1000,224.87,1000,224.88,200,224.89,200
2026-02-05 09:30:28,224.32,224.25,1,224.24,200,224.4,200,224.4,224.24,224.24,200,224.22,300,224.21,600,224.19,300,224.18,400,224.17,600,224.16,700,224.15,600,224.14,100,224.11,100,224.4,200,224.45,1000,224.46,800,224.47,700,224.48,500,224.49,300,224.56,200,224.59,400,224.6,100,224.63,200
2026-02-05 09:30:29,224.33,224.38,2,224.28,100,224.38,600,224.38,224.28,224.28,100,224.27,900,224.21,700,224.19,300,224.18,400,224.17,600,224.16,700,224.15,600,224.14,100,224.11,100,224.38,600,224.4,1200,224.45,1000,224.46,800,224.47,700,224.48,500,224.49,300,224.56,200,224.59,400,224.6,100
2026-02-05 09:30:30,224.245,224.17,1,224.17,500,224.32,500,224.32,224.17,224.17,500,224.16,700,224.15,600,224.14,100,224.11,100,224.07,100,224.05,100,224.01,200,224.0,6700,,,224.32,500,224.35,500,224.36,500,224.37,800,224.38,700,224.4,1200,224.45,1000,224.46,800,224.47,700,224.48,500
2026-02-05 09:30:31,223.96,223.9,2,223.88,1200,224.04,900,224.04,223.88,223.88,1200,223.85,300,,,,,,,,,,,,,,,,,224.04,900,224.05,400,224.06,900,224.11,900,224.12,400,224.13,1000,224.15,1500,224.16,1000,224.17,500,224.18,300
2026-02-05 09:30:32,224.2,224.11,2,224.11,500,224.29,800,224.29,224.11,224.11,500,224.09,700,224.08,700,224.06,400,224.05,400,224.04,200,224.02,100,224.01,100,224.0,200,223.96,400,224.29,800,224.3,400,224.31,1300,224.32,800,224.35,500,224.36,500,224.37,800,224.38,700,224.4,1200,224.45,1000
2026-02-05 09:30:33,224.195,224.27,1,224.12,700,224.27,100,224.27,224.12,224.12,700,224.11,1200,224.09,700,224.08,700,224.06,400,224.05,400,224.04,200,224.02,100,224.01,100,224.0,200,224.27,100,224.28,700,224.29,1400,224.3,400,224.31,1300,224.32,800,224.35,500,224.36,500,224.37,800,224.38,700
2026-02-05 09:30:34,224.3,224.24,1,224.23,300,224.37,1100,224.37,224.23,224.23,300,224.2,700,224.19,1100,224.13,300,224.12,1000,224.11,1200,224.09,700,224.08,700,224.06,400,224.05,400,224.37,1100,224.38,700,224.4,1200,224.45,1000,224.46,800,224.47,700,224.48,500,224.49,300,224.56,200,224.59,400
2026-02-05 09:30:35,224.4,224.36,1,224.34,200,224.46,100,224.46,224.34,224.34,200,224.27,100,224.26,100,224.25,300,224.24,100,224.23,1400,224.2,700,224.19,1100,224.13,300,224.12,1000,224.46,100,224.5,400,224.51,100,224.53,100,224.6,100,224.61,900,224.7,100,224.72,100,224.73,500,224.74,500
2026-02-05 09:30:36,224.235,224.25,1,224.14,300,224.33,900,224.33,224.14,224.14,300,224.13,100,224.12,200,224.11,1200,224.09,700,224.08,700,224.06,400,224.05,400,224.04,200,224.02,100,224.33,900,224.34,700,224.35,100,224.36,200,224.42,200,224.43,900,224.45,300,224.49,400,224.51,400,224.53,500
2026-02-05 09:30:37,224.215,224.22,1,224.13,300,224.3,600,224.3,224.13,224.13,300,224.12,200,224.11,1200,224.09,700,224.08,700,224.06,400,224.05,400,224.04,200,224.02,100,224.01,100,224.3,600,224.31,600,224.34,100,224.35,100,224.37,600,224.42,200,224.43,900,224.45,300,224.49,400,224.51,400
2026-02-05 09:30:38,224.665,224.64,1,224.56,200,224.77,500,224.77,224.56,224.56,200,224.51,200,224.48,100,224.45,300,224.43,200,224.4,100,224.38,100,224.37,200,224.35,100,224.34,100,224.77,500,224.78,600,224.79,300,224.8,500,224.81,100,224.84,300,224.85,100,224.86,1000,224.87,1000,224.88,200
2026-02-05 09:30:39,224.595,224.6,2,224.51,100,224.68,200,224.68,224.51,224.51,100,224.49,100,224.48,200,224.47,300,224.45,500,224.44,100,224.43,400,224.4,100,224.38,100,224.37,200,224.68,200,224.69,300,224.74,300,224.77,500,224.78,600,224.79,300,224.8,500,224.81,100,224.84,300,224.85,100
2026-02-05 09:30:40,224.53,224.53,1,224.46,100,224.6,400,224.6,224.46,224.46,100,224.45,100,224.44,100,224.43,100,224.42,100,224.41,100,224.4,300,224.38,500,224.37,400,224.35,100,224.6,400,224.62,100,224.64,100,224.65,300,224.66,100,224.67,200,224.68,300,224.69,300,224.74,300,224.77,500
2026-02-05 09:30:41,224.34,224.34,1,224.25,300,224.43,800,224.43,224.25,224.25,300,224.22,300,224.2,200,224.17,300,224.16,200,224.13,300,224.12,200,224.11,1200,224.09,700,224.08,700,224.43,800,224.45,300,224.46,100,224.48,800,224.49,100,224.54,200,224.6,700,224.62,100,224.64,100,224.65,300
2026-02-05 09:30:41,224.065,224.1,3,224.0,700,224.13,200,224.13,224.0,224.0,700,223.96,400,223.88,1300,223.85,300,,,,,,,,,,,,,224.13,200,224.17,400,224.18,500,224.19,100,224.22,7000,224.3,600,224.32,700,224.42,100,224.44,100,224.45,300
2026-02-05 09:30:43,224.085,224.01,1,224.01,200,224.16,300,224.16,224.01,224.01,200,224.0,800,223.96,400,223.88,1300,223.85,300,,,,,,,,,,,224.16,300,224.19,300,224.2,100,224.21,500,224.25,100,224.26,200,224.44,100,224.45,300,224.46,100,224.48,800
2026-02-05 09:30:44,223.88,223.88,1,223.81,1000,223.95,700,223.95,223.81,223.81,1000,,,,,,,,,,,,,,,,,,,223.95,700,223.98,600,224.02,400,224.03,800,224.07,600,224.11,100,224.13,500,224.16,300,224.19,300,224.2,100
2026-02-05 09:30:45,223.915,223.85,2,223.85,200,223.98,200,223.98,223.85,223.85,200,223.84,400,223.83,100,223.81,1200,,,,,,,,,,,,,223.98,200,223.99,700,224.02,400,224.03,800,224.07,600,224.11,100,224.13,500,224.16,300,224.19,300,224.2,100
2026-02-05 09:30:46,223.86,223.84,1,223.84,800,223.88,100,223.88,223.84,223.84,800,223.83,100,223.81,1200,,,,,,,,,,,,,,,223.88,100,223.96,100,223.97,200,223.98,100,223.99,400,224.0,300,224.01,400,224.02,400,224.03,800,224.07,600
2026-02-05 09:30:47,223.835,223.84,1,223.78,1000,223.89,1000,223.89,223.78,223.78,1000,,,,,,,,,,,,,,,,,,,223.89,1000,223.9,800,223.91,200,223.92,900,223.93,800,223.98,300,223.99,400,224.0,300,224.01,400,224.02,400
2026-02-05 09:30:48,223.87,223.94,2,223.8,500,223.94,200,223.94,223.8,223.8,500,223.78,1000,,,,,,,,,,,,,,,,,223.94,200,223.98,400,224.0,1000,224.01,400,224.02,400,224.03,800,224.07,600,224.11,100,224.13,500,224.16,300
2026-02-05 09:30:48,223.87,223.94,2,223.8,500,223.94,200,223.94,223.8,223.8,500,223.78,1000,,,,,,,,,,,,,,,,,223.94,200,223.98,400,224.0,1000,224.01,400,224.02,400,224.03,800,224.07,600,224.11,100,224.13,500,224.16,300
2026-02-05 09:30:50,223.885,223.92,1,223.85,100,223.92,300,223.92,223.85,223.85,100,223.83,500,223.81,200,223.79,200,223.78,500,,,,,,,,,,,223.92,300,223.94,800,223.98,400,224.0,1000,224.01,400,224.02,400,224.03,800,224.07,600,224.11,100,224.13,500
2026-02-05 09:30:51,223.785,223.77,1,223.68,700,223.89,500,223.89,223.68,223.68,700,223.67,1100,,,,,,,,,,,,,,,,,223.89,500,223.9,300,223.91,700,223.92,300,223.93,400,223.94,600,223.98,400,224.0,1000,224.01,400,224.02,400
2026-02-05 09:30:52,223.775,223.7,1,223.7,100,223.85,600,223.85,223.7,223.7,100,223.69,200,223.68,900,223.67,1100,,,,,,,,,,,,,223.85,600,223.9,600,223.91,700,223.92,300,223.93,400,223.94,600,223.98,400,224.0,1000,224.01,400,224.02,400
2026-02-05 09:30:53,223.125,223.13,2,223.1,1200,223.15,200,223.15,223.1,223.1,1200,,,,,,,,,,,,,,,,,,,223.15,200,223.21,500,223.22,400,223.23,900,223.24,300,223.25,500,223.26,100,223.27,500,223.29,700,223.31,200
2026-02-05 09:30:54,223.04,223.01,1,223.01,1000,223.07,1100,223.07,223.01,223.01,1000,,,,,,,,,,,,,,,,,,,223.07,1100,223.11,300,223.12,1400,223.13,800,223.14,300,223.15,1000,223.21,500,223.22,400,223.23,900,223.24,300
2026-02-05 09:30:55,222.82,222.86,1,222.8,3700,222.84,300,222.84,222.8,222.8,3700,,,,,,,,,,,,,,,,,,,222.84,300,222.86,100,222.94,700,222.95,900,222.98,1400,222.99,200,223.01,1000,223.02,200,223.03,200,223.04,100
2026-02-05 09:30:56,222.75,222.69,1,222.69,100,222.81,600,222.81,222.69,222.69,100,222.68,100,,,,,,,,,,,,,,,,,222.81,600,222.83,500,222.84,800,222.86,100,222.94,700,222.95,900,222.98,1400,222.99,200,223.01,1000,223.02,200
2026-02-05 09:30:57,222.555,222.6,4,222.51,400,222.6,100,222.6,222.51,222.51,400,,,,,,,,,,,,,,,,,,,222.6,100,222.61,100,222.62,100,222.63,100,222.64,200,222.65,200,222.66,100,222.67,400,222.72,400,222.81,1500
2026-02-05 09:30:58,222.665,222.64,1,222.61,200,222.72,400,222.72,222.61,222.61,200,222.58,100,222.56,700,222.52,100,222.51,400,,,,,,,,,,,222.72,400,222.81,1500,222.83,500,222.84,800,222.86,100,222.94,700,222.95,900,222.98,1400,222.99,200,223.01,1000
2026-02-05 09:30:59,222.845,222.77,1,222.77,300,222.92,200,222.91,222.77,222.77,300,222.73,1000,222.72,200,222.69,100,222.67,100,222.62,500,222.61,400,222.58,100,222.56,700,222.52,100,222.92,200,222.93,500,222.94,600,222.95,1000,222.96,500,222.97,100,222.98,400,223.04,200,223.07,1400,223.11,300
2026-02-05 09:31:00,222.795,222.8,2,222.79,500,222.8,100,222.8,222.79,222.79,500,222.78,400,222.77,1400,222.73,1000,222.72,200,222.69,100,222.67,100,222.62,500,222.61,400,222.58,100,222.8,100,222.85,100,222.88,300,222.89,600,222.9,200,222.91,200,222.92,200,222.93,500,222.94,600,222.95,1000
2026-02-05 09:31:01,222.715,222.7,1,222.66,400,222.77,100,222.77,222.66,222.66,400,222.64,1400,222.62,500,222.61,400,222.58,100,222.56,700,222.52,100,222.51,400,,,,,222.77,100,222.78,400,222.79,700,222.8,300,222.81,200,222.82,100,222.83,300,222.84,400,222.85,600,222.86,300
2026-02-05 09:31:02,222.755,222.76,1,222.7,100,222.81,500,222.81,222.7,222.7,100,222.69,100,222.67,300,222.66,400,222.64,1400,222.62,500,222.61,400,222.58,100,222.56,700,222.52,100,222.81,500,222.85,100,222.86,1000,222.87,400,222.88,500,222.89,800,222.9,200,222.91,200,222.92,200,222.93,500
2026-02-05 09:31:03,222.675,222.67,1,222.62,600,222.73,800,222.73,222.62,222.62,600,222.61,600,222.6,700,222.59,900,222.58,500,222.56,100,222.55,500,222.5,2000,,,,,222.73,800,222.74,300,222.75,400,222.76,300,222.77,300,222.78,200,222.8,700,222.81,700,222.86,400,222.87,600
2026-02-05 09:31:04,222.815,222.77,1,222.76,400,222.87,500,222.87,222.76,222.76,400,222.72,700,222.68,1400,222.63,100,222.62,100,222.61,100,222.6,1500,222.59,600,222.52,100,222.5,2000,222.87,500,222.88,500,222.89,800,222.9,200,222.91,200,222.92,200,222.93,500,222.94,600,222.95,1000,222.96,500
2026-02-05 09:31:05,222.575,222.59,1,222.52,300,222.63,300,222.63,222.52,222.52,300,222.51,1200,222.5,2000,,,,,,,,,,,,,,,222.63,300,222.65,700,222.66,400,222.68,300,222.69,200,222.7,100,222.71,100,222.73,400,222.74,100,222.79,300
2026-02-05 09:31:06,222.705,222.62,8,222.61,1100,222.8,400,222.8,222.61,222.61,1100,222.56,700,222.54,600,222.52,400,222.51,1200,222.5,2000,,,,,,,,,222.8,400,222.81,400,222.82,200,222.83,700,222.84,400,222.86,200,222.87,1200,222.88,500,222.89,800,222.9,200
2026-02-05 09:31:07,223.315,223.29,1,223.24,500,223.39,300,223.39,223.24,223.24,500,223.2,300,223.13,200,223.12,300,223.02,500,222.95,300,222.94,700,222.93,300,222.92,500,222.9,500,223.39,300,223.4,200,223.41,300,223.42,300,223.43,100,223.44,100,223.45,400,223.46,200,223.47,100,223.49,1100
2026-02-05 09:31:08,223.45,223.39,1,223.39,400,223.51,100,223.51,223.39,223.39,400,223.35,1000,223.34,300,223.33,100,223.31,100,223.3,100,223.29,100,223.28,100,223.27,600,223.24,300,223.51,100,223.55,300,223.56,300,223.58,200,223.6,500,223.61,800,223.63,100,223.66,400,223.7,300,223.72,600
2026-02-05 09:31:09,223.33,223.34,2,223.26,1100,223.4,200,223.4,223.26,223.26,1100,223.22,1100,223.2,100,223.19,200,223.13,300,223.12,100,223.09,200,223.08,200,223.07,700,223.04,100,223.4,200,223.41,700,223.42,800,223.43,700,223.44,500,223.45,500,223.47,200,223.48,100,223.49,200,223.5,100
2026-02-05 09:31:10,223.275,223.28,4,223.21,800,223.34,200,223.34,223.21,223.21,800,223.17,100,223.15,300,223.14,500,223.12,400,223.09,200,223.08,200,223.07,700,223.04,100,223.02,500,223.34,200,223.35,600,223.41,1400,223.42,800,223.43,700,223.44,500,223.45,500,223.47,200,223.48,100,223.49,200
2026-02-05 09:31:11,223.26,223.19,1,223.19,400,223.33,200,223.33,223.19,223.19,400,223.17,100,223.13,100,223.07,800,223.06,700,223.05,200,223.04,500,223.02,500,222.95,300,222.94,700,223.33,200,223.34,300,223.35,800,223.41,1400,223.42,800,223.43,700,223.44,500,223.45,500,223.47,200,223.48,100
2026-02-05 09:31:12,223.175,223.1,2,223.09,400,223.26,800,223.26,223.09,223.09,400,223.08,100,223.07,500,223.06,700,223.05,200,223.04,500,223.02,500,222.95,300,222.94,700,222.93,300,223.26,800,223.27,300,223.29,100,223.3,900,223.31,600,223.32,400,223.33,200,223.34,300,223.35,800,223.41,1400
2026-02-05 09:31:13,222.985,222.89,8,222.89,300,223.08,600,223.08,222.89,222.89,300,222.86,300,222.82,800,222.8,100,222.76,100,222.69,900,222.68,100,222.67,100,222.61,1100,222.56,700,223.08,600,223.11,400,223.14,300,223.15,400,223.16,100,223.19,100,223.2,400,223.21,400,223.22,700,223.25,100
2026-02-05 09:31:14,222.965,222.97,1,222.9,200,223.03,500,223.03,222.9,222.9,200,222.89,100,222.87,100,222.86,100,222.84,100,222.82,700,222.8,100,222.76,100,222.69,900,222.68,100,223.03,500,223.05,100,223.06,100,223.07,300,223.08,1100,223.11,400,223.14,300,223.15,400,223.16,100,223.19,100
2026-02-05 09:31:15,222.975,222.9,3,222.9,300,223.05,200,223.05,222.9,222.9,300,222.89,100,222.88,100,222.87,300,222.86,700,222.84,100,222.82,700,222.8,100,222.76,100,222.69,900,223.05,200,223.06,400,223.07,200,223.08,1100,223.11,400,223.14,300,223.15,400,223.16,100,223.19,100,223.2,400
2026-02-05 09:31:16,223.145,222.97,1,223.07,800,223.22,400,223.22,223.07,223.07,800,223.03,500,222.97,900,222.9,500,222.89,700,222.88,100,222.87,300,222.86,700,222.84,100,222.82,700,223.22,400,223.23,100,223.25,600,223.26,700,223.27,100,223.28,100,223.29,100,223.3,100,223.31,700,223.32,400
2026-02-05 09:31:17,223.04,223.02,1,222.96,700,223.12,400,223.12,222.96,222.96,700,222.93,200,222.9,800,222.89,700,222.88,100,222.87,300,222.86,700,222.84,100,222.82,700,222.8,100,223.12,400,223.17,300,223.18,100,223.19,300,223.2,100,223.21,700,223.22,300,223.23,500,223.25,600,223.26,700
2026-02-05 09:31:18,223.115,223.12,2,223.02,400,223.21,600,223.21,223.02,223.02,400,223.01,200,222.98,100,222.97,500,222.96,600,222.93,200,222.9,800,222.89,700,222.88,100,222.87,300,223.21,600,223.22,500,223.23,500,223.25,600,223.26,700,223.27,100,223.28,100,223.29,100,223.3,100,223.31,700
2026-02-05 09:31:19,223.255,223.28,3,223.18,100,223.33,200,223.33,223.18,223.18,100,223.16,100,223.14,100,223.13,100,223.12,100,223.11,100,223.07,200,223.04,300,223.03,500,223.02,900,223.33,200,223.34,1100,223.35,800,223.41,1400,223.42,800,223.43,700,223.44,500,223.45,500,223.47,200,223.48,100
2026-02-05 09:31:20,223.4,223.38,1,223.33,800,223.47,1200,223.47,223.33,223.33,800,223.29,600,223.27,300,223.25,600,223.2,100,223.19,100,223.18,100,223.16,100,223.14,100,223.13,100,223.47,1200,223.48,500,223.49,200,223.5,100,223.51,100,223.52,100,223.53,100,223.54,100,223.55,400,223.56,300
2026-02-05 09:31:21,222.885,222.86,1,222.82,1800,222.95,200,222.95,222.82,222.82,1800,222.8,100,222.76,100,222.69,900,222.68,100,222.67,100,222.61,1100,222.56,700,222.54,600,222.52,400,222.95,200,222.96,100,222.97,200,222.98,300,222.99,300,223.0,100,223.02,200,223.05,300,223.09,100,223.1,300
2026-02-05 09:31:22,223.475,223.47,1,223.44,200,223.51,300,223.51,223.44,223.44,200,223.43,400,223.36,400,223.35,100,223.31,200,223.21,600,223.18,100,223.13,600,223.1,100,223.0,1100,223.51,300,223.52,100,223.53,100,223.54,100,223.55,400,223.56,300,223.58,200,223.6,500,223.61,800,223.63,100
2026-02-05 09:31:23,223.45,223.45,1,223.38,600,223.52,500,223.52,223.38,223.38,600,223.37,300,223.36,500,223.35,100,223.31,200,223.21,600,223.18,100,223.13,600,223.1,100,223.0,1100,223.52,500,223.55,500,223.56,300,223.58,200,223.6,500,223.61,800,223.63,100,223.66,400,223.7,300,223.72,600
2026-02-05 09:31:24,223.485,223.43,1,223.42,400,223.55,300,223.55,223.42,223.42,400,223.41,300,223.36,700,223.35,1100,223.34,400,223.21,500,223.18,100,223.13,600,223.1,100,223.0,1100,223.55,300,223.56,300,223.57,300,223.58,200,223.67,100,223.68,100,223.69,300,223.7,200,223.72,600,223.73,500
2026-02-05 09:31:25,223.325,223.26,2,223.24,100,223.41,400,223.41,223.24,223.24,100,223.21,100,223.18,100,223.12,300,223.1,100,223.0,1100,222.99,900,222.98,1100,222.97,100,222.94,500,223.41,400,223.42,100,223.47,400,223.49,400,223.52,300,223.54,300,223.55,300,223.56,300,223.57,300,223.58,200
2026-02-05 09:31:26,223.125,223.17,1,223.01,500,223.24,800,223.24,223.01,223.01,500,222.99,100,222.96,100,222.94,100,222.92,500,222.89,200,222.82,100,222.8,100,222.79,100,222.77,100,223.24,800,223.26,500,223.27,300,223.29,400,223.36,400,223.37,400,223.38,600,223.41,400,223.42,100,223.47,400
2026-02-05 09:31:27,223.275,223.28,1,223.2,400,223.35,500,223.35,223.2,223.2,400,223.19,100,223.18,300,223.14,200,223.13,100,223.12,200,223.03,100,223.01,800,222.99,100,222.96,100,223.35,500,223.36,400,223.37,300,223.38,400,223.4,600,223.41,600,223.42,100,223.47,400,223.49,400,223.52,300
2026-02-05 09:31:28,223.075,223.05,1,223.0,600,223.15,300,223.15,223.0,223.0,600,222.89,100,222.81,500,222.8,300,222.79,100,222.78,400,222.77,200,222.76,200,222.72,100,222.71,100,223.15,300,223.16,400,223.17,600,223.21,400,223.23,100,223.24,100,223.25,500,223.26,600,223.28,100,223.29,100
2026-02-05 09:31:29,223.455,223.43,1,223.36,700,223.55,700,223.55,223.36,223.36,700,223.34,100,223.25,300,223.24,100,223.23,300,223.18,600,223.09,600,223.04,200,223.03,200,223.0,700,223.55,700,223.56,300,223.57,300,223.58,200,223.67,100,223.68,100,223.69,300,223.7,200,223.72,600,223.73,500
2026-02-05 09:31:30,223.52,223.46,2,223.44,700,223.6,400,223.6,223.44,223.44,700,223.41,100,223.4,600,223.39,500,223.38,300,223.37,300,223.36,200,223.35,100,223.29,100,223.27,300,223.6,400,223.67,100,223.68,100,223.69,300,223.7,200,223.72,600,223.73,500,223.75,400,223.76,100,223.77,100
2026-02-05 09:31:31,223.625,223.63,1,223.56,300,223.69,100,223.69,223.56,223.56,300,223.51,100,223.46,100,223.45,100,223.44,700,223.41,100,223.4,600,223.39,500,223.38,300,223.37,300,223.69,100,223.7,900,223.72,600,223.73,500,223.75,400,223.76,100,223.77,100,223.78,700,223.82,600,223.83,100
2026-02-05 09:31:32,223.26,223.28,1,223.18,500,223.34,600,223.34,223.18,223.18,500,223.15,100,223.09,600,223.04,200,223.03,200,223.0,700,222.89,100,222.81,500,222.8,300,222.79,100,223.34,600,223.39,600,223.4,100,223.41,300,223.43,100,223.44,100,223.45,500,223.47,200,223.48,100,223.49,100
2026-02-05 09:31:33,223.375,223.38,1,223.32,400,223.43,200,223.43,223.32,223.32,400,223.23,300,223.22,100,223.21,300,223.2,300,223.19,300,223.18,500,223.15,100,223.09,600,223.04,200,223.43,200,223.44,900,223.45,500,223.47,200,223.48,100,223.49,100,223.5,100,223.51,400,223.56,100,223.57,600
2026-02-05 09:31:34,223.105,223.05,1,223.08,300,223.13,100,223.13,223.08,223.08,300,223.04,200,223.03,200,223.0,700,222.89,100,222.81,500,222.8,300,222.79,100,222.78,400,222.77,200,223.13,100,223.14,100,223.19,300,223.2,100,223.21,100,223.23,200,223.25,900,223.26,200,223.31,600,223.33,100
2026-02-05 09:31:35,223.13,223.18,1,223.07,200,223.19,400,223.19,223.07,223.07,200,223.05,100,223.04,300,223.03,400,223.02,300,223.0,300,222.99,100,222.98,100,222.97,100,222.96,100,223.19,400,223.2,300,223.21,300,223.22,300,223.23,400,223.24,300,223.25,300,223.26,200,223.37,500,223.38,100
2026-02-05 09:31:36,223.055,223.06,1,222.99,400,223.12,100,223.12,222.99,222.99,400,222.98,100,222.97,100,222.96,100,222.95,200,222.82,600,222.81,500,222.8,300,222.79,100,222.78,400,223.12,100,223.13,100,223.14,300,223.15,200,223.16,800,223.17,100,223.18,300,223.19,600,223.2,300,223.21,300
2026-02-05 09:31:37,222.94,222.93,1,222.86,100,223.02,100,223.02,222.86,222.86,100,222.85,100,222.82,1000,222.81,500,222.8,300,222.79,100,222.78,400,222.77,200,222.76,200,222.72,100,223.02,100,223.03,100,223.04,100,223.05,100,223.06,100,223.07,300,223.12,400,223.13,100,223.14,300,223.15,200
2026-02-05 09:31:38,223.055,223.01,1,222.98,300,223.13,400,223.13,222.98,222.98,300,222.97,100,222.89,700,222.88,600,222.86,100,222.85,100,222.82,1000,222.81,500,222.8,300,222.79,100,223.13,100,223.14,500,223.15,200,223.16,800,223.17,100,223.18,300,223.19,600,223.2,300,223.21,300,223.22,300
2026-02-05 09:31:39,223.03,222.97,1,222.94,600,223.12,300,223.12,222.94,222.94,600,222.93,300,222.92,100,222.91,400,222.9,100,222.88,300,222.87,100,222.86,100,222.85,100,222.82,1000,223.12,300,223.13,400,223.14,500,223.15,200,223.16,800,223.17,100,223.18,300,223.19,600,223.2,300,223.21,300
2026-02-05 09:31:40,223.065,223.09,1,223.01,200,223.12,600,223.12,223.01,223.01,200,223.0,400,222.96,100,222.95,100,222.94,700,222.93,300,222.92,100,222.91,400,222.9,100,222.88,300,223.12,600,223.13,400,223.14,500,223.15,200,223.16,800,223.17,100,223.18,300,223.19,600,223.2,300,223.21,300
2026-02-05 09:31:41,222.96,222.96,2,222.87,400,223.05,100,223.05,222.87,222.87,400,222.85,100,222.84,700,222.82,900,222.81,500,222.8,300,222.79,100,222.78,400,222.77,200,222.76,200,223.05,100,223.07,500,223.09,100,223.1,200,223.11,600,223.12,700,223.13,400,223.14,500,223.15,200,223.16,800
2026-02-05 09:31:42,222.6,222.63,2,222.52,400,222.68,100,222.68,222.52,222.52,400,222.51,1200,222.5,2000,,,,,,,,,,,,,,,222.68,100,222.73,200,222.74,500,222.75,700,222.76,100,222.81,200,222.83,300,222.85,400,222.86,100,222.88,300
2026-02-05 09:31:43,222.74,222.74,5,222.67,100,222.81,400,222.81,222.67,222.67,100,222.65,100,222.64,100,222.63,300,222.61,200,222.57,400,222.55,300,222.51,300,222.5,1000,,,222.81,400,222.84,300,222.86,700,222.87,100,222.92,100,222.93,200,222.94,100,222.96,200,223.0,300,223.01,300
2026-02-05 09:31:44,222.645,222.7,4,222.57,100,222.72,400,222.72,222.57,222.57,100,222.55,800,222.51,300,222.5,1000,,,,,,,,,,,,,222.72,400,222.73,100,222.74,300,222.75,100,222.76,300,222.77,500,222.78,100,222.79,500,222.8,400,222.81,800
2026-02-05 09:31:45,222.65,222.63,1,222.58,400,222.72,600,222.72,222.58,222.58,400,222.57,100,222.56,300,222.55,800,222.51,300,222.5,1000,,,,,,,,,222.72,600,222.74,700,222.75,100,222.76,100,222.77,300,222.78,200,222.79,400,222.81,200,222.82,400,222.83,200
2026-02-05 09:31:46,222.64,222.59,2,222.59,300,222.69,400,222.69,222.59,222.59,300,222.53,100,222.5,900,,,,,,,,,,,,,,,222.69,400,222.71,100,222.72,600,222.74,700,222.75,100,222.76,100,222.77,300,222.78,200,222.79,400,222.81,200
2026-02-05 09:31:47,222.68,222.76,1,222.6,100,222.76,400,222.76,222.6,222.6,100,222.56,100,222.53,100,222.5,900,,,,,,,,,,,,,222.76,400,222.77,600,222.85,1600,222.86,300,222.87,100,222.92,100,222.93,200,222.94,100,222.96,200,223.0,300
2026-02-05 09:31:48,222.665,222.71,1,222.59,100,222.74,500,222.74,222.59,222.59,100,222.56,100,222.53,100,222.5,900,,,,,,,,,,,,,222.74,500,222.77,700,222.85,1600,222.86,300,222.87,100,222.92,100,222.93,200,222.94,100,222.96,200,223.0,300
2026-02-05 09:31:49,222.64,222.59,5,222.58,200,222.7,600,222.7,222.58,222.58,200,222.55,600,222.54,100,222.53,400,222.52,100,222.5,900,,,,,,,,,222.7,600,222.71,100,222.72,300,222.73,600,222.74,500,222.76,100,222.77,700,222.85,1600,222.86,300,222.87,100
2026-02-05 09:31:50,222.61,222.6,1,222.55,700,222.67,300,222.67,222.55,222.55,700,222.54,100,222.53,400,222.52,100,222.5,900,,,,,,,,,,,222.67,300,222.7,800,222.71,100,222.72,300,222.73,600,222.74,500,222.76,100,222.77,700,222.85,1600,222.86,300
2026-02-05 09:31:51,222.9,222.9,1,222.85,300,222.95,600,222.95,222.85,222.85,300,222.84,300,222.78,200,222.77,200,222.75,200,222.74,200,222.72,100,222.67,200,222.64,100,222.63,400,222.95,600,222.96,200,223.0,300,223.01,300,223.05,100,223.08,100,223.09,100,223.1,200,223.11,600,223.12,700
2026-02-05 09:31:52,222.915,222.88,1,222.86,100,222.97,800,222.97,222.86,222.86,100,222.85,400,222.83,100,222.81,500,222.78,200,222.77,200,222.75,200,222.74,200,222.72,100,222.67,200,222.97,800,222.98,600,222.99,800,223.0,300,223.01,300,223.05,100,223.08,100,223.09,100,223.1,200,223.11,600
2026-02-05 09:31:53,222.95,222.98,1,222.9,500,223.0,600,223.0,222.9,222.9,500,222.88,100,222.86,300,222.85,200,222.79,200,222.76,400,222.75,500,222.74,400,222.72,100,222.67,200,223.0,600,223.01,300,223.05,100,223.08,100,223.09,100,223.1,200,223.11,600,223.12,700,223.13,400,223.14,500
2026-02-05 09:31:54,222.935,222.88,1,222.88,200,222.99,600,222.99,222.88,222.88,200,222.84,100,222.83,200,222.81,100,222.8,100,222.79,100,222.78,500,222.77,100,222.76,400,222.75,500,222.99,600,223.0,700,223.01,300,223.05,100,223.08,100,223.09,100,223.1,200,223.11,600,223.12,700,223.13,400
2026-02-05 09:31:55,222.735,222.67,5,222.67,100,222.8,100,222.8,222.67,222.67,100,222.66,100,222.65,100,222.64,100,222.63,400,222.61,600,222.6,200,222.58,100,222.57,1000,222.56,700,222.8,100,222.82,100,222.83,600,222.84,200,222.85,1100,222.9,200,222.95,100,222.96,100,222.98,500,222.99,300
2026-02-05 09:31:56,222.7,222.65,1,222.65,300,222.75,200,222.75,222.65,222.65,300,222.64,100,222.63,400,222.61,600,222.6,200,222.58,100,222.57,1000,222.56,700,222.55,700,222.54,100,222.75,200,222.76,300,222.77,500,222.78,300,222.82,1000,222.83,600,222.84,200,222.85,1100,222.9,200,222.95,100
2026-02-05 09:31:57,222.655,222.74,1,222.59,900,222.72,300,222.72,222.59,222.59,900,222.58,100,222.57,1000,222.56,700,222.55,700,222.54,100,222.53,400,222.52,100,222.5,900,,,222.72,300,222.73,300,222.76,200,222.8,500,222.81,600,222.82,1400,222.83,600,222.84,200,222.85,1100,222.9,200
2026-02-05 09:31:58,222.275,222.22,2,222.22,400,222.33,200,222.33,222.22,222.22,400,222.21,300,,,,,,,,,,,,,,,,,222.33,200,222.34,1100,222.36,300,222.37,1300,222.38,400,222.39,300,222.4,400,222.41,200,222.42,100,222.44,600
2026-02-05 09:31:59,222.23,222.22,1,222.2,400,222.26,500,222.26,222.2,222.2,400,,,,,,,,,,,,,,,,,,,222.26,500,222.27,400,222.28,400,222.29,400,222.3,400,222.31,1100,222.36,700,222.37,3800,222.38,400,222.39,300
2026-02-05 09:32:00,221.91,221.93,1,221.85,100,221.97,700,222.01,221.87,221.85,100,221.83,100,221.82,100,221.81,100,221.8,100,221.79,100,221.78,100,221.77,500,221.76,200,,,221.97,700,221.98,400,221.99,100,222.01,700,222.02,500,222.03,600,222.04,600,222.05,300,222.06,400,222.08,400
2026-02-05 09:32:01,221.835,221.8,1,221.76,500,221.93,400,221.93,221.76,221.76,500,,,,,,,,,,,,,,,,,,,221.91,100,221.92,100,221.93,100,221.94,100,221.95,100,221.96,100,221.97,100,221.98,100,221.99,100,222.0,100
2026-02-05 09:32:02,221.89,221.91,1,221.8,500,221.98,100,221.98,221.8,221.8,500,221.77,400,221.76,500,,,,,,,,,,,,,,,221.98,100,221.99,900,222.0,300,222.02,300,222.03,500,222.04,100,222.05,500,222.08,300,222.09,300,222.1,900
2026-02-05 09:32:03,221.62,221.62,2,221.57,500,221.67,700,221.67,221.57,221.57,500,221.56,400,,,,,,,,,,,,,,,,,221.67,700,221.72,100,221.74,300,221.76,400,221.77,100,221.78,200,221.79,500,221.81,500,221.83,200,221.89,100
2026-02-05 09:32:04,221.755,221.75,1,221.68,300,221.83,200,221.83,221.68,221.68,300,221.65,100,221.62,200,221.6,100,221.59,100,221.57,900,221.56,400,,,,,,,221.83,200,221.84,200,221.85,100,221.86,600,221.87,300,221.88,100,221.89,100,221.9,700,221.92,400,221.93,800
2026-02-05 09:32:05,221.8,221.8,1,221.73,700,221.87,100,221.87,221.73,221.73,700,221.7,100,221.69,1000,221.68,900,221.65,100,221.62,200,221.6,100,221.59,100,221.57,900,221.56,400,221.87,100,221.88,300,221.89,1200,221.9,700,221.92,400,221.93,800,221.94,100,221.96,1200,221.97,900,221.98,100
2026-02-05 09:32:06,221.64,221.58,1,221.56,800,221.72,300,221.72,221.56,221.56,800,,,,,,,,,,,,,,,,,,,221.72,300,221.73,400,221.74,400,221.75,600,221.77,300,221.78,300,221.79,100,221.8,100,221.82,400,221.83,100
2026-02-05 09:32:07,221.61,221.56,1,221.55,900,221.67,800,221.67,221.55,221.55,900,,,,,,,,,,,,,,,,,,,221.67,800,221.68,300,221.69,500,221.7,400,221.71,500,221.73,1600,221.74,800,221.75,600,221.77,300,221.78,300
2026-02-05 09:32:08,221.66,221.67,1,221.59,700,221.73,1100,221.73,221.59,221.59,700,221.58,100,221.56,500,221.55,1000,,,,,,,,,,,,,221.73,1100,221.74,800,221.75,600,221.77,300,221.78,300,221.79,100,221.8,100,221.82,400,221.83,100,221.84,300
2026-02-05 09:32:09,221.82,221.82,1,221.75,300,221.89,1100,221.89,221.75,221.75,300,221.74,200,221.66,800,221.6,100,221.59,500,221.58,100,221.56,500,221.55,1000,,,,,221.89,1100,221.9,700,221.92,400,221.93,800,221.94,100,221.96,1200,221.97,900,221.98,100,221.99,900,222.0,300
2026-02-05 09:32:10,221.84,221.84,1,221.74,200,221.94,200,221.94,221.74,221.74,200,221.73,100,221.72,400,221.71,300,221.69,200,221.67,300,221.66,500,221.6,100,221.59,500,221.58,100,221.94,200,221.96,1200,221.97,900,221.98,100,221.99,900,222.0,300,222.02,300,222.03,500,222.04,100,222.05,500
2026-02-05 09:32:11,221.815,221.76,2,221.7,700,221.93,100,221.93,221.7,221.7,700,221.66,600,221.6,100,221.59,500,221.58,100,221.56,500,221.55,1000,,,,,,,221.93,100,221.94,300,221.95,300,221.96,1200,221.97,900,221.98,100,221.99,900,222.0,300,222.02,300,222.03,500
2026-02-05 09:32:12,221.815,221.81,3,221.75,200,221.88,100,221.88,221.75,221.75,200,221.73,400,221.7,800,221.66,600,221.6,100,221.59,500,221.58,100,221.56,500,221.55,1000,,,221.88,100,221.89,500,221.9,200,221.93,100,221.94,300,221.95,300,221.96,1200,221.97,900,221.98,100,221.99,900
2026-02-05 09:32:13,221.92,221.83,3,221.82,1500,222.02,700,222.02,221.82,221.82,1500,221.75,200,221.73,400,221.7,800,221.66,600,221.6,100,221.59,500,221.58,100,221.56,500,221.55,1000,222.02,700,222.03,300,222.08,400,222.09,300,222.1,900,222.11,500,222.12,700,222.14,700,222.15,500,222.16,600
2026-02-05 09:32:14,221.88,221.89,2,221.83,200,221.93,800,221.93,221.83,221.83,200,221.82,900,221.75,200,221.73,400,221.7,800,221.66,600,221.6,100,221.59,500,221.58,100,221.56,500,221.93,800,221.94,100,221.95,700,221.96,300,221.97,300,221.98,100,221.99,700,222.0,100,222.02,700,222.03,300
2026-02-05 09:32:15,221.7,221.7,1,221.6,500,221.8,500,221.8,221.6,221.6,500,221.59,500,221.58,100,221.56,500,221.55,1000,,,,,,,,,,,221.8,500,221.81,100,221.84,300,221.86,100,221.88,100,221.92,100,221.93,900,221.94,100,221.95,700,221.96,300
2026-02-05 09:32:16,221.71,221.71,1,221.64,300,221.78,600,221.78,221.64,221.64,300,221.63,500,221.62,500,221.61,500,221.6,400,221.59,500,221.58,100,221.56,500,221.55,1000,,,221.78,600,221.79,300,221.8,100,221.81,400,221.82,900,221.84,300,221.86,100,221.88,100,221.92,100,221.93,900
2026-02-05 09:32:17,221.68,221.68,1,221.61,800,221.75,300,221.75,221.61,221.61,800,221.6,400,221.59,500,221.58,100,221.56,500,221.55,1000,,,,,,,,,221.75,300,221.76,700,221.77,800,221.78,700,221.82,1000,221.84,300,221.86,100,221.88,100,221.92,100,221.93,900
2026-02-05 09:32:18,221.94,221.96,1,221.94,100,222.0,200,222.0,221.94,221.88,300,221.87,200,221.8,700,221.76,500,221.75,800,221.72,300,221.71,500,221.7,400,221.68,100,221.67,100,222.0,200,222.02,700,222.03,300,222.08,400,222.09,300,222.1,900,222.11,500,222.12,700,222.14,700,222.15,500
2026-02-05 09:32:19,221.93,221.93,2,221.82,600,222.04,400,222.04,221.82,221.82,600,221.8,300,221.78,600,221.76,500,221.75,800,221.72,300,221.71,500,221.7,400,221.68,100,221.67,100,222.04,400,222.05,100,222.06,300,222.07,400,222.09,100,222.1,200,222.11,900,222.12,700,222.14,700,222.15,500
2026-02-05 09:32:20,221.885,221.89,1,221.82,800,221.95,400,221.95,221.82,221.82,800,221.8,300,221.78,600,221.76,500,221.75,800,221.72,300,221.71,500,221.7,400,221.68,100,221.67,100,221.95,400,221.96,200,221.97,800,221.98,100,221.99,100,222.0,100,222.01,100,222.03,700,222.04,700,222.05,100
2026-02-05 09:32:21,222.52,222.39,1,222.4,500,222.64,100,222.64,222.4,222.4,500,222.39,700,222.37,200,222.36,200,222.35,300,222.32,900,222.31,300,222.23,200,222.2,200,222.19,600,222.64,100,222.65,100,222.66,300,222.67,100,222.69,300,222.7,100,222.71,100,222.75,100,222.77,100,222.79,400
2026-02-05 09:32:22,222.525,222.53,1,222.42,100,222.63,100,222.63,222.42,222.42,100,222.4,500,222.39,1000,222.37,200,222.36,200,222.35,300,222.32,900,222.31,300,222.23,200,222.2,200,222.63,100,222.64,100,222.65,100,222.66,300,222.67,100,222.68,200,222.7,200,222.71,100,222.75,100,222.77,100
2026-02-05 09:32:23,222.62,222.65,1,222.56,200,222.68,400,222.68,222.56,222.56,200,222.54,600,222.45,100,222.43,700,222.42,400,222.4,500,222.39,1000,222.37,200,222.36,200,222.35,300,222.68,400,222.69,100,222.7,200,222.71,100,222.75,100,222.77,100,222.79,400,222.84,300,222.85,1100,222.9,200
2026-02-05 09:32:24,222.465,222.42,1,222.42,500,222.51,400,222.51,222.42,222.42,500,222.4,500,222.39,1000,222.37,200,222.36,200,222.35,300,222.32,900,222.31,300,222.23,200,222.2,200,222.51,400,222.58,100,222.6,100,222.61,100,222.62,100,222.63,100,222.64,500,222.65,400,222.68,400,222.69,100
2026-02-05 09:32:25,222.5,222.48,1,222.42,600,222.58,100,222.58,222.42,222.42,600,222.4,500,222.39,1000,222.37,200,222.36,200,222.35,300,222.32,900,222.31,300,222.23,200,222.2,200,222.58,100,222.59,100,222.6,100,222.61,100,222.64,600,222.65,600,222.68,400,222.69,100,222.7,200,222.71,100
2026-02-05 09:32:26,222.545,222.54,2,222.45,600,222.64,700,222.64,222.45,222.45,600,222.44,300,222.43,100,222.42,600,222.4,500,222.39,1000,222.37,200,222.36,200,222.35,300,222.32,900,222.64,700,222.65,500,222.66,100,222.67,300,222.69,300,222.7,200,222.71,100,222.75,100,222.77,100,222.79,400
2026-02-05 09:32:27,222.29,222.32,5,222.19,2600,222.39,100,222.39,222.19,222.19,2600,222.18,800,222.14,100,222.08,400,222.07,300,222.05,100,222.02,200,221.94,800,221.91,100,221.87,300,222.39,100,222.44,200,222.45,600,222.46,200,222.47,300,222.48,300,222.49,400,222.5,100,222.51,100,222.52,100
2026-02-05 09:32:28,222.295,222.31,1,222.2,300,222.39,100,222.39,222.2,222.2,300,222.19,400,222.11,500,222.09,300,222.07,400,222.05,100,222.02,200,221.94,800,221.91,100,221.87,300,222.39,100,222.4,100,222.41,100,222.47,200,222.5,500,222.51,600,222.52,200,222.53,100,222.54,100,222.55,100
2026-02-05 09:32:29,222.54,222.55,1,222.44,400,222.64,300,222.64,222.44,222.44,400,222.43,500,222.41,100,222.4,100,222.39,600,222.38,800,222.37,700,222.36,400,222.31,100,222.3,700,222.64,300,222.65,400,222.67,200,222.68,100,222.69,400,222.7,200,222.71,100,222.75,100,222.77,100,222.79,400
2026-02-05 09:32:30,222.51,222.51,1,222.41,300,222.61,100,222.61,222.41,222.41,300,222.4,400,222.39,1100,222.38,800,222.37,700,222.36,400,222.31,100,222.3,700,222.27,200,222.26,500,222.61,100,222.62,500,222.63,700,222.64,200,222.65,400,222.67,200,222.68,100,222.69,400,222.7,200,222.71,100
2026-02-05 09:32:31,222.655,222.66,2,222.55,400,222.75,100,222.75,222.55,222.55,400,222.47,100,222.46,100,222.45,100,222.42,400,222.41,300,222.4,400,222.39,1100,222.38,800,222.37,700,222.76,300,222.77,500,222.78,500,222.82,500,222.83,500,222.84,300,222.85,1100,222.9,200,222.95,100,222.96,100
2026-02-05 09:32:32,222.81,222.77,1,222.73,400,222.89,700,222.89,222.73,222.73,400,222.7,100,222.69,100,222.68,100,222.67,100,222.57,100,222.56,300,222.55,700,222.47,100,222.46,100,222.89,700,222.9,200,222.95,100,222.96,100,222.98,500,222.99,300,223.0,200,223.01,200,223.05,100,223.08,100
2026-02-05 09:32:33,222.83,222.87,1,222.72,100,222.94,400,222.94,222.72,222.72,100,222.71,200,222.7,200,222.69,300,222.67,100,222.63,100,222.6,100,222.58,400,222.57,300,222.56,700,222.94,400,222.95,100,222.96,100,222.98,500,222.99,300,223.0,200,223.01,200,223.05,100,223.08,100,223.09,100
2026-02-05 09:32:34,222.835,222.89,1,222.74,400,222.93,500,222.93,222.74,222.74,400,222.72,100,222.71,200,222.7,200,222.69,300,222.67,100,222.63,100,222.6,100,222.58,400,222.57,300,222.93,500,222.94,500,222.95,100,222.96,100,222.98,500,222.99,300,223.0,200,223.01,200,223.05,100,223.08,100
2026-02-05 09:32:35,222.805,222.74,1,222.74,1200,222.87,200,222.87,222.74,222.74,1200,222.73,100,222.72,100,222.71,200,222.7,200,222.69,300,222.67,100,222.63,100,222.6,100,222.58,400,222.87,200,222.88,400,222.89,300,222.9,200,222.92,300,222.93,600,222.94,500,222.95,100,222.96,100,222.98,500
2026-02-05 09:32:36,222.775,222.8,1,222.72,100,222.83,200,222.83,222.72,222.72,100,222.69,700,222.67,100,222.65,200,222.64,300,222.62,100,222.61,100,222.6,500,222.59,700,222.58,300,222.83,200,222.84,600,222.85,1100,222.86,100,222.87,400,222.88,400,222.89,300,222.9,200,222.92,300,222.93,600
2026-02-05 09:32:37,222.375,222.38,1,222.25,100,222.5,100,222.5,222.25,222.25,100,222.24,100,222.22,100,222.21,100,222.2,700,222.19,400,222.11,500,222.09,300,222.07,400,222.05,100,222.5,100,222.51,200,222.54,100,222.55,100,222.57,400,222.58,100,222.59,600,222.6,100,222.61,100,222.62,100
2026-02-05 09:32:38,222.625,222.52,2,222.56,100,222.69,200,222.69,222.56,222.56,100,222.55,200,222.52,100,222.51,700,222.48,100,222.45,100,222.44,700,222.37,300,222.36,500,222.35,200,222.69,200,222.7,400,222.71,500,222.72,500,222.77,500,222.79,300,222.8,200,222.82,300,222.83,500,222.84,600
2026-02-05 09:32:39,222.705,222.72,1,222.62,100,222.79,200,222.79,222.62,222.62,100,222.61,100,222.6,100,222.59,100,222.58,400,222.56,200,222.53,100,222.51,900,222.48,100,222.45,100,222.79,200,222.8,100,222.85,300,222.86,300,222.9,400,222.92,300,222.93,600,222.94,500,222.95,100,222.96,100
2026-02-05 09:32:40,222.69,222.66,1,222.62,600,222.76,400,222.76,222.62,222.62,600,222.57,700,222.56,200,222.53,100,222.51,900,222.48,100,222.45,100,222.44,700,222.37,300,222.36,500,222.76,400,222.77,100,222.78,100,222.79,900,222.8,100,222.85,300,222.86,300,222.9,400,222.92,300,222.93,600
2026-02-05 09:32:41,222.825,222.91,1,222.75,800,222.9,900,222.9,222.75,222.75,800,222.74,500,222.73,100,222.72,100,222.71,100,222.7,700,222.69,600,222.68,200,222.67,100,222.65,100,222.9,900,222.91,300,222.92,500,222.94,100,222.95,300,222.97,100,222.98,1000,222.99,300,223.0,200,223.01,200
2026-02-05 09:32:42,222.795,222.78,1,222.74,400,222.85,300,222.85,222.74,222.74,400,222.7,200,222.69,400,222.68,200,222.67,100,222.66,200,222.65,100,222.62,200,222.57,100,222.56,400,222.85,300,222.9,900,222.91,300,222.92,500,222.94,100,222.95,300,222.97,100,222.98,1000,222.99,300,223.0,200
2026-02-05 09:32:43,222.61,222.61,1,222.55,100,222.67,200,222.67,222.55,222.55,100,222.53,100,222.51,900,222.48,100,222.45,100,222.44,700,222.37,300,222.36,500,222.35,200,222.34,300,222.67,200,222.7,100,222.79,500,222.8,200,222.82,700,222.83,200,222.84,200,222.85,300,222.9,900,222.91,300
2026-02-05 09:32:44,222.68,222.71,1,222.64,400,222.72,200,222.72,222.64,222.64,400,222.63,200,222.6,200,222.55,200,222.54,300,222.5,200,222.44,100,222.42,300,222.41,300,222.4,300,222.72,200,222.73,400,222.74,500,222.76,400,222.78,400,222.87,600,222.88,700,222.89,700,222.9,200,222.91,400
2026-02-05 09:32:45,222.63,222.63,1,222.57,100,222.69,200,222.69,222.57,222.57,100,222.55,200,222.52,100,222.5,200,222.44,100,222.42,300,222.41,300,222.4,300,222.39,300,222.38,300,222.69,200,222.71,400,222.72,400,222.75,100,222.76,400,222.78,400,222.87,600,222.88,700,222.89,700,222.9,200
2026-02-05 09:32:46,222.57,222.57,1,222.51,300,222.63,500,222.63,222.51,222.51,300,222.5,300,222.44,100,222.42,300,222.41,300,222.4,300,222.39,300,222.38,300,222.37,100,222.36,100,222.63,500,222.66,100,222.67,100,222.68,200,222.69,800,222.71,400,222.72,400,222.75,100,222.76,400,222.78,400
2026-02-05 09:32:47,222.46,222.45,1,222.4,900,222.52,100,222.52,222.4,222.4,900,222.39,300,222.38,300,222.37,100,222.36,100,222.35,600,222.31,300,222.25,600,222.24,100,222.22,100,222.52,100,222.53,100,222.55,100,222.56,100,222.57,100,222.58,400,222.61,100,222.63,800,222.66,100,222.67,100
2026-02-05 09:32:48,222.585,222.6,1,222.51,400,222.66,600,222.66,222.56,222.51,400,222.46,600,222.43,300,222.41,700,222.4,900,222.39,300,222.38,300,222.37,100,222.36,100,222.35,600,222.66,600,222.67,100,222.68,200,222.69,800,222.71,400,222.72,400,222.75,100,222.76,400,222.78,400,222.87,600
2026-02-05 09:32:49,222.6,222.56,1,222.54,400,222.66,400,222.66,222.54,222.54,400,222.53,200,222.52,200,222.51,200,222.5,400,222.46,600,222.45,200,222.43,300,222.41,700,222.4,900,222.66,400,222.67,100,222.68,100,222.69,100,222.7,600,222.71,700,222.72,400,222.75,100,222.76,400,222.78,400
2026-02-05 09:32:50,222.355,222.38,1,222.31,200,222.4,300,222.4,222.31,222.31,200,222.25,600,222.24,100,222.22,100,222.21,100,222.2,700,222.19,400,222.11,500,222.09,300,222.07,400,222.4,300,222.44,100,222.47,200,222.49,100,222.54,300,222.56,300,222.59,100,222.6,300,222.67,500,222.68,100
2026-02-05 09:32:51,222.55,222.55,1,222.47,100,222.63,500,222.63,222.47,222.47,100,222.46,100,222.45,300,222.44,300,222.43,200,222.42,400,222.39,100,222.38,200,222.37,100,222.36,300,222.63,500,222.64,700,222.67,500,222.68,100,222.69,100,222.7,600,222.71,700,222.72,400,222.75,100,222.76,400
2026-02-05 09:32:52,222.575,222.55,1,222.5,100,222.65,600,222.65,222.5,222.5,100,222.48,500,222.47,400,222.46,200,222.45,400,222.44,300,222.43,200,222.42,400,222.39,100,222.38,200,222.65,600,222.67,1600,222.68,100,222.69,100,222.7,600,222.71,700,222.72,400,222.75,100,222.76,400,222.78,400
2026-02-05 09:32:53,222.63,222.64,1,222.57,200,222.69,200,222.69,222.57,222.57,200,222.56,400,222.55,200,222.54,100,222.53,100,222.51,400,222.48,300,222.47,700,222.46,200,222.45,400,222.69,200,222.7,500,222.71,700,222.72,400,222.75,100,222.76,400,222.78,400,222.87,600,222.88,700,222.89,700
2026-02-05 09:32:54,222.635,222.69,1,222.56,1000,222.71,100,222.71,222.56,222.56,1000,222.55,200,222.54,100,222.53,100,222.51,400,222.48,300,222.47,700,222.46,200,222.45,400,222.44,300,222.71,100,222.72,400,222.73,300,222.74,300,222.75,400,222.76,400,222.78,400,222.87,600,222.88,700,222.89,700
2026-02-05 09:32:55,222.72,222.74,1,222.7,100,222.74,200,222.74,222.7,222.7,100,222.66,100,222.65,100,222.64,800,222.61,100,222.6,200,222.59,100,222.58,200,222.57,100,222.56,1000,222.74,200,222.75,500,222.76,400,222.78,400,222.87,600,222.88,700,222.89,700,222.9,200,222.91,400,222.92,600
2026-02-05 09:32:56,222.925,222.92,3,222.86,100,222.99,700,222.99,222.86,222.86,100,222.85,300,222.84,100,222.83,100,222.82,100,222.81,100,222.8,200,222.79,100,222.78,100,222.76,300,222.99,700,223.0,200,223.01,200,223.05,100,223.08,100,223.09,100,223.1,200,223.11,600,223.12,700,223.13,400
2026-02-05 09:32:57,223.225,223.2,2,223.16,500,223.29,600,223.29,223.16,223.16,500,223.15,400,223.14,200,223.12,400,223.11,100,223.09,1000,223.08,300,223.06,500,223.05,500,223.04,200,223.29,600,223.37,500,223.38,100,223.39,100,223.4,300,223.43,600,223.44,900,223.45,500,223.47,200,223.48,100
2026-02-05 09:32:58,223.25,223.25,1,223.16,100,223.34,500,223.34,223.16,223.16,100,223.15,600,223.14,100,223.13,400,223.12,300,223.11,100,223.09,1000,223.08,300,223.06,500,223.05,500,223.34,500,223.35,200,223.37,100,223.38,400,223.42,200,223.43,600,223.44,900,223.45,500,223.47,200,223.48,100
2026-02-05 09:32:59,223.21,223.23,2,223.16,100,223.26,500,223.26,223.16,223.16,100,223.15,1200,223.04,100,223.03,100,223.0,2800,222.98,100,222.97,200,222.96,500,222.94,100,222.91,500,223.26,500,223.29,800,223.3,600,223.32,200,223.33,100,223.43,600,223.44,900,223.45,500,223.47,200,223.48,100
2026-02-05 09:33:00,223.105,223.07,1,223.02,200,223.19,700,223.19,223.02,223.02,200,223.01,1000,223.0,2700,222.98,100,222.97,200,222.96,500,222.94,100,222.91,500,222.88,500,222.82,500,223.19,700,223.21,300,223.26,500,223.29,800,223.3,600,223.32,200,223.33,100,223.43,600,223.44,900,223.45,500
2026-02-05 09:33:01,223.24,223.22,1,223.21,400,223.27,100,223.27,223.21,223.21,400,223.17,300,223.16,200,223.15,100,223.14,500,223.12,500,223.11,100,223.09,100,223.03,100,223.02,300,223.27,100,223.29,800,223.3,600,223.32,200,223.33,100,223.43,600,223.44,900,223.45,500,223.47,200,223.48,100
2026-02-05 09:33:02,223.205,223.21,1,223.15,100,223.26,300,223.26,223.15,223.15,100,223.14,100,223.13,100,223.12,300,223.11,100,223.1,100,223.09,100,223.07,200,223.03,100,223.02,300,223.26,300,223.27,500,223.29,800,223.3,600,223.32,200,223.33,100,223.43,600,223.44,900,223.45,500,223.47,200
2026-02-05 09:33:03,223.31,223.31,2,223.21,100,223.41,400,223.41,223.21,223.21,100,223.2,200,223.19,100,223.18,400,223.17,500,223.16,100,223.15,100,223.14,100,223.13,100,223.12,300,223.41,400,223.42,200,223.43,1000,223.44,900,223.45,500,223.47,200,223.48,100,223.49,100,223.5,100,223.51,400
2026-02-05 09:33:04,223.16,223.16,1,223.12,300,223.2,300,223.2,223.12,223.12,300,223.11,100,223.1,100,223.09,100,223.07,200,223.03,100,223.02,300,223.01,1000,223.0,2700,222.98,100,223.2,300,223.21,100,223.3,100,223.33,100,223.36,300,223.37,400,223.38,400,223.39,100,223.41,500,223.42,200
2026-02-05 09:33:05,223.19,223.13,1,223.14,500,223.24,100,223.24,223.14,223.14,500,223.11,300,223.04,200,223.03,100,223.02,100,223.01,700,223.0,2700,222.98,100,222.97,200,222.96,500,223.24,100,223.25,100,223.28,100,223.29,100,223.3,100,223.31,100,223.32,100,223.33,400,223.34,100,223.35,100
2026-02-05 09:33:06,223.43,223.45,2,223.36,600,223.5,200,223.5,223.36,223.36,600,223.33,200,223.31,100,223.3,400,223.29,100,223.26,300,223.25,100,223.24,100,223.23,200,223.21,100,223.5,200,223.51,400,223.56,100,223.57,600,223.59,100,223.61,300,223.62,400,223.63,100,223.65,100,223.66,100
2026-02-05 09:33:07,223.34,223.34,1,223.25,200,223.43,200,223.43,223.25,223.25,200,223.24,100,223.23,200,223.21,100,223.17,100,223.15,300,223.14,500,223.11,300,223.04,200,223.03,100,223.43,200,223.44,100,223.45,100,223.47,400,223.48,100,223.5,100,223.51,400,223.58,100,223.59,100,223.61,300
2026-02-05 09:33:08,223.225,223.25,1,223.19,300,223.26,100,223.26,223.19,223.19,300,223.17,100,223.15,300,223.14,500,223.11,300,223.04,200,223.03,100,223.02,100,223.01,700,223.0,2700,223.26,100,223.31,100,223.34,400,223.35,100,223.41,300,223.42,300,223.43,500,223.44,100,223.45,100,223.47,400
2026-02-05 09:33:09,223.265,223.14,4,223.19,100,223.34,200,223.34,223.19,223.19,100,223.18,300,223.17,300,223.11,200,223.1,300,223.09,300,223.08,100,223.07,100,223.06,100,223.05,100,223.34,200,223.36,100,223.41,300,223.42,300,223.43,500,223.44,100,223.45,100,223.47,400,223.48,100,223.5,100
2026-02-05 09:33:10,223.225,223.49,1,223.14,100,223.31,100,223.31,223.14,223.14,100,223.13,100,223.12,500,223.11,200,223.1,300,223.09,300,223.08,100,223.07,100,223.06,100,223.05,100,223.31,100,223.33,100,223.34,300,223.36,100,223.41,300,223.42,300,223.43,500,223.44,100,223.45,100,223.47,400
2026-02-05 09:33:11,223.185,223.2,3,223.1,700,223.27,200,223.27,223.1,223.1,700,223.09,300,223.08,100,223.07,100,223.06,100,223.05,100,223.04,100,223.03,300,223.01,700,223.0,2700,223.27,200,223.29,100,223.31,200,223.33,100,223.34,300,223.36,100,223.41,300,223.42,300,223.43,500,223.44,100
2026-02-05 09:33:12,222.87,222.88,47,222.79,100,222.95,500,222.95,222.79,222.79,100,222.76,400,222.74,600,222.73,300,222.72,200,222.71,700,222.7,400,222.69,400,222.66,100,222.65,100,222.95,500,222.96,200,222.98,200,222.99,200,223.0,200,223.01,300,223.06,100,223.11,400,223.17,200,223.19,1300
2026-02-05 09:33:13,222.68,222.65,1,222.6,500,222.76,300,222.76,222.6,222.6,500,222.54,400,222.5,600,222.49,200,222.47,200,222.45,200,222.43,700,222.42,400,222.39,100,222.38,200,222.76,300,222.78,500,222.79,100,222.8,600,222.81,200,222.82,100,222.84,200,222.89,100,222.9,400,222.91,100
2026-02-05 09:33:14,222.685,222.75,1,222.61,600,222.76,300,222.76,222.61,222.61,600,222.6,500,222.54,400,222.5,600,222.49,200,222.47,200,222.45,200,222.43,700,222.42,400,222.39,100,222.76,300,222.77,100,222.78,500,222.79,100,222.8,600,222.81,200,222.82,100,222.84,200,222.89,100,222.9,400
2026-02-05 09:33:15,222.685,222.69,1,222.61,900,222.76,400,222.76,222.61,222.61,900,222.6,500,222.54,400,222.5,600,222.49,200,222.47,200,222.45,200,222.43,700,222.42,400,222.39,100,222.76,400,222.77,100,222.78,500,222.79,100,222.8,600,222.81,200,222.82,100,222.84,200,222.89,100,222.9,400
2026-02-05 09:33:16,222.635,222.5,1,222.56,100,222.71,200,222.71,222.56,222.56,100,222.5,300,222.49,100,222.44,100,222.43,700,222.42,400,222.39,100,222.38,200,222.37,100,222.36,300,222.71,200,222.72,100,222.74,100,222.76,600,222.77,100,222.78,500,222.79,100,222.8,600,222.81,200,222.82,100
2026-02-05 09:33:17,222.565,222.59,1,222.53,100,222.6,500,222.6,222.53,222.53,100,222.52,100,222.49,300,222.48,500,222.45,300,222.44,300,222.43,700,222.42,400,222.39,100,222.38,200,222.6,500,222.68,1200,222.7,100,222.71,200,222.72,100,222.74,100,222.76,600,222.77,100,222.78,500,222.79,100
2026-02-05 09:33:18,222.555,222.56,1,222.43,700,222.68,400,222.68,222.5,222.43,700,222.42,400,222.39,100,222.38,200,222.37,100,222.36,300,222.35,200,222.32,700,222.31,200,222.25,600,222.68,400,222.7,100,222.71,200,222.72,100,222.74,100,222.76,600,222.77,100,222.78,500,222.79,100,222.8,600
2026-02-05 09:33:19,222.555,222.63,5,222.47,1000,222.64,100,222.64,222.47,222.47,1000,222.43,700,222.42,400,222.39,100,222.38,200,222.37,100,222.36,300,222.35,200,222.32,700,222.31,200,222.64,100,222.65,100,222.68,300,222.7,100,222.71,200,222.72,100,222.74,100,222.76,600,222.77,100,222.78,500
2026-02-05 09:33:20,222.87,222.92,10,222.77,400,222.97,100,222.97,222.77,222.77,400,222.76,600,222.74,100,222.72,500,222.7,600,222.68,100,222.66,100,222.64,600,222.61,100,222.55,700,222.97,100,222.99,300,223.0,300,223.01,300,223.06,100,223.11,400,223.17,200,223.19,1300,223.22,100,223.25,200
2026-02-05 09:33:21,222.81,222.73,1,222.72,500,222.9,100,222.9,222.72,222.72,500,222.7,600,222.68,100,222.66,100,222.64,600,222.61,100,222.55,700,222.54,900,222.53,100,222.52,100,222.9,100,222.91,300,222.92,100,222.95,100,222.96,100,222.97,100,222.99,400,223.0,300,223.01,300,223.06,100
2026-02-05 09:33:22,222.835,222.89,2,222.76,200,222.91,400,222.91,222.76,222.76,200,222.75,500,222.74,100,222.73,200,222.72,1200,222.7,600,222.68,100,222.66,100,222.64,600,222.61,100,222.91,400,222.92,100,222.95,100,222.96,100,222.97,100,222.99,400,223.0,300,223.01,300,223.06,100,223.11,400
2026-02-05 09:33:23,222.895,222.91,1,222.8,600,222.99,500,222.99,222.8,222.8,600,222.79,300,222.78,500,222.77,100,222.76,500,222.75,500,222.74,100,222.73,200,222.72,1200,222.7,600,222.99,500,223.0,300,223.01,300,223.06,100,223.11,400,223.17,200,223.19,1300,223.22,100,223.25,200,223.26,100
2026-02-05 09:33:24,222.785,222.79,1,222.74,300,222.91,100,222.91,222.78,222.74,300,222.72,1100,222.7,600,222.68,100,222.66,100,222.64,600,222.61,100,222.55,700,222.54,900,222.53,100,222.83,100,222.91,100,222.92,200,222.93,100,222.94,400,222.95,200,222.96,300,222.98,100,222.99,500,223.0,300
2026-02-05 09:33:25,222.895,222.89,1,222.79,300,223.0,300,223.0,222.79,222.79,300,222.78,400,222.77,500,222.76,100,222.73,300,222.72,1100,222.7,600,222.68,100,222.66,100,222.64,600,223.0,300,223.01,200,223.06,100,223.11,400,223.17,200,223.19,1300,223.22,100,223.25,200,223.26,100,223.27,300
2026-02-05 09:33:26,222.885,222.92,1,222.81,800,222.95,200,222.95,222.81,222.82,200,222.81,900,222.8,1000,222.79,600,222.78,800,222.77,500,222.76,100,222.73,300,222.72,1100,222.7,600,222.95,200,222.96,100,222.97,100,223.0,300,223.01,200,223.06,100,223.11,400,223.17,200,223.19,1300,223.22,100
2026-02-05 09:33:27,222.94,222.97,1,222.91,100,222.97,300,222.97,222.91,222.91,100,222.88,100,222.86,200,222.85,300,222.84,700,222.8,200,222.78,200,222.77,100,222.76,200,222.75,300,222.97,300,222.98,100,223.0,300,223.01,200,223.06,100,223.11,400,223.17,200,223.19,1300,223.22,100,223.25,200
2026-02-05 09:33:28,222.91,222.85,1,222.8,700,222.91,100,222.91,222.8,222.86,700,222.85,300,222.84,700,222.8,200,222.78,200,222.77,100,222.76,200,222.75,300,222.72,300,222.71,200,222.96,200,223.0,300,223.01,200,223.06,100,223.11,400,223.17,200,223.19,1300,223.22,100,223.25,200,223.26,100
2026-02-05 09:33:29,222.87,222.87,1,222.84,500,222.9,100,222.9,222.84,222.84,500,222.83,1100,222.81,500,222.8,700,222.78,200,222.77,100,222.76,200,222.75,300,222.72,300,222.71,200,222.9,100,222.96,700,223.0,300,223.01,200,223.06,100,223.11,400,223.17,200,223.19,1300,223.22,100,223.25,200
2026-02-05 09:33:30,222.77,222.77,1,222.68,100,222.86,300,222.86,222.68,222.68,100,222.66,800,222.64,600,222.61,100,222.55,700,222.54,900,222.53,100,222.52,100,222.51,100,222.5,100,222.86,300,222.87,500,222.9,600,222.96,700,223.0,300,223.01,200,223.06,100,223.11,400,223.17,200,223.19,1300
2026-02-05 09:33:31,222.89,222.84,2,222.84,500,222.94,300,222.94,222.84,222.84,500,222.82,200,222.81,200,222.77,500,222.76,100,222.75,200,222.74,100,222.72,300,222.71,500,222.69,100,222.94,300,222.95,200,222.96,700,223.0,300,223.01,200,223.06,100,223.11,400,223.17,200,223.19,1300,223.22,100
2026-02-05 09:33:32,222.93,222.94,1,222.87,100,222.99,700,222.99,222.87,222.87,100,222.85,200,222.84,500,222.82,200,222.81,200,222.77,500,222.76,100,222.75,200,222.74,100,222.72,300,222.99,700,223.0,300,223.01,200,223.06,100,223.11,400,223.17,200,223.19,1300,223.22,100,223.25,200,223.26,100
2026-02-05 09:33:33,222.99,222.96,1,222.94,500,223.04,100,223.04,222.94,222.94,500,222.89,400,222.88,1000,222.87,100,222.86,100,222.85,600,222.84,500,222.82,200,222.81,200,222.77,500,223.04,100,223.07,700,223.08,100,223.11,200,223.12,300,223.13,200,223.14,400,223.17,200,223.19,1300,223.22,100
2026-02-05 09:33:34,223.065,223.07,1,222.99,200,223.14,300,223.14,222.99,222.99,200,222.95,300,222.94,200,222.91,400,222.89,500,222.88,1000,222.87,100,222.86,100,222.85,600,222.84,500,223.14,300,223.15,500,223.17,200,223.19,1300,223.22,100,223.25,200,223.26,100,223.27,300,223.29,100,223.31,200
2026-02-05 09:33:35,223.13,223.14,1,223.07,300,223.19,200,223.19,223.07,223.07,300,223.06,100,223.05,100,223.02,100,223.01,100,223.0,500,222.99,300,222.95,300,222.94,200,222.91,400,223.19,200,223.2,100,223.22,100,223.25,200,223.26,100,223.27,300,223.29,100,223.31,200,223.33,100,223.34,300
2026-02-05 09:33:36,223.175,223.21,1,223.14,800,223.21,100,223.21,223.14,223.14,800,223.13,400,223.1,800,223.07,100,223.06,200,223.05,100,223.02,100,223.01,100,223.0,500,222.99,300,223.21,100,223.3,300,223.31,300,223.33,100,223.34,300,223.36,100,223.41,300,223.42,300,223.43,500,223.44,100
2026-02-05 09:33:37,223.03,223.03,1,222.95,300,223.11,100,223.11,222.95,222.95,300,222.94,200,222.91,400,222.89,500,222.88,1000,222.87,100,222.86,100,222.85,600,222.84,500,222.82,200,223.11,100,223.13,400,223.14,300,223.21,300,223.3,300,223.31,300,223.33,100,223.34,300,223.36,100,223.41,300
2026-02-05 09:33:38,223.03,223.04,2,222.96,800,223.1,500,223.1,222.96,222.96,800,222.95,300,222.94,200,222.91,400,222.89,500,222.88,1000,222.87,100,222.86,100,222.85,600,222.84,500,223.1,500,223.11,300,223.13,400,223.14,300,223.21,300,223.3,300,223.31,300,223.33,100,223.34,300,223.36,100
2026-02-05 09:33:39,223.02,223.02,1,222.96,700,223.08,500,223.08,222.96,222.96,700,222.95,300,222.94,200,222.91,400,222.89,500,222.88,1000,222.87,100,222.86,100,222.85,600,222.84,500,223.08,500,223.1,500,223.11,300,223.13,400,223.14,300,223.21,300,223.3,300,223.31,300,223.33,100,223.34,300
2026-02-05 09:33:40,222.825,222.88,1,222.75,300,222.9,500,222.9,222.75,222.75,300,222.74,100,222.72,300,222.71,500,222.69,100,222.68,100,222.66,800,222.64,600,222.61,100,222.55,700,222.9,500,222.91,200,222.92,100,222.94,100,222.96,200,222.98,200,222.99,200,223.0,100,223.04,200,223.05,100
2026-02-05 09:33:41,222.855,222.86,1,222.81,400,222.9,600,222.9,222.81,222.81,400,222.79,100,222.76,100,222.75,300,222.74,100,222.72,300,222.71,500,222.69,100,222.68,100,222.66,800,222.9,600,222.91,200,222.92,100,222.94,100,222.96,200,222.98,200,222.99,200,223.0,100,223.04,200,223.05,100
2026-02-05 09:33:42,222.97,222.96,1,222.9,1300,223.04,500,223.04,222.9,222.9,1300,222.89,1500,222.88,700,222.87,100,222.86,300,222.84,100,222.82,200,222.81,600,222.79,100,222.76,100,223.04,500,223.05,100,223.06,500,223.08,600,223.1,500,223.11,300,223.13,400,223.14,300,223.21,300,223.3,300
2026-02-05 09:33:43,222.865,222.87,1,222.81,1400,222.92,600,222.92,222.81,222.81,1400,222.8,600,222.79,100,222.77,200,222.76,100,222.75,300,222.74,100,222.72,300,222.71,500,222.69,100,222.92,600,223.01,200,223.02,100,223.04,500,223.05,100,223.06,500,223.08,600,223.1,500,223.11,300,223.13,400
2026-02-05 09:33:44,222.86,222.83,11,222.81,1100,222.91,600,222.91,222.81,222.81,1100,222.8,600,222.79,100,222.77,200,222.76,100,222.75,300,222.74,100,222.72,300,222.71,500,222.69,100,222.91,600,222.92,600,223.01,200,223.02,100,223.04,500,223.05,100,223.06,500,223.08,600,223.1,500,223.11,300
2026-02-05 09:33:45,222.855,222.86,3,222.81,900,222.9,300,222.9,222.81,222.81,900,222.8,600,222.79,100,222.77,200,222.76,100,222.75,300,222.74,100,222.72,300,222.71,500,222.69,100,222.9,300,222.91,500,222.92,600,223.01,200,223.02,100,223.04,500,223.05,100,223.06,500,223.08,600,223.1,500
2026-02-05 09:33:46,222.825,222.86,5,222.78,500,222.87,100,222.87,222.78,222.78,500,222.74,300,222.73,100,222.72,100,222.69,400,222.68,100,222.66,800,222.64,600,222.61,100,222.55,700,222.87,100,222.88,500,222.89,400,222.9,300,222.91,500,222.92,600,223.01,200,223.02,100,223.04,500,223.05,100
2026-02-05 09:33:47,222.81,222.81,1,222.77,300,222.85,100,222.85,222.77,222.77,300,222.75,1000,222.74,300,222.73,100,222.72,100,222.69,400,222.68,100,222.66,800,222.64,600,222.61,100,222.85,100,222.86,300,222.87,500,222.88,500,222.89,400,222.9,300,222.91,500,222.92,600,223.01,200,223.02,100
2026-02-05 09:33:48,222.82,222.82,2,222.78,400,222.86,300,222.86,222.78,222.78,400,222.77,700,222.75,1000,222.74,300,222.73,100,222.72,100,222.69,400,222.68,100,222.66,800,222.64,600,222.86,300,222.87,500,222.88,500,222.89,400,222.9,300,222.91,500,222.92,600,223.01,200,223.02,100,223.04,500
2026-02-05 09:33:49,222.96,222.96,1,222.92,200,223.0,400,223.0,222.92,222.92,200,222.89,400,222.87,900,222.86,400,222.85,300,222.82,600,222.81,100,222.8,200,222.78,400,222.77,700,223.0,400,223.01,200,223.02,100,223.04,500,223.05,100,223.06,500,223.08,600,223.1,500,223.11,300,223.13,400
2026-02-05 09:33:50,223.17,223.2,1,223.13,500,223.21,200,223.21,223.13,223.13,500,223.1,400,223.08,500,223.07,300,223.06,500,223.05,200,223.04,900,223.01,300,223.0,100,222.99,900,223.21,200,223.3,300,223.31,300,223.33,100,223.34,300,223.36,100,223.41,300,223.42,300,223.43,500,223.44,100
2026-02-05 09:33:51,223.145,223.14,1,223.08,200,223.21,300,223.21,223.08,223.08,200,223.07,600,223.06,500,223.05,200,223.04,900,223.01,300,223.0,100,222.99,900,222.97,300,222.96,400,223.21,300,223.22,400,223.23,100,223.31,400,223.33,100,223.34,300,223.36,100,223.41,300,223.42,300,223.43,500
2026-02-05 09:33:52,223.155,223.16,4,223.1,100,223.21,200,223.21,223.1,223.1,100,223.09,900,223.08,300,223.07,900,223.06,500,223.05,200,223.04,900,223.01,300,223.0,100,222.99,900,223.21,200,223.23,200,223.31,400,223.33,100,223.34,300,223.36,100,223.41,300,223.42,300,223.43,500,223.44,100
2026-02-05 09:33:53,223.165,223.17,1,223.13,600,223.2,600,223.2,223.13,223.13,600,223.1,300,223.09,900,223.08,300,223.07,900,223.06,500,223.05,200,223.04,900,223.01,300,223.0,100,223.2,600,223.24,100,223.25,900,223.26,300,223.31,400,223.33,100,223.34,300,223.36,100,223.41,300,223.42,300
2026-02-05 09:33:54,223.15,223.1,1,223.1,800,223.2,900,223.2,223.1,223.1,800,223.09,900,223.08,300,223.07,900,223.06,500,223.05,200,223.04,900,223.01,300,223.0,100,222.99,900,223.2,900,223.24,100,223.25,900,223.26,300,223.31,400,223.33,100,223.34,300,223.36,100,223.41,300,223.42,300
2026-02-05 09:33:55,223.13,223.14,1,223.06,300,223.2,900,223.2,223.06,223.06,300,223.05,600,223.04,900,223.01,300,223.0,100,222.99,900,222.97,300,222.96,400,222.95,500,222.94,100,223.2,900,223.24,100,223.25,900,223.26,300,223.31,400,223.33,100,223.34,300,223.36,100,223.41,300,223.42,300
2026-02-05 09:33:56,223.105,223.08,2,223.05,600,223.16,400,223.16,223.05,223.05,600,223.04,900,223.01,300,223.0,100,222.99,900,222.97,300,222.96,400,222.95,500,222.94,100,222.92,200,223.16,400,223.18,100,223.21,300,223.23,300,223.26,500,223.31,400,223.33,100,223.34,300,223.36,100,223.41,300
2026-02-05 09:33:57,223.225,223.21,3,223.18,100,223.27,100,223.27,223.18,223.18,100,223.17,100,223.16,100,223.09,300,223.08,300,223.05,600,223.04,900,223.01,300,223.0,100,222.99,900,223.27,100,223.29,700,223.3,400,223.31,700,223.33,100,223.34,300,223.36,100,223.41,300,223.42,300,223.43,500
2026-02-05 09:33:58,223.185,223.18,1,223.09,300,223.28,500,223.28,223.09,223.09,300,223.08,800,223.05,600,223.04,900,223.01,300,223.0,100,222.99,900,222.97,300,222.96,400,222.95,500,223.28,500,223.29,700,223.3,400,223.31,700,223.33,100,223.34,300,223.36,100,223.41,300,223.42,300,223.43,500
2026-02-05 09:33:59,223.05,223.05,1,223.02,100,223.05,100,223.05,223.02,223.02,100,223.01,300,223.0,100,222.99,900,222.97,300,222.96,400,222.95,500,222.94,100,222.92,200,222.89,400,223.08,200,223.09,100,223.1,100,223.11,100,223.12,100,223.18,400,223.19,400,223.26,300,223.27,200,223.28,500
2026-02-05 09:34:00,222.955,222.93,1,222.92,400,222.99,900,222.99,222.92,222.92,400,222.91,200,222.9,500,222.88,800,222.87,200,222.81,100,222.8,200,222.78,400,222.77,700,222.75,1000,222.99,900,223.02,200,223.03,200,223.04,100,223.13,300,223.14,100,223.17,400,223.18,400,223.19,400,223.26,300
2026-02-05 09:34:01,223.005,223.01,1,222.93,300,223.08,200,223.08,222.93,222.93,300,222.92,100,222.9,200,222.89,300,222.88,300,222.87,700,222.86,500,222.81,100,222.8,200,222.78,400,223.08,200,223.16,400,223.17,100,223.19,500,223.26,300,223.27,200,223.28,500,223.29,700,223.3,400,223.31,700
2026-02-05 09:34:02,223.11,223.11,1,223.06,300,223.16,500,223.16,223.06,223.06,300,223.05,300,223.04,300,223.03,100,223.02,300,223.01,200,223.0,100,222.99,400,222.96,300,222.93,300,223.16,500,223.17,100,223.19,500,223.26,300,223.27,200,223.28,500,223.29,700,223.3,400,223.31,700,223.33,100
2026-02-05 09:34:03,223.235,223.24,1,223.19,300,223.28,800,223.28,223.19,223.19,300,223.18,300,223.17,100,223.16,400,223.12,200,223.06,400,223.05,300,223.04,300,223.03,100,223.02,300,223.28,800,223.29,700,223.3,400,223.31,700,223.33,100,223.34,300,223.36,100,223.41,300,223.42,300,223.43,500
2026-02-05 09:34:04,223.325,223.27,2,223.26,100,223.39,300,223.39,223.26,223.26,100,223.25,100,223.24,300,223.19,500,223.18,300,223.17,100,223.16,400,223.12,200,223.06,400,223.05,300,223.39,300,223.4,500,223.41,300,223.42,300,223.43,500,223.44,100,223.45,100,223.47,400,223.48,100,223.5,100
2026-02-05 09:34:05,223.53,223.63,1,223.43,400,223.63,100,223.63,223.43,223.43,400,223.42,500,223.4,300,223.39,400,223.36,300,223.35,100,223.34,100,223.3,100,223.28,100,223.27,100,223.63,100,223.64,100,223.66,100,223.67,200,223.7,100,223.71,300,223.72,100,223.73,100,223.74,100,223.75,100
2026-02-05 09:34:06,223.72,223.73,1,223.65,100,223.79,100,223.79,223.65,223.65,100,223.63,100,223.62,300,223.61,300,223.6,200,223.56,400,223.55,300,223.52,500,223.51,500,223.49,100,223.79,100,223.8,400,223.82,600,223.83,100,223.84,600,223.85,800,223.9,600,223.91,700,223.92,300,223.93,400
2026-02-05 09:34:07,223.845,223.81,1,223.79,300,223.9,300,223.9,223.79,223.79,300,223.77,100,223.73,100,223.7,100,223.69,100,223.68,200,223.67,400,223.66,100,223.65,400,223.63,100,223.9,300,223.91,700,223.92,300,223.93,400,223.94,600,223.98,400,224.0,1000,224.01,400,224.02,400,224.03,800
2026-02-05 09:34:08,223.745,223.75,2,223.7,500,223.79,200,223.79,223.7,223.7,500,223.69,400,223.68,1000,223.67,400,223.66,100,223.65,400,223.63,100,223.62,300,223.61,300,223.6,200,223.79,200,223.8,300,223.81,1000,223.82,600,223.85,400,223.86,100,223.89,800,223.9,100,223.91,800,223.92,300
2026-02-05 09:34:09,223.81,223.81,1,223.73,700,223.88,100,223.88,223.73,223.73,700,223.72,200,223.71,400,223.7,700,223.69,400,223.68,1000,223.67,400,223.66,100,223.65,400,223.63,100,223.89,100,223.9,200,223.91,700,223.92,300,223.93,400,223.94,600,223.98,400,224.0,1000,224.01,400,224.02,400
2026-02-05 09:34:10,223.835,223.87,2,223.78,500,223.89,600,223.89,223.78,223.78,500,223.77,900,223.76,600,223.75,300,223.74,300,223.73,900,223.72,200,223.71,400,223.7,700,223.69,400,223.89,600,223.9,200,223.91,800,223.92,300,223.93,400,223.94,600,223.98,400,224.0,1000,224.01,400,224.02,400
2026-02-05 09:34:11,223.94,223.84,1,223.88,100,224.0,2000,224.0,223.88,223.88,100,223.85,900,223.84,200,223.83,400,223.82,600,223.81,1000,223.8,300,223.79,100,223.78,700,223.77,900,224.0,2000,224.01,400,224.02,400,224.03,800,224.07,600,224.11,100,224.13,500,224.16,300,224.19,300,224.2,100
2026-02-05 09:34:12,223.985,224.0,2,223.94,200,224.03,900,224.03,223.94,223.94,200,223.93,100,223.92,100,223.9,300,223.89,700,223.86,200,223.85,900,223.84,200,223.83,400,223.82,600,224.03,900,224.07,600,224.11,100,224.13,500,224.16,300,224.19,300,224.2,100,224.21,500,224.25,100,224.26,200
2026-02-05 09:34:13,224.18,224.18,1,224.11,200,224.25,100,224.25,224.11,224.11,200,224.09,400,224.08,700,224.07,300,224.06,100,224.05,600,224.04,300,224.02,200,224.0,400,223.96,300,224.25,100,224.27,100,224.32,1200,224.44,100,224.45,300,224.46,100,224.48,800,224.49,100,224.54,200,224.6,700
2026-02-05 09:34:14,224.21,224.13,1,224.13,300,224.29,300,224.29,224.13,224.13,300,224.12,500,224.11,400,224.09,500,224.08,700,224.07,300,224.06,100,224.05,600,224.04,300,224.02,200,224.29,300,224.3,400,224.32,1200,224.44,100,224.45,300,224.46,100,224.48,800,224.49,100,224.54,200,224.6,700
2026-02-05 09:34:15,224.055,224.14,2,223.99,300,224.12,300,224.12,223.99,223.99,300,223.96,300,223.95,300,223.94,200,223.93,100,223.92,100,223.9,300,223.89,700,223.86,200,223.85,900,224.12,300,224.13,100,224.17,500,224.22,400,224.23,300,224.28,200,224.29,300,224.3,400,224.32,1200,224.44,100
2026-02-05 09:34:16,224.13,224.1,2,224.05,300,224.21,900,224.21,224.05,224.05,300,224.04,900,224.03,200,224.02,500,224.01,100,224.0,1000,223.99,400,223.96,300,223.95,300,223.94,200,224.21,900,224.22,700,224.23,300,224.28,200,224.29,300,224.3,400,224.32,1200,224.44,100,224.45,300,224.46,100
2026-02-05 09:34:17,224.13,224.07,1,224.05,800,224.21,1200,224.21,224.05,224.05,800,224.04,900,224.03,200,224.02,500,224.01,100,224.0,1000,223.99,400,223.96,300,223.95,300,223.94,200,224.21,1200,224.22,700,224.23,300,224.28,200,224.29,300,224.3,400,224.32,1200,224.44,100,224.45,300,224.46,100
2026-02-05 09:34:18,224.125,224.15,1,224.05,700,224.2,600,224.2,224.05,224.05,700,224.04,900,224.03,200,224.02,500,224.01,100,224.0,1000,223.99,400,223.96,300,223.95,300,223.94,200,224.2,600,224.22,600,224.23,400,224.28,200,224.29,300,224.3,400,224.32,1200,224.44,100,224.45,300,224.46,100
2026-02-05 09:34:19,224.15,224.13,1,224.12,100,224.18,200,224.18,224.12,224.12,100,224.08,100,224.07,300,224.05,800,224.04,900,224.03,200,224.02,500,224.01,100,224.0,1000,223.99,400,224.18,200,224.22,600,224.23,400,224.28,200,224.29,300,224.3,400,224.32,1200,224.44,100,224.45,300,224.46,100
2026-02-05 09:34:20,224.295,224.3,1,224.23,100,224.36,200,224.36,224.23,224.23,100,224.21,100,224.18,500,224.16,300,224.14,300,224.13,300,224.12,300,224.08,100,224.07,300,224.05,800,224.36,200,224.44,100,224.45,300,224.46,100,224.48,800,224.49,100,224.54,200,224.6,700,224.62,100,224.64,100
2026-02-05 09:34:21,224.25,224.26,1,224.19,700,224.31,200,224.31,224.19,224.19,700,224.18,400,224.17,700,224.16,500,224.14,300,224.13,300,224.12,300,224.08,100,224.07,300,224.05,800,224.31,200,224.32,500,224.33,400,224.34,300,224.35,300,224.36,200,224.44,100,224.45,300,224.46,100,224.48,800
2026-02-05 09:34:22,224.22,224.22,3,224.17,1000,224.27,200,224.27,224.17,224.17,1000,224.16,500,224.14,300,224.13,300,224.12,300,224.08,100,224.07,300,224.05,800,224.04,900,224.03,200,224.27,200,224.28,300,224.29,300,224.31,300,224.32,500,224.33,400,224.34,300,224.35,300,224.36,200,224.44,100
2026-02-05 09:34:23,224.385,224.38,1,224.33,400,224.44,500,224.44,224.33,224.33,400,224.32,400,224.31,700,224.28,100,224.27,700,224.23,100,224.2,400,224.18,300,224.17,1000,224.16,500,224.44,500,224.45,300,224.46,100,224.48,800,224.49,100,224.54,200,224.6,700,224.62,100,224.64,100,224.65,300
2026-02-05 09:34:24,224.545,224.5,1,224.5,200,224.59,700,224.59,224.5,224.5,200,224.47,200,224.41,600,224.35,100,224.34,200,224.33,400,224.32,400,224.31,700,224.28,100,224.27,700,224.59,700,224.6,500,224.62,100,224.64,100,224.65,300,224.66,100,224.67,200,224.68,300,224.69,300,224.74,300
2026-02-05 09:34:25,224.545,224.55,2,224.5,500,224.59,400,224.59,224.5,224.5,500,224.47,200,224.41,600,224.35,100,224.34,200,224.33,400,224.32,400,224.31,700,224.28,100,224.27,700,224.59,400,224.63,100,224.64,400,224.65,500,224.66,600,224.67,200,224.68,300,224.69,300,224.74,300,224.77,500
2026-02-05 09:34:26,224.595,224.6,1,224.54,200,224.65,500,224.65,224.54,224.54,200,224.53,1100,224.52,1000,224.5,500,224.47,200,224.41,600,224.35,100,224.34,200,224.33,400,224.32,400,224.65,500,224.66,600,224.67,200,224.68,300,224.69,300,224.74,300,224.77,500,224.78,600,224.79,300,224.8,500
2026-02-05 09:34:27,224.51,224.51,1,224.48,300,224.54,300,224.54,224.48,224.48,300,224.47,200,224.46,100,224.44,800,224.38,100,224.35,100,224.34,200,224.33,400,224.32,400,224.31,700,224.54,300,224.55,100,224.56,200,224.57,200,224.61,200,224.62,600,224.65,700,224.66,600,224.67,200,224.68,300
2026-02-05 09:34:28,224.57,224.51,1,224.5,600,224.64,100,224.64,224.5,224.5,600,224.49,100,224.48,800,224.47,200,224.46,100,224.44,800,224.38,100,224.35,100,224.34,200,224.33,400,224.64,100,224.65,800,224.66,600,224.67,200,224.68,300,224.69,300,224.74,300,224.77,500,224.78,600,224.79,300
2026-02-05 09:34:29,224.555,224.56,1,224.49,100,224.62,1400,224.62,224.49,224.49,100,224.48,200,224.45,200,224.44,800,224.38,100,224.35,100,224.34,200,224.33,400,224.32,400,224.31,700,224.62,1400,224.63,200,224.64,500,224.65,800,224.66,600,224.67,200,224.68,300,224.69,300,224.74,300,224.77,500
2026-02-05 09:34:30,224.57,224.55,1,224.52,300,224.62,700,224.62,224.52,224.52,300,224.51,300,224.49,200,224.47,300,224.46,400,224.45,400,224.44,800,224.38,100,224.35,100,224.34,200,224.62,700,224.63,200,224.64,500,224.65,800,224.66,600,224.67,200,224.68,300,224.69,300,224.74,300,224.77,500
2026-02-05 09:34:31,224.57,224.56,1,224.52,400,224.62,900,224.62,224.52,224.52,400,224.48,100,224.47,300,224.46,400,224.45,400,224.44,800,224.38,100,224.35,100,224.34,200,224.33,400,224.62,900,224.63,200,224.64,500,224.65,800,224.66,600,224.67,200,224.68,300,224.69,300,224.74,300,224.77,500
2026-02-05 09:34:32,224.565,224.6,1,224.52,300,224.61,1600,224.61,224.52,224.52,300,224.51,500,224.5,100,224.49,200,224.48,700,224.47,300,224.46,400,224.45,400,224.44,800,224.38,100,224.61,1600,224.63,400,224.64,800,224.65,800,224.66,600,224.67,200,224.68,300,224.69,300,224.74,300,224.77,500
2026-02-05 09:34:33,224.61,224.62,1,224.56,200,224.66,500,224.66,224.56,224.56,200,224.55,100,224.54,600,224.52,300,224.51,500,224.5,100,224.49,200,224.48,700,224.47,300,224.46,400,224.66,500,224.67,200,224.68,300,224.69,300,224.74,300,224.77,500,224.78,600,224.79,300,224.8,500,224.81,100
2026-02-05 09:34:34,224.7,224.68,1,224.65,200,224.75,200,224.75,224.65,224.65,200,224.64,300,224.63,400,224.62,300,224.61,600,224.6,100,224.59,100,224.58,100,224.57,100,224.56,100,224.75,200,224.77,500,224.78,600,224.79,300,224.8,500,224.81,100,224.84,300,224.85,100,224.86,1000,224.87,1000
2026-02-05 09:34:35,224.845,224.8,1,224.78,300,224.91,1200,224.91,224.78,224.78,300,224.75,500,224.74,100,224.69,300,224.68,200,224.66,100,224.65,200,224.64,300,224.63,400,224.62,300,224.91,1200,224.93,600,224.94,700,224.95,1300,224.96,800,224.97,300,224.98,1400,225.0,400,225.01,200,225.03,100
2026-02-05 09:34:36,224.84,224.85,1,224.77,100,224.91,1300,224.91,224.77,224.77,100,224.76,900,224.75,600,224.74,100,224.69,300,224.68,200,224.66,100,224.65,200,224.64,300,224.63,400,224.91,1300,224.93,600,224.94,700,224.95,1300,224.96,800,224.97,300,224.98,1400,225.0,400,225.01,200,225.03,100
2026-02-05 09:34:37,224.905,224.9,1,224.87,400,224.94,500,224.94,224.87,224.87,400,224.86,500,224.84,200,224.79,100,224.78,500,224.77,200,224.76,900,224.75,600,224.74,100,224.69,300,224.94,500,224.95,1300,224.96,800,224.97,300,224.98,1400,225.0,400,225.01,200,225.03,100,225.07,300,225.1,100
2026-02-05 09:34:38,224.93,224.95,1,224.91,200,224.95,1300,224.95,224.91,224.91,200,224.87,200,224.86,600,224.85,100,224.84,100,224.81,200,224.79,100,224.78,500,224.77,200,224.76,900,224.95,1300,224.96,800,224.97,300,224.98,1400,225.0,400,225.01,200,225.03,100,225.07,300,225.1,100,225.13,400
2026-02-05 09:34:39,224.915,224.92,1,224.87,100,224.96,200,224.96,224.87,224.87,100,224.81,500,224.79,100,224.78,500,224.77,200,224.76,900,224.75,600,224.74,100,224.69,300,224.68,200,224.96,200,224.97,400,224.98,500,224.99,300,225.0,3800,225.01,200,225.03,100,225.07,300,225.1,100,225.13,400
2026-02-05 09:34:40,224.835,224.84,2,224.81,500,224.86,100,224.86,224.81,224.81,500,224.79,100,224.78,500,224.77,200,224.76,900,224.75,600,224.74,100,224.69,300,224.68,200,224.66,100,224.86,100,224.9,300,224.93,200,224.94,200,224.95,400,224.96,400,224.97,400,224.98,500,224.99,300,225.0,3800
2026-02-05 09:34:41,224.885,224.85,2,224.81,1000,224.96,600,224.96,224.81,224.81,1000,224.79,100,224.78,500,224.77,200,224.76,900,224.75,600,224.74,100,224.69,300,224.68,200,224.66,100,224.96,600,224.97,400,224.98,500,224.99,300,225.0,3800,225.01,200,225.03,100,225.07,300,225.1,100,225.13,400
2026-02-05 09:34:42,224.885,224.87,3,224.84,100,224.93,200,224.93,224.84,224.84,100,224.81,1000,224.79,100,224.78,500,224.77,200,224.76,900,224.75,600,224.74,100,224.69,300,224.68,200,224.93,200,224.94,300,224.95,100,224.96,700,224.97,400,224.98,500,224.99,300,225.0,3800,225.01,200,225.03,100
2026-02-05 09:34:43,224.89,224.89,1,224.84,900,224.94,300,224.94,224.84,224.84,900,224.81,1000,224.79,100,224.78,500,224.77,200,224.76,900,224.75,600,224.74,100,224.69,300,224.68,200,224.94,300,224.95,100,224.96,700,224.97,400,224.98,500,224.99,300,225.0,3800,225.01,200,225.03,100,225.07,300
2026-02-05 09:34:44,224.845,224.83,1,224.81,800,224.88,100,224.88,224.81,224.81,800,224.79,100,224.78,500,224.77,200,224.76,900,224.75,600,224.74,100,224.69,300,224.68,200,224.66,100,224.88,100,224.9,200,224.91,500,224.94,100,224.95,800,224.96,700,224.97,400,224.98,500,224.99,300,225.0,3800
2026-02-05 09:34:45,224.86,224.88,3,224.82,400,224.9,700,224.9,224.82,224.82,400,224.81,800,224.79,100,224.78,500,224.77,200,224.76,900,224.75,600,224.74,100,224.69,300,224.68,200,224.9,700,224.91,500,224.94,100,224.95,800,224.96,700,224.97,400,224.98,500,224.99,300,225.0,3800,225.01,200
2026-02-05 09:34:46,224.885,224.84,4,224.84,400,224.93,500,224.93,224.84,224.84,400,224.83,600,224.82,500,224.81,800,224.79,100,224.78,500,224.77,200,224.76,900,224.75,600,224.74,100,224.93,500,224.94,200,224.95,800,224.96,700,224.97,400,224.98,500,224.99,300,225.0,3800,225.01,200,225.03,100
2026-02-05 09:34:47,224.86,224.87,6,224.83,600,224.89,700,224.89,224.83,224.83,600,224.82,500,224.81,800,224.79,100,224.78,500,224.77,200,224.76,900,224.75,600,224.74,100,224.69,300,224.89,700,224.9,500,224.92,100,224.93,300,224.94,700,224.95,800,224.96,700,224.97,400,224.98,500,224.99,300
2026-02-05 09:34:48,224.8,224.8,2,224.78,700,224.82,300,224.82,224.78,224.78,700,224.77,200,224.76,900,224.75,600,224.74,100,224.69,300,224.68,200,224.66,100,224.65,200,224.64,300,224.82,300,224.84,700,224.88,100,224.89,400,224.9,500,224.92,100,224.93,300,224.94,700,224.95,800,224.96,700
2026-02-05 09:34:49,224.895,224.9,1,224.85,400,224.94,600,224.94,224.85,224.85,400,224.81,300,224.79,500,224.78,1000,224.77,200,224.76,900,224.75,600,224.74,100,224.69,300,224.68,200,224.94,600,224.95,800,224.96,700,224.97,400,224.98,500,224.99,300,225.0,3800,225.01,200,225.03,100,225.07,300
2026-02-05 09:34:50,224.915,224.93,2,224.9,900,224.93,200,224.93,224.9,224.9,900,224.85,600,224.81,300,224.79,500,224.78,1000,224.77,200,224.76,900,224.75,600,224.74,100,224.69,300,224.93,100,224.94,300,224.95,100,224.97,700,224.98,500,224.99,300,225.0,3800,225.01,200,225.03,100,225.07,300
2026-02-05 09:34:51,224.915,224.92,2,224.86,500,224.97,800,224.97,224.86,224.86,500,224.85,100,224.84,300,224.83,100,224.82,300,224.81,400,224.79,500,224.78,1000,224.77,200,224.76,900,224.97,800,224.98,500,224.99,300,225.0,3800,225.01,200,225.03,100,225.07,300,225.1,100,225.13,400,225.2,500
2026-02-05 09:34:52,224.925,224.92,1,224.9,700,224.95,1800,224.95,224.9,224.9,700,224.88,100,224.87,100,224.86,500,224.85,100,224.84,300,224.83,100,224.82,300,224.81,400,224.79,500,224.95,1800,224.96,200,224.98,100,224.99,2100,225.0,3800,225.01,200,225.03,100,225.07,300,225.1,100,225.13,400
2026-02-05 09:34:53,224.89,224.9,1,224.85,300,224.93,300,224.93,224.85,224.85,300,224.84,300,224.83,100,224.82,300,224.81,400,224.79,500,224.78,1000,224.77,200,224.76,900,224.75,600,224.93,300,224.94,300,224.96,1200,224.98,100,224.99,2100,225.0,3800,225.01,200,225.03,100,225.07,300,225.1,100
2026-02-05 09:34:54,224.76,224.76,1,224.7,100,224.82,400,224.82,224.7,224.7,100,224.68,500,224.66,100,224.65,200,224.64,300,224.63,400,224.62,300,224.61,600,224.6,100,224.59,100,224.82,400,224.83,500,224.85,300,224.86,100,224.89,100,224.9,100,224.93,300,224.94,300,224.96,1200,224.98,100
2026-02-05 09:34:55,224.7,224.73,1,224.65,200,224.75,400,224.75,224.65,224.65,200,224.63,600,224.62,300,224.61,600,224.6,100,224.59,100,224.58,100,224.57,100,224.56,100,224.55,100,224.75,400,224.76,300,224.82,300,224.83,500,224.85,300,224.86,100,224.89,100,224.9,100,224.93,300,224.94,300
2026-02-05 09:34:56,224.64,224.64,15,224.6,100,224.68,200,224.68,224.6,224.6,100,224.59,400,224.58,100,224.57,100,224.56,100,224.55,100,224.54,100,224.53,100,224.52,400,224.51,500,224.68,200,224.69,1000,224.7,600,224.71,100,224.72,200,224.74,100,224.75,600,224.76,300,224.82,300,224.83,500
2026-02-05 09:34:57,224.64,224.64,1,224.6,100,224.68,500,224.68,224.6,224.6,100,224.59,400,224.58,100,224.57,100,224.56,100,224.55,100,224.54,100,224.53,100,224.52,400,224.51,500,224.68,500,224.69,1000,224.7,600,224.71,100,224.72,200,224.74,100,224.75,600,224.76,300,224.82,300,224.83,500
2026-02-05 09:34:58,224.71,224.74,1,224.68,300,224.74,200,224.74,224.68,224.68,300,224.63,100,224.62,1200,224.61,100,224.6,300,224.59,400,224.58,100,224.57,100,224.56,100,224.55,100,224.74,200,224.75,400,224.76,300,224.82,300,224.83,500,224.85,300,224.86,100,224.89,100,224.9,100,224.93,300
2026-02-05 09:34:59,224.76,224.74,2,224.7,600,224.82,600,224.82,224.7,224.7,600,224.69,300,224.68,300,224.67,100,224.66,300,224.64,100,224.63,100,224.62,1200,224.61,100,224.6,300,224.82,600,224.83,400,224.85,300,224.86,100,224.89,100,224.9,100,224.93,300,224.94,300,224.96,1200,224.98,100
2026-02-05 09:35:00,224.925,225.01,2,224.87,100,224.98,300,224.98,224.87,224.87,100,224.84,100,224.82,200,224.81,300,224.8,100,224.77,100,224.73,100,224.72,100,224.71,100,224.7,600,224.98,300,225.02,200,225.03,300,225.06,200,225.07,700,225.1,100,225.13,400,225.2,500,225.21,500,225.22,1000
2026-02-05 09:35:01,224.9,224.88,1,224.85,200,224.95,200,224.95,224.85,224.85,200,224.84,300,224.82,400,224.81,200,224.8,100,224.78,100,224.77,200,224.76,200,224.73,100,224.72,100,224.95,200,224.99,600,225.02,200,225.03,300,225.06,200,225.07,700,225.1,100,225.13,400,225.2,500,225.21,500
2026-02-05 09:35:02,224.895,224.9,5,224.85,300,224.94,400,224.94,224.85,224.85,300,224.84,100,224.83,300,224.82,200,224.8,400,224.77,300,224.75,500,224.73,100,224.72,100,224.71,100,224.94,400,224.95,400,224.99,700,225.02,200,225.03,300,225.06,200,225.07,700,225.1,100,225.13,400,225.2,500
2026-02-05 09:35:03,224.9,224.94,10,224.85,100,224.95,100,224.95,224.86,224.85,100,224.84,400,224.83,300,224.82,600,224.8,400,224.77,300,224.75,500,224.73,100,224.72,100,224.71,100,224.95,100,224.96,600,224.97,600,224.98,300,224.99,1100,225.02,200,225.03,300,225.06,200,225.07,700,225.1,100
2026-02-05 09:35:04,224.91,224.91,3,224.87,100,224.95,600,224.95,224.87,224.87,100,224.86,500,224.83,300,224.82,600,224.8,400,224.77,300,224.75,500,224.73,100,224.72,100,224.71,100,224.95,600,224.96,700,224.97,300,225.02,1100,225.03,1500,225.06,1000,225.07,700,225.1,100,225.13,400,225.2,500
2026-02-05 09:35:05,224.865,224.86,1,224.84,500,224.89,100,224.89,224.84,224.84,500,224.83,600,224.82,600,224.8,400,224.77,300,224.75,500,224.73,100,224.72,100,224.71,100,224.7,600,224.89,100,224.95,1100,224.96,400,224.97,300,225.02,1100,225.03,1500,225.06,1000,225.07,700,225.1,100,225.13,400
2026-02-05 09:35:06,224.875,224.88,13,224.84,600,224.91,400,224.91,224.84,224.84,600,224.83,600,224.82,600,224.8,400,224.77,300,224.75,500,224.73,100,224.72,100,224.71,100,224.7,600,224.91,400,224.92,500,224.95,1100,224.96,400,224.97,300,225.02,1100,225.03,1500,225.06,1000,225.07,700,225.1,100
2026-02-05 09:35:07,224.94,224.92,1,224.91,200,224.97,400,224.97,224.91,224.91,200,224.9,800,224.89,1100,224.88,300,224.87,800,224.85,200,224.84,1100,224.83,600,224.82,600,224.8,400,224.97,400,225.02,1100,225.03,1500,225.06,1000,225.07,700,225.1,100,225.13,400,225.2,500,225.21,500,225.22,1000
2026-02-05 09:35:08,224.98,224.98,1,224.95,300,225.01,500,225.01,224.95,224.95,300,224.93,300,224.91,300,224.9,900,224.89,1100,224.88,300,224.87,800,224.85,200,224.84,1100,224.83,600,225.01,500,225.02,400,225.03,500,225.06,1000,225.07,700,225.1,100,225.13,400,225.2,500,225.21,500,225.22,1000
2026-02-05 09:35:09,224.995,225.02,1,224.98,200,225.01,300,225.01,224.98,224.98,200,224.97,400,224.96,500,224.95,400,224.93,300,224.91,300,224.9,900,224.89,1100,224.88,300,224.87,800,225.01,300,225.06,700,225.07,900,225.1,100,225.13,400,225.2,500,225.21,500,225.22,1000,225.23,400,225.24,100
2026-02-05 09:35:10,224.99,224.97,3,224.96,700,225.02,300,225.02,224.96,224.96,700,224.95,400,224.93,300,224.91,300,224.9,900,224.89,1100,224.88,300,224.87,800,224.85,200,224.84,1100,225.02,300,225.03,100,225.04,600,225.06,800,225.07,900,225.1,100,225.13,400,225.2,500,225.21,500,225.22,1000
2026-02-05 09:35:11,224.975,225.0,4,224.95,400,225.0,1300,225.0,224.95,224.95,400,224.94,300,224.93,500,224.9,900,224.89,1100,224.88,300,224.87,800,224.85,200,224.84,1100,224.83,600,225.0,1300,225.01,100,225.02,600,225.03,100,225.04,600,225.06,800,225.07,900,225.1,100,225.13,400,225.2,500
2026-02-05 09:35:12,225.02,225.01,1,225.01,200,225.03,200,225.03,225.01,225.01,200,225.0,100,224.98,200,224.97,300,224.96,400,224.95,700,224.94,300,224.93,500,224.9,900,224.89,1100,225.03,200,225.04,600,225.06,800,225.07,900,225.1,100,225.13,400,225.2,500,225.21,500,225.22,1000,225.23,400
2026-02-05 09:35:13,224.895,224.9,1,224.86,300,224.93,100,224.93,224.86,224.86,300,224.85,200,224.84,1100,224.83,600,224.82,600,224.8,400,224.77,300,224.75,500,224.73,100,224.72,100,224.93,100,224.94,400,224.96,300,224.97,200,224.98,100,225.0,300,225.01,100,225.03,200,225.04,600,225.06,800
2026-02-05 09:35:14,224.87,224.88,6,224.83,800,224.91,200,224.91,224.83,224.83,800,224.82,600,224.8,400,224.77,300,224.75,500,224.73,100,224.72,100,224.71,100,224.7,600,224.69,300,224.91,200,224.93,700,224.94,400,224.96,300,224.97,200,224.98,100,225.0,300,225.01,100,225.03,200,225.04,600
2026-02-05 09:35:15,224.815,224.83,1,224.76,200,224.87,700,224.87,224.76,224.76,200,224.75,500,224.73,100,224.72,100,224.71,100,224.7,600,224.69,300,224.68,300,224.67,100,224.66,300,224.87,700,224.88,100,224.89,100,224.9,400,224.91,300,224.92,100,224.93,700,224.94,400,224.96,300,224.97,200
2026-02-05 09:35:16,224.85,224.85,3,224.83,200,224.87,700,224.87,224.83,224.83,200,224.8,300,224.79,200,224.78,100,224.77,100,224.76,300,224.75,500,224.73,100,224.72,100,224.71,100,224.87,700,224.89,700,224.9,800,224.91,300,224.92,100,224.93,700,224.94,400,224.96,300,224.97,200,224.98,100
2026-02-05 09:35:17,224.865,224.83,1,224.84,100,224.89,100,224.89,224.84,224.84,100,224.83,300,224.8,300,224.79,200,224.78,100,224.77,100,224.76,300,224.75,500,224.73,100,224.72,100,224.89,100,224.9,500,224.91,300,224.92,100,224.93,700,224.94,400,224.96,300,224.97,200,224.98,100,225.0,300
2026-02-05 09:35:18,224.855,224.83,1,224.83,400,224.88,600,224.88,224.83,224.83,400,224.8,300,224.79,200,224.78,100,224.77,100,224.76,300,224.75,500,224.73,100,224.72,100,224.71,100,224.88,600,224.89,100,224.9,500,224.91,300,224.92,100,224.93,700,224.94,400,224.96,300,224.97,200,224.98,100
2026-02-05 09:35:19,224.795,224.83,3,224.75,500,224.83,300,224.83,224.75,224.76,200,224.75,500,224.73,100,224.72,100,224.71,100,224.7,600,224.69,300,224.68,300,224.67,100,224.66,300,224.83,300,224.84,400,224.85,200,224.88,800,224.89,100,224.9,500,224.91,300,224.92,100,224.93,700,224.94,400
2026-02-05 09:35:20,224.79,224.79,3,224.75,600,224.83,700,224.83,224.75,224.75,600,224.73,100,224.72,100,224.71,100,224.7,600,224.69,300,224.68,300,224.67,100,224.66,300,224.64,100,224.83,700,224.84,400,224.85,200,224.88,800,224.89,100,224.9,500,224.91,300,224.92,100,224.93,700,224.94,400
2026-02-05 09:35:21,224.565,224.55,1,224.53,200,224.6,800,224.6,224.53,224.53,200,224.52,200,224.51,600,224.5,100,224.49,200,224.48,700,224.47,300,224.46,400,224.45,400,224.44,800,224.6,800,224.61,100,224.62,200,224.63,300,224.64,300,224.65,500,224.66,200,224.69,100,224.72,400,224.75,300
2026-02-05 09:35:22,224.645,224.6,1,224.59,100,224.7,600,224.7,224.59,224.59,100,224.57,700,224.54,100,224.53,300,224.52,200,224.51,600,224.5,100,224.49,200,224.48,700,224.47,300,224.7,600,224.72,400,224.75,300,224.76,200,224.78,100,224.79,200,224.82,100,224.84,600,224.85,600,224.86,300
2026-02-05 09:35:23,224.645,224.67,1,224.6,300,224.69,600,224.69,224.6,224.6,300,224.58,100,224.57,1000,224.54,100,224.53,300,224.52,200,224.51,600,224.5,100,224.49,200,224.48,700,224.69,600,224.7,700,224.72,400,224.75,300,224.76,200,224.78,100,224.79,200,224.82,100,224.84,600,224.85,600
2026-02-05 09:35:24,224.7,224.74,1,224.65,300,224.75,300,224.75,224.65,224.65,300,224.63,200,224.62,500,224.6,400,224.58,100,224.57,1000,224.54,100,224.53,300,224.52,200,224.51,600,224.75,300,224.77,200,224.78,500,224.79,500,224.82,100,224.84,800,224.85,600,224.86,300,224.87,200,224.88,800
2026-02-05 09:35:25,224.595,224.58,2,224.57,200,224.62,800,224.62,224.57,224.57,200,224.53,300,224.52,200,224.51,600,224.5,100,224.49,200,224.48,700,224.47,300,224.46,400,224.45,400,224.62,800,224.63,300,224.64,300,224.68,600,224.71,100,224.74,200,224.75,300,224.77,200,224.78,500,224.79,500
2026-02-05 09:35:26,224.54,224.54,2,224.51,300,224.57,500,224.57,224.51,224.51,300,224.5,800,224.49,200,224.48,700,224.47,300,224.46,400,224.45,400,224.44,800,224.38,100,224.35,100,224.57,500,224.58,300,224.59,200,224.61,300,224.62,800,224.63,300,224.64,300,224.68,600,224.71,100,224.74,200
2026-02-05 09:35:27,224.54,224.54,10,224.51,300,224.57,700,224.57,224.51,224.51,300,224.5,800,224.49,200,224.48,700,224.47,300,224.46,400,224.45,400,224.44,800,224.38,100,224.35,100,224.57,700,224.58,300,224.59,200,224.61,300,224.62,800,224.63,300,224.64,300,224.68,600,224.71,100,224.74,200
2026-02-05 09:35:28,224.585,224.58,1,224.55,100,224.62,100,224.62,224.55,224.55,100,224.54,400,224.52,400,224.51,100,224.49,100,224.48,300,224.47,400,224.46,200,224.44,500,224.43,200,224.62,100,224.63,100,224.66,100,224.68,300,224.69,500,224.71,300,224.72,400,224.74,200,224.75,300,224.77,200
2026-02-05 09:35:29,224.695,224.7,1,224.66,1000,224.73,500,224.73,224.66,224.66,1000,224.63,100,224.62,200,224.61,400,224.59,200,224.56,300,224.55,100,224.54,400,224.52,400,224.51,100,224.73,500,224.74,200,224.75,400,224.76,200,224.77,500,224.78,400,224.79,100,224.84,100,224.87,300,224.88,900
2026-02-05 09:35:30,224.675,224.68,5,224.64,400,224.71,100,224.71,224.64,224.64,400,224.63,100,224.62,200,224.61,400,224.59,200,224.56,300,224.55,100,224.54,400,224.52,400,224.51,100,224.71,100,224.72,300,224.73,500,224.74,200,224.75,400,224.76,200,224.77,500,224.78,400,224.79,100,224.84,100
2026-02-05 09:35:31,224.73,224.74,1,224.67,500,224.79,300,224.79,224.67,224.67,500,224.66,100,224.65,100,224.64,200,224.6,100,224.59,100,224.58,100,224.56,300,224.55,100,224.54,400,224.79,300,224.8,400,224.81,200,224.84,100,224.87,300,224.88,900,224.89,100,224.9,500,224.91,300,224.92,100
2026-02-05 09:35:32,224.845,224.86,1,224.81,600,224.88,700,224.88,224.81,224.81,600,224.78,100,224.77,100,224.75,200,224.74,900,224.73,200,224.72,300,224.71,100,224.7,100,224.69,100,224.88,700,224.89,100,224.9,500,224.91,300,224.92,100,224.93,700,224.94,400,224.96,300,224.97,200,224.98,100
2026-02-05 09:35:33,224.9,224.9,1,224.86,1000,224.94,500,224.94,224.86,224.86,1000,224.84,500,224.82,100,224.8,100,224.78,100,224.77,100,224.75,200,224.74,900,224.73,200,224.72,300,224.94,500,224.95,1400,224.96,1000,224.98,100,224.99,500,225.0,300,225.01,100,225.03,200,225.04,600,225.06,800
2026-02-05 09:35:34,224.87,224.87,1,224.8,400,224.94,700,224.94,224.8,224.8,400,224.79,100,224.78,100,224.77,300,224.76,700,224.75,200,224.74,900,224.73,200,224.72,300,224.71,100,224.94,700,224.95,1400,224.96,1000,224.98,100,224.99,500,225.0,300,225.01,100,225.03,200,225.04,600,225.06,800
2026-02-05 09:35:35,224.585,224.58,1,224.53,500,224.64,400,224.64,224.53,224.53,500,224.52,400,224.51,100,224.49,100,224.48,300,224.47,400,224.46,200,224.44,500,224.43,200,224.42,200,224.64,400,224.65,200,224.66,400,224.67,100,224.68,100,224.71,300,224.72,400,224.73,300,224.74,100,224.79,100
2026-02-05 09:35:36,224.6,224.64,1,224.54,500,224.66,100,224.66,224.54,224.54,500,224.53,100,224.5,100,224.49,100,224.48,300,224.47,400,224.46,200,224.44,500,224.43,200,224.42,200,224.66,100,224.67,100,224.68,300,224.69,200,224.7,300,224.71,100,224.76,100,224.77,200,224.78,500,224.8,100
2026-02-05 09:35:37,224.81,224.87,10,224.76,100,224.86,100,224.86,224.76,224.76,100,224.75,600,224.73,200,224.71,200,224.66,600,224.65,600,224.61,100,224.6,900,224.59,100,224.57,400,224.86,100,224.87,500,224.89,100,224.9,100,224.93,200,224.94,700,224.95,1400,224.96,1000,224.98,100,224.99,500
2026-02-05 09:35:38,224.675,224.67,1,224.63,100,224.72,400,224.72,224.63,224.63,100,224.62,100,224.61,200,224.6,300,224.59,800,224.57,400,224.56,200,224.55,100,224.54,800,224.53,100,224.72,400,224.73,300,224.74,300,224.75,400,224.76,100,224.79,100,224.8,300,224.81,400,224.82,300,224.83,1100
2026-02-05 09:35:39,224.655,224.61,5,224.6,500,224.71,500,224.71,224.6,224.6,500,224.59,300,224.54,300,224.51,100,224.5,100,224.49,100,224.48,300,224.47,400,224.46,200,224.44,500,224.71,500,224.73,100,224.74,300,224.75,400,224.76,100,224.79,100,224.8,300,224.81,400,224.82,300,224.83,1100
2026-02-05 09:35:40,224.625,224.63,2,224.59,600,224.66,300,224.66,224.59,224.59,600,224.54,300,224.51,100,224.5,100,224.49,100,224.48,300,224.47,400,224.46,200,224.44,500,224.43,200,224.66,300,224.67,100,224.68,400,224.69,300,224.7,100,224.71,600,224.73,100,224.74,300,224.75,400,224.76,100
2026-02-05 09:35:41,224.685,224.69,1,224.63,200,224.74,500,224.74,224.63,224.63,200,224.62,100,224.61,200,224.6,100,224.59,600,224.54,300,224.51,100,224.5,100,224.49,100,224.48,300,224.74,500,224.75,200,224.79,100,224.8,1200,224.81,400,224.82,300,224.83,1100,224.85,1100,224.86,1000,224.87,500
2026-02-05 09:35:42,224.625,224.65,1,224.59,800,224.66,300,224.66,224.59,224.59,800,224.54,300,224.51,100,224.5,100,224.49,100,224.48,300,224.47,400,224.46,200,224.44,500,224.43,200,224.66,300,224.69,200,224.7,100,224.71,200,224.72,100,224.74,200,224.75,200,224.79,100,224.8,1200,224.81,400
2026-02-05 09:35:43,224.655,224.64,4,224.64,100,224.67,600,224.67,224.64,224.64,100,224.61,400,224.6,200,224.59,900,224.54,300,224.51,100,224.5,100,224.49,100,224.48,300,224.47,400,224.67,600,224.69,200,224.7,100,224.71,200,224.72,100,224.74,200,224.75,200,224.79,100,224.8,1200,224.81,400
2026-02-05 09:35:44,224.66,224.66,1,224.64,200,224.68,600,224.68,224.64,224.64,200,224.62,500,224.61,500,224.6,200,224.59,900,224.54,300,224.51,100,224.5,100,224.49,100,224.48,300,224.68,600,224.69,500,224.7,100,224.71,200,224.72,100,224.74,200,224.75,200,224.79,100,224.8,1200,224.81,400
2026-02-05 09:35:45,224.745,224.75,1,224.71,1100,224.78,100,224.78,224.71,224.71,1100,224.7,100,224.67,300,224.66,200,224.64,100,224.62,500,224.61,500,224.6,200,224.59,900,224.54,300,224.78,100,224.79,500,224.8,700,224.81,100,224.84,200,224.85,1100,224.86,1000,224.87,500,224.88,100,224.89,100
2026-02-05 09:35:46,224.755,224.71,1,224.71,200,224.8,400,224.8,224.71,224.71,200,224.7,100,224.69,100,224.68,700,224.66,100,224.65,400,224.62,800,224.61,500,224.6,200,224.59,900,224.8,400,224.81,100,224.84,200,224.85,1100,224.86,1000,224.87,500,224.88,100,224.89,100,224.9,100,224.93,200
2026-02-05 09:35:47,224.685,224.69,1,224.64,200,224.73,100,224.73,224.64,224.64,200,224.63,400,224.62,800,224.61,500,224.6,200,224.59,900,224.54,300,224.51,100,224.5,100,224.49,100,224.73,100,224.74,100,224.76,200,224.77,200,224.8,100,224.81,200,224.82,200,224.84,200,224.85,1100,224.86,1000
2026-02-05 09:35:48,224.725,224.73,2,224.68,200,224.77,600,224.77,224.68,224.68,200,224.67,300,224.66,100,224.65,300,224.64,500,224.63,400,224.62,800,224.61,500,224.6,200,224.59,900,224.77,600,224.8,100,224.81,200,224.82,200,224.84,200,224.85,1100,224.86,1000,224.87,500,224.88,100,224.89,100
2026-02-05 09:35:49,224.725,224.73,1,224.68,1300,224.77,800,224.77,224.68,224.68,1300,224.67,300,224.66,100,224.65,300,224.64,500,224.63,400,224.62,800,224.61,500,224.6,200,224.59,900,224.77,800,224.8,100,224.81,200,224.82,200,224.84,200,224.85,1100,224.86,1000,224.87,500,224.88,100,224.89,100
2026-02-05 09:35:50,224.72,224.73,1,224.68,1400,224.76,200,224.76,224.68,224.68,1400,224.67,300,224.66,100,224.65,300,224.64,500,224.63,400,224.62,800,224.61,500,224.6,200,224.59,900,224.76,200,224.77,900,224.8,100,224.81,200,224.82,200,224.84,200,224.85,1100,224.86,1000,224.87,500,224.88,100
2026-02-05 09:35:51,224.705,224.7,1,224.69,200,224.72,100,224.72,224.69,224.69,200,224.68,1300,224.67,300,224.66,100,224.65,300,224.64,500,224.63,400,224.62,800,224.61,500,224.6,200,224.72,100,224.75,300,224.76,400,224.77,100,224.79,400,224.8,100,224.81,200,224.82,200,224.84,200,224.85,1100
2026-02-05 09:35:52,224.765,224.76,1,224.72,200,224.81,300,224.81,224.72,224.72,200,224.71,100,224.7,400,224.68,1300,224.67,300,224.66,100,224.65,300,224.64,500,224.63,400,224.62,800,224.81,300,224.82,400,224.83,100,224.84,200,224.85,400,224.86,800,224.87,500,224.88,100,224.89,100,224.9,100
2026-02-05 09:35:53,224.79,224.78,1,224.75,100,224.83,200,224.83,224.75,224.75,100,224.74,200,224.73,200,224.72,400,224.71,100,224.7,400,224.68,1300,224.67,300,224.66,100,224.65,300,224.83,200,224.84,400,224.85,300,224.86,1300,224.87,500,224.88,100,224.89,100,224.9,100,224.93,200,224.94,700
2026-02-05 09:35:54,224.745,224.75,1,224.71,800,224.78,300,224.78,224.71,224.71,800,224.7,400,224.68,1300,224.67,300,224.66,100,224.65,300,224.64,500,224.63,400,224.62,800,224.61,500,224.78,300,224.79,200,224.8,200,224.81,200,224.82,300,224.83,200,224.84,400,224.85,300,224.86,1300,224.87,500
2026-02-05 09:35:55,224.81,224.82,1,224.77,200,224.85,500,224.85,224.77,224.77,200,224.76,200,224.73,100,224.71,200,224.7,400,224.69,100,224.68,200,224.67,100,224.66,400,224.65,300,224.85,500,224.86,1300,224.87,500,224.88,100,224.89,100,224.9,100,224.93,200,224.94,700,224.95,1400,224.96,1000
2026-02-05 09:35:56,224.765,224.8,1,224.72,100,224.81,200,224.81,224.72,224.72,100,224.7,200,224.69,100,224.68,300,224.67,100,224.66,400,224.65,300,224.64,500,224.63,400,224.62,800,224.81,200,224.82,200,224.83,200,224.84,400,224.85,200,224.86,900,224.87,500,224.88,100,224.89,100,224.9,100
2026-02-05 09:35:57,224.79,224.82,1,224.75,200,224.83,100,224.83,224.75,224.75,200,224.74,100,224.73,200,224.72,200,224.71,100,224.7,200,224.69,200,224.68,300,224.67,100,224.66,400,224.83,100,224.84,600,224.85,300,224.86,1200,224.87,500,224.88,100,224.89,100,224.9,100,224.93,200,224.94,700
2026-02-05 09:35:58,224.8,224.79,1,224.77,500,224.83,100,224.83,224.77,224.77,500,224.73,300,224.71,200,224.7,200,224.69,200,224.68,300,224.67,100,224.66,400,224.65,300,224.64,500,224.83,100,224.84,600,224.86,1200,224.87,500,224.88,100,224.89,100,224.9,100,224.93,200,224.94,700,224.95,1400
2026-02-05 09:35:59,224.83,224.84,1,224.79,100,224.87,400,224.87,224.79,224.79,100,224.78,100,224.77,300,224.76,400,224.73,300,224.71,200,224.7,200,224.69,200,224.68,300,224.67,100,224.87,400,224.88,200,224.89,100,224.9,100,224.93,200,224.94,700,224.95,1400,224.96,1000,224.98,100,224.99,500
2026-02-05 09:36:00,224.78,224.78,1,224.75,300,224.81,200,224.81,224.75,224.75,300,224.74,200,224.73,500,224.71,200,224.7,200,224.69,200,224.68,300,224.67,100,224.66,400,224.65,300,224.81,200,224.83,200,224.86,400,224.87,400,224.88,200,224.89,100,224.9,100,224.93,200,224.94,700,224.95,1400
2026-02-05 09:36:02,224.795,224.8,1,224.76,100,224.83,200,224.83,224.76,224.76,100,224.75,100,224.74,100,224.73,200,224.72,100,224.71,100,224.7,500,224.69,100,224.68,300,224.67,100,224.83,200,224.86,400,224.87,400,224.88,200,224.89,100,224.9,100,224.93,200,224.94,700,224.95,1400,224.96,1000
2026-02-05 09:36:02,224.725,224.73,1,224.68,500,224.77,500,224.77,224.68,224.68,500,224.66,500,224.65,300,224.64,500,224.63,400,224.62,800,224.61,500,224.6,200,224.59,900,224.54,300,224.77,500,224.78,300,224.79,200,224.81,200,224.82,300,224.83,300,224.84,700,224.85,600,224.86,200,224.87,300
2026-02-05 09:36:03,224.77,224.75,1,224.72,600,224.82,400,224.82,224.72,224.72,600,224.71,100,224.7,100,224.69,200,224.68,600,224.66,500,224.65,300,224.64,500,224.63,400,224.62,800,224.82,400,224.83,300,224.84,700,224.85,600,224.86,200,224.87,300,224.88,200,224.89,100,224.9,100,224.93,200
2026-02-05 09:36:05,224.7,224.7,8,224.68,200,224.72,200,224.72,224.68,224.68,200,224.67,600,224.66,500,224.65,300,224.64,500,224.63,400,224.62,800,224.61,500,224.6,200,224.59,900,224.72,200,224.75,500,224.76,600,224.77,700,224.78,100,224.79,300,224.8,900,224.82,400,224.83,300,224.84,700
2026-02-05 09:36:06,224.54,224.53,4,224.52,1100,224.56,200,224.56,224.52,224.52,1100,224.51,400,224.5,900,224.49,100,224.48,300,224.47,400,224.46,200,224.44,500,224.43,200,224.42,200,224.56,200,224.57,600,224.58,200,224.59,200,224.62,200,224.65,400,224.66,300,224.67,100,224.68,200,224.7,100
2026-02-05 09:36:06,224.585,224.58,1,224.54,500,224.63,100,224.63,224.54,224.54,500,224.53,100,224.52,1100,224.51,400,224.5,900,224.49,100,224.48,300,224.47,400,224.46,200,224.44,500,224.63,100,224.64,400,224.65,200,224.67,200,224.68,200,224.69,400,224.71,500,224.72,800,224.75,500,224.76,600
