sim_time,mid_price,last_price,last_size,best_bid_price,best_bid_size,best_ask_price,best_ask_size,close_price_buy,close_price_sell,bid1_price,bid1_size,bid2_price,bid2_size,bid3_price,bid3_size,bid4_price,bid4_size,bid5_price,bid5_size,bid6_price,bid6_size,bid7_price,bid7_size,bid8_price,bid8_size,bid9_price,bid9_size,bid10_price,bid10_size,ask1_price,ask1_size,ask2_price,ask2_size,ask3_price,ask3_size,ask4_price,ask4_size,ask5_price,ask5_size,ask6_price,ask6_size,ask7_price,ask7_size,ask8_price,ask8_size,ask9_price,ask9_size,ask10_price,ask10_size
2020-10-29 09:30:27,91.44,0.0,0,91.37,3,91.51,3,91.51,91.37,91.37,3,91.36,3,91.35,5,91.34,1,91.33,14,91.32,3,91.31,5,91.3,3,91.27,2,,,91.51,3,91.52,4,91.57,2,91.58,4,91.59,1,91.79,2,91.87,22,91.91,2,92.89,4,,
2020-10-29 09:30:28,91.445,0.0,0,91.38,3,91.51,3,91.51,91.38,91.38,3,91.37,3,91.36,3,91.35,5,91.34,1,91.33,14,91.32,3,91.31,5,91.3,3,91.27,2,91.51,3,91.52,4,91.57,2,91.58,4,91.59,1,91.79,2,91.87,22,91.91,2,92.89,4,,
2020-10-29 09:30:29,91.405,91.44,1,91.36,2,91.45,1,91.45,91.36,91.36,2,91.35,2,91.34,1,91.33,12,91.32,3,91.31,5,91.3,3,91.27,2,,,,,91.45,1,91.49,1,91.5,6,91.51,5,91.52,4,91.57,2,91.58,4,91.59,1,91.79,2,91.87,22
2020-10-29 09:30:30,91.405,91.44,1,91.36,2,91.45,2,91.45,91.36,91.36,2,91.35,2,91.34,1,91.33,12,91.32,3,91.31,5,91.3,3,91.27,2,,,,,91.45,2,91.49,1,91.5,6,91.51,5,91.52,4,91.57,2,91.58,4,91.59,1,91.79,2,91.87,22
2020-10-29 09:30:31,91.405,91.44,1,91.36,2,91.45,2,91.45,91.36,91.36,2,91.35,2,91.34,1,91.33,12,91.32,3,91.31,5,91.3,3,91.27,2,,,,,91.45,2,91.49,1,91.5,6,91.51,5,91.52,4,91.57,2,91.58,4,91.59,1,91.79,2,91.87,22
2020-10-29 09:30:32,91.405,91.44,1,91.36,2,91.45,2,91.45,91.36,91.36,2,91.35,2,91.34,1,91.33,12,91.32,3,91.31,5,91.3,3,91.27,2,,,,,91.45,2,91.49,1,91.5,6,91.51,5,91.52,4,91.57,2,91.58,4,91.59,1,91.79,2,91.87,22
2020-10-29 09:30:34,91.405,91.44,1,91.36,2,91.45,2,91.45,91.36,91.36,2,91.35,2,91.34,1,91.33,12,91.32,3,91.31,5,91.3,3,91.27,2,,,,,91.45,2,91.49,1,91.5,6,91.51,5,91.52,4,91.57,2,91.58,4,91.59,1,91.79,2,91.87,22
2020-10-29 09:30:34,91.405,91.44,1,91.36,2,91.45,2,91.45,91.36,91.36,2,91.35,2,91.34,1,91.33,12,91.32,3,91.31,5,91.3,3,91.27,2,,,,,91.45,2,91.49,1,91.5,6,91.51,5,91.52,4,91.57,2,91.58,4,91.59,1,91.79,2,91.87,22
2020-10-29 09:30:35,91.43,91.44,1,91.36,2,91.5,7,91.5,91.36,91.36,2,91.35,2,91.34,1,91.33,12,91.32,3,91.31,5,91.3,3,91.27,2,,,,,91.5,7,91.51,5,91.52,4,91.57,2,91.58,4,91.59,1,91.79,2,91.87,22,91.91,2,92.89,4
2020-10-29 09:30:36,91.43,91.44,1,91.36,2,91.5,7,91.5,91.36,91.36,2,91.35,2,91.34,1,91.33,12,91.32,3,91.31,5,91.3,3,91.27,2,,,,,91.5,7,91.51,5,91.52,4,91.57,2,91.58,4,91.59,1,91.79,2,91.87,22,91.91,2,92.89,4
2020-10-29 09:30:37,91.43,91.44,1,91.36,2,91.5,7,91.5,91.36,91.36,2,91.35,2,91.34,1,91.33,12,91.32,3,91.31,5,91.3,3,91.27,2,,,,,91.5,7,91.51,5,91.52,4,91.57,2,91.58,4,91.59,1,91.79,2,91.87,22,91.91,2,92.89,4
2020-10-29 09:30:38,91.43,91.44,1,91.36,2,91.5,7,91.5,91.36,91.36,2,91.35,2,91.34,1,91.33,12,91.32,3,91.31,5,91.3,3,91.27,2,,,,,91.5,7,91.51,5,91.52,4,91.57,2,91.58,4,91.59,1,91.79,2,91.87,22,91.91,2,92.89,4
2020-10-29 09:30:39,91.43,91.44,1,91.36,9,91.5,7,91.5,91.36,91.36,9,91.35,2,91.34,1,91.33,12,91.32,3,91.31,5,91.3,3,91.27,2,,,,,91.5,7,91.51,5,91.52,4,91.57,2,91.58,4,91.59,1,91.79,2,91.87,22,91.91,2,92.89,4
2020-10-29 09:30:40,91.43,91.44,1,91.36,9,91.5,7,91.5,91.36,91.36,9,91.35,2,91.34,1,91.33,12,91.32,3,91.31,5,91.3,3,91.27,2,,,,,91.5,7,91.51,5,91.52,4,91.57,2,91.58,4,91.59,1,91.79,2,91.87,22,91.91,2,92.89,4
2020-10-29 09:30:41,91.45,91.44,1,91.4,2,91.5,7,91.5,91.4,91.4,2,91.36,9,91.35,2,91.34,1,91.33,12,91.32,3,91.31,5,91.3,3,91.27,2,,,91.5,7,91.51,5,91.52,4,91.57,2,91.58,4,91.59,1,91.79,2,91.87,22,91.91,2,92.89,4
2020-10-29 09:30:42,91.45,91.4,1,91.4,1,91.5,7,91.5,91.4,91.4,1,91.36,9,91.35,2,91.34,1,91.33,12,91.32,3,91.31,5,91.3,3,91.27,2,,,91.5,7,91.51,5,91.52,4,91.57,2,91.58,4,91.59,1,91.79,2,91.87,22,91.91,2,92.89,4
2020-10-29 09:30:43,91.45,91.4,1,91.4,3,91.5,7,91.5,91.4,91.4,3,91.36,9,91.35,2,91.34,1,91.33,12,91.32,3,91.31,5,91.3,3,91.27,2,,,91.5,7,91.51,5,91.52,4,91.57,2,91.58,4,91.59,1,91.79,2,91.87,22,91.91,2,92.89,4
2020-10-29 09:30:44,91.43,91.4,1,91.37,4,91.49,3,91.49,91.37,91.37,4,91.36,8,91.35,2,91.34,1,91.33,12,91.32,3,91.31,5,91.3,3,91.27,2,,,91.49,3,91.5,7,91.51,5,91.52,4,91.57,2,91.58,4,91.59,1,91.79,2,91.87,22,91.91,2
2020-10-29 09:30:45,91.45,91.39,1,91.4,2,91.5,9,91.5,91.4,91.4,2,91.39,4,91.38,3,91.37,4,91.36,8,91.35,2,91.34,1,91.33,12,91.32,3,91.31,5,91.5,9,91.51,5,91.52,4,91.57,2,91.58,4,91.59,1,91.79,2,91.87,22,91.91,2,92.89,4
2020-10-29 09:30:46,91.445,91.39,1,91.39,4,91.5,9,91.5,91.39,91.39,4,91.38,3,91.37,4,91.36,8,91.35,2,91.34,1,91.33,12,91.32,3,91.31,5,91.3,3,91.5,9,91.51,5,91.52,4,91.57,2,91.58,4,91.59,1,91.79,2,91.87,22,91.91,2,92.89,4
2020-10-29 09:30:47,91.45,91.45,1,91.4,2,91.5,9,91.5,91.4,91.4,2,91.39,4,91.38,3,91.37,4,91.36,8,91.35,2,91.34,1,91.33,12,91.32,3,91.31,5,91.5,9,91.51,5,91.52,4,91.57,2,91.58,4,91.59,1,91.79,2,91.87,22,91.91,2,92.89,4
2020-10-29 09:30:48,91.45,91.45,1,91.4,2,91.5,9,91.5,91.4,91.4,2,91.39,4,91.38,3,91.37,4,91.36,8,91.35,2,91.34,1,91.33,12,91.32,3,91.31,5,91.5,9,91.51,5,91.52,4,91.57,2,91.58,4,91.59,1,91.79,2,91.87,22,91.91,2,92.89,4
2020-10-29 09:30:49,91.45,91.45,1,91.4,2,91.5,9,91.5,91.4,91.4,2,91.39,4,91.38,3,91.37,4,91.36,8,91.35,2,91.34,1,91.33,12,91.32,3,91.31,5,91.5,9,91.51,5,91.52,4,91.57,2,91.58,4,91.59,1,91.79,2,91.87,22,91.91,2,92.89,4
2020-10-29 09:30:50,91.45,91.45,1,91.4,2,91.5,9,91.5,91.4,91.4,2,91.39,4,91.38,3,91.37,4,91.36,8,91.35,2,91.34,1,91.33,12,91.32,3,91.31,5,91.5,9,91.51,5,91.52,4,91.57,2,91.58,4,91.59,1,91.79,2,91.87,22,91.91,2,92.89,4
2020-10-29 09:30:51,91.45,91.45,1,91.4,2,91.5,9,91.5,91.4,91.4,2,91.39,4,91.38,3,91.37,4,91.36,8,91.35,2,91.34,1,91.33,12,91.32,3,91.31,5,91.5,9,91.51,5,91.52,4,91.57,2,91.58,4,91.59,1,91.79,2,91.87,22,91.91,2,92.89,4
2020-10-29 09:30:52,91.45,91.45,1,91.4,2,91.5,9,91.5,91.4,91.4,2,91.39,4,91.38,3,91.37,4,91.36,8,91.35,2,91.34,1,91.33,12,91.32,3,91.31,5,91.5,9,91.51,5,91.52,4,91.57,2,91.58,4,91.59,1,91.79,2,91.87,22,91.91,2,92.89,4
2020-10-29 09:30:53,91.455,91.41,1,91.41,2,91.5,6,91.5,91.41,91.41,2,91.4,2,91.39,4,91.38,3,91.37,4,91.36,8,91.35,2,91.34,1,91.33,12,91.32,3,91.5,6,91.51,5,91.52,4,91.57,2,91.58,4,91.59,1,91.79,2,91.87,22,91.91,2,92.89,4
2020-10-29 09:30:54,91.485,91.49,1,91.44,6,91.53,1,91.53,91.44,91.44,6,91.43,1,91.42,8,91.41,4,91.4,2,91.39,4,91.38,3,91.37,4,91.36,8,91.35,2,91.53,1,91.57,2,91.58,4,91.59,1,91.79,2,91.87,22,91.91,2,92.89,4,,,,
2020-10-29 09:30:55,91.545,91.49,1,91.5,8,91.59,1,91.59,91.5,91.5,8,91.47,1,91.45,8,91.44,7,91.43,1,91.42,8,91.41,4,91.4,2,91.39,4,91.38,3,91.59,1,91.6,1,91.79,2,91.87,22,91.91,2,92.89,4,,,,,,,,
2020-10-29 09:30:56,91.565,91.49,1,91.53,3,91.6,1,91.6,91.53,91.53,3,91.52,3,91.51,7,91.5,8,91.47,1,91.45,8,91.44,7,91.43,1,91.42,8,91.41,4,91.6,1,91.79,2,91.87,22,91.91,2,92.89,4,,,,,,,,,,
2020-10-29 09:30:57,91.635,91.6,1,91.56,1,91.71,5,91.71,91.56,91.56,1,91.55,1,91.54,3,91.53,3,91.52,3,91.51,7,91.5,8,91.47,1,91.45,8,91.44,7,91.71,5,91.75,2,91.78,2,91.79,2,91.87,22,91.91,2,92.89,4,,,,,,
2020-10-29 09:30:58,91.635,91.71,1,91.56,3,91.71,5,91.71,91.56,91.56,3,91.55,1,91.54,3,91.53,3,91.52,3,91.51,7,91.5,8,91.47,1,91.45,8,91.44,7,91.71,5,91.75,2,91.78,2,91.79,2,91.87,22,91.91,2,92.89,4,,,,,,
2020-10-29 09:31:00,91.635,91.58,2,91.56,3,91.71,6,91.71,91.56,91.56,3,91.55,1,91.54,3,91.53,3,91.52,3,91.51,7,91.5,8,91.47,1,91.45,8,91.44,7,91.71,6,91.75,2,91.78,2,91.79,2,91.87,22,91.91,2,92.89,4,,,,,,
2020-10-29 09:31:00,91.635,91.58,2,91.56,5,91.71,6,91.71,91.56,91.56,5,91.55,1,91.54,3,91.53,3,91.52,3,91.51,7,91.5,8,91.47,1,91.45,8,91.44,7,91.71,6,91.75,2,91.78,2,91.79,2,91.87,22,91.91,2,92.89,4,,,,,,
2020-10-29 09:31:01,91.635,91.58,2,91.56,5,91.71,6,91.71,91.56,91.56,5,91.55,1,91.54,3,91.53,3,91.52,3,91.51,7,91.5,8,91.47,1,91.45,8,91.44,7,91.71,6,91.75,2,91.78,2,91.79,2,91.87,22,91.91,2,92.89,4,,,,,,
2020-10-29 09:31:02,91.615,91.58,2,91.52,1,91.71,6,91.71,91.52,91.52,1,91.51,10,91.5,8,91.47,1,91.45,8,91.44,7,91.43,1,91.42,8,91.41,4,91.4,2,91.71,6,91.75,2,91.78,2,91.79,2,91.87,22,91.91,2,92.89,4,,,,,,
2020-10-29 09:31:04,91.615,91.58,2,91.52,1,91.71,6,91.71,91.52,91.52,1,91.51,10,91.5,8,91.47,1,91.45,8,91.44,7,91.43,1,91.42,8,91.41,4,91.4,2,91.71,6,91.75,2,91.78,2,91.79,2,91.87,22,91.91,2,92.89,4,,,,,,
2020-10-29 09:31:05,91.61,91.58,2,91.51,10,91.71,6,91.71,91.51,91.51,10,91.5,8,91.47,1,91.45,8,91.44,7,91.43,1,91.42,8,91.41,4,91.4,2,91.39,4,91.71,6,91.75,2,91.78,2,91.79,2,91.87,22,91.91,2,92.89,4,,,,,,
2020-10-29 09:31:06,91.61,91.58,2,91.51,10,91.71,6,91.71,91.51,91.51,10,91.5,8,91.47,1,91.45,8,91.44,7,91.43,1,91.42,8,91.41,4,91.4,2,91.39,4,91.71,6,91.75,2,91.78,2,91.79,2,91.87,22,91.91,2,92.89,4,,,,,,
2020-10-29 09:31:07,91.555,91.58,2,91.51,10,91.6,1,91.6,91.51,91.51,10,91.5,8,91.47,1,91.45,8,91.44,7,91.43,1,91.42,8,91.41,4,91.4,2,91.39,4,91.6,1,91.71,6,91.75,2,91.78,2,91.79,2,91.87,22,91.91,2,92.89,4,,,,
2020-10-29 09:31:08,91.555,91.58,2,91.51,10,91.6,1,91.6,91.51,91.51,10,91.5,8,91.47,1,91.45,8,91.44,7,91.43,1,91.42,8,91.41,4,91.4,2,91.39,4,91.6,1,91.71,6,91.75,2,91.78,2,91.79,2,91.87,22,91.91,2,92.89,4,,,,
2020-10-29 09:31:09,91.555,91.58,2,91.51,8,91.6,3,91.6,91.51,91.51,8,91.5,8,91.47,1,91.45,8,91.44,7,91.43,1,91.42,8,91.41,4,91.4,2,91.39,4,91.6,3,91.71,6,91.75,2,91.78,2,91.79,2,91.87,22,91.91,2,92.89,4,,,,
2020-10-29 09:31:10,91.56,91.55,1,91.52,4,91.6,3,91.6,91.52,91.52,4,91.51,3,91.5,1,91.46,3,91.45,8,91.44,7,91.43,1,91.42,8,91.41,4,91.4,2,91.6,3,91.71,6,91.75,2,91.78,2,91.79,2,91.87,22,91.91,2,92.89,4,,,,
2020-10-29 09:31:11,91.56,91.55,1,91.52,4,91.6,3,91.6,91.52,91.52,4,91.51,3,91.5,1,91.46,3,91.45,8,91.44,7,91.43,1,91.42,8,91.41,4,91.4,2,91.6,3,91.71,6,91.75,2,91.78,2,91.79,2,91.87,22,91.91,2,92.89,4,,,,
2020-10-29 09:31:12,91.615,91.6,1,91.57,2,91.66,2,91.66,91.57,91.57,2,91.56,3,91.55,2,91.52,4,91.51,3,91.5,1,91.46,3,91.45,8,91.44,7,91.43,1,91.66,2,91.71,7,91.75,2,91.78,2,91.79,2,91.87,22,91.91,2,92.89,4,,,,
2020-10-29 09:31:13,91.615,91.6,1,91.57,2,91.66,2,91.66,91.57,91.57,2,91.56,3,91.55,2,91.52,4,91.51,3,91.5,1,91.46,3,91.45,8,91.44,7,91.43,1,91.66,2,91.71,7,91.75,2,91.78,2,91.79,2,91.87,22,91.91,2,92.89,4,,,,
2020-10-29 09:31:14,91.62,91.6,1,91.58,2,91.66,2,91.66,91.58,91.58,2,91.57,2,91.56,3,91.55,2,91.52,4,91.51,3,91.5,1,91.46,3,91.45,8,91.44,7,91.66,2,91.71,7,91.75,2,91.78,2,91.79,2,91.87,22,91.91,2,92.89,4,,,,
2020-10-29 09:31:15,91.61,91.58,1,91.56,6,91.66,3,91.66,91.56,91.56,6,91.53,3,91.52,4,91.51,3,91.5,1,91.46,3,91.45,8,91.44,7,91.43,1,91.42,8,91.66,3,91.71,7,91.75,2,91.78,2,91.79,2,91.87,22,91.91,2,92.89,4,,,,
2020-10-29 09:31:16,91.595,91.56,1,91.53,4,91.66,3,91.66,91.53,91.53,4,91.52,4,91.51,3,91.5,1,91.46,3,91.45,8,91.44,7,91.43,1,91.42,8,91.41,4,91.66,3,91.71,7,91.75,2,91.78,2,91.79,2,91.87,22,91.91,2,92.89,4,,,,
2020-10-29 09:31:16,91.595,91.56,1,91.53,5,91.66,3,91.66,91.53,91.53,5,91.52,4,91.51,3,91.5,1,91.46,3,91.45,8,91.44,7,91.43,1,91.42,8,91.41,4,91.66,3,91.71,7,91.75,2,91.78,2,91.79,2,91.87,22,91.91,2,92.89,4,,,,
2020-10-29 09:31:18,91.595,91.65,1,91.53,4,91.66,3,91.66,91.53,91.53,4,91.52,4,91.51,3,91.5,1,91.46,3,91.45,8,91.44,7,91.43,1,91.42,8,91.41,4,91.66,3,91.71,7,91.75,2,91.78,2,91.79,2,91.87,22,91.91,2,92.89,4,,,,
2020-10-29 09:31:19,91.615,91.65,1,91.57,1,91.66,3,91.66,91.57,91.57,1,91.55,1,91.53,4,91.52,4,91.51,3,91.5,1,91.46,3,91.45,8,91.44,7,91.43,1,91.66,3,91.71,7,91.75,2,91.78,2,91.79,2,91.87,22,91.91,2,92.89,4,,,,
2020-10-29 09:31:20,91.615,91.65,1,91.57,3,91.66,3,91.66,91.57,91.57,3,91.55,1,91.53,4,91.52,4,91.51,3,91.5,1,91.46,3,91.45,8,91.44,7,91.43,1,91.66,3,91.71,7,91.75,2,91.78,2,91.79,2,91.87,22,91.91,2,92.89,4,,,,
2020-10-29 09:31:21,91.615,91.65,1,91.57,3,91.66,3,91.66,91.57,91.57,3,91.55,1,91.53,4,91.52,4,91.51,3,91.5,1,91.46,3,91.45,8,91.44,7,91.43,1,91.66,3,91.71,7,91.75,2,91.78,2,91.79,2,91.87,22,91.91,2,92.89,4,,,,
2020-10-29 09:31:22,91.615,91.65,1,91.57,3,91.66,3,91.66,91.57,91.57,3,91.55,1,91.53,4,91.52,4,91.51,3,91.5,1,91.46,3,91.45,8,91.44,7,91.43,1,91.66,3,91.71,7,91.75,2,91.78,2,91.79,2,91.87,22,91.91,2,92.89,4,,,,
2020-10-29 09:31:23,91.615,91.65,1,91.57,3,91.66,3,91.66,91.57,91.57,3,91.55,1,91.53,4,91.52,4,91.51,3,91.5,1,91.46,3,91.45,8,91.44,7,91.43,1,91.66,3,91.71,7,91.75,2,91.78,2,91.79,2,91.87,22,91.91,2,92.89,4,,,,
2020-10-29 09:31:24,91.615,91.65,1,91.57,3,91.66,3,91.66,91.57,91.57,3,91.55,1,91.53,4,91.52,4,91.51,3,91.5,1,91.46,3,91.45,8,91.44,7,91.43,1,91.66,3,91.71,7,91.75,2,91.78,2,91.79,2,91.87,22,91.91,2,92.89,4,,,,
2020-10-29 09:31:25,91.615,91.65,1,91.57,3,91.66,3,91.66,91.57,91.57,3,91.55,1,91.53,4,91.52,4,91.51,3,91.5,1,91.46,3,91.45,8,91.44,7,91.43,1,91.66,3,91.71,7,91.75,2,91.78,2,91.79,2,91.87,22,91.91,2,92.89,4,,,,
2020-10-29 09:31:26,91.615,91.65,1,91.57,3,91.66,3,91.66,91.57,91.57,3,91.55,1,91.53,4,91.52,4,91.51,3,91.5,1,91.46,3,91.45,8,91.44,7,91.43,1,91.66,3,91.71,7,91.75,2,91.78,2,91.79,2,91.87,22,91.91,2,92.89,4,,,,
2020-10-29 09:31:27,91.615,91.65,1,91.57,3,91.66,3,91.66,91.57,91.57,3,91.55,1,91.53,4,91.52,4,91.51,3,91.5,1,91.46,3,91.45,8,91.44,7,91.43,1,91.66,3,91.71,7,91.75,2,91.78,2,91.79,2,91.87,22,91.91,2,92.89,4,,,,
2020-10-29 09:31:28,91.615,91.65,1,91.57,3,91.66,3,91.66,91.57,91.57,3,91.55,1,91.53,4,91.52,4,91.51,3,91.5,1,91.46,3,91.45,8,91.44,7,91.43,1,91.66,3,91.71,7,91.75,2,91.78,2,91.79,2,91.87,22,91.91,2,92.89,4,,,,
2020-10-29 09:31:29,91.615,91.65,1,91.57,3,91.66,3,91.66,91.57,91.57,3,91.55,1,91.53,4,91.52,4,91.51,3,91.5,1,91.46,3,91.45,8,91.44,7,91.43,1,91.66,3,91.71,7,91.75,2,91.78,2,91.79,2,91.87,22,91.91,2,92.89,4,,,,
2020-10-29 09:31:30,91.615,91.65,1,91.57,3,91.66,3,91.66,91.57,91.57,3,91.55,1,91.53,4,91.52,4,91.51,3,91.5,1,91.46,3,91.45,8,91.44,7,91.43,1,91.66,3,91.71,7,91.75,2,91.78,2,91.79,2,91.87,22,91.91,2,92.89,4,,,,
2020-10-29 09:31:31,91.615,91.65,1,91.57,3,91.66,3,91.66,91.57,91.57,3,91.55,1,91.53,4,91.52,4,91.51,3,91.5,1,91.46,3,91.45,8,91.44,7,91.43,1,91.66,3,91.71,7,91.75,2,91.78,2,91.79,2,91.87,22,91.91,2,92.89,4,,,,
2020-10-29 09:31:32,91.615,91.65,1,91.57,3,91.66,3,91.66,91.57,91.57,3,91.55,1,91.53,4,91.52,4,91.51,3,91.5,1,91.46,3,91.45,8,91.44,7,91.43,1,91.66,3,91.71,7,91.75,2,91.78,2,91.79,2,91.87,22,91.91,2,92.89,4,,,,
2020-10-29 09:31:33,91.615,91.65,1,91.57,3,91.66,3,91.66,91.57,91.57,3,91.55,1,91.53,4,91.52,4,91.51,3,91.5,1,91.46,3,91.45,8,91.44,7,91.43,1,91.66,3,91.71,7,91.75,2,91.78,2,91.79,2,91.87,22,91.91,2,92.89,4,,,,
2020-10-29 09:31:34,91.615,91.65,1,91.57,3,91.66,3,91.66,91.57,91.57,3,91.55,1,91.53,4,91.52,4,91.51,3,91.5,1,91.46,3,91.45,8,91.44,7,91.43,1,91.66,3,91.71,7,91.75,2,91.78,2,91.79,2,91.87,22,91.91,2,92.89,4,,,,
2020-10-29 09:31:35,91.615,91.65,1,91.57,3,91.66,3,91.66,91.57,91.57,3,91.55,1,91.53,4,91.52,4,91.51,3,91.5,1,91.46,3,91.45,8,91.44,7,91.43,1,91.66,3,91.71,7,91.75,2,91.78,2,91.79,2,91.87,22,91.91,2,92.89,4,,,,
2020-10-29 09:31:36,91.61,91.65,1,91.56,3,91.66,3,91.66,91.56,91.56,3,91.55,1,91.53,4,91.52,4,91.51,3,91.5,1,91.46,3,91.45,8,91.44,7,91.43,1,91.66,3,91.71,7,91.75,2,91.78,2,91.79,2,91.87,22,91.91,2,92.89,4,,,,
2020-10-29 09:31:37,91.595,91.65,1,91.53,4,91.66,3,91.66,91.53,91.53,4,91.52,4,91.51,3,91.5,1,91.46,3,91.45,8,91.44,7,91.43,1,91.42,8,91.41,4,91.66,3,91.71,7,91.75,2,91.78,2,91.79,2,91.87,22,91.91,2,92.89,4,,,,
2020-10-29 09:31:38,91.6,91.6,1,91.54,4,91.66,4,91.66,91.54,91.54,4,91.53,6,91.52,4,91.51,3,91.5,1,91.46,3,91.45,8,91.44,7,91.43,1,91.42,8,91.66,4,91.71,7,91.75,2,91.78,2,91.79,2,91.87,22,91.91,2,92.89,4,,,,
2020-10-29 09:31:39,91.6,91.6,1,91.54,5,91.66,4,91.66,91.54,91.54,5,91.53,6,91.52,4,91.51,3,91.5,1,91.46,3,91.45,8,91.44,7,91.43,1,91.42,8,91.66,4,91.71,7,91.75,2,91.78,2,91.79,2,91.87,22,91.91,2,92.89,4,,,,
2020-10-29 09:31:40,91.6,91.6,1,91.54,5,91.66,4,91.66,91.54,91.54,5,91.53,6,91.52,4,91.51,3,91.5,1,91.46,3,91.45,8,91.44,7,91.43,1,91.42,8,91.66,4,91.71,7,91.75,2,91.78,2,91.79,2,91.87,22,91.91,2,92.89,4,,,,
2020-10-29 09:31:41,91.595,91.53,1,91.53,3,91.66,4,91.66,91.53,91.53,3,91.52,3,91.48,1,91.47,2,91.46,3,91.45,8,91.44,7,91.43,1,91.42,8,91.41,4,91.66,4,91.71,7,91.75,2,91.78,2,91.79,2,91.87,22,91.91,2,92.89,4,,,,
2020-10-29 09:31:42,91.595,91.66,1,91.53,3,91.66,4,91.66,91.53,91.53,3,91.52,3,91.48,1,91.47,2,91.46,3,91.45,8,91.44,7,91.43,1,91.42,8,91.41,4,91.66,4,91.71,7,91.75,2,91.78,2,91.79,2,91.87,22,91.91,2,92.89,4,,,,
2020-10-29 09:31:43,91.595,91.66,1,91.53,3,91.66,4,91.66,91.53,91.53,3,91.52,3,91.48,1,91.47,2,91.46,3,91.45,8,91.44,7,91.43,1,91.42,8,91.41,4,91.66,4,91.71,7,91.75,2,91.78,2,91.79,2,91.87,22,91.91,2,92.89,4,,,,
2020-10-29 09:31:44,91.595,91.66,1,91.53,3,91.66,4,91.66,91.53,91.53,3,91.52,3,91.48,1,91.47,2,91.46,3,91.45,8,91.44,7,91.43,1,91.42,8,91.41,4,91.66,4,91.71,7,91.75,2,91.78,2,91.79,2,91.87,22,91.91,2,92.89,4,,,,
2020-10-29 09:31:45,91.585,91.58,1,91.51,1,91.66,4,91.66,91.51,91.51,1,91.5,1,91.48,1,91.47,2,91.46,3,91.45,8,91.44,7,91.43,1,91.42,8,91.41,4,91.66,4,91.71,7,91.75,2,91.78,2,91.79,2,91.87,22,91.91,2,92.89,4,,,,
2020-10-29 09:31:46,91.585,91.58,1,91.51,1,91.66,4,91.66,91.51,91.51,1,91.5,1,91.48,1,91.47,2,91.46,3,91.45,8,91.44,7,91.43,1,91.42,8,91.41,4,91.66,4,91.71,7,91.75,2,91.78,2,91.79,2,91.87,22,91.91,2,92.89,4,,,,
2020-10-29 09:31:47,91.585,91.58,1,91.51,1,91.66,4,91.66,91.51,91.51,1,91.5,1,91.48,1,91.47,2,91.46,3,91.45,8,91.44,7,91.43,1,91.42,8,91.41,4,91.66,4,91.71,7,91.75,2,91.78,2,91.79,2,91.87,22,91.91,2,92.89,4,,,,
2020-10-29 09:31:48,91.585,91.58,1,91.51,1,91.66,4,91.66,91.51,91.51,1,91.5,1,91.48,1,91.47,2,91.46,3,91.45,8,91.44,7,91.43,1,91.42,8,91.41,4,91.66,4,91.71,7,91.75,2,91.78,2,91.79,2,91.87,22,91.91,2,92.89,4,,,,
2020-10-29 09:31:49,91.585,91.58,1,91.51,1,91.66,4,91.66,91.51,91.51,1,91.5,1,91.48,1,91.47,2,91.46,3,91.45,8,91.44,7,91.43,1,91.42,8,91.41,4,91.66,4,91.71,7,91.75,2,91.78,2,91.79,2,91.87,22,91.91,2,92.89,4,,,,
2020-10-29 09:31:50,91.585,91.58,1,91.51,1,91.66,4,91.66,91.51,91.51,1,91.5,1,91.48,1,91.47,2,91.46,3,91.45,8,91.44,7,91.43,1,91.42,8,91.41,4,91.66,4,91.71,7,91.75,2,91.78,2,91.79,2,91.87,22,91.91,2,92.89,4,,,,
2020-10-29 09:31:51,91.585,91.58,1,91.51,1,91.66,4,91.66,91.51,91.51,1,91.5,1,91.48,1,91.47,2,91.46,3,91.45,8,91.44,7,91.43,1,91.42,8,91.41,4,91.66,4,91.71,7,91.75,2,91.78,2,91.79,2,91.87,22,91.91,2,92.89,4,,,,
2020-10-29 09:31:52,91.6,91.58,1,91.54,3,91.66,4,91.66,91.54,91.54,3,91.53,2,91.5,1,91.48,1,91.47,2,91.46,3,91.45,8,91.44,7,91.43,1,91.42,8,91.66,4,91.71,7,91.75,2,91.78,2,91.79,2,91.87,22,91.91,2,92.89,4,,,,
2020-10-29 09:31:53,91.58,91.54,1,91.5,1,91.66,4,91.66,91.5,91.5,1,91.48,2,91.46,2,91.45,8,91.44,7,91.43,1,91.42,8,91.41,4,91.4,2,91.39,4,91.66,4,91.71,7,91.75,2,91.78,2,91.79,2,91.87,22,91.91,2,92.89,4,,,,
2020-10-29 09:31:54,91.58,91.54,1,91.5,1,91.66,4,91.66,91.5,91.5,1,91.48,2,91.46,2,91.45,8,91.44,7,91.43,1,91.42,8,91.41,4,91.4,2,91.39,4,91.66,4,91.71,7,91.75,2,91.78,2,91.79,2,91.87,22,91.91,2,92.89,4,,,,
2020-10-29 09:31:55,91.58,91.54,1,91.5,1,91.66,4,91.66,91.5,91.5,1,91.48,2,91.46,2,91.45,8,91.44,7,91.43,1,91.42,8,91.41,4,91.4,2,91.39,4,91.66,4,91.71,7,91.75,2,91.78,2,91.79,2,91.87,22,91.91,2,92.89,4,,,,
2020-10-29 09:31:56,91.58,91.54,1,91.5,1,91.66,4,91.66,91.5,91.5,1,91.48,2,91.46,2,91.45,8,91.44,7,91.43,1,91.42,8,91.41,4,91.4,2,91.39,4,91.66,4,91.71,7,91.75,2,91.78,2,91.79,2,91.87,22,91.91,2,92.89,4,,,,
2020-10-29 09:31:57,91.58,91.54,1,91.5,1,91.66,4,91.66,91.5,91.5,1,91.48,2,91.46,2,91.45,8,91.44,7,91.43,1,91.42,8,91.41,4,91.4,2,91.39,4,91.66,4,91.71,7,91.75,2,91.78,2,91.79,2,91.87,22,91.91,2,92.89,4,,,,
2020-10-29 09:31:58,91.58,91.54,1,91.5,1,91.66,4,91.66,91.5,91.5,1,91.48,2,91.46,2,91.45,8,91.44,7,91.43,1,91.42,8,91.41,4,91.4,2,91.39,4,91.66,4,91.71,7,91.75,2,91.78,2,91.79,2,91.87,22,91.91,2,92.89,4,,,,
2020-10-29 09:31:59,91.555,91.54,1,91.47,1,91.64,2,91.64,91.47,91.47,1,91.46,2,91.45,8,91.44,7,91.43,1,91.42,8,91.41,4,91.4,2,91.39,4,91.38,3,91.64,2,91.65,3,91.66,4,91.71,7,91.75,2,91.78,2,91.79,2,91.87,22,91.91,2,92.89,4
2020-10-29 09:32:00,91.56,91.54,1,91.47,1,91.65,3,91.65,91.47,91.47,1,91.46,2,91.45,8,91.44,7,91.43,1,91.42,8,91.41,4,91.4,2,91.39,4,91.38,3,91.65,3,91.66,4,91.71,7,91.75,2,91.78,2,91.79,2,91.87,22,91.91,2,92.89,4,,
2020-10-29 09:32:01,91.555,91.54,1,91.47,2,91.64,3,91.64,91.47,91.47,2,91.46,2,91.45,8,91.44,7,91.43,1,91.42,8,91.41,4,91.4,2,91.39,4,91.38,3,91.64,3,91.65,5,91.66,4,91.71,7,91.75,2,91.78,2,91.79,2,91.87,22,91.91,2,92.89,4
2020-10-29 09:32:02,91.56,91.54,1,91.48,3,91.64,2,91.64,91.48,91.48,3,91.47,1,91.46,1,91.45,8,91.44,7,91.43,1,91.42,8,91.41,4,91.4,2,91.39,4,91.64,2,91.65,5,91.66,4,91.71,7,91.75,2,91.78,2,91.79,2,91.87,22,91.91,2,92.89,4
2020-10-29 09:32:03,91.56,91.54,1,91.48,5,91.64,2,91.64,91.48,91.48,5,91.47,1,91.46,1,91.45,8,91.44,7,91.43,1,91.42,8,91.41,4,91.4,2,91.39,4,91.64,2,91.65,5,91.66,4,91.71,7,91.75,2,91.78,2,91.79,2,91.87,22,91.91,2,92.89,4
2020-10-29 09:32:04,91.56,91.54,1,91.48,4,91.64,2,91.64,91.48,91.48,4,91.47,1,91.46,1,91.45,8,91.44,7,91.43,1,91.42,8,91.41,4,91.4,2,91.39,4,91.64,2,91.65,5,91.66,4,91.71,7,91.75,2,91.78,2,91.79,2,91.87,22,91.91,2,92.89,4
2020-10-29 09:32:05,91.56,91.54,1,91.48,6,91.64,2,91.64,91.48,91.48,6,91.47,1,91.46,1,91.45,8,91.44,7,91.43,1,91.42,8,91.41,4,91.4,2,91.39,4,91.64,2,91.65,5,91.66,4,91.71,7,91.75,2,91.78,2,91.79,2,91.87,22,91.91,2,92.89,4
2020-10-29 09:32:06,91.56,91.54,1,91.48,6,91.64,2,91.64,91.48,91.48,6,91.47,1,91.46,1,91.45,8,91.44,7,91.43,1,91.42,8,91.41,4,91.4,2,91.39,4,91.64,2,91.65,5,91.66,4,91.71,7,91.75,2,91.78,2,91.79,2,91.87,22,91.91,2,92.89,4
2020-10-29 09:32:07,91.56,91.54,1,91.48,6,91.64,2,91.64,91.48,91.48,6,91.47,1,91.46,1,91.45,8,91.44,7,91.43,1,91.42,8,91.41,4,91.4,2,91.39,4,91.64,2,91.65,5,91.66,4,91.71,7,91.75,2,91.78,2,91.79,2,91.87,22,91.91,2,92.89,4
2020-10-29 09:32:08,91.56,91.54,1,91.48,5,91.64,2,91.64,91.48,91.48,5,91.47,1,91.46,1,91.45,8,91.44,7,91.43,1,91.42,8,91.41,4,91.4,2,91.39,4,91.64,2,91.65,5,91.66,4,91.71,7,91.75,2,91.78,2,91.79,2,91.87,22,91.91,2,92.89,4
2020-10-29 09:32:09,91.565,91.54,1,91.49,1,91.64,2,91.64,91.49,91.49,1,91.48,5,91.47,1,91.46,1,91.45,8,91.44,7,91.43,1,91.42,8,91.41,4,91.4,2,91.64,2,91.65,5,91.66,4,91.71,7,91.75,2,91.78,2,91.79,2,91.87,22,91.91,2,92.89,4
2020-10-29 09:32:10,91.56,91.54,1,91.48,5,91.64,2,91.64,91.48,91.48,5,91.47,1,91.46,1,91.45,8,91.44,7,91.43,1,91.42,8,91.41,4,91.4,2,91.39,4,91.64,2,91.65,5,91.66,4,91.71,7,91.75,2,91.78,2,91.79,2,91.87,22,91.91,2,92.89,4
2020-10-29 09:32:11,91.5,91.48,1,91.42,8,91.58,6,91.58,91.42,91.42,8,91.41,4,91.4,2,91.39,4,91.38,3,91.37,4,91.36,8,91.35,2,91.34,1,91.33,12,91.58,6,91.59,1,91.64,2,91.65,5,91.66,4,91.71,7,91.75,2,91.78,2,91.79,2,91.87,22
2020-10-29 09:32:12,91.455,91.55,1,91.34,1,91.57,4,91.57,91.34,91.34,1,91.33,2,91.32,5,91.31,5,91.3,3,91.27,2,,,,,,,,,91.57,4,91.58,8,91.59,1,91.64,2,91.65,5,91.66,4,91.71,7,91.75,2,91.78,2,91.79,2
2020-10-29 09:32:13,91.455,91.55,1,91.34,1,91.57,4,91.57,91.34,91.34,1,91.33,2,91.32,5,91.31,5,91.3,3,91.27,2,,,,,,,,,91.57,4,91.58,8,91.59,1,91.64,2,91.65,5,91.66,4,91.71,7,91.75,2,91.78,2,91.79,2
2020-10-29 09:32:14,91.455,91.55,1,91.34,2,91.57,4,91.57,91.34,91.34,2,91.33,2,91.32,5,91.31,5,91.3,3,91.27,2,,,,,,,,,91.57,4,91.58,8,91.59,1,91.64,2,91.65,5,91.66,4,91.71,7,91.75,2,91.78,2,91.79,2
2020-10-29 09:32:15,91.455,91.55,1,91.34,2,91.57,7,91.57,91.34,91.34,2,91.33,2,91.32,5,91.31,5,91.3,3,91.27,2,,,,,,,,,91.57,7,91.58,8,91.59,1,91.64,2,91.65,5,91.66,4,91.71,7,91.75,2,91.78,2,91.79,2
2020-10-29 09:32:16,91.455,91.55,1,91.34,2,91.57,7,91.57,91.34,91.34,2,91.33,2,91.32,5,91.31,5,91.3,3,91.27,2,,,,,,,,,91.57,7,91.58,8,91.59,1,91.64,2,91.65,5,91.66,4,91.71,7,91.75,2,91.78,2,91.79,2
2020-10-29 09:32:17,91.455,91.55,1,91.34,2,91.57,7,91.57,91.34,91.34,2,91.33,2,91.32,5,91.31,5,91.3,3,91.27,2,,,,,,,,,91.57,7,91.58,8,91.59,1,91.64,2,91.65,5,91.66,4,91.71,7,91.75,2,91.78,2,91.79,2
2020-10-29 09:32:18,91.455,91.55,1,91.34,2,91.57,7,91.57,91.34,91.34,2,91.33,2,91.32,5,91.31,5,91.3,3,91.27,2,,,,,,,,,91.57,7,91.58,8,91.59,1,91.64,2,91.65,5,91.66,4,91.71,7,91.75,2,91.78,2,91.79,2
2020-10-29 09:32:19,91.45,91.46,1,91.34,3,91.56,5,91.56,91.34,91.34,3,91.33,2,91.32,5,91.31,5,91.3,3,91.27,2,,,,,,,,,91.56,5,91.57,7,91.58,8,91.59,1,91.64,2,91.65,5,91.66,4,91.71,7,91.75,2,91.78,2
2020-10-29 09:32:20,91.43,91.46,1,91.34,3,91.52,4,91.52,91.34,91.34,3,91.33,2,91.32,5,91.31,5,91.3,3,91.27,2,,,,,,,,,91.52,4,91.53,3,91.54,3,91.55,4,91.56,5,91.57,7,91.58,8,91.59,1,91.64,2,91.65,5
2020-10-29 09:32:21,91.43,91.46,1,91.34,3,91.52,4,91.52,91.34,91.34,3,91.33,2,91.32,5,91.31,5,91.3,3,91.27,2,,,,,,,,,91.52,4,91.53,3,91.54,3,91.55,4,91.56,5,91.57,7,91.58,8,91.59,1,91.64,2,91.65,5
2020-10-29 09:32:22,91.43,91.46,1,91.34,3,91.52,4,91.52,91.34,91.34,3,91.33,2,91.32,5,91.31,5,91.3,3,91.27,2,,,,,,,,,91.52,4,91.53,3,91.54,3,91.55,4,91.56,5,91.57,7,91.58,8,91.59,1,91.64,2,91.65,5
2020-10-29 09:32:23,91.43,91.46,1,91.34,3,91.52,4,91.52,91.34,91.34,3,91.33,2,91.32,5,91.31,5,91.3,3,91.27,2,,,,,,,,,91.52,4,91.53,3,91.54,3,91.55,4,91.56,5,91.57,7,91.58,8,91.59,1,91.64,2,91.65,5
2020-10-29 09:32:24,91.43,91.46,1,91.34,3,91.52,6,91.52,91.34,91.34,3,91.33,2,91.32,5,91.31,5,91.3,3,91.27,2,,,,,,,,,91.52,6,91.53,3,91.54,3,91.55,4,91.56,5,91.57,7,91.58,8,91.59,1,91.64,2,91.65,5
2020-10-29 09:32:25,91.43,91.46,1,91.34,3,91.52,6,91.52,91.34,91.34,3,91.33,2,91.32,5,91.31,5,91.3,3,91.27,2,,,,,,,,,91.52,6,91.53,3,91.54,3,91.55,4,91.56,5,91.57,7,91.58,8,91.59,1,91.64,2,91.65,5
2020-10-29 09:32:26,91.425,91.46,1,91.34,4,91.51,4,91.51,91.34,91.34,4,91.33,2,91.32,5,91.31,5,91.3,3,91.27,2,,,,,,,,,91.51,4,91.52,6,91.53,3,91.54,3,91.55,4,91.56,5,91.57,7,91.58,8,91.59,1,91.64,2
2020-10-29 09:32:27,91.425,91.46,1,91.34,4,91.51,1,91.51,91.34,91.34,4,91.33,2,91.32,5,91.31,5,91.3,3,91.27,2,,,,,,,,,91.51,1,91.52,5,91.53,3,91.54,3,91.55,4,91.56,5,91.57,7,91.58,8,91.59,1,91.64,2
2020-10-29 09:32:28,91.425,91.46,1,91.34,6,91.51,1,91.51,91.34,91.34,6,91.33,2,91.32,5,91.31,5,91.3,3,91.27,2,,,,,,,,,91.51,1,91.52,5,91.53,3,91.54,3,91.55,4,91.56,5,91.57,7,91.58,8,91.59,1,91.64,2
2020-10-29 09:32:29,91.425,91.46,1,91.34,6,91.51,1,91.51,91.34,91.34,6,91.33,2,91.32,5,91.31,5,91.3,3,91.27,2,,,,,,,,,91.51,1,91.52,5,91.53,3,91.54,3,91.55,4,91.56,5,91.57,7,91.58,8,91.59,1,91.64,2
2020-10-29 09:32:30,91.42,91.46,1,91.34,6,91.5,3,91.5,91.34,91.34,6,91.33,2,91.32,5,91.31,5,91.3,3,91.27,2,,,,,,,,,91.5,3,91.51,1,91.52,5,91.53,3,91.54,3,91.55,4,91.56,5,91.57,7,91.58,8,91.59,1
2020-10-29 09:32:31,91.42,91.46,1,91.34,6,91.5,3,91.5,91.34,91.34,6,91.33,2,91.32,5,91.31,5,91.3,3,91.27,2,,,,,,,,,91.5,3,91.51,1,91.52,5,91.53,3,91.54,3,91.55,4,91.56,5,91.57,7,91.58,8,91.59,1
2020-10-29 09:32:32,91.42,91.46,1,91.34,6,91.5,3,91.5,91.34,91.34,6,91.33,2,91.32,5,91.31,5,91.3,3,91.27,2,,,,,,,,,91.5,3,91.51,1,91.52,5,91.53,3,91.54,3,91.55,4,91.56,5,91.57,7,91.58,8,91.59,1
2020-10-29 09:32:33,91.42,91.46,1,91.34,6,91.5,3,91.5,91.34,91.34,6,91.33,2,91.32,5,91.31,5,91.3,3,91.27,2,,,,,,,,,91.5,3,91.51,1,91.52,5,91.53,3,91.54,3,91.55,4,91.56,5,91.57,7,91.58,8,91.59,1
2020-10-29 09:32:34,91.42,91.46,1,91.34,6,91.5,3,91.5,91.34,91.34,6,91.33,2,91.32,5,91.31,5,91.3,3,91.27,2,,,,,,,,,91.5,3,91.51,1,91.52,5,91.53,3,91.54,3,91.55,4,91.56,5,91.57,7,91.58,8,91.59,1
2020-10-29 09:32:35,91.42,91.46,1,91.34,6,91.5,3,91.5,91.34,91.34,6,91.33,2,91.32,5,91.31,5,91.3,3,91.27,2,,,,,,,,,91.5,3,91.51,1,91.52,5,91.53,3,91.54,3,91.55,4,91.56,5,91.57,7,91.58,8,91.59,1
2020-10-29 09:32:36,91.425,91.46,1,91.35,2,91.5,3,91.5,91.35,91.35,2,91.34,7,91.33,2,91.32,5,91.31,5,91.3,3,91.27,2,,,,,,,91.5,3,91.51,1,91.52,5,91.53,3,91.54,3,91.55,4,91.56,5,91.57,7,91.58,8,91.59,1
2020-10-29 09:32:37,91.43,91.46,1,91.36,3,91.5,4,91.5,91.36,91.36,3,91.35,4,91.34,7,91.33,2,91.32,5,91.31,5,91.3,3,91.27,2,,,,,91.5,4,91.51,1,91.52,5,91.53,3,91.54,3,91.55,4,91.56,5,91.57,7,91.58,8,91.59,1
2020-10-29 09:32:38,91.43,91.46,1,91.36,6,91.5,5,91.5,91.36,91.36,6,91.35,4,91.34,7,91.33,2,91.32,5,91.31,5,91.3,3,91.27,2,,,,,91.5,5,91.51,1,91.52,5,91.53,3,91.54,3,91.55,4,91.56,5,91.57,7,91.58,8,91.59,1
2020-10-29 09:32:39,91.43,91.46,1,91.36,6,91.5,5,91.5,91.36,91.36,6,91.35,4,91.34,7,91.33,2,91.32,5,91.31,5,91.3,3,91.27,2,,,,,91.5,5,91.51,1,91.52,5,91.53,3,91.54,3,91.55,4,91.56,5,91.57,7,91.58,8,91.59,1
2020-10-29 09:32:40,91.43,91.46,1,91.36,6,91.5,6,91.5,91.36,91.36,6,91.35,4,91.34,7,91.33,2,91.32,5,91.31,5,91.3,3,91.27,2,,,,,91.5,6,91.51,1,91.52,5,91.53,3,91.54,3,91.55,4,91.56,5,91.57,7,91.58,8,91.59,1
2020-10-29 09:32:41,91.35,91.35,1,91.29,3,91.41,2,91.41,91.29,91.29,3,91.27,2,,,,,,,,,,,,,,,,,91.41,2,91.42,3,91.43,1,91.47,1,91.49,1,91.5,6,91.51,1,91.52,5,91.53,3,91.54,3
2020-10-29 09:32:42,91.28,91.29,1,91.22,2,91.34,1,91.34,91.22,91.22,2,91.2,1,91.18,5,91.1,2,,,,,,,,,,,,,91.34,1,91.35,1,91.38,2,91.39,2,91.4,2,91.41,3,91.42,3,91.43,1,91.47,1,91.49,1
2020-10-29 09:32:43,91.265,91.25,3,91.17,2,91.36,1,91.36,91.17,91.17,2,91.13,2,91.1,2,,,,,,,,,,,,,,,91.36,1,91.38,2,91.39,2,91.4,2,91.41,3,91.42,3,91.43,1,91.47,1,91.49,1,91.5,6
2020-10-29 09:32:44,91.29,91.39,1,91.19,3,91.39,2,91.39,91.19,91.19,3,91.18,3,91.17,2,91.13,2,91.1,2,,,,,,,,,,,91.39,2,91.4,2,91.41,3,91.42,3,91.43,1,91.47,1,91.49,1,91.5,6,91.51,1,91.52,5
2020-10-29 09:32:45,91.29,91.2,3,91.19,3,91.39,2,91.39,91.19,91.19,3,91.18,3,91.17,2,91.13,2,91.1,2,,,,,,,,,,,91.39,2,91.4,2,91.41,3,91.42,3,91.43,1,91.47,1,91.49,1,91.5,6,91.51,1,91.52,5
2020-10-29 09:32:46,91.29,91.34,1,91.19,3,91.39,5,91.39,91.19,91.19,3,91.18,3,91.17,2,91.13,2,91.1,2,,,,,,,,,,,91.39,5,91.4,2,91.41,3,91.42,3,91.43,1,91.47,1,91.49,1,91.5,6,91.51,1,91.52,5
2020-10-29 09:32:47,91.295,91.34,1,91.2,3,91.39,5,91.39,91.2,91.2,3,91.19,3,91.18,3,91.17,2,91.13,2,91.1,2,,,,,,,,,91.39,5,91.4,2,91.41,3,91.42,3,91.43,1,91.47,1,91.49,1,91.5,6,91.51,1,91.52,5
2020-10-29 09:32:48,91.295,91.34,1,91.2,3,91.39,5,91.39,91.2,91.2,3,91.19,3,91.18,3,91.17,2,91.13,2,91.1,2,,,,,,,,,91.39,5,91.4,2,91.41,3,91.42,3,91.43,1,91.47,1,91.49,1,91.5,6,91.51,1,91.52,5
2020-10-29 09:32:49,91.295,91.34,1,91.2,3,91.39,5,91.39,91.2,91.2,3,91.19,3,91.18,3,91.17,2,91.13,2,91.1,2,,,,,,,,,91.39,5,91.4,2,91.41,3,91.42,3,91.43,1,91.47,1,91.49,1,91.5,6,91.51,1,91.52,5
2020-10-29 09:32:50,91.3,91.34,1,91.21,3,91.39,5,91.39,91.21,91.21,3,91.2,3,91.19,3,91.18,3,91.17,2,91.13,2,91.1,2,,,,,,,91.39,5,91.4,2,91.41,3,91.42,3,91.43,1,91.47,1,91.49,1,91.5,6,91.51,1,91.52,5
2020-10-29 09:32:51,91.3,91.34,1,91.21,3,91.39,6,91.39,91.21,91.21,3,91.2,3,91.19,3,91.18,3,91.17,2,91.13,2,91.1,2,,,,,,,91.39,6,91.4,2,91.41,3,91.42,3,91.43,1,91.47,1,91.49,1,91.5,6,91.51,1,91.52,5
2020-10-29 09:32:52,91.3,91.34,1,91.21,3,91.39,6,91.39,91.21,91.21,3,91.2,3,91.19,3,91.18,3,91.17,2,91.13,2,91.1,2,,,,,,,91.39,6,91.4,2,91.41,3,91.42,3,91.43,1,91.47,1,91.49,1,91.5,6,91.51,1,91.52,5
2020-10-29 09:32:53,91.3,91.34,1,91.21,3,91.39,6,91.39,91.21,91.21,3,91.2,3,91.19,3,91.18,3,91.17,2,91.13,2,91.1,2,,,,,,,91.39,6,91.4,2,91.41,3,91.42,3,91.43,1,91.47,1,91.49,1,91.5,6,91.51,1,91.52,5
2020-10-29 09:32:54,91.295,91.34,1,91.21,3,91.38,2,91.38,91.21,91.21,3,91.2,3,91.19,3,91.18,3,91.17,2,91.13,2,91.1,2,,,,,,,91.38,2,91.39,6,91.4,2,91.41,3,91.42,3,91.43,1,91.47,1,91.49,1,91.5,6,91.51,1
2020-10-29 09:32:55,91.31,91.34,1,91.23,3,91.39,6,91.39,91.23,91.23,3,91.22,2,91.21,3,91.2,3,91.19,3,91.18,3,91.17,2,91.13,2,91.1,2,,,91.39,6,91.4,2,91.41,3,91.42,3,91.43,1,91.47,1,91.49,1,91.5,6,91.51,1,91.52,5
2020-10-29 09:32:56,91.34,91.31,1,91.28,8,91.4,1,91.4,91.28,91.28,8,91.27,2,91.24,1,91.23,3,91.22,2,91.21,3,91.2,3,91.19,3,91.18,3,91.17,2,91.4,1,91.41,4,91.42,3,91.43,1,91.47,1,91.49,1,91.5,6,91.51,1,91.52,5,91.53,3
2020-10-29 09:32:57,91.4,91.31,1,91.31,2,91.49,3,91.49,91.31,91.31,2,91.3,1,91.29,2,91.28,8,91.27,2,91.24,1,91.23,3,91.22,2,91.21,3,91.2,3,91.49,3,91.5,6,91.51,1,91.52,5,91.53,3,91.54,3,91.55,4,91.56,5,91.57,7,91.58,8
2020-10-29 09:32:58,91.395,91.31,1,91.31,2,91.48,4,91.48,91.31,91.31,2,91.3,1,91.29,2,91.28,8,91.27,2,91.24,1,91.23,3,91.22,2,91.21,3,91.2,3,91.48,4,91.49,2,91.5,6,91.51,1,91.52,5,91.53,3,91.54,3,91.55,4,91.56,5,91.57,7
2020-10-29 09:32:59,91.395,91.31,1,91.31,2,91.48,4,91.48,91.31,91.31,2,91.3,1,91.29,2,91.28,8,91.27,2,91.24,1,91.23,3,91.22,2,91.21,3,91.2,3,91.48,4,91.49,2,91.5,6,91.51,1,91.52,5,91.53,3,91.54,3,91.55,4,91.56,5,91.57,7
2020-10-29 09:33:00,91.395,91.31,1,91.31,2,91.48,4,91.48,91.31,91.31,2,91.3,1,91.29,2,91.28,8,91.27,2,91.24,1,91.23,3,91.22,2,91.21,3,91.2,3,91.48,4,91.49,2,91.5,6,91.51,1,91.52,5,91.53,3,91.54,3,91.55,4,91.56,5,91.57,7
2020-10-29 09:33:01,91.4,91.31,1,91.32,4,91.48,3,91.48,91.32,91.32,4,91.31,13,91.3,1,91.29,2,91.28,8,91.27,2,91.24,1,91.23,3,91.22,2,91.21,3,91.48,3,91.49,2,91.5,6,91.51,1,91.52,5,91.53,3,91.54,3,91.55,4,91.56,5,91.57,7
2020-10-29 09:33:02,91.4,91.31,1,91.32,4,91.48,3,91.48,91.32,91.32,4,91.31,13,91.3,1,91.29,2,91.28,8,91.27,2,91.24,1,91.23,3,91.22,2,91.21,3,91.48,3,91.49,2,91.5,6,91.51,1,91.52,5,91.53,3,91.54,3,91.55,4,91.56,5,91.57,7
2020-10-29 09:33:03,91.4,91.31,1,91.32,4,91.48,3,91.48,91.32,91.32,4,91.31,13,91.3,1,91.29,2,91.28,8,91.27,2,91.24,1,91.23,3,91.22,2,91.21,3,91.48,3,91.49,2,91.5,6,91.51,1,91.52,5,91.53,3,91.54,3,91.55,4,91.56,5,91.57,7
2020-10-29 09:33:04,91.4,91.31,1,91.32,4,91.48,3,91.48,91.32,91.32,4,91.31,13,91.3,1,91.29,2,91.28,8,91.27,2,91.24,1,91.23,3,91.22,2,91.21,3,91.48,3,91.49,2,91.5,6,91.51,1,91.52,5,91.53,3,91.54,3,91.55,4,91.56,5,91.57,7
2020-10-29 09:33:05,91.4,91.31,1,91.32,4,91.48,3,91.48,91.32,91.32,4,91.31,13,91.3,1,91.29,2,91.28,8,91.27,2,91.24,1,91.23,3,91.22,2,91.21,3,91.48,3,91.49,2,91.5,6,91.51,1,91.52,5,91.53,3,91.54,3,91.55,4,91.56,5,91.57,7
2020-10-29 09:33:06,91.4,91.31,1,91.32,4,91.48,3,91.48,91.32,91.32,4,91.31,13,91.3,1,91.29,2,91.28,8,91.27,2,91.24,1,91.23,3,91.22,2,91.21,3,91.48,3,91.49,2,91.5,6,91.51,1,91.52,5,91.53,3,91.54,3,91.55,4,91.56,5,91.57,7
2020-10-29 09:33:07,91.4,91.31,1,91.32,4,91.48,3,91.48,91.32,91.32,4,91.31,13,91.3,1,91.29,2,91.28,8,91.27,2,91.24,1,91.23,3,91.22,2,91.21,3,91.48,3,91.49,2,91.5,6,91.51,1,91.52,5,91.53,3,91.54,3,91.55,4,91.56,5,91.57,7
2020-10-29 09:33:08,91.4,91.31,1,91.32,4,91.48,3,91.48,91.32,91.32,4,91.31,13,91.3,1,91.29,2,91.28,8,91.27,2,91.24,1,91.23,3,91.22,2,91.21,3,91.48,3,91.49,2,91.5,6,91.51,1,91.52,5,91.53,3,91.54,3,91.55,4,91.56,5,91.57,7
2020-10-29 09:33:09,91.4,91.31,1,91.32,4,91.48,3,91.48,91.32,91.32,4,91.31,13,91.3,1,91.29,2,91.28,8,91.27,2,91.24,1,91.23,3,91.22,2,91.21,3,91.48,3,91.49,2,91.5,6,91.51,1,91.52,5,91.53,3,91.54,3,91.55,4,91.56,5,91.57,7
2020-10-29 09:33:10,91.4,91.31,1,91.32,4,91.48,3,91.48,91.32,91.32,4,91.31,13,91.3,1,91.29,2,91.28,8,91.27,2,91.24,1,91.23,3,91.22,2,91.21,3,91.48,3,91.49,2,91.5,6,91.51,1,91.52,5,91.53,3,91.54,3,91.55,4,91.56,5,91.57,7
2020-10-29 09:33:11,91.4,91.31,1,91.32,4,91.48,3,91.48,91.32,91.32,4,91.31,13,91.3,1,91.29,2,91.28,8,91.27,2,91.24,1,91.23,3,91.22,2,91.21,3,91.48,3,91.49,2,91.5,6,91.51,1,91.52,5,91.53,3,91.54,3,91.55,4,91.56,5,91.57,7
2020-10-29 09:33:12,91.4,91.31,1,91.32,4,91.48,3,91.48,91.32,91.32,4,91.31,13,91.3,1,91.29,2,91.28,8,91.27,2,91.24,1,91.23,3,91.22,2,91.21,3,91.48,3,91.49,2,91.5,6,91.51,1,91.52,5,91.53,3,91.54,3,91.55,4,91.56,5,91.57,7
2020-10-29 09:33:13,91.4,91.31,1,91.32,4,91.48,3,91.48,91.32,91.32,4,91.31,13,91.3,1,91.29,2,91.28,8,91.27,2,91.24,1,91.23,3,91.22,2,91.21,3,91.48,3,91.49,2,91.5,6,91.51,1,91.52,5,91.53,3,91.54,3,91.55,4,91.56,5,91.57,7
2020-10-29 09:33:14,91.4,91.31,1,91.32,4,91.48,3,91.48,91.32,91.32,4,91.31,13,91.3,1,91.29,2,91.28,8,91.27,2,91.24,1,91.23,3,91.22,2,91.21,3,91.48,3,91.49,2,91.5,6,91.51,1,91.52,5,91.53,3,91.54,3,91.55,4,91.56,5,91.57,7
2020-10-29 09:33:15,91.4,91.39,1,91.32,7,91.48,3,91.48,91.32,91.32,7,91.31,13,91.3,1,91.29,2,91.28,8,91.27,2,91.24,1,91.23,3,91.22,2,91.21,3,91.48,3,91.49,2,91.5,6,91.51,1,91.52,5,91.53,3,91.54,3,91.55,4,91.56,5,91.57,7
2020-10-29 09:33:16,91.4,91.4,1,91.32,7,91.48,3,91.48,91.32,91.32,7,91.31,13,91.3,1,91.29,2,91.28,8,91.27,2,91.24,1,91.23,3,91.22,2,91.21,3,91.48,3,91.49,2,91.5,6,91.51,1,91.52,5,91.53,3,91.54,3,91.55,4,91.56,5,91.57,7
2020-10-29 09:33:17,91.4,91.4,1,91.32,7,91.48,3,91.48,91.32,91.32,7,91.31,13,91.3,1,91.29,2,91.28,8,91.27,2,91.24,1,91.23,3,91.22,2,91.21,3,91.48,3,91.49,2,91.5,6,91.51,1,91.52,5,91.53,3,91.54,3,91.55,4,91.56,5,91.57,7
2020-10-29 09:33:18,91.4,91.4,1,91.32,7,91.48,3,91.48,91.32,91.32,7,91.31,13,91.3,1,91.29,2,91.28,8,91.27,2,91.24,1,91.23,3,91.22,2,91.21,3,91.48,3,91.49,2,91.5,6,91.51,1,91.52,5,91.53,3,91.54,3,91.55,4,91.56,5,91.57,7
2020-10-29 09:33:19,91.4,91.4,1,91.32,7,91.48,3,91.48,91.32,91.32,7,91.31,13,91.3,1,91.29,2,91.28,8,91.27,2,91.24,1,91.23,3,91.22,2,91.21,3,91.48,3,91.49,2,91.5,6,91.51,1,91.52,5,91.53,3,91.54,3,91.55,4,91.56,5,91.57,7
2020-10-29 09:33:20,91.4,91.4,1,91.32,7,91.48,3,91.48,91.32,91.32,7,91.31,13,91.3,1,91.29,2,91.28,8,91.27,2,91.24,1,91.23,3,91.22,2,91.21,3,91.48,3,91.49,2,91.5,6,91.51,1,91.52,5,91.53,3,91.54,3,91.55,4,91.56,5,91.57,7
2020-10-29 09:33:21,91.4,91.4,1,91.32,7,91.48,3,91.48,91.32,91.32,7,91.31,13,91.3,1,91.29,2,91.28,8,91.27,2,91.24,1,91.23,3,91.22,2,91.21,3,91.48,3,91.49,2,91.5,6,91.51,1,91.52,5,91.53,3,91.54,3,91.55,4,91.56,5,91.57,7
2020-10-29 09:33:22,91.4,91.4,1,91.32,7,91.48,3,91.48,91.32,91.32,7,91.31,13,91.3,1,91.29,2,91.28,8,91.27,2,91.24,1,91.23,3,91.22,2,91.21,3,91.48,3,91.49,2,91.5,6,91.51,1,91.52,5,91.53,3,91.54,3,91.55,4,91.56,5,91.57,7
2020-10-29 09:33:23,91.4,91.4,1,91.32,7,91.48,3,91.48,91.32,91.32,7,91.31,13,91.3,1,91.29,2,91.28,8,91.27,2,91.24,1,91.23,3,91.22,2,91.21,3,91.48,3,91.49,2,91.5,6,91.51,1,91.52,5,91.53,3,91.54,3,91.55,4,91.56,5,91.57,7
2020-10-29 09:33:24,91.4,91.4,1,91.32,7,91.48,3,91.48,91.32,91.32,7,91.31,13,91.3,1,91.29,2,91.28,8,91.27,2,91.24,1,91.23,3,91.22,2,91.21,3,91.48,3,91.49,2,91.5,6,91.51,1,91.52,5,91.53,3,91.54,3,91.55,4,91.56,5,91.57,7
2020-10-29 09:33:25,91.51,91.5,1,91.43,1,91.59,2,91.59,91.43,91.43,1,91.42,4,91.41,6,91.4,1,91.36,1,91.33,3,91.32,7,91.31,13,91.3,1,91.29,2,91.59,2,91.64,2,91.65,5,91.66,4,91.71,7,91.75,2,91.78,2,91.79,2,91.87,22,91.91,2
2020-10-29 09:33:26,91.555,91.5,1,91.49,3,91.62,1,91.62,91.49,91.49,3,91.48,4,91.47,4,91.45,3,91.44,1,91.43,2,91.42,4,91.41,6,91.4,1,91.36,1,91.62,1,91.63,1,91.64,2,91.65,5,91.66,4,91.71,7,91.75,2,91.78,2,91.79,2,91.87,22
2020-10-29 09:33:27,91.56,91.5,1,91.5,1,91.62,1,91.62,91.5,91.5,1,91.49,3,91.48,4,91.47,4,91.45,3,91.44,1,91.43,2,91.42,4,91.41,6,91.4,1,91.62,1,91.63,1,91.64,2,91.65,5,91.66,4,91.71,7,91.75,2,91.78,2,91.79,2,91.87,22
2020-10-29 09:33:28,91.605,91.5,1,91.54,3,91.67,1,91.67,91.54,91.54,3,91.53,3,91.52,4,91.51,1,91.49,3,91.48,4,91.47,4,91.45,3,91.44,1,91.43,2,91.67,1,91.71,7,91.75,2,91.78,2,91.79,2,91.87,22,91.91,2,92.89,4,,,,
2020-10-29 09:33:29,91.61,91.5,1,91.55,3,91.67,1,91.67,91.55,91.55,3,91.54,3,91.53,3,91.52,4,91.51,1,91.49,3,91.48,4,91.47,4,91.45,3,91.44,1,91.67,1,91.68,1,91.69,5,91.71,7,91.75,2,91.78,2,91.79,2,91.87,22,91.91,2,92.89,4
2020-10-29 09:33:30,91.61,91.5,1,91.55,3,91.67,1,91.67,91.55,91.55,3,91.54,3,91.53,3,91.52,4,91.51,1,91.49,3,91.48,4,91.47,4,91.45,3,91.44,1,91.67,1,91.68,1,91.69,5,91.71,7,91.75,2,91.78,2,91.79,2,91.87,22,91.91,2,92.89,4
2020-10-29 09:33:31,91.61,91.5,1,91.55,3,91.67,1,91.67,91.55,91.55,3,91.54,3,91.53,3,91.52,4,91.51,1,91.49,3,91.48,4,91.47,4,91.45,3,91.44,1,91.67,1,91.68,1,91.69,5,91.71,7,91.75,2,91.78,2,91.79,2,91.87,22,91.91,2,92.89,4
2020-10-29 09:33:32,91.695,91.71,1,91.64,14,91.75,3,91.75,91.64,91.64,14,91.63,3,91.57,3,91.55,3,91.54,3,91.53,3,91.52,4,91.51,1,91.49,3,91.48,4,91.75,3,91.76,4,91.77,4,91.78,2,91.79,2,91.87,22,91.91,2,92.89,4,,,,
2020-10-29 09:33:33,91.695,91.71,1,91.64,14,91.75,3,91.75,91.64,91.64,14,91.63,3,91.57,3,91.55,3,91.54,3,91.53,3,91.52,4,91.51,1,91.49,3,91.48,4,91.75,3,91.76,4,91.77,4,91.78,2,91.79,2,91.87,22,91.91,2,92.89,4,,,,
2020-10-29 09:33:34,91.665,91.64,1,91.59,4,91.74,5,91.74,91.59,91.59,4,91.58,3,91.57,8,91.55,3,91.54,3,91.53,3,91.52,4,91.51,1,91.49,3,91.48,4,91.74,5,91.75,3,91.76,4,91.77,4,91.78,2,91.79,2,91.87,22,91.91,2,92.89,4,,
2020-10-29 09:33:35,91.665,91.64,1,91.59,4,91.74,5,91.74,91.59,91.59,4,91.58,3,91.57,8,91.55,3,91.54,3,91.53,3,91.52,4,91.51,1,91.49,3,91.48,4,91.74,5,91.75,3,91.76,4,91.77,4,91.78,2,91.79,2,91.87,22,91.91,2,92.89,4,,
2020-10-29 09:33:36,91.63,91.59,1,91.57,3,91.69,3,91.69,91.57,91.57,3,91.56,1,91.55,3,91.54,3,91.53,3,91.52,4,91.51,1,91.49,3,91.48,4,91.47,4,91.69,3,91.7,1,91.71,1,91.74,5,91.75,3,91.76,4,91.77,4,91.78,2,91.79,2,91.87,22
2020-10-29 09:33:37,91.625,91.63,2,91.57,3,91.68,3,91.68,91.57,91.57,3,91.56,1,91.55,3,91.54,3,91.53,3,91.52,4,91.51,1,91.49,3,91.48,4,91.47,4,91.68,3,91.69,3,91.7,1,91.71,1,91.74,5,91.75,3,91.76,4,91.77,4,91.78,2,91.79,2
2020-10-29 09:33:38,91.62,91.57,1,91.56,3,91.68,5,91.68,91.56,91.56,3,91.55,3,91.54,3,91.53,3,91.52,4,91.51,1,91.49,3,91.48,4,91.47,4,91.45,3,91.68,5,91.69,3,91.7,1,91.71,1,91.74,5,91.75,3,91.76,4,91.77,4,91.78,2,91.79,2
2020-10-29 09:33:39,91.62,91.62,1,91.56,3,91.68,5,91.68,91.56,91.56,3,91.55,3,91.54,3,91.53,3,91.52,4,91.51,1,91.49,3,91.48,4,91.47,4,91.45,3,91.68,5,91.69,3,91.7,1,91.71,1,91.74,5,91.75,3,91.76,4,91.77,4,91.78,2,91.79,2
2020-10-29 09:33:40,91.62,91.62,1,91.56,3,91.68,5,91.68,91.56,91.56,3,91.55,3,91.54,3,91.53,3,91.52,4,91.51,1,91.49,3,91.48,4,91.47,4,91.45,3,91.68,5,91.69,3,91.7,1,91.71,1,91.74,5,91.75,3,91.76,4,91.77,4,91.78,2,91.79,2
2020-10-29 09:33:41,91.625,91.62,1,91.57,1,91.68,5,91.68,91.57,91.57,1,91.56,3,91.55,3,91.54,3,91.53,3,91.52,4,91.51,1,91.49,3,91.48,4,91.47,4,91.68,5,91.69,3,91.7,1,91.71,1,91.74,5,91.75,3,91.76,4,91.77,4,91.78,2,91.79,2
2020-10-29 09:33:42,91.625,91.62,1,91.57,1,91.68,5,91.68,91.57,91.57,1,91.56,3,91.55,3,91.54,3,91.53,3,91.52,4,91.51,1,91.49,3,91.48,4,91.47,4,91.68,5,91.69,3,91.7,1,91.71,1,91.74,5,91.75,3,91.76,4,91.77,4,91.78,2,91.79,2
2020-10-29 09:33:43,91.625,91.62,1,91.57,1,91.68,5,91.68,91.57,91.57,1,91.56,3,91.55,3,91.54,3,91.53,3,91.52,4,91.51,1,91.49,3,91.48,4,91.47,4,91.68,5,91.69,3,91.7,1,91.71,1,91.74,5,91.75,3,91.76,4,91.77,4,91.78,2,91.79,2
2020-10-29 09:33:44,91.63,91.62,1,91.58,1,91.68,5,91.68,91.58,91.58,1,91.57,2,91.56,3,91.55,3,91.54,3,91.53,3,91.52,4,91.51,1,91.49,3,91.48,4,91.68,5,91.69,3,91.7,1,91.71,1,91.74,5,91.75,3,91.76,4,91.77,4,91.78,2,91.79,2
2020-10-29 09:33:45,91.64,91.62,1,91.6,3,91.68,5,91.68,91.6,91.6,3,91.59,1,91.58,4,91.57,2,91.56,3,91.55,3,91.54,3,91.53,3,91.52,4,91.51,1,91.68,5,91.69,3,91.7,1,91.71,1,91.74,5,91.75,3,91.76,4,91.77,4,91.78,2,91.79,2
2020-10-29 09:33:46,91.705,91.68,1,91.63,3,91.78,1,91.78,91.63,91.63,3,91.62,2,91.61,4,91.6,3,91.59,1,91.58,4,91.57,2,91.56,3,91.55,3,91.54,3,91.78,1,91.79,5,91.87,22,91.91,2,92.89,4,,,,,,,,,,
2020-10-29 09:33:47,91.705,91.68,1,91.63,3,91.78,1,91.78,91.63,91.63,3,91.62,2,91.61,4,91.6,3,91.59,1,91.58,4,91.57,2,91.56,3,91.55,3,91.54,3,91.78,1,91.79,5,91.87,22,91.91,2,92.89,4,,,,,,,,,,
2020-10-29 09:33:48,91.705,91.68,1,91.63,3,91.78,1,91.78,91.63,91.63,3,91.62,2,91.61,4,91.6,3,91.59,1,91.58,4,91.57,2,91.56,3,91.55,3,91.54,3,91.78,1,91.79,5,91.87,22,91.91,2,92.89,4,,,,,,,,,,
2020-10-29 09:33:49,91.68,91.68,1,91.58,5,91.78,1,91.78,91.58,91.58,5,91.57,2,91.56,3,91.55,3,91.54,3,91.53,3,91.52,4,91.51,1,91.49,3,91.48,4,91.78,1,91.79,5,91.87,22,91.91,2,92.89,4,,,,,,,,,,
2020-10-29 09:33:50,91.69,91.68,1,91.62,1,91.76,3,91.76,91.62,91.62,1,91.58,5,91.57,2,91.56,3,91.55,3,91.54,3,91.53,3,91.52,4,91.51,1,91.49,3,91.76,3,91.77,3,91.78,1,91.79,5,91.87,22,91.91,2,92.89,4,,,,,,
2020-10-29 09:33:51,91.65,91.65,1,91.6,1,91.7,1,91.7,91.6,91.6,1,91.59,3,91.58,4,91.57,2,91.56,3,91.55,3,91.54,3,91.53,3,91.52,4,91.51,1,91.7,1,91.72,3,91.76,3,91.77,3,91.78,1,91.79,5,91.87,22,91.91,2,92.89,4,,
2020-10-29 09:33:52,91.655,91.65,1,91.6,3,91.71,2,91.71,91.6,91.6,3,91.59,3,91.58,4,91.57,2,91.56,3,91.55,3,91.54,3,91.53,3,91.52,4,91.51,1,91.71,2,91.73,1,91.78,2,91.79,5,91.87,22,91.91,2,92.89,4,,,,,,
2020-10-29 09:33:53,91.665,91.65,1,91.62,1,91.71,2,91.71,91.62,91.62,1,91.61,3,91.6,3,91.59,3,91.58,4,91.57,2,91.56,3,91.55,3,91.54,3,91.53,3,91.71,2,91.72,1,91.73,1,91.78,2,91.79,5,91.87,22,91.91,2,92.89,4,,,,
2020-10-29 09:33:54,91.645,91.61,1,91.58,3,91.71,3,91.71,91.58,91.58,3,91.57,2,91.56,3,91.55,3,91.54,3,91.53,3,91.52,4,91.51,1,91.49,3,91.48,4,91.71,3,91.74,1,91.78,2,91.79,5,91.87,22,91.91,2,92.89,4,,,,,,
2020-10-29 09:33:55,91.64,91.61,1,91.58,1,91.7,3,91.7,91.58,91.58,1,91.57,3,91.56,3,91.55,3,91.54,3,91.53,3,91.52,4,91.51,1,91.49,3,91.48,4,91.7,3,91.71,3,91.74,1,91.78,2,91.79,5,91.87,22,91.91,2,92.89,4,,,,
2020-10-29 09:33:56,91.68,91.61,1,91.62,2,91.74,2,91.74,91.62,91.62,2,91.61,1,91.6,3,91.59,3,91.58,3,91.57,3,91.56,3,91.55,3,91.54,3,91.53,3,91.74,2,91.78,4,91.79,5,91.87,22,91.91,2,92.89,4,,,,,,,,
2020-10-29 09:33:57,91.69,91.61,1,91.62,1,91.76,1,91.76,91.62,91.62,1,91.61,1,91.6,2,91.59,5,91.58,3,91.57,3,91.56,3,91.55,3,91.54,3,91.53,3,91.76,1,91.77,1,91.78,6,91.79,5,91.87,22,91.91,2,92.89,4,,,,,,
2020-10-29 09:33:58,91.695,91.61,1,91.63,1,91.76,1,91.76,91.63,91.63,1,91.62,3,91.61,1,91.6,2,91.59,5,91.58,3,91.57,3,91.56,3,91.55,3,91.54,3,91.76,1,91.77,1,91.78,6,91.79,5,91.87,22,91.91,2,92.89,4,,,,,,
2020-10-29 09:33:59,91.695,91.61,1,91.63,1,91.76,1,91.76,91.63,91.63,1,91.62,3,91.61,1,91.6,2,91.59,5,91.58,3,91.57,3,91.56,3,91.55,3,91.54,3,91.76,1,91.77,1,91.78,6,91.79,5,91.87,22,91.91,2,92.89,4,,,,,,
2020-10-29 09:34:00,91.695,91.61,1,91.63,1,91.76,1,91.76,91.63,91.63,1,91.62,3,91.61,1,91.6,2,91.59,5,91.58,3,91.57,3,91.56,3,91.55,3,91.54,3,91.76,1,91.77,1,91.78,6,91.79,5,91.87,22,91.91,2,92.89,4,,,,,,
2020-10-29 09:34:01,91.515,91.54,1,91.46,2,91.57,2,91.57,91.46,91.46,2,91.41,6,91.4,1,91.36,1,91.33,3,91.32,7,91.31,13,91.3,1,91.29,2,91.28,8,91.57,2,91.67,3,91.69,1,91.7,1,91.71,2,91.74,1,91.75,1,91.76,1,91.77,1,91.78,6
2020-10-29 09:34:02,91.515,91.54,1,91.46,3,91.57,3,91.57,91.46,91.46,3,91.45,7,91.4,2,91.36,1,91.33,3,91.32,7,91.31,13,91.3,1,91.29,2,91.28,8,91.57,3,91.67,3,91.69,1,91.7,1,91.71,2,91.74,1,91.75,1,91.76,1,91.77,1,91.78,6
2020-10-29 09:34:03,91.52,91.54,1,91.47,4,91.57,3,91.57,91.47,91.47,4,91.46,5,91.45,7,91.4,2,91.36,1,91.33,3,91.32,7,91.31,13,91.3,1,91.29,2,91.57,3,91.67,3,91.69,1,91.7,1,91.71,2,91.74,1,91.75,1,91.76,1,91.77,1,91.78,6
2020-10-29 09:34:04,91.52,91.54,1,91.47,4,91.57,3,91.57,91.47,91.47,4,91.46,5,91.45,7,91.4,2,91.36,1,91.33,3,91.32,7,91.31,13,91.3,1,91.29,2,91.57,3,91.67,3,91.69,1,91.7,1,91.71,2,91.74,1,91.75,1,91.76,1,91.77,1,91.78,6
2020-10-29 09:34:05,91.515,91.54,1,91.46,3,91.57,5,91.57,91.46,91.46,3,91.45,7,91.4,2,91.36,1,91.33,3,91.32,7,91.31,13,91.3,1,91.29,2,91.28,8,91.57,5,91.67,3,91.69,1,91.7,1,91.71,2,91.74,1,91.75,1,91.76,1,91.77,1,91.78,6
2020-10-29 09:34:06,91.515,91.54,1,91.46,4,91.57,5,91.57,91.46,91.46,4,91.45,7,91.4,2,91.36,1,91.33,3,91.32,7,91.31,13,91.3,1,91.29,2,91.28,8,91.57,5,91.67,3,91.69,1,91.7,1,91.71,2,91.74,1,91.75,1,91.76,1,91.77,1,91.78,6
2020-10-29 09:34:07,91.515,91.54,1,91.46,6,91.57,5,91.57,91.46,91.46,6,91.45,7,91.4,2,91.36,1,91.33,3,91.32,7,91.31,13,91.3,1,91.29,2,91.28,8,91.57,5,91.67,3,91.69,1,91.7,1,91.71,2,91.74,1,91.75,1,91.76,1,91.77,1,91.78,6
2020-10-29 09:34:08,91.51,91.54,1,91.45,7,91.57,5,91.57,91.45,91.45,7,91.4,2,91.36,1,91.33,3,91.32,7,91.31,13,91.3,1,91.29,2,91.28,8,91.27,2,91.57,5,91.67,3,91.69,1,91.7,1,91.71,2,91.74,1,91.75,1,91.76,1,91.77,1,91.78,6
2020-10-29 09:34:09,91.51,91.54,1,91.45,7,91.57,5,91.57,91.45,91.45,7,91.4,2,91.36,1,91.33,3,91.32,7,91.31,13,91.3,1,91.29,2,91.28,8,91.27,2,91.57,5,91.67,3,91.69,1,91.7,1,91.71,2,91.74,1,91.75,1,91.76,1,91.77,1,91.78,6
2020-10-29 09:34:10,91.505,91.46,1,91.45,6,91.56,3,91.56,91.45,91.45,6,91.4,2,91.36,1,91.33,3,91.32,7,91.31,13,91.3,1,91.29,2,91.28,8,91.27,2,91.56,3,91.57,5,91.67,3,91.69,1,91.7,1,91.71,2,91.74,1,91.75,1,91.76,1,91.77,1
2020-10-29 09:34:11,91.495,91.46,1,91.42,3,91.57,3,91.57,91.42,91.42,3,91.4,3,91.39,1,91.36,1,91.33,3,91.32,7,91.31,13,91.3,1,91.29,2,91.28,8,91.57,3,91.58,2,91.67,3,91.69,1,91.7,1,91.71,2,91.74,1,91.75,1,91.76,1,91.77,1
2020-10-29 09:34:12,91.5,91.46,1,91.43,2,91.57,1,91.57,91.43,91.43,2,91.41,2,91.4,3,91.39,1,91.36,1,91.33,3,91.32,7,91.31,13,91.3,1,91.29,2,91.57,1,91.58,4,91.67,3,91.69,1,91.7,1,91.71,2,91.74,1,91.75,1,91.76,1,91.77,1
2020-10-29 09:34:13,91.465,91.46,1,91.4,5,91.53,1,91.53,91.4,91.4,5,91.39,1,91.36,1,91.33,3,91.32,7,91.31,13,91.3,1,91.29,2,91.28,8,91.27,2,91.53,1,91.54,1,91.55,1,91.58,4,91.67,3,91.69,1,91.7,1,91.71,2,91.74,1,91.75,1
2020-10-29 09:34:14,91.465,91.46,1,91.4,5,91.53,3,91.53,91.4,91.4,5,91.39,1,91.36,1,91.33,3,91.32,7,91.31,13,91.3,1,91.29,2,91.28,8,91.27,2,91.53,3,91.54,1,91.55,1,91.58,4,91.67,3,91.69,1,91.7,1,91.71,2,91.74,1,91.75,1
2020-10-29 09:34:15,91.41,91.45,1,91.34,3,91.48,1,91.48,91.33,91.34,3,91.33,6,91.32,7,91.31,13,91.3,1,91.29,2,91.28,8,91.27,2,91.24,1,91.23,3,91.48,1,91.49,1,91.5,1,91.51,3,91.52,3,91.53,5,91.54,1,91.55,1,91.58,4,91.67,3
2020-10-29 09:34:16,91.445,91.41,1,91.36,3,91.53,5,91.53,91.36,91.36,3,91.35,1,91.34,2,91.33,7,91.32,7,91.31,13,91.3,1,91.29,2,91.28,8,91.27,2,91.53,5,91.54,1,91.55,1,91.58,4,91.67,3,91.69,1,91.7,1,91.71,2,91.74,1,91.75,1
2020-10-29 09:34:17,91.445,91.41,1,91.36,3,91.53,5,91.53,91.36,91.36,3,91.35,1,91.34,2,91.33,7,91.32,7,91.31,13,91.3,1,91.29,2,91.28,8,91.27,2,91.53,5,91.54,1,91.55,1,91.58,4,91.67,3,91.69,1,91.7,1,91.71,2,91.74,1,91.75,1
2020-10-29 09:34:18,91.445,91.41,1,91.36,3,91.53,5,91.53,91.36,91.36,3,91.35,1,91.34,2,91.33,7,91.32,7,91.31,13,91.3,1,91.29,2,91.28,8,91.27,2,91.53,5,91.54,1,91.55,1,91.58,4,91.67,3,91.69,1,91.7,1,91.71,2,91.74,1,91.75,1
2020-10-29 09:34:19,91.445,91.41,1,91.36,3,91.53,5,91.53,91.36,91.36,3,91.35,1,91.34,2,91.33,7,91.32,7,91.31,13,91.3,1,91.29,2,91.28,8,91.27,2,91.53,5,91.54,1,91.55,1,91.58,4,91.67,3,91.69,1,91.7,1,91.71,2,91.74,1,91.75,1
2020-10-29 09:34:20,91.43,91.41,1,91.33,7,91.52,4,91.52,91.33,91.34,1,91.33,7,91.32,7,91.31,13,91.3,1,91.29,2,91.28,8,91.27,2,91.24,1,91.23,3,91.52,4,91.53,5,91.54,1,91.55,1,91.58,4,91.67,3,91.69,1,91.7,1,91.71,2,91.74,1
2020-10-29 09:34:21,91.42,91.34,1,91.32,9,91.52,4,91.52,91.32,91.32,9,91.31,13,91.3,1,91.29,2,91.28,8,91.27,2,91.24,1,91.23,3,91.22,2,91.21,3,91.52,4,91.53,5,91.54,1,91.55,1,91.58,4,91.67,3,91.69,1,91.7,1,91.71,2,91.74,1
2020-10-29 09:34:22,91.42,91.33,1,91.33,1,91.51,3,91.51,91.33,91.33,1,91.32,3,91.3,2,91.29,2,91.28,8,91.27,2,91.24,1,91.23,3,91.22,2,91.21,3,91.51,3,91.52,4,91.53,5,91.54,1,91.55,1,91.58,4,91.67,3,91.69,1,91.7,1,91.71,2
2020-10-29 09:34:23,91.405,91.33,1,91.33,1,91.48,4,91.48,91.33,91.33,1,91.32,2,91.31,1,91.3,2,91.29,2,91.28,8,91.27,2,91.24,1,91.23,3,91.22,2,91.48,4,91.49,3,91.5,1,91.51,4,91.52,4,91.53,5,91.54,1,91.55,1,91.58,4,91.67,3
2020-10-29 09:34:24,91.405,91.33,1,91.33,1,91.48,4,91.48,91.33,91.33,1,91.32,2,91.31,1,91.3,2,91.29,2,91.28,8,91.27,2,91.24,1,91.23,3,91.22,2,91.48,4,91.49,3,91.5,1,91.51,4,91.52,4,91.53,5,91.54,1,91.55,1,91.58,4,91.67,3
2020-10-29 09:34:25,91.385,91.31,1,91.3,5,91.47,2,91.47,91.3,91.3,5,91.29,2,91.28,8,91.27,2,91.24,1,91.23,3,91.22,2,91.21,3,91.2,3,91.19,3,91.47,2,91.48,5,91.49,3,91.5,1,91.51,4,91.52,4,91.53,5,91.54,1,91.55,1,91.58,4
2020-10-29 09:34:26,91.39,91.31,1,91.31,4,91.47,1,91.47,91.31,91.31,4,91.3,5,91.29,2,91.28,8,91.27,2,91.24,1,91.23,3,91.22,2,91.21,3,91.2,3,91.47,1,91.48,5,91.49,3,91.5,1,91.51,4,91.52,4,91.53,5,91.54,1,91.55,1,91.58,4
2020-10-29 09:34:27,91.41,91.34,9,91.34,3,91.48,7,91.48,91.34,91.34,3,91.32,3,91.31,4,91.3,5,91.29,2,91.28,8,91.27,2,91.24,1,91.23,3,91.22,2,91.48,7,91.49,3,91.5,1,91.51,4,91.52,4,91.53,5,91.54,1,91.55,1,91.58,4,91.67,3
2020-10-29 09:34:28,91.41,91.34,9,91.34,5,91.48,6,91.48,91.34,91.34,5,91.32,3,91.31,4,91.3,5,91.29,2,91.28,8,91.27,2,91.24,1,91.23,3,91.22,2,91.48,6,91.49,3,91.5,1,91.51,4,91.52,4,91.53,5,91.54,1,91.55,1,91.58,4,91.67,3
2020-10-29 09:34:29,91.41,91.34,9,91.34,5,91.48,7,91.48,91.34,91.34,5,91.32,3,91.31,4,91.3,5,91.29,2,91.28,8,91.27,2,91.24,1,91.23,3,91.22,2,91.48,7,91.49,3,91.5,1,91.51,4,91.52,4,91.53,5,91.54,1,91.55,1,91.58,4,91.67,3
2020-10-29 09:34:30,91.41,91.34,9,91.34,5,91.48,7,91.48,91.34,91.34,5,91.32,3,91.31,4,91.3,5,91.29,2,91.28,8,91.27,2,91.24,1,91.23,3,91.22,2,91.48,7,91.49,3,91.5,1,91.51,4,91.52,4,91.53,5,91.54,1,91.55,1,91.58,4,91.67,3
2020-10-29 09:34:31,91.395,91.34,1,91.31,6,91.48,8,91.48,91.31,91.31,6,91.3,5,91.29,2,91.28,8,91.27,2,91.24,1,91.23,3,91.22,2,91.21,3,91.2,3,91.48,8,91.49,3,91.5,1,91.51,4,91.52,4,91.53,5,91.54,1,91.55,1,91.58,4,91.67,3
2020-10-29 09:34:32,91.395,91.34,1,91.31,6,91.48,8,91.48,91.31,91.31,6,91.3,5,91.29,2,91.28,8,91.27,2,91.24,1,91.23,3,91.22,2,91.21,3,91.2,3,91.48,8,91.49,3,91.5,1,91.51,4,91.52,4,91.53,5,91.54,1,91.55,1,91.58,4,91.67,3
2020-10-29 09:34:33,91.395,91.34,1,91.31,6,91.48,8,91.48,91.31,91.31,6,91.3,5,91.29,2,91.28,8,91.27,2,91.24,1,91.23,3,91.22,2,91.21,3,91.2,3,91.48,8,91.49,3,91.5,1,91.51,4,91.52,4,91.53,5,91.54,1,91.55,1,91.58,4,91.67,3
2020-10-29 09:34:34,91.395,91.34,1,91.31,6,91.48,9,91.48,91.31,91.31,6,91.3,5,91.29,2,91.28,8,91.27,2,91.24,1,91.23,3,91.22,2,91.21,3,91.2,3,91.48,9,91.49,3,91.5,1,91.51,4,91.52,4,91.53,5,91.54,1,91.55,1,91.58,4,91.67,3
2020-10-29 09:34:35,91.39,91.34,1,91.31,8,91.47,4,91.47,91.31,91.31,8,91.3,5,91.29,2,91.28,8,91.27,2,91.24,1,91.23,3,91.22,2,91.21,3,91.2,3,91.47,4,91.48,9,91.49,3,91.5,1,91.51,4,91.52,4,91.53,5,91.54,1,91.55,1,91.58,4
2020-10-29 09:34:36,91.38,91.34,1,91.31,8,91.45,3,91.45,91.31,91.31,8,91.3,5,91.29,2,91.28,8,91.27,2,91.24,1,91.23,3,91.22,2,91.21,3,91.2,3,91.45,3,91.46,2,91.47,2,91.48,9,91.49,3,91.5,1,91.51,4,91.52,4,91.53,5,91.54,1
2020-10-29 09:34:37,91.38,91.34,1,91.31,7,91.45,3,91.45,91.31,91.31,7,91.3,5,91.29,2,91.28,8,91.27,2,91.24,1,91.23,3,91.22,2,91.21,3,91.2,3,91.45,3,91.46,2,91.47,2,91.48,9,91.49,3,91.5,1,91.51,4,91.52,4,91.53,5,91.54,1
2020-10-29 09:34:38,91.25,91.25,1,91.19,4,91.31,3,91.31,91.19,91.19,4,91.18,3,91.17,2,91.13,2,91.1,2,,,,,,,,,,,91.31,3,91.32,3,91.33,1,91.34,1,91.38,1,91.43,3,91.45,3,91.46,2,91.47,2,91.48,9
2020-10-29 09:34:39,91.235,91.24,1,91.2,4,91.27,1,91.27,91.2,91.2,4,91.19,5,91.18,3,91.17,2,91.13,2,91.1,2,,,,,,,,,91.27,1,91.28,2,91.29,1,91.3,1,91.31,3,91.32,3,91.33,1,91.34,1,91.38,1,91.43,3
2020-10-29 09:34:40,91.185,91.2,1,91.13,3,91.24,2,91.24,91.13,91.13,3,91.11,4,91.1,2,,,,,,,,,,,,,,,91.24,2,91.25,4,91.26,2,91.27,2,91.28,2,91.29,1,91.3,1,91.31,3,91.32,3,91.33,1
2020-10-29 09:34:41,91.205,91.2,1,91.17,6,91.24,5,91.24,91.17,91.17,6,91.16,3,91.15,5,91.13,5,91.11,4,91.1,2,,,,,,,,,91.24,5,91.25,4,91.26,2,91.27,2,91.28,2,91.29,1,91.3,1,91.31,3,91.32,3,91.33,1
2020-10-29 09:34:42,91.25,91.24,1,91.18,6,91.32,3,91.32,91.18,91.18,6,91.17,7,91.16,3,91.15,5,91.13,5,91.11,4,91.1,2,,,,,,,91.32,3,91.33,5,91.34,4,91.38,1,91.43,3,91.45,3,91.46,2,91.47,2,91.48,9,91.49,3
2020-10-29 09:34:43,91.25,91.24,1,91.18,6,91.32,5,91.32,91.18,91.18,6,91.17,7,91.16,3,91.15,5,91.13,5,91.11,4,91.1,2,,,,,,,91.32,5,91.33,5,91.34,4,91.38,1,91.43,3,91.45,3,91.46,2,91.47,2,91.48,9,91.49,3
2020-10-29 09:34:44,91.26,91.31,1,91.2,3,91.32,6,91.32,91.2,91.2,3,91.19,1,91.18,6,91.17,7,91.16,3,91.15,5,91.13,5,91.11,4,91.1,2,,,91.32,6,91.33,5,91.34,4,91.38,1,91.43,3,91.45,3,91.46,2,91.47,2,91.48,9,91.49,3
2020-10-29 09:34:45,91.26,91.31,1,91.2,3,91.32,6,91.32,91.2,91.2,3,91.19,1,91.18,6,91.17,7,91.16,3,91.15,5,91.13,5,91.11,4,91.1,2,,,91.32,6,91.33,5,91.34,4,91.38,1,91.43,3,91.45,3,91.46,2,91.47,2,91.48,9,91.49,3
2020-10-29 09:34:46,91.255,91.31,1,91.2,3,91.31,4,91.31,91.2,91.2,3,91.19,1,91.18,6,91.17,7,91.16,3,91.15,5,91.13,5,91.11,4,91.1,2,,,91.31,4,91.32,6,91.33,5,91.34,4,91.38,1,91.43,3,91.45,3,91.46,2,91.47,2,91.48,9
2020-10-29 09:34:47,91.255,91.31,1,91.2,3,91.31,4,91.31,91.2,91.2,3,91.19,1,91.18,6,91.17,7,91.16,3,91.15,5,91.13,5,91.11,4,91.1,2,,,91.31,4,91.32,6,91.33,5,91.34,4,91.38,1,91.43,3,91.45,3,91.46,2,91.47,2,91.48,9
2020-10-29 09:34:48,91.28,91.31,1,91.22,6,91.34,1,91.34,91.22,91.22,6,91.21,6,91.2,4,91.19,1,91.18,6,91.17,7,91.16,3,91.15,5,91.13,5,91.11,4,91.34,1,91.35,1,91.38,1,91.43,3,91.45,3,91.46,2,91.47,2,91.48,9,91.49,3,91.5,1
2020-10-29 09:34:49,91.28,91.31,1,91.22,8,91.34,4,91.34,91.22,91.22,8,91.21,6,91.2,4,91.19,1,91.18,6,91.17,7,91.16,3,91.15,5,91.13,5,91.11,4,91.34,4,91.35,1,91.38,1,91.43,3,91.45,3,91.46,2,91.47,2,91.48,9,91.49,3,91.5,1
2020-10-29 09:34:50,91.29,91.31,1,91.22,8,91.36,3,91.36,91.22,91.22,8,91.21,6,91.2,4,91.19,1,91.18,6,91.17,7,91.16,3,91.15,5,91.13,5,91.11,4,91.36,3,91.38,1,91.43,3,91.45,3,91.46,2,91.47,2,91.48,9,91.49,3,91.5,1,91.51,4
2020-10-29 09:34:51,91.26,91.31,1,91.22,8,91.3,3,91.3,91.22,91.22,8,91.21,6,91.2,4,91.19,1,91.18,6,91.17,7,91.16,3,91.15,5,91.13,5,91.11,4,91.3,3,91.31,3,91.32,2,91.36,3,91.38,1,91.43,3,91.45,3,91.46,2,91.47,2,91.48,9
2020-10-29 09:34:52,91.19,91.19,1,91.13,6,91.25,8,91.25,91.13,91.13,6,91.11,4,91.1,2,,,,,,,,,,,,,,,91.25,8,91.27,4,91.28,3,91.29,2,91.32,4,91.36,3,91.38,1,91.43,3,91.45,3,91.46,2
2020-10-29 09:34:53,91.205,91.19,1,91.14,3,91.27,5,91.27,91.14,91.14,3,91.13,8,91.11,4,91.1,2,,,,,,,,,,,,,91.27,5,91.28,3,91.29,2,91.32,4,91.36,3,91.38,1,91.43,3,91.45,3,91.46,2,91.47,2
2020-10-29 09:34:54,91.2,91.19,1,91.14,1,91.26,3,91.26,91.14,91.14,1,91.13,8,91.11,4,91.1,2,,,,,,,,,,,,,91.26,3,91.27,5,91.28,3,91.29,2,91.32,4,91.36,3,91.38,1,91.43,3,91.45,3,91.46,2
2020-10-29 09:34:55,91.195,91.19,1,91.13,8,91.26,3,91.26,91.13,91.13,8,91.11,4,91.1,2,,,,,,,,,,,,,,,91.26,3,91.27,5,91.28,3,91.29,2,91.32,4,91.36,3,91.38,1,91.43,3,91.45,3,91.46,2
2020-10-29 09:34:56,91.195,91.19,1,91.13,8,91.26,3,91.26,91.13,91.13,8,91.11,4,91.1,2,,,,,,,,,,,,,,,91.26,3,91.27,5,91.28,3,91.29,2,91.32,4,91.36,3,91.38,1,91.43,3,91.45,3,91.46,2
2020-10-29 09:34:57,91.195,91.19,1,91.13,8,91.26,3,91.26,91.13,91.13,8,91.11,4,91.1,2,,,,,,,,,,,,,,,91.26,3,91.27,5,91.28,3,91.29,2,91.32,4,91.36,3,91.38,1,91.43,3,91.45,3,91.46,2
2020-10-29 09:34:58,91.195,91.19,1,91.13,8,91.26,3,91.26,91.13,91.13,8,91.11,4,91.1,2,,,,,,,,,,,,,,,91.26,3,91.27,5,91.28,3,91.29,2,91.32,4,91.36,3,91.38,1,91.43,3,91.45,3,91.46,2
2020-10-29 09:34:59,91.195,91.19,1,91.13,8,91.26,3,91.26,91.13,91.13,8,91.11,4,91.1,2,,,,,,,,,,,,,,,91.26,3,91.27,5,91.28,3,91.29,2,91.32,4,91.36,3,91.38,1,91.43,3,91.45,3,91.46,2
2020-10-29 09:35:00,91.185,91.21,1,91.12,5,91.25,1,91.25,91.12,91.12,5,91.11,2,91.1,3,91.05,10,,,,,,,,,,,,,91.25,1,91.26,1,91.27,5,91.28,3,91.29,2,91.32,4,91.36,3,91.38,1,91.43,3,91.45,3
2020-10-29 09:35:01,91.155,91.16,1,91.12,9,91.19,2,91.19,91.12,91.12,9,91.11,2,91.1,3,91.05,10,,,,,,,,,,,,,91.19,2,91.2,2,91.21,1,91.25,2,91.26,4,91.27,5,91.28,3,91.29,2,91.32,4,91.36,3
2020-10-29 09:35:02,91.175,91.16,1,91.13,2,91.22,3,91.22,91.13,91.13,2,91.12,9,91.11,2,91.1,3,91.05,10,,,,,,,,,,,91.22,3,91.23,3,91.25,2,91.26,4,91.27,5,91.28,3,91.29,2,91.32,4,91.36,3,91.38,1
2020-10-29 09:35:03,91.175,91.18,1,91.13,5,91.22,3,91.22,91.13,91.13,5,91.12,9,91.11,2,91.1,3,91.05,10,,,,,,,,,,,91.22,3,91.23,3,91.25,2,91.26,4,91.27,5,91.28,3,91.29,2,91.32,4,91.36,3,91.38,1
2020-10-29 09:35:04,91.185,91.22,1,91.12,8,91.25,3,91.25,91.12,91.12,8,91.11,2,91.1,3,91.05,10,,,,,,,,,,,,,91.25,3,91.26,5,91.27,5,91.28,3,91.29,2,91.32,4,91.36,3,91.38,1,91.43,3,91.45,3
2020-10-29 09:35:05,91.185,91.19,1,91.13,3,91.24,2,91.24,91.13,91.13,3,91.12,8,91.11,2,91.1,3,91.05,10,,,,,,,,,,,91.24,2,91.25,4,91.26,5,91.27,5,91.28,3,91.29,2,91.32,4,91.36,3,91.38,1,91.43,3
2020-10-29 09:35:06,91.185,91.19,5,91.13,5,91.24,2,91.24,91.13,91.13,5,91.12,8,91.11,2,91.1,3,91.05,10,,,,,,,,,,,91.24,2,91.25,4,91.26,5,91.27,5,91.28,3,91.29,2,91.32,4,91.36,3,91.38,1,91.43,3
2020-10-29 09:35:07,91.19,91.19,5,91.14,2,91.24,4,91.24,91.14,91.14,2,91.13,5,91.12,8,91.11,2,91.1,3,91.05,10,,,,,,,,,91.24,4,91.25,4,91.26,5,91.27,5,91.28,3,91.29,2,91.32,4,91.36,3,91.38,1,91.43,3
2020-10-29 09:35:08,91.19,91.19,5,91.14,2,91.24,4,91.24,91.14,91.14,2,91.13,5,91.12,8,91.11,2,91.1,3,91.05,10,,,,,,,,,91.24,4,91.25,4,91.26,5,91.27,5,91.28,3,91.29,2,91.32,4,91.36,3,91.38,1,91.43,3
2020-10-29 09:35:09,91.18,91.19,5,91.13,5,91.23,2,91.23,91.13,91.13,5,91.12,8,91.11,2,91.1,3,91.05,10,,,,,,,,,,,91.23,2,91.24,4,91.25,4,91.26,5,91.27,5,91.28,3,91.29,2,91.32,4,91.36,3,91.38,1
2020-10-29 09:35:10,91.18,91.19,5,91.13,5,91.23,2,91.23,91.13,91.13,5,91.12,8,91.11,2,91.1,3,91.05,10,,,,,,,,,,,91.23,2,91.24,4,91.25,4,91.26,5,91.27,5,91.28,3,91.29,2,91.32,4,91.36,3,91.38,1
2020-10-29 09:35:11,91.18,91.19,5,91.13,5,91.23,2,91.23,91.13,91.13,5,91.12,8,91.11,2,91.1,3,91.05,10,,,,,,,,,,,91.23,2,91.24,4,91.25,4,91.26,5,91.27,5,91.28,3,91.29,2,91.32,4,91.36,3,91.38,1
2020-10-29 09:35:12,91.18,91.19,5,91.13,5,91.23,2,91.23,91.13,91.13,5,91.12,8,91.11,2,91.1,3,91.05,10,,,,,,,,,,,91.23,2,91.24,4,91.25,4,91.26,5,91.27,5,91.28,3,91.29,2,91.32,4,91.36,3,91.38,1
2020-10-29 09:35:13,91.18,91.19,5,91.13,5,91.23,2,91.23,91.13,91.13,5,91.12,8,91.11,2,91.1,3,91.05,10,,,,,,,,,,,91.23,2,91.24,4,91.25,4,91.26,5,91.27,5,91.28,3,91.29,2,91.32,4,91.36,3,91.38,1
2020-10-29 09:35:14,91.18,91.19,5,91.13,5,91.23,3,91.23,91.13,91.13,5,91.12,8,91.11,2,91.1,3,91.05,10,,,,,,,,,,,91.23,3,91.24,4,91.25,4,91.26,5,91.27,5,91.28,3,91.29,2,91.32,4,91.36,3,91.38,1
2020-10-29 09:35:15,91.1,91.1,1,91.05,10,91.15,6,91.15,91.05,91.05,10,,,,,,,,,,,,,,,,,,,91.15,6,91.17,4,91.18,5,91.19,1,91.21,2,91.22,3,91.23,4,91.24,4,91.25,4,91.26,5
2020-10-29 09:35:16,91.135,91.16,1,91.07,4,91.2,3,91.2,91.07,91.07,4,91.05,10,,,,,,,,,,,,,,,,,91.2,3,91.21,2,91.22,3,91.23,4,91.24,4,91.25,4,91.26,5,91.27,5,91.28,3,91.29,2
2020-10-29 09:35:17,91.15,91.15,1,91.07,6,91.23,5,91.23,91.07,91.07,6,91.05,10,,,,,,,,,,,,,,,,,91.23,5,91.24,4,91.25,4,91.26,5,91.27,5,91.28,3,91.29,2,91.32,4,91.36,3,91.38,1
2020-10-29 09:35:18,91.145,91.15,1,91.07,6,91.22,3,91.22,91.07,91.07,6,91.05,10,,,,,,,,,,,,,,,,,91.22,3,91.23,5,91.24,4,91.25,4,91.26,5,91.27,5,91.28,3,91.29,2,91.32,4,91.36,3
2020-10-29 09:35:19,91.145,91.15,2,91.07,6,91.22,5,91.22,91.07,91.07,6,91.05,10,,,,,,,,,,,,,,,,,91.22,5,91.23,5,91.24,4,91.25,4,91.26,5,91.27,5,91.28,3,91.29,2,91.32,4,91.36,3
2020-10-29 09:35:20,91.145,91.15,2,91.07,5,91.22,4,91.22,91.07,91.07,5,91.05,10,,,,,,,,,,,,,,,,,91.22,4,91.23,5,91.24,4,91.25,4,91.26,5,91.27,5,91.28,3,91.29,2,91.32,4,91.36,3
2020-10-29 09:35:21,91.145,91.15,1,91.07,6,91.22,7,91.22,91.07,91.07,6,91.05,10,,,,,,,,,,,,,,,,,91.22,7,91.23,6,91.24,4,91.25,4,91.26,5,91.27,5,91.28,3,91.29,2,91.32,4,91.36,3
2020-10-29 09:35:22,91.15,91.22,1,91.08,3,91.22,3,91.22,91.08,91.08,3,91.07,6,91.05,10,,,,,,,,,,,,,,,91.22,3,91.23,6,91.24,4,91.25,4,91.26,5,91.27,5,91.28,3,91.29,2,91.32,4,91.36,3
2020-10-29 09:35:23,91.14,91.22,1,91.07,5,91.21,2,91.21,91.07,91.07,5,91.05,10,,,,,,,,,,,,,,,,,91.21,2,91.22,4,91.23,6,91.24,4,91.25,4,91.26,5,91.27,5,91.28,3,91.29,2,91.32,4
2020-10-29 09:35:24,91.075,91.09,1,91.01,3,91.14,3,91.14,91.01,91.01,3,91.0,4,,,,,,,,,,,,,,,,,91.14,3,91.15,4,91.16,1,91.17,2,91.18,2,91.19,2,91.2,2,91.22,4,91.23,6,91.24,4
2020-10-29 09:35:25,91.07,91.07,1,91.01,5,91.13,2,91.13,91.01,91.01,5,91.0,4,,,,,,,,,,,,,,,,,91.13,2,91.14,3,91.15,4,91.16,1,91.17,2,91.18,2,91.19,2,91.2,2,91.22,4,91.23,6
2020-10-29 09:35:26,91.07,91.07,1,91.01,5,91.13,2,91.13,91.01,91.01,5,91.0,4,,,,,,,,,,,,,,,,,91.13,2,91.14,3,91.15,4,91.16,1,91.17,2,91.18,2,91.19,2,91.2,2,91.22,4,91.23,6
2020-10-29 09:35:27,91.07,91.07,1,91.01,5,91.13,2,91.13,91.01,91.01,5,91.0,4,,,,,,,,,,,,,,,,,91.13,2,91.14,3,91.15,4,91.16,1,91.17,2,91.18,2,91.19,2,91.2,2,91.22,4,91.23,6
2020-10-29 09:35:28,91.075,91.07,1,91.01,5,91.14,3,91.14,91.01,91.01,5,91.0,4,,,,,,,,,,,,,,,,,91.14,3,91.15,4,91.16,1,91.17,2,91.18,2,91.19,2,91.2,2,91.22,4,91.23,6,91.24,4
2020-10-29 09:35:29,90.925,90.9,1,90.87,2,90.98,4,90.98,90.87,90.87,2,,,,,,,,,,,,,,,,,,,90.98,4,91.0,5,91.01,2,91.06,1,91.07,4,91.09,3,91.1,3,91.11,1,91.12,1,91.13,2
2020-10-29 09:35:30,90.9,90.87,1,90.84,2,90.96,5,90.96,90.84,90.84,2,90.82,7,,,,,,,,,,,,,,,,,90.96,5,90.97,4,90.98,4,91.0,5,91.01,2,91.06,1,91.07,4,91.09,3,91.1,3,91.11,1
2020-10-29 09:35:31,90.9,90.87,1,90.84,2,90.96,5,90.96,90.84,90.84,2,90.82,7,,,,,,,,,,,,,,,,,90.96,5,90.97,4,90.98,4,91.0,5,91.01,2,91.06,1,91.07,4,91.09,3,91.1,3,91.11,1
2020-10-29 09:35:32,90.89,90.83,1,90.82,6,90.96,5,90.96,90.82,90.82,6,,,,,,,,,,,,,,,,,,,90.96,5,90.97,4,90.98,4,91.0,5,91.01,2,91.06,1,91.07,4,91.09,3,91.1,3,91.11,1
2020-10-29 09:35:33,90.895,90.92,1,90.83,3,90.96,5,90.96,90.83,90.83,3,90.82,6,,,,,,,,,,,,,,,,,90.96,5,90.97,4,90.98,4,91.0,5,91.01,2,91.06,1,91.07,4,91.09,3,91.1,3,91.11,1
2020-10-29 09:35:34,90.895,90.92,1,90.83,3,90.96,5,90.96,90.83,90.83,3,90.82,6,,,,,,,,,,,,,,,,,90.96,5,90.97,4,90.98,4,91.0,5,91.01,2,91.06,1,91.07,4,91.09,3,91.1,3,91.11,1
2020-10-29 09:35:35,90.91,90.92,1,90.84,5,90.98,1,90.98,90.84,90.84,5,90.83,5,90.82,6,,,,,,,,,,,,,,,90.98,1,90.99,1,91.0,5,91.01,2,91.06,1,91.07,4,91.09,3,91.1,3,91.11,1,91.12,1
2020-10-29 09:35:36,90.89,90.92,1,90.82,6,90.96,2,90.96,90.82,90.82,6,,,,,,,,,,,,,,,,,,,90.96,2,90.98,1,90.99,1,91.0,5,91.01,2,91.06,1,91.07,4,91.09,3,91.1,3,91.11,1
2020-10-29 09:35:37,90.89,90.89,1,90.82,6,90.96,2,90.96,90.82,90.82,6,,,,,,,,,,,,,,,,,,,90.96,2,90.98,1,90.99,1,91.0,5,91.01,2,91.06,1,91.07,4,91.09,3,91.1,3,91.11,1
2020-10-29 09:35:38,90.935,90.94,1,90.89,2,90.98,1,90.98,90.89,90.89,2,90.85,5,90.83,1,90.82,8,,,,,,,,,,,,,90.98,1,90.99,3,91.0,5,91.01,2,91.06,1,91.07,4,91.09,3,91.1,3,91.11,1,91.12,1
2020-10-29 09:35:39,90.925,90.94,1,90.89,5,90.96,1,90.96,90.89,90.89,5,90.85,5,90.83,1,90.82,8,,,,,,,,,,,,,90.96,1,90.97,1,90.98,1,90.99,3,91.0,5,91.01,2,91.06,1,91.07,4,91.09,3,91.1,3
2020-10-29 09:35:40,90.925,90.94,1,90.89,4,90.96,3,90.96,90.89,90.89,4,90.85,5,90.83,1,90.82,8,,,,,,,,,,,,,90.96,3,90.97,1,90.98,1,90.99,3,91.0,5,91.01,2,91.06,1,91.07,4,91.09,3,91.1,3
2020-10-29 09:35:41,90.925,90.93,1,90.89,4,90.96,3,90.96,90.89,90.89,4,90.85,5,90.83,1,90.82,8,,,,,,,,,,,,,90.96,3,90.97,1,90.98,1,90.99,3,91.0,5,91.01,2,91.06,1,91.07,4,91.09,3,91.1,3
2020-10-29 09:35:42,90.84,90.85,1,90.8,3,90.88,3,90.88,90.8,90.8,3,,,,,,,,,,,,,,,,,,,90.88,3,90.89,2,90.9,1,90.94,1,90.95,3,90.96,3,90.97,1,90.98,1,90.99,3,91.0,5
2020-10-29 09:35:43,90.85,90.82,1,90.81,3,90.89,3,90.89,90.81,90.81,3,90.8,3,,,,,,,,,,,,,,,,,90.89,3,90.9,1,90.94,1,90.95,3,90.96,3,90.97,1,90.98,1,90.99,3,91.0,5,91.01,2
2020-10-29 09:35:44,90.83,90.81,1,90.77,3,90.89,4,90.89,90.77,90.77,3,,,,,,,,,,,,,,,,,,,90.89,4,90.9,1,90.94,1,90.95,3,90.96,3,90.97,1,90.98,1,90.99,3,91.0,5,91.01,2
2020-10-29 09:35:45,90.835,90.88,1,90.78,1,90.89,6,90.89,90.78,90.78,1,90.77,4,,,,,,,,,,,,,,,,,90.89,6,90.9,1,90.94,1,90.95,3,90.96,3,90.97,1,90.98,1,90.99,3,91.0,5,91.01,2
2020-10-29 09:35:46,90.83,90.79,1,90.78,1,90.88,3,90.88,90.78,90.78,1,90.77,4,,,,,,,,,,,,,,,,,90.88,3,90.89,6,90.9,1,90.94,1,90.95,3,90.96,3,90.97,1,90.98,1,90.99,3,91.0,5
2020-10-29 09:35:47,90.835,90.79,1,90.78,1,90.89,6,90.89,90.78,90.78,1,90.77,4,,,,,,,,,,,,,,,,,90.89,6,90.9,1,90.94,1,90.95,3,90.96,3,90.97,1,90.98,1,90.99,3,91.0,5,91.01,2
2020-10-29 09:35:48,90.835,90.79,1,90.78,3,90.89,5,90.89,90.78,90.78,3,90.77,4,,,,,,,,,,,,,,,,,90.89,5,90.9,1,90.94,1,90.95,3,90.96,3,90.97,1,90.98,1,90.99,3,91.0,5,91.01,2
2020-10-29 09:35:49,90.83,90.79,1,90.78,3,90.88,3,90.88,90.78,90.78,3,90.77,4,,,,,,,,,,,,,,,,,90.88,3,90.89,5,90.9,1,90.94,1,90.95,3,90.96,3,90.97,1,90.98,1,90.99,3,91.0,5
2020-10-29 09:35:50,90.835,90.83,1,90.78,4,90.89,5,90.89,90.78,90.78,4,90.77,4,,,,,,,,,,,,,,,,,90.89,5,90.9,1,90.94,1,90.95,3,90.96,3,90.97,1,90.98,1,90.99,3,91.0,5,91.01,2
2020-10-29 09:35:51,90.825,90.83,1,90.78,4,90.87,3,90.87,90.78,90.78,4,90.77,4,,,,,,,,,,,,,,,,,90.87,3,90.88,3,90.89,5,90.9,1,90.94,1,90.95,3,90.96,3,90.97,1,90.98,1,90.99,3
2020-10-29 09:35:52,90.825,90.83,1,90.78,3,90.87,3,90.87,90.78,90.78,3,90.77,4,,,,,,,,,,,,,,,,,90.87,3,90.88,3,90.89,5,90.9,1,90.94,1,90.95,3,90.96,3,90.97,1,90.98,1,90.99,3
2020-10-29 09:35:53,90.805,90.79,1,90.75,1,90.86,4,90.86,90.75,90.75,1,90.73,1,,,,,,,,,,,,,,,,,90.86,4,90.87,3,90.88,3,90.89,5,90.9,1,90.94,1,90.95,3,90.96,3,90.97,1,90.98,1
2020-10-29 09:35:54,90.81,90.79,1,90.75,3,90.87,3,90.87,90.75,90.75,3,90.71,1,90.7,2,90.68,1,,,,,,,,,,,,,90.87,3,90.88,3,90.89,5,90.9,1,90.94,1,90.95,3,90.96,3,90.97,1,90.98,1,90.99,3
2020-10-29 09:35:55,90.785,90.79,1,90.73,4,90.84,3,90.84,90.73,90.73,4,90.72,2,90.71,2,90.7,2,90.68,1,,,,,,,,,,,90.84,3,90.86,3,90.87,3,90.88,3,90.89,5,90.9,1,90.94,1,90.95,3,90.96,3,90.97,1
2020-10-29 09:35:56,90.785,90.79,1,90.73,5,90.84,3,90.84,90.73,90.73,5,90.72,2,90.71,2,90.7,2,90.68,1,,,,,,,,,,,90.84,3,90.86,3,90.87,3,90.88,3,90.89,5,90.9,1,90.94,1,90.95,3,90.96,3,90.97,1
2020-10-29 09:35:57,90.785,90.79,1,90.73,5,90.84,3,90.84,90.73,90.73,5,90.72,2,90.71,2,90.7,2,90.68,1,,,,,,,,,,,90.84,3,90.86,3,90.87,3,90.88,3,90.89,5,90.9,1,90.94,1,90.95,3,90.96,3,90.97,1
2020-10-29 09:35:58,90.775,90.79,1,90.73,3,90.82,3,90.82,90.73,90.73,3,90.72,2,90.71,2,90.7,2,90.68,1,,,,,,,,,,,90.82,3,90.83,1,90.84,3,90.86,3,90.87,3,90.88,3,90.89,5,90.9,1,90.94,1,90.95,3
2020-10-29 09:35:59,90.755,90.76,1,90.71,3,90.8,5,90.8,90.71,90.71,3,90.68,1,,,,,,,,,,,,,,,,,90.8,5,90.82,3,90.83,1,90.84,3,90.86,3,90.87,3,90.88,3,90.89,5,90.9,1,90.94,1
2020-10-29 09:36:00,90.765,90.76,1,90.71,3,90.82,6,90.82,90.71,90.71,3,90.68,1,,,,,,,,,,,,,,,,,90.82,6,90.83,1,90.84,3,90.86,3,90.87,3,90.88,3,90.89,5,90.9,1,90.94,1,90.95,3
2020-10-29 09:36:01,90.77,90.76,1,90.72,1,90.82,7,90.82,90.72,90.72,1,90.71,5,90.68,1,,,,,,,,,,,,,,,90.82,7,90.83,1,90.84,3,90.86,3,90.87,3,90.88,3,90.89,5,90.9,1,90.94,1,90.95,3
2020-10-29 09:36:02,90.77,90.76,1,90.72,3,90.82,7,90.82,90.72,90.72,3,90.71,5,90.68,1,,,,,,,,,,,,,,,90.82,7,90.83,1,90.84,3,90.86,3,90.87,3,90.88,3,90.89,5,90.9,1,90.94,1,90.95,3
2020-10-29 09:36:03,90.77,90.76,1,90.72,3,90.82,6,90.82,90.72,90.72,3,90.71,5,90.68,1,,,,,,,,,,,,,,,90.82,6,90.83,1,90.84,3,90.86,3,90.87,3,90.88,3,90.89,5,90.9,1,90.94,1,90.95,3
2020-10-29 09:36:04,90.77,90.76,1,90.72,3,90.82,6,90.82,90.72,90.72,3,90.71,5,90.68,1,,,,,,,,,,,,,,,90.82,6,90.83,1,90.84,3,90.86,3,90.87,3,90.88,3,90.89,5,90.9,1,90.94,1,90.95,3
2020-10-29 09:36:05,90.77,90.76,1,90.72,3,90.82,6,90.82,90.72,90.72,3,90.71,5,90.68,1,,,,,,,,,,,,,,,90.82,6,90.83,1,90.84,3,90.86,3,90.87,3,90.88,3,90.89,5,90.9,1,90.94,1,90.95,3
2020-10-29 09:36:06,90.77,90.76,1,90.72,3,90.82,6,90.82,90.72,90.72,3,90.71,5,90.68,1,,,,,,,,,,,,,,,90.82,6,90.83,1,90.84,3,90.86,3,90.87,3,90.88,3,90.89,5,90.9,1,90.94,1,90.95,3
2020-10-29 09:36:07,90.77,90.76,1,90.72,3,90.82,6,90.82,90.72,90.72,3,90.71,5,90.68,1,,,,,,,,,,,,,,,90.82,6,90.83,1,90.84,3,90.86,3,90.87,3,90.88,3,90.89,5,90.9,1,90.94,1,90.95,3
2020-10-29 09:36:09,90.77,90.76,1,90.72,3,90.82,6,90.82,90.72,90.72,3,90.71,5,90.68,1,,,,,,,,,,,,,,,90.82,6,90.83,1,90.84,3,90.86,3,90.87,3,90.88,3,90.89,5,90.9,1,90.94,1,90.95,3
2020-10-29 09:36:10,90.825,90.82,1,90.78,2,90.87,2,90.87,90.78,90.78,2,90.77,1,90.76,2,90.75,1,90.74,1,90.72,3,90.71,5,90.68,1,,,,,90.87,2,90.88,4,90.89,5,90.9,1,90.94,1,90.95,3,90.96,3,90.97,1,90.98,1,90.99,3
2020-10-29 09:36:11,90.84,90.84,1,90.8,3,90.88,5,90.88,90.8,90.8,3,90.79,3,90.78,2,90.77,1,90.76,2,90.75,1,90.74,1,90.72,3,90.71,5,90.68,1,90.88,5,90.89,5,90.9,1,90.94,1,90.95,3,90.96,3,90.97,1,90.98,1,90.99,3,91.0,5
2020-10-29 09:36:12,90.93,90.92,1,90.88,5,90.98,1,90.98,90.88,90.88,5,90.87,5,90.86,6,90.85,2,90.83,1,90.82,1,90.81,3,90.8,3,90.79,3,90.78,2,90.98,1,91.02,1,91.06,1,91.07,4,91.09,3,91.1,3,91.11,1,91.12,1,91.13,2,91.14,3
2020-10-29 09:36:13,90.94,90.92,1,90.89,2,90.99,2,90.99,90.89,90.89,2,90.88,5,90.87,5,90.86,6,90.85,2,90.83,1,90.82,1,90.81,3,90.8,3,90.79,3,90.99,2,91.02,1,91.06,1,91.07,4,91.09,3,91.1,3,91.11,1,91.12,1,91.13,2,91.14,3
2020-10-29 09:36:14,90.945,90.92,1,90.89,4,91.0,1,91.0,90.89,90.89,4,90.88,5,90.87,5,90.86,6,90.85,2,90.83,1,90.82,1,90.81,3,90.8,3,90.79,3,91.0,1,91.02,1,91.06,1,91.07,4,91.09,3,91.1,3,91.11,1,91.12,1,91.13,2,91.14,3
2020-10-29 09:36:15,90.945,90.92,1,90.89,4,91.0,2,91.0,90.89,90.89,4,90.88,5,90.87,5,90.86,6,90.85,2,90.83,1,90.82,1,90.81,3,90.8,3,90.79,3,91.0,2,91.02,1,91.06,1,91.07,4,91.09,3,91.1,3,91.11,1,91.12,1,91.13,2,91.14,3
2020-10-29 09:36:16,90.945,90.92,1,90.89,4,91.0,2,91.0,90.89,90.89,4,90.88,5,90.87,5,90.86,6,90.85,2,90.83,1,90.82,1,90.81,3,90.8,3,90.79,3,91.0,2,91.02,1,91.06,1,91.07,4,91.09,3,91.1,3,91.11,1,91.12,1,91.13,2,91.14,3
2020-10-29 09:36:17,90.96,90.98,1,90.92,1,91.0,1,91.0,90.92,90.92,1,90.88,5,90.87,5,90.86,6,90.85,2,90.83,1,90.82,1,90.81,3,90.8,3,90.79,3,91.0,1,91.02,1,91.06,1,91.07,4,91.09,3,91.1,3,91.11,1,91.12,1,91.13,2,91.14,3
2020-10-29 09:36:18,90.935,90.98,1,90.88,5,90.99,3,90.99,90.88,90.88,5,90.87,5,90.86,6,90.85,2,90.83,1,90.82,1,90.81,3,90.8,3,90.79,3,90.78,2,90.99,3,91.0,3,91.02,1,91.06,1,91.07,4,91.09,3,91.1,3,91.11,1,91.12,1,91.13,2
2020-10-29 09:36:19,90.94,90.96,1,90.88,5,91.0,4,91.0,90.88,90.88,5,90.87,5,90.86,6,90.85,2,90.83,1,90.82,1,90.81,3,90.8,3,90.79,3,90.78,2,91.0,4,91.02,1,91.06,1,91.07,4,91.09,3,91.1,3,91.11,1,91.12,1,91.13,2,91.14,3
2020-10-29 09:36:20,90.94,90.96,1,90.88,6,91.0,4,91.0,90.88,90.88,6,90.87,5,90.86,6,90.85,2,90.83,1,90.82,1,90.81,3,90.8,3,90.79,3,90.78,2,91.0,4,91.02,1,91.06,1,91.07,4,91.09,3,91.1,3,91.11,1,91.12,1,91.13,2,91.14,3
2020-10-29 09:36:21,90.94,90.96,1,90.88,6,90.99,3,90.99,90.88,90.89,3,90.88,6,90.87,5,90.86,6,90.85,2,90.83,1,90.82,1,90.81,3,90.8,3,90.79,3,90.99,3,91.0,4,91.02,1,91.06,1,91.07,4,91.09,3,91.1,3,91.11,1,91.12,1,91.13,2
2020-10-29 09:36:22,90.925,90.93,1,90.88,6,90.97,2,90.97,90.88,90.88,6,90.87,5,90.86,6,90.85,2,90.83,1,90.82,1,90.81,3,90.8,3,90.79,3,90.78,2,90.97,2,91.0,5,91.02,1,91.06,1,91.07,4,91.09,3,91.1,3,91.11,1,91.12,1,91.13,2
2020-10-29 09:36:23,90.955,90.93,1,90.89,3,91.02,3,91.02,90.89,90.89,3,90.88,6,90.87,5,90.86,6,90.85,2,90.83,1,90.82,1,90.81,3,90.8,3,90.79,3,91.02,3,91.03,4,91.06,1,91.07,4,91.09,3,91.1,3,91.11,1,91.12,1,91.13,2,91.14,3
2020-10-29 09:36:24,90.955,90.95,1,90.89,3,91.02,3,91.02,90.89,90.89,3,90.88,6,90.87,5,90.86,6,90.85,2,90.83,1,90.82,1,90.81,3,90.8,3,90.79,3,91.02,3,91.03,4,91.06,1,91.07,4,91.09,3,91.1,3,91.11,1,91.12,1,91.13,2,91.14,3
2020-10-29 09:36:25,90.95,90.95,1,90.88,6,91.02,3,91.02,90.88,90.88,6,90.87,5,90.86,6,90.85,2,90.83,1,90.82,1,90.81,3,90.8,3,90.79,3,90.78,2,91.02,3,91.03,4,91.06,1,91.07,4,91.09,3,91.1,3,91.11,1,91.12,1,91.13,2,91.14,3
2020-10-29 09:36:26,90.96,90.95,1,90.9,4,91.02,3,91.02,90.9,90.9,4,90.89,3,90.88,6,90.87,5,90.86,6,90.85,2,90.83,1,90.82,1,90.81,3,90.8,3,91.02,3,91.03,4,91.06,1,91.07,4,91.09,3,91.1,3,91.11,1,91.12,1,91.13,2,91.14,3
2020-10-29 09:36:27,90.96,90.95,1,90.9,4,91.02,3,91.02,90.9,90.9,4,90.89,3,90.88,6,90.87,5,90.86,6,90.85,2,90.83,1,90.82,1,90.81,3,90.8,3,91.02,3,91.03,4,91.06,1,91.07,4,91.09,3,91.1,3,91.11,1,91.12,1,91.13,2,91.14,3
2020-10-29 09:36:28,90.92,90.87,1,90.84,1,91.0,4,91.0,90.84,90.84,1,90.83,1,90.82,1,90.81,3,90.8,3,90.79,3,90.78,2,90.77,1,90.76,2,90.75,1,91.0,4,91.01,1,91.02,6,91.03,4,91.06,1,91.07,4,91.09,3,91.1,3,91.11,1,91.12,1
2020-10-29 09:36:29,90.93,90.87,1,90.87,1,90.99,5,90.99,90.87,90.87,1,90.84,1,90.83,1,90.82,1,90.81,3,90.8,3,90.79,3,90.78,2,90.77,1,90.76,2,90.99,5,91.0,4,91.01,1,91.02,6,91.03,4,91.06,1,91.07,4,91.09,3,91.1,3,91.11,1
2020-10-29 09:36:30,90.915,90.87,1,90.85,3,90.98,3,90.98,90.85,90.85,3,90.84,4,90.83,1,90.82,1,90.81,3,90.8,3,90.79,3,90.78,2,90.77,1,90.76,2,90.98,3,91.0,4,91.01,1,91.02,6,91.03,4,91.06,1,91.07,4,91.09,3,91.1,3,91.11,1
2020-10-29 09:36:31,90.93,90.87,1,90.87,5,90.99,6,90.99,90.87,90.87,5,90.85,3,90.84,4,90.83,1,90.82,1,90.81,3,90.8,3,90.79,3,90.78,2,90.77,1,90.99,6,91.0,4,91.01,1,91.02,6,91.03,4,91.06,1,91.07,4,91.09,3,91.1,3,91.11,1
2020-10-29 09:36:32,90.93,90.87,1,90.87,5,90.99,8,90.99,90.87,90.87,5,90.85,3,90.84,4,90.83,1,90.82,1,90.81,3,90.8,3,90.79,3,90.78,2,90.77,1,90.99,8,91.0,4,91.01,1,91.02,6,91.03,4,91.06,1,91.07,4,91.09,3,91.1,3,91.11,1
2020-10-29 09:36:33,90.935,90.87,1,90.88,2,90.99,8,90.99,90.88,90.88,2,90.87,2,90.85,3,90.84,4,90.83,1,90.82,1,90.81,3,90.8,3,90.79,3,90.78,2,90.99,8,91.0,4,91.01,1,91.02,6,91.03,4,91.06,1,91.07,4,91.09,3,91.1,3,91.11,1
2020-10-29 09:36:34,90.905,90.88,1,90.85,5,90.96,3,90.96,90.85,90.85,5,90.84,4,90.83,1,90.82,1,90.81,3,90.8,3,90.79,3,90.78,2,90.77,1,90.76,2,90.96,3,90.97,1,90.98,1,90.99,8,91.0,4,91.01,1,91.02,6,91.03,4,91.06,1,91.07,4
2020-10-29 09:36:35,90.905,90.91,3,90.85,5,90.96,3,90.96,90.85,90.85,5,90.84,4,90.83,1,90.82,1,90.81,3,90.8,3,90.79,3,90.78,2,90.77,1,90.76,2,90.96,3,90.97,1,90.98,1,90.99,8,91.0,4,91.01,1,91.02,6,91.03,4,91.06,1,91.07,4
2020-10-29 09:36:36,90.905,90.91,3,90.85,5,90.96,3,90.96,90.85,90.85,5,90.84,4,90.83,1,90.82,1,90.81,3,90.8,3,90.79,3,90.78,2,90.77,1,90.76,2,90.96,3,90.97,1,90.98,1,90.99,8,91.0,4,91.01,1,91.02,6,91.03,4,91.06,1,91.07,4
2020-10-29 09:36:37,90.905,90.91,3,90.85,5,90.96,3,90.96,90.85,90.85,5,90.84,4,90.83,1,90.82,1,90.81,3,90.8,3,90.79,3,90.78,2,90.77,1,90.76,2,90.96,3,90.97,1,90.98,1,90.99,8,91.0,4,91.01,1,91.02,6,91.03,4,91.06,1,91.07,4
2020-10-29 09:36:38,90.835,90.81,1,90.78,2,90.89,2,90.89,90.78,90.78,2,90.77,2,90.76,2,90.75,1,90.74,1,90.72,3,90.71,5,90.68,1,,,,,90.89,2,90.9,2,90.93,2,90.95,1,90.96,3,90.97,1,90.98,1,90.99,8,91.0,4,91.01,1
2020-10-29 09:36:39,90.835,90.81,1,90.78,5,90.89,2,90.89,90.78,90.78,5,90.77,2,90.76,2,90.75,1,90.74,1,90.72,3,90.71,5,90.68,1,,,,,90.89,2,90.9,2,90.93,2,90.95,1,90.96,3,90.97,1,90.98,1,90.99,8,91.0,4,91.01,1
2020-10-29 09:36:40,90.815,90.81,1,90.78,7,90.85,1,90.85,90.78,90.78,7,90.77,2,90.76,2,90.75,1,90.74,1,90.72,3,90.71,5,90.68,1,,,,,90.85,1,90.89,3,90.9,2,90.93,2,90.95,1,90.96,3,90.97,1,90.98,1,90.99,8,91.0,4
2020-10-29 09:36:41,90.815,90.81,1,90.78,7,90.85,3,90.85,90.78,90.78,7,90.77,2,90.76,2,90.75,1,90.74,1,90.72,3,90.71,5,90.68,1,,,,,90.85,3,90.89,3,90.9,2,90.93,2,90.95,1,90.96,3,90.97,1,90.98,1,90.99,8,91.0,4
2020-10-29 09:36:42,90.815,90.81,1,90.78,7,90.85,3,90.85,90.78,90.78,7,90.77,2,90.76,2,90.75,1,90.74,1,90.72,3,90.71,5,90.68,1,,,,,90.85,3,90.89,3,90.9,2,90.93,2,90.95,1,90.96,3,90.97,1,90.98,1,90.99,8,91.0,4
2020-10-29 09:36:43,90.815,90.81,1,90.78,7,90.85,3,90.85,90.78,90.78,7,90.77,2,90.76,2,90.75,1,90.74,1,90.72,3,90.71,5,90.68,1,,,,,90.85,3,90.89,3,90.9,2,90.93,2,90.95,1,90.96,3,90.97,1,90.98,1,90.99,8,91.0,4
2020-10-29 09:36:44,90.895,90.92,1,90.81,4,90.98,1,90.98,90.81,90.81,4,90.8,4,90.79,3,90.78,7,90.77,2,90.76,2,90.75,1,90.74,1,90.72,3,90.71,5,90.98,1,91.02,6,91.03,4,91.06,1,91.07,4,91.09,3,91.1,3,91.11,1,91.12,1,91.13,2
2020-10-29 09:36:45,90.935,90.92,1,90.84,5,91.03,7,91.03,90.84,90.84,5,90.83,1,90.82,2,90.81,4,90.8,4,90.79,3,90.78,7,90.77,2,90.76,2,90.75,1,91.03,7,91.06,1,91.07,4,91.09,3,91.1,3,91.11,1,91.12,1,91.13,2,91.14,3,91.15,4
2020-10-29 09:36:46,90.94,90.92,1,90.85,3,91.03,7,91.03,90.85,90.85,3,90.84,5,90.83,1,90.82,2,90.81,4,90.8,4,90.79,3,90.78,7,90.77,2,90.76,2,91.03,7,91.06,1,91.07,4,91.09,3,91.1,3,91.11,1,91.12,1,91.13,2,91.14,3,91.15,4
2020-10-29 09:36:47,90.94,90.92,1,90.85,3,91.03,7,91.03,90.85,90.85,3,90.84,5,90.83,1,90.82,2,90.81,4,90.8,4,90.79,3,90.78,7,90.77,2,90.76,2,91.03,7,91.06,1,91.07,4,91.09,3,91.1,3,91.11,1,91.12,1,91.13,2,91.14,3,91.15,4
2020-10-29 09:36:48,90.94,90.92,1,90.86,3,91.02,4,91.02,90.86,90.86,3,90.85,3,90.84,5,90.83,1,90.82,2,90.81,4,90.8,4,90.79,3,90.78,7,90.77,2,91.02,4,91.03,7,91.06,1,91.07,4,91.09,3,91.1,3,91.11,1,91.12,1,91.13,2,91.14,3
2020-10-29 09:36:49,90.94,90.92,1,90.86,5,91.02,4,91.02,90.86,90.86,5,90.85,3,90.84,5,90.83,1,90.82,2,90.81,4,90.8,4,90.79,3,90.78,7,90.77,2,91.02,4,91.03,7,91.06,1,91.07,4,91.09,3,91.1,3,91.11,1,91.12,1,91.13,2,91.14,3
2020-10-29 09:36:50,90.94,90.92,1,90.86,5,91.02,4,91.02,90.86,90.86,5,90.85,3,90.84,5,90.83,1,90.82,2,90.81,4,90.8,4,90.79,3,90.78,7,90.77,2,91.02,4,91.03,7,91.06,1,91.07,4,91.09,3,91.1,3,91.11,1,91.12,1,91.13,2,91.14,3
2020-10-29 09:36:51,90.94,90.92,1,90.86,6,91.02,4,91.02,90.86,90.86,6,90.85,3,90.84,5,90.83,1,90.82,2,90.81,4,90.8,4,90.79,3,90.78,7,90.77,2,91.02,4,91.03,7,91.06,1,91.07,4,91.09,3,91.1,3,91.11,1,91.12,1,91.13,2,91.14,3
2020-10-29 09:36:52,90.94,90.92,1,90.86,4,91.02,4,91.02,90.86,90.86,4,90.85,3,90.84,5,90.83,1,90.82,2,90.81,4,90.8,4,90.79,3,90.78,7,90.77,2,91.02,4,91.03,7,91.06,1,91.07,4,91.09,3,91.1,3,91.11,1,91.12,1,91.13,2,91.14,3
2020-10-29 09:36:53,90.94,90.92,1,90.86,4,91.02,4,91.02,90.86,90.86,4,90.85,3,90.84,5,90.83,1,90.82,2,90.81,4,90.8,4,90.79,3,90.78,7,90.77,2,91.02,4,91.03,7,91.06,1,91.07,4,91.09,3,91.1,3,91.11,1,91.12,1,91.13,2,91.14,3
2020-10-29 09:36:54,90.94,90.92,1,90.86,4,91.02,4,91.02,90.86,90.86,4,90.85,3,90.84,5,90.83,1,90.82,2,90.81,4,90.8,4,90.79,3,90.78,7,90.77,2,91.02,4,91.03,7,91.06,1,91.07,4,91.09,3,91.1,3,91.11,1,91.12,1,91.13,2,91.14,3
2020-10-29 09:36:55,90.94,90.94,1,90.87,1,91.01,4,91.01,90.87,90.87,1,90.86,7,90.85,3,90.84,5,90.83,1,90.82,2,90.81,4,90.8,4,90.79,3,90.78,7,91.01,4,91.02,4,91.03,7,91.06,1,91.07,4,91.09,3,91.1,3,91.11,1,91.12,1,91.13,2
2020-10-29 09:36:56,90.95,90.94,1,90.88,2,91.02,7,91.02,90.88,90.88,2,90.87,3,90.86,7,90.85,3,90.84,5,90.83,1,90.82,2,90.81,4,90.8,4,90.79,3,91.02,7,91.03,7,91.06,1,91.07,4,91.09,3,91.1,3,91.11,1,91.12,1,91.13,2,91.14,3
2020-10-29 09:36:57,90.945,90.94,1,90.89,3,91.0,3,91.0,90.89,90.89,3,90.88,4,90.87,3,90.86,7,90.85,3,90.84,5,90.83,1,90.82,2,90.81,4,90.8,4,91.0,3,91.02,7,91.03,7,91.06,1,91.07,4,91.09,3,91.1,3,91.11,1,91.12,1,91.13,2
2020-10-29 09:36:58,90.945,90.94,1,90.89,3,91.0,3,91.0,90.89,90.89,3,90.88,4,90.87,3,90.86,7,90.85,3,90.84,5,90.83,1,90.82,2,90.81,4,90.8,4,91.0,3,91.02,7,91.03,7,91.06,1,91.07,4,91.09,3,91.1,3,91.11,1,91.12,1,91.13,2
2020-10-29 09:36:59,90.945,90.94,1,90.89,3,91.0,3,91.0,90.89,90.89,3,90.88,4,90.87,3,90.86,7,90.85,3,90.84,5,90.83,1,90.82,2,90.81,4,90.8,4,91.0,3,91.02,7,91.03,7,91.06,1,91.07,4,91.09,3,91.1,3,91.11,1,91.12,1,91.13,2
2020-10-29 09:37:00,90.945,90.94,1,90.89,4,91.0,3,91.0,90.89,90.89,4,90.88,4,90.87,3,90.86,7,90.85,3,90.84,5,90.83,1,90.82,2,90.81,4,90.8,4,91.0,3,91.02,7,91.03,7,91.06,1,91.07,4,91.09,3,91.1,3,91.11,1,91.12,1,91.13,2
2020-10-29 09:37:01,90.955,90.96,1,90.91,3,91.0,3,91.0,90.91,90.91,3,90.89,3,90.88,4,90.87,3,90.86,7,90.85,3,90.84,5,90.83,1,90.82,2,90.81,4,91.0,3,91.02,7,91.03,7,91.06,1,91.07,4,91.09,3,91.1,3,91.11,1,91.12,1,91.13,2
2020-10-29 09:37:02,91.105,91.05,1,91.05,3,91.16,3,91.16,91.05,91.05,3,91.04,3,91.03,3,91.02,1,91.0,4,90.99,5,90.98,5,90.96,4,90.92,1,90.91,3,91.16,3,91.17,2,91.18,2,91.19,2,91.2,2,91.22,4,91.23,6,91.24,4,91.25,4,91.26,5
2020-10-29 09:37:03,91.12,91.05,1,91.06,3,91.18,3,91.18,91.06,91.06,3,91.05,3,91.04,3,91.03,3,91.02,1,91.0,4,90.99,5,90.98,5,90.96,4,90.92,1,91.18,3,91.19,1,91.2,3,91.21,1,91.22,5,91.23,6,91.24,4,91.25,4,91.26,5,91.27,5
2020-10-29 09:37:04,90.98,91.05,1,90.92,7,91.04,1,91.04,90.92,90.92,7,90.91,4,90.89,3,90.88,4,90.87,3,90.86,7,90.85,3,90.84,5,90.83,1,90.82,2,91.04,1,91.05,5,91.06,1,91.08,2,91.09,1,91.1,1,91.11,5,91.16,4,91.17,2,91.18,3
2020-10-29 09:37:05,91.025,91.05,1,90.94,2,91.11,3,91.11,90.94,90.94,2,90.93,2,90.92,2,90.91,4,90.89,3,90.88,4,90.87,3,90.86,7,90.85,3,90.84,5,91.11,3,91.12,2,91.16,4,91.17,2,91.18,3,91.19,1,91.2,3,91.21,1,91.22,5,91.23,6
2020-10-29 09:37:06,91.025,91.05,1,90.94,5,91.11,3,91.11,90.94,90.94,5,90.93,2,90.92,2,90.91,4,90.89,3,90.88,4,90.87,3,90.86,7,90.85,3,90.84,5,91.11,3,91.12,2,91.16,4,91.17,2,91.18,3,91.19,1,91.2,3,91.21,1,91.22,5,91.23,6
2020-10-29 09:37:07,91.025,91.05,1,90.94,5,91.11,3,91.11,90.94,90.94,5,90.93,2,90.92,2,90.91,4,90.89,3,90.88,4,90.87,3,90.86,7,90.85,3,90.84,5,91.11,3,91.12,2,91.16,4,91.17,2,91.18,3,91.19,1,91.2,3,91.21,1,91.22,5,91.23,6
2020-10-29 09:37:08,91.025,91.05,1,90.94,5,91.11,3,91.11,90.94,90.94,5,90.93,2,90.92,2,90.91,4,90.89,3,90.88,4,90.87,3,90.86,7,90.85,3,90.84,5,91.11,3,91.12,2,91.16,4,91.17,2,91.18,3,91.19,1,91.2,3,91.21,1,91.22,5,91.23,6
2020-10-29 09:37:09,91.025,91.05,1,90.94,5,91.11,3,91.11,90.94,90.94,5,90.93,2,90.92,2,90.91,4,90.89,3,90.88,4,90.87,3,90.86,7,90.85,3,90.84,5,91.11,3,91.12,2,91.16,4,91.17,2,91.18,3,91.19,1,91.2,3,91.21,1,91.22,5,91.23,6
2020-10-29 09:37:10,91.02,91.05,1,90.94,5,91.1,3,91.1,90.94,90.94,5,90.93,2,90.92,2,90.91,4,90.89,3,90.88,4,90.87,3,90.86,7,90.85,3,90.84,5,91.1,3,91.11,3,91.12,2,91.16,4,91.17,2,91.18,3,91.19,1,91.2,3,91.21,1,91.22,5
2020-10-29 09:37:11,91.015,91.05,1,90.94,5,91.09,2,91.09,90.94,90.94,5,90.93,2,90.92,2,90.91,4,90.89,3,90.88,4,90.87,3,90.86,7,90.85,3,90.84,5,91.09,2,91.1,3,91.11,3,91.12,2,91.16,4,91.17,2,91.18,3,91.19,1,91.2,3,91.21,1
2020-10-29 09:37:12,91.02,91.05,1,90.94,5,91.1,4,91.1,90.94,90.94,5,90.93,2,90.92,2,90.91,4,90.89,3,90.88,4,90.87,3,90.86,7,90.85,3,90.84,5,91.1,4,91.11,3,91.12,2,91.16,4,91.17,2,91.18,3,91.19,1,91.2,3,91.21,1,91.22,5
2020-10-29 09:37:13,91.02,91.05,1,90.94,5,91.1,4,91.1,90.94,90.94,5,90.93,2,90.92,2,90.91,4,90.89,3,90.88,4,90.87,3,90.86,7,90.85,3,90.84,5,91.1,4,91.11,3,91.12,2,91.16,4,91.17,2,91.18,3,91.19,1,91.2,3,91.21,1,91.22,5
2020-10-29 09:37:14,91.02,91.05,1,90.94,5,91.1,4,91.1,90.94,90.94,5,90.93,2,90.92,2,90.91,4,90.89,3,90.88,4,90.87,3,90.86,7,90.85,3,90.84,5,91.1,4,91.11,3,91.12,2,91.16,4,91.17,2,91.18,3,91.19,1,91.2,3,91.21,1,91.22,5
2020-10-29 09:37:15,91.015,91.05,1,90.94,5,91.09,3,91.09,90.94,90.94,5,90.93,2,90.92,2,90.91,4,90.89,3,90.88,4,90.87,3,90.86,7,90.85,3,90.84,5,91.09,3,91.1,4,91.11,3,91.12,2,91.16,4,91.17,2,91.18,3,91.19,1,91.2,3,91.21,1
2020-10-29 09:37:16,91.01,91.05,1,90.94,5,91.08,4,91.08,90.94,90.94,5,90.93,2,90.92,2,90.91,4,90.89,3,90.88,4,90.87,3,90.86,7,90.85,3,90.84,5,91.08,4,91.09,3,91.1,4,91.11,3,91.12,2,91.16,4,91.17,2,91.18,3,91.19,1,91.2,3
2020-10-29 09:37:17,90.93,90.84,1,90.84,6,91.02,1,91.02,90.84,90.84,6,90.83,1,90.82,2,90.81,4,90.8,4,90.79,3,90.78,7,90.77,2,90.76,2,90.75,1,91.02,1,91.04,1,91.06,3,91.08,4,91.09,3,91.1,4,91.11,3,91.12,2,91.16,4,91.17,2
2020-10-29 09:37:18,90.9,90.87,1,90.82,3,90.98,2,90.98,90.82,90.82,3,90.79,5,90.78,7,90.77,2,90.76,2,90.75,1,90.74,1,90.72,3,90.71,5,90.68,1,90.98,2,90.99,2,91.01,2,91.02,4,91.03,3,91.04,1,91.06,3,91.08,4,91.09,3,91.1,4
2020-10-29 09:37:19,90.9,90.87,1,90.82,2,90.98,2,90.98,90.82,90.82,2,90.79,5,90.78,7,90.77,2,90.76,2,90.75,1,90.74,1,90.72,3,90.71,5,90.68,1,90.98,2,90.99,2,91.01,2,91.02,4,91.03,3,91.04,1,91.06,3,91.08,4,91.09,3,91.1,4
2020-10-29 09:37:20,90.9,90.83,1,90.82,4,90.98,4,90.98,90.82,90.82,4,90.79,5,90.78,7,90.77,2,90.76,2,90.75,1,90.74,1,90.72,3,90.71,5,90.68,1,90.98,4,90.99,2,91.01,2,91.02,4,91.03,3,91.04,1,91.06,3,91.08,4,91.09,3,91.1,4
2020-10-29 09:37:21,90.89,90.83,1,90.82,5,90.96,3,90.96,90.82,90.82,5,90.79,5,90.78,7,90.77,2,90.76,2,90.75,1,90.74,1,90.72,3,90.71,5,90.68,1,90.96,3,90.97,1,90.98,5,90.99,2,91.01,2,91.02,4,91.03,3,91.04,1,91.06,3,91.08,4
2020-10-29 09:37:22,90.87,90.89,2,90.79,4,90.95,4,90.95,90.79,90.79,4,90.78,7,90.77,2,90.76,2,90.75,1,90.74,1,90.72,3,90.71,5,90.68,1,,,90.95,4,90.96,3,90.97,1,90.98,5,90.99,2,91.01,2,91.02,4,91.03,3,91.04,1,91.06,3
2020-10-29 09:37:23,90.865,90.89,2,90.79,5,90.94,4,90.94,90.79,90.79,5,90.78,7,90.77,2,90.76,2,90.75,1,90.74,1,90.72,3,90.71,5,90.68,1,,,90.94,4,90.95,4,90.96,3,90.97,1,90.98,5,90.99,2,91.01,2,91.02,4,91.03,3,91.04,1
2020-10-29 09:37:24,90.865,90.89,2,90.79,5,90.94,4,90.94,90.79,90.79,5,90.78,7,90.77,2,90.76,2,90.75,1,90.74,1,90.72,3,90.71,5,90.68,1,,,90.94,4,90.95,4,90.96,3,90.97,1,90.98,5,90.99,2,91.01,2,91.02,4,91.03,3,91.04,1
2020-10-29 09:37:25,90.85,90.87,2,90.79,5,90.91,3,90.91,90.79,90.79,5,90.78,7,90.77,2,90.76,2,90.75,1,90.74,1,90.72,3,90.71,5,90.68,1,,,90.91,3,90.92,4,90.93,3,90.94,4,90.95,4,90.96,3,90.97,1,90.98,5,90.99,2,91.01,2
2020-10-29 09:37:26,90.79,90.79,1,90.72,2,90.86,5,90.86,90.72,90.72,2,90.7,3,90.68,1,,,,,,,,,,,,,,,90.86,5,90.91,1,90.92,2,90.93,4,90.94,4,90.95,4,90.96,3,90.97,1,90.98,5,90.99,2
2020-10-29 09:37:27,90.79,90.79,1,90.72,2,90.86,6,90.86,90.72,90.72,2,90.7,3,90.68,1,,,,,,,,,,,,,,,90.86,6,90.91,1,90.92,2,90.93,4,90.94,4,90.95,4,90.96,3,90.97,1,90.98,5,90.99,2
2020-10-29 09:37:28,90.81,90.79,1,90.72,2,90.9,4,90.9,90.72,90.72,2,90.7,3,90.68,1,,,,,,,,,,,,,,,90.9,4,90.91,3,90.92,2,90.93,4,90.94,4,90.95,4,90.96,3,90.97,1,90.98,5,90.99,2
2020-10-29 09:37:29,90.81,90.79,1,90.72,4,90.9,3,90.9,90.72,90.72,4,90.7,3,90.68,1,,,,,,,,,,,,,,,90.9,3,90.91,3,90.92,2,90.93,4,90.94,4,90.95,4,90.96,3,90.97,1,90.98,5,90.99,2
2020-10-29 09:37:30,90.815,90.79,1,90.72,4,90.91,4,90.91,90.72,90.72,4,90.7,3,90.68,1,,,,,,,,,,,,,,,90.91,4,90.92,2,90.93,4,90.94,4,90.95,4,90.96,3,90.97,1,90.98,5,90.99,2,91.01,2
2020-10-29 09:37:31,90.81,90.79,1,90.72,4,90.9,2,90.9,90.72,90.72,4,90.7,3,90.68,1,,,,,,,,,,,,,,,90.9,2,90.91,4,90.92,2,90.93,4,90.94,4,90.95,4,90.96,3,90.97,1,90.98,5,90.99,2
2020-10-29 09:37:32,90.81,90.79,1,90.72,4,90.9,5,90.9,90.72,90.72,4,90.7,3,90.68,1,,,,,,,,,,,,,,,90.9,5,90.91,4,90.92,2,90.93,4,90.94,4,90.95,4,90.96,3,90.97,1,90.98,5,90.99,2
2020-10-29 09:37:33,90.81,90.79,1,90.72,4,90.9,5,90.9,90.72,90.72,4,90.7,3,90.68,1,,,,,,,,,,,,,,,90.9,5,90.91,4,90.92,2,90.93,4,90.94,4,90.95,4,90.96,3,90.97,1,90.98,5,90.99,2
2020-10-29 09:37:34,90.81,90.79,1,90.72,4,90.9,5,90.9,90.72,90.72,4,90.7,3,90.68,1,,,,,,,,,,,,,,,90.9,5,90.91,4,90.92,2,90.93,4,90.94,4,90.95,4,90.96,3,90.97,1,90.98,5,90.99,2
2020-10-29 09:37:35,90.81,90.79,1,90.72,4,90.9,5,90.9,90.72,90.72,4,90.7,3,90.68,1,,,,,,,,,,,,,,,90.9,5,90.91,4,90.92,2,90.93,4,90.94,4,90.95,4,90.96,3,90.97,1,90.98,5,90.99,2
2020-10-29 09:37:36,90.81,90.79,1,90.72,4,90.9,5,90.9,90.72,90.72,4,90.7,3,90.68,1,,,,,,,,,,,,,,,90.9,5,90.91,4,90.92,2,90.93,4,90.94,4,90.95,4,90.96,3,90.97,1,90.98,5,90.99,2
2020-10-29 09:37:37,90.815,90.79,1,90.73,5,90.9,5,90.9,90.73,90.73,5,90.72,4,90.7,3,90.68,1,,,,,,,,,,,,,90.9,5,90.91,4,90.92,2,90.93,4,90.94,4,90.95,4,90.96,3,90.97,1,90.98,5,90.99,2
2020-10-29 09:37:38,90.82,90.79,1,90.74,1,90.9,5,90.9,90.74,90.74,1,90.73,6,90.72,4,90.7,3,90.68,1,,,,,,,,,,,90.9,5,90.91,4,90.92,2,90.93,4,90.94,4,90.95,4,90.96,3,90.97,1,90.98,5,90.99,2
2020-10-29 09:37:39,90.83,90.79,1,90.76,3,90.9,4,90.9,90.76,90.76,3,90.74,1,90.73,6,90.72,4,90.7,3,90.68,1,,,,,,,,,90.9,4,90.91,4,90.92,2,90.93,4,90.94,4,90.95,4,90.96,3,90.97,1,90.98,5,90.99,2
2020-10-29 09:37:40,90.83,90.79,1,90.76,3,90.9,4,90.9,90.76,90.76,3,90.74,1,90.73,6,90.72,4,90.7,3,90.68,1,,,,,,,,,90.9,4,90.91,4,90.92,2,90.93,4,90.94,4,90.95,4,90.96,3,90.97,1,90.98,5,90.99,2
2020-10-29 09:37:41,90.835,90.79,1,90.78,3,90.89,4,90.89,90.78,90.78,3,90.77,1,90.76,3,90.74,1,90.73,6,90.72,4,90.7,3,90.68,1,,,,,90.89,4,90.9,6,90.91,4,90.92,2,90.93,4,90.94,4,90.95,4,90.96,3,90.97,1,90.98,5
2020-10-29 09:37:42,90.835,90.79,1,90.78,3,90.89,4,90.89,90.78,90.78,3,90.77,1,90.76,3,90.74,1,90.73,6,90.72,4,90.7,3,90.68,1,,,,,90.89,4,90.9,6,90.91,4,90.92,2,90.93,4,90.94,4,90.95,4,90.96,3,90.97,1,90.98,5
2020-10-29 09:37:43,90.83,90.79,1,90.78,3,90.88,3,90.88,90.78,90.78,3,90.73,6,90.72,4,90.7,3,90.68,1,,,,,,,,,,,90.88,3,90.89,6,90.9,6,90.91,4,90.92,2,90.93,4,90.94,4,90.95,4,90.96,3,90.97,1
2020-10-29 09:37:44,90.9,90.88,1,90.84,3,90.96,2,90.96,90.84,90.84,3,90.83,1,90.82,3,90.78,3,90.73,6,90.72,4,90.7,3,90.68,1,,,,,90.96,2,90.97,1,90.98,4,90.99,2,91.01,2,91.02,4,91.03,3,91.04,1,91.06,3,91.08,4
2020-10-29 09:37:45,90.89,90.88,1,90.82,3,90.96,4,90.96,90.82,90.82,3,90.78,4,90.73,6,90.72,4,90.7,3,90.68,1,,,,,,,,,90.96,4,90.97,1,90.98,4,90.99,2,91.01,2,91.02,4,91.03,3,91.04,1,91.06,3,91.08,4
2020-10-29 09:37:46,90.89,90.88,1,90.82,3,90.96,4,90.96,90.82,90.82,3,90.78,4,90.73,6,90.72,4,90.7,3,90.68,1,,,,,,,,,90.96,4,90.97,1,90.98,4,90.99,2,91.01,2,91.02,4,91.03,3,91.04,1,91.06,3,91.08,4
2020-10-29 09:37:47,90.9,90.88,1,90.84,2,90.96,4,90.96,90.84,90.84,2,90.82,3,90.78,4,90.73,6,90.72,4,90.7,3,90.68,1,,,,,,,90.96,4,90.97,1,90.98,4,90.99,2,91.01,2,91.02,4,91.03,3,91.04,1,91.06,3,91.08,4
2020-10-29 09:37:48,90.9,90.88,1,90.84,3,90.96,5,90.96,90.84,90.84,3,90.82,3,90.78,4,90.73,6,90.72,4,90.7,3,90.68,1,,,,,,,90.96,5,90.97,1,90.98,4,90.99,2,91.01,2,91.02,4,91.03,3,91.04,1,91.06,3,91.08,4
2020-10-29 09:37:49,90.89,90.88,1,90.82,3,90.96,5,90.96,90.82,90.82,3,90.78,4,90.73,6,90.72,4,90.7,3,90.68,1,,,,,,,,,90.96,5,90.97,1,90.98,4,90.99,2,91.01,2,91.02,4,91.03,3,91.04,1,91.06,3,91.08,4
2020-10-29 09:37:50,90.815,90.84,1,90.76,2,90.87,2,90.87,90.76,90.76,2,90.73,6,90.72,4,90.7,3,90.68,1,,,,,,,,,,,90.87,2,90.92,5,90.93,2,90.94,2,90.95,3,90.96,5,90.97,1,90.98,4,90.99,2,91.01,2
2020-10-29 09:37:51,90.86,90.84,1,90.78,5,90.94,3,90.94,90.78,90.78,5,90.77,1,90.76,2,90.73,6,90.72,4,90.7,3,90.68,1,,,,,,,90.94,3,90.95,4,90.96,5,90.97,1,90.98,4,90.99,2,91.01,2,91.02,4,91.03,3,91.04,1
2020-10-29 09:37:52,90.845,90.84,1,90.76,4,90.93,5,90.93,90.76,90.76,4,90.73,6,90.72,4,90.7,3,90.68,1,,,,,,,,,,,90.93,5,90.94,7,90.95,4,90.96,5,90.97,1,90.98,4,90.99,2,91.01,2,91.02,4,91.03,3
2020-10-29 09:37:53,90.835,90.84,1,90.76,4,90.91,2,90.91,90.76,90.76,4,90.73,6,90.72,4,90.7,3,90.68,1,,,,,,,,,,,90.91,2,90.92,1,90.93,5,90.94,7,90.95,4,90.96,5,90.97,1,90.98,4,90.99,2,91.01,2
2020-10-29 09:37:54,90.835,90.84,1,90.76,4,90.91,4,90.91,90.76,90.76,4,90.73,6,90.72,4,90.7,3,90.68,1,,,,,,,,,,,90.91,4,90.92,1,90.93,5,90.94,7,90.95,4,90.96,5,90.97,1,90.98,4,90.99,2,91.01,2
2020-10-29 09:37:55,90.835,90.84,1,90.76,4,90.91,5,90.91,90.76,90.76,4,90.73,6,90.72,4,90.7,3,90.68,1,,,,,,,,,,,90.91,5,90.92,1,90.93,5,90.94,7,90.95,4,90.96,5,90.97,1,90.98,4,90.99,2,91.01,2
2020-10-29 09:37:56,90.84,90.84,1,90.77,1,90.91,5,90.91,90.77,90.77,1,90.76,4,90.73,6,90.72,4,90.7,3,90.68,1,,,,,,,,,90.91,5,90.92,1,90.93,5,90.94,7,90.95,4,90.96,5,90.97,1,90.98,4,90.99,2,91.01,2
2020-10-29 09:37:57,90.85,90.84,1,90.79,2,90.91,5,90.91,90.79,90.79,2,90.77,1,90.76,4,90.73,6,90.72,4,90.7,3,90.68,1,,,,,,,90.91,5,90.92,1,90.93,5,90.94,7,90.95,4,90.96,5,90.97,1,90.98,4,90.99,2,91.01,2
2020-10-29 09:37:58,90.94,90.92,1,90.92,2,90.96,6,90.96,90.92,90.92,2,90.86,5,90.85,1,90.81,2,90.8,3,90.79,2,90.77,1,90.76,4,90.73,6,90.72,4,90.96,6,90.97,1,90.98,4,90.99,2,91.01,2,91.02,4,91.03,3,91.04,1,91.06,3,91.08,4
2020-10-29 09:37:59,90.9,90.92,1,90.84,1,90.96,6,90.96,90.84,90.84,1,90.82,2,90.8,4,90.79,2,90.77,1,90.76,4,90.73,6,90.72,4,90.7,3,90.68,1,90.96,6,90.97,1,90.98,4,90.99,2,91.01,2,91.02,4,91.03,3,91.04,1,91.06,3,91.08,4
2020-10-29 09:38:00,90.9,90.92,1,90.84,1,90.96,6,90.96,90.84,90.84,1,90.82,2,90.8,4,90.79,2,90.77,1,90.76,4,90.73,6,90.72,4,90.7,3,90.68,1,90.96,6,90.97,1,90.98,4,90.99,2,91.01,2,91.02,4,91.03,3,91.04,1,91.06,3,91.08,4
2020-10-29 09:38:01,90.885,90.92,1,90.82,1,90.95,1,90.95,90.82,90.82,1,90.81,1,90.8,4,90.79,2,90.77,1,90.76,4,90.73,6,90.72,4,90.7,3,90.68,1,90.95,1,90.97,4,90.98,4,90.99,2,91.01,2,91.02,4,91.03,3,91.04,1,91.06,3,91.08,4
2020-10-29 09:38:02,90.885,90.92,1,90.82,1,90.95,1,90.95,90.82,90.82,1,90.81,1,90.8,4,90.79,2,90.77,1,90.76,4,90.73,6,90.72,4,90.7,3,90.68,1,90.95,1,90.96,2,90.97,1,90.98,4,90.99,2,91.01,2,91.02,4,91.03,3,91.04,1,91.06,3
2020-10-29 09:38:03,90.88,90.92,1,90.8,4,90.96,3,90.96,90.8,90.8,4,90.79,2,90.77,1,90.76,4,90.73,6,90.72,4,90.7,3,90.68,1,,,,,90.96,3,90.97,1,90.98,4,90.99,2,91.01,2,91.02,4,91.03,3,91.04,1,91.06,3,91.08,4
2020-10-29 09:38:04,90.87,90.92,1,90.8,3,90.94,4,90.94,90.8,90.8,3,90.79,2,90.77,2,90.76,4,90.73,6,90.72,4,90.7,3,90.68,1,,,,,90.94,4,90.95,4,90.96,5,90.97,1,90.98,4,90.99,2,91.01,2,91.02,4,91.03,3,91.04,1
2020-10-29 09:38:05,90.87,90.92,1,90.8,3,90.94,4,90.94,90.8,90.8,3,90.79,2,90.77,2,90.76,4,90.73,6,90.72,4,90.7,3,90.68,1,,,,,90.94,4,90.95,4,90.96,5,90.97,1,90.98,4,90.99,2,91.01,2,91.02,4,91.03,3,91.04,1
2020-10-29 09:38:06,90.87,90.87,1,90.8,3,90.94,4,90.94,90.8,90.8,3,90.79,2,90.77,2,90.76,4,90.73,6,90.72,4,90.7,3,90.68,1,,,,,90.94,4,90.95,4,90.96,5,90.97,1,90.98,4,90.99,2,91.01,2,91.02,4,91.03,3,91.04,1
2020-10-29 09:38:07,90.9,90.87,1,90.85,2,90.95,3,90.95,90.85,90.85,2,90.84,1,90.83,2,90.8,3,90.79,2,90.77,2,90.76,4,90.73,6,90.72,4,90.7,3,90.95,3,90.96,5,90.97,1,90.98,4,90.99,2,91.01,2,91.02,4,91.03,3,91.04,1,91.06,3
2020-10-29 09:38:08,90.9,90.87,1,90.85,2,90.95,3,90.95,90.85,90.85,2,90.84,1,90.83,2,90.8,3,90.79,2,90.77,2,90.76,4,90.73,6,90.72,4,90.7,3,90.95,3,90.96,5,90.97,1,90.98,4,90.99,2,91.01,2,91.02,4,91.03,3,91.04,1,91.06,3
2020-10-29 09:38:09,90.895,90.87,1,90.84,1,90.95,5,90.95,90.84,90.84,1,90.83,2,90.8,3,90.79,2,90.77,2,90.76,4,90.73,6,90.72,4,90.7,3,90.68,1,90.95,5,90.96,5,90.97,1,90.98,4,90.99,2,91.01,2,91.02,4,91.03,3,91.04,1,91.06,3
2020-10-29 09:38:10,90.895,90.87,1,90.84,1,90.95,5,90.95,90.84,90.84,1,90.83,2,90.8,3,90.79,2,90.77,2,90.76,4,90.73,6,90.72,4,90.7,3,90.68,1,90.95,5,90.96,5,90.97,1,90.98,4,90.99,2,91.01,2,91.02,4,91.03,3,91.04,1,91.06,3
2020-10-29 09:38:11,90.895,90.87,1,90.84,1,90.95,5,90.95,90.84,90.84,1,90.83,2,90.8,3,90.79,2,90.77,2,90.76,4,90.73,6,90.72,4,90.7,3,90.68,1,90.95,5,90.96,5,90.97,1,90.98,4,90.99,2,91.01,2,91.02,4,91.03,3,91.04,1,91.06,3
2020-10-29 09:38:12,90.895,90.87,1,90.84,1,90.95,5,90.95,90.84,90.84,1,90.83,2,90.8,3,90.79,2,90.77,2,90.76,4,90.73,6,90.72,4,90.7,3,90.68,1,90.95,5,90.96,5,90.97,1,90.98,4,90.99,2,91.01,2,91.02,4,91.03,3,91.04,1,91.06,3
2020-10-29 09:38:13,90.9,90.87,1,90.85,2,90.95,5,90.95,90.85,90.85,2,90.84,1,90.83,2,90.8,3,90.79,2,90.77,2,90.76,4,90.73,6,90.72,4,90.7,3,90.95,5,90.96,5,90.97,1,90.98,4,90.99,2,91.01,2,91.02,4,91.03,3,91.04,1,91.06,3
2020-10-29 09:38:14,90.905,90.87,1,90.86,3,90.95,5,90.95,90.86,90.86,3,90.85,2,90.84,1,90.83,2,90.8,3,90.79,2,90.77,2,90.76,4,90.73,6,90.72,4,90.95,5,90.96,5,90.97,1,90.98,4,90.99,2,91.01,2,91.02,4,91.03,3,91.04,1,91.06,3
2020-10-29 09:38:15,90.905,90.87,1,90.86,3,90.95,5,90.95,90.86,90.86,3,90.85,2,90.84,1,90.83,2,90.8,3,90.79,2,90.77,2,90.76,4,90.73,6,90.72,4,90.95,5,90.96,5,90.97,1,90.98,4,90.99,2,91.01,2,91.02,4,91.03,3,91.04,1,91.06,3
2020-10-29 09:38:16,90.89,90.87,1,90.85,2,90.93,1,90.93,90.85,90.85,2,90.82,1,90.8,3,90.79,2,90.77,2,90.76,4,90.73,6,90.72,4,90.7,3,90.68,1,90.93,1,90.94,1,90.95,5,90.96,5,90.97,1,90.98,4,90.99,2,91.01,2,91.02,4,91.03,3
2020-10-29 09:38:17,90.9,90.87,1,90.86,1,90.94,2,90.94,90.86,90.86,1,90.85,2,90.82,1,90.8,3,90.79,2,90.77,2,90.76,4,90.73,6,90.72,4,90.7,3,90.94,2,90.95,5,90.96,5,90.97,1,90.98,4,90.99,2,91.01,2,91.02,4,91.03,3,91.04,1
2020-10-29 09:38:18,90.9,90.87,1,90.86,1,90.94,2,90.94,90.86,90.86,1,90.85,2,90.82,1,90.8,3,90.79,2,90.77,2,90.76,4,90.73,6,90.72,4,90.7,3,90.94,2,90.95,5,90.96,5,90.97,1,90.98,4,90.99,2,91.01,2,91.02,4,91.03,3,91.04,1
2020-10-29 09:38:19,90.9,90.87,1,90.86,5,90.94,2,90.94,90.86,90.86,5,90.85,2,90.82,1,90.8,3,90.79,2,90.77,2,90.76,4,90.73,6,90.72,4,90.7,3,90.94,2,90.95,5,90.96,5,90.97,1,90.98,4,90.99,2,91.01,2,91.02,4,91.03,3,91.04,1
2020-10-29 09:38:20,90.93,90.89,1,90.87,1,90.99,4,90.99,90.87,90.87,1,90.86,1,90.81,1,90.8,3,90.79,2,90.77,2,90.76,4,90.73,6,90.72,4,90.7,3,90.99,4,91.0,6,91.01,2,91.02,4,91.03,3,91.04,1,91.06,3,91.08,4,91.09,3,91.1,4
2020-10-29 09:38:21,90.935,90.89,1,90.87,2,91.0,9,91.0,90.87,90.87,2,90.86,1,90.81,1,90.8,3,90.79,2,90.77,2,90.76,4,90.73,6,90.72,4,90.7,3,91.0,9,91.01,2,91.02,4,91.03,3,91.04,1,91.06,3,91.08,4,91.09,3,91.1,4,91.11,3
2020-10-29 09:38:22,90.935,90.89,1,90.87,5,91.0,10,91.0,90.87,90.87,5,90.86,1,90.81,1,90.8,3,90.79,2,90.77,2,90.76,4,90.73,6,90.72,4,90.7,3,91.0,10,91.01,2,91.02,4,91.03,3,91.04,1,91.06,3,91.08,4,91.09,3,91.1,4,91.11,3
2020-10-29 09:38:23,90.935,90.89,1,90.87,5,91.0,10,91.0,90.87,90.87,5,90.86,1,90.81,1,90.8,3,90.79,2,90.77,2,90.76,4,90.73,6,90.72,4,90.7,3,91.0,10,91.01,2,91.02,4,91.03,3,91.04,1,91.06,3,91.08,4,91.09,3,91.1,4,91.11,3
2020-10-29 09:38:24,90.935,90.89,1,90.87,5,91.0,10,91.0,90.87,90.87,5,90.86,1,90.81,1,90.8,3,90.79,2,90.77,2,90.76,4,90.73,6,90.72,4,90.7,3,91.0,10,91.01,2,91.02,4,91.03,3,91.04,1,91.06,3,91.08,4,91.09,3,91.1,4,91.11,3
2020-10-29 09:38:25,90.93,90.87,1,90.87,4,90.99,4,90.99,90.87,90.87,4,90.86,1,90.81,1,90.8,3,90.79,2,90.77,2,90.76,4,90.73,6,90.72,4,90.7,3,90.99,4,91.0,10,91.01,2,91.02,4,91.03,3,91.04,1,91.06,3,91.08,4,91.09,3,91.1,4
2020-10-29 09:38:26,90.935,90.87,1,90.88,2,90.99,7,90.99,90.88,90.88,2,90.87,6,90.86,1,90.81,1,90.8,3,90.79,2,90.77,2,90.76,4,90.73,6,90.72,4,90.99,7,91.0,10,91.01,2,91.02,4,91.03,3,91.04,1,91.06,3,91.08,4,91.09,3,91.1,4
2020-10-29 09:38:27,90.91,90.88,1,90.88,1,90.94,1,90.94,90.88,90.88,1,90.84,2,90.81,1,90.8,3,90.79,2,90.77,2,90.76,4,90.73,6,90.72,4,90.7,3,90.94,1,90.95,1,90.99,7,91.0,10,91.01,2,91.02,4,91.03,3,91.04,1,91.06,3,91.08,4
2020-10-29 09:38:28,90.91,90.88,1,90.88,1,90.94,1,90.94,90.88,90.88,1,90.84,2,90.81,1,90.8,3,90.79,2,90.77,2,90.76,4,90.73,6,90.72,4,90.7,3,90.94,1,90.95,1,90.99,7,91.0,10,91.01,2,91.02,4,91.03,3,91.04,1,91.06,3,91.08,4
