sim_time,mid_price,last_price,last_size,best_bid_price,best_bid_size,best_ask_price,best_ask_size,close_price_buy,close_price_sell,bid1_price,bid1_size,bid2_price,bid2_size,bid3_price,bid3_size,bid4_price,bid4_size,bid5_price,bid5_size,bid6_price,bid6_size,bid7_price,bid7_size,bid8_price,bid8_size,bid9_price,bid9_size,bid10_price,bid10_size,ask1_price,ask1_size,ask2_price,ask2_size,ask3_price,ask3_size,ask4_price,ask4_size,ask5_price,ask5_size,ask6_price,ask6_size,ask7_price,ask7_size,ask8_price,ask8_size,ask9_price,ask9_size,ask10_price,ask10_size
2026-02-05 09:30:17,350.995,0.0,0,350.0,800,351.99,560,351.99,350.0,350.0,800,,,,,,,,,,,,,,,,,,,351.99,560,352.0,480,352.2,920,356.0,200,,,,,,,,,,,,
2026-02-05 09:30:18,350.995,0.0,0,350.0,840,351.99,560,351.99,350.0,350.0,840,,,,,,,,,,,,,,,,,,,351.99,560,352.0,480,352.2,920,356.0,200,,,,,,,,,,,,
2026-02-05 09:30:20,350.995,0.0,0,350.0,840,351.99,560,351.99,350.0,350.0,840,,,,,,,,,,,,,,,,,,,351.99,560,352.0,480,352.2,920,356.0,200,,,,,,,,,,,,
2026-02-05 09:30:21,350.995,0.0,0,350.0,840,351.99,560,351.99,350.0,350.0,840,,,,,,,,,,,,,,,,,,,351.99,560,352.0,480,352.2,920,356.0,200,,,,,,,,,,,,
2026-02-05 09:30:22,350.995,0.0,0,350.0,840,351.99,560,351.99,350.0,350.0,840,,,,,,,,,,,,,,,,,,,351.99,560,352.0,480,352.2,920,356.0,200,,,,,,,,,,,,
2026-02-05 09:30:22,350.995,0.0,0,350.0,840,351.99,560,351.99,350.0,350.0,840,,,,,,,,,,,,,,,,,,,351.99,560,352.0,480,352.2,920,356.0,200,,,,,,,,,,,,
2026-02-05 09:30:24,350.995,0.0,0,350.0,840,351.99,560,351.99,350.0,350.0,840,,,,,,,,,,,,,,,,,,,351.99,560,352.0,480,352.2,920,356.0,200,,,,,,,,,,,,
2026-02-05 09:30:25,350.995,0.0,0,350.0,840,351.99,560,351.99,350.0,350.0,840,,,,,,,,,,,,,,,,,,,351.99,560,352.0,480,352.2,920,356.0,200,,,,,,,,,,,,
2026-02-05 09:30:26,350.995,0.0,0,350.0,840,351.99,560,351.99,350.0,350.0,840,,,,,,,,,,,,,,,,,,,351.99,560,352.0,480,352.2,920,356.0,200,,,,,,,,,,,,
2026-02-05 09:30:27,350.995,351.0,2,350.0,840,351.99,560,351.99,350.0,350.0,840,,,,,,,,,,,,,,,,,,,351.99,560,352.0,480,352.2,920,356.0,200,,,,,,,,,,,,
2026-02-05 09:30:28,350.995,351.0,2,350.0,840,351.99,560,351.99,350.0,350.0,840,,,,,,,,,,,,,,,,,,,351.99,560,352.0,480,352.2,920,356.0,200,,,,,,,,,,,,
2026-02-05 09:30:29,350.995,351.0,2,350.0,840,351.99,560,351.99,350.0,350.0,840,,,,,,,,,,,,,,,,,,,351.99,560,352.0,480,352.2,920,356.0,200,,,,,,,,,,,,
2026-02-05 09:30:30,350.995,351.0,2,350.0,840,351.99,560,351.99,350.0,350.0,840,,,,,,,,,,,,,,,,,,,351.99,560,352.0,480,352.2,920,356.0,200,,,,,,,,,,,,
2026-02-05 09:30:31,350.995,351.0,1,350.0,840,351.99,560,351.99,350.0,350.0,840,,,,,,,,,,,,,,,,,,,351.99,560,352.0,480,352.2,920,356.0,200,,,,,,,,,,,,
2026-02-05 09:30:32,350.995,350.22,1,350.0,840,351.99,560,351.99,350.0,350.0,840,,,,,,,,,,,,,,,,,,,351.99,560,352.0,480,352.2,920,356.0,200,,,,,,,,,,,,
2026-02-05 09:30:33,350.995,350.0,1,350.0,840,351.99,560,351.99,350.0,350.0,840,,,,,,,,,,,,,,,,,,,351.99,560,352.0,480,352.2,920,356.0,200,,,,,,,,,,,,
2026-02-05 09:30:34,350.995,350.0,1,350.0,840,351.99,560,351.99,350.0,350.0,840,,,,,,,,,,,,,,,,,,,351.99,560,352.0,480,352.2,920,356.0,200,,,,,,,,,,,,
2026-02-05 09:30:35,350.995,350.0,1,350.0,840,351.99,560,351.99,350.0,350.0,840,,,,,,,,,,,,,,,,,,,351.99,560,352.0,480,352.2,920,356.0,200,,,,,,,,,,,,
2026-02-05 09:30:36,350.995,350.0,1,350.0,840,351.99,560,351.99,350.0,350.0,840,,,,,,,,,,,,,,,,,,,351.99,560,352.0,480,352.2,920,356.0,200,,,,,,,,,,,,
2026-02-05 09:30:37,350.995,350.0,1,350.0,840,351.99,560,351.99,350.0,350.0,840,,,,,,,,,,,,,,,,,,,351.99,560,352.0,480,352.2,920,356.0,200,,,,,,,,,,,,
2026-02-05 09:30:38,350.995,350.0,1,350.0,840,351.99,560,351.99,350.0,350.0,840,,,,,,,,,,,,,,,,,,,351.99,560,352.0,480,352.2,920,356.0,200,,,,,,,,,,,,
2026-02-05 09:30:39,350.995,350.0,1,350.0,840,351.99,560,351.99,350.0,350.0,840,,,,,,,,,,,,,,,,,,,351.99,560,352.0,480,352.2,920,356.0,200,,,,,,,,,,,,
2026-02-05 09:30:40,350.995,350.0,1,350.0,840,351.99,560,351.99,350.0,350.0,840,,,,,,,,,,,,,,,,,,,351.99,560,352.0,480,352.2,920,356.0,200,,,,,,,,,,,,
2026-02-05 09:30:41,350.995,350.0,1,350.0,880,351.99,560,351.99,350.0,350.0,880,,,,,,,,,,,,,,,,,,,351.99,560,352.0,480,352.2,920,356.0,200,,,,,,,,,,,,
2026-02-05 09:30:41,350.995,350.0,1,350.0,880,351.99,560,351.99,350.0,350.0,880,,,,,,,,,,,,,,,,,,,351.99,560,352.0,480,352.2,920,356.0,200,,,,,,,,,,,,
2026-02-05 09:30:43,350.995,350.0,1,350.0,880,351.99,560,351.99,350.0,350.0,880,,,,,,,,,,,,,,,,,,,351.99,560,352.0,480,352.2,920,356.0,200,,,,,,,,,,,,
2026-02-05 09:30:44,350.995,350.0,1,350.0,880,351.99,560,351.99,350.0,350.0,880,,,,,,,,,,,,,,,,,,,351.99,560,352.0,480,352.2,920,356.0,200,,,,,,,,,,,,
2026-02-05 09:30:45,350.995,350.0,1,350.0,880,351.99,560,351.99,350.0,350.0,880,,,,,,,,,,,,,,,,,,,351.99,560,352.0,480,352.2,920,356.0,200,,,,,,,,,,,,
2026-02-05 09:30:46,350.995,350.0,1,350.0,880,351.99,560,351.99,350.0,350.0,880,,,,,,,,,,,,,,,,,,,351.99,560,352.0,480,352.2,920,356.0,200,,,,,,,,,,,,
2026-02-05 09:30:47,350.995,350.0,1,350.0,880,351.99,560,351.99,350.0,350.0,880,,,,,,,,,,,,,,,,,,,351.99,560,352.0,480,352.2,920,356.0,200,,,,,,,,,,,,
2026-02-05 09:30:48,350.995,350.0,1,350.0,880,351.99,560,351.99,350.0,350.0,880,,,,,,,,,,,,,,,,,,,351.99,560,352.0,480,352.2,920,356.0,200,,,,,,,,,,,,
2026-02-05 09:30:48,350.995,350.0,1,350.0,880,351.99,560,351.99,350.0,350.0,880,,,,,,,,,,,,,,,,,,,351.99,560,352.0,480,352.2,920,356.0,200,,,,,,,,,,,,
2026-02-05 09:30:50,350.995,350.0,1,350.0,880,351.99,560,351.99,350.0,350.0,880,,,,,,,,,,,,,,,,,,,351.99,560,352.0,480,352.2,920,356.0,200,,,,,,,,,,,,
2026-02-05 09:30:51,350.995,350.0,1,350.0,880,351.99,560,351.99,350.0,350.0,880,,,,,,,,,,,,,,,,,,,351.99,560,352.0,480,352.2,920,356.0,200,,,,,,,,,,,,
2026-02-05 09:30:52,350.995,350.0,1,350.0,880,351.99,560,351.99,350.0,350.0,880,,,,,,,,,,,,,,,,,,,351.99,560,352.0,480,352.2,920,356.0,200,,,,,,,,,,,,
2026-02-05 09:30:53,350.995,350.0,1,350.0,880,351.99,560,351.99,350.0,350.0,880,,,,,,,,,,,,,,,,,,,351.99,560,352.0,480,352.2,920,356.0,200,,,,,,,,,,,,
2026-02-05 09:30:54,350.995,350.0,1,350.0,880,351.99,560,351.99,350.0,350.0,880,,,,,,,,,,,,,,,,,,,351.99,560,352.0,480,352.2,920,356.0,200,,,,,,,,,,,,
2026-02-05 09:30:55,350.995,350.0,1,350.0,880,351.99,560,351.99,350.0,350.0,880,,,,,,,,,,,,,,,,,,,351.99,560,352.0,480,352.2,920,356.0,200,,,,,,,,,,,,
2026-02-05 09:30:56,350.995,350.0,1,350.0,880,351.99,560,351.99,350.0,350.0,880,,,,,,,,,,,,,,,,,,,351.99,560,352.0,480,352.2,920,356.0,200,,,,,,,,,,,,
2026-02-05 09:30:57,350.995,350.0,1,350.0,880,351.99,560,351.99,350.0,350.0,880,,,,,,,,,,,,,,,,,,,351.99,560,352.0,480,352.2,920,356.0,200,,,,,,,,,,,,
2026-02-05 09:30:58,350.995,350.0,1,350.0,880,351.99,560,351.99,350.0,350.0,880,,,,,,,,,,,,,,,,,,,351.99,560,352.0,480,352.2,920,356.0,200,,,,,,,,,,,,
2026-02-05 09:30:59,350.995,350.0,1,350.0,880,351.99,560,351.99,350.0,350.0,880,,,,,,,,,,,,,,,,,,,351.99,560,352.0,480,352.2,920,356.0,200,,,,,,,,,,,,
2026-02-05 09:31:00,350.995,350.0,1,350.0,880,351.99,560,351.99,350.0,350.0,880,,,,,,,,,,,,,,,,,,,351.99,560,352.0,480,352.2,920,356.0,200,,,,,,,,,,,,
2026-02-05 09:31:01,350.995,350.0,1,350.0,880,351.99,560,351.99,350.0,350.0,880,,,,,,,,,,,,,,,,,,,351.99,560,352.0,480,352.2,920,356.0,200,,,,,,,,,,,,
2026-02-05 09:31:02,350.995,350.0,1,350.0,880,351.99,560,351.99,350.0,350.0,880,,,,,,,,,,,,,,,,,,,351.99,560,352.0,480,352.2,920,356.0,200,,,,,,,,,,,,
2026-02-05 09:31:03,350.995,350.0,1,350.0,880,351.99,560,351.99,350.0,350.0,880,,,,,,,,,,,,,,,,,,,351.99,560,352.0,480,352.2,920,356.0,200,,,,,,,,,,,,
2026-02-05 09:31:04,350.995,350.0,1,350.0,880,351.99,560,351.99,350.0,350.0,880,,,,,,,,,,,,,,,,,,,351.99,560,352.0,480,352.2,920,356.0,200,,,,,,,,,,,,
2026-02-05 09:31:05,350.995,350.0,1,350.0,880,351.99,560,351.99,350.0,350.0,880,,,,,,,,,,,,,,,,,,,351.99,560,352.0,480,352.2,920,356.0,200,,,,,,,,,,,,
2026-02-05 09:31:06,350.995,350.0,1,350.0,880,351.99,560,351.99,350.0,350.0,880,,,,,,,,,,,,,,,,,,,351.99,560,352.0,480,352.2,920,356.0,200,,,,,,,,,,,,
2026-02-05 09:31:07,350.995,350.0,1,350.0,880,351.99,560,351.99,350.0,350.0,880,,,,,,,,,,,,,,,,,,,351.99,560,352.0,480,352.2,920,356.0,200,,,,,,,,,,,,
2026-02-05 09:31:08,350.995,350.0,1,350.0,880,351.99,560,351.99,350.0,350.0,880,,,,,,,,,,,,,,,,,,,351.99,560,352.0,480,352.2,920,356.0,200,,,,,,,,,,,,
2026-02-05 09:31:09,350.995,350.0,1,350.0,880,351.99,560,351.99,350.0,350.0,880,,,,,,,,,,,,,,,,,,,351.99,560,352.0,480,352.2,920,356.0,200,,,,,,,,,,,,
2026-02-05 09:31:10,350.995,350.0,1,350.0,1160,351.99,560,351.99,350.0,350.0,1160,,,,,,,,,,,,,,,,,,,351.99,560,352.0,480,352.2,920,356.0,200,,,,,,,,,,,,
2026-02-05 09:31:11,350.995,350.0,1,350.0,1160,351.99,560,351.99,350.0,350.0,1160,,,,,,,,,,,,,,,,,,,351.99,560,352.0,480,352.2,920,356.0,200,,,,,,,,,,,,
2026-02-05 09:31:12,350.995,350.0,1,350.0,1160,351.99,560,351.99,350.0,350.0,1160,,,,,,,,,,,,,,,,,,,351.99,560,352.0,480,352.2,920,356.0,200,,,,,,,,,,,,
2026-02-05 09:31:13,350.995,350.0,1,350.0,1160,351.99,560,351.99,350.0,350.0,1160,,,,,,,,,,,,,,,,,,,351.99,560,352.0,480,352.2,920,356.0,200,,,,,,,,,,,,
2026-02-05 09:31:14,350.995,350.0,1,350.0,1200,351.99,560,351.99,350.0,350.0,1200,,,,,,,,,,,,,,,,,,,351.99,560,352.0,480,352.2,920,356.0,200,,,,,,,,,,,,
2026-02-05 09:31:15,350.995,350.0,1,350.0,1200,351.99,560,351.99,350.0,350.0,1200,,,,,,,,,,,,,,,,,,,351.99,560,352.0,480,352.2,920,356.0,200,,,,,,,,,,,,
2026-02-05 09:31:16,350.995,350.0,1,350.0,1200,351.99,560,351.99,350.0,350.0,1200,,,,,,,,,,,,,,,,,,,351.99,560,352.0,480,352.2,920,356.0,200,,,,,,,,,,,,
2026-02-05 09:31:17,350.995,350.0,1,350.0,1200,351.99,560,351.99,350.0,350.0,1200,,,,,,,,,,,,,,,,,,,351.99,560,352.0,480,352.2,920,356.0,200,,,,,,,,,,,,
2026-02-05 09:31:18,350.995,350.0,1,350.0,1200,351.99,560,351.99,350.0,350.0,1200,,,,,,,,,,,,,,,,,,,351.99,560,352.0,480,352.2,920,356.0,200,,,,,,,,,,,,
2026-02-05 09:31:19,350.995,350.0,1,350.0,1240,351.99,560,351.99,350.0,350.0,1240,,,,,,,,,,,,,,,,,,,351.99,560,352.0,480,352.2,920,356.0,200,,,,,,,,,,,,
2026-02-05 09:31:20,350.995,350.0,1,350.0,1240,351.99,560,351.99,350.0,350.0,1240,,,,,,,,,,,,,,,,,,,351.99,560,352.0,480,352.2,920,356.0,200,,,,,,,,,,,,
2026-02-05 09:31:21,350.995,350.0,1,350.0,1240,351.99,560,351.99,350.0,350.0,1240,,,,,,,,,,,,,,,,,,,351.99,560,352.0,480,352.2,920,356.0,200,,,,,,,,,,,,
2026-02-05 09:31:22,350.995,350.0,1,350.0,1240,351.99,560,351.99,350.0,350.0,1240,,,,,,,,,,,,,,,,,,,351.99,560,352.0,480,352.2,920,356.0,200,,,,,,,,,,,,
2026-02-05 09:31:23,350.995,350.0,1,350.0,1240,351.99,560,351.99,350.0,350.0,1240,,,,,,,,,,,,,,,,,,,351.99,560,352.0,480,352.2,920,356.0,200,,,,,,,,,,,,
2026-02-05 09:31:24,351.495,350.0,1,351.0,760,351.99,560,351.99,351.0,351.0,760,350.0,1240,,,,,,,,,,,,,,,,,351.99,560,352.0,480,352.2,920,356.0,200,,,,,,,,,,,,
2026-02-05 09:31:25,351.5,350.0,1,351.01,760,351.99,560,351.99,351.01,351.01,760,351.0,760,350.0,1240,,,,,,,,,,,,,,,351.99,560,352.0,480,352.2,920,356.0,200,,,,,,,,,,,,
2026-02-05 09:31:26,351.5,351.5,1,351.01,760,351.99,560,351.99,351.01,351.01,760,351.0,760,350.0,1240,,,,,,,,,,,,,,,351.99,560,352.0,480,352.2,920,356.0,200,,,,,,,,,,,,
2026-02-05 09:31:27,351.5,351.5,1,351.01,760,351.99,560,351.99,351.01,351.01,760,351.0,760,350.0,1240,,,,,,,,,,,,,,,351.99,560,352.0,480,352.2,920,356.0,200,,,,,,,,,,,,
2026-02-05 09:31:28,351.5,351.5,1,351.01,760,351.99,560,351.99,351.01,351.01,760,351.0,760,350.0,1240,,,,,,,,,,,,,,,351.99,560,352.0,480,352.2,920,356.0,200,,,,,,,,,,,,
2026-02-05 09:31:29,351.5,351.5,1,351.01,800,351.99,560,351.99,351.01,351.01,800,351.0,760,350.0,1240,,,,,,,,,,,,,,,351.99,560,352.0,480,352.2,920,356.0,200,,,,,,,,,,,,
2026-02-05 09:31:30,351.5,351.5,1,351.01,800,351.99,560,351.99,351.01,351.01,800,351.0,760,350.0,1240,,,,,,,,,,,,,,,351.99,560,352.0,480,352.2,920,356.0,200,,,,,,,,,,,,
2026-02-05 09:31:31,351.5,351.5,1,351.01,800,351.99,560,351.99,351.01,351.01,800,351.0,760,350.0,1240,,,,,,,,,,,,,,,351.99,560,352.0,480,352.2,920,356.0,200,,,,,,,,,,,,
2026-02-05 09:31:32,351.5,351.5,1,351.01,800,351.99,560,351.99,351.01,351.01,800,351.0,760,350.0,1240,,,,,,,,,,,,,,,351.99,560,352.0,480,352.2,920,356.0,200,,,,,,,,,,,,
2026-02-05 09:31:33,351.5,351.5,1,351.01,800,351.99,560,351.99,351.01,351.01,800,351.0,760,350.0,1240,,,,,,,,,,,,,,,351.99,560,352.0,480,352.2,920,356.0,200,,,,,,,,,,,,
2026-02-05 09:31:34,351.5,351.5,1,351.01,800,351.99,560,351.99,351.01,351.01,800,351.0,760,350.0,1240,,,,,,,,,,,,,,,351.99,560,352.0,480,352.2,920,356.0,200,,,,,,,,,,,,
2026-02-05 09:31:35,351.5,351.5,1,351.01,840,351.99,560,351.99,351.01,351.01,840,351.0,760,350.0,1240,,,,,,,,,,,,,,,351.99,560,352.0,480,352.2,920,356.0,200,,,,,,,,,,,,
2026-02-05 09:31:36,351.5,351.5,2,351.01,840,351.99,560,351.99,351.01,351.01,840,351.0,760,350.0,1240,,,,,,,,,,,,,,,351.99,560,352.0,480,352.2,920,356.0,200,,,,,,,,,,,,
2026-02-05 09:31:37,351.5,351.5,2,351.01,880,351.99,560,351.99,351.01,351.01,880,351.0,760,350.0,1240,,,,,,,,,,,,,,,351.99,560,352.0,480,352.2,920,356.0,200,,,,,,,,,,,,
2026-02-05 09:31:38,351.5,351.5,2,351.01,880,351.99,560,351.99,351.01,351.01,880,351.0,760,350.0,1240,,,,,,,,,,,,,,,351.99,560,352.0,480,352.2,920,356.0,200,,,,,,,,,,,,
2026-02-05 09:31:39,351.5,351.5,2,351.01,880,351.99,560,351.99,351.01,351.01,880,351.0,760,350.0,1240,,,,,,,,,,,,,,,351.99,560,352.0,480,352.2,920,356.0,200,,,,,,,,,,,,
2026-02-05 09:31:40,351.5,351.5,2,351.01,880,351.99,560,351.99,351.01,351.01,880,351.0,760,350.0,1240,,,,,,,,,,,,,,,351.99,560,352.0,480,352.2,920,356.0,200,,,,,,,,,,,,
2026-02-05 09:31:41,351.5,351.5,1,351.01,920,351.99,560,351.99,351.01,351.01,920,351.0,760,350.0,1240,,,,,,,,,,,,,,,351.99,560,352.0,480,352.2,920,356.0,200,,,,,,,,,,,,
2026-02-05 09:31:42,351.5,351.5,1,351.01,920,351.99,680,351.99,351.01,351.01,920,351.0,760,350.0,1240,,,,,,,,,,,,,,,351.99,680,352.0,480,352.2,920,356.0,200,,,,,,,,,,,,
2026-02-05 09:31:43,351.5,351.5,1,351.01,920,351.99,680,351.99,351.01,351.01,920,351.0,760,350.0,1240,,,,,,,,,,,,,,,351.99,680,352.0,480,352.2,920,356.0,200,,,,,,,,,,,,
2026-02-05 09:31:44,351.5,351.5,1,351.01,920,351.99,680,351.99,351.01,351.01,920,351.0,760,350.0,1240,,,,,,,,,,,,,,,351.99,680,352.0,480,352.2,920,356.0,200,,,,,,,,,,,,
2026-02-05 09:31:45,351.5,351.5,1,351.01,920,351.99,680,351.99,351.01,351.01,920,351.0,760,350.0,1240,,,,,,,,,,,,,,,351.99,680,352.0,480,352.2,920,356.0,200,,,,,,,,,,,,
2026-02-05 09:31:46,351.5,351.5,1,351.01,920,351.99,680,351.99,351.01,351.01,920,351.0,760,350.0,1240,,,,,,,,,,,,,,,351.99,680,352.0,480,352.2,920,356.0,200,,,,,,,,,,,,
2026-02-05 09:31:47,351.5,351.5,1,351.01,920,351.99,680,351.99,351.01,351.01,920,351.0,760,350.0,1240,,,,,,,,,,,,,,,351.99,680,352.0,480,352.2,920,356.0,200,,,,,,,,,,,,
2026-02-05 09:31:48,351.5,351.5,1,351.01,960,351.99,680,351.99,351.01,351.01,960,351.0,760,350.0,1240,,,,,,,,,,,,,,,351.99,680,352.0,480,352.2,920,356.0,200,,,,,,,,,,,,
2026-02-05 09:31:49,351.5,351.5,1,351.01,960,351.99,680,351.99,351.01,351.01,960,351.0,760,350.0,1240,,,,,,,,,,,,,,,351.99,680,352.0,480,352.2,920,356.0,200,,,,,,,,,,,,
2026-02-05 09:31:50,351.5,351.5,1,351.01,960,351.99,680,351.99,351.01,351.01,960,351.0,760,350.0,1240,,,,,,,,,,,,,,,351.99,680,352.0,480,352.2,920,356.0,200,,,,,,,,,,,,
2026-02-05 09:31:51,351.5,351.5,1,351.01,960,351.99,680,351.99,351.01,351.01,960,351.0,760,350.0,1240,,,,,,,,,,,,,,,351.99,680,352.0,480,352.2,920,356.0,200,,,,,,,,,,,,
2026-02-05 09:31:52,351.5,351.5,1,351.01,960,351.99,680,351.99,351.01,351.01,960,351.0,760,350.0,1240,,,,,,,,,,,,,,,351.99,680,352.0,480,352.2,920,356.0,200,,,,,,,,,,,,
2026-02-05 09:31:53,351.5,351.5,1,351.01,1000,351.99,680,351.99,351.01,351.01,1000,351.0,760,350.0,1240,,,,,,,,,,,,,,,351.99,680,352.0,480,352.2,920,356.0,200,,,,,,,,,,,,
2026-02-05 09:31:54,351.5,351.5,1,351.01,1000,351.99,680,351.99,351.01,351.01,1000,351.0,760,350.0,1240,,,,,,,,,,,,,,,351.99,680,352.0,480,352.2,920,356.0,200,,,,,,,,,,,,
2026-02-05 09:31:55,351.5,351.5,1,351.01,1040,351.99,680,351.99,351.01,351.01,1040,351.0,760,350.0,1240,,,,,,,,,,,,,,,351.99,680,352.0,480,352.2,920,356.0,200,,,,,,,,,,,,
2026-02-05 09:31:56,351.5,351.5,1,351.01,1040,351.99,680,351.99,351.01,351.01,1040,351.0,760,350.0,1240,,,,,,,,,,,,,,,351.99,680,352.0,480,352.2,920,356.0,200,,,,,,,,,,,,
2026-02-05 09:31:57,351.5,351.5,1,351.01,1040,351.99,680,351.99,351.01,351.01,1040,351.0,760,350.0,1240,,,,,,,,,,,,,,,351.99,680,352.0,480,352.2,920,356.0,200,,,,,,,,,,,,
2026-02-05 09:31:58,351.5,351.5,1,351.01,1040,351.99,680,351.99,351.01,351.01,1040,351.0,760,350.0,1240,,,,,,,,,,,,,,,351.99,680,352.0,480,352.2,920,356.0,200,,,,,,,,,,,,
2026-02-05 09:31:59,351.5,351.5,1,351.01,1040,351.99,680,351.99,351.01,351.01,1040,351.0,760,350.0,1240,,,,,,,,,,,,,,,351.99,680,352.0,480,352.2,920,356.0,200,,,,,,,,,,,,
2026-02-05 09:32:00,351.5,351.5,1,351.01,1080,351.99,680,351.99,351.01,351.01,1080,351.0,760,350.0,1240,,,,,,,,,,,,,,,351.99,680,352.0,480,352.2,920,356.0,200,,,,,,,,,,,,
2026-02-05 09:32:01,351.5,351.5,1,351.01,1080,351.99,680,351.99,351.01,351.01,1080,351.0,760,350.0,1240,,,,,,,,,,,,,,,351.99,680,352.0,480,352.2,920,356.0,200,,,,,,,,,,,,
2026-02-05 09:32:02,351.5,351.5,1,351.01,1080,351.99,680,351.99,351.01,351.01,1080,351.0,760,350.0,1240,,,,,,,,,,,,,,,351.99,680,352.0,480,352.2,920,356.0,200,,,,,,,,,,,,
2026-02-05 09:32:03,351.5,351.5,1,351.01,1120,351.99,680,351.99,351.01,351.01,1120,351.0,760,350.0,1240,,,,,,,,,,,,,,,351.99,680,352.0,480,352.2,920,356.0,200,,,,,,,,,,,,
2026-02-05 09:32:04,351.5,351.5,1,351.01,1120,351.99,680,351.99,351.01,351.01,1120,351.0,760,350.0,1240,,,,,,,,,,,,,,,351.99,680,352.0,480,352.2,920,356.0,200,,,,,,,,,,,,
2026-02-05 09:32:05,351.505,351.5,1,351.02,1120,351.99,680,351.99,351.02,351.02,1120,351.01,1120,351.0,760,350.0,1240,,,,,,,,,,,,,351.99,680,352.0,480,352.2,920,356.0,200,,,,,,,,,,,,
2026-02-05 09:32:06,352.01,352.55,1,351.02,1120,353.0,360,353.0,351.02,351.02,1120,351.01,1120,351.0,760,350.0,1240,,,,,,,,,,,,,353.0,360,356.0,200,,,,,,,,,,,,,,,,
2026-02-05 09:32:07,352.105,352.01,1,351.21,1080,353.0,360,353.0,351.21,351.21,1080,351.02,1120,351.01,1120,351.0,760,350.0,1240,,,,,,,,,,,353.0,360,356.0,200,,,,,,,,,,,,,,,,
2026-02-05 09:32:08,352.755,352.73,1,352.51,1320,353.0,360,353.0,352.51,352.51,1320,352.35,1160,351.92,1320,351.88,1120,351.69,1160,351.21,1080,351.02,1120,351.01,1120,351.0,760,350.0,1240,353.0,360,356.0,200,,,,,,,,,,,,,,,,
2026-02-05 09:32:09,352.755,352.76,1,352.51,1320,353.0,400,353.0,352.51,352.51,1320,352.35,1160,351.92,1320,351.88,1120,351.69,1160,351.21,1080,351.02,1120,351.01,1120,351.0,760,350.0,1240,353.0,400,356.0,200,,,,,,,,,,,,,,,,
2026-02-05 09:32:10,352.02,352.02,1,351.21,1280,352.83,480,352.83,351.21,351.21,1280,351.02,1120,351.01,1120,351.0,760,350.0,1240,,,,,,,,,,,352.83,480,353.0,400,356.0,200,,,,,,,,,,,,,,
2026-02-05 09:32:11,352.02,352.02,1,351.21,1360,352.83,480,352.83,351.21,351.21,1360,351.02,1120,351.01,1120,351.0,760,350.0,1240,,,,,,,,,,,352.83,480,353.0,400,356.0,200,,,,,,,,,,,,,,
2026-02-05 09:32:12,352.02,352.02,1,351.21,1360,352.83,480,352.83,351.21,351.21,1360,351.02,1120,351.01,1120,351.0,760,350.0,1240,,,,,,,,,,,352.83,480,353.0,400,356.0,200,,,,,,,,,,,,,,
2026-02-05 09:32:13,352.02,352.02,1,351.21,1360,352.83,480,352.83,351.21,351.21,1360,351.02,1120,351.01,1120,351.0,760,350.0,1240,,,,,,,,,,,352.83,480,353.0,400,356.0,200,,,,,,,,,,,,,,
2026-02-05 09:32:14,352.02,352.02,1,351.21,1360,352.83,480,352.83,351.21,351.21,1360,351.02,1120,351.01,1120,351.0,760,350.0,1240,,,,,,,,,,,352.83,480,353.0,400,356.0,200,,,,,,,,,,,,,,
2026-02-05 09:32:15,351.98,352.02,1,351.21,1400,352.75,200,352.75,351.21,351.21,1400,351.02,1120,351.01,1120,351.0,760,350.0,1240,,,,,,,,,,,352.75,200,352.83,480,353.0,400,356.0,200,,,,,,,,,,,,
2026-02-05 09:32:16,351.98,352.02,1,351.21,1400,352.75,200,352.75,351.21,351.21,1400,351.02,1120,351.01,1120,351.0,760,350.0,1240,,,,,,,,,,,352.75,200,352.83,480,353.0,400,356.0,200,,,,,,,,,,,,
2026-02-05 09:32:17,351.98,352.02,1,351.21,1400,352.75,200,352.75,351.21,351.21,1400,351.02,1120,351.01,1120,351.0,760,350.0,1240,,,,,,,,,,,352.75,200,352.83,480,353.0,400,356.0,200,,,,,,,,,,,,
2026-02-05 09:32:18,351.98,352.02,1,351.21,1400,352.75,200,352.75,351.21,351.21,1400,351.02,1120,351.01,1120,351.0,760,350.0,1240,,,,,,,,,,,352.75,200,352.83,480,353.0,400,356.0,200,,,,,,,,,,,,
2026-02-05 09:32:19,351.98,352.02,1,351.21,400,352.75,200,352.75,351.21,351.21,400,351.02,1120,351.01,1120,351.0,760,350.0,1240,,,,,,,,,,,352.75,200,352.83,480,353.0,400,356.0,200,,,,,,,,,,,,
2026-02-05 09:32:20,351.98,352.02,1,351.21,400,352.75,200,352.75,351.21,351.21,400,351.02,1120,351.01,1120,351.0,760,350.0,1240,,,,,,,,,,,352.75,200,352.83,480,353.0,400,356.0,200,,,,,,,,,,,,
2026-02-05 09:32:21,351.99,352.02,1,351.23,160,352.75,200,352.75,351.23,351.23,160,351.21,400,351.02,1120,351.01,1120,351.0,760,350.0,1240,,,,,,,,,352.75,200,352.83,480,353.0,400,356.0,200,,,,,,,,,,,,
2026-02-05 09:32:22,352.37,352.74,1,351.99,200,352.75,360,352.75,351.99,351.99,200,351.78,40,351.55,280,351.53,160,351.24,200,351.23,160,351.21,400,351.02,1120,351.01,1120,351.0,760,352.75,360,352.83,480,353.0,400,356.0,200,,,,,,,,,,,,
2026-02-05 09:32:23,352.37,352.74,1,351.99,200,352.75,360,352.75,351.99,351.99,200,351.78,40,351.55,280,351.53,160,351.24,200,351.23,160,351.21,400,351.02,1120,351.01,1120,351.0,760,352.75,360,352.83,480,353.0,400,356.0,200,,,,,,,,,,,,
2026-02-05 09:32:24,352.37,352.74,1,351.99,200,352.75,360,352.75,351.99,351.99,200,351.78,40,351.55,280,351.53,160,351.24,200,351.23,160,351.21,400,351.02,1120,351.01,1120,351.0,760,352.75,360,352.83,480,353.0,400,356.0,200,,,,,,,,,,,,
2026-02-05 09:32:25,352.37,352.74,1,351.99,200,352.75,360,352.75,351.99,351.99,200,351.78,40,351.55,280,351.53,160,351.24,200,351.23,160,351.21,400,351.02,1120,351.01,1120,351.0,760,352.75,360,352.83,480,353.0,400,356.0,200,,,,,,,,,,,,
2026-02-05 09:32:26,352.37,352.74,1,351.99,200,352.75,360,352.75,351.99,351.99,200,351.78,40,351.55,280,351.53,160,351.24,200,351.23,160,351.21,400,351.02,1120,351.01,1120,351.0,760,352.75,360,352.83,480,353.0,400,356.0,200,,,,,,,,,,,,
2026-02-05 09:32:27,352.37,352.74,1,351.99,240,352.75,360,352.75,351.99,351.99,240,351.78,40,351.55,280,351.53,160,351.24,200,351.23,160,351.21,400,351.02,1120,351.01,1120,351.0,760,352.75,360,352.83,480,353.0,400,356.0,200,,,,,,,,,,,,
2026-02-05 09:32:28,352.37,352.74,1,351.99,240,352.75,360,352.75,351.99,351.99,240,351.78,40,351.55,280,351.53,160,351.24,200,351.23,160,351.21,400,351.02,1120,351.01,1120,351.0,760,352.75,360,352.83,480,353.0,400,356.0,200,,,,,,,,,,,,
2026-02-05 09:32:29,352.37,352.74,1,351.99,240,352.75,360,352.75,351.99,351.99,240,351.78,40,351.55,280,351.53,160,351.24,200,351.23,160,351.21,400,351.02,1120,351.01,1120,351.0,760,352.75,360,352.83,480,353.0,400,356.0,200,,,,,,,,,,,,
2026-02-05 09:32:30,352.37,352.74,1,351.99,240,352.75,360,352.75,351.99,351.99,240,351.78,40,351.55,280,351.53,160,351.24,200,351.23,160,351.21,400,351.02,1120,351.01,1120,351.0,760,352.75,360,352.83,480,353.0,400,356.0,200,,,,,,,,,,,,
2026-02-05 09:32:31,352.56,352.74,1,352.37,200,352.75,360,352.75,352.37,352.37,200,351.99,240,351.78,40,351.55,280,351.53,160,351.24,200,351.23,160,351.21,400,351.02,1120,351.01,1120,352.75,360,352.83,480,353.0,400,356.0,200,,,,,,,,,,,,
2026-02-05 09:32:32,352.275,352.28,1,351.99,280,352.56,80,352.56,351.99,351.99,280,351.78,40,351.55,280,351.53,160,351.24,200,351.23,160,351.21,400,351.02,1120,351.01,1120,351.0,760,352.56,80,352.75,360,352.83,480,353.0,400,356.0,200,,,,,,,,,,
2026-02-05 09:32:33,352.275,352.28,1,351.99,280,352.56,40,352.56,351.99,351.99,280,351.78,40,351.55,280,351.53,160,351.24,200,351.23,160,351.21,400,351.02,1120,351.01,1120,351.0,760,352.56,40,352.75,360,352.83,480,353.0,400,356.0,200,,,,,,,,,,
2026-02-05 09:32:34,352.275,352.28,1,351.99,280,352.56,40,352.56,351.99,351.99,280,351.78,40,351.55,280,351.53,160,351.24,200,351.23,160,351.21,400,351.02,1120,351.01,1120,351.0,760,352.56,40,352.75,360,352.83,480,353.0,400,356.0,200,,,,,,,,,,
2026-02-05 09:32:35,352.28,352.28,1,352.0,40,352.56,40,352.56,352.0,352.0,40,351.99,280,351.78,40,351.55,280,351.53,160,351.24,200,351.23,160,351.21,400,351.02,1120,351.01,1120,352.56,40,352.75,360,352.83,480,353.0,400,356.0,200,,,,,,,,,,
2026-02-05 09:32:36,352.28,352.28,1,352.0,40,352.56,40,352.56,352.0,352.0,40,351.99,280,351.78,40,351.55,280,351.53,160,351.24,200,351.23,160,351.21,400,351.02,1120,351.01,1120,352.56,40,352.75,360,352.83,480,353.0,400,356.0,200,,,,,,,,,,
2026-02-05 09:32:37,352.28,352.28,1,352.0,40,352.56,40,352.56,352.0,352.0,40,351.99,280,351.78,40,351.55,280,351.53,160,351.24,200,351.23,160,351.21,400,351.02,1120,351.01,1120,352.56,40,352.75,360,352.83,480,353.0,400,356.0,200,,,,,,,,,,
2026-02-05 09:32:38,352.28,352.28,1,352.0,120,352.56,40,352.56,352.0,352.0,120,351.99,280,351.78,40,351.55,280,351.53,160,351.24,200,351.23,160,351.21,400,351.02,1120,351.01,1120,352.56,40,352.75,360,352.83,480,353.0,400,356.0,200,,,,,,,,,,
2026-02-05 09:32:39,352.28,352.28,1,352.0,120,352.56,40,352.56,352.0,352.0,120,351.99,280,351.78,40,351.55,280,351.53,160,351.24,200,351.23,160,351.21,400,351.02,1120,351.01,1120,352.56,40,352.75,360,352.83,480,353.0,400,356.0,200,,,,,,,,,,
2026-02-05 09:32:40,352.28,352.28,1,352.0,400,352.56,40,352.56,352.0,352.0,400,351.99,280,351.78,40,351.55,280,351.53,160,351.24,200,351.23,160,351.21,400,351.02,1120,351.01,1120,352.56,40,352.75,360,352.83,480,353.0,400,356.0,200,,,,,,,,,,
2026-02-05 09:32:41,352.28,352.28,1,352.0,640,352.56,40,352.56,352.0,352.0,640,351.99,280,351.78,40,351.55,280,351.53,160,351.24,200,351.23,160,351.21,400,351.02,1120,351.01,1120,352.56,40,352.75,360,352.83,480,353.0,400,356.0,200,,,,,,,,,,
2026-02-05 09:32:42,352.28,352.28,1,352.0,640,352.56,40,352.56,352.0,352.0,640,351.99,280,351.78,40,351.55,280,351.53,160,351.24,200,351.23,160,351.21,400,351.02,1120,351.01,1120,352.56,40,352.75,360,352.83,480,353.0,400,356.0,200,,,,,,,,,,
2026-02-05 09:32:43,352.28,352.28,1,352.0,640,352.56,40,352.56,352.0,352.0,640,351.99,280,351.78,40,351.55,280,351.53,160,351.24,200,351.23,160,351.21,400,351.02,1120,351.01,1120,352.56,40,352.75,360,352.83,480,353.0,400,356.0,200,,,,,,,,,,
2026-02-05 09:32:44,352.28,352.28,1,352.0,640,352.56,40,352.56,352.0,352.0,640,351.99,280,351.78,40,351.55,280,351.53,160,351.24,200,351.23,160,351.21,400,351.02,1120,351.01,1120,352.56,40,352.75,360,352.83,480,353.0,400,356.0,200,,,,,,,,,,
2026-02-05 09:32:45,352.28,352.28,1,352.0,640,352.56,40,352.56,352.0,352.0,640,351.99,280,351.78,40,351.55,280,351.53,160,351.24,200,351.23,160,351.21,400,351.02,1120,351.01,1120,352.56,40,352.75,360,352.83,480,353.0,400,356.0,200,,,,,,,,,,
2026-02-05 09:32:46,352.28,352.28,1,352.0,640,352.56,40,352.56,352.0,352.0,640,351.99,280,351.78,40,351.55,280,351.53,160,351.24,200,351.23,160,351.21,400,351.02,1120,351.01,1120,352.56,40,352.75,360,352.83,480,353.0,400,356.0,200,,,,,,,,,,
2026-02-05 09:32:47,352.25,352.28,1,352.0,720,352.5,160,352.5,352.0,352.0,720,351.99,280,351.78,40,351.55,280,351.53,160,351.24,200,351.23,160,351.21,400,351.02,1120,351.01,1120,352.5,160,352.56,40,352.75,360,352.83,480,353.0,400,356.0,200,,,,,,,,
2026-02-05 09:32:48,352.25,352.28,1,352.0,720,352.5,160,352.5,352.0,352.0,720,351.99,280,351.78,40,351.55,280,351.53,160,351.24,200,351.23,160,351.21,400,351.02,1120,351.01,1120,352.5,160,352.56,40,352.75,360,352.83,480,353.0,400,356.0,200,,,,,,,,
2026-02-05 09:32:49,352.25,352.28,1,352.0,720,352.5,160,352.5,352.0,352.0,720,351.99,280,351.78,40,351.55,280,351.53,160,351.24,200,351.23,160,351.21,400,351.02,1120,351.01,1120,352.5,160,352.56,40,352.75,360,352.83,480,353.0,400,356.0,200,,,,,,,,
2026-02-05 09:32:50,352.25,352.28,1,352.0,760,352.5,160,352.5,352.0,352.0,760,351.99,280,351.78,40,351.55,280,351.53,160,351.24,200,351.23,160,351.21,400,351.02,1120,351.01,1120,352.5,160,352.56,40,352.75,360,352.83,480,353.0,400,356.0,200,,,,,,,,
2026-02-05 09:32:51,352.25,352.28,1,352.0,760,352.5,160,352.5,352.0,352.0,760,351.99,280,351.78,40,351.55,280,351.53,160,351.24,200,351.23,160,351.21,400,351.02,1120,351.01,1120,352.5,160,352.56,40,352.75,360,352.83,480,353.0,400,356.0,200,,,,,,,,
2026-02-05 09:32:52,352.25,352.28,1,352.0,760,352.5,160,352.5,352.0,352.0,760,351.99,280,351.78,40,351.55,280,351.53,160,351.24,200,351.23,160,351.21,400,351.02,1120,351.01,1120,352.5,160,352.56,40,352.75,360,352.83,480,353.0,400,356.0,200,,,,,,,,
2026-02-05 09:32:53,352.25,352.28,1,352.0,800,352.5,160,352.5,352.0,352.0,800,351.99,280,351.78,40,351.55,280,351.53,160,351.24,200,351.23,160,351.21,400,351.02,1120,351.01,1120,352.5,160,352.56,40,352.75,360,352.83,480,353.0,400,356.0,200,,,,,,,,
2026-02-05 09:32:54,352.25,352.28,1,352.0,800,352.5,160,352.5,352.0,352.0,800,351.99,280,351.78,40,351.55,280,351.53,160,351.24,200,351.23,160,351.21,400,351.02,1120,351.01,1120,352.5,160,352.56,40,352.75,360,352.83,480,353.0,400,356.0,200,,,,,,,,
2026-02-05 09:32:55,352.25,352.25,1,352.0,800,352.5,160,352.5,352.0,352.0,800,351.99,280,351.78,40,351.55,280,351.53,160,351.24,200,351.23,160,351.21,400,351.02,1120,351.01,1120,352.5,160,352.56,40,352.75,360,352.83,480,353.0,400,356.0,200,,,,,,,,
2026-02-05 09:32:56,351.93,352.06,2,351.61,200,352.25,280,352.25,351.61,351.61,200,351.55,280,351.53,160,351.24,200,351.23,160,351.21,400,351.02,1120,351.01,1120,351.0,760,350.0,1240,352.25,280,352.4,120,352.49,40,352.5,160,352.56,40,352.75,360,352.83,480,353.0,400,356.0,200,,
2026-02-05 09:32:57,351.885,351.89,1,351.61,200,352.16,80,352.16,351.61,351.61,200,351.55,280,351.53,160,351.24,200,351.23,160,351.21,400,351.02,1120,351.01,1120,351.0,760,350.0,1240,352.16,80,352.25,280,352.4,120,352.49,40,352.5,160,352.56,40,352.75,360,352.83,480,353.0,400,356.0,200
2026-02-05 09:32:58,351.885,351.89,1,351.61,200,352.16,80,352.16,351.61,351.61,200,351.55,280,351.53,160,351.24,200,351.23,160,351.21,400,351.02,1120,351.01,1120,351.0,760,350.0,1240,352.16,80,352.25,280,352.4,120,352.49,40,352.5,160,352.56,40,352.75,360,352.83,480,353.0,400,356.0,200
2026-02-05 09:32:59,351.885,351.89,1,351.61,200,352.16,80,352.16,351.61,351.61,200,351.55,280,351.53,160,351.24,200,351.23,160,351.21,400,351.02,1120,351.01,1120,351.0,760,350.0,1240,352.16,80,352.25,280,352.4,120,352.49,40,352.5,160,352.56,40,352.75,360,352.83,480,353.0,400,356.0,200
2026-02-05 09:33:00,351.885,351.89,1,351.62,40,352.15,80,352.15,351.62,351.62,40,351.61,200,351.55,280,351.53,160,351.24,200,351.23,160,351.21,400,351.02,1120,351.01,1120,351.0,760,352.15,80,352.16,120,352.25,280,352.4,120,352.49,40,352.5,160,352.56,40,352.75,360,352.83,480,353.0,400
2026-02-05 09:33:01,352.055,352.28,1,351.62,80,352.49,80,352.49,351.62,351.62,80,351.61,200,351.55,280,351.53,160,351.24,200,351.23,160,351.21,400,351.02,1120,351.01,1120,351.0,760,352.49,80,352.5,160,352.56,40,352.75,360,352.83,480,353.0,400,356.0,200,,,,,,
2026-02-05 09:33:02,352.05,352.28,1,351.62,80,352.48,80,352.48,351.62,351.62,80,351.61,200,351.55,280,351.53,160,351.24,200,351.23,160,351.21,400,351.02,1120,351.01,1120,351.0,760,352.48,80,352.5,240,352.56,40,352.75,360,352.83,480,353.0,400,356.0,200,,,,,,
2026-02-05 09:33:03,352.05,352.28,1,351.62,80,352.48,80,352.48,351.62,351.62,80,351.61,200,351.55,280,351.53,160,351.24,200,351.23,160,351.21,400,351.02,1120,351.01,1120,351.0,760,352.48,80,352.5,240,352.56,40,352.75,360,352.83,480,353.0,400,356.0,200,,,,,,
2026-02-05 09:33:04,352.045,352.28,1,351.62,120,352.47,80,352.47,351.62,351.62,120,351.61,200,351.55,280,351.53,160,351.24,200,351.23,160,351.21,400,351.02,1120,351.01,1120,351.0,760,352.47,80,352.5,240,352.56,40,352.75,360,352.83,480,353.0,400,356.0,200,,,,,,
2026-02-05 09:33:05,352.045,352.28,1,351.62,120,352.47,80,352.47,351.62,351.62,120,351.61,200,351.55,280,351.53,160,351.24,200,351.23,160,351.21,400,351.02,1120,351.01,1120,351.0,760,352.47,80,352.5,240,352.56,40,352.75,360,352.83,480,353.0,400,356.0,200,,,,,,
2026-02-05 09:33:06,352.04,352.28,1,351.62,120,352.46,160,352.46,351.62,351.62,120,351.61,200,351.55,280,351.53,160,351.24,200,351.23,160,351.21,400,351.02,1120,351.01,1120,351.0,760,352.46,160,352.5,160,352.56,40,352.75,360,352.83,480,353.0,400,356.0,200,,,,,,
2026-02-05 09:33:07,352.04,352.28,1,351.62,120,352.46,160,352.46,351.62,351.62,120,351.61,200,351.55,280,351.53,160,351.24,200,351.23,160,351.21,400,351.02,1120,351.01,1120,351.0,760,352.46,160,352.5,160,352.56,40,352.75,360,352.83,480,353.0,400,356.0,200,,,,,,
2026-02-05 09:33:08,352.04,352.28,1,351.62,120,352.46,160,352.46,351.62,351.62,120,351.61,200,351.55,280,351.53,160,351.24,200,351.23,160,351.21,400,351.02,1120,351.01,1120,351.0,760,352.46,160,352.5,160,352.56,40,352.75,360,352.83,480,353.0,400,356.0,200,,,,,,
2026-02-05 09:33:09,352.04,352.28,1,351.62,120,352.46,160,352.46,351.62,351.62,120,351.61,200,351.55,280,351.53,160,351.24,200,351.23,160,351.21,400,351.02,1120,351.01,1120,351.0,760,352.46,160,352.5,160,352.56,40,352.75,360,352.83,480,353.0,400,356.0,200,,,,,,
2026-02-05 09:33:10,352.04,352.28,1,351.62,160,352.46,160,352.46,351.62,351.62,160,351.61,200,351.55,280,351.53,160,351.24,200,351.23,160,351.21,400,351.02,1120,351.01,1120,351.0,760,352.46,160,352.5,160,352.56,40,352.75,360,352.83,480,353.0,400,356.0,200,,,,,,
2026-02-05 09:33:11,352.04,352.28,1,351.62,160,352.46,160,352.46,351.62,351.62,160,351.61,200,351.55,280,351.53,160,351.24,200,351.23,160,351.21,400,351.02,1120,351.01,1120,351.0,760,352.46,160,352.5,160,352.56,40,352.75,360,352.83,480,353.0,400,356.0,200,,,,,,
2026-02-05 09:33:12,352.04,352.28,1,351.62,160,352.46,160,352.46,351.62,351.62,160,351.61,200,351.55,280,351.53,160,351.24,200,351.23,160,351.21,400,351.02,1120,351.01,1120,351.0,760,352.46,160,352.5,160,352.56,40,352.75,360,352.83,480,353.0,400,356.0,200,,,,,,
2026-02-05 09:33:13,352.04,352.28,1,351.62,200,352.46,160,352.46,351.62,351.62,200,351.61,200,351.55,280,351.53,160,351.24,200,351.23,160,351.21,400,351.02,1120,351.01,1120,351.0,760,352.46,160,352.5,160,352.56,40,352.75,360,352.83,480,353.0,400,356.0,200,,,,,,
2026-02-05 09:33:14,352.04,352.28,1,351.62,200,352.46,160,352.46,351.62,351.62,200,351.61,200,351.55,280,351.53,160,351.24,200,351.23,160,351.21,400,351.02,1120,351.01,1120,351.0,760,352.46,160,352.5,160,352.56,40,352.75,360,352.83,480,353.0,400,356.0,200,,,,,,
2026-02-05 09:33:15,352.04,352.28,1,351.62,200,352.46,160,352.46,351.62,351.62,200,351.61,200,351.55,280,351.53,160,351.24,200,351.23,160,351.21,400,351.02,1120,351.01,1120,351.0,760,352.46,160,352.5,160,352.56,40,352.75,360,352.83,480,353.0,400,356.0,200,,,,,,
2026-02-05 09:33:16,352.04,352.28,1,351.62,200,352.46,160,352.46,351.62,351.62,200,351.61,200,351.55,280,351.53,160,351.24,200,351.23,160,351.21,400,351.02,1120,351.01,1120,351.0,760,352.46,160,352.5,160,352.56,40,352.75,360,352.83,480,353.0,400,356.0,200,,,,,,
2026-02-05 09:33:17,352.04,352.04,2,351.62,200,352.46,160,352.46,351.62,351.62,200,351.61,200,351.55,280,351.53,160,351.24,200,351.23,160,351.21,400,351.02,1120,351.01,1120,351.0,760,352.46,160,352.5,160,352.56,40,352.75,360,352.83,480,353.0,400,356.0,200,,,,,,
2026-02-05 09:33:18,351.86,352.04,2,351.62,240,352.1,240,352.1,351.62,351.62,240,351.61,200,351.55,280,351.53,160,351.24,200,351.23,160,351.21,400,351.02,1120,351.01,1120,351.0,760,352.1,240,352.46,160,352.5,160,352.56,40,352.75,360,352.83,480,353.0,400,356.0,200,,,,
2026-02-05 09:33:19,351.86,352.04,2,351.62,240,352.1,280,352.1,351.62,351.62,240,351.61,200,351.55,280,351.53,160,351.24,200,351.23,160,351.21,400,351.02,1120,351.01,1120,351.0,760,352.1,280,352.46,160,352.5,160,352.56,40,352.75,360,352.83,480,353.0,400,356.0,200,,,,
2026-02-05 09:33:20,351.55,351.49,1,351.0,760,352.1,240,352.1,351.0,351.0,760,350.0,1240,,,,,,,,,,,,,,,,,352.1,240,352.46,160,352.5,160,352.56,40,352.75,360,352.83,480,353.0,400,356.0,200,,,,
2026-02-05 09:33:21,351.545,351.49,1,351.0,760,352.09,80,352.09,351.0,351.0,760,350.0,1240,,,,,,,,,,,,,,,,,352.09,80,352.1,240,352.46,160,352.5,160,352.56,40,352.75,360,352.83,480,353.0,400,356.0,200,,
2026-02-05 09:33:22,351.545,351.49,1,351.0,760,352.09,80,352.09,351.0,351.0,760,350.0,1240,,,,,,,,,,,,,,,,,352.09,80,352.1,240,352.46,160,352.5,160,352.56,40,352.75,360,352.83,480,353.0,400,356.0,200,,
2026-02-05 09:33:23,351.545,351.49,1,351.0,760,352.09,80,352.09,351.0,351.0,760,350.0,1240,,,,,,,,,,,,,,,,,352.09,80,352.1,240,352.46,160,352.5,160,352.56,40,352.75,360,352.83,480,353.0,400,356.0,200,,
2026-02-05 09:33:24,351.545,351.49,1,351.0,760,352.09,160,352.09,351.0,351.0,760,350.0,1240,,,,,,,,,,,,,,,,,352.09,160,352.1,240,352.46,160,352.5,160,352.56,40,352.75,360,352.83,480,353.0,400,356.0,200,,
2026-02-05 09:33:25,351.545,351.49,1,351.0,760,352.09,160,352.09,351.0,351.0,760,350.0,1240,,,,,,,,,,,,,,,,,352.09,160,352.1,240,352.46,160,352.5,160,352.56,40,352.75,360,352.83,480,353.0,400,356.0,200,,
2026-02-05 09:33:26,351.545,351.49,1,351.0,760,352.09,160,352.09,351.0,351.0,760,350.0,1240,,,,,,,,,,,,,,,,,352.09,160,352.1,240,352.46,160,352.5,160,352.56,40,352.75,360,352.83,480,353.0,400,356.0,200,,
2026-02-05 09:33:27,351.54,351.49,1,351.0,760,352.08,80,352.08,351.0,351.0,760,350.0,1240,,,,,,,,,,,,,,,,,352.08,80,352.09,280,352.1,240,352.46,160,352.5,160,352.56,40,352.75,360,352.83,480,353.0,400,356.0,200
2026-02-05 09:33:28,351.54,351.49,1,351.0,760,352.08,80,352.08,351.0,351.0,760,350.0,1240,,,,,,,,,,,,,,,,,352.08,80,352.09,280,352.1,240,352.46,160,352.5,160,352.56,40,352.75,360,352.83,480,353.0,400,356.0,200
2026-02-05 09:33:29,351.54,351.49,1,351.0,760,352.08,80,352.08,351.0,351.0,760,350.0,1240,,,,,,,,,,,,,,,,,352.08,80,352.09,280,352.1,240,352.46,160,352.5,160,352.56,40,352.75,360,352.83,480,353.0,400,356.0,200
2026-02-05 09:33:30,351.535,351.49,1,351.0,760,352.07,80,352.07,351.0,351.0,760,350.0,1240,,,,,,,,,,,,,,,,,352.07,80,352.08,120,352.09,280,352.1,240,352.46,160,352.5,160,352.56,40,352.75,360,352.83,480,353.0,400
2026-02-05 09:33:31,351.535,351.49,1,351.0,760,352.07,80,352.07,351.0,351.0,760,350.0,1240,,,,,,,,,,,,,,,,,352.07,80,352.08,120,352.09,280,352.1,240,352.46,160,352.5,160,352.56,40,352.75,360,352.83,480,353.0,400
2026-02-05 09:33:32,351.535,351.49,1,351.0,760,352.07,80,352.07,351.0,351.0,760,350.0,1240,,,,,,,,,,,,,,,,,352.07,80,352.08,120,352.09,280,352.1,240,352.46,160,352.5,160,352.56,40,352.75,360,352.83,480,353.0,400
2026-02-05 09:33:33,351.53,351.49,1,351.0,760,352.06,80,352.06,351.0,351.0,760,350.0,1240,,,,,,,,,,,,,,,,,352.06,80,352.08,120,352.09,280,352.1,240,352.46,160,352.5,160,352.56,40,352.75,360,352.83,480,353.0,400
2026-02-05 09:33:34,351.53,351.49,1,351.0,200,352.06,80,352.06,351.0,351.0,200,350.0,1240,,,,,,,,,,,,,,,,,352.06,80,352.08,120,352.09,280,352.1,240,352.46,160,352.5,160,352.56,40,352.75,360,352.83,480,353.0,400
2026-02-05 09:33:35,351.53,351.49,1,351.0,200,352.06,80,352.06,351.0,351.0,200,350.0,1240,,,,,,,,,,,,,,,,,352.06,80,352.08,120,352.09,280,352.1,240,352.46,160,352.5,160,352.56,40,352.75,360,352.83,480,353.0,400
2026-02-05 09:33:36,351.525,351.49,1,351.0,200,352.05,80,352.05,351.0,351.0,200,350.0,1240,,,,,,,,,,,,,,,,,352.05,80,352.06,120,352.08,120,352.09,280,352.1,240,352.46,160,352.5,160,352.56,40,352.75,360,352.83,480
2026-02-05 09:33:37,351.465,351.49,1,351.01,160,351.92,80,351.92,351.01,351.01,160,351.0,200,350.0,1240,,,,,,,,,,,,,,,351.92,80,352.06,120,352.08,120,352.09,280,352.1,240,352.46,160,352.5,160,352.56,40,352.75,360,352.83,480
2026-02-05 09:33:38,351.465,351.47,1,351.01,200,351.92,80,351.92,351.01,351.01,200,351.0,200,350.0,1240,,,,,,,,,,,,,,,351.92,80,352.06,120,352.08,120,352.09,280,352.1,240,352.46,160,352.5,160,352.56,40,352.75,360,352.83,480
2026-02-05 09:33:39,351.465,351.47,1,351.01,200,351.92,80,351.92,351.01,351.01,200,351.0,200,350.0,1240,,,,,,,,,,,,,,,351.92,80,352.06,120,352.08,120,352.09,280,352.1,240,352.46,160,352.5,160,352.56,40,352.75,360,352.83,480
2026-02-05 09:33:40,351.465,351.47,1,351.01,200,351.92,80,351.92,351.01,351.01,200,351.0,200,350.0,1240,,,,,,,,,,,,,,,351.92,80,352.06,120,352.08,120,352.09,280,352.1,240,352.46,160,352.5,160,352.56,40,352.75,360,352.83,480
2026-02-05 09:33:41,351.465,351.47,1,351.01,240,351.92,80,351.92,351.01,351.01,240,351.0,200,350.0,1240,,,,,,,,,,,,,,,351.92,80,352.06,120,352.08,120,352.09,280,352.1,240,352.46,160,352.5,160,352.56,40,352.75,360,352.83,480
2026-02-05 09:33:42,351.465,351.47,1,351.01,240,351.92,160,351.92,351.01,351.01,240,351.0,200,350.0,1240,,,,,,,,,,,,,,,351.92,160,352.06,120,352.08,120,352.09,280,352.1,240,352.46,160,352.5,160,352.56,40,352.75,360,352.83,480
2026-02-05 09:33:43,351.465,351.47,1,351.01,240,351.92,240,351.92,351.01,351.01,240,351.0,200,350.0,1240,,,,,,,,,,,,,,,351.92,240,352.06,120,352.08,120,352.09,280,352.1,240,352.46,160,352.5,160,352.56,40,352.75,360,352.83,480
2026-02-05 09:33:44,351.465,351.47,1,351.01,240,351.92,240,351.92,351.01,351.01,240,351.0,200,350.0,1240,,,,,,,,,,,,,,,351.92,240,352.06,120,352.08,120,352.09,280,352.1,240,352.46,160,352.5,160,352.56,40,352.75,360,352.83,480
2026-02-05 09:33:45,351.465,351.47,1,351.01,280,351.92,240,351.92,351.01,351.01,280,351.0,200,350.0,1240,,,,,,,,,,,,,,,351.92,240,352.06,120,352.08,120,352.09,280,352.1,240,352.46,160,352.5,160,352.56,40,352.75,360,352.83,480
2026-02-05 09:33:46,351.465,351.47,1,351.01,280,351.92,240,351.92,351.01,351.01,280,351.0,200,350.0,1240,,,,,,,,,,,,,,,351.92,240,352.06,120,352.08,120,352.09,280,352.1,240,352.46,160,352.5,160,352.56,40,352.75,360,352.83,480
2026-02-05 09:33:47,351.465,351.47,1,351.01,280,351.92,240,351.92,351.01,351.01,280,351.0,200,350.0,1240,,,,,,,,,,,,,,,351.92,240,352.06,120,352.08,120,352.09,280,352.1,240,352.46,160,352.5,160,352.56,40,352.75,360,352.83,480
2026-02-05 09:33:48,351.465,351.47,1,351.01,280,351.92,240,351.92,351.01,351.01,280,351.0,200,350.0,1240,,,,,,,,,,,,,,,351.92,240,352.06,120,352.08,120,352.09,280,352.1,240,352.46,160,352.5,160,352.56,40,352.75,360,352.83,480
2026-02-05 09:33:49,351.465,351.47,1,351.01,320,351.92,240,351.92,351.01,351.01,320,351.0,200,350.0,1240,,,,,,,,,,,,,,,351.92,240,352.06,120,352.08,120,352.09,280,352.1,240,352.46,160,352.5,160,352.56,40,352.75,360,352.83,480
2026-02-05 09:33:50,351.465,351.47,1,351.01,320,351.92,240,351.92,351.01,351.01,320,351.0,200,350.0,1240,,,,,,,,,,,,,,,351.92,240,352.06,120,352.08,120,352.09,280,352.1,240,352.46,160,352.5,160,352.56,40,352.75,360,352.83,480
2026-02-05 09:33:51,351.465,351.47,1,351.01,320,351.92,240,351.92,351.01,351.01,320,351.0,200,350.0,1240,,,,,,,,,,,,,,,351.92,240,352.06,120,352.08,120,352.09,280,352.1,240,352.46,160,352.5,160,352.56,40,352.75,360,352.83,480
2026-02-05 09:33:52,351.465,351.47,1,351.01,360,351.92,240,351.92,351.01,351.01,360,351.0,200,350.0,1240,,,,,,,,,,,,,,,351.92,240,352.06,120,352.08,120,352.09,280,352.1,240,352.46,160,352.5,160,352.56,40,352.75,360,352.83,480
2026-02-05 09:33:53,351.465,351.47,1,351.01,360,351.92,240,351.92,351.01,351.01,360,351.0,200,350.0,1240,,,,,,,,,,,,,,,351.92,240,352.06,120,352.08,120,352.09,280,352.1,240,352.46,160,352.5,160,352.56,40,352.75,360,352.83,480
2026-02-05 09:33:54,351.465,351.47,1,351.01,360,351.92,240,351.92,351.01,351.01,360,351.0,200,350.0,1240,,,,,,,,,,,,,,,351.92,240,352.06,120,352.08,120,352.09,280,352.1,240,352.46,160,352.5,160,352.56,40,352.75,360,352.83,480
2026-02-05 09:33:55,351.465,351.47,1,351.01,360,351.92,240,351.92,351.01,351.01,360,351.0,200,350.0,1240,,,,,,,,,,,,,,,351.92,240,352.06,120,352.08,120,352.09,280,352.1,240,352.46,160,352.5,160,352.56,40,352.75,360,352.83,480
2026-02-05 09:33:56,351.465,351.47,1,351.01,360,351.92,240,351.92,351.01,351.01,360,351.0,200,350.0,1240,,,,,,,,,,,,,,,351.92,240,352.06,120,352.08,120,352.09,280,352.1,240,352.46,160,352.5,160,352.56,40,352.75,360,352.83,480
2026-02-05 09:33:57,351.465,351.47,1,351.01,360,351.92,240,351.92,351.01,351.01,360,351.0,200,350.0,1240,,,,,,,,,,,,,,,351.92,240,352.06,120,352.08,120,352.09,280,352.1,240,352.46,160,352.5,160,352.56,40,352.75,360,352.83,480
2026-02-05 09:33:58,351.465,351.47,1,351.01,400,351.92,240,351.92,351.01,351.01,400,351.0,200,350.0,1240,,,,,,,,,,,,,,,351.92,240,352.06,120,352.08,120,352.09,280,352.1,240,352.46,160,352.5,160,352.56,40,352.75,360,352.83,480
2026-02-05 09:33:59,351.465,351.47,1,351.01,400,351.92,240,351.92,351.01,351.01,400,351.0,200,350.0,1240,,,,,,,,,,,,,,,351.92,240,352.06,120,352.08,120,352.09,280,352.1,240,352.46,160,352.5,160,352.56,40,352.75,360,352.83,480
2026-02-05 09:34:00,351.465,351.47,1,351.01,400,351.92,240,351.92,351.01,351.01,400,351.0,200,350.0,1240,,,,,,,,,,,,,,,351.92,240,352.06,120,352.08,120,352.09,280,352.1,240,352.46,160,352.5,160,352.56,40,352.75,360,352.83,480
2026-02-05 09:34:01,351.465,351.47,1,351.01,400,351.92,240,351.92,351.01,351.01,400,351.0,200,350.0,1240,,,,,,,,,,,,,,,351.92,240,352.06,120,352.08,120,352.09,280,352.1,240,352.46,160,352.5,160,352.56,40,352.75,360,352.83,480
2026-02-05 09:34:02,351.465,351.87,1,351.01,440,351.92,240,351.92,351.01,351.01,440,351.0,200,350.0,1240,,,,,,,,,,,,,,,351.92,240,352.06,120,352.08,120,352.09,280,352.1,240,352.46,160,352.5,160,352.56,40,352.75,360,352.83,480
2026-02-05 09:34:03,351.465,351.87,1,351.01,440,351.92,240,351.92,351.01,351.01,440,351.0,200,350.0,1240,,,,,,,,,,,,,,,351.92,240,352.06,120,352.08,120,352.09,280,352.1,240,352.46,160,352.5,160,352.56,40,352.75,360,352.83,480
2026-02-05 09:34:04,351.465,351.87,1,351.01,440,351.92,240,351.92,351.01,351.01,440,351.0,200,350.0,1240,,,,,,,,,,,,,,,351.92,240,352.06,120,352.08,120,352.09,280,352.1,240,352.46,160,352.5,160,352.56,40,352.75,360,352.83,480
2026-02-05 09:34:05,351.465,351.87,1,351.01,440,351.92,240,351.92,351.01,351.01,440,351.0,200,350.0,1240,,,,,,,,,,,,,,,351.92,240,352.06,120,352.08,120,352.09,280,352.1,240,352.46,160,352.5,160,352.56,40,352.75,360,352.83,480
2026-02-05 09:34:06,350.615,350.68,1,350.01,200,351.22,80,351.22,350.01,350.01,200,350.0,1240,,,,,,,,,,,,,,,,,351.22,80,351.23,80,351.24,120,351.47,40,351.74,40,351.92,320,352.06,120,352.08,120,352.09,280,352.1,240
2026-02-05 09:34:07,350.6,350.68,1,350.0,1240,351.2,80,351.2,350.0,350.0,1240,,,,,,,,,,,,,,,,,,,351.2,80,351.21,40,351.22,80,351.23,80,351.24,120,351.47,40,351.74,40,351.92,320,352.06,120,352.08,120
2026-02-05 09:34:08,350.6,350.6,1,350.0,1240,351.2,120,351.2,350.0,350.0,1240,,,,,,,,,,,,,,,,,,,351.2,120,351.21,40,351.22,80,351.23,80,351.24,120,351.47,40,351.74,40,351.92,320,352.06,120,352.08,120
2026-02-05 09:34:09,350.6,350.6,1,350.0,1240,351.2,120,351.2,350.0,350.0,1240,,,,,,,,,,,,,,,,,,,351.2,120,351.21,40,351.22,80,351.23,80,351.24,120,351.47,40,351.74,40,351.92,320,352.06,120,352.08,120
2026-02-05 09:34:10,350.595,350.6,1,350.0,1240,351.19,80,351.19,350.0,350.0,1240,,,,,,,,,,,,,,,,,,,351.19,80,351.2,240,351.21,40,351.22,80,351.23,80,351.24,120,351.47,40,351.74,40,351.92,320,352.06,120
2026-02-05 09:34:11,350.595,350.6,1,350.0,1240,351.19,80,351.19,350.0,350.0,1240,,,,,,,,,,,,,,,,,,,351.19,80,351.2,240,351.21,40,351.22,80,351.23,80,351.24,120,351.47,40,351.74,40,351.92,320,352.06,120
2026-02-05 09:34:12,350.595,350.6,1,350.0,1240,351.19,200,351.19,350.0,350.0,1240,,,,,,,,,,,,,,,,,,,351.19,200,351.2,240,351.21,40,351.22,80,351.23,80,351.24,120,351.47,40,351.74,40,351.92,320,352.06,120
2026-02-05 09:34:13,350.605,350.6,1,350.02,160,351.19,320,351.19,350.02,350.02,160,350.0,1240,,,,,,,,,,,,,,,,,351.19,320,351.2,240,351.21,40,351.22,80,351.23,80,351.24,120,351.47,40,351.74,40,351.92,320,352.06,120
2026-02-05 09:34:14,350.6,350.02,1,350.02,160,351.18,80,351.18,350.02,350.02,160,350.0,1240,,,,,,,,,,,,,,,,,351.18,80,351.19,320,351.2,240,351.21,40,351.22,80,351.23,80,351.24,120,351.47,40,351.74,40,351.92,320
2026-02-05 09:34:15,350.595,350.02,1,350.02,160,351.17,80,351.17,350.02,350.02,160,350.0,1240,,,,,,,,,,,,,,,,,351.17,80,351.18,160,351.19,320,351.2,240,351.21,40,351.22,80,351.23,80,351.24,120,351.47,40,351.74,40
2026-02-05 09:34:16,350.595,350.02,1,350.02,200,351.17,80,351.17,350.02,350.02,200,350.0,1240,,,,,,,,,,,,,,,,,351.17,80,351.18,160,351.19,320,351.2,240,351.21,40,351.22,80,351.23,80,351.24,120,351.47,40,351.74,40
2026-02-05 09:34:17,350.595,350.02,1,350.02,200,351.17,80,351.17,350.02,350.02,200,350.0,1240,,,,,,,,,,,,,,,,,351.17,80,351.18,160,351.19,320,351.2,240,351.21,40,351.22,80,351.23,80,351.24,120,351.47,40,351.74,40
2026-02-05 09:34:18,350.59,350.02,1,350.02,200,351.16,80,351.16,350.02,350.02,200,350.0,1240,,,,,,,,,,,,,,,,,351.16,80,351.17,160,351.18,160,351.19,320,351.2,240,351.21,40,351.22,80,351.23,80,351.24,120,351.47,40
2026-02-05 09:34:19,350.59,350.02,1,350.02,200,351.16,80,351.16,350.02,350.02,200,350.0,1240,,,,,,,,,,,,,,,,,351.16,80,351.17,160,351.18,160,351.19,320,351.2,240,351.21,40,351.22,80,351.23,80,351.24,120,351.47,40
2026-02-05 09:34:20,350.59,350.02,1,350.02,200,351.16,80,351.16,350.02,350.02,200,350.0,1240,,,,,,,,,,,,,,,,,351.16,80,351.17,160,351.18,160,351.19,320,351.2,240,351.21,40,351.22,80,351.23,80,351.24,120,351.47,40
2026-02-05 09:34:21,350.59,350.02,1,350.02,200,351.16,80,351.16,350.02,350.02,200,350.0,1240,,,,,,,,,,,,,,,,,351.16,80,351.17,160,351.18,160,351.19,320,351.2,240,351.21,40,351.22,80,351.23,80,351.24,120,351.47,40
2026-02-05 09:34:22,350.59,350.02,1,350.02,240,351.16,80,351.16,350.02,350.02,240,350.0,1240,,,,,,,,,,,,,,,,,351.16,80,351.17,160,351.18,160,351.19,320,351.2,240,351.21,40,351.22,80,351.23,80,351.24,120,351.47,40
2026-02-05 09:34:23,350.59,350.02,1,350.02,240,351.16,80,351.16,350.02,350.02,240,350.0,1240,,,,,,,,,,,,,,,,,351.16,80,351.17,160,351.18,160,351.19,320,351.2,240,351.21,40,351.22,80,351.23,80,351.24,120,351.47,40
2026-02-05 09:34:24,350.51,350.02,1,350.02,280,351.0,480,351.0,350.02,350.02,280,350.0,1240,,,,,,,,,,,,,,,,,351.0,480,351.15,80,351.16,160,351.17,160,351.18,160,351.19,320,351.2,240,351.21,40,351.22,80,351.23,80
2026-02-05 09:34:25,350.5,350.02,1,350.02,280,350.98,80,350.98,350.02,350.02,280,350.0,1240,,,,,,,,,,,,,,,,,350.98,80,351.0,480,351.15,80,351.16,160,351.17,160,351.18,160,351.19,320,351.2,240,351.21,40,351.22,80
2026-02-05 09:34:26,350.505,350.02,1,350.03,360,350.98,80,350.98,350.03,350.03,360,350.02,280,350.0,1240,,,,,,,,,,,,,,,350.98,80,351.0,480,351.15,80,351.16,160,351.17,160,351.18,160,351.19,320,351.2,240,351.21,40,351.22,80
2026-02-05 09:34:27,350.505,350.02,1,350.03,360,350.98,80,350.98,350.03,350.03,360,350.02,280,350.0,1240,,,,,,,,,,,,,,,350.98,80,351.0,480,351.15,80,351.16,160,351.17,160,351.18,160,351.19,320,351.2,240,351.21,40,351.22,80
2026-02-05 09:34:28,350.505,350.02,1,350.03,360,350.98,80,350.98,350.03,350.03,360,350.02,280,350.0,1240,,,,,,,,,,,,,,,350.98,80,351.0,480,351.15,80,351.16,160,351.17,160,351.18,160,351.19,320,351.2,240,351.21,40,351.22,80
2026-02-05 09:34:29,350.505,350.02,1,350.03,400,350.98,80,350.98,350.03,350.03,400,350.02,280,350.0,1240,,,,,,,,,,,,,,,350.98,80,351.0,480,351.15,80,351.16,160,351.17,160,351.18,160,351.19,320,351.2,240,351.21,40,351.22,80
2026-02-05 09:34:30,350.505,350.51,1,350.03,400,350.98,280,350.98,350.03,350.03,400,350.02,280,350.0,1240,,,,,,,,,,,,,,,350.98,280,351.0,480,351.15,80,351.16,160,351.17,160,351.18,160,351.19,320,351.2,240,351.21,40,351.22,80
2026-02-05 09:34:31,350.505,350.51,2,350.03,400,350.98,280,350.98,350.03,350.03,400,350.02,280,350.0,1240,,,,,,,,,,,,,,,350.98,280,351.0,480,351.15,80,351.16,160,351.17,160,351.18,160,351.19,320,351.2,240,351.21,40,351.22,80
2026-02-05 09:34:32,350.505,350.51,2,350.03,400,350.98,280,350.98,350.03,350.03,400,350.02,280,350.0,1240,,,,,,,,,,,,,,,350.98,280,351.0,480,351.15,80,351.16,160,351.17,160,351.18,160,351.19,320,351.2,240,351.21,40,351.22,80
2026-02-05 09:34:33,350.505,350.51,2,350.03,440,350.98,280,350.98,350.03,350.03,440,350.02,280,350.0,1240,,,,,,,,,,,,,,,350.98,280,351.0,480,351.15,80,351.16,160,351.17,160,351.18,160,351.19,320,351.2,240,351.21,40,351.22,80
2026-02-05 09:34:34,350.505,350.51,2,350.03,440,350.98,280,350.98,350.03,350.03,440,350.02,280,350.0,1240,,,,,,,,,,,,,,,350.98,280,351.0,480,351.15,80,351.16,160,351.17,160,351.18,160,351.19,320,351.2,240,351.21,40,351.22,80
2026-02-05 09:34:35,350.505,350.51,2,350.03,440,350.98,280,350.98,350.03,350.03,440,350.02,280,350.0,1240,,,,,,,,,,,,,,,350.98,280,351.0,480,351.15,80,351.16,160,351.17,160,351.18,160,351.19,320,351.2,240,351.21,40,351.22,80
2026-02-05 09:34:36,350.505,350.51,2,350.03,440,350.98,280,350.98,350.03,350.03,440,350.02,280,350.0,1240,,,,,,,,,,,,,,,350.98,280,351.0,480,351.15,80,351.16,160,351.17,160,351.18,160,351.19,320,351.2,240,351.21,40,351.22,80
2026-02-05 09:34:37,350.505,350.51,2,350.03,440,350.98,280,350.98,350.03,350.03,440,350.02,280,350.0,1240,,,,,,,,,,,,,,,350.98,280,351.0,480,351.15,80,351.16,160,351.17,160,351.18,160,351.19,320,351.2,240,351.21,40,351.22,80
2026-02-05 09:34:38,350.505,350.51,2,350.03,440,350.98,280,350.98,350.03,350.03,440,350.02,280,350.0,1240,,,,,,,,,,,,,,,350.98,280,351.0,480,351.15,80,351.16,160,351.17,160,351.18,160,351.19,320,351.2,240,351.21,40,351.22,80
2026-02-05 09:34:39,350.505,350.51,2,350.03,480,350.98,280,350.98,350.03,350.03,480,350.02,280,350.0,1240,,,,,,,,,,,,,,,350.98,280,351.0,480,351.15,80,351.16,160,351.17,160,351.18,160,351.19,320,351.2,240,351.21,40,351.22,80
2026-02-05 09:34:40,350.505,350.51,2,350.03,480,350.98,280,350.98,350.03,350.03,480,350.02,280,350.0,1240,,,,,,,,,,,,,,,350.98,280,351.0,480,351.15,80,351.16,160,351.17,160,351.18,160,351.19,320,351.2,240,351.21,40,351.22,80
2026-02-05 09:34:41,350.505,350.51,2,350.03,480,350.98,280,350.98,350.03,350.03,480,350.02,280,350.0,1240,,,,,,,,,,,,,,,350.98,280,351.0,480,351.15,80,351.16,160,351.17,160,351.18,160,351.19,320,351.2,240,351.21,40,351.22,80
2026-02-05 09:34:42,350.505,350.51,2,350.03,480,350.98,280,350.98,350.03,350.03,480,350.02,280,350.0,1240,,,,,,,,,,,,,,,350.98,280,351.0,480,351.15,80,351.16,160,351.17,160,351.18,160,351.19,320,351.2,240,351.21,40,351.22,80
2026-02-05 09:34:43,350.505,350.69,2,350.03,520,350.98,320,350.98,350.03,350.03,520,350.02,280,350.0,1240,,,,,,,,,,,,,,,350.98,320,351.0,480,351.15,80,351.16,160,351.17,160,351.18,160,351.19,320,351.2,240,351.21,40,351.22,80
2026-02-05 09:34:44,350.505,350.69,2,350.03,560,350.98,280,350.98,350.03,350.03,560,350.02,280,350.0,1240,,,,,,,,,,,,,,,350.98,280,351.0,480,351.15,80,351.16,160,351.17,160,351.18,160,351.19,320,351.2,240,351.21,40,351.22,80
2026-02-05 09:34:45,350.505,350.69,2,350.03,560,350.98,280,350.98,350.03,350.03,560,350.02,280,350.0,1240,,,,,,,,,,,,,,,350.98,280,351.0,480,351.15,80,351.16,160,351.17,160,351.18,160,351.19,320,351.2,240,351.21,40,351.22,80
2026-02-05 09:34:46,350.505,350.69,2,350.03,560,350.98,280,350.98,350.03,350.03,560,350.02,280,350.0,1240,,,,,,,,,,,,,,,350.98,280,351.0,480,351.15,80,351.16,160,351.17,160,351.18,160,351.19,320,351.2,240,351.21,40,351.22,80
2026-02-05 09:34:47,350.505,350.69,2,350.03,560,350.98,280,350.98,350.03,350.03,560,350.02,280,350.0,1240,,,,,,,,,,,,,,,350.98,280,351.0,480,351.15,80,351.16,160,351.17,160,351.18,160,351.19,320,351.2,240,351.21,40,351.22,80
2026-02-05 09:34:48,350.505,350.51,1,350.03,600,350.98,280,350.98,350.03,350.03,600,350.02,280,350.0,1240,,,,,,,,,,,,,,,350.98,280,351.0,480,351.15,80,351.16,160,351.17,160,351.18,160,351.19,320,351.2,240,351.21,40,351.22,80
2026-02-05 09:34:49,350.505,350.51,1,350.03,600,350.98,280,350.98,350.03,350.03,600,350.02,280,350.0,1240,,,,,,,,,,,,,,,350.98,280,351.0,480,351.15,80,351.16,160,351.17,160,351.18,160,351.19,320,351.2,240,351.21,40,351.22,80
2026-02-05 09:34:50,350.505,350.51,1,350.03,600,350.98,280,350.98,350.03,350.03,600,350.02,280,350.0,1240,,,,,,,,,,,,,,,350.98,280,351.0,480,351.15,80,351.16,160,351.17,160,351.18,160,351.19,320,351.2,240,351.21,40,351.22,80
2026-02-05 09:34:51,350.505,350.51,1,350.03,600,350.98,280,350.98,350.03,350.03,600,350.02,280,350.0,1240,,,,,,,,,,,,,,,350.98,280,351.0,480,351.15,80,351.16,160,351.17,160,351.18,160,351.19,320,351.2,240,351.21,40,351.22,80
2026-02-05 09:34:52,350.505,350.51,1,350.03,600,350.98,320,350.98,350.03,350.03,600,350.02,280,350.0,1240,,,,,,,,,,,,,,,350.98,320,351.0,480,351.15,80,351.16,160,351.17,160,351.18,160,351.19,320,351.2,240,351.21,40,351.22,80
2026-02-05 09:34:53,350.505,350.51,1,350.03,600,350.98,320,350.98,350.03,350.03,600,350.02,280,350.0,1240,,,,,,,,,,,,,,,350.98,320,351.0,480,351.15,80,351.16,160,351.17,160,351.18,160,351.19,320,351.2,240,351.21,40,351.22,80
2026-02-05 09:34:54,350.505,350.51,1,350.03,600,350.98,320,350.98,350.03,350.03,600,350.02,280,350.0,1240,,,,,,,,,,,,,,,350.98,320,351.0,480,351.15,80,351.16,160,351.17,160,351.18,160,351.19,320,351.2,240,351.21,40,351.22,80
2026-02-05 09:34:55,350.505,350.51,1,350.03,600,350.98,320,350.98,350.03,350.03,600,350.02,280,350.0,1240,,,,,,,,,,,,,,,350.98,320,351.0,480,351.15,80,351.16,160,351.17,160,351.18,160,351.19,320,351.2,240,351.21,40,351.22,80
2026-02-05 09:34:56,351.07,350.51,1,350.86,280,351.28,80,351.28,350.86,350.86,280,350.85,120,350.49,80,350.37,80,350.22,600,350.03,640,350.02,280,350.0,1240,,,,,351.28,80,351.47,40,351.74,40,351.92,320,352.06,120,352.08,120,352.09,280,352.1,240,352.46,160,352.5,160
2026-02-05 09:34:57,351.075,351.07,6,350.87,40,351.28,160,351.28,350.87,350.87,40,350.86,320,350.85,120,350.49,80,350.37,80,350.22,600,350.03,640,350.02,280,350.0,1240,,,351.28,160,351.47,40,351.74,40,351.92,320,352.06,120,352.08,120,352.09,280,352.1,240,352.46,160,352.5,160
2026-02-05 09:34:58,351.075,351.07,6,350.87,40,351.28,160,351.28,350.87,350.87,40,350.86,320,350.85,120,350.49,80,350.37,80,350.22,600,350.03,640,350.02,280,350.0,1240,,,351.28,160,351.47,40,351.74,40,351.92,320,352.06,120,352.08,120,352.09,280,352.1,240,352.46,160,352.5,160
2026-02-05 09:34:59,351.075,351.07,6,350.87,40,351.28,160,351.28,350.87,350.87,40,350.86,320,350.85,120,350.49,80,350.37,80,350.22,600,350.03,640,350.02,280,350.0,1240,,,351.28,160,351.47,40,351.74,40,351.92,320,352.06,120,352.08,120,352.09,280,352.1,240,352.46,160,352.5,160
2026-02-05 09:35:00,351.075,351.07,6,350.87,200,351.28,160,351.28,350.87,350.87,200,350.86,320,350.85,120,350.49,80,350.37,80,350.22,600,350.03,640,350.02,280,350.0,1240,,,351.28,160,351.47,40,351.74,40,351.92,320,352.06,120,352.08,120,352.09,280,352.1,240,352.46,160,352.5,160
2026-02-05 09:35:01,351.08,351.07,6,350.88,240,351.28,160,351.28,350.88,350.88,240,350.87,200,350.86,320,350.85,120,350.49,80,350.37,80,350.22,600,350.03,640,350.02,280,350.0,1240,351.28,160,351.47,40,351.74,40,351.92,320,352.06,120,352.08,120,352.09,280,352.1,240,352.46,160,352.5,160
2026-02-05 09:35:02,351.08,351.07,6,350.88,240,351.28,160,351.28,350.88,350.88,240,350.87,200,350.86,320,350.85,120,350.49,80,350.37,80,350.22,600,350.03,640,350.02,280,350.0,1240,351.28,160,351.47,40,351.74,40,351.92,320,352.06,120,352.08,120,352.09,280,352.1,240,352.46,160,352.5,160
2026-02-05 09:35:03,351.08,351.07,6,350.88,240,351.28,240,351.28,350.88,350.88,240,350.87,200,350.86,320,350.85,120,350.49,80,350.37,80,350.22,600,350.03,640,350.02,280,350.0,1240,351.28,240,351.47,40,351.74,40,351.92,320,352.06,120,352.08,120,352.09,280,352.1,240,352.46,160,352.5,160
2026-02-05 09:35:04,350.88,350.92,1,350.53,160,351.23,40,351.23,350.53,350.53,160,350.49,80,350.37,80,350.22,600,350.03,640,350.02,280,350.0,1240,,,,,,,351.23,40,351.24,160,351.28,320,351.47,40,351.74,40,351.92,320,352.06,120,352.08,120,352.09,280,352.1,240
2026-02-05 09:35:05,350.885,350.88,4,350.54,40,351.23,80,351.23,350.54,350.54,40,350.53,80,350.49,80,350.37,80,350.22,600,350.03,640,350.02,280,350.0,1240,,,,,351.23,80,351.24,160,351.28,320,351.47,40,351.74,40,351.92,320,352.06,120,352.08,120,352.09,280,352.1,240
2026-02-05 09:35:06,350.885,350.89,4,350.54,80,351.23,80,351.23,350.54,350.54,80,350.53,80,350.49,80,350.37,80,350.22,600,350.03,640,350.02,280,350.0,1240,,,,,351.23,80,351.24,160,351.28,320,351.47,40,351.74,40,351.92,320,352.06,120,352.08,120,352.09,280,352.1,240
2026-02-05 09:35:07,350.925,350.89,4,350.63,160,351.22,40,351.22,350.63,350.63,160,350.62,160,350.54,80,350.53,80,350.49,80,350.37,80,350.22,600,350.03,640,350.02,280,350.0,1240,351.22,40,351.23,40,351.24,160,351.28,320,351.47,40,351.74,40,351.92,320,352.06,120,352.08,120,352.09,280
2026-02-05 09:35:08,350.925,350.89,4,350.64,240,351.21,40,351.21,350.64,350.64,240,350.54,80,350.53,80,350.49,80,350.37,80,350.22,600,350.03,640,350.02,280,350.0,1240,,,351.21,40,351.24,160,351.28,320,351.47,40,351.74,40,351.92,320,352.06,120,352.08,120,352.09,280,352.1,240
2026-02-05 09:35:09,350.925,350.89,4,350.64,240,351.21,160,351.21,350.64,350.64,240,350.54,80,350.53,80,350.49,80,350.37,80,350.22,600,350.03,640,350.02,280,350.0,1240,,,351.21,160,351.24,160,351.28,320,351.47,40,351.74,40,351.92,320,352.06,120,352.08,120,352.09,280,352.1,240
2026-02-05 09:35:10,350.93,350.89,4,350.65,240,351.21,160,351.21,350.65,350.65,240,350.64,240,350.54,80,350.53,80,350.49,80,350.37,80,350.22,600,350.03,640,350.02,280,350.0,1240,351.21,160,351.24,160,351.28,320,351.47,40,351.74,40,351.92,320,352.06,120,352.08,120,352.09,280,352.1,240
2026-02-05 09:35:11,351.065,350.97,1,350.8,200,351.33,40,351.33,350.8,350.8,200,350.65,240,350.64,240,350.54,80,350.53,80,350.49,80,350.37,80,350.22,600,350.03,640,350.02,280,351.33,40,351.47,40,351.74,40,351.92,320,352.06,120,352.08,120,352.09,280,352.1,240,352.46,160,352.5,160
2026-02-05 09:35:12,351.065,351.31,1,350.8,200,351.33,40,351.33,350.8,350.8,200,350.65,240,350.64,240,350.54,80,350.53,80,350.49,80,350.37,80,350.22,600,350.03,640,350.02,280,351.33,40,351.47,40,351.74,40,351.92,320,352.06,120,352.08,120,352.09,280,352.1,240,352.46,160,352.5,160
2026-02-05 09:35:13,351.065,351.31,1,350.8,200,351.33,40,351.33,350.8,350.8,200,350.65,240,350.64,240,350.54,80,350.53,80,350.49,80,350.37,80,350.22,600,350.03,640,350.02,280,351.33,40,351.47,40,351.74,40,351.92,320,352.06,120,352.08,120,352.09,280,352.1,240,352.46,160,352.5,160
2026-02-05 09:35:14,351.115,351.31,1,350.8,280,351.43,80,351.43,350.8,350.8,280,350.65,240,350.64,240,350.54,80,350.53,80,350.49,80,350.37,80,350.22,600,350.03,640,350.02,280,351.43,80,351.47,40,351.74,40,351.92,320,352.06,120,352.08,120,352.09,280,352.1,240,352.46,160,352.5,160
2026-02-05 09:35:15,351.115,351.31,1,350.8,280,351.43,80,351.43,350.8,350.8,280,350.65,240,350.64,240,350.54,80,350.53,80,350.49,80,350.37,80,350.22,600,350.03,640,350.02,280,351.43,80,351.47,40,351.74,40,351.92,320,352.06,120,352.08,120,352.09,280,352.1,240,352.46,160,352.5,160
2026-02-05 09:35:16,351.115,351.31,1,350.8,280,351.43,80,351.43,350.8,350.8,280,350.65,240,350.64,240,350.54,80,350.53,80,350.49,80,350.37,80,350.22,600,350.03,640,350.02,280,351.43,80,351.47,40,351.74,40,351.92,320,352.06,120,352.08,120,352.09,280,352.1,240,352.46,160,352.5,160
2026-02-05 09:35:17,351.115,351.31,1,350.8,280,351.43,80,351.43,350.8,350.8,280,350.65,240,350.64,240,350.54,80,350.53,80,350.49,80,350.37,80,350.22,600,350.03,640,350.02,280,351.43,80,351.47,40,351.74,40,351.92,320,352.06,120,352.08,120,352.09,280,352.1,240,352.46,160,352.5,160
2026-02-05 09:35:18,351.115,351.31,1,350.8,280,351.43,80,351.43,350.8,350.8,280,350.65,240,350.64,240,350.54,80,350.53,80,350.49,80,350.37,80,350.22,600,350.03,640,350.02,280,351.43,80,351.47,40,351.74,40,351.92,320,352.06,120,352.08,120,352.09,280,352.1,240,352.46,160,352.5,160
2026-02-05 09:35:19,351.12,351.31,1,350.81,360,351.43,120,351.43,350.81,350.81,360,350.8,400,350.65,240,350.64,240,350.54,80,350.53,80,350.49,80,350.37,80,350.22,600,350.03,640,351.43,120,351.47,40,351.74,40,351.92,320,352.06,120,352.08,120,352.09,280,352.1,240,352.46,160,352.5,160
2026-02-05 09:35:20,351.345,351.42,5,350.81,320,351.88,240,351.88,350.81,350.81,320,350.8,400,350.65,240,350.64,240,350.54,80,350.53,80,350.49,80,350.37,80,350.22,600,350.03,640,351.88,240,351.92,320,352.06,120,352.08,120,352.09,280,352.1,240,352.46,160,352.5,160,352.56,40,352.75,360
2026-02-05 09:35:21,351.5,351.57,1,351.12,160,351.88,240,351.88,351.12,351.12,160,350.81,320,350.8,400,350.65,240,350.64,240,350.54,80,350.53,80,350.49,80,350.37,80,350.22,600,351.88,240,351.92,320,352.06,120,352.08,120,352.09,280,352.1,240,352.46,160,352.5,160,352.56,40,352.75,360
2026-02-05 09:35:22,351.5,351.57,1,351.12,160,351.88,240,351.88,351.12,351.12,160,350.81,320,350.8,400,350.65,240,350.64,240,350.54,80,350.53,80,350.49,80,350.37,80,350.22,600,351.88,240,351.92,320,352.06,120,352.08,120,352.09,280,352.1,240,352.46,160,352.5,160,352.56,40,352.75,360
2026-02-05 09:35:23,351.505,351.57,1,351.13,320,351.88,240,351.88,351.13,351.13,320,351.12,160,350.81,320,350.8,400,350.65,240,350.64,240,350.54,80,350.53,80,350.49,80,350.37,80,351.88,240,351.92,320,352.06,120,352.08,120,352.09,280,352.1,240,352.46,160,352.5,160,352.56,40,352.75,360
2026-02-05 09:35:24,351.505,351.57,1,351.13,320,351.88,240,351.88,351.13,351.13,320,351.12,160,350.81,320,350.8,400,350.65,240,350.64,240,350.54,80,350.53,80,350.49,80,350.37,80,351.88,240,351.92,320,352.06,120,352.08,120,352.09,280,352.1,240,352.46,160,352.5,160,352.56,40,352.75,360
2026-02-05 09:35:25,351.505,351.57,1,351.13,320,351.88,280,351.88,351.13,351.13,320,351.12,160,350.81,320,350.8,400,350.65,240,350.64,240,350.54,80,350.53,80,350.49,80,350.37,80,351.88,280,351.92,320,352.06,120,352.08,120,352.09,280,352.1,240,352.46,160,352.5,160,352.56,40,352.75,360
2026-02-05 09:35:26,351.505,351.57,1,351.13,320,351.88,280,351.88,351.13,351.13,320,351.12,160,350.81,320,350.8,400,350.65,240,350.64,240,350.54,80,350.53,80,350.49,80,350.37,80,351.88,280,351.92,320,352.06,120,352.08,120,352.09,280,352.1,240,352.46,160,352.5,160,352.56,40,352.75,360
2026-02-05 09:35:27,351.505,351.57,1,351.13,360,351.88,280,351.88,351.13,351.13,360,351.12,160,350.81,320,350.8,400,350.65,240,350.64,240,350.54,80,350.53,80,350.49,80,350.37,80,351.88,280,351.92,320,352.06,120,352.08,120,352.09,280,352.1,240,352.46,160,352.5,160,352.56,40,352.75,360
2026-02-05 09:35:28,351.485,351.57,1,351.13,440,351.84,120,351.84,351.13,351.13,440,351.12,160,350.81,320,350.8,400,350.65,240,350.64,240,350.54,80,350.53,80,350.49,80,350.37,80,351.84,120,351.88,280,351.92,320,352.06,120,352.08,120,352.09,280,352.1,240,352.46,160,352.5,160,352.56,40
2026-02-05 09:35:29,351.485,351.57,1,351.13,440,351.84,120,351.84,351.13,351.13,440,351.12,160,350.81,320,350.8,400,350.65,240,350.64,240,350.54,80,350.53,80,350.49,80,350.37,80,351.84,120,351.88,280,351.92,320,352.06,120,352.08,120,352.09,280,352.1,240,352.46,160,352.5,160,352.56,40
2026-02-05 09:35:30,351.485,351.57,1,351.13,440,351.84,240,351.84,351.13,351.13,440,351.12,160,350.81,320,350.8,400,350.65,240,350.64,240,350.54,80,350.53,80,350.49,80,350.37,80,351.84,240,351.88,280,351.92,320,352.06,120,352.08,120,352.09,280,352.1,240,352.46,160,352.5,160,352.56,40
2026-02-05 09:35:31,351.485,351.57,1,351.13,440,351.84,240,351.84,351.13,351.13,440,351.12,160,350.81,320,350.8,400,350.65,240,350.64,240,350.54,80,350.53,80,350.49,80,350.37,80,351.84,240,351.88,280,351.92,320,352.06,120,352.08,120,352.09,280,352.1,240,352.46,160,352.5,160,352.56,40
2026-02-05 09:35:32,351.485,351.49,1,351.13,440,351.84,240,351.84,351.13,351.13,440,351.12,160,350.81,320,350.8,400,350.65,240,350.64,240,350.54,80,350.53,80,350.49,80,350.37,80,351.84,240,351.88,280,351.92,320,352.06,120,352.08,120,352.09,280,352.1,240,352.46,160,352.5,160,352.56,40
2026-02-05 09:35:33,351.485,351.49,1,351.13,440,351.84,280,351.84,351.13,351.13,440,351.12,160,350.81,320,350.8,400,350.65,240,350.64,240,350.54,80,350.53,80,350.49,80,350.37,80,351.84,280,351.88,280,351.92,320,352.06,120,352.08,120,352.09,280,352.1,240,352.46,160,352.5,160,352.56,40
2026-02-05 09:35:34,351.485,351.49,1,351.13,480,351.84,280,351.84,351.13,351.13,480,351.12,160,350.81,320,350.8,400,350.65,240,350.64,240,350.54,80,350.53,80,350.49,80,350.37,80,351.84,280,351.88,280,351.92,320,352.06,120,352.08,120,352.09,280,352.1,240,352.46,160,352.5,160,352.56,40
2026-02-05 09:35:35,351.485,351.49,1,351.13,480,351.84,280,351.84,351.13,351.13,480,351.12,160,350.81,320,350.8,400,350.65,240,350.64,240,350.54,80,350.53,80,350.49,80,350.37,80,351.84,280,351.88,280,351.92,320,352.06,120,352.08,120,352.09,280,352.1,240,352.46,160,352.5,160,352.56,40
2026-02-05 09:35:36,351.485,351.49,1,351.13,520,351.84,280,351.84,351.13,351.13,520,351.12,160,350.81,320,350.8,400,350.65,240,350.64,240,350.54,80,350.53,80,350.49,80,350.37,80,351.84,280,351.88,280,351.92,320,352.06,120,352.08,120,352.09,280,352.1,240,352.46,160,352.5,160,352.56,40
2026-02-05 09:35:37,351.055,351.05,1,350.65,240,351.46,80,351.46,350.65,350.65,240,350.64,240,350.54,80,350.53,80,350.49,80,350.37,80,350.22,600,350.03,640,350.02,280,350.0,1240,351.46,80,351.49,160,351.56,160,351.77,80,351.82,40,351.83,80,351.84,280,351.88,280,351.92,320,352.06,120
2026-02-05 09:35:38,351.055,351.05,1,350.65,240,351.46,80,351.46,350.65,350.65,240,350.64,240,350.54,80,350.53,80,350.49,80,350.37,80,350.22,600,350.03,640,350.02,280,350.0,1240,351.46,80,351.49,160,351.56,160,351.77,80,351.82,40,351.83,80,351.84,280,351.88,280,351.92,320,352.06,120
2026-02-05 09:35:39,351.055,351.06,1,350.65,240,351.46,80,351.46,350.65,350.65,240,350.64,240,350.54,80,350.53,80,350.49,80,350.37,80,350.22,600,350.03,640,350.02,280,350.0,1240,351.46,80,351.49,160,351.56,160,351.77,80,351.82,40,351.83,80,351.84,280,351.88,280,351.92,320,352.06,120
2026-02-05 09:35:40,350.905,350.89,1,350.35,320,351.46,240,351.46,350.35,350.35,320,350.16,160,350.03,640,350.02,280,350.0,1240,,,,,,,,,,,351.46,240,351.49,160,351.56,160,351.77,80,351.82,40,351.83,80,351.84,280,351.88,280,351.92,320,352.06,120
2026-02-05 09:35:41,351.07,351.07,1,350.68,640,351.46,240,351.46,350.68,350.68,640,350.35,320,350.16,160,350.03,640,350.02,280,350.0,1240,,,,,,,,,351.46,240,351.49,160,351.56,160,351.77,80,351.82,40,351.83,80,351.84,280,351.88,280,351.92,320,352.06,120
2026-02-05 09:35:42,351.065,351.07,1,350.68,640,351.45,360,351.45,350.68,350.68,640,350.35,320,350.16,160,350.03,640,350.02,280,350.0,1240,,,,,,,,,351.45,360,351.46,200,351.49,160,351.56,160,351.77,80,351.82,40,351.83,80,351.84,280,351.88,280,351.92,320
2026-02-05 09:35:43,350.98,351.06,1,350.69,1800,351.27,80,351.27,350.69,350.69,1800,350.16,160,350.03,640,350.02,280,350.0,1240,,,,,,,,,,,351.27,80,351.44,120,351.45,360,351.46,200,351.49,160,351.56,160,351.77,80,351.82,40,351.83,80,351.84,280
2026-02-05 09:35:44,350.98,351.06,1,350.69,2600,351.27,80,351.27,350.69,350.69,2600,350.16,160,350.03,640,350.02,280,350.0,1240,,,,,,,,,,,351.27,80,351.44,120,351.45,360,351.46,200,351.49,160,351.56,160,351.77,80,351.82,40,351.83,80,351.84,280
2026-02-05 09:35:45,350.98,351.06,1,350.69,2440,351.27,240,351.27,350.69,350.69,2440,350.16,160,350.03,640,350.02,280,350.0,1240,,,,,,,,,,,351.27,240,351.44,120,351.45,360,351.46,200,351.49,160,351.56,160,351.77,80,351.82,40,351.83,80,351.84,280
2026-02-05 09:35:46,350.98,351.06,1,350.69,2600,351.27,240,351.27,350.69,350.69,2600,350.16,160,350.03,640,350.02,280,350.0,1240,,,,,,,,,,,351.27,240,351.44,120,351.45,360,351.46,200,351.49,160,351.56,160,351.77,80,351.82,40,351.83,80,351.84,280
2026-02-05 09:35:47,350.98,351.06,1,350.69,2440,351.27,240,351.27,350.69,350.69,2440,350.16,160,350.03,640,350.02,280,350.0,1240,,,,,,,,,,,351.27,240,351.44,120,351.45,360,351.46,200,351.49,160,351.56,160,351.77,80,351.82,40,351.83,80,351.84,280
2026-02-05 09:35:48,350.98,351.06,1,350.69,2440,351.27,520,351.27,350.69,350.69,2440,350.16,160,350.03,640,350.02,280,350.0,1240,,,,,,,,,,,351.27,520,351.44,120,351.45,360,351.46,200,351.49,160,351.56,160,351.77,80,351.82,40,351.83,80,351.84,280
2026-02-05 09:35:49,350.98,351.06,1,350.69,2440,351.27,520,351.27,350.69,350.69,2440,350.16,160,350.03,640,350.02,280,350.0,1240,,,,,,,,,,,351.27,520,351.44,120,351.45,360,351.46,200,351.49,160,351.56,160,351.77,80,351.82,40,351.83,80,351.84,280
2026-02-05 09:35:50,350.99,351.06,1,350.71,80,351.27,520,351.27,350.71,350.71,80,350.69,2440,350.16,160,350.03,640,350.02,280,350.0,1240,,,,,,,,,351.27,520,351.44,120,351.45,360,351.46,200,351.49,160,351.56,160,351.77,80,351.82,40,351.83,80,351.84,280
2026-02-05 09:35:51,350.99,351.06,1,350.71,120,351.27,520,351.27,350.71,350.71,120,350.69,2440,350.16,160,350.03,640,350.02,280,350.0,1240,,,,,,,,,351.27,520,351.44,120,351.45,360,351.46,200,351.49,160,351.56,160,351.77,80,351.82,40,351.83,80,351.84,280
2026-02-05 09:35:52,350.99,351.06,1,350.71,120,351.27,520,351.27,350.71,350.71,120,350.69,2440,350.16,160,350.03,640,350.02,280,350.0,1240,,,,,,,,,351.27,520,351.44,120,351.45,360,351.46,200,351.49,160,351.56,160,351.77,80,351.82,40,351.83,80,351.84,280
2026-02-05 09:35:53,350.99,351.06,1,350.71,160,351.27,520,351.27,350.71,350.71,160,350.69,2440,350.16,160,350.03,640,350.02,280,350.0,1240,,,,,,,,,351.27,520,351.44,120,351.45,360,351.46,200,351.49,160,351.56,160,351.77,80,351.82,40,351.83,80,351.84,280
2026-02-05 09:35:54,350.99,351.06,1,350.71,160,351.27,520,351.27,350.71,350.71,160,350.69,2440,350.16,160,350.03,640,350.02,280,350.0,1240,,,,,,,,,351.27,520,351.44,120,351.45,360,351.46,200,351.49,160,351.56,160,351.77,80,351.82,40,351.83,80,351.84,280
2026-02-05 09:35:55,350.99,351.06,1,350.71,160,351.27,520,351.27,350.71,350.71,160,350.69,2440,350.16,160,350.03,640,350.02,280,350.0,1240,,,,,,,,,351.27,520,351.44,120,351.45,360,351.46,200,351.49,160,351.56,160,351.77,80,351.82,40,351.83,80,351.84,280
2026-02-05 09:35:56,350.99,351.06,1,350.71,200,351.27,520,351.27,350.71,350.71,200,350.69,2440,350.16,160,350.03,640,350.02,280,350.0,1240,,,,,,,,,351.27,520,351.44,120,351.45,360,351.46,200,351.49,160,351.56,160,351.77,80,351.82,40,351.83,80,351.84,280
2026-02-05 09:35:57,350.99,351.06,1,350.71,200,351.27,520,351.27,350.71,350.71,200,350.69,2440,350.16,160,350.03,640,350.02,280,350.0,1240,,,,,,,,,351.27,520,351.44,120,351.45,360,351.46,200,351.49,160,351.56,160,351.77,80,351.82,40,351.83,80,351.84,280
2026-02-05 09:35:58,350.99,350.99,7,350.71,200,351.27,520,351.27,350.71,350.71,200,350.69,2440,350.16,160,350.03,640,350.02,280,350.0,1240,,,,,,,,,351.27,520,351.44,120,351.45,360,351.46,200,351.49,160,351.56,160,351.77,80,351.82,40,351.83,80,351.84,280
2026-02-05 09:35:59,350.99,350.99,7,350.71,200,351.27,520,351.27,350.71,350.71,200,350.69,2440,350.16,160,350.03,640,350.02,280,350.0,1240,,,,,,,,,351.27,520,351.44,120,351.45,360,351.46,200,351.49,160,351.56,160,351.77,80,351.82,40,351.83,80,351.84,280
2026-02-05 09:36:00,350.99,350.99,7,350.71,200,351.27,520,351.27,350.71,350.71,200,350.69,2440,350.16,160,350.03,640,350.02,280,350.0,1240,,,,,,,,,351.27,520,351.44,120,351.45,360,351.46,200,351.49,160,351.56,160,351.77,80,351.82,40,351.83,80,351.84,280
2026-02-05 09:36:02,350.855,350.99,7,350.71,240,351.0,200,351.0,350.71,350.71,240,350.69,2440,350.16,160,350.03,640,350.02,280,350.0,1240,,,,,,,,,351.0,200,351.27,520,351.44,120,351.45,360,351.46,200,351.49,160,351.56,160,351.77,80,351.82,40,351.83,80
2026-02-05 09:36:02,350.85,350.99,7,350.71,240,350.99,160,350.99,350.71,350.71,240,350.69,2440,350.16,160,350.03,640,350.02,280,350.0,1240,,,,,,,,,350.99,160,351.0,200,351.27,520,351.44,120,351.45,360,351.46,200,351.49,160,351.56,160,351.77,80,351.82,40
2026-02-05 09:36:03,350.85,350.85,2,350.71,240,350.99,160,350.99,350.71,350.71,240,350.69,2440,350.16,160,350.03,640,350.02,280,350.0,1240,,,,,,,,,350.99,160,351.0,200,351.27,520,351.44,120,351.45,360,351.46,200,351.49,160,351.56,160,351.77,80,351.82,40
2026-02-05 09:36:05,350.85,350.85,1,350.71,240,350.99,160,350.99,350.71,350.71,240,350.69,2440,350.16,160,350.03,640,350.02,280,350.0,1240,,,,,,,,,350.99,160,351.0,200,351.27,520,351.44,120,351.45,360,351.46,200,351.49,160,351.56,160,351.77,80,351.82,40
2026-02-05 09:36:06,350.54,350.54,2,350.23,80,350.85,160,350.85,350.23,350.23,80,350.21,40,350.18,160,350.16,160,350.03,640,350.02,280,350.0,1240,,,,,,,350.85,160,350.86,80,350.99,40,351.0,200,351.27,520,351.44,120,351.45,360,351.46,200,351.49,160,351.56,160
2026-02-05 09:36:06,350.54,350.54,1,350.23,80,350.85,280,350.85,350.23,350.23,80,350.21,40,350.18,160,350.16,160,350.03,640,350.02,280,350.0,1240,,,,,,,350.85,280,350.86,80,350.99,40,351.0,200,351.27,520,351.44,120,351.45,360,351.46,200,351.49,160,351.56,160
2026-02-05 09:36:07,350.535,350.54,1,350.23,80,350.84,120,350.84,350.23,350.23,80,350.21,40,350.18,160,350.16,160,350.03,640,350.02,280,350.0,1240,,,,,,,350.84,120,350.85,280,350.86,80,350.99,40,351.0,200,351.27,520,351.44,120,351.45,360,351.46,200,351.49,160
2026-02-05 09:36:08,350.535,350.54,1,350.23,80,350.84,120,350.84,350.23,350.23,80,350.21,40,350.18,160,350.16,160,350.03,640,350.02,280,350.0,1240,,,,,,,350.84,120,350.85,280,350.86,80,350.99,40,351.0,200,351.27,520,351.44,120,351.45,360,351.46,200,351.49,160
2026-02-05 09:36:09,350.53,350.54,1,350.23,80,350.83,80,350.83,350.23,350.23,80,350.21,40,350.18,160,350.16,160,350.03,640,350.02,280,350.0,1240,,,,,,,350.83,80,350.84,80,350.85,280,350.86,80,350.99,40,351.0,200,351.27,520,351.44,120,351.45,360,351.46,200
2026-02-05 09:36:11,350.525,350.54,1,350.23,80,350.82,80,350.82,350.23,350.23,80,350.21,40,350.18,160,350.16,160,350.03,640,350.02,280,350.0,1240,,,,,,,350.82,80,350.83,80,350.84,80,350.85,280,350.86,80,350.99,40,351.0,200,351.27,520,351.44,120,351.45,360
2026-02-05 09:36:12,350.525,350.54,1,350.23,160,350.82,80,350.82,350.23,350.23,160,350.21,40,350.18,160,350.16,160,350.03,640,350.02,280,350.0,1240,,,,,,,350.82,80,350.83,40,350.85,280,350.86,80,350.99,40,351.0,200,351.27,520,351.44,120,351.45,360,351.46,200
2026-02-05 09:36:13,350.525,350.53,1,350.23,160,350.82,160,350.82,350.23,350.23,160,350.21,40,350.18,160,350.16,160,350.03,640,350.02,280,350.0,1240,,,,,,,350.82,160,350.83,40,350.85,280,350.86,80,350.99,40,351.0,200,351.27,520,351.44,120,351.45,360,351.46,200
2026-02-05 09:36:13,350.52,350.53,1,350.23,160,350.81,80,350.81,350.23,350.23,160,350.21,40,350.18,160,350.16,160,350.03,640,350.02,280,350.0,1240,,,,,,,350.81,80,350.82,320,350.83,40,350.85,280,350.86,80,350.99,40,351.0,200,351.27,520,351.44,120,351.45,360
2026-02-05 09:36:15,350.515,350.53,1,350.23,160,350.8,80,350.8,350.23,350.23,160,350.21,40,350.18,160,350.16,160,350.03,640,350.02,280,350.0,1240,,,,,,,350.8,80,350.81,40,350.82,320,350.83,40,350.85,280,350.86,80,350.99,40,351.0,200,351.27,520,351.44,120
2026-02-05 09:36:16,350.515,350.53,1,350.23,200,350.8,120,350.8,350.23,350.23,200,350.21,40,350.18,160,350.16,160,350.03,640,350.02,280,350.0,1240,,,,,,,350.8,120,350.81,40,350.82,320,350.83,40,350.85,280,350.86,80,350.99,40,351.0,200,351.27,520,351.44,120
2026-02-05 09:36:17,350.695,350.8,1,350.26,120,351.13,80,351.13,350.26,350.26,120,350.23,280,350.21,40,350.18,160,350.16,160,350.03,640,350.02,280,350.0,1240,,,,,351.13,80,351.27,520,351.44,120,351.45,360,351.46,200,351.49,160,351.56,160,351.77,80,351.82,40,351.83,80
2026-02-05 09:36:18,350.69,350.8,1,350.26,120,351.12,160,351.12,350.26,350.26,120,350.23,280,350.21,40,350.18,160,350.16,160,350.03,640,350.02,280,350.0,1240,,,,,351.12,160,351.13,80,351.27,520,351.44,120,351.45,360,351.46,200,351.49,160,351.56,160,351.77,80,351.82,40
2026-02-05 09:36:19,350.69,350.8,1,350.26,120,351.12,160,351.12,350.26,350.26,120,350.23,280,350.21,40,350.18,160,350.16,160,350.03,640,350.02,280,350.0,1240,,,,,351.12,160,351.13,80,351.27,520,351.44,120,351.45,360,351.46,200,351.49,160,351.56,160,351.77,80,351.82,40
2026-02-05 09:36:20,350.69,350.8,1,350.26,120,351.12,160,351.12,350.26,350.26,120,350.23,280,350.21,40,350.18,160,350.16,160,350.03,640,350.02,280,350.0,1240,,,,,351.12,160,351.13,80,351.27,520,351.44,120,351.45,360,351.46,200,351.49,160,351.56,160,351.77,80,351.82,40
2026-02-05 09:36:21,350.69,350.8,1,350.26,120,351.12,160,351.12,350.26,350.26,120,350.23,280,350.21,40,350.18,160,350.16,160,350.03,640,350.02,280,350.0,1240,,,,,351.12,160,351.13,80,351.27,520,351.44,120,351.45,360,351.46,200,351.49,160,351.56,160,351.77,80,351.82,40
2026-02-05 09:36:22,350.69,350.8,1,350.26,120,351.12,160,351.12,350.26,350.26,120,350.23,280,350.21,40,350.18,160,350.16,160,350.03,640,350.02,280,350.0,1240,,,,,351.12,160,351.13,80,351.27,520,351.44,120,351.45,360,351.46,200,351.49,160,351.56,160,351.77,80,351.82,40
2026-02-05 09:36:23,350.69,350.8,1,350.26,120,351.12,160,351.12,350.26,350.26,120,350.23,280,350.21,40,350.18,160,350.16,160,350.03,640,350.02,280,350.0,1240,,,,,351.12,160,351.13,80,351.27,520,351.44,120,351.45,360,351.46,200,351.49,160,351.56,160,351.77,80,351.82,40
2026-02-05 09:36:24,350.69,350.8,1,350.26,280,351.12,160,351.12,350.26,350.26,280,350.23,280,350.21,40,350.18,160,350.16,160,350.03,640,350.02,280,350.0,1240,,,,,351.12,160,351.13,80,351.27,520,351.44,120,351.45,360,351.46,200,351.49,160,351.56,160,351.77,80,351.82,40
2026-02-05 09:36:25,350.675,350.8,1,350.23,320,351.12,160,351.12,350.23,350.23,320,350.21,40,350.18,160,350.16,160,350.03,640,350.02,280,350.0,1240,,,,,,,351.12,160,351.13,80,351.27,520,351.44,120,351.45,360,351.46,200,351.49,160,351.56,160,351.77,80,351.82,40
2026-02-05 09:36:26,350.69,350.8,1,350.26,320,351.12,160,351.12,350.26,350.26,320,350.23,320,350.21,40,350.18,160,350.16,160,350.03,640,350.02,280,350.0,1240,,,,,351.12,160,351.13,80,351.27,520,351.44,120,351.45,360,351.46,200,351.49,160,351.56,160,351.77,80,351.82,40
2026-02-05 09:36:27,350.69,351.05,1,350.26,320,351.12,160,351.12,350.26,350.26,320,350.23,320,350.21,40,350.18,160,350.16,160,350.03,640,350.02,280,350.0,1240,,,,,351.12,160,351.13,80,351.27,520,351.44,120,351.45,360,351.46,200,351.49,160,351.56,160,351.77,80,351.82,40
2026-02-05 09:36:28,350.69,351.05,1,350.26,320,351.12,160,351.12,350.26,350.26,320,350.23,320,350.21,40,350.18,160,350.16,160,350.03,640,350.02,280,350.0,1240,,,,,351.12,160,351.13,80,351.27,520,351.44,120,351.45,360,351.46,200,351.49,160,351.56,160,351.77,80,351.82,40
2026-02-05 09:36:29,350.69,351.05,1,350.26,360,351.12,160,351.12,350.26,350.26,360,350.23,320,350.21,40,350.18,160,350.16,160,350.03,640,350.02,280,350.0,1240,,,,,351.12,160,351.13,80,351.27,520,351.44,120,351.45,360,351.46,200,351.49,160,351.56,160,351.77,80,351.82,40
2026-02-05 09:36:30,350.69,351.05,1,350.26,360,351.12,160,351.12,350.26,350.26,360,350.23,320,350.21,40,350.18,160,350.16,160,350.03,640,350.02,280,350.0,1240,,,,,351.12,160,351.13,80,351.27,520,351.44,120,351.45,360,351.46,200,351.49,160,351.56,160,351.77,80,351.82,40
2026-02-05 09:36:31,350.69,351.05,1,350.26,360,351.12,160,351.12,350.26,350.26,360,350.23,320,350.21,40,350.18,160,350.16,160,350.03,640,350.02,280,350.0,1240,,,,,351.12,160,351.13,80,351.27,520,351.44,120,351.45,360,351.46,200,351.49,160,351.56,160,351.77,80,351.82,40
2026-02-05 09:36:32,350.69,351.05,1,350.26,360,351.12,160,351.12,350.26,350.26,360,350.23,320,350.21,40,350.18,160,350.16,160,350.03,640,350.02,280,350.0,1240,,,,,351.12,160,351.13,80,351.27,520,351.44,120,351.45,360,351.46,200,351.49,160,351.56,160,351.77,80,351.82,40
2026-02-05 09:36:33,350.685,351.05,1,350.26,360,351.11,120,351.11,350.26,350.26,360,350.23,320,350.21,40,350.18,160,350.16,160,350.03,640,350.02,280,350.0,1240,,,,,351.11,120,351.12,320,351.13,80,351.27,520,351.44,120,351.45,360,351.46,200,351.49,160,351.56,160,351.77,80
2026-02-05 09:36:34,350.675,351.05,1,350.26,360,351.09,80,351.09,350.26,350.26,360,350.23,320,350.21,40,350.18,160,350.16,160,350.03,640,350.02,280,350.0,1240,,,,,351.09,80,351.1,280,351.11,240,351.12,320,351.13,80,351.27,520,351.44,120,351.45,360,351.46,200,351.49,160
2026-02-05 09:36:35,350.855,350.94,1,350.26,400,351.45,40,351.45,350.26,350.26,400,350.23,320,350.21,40,350.18,160,350.16,160,350.03,640,350.02,280,350.0,1240,,,,,351.45,40,351.46,200,351.49,160,351.56,160,351.77,80,351.82,40,351.83,80,351.84,280,351.88,280,351.92,320
2026-02-05 09:36:36,350.9,350.9,2,350.35,280,351.45,120,351.45,350.35,350.35,280,350.26,400,350.23,320,350.21,40,350.18,160,350.16,160,350.03,640,350.02,280,350.0,1240,,,351.45,120,351.46,200,351.49,160,351.56,160,351.77,80,351.82,40,351.83,80,351.84,280,351.88,280,351.92,320
2026-02-05 09:36:37,350.9,350.9,2,350.35,280,351.45,160,351.45,350.35,350.35,280,350.26,400,350.23,320,350.21,40,350.18,160,350.16,160,350.03,640,350.02,280,350.0,1240,,,351.45,160,351.46,200,351.49,160,351.56,160,351.77,80,351.82,40,351.83,80,351.84,280,351.88,280,351.92,320
2026-02-05 09:36:38,350.9,350.9,1,350.35,280,351.45,160,351.45,350.35,350.35,280,350.26,400,350.23,320,350.21,40,350.18,160,350.16,160,350.03,640,350.02,280,350.0,1240,,,351.45,160,351.46,200,351.49,160,351.56,160,351.77,80,351.82,40,351.83,80,351.84,280,351.88,280,351.92,320
2026-02-05 09:36:39,350.9,350.9,1,350.35,280,351.45,160,351.45,350.35,350.35,280,350.26,400,350.23,320,350.21,40,350.18,160,350.16,160,350.03,640,350.02,280,350.0,1240,,,351.45,160,351.46,200,351.49,160,351.56,160,351.77,80,351.82,40,351.83,80,351.84,280,351.88,280,351.92,320
2026-02-05 09:36:40,350.9,350.9,2,350.35,280,351.45,160,351.45,350.35,350.35,280,350.26,400,350.23,320,350.21,40,350.18,160,350.16,160,350.03,640,350.02,280,350.0,1240,,,351.45,160,351.46,200,351.49,160,351.56,160,351.77,80,351.82,40,351.83,80,351.84,280,351.88,280,351.92,320
2026-02-05 09:36:41,350.985,350.99,1,350.52,1120,351.45,160,351.45,350.52,350.52,1120,350.35,280,350.26,400,350.23,320,350.21,40,350.18,160,350.16,160,350.03,640,350.02,280,350.0,1240,351.45,160,351.46,200,351.49,160,351.56,160,351.77,80,351.82,40,351.83,80,351.84,280,351.88,280,351.92,320
2026-02-05 09:36:42,350.985,350.99,3,350.52,1120,351.45,160,351.45,350.52,350.52,1120,350.35,280,350.26,400,350.23,320,350.21,40,350.18,160,350.16,160,350.03,640,350.02,280,350.0,1240,351.45,160,351.46,200,351.49,160,351.56,160,351.77,80,351.82,40,351.83,80,351.84,280,351.88,280,351.92,320
2026-02-05 09:36:43,350.985,350.99,3,350.52,1120,351.45,160,351.45,350.52,350.52,1120,350.35,280,350.26,400,350.23,320,350.21,40,350.18,160,350.16,160,350.03,640,350.02,280,350.0,1240,351.45,160,351.46,200,351.49,160,351.56,160,351.77,80,351.82,40,351.83,80,351.84,280,351.88,280,351.92,320
2026-02-05 09:36:44,351.0,350.99,1,350.55,360,351.45,160,351.45,350.55,350.55,360,350.54,480,350.52,1120,350.35,280,350.26,400,350.23,320,350.21,40,350.18,160,350.16,160,350.03,640,351.45,160,351.46,200,351.49,160,351.56,160,351.77,80,351.82,40,351.83,80,351.84,280,351.88,280,351.92,320
2026-02-05 09:36:45,351.0,350.99,1,350.55,360,351.45,160,351.45,350.55,350.55,360,350.54,480,350.52,1120,350.35,280,350.26,400,350.23,320,350.21,40,350.18,160,350.16,160,350.03,640,351.45,160,351.46,200,351.49,160,351.56,160,351.77,80,351.82,40,351.83,80,351.84,280,351.88,280,351.92,320
2026-02-05 09:36:46,351.0,351.0,1,350.55,1640,351.45,160,351.45,350.55,350.55,1640,350.54,480,350.52,1120,350.35,280,350.26,400,350.23,320,350.21,40,350.18,160,350.16,160,350.03,640,351.45,160,351.46,200,351.49,160,351.56,160,351.77,80,351.82,40,351.83,80,351.84,280,351.88,280,351.92,320
2026-02-05 09:36:47,351.0,351.0,1,350.55,1640,351.45,160,351.45,350.55,350.55,1640,350.54,480,350.52,1120,350.35,280,350.26,400,350.23,320,350.21,40,350.18,160,350.16,160,350.03,640,351.45,160,351.46,200,351.49,160,351.56,160,351.77,80,351.82,40,351.83,80,351.84,280,351.88,280,351.92,320
2026-02-05 09:36:48,351.0,351.0,4,350.55,1640,351.45,160,351.45,350.55,350.55,1640,350.54,480,350.52,1120,350.35,280,350.26,400,350.23,320,350.21,40,350.18,160,350.16,160,350.03,640,351.45,160,351.46,200,351.49,160,351.56,160,351.77,80,351.82,40,351.83,80,351.84,280,351.88,280,351.92,320
2026-02-05 09:36:49,351.0,351.0,4,350.55,1640,351.45,160,351.45,350.55,350.55,1640,350.54,480,350.52,1120,350.35,280,350.26,400,350.23,320,350.21,40,350.18,160,350.16,160,350.03,640,351.45,160,351.46,200,351.49,160,351.56,160,351.77,80,351.82,40,351.83,80,351.84,280,351.88,280,351.92,320
2026-02-05 09:36:50,351.0,351.0,4,350.55,1640,351.45,160,351.45,350.55,350.55,1640,350.54,480,350.52,1120,350.35,280,350.26,400,350.23,320,350.21,40,350.18,160,350.16,160,350.03,640,351.45,160,351.46,200,351.49,160,351.56,160,351.77,80,351.82,40,351.83,80,351.84,280,351.88,280,351.92,320
2026-02-05 09:36:51,351.0,351.0,4,350.55,1640,351.45,160,351.45,350.55,350.55,1640,350.54,480,350.52,1120,350.35,280,350.26,400,350.23,320,350.21,40,350.18,160,350.16,160,350.03,640,351.45,160,351.46,200,351.49,160,351.56,160,351.77,80,351.82,40,351.83,80,351.84,280,351.88,280,351.92,320
2026-02-05 09:36:52,351.0,351.0,4,350.55,1640,351.45,160,351.45,350.55,350.55,1640,350.54,480,350.52,1120,350.35,280,350.26,400,350.23,320,350.21,40,350.18,160,350.16,160,350.03,640,351.45,160,351.46,200,351.49,160,351.56,160,351.77,80,351.82,40,351.83,80,351.84,280,351.88,280,351.92,320
2026-02-05 09:36:53,351.0,351.0,4,350.55,1640,351.45,160,351.45,350.55,350.55,1640,350.54,480,350.52,1120,350.35,280,350.26,400,350.23,320,350.21,40,350.18,160,350.16,160,350.03,640,351.45,160,351.46,200,351.49,160,351.56,160,351.77,80,351.82,40,351.83,80,351.84,280,351.88,280,351.92,320
2026-02-05 09:36:54,351.0,351.0,4,350.55,1640,351.45,160,351.45,350.55,350.55,1640,350.54,480,350.52,1120,350.35,280,350.26,400,350.23,320,350.21,40,350.18,160,350.16,160,350.03,640,351.45,160,351.46,200,351.49,160,351.56,160,351.77,80,351.82,40,351.83,80,351.84,280,351.88,280,351.92,320
2026-02-05 09:36:55,351.0,351.0,4,350.55,1640,351.45,160,351.45,350.55,350.55,1640,350.54,480,350.52,1120,350.35,280,350.26,400,350.23,320,350.21,40,350.18,160,350.16,160,350.03,640,351.45,160,351.46,200,351.49,160,351.56,160,351.77,80,351.82,40,351.83,80,351.84,280,351.88,280,351.92,320
2026-02-05 09:36:56,351.0,351.0,4,350.55,1640,351.45,160,351.45,350.55,350.55,1640,350.54,480,350.52,1120,350.35,280,350.26,400,350.23,320,350.21,40,350.18,160,350.16,160,350.03,640,351.45,160,351.46,200,351.49,160,351.56,160,351.77,80,351.82,40,351.83,80,351.84,280,351.88,280,351.92,320
2026-02-05 09:36:57,351.0,351.0,4,350.55,1640,351.45,160,351.45,350.55,350.55,1640,350.54,480,350.52,1120,350.35,280,350.26,400,350.23,320,350.21,40,350.18,160,350.16,160,350.03,640,351.45,160,351.46,200,351.49,160,351.56,160,351.77,80,351.82,40,351.83,80,351.84,280,351.88,280,351.92,320
2026-02-05 09:36:58,351.0,351.0,4,350.55,1640,351.45,160,351.45,350.55,350.55,1640,350.54,480,350.52,1120,350.35,280,350.26,400,350.23,320,350.21,40,350.18,160,350.16,160,350.03,640,351.45,160,351.46,200,351.49,160,351.56,160,351.77,80,351.82,40,351.83,80,351.84,280,351.88,280,351.92,320
2026-02-05 09:36:59,351.0,351.0,4,350.55,1640,351.45,160,351.45,350.55,350.55,1640,350.54,480,350.52,1120,350.35,280,350.26,400,350.23,320,350.21,40,350.18,160,350.16,160,350.03,640,351.45,160,351.46,200,351.49,160,351.56,160,351.77,80,351.82,40,351.83,80,351.84,280,351.88,280,351.92,320
2026-02-05 09:37:00,351.0,351.0,4,350.55,1640,351.45,160,351.45,350.55,350.55,1640,350.54,480,350.52,1120,350.35,280,350.26,400,350.23,320,350.21,40,350.18,160,350.16,160,350.03,640,351.45,160,351.46,200,351.49,160,351.56,160,351.77,80,351.82,40,351.83,80,351.84,280,351.88,280,351.92,320
2026-02-05 09:37:01,351.0,351.0,4,350.55,1640,351.45,160,351.45,350.55,350.55,1640,350.54,480,350.52,1120,350.35,280,350.26,400,350.23,320,350.21,40,350.18,160,350.16,160,350.03,640,351.45,160,351.46,200,351.49,160,351.56,160,351.77,80,351.82,40,351.83,80,351.84,280,351.88,280,351.92,320
2026-02-05 09:37:02,351.0,351.0,4,350.55,1640,351.45,160,351.45,350.55,350.55,1640,350.54,480,350.52,1120,350.35,280,350.26,400,350.23,320,350.21,40,350.18,160,350.16,160,350.03,640,351.45,160,351.46,200,351.49,160,351.56,160,351.77,80,351.82,40,351.83,80,351.84,280,351.88,280,351.92,320
2026-02-05 09:37:03,351.0,351.0,4,350.55,1640,351.45,160,351.45,350.55,350.55,1640,350.54,480,350.52,1120,350.35,280,350.26,400,350.23,320,350.21,40,350.18,160,350.16,160,350.03,640,351.45,160,351.46,200,351.49,160,351.56,160,351.77,80,351.82,40,351.83,80,351.84,280,351.88,280,351.92,320
2026-02-05 09:37:04,351.0,351.0,4,350.55,1640,351.45,160,351.45,350.55,350.55,1640,350.54,480,350.52,1120,350.35,280,350.26,400,350.23,320,350.21,40,350.18,160,350.16,160,350.03,640,351.45,160,351.46,200,351.49,160,351.56,160,351.77,80,351.82,40,351.83,80,351.84,280,351.88,280,351.92,320
2026-02-05 09:37:05,351.22,351.0,4,350.99,1120,351.45,160,351.45,350.99,350.99,1120,350.55,1800,350.54,480,350.52,1120,350.35,280,350.26,400,350.23,320,350.21,40,350.18,160,350.16,160,351.45,160,351.46,200,351.49,160,351.56,160,351.77,80,351.82,40,351.83,80,351.84,280,351.88,280,351.92,320
2026-02-05 09:37:06,351.29,351.2,1,351.15,320,351.43,80,351.43,351.15,351.15,320,350.82,40,350.65,160,350.55,1800,350.54,480,350.52,1120,350.35,280,350.26,400,350.23,320,350.21,40,351.43,80,351.44,40,351.45,160,351.46,200,351.49,160,351.56,160,351.77,80,351.82,40,351.83,80,351.84,280
2026-02-05 09:37:07,351.29,351.29,1,351.15,600,351.43,200,351.43,351.15,351.15,600,350.82,40,350.65,160,350.55,1800,350.54,480,350.52,1120,350.35,280,350.26,400,350.23,320,350.21,40,351.43,200,351.44,40,351.45,160,351.46,200,351.49,160,351.56,160,351.77,80,351.82,40,351.83,80,351.84,280
2026-02-05 09:37:08,351.29,351.29,1,351.15,600,351.43,200,351.43,351.15,351.15,600,350.82,40,350.65,160,350.55,1800,350.54,480,350.52,1120,350.35,280,350.26,400,350.23,320,350.21,40,351.43,200,351.44,40,351.45,160,351.46,200,351.49,160,351.56,160,351.77,80,351.82,40,351.83,80,351.84,280
2026-02-05 09:37:09,351.65,351.44,1,351.42,720,351.88,240,351.88,351.42,351.42,720,351.15,600,350.82,40,350.65,160,350.55,1800,350.54,480,350.52,1120,350.35,280,350.26,400,350.23,320,351.88,240,351.92,320,352.06,120,352.08,120,352.09,280,352.1,240,352.46,160,352.5,160,352.56,40,352.75,360
2026-02-05 09:37:10,351.65,351.44,1,351.42,720,351.88,240,351.88,351.42,351.42,720,351.15,600,350.82,40,350.65,160,350.55,1800,350.54,480,350.52,1120,350.35,280,350.26,400,350.23,320,351.88,240,351.92,320,352.06,120,352.08,120,352.09,280,352.1,240,352.46,160,352.5,160,352.56,40,352.75,360
2026-02-05 09:37:11,351.65,351.44,1,351.42,720,351.88,280,351.88,351.42,351.42,720,351.15,600,350.82,40,350.65,160,350.55,1800,350.54,480,350.52,1120,350.35,280,350.26,400,350.23,320,351.88,280,351.92,320,352.06,120,352.08,120,352.09,280,352.1,240,352.46,160,352.5,160,352.56,40,352.75,360
2026-02-05 09:37:12,352.08,351.88,1,351.75,280,352.41,80,352.41,351.75,351.75,280,351.42,760,351.15,600,350.82,40,350.65,160,350.55,1800,350.54,480,350.52,1120,350.35,280,350.26,400,352.41,80,352.46,160,352.5,160,352.56,40,352.75,360,352.83,480,353.0,400,356.0,200,,,,
2026-02-05 09:37:13,351.845,351.52,2,351.41,80,352.28,120,352.28,351.41,351.41,80,351.15,640,350.82,40,350.65,160,350.55,1800,350.54,480,350.52,1120,350.35,280,350.26,400,350.23,320,352.28,120,352.41,80,352.46,160,352.5,160,352.56,40,352.75,360,352.83,480,353.0,400,356.0,200,,
2026-02-05 09:37:14,351.85,351.52,2,351.42,40,352.28,120,352.28,351.42,351.42,40,351.41,80,351.15,640,350.82,40,350.65,160,350.55,1800,350.54,480,350.52,1120,350.35,280,350.26,400,352.28,120,352.41,80,352.46,160,352.5,160,352.56,40,352.75,360,352.83,480,353.0,400,356.0,200,,
2026-02-05 09:37:15,351.85,351.52,2,351.42,40,352.28,120,352.28,351.42,351.42,40,351.41,80,351.15,640,350.82,40,350.65,160,350.55,1800,350.54,480,350.52,1120,350.35,280,350.26,400,352.28,120,352.41,80,352.46,160,352.5,160,352.56,40,352.75,360,352.83,480,353.0,400,356.0,200,,
2026-02-05 09:37:16,351.735,351.52,2,351.42,120,352.05,120,352.05,351.42,351.42,120,351.41,80,351.15,640,350.82,40,350.65,160,350.55,1800,350.54,480,350.52,1120,350.35,280,350.26,400,352.05,120,352.28,40,352.41,80,352.46,160,352.5,160,352.56,40,352.75,360,352.83,480,353.0,400,356.0,200
2026-02-05 09:37:16,351.735,351.52,2,351.42,120,352.05,120,352.05,351.42,351.42,120,351.41,80,351.15,640,350.82,40,350.65,160,350.55,1800,350.54,480,350.52,1120,350.35,280,350.26,400,352.05,120,352.28,40,352.41,80,352.46,160,352.5,160,352.56,40,352.75,360,352.83,480,353.0,400,356.0,200
2026-02-05 09:37:18,351.735,351.52,2,351.42,120,352.05,200,352.05,351.42,351.42,120,351.41,80,351.15,640,350.82,40,350.65,160,350.55,1800,350.54,480,350.52,1120,350.35,280,350.26,400,352.05,200,352.28,40,352.41,80,352.46,160,352.5,160,352.56,40,352.75,360,352.83,480,353.0,400,356.0,200
2026-02-05 09:37:19,351.735,351.52,2,351.42,120,352.05,200,352.05,351.42,351.42,120,351.41,80,351.15,640,350.82,40,350.65,160,350.55,1800,350.54,480,350.52,1120,350.35,280,350.26,400,352.05,200,352.28,40,352.41,80,352.46,160,352.5,160,352.56,40,352.75,360,352.83,480,353.0,400,356.0,200
2026-02-05 09:37:20,351.735,351.74,1,351.42,120,352.05,200,352.05,351.42,351.42,120,351.41,80,351.15,640,350.82,40,350.65,160,350.55,1800,350.54,480,350.52,1120,350.35,280,350.26,400,352.05,200,352.28,40,352.41,80,352.46,160,352.5,160,352.56,40,352.75,360,352.83,480,353.0,400,356.0,200
2026-02-05 09:37:21,351.67,351.74,1,351.42,120,351.92,40,351.92,351.42,351.42,120,351.41,80,351.15,640,350.82,40,350.65,160,350.55,1800,350.54,480,350.52,1120,350.35,280,350.26,400,351.92,40,352.05,160,352.28,40,352.41,80,352.46,160,352.5,160,352.56,40,352.75,360,352.83,480,353.0,400
2026-02-05 09:37:22,351.735,351.74,1,351.42,160,352.05,160,352.05,351.42,351.42,160,351.41,80,351.15,640,350.82,40,350.65,160,350.55,1800,350.54,480,350.52,1120,350.35,280,350.26,400,352.05,160,352.28,40,352.41,80,352.46,160,352.5,160,352.56,40,352.75,360,352.83,480,353.0,400,356.0,200
2026-02-05 09:37:23,351.735,351.74,1,351.42,160,352.05,160,352.05,351.42,351.42,160,351.41,80,351.15,640,350.82,40,350.65,160,350.55,1800,350.54,480,350.52,1120,350.35,280,350.26,400,352.05,160,352.28,40,352.41,80,352.46,160,352.5,160,352.56,40,352.75,360,352.83,480,353.0,400,356.0,200
2026-02-05 09:37:24,351.915,351.65,1,351.42,160,352.41,80,352.41,351.42,351.42,160,351.41,80,351.15,640,350.82,40,350.65,160,350.55,1800,350.54,480,350.52,1120,350.35,280,350.26,400,352.41,80,352.46,160,352.5,160,352.56,40,352.75,360,352.83,480,353.0,400,356.0,200,,,,
2026-02-05 09:37:25,352.025,351.65,1,351.64,120,352.41,40,352.41,351.64,351.64,120,351.43,120,351.42,200,351.41,80,351.15,640,350.82,40,350.65,160,350.55,1800,350.54,480,350.52,1120,352.41,40,352.46,160,352.5,160,352.56,40,352.75,360,352.83,480,353.0,400,356.0,200,,,,
2026-02-05 09:37:26,351.94,351.65,1,351.47,160,352.41,40,352.41,351.47,351.47,160,351.43,120,351.42,200,351.41,80,351.15,640,350.82,40,350.65,160,350.55,1800,350.54,480,350.52,1120,352.41,40,352.46,160,352.5,160,352.56,40,352.75,360,352.83,480,353.0,400,356.0,200,,,,
2026-02-05 09:37:27,351.94,351.65,1,351.47,160,352.41,40,352.41,351.47,351.47,160,351.43,120,351.42,200,351.41,80,351.15,640,350.82,40,350.65,160,350.55,1800,350.54,480,350.52,1120,352.41,40,352.46,160,352.5,160,352.56,40,352.75,360,352.83,480,353.0,400,356.0,200,,,,
2026-02-05 09:37:28,351.94,351.65,1,351.47,160,352.41,40,352.41,351.47,351.47,160,351.43,120,351.42,200,351.41,80,351.15,640,350.82,40,350.65,160,350.55,1800,350.54,480,350.52,1120,352.41,40,352.46,160,352.5,160,352.56,40,352.75,360,352.83,480,353.0,400,356.0,200,,,,
2026-02-05 09:37:29,351.94,351.65,1,351.47,160,352.41,40,352.41,351.47,351.47,160,351.43,120,351.42,200,351.41,80,351.15,640,350.82,40,350.65,160,350.55,1800,350.54,480,350.52,1120,352.41,40,352.46,160,352.5,160,352.56,40,352.75,360,352.83,480,353.0,400,356.0,200,,,,
2026-02-05 09:37:30,352.48,351.65,1,351.96,240,353.0,360,353.0,351.96,351.96,240,351.86,80,351.82,200,351.69,200,351.64,240,351.51,200,351.48,200,351.47,360,351.43,120,351.42,200,353.0,360,356.0,200,,,,,,,,,,,,,,,,
2026-02-05 09:37:31,352.48,351.65,1,351.96,240,353.0,360,353.0,351.96,351.96,240,351.86,80,351.82,200,351.69,200,351.64,240,351.51,200,351.48,200,351.47,360,351.43,120,351.42,200,353.0,360,356.0,200,,,,,,,,,,,,,,,,
2026-02-05 09:37:32,352.485,351.65,1,351.97,240,353.0,360,353.0,351.97,351.97,240,351.96,200,351.86,80,351.82,200,351.69,200,351.64,240,351.51,200,351.48,200,351.47,360,351.43,120,353.0,360,356.0,200,,,,,,,,,,,,,,,,
2026-02-05 09:37:33,352.485,351.65,1,351.97,240,353.0,360,353.0,351.97,351.97,240,351.96,200,351.86,80,351.82,200,351.69,200,351.64,240,351.51,200,351.48,200,351.47,360,351.43,120,353.0,360,356.0,200,,,,,,,,,,,,,,,,
2026-02-05 09:37:34,352.485,351.65,1,351.97,240,353.0,360,353.0,351.97,351.97,240,351.96,200,351.86,80,351.82,200,351.69,200,351.64,240,351.51,200,351.48,200,351.47,360,351.43,120,353.0,360,356.0,200,,,,,,,,,,,,,,,,
