sim_time,mid_price,last_price,last_size,best_bid_price,best_bid_size,best_ask_price,best_ask_size,close_price_buy,close_price_sell,bid1_price,bid1_size,bid2_price,bid2_size,bid3_price,bid3_size,bid4_price,bid4_size,bid5_price,bid5_size,bid6_price,bid6_size,bid7_price,bid7_size,bid8_price,bid8_size,bid9_price,bid9_size,bid10_price,bid10_size,ask1_price,ask1_size,ask2_price,ask2_size,ask3_price,ask3_size,ask4_price,ask4_size,ask5_price,ask5_size,ask6_price,ask6_size,ask7_price,ask7_size,ask8_price,ask8_size,ask9_price,ask9_size,ask10_price,ask10_size
2020-10-29 09:30:27,147.46,147.41,1,147.41,1,147.51,3,147.51,147.41,147.41,1,147.36,3,147.35,4,147.34,1,147.33,5,147.32,3,147.3,2,,,,,,,147.51,3,147.54,1,147.55,2,147.56,2,147.57,2,147.58,2,147.59,2,147.61,1,147.65,2,147.66,1
2020-10-29 09:30:28,147.46,147.46,4,147.41,3,147.51,3,147.51,147.41,147.41,3,147.36,3,147.35,4,147.34,1,147.33,5,147.32,3,147.3,2,,,,,,,147.51,3,147.54,1,147.55,2,147.56,2,147.57,2,147.58,2,147.59,2,147.61,1,147.65,2,147.66,1
2020-10-29 09:30:29,147.405,147.44,1,147.35,5,147.46,2,147.46,147.35,147.35,5,147.34,1,147.33,5,147.32,3,147.3,2,,,,,,,,,,,147.46,2,147.51,3,147.54,1,147.55,2,147.56,2,147.57,2,147.58,2,147.59,2,147.61,1,147.65,2
2020-10-29 09:30:30,147.43,147.46,1,147.35,5,147.51,3,147.51,147.35,147.35,5,147.34,1,147.33,5,147.32,3,147.3,2,,,,,,,,,,,147.51,3,147.54,1,147.55,2,147.56,2,147.57,2,147.58,2,147.59,2,147.61,1,147.65,2,147.66,1
2020-10-29 09:30:31,147.46,147.47,1,147.41,3,147.51,3,147.51,147.41,147.41,3,147.35,5,147.34,1,147.33,5,147.32,3,147.3,2,,,,,,,,,147.51,3,147.54,1,147.55,2,147.56,2,147.57,2,147.58,2,147.59,2,147.61,1,147.65,2,147.66,1
2020-10-29 09:30:32,147.51,147.52,1,147.41,3,147.61,3,147.61,147.41,147.41,3,147.35,5,147.34,1,147.33,5,147.32,3,147.3,2,,,,,,,,,147.61,3,147.62,2,147.64,6,147.65,2,147.66,1,147.77,1,147.81,1,147.85,2,147.86,3,147.87,2
2020-10-29 09:30:34,147.505,147.43,1,147.41,3,147.6,2,147.6,147.41,147.41,3,147.35,5,147.34,1,147.33,5,147.32,3,147.3,2,,,,,,,,,147.6,2,147.61,3,147.62,2,147.64,6,147.65,2,147.66,1,147.77,1,147.81,1,147.85,2,147.86,3
2020-10-29 09:30:34,147.5,147.46,1,147.43,1,147.57,2,147.57,147.43,147.43,1,147.41,3,147.35,5,147.34,1,147.33,5,147.32,3,147.3,2,,,,,,,147.57,2,147.6,2,147.61,3,147.62,2,147.64,6,147.65,2,147.66,1,147.77,1,147.81,1,147.85,2
2020-10-29 09:30:35,147.535,147.5,1,147.47,2,147.6,2,147.6,147.47,147.47,2,147.46,2,147.43,1,147.41,3,147.35,5,147.34,1,147.33,5,147.32,3,147.3,2,,,147.6,2,147.61,4,147.62,2,147.64,6,147.65,2,147.66,1,147.77,1,147.81,1,147.85,2,147.86,3
2020-10-29 09:30:36,147.65,147.69,3,147.6,3,147.7,2,147.7,147.6,147.6,3,147.48,1,147.47,4,147.46,2,147.43,1,147.41,3,147.35,5,147.34,1,147.33,5,147.32,3,147.7,2,147.75,2,147.81,1,147.85,2,147.86,3,147.87,2,147.91,3,147.94,2,147.96,2,147.97,2
2020-10-29 09:30:37,147.65,147.61,1,147.6,3,147.7,2,147.7,147.6,147.6,3,147.48,1,147.47,4,147.46,2,147.43,1,147.41,3,147.35,5,147.34,1,147.33,5,147.32,3,147.7,2,147.75,2,147.81,1,147.85,2,147.86,3,147.87,2,147.91,3,147.94,2,147.96,2,147.97,2
2020-10-29 09:30:38,147.65,147.61,1,147.6,3,147.7,2,147.7,147.6,147.6,3,147.48,1,147.47,4,147.46,2,147.43,1,147.41,3,147.35,5,147.34,1,147.33,5,147.32,3,147.7,2,147.75,2,147.81,1,147.85,2,147.86,3,147.87,2,147.91,3,147.94,2,147.96,2,147.97,2
2020-10-29 09:30:39,147.655,147.61,1,147.61,1,147.7,2,147.7,147.61,147.61,1,147.6,3,147.48,1,147.47,4,147.46,2,147.43,1,147.41,3,147.35,5,147.34,1,147.33,5,147.7,2,147.75,2,147.81,1,147.85,2,147.86,3,147.87,2,147.91,3,147.94,2,147.96,2,147.97,2
2020-10-29 09:30:40,147.61,147.6,1,147.56,1,147.66,2,147.66,147.56,147.56,1,147.48,1,147.47,4,147.46,2,147.43,1,147.41,3,147.35,5,147.34,1,147.33,5,147.32,3,147.66,2,147.7,2,147.75,2,147.81,1,147.85,2,147.86,3,147.87,2,147.91,3,147.94,2,147.96,2
2020-10-29 09:30:41,147.61,147.62,2,147.56,1,147.66,2,147.66,147.56,147.56,1,147.48,1,147.47,4,147.46,2,147.43,1,147.41,3,147.35,5,147.34,1,147.33,5,147.32,3,147.66,2,147.7,2,147.75,2,147.81,1,147.85,2,147.86,3,147.87,2,147.91,3,147.94,2,147.96,2
2020-10-29 09:30:42,147.61,147.61,1,147.56,2,147.66,2,147.66,147.56,147.56,2,147.48,1,147.47,4,147.46,2,147.43,1,147.41,3,147.35,5,147.34,1,147.33,5,147.32,3,147.66,2,147.7,2,147.75,2,147.81,1,147.85,2,147.86,3,147.87,2,147.91,3,147.94,2,147.96,2
2020-10-29 09:30:43,147.615,147.61,1,147.58,4,147.65,3,147.65,147.58,147.58,4,147.57,3,147.56,2,147.48,1,147.47,4,147.46,2,147.43,1,147.41,3,147.35,5,147.34,1,147.65,3,147.66,2,147.81,1,147.85,2,147.86,3,147.87,2,147.91,3,147.94,2,147.96,2,147.97,2
2020-10-29 09:30:44,147.58,147.58,1,147.51,5,147.65,3,147.65,147.51,147.51,5,147.48,1,147.47,4,147.46,2,147.43,1,147.41,3,147.35,5,147.34,1,147.33,5,147.32,3,147.65,3,147.66,2,147.81,1,147.85,2,147.86,3,147.87,2,147.91,3,147.94,2,147.96,2,147.97,2
2020-10-29 09:30:45,147.665,147.65,1,147.58,1,147.75,2,147.75,147.58,147.58,1,147.52,3,147.51,5,147.48,1,147.47,4,147.46,2,147.43,1,147.41,3,147.35,5,147.34,1,147.75,2,147.81,1,147.85,2,147.86,3,147.87,2,147.91,3,147.94,2,147.96,2,147.97,2,147.98,2
2020-10-29 09:30:46,147.635,147.68,1,147.52,3,147.75,2,147.75,147.52,147.52,3,147.51,5,147.48,1,147.47,4,147.46,2,147.43,1,147.41,3,147.35,5,147.34,1,147.33,5,147.75,2,147.81,1,147.85,2,147.86,3,147.87,2,147.91,3,147.94,2,147.96,2,147.97,2,147.98,2
2020-10-29 09:30:47,147.725,147.7,2,147.7,4,147.75,3,147.75,147.7,147.7,4,147.6,1,147.53,1,147.52,3,147.51,5,147.48,1,147.47,4,147.46,2,147.43,1,147.41,3,147.75,3,147.76,1,147.81,1,147.85,2,147.86,3,147.87,2,147.91,3,147.94,2,147.96,2,147.97,2
2020-10-29 09:30:48,147.695,147.69,1,147.65,1,147.74,3,147.74,147.65,147.65,1,147.6,1,147.53,1,147.52,3,147.51,5,147.48,1,147.47,4,147.46,2,147.43,1,147.41,3,147.74,3,147.75,3,147.76,1,147.81,1,147.85,2,147.86,3,147.87,2,147.91,3,147.94,2,147.96,2
2020-10-29 09:30:49,147.695,147.65,6,147.65,1,147.74,3,147.74,147.65,147.65,1,147.6,1,147.53,1,147.52,3,147.51,5,147.48,1,147.47,4,147.46,2,147.43,1,147.41,3,147.74,3,147.75,3,147.76,1,147.81,1,147.85,2,147.86,3,147.87,2,147.91,3,147.94,2,147.96,2
2020-10-29 09:30:50,147.695,147.69,5,147.65,1,147.74,3,147.74,147.65,147.65,1,147.6,1,147.53,1,147.52,3,147.51,5,147.48,1,147.47,4,147.46,2,147.43,1,147.41,3,147.74,3,147.75,3,147.76,1,147.81,1,147.85,2,147.86,3,147.87,2,147.91,3,147.94,2,147.96,2
2020-10-29 09:30:51,147.695,147.69,1,147.65,1,147.74,3,147.74,147.65,147.65,1,147.6,1,147.53,1,147.52,3,147.51,5,147.48,1,147.47,4,147.46,2,147.43,1,147.41,3,147.74,3,147.75,3,147.76,1,147.81,1,147.85,2,147.86,3,147.87,2,147.91,3,147.94,2,147.96,2
2020-10-29 09:30:52,147.695,147.74,1,147.65,2,147.74,3,147.74,147.65,147.65,2,147.6,1,147.53,1,147.52,3,147.51,5,147.48,1,147.47,4,147.46,2,147.43,1,147.41,3,147.74,3,147.75,3,147.76,1,147.81,1,147.85,2,147.86,3,147.87,2,147.91,3,147.94,2,147.96,2
2020-10-29 09:30:53,147.695,147.74,2,147.65,2,147.74,3,147.74,147.65,147.65,2,147.6,1,147.53,1,147.52,3,147.51,5,147.48,1,147.47,4,147.46,2,147.43,1,147.41,3,147.74,3,147.75,3,147.76,1,147.81,1,147.85,2,147.86,3,147.87,2,147.91,3,147.94,2,147.96,2
2020-10-29 09:30:54,147.77,147.77,1,147.73,1,147.81,2,147.81,147.73,147.73,1,147.72,2,147.71,2,147.66,1,147.65,2,147.6,1,147.53,1,147.52,3,147.51,5,147.48,1,147.81,2,147.85,2,147.86,3,147.87,2,147.91,3,147.94,2,147.96,2,147.97,2,147.98,2,148.01,1
2020-10-29 09:30:55,147.805,147.79,1,147.75,5,147.86,3,147.86,147.75,147.75,5,147.71,1,147.66,1,147.65,2,147.6,1,147.53,1,147.52,3,147.51,5,147.48,1,147.47,4,147.86,3,147.87,2,147.91,3,147.94,2,147.96,2,147.97,2,147.98,2,148.01,1,148.02,1,148.25,2
2020-10-29 09:30:56,147.855,147.81,1,147.78,8,147.93,2,147.93,147.78,147.78,8,147.77,3,147.76,2,147.75,4,147.71,1,147.66,1,147.65,2,147.6,1,147.53,1,147.52,3,147.93,2,148.0,4,148.01,1,148.02,1,148.25,2,148.26,2,148.72,2,148.88,2,148.94,2,,
2020-10-29 09:30:57,147.89,148.0,9,147.79,3,147.99,2,147.99,147.79,147.79,3,147.78,10,147.77,3,147.76,2,147.75,4,147.71,1,147.66,1,147.65,2,147.6,1,147.53,1,147.99,2,148.0,5,148.01,1,148.02,1,148.25,2,148.26,2,148.72,2,148.88,2,148.94,2,,
2020-10-29 09:30:58,147.9,147.9,2,147.8,3,148.0,5,148.0,147.8,147.8,3,147.79,3,147.78,10,147.77,3,147.76,2,147.75,4,147.71,1,147.66,1,147.65,2,147.6,1,148.0,5,148.01,1,148.02,1,148.25,2,148.26,2,148.72,2,148.88,2,148.94,2,,,,
2020-10-29 09:31:00,147.905,147.9,10,147.81,3,148.0,4,148.0,147.81,147.81,3,147.8,3,147.79,3,147.78,10,147.77,3,147.76,2,147.75,4,147.71,1,147.66,1,147.65,2,148.0,4,148.01,1,148.02,1,148.25,2,148.26,2,148.72,2,148.88,2,148.94,2,,,,
2020-10-29 09:31:00,147.87,147.94,1,147.79,1,147.95,2,147.95,147.79,147.79,1,147.78,10,147.77,3,147.76,2,147.75,4,147.71,1,147.66,1,147.65,2,147.6,1,147.53,1,147.95,2,147.99,1,148.0,4,148.01,1,148.02,1,148.25,2,148.26,2,148.72,2,148.88,2,148.94,2
2020-10-29 09:31:01,147.87,147.89,1,147.79,2,147.95,2,147.95,147.79,147.79,2,147.77,3,147.76,2,147.75,4,147.71,1,147.66,1,147.65,2,147.6,1,147.53,1,147.52,3,147.95,2,147.99,1,148.0,4,148.01,1,148.02,1,148.25,2,148.26,2,148.72,2,148.88,2,148.94,2
2020-10-29 09:31:02,147.87,147.89,1,147.79,2,147.95,2,147.95,147.79,147.79,2,147.77,3,147.76,2,147.75,4,147.71,1,147.66,1,147.65,2,147.6,1,147.53,1,147.52,3,147.95,2,147.99,1,148.0,4,148.01,1,148.02,1,148.25,2,148.26,2,148.72,2,148.88,2,148.94,2
2020-10-29 09:31:04,147.84,147.84,1,147.79,3,147.89,3,147.89,147.79,147.79,3,147.77,3,147.76,2,147.75,4,147.71,1,147.66,1,147.65,2,147.6,1,147.53,1,147.52,3,147.89,3,147.95,2,147.99,1,148.0,4,148.01,1,148.02,1,148.25,2,148.26,2,148.72,2,148.88,2
2020-10-29 09:31:05,147.81,147.83,1,147.77,1,147.85,2,147.85,147.77,147.77,1,147.75,3,147.71,1,147.66,1,147.65,2,147.6,1,147.53,1,147.52,3,147.51,5,147.48,1,147.85,2,147.87,3,147.88,1,147.89,3,147.95,2,147.99,1,148.0,4,148.01,1,148.02,1,148.25,2
2020-10-29 09:31:06,147.85,147.85,2,147.8,4,147.9,3,147.9,147.8,147.8,4,147.77,1,147.75,3,147.71,1,147.66,1,147.65,2,147.6,1,147.53,1,147.52,3,147.51,5,147.9,3,147.95,2,147.99,1,148.0,4,148.01,1,148.02,1,148.25,2,148.26,2,148.72,2,148.88,2
2020-10-29 09:31:07,147.775,147.78,1,147.74,1,147.81,2,147.81,147.74,147.74,1,147.71,1,147.66,1,147.65,2,147.6,1,147.53,1,147.52,3,147.51,5,147.48,1,147.47,4,147.81,2,147.9,3,147.95,2,147.99,1,148.0,4,148.01,1,148.02,1,148.25,2,148.26,2,148.72,2
2020-10-29 09:31:08,147.665,147.65,1,147.6,2,147.73,3,147.73,147.6,147.6,2,147.53,1,147.52,3,147.51,5,147.48,1,147.47,4,147.46,2,147.43,1,147.41,3,147.35,5,147.73,1,147.8,2,147.85,2,147.9,3,147.95,2,147.99,1,148.0,4,148.01,1,148.02,1,148.25,2
2020-10-29 09:31:09,147.665,147.66,1,147.6,2,147.73,3,147.73,147.6,147.6,2,147.53,1,147.52,3,147.51,5,147.48,1,147.47,4,147.46,2,147.43,1,147.41,3,147.35,5,147.73,3,147.8,2,147.85,2,147.9,3,147.95,2,147.99,1,148.0,4,148.01,1,148.02,1,148.25,2
2020-10-29 09:31:10,147.67,147.66,1,147.61,5,147.73,3,147.73,147.61,147.61,5,147.6,2,147.53,1,147.52,3,147.51,5,147.48,1,147.47,4,147.46,2,147.43,1,147.41,3,147.73,3,147.8,2,147.85,2,147.9,3,147.95,2,147.99,1,148.0,4,148.01,1,148.02,1,148.25,2
2020-10-29 09:31:11,147.67,147.67,1,147.61,4,147.73,3,147.73,147.61,147.61,4,147.6,2,147.53,1,147.52,3,147.51,5,147.48,1,147.47,4,147.46,2,147.43,1,147.41,3,147.73,3,147.8,2,147.85,2,147.9,3,147.95,2,147.99,1,148.0,4,148.01,1,148.02,1,148.25,2
2020-10-29 09:31:12,147.65,147.76,30,147.51,7,147.79,2,147.79,147.51,147.51,7,147.48,1,147.47,4,147.46,2,147.43,1,147.41,3,147.35,5,147.34,1,147.33,5,147.32,3,147.79,2,147.8,2,147.85,2,147.9,3,147.95,2,147.99,1,148.0,4,148.01,1,148.02,1,148.25,2
2020-10-29 09:31:13,147.695,147.66,1,147.6,1,147.79,2,147.79,147.6,147.6,1,147.51,7,147.48,1,147.47,4,147.46,2,147.43,1,147.41,3,147.35,5,147.34,1,147.33,5,147.79,2,147.8,2,147.85,2,147.9,3,147.95,2,147.99,1,148.0,4,148.01,1,148.02,1,148.25,2
2020-10-29 09:31:14,147.67,147.71,1,147.6,1,147.74,1,147.74,147.6,147.6,1,147.51,7,147.48,1,147.47,4,147.46,2,147.43,1,147.41,3,147.35,5,147.34,1,147.33,5,147.74,1,147.79,2,147.8,2,147.85,2,147.9,3,147.95,2,147.99,1,148.0,4,148.01,1,148.02,1
2020-10-29 09:31:15,147.72,147.76,10,147.65,2,147.79,2,147.79,147.65,147.65,2,147.61,2,147.6,1,147.51,7,147.48,1,147.47,4,147.46,2,147.43,1,147.41,3,147.35,5,147.79,2,147.8,2,147.85,2,147.9,3,147.95,2,147.99,1,148.0,4,148.01,1,148.02,1,148.25,2
2020-10-29 09:31:16,147.725,147.72,1,147.65,4,147.8,3,147.8,147.65,147.65,4,147.62,1,147.61,3,147.6,1,147.51,7,147.48,1,147.47,4,147.46,2,147.43,1,147.41,3,147.8,3,147.85,2,147.9,3,147.95,2,147.99,1,148.0,4,148.01,1,148.02,1,148.25,2,148.26,2
2020-10-29 09:31:16,147.735,147.69,3,147.67,2,147.8,3,147.8,147.67,147.67,2,147.66,4,147.65,4,147.62,1,147.61,3,147.6,1,147.51,7,147.48,1,147.47,4,147.46,2,147.8,3,147.85,2,147.9,3,147.95,2,147.99,1,148.0,4,148.01,1,148.02,1,148.25,2,148.26,2
2020-10-29 09:31:18,147.87,147.93,1,147.79,3,147.95,3,147.95,147.79,147.79,3,147.7,1,147.67,2,147.64,2,147.6,1,147.51,7,147.48,1,147.47,4,147.46,2,147.43,1,147.95,3,147.99,1,148.0,4,148.01,1,148.02,1,148.25,2,148.26,2,148.72,2,148.88,2,148.94,2
2020-10-29 09:31:19,147.87,147.93,5,147.8,1,147.95,3,147.95,147.8,147.79,5,147.7,1,147.67,2,147.64,2,147.6,1,147.51,7,147.48,1,147.47,4,147.46,2,147.43,1,147.95,3,147.99,1,148.0,4,148.01,1,148.02,1,148.25,2,148.26,2,148.72,2,148.88,2,148.94,2
2020-10-29 09:31:20,147.87,147.93,5,147.79,5,147.95,4,147.95,147.79,147.79,5,147.7,1,147.67,2,147.64,2,147.6,1,147.51,7,147.48,1,147.47,4,147.46,2,147.43,1,147.95,4,147.99,1,148.0,4,148.01,1,148.02,1,148.25,2,148.26,2,148.72,2,148.88,2,148.94,2
2020-10-29 09:31:21,147.87,147.87,1,147.79,5,147.95,5,147.95,147.79,147.79,5,147.7,1,147.67,2,147.64,2,147.6,1,147.51,7,147.48,1,147.47,4,147.46,2,147.43,1,147.95,5,147.99,1,148.0,4,148.01,1,148.02,1,148.25,2,148.26,2,148.72,2,148.88,2,148.94,2
2020-10-29 09:31:22,147.885,147.88,1,147.83,1,147.94,1,147.94,147.83,147.83,1,147.79,2,147.7,1,147.67,2,147.64,2,147.6,1,147.51,7,147.48,1,147.47,4,147.46,2,147.94,1,147.95,5,147.99,1,148.0,4,148.01,1,148.02,1,148.25,2,148.26,2,148.72,2,148.88,2
2020-10-29 09:31:23,147.885,147.83,10,147.83,2,147.94,1,147.94,147.83,147.83,2,147.79,2,147.7,1,147.67,2,147.64,2,147.6,1,147.51,7,147.48,1,147.47,4,147.46,2,147.94,1,147.95,5,147.99,1,148.0,4,148.01,1,148.02,1,148.25,2,148.26,2,148.72,2,148.88,2
2020-10-29 09:31:24,147.885,147.84,3,147.83,4,147.94,3,147.94,147.83,147.83,4,147.79,2,147.7,1,147.67,2,147.64,2,147.6,1,147.51,7,147.48,1,147.47,4,147.46,2,147.94,3,147.95,5,147.99,1,148.0,4,148.01,1,148.02,1,148.25,2,148.26,2,148.72,2,148.88,2
2020-10-29 09:31:25,147.84,147.79,1,147.74,1,147.94,3,147.94,147.74,147.74,1,147.7,1,147.67,2,147.64,2,147.6,1,147.51,7,147.48,1,147.47,4,147.46,2,147.43,1,147.94,3,147.95,5,147.99,1,148.0,4,148.01,1,148.02,1,148.25,2,148.26,2,148.72,2,148.88,2
2020-10-29 09:31:26,147.865,147.91,10,147.79,9,147.94,3,147.94,147.79,147.79,9,147.74,1,147.7,1,147.67,2,147.64,2,147.6,1,147.51,7,147.48,1,147.47,4,147.46,2,147.94,3,147.95,5,147.99,1,148.0,4,148.01,1,148.02,1,148.25,2,148.26,2,148.72,2,148.88,2
2020-10-29 09:31:27,147.84,147.79,8,147.74,1,147.94,3,147.94,147.74,147.74,1,147.7,1,147.67,2,147.64,2,147.6,1,147.51,7,147.48,1,147.47,4,147.46,2,147.43,1,147.94,3,147.95,5,147.99,1,148.0,4,148.01,1,148.02,1,148.25,2,148.26,2,148.72,2,148.88,2
2020-10-29 09:31:28,147.765,147.74,1,147.68,1,147.85,2,147.85,147.68,147.68,1,147.66,1,147.64,2,147.6,1,147.51,7,147.48,1,147.47,4,147.46,2,147.43,1,147.41,3,147.85,2,147.94,3,147.95,5,147.99,1,148.0,4,148.01,1,148.02,1,148.25,2,148.26,2,148.72,2
2020-10-29 09:31:29,147.755,147.74,1,147.66,2,147.85,2,147.85,147.66,147.66,2,147.64,2,147.6,1,147.51,7,147.48,1,147.47,4,147.46,2,147.43,1,147.41,3,147.35,5,147.85,2,147.94,3,147.95,5,147.99,1,148.0,4,148.01,1,148.02,1,148.25,2,148.26,2,148.72,2
2020-10-29 09:31:30,147.76,147.76,1,147.67,1,147.85,2,147.85,147.67,147.67,1,147.66,2,147.64,2,147.6,1,147.51,7,147.48,1,147.47,4,147.46,2,147.43,1,147.41,3,147.85,2,147.94,3,147.95,5,147.99,1,148.0,4,148.01,1,148.02,1,148.25,2,148.26,2,148.72,2
2020-10-29 09:31:31,147.72,147.76,1,147.66,2,147.78,2,147.78,147.66,147.66,2,147.64,2,147.6,1,147.51,7,147.48,1,147.47,4,147.46,2,147.43,1,147.41,3,147.35,5,147.78,2,147.85,2,147.94,3,147.95,5,147.99,1,148.0,4,148.01,1,148.02,1,148.25,2,148.26,2
2020-10-29 09:31:32,147.8,147.85,1,147.75,3,147.85,3,147.85,147.75,147.75,2,147.71,2,147.7,6,147.66,2,147.64,2,147.6,1,147.51,7,147.48,1,147.47,4,147.46,2,147.85,3,147.94,3,147.95,5,147.99,1,148.0,4,148.01,1,148.02,1,148.25,2,148.26,2,148.72,2
2020-10-29 09:31:33,147.8,147.81,2,147.75,4,147.85,3,147.85,147.75,147.75,4,147.71,2,147.7,6,147.66,2,147.64,2,147.6,1,147.51,7,147.48,1,147.47,4,147.46,2,147.85,3,147.94,3,147.95,5,147.99,1,148.0,4,148.01,1,148.02,1,148.25,2,148.26,2,148.72,2
2020-10-29 09:31:34,147.85,147.85,3,147.77,1,147.93,2,147.93,147.77,147.77,1,147.71,2,147.7,6,147.66,2,147.64,2,147.6,1,147.51,7,147.48,1,147.47,4,147.46,2,147.93,2,147.94,2,148.0,18,148.01,1,148.02,1,148.25,2,148.26,2,148.72,2,148.88,2,148.94,2
2020-10-29 09:31:35,147.86,147.88,2,147.78,1,147.94,4,147.94,147.78,147.78,1,147.77,4,147.71,2,147.7,6,147.66,2,147.64,2,147.6,1,147.51,7,147.48,1,147.47,4,147.94,4,148.0,18,148.01,1,148.02,1,148.25,2,148.26,2,148.72,2,148.88,2,148.94,2,,
2020-10-29 09:31:36,147.825,147.83,12,147.77,4,147.88,2,147.88,147.77,147.77,4,147.71,2,147.7,6,147.66,2,147.64,2,147.6,1,147.51,7,147.48,1,147.47,4,147.46,2,147.88,2,147.89,1,147.94,4,148.0,18,148.01,1,148.02,1,148.25,2,148.26,2,148.72,2,148.88,2
2020-10-29 09:31:37,147.805,147.79,1,147.7,7,147.91,2,147.91,147.7,147.7,7,147.66,2,147.64,2,147.6,1,147.51,7,147.48,1,147.47,4,147.46,2,147.43,1,147.41,3,147.91,2,147.94,4,148.0,18,148.01,1,148.02,1,148.25,2,148.26,2,148.72,2,148.88,2,148.94,2
2020-10-29 09:31:38,147.805,147.79,1,147.7,7,147.91,2,147.91,147.7,147.7,7,147.66,2,147.64,2,147.6,1,147.51,7,147.48,1,147.47,4,147.46,2,147.43,1,147.41,3,147.91,2,147.94,4,148.0,18,148.01,1,148.02,1,148.25,2,148.26,2,148.72,2,148.88,2,148.94,2
2020-10-29 09:31:39,147.83,147.84,1,147.78,2,147.88,2,147.88,147.78,147.78,2,147.71,1,147.7,7,147.66,2,147.64,2,147.6,1,147.51,7,147.48,1,147.47,4,147.46,2,147.88,2,147.94,5,148.0,18,148.01,1,148.02,1,148.25,2,148.26,2,148.72,2,148.88,2,148.94,2
2020-10-29 09:31:40,147.88,147.89,1,147.83,2,147.93,1,147.93,147.83,147.83,2,147.78,2,147.71,1,147.7,7,147.66,2,147.64,2,147.6,1,147.51,7,147.48,1,147.47,4,147.93,1,147.94,5,148.0,18,148.01,1,148.02,1,148.25,2,148.26,2,148.72,2,148.88,2,148.94,2
2020-10-29 09:31:41,147.895,147.89,1,147.83,2,147.96,2,147.96,147.83,147.83,2,147.78,2,147.71,1,147.7,7,147.66,2,147.64,2,147.6,1,147.51,7,147.48,1,147.47,4,147.96,2,148.0,18,148.01,1,148.02,1,148.25,2,148.26,2,148.72,2,148.88,2,148.94,2,,
2020-10-29 09:31:42,147.89,147.87,1,147.83,2,147.95,1,147.95,147.83,147.83,2,147.78,2,147.71,1,147.7,7,147.66,2,147.64,2,147.6,1,147.51,7,147.48,1,147.47,4,147.95,1,147.96,2,148.0,18,148.01,1,148.02,1,148.25,2,148.26,2,148.72,2,148.88,2,148.94,2
2020-10-29 09:31:43,147.895,147.89,1,147.83,4,147.96,2,147.96,147.83,147.83,4,147.78,2,147.71,1,147.7,7,147.66,2,147.64,2,147.6,1,147.51,7,147.48,1,147.47,4,147.96,2,148.0,18,148.01,1,148.02,1,148.25,2,148.26,2,148.72,2,148.88,2,148.94,2,,
2020-10-29 09:31:44,147.935,147.89,1,147.89,4,147.98,1,147.98,147.89,147.89,4,147.88,2,147.83,6,147.78,2,147.71,1,147.7,7,147.66,2,147.64,2,147.6,1,147.51,7,147.98,1,148.0,17,148.01,1,148.02,1,148.25,2,148.26,2,148.72,2,148.88,2,148.94,2,,
2020-10-29 09:31:45,147.89,147.95,30,147.8,3,147.98,3,147.98,147.8,147.8,3,147.78,2,147.71,1,147.7,7,147.66,2,147.64,2,147.6,1,147.51,7,147.48,1,147.47,4,147.98,3,147.99,2,148.0,19,148.01,1,148.02,1,148.25,2,148.26,2,148.72,2,148.88,2,148.94,2
2020-10-29 09:31:46,147.905,147.93,1,147.83,1,147.98,1,147.98,147.83,147.83,1,147.8,4,147.78,2,147.71,1,147.7,7,147.66,2,147.64,2,147.6,1,147.51,7,147.48,1,147.98,1,147.99,3,148.0,18,148.01,1,148.02,1,148.25,2,148.26,2,148.72,2,148.88,2,148.94,2
2020-10-29 09:31:47,147.895,147.9,2,147.8,4,147.99,2,147.99,147.8,147.8,4,147.78,2,147.71,1,147.7,7,147.66,2,147.64,2,147.6,1,147.51,7,147.48,1,147.47,4,147.99,2,148.0,18,148.01,1,148.02,1,148.25,2,148.26,2,148.72,2,148.88,2,148.94,2,,
2020-10-29 09:31:48,147.905,147.98,1,147.83,1,147.98,1,147.98,147.83,147.83,1,147.8,4,147.78,2,147.71,1,147.7,7,147.66,2,147.64,2,147.6,1,147.51,7,147.48,1,147.98,1,147.99,2,148.0,18,148.01,1,148.02,1,148.25,2,148.26,2,148.72,2,148.88,2,148.94,2
2020-10-29 09:31:49,147.89,147.88,1,147.8,4,147.98,2,147.98,147.8,147.8,4,147.78,2,147.71,1,147.7,7,147.66,2,147.64,2,147.6,1,147.51,7,147.48,1,147.47,4,147.98,2,147.99,2,148.0,18,148.01,1,148.02,1,148.25,2,148.26,2,148.72,2,148.88,2,148.94,2
2020-10-29 09:31:50,147.93,147.9,1,147.86,2,148.0,19,148.0,147.86,147.86,2,147.85,2,147.8,5,147.78,2,147.71,1,147.7,7,147.66,2,147.64,2,147.6,1,147.51,7,148.0,19,148.01,1,148.02,1,148.25,2,148.26,2,148.72,2,148.88,2,148.94,2,,,,
2020-10-29 09:31:51,147.92,147.9,1,147.86,2,147.98,2,147.98,147.86,147.86,2,147.85,2,147.8,5,147.78,2,147.71,1,147.7,7,147.66,2,147.64,2,147.6,1,147.51,7,147.98,2,148.0,19,148.01,1,148.02,1,148.25,2,148.26,2,148.72,2,148.88,2,148.94,2,,
2020-10-29 09:31:52,147.945,147.87,1,147.91,1,147.98,6,147.98,147.91,147.91,1,147.86,2,147.85,2,147.8,5,147.78,2,147.71,1,147.7,7,147.66,2,147.64,2,147.6,1,147.98,6,148.0,19,148.01,1,148.02,1,148.25,2,148.26,2,148.72,2,148.88,2,148.94,2,,
2020-10-29 09:31:53,147.89,147.91,1,147.83,1,147.95,1,147.95,147.83,147.83,1,147.82,1,147.8,7,147.78,2,147.71,1,147.7,7,147.66,2,147.64,2,147.6,1,147.51,7,147.95,1,147.99,2,148.0,19,148.01,1,148.02,1,148.25,2,148.26,2,148.72,2,148.88,2,148.94,2
2020-10-29 09:31:54,147.89,147.91,1,147.83,1,147.95,1,147.95,147.83,147.83,1,147.8,7,147.78,2,147.71,1,147.7,7,147.66,2,147.64,2,147.6,1,147.51,7,147.48,1,147.95,1,147.99,2,148.0,19,148.01,1,148.02,1,148.25,2,148.26,2,148.72,2,148.88,2,148.94,2
2020-10-29 09:31:55,147.895,147.95,1,147.8,7,147.99,3,147.99,147.8,147.8,7,147.78,2,147.71,1,147.7,7,147.66,2,147.64,2,147.6,1,147.51,7,147.48,1,147.47,4,147.99,3,148.0,19,148.01,1,148.02,1,148.25,2,148.26,2,148.72,2,148.88,2,148.94,2,,
2020-10-29 09:31:56,147.91,147.9,1,147.83,2,147.99,3,147.99,147.83,147.83,2,147.8,11,147.78,2,147.71,1,147.7,7,147.66,2,147.64,2,147.6,1,147.51,7,147.48,1,147.99,3,148.0,19,148.01,1,148.02,1,148.25,2,148.26,2,148.72,2,148.88,2,148.94,2,,
2020-10-29 09:31:57,147.77,147.78,1,147.72,1,147.82,2,147.82,147.72,147.72,1,147.69,1,147.68,10,147.66,2,147.64,2,147.6,1,147.51,7,147.48,1,147.47,4,147.46,2,147.82,2,147.86,1,147.88,3,147.89,1,147.95,1,147.96,1,147.98,1,147.99,3,148.0,19,148.01,1
2020-10-29 09:31:58,147.795,147.77,5,147.74,1,147.85,1,147.85,147.74,147.74,1,147.69,3,147.68,10,147.66,2,147.64,2,147.6,1,147.51,7,147.48,1,147.47,4,147.46,2,147.85,1,147.86,1,147.88,3,147.89,1,147.95,1,147.96,1,147.98,1,147.99,3,148.0,19,148.01,1
2020-10-29 09:31:59,147.85,147.91,1,147.74,2,147.96,2,147.96,147.74,147.74,2,147.69,2,147.68,10,147.66,2,147.64,2,147.6,1,147.51,7,147.48,1,147.47,4,147.46,2,147.96,2,147.97,5,147.98,1,147.99,3,148.0,19,148.01,1,148.02,1,148.25,2,148.26,2,148.72,2
2020-10-29 09:32:00,147.845,147.86,5,147.76,1,147.93,1,147.93,147.76,147.76,1,147.74,2,147.69,2,147.68,10,147.66,2,147.64,2,147.6,1,147.51,7,147.48,1,147.47,4,147.93,1,147.95,1,147.96,2,147.97,5,147.98,1,147.99,3,148.0,19,148.01,1,148.02,1,148.25,2
2020-10-29 09:32:01,147.835,147.86,1,147.74,3,147.93,1,147.93,147.74,147.74,3,147.69,2,147.68,10,147.66,2,147.64,2,147.6,1,147.51,7,147.48,1,147.47,4,147.46,2,147.93,1,147.95,1,147.96,2,147.97,5,147.98,1,147.99,3,148.0,19,148.01,1,148.02,1,148.25,2
2020-10-29 09:32:02,147.84,147.94,1,147.74,3,147.94,1,147.94,147.74,147.74,3,147.69,2,147.68,10,147.66,2,147.64,2,147.6,1,147.51,7,147.48,1,147.47,4,147.46,2,147.94,1,147.95,2,147.96,2,147.97,5,147.98,1,147.99,3,148.0,19,148.01,1,148.02,1,148.25,2
2020-10-29 09:32:03,147.855,147.85,1,147.76,3,147.95,2,147.95,147.76,147.76,3,147.74,3,147.69,2,147.68,10,147.66,2,147.64,2,147.6,1,147.51,7,147.48,1,147.47,4,147.95,2,147.96,2,147.97,5,147.98,1,147.99,3,148.0,19,148.01,1,148.02,1,148.25,2,148.26,2
2020-10-29 09:32:04,147.855,147.9,1,147.76,5,147.95,2,147.95,147.76,147.76,5,147.75,1,147.74,3,147.69,2,147.68,10,147.66,2,147.64,2,147.6,1,147.51,7,147.48,1,147.95,2,147.96,2,147.97,5,147.98,1,147.99,3,148.0,19,148.01,1,148.02,1,148.25,2,148.26,2
2020-10-29 09:32:05,147.845,147.78,1,147.77,1,147.92,1,147.92,147.77,147.77,1,147.76,4,147.75,1,147.74,3,147.69,2,147.68,10,147.66,2,147.64,2,147.6,1,147.51,7,147.92,1,147.93,1,147.95,3,147.96,2,147.97,5,147.98,1,147.99,3,148.0,19,148.01,1,148.02,1
2020-10-29 09:32:06,147.82,147.77,1,147.71,1,147.93,1,147.93,147.71,147.71,1,147.69,2,147.68,10,147.66,2,147.64,2,147.6,1,147.51,7,147.48,1,147.47,4,147.46,2,147.93,1,147.95,3,147.96,2,147.97,5,147.98,1,147.99,3,148.0,19,148.01,1,148.02,1,148.25,2
2020-10-29 09:32:07,147.815,147.82,7,147.71,2,147.92,1,147.92,147.71,147.71,2,147.69,2,147.68,10,147.66,2,147.64,2,147.6,1,147.51,7,147.48,1,147.47,4,147.46,2,147.92,1,147.93,1,147.95,3,147.96,2,147.97,5,147.98,1,147.99,3,148.0,19,148.01,1,148.02,1
2020-10-29 09:32:08,147.815,147.83,1,147.71,3,147.92,1,147.92,147.71,147.71,3,147.69,2,147.68,10,147.66,2,147.64,2,147.6,1,147.51,7,147.48,1,147.47,4,147.46,2,147.92,1,147.93,1,147.95,3,147.96,2,147.97,5,147.98,1,147.99,3,148.0,19,148.01,1,148.02,1
2020-10-29 09:32:09,147.82,147.72,1,147.71,5,147.93,2,147.93,147.71,147.71,5,147.69,2,147.68,10,147.66,2,147.64,2,147.6,1,147.51,7,147.48,1,147.47,4,147.46,2,147.93,2,147.95,3,147.96,2,147.97,5,147.98,1,147.99,3,148.0,19,148.01,1,148.02,1,148.25,2
2020-10-29 09:32:10,147.82,147.78,10,147.71,4,147.93,2,147.93,147.71,147.71,4,147.69,2,147.68,10,147.66,2,147.64,2,147.6,1,147.51,7,147.48,1,147.47,4,147.46,2,147.93,2,147.95,3,147.96,2,147.97,5,147.98,1,147.99,3,148.0,19,148.01,1,148.02,1,148.25,2
2020-10-29 09:32:11,147.78,147.75,3,147.71,5,147.85,1,147.85,147.71,147.71,5,147.69,2,147.68,10,147.66,2,147.64,2,147.6,1,147.51,7,147.48,1,147.47,4,147.46,2,147.85,1,147.93,2,147.95,3,147.96,2,147.97,5,147.98,1,147.99,3,148.0,19,148.01,1,148.02,1
2020-10-29 09:32:12,147.78,147.78,1,147.71,5,147.85,1,147.85,147.71,147.71,5,147.69,2,147.68,10,147.66,2,147.64,2,147.6,1,147.51,7,147.48,1,147.47,4,147.46,2,147.85,1,147.93,2,147.95,3,147.96,2,147.97,5,147.98,1,147.99,3,148.0,19,148.01,1,148.02,1
2020-10-29 09:32:13,147.805,147.75,1,147.71,8,147.9,1,147.9,147.71,147.71,8,147.69,2,147.68,10,147.66,2,147.64,2,147.6,1,147.51,7,147.48,1,147.47,4,147.46,2,147.9,1,147.93,2,147.95,3,147.96,2,147.97,5,147.98,1,147.99,3,148.0,19,148.01,1,148.02,1
2020-10-29 09:32:14,147.805,147.82,4,147.71,7,147.9,1,147.9,147.71,147.71,7,147.69,2,147.68,10,147.66,2,147.64,2,147.6,1,147.51,7,147.48,1,147.47,4,147.46,2,147.9,1,147.93,2,147.95,3,147.96,2,147.97,5,147.98,1,147.99,3,148.0,19,148.01,1,148.02,1
2020-10-29 09:32:15,147.8,147.74,3,147.71,7,147.89,1,147.89,147.71,147.71,7,147.69,2,147.68,10,147.66,2,147.64,2,147.6,1,147.51,7,147.48,1,147.47,4,147.46,2,147.89,1,147.9,3,147.93,2,147.95,3,147.96,2,147.97,5,147.98,1,147.99,3,148.0,19,148.01,1
2020-10-29 09:32:16,147.49,147.5,1,147.45,6,147.53,1,147.53,147.45,147.45,6,147.43,1,147.41,3,147.35,5,147.34,1,147.33,5,147.32,3,147.3,2,,,,,147.53,1,147.54,1,147.56,2,147.57,1,147.59,1,147.63,4,147.64,1,147.68,2,147.69,3,147.7,1
2020-10-29 09:32:17,147.57,147.45,3,147.45,6,147.69,6,147.69,147.45,147.45,6,147.43,1,147.41,3,147.35,5,147.34,1,147.33,5,147.32,3,147.3,2,,,,,147.69,6,147.7,1,147.72,2,147.73,1,147.77,1,147.84,1,147.89,2,147.9,3,147.93,2,147.95,3
2020-10-29 09:32:18,147.475,147.44,1,147.41,1,147.54,1,147.54,147.41,147.41,1,147.4,1,147.35,5,147.34,1,147.33,5,147.32,3,147.3,2,,,,,,,147.54,1,147.69,9,147.7,1,147.72,2,147.73,1,147.77,1,147.84,1,147.89,2,147.9,3,147.93,2
2020-10-29 09:32:19,147.35,147.38,1,147.3,8,147.4,1,147.4,147.3,147.3,8,,,,,,,,,,,,,,,,,,,147.4,1,147.44,1,147.47,4,147.48,1,147.53,1,147.54,1,147.69,9,147.7,1,147.72,2,147.73,1
2020-10-29 09:32:20,147.385,147.39,2,147.3,8,147.47,4,147.47,147.3,147.3,8,,,,,,,,,,,,,,,,,,,147.47,4,147.48,1,147.53,1,147.54,1,147.69,9,147.7,1,147.72,2,147.73,1,147.77,1,147.84,1
2020-10-29 09:32:21,147.38,147.31,1,147.3,8,147.46,2,147.46,147.3,147.3,8,,,,,,,,,,,,,,,,,,,147.46,2,147.47,4,147.48,1,147.53,1,147.54,1,147.69,9,147.7,1,147.72,2,147.73,1,147.77,1
2020-10-29 09:32:22,147.375,147.41,1,147.3,8,147.45,2,147.45,147.3,147.3,8,,,,,,,,,,,,,,,,,,,147.45,2,147.46,1,147.47,4,147.48,1,147.53,1,147.54,1,147.69,9,147.7,1,147.72,2,147.73,1
2020-10-29 09:32:23,147.38,147.35,2,147.3,15,147.46,3,147.46,147.3,147.3,15,,,,,,,,,,,,,,,,,,,147.46,3,147.47,4,147.48,1,147.53,1,147.54,1,147.69,9,147.7,1,147.72,2,147.73,1,147.77,1
2020-10-29 09:32:24,147.375,147.35,2,147.3,15,147.45,2,147.45,147.3,147.3,15,,,,,,,,,,,,,,,,,,,147.45,2,147.46,3,147.47,4,147.48,1,147.53,1,147.54,1,147.69,9,147.7,1,147.72,2,147.73,1
2020-10-29 09:32:25,147.37,147.31,1,147.3,15,147.44,3,147.44,147.3,147.3,15,,,,,,,,,,,,,,,,,,,147.44,3,147.45,2,147.46,3,147.47,4,147.48,1,147.53,1,147.54,1,147.69,9,147.7,1,147.72,2
2020-10-29 09:32:26,147.37,147.37,1,147.31,1,147.43,2,147.43,147.31,147.31,1,147.3,15,,,,,,,,,,,,,,,,,147.43,2,147.44,3,147.45,2,147.46,3,147.47,4,147.48,1,147.53,1,147.54,1,147.69,9,147.7,1
2020-10-29 09:32:27,147.365,147.37,3,147.3,15,147.43,2,147.43,147.3,147.3,15,,,,,,,,,,,,,,,,,,,147.43,2,147.44,4,147.45,2,147.46,3,147.47,4,147.48,1,147.53,1,147.54,1,147.69,9,147.7,1
2020-10-29 09:32:28,147.395,147.41,5,147.35,6,147.44,1,147.44,147.35,147.35,6,147.3,15,,,,,,,,,,,,,,,,,147.44,1,147.45,2,147.46,3,147.47,4,147.48,1,147.53,1,147.54,1,147.69,9,147.7,1,147.72,2
2020-10-29 09:32:29,147.325,147.3,1,147.26,6,147.39,1,147.39,147.26,147.26,6,,,,,,,,,,,,,,,,,,,147.39,1,147.4,2,147.41,2,147.43,3,147.44,2,147.45,2,147.46,3,147.47,4,147.48,1,147.53,1
2020-10-29 09:32:30,147.23,147.24,1,147.17,1,147.29,1,147.29,147.17,147.17,1,,,,,,,,,,,,,,,,,,,147.29,1,147.33,4,147.38,1,147.39,1,147.4,2,147.41,2,147.43,3,147.44,2,147.45,2,147.46,3
2020-10-29 09:32:31,147.22,147.17,5,147.15,2,147.29,1,147.29,147.15,147.15,2,,,,,,,,,,,,,,,,,,,147.29,1,147.33,4,147.38,1,147.39,1,147.4,2,147.41,2,147.43,3,147.44,2,147.45,2,147.46,3
2020-10-29 09:32:32,147.205,147.17,5,147.13,3,147.28,2,147.28,147.13,147.13,3,,,,,,,,,,,,,,,,,,,147.28,2,147.29,1,147.33,4,147.38,1,147.39,1,147.4,2,147.41,2,147.43,3,147.44,2,147.45,2
2020-10-29 09:32:33,147.205,147.23,1,147.13,3,147.28,4,147.28,147.13,147.13,3,,,,,,,,,,,,,,,,,,,147.28,4,147.29,1,147.33,4,147.38,1,147.39,1,147.4,2,147.41,2,147.43,3,147.44,2,147.45,2
2020-10-29 09:32:34,147.21,147.28,1,147.14,3,147.28,5,147.28,147.14,147.14,3,147.13,4,,,,,,,,,,,,,,,,,147.28,5,147.29,1,147.33,4,147.38,1,147.39,1,147.4,2,147.41,2,147.43,3,147.44,2,147.45,2
2020-10-29 09:32:35,147.18,147.28,1,147.13,3,147.23,1,147.23,147.13,147.13,3,,,,,,,,,,,,,,,,,,,147.23,1,147.26,1,147.27,4,147.28,5,147.29,1,147.33,4,147.38,1,147.39,1,147.4,2,147.41,2
2020-10-29 09:32:36,147.185,147.12,1,147.11,2,147.26,2,147.26,147.11,147.11,2,147.1,6,,,,,,,,,,,,,,,,,147.26,2,147.27,1,147.28,6,147.29,1,147.33,4,147.38,1,147.39,1,147.4,2,147.41,2,147.43,3
2020-10-29 09:32:37,147.185,147.11,2,147.11,1,147.26,2,147.26,147.11,147.11,1,147.1,6,,,,,,,,,,,,,,,,,147.26,2,147.27,1,147.28,6,147.29,1,147.33,4,147.38,1,147.39,1,147.4,2,147.41,2,147.43,3
2020-10-29 09:32:38,147.175,147.21,1,147.11,4,147.24,3,147.24,147.11,147.11,4,147.1,5,,,,,,,,,,,,,,,,,147.24,3,147.25,2,147.26,2,147.27,1,147.28,6,147.29,1,147.33,4,147.38,1,147.39,1,147.4,2
2020-10-29 09:32:39,147.17,147.18,5,147.11,5,147.23,3,147.23,147.11,147.11,5,147.1,5,,,,,,,,,,,,,,,,,147.23,3,147.24,3,147.25,2,147.26,2,147.27,1,147.28,6,147.29,1,147.33,4,147.38,1,147.39,1
2020-10-29 09:32:40,147.165,147.16,1,147.1,5,147.23,3,147.23,147.1,147.1,5,,,,,,,,,,,,,,,,,,,147.23,3,147.24,3,147.25,2,147.26,2,147.27,1,147.28,6,147.29,1,147.33,4,147.38,1,147.39,1
2020-10-29 09:32:41,147.075,147.05,1,147.02,10,147.13,3,147.13,147.02,147.02,10,,,,,,,,,,,,,,,,,,,147.13,3,147.14,3,147.15,4,147.16,2,147.17,1,147.23,3,147.24,3,147.25,2,147.26,2,147.27,1
2020-10-29 09:32:42,147.07,147.1,1,147.04,2,147.1,14,147.1,147.04,147.04,2,147.02,10,,,,,,,,,,,,,,,,,147.1,14,147.12,3,147.14,2,147.19,1,147.23,3,147.24,3,147.25,2,147.26,2,147.27,1,147.28,6
2020-10-29 09:32:43,146.935,147.0,4,146.87,4,147.0,4,147.0,146.87,146.87,4,,,,,,,,,,,,,,,,,,,147.0,4,147.01,4,147.02,5,147.03,2,147.04,2,147.05,2,147.06,3,147.08,1,147.09,2,147.1,14
2020-10-29 09:32:44,146.945,146.95,1,146.88,5,147.01,3,147.01,146.88,146.88,5,146.87,4,,,,,,,,,,,,,,,,,147.01,3,147.02,2,147.04,3,147.05,2,147.06,3,147.08,1,147.09,2,147.1,14,147.12,3,147.14,2
2020-10-29 09:32:45,146.925,146.98,1,146.87,5,146.98,3,146.98,146.87,146.87,5,,,,,,,,,,,,,,,,,,,146.98,3,147.05,4,147.06,4,147.08,1,147.09,2,147.1,14,147.12,3,147.14,2,147.19,1,147.23,3
2020-10-29 09:32:46,146.965,146.96,2,146.88,1,147.05,5,147.05,146.88,146.88,1,146.87,5,,,,,,,,,,,,,,,,,147.05,5,147.06,4,147.08,1,147.09,2,147.1,14,147.12,3,147.14,2,147.19,1,147.23,3,147.24,3
2020-10-29 09:32:47,147.125,147.05,1,147.02,2,147.23,6,147.23,147.02,147.02,2,147.01,5,147.0,100,146.87,10,,,,,,,,,,,,,147.23,6,147.24,3,147.25,2,147.26,2,147.27,1,147.28,6,147.29,1,147.33,4,147.38,1,147.39,1
2020-10-29 09:32:48,147.12,147.09,2,147.02,2,147.22,4,147.22,147.02,147.02,2,147.01,4,147.0,100,146.87,10,,,,,,,,,,,,,147.22,4,147.23,5,147.24,3,147.25,2,147.26,2,147.27,1,147.28,6,147.29,1,147.33,4,147.38,1
2020-10-29 09:32:49,147.13,147.03,25,147.04,3,147.22,5,147.22,147.04,147.04,3,147.03,3,147.02,2,147.01,4,147.0,100,146.87,10,,,,,,,,,147.22,5,147.23,5,147.24,3,147.25,2,147.26,2,147.27,1,147.28,6,147.29,1,147.33,4,147.38,1
2020-10-29 09:32:50,147.13,147.13,2,147.04,4,147.22,4,147.22,147.04,147.04,4,147.03,3,147.02,4,147.01,4,147.0,100,146.87,10,,,,,,,,,147.22,4,147.23,5,147.24,3,147.25,2,147.26,2,147.27,1,147.28,6,147.29,1,147.33,4,147.38,1
2020-10-29 09:32:51,147.155,147.12,5,147.08,2,147.23,6,147.23,147.08,147.08,2,147.07,2,147.05,3,147.03,4,147.02,4,147.01,4,147.0,100,146.87,10,,,,,147.23,6,147.24,3,147.25,2,147.26,2,147.27,1,147.28,6,147.29,1,147.33,4,147.38,1,147.39,1
2020-10-29 09:32:52,147.155,147.13,3,147.08,2,147.23,6,147.23,147.08,147.08,2,147.07,2,147.05,3,147.03,4,147.02,4,147.01,4,147.0,100,146.87,10,,,,,147.23,6,147.24,3,147.25,2,147.26,2,147.27,1,147.28,6,147.29,1,147.33,4,147.38,1,147.39,1
2020-10-29 09:32:53,147.13,147.13,2,147.06,2,147.2,3,147.2,147.06,147.06,2,147.05,5,147.03,4,147.02,4,147.01,4,147.0,100,146.87,10,,,,,,,147.2,3,147.23,6,147.24,3,147.25,2,147.26,2,147.27,1,147.28,6,147.29,1,147.33,4,147.38,1
2020-10-29 09:32:54,147.13,147.13,2,147.06,3,147.2,3,147.2,147.06,147.06,3,147.05,5,147.03,4,147.02,4,147.01,4,147.0,100,146.87,10,,,,,,,147.2,3,147.23,6,147.24,3,147.25,2,147.26,2,147.27,1,147.28,6,147.29,1,147.33,4,147.38,1
2020-10-29 09:32:55,147.15,147.13,4,147.1,3,147.2,4,147.2,147.1,147.1,3,147.06,3,147.05,5,147.03,4,147.02,4,147.01,4,147.0,100,146.87,10,,,,,147.2,4,147.23,6,147.24,3,147.25,2,147.26,2,147.27,1,147.28,6,147.29,1,147.33,4,147.38,1
2020-10-29 09:32:56,147.125,147.1,1,147.06,2,147.19,4,147.19,147.06,147.06,2,147.05,7,147.03,4,147.02,4,147.01,4,147.0,100,146.87,10,,,,,,,147.19,4,147.2,5,147.23,6,147.24,3,147.25,2,147.26,2,147.27,1,147.28,6,147.29,1,147.33,4
2020-10-29 09:32:57,147.29,147.32,1,147.21,3,147.37,4,147.37,147.21,147.21,3,147.2,6,147.19,3,147.15,1,147.14,4,147.1,1,147.06,3,147.05,7,147.03,4,147.02,4,147.37,4,147.38,1,147.39,1,147.4,2,147.41,2,147.43,3,147.44,2,147.45,2,147.46,3,147.47,4
2020-10-29 09:32:58,147.33,147.26,1,147.25,1,147.41,1,147.41,147.25,147.25,1,147.22,3,147.21,3,147.2,6,147.19,3,147.15,1,147.14,4,147.1,1,147.06,3,147.05,7,147.41,1,147.44,5,147.45,2,147.46,3,147.47,4,147.48,1,147.53,1,147.54,1,147.69,9,147.7,1
2020-10-29 09:32:59,147.355,147.26,1,147.27,3,147.44,4,147.44,147.27,147.27,3,147.26,5,147.25,3,147.22,3,147.21,3,147.2,6,147.19,3,147.15,1,147.14,4,147.1,1,147.44,4,147.45,2,147.46,3,147.47,4,147.48,1,147.53,1,147.54,1,147.69,9,147.7,1,147.72,2
2020-10-29 09:33:00,147.36,147.26,1,147.29,3,147.43,3,147.43,147.29,147.29,3,147.28,3,147.27,3,147.26,5,147.25,3,147.22,3,147.21,3,147.2,6,147.19,3,147.15,1,147.43,3,147.44,4,147.45,2,147.46,3,147.47,4,147.48,1,147.53,1,147.54,1,147.69,9,147.7,1
2020-10-29 09:33:01,147.34,147.31,1,147.27,4,147.41,4,147.41,147.27,147.27,4,147.26,5,147.25,3,147.22,3,147.21,3,147.2,6,147.19,3,147.15,1,147.14,4,147.1,1,147.41,4,147.42,1,147.43,2,147.44,4,147.45,2,147.46,3,147.47,4,147.48,1,147.53,1,147.54,1
2020-10-29 09:33:02,147.355,147.4,1,147.3,15,147.41,4,147.41,147.3,147.3,15,147.27,4,147.26,5,147.25,3,147.22,3,147.21,3,147.2,6,147.19,3,147.15,1,147.14,4,147.41,4,147.42,1,147.43,2,147.44,4,147.45,2,147.46,3,147.47,4,147.48,1,147.53,1,147.54,1
2020-10-29 09:33:03,147.36,147.31,1,147.3,15,147.42,3,147.42,147.3,147.3,15,147.27,4,147.26,5,147.25,3,147.22,3,147.21,3,147.2,6,147.19,3,147.15,1,147.14,4,147.42,3,147.43,2,147.44,4,147.45,2,147.46,3,147.47,4,147.48,1,147.53,1,147.54,1,147.69,9
2020-10-29 09:33:04,147.375,147.32,50,147.31,6,147.44,4,147.44,147.31,147.31,6,147.3,15,147.27,4,147.26,5,147.25,3,147.22,3,147.21,3,147.2,6,147.19,3,147.15,1,147.44,4,147.45,2,147.46,3,147.47,4,147.48,1,147.53,1,147.54,1,147.69,9,147.7,1,147.72,2
2020-10-29 09:33:05,147.375,147.38,1,147.31,6,147.44,4,147.44,147.31,147.31,6,147.3,15,147.27,4,147.26,5,147.25,3,147.22,3,147.21,3,147.2,6,147.19,3,147.15,1,147.44,4,147.45,2,147.46,3,147.47,4,147.48,1,147.53,1,147.54,1,147.69,9,147.7,1,147.72,2
2020-10-29 09:33:06,147.445,147.39,1,147.38,2,147.51,1,147.51,147.38,147.38,2,147.37,8,147.31,9,147.3,15,147.27,4,147.26,5,147.25,3,147.22,3,147.21,3,147.2,6,147.51,1,147.66,1,147.69,9,147.7,1,147.72,2,147.73,1,147.77,1,147.84,1,147.89,2,147.9,3
2020-10-29 09:33:07,147.48,147.44,1,147.38,6,147.58,1,147.58,147.38,147.38,6,147.37,8,147.31,9,147.3,15,147.27,4,147.26,5,147.25,3,147.22,3,147.21,3,147.2,6,147.58,1,147.66,1,147.69,9,147.7,1,147.72,2,147.73,1,147.77,1,147.84,1,147.89,2,147.9,3
2020-10-29 09:33:08,147.48,147.38,1,147.38,1,147.58,1,147.58,147.38,147.38,1,147.37,9,147.31,9,147.3,15,147.27,4,147.26,5,147.25,3,147.22,3,147.21,3,147.2,6,147.58,1,147.66,1,147.69,9,147.7,1,147.72,2,147.73,1,147.77,1,147.84,1,147.89,2,147.9,3
2020-10-29 09:33:09,147.485,147.39,1,147.39,1,147.58,1,147.58,147.39,147.39,1,147.38,1,147.37,9,147.31,9,147.3,15,147.27,4,147.26,5,147.25,3,147.22,3,147.21,3,147.58,1,147.66,1,147.69,9,147.7,1,147.72,2,147.73,1,147.77,1,147.84,1,147.89,2,147.9,3
2020-10-29 09:33:10,147.45,147.39,1,147.38,1,147.52,1,147.52,147.38,147.38,1,147.37,9,147.31,9,147.3,15,147.27,4,147.26,5,147.25,3,147.22,3,147.21,3,147.2,6,147.52,1,147.55,1,147.58,1,147.66,1,147.69,9,147.7,1,147.72,2,147.73,1,147.77,1,147.84,1
2020-10-29 09:33:11,147.465,147.39,1,147.38,1,147.55,1,147.55,147.38,147.38,1,147.37,9,147.31,9,147.3,15,147.27,4,147.26,5,147.25,3,147.22,3,147.21,3,147.2,6,147.55,1,147.58,1,147.66,1,147.69,9,147.7,1,147.72,2,147.73,1,147.77,1,147.84,1,147.89,2
2020-10-29 09:33:12,147.45,147.39,1,147.38,1,147.52,1,147.52,147.38,147.38,1,147.37,9,147.31,9,147.3,15,147.27,4,147.26,5,147.25,3,147.22,3,147.21,3,147.2,6,147.52,1,147.55,1,147.58,1,147.66,1,147.69,9,147.7,1,147.72,2,147.73,1,147.77,1,147.84,1
2020-10-29 09:33:13,147.43,147.37,1,147.37,1,147.49,2,147.49,147.37,147.37,1,147.34,1,147.31,9,147.3,15,147.27,4,147.26,5,147.25,3,147.22,3,147.21,3,147.2,6,147.49,2,147.52,1,147.55,1,147.58,1,147.66,1,147.69,9,147.7,1,147.72,2,147.73,1,147.77,1
2020-10-29 09:33:14,147.435,147.43,5,147.37,3,147.5,3,147.5,147.37,147.37,3,147.34,1,147.31,9,147.3,15,147.27,4,147.26,5,147.25,3,147.22,3,147.21,3,147.2,6,147.5,3,147.52,1,147.55,1,147.58,1,147.66,1,147.69,9,147.7,1,147.72,2,147.73,1,147.77,1
2020-10-29 09:33:15,147.44,147.44,1,147.38,5,147.5,3,147.5,147.38,147.38,5,147.37,3,147.34,1,147.31,9,147.3,15,147.27,4,147.26,5,147.25,3,147.22,3,147.21,3,147.5,3,147.52,1,147.55,1,147.58,1,147.66,1,147.69,9,147.7,1,147.72,2,147.73,1,147.77,1
2020-10-29 09:33:16,147.435,147.45,1,147.38,5,147.49,4,147.49,147.38,147.38,5,147.37,3,147.34,1,147.31,9,147.3,15,147.27,4,147.26,5,147.25,3,147.22,3,147.21,3,147.49,4,147.5,5,147.52,1,147.55,1,147.58,1,147.66,1,147.69,9,147.7,1,147.72,2,147.73,1
2020-10-29 09:33:17,147.435,147.45,1,147.38,5,147.49,4,147.49,147.38,147.38,5,147.37,3,147.34,1,147.31,9,147.3,15,147.27,4,147.26,5,147.25,3,147.22,3,147.21,3,147.49,4,147.5,5,147.52,1,147.55,1,147.58,1,147.66,1,147.69,9,147.7,1,147.72,2,147.73,1
2020-10-29 09:33:18,147.56,147.49,1,147.46,3,147.66,2,147.66,147.46,147.46,3,147.45,5,147.44,4,147.39,1,147.38,3,147.37,3,147.34,1,147.31,9,147.3,15,147.27,4,147.66,2,147.68,1,147.69,9,147.7,1,147.72,2,147.73,1,147.77,1,147.84,1,147.89,2,147.9,3
2020-10-29 09:33:19,147.585,147.58,5,147.48,3,147.69,12,147.69,147.48,147.48,3,147.47,3,147.46,3,147.45,5,147.44,4,147.39,1,147.38,3,147.37,3,147.34,1,147.31,9,147.69,12,147.7,1,147.72,2,147.73,1,147.77,1,147.84,1,147.89,2,147.9,3,147.93,2,147.95,3
2020-10-29 09:33:20,147.66,147.7,1,147.52,3,147.8,3,147.8,147.52,147.52,3,147.51,1,147.5,1,147.49,4,147.48,3,147.47,3,147.46,3,147.45,5,147.44,4,147.39,1,147.8,3,147.84,1,147.89,2,147.9,3,147.93,2,147.95,3,147.96,2,147.97,5,147.98,1,147.99,3
2020-10-29 09:33:21,147.65,147.67,1,147.52,3,147.78,2,147.78,147.52,147.52,3,147.51,1,147.5,1,147.49,4,147.48,3,147.47,3,147.46,3,147.45,5,147.44,4,147.39,1,147.78,2,147.8,3,147.84,1,147.89,2,147.9,3,147.93,2,147.95,3,147.96,2,147.97,5,147.98,1
2020-10-29 09:33:22,147.665,147.69,1,147.53,1,147.8,4,147.8,147.53,147.53,1,147.52,5,147.51,1,147.5,1,147.49,4,147.48,3,147.47,3,147.46,3,147.45,5,147.44,4,147.8,4,147.84,1,147.89,2,147.9,3,147.93,2,147.95,3,147.96,2,147.97,5,147.98,1,147.99,3
2020-10-29 09:33:23,147.66,147.77,1,147.52,5,147.8,4,147.8,147.52,147.52,5,147.51,1,147.5,1,147.49,4,147.48,3,147.47,3,147.46,3,147.45,5,147.44,4,147.39,1,147.8,4,147.84,1,147.89,2,147.9,3,147.93,2,147.95,3,147.96,2,147.97,5,147.98,1,147.99,3
2020-10-29 09:33:24,147.66,147.66,1,147.53,2,147.79,4,147.79,147.53,147.53,2,147.52,7,147.51,1,147.5,1,147.49,4,147.48,3,147.47,3,147.46,3,147.45,5,147.44,4,147.79,4,147.8,7,147.84,1,147.89,2,147.9,3,147.93,2,147.95,3,147.96,2,147.97,5,147.98,1
2020-10-29 09:33:25,147.695,147.66,1,147.6,6,147.79,4,147.79,147.6,147.6,6,147.53,2,147.52,7,147.51,1,147.5,1,147.49,4,147.48,3,147.47,3,147.46,3,147.45,5,147.79,4,147.8,7,147.84,1,147.89,2,147.9,3,147.93,2,147.95,3,147.96,2,147.97,5,147.98,1
2020-10-29 09:33:26,147.635,147.71,1,147.5,1,147.77,3,147.77,147.5,147.5,1,147.49,4,147.48,3,147.47,3,147.46,3,147.45,5,147.44,4,147.39,1,147.38,3,147.37,3,147.77,3,147.78,3,147.79,5,147.8,7,147.84,1,147.89,2,147.9,3,147.93,2,147.95,3,147.96,2
2020-10-29 09:33:27,147.61,147.51,5,147.51,4,147.71,2,147.71,147.51,147.51,4,147.5,3,147.49,4,147.48,3,147.47,3,147.46,3,147.45,5,147.44,4,147.39,1,147.38,3,147.71,2,147.78,4,147.79,5,147.8,7,147.84,1,147.89,2,147.9,3,147.93,2,147.95,3,147.96,2
2020-10-29 09:33:28,147.715,147.51,5,147.64,3,147.79,4,147.79,147.64,147.64,3,147.61,3,147.51,6,147.5,3,147.49,4,147.48,3,147.47,3,147.46,3,147.45,5,147.44,4,147.79,5,147.8,7,147.84,1,147.89,2,147.9,3,147.93,2,147.95,3,147.96,2,147.97,5,147.98,1
2020-10-29 09:33:29,147.71,147.78,1,147.64,3,147.78,3,147.78,147.64,147.64,3,147.61,3,147.51,6,147.5,3,147.49,4,147.48,3,147.47,3,147.46,3,147.45,5,147.44,4,147.78,3,147.79,4,147.8,7,147.84,1,147.89,2,147.9,3,147.93,2,147.95,3,147.96,2,147.97,5
2020-10-29 09:33:30,147.715,147.7,1,147.65,1,147.78,5,147.78,147.65,147.65,1,147.64,3,147.61,3,147.51,6,147.5,3,147.49,4,147.48,3,147.47,3,147.46,3,147.45,5,147.78,5,147.79,3,147.8,7,147.84,1,147.89,2,147.9,3,147.93,2,147.95,3,147.96,2,147.97,5
2020-10-29 09:33:31,147.72,147.65,2,147.65,4,147.79,3,147.79,147.65,147.65,4,147.64,3,147.61,3,147.51,6,147.5,3,147.49,4,147.48,3,147.47,3,147.46,3,147.45,5,147.79,3,147.8,7,147.84,1,147.89,2,147.9,3,147.93,2,147.95,3,147.96,2,147.97,5,147.98,1
2020-10-29 09:33:32,147.715,147.72,2,147.65,5,147.78,3,147.78,147.65,147.65,5,147.64,3,147.61,3,147.51,6,147.5,3,147.49,4,147.48,3,147.47,3,147.46,3,147.45,5,147.78,3,147.79,6,147.8,7,147.84,1,147.89,2,147.9,3,147.93,2,147.95,3,147.96,2,147.97,5
2020-10-29 09:33:33,147.695,147.72,2,147.65,7,147.74,1,147.74,147.65,147.65,7,147.64,3,147.61,3,147.51,6,147.5,3,147.49,4,147.48,3,147.47,3,147.46,3,147.45,5,147.74,1,147.75,1,147.76,2,147.77,1,147.78,1,147.79,6,147.8,7,147.84,1,147.89,2,147.9,3
2020-10-29 09:33:34,147.735,147.74,2,147.68,5,147.79,3,147.79,147.68,147.68,5,147.67,4,147.66,1,147.65,7,147.64,3,147.61,3,147.51,6,147.5,3,147.49,4,147.48,3,147.79,3,147.8,7,147.84,1,147.89,2,147.9,3,147.93,2,147.95,3,147.96,2,147.97,5,147.98,1
2020-10-29 09:33:35,147.595,147.59,1,147.5,5,147.69,5,147.69,147.5,147.5,5,147.49,4,147.48,3,147.47,3,147.46,3,147.45,5,147.44,4,147.39,1,147.38,3,147.37,3,147.69,5,147.73,3,147.74,1,147.77,1,147.79,3,147.8,7,147.84,1,147.89,2,147.9,3,147.93,2
2020-10-29 09:33:36,147.6,147.69,2,147.5,5,147.7,2,147.7,147.5,147.5,5,147.49,4,147.48,3,147.47,3,147.46,3,147.45,5,147.44,4,147.39,1,147.38,3,147.37,3,147.7,2,147.73,3,147.74,1,147.77,1,147.79,3,147.8,7,147.84,1,147.89,2,147.9,3,147.93,2
2020-10-29 09:33:37,147.6,147.65,1,147.5,8,147.7,2,147.7,147.5,147.5,8,147.49,4,147.48,3,147.47,3,147.46,3,147.45,5,147.44,4,147.39,1,147.38,3,147.37,3,147.7,2,147.73,3,147.74,1,147.77,1,147.79,3,147.8,7,147.84,1,147.89,2,147.9,3,147.93,2
2020-10-29 09:33:38,147.605,147.67,2,147.51,2,147.7,4,147.7,147.51,147.51,2,147.5,8,147.49,4,147.48,3,147.47,3,147.46,3,147.45,5,147.44,4,147.39,1,147.38,3,147.7,4,147.73,3,147.74,1,147.77,1,147.79,3,147.8,7,147.84,1,147.89,2,147.9,3,147.93,2
2020-10-29 09:33:39,147.585,147.55,3,147.52,2,147.65,3,147.65,147.52,147.52,2,147.51,3,147.5,7,147.49,4,147.48,3,147.47,3,147.46,3,147.45,5,147.44,4,147.39,1,147.65,3,147.67,1,147.7,4,147.73,3,147.74,1,147.77,1,147.79,3,147.8,7,147.84,1,147.89,2
2020-10-29 09:33:40,147.585,147.56,5,147.52,2,147.65,3,147.65,147.52,147.52,2,147.51,3,147.5,7,147.49,4,147.48,3,147.47,3,147.46,3,147.45,5,147.44,4,147.39,1,147.65,3,147.67,1,147.7,4,147.73,3,147.74,1,147.77,1,147.79,3,147.8,7,147.84,1,147.89,2
2020-10-29 09:33:41,147.585,147.65,1,147.52,3,147.65,3,147.65,147.52,147.52,3,147.51,4,147.5,7,147.49,4,147.48,3,147.47,3,147.46,3,147.45,5,147.44,4,147.39,1,147.65,3,147.7,3,147.73,3,147.74,1,147.77,1,147.79,3,147.8,7,147.84,1,147.89,2,147.9,3
2020-10-29 09:33:42,147.545,147.51,1,147.5,7,147.59,2,147.59,147.5,147.5,7,147.49,4,147.48,3,147.47,3,147.46,3,147.45,5,147.44,4,147.39,1,147.38,3,147.37,3,147.59,2,147.64,2,147.65,4,147.7,3,147.73,3,147.74,1,147.77,1,147.79,3,147.8,7,147.84,1
2020-10-29 09:33:43,147.54,147.51,1,147.5,7,147.58,4,147.58,147.5,147.5,7,147.49,4,147.48,3,147.47,3,147.46,3,147.45,5,147.44,4,147.39,1,147.38,3,147.37,3,147.58,4,147.65,4,147.7,3,147.73,3,147.74,1,147.77,1,147.79,3,147.8,7,147.84,1,147.89,2
2020-10-29 09:33:44,147.695,147.69,1,147.63,3,147.76,2,147.76,147.63,147.63,3,147.57,6,147.51,3,147.5,7,147.49,4,147.48,3,147.47,3,147.46,3,147.45,5,147.44,4,147.76,2,147.77,1,147.79,3,147.8,7,147.84,1,147.89,2,147.9,3,147.93,2,147.95,3,147.96,2
2020-10-29 09:33:45,147.755,147.76,1,147.71,3,147.8,7,147.8,147.71,147.71,3,147.64,1,147.63,5,147.57,6,147.51,3,147.5,7,147.49,4,147.48,3,147.47,3,147.46,3,147.8,7,147.84,1,147.89,2,147.9,3,147.93,2,147.95,3,147.96,2,147.97,5,147.98,1,147.99,3
2020-10-29 09:33:46,147.815,147.82,2,147.73,5,147.9,7,147.9,147.73,147.73,5,147.72,1,147.71,5,147.64,1,147.63,5,147.57,6,147.51,3,147.5,7,147.49,4,147.48,3,147.9,7,147.93,2,147.95,3,147.96,2,147.97,5,147.98,1,147.99,3,148.0,19,148.01,1,148.02,1
2020-10-29 09:33:47,147.815,147.82,2,147.74,2,147.89,2,147.89,147.74,147.74,2,147.73,5,147.72,1,147.71,5,147.64,1,147.63,5,147.57,6,147.51,3,147.5,7,147.49,4,147.89,2,147.9,7,147.93,2,147.95,3,147.96,2,147.97,5,147.98,1,147.99,3,148.0,19,148.01,1
2020-10-29 09:33:48,147.815,147.75,1,147.74,2,147.89,1,147.89,147.74,147.74,2,147.73,5,147.72,1,147.71,5,147.64,1,147.63,5,147.57,6,147.51,3,147.5,7,147.49,4,147.89,1,147.9,7,147.93,2,147.95,3,147.96,2,147.97,5,147.98,1,147.99,3,148.0,19,148.01,1
2020-10-29 09:33:49,147.805,147.74,1,147.73,6,147.88,4,147.88,147.73,147.73,6,147.72,1,147.71,5,147.64,1,147.63,5,147.57,6,147.51,3,147.5,7,147.49,4,147.48,3,147.88,4,147.89,2,147.9,7,147.93,2,147.95,3,147.96,2,147.97,5,147.98,1,147.99,3,148.0,19
2020-10-29 09:33:50,147.81,147.81,8,147.73,4,147.89,4,147.89,147.73,147.73,4,147.72,1,147.71,5,147.64,1,147.63,5,147.57,6,147.51,3,147.5,7,147.49,4,147.48,3,147.89,4,147.9,7,147.93,2,147.95,3,147.96,2,147.97,5,147.98,1,147.99,3,148.0,19,148.01,1
2020-10-29 09:33:51,147.81,147.81,8,147.73,5,147.89,3,147.89,147.73,147.73,5,147.72,1,147.71,5,147.64,1,147.63,5,147.57,6,147.51,3,147.5,7,147.49,4,147.48,3,147.89,3,147.9,7,147.93,2,147.95,3,147.96,2,147.97,5,147.98,1,147.99,3,148.0,19,148.01,1
2020-10-29 09:33:52,147.81,147.81,1,147.74,1,147.88,2,147.88,147.74,147.74,1,147.73,8,147.72,1,147.71,5,147.64,1,147.63,5,147.57,6,147.51,3,147.5,7,147.49,4,147.88,2,147.89,5,147.9,7,147.93,2,147.95,3,147.96,2,147.97,5,147.98,1,147.99,3,148.0,19
2020-10-29 09:33:53,147.71,147.71,1,147.6,2,147.82,2,147.82,147.6,147.6,2,147.59,2,147.5,10,147.49,4,147.48,3,147.47,3,147.46,3,147.45,5,147.44,4,147.39,1,147.82,2,147.89,5,147.9,7,147.93,2,147.95,3,147.96,2,147.97,5,147.98,1,147.99,3,148.0,19
2020-10-29 09:33:54,147.72,147.81,1,147.62,3,147.82,1,147.82,147.62,147.62,3,147.61,2,147.6,2,147.59,2,147.5,10,147.49,4,147.48,3,147.47,3,147.46,3,147.45,5,147.82,1,147.89,5,147.9,7,147.93,2,147.95,3,147.96,2,147.97,5,147.98,1,147.99,3,148.0,19
2020-10-29 09:33:55,147.7,147.81,1,147.62,4,147.78,3,147.78,147.62,147.62,4,147.61,2,147.6,2,147.59,2,147.5,10,147.49,4,147.48,3,147.47,3,147.46,3,147.45,5,147.78,3,147.82,1,147.89,5,147.9,7,147.93,2,147.95,3,147.96,2,147.97,5,147.98,1,147.99,3
2020-10-29 09:33:56,147.765,147.77,2,147.71,3,147.82,3,147.82,147.71,147.71,3,147.63,1,147.62,4,147.61,2,147.6,2,147.59,2,147.5,10,147.49,4,147.48,3,147.47,3,147.82,3,147.89,5,147.9,7,147.93,2,147.95,3,147.96,2,147.97,5,147.98,1,147.99,3,148.0,19
2020-10-29 09:33:57,147.84,147.77,2,147.78,2,147.9,7,147.9,147.78,147.78,2,147.72,4,147.71,5,147.63,1,147.62,4,147.61,2,147.6,2,147.59,2,147.5,10,147.49,4,147.9,7,147.93,2,147.95,3,147.96,2,147.97,5,147.98,1,147.99,3,148.0,19,148.01,1,148.02,1
2020-10-29 09:33:58,147.835,147.88,1,147.78,3,147.89,2,147.89,147.78,147.78,3,147.72,4,147.71,5,147.63,1,147.62,4,147.61,2,147.6,2,147.59,2,147.5,10,147.49,4,147.89,2,147.9,7,147.93,2,147.95,3,147.96,2,147.97,5,147.98,1,147.99,3,148.0,19,148.01,1
2020-10-29 09:33:59,147.84,147.8,1,147.79,2,147.89,4,147.89,147.79,147.79,2,147.78,4,147.72,4,147.71,5,147.63,1,147.62,4,147.61,2,147.6,2,147.59,2,147.5,10,147.89,4,147.9,7,147.93,2,147.95,3,147.96,2,147.97,5,147.98,1,147.99,3,148.0,19,148.01,1
2020-10-29 09:34:00,147.9,147.95,1,147.85,5,147.95,3,147.95,147.85,147.85,5,147.82,1,147.8,1,147.79,2,147.78,4,147.72,4,147.71,5,147.63,1,147.62,4,147.61,2,147.95,3,147.96,6,147.97,4,147.98,2,147.99,3,148.0,19,148.01,1,148.02,1,148.25,2,148.26,2
2020-10-29 09:34:01,147.89,147.84,1,147.84,1,147.94,3,147.94,147.84,147.84,1,147.8,2,147.79,2,147.78,4,147.72,4,147.71,5,147.63,1,147.62,4,147.61,2,147.6,2,147.94,3,147.95,3,147.99,7,148.0,19,148.01,1,148.02,1,148.25,2,148.26,2,148.72,2,148.88,2
2020-10-29 09:34:02,147.84,147.81,1,147.8,2,147.88,1,147.88,147.8,147.8,2,147.79,2,147.78,4,147.72,4,147.71,5,147.63,1,147.62,4,147.61,2,147.6,2,147.59,2,147.88,1,147.94,3,147.95,3,147.99,7,148.0,19,148.01,1,148.02,1,148.25,2,148.26,2,148.72,2
2020-10-29 09:34:03,147.84,147.82,1,147.8,2,147.88,7,147.88,147.8,147.8,2,147.79,2,147.78,4,147.72,4,147.71,5,147.63,1,147.62,4,147.61,2,147.6,2,147.59,2,147.88,7,147.94,2,147.99,7,148.0,19,148.01,1,148.02,1,148.25,2,148.26,2,148.72,2,148.88,2
2020-10-29 09:34:04,147.795,147.81,1,147.71,3,147.88,7,147.88,147.71,147.71,3,147.7,2,147.62,1,147.6,4,147.59,2,147.5,10,147.49,4,147.48,3,147.47,3,147.46,3,147.88,7,147.94,2,147.99,7,148.0,19,148.01,1,148.02,1,148.25,2,148.26,2,148.72,2,148.88,2
2020-10-29 09:34:05,147.905,147.84,1,147.84,2,147.97,4,147.97,147.84,147.84,2,147.81,1,147.72,1,147.71,3,147.7,2,147.62,1,147.6,4,147.59,2,147.5,10,147.49,4,147.97,4,147.99,7,148.0,19,148.01,1,148.02,1,148.25,2,148.26,2,148.72,2,148.88,2,148.94,2
2020-10-29 09:34:06,147.905,147.84,1,147.84,2,147.97,6,147.97,147.84,147.84,2,147.83,1,147.81,2,147.72,1,147.71,3,147.7,2,147.62,1,147.6,4,147.59,2,147.5,10,147.97,6,147.99,7,148.0,19,148.01,1,148.02,1,148.25,2,148.26,2,148.72,2,148.88,2,148.94,2
2020-10-29 09:34:07,148.105,148.18,2,148.04,2,148.17,1,148.17,148.04,148.04,2,147.94,3,147.93,4,147.92,2,147.91,1,147.89,2,147.81,2,147.72,1,147.71,3,147.7,2,148.17,1,148.2,7,148.25,2,148.26,2,148.72,2,148.88,2,148.94,2,,,,,,
2020-10-29 09:34:08,148.12,148.05,1,148.04,7,148.2,5,148.2,148.04,148.04,7,147.94,3,147.93,4,147.92,2,147.91,1,147.89,2,147.81,2,147.72,1,147.71,3,147.7,2,148.2,5,148.25,2,148.26,2,148.72,2,148.88,2,148.94,2,,,,,,,,
2020-10-29 09:34:09,148.125,148.13,1,148.05,3,148.2,5,148.2,148.05,148.05,3,148.04,7,147.94,3,147.93,4,147.92,2,147.91,1,147.89,2,147.81,2,147.72,1,147.71,3,148.2,5,148.25,2,148.26,2,148.72,2,148.88,2,148.94,2,,,,,,,,
2020-10-29 09:34:10,148.12,148.12,10,148.05,5,148.19,3,148.19,148.05,148.05,5,148.04,7,147.94,3,147.93,4,147.92,2,147.91,1,147.89,2,147.81,2,147.72,1,147.71,3,148.19,3,148.2,5,148.25,2,148.26,2,148.72,2,148.88,2,148.94,2,,,,,,
2020-10-29 09:34:11,148.1,148.07,1,148.0,3,148.2,5,148.2,148.0,148.0,3,147.99,1,147.91,1,147.9,1,147.89,2,147.81,2,147.72,1,147.71,3,147.7,2,147.62,1,148.2,5,148.25,2,148.26,2,148.72,2,148.88,2,148.94,2,,,,,,,,
2020-10-29 09:34:12,148.1,148.0,1,148.0,2,148.2,5,148.2,148.0,148.0,2,147.96,2,147.91,1,147.9,1,147.89,2,147.81,2,147.72,1,147.71,3,147.7,2,147.62,1,148.2,5,148.25,2,148.26,2,148.72,2,148.88,2,148.94,2,,,,,,,,
2020-10-29 09:34:13,148.105,148.02,1,148.01,3,148.2,5,148.2,148.01,148.01,3,148.0,3,147.96,2,147.91,1,147.9,1,147.89,2,147.81,2,147.72,1,147.71,3,147.7,2,148.2,5,148.25,2,148.26,2,148.72,2,148.88,2,148.94,2,,,,,,,,
2020-10-29 09:34:14,148.11,148.01,1,148.02,2,148.2,5,148.2,148.02,148.02,2,148.01,4,148.0,3,147.96,2,147.91,1,147.9,1,147.89,2,147.81,2,147.72,1,147.71,3,148.2,5,148.25,2,148.26,2,148.72,2,148.88,2,148.94,2,,,,,,,,
2020-10-29 09:34:15,148.065,148.16,1,147.96,4,148.17,2,148.17,147.96,147.96,4,147.91,1,147.9,1,147.89,2,147.81,2,147.72,1,147.71,3,147.7,2,147.62,1,147.6,4,148.17,2,148.18,1,148.19,1,148.2,5,148.25,2,148.26,2,148.72,2,148.88,2,148.94,2,,
2020-10-29 09:34:16,148.035,148.1,1,147.9,1,148.17,2,148.17,147.9,147.9,1,147.89,2,147.81,2,147.72,1,147.71,3,147.7,2,147.62,1,147.6,4,147.59,2,147.5,10,148.17,2,148.18,1,148.19,1,148.2,5,148.25,2,148.26,2,148.72,2,148.88,2,148.94,2,,
2020-10-29 09:34:17,148.01,147.94,1,147.91,3,148.11,1,148.11,147.91,147.91,3,147.9,1,147.89,2,147.81,2,147.72,1,147.71,3,147.7,2,147.62,1,147.6,4,147.59,2,148.11,1,148.12,2,148.17,2,148.18,1,148.19,1,148.2,5,148.25,2,148.26,2,148.72,2,148.88,2
2020-10-29 09:34:18,148.015,147.92,1,147.91,4,148.12,2,148.12,147.91,147.91,4,147.9,1,147.89,2,147.81,2,147.72,1,147.71,3,147.7,2,147.62,1,147.6,4,147.59,2,148.12,2,148.17,2,148.18,1,148.19,1,148.2,5,148.25,2,148.26,2,148.72,2,148.88,2,148.94,2
2020-10-29 09:34:19,148.015,147.92,1,147.91,3,148.12,2,148.12,147.91,147.91,3,147.9,1,147.89,2,147.81,2,147.72,1,147.71,3,147.7,2,147.62,1,147.6,4,147.59,2,148.12,2,148.17,2,148.18,1,148.19,1,148.2,5,148.25,2,148.26,2,148.72,2,148.88,2,148.94,2
2020-10-29 09:34:20,148.015,147.92,1,147.91,3,148.12,2,148.12,147.91,147.91,3,147.9,1,147.89,2,147.81,2,147.72,1,147.71,3,147.7,2,147.62,1,147.6,4,147.59,2,148.12,2,148.17,2,148.18,1,148.19,1,148.2,5,148.25,2,148.26,2,148.72,2,148.88,2,148.94,2
2020-10-29 09:34:21,147.88,147.92,1,147.81,2,147.95,4,147.95,147.81,147.81,2,147.72,1,147.71,3,147.7,2,147.62,1,147.6,4,147.59,2,147.5,10,147.49,4,147.48,3,147.95,4,147.96,1,148.01,2,148.11,3,148.12,2,148.17,2,148.18,1,148.19,1,148.2,5,148.25,2
2020-10-29 09:34:22,147.945,147.96,1,147.89,3,148.0,3,148.0,147.89,147.89,3,147.81,2,147.72,1,147.71,3,147.7,2,147.62,1,147.6,4,147.59,2,147.5,10,147.49,4,148.0,3,148.01,2,148.11,3,148.12,2,148.17,2,148.18,1,148.19,1,148.2,5,148.25,2,148.26,2
2020-10-29 09:34:23,147.88,147.9,1,147.82,1,147.94,4,147.94,147.82,147.82,1,147.81,2,147.72,1,147.71,3,147.7,2,147.62,1,147.6,4,147.59,2,147.5,10,147.49,4,147.94,4,147.95,2,148.01,3,148.11,3,148.12,2,148.17,2,148.18,1,148.19,1,148.2,5,148.25,2
2020-10-29 09:34:24,147.88,147.88,1,147.82,1,147.94,4,147.94,147.82,147.82,1,147.81,2,147.72,1,147.71,3,147.7,2,147.62,1,147.6,4,147.59,2,147.5,10,147.49,4,147.94,4,147.95,2,148.01,3,148.11,3,148.12,2,148.17,2,148.18,1,148.19,1,148.2,5,148.25,2
2020-10-29 09:34:25,147.88,147.93,1,147.82,1,147.94,3,147.94,147.82,147.82,1,147.81,2,147.72,1,147.71,3,147.7,2,147.62,1,147.6,4,147.59,2,147.5,10,147.49,4,147.94,3,147.95,2,148.01,3,148.11,3,148.12,2,148.17,2,148.18,1,148.19,1,148.2,5,148.25,2
2020-10-29 09:34:26,147.9,147.94,1,147.82,1,147.98,2,147.98,147.82,147.82,1,147.81,2,147.72,1,147.71,3,147.7,2,147.62,1,147.6,4,147.59,2,147.5,10,147.49,4,147.98,2,148.01,4,148.11,3,148.12,2,148.17,2,148.18,1,148.19,1,148.2,5,148.25,2,148.26,2
2020-10-29 09:34:27,147.915,147.91,2,147.82,2,148.01,2,148.01,147.82,147.82,2,147.81,2,147.72,1,147.71,3,147.7,2,147.62,1,147.6,4,147.59,2,147.5,10,147.49,4,148.01,2,148.02,2,148.06,1,148.11,3,148.12,2,148.17,2,148.18,1,148.19,1,148.2,5,148.25,2
2020-10-29 09:34:28,147.915,147.84,50,147.82,4,148.01,1,148.01,147.82,147.82,4,147.81,2,147.72,1,147.71,3,147.7,2,147.62,1,147.6,4,147.59,2,147.5,10,147.49,4,148.01,1,148.02,2,148.06,1,148.11,3,148.12,2,148.17,2,148.18,1,148.19,1,148.2,5,148.25,2
2020-10-29 09:34:29,147.995,147.94,5,147.88,4,148.11,8,148.11,147.88,147.88,4,147.82,4,147.81,2,147.72,1,147.71,3,147.7,2,147.62,1,147.6,4,147.59,2,147.5,10,148.11,8,148.12,2,148.17,2,148.18,1,148.19,1,148.2,5,148.25,2,148.26,2,148.72,2,148.88,2
2020-10-29 09:34:30,147.94,147.94,5,147.88,4,148.0,1,148.0,147.88,147.88,4,147.82,4,147.81,2,147.72,1,147.71,3,147.7,2,147.62,1,147.6,4,147.59,2,147.5,10,148.0,1,148.11,7,148.12,2,148.17,2,148.18,1,148.19,1,148.2,5,148.25,2,148.26,2,148.72,2
2020-10-29 09:34:31,147.94,147.89,1,147.88,4,148.0,1,148.0,147.88,147.88,4,147.82,4,147.81,2,147.72,1,147.71,3,147.7,2,147.62,1,147.6,4,147.59,2,147.5,10,148.0,1,148.11,7,148.12,2,148.17,2,148.18,1,148.19,1,148.2,5,148.25,2,148.26,2,148.72,2
2020-10-29 09:34:32,147.94,147.9,1,147.88,7,148.0,1,148.0,147.88,147.88,7,147.82,4,147.81,2,147.72,1,147.71,3,147.7,2,147.62,1,147.6,4,147.59,2,147.5,10,148.0,1,148.11,7,148.12,2,148.17,2,148.18,1,148.19,1,148.2,5,148.25,2,148.26,2,148.72,2
2020-10-29 09:34:33,147.9,147.88,1,147.82,4,147.98,5,147.98,147.82,147.82,4,147.81,2,147.72,1,147.71,3,147.7,2,147.62,1,147.6,4,147.59,2,147.5,10,147.49,4,147.98,5,147.99,2,148.0,1,148.11,7,148.12,2,148.17,2,148.18,1,148.19,1,148.2,5,148.25,2
2020-10-29 09:34:34,147.86,147.83,10,147.77,1,147.95,1,147.95,147.77,147.77,1,147.76,1,147.75,4,147.72,1,147.71,3,147.7,2,147.62,1,147.6,4,147.59,2,147.5,10,147.95,1,147.98,5,147.99,2,148.0,1,148.11,7,148.12,2,148.17,2,148.18,1,148.19,1,148.2,5
2020-10-29 09:34:35,147.86,147.8,1,147.77,1,147.95,1,147.95,147.77,147.77,1,147.76,1,147.75,4,147.72,1,147.71,3,147.7,2,147.62,1,147.6,4,147.59,2,147.5,10,147.95,1,147.98,5,147.99,2,148.0,1,148.11,7,148.12,2,148.17,2,148.18,1,148.19,1,148.2,5
2020-10-29 09:34:36,147.89,147.94,2,147.78,3,148.0,3,148.0,147.78,147.78,3,147.77,3,147.76,1,147.75,4,147.72,1,147.71,3,147.7,2,147.62,1,147.6,4,147.59,2,148.0,3,148.11,7,148.12,2,148.17,2,148.18,1,148.19,1,148.2,5,148.25,2,148.26,2,148.72,2
2020-10-29 09:34:37,147.92,147.89,1,147.84,2,148.0,3,148.0,147.84,147.84,2,147.8,3,147.78,3,147.77,3,147.76,1,147.75,4,147.72,1,147.71,3,147.7,2,147.62,1,148.0,3,148.11,7,148.12,2,148.17,2,148.18,1,148.19,1,148.2,5,148.25,2,148.26,2,148.72,2
2020-10-29 09:34:38,147.915,147.98,1,147.84,8,147.99,1,147.99,147.84,147.84,8,147.8,3,147.78,3,147.77,3,147.76,1,147.75,4,147.72,1,147.71,3,147.7,2,147.62,1,147.99,1,148.0,3,148.11,7,148.12,2,148.17,2,148.18,1,148.19,1,148.2,5,148.25,2,148.26,2
2020-10-29 09:34:39,147.915,147.92,5,147.84,8,147.99,2,147.99,147.84,147.84,8,147.8,3,147.78,3,147.77,3,147.76,1,147.75,4,147.72,1,147.71,3,147.7,2,147.62,1,147.99,2,148.0,3,148.11,7,148.12,2,148.17,2,148.18,1,148.19,1,148.2,5,148.25,2,148.26,2
2020-10-29 09:34:40,147.915,147.94,5,147.84,9,147.99,2,147.99,147.84,147.84,9,147.8,3,147.78,3,147.77,3,147.76,1,147.75,4,147.72,1,147.71,3,147.7,2,147.62,1,147.99,2,148.0,3,148.11,7,148.12,2,148.17,2,148.18,1,148.19,1,148.2,5,148.25,2,148.26,2
2020-10-29 09:34:41,147.915,147.94,5,147.84,9,147.99,3,147.99,147.84,147.84,9,147.8,3,147.78,3,147.77,3,147.76,1,147.75,4,147.72,1,147.71,3,147.7,2,147.62,1,147.99,3,148.0,3,148.11,7,148.12,2,148.17,2,148.18,1,148.19,1,148.2,5,148.25,2,148.26,2
2020-10-29 09:34:42,147.91,147.96,1,147.84,8,147.98,2,147.98,147.84,147.84,8,147.8,3,147.78,3,147.77,3,147.76,1,147.75,4,147.72,1,147.71,3,147.7,2,147.62,1,147.98,2,147.99,3,148.0,3,148.11,7,148.12,2,148.17,2,148.18,1,148.19,1,148.2,5,148.25,2
2020-10-29 09:34:43,147.91,147.91,6,147.84,8,147.98,2,147.98,147.84,147.84,8,147.8,3,147.78,3,147.77,3,147.76,1,147.75,4,147.72,1,147.71,3,147.7,2,147.62,1,147.98,2,147.99,3,148.0,3,148.11,7,148.12,2,148.17,2,148.18,1,148.19,1,148.2,5,148.25,2
2020-10-29 09:34:44,147.85,147.8,1,147.75,4,147.95,3,147.95,147.75,147.75,4,147.72,1,147.71,3,147.7,2,147.62,1,147.6,4,147.59,2,147.5,10,147.49,4,147.48,3,147.95,3,147.96,2,147.98,2,147.99,3,148.0,3,148.11,7,148.12,2,148.17,2,148.18,1,148.19,1
2020-10-29 09:34:45,147.855,147.94,1,147.76,1,147.95,3,147.95,147.76,147.76,1,147.75,4,147.72,1,147.71,3,147.7,2,147.62,1,147.6,4,147.59,2,147.5,10,147.49,4,147.95,3,147.96,2,147.98,2,147.99,3,148.0,3,148.11,7,148.12,2,148.17,2,148.18,1,148.19,1
2020-10-29 09:34:46,147.855,147.85,2,147.76,3,147.95,2,147.95,147.76,147.76,3,147.75,4,147.72,1,147.71,3,147.7,2,147.62,1,147.6,4,147.59,2,147.5,10,147.49,4,147.95,2,147.96,2,147.98,2,147.99,3,148.0,3,148.11,7,148.12,2,148.17,2,148.18,1,148.19,1
2020-10-29 09:34:47,147.86,147.81,1,147.8,1,147.93,1,147.93,147.8,147.8,1,147.76,3,147.75,4,147.72,1,147.71,3,147.7,2,147.62,1,147.6,4,147.59,2,147.5,10,147.92,1,147.93,1,147.95,2,147.96,2,147.98,2,147.99,3,148.0,3,148.11,7,148.12,2,148.17,2
2020-10-29 09:34:48,147.885,147.94,1,147.82,1,147.95,4,147.95,147.82,147.82,1,147.81,3,147.8,3,147.76,3,147.75,4,147.72,1,147.71,3,147.7,2,147.62,1,147.6,4,147.95,4,147.96,2,147.98,2,147.99,3,148.0,3,148.11,7,148.12,2,148.17,2,148.18,1,148.19,1
2020-10-29 09:34:49,147.875,147.88,1,147.82,1,147.93,2,147.93,147.82,147.82,1,147.81,3,147.8,3,147.76,3,147.75,4,147.72,1,147.71,3,147.7,2,147.62,1,147.6,4,147.93,2,147.95,4,147.96,2,147.98,2,147.99,3,148.0,3,148.11,7,148.12,2,148.17,2,148.18,1
2020-10-29 09:34:50,147.83,147.81,1,147.79,1,147.87,1,147.87,147.79,147.79,1,147.76,3,147.75,4,147.72,1,147.71,3,147.7,2,147.62,1,147.6,4,147.59,2,147.5,10,147.87,1,147.93,2,147.95,4,147.96,2,147.98,2,147.99,3,148.0,3,148.11,7,148.12,2,148.17,2
2020-10-29 09:34:51,147.735,147.77,1,147.63,1,147.84,1,147.84,147.63,147.63,1,147.61,1,147.6,5,147.59,2,147.5,10,147.49,4,147.48,3,147.47,3,147.46,3,147.45,5,147.84,1,147.85,1,147.87,1,147.93,2,147.95,4,147.96,2,147.98,2,147.99,3,148.0,3,148.11,7
2020-10-29 09:34:52,147.745,147.72,1,147.65,1,147.84,1,147.84,147.65,147.65,1,147.63,2,147.61,1,147.6,5,147.59,2,147.5,10,147.49,4,147.48,3,147.47,3,147.46,3,147.84,1,147.85,1,147.87,1,147.93,2,147.95,4,147.96,2,147.98,2,147.99,3,148.0,3,148.11,7
2020-10-29 09:34:53,147.725,147.74,2,147.63,2,147.82,1,147.82,147.63,147.63,2,147.61,1,147.6,5,147.59,2,147.5,10,147.49,4,147.48,3,147.47,3,147.46,3,147.45,5,147.82,1,147.83,2,147.84,2,147.85,1,147.87,1,147.93,2,147.95,4,147.96,2,147.98,2,147.99,3
2020-10-29 09:34:54,147.75,147.75,1,147.69,1,147.81,2,147.81,147.69,147.69,1,147.6,5,147.59,2,147.5,10,147.49,4,147.48,3,147.47,3,147.46,3,147.45,5,147.44,4,147.81,2,147.82,1,147.83,2,147.84,2,147.85,1,147.87,1,147.93,2,147.95,4,147.96,2,147.98,2
2020-10-29 09:34:55,147.75,147.81,1,147.69,1,147.81,2,147.81,147.69,147.69,1,147.6,5,147.59,2,147.5,10,147.49,4,147.48,3,147.47,3,147.46,3,147.45,5,147.44,4,147.81,2,147.82,1,147.83,2,147.84,2,147.85,1,147.87,1,147.93,2,147.95,4,147.96,2,147.98,2
2020-10-29 09:34:56,147.745,147.74,1,147.69,1,147.8,1,147.8,147.69,147.69,1,147.6,5,147.59,2,147.5,10,147.49,4,147.48,3,147.47,3,147.46,3,147.45,5,147.44,4,147.8,1,147.81,2,147.82,1,147.83,2,147.84,2,147.85,1,147.87,1,147.93,2,147.95,4,147.96,2
2020-10-29 09:34:57,147.705,147.75,1,147.62,1,147.79,2,147.79,147.62,147.62,1,147.6,5,147.59,2,147.5,10,147.49,4,147.48,3,147.47,3,147.46,3,147.45,5,147.44,4,147.79,2,147.8,3,147.81,2,147.82,1,147.83,2,147.84,2,147.85,1,147.87,1,147.93,2,147.95,4
2020-10-29 09:34:58,147.695,147.69,10,147.6,6,147.79,4,147.79,147.6,147.6,6,147.59,2,147.5,10,147.49,4,147.48,3,147.47,3,147.46,3,147.45,5,147.44,4,147.39,1,147.79,4,147.8,3,147.81,2,147.82,1,147.83,2,147.84,2,147.85,1,147.87,1,147.93,2,147.95,4
2020-10-29 09:34:59,147.69,147.69,1,147.62,1,147.76,1,147.76,147.62,147.62,1,147.6,5,147.59,2,147.5,10,147.49,4,147.48,3,147.47,3,147.46,3,147.45,5,147.44,4,147.76,1,147.77,1,147.78,2,147.79,3,147.8,3,147.81,2,147.82,1,147.83,2,147.84,2,147.85,1
2020-10-29 09:35:00,147.675,147.71,1,147.56,1,147.79,3,147.79,147.56,147.56,1,147.5,10,147.49,4,147.48,3,147.47,3,147.46,3,147.45,5,147.44,4,147.39,1,147.38,3,147.79,3,147.8,3,147.81,2,147.82,1,147.83,2,147.84,2,147.85,1,147.87,1,147.93,2,147.95,4
2020-10-29 09:35:01,147.65,147.72,2,147.55,1,147.75,4,147.75,147.55,147.55,1,147.54,2,147.52,2,147.5,10,147.49,4,147.48,3,147.47,3,147.46,3,147.45,5,147.44,4,147.75,4,147.79,3,147.8,3,147.81,2,147.82,1,147.83,2,147.84,2,147.85,1,147.87,1,147.93,2
2020-10-29 09:35:02,147.61,147.59,9,147.55,2,147.67,2,147.67,147.55,147.55,2,147.52,2,147.5,10,147.49,4,147.48,3,147.47,3,147.46,3,147.45,5,147.44,4,147.39,1,147.67,2,147.73,3,147.74,3,147.75,4,147.79,3,147.8,3,147.81,2,147.82,1,147.83,2,147.84,2
2020-10-29 09:35:03,147.62,147.64,3,147.57,1,147.67,2,147.67,147.57,147.57,1,147.55,3,147.52,2,147.5,10,147.49,4,147.48,3,147.47,3,147.46,3,147.45,5,147.44,4,147.67,2,147.73,3,147.74,3,147.75,4,147.79,3,147.8,3,147.81,2,147.82,1,147.83,2,147.84,2
2020-10-29 09:35:04,147.62,147.57,1,147.57,2,147.67,2,147.67,147.57,147.57,2,147.55,3,147.52,2,147.5,10,147.49,4,147.48,3,147.47,3,147.46,3,147.45,5,147.44,4,147.67,2,147.73,3,147.74,3,147.75,4,147.79,3,147.8,3,147.81,2,147.82,1,147.83,2,147.84,2
2020-10-29 09:35:05,147.61,147.57,2,147.57,2,147.65,1,147.65,147.57,147.57,2,147.55,3,147.52,2,147.5,10,147.49,4,147.48,3,147.47,3,147.46,3,147.45,5,147.44,4,147.65,1,147.66,1,147.67,3,147.73,3,147.74,3,147.75,4,147.79,3,147.8,3,147.81,2,147.82,1
2020-10-29 09:35:06,147.58,147.53,2,147.52,3,147.64,4,147.64,147.52,147.52,3,147.5,10,147.49,4,147.48,3,147.47,3,147.46,3,147.45,5,147.44,4,147.39,1,147.38,3,147.64,4,147.67,2,147.73,3,147.74,3,147.75,4,147.79,3,147.8,3,147.81,2,147.82,1,147.83,2
2020-10-29 09:35:07,147.565,147.5,1,147.51,2,147.62,1,147.62,147.51,147.51,2,147.5,15,147.49,4,147.48,3,147.47,3,147.46,3,147.45,5,147.44,4,147.39,1,147.38,3,147.62,1,147.63,4,147.67,2,147.73,3,147.74,3,147.75,4,147.79,3,147.8,3,147.81,2,147.82,1
2020-10-29 09:35:08,147.555,147.53,2,147.5,5,147.61,3,147.61,147.5,147.5,5,147.49,3,147.48,3,147.47,3,147.46,3,147.45,5,147.44,4,147.39,1,147.38,3,147.37,3,147.61,3,147.62,1,147.63,4,147.67,2,147.73,3,147.74,3,147.75,4,147.79,3,147.8,3,147.81,2
2020-10-29 09:35:09,147.48,147.44,1,147.44,1,147.52,1,147.52,147.44,147.44,1,147.39,2,147.38,3,147.37,3,147.34,1,147.31,9,147.3,15,147.27,4,147.26,5,147.25,3,147.52,1,147.53,1,147.6,1,147.61,2,147.62,1,147.63,4,147.67,2,147.73,3,147.74,3,147.75,4
2020-10-29 09:35:10,147.535,147.52,1,147.45,5,147.62,3,147.62,147.45,147.45,5,147.44,1,147.39,2,147.38,3,147.37,3,147.34,1,147.31,9,147.3,15,147.27,4,147.26,5,147.62,3,147.63,2,147.67,2,147.73,3,147.74,3,147.75,4,147.79,3,147.8,3,147.81,2,147.82,1
2020-10-29 09:35:11,147.525,147.53,2,147.44,3,147.61,3,147.61,147.44,147.44,3,147.39,2,147.38,3,147.37,3,147.34,1,147.31,9,147.3,15,147.27,4,147.26,5,147.25,3,147.61,3,147.62,4,147.63,2,147.67,2,147.73,3,147.74,3,147.75,4,147.79,3,147.8,3,147.81,2
2020-10-29 09:35:12,147.51,147.53,2,147.44,4,147.58,1,147.58,147.44,147.44,4,147.39,2,147.38,3,147.37,3,147.34,1,147.31,9,147.3,15,147.27,4,147.26,5,147.25,3,147.58,1,147.59,2,147.6,3,147.61,5,147.62,4,147.63,2,147.67,2,147.73,3,147.74,3,147.75,4
2020-10-29 09:35:13,147.54,147.53,2,147.5,3,147.58,2,147.58,147.5,147.5,3,147.44,4,147.39,2,147.38,3,147.37,3,147.34,1,147.31,9,147.3,15,147.27,4,147.26,5,147.58,2,147.59,2,147.6,3,147.61,5,147.62,4,147.63,2,147.67,2,147.73,3,147.74,3,147.75,4
2020-10-29 09:35:14,147.47,147.44,1,147.41,1,147.53,2,147.53,147.41,147.41,1,147.39,2,147.38,3,147.37,3,147.34,1,147.31,9,147.3,15,147.27,4,147.26,5,147.25,3,147.53,2,147.54,1,147.55,2,147.56,3,147.57,2,147.58,3,147.59,2,147.6,3,147.61,5,147.62,4
2020-10-29 09:35:15,147.47,147.53,1,147.41,1,147.53,3,147.53,147.41,147.41,1,147.39,2,147.38,3,147.37,3,147.34,1,147.31,9,147.3,15,147.27,4,147.26,5,147.25,3,147.53,3,147.54,1,147.55,2,147.56,3,147.57,2,147.58,3,147.59,2,147.6,3,147.61,5,147.62,4
2020-10-29 09:35:16,147.415,147.53,1,147.37,3,147.46,1,147.46,147.37,147.37,3,147.34,1,147.31,9,147.3,15,147.27,4,147.26,5,147.25,3,147.22,3,147.21,3,147.2,6,147.46,1,147.47,2,147.52,1,147.53,3,147.54,1,147.55,2,147.56,3,147.57,2,147.58,3,147.59,2
2020-10-29 09:35:17,147.42,147.42,1,147.37,3,147.47,2,147.47,147.37,147.37,3,147.34,1,147.31,9,147.3,15,147.27,4,147.26,5,147.25,3,147.22,3,147.21,3,147.2,6,147.47,2,147.52,1,147.53,3,147.54,1,147.55,2,147.56,3,147.57,2,147.58,3,147.59,2,147.6,3
2020-10-29 09:35:18,147.395,147.43,1,147.33,2,147.46,1,147.46,147.33,147.33,2,147.32,3,147.31,9,147.3,15,147.27,4,147.26,5,147.25,3,147.22,3,147.21,3,147.2,6,147.46,1,147.47,3,147.52,1,147.53,3,147.54,1,147.55,2,147.56,3,147.57,2,147.58,3,147.59,2
2020-10-29 09:35:19,147.425,147.37,1,147.38,1,147.47,3,147.47,147.38,147.38,1,147.33,2,147.32,3,147.31,9,147.3,15,147.27,4,147.26,5,147.25,3,147.22,3,147.21,3,147.47,3,147.52,1,147.53,3,147.54,1,147.55,2,147.56,3,147.57,2,147.58,3,147.59,2,147.6,3
2020-10-29 09:35:20,147.425,147.47,1,147.38,5,147.47,3,147.47,147.38,147.38,5,147.33,2,147.32,3,147.31,9,147.3,15,147.27,4,147.26,5,147.25,3,147.22,3,147.21,3,147.47,3,147.52,1,147.53,3,147.54,1,147.55,2,147.56,3,147.57,2,147.58,3,147.59,2,147.6,3
2020-10-29 09:35:21,147.44,147.46,1,147.38,5,147.5,1,147.5,147.38,147.38,5,147.33,2,147.32,3,147.31,9,147.3,15,147.27,4,147.26,5,147.25,3,147.22,3,147.21,3,147.5,1,147.51,1,147.52,1,147.58,2,147.59,1,147.6,1,147.71,1,147.73,3,147.74,3,147.75,4
2020-10-29 09:35:22,147.44,147.46,1,147.38,5,147.5,1,147.5,147.38,147.38,5,147.33,2,147.32,3,147.31,9,147.3,15,147.27,4,147.26,5,147.25,3,147.22,3,147.21,3,147.5,1,147.51,1,147.52,1,147.58,2,147.59,1,147.6,1,147.71,1,147.73,3,147.74,3,147.75,4
2020-10-29 09:35:23,147.4,147.38,1,147.32,1,147.48,1,147.48,147.32,147.32,1,147.31,9,147.3,15,147.27,4,147.26,5,147.25,3,147.22,3,147.21,3,147.2,6,147.19,3,147.48,1,147.5,2,147.51,1,147.52,1,147.58,2,147.59,1,147.6,1,147.71,1,147.73,3,147.74,3
2020-10-29 09:35:24,147.345,147.32,1,147.28,1,147.41,1,147.41,147.28,147.28,1,147.25,6,147.22,3,147.21,3,147.2,6,147.19,3,147.15,1,147.14,4,147.1,1,147.06,3,147.41,1,147.42,1,147.48,2,147.5,2,147.51,1,147.52,1,147.58,2,147.59,1,147.6,1,147.71,1
2020-10-29 09:35:25,147.295,147.25,1,147.23,6,147.36,1,147.36,147.23,147.23,6,147.22,3,147.21,3,147.2,6,147.19,3,147.15,1,147.14,4,147.1,1,147.06,3,147.05,7,147.36,1,147.37,2,147.4,1,147.41,2,147.42,1,147.48,2,147.5,2,147.51,1,147.52,1,147.58,2
2020-10-29 09:35:26,147.22,147.16,1,147.16,5,147.28,3,147.28,147.16,147.16,5,147.15,1,147.14,4,147.1,1,147.06,3,147.05,7,147.03,4,147.02,4,147.01,4,147.0,100,147.28,3,147.29,1,147.3,3,147.35,3,147.37,2,147.4,1,147.41,2,147.42,1,147.48,2,147.5,2
2020-10-29 09:35:27,147.215,147.21,1,147.16,1,147.27,2,147.27,147.16,147.16,1,147.15,3,147.14,4,147.1,1,147.06,3,147.05,7,147.03,4,147.02,4,147.01,4,147.0,100,147.27,2,147.3,3,147.35,3,147.37,2,147.4,1,147.41,2,147.42,1,147.48,2,147.5,2,147.51,1
2020-10-29 09:35:28,147.195,147.15,2,147.15,3,147.24,2,147.24,147.15,147.15,3,147.14,4,147.1,1,147.06,3,147.05,7,147.03,4,147.02,4,147.01,4,147.0,100,146.87,10,147.24,2,147.28,1,147.29,1,147.3,3,147.35,3,147.37,2,147.4,1,147.41,2,147.42,1,147.48,2
2020-10-29 09:35:29,147.175,147.17,3,147.11,2,147.24,1,147.24,147.11,147.11,2,147.1,12,147.06,3,147.05,7,147.03,4,147.02,4,147.01,4,147.0,100,146.87,10,,,147.24,1,147.28,2,147.29,1,147.3,3,147.35,3,147.37,2,147.4,1,147.41,2,147.42,1,147.48,2
2020-10-29 09:35:30,147.165,147.19,1,147.09,2,147.24,2,147.24,147.09,147.09,2,147.08,3,147.06,3,147.05,7,147.03,4,147.02,4,147.01,4,147.0,100,146.87,10,,,147.24,2,147.28,2,147.29,1,147.3,3,147.35,3,147.37,2,147.4,1,147.41,2,147.42,1,147.48,2
2020-10-29 09:35:31,147.17,147.18,1,147.1,1,147.24,3,147.24,147.11,147.1,1,147.09,2,147.08,3,147.06,3,147.05,7,147.03,4,147.02,4,147.01,4,147.0,100,146.87,10,147.24,3,147.28,2,147.29,1,147.3,3,147.35,3,147.37,2,147.4,1,147.41,2,147.42,1,147.48,2
2020-10-29 09:35:32,147.205,147.14,4,147.11,2,147.3,4,147.3,147.11,147.11,2,147.1,1,147.09,2,147.08,3,147.06,3,147.05,7,147.03,4,147.02,4,147.01,4,147.0,100,147.3,4,147.35,3,147.37,2,147.4,1,147.41,2,147.42,1,147.48,2,147.5,2,147.51,1,147.52,1
2020-10-29 09:35:33,147.205,147.3,1,147.12,2,147.29,1,147.29,147.12,147.12,2,147.11,1,147.1,1,147.09,2,147.08,3,147.06,3,147.05,7,147.03,4,147.02,4,147.01,4,147.29,1,147.3,2,147.4,21,147.41,2,147.42,1,147.48,2,147.5,2,147.51,1,147.52,1,147.58,2
2020-10-29 09:35:34,147.18,147.2,1,147.11,1,147.25,1,147.25,147.11,147.11,1,147.1,1,147.09,2,147.08,3,147.06,3,147.05,7,147.03,4,147.02,4,147.01,4,147.0,100,147.25,1,147.26,2,147.27,1,147.29,1,147.3,2,147.4,21,147.41,2,147.42,1,147.48,2,147.5,2
2020-10-29 09:35:35,147.185,147.2,1,147.13,1,147.24,1,147.24,147.13,147.13,1,147.11,1,147.1,1,147.09,2,147.08,3,147.06,3,147.05,7,147.03,4,147.02,4,147.01,4,147.24,1,147.25,2,147.26,2,147.27,1,147.29,1,147.3,2,147.4,21,147.41,2,147.42,1,147.48,2
2020-10-29 09:35:36,147.17,147.14,1,147.1,3,147.24,2,147.24,147.1,147.1,3,147.09,2,147.08,3,147.06,3,147.05,7,147.03,4,147.02,4,147.01,4,147.0,100,146.87,10,147.24,2,147.25,2,147.26,2,147.27,1,147.29,1,147.3,2,147.4,21,147.41,2,147.42,1,147.48,2
2020-10-29 09:35:37,147.185,147.24,2,147.13,1,147.24,2,147.24,147.13,147.13,1,147.11,1,147.09,5,147.08,3,147.06,3,147.05,7,147.03,4,147.02,4,147.01,4,147.0,100,147.24,2,147.25,2,147.26,2,147.27,1,147.29,1,147.3,2,147.4,21,147.41,2,147.42,1,147.48,2
2020-10-29 09:35:38,147.29,147.22,1,147.18,4,147.4,21,147.4,147.18,147.18,4,147.12,1,147.11,1,147.09,5,147.08,3,147.06,3,147.05,7,147.03,4,147.02,4,147.01,4,147.4,21,147.41,2,147.42,1,147.48,2,147.5,2,147.51,1,147.52,1,147.58,2,147.59,1,147.6,1
2020-10-29 09:35:39,147.28,147.35,1,147.21,4,147.35,2,147.35,147.21,147.21,4,147.2,2,147.19,5,147.18,7,147.12,1,147.11,1,147.09,5,147.08,3,147.06,3,147.05,7,147.35,2,147.4,21,147.41,2,147.42,1,147.48,2,147.5,2,147.51,1,147.52,1,147.58,2,147.59,1
2020-10-29 09:35:40,147.285,147.31,1,147.22,3,147.35,3,147.35,147.22,147.22,3,147.21,4,147.19,4,147.18,7,147.12,1,147.11,1,147.09,5,147.08,3,147.06,3,147.05,7,147.35,3,147.4,21,147.41,2,147.42,1,147.48,2,147.5,2,147.51,1,147.52,1,147.58,2,147.59,1
2020-10-29 09:35:41,147.285,147.25,1,147.23,3,147.34,1,147.34,147.23,147.23,3,147.22,4,147.21,4,147.19,4,147.18,7,147.12,1,147.11,1,147.09,5,147.08,3,147.06,3,147.34,1,147.35,3,147.4,21,147.41,2,147.42,1,147.48,2,147.5,2,147.51,1,147.52,1,147.58,2
2020-10-29 09:35:42,147.14,147.11,2,147.1,2,147.18,1,147.18,147.1,147.1,2,147.09,5,147.08,3,147.06,3,147.05,7,147.03,4,147.02,4,147.01,4,147.0,100,146.87,10,147.18,1,147.21,1,147.24,1,147.25,4,147.26,2,147.29,3,147.34,4,147.35,3,147.4,21,147.41,2
2020-10-29 09:35:43,147.165,147.08,1,147.08,2,147.25,2,147.25,147.08,147.08,2,147.07,3,147.06,3,147.05,7,147.03,4,147.02,4,147.01,4,147.0,100,146.87,10,,,147.25,2,147.26,2,147.29,3,147.34,4,147.35,3,147.4,21,147.41,2,147.42,1,147.48,2,147.5,2
2020-10-29 09:35:44,147.155,147.09,1,147.08,4,147.23,2,147.23,147.08,147.08,4,147.07,3,147.06,3,147.05,7,147.03,4,147.02,4,147.01,4,147.0,100,146.87,10,,,147.23,2,147.24,2,147.25,3,147.26,2,147.29,3,147.34,4,147.35,3,147.4,21,147.41,2,147.42,1
2020-10-29 09:35:45,147.155,147.16,2,147.09,1,147.22,1,147.22,147.09,147.09,1,147.08,8,147.07,3,147.06,3,147.05,7,147.03,4,147.02,4,147.01,4,147.0,100,146.87,10,147.22,1,147.23,2,147.24,2,147.25,3,147.26,2,147.29,3,147.34,4,147.35,3,147.4,21,147.41,2
2020-10-29 09:35:46,147.17,147.18,5,147.12,2,147.22,2,147.22,147.12,147.12,2,147.11,7,147.09,2,147.08,8,147.07,3,147.06,3,147.05,7,147.03,4,147.02,4,147.01,4,147.22,2,147.23,4,147.24,2,147.25,3,147.26,2,147.29,3,147.34,4,147.35,3,147.4,21,147.41,2
2020-10-29 09:35:47,147.265,147.26,3,147.19,4,147.34,2,147.34,147.19,147.19,4,147.18,4,147.17,1,147.16,1,147.13,1,147.12,1,147.11,7,147.09,2,147.08,8,147.07,3,147.34,2,147.35,3,147.4,21,147.41,2,147.42,1,147.48,2,147.5,2,147.51,1,147.52,1,147.58,2
2020-10-29 09:35:48,147.325,147.26,3,147.25,4,147.4,21,147.4,147.25,147.25,4,147.24,3,147.22,10,147.19,4,147.18,4,147.17,1,147.16,1,147.13,1,147.12,1,147.11,7,147.4,21,147.41,2,147.42,1,147.48,2,147.5,2,147.51,1,147.52,1,147.58,2,147.59,1,147.6,1
2020-10-29 09:35:49,147.32,147.26,3,147.25,7,147.39,2,147.39,147.25,147.25,7,147.24,3,147.22,10,147.19,4,147.18,4,147.17,1,147.16,1,147.13,1,147.12,1,147.11,7,147.39,2,147.4,21,147.41,2,147.42,1,147.48,2,147.5,2,147.51,1,147.52,1,147.58,2,147.59,1
2020-10-29 09:35:50,147.21,147.22,3,147.11,5,147.31,1,147.31,147.11,147.11,5,147.09,2,147.08,8,147.07,3,147.06,3,147.05,7,147.03,4,147.02,4,147.01,4,147.0,100,147.31,1,147.33,1,147.34,1,147.35,1,147.39,3,147.4,21,147.41,2,147.42,1,147.48,2,147.5,2
2020-10-29 09:35:51,147.215,147.19,2,147.12,1,147.31,3,147.31,147.12,147.12,1,147.11,5,147.09,2,147.08,8,147.07,3,147.06,3,147.05,7,147.03,4,147.02,4,147.01,4,147.31,3,147.33,1,147.34,1,147.35,1,147.39,3,147.4,21,147.41,2,147.42,1,147.48,2,147.5,2
2020-10-29 09:35:52,147.215,147.14,1,147.13,5,147.3,3,147.3,147.13,147.13,5,147.12,2,147.11,5,147.09,2,147.08,8,147.07,3,147.06,3,147.05,7,147.03,4,147.02,4,147.3,3,147.31,3,147.33,1,147.34,1,147.35,1,147.39,3,147.4,21,147.41,2,147.42,1,147.48,2
2020-10-29 09:35:53,147.13,147.13,1,147.08,2,147.18,2,147.18,147.08,147.08,2,147.07,8,147.05,7,147.03,4,147.02,4,147.01,4,147.0,100,146.87,10,,,,,147.18,2,147.21,1,147.22,1,147.27,3,147.29,2,147.3,5,147.31,3,147.33,1,147.34,1,147.35,1
2020-10-29 09:35:54,147.12,147.13,1,147.07,10,147.17,4,147.17,147.07,147.07,10,147.05,7,147.03,4,147.02,4,147.01,4,147.0,100,146.87,10,,,,,,,147.17,4,147.18,2,147.21,1,147.22,1,147.27,3,147.29,2,147.3,5,147.31,3,147.33,1,147.34,1
2020-10-29 09:35:55,147.105,147.1,1,147.06,1,147.15,2,147.15,147.06,147.06,1,147.05,8,147.03,4,147.02,4,147.01,4,147.0,100,146.87,10,,,,,,,147.15,2,147.17,4,147.18,2,147.21,1,147.22,1,147.27,3,147.29,2,147.3,5,147.31,3,147.33,1
2020-10-29 09:35:56,146.985,147.0,5,146.95,4,147.02,2,147.02,146.95,146.95,4,146.87,10,,,,,,,,,,,,,,,,,147.02,2,147.03,2,147.04,1,147.06,1,147.07,1,147.14,2,147.15,2,147.17,4,147.18,2,147.21,1
2020-10-29 09:35:57,146.965,147.03,1,146.9,6,147.03,2,147.03,146.9,146.9,6,146.87,10,,,,,,,,,,,,,,,,,147.03,2,147.04,1,147.06,1,147.07,1,147.14,2,147.15,2,147.17,4,147.18,2,147.21,1,147.22,1
2020-10-29 09:35:58,147.07,147.04,1,147.0,1,147.14,2,147.14,147.0,147.0,1,146.97,4,146.91,3,146.9,6,146.87,10,,,,,,,,,,,147.14,2,147.15,1,147.22,2,147.23,3,147.27,3,147.29,2,147.3,5,147.31,3,147.33,1,147.34,1
2020-10-29 09:35:59,147.06,147.04,1,147.0,7,147.12,1,147.12,147.0,147.0,7,146.97,4,146.91,3,146.9,6,146.87,10,,,,,,,,,,,147.12,1,147.14,2,147.15,1,147.22,2,147.23,3,147.27,3,147.29,2,147.3,5,147.31,3,147.33,1
2020-10-29 09:36:00,147.06,147.04,1,147.0,7,147.12,2,147.12,147.0,147.0,7,146.97,4,146.91,3,146.9,6,146.87,10,,,,,,,,,,,147.12,2,147.14,2,147.15,1,147.22,2,147.23,3,147.27,3,147.29,2,147.3,5,147.31,3,147.33,1
2020-10-29 09:36:01,147.01,147.0,1,146.91,10,147.11,4,147.11,146.91,146.91,10,146.9,6,146.87,10,,,,,,,,,,,,,,,147.11,4,147.12,4,147.14,2,147.15,1,147.22,2,147.23,3,147.27,3,147.29,2,147.3,5,147.31,3
2020-10-29 09:36:02,147.025,147.04,5,146.94,2,147.11,2,147.11,146.94,146.94,2,146.91,10,146.9,6,146.87,10,,,,,,,,,,,,,147.11,2,147.12,4,147.14,2,147.15,1,147.22,2,147.23,3,147.27,3,147.29,2,147.3,5,147.31,3
2020-10-29 09:36:03,147.04,147.02,1,146.95,3,147.13,2,147.13,146.95,146.95,3,146.94,2,146.91,10,146.9,6,146.87,10,,,,,,,,,,,147.13,2,147.14,3,147.18,2,147.22,2,147.23,3,147.27,3,147.29,2,147.3,5,147.31,3,147.33,1
2020-10-29 09:36:04,147.04,147.02,1,146.95,3,147.13,1,147.13,146.95,146.95,3,146.94,2,146.91,10,146.9,6,146.87,10,,,,,,,,,,,147.13,1,147.14,2,147.18,2,147.22,2,147.23,3,147.27,3,147.29,2,147.3,5,147.31,3,147.33,1
2020-10-29 09:36:05,147.045,147.04,4,146.96,1,147.13,1,147.13,146.96,146.96,1,146.95,3,146.94,2,146.91,10,146.9,6,146.87,10,,,,,,,,,147.13,1,147.14,2,147.18,2,147.22,2,147.23,3,147.27,3,147.29,2,147.3,5,147.31,3,147.33,1
2020-10-29 09:36:06,147.04,147.07,5,146.96,1,147.12,1,147.12,146.96,146.96,1,146.95,6,146.94,2,146.91,10,146.9,6,146.87,10,,,,,,,,,147.12,1,147.13,1,147.14,2,147.18,2,147.22,2,147.23,3,147.27,3,147.29,2,147.3,5,147.31,3
2020-10-29 09:36:07,147.065,147.13,1,147.0,2,147.13,1,147.13,147.0,147.0,2,146.95,6,146.94,2,146.91,10,146.9,6,146.87,10,,,,,,,,,147.13,1,147.14,2,147.18,2,147.22,2,147.23,3,147.27,3,147.29,2,147.3,5,147.31,3,147.33,1
2020-10-29 09:36:09,147.075,147.01,1,147.0,8,147.15,8,147.15,147.0,147.0,8,146.95,6,146.94,2,146.91,10,146.9,6,146.87,10,,,,,,,,,147.15,8,147.18,4,147.22,2,147.23,3,147.27,3,147.29,2,147.3,5,147.31,3,147.33,1,147.34,1
2020-10-29 09:36:10,147.2,147.15,1,147.15,7,147.25,2,147.25,147.15,147.15,7,147.12,1,147.1,1,147.0,8,146.95,6,146.94,2,146.91,10,146.9,6,146.87,10,,,147.25,2,147.26,3,147.28,2,147.29,2,147.3,5,147.31,3,147.33,1,147.34,1,147.35,1,147.39,3
2020-10-29 09:36:11,147.205,147.15,1,147.15,8,147.26,2,147.26,147.15,147.15,8,147.12,1,147.1,1,147.0,8,146.95,6,146.94,2,146.91,10,146.9,6,146.87,10,,,147.26,2,147.3,6,147.31,3,147.33,1,147.34,1,147.35,1,147.39,3,147.4,21,147.41,2,147.42,1
2020-10-29 09:36:12,147.2,147.23,1,147.15,8,147.25,3,147.25,147.15,147.15,8,147.12,1,147.1,1,147.0,8,146.95,6,146.94,2,146.91,10,146.9,6,146.87,10,,,147.25,3,147.26,2,147.3,6,147.31,3,147.33,1,147.34,1,147.35,1,147.39,3,147.4,21,147.41,2
2020-10-29 09:36:13,147.11,147.15,1,147.0,9,147.22,1,147.22,147.0,147.0,9,146.95,6,146.94,2,146.91,10,146.9,6,146.87,10,,,,,,,,,147.22,1,147.23,3,147.24,2,147.25,3,147.26,2,147.3,6,147.31,3,147.33,1,147.34,1,147.35,1
2020-10-29 09:36:14,147.135,147.06,1,147.05,1,147.22,3,147.22,147.05,147.05,1,147.04,3,147.0,9,146.95,6,146.94,2,146.91,10,146.9,6,146.87,10,,,,,147.22,3,147.23,3,147.24,2,147.25,3,147.26,2,147.3,6,147.31,3,147.33,1,147.34,1,147.35,1
2020-10-29 09:36:15,147.145,147.06,1,147.09,2,147.2,1,147.2,147.09,147.09,2,147.05,6,147.04,3,147.0,9,146.95,6,146.94,2,146.91,10,146.9,6,146.87,10,,,147.2,1,147.21,3,147.22,5,147.23,3,147.24,2,147.25,3,147.26,2,147.3,6,147.31,3,147.33,1
2020-10-29 09:36:16,147.15,147.14,1,147.1,2,147.2,6,147.2,147.1,147.1,2,147.06,3,147.05,7,147.04,3,147.0,9,146.95,6,146.94,2,146.91,10,146.9,6,146.87,10,147.2,6,147.21,3,147.22,5,147.23,3,147.24,2,147.25,3,147.26,2,147.3,6,147.31,3,147.33,1
2020-10-29 09:36:17,147.105,147.12,1,147.06,5,147.15,3,147.15,147.06,147.06,5,147.05,7,147.04,3,147.0,9,146.95,6,146.94,2,146.91,10,146.9,6,146.87,10,,,147.15,3,147.18,1,147.19,1,147.2,6,147.21,3,147.22,5,147.23,3,147.24,2,147.25,3,147.26,2
2020-10-29 09:36:18,147.05,147.06,1,146.96,1,147.14,1,147.14,146.96,146.96,1,146.95,6,146.94,2,146.91,10,146.9,6,146.87,10,,,,,,,,,147.14,1,147.15,4,147.18,1,147.19,1,147.2,6,147.21,3,147.22,5,147.23,3,147.24,2,147.25,3
2020-10-29 09:36:19,147.05,147.06,1,146.96,1,147.14,2,147.14,146.96,146.96,1,146.95,6,146.94,2,146.91,10,146.9,6,146.87,10,,,,,,,,,147.14,2,147.15,4,147.18,1,147.19,1,147.2,6,147.21,3,147.22,5,147.23,3,147.24,2,147.25,3
2020-10-29 09:36:20,147.035,146.97,1,146.95,4,147.12,2,147.12,146.95,146.95,4,146.94,2,146.91,10,146.9,6,146.87,10,,,,,,,,,,,147.12,2,147.13,1,147.14,2,147.15,4,147.18,1,147.19,1,147.2,6,147.21,3,147.22,5,147.23,3
2020-10-29 09:36:21,146.995,147.06,1,146.92,3,147.07,1,147.07,146.92,146.92,3,146.91,10,146.9,6,146.87,10,,,,,,,,,,,,,147.07,1,147.12,3,147.13,3,147.14,2,147.15,4,147.18,1,147.19,1,147.2,6,147.21,3,147.22,5
2020-10-29 09:36:22,146.995,147.0,2,146.93,5,147.06,1,147.06,146.93,146.93,5,146.92,3,146.91,10,146.9,6,146.87,10,,,,,,,,,,,147.06,1,147.07,5,147.12,3,147.13,3,147.14,2,147.15,4,147.18,1,147.19,1,147.2,6,147.21,3
2020-10-29 09:36:23,147.05,147.02,1,146.99,5,147.11,2,147.11,146.99,146.99,5,146.95,1,146.94,1,146.93,5,146.92,3,146.91,10,146.9,6,146.87,10,,,,,147.11,2,147.14,4,147.15,4,147.18,1,147.19,1,147.2,6,147.21,3,147.22,5,147.23,3,147.24,2
2020-10-29 09:36:24,147.05,147.0,3,146.99,5,147.11,2,147.11,146.99,146.99,5,146.95,1,146.94,1,146.93,5,146.92,3,146.91,10,146.9,6,146.87,10,,,,,147.11,2,147.14,4,147.15,4,147.18,1,147.19,1,147.2,6,147.21,3,147.22,5,147.23,3,147.24,2
2020-10-29 09:36:25,146.985,147.05,5,146.92,2,147.05,2,147.05,146.92,146.92,2,146.91,10,146.9,6,146.87,10,,,,,,,,,,,,,147.05,2,147.11,2,147.14,4,147.15,4,147.18,1,147.19,1,147.2,6,147.21,3,147.22,5,147.23,3
2020-10-29 09:36:26,146.95,146.92,1,146.92,1,146.98,3,146.98,146.92,146.92,1,146.91,1,146.9,6,146.87,10,,,,,,,,,,,,,146.98,3,147.04,1,147.05,2,147.11,2,147.14,4,147.15,4,147.18,1,147.19,1,147.2,6,147.21,3
2020-10-29 09:36:27,146.91,146.91,1,146.88,1,146.94,3,146.94,146.88,146.88,1,146.87,6,,,,,,,,,,,,,,,,,146.94,3,146.95,3,146.98,3,147.04,1,147.05,2,147.11,2,147.14,4,147.15,4,147.18,1,147.19,1
2020-10-29 09:36:28,146.86,146.84,5,146.8,2,146.92,5,146.92,146.8,146.8,2,,,,,,,,,,,,,,,,,,,146.92,5,146.93,2,146.96,1,146.97,2,146.98,5,147.04,1,147.05,2,147.11,2,147.14,4,147.15,4
2020-10-29 09:36:29,146.9,146.83,1,146.82,2,146.98,4,146.98,146.82,146.82,2,146.81,1,146.8,3,,,,,,,,,,,,,,,146.98,4,147.04,1,147.05,2,147.11,2,147.14,4,147.15,4,147.18,1,147.19,1,147.2,6,147.21,3
2020-10-29 09:36:30,146.935,146.94,1,146.9,5,146.97,3,146.97,146.9,146.9,5,146.88,3,146.82,2,146.81,1,146.8,3,,,,,,,,,,,146.97,3,147.01,3,147.04,1,147.05,2,147.11,2,147.14,4,147.15,4,147.18,1,147.19,1,147.2,6
2020-10-29 09:36:31,146.88,146.82,1,146.82,1,146.94,3,146.94,146.82,146.82,1,146.81,3,146.8,3,,,,,,,,,,,,,,,146.94,3,146.97,3,147.01,3,147.04,1,147.05,2,147.11,2,147.14,4,147.15,4,147.18,1,147.19,1
2020-10-29 09:36:32,146.895,146.97,2,146.82,3,146.97,4,146.97,146.82,146.82,3,146.81,3,146.8,3,,,,,,,,,,,,,,,146.97,4,147.01,3,147.04,1,147.05,2,147.11,2,147.14,4,147.15,4,147.18,1,147.19,1,147.2,6
2020-10-29 09:36:33,146.875,146.8,2,146.79,1,146.96,3,146.96,146.79,146.79,1,,,,,,,,,,,,,,,,,,,146.96,3,146.97,4,147.01,3,147.04,1,147.05,2,147.11,2,147.14,4,147.15,4,147.18,1,147.19,1
2020-10-29 09:36:34,146.895,146.8,2,146.82,1,146.97,4,146.97,146.82,146.82,1,146.81,1,146.8,1,146.79,1,,,,,,,,,,,,,146.97,4,147.01,3,147.04,1,147.05,2,147.11,2,147.14,4,147.15,4,147.18,1,147.19,1,147.2,6
2020-10-29 09:36:35,146.87,146.92,1,146.79,1,146.95,3,146.95,146.79,146.79,1,,,,,,,,,,,,,,,,,,,146.95,3,146.96,3,146.97,4,147.01,3,147.04,1,147.05,2,147.11,2,147.14,4,147.15,4,147.18,1
2020-10-29 09:36:36,146.885,146.88,2,146.81,1,146.96,3,146.96,146.81,146.81,1,146.8,5,146.79,1,,,,,,,,,,,,,,,146.96,3,146.97,4,147.01,3,147.04,1,147.05,2,147.11,2,147.14,4,147.15,4,147.18,1,147.19,1
2020-10-29 09:36:37,146.885,146.91,1,146.82,1,146.95,2,146.95,146.82,146.82,1,146.81,1,146.8,6,146.79,1,,,,,,,,,,,,,146.95,2,146.96,4,146.97,4,147.01,3,147.04,1,147.05,2,147.11,2,147.14,4,147.15,4,147.18,1
2020-10-29 09:36:38,146.885,146.83,2,146.82,1,146.95,2,146.95,146.82,146.82,1,146.81,1,146.8,6,146.79,1,,,,,,,,,,,,,146.95,2,146.96,4,146.97,4,147.01,3,147.04,1,147.05,2,147.11,2,147.14,4,147.15,4,147.18,1
2020-10-29 09:36:39,146.875,146.82,2,146.8,4,146.95,2,146.95,146.8,146.8,4,146.79,1,,,,,,,,,,,,,,,,,146.95,2,146.96,4,146.97,4,147.01,3,147.04,1,147.05,2,147.11,2,147.14,4,147.15,4,147.18,1
2020-10-29 09:36:40,146.885,147.0,2,146.82,3,146.95,2,146.95,146.82,146.82,3,146.81,3,146.8,4,146.79,1,,,,,,,,,,,,,146.95,2,146.96,4,146.97,4,147.01,3,147.04,1,147.05,2,147.11,2,147.14,4,147.15,4,147.18,1
2020-10-29 09:36:41,146.88,146.94,1,146.82,5,146.94,2,146.94,146.82,146.82,5,146.81,3,146.8,4,146.79,1,,,,,,,,,,,,,146.94,2,146.95,2,146.96,4,146.97,4,147.01,3,147.04,1,147.05,2,147.11,2,147.14,4,147.15,4
2020-10-29 09:36:42,146.81,146.8,4,146.75,9,146.87,1,146.87,146.75,146.75,9,,,,,,,,,,,,,,,,,,,146.87,1,146.94,2,146.95,2,146.96,4,146.97,4,147.01,3,147.04,1,147.05,2,147.11,2,147.14,4
2020-10-29 09:36:43,146.805,146.81,1,146.75,8,146.86,2,146.86,146.75,146.75,8,,,,,,,,,,,,,,,,,,,146.86,2,146.87,1,146.94,2,146.95,2,146.96,4,146.97,4,147.01,3,147.04,1,147.05,2,147.11,2
2020-10-29 09:36:44,146.88,146.88,10,146.82,3,146.94,3,146.94,146.82,146.82,3,146.81,1,146.8,1,146.76,2,146.75,8,,,,,,,,,,,146.94,3,146.95,2,146.96,4,146.97,4,147.01,3,147.04,1,147.05,2,147.11,2,147.14,4,147.15,4
2020-10-29 09:36:45,146.945,146.91,1,146.9,2,146.99,1,146.99,146.9,146.9,2,146.83,4,146.82,7,146.81,1,146.8,1,146.76,2,146.75,8,,,,,,,146.99,1,147.0,6,147.01,3,147.04,1,147.05,2,147.11,2,147.14,4,147.15,4,147.18,1,147.19,1
2020-10-29 09:36:46,147.095,147.07,4,147.04,3,147.15,6,147.15,147.04,147.04,3,147.03,2,147.02,4,147.01,6,147.0,2,146.97,2,146.96,1,146.94,1,146.91,1,146.9,2,147.15,6,147.18,1,147.19,1,147.2,6,147.21,3,147.22,5,147.23,3,147.24,2,147.25,3,147.26,2
2020-10-29 09:36:47,147.06,147.07,1,147.02,2,147.1,2,147.1,147.02,147.02,2,147.01,4,147.0,2,146.97,2,146.96,1,146.94,1,146.91,1,146.9,2,146.83,4,146.82,7,147.1,2,147.15,6,147.18,1,147.19,1,147.2,6,147.21,3,147.22,5,147.23,3,147.24,2,147.25,3
2020-10-29 09:36:48,147.09,147.14,2,147.04,2,147.14,2,147.14,147.04,147.04,2,147.03,3,147.02,2,147.01,4,147.0,2,146.97,2,146.96,1,146.94,1,146.91,1,146.9,2,147.14,2,147.15,7,147.18,1,147.19,1,147.2,6,147.21,3,147.22,5,147.23,3,147.24,2,147.25,3
2020-10-29 09:36:49,147.16,147.14,1,147.12,1,147.2,9,147.2,147.12,147.12,1,147.11,1,147.1,1,147.09,5,147.04,4,147.03,3,147.02,2,147.01,4,147.0,2,146.97,2,147.2,9,147.21,3,147.22,5,147.23,3,147.24,2,147.25,3,147.26,2,147.3,6,147.31,3,147.33,1
2020-10-29 09:36:50,147.13,147.14,1,147.09,10,147.17,3,147.17,147.09,147.09,10,147.04,4,147.03,3,147.02,2,147.01,4,147.0,2,146.97,2,146.96,1,146.94,1,146.91,1,147.17,3,147.2,9,147.21,3,147.22,5,147.23,3,147.24,2,147.25,3,147.26,2,147.3,6,147.31,3
2020-10-29 09:36:51,147.095,147.09,2,147.04,1,147.15,4,147.15,147.04,147.04,1,147.02,3,147.01,4,147.0,2,146.97,2,146.96,1,146.94,1,146.91,1,146.9,2,146.83,4,147.15,4,147.17,3,147.2,9,147.21,3,147.22,5,147.23,3,147.24,2,147.25,3,147.26,2,147.3,6
2020-10-29 09:36:52,147.09,147.09,10,147.04,1,147.14,1,147.14,147.04,147.04,1,147.02,3,147.01,4,147.0,2,146.97,2,146.96,1,146.94,1,146.91,1,146.9,2,146.83,4,147.14,1,147.15,4,147.17,3,147.2,9,147.21,3,147.22,5,147.23,3,147.24,2,147.25,3,147.26,2
2020-10-29 09:36:53,147.015,147.01,10,146.95,3,147.08,2,147.08,146.95,146.95,3,146.94,1,146.91,1,146.9,2,146.83,4,146.82,7,146.81,1,146.8,1,146.76,2,146.75,8,147.08,2,147.1,2,147.14,1,147.15,4,147.17,3,147.2,9,147.21,3,147.22,5,147.23,3,147.24,2
2020-10-29 09:36:54,147.015,147.0,2,146.95,5,147.08,2,147.08,146.95,146.95,5,146.94,1,146.91,1,146.9,2,146.83,4,146.82,7,146.81,1,146.8,1,146.76,2,146.75,8,147.08,2,147.1,2,147.14,1,147.15,4,147.17,3,147.2,9,147.21,3,147.22,5,147.23,3,147.24,2
2020-10-29 09:36:55,147.0,146.95,1,146.9,4,147.1,5,147.1,146.9,146.9,4,146.83,4,146.82,7,146.81,1,146.8,1,146.76,2,146.75,8,,,,,,,147.1,5,147.14,1,147.15,4,147.17,3,147.2,9,147.21,3,147.22,5,147.23,3,147.24,2,147.25,3
2020-10-29 09:36:56,147.0,146.95,1,146.91,2,147.09,4,147.09,146.91,146.91,2,146.9,4,146.83,4,146.82,7,146.81,1,146.8,1,146.76,2,146.75,8,,,,,147.09,4,147.1,5,147.14,1,147.15,4,147.17,3,147.2,9,147.21,3,147.22,5,147.23,3,147.24,2
2020-10-29 09:36:57,146.99,146.9,5,146.9,6,147.08,3,147.08,146.9,146.9,6,146.83,4,146.82,7,146.81,1,146.8,1,146.76,2,146.75,8,,,,,,,147.08,3,147.09,4,147.1,5,147.14,1,147.15,4,147.17,3,147.2,9,147.21,3,147.22,5,147.23,3
2020-10-29 09:36:58,146.98,147.03,1,146.91,5,147.05,2,147.05,146.91,146.91,3,146.9,5,146.83,4,146.82,7,146.81,1,146.8,1,146.76,2,146.75,8,,,,,147.05,2,147.08,3,147.09,4,147.1,5,147.14,1,147.15,4,147.17,3,147.2,9,147.21,3,147.22,5
2020-10-29 09:36:59,147.0,147.05,2,146.92,3,147.08,3,147.08,146.92,146.92,3,146.91,2,146.9,5,146.83,4,146.82,7,146.81,1,146.8,1,146.76,2,146.75,8,,,147.08,3,147.09,4,147.1,5,147.14,1,147.15,4,147.17,3,147.2,9,147.21,3,147.22,5,147.23,3
2020-10-29 09:37:00,147.0,147.05,2,146.92,3,147.08,3,147.08,146.92,146.92,3,146.91,2,146.9,5,146.83,4,146.82,7,146.81,1,146.8,1,146.76,2,146.75,8,,,147.08,3,147.09,4,147.1,5,147.14,1,147.15,4,147.17,3,147.2,9,147.21,3,147.22,5,147.23,3
2020-10-29 09:37:01,147.105,147.12,1,147.01,4,147.2,9,147.2,147.01,147.01,4,146.94,1,146.93,3,146.92,3,146.91,2,146.9,5,146.83,4,146.82,7,146.81,1,146.8,1,147.2,9,147.21,3,147.22,5,147.23,3,147.24,2,147.25,3,147.26,2,147.3,6,147.31,3,147.33,1
2020-10-29 09:37:02,147.225,147.17,1,147.1,6,147.35,2,147.35,147.1,147.1,6,147.02,1,147.01,4,146.94,1,146.93,3,146.92,3,146.91,2,146.9,5,146.83,4,146.82,7,147.35,2,147.39,3,147.4,21,147.41,2,147.42,1,147.48,2,147.5,2,147.51,1,147.52,1,147.58,2
2020-10-29 09:37:03,147.225,147.15,1,147.1,6,147.35,4,147.35,147.1,147.1,6,147.02,1,147.01,4,146.94,1,146.93,3,146.92,3,146.91,2,146.9,5,146.83,4,146.82,7,147.35,4,147.39,3,147.4,21,147.41,2,147.42,1,147.48,2,147.5,2,147.51,1,147.52,1,147.58,2
2020-10-29 09:37:04,147.215,147.28,1,147.1,6,147.33,1,147.33,147.1,147.1,6,147.02,1,147.01,4,146.94,1,146.93,3,146.92,3,146.91,2,146.9,5,146.83,4,146.82,7,147.33,1,147.34,1,147.35,4,147.39,3,147.4,21,147.41,2,147.42,1,147.48,2,147.5,2,147.51,1
2020-10-29 09:37:05,147.26,147.34,15,147.18,3,147.34,1,147.34,147.18,147.18,3,147.17,6,147.11,5,147.1,6,147.02,1,147.01,4,146.94,1,146.93,3,146.92,3,146.91,2,147.34,1,147.35,4,147.39,3,147.4,21,147.41,2,147.42,1,147.48,2,147.5,2,147.51,1,147.52,1
2020-10-29 09:37:06,147.325,147.33,1,147.26,7,147.39,4,147.39,147.26,147.26,7,147.22,1,147.18,3,147.17,6,147.11,5,147.1,6,147.02,1,147.01,4,146.94,1,146.93,3,147.39,4,147.4,21,147.41,2,147.42,1,147.48,2,147.5,2,147.51,1,147.52,1,147.58,2,147.59,1
2020-10-29 09:37:07,147.32,147.33,1,147.26,7,147.38,4,147.38,147.26,147.26,7,147.22,1,147.18,3,147.17,6,147.11,5,147.1,6,147.02,1,147.01,4,146.94,1,146.93,3,147.38,4,147.4,21,147.41,2,147.42,1,147.48,2,147.5,2,147.51,1,147.52,1,147.58,2,147.59,1
2020-10-29 09:37:08,147.4,147.45,1,147.33,4,147.47,4,147.47,147.33,147.33,4,147.32,5,147.28,2,147.27,2,147.26,7,147.22,1,147.18,3,147.17,6,147.11,5,147.1,6,147.47,4,147.48,2,147.5,2,147.51,1,147.52,1,147.58,2,147.59,1,147.6,1,147.71,1,147.73,3
2020-10-29 09:37:09,147.41,147.4,1,147.34,4,147.48,3,147.48,147.34,147.34,4,147.33,6,147.32,5,147.28,2,147.27,2,147.26,7,147.22,1,147.18,3,147.17,6,147.11,5,147.48,3,147.49,3,147.5,2,147.51,1,147.52,1,147.58,2,147.59,1,147.6,1,147.71,1,147.73,3
2020-10-29 09:37:10,147.415,147.35,1,147.36,2,147.47,1,147.47,147.36,147.36,2,147.34,6,147.33,6,147.32,5,147.28,2,147.27,2,147.26,7,147.22,1,147.18,3,147.17,6,147.47,1,147.48,3,147.49,3,147.5,2,147.51,1,147.52,1,147.58,2,147.59,1,147.6,1,147.71,1
2020-10-29 09:37:11,147.415,147.36,1,147.36,3,147.47,5,147.47,147.36,147.36,3,147.34,6,147.33,6,147.32,5,147.28,2,147.27,2,147.26,7,147.22,1,147.18,3,147.17,6,147.47,5,147.48,3,147.49,3,147.5,2,147.51,1,147.52,1,147.58,2,147.59,1,147.6,1,147.71,1
2020-10-29 09:37:12,147.295,147.33,1,147.2,1,147.39,3,147.39,147.2,147.2,1,147.18,4,147.17,6,147.11,5,147.1,6,147.02,1,147.01,4,146.94,1,146.93,3,146.92,3,147.39,3,147.4,3,147.42,2,147.44,2,147.45,3,147.47,4,147.5,7,147.51,1,147.52,1,147.58,2
2020-10-29 09:37:13,147.25,147.19,5,147.19,2,147.31,3,147.31,147.19,147.19,2,147.18,4,147.17,6,147.11,5,147.1,6,147.02,1,147.01,4,146.94,1,146.93,3,146.92,3,147.31,3,147.39,3,147.4,3,147.42,2,147.44,2,147.45,3,147.47,4,147.5,7,147.51,1,147.52,1
2020-10-29 09:37:14,147.255,147.25,1,147.2,2,147.31,4,147.31,147.2,147.2,2,147.19,2,147.18,4,147.17,6,147.11,5,147.1,6,147.02,1,147.01,4,146.94,1,146.93,3,147.31,4,147.39,3,147.4,3,147.42,2,147.44,2,147.45,3,147.47,4,147.5,7,147.51,1,147.52,1
2020-10-29 09:37:15,147.165,147.18,1,147.09,3,147.24,6,147.24,147.09,147.09,3,147.02,1,147.01,4,146.94,1,146.93,3,146.92,3,146.91,2,146.9,5,146.83,4,146.82,7,147.24,6,147.31,5,147.39,3,147.4,3,147.42,2,147.44,2,147.45,3,147.47,4,147.5,7,147.51,1
2020-10-29 09:37:16,147.165,147.18,1,147.1,3,147.23,1,147.23,147.1,147.1,3,147.09,3,147.02,1,147.01,4,146.94,1,146.93,3,146.92,3,146.91,2,146.9,5,146.83,4,147.23,1,147.24,6,147.31,5,147.39,3,147.4,3,147.42,2,147.44,2,147.45,3,147.47,4,147.5,7
2020-10-29 09:37:17,147.18,147.22,1,147.12,2,147.24,6,147.24,147.12,147.12,2,147.11,5,147.1,5,147.09,3,147.02,1,147.01,4,146.94,1,146.93,3,146.92,3,146.91,2,147.24,6,147.31,5,147.39,3,147.4,3,147.42,2,147.44,2,147.45,3,147.47,4,147.5,7,147.51,1
2020-10-29 09:37:18,147.18,147.17,10,147.12,5,147.24,6,147.24,147.12,147.12,5,147.11,5,147.1,5,147.09,3,147.02,1,147.01,4,146.94,1,146.93,3,146.92,3,146.91,2,147.24,6,147.31,5,147.39,3,147.4,3,147.42,2,147.44,2,147.45,3,147.47,4,147.5,7,147.51,1
2020-10-29 09:37:19,147.185,147.17,10,147.13,2,147.24,6,147.24,147.13,147.13,2,147.12,5,147.11,5,147.1,5,147.09,3,147.02,1,147.01,4,146.94,1,146.93,3,146.92,3,147.24,6,147.31,5,147.39,3,147.4,3,147.42,2,147.44,2,147.45,3,147.47,4,147.5,7,147.51,1
2020-10-29 09:37:20,147.075,147.08,1,147.02,1,147.13,5,147.13,147.02,147.02,1,147.01,4,146.94,1,146.93,3,146.92,3,146.91,2,146.9,5,146.83,4,146.82,7,146.81,1,147.13,5,147.19,4,147.23,5,147.24,6,147.31,5,147.39,3,147.4,3,147.42,2,147.44,2,147.45,3
2020-10-29 09:37:21,147.055,147.08,1,147.01,2,147.1,2,147.1,147.01,147.01,2,147.0,1,146.94,1,146.93,3,146.92,3,146.91,2,146.9,5,146.83,4,146.82,7,146.81,1,147.1,2,147.13,5,147.19,4,147.23,5,147.24,6,147.31,5,147.39,3,147.4,3,147.42,2,147.44,2
2020-10-29 09:37:22,147.055,147.01,1,147.01,4,147.1,2,147.1,147.01,147.01,4,147.0,1,146.94,1,146.93,3,146.92,3,146.91,2,146.9,5,146.83,4,146.82,7,146.81,1,147.1,2,147.13,5,147.19,4,147.23,5,147.24,6,147.31,5,147.39,3,147.4,3,147.42,2,147.44,2
2020-10-29 09:37:23,146.965,146.92,1,146.9,8,147.03,3,147.03,146.9,146.9,8,146.83,4,146.82,7,146.81,1,146.8,1,146.76,2,146.75,8,,,,,,,147.03,3,147.04,6,147.09,3,147.1,2,147.13,5,147.19,4,147.23,5,147.24,6,147.31,5,147.39,3
2020-10-29 09:37:24,146.915,146.93,1,146.85,5,146.98,4,146.98,146.85,146.85,5,146.83,2,146.81,4,146.8,1,146.76,2,146.75,8,,,,,,,,,146.98,4,147.02,1,147.03,3,147.04,6,147.09,3,147.1,2,147.13,5,147.19,4,147.23,5,147.24,6
2020-10-29 09:37:25,146.915,146.85,7,146.85,5,146.98,4,146.98,146.85,146.85,5,146.83,2,146.81,4,146.8,1,146.76,2,146.75,8,,,,,,,,,146.98,4,147.02,1,147.03,3,147.04,6,147.09,3,147.1,2,147.13,5,147.19,4,147.23,5,147.24,6
2020-10-29 09:37:26,146.86,146.85,1,146.81,4,146.91,2,146.91,146.81,146.81,4,146.8,1,146.76,2,146.75,8,,,,,,,,,,,,,146.91,2,146.93,3,146.97,2,146.98,4,147.02,1,147.03,3,147.04,6,147.09,3,147.1,2,147.13,5
2020-10-29 09:37:27,146.865,146.86,1,146.82,1,146.91,4,146.91,146.82,146.82,1,146.81,5,146.8,1,146.76,2,146.75,8,,,,,,,,,,,146.91,4,146.93,3,146.97,2,146.98,4,147.02,1,147.03,3,147.04,6,147.09,3,147.1,2,147.13,5
2020-10-29 09:37:28,146.915,146.92,1,146.86,2,146.97,5,146.97,146.86,146.86,2,146.82,3,146.81,5,146.8,1,146.76,2,146.75,8,,,,,,,,,146.97,5,146.98,7,147.02,1,147.03,3,147.04,6,147.09,3,147.1,2,147.13,5,147.19,4,147.23,5
2020-10-29 09:37:29,146.915,146.91,1,146.86,2,146.97,5,146.97,146.86,146.86,2,146.82,3,146.81,5,146.8,1,146.76,2,146.75,8,,,,,,,,,146.97,5,146.98,7,147.02,1,147.03,3,147.04,6,147.09,3,147.1,2,147.13,5,147.19,4,147.23,5
