sim_time,mid_price,last_price,last_size,best_bid_price,best_bid_size,best_ask_price,best_ask_size,close_price_buy,close_price_sell,bid1_price,bid1_size,bid2_price,bid2_size,bid3_price,bid3_size,bid4_price,bid4_size,bid5_price,bid5_size,bid6_price,bid6_size,bid7_price,bid7_size,bid8_price,bid8_size,bid9_price,bid9_size,bid10_price,bid10_size,ask1_price,ask1_size,ask2_price,ask2_size,ask3_price,ask3_size,ask4_price,ask4_size,ask5_price,ask5_size,ask6_price,ask6_size,ask7_price,ask7_size,ask8_price,ask8_size,ask9_price,ask9_size,ask10_price,ask10_size
2026-02-05 09:30:17,233.755,0.0,0,233.52,100,233.99,400,233.99,233.52,233.52,100,233.51,1000,233.5,2300,,,,,,,,,,,,,,,233.99,400,234.0,300,234.11,100,235.32,100,,,,,,,,,,,,
2026-02-05 09:30:18,233.81,233.81,2,233.51,1000,234.11,200,234.11,233.51,233.51,1000,233.5,2300,,,,,,,,,,,,,,,,,234.11,200,235.32,100,,,,,,,,,,,,,,,,
2026-02-05 09:30:20,233.81,233.81,2,233.51,1000,234.11,200,234.11,233.51,233.51,1000,233.5,2300,,,,,,,,,,,,,,,,,234.11,200,235.32,100,,,,,,,,,,,,,,,,
2026-02-05 09:30:21,233.81,234.08,2,233.51,1000,234.11,200,234.11,233.51,233.51,1000,233.5,2300,,,,,,,,,,,,,,,,,234.11,200,235.32,100,,,,,,,,,,,,,,,,
2026-02-05 09:30:22,233.81,234.08,2,233.51,1000,234.11,200,234.11,233.51,233.51,1000,233.5,2300,,,,,,,,,,,,,,,,,234.11,200,235.32,100,,,,,,,,,,,,,,,,
2026-02-05 09:30:22,233.81,234.08,2,233.51,1000,234.11,200,234.11,233.51,233.51,1000,233.5,2300,,,,,,,,,,,,,,,,,234.11,200,235.32,100,,,,,,,,,,,,,,,,
2026-02-05 09:30:24,233.81,233.81,7,233.51,1000,234.11,200,234.11,233.51,233.51,1000,233.5,2300,,,,,,,,,,,,,,,,,234.11,200,235.32,100,,,,,,,,,,,,,,,,
2026-02-05 09:30:25,233.81,234.08,1,233.51,1000,234.11,400,234.11,233.51,233.51,1000,233.5,2300,,,,,,,,,,,,,,,,,234.11,400,235.32,100,,,,,,,,,,,,,,,,
2026-02-05 09:30:26,233.805,234.08,1,233.51,1000,234.1,100,234.1,233.51,233.51,1000,233.5,2300,,,,,,,,,,,,,,,,,234.1,100,234.11,700,235.32,100,,,,,,,,,,,,,,
2026-02-05 09:30:27,233.805,234.08,1,233.51,1000,234.1,100,234.1,233.51,233.51,1000,233.5,2300,,,,,,,,,,,,,,,,,234.1,100,234.11,700,235.32,100,,,,,,,,,,,,,,
2026-02-05 09:30:28,233.805,234.08,1,233.51,1000,234.1,100,234.1,233.51,233.51,1000,233.5,2300,,,,,,,,,,,,,,,,,234.1,100,234.11,700,235.32,100,,,,,,,,,,,,,,
2026-02-05 09:30:29,233.805,234.08,1,233.51,1000,234.1,100,234.1,233.51,233.51,1000,233.5,2300,,,,,,,,,,,,,,,,,234.1,100,234.11,700,235.32,100,,,,,,,,,,,,,,
2026-02-05 09:30:30,233.805,233.81,1,233.51,1000,234.1,100,234.1,233.51,233.51,1000,233.5,2300,,,,,,,,,,,,,,,,,234.1,100,234.11,700,235.32,100,,,,,,,,,,,,,,
2026-02-05 09:30:31,233.805,233.81,1,233.51,1000,234.1,100,234.1,233.51,233.51,1000,233.5,2300,,,,,,,,,,,,,,,,,234.1,100,234.11,700,235.32,100,,,,,,,,,,,,,,
2026-02-05 09:30:32,233.805,233.81,1,233.51,1000,234.1,500,234.1,233.51,233.51,1000,233.5,2300,,,,,,,,,,,,,,,,,234.1,500,234.11,700,235.32,100,,,,,,,,,,,,,,
2026-02-05 09:30:33,233.805,233.81,1,233.51,1000,234.1,500,234.1,233.51,233.51,1000,233.5,2300,,,,,,,,,,,,,,,,,234.1,500,234.11,700,235.32,100,,,,,,,,,,,,,,
2026-02-05 09:30:34,233.805,233.81,1,233.51,1000,234.1,500,234.1,233.51,233.51,1000,233.5,2300,,,,,,,,,,,,,,,,,234.1,500,234.11,700,235.32,100,,,,,,,,,,,,,,
2026-02-05 09:30:35,233.805,233.81,1,233.51,1000,234.1,600,234.1,233.51,233.51,1000,233.5,2300,,,,,,,,,,,,,,,,,234.1,600,234.11,700,235.32,100,,,,,,,,,,,,,,
2026-02-05 09:30:36,233.805,233.81,1,233.51,1000,234.1,400,234.1,233.51,233.51,1000,233.5,2300,,,,,,,,,,,,,,,,,234.1,400,234.11,700,235.32,100,,,,,,,,,,,,,,
2026-02-05 09:30:37,233.805,233.81,1,233.51,1000,234.1,400,234.1,233.51,233.51,1000,233.5,2300,,,,,,,,,,,,,,,,,234.1,400,234.11,700,235.32,100,,,,,,,,,,,,,,
2026-02-05 09:30:38,233.805,233.81,1,233.51,1000,234.1,400,234.1,233.51,233.51,1000,233.5,2300,,,,,,,,,,,,,,,,,234.1,400,234.11,700,235.32,100,,,,,,,,,,,,,,
2026-02-05 09:30:39,233.805,233.81,1,233.51,1000,234.1,400,234.1,233.51,233.51,1000,233.5,2300,,,,,,,,,,,,,,,,,234.1,400,234.11,700,235.32,100,,,,,,,,,,,,,,
2026-02-05 09:30:40,233.805,233.81,1,233.51,1000,234.1,400,234.1,233.51,233.51,1000,233.5,2300,,,,,,,,,,,,,,,,,234.1,400,234.11,700,235.32,100,,,,,,,,,,,,,,
2026-02-05 09:30:41,233.88,234.11,1,233.51,1000,234.25,600,234.25,233.51,233.51,1000,233.5,2300,,,,,,,,,,,,,,,,,234.25,600,234.46,400,234.53,500,235.32,100,,,,,,,,,,,,
2026-02-05 09:30:41,234.265,234.23,1,234.0,100,234.53,500,234.53,234.0,234.0,100,233.51,1000,233.5,2300,,,,,,,,,,,,,,,234.53,500,235.32,100,,,,,,,,,,,,,,,,
2026-02-05 09:30:43,234.265,234.26,1,234.0,100,234.53,600,234.53,234.0,234.0,100,233.51,1000,233.5,2300,,,,,,,,,,,,,,,234.53,600,235.32,100,,,,,,,,,,,,,,,,
2026-02-05 09:30:44,234.265,234.4,18,234.0,100,234.53,600,234.53,234.0,234.0,100,233.51,1000,233.5,2300,,,,,,,,,,,,,,,234.53,600,235.32,100,,,,,,,,,,,,,,,,
2026-02-05 09:30:45,234.265,234.26,1,234.0,100,234.53,700,234.53,234.0,234.0,100,233.51,1000,233.5,2300,,,,,,,,,,,,,,,234.53,700,235.32,100,,,,,,,,,,,,,,,,
2026-02-05 09:30:46,234.265,234.26,1,234.0,100,234.53,700,234.53,234.0,234.0,100,233.51,1000,233.5,2300,,,,,,,,,,,,,,,234.53,700,235.32,100,,,,,,,,,,,,,,,,
2026-02-05 09:30:47,234.265,234.25,1,234.0,100,234.53,700,234.53,234.0,234.0,100,233.51,1000,233.5,2300,,,,,,,,,,,,,,,234.53,700,235.32,100,,,,,,,,,,,,,,,,
2026-02-05 09:30:48,234.265,234.25,1,234.0,100,234.53,700,234.53,234.0,234.0,100,233.51,1000,233.5,2300,,,,,,,,,,,,,,,234.53,700,235.32,100,,,,,,,,,,,,,,,,
2026-02-05 09:30:48,234.265,234.25,1,234.0,100,234.53,700,234.53,234.0,234.0,100,233.51,1000,233.5,2300,,,,,,,,,,,,,,,234.53,700,235.32,100,,,,,,,,,,,,,,,,
2026-02-05 09:30:50,234.265,234.26,1,234.0,200,234.53,600,234.53,234.0,234.0,200,233.51,1000,233.5,2300,,,,,,,,,,,,,,,234.53,600,235.32,100,,,,,,,,,,,,,,,,
2026-02-05 09:30:51,234.265,234.26,1,234.0,200,234.53,600,234.53,234.0,234.0,200,233.51,1000,233.5,2300,,,,,,,,,,,,,,,234.53,600,235.32,100,,,,,,,,,,,,,,,,
2026-02-05 09:30:52,234.265,234.26,1,234.0,200,234.53,600,234.53,234.0,234.0,200,233.51,1000,233.5,2300,,,,,,,,,,,,,,,234.53,600,235.32,100,,,,,,,,,,,,,,,,
2026-02-05 09:30:53,234.265,234.26,1,234.0,200,234.53,600,234.53,234.0,234.0,200,233.51,1000,233.5,2300,,,,,,,,,,,,,,,234.53,600,235.32,100,,,,,,,,,,,,,,,,
2026-02-05 09:30:54,234.265,234.26,1,234.0,300,234.53,600,234.53,234.0,234.0,300,233.51,1000,233.5,2300,,,,,,,,,,,,,,,234.53,600,235.32,100,,,,,,,,,,,,,,,,
2026-02-05 09:30:55,234.265,234.26,1,234.0,300,234.53,600,234.53,234.0,234.0,300,233.51,1000,233.5,2300,,,,,,,,,,,,,,,234.53,600,235.32,100,,,,,,,,,,,,,,,,
2026-02-05 09:30:56,234.265,234.26,1,234.0,300,234.53,600,234.53,234.0,234.0,300,233.51,1000,233.5,2300,,,,,,,,,,,,,,,234.53,600,235.32,100,,,,,,,,,,,,,,,,
2026-02-05 09:30:57,234.265,234.26,1,234.0,300,234.53,600,234.53,234.0,234.0,300,233.51,1000,233.5,2300,,,,,,,,,,,,,,,234.53,600,235.32,100,,,,,,,,,,,,,,,,
2026-02-05 09:30:58,234.265,234.41,1,234.0,300,234.53,600,234.53,234.0,234.0,300,233.51,1000,233.5,2300,,,,,,,,,,,,,,,234.53,600,235.32,100,,,,,,,,,,,,,,,,
2026-02-05 09:30:59,234.265,234.41,1,234.0,300,234.53,600,234.53,234.0,234.0,300,233.51,1000,233.5,2300,,,,,,,,,,,,,,,234.53,600,235.32,100,,,,,,,,,,,,,,,,
2026-02-05 09:31:00,234.265,234.41,1,234.0,300,234.53,700,234.53,234.0,234.0,300,233.51,1000,233.5,2300,,,,,,,,,,,,,,,234.53,700,235.32,100,,,,,,,,,,,,,,,,
2026-02-05 09:31:01,234.265,234.2,1,234.0,300,234.53,700,234.53,234.0,234.0,300,233.51,1000,233.5,2300,,,,,,,,,,,,,,,234.53,700,235.32,100,,,,,,,,,,,,,,,,
2026-02-05 09:31:02,234.265,234.2,1,234.0,300,234.53,700,234.53,234.0,234.0,300,233.51,1000,233.5,2300,,,,,,,,,,,,,,,234.53,700,235.32,100,,,,,,,,,,,,,,,,
2026-02-05 09:31:03,234.115,234.2,1,234.0,300,234.23,700,234.23,234.0,234.0,300,233.51,1000,233.5,2300,,,,,,,,,,,,,,,234.23,700,234.53,700,235.32,100,,,,,,,,,,,,,,
2026-02-05 09:31:04,234.12,234.2,1,234.01,100,234.23,800,234.23,234.01,234.01,100,234.0,300,233.51,1000,233.5,2300,,,,,,,,,,,,,234.23,800,234.53,700,235.32,100,,,,,,,,,,,,,,
2026-02-05 09:31:05,234.12,234.2,1,234.01,200,234.23,900,234.23,234.01,234.01,200,234.0,300,233.51,1000,233.5,2300,,,,,,,,,,,,,234.23,900,234.53,700,235.32,100,,,,,,,,,,,,,,
2026-02-05 09:31:06,234.12,234.01,1,234.01,200,234.23,900,234.23,234.01,234.01,200,234.0,300,233.51,1000,233.5,2300,,,,,,,,,,,,,234.23,900,234.53,700,235.32,100,,,,,,,,,,,,,,
2026-02-05 09:31:07,234.12,234.23,1,234.01,200,234.23,400,234.23,234.01,234.01,200,234.0,300,233.51,1000,233.5,2300,,,,,,,,,,,,,234.23,400,234.53,700,235.32,100,,,,,,,,,,,,,,
2026-02-05 09:31:08,234.12,234.18,2,234.01,200,234.23,500,234.23,234.01,234.01,200,234.0,300,233.51,1000,233.5,2300,,,,,,,,,,,,,234.23,500,234.53,700,235.32,100,,,,,,,,,,,,,,
2026-02-05 09:31:09,234.12,234.18,2,234.01,200,234.23,500,234.23,234.01,234.01,200,234.0,300,233.51,1000,233.5,2300,,,,,,,,,,,,,234.23,500,234.53,700,235.32,100,,,,,,,,,,,,,,
2026-02-05 09:31:10,234.12,234.18,2,234.01,200,234.23,500,234.23,234.01,234.01,200,234.0,300,233.51,1000,233.5,2300,,,,,,,,,,,,,234.23,500,234.53,700,235.32,100,,,,,,,,,,,,,,
2026-02-05 09:31:11,234.12,234.18,2,234.01,200,234.23,500,234.23,234.01,234.01,200,234.0,300,233.51,1000,233.5,2300,,,,,,,,,,,,,234.23,500,234.53,700,235.32,100,,,,,,,,,,,,,,
2026-02-05 09:31:12,234.12,234.18,2,234.01,200,234.23,500,234.23,234.01,234.01,200,234.0,300,233.51,1000,233.5,2300,,,,,,,,,,,,,234.23,500,234.53,700,235.32,100,,,,,,,,,,,,,,
2026-02-05 09:31:13,234.12,234.18,2,234.01,200,234.23,500,234.23,234.01,234.01,200,234.0,300,233.51,1000,233.5,2300,,,,,,,,,,,,,234.23,500,234.53,700,235.32,100,,,,,,,,,,,,,,
2026-02-05 09:31:14,234.12,234.22,1,234.01,200,234.23,500,234.23,234.01,234.01,200,234.0,300,233.51,1000,233.5,2300,,,,,,,,,,,,,234.23,500,234.53,700,235.32,100,,,,,,,,,,,,,,
2026-02-05 09:31:15,234.33,234.23,1,234.13,300,234.53,700,234.53,234.13,234.13,300,234.04,200,234.0,300,233.51,1000,233.5,2300,,,,,,,,,,,234.53,700,235.32,100,,,,,,,,,,,,,,,,
2026-02-05 09:31:16,234.33,234.33,1,234.13,300,234.53,700,234.53,234.13,234.13,300,234.04,200,234.0,300,233.51,1000,233.5,2300,,,,,,,,,,,234.53,700,235.32,100,,,,,,,,,,,,,,,,
2026-02-05 09:31:17,234.33,234.33,1,234.13,300,234.53,600,234.53,234.13,234.13,300,234.04,200,234.0,300,233.51,1000,233.5,2300,,,,,,,,,,,234.53,600,235.32,100,,,,,,,,,,,,,,,,
2026-02-05 09:31:18,234.33,234.33,1,234.13,300,234.53,500,234.53,234.13,234.13,300,234.04,200,234.0,300,233.51,1000,233.5,2300,,,,,,,,,,,234.53,500,235.32,100,,,,,,,,,,,,,,,,
2026-02-05 09:31:19,234.33,234.33,1,234.13,300,234.53,500,234.53,234.13,234.13,300,234.04,200,234.0,300,233.51,1000,233.5,2300,,,,,,,,,,,234.53,500,235.32,100,,,,,,,,,,,,,,,,
2026-02-05 09:31:20,234.33,234.33,1,234.13,300,234.53,500,234.53,234.13,234.13,300,234.04,200,234.0,300,233.51,1000,233.5,2300,,,,,,,,,,,234.53,500,235.32,100,,,,,,,,,,,,,,,,
2026-02-05 09:31:21,234.33,234.33,1,234.13,300,234.53,500,234.53,234.13,234.13,300,234.04,200,234.0,300,233.51,1000,233.5,2300,,,,,,,,,,,234.53,500,235.32,100,,,,,,,,,,,,,,,,
2026-02-05 09:31:22,234.33,234.53,3,234.13,300,234.53,500,234.53,234.13,234.13,300,234.04,200,234.0,300,233.51,1000,233.5,2300,,,,,,,,,,,234.53,500,235.32,100,,,,,,,,,,,,,,,,
2026-02-05 09:31:23,234.33,234.18,1,234.13,300,234.53,500,234.53,234.13,234.13,300,234.04,200,234.0,300,233.51,1000,233.5,2300,,,,,,,,,,,234.53,500,235.32,100,,,,,,,,,,,,,,,,
2026-02-05 09:31:24,234.33,234.34,1,234.13,300,234.53,500,234.53,234.13,234.13,300,234.04,200,234.0,300,233.51,1000,233.5,2300,,,,,,,,,,,234.53,500,235.32,100,,,,,,,,,,,,,,,,
2026-02-05 09:31:25,234.225,234.22,1,234.13,200,234.32,500,234.32,234.13,234.13,200,234.11,200,234.0,600,233.51,1000,233.5,2300,,,,,,,,,,,234.32,500,234.33,600,234.53,1000,235.32,100,,,,,,,,,,,,
2026-02-05 09:31:26,234.225,234.22,1,234.13,200,234.32,500,234.32,234.13,234.13,200,234.11,200,234.0,600,233.51,1000,233.5,2300,,,,,,,,,,,234.32,500,234.33,600,234.53,1000,235.32,100,,,,,,,,,,,,
2026-02-05 09:31:27,234.225,234.22,1,234.13,200,234.32,500,234.32,234.13,234.13,200,234.11,200,234.0,600,233.51,1000,233.5,2300,,,,,,,,,,,234.32,500,234.33,600,234.53,1000,235.32,100,,,,,,,,,,,,
2026-02-05 09:31:28,234.225,234.2,10,234.13,200,234.32,600,234.32,234.13,234.13,200,234.11,200,234.0,600,233.51,1000,233.5,2300,,,,,,,,,,,234.32,600,234.33,600,234.53,1000,235.32,100,,,,,,,,,,,,
2026-02-05 09:31:29,234.225,234.13,1,234.13,200,234.32,600,234.32,234.13,234.13,200,234.11,200,234.0,600,233.51,1000,233.5,2300,,,,,,,,,,,234.32,600,234.33,600,234.53,1000,235.32,100,,,,,,,,,,,,
2026-02-05 09:31:30,234.225,234.23,1,234.13,200,234.32,600,234.32,234.13,234.13,200,234.11,200,234.0,600,233.51,1000,233.5,2300,,,,,,,,,,,234.32,600,234.33,600,234.53,1000,235.32,100,,,,,,,,,,,,
2026-02-05 09:31:31,234.225,234.23,1,234.13,200,234.32,600,234.32,234.13,234.13,200,234.11,200,234.0,600,233.51,1000,233.5,2300,,,,,,,,,,,234.32,600,234.33,600,234.53,1000,235.32,100,,,,,,,,,,,,
2026-02-05 09:31:32,234.225,234.23,1,234.13,200,234.32,500,234.32,234.13,234.13,200,234.11,200,234.0,600,233.51,1000,233.5,2300,,,,,,,,,,,234.32,500,234.33,600,234.53,1000,235.32,100,,,,,,,,,,,,
2026-02-05 09:31:33,234.115,234.12,1,234.0,600,234.23,800,234.23,234.0,234.0,600,233.51,1000,233.5,2300,,,,,,,,,,,,,,,234.23,800,234.32,500,234.33,600,234.53,1000,235.32,100,,,,,,,,,,
2026-02-05 09:31:34,234.115,234.12,1,234.0,600,234.23,900,234.23,234.0,234.0,600,233.51,1000,233.5,2300,,,,,,,,,,,,,,,234.23,900,234.32,500,234.33,600,234.53,1000,235.32,100,,,,,,,,,,
2026-02-05 09:31:35,234.12,234.12,1,234.01,100,234.23,900,234.23,234.01,234.01,100,234.0,600,233.51,1000,233.5,2300,,,,,,,,,,,,,234.23,900,234.32,500,234.33,600,234.53,1000,235.32,100,,,,,,,,,,
2026-02-05 09:31:36,234.12,234.12,1,234.01,100,234.23,900,234.23,234.01,234.01,100,234.0,600,233.51,1000,233.5,2300,,,,,,,,,,,,,234.23,900,234.32,500,234.33,600,234.53,1000,235.32,100,,,,,,,,,,
2026-02-05 09:31:37,234.12,234.12,1,234.01,100,234.23,900,234.23,234.01,234.01,100,234.0,600,233.51,1000,233.5,2300,,,,,,,,,,,,,234.23,900,234.32,500,234.33,600,234.53,1000,235.32,100,,,,,,,,,,
2026-02-05 09:31:38,234.12,234.12,1,234.01,100,234.23,900,234.23,234.01,234.01,100,234.0,600,233.51,1000,233.5,2300,,,,,,,,,,,,,234.23,900,234.32,500,234.33,600,234.53,1000,235.32,100,,,,,,,,,,
2026-02-05 09:31:39,234.12,234.12,1,234.01,100,234.23,1000,234.23,234.01,234.01,100,234.0,600,233.51,1000,233.5,2300,,,,,,,,,,,,,234.23,1000,234.32,500,234.33,600,234.53,1000,235.32,100,,,,,,,,,,
2026-02-05 09:31:40,234.12,234.12,1,234.01,100,234.23,1000,234.23,234.01,234.01,100,234.0,600,233.51,1000,233.5,2300,,,,,,,,,,,,,234.23,1000,234.32,500,234.33,600,234.53,1000,235.32,100,,,,,,,,,,
2026-02-05 09:31:41,234.12,234.12,1,234.01,100,234.23,1000,234.23,234.01,234.01,100,234.0,600,233.51,1000,233.5,2300,,,,,,,,,,,,,234.23,1000,234.32,500,234.33,600,234.53,1000,235.32,100,,,,,,,,,,
2026-02-05 09:31:42,234.115,234.12,1,234.0,600,234.23,1000,234.23,234.0,234.0,600,233.51,1000,233.5,2300,,,,,,,,,,,,,,,234.23,1000,234.32,500,234.33,600,234.53,1000,235.32,100,,,,,,,,,,
2026-02-05 09:31:43,234.055,234.06,1,233.96,100,234.15,700,234.15,233.96,233.96,100,233.51,1000,233.5,2300,,,,,,,,,,,,,,,234.15,700,234.16,500,234.23,1100,234.32,500,234.33,600,234.53,1000,235.32,100,,,,,,
2026-02-05 09:31:44,234.055,234.06,1,233.96,100,234.15,700,234.15,233.96,233.96,100,233.51,1000,233.5,2300,,,,,,,,,,,,,,,234.15,700,234.16,500,234.23,1100,234.32,500,234.33,600,234.53,1000,235.32,100,,,,,,
2026-02-05 09:31:45,234.055,234.06,1,233.96,100,234.15,700,234.15,233.96,233.96,100,233.51,1000,233.5,2300,,,,,,,,,,,,,,,234.15,700,234.16,500,234.23,1100,234.32,500,234.33,600,234.53,1000,235.32,100,,,,,,
2026-02-05 09:31:46,234.235,234.31,2,233.96,100,234.51,400,234.51,233.96,233.96,100,233.51,1000,233.5,2300,,,,,,,,,,,,,,,234.51,400,234.53,1000,235.32,100,,,,,,,,,,,,,,
2026-02-05 09:31:47,234.235,234.31,2,233.96,100,234.51,400,234.51,233.96,233.96,100,233.51,1000,233.5,2300,,,,,,,,,,,,,,,234.51,400,234.53,1000,235.32,100,,,,,,,,,,,,,,
2026-02-05 09:31:48,234.235,234.05,12,233.96,100,234.51,500,234.51,233.96,233.96,100,233.51,1000,233.5,2300,,,,,,,,,,,,,,,234.51,500,234.53,1000,235.32,100,,,,,,,,,,,,,,
2026-02-05 09:31:49,234.14,234.11,1,233.96,100,234.32,800,234.32,233.96,233.96,100,233.51,1000,233.5,2300,,,,,,,,,,,,,,,234.32,800,234.51,400,234.53,1000,235.32,100,,,,,,,,,,,,
2026-02-05 09:31:50,234.14,234.11,1,233.96,100,234.32,800,234.32,233.96,233.96,100,233.51,1000,233.5,2300,,,,,,,,,,,,,,,234.32,800,234.51,400,234.53,1000,235.32,100,,,,,,,,,,,,
2026-02-05 09:31:51,234.14,234.11,1,233.96,100,234.32,800,234.32,233.96,233.96,100,233.51,1000,233.5,2300,,,,,,,,,,,,,,,234.32,800,234.51,400,234.53,1000,235.32,100,,,,,,,,,,,,
2026-02-05 09:31:52,234.14,234.11,1,233.96,100,234.32,800,234.32,233.96,233.96,100,233.51,1000,233.5,2300,,,,,,,,,,,,,,,234.32,800,234.51,400,234.53,1000,235.32,100,,,,,,,,,,,,
2026-02-05 09:31:53,234.14,234.11,1,233.96,100,234.32,800,234.32,233.96,233.96,100,233.51,1000,233.5,2300,,,,,,,,,,,,,,,234.32,800,234.51,400,234.53,1000,235.32,100,,,,,,,,,,,,
2026-02-05 09:31:54,234.14,234.11,1,233.96,100,234.32,800,234.32,233.96,233.96,100,233.51,1000,233.5,2300,,,,,,,,,,,,,,,234.32,800,234.51,400,234.53,1000,235.32,100,,,,,,,,,,,,
2026-02-05 09:31:55,234.14,234.14,1,233.96,100,234.32,600,234.32,233.96,233.96,100,233.51,1000,233.5,2300,,,,,,,,,,,,,,,234.32,600,234.51,400,234.53,1000,235.32,100,,,,,,,,,,,,
2026-02-05 09:31:56,234.14,234.32,1,233.96,100,234.32,600,234.32,233.96,233.96,100,233.51,1000,233.5,2300,,,,,,,,,,,,,,,234.32,600,234.51,400,234.53,1000,235.32,100,,,,,,,,,,,,
2026-02-05 09:31:57,234.125,234.12,1,233.96,100,234.29,2200,234.29,233.96,233.96,100,233.51,1000,233.5,2300,,,,,,,,,,,,,,,234.29,2200,234.32,600,234.51,400,234.53,1000,235.32,100,,,,,,,,,,
2026-02-05 09:31:58,234.125,234.12,1,233.96,100,234.29,2200,234.29,233.96,233.96,100,233.51,1000,233.5,2300,,,,,,,,,,,,,,,234.29,2200,234.32,600,234.51,400,234.53,1000,235.32,100,,,,,,,,,,
2026-02-05 09:31:59,234.14,234.12,1,234.0,2100,234.28,200,234.28,234.0,234.0,2100,233.96,100,233.51,1000,233.5,2300,,,,,,,,,,,,,234.28,200,234.29,2200,234.32,600,234.51,400,234.53,1000,235.32,100,,,,,,,,
2026-02-05 09:32:00,234.14,234.12,1,234.0,2100,234.28,200,234.28,234.0,234.0,2100,233.96,100,233.51,1000,233.5,2300,,,,,,,,,,,,,234.28,200,234.29,2200,234.32,600,234.51,400,234.53,1000,235.32,100,,,,,,,,
2026-02-05 09:32:01,234.14,234.14,4,234.0,2100,234.28,200,234.28,234.0,234.0,2100,233.96,100,233.51,1000,233.5,2300,,,,,,,,,,,,,234.28,200,234.29,2200,234.32,600,234.51,400,234.53,1000,235.32,100,,,,,,,,
2026-02-05 09:32:02,234.14,234.14,4,234.0,2100,234.28,200,234.28,234.0,234.0,2100,233.96,100,233.51,1000,233.5,2300,,,,,,,,,,,,,234.28,200,234.29,2200,234.32,600,234.51,400,234.53,1000,235.32,100,,,,,,,,
2026-02-05 09:32:03,234.14,234.14,4,234.0,2100,234.28,200,234.28,234.0,234.0,2100,233.96,100,233.51,1000,233.5,2300,,,,,,,,,,,,,234.28,200,234.29,2200,234.32,600,234.51,400,234.53,1000,235.32,100,,,,,,,,
2026-02-05 09:32:04,234.14,234.14,4,234.0,2100,234.28,200,234.28,234.0,234.0,2100,233.96,100,233.51,1000,233.5,2300,,,,,,,,,,,,,234.28,200,234.29,2200,234.32,600,234.51,400,234.53,1000,235.32,100,,,,,,,,
2026-02-05 09:32:05,233.805,233.81,1,233.51,1200,234.1,200,234.1,233.51,233.51,1200,233.5,2300,,,,,,,,,,,,,,,,,234.1,200,234.14,400,234.27,100,234.28,200,234.29,2200,234.32,600,234.51,400,234.53,1000,235.32,100,,
2026-02-05 09:32:06,233.955,233.91,1,233.63,200,234.28,500,234.28,233.63,233.63,200,233.62,100,233.51,1200,233.5,2300,,,,,,,,,,,,,234.28,500,234.29,2200,234.32,600,234.51,400,234.53,1000,235.32,100,,,,,,,,
2026-02-05 09:32:07,233.955,233.96,4,233.63,200,234.28,500,234.28,233.63,233.63,200,233.62,100,233.51,1200,233.5,2300,,,,,,,,,,,,,234.28,500,234.29,2200,234.32,600,234.51,400,234.53,1000,235.32,100,,,,,,,,
2026-02-05 09:32:08,233.955,233.96,4,233.63,200,234.28,500,234.28,233.63,233.63,200,233.62,100,233.51,1200,233.5,2300,,,,,,,,,,,,,234.28,500,234.29,2200,234.32,600,234.51,400,234.53,1000,235.32,100,,,,,,,,
2026-02-05 09:32:09,233.955,233.96,4,233.63,200,234.28,500,234.28,233.63,233.63,200,233.62,100,233.51,1200,233.5,2300,,,,,,,,,,,,,234.28,500,234.29,2200,234.32,600,234.51,400,234.53,1000,235.32,100,,,,,,,,
2026-02-05 09:32:10,233.955,233.96,4,233.63,200,234.28,500,234.28,233.63,233.63,200,233.62,100,233.51,1200,233.5,2300,,,,,,,,,,,,,234.28,500,234.29,2200,234.32,600,234.51,400,234.53,1000,235.32,100,,,,,,,,
2026-02-05 09:32:11,233.955,233.97,1,233.63,200,234.28,500,234.28,233.63,233.63,200,233.62,100,233.51,1200,233.5,2300,,,,,,,,,,,,,234.28,500,234.29,2200,234.32,600,234.51,400,234.53,1000,235.32,100,,,,,,,,
2026-02-05 09:32:12,233.955,233.97,1,233.63,200,234.28,500,234.28,233.63,233.63,200,233.62,100,233.51,1200,233.5,2300,,,,,,,,,,,,,234.28,500,234.29,2200,234.32,600,234.51,400,234.53,1000,235.32,100,,,,,,,,
2026-02-05 09:32:13,233.875,234.0,2,233.63,200,234.12,400,234.12,233.63,233.63,200,233.62,100,233.51,1200,233.5,2300,,,,,,,,,,,,,234.12,400,234.28,400,234.29,2200,234.32,600,234.51,400,234.53,1000,235.32,100,,,,,,
2026-02-05 09:32:14,233.875,234.0,2,233.63,200,234.12,600,234.12,233.63,233.63,200,233.62,100,233.51,1200,233.5,2300,,,,,,,,,,,,,234.12,600,234.28,400,234.29,2200,234.32,600,234.51,400,234.53,1000,235.32,100,,,,,,
2026-02-05 09:32:15,233.875,233.91,1,233.63,200,234.12,600,234.12,233.63,233.63,200,233.62,100,233.51,1200,233.5,2300,,,,,,,,,,,,,234.12,600,234.28,400,234.29,2200,234.32,600,234.51,400,234.53,1000,235.32,100,,,,,,
2026-02-05 09:32:16,233.815,233.97,2,233.51,1200,234.12,600,234.12,233.51,233.51,1200,233.5,2300,,,,,,,,,,,,,,,,,234.12,600,234.28,400,234.29,2200,234.32,600,234.51,400,234.53,1000,235.32,100,,,,,,
2026-02-05 09:32:17,233.88,233.97,2,233.64,100,234.12,600,234.12,233.64,233.64,100,233.51,1200,233.5,2300,,,,,,,,,,,,,,,234.12,600,234.28,400,234.29,2200,234.32,600,234.51,400,234.53,1000,235.32,100,,,,,,
2026-02-05 09:32:18,233.885,233.97,2,233.65,100,234.12,600,234.12,233.65,233.65,100,233.64,100,233.51,1200,233.5,2300,,,,,,,,,,,,,234.12,600,234.28,400,234.29,2200,234.32,600,234.51,400,234.53,1000,235.32,100,,,,,,
2026-02-05 09:32:19,233.89,233.97,2,233.66,100,234.12,600,234.12,233.66,233.66,100,233.51,1200,233.5,2300,,,,,,,,,,,,,,,234.12,600,234.28,400,234.29,2200,234.32,600,234.51,400,234.53,1000,235.32,100,,,,,,
2026-02-05 09:32:20,233.89,233.97,2,233.66,100,234.12,600,234.12,233.66,233.66,100,233.51,1200,233.5,2300,,,,,,,,,,,,,,,234.12,600,234.28,400,234.29,2200,234.32,600,234.51,400,234.53,1000,235.32,100,,,,,,
2026-02-05 09:32:21,233.89,233.97,2,233.66,100,234.12,600,234.12,233.66,233.66,100,233.51,1200,233.5,2300,,,,,,,,,,,,,,,234.12,600,234.28,400,234.29,2200,234.32,600,234.51,400,234.53,1000,235.32,100,,,,,,
2026-02-05 09:32:22,233.9,233.97,2,233.68,100,234.12,600,234.12,233.68,233.68,100,233.67,100,233.51,1200,233.5,2300,,,,,,,,,,,,,234.12,600,234.28,400,234.29,2200,234.32,600,234.51,400,234.53,1000,235.32,100,,,,,,
2026-02-05 09:32:23,233.9,233.97,2,233.68,100,234.12,600,234.12,233.68,233.68,100,233.67,100,233.51,1200,233.5,2300,,,,,,,,,,,,,234.12,600,234.28,400,234.29,2200,234.32,600,234.51,400,234.53,1000,235.32,100,,,,,,
2026-02-05 09:32:24,233.9,233.97,2,233.68,100,234.12,600,234.12,233.68,233.68,100,233.67,100,233.51,1200,233.5,2300,,,,,,,,,,,,,234.12,600,234.28,400,234.29,2200,234.32,600,234.51,400,234.53,1000,235.32,100,,,,,,
2026-02-05 09:32:25,233.94,233.97,2,233.76,100,234.12,500,234.12,233.76,233.76,100,233.75,200,233.68,100,233.67,100,233.51,1200,233.5,2300,,,,,,,,,234.12,500,234.28,400,234.29,2200,234.32,600,234.51,400,234.53,1000,235.32,100,,,,,,
2026-02-05 09:32:26,234.205,234.29,18,233.91,200,234.5,300,234.5,233.91,233.91,200,233.9,300,233.8,200,233.76,100,233.75,200,233.68,100,233.67,100,233.51,1200,233.5,2300,,,234.5,300,234.51,400,234.53,1000,235.32,100,,,,,,,,,,,,
2026-02-05 09:32:27,234.4,234.5,1,234.27,100,234.53,1000,234.53,234.27,234.27,100,234.18,100,234.09,200,233.92,200,233.91,200,233.9,300,233.8,200,233.76,100,233.75,200,233.68,100,234.53,1000,235.32,100,,,,,,,,,,,,,,,,
2026-02-05 09:32:28,234.6,234.53,5,234.27,100,234.93,100,234.93,234.27,234.27,100,234.18,100,234.09,200,233.92,200,233.91,200,233.9,300,233.8,200,233.76,100,233.75,200,233.68,100,234.93,100,235.32,100,,,,,,,,,,,,,,,,
2026-02-05 09:32:29,234.6,234.6,1,234.27,100,234.93,100,234.93,234.27,234.27,100,234.18,100,234.09,200,233.92,200,233.91,200,233.9,300,233.8,200,233.76,100,233.75,200,233.68,100,234.93,100,235.32,100,,,,,,,,,,,,,,,,
2026-02-05 09:32:30,234.635,234.7,2,234.27,100,235.0,1800,235.0,234.27,234.27,100,234.18,100,234.09,200,233.92,200,233.91,200,233.9,300,233.8,200,233.76,100,233.75,200,233.68,100,235.0,1800,235.32,100,,,,,,,,,,,,,,,,
2026-02-05 09:32:31,234.56,234.7,2,234.29,100,234.83,100,234.83,234.29,234.29,100,234.28,100,234.27,100,234.18,100,234.09,200,233.92,200,233.91,200,233.9,300,233.8,200,233.76,100,234.83,100,234.92,100,234.93,100,235.0,1800,235.32,100,,,,,,,,,,
2026-02-05 09:32:32,234.56,234.56,1,234.29,100,234.83,100,234.83,234.29,234.29,100,234.28,100,234.27,100,234.18,100,234.09,200,233.92,200,233.91,200,233.9,300,233.8,200,233.76,100,234.83,100,234.92,100,234.93,100,235.0,1800,235.32,100,,,,,,,,,,
2026-02-05 09:32:33,234.645,234.56,1,234.29,100,235.0,1800,235.0,234.29,234.29,100,234.28,100,234.27,100,234.18,100,234.09,200,233.92,200,233.91,200,233.9,300,233.8,200,233.76,100,235.0,1800,235.32,100,,,,,,,,,,,,,,,,
2026-02-05 09:32:34,234.645,234.56,1,234.29,100,235.0,1800,235.0,234.29,234.29,100,234.28,100,234.27,100,234.18,100,234.09,200,233.92,200,233.91,200,233.9,300,233.8,200,233.76,100,235.0,1800,235.32,100,,,,,,,,,,,,,,,,
2026-02-05 09:32:35,234.645,234.56,1,234.29,100,235.0,1900,235.0,234.29,234.29,100,234.28,100,234.27,100,234.18,100,234.09,200,233.92,200,233.91,200,233.9,300,233.8,200,233.76,100,235.0,1900,235.32,100,,,,,,,,,,,,,,,,
2026-02-05 09:32:36,234.645,234.56,1,234.29,100,235.0,1900,235.0,234.29,234.29,100,234.28,100,234.27,100,234.18,100,234.09,200,233.92,200,233.91,200,233.9,300,233.8,200,233.76,100,235.0,1900,235.32,100,,,,,,,,,,,,,,,,
2026-02-05 09:32:37,234.645,234.56,1,234.29,100,235.0,1900,235.0,234.29,234.29,100,234.28,100,234.27,100,234.18,100,234.09,200,233.92,200,233.91,200,233.9,300,233.8,200,233.76,100,235.0,1900,235.32,100,,,,,,,,,,,,,,,,
2026-02-05 09:32:38,234.645,234.65,4,234.29,100,235.0,1900,235.0,234.29,234.29,100,234.28,100,234.27,100,234.18,100,234.09,200,233.92,200,233.91,200,233.9,300,233.8,200,233.76,100,235.0,1900,235.32,100,,,,,,,,,,,,,,,,
2026-02-05 09:32:39,234.645,234.65,1,234.29,100,235.0,1900,235.0,234.29,234.29,100,234.28,100,234.27,100,234.18,100,234.09,200,233.92,200,233.91,200,233.9,300,233.8,200,233.76,100,235.0,1900,235.32,100,,,,,,,,,,,,,,,,
2026-02-05 09:32:40,234.65,234.65,1,234.3,200,235.0,1900,235.0,234.3,234.3,200,234.23,100,234.18,100,234.09,200,233.92,200,233.91,200,233.9,300,233.8,200,233.76,100,233.75,200,235.0,1900,235.32,100,,,,,,,,,,,,,,,,
2026-02-05 09:32:41,234.65,234.65,1,234.3,100,235.0,1900,235.0,234.3,234.3,100,234.23,100,234.18,100,234.09,200,233.92,200,233.91,200,233.9,300,233.8,200,233.76,100,233.75,200,235.0,1900,235.32,100,,,,,,,,,,,,,,,,
2026-02-05 09:32:42,234.655,234.65,1,234.31,200,235.0,1900,235.0,234.31,234.31,200,234.3,100,234.23,100,234.18,100,234.09,200,233.92,200,233.91,200,233.9,300,233.8,200,233.76,100,235.0,1900,235.32,100,,,,,,,,,,,,,,,,
2026-02-05 09:32:43,234.655,234.65,1,234.31,200,235.0,1900,235.0,234.31,234.31,200,234.3,100,234.23,100,234.18,100,234.09,200,233.92,200,233.91,200,233.9,300,233.8,200,233.76,100,235.0,1900,235.32,100,,,,,,,,,,,,,,,,
2026-02-05 09:32:44,234.655,234.65,1,234.31,200,235.0,1900,235.0,234.31,234.31,200,234.3,100,234.23,100,234.18,100,234.09,200,233.92,200,233.91,200,233.9,300,233.8,200,233.76,100,235.0,1900,235.32,100,,,,,,,,,,,,,,,,
2026-02-05 09:32:45,234.655,234.65,1,234.31,200,235.0,1900,235.0,234.31,234.31,200,234.3,100,234.23,100,234.18,100,234.09,200,233.92,200,233.91,200,233.9,300,233.8,200,233.76,100,235.0,1900,235.32,100,,,,,,,,,,,,,,,,
2026-02-05 09:32:46,234.66,234.65,1,234.32,100,235.0,1900,235.0,234.32,234.32,100,234.31,200,234.3,100,234.23,100,234.18,100,234.09,200,233.92,200,233.91,200,233.9,300,233.8,200,235.0,1900,235.32,100,,,,,,,,,,,,,,,,
2026-02-05 09:32:47,234.66,234.65,1,234.32,100,235.0,1900,235.0,234.32,234.32,100,234.31,200,234.3,100,234.23,100,234.18,100,234.09,200,233.92,200,233.91,200,233.9,300,233.8,200,235.0,1900,235.32,100,,,,,,,,,,,,,,,,
2026-02-05 09:32:48,234.56,234.65,1,234.32,100,234.8,100,234.8,234.32,234.32,100,234.31,200,234.3,100,234.23,100,234.18,100,234.09,200,233.92,200,233.91,200,233.9,300,233.8,200,234.8,100,235.0,1900,235.32,100,,,,,,,,,,,,,,
2026-02-05 09:32:49,234.49,234.32,1,234.34,100,234.64,100,234.64,234.34,234.34,100,234.23,100,234.18,100,234.09,200,233.92,200,233.91,200,233.9,300,233.8,200,233.76,100,233.75,200,234.64,100,234.8,100,235.0,1900,235.32,100,,,,,,,,,,,,
2026-02-05 09:32:50,234.435,234.32,1,234.23,100,234.64,100,234.64,234.23,234.23,100,234.18,100,234.09,200,233.92,200,233.91,200,233.9,300,233.8,200,233.76,100,233.75,200,233.68,100,234.64,100,234.8,100,235.0,1900,235.32,100,,,,,,,,,,,,
2026-02-05 09:32:51,234.435,234.32,1,234.23,100,234.64,100,234.64,234.23,234.23,100,234.18,100,234.09,200,233.92,200,233.91,200,233.9,300,233.8,200,233.76,100,233.75,200,233.68,100,234.64,100,234.8,100,235.0,1900,235.32,100,,,,,,,,,,,,
2026-02-05 09:32:52,234.435,234.32,1,234.23,100,234.64,100,234.64,234.23,234.23,100,234.18,100,234.09,200,233.92,200,233.91,200,233.9,300,233.8,200,233.76,100,233.75,200,233.68,100,234.64,100,234.8,100,235.0,1900,235.32,100,,,,,,,,,,,,
2026-02-05 09:32:53,234.435,234.32,1,234.23,100,234.64,100,234.64,234.23,234.23,100,234.18,100,234.09,200,233.92,200,233.91,200,233.9,300,233.8,200,233.76,100,233.75,200,233.68,100,234.64,100,234.8,100,235.0,1900,235.32,100,,,,,,,,,,,,
2026-02-05 09:32:54,234.435,234.31,1,234.23,100,234.64,100,234.64,234.23,234.23,100,234.18,100,234.09,200,233.92,200,233.91,200,233.9,300,233.8,200,233.76,100,233.75,200,233.68,100,234.64,100,234.8,100,235.0,1900,235.32,100,,,,,,,,,,,,
2026-02-05 09:32:55,234.435,234.31,1,234.23,100,234.64,300,234.64,234.23,234.23,100,234.18,100,234.09,200,233.92,200,233.91,200,233.9,300,233.8,200,233.76,100,233.75,200,233.68,100,234.64,300,234.8,100,235.0,1900,235.32,100,,,,,,,,,,,,
2026-02-05 09:32:56,234.435,234.31,1,234.23,100,234.64,300,234.64,234.23,234.23,100,234.18,100,234.09,200,233.92,200,233.91,200,233.9,300,233.8,200,233.76,100,233.75,200,233.68,100,234.64,300,234.8,100,235.0,1900,235.32,100,,,,,,,,,,,,
2026-02-05 09:32:57,234.435,234.3,1,234.23,100,234.64,300,234.64,234.23,234.23,100,234.18,100,234.09,200,233.92,200,233.91,200,233.9,300,233.8,200,233.76,100,233.75,200,233.68,100,234.64,300,234.8,100,235.0,1900,235.32,100,,,,,,,,,,,,
2026-02-05 09:32:58,234.435,234.3,1,234.23,100,234.64,300,234.64,234.23,234.23,100,234.18,100,234.09,200,233.92,200,233.91,200,233.9,300,233.8,200,233.76,100,233.75,200,233.68,100,234.64,300,234.8,100,235.0,1900,235.32,100,,,,,,,,,,,,
2026-02-05 09:32:59,234.315,234.1,2,234.1,100,234.53,200,234.53,234.1,234.1,100,234.09,200,233.92,200,233.91,200,233.9,300,233.8,200,233.76,100,233.75,200,233.68,100,233.67,100,234.53,200,234.63,100,234.64,400,234.8,100,235.0,1900,235.32,100,,,,,,,,
2026-02-05 09:33:00,234.315,234.32,1,234.1,100,234.53,200,234.53,234.1,234.1,100,234.09,200,233.92,200,233.91,200,233.9,300,233.8,200,233.76,100,233.75,200,233.68,100,233.67,100,234.53,200,234.63,100,234.64,400,234.8,100,235.0,1900,235.32,100,,,,,,,,
2026-02-05 09:33:01,234.315,234.32,1,234.1,100,234.53,200,234.53,234.1,234.1,100,234.09,200,233.92,200,233.91,200,233.9,300,233.8,200,233.76,100,233.75,200,233.68,100,233.67,100,234.53,200,234.63,100,234.64,400,234.8,100,235.0,1900,235.32,100,,,,,,,,
2026-02-05 09:33:02,234.315,234.32,1,234.1,100,234.53,200,234.53,234.1,234.1,100,234.09,200,233.92,200,233.91,200,233.9,300,233.8,200,233.76,100,233.75,200,233.68,100,233.67,100,234.53,200,234.63,100,234.64,400,234.8,100,235.0,1900,235.32,100,,,,,,,,
2026-02-05 09:33:03,234.315,234.32,1,234.1,100,234.53,200,234.53,234.1,234.1,100,234.09,200,233.92,200,233.91,200,233.9,300,233.8,200,233.76,100,233.75,200,233.68,100,233.67,100,234.53,200,234.63,100,234.64,400,234.8,100,235.0,1900,235.32,100,,,,,,,,
2026-02-05 09:33:04,234.315,234.32,1,234.1,100,234.53,200,234.53,234.1,234.1,100,234.09,200,233.92,200,233.91,200,233.9,300,233.8,200,233.76,100,233.75,200,233.68,100,233.67,100,234.53,200,234.63,100,234.64,400,234.8,100,235.0,1900,235.32,100,,,,,,,,
2026-02-05 09:33:05,234.315,234.32,1,234.1,100,234.53,200,234.53,234.1,234.1,100,234.09,200,233.92,200,233.91,200,233.9,300,233.8,200,233.76,100,233.75,200,233.68,100,233.67,100,234.53,200,234.63,100,234.64,400,234.8,100,235.0,1900,235.32,100,,,,,,,,
2026-02-05 09:33:06,234.315,234.32,1,234.1,100,234.53,200,234.53,234.1,234.1,100,234.09,200,233.92,200,233.91,200,233.9,300,233.8,200,233.76,100,233.75,200,233.68,100,233.67,100,234.53,200,234.63,100,234.64,400,234.8,100,235.0,1900,235.32,100,,,,,,,,
2026-02-05 09:33:07,234.315,234.32,1,234.1,100,234.53,200,234.53,234.1,234.1,100,234.09,200,233.92,200,233.91,200,233.9,300,233.8,200,233.76,100,233.75,200,233.68,100,233.67,100,234.53,200,234.63,100,234.64,400,234.8,100,235.0,1900,235.32,100,,,,,,,,
2026-02-05 09:33:08,234.315,234.32,1,234.1,100,234.53,200,234.53,234.1,234.1,100,234.09,200,233.92,200,233.91,200,233.9,300,233.8,200,233.76,100,233.75,200,233.68,100,233.67,100,234.53,200,234.63,100,234.64,400,234.8,100,235.0,1900,235.32,100,,,,,,,,
2026-02-05 09:33:09,234.315,234.32,1,234.1,100,234.53,300,234.53,234.1,234.1,100,234.09,200,233.92,200,233.91,200,233.9,300,233.8,200,233.76,100,233.75,200,233.68,100,233.67,100,234.53,300,234.63,100,234.64,400,234.8,100,235.0,1900,235.32,100,,,,,,,,
2026-02-05 09:33:10,234.315,234.32,1,234.1,100,234.53,300,234.53,234.1,234.1,100,234.09,200,233.92,200,233.91,200,233.9,300,233.8,200,233.76,100,233.75,200,233.68,100,233.67,100,234.53,300,234.63,100,234.64,400,234.8,100,235.0,1900,235.32,100,,,,,,,,
2026-02-05 09:33:11,234.315,234.32,1,234.1,100,234.53,300,234.53,234.1,234.1,100,234.09,200,233.92,200,233.91,200,233.9,300,233.8,200,233.76,100,233.75,200,233.68,100,233.67,100,234.53,300,234.63,100,234.64,400,234.8,100,235.0,1900,235.32,100,,,,,,,,
2026-02-05 09:33:12,234.315,234.32,1,234.1,100,234.53,300,234.53,234.1,234.1,100,234.09,200,233.92,200,233.91,200,233.9,300,233.8,200,233.76,100,233.75,200,233.68,100,233.67,100,234.53,300,234.63,100,234.64,400,234.8,100,235.0,1900,235.32,100,,,,,,,,
2026-02-05 09:33:13,234.315,234.32,1,234.1,100,234.53,300,234.53,234.1,234.1,100,234.09,200,233.92,200,233.91,200,233.9,300,233.8,200,233.76,100,233.75,200,233.68,100,233.67,100,234.53,300,234.63,100,234.64,400,234.8,100,235.0,1900,235.32,100,,,,,,,,
2026-02-05 09:33:14,234.315,234.32,1,234.1,100,234.53,300,234.53,234.1,234.1,100,234.09,200,233.92,200,233.91,200,233.9,300,233.8,200,233.76,100,233.75,200,233.68,100,233.67,100,234.53,300,234.63,100,234.64,400,234.8,100,235.0,1900,235.32,100,,,,,,,,
2026-02-05 09:33:15,234.315,234.32,1,234.1,100,234.53,300,234.53,234.1,234.1,100,234.09,200,233.92,200,233.91,200,233.9,300,233.8,200,233.76,100,233.75,200,233.68,100,233.67,100,234.53,300,234.63,100,234.64,400,234.8,100,235.0,1900,235.32,100,,,,,,,,
2026-02-05 09:33:16,234.315,234.32,1,234.1,100,234.53,300,234.53,234.1,234.1,100,234.09,200,233.92,200,233.91,200,233.9,300,233.8,200,233.76,100,233.75,200,233.68,100,233.67,100,234.53,300,234.63,100,234.64,400,234.8,100,235.0,1900,235.32,100,,,,,,,,
2026-02-05 09:33:17,234.315,234.32,1,234.1,100,234.53,300,234.53,234.1,234.1,100,234.09,200,233.92,200,233.91,200,233.9,300,233.8,200,233.76,100,233.75,200,233.68,100,233.67,100,234.53,300,234.63,100,234.64,400,234.8,100,235.0,1900,235.32,100,,,,,,,,
2026-02-05 09:33:18,234.315,234.32,1,234.1,100,234.53,300,234.53,234.1,234.1,100,234.09,200,233.92,200,233.91,200,233.9,300,233.8,200,233.76,100,233.75,200,233.68,100,233.67,100,234.53,300,234.63,100,234.64,400,234.8,100,235.0,1900,235.32,100,,,,,,,,
2026-02-05 09:33:19,234.315,234.32,1,234.1,100,234.53,300,234.53,234.1,234.1,100,234.09,200,233.92,200,233.91,200,233.9,300,233.8,200,233.76,100,233.75,200,233.68,100,233.67,100,234.53,300,234.63,100,234.64,400,234.8,100,235.0,1900,235.32,100,,,,,,,,
2026-02-05 09:33:20,234.315,234.11,16,234.1,200,234.53,400,234.53,234.1,234.1,200,234.09,200,233.92,200,233.91,200,233.9,300,233.8,200,233.76,100,233.75,200,233.68,100,233.67,100,234.53,400,234.63,100,234.64,400,234.8,100,235.0,1900,235.32,100,,,,,,,,
2026-02-05 09:33:21,234.315,234.32,1,234.1,200,234.53,400,234.53,234.1,234.1,200,234.09,200,233.92,200,233.91,200,233.9,300,233.8,200,233.76,100,233.75,200,233.68,100,233.67,100,234.53,400,234.63,100,234.64,400,234.8,100,235.0,1900,235.32,100,,,,,,,,
2026-02-05 09:33:22,234.315,234.32,1,234.1,200,234.53,400,234.53,234.1,234.1,200,234.09,200,233.92,200,233.91,200,233.9,300,233.8,200,233.76,100,233.75,200,233.68,100,233.67,100,234.53,400,234.63,100,234.64,400,234.8,100,235.0,1900,235.32,100,,,,,,,,
2026-02-05 09:33:23,234.315,234.49,1,234.1,200,234.53,400,234.53,234.1,234.1,200,234.09,200,233.92,200,233.91,200,233.9,300,233.8,200,233.76,100,233.75,200,233.68,100,233.67,100,234.53,400,234.63,100,234.64,400,234.8,100,235.0,1900,235.32,100,,,,,,,,
2026-02-05 09:33:24,234.315,234.49,1,234.1,200,234.53,400,234.53,234.1,234.1,200,234.09,200,233.92,200,233.91,200,233.9,300,233.8,200,233.76,100,233.75,200,233.68,100,233.67,100,234.53,400,234.63,100,234.64,400,234.8,100,235.0,1900,235.32,100,,,,,,,,
2026-02-05 09:33:25,234.765,234.53,1,234.53,200,235.0,1800,235.0,234.53,234.53,200,234.52,100,234.32,100,234.21,100,234.16,100,234.11,100,234.1,200,234.09,200,233.92,200,233.91,200,235.0,1800,235.32,100,,,,,,,,,,,,,,,,
2026-02-05 09:33:26,234.765,234.53,1,234.53,200,235.0,1800,235.0,234.53,234.53,200,234.52,100,234.32,100,234.21,100,234.16,100,234.11,100,234.1,200,234.09,200,233.92,200,233.91,200,235.0,1800,235.32,100,,,,,,,,,,,,,,,,
2026-02-05 09:33:27,234.765,234.53,1,234.53,200,235.0,1800,235.0,234.53,234.53,200,234.52,100,234.32,100,234.21,100,234.16,100,234.11,100,234.1,200,234.09,200,233.92,200,233.91,200,235.0,1800,235.32,100,,,,,,,,,,,,,,,,
2026-02-05 09:33:28,234.765,234.76,1,234.53,200,235.0,1800,235.0,234.53,234.53,200,234.52,100,234.32,100,234.21,100,234.16,100,234.11,100,234.1,200,234.09,200,233.92,200,233.91,200,235.0,1800,235.32,100,,,,,,,,,,,,,,,,
2026-02-05 09:33:29,234.765,234.85,1,234.53,200,235.0,1800,235.0,234.53,234.53,200,234.52,100,234.32,100,234.21,100,234.16,100,234.11,100,234.1,200,234.09,200,233.92,200,233.91,200,235.0,1800,235.32,100,,,,,,,,,,,,,,,,
2026-02-05 09:33:30,234.765,234.84,2,234.53,200,235.0,1800,235.0,234.53,234.53,200,234.52,100,234.32,100,234.21,100,234.16,100,234.11,100,234.1,200,234.09,200,233.92,200,233.91,200,235.0,1800,235.32,100,,,,,,,,,,,,,,,,
2026-02-05 09:33:31,234.765,234.76,1,234.53,200,235.0,1800,235.0,234.53,234.53,200,234.52,100,234.32,100,234.21,100,234.16,100,234.11,100,234.1,200,234.09,200,233.92,200,233.91,200,235.0,1800,235.32,100,,,,,,,,,,,,,,,,
2026-02-05 09:33:32,234.765,234.76,1,234.53,200,235.0,1900,235.0,234.53,234.53,200,234.52,100,234.32,100,234.21,100,234.16,100,234.11,100,234.1,200,234.09,200,233.92,200,233.91,200,235.0,1900,235.32,100,,,,,,,,,,,,,,,,
2026-02-05 09:33:33,234.765,234.76,1,234.53,200,235.0,1900,235.0,234.53,234.53,200,234.52,100,234.32,100,234.21,100,234.16,100,234.11,100,234.1,200,234.09,200,233.92,200,233.91,200,235.0,1900,235.32,100,,,,,,,,,,,,,,,,
2026-02-05 09:33:34,234.765,234.76,1,234.53,200,235.0,1900,235.0,234.53,234.53,200,234.52,100,234.32,100,234.21,100,234.16,100,234.11,100,234.1,200,234.09,200,233.92,200,233.91,200,235.0,1900,235.32,100,,,,,,,,,,,,,,,,
2026-02-05 09:33:35,234.765,234.7,2,234.53,200,235.0,1900,235.0,234.53,234.53,200,234.52,100,234.32,100,234.21,100,234.16,100,234.11,100,234.1,200,234.09,200,233.92,200,233.91,200,235.0,1900,235.32,100,,,,,,,,,,,,,,,,
2026-02-05 09:33:36,234.765,234.7,2,234.53,200,235.0,1900,235.0,234.53,234.53,200,234.52,100,234.32,100,234.21,100,234.16,100,234.11,100,234.1,200,234.09,200,233.92,200,233.91,200,235.0,1900,235.32,100,,,,,,,,,,,,,,,,
2026-02-05 09:33:37,234.765,234.7,2,234.53,200,235.0,1800,235.0,234.53,234.53,200,234.52,100,234.32,100,234.21,100,234.16,100,234.11,100,234.1,200,234.09,200,233.92,200,233.91,200,235.0,1800,235.32,100,,,,,,,,,,,,,,,,
2026-02-05 09:33:38,234.765,234.7,2,234.53,200,235.0,1800,235.0,234.53,234.53,200,234.52,100,234.32,100,234.21,100,234.16,100,234.11,100,234.1,200,234.09,200,233.92,200,233.91,200,235.0,1800,235.32,100,,,,,,,,,,,,,,,,
2026-02-05 09:33:39,234.765,234.7,2,234.53,200,235.0,1800,235.0,234.53,234.53,200,234.52,100,234.32,100,234.21,100,234.16,100,234.11,100,234.1,200,234.09,200,233.92,200,233.91,200,235.0,1800,235.32,100,,,,,,,,,,,,,,,,
2026-02-05 09:33:40,234.765,234.7,2,234.53,200,235.0,1800,235.0,234.53,234.53,200,234.52,100,234.32,100,234.21,100,234.16,100,234.11,100,234.1,200,234.09,200,233.92,200,233.91,200,235.0,1800,235.32,100,,,,,,,,,,,,,,,,
2026-02-05 09:33:41,234.765,234.76,3,234.53,200,235.0,1800,235.0,234.53,234.53,200,234.52,100,234.32,100,234.21,100,234.16,100,234.11,100,234.1,200,234.09,200,233.92,200,233.91,200,235.0,1800,235.32,100,,,,,,,,,,,,,,,,
2026-02-05 09:33:42,234.765,234.76,3,234.53,100,235.0,1800,235.0,234.53,234.53,100,234.52,100,234.32,100,234.21,100,234.16,100,234.11,100,234.1,200,234.09,200,233.92,200,233.91,200,235.0,1800,235.32,100,,,,,,,,,,,,,,,,
2026-02-05 09:33:43,234.765,234.76,3,234.53,100,235.0,1800,235.0,234.53,234.53,100,234.52,100,234.32,100,234.21,100,234.16,100,234.11,100,234.1,200,234.09,200,233.92,200,233.91,200,235.0,1800,235.32,100,,,,,,,,,,,,,,,,
2026-02-05 09:33:44,234.765,234.76,3,234.53,100,235.0,1800,235.0,234.53,234.53,100,234.52,100,234.32,100,234.21,100,234.16,100,234.11,100,234.1,200,234.09,200,233.92,200,233.91,200,235.0,1800,235.32,100,,,,,,,,,,,,,,,,
2026-02-05 09:33:45,234.765,234.76,3,234.53,100,235.0,1800,235.0,234.53,234.53,100,234.52,100,234.32,100,234.21,100,234.16,100,234.11,100,234.1,200,234.09,200,233.92,200,233.91,200,235.0,1800,235.32,100,,,,,,,,,,,,,,,,
2026-02-05 09:33:46,234.765,234.76,1,234.53,100,235.0,1900,235.0,234.53,234.53,100,234.52,100,234.32,100,234.21,100,234.16,100,234.11,100,234.1,200,234.09,200,233.92,200,233.91,200,235.0,1900,235.32,100,,,,,,,,,,,,,,,,
2026-02-05 09:33:47,234.825,234.76,1,234.65,200,235.0,1900,235.0,234.65,234.65,200,234.53,100,234.52,100,234.32,100,234.21,100,234.16,100,234.11,100,234.1,200,234.09,200,233.92,200,235.0,1900,235.32,100,,,,,,,,,,,,,,,,
2026-02-05 09:33:48,234.825,234.76,1,234.65,200,235.0,1900,235.0,234.65,234.65,200,234.53,100,234.52,100,234.32,100,234.21,100,234.16,100,234.11,100,234.1,200,234.09,200,233.92,200,235.0,1900,235.32,100,,,,,,,,,,,,,,,,
2026-02-05 09:33:49,234.825,234.76,1,234.65,200,235.0,1900,235.0,234.65,234.65,200,234.53,100,234.52,100,234.32,100,234.21,100,234.16,100,234.11,100,234.1,200,234.09,200,233.92,200,235.0,1900,235.32,100,,,,,,,,,,,,,,,,
2026-02-05 09:33:50,234.825,234.76,1,234.65,200,235.0,1900,235.0,234.65,234.65,200,234.53,100,234.52,100,234.32,100,234.21,100,234.16,100,234.11,100,234.1,200,234.09,200,233.92,200,235.0,1900,235.32,100,,,,,,,,,,,,,,,,
2026-02-05 09:33:51,234.825,234.76,1,234.65,200,235.0,1900,235.0,234.65,234.65,200,234.53,100,234.52,100,234.32,100,234.21,100,234.16,100,234.11,100,234.1,200,234.09,200,233.92,200,235.0,1900,235.32,100,,,,,,,,,,,,,,,,
2026-02-05 09:33:52,234.825,234.76,1,234.65,200,235.0,1900,235.0,234.65,234.65,200,234.53,100,234.52,100,234.32,100,234.21,100,234.16,100,234.11,100,234.1,200,234.09,200,233.92,200,235.0,1900,235.32,100,,,,,,,,,,,,,,,,
2026-02-05 09:33:53,234.825,234.83,3,234.65,200,235.0,1900,235.0,234.65,234.65,200,234.53,100,234.52,100,234.32,100,234.21,100,234.16,100,234.11,100,234.1,200,234.09,200,233.92,200,235.0,1900,235.32,100,,,,,,,,,,,,,,,,
2026-02-05 09:33:54,234.825,234.83,3,234.65,200,235.0,1900,235.0,234.65,234.65,200,234.53,100,234.52,100,234.32,100,234.21,100,234.16,100,234.11,100,234.1,200,234.09,200,233.92,200,235.0,1900,235.32,100,,,,,,,,,,,,,,,,
2026-02-05 09:33:55,234.825,234.83,3,234.65,200,235.0,1900,235.0,234.65,234.65,200,234.53,100,234.52,100,234.32,100,234.21,100,234.16,100,234.11,100,234.1,200,234.09,200,233.92,200,235.0,1900,235.32,100,,,,,,,,,,,,,,,,
2026-02-05 09:33:56,234.635,234.65,1,234.27,200,235.0,2000,235.0,234.27,234.27,200,234.2,200,234.16,100,234.11,100,234.1,200,234.09,200,233.92,200,233.91,200,233.9,300,233.8,200,235.0,2000,235.32,100,,,,,,,,,,,,,,,,
2026-02-05 09:33:57,234.63,234.65,1,234.27,200,234.99,200,234.99,234.27,234.27,200,234.2,200,234.16,100,234.11,100,234.1,200,234.09,200,233.92,200,233.91,200,233.9,300,233.8,200,234.99,200,235.0,1900,235.32,100,,,,,,,,,,,,,,
2026-02-05 09:33:58,234.63,234.65,1,234.27,200,234.99,200,234.99,234.27,234.27,200,234.2,200,234.16,100,234.11,100,234.1,200,234.09,200,233.92,200,233.91,200,233.9,300,233.8,200,234.99,200,235.0,1900,235.32,100,,,,,,,,,,,,,,
2026-02-05 09:33:59,234.63,234.65,1,234.27,200,234.99,200,234.99,234.27,234.27,200,234.2,200,234.16,100,234.11,100,234.1,200,234.09,200,233.92,200,233.91,200,233.9,300,233.8,200,234.99,200,235.0,1900,235.32,100,,,,,,,,,,,,,,
2026-02-05 09:34:00,234.63,234.65,1,234.27,200,234.99,200,234.99,234.27,234.27,200,234.2,200,234.16,100,234.11,100,234.1,200,234.09,200,233.92,200,233.91,200,233.9,300,233.8,200,234.99,200,235.0,1900,235.32,100,,,,,,,,,,,,,,
2026-02-05 09:34:01,234.63,234.65,1,234.27,200,234.99,300,234.99,234.27,234.27,200,234.2,200,234.16,100,234.11,100,234.1,200,234.09,200,233.92,200,233.91,200,233.9,300,233.8,200,234.99,300,235.0,1900,235.32,100,,,,,,,,,,,,,,
2026-02-05 09:34:02,234.465,234.6,1,234.27,200,234.66,300,234.66,234.27,234.27,200,234.2,200,234.16,100,234.11,100,234.1,200,234.09,200,233.92,200,233.91,200,233.9,300,233.8,200,234.66,300,234.99,300,235.0,1900,235.32,100,,,,,,,,,,,,
2026-02-05 09:34:03,234.465,234.6,1,234.27,200,234.66,300,234.66,234.27,234.27,200,234.2,200,234.16,100,234.11,100,234.1,200,234.09,200,233.92,200,233.91,200,233.9,300,233.8,200,234.66,300,234.99,300,235.0,1900,235.32,100,,,,,,,,,,,,
2026-02-05 09:34:04,234.465,234.6,1,234.27,200,234.66,300,234.66,234.27,234.27,200,234.2,200,234.16,100,234.11,100,234.1,200,234.09,200,233.92,200,233.91,200,233.9,300,233.8,200,234.66,300,234.99,300,235.0,1900,235.32,100,,,,,,,,,,,,
2026-02-05 09:34:05,234.38,234.6,1,234.1,500,234.66,300,234.66,234.1,234.1,500,234.09,200,233.92,200,233.91,200,233.9,300,233.8,200,233.76,100,233.75,200,233.68,100,233.67,100,234.66,300,234.99,300,235.0,1900,235.32,100,,,,,,,,,,,,
2026-02-05 09:34:06,234.34,234.24,1,234.1,500,234.58,200,234.58,234.1,234.1,500,234.09,200,233.92,200,233.91,200,233.9,300,233.8,200,233.76,100,233.75,200,233.68,100,233.67,100,234.58,200,234.59,100,234.65,200,234.66,400,234.99,300,235.0,1900,235.32,100,,,,,,
2026-02-05 09:34:07,234.34,234.34,1,234.1,500,234.58,300,234.58,234.1,234.1,500,234.09,200,233.92,200,233.91,200,233.9,300,233.8,200,233.76,100,233.75,200,233.68,100,233.67,100,234.58,300,234.59,100,234.65,200,234.66,400,234.99,300,235.0,1900,235.32,100,,,,,,
2026-02-05 09:34:08,234.34,234.34,1,234.1,500,234.58,300,234.58,234.1,234.1,500,234.09,200,233.92,200,233.91,200,233.9,300,233.8,200,233.76,100,233.75,200,233.68,100,233.67,100,234.58,300,234.59,100,234.65,200,234.66,400,234.99,300,235.0,1900,235.32,100,,,,,,
2026-02-05 09:34:09,234.34,234.34,1,234.1,500,234.58,300,234.58,234.1,234.1,500,234.09,200,233.92,200,233.91,200,233.9,300,233.8,200,233.76,100,233.75,200,233.68,100,233.67,100,234.58,300,234.59,100,234.65,200,234.66,400,234.99,300,235.0,1900,235.32,100,,,,,,
2026-02-05 09:34:10,234.34,234.1,2,234.1,500,234.58,300,234.58,234.1,234.1,500,234.09,200,233.92,200,233.91,200,233.9,300,233.8,200,233.76,100,233.75,200,233.68,100,233.67,100,234.58,300,234.59,100,234.65,200,234.66,400,234.99,300,235.0,1900,235.32,100,,,,,,
2026-02-05 09:34:11,234.34,234.34,1,234.1,500,234.58,600,234.58,234.1,234.1,500,234.09,200,233.92,200,233.91,200,233.9,300,233.8,200,233.76,100,233.75,200,233.68,100,233.67,100,234.58,600,234.59,100,234.65,200,234.66,400,234.99,300,235.0,1900,235.32,100,,,,,,
2026-02-05 09:34:12,234.31,234.1,3,234.04,200,234.58,400,234.58,234.04,234.04,200,233.92,200,233.91,200,233.9,300,233.8,200,233.76,100,233.75,200,233.68,100,233.67,100,233.51,1200,234.58,400,234.59,100,234.65,200,234.66,400,234.99,300,235.0,1900,235.32,100,,,,,,
2026-02-05 09:34:13,234.315,234.32,2,234.05,100,234.58,400,234.58,234.05,234.05,100,234.04,200,233.92,200,233.91,200,233.9,300,233.8,200,233.76,100,233.75,200,233.68,100,233.67,100,234.58,400,234.59,100,234.65,200,234.66,400,234.99,300,235.0,1900,235.32,100,,,,,,
2026-02-05 09:34:14,234.315,234.32,2,234.05,100,234.58,400,234.58,234.05,234.05,100,234.04,200,233.92,200,233.91,200,233.9,300,233.8,200,233.76,100,233.75,200,233.68,100,233.67,100,234.58,400,234.59,100,234.65,200,234.66,400,234.99,300,235.0,1900,235.32,100,,,,,,
2026-02-05 09:34:15,234.315,234.32,2,234.05,100,234.58,400,234.58,234.05,234.05,100,234.04,200,233.92,200,233.91,200,233.9,300,233.8,200,233.76,100,233.75,200,233.68,100,233.67,100,234.58,400,234.59,100,234.65,200,234.66,400,234.99,300,235.0,1900,235.32,100,,,,,,
2026-02-05 09:34:16,234.34,234.32,2,234.1,100,234.58,400,234.58,234.1,234.1,100,234.05,100,234.04,200,233.92,200,233.91,200,233.9,300,233.8,200,233.76,100,233.75,200,233.68,100,234.58,400,234.59,100,234.65,200,234.66,400,234.99,300,235.0,1900,235.32,100,,,,,,
2026-02-05 09:34:17,234.34,234.32,2,234.11,100,234.57,100,234.57,234.11,234.11,100,234.1,100,234.05,100,234.04,200,233.92,200,233.91,200,233.9,300,233.8,200,233.76,100,233.75,200,234.57,100,234.58,300,234.59,100,234.65,200,234.66,400,234.99,300,235.0,1900,235.32,100,,,,
2026-02-05 09:34:18,234.34,234.32,2,234.11,100,234.57,100,234.57,234.11,234.11,100,234.1,100,234.05,100,234.04,200,233.92,200,233.91,200,233.9,300,233.8,200,233.76,100,233.75,200,234.57,100,234.58,300,234.59,100,234.65,200,234.66,400,234.99,300,235.0,1900,235.32,100,,,,
2026-02-05 09:34:19,234.34,234.32,2,234.11,100,234.57,100,234.57,234.11,234.11,100,234.1,100,234.05,100,234.04,200,233.92,200,233.91,200,233.9,300,233.8,200,233.76,100,233.75,200,234.57,100,234.58,300,234.59,100,234.65,200,234.66,400,234.99,300,235.0,1900,235.32,100,,,,
2026-02-05 09:34:20,234.355,234.32,2,234.14,100,234.57,100,234.57,234.14,234.14,100,234.13,100,234.12,300,234.11,100,234.1,100,234.05,100,234.04,200,233.92,200,233.91,200,233.9,300,234.57,100,234.58,300,234.59,100,234.65,200,234.66,400,234.99,300,235.0,1900,235.32,100,,,,
2026-02-05 09:34:21,234.355,234.32,2,234.14,100,234.57,100,234.57,234.14,234.14,100,234.13,100,234.12,300,234.11,100,234.1,100,234.05,100,234.04,200,233.92,200,233.91,200,233.9,300,234.57,100,234.58,300,234.59,100,234.65,200,234.66,400,234.99,300,235.0,1900,235.32,100,,,,
2026-02-05 09:34:22,234.355,234.32,2,234.14,100,234.57,100,234.57,234.14,234.14,100,234.13,100,234.12,300,234.11,100,234.1,100,234.05,100,234.04,200,233.92,200,233.91,200,233.9,300,234.57,100,234.58,300,234.59,100,234.65,200,234.66,400,234.99,300,235.0,1900,235.32,100,,,,
2026-02-05 09:34:23,234.355,234.32,2,234.14,100,234.57,100,234.57,234.14,234.14,100,234.13,100,234.12,300,234.11,100,234.1,100,234.05,100,234.04,200,233.92,200,233.91,200,233.9,300,234.57,100,234.58,300,234.59,100,234.65,200,234.66,400,234.99,300,235.0,1900,235.32,100,,,,
2026-02-05 09:34:24,234.395,234.32,2,234.22,100,234.57,200,234.57,234.22,234.22,100,234.12,300,234.11,100,234.1,100,234.05,100,234.04,200,233.92,200,233.91,200,233.9,300,233.8,200,234.57,200,234.58,300,234.59,100,234.65,200,234.66,400,234.99,300,235.0,1900,235.32,100,,,,
2026-02-05 09:34:25,234.385,234.58,1,234.12,300,234.65,400,234.65,234.12,234.12,300,234.11,100,234.1,100,234.05,100,234.04,200,233.92,200,233.91,200,233.9,300,233.8,200,233.76,100,234.65,400,234.66,400,234.99,300,235.0,1900,235.32,100,,,,,,,,,,
2026-02-05 09:34:26,234.385,234.39,1,234.12,300,234.65,400,234.65,234.12,234.12,300,234.11,100,234.1,100,234.05,100,234.04,200,233.92,200,233.91,200,233.9,300,233.8,200,233.76,100,234.65,400,234.66,400,234.99,300,235.0,1900,235.32,100,,,,,,,,,,
2026-02-05 09:34:27,234.385,234.46,1,234.12,300,234.65,400,234.65,234.12,234.12,300,234.11,100,234.1,100,234.05,100,234.04,200,233.92,200,233.91,200,233.9,300,233.8,200,233.76,100,234.65,400,234.66,400,234.99,300,235.0,1900,235.32,100,,,,,,,,,,
2026-02-05 09:34:28,234.39,234.39,1,234.13,100,234.65,400,234.65,234.13,234.13,100,234.12,300,234.11,100,234.1,100,234.05,100,234.04,200,233.92,200,233.91,200,233.9,300,233.8,200,234.65,400,234.66,400,234.99,300,235.0,1900,235.32,100,,,,,,,,,,
2026-02-05 09:34:29,234.39,234.39,4,234.13,100,234.65,400,234.65,234.13,234.13,100,234.12,300,234.11,100,234.1,100,234.05,100,234.04,200,233.92,200,233.91,200,233.9,300,233.8,200,234.65,400,234.66,400,234.99,300,235.0,1900,235.32,100,,,,,,,,,,
2026-02-05 09:34:30,234.39,234.39,4,234.13,100,234.65,600,234.65,234.13,234.13,100,234.12,300,234.11,100,234.1,100,234.05,100,234.04,200,233.92,200,233.91,200,233.9,300,233.8,200,234.65,600,234.66,400,234.99,300,235.0,1900,235.32,100,,,,,,,,,,
2026-02-05 09:34:31,234.39,234.36,1,234.13,100,234.65,700,234.65,234.13,234.13,100,234.12,300,234.11,100,234.1,100,234.05,100,234.04,200,233.92,200,233.91,200,233.9,300,233.8,200,234.65,700,234.66,400,234.99,300,235.0,1900,235.32,100,,,,,,,,,,
2026-02-05 09:34:32,234.39,234.3,6,234.13,100,234.65,900,234.65,234.13,234.13,100,234.12,300,234.11,100,234.1,100,234.05,100,234.04,200,233.92,200,233.91,200,233.9,300,233.8,200,234.65,900,234.66,400,234.99,300,235.0,1900,235.32,100,,,,,,,,,,
2026-02-05 09:34:33,234.39,234.3,6,234.13,100,234.65,900,234.65,234.13,234.13,100,234.12,300,234.11,100,234.1,100,234.05,100,234.04,200,233.92,200,233.91,200,233.9,300,233.8,200,234.65,900,234.66,400,234.99,300,235.0,1900,235.32,100,,,,,,,,,,
2026-02-05 09:34:34,234.395,234.39,1,234.14,100,234.65,900,234.65,234.14,234.14,100,234.13,100,234.12,300,234.11,100,234.1,100,234.05,100,234.04,200,233.92,200,233.91,200,233.9,300,234.65,900,234.66,400,234.99,300,235.0,1900,235.32,100,,,,,,,,,,
2026-02-05 09:34:35,234.395,234.39,1,234.14,100,234.65,900,234.65,234.14,234.14,100,234.13,100,234.12,300,234.11,100,234.1,100,234.05,100,234.04,200,233.92,200,233.91,200,233.9,300,234.65,900,234.66,400,234.99,300,235.0,1900,235.32,100,,,,,,,,,,
2026-02-05 09:34:36,234.395,234.42,1,234.14,100,234.65,800,234.65,234.14,234.14,100,234.13,100,234.12,300,234.11,100,234.1,100,234.05,100,234.04,200,233.92,200,233.91,200,233.9,300,234.65,800,234.66,400,234.99,300,235.0,1900,235.32,100,,,,,,,,,,
2026-02-05 09:34:37,234.395,234.42,1,234.14,100,234.65,800,234.65,234.14,234.14,100,234.13,100,234.12,300,234.11,100,234.1,100,234.05,100,234.04,200,233.92,200,233.91,200,233.9,300,234.65,800,234.66,400,234.99,300,235.0,1900,235.32,100,,,,,,,,,,
2026-02-05 09:34:38,234.395,234.42,1,234.14,100,234.65,800,234.65,234.14,234.14,100,234.13,100,234.12,300,234.11,100,234.1,100,234.05,100,234.04,200,233.92,200,233.91,200,233.9,300,234.65,800,234.66,400,234.99,300,235.0,1900,235.32,100,,,,,,,,,,
2026-02-05 09:34:39,234.7,234.63,1,234.4,100,235.0,1800,235.0,234.4,234.4,100,234.39,100,234.27,100,234.14,300,234.13,100,234.12,300,234.11,100,234.1,100,234.05,100,234.04,200,235.0,1800,235.32,100,,,,,,,,,,,,,,,,
2026-02-05 09:34:40,234.74,234.63,1,234.48,200,235.0,1800,235.0,234.48,234.48,200,234.41,100,234.4,200,234.39,100,234.27,100,234.14,300,234.13,100,234.12,300,234.11,100,234.1,100,235.0,1800,235.32,100,,,,,,,,,,,,,,,,
2026-02-05 09:34:41,234.74,234.74,1,234.48,200,235.0,1800,235.0,234.48,234.48,200,234.41,100,234.4,200,234.39,100,234.27,100,234.14,300,234.13,100,234.12,300,234.11,100,234.1,100,235.0,1800,235.32,100,,,,,,,,,,,,,,,,
2026-02-05 09:34:42,234.95,235.0,1,234.9,100,235.0,500,235.0,234.9,234.9,100,234.8,400,234.79,100,234.74,100,234.61,100,234.59,100,234.58,100,234.5,100,234.49,200,234.48,200,235.0,500,235.1,100,235.32,100,,,,,,,,,,,,,,
2026-02-05 09:34:43,234.95,235.0,1,234.9,200,235.0,500,235.0,234.9,234.9,200,234.8,400,234.79,100,234.74,100,234.61,100,234.59,100,234.58,100,234.5,100,234.49,200,234.48,200,235.0,500,235.1,100,235.32,100,,,,,,,,,,,,,,
2026-02-05 09:34:44,234.955,234.99,1,234.81,100,235.1,100,235.1,234.81,234.81,100,234.8,300,234.79,100,234.74,100,234.61,100,234.59,100,234.58,100,234.5,100,234.49,200,234.48,200,235.1,100,235.32,100,,,,,,,,,,,,,,,,
2026-02-05 09:34:45,234.955,234.99,1,234.81,100,235.1,100,235.1,234.81,234.81,100,234.8,300,234.79,100,234.74,100,234.61,100,234.59,100,234.58,100,234.5,100,234.49,200,234.48,200,235.1,100,235.32,100,,,,,,,,,,,,,,,,
2026-02-05 09:34:46,234.955,234.99,1,234.81,100,235.1,100,235.1,234.81,234.81,100,234.8,300,234.79,100,234.74,100,234.61,100,234.59,100,234.58,100,234.5,100,234.49,200,234.48,200,235.1,100,235.32,100,,,,,,,,,,,,,,,,
2026-02-05 09:34:47,234.945,235.04,1,234.79,300,235.1,100,235.1,234.79,234.79,300,234.74,100,234.61,100,234.59,100,234.58,100,234.5,100,234.49,200,234.48,200,234.41,100,234.4,200,235.1,100,235.32,100,,,,,,,,,,,,,,,,
2026-02-05 09:34:48,234.945,235.04,1,234.79,300,235.1,100,235.1,234.79,234.79,300,234.74,100,234.61,100,234.59,100,234.58,100,234.5,100,234.49,200,234.48,200,234.41,100,234.4,200,235.1,100,235.32,100,,,,,,,,,,,,,,,,
2026-02-05 09:34:49,234.945,235.04,1,234.79,300,235.1,100,235.1,234.79,234.79,300,234.74,100,234.61,100,234.59,100,234.58,100,234.5,100,234.49,200,234.48,200,234.41,100,234.4,200,235.1,100,235.32,100,,,,,,,,,,,,,,,,
2026-02-05 09:34:50,234.89,235.04,1,234.68,100,235.1,100,235.1,234.68,234.68,100,234.61,100,234.59,100,234.58,100,234.5,100,234.49,200,234.48,200,234.41,100,234.4,200,234.39,100,235.1,100,235.32,100,,,,,,,,,,,,,,,,
2026-02-05 09:34:51,234.89,234.89,2,234.68,100,235.1,100,235.1,234.68,234.68,100,234.61,100,234.59,100,234.58,100,234.5,100,234.49,200,234.48,200,234.41,100,234.4,200,234.39,100,235.1,100,235.32,100,,,,,,,,,,,,,,,,
2026-02-05 09:34:52,234.895,234.89,2,234.69,100,235.1,100,235.1,234.69,234.69,100,234.68,100,234.61,100,234.59,100,234.58,100,234.5,100,234.49,200,234.48,200,234.41,100,234.4,200,235.1,100,235.32,100,,,,,,,,,,,,,,,,
2026-02-05 09:34:53,234.895,234.89,2,234.69,100,235.1,100,235.1,234.69,234.69,100,234.68,100,234.61,100,234.59,100,234.58,100,234.5,100,234.49,200,234.48,200,234.41,100,234.4,200,235.1,100,235.32,100,,,,,,,,,,,,,,,,
2026-02-05 09:34:54,234.895,234.89,2,234.69,100,235.1,100,235.1,234.69,234.69,100,234.68,100,234.61,100,234.59,100,234.58,100,234.5,100,234.49,200,234.48,200,234.41,100,234.4,200,235.1,100,235.32,100,,,,,,,,,,,,,,,,
2026-02-05 09:34:55,234.895,234.89,2,234.69,100,235.1,100,235.1,234.69,234.69,100,234.68,100,234.61,100,234.59,100,234.58,100,234.5,100,234.49,200,234.48,200,234.41,100,234.4,200,235.1,100,235.32,100,,,,,,,,,,,,,,,,
2026-02-05 09:34:56,234.895,234.89,2,234.69,100,235.1,100,235.1,234.69,234.69,100,234.68,100,234.61,100,234.59,100,234.58,100,234.5,100,234.49,200,234.48,200,234.41,100,234.4,200,235.1,100,235.32,100,,,,,,,,,,,,,,,,
2026-02-05 09:34:57,234.895,234.89,2,234.69,100,235.1,100,235.1,234.69,234.69,100,234.68,100,234.61,100,234.59,100,234.58,100,234.5,100,234.49,200,234.48,200,234.41,100,234.4,200,235.1,100,235.32,100,,,,,,,,,,,,,,,,
2026-02-05 09:34:58,234.895,235.0,1,234.69,100,235.1,100,235.1,234.69,234.69,100,234.68,100,234.61,100,234.59,100,234.58,100,234.5,100,234.49,200,234.48,200,234.41,100,234.4,200,235.1,100,235.32,100,,,,,,,,,,,,,,,,
2026-02-05 09:34:59,234.9,234.9,1,234.7,100,235.1,100,235.1,234.7,234.7,100,234.69,100,234.68,100,234.61,100,234.59,100,234.58,100,234.5,100,234.49,200,234.48,200,234.41,100,235.1,100,235.32,100,,,,,,,,,,,,,,,,
2026-02-05 09:35:00,234.9,234.9,1,234.7,100,235.1,100,235.1,234.7,234.7,100,234.69,100,234.68,100,234.61,100,234.59,100,234.58,100,234.5,100,234.49,200,234.48,200,234.41,100,235.1,100,235.32,100,,,,,,,,,,,,,,,,
2026-02-05 09:35:01,234.9,235.1,1,234.7,100,235.1,100,235.1,234.7,234.7,100,234.69,100,234.68,100,234.61,100,234.59,100,234.58,100,234.5,100,234.49,200,234.48,200,234.41,100,235.1,100,235.32,100,,,,,,,,,,,,,,,,
2026-02-05 09:35:02,235.18,234.28,1,235.07,500,235.29,100,235.29,235.07,235.07,500,235.04,100,235.03,100,234.96,100,234.9,100,234.78,100,234.71,100,234.7,100,234.69,100,234.68,100,235.29,100,235.32,100,,,,,,,,,,,,,,,,
2026-02-05 09:35:03,235.155,235.32,1,234.91,100,235.4,600,235.4,234.91,234.91,100,234.9,100,234.78,100,234.71,100,234.7,100,234.69,100,234.68,100,234.61,100,234.59,100,234.58,100,235.4,600,,,,,,,,,,,,,,,,,,
2026-02-05 09:35:04,235.155,235.32,1,234.91,100,235.4,600,235.4,234.91,234.91,100,234.9,100,234.78,100,234.71,100,234.7,100,234.69,100,234.68,100,234.61,100,234.59,100,234.58,100,235.4,600,,,,,,,,,,,,,,,,,,
2026-02-05 09:35:05,235.045,234.33,1,234.69,100,235.4,600,235.4,234.69,234.69,100,234.68,100,234.61,100,234.59,100,234.58,100,234.5,100,234.49,200,234.48,200,234.41,100,234.4,200,235.4,600,,,,,,,,,,,,,,,,,,
2026-02-05 09:35:06,235.045,235.05,4,234.69,100,235.4,600,235.4,234.69,234.69,100,234.68,100,234.61,100,234.59,100,234.58,100,234.5,100,234.49,200,234.48,200,234.41,100,234.4,200,235.4,600,,,,,,,,,,,,,,,,,,
2026-02-05 09:35:07,235.21,235.05,4,235.02,100,235.4,600,235.4,235.02,235.02,100,234.75,200,234.71,100,234.69,100,234.68,100,234.61,100,234.59,100,234.58,100,234.5,100,234.49,200,235.4,600,,,,,,,,,,,,,,,,,,
2026-02-05 09:35:08,235.21,235.05,4,235.02,100,235.4,600,235.4,235.02,235.02,100,234.75,200,234.71,100,234.69,100,234.68,100,234.61,100,234.59,100,234.58,100,234.5,100,234.49,200,235.4,600,,,,,,,,,,,,,,,,,,
2026-02-05 09:35:09,235.21,235.05,4,235.02,100,235.4,600,235.4,235.02,235.02,100,234.75,200,234.71,100,234.69,100,234.68,100,234.61,100,234.59,100,234.58,100,234.5,100,234.49,200,235.4,600,,,,,,,,,,,,,,,,,,
2026-02-05 09:35:10,235.525,235.46,1,235.3,100,235.75,200,235.75,235.3,235.3,100,235.29,100,235.23,100,235.2,100,235.02,100,234.75,200,234.71,100,234.69,100,234.68,100,234.61,100,235.75,200,,,,,,,,,,,,,,,,,,
2026-02-05 09:35:11,235.525,235.46,1,235.3,100,235.75,100,235.75,235.3,235.3,100,235.29,100,235.23,100,235.2,100,235.02,100,234.75,200,234.71,100,234.69,100,234.68,100,234.61,100,235.75,100,,,,,,,,,,,,,,,,,,
2026-02-05 09:35:12,235.525,235.46,1,235.3,100,235.75,100,235.75,235.3,235.3,100,235.29,100,235.23,100,235.2,100,235.02,100,234.75,200,234.71,100,234.69,100,234.68,100,234.61,100,235.75,100,,,,,,,,,,,,,,,,,,
2026-02-05 09:35:13,235.525,235.42,3,235.3,100,235.75,100,235.75,235.3,235.3,100,235.29,100,235.23,100,235.2,100,235.02,100,234.75,200,234.71,100,234.69,100,234.68,100,234.61,100,235.75,100,,,,,,,,,,,,,,,,,,
2026-02-05 09:35:14,235.525,235.75,1,235.3,100,235.75,100,235.75,235.3,235.3,100,235.29,100,235.23,100,235.2,100,235.02,100,234.75,200,234.71,100,234.69,100,234.68,100,234.61,100,235.75,100,,,,,,,,,,,,,,,,,,
2026-02-05 09:35:15,235.53,235.75,1,235.31,100,235.75,100,235.75,235.31,235.31,100,235.3,100,235.29,100,235.23,100,235.2,100,235.02,100,234.75,200,234.71,100,234.69,100,234.68,100,235.75,100,,,,,,,,,,,,,,,,,,
2026-02-05 09:35:16,235.53,235.75,1,235.31,100,235.75,100,235.75,235.31,235.31,100,235.3,100,235.29,100,235.23,100,235.2,100,235.02,100,234.75,200,234.71,100,234.69,100,234.68,100,235.75,100,,,,,,,,,,,,,,,,,,
2026-02-05 09:35:17,235.53,235.53,1,235.31,100,235.75,100,235.75,235.31,235.31,100,235.3,100,235.29,100,235.23,100,235.2,100,235.02,100,234.75,200,234.71,100,234.69,100,234.68,100,235.75,100,,,,,,,,,,,,,,,,,,
2026-02-05 09:35:18,235.53,235.53,1,235.31,100,235.75,400,235.75,235.31,235.31,100,235.3,100,235.29,100,235.23,100,235.2,100,235.02,100,234.75,200,234.71,100,234.69,100,234.68,100,235.75,400,,,,,,,,,,,,,,,,,,
2026-02-05 09:35:19,235.53,235.31,1,235.31,100,235.75,400,235.75,235.31,235.31,100,235.3,100,235.29,100,235.23,100,235.2,100,235.02,100,234.75,200,234.71,100,234.69,100,234.68,100,235.75,400,,,,,,,,,,,,,,,,,,
2026-02-05 09:35:20,235.53,235.31,1,235.31,100,235.75,400,235.75,235.31,235.31,100,235.3,100,235.29,100,235.23,100,235.2,100,235.02,100,234.75,200,234.71,100,234.69,100,234.68,100,235.75,400,,,,,,,,,,,,,,,,,,
2026-02-05 09:35:21,235.53,235.53,1,235.31,100,235.75,400,235.75,235.31,235.31,100,235.3,100,235.29,100,235.23,100,235.2,100,235.02,100,234.75,200,234.71,100,234.69,100,234.68,100,235.75,400,,,,,,,,,,,,,,,,,,
2026-02-05 09:35:22,235.53,235.53,1,235.31,100,235.75,400,235.75,235.31,235.31,100,235.3,100,235.29,100,235.23,100,235.2,100,235.02,100,234.75,200,234.71,100,234.69,100,234.68,100,235.75,400,,,,,,,,,,,,,,,,,,
2026-02-05 09:35:23,235.53,235.64,1,235.31,200,235.75,400,235.75,235.31,235.31,200,235.3,100,235.29,100,235.23,100,235.2,100,235.02,100,234.75,200,234.71,100,234.69,100,234.68,100,235.75,400,,,,,,,,,,,,,,,,,,
2026-02-05 09:35:24,235.53,235.64,1,235.31,200,235.75,400,235.75,235.31,235.31,200,235.3,100,235.29,100,235.23,100,235.2,100,235.02,100,234.75,200,234.71,100,234.69,100,234.68,100,235.75,400,,,,,,,,,,,,,,,,,,
2026-02-05 09:35:25,235.53,235.64,1,235.31,400,235.75,400,235.75,235.31,235.31,400,235.3,100,235.29,100,235.23,100,235.2,100,235.02,100,234.75,200,234.71,100,234.69,100,234.68,100,235.75,400,,,,,,,,,,,,,,,,,,
2026-02-05 09:35:26,235.53,235.64,1,235.31,400,235.75,400,235.75,235.31,235.31,400,235.3,100,235.29,100,235.23,100,235.2,100,235.02,100,234.75,200,234.71,100,234.69,100,234.68,100,235.75,400,,,,,,,,,,,,,,,,,,
2026-02-05 09:35:27,235.53,235.64,1,235.31,400,235.75,400,235.75,235.31,235.31,400,235.3,100,235.29,100,235.23,100,235.2,100,235.02,100,234.75,200,234.71,100,234.69,100,234.68,100,235.75,400,,,,,,,,,,,,,,,,,,
2026-02-05 09:35:28,235.53,235.64,1,235.31,400,235.75,400,235.75,235.31,235.31,400,235.3,100,235.29,100,235.23,100,235.2,100,235.02,100,234.75,200,234.71,100,234.69,100,234.68,100,235.75,400,,,,,,,,,,,,,,,,,,
2026-02-05 09:35:29,235.53,235.53,1,235.31,400,235.75,400,235.75,235.31,235.31,400,235.3,100,235.29,100,235.23,100,235.2,100,235.02,100,234.75,200,234.71,100,234.69,100,234.68,100,235.75,400,,,,,,,,,,,,,,,,,,
2026-02-05 09:35:30,235.53,235.64,1,235.31,400,235.75,400,235.75,235.31,235.31,400,235.3,100,235.29,100,235.23,100,235.2,100,235.02,100,234.75,200,234.71,100,234.69,100,234.68,100,235.75,400,,,,,,,,,,,,,,,,,,
2026-02-05 09:35:31,235.53,235.53,7,235.31,400,235.75,400,235.75,235.31,235.31,400,235.3,100,235.29,100,235.23,100,235.2,100,235.02,100,234.75,200,234.71,100,234.69,100,234.68,100,235.75,400,,,,,,,,,,,,,,,,,,
2026-02-05 09:35:32,235.53,235.53,1,235.31,400,235.75,400,235.75,235.31,235.31,400,235.3,100,235.29,100,235.23,100,235.2,100,235.02,100,234.75,200,234.71,100,234.69,100,234.68,100,235.75,400,,,,,,,,,,,,,,,,,,
2026-02-05 09:35:33,235.53,235.53,1,235.31,400,235.75,400,235.75,235.31,235.31,400,235.3,100,235.29,100,235.23,100,235.2,100,235.02,100,234.75,200,234.71,100,234.69,100,234.68,100,235.75,400,,,,,,,,,,,,,,,,,,
2026-02-05 09:35:34,235.53,235.53,1,235.31,400,235.75,400,235.75,235.31,235.31,400,235.3,100,235.29,100,235.23,100,235.2,100,235.02,100,234.75,200,234.71,100,234.69,100,234.68,100,235.75,400,,,,,,,,,,,,,,,,,,
2026-02-05 09:35:35,235.53,235.53,1,235.31,400,235.75,400,235.75,235.31,235.31,400,235.3,100,235.29,100,235.23,100,235.2,100,235.02,100,234.75,200,234.71,100,234.69,100,234.68,100,235.75,400,,,,,,,,,,,,,,,,,,
2026-02-05 09:35:36,235.53,235.53,4,235.31,400,235.75,400,235.75,235.31,235.31,400,235.3,100,235.29,100,235.23,100,235.2,100,235.02,100,234.75,200,234.71,100,234.69,100,234.68,100,235.75,400,,,,,,,,,,,,,,,,,,
2026-02-05 09:35:37,235.53,235.62,1,235.31,400,235.75,400,235.75,235.31,235.31,400,235.3,100,235.29,100,235.23,100,235.2,100,235.02,100,234.75,200,234.71,100,234.69,100,234.68,100,235.75,400,,,,,,,,,,,,,,,,,,
2026-02-05 09:35:38,235.53,235.62,1,235.31,400,235.75,400,235.75,235.31,235.31,400,235.3,100,235.29,100,235.23,100,235.2,100,235.02,100,234.75,200,234.71,100,234.69,100,234.68,100,235.75,400,,,,,,,,,,,,,,,,,,
2026-02-05 09:35:39,235.53,235.62,1,235.31,400,235.75,400,235.75,235.31,235.31,400,235.3,100,235.29,100,235.23,100,235.2,100,235.02,100,234.75,200,234.71,100,234.69,100,234.68,100,235.75,400,,,,,,,,,,,,,,,,,,
2026-02-05 09:35:40,235.53,235.62,1,235.31,400,235.75,400,235.75,235.31,235.31,400,235.3,100,235.29,100,235.23,100,235.2,100,235.02,100,234.75,200,234.71,100,234.69,100,234.68,100,235.75,400,,,,,,,,,,,,,,,,,,
2026-02-05 09:35:41,235.17,235.31,1,234.93,100,235.41,300,235.41,234.93,234.93,100,234.92,200,234.9,100,234.75,200,234.71,100,234.69,100,234.68,100,234.61,100,234.59,100,234.58,100,235.41,300,235.52,300,235.56,200,235.74,100,235.75,400,,,,,,,,,,
2026-02-05 09:35:42,235.17,235.31,1,234.93,100,235.41,300,235.41,234.93,234.93,100,234.92,200,234.9,100,234.75,200,234.71,100,234.69,100,234.68,100,234.61,100,234.59,100,234.58,100,235.41,300,235.52,300,235.56,200,235.74,100,235.75,400,,,,,,,,,,
2026-02-05 09:35:43,235.17,235.31,1,234.93,100,235.41,300,235.41,234.93,234.93,100,234.92,200,234.9,100,234.75,200,234.71,100,234.69,100,234.68,100,234.61,100,234.59,100,234.58,100,235.41,300,235.52,300,235.56,200,235.74,100,235.75,400,,,,,,,,,,
2026-02-05 09:35:44,235.17,235.31,1,234.93,100,235.41,300,235.41,234.93,234.93,100,234.92,200,234.9,100,234.75,200,234.71,100,234.69,100,234.68,100,234.61,100,234.59,100,234.58,100,235.41,300,235.52,300,235.56,200,235.74,100,235.75,400,,,,,,,,,,
2026-02-05 09:35:45,235.17,235.31,1,234.93,100,235.41,300,235.41,234.93,234.93,100,234.92,200,234.9,100,234.75,200,234.71,100,234.69,100,234.68,100,234.61,100,234.59,100,234.58,100,235.41,300,235.52,300,235.56,200,235.74,100,235.75,400,,,,,,,,,,
2026-02-05 09:35:46,235.17,235.31,1,234.93,100,235.41,300,235.41,234.93,234.93,100,234.92,200,234.9,100,234.75,200,234.71,100,234.69,100,234.68,100,234.61,100,234.59,100,234.58,100,235.41,300,235.52,300,235.56,200,235.74,100,235.75,400,,,,,,,,,,
2026-02-05 09:35:47,235.17,235.31,1,234.93,100,235.41,300,235.41,234.93,234.93,100,234.92,200,234.9,100,234.75,200,234.71,100,234.69,100,234.68,100,234.61,100,234.59,100,234.58,100,235.41,300,235.52,300,235.56,200,235.74,100,235.75,400,,,,,,,,,,
2026-02-05 09:35:48,235.17,235.31,1,234.93,100,235.41,300,235.41,234.93,234.93,100,234.92,200,234.9,100,234.75,200,234.71,100,234.69,100,234.68,100,234.61,100,234.59,100,234.58,100,235.41,300,235.52,300,235.56,200,235.74,100,235.75,400,,,,,,,,,,
2026-02-05 09:35:49,235.115,235.31,1,234.93,100,235.3,200,235.3,234.93,234.93,100,234.92,200,234.9,100,234.75,200,234.71,100,234.69,100,234.68,100,234.61,100,234.59,100,234.58,100,235.3,200,235.41,300,235.52,300,235.56,200,235.74,100,235.75,400,,,,,,,,
2026-02-05 09:35:50,235.115,235.31,1,234.93,100,235.3,400,235.3,234.93,234.93,100,234.92,200,234.9,100,234.75,200,234.71,100,234.69,100,234.68,100,234.61,100,234.59,100,234.58,100,235.3,400,235.41,300,235.52,300,235.56,200,235.74,100,235.75,400,,,,,,,,
2026-02-05 09:35:51,235.115,235.31,1,234.93,200,235.3,400,235.3,234.93,234.93,200,234.92,200,234.9,100,234.75,200,234.71,100,234.69,100,234.68,100,234.61,100,234.59,100,234.58,100,235.3,400,235.41,300,235.52,300,235.56,200,235.74,100,235.75,400,,,,,,,,
2026-02-05 09:35:52,235.115,235.31,1,234.93,200,235.3,400,235.3,234.93,234.93,200,234.92,200,234.9,100,234.75,200,234.71,100,234.69,100,234.68,100,234.61,100,234.59,100,234.58,100,235.3,400,235.41,300,235.52,300,235.56,200,235.74,100,235.75,400,,,,,,,,
2026-02-05 09:35:53,235.115,235.31,1,234.93,200,235.3,400,235.3,234.93,234.93,200,234.92,200,234.9,100,234.75,200,234.71,100,234.69,100,234.68,100,234.61,100,234.59,100,234.58,100,235.3,400,235.41,300,235.52,300,235.56,200,235.74,100,235.75,400,,,,,,,,
2026-02-05 09:35:54,235.115,235.3,3,234.93,200,235.3,400,235.3,234.93,234.93,200,234.92,200,234.9,100,234.75,200,234.71,100,234.69,100,234.68,100,234.61,100,234.59,100,234.58,100,235.3,400,235.41,300,235.52,300,235.56,200,235.74,100,235.75,400,,,,,,,,
2026-02-05 09:35:55,235.115,235.12,1,234.93,200,235.3,400,235.3,234.93,234.93,200,234.92,200,234.9,100,234.75,200,234.71,100,234.69,100,234.68,100,234.61,100,234.59,100,234.58,100,235.3,400,235.41,300,235.52,300,235.56,200,235.74,100,235.75,400,,,,,,,,
2026-02-05 09:35:56,235.115,235.12,1,234.93,200,235.3,400,235.3,234.93,234.93,200,234.92,200,234.9,100,234.75,200,234.71,100,234.69,100,234.68,100,234.61,100,234.59,100,234.58,100,235.3,400,235.41,300,235.52,300,235.56,200,235.74,100,235.75,400,,,,,,,,
2026-02-05 09:35:57,235.115,235.12,1,234.93,200,235.3,400,235.3,234.93,234.93,200,234.92,200,234.9,100,234.75,200,234.71,100,234.69,100,234.68,100,234.61,100,234.59,100,234.58,100,235.3,400,235.41,300,235.52,300,235.56,200,235.74,100,235.75,400,,,,,,,,
2026-02-05 09:35:58,235.115,235.12,1,234.93,200,235.3,400,235.3,234.93,234.93,200,234.92,200,234.9,100,234.75,200,234.71,100,234.69,100,234.68,100,234.61,100,234.59,100,234.58,100,235.3,400,235.41,300,235.52,300,235.56,200,235.74,100,235.75,400,,,,,,,,
2026-02-05 09:35:59,235.115,235.12,1,234.93,200,235.3,400,235.3,234.93,234.93,200,234.92,200,234.9,100,234.75,200,234.71,100,234.69,100,234.68,100,234.61,100,234.59,100,234.58,100,235.3,400,235.41,300,235.52,300,235.56,200,235.74,100,235.75,400,,,,,,,,
2026-02-05 09:36:00,235.115,235.12,1,234.93,200,235.3,400,235.3,234.93,234.93,200,234.92,200,234.9,100,234.75,200,234.71,100,234.69,100,234.68,100,234.61,100,234.59,100,234.58,100,235.3,400,235.41,300,235.52,300,235.56,200,235.74,100,235.75,400,,,,,,,,
2026-02-05 09:36:02,235.17,235.12,1,235.04,100,235.3,600,235.3,235.04,235.04,100,234.93,100,234.92,200,234.9,100,234.75,200,234.71,100,234.69,100,234.68,100,234.61,100,234.59,100,235.3,600,235.41,300,235.52,300,235.56,200,235.74,100,235.75,400,,,,,,,,
2026-02-05 09:36:02,235.17,235.12,1,235.04,100,235.3,600,235.3,235.04,235.04,100,234.93,100,234.92,200,234.9,100,234.75,200,234.71,100,234.69,100,234.68,100,234.61,100,234.59,100,235.3,600,235.41,300,235.52,300,235.56,200,235.74,100,235.75,400,,,,,,,,
2026-02-05 09:36:03,235.17,235.17,1,235.04,100,235.3,600,235.3,235.04,235.04,100,234.93,100,234.92,200,234.9,100,234.75,200,234.71,100,234.69,100,234.68,100,234.61,100,234.59,100,235.3,600,235.41,300,235.52,300,235.56,200,235.74,100,235.75,400,,,,,,,,
2026-02-05 09:36:05,235.17,235.29,1,235.04,100,235.3,600,235.3,235.04,235.04,100,234.93,100,234.92,200,234.9,100,234.75,200,234.71,100,234.69,100,234.68,100,234.61,100,234.59,100,235.3,600,235.41,300,235.52,300,235.56,200,235.74,100,235.75,400,,,,,,,,
2026-02-05 09:36:06,235.17,235.29,1,235.04,100,235.3,600,235.3,235.04,235.04,100,234.93,100,234.92,200,234.9,100,234.75,200,234.71,100,234.69,100,234.68,100,234.61,100,234.59,100,235.3,600,235.41,300,235.52,300,235.56,200,235.74,100,235.75,400,,,,,,,,
2026-02-05 09:36:06,235.17,235.29,1,235.04,100,235.3,600,235.3,235.04,235.04,100,234.93,100,234.92,200,234.9,100,234.75,200,234.71,100,234.69,100,234.68,100,234.61,100,234.59,100,235.3,600,235.41,300,235.52,300,235.56,200,235.74,100,235.75,400,,,,,,,,
2026-02-05 09:36:07,235.17,235.29,1,235.04,100,235.3,600,235.3,235.04,235.04,100,234.93,100,234.92,200,234.9,100,234.75,200,234.71,100,234.69,100,234.68,100,234.61,100,234.59,100,235.3,600,235.41,300,235.52,300,235.56,200,235.74,100,235.75,400,,,,,,,,
2026-02-05 09:36:08,235.17,235.17,1,235.04,100,235.3,500,235.3,235.04,235.04,100,234.93,100,234.92,200,234.9,100,234.75,200,234.71,100,234.69,100,234.68,100,234.61,100,234.59,100,235.3,500,235.41,300,235.52,300,235.56,200,235.74,100,235.75,400,,,,,,,,
2026-02-05 09:36:09,235.17,235.17,1,235.04,100,235.3,500,235.3,235.04,235.04,100,234.93,100,234.92,200,234.9,100,234.75,200,234.71,100,234.69,100,234.68,100,234.61,100,234.59,100,235.3,500,235.41,300,235.52,300,235.56,200,235.74,100,235.75,400,,,,,,,,
2026-02-05 09:36:11,235.17,235.17,1,235.04,100,235.3,500,235.3,235.04,235.04,100,234.93,100,234.92,200,234.9,100,234.75,200,234.71,100,234.69,100,234.68,100,234.61,100,234.59,100,235.3,500,235.41,300,235.52,300,235.56,200,235.74,100,235.75,400,,,,,,,,
2026-02-05 09:36:12,235.17,235.17,1,235.04,100,235.3,500,235.3,235.04,235.04,100,234.93,100,234.92,200,234.9,100,234.75,200,234.71,100,234.69,100,234.68,100,234.61,100,234.59,100,235.3,500,235.41,300,235.52,300,235.56,200,235.74,100,235.75,400,,,,,,,,
2026-02-05 09:36:13,235.17,235.17,1,235.04,200,235.3,400,235.3,235.04,235.04,200,234.93,100,234.92,200,234.9,100,234.75,200,234.71,100,234.69,100,234.68,100,234.61,100,234.59,100,235.3,400,235.41,300,235.52,300,235.56,200,235.74,100,235.75,400,,,,,,,,
2026-02-05 09:36:13,235.17,235.17,1,235.04,200,235.3,400,235.3,235.04,235.04,200,234.93,100,234.92,200,234.9,100,234.75,200,234.71,100,234.69,100,234.68,100,234.61,100,234.59,100,235.3,400,235.41,300,235.52,300,235.56,200,235.74,100,235.75,400,,,,,,,,
2026-02-05 09:36:15,235.3,235.45,1,235.04,200,235.56,100,235.56,235.04,235.04,200,234.93,100,234.92,200,234.9,100,234.75,200,234.71,100,234.69,100,234.68,100,234.61,100,234.59,100,235.56,100,235.74,100,235.75,400,,,,,,,,,,,,,,
2026-02-05 09:36:16,235.25,235.31,1,235.05,200,235.45,300,235.45,235.05,235.05,200,235.04,200,234.93,100,234.92,200,234.9,100,234.75,200,234.71,100,234.69,100,234.68,100,234.61,100,235.45,300,235.56,100,235.74,100,235.75,400,,,,,,,,,,,,
2026-02-05 09:36:17,235.255,235.31,1,235.06,400,235.45,300,235.45,235.06,235.06,400,235.05,200,235.04,200,234.93,100,234.92,200,234.9,100,234.75,200,234.71,100,234.69,100,234.68,100,235.45,300,235.56,100,235.74,100,235.75,400,,,,,,,,,,,,
2026-02-05 09:36:18,235.255,235.31,1,235.06,400,235.45,300,235.45,235.06,235.06,400,235.05,200,235.04,200,234.93,100,234.92,200,234.9,100,234.75,200,234.71,100,234.69,100,234.68,100,235.45,300,235.56,100,235.74,100,235.75,400,,,,,,,,,,,,
2026-02-05 09:36:19,235.34,235.31,1,235.23,100,235.45,300,235.45,235.23,235.23,100,235.06,400,235.05,200,235.04,200,234.93,100,234.92,200,234.9,100,234.75,200,234.71,100,234.69,100,235.45,300,235.56,100,235.74,100,235.75,400,,,,,,,,,,,,
2026-02-05 09:36:20,235.34,235.34,1,235.23,100,235.45,300,235.45,235.23,235.23,100,235.06,400,235.05,200,235.04,200,234.93,100,234.92,200,234.9,100,234.75,200,234.71,100,234.69,100,235.45,300,235.56,100,235.74,100,235.75,400,,,,,,,,,,,,
2026-02-05 09:36:21,235.34,235.45,1,235.23,100,235.45,300,235.45,235.23,235.23,100,235.06,400,235.05,200,235.04,200,234.93,100,234.92,200,234.9,100,234.75,200,234.71,100,234.69,100,235.45,300,235.56,100,235.74,100,235.75,400,,,,,,,,,,,,
2026-02-05 09:36:22,235.34,235.23,8,235.23,200,235.45,300,235.45,235.23,235.23,200,235.06,400,235.05,200,235.04,200,234.93,100,234.92,200,234.9,100,234.75,200,234.71,100,234.69,100,235.45,300,235.56,100,235.74,100,235.75,400,,,,,,,,,,,,
2026-02-05 09:36:23,235.255,235.18,1,235.06,300,235.45,300,235.45,235.06,235.06,300,235.05,200,235.04,200,234.93,100,234.92,200,234.9,100,234.75,200,234.71,100,234.69,100,234.68,100,235.45,300,235.56,100,235.74,100,235.75,400,,,,,,,,,,,,
2026-02-05 09:36:24,235.255,235.26,1,235.06,300,235.45,300,235.45,235.06,235.06,300,235.05,200,235.04,200,234.93,100,234.92,200,234.9,100,234.75,200,234.71,100,234.69,100,234.68,100,235.45,300,235.56,100,235.74,100,235.75,400,,,,,,,,,,,,
2026-02-05 09:36:25,235.255,235.26,1,235.06,300,235.45,300,235.45,235.06,235.06,300,235.05,200,235.04,200,234.93,100,234.92,200,234.9,100,234.75,200,234.71,100,234.69,100,234.68,100,235.45,300,235.56,100,235.74,100,235.75,400,,,,,,,,,,,,
2026-02-05 09:36:26,235.255,235.26,1,235.06,300,235.45,300,235.45,235.06,235.06,300,235.05,200,235.04,200,234.93,100,234.92,200,234.9,100,234.75,200,234.71,100,234.69,100,234.68,100,235.45,300,235.56,100,235.74,100,235.75,400,,,,,,,,,,,,
2026-02-05 09:36:27,235.255,235.26,1,235.06,300,235.45,300,235.45,235.06,235.06,300,235.05,200,235.04,200,234.93,100,234.92,200,234.9,100,234.75,200,234.71,100,234.69,100,234.68,100,235.45,300,235.56,100,235.74,100,235.75,400,,,,,,,,,,,,
2026-02-05 09:36:28,235.255,235.26,1,235.06,300,235.45,300,235.45,235.06,235.06,300,235.05,200,235.04,200,234.93,100,234.92,200,234.9,100,234.75,200,234.71,100,234.69,100,234.68,100,235.45,300,235.56,100,235.74,100,235.75,400,,,,,,,,,,,,
2026-02-05 09:36:29,235.255,235.26,1,235.06,300,235.45,300,235.45,235.06,235.06,300,235.05,200,235.04,200,234.93,100,234.92,200,234.9,100,234.75,200,234.71,100,234.69,100,234.68,100,235.45,300,235.56,100,235.74,100,235.75,400,,,,,,,,,,,,
2026-02-05 09:36:30,235.255,235.26,1,235.06,300,235.45,300,235.45,235.06,235.06,300,235.05,200,235.04,200,234.93,100,234.92,200,234.9,100,234.75,200,234.71,100,234.69,100,234.68,100,235.45,300,235.56,100,235.74,100,235.75,400,,,,,,,,,,,,
2026-02-05 09:36:31,235.255,235.26,1,235.06,300,235.45,300,235.45,235.06,235.06,300,235.05,200,235.04,200,234.93,100,234.92,200,234.9,100,234.75,200,234.71,100,234.69,100,234.68,100,235.45,300,235.56,100,235.74,100,235.75,400,,,,,,,,,,,,
2026-02-05 09:36:32,235.255,235.26,1,235.06,600,235.45,300,235.45,235.06,235.06,600,235.05,200,235.04,200,234.93,100,234.92,200,234.9,100,234.75,200,234.71,100,234.69,100,234.68,100,235.45,300,235.56,100,235.74,100,235.75,400,,,,,,,,,,,,
2026-02-05 09:36:33,235.255,235.26,5,235.06,600,235.45,300,235.45,235.06,235.06,600,235.05,200,235.04,200,234.93,100,234.92,200,234.9,100,234.75,200,234.71,100,234.69,100,234.68,100,235.45,300,235.56,100,235.74,100,235.75,400,,,,,,,,,,,,
2026-02-05 09:36:34,235.255,235.26,5,235.06,600,235.45,300,235.45,235.06,235.06,600,235.05,200,235.04,200,234.93,100,234.92,200,234.9,100,234.75,200,234.71,100,234.69,100,234.68,100,235.45,300,235.56,100,235.74,100,235.75,400,,,,,,,,,,,,
2026-02-05 09:36:35,235.445,235.45,3,235.27,100,235.62,200,235.62,235.27,235.27,100,235.06,600,235.05,200,235.04,200,234.93,100,234.92,200,234.9,100,234.75,200,234.71,100,234.69,100,235.62,200,235.74,100,235.75,400,,,,,,,,,,,,,,
2026-02-05 09:36:36,235.445,235.45,1,235.27,200,235.62,200,235.62,235.27,235.27,200,235.06,600,235.05,200,235.04,200,234.93,100,234.92,200,234.9,100,234.75,200,234.71,100,234.69,100,235.62,200,235.74,100,235.75,400,,,,,,,,,,,,,,
2026-02-05 09:36:37,235.45,235.45,1,235.28,300,235.62,200,235.62,235.28,235.28,300,235.27,200,235.06,600,235.05,200,235.04,200,234.93,100,234.92,200,234.9,100,234.75,200,234.71,100,235.62,200,235.74,100,235.75,400,,,,,,,,,,,,,,
2026-02-05 09:36:38,235.45,235.45,1,235.28,300,235.62,200,235.62,235.28,235.28,300,235.27,200,235.06,600,235.05,200,235.04,200,234.93,100,234.92,200,234.9,100,234.75,200,234.71,100,235.62,200,235.74,100,235.75,400,,,,,,,,,,,,,,
2026-02-05 09:36:39,235.48,235.48,1,235.34,200,235.62,200,235.62,235.34,235.34,200,235.28,300,235.27,200,235.06,600,235.05,200,235.04,200,234.93,100,234.92,200,234.9,100,234.75,200,235.62,200,235.74,100,235.75,400,,,,,,,,,,,,,,
2026-02-05 09:36:40,235.48,235.48,1,235.34,300,235.62,200,235.62,235.34,235.34,300,235.28,300,235.27,200,235.06,600,235.05,200,235.04,200,234.93,100,234.92,200,234.9,100,234.75,200,235.62,200,235.74,100,235.75,400,,,,,,,,,,,,,,
2026-02-05 09:36:41,235.48,235.54,1,235.34,300,235.62,200,235.62,235.34,235.34,300,235.28,300,235.27,200,235.06,600,235.05,200,235.04,200,234.93,100,234.92,200,234.9,100,234.75,200,235.62,200,235.74,100,235.75,400,,,,,,,,,,,,,,
2026-02-05 09:36:42,235.385,235.34,1,235.29,100,235.48,100,235.48,235.29,235.29,100,235.28,300,235.27,200,235.06,600,235.05,200,235.04,200,234.93,100,234.92,200,234.9,100,234.75,200,235.48,100,235.62,300,235.74,100,235.75,400,,,,,,,,,,,,
2026-02-05 09:36:43,235.385,235.34,1,235.29,100,235.48,100,235.48,235.29,235.29,100,235.28,300,235.27,200,235.06,600,235.05,200,235.04,200,234.93,100,234.92,200,234.9,100,234.75,200,235.48,100,235.62,300,235.74,100,235.75,400,,,,,,,,,,,,
2026-02-05 09:36:44,235.385,235.34,1,235.29,100,235.48,100,235.48,235.29,235.29,100,235.28,300,235.27,200,235.06,600,235.05,200,235.04,200,234.93,100,234.92,200,234.9,100,234.75,200,235.48,100,235.62,300,235.74,100,235.75,400,,,,,,,,,,,,
2026-02-05 09:36:45,235.385,235.34,1,235.29,100,235.48,100,235.48,235.29,235.29,100,235.28,300,235.27,200,235.06,600,235.05,200,235.04,200,234.93,100,234.92,200,234.9,100,234.75,200,235.48,100,235.62,300,235.74,100,235.75,400,,,,,,,,,,,,
2026-02-05 09:36:46,235.385,235.34,1,235.29,100,235.48,100,235.48,235.29,235.29,100,235.28,300,235.27,200,235.06,600,235.05,200,235.04,200,234.93,100,234.92,200,234.9,100,234.75,200,235.48,100,235.62,300,235.74,100,235.75,400,,,,,,,,,,,,
2026-02-05 09:36:47,235.455,235.48,1,235.29,100,235.62,300,235.62,235.29,235.29,100,235.28,300,235.27,200,235.06,600,235.05,200,235.04,200,234.93,100,234.92,200,234.9,100,234.75,200,235.62,300,235.74,100,235.75,400,,,,,,,,,,,,,,
2026-02-05 09:36:48,235.455,235.48,1,235.29,100,235.62,300,235.62,235.29,235.29,100,235.28,300,235.27,200,235.06,600,235.05,200,235.04,200,234.93,100,234.92,200,234.9,100,234.75,200,235.62,300,235.74,100,235.75,400,,,,,,,,,,,,,,
2026-02-05 09:36:49,235.455,235.48,1,235.29,100,235.62,300,235.62,235.29,235.29,100,235.28,300,235.27,200,235.06,600,235.05,200,235.04,200,234.93,100,234.92,200,234.9,100,234.75,200,235.62,300,235.74,100,235.75,400,,,,,,,,,,,,,,
2026-02-05 09:36:50,235.455,235.48,1,235.29,100,235.62,300,235.62,235.29,235.29,100,235.28,300,235.27,200,235.06,600,235.05,200,235.04,200,234.93,100,234.92,200,234.9,100,234.75,200,235.62,300,235.74,100,235.75,400,,,,,,,,,,,,,,
2026-02-05 09:36:51,235.455,235.54,7,235.29,100,235.62,300,235.62,235.29,235.29,100,235.28,300,235.27,200,235.06,600,235.05,200,235.04,200,234.93,100,234.92,200,234.9,100,234.75,200,235.62,300,235.74,100,235.75,400,,,,,,,,,,,,,,
2026-02-05 09:36:52,235.455,235.54,7,235.29,100,235.62,300,235.62,235.29,235.29,100,235.28,300,235.27,200,235.06,600,235.05,200,235.04,200,234.93,100,234.92,200,234.9,100,234.75,200,235.62,300,235.74,100,235.75,400,,,,,,,,,,,,,,
2026-02-05 09:36:53,235.46,235.54,7,235.3,100,235.62,300,235.62,235.3,235.3,100,235.29,100,235.28,300,235.27,200,235.06,600,235.05,200,235.04,200,234.93,100,234.92,200,234.9,100,235.62,300,235.74,100,235.75,400,,,,,,,,,,,,,,
2026-02-05 09:36:54,235.46,235.3,4,235.3,100,235.62,300,235.62,235.3,235.3,100,235.29,100,235.28,300,235.27,200,235.06,600,235.05,200,235.04,200,234.93,100,234.92,200,234.9,100,235.62,300,235.74,100,235.75,400,,,,,,,,,,,,,,
2026-02-05 09:36:55,235.46,235.3,4,235.3,300,235.62,300,235.62,235.3,235.3,300,235.29,100,235.28,300,235.27,200,235.06,600,235.05,200,235.04,200,234.93,100,234.92,200,234.9,100,235.62,300,235.74,100,235.75,400,,,,,,,,,,,,,,
2026-02-05 09:36:56,235.46,235.46,1,235.3,300,235.62,300,235.62,235.3,235.3,300,235.29,100,235.28,300,235.27,200,235.06,600,235.05,200,235.04,200,234.93,100,234.92,200,234.9,100,235.62,300,235.74,100,235.75,400,,,,,,,,,,,,,,
2026-02-05 09:36:57,235.46,235.46,1,235.3,300,235.62,300,235.62,235.3,235.3,300,235.29,100,235.28,300,235.27,200,235.06,600,235.05,200,235.04,200,234.93,100,234.92,200,234.9,100,235.62,300,235.74,100,235.75,400,,,,,,,,,,,,,,
2026-02-05 09:36:58,235.46,235.46,2,235.3,300,235.62,300,235.62,235.3,235.3,300,235.29,100,235.28,300,235.27,200,235.06,600,235.05,200,235.04,200,234.93,100,234.92,200,234.9,100,235.62,300,235.74,100,235.75,400,,,,,,,,,,,,,,
2026-02-05 09:36:59,235.34,235.25,1,235.06,700,235.62,300,235.62,235.06,235.06,700,235.05,200,235.04,200,234.93,100,234.92,200,234.9,100,234.75,200,234.71,100,234.69,100,234.68,100,235.62,300,235.74,100,235.75,400,,,,,,,,,,,,,,
2026-02-05 09:37:00,235.34,235.34,4,235.06,700,235.62,300,235.62,235.06,235.06,700,235.05,200,235.04,200,234.93,100,234.92,200,234.9,100,234.75,200,234.71,100,234.69,100,234.68,100,235.62,300,235.74,100,235.75,400,,,,,,,,,,,,,,
2026-02-05 09:37:01,235.34,235.34,2,235.06,700,235.62,300,235.62,235.06,235.06,700,235.05,200,235.04,200,234.93,100,234.92,200,234.9,100,234.75,200,234.71,100,234.69,100,234.68,100,235.62,300,235.74,100,235.75,400,,,,,,,,,,,,,,
2026-02-05 09:37:02,235.34,235.34,4,235.06,100,235.62,300,235.62,235.06,235.06,100,235.05,100,235.04,200,234.93,100,234.92,200,234.9,100,234.75,200,234.71,100,234.69,100,234.68,100,235.62,300,235.74,100,235.75,400,,,,,,,,,,,,,,
2026-02-05 09:37:03,235.245,235.34,4,235.06,100,235.43,3800,235.43,235.06,235.06,100,235.05,100,235.04,200,234.93,100,234.92,200,234.9,100,234.75,200,234.71,100,234.69,100,234.68,100,235.43,3800,235.62,300,235.74,100,235.75,400,,,,,,,,,,,,
2026-02-05 09:37:04,235.245,235.25,1,235.06,100,235.43,3800,235.43,235.06,235.06,100,235.05,100,235.04,200,234.93,100,234.92,200,234.9,100,234.75,200,234.71,100,234.69,100,234.68,100,235.43,3800,235.62,300,235.74,100,235.75,400,,,,,,,,,,,,
2026-02-05 09:37:05,235.245,235.25,1,235.06,100,235.43,4100,235.43,235.06,235.06,100,235.05,100,235.04,200,234.93,100,234.92,200,234.9,100,234.75,200,234.71,100,234.69,100,234.68,100,235.43,4100,235.62,300,235.74,100,235.75,400,,,,,,,,,,,,
2026-02-05 09:37:06,235.245,235.25,1,235.06,100,235.43,4100,235.43,235.06,235.06,100,235.05,100,235.04,200,234.93,100,234.92,200,234.9,100,234.75,200,234.71,100,234.69,100,234.68,100,235.43,4100,235.62,300,235.74,100,235.75,400,,,,,,,,,,,,
2026-02-05 09:37:07,235.245,235.25,1,235.06,100,235.43,4100,235.43,235.06,235.06,100,235.05,100,235.04,200,234.93,100,234.92,200,234.9,100,234.75,200,234.71,100,234.69,100,234.68,100,235.43,4100,235.62,300,235.74,100,235.75,400,,,,,,,,,,,,
2026-02-05 09:37:08,235.245,235.25,1,235.06,100,235.43,4100,235.43,235.06,235.06,100,235.05,100,235.04,200,234.93,100,234.92,200,234.9,100,234.75,200,234.71,100,234.69,100,234.68,100,235.43,4100,235.62,300,235.74,100,235.75,400,,,,,,,,,,,,
2026-02-05 09:37:09,235.245,235.3,1,235.06,100,235.43,4100,235.43,235.06,235.06,100,235.05,100,235.04,200,234.93,100,234.92,200,234.9,100,234.75,200,234.71,100,234.69,100,234.68,100,235.43,4100,235.62,300,235.74,100,235.75,400,,,,,,,,,,,,
2026-02-05 09:37:10,235.245,235.2,1,235.06,400,235.43,3900,235.43,235.06,235.06,400,235.05,100,235.04,200,234.93,100,234.92,200,234.9,100,234.75,200,234.71,100,234.69,100,234.68,100,235.43,3900,235.62,300,235.74,100,235.75,400,,,,,,,,,,,,
2026-02-05 09:37:11,235.245,235.2,1,235.06,400,235.43,3900,235.43,235.06,235.06,400,235.05,100,235.04,200,234.93,100,234.92,200,234.9,100,234.75,200,234.71,100,234.69,100,234.68,100,235.43,3900,235.62,300,235.74,100,235.75,400,,,,,,,,,,,,
2026-02-05 09:37:12,235.245,235.4,1,235.06,400,235.43,3900,235.43,235.06,235.06,400,235.05,100,235.04,200,234.93,100,234.92,200,234.9,100,234.75,200,234.71,100,234.69,100,234.68,100,235.43,3900,235.62,300,235.74,100,235.75,400,,,,,,,,,,,,
2026-02-05 09:37:13,235.245,235.4,1,235.06,400,235.43,3900,235.43,235.06,235.06,400,235.05,100,235.04,200,234.93,100,234.92,200,234.9,100,234.75,200,234.71,100,234.69,100,234.68,100,235.43,3900,235.62,300,235.74,100,235.75,400,,,,,,,,,,,,
2026-02-05 09:37:14,235.445,235.52,1,235.25,100,235.64,100,235.64,235.25,235.25,100,235.24,100,235.13,100,235.06,500,235.05,100,235.04,200,234.93,100,234.92,200,234.9,100,234.75,200,235.64,100,235.74,100,235.75,400,,,,,,,,,,,,,,
2026-02-05 09:37:15,235.445,235.52,1,235.25,100,235.64,100,235.64,235.25,235.25,100,235.24,100,235.13,100,235.06,500,235.05,100,235.04,200,234.93,100,234.92,200,234.9,100,234.75,200,235.64,100,235.74,100,235.75,400,,,,,,,,,,,,,,
2026-02-05 09:37:16,235.445,235.45,4,235.25,100,235.64,100,235.64,235.25,235.25,100,235.24,100,235.13,100,235.06,500,235.05,100,235.04,200,234.93,100,234.92,200,234.9,100,234.75,200,235.64,100,235.74,100,235.75,400,,,,,,,,,,,,,,
2026-02-05 09:37:16,235.43,235.45,4,235.25,100,235.61,700,235.61,235.25,235.25,100,235.24,100,235.13,100,235.06,500,235.05,100,235.04,200,234.93,100,234.92,200,234.9,100,234.75,200,235.61,700,235.64,100,235.74,100,235.75,400,,,,,,,,,,,,
2026-02-05 09:37:18,235.43,235.45,4,235.25,100,235.61,700,235.61,235.25,235.25,100,235.24,100,235.13,100,235.06,500,235.05,100,235.04,200,234.93,100,234.92,200,234.9,100,234.75,200,235.61,700,235.64,100,235.74,100,235.75,400,,,,,,,,,,,,
2026-02-05 09:37:19,235.43,235.45,4,235.25,100,235.61,700,235.61,235.25,235.25,100,235.24,100,235.13,100,235.06,500,235.05,100,235.04,200,234.93,100,234.92,200,234.9,100,234.75,200,235.61,700,235.64,100,235.74,100,235.75,400,,,,,,,,,,,,
2026-02-05 09:37:20,235.43,235.45,4,235.25,100,235.61,700,235.61,235.25,235.25,100,235.24,100,235.13,100,235.06,500,235.05,100,235.04,200,234.93,100,234.92,200,234.9,100,234.75,200,235.61,700,235.64,100,235.74,100,235.75,400,,,,,,,,,,,,
2026-02-05 09:37:21,235.43,235.45,4,235.25,100,235.61,700,235.61,235.25,235.25,100,235.24,100,235.13,100,235.06,500,235.05,100,235.04,200,234.93,100,234.92,200,234.9,100,234.75,200,235.61,700,235.64,100,235.74,100,235.75,400,,,,,,,,,,,,
2026-02-05 09:37:22,235.59,235.61,1,235.44,100,235.74,100,235.74,235.44,235.44,100,235.26,100,235.25,100,235.24,100,235.13,100,235.06,500,235.05,100,235.04,200,234.93,100,234.92,200,235.74,100,235.75,400,,,,,,,,,,,,,,,,
2026-02-05 09:37:23,235.585,235.59,1,235.44,100,235.73,200,235.73,235.44,235.44,100,235.26,100,235.25,100,235.24,100,235.13,100,235.06,500,235.05,100,235.04,200,234.93,100,234.92,200,235.73,200,235.74,100,235.75,400,,,,,,,,,,,,,,
2026-02-05 09:37:24,235.7,235.95,5,235.45,200,235.95,300,235.95,235.45,235.45,200,235.44,700,235.26,100,235.25,100,235.24,100,235.13,100,235.06,500,235.05,100,235.04,200,234.93,100,235.95,300,,,,,,,,,,,,,,,,,,
2026-02-05 09:37:25,235.695,235.94,3,235.44,600,235.95,300,235.95,235.44,235.44,600,235.26,100,235.25,100,235.24,100,235.13,100,235.06,500,235.05,100,235.04,200,234.93,100,234.92,200,235.95,300,,,,,,,,,,,,,,,,,,
2026-02-05 09:37:26,235.695,235.94,3,235.44,600,235.95,300,235.95,235.44,235.44,600,235.26,100,235.25,100,235.24,100,235.13,100,235.06,500,235.05,100,235.04,200,234.93,100,234.92,200,235.95,300,,,,,,,,,,,,,,,,,,
2026-02-05 09:37:27,235.74,235.93,1,235.53,200,235.95,300,235.95,235.53,235.53,200,235.44,600,235.26,100,235.25,100,235.24,100,235.13,100,235.06,500,235.05,100,235.04,200,234.93,100,235.95,300,,,,,,,,,,,,,,,,,,
2026-02-05 09:37:28,235.74,235.74,2,235.53,200,235.95,300,235.95,235.53,235.53,200,235.44,600,235.26,100,235.25,100,235.24,100,235.13,100,235.06,500,235.05,100,235.04,200,234.93,100,235.95,300,,,,,,,,,,,,,,,,,,
2026-02-05 09:37:29,236.12,236.12,1,235.94,200,236.3,200,236.3,235.94,235.94,200,235.75,200,235.61,100,235.53,400,235.44,600,235.26,100,235.25,100,235.24,100,235.13,100,235.06,500,236.3,200,,,,,,,,,,,,,,,,,,
2026-02-05 09:37:30,236.065,235.95,1,235.94,100,236.19,100,236.19,235.94,235.94,100,235.75,200,235.61,100,235.53,400,235.44,600,235.26,100,235.25,100,235.24,100,235.13,100,235.06,500,236.19,100,236.3,200,,,,,,,,,,,,,,,,
2026-02-05 09:37:31,236.065,235.95,1,235.94,100,236.19,100,236.19,235.94,235.94,100,235.75,200,235.61,100,235.53,400,235.44,600,235.26,100,235.25,100,235.24,100,235.13,100,235.06,500,236.19,100,236.3,200,,,,,,,,,,,,,,,,
2026-02-05 09:37:32,236.065,235.95,1,235.94,100,236.19,100,236.19,235.94,235.94,100,235.75,200,235.61,100,235.53,400,235.44,600,235.26,100,235.25,100,235.24,100,235.13,100,235.06,500,236.19,100,236.3,200,,,,,,,,,,,,,,,,
2026-02-05 09:37:33,235.86,235.94,1,235.53,400,236.19,100,236.19,235.53,235.53,400,235.44,600,235.26,100,235.25,100,235.24,100,235.13,100,235.06,500,235.05,100,235.04,200,234.93,100,236.19,100,236.3,200,,,,,,,,,,,,,,,,
2026-02-05 09:37:34,235.86,235.94,1,235.53,400,236.19,100,236.19,235.53,235.53,400,235.44,600,235.26,100,235.25,100,235.24,100,235.13,100,235.06,500,235.05,100,235.04,200,234.93,100,236.19,100,236.3,200,,,,,,,,,,,,,,,,
2026-02-05 09:37:35,235.86,235.94,1,235.53,400,236.19,100,236.19,235.53,235.53,400,235.44,600,235.26,100,235.25,100,235.24,100,235.13,100,235.06,500,235.05,100,235.04,200,234.93,100,236.19,100,236.3,200,,,,,,,,,,,,,,,,
2026-02-05 09:37:36,235.86,235.94,1,235.53,400,236.19,100,236.19,235.53,235.53,400,235.44,600,235.26,100,235.25,100,235.24,100,235.13,100,235.06,500,235.05,100,235.04,200,234.93,100,236.19,100,236.3,200,,,,,,,,,,,,,,,,
2026-02-05 09:37:37,235.86,236.0,1,235.53,400,236.19,100,236.19,235.53,235.53,400,235.44,600,235.26,100,235.25,100,235.24,100,235.13,100,235.06,500,235.05,100,235.04,200,234.93,100,236.19,100,236.3,200,,,,,,,,,,,,,,,,
2026-02-05 09:37:38,235.865,236.0,1,235.54,200,236.19,100,236.19,235.54,235.54,200,235.53,400,235.44,600,235.26,100,235.25,100,235.24,100,235.13,100,235.06,500,235.05,100,235.04,200,236.19,100,236.3,200,,,,,,,,,,,,,,,,
2026-02-05 09:37:39,235.865,235.87,1,235.54,200,236.19,100,236.19,235.54,235.54,200,235.53,400,235.44,600,235.26,100,235.25,100,235.24,100,235.13,100,235.06,500,235.05,100,235.04,200,236.19,100,236.3,200,,,,,,,,,,,,,,,,
2026-02-05 09:37:40,235.865,236.0,1,235.54,200,236.19,200,236.19,235.54,235.54,200,235.53,400,235.44,600,235.26,100,235.25,100,235.24,100,235.13,100,235.06,500,235.05,100,235.04,200,236.19,200,236.3,200,,,,,,,,,,,,,,,,
2026-02-05 09:37:41,235.865,236.14,2,235.54,200,236.19,200,236.19,235.54,235.54,200,235.53,400,235.44,600,235.26,100,235.25,100,235.24,100,235.13,100,235.06,500,235.05,100,235.04,200,236.19,200,236.3,200,,,,,,,,,,,,,,,,
2026-02-05 09:37:42,235.865,235.54,5,235.54,200,236.19,200,236.19,235.54,235.54,200,235.53,400,235.44,600,235.26,100,235.25,100,235.24,100,235.13,100,235.06,500,235.05,100,235.04,200,236.19,200,236.3,200,,,,,,,,,,,,,,,,
2026-02-05 09:37:43,235.865,235.54,5,235.54,300,236.19,200,236.19,235.54,235.54,300,235.53,400,235.44,600,235.26,100,235.25,100,235.24,100,235.13,100,235.06,500,235.05,100,235.04,200,236.19,200,236.3,200,,,,,,,,,,,,,,,,
2026-02-05 09:37:44,235.865,235.9,2,235.54,300,236.19,200,236.19,235.54,235.54,300,235.53,400,235.44,600,235.26,100,235.25,100,235.24,100,235.13,100,235.06,500,235.05,100,235.04,200,236.19,200,236.3,200,,,,,,,,,,,,,,,,
2026-02-05 09:37:45,235.865,235.9,2,235.54,300,236.19,200,236.19,235.54,235.54,300,235.53,400,235.44,600,235.26,100,235.25,100,235.24,100,235.13,100,235.06,500,235.05,100,235.04,200,236.19,200,236.3,200,,,,,,,,,,,,,,,,
2026-02-05 09:37:46,235.865,235.9,2,235.54,300,236.19,200,236.19,235.54,235.54,300,235.53,400,235.44,600,235.26,100,235.25,100,235.24,100,235.13,100,235.06,500,235.05,100,235.04,200,236.19,200,236.3,200,,,,,,,,,,,,,,,,
2026-02-05 09:37:47,235.865,236.19,10,235.54,300,236.19,200,236.19,235.54,235.54,300,235.53,400,235.44,600,235.26,100,235.25,100,235.24,100,235.13,100,235.06,500,235.05,100,235.04,200,236.19,200,236.3,200,,,,,,,,,,,,,,,,
2026-02-05 09:37:48,236.08,236.2,1,235.86,100,236.3,200,236.3,235.86,235.86,100,235.54,200,235.53,400,235.44,600,235.26,100,235.25,100,235.24,100,235.13,100,235.06,500,235.05,100,236.3,200,,,,,,,,,,,,,,,,,,
2026-02-05 09:37:49,236.08,236.2,1,235.86,100,236.3,400,236.3,235.86,235.86,100,235.54,200,235.53,400,235.44,600,235.26,100,235.25,100,235.24,100,235.13,100,235.06,500,235.05,100,236.3,400,,,,,,,,,,,,,,,,,,
2026-02-05 09:37:50,236.08,236.2,1,235.86,100,236.3,400,236.3,235.86,235.86,100,235.54,200,235.53,400,235.44,600,235.26,100,235.25,100,235.24,100,235.13,100,235.06,500,235.05,100,236.3,400,,,,,,,,,,,,,,,,,,
2026-02-05 09:37:51,236.08,236.2,1,235.86,100,236.3,400,236.3,235.86,235.86,100,235.54,200,235.53,400,235.44,600,235.26,100,235.25,100,235.24,100,235.13,100,235.06,500,235.05,100,236.3,400,,,,,,,,,,,,,,,,,,
2026-02-05 09:37:52,236.085,236.09,1,235.87,400,236.3,400,236.3,235.87,235.87,400,235.86,100,235.54,200,235.53,400,235.44,600,235.26,100,235.25,100,235.24,100,235.13,100,235.06,500,236.3,400,,,,,,,,,,,,,,,,,,
2026-02-05 09:37:53,236.085,236.09,1,235.87,400,236.3,400,236.3,235.87,235.87,400,235.86,100,235.54,200,235.53,400,235.44,600,235.26,100,235.25,100,235.24,100,235.13,100,235.06,500,236.3,400,,,,,,,,,,,,,,,,,,
2026-02-05 09:37:54,236.085,236.09,1,235.87,400,236.3,400,236.3,235.87,235.87,400,235.86,100,235.54,200,235.53,400,235.44,600,235.26,100,235.25,100,235.24,100,235.13,100,235.06,500,236.3,400,,,,,,,,,,,,,,,,,,
2026-02-05 09:37:55,236.085,236.09,1,235.87,400,236.3,400,236.3,235.87,235.87,400,235.86,100,235.54,200,235.53,400,235.44,600,235.26,100,235.25,100,235.24,100,235.13,100,235.06,500,236.3,400,,,,,,,,,,,,,,,,,,
2026-02-05 09:37:56,236.085,236.09,1,235.87,400,236.3,400,236.3,235.87,235.87,400,235.86,100,235.54,200,235.53,400,235.44,600,235.26,100,235.25,100,235.24,100,235.13,100,235.06,500,236.3,400,,,,,,,,,,,,,,,,,,
