sim_time,mid_price,last_price,last_size,best_bid_price,best_bid_size,best_ask_price,best_ask_size,close_price_buy,close_price_sell,bid1_price,bid1_size,bid2_price,bid2_size,bid3_price,bid3_size,bid4_price,bid4_size,bid5_price,bid5_size,bid6_price,bid6_size,bid7_price,bid7_size,bid8_price,bid8_size,bid9_price,bid9_size,bid10_price,bid10_size,ask1_price,ask1_size,ask2_price,ask2_size,ask3_price,ask3_size,ask4_price,ask4_size,ask5_price,ask5_size,ask6_price,ask6_size,ask7_price,ask7_size,ask8_price,ask8_size,ask9_price,ask9_size,ask10_price,ask10_size
2020-10-29 09:30:25,147.365,147.35,1,147.32,1,147.41,4,147.41,147.32,147.32,1,147.3,2,,,,,,,,,,,,,,,,,147.41,4,147.43,2,147.44,7,147.47,5,147.54,1,147.55,2,147.56,2,147.57,2,147.58,2,147.59,2
2020-10-29 09:30:26,147.365,147.41,1,147.32,3,147.41,4,147.41,147.32,147.32,3,147.3,2,,,,,,,,,,,,,,,,,147.41,4,147.43,2,147.44,7,147.47,5,147.54,1,147.55,2,147.56,2,147.57,2,147.58,2,147.59,2
2020-10-29 09:30:27,147.46,147.41,1,147.41,3,147.51,3,147.51,147.41,147.41,3,147.36,3,147.35,4,147.34,1,147.33,5,147.32,3,147.3,2,,,,,,,147.51,3,147.54,1,147.55,2,147.56,2,147.57,2,147.58,2,147.59,2,147.61,1,147.65,2,147.66,1
2020-10-29 09:30:28,147.46,147.46,1,147.41,3,147.51,3,147.51,147.41,147.41,3,147.36,3,147.35,4,147.34,1,147.33,5,147.32,3,147.3,2,,,,,,,147.51,3,147.54,1,147.55,2,147.56,2,147.57,2,147.58,2,147.59,2,147.61,1,147.65,2,147.66,1
2020-10-29 09:30:29,147.43,147.42,1,147.35,5,147.51,3,147.51,147.35,147.35,5,147.34,1,147.33,5,147.32,3,147.3,2,,,,,,,,,,,147.51,3,147.54,1,147.55,2,147.56,2,147.57,2,147.58,2,147.59,2,147.61,1,147.65,2,147.66,1
2020-10-29 09:30:30,147.43,147.46,1,147.35,5,147.51,3,147.51,147.35,147.35,5,147.34,1,147.33,5,147.32,3,147.3,2,,,,,,,,,,,147.51,3,147.54,1,147.55,2,147.56,2,147.57,2,147.58,2,147.59,2,147.61,1,147.65,2,147.66,1
2020-10-29 09:30:31,147.46,147.5,1,147.41,3,147.51,3,147.51,147.41,147.41,3,147.35,5,147.34,1,147.33,5,147.32,3,147.3,2,,,,,,,,,147.51,3,147.54,1,147.55,2,147.56,2,147.57,2,147.58,2,147.59,2,147.61,1,147.65,2,147.66,1
2020-10-29 09:30:32,147.515,147.52,1,147.42,3,147.61,3,147.61,147.42,147.42,3,147.41,3,147.35,5,147.34,1,147.33,5,147.32,3,147.3,2,,,,,,,147.61,3,147.62,2,147.64,6,147.65,2,147.66,1,147.77,1,147.81,1,147.85,2,147.86,3,147.87,2
2020-10-29 09:30:33,147.505,147.43,1,147.41,3,147.6,2,147.6,147.41,147.41,3,147.35,5,147.34,1,147.33,5,147.32,3,147.3,2,,,,,,,,,147.6,2,147.61,3,147.62,2,147.64,6,147.65,2,147.66,1,147.77,1,147.81,1,147.85,2,147.86,3
2020-10-29 09:30:34,147.5,147.46,1,147.43,1,147.57,2,147.57,147.43,147.43,1,147.41,3,147.35,5,147.34,1,147.33,5,147.32,3,147.3,2,,,,,,,147.57,2,147.6,2,147.61,3,147.62,2,147.64,6,147.65,2,147.66,1,147.77,1,147.81,1,147.85,2
2020-10-29 09:30:35,147.54,147.5,1,147.47,2,147.61,5,147.61,147.47,147.47,2,147.46,2,147.43,1,147.41,3,147.35,5,147.34,1,147.33,5,147.32,3,147.3,2,,,147.61,5,147.62,2,147.64,6,147.65,2,147.66,1,147.77,1,147.81,1,147.85,2,147.86,3,147.87,2
2020-10-29 09:30:36,147.65,147.69,3,147.6,3,147.7,2,147.7,147.6,147.6,3,147.48,1,147.47,4,147.46,2,147.43,1,147.41,3,147.35,5,147.34,1,147.33,5,147.32,3,147.7,2,147.75,2,147.81,1,147.85,2,147.86,3,147.87,2,147.91,3,147.94,2,147.96,2,147.97,2
2020-10-29 09:30:37,147.65,147.61,1,147.6,3,147.7,2,147.7,147.6,147.6,3,147.48,1,147.47,4,147.46,2,147.43,1,147.41,3,147.35,5,147.34,1,147.33,5,147.32,3,147.7,2,147.75,2,147.81,1,147.85,2,147.86,3,147.87,2,147.91,3,147.94,2,147.96,2,147.97,2
2020-10-29 09:30:38,147.65,147.61,1,147.6,3,147.7,2,147.7,147.6,147.6,3,147.48,1,147.47,4,147.46,2,147.43,1,147.41,3,147.35,5,147.34,1,147.33,5,147.32,3,147.7,2,147.75,2,147.81,1,147.85,2,147.86,3,147.87,2,147.91,3,147.94,2,147.96,2,147.97,2
2020-10-29 09:30:39,147.655,147.61,1,147.61,1,147.7,2,147.7,147.61,147.61,1,147.6,3,147.48,1,147.47,4,147.46,2,147.43,1,147.41,3,147.35,5,147.34,1,147.33,5,147.7,2,147.75,2,147.81,1,147.85,2,147.86,3,147.87,2,147.91,3,147.94,2,147.96,2,147.97,2
2020-10-29 09:30:41,147.61,147.56,1,147.56,1,147.66,2,147.66,147.56,147.56,1,147.48,1,147.47,4,147.46,2,147.43,1,147.41,3,147.35,5,147.34,1,147.33,5,147.32,3,147.66,2,147.7,2,147.75,2,147.81,1,147.85,2,147.86,3,147.87,2,147.91,3,147.94,2,147.96,2
2020-10-29 09:30:41,147.61,147.62,2,147.56,1,147.66,2,147.66,147.56,147.56,1,147.48,1,147.47,4,147.46,2,147.43,1,147.41,3,147.35,5,147.34,1,147.33,5,147.32,3,147.66,2,147.7,2,147.75,2,147.81,1,147.85,2,147.86,3,147.87,2,147.91,3,147.94,2,147.96,2
2020-10-29 09:30:43,147.62,147.61,1,147.57,3,147.67,1,147.67,147.57,147.57,3,147.56,2,147.48,1,147.47,4,147.46,2,147.43,1,147.41,3,147.35,5,147.34,1,147.33,5,147.67,1,147.7,2,147.75,2,147.81,1,147.85,2,147.86,3,147.87,2,147.91,3,147.94,2,147.96,2
2020-10-29 09:30:43,147.615,147.61,1,147.58,4,147.65,3,147.65,147.58,147.58,4,147.57,3,147.56,2,147.48,1,147.47,4,147.46,2,147.43,1,147.41,3,147.35,5,147.34,1,147.65,3,147.66,2,147.81,1,147.85,2,147.86,3,147.87,2,147.91,3,147.94,2,147.96,2,147.97,2
2020-10-29 09:30:44,147.58,147.58,1,147.51,5,147.65,3,147.65,147.51,147.51,5,147.48,1,147.47,4,147.46,2,147.43,1,147.41,3,147.35,5,147.34,1,147.33,5,147.32,3,147.65,3,147.66,2,147.81,1,147.85,2,147.86,3,147.87,2,147.91,3,147.94,2,147.96,2,147.97,2
2020-10-29 09:30:46,147.665,147.65,1,147.58,1,147.75,2,147.75,147.58,147.58,1,147.52,3,147.51,5,147.48,1,147.47,4,147.46,2,147.43,1,147.41,3,147.35,5,147.34,1,147.75,2,147.81,1,147.85,2,147.86,3,147.87,2,147.91,3,147.94,2,147.96,2,147.97,2,147.98,2
2020-10-29 09:30:47,147.635,147.68,1,147.52,3,147.75,2,147.75,147.52,147.52,3,147.51,5,147.48,1,147.47,4,147.46,2,147.43,1,147.41,3,147.35,5,147.34,1,147.33,5,147.75,2,147.81,1,147.85,2,147.86,3,147.87,2,147.91,3,147.94,2,147.96,2,147.97,2,147.98,2
2020-10-29 09:30:47,147.725,147.7,2,147.7,4,147.75,3,147.75,147.7,147.7,4,147.6,1,147.53,1,147.52,3,147.51,5,147.48,1,147.47,4,147.46,2,147.43,1,147.41,3,147.75,3,147.76,1,147.81,1,147.85,2,147.86,3,147.87,2,147.91,3,147.94,2,147.96,2,147.97,2
2020-10-29 09:30:49,147.695,147.69,1,147.65,1,147.74,3,147.74,147.65,147.65,1,147.6,1,147.53,1,147.52,3,147.51,5,147.48,1,147.47,4,147.46,2,147.43,1,147.41,3,147.74,3,147.75,3,147.76,1,147.81,1,147.85,2,147.86,3,147.87,2,147.91,3,147.94,2,147.96,2
2020-10-29 09:30:50,147.695,147.69,3,147.65,1,147.74,3,147.74,147.65,147.65,1,147.6,1,147.53,1,147.52,3,147.51,5,147.48,1,147.47,4,147.46,2,147.43,1,147.41,3,147.74,3,147.75,3,147.76,1,147.81,1,147.85,2,147.86,3,147.87,2,147.91,3,147.94,2,147.96,2
2020-10-29 09:30:51,147.695,147.69,5,147.65,1,147.74,3,147.74,147.65,147.65,1,147.6,1,147.53,1,147.52,3,147.51,5,147.48,1,147.47,4,147.46,2,147.43,1,147.41,3,147.74,3,147.75,3,147.76,1,147.81,1,147.85,2,147.86,3,147.87,2,147.91,3,147.94,2,147.96,2
2020-10-29 09:30:51,147.695,147.69,1,147.65,1,147.74,3,147.74,147.65,147.65,1,147.6,1,147.53,1,147.52,3,147.51,5,147.48,1,147.47,4,147.46,2,147.43,1,147.41,3,147.74,3,147.75,3,147.76,1,147.81,1,147.85,2,147.86,3,147.87,2,147.91,3,147.94,2,147.96,2
2020-10-29 09:30:52,147.695,147.74,1,147.65,2,147.74,3,147.74,147.65,147.65,2,147.6,1,147.53,1,147.52,3,147.51,5,147.48,1,147.47,4,147.46,2,147.43,1,147.41,3,147.74,3,147.75,3,147.76,1,147.81,1,147.85,2,147.86,3,147.87,2,147.91,3,147.94,2,147.96,2
2020-10-29 09:30:54,147.7,147.74,1,147.65,2,147.75,4,147.75,147.65,147.65,2,147.6,1,147.53,1,147.52,3,147.51,5,147.48,1,147.47,4,147.46,2,147.43,1,147.41,3,147.75,4,147.76,1,147.81,1,147.85,2,147.86,3,147.87,2,147.91,3,147.94,2,147.96,2,147.97,2
2020-10-29 09:30:55,147.75,147.77,1,147.71,1,147.79,2,147.79,147.71,147.71,1,147.66,1,147.65,2,147.6,1,147.53,1,147.52,3,147.51,5,147.48,1,147.47,4,147.46,2,147.79,2,147.81,2,147.85,2,147.86,3,147.87,2,147.91,3,147.94,2,147.96,2,147.97,2,147.98,2
2020-10-29 09:30:56,147.805,147.79,1,147.75,4,147.86,3,147.86,147.75,147.75,4,147.71,1,147.66,1,147.65,2,147.6,1,147.53,1,147.52,3,147.51,5,147.48,1,147.47,4,147.86,3,147.87,2,147.91,3,147.94,2,147.96,2,147.97,2,147.98,2,148.01,1,148.02,1,148.25,2
2020-10-29 09:30:57,147.855,147.81,1,147.78,8,147.93,2,147.93,147.78,147.78,8,147.77,3,147.76,2,147.75,4,147.71,1,147.66,1,147.65,2,147.6,1,147.53,1,147.52,3,147.93,2,148.0,4,148.01,1,148.02,1,148.25,2,148.26,2,148.72,2,148.88,2,148.94,2,,
2020-10-29 09:30:58,147.895,148.0,9,147.8,3,147.99,2,147.99,147.8,147.8,3,147.79,3,147.78,10,147.77,3,147.76,2,147.75,4,147.71,1,147.66,1,147.65,2,147.6,1,147.99,2,148.0,5,148.01,1,148.02,1,148.25,2,148.26,2,148.72,2,148.88,2,148.94,2,,
2020-10-29 09:30:59,147.9,147.9,2,147.8,3,148.0,5,148.0,147.8,147.8,3,147.79,3,147.78,10,147.77,3,147.76,2,147.75,4,147.71,1,147.66,1,147.65,2,147.6,1,148.0,5,148.01,1,148.02,1,148.25,2,148.26,2,148.72,2,148.88,2,148.94,2,,,,
2020-10-29 09:31:00,147.9,147.9,10,147.81,3,147.99,2,147.99,147.81,147.81,3,147.8,3,147.79,3,147.78,10,147.77,3,147.76,2,147.75,4,147.71,1,147.66,1,147.65,2,147.99,2,148.0,4,148.01,1,148.02,1,148.25,2,148.26,2,148.72,2,148.88,2,148.94,2,,
2020-10-29 09:31:01,147.87,147.94,1,147.79,1,147.95,2,147.95,147.79,147.79,1,147.78,10,147.77,3,147.76,2,147.75,4,147.71,1,147.66,1,147.65,2,147.6,1,147.53,1,147.95,2,147.99,1,148.0,4,148.01,1,148.02,1,148.25,2,148.26,2,148.72,2,148.88,2,148.94,2
2020-10-29 09:31:02,147.87,147.89,1,147.79,2,147.95,2,147.95,147.79,147.79,2,147.77,3,147.76,2,147.75,4,147.71,1,147.66,1,147.65,2,147.6,1,147.53,1,147.52,3,147.95,2,147.99,1,148.0,4,148.01,1,148.02,1,148.25,2,148.26,2,148.72,2,148.88,2,148.94,2
2020-10-29 09:31:03,147.87,147.89,1,147.79,2,147.95,2,147.95,147.79,147.79,2,147.77,3,147.76,2,147.75,4,147.71,1,147.66,1,147.65,2,147.6,1,147.53,1,147.52,3,147.95,2,147.99,1,148.0,4,148.01,1,148.02,1,148.25,2,148.26,2,148.72,2,148.88,2,148.94,2
2020-10-29 09:31:04,147.84,147.84,1,147.79,3,147.89,3,147.89,147.79,147.79,3,147.77,3,147.76,2,147.75,4,147.71,1,147.66,1,147.65,2,147.6,1,147.53,1,147.52,3,147.89,3,147.95,2,147.99,1,148.0,4,148.01,1,148.02,1,148.25,2,148.26,2,148.72,2,148.88,2
2020-10-29 09:31:05,147.81,147.83,1,147.77,1,147.85,2,147.85,147.77,147.77,1,147.75,3,147.71,1,147.66,1,147.65,2,147.6,1,147.53,1,147.52,3,147.51,5,147.48,1,147.85,2,147.87,3,147.88,1,147.89,3,147.95,2,147.99,1,148.0,4,148.01,1,148.02,1,148.25,2
2020-10-29 09:31:05,147.85,147.85,2,147.8,4,147.9,3,147.9,147.8,147.8,4,147.77,1,147.75,3,147.71,1,147.66,1,147.65,2,147.6,1,147.53,1,147.52,3,147.51,5,147.9,3,147.95,2,147.99,1,148.0,4,148.01,1,148.02,1,148.25,2,148.26,2,148.72,2,148.88,2
2020-10-29 09:31:08,147.665,147.66,1,147.6,2,147.73,3,147.73,147.6,147.6,2,147.53,1,147.52,3,147.51,5,147.48,1,147.47,4,147.46,2,147.43,1,147.41,3,147.35,5,147.73,3,147.8,2,147.85,2,147.9,3,147.95,2,147.99,1,148.0,4,148.01,1,148.02,1,148.25,2
2020-10-29 09:31:09,147.67,147.66,1,147.61,3,147.73,3,147.73,147.61,147.61,3,147.6,2,147.53,1,147.52,3,147.51,5,147.48,1,147.47,4,147.46,2,147.43,1,147.41,3,147.73,3,147.8,2,147.85,2,147.9,3,147.95,2,147.99,1,148.0,4,148.01,1,148.02,1,148.25,2
2020-10-29 09:31:10,147.67,147.66,1,147.61,5,147.73,3,147.73,147.61,147.61,5,147.6,2,147.53,1,147.52,3,147.51,5,147.48,1,147.47,4,147.46,2,147.43,1,147.41,3,147.73,3,147.8,2,147.85,2,147.9,3,147.95,2,147.99,1,148.0,4,148.01,1,148.02,1,148.25,2
2020-10-29 09:31:11,147.575,147.58,1,147.51,6,147.64,3,147.64,147.51,147.51,6,147.48,1,147.47,4,147.46,2,147.43,1,147.41,3,147.35,5,147.34,1,147.33,5,147.32,3,147.64,3,147.69,2,147.73,4,147.8,2,147.85,2,147.9,3,147.95,2,147.99,1,148.0,4,148.01,1
2020-10-29 09:31:12,147.685,147.66,1,147.63,1,147.74,1,147.74,147.63,147.63,1,147.51,7,147.48,1,147.47,4,147.46,2,147.43,1,147.41,3,147.35,5,147.34,1,147.33,5,147.74,1,147.79,2,147.8,2,147.85,2,147.9,3,147.95,2,147.99,1,148.0,4,148.01,1,148.02,1
2020-10-29 09:31:13,147.67,147.7,1,147.6,1,147.74,1,147.74,147.6,147.6,1,147.51,7,147.48,1,147.47,4,147.46,2,147.43,1,147.41,3,147.35,5,147.34,1,147.33,5,147.74,1,147.79,2,147.8,2,147.85,2,147.9,3,147.95,2,147.99,1,148.0,4,148.01,1,148.02,1
2020-10-29 09:31:14,147.7,147.76,10,147.61,2,147.79,2,147.79,147.61,147.61,2,147.6,1,147.51,7,147.48,1,147.47,4,147.46,2,147.43,1,147.41,3,147.35,5,147.34,1,147.79,2,147.8,2,147.85,2,147.9,3,147.95,2,147.99,1,148.0,4,148.01,1,148.02,1,148.25,2
2020-10-29 09:31:15,147.72,147.72,1,147.65,3,147.79,2,147.79,147.65,147.65,3,147.62,1,147.61,3,147.6,1,147.51,7,147.48,1,147.47,4,147.46,2,147.43,1,147.41,3,147.79,2,147.8,2,147.85,2,147.9,3,147.95,2,147.99,1,148.0,4,148.01,1,148.02,1,148.25,2
2020-10-29 09:31:16,147.73,147.72,1,147.66,2,147.8,3,147.8,147.66,147.66,2,147.65,4,147.62,1,147.61,3,147.6,1,147.51,7,147.48,1,147.47,4,147.46,2,147.43,1,147.8,3,147.85,2,147.9,3,147.95,2,147.99,1,148.0,4,148.01,1,148.02,1,148.25,2,148.26,2
2020-10-29 09:31:17,147.7,147.67,1,147.6,1,147.8,3,147.8,147.6,147.6,1,147.51,7,147.48,1,147.47,4,147.46,2,147.43,1,147.41,3,147.35,5,147.34,1,147.33,5,147.8,3,147.85,2,147.9,3,147.95,2,147.99,1,148.0,4,148.01,1,148.02,1,148.25,2,148.26,2
2020-10-29 09:31:18,147.87,147.91,1,147.79,5,147.95,3,147.95,147.79,147.79,5,147.7,1,147.67,2,147.64,2,147.6,1,147.51,7,147.48,1,147.47,4,147.46,2,147.43,1,147.95,3,147.99,1,148.0,4,148.01,1,148.02,1,148.25,2,148.26,2,148.72,2,148.88,2,148.94,2
2020-10-29 09:31:19,147.875,147.93,5,147.8,2,147.95,4,147.95,147.8,147.8,2,147.79,5,147.7,1,147.67,2,147.64,2,147.6,1,147.51,7,147.48,1,147.47,4,147.46,2,147.95,4,147.99,1,148.0,4,148.01,1,148.02,1,148.25,2,148.26,2,148.72,2,148.88,2,148.94,2
2020-10-29 09:31:20,147.875,147.87,1,147.8,3,147.95,4,147.95,147.8,147.8,3,147.79,5,147.7,1,147.67,2,147.64,2,147.6,1,147.51,7,147.48,1,147.47,4,147.46,2,147.95,4,147.99,1,148.0,4,148.01,1,148.02,1,148.25,2,148.26,2,148.72,2,148.88,2,148.94,2
2020-10-29 09:31:21,147.885,147.88,1,147.83,1,147.94,1,147.94,147.83,147.83,1,147.79,2,147.7,1,147.67,2,147.64,2,147.6,1,147.51,7,147.48,1,147.47,4,147.46,2,147.94,1,147.95,5,147.99,1,148.0,4,148.01,1,148.02,1,148.25,2,148.26,2,148.72,2,148.88,2
2020-10-29 09:31:22,147.885,147.83,10,147.83,2,147.94,1,147.94,147.83,147.83,2,147.79,2,147.7,1,147.67,2,147.64,2,147.6,1,147.51,7,147.48,1,147.47,4,147.46,2,147.94,1,147.95,5,147.99,1,148.0,4,148.01,1,148.02,1,148.25,2,148.26,2,148.72,2,148.88,2
2020-10-29 09:31:23,147.885,147.88,1,147.83,4,147.94,2,147.94,147.83,147.83,4,147.79,2,147.7,1,147.67,2,147.64,2,147.6,1,147.51,7,147.48,1,147.47,4,147.46,2,147.94,2,147.95,5,147.99,1,148.0,4,148.01,1,148.02,1,148.25,2,148.26,2,148.72,2,148.88,2
2020-10-29 09:31:24,147.885,147.88,1,147.83,4,147.94,3,147.94,147.83,147.83,4,147.79,2,147.7,1,147.67,2,147.64,2,147.6,1,147.51,7,147.48,1,147.47,4,147.46,2,147.94,3,147.95,5,147.99,1,148.0,4,148.01,1,148.02,1,148.25,2,148.26,2,148.72,2,148.88,2
2020-10-29 09:31:25,147.865,147.79,1,147.79,9,147.94,3,147.94,147.79,147.79,9,147.74,1,147.7,1,147.67,2,147.64,2,147.6,1,147.51,7,147.48,1,147.47,4,147.46,2,147.94,3,147.95,5,147.99,1,148.0,4,148.01,1,148.02,1,148.25,2,148.26,2,148.72,2,148.88,2
2020-10-29 09:31:26,147.865,147.79,1,147.79,9,147.94,3,147.94,147.79,147.79,9,147.74,1,147.7,1,147.67,2,147.64,2,147.6,1,147.51,7,147.48,1,147.47,4,147.46,2,147.94,3,147.95,5,147.99,1,148.0,4,148.01,1,148.02,1,148.25,2,148.26,2,148.72,2,148.88,2
2020-10-29 09:31:27,147.775,147.74,1,147.71,1,147.84,1,147.84,147.71,147.71,1,147.7,1,147.66,1,147.64,2,147.6,1,147.51,7,147.48,1,147.47,4,147.46,2,147.43,1,147.84,1,147.85,2,147.94,3,147.95,5,147.99,1,148.0,4,148.01,1,148.02,1,148.25,2,148.26,2
2020-10-29 09:31:28,147.765,147.74,1,147.68,1,147.85,2,147.85,147.68,147.68,1,147.66,2,147.64,2,147.6,1,147.51,7,147.48,1,147.47,4,147.46,2,147.43,1,147.41,3,147.85,2,147.94,3,147.95,5,147.99,1,148.0,4,148.01,1,148.02,1,148.25,2,148.26,2,148.72,2
2020-10-29 09:31:29,147.765,147.74,1,147.68,1,147.85,2,147.85,147.68,147.68,1,147.66,2,147.64,2,147.6,1,147.51,7,147.48,1,147.47,4,147.46,2,147.43,1,147.41,3,147.85,2,147.94,3,147.95,5,147.99,1,148.0,4,148.01,1,148.02,1,148.25,2,148.26,2,148.72,2
2020-10-29 09:31:30,147.72,147.76,1,147.66,2,147.78,2,147.78,147.66,147.66,2,147.64,2,147.6,1,147.51,7,147.48,1,147.47,4,147.46,2,147.43,1,147.41,3,147.35,5,147.78,2,147.85,2,147.94,3,147.95,5,147.99,1,148.0,4,148.01,1,148.02,1,148.25,2,148.26,2
2020-10-29 09:31:31,147.74,147.76,1,147.7,1,147.78,2,147.78,147.7,147.7,1,147.66,2,147.64,2,147.6,1,147.51,7,147.48,1,147.47,4,147.46,2,147.43,1,147.41,3,147.78,2,147.85,2,147.94,3,147.95,5,147.99,1,148.0,4,148.01,1,148.02,1,148.25,2,148.26,2
2020-10-29 09:31:32,147.8,147.81,2,147.75,4,147.85,3,147.85,147.75,147.75,4,147.71,2,147.7,6,147.66,2,147.64,2,147.6,1,147.51,7,147.48,1,147.47,4,147.46,2,147.85,3,147.94,3,147.95,5,147.99,1,148.0,4,148.01,1,148.02,1,148.25,2,148.26,2,148.72,2
2020-10-29 09:31:33,147.85,147.9,5,147.77,1,147.93,5,147.93,147.77,147.77,1,147.71,2,147.7,6,147.66,2,147.64,2,147.6,1,147.51,7,147.48,1,147.47,4,147.46,2,147.93,5,147.94,2,148.0,18,148.01,1,148.02,1,148.25,2,148.26,2,148.72,2,148.88,2,148.94,2
2020-10-29 09:31:34,147.85,147.88,2,147.77,1,147.93,2,147.93,147.77,147.77,1,147.71,2,147.7,6,147.66,2,147.64,2,147.6,1,147.51,7,147.48,1,147.47,4,147.46,2,147.93,2,147.94,2,148.0,18,148.01,1,148.02,1,148.25,2,148.26,2,148.72,2,148.88,2,148.94,2
2020-10-29 09:31:35,147.825,147.77,3,147.77,4,147.88,2,147.88,147.77,147.77,4,147.71,2,147.7,6,147.66,2,147.64,2,147.6,1,147.51,7,147.48,1,147.47,4,147.46,2,147.88,2,147.89,1,147.94,4,148.0,18,148.01,1,148.02,1,148.25,2,148.26,2,148.72,2,148.88,2
2020-10-29 09:31:36,147.765,147.82,1,147.7,7,147.83,3,147.83,147.7,147.7,7,147.66,2,147.64,2,147.6,1,147.51,7,147.48,1,147.47,4,147.46,2,147.43,1,147.41,3,147.83,3,147.88,2,147.89,1,147.94,4,148.0,18,148.01,1,148.02,1,148.25,2,148.26,2,148.72,2
2020-10-29 09:31:37,147.805,147.79,1,147.7,7,147.91,2,147.91,147.7,147.7,7,147.66,2,147.64,2,147.6,1,147.51,7,147.48,1,147.47,4,147.46,2,147.43,1,147.41,3,147.91,2,147.94,4,148.0,18,148.01,1,148.02,1,148.25,2,148.26,2,148.72,2,148.88,2,148.94,2
2020-10-29 09:31:38,147.83,147.84,2,147.78,2,147.88,2,147.88,147.78,147.78,2,147.71,1,147.7,7,147.66,2,147.64,2,147.6,1,147.51,7,147.48,1,147.47,4,147.46,2,147.88,2,147.94,5,148.0,18,148.01,1,148.02,1,148.25,2,148.26,2,148.72,2,148.88,2,148.94,2
2020-10-29 09:31:39,147.88,147.88,1,147.83,1,147.93,1,147.93,147.83,147.83,1,147.78,2,147.71,1,147.7,7,147.66,2,147.64,2,147.6,1,147.51,7,147.48,1,147.47,4,147.93,1,147.94,5,148.0,18,148.01,1,148.02,1,148.25,2,148.26,2,148.72,2,148.88,2,148.94,2
2020-10-29 09:31:40,147.88,147.89,1,147.83,2,147.93,1,147.93,147.83,147.83,2,147.78,2,147.71,1,147.7,7,147.66,2,147.64,2,147.6,1,147.51,7,147.48,1,147.47,4,147.93,1,147.94,5,148.0,18,148.01,1,148.02,1,148.25,2,148.26,2,148.72,2,148.88,2,148.94,2
2020-10-29 09:31:41,147.895,147.87,1,147.83,2,147.96,2,147.96,147.83,147.83,2,147.78,2,147.71,1,147.7,7,147.66,2,147.64,2,147.6,1,147.51,7,147.48,1,147.47,4,147.96,2,148.0,18,148.01,1,148.02,1,148.25,2,148.26,2,148.72,2,148.88,2,148.94,2,,
2020-10-29 09:31:42,147.89,147.89,1,147.83,4,147.95,1,147.95,147.83,147.83,4,147.78,2,147.71,1,147.7,7,147.66,2,147.64,2,147.6,1,147.51,7,147.48,1,147.47,4,147.95,1,147.96,2,148.0,18,148.01,1,148.02,1,148.25,2,148.26,2,148.72,2,148.88,2,148.94,2
2020-10-29 09:31:43,147.945,147.89,1,147.89,2,148.0,17,148.0,147.89,147.89,2,147.88,2,147.83,6,147.78,2,147.71,1,147.7,7,147.66,2,147.64,2,147.6,1,147.51,7,148.0,17,148.01,1,148.02,1,148.25,2,148.26,2,148.72,2,148.88,2,148.94,2,,,,
2020-10-29 09:31:44,147.89,147.83,1,147.8,3,147.98,3,147.98,147.8,147.8,3,147.78,2,147.71,1,147.7,7,147.66,2,147.64,2,147.6,1,147.51,7,147.48,1,147.47,4,147.98,3,147.99,2,148.0,19,148.01,1,148.02,1,148.25,2,148.26,2,148.72,2,148.88,2,148.94,2
2020-10-29 09:31:45,147.895,147.93,1,147.8,4,147.99,3,147.99,147.8,147.8,4,147.78,2,147.71,1,147.7,7,147.66,2,147.64,2,147.6,1,147.51,7,147.48,1,147.47,4,147.99,3,148.0,18,148.01,1,148.02,1,148.25,2,148.26,2,148.72,2,148.88,2,148.94,2,,
2020-10-29 09:31:46,147.895,147.99,1,147.8,4,147.99,2,147.99,147.8,147.8,4,147.78,2,147.71,1,147.7,7,147.66,2,147.64,2,147.6,1,147.51,7,147.48,1,147.47,4,147.99,2,148.0,18,148.01,1,148.02,1,148.25,2,148.26,2,148.72,2,148.88,2,148.94,2,,
2020-10-29 09:31:47,147.89,147.98,1,147.8,4,147.98,1,147.98,147.8,147.8,4,147.78,2,147.71,1,147.7,7,147.66,2,147.64,2,147.6,1,147.51,7,147.48,1,147.47,4,147.98,1,147.99,2,148.0,18,148.01,1,148.02,1,148.25,2,148.26,2,148.72,2,148.88,2,148.94,2
2020-10-29 09:31:48,147.89,147.88,1,147.8,4,147.98,2,147.98,147.8,147.8,4,147.78,2,147.71,1,147.7,7,147.66,2,147.64,2,147.6,1,147.51,7,147.48,1,147.47,4,147.98,2,147.99,2,148.0,18,148.01,1,148.02,1,148.25,2,148.26,2,148.72,2,148.88,2,148.94,2
2020-10-29 09:31:49,147.9,147.98,2,147.8,4,148.0,19,148.0,147.8,147.8,4,147.78,2,147.71,1,147.7,7,147.66,2,147.64,2,147.6,1,147.51,7,147.48,1,147.47,4,148.0,19,148.01,1,148.02,1,148.25,2,148.26,2,148.72,2,148.88,2,148.94,2,,,,
2020-10-29 09:31:50,147.92,147.9,1,147.86,2,147.98,2,147.98,147.86,147.86,2,147.85,2,147.8,5,147.78,2,147.71,1,147.7,7,147.66,2,147.64,2,147.6,1,147.51,7,147.98,2,148.0,19,148.01,1,148.02,1,148.25,2,148.26,2,148.72,2,148.88,2,148.94,2,,
2020-10-29 09:31:51,147.92,147.87,1,147.86,2,147.98,6,147.98,147.86,147.86,2,147.85,2,147.8,5,147.78,2,147.71,1,147.7,7,147.66,2,147.64,2,147.6,1,147.51,7,147.98,6,148.0,19,148.01,1,148.02,1,148.25,2,148.26,2,148.72,2,148.88,2,148.94,2,,
2020-10-29 09:31:52,147.955,147.93,1,147.91,4,148.0,19,148.0,147.91,147.91,4,147.86,2,147.85,2,147.8,5,147.78,2,147.71,1,147.7,7,147.66,2,147.64,2,147.6,1,148.0,19,148.01,1,148.02,1,148.25,2,148.26,2,148.72,2,148.88,2,148.94,2,,,,
2020-10-29 09:31:53,147.89,147.91,1,147.83,1,147.95,1,147.95,147.83,147.83,1,147.8,7,147.78,2,147.71,1,147.7,7,147.66,2,147.64,2,147.6,1,147.51,7,147.48,1,147.95,1,147.99,2,148.0,19,148.01,1,148.02,1,148.25,2,148.26,2,148.72,2,148.88,2,148.94,2
2020-10-29 09:31:54,147.895,147.95,1,147.8,7,147.99,3,147.99,147.8,147.8,7,147.78,2,147.71,1,147.7,7,147.66,2,147.64,2,147.6,1,147.51,7,147.48,1,147.47,4,147.99,3,148.0,19,148.01,1,148.02,1,148.25,2,148.26,2,148.72,2,148.88,2,148.94,2,,
2020-10-29 09:31:55,147.885,147.9,1,147.83,2,147.94,2,147.94,147.83,147.83,2,147.8,11,147.78,2,147.71,1,147.7,7,147.66,2,147.64,2,147.6,1,147.51,7,147.48,1,147.94,2,147.98,1,147.99,2,148.0,19,148.01,1,148.02,1,148.25,2,148.26,2,148.72,2,148.88,2
2020-10-29 09:31:56,147.755,147.8,1,147.69,1,147.82,2,147.82,147.69,147.69,1,147.68,10,147.66,2,147.64,2,147.6,1,147.51,7,147.48,1,147.47,4,147.46,2,147.43,1,147.82,2,147.86,1,147.88,3,147.89,1,147.95,1,147.96,1,147.98,1,147.99,3,148.0,19,148.01,1
2020-10-29 09:31:57,147.795,147.77,5,147.74,1,147.85,1,147.85,147.74,147.74,1,147.69,3,147.68,10,147.66,2,147.64,2,147.6,1,147.51,7,147.48,1,147.47,4,147.46,2,147.85,1,147.86,1,147.88,3,147.89,1,147.95,1,147.96,1,147.98,1,147.99,3,148.0,19,148.01,1
2020-10-29 09:31:58,147.85,147.77,5,147.74,1,147.96,1,147.96,147.74,147.74,1,147.69,2,147.68,10,147.66,2,147.64,2,147.6,1,147.51,7,147.48,1,147.47,4,147.46,2,147.96,1,147.97,5,147.98,1,147.99,3,148.0,19,148.01,1,148.02,1,148.25,2,148.26,2,148.72,2
2020-10-29 09:31:59,147.845,147.86,5,147.76,1,147.93,1,147.93,147.76,147.76,1,147.74,2,147.69,2,147.68,10,147.66,2,147.64,2,147.6,1,147.51,7,147.48,1,147.47,4,147.93,1,147.95,1,147.96,2,147.97,5,147.98,1,147.99,3,148.0,19,148.01,1,148.02,1,148.25,2
2020-10-29 09:32:00,147.835,147.86,1,147.74,3,147.93,1,147.93,147.74,147.74,3,147.69,2,147.68,10,147.66,2,147.64,2,147.6,1,147.51,7,147.48,1,147.47,4,147.46,2,147.93,1,147.95,1,147.96,2,147.97,5,147.98,1,147.99,3,148.0,19,148.01,1,148.02,1,148.25,2
2020-10-29 09:32:01,147.845,147.84,3,147.74,3,147.95,1,147.95,147.74,147.74,3,147.69,2,147.68,10,147.66,2,147.64,2,147.6,1,147.51,7,147.48,1,147.47,4,147.46,2,147.95,1,147.96,2,147.97,5,147.98,1,147.99,3,148.0,19,148.01,1,148.02,1,148.25,2,148.26,2
2020-10-29 09:32:02,147.855,147.94,1,147.76,3,147.95,2,147.95,147.76,147.76,3,147.74,3,147.69,2,147.68,10,147.66,2,147.64,2,147.6,1,147.51,7,147.48,1,147.47,4,147.95,2,147.96,2,147.97,5,147.98,1,147.99,3,148.0,19,148.01,1,148.02,1,148.25,2,148.26,2
2020-10-29 09:32:03,147.855,147.9,1,147.76,5,147.95,2,147.95,147.76,147.76,5,147.75,1,147.74,3,147.69,2,147.68,10,147.66,2,147.64,2,147.6,1,147.51,7,147.48,1,147.95,2,147.96,2,147.97,5,147.98,1,147.99,3,148.0,19,148.01,1,148.02,1,148.25,2,148.26,2
2020-10-29 09:32:04,147.845,147.9,15,147.77,1,147.93,1,147.93,147.77,147.76,4,147.75,1,147.74,3,147.69,2,147.68,10,147.66,2,147.64,2,147.6,1,147.51,7,147.48,1,147.93,1,147.95,3,147.96,2,147.97,5,147.98,1,147.99,3,148.0,19,148.01,1,148.02,1,148.25,2
2020-10-29 09:32:05,147.845,147.77,1,147.76,4,147.93,1,147.93,147.76,147.76,4,147.75,1,147.74,3,147.69,2,147.68,10,147.66,2,147.64,2,147.6,1,147.51,7,147.48,1,147.93,1,147.95,3,147.96,2,147.97,5,147.98,1,147.99,3,148.0,19,148.01,1,148.02,1,148.25,2
2020-10-29 09:32:06,147.82,147.84,2,147.71,1,147.93,1,147.93,147.71,147.71,1,147.69,2,147.68,10,147.66,2,147.64,2,147.6,1,147.51,7,147.48,1,147.47,4,147.46,2,147.93,1,147.95,3,147.96,2,147.97,5,147.98,1,147.99,3,148.0,19,148.01,1,148.02,1,148.25,2
2020-10-29 09:32:07,147.82,147.82,7,147.71,2,147.93,1,147.93,147.71,147.71,2,147.69,2,147.68,10,147.66,2,147.64,2,147.6,1,147.51,7,147.48,1,147.47,4,147.46,2,147.93,1,147.95,3,147.96,2,147.97,5,147.98,1,147.99,3,148.0,19,148.01,1,148.02,1,148.25,2
2020-10-29 09:32:08,147.82,147.78,5,147.71,3,147.93,1,147.93,147.71,147.71,3,147.69,2,147.68,10,147.66,2,147.64,2,147.6,1,147.51,7,147.48,1,147.47,4,147.46,2,147.93,1,147.95,3,147.96,2,147.97,5,147.98,1,147.99,3,148.0,19,148.01,1,148.02,1,148.25,2
2020-10-29 09:32:09,147.82,147.78,10,147.71,4,147.93,2,147.93,147.71,147.71,4,147.69,2,147.68,10,147.66,2,147.64,2,147.6,1,147.51,7,147.48,1,147.47,4,147.46,2,147.93,2,147.95,3,147.96,2,147.97,5,147.98,1,147.99,3,148.0,19,148.01,1,148.02,1,148.25,2
2020-10-29 09:32:10,147.82,147.78,10,147.71,4,147.93,2,147.93,147.71,147.71,4,147.69,2,147.68,10,147.66,2,147.64,2,147.6,1,147.51,7,147.48,1,147.47,4,147.46,2,147.93,2,147.95,3,147.96,2,147.97,5,147.98,1,147.99,3,148.0,19,148.01,1,148.02,1,148.25,2
2020-10-29 09:32:11,147.78,147.71,1,147.71,4,147.85,1,147.85,147.71,147.71,4,147.69,2,147.68,10,147.66,2,147.64,2,147.6,1,147.51,7,147.48,1,147.47,4,147.46,2,147.85,1,147.93,2,147.95,3,147.96,2,147.97,5,147.98,1,147.99,3,148.0,19,148.01,1,148.02,1
2020-10-29 09:32:12,147.805,147.75,1,147.71,7,147.9,1,147.9,147.71,147.71,7,147.69,2,147.68,10,147.66,2,147.64,2,147.6,1,147.51,7,147.48,1,147.47,4,147.46,2,147.9,1,147.93,2,147.95,3,147.96,2,147.97,5,147.98,1,147.99,3,148.0,19,148.01,1,148.02,1
2020-10-29 09:32:13,147.805,147.82,4,147.71,7,147.9,1,147.9,147.71,147.71,7,147.69,2,147.68,10,147.66,2,147.64,2,147.6,1,147.51,7,147.48,1,147.47,4,147.46,2,147.9,1,147.93,2,147.95,3,147.96,2,147.97,5,147.98,1,147.99,3,148.0,19,148.01,1,148.02,1
2020-10-29 09:32:14,147.805,147.72,6,147.71,7,147.9,3,147.9,147.71,147.71,7,147.69,2,147.68,10,147.66,2,147.64,2,147.6,1,147.51,7,147.48,1,147.47,4,147.46,2,147.9,3,147.93,2,147.95,3,147.96,2,147.97,5,147.98,1,147.99,3,148.0,19,148.01,1,148.02,1
2020-10-29 09:32:15,147.55,147.52,1,147.51,6,147.59,1,147.59,147.51,147.51,6,147.48,1,147.47,4,147.46,2,147.43,1,147.41,3,147.35,5,147.34,1,147.33,5,147.32,3,147.59,1,147.63,4,147.64,1,147.68,2,147.69,3,147.7,1,147.72,2,147.73,1,147.77,1,147.84,1
2020-10-29 09:32:16,147.57,147.45,3,147.45,6,147.69,6,147.69,147.45,147.45,6,147.43,1,147.41,3,147.35,5,147.34,1,147.33,5,147.32,3,147.3,2,,,,,147.69,6,147.7,1,147.72,2,147.73,1,147.77,1,147.84,1,147.89,2,147.9,3,147.93,2,147.95,3
2020-10-29 09:32:17,147.47,147.44,1,147.4,1,147.54,1,147.54,147.4,147.4,1,147.35,5,147.34,1,147.33,5,147.32,3,147.3,2,,,,,,,,,147.54,1,147.69,9,147.7,1,147.72,2,147.73,1,147.77,1,147.84,1,147.89,2,147.9,3,147.93,2
2020-10-29 09:32:18,147.34,147.31,1,147.3,8,147.38,1,147.38,147.3,147.3,8,,,,,,,,,,,,,,,,,,,147.38,1,147.4,1,147.44,1,147.47,4,147.48,1,147.53,1,147.54,1,147.69,9,147.7,1,147.72,2
2020-10-29 09:32:19,147.385,147.31,1,147.3,8,147.47,4,147.47,147.3,147.3,8,,,,,,,,,,,,,,,,,,,147.47,4,147.48,1,147.53,1,147.54,1,147.69,9,147.7,1,147.72,2,147.73,1,147.77,1,147.84,1
2020-10-29 09:32:20,147.385,147.45,1,147.31,1,147.46,2,147.46,147.31,147.31,1,147.3,8,,,,,,,,,,,,,,,,,147.46,2,147.47,4,147.48,1,147.53,1,147.54,1,147.69,9,147.7,1,147.72,2,147.73,1,147.77,1
2020-10-29 09:32:21,147.38,147.41,1,147.3,8,147.46,2,147.46,147.3,147.3,8,,,,,,,,,,,,,,,,,,,147.46,2,147.47,4,147.48,1,147.53,1,147.54,1,147.69,9,147.7,1,147.72,2,147.73,1,147.77,1
2020-10-29 09:32:22,147.375,147.35,2,147.3,15,147.45,1,147.45,147.3,147.3,15,,,,,,,,,,,,,,,,,,,147.45,1,147.46,2,147.47,4,147.48,1,147.53,1,147.54,1,147.69,9,147.7,1,147.72,2,147.73,1
2020-10-29 09:32:23,147.375,147.35,2,147.3,15,147.45,2,147.45,147.3,147.3,15,,,,,,,,,,,,,,,,,,,147.45,2,147.46,3,147.47,4,147.48,1,147.53,1,147.54,1,147.69,9,147.7,1,147.72,2,147.73,1
2020-10-29 09:32:24,147.375,147.31,1,147.3,15,147.45,2,147.45,147.3,147.3,15,,,,,,,,,,,,,,,,,,,147.45,2,147.46,3,147.47,4,147.48,1,147.53,1,147.54,1,147.69,9,147.7,1,147.72,2,147.73,1
2020-10-29 09:32:25,147.37,147.31,1,147.3,15,147.44,3,147.44,147.3,147.3,15,,,,,,,,,,,,,,,,,,,147.44,3,147.45,2,147.46,3,147.47,4,147.48,1,147.53,1,147.54,1,147.69,9,147.7,1,147.72,2
2020-10-29 09:32:26,147.375,147.38,1,147.31,2,147.44,5,147.44,147.31,147.31,2,147.3,15,,,,,,,,,,,,,,,,,147.44,5,147.45,2,147.46,3,147.47,4,147.48,1,147.53,1,147.54,1,147.69,9,147.7,1,147.72,2
2020-10-29 09:32:27,147.395,147.41,5,147.35,6,147.44,1,147.44,147.35,147.35,6,147.3,15,,,,,,,,,,,,,,,,,147.44,1,147.45,2,147.46,3,147.47,4,147.48,1,147.53,1,147.54,1,147.69,9,147.7,1,147.72,2
2020-10-29 09:32:28,147.335,147.3,3,147.26,3,147.41,1,147.41,147.26,147.26,3,,,,,,,,,,,,,,,,,,,147.41,1,147.42,2,147.43,2,147.44,2,147.45,2,147.46,3,147.47,4,147.48,1,147.53,1,147.54,1
2020-10-29 09:32:29,147.23,147.24,1,147.17,1,147.29,2,147.29,147.17,147.17,1,,,,,,,,,,,,,,,,,,,147.29,2,147.33,4,147.38,1,147.39,1,147.4,2,147.41,2,147.43,3,147.44,2,147.45,2,147.46,3
2020-10-29 09:32:30,147.22,147.15,1,147.15,2,147.29,1,147.29,147.15,147.15,2,,,,,,,,,,,,,,,,,,,147.29,1,147.33,4,147.38,1,147.39,1,147.4,2,147.41,2,147.43,3,147.44,2,147.45,2,147.46,3
2020-10-29 09:32:31,147.205,147.17,5,147.13,3,147.28,2,147.28,147.13,147.13,3,,,,,,,,,,,,,,,,,,,147.28,2,147.29,1,147.33,4,147.38,1,147.39,1,147.4,2,147.41,2,147.43,3,147.44,2,147.45,2
2020-10-29 09:32:32,147.205,147.21,1,147.13,3,147.28,4,147.28,147.13,147.13,3,,,,,,,,,,,,,,,,,,,147.28,4,147.29,1,147.33,4,147.38,1,147.39,1,147.4,2,147.41,2,147.43,3,147.44,2,147.45,2
2020-10-29 09:32:33,147.21,147.28,1,147.14,3,147.28,5,147.28,147.14,147.14,3,147.13,4,,,,,,,,,,,,,,,,,147.28,5,147.29,1,147.33,4,147.38,1,147.39,1,147.4,2,147.41,2,147.43,3,147.44,2,147.45,2
2020-10-29 09:32:34,147.205,147.28,1,147.14,3,147.27,4,147.27,147.14,147.14,3,147.13,4,,,,,,,,,,,,,,,,,147.27,4,147.28,5,147.29,1,147.33,4,147.38,1,147.39,1,147.4,2,147.41,2,147.43,3,147.44,2
2020-10-29 09:32:35,147.185,147.12,1,147.11,2,147.26,2,147.26,147.11,147.11,2,147.1,6,,,,,,,,,,,,,,,,,147.26,2,147.27,1,147.28,6,147.29,1,147.33,4,147.38,1,147.39,1,147.4,2,147.41,2,147.43,3
2020-10-29 09:32:36,147.185,147.11,2,147.11,1,147.26,2,147.26,147.11,147.11,1,147.1,6,,,,,,,,,,,,,,,,,147.26,2,147.27,1,147.28,6,147.29,1,147.33,4,147.38,1,147.39,1,147.4,2,147.41,2,147.43,3
2020-10-29 09:32:37,147.175,147.21,1,147.11,4,147.24,3,147.24,147.11,147.11,4,147.1,5,,,,,,,,,,,,,,,,,147.24,3,147.25,2,147.26,2,147.27,1,147.28,6,147.29,1,147.33,4,147.38,1,147.39,1,147.4,2
2020-10-29 09:32:38,147.175,147.21,1,147.11,4,147.24,3,147.24,147.11,147.11,4,147.1,5,,,,,,,,,,,,,,,,,147.24,3,147.25,2,147.26,2,147.27,1,147.28,6,147.29,1,147.33,4,147.38,1,147.39,1,147.4,2
2020-10-29 09:32:39,147.165,147.17,2,147.1,5,147.23,3,147.23,147.1,147.1,5,,,,,,,,,,,,,,,,,,,147.23,3,147.24,3,147.25,2,147.26,2,147.27,1,147.28,6,147.29,1,147.33,4,147.38,1,147.39,1
2020-10-29 09:32:40,147.09,147.07,1,147.05,3,147.13,4,147.13,147.05,147.05,3,,,,,,,,,,,,,,,,,,,147.13,4,147.14,3,147.15,4,147.16,2,147.17,1,147.23,3,147.24,3,147.25,2,147.26,2,147.27,1
2020-10-29 09:32:41,147.075,147.1,1,147.02,10,147.13,2,147.13,147.02,147.02,10,,,,,,,,,,,,,,,,,,,147.13,2,147.19,1,147.23,3,147.24,3,147.25,2,147.26,2,147.27,1,147.28,6,147.29,1,147.33,4
2020-10-29 09:32:42,146.935,146.93,1,146.87,4,147.0,2,147.0,146.87,146.87,4,,,,,,,,,,,,,,,,,,,147.0,2,147.01,4,147.02,5,147.03,2,147.04,2,147.05,2,147.06,3,147.08,1,147.09,2,147.1,14
2020-10-29 09:32:43,146.945,147.01,1,146.88,5,147.01,3,147.01,146.88,146.88,5,146.87,4,,,,,,,,,,,,,,,,,147.01,3,147.02,2,147.04,3,147.05,2,147.06,3,147.08,1,147.09,2,147.1,14,147.12,3,147.14,2
2020-10-29 09:32:44,146.97,146.97,1,146.89,3,147.05,2,147.05,146.89,146.89,3,146.88,5,146.87,4,,,,,,,,,,,,,,,147.05,2,147.06,4,147.08,1,147.09,2,147.1,14,147.12,3,147.14,2,147.19,1,147.23,3,147.24,3
2020-10-29 09:32:45,146.96,147.03,1,146.87,5,147.05,5,147.05,146.87,146.87,5,,,,,,,,,,,,,,,,,,,147.05,5,147.06,4,147.08,1,147.09,2,147.1,14,147.12,3,147.14,2,147.19,1,147.23,3,147.24,3
2020-10-29 09:32:46,147.125,147.05,1,147.02,3,147.23,6,147.23,147.02,147.02,3,147.01,6,147.0,100,146.87,10,,,,,,,,,,,,,147.23,6,147.24,3,147.25,2,147.26,2,147.27,1,147.28,6,147.29,1,147.33,4,147.38,1,147.39,1
2020-10-29 09:32:47,147.12,147.12,5,147.02,2,147.22,4,147.22,147.02,147.02,2,147.01,4,147.0,100,146.87,10,,,,,,,,,,,,,147.22,4,147.23,5,147.24,3,147.25,2,147.26,2,147.27,1,147.28,6,147.29,1,147.33,4,147.38,1
2020-10-29 09:32:48,147.125,147.03,25,147.03,3,147.22,4,147.22,147.03,147.03,3,147.02,2,147.01,4,147.0,100,146.87,10,,,,,,,,,,,147.22,4,147.23,5,147.24,3,147.25,2,147.26,2,147.27,1,147.28,6,147.29,1,147.33,4,147.38,1
2020-10-29 09:32:49,147.125,147.13,2,147.03,3,147.22,5,147.22,147.03,147.03,3,147.02,4,147.01,4,147.0,100,146.87,10,,,,,,,,,,,147.22,5,147.23,5,147.24,3,147.25,2,147.26,2,147.27,1,147.28,6,147.29,1,147.33,4,147.38,1
2020-10-29 09:32:50,147.145,147.12,5,147.07,2,147.22,4,147.22,147.07,147.07,2,147.05,3,147.03,4,147.02,4,147.01,4,147.0,100,146.87,10,,,,,,,147.22,4,147.23,5,147.24,3,147.25,2,147.26,2,147.27,1,147.28,6,147.29,1,147.33,4,147.38,1
2020-10-29 09:32:51,147.155,147.13,3,147.08,2,147.23,6,147.23,147.08,147.08,2,147.07,2,147.05,3,147.03,4,147.02,4,147.01,4,147.0,100,146.87,10,,,,,147.23,6,147.24,3,147.25,2,147.26,2,147.27,1,147.28,6,147.29,1,147.33,4,147.38,1,147.39,1
2020-10-29 09:32:52,147.13,147.13,2,147.06,2,147.2,3,147.2,147.06,147.06,2,147.05,5,147.03,4,147.02,4,147.01,4,147.0,100,146.87,10,,,,,,,147.2,3,147.23,6,147.24,3,147.25,2,147.26,2,147.27,1,147.28,6,147.29,1,147.33,4,147.38,1
2020-10-29 09:32:53,147.13,147.13,2,147.06,2,147.2,3,147.2,147.06,147.06,2,147.05,5,147.03,4,147.02,4,147.01,4,147.0,100,146.87,10,,,,,,,147.2,3,147.23,6,147.24,3,147.25,2,147.26,2,147.27,1,147.28,6,147.29,1,147.33,4,147.38,1
2020-10-29 09:32:54,147.13,147.13,4,147.06,3,147.2,3,147.2,147.06,147.06,3,147.05,5,147.03,4,147.02,4,147.01,4,147.0,100,146.87,10,,,,,,,147.2,3,147.23,6,147.24,3,147.25,2,147.26,2,147.27,1,147.28,6,147.29,1,147.33,4,147.38,1
2020-10-29 09:32:55,147.125,147.1,1,147.06,2,147.19,4,147.19,147.06,147.06,2,147.05,7,147.03,4,147.02,4,147.01,4,147.0,100,146.87,10,,,,,,,147.19,4,147.2,5,147.23,6,147.24,3,147.25,2,147.26,2,147.27,1,147.28,6,147.29,1,147.33,4
2020-10-29 09:32:56,147.29,147.32,2,147.21,3,147.37,5,147.37,147.21,147.21,3,147.2,6,147.19,3,147.15,1,147.14,4,147.1,1,147.06,3,147.05,7,147.03,4,147.02,4,147.37,5,147.38,1,147.39,1,147.4,2,147.41,2,147.43,3,147.44,2,147.45,2,147.46,3,147.47,4
2020-10-29 09:32:57,147.315,147.33,1,147.22,3,147.41,1,147.41,147.22,147.22,3,147.21,3,147.2,6,147.19,3,147.15,1,147.14,4,147.1,1,147.06,3,147.05,7,147.03,4,147.41,1,147.44,5,147.45,2,147.46,3,147.47,4,147.48,1,147.53,1,147.54,1,147.69,9,147.7,1
2020-10-29 09:32:59,147.35,147.26,1,147.26,5,147.44,4,147.44,147.26,147.26,5,147.25,3,147.22,3,147.21,3,147.2,6,147.19,3,147.15,1,147.14,4,147.1,1,147.06,3,147.44,4,147.45,2,147.46,3,147.47,4,147.48,1,147.53,1,147.54,1,147.69,9,147.7,1,147.72,2
2020-10-29 09:32:59,147.36,147.26,1,147.28,3,147.44,5,147.44,147.28,147.28,3,147.27,3,147.26,5,147.25,3,147.22,3,147.21,3,147.2,6,147.19,3,147.15,1,147.14,4,147.44,5,147.45,2,147.46,3,147.47,4,147.48,1,147.53,1,147.54,1,147.69,9,147.7,1,147.72,2
2020-10-29 09:33:01,147.32,147.29,1,147.27,4,147.37,2,147.37,147.27,147.27,4,147.26,5,147.25,3,147.22,3,147.21,3,147.2,6,147.19,3,147.15,1,147.14,4,147.1,1,147.37,2,147.41,1,147.42,1,147.43,2,147.44,4,147.45,2,147.46,3,147.47,4,147.48,1,147.53,1
2020-10-29 09:33:02,147.355,147.31,1,147.3,15,147.41,4,147.41,147.3,147.3,15,147.27,4,147.26,5,147.25,3,147.22,3,147.21,3,147.2,6,147.19,3,147.15,1,147.14,4,147.41,4,147.42,1,147.43,2,147.44,4,147.45,2,147.46,3,147.47,4,147.48,1,147.53,1,147.54,1
2020-10-29 09:33:03,147.36,147.31,1,147.3,15,147.42,3,147.42,147.3,147.3,15,147.27,4,147.26,5,147.25,3,147.22,3,147.21,3,147.2,6,147.19,3,147.15,1,147.14,4,147.42,3,147.43,2,147.44,4,147.45,2,147.46,3,147.47,4,147.48,1,147.53,1,147.54,1,147.69,9
2020-10-29 09:33:04,147.375,147.39,1,147.31,6,147.44,4,147.44,147.31,147.31,6,147.3,15,147.27,4,147.26,5,147.25,3,147.22,3,147.21,3,147.2,6,147.19,3,147.15,1,147.44,4,147.45,2,147.46,3,147.47,4,147.48,1,147.53,1,147.54,1,147.69,9,147.7,1,147.72,2
2020-10-29 09:33:05,147.375,147.38,1,147.31,6,147.44,4,147.44,147.31,147.31,6,147.3,15,147.27,4,147.26,5,147.25,3,147.22,3,147.21,3,147.2,6,147.19,3,147.15,1,147.44,4,147.45,2,147.46,3,147.47,4,147.48,1,147.53,1,147.54,1,147.69,9,147.7,1,147.72,2
2020-10-29 09:33:06,147.44,147.38,1,147.37,8,147.51,1,147.51,147.37,147.37,8,147.31,9,147.3,15,147.27,4,147.26,5,147.25,3,147.22,3,147.21,3,147.2,6,147.19,3,147.51,1,147.66,1,147.69,9,147.7,1,147.72,2,147.73,1,147.77,1,147.84,1,147.89,2,147.9,3
2020-10-29 09:33:07,147.48,147.47,2,147.38,4,147.58,1,147.58,147.38,147.38,4,147.37,8,147.31,9,147.3,15,147.27,4,147.26,5,147.25,3,147.22,3,147.21,3,147.2,6,147.58,1,147.66,1,147.69,9,147.7,1,147.72,2,147.73,1,147.77,1,147.84,1,147.89,2,147.9,3
2020-10-29 09:33:08,147.48,147.38,1,147.38,1,147.58,1,147.58,147.38,147.38,1,147.37,9,147.31,9,147.3,15,147.27,4,147.26,5,147.25,3,147.22,3,147.21,3,147.2,6,147.58,1,147.66,1,147.69,9,147.7,1,147.72,2,147.73,1,147.77,1,147.84,1,147.89,2,147.9,3
2020-10-29 09:33:09,147.48,147.51,5,147.38,1,147.58,1,147.58,147.38,147.38,1,147.37,9,147.31,9,147.3,15,147.27,4,147.26,5,147.25,3,147.22,3,147.21,3,147.2,6,147.58,1,147.66,1,147.69,9,147.7,1,147.72,2,147.73,1,147.77,1,147.84,1,147.89,2,147.9,3
2020-10-29 09:33:10,147.465,147.39,1,147.38,1,147.55,1,147.55,147.38,147.38,1,147.37,9,147.31,9,147.3,15,147.27,4,147.26,5,147.25,3,147.22,3,147.21,3,147.2,6,147.55,1,147.58,1,147.66,1,147.69,9,147.7,1,147.72,2,147.73,1,147.77,1,147.84,1,147.89,2
2020-10-29 09:33:11,147.465,147.39,1,147.38,1,147.55,1,147.55,147.38,147.38,1,147.37,9,147.31,9,147.3,15,147.27,4,147.26,5,147.25,3,147.22,3,147.21,3,147.2,6,147.55,1,147.58,1,147.66,1,147.69,9,147.7,1,147.72,2,147.73,1,147.77,1,147.84,1,147.89,2
2020-10-29 09:33:12,147.465,147.55,1,147.38,1,147.55,1,147.55,147.38,147.38,1,147.37,9,147.31,9,147.3,15,147.27,4,147.26,5,147.25,3,147.22,3,147.21,3,147.2,6,147.55,1,147.58,1,147.66,1,147.69,9,147.7,1,147.72,2,147.73,1,147.77,1,147.84,1,147.89,2
2020-10-29 09:33:13,147.43,147.37,1,147.37,1,147.49,2,147.49,147.37,147.37,1,147.34,1,147.31,9,147.3,15,147.27,4,147.26,5,147.25,3,147.22,3,147.21,3,147.2,6,147.49,2,147.52,1,147.55,1,147.58,1,147.66,1,147.69,9,147.7,1,147.72,2,147.73,1,147.77,1
2020-10-29 09:33:14,147.435,147.43,5,147.37,3,147.5,3,147.5,147.37,147.37,3,147.34,1,147.31,9,147.3,15,147.27,4,147.26,5,147.25,3,147.22,3,147.21,3,147.2,6,147.5,3,147.52,1,147.55,1,147.58,1,147.66,1,147.69,9,147.7,1,147.72,2,147.73,1,147.77,1
2020-10-29 09:33:15,147.44,147.44,1,147.38,2,147.5,3,147.5,147.38,147.38,2,147.37,3,147.34,1,147.31,9,147.3,15,147.27,4,147.26,5,147.25,3,147.22,3,147.21,3,147.5,3,147.52,1,147.55,1,147.58,1,147.66,1,147.69,9,147.7,1,147.72,2,147.73,1,147.77,1
2020-10-29 09:33:16,147.435,147.44,1,147.38,6,147.49,2,147.49,147.38,147.38,6,147.37,3,147.34,1,147.31,9,147.3,15,147.27,4,147.26,5,147.25,3,147.22,3,147.21,3,147.49,2,147.5,5,147.52,1,147.55,1,147.58,1,147.66,1,147.69,9,147.7,1,147.72,2,147.73,1
2020-10-29 09:33:17,147.435,147.45,1,147.38,5,147.49,4,147.49,147.38,147.38,5,147.37,3,147.34,1,147.31,9,147.3,15,147.27,4,147.26,5,147.25,3,147.22,3,147.21,3,147.49,4,147.5,5,147.52,1,147.55,1,147.58,1,147.66,1,147.69,9,147.7,1,147.72,2,147.73,1
2020-10-29 09:33:18,147.56,147.49,1,147.46,3,147.66,3,147.66,147.46,147.46,3,147.45,5,147.44,4,147.39,1,147.38,3,147.37,3,147.34,1,147.31,9,147.3,15,147.27,4,147.66,3,147.68,1,147.69,9,147.7,1,147.72,2,147.73,1,147.77,1,147.84,1,147.89,2,147.9,3
2020-10-29 09:33:18,147.585,147.53,1,147.48,3,147.69,12,147.69,147.48,147.48,3,147.47,3,147.46,3,147.45,5,147.44,4,147.39,1,147.38,3,147.37,3,147.34,1,147.31,9,147.69,12,147.7,1,147.72,2,147.73,1,147.77,1,147.84,1,147.89,2,147.9,3,147.93,2,147.95,3
2020-10-29 09:33:20,147.66,147.7,1,147.52,3,147.8,3,147.8,147.52,147.52,3,147.51,1,147.5,1,147.49,4,147.48,3,147.47,3,147.46,3,147.45,5,147.44,4,147.39,1,147.8,3,147.84,1,147.89,2,147.9,3,147.93,2,147.95,3,147.96,2,147.97,5,147.98,1,147.99,3
2020-10-29 09:33:21,147.655,147.67,1,147.53,1,147.78,2,147.78,147.53,147.53,1,147.52,3,147.51,1,147.5,1,147.49,4,147.48,3,147.47,3,147.46,3,147.45,5,147.44,4,147.78,2,147.8,3,147.84,1,147.89,2,147.9,3,147.93,2,147.95,3,147.96,2,147.97,5,147.98,1
2020-10-29 09:33:22,147.66,147.67,1,147.52,3,147.8,3,147.8,147.52,147.52,3,147.51,1,147.5,1,147.49,4,147.48,3,147.47,3,147.46,3,147.45,5,147.44,4,147.39,1,147.8,3,147.84,1,147.89,2,147.9,3,147.93,2,147.95,3,147.96,2,147.97,5,147.98,1,147.99,3
2020-10-29 09:33:23,147.66,147.69,1,147.52,5,147.8,4,147.8,147.52,147.52,5,147.51,1,147.5,1,147.49,4,147.48,3,147.47,3,147.46,3,147.45,5,147.44,4,147.39,1,147.8,4,147.84,1,147.89,2,147.9,3,147.93,2,147.95,3,147.96,2,147.97,5,147.98,1,147.99,3
2020-10-29 09:33:24,147.66,147.53,1,147.53,1,147.79,4,147.79,147.53,147.53,1,147.52,5,147.51,1,147.5,1,147.49,4,147.48,3,147.47,3,147.46,3,147.45,5,147.44,4,147.79,4,147.8,7,147.84,1,147.89,2,147.9,3,147.93,2,147.95,3,147.96,2,147.97,5,147.98,1
2020-10-29 09:33:25,147.695,147.66,1,147.6,6,147.79,4,147.79,147.6,147.6,6,147.53,2,147.52,7,147.51,1,147.5,1,147.49,4,147.48,3,147.47,3,147.46,3,147.45,5,147.79,4,147.8,7,147.84,1,147.89,2,147.9,3,147.93,2,147.95,3,147.96,2,147.97,5,147.98,1
2020-10-29 09:33:26,147.605,147.6,2,147.5,3,147.71,2,147.71,147.49,147.5,3,147.49,4,147.48,3,147.47,3,147.46,3,147.45,5,147.44,4,147.39,1,147.38,3,147.37,3,147.71,2,147.73,2,147.77,1,147.78,3,147.79,5,147.8,7,147.84,1,147.89,2,147.9,3,147.93,2
2020-10-29 09:33:27,147.605,147.51,5,147.51,4,147.7,1,147.7,147.51,147.51,4,147.5,3,147.49,4,147.48,3,147.47,3,147.46,3,147.45,5,147.44,4,147.39,1,147.38,3,147.7,1,147.71,2,147.78,4,147.79,5,147.8,7,147.84,1,147.89,2,147.9,3,147.93,2,147.95,3
2020-10-29 09:33:28,147.61,147.51,5,147.51,6,147.71,3,147.71,147.51,147.51,6,147.5,3,147.49,4,147.48,3,147.47,3,147.46,3,147.45,5,147.44,4,147.39,1,147.38,3,147.71,3,147.78,4,147.79,5,147.8,7,147.84,1,147.89,2,147.9,3,147.93,2,147.95,3,147.96,2
2020-10-29 09:33:29,147.715,147.66,1,147.64,3,147.79,3,147.79,147.64,147.64,3,147.61,3,147.51,6,147.5,3,147.49,4,147.48,3,147.47,3,147.46,3,147.45,5,147.44,4,147.79,3,147.8,7,147.84,1,147.89,2,147.9,3,147.93,2,147.95,3,147.96,2,147.97,5,147.98,1
2020-10-29 09:33:30,147.72,147.72,1,147.65,3,147.79,3,147.79,147.65,147.65,3,147.64,3,147.61,3,147.51,6,147.5,3,147.49,4,147.48,3,147.47,3,147.46,3,147.45,5,147.79,3,147.8,7,147.84,1,147.89,2,147.9,3,147.93,2,147.95,3,147.96,2,147.97,5,147.98,1
2020-10-29 09:33:31,147.72,147.72,2,147.65,4,147.79,3,147.79,147.65,147.65,4,147.64,3,147.61,3,147.51,6,147.5,3,147.49,4,147.48,3,147.47,3,147.46,3,147.45,5,147.79,3,147.8,7,147.84,1,147.89,2,147.9,3,147.93,2,147.95,3,147.96,2,147.97,5,147.98,1
2020-10-29 09:33:32,147.72,147.72,2,147.65,7,147.79,6,147.79,147.65,147.65,7,147.64,3,147.61,3,147.51,6,147.5,3,147.49,4,147.48,3,147.47,3,147.46,3,147.45,5,147.79,6,147.8,7,147.84,1,147.89,2,147.9,3,147.93,2,147.95,3,147.96,2,147.97,5,147.98,1
2020-10-29 09:33:33,147.735,147.74,3,147.68,4,147.79,2,147.79,147.68,147.68,4,147.67,4,147.66,1,147.65,7,147.64,3,147.61,3,147.51,6,147.5,3,147.49,4,147.48,3,147.79,2,147.8,7,147.84,1,147.89,2,147.9,3,147.93,2,147.95,3,147.96,2,147.97,5,147.98,1
2020-10-29 09:33:34,147.64,147.67,1,147.59,1,147.69,3,147.69,147.59,147.59,1,147.51,6,147.5,3,147.49,4,147.48,3,147.47,3,147.46,3,147.45,5,147.44,4,147.39,1,147.69,3,147.73,3,147.74,1,147.77,1,147.79,3,147.8,7,147.84,1,147.89,2,147.9,3,147.93,2
2020-10-29 09:33:35,147.595,147.59,1,147.5,5,147.7,2,147.7,147.5,147.5,5,147.49,4,147.48,3,147.47,3,147.46,3,147.45,5,147.44,4,147.39,1,147.38,3,147.37,3,147.69,5,147.73,3,147.74,1,147.77,1,147.79,3,147.8,7,147.84,1,147.89,2,147.9,3,147.93,2
2020-10-29 09:33:36,147.6,147.5,1,147.5,8,147.7,2,147.7,147.5,147.5,8,147.49,4,147.48,3,147.47,3,147.46,3,147.45,5,147.44,4,147.39,1,147.38,3,147.37,3,147.7,2,147.73,3,147.74,1,147.77,1,147.79,3,147.8,7,147.84,1,147.89,2,147.9,3,147.93,2
2020-10-29 09:33:37,147.6,147.65,1,147.5,8,147.7,2,147.7,147.5,147.5,8,147.49,4,147.48,3,147.47,3,147.46,3,147.45,5,147.44,4,147.39,1,147.38,3,147.37,3,147.7,2,147.73,3,147.74,1,147.77,1,147.79,3,147.8,7,147.84,1,147.89,2,147.9,3,147.93,2
2020-10-29 09:33:38,147.6,147.6,2,147.5,8,147.7,4,147.7,147.5,147.5,8,147.49,4,147.48,3,147.47,3,147.46,3,147.45,5,147.44,4,147.39,1,147.38,3,147.37,3,147.7,4,147.73,3,147.74,1,147.77,1,147.79,3,147.8,7,147.84,1,147.89,2,147.9,3,147.93,2
2020-10-29 09:33:39,147.585,147.52,3,147.52,2,147.65,3,147.65,147.52,147.52,2,147.51,3,147.5,7,147.49,4,147.48,3,147.47,3,147.46,3,147.45,5,147.44,4,147.39,1,147.65,3,147.67,1,147.7,4,147.73,3,147.74,1,147.77,1,147.79,3,147.8,7,147.84,1,147.89,2
2020-10-29 09:33:40,147.58,147.62,1,147.51,4,147.65,3,147.65,147.51,147.51,4,147.5,7,147.49,4,147.48,3,147.47,3,147.46,3,147.45,5,147.44,4,147.39,1,147.38,3,147.65,3,147.67,1,147.7,4,147.73,3,147.74,1,147.77,1,147.79,3,147.8,7,147.84,1,147.89,2
2020-10-29 09:33:41,147.57,147.62,1,147.52,3,147.62,2,147.62,147.52,147.52,3,147.51,4,147.5,7,147.49,4,147.48,3,147.47,3,147.46,3,147.45,5,147.44,4,147.39,1,147.62,2,147.65,3,147.7,3,147.73,3,147.74,1,147.77,1,147.79,3,147.8,7,147.84,1,147.89,2
2020-10-29 09:33:42,147.545,147.51,1,147.5,7,147.59,2,147.59,147.5,147.5,7,147.49,4,147.48,3,147.47,3,147.46,3,147.45,5,147.44,4,147.39,1,147.38,3,147.37,3,147.59,2,147.64,2,147.65,4,147.7,3,147.73,3,147.74,1,147.77,1,147.79,3,147.8,7,147.84,1
2020-10-29 09:33:43,147.58,147.64,4,147.51,3,147.65,6,147.65,147.51,147.51,3,147.5,7,147.49,4,147.48,3,147.47,3,147.46,3,147.45,5,147.44,4,147.39,1,147.38,3,147.65,6,147.7,3,147.73,3,147.74,1,147.77,1,147.79,3,147.8,7,147.84,1,147.89,2,147.9,3
2020-10-29 09:33:44,147.695,147.69,1,147.63,5,147.76,2,147.76,147.63,147.63,5,147.57,6,147.51,3,147.5,7,147.49,4,147.48,3,147.47,3,147.46,3,147.45,5,147.44,4,147.76,2,147.77,1,147.79,3,147.8,7,147.84,1,147.89,2,147.9,3,147.93,2,147.95,3,147.96,2
2020-10-29 09:33:45,147.805,147.81,1,147.72,2,147.89,7,147.89,147.72,147.72,2,147.71,3,147.64,1,147.63,5,147.57,6,147.51,3,147.5,7,147.49,4,147.48,3,147.47,3,147.89,7,147.9,3,147.93,2,147.95,3,147.96,2,147.97,5,147.98,1,147.99,3,148.0,19,148.01,1
2020-10-29 09:33:46,147.815,147.82,1,147.73,5,147.9,7,147.9,147.73,147.73,5,147.72,1,147.71,5,147.64,1,147.63,5,147.57,6,147.51,3,147.5,7,147.49,4,147.48,3,147.9,7,147.93,2,147.95,3,147.96,2,147.97,5,147.98,1,147.99,3,148.0,19,148.01,1,148.02,1
2020-10-29 09:33:48,147.815,147.89,1,147.74,2,147.89,1,147.89,147.74,147.74,2,147.73,5,147.72,1,147.71,5,147.64,1,147.63,5,147.57,6,147.51,3,147.5,7,147.49,4,147.89,1,147.9,7,147.93,2,147.95,3,147.96,2,147.97,5,147.98,1,147.99,3,148.0,19,148.01,1
2020-10-29 09:33:48,147.815,147.82,5,147.74,2,147.89,1,147.89,147.74,147.74,2,147.73,5,147.72,1,147.71,5,147.64,1,147.63,5,147.57,6,147.51,3,147.5,7,147.49,4,147.89,1,147.9,7,147.93,2,147.95,3,147.96,2,147.97,5,147.98,1,147.99,3,148.0,19,148.01,1
2020-10-29 09:33:49,147.805,147.74,1,147.73,4,147.88,1,147.88,147.73,147.73,4,147.72,1,147.71,5,147.64,1,147.63,5,147.57,6,147.51,3,147.5,7,147.49,4,147.48,3,147.88,1,147.89,4,147.9,7,147.93,2,147.95,3,147.96,2,147.97,5,147.98,1,147.99,3,148.0,19
2020-10-29 09:33:50,147.81,147.81,8,147.73,4,147.89,4,147.89,147.73,147.73,4,147.72,1,147.71,5,147.64,1,147.63,5,147.57,6,147.51,3,147.5,7,147.49,4,147.48,3,147.89,4,147.9,7,147.93,2,147.95,3,147.96,2,147.97,5,147.98,1,147.99,3,148.0,19,148.01,1
2020-10-29 09:33:51,147.81,147.81,8,147.73,5,147.89,3,147.89,147.73,147.73,5,147.72,1,147.71,5,147.64,1,147.63,5,147.57,6,147.51,3,147.5,7,147.49,4,147.48,3,147.89,3,147.9,7,147.93,2,147.95,3,147.96,2,147.97,5,147.98,1,147.99,3,148.0,19,148.01,1
2020-10-29 09:33:52,147.815,147.81,1,147.74,1,147.89,5,147.89,147.74,147.74,1,147.73,8,147.72,1,147.71,5,147.64,1,147.63,5,147.57,6,147.51,3,147.5,7,147.49,4,147.89,5,147.9,7,147.93,2,147.95,3,147.96,2,147.97,5,147.98,1,147.99,3,148.0,19,148.01,1
2020-10-29 09:33:53,147.71,147.71,1,147.6,2,147.82,2,147.82,147.6,147.6,2,147.59,2,147.5,10,147.49,4,147.48,3,147.47,3,147.46,3,147.45,5,147.44,4,147.39,1,147.82,2,147.89,5,147.9,7,147.93,2,147.95,3,147.96,2,147.97,5,147.98,1,147.99,3,148.0,19
2020-10-29 09:33:54,147.72,147.81,1,147.62,3,147.82,1,147.82,147.62,147.62,3,147.61,2,147.6,2,147.59,2,147.5,10,147.49,4,147.48,3,147.47,3,147.46,3,147.45,5,147.82,1,147.89,5,147.9,7,147.93,2,147.95,3,147.96,2,147.97,5,147.98,1,147.99,3,148.0,19
2020-10-29 09:33:55,147.765,147.77,2,147.71,3,147.82,3,147.82,147.71,147.71,3,147.63,1,147.62,4,147.61,2,147.6,2,147.59,2,147.5,10,147.49,4,147.48,3,147.47,3,147.82,3,147.89,5,147.9,7,147.93,2,147.95,3,147.96,2,147.97,5,147.98,1,147.99,3,148.0,19
2020-10-29 09:33:56,147.765,147.77,2,147.71,3,147.82,3,147.82,147.71,147.71,3,147.63,1,147.62,4,147.61,2,147.6,2,147.59,2,147.5,10,147.49,4,147.48,3,147.47,3,147.82,3,147.89,5,147.9,7,147.93,2,147.95,3,147.96,2,147.97,5,147.98,1,147.99,3,148.0,19
2020-10-29 09:33:57,147.84,147.77,2,147.78,2,147.9,7,147.9,147.78,147.78,2,147.72,4,147.71,5,147.63,1,147.62,4,147.61,2,147.6,2,147.59,2,147.5,10,147.49,4,147.9,7,147.93,2,147.95,3,147.96,2,147.97,5,147.98,1,147.99,3,148.0,19,148.01,1,148.02,1
2020-10-29 09:33:58,147.835,147.84,1,147.78,4,147.89,3,147.89,147.78,147.78,4,147.72,4,147.71,5,147.63,1,147.62,4,147.61,2,147.6,2,147.59,2,147.5,10,147.49,4,147.89,3,147.9,7,147.93,2,147.95,3,147.96,2,147.97,5,147.98,1,147.99,3,148.0,19,148.01,1
2020-10-29 09:33:59,147.905,147.95,1,147.85,5,147.96,4,147.96,147.85,147.85,5,147.82,1,147.8,1,147.79,2,147.78,4,147.72,4,147.71,5,147.63,1,147.62,4,147.61,2,147.96,4,147.97,4,147.98,2,147.99,3,148.0,19,148.01,1,148.02,1,148.25,2,148.26,2,148.72,2
2020-10-29 09:34:00,147.9,147.95,2,147.86,3,147.94,4,147.94,147.86,147.86,3,147.85,9,147.82,1,147.8,1,147.79,2,147.78,4,147.72,4,147.71,5,147.63,1,147.62,4,147.94,4,147.95,3,147.96,6,147.97,4,147.98,2,147.99,3,148.0,19,148.01,1,148.02,1,148.25,2
2020-10-29 09:34:01,147.88,147.84,1,147.82,1,147.94,3,147.94,147.82,147.82,1,147.8,2,147.79,2,147.78,4,147.72,4,147.71,5,147.63,1,147.62,4,147.61,2,147.6,2,147.94,3,147.95,3,147.99,7,148.0,19,148.01,1,148.02,1,148.25,2,148.26,2,148.72,2,148.88,2
2020-10-29 09:34:02,147.87,147.85,1,147.8,2,147.94,2,147.94,147.8,147.8,2,147.79,2,147.78,4,147.72,4,147.71,5,147.63,1,147.62,4,147.61,2,147.6,2,147.59,2,147.94,2,147.99,7,148.0,19,148.01,1,148.02,1,148.25,2,148.26,2,148.72,2,148.88,2,148.94,2
2020-10-29 09:34:03,147.84,147.82,1,147.8,2,147.88,7,147.88,147.8,147.8,2,147.79,2,147.78,4,147.72,4,147.71,5,147.63,1,147.62,4,147.61,2,147.6,2,147.59,2,147.88,7,147.94,2,147.99,7,148.0,19,148.01,1,148.02,1,148.25,2,148.26,2,148.72,2,148.88,2
2020-10-29 09:34:04,147.9,147.84,1,147.84,2,147.96,1,147.96,147.84,147.84,2,147.83,1,147.82,3,147.72,1,147.71,3,147.7,2,147.62,1,147.6,4,147.59,2,147.5,10,147.96,1,147.97,6,147.99,7,148.0,19,148.01,1,148.02,1,148.25,2,148.26,2,148.72,2,148.88,2
2020-10-29 09:34:05,147.905,147.84,1,147.84,2,147.97,6,147.97,147.84,147.84,2,147.83,1,147.81,2,147.72,1,147.71,3,147.7,2,147.62,1,147.6,4,147.59,2,147.5,10,147.97,6,147.99,7,148.0,19,148.01,1,148.02,1,148.25,2,148.26,2,148.72,2,148.88,2,148.94,2
2020-10-29 09:34:06,147.905,147.84,1,147.84,2,147.97,6,147.97,147.84,147.84,2,147.83,1,147.81,2,147.72,1,147.71,3,147.7,2,147.62,1,147.6,4,147.59,2,147.5,10,147.97,6,147.99,7,148.0,19,148.01,1,148.02,1,148.25,2,148.26,2,148.72,2,148.88,2,148.94,2
2020-10-29 09:34:07,148.11,148.17,2,148.04,2,148.18,2,148.18,148.04,148.04,2,147.94,3,147.93,4,147.92,2,147.91,1,147.89,2,147.81,2,147.72,1,147.71,3,147.7,2,148.18,2,148.2,7,148.25,2,148.26,2,148.72,2,148.88,2,148.94,2,,,,,,
2020-10-29 09:34:08,148.12,148.12,1,148.04,7,148.2,5,148.2,148.04,148.04,7,147.94,3,147.93,4,147.92,2,147.91,1,147.89,2,147.81,2,147.72,1,147.71,3,147.7,2,148.2,5,148.25,2,148.26,2,148.72,2,148.88,2,148.94,2,,,,,,,,
2020-10-29 09:34:09,148.125,148.13,5,148.05,6,148.2,5,148.2,148.05,148.05,6,148.04,7,147.94,3,147.93,4,147.92,2,147.91,1,147.89,2,147.81,2,147.72,1,147.71,3,148.2,5,148.25,2,148.26,2,148.72,2,148.88,2,148.94,2,,,,,,,,
2020-10-29 09:34:10,147.995,148.0,1,147.91,1,148.08,2,148.08,147.91,147.91,1,147.9,1,147.89,2,147.81,2,147.72,1,147.71,3,147.7,2,147.62,1,147.6,4,147.59,2,148.08,2,148.11,1,148.19,3,148.2,5,148.25,2,148.26,2,148.72,2,148.88,2,148.94,2,,
2020-10-29 09:34:11,148.1,148.07,1,148.0,2,148.2,5,148.2,148.0,148.0,2,147.96,2,147.91,1,147.9,1,147.89,2,147.81,2,147.72,1,147.71,3,147.7,2,147.62,1,148.2,5,148.25,2,148.26,2,148.72,2,148.88,2,148.94,2,,,,,,,,
2020-10-29 09:34:12,148.1,148.01,1,148.0,2,148.2,5,148.2,148.0,148.0,2,147.96,2,147.91,1,147.9,1,147.89,2,147.81,2,147.72,1,147.71,3,147.7,2,147.62,1,148.2,5,148.25,2,148.26,2,148.72,2,148.88,2,148.94,2,,,,,,,,
2020-10-29 09:34:13,148.105,148.02,1,148.01,3,148.2,5,148.2,148.01,148.01,3,148.0,3,147.96,2,147.91,1,147.9,1,147.89,2,147.81,2,147.72,1,147.71,3,147.7,2,148.2,5,148.25,2,148.26,2,148.72,2,148.88,2,148.94,2,,,,,,,,
2020-10-29 09:34:14,148.065,148.01,1,147.96,4,148.17,2,148.17,147.96,147.96,4,147.91,1,147.9,1,147.89,2,147.81,2,147.72,1,147.71,3,147.7,2,147.62,1,147.6,4,148.17,2,148.18,1,148.19,1,148.2,5,148.25,2,148.26,2,148.72,2,148.88,2,148.94,2,,
2020-10-29 09:34:15,148.035,147.96,1,147.9,1,148.17,2,148.17,147.9,147.9,1,147.89,2,147.81,2,147.72,1,147.71,3,147.7,2,147.62,1,147.6,4,147.59,2,147.5,10,148.17,2,148.18,1,148.19,1,148.2,5,148.25,2,148.26,2,148.72,2,148.88,2,148.94,2,,
2020-10-29 09:34:16,148.01,148.1,1,147.9,1,148.12,2,148.12,147.9,147.9,1,147.89,2,147.81,2,147.72,1,147.71,3,147.7,2,147.62,1,147.6,4,147.59,2,147.5,10,148.12,2,148.17,2,148.18,1,148.19,1,148.2,5,148.25,2,148.26,2,148.72,2,148.88,2,148.94,2
2020-10-29 09:34:17,148.015,147.92,1,147.91,4,148.12,2,148.12,147.91,147.91,4,147.9,1,147.89,2,147.81,2,147.72,1,147.71,3,147.7,2,147.62,1,147.6,4,147.59,2,148.12,2,148.17,2,148.18,1,148.19,1,148.2,5,148.25,2,148.26,2,148.72,2,148.88,2,148.94,2
2020-10-29 09:34:18,148.015,147.92,1,147.91,4,148.12,2,148.12,147.91,147.91,4,147.9,1,147.89,2,147.81,2,147.72,1,147.71,3,147.7,2,147.62,1,147.6,4,147.59,2,148.12,2,148.17,2,148.18,1,148.19,1,148.2,5,148.25,2,148.26,2,148.72,2,148.88,2,148.94,2
2020-10-29 09:34:19,148.015,147.92,1,147.91,3,148.12,2,148.12,147.91,147.91,3,147.9,1,147.89,2,147.81,2,147.72,1,147.71,3,147.7,2,147.62,1,147.6,4,147.59,2,148.12,2,148.17,2,148.18,1,148.19,1,148.2,5,148.25,2,148.26,2,148.72,2,148.88,2,148.94,2
2020-10-29 09:34:20,147.885,147.92,1,147.82,1,147.95,4,147.95,147.82,147.82,1,147.81,2,147.72,1,147.71,3,147.7,2,147.62,1,147.6,4,147.59,2,147.5,10,147.49,4,147.95,4,147.96,1,148.01,2,148.11,3,148.12,2,148.17,2,148.18,1,148.19,1,148.2,5,148.25,2
2020-10-29 09:34:21,147.88,147.88,4,147.81,2,147.95,4,147.95,147.81,147.81,2,147.72,1,147.71,3,147.7,2,147.62,1,147.6,4,147.59,2,147.5,10,147.49,4,147.48,3,147.95,4,147.96,1,148.01,2,148.11,3,148.12,2,148.17,2,148.18,1,148.19,1,148.2,5,148.25,2
2020-10-29 09:34:22,147.92,147.94,5,147.89,3,147.95,2,147.95,147.89,147.89,3,147.82,1,147.81,2,147.72,1,147.71,3,147.7,2,147.62,1,147.6,4,147.59,2,147.5,10,147.95,2,148.0,3,148.01,2,148.11,3,148.12,2,148.17,2,148.18,1,148.19,1,148.2,5,148.25,2
2020-10-29 09:34:23,147.88,147.88,1,147.82,1,147.94,4,147.94,147.82,147.82,1,147.81,2,147.72,1,147.71,3,147.7,2,147.62,1,147.6,4,147.59,2,147.5,10,147.49,4,147.94,4,147.95,2,148.01,3,148.11,3,148.12,2,148.17,2,148.18,1,148.19,1,148.2,5,148.25,2
2020-10-29 09:34:24,147.88,147.93,1,147.82,1,147.94,3,147.94,147.82,147.82,1,147.81,2,147.72,1,147.71,3,147.7,2,147.62,1,147.6,4,147.59,2,147.5,10,147.49,4,147.94,3,147.95,2,148.01,3,148.11,3,148.12,2,148.17,2,148.18,1,148.19,1,148.2,5,148.25,2
2020-10-29 09:34:25,147.91,147.94,1,147.82,1,148.0,1,148.0,147.82,147.82,1,147.81,2,147.72,1,147.71,3,147.7,2,147.62,1,147.6,4,147.59,2,147.5,10,147.49,4,148.0,1,148.01,3,148.11,3,148.12,2,148.17,2,148.18,1,148.19,1,148.2,5,148.25,2,148.26,2
2020-10-29 09:34:26,147.92,147.94,3,147.82,2,148.02,2,148.02,147.82,147.82,2,147.81,2,147.72,1,147.71,3,147.7,2,147.62,1,147.6,4,147.59,2,147.5,10,147.49,4,148.02,2,148.06,1,148.11,3,148.12,2,148.17,2,148.18,1,148.19,1,148.2,5,148.25,2,148.26,2
2020-10-29 09:34:27,147.915,147.92,3,147.82,2,148.01,1,148.01,147.82,147.82,2,147.81,2,147.72,1,147.71,3,147.7,2,147.62,1,147.6,4,147.59,2,147.5,10,147.49,4,148.01,1,148.02,2,148.06,1,148.11,3,148.12,2,148.17,2,148.18,1,148.19,1,148.2,5,148.25,2
2020-10-29 09:34:28,147.99,147.84,50,147.88,3,148.1,1,148.1,147.88,147.88,3,147.82,4,147.81,2,147.72,1,147.71,3,147.7,2,147.62,1,147.6,4,147.59,2,147.5,10,148.1,1,148.11,3,148.12,2,148.17,2,148.18,1,148.19,1,148.2,5,148.25,2,148.26,2,148.72,2
2020-10-29 09:34:29,147.995,147.94,5,147.88,4,148.11,7,148.11,147.88,147.88,4,147.82,4,147.81,2,147.72,1,147.71,3,147.7,2,147.62,1,147.6,4,147.59,2,147.5,10,148.11,7,148.12,2,148.17,2,148.18,1,148.19,1,148.2,5,148.25,2,148.26,2,148.72,2,148.88,2
2020-10-29 09:34:30,147.94,147.94,5,147.88,4,148.0,1,148.0,147.88,147.88,4,147.82,4,147.81,2,147.72,1,147.71,3,147.7,2,147.62,1,147.6,4,147.59,2,147.5,10,148.0,1,148.11,7,148.12,2,148.17,2,148.18,1,148.19,1,148.2,5,148.25,2,148.26,2,148.72,2
2020-10-29 09:34:31,147.94,147.89,1,147.88,4,148.0,1,148.0,147.88,147.88,4,147.82,4,147.81,2,147.72,1,147.71,3,147.7,2,147.62,1,147.6,4,147.59,2,147.5,10,148.0,1,148.11,7,148.12,2,148.17,2,148.18,1,148.19,1,148.2,5,148.25,2,148.26,2,148.72,2
2020-10-29 09:34:32,147.865,147.88,1,147.82,4,147.91,1,147.91,147.82,147.82,4,147.81,2,147.72,1,147.71,3,147.7,2,147.62,1,147.6,4,147.59,2,147.5,10,147.49,4,147.91,1,147.93,1,147.95,1,147.98,5,147.99,2,148.0,1,148.11,7,148.12,2,148.17,2,148.18,1
2020-10-29 09:34:33,147.855,147.82,1,147.76,1,147.95,1,147.95,147.76,147.76,1,147.75,4,147.72,1,147.71,3,147.7,2,147.62,1,147.6,4,147.59,2,147.5,10,147.49,4,147.95,1,147.98,5,147.99,2,148.0,1,148.11,7,148.12,2,148.17,2,148.18,1,148.19,1,148.2,5
2020-10-29 09:34:34,147.86,147.8,1,147.77,1,147.95,1,147.95,147.77,147.77,1,147.76,1,147.75,4,147.72,1,147.71,3,147.7,2,147.62,1,147.6,4,147.59,2,147.5,10,147.95,1,147.98,5,147.99,2,148.0,1,148.11,7,148.12,2,148.17,2,148.18,1,148.19,1,148.2,5
2020-10-29 09:34:35,147.86,147.8,1,147.77,1,147.95,1,147.95,147.77,147.77,1,147.76,1,147.75,4,147.72,1,147.71,3,147.7,2,147.62,1,147.6,4,147.59,2,147.5,10,147.95,1,147.98,5,147.99,2,148.0,1,148.11,7,148.12,2,148.17,2,148.18,1,148.19,1,148.2,5
2020-10-29 09:34:36,147.9,147.94,1,147.8,3,148.0,3,148.0,147.8,147.8,3,147.78,3,147.77,3,147.76,1,147.75,4,147.72,1,147.71,3,147.7,2,147.62,1,147.6,4,148.0,3,148.11,7,148.12,2,148.17,2,148.18,1,148.19,1,148.2,5,148.25,2,148.26,2,148.72,2
2020-10-29 09:34:37,147.92,148.0,1,147.84,2,148.0,3,148.0,147.84,147.84,2,147.8,3,147.78,3,147.77,3,147.76,1,147.75,4,147.72,1,147.71,3,147.7,2,147.62,1,148.0,3,148.11,7,148.12,2,148.17,2,148.18,1,148.19,1,148.2,5,148.25,2,148.26,2,148.72,2
2020-10-29 09:34:38,147.915,147.98,1,147.84,8,147.99,1,147.99,147.84,147.84,8,147.8,3,147.78,3,147.77,3,147.76,1,147.75,4,147.72,1,147.71,3,147.7,2,147.62,1,147.99,1,148.0,3,148.11,7,148.12,2,148.17,2,148.18,1,148.19,1,148.2,5,148.25,2,148.26,2
2020-10-29 09:34:39,147.915,147.94,5,147.84,8,147.99,2,147.99,147.84,147.84,8,147.8,3,147.78,3,147.77,3,147.76,1,147.75,4,147.72,1,147.71,3,147.7,2,147.62,1,147.99,2,148.0,3,148.11,7,148.12,2,148.17,2,148.18,1,148.19,1,148.2,5,148.25,2,148.26,2
2020-10-29 09:34:40,147.915,147.94,5,147.84,9,147.99,3,147.99,147.84,147.84,9,147.8,3,147.78,3,147.77,3,147.76,1,147.75,4,147.72,1,147.71,3,147.7,2,147.62,1,147.99,3,148.0,3,148.11,7,148.12,2,148.17,2,148.18,1,148.19,1,148.2,5,148.25,2,148.26,2
2020-10-29 09:34:41,147.91,147.94,5,147.84,9,147.98,2,147.98,147.84,147.84,9,147.8,3,147.78,3,147.77,3,147.76,1,147.75,4,147.72,1,147.71,3,147.7,2,147.62,1,147.98,2,147.99,3,148.0,3,148.11,7,148.12,2,148.17,2,148.18,1,148.19,1,148.2,5,148.25,2
2020-10-29 09:34:42,147.91,147.96,1,147.84,8,147.98,2,147.98,147.84,147.84,8,147.8,3,147.78,3,147.77,3,147.76,1,147.75,4,147.72,1,147.71,3,147.7,2,147.62,1,147.98,2,147.99,3,148.0,3,148.11,7,148.12,2,148.17,2,148.18,1,148.19,1,148.2,5,148.25,2
2020-10-29 09:34:43,147.9,147.91,6,147.84,8,147.96,1,147.96,147.84,147.84,8,147.8,3,147.78,3,147.77,3,147.76,1,147.75,4,147.72,1,147.71,3,147.7,2,147.62,1,147.96,1,147.98,2,147.99,3,148.0,3,148.11,7,148.12,2,148.17,2,148.18,1,148.19,1,148.2,5
2020-10-29 09:34:44,147.855,147.8,1,147.76,1,147.95,2,147.95,147.76,147.76,1,147.75,4,147.72,1,147.71,3,147.7,2,147.62,1,147.6,4,147.59,2,147.5,10,147.49,4,147.95,2,147.96,2,147.98,2,147.99,3,148.0,3,148.11,7,148.12,2,148.17,2,148.18,1,148.19,1
2020-10-29 09:34:45,147.85,147.94,1,147.76,2,147.94,1,147.94,147.76,147.76,2,147.75,4,147.72,1,147.71,3,147.7,2,147.62,1,147.6,4,147.59,2,147.5,10,147.49,4,147.94,1,147.95,2,147.96,2,147.98,2,147.99,3,148.0,3,148.11,7,148.12,2,148.17,2,148.18,1
2020-10-29 09:34:46,147.875,147.85,2,147.8,1,147.95,2,147.95,147.8,147.8,1,147.76,3,147.75,4,147.72,1,147.71,3,147.7,2,147.62,1,147.6,4,147.59,2,147.5,10,147.95,2,147.96,2,147.98,2,147.99,3,148.0,3,148.11,7,148.12,2,148.17,2,148.18,1,148.19,1
2020-10-29 09:34:47,147.88,147.81,1,147.81,2,147.95,2,147.95,147.81,147.81,2,147.8,3,147.76,3,147.75,4,147.72,1,147.71,3,147.7,2,147.62,1,147.6,4,147.59,2,147.95,2,147.96,2,147.98,2,147.99,3,148.0,3,148.11,7,148.12,2,148.17,2,148.18,1,148.19,1
2020-10-29 09:34:48,147.885,147.94,1,147.82,1,147.95,4,147.95,147.82,147.82,1,147.81,3,147.8,3,147.76,3,147.75,4,147.72,1,147.71,3,147.7,2,147.62,1,147.6,4,147.95,4,147.96,2,147.98,2,147.99,3,148.0,3,148.11,7,148.12,2,148.17,2,148.18,1,148.19,1
2020-10-29 09:34:49,147.875,147.88,1,147.82,1,147.93,2,147.93,147.82,147.82,1,147.81,3,147.8,3,147.76,3,147.75,4,147.72,1,147.71,3,147.7,2,147.62,1,147.6,4,147.93,2,147.95,4,147.96,2,147.98,2,147.99,3,148.0,3,148.11,7,148.12,2,148.17,2,148.18,1
2020-10-29 09:34:51,147.805,147.82,1,147.76,4,147.85,1,147.85,147.76,147.76,4,147.75,4,147.72,1,147.71,3,147.7,2,147.62,1,147.6,4,147.59,2,147.5,10,147.49,4,147.85,1,147.87,1,147.93,2,147.95,4,147.96,2,147.98,2,147.99,3,148.0,3,148.11,7,148.12,2
2020-10-29 09:34:52,147.735,147.73,1,147.63,2,147.84,1,147.84,147.63,147.63,2,147.61,1,147.6,5,147.59,2,147.5,10,147.49,4,147.48,3,147.47,3,147.46,3,147.45,5,147.84,1,147.85,1,147.87,1,147.93,2,147.95,4,147.96,2,147.98,2,147.99,3,148.0,3,148.11,7
2020-10-29 09:34:53,147.745,147.72,1,147.65,1,147.84,1,147.84,147.65,147.65,1,147.63,2,147.61,1,147.6,5,147.59,2,147.5,10,147.49,4,147.48,3,147.47,3,147.46,3,147.84,1,147.85,1,147.87,1,147.93,2,147.95,4,147.96,2,147.98,2,147.99,3,148.0,3,148.11,7
2020-10-29 09:34:54,147.76,147.74,2,147.69,1,147.83,1,147.83,147.69,147.69,1,147.63,2,147.61,1,147.6,5,147.59,2,147.5,10,147.49,4,147.48,3,147.47,3,147.46,3,147.83,1,147.84,2,147.85,1,147.87,1,147.93,2,147.95,4,147.96,2,147.98,2,147.99,3,148.0,3
2020-10-29 09:34:54,147.75,147.81,1,147.69,1,147.81,2,147.81,147.7,147.69,1,147.6,5,147.59,2,147.5,10,147.49,4,147.48,3,147.47,3,147.46,3,147.45,5,147.44,4,147.81,2,147.82,1,147.83,2,147.84,2,147.85,1,147.87,1,147.93,2,147.95,4,147.96,2,147.98,2
2020-10-29 09:34:55,147.745,147.76,1,147.69,1,147.8,1,147.8,147.69,147.69,1,147.6,5,147.59,2,147.5,10,147.49,4,147.48,3,147.47,3,147.46,3,147.45,5,147.44,4,147.8,1,147.81,2,147.82,1,147.83,2,147.84,2,147.85,1,147.87,1,147.93,2,147.95,4,147.96,2
2020-10-29 09:34:57,147.745,147.74,1,147.69,1,147.8,1,147.8,147.69,147.69,1,147.6,5,147.59,2,147.5,10,147.49,4,147.48,3,147.47,3,147.46,3,147.45,5,147.44,4,147.8,1,147.81,2,147.82,1,147.83,2,147.84,2,147.85,1,147.87,1,147.93,2,147.95,4,147.96,2
2020-10-29 09:34:57,147.7,147.7,3,147.61,1,147.79,3,147.79,147.61,147.61,1,147.6,4,147.59,2,147.5,10,147.49,4,147.48,3,147.47,3,147.46,3,147.45,5,147.44,4,147.79,3,147.8,3,147.81,2,147.82,1,147.83,2,147.84,2,147.85,1,147.87,1,147.93,2,147.95,4
2020-10-29 09:34:59,147.695,147.69,1,147.62,1,147.77,1,147.77,147.62,147.62,1,147.6,5,147.59,2,147.5,10,147.49,4,147.48,3,147.47,3,147.46,3,147.45,5,147.44,4,147.77,1,147.79,3,147.8,3,147.81,2,147.82,1,147.83,2,147.84,2,147.85,1,147.87,1,147.93,2
2020-10-29 09:35:00,147.695,147.64,1,147.62,1,147.77,3,147.77,147.62,147.62,1,147.6,5,147.59,2,147.5,10,147.49,4,147.48,3,147.47,3,147.46,3,147.45,5,147.44,4,147.77,3,147.78,2,147.79,3,147.8,3,147.81,2,147.82,1,147.83,2,147.84,2,147.85,1,147.87,1
2020-10-29 09:35:01,147.645,147.71,1,147.54,2,147.75,1,147.75,147.54,147.54,2,147.52,2,147.5,10,147.49,4,147.48,3,147.47,3,147.46,3,147.45,5,147.44,4,147.39,1,147.75,1,147.79,3,147.8,3,147.81,2,147.82,1,147.83,2,147.84,2,147.85,1,147.87,1,147.93,2
2020-10-29 09:35:02,147.64,147.58,4,147.57,1,147.74,4,147.74,147.57,147.54,2,147.52,2,147.5,10,147.49,4,147.48,3,147.47,3,147.46,3,147.45,5,147.44,4,147.39,1,147.74,4,147.75,4,147.79,3,147.8,3,147.81,2,147.82,1,147.83,2,147.84,2,147.85,1,147.87,1
2020-10-29 09:35:03,147.61,147.61,1,147.55,2,147.67,2,147.67,147.55,147.55,2,147.52,2,147.5,10,147.49,4,147.48,3,147.47,3,147.46,3,147.45,5,147.44,4,147.39,1,147.67,2,147.73,3,147.74,3,147.75,4,147.79,3,147.8,3,147.81,2,147.82,1,147.83,2,147.84,2
2020-10-29 09:35:04,147.62,147.62,1,147.57,2,147.67,2,147.67,147.57,147.57,2,147.55,3,147.52,2,147.5,10,147.49,4,147.48,3,147.47,3,147.46,3,147.45,5,147.44,4,147.67,2,147.73,3,147.74,3,147.75,4,147.79,3,147.8,3,147.81,2,147.82,1,147.83,2,147.84,2
2020-10-29 09:35:05,147.62,147.57,1,147.57,2,147.67,2,147.67,147.57,147.57,2,147.55,3,147.52,2,147.5,10,147.49,4,147.48,3,147.47,3,147.46,3,147.45,5,147.44,4,147.67,2,147.73,3,147.74,3,147.75,4,147.79,3,147.8,3,147.81,2,147.82,1,147.83,2,147.84,2
2020-10-29 09:35:06,147.61,147.57,1,147.55,3,147.67,2,147.67,147.55,147.55,3,147.52,2,147.5,10,147.49,4,147.48,3,147.47,3,147.46,3,147.45,5,147.44,4,147.39,1,147.67,2,147.73,3,147.74,3,147.75,4,147.79,3,147.8,3,147.81,2,147.82,1,147.83,2,147.84,2
2020-10-29 09:35:07,147.575,147.57,2,147.52,4,147.63,3,147.63,147.52,147.52,4,147.5,10,147.49,4,147.48,3,147.47,3,147.46,3,147.45,5,147.44,4,147.39,1,147.38,3,147.63,3,147.67,2,147.73,3,147.74,3,147.75,4,147.79,3,147.8,3,147.81,2,147.82,1,147.83,2
2020-10-29 09:35:08,147.555,147.56,5,147.5,5,147.61,1,147.61,147.5,147.5,5,147.49,3,147.48,3,147.47,3,147.46,3,147.45,5,147.44,4,147.39,1,147.38,3,147.37,3,147.61,1,147.62,1,147.63,4,147.67,2,147.73,3,147.74,3,147.75,4,147.79,3,147.8,3,147.81,2
2020-10-29 09:35:09,147.48,147.39,2,147.44,1,147.52,1,147.52,147.44,147.44,1,147.39,2,147.38,3,147.37,3,147.34,1,147.31,9,147.3,15,147.27,4,147.26,5,147.25,3,147.52,1,147.53,1,147.6,1,147.61,2,147.62,1,147.63,4,147.67,2,147.73,3,147.74,3,147.75,4
2020-10-29 09:35:10,147.53,147.52,1,147.45,4,147.61,2,147.61,147.45,147.45,4,147.44,1,147.39,2,147.38,3,147.37,3,147.34,1,147.31,9,147.3,15,147.27,4,147.26,5,147.61,2,147.62,1,147.63,4,147.67,2,147.73,3,147.74,3,147.75,4,147.79,3,147.8,3,147.81,2
2020-10-29 09:35:11,147.535,147.54,5,147.45,5,147.62,4,147.62,147.45,147.45,5,147.44,1,147.39,2,147.38,3,147.37,3,147.34,1,147.31,9,147.3,15,147.27,4,147.26,5,147.62,4,147.63,2,147.67,2,147.73,3,147.74,3,147.75,4,147.79,3,147.8,3,147.81,2,147.82,1
2020-10-29 09:35:12,147.525,147.53,2,147.44,3,147.61,4,147.61,147.44,147.44,3,147.39,2,147.38,3,147.37,3,147.34,1,147.31,9,147.3,15,147.27,4,147.26,5,147.25,3,147.61,4,147.62,4,147.63,2,147.67,2,147.73,3,147.74,3,147.75,4,147.79,3,147.8,3,147.81,2
2020-10-29 09:35:13,147.54,147.53,2,147.5,3,147.58,2,147.58,147.5,147.5,3,147.44,4,147.39,2,147.38,3,147.37,3,147.34,1,147.31,9,147.3,15,147.27,4,147.26,5,147.58,2,147.59,2,147.6,3,147.61,5,147.62,4,147.63,2,147.67,2,147.73,3,147.74,3,147.75,4
2020-10-29 09:35:14,147.46,147.44,1,147.39,2,147.53,3,147.53,147.39,147.39,2,147.38,3,147.37,3,147.34,1,147.31,9,147.3,15,147.27,4,147.26,5,147.25,3,147.22,3,147.53,3,147.54,1,147.55,2,147.56,3,147.57,2,147.58,3,147.59,2,147.6,3,147.61,5,147.62,4
2020-10-29 09:35:15,147.46,147.44,1,147.39,2,147.53,2,147.53,147.41,147.39,2,147.38,3,147.37,3,147.34,1,147.31,9,147.3,15,147.27,4,147.26,5,147.25,3,147.22,3,147.53,2,147.54,1,147.55,2,147.56,3,147.57,2,147.58,3,147.59,2,147.6,3,147.61,5,147.62,4
2020-10-29 09:35:16,147.47,147.53,1,147.41,1,147.53,3,147.53,147.41,147.41,1,147.39,2,147.38,3,147.37,3,147.34,1,147.31,9,147.3,15,147.27,4,147.26,5,147.25,3,147.53,3,147.54,1,147.55,2,147.56,3,147.57,2,147.58,3,147.59,2,147.6,3,147.61,5,147.62,4
2020-10-29 09:35:17,147.41,147.53,1,147.37,3,147.45,1,147.45,147.37,147.37,3,147.34,1,147.31,9,147.3,15,147.27,4,147.26,5,147.25,3,147.22,3,147.21,3,147.2,6,147.45,1,147.46,1,147.47,2,147.52,1,147.53,3,147.54,1,147.55,2,147.56,3,147.57,2,147.58,3
2020-10-29 09:35:18,147.42,147.42,1,147.37,3,147.47,2,147.47,147.37,147.37,3,147.34,1,147.31,9,147.3,15,147.27,4,147.26,5,147.25,3,147.22,3,147.21,3,147.2,6,147.47,2,147.52,1,147.53,3,147.54,1,147.55,2,147.56,3,147.57,2,147.58,3,147.59,2,147.6,3
2020-10-29 09:35:19,147.395,147.43,1,147.33,2,147.46,2,147.46,147.33,147.33,2,147.32,3,147.31,9,147.3,15,147.27,4,147.26,5,147.25,3,147.22,3,147.21,3,147.2,6,147.46,2,147.47,3,147.52,1,147.53,3,147.54,1,147.55,2,147.56,3,147.57,2,147.58,3,147.59,2
2020-10-29 09:35:20,147.425,147.47,1,147.38,2,147.47,3,147.47,147.38,147.38,2,147.33,2,147.32,3,147.31,9,147.3,15,147.27,4,147.26,5,147.25,3,147.22,3,147.21,3,147.47,3,147.52,1,147.53,3,147.54,1,147.55,2,147.56,3,147.57,2,147.58,3,147.59,2,147.6,3
2020-10-29 09:35:21,147.53,147.55,1,147.47,3,147.59,1,147.59,147.47,147.47,3,147.46,3,147.43,2,147.38,5,147.33,2,147.32,3,147.31,9,147.3,15,147.27,4,147.26,5,147.59,1,147.6,1,147.71,1,147.73,3,147.74,3,147.75,4,147.79,3,147.8,3,147.81,2,147.82,1
2020-10-29 09:35:22,147.44,147.46,1,147.38,5,147.5,1,147.5,147.38,147.38,5,147.33,2,147.32,3,147.31,9,147.3,15,147.27,4,147.26,5,147.25,3,147.22,3,147.21,3,147.5,1,147.51,1,147.52,1,147.58,2,147.59,1,147.6,1,147.71,1,147.73,3,147.74,3,147.75,4
2020-10-29 09:35:23,147.44,147.46,1,147.38,5,147.5,1,147.5,147.38,147.38,5,147.33,2,147.32,3,147.31,9,147.3,15,147.27,4,147.26,5,147.25,3,147.22,3,147.21,3,147.5,1,147.51,1,147.52,1,147.58,2,147.59,1,147.6,1,147.71,1,147.73,3,147.74,3,147.75,4
2020-10-29 09:35:24,147.41,147.38,1,147.35,4,147.47,1,147.47,147.35,147.35,4,147.32,1,147.31,9,147.3,15,147.27,4,147.26,5,147.25,3,147.22,3,147.21,3,147.2,6,147.47,1,147.48,1,147.5,2,147.51,1,147.52,1,147.58,2,147.59,1,147.6,1,147.71,1,147.73,3
2020-10-29 09:35:25,147.345,147.32,1,147.28,1,147.41,2,147.41,147.28,147.28,1,147.25,7,147.22,3,147.21,3,147.2,6,147.19,3,147.15,1,147.14,4,147.1,1,147.06,3,147.41,2,147.42,1,147.48,2,147.5,2,147.51,1,147.52,1,147.58,2,147.59,1,147.6,1,147.71,1
2020-10-29 09:35:26,147.245,147.23,2,147.18,1,147.3,3,147.3,147.18,147.19,4,147.15,1,147.14,4,147.1,1,147.06,3,147.05,7,147.03,4,147.02,4,147.01,4,147.0,100,147.3,3,147.35,3,147.37,2,147.4,1,147.41,2,147.42,1,147.48,2,147.5,2,147.51,1,147.52,1
2020-10-29 09:35:27,147.215,147.16,1,147.16,4,147.27,1,147.27,147.16,147.16,4,147.15,1,147.14,4,147.1,1,147.06,3,147.05,7,147.03,4,147.02,4,147.01,4,147.0,100,147.27,1,147.3,3,147.35,3,147.37,2,147.4,1,147.41,2,147.42,1,147.48,2,147.5,2,147.51,1
2020-10-29 09:35:28,147.255,147.21,2,147.21,1,147.3,3,147.3,147.21,147.21,1,147.15,4,147.14,4,147.1,1,147.06,3,147.05,7,147.03,4,147.02,4,147.01,4,147.0,100,147.3,3,147.35,3,147.37,2,147.4,1,147.41,2,147.42,1,147.48,2,147.5,2,147.51,1,147.52,1
2020-10-29 09:35:29,147.17,147.17,3,147.1,13,147.24,1,147.24,147.1,147.1,13,147.06,3,147.05,7,147.03,4,147.02,4,147.01,4,147.0,100,146.87,10,,,,,147.24,1,147.28,1,147.29,1,147.3,3,147.35,3,147.37,2,147.4,1,147.41,2,147.42,1,147.48,2
2020-10-29 09:35:30,147.165,147.19,1,147.09,2,147.24,2,147.24,147.09,147.09,2,147.08,3,147.06,3,147.05,7,147.03,4,147.02,4,147.01,4,147.0,100,146.87,10,,,147.24,2,147.28,2,147.29,1,147.3,3,147.35,3,147.37,2,147.4,1,147.41,2,147.42,1,147.48,2
2020-10-29 09:35:31,147.165,147.18,1,147.09,2,147.24,2,147.24,147.09,147.09,2,147.08,3,147.06,3,147.05,7,147.03,4,147.02,4,147.01,4,147.0,100,146.87,10,,,147.24,2,147.28,2,147.29,1,147.3,3,147.35,3,147.37,2,147.4,1,147.41,2,147.42,1,147.48,2
2020-10-29 09:35:32,147.205,147.24,1,147.11,3,147.3,4,147.3,147.11,147.11,3,147.1,1,147.09,2,147.08,3,147.06,3,147.05,7,147.03,4,147.02,4,147.01,4,147.0,100,147.3,4,147.35,3,147.37,2,147.4,1,147.41,2,147.42,1,147.48,2,147.5,2,147.51,1,147.52,1
2020-10-29 09:35:33,147.21,147.3,1,147.12,2,147.3,1,147.3,147.12,147.12,2,147.11,1,147.1,1,147.09,2,147.08,3,147.06,3,147.05,7,147.03,4,147.02,4,147.01,4,147.3,1,147.4,21,147.41,2,147.42,1,147.48,2,147.5,2,147.51,1,147.52,1,147.58,2,147.59,1
2020-10-29 09:35:34,147.205,147.29,3,147.12,2,147.29,1,147.29,147.12,147.12,2,147.11,1,147.1,1,147.09,2,147.08,3,147.06,3,147.05,7,147.03,4,147.02,4,147.01,4,147.29,1,147.3,2,147.4,21,147.41,2,147.42,1,147.48,2,147.5,2,147.51,1,147.52,1,147.58,2
2020-10-29 09:35:35,147.19,147.2,1,147.13,1,147.25,2,147.25,147.13,147.13,1,147.11,1,147.1,1,147.09,2,147.08,3,147.06,3,147.05,7,147.03,4,147.02,4,147.01,4,147.25,2,147.26,2,147.27,1,147.29,1,147.3,2,147.4,21,147.41,2,147.42,1,147.48,2,147.5,2
2020-10-29 09:35:36,147.17,147.13,1,147.1,3,147.24,2,147.24,147.1,147.1,3,147.09,2,147.08,3,147.06,3,147.05,7,147.03,4,147.02,4,147.01,4,147.0,100,146.87,10,147.24,2,147.25,2,147.26,2,147.27,1,147.29,1,147.3,2,147.4,21,147.41,2,147.42,1,147.48,2
2020-10-29 09:35:37,147.17,147.14,1,147.1,3,147.24,2,147.24,147.1,147.1,3,147.09,2,147.08,3,147.06,3,147.05,7,147.03,4,147.02,4,147.01,4,147.0,100,146.87,10,147.24,2,147.25,2,147.26,2,147.27,1,147.29,1,147.3,2,147.4,21,147.41,2,147.42,1,147.48,2
2020-10-29 09:35:38,147.175,147.24,2,147.12,1,147.23,1,147.23,147.12,147.12,1,147.11,1,147.09,5,147.08,3,147.06,3,147.05,7,147.03,4,147.02,4,147.01,4,147.0,100,147.23,1,147.24,2,147.25,2,147.26,2,147.27,1,147.29,1,147.3,2,147.4,21,147.41,2,147.42,1
2020-10-29 09:35:39,147.3,147.22,1,147.2,3,147.4,21,147.4,147.2,147.2,3,147.19,2,147.18,4,147.12,1,147.11,1,147.09,5,147.08,3,147.06,3,147.05,7,147.03,4,147.4,21,147.41,2,147.42,1,147.48,2,147.5,2,147.51,1,147.52,1,147.58,2,147.59,1,147.6,1
2020-10-29 09:35:40,147.29,147.35,1,147.23,1,147.35,2,147.35,147.23,147.23,1,147.19,5,147.18,7,147.12,1,147.11,1,147.09,5,147.08,3,147.06,3,147.05,7,147.03,4,147.35,2,147.4,21,147.41,2,147.42,1,147.48,2,147.5,2,147.51,1,147.52,1,147.58,2,147.59,1
2020-10-29 09:35:41,147.285,147.31,1,147.22,4,147.35,3,147.35,147.22,147.22,4,147.21,4,147.19,4,147.18,7,147.12,1,147.11,1,147.09,5,147.08,3,147.06,3,147.05,7,147.35,3,147.4,21,147.41,2,147.42,1,147.48,2,147.5,2,147.51,1,147.52,1,147.58,2,147.59,1
2020-10-29 09:35:42,147.255,147.23,1,147.22,4,147.29,3,147.29,147.22,147.22,4,147.21,4,147.19,4,147.18,7,147.12,1,147.11,1,147.09,5,147.08,3,147.06,3,147.05,7,147.29,3,147.34,4,147.35,3,147.4,21,147.41,2,147.42,1,147.48,2,147.5,2,147.51,1,147.52,1
2020-10-29 09:35:43,147.165,147.08,1,147.08,3,147.25,2,147.25,147.08,147.08,3,147.07,3,147.06,3,147.05,7,147.03,4,147.02,4,147.01,4,147.0,100,146.87,10,,,147.25,2,147.26,2,147.29,3,147.34,4,147.35,3,147.4,21,147.41,2,147.42,1,147.48,2,147.5,2
2020-10-29 09:35:44,147.165,147.08,1,147.08,2,147.25,2,147.25,147.08,147.08,2,147.07,3,147.06,3,147.05,7,147.03,4,147.02,4,147.01,4,147.0,100,146.87,10,,,147.25,2,147.26,2,147.29,3,147.34,4,147.35,3,147.4,21,147.41,2,147.42,1,147.48,2,147.5,2
2020-10-29 09:35:45,147.16,147.08,1,147.09,1,147.23,2,147.23,147.09,147.09,1,147.08,8,147.07,3,147.06,3,147.05,7,147.03,4,147.02,4,147.01,4,147.0,100,146.87,10,147.23,2,147.24,2,147.25,3,147.26,2,147.29,3,147.34,4,147.35,3,147.4,21,147.41,2,147.42,1
2020-10-29 09:35:46,147.17,147.17,7,147.11,6,147.23,3,147.23,147.11,147.11,6,147.09,2,147.08,8,147.07,3,147.06,3,147.05,7,147.03,4,147.02,4,147.01,4,147.0,100,147.23,3,147.24,2,147.25,3,147.26,2,147.29,3,147.34,4,147.35,3,147.4,21,147.41,2,147.42,1
2020-10-29 09:35:47,147.165,147.12,1,147.11,7,147.22,3,147.22,147.11,147.11,7,147.09,2,147.08,8,147.07,3,147.06,3,147.05,7,147.03,4,147.02,4,147.01,4,147.0,100,147.22,3,147.23,4,147.24,2,147.25,3,147.26,2,147.29,3,147.34,4,147.35,3,147.4,21,147.41,2
2020-10-29 09:35:48,147.265,147.26,3,147.19,4,147.34,2,147.34,147.19,147.19,4,147.18,4,147.17,1,147.16,1,147.13,1,147.12,1,147.11,7,147.09,2,147.08,8,147.07,3,147.34,2,147.35,3,147.4,21,147.41,2,147.42,1,147.48,2,147.5,2,147.51,1,147.52,1,147.58,2
2020-10-29 09:35:49,147.325,147.26,3,147.25,6,147.4,21,147.4,147.25,147.25,6,147.24,3,147.22,10,147.19,4,147.18,4,147.17,1,147.16,1,147.13,1,147.12,1,147.11,7,147.4,21,147.41,2,147.42,1,147.48,2,147.5,2,147.51,1,147.52,1,147.58,2,147.59,1,147.6,1
2020-10-29 09:35:50,147.32,147.28,3,147.25,7,147.39,2,147.39,147.25,147.25,7,147.24,3,147.22,10,147.19,4,147.18,4,147.17,1,147.16,1,147.13,1,147.12,1,147.11,7,147.39,2,147.4,21,147.41,2,147.42,1,147.48,2,147.5,2,147.51,1,147.52,1,147.58,2,147.59,1
2020-10-29 09:35:51,147.22,147.22,3,147.13,1,147.31,4,147.31,147.13,147.13,1,147.12,1,147.11,5,147.09,2,147.08,8,147.07,3,147.06,3,147.05,7,147.03,4,147.02,4,147.31,4,147.33,1,147.34,1,147.35,1,147.39,3,147.4,21,147.41,2,147.42,1,147.48,2,147.5,2
2020-10-29 09:35:52,147.21,147.13,1,147.12,1,147.3,1,147.3,147.12,147.12,1,147.11,5,147.09,2,147.08,8,147.07,3,147.06,3,147.05,7,147.03,4,147.02,4,147.01,4,147.3,1,147.31,3,147.33,1,147.34,1,147.35,1,147.39,3,147.4,21,147.41,2,147.42,1,147.48,2
2020-10-29 09:35:53,147.215,147.14,1,147.13,4,147.3,4,147.3,147.13,147.13,4,147.12,2,147.11,5,147.09,2,147.08,8,147.07,3,147.06,3,147.05,7,147.03,4,147.02,4,147.3,4,147.31,3,147.33,1,147.34,1,147.35,1,147.39,3,147.4,21,147.41,2,147.42,1,147.48,2
2020-10-29 09:35:54,147.12,147.13,1,147.07,10,147.17,4,147.17,147.07,147.07,10,147.05,7,147.03,4,147.02,4,147.01,4,147.0,100,146.87,10,,,,,,,147.17,4,147.18,2,147.21,1,147.22,1,147.27,3,147.29,2,147.3,5,147.31,3,147.33,1,147.34,1
2020-10-29 09:35:55,147.1,147.07,1,147.05,7,147.15,2,147.15,147.05,147.05,7,147.03,4,147.02,4,147.01,4,147.0,100,146.87,10,,,,,,,,,147.15,2,147.17,4,147.18,2,147.21,1,147.22,1,147.27,3,147.29,2,147.3,5,147.31,3,147.33,1
2020-10-29 09:35:56,147.05,147.0,2,147.0,21,147.1,1,147.1,147.0,147.0,21,146.87,10,,,,,,,,,,,,,,,,,147.1,1,147.13,1,147.14,2,147.15,2,147.17,4,147.18,2,147.21,1,147.22,1,147.27,3,147.29,2
2020-10-29 09:35:57,146.955,146.96,3,146.9,6,147.01,1,147.01,146.9,146.9,6,146.87,10,,,,,,,,,,,,,,,,,147.01,1,147.02,2,147.03,2,147.04,1,147.06,1,147.07,1,147.14,2,147.15,2,147.17,4,147.18,2
2020-10-29 09:35:58,147.06,147.13,1,146.97,4,147.15,1,147.15,146.97,146.97,4,146.91,3,146.9,6,146.87,10,,,,,,,,,,,,,147.15,1,147.22,2,147.23,3,147.27,3,147.29,2,147.3,5,147.31,3,147.33,1,147.34,1,147.35,1
2020-10-29 09:35:59,147.07,147.04,1,147.0,7,147.14,2,147.14,147.0,147.0,7,146.97,4,146.91,3,146.9,6,146.87,10,,,,,,,,,,,147.14,2,147.15,1,147.22,2,147.23,3,147.27,3,147.29,2,147.3,5,147.31,3,147.33,1,147.34,1
2020-10-29 09:36:00,147.06,147.04,1,147.0,7,147.12,1,147.12,147.0,147.0,7,146.97,4,146.91,3,146.9,6,146.87,10,,,,,,,,,,,147.12,1,147.14,2,147.15,1,147.22,2,147.23,3,147.27,3,147.29,2,147.3,5,147.31,3,147.33,1
2020-10-29 09:36:01,147.015,147.0,1,146.91,4,147.12,3,147.12,146.91,146.91,4,146.9,6,146.87,10,,,,,,,,,,,,,,,147.12,3,147.14,2,147.15,1,147.22,2,147.23,3,147.27,3,147.29,2,147.3,5,147.31,3,147.33,1
2020-10-29 09:36:02,146.97,146.95,1,146.94,1,147.0,10,147.0,146.94,146.94,1,146.91,10,146.9,6,146.87,10,,,,,,,,,,,,,147.0,10,147.11,5,147.12,4,147.14,2,147.15,1,147.22,2,147.23,3,147.27,3,147.29,2,147.3,5
2020-10-29 09:36:03,147.04,147.02,1,146.95,1,147.13,1,147.13,146.95,146.95,1,146.94,2,146.91,10,146.9,6,146.87,10,,,,,,,,,,,147.13,1,147.14,1,147.17,1,147.22,2,147.23,3,147.27,3,147.29,2,147.3,5,147.31,3,147.33,1
2020-10-29 09:36:04,147.04,147.02,1,146.95,3,147.13,1,147.13,146.95,146.95,3,146.94,2,146.91,10,146.9,6,146.87,10,,,,,,,,,,,147.13,1,147.14,2,147.18,2,147.22,2,147.23,3,147.27,3,147.29,2,147.3,5,147.31,3,147.33,1
2020-10-29 09:36:05,147.04,147.01,1,146.95,3,147.13,1,147.13,146.95,146.95,3,146.94,2,146.91,10,146.9,6,146.87,10,,,,,,,,,,,147.13,1,147.14,2,147.18,2,147.22,2,147.23,3,147.27,3,147.29,2,147.3,5,147.31,3,147.33,1
2020-10-29 09:36:06,147.04,147.05,1,146.95,4,147.13,1,147.13,146.95,146.95,4,146.94,2,146.91,10,146.9,6,146.87,10,,,,,,,,,,,147.13,1,147.14,2,147.18,2,147.22,2,147.23,3,147.27,3,147.29,2,147.3,5,147.31,3,147.33,1
2020-10-29 09:36:07,147.06,147.0,1,147.0,2,147.12,1,147.12,147.0,147.0,2,146.95,6,146.94,2,146.91,10,146.9,6,146.87,10,,,,,,,,,147.12,1,147.13,1,147.14,2,147.18,2,147.22,2,147.23,3,147.27,3,147.29,2,147.3,5,147.31,3
2020-10-29 09:36:08,147.09,147.09,1,147.0,2,147.18,4,147.18,147.0,147.0,2,146.95,6,146.94,2,146.91,10,146.9,6,146.87,10,,,,,,,,,147.18,4,147.22,2,147.23,3,147.27,3,147.29,2,147.3,5,147.31,3,147.33,1,147.34,1,147.35,1
2020-10-29 09:36:09,147.2,147.19,1,147.15,6,147.25,2,147.25,147.15,147.15,6,147.12,1,147.1,1,147.0,8,146.95,6,146.94,2,146.91,10,146.9,6,146.87,10,,,147.25,2,147.26,3,147.28,2,147.29,2,147.3,5,147.31,3,147.33,1,147.34,1,147.35,1,147.39,3
2020-10-29 09:36:10,147.2,147.15,1,147.15,8,147.25,1,147.25,147.15,147.15,8,147.12,1,147.1,1,147.0,8,146.95,6,146.94,2,146.91,10,146.9,6,146.87,10,,,147.25,1,147.26,1,147.3,6,147.31,3,147.33,1,147.34,1,147.35,1,147.39,3,147.4,21,147.41,2
2020-10-29 09:36:11,147.2,147.15,1,147.15,8,147.25,1,147.25,147.15,147.15,8,147.12,1,147.1,1,147.0,8,146.95,6,146.94,2,146.91,10,146.9,6,146.87,10,,,147.25,1,147.26,2,147.3,6,147.31,3,147.33,1,147.34,1,147.35,1,147.39,3,147.4,21,147.41,2
2020-10-29 09:36:12,147.17,147.15,1,147.1,3,147.24,1,147.24,147.1,147.1,3,147.0,8,146.95,6,146.94,2,146.91,10,146.9,6,146.87,10,,,,,,,147.24,1,147.25,3,147.26,2,147.3,6,147.31,3,147.33,1,147.34,1,147.35,1,147.39,3,147.4,21
2020-10-29 09:36:13,147.13,147.13,2,147.04,1,147.22,3,147.22,147.04,147.04,1,147.0,9,146.95,6,146.94,2,146.91,10,146.9,6,146.87,10,,,,,,,147.22,3,147.23,3,147.24,2,147.25,3,147.26,2,147.3,6,147.31,3,147.33,1,147.34,1,147.35,1
2020-10-29 09:36:14,147.135,147.06,1,147.05,3,147.22,3,147.22,147.05,147.05,3,147.04,3,147.0,9,146.95,6,146.94,2,146.91,10,146.9,6,146.87,10,,,,,147.22,3,147.23,3,147.24,2,147.25,3,147.26,2,147.3,6,147.31,3,147.33,1,147.34,1,147.35,1
2020-10-29 09:36:15,147.125,147.15,5,147.05,8,147.2,4,147.2,147.05,147.05,8,147.04,3,147.0,9,146.95,6,146.94,2,146.91,10,146.9,6,146.87,10,,,,,147.2,4,147.21,3,147.22,5,147.23,3,147.24,2,147.25,3,147.26,2,147.3,6,147.31,3,147.33,1
2020-10-29 09:36:16,147.105,147.14,1,147.06,5,147.15,3,147.15,147.06,147.06,5,147.05,7,147.04,3,147.0,9,146.95,6,146.94,2,146.91,10,146.9,6,146.87,10,,,147.15,3,147.18,1,147.19,1,147.2,6,147.21,3,147.22,5,147.23,3,147.24,2,147.25,3,147.26,2
2020-10-29 09:36:17,147.055,147.0,1,146.96,1,147.15,4,147.15,146.96,146.96,1,146.95,8,146.94,2,146.91,10,146.9,6,146.87,10,,,,,,,,,147.15,4,147.18,1,147.19,1,147.2,6,147.21,3,147.22,5,147.23,3,147.24,2,147.25,3,147.26,2
2020-10-29 09:36:18,147.055,147.06,1,146.96,1,147.15,4,147.15,146.96,146.96,1,146.95,6,146.94,2,146.91,10,146.9,6,146.87,10,,,,,,,,,147.15,4,147.18,1,147.19,1,147.2,6,147.21,3,147.22,5,147.23,3,147.24,2,147.25,3,147.26,2
2020-10-29 09:36:19,147.045,147.06,1,146.95,4,147.14,2,147.14,146.95,146.95,4,146.94,2,146.91,10,146.9,6,146.87,10,,,,,,,,,,,147.14,2,147.15,4,147.18,1,147.19,1,147.2,6,147.21,3,147.22,5,147.23,3,147.24,2,147.25,3
2020-10-29 09:36:20,147.03,146.97,1,146.95,4,147.11,4,147.11,146.95,146.95,4,146.94,2,146.91,10,146.9,6,146.87,10,,,,,,,,,,,147.11,3,147.12,1,147.13,3,147.14,2,147.15,4,147.18,1,147.19,1,147.2,6,147.21,3,147.22,5
2020-10-29 09:36:21,146.995,147.06,1,146.93,4,147.06,3,147.06,146.93,146.93,4,146.92,3,146.91,10,146.9,6,146.87,10,,,,,,,,,,,147.06,3,147.07,3,147.12,3,147.13,3,147.14,2,147.15,4,147.18,1,147.19,1,147.2,6,147.21,3
2020-10-29 09:36:22,147.05,147.02,1,146.99,3,147.11,2,147.11,146.99,146.99,3,146.95,1,146.94,1,146.93,5,146.92,3,146.91,10,146.9,6,146.87,10,,,,,147.11,2,147.14,4,147.15,4,147.18,1,147.19,1,147.2,6,147.21,3,147.22,5,147.23,3,147.24,2
2020-10-29 09:36:23,147.05,146.99,1,146.99,5,147.11,2,147.11,146.99,146.99,5,146.95,1,146.94,1,146.93,5,146.92,3,146.91,10,146.9,6,146.87,10,,,,,147.11,2,147.14,4,147.15,4,147.18,1,147.19,1,147.2,6,147.21,3,147.22,5,147.23,3,147.24,2
2020-10-29 09:36:24,146.985,146.99,1,146.92,2,147.05,2,147.05,146.92,146.92,2,146.91,10,146.9,6,146.87,10,,,,,,,,,,,,,147.05,2,147.11,2,147.14,4,147.15,4,147.18,1,147.19,1,147.2,6,147.21,3,147.22,5,147.23,3
2020-10-29 09:36:25,146.945,146.92,1,146.91,1,146.98,3,146.98,146.91,146.91,1,146.9,6,146.87,10,,,,,,,,,,,,,,,146.98,3,147.04,1,147.05,2,147.11,2,147.14,4,147.15,4,147.18,1,147.19,1,147.2,6,147.21,3
2020-10-29 09:36:26,146.905,146.91,1,146.87,6,146.94,3,146.94,146.87,146.87,6,,,,,,,,,,,,,,,,,,,146.94,3,146.95,3,146.98,3,147.04,1,147.05,2,147.11,2,147.14,4,147.15,4,147.18,1,147.19,1
2020-10-29 09:36:27,146.885,146.85,5,146.85,1,146.92,3,146.92,146.85,146.85,1,146.84,11,,,,,,,,,,,,,,,,,146.92,3,146.93,2,146.96,1,146.97,2,146.98,5,147.04,1,147.05,2,147.11,2,147.14,4,147.15,4
2020-10-29 09:36:28,146.835,146.87,1,146.8,3,146.87,1,146.87,146.8,146.8,3,,,,,,,,,,,,,,,,,,,146.87,1,146.92,5,146.93,2,146.96,1,146.97,2,146.98,5,147.04,1,147.05,2,147.11,2,147.14,4
2020-10-29 09:36:29,146.945,146.94,1,146.89,1,147.0,3,147.0,146.89,146.89,1,146.88,3,146.82,2,146.81,1,146.8,3,,,,,,,,,,,147.0,3,147.04,1,147.05,2,147.11,2,147.14,4,147.15,4,147.18,1,147.19,1,147.2,6,147.21,3
2020-10-29 09:36:30,146.88,146.82,1,146.82,1,146.94,3,146.94,146.82,146.82,1,146.81,3,146.8,3,,,,,,,,,,,,,,,146.94,3,146.97,3,147.01,3,147.04,1,147.05,2,147.11,2,147.14,4,147.15,4,147.18,1,147.19,1
2020-10-29 09:36:31,146.88,146.83,1,146.82,1,146.94,3,146.94,146.82,146.82,1,146.81,3,146.8,3,,,,,,,,,,,,,,,146.94,3,146.97,3,147.01,3,147.04,1,147.05,2,147.11,2,147.14,4,147.15,4,147.18,1,147.19,1
2020-10-29 09:36:32,146.895,146.82,2,146.82,3,146.97,4,146.97,146.82,146.82,3,146.81,3,146.8,3,,,,,,,,,,,,,,,146.97,4,147.01,3,147.04,1,147.05,2,147.11,2,147.14,4,147.15,4,147.18,1,147.19,1,147.2,6
2020-10-29 09:36:33,146.88,146.8,2,146.79,1,146.97,4,146.97,146.79,146.79,1,,,,,,,,,,,,,,,,,,,146.97,4,147.01,3,147.04,1,147.05,2,147.11,2,147.14,4,147.15,4,147.18,1,147.19,1,147.2,6
2020-10-29 09:36:34,146.9,146.92,1,146.83,2,146.97,4,146.97,146.83,146.83,2,146.82,1,146.81,1,146.8,1,146.79,1,,,,,,,,,,,146.97,4,147.01,3,147.04,1,147.05,2,147.11,2,147.14,4,147.15,4,147.18,1,147.19,1,147.2,6
2020-10-29 09:36:35,146.875,146.92,1,146.79,1,146.96,3,146.96,146.79,146.79,1,,,,,,,,,,,,,,,,,,,146.96,3,146.97,4,147.01,3,147.04,1,147.05,2,147.11,2,147.14,4,147.15,4,147.18,1,147.19,1
2020-10-29 09:36:36,146.88,146.91,1,146.8,6,146.96,3,146.96,146.8,146.8,6,146.79,1,,,,,,,,,,,,,,,,,146.96,3,146.97,4,147.01,3,147.04,1,147.05,2,147.11,2,147.14,4,147.15,4,147.18,1,147.19,1
2020-10-29 09:36:37,146.885,146.86,16,146.82,1,146.95,2,146.95,146.82,146.82,1,146.81,1,146.8,6,146.79,1,,,,,,,,,,,,,146.95,2,146.96,4,146.97,4,147.01,3,147.04,1,147.05,2,147.11,2,147.14,4,147.15,4,147.18,1
2020-10-29 09:36:38,146.88,146.82,2,146.81,1,146.95,2,146.95,146.81,146.81,1,146.8,4,146.79,1,,,,,,,,,,,,,,,146.95,2,146.96,4,146.97,4,147.01,3,147.04,1,147.05,2,147.11,2,147.14,4,147.15,4,147.18,1
2020-10-29 09:36:39,146.885,146.9,1,146.82,3,146.95,2,146.95,146.82,146.82,3,146.81,3,146.8,4,146.79,1,,,,,,,,,,,,,146.95,2,146.96,4,146.97,4,147.01,3,147.04,1,147.05,2,147.11,2,147.14,4,147.15,4,147.18,1
2020-10-29 09:36:40,146.895,146.94,1,146.84,3,146.95,2,146.95,146.84,146.84,3,146.82,3,146.81,3,146.8,4,146.79,1,,,,,,,,,,,146.95,2,146.96,4,146.97,4,147.01,3,147.04,1,147.05,2,147.11,2,147.14,4,147.15,4,147.18,1
2020-10-29 09:36:41,146.87,146.87,5,146.82,5,146.92,2,146.92,146.82,146.82,5,146.81,3,146.8,4,146.79,1,,,,,,,,,,,,,146.92,2,146.94,2,146.95,2,146.96,4,146.97,4,147.01,3,147.04,1,147.05,2,147.11,2,147.14,4
