sim_time,mid_price,last_price,last_size,best_bid_price,best_bid_size,best_ask_price,best_ask_size,close_price_buy,close_price_sell,bid1_price,bid1_size,bid2_price,bid2_size,bid3_price,bid3_size,bid4_price,bid4_size,bid5_price,bid5_size,bid6_price,bid6_size,bid7_price,bid7_size,bid8_price,bid8_size,bid9_price,bid9_size,bid10_price,bid10_size,ask1_price,ask1_size,ask2_price,ask2_size,ask3_price,ask3_size,ask4_price,ask4_size,ask5_price,ask5_size,ask6_price,ask6_size,ask7_price,ask7_size,ask8_price,ask8_size,ask9_price,ask9_size,ask10_price,ask10_size
2026-02-05 09:30:17,680.93,0.0,0,680.16,200,681.7,120,681.7,680.16,680.16,200,679.5,120,,,,,,,,,,,,,,,,,681.7,120,681.9,240,682.14,80,682.15,240,682.35,120,682.55,80,684.1,160,684.3,40,684.5,80,,
2026-02-05 09:30:18,680.945,0.0,0,680.19,200,681.7,120,681.7,680.19,680.19,200,680.18,40,680.17,200,680.16,240,679.5,120,,,,,,,,,,,681.7,120,681.9,240,682.14,80,682.15,240,682.35,120,682.55,80,684.1,160,684.3,40,684.5,80,,
2026-02-05 09:30:20,680.975,0.0,0,680.25,200,681.7,120,681.7,680.25,680.25,200,680.24,200,680.23,200,680.22,200,680.21,200,680.2,200,680.19,200,680.18,40,680.17,200,680.16,240,681.7,120,681.9,240,682.14,80,682.15,240,682.35,120,682.55,80,684.1,160,684.3,40,684.5,80,,
2026-02-05 09:30:21,680.88,0.0,0,680.26,200,681.5,240,681.5,680.26,680.26,200,680.25,200,680.24,200,680.23,200,680.22,200,680.21,200,680.2,200,680.19,200,680.18,40,680.17,200,681.5,240,681.7,120,681.9,240,682.14,80,682.15,240,682.35,120,682.55,80,684.1,160,684.3,40,684.5,80
2026-02-05 09:30:22,680.885,0.0,0,680.27,200,681.5,240,681.5,680.27,680.27,200,680.26,200,680.25,200,680.24,200,680.23,200,680.22,200,680.21,200,680.2,200,680.19,200,680.18,40,681.5,240,681.7,120,681.9,240,682.14,80,682.15,240,682.35,120,682.55,80,684.1,160,684.3,40,684.5,80
2026-02-05 09:30:22,680.885,0.0,0,680.27,200,681.5,240,681.5,680.27,680.27,200,680.26,200,680.25,200,680.24,200,680.23,200,680.22,200,680.21,200,680.2,200,680.19,200,680.18,40,681.5,240,681.7,120,681.9,240,682.14,80,682.15,240,682.35,120,682.55,80,684.1,160,684.3,40,684.5,80
2026-02-05 09:30:24,680.84,680.3,4,680.18,40,681.5,240,681.5,680.18,680.18,40,680.17,200,680.16,240,679.5,120,,,,,,,,,,,,,681.5,240,681.7,120,681.9,240,682.14,80,682.15,240,682.35,120,682.55,80,684.1,160,684.3,40,684.5,80
2026-02-05 09:30:25,680.365,679.51,1,679.51,200,681.22,120,681.22,679.51,679.51,200,679.5,200,678.0,120,,,,,,,,,,,,,,,681.22,120,681.23,240,681.5,360,681.7,120,681.9,240,682.14,80,682.15,240,682.35,120,682.55,80,684.1,160
2026-02-05 09:30:26,680.35,679.85,1,679.51,240,681.19,120,681.19,679.51,679.51,240,679.5,200,678.0,120,,,,,,,,,,,,,,,681.19,120,681.2,80,681.22,120,681.23,240,681.5,360,681.7,120,681.9,240,682.14,80,682.15,240,682.35,120
2026-02-05 09:30:27,680.345,679.85,1,679.51,40,681.18,40,681.18,679.51,679.51,40,678.0,120,,,,,,,,,,,,,,,,,681.18,40,681.19,120,681.2,80,681.22,120,681.23,240,681.5,360,681.7,120,681.9,240,682.14,80,682.15,240
2026-02-05 09:30:28,680.345,679.85,1,679.51,120,681.18,40,681.18,679.51,679.51,120,678.0,120,,,,,,,,,,,,,,,,,681.18,40,681.19,40,681.2,80,681.22,120,681.23,240,681.5,360,681.7,120,681.9,240,682.14,80,682.15,240
2026-02-05 09:30:29,680.35,679.85,1,679.51,120,681.19,120,681.19,679.51,679.51,120,678.0,120,,,,,,,,,,,,,,,,,681.19,80,681.2,80,681.22,120,681.23,240,681.5,360,681.7,120,681.9,240,682.14,80,682.15,240,682.35,120
2026-02-05 09:30:30,680.35,679.85,1,679.51,120,681.19,120,681.19,679.51,679.51,120,678.0,120,,,,,,,,,,,,,,,,,681.19,120,681.2,80,681.22,120,681.23,240,681.5,360,681.7,120,681.9,240,682.14,80,682.15,240,682.35,120
2026-02-05 09:30:31,680.35,679.85,1,679.51,200,681.19,80,681.19,679.51,679.51,200,678.0,120,,,,,,,,,,,,,,,,,681.19,80,681.2,80,681.22,120,681.23,240,681.5,360,681.7,120,681.9,240,682.14,80,682.15,240,682.35,120
2026-02-05 09:30:32,680.35,679.85,1,679.51,200,681.19,120,681.19,679.51,679.51,200,678.0,120,,,,,,,,,,,,,,,,,681.19,120,681.2,80,681.22,120,681.23,240,681.5,360,681.7,120,681.9,240,682.14,80,682.15,240,682.35,120
2026-02-05 09:30:33,680.35,679.85,1,679.51,200,681.19,120,681.19,679.51,679.51,200,678.0,120,,,,,,,,,,,,,,,,,681.19,120,681.2,80,681.22,120,681.23,240,681.5,360,681.7,120,681.9,240,682.14,80,682.15,240,682.35,120
2026-02-05 09:30:34,680.25,679.52,1,679.51,200,680.99,200,680.99,679.51,679.51,200,678.0,120,,,,,,,,,,,,,,,,,680.99,200,681.19,120,681.2,80,681.22,120,681.23,240,681.5,360,681.7,120,681.9,240,682.14,80,682.15,240
2026-02-05 09:30:35,680.25,679.52,1,679.51,200,680.99,200,680.99,679.51,679.51,200,678.0,120,,,,,,,,,,,,,,,,,680.99,200,681.19,120,681.2,80,681.22,120,681.23,240,681.5,360,681.7,120,681.9,240,682.14,80,682.15,240
2026-02-05 09:30:36,680.25,679.52,1,679.51,200,680.99,200,680.99,679.51,679.51,200,678.0,120,,,,,,,,,,,,,,,,,680.99,200,681.19,120,681.2,80,681.22,120,681.23,240,681.5,360,681.7,120,681.9,240,682.14,80,682.15,240
2026-02-05 09:30:37,680.25,679.51,4,679.51,200,680.99,200,680.99,679.51,679.51,200,678.0,120,,,,,,,,,,,,,,,,,680.99,200,681.19,120,681.2,80,681.22,120,681.23,240,681.5,360,681.7,120,681.9,240,682.14,80,682.15,240
2026-02-05 09:30:38,680.25,679.51,4,679.51,160,680.99,280,680.99,679.51,679.51,160,678.0,120,,,,,,,,,,,,,,,,,680.99,280,681.19,120,681.2,80,681.22,120,681.23,240,681.5,360,681.7,120,681.9,240,682.14,80,682.15,240
2026-02-05 09:30:39,680.25,679.51,4,679.51,160,680.99,280,680.99,679.51,679.51,160,678.0,120,,,,,,,,,,,,,,,,,680.99,280,681.19,120,681.2,80,681.22,120,681.23,240,681.5,360,681.7,120,681.9,240,682.14,80,682.15,240
2026-02-05 09:30:40,682.65,680.25,1,681.2,40,684.1,240,684.1,681.2,681.2,40,681.19,40,681.04,80,680.99,40,679.53,40,679.52,80,679.51,160,678.0,120,,,,,684.1,240,684.3,40,684.5,80,,,,,,,,,,,,,,
2026-02-05 09:30:41,682.545,680.25,1,681.2,80,683.89,200,683.89,681.2,681.2,80,681.19,40,681.04,80,680.99,40,679.53,40,679.52,80,679.51,160,678.0,120,,,,,683.89,200,684.1,240,684.3,40,684.5,80,,,,,,,,,,,,
2026-02-05 09:30:41,682.545,680.25,1,681.2,80,683.89,200,683.89,681.2,681.2,80,681.19,40,681.04,80,680.99,40,679.53,40,679.52,80,679.51,160,678.0,120,,,,,683.89,200,684.1,240,684.3,40,684.5,80,,,,,,,,,,,,
2026-02-05 09:30:43,682.545,681.21,1,681.2,80,683.89,200,683.89,681.2,681.2,80,681.19,40,681.04,80,680.99,40,679.53,40,679.52,80,679.51,160,678.0,120,,,,,683.89,200,684.1,240,684.3,40,684.5,80,,,,,,,,,,,,
2026-02-05 09:30:44,682.545,681.21,1,681.2,360,683.89,200,683.89,681.2,681.2,360,681.19,40,681.04,80,680.99,40,679.53,40,679.52,80,679.51,160,678.0,120,,,,,683.89,200,684.1,240,684.3,40,684.5,80,,,,,,,,,,,,
2026-02-05 09:30:45,682.545,681.21,1,681.2,360,683.89,160,683.89,681.2,681.2,360,681.19,40,681.04,80,680.99,40,679.53,40,679.52,80,679.51,160,678.0,120,,,,,683.89,160,684.1,240,684.3,40,684.5,80,,,,,,,,,,,,
2026-02-05 09:30:46,682.55,681.21,1,681.21,120,683.89,280,683.89,681.21,681.21,120,681.2,360,681.19,40,681.04,80,680.99,40,679.53,40,679.52,80,679.51,160,678.0,120,,,683.89,280,684.1,240,684.3,40,684.5,80,,,,,,,,,,,,
2026-02-05 09:30:47,682.55,681.21,1,681.21,120,683.89,280,683.89,681.21,681.21,120,681.2,360,681.19,40,681.04,80,680.99,40,679.53,40,679.52,80,679.51,160,678.0,120,,,683.89,280,684.1,240,684.3,40,684.5,80,,,,,,,,,,,,
2026-02-05 09:30:48,682.55,681.21,1,681.21,80,683.89,320,683.89,681.21,681.21,80,681.2,360,681.19,40,681.04,80,680.99,40,679.53,40,679.52,80,679.51,160,678.0,120,,,683.89,320,684.1,240,684.3,40,684.5,80,,,,,,,,,,,,
2026-02-05 09:30:48,682.55,681.21,1,681.21,80,683.89,320,683.89,681.21,681.21,80,681.2,360,681.19,40,681.04,80,680.99,40,679.53,40,679.52,80,679.51,160,678.0,120,,,683.89,320,684.1,240,684.3,40,684.5,80,,,,,,,,,,,,
2026-02-05 09:30:50,682.395,681.2,1,680.9,120,683.89,320,683.89,680.9,680.9,120,679.53,40,679.52,80,679.51,160,678.0,120,,,,,,,,,,,683.89,320,684.1,240,684.3,40,684.5,80,,,,,,,,,,,,
2026-02-05 09:30:51,681.135,680.9,1,680.0,40,682.27,160,682.27,680.0,680.0,40,678.0,160,,,,,,,,,,,,,,,,,682.27,160,682.41,200,683.89,320,684.1,240,684.3,40,684.5,80,,,,,,,,
2026-02-05 09:30:52,681.135,680.9,1,680.0,40,682.27,160,682.27,680.0,680.0,40,678.0,160,,,,,,,,,,,,,,,,,682.27,160,682.41,200,683.89,320,684.1,240,684.3,40,684.5,80,,,,,,,,
2026-02-05 09:30:53,681.135,681.14,1,680.0,40,682.27,160,682.27,680.0,680.0,40,678.0,160,,,,,,,,,,,,,,,,,682.27,160,682.41,200,683.89,320,684.1,240,684.3,40,684.5,80,,,,,,,,
2026-02-05 09:30:54,681.135,681.14,1,680.0,40,682.27,160,682.27,680.0,680.0,40,678.0,160,,,,,,,,,,,,,,,,,682.27,160,682.41,200,683.89,320,684.1,240,684.3,40,684.5,80,,,,,,,,
2026-02-05 09:30:55,681.135,681.14,1,680.0,40,682.27,160,682.27,680.0,680.0,40,678.0,160,,,,,,,,,,,,,,,,,682.27,160,682.41,200,683.89,320,684.1,240,684.3,40,684.5,80,,,,,,,,
2026-02-05 09:30:56,681.135,681.14,1,680.0,80,682.27,80,682.27,680.0,680.0,80,678.0,160,,,,,,,,,,,,,,,,,682.27,80,682.41,200,683.89,320,684.1,240,684.3,40,684.5,80,,,,,,,,
2026-02-05 09:30:57,681.205,681.14,1,680.0,80,682.41,80,682.41,680.0,680.0,80,678.0,160,,,,,,,,,,,,,,,,,682.41,80,683.89,320,684.1,240,684.3,40,684.5,80,,,,,,,,,,
2026-02-05 09:30:58,681.205,681.21,1,680.0,80,682.41,160,682.41,680.0,680.0,80,678.0,160,,,,,,,,,,,,,,,,,682.41,160,683.89,320,684.1,240,684.3,40,684.5,80,,,,,,,,,,
2026-02-05 09:30:59,681.205,681.21,1,680.0,120,682.41,160,682.41,680.0,680.0,120,678.0,160,,,,,,,,,,,,,,,,,682.41,160,683.89,320,684.1,240,684.3,40,684.5,80,,,,,,,,,,
2026-02-05 09:31:00,681.205,681.21,1,680.0,160,682.41,160,682.41,680.0,680.0,160,678.0,160,,,,,,,,,,,,,,,,,682.41,160,683.89,320,684.1,240,684.3,40,684.5,80,,,,,,,,,,
2026-02-05 09:31:01,681.205,681.21,1,680.0,160,682.41,160,682.41,680.0,680.0,160,678.0,160,,,,,,,,,,,,,,,,,682.41,160,683.89,320,684.1,240,684.3,40,684.5,80,,,,,,,,,,
2026-02-05 09:31:02,681.205,681.21,1,680.0,160,682.41,160,682.41,680.0,680.0,160,678.0,160,,,,,,,,,,,,,,,,,682.41,160,683.89,320,684.1,240,684.3,40,684.5,80,,,,,,,,,,
2026-02-05 09:31:03,681.205,681.21,1,680.0,160,682.41,120,682.41,680.0,680.0,160,678.0,160,,,,,,,,,,,,,,,,,682.41,120,683.89,320,684.1,240,684.3,40,684.5,80,,,,,,,,,,
2026-02-05 09:31:04,681.21,681.21,1,680.01,40,682.41,120,682.41,680.01,680.01,40,680.0,160,678.0,160,,,,,,,,,,,,,,,682.41,120,683.89,320,684.1,240,684.3,40,684.5,80,,,,,,,,,,
2026-02-05 09:31:05,681.205,681.21,1,680.0,160,682.41,160,682.41,680.0,680.0,160,678.0,160,,,,,,,,,,,,,,,,,682.41,160,683.89,320,684.1,240,684.3,40,684.5,80,,,,,,,,,,
2026-02-05 09:31:06,681.205,681.21,1,680.0,120,682.41,160,682.41,680.0,680.0,120,678.0,160,,,,,,,,,,,,,,,,,682.41,160,683.89,320,684.1,240,684.3,40,684.5,80,,,,,,,,,,
2026-02-05 09:31:07,681.21,681.21,1,680.01,80,682.41,160,682.41,680.01,680.01,80,680.0,120,678.0,160,,,,,,,,,,,,,,,682.41,160,683.89,320,684.1,240,684.3,40,684.5,80,,,,,,,,,,
2026-02-05 09:31:08,681.225,681.21,1,680.04,40,682.41,120,682.41,680.04,680.04,40,680.03,40,680.02,40,680.01,80,680.0,120,678.0,160,,,,,,,,,682.41,120,683.89,320,684.1,240,684.3,40,684.5,80,,,,,,,,,,
2026-02-05 09:31:09,681.22,681.21,1,680.03,40,682.41,120,682.41,680.03,680.03,40,680.02,40,680.01,40,680.0,120,678.0,160,,,,,,,,,,,682.41,120,683.89,320,684.1,240,684.3,40,684.5,80,,,,,,,,,,
2026-02-05 09:31:10,681.225,681.22,1,680.04,40,682.41,120,682.41,680.04,680.04,40,680.03,40,680.0,120,678.0,160,,,,,,,,,,,,,682.41,120,683.89,320,684.1,240,684.3,40,684.5,80,,,,,,,,,,
2026-02-05 09:31:11,681.25,681.22,1,680.09,80,682.41,200,682.41,680.09,680.09,80,680.08,40,680.07,40,680.06,40,680.05,120,680.04,40,680.03,40,680.0,120,678.0,160,,,682.41,200,683.89,320,684.1,240,684.3,40,684.5,80,,,,,,,,,,
2026-02-05 09:31:12,681.23,681.22,1,680.05,120,682.41,160,682.41,680.05,680.05,120,680.04,40,680.03,40,680.0,120,678.0,160,,,,,,,,,,,682.41,160,683.89,320,684.1,240,684.3,40,684.5,80,,,,,,,,,,
2026-02-05 09:31:13,681.085,681.22,1,680.06,80,682.11,40,682.11,680.06,680.06,80,680.05,120,680.04,40,680.03,40,680.0,120,678.0,160,,,,,,,,,682.11,40,682.41,160,683.89,320,684.1,240,684.3,40,684.5,80,,,,,,,,
2026-02-05 09:31:14,681.085,681.22,1,680.06,80,682.11,40,682.11,680.06,680.06,80,680.05,120,680.04,40,680.03,40,680.0,120,678.0,160,,,,,,,,,682.11,40,682.41,160,683.89,320,684.1,240,684.3,40,684.5,80,,,,,,,,
2026-02-05 09:31:15,681.085,681.22,1,680.06,80,682.11,40,682.11,680.06,680.06,80,680.05,120,680.04,40,680.03,40,680.0,120,678.0,160,,,,,,,,,682.11,40,682.41,160,683.89,320,684.1,240,684.3,40,684.5,80,,,,,,,,
2026-02-05 09:31:16,681.085,681.22,1,680.06,80,682.11,40,682.11,680.06,680.06,80,680.05,120,680.04,40,680.03,40,680.0,120,678.0,160,,,,,,,,,682.11,40,682.41,160,683.89,320,684.1,240,684.3,40,684.5,80,,,,,,,,
2026-02-05 09:31:17,681.085,681.22,1,680.06,120,682.11,160,682.11,680.06,680.06,120,680.05,120,680.04,40,680.03,40,680.0,120,678.0,160,,,,,,,,,682.11,160,682.41,160,683.89,320,684.1,240,684.3,40,684.5,80,,,,,,,,
2026-02-05 09:31:18,681.085,681.22,1,680.06,80,682.11,160,682.11,680.06,680.06,80,680.05,120,680.04,40,680.03,40,680.0,120,678.0,160,,,,,,,,,682.11,160,682.41,160,683.89,320,684.1,240,684.3,40,684.5,80,,,,,,,,
2026-02-05 09:31:19,681.085,681.22,1,680.06,80,682.11,160,682.11,680.06,680.06,80,680.05,120,680.04,40,680.03,40,680.0,120,678.0,160,,,,,,,,,682.11,160,682.41,160,683.89,320,684.1,240,684.3,40,684.5,80,,,,,,,,
2026-02-05 09:31:20,681.085,681.22,1,680.06,80,682.11,160,682.11,680.06,680.06,80,680.05,120,680.04,40,680.03,40,680.0,120,678.0,160,,,,,,,,,682.11,160,682.41,160,683.89,320,684.1,240,684.3,40,684.5,80,,,,,,,,
2026-02-05 09:31:21,681.085,681.22,1,680.06,80,682.11,160,682.11,680.06,680.06,80,680.05,120,680.04,40,680.03,40,680.0,120,678.0,160,,,,,,,,,682.11,160,682.41,160,683.89,320,684.1,240,684.3,40,684.5,80,,,,,,,,
2026-02-05 09:31:22,681.085,681.22,1,680.06,80,682.11,160,682.11,680.06,680.06,80,680.05,120,680.04,40,680.03,40,680.0,120,678.0,160,,,,,,,,,682.11,160,682.41,160,683.89,320,684.1,240,684.3,40,684.5,80,,,,,,,,
2026-02-05 09:31:23,681.085,681.22,1,680.06,80,682.11,160,682.11,680.06,680.06,80,680.05,120,680.04,40,680.03,40,680.0,120,678.0,160,,,,,,,,,682.11,160,682.41,160,683.89,320,684.1,240,684.3,40,684.5,80,,,,,,,,
2026-02-05 09:31:24,680.73,681.22,1,680.06,120,681.4,160,681.4,680.06,680.06,120,680.05,120,680.04,40,680.03,40,680.0,120,678.0,160,,,,,,,,,681.4,160,682.11,200,682.41,160,683.89,320,684.1,240,684.3,40,684.5,80,,,,,,
2026-02-05 09:31:25,680.73,680.06,7,680.06,120,681.4,200,681.4,680.06,680.06,120,680.05,120,680.04,40,680.03,40,680.0,120,678.0,160,,,,,,,,,681.4,200,682.11,200,682.41,160,683.89,320,684.1,240,684.3,40,684.5,80,,,,,,
2026-02-05 09:31:26,680.73,680.06,7,680.06,120,681.4,200,681.4,680.06,680.06,120,680.05,120,680.04,40,680.03,40,680.0,120,678.0,160,,,,,,,,,681.4,200,682.11,200,682.41,160,683.89,320,684.1,240,684.3,40,684.5,80,,,,,,
2026-02-05 09:31:27,680.73,680.06,7,680.06,120,681.4,200,681.4,680.06,680.06,120,680.05,120,680.04,40,680.03,40,680.0,120,678.0,160,,,,,,,,,681.4,200,682.11,200,682.41,160,683.89,320,684.1,240,684.3,40,684.5,80,,,,,,
2026-02-05 09:31:28,680.73,680.73,3,680.06,120,681.4,240,681.4,680.06,680.06,120,680.05,120,680.04,40,680.03,40,680.0,120,678.0,160,,,,,,,,,681.4,240,682.11,200,682.41,160,683.89,320,684.1,240,684.3,40,684.5,80,,,,,,
2026-02-05 09:31:29,680.73,680.73,3,680.06,120,681.4,120,681.4,680.06,680.06,120,680.05,120,680.04,40,680.03,40,680.0,120,678.0,160,,,,,,,,,681.4,120,682.11,200,682.41,160,683.89,320,684.1,240,684.3,40,684.5,80,,,,,,
2026-02-05 09:31:30,680.73,680.73,3,680.06,120,681.4,120,681.4,680.06,680.06,120,680.05,120,680.04,40,680.03,40,680.0,120,678.0,160,,,,,,,,,681.4,120,682.11,200,682.41,160,683.89,320,684.1,240,684.3,40,684.5,80,,,,,,
2026-02-05 09:31:31,680.73,680.73,3,680.06,160,681.4,120,681.4,680.06,680.06,160,680.05,120,680.04,40,680.03,40,680.0,120,678.0,160,,,,,,,,,681.4,120,682.11,200,682.41,160,683.89,320,684.1,240,684.3,40,684.5,80,,,,,,
2026-02-05 09:31:32,680.73,680.73,3,680.06,160,681.4,120,681.4,680.06,680.06,160,680.05,120,680.04,40,680.03,40,680.0,120,678.0,160,,,,,,,,,681.4,120,682.11,200,682.41,160,683.89,320,684.1,240,684.3,40,684.5,80,,,,,,
2026-02-05 09:31:33,680.73,680.73,3,680.06,120,681.4,120,681.4,680.06,680.06,120,680.05,120,680.04,40,680.03,40,680.0,120,678.0,160,,,,,,,,,681.4,120,682.11,200,682.41,160,683.89,320,684.1,240,684.3,40,684.5,80,,,,,,
2026-02-05 09:31:34,681.905,680.73,3,681.4,40,682.41,200,682.41,681.4,681.4,40,680.53,40,680.4,80,680.07,80,680.06,120,680.05,120,680.04,40,680.03,40,680.0,120,678.0,160,682.41,200,683.89,320,684.1,240,684.3,40,684.5,80,,,,,,,,,,
2026-02-05 09:31:35,681.08,681.4,1,680.06,240,682.1,40,682.1,680.06,680.06,240,680.05,120,680.04,40,680.03,40,680.0,120,678.0,160,,,,,,,,,682.1,40,682.41,200,683.89,320,684.1,240,684.3,40,684.5,80,,,,,,,,
2026-02-05 09:31:36,681.08,682.0,1,680.06,240,682.1,40,682.1,680.06,680.06,240,680.05,120,680.04,40,680.03,40,680.0,120,678.0,160,,,,,,,,,682.1,40,682.41,200,683.89,320,684.1,240,684.3,40,684.5,80,,,,,,,,
2026-02-05 09:31:37,681.08,682.0,1,680.06,240,682.1,40,682.1,680.06,680.06,240,680.05,120,680.04,40,680.03,40,680.0,120,678.0,160,,,,,,,,,682.1,40,682.41,200,683.89,320,684.1,240,684.3,40,684.5,80,,,,,,,,
2026-02-05 09:31:38,681.08,680.86,3,680.06,240,682.1,40,682.1,680.06,680.06,240,680.05,120,680.04,40,680.03,40,680.0,120,678.0,160,,,,,,,,,682.1,40,682.41,200,683.89,320,684.1,240,684.3,40,684.5,80,,,,,,,,
2026-02-05 09:31:39,681.08,680.86,3,680.06,240,682.1,40,682.1,680.06,680.06,240,680.05,120,680.04,40,680.03,40,680.0,120,678.0,160,,,,,,,,,682.1,40,682.41,200,683.89,320,684.1,240,684.3,40,684.5,80,,,,,,,,
2026-02-05 09:31:40,679.705,680.86,3,678.8,80,680.61,120,680.61,678.8,678.8,80,678.0,160,,,,,,,,,,,,,,,,,680.61,120,681.19,120,681.99,120,682.1,80,682.41,200,683.89,320,684.1,240,684.3,40,684.5,80,,
2026-02-05 09:31:41,679.375,678.81,1,678.15,80,680.6,120,680.6,678.15,678.15,80,678.0,160,,,,,,,,,,,,,,,,,680.6,120,680.61,120,681.19,120,681.99,120,682.1,80,682.41,200,683.89,320,684.1,240,684.3,40,684.5,80
2026-02-05 09:31:42,679.375,678.81,1,678.15,80,680.6,120,680.6,678.15,678.15,80,678.0,160,,,,,,,,,,,,,,,,,680.6,120,680.61,120,681.19,120,681.99,120,682.1,80,682.41,200,683.89,320,684.1,240,684.3,40,684.5,80
2026-02-05 09:31:43,679.375,678.81,1,678.15,80,680.6,120,680.6,678.15,678.15,80,678.0,160,,,,,,,,,,,,,,,,,680.6,120,680.61,120,681.19,120,681.99,120,682.1,80,682.41,200,683.89,320,684.1,240,684.3,40,684.5,80
2026-02-05 09:31:44,679.375,678.81,1,678.15,80,680.6,120,680.6,678.15,678.15,80,678.0,160,,,,,,,,,,,,,,,,,680.6,120,680.61,120,681.19,120,681.99,120,682.1,80,682.41,200,683.89,320,684.1,240,684.3,40,684.5,80
2026-02-05 09:31:45,679.375,678.81,1,678.15,80,680.6,120,680.6,678.15,678.15,80,678.0,160,,,,,,,,,,,,,,,,,680.6,120,680.61,120,681.19,120,681.99,120,682.1,80,682.41,200,683.89,320,684.1,240,684.3,40,684.5,80
2026-02-05 09:31:46,679.375,678.81,1,678.15,80,680.6,120,680.6,678.15,678.15,80,678.0,160,,,,,,,,,,,,,,,,,680.6,120,680.61,120,681.19,120,681.99,120,682.1,80,682.41,200,683.89,320,684.1,240,684.3,40,684.5,80
2026-02-05 09:31:47,679.375,678.81,1,678.15,80,680.6,120,680.6,678.15,678.15,80,678.0,160,,,,,,,,,,,,,,,,,680.6,120,680.61,120,681.19,120,681.99,120,682.1,80,682.41,200,683.89,320,684.1,240,684.3,40,684.5,80
2026-02-05 09:31:48,679.375,678.81,1,678.15,80,680.6,120,680.6,678.15,678.15,80,678.0,160,,,,,,,,,,,,,,,,,680.6,120,680.61,120,681.19,120,681.99,120,682.1,80,682.41,200,683.89,320,684.1,240,684.3,40,684.5,80
2026-02-05 09:31:49,679.375,678.81,1,678.15,80,680.6,120,680.6,678.15,678.15,80,678.0,160,,,,,,,,,,,,,,,,,680.6,120,680.61,120,681.19,120,681.99,120,682.1,80,682.41,200,683.89,320,684.1,240,684.3,40,684.5,80
2026-02-05 09:31:50,679.375,678.81,1,678.15,80,680.6,120,680.6,678.15,678.15,80,678.0,160,,,,,,,,,,,,,,,,,680.6,120,680.61,120,681.19,120,681.99,120,682.1,80,682.41,200,683.89,320,684.1,240,684.3,40,684.5,80
2026-02-05 09:31:51,679.375,678.81,1,678.15,80,680.6,120,680.6,678.15,678.15,80,678.0,160,,,,,,,,,,,,,,,,,680.6,120,680.61,120,681.19,120,681.99,120,682.1,80,682.41,200,683.89,320,684.1,240,684.3,40,684.5,80
2026-02-05 09:31:52,679.375,678.81,1,678.15,80,680.6,120,680.6,678.15,678.15,80,678.0,160,,,,,,,,,,,,,,,,,680.6,120,680.61,120,681.19,120,681.99,120,682.1,80,682.41,200,683.89,320,684.1,240,684.3,40,684.5,80
2026-02-05 09:31:53,679.375,678.81,1,678.15,80,680.6,120,680.6,678.15,678.15,80,678.0,160,,,,,,,,,,,,,,,,,680.6,120,680.61,120,681.19,120,681.99,120,682.1,80,682.41,200,683.89,320,684.1,240,684.3,40,684.5,80
2026-02-05 09:31:54,679.375,678.81,1,678.15,80,680.6,120,680.6,678.15,678.15,80,678.0,160,,,,,,,,,,,,,,,,,680.6,120,680.61,120,681.19,120,681.99,120,682.1,80,682.41,200,683.89,320,684.1,240,684.3,40,684.5,80
2026-02-05 09:31:55,679.375,678.81,1,678.15,80,680.6,120,680.6,678.15,678.15,80,678.0,160,,,,,,,,,,,,,,,,,680.6,120,680.61,120,681.19,120,681.99,120,682.1,80,682.41,200,683.89,320,684.1,240,684.3,40,684.5,80
2026-02-05 09:31:56,679.375,678.81,1,678.15,80,680.6,120,680.6,678.15,678.15,80,678.0,160,,,,,,,,,,,,,,,,,680.6,120,680.61,120,681.19,120,681.99,120,682.1,80,682.41,200,683.89,320,684.1,240,684.3,40,684.5,80
2026-02-05 09:31:57,679.375,678.81,1,678.15,80,680.6,120,680.6,678.15,678.15,80,678.0,160,,,,,,,,,,,,,,,,,680.6,120,680.61,120,681.19,120,681.99,120,682.1,80,682.41,200,683.89,320,684.1,240,684.3,40,684.5,80
2026-02-05 09:31:58,679.375,678.81,1,678.15,80,680.6,120,680.6,678.15,678.15,80,678.0,160,,,,,,,,,,,,,,,,,680.6,120,680.61,120,681.19,120,681.99,120,682.1,80,682.41,200,683.89,320,684.1,240,684.3,40,684.5,80
2026-02-05 09:31:59,679.375,678.81,1,678.15,80,680.6,120,680.6,678.15,678.15,80,678.0,160,,,,,,,,,,,,,,,,,680.6,120,680.61,120,681.19,120,681.99,120,682.1,80,682.41,200,683.89,320,684.1,240,684.3,40,684.5,80
2026-02-05 09:32:00,679.375,678.81,1,678.15,80,680.6,120,680.6,678.15,678.15,80,678.0,160,,,,,,,,,,,,,,,,,680.6,120,680.61,120,681.19,120,681.99,120,682.1,80,682.41,200,683.89,320,684.1,240,684.3,40,684.5,80
2026-02-05 09:32:01,679.375,678.81,1,678.15,80,680.6,240,680.6,678.15,678.15,80,678.0,160,,,,,,,,,,,,,,,,,680.6,240,680.61,120,681.19,120,681.99,120,682.1,80,682.41,200,683.89,320,684.1,240,684.3,40,684.5,80
2026-02-05 09:32:02,679.375,678.81,1,678.15,80,680.6,240,680.6,678.15,678.15,80,678.0,160,,,,,,,,,,,,,,,,,680.6,240,680.61,120,681.19,120,681.99,120,682.1,80,682.41,200,683.89,320,684.1,240,684.3,40,684.5,80
2026-02-05 09:32:03,679.375,678.81,1,678.15,80,680.6,240,680.6,678.15,678.15,80,678.0,160,,,,,,,,,,,,,,,,,680.6,240,680.61,120,681.19,120,681.99,120,682.1,80,682.41,200,683.89,320,684.1,240,684.3,40,684.5,80
2026-02-05 09:32:04,678.915,678.81,1,678.15,160,679.68,80,679.68,678.15,678.15,120,678.0,160,,,,,,,,,,,,,,,,,679.68,80,680.59,120,680.6,240,680.61,120,681.19,120,681.99,120,682.1,80,682.41,200,683.89,320,684.1,240
2026-02-05 09:32:05,678.145,678.81,1,677.0,40,679.29,280,679.29,677.0,677.0,40,,,,,,,,,,,,,,,,,,,679.29,280,679.37,80,679.58,120,679.67,80,679.68,160,680.59,120,680.6,240,680.61,120,681.19,120,681.99,120
2026-02-05 09:32:06,678.145,678.81,1,677.0,40,679.29,280,679.29,677.0,677.0,40,,,,,,,,,,,,,,,,,,,679.29,280,679.37,80,679.58,120,679.67,80,679.68,160,680.59,120,680.6,240,680.61,120,681.19,120,681.99,120
2026-02-05 09:32:07,678.145,678.81,1,677.0,40,679.29,280,679.29,677.0,677.0,40,,,,,,,,,,,,,,,,,,,679.29,280,679.37,80,679.58,120,679.67,80,679.68,160,680.59,120,680.6,240,680.61,120,681.19,120,681.99,120
2026-02-05 09:32:08,678.145,678.81,1,677.0,40,679.29,240,679.29,677.0,677.0,40,,,,,,,,,,,,,,,,,,,679.29,240,679.37,80,679.58,120,679.67,80,679.68,160,680.59,120,680.6,240,680.61,120,681.19,120,681.99,120
2026-02-05 09:32:09,678.145,678.15,1,677.01,40,679.28,120,679.28,677.01,677.01,40,676.66,40,,,,,,,,,,,,,,,,,679.28,120,679.29,280,679.37,80,679.58,120,679.67,80,679.68,160,680.59,120,680.6,240,680.61,120,681.19,120
2026-02-05 09:32:10,677.97,678.15,1,676.66,40,679.28,120,679.28,676.66,676.66,40,,,,,,,,,,,,,,,,,,,679.28,120,679.29,280,679.37,80,679.58,120,679.67,80,679.68,160,680.59,120,680.6,240,680.61,120,681.19,120
2026-02-05 09:32:11,677.965,678.15,1,676.66,40,679.27,120,679.27,676.66,676.66,40,,,,,,,,,,,,,,,,,,,679.27,120,679.28,120,679.29,280,679.37,80,679.58,120,679.67,80,679.68,160,680.59,120,680.6,240,680.61,120
2026-02-05 09:32:12,677.33,678.15,1,676.66,40,678.0,200,678.0,676.66,676.66,40,,,,,,,,,,,,,,,,,,,678.0,200,679.27,120,679.28,120,679.29,280,679.37,80,679.58,120,679.67,80,679.68,160,680.59,120,680.6,240
2026-02-05 09:32:13,677.33,678.15,1,676.66,40,678.0,200,678.0,676.66,676.66,40,,,,,,,,,,,,,,,,,,,678.0,200,679.27,120,679.28,120,679.29,280,679.37,80,679.58,120,679.67,80,679.68,160,680.59,120,680.6,240
2026-02-05 09:32:14,676.815,676.5,1,676.0,160,677.63,80,677.63,676.0,676.0,160,,,,,,,,,,,,,,,,,,,677.63,80,678.0,80,679.27,120,679.28,120,679.29,280,679.37,80,679.58,120,679.67,80,679.68,160,680.59,120
2026-02-05 09:32:15,676.5,675.6,1,675.0,520,678.0,240,678.0,675.0,675.0,520,,,,,,,,,,,,,,,,,,,678.0,240,679.27,120,679.28,120,679.29,280,679.37,80,679.58,120,679.67,80,679.68,160,680.59,120,680.6,240
2026-02-05 09:32:16,676.51,675.6,1,675.02,40,678.0,240,678.0,675.02,675.02,40,675.0,520,,,,,,,,,,,,,,,,,678.0,240,679.27,120,679.28,120,679.29,280,679.37,80,679.58,120,679.67,80,679.68,160,680.59,120,680.6,240
2026-02-05 09:32:17,676.51,675.6,1,675.02,40,678.0,240,678.0,675.02,675.02,40,675.0,520,,,,,,,,,,,,,,,,,678.0,240,679.27,120,679.28,120,679.29,280,679.37,80,679.58,120,679.67,80,679.68,160,680.59,120,680.6,240
2026-02-05 09:32:18,676.51,675.6,1,675.02,40,678.0,240,678.0,675.02,675.02,40,675.0,520,,,,,,,,,,,,,,,,,678.0,240,679.27,120,679.28,120,679.29,280,679.37,80,679.58,120,679.67,80,679.68,160,680.59,120,680.6,240
2026-02-05 09:32:19,676.51,675.6,1,675.02,40,678.0,240,678.0,675.02,675.02,40,675.0,520,,,,,,,,,,,,,,,,,678.0,240,679.27,120,679.28,120,679.29,280,679.37,80,679.58,120,679.67,80,679.68,160,680.59,120,680.6,240
2026-02-05 09:32:20,676.21,676.21,1,675.02,80,677.4,40,677.4,675.02,675.02,80,675.0,520,,,,,,,,,,,,,,,,,677.4,40,678.0,200,679.27,120,679.28,120,679.29,280,679.37,80,679.58,120,679.67,80,679.68,160,680.59,120
2026-02-05 09:32:21,676.21,676.21,1,675.02,80,677.4,40,677.4,675.02,675.02,80,675.0,520,,,,,,,,,,,,,,,,,677.4,40,678.0,200,679.27,120,679.28,120,679.29,280,679.37,80,679.58,120,679.67,80,679.68,160,680.59,120
2026-02-05 09:32:22,676.21,676.21,1,675.02,80,677.4,40,677.4,675.02,675.02,80,675.0,520,,,,,,,,,,,,,,,,,677.4,40,678.0,200,679.27,120,679.28,120,679.29,280,679.37,80,679.58,120,679.67,80,679.68,160,680.59,120
2026-02-05 09:32:23,676.21,676.21,1,675.02,80,677.4,40,677.4,675.02,675.02,80,675.0,520,,,,,,,,,,,,,,,,,677.4,40,678.0,200,679.27,120,679.28,120,679.29,280,679.37,80,679.58,120,679.67,80,679.68,160,680.59,120
2026-02-05 09:32:24,675.765,676.21,1,675.02,80,676.51,40,676.51,675.02,675.02,80,675.0,520,,,,,,,,,,,,,,,,,676.51,40,677.4,80,678.0,200,679.27,120,679.28,120,679.29,280,679.37,80,679.58,120,679.67,80,679.68,160
2026-02-05 09:32:25,675.765,675.77,1,675.02,80,676.51,80,676.51,675.02,675.02,80,675.0,520,,,,,,,,,,,,,,,,,676.51,80,677.4,80,678.0,200,679.27,120,679.28,120,679.29,280,679.37,80,679.58,120,679.67,80,679.68,160
2026-02-05 09:32:26,675.765,675.77,1,675.02,80,676.51,200,676.51,675.02,675.02,80,675.0,520,,,,,,,,,,,,,,,,,676.51,200,677.4,80,678.0,200,679.27,120,679.28,120,679.29,280,679.37,80,679.58,120,679.67,80,679.68,160
2026-02-05 09:32:27,675.765,675.77,1,675.02,80,676.51,200,676.51,675.02,675.02,80,675.0,520,,,,,,,,,,,,,,,,,676.51,200,677.4,80,678.0,200,679.27,120,679.28,120,679.29,280,679.37,80,679.58,120,679.67,80,679.68,160
2026-02-05 09:32:28,675.765,675.77,1,675.02,80,676.51,200,676.51,675.02,675.02,80,675.0,520,,,,,,,,,,,,,,,,,676.51,200,677.4,80,678.0,200,679.27,120,679.28,120,679.29,280,679.37,80,679.58,120,679.67,80,679.68,160
2026-02-05 09:32:29,675.765,675.77,1,675.02,80,676.51,200,676.51,675.02,675.02,80,675.0,520,,,,,,,,,,,,,,,,,676.51,200,677.4,80,678.0,200,679.27,120,679.28,120,679.29,280,679.37,80,679.58,120,679.67,80,679.68,160
2026-02-05 09:32:30,675.765,675.77,2,675.02,80,676.51,200,676.51,675.02,675.02,80,675.0,520,,,,,,,,,,,,,,,,,676.51,200,677.4,80,678.0,200,679.27,120,679.28,120,679.29,280,679.37,80,679.58,120,679.67,80,679.68,160
2026-02-05 09:32:31,675.76,675.9,1,675.02,120,676.5,80,676.5,675.02,675.02,120,675.0,520,,,,,,,,,,,,,,,,,676.5,80,676.66,80,677.4,40,678.0,200,679.27,120,679.28,120,679.29,280,679.37,80,679.58,120,679.67,80
2026-02-05 09:32:32,675.75,675.9,1,675.02,120,676.48,40,676.48,675.02,675.02,120,675.0,520,,,,,,,,,,,,,,,,,676.48,40,676.5,120,676.66,80,677.4,40,678.0,200,679.27,120,679.28,120,679.29,280,679.37,80,679.58,120
2026-02-05 09:32:33,675.02,675.0,4,674.44,40,675.6,200,675.6,674.44,674.44,40,,,,,,,,,,,,,,,,,,,675.6,200,675.97,40,676.2,40,676.21,120,676.47,40,676.48,80,676.5,120,676.66,80,677.4,40,678.0,200
2026-02-05 09:32:34,674.8,675.0,4,674.0,160,675.6,200,675.6,674.0,674.0,160,,,,,,,,,,,,,,,,,,,675.6,200,675.97,40,676.2,40,676.21,120,676.47,40,676.48,80,676.5,120,676.66,80,677.4,40,678.0,200
2026-02-05 09:32:35,674.795,675.59,32,674.0,160,675.59,80,675.59,674.0,674.0,160,,,,,,,,,,,,,,,,,,,675.59,80,675.6,200,675.97,40,676.2,40,676.21,120,676.47,40,676.48,80,676.5,120,676.66,80,677.4,40
2026-02-05 09:32:36,675.46,675.59,1,674.44,40,676.48,40,676.48,674.44,674.44,40,674.0,160,,,,,,,,,,,,,,,,,676.48,40,676.5,120,676.66,80,677.4,40,678.0,200,679.27,120,679.28,120,679.29,280,679.37,80,679.58,120
2026-02-05 09:32:37,675.46,675.59,1,674.44,40,676.48,40,676.48,674.44,674.44,40,674.0,160,,,,,,,,,,,,,,,,,676.48,40,676.5,120,676.66,80,677.4,40,678.0,200,679.27,120,679.28,120,679.29,280,679.37,80,679.58,120
2026-02-05 09:32:38,675.46,675.59,1,674.44,120,676.48,40,676.48,674.44,674.44,120,674.0,160,,,,,,,,,,,,,,,,,676.48,40,676.5,120,676.66,80,677.4,40,678.0,200,679.27,120,679.28,120,679.29,280,679.37,80,679.58,120
2026-02-05 09:32:39,675.46,675.47,1,674.44,120,676.48,40,676.48,674.44,674.44,120,674.0,160,,,,,,,,,,,,,,,,,676.48,40,676.5,120,676.66,80,677.4,40,678.0,200,679.27,120,679.28,120,679.29,280,679.37,80,679.58,120
2026-02-05 09:32:40,675.46,675.47,1,674.44,120,676.48,40,676.48,674.44,674.44,120,674.0,160,,,,,,,,,,,,,,,,,676.48,40,676.5,120,676.66,80,677.4,40,678.0,200,679.27,120,679.28,120,679.29,280,679.37,80,679.58,120
2026-02-05 09:32:41,675.46,675.47,1,674.44,120,676.48,40,676.48,674.44,674.44,120,674.0,160,,,,,,,,,,,,,,,,,676.48,40,676.5,120,676.66,80,677.4,40,678.0,200,679.27,120,679.28,120,679.29,280,679.37,80,679.58,120
2026-02-05 09:32:42,675.455,675.46,1,674.44,120,676.47,80,676.47,674.44,674.44,120,674.0,160,,,,,,,,,,,,,,,,,676.47,80,676.48,40,676.5,120,676.66,80,677.4,40,678.0,200,679.27,120,679.28,120,679.29,280,679.37,80
2026-02-05 09:32:43,675.455,675.46,2,674.44,120,676.47,80,676.47,674.44,674.44,120,674.0,160,,,,,,,,,,,,,,,,,676.47,80,676.48,40,676.5,120,676.66,80,677.4,40,678.0,200,679.27,120,679.28,120,679.29,280,679.37,80
2026-02-05 09:32:44,675.45,675.45,1,674.44,120,676.46,80,676.46,674.44,674.44,120,674.0,160,,,,,,,,,,,,,,,,,676.46,80,676.47,120,676.48,40,676.5,120,676.66,80,677.4,40,678.0,200,679.27,120,679.28,120,679.29,280
2026-02-05 09:32:45,675.73,675.45,1,675.0,80,676.46,80,676.46,675.0,675.0,80,674.44,120,674.0,160,,,,,,,,,,,,,,,676.46,80,676.47,120,676.48,40,676.5,120,676.66,80,677.4,40,678.0,200,679.27,120,679.28,120,679.29,280
2026-02-05 09:32:46,675.73,675.45,1,675.0,80,676.46,80,676.46,675.0,675.0,80,674.44,120,674.0,160,,,,,,,,,,,,,,,676.46,80,676.47,120,676.48,40,676.5,120,676.66,80,677.4,40,678.0,200,679.27,120,679.28,120,679.29,280
2026-02-05 09:32:47,675.73,675.45,1,675.0,80,676.46,80,676.46,675.0,675.0,80,674.44,120,674.0,160,,,,,,,,,,,,,,,676.46,80,676.47,120,676.48,40,676.5,120,676.66,80,677.4,40,678.0,200,679.27,120,679.28,120,679.29,280
2026-02-05 09:32:48,675.73,675.45,1,675.0,80,676.46,160,676.46,675.0,675.0,80,674.44,120,674.0,160,,,,,,,,,,,,,,,676.46,160,676.47,120,676.48,40,676.5,120,676.66,80,677.4,40,678.0,200,679.27,120,679.28,120,679.29,280
2026-02-05 09:32:49,675.725,675.45,1,675.0,80,676.45,120,676.45,675.0,675.0,80,674.44,120,674.0,160,,,,,,,,,,,,,,,676.45,120,676.46,320,676.47,120,676.48,40,676.5,120,676.66,80,677.4,40,678.0,200,679.27,120,679.28,120
2026-02-05 09:32:50,675.44,675.45,1,674.44,120,676.44,120,676.44,674.44,674.44,120,674.0,160,,,,,,,,,,,,,,,,,676.44,120,676.45,80,676.46,320,676.47,120,676.48,40,676.5,120,676.66,80,677.4,40,678.0,200,679.27,120
2026-02-05 09:32:51,674.945,675.45,1,674.44,120,675.45,120,675.45,674.44,674.44,120,674.0,160,,,,,,,,,,,,,,,,,675.45,120,676.44,40,676.45,80,676.46,320,676.47,120,676.48,40,676.5,120,676.66,80,677.4,40,678.0,200
2026-02-05 09:32:52,674.945,675.33,2,674.44,120,675.45,120,675.45,674.44,674.44,120,674.0,160,,,,,,,,,,,,,,,,,675.45,120,676.44,40,676.45,80,676.46,320,676.47,120,676.48,40,676.5,120,676.66,80,677.4,40,678.0,200
2026-02-05 09:32:53,674.945,674.58,1,674.44,120,675.45,120,675.45,674.44,674.44,120,674.0,160,,,,,,,,,,,,,,,,,675.45,120,676.44,40,676.45,80,676.46,320,676.47,120,676.48,40,676.5,120,676.66,80,677.4,40,678.0,200
2026-02-05 09:32:54,674.945,674.58,1,674.44,120,675.45,120,675.45,674.44,674.44,120,674.0,160,,,,,,,,,,,,,,,,,675.45,120,676.44,40,676.45,80,676.46,320,676.47,120,676.48,40,676.5,120,676.66,80,677.4,40,678.0,200
2026-02-05 09:32:55,674.47,674.47,1,674.0,120,674.94,120,674.94,674.0,674.0,120,,,,,,,,,,,,,,,,,,,674.94,120,674.95,40,675.44,80,675.45,120,676.44,40,676.45,80,676.46,320,676.47,120,676.48,40,676.5,120
2026-02-05 09:32:56,674.465,674.47,1,674.0,120,674.93,160,674.93,674.0,674.0,120,,,,,,,,,,,,,,,,,,,674.93,160,674.94,120,674.95,40,675.44,80,675.45,120,676.44,40,676.45,80,676.46,320,676.47,120,676.48,40
2026-02-05 09:32:57,674.06,673.93,1,673.33,40,674.79,200,674.79,673.33,673.33,40,,,,,,,,,,,,,,,,,,,674.79,200,674.92,160,674.93,160,674.94,120,674.95,40,675.44,80,675.45,120,676.44,40,676.45,80,676.46,320
2026-02-05 09:32:58,673.86,673.68,1,673.33,40,674.39,120,674.39,673.33,673.33,40,,,,,,,,,,,,,,,,,,,674.39,120,674.4,80,674.79,200,674.92,160,674.93,160,674.94,120,674.95,40,675.44,80,675.45,120,676.44,40
2026-02-05 09:32:59,673.86,673.68,1,673.33,40,674.39,120,674.39,673.33,673.33,40,,,,,,,,,,,,,,,,,,,674.39,120,674.4,80,674.79,200,674.92,160,674.93,160,674.94,120,674.95,40,675.44,80,675.45,120,676.44,40
2026-02-05 09:33:00,673.44,673.68,1,672.75,80,674.13,40,674.13,672.75,672.75,80,,,,,,,,,,,,,,,,,,,674.13,40,674.39,200,674.4,80,674.79,200,674.92,160,674.93,160,674.94,120,674.95,40,675.44,80,675.45,120
2026-02-05 09:33:01,672.67,672.67,1,672.0,40,673.34,200,673.34,672.0,672.0,40,,,,,,,,,,,,,,,,,,,673.34,200,673.35,80,674.13,40,674.39,200,674.4,80,674.79,200,674.92,160,674.93,160,674.94,120,674.95,40
2026-02-05 09:33:02,672.67,672.67,1,672.0,40,673.34,200,673.34,672.0,672.0,40,,,,,,,,,,,,,,,,,,,673.34,200,673.35,80,674.13,40,674.39,200,674.4,80,674.79,200,674.92,160,674.93,160,674.94,120,674.95,40
2026-02-05 09:33:03,672.67,672.67,1,672.0,40,673.34,200,673.34,672.0,672.0,40,,,,,,,,,,,,,,,,,,,673.34,200,673.35,80,674.13,40,674.39,200,674.4,80,674.79,200,674.92,160,674.93,160,674.94,120,674.95,40
2026-02-05 09:33:04,672.67,672.67,1,672.0,40,673.34,200,673.34,672.0,672.0,40,,,,,,,,,,,,,,,,,,,673.34,200,673.35,80,674.13,40,674.39,200,674.4,80,674.79,200,674.92,160,674.93,160,674.94,120,674.95,40
2026-02-05 09:33:05,672.67,672.67,1,672.0,40,673.34,200,673.34,672.0,672.0,40,,,,,,,,,,,,,,,,,,,673.34,200,673.35,80,674.13,40,674.39,200,674.4,80,674.79,200,674.92,160,674.93,160,674.94,120,674.95,40
2026-02-05 09:33:06,672.67,672.67,1,672.0,80,673.34,200,673.34,672.0,672.0,80,,,,,,,,,,,,,,,,,,,673.34,200,673.35,80,674.13,40,674.39,200,674.4,80,674.79,200,674.92,160,674.93,160,674.94,120,674.95,40
2026-02-05 09:33:07,672.67,672.67,1,672.0,80,673.34,200,673.34,672.0,672.0,80,,,,,,,,,,,,,,,,,,,673.34,200,673.35,80,674.13,40,674.39,200,674.4,80,674.79,200,674.92,160,674.93,160,674.94,120,674.95,40
2026-02-05 09:33:08,672.67,672.67,1,672.0,80,673.34,200,673.34,672.0,672.0,80,,,,,,,,,,,,,,,,,,,673.34,200,673.35,80,674.13,40,674.39,200,674.4,80,674.79,200,674.92,160,674.93,160,674.94,120,674.95,40
2026-02-05 09:33:09,672.335,672.67,1,672.0,80,672.67,80,672.67,672.0,672.0,80,,,,,,,,,,,,,,,,,,,672.67,80,673.34,320,673.35,80,674.13,40,674.39,200,674.4,80,674.79,200,674.92,160,674.93,160,674.94,120
2026-02-05 09:33:10,672.335,672.67,1,672.0,80,672.67,80,672.67,672.0,672.0,80,,,,,,,,,,,,,,,,,,,672.67,80,673.34,320,673.35,80,674.13,40,674.39,200,674.4,80,674.79,200,674.92,160,674.93,160,674.94,120
2026-02-05 09:33:11,672.665,672.67,1,672.0,80,673.33,40,673.33,672.0,672.0,80,,,,,,,,,,,,,,,,,,,673.33,40,673.34,280,673.35,80,674.13,40,674.39,200,674.4,80,674.79,200,674.92,160,674.93,160,674.94,120
2026-02-05 09:33:12,672.18,672.18,4,671.87,160,672.49,40,672.49,671.87,671.87,160,671.86,40,671.65,40,671.56,40,671.04,40,671.01,40,671.0,40,,,,,,,672.49,40,672.99,40,673.05,120,673.07,40,673.33,200,673.34,280,673.35,80,674.13,40,674.39,200,674.4,80
2026-02-05 09:33:13,672.18,672.18,4,671.87,160,672.49,40,672.49,671.87,671.87,160,671.86,40,671.65,40,671.56,40,671.04,40,671.01,40,671.0,40,,,,,,,672.49,40,672.99,40,673.05,120,673.07,40,673.33,200,673.34,280,673.35,80,674.13,40,674.39,200,674.4,80
2026-02-05 09:33:14,672.18,672.18,4,671.87,160,672.49,40,672.49,671.87,671.87,160,671.86,40,671.65,40,671.56,40,671.04,40,671.01,40,671.0,40,,,,,,,672.49,40,672.99,40,673.05,120,673.07,40,673.33,200,673.34,280,673.35,80,674.13,40,674.39,200,674.4,80
2026-02-05 09:33:15,671.745,671.86,1,671.0,40,672.49,80,672.49,671.0,671.0,40,,,,,,,,,,,,,,,,,,,672.49,80,672.99,40,673.05,120,673.07,40,673.33,200,673.34,280,673.35,80,674.13,40,674.39,200,674.4,80
2026-02-05 09:33:16,671.75,671.86,1,671.01,40,672.49,80,672.49,671.01,671.01,40,671.0,40,,,,,,,,,,,,,,,,,672.49,80,672.99,40,673.05,120,673.07,40,673.33,200,673.34,280,673.35,80,674.13,40,674.39,200,674.4,80
2026-02-05 09:33:17,671.745,671.86,1,671.0,40,672.49,120,672.49,671.0,671.0,40,,,,,,,,,,,,,,,,,,,672.49,120,672.99,40,673.05,120,673.07,40,673.33,200,673.34,280,673.35,80,674.13,40,674.39,200,674.4,80
2026-02-05 09:33:18,671.745,671.86,1,671.0,80,672.49,160,672.49,671.0,671.0,80,,,,,,,,,,,,,,,,,,,672.49,160,672.99,40,673.05,120,673.07,40,673.33,200,673.34,280,673.35,80,674.13,40,674.39,200,674.4,80
2026-02-05 09:33:19,672.695,671.75,1,672.05,40,673.34,240,673.34,672.05,672.05,40,671.8,40,671.0,40,,,,,,,,,,,,,,,673.34,240,673.35,80,674.13,40,674.39,200,674.4,80,674.79,200,674.92,160,674.93,160,674.94,120,674.95,40
2026-02-05 09:33:20,673.635,673.33,1,672.69,40,674.58,40,674.58,672.69,672.69,40,671.01,40,671.0,40,,,,,,,,,,,,,,,674.58,40,675.48,80,676.44,40,676.45,80,676.46,320,676.47,120,676.48,40,676.5,120,676.66,80,677.4,40
2026-02-05 09:33:21,673.635,673.33,1,672.69,40,674.58,40,674.58,672.69,672.69,40,671.01,40,671.0,40,,,,,,,,,,,,,,,674.58,40,675.48,80,676.44,40,676.45,80,676.46,320,676.47,120,676.48,40,676.5,120,676.66,80,677.4,40
2026-02-05 09:33:22,673.21,672.37,1,671.84,40,674.58,40,674.58,671.84,671.84,40,671.83,40,671.0,80,,,,,,,,,,,,,,,674.58,40,675.48,80,676.44,40,676.45,80,676.46,320,676.47,120,676.48,40,676.5,120,676.66,80,677.4,40
2026-02-05 09:33:23,673.21,672.37,1,671.84,40,674.58,40,674.58,671.84,671.84,40,671.83,40,671.0,80,,,,,,,,,,,,,,,674.58,40,675.48,80,676.44,40,676.45,80,676.46,320,676.47,120,676.48,40,676.5,120,676.66,80,677.4,40
2026-02-05 09:33:24,673.785,672.37,1,672.99,80,674.58,80,674.58,672.99,672.99,80,671.83,80,671.0,80,,,,,,,,,,,,,,,674.58,80,675.48,80,676.44,40,676.45,80,676.46,320,676.47,120,676.48,40,676.5,120,676.66,80,677.4,40
2026-02-05 09:33:25,673.625,672.37,1,672.99,80,674.26,40,674.26,672.99,672.99,80,671.83,80,671.0,80,,,,,,,,,,,,,,,674.26,40,674.58,80,675.48,80,676.44,40,676.45,80,676.46,320,676.47,120,676.48,40,676.5,120,676.66,80
2026-02-05 09:33:26,673.31,672.37,1,672.99,80,673.63,40,673.63,672.99,672.99,80,671.83,80,671.0,80,,,,,,,,,,,,,,,673.63,40,674.26,120,674.58,80,675.48,80,676.44,40,676.45,80,676.46,320,676.47,120,676.48,40,676.5,120
2026-02-05 09:33:27,672.87,673.02,1,671.64,80,674.1,40,674.1,671.64,671.64,80,671.24,80,671.0,80,,,,,,,,,,,,,,,674.1,40,674.26,120,674.58,80,675.48,80,676.44,40,676.45,80,676.46,320,676.47,120,676.48,40,676.5,120
2026-02-05 09:33:28,672.67,673.03,1,671.24,80,674.1,40,674.1,671.24,671.24,80,671.0,80,,,,,,,,,,,,,,,,,674.1,40,674.26,120,674.58,80,675.48,80,676.44,40,676.45,80,676.46,320,676.47,120,676.48,40,676.5,120
2026-02-05 09:33:29,672.67,673.03,1,671.24,80,674.1,40,674.1,671.24,671.24,80,671.0,80,,,,,,,,,,,,,,,,,674.1,40,674.26,120,674.58,80,675.48,80,676.44,40,676.45,80,676.46,320,676.47,120,676.48,40,676.5,120
2026-02-05 09:33:30,672.895,673.03,1,671.69,80,674.1,40,674.1,671.69,671.69,80,671.24,80,671.0,80,,,,,,,,,,,,,,,674.1,40,674.26,120,674.58,80,675.48,80,676.44,40,676.45,80,676.46,320,676.47,120,676.48,40,676.5,120
2026-02-05 09:33:31,672.67,672.67,1,671.24,80,674.1,40,674.1,671.24,671.24,80,671.0,80,,,,,,,,,,,,,,,,,674.1,40,674.26,120,674.58,80,675.48,80,676.44,40,676.45,80,676.46,320,676.47,120,676.48,40,676.5,120
2026-02-05 09:33:32,672.835,672.67,1,671.67,80,674.0,40,674.0,671.67,671.67,80,671.24,160,671.0,80,,,,,,,,,,,,,,,674.0,40,674.1,40,674.26,120,674.58,80,675.48,80,676.44,40,676.45,80,676.46,320,676.47,120,676.48,40
2026-02-05 09:33:33,672.62,672.62,1,671.24,160,674.0,40,674.0,671.24,671.24,160,671.0,80,,,,,,,,,,,,,,,,,674.0,40,674.1,40,674.26,120,674.58,80,675.48,80,676.44,40,676.45,80,676.46,320,676.47,120,676.48,40
2026-02-05 09:33:34,672.62,674.0,1,671.24,160,674.0,40,674.0,671.24,671.24,160,671.0,80,,,,,,,,,,,,,,,,,674.0,40,674.1,40,674.26,120,674.58,80,675.48,80,676.44,40,676.45,80,676.46,320,676.47,120,676.48,40
2026-02-05 09:33:35,672.62,674.0,1,671.24,160,674.0,40,674.0,671.24,671.24,160,671.0,80,,,,,,,,,,,,,,,,,674.0,40,674.1,40,674.26,120,674.58,80,675.48,80,676.44,40,676.45,80,676.46,320,676.47,120,676.48,40
2026-02-05 09:33:36,672.62,673.0,1,671.24,160,674.0,80,674.0,671.24,671.24,160,671.0,80,,,,,,,,,,,,,,,,,674.0,80,674.1,40,674.26,120,674.58,80,675.48,80,676.44,40,676.45,80,676.46,320,676.47,120,676.48,40
2026-02-05 09:33:37,672.62,673.0,1,671.24,160,674.0,120,674.0,671.24,671.24,160,671.0,80,,,,,,,,,,,,,,,,,674.0,120,674.1,40,674.26,120,674.58,80,675.48,80,676.44,40,676.45,80,676.46,320,676.47,120,676.48,40
2026-02-05 09:33:38,672.87,673.22,1,671.75,80,673.99,120,673.99,671.75,671.75,80,671.69,80,671.24,160,671.0,80,,,,,,,,,,,,,673.99,120,674.0,80,674.1,40,674.26,120,674.58,80,675.48,80,676.44,40,676.45,80,676.46,320,676.47,120
2026-02-05 09:33:39,672.65,673.22,1,671.75,80,673.55,80,673.55,671.75,671.75,80,671.69,80,671.24,160,671.0,80,,,,,,,,,,,,,673.55,80,673.99,120,674.0,80,674.1,40,674.26,120,674.58,80,675.48,80,676.44,40,676.45,80,676.46,320
2026-02-05 09:33:40,672.65,673.22,1,671.75,120,673.55,80,673.55,671.75,671.75,120,671.69,80,671.24,160,671.0,80,,,,,,,,,,,,,673.55,80,673.99,120,674.0,80,674.1,40,674.26,120,674.58,80,675.48,80,676.44,40,676.45,80,676.46,320
2026-02-05 09:33:41,672.65,672.39,1,671.75,80,673.55,80,673.55,671.75,671.75,80,671.24,160,671.0,80,,,,,,,,,,,,,,,673.55,80,673.99,120,674.0,80,674.1,40,674.26,120,674.58,80,675.48,80,676.44,40,676.45,80,676.46,320
2026-02-05 09:33:42,672.645,672.39,1,671.74,80,673.55,80,673.55,671.74,671.74,80,671.7,80,671.24,160,671.0,80,,,,,,,,,,,,,673.55,80,673.99,120,674.0,80,674.1,40,674.26,120,674.58,80,675.48,80,676.44,40,676.45,80,676.46,320
2026-02-05 09:33:43,672.65,672.64,1,671.75,80,673.55,80,673.55,671.75,671.75,80,671.7,80,671.24,160,671.0,80,,,,,,,,,,,,,673.55,80,673.99,120,674.0,80,674.1,40,674.26,120,674.58,80,675.48,80,676.44,40,676.45,80,676.46,320
2026-02-05 09:33:44,672.65,672.65,1,671.75,80,673.55,80,673.55,671.75,671.75,80,671.7,80,671.24,160,671.0,80,,,,,,,,,,,,,673.55,80,673.99,120,674.0,80,674.1,40,674.26,120,674.58,80,675.48,80,676.44,40,676.45,80,676.46,320
2026-02-05 09:33:45,672.645,672.65,1,671.74,80,673.55,80,673.55,671.74,671.74,80,671.7,80,671.24,160,671.0,80,,,,,,,,,,,,,673.55,80,673.99,120,674.0,80,674.1,40,674.26,120,674.58,80,675.48,80,676.44,40,676.45,80,676.46,320
2026-02-05 09:33:46,672.645,672.65,1,671.74,80,673.55,80,673.55,671.74,671.74,80,671.7,80,671.24,160,671.0,80,,,,,,,,,,,,,673.55,80,673.99,120,674.0,80,674.1,40,674.26,120,674.58,80,675.48,80,676.44,40,676.45,80,676.46,320
2026-02-05 09:33:47,672.54,672.65,1,671.74,80,673.34,40,673.34,671.74,671.74,80,671.7,80,671.24,160,671.0,80,,,,,,,,,,,,,673.34,40,673.55,80,673.99,120,674.0,80,674.1,40,674.26,120,674.58,80,675.48,80,676.44,40,676.45,80
2026-02-05 09:33:48,672.67,672.65,1,672.0,80,673.34,160,673.34,672.0,672.0,80,671.74,80,671.7,80,671.24,160,671.0,80,,,,,,,,,,,673.34,160,673.55,80,673.99,120,674.0,80,674.1,40,674.26,120,674.58,80,675.48,80,676.44,40,676.45,80
2026-02-05 09:33:49,672.67,672.65,1,672.0,80,673.34,160,673.34,672.0,672.0,80,671.74,80,671.7,80,671.24,160,671.0,80,,,,,,,,,,,673.34,160,673.55,80,673.99,120,674.0,80,674.1,40,674.26,120,674.58,80,675.48,80,676.44,40,676.45,80
2026-02-05 09:33:50,672.67,672.65,1,672.0,80,673.34,160,673.34,672.0,672.0,80,671.74,80,671.7,80,671.24,160,671.0,80,,,,,,,,,,,673.34,160,673.55,80,673.99,120,674.0,80,674.1,40,674.26,120,674.58,80,675.48,80,676.44,40,676.45,80
2026-02-05 09:33:51,672.67,672.65,1,672.0,80,673.34,160,673.34,672.0,672.0,80,671.74,80,671.7,80,671.24,160,671.0,80,,,,,,,,,,,673.34,160,673.55,80,673.99,120,674.0,80,674.1,40,674.26,120,674.58,80,675.48,80,676.44,40,676.45,80
2026-02-05 09:33:52,672.67,672.65,1,672.0,120,673.34,160,673.34,672.0,672.0,120,671.74,80,671.7,80,671.24,160,671.0,80,,,,,,,,,,,673.34,160,673.55,80,673.99,120,674.0,80,674.1,40,674.26,120,674.58,80,675.48,80,676.44,40,676.45,80
2026-02-05 09:33:53,672.35,672.0,1,671.7,120,673.0,40,673.0,671.7,671.7,120,671.24,160,671.0,80,,,,,,,,,,,,,,,673.0,40,673.33,80,673.34,160,673.55,80,673.99,120,674.0,80,674.1,40,674.26,120,674.58,80,675.48,80
2026-02-05 09:33:54,672.115,672.0,1,671.24,200,672.99,120,672.99,671.24,671.24,200,671.0,80,,,,,,,,,,,,,,,,,672.99,120,673.0,40,673.33,80,673.34,160,673.55,80,673.99,120,674.0,80,674.1,40,674.26,120,674.58,80
2026-02-05 09:33:55,672.115,672.0,1,671.24,200,672.99,120,672.99,671.24,671.24,200,671.0,80,,,,,,,,,,,,,,,,,672.99,120,673.0,40,673.33,80,673.34,160,673.55,80,673.99,120,674.0,80,674.1,40,674.26,120,674.58,80
2026-02-05 09:33:56,672.115,672.0,1,671.24,200,672.99,120,672.99,671.24,671.24,200,671.0,80,,,,,,,,,,,,,,,,,672.99,120,673.0,40,673.33,80,673.34,160,673.55,80,673.99,120,674.0,80,674.1,40,674.26,120,674.58,80
2026-02-05 09:33:57,672.115,672.0,1,671.24,200,672.99,120,672.99,671.24,671.24,200,671.0,80,,,,,,,,,,,,,,,,,672.99,120,673.0,40,673.33,80,673.34,160,673.55,80,673.99,120,674.0,80,674.1,40,674.26,120,674.58,80
2026-02-05 09:33:58,672.115,672.0,1,671.24,200,672.99,120,672.99,671.24,671.24,200,671.0,80,,,,,,,,,,,,,,,,,672.99,120,673.0,40,673.33,80,673.34,160,673.55,80,673.99,120,674.0,80,674.1,40,674.26,120,674.58,80
2026-02-05 09:33:59,671.96,672.0,1,671.24,200,672.68,40,672.68,671.24,671.24,200,671.0,80,,,,,,,,,,,,,,,,,672.68,40,672.99,80,673.0,40,673.33,80,673.34,160,673.55,80,673.99,120,674.0,80,674.1,40,674.26,120
2026-02-05 09:34:00,671.96,672.0,1,671.24,200,672.68,80,672.68,671.24,671.24,200,671.0,80,,,,,,,,,,,,,,,,,672.68,80,672.99,80,673.0,40,673.33,80,673.34,160,673.55,80,673.99,120,674.0,80,674.1,40,674.26,120
2026-02-05 09:34:01,671.96,671.39,1,671.24,200,672.68,120,672.68,671.24,671.24,200,671.0,80,,,,,,,,,,,,,,,,,672.68,120,672.99,80,673.0,40,673.33,80,673.34,160,673.55,80,673.99,120,674.0,80,674.1,40,674.26,120
2026-02-05 09:34:02,671.96,671.39,1,671.24,200,672.68,120,672.68,671.24,671.24,200,671.0,80,,,,,,,,,,,,,,,,,672.68,120,672.99,80,673.0,40,673.33,80,673.34,160,673.55,80,673.99,120,674.0,80,674.1,40,674.26,120
2026-02-05 09:34:03,671.96,671.42,1,671.24,200,672.68,120,672.68,671.24,671.24,200,671.0,80,,,,,,,,,,,,,,,,,672.68,120,672.99,80,673.0,40,673.33,80,673.34,160,673.55,80,673.99,120,674.0,80,674.1,40,674.26,120
2026-02-05 09:34:04,671.96,671.42,1,671.24,200,672.68,120,672.68,671.24,671.24,200,671.0,80,,,,,,,,,,,,,,,,,672.68,120,672.99,80,673.0,40,673.33,80,673.34,160,673.55,80,673.99,120,674.0,80,674.1,40,674.26,120
2026-02-05 09:34:05,671.96,671.42,1,671.24,200,672.68,120,672.68,671.24,671.24,200,671.0,80,,,,,,,,,,,,,,,,,672.68,120,672.99,80,673.0,40,673.33,80,673.34,160,673.55,80,673.99,120,674.0,80,674.1,40,674.26,120
2026-02-05 09:34:06,670.75,671.04,1,670.0,160,671.5,40,671.5,670.0,670.0,160,,,,,,,,,,,,,,,,,,,671.5,40,672.28,200,672.68,120,672.99,80,673.0,40,673.33,80,673.34,160,673.55,80,673.99,120,674.0,80
2026-02-05 09:34:07,671.14,671.23,1,670.0,160,672.28,120,672.28,670.0,670.0,160,,,,,,,,,,,,,,,,,,,672.28,120,672.68,120,672.99,80,673.0,40,673.33,80,673.34,160,673.55,80,673.99,120,674.0,80,674.1,40
2026-02-05 09:34:08,671.15,671.22,1,670.02,120,672.28,120,672.28,670.02,670.02,120,670.0,160,,,,,,,,,,,,,,,,,672.28,120,672.68,120,672.99,80,673.0,40,673.33,80,673.34,160,673.55,80,673.99,120,674.0,80,674.1,40
2026-02-05 09:34:09,671.145,671.22,1,670.02,120,672.27,80,672.27,670.02,670.02,120,670.0,160,,,,,,,,,,,,,,,,,672.27,80,672.28,120,672.68,120,672.99,80,673.0,40,673.33,80,673.34,160,673.55,80,673.99,120,674.0,80
2026-02-05 09:34:10,671.145,671.15,1,670.02,120,672.27,120,672.27,670.02,670.02,120,670.0,160,,,,,,,,,,,,,,,,,672.27,120,672.28,120,672.68,120,672.99,80,673.0,40,673.33,80,673.34,160,673.55,80,673.99,120,674.0,80
2026-02-05 09:34:11,671.145,671.15,1,670.02,160,672.27,160,672.27,670.02,670.02,160,670.0,160,,,,,,,,,,,,,,,,,672.27,160,672.28,120,672.68,120,672.99,80,673.0,40,673.33,80,673.34,160,673.55,80,673.99,120,674.0,80
2026-02-05 09:34:12,671.145,671.15,1,670.02,160,672.27,160,672.27,670.02,670.02,160,670.0,160,,,,,,,,,,,,,,,,,672.27,160,672.28,120,672.68,120,672.99,80,673.0,40,673.33,80,673.34,160,673.55,80,673.99,120,674.0,80
2026-02-05 09:34:13,671.145,671.15,1,670.02,160,672.27,160,672.27,670.02,670.02,160,670.0,160,,,,,,,,,,,,,,,,,672.27,160,672.28,120,672.68,120,672.99,80,673.0,40,673.33,80,673.34,160,673.55,80,673.99,120,674.0,80
2026-02-05 09:34:14,671.145,671.15,1,670.02,160,672.27,160,672.27,670.02,670.02,160,670.0,160,,,,,,,,,,,,,,,,,672.27,160,672.28,120,672.68,120,672.99,80,673.0,40,673.33,80,673.34,160,673.55,80,673.99,120,674.0,80
2026-02-05 09:34:15,671.145,671.15,1,670.02,160,672.27,160,672.27,670.02,670.02,160,670.0,160,,,,,,,,,,,,,,,,,672.27,160,672.28,120,672.68,120,672.99,80,673.0,40,673.33,80,673.34,160,673.55,80,673.99,120,674.0,80
2026-02-05 09:34:16,671.145,671.15,1,670.02,160,672.27,160,672.27,670.02,670.02,160,670.0,160,,,,,,,,,,,,,,,,,672.27,160,672.28,120,672.68,120,672.99,80,673.0,40,673.33,80,673.34,160,673.55,80,673.99,120,674.0,80
2026-02-05 09:34:17,671.145,671.15,1,670.02,160,672.27,160,672.27,670.02,670.02,160,670.0,160,,,,,,,,,,,,,,,,,672.27,160,672.28,120,672.68,120,672.99,80,673.0,40,673.33,80,673.34,160,673.55,80,673.99,120,674.0,80
2026-02-05 09:34:18,671.42,671.42,1,670.84,80,672.0,40,672.0,670.84,670.84,80,670.83,160,670.53,160,670.28,120,670.1,120,670.07,120,670.02,160,670.0,160,,,,,672.0,40,672.27,160,672.28,120,672.68,120,672.99,80,673.0,40,673.33,80,673.34,160,673.55,80,673.99,120
2026-02-05 09:34:19,671.42,670.85,1,670.84,80,672.0,160,672.0,670.84,670.84,80,670.83,160,670.53,160,670.28,120,670.1,120,670.07,120,670.02,160,670.0,160,,,,,672.0,160,672.27,160,672.28,120,672.68,120,672.99,80,673.0,40,673.33,80,673.34,160,673.55,80,673.99,120
2026-02-05 09:34:20,671.945,671.99,1,670.9,80,672.99,120,672.99,670.9,670.9,80,670.84,200,670.83,160,670.53,160,670.28,120,670.1,120,670.07,120,670.02,160,670.0,160,,,672.99,120,673.0,40,673.33,80,673.34,160,673.55,80,673.99,120,674.0,80,674.1,40,674.26,120,674.58,80
2026-02-05 09:34:21,671.945,671.99,1,670.9,80,672.99,160,672.99,670.9,670.9,80,670.84,200,670.83,160,670.53,160,670.28,120,670.1,120,670.07,120,670.02,160,670.0,160,,,672.99,160,673.0,40,673.33,80,673.34,160,673.55,80,673.99,120,674.0,80,674.1,40,674.26,120,674.58,80
2026-02-05 09:34:22,671.915,671.99,1,670.84,200,672.99,160,672.99,670.84,670.84,200,670.83,160,670.53,160,670.28,120,670.1,120,670.07,120,670.02,160,670.0,160,,,,,672.99,160,673.0,40,673.33,80,673.34,160,673.55,80,673.99,120,674.0,80,674.1,40,674.26,120,674.58,80
2026-02-05 09:34:23,671.915,671.99,1,670.84,200,672.99,160,672.99,670.84,670.84,200,670.83,160,670.53,160,670.28,120,670.1,120,670.07,120,670.02,160,670.0,160,,,,,672.99,160,673.0,40,673.33,80,673.34,160,673.55,80,673.99,120,674.0,80,674.1,40,674.26,120,674.58,80
2026-02-05 09:34:24,672.215,671.92,1,671.44,40,672.99,160,672.99,671.44,671.44,40,670.84,200,670.83,160,670.53,160,670.28,120,670.1,120,670.07,120,670.02,160,670.0,160,,,672.99,160,673.0,40,673.33,80,673.34,160,673.55,80,673.99,120,674.0,80,674.1,40,674.26,120,674.58,80
2026-02-05 09:34:25,672.06,671.92,1,671.44,40,672.68,40,672.68,671.44,671.44,40,670.84,200,670.83,160,670.53,160,670.28,120,670.1,120,670.07,120,670.02,160,670.0,160,,,672.68,40,672.99,160,673.0,40,673.33,80,673.34,160,673.55,80,673.99,120,674.0,80,674.1,40,674.26,120
2026-02-05 09:34:26,672.06,671.92,1,671.44,40,672.68,40,672.68,671.44,671.44,40,670.84,200,670.83,160,670.53,160,670.28,120,670.1,120,670.07,120,670.02,160,670.0,160,,,672.68,40,672.99,160,673.0,40,673.33,80,673.34,160,673.55,80,673.99,120,674.0,80,674.1,40,674.26,120
2026-02-05 09:34:27,672.06,671.92,1,671.44,40,672.68,40,672.68,671.44,671.44,40,670.84,200,670.83,160,670.53,160,670.28,120,670.1,120,670.07,120,670.02,160,670.0,160,,,672.68,40,672.99,160,673.0,40,673.33,80,673.34,160,673.55,80,673.99,120,674.0,80,674.1,40,674.26,120
2026-02-05 09:34:28,672.06,671.44,4,671.44,40,672.68,40,672.68,671.44,671.44,40,670.84,200,670.83,160,670.53,160,670.28,120,670.1,120,670.07,120,670.02,160,670.0,160,,,672.68,40,672.99,160,673.0,40,673.33,80,673.34,160,673.55,80,673.99,120,674.0,80,674.1,40,674.26,120
2026-02-05 09:34:29,672.06,671.44,4,671.44,40,672.68,40,672.68,671.44,671.44,40,670.84,200,670.83,160,670.53,160,670.28,120,670.1,120,670.07,120,670.02,160,670.0,160,,,672.68,40,672.99,160,673.0,40,673.33,80,673.34,160,673.55,80,673.99,120,674.0,80,674.1,40,674.26,120
2026-02-05 09:34:30,671.31,671.76,2,670.84,200,671.78,40,671.78,670.84,670.84,200,670.83,160,670.53,160,670.28,120,670.1,120,670.07,120,670.02,160,670.0,160,,,,,671.78,40,672.06,40,672.16,80,672.66,40,672.67,80,672.68,80,672.99,160,673.0,40,673.33,80,673.34,160
2026-02-05 09:34:31,671.305,671.31,2,670.84,200,671.77,80,671.77,670.84,670.84,200,670.83,160,670.53,160,670.28,120,670.1,120,670.07,120,670.02,160,670.0,160,,,,,671.77,80,671.78,80,672.06,40,672.16,80,672.66,40,672.67,80,672.68,80,672.99,160,673.0,40,673.33,80
2026-02-05 09:34:32,671.305,671.31,2,670.84,200,671.77,80,671.77,670.84,670.84,200,670.83,160,670.53,160,670.28,120,670.1,120,670.07,120,670.02,160,670.0,160,,,,,671.77,80,671.78,80,672.06,40,672.16,80,672.66,40,672.67,80,672.68,80,672.99,160,673.0,40,673.33,80
2026-02-05 09:34:33,671.85,671.85,1,671.02,80,672.68,40,672.68,671.02,671.02,80,670.85,120,670.84,200,670.83,160,670.53,160,670.28,120,670.1,120,670.07,120,670.02,160,670.0,160,672.68,40,672.99,240,673.0,40,673.33,80,673.34,160,673.55,80,673.99,120,674.0,80,674.1,40,674.26,120
2026-02-05 09:34:34,671.85,671.85,1,671.02,80,672.68,80,672.68,671.02,671.02,80,670.85,120,670.84,200,670.83,160,670.53,160,670.28,120,670.1,120,670.07,120,670.02,160,670.0,160,672.68,80,672.99,240,673.0,40,673.33,80,673.34,160,673.55,80,673.99,120,674.0,80,674.1,40,674.26,120
2026-02-05 09:34:35,671.85,671.85,1,671.02,80,672.68,80,672.68,671.02,671.02,80,670.85,120,670.84,200,670.83,160,670.53,160,670.28,120,670.1,120,670.07,120,670.02,160,670.0,160,672.68,80,672.99,240,673.0,40,673.33,80,673.34,160,673.55,80,673.99,120,674.0,80,674.1,40,674.26,120
2026-02-05 09:34:36,671.85,671.85,1,671.02,120,672.68,80,672.68,671.02,671.02,120,670.85,120,670.84,200,670.83,160,670.53,160,670.28,120,670.1,120,670.07,120,670.02,160,670.0,160,672.68,80,672.99,240,673.0,40,673.33,80,673.34,160,673.55,80,673.99,120,674.0,80,674.1,40,674.26,120
2026-02-05 09:34:37,671.85,671.85,1,671.02,120,672.68,80,672.68,671.02,671.02,120,670.85,120,670.84,200,670.83,160,670.53,160,670.28,120,670.1,120,670.07,120,670.02,160,670.0,160,672.68,80,672.99,240,673.0,40,673.33,80,673.34,160,673.55,80,673.99,120,674.0,80,674.1,40,674.26,120
2026-02-05 09:34:38,671.85,671.85,1,671.02,120,672.68,200,672.68,671.02,671.02,120,670.85,120,670.84,200,670.83,160,670.53,160,670.28,120,670.1,120,670.07,120,670.02,160,670.0,160,672.68,200,672.99,240,673.0,40,673.33,80,673.34,160,673.55,80,673.99,120,674.0,80,674.1,40,674.26,120
2026-02-05 09:34:39,673.28,671.85,1,672.84,120,673.72,40,673.72,672.84,672.84,120,672.83,40,672.8,40,672.7,80,672.67,200,671.6,80,671.34,120,671.32,120,671.02,120,670.85,120,673.72,40,674.33,40,674.58,80,675.48,80,676.44,40,676.45,80,676.46,320,676.47,120,676.48,40,676.5,120
2026-02-05 09:34:40,673.28,671.85,1,672.84,120,673.72,40,673.72,672.84,672.84,120,672.83,40,672.8,40,672.7,80,672.67,200,671.6,80,671.34,120,671.32,120,671.02,120,670.85,120,673.72,40,674.33,40,674.58,80,675.48,80,676.44,40,676.45,80,676.46,320,676.47,120,676.48,40,676.5,120
2026-02-05 09:34:41,674.375,673.28,1,673.07,40,675.46,80,675.46,673.07,673.07,40,672.84,200,672.83,40,672.8,40,672.7,80,672.67,200,671.6,80,671.34,120,671.32,120,671.02,120,675.68,80,676.44,40,676.45,80,676.46,320,676.47,120,676.48,40,676.5,120,676.66,80,677.4,40,678.0,200
2026-02-05 09:34:42,674.805,674.81,2,674.15,160,675.46,120,675.46,674.15,674.15,160,673.32,80,673.07,120,672.84,200,672.83,40,672.8,40,672.7,80,672.67,200,671.6,80,671.34,120,675.46,120,675.68,80,676.44,40,676.45,80,676.46,320,676.47,120,676.48,40,676.5,120,676.66,80,677.4,40
2026-02-05 09:34:43,674.81,674.81,2,674.16,160,675.46,120,675.46,674.16,674.16,160,674.15,120,673.32,80,673.07,120,672.84,200,672.83,40,672.8,40,672.7,80,672.67,200,671.6,80,675.46,120,675.68,80,676.44,40,676.45,80,676.46,320,676.47,120,676.48,40,676.5,120,676.66,80,677.4,40
2026-02-05 09:34:44,673.345,674.81,5,671.23,40,675.46,160,675.46,671.23,671.23,40,671.02,120,670.85,120,670.84,200,670.83,160,670.53,160,670.28,120,670.1,120,670.07,120,670.02,160,675.46,160,675.68,80,676.44,40,676.45,80,676.46,320,676.47,120,676.48,40,676.5,120,676.66,80,677.4,40
2026-02-05 09:34:45,673.345,674.81,5,671.23,40,675.46,160,675.46,671.23,671.23,40,671.02,120,670.85,120,670.84,200,670.83,160,670.53,160,670.28,120,670.1,120,670.07,120,670.02,160,675.46,160,675.68,80,676.44,40,676.45,80,676.46,320,676.47,120,676.48,40,676.5,120,676.66,80,677.4,40
2026-02-05 09:34:46,673.15,674.11,1,671.3,80,675.0,80,675.0,671.3,671.3,80,671.23,40,671.02,120,670.85,120,670.84,200,670.83,160,670.53,160,670.28,120,670.1,120,670.07,120,675.0,80,675.45,80,675.46,160,675.68,80,676.44,40,676.45,80,676.46,320,676.47,120,676.48,40,676.5,120
2026-02-05 09:34:47,673.27,674.15,1,671.69,160,674.85,80,674.85,671.69,671.69,160,671.3,80,671.23,40,671.02,120,670.85,120,670.84,200,670.83,160,670.53,160,670.28,120,670.1,120,674.85,80,675.0,80,675.45,80,675.46,160,675.68,80,676.44,40,676.45,80,676.46,320,676.47,120,676.48,40
2026-02-05 09:34:48,673.62,674.15,1,672.66,80,674.58,200,674.58,672.66,672.66,80,671.69,160,671.3,80,671.23,40,671.02,120,670.85,120,670.84,200,670.83,160,670.53,160,670.28,120,674.58,200,674.85,160,675.0,80,675.45,80,675.46,160,675.68,80,676.44,40,676.45,80,676.46,320,676.47,120
2026-02-05 09:34:49,672.94,672.95,1,671.3,80,674.58,200,674.58,671.3,671.3,80,671.23,40,671.02,120,670.85,120,670.84,200,670.83,160,670.53,160,670.28,120,670.1,120,670.07,120,674.58,200,674.85,160,675.0,80,675.45,80,675.46,160,675.68,80,676.44,40,676.45,80,676.46,320,676.47,120
2026-02-05 09:34:50,672.935,672.95,1,671.3,80,674.57,120,674.57,671.3,671.3,80,671.23,40,671.02,120,670.85,120,670.84,200,670.83,160,670.53,160,670.28,120,670.1,120,670.07,120,674.57,120,674.58,240,674.85,160,675.0,80,675.45,80,675.46,160,675.68,80,676.44,40,676.45,80,676.46,320
2026-02-05 09:34:51,672.93,673.82,2,671.3,80,674.56,160,674.56,671.3,671.3,80,671.23,40,671.02,120,670.85,120,670.84,200,670.83,160,670.53,160,670.28,120,670.1,120,670.07,120,674.56,160,674.57,80,674.58,240,674.85,160,675.0,80,675.45,80,675.46,160,675.68,80,676.44,40,676.45,80
2026-02-05 09:34:52,672.925,672.93,10,671.3,80,674.55,160,674.55,671.3,671.3,80,671.23,40,671.02,120,670.85,120,670.84,200,670.83,160,670.53,160,670.28,120,670.1,120,670.07,120,674.55,160,674.56,200,674.57,80,674.58,240,674.85,160,675.0,80,675.45,80,675.46,160,675.68,80,676.44,40
2026-02-05 09:34:53,672.915,673.9,1,671.3,80,674.53,160,674.53,671.3,671.3,80,671.23,40,671.02,120,670.85,120,670.84,200,670.83,160,670.53,160,670.28,120,670.1,120,670.07,120,674.53,160,674.55,80,674.56,200,674.57,80,674.58,240,674.85,160,675.0,80,675.45,80,675.46,160,675.68,80
2026-02-05 09:34:54,672.91,673.9,1,671.3,80,674.52,160,674.52,671.3,671.3,80,671.23,40,671.02,120,670.85,120,670.84,200,670.83,160,670.53,160,670.28,120,670.1,120,670.07,120,674.52,160,674.53,280,674.55,80,674.56,200,674.57,80,674.58,240,674.85,160,675.0,80,675.45,80,675.46,160
2026-02-05 09:34:55,672.905,672.83,1,671.3,80,674.51,160,674.51,671.3,671.3,80,671.23,40,671.02,120,670.85,120,670.84,200,670.83,160,670.53,160,670.28,120,670.1,120,670.07,120,674.51,160,674.53,200,674.55,80,674.56,200,674.57,80,674.58,240,674.85,160,675.0,80,675.45,80,675.46,160
2026-02-05 09:34:56,672.9,672.9,1,671.3,80,674.5,160,674.5,671.3,671.3,80,671.23,40,671.02,120,670.85,120,670.84,200,670.83,160,670.53,160,670.28,120,670.1,120,670.07,120,674.5,160,674.51,80,674.53,200,674.55,80,674.56,200,674.57,80,674.58,240,674.85,160,675.0,80,675.45,80
2026-02-05 09:34:57,672.835,672.9,1,671.25,80,674.42,160,674.42,671.25,671.25,80,671.23,40,671.02,120,670.85,120,670.84,200,670.83,160,670.53,160,670.28,120,670.1,120,670.07,120,674.42,160,674.43,80,674.53,200,674.55,80,674.56,200,674.57,80,674.58,240,674.85,160,675.0,80,675.45,80
2026-02-05 09:34:58,672.715,672.84,1,671.25,80,674.18,200,674.18,671.25,671.25,80,671.23,40,671.02,120,670.85,120,670.84,200,670.83,160,670.53,160,670.28,120,670.1,120,670.07,120,674.18,200,674.42,280,674.43,80,674.53,200,674.55,80,674.56,200,674.57,80,674.58,240,674.85,160,675.0,80
2026-02-05 09:34:59,672.71,672.84,1,671.25,80,674.17,160,674.17,671.25,671.25,80,671.23,40,671.02,120,670.85,120,670.84,200,670.83,160,670.53,160,670.28,120,670.1,120,670.07,120,674.17,160,674.18,80,674.42,280,674.43,80,674.53,200,674.55,80,674.56,200,674.57,80,674.58,240,674.85,160
2026-02-05 09:35:00,673.13,672.71,1,672.32,120,673.94,160,673.94,672.32,672.32,120,671.85,120,671.49,40,671.25,80,671.23,40,671.02,120,670.85,120,670.84,200,670.83,160,670.53,160,673.94,160,674.17,280,674.18,80,674.42,280,674.43,80,674.53,200,674.55,80,674.56,200,674.57,80,674.58,240
2026-02-05 09:35:01,673.13,672.71,1,672.32,120,673.94,160,673.94,672.32,672.32,120,671.85,120,671.49,40,671.25,80,671.23,40,671.02,120,670.85,120,670.84,200,670.83,160,670.53,160,673.94,160,674.17,280,674.18,80,674.42,280,674.43,80,674.53,200,674.55,80,674.56,200,674.57,80,674.58,240
2026-02-05 09:35:02,673.13,673.13,1,672.32,120,673.94,240,673.94,672.32,672.32,120,671.85,120,671.49,40,671.25,80,671.23,40,671.02,120,670.85,120,670.84,200,670.83,160,670.53,160,673.94,240,674.17,280,674.18,80,674.42,280,674.43,80,674.53,200,674.55,80,674.56,200,674.57,80,674.58,240
2026-02-05 09:35:03,673.13,673.13,5,672.32,120,673.94,280,673.94,672.32,672.32,120,671.85,120,671.49,40,671.25,80,671.23,40,671.02,120,670.85,120,670.84,200,670.83,160,670.53,160,673.94,280,674.17,280,674.18,80,674.42,280,674.43,80,674.53,200,674.55,80,674.56,200,674.57,80,674.58,240
2026-02-05 09:35:04,673.14,673.13,5,672.34,240,673.94,280,673.94,672.34,672.34,240,672.32,120,671.85,120,671.49,40,671.25,80,671.23,40,671.02,120,670.85,120,670.84,200,670.83,160,673.94,280,674.17,280,674.18,80,674.42,280,674.43,80,674.53,200,674.55,80,674.56,200,674.57,80,674.58,240
2026-02-05 09:35:05,673.14,673.13,5,672.34,240,673.94,280,673.94,672.34,672.34,240,672.32,120,671.85,120,671.49,40,671.25,80,671.23,40,671.02,120,670.85,120,670.84,200,670.83,160,673.94,280,674.17,280,674.18,80,674.42,280,674.43,80,674.53,200,674.55,80,674.56,200,674.57,80,674.58,240
2026-02-05 09:35:06,673.14,673.13,5,672.34,240,673.94,280,673.94,672.34,672.34,240,672.32,120,671.85,120,671.49,40,671.25,80,671.23,40,671.02,120,670.85,120,670.84,200,670.83,160,673.94,280,674.17,280,674.18,80,674.42,280,674.43,80,674.53,200,674.55,80,674.56,200,674.57,80,674.58,240
2026-02-05 09:35:07,673.14,673.13,5,672.34,280,673.94,280,673.94,672.34,672.34,280,672.32,120,671.85,120,671.49,40,671.25,80,671.23,40,671.02,120,670.85,120,670.84,200,670.83,160,673.94,280,674.17,280,674.18,80,674.42,280,674.43,80,674.53,200,674.55,80,674.56,200,674.57,80,674.58,240
2026-02-05 09:35:08,673.14,673.13,5,672.34,320,673.94,240,673.94,672.34,672.34,320,672.32,120,671.85,120,671.49,40,671.25,80,671.23,40,671.02,120,670.85,120,670.84,200,670.83,160,673.94,240,674.17,280,674.18,80,674.42,280,674.43,80,674.53,200,674.55,80,674.56,200,674.57,80,674.58,240
2026-02-05 09:35:09,673.14,673.13,5,672.34,320,673.94,240,673.94,672.34,672.34,320,672.32,120,671.85,120,671.49,40,671.25,80,671.23,40,671.02,120,670.85,120,670.84,200,670.83,160,673.94,240,674.17,280,674.18,80,674.42,280,674.43,80,674.53,200,674.55,80,674.56,200,674.57,80,674.58,240
2026-02-05 09:35:10,674.34,674.27,1,673.83,120,674.85,40,674.85,673.83,673.83,120,673.14,120,673.1,40,672.66,120,672.6,120,672.35,160,672.34,320,672.32,120,671.85,120,671.49,40,674.85,40,675.45,120,675.46,160,675.68,80,676.44,40,676.45,80,676.46,320,676.47,120,676.48,40,676.5,120
2026-02-05 09:35:11,674.645,674.27,1,673.84,120,675.45,160,675.45,673.84,673.84,120,672.91,80,672.42,120,672.35,160,672.34,320,672.32,120,671.85,120,671.49,40,671.25,80,671.23,40,675.45,160,675.46,160,675.68,80,676.44,40,676.45,80,676.46,320,676.47,120,676.48,40,676.5,120,676.66,80
2026-02-05 09:35:12,675.125,675.51,1,673.87,160,676.38,200,676.38,673.87,673.87,160,673.85,200,673.84,120,672.91,80,672.42,120,672.35,160,672.34,320,672.32,120,671.85,120,671.49,40,676.38,200,677.15,80,678.0,80,679.27,120,679.28,120,679.29,280,679.37,80,679.58,120,679.67,80,679.68,160
2026-02-05 09:35:13,675.58,675.24,1,674.78,120,676.38,200,676.38,674.78,674.78,120,673.87,200,673.85,200,673.84,120,672.91,80,672.42,120,672.35,160,672.34,320,672.32,120,671.85,120,676.38,200,677.15,80,678.0,80,679.27,120,679.28,120,679.29,280,679.37,80,679.58,120,679.67,80,679.68,160
2026-02-05 09:35:14,675.555,675.58,1,674.73,40,676.38,200,676.38,674.73,674.73,40,673.87,200,673.85,200,673.84,120,672.91,80,672.42,120,672.35,160,672.34,320,672.32,120,671.85,120,676.38,200,677.15,80,678.0,80,679.27,120,679.28,120,679.29,280,679.37,80,679.58,120,679.67,80,679.68,160
2026-02-05 09:35:15,675.555,675.58,1,674.73,40,676.38,280,676.38,674.73,674.73,40,673.87,200,673.85,200,673.84,120,672.91,80,672.42,120,672.35,160,672.34,320,672.32,120,671.85,120,676.38,280,677.15,80,678.0,80,679.27,120,679.28,120,679.29,280,679.37,80,679.58,120,679.67,80,679.68,160
2026-02-05 09:35:16,675.58,675.58,1,674.78,120,676.38,280,676.38,674.78,674.78,120,674.73,40,673.87,200,673.85,200,673.84,120,672.91,80,672.42,120,672.35,160,672.34,320,672.32,120,676.38,280,677.15,80,678.0,80,679.27,120,679.28,120,679.29,280,679.37,80,679.58,120,679.67,80,679.68,160
2026-02-05 09:35:17,675.58,675.56,1,674.78,120,676.38,280,676.38,674.78,674.78,120,674.73,40,673.87,200,673.85,200,673.84,120,672.91,80,672.42,120,672.35,160,672.34,320,672.32,120,676.38,280,677.15,80,678.0,80,679.27,120,679.28,120,679.29,280,679.37,80,679.58,120,679.67,80,679.68,160
2026-02-05 09:35:18,675.58,675.56,1,674.78,120,676.38,280,676.38,674.78,674.78,120,674.73,40,673.87,200,673.85,200,673.84,120,672.91,80,672.42,120,672.35,160,672.34,320,672.32,120,676.38,280,677.15,80,678.0,80,679.27,120,679.28,120,679.29,280,679.37,80,679.58,120,679.67,80,679.68,160
2026-02-05 09:35:19,676.365,676.38,1,674.73,40,678.0,120,678.0,674.73,674.73,40,673.87,200,673.85,200,673.84,120,672.91,80,672.42,120,672.35,160,672.34,320,672.32,120,671.85,120,678.0,120,679.27,120,679.28,120,679.29,280,679.37,80,679.58,120,679.67,80,679.68,160,680.59,120,680.6,240
2026-02-05 09:35:20,676.515,676.38,1,675.03,120,678.0,80,678.0,675.03,675.03,120,674.73,40,673.87,200,673.85,200,673.84,120,672.91,80,672.42,120,672.35,160,672.34,320,672.32,120,678.0,80,679.27,120,679.28,120,679.29,280,679.37,80,679.58,120,679.67,80,679.68,160,680.59,120,680.6,240
2026-02-05 09:35:21,676.52,676.3,1,675.04,80,678.0,80,678.0,675.04,675.04,80,674.73,40,673.87,200,673.85,200,673.84,120,672.91,80,672.42,120,672.35,160,672.34,320,672.32,120,678.0,80,679.27,120,679.28,120,679.29,280,679.37,80,679.58,120,679.67,80,679.68,160,680.59,120,680.6,240
2026-02-05 09:35:22,676.52,676.3,1,675.04,200,678.0,80,678.0,675.04,675.04,200,674.73,40,673.87,200,673.85,200,673.84,120,672.91,80,672.42,120,672.35,160,672.34,320,672.32,120,678.0,80,679.27,120,679.28,120,679.29,280,679.37,80,679.58,120,679.67,80,679.68,160,680.59,120,680.6,240
2026-02-05 09:35:23,676.52,676.3,1,675.04,200,678.0,80,678.0,675.04,675.04,200,674.73,40,673.87,200,673.85,200,673.84,120,672.91,80,672.42,120,672.35,160,672.34,320,672.32,120,678.0,80,679.27,120,679.28,120,679.29,280,679.37,80,679.58,120,679.67,80,679.68,160,680.59,120,680.6,240
2026-02-05 09:35:24,676.095,676.3,1,675.04,200,677.15,40,677.15,675.04,675.04,200,674.73,40,673.87,200,673.85,200,673.84,120,672.91,80,672.42,120,672.35,160,672.34,320,672.32,120,677.15,40,678.0,80,679.27,120,679.28,120,679.29,280,679.37,80,679.58,120,679.67,80,679.68,160,680.59,120
2026-02-05 09:35:25,676.095,676.3,1,675.04,200,677.15,40,677.15,675.04,675.04,200,674.73,40,673.87,200,673.85,200,673.84,120,672.91,80,672.42,120,672.35,160,672.34,320,672.32,120,677.15,40,678.0,80,679.27,120,679.28,120,679.29,280,679.37,80,679.58,120,679.67,80,679.68,160,680.59,120
2026-02-05 09:35:26,676.095,676.3,1,675.04,200,677.15,40,677.15,675.04,675.04,200,674.73,40,673.87,200,673.85,200,673.84,120,672.91,80,672.42,120,672.35,160,672.34,320,672.32,120,677.15,40,678.0,80,679.27,120,679.28,120,679.29,280,679.37,80,679.58,120,679.67,80,679.68,160,680.59,120
2026-02-05 09:35:27,676.095,676.3,1,675.04,80,677.15,40,677.15,675.04,675.04,80,674.73,40,673.87,200,673.85,200,673.84,120,672.91,80,672.42,120,672.35,160,672.34,320,672.32,120,677.15,40,678.0,80,679.27,120,679.28,120,679.29,280,679.37,80,679.58,120,679.67,80,679.68,160,680.59,120
2026-02-05 09:35:28,676.145,676.3,1,675.14,120,677.15,40,677.15,675.14,675.14,120,675.04,80,674.73,40,673.87,200,673.85,200,673.84,120,672.91,80,672.42,120,672.35,160,672.34,320,677.15,40,678.0,80,679.27,120,679.28,120,679.29,280,679.37,80,679.58,120,679.67,80,679.68,160,680.59,120
2026-02-05 09:35:29,676.145,676.15,1,675.14,120,677.15,160,677.15,675.14,675.14,120,675.04,80,674.73,40,673.87,200,673.85,200,673.84,120,672.91,80,672.42,120,672.35,160,672.34,320,677.15,160,678.0,80,679.27,120,679.28,120,679.29,280,679.37,80,679.58,120,679.67,80,679.68,160,680.59,120
2026-02-05 09:35:30,676.235,676.15,1,675.32,120,677.15,200,677.15,675.32,675.32,120,675.14,120,675.04,80,674.73,40,673.87,200,673.85,200,673.84,120,672.91,80,672.42,120,672.35,160,677.15,200,678.0,80,679.27,120,679.28,120,679.29,280,679.37,80,679.58,120,679.67,80,679.68,160,680.59,120
2026-02-05 09:35:31,676.235,675.83,2,675.32,160,677.15,160,677.15,675.32,675.32,160,675.14,120,675.04,80,674.73,40,673.87,200,673.85,200,673.84,120,672.91,80,672.42,120,672.35,160,677.15,160,678.0,80,679.27,120,679.28,120,679.29,280,679.37,80,679.58,120,679.67,80,679.68,160,680.59,120
2026-02-05 09:35:32,676.235,675.83,2,675.32,160,677.15,160,677.15,675.32,675.32,160,675.14,120,675.04,80,674.73,40,673.87,200,673.85,200,673.84,120,672.91,80,672.42,120,672.35,160,677.15,160,678.0,80,679.27,120,679.28,120,679.29,280,679.37,80,679.58,120,679.67,80,679.68,160,680.59,120
2026-02-05 09:35:33,674.725,675.18,1,673.94,40,675.51,400,675.51,673.94,673.94,40,673.87,200,673.85,200,673.84,120,672.91,80,672.42,120,672.35,160,672.34,320,672.32,120,671.85,120,675.51,400,675.72,80,675.92,40,676.51,120,676.52,200,677.15,160,678.0,80,679.27,120,679.28,120,679.29,280
2026-02-05 09:35:34,674.64,675.18,1,673.94,40,675.34,80,675.34,673.94,673.94,40,673.87,200,673.85,200,673.84,120,672.91,80,672.42,120,672.35,160,672.34,320,672.32,120,671.85,120,675.34,80,675.5,240,675.51,440,675.72,80,675.92,40,676.51,120,676.52,200,677.15,160,678.0,80,679.27,120
2026-02-05 09:35:35,674.64,674.64,2,673.94,40,675.34,40,675.34,673.94,673.94,40,673.87,200,673.85,200,673.84,120,672.91,80,672.42,120,672.35,160,672.34,320,672.32,120,671.85,120,675.34,40,675.5,240,675.51,440,675.72,80,675.92,40,676.51,120,676.52,200,677.15,160,678.0,80,679.27,120
2026-02-05 09:35:36,674.64,674.64,2,673.94,40,675.34,280,675.34,673.94,673.94,40,673.87,200,673.85,200,673.84,120,672.91,80,672.42,120,672.35,160,672.34,320,672.32,120,671.85,120,675.34,280,675.5,240,675.51,440,675.72,80,675.92,40,676.51,120,676.52,200,677.15,160,678.0,80,679.27,120
2026-02-05 09:35:37,674.64,674.64,2,673.94,40,675.34,320,675.34,673.94,673.94,40,673.87,200,673.85,200,673.84,120,672.91,80,672.42,120,672.35,160,672.34,320,672.32,120,671.85,120,675.34,320,675.5,240,675.51,440,675.72,80,675.92,40,676.51,120,676.52,200,677.15,160,678.0,80,679.27,120
2026-02-05 09:35:38,673.7,674.64,1,672.42,200,674.98,120,674.98,672.64,672.42,200,672.35,160,672.34,320,672.32,120,671.85,120,671.49,40,671.25,80,671.23,40,671.02,120,670.85,120,674.98,160,675.33,120,675.34,360,675.5,240,675.51,440,675.72,80,675.92,40,676.51,120,676.52,200,677.15,160
2026-02-05 09:35:39,673.625,673.81,1,672.64,80,674.61,120,674.61,672.64,672.64,80,672.42,200,672.35,160,672.34,320,672.32,120,671.85,120,671.49,40,671.25,80,671.23,40,671.02,120,674.61,120,674.98,200,675.33,120,675.34,360,675.5,240,675.51,440,675.72,80,675.92,40,676.51,120,676.52,200
2026-02-05 09:35:40,676.005,675.34,1,674.61,200,677.4,40,677.4,674.61,674.61,200,674.6,160,672.65,80,672.64,80,672.42,200,672.35,160,672.34,320,672.32,120,671.85,120,671.49,40,677.4,40,678.0,80,679.27,120,679.28,120,679.29,280,679.37,80,679.58,120,679.67,80,679.68,160,680.59,120
2026-02-05 09:35:41,675.615,675.34,1,674.13,120,677.1,80,677.1,674.13,674.13,120,672.99,40,672.65,80,672.64,80,672.42,200,672.35,160,672.34,320,672.32,120,671.85,120,671.49,40,677.1,80,677.53,80,678.0,80,679.27,120,679.28,120,679.29,280,679.37,80,679.58,120,679.67,80,679.68,160
2026-02-05 09:35:42,674.945,675.34,1,674.13,120,675.76,80,675.76,674.13,674.13,120,672.99,40,672.65,80,672.64,80,672.42,200,672.35,160,672.34,320,672.32,120,671.85,120,671.49,40,675.76,80,677.1,80,677.53,80,678.0,80,679.27,120,679.28,120,679.29,280,679.37,80,679.58,120,679.67,80
2026-02-05 09:35:43,674.945,675.34,1,674.13,120,675.76,80,675.76,674.13,674.13,120,672.99,40,672.65,80,672.64,80,672.42,200,672.35,160,672.34,320,672.32,120,671.85,120,671.49,40,675.76,80,677.1,80,677.53,80,678.0,80,679.27,120,679.28,120,679.29,280,679.37,80,679.58,120,679.67,80
2026-02-05 09:35:44,674.945,675.34,1,674.13,240,675.76,80,675.76,674.13,674.13,240,672.99,40,672.65,80,672.64,80,672.42,200,672.35,160,672.34,320,672.32,120,671.85,120,671.49,40,675.76,80,677.1,80,677.53,80,678.0,80,679.27,120,679.28,120,679.29,280,679.37,80,679.58,120,679.67,80
2026-02-05 09:35:45,674.945,675.34,1,674.13,120,675.76,80,675.76,674.13,674.13,120,672.99,40,672.65,80,672.64,80,672.42,200,672.35,160,672.34,320,672.32,120,671.85,120,671.49,40,675.76,80,677.1,80,677.53,80,678.0,80,679.27,120,679.28,120,679.29,280,679.37,80,679.58,120,679.67,80
2026-02-05 09:35:46,674.945,675.34,1,674.13,240,675.76,80,675.76,674.13,674.13,240,672.99,40,672.65,80,672.64,80,672.42,200,672.35,160,672.34,320,672.32,120,671.85,120,671.49,40,675.76,80,677.1,80,677.53,80,678.0,80,679.27,120,679.28,120,679.29,280,679.37,80,679.58,120,679.67,80
2026-02-05 09:35:47,674.945,675.34,1,674.13,120,675.76,160,675.76,674.13,674.13,120,672.99,40,672.65,80,672.64,80,672.42,200,672.35,160,672.34,320,672.32,120,671.85,120,671.49,40,675.76,160,677.1,80,677.53,80,678.0,80,679.27,120,679.28,120,679.29,280,679.37,80,679.58,120,679.67,80
2026-02-05 09:35:48,673.96,673.96,1,673.01,80,674.91,40,674.91,673.01,673.01,80,672.99,40,672.65,80,672.64,80,672.42,200,672.35,160,672.34,320,672.32,120,671.85,120,671.49,40,674.91,40,675.1,160,675.76,160,677.1,80,677.53,80,678.0,80,679.27,120,679.28,120,679.29,280,679.37,80
2026-02-05 09:35:49,673.96,673.96,1,673.01,80,674.91,40,674.91,673.01,673.01,80,672.99,40,672.65,80,672.64,80,672.42,200,672.35,160,672.34,320,672.32,120,671.85,120,671.49,40,674.91,40,675.1,160,675.76,160,677.1,80,677.53,80,678.0,80,679.27,120,679.28,120,679.29,280,679.37,80
2026-02-05 09:35:50,674.3,673.96,1,673.69,120,674.91,40,674.91,673.69,673.69,120,673.01,80,672.99,40,672.65,80,672.64,80,672.42,200,672.35,160,672.34,320,672.32,120,671.85,120,674.91,40,675.1,160,675.76,160,677.1,80,677.53,80,678.0,80,679.27,120,679.28,120,679.29,280,679.37,80
2026-02-05 09:35:51,674.3,673.96,1,673.69,120,674.91,40,674.91,673.69,673.69,120,673.01,80,672.99,40,672.65,80,672.64,80,672.42,200,672.35,160,672.34,320,672.32,120,671.85,120,674.91,40,675.1,160,675.76,160,677.1,80,677.53,80,678.0,80,679.27,120,679.28,120,679.29,280,679.37,80
2026-02-05 09:35:52,673.96,673.96,1,673.01,80,674.91,40,674.91,673.01,673.01,80,672.99,40,672.65,80,672.64,80,672.42,200,672.35,160,672.34,320,672.32,120,671.85,120,671.49,40,674.91,40,675.1,160,675.76,160,677.1,80,677.53,80,678.0,80,679.27,120,679.28,120,679.29,280,679.37,80
2026-02-05 09:35:53,673.96,673.96,1,673.01,80,674.91,120,674.91,673.01,673.01,80,672.99,40,672.65,80,672.64,80,672.42,200,672.35,160,672.34,320,672.32,120,671.85,120,671.49,40,674.91,120,675.1,160,675.76,160,677.1,80,677.53,80,678.0,80,679.27,120,679.28,120,679.29,280,679.37,80
2026-02-05 09:35:54,673.96,673.96,1,673.01,80,674.91,120,674.91,673.01,673.01,80,672.99,40,672.65,80,672.64,80,672.42,200,672.35,160,672.34,320,672.32,120,671.85,120,671.49,40,674.91,120,675.1,160,675.76,160,677.1,80,677.53,80,678.0,80,679.27,120,679.28,120,679.29,280,679.37,80
2026-02-05 09:35:55,673.96,673.96,1,673.01,80,674.91,120,674.91,673.01,673.01,80,672.99,40,672.65,80,672.64,80,672.42,200,672.35,160,672.34,320,672.32,120,671.85,120,671.49,40,674.91,120,675.1,160,675.76,160,677.1,80,677.53,80,678.0,80,679.27,120,679.28,120,679.29,280,679.37,80
2026-02-05 09:35:56,673.96,673.96,1,673.01,80,674.91,120,674.91,673.01,673.01,80,672.99,40,672.65,80,672.64,80,672.42,200,672.35,160,672.34,320,672.32,120,671.85,120,671.49,40,674.91,120,675.1,160,675.76,160,677.1,80,677.53,80,678.0,80,679.27,120,679.28,120,679.29,280,679.37,80
2026-02-05 09:35:57,673.96,673.96,1,673.01,80,674.91,120,674.91,673.01,673.01,80,672.99,40,672.65,80,672.64,80,672.42,200,672.35,160,672.34,320,672.32,120,671.85,120,671.49,40,674.91,120,675.1,160,675.76,160,677.1,80,677.53,80,678.0,80,679.27,120,679.28,120,679.29,280,679.37,80
2026-02-05 09:35:58,673.96,673.96,1,673.01,80,674.91,120,674.91,673.01,673.01,80,672.99,40,672.65,80,672.64,80,672.42,200,672.35,160,672.34,320,672.32,120,671.85,120,671.49,40,674.91,120,675.1,160,675.76,160,677.1,80,677.53,80,678.0,80,679.27,120,679.28,120,679.29,280,679.37,80
2026-02-05 09:35:59,673.96,673.01,3,673.01,80,674.91,120,674.91,673.01,673.01,80,672.99,40,672.65,80,672.64,80,672.42,200,672.35,160,672.34,320,672.32,120,671.85,120,671.49,40,674.91,120,675.1,160,675.76,160,677.1,80,677.53,80,678.0,80,679.27,120,679.28,120,679.29,280,679.37,80
2026-02-05 09:36:00,674.035,673.01,3,673.16,80,674.91,200,674.91,673.16,673.16,80,673.01,80,672.99,40,672.65,80,672.64,80,672.42,200,672.35,160,672.34,320,672.32,120,671.85,120,674.91,200,675.1,160,675.76,160,677.1,80,677.53,80,678.0,80,679.27,120,679.28,120,679.29,280,679.37,80
2026-02-05 09:36:02,674.37,673.01,3,673.83,120,674.91,200,674.91,673.83,673.83,120,673.16,80,673.01,80,672.99,40,672.65,80,672.64,80,672.42,200,672.35,160,672.34,320,672.32,120,674.91,200,675.1,160,675.76,160,677.1,80,677.53,80,678.0,80,679.27,120,679.28,120,679.29,280,679.37,80
2026-02-05 09:36:02,674.375,673.01,3,673.84,160,674.91,200,674.91,673.84,673.84,160,673.83,120,673.16,80,673.01,80,672.99,40,672.65,80,672.64,80,672.42,200,672.35,160,672.34,320,674.91,200,675.1,160,675.76,160,677.1,80,677.53,80,678.0,80,679.27,120,679.28,120,679.29,280,679.37,80
2026-02-05 09:36:04,674.375,673.01,3,673.84,160,674.91,240,674.91,673.84,673.84,160,673.83,120,673.16,80,673.01,80,672.99,40,672.65,80,672.64,80,672.42,200,672.35,160,672.34,320,674.91,240,675.1,160,675.76,160,677.1,80,677.53,80,678.0,80,679.27,120,679.28,120,679.29,280,679.37,80
2026-02-05 09:36:05,673.435,673.01,3,672.49,40,674.38,80,674.38,672.49,672.49,40,672.42,200,672.35,160,672.34,320,672.32,120,671.85,120,671.49,40,671.25,80,671.23,40,671.02,120,674.38,80,674.91,240,675.1,160,675.76,160,677.1,80,677.53,80,678.0,80,679.27,120,679.28,120,679.29,280
2026-02-05 09:36:06,673.435,673.01,3,672.49,40,674.38,80,674.38,672.49,672.49,40,672.42,200,672.35,160,672.34,320,672.32,120,671.85,120,671.49,40,671.25,80,671.23,40,671.02,120,674.38,80,674.91,240,675.1,160,675.76,160,677.1,80,677.53,80,678.0,80,679.27,120,679.28,120,679.29,280
2026-02-05 09:36:06,673.685,673.01,3,672.99,120,674.38,80,674.38,672.99,672.99,120,672.49,40,672.42,200,672.35,160,672.34,320,672.32,120,671.85,120,671.49,40,671.25,80,671.23,40,674.38,80,674.91,240,675.1,160,675.76,160,677.1,80,677.53,80,678.0,80,679.27,120,679.28,120,679.29,280
2026-02-05 09:36:07,673.685,673.01,3,672.99,120,674.38,80,674.38,672.99,672.99,120,672.49,40,672.42,200,672.35,160,672.34,320,672.32,120,671.85,120,671.49,40,671.25,80,671.23,40,674.38,80,674.91,240,675.1,160,675.76,160,677.1,80,677.53,80,678.0,80,679.27,120,679.28,120,679.29,280
2026-02-05 09:36:08,673.685,673.01,3,672.99,120,674.38,80,674.38,672.99,672.99,120,672.49,40,672.42,200,672.35,160,672.34,320,672.32,120,671.85,120,671.49,40,671.25,80,671.23,40,674.38,80,674.91,240,675.1,160,675.76,160,677.1,80,677.53,80,678.0,80,679.27,120,679.28,120,679.29,280
2026-02-05 09:36:09,673.09,673.01,3,672.49,40,673.69,80,673.69,672.49,672.49,40,672.42,200,672.35,160,672.34,320,672.32,120,671.85,120,671.49,40,671.25,80,671.23,40,671.02,120,673.69,80,674.38,80,674.91,240,675.1,160,675.76,160,677.1,80,677.53,80,678.0,80,679.27,120,679.28,120
2026-02-05 09:36:11,673.015,673.02,1,672.34,120,673.69,80,673.69,672.34,672.34,120,672.0,120,671.85,120,671.49,40,671.25,80,671.23,40,671.02,120,670.85,120,670.84,200,670.83,160,673.69,80,674.38,80,674.91,240,675.1,160,675.76,160,677.1,80,677.53,80,678.0,80,679.27,120,679.28,120
2026-02-05 09:36:12,673.015,673.02,1,672.34,120,673.69,80,673.69,672.34,672.34,120,672.0,120,671.85,120,671.49,40,671.25,80,671.23,40,671.02,120,670.85,120,670.84,200,670.83,160,673.69,80,674.38,80,674.91,240,675.1,160,675.76,160,677.1,80,677.53,80,678.0,80,679.27,120,679.28,120
2026-02-05 09:36:13,673.015,673.02,1,672.34,120,673.69,80,673.69,672.34,672.34,120,672.0,120,671.85,120,671.49,40,671.25,80,671.23,40,671.02,120,670.85,120,670.84,200,670.83,160,673.69,80,674.38,80,674.91,240,675.1,160,675.76,160,677.1,80,677.53,80,678.0,80,679.27,120,679.28,120
2026-02-05 09:36:13,673.015,673.02,1,672.34,120,673.69,80,673.69,672.34,672.34,120,672.0,120,671.85,120,671.49,40,671.25,80,671.23,40,671.02,120,670.85,120,670.84,200,670.83,160,673.69,80,674.38,80,674.91,240,675.1,160,675.76,160,677.1,80,677.53,80,678.0,80,679.27,120,679.28,120
2026-02-05 09:36:15,674.84,673.7,1,673.77,120,675.91,80,675.91,673.78,673.77,120,673.7,120,673.32,40,673.3,40,673.03,80,673.02,200,673.01,160,672.67,80,672.52,80,672.34,120,675.91,80,677.1,80,677.53,80,678.0,80,679.27,120,679.28,120,679.29,280,679.37,80,679.58,120,679.67,80
2026-02-05 09:36:16,674.855,673.7,1,673.78,120,675.93,80,675.93,673.78,673.78,120,673.02,240,673.01,160,672.67,80,672.52,80,672.34,120,672.0,120,671.85,120,671.49,40,671.25,80,675.93,80,677.1,80,677.53,80,678.0,80,679.27,120,679.28,120,679.29,280,679.37,80,679.58,120,679.67,80
2026-02-05 09:36:17,675.395,673.7,1,674.86,120,675.93,80,675.93,674.86,674.86,120,674.18,80,673.44,80,673.02,240,673.01,160,672.67,80,672.52,80,672.34,120,672.0,120,671.85,120,675.93,80,677.1,80,677.53,80,678.0,80,679.27,120,679.28,120,679.29,280,679.37,80,679.58,120,679.67,80
2026-02-05 09:36:18,675.395,673.7,1,674.86,120,675.93,80,675.93,674.86,674.86,120,674.18,80,673.44,80,673.02,240,673.01,160,672.67,80,672.52,80,672.34,120,672.0,120,671.85,120,675.93,80,677.1,80,677.53,80,678.0,80,679.27,120,679.28,120,679.29,280,679.37,80,679.58,120,679.67,80
2026-02-05 09:36:19,674.505,674.36,1,673.31,80,675.7,40,675.7,673.31,673.31,80,673.02,240,673.01,160,672.67,80,672.52,80,672.34,120,672.0,120,671.85,120,671.49,40,671.25,80,675.7,40,675.72,40,675.93,80,677.1,80,677.53,80,678.0,80,679.27,120,679.28,120,679.29,280,679.37,80
2026-02-05 09:36:20,674.22,674.36,1,673.02,240,675.42,120,675.42,673.02,673.02,240,673.01,160,672.67,80,672.52,80,672.34,120,672.0,120,671.85,120,671.49,40,671.25,80,671.23,40,675.42,120,675.7,80,675.72,40,675.93,80,677.1,80,677.53,80,678.0,80,679.27,120,679.28,120,679.29,280
2026-02-05 09:36:21,674.22,674.36,1,673.02,240,675.42,120,675.42,673.02,673.02,240,673.01,160,672.67,80,672.52,80,672.34,120,672.0,120,671.85,120,671.49,40,671.25,80,671.23,40,675.42,120,675.7,80,675.72,40,675.93,80,677.1,80,677.53,80,678.0,80,679.27,120,679.28,120,679.29,280
2026-02-05 09:36:22,674.22,674.36,1,673.02,240,675.42,120,675.42,673.02,673.02,240,673.01,160,672.67,80,672.52,80,672.34,120,672.0,120,671.85,120,671.49,40,671.25,80,671.23,40,675.42,120,675.7,80,675.72,40,675.93,80,677.1,80,677.53,80,678.0,80,679.27,120,679.28,120,679.29,280
2026-02-05 09:36:23,674.01,674.36,1,673.02,240,675.0,120,675.0,673.02,673.02,240,673.01,160,672.67,80,672.52,80,672.34,120,672.0,120,671.85,120,671.49,40,671.25,80,671.23,40,675.0,120,675.42,120,675.7,80,675.72,40,675.93,80,677.1,80,677.53,80,678.0,80,679.27,120,679.28,120
2026-02-05 09:36:24,674.01,674.36,1,673.02,240,675.0,200,675.0,673.02,673.02,240,673.01,160,672.67,80,672.52,80,672.34,120,672.0,120,671.85,120,671.49,40,671.25,80,671.23,40,675.0,200,675.42,120,675.7,80,675.72,40,675.93,80,677.1,80,677.53,80,678.0,80,679.27,120,679.28,120
2026-02-05 09:36:25,674.01,674.36,1,673.02,280,675.0,160,675.0,673.02,673.02,280,673.01,160,672.67,80,672.52,80,672.34,120,672.0,120,671.85,120,671.49,40,671.25,80,671.23,40,675.0,160,675.42,120,675.7,80,675.72,40,675.93,80,677.1,80,677.53,80,678.0,80,679.27,120,679.28,120
2026-02-05 09:36:26,674.01,674.36,1,673.02,400,675.0,160,675.0,673.02,673.02,400,673.01,160,672.67,80,672.52,80,672.34,120,672.0,120,671.85,120,671.49,40,671.25,80,671.23,40,675.0,160,675.42,120,675.7,80,675.72,40,675.93,80,677.1,80,677.53,80,678.0,80,679.27,120,679.28,120
2026-02-05 09:36:27,673.51,674.36,1,673.02,400,674.0,80,674.0,673.02,673.02,400,673.01,160,672.67,80,672.52,80,672.34,120,672.0,120,671.85,120,671.49,40,671.25,80,671.23,40,674.0,80,675.0,160,675.42,120,675.7,80,675.72,40,675.93,80,677.1,80,677.53,80,678.0,80,679.27,120
2026-02-05 09:36:28,673.51,674.36,1,673.02,400,674.0,80,674.0,673.02,673.02,400,673.01,160,672.67,80,672.52,80,672.34,120,672.0,120,671.85,120,671.49,40,671.25,80,671.23,40,674.0,80,675.0,160,675.42,120,675.7,80,675.72,40,675.93,80,677.1,80,677.53,80,678.0,80,679.27,120
2026-02-05 09:36:29,673.515,673.52,1,673.03,160,674.0,80,674.0,673.03,673.03,160,673.02,400,673.01,160,672.67,80,672.52,80,672.34,120,672.0,120,671.85,120,671.49,40,671.25,80,674.0,80,675.0,160,675.42,120,675.7,80,675.72,40,675.93,80,677.1,80,677.53,80,678.0,80,679.27,120
2026-02-05 09:36:30,673.515,673.52,1,673.03,160,674.0,80,674.0,673.03,673.03,160,673.02,400,673.01,160,672.67,80,672.52,80,672.34,120,672.0,120,671.85,120,671.49,40,671.25,80,674.0,80,675.0,160,675.42,120,675.7,80,675.72,40,675.93,80,677.1,80,677.53,80,678.0,80,679.27,120
2026-02-05 09:36:31,673.515,673.52,1,673.03,160,674.0,120,674.0,673.03,673.03,160,673.02,400,673.01,160,672.67,80,672.52,80,672.34,120,672.0,120,671.85,120,671.49,40,671.25,80,674.0,120,675.0,160,675.42,120,675.7,80,675.72,40,675.93,80,677.1,80,677.53,80,678.0,80,679.27,120
2026-02-05 09:36:32,673.4,673.52,1,673.03,160,673.77,40,673.77,673.03,673.03,160,673.02,400,673.01,160,672.67,80,672.52,80,672.34,120,672.0,120,671.85,120,671.49,40,671.25,80,673.77,40,674.0,120,675.0,160,675.42,120,675.7,80,675.72,40,675.93,80,677.1,80,677.53,80,678.0,80
2026-02-05 09:36:33,672.995,673.77,1,672.22,80,673.77,80,673.77,672.22,672.22,80,672.01,80,672.0,120,671.85,120,671.49,40,671.25,80,671.23,40,671.02,120,670.85,120,670.84,200,673.77,80,674.0,120,675.0,160,675.42,120,675.7,80,675.72,40,675.93,80,677.1,80,677.53,80,678.0,80
2026-02-05 09:36:34,673.335,673.77,1,672.9,120,673.77,160,673.77,672.9,672.9,120,672.22,80,672.01,80,672.0,120,671.85,120,671.49,40,671.25,80,671.23,40,671.02,120,670.85,120,673.77,160,674.0,120,675.0,160,675.42,120,675.7,80,675.72,40,675.93,80,677.1,80,677.53,80,678.0,80
2026-02-05 09:36:35,673.96,673.77,1,672.34,40,675.58,80,675.58,672.34,672.34,40,672.22,80,672.01,80,672.0,120,671.85,120,671.49,40,671.25,80,671.23,40,671.02,120,670.85,120,675.58,80,675.7,80,675.72,40,675.93,80,677.1,80,677.53,80,678.0,80,679.27,120,679.28,120,679.29,280
2026-02-05 09:36:36,674.02,673.77,1,672.56,120,675.48,40,675.48,672.56,672.56,120,672.2,80,672.01,80,672.0,120,671.85,120,671.49,40,671.25,80,671.23,40,671.02,120,670.85,120,675.48,40,675.58,80,675.7,80,675.72,40,675.93,80,677.1,80,677.53,80,678.0,80,679.27,120,679.28,120
2026-02-05 09:36:37,674.02,673.77,1,672.56,120,675.48,80,675.48,672.56,672.56,120,672.2,80,672.01,80,672.0,120,671.85,120,671.49,40,671.25,80,671.23,40,671.02,120,670.85,120,675.48,80,675.58,80,675.7,80,675.72,40,675.93,80,677.1,80,677.53,80,678.0,80,679.27,120,679.28,120
2026-02-05 09:36:38,674.02,673.77,1,672.56,120,675.48,80,675.48,672.56,672.56,120,672.2,80,672.01,80,672.0,120,671.85,120,671.49,40,671.25,80,671.23,40,671.02,120,670.85,120,675.48,80,675.58,80,675.7,80,675.72,40,675.93,80,677.1,80,677.53,80,678.0,80,679.27,120,679.28,120
2026-02-05 09:36:39,673.965,673.79,1,672.56,120,675.37,120,675.37,672.56,672.56,120,672.2,80,672.01,80,672.0,120,671.85,120,671.49,40,671.25,80,671.23,40,671.02,120,670.85,120,675.37,120,675.48,80,675.58,80,675.7,80,675.72,40,675.93,80,677.1,80,677.53,80,678.0,80,679.27,120
2026-02-05 09:36:40,673.78,673.79,1,672.56,120,675.0,80,675.0,672.56,672.56,120,672.2,80,672.01,80,672.0,120,671.85,120,671.49,40,671.25,80,671.23,40,671.02,120,670.85,120,675.0,80,675.37,120,675.48,80,675.58,80,675.7,80,675.72,40,675.93,80,677.1,80,677.53,80,678.0,80
2026-02-05 09:36:41,673.485,673.79,1,672.56,80,674.41,80,674.41,672.56,672.56,80,672.2,80,672.01,80,672.0,120,671.85,120,671.49,40,671.25,80,671.23,40,671.02,120,670.85,120,674.41,80,675.0,120,675.37,120,675.48,80,675.58,80,675.7,80,675.72,40,675.93,80,677.1,80,677.53,80
2026-02-05 09:36:42,673.655,673.49,1,672.9,120,674.41,80,674.41,672.9,672.9,120,672.56,80,672.2,80,672.01,80,672.0,120,671.85,120,671.49,40,671.25,80,671.23,40,671.02,120,674.41,80,675.0,120,675.37,120,675.48,80,675.58,80,675.7,80,675.72,40,675.93,80,677.1,80,677.53,80
2026-02-05 09:36:43,673.485,673.49,1,672.56,80,674.41,80,674.41,672.56,672.56,80,672.2,80,672.01,80,672.0,120,671.85,120,671.49,40,671.25,80,671.23,40,671.02,120,670.85,120,674.41,80,675.0,120,675.37,120,675.48,80,675.58,80,675.7,80,675.72,40,675.93,80,677.1,80,677.53,80
2026-02-05 09:36:44,673.485,673.49,1,672.56,80,674.41,80,674.41,672.56,672.56,80,672.2,80,672.01,80,672.0,120,671.85,120,671.49,40,671.25,80,671.23,40,671.02,120,670.85,120,674.41,80,675.0,120,675.37,120,675.48,80,675.58,80,675.7,80,675.72,40,675.93,80,677.1,80,677.53,80
2026-02-05 09:36:45,673.375,673.49,1,672.34,40,674.41,200,674.41,672.34,672.34,40,672.2,160,672.01,80,672.0,120,671.85,120,671.49,40,671.25,80,671.23,40,671.02,120,670.85,120,674.41,200,675.0,120,675.37,120,675.48,80,675.58,80,675.7,80,675.72,40,675.93,80,677.1,80,677.53,80
2026-02-05 09:36:46,673.0,673.0,2,672.34,40,673.66,120,673.66,672.34,672.34,40,672.2,160,672.01,80,672.0,120,671.85,120,671.49,40,671.25,80,671.23,40,671.02,120,670.85,120,673.66,120,674.34,80,674.4,120,674.41,240,675.0,120,675.37,120,675.48,80,675.58,80,675.7,80,675.72,40
2026-02-05 09:36:47,673.16,673.0,1,672.66,120,673.66,120,673.66,672.66,672.66,120,672.34,40,672.2,160,672.01,80,672.0,120,671.85,120,671.49,40,671.25,80,671.23,40,671.02,120,673.66,120,674.34,80,674.4,120,674.41,240,675.0,120,675.37,120,675.48,80,675.58,80,675.7,80,675.72,40
2026-02-05 09:36:48,673.405,673.0,1,672.4,120,674.41,200,674.41,672.4,672.4,120,672.35,40,672.34,280,672.2,160,672.01,80,672.0,120,671.85,120,671.49,40,671.25,80,671.23,40,674.41,200,675.0,120,675.37,120,675.48,80,675.58,80,675.7,80,675.72,40,675.93,80,677.1,80,677.53,80
2026-02-05 09:36:49,673.405,673.0,1,672.4,320,674.41,200,674.41,672.4,672.4,320,672.35,40,672.34,280,672.2,160,672.01,80,672.0,120,671.85,120,671.49,40,671.25,80,671.23,40,674.41,200,675.0,120,675.37,120,675.48,80,675.58,80,675.7,80,675.72,40,675.93,80,677.1,80,677.53,80
2026-02-05 09:36:50,673.41,674.41,1,672.41,160,674.41,160,674.41,672.41,672.41,160,672.4,320,672.35,40,672.34,280,672.2,160,672.01,80,672.0,120,671.85,120,671.49,40,671.25,80,674.41,160,675.0,120,675.37,120,675.48,80,675.58,80,675.7,80,675.72,40,675.93,80,677.1,80,677.53,80
2026-02-05 09:36:51,673.41,674.41,1,672.41,160,674.41,200,674.41,672.41,672.41,160,672.4,320,672.35,40,672.34,280,672.2,160,672.01,80,672.0,120,671.85,120,671.49,40,671.25,80,674.41,200,675.0,120,675.37,120,675.48,80,675.58,80,675.7,80,675.72,40,675.93,80,677.1,80,677.53,80
2026-02-05 09:36:52,673.41,674.41,1,672.41,160,674.41,200,674.41,672.41,672.41,160,672.4,320,672.35,40,672.34,280,672.2,160,672.01,80,672.0,120,671.85,120,671.49,40,671.25,80,674.41,200,675.0,120,675.37,120,675.48,80,675.58,80,675.7,80,675.72,40,675.93,80,677.1,80,677.53,80
2026-02-05 09:36:53,673.5,674.41,1,673.0,120,674.0,40,674.0,673.0,673.0,120,672.41,160,672.4,320,672.35,40,672.34,280,672.2,160,672.01,80,672.0,120,671.85,120,671.49,40,674.0,40,674.41,200,675.0,120,675.37,120,675.48,80,675.58,80,675.7,80,675.72,40,675.93,80,677.1,80
2026-02-05 09:36:54,673.42,674.41,1,672.84,200,674.0,80,674.0,672.84,672.84,200,672.41,160,672.4,320,672.35,40,672.34,280,672.2,160,672.01,80,672.0,120,671.85,120,671.49,40,674.0,80,674.41,200,675.0,120,675.37,120,675.48,80,675.58,80,675.7,80,675.72,40,675.93,80,677.1,80
2026-02-05 09:36:55,673.42,672.84,5,672.84,200,674.0,120,674.0,672.84,672.84,200,672.41,160,672.4,320,672.35,40,672.34,280,672.2,160,672.01,80,672.0,120,671.85,120,671.49,40,674.0,120,674.41,200,675.0,120,675.37,120,675.48,80,675.58,80,675.7,80,675.72,40,675.93,80,677.1,80
2026-02-05 09:36:56,673.42,672.84,5,672.84,200,674.0,120,674.0,672.84,672.84,200,672.41,160,672.4,320,672.35,40,672.34,280,672.2,160,672.01,80,672.0,120,671.85,120,671.49,40,674.0,120,674.41,200,675.0,120,675.37,120,675.48,80,675.58,80,675.7,80,675.72,40,675.93,80,677.1,80
2026-02-05 09:36:57,673.42,672.84,5,672.84,200,674.0,120,674.0,672.84,672.84,200,672.41,160,672.4,320,672.35,40,672.34,280,672.2,160,672.01,80,672.0,120,671.85,120,671.49,40,674.0,120,674.41,200,675.0,120,675.37,120,675.48,80,675.58,80,675.7,80,675.72,40,675.93,80,677.1,80
2026-02-05 09:36:58,673.5,672.84,5,673.0,80,674.0,120,674.0,673.0,673.0,80,672.84,200,672.41,160,672.4,320,672.35,40,672.34,280,672.2,160,672.01,80,672.0,120,671.85,120,674.0,120,674.41,200,675.0,120,675.37,120,675.48,80,675.58,80,675.7,80,675.72,40,675.93,80,677.1,80
2026-02-05 09:36:59,673.06,672.84,1,672.41,120,673.71,120,673.71,672.41,672.41,120,672.4,320,672.35,40,672.34,280,672.2,160,672.01,80,672.0,120,671.85,120,671.49,40,671.25,80,673.71,120,674.0,200,674.41,200,675.0,120,675.37,120,675.48,80,675.58,80,675.7,80,675.72,40,675.93,80
2026-02-05 09:37:00,673.06,672.84,1,672.41,240,673.71,120,673.71,672.41,672.41,240,672.4,320,672.35,40,672.34,280,672.2,160,672.01,80,672.0,120,671.85,120,671.49,40,671.25,80,673.71,120,674.0,200,674.41,200,675.0,120,675.37,120,675.48,80,675.58,80,675.7,80,675.72,40,675.93,80
2026-02-05 09:37:01,673.06,672.84,1,672.41,120,673.71,160,673.71,672.41,672.41,120,672.4,320,672.35,40,672.34,280,672.2,160,672.01,80,672.0,120,671.85,120,671.49,40,671.25,80,673.71,160,674.0,200,674.41,200,675.0,120,675.37,120,675.48,80,675.58,80,675.7,80,675.72,40,675.93,80
2026-02-05 09:37:02,673.06,672.84,1,672.41,240,673.71,160,673.71,672.41,672.41,240,672.4,320,672.35,40,672.34,280,672.2,160,672.01,80,672.0,120,671.85,120,671.49,40,671.25,80,673.71,160,674.0,200,674.41,200,675.0,120,675.37,120,675.48,80,675.58,80,675.7,80,675.72,40,675.93,80
2026-02-05 09:37:03,673.06,672.84,1,672.41,120,673.71,160,673.71,672.41,672.41,120,672.4,320,672.35,40,672.34,280,672.2,160,672.01,80,672.0,120,671.85,120,671.49,40,671.25,80,673.71,160,674.0,200,674.41,200,675.0,120,675.37,120,675.48,80,675.58,80,675.7,80,675.72,40,675.93,80
2026-02-05 09:37:04,673.03,672.84,1,672.41,120,673.65,40,673.65,672.41,672.41,120,672.4,320,672.35,40,672.34,280,672.2,160,672.01,80,672.0,120,671.85,120,671.49,40,671.25,80,673.65,40,673.71,160,674.0,200,674.41,200,675.0,120,675.37,120,675.48,80,675.58,80,675.7,80,675.72,40
2026-02-05 09:37:05,673.03,672.84,1,672.41,120,673.65,40,673.65,672.41,672.41,120,672.4,320,672.35,40,672.34,280,672.2,160,672.01,80,672.0,120,671.85,120,671.49,40,671.25,80,673.65,40,673.71,160,674.0,200,674.41,200,675.0,120,675.37,120,675.48,80,675.58,80,675.7,80,675.72,40
2026-02-05 09:37:06,673.03,672.84,1,672.41,120,673.65,120,673.65,672.41,672.41,120,672.4,320,672.35,40,672.34,280,672.2,160,672.01,80,672.0,120,671.85,120,671.49,40,671.25,80,673.65,120,673.71,160,674.0,200,674.41,200,675.0,120,675.37,120,675.48,80,675.58,80,675.7,80,675.72,40
2026-02-05 09:37:07,673.03,672.84,1,672.41,120,673.65,120,673.65,672.41,672.41,120,672.4,320,672.35,40,672.34,280,672.2,160,672.01,80,672.0,120,671.85,120,671.49,40,671.25,80,673.65,120,673.71,160,674.0,200,674.41,200,675.0,120,675.37,120,675.48,80,675.58,80,675.7,80,675.72,40
2026-02-05 09:37:08,673.03,672.84,1,672.41,120,673.65,120,673.65,672.41,672.41,120,672.4,320,672.35,40,672.34,280,672.2,160,672.01,80,672.0,120,671.85,120,671.49,40,671.25,80,673.65,120,673.71,160,674.0,200,674.41,200,675.0,120,675.37,120,675.48,80,675.58,80,675.7,80,675.72,40
2026-02-05 09:37:09,673.03,673.07,1,672.41,120,673.65,80,673.65,672.41,672.41,120,672.4,320,672.35,40,672.34,280,672.2,160,672.01,80,672.0,120,671.85,120,671.49,40,671.25,80,673.65,80,673.71,160,674.0,200,674.41,200,675.0,120,675.37,120,675.48,80,675.58,80,675.7,80,675.72,40
2026-02-05 09:37:10,673.07,673.07,1,672.49,120,673.65,80,673.65,672.49,672.49,120,672.41,120,672.4,320,672.35,40,672.34,280,672.2,160,672.01,80,672.0,120,671.85,120,671.49,40,673.65,80,673.71,160,674.0,200,674.41,200,675.0,120,675.37,120,675.48,80,675.58,80,675.7,80,675.72,40
2026-02-05 09:37:11,673.075,673.07,1,672.5,160,673.65,120,673.65,672.5,672.5,160,672.49,120,672.41,120,672.4,320,672.35,40,672.34,280,672.2,160,672.01,80,672.0,120,671.85,120,673.65,120,673.71,160,674.0,200,674.41,200,675.0,120,675.37,120,675.48,80,675.58,80,675.7,80,675.72,40
2026-02-05 09:37:12,674.345,673.69,1,672.76,160,675.93,1080,675.93,672.76,672.76,160,672.41,120,672.4,320,672.35,40,672.34,280,672.2,160,672.01,80,672.0,120,671.85,120,671.49,40,675.93,1080,677.1,80,677.53,80,678.0,80,679.27,120,679.28,120,679.29,280,679.37,80,679.58,120,679.67,80
2026-02-05 09:37:13,674.345,673.69,1,672.76,160,675.93,1080,675.93,672.76,672.76,160,672.41,120,672.4,320,672.35,40,672.34,280,672.2,160,672.01,80,672.0,120,671.85,120,671.49,40,675.93,1080,677.1,80,677.53,80,678.0,80,679.27,120,679.28,120,679.29,280,679.37,80,679.58,120,679.67,80
2026-02-05 09:37:14,674.345,674.35,2,672.76,160,675.93,1080,675.93,672.76,672.76,160,672.41,120,672.4,320,672.35,40,672.34,280,672.2,160,672.01,80,672.0,120,671.85,120,671.49,40,675.93,1080,677.1,80,677.53,80,678.0,80,679.27,120,679.28,120,679.29,280,679.37,80,679.58,120,679.67,80
