sim_time,mid_price,last_price,last_size,best_bid_price,best_bid_size,best_ask_price,best_ask_size,close_price_buy,close_price_sell,bid1_price,bid1_size,bid2_price,bid2_size,bid3_price,bid3_size,bid4_price,bid4_size,bid5_price,bid5_size,bid6_price,bid6_size,bid7_price,bid7_size,bid8_price,bid8_size,bid9_price,bid9_size,bid10_price,bid10_size,ask1_price,ask1_size,ask2_price,ask2_size,ask3_price,ask3_size,ask4_price,ask4_size,ask5_price,ask5_size,ask6_price,ask6_size,ask7_price,ask7_size,ask8_price,ask8_size,ask9_price,ask9_size,ask10_price,ask10_size
2020-10-29 09:30:25,150.825,0.0,0,150.71,4,150.94,3,150.94,150.71,150.71,4,150.68,4,150.65,2,150.62,2,150.56,1,150.54,1,150.53,1,150.51,2,150.45,1,150.44,2,150.94,3,150.95,4,,,,,,,,,,,,,,,,
2020-10-29 09:30:26,150.83,0.0,0,150.72,2,150.94,4,150.94,150.72,150.72,2,150.71,4,150.68,4,150.65,2,150.62,2,150.56,1,150.54,1,150.53,1,150.51,2,150.45,1,150.94,4,150.95,4,,,,,,,,,,,,,,,,
2020-10-29 09:30:27,150.83,150.93,1,150.72,3,150.94,4,150.94,150.72,150.72,3,150.71,4,150.68,4,150.65,2,150.62,2,150.56,1,150.54,1,150.53,1,150.51,2,150.45,1,150.94,4,150.95,4,,,,,,,,,,,,,,,,
2020-10-29 09:30:28,150.83,150.93,1,150.72,3,150.94,4,150.94,150.72,150.72,3,150.71,4,150.68,4,150.65,2,150.62,2,150.56,1,150.54,1,150.53,1,150.51,2,150.45,1,150.94,4,150.95,4,,,,,,,,,,,,,,,,
2020-10-29 09:30:29,150.83,150.83,1,150.72,3,150.94,4,150.94,150.72,150.72,3,150.71,4,150.68,4,150.65,2,150.62,2,150.56,1,150.54,1,150.53,1,150.51,2,150.45,1,150.94,4,150.95,4,,,,,,,,,,,,,,,,
2020-10-29 09:30:30,150.83,150.83,1,150.72,3,150.94,4,150.94,150.72,150.72,3,150.71,4,150.68,4,150.65,2,150.62,2,150.56,1,150.54,1,150.53,1,150.51,2,150.45,1,150.94,4,150.95,4,,,,,,,,,,,,,,,,
2020-10-29 09:30:31,150.83,150.83,1,150.72,3,150.94,4,150.94,150.72,150.72,3,150.71,4,150.68,4,150.65,2,150.62,2,150.56,1,150.54,1,150.53,1,150.51,2,150.45,1,150.94,4,150.95,4,,,,,,,,,,,,,,,,
2020-10-29 09:30:32,150.83,150.83,1,150.72,3,150.94,4,150.94,150.72,150.72,3,150.71,4,150.68,4,150.65,2,150.62,2,150.56,1,150.54,1,150.53,1,150.51,2,150.45,1,150.94,4,150.95,4,,,,,,,,,,,,,,,,
2020-10-29 09:30:33,150.835,150.83,1,150.73,3,150.94,4,150.94,150.73,150.73,3,150.72,3,150.71,4,150.68,4,150.65,2,150.62,2,150.56,1,150.54,1,150.53,1,150.51,2,150.94,4,150.95,4,,,,,,,,,,,,,,,,
2020-10-29 09:30:34,151.03,151.05,1,150.92,2,151.14,1,151.14,150.92,150.92,2,150.85,3,150.78,1,150.77,1,150.73,3,150.72,3,150.71,4,150.68,4,150.65,2,150.62,2,151.14,1,151.22,1,,,,,,,,,,,,,,,,
2020-10-29 09:30:35,151.045,151.05,1,150.92,2,151.17,1,151.17,150.92,150.92,2,150.85,3,150.78,1,150.77,1,150.73,3,150.72,3,150.71,4,150.68,4,150.65,2,150.62,2,151.17,1,151.2,1,151.22,1,,,,,,,,,,,,,,
2020-10-29 09:30:36,151.065,151.03,1,150.92,3,151.21,1,151.21,150.92,150.92,3,150.85,3,150.78,1,150.77,1,150.73,3,150.72,3,150.71,4,150.68,4,150.65,2,150.62,2,151.21,1,151.25,3,,,,,,,,,,,,,,,,
2020-10-29 09:30:37,151.085,151.03,1,150.94,3,151.23,2,151.23,150.94,150.94,3,150.93,2,150.92,3,150.85,3,150.78,1,150.77,1,150.73,3,150.72,3,150.71,4,150.68,4,151.23,2,151.25,3,,,,,,,,,,,,,,,,
2020-10-29 09:30:38,151.095,151.03,1,150.96,1,151.23,2,151.23,150.96,150.96,1,150.94,3,150.93,2,150.92,3,150.85,3,150.78,1,150.77,1,150.73,3,150.72,3,150.71,4,151.23,2,151.25,3,,,,,,,,,,,,,,,,
2020-10-29 09:30:39,151.095,151.03,1,150.96,1,151.23,2,151.23,150.96,150.96,1,150.94,3,150.93,2,150.92,3,150.85,3,150.78,1,150.77,1,150.73,3,150.72,3,150.71,4,151.23,2,151.25,3,,,,,,,,,,,,,,,,
2020-10-29 09:30:41,151.095,151.03,1,150.96,3,151.23,2,151.23,150.96,150.96,3,150.94,3,150.93,2,150.92,3,150.85,3,150.78,1,150.77,1,150.73,3,150.72,3,150.71,4,151.23,2,151.25,3,,,,,,,,,,,,,,,,
2020-10-29 09:30:41,151.11,151.1,1,150.97,2,151.25,4,151.25,150.97,150.97,2,150.96,6,150.94,3,150.93,2,150.92,3,150.85,3,150.78,1,150.77,1,150.73,3,150.72,3,151.25,4,,,,,,,,,,,,,,,,,,
2020-10-29 09:30:43,151.11,151.1,1,150.97,3,151.25,4,151.25,150.97,150.97,3,150.96,6,150.94,3,150.93,2,150.92,3,150.85,3,150.78,1,150.77,1,150.73,3,150.72,3,151.25,4,,,,,,,,,,,,,,,,,,
2020-10-29 09:30:43,151.115,151.1,1,150.98,1,151.25,4,151.25,150.98,150.98,1,150.97,3,150.96,6,150.94,3,150.93,2,150.92,3,150.85,3,150.78,1,150.77,1,150.73,3,151.25,4,,,,,,,,,,,,,,,,,,
2020-10-29 09:30:44,151.115,151.1,1,150.98,1,151.25,4,151.25,150.98,150.98,1,150.97,2,150.96,6,150.94,3,150.93,2,150.92,3,150.85,3,150.78,1,150.77,1,150.73,3,151.25,4,,,,,,,,,,,,,,,,,,
2020-10-29 09:30:46,151.115,151.1,1,150.98,2,151.25,4,151.25,150.98,150.98,2,150.97,2,150.96,6,150.94,3,150.93,2,150.92,3,150.85,3,150.78,1,150.77,1,150.73,3,151.25,4,,,,,,,,,,,,,,,,,,
2020-10-29 09:30:47,151.115,151.1,1,150.98,2,151.25,4,151.25,150.98,150.98,2,150.97,2,150.96,6,150.94,3,150.93,2,150.92,3,150.85,3,150.78,1,150.77,1,150.73,3,151.25,4,,,,,,,,,,,,,,,,,,
2020-10-29 09:30:47,151.115,151.1,1,150.98,2,151.25,4,151.25,150.98,150.98,2,150.97,2,150.96,6,150.94,3,150.93,2,150.92,3,150.85,3,150.78,1,150.77,1,150.73,3,151.25,4,,,,,,,,,,,,,,,,,,
2020-10-29 09:30:49,151.115,151.12,1,150.98,2,151.25,4,151.25,150.98,150.98,2,150.97,2,150.96,6,150.94,3,150.93,2,150.92,3,150.85,3,150.78,1,150.77,1,150.73,3,151.25,4,,,,,,,,,,,,,,,,,,
2020-10-29 09:30:50,151.115,151.12,1,150.98,2,151.25,4,151.25,150.98,150.98,2,150.97,2,150.96,6,150.94,3,150.93,2,150.92,3,150.85,3,150.78,1,150.77,1,150.73,3,151.25,4,,,,,,,,,,,,,,,,,,
2020-10-29 09:30:51,151.115,151.12,1,150.98,2,151.25,4,151.25,150.98,150.98,2,150.97,2,150.96,6,150.94,3,150.93,2,150.92,3,150.85,3,150.78,1,150.77,1,150.73,3,151.25,4,,,,,,,,,,,,,,,,,,
2020-10-29 09:30:51,151.115,151.12,1,150.98,2,151.25,4,151.25,150.98,150.98,2,150.97,2,150.96,6,150.94,3,150.93,2,150.92,3,150.85,3,150.78,1,150.77,1,150.73,3,151.25,4,,,,,,,,,,,,,,,,,,
2020-10-29 09:30:52,151.115,151.12,1,150.98,2,151.25,4,151.25,150.98,150.98,2,150.97,2,150.96,6,150.94,3,150.93,2,150.92,3,150.85,3,150.78,1,150.77,1,150.73,3,151.25,4,,,,,,,,,,,,,,,,,,
2020-10-29 09:30:54,151.115,151.12,1,150.98,2,151.25,4,151.25,150.98,150.98,2,150.97,2,150.96,6,150.94,3,150.93,2,150.92,3,150.85,3,150.78,1,150.77,1,150.73,3,151.25,4,,,,,,,,,,,,,,,,,,
2020-10-29 09:30:55,151.115,151.12,1,150.98,2,151.25,4,151.25,150.98,150.98,2,150.97,2,150.96,6,150.94,3,150.93,2,150.92,3,150.85,3,150.78,1,150.77,1,150.73,3,151.25,4,,,,,,,,,,,,,,,,,,
2020-10-29 09:30:56,151.115,151.12,1,150.98,2,151.25,4,151.25,150.98,150.98,2,150.97,2,150.96,6,150.94,3,150.93,2,150.92,3,150.85,3,150.78,1,150.77,1,150.73,3,151.25,4,,,,,,,,,,,,,,,,,,
2020-10-29 09:30:57,151.115,151.12,1,150.98,2,151.25,4,151.25,150.98,150.98,2,150.97,2,150.96,6,150.94,3,150.93,2,150.92,3,150.85,3,150.78,1,150.77,1,150.73,3,151.25,4,,,,,,,,,,,,,,,,,,
2020-10-29 09:30:58,151.115,151.12,1,150.98,2,151.25,4,151.25,150.98,150.98,2,150.97,2,150.96,6,150.94,3,150.93,2,150.92,3,150.85,3,150.78,1,150.77,1,150.73,3,151.25,4,,,,,,,,,,,,,,,,,,
2020-10-29 09:30:59,151.115,151.12,1,150.98,2,151.25,4,151.25,150.98,150.98,2,150.97,2,150.96,6,150.94,3,150.93,2,150.92,3,150.85,3,150.78,1,150.77,1,150.73,3,151.25,4,,,,,,,,,,,,,,,,,,
2020-10-29 09:31:00,151.17,151.17,1,151.08,2,151.26,2,151.26,151.08,151.08,2,151.07,1,151.01,1,150.99,2,150.98,2,150.97,2,150.96,6,150.94,3,150.93,2,150.92,3,151.26,2,,,,,,,,,,,,,,,,,,
2020-10-29 09:31:01,151.17,151.12,1,151.08,2,151.26,2,151.26,151.08,151.08,2,151.07,1,151.01,1,150.99,2,150.98,2,150.97,2,150.96,6,150.94,3,150.93,2,150.92,3,151.26,2,,,,,,,,,,,,,,,,,,
2020-10-29 09:31:02,151.17,151.12,1,151.08,2,151.26,2,151.26,151.08,151.08,2,151.07,1,151.01,1,150.99,2,150.98,2,150.97,2,150.96,6,150.94,3,150.93,2,150.92,3,151.26,2,,,,,,,,,,,,,,,,,,
2020-10-29 09:31:03,151.17,151.12,1,151.08,2,151.26,2,151.26,151.08,151.08,2,151.07,1,151.01,1,150.99,2,150.98,2,150.97,2,150.96,6,150.94,3,150.93,2,150.92,3,151.26,2,,,,,,,,,,,,,,,,,,
2020-10-29 09:31:04,151.17,151.12,1,151.08,2,151.26,2,151.26,151.08,151.08,2,151.07,1,151.01,1,150.99,2,150.98,2,150.97,2,150.96,6,150.94,3,150.93,2,150.92,3,151.26,2,,,,,,,,,,,,,,,,,,
2020-10-29 09:31:05,151.17,151.12,1,151.08,4,151.26,2,151.26,151.08,151.08,4,151.07,1,151.01,1,150.99,2,150.98,2,150.97,2,150.96,6,150.94,3,150.93,2,150.92,3,151.26,2,,,,,,,,,,,,,,,,,,
2020-10-29 09:31:06,151.17,151.12,1,151.08,4,151.26,2,151.26,151.08,151.08,4,151.07,1,151.01,1,150.99,2,150.98,2,150.97,2,150.96,6,150.94,3,150.93,2,150.92,3,151.26,2,,,,,,,,,,,,,,,,,,
2020-10-29 09:31:08,151.17,151.25,1,151.08,4,151.26,2,151.26,151.08,151.08,4,151.07,1,151.01,1,150.99,2,150.98,2,150.97,2,150.96,6,150.94,3,150.93,2,150.92,3,151.26,2,,,,,,,,,,,,,,,,,,
2020-10-29 09:31:09,151.17,151.25,1,151.08,4,151.26,2,151.26,151.08,151.08,4,151.07,1,151.01,1,150.99,2,150.98,2,150.97,2,150.96,6,150.94,3,150.93,2,150.92,3,151.26,2,,,,,,,,,,,,,,,,,,
2020-10-29 09:31:10,151.17,151.25,1,151.08,4,151.26,2,151.26,151.08,151.08,4,151.07,1,151.01,1,150.99,2,150.98,2,150.97,2,150.96,6,150.94,3,150.93,2,150.92,3,151.26,2,,,,,,,,,,,,,,,,,,
2020-10-29 09:31:11,151.17,151.25,1,151.08,4,151.26,3,151.26,151.08,151.08,4,151.07,1,151.01,1,150.99,2,150.98,2,150.97,2,150.96,6,150.94,3,150.93,2,150.92,3,151.26,3,,,,,,,,,,,,,,,,,,
2020-10-29 09:31:12,151.17,151.25,1,151.08,4,151.26,3,151.26,151.08,151.08,4,151.07,1,151.01,1,150.99,2,150.98,2,150.97,2,150.96,6,150.94,3,150.93,2,150.92,3,151.26,3,,,,,,,,,,,,,,,,,,
2020-10-29 09:31:13,151.17,151.17,1,151.08,4,151.26,3,151.26,151.08,151.08,4,151.07,1,151.01,1,150.99,2,150.98,2,150.97,2,150.96,6,150.94,3,150.93,2,150.92,3,151.26,3,,,,,,,,,,,,,,,,,,
2020-10-29 09:31:14,151.17,151.17,1,151.08,4,151.26,2,151.26,151.08,151.08,4,151.07,1,151.01,1,150.99,2,150.98,2,150.97,2,150.96,6,150.94,3,150.93,2,150.92,3,151.26,2,,,,,,,,,,,,,,,,,,
2020-10-29 09:31:15,151.17,151.17,1,151.08,4,151.26,2,151.26,151.08,151.08,4,151.07,1,151.01,1,150.99,2,150.98,2,150.97,2,150.96,6,150.94,3,150.93,2,150.92,3,151.26,2,,,,,,,,,,,,,,,,,,
2020-10-29 09:31:16,151.17,151.17,1,151.08,4,151.26,2,151.26,151.08,151.08,4,151.07,1,151.01,1,150.99,2,150.98,2,150.97,2,150.96,6,150.94,3,150.93,2,150.92,3,151.26,2,,,,,,,,,,,,,,,,,,
2020-10-29 09:31:17,151.17,151.17,1,151.08,4,151.26,2,151.26,151.08,151.08,4,151.07,1,151.01,1,150.99,2,150.98,2,150.97,2,150.96,6,150.94,3,150.93,2,150.92,3,151.26,2,,,,,,,,,,,,,,,,,,
2020-10-29 09:31:18,151.175,151.17,1,151.09,3,151.26,2,151.26,151.09,151.09,3,151.08,4,151.07,1,151.01,1,150.99,2,150.98,2,150.97,2,150.96,6,150.94,3,150.93,2,151.26,2,,,,,,,,,,,,,,,,,,
2020-10-29 09:31:19,151.175,151.17,1,151.09,4,151.26,2,151.26,151.09,151.09,4,151.08,4,151.07,1,151.01,1,150.99,2,150.98,2,150.97,2,150.96,6,150.94,3,150.93,2,151.26,2,,,,,,,,,,,,,,,,,,
2020-10-29 09:31:20,151.25,151.24,1,151.15,3,151.35,3,151.35,151.15,151.15,3,151.14,1,151.13,3,151.12,2,151.11,2,151.09,4,151.08,4,151.07,1,151.01,1,150.99,2,151.35,3,,,,,,,,,,,,,,,,,,
2020-10-29 09:31:21,151.25,151.24,1,151.15,4,151.35,3,151.35,151.15,151.15,4,151.14,1,151.13,3,151.12,2,151.11,2,151.09,4,151.08,4,151.07,1,151.01,1,150.99,2,151.35,3,,,,,,,,,,,,,,,,,,
2020-10-29 09:31:22,151.25,151.17,2,151.15,5,151.35,3,151.35,151.15,151.15,5,151.14,1,151.13,3,151.12,2,151.11,2,151.09,4,151.08,4,151.07,1,151.01,1,150.99,2,151.35,3,,,,,,,,,,,,,,,,,,
2020-10-29 09:31:23,151.25,151.25,1,151.15,5,151.35,3,151.35,151.15,151.15,5,151.14,1,151.13,3,151.12,2,151.11,2,151.09,4,151.08,4,151.07,1,151.01,1,150.99,2,151.35,3,,,,,,,,,,,,,,,,,,
2020-10-29 09:31:24,151.25,151.25,1,151.15,5,151.35,3,151.35,151.15,151.15,5,151.14,1,151.13,3,151.12,2,151.11,2,151.09,4,151.08,4,151.07,1,151.01,1,150.99,2,151.35,3,,,,,,,,,,,,,,,,,,
2020-10-29 09:31:25,151.25,151.25,1,151.15,5,151.35,3,151.35,151.15,151.15,5,151.14,1,151.13,3,151.12,2,151.11,2,151.09,4,151.08,4,151.07,1,151.01,1,150.99,2,151.35,3,,,,,,,,,,,,,,,,,,
2020-10-29 09:31:26,151.25,151.25,1,151.15,5,151.35,3,151.35,151.15,151.15,5,151.14,1,151.13,3,151.12,2,151.11,2,151.09,4,151.08,4,151.07,1,151.01,1,150.99,2,151.35,3,,,,,,,,,,,,,,,,,,
2020-10-29 09:31:27,151.25,151.25,1,151.15,5,151.35,3,151.35,151.15,151.15,5,151.14,1,151.13,3,151.12,2,151.11,2,151.09,4,151.08,4,151.07,1,151.01,1,150.99,2,151.35,3,,,,,,,,,,,,,,,,,,
2020-10-29 09:31:28,151.25,151.25,1,151.15,5,151.35,3,151.35,151.15,151.15,5,151.14,1,151.13,3,151.12,2,151.11,2,151.09,4,151.08,4,151.07,1,151.01,1,150.99,2,151.35,3,,,,,,,,,,,,,,,,,,
2020-10-29 09:31:29,151.25,151.25,1,151.15,5,151.35,3,151.35,151.15,151.15,5,151.14,1,151.13,3,151.12,2,151.11,2,151.09,4,151.08,4,151.07,1,151.01,1,150.99,2,151.35,3,,,,,,,,,,,,,,,,,,
2020-10-29 09:31:30,151.25,151.25,1,151.15,5,151.35,3,151.35,151.15,151.15,5,151.14,1,151.13,3,151.12,2,151.11,2,151.09,4,151.08,4,151.07,1,151.01,1,150.99,2,151.35,3,,,,,,,,,,,,,,,,,,
2020-10-29 09:31:31,151.25,151.25,1,151.15,5,151.35,3,151.35,151.15,151.15,5,151.14,1,151.13,3,151.12,2,151.11,2,151.09,4,151.08,4,151.07,1,151.01,1,150.99,2,151.35,3,,,,,,,,,,,,,,,,,,
2020-10-29 09:31:32,151.25,151.25,1,151.15,5,151.35,3,151.35,151.15,151.15,5,151.14,1,151.13,3,151.12,2,151.11,2,151.09,4,151.08,4,151.07,1,151.01,1,150.99,2,151.35,3,,,,,,,,,,,,,,,,,,
2020-10-29 09:31:33,151.25,151.25,1,151.15,5,151.35,3,151.35,151.15,151.15,5,151.14,1,151.13,3,151.12,2,151.11,2,151.09,4,151.08,4,151.07,1,151.01,1,150.99,2,151.35,3,,,,,,,,,,,,,,,,,,
2020-10-29 09:31:34,151.25,151.24,1,151.15,5,151.35,3,151.35,151.15,151.15,5,151.14,1,151.13,3,151.12,2,151.11,2,151.09,4,151.08,4,151.07,1,151.01,1,150.99,2,151.35,3,,,,,,,,,,,,,,,,,,
2020-10-29 09:31:35,151.25,151.24,1,151.15,5,151.35,3,151.35,151.15,151.15,5,151.14,1,151.13,3,151.12,2,151.11,2,151.09,4,151.08,4,151.07,1,151.01,1,150.99,2,151.35,3,,,,,,,,,,,,,,,,,,
2020-10-29 09:31:36,151.25,151.24,1,151.15,5,151.35,3,151.35,151.15,151.15,5,151.14,1,151.13,3,151.12,2,151.11,2,151.09,4,151.08,4,151.07,1,151.01,1,150.99,2,151.35,3,,,,,,,,,,,,,,,,,,
2020-10-29 09:31:37,151.25,151.24,1,151.15,5,151.35,3,151.35,151.15,151.15,5,151.14,1,151.13,3,151.12,2,151.11,2,151.09,4,151.08,4,151.07,1,151.01,1,150.99,2,151.35,3,,,,,,,,,,,,,,,,,,
2020-10-29 09:31:38,151.25,151.24,1,151.15,5,151.35,3,151.35,151.15,151.15,5,151.14,1,151.13,3,151.12,2,151.11,2,151.09,4,151.08,4,151.07,1,151.01,1,150.99,2,151.35,3,,,,,,,,,,,,,,,,,,
2020-10-29 09:31:39,151.25,151.24,1,151.15,5,151.35,3,151.35,151.15,151.15,5,151.14,1,151.13,3,151.12,2,151.11,2,151.09,4,151.08,4,151.07,1,151.01,1,150.99,2,151.35,3,,,,,,,,,,,,,,,,,,
2020-10-29 09:31:40,151.255,151.24,1,151.16,5,151.35,3,151.35,151.16,151.16,5,151.15,5,151.14,1,151.13,3,151.12,2,151.11,2,151.09,4,151.08,4,151.07,1,151.01,1,151.35,3,,,,,,,,,,,,,,,,,,
2020-10-29 09:31:41,151.255,151.24,1,151.16,6,151.35,3,151.35,151.16,151.16,6,151.15,5,151.14,1,151.13,3,151.12,2,151.11,2,151.09,4,151.08,4,151.07,1,151.01,1,151.35,3,,,,,,,,,,,,,,,,,,
2020-10-29 09:31:42,151.255,151.24,1,151.16,8,151.35,3,151.35,151.16,151.16,8,151.15,5,151.14,1,151.13,3,151.12,2,151.11,2,151.09,4,151.08,4,151.07,1,151.01,1,151.35,3,,,,,,,,,,,,,,,,,,
2020-10-29 09:31:43,151.255,151.24,1,151.16,8,151.35,3,151.35,151.16,151.16,8,151.15,5,151.14,1,151.13,3,151.12,2,151.11,2,151.09,4,151.08,4,151.07,1,151.01,1,151.35,3,,,,,,,,,,,,,,,,,,
2020-10-29 09:31:44,151.255,151.24,1,151.16,8,151.35,3,151.35,151.16,151.16,8,151.15,5,151.14,1,151.13,3,151.12,2,151.11,2,151.09,4,151.08,4,151.07,1,151.01,1,151.35,3,,,,,,,,,,,,,,,,,,
2020-10-29 09:31:45,151.25,151.26,1,151.16,7,151.34,5,151.34,151.16,151.16,7,151.15,5,151.14,1,151.13,3,151.12,2,151.11,2,151.09,4,151.08,4,151.07,1,151.01,1,151.34,5,151.35,3,,,,,,,,,,,,,,,,
2020-10-29 09:31:46,151.135,151.09,1,151.05,4,151.22,2,151.22,151.05,151.05,4,151.04,2,151.0,1,150.99,2,150.98,2,150.97,2,150.96,6,150.94,3,150.93,2,150.92,3,151.22,2,151.23,2,151.24,1,151.29,1,151.3,1,151.34,2,151.35,3,,,,,,
2020-10-29 09:31:47,151.12,151.07,1,151.05,4,151.19,1,151.19,151.05,151.05,4,151.04,2,151.0,1,150.99,2,150.98,2,150.97,2,150.96,6,150.94,3,150.93,2,150.92,3,151.19,1,151.2,1,151.27,1,151.29,1,151.3,1,151.34,2,151.35,3,,,,,,
2020-10-29 09:31:48,151.115,151.07,1,151.05,4,151.18,2,151.18,151.05,151.05,4,151.04,2,151.0,1,150.99,2,150.98,2,150.97,2,150.96,6,150.94,3,150.93,2,150.92,3,151.18,2,151.19,2,151.2,1,151.27,1,151.29,1,151.3,1,151.34,2,151.35,3,,,,
2020-10-29 09:31:49,151.115,151.07,1,151.05,4,151.18,2,151.18,151.05,151.05,4,151.04,2,151.0,1,150.99,2,150.98,2,150.97,2,150.96,6,150.94,3,150.93,2,150.92,3,151.18,2,151.19,2,151.2,1,151.27,1,151.29,1,151.3,1,151.34,2,151.35,3,,,,
2020-10-29 09:31:50,151.125,151.07,1,151.05,4,151.2,2,151.2,151.05,151.05,4,151.04,2,151.0,1,150.99,2,150.98,2,150.97,2,150.96,6,150.94,3,150.93,2,150.92,3,151.2,2,151.27,1,151.29,1,151.3,1,151.34,2,151.35,3,,,,,,,,
2020-10-29 09:31:51,151.15,151.17,1,151.05,4,151.25,1,151.25,151.05,151.05,4,151.04,2,151.0,1,150.99,2,150.98,2,150.97,2,150.96,6,150.94,3,150.93,2,150.92,3,151.25,1,151.34,2,151.35,3,,,,,,,,,,,,,,
2020-10-29 09:31:52,151.15,151.17,1,151.05,4,151.25,1,151.25,151.05,151.05,4,151.04,2,151.0,1,150.99,2,150.98,2,150.97,2,150.96,6,150.94,3,150.93,2,150.92,3,151.25,1,151.26,1,151.34,2,151.35,3,,,,,,,,,,,,
2020-10-29 09:31:53,151.15,151.17,1,151.05,4,151.25,1,151.25,151.05,151.05,4,151.04,2,151.0,1,150.99,2,150.98,2,150.97,2,150.96,6,150.94,3,150.93,2,150.92,3,151.25,1,151.26,1,151.34,2,151.35,3,,,,,,,,,,,,
2020-10-29 09:31:54,151.15,151.14,1,151.05,5,151.25,1,151.25,151.05,151.05,5,151.04,2,151.0,1,150.99,2,150.98,2,150.97,2,150.96,6,150.94,3,150.93,2,150.92,3,151.25,1,151.26,1,151.34,2,151.35,3,,,,,,,,,,,,
2020-10-29 09:31:55,151.15,151.14,1,151.05,5,151.25,1,151.25,151.05,151.05,5,151.04,2,151.0,1,150.99,2,150.98,2,150.97,2,150.96,6,150.94,3,150.93,2,150.92,3,151.25,1,151.26,1,151.34,2,151.35,3,,,,,,,,,,,,
2020-10-29 09:31:56,151.15,151.15,1,151.05,5,151.25,1,151.25,151.05,151.05,5,151.04,2,151.0,1,150.99,2,150.98,2,150.97,2,150.96,6,150.94,3,150.93,2,150.92,3,151.25,1,151.26,1,151.34,2,151.35,3,,,,,,,,,,,,
2020-10-29 09:31:57,151.15,151.15,1,151.05,5,151.25,1,151.25,151.05,151.05,5,151.04,2,151.0,1,150.99,2,150.98,2,150.97,2,150.96,6,150.94,3,150.93,2,150.92,3,151.25,1,151.26,1,151.34,2,151.35,3,,,,,,,,,,,,
2020-10-29 09:31:58,151.125,151.14,1,151.01,1,151.24,2,151.24,151.01,151.01,1,151.0,2,150.99,2,150.98,2,150.97,2,150.96,6,150.94,3,150.93,2,150.92,3,150.85,3,151.24,2,151.25,1,151.26,1,151.34,2,151.35,3,,,,,,,,,,
2020-10-29 09:31:59,151.14,151.14,1,151.04,2,151.24,2,151.24,151.04,151.04,2,151.01,1,151.0,2,150.99,2,150.98,2,150.97,2,150.96,6,150.94,3,150.93,2,150.92,3,151.24,2,151.25,1,151.26,1,151.34,2,151.35,3,,,,,,,,,,
2020-10-29 09:32:00,151.14,151.14,1,151.04,2,151.24,3,151.24,151.04,151.04,2,151.01,1,151.0,2,150.99,2,150.98,2,150.97,2,150.96,6,150.94,3,150.93,2,150.92,3,151.24,3,151.25,1,151.26,1,151.34,2,151.35,3,,,,,,,,,,
2020-10-29 09:32:01,151.14,151.14,1,151.04,2,151.24,3,151.24,151.04,151.04,2,151.01,1,151.0,2,150.99,2,150.98,2,150.97,2,150.96,6,150.94,3,150.93,2,150.92,3,151.24,3,151.25,1,151.26,1,151.34,2,151.35,3,,,,,,,,,,
2020-10-29 09:32:02,151.14,151.14,3,151.04,2,151.24,3,151.24,151.04,151.04,2,151.01,1,151.0,2,150.99,2,150.98,2,150.97,2,150.96,6,150.94,3,150.93,2,150.92,3,151.24,3,151.25,1,151.26,1,151.34,2,151.35,3,,,,,,,,,,
2020-10-29 09:32:03,151.14,151.14,1,151.04,2,151.24,3,151.24,151.04,151.04,2,151.01,1,151.0,2,150.99,2,150.98,2,150.97,2,150.96,6,150.94,3,150.93,2,150.92,3,151.24,3,151.25,1,151.26,1,151.34,2,151.35,3,,,,,,,,,,
2020-10-29 09:32:04,151.14,151.14,1,151.04,2,151.24,3,151.24,151.04,151.04,2,151.01,1,151.0,2,150.99,2,150.98,2,150.97,2,150.96,6,150.94,3,150.93,2,150.92,3,151.24,3,151.25,1,151.26,1,151.34,2,151.35,3,,,,,,,,,,
2020-10-29 09:32:05,151.14,151.14,2,151.04,2,151.24,4,151.24,151.04,151.04,2,151.01,1,151.0,2,150.99,2,150.98,2,150.97,2,150.96,6,150.94,3,150.93,2,150.92,3,151.24,4,151.25,1,151.26,1,151.34,2,151.35,3,,,,,,,,,,
2020-10-29 09:32:06,151.14,151.14,2,151.04,2,151.24,4,151.24,151.04,151.04,2,151.01,1,151.0,2,150.99,2,150.98,2,150.97,2,150.96,6,150.94,3,150.93,2,150.92,3,151.24,4,151.25,1,151.26,1,151.34,2,151.35,3,,,,,,,,,,
2020-10-29 09:32:07,151.14,151.14,2,151.04,2,151.24,4,151.24,151.04,151.04,2,151.01,1,151.0,2,150.99,2,150.98,2,150.97,2,150.96,6,150.94,3,150.93,2,150.92,3,151.24,4,151.25,1,151.26,1,151.34,2,151.35,3,,,,,,,,,,
2020-10-29 09:32:08,151.14,151.14,2,151.04,2,151.24,4,151.24,151.04,151.04,2,151.01,1,151.0,2,150.99,2,150.98,2,150.97,2,150.96,6,150.94,3,150.93,2,150.92,3,151.24,4,151.25,1,151.26,1,151.34,2,151.35,3,,,,,,,,,,
2020-10-29 09:32:09,151.14,151.14,2,151.04,3,151.24,4,151.24,151.04,151.04,3,151.01,1,151.0,2,150.99,2,150.98,2,150.97,2,150.96,6,150.94,3,150.93,2,150.92,3,151.24,4,151.25,1,151.26,1,151.34,2,151.35,3,,,,,,,,,,
2020-10-29 09:32:10,151.14,151.14,2,151.04,3,151.24,4,151.24,151.04,151.04,3,151.01,1,151.0,2,150.99,2,150.98,2,150.97,2,150.96,6,150.94,3,150.93,2,150.92,3,151.24,4,151.25,1,151.26,1,151.34,2,151.35,3,,,,,,,,,,
2020-10-29 09:32:11,151.14,151.14,2,151.04,3,151.24,4,151.24,151.04,151.04,3,151.01,1,151.0,2,150.99,2,150.98,2,150.97,2,150.96,6,150.94,3,150.93,2,150.92,3,151.24,4,151.25,1,151.26,1,151.34,2,151.35,3,,,,,,,,,,
2020-10-29 09:32:12,151.14,151.14,2,151.04,3,151.24,4,151.24,151.04,151.04,3,151.01,1,151.0,2,150.99,2,150.98,2,150.97,2,150.96,6,150.94,3,150.93,2,150.92,3,151.24,4,151.25,1,151.26,1,151.34,2,151.35,3,,,,,,,,,,
2020-10-29 09:32:13,151.125,151.14,2,151.01,1,151.24,4,151.24,151.01,151.01,1,151.0,2,150.99,2,150.98,2,150.97,2,150.96,6,150.94,3,150.93,2,150.92,3,150.85,3,151.24,4,151.25,1,151.26,1,151.34,2,151.35,3,,,,,,,,,,
2020-10-29 09:32:14,151.125,151.14,2,151.01,1,151.24,4,151.24,151.01,151.01,1,151.0,2,150.99,2,150.98,2,150.97,2,150.96,6,150.94,3,150.93,2,150.92,3,150.85,3,151.24,4,151.25,1,151.26,1,151.34,2,151.35,3,,,,,,,,,,
2020-10-29 09:32:15,151.125,151.14,2,151.01,1,151.24,4,151.24,151.01,151.01,1,151.0,2,150.99,2,150.98,2,150.97,2,150.96,6,150.94,3,150.93,2,150.92,3,150.85,3,151.24,4,151.25,1,151.26,1,151.34,2,151.35,3,,,,,,,,,,
2020-10-29 09:32:16,151.125,151.14,2,151.01,1,151.24,4,151.24,151.01,151.01,1,151.0,2,150.99,2,150.98,2,150.97,2,150.96,6,150.94,3,150.93,2,150.92,3,150.85,3,151.24,4,151.25,1,151.26,1,151.34,2,151.35,3,,,,,,,,,,
2020-10-29 09:32:17,151.125,151.14,2,151.01,1,151.24,4,151.24,151.01,151.01,1,151.0,2,150.99,2,150.98,2,150.97,2,150.96,6,150.94,3,150.93,2,150.92,3,150.85,3,151.24,4,151.25,1,151.26,1,151.34,2,151.35,3,,,,,,,,,,
2020-10-29 09:32:18,151.015,151.1,1,150.89,3,151.14,2,151.14,150.89,150.89,3,150.85,3,150.78,1,150.77,1,150.73,3,150.72,3,150.71,4,150.68,4,150.65,2,150.62,2,151.14,2,151.24,4,151.25,1,151.26,1,151.34,2,151.35,3,,,,,,,,
2020-10-29 09:32:19,151.015,151.01,1,150.89,5,151.14,2,151.14,150.89,150.89,5,150.85,3,150.78,1,150.77,1,150.73,3,150.72,3,150.71,4,150.68,4,150.65,2,150.62,2,151.14,2,151.24,4,151.25,1,151.26,1,151.34,2,151.35,3,,,,,,,,
2020-10-29 09:32:20,151.015,151.01,1,150.89,5,151.14,2,151.14,150.89,150.89,5,150.85,3,150.78,1,150.77,1,150.73,3,150.72,3,150.71,4,150.68,4,150.65,2,150.62,2,151.14,2,151.24,4,151.25,1,151.26,1,151.34,2,151.35,3,,,,,,,,
2020-10-29 09:32:21,150.995,150.85,1,150.86,2,151.13,4,151.13,150.86,150.86,2,150.76,2,150.69,1,150.6,2,150.58,1,150.56,1,150.54,1,150.53,1,150.51,2,150.45,1,151.13,4,151.14,2,151.24,4,151.25,1,151.26,1,151.34,2,151.35,3,,,,,,
2020-10-29 09:32:22,150.995,150.85,1,150.86,2,151.13,4,151.13,150.86,150.86,2,150.76,2,150.69,1,150.6,2,150.58,1,150.56,1,150.54,1,150.53,1,150.51,2,150.45,1,151.13,4,151.14,2,151.24,4,151.25,1,151.26,1,151.34,2,151.35,3,,,,,,
2020-10-29 09:32:23,150.995,151.0,2,150.86,2,151.13,4,151.13,150.86,150.86,2,150.76,2,150.69,1,150.6,2,150.58,1,150.56,1,150.54,1,150.53,1,150.51,2,150.45,1,151.13,4,151.14,2,151.24,4,151.25,1,151.26,1,151.34,2,151.35,3,,,,,,
2020-10-29 09:32:24,150.995,151.0,2,150.86,2,151.13,4,151.13,150.86,150.86,2,150.76,2,150.69,1,150.6,2,150.58,1,150.56,1,150.54,1,150.53,1,150.51,2,150.45,1,151.13,4,151.14,2,151.24,4,151.25,1,151.26,1,151.34,2,151.35,3,,,,,,
2020-10-29 09:32:25,150.995,151.0,2,150.86,2,151.13,4,151.13,150.86,150.86,2,150.76,2,150.69,1,150.6,2,150.58,1,150.56,1,150.54,1,150.53,1,150.51,2,150.45,1,151.13,4,151.14,2,151.24,4,151.25,1,151.26,1,151.34,2,151.35,3,,,,,,
2020-10-29 09:32:26,150.995,151.0,2,150.86,2,151.13,4,151.13,150.86,150.86,2,150.76,2,150.69,1,150.6,2,150.58,1,150.56,1,150.54,1,150.53,1,150.51,2,150.45,1,151.13,4,151.14,2,151.24,4,151.25,1,151.26,1,151.34,2,151.35,3,,,,,,
2020-10-29 09:32:27,150.995,151.0,2,150.86,2,151.13,4,151.13,150.86,150.86,2,150.76,2,150.69,1,150.6,2,150.58,1,150.56,1,150.54,1,150.53,1,150.51,2,150.45,1,151.13,4,151.14,2,151.24,4,151.25,1,151.26,1,151.34,2,151.35,3,,,,,,
2020-10-29 09:32:28,150.995,151.0,2,150.86,2,151.13,4,151.13,150.86,150.86,2,150.76,2,150.69,1,150.6,2,150.58,1,150.56,1,150.54,1,150.53,1,150.51,2,150.45,1,151.13,4,151.14,2,151.24,4,151.25,1,151.26,1,151.34,2,151.35,3,,,,,,
2020-10-29 09:32:29,150.995,151.0,1,150.86,2,151.13,4,151.13,150.86,150.86,2,150.76,2,150.69,1,150.6,2,150.58,1,150.56,1,150.54,1,150.53,1,150.51,2,150.45,1,151.13,4,151.14,2,151.24,4,151.25,1,151.26,1,151.34,2,151.35,3,,,,,,
2020-10-29 09:32:30,151.0,151.02,1,150.87,3,151.13,4,151.13,150.87,150.87,3,150.86,2,150.76,2,150.69,1,150.6,2,150.58,1,150.56,1,150.54,1,150.53,1,150.51,2,151.13,4,151.14,2,151.24,4,151.25,1,151.26,1,151.34,2,151.35,3,,,,,,
2020-10-29 09:32:31,151.0,150.88,1,150.87,3,151.13,4,151.13,150.87,150.87,3,150.86,2,150.76,2,150.69,1,150.6,2,150.58,1,150.56,1,150.54,1,150.53,1,150.51,2,151.13,4,151.14,2,151.24,4,151.25,1,151.26,1,151.34,2,151.35,3,,,,,,
2020-10-29 09:32:32,151.0,150.88,1,150.87,3,151.13,4,151.13,150.87,150.87,3,150.86,2,150.76,2,150.69,1,150.6,2,150.58,1,150.56,1,150.54,1,150.53,1,150.51,2,151.13,4,151.14,2,151.24,4,151.25,1,151.26,1,151.34,2,151.35,3,,,,,,
2020-10-29 09:32:33,150.995,150.87,1,150.87,4,151.12,2,151.12,150.87,150.87,4,150.86,2,150.76,2,150.69,1,150.6,2,150.58,1,150.56,1,150.54,1,150.53,1,150.51,2,151.12,2,151.13,3,151.14,2,151.24,4,151.25,1,151.26,1,151.34,2,151.35,3,,,,
2020-10-29 09:32:34,151.0,150.87,1,150.87,4,151.13,3,151.13,150.87,150.87,4,150.86,2,150.76,2,150.69,1,150.6,2,150.58,1,150.56,1,150.54,1,150.53,1,150.51,2,151.13,3,151.14,2,151.24,4,151.25,1,151.26,1,151.34,2,151.35,3,,,,,,
2020-10-29 09:32:35,151.0,150.87,1,150.87,4,151.13,3,151.13,150.87,150.87,4,150.86,2,150.76,2,150.69,1,150.6,2,150.58,1,150.56,1,150.54,1,150.53,1,150.51,2,151.13,3,151.14,2,151.24,4,151.25,1,151.26,1,151.34,2,151.35,3,,,,,,
2020-10-29 09:32:36,151.0,150.87,1,150.87,4,151.13,3,151.13,150.87,150.87,4,150.86,2,150.76,2,150.69,1,150.6,2,150.58,1,150.56,1,150.54,1,150.53,1,150.51,2,151.13,3,151.14,2,151.24,4,151.25,1,151.26,1,151.34,2,151.35,3,,,,,,
2020-10-29 09:32:37,151.0,150.87,1,150.87,4,151.13,3,151.13,150.87,150.87,4,150.86,2,150.76,2,150.69,1,150.6,2,150.58,1,150.56,1,150.54,1,150.53,1,150.51,2,151.13,3,151.14,2,151.24,4,151.25,1,151.26,1,151.34,2,151.35,3,,,,,,
2020-10-29 09:32:38,151.015,151.0,1,150.9,2,151.13,4,151.13,150.9,150.9,2,150.89,1,150.88,2,150.87,4,150.86,2,150.76,2,150.69,1,150.6,2,150.58,1,150.56,1,151.13,4,151.14,2,151.24,4,151.25,1,151.26,1,151.34,2,151.35,3,,,,,,
2020-10-29 09:32:39,151.005,150.9,1,150.88,2,151.13,4,151.13,150.88,150.88,2,150.87,4,150.86,2,150.76,2,150.69,1,150.6,2,150.58,1,150.56,1,150.54,1,150.53,1,151.13,4,151.14,2,151.24,4,151.25,1,151.26,1,151.34,2,151.35,3,,,,,,
2020-10-29 09:32:40,151.01,150.9,1,150.88,2,151.14,2,151.14,150.88,150.88,2,150.87,4,150.86,2,150.76,2,150.69,1,150.6,2,150.58,1,150.56,1,150.54,1,150.53,1,151.14,2,151.24,4,151.25,1,151.26,1,151.34,2,151.35,3,,,,,,,,
2020-10-29 09:32:41,151.01,150.9,1,150.88,2,151.14,2,151.14,150.88,150.88,2,150.87,4,150.86,2,150.76,2,150.69,1,150.6,2,150.58,1,150.56,1,150.54,1,150.53,1,151.14,2,151.24,4,151.25,1,151.26,1,151.34,2,151.35,3,,,,,,,,
2020-10-29 09:32:42,151.01,150.9,1,150.88,2,151.14,2,151.14,150.88,150.88,2,150.87,4,150.86,2,150.76,2,150.69,1,150.6,2,150.58,1,150.56,1,150.54,1,150.53,1,151.14,2,151.24,4,151.25,1,151.26,1,151.34,2,151.35,3,,,,,,,,
2020-10-29 09:32:43,151.01,150.9,1,150.88,2,151.14,2,151.14,150.88,150.88,2,150.87,4,150.86,2,150.76,2,150.69,1,150.6,2,150.58,1,150.56,1,150.54,1,150.53,1,151.14,2,151.24,4,151.25,1,151.26,1,151.34,2,151.35,3,,,,,,,,
2020-10-29 09:32:44,151.01,150.9,1,150.88,2,151.14,2,151.14,150.88,150.88,2,150.87,4,150.86,2,150.76,2,150.69,1,150.6,2,150.58,1,150.56,1,150.54,1,150.53,1,151.14,2,151.24,4,151.25,1,151.26,1,151.34,2,151.35,3,,,,,,,,
2020-10-29 09:32:45,150.94,150.87,1,150.87,4,151.01,2,151.01,150.87,150.87,4,150.86,2,150.76,2,150.69,1,150.6,2,150.58,1,150.56,1,150.54,1,150.53,1,150.51,2,151.01,2,151.14,2,151.24,4,151.25,1,151.26,1,151.34,2,151.35,3,,,,,,
2020-10-29 09:32:46,150.945,150.87,1,150.88,2,151.01,2,151.01,150.88,150.88,2,150.87,4,150.86,2,150.76,2,150.69,1,150.6,2,150.58,1,150.56,1,150.54,1,150.53,1,151.01,2,151.14,2,151.24,4,151.25,1,151.26,1,151.34,2,151.35,3,,,,,,
2020-10-29 09:32:47,150.97,150.87,1,150.88,2,151.06,2,151.06,150.88,150.88,2,150.87,4,150.86,2,150.76,2,150.69,1,150.6,2,150.58,1,150.56,1,150.54,1,150.53,1,151.06,2,151.07,2,151.14,2,151.24,4,151.25,1,151.26,1,151.34,2,151.35,3,,,,
2020-10-29 09:32:48,150.97,150.87,1,150.88,4,151.06,2,151.06,150.88,150.88,4,150.87,4,150.86,2,150.76,2,150.69,1,150.6,2,150.58,1,150.56,1,150.54,1,150.53,1,151.06,2,151.07,2,151.14,2,151.24,4,151.25,1,151.26,1,151.34,2,151.35,3,,,,
2020-10-29 09:32:49,150.975,150.87,1,150.88,4,151.07,2,151.07,150.88,150.88,4,150.87,4,150.86,2,150.76,2,150.69,1,150.6,2,150.58,1,150.56,1,150.54,1,150.53,1,151.07,2,151.14,2,151.24,4,151.25,1,151.26,1,151.34,2,151.35,3,,,,,,
2020-10-29 09:32:50,150.97,150.87,1,150.88,4,151.06,3,151.06,150.88,150.88,4,150.87,4,150.86,2,150.76,2,150.69,1,150.6,2,150.58,1,150.56,1,150.54,1,150.53,1,151.06,3,151.07,2,151.14,2,151.24,4,151.25,1,151.26,1,151.34,2,151.35,3,,,,
2020-10-29 09:32:51,150.98,150.87,1,150.9,3,151.06,3,151.06,150.9,150.9,3,150.88,4,150.87,4,150.86,2,150.76,2,150.69,1,150.6,2,150.58,1,150.56,1,150.54,1,151.06,3,151.07,2,151.14,2,151.24,4,151.25,1,151.26,1,151.34,2,151.35,3,,,,
2020-10-29 09:32:52,150.97,150.9,2,150.88,4,151.06,3,151.06,150.88,150.88,4,150.87,4,150.86,2,150.76,2,150.69,1,150.6,2,150.58,1,150.56,1,150.54,1,150.53,1,151.06,3,151.07,2,151.14,2,151.24,4,151.25,1,151.26,1,151.34,2,151.35,3,,,,
2020-10-29 09:32:53,150.97,150.9,2,150.88,4,151.06,3,151.06,150.88,150.88,4,150.87,4,150.86,2,150.76,2,150.69,1,150.6,2,150.58,1,150.56,1,150.54,1,150.53,1,151.06,3,151.07,2,151.14,2,151.24,4,151.25,1,151.26,1,151.34,2,151.35,3,,,,
2020-10-29 09:32:54,150.97,150.9,2,150.88,4,151.06,3,151.06,150.88,150.88,4,150.87,4,150.86,2,150.76,2,150.69,1,150.6,2,150.58,1,150.56,1,150.54,1,150.53,1,151.06,3,151.07,2,151.14,2,151.24,4,151.25,1,151.26,1,151.34,2,151.35,3,,,,
2020-10-29 09:32:55,150.97,150.9,2,150.88,4,151.06,3,151.06,150.88,150.88,4,150.87,4,150.86,2,150.76,2,150.69,1,150.6,2,150.58,1,150.56,1,150.54,1,150.53,1,151.06,3,151.07,2,151.14,2,151.24,4,151.25,1,151.26,1,151.34,2,151.35,3,,,,
2020-10-29 09:32:57,150.975,150.9,2,150.88,4,151.07,2,151.07,150.88,150.88,4,150.87,4,150.86,2,150.76,2,150.69,1,150.6,2,150.58,1,150.56,1,150.54,1,150.53,1,151.07,2,151.14,2,151.24,4,151.25,1,151.26,1,151.34,2,151.35,3,,,,,,
2020-10-29 09:32:57,150.975,150.9,2,150.88,4,151.07,2,151.07,150.88,150.88,4,150.87,4,150.86,2,150.76,2,150.69,1,150.6,2,150.58,1,150.56,1,150.54,1,150.53,1,151.07,2,151.14,2,151.24,4,151.25,1,151.26,1,151.34,2,151.35,3,,,,,,
2020-10-29 09:32:59,150.975,150.9,2,150.88,4,151.07,2,151.07,150.88,150.88,4,150.87,4,150.86,2,150.76,2,150.69,1,150.6,2,150.58,1,150.56,1,150.54,1,150.53,1,151.07,2,151.14,2,151.24,4,151.25,1,151.26,1,151.34,2,151.35,3,,,,,,
2020-10-29 09:32:59,150.975,150.89,1,150.88,4,151.07,2,151.07,150.88,150.88,4,150.87,4,150.86,2,150.76,2,150.69,1,150.6,2,150.58,1,150.56,1,150.54,1,150.53,1,151.07,2,151.14,2,151.24,4,151.25,1,151.26,1,151.34,2,151.35,3,,,,,,
2020-10-29 09:33:01,151.095,151.09,1,150.96,4,151.23,1,151.24,150.96,150.96,4,150.95,5,150.89,2,150.88,4,150.87,4,150.86,2,150.76,2,150.69,1,150.6,2,150.58,1,151.23,1,151.24,6,151.25,1,151.26,1,151.34,2,151.35,3,,,,,,,,
2020-10-29 09:33:02,151.11,151.09,1,150.96,5,151.26,2,151.26,150.96,150.96,5,150.95,5,150.89,2,150.88,4,150.87,4,150.86,2,150.76,2,150.69,1,150.6,2,150.58,1,151.26,2,151.34,2,151.35,3,,,,,,,,,,,,,,
2020-10-29 09:33:03,151.11,151.09,1,150.96,5,151.26,2,151.26,150.96,150.96,5,150.95,5,150.89,2,150.88,4,150.87,4,150.86,2,150.76,2,150.69,1,150.6,2,150.58,1,151.26,2,151.34,2,151.35,3,,,,,,,,,,,,,,
2020-10-29 09:33:04,151.11,151.09,1,150.96,5,151.26,2,151.26,150.96,150.96,5,150.95,5,150.89,2,150.88,4,150.87,4,150.86,2,150.76,2,150.69,1,150.6,2,150.58,1,151.26,2,151.34,2,151.35,3,,,,,,,,,,,,,,
2020-10-29 09:33:05,151.11,151.09,1,150.96,5,151.26,2,151.26,150.96,150.96,5,150.95,5,150.89,2,150.88,4,150.87,4,150.86,2,150.76,2,150.69,1,150.6,2,150.58,1,151.26,2,151.34,2,151.35,3,,,,,,,,,,,,,,
2020-10-29 09:33:06,151.225,151.24,1,151.1,3,151.35,4,151.35,151.1,151.1,3,151.09,2,151.08,2,151.0,1,150.97,3,150.96,5,150.95,5,150.89,2,150.88,4,150.87,4,151.35,4,,,,,,,,,,,,,,,,,,
2020-10-29 09:33:07,151.22,151.13,1,151.11,3,151.33,1,151.33,151.11,151.11,3,151.08,4,151.0,1,150.97,3,150.96,5,150.95,5,150.89,2,150.88,4,150.87,4,150.86,2,151.33,1,151.35,4,,,,,,,,,,,,,,,,
2020-10-29 09:33:08,151.22,151.13,1,151.11,3,151.33,1,151.33,151.11,151.11,3,151.08,4,151.0,1,150.97,3,150.96,5,150.95,5,150.89,2,150.88,4,150.87,4,150.86,2,151.33,1,151.35,4,,,,,,,,,,,,,,,,
2020-10-29 09:33:09,151.22,151.11,1,151.11,3,151.33,1,151.33,151.11,151.11,3,151.08,4,151.0,1,150.97,3,150.96,5,150.95,5,150.89,2,150.88,4,150.87,4,150.86,2,151.33,1,151.35,4,,,,,,,,,,,,,,,,
2020-10-29 09:33:10,151.205,151.11,1,151.11,3,151.3,2,151.3,151.11,151.11,3,151.08,4,151.0,1,150.97,3,150.96,5,150.95,5,150.89,2,150.88,4,150.87,4,150.86,2,151.3,2,151.33,1,151.35,4,,,,,,,,,,,,,,
2020-10-29 09:33:11,151.22,151.11,1,151.11,3,151.33,1,151.33,151.11,151.11,3,151.08,4,151.0,1,150.97,3,150.96,5,150.95,5,150.89,2,150.88,4,150.87,4,150.86,2,151.33,1,151.35,4,,,,,,,,,,,,,,,,
2020-10-29 09:33:12,151.22,151.11,1,151.11,3,151.33,1,151.33,151.11,151.11,3,151.08,4,151.0,1,150.97,3,150.96,5,150.95,5,150.89,2,150.88,4,150.87,4,150.86,2,151.33,1,151.35,4,,,,,,,,,,,,,,,,
2020-10-29 09:33:13,151.235,151.11,1,151.12,4,151.35,4,151.35,151.12,151.12,4,151.11,3,151.08,4,151.0,1,150.97,3,150.96,5,150.95,5,150.89,2,150.88,4,150.87,4,151.35,4,,,,,,,,,,,,,,,,,,
2020-10-29 09:33:14,151.235,151.11,1,151.12,4,151.35,4,151.35,151.12,151.12,4,151.11,3,151.08,4,151.0,1,150.97,3,150.96,5,150.95,5,150.89,2,150.88,4,150.87,4,151.35,4,,,,,,,,,,,,,,,,,,
2020-10-29 09:33:15,151.24,151.11,1,151.13,3,151.35,5,151.35,151.13,151.13,3,151.12,4,151.11,3,151.08,4,151.0,1,150.97,3,150.96,5,150.95,5,150.89,2,150.88,4,151.35,5,,,,,,,,,,,,,,,,,,
2020-10-29 09:33:16,151.24,151.11,1,151.13,3,151.35,5,151.35,151.13,151.13,3,151.12,4,151.11,3,151.08,4,151.0,1,150.97,3,150.96,5,150.95,5,150.89,2,150.88,4,151.35,5,,,,,,,,,,,,,,,,,,
2020-10-29 09:33:17,151.24,151.11,1,151.13,3,151.35,5,151.35,151.13,151.13,3,151.12,4,151.11,3,151.08,4,151.0,1,150.97,3,150.96,5,150.95,5,150.89,2,150.88,4,151.35,5,,,,,,,,,,,,,,,,,,
2020-10-29 09:33:18,151.24,151.11,1,151.13,3,151.35,5,151.35,151.13,151.13,3,151.12,4,151.11,3,151.08,4,151.0,1,150.97,3,150.96,5,150.95,5,150.89,2,150.88,4,151.35,5,,,,,,,,,,,,,,,,,,
2020-10-29 09:33:18,151.24,151.11,1,151.13,3,151.35,5,151.35,151.13,151.13,3,151.12,4,151.11,3,151.08,4,151.0,1,150.97,3,150.96,5,150.95,5,150.89,2,150.88,4,151.35,5,,,,,,,,,,,,,,,,,,
2020-10-29 09:33:20,151.365,151.38,1,151.28,3,151.45,2,151.45,151.28,151.28,3,151.23,1,151.22,1,151.14,2,151.13,3,151.12,4,151.11,3,151.08,4,151.0,1,150.97,3,151.45,2,,,,,,,,,,,,,,,,,,
2020-10-29 09:33:21,151.415,151.28,5,151.28,3,151.55,1,151.55,151.28,151.28,3,151.23,1,151.22,1,151.14,2,151.13,3,151.12,4,151.11,3,151.08,4,151.0,1,150.97,3,151.55,1,,,,,,,,,,,,,,,,,,
2020-10-29 09:33:22,151.415,151.28,5,151.28,3,151.55,1,151.55,151.28,151.28,3,151.23,1,151.22,1,151.14,2,151.13,3,151.12,4,151.11,3,151.08,4,151.0,1,150.97,3,151.55,1,,,,,,,,,,,,,,,,,,
2020-10-29 09:33:23,151.415,151.28,5,151.28,4,151.55,2,151.55,151.28,151.28,4,151.23,1,151.22,1,151.14,2,151.13,3,151.12,4,151.11,3,151.08,4,151.0,1,150.97,3,151.55,2,,,,,,,,,,,,,,,,,,
2020-10-29 09:33:24,151.415,151.33,1,151.28,4,151.55,2,151.55,151.28,151.28,4,151.23,1,151.22,1,151.14,2,151.13,3,151.12,4,151.11,3,151.08,4,151.0,1,150.97,3,151.55,2,,,,,,,,,,,,,,,,,,
2020-10-29 09:33:25,151.415,151.33,1,151.28,4,151.55,2,151.55,151.28,151.28,4,151.23,1,151.22,1,151.14,2,151.13,3,151.12,4,151.11,3,151.08,4,151.0,1,150.97,3,151.55,2,,,,,,,,,,,,,,,,,,
2020-10-29 09:33:26,151.415,151.33,1,151.28,4,151.55,2,151.55,151.28,151.28,4,151.23,1,151.22,1,151.14,2,151.13,3,151.12,4,151.11,3,151.08,4,151.0,1,150.97,3,151.55,2,,,,,,,,,,,,,,,,,,
2020-10-29 09:33:27,151.415,151.33,1,151.28,4,151.55,2,151.55,151.28,151.28,4,151.23,1,151.22,1,151.14,2,151.13,3,151.12,4,151.11,3,151.08,4,151.0,1,150.97,3,151.55,2,,,,,,,,,,,,,,,,,,
2020-10-29 09:33:28,151.415,151.28,1,151.28,3,151.55,2,151.55,151.28,151.28,3,151.23,1,151.22,1,151.14,2,151.13,3,151.12,4,151.11,3,151.08,4,151.0,1,150.97,3,151.55,2,,,,,,,,,,,,,,,,,,
2020-10-29 09:33:29,151.415,151.28,1,151.28,3,151.55,2,151.55,151.28,151.28,3,151.23,1,151.22,1,151.14,2,151.13,3,151.12,4,151.11,3,151.08,4,151.0,1,150.97,3,151.55,2,,,,,,,,,,,,,,,,,,
2020-10-29 09:33:30,151.415,151.28,1,151.28,6,151.55,2,151.55,151.28,151.28,6,151.23,1,151.22,1,151.14,2,151.13,3,151.12,4,151.11,3,151.08,4,151.0,1,150.97,3,151.55,2,,,,,,,,,,,,,,,,,,
2020-10-29 09:33:31,151.42,151.35,2,151.29,3,151.55,2,151.55,151.29,151.29,3,151.28,6,151.23,1,151.22,1,151.14,2,151.13,3,151.12,4,151.11,3,151.08,4,151.0,1,151.55,2,,,,,,,,,,,,,,,,,,
2020-10-29 09:33:32,151.42,151.35,2,151.29,3,151.55,2,151.55,151.29,151.29,3,151.28,6,151.23,1,151.22,1,151.14,2,151.13,3,151.12,4,151.11,3,151.08,4,151.0,1,151.55,2,,,,,,,,,,,,,,,,,,
2020-10-29 09:33:33,151.42,151.35,2,151.29,3,151.55,2,151.55,151.29,151.29,3,151.28,6,151.23,1,151.22,1,151.14,2,151.13,3,151.12,4,151.11,3,151.08,4,151.0,1,151.55,2,,,,,,,,,,,,,,,,,,
2020-10-29 09:33:34,151.42,151.35,2,151.29,3,151.55,2,151.55,151.29,151.29,3,151.28,6,151.23,1,151.22,1,151.14,2,151.13,3,151.12,4,151.11,3,151.08,4,151.0,1,151.55,2,,,,,,,,,,,,,,,,,,
2020-10-29 09:33:35,151.42,151.35,2,151.29,3,151.55,2,151.55,151.29,151.29,3,151.28,6,151.23,1,151.22,1,151.14,2,151.13,3,151.12,4,151.11,3,151.08,4,151.0,1,151.55,2,,,,,,,,,,,,,,,,,,
2020-10-29 09:33:36,151.365,151.41,1,151.28,4,151.45,6,151.45,151.28,151.28,4,151.23,1,151.22,1,151.14,2,151.13,3,151.12,4,151.11,3,151.08,4,151.0,1,150.97,3,151.45,6,151.55,2,,,,,,,,,,,,,,,,
2020-10-29 09:33:37,151.365,151.41,1,151.28,3,151.45,6,151.45,151.28,151.28,3,151.23,1,151.22,1,151.14,2,151.13,3,151.12,4,151.11,3,151.08,4,151.0,1,150.97,3,151.45,6,151.55,2,,,,,,,,,,,,,,,,
2020-10-29 09:33:38,151.365,151.41,1,151.28,3,151.45,6,151.45,151.28,151.28,3,151.23,1,151.22,1,151.14,2,151.13,3,151.12,4,151.11,3,151.08,4,151.0,1,150.97,3,151.45,6,151.55,2,,,,,,,,,,,,,,,,
2020-10-29 09:33:39,151.365,151.41,1,151.28,3,151.45,6,151.45,151.28,151.28,3,151.23,1,151.22,1,151.14,2,151.13,3,151.12,4,151.11,3,151.08,4,151.0,1,150.97,3,151.45,6,151.55,2,,,,,,,,,,,,,,,,
2020-10-29 09:33:40,151.39,151.41,1,151.33,1,151.45,6,151.45,151.33,151.33,1,151.28,3,151.23,1,151.22,1,151.14,2,151.13,3,151.12,4,151.11,3,151.08,4,151.0,1,151.45,6,151.55,2,,,,,,,,,,,,,,,,
2020-10-29 09:33:41,151.39,151.41,1,151.33,1,151.45,6,151.45,151.33,151.33,1,151.28,3,151.23,1,151.22,1,151.14,2,151.13,3,151.12,4,151.11,3,151.08,4,151.0,1,151.45,6,151.55,2,,,,,,,,,,,,,,,,
2020-10-29 09:33:42,151.39,151.41,1,151.33,1,151.45,6,151.45,151.33,151.33,1,151.28,3,151.23,1,151.22,1,151.14,2,151.13,3,151.12,4,151.11,3,151.08,4,151.0,1,151.45,6,151.55,2,,,,,,,,,,,,,,,,
2020-10-29 09:33:43,151.39,151.41,1,151.33,1,151.45,6,151.45,151.33,151.33,1,151.28,3,151.23,1,151.22,1,151.14,2,151.13,3,151.12,4,151.11,3,151.08,4,151.0,1,151.45,6,151.55,2,,,,,,,,,,,,,,,,
2020-10-29 09:33:44,151.39,151.41,1,151.33,1,151.45,6,151.45,151.33,151.33,1,151.28,3,151.23,1,151.22,1,151.14,2,151.13,3,151.12,4,151.11,3,151.08,4,151.0,1,151.45,6,151.55,2,,,,,,,,,,,,,,,,
2020-10-29 09:33:45,151.39,151.41,1,151.33,1,151.45,6,151.45,151.33,151.33,1,151.28,3,151.23,1,151.22,1,151.14,2,151.13,3,151.12,4,151.11,3,151.08,4,151.0,1,151.45,6,151.55,2,,,,,,,,,,,,,,,,
2020-10-29 09:33:46,151.51,151.47,1,151.47,3,151.55,3,151.55,151.47,151.47,3,151.45,2,151.44,1,151.34,1,151.33,1,151.28,3,151.23,1,151.22,1,151.14,2,151.13,3,151.55,3,,,,,,,,,,,,,,,,,,
2020-10-29 09:33:48,151.41,151.43,1,151.35,3,151.47,1,151.47,151.35,151.35,3,151.34,3,151.33,1,151.28,3,151.23,1,151.22,1,151.14,2,151.13,3,151.12,4,151.11,3,151.47,1,151.54,3,151.55,3,,,,,,,,,,,,,,
2020-10-29 09:33:48,151.41,151.43,1,151.35,3,151.47,1,151.47,151.35,151.35,3,151.34,3,151.33,1,151.28,3,151.23,1,151.22,1,151.14,2,151.13,3,151.12,4,151.11,3,151.47,1,151.54,3,151.55,3,,,,,,,,,,,,,,
2020-10-29 09:33:49,151.375,151.33,1,151.28,3,151.47,4,151.47,151.28,151.28,3,151.23,1,151.22,1,151.14,2,151.13,3,151.12,4,151.11,3,151.08,4,151.0,1,150.97,3,151.47,4,151.54,3,151.55,3,,,,,,,,,,,,,,
2020-10-29 09:33:50,151.375,151.33,1,151.28,3,151.47,4,151.47,151.28,151.28,3,151.23,1,151.22,1,151.14,2,151.13,3,151.12,4,151.11,3,151.08,4,151.0,1,150.97,3,151.47,4,151.54,3,151.55,3,,,,,,,,,,,,,,
2020-10-29 09:33:51,151.375,151.33,1,151.28,3,151.47,4,151.47,151.28,151.28,3,151.23,1,151.22,1,151.14,2,151.13,3,151.12,4,151.11,3,151.08,4,151.0,1,150.97,3,151.47,4,151.54,3,151.55,3,,,,,,,,,,,,,,
2020-10-29 09:33:52,151.375,151.38,4,151.28,3,151.47,4,151.47,151.28,151.28,3,151.23,1,151.22,1,151.14,2,151.13,3,151.12,4,151.11,3,151.08,4,151.0,1,150.97,3,151.47,4,151.54,3,151.55,3,,,,,,,,,,,,,,
2020-10-29 09:33:53,151.375,151.38,4,151.28,3,151.47,4,151.47,151.28,151.28,3,151.23,1,151.22,1,151.14,2,151.13,3,151.12,4,151.11,3,151.08,4,151.0,1,150.97,3,151.47,4,151.54,3,151.55,3,,,,,,,,,,,,,,
2020-10-29 09:33:54,151.375,151.38,4,151.28,3,151.47,4,151.47,151.28,151.28,3,151.23,1,151.22,1,151.14,2,151.13,3,151.12,4,151.11,3,151.08,4,151.0,1,150.97,3,151.47,4,151.54,3,151.55,3,,,,,,,,,,,,,,
2020-10-29 09:33:55,151.375,151.38,4,151.28,3,151.47,4,151.47,151.28,151.28,3,151.23,1,151.22,1,151.14,2,151.13,3,151.12,4,151.11,3,151.08,4,151.0,1,150.97,3,151.47,4,151.54,3,151.55,3,,,,,,,,,,,,,,
2020-10-29 09:33:56,151.375,151.38,4,151.28,3,151.47,4,151.47,151.28,151.28,3,151.23,1,151.22,1,151.14,2,151.13,3,151.12,4,151.11,3,151.08,4,151.0,1,150.97,3,151.47,4,151.54,3,151.55,3,,,,,,,,,,,,,,
2020-10-29 09:33:57,151.375,151.38,4,151.28,3,151.47,4,151.47,151.28,151.28,3,151.23,1,151.22,1,151.14,2,151.13,3,151.12,4,151.11,3,151.08,4,151.0,1,150.97,3,151.47,4,151.54,3,151.55,3,,,,,,,,,,,,,,
2020-10-29 09:33:58,151.345,151.38,4,151.28,3,151.41,2,151.41,151.28,151.28,3,151.23,1,151.22,1,151.14,2,151.13,3,151.12,4,151.11,3,151.08,4,151.0,1,150.97,3,151.41,2,151.47,4,151.54,3,151.55,3,,,,,,,,,,,,
2020-10-29 09:33:59,151.345,151.38,4,151.28,3,151.41,2,151.41,151.28,151.28,3,151.23,1,151.22,1,151.14,2,151.13,3,151.12,4,151.11,3,151.08,4,151.0,1,150.97,3,151.41,2,151.47,4,151.54,3,151.55,3,,,,,,,,,,,,
2020-10-29 09:34:00,151.375,151.39,1,151.28,3,151.47,5,151.47,151.28,151.28,3,151.23,1,151.22,1,151.14,2,151.13,3,151.12,4,151.11,3,151.08,4,151.0,1,150.97,3,151.47,5,151.54,3,151.55,3,,,,,,,,,,,,,,
2020-10-29 09:34:01,151.27,151.28,1,151.16,2,151.38,2,151.38,151.16,151.16,2,151.03,1,151.0,1,150.97,3,150.96,5,150.95,5,150.89,2,150.88,4,150.87,4,150.86,2,151.38,2,151.45,1,151.47,5,151.54,3,151.55,3,,,,,,,,,,
2020-10-29 09:34:02,151.24,151.27,1,151.1,1,151.38,2,151.38,151.1,151.1,1,151.08,2,151.07,1,151.03,1,151.0,1,150.97,3,150.96,5,150.95,5,150.89,2,150.88,4,151.38,2,151.45,1,151.47,5,151.54,3,151.55,3,,,,,,,,,,
2020-10-29 09:34:03,151.175,151.27,1,151.07,1,151.28,2,151.28,151.07,151.07,1,151.03,1,151.0,1,150.97,3,150.96,5,150.95,5,150.89,2,150.88,4,150.87,4,150.86,2,151.28,2,151.38,2,151.45,1,151.47,5,151.54,3,151.55,3,,,,,,,,
2020-10-29 09:34:04,151.155,151.27,1,151.03,2,151.28,2,151.28,151.03,151.03,2,151.0,1,150.97,3,150.96,5,150.95,5,150.89,2,150.88,4,150.87,4,150.86,2,150.76,2,151.28,2,151.38,2,151.45,1,151.47,5,151.54,3,151.55,3,,,,,,,,
2020-10-29 09:34:05,151.155,151.27,1,151.03,2,151.28,2,151.28,151.03,151.03,2,151.0,1,150.97,3,150.96,5,150.95,5,150.89,2,150.88,4,150.87,4,150.86,2,150.76,2,151.28,2,151.38,2,151.45,1,151.47,5,151.54,3,151.55,3,,,,,,,,
2020-10-29 09:34:06,151.155,151.27,1,151.03,2,151.28,2,151.28,151.03,151.03,2,151.0,1,150.97,3,150.96,5,150.95,5,150.89,2,150.88,4,150.87,4,150.86,2,150.76,2,151.28,2,151.38,2,151.45,1,151.47,5,151.54,3,151.55,3,,,,,,,,
2020-10-29 09:34:07,151.275,151.28,1,151.16,3,151.39,2,151.39,151.16,151.16,3,151.15,2,151.03,2,151.0,1,150.97,3,150.96,5,150.95,5,150.89,2,150.88,4,150.87,4,151.39,2,151.46,2,151.47,5,151.54,3,151.55,3,,,,,,,,,,
2020-10-29 09:34:08,151.275,151.28,1,151.16,3,151.39,2,151.39,151.16,151.16,3,151.15,2,151.03,2,151.0,1,150.97,3,150.96,5,150.95,5,150.89,2,150.88,4,150.87,4,151.39,2,151.46,2,151.47,5,151.54,3,151.55,3,,,,,,,,,,
2020-10-29 09:34:09,151.25,151.28,1,151.11,1,151.39,2,151.39,151.11,151.11,1,151.03,2,151.0,1,150.97,3,150.96,5,150.95,5,150.89,2,150.88,4,150.87,4,150.86,2,151.39,2,151.46,2,151.47,5,151.54,3,151.55,3,,,,,,,,,,
2020-10-29 09:34:10,151.255,151.28,1,151.12,1,151.39,2,151.39,151.12,151.12,1,151.11,1,151.03,2,151.0,1,150.97,3,150.96,5,150.95,5,150.89,2,150.88,4,150.87,4,151.39,2,151.46,2,151.47,5,151.54,3,151.55,3,,,,,,,,,,
2020-10-29 09:34:11,151.25,151.28,1,151.11,2,151.39,2,151.39,151.11,151.11,2,151.03,2,151.0,1,150.97,3,150.96,5,150.95,5,150.89,2,150.88,4,150.87,4,150.86,2,151.39,2,151.46,2,151.47,5,151.54,3,151.55,3,,,,,,,,,,
2020-10-29 09:34:12,151.25,151.28,1,151.11,2,151.39,2,151.39,151.11,151.11,2,151.03,2,151.0,1,150.97,3,150.96,5,150.95,5,150.89,2,150.88,4,150.87,4,150.86,2,151.39,2,151.46,2,151.47,5,151.54,3,151.55,3,,,,,,,,,,
2020-10-29 09:34:13,151.25,151.28,1,151.11,2,151.39,2,151.39,151.11,151.11,2,151.03,2,151.0,1,150.97,3,150.96,5,150.95,5,150.89,2,150.88,4,150.87,4,150.86,2,151.39,2,151.46,2,151.47,5,151.54,3,151.55,3,,,,,,,,,,
2020-10-29 09:34:14,151.25,151.28,1,151.11,2,151.39,2,151.39,151.11,151.11,2,151.03,2,151.0,1,150.97,3,150.96,5,150.95,5,150.89,2,150.88,4,150.87,4,150.86,2,151.39,2,151.46,2,151.47,5,151.54,3,151.55,3,,,,,,,,,,
2020-10-29 09:34:15,151.25,151.28,1,151.11,2,151.39,2,151.39,151.11,151.11,2,151.03,2,151.0,1,150.97,3,150.96,5,150.95,5,150.89,2,150.88,4,150.87,4,150.86,2,151.39,2,151.46,2,151.47,5,151.54,3,151.55,3,,,,,,,,,,
2020-10-29 09:34:16,151.25,151.28,1,151.11,2,151.39,2,151.39,151.11,151.11,2,151.03,2,151.0,1,150.97,3,150.96,5,150.95,5,150.89,2,150.88,4,150.87,4,150.86,2,151.39,2,151.46,2,151.47,5,151.54,3,151.55,3,,,,,,,,,,
2020-10-29 09:34:17,151.25,151.28,1,151.11,2,151.39,2,151.39,151.11,151.11,2,151.03,2,151.0,1,150.97,3,150.96,5,150.95,5,150.89,2,150.88,4,150.87,4,150.86,2,151.39,2,151.46,2,151.47,5,151.54,3,151.55,3,,,,,,,,,,
2020-10-29 09:34:18,151.19,151.16,1,151.06,4,151.32,3,151.32,151.06,151.06,4,151.05,4,151.04,2,151.03,2,151.0,1,150.97,3,150.96,5,150.95,5,150.89,2,150.88,4,151.32,3,151.33,3,151.39,2,151.46,2,151.47,5,151.54,3,151.55,3,,,,,,
2020-10-29 09:34:19,151.165,151.16,1,151.06,4,151.27,2,151.27,151.06,151.06,4,151.05,4,151.04,2,151.03,2,151.0,1,150.97,3,150.96,5,150.95,5,150.89,2,150.88,4,151.27,2,151.28,2,151.32,3,151.33,3,151.39,2,151.46,2,151.47,5,151.54,3,151.55,3,,
2020-10-29 09:34:20,151.075,151.05,1,150.94,2,151.21,2,151.21,150.94,150.94,2,150.93,2,150.91,1,150.84,1,150.76,2,150.69,1,150.6,2,150.58,1,150.56,1,150.54,1,151.21,2,151.27,3,151.28,2,151.32,3,151.33,3,151.39,2,151.46,2,151.47,5,151.54,3,151.55,3
2020-10-29 09:34:21,151.075,151.05,1,150.94,2,151.21,2,151.21,150.94,150.94,2,150.93,2,150.91,1,150.84,1,150.76,2,150.69,1,150.6,2,150.58,1,150.56,1,150.54,1,151.21,2,151.27,3,151.28,2,151.32,3,151.33,3,151.39,2,151.46,2,151.47,5,151.54,3,151.55,3
2020-10-29 09:34:22,151.08,151.05,1,150.95,1,151.21,2,151.21,150.95,150.95,1,150.94,2,150.93,2,150.91,1,150.84,1,150.76,2,150.69,1,150.6,2,150.58,1,150.56,1,151.21,2,151.27,3,151.28,2,151.32,3,151.33,3,151.39,2,151.46,2,151.47,5,151.54,3,151.55,3
2020-10-29 09:34:23,151.09,151.21,1,150.97,1,151.21,2,151.21,150.97,150.97,1,150.95,2,150.94,2,150.93,2,150.91,1,150.84,1,150.76,2,150.69,1,150.6,2,150.58,1,151.21,2,151.27,3,151.28,2,151.32,3,151.33,3,151.39,2,151.46,2,151.47,5,151.54,3,151.55,3
2020-10-29 09:34:24,151.105,151.21,1,151.0,1,151.21,2,151.21,151.0,151.0,1,150.97,1,150.95,2,150.94,2,150.93,2,150.91,1,150.84,1,150.76,2,150.69,1,150.6,2,151.21,2,151.27,3,151.28,2,151.32,3,151.33,3,151.39,2,151.46,2,151.47,5,151.54,3,151.55,3
2020-10-29 09:34:25,151.09,151.21,1,150.97,1,151.21,2,151.21,150.97,150.97,1,150.95,2,150.94,2,150.93,2,150.91,1,150.84,1,150.76,2,150.69,1,150.6,2,150.58,1,151.21,2,151.27,3,151.28,2,151.32,3,151.33,3,151.39,2,151.46,2,151.47,5,151.54,3,151.55,3
2020-10-29 09:34:26,151.105,151.21,1,151.0,2,151.21,2,151.21,151.0,151.0,2,150.95,4,150.94,2,150.93,2,150.91,1,150.84,1,150.76,2,150.69,1,150.6,2,150.58,1,151.21,2,151.26,1,151.27,3,151.28,2,151.32,3,151.33,3,151.39,2,151.46,2,151.47,5,151.54,3
2020-10-29 09:34:27,151.11,151.21,1,151.0,2,151.22,1,151.22,151.0,151.0,2,150.95,4,150.94,2,150.93,2,150.91,1,150.84,1,150.76,2,150.69,1,150.6,2,150.58,1,151.22,1,151.28,3,151.32,3,151.33,3,151.39,2,151.46,2,151.47,5,151.54,3,151.55,3,,
2020-10-29 09:34:28,151.1,151.21,1,151.0,2,151.2,1,151.2,151.0,151.0,2,150.95,4,150.94,2,150.93,2,150.91,1,150.84,1,150.76,2,150.69,1,150.6,2,150.58,1,151.2,1,151.21,2,151.22,1,151.28,3,151.32,3,151.33,3,151.39,2,151.46,2,151.47,5,151.54,3
2020-10-29 09:34:29,151.11,151.21,1,151.0,2,151.22,1,151.22,151.0,151.0,2,150.95,4,150.94,2,150.93,2,150.91,1,150.84,1,150.76,2,150.69,1,150.6,2,150.58,1,151.22,1,151.23,1,151.28,3,151.32,3,151.33,3,151.39,2,151.46,2,151.47,5,151.54,3,151.55,3
2020-10-29 09:34:30,151.1,151.21,1,151.0,2,151.2,2,151.2,151.0,151.0,2,150.95,4,150.94,2,150.93,2,150.91,1,150.84,1,150.76,2,150.69,1,150.6,2,150.58,1,151.2,2,151.21,1,151.22,1,151.23,1,151.28,3,151.32,3,151.33,3,151.39,2,151.46,2,151.47,5
2020-10-29 09:34:31,151.115,151.21,1,151.0,2,151.23,1,151.23,151.0,151.0,2,150.95,4,150.94,2,150.93,2,150.91,1,150.84,1,150.76,2,150.69,1,150.6,2,150.58,1,151.23,1,151.28,3,151.32,3,151.33,3,151.39,2,151.46,2,151.47,5,151.54,3,151.55,3,,
2020-10-29 09:34:32,151.115,151.21,1,151.0,2,151.23,1,151.23,151.0,151.0,2,150.95,4,150.94,2,150.93,2,150.91,1,150.84,1,150.76,2,150.69,1,150.6,2,150.58,1,151.23,1,151.28,3,151.32,3,151.33,3,151.39,2,151.46,2,151.47,5,151.54,3,151.55,3,,
2020-10-29 09:34:33,151.115,151.21,1,151.0,2,151.23,1,151.23,151.0,151.0,2,150.95,4,150.94,2,150.93,2,150.91,1,150.84,1,150.76,2,150.69,1,150.6,2,150.58,1,151.23,1,151.28,3,151.32,3,151.33,3,151.39,2,151.46,2,151.47,5,151.54,3,151.55,3,,
2020-10-29 09:34:34,151.145,151.21,1,151.01,4,151.28,3,151.28,151.01,151.01,4,151.0,2,150.95,4,150.94,2,150.93,2,150.91,1,150.84,1,150.76,2,150.69,1,150.6,2,151.28,3,151.32,3,151.33,3,151.39,2,151.46,2,151.47,5,151.54,3,151.55,3,,,,
2020-10-29 09:34:35,151.115,151.04,1,151.02,3,151.21,1,151.21,151.02,151.02,3,151.01,4,151.0,2,150.95,4,150.94,2,150.93,2,150.91,1,150.84,1,150.76,2,150.69,1,151.21,1,151.28,3,151.32,3,151.33,3,151.39,2,151.46,2,151.47,5,151.54,3,151.55,3,,
2020-10-29 09:34:36,151.115,151.04,1,151.02,3,151.21,1,151.21,151.02,151.02,3,151.01,4,151.0,2,150.95,4,150.94,2,150.93,2,150.91,1,150.84,1,150.76,2,150.69,1,151.21,1,151.26,1,151.28,3,151.32,3,151.33,3,151.39,2,151.46,2,151.47,5,151.54,3,151.55,3
2020-10-29 09:34:37,151.115,151.04,1,151.02,3,151.21,1,151.21,151.02,151.02,3,151.01,4,151.0,2,150.95,4,150.94,2,150.93,2,150.91,1,150.84,1,150.76,2,150.69,1,151.21,1,151.28,3,151.32,3,151.33,3,151.39,2,151.46,2,151.47,5,151.54,3,151.55,3,,
2020-10-29 09:34:38,151.11,151.04,1,151.02,3,151.2,2,151.2,151.02,151.02,3,151.01,4,151.0,2,150.95,4,150.94,2,150.93,2,150.91,1,150.84,1,150.76,2,150.69,1,151.2,2,151.21,2,151.28,3,151.32,3,151.33,3,151.39,2,151.46,2,151.47,5,151.54,3,151.55,3
2020-10-29 09:34:39,151.105,151.04,1,151.01,4,151.2,2,151.2,151.01,151.01,4,151.0,2,150.95,4,150.94,2,150.93,2,150.91,1,150.84,1,150.76,2,150.69,1,150.6,2,151.2,2,151.21,2,151.28,3,151.32,3,151.33,3,151.39,2,151.46,2,151.47,5,151.54,3,151.55,3
2020-10-29 09:34:40,151.105,151.04,1,151.01,4,151.2,2,151.2,151.01,151.01,4,151.0,2,150.95,4,150.94,2,150.93,2,150.91,1,150.84,1,150.76,2,150.69,1,150.6,2,151.2,2,151.21,2,151.28,3,151.32,3,151.33,3,151.39,2,151.46,2,151.47,5,151.54,3,151.55,3
2020-10-29 09:34:41,151.105,151.04,1,151.01,4,151.2,2,151.2,151.01,151.01,4,151.0,2,150.95,4,150.94,2,150.93,2,150.91,1,150.84,1,150.76,2,150.69,1,150.6,2,151.2,2,151.21,2,151.28,3,151.32,3,151.33,3,151.39,2,151.46,2,151.47,5,151.54,3,151.55,3
2020-10-29 09:34:42,151.11,151.04,1,151.02,1,151.2,2,151.2,151.02,151.02,1,151.01,4,151.0,2,150.95,4,150.94,2,150.93,2,150.91,1,150.84,1,150.76,2,150.69,1,151.2,2,151.21,2,151.28,3,151.32,3,151.33,3,151.39,2,151.46,2,151.47,5,151.54,3,151.55,3
2020-10-29 09:34:43,151.11,151.04,1,151.02,1,151.2,2,151.2,151.02,151.02,1,151.01,4,151.0,2,150.95,4,150.94,2,150.93,2,150.91,1,150.84,1,150.76,2,150.69,1,151.2,2,151.21,2,151.28,3,151.32,3,151.33,3,151.39,2,151.46,2,151.47,5,151.54,3,151.55,3
2020-10-29 09:34:44,151.11,151.04,1,151.02,1,151.2,2,151.2,151.02,151.02,1,151.01,4,151.0,2,150.95,4,150.94,2,150.93,2,150.91,1,150.84,1,150.76,2,150.69,1,151.2,2,151.21,2,151.28,3,151.32,3,151.33,3,151.39,2,151.46,2,151.47,5,151.54,3,151.55,3
2020-10-29 09:34:45,151.11,151.04,1,151.02,1,151.2,2,151.2,151.02,151.02,1,151.01,4,151.0,2,150.95,4,150.94,2,150.93,2,150.91,1,150.84,1,150.76,2,150.69,1,151.2,2,151.21,2,151.28,3,151.32,3,151.33,3,151.39,2,151.46,2,151.47,5,151.54,3,151.55,3
2020-10-29 09:34:46,151.11,151.04,1,151.02,1,151.2,2,151.2,151.02,151.02,1,151.01,4,151.0,2,150.95,4,150.94,2,150.93,2,150.91,1,150.84,1,150.76,2,150.69,1,151.2,2,151.21,2,151.28,3,151.32,3,151.33,3,151.39,2,151.46,2,151.47,5,151.54,3,151.55,3
2020-10-29 09:34:47,151.11,151.04,1,151.02,1,151.2,2,151.2,151.02,151.02,1,151.01,4,151.0,2,150.95,4,150.94,2,150.93,2,150.91,1,150.84,1,150.76,2,150.69,1,151.2,2,151.21,2,151.28,3,151.32,3,151.33,3,151.39,2,151.46,2,151.47,5,151.54,3,151.55,3
2020-10-29 09:34:48,151.11,151.04,1,151.02,1,151.2,2,151.2,151.02,151.02,1,151.01,4,151.0,2,150.95,4,150.94,2,150.93,2,150.91,1,150.84,1,150.76,2,150.69,1,151.2,2,151.21,2,151.28,3,151.32,3,151.33,3,151.39,2,151.46,2,151.47,5,151.54,3,151.55,3
2020-10-29 09:34:49,151.11,151.04,1,151.02,1,151.2,2,151.2,151.02,151.02,1,151.01,4,151.0,2,150.95,4,150.94,2,150.93,2,150.91,1,150.84,1,150.76,2,150.69,1,151.2,2,151.21,2,151.28,3,151.32,3,151.33,3,151.39,2,151.46,2,151.47,5,151.54,3,151.55,3
2020-10-29 09:34:51,151.11,151.04,1,151.02,1,151.2,2,151.2,151.02,151.02,1,151.01,4,151.0,2,150.95,4,150.94,2,150.93,2,150.91,1,150.84,1,150.76,2,150.69,1,151.2,2,151.21,2,151.28,3,151.32,3,151.33,3,151.39,2,151.46,2,151.47,5,151.54,3,151.55,3
2020-10-29 09:34:52,150.94,150.94,1,150.85,4,151.03,3,151.03,150.85,150.85,4,150.71,1,150.69,1,150.6,2,150.58,1,150.56,1,150.54,1,150.53,1,150.51,2,150.45,1,151.03,3,151.04,2,151.05,1,151.1,1,151.11,1,151.12,1,151.2,2,151.21,2,151.28,3,151.32,3
2020-10-29 09:34:53,150.945,150.94,1,150.85,5,151.04,3,151.04,150.85,150.85,5,150.71,1,150.69,1,150.6,2,150.58,1,150.56,1,150.54,1,150.53,1,150.51,2,150.45,1,151.04,3,151.05,1,151.1,1,151.11,1,151.12,1,151.2,2,151.21,2,151.28,3,151.32,3,151.33,3
2020-10-29 09:34:54,150.95,150.94,1,150.86,3,151.04,3,151.04,150.86,150.86,3,150.85,5,150.71,1,150.69,1,150.6,2,150.58,1,150.56,1,150.54,1,150.53,1,150.51,2,151.04,3,151.05,1,151.1,1,151.11,1,151.12,1,151.2,2,151.21,2,151.28,3,151.32,3,151.33,3
2020-10-29 09:34:55,150.95,150.94,1,150.86,3,151.04,3,151.04,150.86,150.86,3,150.85,5,150.71,1,150.69,1,150.6,2,150.58,1,150.56,1,150.54,1,150.53,1,150.51,2,151.04,3,151.05,1,151.1,1,151.11,1,151.12,1,151.2,2,151.21,2,151.28,3,151.32,3,151.33,3
2020-10-29 09:34:55,150.95,150.94,1,150.86,3,151.04,3,151.04,150.86,150.86,3,150.85,5,150.71,1,150.69,1,150.6,2,150.58,1,150.56,1,150.54,1,150.53,1,150.51,2,151.04,3,151.05,1,151.1,1,151.11,1,151.12,1,151.2,2,151.21,2,151.28,3,151.32,3,151.33,3
2020-10-29 09:34:57,150.945,150.95,1,150.85,4,151.04,3,151.04,150.85,150.85,4,150.71,1,150.69,1,150.6,2,150.58,1,150.56,1,150.54,1,150.53,1,150.51,2,150.45,1,151.04,3,151.05,1,151.1,1,151.11,1,151.12,1,151.2,2,151.21,2,151.28,3,151.32,3,151.33,3
2020-10-29 09:34:57,150.925,150.95,1,150.85,4,151.0,2,151.0,150.85,150.85,4,150.71,1,150.69,1,150.6,2,150.58,1,150.56,1,150.54,1,150.53,1,150.51,2,150.45,1,151.0,2,151.04,3,151.05,1,151.1,1,151.11,1,151.12,1,151.2,2,151.21,2,151.28,3,151.32,3
2020-10-29 09:34:59,150.835,150.86,1,150.79,2,150.88,1,150.88,150.79,150.79,2,150.78,2,150.68,1,150.6,2,150.58,1,150.56,1,150.54,1,150.53,1,150.51,2,150.45,1,150.88,1,150.91,1,150.92,2,150.93,1,151.0,2,151.04,3,151.05,1,151.1,1,151.11,1,151.12,1
2020-10-29 09:35:00,150.825,150.86,1,150.79,4,150.86,1,150.86,150.79,150.79,4,150.78,2,150.68,1,150.6,2,150.58,1,150.56,1,150.54,1,150.53,1,150.51,2,150.45,1,150.86,1,150.88,1,150.91,1,150.92,2,150.93,1,151.0,2,151.04,3,151.05,1,151.1,1,151.11,1
2020-10-29 09:35:01,150.835,150.86,1,150.79,4,150.88,2,150.88,150.79,150.79,4,150.78,2,150.68,1,150.6,2,150.58,1,150.56,1,150.54,1,150.53,1,150.51,2,150.45,1,150.88,2,150.91,1,150.92,2,150.93,1,151.0,2,151.04,3,151.05,1,151.1,1,151.11,1,151.12,1
2020-10-29 09:35:02,150.835,150.86,1,150.79,4,150.88,2,150.88,150.79,150.79,4,150.78,2,150.68,1,150.6,2,150.58,1,150.56,1,150.54,1,150.53,1,150.51,2,150.45,1,150.88,2,150.91,1,150.92,2,150.93,1,151.0,2,151.04,3,151.05,1,151.1,1,151.11,1,151.12,1
2020-10-29 09:35:03,150.835,150.86,1,150.79,4,150.88,4,150.88,150.79,150.79,4,150.78,2,150.68,1,150.6,2,150.58,1,150.56,1,150.54,1,150.53,1,150.51,2,150.45,1,150.88,4,150.91,1,150.92,2,150.93,1,151.0,2,151.04,3,151.05,1,151.1,1,151.11,1,151.12,1
2020-10-29 09:35:04,150.835,150.86,1,150.79,4,150.88,4,150.88,150.79,150.79,4,150.78,2,150.68,1,150.6,2,150.58,1,150.56,1,150.54,1,150.53,1,150.51,2,150.45,1,150.88,4,150.91,1,150.92,2,150.93,1,151.0,2,151.04,3,151.05,1,151.1,1,151.11,1,151.12,1
2020-10-29 09:35:05,150.835,150.86,1,150.79,4,150.88,4,150.88,150.79,150.79,4,150.78,2,150.68,1,150.6,2,150.58,1,150.56,1,150.54,1,150.53,1,150.51,2,150.45,1,150.88,4,150.91,1,150.92,2,150.93,1,151.0,2,151.04,3,151.05,1,151.1,1,151.11,1,151.12,1
2020-10-29 09:35:06,150.725,150.81,1,150.6,1,150.85,2,150.85,150.6,150.6,1,150.58,1,150.56,1,150.54,1,150.53,1,150.51,2,150.45,1,150.44,2,150.4,4,,,150.85,2,150.88,1,150.9,3,150.91,2,150.92,2,150.93,1,151.0,2,151.04,3,151.05,1,151.1,1
2020-10-29 09:35:07,150.775,150.81,1,150.67,2,150.88,3,150.88,150.67,150.67,2,150.61,1,150.6,1,150.58,1,150.56,1,150.54,1,150.53,1,150.51,2,150.45,1,150.44,2,150.88,3,150.9,3,150.91,2,150.92,2,150.93,1,151.0,2,151.04,3,151.05,1,151.1,1,151.11,1
2020-10-29 09:35:08,150.78,150.81,1,150.67,2,150.89,1,150.89,150.67,150.67,2,150.61,1,150.6,1,150.58,1,150.56,1,150.54,1,150.53,1,150.51,2,150.45,1,150.44,2,150.89,1,150.91,4,150.92,2,150.93,1,151.0,2,151.04,3,151.05,1,151.1,1,151.11,1,151.12,1
2020-10-29 09:35:09,150.86,150.91,1,150.72,1,151.0,2,151.0,150.72,150.72,1,150.71,2,150.68,1,150.67,2,150.61,1,150.6,1,150.58,1,150.56,1,150.54,1,150.53,1,151.0,2,151.03,1,151.07,4,151.1,1,151.11,1,151.12,1,151.2,2,151.21,2,151.28,3,151.32,3
2020-10-29 09:35:10,150.87,150.91,1,150.74,5,151.0,2,151.0,150.74,150.74,5,150.73,6,150.72,2,150.71,2,150.68,1,150.67,2,150.61,1,150.6,1,150.58,1,150.56,1,151.0,2,151.03,1,151.07,4,151.1,1,151.11,1,151.12,1,151.2,2,151.21,2,151.28,3,151.32,3
2020-10-29 09:35:11,150.87,150.91,1,150.74,5,151.0,2,151.0,150.74,150.74,5,150.73,6,150.72,2,150.71,2,150.68,1,150.67,2,150.61,1,150.6,1,150.58,1,150.56,1,151.0,2,151.03,1,151.07,4,151.1,1,151.11,1,151.12,1,151.2,2,151.21,2,151.28,3,151.32,3
2020-10-29 09:35:12,150.87,150.91,1,150.74,5,151.0,2,151.0,150.74,150.74,5,150.73,6,150.72,2,150.71,2,150.68,1,150.67,2,150.61,1,150.6,1,150.58,1,150.56,1,151.0,2,151.03,1,151.07,4,151.1,1,151.11,1,151.12,1,151.2,2,151.21,2,151.28,3,151.32,3
2020-10-29 09:35:13,150.595,150.54,1,150.51,5,150.68,2,150.68,150.51,150.51,5,150.45,1,150.44,2,150.4,4,,,,,,,,,,,,,150.68,2,150.88,3,150.89,3,151.0,2,151.03,1,151.07,4,151.1,1,151.11,1,151.12,1,151.2,2
2020-10-29 09:35:14,150.675,150.54,1,150.51,11,150.84,3,150.84,150.51,150.51,11,150.45,1,150.44,2,150.4,4,,,,,,,,,,,,,150.84,3,150.88,3,150.89,3,151.0,2,151.03,1,151.07,4,151.1,1,151.11,1,151.12,1,151.2,2
2020-10-29 09:35:15,150.685,150.54,1,150.53,3,150.84,3,150.84,150.53,150.53,3,150.52,7,150.51,11,150.45,1,150.44,2,150.4,4,,,,,,,,,150.84,3,150.88,3,150.89,3,151.0,2,151.03,1,151.07,4,151.1,1,151.11,1,151.12,1,151.2,2
2020-10-29 09:35:16,150.725,150.54,1,150.61,2,150.84,3,150.84,150.61,150.61,2,150.53,3,150.52,7,150.51,11,150.45,1,150.44,2,150.4,4,,,,,,,150.84,3,150.88,3,150.89,3,151.0,2,151.03,1,151.07,4,151.1,1,151.11,1,151.12,1,151.2,2
2020-10-29 09:35:17,150.68,150.54,1,150.52,9,150.84,3,150.84,150.52,150.52,9,150.51,11,150.45,1,150.44,2,150.4,4,,,,,,,,,,,150.84,3,150.88,3,150.89,3,151.0,2,151.03,1,151.07,4,151.1,1,151.11,1,151.12,1,151.2,2
2020-10-29 09:35:18,150.68,150.54,1,150.52,6,150.84,3,150.84,150.52,150.52,6,150.51,11,150.45,1,150.44,2,150.4,4,,,,,,,,,,,150.84,3,150.88,3,150.89,3,151.0,2,151.03,1,151.07,4,151.1,1,151.11,1,151.12,1,151.2,2
2020-10-29 09:35:19,150.68,150.54,1,150.52,6,150.84,3,150.84,150.52,150.52,6,150.51,11,150.45,1,150.44,2,150.4,4,,,,,,,,,,,150.84,3,150.88,3,150.89,3,151.0,2,151.03,1,151.07,4,151.1,1,151.11,1,151.12,1,151.2,2
2020-10-29 09:35:20,150.68,150.54,1,150.52,6,150.84,3,150.84,150.52,150.52,6,150.51,11,150.45,1,150.44,2,150.4,4,,,,,,,,,,,150.84,3,150.88,3,150.89,3,151.0,2,151.03,1,151.07,4,151.1,1,151.11,1,151.12,1,151.2,2
2020-10-29 09:35:21,150.68,150.54,1,150.52,6,150.84,3,150.84,150.52,150.52,6,150.51,11,150.45,1,150.44,2,150.4,4,,,,,,,,,,,150.84,3,150.88,3,150.89,3,151.0,2,151.03,1,151.07,4,151.1,1,151.11,1,151.12,1,151.2,2
2020-10-29 09:35:22,150.68,150.54,1,150.52,6,150.84,3,150.84,150.52,150.52,6,150.51,11,150.45,1,150.44,2,150.4,4,,,,,,,,,,,150.84,3,150.88,3,150.89,3,151.0,2,151.03,1,151.07,4,151.1,1,151.11,1,151.12,1,151.2,2
2020-10-29 09:35:23,150.68,150.54,1,150.52,6,150.84,3,150.84,150.52,150.52,6,150.51,11,150.45,1,150.44,2,150.4,4,,,,,,,,,,,150.84,3,150.88,3,150.89,3,151.0,2,151.03,1,151.07,4,151.1,1,151.11,1,151.12,1,151.2,2
2020-10-29 09:35:24,150.68,150.54,1,150.52,6,150.84,3,150.84,150.52,150.52,6,150.51,11,150.45,1,150.44,2,150.4,4,,,,,,,,,,,150.84,3,150.88,3,150.89,3,151.0,2,151.03,1,151.07,4,151.1,1,151.11,1,151.12,1,151.2,2
2020-10-29 09:35:25,150.675,150.54,1,150.52,6,150.83,3,150.83,150.52,150.52,6,150.51,11,150.45,1,150.44,2,150.4,4,,,,,,,,,,,150.83,3,150.84,3,150.88,3,150.89,3,151.0,2,151.03,1,151.07,4,151.1,1,151.11,1,151.12,1
2020-10-29 09:35:26,150.675,150.54,1,150.52,6,150.83,3,150.83,150.52,150.52,6,150.51,11,150.45,1,150.44,2,150.4,4,,,,,,,,,,,150.83,3,150.84,3,150.88,3,150.89,3,151.0,2,151.03,1,151.07,4,151.1,1,151.11,1,151.12,1
2020-10-29 09:35:27,150.675,150.68,1,150.52,6,150.83,3,150.83,150.52,150.52,6,150.51,11,150.45,1,150.44,2,150.4,4,,,,,,,,,,,150.83,3,150.84,3,150.88,3,150.89,3,151.0,2,151.03,1,151.07,4,151.1,1,151.11,1,151.12,1
2020-10-29 09:35:28,150.675,150.68,1,150.52,6,150.83,3,150.83,150.52,150.52,6,150.51,11,150.45,1,150.44,2,150.4,4,,,,,,,,,,,150.83,3,150.84,3,150.88,3,150.89,3,151.0,2,151.03,1,151.07,4,151.1,1,151.11,1,151.12,1
2020-10-29 09:35:29,150.675,150.68,1,150.52,5,150.83,3,150.83,150.52,150.52,5,150.51,11,150.45,1,150.44,2,150.4,4,,,,,,,,,,,150.83,3,150.84,3,150.88,3,150.89,3,151.0,2,151.03,1,151.07,4,151.1,1,151.11,1,151.12,1
2020-10-29 09:35:30,150.675,150.68,1,150.52,6,150.83,3,150.83,150.52,150.52,6,150.51,11,150.45,1,150.44,2,150.4,4,,,,,,,,,,,150.83,3,150.84,3,150.88,3,150.89,3,151.0,2,151.03,1,151.07,4,151.1,1,151.11,1,151.12,1
2020-10-29 09:35:31,150.64,150.68,1,150.45,1,150.83,3,150.83,150.45,150.45,1,150.42,1,150.4,4,,,,,,,,,,,,,,,150.83,3,150.84,3,150.88,3,150.89,3,151.0,2,151.03,1,151.07,4,151.1,1,151.11,1,151.12,1
2020-10-29 09:35:32,150.64,150.68,1,150.45,1,150.83,3,150.83,150.45,150.45,1,150.42,1,150.4,4,,,,,,,,,,,,,,,150.83,3,150.84,3,150.88,3,150.89,3,151.0,2,151.03,1,151.07,4,151.1,1,151.11,1,151.12,1
2020-10-29 09:35:33,150.64,150.68,1,150.45,1,150.83,3,150.83,150.45,150.45,1,150.42,1,150.4,4,,,,,,,,,,,,,,,150.83,3,150.84,3,150.88,3,150.89,3,151.0,2,151.03,1,151.07,4,151.1,1,151.11,1,151.12,1
2020-10-29 09:35:34,150.665,150.68,1,150.5,1,150.83,3,150.83,150.5,150.5,1,150.45,1,150.42,1,150.4,4,,,,,,,,,,,,,150.83,3,150.84,3,150.88,3,150.89,3,151.0,2,151.03,1,151.07,4,151.1,1,151.11,1,151.12,1
2020-10-29 09:35:35,150.625,150.68,1,150.42,1,150.83,3,150.83,150.42,150.42,1,150.4,4,,,,,,,,,,,,,,,,,150.83,3,150.84,3,150.88,3,150.89,3,151.0,2,151.03,1,151.07,4,151.1,1,151.11,1,151.12,1
2020-10-29 09:35:36,150.445,150.49,2,150.4,4,150.49,1,150.49,150.4,150.4,4,,,,,,,,,,,,,,,,,,,150.49,1,150.5,2,150.58,1,150.83,3,150.84,3,150.88,3,150.89,3,151.0,2,151.03,1,151.07,4
2020-10-29 09:35:37,150.385,150.36,2,150.37,1,150.4,2,150.4,150.37,150.37,1,150.27,2,,,,,,,,,,,,,,,,,150.4,2,150.48,1,150.49,1,150.5,2,150.58,1,150.83,3,150.84,3,150.88,3,150.89,3,151.0,2
2020-10-29 09:35:38,150.405,150.41,2,150.34,3,150.47,1,150.47,150.34,150.34,3,150.33,2,150.31,2,150.3,2,150.27,2,,,,,,,,,,,150.47,1,150.48,1,150.49,1,150.5,2,150.58,1,150.83,3,150.84,3,150.88,3,150.89,3,151.0,2
2020-10-29 09:35:39,150.475,150.4,1,150.36,2,150.59,1,150.59,150.36,150.36,2,150.34,3,150.33,2,150.31,2,150.3,2,150.27,2,,,,,,,,,150.59,1,150.6,1,150.66,2,150.8,1,150.83,3,150.84,3,150.88,3,150.89,3,151.0,2,151.03,1
2020-10-29 09:35:40,150.415,150.21,3,150.25,1,150.58,5,150.58,150.25,150.25,1,150.21,1,,,,,,,,,,,,,,,,,150.58,5,150.59,1,150.6,1,150.66,2,150.8,1,150.83,3,150.84,3,150.88,3,150.89,3,151.0,2
2020-10-29 09:35:41,150.415,150.21,3,150.25,3,150.58,5,150.58,150.25,150.25,3,150.21,1,,,,,,,,,,,,,,,,,150.58,5,150.59,1,150.6,1,150.66,2,150.8,1,150.83,3,150.84,3,150.88,3,150.89,3,151.0,2
2020-10-29 09:35:42,150.415,150.21,3,150.25,3,150.58,5,150.58,150.25,150.25,3,150.21,1,,,,,,,,,,,,,,,,,150.58,5,150.59,1,150.6,1,150.66,2,150.8,1,150.83,3,150.84,3,150.88,3,150.89,3,151.0,2
2020-10-29 09:35:43,150.415,150.21,3,150.25,6,150.58,5,150.58,150.25,150.25,6,150.21,1,,,,,,,,,,,,,,,,,150.58,5,150.59,1,150.6,1,150.66,2,150.8,1,150.83,3,150.84,3,150.88,3,150.89,3,151.0,2
2020-10-29 09:35:44,150.415,150.21,3,150.25,6,150.58,5,150.58,150.25,150.25,6,150.21,1,,,,,,,,,,,,,,,,,150.58,5,150.59,1,150.6,1,150.66,2,150.8,1,150.83,3,150.84,3,150.88,3,150.89,3,151.0,2
2020-10-29 09:35:45,150.415,150.21,3,150.25,6,150.58,5,150.58,150.25,150.25,6,150.21,1,,,,,,,,,,,,,,,,,150.58,5,150.59,1,150.6,1,150.66,2,150.8,1,150.83,3,150.84,3,150.88,3,150.89,3,151.0,2
2020-10-29 09:35:46,150.415,150.21,3,150.25,6,150.58,5,150.58,150.25,150.25,6,150.21,1,,,,,,,,,,,,,,,,,150.58,5,150.59,1,150.6,1,150.66,2,150.8,1,150.83,3,150.84,3,150.88,3,150.89,3,151.0,2
2020-10-29 09:35:47,150.415,150.21,3,150.25,6,150.58,5,150.58,150.25,150.25,6,150.21,1,,,,,,,,,,,,,,,,,150.58,5,150.59,1,150.6,1,150.66,2,150.8,1,150.83,3,150.84,3,150.88,3,150.89,3,151.0,2
2020-10-29 09:35:48,150.415,150.21,3,150.25,6,150.58,5,150.58,150.25,150.25,6,150.21,1,,,,,,,,,,,,,,,,,150.58,5,150.59,1,150.6,1,150.66,2,150.8,1,150.83,3,150.84,3,150.88,3,150.89,3,151.0,2
2020-10-29 09:35:49,150.415,150.21,3,150.25,6,150.58,5,150.58,150.25,150.25,6,150.21,1,,,,,,,,,,,,,,,,,150.58,5,150.59,1,150.6,1,150.66,2,150.8,1,150.83,3,150.84,3,150.88,3,150.89,3,151.0,2
2020-10-29 09:35:50,150.415,150.21,3,150.25,6,150.58,5,150.58,150.25,150.25,6,150.21,1,,,,,,,,,,,,,,,,,150.58,5,150.59,1,150.6,1,150.66,2,150.8,1,150.83,3,150.84,3,150.88,3,150.89,3,151.0,2
2020-10-29 09:35:51,150.415,150.21,3,150.25,6,150.58,5,150.58,150.25,150.25,6,150.21,1,,,,,,,,,,,,,,,,,150.58,5,150.59,1,150.6,1,150.66,2,150.8,1,150.83,3,150.84,3,150.88,3,150.89,3,151.0,2
2020-10-29 09:35:52,150.415,150.27,1,150.25,6,150.58,5,150.58,150.25,150.25,6,150.21,1,,,,,,,,,,,,,,,,,150.58,5,150.59,1,150.6,1,150.66,2,150.8,1,150.83,3,150.84,3,150.88,3,150.89,3,151.0,2
2020-10-29 09:35:53,150.415,150.27,1,150.25,6,150.58,5,150.58,150.25,150.25,6,150.21,1,,,,,,,,,,,,,,,,,150.58,5,150.59,1,150.6,1,150.66,2,150.8,1,150.83,3,150.84,3,150.88,3,150.89,3,151.0,2
2020-10-29 09:35:54,150.39,150.58,2,150.25,3,150.53,2,150.53,150.25,150.25,3,150.21,1,,,,,,,,,,,,,,,,,150.53,2,150.58,6,150.59,1,150.6,1,150.66,2,150.8,1,150.83,3,150.84,3,150.88,3,150.89,3
2020-10-29 09:35:55,150.39,150.58,2,150.25,3,150.53,2,150.53,150.25,150.25,3,150.21,1,,,,,,,,,,,,,,,,,150.53,2,150.58,6,150.59,1,150.6,1,150.66,2,150.8,1,150.83,3,150.84,3,150.88,3,150.89,3
2020-10-29 09:35:56,150.39,150.58,2,150.25,3,150.53,4,150.53,150.25,150.25,3,150.21,1,,,,,,,,,,,,,,,,,150.53,4,150.58,6,150.59,1,150.6,1,150.66,2,150.8,1,150.83,3,150.84,3,150.88,3,150.89,3
2020-10-29 09:35:57,150.105,150.1,1,150.02,3,150.19,3,150.19,150.02,150.02,3,150.01,3,,,,,,,,,,,,,,,,,150.19,3,150.21,3,150.25,1,150.34,1,150.4,2,150.41,1,150.52,2,150.53,4,150.58,6,150.59,1
2020-10-29 09:35:58,149.955,149.95,1,149.86,1,150.05,2,150.05,149.86,149.86,1,149.8,2,149.76,1,149.72,2,,,,,,,,,,,,,150.05,2,150.08,3,150.09,2,150.12,1,150.18,2,150.24,6,150.25,1,150.34,1,150.4,2,150.41,1
2020-10-29 09:35:59,149.985,149.92,2,149.86,2,150.11,3,150.11,149.86,149.86,2,149.81,3,149.8,2,149.76,1,149.72,2,,,,,,,,,,,150.11,3,150.12,1,150.18,2,150.24,6,150.25,1,150.34,1,150.4,2,150.41,1,150.52,2,150.53,4
2020-10-29 09:36:00,149.985,149.92,2,149.86,2,150.11,3,150.11,149.86,149.86,2,149.81,3,149.8,2,149.76,1,149.72,2,,,,,,,,,,,150.11,3,150.12,1,150.18,2,150.24,6,150.25,1,150.34,1,150.4,2,150.41,1,150.52,2,150.53,4
2020-10-29 09:36:01,149.995,149.92,2,149.88,3,150.11,4,150.11,149.88,149.88,3,149.87,4,149.86,2,149.81,3,149.8,2,149.76,1,149.72,2,,,,,,,150.11,4,150.12,1,150.18,2,150.24,6,150.25,1,150.34,1,150.4,2,150.41,1,150.52,2,150.53,4
2020-10-29 09:36:02,150.055,149.92,2,150.0,1,150.11,4,150.11,150.0,150.0,1,149.92,1,149.88,3,149.87,4,149.86,2,149.81,3,149.8,2,149.76,1,149.72,2,,,150.11,4,150.12,1,150.18,2,150.24,6,150.25,1,150.34,1,150.4,2,150.41,1,150.52,2,150.53,4
2020-10-29 09:36:03,150.165,150.19,1,150.03,2,150.3,3,150.3,150.03,150.03,2,150.0,3,149.92,1,149.88,3,149.87,4,149.86,2,149.81,3,149.8,2,149.76,1,149.72,2,150.3,3,150.32,2,150.33,1,150.4,2,150.41,1,150.52,2,150.53,4,150.58,6,150.59,1,150.6,1
2020-10-29 09:36:04,150.165,150.19,1,150.03,3,150.3,3,150.3,150.03,150.03,3,150.0,3,149.92,1,149.88,3,149.87,4,149.86,2,149.81,3,149.8,2,149.76,1,149.72,2,150.3,3,150.32,2,150.33,1,150.4,2,150.41,1,150.52,2,150.53,4,150.58,6,150.59,1,150.6,1
2020-10-29 09:36:05,150.165,150.19,1,150.03,4,150.3,3,150.3,150.03,150.03,4,150.0,3,149.92,1,149.88,3,149.87,4,149.86,2,149.81,3,149.8,2,149.76,1,149.72,2,150.3,3,150.32,2,150.33,1,150.4,2,150.41,1,150.52,2,150.53,4,150.58,6,150.59,1,150.6,1
2020-10-29 09:36:06,150.165,150.29,1,150.03,4,150.3,3,150.3,150.03,150.03,4,150.0,3,149.92,1,149.88,3,149.87,4,149.86,2,149.81,3,149.8,2,149.76,1,149.72,2,150.3,3,150.32,2,150.33,1,150.4,2,150.41,1,150.52,2,150.53,4,150.58,6,150.59,1,150.6,1
2020-10-29 09:36:07,150.165,150.29,1,150.03,4,150.3,3,150.3,150.03,150.03,4,150.0,3,149.92,1,149.88,3,149.87,4,149.86,2,149.81,3,149.8,2,149.76,1,149.72,2,150.3,3,150.32,2,150.33,1,150.4,2,150.41,1,150.52,2,150.53,4,150.58,6,150.59,1,150.6,1
2020-10-29 09:36:08,150.17,150.17,1,150.04,1,150.3,3,150.3,150.04,150.04,1,150.03,4,150.0,3,149.92,1,149.88,3,149.87,4,149.86,2,149.81,3,149.8,2,149.76,1,150.3,3,150.32,2,150.33,1,150.4,2,150.41,1,150.52,2,150.53,4,150.58,6,150.59,1,150.6,1
2020-10-29 09:36:09,150.185,150.17,1,150.04,3,150.33,3,150.33,150.04,150.04,3,150.03,4,150.0,3,149.92,1,149.88,3,149.87,4,149.86,2,149.81,3,149.8,2,149.76,1,150.33,3,150.4,2,150.41,1,150.52,2,150.53,4,150.58,6,150.59,1,150.6,1,150.66,2,150.8,1
2020-10-29 09:36:10,150.185,150.07,1,150.04,3,150.33,3,150.33,150.04,150.04,3,150.03,4,150.0,3,149.92,1,149.88,3,149.87,4,149.86,2,149.81,3,149.8,2,149.76,1,150.33,3,150.4,2,150.41,1,150.52,2,150.53,4,150.58,6,150.59,1,150.6,1,150.66,2,150.8,1
2020-10-29 09:36:11,150.215,150.07,1,150.1,3,150.33,3,150.33,150.1,150.1,3,150.09,3,150.04,3,150.03,4,150.0,3,149.92,1,149.88,3,149.87,4,149.86,2,149.81,3,150.33,3,150.4,2,150.41,1,150.52,2,150.53,4,150.58,6,150.59,1,150.6,1,150.66,2,150.8,1
2020-10-29 09:36:12,150.27,150.33,1,150.12,6,150.42,7,150.42,150.12,150.12,6,150.11,2,150.1,4,150.09,3,150.04,3,150.03,4,150.0,3,149.92,1,149.88,3,149.87,4,150.42,7,150.45,3,150.51,1,150.55,1,150.58,6,150.59,1,150.6,1,150.66,2,150.8,1,150.83,3
2020-10-29 09:36:13,150.265,150.33,1,150.11,2,150.42,7,150.42,150.11,150.11,2,150.1,4,150.09,3,150.04,3,150.03,4,150.0,3,149.92,1,149.88,3,149.87,4,149.86,2,150.42,7,150.45,3,150.51,1,150.55,1,150.58,6,150.59,1,150.6,1,150.66,2,150.8,1,150.83,3
2020-10-29 09:36:14,150.265,150.26,1,150.11,4,150.42,7,150.42,150.11,150.11,4,150.1,4,150.09,3,150.04,3,150.03,4,150.0,3,149.92,1,149.88,3,149.87,4,149.86,2,150.42,7,150.45,3,150.51,1,150.55,1,150.58,6,150.59,1,150.6,1,150.66,2,150.8,1,150.83,3
2020-10-29 09:36:15,150.265,150.26,1,150.11,4,150.42,7,150.42,150.11,150.11,4,150.1,4,150.09,3,150.04,3,150.03,4,150.0,3,149.92,1,149.88,3,149.87,4,149.86,2,150.42,7,150.45,3,150.51,1,150.55,1,150.58,6,150.59,1,150.6,1,150.66,2,150.8,1,150.83,3
2020-10-29 09:36:16,150.265,150.26,1,150.11,4,150.42,7,150.42,150.11,150.11,4,150.1,4,150.09,3,150.04,3,150.03,4,150.0,3,149.92,1,149.88,3,149.87,4,149.86,2,150.42,7,150.45,3,150.51,1,150.55,1,150.58,6,150.59,1,150.6,1,150.66,2,150.8,1,150.83,3
2020-10-29 09:36:17,150.265,150.26,1,150.11,4,150.42,7,150.42,150.11,150.11,4,150.1,4,150.09,3,150.04,3,150.03,4,150.0,3,149.92,1,149.88,3,149.87,4,149.86,2,150.42,7,150.45,3,150.51,1,150.55,1,150.58,6,150.59,1,150.6,1,150.66,2,150.8,1,150.83,3
2020-10-29 09:36:18,150.265,150.26,1,150.11,4,150.42,7,150.42,150.11,150.11,4,150.1,4,150.09,3,150.04,3,150.03,4,150.0,3,149.92,1,149.88,3,149.87,4,149.86,2,150.42,7,150.45,3,150.51,1,150.55,1,150.58,6,150.59,1,150.6,1,150.66,2,150.8,1,150.83,3
2020-10-29 09:36:19,150.265,150.26,1,150.11,4,150.42,7,150.42,150.11,150.11,4,150.1,4,150.09,3,150.04,3,150.03,4,150.0,3,149.92,1,149.88,3,149.87,4,149.86,2,150.42,7,150.45,3,150.51,1,150.55,1,150.58,6,150.59,1,150.6,1,150.66,2,150.8,1,150.83,3
2020-10-29 09:36:20,150.265,150.26,1,150.11,4,150.42,7,150.42,150.11,150.11,4,150.1,4,150.09,3,150.04,3,150.03,4,150.0,3,149.92,1,149.88,3,149.87,4,149.86,2,150.42,7,150.45,3,150.51,1,150.55,1,150.58,6,150.59,1,150.6,1,150.66,2,150.8,1,150.83,3
2020-10-29 09:36:21,150.265,150.26,1,150.11,4,150.42,7,150.42,150.11,150.11,4,150.1,4,150.09,3,150.04,3,150.03,4,150.0,3,149.92,1,149.88,3,149.87,4,149.86,2,150.42,7,150.45,3,150.51,1,150.55,1,150.58,6,150.59,1,150.6,1,150.66,2,150.8,1,150.83,3
2020-10-29 09:36:22,150.265,150.11,1,150.11,4,150.42,7,150.42,150.11,150.11,4,150.1,4,150.09,3,150.04,3,150.03,4,150.0,3,149.92,1,149.88,3,149.87,4,149.86,2,150.42,7,150.45,3,150.51,1,150.55,1,150.58,6,150.59,1,150.6,1,150.66,2,150.8,1,150.83,3
2020-10-29 09:36:23,150.265,150.23,1,150.11,4,150.42,7,150.42,150.11,150.11,4,150.1,4,150.09,3,150.04,3,150.03,4,150.0,3,149.92,1,149.88,3,149.87,4,149.86,2,150.42,7,150.45,3,150.51,1,150.55,1,150.58,6,150.59,1,150.6,1,150.66,2,150.8,1,150.83,3
2020-10-29 09:36:24,150.265,150.26,1,150.11,4,150.42,7,150.42,150.11,150.11,4,150.1,4,150.09,3,150.04,3,150.03,4,150.0,3,149.92,1,149.88,3,149.87,4,149.86,2,150.42,7,150.45,3,150.51,1,150.55,1,150.58,6,150.59,1,150.6,1,150.66,2,150.8,1,150.83,3
2020-10-29 09:36:25,150.265,150.26,1,150.11,4,150.42,7,150.42,150.11,150.11,4,150.1,4,150.09,3,150.04,3,150.03,4,150.0,3,149.92,1,149.88,3,149.87,4,149.86,2,150.42,7,150.45,3,150.51,1,150.55,1,150.58,6,150.59,1,150.6,1,150.66,2,150.8,1,150.83,3
2020-10-29 09:36:26,150.265,150.26,1,150.11,5,150.42,10,150.42,150.11,150.11,5,150.1,4,150.09,3,150.04,3,150.03,4,150.0,3,149.92,1,149.88,3,149.87,4,149.86,2,150.42,10,150.45,3,150.51,1,150.55,1,150.58,6,150.59,1,150.6,1,150.66,2,150.8,1,150.83,3
2020-10-29 09:36:27,150.265,150.26,1,150.11,5,150.42,10,150.42,150.11,150.11,5,150.1,4,150.09,3,150.04,3,150.03,4,150.0,3,149.92,1,149.88,3,149.87,4,149.86,2,150.42,10,150.45,3,150.51,1,150.55,1,150.58,6,150.59,1,150.6,1,150.66,2,150.8,1,150.83,3
2020-10-29 09:36:28,150.265,150.26,1,150.11,5,150.42,10,150.42,150.11,150.11,5,150.1,4,150.09,3,150.04,3,150.03,4,150.0,3,149.92,1,149.88,3,149.87,4,149.86,2,150.42,10,150.45,3,150.51,1,150.55,1,150.58,6,150.59,1,150.6,1,150.66,2,150.8,1,150.83,3
2020-10-29 09:36:29,150.14,150.16,1,150.01,3,150.27,6,150.27,150.01,150.01,3,150.0,3,149.92,1,149.88,3,149.87,4,149.86,2,149.81,3,149.8,2,149.76,1,149.72,2,150.27,6,150.33,3,150.39,1,150.41,2,150.42,10,150.45,3,150.51,1,150.55,1,150.58,6,150.59,1
2020-10-29 09:36:30,150.135,150.16,1,150.01,2,150.26,11,150.26,150.01,150.01,2,150.0,3,149.92,1,149.88,3,149.87,4,149.86,2,149.81,3,149.8,2,149.76,1,149.72,2,150.26,11,150.27,6,150.33,3,150.39,1,150.41,2,150.42,10,150.45,3,150.51,1,150.55,1,150.58,6
2020-10-29 09:36:31,150.135,150.16,1,150.01,3,150.26,11,150.26,150.01,150.01,3,150.0,3,149.92,1,149.88,3,149.87,4,149.86,2,149.81,3,149.8,2,149.76,1,149.72,2,150.26,11,150.27,6,150.33,3,150.39,1,150.41,2,150.42,10,150.45,3,150.51,1,150.55,1,150.58,6
2020-10-29 09:36:32,150.14,150.16,1,150.02,2,150.26,10,150.26,150.02,150.02,2,150.01,3,150.0,3,149.92,1,149.88,3,149.87,4,149.86,2,149.81,3,149.8,2,149.76,1,150.26,10,150.27,6,150.33,3,150.39,1,150.41,2,150.42,10,150.45,3,150.51,1,150.55,1,150.58,6
2020-10-29 09:36:33,150.135,150.02,1,150.02,3,150.25,3,150.25,150.02,150.02,3,150.01,3,150.0,3,149.92,1,149.88,3,149.87,4,149.86,2,149.81,3,149.8,2,149.76,1,150.25,3,150.26,10,150.27,6,150.33,3,150.39,1,150.41,2,150.42,10,150.45,3,150.51,1,150.55,1
2020-10-29 09:36:34,150.135,150.02,1,150.02,3,150.25,3,150.25,150.02,150.02,3,150.01,3,150.0,3,149.92,1,149.88,3,149.87,4,149.86,2,149.81,3,149.8,2,149.76,1,150.25,3,150.26,10,150.27,6,150.33,3,150.39,1,150.41,2,150.42,10,150.45,3,150.51,1,150.55,1
2020-10-29 09:36:35,150.135,150.02,1,150.02,3,150.25,3,150.25,150.02,150.02,3,150.01,3,150.0,3,149.92,1,149.88,3,149.87,4,149.86,2,149.81,3,149.8,2,149.76,1,150.25,3,150.26,10,150.27,6,150.33,3,150.39,1,150.41,2,150.42,10,150.45,3,150.51,1,150.55,1
2020-10-29 09:36:36,150.135,150.02,1,150.02,3,150.25,3,150.25,150.02,150.02,3,150.01,3,150.0,3,149.92,1,149.88,3,149.87,4,149.86,2,149.81,3,149.8,2,149.76,1,150.25,3,150.26,10,150.27,6,150.33,3,150.39,1,150.41,2,150.42,10,150.45,3,150.51,1,150.55,1
2020-10-29 09:36:37,150.135,150.02,1,150.02,3,150.25,3,150.25,150.02,150.02,3,150.01,3,150.0,3,149.92,1,149.88,3,149.87,4,149.86,2,149.81,3,149.8,2,149.76,1,150.25,3,150.26,10,150.27,6,150.33,3,150.39,1,150.41,2,150.42,10,150.45,3,150.51,1,150.55,1
2020-10-29 09:36:38,150.135,150.02,1,150.02,3,150.25,3,150.25,150.02,150.02,3,150.01,3,150.0,3,149.92,1,149.88,3,149.87,4,149.86,2,149.81,3,149.8,2,149.76,1,150.25,3,150.26,10,150.27,6,150.33,3,150.39,1,150.41,2,150.42,10,150.45,3,150.51,1,150.55,1
2020-10-29 09:36:39,150.135,150.02,1,150.02,2,150.25,3,150.25,150.02,150.02,2,150.01,3,150.0,3,149.92,1,149.88,3,149.87,4,149.86,2,149.81,3,149.8,2,149.76,1,150.25,3,150.26,10,150.27,6,150.33,3,150.39,1,150.41,2,150.42,10,150.45,3,150.51,1,150.55,1
2020-10-29 09:36:40,150.135,150.02,1,150.02,2,150.25,3,150.25,150.02,150.02,2,150.01,3,150.0,3,149.92,1,149.88,3,149.87,4,149.86,2,149.81,3,149.8,2,149.76,1,150.25,3,150.26,10,150.27,6,150.33,3,150.39,1,150.41,2,150.42,10,150.45,3,150.51,1,150.55,1
2020-10-29 09:36:41,150.135,150.16,1,150.02,2,150.25,3,150.25,150.02,150.02,2,150.01,3,150.0,3,149.92,1,149.88,3,149.87,4,149.86,2,149.81,3,149.8,2,149.76,1,150.25,3,150.26,10,150.27,6,150.33,3,150.39,1,150.41,2,150.42,10,150.45,3,150.51,1,150.55,1
