sim_time,mid_price,last_price,last_size,best_bid_price,best_bid_size,best_ask_price,best_ask_size,close_price_buy,close_price_sell,bid1_price,bid1_size,bid2_price,bid2_size,bid3_price,bid3_size,bid4_price,bid4_size,bid5_price,bid5_size,bid6_price,bid6_size,bid7_price,bid7_size,bid8_price,bid8_size,bid9_price,bid9_size,bid10_price,bid10_size,ask1_price,ask1_size,ask2_price,ask2_size,ask3_price,ask3_size,ask4_price,ask4_size,ask5_price,ask5_size,ask6_price,ask6_size,ask7_price,ask7_size,ask8_price,ask8_size,ask9_price,ask9_size,ask10_price,ask10_size
2026-02-05 09:30:17,,0.0,0,0.0,0,0.0,0,0.0,0.0,,,,,,,,,,,,,,,,,,,,,,,,,,,,,,,,,,,,,,,,
2026-02-05 09:30:18,,0.0,0,0.0,0,0.0,0,0.0,0.0,,,,,,,,,,,,,,,,,,,,,,,,,,,,,,,,,,,,,,,,
2026-02-05 09:30:20,,0.0,0,0.0,0,0.0,0,0.0,0.0,,,,,,,,,,,,,,,,,,,,,,,,,,,,,,,,,,,,,,,,
2026-02-05 09:30:21,,0.0,0,0.0,0,0.0,0,0.0,0.0,,,,,,,,,,,,,,,,,,,,,,,,,,,,,,,,,,,,,,,,
2026-02-05 09:30:22,194.255,194.65,6,193.5,900,195.01,400,195.01,193.5,193.5,900,,,,,,,,,,,,,,,,,,,195.01,400,195.02,400,195.03,400,195.04,400,195.27,400,195.79,1200,195.94,200,,,,,,
2026-02-05 09:30:22,194.255,194.65,6,193.5,900,195.01,400,195.01,193.5,193.5,900,,,,,,,,,,,,,,,,,,,195.01,400,195.02,400,195.03,400,195.04,400,195.27,400,195.79,1200,195.94,200,,,,,,
2026-02-05 09:30:24,193.87,194.02,1,193.5,900,194.24,400,194.24,193.5,193.5,900,,,,,,,,,,,,,,,,,,,194.24,400,194.25,200,194.37,600,195.01,400,195.02,400,195.03,400,195.04,400,195.27,400,195.79,1200,195.94,200
2026-02-05 09:30:25,193.81,193.3,1,193.3,200,194.32,200,194.32,193.3,193.3,200,193.23,100,,,,,,,,,,,,,,,,,194.32,200,194.33,400,194.34,200,194.37,700,195.01,400,195.02,400,195.03,400,195.04,400,195.27,400,195.79,1200
2026-02-05 09:30:26,193.77,193.59,1,193.25,200,194.29,100,194.29,193.25,193.25,200,193.23,100,,,,,,,,,,,,,,,,,194.29,100,194.32,200,194.33,400,194.34,200,194.37,700,195.01,400,195.02,400,195.03,400,195.04,400,195.27,400
2026-02-05 09:30:27,193.725,193.37,1,193.25,200,194.2,200,194.2,193.25,193.25,200,193.23,100,,,,,,,,,,,,,,,,,194.2,200,194.32,400,194.33,400,194.34,200,194.37,700,195.01,400,195.02,400,195.03,400,195.04,400,195.27,400
2026-02-05 09:30:28,193.725,193.73,1,193.25,100,194.2,200,194.2,193.25,193.25,100,193.23,100,,,,,,,,,,,,,,,,,194.2,200,194.25,100,194.32,400,194.33,400,194.34,200,194.37,700,195.01,400,195.02,400,195.03,400,195.04,400
2026-02-05 09:30:29,193.725,193.73,1,193.25,400,194.2,200,194.2,193.25,193.25,400,193.23,100,,,,,,,,,,,,,,,,,194.2,200,194.25,100,194.32,400,194.33,400,194.34,200,194.37,700,195.01,400,195.02,400,195.03,400,195.04,400
2026-02-05 09:30:30,193.655,193.66,1,193.25,400,194.06,200,194.06,193.25,193.25,400,193.23,100,,,,,,,,,,,,,,,,,194.06,200,194.2,300,194.25,100,194.32,400,194.33,400,194.34,200,194.37,700,195.01,400,195.02,400,195.03,400
2026-02-05 09:30:31,193.655,193.66,1,193.25,400,194.06,400,194.06,193.25,193.25,400,193.23,100,,,,,,,,,,,,,,,,,194.06,400,194.2,300,194.25,100,194.32,400,194.33,400,194.34,200,194.37,700,195.01,400,195.02,400,195.03,400
2026-02-05 09:30:32,193.625,193.66,1,193.25,400,194.0,900,194.0,193.25,193.25,400,193.23,100,,,,,,,,,,,,,,,,,194.0,900,194.01,500,194.02,600,194.03,500,194.04,900,194.05,500,194.06,400,194.2,300,194.25,100,194.32,400
2026-02-05 09:30:33,193.625,193.66,1,193.25,400,194.0,900,194.0,193.25,193.25,400,193.23,100,,,,,,,,,,,,,,,,,194.0,900,194.01,500,194.02,600,194.03,500,194.04,900,194.05,500,194.06,400,194.2,300,194.25,100,194.32,400
2026-02-05 09:30:34,193.625,193.25,1,193.25,400,194.0,900,194.0,193.25,193.25,400,193.23,100,,,,,,,,,,,,,,,,,194.0,900,194.01,500,194.02,600,194.03,500,194.04,900,194.05,500,194.06,400,194.2,300,194.25,100,194.32,400
2026-02-05 09:30:35,193.625,193.48,1,193.25,400,194.0,1000,194.0,193.25,193.25,400,193.23,100,,,,,,,,,,,,,,,,,194.0,1000,194.01,500,194.02,600,194.03,500,194.04,900,194.05,500,194.06,400,194.2,300,194.25,100,194.32,400
2026-02-05 09:30:36,193.625,193.63,1,193.25,400,194.0,1000,194.0,193.25,193.25,400,193.23,100,,,,,,,,,,,,,,,,,194.0,1000,194.01,500,194.02,600,194.03,500,194.04,900,194.05,500,194.06,400,194.2,300,194.25,100,194.32,400
2026-02-05 09:30:37,193.625,193.63,1,193.25,400,194.0,1000,194.0,193.25,193.25,400,193.23,100,,,,,,,,,,,,,,,,,194.0,1000,194.01,500,194.02,600,194.03,500,194.04,900,194.05,500,194.06,400,194.2,300,194.25,100,194.32,400
2026-02-05 09:30:38,193.625,193.63,1,193.25,400,194.0,1000,194.0,193.25,193.25,400,193.23,100,,,,,,,,,,,,,,,,,194.0,1000,194.01,500,194.02,600,194.03,500,194.04,900,194.05,500,194.06,400,194.2,300,194.25,100,194.32,400
2026-02-05 09:30:39,193.6,193.76,1,193.25,200,193.95,400,193.95,193.25,193.25,200,193.23,100,,,,,,,,,,,,,,,,,193.95,400,193.96,400,193.97,400,193.98,400,193.99,400,194.0,400,194.29,100,194.32,400,194.33,400,194.34,200
2026-02-05 09:30:40,193.82,193.85,1,193.61,300,194.03,400,194.03,193.61,193.61,300,193.6,100,193.42,100,193.32,200,193.25,500,193.23,100,,,,,,,,,194.03,400,194.04,400,194.05,400,194.06,400,194.07,400,194.08,400,194.09,400,194.1,400,194.11,400,194.17,500
2026-02-05 09:30:41,194.015,194.02,1,193.71,100,194.32,500,194.32,193.71,193.71,100,193.7,400,193.61,300,193.6,100,193.42,100,193.32,200,193.25,500,193.23,100,,,,,194.32,500,194.33,400,194.34,200,194.37,700,195.01,400,195.02,400,195.03,400,195.04,400,195.27,400,195.79,1200
2026-02-05 09:30:41,194.005,194.02,1,193.71,100,194.3,500,194.3,193.71,193.71,100,193.7,400,193.61,300,193.6,100,193.42,100,193.32,200,193.25,500,193.23,100,,,,,194.3,500,194.31,500,194.32,500,194.33,400,194.34,200,194.37,700,195.01,400,195.02,400,195.03,400,195.04,400
2026-02-05 09:30:43,194.535,194.54,1,194.07,400,195.0,600,195.0,194.07,194.07,400,193.98,400,193.71,500,193.7,400,193.61,300,193.6,100,193.42,100,193.32,200,193.25,500,193.23,100,195.0,600,195.01,400,195.02,400,195.03,400,195.04,400,195.27,400,195.79,1200,195.94,200,,,,
2026-02-05 09:30:44,194.525,194.53,4,194.07,800,194.98,500,194.98,194.07,194.07,800,193.98,400,193.71,500,193.7,400,193.61,300,193.6,100,193.42,100,193.32,200,193.25,500,193.23,100,194.98,500,194.99,600,195.0,600,195.01,400,195.02,400,195.03,400,195.04,400,195.27,400,195.79,1200,195.94,200
2026-02-05 09:30:45,194.525,194.53,4,194.07,800,194.98,500,194.98,194.07,194.07,800,193.98,400,193.71,500,193.7,400,193.61,300,193.6,100,193.42,100,193.32,200,193.25,500,193.23,100,194.98,500,194.99,600,195.0,600,195.01,400,195.02,400,195.03,400,195.04,400,195.27,400,195.79,1200,195.94,200
2026-02-05 09:30:46,194.525,194.3,11,194.07,800,194.98,500,194.98,194.07,194.07,800,193.98,400,193.71,500,193.7,400,193.61,300,193.6,100,193.42,100,193.32,200,193.25,500,193.23,100,194.98,500,194.99,600,195.0,600,195.01,400,195.02,400,195.03,400,195.04,400,195.27,400,195.79,1200,195.94,200
2026-02-05 09:30:47,194.52,194.3,11,194.07,800,194.97,500,194.97,194.07,194.07,800,193.98,400,193.71,500,193.7,400,193.61,300,193.6,100,193.42,100,193.32,200,193.25,500,193.23,100,194.97,500,194.98,500,194.99,600,195.0,600,195.01,400,195.02,400,195.03,400,195.04,400,195.27,400,195.79,1200
2026-02-05 09:30:48,194.52,194.3,11,194.07,800,194.97,500,194.97,194.07,194.07,800,193.98,400,193.71,500,193.7,400,193.61,300,193.6,100,193.42,100,193.32,200,193.25,500,193.23,100,194.97,500,194.98,500,194.99,600,195.0,600,195.01,400,195.02,400,195.03,400,195.04,400,195.27,400,195.79,1200
2026-02-05 09:30:48,194.52,194.3,11,194.07,800,194.97,500,194.97,194.07,194.07,800,193.98,400,193.71,500,193.7,400,193.61,300,193.6,100,193.42,100,193.32,200,193.25,500,193.23,100,194.97,500,194.98,500,194.99,600,195.0,600,195.01,400,195.02,400,195.03,400,195.04,400,195.27,400,195.79,1200
2026-02-05 09:30:50,194.34,194.53,1,194.07,800,194.61,500,194.61,194.07,194.07,800,193.98,400,193.71,500,193.7,400,193.61,300,193.6,100,193.42,100,193.32,200,193.25,500,193.23,100,194.61,500,194.97,600,194.98,500,194.99,600,195.0,600,195.01,400,195.02,400,195.03,400,195.04,400,195.27,400
2026-02-05 09:30:51,194.34,194.53,1,194.07,800,194.61,500,194.61,194.07,194.07,800,193.98,400,193.71,500,193.7,400,193.61,300,193.6,100,193.42,100,193.32,200,193.25,500,193.23,100,194.61,500,194.97,600,194.98,500,194.99,600,195.0,600,195.01,400,195.02,400,195.03,400,195.04,400,195.27,400
2026-02-05 09:30:52,194.34,194.53,1,194.07,800,194.61,500,194.61,194.07,194.07,800,193.98,400,193.71,500,193.7,400,193.61,300,193.6,100,193.42,100,193.32,200,193.25,500,193.23,100,194.61,500,194.97,600,194.98,500,194.99,600,195.0,600,195.01,400,195.02,400,195.03,400,195.04,400,195.27,400
2026-02-05 09:30:53,194.345,194.5,1,194.08,200,194.61,500,194.61,194.08,194.08,200,194.07,800,193.98,400,193.71,500,193.7,400,193.61,300,193.6,100,193.42,100,193.32,200,193.25,500,194.61,500,194.97,600,194.98,500,194.99,600,195.0,600,195.01,400,195.02,400,195.03,400,195.04,400,195.27,400
2026-02-05 09:30:54,194.34,194.36,1,194.08,200,194.6,500,194.6,194.08,194.08,200,194.07,800,193.98,400,193.71,500,193.7,400,193.61,300,193.6,100,193.42,100,193.32,200,193.25,500,194.6,500,194.61,1000,194.97,600,194.98,500,194.99,600,195.0,600,195.01,400,195.02,400,195.03,400,195.04,400
2026-02-05 09:30:55,194.34,194.53,1,194.08,200,194.6,600,194.6,194.08,194.08,200,194.07,800,193.98,400,193.71,500,193.7,400,193.61,300,193.6,100,193.42,100,193.32,200,193.25,500,194.6,600,194.61,1000,194.97,600,194.98,500,194.99,600,195.0,600,195.01,400,195.02,400,195.03,400,195.04,400
2026-02-05 09:30:56,195.055,195.06,3,194.66,400,195.45,300,195.45,194.66,194.66,400,194.08,200,194.07,800,193.98,400,193.71,500,193.7,400,193.61,300,193.6,100,193.42,100,193.32,200,195.45,300,195.79,1200,195.94,200,,,,,,,,,,,,,,
2026-02-05 09:30:57,194.84,194.84,1,194.5,200,195.18,400,195.18,194.5,194.5,200,194.47,200,194.41,100,194.08,200,194.07,800,193.98,400,193.71,500,193.7,400,193.61,300,193.6,100,195.18,400,195.19,400,195.45,300,195.79,1200,195.94,200,,,,,,,,,,
2026-02-05 09:30:58,194.725,194.74,8,194.41,700,195.04,200,195.04,194.41,194.41,700,194.08,200,194.07,800,193.98,400,193.71,500,193.7,400,193.61,300,193.6,100,193.42,100,193.32,200,195.04,200,195.05,200,195.06,400,195.07,400,195.08,200,195.09,200,195.1,200,195.11,200,195.12,200,195.13,400
2026-02-05 09:30:59,194.685,194.99,1,194.41,700,194.96,200,194.96,194.41,194.41,700,194.08,200,194.07,800,193.98,400,193.71,500,193.7,400,193.61,300,193.6,100,193.42,100,193.32,200,194.96,200,194.97,200,194.98,200,194.99,300,195.0,200,195.01,300,195.02,200,195.03,200,195.04,200,195.05,200
2026-02-05 09:31:00,194.61,194.63,1,194.51,200,194.71,600,194.71,194.51,194.51,200,194.47,200,194.41,700,194.08,200,194.07,800,193.98,400,193.71,500,193.7,400,193.61,300,193.6,100,194.71,300,194.72,300,194.73,200,194.74,300,194.75,300,194.76,200,194.77,300,194.78,200,194.79,300,194.81,500
2026-02-05 09:31:01,194.85,194.81,1,194.5,300,195.2,900,195.2,194.5,194.5,300,194.41,700,194.08,200,194.07,800,193.98,400,193.71,500,193.7,400,193.61,300,193.6,100,193.42,100,195.2,900,195.45,300,195.79,1200,195.94,200,,,,,,,,,,,,
2026-02-05 09:31:02,194.705,194.56,1,194.5,300,194.91,600,194.91,194.5,194.5,300,194.41,700,194.08,200,194.07,800,193.98,400,193.71,500,193.7,400,193.61,300,193.6,100,193.42,100,194.91,600,194.92,500,194.93,500,194.94,400,194.95,400,195.2,900,195.45,300,195.79,1200,195.94,200,,
2026-02-05 09:31:03,194.35,194.59,1,194.0,100,194.7,700,194.7,194.0,194.0,100,193.98,400,193.71,500,193.7,400,193.61,300,193.6,100,193.42,100,193.32,200,193.25,500,193.23,100,194.7,700,194.71,500,194.78,900,194.91,600,194.92,500,194.93,500,194.94,400,194.95,400,195.2,900,195.45,300
2026-02-05 09:31:04,194.31,194.35,1,194.0,100,194.62,400,194.62,194.0,194.0,100,193.98,400,193.71,500,193.7,400,193.61,300,193.6,100,193.42,100,193.32,200,193.25,500,193.23,100,194.62,400,194.63,400,194.64,400,194.65,400,194.66,400,194.67,400,194.68,400,194.69,400,194.7,300,194.71,500
2026-02-05 09:31:05,194.325,194.51,1,194.0,100,194.65,400,194.65,194.0,194.0,100,193.98,400,193.71,500,193.7,400,193.61,300,193.6,100,193.42,100,193.32,200,193.25,500,193.23,100,194.65,400,194.66,400,194.67,400,194.68,400,194.69,400,194.7,300,194.71,500,194.78,900,194.91,600,194.92,500
2026-02-05 09:31:06,194.325,194.33,2,194.0,100,194.65,500,194.65,194.0,194.0,100,193.98,400,193.71,500,193.7,400,193.61,300,193.6,100,193.42,100,193.32,200,193.25,500,193.23,100,194.65,500,194.66,400,194.67,400,194.68,400,194.69,400,194.7,300,194.71,500,194.78,900,194.91,600,194.92,500
2026-02-05 09:31:07,194.325,194.33,2,194.0,100,194.65,500,194.65,194.0,194.0,100,193.98,400,193.71,500,193.7,400,193.61,300,193.6,100,193.42,100,193.32,200,193.25,500,193.23,100,194.65,500,194.66,400,194.67,400,194.68,400,194.69,400,194.7,300,194.71,500,194.78,900,194.91,600,194.92,500
2026-02-05 09:31:08,194.51,194.51,1,194.32,200,194.7,400,194.7,194.32,194.32,200,194.0,100,193.98,400,193.71,500,193.7,400,193.61,300,193.6,100,193.42,100,193.32,200,193.25,500,194.7,400,194.71,500,194.78,900,194.91,600,194.92,500,194.93,500,194.94,400,194.95,400,195.2,900,195.45,300
2026-02-05 09:31:09,194.72,194.67,1,194.41,300,195.03,300,195.03,194.41,194.41,300,194.32,400,194.0,100,193.98,400,193.71,500,193.7,400,193.61,300,193.6,100,193.42,100,193.32,200,195.03,300,195.2,900,195.45,300,195.79,1200,195.94,200,,,,,,,,,,
2026-02-05 09:31:10,194.72,194.41,50,194.41,300,195.03,300,195.03,194.41,194.41,300,194.32,400,194.0,100,193.98,400,193.71,500,193.7,400,193.61,300,193.6,100,193.42,100,193.32,200,195.03,300,195.2,900,195.45,300,195.79,1200,195.94,200,,,,,,,,,,
2026-02-05 09:31:11,194.72,195.03,2,194.41,300,195.03,300,195.03,194.41,194.41,300,194.32,400,194.0,100,193.98,400,193.71,500,193.7,400,193.61,300,193.6,100,193.42,100,193.32,200,195.03,300,195.2,900,195.45,300,195.79,1200,195.94,200,,,,,,,,,,
2026-02-05 09:31:12,194.645,195.03,2,194.41,300,194.88,400,194.88,194.41,194.41,300,194.32,400,194.0,100,193.98,400,193.71,500,193.7,400,193.61,300,193.6,100,193.42,100,193.32,200,194.88,400,195.03,300,195.2,900,195.45,300,195.79,1200,195.94,200,,,,,,,,
2026-02-05 09:31:13,195.09,195.09,2,194.73,400,195.45,500,195.45,194.73,194.73,400,194.65,100,194.58,100,194.45,100,194.41,400,194.32,400,194.0,100,193.98,400,193.71,500,193.7,400,195.45,500,195.79,1200,195.94,200,,,,,,,,,,,,,,
2026-02-05 09:31:14,195.09,195.09,1,194.73,400,195.45,500,195.45,194.73,194.73,400,194.65,100,194.58,100,194.45,100,194.41,400,194.32,400,194.0,100,193.98,400,193.71,500,193.7,400,195.45,500,195.79,1200,195.94,200,,,,,,,,,,,,,,
2026-02-05 09:31:15,195.09,195.09,1,194.73,400,195.45,500,195.45,194.73,194.73,400,194.65,100,194.58,100,194.45,100,194.41,400,194.32,400,194.0,100,193.98,400,193.71,500,193.7,400,195.45,500,195.79,1200,195.94,200,,,,,,,,,,,,,,
2026-02-05 09:31:16,195.09,194.96,1,194.73,400,195.45,500,195.45,194.73,194.73,400,194.65,100,194.58,100,194.45,100,194.41,400,194.32,400,194.0,100,193.98,400,193.71,500,193.7,400,195.45,500,195.79,1200,195.94,200,,,,,,,,,,,,,,
2026-02-05 09:31:17,195.225,195.45,9,195.0,500,195.45,600,195.45,195.0,195.0,500,194.73,400,194.65,100,194.58,100,194.45,100,194.41,400,194.32,400,194.0,100,193.98,400,193.71,500,195.45,600,195.79,1200,195.94,200,,,,,,,,,,,,,,
2026-02-05 09:31:18,195.42,195.5,2,195.09,400,195.75,400,195.75,195.09,195.09,400,195.0,500,194.73,400,194.65,100,194.58,100,194.45,100,194.41,400,194.32,400,194.0,100,193.98,400,195.75,400,195.76,300,195.79,1200,195.94,200,,,,,,,,,,,,
2026-02-05 09:31:19,195.42,195.75,3,195.09,800,195.75,400,195.75,195.09,195.09,800,195.0,500,194.73,400,194.65,100,194.58,100,194.45,100,194.41,400,194.32,400,194.0,100,193.98,400,195.75,400,195.76,300,195.79,1200,195.94,200,,,,,,,,,,,,
2026-02-05 09:31:20,195.42,195.53,1,195.09,800,195.75,400,195.75,195.09,195.09,800,195.0,500,194.73,400,194.65,100,194.58,100,194.45,100,194.41,400,194.32,400,194.0,100,193.98,400,195.75,400,195.76,300,195.79,1200,195.94,200,,,,,,,,,,,,
2026-02-05 09:31:21,195.42,195.42,1,195.09,800,195.75,400,195.75,195.09,195.09,800,195.0,500,194.73,400,194.65,100,194.58,100,194.45,100,194.41,400,194.32,400,194.0,100,193.98,400,195.75,400,195.76,300,195.79,1200,195.94,200,,,,,,,,,,,,
2026-02-05 09:31:22,195.845,196.0,1,195.69,200,196.0,900,196.0,195.69,195.69,200,195.64,100,195.5,400,195.09,800,195.0,500,194.73,400,194.65,100,194.58,100,194.45,100,194.41,400,196.0,900,,,,,,,,,,,,,,,,,,
2026-02-05 09:31:23,195.845,195.74,1,195.69,800,196.0,900,196.0,195.69,195.69,800,195.64,100,195.5,400,195.09,800,195.0,500,194.73,400,194.65,100,194.58,100,194.45,100,194.41,400,196.0,900,,,,,,,,,,,,,,,,,,
2026-02-05 09:31:24,196.095,195.98,1,195.69,800,196.5,1900,196.5,195.69,195.69,800,195.64,100,195.5,400,195.09,800,195.0,500,194.73,400,194.65,100,194.58,100,194.45,100,194.41,400,196.5,1900,,,,,,,,,,,,,,,,,,
2026-02-05 09:31:25,196.295,196.16,1,196.09,400,196.5,2000,196.5,196.09,196.09,400,195.92,400,195.7,100,195.69,800,195.64,100,195.5,400,195.09,800,195.0,500,194.73,400,194.65,100,196.5,2000,,,,,,,,,,,,,,,,,,
2026-02-05 09:31:26,196.425,196.48,5,196.3,400,196.55,400,196.55,196.3,196.3,400,196.28,200,196.09,400,195.92,400,195.7,100,195.69,800,195.64,100,195.5,400,195.09,800,195.0,500,196.55,400,,,,,,,,,,,,,,,,,,
2026-02-05 09:31:27,196.75,196.75,2,196.42,300,197.08,500,197.08,196.42,196.42,300,196.3,400,196.28,200,196.09,400,195.92,400,195.7,100,195.69,800,195.64,100,195.5,400,195.09,800,197.08,500,,,,,,,,,,,,,,,,,,
2026-02-05 09:31:28,196.75,196.75,5,196.42,600,197.08,500,197.08,196.42,196.42,600,196.3,400,196.28,200,196.09,400,195.92,400,195.7,100,195.69,800,195.64,100,195.5,400,195.09,800,197.08,500,,,,,,,,,,,,,,,,,,
2026-02-05 09:31:29,196.75,196.75,1,196.42,600,197.08,500,197.08,196.42,196.42,600,196.3,400,196.28,200,196.09,400,195.92,400,195.7,100,195.69,800,195.64,100,195.5,400,195.09,800,197.08,500,,,,,,,,,,,,,,,,,,
2026-02-05 09:31:30,196.75,196.75,1,196.42,600,197.08,500,197.08,196.42,196.42,600,196.3,400,196.28,200,196.09,400,195.92,400,195.7,100,195.69,800,195.64,100,195.5,400,195.09,800,197.08,500,,,,,,,,,,,,,,,,,,
2026-02-05 09:31:31,196.75,196.59,1,196.42,700,197.08,500,197.08,196.42,196.42,700,196.3,400,196.28,200,196.09,400,195.92,400,195.7,100,195.69,800,195.64,100,195.5,400,195.09,800,197.08,500,,,,,,,,,,,,,,,,,,
2026-02-05 09:31:32,196.585,196.59,1,196.42,700,196.75,400,196.75,196.42,196.42,700,196.3,400,196.28,200,196.09,400,195.92,400,195.7,100,195.69,800,195.64,100,195.5,400,195.09,800,196.75,400,197.08,500,,,,,,,,,,,,,,,,
2026-02-05 09:31:33,196.585,196.59,1,196.42,700,196.75,400,196.75,196.42,196.42,700,196.3,400,196.28,200,196.09,400,195.92,400,195.7,100,195.69,800,195.64,100,195.5,400,195.09,800,196.75,400,197.08,500,,,,,,,,,,,,,,,,
2026-02-05 09:31:34,196.585,196.59,2,196.42,700,196.75,400,196.75,196.42,196.42,700,196.3,400,196.28,200,196.09,400,195.92,400,195.7,100,195.69,800,195.64,100,195.5,400,195.09,800,196.75,400,197.08,500,,,,,,,,,,,,,,,,
2026-02-05 09:31:35,195.95,196.43,1,195.27,300,196.63,200,196.63,195.27,195.27,300,195.09,800,195.0,500,194.73,400,194.65,100,194.58,100,194.45,100,194.41,400,194.32,400,194.0,100,196.63,200,196.64,500,196.65,400,196.66,400,196.67,400,196.68,400,196.69,400,196.7,400,196.71,200,196.74,100
2026-02-05 09:31:36,195.94,196.43,1,195.27,400,196.61,400,196.61,195.27,195.27,400,195.09,800,195.0,500,194.73,400,194.65,100,194.58,100,194.45,100,194.41,400,194.32,400,194.0,100,196.61,400,196.62,400,196.63,200,196.64,500,196.65,400,196.66,400,196.67,400,196.68,400,196.69,400,196.7,400
2026-02-05 09:31:37,195.92,196.43,1,195.27,300,196.57,400,196.57,195.27,195.27,300,195.09,800,195.0,500,194.73,400,194.65,100,194.58,100,194.45,100,194.41,400,194.32,400,194.0,100,196.57,400,196.58,400,196.59,400,196.6,400,196.61,400,196.62,400,196.63,200,196.64,500,196.65,400,196.66,400
2026-02-05 09:31:38,195.9,196.43,1,195.27,300,196.53,400,196.53,195.27,195.27,300,195.09,800,195.0,500,194.73,400,194.65,100,194.58,100,194.45,100,194.41,400,194.32,400,194.0,100,196.53,400,196.54,400,196.55,400,196.56,400,196.57,400,196.58,400,196.59,400,196.6,400,196.61,400,196.62,400
2026-02-05 09:31:39,195.895,196.43,1,195.27,300,196.52,400,196.52,195.27,195.27,300,195.09,800,195.0,500,194.73,400,194.65,100,194.58,100,194.45,100,194.41,400,194.32,400,194.0,100,196.52,400,196.53,400,196.54,400,196.55,400,196.56,400,196.57,400,196.58,400,196.59,400,196.6,400,196.61,400
2026-02-05 09:31:40,195.885,196.23,1,195.27,600,196.5,300,196.5,195.27,195.27,600,195.09,800,195.0,500,194.73,400,194.65,100,194.58,100,194.45,100,194.41,400,194.32,400,194.0,100,196.5,300,196.51,300,196.52,300,196.53,600,196.54,400,196.55,400,196.56,400,196.57,400,196.58,400,196.59,400
2026-02-05 09:31:41,195.875,196.23,1,195.27,600,196.48,300,196.48,195.27,195.27,600,195.09,800,195.0,500,194.73,400,194.65,100,194.58,100,194.45,100,194.41,400,194.32,400,194.0,100,196.48,300,196.49,300,196.5,300,196.51,300,196.52,300,196.53,600,196.54,400,196.55,400,196.56,400,196.57,400
2026-02-05 09:31:42,195.85,196.2,1,195.45,200,196.25,300,196.25,195.45,195.45,200,195.27,600,195.09,800,195.0,500,194.73,400,194.65,100,194.58,100,194.45,100,194.41,400,194.32,400,196.25,300,196.26,300,196.53,600,196.54,400,196.55,400,196.56,400,196.57,400,196.58,400,196.59,400,196.6,400
2026-02-05 09:31:43,195.835,196.09,2,195.45,200,196.22,300,196.22,195.45,195.45,200,195.27,600,195.09,800,195.0,500,194.73,400,194.65,100,194.58,100,194.45,100,194.41,400,194.32,400,196.22,300,196.23,300,196.24,300,196.25,300,196.26,300,196.53,600,196.54,400,196.55,400,196.56,400,196.57,400
2026-02-05 09:31:44,196.315,196.3,4,196.1,400,196.53,700,196.53,196.1,196.1,400,196.06,400,195.85,200,195.72,100,195.65,100,195.6,100,195.48,400,195.45,200,195.27,600,195.09,800,196.53,700,196.54,400,196.55,400,196.56,400,196.57,400,196.58,400,196.59,400,196.6,400,196.61,400,196.62,400
2026-02-05 09:31:45,196.315,196.32,4,196.1,400,196.53,700,196.53,196.1,196.1,400,196.06,400,195.85,200,195.72,100,195.65,100,195.6,100,195.48,400,195.45,200,195.27,600,195.09,800,196.53,700,196.54,400,196.55,400,196.56,400,196.57,400,196.58,400,196.59,400,196.6,400,196.61,400,196.62,400
2026-02-05 09:31:46,196.315,196.32,1,196.1,400,196.53,700,196.53,196.1,196.1,400,196.06,400,195.85,200,195.72,100,195.65,100,195.6,100,195.48,400,195.45,200,195.27,600,195.09,800,196.53,700,196.54,400,196.55,400,196.56,400,196.57,400,196.58,400,196.59,400,196.6,400,196.61,400,196.62,400
2026-02-05 09:31:47,196.315,196.1,1,196.1,400,196.53,700,196.53,196.1,196.1,400,196.06,400,195.85,200,195.72,100,195.65,100,195.6,100,195.48,400,195.45,200,195.27,600,195.09,800,196.53,700,196.54,400,196.55,400,196.56,400,196.57,400,196.58,400,196.59,400,196.6,400,196.61,400,196.62,400
2026-02-05 09:31:48,196.34,196.56,1,196.1,400,196.58,700,196.58,196.1,196.1,400,196.06,400,195.85,200,195.72,100,195.65,100,195.6,100,195.48,400,195.45,200,195.27,600,195.09,800,196.58,700,196.59,400,196.6,400,196.61,400,196.62,400,196.63,200,196.64,500,196.65,400,196.66,400,196.67,400
2026-02-05 09:31:49,196.445,196.45,1,196.31,400,196.58,700,196.58,196.31,196.31,400,196.1,800,196.06,400,195.85,200,195.72,100,195.65,100,195.6,100,195.48,400,195.45,200,195.27,600,196.58,700,196.59,400,196.6,400,196.61,400,196.62,400,196.63,200,196.64,500,196.65,400,196.66,400,196.67,400
2026-02-05 09:31:50,196.465,196.56,1,196.35,400,196.58,700,196.58,196.35,196.35,400,196.31,600,196.1,800,196.06,400,195.85,200,195.72,100,195.65,100,195.6,100,195.48,400,195.45,200,196.58,700,196.59,400,196.6,400,196.61,400,196.62,400,196.63,200,196.64,500,196.65,400,196.66,400,196.67,400
2026-02-05 09:31:51,197.025,197.03,1,196.85,1400,197.2,400,197.2,196.85,196.85,1400,196.81,100,196.72,600,196.6,300,196.59,100,196.35,100,196.31,600,196.1,800,196.06,400,195.85,200,197.2,400,,,,,,,,,,,,,,,,,,
2026-02-05 09:31:52,197.07,197.01,1,196.94,1400,197.2,600,197.2,196.94,196.94,1400,196.81,200,196.72,600,196.6,300,196.59,100,196.35,100,196.31,600,196.1,800,196.06,400,195.85,200,197.2,600,,,,,,,,,,,,,,,,,,
2026-02-05 09:31:53,197.33,197.21,1,197.16,1300,197.5,200,197.5,197.16,197.16,1300,197.07,1300,196.94,1800,196.81,200,196.72,600,196.6,300,196.59,100,196.35,100,196.31,600,196.1,800,197.5,200,,,,,,,,,,,,,,,,,,
2026-02-05 09:31:54,197.33,197.42,1,197.16,1300,197.5,200,197.5,197.16,197.16,1300,197.07,1300,196.94,1800,196.81,200,196.72,600,196.6,300,196.59,100,196.35,100,196.31,600,196.1,800,197.5,200,,,,,,,,,,,,,,,,,,
2026-02-05 09:31:55,197.155,197.15,2,196.94,600,197.37,100,197.37,196.94,196.94,600,196.81,200,196.72,600,196.6,300,196.59,100,196.35,100,196.31,600,196.1,800,196.06,400,195.85,200,197.37,100,197.5,200,,,,,,,,,,,,,,,,
2026-02-05 09:31:56,196.735,197.27,4,196.1,900,197.37,400,197.37,196.1,196.1,900,196.06,400,195.85,200,195.72,100,195.65,100,195.6,100,195.48,400,195.45,200,195.27,600,195.09,800,197.37,400,197.5,200,,,,,,,,,,,,,,,,
2026-02-05 09:31:57,196.695,196.69,1,196.1,700,197.29,200,197.29,196.1,196.1,700,196.06,400,195.85,200,195.72,100,195.65,100,195.6,100,195.48,400,195.45,200,195.27,600,195.09,800,197.29,200,197.36,300,197.37,400,197.5,200,,,,,,,,,,,,
2026-02-05 09:31:58,196.77,196.69,1,196.17,100,197.37,400,197.37,196.17,196.17,100,196.1,700,196.06,400,195.85,200,195.72,100,195.65,100,195.6,100,195.48,400,195.45,200,195.27,600,197.37,400,197.5,200,,,,,,,,,,,,,,,,
2026-02-05 09:31:59,196.77,196.84,1,196.17,400,197.37,400,197.37,196.17,196.17,400,196.1,700,196.06,400,195.85,200,195.72,100,195.65,100,195.6,100,195.48,400,195.45,200,195.27,600,197.37,400,197.5,200,,,,,,,,,,,,,,,,
2026-02-05 09:32:00,196.77,196.73,1,196.17,400,197.37,400,197.37,196.17,196.17,400,196.1,700,196.06,400,195.85,200,195.72,100,195.65,100,195.6,100,195.48,400,195.45,200,195.27,600,197.37,400,197.5,200,,,,,,,,,,,,,,,,
2026-02-05 09:32:01,196.765,196.77,2,196.17,600,197.36,200,197.36,196.17,196.17,600,196.1,700,196.06,400,195.85,200,195.72,100,195.65,100,195.6,100,195.48,400,195.45,200,195.27,600,197.36,200,197.37,400,197.5,200,,,,,,,,,,,,,,
2026-02-05 09:32:02,196.49,196.52,2,196.19,400,196.79,700,196.79,196.19,196.19,400,196.17,600,196.1,700,196.06,400,195.85,200,195.72,100,195.65,100,195.6,100,195.48,400,195.45,200,196.79,700,196.8,700,196.81,700,196.82,700,196.83,700,196.84,700,196.85,700,196.86,700,196.87,700,196.88,700
2026-02-05 09:32:03,196.415,196.39,2,196.19,400,196.64,700,196.64,196.19,196.19,400,196.17,600,196.1,700,196.06,400,195.85,200,195.72,100,195.65,100,195.6,100,195.48,400,195.45,200,196.64,700,196.65,2300,196.74,700,196.75,700,196.76,700,196.77,700,196.78,700,196.79,700,196.8,700,196.81,700
2026-02-05 09:32:04,196.465,196.47,1,196.28,300,196.65,2500,196.65,196.28,196.28,300,196.19,400,196.17,600,196.1,700,196.06,400,195.85,200,195.72,100,195.65,100,195.6,100,195.48,400,196.65,2500,196.74,700,196.75,700,196.76,700,196.77,700,196.78,700,196.79,700,196.8,700,196.81,700,196.82,700
2026-02-05 09:32:05,196.45,196.45,1,196.28,300,196.62,700,196.62,196.28,196.28,300,196.19,400,196.17,600,196.1,700,196.06,400,195.85,200,195.72,100,195.65,100,195.6,100,195.48,400,196.62,700,196.63,700,196.64,700,196.65,2500,196.74,700,196.75,700,196.76,700,196.77,700,196.78,700,196.79,700
2026-02-05 09:32:06,196.57,196.61,1,196.49,300,196.65,2500,196.65,196.49,196.49,300,196.28,600,196.19,400,196.17,600,196.1,700,196.06,400,195.85,200,195.72,100,195.65,100,195.6,100,196.65,2500,196.74,700,196.75,700,196.76,700,196.77,700,196.78,700,196.79,700,196.8,700,196.81,700,196.82,700
2026-02-05 09:32:07,196.945,196.95,1,196.57,700,197.32,600,197.32,196.57,196.57,700,196.49,300,196.28,600,196.19,400,196.17,600,196.1,700,196.06,400,195.85,200,195.72,100,195.65,100,197.32,600,197.43,300,197.5,200,,,,,,,,,,,,,,
2026-02-05 09:32:08,196.945,196.95,3,196.57,700,197.32,600,197.32,196.57,196.57,700,196.49,300,196.28,600,196.19,400,196.17,600,196.1,700,196.06,400,195.85,200,195.72,100,195.65,100,197.32,600,197.43,300,197.5,200,,,,,,,,,,,,,,
2026-02-05 09:32:09,196.945,196.95,3,196.57,700,197.32,600,197.32,196.57,196.57,700,196.49,300,196.28,600,196.19,400,196.17,600,196.1,700,196.06,400,195.85,200,195.72,100,195.65,100,197.32,600,197.43,300,197.5,200,,,,,,,,,,,,,,
2026-02-05 09:32:10,196.745,196.75,4,196.57,700,196.92,200,196.92,196.57,196.57,700,196.49,300,196.28,600,196.19,400,196.17,600,196.1,700,196.06,400,195.85,200,195.72,100,195.65,100,196.92,200,197.17,400,197.3,100,197.32,600,197.43,300,197.5,200,,,,,,,,
2026-02-05 09:32:11,197.03,197.31,5,196.74,600,197.32,700,197.32,196.74,196.74,600,196.57,700,196.49,300,196.28,600,196.19,400,196.17,600,196.1,700,196.06,400,195.85,200,195.72,100,197.32,700,197.43,300,197.5,200,,,,,,,,,,,,,,
2026-02-05 09:32:12,197.415,197.3,6,197.24,500,197.59,100,197.59,197.24,197.24,500,197.11,500,197.01,100,196.74,600,196.57,700,196.49,300,196.28,600,196.19,400,196.17,600,196.1,700,197.59,100,197.61,300,,,,,,,,,,,,,,,,
2026-02-05 09:32:13,197.415,197.3,6,197.24,500,197.59,100,197.59,197.24,197.24,500,197.11,500,197.01,100,196.74,600,196.57,700,196.49,300,196.28,600,196.19,400,196.17,600,196.1,700,197.59,100,197.61,300,,,,,,,,,,,,,,,,
2026-02-05 09:32:14,197.415,197.3,6,197.24,800,197.59,100,197.59,197.24,197.24,800,197.11,500,197.01,100,196.74,600,196.57,700,196.49,300,196.28,600,196.19,400,196.17,600,196.1,700,197.59,100,197.61,300,,,,,,,,,,,,,,,,
2026-02-05 09:32:15,197.465,197.54,2,197.32,300,197.61,300,197.61,197.32,197.32,300,197.25,200,197.24,700,197.11,500,197.01,100,196.74,600,196.57,700,196.49,300,196.28,600,196.19,400,197.61,300,,,,,,,,,,,,,,,,,,
2026-02-05 09:32:16,197.465,197.54,2,197.32,300,197.61,300,197.61,197.32,197.32,300,197.25,200,197.24,700,197.11,500,197.01,100,196.74,600,196.57,700,196.49,300,196.28,600,196.19,400,197.61,300,,,,,,,,,,,,,,,,,,
2026-02-05 09:32:17,197.425,197.43,1,197.24,600,197.61,300,197.61,197.24,197.24,600,197.11,500,197.01,100,196.74,600,196.57,700,196.49,300,196.28,600,196.19,400,196.17,600,196.1,700,197.61,300,,,,,,,,,,,,,,,,,,
2026-02-05 09:32:18,197.5,197.5,1,197.36,100,197.64,300,197.64,197.36,197.36,100,197.11,300,197.01,100,196.74,600,196.57,700,196.49,300,196.28,600,196.19,400,196.17,600,196.1,700,197.64,300,,,,,,,,,,,,,,,,,,
2026-02-05 09:32:19,197.375,197.64,1,197.11,300,197.64,300,197.64,197.11,197.11,300,197.01,100,196.74,600,196.57,700,196.49,300,196.28,600,196.19,400,196.17,600,196.1,700,196.06,400,197.64,300,,,,,,,,,,,,,,,,,,
2026-02-05 09:32:20,197.735,197.69,2,197.55,100,197.92,400,197.92,197.55,197.55,100,197.42,100,197.37,100,197.11,400,197.01,100,196.74,600,196.57,700,196.49,300,196.28,600,196.19,400,197.92,400,,,,,,,,,,,,,,,,,,
2026-02-05 09:32:21,197.735,197.69,1,197.55,100,197.92,400,197.92,197.55,197.55,100,197.42,100,197.37,100,197.11,400,197.01,100,196.74,600,196.57,700,196.49,300,196.28,600,196.19,400,197.92,400,,,,,,,,,,,,,,,,,,
2026-02-05 09:32:22,197.735,197.69,1,197.55,100,197.92,400,197.92,197.55,197.55,100,197.42,100,197.37,100,197.11,400,197.01,100,196.74,600,196.57,700,196.49,300,196.28,600,196.19,400,197.92,400,,,,,,,,,,,,,,,,,,
2026-02-05 09:32:23,197.775,197.87,1,197.63,400,197.92,400,197.92,197.63,197.63,400,197.55,200,197.42,100,197.37,100,197.11,400,197.01,100,196.74,600,196.57,700,196.49,300,196.28,600,197.92,400,,,,,,,,,,,,,,,,,,
2026-02-05 09:32:24,198.065,198.18,1,197.95,200,198.18,600,198.18,197.95,197.95,200,197.9,100,197.88,100,197.71,400,197.63,500,197.55,200,197.42,100,197.37,100,197.11,400,197.01,100,198.18,600,198.25,400,198.39,800,,,,,,,,,,,,,,
2026-02-05 09:32:25,198.29,198.29,1,198.11,200,198.47,1100,198.47,198.11,198.11,200,197.95,200,197.9,100,197.88,100,197.71,400,197.63,500,197.55,200,197.42,100,197.37,100,197.11,400,198.47,1100,,,,,,,,,,,,,,,,,,
2026-02-05 09:32:26,198.345,198.23,1,198.18,200,198.51,200,198.51,198.18,198.18,200,198.11,500,197.95,200,197.9,100,197.88,100,197.71,400,197.63,500,197.55,200,197.42,100,197.37,100,198.51,200,198.69,400,,,,,,,,,,,,,,,,
2026-02-05 09:32:27,198.345,198.35,3,198.18,200,198.51,200,198.51,198.18,198.18,200,198.11,500,197.95,200,197.9,100,197.88,100,197.71,400,197.63,500,197.55,200,197.42,100,197.37,100,198.51,200,198.69,400,,,,,,,,,,,,,,,,
2026-02-05 09:32:28,198.345,198.51,2,198.18,200,198.51,200,198.51,198.18,198.18,200,198.11,500,197.95,200,197.9,100,197.88,100,197.71,400,197.63,500,197.55,200,197.42,100,197.37,100,198.51,200,198.69,400,,,,,,,,,,,,,,,,
2026-02-05 09:32:29,198.345,198.35,1,198.18,200,198.51,200,198.51,198.18,198.18,200,198.11,500,197.95,200,197.9,100,197.88,100,197.71,400,197.63,500,197.55,200,197.42,100,197.37,100,198.51,200,198.69,400,,,,,,,,,,,,,,,,
2026-02-05 09:32:30,198.345,198.35,1,198.18,200,198.51,200,198.51,198.18,198.18,200,198.11,500,197.95,200,197.9,100,197.88,100,197.71,400,197.63,500,197.55,200,197.42,100,197.37,100,198.51,200,198.69,400,,,,,,,,,,,,,,,,
2026-02-05 09:32:31,198.345,198.35,1,198.18,200,198.51,200,198.51,198.18,198.18,200,198.11,500,197.95,200,197.9,100,197.88,100,197.71,400,197.63,500,197.55,200,197.42,100,197.37,100,198.51,200,198.69,400,,,,,,,,,,,,,,,,
2026-02-05 09:32:32,198.345,198.43,1,198.18,200,198.51,400,198.51,198.18,198.18,200,198.11,500,197.95,200,197.9,100,197.88,100,197.71,400,197.63,500,197.55,200,197.42,100,197.37,100,198.51,400,198.69,400,,,,,,,,,,,,,,,,
2026-02-05 09:32:33,198.34,198.34,1,198.18,200,198.5,300,198.5,198.18,198.18,200,198.11,500,197.95,200,197.9,100,197.88,100,197.71,400,197.63,500,197.55,200,197.42,100,197.37,100,198.5,300,198.51,400,198.69,400,,,,,,,,,,,,,,
2026-02-05 09:32:34,198.34,198.34,1,198.18,200,198.5,300,198.5,198.18,198.18,200,198.11,500,197.95,200,197.9,100,197.88,100,197.71,400,197.63,500,197.55,200,197.42,100,197.37,100,198.5,300,198.51,400,198.69,400,,,,,,,,,,,,,,
2026-02-05 09:32:35,198.34,198.34,4,198.18,200,198.5,300,198.5,198.18,198.18,200,198.11,500,197.95,200,197.9,100,197.88,100,197.71,400,197.63,500,197.55,200,197.42,100,197.37,100,198.5,300,198.51,400,198.69,400,,,,,,,,,,,,,,
2026-02-05 09:32:36,198.34,198.46,1,198.18,200,198.5,300,198.5,198.18,198.18,200,198.11,500,197.95,200,197.9,100,197.88,100,197.71,400,197.63,500,197.55,200,197.42,100,197.37,100,198.5,300,198.51,400,198.69,400,,,,,,,,,,,,,,
2026-02-05 09:32:37,198.34,198.42,1,198.18,200,198.5,300,198.5,198.18,198.18,200,198.11,500,197.95,200,197.9,100,197.88,100,197.71,400,197.63,500,197.55,200,197.42,100,197.37,100,198.5,300,198.51,400,198.69,400,,,,,,,,,,,,,,
2026-02-05 09:32:38,198.525,198.43,1,198.41,100,198.64,300,198.64,198.41,198.41,100,198.25,100,198.18,300,198.11,500,197.95,200,197.9,100,197.88,100,197.71,400,197.63,500,197.55,200,198.64,300,198.69,400,,,,,,,,,,,,,,,,
2026-02-05 09:32:39,198.545,198.53,1,198.4,200,198.69,400,198.69,198.4,198.4,200,198.25,200,198.18,300,198.11,500,197.95,200,197.9,100,197.88,100,197.71,400,197.63,500,197.55,200,198.69,400,,,,,,,,,,,,,,,,,,
2026-02-05 09:32:40,198.545,198.65,1,198.4,200,198.69,400,198.69,198.4,198.4,200,198.25,200,198.18,300,198.11,500,197.95,200,197.9,100,197.88,100,197.71,400,197.63,500,197.55,200,198.69,400,,,,,,,,,,,,,,,,,,
2026-02-05 09:32:41,198.54,198.69,1,198.4,200,198.68,100,198.68,198.4,198.4,200,198.25,200,198.18,300,198.11,500,197.95,200,197.9,100,197.88,100,197.71,400,197.63,500,197.55,200,198.68,100,198.69,400,,,,,,,,,,,,,,,,
2026-02-05 09:32:42,198.54,198.69,1,198.4,200,198.68,100,198.68,198.4,198.4,200,198.25,200,198.18,300,198.11,500,197.95,200,197.9,100,197.88,100,197.71,400,197.63,500,197.55,200,198.68,100,198.69,400,,,,,,,,,,,,,,,,
2026-02-05 09:32:43,198.54,198.55,1,198.4,200,198.68,100,198.68,198.4,198.4,200,198.25,200,198.18,300,198.11,500,197.95,200,197.9,100,197.88,100,197.71,400,197.63,500,197.55,200,198.68,100,198.69,400,,,,,,,,,,,,,,,,
2026-02-05 09:32:44,198.54,198.44,5,198.4,200,198.68,100,198.68,198.4,198.4,200,198.25,200,198.18,300,198.11,500,197.95,200,197.9,100,197.88,100,197.71,400,197.63,500,197.55,200,198.68,100,198.69,400,,,,,,,,,,,,,,,,
2026-02-05 09:32:45,198.495,198.43,1,198.31,100,198.68,200,198.68,198.31,198.31,100,198.17,100,198.05,100,197.95,200,197.9,100,197.88,100,197.71,400,197.63,500,197.55,200,197.42,100,198.68,200,198.69,500,,,,,,,,,,,,,,,,
2026-02-05 09:32:46,198.39,198.43,1,198.31,100,198.47,200,198.47,198.31,198.31,100,198.17,100,198.05,100,197.95,200,197.9,100,197.88,100,197.71,400,197.63,500,197.55,200,197.42,100,198.47,200,198.69,400,,,,,,,,,,,,,,,,
2026-02-05 09:32:47,198.26,198.26,1,198.05,100,198.47,400,198.47,198.05,198.05,100,197.95,200,197.9,100,197.88,100,197.71,400,197.63,500,197.55,200,197.42,100,197.37,100,197.11,400,198.47,400,198.69,400,,,,,,,,,,,,,,,,
2026-02-05 09:32:48,198.26,198.26,1,198.05,100,198.47,400,198.47,198.05,198.05,100,197.95,200,197.9,100,197.88,100,197.71,400,197.63,500,197.55,200,197.42,100,197.37,100,197.11,400,198.47,400,198.69,400,,,,,,,,,,,,,,,,
2026-02-05 09:32:49,198.26,198.26,1,198.05,100,198.47,400,198.47,198.05,198.05,100,197.95,200,197.9,100,197.88,100,197.71,400,197.63,500,197.55,200,197.42,100,197.37,100,197.11,400,198.47,400,198.69,400,,,,,,,,,,,,,,,,
2026-02-05 09:32:50,198.26,198.26,1,198.05,100,198.47,400,198.47,198.05,198.05,100,197.95,200,197.9,100,197.88,100,197.71,400,197.63,500,197.55,200,197.42,100,197.37,100,197.11,400,198.47,400,198.69,400,,,,,,,,,,,,,,,,
2026-02-05 09:32:51,198.325,198.29,1,198.2,100,198.45,100,198.45,198.2,198.2,100,198.05,100,197.95,200,197.9,100,197.88,100,197.71,400,197.63,500,197.55,200,197.42,100,197.37,100,198.45,100,198.47,600,198.69,400,,,,,,,,,,,,,,
2026-02-05 09:32:52,198.325,198.33,1,198.2,100,198.45,100,198.45,198.2,198.2,100,198.05,100,197.95,200,197.9,100,197.88,100,197.71,400,197.63,500,197.55,200,197.42,100,197.37,100,198.45,100,198.47,600,198.69,400,,,,,,,,,,,,,,
2026-02-05 09:32:53,198.325,198.33,2,198.2,100,198.45,100,198.45,198.2,198.2,100,198.05,100,197.95,200,197.9,100,197.88,100,197.71,400,197.63,500,197.55,200,197.42,100,197.37,100,198.45,100,198.47,600,198.69,400,,,,,,,,,,,,,,
2026-02-05 09:32:54,198.325,198.33,2,198.2,100,198.45,100,198.45,198.2,198.2,100,198.05,100,197.95,200,197.9,100,197.88,100,197.71,400,197.63,500,197.55,200,197.42,100,197.37,100,198.45,100,198.47,600,198.69,400,,,,,,,,,,,,,,
2026-02-05 09:32:55,198.36,198.44,1,198.2,200,198.52,300,198.52,198.2,198.2,200,198.05,100,197.95,200,197.9,100,197.88,100,197.71,400,197.63,500,197.55,200,197.42,100,197.37,100,198.52,300,198.69,400,,,,,,,,,,,,,,,,
2026-02-05 09:32:56,198.36,198.44,1,198.2,200,198.52,300,198.52,198.2,198.2,200,198.05,100,197.95,200,197.9,100,197.88,100,197.71,400,197.63,500,197.55,200,197.42,100,197.37,100,198.52,300,198.69,400,,,,,,,,,,,,,,,,
2026-02-05 09:32:57,198.36,198.36,1,198.2,200,198.52,300,198.52,198.2,198.2,200,198.05,100,197.95,200,197.9,100,197.88,100,197.71,400,197.63,500,197.55,200,197.42,100,197.37,100,198.52,300,198.69,400,,,,,,,,,,,,,,,,
2026-02-05 09:32:58,198.36,198.44,1,198.2,200,198.52,300,198.52,198.2,198.2,200,198.05,100,197.95,200,197.9,100,197.88,100,197.71,400,197.63,500,197.55,200,197.42,100,197.37,100,198.52,300,198.69,400,,,,,,,,,,,,,,,,
2026-02-05 09:32:59,198.355,198.33,2,198.19,200,198.52,400,198.52,198.19,198.19,200,198.1,100,198.05,100,197.95,200,197.9,100,197.88,100,197.71,400,197.63,500,197.55,200,197.42,100,198.52,400,198.69,400,,,,,,,,,,,,,,,,
2026-02-05 09:33:00,198.4,198.4,1,198.28,100,198.52,400,198.52,198.28,198.28,100,198.19,200,198.1,100,198.05,100,197.95,200,197.9,100,197.88,100,197.71,400,197.63,500,197.55,200,198.52,400,198.69,400,,,,,,,,,,,,,,,,
2026-02-05 09:33:01,198.595,198.6,1,198.51,100,198.68,200,198.68,198.51,198.51,100,198.28,400,198.19,200,198.1,100,198.05,100,197.95,200,197.9,100,197.88,100,197.71,400,197.63,500,198.68,200,198.69,400,,,,,,,,,,,,,,,,
2026-02-05 09:33:02,198.44,198.48,1,198.28,300,198.6,100,198.6,198.28,198.28,300,198.19,200,198.1,100,198.05,100,197.95,200,197.9,100,197.88,100,197.71,400,197.63,500,197.55,200,198.6,100,198.67,200,198.68,200,198.69,400,,,,,,,,,,,,
2026-02-05 09:33:03,198.41,198.48,1,198.28,300,198.54,100,198.54,198.28,198.28,300,198.19,200,198.1,100,198.05,100,197.95,200,197.9,100,197.88,100,197.71,400,197.63,500,197.55,200,198.54,100,198.55,100,198.56,100,198.57,100,198.58,100,198.59,100,198.6,100,198.67,200,198.68,200,198.69,400
2026-02-05 09:33:04,198.535,198.49,1,198.43,100,198.64,1000,198.64,198.43,198.43,100,198.28,300,198.19,200,198.1,100,198.05,100,197.95,200,197.9,100,197.88,100,197.71,400,197.63,500,198.64,1000,198.67,200,198.68,200,198.69,400,,,,,,,,,,,,
2026-02-05 09:33:05,198.535,198.53,1,198.43,100,198.64,1200,198.64,198.43,198.43,100,198.28,300,198.19,200,198.1,100,198.05,100,197.95,200,197.9,100,197.88,100,197.71,400,197.63,500,198.64,1200,198.67,200,198.68,200,198.69,400,,,,,,,,,,,,
2026-02-05 09:33:06,198.56,198.64,1,198.43,200,198.69,400,198.69,198.43,198.43,200,198.28,300,198.19,200,198.1,100,198.05,100,197.95,200,197.9,100,197.88,100,197.71,400,197.63,500,198.69,400,,,,,,,,,,,,,,,,,,
2026-02-05 09:33:07,198.615,198.7,1,198.43,300,198.8,300,198.8,198.43,198.43,300,198.28,300,198.19,200,198.1,100,198.05,100,197.95,200,197.9,100,197.88,100,197.71,400,197.63,500,198.8,300,,,,,,,,,,,,,,,,,,
2026-02-05 09:33:08,198.615,198.72,1,198.43,400,198.8,300,198.8,198.43,198.43,400,198.28,300,198.19,200,198.1,100,198.05,100,197.95,200,197.9,100,197.88,100,197.71,400,197.63,500,198.8,300,,,,,,,,,,,,,,,,,,
2026-02-05 09:33:09,198.615,198.66,1,198.43,400,198.8,300,198.8,198.43,198.43,400,198.28,300,198.19,200,198.1,100,198.05,100,197.95,200,197.9,100,197.88,100,197.71,400,197.63,500,198.8,300,,,,,,,,,,,,,,,,,,
2026-02-05 09:33:10,199.18,199.08,1,198.99,200,199.37,300,199.37,198.99,198.99,200,198.92,200,198.85,100,198.83,300,198.7,100,198.43,400,198.28,300,198.19,200,198.1,100,198.05,100,199.37,300,,,,,,,,,,,,,,,,,,
2026-02-05 09:33:11,199.235,199.18,1,199.1,100,199.37,700,199.37,199.1,199.1,100,199.03,100,198.99,300,198.92,200,198.85,100,198.83,300,198.7,100,198.43,400,198.28,300,198.19,200,199.37,700,,,,,,,,,,,,,,,,,,
2026-02-05 09:33:12,199.235,199.18,1,199.1,100,199.37,700,199.37,199.1,199.1,100,199.03,100,198.99,300,198.92,200,198.85,100,198.83,300,198.7,100,198.43,400,198.28,300,198.19,200,199.37,700,,,,,,,,,,,,,,,,,,
2026-02-05 09:33:13,199.235,199.18,1,199.1,100,199.37,700,199.37,199.1,199.1,100,199.03,100,198.99,300,198.92,200,198.85,100,198.83,300,198.7,100,198.43,400,198.28,300,198.19,200,199.37,700,,,,,,,,,,,,,,,,,,
2026-02-05 09:33:14,198.96,199.01,1,198.65,200,199.27,100,199.27,198.65,198.65,200,198.43,500,198.28,300,198.19,200,198.1,100,198.05,100,197.95,200,197.9,100,197.88,100,197.71,400,199.27,100,199.3,100,199.37,700,,,,,,,,,,,,,,
2026-02-05 09:33:15,199.01,199.01,1,198.65,200,199.37,700,199.37,198.65,198.65,200,198.43,500,198.28,300,198.19,200,198.1,100,198.05,100,197.95,200,197.9,100,197.88,100,197.71,400,199.37,700,,,,,,,,,,,,,,,,,,
2026-02-05 09:33:16,199.01,198.65,8,198.65,200,199.37,700,199.37,198.65,198.65,200,198.43,500,198.28,300,198.19,200,198.1,100,198.05,100,197.95,200,197.9,100,197.88,100,197.71,400,199.37,700,,,,,,,,,,,,,,,,,,
2026-02-05 09:33:17,199.01,198.89,1,198.65,200,199.37,900,199.37,198.65,198.65,200,198.43,500,198.28,300,198.19,200,198.1,100,198.05,100,197.95,200,197.9,100,197.88,100,197.71,400,199.37,900,,,,,,,,,,,,,,,,,,
2026-02-05 09:33:18,199.01,198.93,1,198.65,200,199.37,900,199.37,198.65,198.65,200,198.43,500,198.28,300,198.19,200,198.1,100,198.05,100,197.95,200,197.9,100,197.88,100,197.71,400,199.37,900,,,,,,,,,,,,,,,,,,
2026-02-05 09:33:19,199.01,198.93,1,198.65,200,199.37,900,199.37,198.65,198.65,200,198.43,500,198.28,300,198.19,200,198.1,100,198.05,100,197.95,200,197.9,100,197.88,100,197.71,400,199.37,900,,,,,,,,,,,,,,,,,,
2026-02-05 09:33:20,198.96,198.88,1,198.65,200,199.27,200,199.27,198.65,198.65,200,198.43,500,198.28,300,198.19,200,198.1,100,198.05,100,197.95,200,197.9,100,197.88,100,197.71,400,199.27,200,199.31,100,199.37,900,,,,,,,,,,,,,,
2026-02-05 09:33:21,198.94,198.88,1,198.65,200,199.23,200,199.23,198.65,198.65,200,198.43,500,198.28,300,198.19,200,198.1,100,198.05,100,197.95,200,197.9,100,197.88,100,197.71,400,199.23,200,199.27,200,199.31,100,199.37,900,,,,,,,,,,,,
2026-02-05 09:33:22,198.935,198.88,1,198.65,200,199.22,300,199.22,198.65,198.65,200,198.43,500,198.28,300,198.19,200,198.1,100,198.05,100,197.95,200,197.9,100,197.88,100,197.71,400,199.22,300,199.23,200,199.27,200,199.31,100,199.37,900,,,,,,,,,,
2026-02-05 09:33:23,198.61,198.64,1,198.4,100,198.82,100,198.82,198.4,198.4,100,198.33,100,198.05,100,197.95,200,197.9,100,197.88,100,197.71,400,197.63,500,197.55,200,197.42,100,198.82,100,199.02,200,199.13,200,199.22,600,199.23,200,199.27,200,199.31,100,199.37,900,,,,
2026-02-05 09:33:24,198.61,198.64,1,198.4,100,198.82,300,198.82,198.4,198.4,100,198.33,100,198.05,100,197.95,200,197.9,100,197.88,100,197.71,400,197.63,500,197.55,200,197.42,100,198.82,300,199.02,200,199.13,200,199.22,600,199.23,200,199.27,200,199.31,100,199.37,900,,,,
2026-02-05 09:33:25,198.61,198.61,1,198.4,100,198.82,300,198.82,198.4,198.4,100,198.33,100,198.05,100,197.95,200,197.9,100,197.88,100,197.71,400,197.63,500,197.55,200,197.42,100,198.82,300,199.02,200,199.13,200,199.22,600,199.23,200,199.27,200,199.31,100,199.37,900,,,,
2026-02-05 09:33:26,198.505,198.61,1,198.4,200,198.61,400,198.61,198.4,198.4,200,198.33,100,198.05,100,197.95,200,197.9,100,197.88,100,197.71,400,197.63,500,197.55,200,197.42,100,198.61,400,198.82,300,199.02,200,199.13,200,199.22,600,199.23,200,199.27,200,199.31,100,199.37,900,,
2026-02-05 09:33:27,198.555,198.56,1,198.4,200,198.71,300,198.71,198.4,198.4,200,198.33,100,198.05,100,197.95,200,197.9,100,197.88,100,197.71,400,197.63,500,197.55,200,197.42,100,198.71,300,198.82,300,199.02,200,199.13,200,199.22,600,199.23,200,199.27,200,199.31,100,199.37,900,,
2026-02-05 09:33:28,198.96,198.93,1,198.55,200,199.37,800,199.37,198.55,198.55,200,198.47,100,198.4,200,198.33,100,198.05,100,197.95,200,197.9,100,197.88,100,197.71,400,197.63,500,199.37,800,,,,,,,,,,,,,,,,,,
2026-02-05 09:33:29,198.96,198.93,1,198.55,200,199.37,900,199.37,198.55,198.55,200,198.47,100,198.4,200,198.33,100,198.05,100,197.95,200,197.9,100,197.88,100,197.71,400,197.63,500,199.37,900,,,,,,,,,,,,,,,,,,
2026-02-05 09:33:30,198.755,199.0,1,198.55,200,198.96,300,198.96,198.55,198.55,200,198.47,100,198.4,200,198.33,100,198.05,100,197.95,200,197.9,100,197.88,100,197.71,400,197.63,500,198.96,300,199.37,1100,,,,,,,,,,,,,,,,
2026-02-05 09:33:31,198.745,198.75,1,198.55,200,198.94,200,198.94,198.55,198.55,200,198.47,100,198.4,200,198.33,100,198.05,100,197.95,200,197.9,100,197.88,100,197.71,400,197.63,500,198.94,200,198.95,200,198.97,100,199.31,100,199.37,1100,,,,,,,,,,
2026-02-05 09:33:32,198.74,198.74,1,198.55,200,198.93,200,198.93,198.55,198.55,200,198.47,100,198.4,200,198.33,100,198.05,100,197.95,200,197.9,100,197.88,100,197.71,400,197.63,500,198.93,200,198.94,200,198.95,200,198.97,100,199.31,100,199.37,1100,,,,,,,,
2026-02-05 09:33:33,198.82,198.85,1,198.68,100,198.96,200,198.96,198.68,198.68,100,198.61,100,198.55,200,198.47,100,198.4,200,198.33,100,198.05,100,197.95,200,197.9,100,197.88,100,198.96,200,198.97,100,199.31,100,199.37,1100,,,,,,,,,,,,
2026-02-05 09:33:34,199.095,198.97,1,198.82,100,199.37,1000,199.37,198.82,198.82,100,198.74,100,198.68,100,198.61,100,198.55,200,198.47,100,198.4,200,198.33,100,198.05,100,197.95,200,199.37,1000,,,,,,,,,,,,,,,,,,
2026-02-05 09:33:35,199.025,198.97,1,198.68,100,199.37,1000,199.37,198.68,198.68,100,198.61,100,198.55,200,198.47,100,198.4,200,198.33,100,198.05,100,197.95,200,197.9,100,197.88,100,199.37,1000,,,,,,,,,,,,,,,,,,
2026-02-05 09:33:36,199.025,198.96,2,198.68,100,199.37,1000,199.37,198.68,198.68,100,198.61,100,198.55,200,198.47,100,198.4,200,198.33,100,198.05,100,197.95,200,197.9,100,197.88,100,199.37,1000,,,,,,,,,,,,,,,,,,
2026-02-05 09:33:37,199.0,199.18,1,198.65,1000,199.35,300,199.35,198.65,198.65,1000,198.61,100,198.55,200,198.47,100,198.4,200,198.33,100,198.05,100,197.95,200,197.9,100,197.88,100,199.35,300,199.36,500,199.37,1000,,,,,,,,,,,,,,
2026-02-05 09:33:38,199.025,199.28,1,198.7,200,199.35,300,199.35,198.7,198.7,200,198.65,900,198.61,100,198.55,200,198.47,100,198.4,200,198.33,100,198.05,100,197.95,200,197.9,100,199.35,300,199.36,500,199.37,1000,,,,,,,,,,,,,,
2026-02-05 09:33:39,199.025,199.28,1,198.7,200,199.35,300,199.35,198.7,198.7,200,198.65,900,198.61,100,198.55,200,198.47,100,198.4,200,198.33,100,198.05,100,197.95,200,197.9,100,199.35,300,199.36,500,199.37,1000,,,,,,,,,,,,,,
2026-02-05 09:33:40,199.025,199.03,2,198.7,200,199.35,800,199.35,198.7,198.7,200,198.65,900,198.61,100,198.55,200,198.47,100,198.4,200,198.33,100,198.05,100,197.95,200,197.9,100,199.35,800,199.36,500,199.37,1000,,,,,,,,,,,,,,
2026-02-05 09:33:41,198.99,199.03,1,198.7,600,199.28,200,199.28,198.7,198.7,600,198.65,900,198.61,100,198.55,200,198.47,100,198.4,200,198.33,100,198.05,100,197.95,200,197.9,100,199.28,200,199.29,200,199.35,800,199.36,500,199.37,1000,,,,,,,,,,
2026-02-05 09:33:42,198.96,199.06,1,198.7,500,199.22,200,199.22,198.7,198.7,500,198.65,900,198.61,100,198.55,200,198.47,100,198.4,200,198.33,100,198.05,100,197.95,200,197.9,100,199.22,200,199.31,400,199.35,800,199.36,500,199.37,1000,,,,,,,,,,
2026-02-05 09:33:43,198.93,198.93,3,198.7,500,199.16,300,199.16,198.7,198.7,500,198.65,900,198.61,100,198.55,200,198.47,100,198.4,200,198.33,100,198.05,100,197.95,200,197.9,100,199.16,300,199.22,200,199.31,400,199.35,800,199.36,500,199.37,1000,,,,,,,,
2026-02-05 09:33:44,198.715,198.7,6,198.46,100,198.97,400,198.97,198.46,198.46,100,198.4,100,198.23,100,198.11,100,198.05,100,197.95,200,197.9,100,197.88,100,197.71,400,197.63,500,198.97,400,199.05,400,199.13,100,199.16,300,199.22,200,199.31,400,199.35,800,199.36,500,199.37,1000,,
2026-02-05 09:33:45,198.685,198.69,1,198.4,200,198.97,500,198.97,198.4,198.4,200,198.23,100,198.11,100,198.05,100,197.95,200,197.9,100,197.88,100,197.71,400,197.63,500,197.55,200,198.97,500,199.05,400,199.13,100,199.16,300,199.22,200,199.31,400,199.35,800,199.36,500,199.37,1000,,
2026-02-05 09:33:46,198.68,198.69,1,198.4,300,198.96,100,198.96,198.4,198.4,300,198.23,100,198.11,100,198.05,100,197.95,200,197.9,100,197.88,100,197.71,400,197.63,500,197.55,200,198.96,100,198.97,600,199.05,400,199.13,100,199.16,300,199.22,200,199.31,400,199.35,800,199.36,500,199.37,1000
2026-02-05 09:33:47,198.68,198.82,1,198.4,200,198.96,100,198.96,198.4,198.4,200,198.23,100,198.11,100,198.05,100,197.95,200,197.9,100,197.88,100,197.71,400,197.63,500,197.55,200,198.96,100,198.97,600,199.05,400,199.13,100,199.16,300,199.22,200,199.31,400,199.35,800,199.36,500,199.37,1000
2026-02-05 09:33:48,198.68,198.68,4,198.4,300,198.96,400,198.96,198.4,198.4,300,198.23,100,198.11,100,198.05,100,197.95,200,197.9,100,197.88,100,197.71,400,197.63,500,197.55,200,198.96,400,198.97,600,199.05,400,199.13,100,199.16,300,199.22,200,199.31,400,199.35,800,199.36,500,199.37,1000
2026-02-05 09:33:49,198.68,198.68,4,198.4,300,198.96,400,198.96,198.4,198.4,300,198.23,100,198.11,100,198.05,100,197.95,200,197.9,100,197.88,100,197.71,400,197.63,500,197.55,200,198.96,400,198.97,600,199.05,400,199.13,100,199.16,300,199.22,200,199.31,400,199.35,800,199.36,500,199.37,1000
2026-02-05 09:33:50,198.68,198.68,4,198.4,300,198.96,600,198.96,198.4,198.4,300,198.23,100,198.11,100,198.05,100,197.95,200,197.9,100,197.88,100,197.71,400,197.63,500,197.55,200,198.96,600,198.97,600,199.05,400,199.13,100,199.16,300,199.22,200,199.31,400,199.35,800,199.36,500,199.37,1000
2026-02-05 09:33:51,198.675,198.68,4,198.4,300,198.95,400,198.95,198.4,198.4,300,198.23,100,198.11,100,198.05,100,197.95,200,197.9,100,197.88,100,197.71,400,197.63,500,197.55,200,198.95,400,198.96,600,198.97,600,199.05,400,199.13,100,199.16,300,199.22,200,199.31,400,199.35,800,199.36,500
2026-02-05 09:33:52,198.61,198.68,4,198.4,300,198.82,400,198.82,198.4,198.4,300,198.23,100,198.11,100,198.05,100,197.95,200,197.9,100,197.88,100,197.71,400,197.63,500,197.55,200,198.82,400,198.96,600,198.97,600,199.05,400,199.13,100,199.16,300,199.22,200,199.31,400,199.35,800,199.36,500
2026-02-05 09:33:53,198.74,198.74,3,198.61,300,198.87,300,198.87,198.61,198.61,300,198.51,100,198.41,100,198.4,300,198.23,100,198.11,100,198.05,100,197.95,200,197.9,100,197.88,100,198.87,300,198.96,600,198.97,600,199.05,400,199.13,100,199.16,300,199.22,200,199.31,400,199.35,800,199.36,500
2026-02-05 09:33:54,198.785,198.87,2,198.61,300,198.96,500,198.96,198.61,198.61,300,198.51,100,198.41,100,198.4,300,198.23,100,198.11,100,198.05,100,197.95,200,197.9,100,197.88,100,198.96,500,198.97,600,199.05,400,199.13,100,199.16,300,199.22,200,199.31,400,199.35,800,199.36,500,199.37,1000
2026-02-05 09:33:55,198.785,198.79,1,198.61,300,198.96,500,198.96,198.61,198.61,300,198.51,100,198.41,100,198.4,300,198.23,100,198.11,100,198.05,100,197.95,200,197.9,100,197.88,100,198.96,500,198.97,600,199.05,400,199.13,100,199.16,300,199.22,200,199.31,400,199.35,800,199.36,500,199.37,1000
2026-02-05 09:33:56,198.785,198.79,1,198.61,300,198.96,500,198.96,198.61,198.61,300,198.51,100,198.41,100,198.4,300,198.23,100,198.11,100,198.05,100,197.95,200,197.9,100,197.88,100,198.96,500,198.97,600,199.05,400,199.13,100,199.16,300,199.22,200,199.31,400,199.35,800,199.36,500,199.37,1000
2026-02-05 09:33:57,198.84,198.79,1,198.72,300,198.96,500,198.96,198.72,198.72,300,198.61,300,198.51,100,198.41,100,198.4,300,198.23,100,198.11,100,198.05,100,197.95,200,197.9,100,198.96,500,198.97,600,199.05,400,199.13,100,199.16,300,199.22,200,199.31,400,199.35,800,199.36,500,199.37,1000
2026-02-05 09:33:58,199.205,198.43,1,199.04,100,199.37,1200,199.37,199.04,199.04,100,198.95,100,198.72,500,198.61,300,198.51,100,198.41,100,198.4,300,198.23,100,198.11,100,198.05,100,199.37,1200,,,,,,,,,,,,,,,,,,
2026-02-05 09:33:59,199.045,199.01,1,198.72,500,199.37,1200,199.37,198.72,198.72,500,198.61,300,198.51,100,198.41,100,198.4,300,198.23,100,198.11,100,198.05,100,197.95,200,197.9,100,199.37,1200,,,,,,,,,,,,,,,,,,
2026-02-05 09:34:00,199.045,199.01,1,198.72,500,199.37,1200,199.37,198.72,198.72,500,198.61,300,198.51,100,198.41,100,198.4,300,198.23,100,198.11,100,198.05,100,197.95,200,197.9,100,199.37,1200,,,,,,,,,,,,,,,,,,
2026-02-05 09:34:01,199.04,199.15,2,198.72,500,199.36,100,199.36,198.72,198.72,500,198.61,300,198.51,100,198.41,100,198.4,300,198.23,100,198.11,100,198.05,100,197.95,200,197.9,100,199.36,100,199.37,1200,,,,,,,,,,,,,,,,
2026-02-05 09:34:02,198.93,198.96,10,198.72,600,199.14,200,199.14,198.72,198.72,600,198.61,300,198.51,100,198.41,100,198.4,300,198.23,100,198.11,100,198.05,100,197.95,200,197.9,100,199.14,200,199.15,200,199.16,200,199.17,200,199.18,200,199.19,200,199.36,100,199.37,1200,,,,
2026-02-05 09:34:03,198.915,198.96,10,198.72,600,199.11,200,199.11,198.72,198.72,600,198.61,300,198.51,100,198.41,100,198.4,300,198.23,100,198.11,100,198.05,100,197.95,200,197.9,100,199.11,200,199.12,200,199.13,200,199.14,200,199.15,200,199.16,200,199.17,200,199.18,200,199.19,200,199.36,100
2026-02-05 09:34:04,198.54,198.54,1,198.37,100,198.71,200,198.71,198.37,198.37,100,198.23,100,198.11,100,198.05,100,197.95,200,197.9,100,197.88,100,197.71,400,197.63,500,197.55,200,198.71,200,198.72,200,198.73,200,198.74,200,198.75,200,198.88,500,199.01,100,199.02,300,199.08,200,199.09,200
2026-02-05 09:34:05,198.36,198.3,1,198.05,200,198.67,200,198.67,198.05,198.05,200,197.95,200,197.9,100,197.88,100,197.71,400,197.63,500,197.55,200,197.42,100,197.37,100,197.11,400,198.67,200,198.68,200,198.69,200,198.7,200,198.71,200,198.72,200,198.73,200,198.74,200,198.75,200,198.88,500
2026-02-05 09:34:06,198.33,198.34,1,198.05,200,198.6,200,198.6,198.05,198.05,200,197.95,200,197.9,100,197.88,100,197.71,400,197.63,500,197.55,200,197.42,100,197.37,100,197.11,400,198.61,200,198.62,200,198.63,200,198.64,200,198.65,200,198.66,200,198.67,200,198.68,200,198.69,200,198.7,200
2026-02-05 09:34:07,198.31,198.32,1,198.05,200,198.57,200,198.57,198.05,198.05,200,197.95,200,197.9,100,197.88,100,197.71,400,197.63,500,197.55,200,197.42,100,197.37,100,197.11,400,198.57,200,198.58,200,198.59,200,198.6,200,198.61,200,198.62,200,198.63,200,198.64,200,198.65,200,198.66,200
2026-02-05 09:34:08,198.295,198.07,1,198.05,200,198.54,200,198.54,198.05,198.05,200,197.95,200,197.9,100,197.88,100,197.71,400,197.63,500,197.55,200,197.42,100,197.37,100,197.11,400,198.54,200,198.55,200,198.56,200,198.57,200,198.58,200,198.59,200,198.6,200,198.61,200,198.62,200,198.63,200
2026-02-05 09:34:09,198.265,198.43,1,198.05,200,198.48,200,198.48,198.05,198.05,200,197.95,200,197.9,100,197.88,100,197.71,400,197.63,500,197.55,200,197.42,100,197.37,100,197.11,400,198.48,200,198.49,200,198.5,200,198.51,200,198.52,400,198.53,200,198.54,200,198.55,200,198.56,200,198.57,200
2026-02-05 09:34:10,198.655,198.81,2,198.05,200,199.26,500,199.26,198.05,198.05,200,197.95,200,197.9,100,197.88,100,197.71,400,197.63,500,197.55,200,197.42,100,197.37,100,197.11,400,199.26,500,199.27,100,199.35,500,199.36,100,199.37,1200,,,,,,,,,,
2026-02-05 09:34:11,198.55,198.58,1,198.26,200,198.84,300,198.84,198.26,198.26,200,198.05,300,197.95,200,197.9,100,197.88,100,197.71,400,197.63,500,197.55,200,197.42,100,197.37,100,198.84,300,198.85,300,199.26,600,199.27,100,199.35,500,199.36,100,199.37,1200,,,,,,
2026-02-05 09:34:12,198.5,198.58,1,198.26,200,198.74,300,198.74,198.26,198.26,200,198.05,300,197.95,200,197.9,100,197.88,100,197.71,400,197.63,500,197.55,200,197.42,100,197.37,100,198.74,300,198.75,300,198.76,300,198.77,300,198.78,300,198.79,300,198.8,300,198.81,300,198.82,300,198.83,300
2026-02-05 09:34:13,198.045,197.57,1,197.52,200,198.57,200,198.57,197.52,197.52,200,197.39,200,197.37,200,197.11,400,197.01,100,196.74,600,196.57,700,196.49,300,196.28,600,196.19,400,198.57,200,198.82,500,198.83,300,198.84,300,198.85,300,199.26,600,199.27,100,199.35,500,199.36,100,199.37,1200
2026-02-05 09:34:14,197.775,197.55,1,197.52,200,198.03,300,198.03,197.52,197.52,200,197.39,200,197.37,200,197.11,400,197.01,100,196.74,600,196.57,700,196.49,300,196.28,600,196.19,400,198.03,300,198.04,300,198.05,300,198.57,200,198.82,500,198.83,300,198.84,300,198.85,300,199.26,600,199.27,100
2026-02-05 09:34:15,197.77,197.55,1,197.52,200,198.02,300,198.02,197.52,197.52,200,197.39,200,197.37,200,197.11,400,197.01,100,196.74,600,196.57,700,196.49,300,196.28,600,196.19,400,198.02,300,198.03,300,198.04,300,198.05,300,198.57,200,198.82,500,198.83,300,198.84,300,198.85,300,199.26,600
2026-02-05 09:34:16,197.77,197.55,1,197.52,200,198.01,300,198.01,197.52,197.52,200,197.39,200,197.37,200,197.11,400,197.01,100,196.74,600,196.57,700,196.49,300,196.28,600,196.19,400,198.02,300,198.03,300,198.04,300,198.05,300,198.57,200,198.82,500,198.83,300,198.84,300,198.85,300,199.26,600
2026-02-05 09:34:17,197.765,197.55,1,197.52,200,198.01,300,198.01,197.52,197.52,200,197.39,200,197.37,200,197.11,400,197.01,100,196.74,600,196.57,700,196.49,300,196.28,600,196.19,400,198.01,300,198.02,600,198.03,300,198.04,300,198.05,300,198.57,200,198.82,500,198.83,300,198.84,300,198.85,300
2026-02-05 09:34:18,197.765,197.77,1,197.52,400,198.01,300,198.01,197.52,197.52,400,197.39,200,197.37,200,197.11,400,197.01,100,196.74,600,196.57,700,196.49,300,196.28,600,196.19,400,198.01,300,198.02,300,198.03,300,198.04,300,198.05,300,198.57,200,198.82,500,198.83,300,198.84,300,198.85,300
2026-02-05 09:34:19,197.81,197.77,1,197.55,300,198.07,100,198.07,197.55,197.55,300,197.52,400,197.37,200,197.11,400,197.01,100,196.74,600,196.57,700,196.49,300,196.28,600,196.19,400,198.07,100,198.56,200,198.57,400,198.82,500,198.83,300,198.84,300,198.85,300,199.26,600,199.27,100,199.35,500
2026-02-05 09:34:20,197.81,197.81,1,197.55,400,198.07,200,198.07,197.55,197.55,400,197.52,400,197.37,200,197.11,400,197.01,100,196.74,600,196.57,700,196.49,300,196.28,600,196.19,400,198.07,200,198.56,200,198.57,400,198.82,500,198.83,300,198.84,300,198.85,300,199.26,600,199.27,100,199.35,500
2026-02-05 09:34:21,197.8,197.8,1,197.55,400,198.05,500,198.05,197.55,197.55,400,197.52,400,197.37,200,197.11,400,197.01,100,196.74,600,196.57,700,196.49,300,196.28,600,196.19,400,198.05,500,198.07,200,198.56,200,198.57,400,198.82,500,198.83,300,198.84,300,198.85,300,199.26,600,199.27,100
2026-02-05 09:34:22,197.585,197.53,1,197.37,400,197.8,500,197.8,197.37,197.37,400,197.11,400,197.01,100,196.74,600,196.57,700,196.49,300,196.28,600,196.19,400,196.17,600,196.1,700,197.8,500,198.04,500,198.05,500,198.07,200,198.56,200,198.57,400,198.82,500,198.83,300,198.84,300,198.85,300
2026-02-05 09:34:23,197.72,197.79,1,197.37,400,198.07,300,198.07,197.37,197.37,400,197.11,400,197.01,100,196.74,600,196.57,700,196.49,300,196.28,600,196.19,400,196.17,600,196.1,700,198.07,300,198.56,200,198.57,400,198.82,500,198.83,300,198.84,300,198.85,300,199.26,600,199.27,100,199.35,500
2026-02-05 09:34:24,197.72,197.76,1,197.37,400,198.07,300,198.07,197.37,197.37,400,197.11,400,197.01,100,196.74,600,196.57,700,196.49,300,196.28,600,196.19,400,196.17,600,196.1,700,198.07,300,198.56,200,198.57,400,198.82,500,198.83,300,198.84,300,198.85,300,199.26,600,199.27,100,199.35,500
2026-02-05 09:34:25,197.66,197.72,6,197.37,500,197.95,500,197.95,197.37,197.37,500,197.11,400,197.01,100,196.74,600,196.57,700,196.49,300,196.28,600,196.19,400,196.17,600,196.1,700,197.95,500,197.96,500,197.97,700,197.98,500,197.99,500,198.0,500,198.01,500,198.02,500,198.07,300,198.56,200
2026-02-05 09:34:26,197.68,197.94,1,197.37,500,197.99,800,197.99,197.37,197.37,500,197.11,400,197.01,100,196.74,600,196.57,700,196.49,300,196.28,600,196.19,400,196.17,600,196.1,700,197.99,800,198.0,500,198.01,500,198.02,500,198.07,300,198.56,200,198.57,400,198.82,500,198.83,300,198.84,300
2026-02-05 09:34:27,197.65,197.68,1,197.37,500,197.93,100,197.93,197.37,197.37,500,197.11,400,197.01,100,196.74,600,196.57,700,196.49,300,196.28,600,196.19,400,196.17,600,196.1,700,197.93,100,197.94,100,197.95,100,197.96,100,197.97,100,197.98,100,197.99,800,198.0,500,198.01,500,198.02,500
2026-02-05 09:34:28,197.65,197.68,1,197.37,600,197.93,200,197.93,197.37,197.37,600,197.11,400,197.01,100,196.74,600,196.57,700,196.49,300,196.28,600,196.19,400,196.17,600,196.1,700,197.93,200,197.94,100,197.95,100,197.96,100,197.97,100,197.98,100,197.99,800,198.0,500,198.01,500,198.02,500
2026-02-05 09:34:29,197.68,197.96,1,197.37,600,197.99,100,197.99,197.37,197.37,600,197.11,400,197.01,100,196.74,600,196.57,700,196.49,300,196.28,600,196.19,400,196.17,600,196.1,700,197.99,100,198.0,100,198.05,200,198.07,300,198.56,200,198.57,400,198.82,500,198.83,300,198.84,300,198.85,300
2026-02-05 09:34:30,197.68,197.92,1,197.37,600,197.99,100,197.99,197.37,197.37,600,197.11,400,197.01,100,196.74,600,196.57,700,196.49,300,196.28,600,196.19,400,196.17,600,196.1,700,197.99,100,198.0,100,198.05,200,198.07,300,198.56,200,198.57,400,198.82,500,198.83,300,198.84,300,198.85,300
2026-02-05 09:34:31,197.71,198.05,1,197.37,600,198.05,200,198.05,197.37,197.37,600,197.11,400,197.01,100,196.74,600,196.57,700,196.49,300,196.28,600,196.19,400,196.17,600,196.1,700,198.05,200,198.56,100,198.57,400,198.82,500,198.83,300,198.84,300,198.85,300,199.26,600,199.27,100,199.35,500
2026-02-05 09:34:32,197.71,198.04,1,197.37,600,198.05,200,198.05,197.37,197.37,600,197.11,400,197.01,100,196.74,600,196.57,700,196.49,300,196.28,600,196.19,400,196.17,600,196.1,700,198.05,200,198.56,100,198.57,400,198.82,500,198.83,300,198.84,300,198.85,300,199.26,600,199.27,100,199.35,500
2026-02-05 09:34:33,197.71,198.04,1,197.37,600,198.05,200,198.05,197.37,197.37,600,197.11,400,197.01,100,196.74,600,196.57,700,196.49,300,196.28,600,196.19,400,196.17,600,196.1,700,198.05,200,198.56,100,198.57,400,198.82,500,198.83,300,198.84,300,198.85,300,199.26,600,199.27,100,199.35,500
2026-02-05 09:34:34,197.705,198.04,1,197.37,600,198.04,100,198.04,197.37,197.37,600,197.11,400,197.01,100,196.74,600,196.57,700,196.49,300,196.28,600,196.19,400,196.17,600,196.1,700,198.04,100,198.05,200,198.56,100,198.57,400,198.82,500,198.83,300,198.84,300,198.85,300,199.26,600,199.27,100
2026-02-05 09:34:35,198.155,198.16,1,197.77,200,198.54,400,198.54,197.77,197.77,200,197.74,200,197.5,100,197.37,600,197.11,400,197.01,100,196.74,600,196.57,700,196.49,300,196.28,600,198.54,400,198.55,500,198.56,100,198.57,400,198.82,500,198.83,300,198.84,300,198.85,300,199.26,600,199.27,100
2026-02-05 09:34:36,198.145,198.16,1,197.77,200,198.52,400,198.52,197.77,197.77,200,197.74,200,197.5,100,197.37,600,197.11,400,197.01,100,196.74,600,196.57,700,196.49,300,196.28,600,198.52,400,198.53,400,198.54,400,198.55,500,198.56,100,198.57,400,198.82,500,198.83,300,198.84,300,198.85,300
2026-02-05 09:34:37,198.135,198.16,1,197.77,500,198.5,400,198.5,197.77,197.77,500,197.74,200,197.5,100,197.37,600,197.11,400,197.01,100,196.74,600,196.57,700,196.49,300,196.28,600,198.5,400,198.51,400,198.52,400,198.53,400,198.54,400,198.55,500,198.56,100,198.57,400,198.82,500,198.83,300
2026-02-05 09:34:38,198.135,197.77,1,197.77,500,198.5,400,198.5,197.77,197.77,500,197.74,200,197.5,100,197.37,600,197.11,400,197.01,100,196.74,600,196.57,700,196.49,300,196.28,600,198.5,400,198.51,400,198.52,400,198.53,400,198.54,400,198.55,500,198.56,100,198.57,400,198.82,500,198.83,300
2026-02-05 09:34:39,198.265,198.5,1,197.95,300,198.58,200,198.58,197.95,197.95,300,197.79,100,197.78,400,197.77,700,197.74,200,197.5,100,197.37,600,197.11,400,197.01,100,196.74,600,198.58,200,198.82,500,198.83,300,198.84,300,198.85,300,199.26,600,199.27,100,199.35,500,199.36,100,199.37,1200
2026-02-05 09:34:40,198.455,198.58,1,198.12,500,198.79,400,198.79,198.12,198.12,500,197.96,200,197.95,400,197.79,100,197.78,400,197.77,700,197.74,200,197.5,100,197.37,600,197.11,400,198.79,400,198.82,500,198.83,300,198.84,300,198.85,300,199.26,600,199.27,100,199.35,500,199.36,100,199.37,1200
2026-02-05 09:34:41,198.45,198.44,1,198.12,500,198.78,400,198.78,198.12,198.12,500,197.96,200,197.95,400,197.79,100,197.78,400,197.77,700,197.74,200,197.5,100,197.37,600,197.11,400,198.78,400,198.79,500,198.82,500,198.83,300,198.84,300,198.85,300,199.26,600,199.27,100,199.35,500,199.36,100
2026-02-05 09:34:42,198.45,198.45,1,198.12,200,198.78,500,198.78,198.12,198.12,200,197.95,600,197.79,100,197.78,400,197.77,700,197.74,200,197.5,100,197.37,600,197.11,400,197.01,100,198.78,500,198.79,500,198.82,500,198.83,300,198.84,300,198.85,300,199.26,600,199.27,100,199.35,500,199.36,100
2026-02-05 09:34:43,198.31,198.38,1,198.12,200,198.5,400,198.5,198.12,198.12,200,197.95,600,197.79,100,197.78,400,197.77,700,197.74,200,197.5,100,197.37,600,197.11,400,197.01,100,198.5,400,198.78,500,198.79,500,198.82,500,198.83,300,198.84,300,198.85,300,199.26,600,199.27,100,199.35,500
2026-02-05 09:34:44,198.31,198.45,1,198.12,200,198.5,400,198.5,198.12,198.12,200,197.95,600,197.79,100,197.78,400,197.77,700,197.74,200,197.5,100,197.37,600,197.11,400,197.01,100,198.5,400,198.78,500,198.79,500,198.82,500,198.83,300,198.84,300,198.85,300,199.26,600,199.27,100,199.35,500
2026-02-05 09:34:45,198.45,198.49,1,198.12,200,198.78,600,198.78,198.12,198.12,200,197.95,600,197.79,100,197.78,400,197.77,700,197.74,200,197.5,100,197.37,600,197.11,400,197.01,100,198.78,600,198.79,500,198.82,500,198.83,300,198.84,300,198.85,300,199.26,600,199.27,100,199.35,500,199.36,100
2026-02-05 09:34:46,198.45,198.45,1,198.12,200,198.78,600,198.78,198.12,198.12,200,197.95,600,197.79,100,197.78,400,197.77,700,197.74,200,197.5,100,197.37,600,197.11,400,197.01,100,198.78,600,198.79,500,198.82,500,198.83,300,198.84,300,198.85,300,199.26,600,199.27,100,199.35,500,199.36,100
2026-02-05 09:34:47,198.45,198.45,1,198.12,200,198.78,600,198.78,198.12,198.12,200,197.95,600,197.79,100,197.78,400,197.77,700,197.74,200,197.5,100,197.37,600,197.11,400,197.01,100,198.78,600,198.79,500,198.82,500,198.83,300,198.84,300,198.85,300,199.26,600,199.27,100,199.35,500,199.36,100
2026-02-05 09:34:48,198.45,198.45,1,198.12,500,198.78,600,198.78,198.12,198.12,500,197.95,600,197.79,100,197.78,400,197.77,700,197.74,200,197.5,100,197.37,600,197.11,400,197.01,100,198.78,600,198.79,500,198.82,500,198.83,300,198.84,300,198.85,300,199.26,600,199.27,100,199.35,500,199.36,100
2026-02-05 09:34:49,198.45,198.45,1,198.12,500,198.78,600,198.78,198.12,198.12,500,197.95,600,197.79,100,197.78,400,197.77,700,197.74,200,197.5,100,197.37,600,197.11,400,197.01,100,198.78,600,198.79,500,198.82,500,198.83,300,198.84,300,198.85,300,199.26,600,199.27,100,199.35,500,199.36,100
2026-02-05 09:34:50,198.45,198.45,1,198.12,500,198.78,600,198.78,198.12,198.12,500,197.95,600,197.79,100,197.78,400,197.77,700,197.74,200,197.5,100,197.37,600,197.11,400,197.01,100,198.78,600,198.79,500,198.82,500,198.83,300,198.84,300,198.85,300,199.26,600,199.27,100,199.35,500,199.36,100
2026-02-05 09:34:51,198.44,198.45,1,198.12,500,198.76,400,198.76,198.12,198.12,500,197.95,600,197.79,100,197.78,400,197.77,700,197.74,200,197.5,100,197.37,600,197.11,400,197.01,100,198.76,400,198.77,400,198.78,600,198.79,500,198.82,500,198.83,300,198.84,300,198.85,300,199.26,600,199.27,100
2026-02-05 09:34:52,198.795,198.76,1,198.6,300,198.99,300,198.99,198.6,198.6,300,198.54,300,198.43,200,198.12,500,197.95,600,197.79,100,197.78,400,197.77,700,197.74,200,197.5,100,198.99,300,199.0,400,199.26,600,199.27,100,199.35,500,199.36,100,199.37,1200,,,,,,
2026-02-05 09:34:53,198.795,198.8,1,198.6,300,198.99,400,198.99,198.6,198.6,300,198.54,300,198.43,200,198.12,500,197.95,600,197.79,100,197.78,400,197.77,700,197.74,200,197.5,100,198.99,400,199.0,400,199.26,600,199.27,100,199.35,500,199.36,100,199.37,1200,,,,,,
2026-02-05 09:34:54,198.795,198.8,1,198.6,300,198.99,400,198.99,198.6,198.6,300,198.54,300,198.43,200,198.12,500,197.95,600,197.79,100,197.78,400,197.77,700,197.74,200,197.5,100,198.99,400,199.0,400,199.26,600,199.27,100,199.35,500,199.36,100,199.37,1200,,,,,,
2026-02-05 09:34:55,198.795,198.8,1,198.6,300,198.99,400,198.99,198.6,198.6,300,198.54,300,198.43,200,198.12,500,197.95,600,197.79,100,197.78,400,197.77,700,197.74,200,197.5,100,198.99,400,199.0,400,199.26,600,199.27,100,199.35,500,199.36,100,199.37,1200,,,,,,
2026-02-05 09:34:56,198.795,198.8,1,198.6,200,198.99,400,198.99,198.6,198.6,200,198.54,300,198.43,200,198.12,500,197.95,600,197.79,100,197.78,400,197.77,700,197.74,200,197.5,100,198.99,400,199.0,400,199.26,600,199.27,100,199.35,500,199.36,100,199.37,1200,,,,,,
2026-02-05 09:34:57,198.795,198.8,1,198.6,200,198.99,400,198.99,198.6,198.6,200,198.54,300,198.43,200,198.12,500,197.95,600,197.79,100,197.78,400,197.77,700,197.74,200,197.5,100,198.99,400,199.0,400,199.26,600,199.27,100,199.35,500,199.36,100,199.37,1200,,,,,,
2026-02-05 09:34:58,198.845,198.87,1,198.7,500,198.99,200,198.99,198.7,198.7,500,198.61,200,198.6,500,198.54,300,198.43,200,198.12,500,197.95,600,197.79,100,197.78,400,197.77,700,198.99,200,199.39,300,,,,,,,,,,,,,,,,
2026-02-05 09:34:59,199.04,198.89,1,198.77,300,199.31,600,199.31,198.77,198.77,300,198.7,500,198.61,200,198.6,500,198.54,300,198.43,200,198.12,500,197.95,600,197.79,100,197.78,400,199.31,600,199.39,300,,,,,,,,,,,,,,,,
2026-02-05 09:35:00,198.96,199.13,1,198.77,300,199.15,800,199.15,198.77,198.77,300,198.7,500,198.61,200,198.6,500,198.54,300,198.43,200,198.12,500,197.95,600,197.79,100,197.78,400,199.15,800,199.16,900,199.18,1000,199.3,200,199.31,600,199.39,300,,,,,,,,
2026-02-05 09:35:01,199.075,199.2,1,198.87,400,199.28,400,199.28,198.87,198.87,400,198.78,100,198.77,300,198.7,500,198.61,200,198.6,500,198.54,300,198.43,200,198.12,500,197.95,600,199.28,400,199.29,400,199.3,200,199.31,600,199.39,300,,,,,,,,,,
2026-02-05 09:35:02,199.055,199.18,1,198.87,500,199.24,400,199.24,198.87,198.87,500,198.78,100,198.77,300,198.7,500,198.61,200,198.6,500,198.54,300,198.43,200,198.12,500,197.95,600,199.24,400,199.28,400,199.29,400,199.3,200,199.31,600,199.39,300,,,,,,,,
2026-02-05 09:35:03,199.31,199.4,1,199.06,300,199.56,200,199.56,199.06,199.06,300,198.96,300,198.87,500,198.78,100,198.77,300,198.7,500,198.61,200,198.6,500,198.54,300,198.43,200,199.56,200,,,,,,,,,,,,,,,,,,
2026-02-05 09:35:04,199.445,199.49,1,199.19,200,199.7,300,199.7,199.19,199.19,200,199.06,300,198.96,300,198.87,500,198.78,100,198.77,300,198.7,500,198.61,200,198.6,500,198.54,300,199.7,300,,,,,,,,,,,,,,,,,,
2026-02-05 09:35:05,199.425,199.43,1,199.19,200,199.66,200,199.66,199.19,199.19,200,199.06,300,198.96,300,198.87,500,198.78,100,198.77,300,198.7,500,198.61,200,198.6,500,198.54,300,199.66,200,199.7,300,,,,,,,,,,,,,,,,
2026-02-05 09:35:06,199.445,199.42,1,199.24,100,199.65,200,199.65,199.24,199.24,100,199.19,200,199.06,300,198.96,300,198.87,500,198.78,100,198.77,300,198.7,500,198.61,200,198.6,500,199.65,200,199.66,200,199.7,300,,,,,,,,,,,,,,
2026-02-05 09:35:07,199.31,199.22,1,199.06,300,199.56,100,199.56,199.06,199.06,300,199.03,100,198.96,300,198.87,500,198.78,100,198.77,300,198.7,500,198.61,200,198.6,500,198.54,300,199.56,100,199.65,200,199.66,200,199.7,300,,,,,,,,,,,,
2026-02-05 09:35:08,199.31,199.12,3,199.06,300,199.56,300,199.56,199.06,199.06,300,199.03,100,198.96,300,198.87,500,198.78,100,198.77,300,198.7,500,198.61,200,198.6,500,198.54,300,199.56,300,199.65,200,199.66,200,199.7,300,,,,,,,,,,,,
2026-02-05 09:35:09,199.31,199.12,3,199.06,300,199.56,300,199.56,199.06,199.06,300,199.03,100,198.96,300,198.87,500,198.78,100,198.77,300,198.7,500,198.61,200,198.6,500,198.54,300,199.56,300,199.65,200,199.66,200,199.7,300,,,,,,,,,,,,
2026-02-05 09:35:10,199.055,199.04,2,198.81,200,199.3,500,199.3,198.81,198.81,200,198.78,100,198.77,300,198.7,500,198.61,200,198.6,500,198.54,300,198.43,200,198.12,500,197.95,600,199.3,500,199.56,700,199.65,200,199.66,200,199.7,300,,,,,,,,,,
2026-02-05 09:35:11,199.055,199.16,1,198.81,200,199.3,400,199.3,198.81,198.81,200,198.78,100,198.77,300,198.7,500,198.61,200,198.6,500,198.54,300,198.43,200,198.12,500,197.95,600,199.3,400,199.56,700,199.65,200,199.66,200,199.7,300,,,,,,,,,,
2026-02-05 09:35:12,199.17,199.17,1,199.04,100,199.3,400,199.3,199.04,199.04,100,198.81,200,198.78,100,198.77,300,198.7,500,198.61,200,198.6,500,198.54,300,198.43,200,198.12,500,199.3,400,199.56,700,199.65,200,199.66,200,199.7,300,,,,,,,,,,
2026-02-05 09:35:13,199.275,199.29,1,198.99,100,199.56,800,199.56,198.99,198.99,100,198.81,200,198.78,100,198.77,300,198.7,500,198.61,200,198.6,500,198.54,300,198.43,200,198.12,500,199.56,800,199.65,200,199.66,200,199.7,300,,,,,,,,,,,,
2026-02-05 09:35:14,199.235,199.29,1,198.92,100,199.55,300,199.55,198.92,198.92,100,198.81,200,198.78,100,198.77,300,198.7,500,198.61,200,198.6,500,198.54,300,198.43,200,198.12,500,199.55,300,199.56,800,199.65,200,199.66,200,199.7,300,,,,,,,,,,
2026-02-05 09:35:15,199.2,198.92,1,198.86,100,199.54,500,199.54,198.86,198.86,100,198.81,200,198.78,100,198.77,300,198.7,500,198.61,200,198.6,500,198.54,300,198.43,200,198.12,500,199.54,500,199.55,300,199.56,800,199.65,200,199.66,200,199.7,300,,,,,,,,
2026-02-05 09:35:16,199.2,198.92,1,198.86,100,199.54,400,199.54,198.86,198.86,100,198.81,200,198.78,100,198.77,300,198.7,500,198.61,200,198.6,500,198.54,300,198.43,200,198.12,500,199.54,400,199.55,300,199.56,800,199.65,200,199.66,200,199.7,300,,,,,,,,
2026-02-05 09:35:17,199.265,199.19,1,198.99,200,199.54,400,199.54,198.99,198.99,200,198.86,100,198.81,200,198.78,100,198.77,300,198.7,500,198.61,200,198.6,500,198.54,300,198.43,200,199.54,400,199.55,300,199.56,800,199.65,200,199.66,200,199.7,300,,,,,,,,
2026-02-05 09:35:18,199.285,199.49,2,199.03,200,199.54,500,199.54,199.03,199.03,200,198.99,200,198.86,100,198.81,200,198.78,100,198.77,300,198.7,500,198.61,200,198.6,500,198.54,300,199.54,500,199.55,300,199.56,800,199.65,200,199.66,200,199.7,300,,,,,,,,
2026-02-05 09:35:19,199.28,199.28,1,199.03,200,199.53,500,199.53,199.03,199.03,200,198.99,200,198.86,100,198.81,200,198.78,100,198.77,300,198.7,500,198.61,200,198.6,500,198.54,300,199.53,500,199.54,400,199.55,300,199.56,800,199.65,200,199.66,200,199.7,300,,,,,,
2026-02-05 09:35:20,199.28,199.27,1,199.03,200,199.53,400,199.53,199.03,199.03,200,198.99,200,198.86,100,198.81,200,198.78,100,198.77,300,198.7,500,198.61,200,198.6,500,198.54,300,199.53,400,199.54,400,199.55,300,199.56,800,199.65,200,199.66,200,199.7,300,,,,,,
2026-02-05 09:35:21,199.205,199.36,1,199.06,100,199.35,300,199.35,199.06,199.06,100,199.03,400,198.99,200,198.86,100,198.81,200,198.78,100,198.77,300,198.7,500,198.61,200,198.6,500,199.35,300,199.36,300,199.37,300,199.38,300,199.39,300,199.4,300,199.41,300,199.53,400,199.54,400,199.55,300
2026-02-05 09:35:22,199.295,199.19,1,199.06,100,199.53,600,199.53,199.06,199.06,100,199.03,400,198.99,200,198.86,100,198.81,200,198.78,100,198.77,300,198.7,500,198.61,200,198.6,500,199.53,600,199.54,400,199.55,300,199.56,800,199.65,200,199.66,200,199.7,300,,,,,,
2026-02-05 09:35:23,199.295,199.3,1,199.06,100,199.53,600,199.53,199.06,199.06,100,199.03,400,198.99,200,198.86,100,198.81,200,198.78,100,198.77,300,198.7,500,198.61,200,198.6,500,199.53,600,199.54,400,199.55,300,199.56,800,199.65,200,199.66,200,199.7,300,,,,,,
2026-02-05 09:35:24,199.035,198.98,1,198.77,400,199.3,500,199.3,198.77,198.77,400,198.7,500,198.61,200,198.6,500,198.54,300,198.43,200,198.12,500,197.95,600,197.79,100,197.78,400,199.3,500,199.53,700,199.54,400,199.55,300,199.56,800,199.65,200,199.66,200,199.7,300,,,,
2026-02-05 09:35:25,198.765,198.77,1,198.5,100,199.03,400,199.03,198.5,198.5,100,198.43,200,198.12,500,197.95,600,197.79,100,197.78,400,197.77,700,197.74,200,197.5,100,197.37,600,199.03,400,199.3,500,199.53,700,199.54,400,199.55,300,199.56,800,199.65,200,199.66,200,199.7,300,,
2026-02-05 09:35:26,198.765,199.03,1,198.5,100,199.03,700,199.03,198.5,198.5,100,198.43,200,198.12,500,197.95,600,197.79,100,197.78,400,197.77,700,197.74,200,197.5,100,197.37,600,199.03,700,199.3,500,199.53,700,199.54,400,199.55,300,199.56,800,199.65,200,199.66,200,199.7,300,,
2026-02-05 09:35:27,198.765,199.03,1,198.5,100,199.03,700,199.03,198.5,198.5,100,198.43,200,198.12,500,197.95,600,197.79,100,197.78,400,197.77,700,197.74,200,197.5,100,197.37,600,199.03,700,199.3,500,199.53,700,199.54,400,199.55,300,199.56,800,199.65,200,199.66,200,199.7,300,,
2026-02-05 09:35:28,198.63,198.63,1,198.24,100,199.02,800,199.02,198.24,198.24,100,198.12,600,197.95,600,197.79,100,197.78,400,197.77,700,197.74,200,197.5,100,197.37,600,197.11,400,199.02,800,199.03,700,199.3,500,199.53,700,199.54,400,199.55,300,199.56,800,199.65,200,199.66,200,199.7,300
2026-02-05 09:35:29,198.63,198.24,4,198.24,200,199.02,1000,199.02,198.24,198.24,200,198.12,600,197.95,600,197.79,100,197.78,400,197.77,700,197.74,200,197.5,100,197.37,600,197.11,400,199.02,1000,199.03,700,199.3,500,199.53,700,199.54,400,199.55,300,199.56,800,199.65,200,199.66,200,199.7,300
2026-02-05 09:35:30,198.63,198.24,4,198.24,200,199.02,900,199.02,198.24,198.24,200,198.12,600,197.95,600,197.79,100,197.78,400,197.77,700,197.74,200,197.5,100,197.37,600,197.11,400,199.02,900,199.03,700,199.3,500,199.53,700,199.54,400,199.55,300,199.56,800,199.65,200,199.66,200,199.7,300
2026-02-05 09:35:31,198.615,198.71,1,198.24,200,198.99,200,198.99,198.24,198.24,200,198.12,600,197.95,600,197.79,100,197.78,400,197.77,700,197.74,200,197.5,100,197.37,600,197.11,400,198.99,200,199.0,300,199.01,200,199.02,900,199.03,700,199.3,500,199.53,700,199.54,400,199.55,300,199.56,800
2026-02-05 09:35:32,198.595,198.6,1,198.24,400,198.95,400,198.95,198.24,198.24,400,198.12,600,197.95,600,197.79,100,197.78,400,197.77,700,197.74,200,197.5,100,197.37,600,197.11,400,198.95,400,198.96,300,198.97,200,198.98,400,198.99,300,199.0,300,199.01,200,199.02,900,199.03,700,199.3,500
2026-02-05 09:35:33,198.595,198.45,1,198.24,400,198.95,400,198.95,198.24,198.24,400,198.12,600,197.95,600,197.79,100,197.78,400,197.77,700,197.74,200,197.5,100,197.37,600,197.11,400,198.95,400,198.96,300,198.97,200,198.98,400,198.99,300,199.0,300,199.01,200,199.02,900,199.03,700,199.3,500
2026-02-05 09:35:34,198.57,198.93,1,198.24,400,198.9,400,198.9,198.24,198.24,400,198.12,600,197.95,600,197.79,100,197.78,400,197.77,700,197.74,200,197.5,100,197.37,600,197.11,400,198.9,400,198.91,800,198.92,400,198.93,400,198.94,400,198.95,500,198.96,300,198.97,200,198.98,400,198.99,300
2026-02-05 09:35:35,198.55,198.93,1,198.24,400,198.86,700,198.86,198.24,198.24,400,198.12,600,197.95,600,197.79,100,197.78,400,197.77,700,197.74,200,197.5,100,197.37,600,197.11,400,198.86,700,198.87,700,198.88,500,198.89,800,198.9,400,198.91,800,198.92,400,198.93,400,198.94,400,198.95,500
2026-02-05 09:35:36,198.53,198.93,1,198.24,400,198.82,600,198.82,198.24,198.24,400,198.12,600,197.95,600,197.79,100,197.78,400,197.77,700,197.74,200,197.5,100,197.37,600,197.11,400,198.82,600,198.83,700,198.84,700,198.85,700,198.86,1100,198.87,700,198.88,500,198.89,800,198.9,400,198.91,800
2026-02-05 09:35:37,198.325,198.34,3,198.17,100,198.48,200,198.48,198.17,198.17,100,198.09,100,197.95,600,197.79,100,197.78,400,197.77,700,197.74,200,197.5,100,197.37,600,197.11,400,198.48,200,198.49,200,198.5,300,198.51,200,198.52,200,198.53,200,198.57,300,198.68,700,198.7,400,198.82,600
2026-02-05 09:35:38,198.255,198.26,1,198.09,100,198.42,300,198.42,198.09,198.09,100,197.95,600,197.79,100,197.78,400,197.77,700,197.74,200,197.5,100,197.37,600,197.11,400,197.01,100,198.42,300,198.43,500,198.44,400,198.45,200,198.46,200,198.47,200,198.48,200,198.49,200,198.5,300,198.51,200
2026-02-05 09:35:39,198.25,198.08,1,198.08,100,198.42,300,198.42,198.08,198.08,100,197.92,100,197.79,100,197.78,400,197.77,700,197.74,200,197.5,100,197.37,600,197.11,400,197.01,100,198.42,300,198.43,500,198.44,400,198.45,200,198.46,200,198.47,200,198.48,200,198.49,200,198.5,300,198.51,200
2026-02-05 09:35:40,198.25,198.25,1,198.08,200,198.42,400,198.42,198.08,198.08,200,197.92,100,197.79,100,197.78,400,197.77,700,197.74,200,197.5,100,197.37,600,197.11,400,197.01,100,198.42,400,198.43,500,198.44,400,198.45,200,198.46,200,198.47,200,198.48,200,198.49,200,198.5,300,198.51,200
2026-02-05 09:35:41,198.23,198.24,3,198.08,200,198.38,200,198.38,198.08,198.08,200,197.92,100,197.79,100,197.78,400,197.77,700,197.74,200,197.5,100,197.37,600,197.11,400,197.01,100,198.38,200,198.39,200,198.4,200,198.41,200,198.42,400,198.43,500,198.44,400,198.45,200,198.46,200,198.47,200
2026-02-05 09:35:42,198.66,198.46,1,198.26,100,199.06,200,199.06,198.26,198.26,100,198.08,200,197.92,100,197.79,100,197.78,400,197.77,700,197.74,200,197.5,100,197.37,600,197.11,400,199.06,200,199.11,700,199.3,500,199.53,700,199.54,400,199.55,300,199.56,800,199.65,200,199.66,200,199.7,300
2026-02-05 09:35:43,198.57,198.57,1,198.08,200,199.06,300,199.06,198.08,198.08,200,197.92,100,197.79,100,197.78,400,197.77,700,197.74,200,197.5,100,197.37,600,197.11,400,197.01,100,199.06,300,199.11,700,199.3,500,199.53,700,199.54,400,199.55,300,199.56,800,199.65,200,199.66,200,199.7,300
2026-02-05 09:35:44,198.52,198.52,1,198.08,200,198.96,300,198.96,198.08,198.08,200,197.92,100,197.79,100,197.78,400,197.77,700,197.74,200,197.5,100,197.37,600,197.11,400,197.01,100,198.96,300,199.0,600,199.06,300,199.11,700,199.3,500,199.53,700,199.54,400,199.55,300,199.56,800,199.65,200
2026-02-05 09:35:45,198.61,198.43,1,198.26,200,198.96,600,198.96,198.26,198.26,200,198.08,200,197.92,100,197.79,100,197.78,400,197.77,700,197.74,200,197.5,100,197.37,600,197.11,400,198.96,600,199.0,600,199.06,300,199.11,700,199.3,500,199.53,700,199.54,400,199.55,300,199.56,800,199.65,200
2026-02-05 09:35:46,198.61,198.26,2,198.26,200,198.96,600,198.96,198.26,198.26,200,198.08,200,197.92,100,197.79,100,197.78,400,197.77,700,197.74,200,197.5,100,197.37,600,197.11,400,198.96,600,199.0,600,199.06,300,199.11,700,199.3,500,199.53,700,199.54,400,199.55,300,199.56,800,199.65,200
2026-02-05 09:35:47,198.61,198.26,2,198.26,200,198.96,600,198.96,198.26,198.26,200,198.08,200,197.92,100,197.79,100,197.78,400,197.77,700,197.74,200,197.5,100,197.37,600,197.11,400,198.96,600,199.0,600,199.06,300,199.11,700,199.3,500,199.53,700,199.54,400,199.55,300,199.56,800,199.65,200
2026-02-05 09:35:48,198.61,198.61,1,198.26,200,198.96,800,198.96,198.26,198.26,200,198.08,200,197.92,100,197.79,100,197.78,400,197.77,700,197.74,200,197.5,100,197.37,600,197.11,400,198.96,800,199.0,600,199.06,300,199.11,700,199.3,500,199.53,700,199.54,400,199.55,300,199.56,800,199.65,200
2026-02-05 09:35:49,198.38,198.23,4,198.23,100,198.53,400,198.53,198.23,198.23,100,198.08,300,197.92,100,197.79,100,197.78,400,197.77,700,197.74,200,197.5,100,197.37,600,197.11,400,198.53,400,198.81,200,198.96,700,199.0,600,199.06,300,199.11,700,199.3,500,199.53,700,199.54,400,199.55,300
2026-02-05 09:35:50,198.305,198.31,1,198.08,300,198.53,400,198.53,198.08,198.08,300,197.92,100,197.79,100,197.78,400,197.77,700,197.74,200,197.5,100,197.37,600,197.11,400,197.01,100,198.53,400,198.81,200,198.96,700,199.0,600,199.06,300,199.11,700,199.3,500,199.53,700,199.54,400,199.55,300
2026-02-05 09:35:51,198.28,198.08,1,198.08,300,198.48,500,198.48,198.08,198.08,300,197.92,100,197.79,100,197.78,400,197.77,700,197.74,200,197.5,100,197.37,600,197.11,400,197.01,100,198.48,500,198.49,500,198.5,500,198.51,500,198.52,500,198.53,400,198.81,200,198.96,700,199.0,600,199.06,300
2026-02-05 09:35:52,198.245,198.26,1,198.08,400,198.41,400,198.41,198.08,198.08,400,197.92,100,197.79,100,197.78,400,197.77,700,197.74,200,197.5,100,197.37,600,197.11,400,197.01,100,198.41,400,198.42,400,198.43,500,198.44,400,198.45,400,198.46,400,198.47,500,198.48,500,198.49,500,198.5,500
2026-02-05 09:35:53,198.225,198.09,3,198.08,400,198.37,400,198.37,198.08,198.08,400,197.92,100,197.79,100,197.78,400,197.77,700,197.74,200,197.5,100,197.37,600,197.11,400,197.01,100,198.37,400,198.38,400,198.39,400,198.4,900,198.41,500,198.42,400,198.43,500,198.44,400,198.45,400,198.46,400
2026-02-05 09:35:54,198.2,198.21,1,198.08,500,198.32,400,198.32,198.08,198.08,500,197.92,100,197.79,100,197.78,400,197.77,700,197.74,200,197.5,100,197.37,600,197.11,400,197.01,100,198.32,400,198.33,400,198.34,400,198.35,1000,198.48,1100,198.49,500,198.5,500,198.51,500,198.52,500,198.53,400
2026-02-05 09:35:55,198.21,198.21,1,198.08,400,198.34,300,198.34,198.08,198.08,400,197.92,100,197.79,100,197.78,400,197.77,700,197.74,200,197.5,100,197.37,600,197.11,400,197.01,100,198.34,300,198.35,800,198.48,1100,198.49,500,198.5,500,198.51,500,198.52,500,198.53,400,198.81,200,198.96,700
2026-02-05 09:35:56,198.17,198.17,1,198.0,100,198.34,500,198.34,198.0,198.0,100,197.92,100,197.79,100,197.78,400,197.77,700,197.74,200,197.5,100,197.37,600,197.11,400,197.01,100,198.34,500,198.35,800,198.48,1100,198.49,500,198.5,500,198.51,500,198.52,500,198.53,400,198.81,200,198.96,700
2026-02-05 09:35:57,198.21,198.08,1,198.08,100,198.34,300,198.34,198.08,198.08,100,198.0,100,197.92,100,197.79,100,197.78,400,197.77,700,197.74,200,197.5,100,197.37,600,197.11,400,198.34,300,198.35,800,198.48,1100,198.49,500,198.5,500,198.51,500,198.52,500,198.53,400,198.81,200,198.96,700
2026-02-05 09:35:58,198.215,198.22,1,198.09,200,198.34,700,198.34,198.09,198.09,200,198.08,100,198.0,100,197.92,100,197.79,100,197.78,400,197.77,700,197.74,200,197.5,100,197.37,600,198.34,700,198.35,800,198.48,1100,198.49,500,198.5,500,198.51,500,198.52,500,198.53,400,198.81,200,198.96,700
2026-02-05 09:35:59,198.215,198.22,1,198.09,300,198.34,700,198.34,198.09,198.09,300,198.08,100,198.0,100,197.92,100,197.79,100,197.78,400,197.77,700,197.74,200,197.5,100,197.37,600,198.34,700,198.35,800,198.48,1100,198.49,500,198.5,500,198.51,500,198.52,500,198.53,400,198.81,200,198.96,700
2026-02-05 09:36:00,198.215,198.22,1,198.09,300,198.34,700,198.34,198.09,198.09,300,198.08,100,198.0,100,197.92,100,197.79,100,197.78,400,197.77,700,197.74,200,197.5,100,197.37,600,198.34,700,198.35,800,198.48,1100,198.49,500,198.5,500,198.51,500,198.52,500,198.53,400,198.81,200,198.96,700
2026-02-05 09:36:02,197.925,197.93,1,197.81,200,198.04,700,198.04,197.81,197.81,200,197.5,500,197.37,600,197.11,400,197.01,100,196.74,600,196.57,700,196.49,300,196.28,600,196.19,400,198.04,700,198.05,700,198.06,300,198.07,700,198.08,700,198.09,1300,198.13,100,198.14,200,198.28,100,198.34,700
2026-02-05 09:36:02,197.63,197.63,1,197.5,500,197.76,700,197.76,197.5,197.5,500,197.37,600,197.11,400,197.01,100,196.74,600,196.57,700,196.49,300,196.28,600,196.19,400,196.17,600,197.76,700,197.77,1100,198.0,800,198.01,700,198.02,700,198.03,300,198.04,700,198.05,700,198.06,300,198.07,700
2026-02-05 09:36:04,197.625,197.63,1,197.5,500,197.75,300,197.75,197.5,197.5,500,197.37,600,197.11,400,197.01,100,196.74,600,196.57,700,196.49,300,196.28,600,196.19,400,196.17,600,197.75,300,197.76,1000,197.77,1100,198.0,800,198.01,700,198.02,700,198.03,300,198.04,700,198.05,700,198.06,300
2026-02-05 09:36:05,197.625,197.63,1,197.5,500,197.75,300,197.75,197.5,197.5,500,197.37,600,197.11,400,197.01,100,196.74,600,196.57,700,196.49,300,196.28,600,196.19,400,196.17,600,197.75,300,197.76,1000,197.77,1100,198.0,800,198.01,700,198.02,700,198.03,300,198.04,700,198.05,700,198.06,300
2026-02-05 09:36:06,197.625,197.63,1,197.5,500,197.75,300,197.75,197.5,197.5,500,197.37,600,197.11,400,197.01,100,196.74,600,196.57,700,196.49,300,196.28,600,196.19,400,196.17,600,197.75,300,197.76,1000,197.77,1100,198.0,800,198.01,700,198.02,700,198.03,300,198.04,700,198.05,700,198.06,300
2026-02-05 09:36:06,197.625,197.63,1,197.5,500,197.75,300,197.75,197.5,197.5,500,197.37,600,197.11,400,197.01,100,196.74,600,196.57,700,196.49,300,196.28,600,196.19,400,196.17,600,197.75,300,197.76,1000,197.77,1100,198.0,800,198.01,700,198.02,700,198.03,300,198.04,700,198.05,700,198.06,300
2026-02-05 09:36:07,197.505,197.58,1,197.34,200,197.67,300,197.67,197.34,197.34,200,197.11,400,197.01,100,196.74,600,196.57,700,196.49,300,196.28,600,196.19,400,196.17,600,196.1,700,197.67,300,197.68,400,197.69,800,197.75,700,197.76,1000,197.77,1100,198.0,800,198.01,700,198.02,700,198.03,300
2026-02-05 09:36:08,197.515,197.54,1,197.34,200,197.69,800,197.69,197.34,197.34,200,197.11,400,197.01,100,196.74,600,196.57,700,196.49,300,196.28,600,196.19,400,196.17,600,196.1,700,197.69,800,197.75,700,197.76,1000,197.77,1100,198.0,800,198.01,700,198.02,700,198.03,300,198.04,700,198.05,700
2026-02-05 09:36:09,197.515,197.52,1,197.34,200,197.69,900,197.69,197.34,197.34,200,197.11,400,197.01,100,196.74,600,196.57,700,196.49,300,196.28,600,196.19,400,196.17,600,196.1,700,197.69,900,197.75,700,197.76,1000,197.77,1100,198.0,800,198.01,700,198.02,700,198.03,300,198.04,700,198.05,700
2026-02-05 09:36:11,197.515,197.52,1,197.34,200,197.69,900,197.69,197.34,197.34,200,197.11,400,197.01,100,196.74,600,196.57,700,196.49,300,196.28,600,196.19,400,196.17,600,196.1,700,197.69,900,197.75,700,197.76,1000,197.77,1100,198.0,800,198.01,700,198.02,700,198.03,300,198.04,700,198.05,700
2026-02-05 09:36:12,197.505,197.51,1,197.34,300,197.67,300,197.67,197.34,197.34,300,197.11,400,197.01,100,196.74,600,196.57,700,196.49,300,196.28,600,196.19,400,196.17,600,196.1,700,197.67,300,197.69,900,197.75,700,197.76,1000,197.77,1100,198.0,800,198.01,700,198.02,700,198.03,300,198.04,700
2026-02-05 09:36:13,197.935,197.71,1,197.68,100,198.19,500,198.19,197.68,197.68,100,197.4,100,197.34,300,197.11,400,197.01,100,196.74,600,196.57,700,196.49,300,196.28,600,196.19,400,198.19,500,198.39,400,198.48,1100,198.49,500,198.5,500,198.51,500,198.52,500,198.53,400,198.81,200,198.96,700
2026-02-05 09:36:13,197.94,197.69,1,197.69,200,198.19,400,198.19,197.69,197.69,200,197.68,100,197.4,100,197.34,300,197.11,400,197.01,100,196.74,600,196.57,700,196.49,300,196.28,600,198.19,400,198.39,400,198.48,1100,198.49,500,198.5,500,198.51,500,198.52,500,198.53,400,198.81,200,198.96,700
2026-02-05 09:36:15,197.94,197.74,1,197.69,300,198.19,600,198.19,197.69,197.69,300,197.68,100,197.4,100,197.34,300,197.11,400,197.01,100,196.74,600,196.57,700,196.49,300,196.28,600,198.19,600,198.39,400,198.48,1100,198.49,500,198.5,500,198.51,500,198.52,500,198.53,400,198.81,200,198.96,700
2026-02-05 09:36:16,197.665,197.68,1,197.34,300,197.99,700,197.99,197.34,197.34,300,197.11,400,197.01,100,196.74,600,196.57,700,196.49,300,196.28,600,196.19,400,196.17,600,196.1,700,197.99,700,198.01,100,198.19,700,198.39,400,198.48,1100,198.49,500,198.5,500,198.51,500,198.52,500,198.53,400
2026-02-05 09:36:17,197.665,197.68,1,197.34,300,197.99,800,197.99,197.34,197.34,300,197.11,400,197.01,100,196.74,600,196.57,700,196.49,300,196.28,600,196.19,400,196.17,600,196.1,700,197.99,800,198.01,100,198.19,700,198.39,400,198.48,1100,198.49,500,198.5,500,198.51,500,198.52,500,198.53,400
2026-02-05 09:36:18,197.665,197.67,1,197.34,300,197.99,800,197.99,197.34,197.34,300,197.11,400,197.01,100,196.74,600,196.57,700,196.49,300,196.28,600,196.19,400,196.17,600,196.1,700,197.99,800,198.01,100,198.19,700,198.39,400,198.48,1100,198.49,500,198.5,500,198.51,500,198.52,500,198.53,400
2026-02-05 09:36:19,197.665,197.67,1,197.34,300,197.99,800,197.99,197.34,197.34,300,197.11,400,197.01,100,196.74,600,196.57,700,196.49,300,196.28,600,196.19,400,196.17,600,196.1,700,197.99,800,198.01,100,198.19,700,198.39,400,198.48,1100,198.49,500,198.5,500,198.51,500,198.52,500,198.53,400
2026-02-05 09:36:20,197.665,197.67,1,197.34,600,197.99,800,197.99,197.34,197.34,600,197.11,400,197.01,100,196.74,600,196.57,700,196.49,300,196.28,600,196.19,400,196.17,600,196.1,700,197.99,800,198.01,100,198.19,700,198.39,400,198.48,1100,198.49,500,198.5,500,198.51,500,198.52,500,198.53,400
2026-02-05 09:36:21,197.665,197.45,1,197.34,600,197.99,1100,197.99,197.34,197.34,600,197.11,400,197.01,100,196.74,600,196.57,700,196.49,300,196.28,600,196.19,400,196.17,600,196.1,700,197.99,1100,198.01,100,198.19,700,198.39,400,198.48,1100,198.49,500,198.5,500,198.51,500,198.52,500,198.53,400
2026-02-05 09:36:22,197.62,197.64,1,197.34,600,197.9,300,197.9,197.34,197.34,600,197.11,400,197.01,100,196.74,600,196.57,700,196.49,300,196.28,600,196.19,400,196.17,600,196.1,700,197.9,300,197.91,200,197.92,400,197.93,300,197.99,1100,198.01,100,198.19,700,198.39,400,198.48,1100,198.49,500
2026-02-05 09:36:23,197.62,197.82,1,197.34,700,197.9,300,197.9,197.34,197.34,700,197.11,400,197.01,100,196.74,600,196.57,700,196.49,300,196.28,600,196.19,400,196.17,600,196.1,700,197.9,300,197.91,200,197.92,400,197.93,300,197.99,1100,198.01,100,198.19,700,198.39,400,198.48,1100,198.49,500
2026-02-05 09:36:24,197.62,197.62,1,197.34,700,197.9,300,197.9,197.34,197.34,700,197.11,400,197.01,100,196.74,600,196.57,700,196.49,300,196.28,600,196.19,400,196.17,600,196.1,700,197.9,300,197.91,200,197.92,400,197.93,300,197.99,1100,198.01,100,198.19,700,198.39,400,198.48,1100,198.49,500
2026-02-05 09:36:25,197.615,197.61,1,197.34,700,197.89,300,197.89,197.34,197.34,700,197.11,400,197.01,100,196.74,600,196.57,700,196.49,300,196.28,600,196.19,400,196.17,600,196.1,700,197.89,300,197.9,300,197.91,200,197.92,400,197.93,300,197.99,1100,198.01,100,198.19,700,198.39,400,198.48,1100
2026-02-05 09:36:26,197.61,197.61,1,197.34,700,197.88,300,197.88,197.34,197.34,700,197.11,400,197.01,100,196.74,600,196.57,700,196.49,300,196.28,600,196.19,400,196.17,600,196.1,700,197.88,300,197.89,700,197.9,300,197.91,200,197.92,400,197.93,300,197.99,1100,198.01,100,198.19,700,198.39,400
2026-02-05 09:36:27,197.6,197.35,1,197.34,700,197.86,600,197.86,197.34,197.34,700,197.11,400,197.01,100,196.74,600,196.57,700,196.49,300,196.28,600,196.19,400,196.17,600,196.1,700,197.86,600,197.87,400,197.88,300,197.89,700,197.9,300,197.91,200,197.92,400,197.93,300,197.99,1100,198.01,100
2026-02-05 09:36:28,197.455,197.4,1,197.34,400,197.57,200,197.57,197.34,197.34,400,197.11,400,197.01,100,196.74,600,196.57,700,196.49,300,196.28,600,196.19,400,196.17,600,196.1,700,197.57,200,197.58,400,197.59,100,197.64,200,197.65,300,197.81,300,197.82,300,197.83,300,197.84,200,197.85,400
2026-02-05 09:36:29,197.15,197.25,1,197.0,200,197.3,400,197.3,197.0,197.0,200,196.74,600,196.57,700,196.49,300,196.28,600,196.19,400,196.17,600,196.1,700,196.06,400,195.85,200,197.3,400,197.31,100,197.39,100,197.46,400,197.57,500,197.58,400,197.59,100,197.64,200,197.65,300,197.81,300
2026-02-05 09:36:30,197.39,197.16,1,197.11,100,197.67,300,197.67,197.11,197.11,100,197.01,100,197.0,300,196.74,600,196.57,700,196.49,300,196.28,600,196.19,400,196.17,600,196.1,700,197.67,300,197.81,300,197.82,300,197.83,300,197.84,200,197.85,400,197.86,600,197.87,400,197.88,300,197.89,700
2026-02-05 09:36:31,197.39,197.16,1,197.11,100,197.67,300,197.67,197.11,197.11,100,197.01,100,197.0,300,196.74,600,196.57,700,196.49,300,196.28,600,196.19,400,196.17,600,196.1,700,197.67,300,197.81,300,197.82,300,197.83,300,197.84,200,197.85,400,197.86,600,197.87,400,197.88,300,197.89,700
2026-02-05 09:36:32,197.37,197.38,1,197.08,100,197.66,500,197.66,197.08,197.08,100,197.01,100,197.0,300,196.74,600,196.57,700,196.49,300,196.28,600,196.19,400,196.17,600,196.1,700,197.66,500,197.67,300,197.81,300,197.82,300,197.83,300,197.84,200,197.85,400,197.86,600,197.87,400,197.88,300
2026-02-05 09:36:33,197.365,197.37,1,197.08,300,197.65,400,197.65,197.08,197.08,300,197.01,100,197.0,300,196.74,600,196.57,700,196.49,300,196.28,600,196.19,400,196.17,600,196.1,700,197.65,400,197.66,1000,197.67,300,197.81,300,197.82,300,197.83,300,197.84,200,197.85,400,197.86,600,197.87,400
2026-02-05 09:36:34,197.365,197.37,1,197.08,300,197.65,400,197.65,197.08,197.08,300,197.01,100,197.0,300,196.74,600,196.57,700,196.49,300,196.28,600,196.19,400,196.17,600,196.1,700,197.65,400,197.66,1000,197.67,300,197.81,300,197.82,300,197.83,300,197.84,200,197.85,400,197.86,600,197.87,400
2026-02-05 09:36:35,197.44,197.45,1,197.24,100,197.64,300,197.64,197.24,197.24,100,197.1,100,197.08,300,197.01,100,197.0,300,196.74,600,196.57,700,196.49,300,196.28,600,196.19,400,197.64,300,197.65,100,197.66,1000,197.67,300,197.81,300,197.82,300,197.83,300,197.84,200,197.85,400,197.86,600
2026-02-05 09:36:36,197.605,197.85,1,197.35,100,197.86,800,197.86,197.35,197.35,100,197.24,100,197.1,100,197.08,300,197.01,100,197.0,300,196.74,600,196.57,700,196.49,300,196.28,600,197.86,800,197.87,400,197.88,300,197.89,700,197.9,300,197.91,200,197.92,400,197.93,300,197.99,1100,198.01,100
2026-02-05 09:36:37,197.665,197.81,1,197.47,300,197.86,800,197.86,197.47,197.47,300,197.35,100,197.24,100,197.1,100,197.08,300,197.01,100,197.0,300,196.74,600,196.57,700,196.49,300,197.86,800,197.87,400,197.88,300,197.89,700,197.9,300,197.91,200,197.92,400,197.93,300,197.99,1100,198.01,100
2026-02-05 09:36:38,197.665,197.81,1,197.47,400,197.86,800,197.86,197.47,197.47,400,197.35,100,197.24,100,197.1,100,197.08,300,197.01,100,197.0,300,196.74,600,196.57,700,196.49,300,197.86,800,197.87,400,197.88,300,197.89,700,197.9,300,197.91,200,197.92,400,197.93,300,197.99,1100,198.01,100
2026-02-05 09:36:39,197.87,197.76,1,197.71,100,198.03,400,198.03,197.71,197.71,100,197.58,100,197.48,100,197.47,400,197.35,100,197.24,100,197.1,100,197.08,300,197.01,100,197.0,300,198.03,400,198.19,700,198.39,400,198.48,1100,198.49,500,198.5,500,198.51,500,198.52,500,198.53,400,198.81,200
2026-02-05 09:36:40,197.87,197.87,1,197.71,100,198.03,400,198.03,197.71,197.71,100,197.58,100,197.48,100,197.47,400,197.35,100,197.24,100,197.1,100,197.08,300,197.01,100,197.0,300,198.03,400,198.19,700,198.39,400,198.48,1100,198.49,500,198.5,500,198.51,500,198.52,500,198.53,400,198.81,200
2026-02-05 09:36:41,197.87,197.87,1,197.71,100,198.03,400,198.03,197.71,197.71,100,197.58,100,197.48,100,197.47,400,197.35,100,197.24,100,197.1,100,197.08,300,197.01,100,197.0,300,198.03,400,198.19,700,198.39,400,198.48,1100,198.49,500,198.5,500,198.51,500,198.52,500,198.53,400,198.81,200
2026-02-05 09:36:42,197.85,197.85,1,197.71,400,197.99,200,197.99,197.71,197.71,400,197.58,100,197.48,100,197.47,400,197.35,100,197.24,100,197.1,100,197.08,300,197.01,100,197.0,300,197.99,200,198.03,400,198.19,700,198.39,400,198.48,1100,198.49,500,198.5,500,198.51,500,198.52,500,198.53,400
2026-02-05 09:36:43,197.85,197.85,1,197.71,400,197.99,300,197.99,197.71,197.71,400,197.58,100,197.48,100,197.47,400,197.35,100,197.24,100,197.1,100,197.08,300,197.01,100,197.0,300,197.99,300,198.03,400,198.19,700,198.39,400,198.48,1100,198.49,500,198.5,500,198.51,500,198.52,500,198.53,400
2026-02-05 09:36:44,197.85,197.92,3,197.71,400,197.99,300,197.99,197.71,197.71,400,197.58,100,197.48,100,197.47,400,197.35,100,197.24,100,197.1,100,197.08,300,197.01,100,197.0,300,197.99,300,198.03,400,198.19,700,198.39,400,198.48,1100,198.49,500,198.5,500,198.51,500,198.52,500,198.53,400
2026-02-05 09:36:45,197.85,197.92,3,197.71,600,197.99,300,197.99,197.71,197.71,600,197.58,100,197.48,100,197.47,400,197.35,100,197.24,100,197.1,100,197.08,300,197.01,100,197.0,300,197.99,300,198.03,400,198.19,700,198.39,400,198.48,1100,198.49,500,198.5,500,198.51,500,198.52,500,198.53,400
