sim_time,mid_price,last_price,last_size,best_bid_price,best_bid_size,best_ask_price,best_ask_size,close_price_buy,close_price_sell,bid1_price,bid1_size,bid2_price,bid2_size,bid3_price,bid3_size,bid4_price,bid4_size,bid5_price,bid5_size,bid6_price,bid6_size,bid7_price,bid7_size,bid8_price,bid8_size,bid9_price,bid9_size,bid10_price,bid10_size,ask1_price,ask1_size,ask2_price,ask2_size,ask3_price,ask3_size,ask4_price,ask4_size,ask5_price,ask5_size,ask6_price,ask6_size,ask7_price,ask7_size,ask8_price,ask8_size,ask9_price,ask9_size,ask10_price,ask10_size
2020-10-29 09:30:25,241.885,241.76,1,241.47,3,242.3,7,242.3,241.47,241.47,3,241.26,1,,,,,,,,,,,,,,,,,242.3,7,242.31,2,242.39,1,242.45,3,242.64,1,242.76,2,242.77,2,242.94,2,242.99,1,243.22,1
2020-10-29 09:30:26,241.885,241.76,1,241.47,3,242.3,7,242.3,241.47,241.47,3,241.26,1,,,,,,,,,,,,,,,,,242.3,7,242.31,2,242.39,1,242.45,3,242.64,1,242.76,2,242.77,2,242.94,2,242.99,1,243.22,1
2020-10-29 09:30:27,241.885,241.76,1,241.47,3,242.3,7,242.3,241.47,241.47,3,241.26,1,,,,,,,,,,,,,,,,,242.3,7,242.31,2,242.39,1,242.45,3,242.64,1,242.76,2,242.77,2,242.94,2,242.99,1,243.22,1
2020-10-29 09:30:28,241.885,241.76,1,241.47,3,242.3,7,242.3,241.47,241.47,3,241.26,1,,,,,,,,,,,,,,,,,242.3,7,242.31,2,242.39,1,242.45,3,242.64,1,242.76,2,242.77,2,242.94,2,242.99,1,243.22,1
2020-10-29 09:30:29,241.885,241.76,1,241.47,3,242.3,7,242.3,241.47,241.47,3,241.26,1,,,,,,,,,,,,,,,,,242.3,7,242.31,2,242.39,1,242.45,3,242.64,1,242.76,2,242.77,2,242.94,2,242.99,1,243.22,1
2020-10-29 09:30:30,241.885,241.76,1,241.47,3,242.3,7,242.3,241.47,241.47,3,241.26,1,,,,,,,,,,,,,,,,,242.3,7,242.31,2,242.39,1,242.45,3,242.64,1,242.76,2,242.77,2,242.94,2,242.99,1,243.22,1
2020-10-29 09:30:31,241.885,241.76,1,241.47,3,242.3,7,242.3,241.47,241.47,3,241.26,1,,,,,,,,,,,,,,,,,242.3,7,242.31,2,242.39,1,242.45,3,242.64,1,242.76,2,242.77,2,242.94,2,242.99,1,243.22,1
2020-10-29 09:30:32,241.885,241.76,1,241.47,3,242.3,7,242.3,241.47,241.47,3,241.26,1,,,,,,,,,,,,,,,,,242.3,7,242.31,2,242.39,1,242.45,3,242.64,1,242.76,2,242.77,2,242.94,2,242.99,1,243.22,1
2020-10-29 09:30:33,241.885,242.13,1,241.47,3,242.3,7,242.3,241.47,241.47,3,241.26,1,,,,,,,,,,,,,,,,,242.3,7,242.31,2,242.39,1,242.45,3,242.64,1,242.76,2,242.77,2,242.94,2,242.99,1,243.22,1
2020-10-29 09:30:34,241.885,242.13,1,241.47,3,242.3,7,242.3,241.47,241.47,3,241.26,1,,,,,,,,,,,,,,,,,242.3,7,242.31,2,242.39,1,242.45,3,242.64,1,242.76,2,242.77,2,242.94,2,242.99,1,243.22,1
2020-10-29 09:30:35,241.885,242.13,1,241.47,3,242.3,7,242.3,241.47,241.47,3,241.26,1,,,,,,,,,,,,,,,,,242.3,7,242.31,2,242.39,1,242.45,3,242.64,1,242.76,2,242.77,2,242.94,2,242.99,1,243.22,1
2020-10-29 09:30:36,241.885,242.13,1,241.47,3,242.3,7,242.3,241.47,241.47,3,241.26,1,,,,,,,,,,,,,,,,,242.3,7,242.31,2,242.39,1,242.45,3,242.64,1,242.76,2,242.77,2,242.94,2,242.99,1,243.22,1
2020-10-29 09:30:37,241.885,242.13,1,241.47,3,242.3,7,242.3,241.47,241.47,3,241.26,1,,,,,,,,,,,,,,,,,242.3,7,242.31,2,242.39,1,242.45,3,242.64,1,242.76,2,242.77,2,242.94,2,242.99,1,243.22,1
2020-10-29 09:30:38,241.73,242.13,1,241.47,3,241.99,1,241.99,241.47,241.47,3,241.26,1,,,,,,,,,,,,,,,,,241.99,1,242.3,7,242.31,2,242.39,1,242.45,3,242.64,1,242.76,2,242.77,2,242.94,2,242.99,1
2020-10-29 09:30:39,241.73,242.13,1,241.47,3,241.99,1,241.99,241.47,241.47,3,241.26,1,,,,,,,,,,,,,,,,,241.99,1,242.3,7,242.31,2,242.39,1,242.45,3,242.64,1,242.76,2,242.77,2,242.94,2,242.99,1
2020-10-29 09:30:41,241.73,242.13,1,241.47,3,241.99,1,241.99,241.47,241.47,3,241.26,1,,,,,,,,,,,,,,,,,241.99,1,242.3,7,242.31,2,242.39,1,242.45,3,242.64,1,242.76,2,242.77,2,242.94,2,242.99,1
2020-10-29 09:30:41,241.73,242.13,1,241.47,3,241.99,1,241.99,241.47,241.47,3,241.26,1,,,,,,,,,,,,,,,,,241.99,1,242.3,7,242.31,2,242.39,1,242.45,3,242.64,1,242.76,2,242.77,2,242.94,2,242.99,1
2020-10-29 09:30:43,241.73,242.13,1,241.47,3,241.99,1,241.99,241.47,241.47,3,241.26,1,,,,,,,,,,,,,,,,,241.99,1,242.3,7,242.31,2,242.39,1,242.45,3,242.64,1,242.76,2,242.77,2,242.94,2,242.99,1
2020-10-29 09:30:43,241.73,242.13,1,241.47,3,241.99,2,241.99,241.47,241.47,3,241.26,1,,,,,,,,,,,,,,,,,241.99,2,242.0,1,242.3,7,242.31,2,242.39,1,242.45,3,242.64,1,242.76,2,242.77,2,242.94,2
2020-10-29 09:30:44,241.73,242.13,1,241.47,3,241.99,2,241.99,241.47,241.47,3,241.26,1,,,,,,,,,,,,,,,,,241.99,2,242.0,1,242.3,7,242.31,2,242.39,1,242.45,3,242.64,1,242.76,2,242.77,2,242.94,2
2020-10-29 09:30:46,241.745,242.13,1,241.5,2,241.99,2,241.99,241.5,241.5,2,241.47,3,241.26,1,,,,,,,,,,,,,,,241.99,2,242.0,1,242.3,7,242.31,2,242.39,1,242.45,3,242.64,1,242.76,2,242.77,2,242.94,2
2020-10-29 09:30:47,241.745,242.13,1,241.5,2,241.99,2,241.99,241.5,241.5,2,241.47,3,241.26,1,,,,,,,,,,,,,,,241.99,2,242.0,1,242.3,7,242.31,2,242.39,1,242.45,3,242.64,1,242.76,2,242.77,2,242.94,2
2020-10-29 09:30:47,241.745,242.13,1,241.5,2,241.99,2,241.99,241.5,241.5,2,241.47,3,241.26,1,,,,,,,,,,,,,,,241.99,2,242.0,1,242.3,7,242.31,2,242.39,1,242.45,3,242.64,1,242.76,2,242.77,2,242.94,2
2020-10-29 09:30:49,241.745,242.13,1,241.5,2,241.99,2,241.99,241.5,241.5,2,241.47,3,241.26,1,,,,,,,,,,,,,,,241.99,2,242.0,1,242.3,7,242.31,2,242.39,1,242.45,3,242.64,1,242.76,2,242.77,2,242.94,2
2020-10-29 09:30:50,241.745,242.13,1,241.5,2,241.99,2,241.99,241.5,241.5,2,241.47,3,241.26,1,,,,,,,,,,,,,,,241.99,2,242.0,1,242.3,7,242.31,2,242.39,1,242.45,3,242.64,1,242.76,2,242.77,2,242.94,2
2020-10-29 09:30:51,241.745,242.13,1,241.5,2,241.99,2,241.99,241.5,241.5,2,241.47,3,241.26,1,,,,,,,,,,,,,,,241.99,2,242.0,1,242.3,7,242.31,2,242.39,1,242.45,3,242.64,1,242.76,2,242.77,2,242.94,2
2020-10-29 09:30:51,241.745,242.13,1,241.5,2,241.99,2,241.99,241.5,241.5,2,241.47,3,241.26,1,,,,,,,,,,,,,,,241.99,2,242.0,1,242.3,7,242.31,2,242.39,1,242.45,3,242.64,1,242.76,2,242.77,2,242.94,2
2020-10-29 09:30:52,241.745,242.13,1,241.5,2,241.99,2,241.99,241.5,241.5,2,241.47,3,241.26,1,,,,,,,,,,,,,,,241.99,2,242.0,1,242.3,7,242.31,2,242.39,1,242.45,3,242.64,1,242.76,2,242.77,2,242.94,2
2020-10-29 09:30:54,241.745,242.13,1,241.5,2,241.99,2,241.99,241.5,241.5,2,241.47,3,241.26,1,,,,,,,,,,,,,,,241.99,2,242.0,1,242.3,7,242.31,2,242.39,1,242.45,3,242.64,1,242.76,2,242.77,2,242.94,2
2020-10-29 09:30:55,241.75,242.13,1,241.5,2,242.0,1,242.0,241.5,241.5,2,241.47,3,241.26,1,,,,,,,,,,,,,,,242.0,1,242.3,7,242.31,2,242.39,1,242.45,3,242.64,1,242.76,2,242.77,2,242.94,2,242.99,1
2020-10-29 09:30:56,241.75,242.13,1,241.5,2,242.0,1,242.0,241.5,241.5,2,241.47,3,241.26,1,,,,,,,,,,,,,,,242.0,1,242.3,7,242.31,2,242.39,1,242.45,3,242.64,1,242.76,2,242.77,2,242.94,2,242.99,1
2020-10-29 09:30:57,241.995,241.99,1,241.76,1,242.23,2,242.23,241.76,241.76,1,241.5,2,241.47,3,241.26,1,,,,,,,,,,,,,242.23,2,242.44,1,242.45,2,242.6,1,242.64,1,242.76,2,242.77,2,242.94,2,242.99,1,243.22,1
2020-10-29 09:30:58,242.005,241.99,1,241.78,1,242.23,2,242.23,241.78,241.78,1,241.77,1,241.76,2,241.5,2,241.47,3,241.26,1,,,,,,,,,242.23,2,242.44,1,242.45,2,242.6,1,242.64,1,242.76,2,242.77,2,242.94,2,242.99,1,243.22,1
2020-10-29 09:30:59,242.025,241.99,1,241.82,1,242.23,2,242.23,241.82,241.82,1,241.81,1,241.8,1,241.79,1,241.78,1,241.77,1,241.76,2,241.5,2,241.47,3,241.26,1,242.23,2,242.44,1,242.45,2,242.6,1,242.64,1,242.76,2,242.77,2,242.94,2,242.99,1,243.22,1
2020-10-29 09:31:00,242.025,241.99,1,241.82,2,242.23,2,242.23,241.82,241.82,2,241.81,1,241.8,1,241.79,1,241.78,1,241.77,1,241.76,2,241.5,2,241.47,3,241.26,1,242.23,2,242.44,1,242.45,2,242.6,1,242.64,1,242.76,2,242.77,2,242.94,2,242.99,1,243.22,1
2020-10-29 09:31:01,242.07,242.1,1,241.89,2,242.25,1,242.25,241.89,241.89,2,241.82,2,241.59,1,241.5,2,241.47,3,241.26,1,,,,,,,,,242.25,1,242.44,1,242.45,2,242.6,1,242.64,1,242.76,2,242.77,2,242.94,2,242.99,1,243.22,1
2020-10-29 09:31:02,242.07,241.89,1,241.89,2,242.25,4,242.25,241.89,241.89,2,241.82,2,241.59,1,241.5,2,241.47,3,241.26,1,,,,,,,,,242.25,4,242.44,1,242.45,2,242.6,1,242.64,1,242.76,2,242.77,2,242.94,2,242.99,1,243.22,1
2020-10-29 09:31:03,242.07,241.89,1,241.89,2,242.25,3,242.25,241.89,241.89,2,241.82,2,241.59,1,241.5,2,241.47,3,241.26,1,,,,,,,,,242.25,3,242.44,1,242.45,2,242.6,1,242.64,1,242.76,2,242.77,2,242.94,2,242.99,1,243.22,1
2020-10-29 09:31:04,242.07,241.89,1,241.89,2,242.25,3,242.25,241.89,241.89,2,241.82,2,241.59,1,241.5,2,241.47,3,241.26,1,,,,,,,,,242.25,3,242.44,1,242.45,2,242.6,1,242.64,1,242.76,2,242.77,2,242.94,2,242.99,1,243.22,1
2020-10-29 09:31:05,242.07,241.89,1,241.89,2,242.25,3,242.25,241.89,241.89,2,241.82,2,241.59,1,241.5,2,241.47,3,241.26,1,,,,,,,,,242.25,3,242.44,1,242.45,2,242.6,1,242.64,1,242.76,2,242.77,2,242.94,2,242.99,1,243.22,1
2020-10-29 09:31:06,242.07,241.89,1,241.89,2,242.25,3,242.25,241.89,241.89,2,241.82,2,241.59,1,241.5,2,241.47,3,241.26,1,,,,,,,,,242.25,3,242.44,1,242.45,2,242.6,1,242.64,1,242.76,2,242.77,2,242.94,2,242.99,1,243.22,1
2020-10-29 09:31:08,242.07,241.89,1,241.89,2,242.25,3,242.25,241.89,241.89,2,241.82,2,241.59,1,241.5,2,241.47,3,241.26,1,,,,,,,,,242.25,3,242.44,1,242.45,2,242.6,1,242.64,1,242.76,2,242.77,2,242.94,2,242.99,1,243.22,1
2020-10-29 09:31:09,242.07,241.89,1,241.89,2,242.25,3,242.25,241.89,241.89,2,241.82,2,241.59,1,241.5,2,241.47,3,241.26,1,,,,,,,,,242.25,3,242.44,1,242.45,2,242.6,1,242.64,1,242.76,2,242.77,2,242.94,2,242.99,1,243.22,1
2020-10-29 09:31:10,242.07,241.89,1,241.89,2,242.25,3,242.25,241.89,241.89,2,241.82,2,241.59,1,241.5,2,241.47,3,241.26,1,,,,,,,,,242.25,3,242.44,1,242.45,2,242.6,1,242.64,1,242.76,2,242.77,2,242.94,2,242.99,1,243.22,1
2020-10-29 09:31:11,242.095,241.89,1,241.94,2,242.25,3,242.25,241.94,241.94,2,241.93,2,241.92,2,241.91,3,241.9,2,241.89,2,241.82,2,241.59,1,241.5,2,241.47,3,242.25,3,242.44,1,242.45,2,242.6,1,242.64,1,242.76,2,242.77,2,242.94,2,242.99,1,243.22,1
2020-10-29 09:31:12,242.095,241.89,1,241.94,2,242.25,3,242.25,241.94,241.94,2,241.93,2,241.92,2,241.91,3,241.9,2,241.89,2,241.82,2,241.59,1,241.5,2,241.47,3,242.25,3,242.44,1,242.45,2,242.6,1,242.64,1,242.76,2,242.77,2,242.94,2,242.99,1,243.22,1
2020-10-29 09:31:13,242.095,241.89,1,241.94,2,242.25,3,242.25,241.94,241.94,2,241.93,2,241.92,2,241.91,3,241.9,2,241.89,2,241.82,2,241.59,1,241.5,2,241.47,3,242.25,3,242.44,1,242.45,2,242.6,1,242.64,1,242.76,2,242.77,2,242.94,2,242.99,1,243.22,1
2020-10-29 09:31:14,242.095,241.89,1,241.94,2,242.25,3,242.25,241.94,241.94,2,241.93,2,241.92,2,241.91,3,241.9,2,241.89,2,241.82,2,241.59,1,241.5,2,241.47,3,242.25,3,242.44,1,242.45,2,242.6,1,242.64,1,242.76,2,242.77,2,242.94,2,242.99,1,243.22,1
2020-10-29 09:31:15,242.095,241.89,1,241.94,2,242.25,6,242.25,241.94,241.94,2,241.93,2,241.92,2,241.91,3,241.9,2,241.89,2,241.82,2,241.59,1,241.5,2,241.47,3,242.25,6,242.44,1,242.45,2,242.6,1,242.64,1,242.76,2,242.77,2,242.94,2,242.99,1,243.22,1
2020-10-29 09:31:16,242.095,241.89,1,241.94,2,242.25,6,242.25,241.94,241.94,2,241.93,2,241.92,2,241.91,3,241.9,2,241.89,2,241.82,2,241.59,1,241.5,2,241.47,3,242.25,6,242.44,1,242.45,2,242.6,1,242.64,1,242.76,2,242.77,2,242.94,2,242.99,1,243.22,1
2020-10-29 09:31:17,242.095,241.89,1,241.94,2,242.25,6,242.25,241.94,241.94,2,241.93,2,241.92,2,241.91,3,241.9,2,241.89,2,241.82,2,241.59,1,241.5,2,241.47,3,242.25,6,242.44,1,242.45,2,242.6,1,242.64,1,242.76,2,242.77,2,242.94,2,242.99,1,243.22,1
2020-10-29 09:31:18,242.095,241.89,1,241.94,2,242.25,6,242.25,241.94,241.94,2,241.93,2,241.92,2,241.91,3,241.9,2,241.89,2,241.82,2,241.59,1,241.5,2,241.47,3,242.25,6,242.44,1,242.45,2,242.6,1,242.64,1,242.76,2,242.77,2,242.94,2,242.99,1,243.22,1
2020-10-29 09:31:19,242.095,241.89,1,241.94,2,242.25,6,242.25,241.94,241.94,2,241.93,2,241.92,2,241.91,3,241.9,2,241.89,2,241.82,2,241.59,1,241.5,2,241.47,3,242.25,6,242.44,1,242.45,2,242.6,1,242.64,1,242.76,2,242.77,2,242.94,2,242.99,1,243.22,1
2020-10-29 09:31:20,242.315,242.32,2,242.19,4,242.44,2,242.44,242.19,242.19,4,242.1,9,242.0,7,241.94,5,241.93,2,241.92,2,241.91,3,241.9,2,241.89,2,241.82,2,242.44,2,242.45,2,242.6,1,242.64,1,242.76,2,242.77,2,242.94,2,242.99,1,243.22,1,,
2020-10-29 09:31:21,242.16,242.19,1,242.0,6,242.32,2,242.32,242.0,242.0,6,241.94,5,241.93,2,241.92,2,241.91,3,241.9,2,241.89,2,241.82,2,241.59,1,241.5,2,242.32,2,242.44,6,242.45,2,242.6,1,242.64,1,242.76,2,242.77,2,242.94,2,242.99,1,243.22,1
2020-10-29 09:31:22,242.22,242.1,1,242.0,6,242.44,6,242.44,242.0,242.0,6,241.94,5,241.93,2,241.92,2,241.91,3,241.9,2,241.89,2,241.82,2,241.59,1,241.5,2,242.44,6,242.45,2,242.6,1,242.64,1,242.76,2,242.77,2,242.94,2,242.99,1,243.22,1,,
2020-10-29 09:31:23,242.22,242.36,1,242.0,6,242.44,6,242.44,242.0,242.0,6,241.94,5,241.93,2,241.92,2,241.91,3,241.9,2,241.89,2,241.82,2,241.59,1,241.5,2,242.44,6,242.45,2,242.6,1,242.64,1,242.76,2,242.77,2,242.94,2,242.99,1,243.22,1,,
2020-10-29 09:31:24,242.22,242.36,1,242.0,6,242.44,6,242.44,242.0,242.0,6,241.94,5,241.93,2,241.92,2,241.91,3,241.9,2,241.89,2,241.82,2,241.59,1,241.5,2,242.44,6,242.45,2,242.6,1,242.64,1,242.76,2,242.77,2,242.94,2,242.99,1,243.22,1,,
2020-10-29 09:31:25,242.22,242.22,7,242.0,6,242.44,6,242.44,242.0,242.0,6,241.94,5,241.93,2,241.92,2,241.91,3,241.9,2,241.89,2,241.82,2,241.59,1,241.5,2,242.44,6,242.45,2,242.6,1,242.64,1,242.76,2,242.77,2,242.94,2,242.99,1,243.22,1,,
2020-10-29 09:31:26,242.22,242.22,7,242.0,6,242.44,6,242.44,242.0,242.0,6,241.94,5,241.93,2,241.92,2,241.91,3,241.9,2,241.89,2,241.82,2,241.59,1,241.5,2,242.44,6,242.45,2,242.6,1,242.64,1,242.76,2,242.77,2,242.94,2,242.99,1,243.22,1,,
2020-10-29 09:31:27,242.215,242.31,1,242.0,6,242.43,3,242.43,242.0,242.0,6,241.94,5,241.93,2,241.92,2,241.91,3,241.9,2,241.89,2,241.82,2,241.59,1,241.5,2,242.43,3,242.44,5,242.45,2,242.6,1,242.64,1,242.76,2,242.77,2,242.94,2,242.99,1,243.22,1
2020-10-29 09:31:28,242.215,242.31,1,242.0,6,242.43,3,242.43,242.0,242.0,6,241.94,5,241.93,2,241.92,2,241.91,3,241.9,2,241.89,2,241.82,2,241.59,1,241.5,2,242.43,3,242.44,5,242.45,2,242.6,1,242.64,1,242.76,2,242.77,2,242.94,2,242.99,1,243.22,1
2020-10-29 09:31:29,242.215,242.31,1,242.0,6,242.43,3,242.43,242.0,242.0,6,241.94,5,241.93,2,241.92,2,241.91,3,241.9,2,241.89,2,241.82,2,241.59,1,241.5,2,242.43,3,242.44,5,242.45,2,242.6,1,242.64,1,242.76,2,242.77,2,242.94,2,242.99,1,243.22,1
2020-10-29 09:31:30,242.21,242.31,1,242.0,6,242.42,3,242.42,242.0,242.0,6,241.94,5,241.93,2,241.92,2,241.91,3,241.9,2,241.89,2,241.82,2,241.59,1,241.5,2,242.42,3,242.43,3,242.44,5,242.45,2,242.6,1,242.64,1,242.76,2,242.77,2,242.94,2,242.99,1
2020-10-29 09:31:31,242.21,242.31,1,242.0,6,242.42,3,242.42,242.0,242.0,6,241.94,5,241.93,2,241.92,2,241.91,3,241.9,2,241.89,2,241.82,2,241.59,1,241.5,2,242.42,3,242.43,3,242.44,5,242.45,2,242.6,1,242.64,1,242.76,2,242.77,2,242.94,2,242.99,1
2020-10-29 09:31:32,242.26,242.26,1,242.1,3,242.42,5,242.42,242.1,242.1,3,242.0,6,241.94,5,241.93,2,241.92,2,241.91,3,241.9,2,241.89,2,241.82,2,241.59,1,242.42,5,242.43,3,242.44,5,242.45,2,242.6,1,242.64,1,242.76,2,242.77,2,242.94,2,242.99,1
2020-10-29 09:31:33,242.405,242.36,1,242.3,3,242.51,3,242.51,242.3,242.3,3,242.1,3,242.0,6,241.94,5,241.93,2,241.92,2,241.91,3,241.9,2,241.89,2,241.82,2,242.51,3,242.6,1,242.64,1,242.76,2,242.77,2,242.94,2,242.99,1,243.22,1,,,,
2020-10-29 09:31:34,242.25,242.3,1,242.1,4,242.4,2,242.4,242.1,242.1,4,242.0,6,241.94,5,241.93,2,241.92,2,241.91,3,241.9,2,241.89,2,241.82,2,241.59,1,242.4,2,242.51,3,242.6,1,242.64,1,242.76,2,242.77,2,242.94,2,242.99,1,243.22,1,,
2020-10-29 09:31:35,242.255,242.1,1,242.11,1,242.4,4,242.4,242.11,242.11,1,242.1,4,242.0,6,241.94,5,241.93,2,241.92,2,241.91,3,241.9,2,241.89,2,241.82,2,242.4,4,242.51,3,242.6,1,242.64,1,242.76,2,242.77,2,242.94,2,242.99,1,243.22,1,,
2020-10-29 09:31:36,242.25,242.31,1,242.1,4,242.4,4,242.4,242.1,242.1,4,242.0,6,241.94,5,241.93,2,241.92,2,241.91,3,241.9,2,241.89,2,241.82,2,241.59,1,242.4,4,242.51,3,242.6,1,242.64,1,242.76,2,242.77,2,242.94,2,242.99,1,243.22,1,,
2020-10-29 09:31:37,241.93,241.88,1,241.63,1,242.23,4,242.23,241.63,241.63,1,241.59,1,241.5,2,241.47,3,241.26,1,,,,,,,,,,,242.23,4,242.24,4,242.39,1,242.4,4,242.51,3,242.6,1,242.64,1,242.76,2,242.77,2,242.94,2
2020-10-29 09:31:38,241.93,241.88,1,241.63,1,242.23,5,242.23,241.63,241.63,1,241.59,1,241.5,2,241.47,3,241.26,1,,,,,,,,,,,242.23,5,242.24,4,242.39,1,242.4,4,242.51,3,242.6,1,242.64,1,242.76,2,242.77,2,242.94,2
2020-10-29 09:31:39,241.93,241.88,1,241.63,1,242.23,5,242.23,241.63,241.63,1,241.59,1,241.5,2,241.47,3,241.26,1,,,,,,,,,,,242.23,5,242.24,4,242.39,1,242.4,4,242.51,3,242.6,1,242.64,1,242.76,2,242.77,2,242.94,2
2020-10-29 09:31:40,241.815,241.93,1,241.63,1,242.0,2,242.0,241.63,241.63,1,241.59,1,241.5,2,241.47,3,241.26,1,,,,,,,,,,,242.0,2,242.23,5,242.24,4,242.39,1,242.4,4,242.51,3,242.6,1,242.64,1,242.76,2,242.77,2
2020-10-29 09:31:41,241.88,241.88,2,241.76,2,242.0,2,242.0,241.76,241.76,2,241.64,1,241.63,2,241.59,1,241.5,2,241.47,3,241.26,1,,,,,,,242.0,2,242.23,5,242.24,4,242.39,1,242.4,4,242.51,3,242.6,1,242.64,1,242.76,2,242.77,2
2020-10-29 09:31:42,242.055,242.0,1,241.9,2,242.21,3,242.21,241.9,241.9,2,241.83,1,241.81,3,241.76,2,241.64,1,241.63,2,241.59,1,241.5,2,241.47,3,241.26,1,242.21,3,242.23,5,242.24,4,242.39,1,242.4,4,242.51,3,242.6,1,242.64,1,242.76,2,242.77,2
2020-10-29 09:31:43,242.055,241.9,1,241.9,2,242.21,3,242.21,241.9,241.9,2,241.83,1,241.81,3,241.76,2,241.64,1,241.63,2,241.59,1,241.5,2,241.47,3,241.26,1,242.21,3,242.23,5,242.24,4,242.39,1,242.4,4,242.51,3,242.6,1,242.64,1,242.76,2,242.77,2
2020-10-29 09:31:44,241.94,241.9,1,241.81,3,242.07,2,242.07,241.81,241.81,3,241.76,2,241.64,1,241.63,2,241.59,1,241.5,2,241.47,3,241.26,1,,,,,242.07,2,242.12,2,242.2,1,242.21,3,242.23,5,242.24,4,242.39,1,242.4,4,242.51,3,242.6,1
2020-10-29 09:31:45,241.85,241.81,1,241.64,6,242.06,1,242.06,241.64,241.64,6,241.63,2,241.59,1,241.5,2,241.47,3,241.26,1,,,,,,,,,242.06,1,242.07,5,242.12,2,242.2,1,242.21,3,242.23,5,242.24,4,242.39,1,242.4,4,242.51,3
2020-10-29 09:31:46,241.85,241.81,1,241.64,6,242.06,2,242.06,241.64,241.64,6,241.63,2,241.59,1,241.5,2,241.47,3,241.26,1,,,,,,,,,242.06,2,242.07,5,242.12,2,242.2,1,242.21,3,242.23,5,242.24,4,242.39,1,242.4,4,242.51,3
2020-10-29 09:31:47,241.84,241.81,1,241.64,6,242.04,1,242.04,241.64,241.64,6,241.63,2,241.59,1,241.5,2,241.47,3,241.26,1,,,,,,,,,242.04,1,242.05,5,242.06,2,242.07,5,242.12,2,242.2,1,242.21,3,242.23,5,242.24,4,242.39,1
2020-10-29 09:31:48,241.835,241.81,1,241.64,6,242.03,1,242.03,241.64,241.64,6,241.63,2,241.59,1,241.5,2,241.47,3,241.26,1,,,,,,,,,242.03,1,242.04,2,242.05,5,242.06,2,242.07,5,242.12,2,242.2,1,242.21,3,242.23,5,242.24,4
2020-10-29 09:31:49,241.825,241.81,1,241.64,6,242.01,5,242.01,241.64,241.64,6,241.63,2,241.59,1,241.5,2,241.47,3,241.26,1,,,,,,,,,242.01,5,242.02,3,242.03,2,242.04,2,242.05,5,242.06,2,242.07,5,242.12,2,242.2,1,242.21,3
2020-10-29 09:31:50,241.82,241.81,1,241.64,6,242.0,3,242.0,241.64,241.64,6,241.63,2,241.59,1,241.5,2,241.47,3,241.26,1,,,,,,,,,242.0,3,242.01,5,242.02,3,242.03,2,242.04,2,242.05,5,242.06,2,242.07,5,242.12,2,242.2,1
2020-10-29 09:31:51,241.82,241.81,1,241.64,6,242.0,3,242.0,241.64,241.64,6,241.63,2,241.59,1,241.5,2,241.47,3,241.26,1,,,,,,,,,242.0,3,242.01,5,242.02,3,242.03,2,242.04,2,242.05,5,242.06,2,242.07,5,242.12,2,242.2,1
2020-10-29 09:31:52,241.77,241.81,1,241.64,6,241.9,2,241.9,241.64,241.64,6,241.63,2,241.59,1,241.5,2,241.47,3,241.26,1,,,,,,,,,241.9,2,241.99,3,242.0,5,242.01,5,242.02,3,242.03,2,242.04,2,242.05,5,242.06,2,242.07,5
2020-10-29 09:31:53,241.565,241.54,1,241.32,1,241.81,1,241.81,241.32,241.32,1,241.27,1,241.26,1,,,,,,,,,,,,,,,241.81,1,241.9,2,241.99,3,242.0,5,242.01,5,242.02,3,242.03,2,242.04,2,242.05,5,242.06,2
2020-10-29 09:31:54,241.38,241.31,1,241.23,2,241.53,3,241.53,241.23,241.23,2,241.2,1,241.18,1,,,,,,,,,,,,,,,241.53,3,241.54,6,241.81,1,241.9,2,241.99,3,242.0,5,242.01,5,242.02,3,242.03,2,242.04,2
2020-10-29 09:31:55,241.205,241.06,1,241.06,2,241.35,3,241.35,241.06,241.06,2,241.0,5,,,,,,,,,,,,,,,,,241.35,3,241.36,2,241.37,3,241.39,2,241.53,3,241.54,6,241.81,1,241.9,2,241.99,3,242.0,5
2020-10-29 09:31:56,241.035,241.03,1,240.9,2,241.17,4,241.17,240.9,240.9,2,240.7,2,,,,,,,,,,,,,,,,,241.17,4,241.33,3,241.34,5,241.35,3,241.36,2,241.37,3,241.39,2,241.53,3,241.54,6,241.81,1
2020-10-29 09:31:57,241.035,241.03,1,240.9,2,241.17,6,241.17,240.9,240.9,2,240.7,2,,,,,,,,,,,,,,,,,241.17,6,241.33,3,241.34,5,241.35,3,241.36,2,241.37,3,241.39,2,241.53,3,241.54,6,241.81,1
2020-10-29 09:31:58,241.035,241.04,1,240.9,3,241.17,7,241.17,240.9,240.9,3,240.7,2,,,,,,,,,,,,,,,,,241.17,7,241.33,3,241.34,5,241.35,3,241.36,2,241.37,3,241.39,2,241.53,3,241.54,6,241.81,1
2020-10-29 09:31:59,241.03,241.15,1,240.91,3,241.15,1,241.15,240.91,240.91,3,240.9,3,240.7,2,,,,,,,,,,,,,,,241.15,1,241.16,3,241.17,6,241.33,3,241.34,5,241.35,3,241.36,2,241.37,3,241.39,2,241.53,3
2020-10-29 09:32:00,241.025,241.15,1,240.91,3,241.14,1,241.14,240.91,240.91,3,240.9,3,240.7,2,,,,,,,,,,,,,,,241.14,1,241.15,1,241.16,3,241.17,6,241.33,3,241.34,5,241.35,3,241.36,2,241.37,3,241.39,2
2020-10-29 09:32:01,241.215,241.13,1,241.09,2,241.34,3,241.34,241.09,241.09,2,241.04,2,240.95,2,240.91,3,240.9,3,240.7,2,,,,,,,,,241.34,3,241.35,3,241.36,2,241.37,3,241.39,2,241.53,3,241.54,6,241.81,1,241.9,2,241.99,3
2020-10-29 09:32:02,241.215,241.33,1,241.09,2,241.34,3,241.34,241.09,241.09,2,241.04,2,240.95,2,240.91,3,240.9,3,240.7,2,,,,,,,,,241.34,3,241.35,3,241.36,2,241.37,3,241.39,2,241.53,3,241.54,6,241.81,1,241.9,2,241.99,3
2020-10-29 09:32:03,241.425,241.46,1,241.32,2,241.53,3,241.53,241.32,241.32,2,241.14,1,241.1,2,240.95,2,240.91,3,240.9,3,240.7,2,,,,,,,241.53,3,241.54,6,241.81,1,241.9,2,241.99,3,242.0,5,242.01,5,242.02,3,242.03,2,242.04,2
2020-10-29 09:32:04,241.44,241.54,1,241.34,10,241.54,4,241.54,241.34,241.34,10,241.32,2,241.14,1,241.1,2,240.95,2,240.91,3,240.9,3,240.7,2,,,,,241.54,4,241.81,1,241.9,2,241.99,3,242.0,5,242.01,5,242.02,3,242.03,2,242.04,2,242.05,5
2020-10-29 09:32:05,241.44,241.49,1,241.34,10,241.54,4,241.54,241.34,241.34,10,241.32,2,241.14,1,241.1,2,240.95,2,240.91,3,240.9,3,240.7,2,,,,,241.54,4,241.81,1,241.9,2,241.99,3,242.0,5,242.01,5,242.02,3,242.03,2,242.04,2,242.05,5
2020-10-29 09:32:06,241.44,241.49,1,241.34,10,241.54,4,241.54,241.34,241.34,10,241.32,2,241.14,1,241.1,2,240.95,2,240.91,3,240.9,3,240.7,2,,,,,241.54,4,241.81,1,241.9,2,241.99,3,242.0,5,242.01,5,242.02,3,242.03,2,242.04,2,242.05,5
2020-10-29 09:32:07,241.44,241.42,6,241.34,10,241.54,6,241.54,241.34,241.34,10,241.32,2,241.14,1,241.1,2,240.95,2,240.91,3,240.9,3,240.7,2,,,,,241.54,6,241.81,1,241.9,2,241.99,3,242.0,5,242.01,5,242.02,3,242.03,2,242.04,2,242.05,5
2020-10-29 09:32:08,241.44,241.42,6,241.34,10,241.54,6,241.54,241.34,241.34,10,241.32,2,241.14,1,241.1,2,240.95,2,240.91,3,240.9,3,240.7,2,,,,,241.54,6,241.81,1,241.9,2,241.99,3,242.0,5,242.01,5,242.02,3,242.03,2,242.04,2,242.05,5
2020-10-29 09:32:09,241.35,241.34,5,241.16,3,241.54,6,241.54,241.16,241.16,3,241.15,2,241.14,1,241.1,2,240.95,2,240.91,3,240.9,3,240.7,2,,,,,241.54,6,241.81,1,241.9,2,241.99,3,242.0,5,242.01,5,242.02,3,242.03,2,242.04,2,242.05,5
2020-10-29 09:32:10,241.35,241.34,5,241.16,3,241.54,6,241.54,241.16,241.16,3,241.15,2,241.14,1,241.1,2,240.95,2,240.91,3,240.9,3,240.7,2,,,,,241.54,6,241.81,1,241.9,2,241.99,3,242.0,5,242.01,5,242.02,3,242.03,2,242.04,2,242.05,5
2020-10-29 09:32:11,241.35,241.38,1,241.16,3,241.54,6,241.54,241.16,241.16,3,241.15,2,241.14,1,241.1,2,240.95,2,240.91,3,240.9,3,240.7,2,,,,,241.54,6,241.81,1,241.9,2,241.99,3,242.0,5,242.01,5,242.02,3,242.03,2,242.04,2,242.05,5
2020-10-29 09:32:12,241.35,241.38,1,241.16,3,241.54,6,241.54,241.16,241.16,3,241.15,2,241.14,1,241.1,2,240.95,2,240.91,3,240.9,3,240.7,2,,,,,241.54,6,241.81,1,241.9,2,241.99,3,242.0,5,242.01,5,242.02,3,242.03,2,242.04,2,242.05,5
2020-10-29 09:32:13,241.35,241.38,1,241.16,3,241.54,6,241.54,241.16,241.16,3,241.15,2,241.14,1,241.1,2,240.95,2,240.91,3,240.9,3,240.7,2,,,,,241.54,6,241.81,1,241.9,2,241.99,3,242.0,5,242.01,5,242.02,3,242.03,2,242.04,2,242.05,5
2020-10-29 09:32:14,241.35,241.38,1,241.16,3,241.54,6,241.54,241.16,241.16,3,241.15,2,241.14,1,241.1,2,240.95,2,240.91,3,240.9,3,240.7,2,,,,,241.54,6,241.81,1,241.9,2,241.99,3,242.0,5,242.01,5,242.02,3,242.03,2,242.04,2,242.05,5
2020-10-29 09:32:15,241.35,241.38,1,241.16,3,241.54,6,241.54,241.16,241.16,3,241.15,2,241.14,1,241.1,2,240.95,2,240.91,3,240.9,3,240.7,2,,,,,241.54,6,241.81,1,241.9,2,241.99,3,242.0,5,242.01,5,242.02,3,242.03,2,242.04,2,242.05,5
2020-10-29 09:32:16,241.35,241.38,1,241.16,3,241.54,6,241.54,241.16,241.16,3,241.15,2,241.14,1,241.1,2,240.95,2,240.91,3,240.9,3,240.7,2,,,,,241.54,6,241.81,1,241.9,2,241.99,3,242.0,5,242.01,5,242.02,3,242.03,2,242.04,2,242.05,5
2020-10-29 09:32:17,241.35,241.38,1,241.16,3,241.54,6,241.54,241.16,241.16,3,241.15,2,241.14,1,241.1,2,240.95,2,240.91,3,240.9,3,240.7,2,,,,,241.54,6,241.81,1,241.9,2,241.99,3,242.0,5,242.01,5,242.02,3,242.03,2,242.04,2,242.05,5
2020-10-29 09:32:18,241.35,241.31,1,241.16,3,241.54,6,241.54,241.16,241.16,3,241.15,2,241.14,1,241.1,2,240.95,2,240.91,3,240.9,3,240.7,2,,,,,241.54,6,241.81,1,241.9,2,241.99,3,242.0,5,242.01,5,242.02,3,242.03,2,242.04,2,242.05,5
2020-10-29 09:32:19,241.075,241.11,1,240.81,1,241.34,4,241.34,240.81,240.81,1,240.7,2,,,,,,,,,,,,,,,,,241.34,4,241.35,2,241.48,1,241.54,6,241.81,1,241.9,2,241.99,3,242.0,5,242.01,5,242.02,3
2020-10-29 09:32:20,241.145,241.11,1,240.81,2,241.48,3,241.48,240.81,240.81,2,240.7,2,,,,,,,,,,,,,,,,,241.48,3,241.54,6,241.81,1,241.9,2,241.99,3,242.0,5,242.01,5,242.02,3,242.03,2,242.04,2
2020-10-29 09:32:21,241.145,241.11,1,240.81,2,241.48,3,241.48,240.81,240.81,2,240.7,2,,,,,,,,,,,,,,,,,241.48,3,241.54,6,241.81,1,241.9,2,241.99,3,242.0,5,242.01,5,242.02,3,242.03,2,242.04,2
2020-10-29 09:32:22,241.145,241.11,1,240.81,2,241.48,3,241.48,240.81,240.81,2,240.7,2,,,,,,,,,,,,,,,,,241.48,3,241.54,6,241.81,1,241.9,2,241.99,3,242.0,5,242.01,5,242.02,3,242.03,2,242.04,2
2020-10-29 09:32:23,241.145,241.11,1,240.81,2,241.48,3,241.48,240.81,240.81,2,240.7,2,,,,,,,,,,,,,,,,,241.48,3,241.54,6,241.81,1,241.9,2,241.99,3,242.0,5,242.01,5,242.02,3,242.03,2,242.04,2
2020-10-29 09:32:24,241.15,241.11,1,240.82,1,241.48,3,241.48,240.82,240.82,1,240.81,2,240.7,2,,,,,,,,,,,,,,,241.48,3,241.54,6,241.81,1,241.9,2,241.99,3,242.0,5,242.01,5,242.02,3,242.03,2,242.04,2
2020-10-29 09:32:25,241.145,241.11,1,240.81,2,241.48,3,241.48,240.81,240.81,2,240.7,2,,,,,,,,,,,,,,,,,241.48,3,241.54,6,241.81,1,241.9,2,241.99,3,242.0,5,242.01,5,242.02,3,242.03,2,242.04,2
2020-10-29 09:32:26,241.14,241.11,1,240.81,2,241.47,2,241.47,240.81,240.81,2,240.7,2,,,,,,,,,,,,,,,,,241.47,2,241.48,3,241.54,6,241.81,1,241.9,2,241.99,3,242.0,5,242.01,5,242.02,3,242.03,2
2020-10-29 09:32:27,241.14,241.11,1,240.81,2,241.47,4,241.47,240.81,240.81,2,240.7,2,,,,,,,,,,,,,,,,,241.47,4,241.48,3,241.54,6,241.81,1,241.9,2,241.99,3,242.0,5,242.01,5,242.02,3,242.03,2
2020-10-29 09:32:28,241.135,241.13,1,240.81,2,241.46,2,241.46,240.81,240.81,2,240.7,2,,,,,,,,,,,,,,,,,241.46,2,241.47,4,241.48,3,241.54,6,241.81,1,241.9,2,241.99,3,242.0,5,242.01,5,242.02,3
2020-10-29 09:32:29,241.135,241.13,1,240.81,2,241.46,2,241.46,240.81,240.81,2,240.7,2,,,,,,,,,,,,,,,,,241.46,2,241.47,4,241.48,3,241.54,6,241.81,1,241.9,2,241.99,3,242.0,5,242.01,5,242.02,3
2020-10-29 09:32:30,241.135,241.13,1,240.81,2,241.46,4,241.46,240.81,240.81,2,240.7,2,,,,,,,,,,,,,,,,,241.46,4,241.47,4,241.48,3,241.54,6,241.81,1,241.9,2,241.99,3,242.0,5,242.01,5,242.02,3
2020-10-29 09:32:31,241.135,241.13,1,240.81,2,241.46,4,241.46,240.81,240.81,2,240.7,2,,,,,,,,,,,,,,,,,241.46,4,241.47,4,241.48,3,241.54,6,241.81,1,241.9,2,241.99,3,242.0,5,242.01,5,242.02,3
2020-10-29 09:32:32,241.135,241.13,1,240.81,2,241.46,4,241.46,240.81,240.81,2,240.7,2,,,,,,,,,,,,,,,,,241.46,4,241.47,4,241.48,3,241.54,6,241.81,1,241.9,2,241.99,3,242.0,5,242.01,5,242.02,3
2020-10-29 09:32:33,241.135,241.13,1,240.81,2,241.46,4,241.46,240.81,240.81,2,240.7,2,,,,,,,,,,,,,,,,,241.46,4,241.47,4,241.48,3,241.54,6,241.81,1,241.9,2,241.99,3,242.0,5,242.01,5,242.02,3
2020-10-29 09:32:34,241.135,241.13,1,240.81,2,241.46,4,241.46,240.81,240.81,2,240.7,2,,,,,,,,,,,,,,,,,241.46,4,241.47,4,241.48,3,241.54,6,241.81,1,241.9,2,241.99,3,242.0,5,242.01,5,242.02,3
2020-10-29 09:32:35,241.135,241.13,1,240.81,2,241.46,4,241.46,240.81,240.81,2,240.7,2,,,,,,,,,,,,,,,,,241.46,4,241.47,4,241.48,3,241.54,6,241.81,1,241.9,2,241.99,3,242.0,5,242.01,5,242.02,3
2020-10-29 09:32:36,241.135,241.13,1,240.81,2,241.46,4,241.46,240.81,240.81,2,240.7,2,,,,,,,,,,,,,,,,,241.46,4,241.47,4,241.48,3,241.54,6,241.81,1,241.9,2,241.99,3,242.0,5,242.01,5,242.02,3
2020-10-29 09:32:37,241.135,241.13,1,240.81,2,241.46,4,241.46,240.81,240.81,2,240.7,2,,,,,,,,,,,,,,,,,241.46,4,241.47,4,241.48,3,241.54,6,241.81,1,241.9,2,241.99,3,242.0,5,242.01,5,242.02,3
2020-10-29 09:32:38,241.135,241.28,1,240.81,2,241.46,4,241.46,240.81,240.81,2,240.7,2,,,,,,,,,,,,,,,,,241.46,4,241.47,4,241.48,3,241.54,6,241.81,1,241.9,2,241.99,3,242.0,5,242.01,5,242.02,3
2020-10-29 09:32:39,241.035,241.22,4,240.82,6,241.25,5,241.25,240.82,240.82,6,240.81,2,240.7,2,,,,,,,,,,,,,,,241.25,5,241.46,4,241.47,4,241.48,3,241.54,6,241.81,1,241.9,2,241.99,3,242.0,5,242.01,5
2020-10-29 09:32:40,241.035,241.22,4,240.82,6,241.25,5,241.25,240.82,240.82,6,240.81,2,240.7,2,,,,,,,,,,,,,,,241.25,5,241.46,4,241.47,4,241.48,3,241.54,6,241.81,1,241.9,2,241.99,3,242.0,5,242.01,5
2020-10-29 09:32:41,241.035,241.24,21,240.82,6,241.25,5,241.25,240.82,240.82,6,240.81,2,240.7,2,,,,,,,,,,,,,,,241.25,5,241.46,4,241.47,4,241.48,3,241.54,6,241.81,1,241.9,2,241.99,3,242.0,5,242.01,5
2020-10-29 09:32:42,241.025,241.24,21,240.82,6,241.23,3,241.23,240.82,240.82,6,240.81,2,240.7,2,,,,,,,,,,,,,,,241.23,3,241.24,2,241.25,5,241.46,4,241.47,4,241.48,3,241.54,6,241.81,1,241.9,2,241.99,3
2020-10-29 09:32:43,241.02,241.22,1,240.82,6,241.22,3,241.22,240.82,240.82,6,240.81,2,240.7,2,,,,,,,,,,,,,,,241.22,3,241.23,3,241.24,2,241.25,5,241.46,4,241.47,4,241.48,3,241.54,6,241.81,1,241.9,2
2020-10-29 09:32:44,240.765,240.71,1,240.52,1,241.01,2,241.01,240.52,240.52,1,240.51,3,,,,,,,,,,,,,,,,,241.01,2,241.02,3,241.06,2,241.21,1,241.22,3,241.23,3,241.24,2,241.25,5,241.46,4,241.47,4
2020-10-29 09:32:45,240.76,240.71,1,240.51,3,241.01,2,241.01,240.51,240.51,3,,,,,,,,,,,,,,,,,,,241.01,2,241.02,3,241.06,2,241.21,1,241.22,3,241.23,3,241.24,2,241.25,5,241.46,4,241.47,4
2020-10-29 09:32:46,240.755,240.71,1,240.51,3,241.0,2,241.0,240.51,240.51,3,,,,,,,,,,,,,,,,,,,241.0,2,241.01,2,241.02,3,241.06,2,241.21,1,241.22,3,241.23,3,241.24,2,241.25,5,241.46,4
2020-10-29 09:32:47,240.67,240.84,1,240.51,3,240.83,3,240.83,240.51,240.51,3,,,,,,,,,,,,,,,,,,,240.83,3,240.84,1,240.99,1,241.0,2,241.01,2,241.02,3,241.06,2,241.21,1,241.22,3,241.23,3
2020-10-29 09:32:48,240.665,240.84,1,240.51,3,240.82,2,240.82,240.51,240.51,3,,,,,,,,,,,,,,,,,,,240.82,2,240.83,3,240.84,1,240.99,1,241.0,2,241.01,2,241.02,3,241.06,2,241.21,1,241.22,3
2020-10-29 09:32:49,240.765,240.83,1,240.53,3,241.0,4,241.0,240.53,240.53,3,240.52,2,240.51,3,,,,,,,,,,,,,,,241.0,4,241.01,2,241.02,3,241.06,2,241.21,1,241.22,3,241.23,3,241.24,2,241.25,5,241.46,4
2020-10-29 09:32:50,240.765,240.83,1,240.53,3,241.0,4,241.0,240.53,240.53,3,240.52,2,240.51,3,,,,,,,,,,,,,,,241.0,4,241.01,2,241.02,3,241.06,2,241.21,1,241.22,3,241.23,3,241.24,2,241.25,5,241.46,4
2020-10-29 09:32:51,240.765,240.83,1,240.53,3,241.0,4,241.0,240.53,240.53,3,240.52,2,240.51,3,,,,,,,,,,,,,,,241.0,4,241.01,2,241.02,3,241.06,2,241.21,1,241.22,3,241.23,3,241.24,2,241.25,5,241.46,4
2020-10-29 09:32:52,241.03,241.01,1,240.81,1,241.25,5,241.25,240.81,240.81,1,240.8,1,240.79,1,240.63,1,240.56,1,240.55,1,240.53,3,240.52,2,240.51,3,,,241.25,5,241.46,4,241.47,4,241.48,3,241.54,6,241.81,1,241.9,2,241.99,3,242.0,5,242.01,5
2020-10-29 09:32:53,241.025,241.03,1,240.8,2,241.25,5,241.25,240.8,240.8,2,240.79,1,240.63,1,240.56,1,240.55,1,240.53,3,240.52,2,240.51,3,,,,,241.25,5,241.46,4,241.47,4,241.48,3,241.54,6,241.81,1,241.9,2,241.99,3,242.0,5,242.01,5
2020-10-29 09:32:54,241.025,241.25,3,240.8,3,241.25,5,241.25,240.8,240.8,3,240.79,1,240.63,1,240.56,1,240.55,1,240.53,3,240.52,2,240.51,3,,,,,241.25,5,241.46,4,241.47,4,241.48,3,241.54,6,241.81,1,241.9,2,241.99,3,242.0,5,242.01,5
2020-10-29 09:32:55,241.025,241.09,1,240.8,5,241.25,5,241.25,240.8,240.8,5,240.79,1,240.63,1,240.56,1,240.55,1,240.53,3,240.52,2,240.51,3,,,,,241.25,5,241.46,4,241.47,4,241.48,3,241.54,6,241.81,1,241.9,2,241.99,3,242.0,5,242.01,5
2020-10-29 09:32:57,241.025,241.09,1,240.8,6,241.25,5,241.25,240.8,240.8,6,240.79,1,240.63,1,240.56,1,240.55,1,240.53,3,240.52,2,240.51,3,,,,,241.25,5,241.46,4,241.47,4,241.48,3,241.54,6,241.81,1,241.9,2,241.99,3,242.0,5,242.01,5
2020-10-29 09:32:57,241.135,241.0,5,240.8,5,241.47,3,241.47,240.8,240.8,5,240.79,1,240.63,1,240.56,1,240.55,1,240.53,3,240.52,2,240.51,3,,,,,241.47,3,241.48,3,241.54,6,241.81,1,241.9,2,241.99,3,242.0,5,242.01,5,242.02,3,242.03,2
2020-10-29 09:32:59,241.135,241.06,8,240.8,5,241.47,5,241.47,240.8,240.8,5,240.79,1,240.63,1,240.56,1,240.55,1,240.53,3,240.52,2,240.51,3,,,,,241.47,5,241.48,3,241.54,6,241.81,1,241.9,2,241.99,3,242.0,5,242.01,5,242.02,3,242.03,2
2020-10-29 09:32:59,241.135,241.06,8,240.8,5,241.47,5,241.47,240.8,240.8,5,240.79,1,240.63,1,240.56,1,240.55,1,240.53,3,240.52,2,240.51,3,,,,,241.47,5,241.48,3,241.54,6,241.81,1,241.9,2,241.99,3,242.0,5,242.01,5,242.02,3,242.03,2
2020-10-29 09:33:01,241.135,241.06,8,240.8,6,241.47,5,241.47,240.8,240.8,6,240.79,1,240.63,1,240.56,1,240.55,1,240.53,3,240.52,2,240.51,3,,,,,241.47,5,241.48,3,241.54,6,241.81,1,241.9,2,241.99,3,242.0,5,242.01,5,242.02,3,242.03,2
2020-10-29 09:33:02,241.135,241.06,8,240.8,7,241.47,5,241.47,240.8,240.8,7,240.79,1,240.63,1,240.56,1,240.55,1,240.53,3,240.52,2,240.51,3,,,,,241.47,5,241.48,3,241.54,6,241.81,1,241.9,2,241.99,3,242.0,5,242.01,5,242.02,3,242.03,2
2020-10-29 09:33:03,241.145,241.46,1,240.82,3,241.47,5,241.47,240.82,240.82,3,240.81,3,240.8,9,240.79,1,240.63,1,240.56,1,240.55,1,240.53,3,240.52,2,240.51,3,241.47,5,241.48,3,241.54,6,241.81,1,241.9,2,241.99,3,242.0,5,242.01,5,242.02,3,242.03,2
2020-10-29 09:33:04,241.145,241.16,1,240.82,2,241.47,5,241.47,240.82,240.82,2,240.81,3,240.8,9,240.79,1,240.63,1,240.56,1,240.55,1,240.53,3,240.52,2,240.51,3,241.47,5,241.48,3,241.54,6,241.81,1,241.9,2,241.99,3,242.0,5,242.01,5,242.02,3,242.03,2
2020-10-29 09:33:05,241.135,241.16,1,240.8,10,241.47,5,241.47,240.8,240.8,10,240.79,1,240.63,1,240.56,1,240.55,1,240.53,3,240.52,2,240.51,3,,,,,241.47,5,241.48,3,241.54,6,241.81,1,241.9,2,241.99,3,242.0,5,242.01,5,242.02,3,242.03,2
2020-10-29 09:33:06,241.135,241.16,1,240.8,10,241.47,5,241.47,240.8,240.8,10,240.79,1,240.63,1,240.56,1,240.55,1,240.53,3,240.52,2,240.51,3,,,,,241.47,5,241.48,3,241.54,6,241.81,1,241.9,2,241.99,3,242.0,5,242.01,5,242.02,3,242.03,2
2020-10-29 09:33:07,241.135,241.16,1,240.8,10,241.47,5,241.47,240.8,240.8,10,240.79,1,240.63,1,240.56,1,240.55,1,240.53,3,240.52,2,240.51,3,,,,,241.47,5,241.48,3,241.54,6,241.81,1,241.9,2,241.99,3,242.0,5,242.01,5,242.02,3,242.03,2
2020-10-29 09:33:08,241.48,241.46,1,241.15,3,241.81,2,241.81,241.15,241.15,3,240.81,2,240.8,10,240.79,1,240.63,1,240.56,1,240.55,1,240.53,3,240.52,2,240.51,3,241.81,2,241.9,2,241.99,3,242.0,5,242.01,5,242.02,3,242.03,2,242.04,2,242.05,5,242.06,2
2020-10-29 09:33:09,241.48,241.8,1,241.15,3,241.81,2,241.81,241.15,241.15,3,240.81,2,240.8,10,240.79,1,240.63,1,240.56,1,240.55,1,240.53,3,240.52,2,240.51,3,241.81,2,241.9,2,241.99,3,242.0,5,242.01,5,242.02,3,242.03,2,242.04,2,242.05,5,242.06,2
2020-10-29 09:33:10,241.48,241.8,1,241.15,5,241.81,2,241.81,241.15,241.15,5,240.81,2,240.8,10,240.79,1,240.63,1,240.56,1,240.55,1,240.53,3,240.52,2,240.51,3,241.81,2,241.9,2,241.99,3,242.0,5,242.01,5,242.02,3,242.03,2,242.04,2,242.05,5,242.06,2
2020-10-29 09:33:11,241.48,241.8,1,241.15,5,241.81,2,241.81,241.15,241.15,5,240.81,2,240.8,10,240.79,1,240.63,1,240.56,1,240.55,1,240.53,3,240.52,2,240.51,3,241.81,2,241.9,2,241.99,3,242.0,5,242.01,5,242.02,3,242.03,2,242.04,2,242.05,5,242.06,2
2020-10-29 09:33:12,241.49,241.8,1,241.17,2,241.81,4,241.81,241.17,241.17,2,241.16,4,241.15,6,240.81,2,240.8,10,240.79,1,240.63,1,240.56,1,240.55,1,240.53,3,241.81,4,241.9,2,241.99,3,242.0,5,242.01,5,242.02,3,242.03,2,242.04,2,242.05,5,242.06,2
2020-10-29 09:33:13,241.49,241.8,1,241.17,2,241.81,4,241.81,241.17,241.17,2,241.16,4,241.15,6,240.81,2,240.8,10,240.79,1,240.63,1,240.56,1,240.55,1,240.53,3,241.81,4,241.9,2,241.99,3,242.0,5,242.01,5,242.02,3,242.03,2,242.04,2,242.05,5,242.06,2
2020-10-29 09:33:14,241.82,241.89,1,241.58,3,242.06,2,242.06,241.58,241.58,3,241.33,4,241.32,2,241.23,2,241.17,2,241.16,4,241.15,6,240.81,2,240.8,10,240.79,1,242.06,2,242.07,5,242.12,2,242.2,1,242.21,3,242.23,5,242.24,4,242.39,1,242.4,4,242.51,3
2020-10-29 09:33:15,241.82,241.89,1,241.58,3,242.06,2,242.06,241.58,241.58,3,241.33,4,241.32,2,241.23,2,241.17,2,241.16,4,241.15,6,240.81,2,240.8,10,240.79,1,242.06,2,242.07,5,242.12,2,242.2,1,242.21,3,242.23,5,242.24,4,242.39,1,242.4,4,242.51,3
2020-10-29 09:33:16,241.71,241.59,1,241.58,2,241.84,1,241.84,241.58,241.58,2,241.33,4,241.32,2,241.23,2,241.17,2,241.16,4,241.15,6,240.81,2,240.8,10,240.79,1,241.84,1,242.03,1,242.05,1,242.06,2,242.07,5,242.12,2,242.2,1,242.21,3,242.23,5,242.24,4
2020-10-29 09:33:17,241.71,241.59,1,241.58,2,241.84,1,241.84,241.58,241.58,2,241.33,4,241.32,2,241.23,2,241.17,2,241.16,4,241.15,6,240.81,2,240.8,10,240.79,1,241.84,1,242.03,1,242.05,1,242.06,2,242.07,5,242.12,2,242.2,1,242.21,3,242.23,5,242.24,4
2020-10-29 09:33:18,241.71,241.59,1,241.58,2,241.84,1,241.84,241.58,241.58,2,241.33,4,241.32,2,241.23,2,241.17,2,241.16,4,241.15,6,240.81,2,240.8,10,240.79,1,241.84,1,242.03,1,242.05,1,242.06,2,242.07,5,242.12,2,242.2,1,242.21,3,242.23,5,242.24,4
2020-10-29 09:33:18,241.845,241.84,1,241.65,2,242.04,2,242.04,241.65,241.65,2,241.64,5,241.59,1,241.58,3,241.33,4,241.32,2,241.23,2,241.17,2,241.16,4,241.15,6,242.04,2,242.05,1,242.06,2,242.07,5,242.12,2,242.2,1,242.21,3,242.23,5,242.24,4,242.39,1
2020-10-29 09:33:20,241.845,241.84,1,241.65,3,242.04,3,242.04,241.65,241.65,3,241.64,5,241.59,1,241.58,3,241.33,4,241.32,2,241.23,2,241.17,2,241.16,4,241.15,6,242.04,3,242.05,1,242.06,2,242.07,5,242.12,2,242.2,1,242.21,3,242.23,5,242.24,4,242.39,1
2020-10-29 09:33:21,241.845,241.84,1,241.65,5,242.04,3,242.04,241.65,241.65,5,241.64,5,241.59,1,241.58,3,241.33,4,241.32,2,241.23,2,241.17,2,241.16,4,241.15,6,242.04,3,242.05,1,242.06,2,242.07,5,242.12,2,242.2,1,242.21,3,242.23,5,242.24,4,242.39,1
2020-10-29 09:33:22,241.59,241.57,1,241.33,4,241.85,2,241.85,241.33,241.33,4,241.32,2,241.23,2,241.17,2,241.16,4,241.15,6,240.81,2,240.8,10,240.79,1,240.63,1,241.85,2,242.04,3,242.05,1,242.06,2,242.07,5,242.12,2,242.2,1,242.21,3,242.23,5,242.24,4
2020-10-29 09:33:23,241.595,241.57,1,241.34,1,241.85,1,241.85,241.34,241.34,1,241.33,4,241.32,2,241.23,2,241.17,2,241.16,4,241.15,6,240.81,2,240.8,10,240.79,1,241.85,1,242.04,3,242.05,1,242.06,2,242.07,5,242.12,2,242.2,1,242.21,3,242.23,5,242.24,4
2020-10-29 09:33:24,241.59,241.57,1,241.33,4,241.85,1,241.85,241.33,241.33,4,241.32,2,241.23,2,241.17,2,241.16,4,241.15,6,240.81,2,240.8,10,240.79,1,240.63,1,241.85,1,242.04,3,242.05,1,242.06,2,242.07,5,242.12,2,242.2,1,242.21,3,242.23,5,242.24,4
2020-10-29 09:33:25,241.64,241.57,1,241.37,2,241.91,1,241.91,241.37,241.37,2,241.36,1,241.35,2,241.33,4,241.32,2,241.23,2,241.17,2,241.16,4,241.15,6,240.81,2,241.91,1,242.04,3,242.05,1,242.06,2,242.07,5,242.12,2,242.2,1,242.21,3,242.23,5,242.24,4
2020-10-29 09:33:26,241.64,241.57,1,241.37,4,241.91,2,241.91,241.37,241.37,4,241.36,1,241.35,2,241.33,4,241.32,2,241.23,2,241.17,2,241.16,4,241.15,6,240.81,2,241.91,2,242.04,4,242.05,1,242.06,2,242.07,5,242.12,2,242.2,1,242.21,3,242.23,5,242.24,4
2020-10-29 09:33:27,241.64,241.57,1,241.37,4,241.91,2,241.91,241.37,241.37,4,241.36,1,241.35,2,241.33,4,241.32,2,241.23,2,241.17,2,241.16,4,241.15,6,240.81,2,241.91,2,242.04,4,242.05,1,242.06,2,242.07,5,242.12,2,242.2,1,242.21,3,242.23,5,242.24,4
2020-10-29 09:33:28,241.64,241.57,1,241.37,4,241.91,2,241.91,241.37,241.37,4,241.36,1,241.35,2,241.33,4,241.32,2,241.23,2,241.17,2,241.16,4,241.15,6,240.81,2,241.91,2,242.04,4,242.05,1,242.06,2,242.07,5,242.12,2,242.2,1,242.21,3,242.23,5,242.24,4
2020-10-29 09:33:29,241.955,241.9,1,241.67,1,242.24,6,242.24,241.67,241.67,1,241.66,2,241.39,2,241.38,1,241.37,4,241.36,1,241.35,2,241.33,4,241.32,2,241.23,2,242.24,6,242.39,1,242.4,4,242.51,3,242.6,1,242.64,1,242.76,2,242.77,2,242.94,2,242.99,1
2020-10-29 09:33:30,241.955,241.9,1,241.67,1,242.24,6,242.24,241.67,241.67,1,241.66,2,241.39,2,241.38,1,241.37,4,241.36,1,241.35,2,241.33,4,241.32,2,241.23,2,242.24,6,242.39,1,242.4,4,242.51,3,242.6,1,242.64,1,242.76,2,242.77,2,242.94,2,242.99,1
2020-10-29 09:33:31,241.985,241.9,1,241.73,2,242.24,6,242.24,241.73,241.73,2,241.72,1,241.67,1,241.66,2,241.39,2,241.38,1,241.37,4,241.36,1,241.35,2,241.33,4,242.24,6,242.39,1,242.4,4,242.51,3,242.6,1,242.64,1,242.76,2,242.77,2,242.94,2,242.99,1
2020-10-29 09:33:32,242.195,242.23,2,241.99,2,242.4,4,242.4,241.99,241.99,2,241.81,1,241.75,1,241.72,1,241.67,1,241.66,2,241.39,2,241.38,1,241.37,4,241.36,1,242.4,4,242.51,3,242.6,1,242.64,1,242.76,2,242.77,2,242.94,2,242.99,1,243.22,1,,
2020-10-29 09:33:33,242.195,242.21,10,241.99,2,242.4,4,242.4,241.99,241.99,2,241.81,1,241.75,1,241.72,1,241.67,1,241.66,2,241.39,2,241.38,1,241.37,4,241.36,1,242.4,4,242.51,3,242.6,1,242.64,1,242.76,2,242.77,2,242.94,2,242.99,1,243.22,1,,
2020-10-29 09:33:34,242.195,242.21,10,241.99,2,242.4,4,242.4,241.99,241.99,2,241.81,1,241.75,1,241.72,1,241.67,1,241.66,2,241.39,2,241.38,1,241.37,4,241.36,1,242.4,4,242.51,3,242.6,1,242.64,1,242.76,2,242.77,2,242.94,2,242.99,1,243.22,1,,
2020-10-29 09:33:35,242.195,242.21,10,241.99,2,242.4,4,242.4,241.99,241.99,2,241.81,1,241.75,1,241.72,1,241.67,1,241.66,2,241.39,2,241.38,1,241.37,4,241.36,1,242.4,4,242.51,3,242.6,1,242.64,1,242.76,2,242.77,2,242.94,2,242.99,1,243.22,1,,
2020-10-29 09:33:36,241.985,241.85,1,241.72,1,242.25,4,242.25,241.72,241.72,1,241.67,1,241.66,2,241.39,2,241.38,1,241.37,4,241.36,1,241.35,2,241.33,4,241.32,2,242.25,4,242.4,4,242.51,3,242.6,1,242.64,1,242.76,2,242.77,2,242.94,2,242.99,1,243.22,1
2020-10-29 09:33:37,241.985,241.85,1,241.72,1,242.25,6,242.25,241.72,241.72,1,241.67,1,241.66,2,241.39,2,241.38,1,241.37,4,241.36,1,241.35,2,241.33,4,241.32,2,242.25,6,242.4,4,242.51,3,242.6,1,242.64,1,242.76,2,242.77,2,242.94,2,242.99,1,243.22,1
2020-10-29 09:33:38,241.985,241.85,1,241.72,1,242.25,6,242.25,241.72,241.72,1,241.67,1,241.66,2,241.39,2,241.38,1,241.37,4,241.36,1,241.35,2,241.33,4,241.32,2,242.25,6,242.4,4,242.51,3,242.6,1,242.64,1,242.76,2,242.77,2,242.94,2,242.99,1,243.22,1
2020-10-29 09:33:39,241.985,241.99,2,241.72,1,242.25,6,242.25,241.72,241.72,1,241.67,1,241.66,2,241.39,2,241.38,1,241.37,4,241.36,1,241.35,2,241.33,4,241.32,2,242.25,6,242.4,4,242.51,3,242.6,1,242.64,1,242.76,2,242.77,2,242.94,2,242.99,1,243.22,1
2020-10-29 09:33:40,241.985,241.99,2,241.72,1,242.25,6,242.25,241.72,241.72,1,241.67,1,241.66,2,241.39,2,241.38,1,241.37,4,241.36,1,241.35,2,241.33,4,241.32,2,242.25,6,242.4,4,242.51,3,242.6,1,242.64,1,242.76,2,242.77,2,242.94,2,242.99,1,243.22,1
2020-10-29 09:33:41,241.985,242.24,1,241.72,1,242.25,6,242.25,241.72,241.72,1,241.67,1,241.66,2,241.39,2,241.38,1,241.37,4,241.36,1,241.35,2,241.33,4,241.32,2,242.25,6,242.4,4,242.51,3,242.6,1,242.64,1,242.76,2,242.77,2,242.94,2,242.99,1,243.22,1
2020-10-29 09:33:42,241.985,242.24,1,241.72,1,242.25,6,242.25,241.72,241.72,1,241.67,1,241.66,2,241.39,2,241.38,1,241.37,4,241.36,1,241.35,2,241.33,4,241.32,2,242.25,6,242.4,4,242.51,3,242.6,1,242.64,1,242.76,2,242.77,2,242.94,2,242.99,1,243.22,1
2020-10-29 09:33:43,241.985,242.24,1,241.72,1,242.25,6,242.25,241.72,241.72,1,241.67,1,241.66,2,241.39,2,241.38,1,241.37,4,241.36,1,241.35,2,241.33,4,241.32,2,242.25,6,242.4,4,242.51,3,242.6,1,242.64,1,242.76,2,242.77,2,242.94,2,242.99,1,243.22,1
2020-10-29 09:33:44,241.985,242.24,1,241.72,2,242.25,5,242.25,241.72,241.72,2,241.67,1,241.66,2,241.39,2,241.38,1,241.37,4,241.36,1,241.35,2,241.33,4,241.32,2,242.25,5,242.4,4,242.51,3,242.6,1,242.64,1,242.76,2,242.77,2,242.94,2,242.99,1,243.22,1
2020-10-29 09:33:45,241.98,242.24,1,241.72,2,242.24,2,242.24,241.72,241.72,2,241.67,1,241.66,2,241.39,2,241.38,1,241.37,4,241.36,1,241.35,2,241.33,4,241.32,2,242.24,2,242.25,5,242.4,4,242.51,3,242.6,1,242.64,1,242.76,2,242.77,2,242.94,2,242.99,1
2020-10-29 09:33:46,241.99,242.24,1,241.73,2,242.25,4,242.25,241.73,241.73,2,241.72,2,241.67,1,241.66,2,241.39,2,241.38,1,241.37,4,241.36,1,241.35,2,241.33,4,242.25,4,242.4,4,242.51,3,242.6,1,242.64,1,242.76,2,242.77,2,242.94,2,242.99,1,243.22,1
2020-10-29 09:33:48,241.99,242.24,1,241.73,2,242.25,4,242.25,241.73,241.73,2,241.72,2,241.67,1,241.66,2,241.39,2,241.38,1,241.37,4,241.36,1,241.35,2,241.33,4,242.25,4,242.4,4,242.51,3,242.6,1,242.64,1,242.76,2,242.77,2,242.94,2,242.99,1,243.22,1
2020-10-29 09:33:48,241.99,242.24,1,241.73,2,242.25,4,242.25,241.73,241.73,2,241.72,2,241.67,1,241.66,2,241.39,2,241.38,1,241.37,4,241.36,1,241.35,2,241.33,4,242.25,4,242.4,4,242.51,3,242.6,1,242.64,1,242.76,2,242.77,2,242.94,2,242.99,1,243.22,1
2020-10-29 09:33:49,241.99,242.24,1,241.73,4,242.25,4,242.25,241.73,241.73,4,241.72,2,241.67,1,241.66,2,241.39,2,241.38,1,241.37,4,241.36,1,241.35,2,241.33,4,242.25,4,242.4,4,242.51,3,242.6,1,242.64,1,242.76,2,242.77,2,242.94,2,242.99,1,243.22,1
2020-10-29 09:33:50,241.99,242.24,1,241.73,4,242.25,4,242.25,241.73,241.73,4,241.72,2,241.67,1,241.66,2,241.39,2,241.38,1,241.37,4,241.36,1,241.35,2,241.33,4,242.25,4,242.4,4,242.51,3,242.6,1,242.64,1,242.76,2,242.77,2,242.94,2,242.99,1,243.22,1
2020-10-29 09:33:51,241.99,242.24,1,241.73,3,242.25,4,242.25,241.73,241.73,3,241.72,2,241.67,1,241.66,2,241.39,2,241.38,1,241.37,4,241.36,1,241.35,2,241.33,4,242.25,4,242.4,4,242.51,3,242.6,1,242.64,1,242.76,2,242.77,2,242.94,2,242.99,1,243.22,1
2020-10-29 09:33:52,241.99,242.25,1,241.73,3,242.25,4,242.25,241.73,241.73,3,241.72,2,241.67,1,241.66,2,241.39,2,241.38,1,241.37,4,241.36,1,241.35,2,241.33,4,242.25,4,242.4,4,242.51,3,242.6,1,242.64,1,242.76,2,242.77,2,242.94,2,242.99,1,243.22,1
2020-10-29 09:33:53,241.99,242.24,1,241.73,3,242.25,4,242.25,241.73,241.73,3,241.72,2,241.67,1,241.66,2,241.39,2,241.38,1,241.37,4,241.36,1,241.35,2,241.33,4,242.25,4,242.4,4,242.51,3,242.6,1,242.64,1,242.76,2,242.77,2,242.94,2,242.99,1,243.22,1
2020-10-29 09:33:54,241.99,242.24,1,241.73,3,242.25,4,242.25,241.73,241.73,3,241.72,2,241.67,1,241.66,2,241.39,2,241.38,1,241.37,4,241.36,1,241.35,2,241.33,4,242.25,4,242.4,4,242.51,3,242.6,1,242.64,1,242.76,2,242.77,2,242.94,2,242.99,1,243.22,1
2020-10-29 09:33:55,242.01,242.0,1,241.74,2,242.28,3,242.28,241.74,241.74,2,241.73,4,241.72,2,241.67,1,241.66,2,241.39,2,241.38,1,241.37,4,241.36,1,241.35,2,242.28,3,242.39,1,242.4,4,242.51,3,242.6,1,242.64,1,242.76,2,242.77,2,242.94,2,242.99,1
2020-10-29 09:33:56,242.01,242.0,1,241.74,2,242.28,3,242.28,241.74,241.74,2,241.73,4,241.72,2,241.67,1,241.66,2,241.39,2,241.38,1,241.37,4,241.36,1,241.35,2,242.28,3,242.39,1,242.4,4,242.51,3,242.6,1,242.64,1,242.76,2,242.77,2,242.94,2,242.99,1
2020-10-29 09:33:57,242.01,242.0,1,241.74,2,242.28,5,242.28,241.74,241.74,2,241.73,4,241.72,2,241.67,1,241.66,2,241.39,2,241.38,1,241.37,4,241.36,1,241.35,2,242.28,5,242.39,1,242.4,4,242.51,3,242.6,1,242.64,1,242.76,2,242.77,2,242.94,2,242.99,1
2020-10-29 09:33:58,241.865,241.96,2,241.68,3,242.05,2,242.05,241.68,241.68,3,241.67,4,241.66,2,241.39,2,241.38,1,241.37,4,241.36,1,241.35,2,241.33,4,241.32,2,242.05,2,242.1,1,242.11,2,242.28,6,242.39,1,242.4,4,242.51,3,242.6,1,242.64,1,242.76,2
2020-10-29 09:33:59,241.865,241.96,2,241.68,4,242.05,2,242.05,241.68,241.68,4,241.67,4,241.66,2,241.39,2,241.38,1,241.37,4,241.36,1,241.35,2,241.33,4,241.32,2,242.05,2,242.1,1,242.11,2,242.28,6,242.39,1,242.4,4,242.51,3,242.6,1,242.64,1,242.76,2
2020-10-29 09:34:00,241.86,241.96,2,241.67,3,242.05,2,242.05,241.67,241.67,3,241.66,2,241.39,2,241.38,1,241.37,4,241.36,1,241.35,2,241.33,4,241.32,2,241.23,2,242.05,2,242.1,1,242.11,2,242.28,6,242.39,1,242.4,4,242.51,3,242.6,1,242.64,1,242.76,2
2020-10-29 09:34:01,241.585,241.84,2,241.33,5,241.84,2,241.84,241.33,241.33,5,241.32,2,241.23,2,241.17,2,241.16,4,241.15,6,240.81,2,240.8,10,240.79,1,240.63,1,241.84,2,241.85,1,242.05,3,242.1,1,242.11,2,242.28,6,242.39,1,242.4,4,242.51,3,242.6,1
2020-10-29 09:34:02,241.59,241.84,2,241.33,4,241.85,1,241.85,241.33,241.33,4,241.32,2,241.23,2,241.17,2,241.16,4,241.15,6,240.81,2,240.8,10,240.79,1,240.63,1,241.85,1,242.05,3,242.1,1,242.11,2,242.28,6,242.39,1,242.4,4,242.51,3,242.6,1,242.64,1
2020-10-29 09:34:03,241.59,241.84,2,241.33,4,241.85,1,241.85,241.33,241.33,4,241.32,2,241.23,2,241.17,2,241.16,4,241.15,6,240.81,2,240.8,10,240.79,1,240.63,1,241.85,1,242.05,3,242.1,1,242.11,2,242.28,6,242.39,1,242.4,4,242.51,3,242.6,1,242.64,1
2020-10-29 09:34:04,241.59,241.84,2,241.33,4,241.85,1,241.85,241.33,241.33,4,241.32,2,241.23,2,241.17,2,241.16,4,241.15,6,240.81,2,240.8,10,240.79,1,240.63,1,241.85,1,242.05,3,242.1,1,242.11,2,242.28,6,242.39,1,242.4,4,242.51,3,242.6,1,242.64,1
2020-10-29 09:34:05,241.59,241.84,2,241.33,4,241.85,2,241.85,241.33,241.33,4,241.32,2,241.23,2,241.17,2,241.16,4,241.15,6,240.81,2,240.8,10,240.79,1,240.63,1,241.85,2,242.05,3,242.1,1,242.11,2,242.28,6,242.39,1,242.4,4,242.51,3,242.6,1,242.64,1
2020-10-29 09:34:06,241.67,241.84,2,241.49,2,241.85,2,241.85,241.49,241.49,2,241.33,4,241.32,2,241.23,2,241.17,2,241.16,4,241.15,6,240.81,2,240.8,10,240.79,1,241.85,2,242.05,3,242.1,1,242.11,2,242.28,6,242.39,1,242.4,4,242.51,3,242.6,1,242.64,1
2020-10-29 09:34:07,241.67,241.84,2,241.49,2,241.85,2,241.85,241.49,241.49,2,241.33,4,241.32,2,241.23,2,241.17,2,241.16,4,241.15,6,240.81,2,240.8,10,240.79,1,241.85,2,242.05,3,242.1,1,242.11,2,242.28,6,242.39,1,242.4,4,242.51,3,242.6,1,242.64,1
2020-10-29 09:34:08,241.67,241.84,2,241.49,2,241.85,2,241.85,241.49,241.49,2,241.33,4,241.32,2,241.23,2,241.17,2,241.16,4,241.15,6,240.81,2,240.8,10,240.79,1,241.85,2,242.05,3,242.1,1,242.11,2,242.28,6,242.39,1,242.4,4,242.51,3,242.6,1,242.64,1
2020-10-29 09:34:09,241.67,241.84,2,241.49,2,241.85,2,241.85,241.49,241.49,2,241.33,4,241.32,2,241.23,2,241.17,2,241.16,4,241.15,6,240.81,2,240.8,10,240.79,1,241.85,2,242.05,3,242.1,1,242.11,2,242.28,6,242.39,1,242.4,4,242.51,3,242.6,1,242.64,1
2020-10-29 09:34:10,241.685,241.92,1,241.43,1,241.94,3,241.94,241.43,241.43,1,241.33,4,241.32,2,241.23,2,241.17,2,241.16,4,241.15,6,240.81,2,240.8,10,240.79,1,241.94,3,242.05,3,242.1,1,242.11,2,242.28,6,242.39,1,242.4,4,242.51,3,242.6,1,242.64,1
2020-10-29 09:34:11,241.685,241.84,1,241.43,2,241.94,3,241.94,241.43,241.43,2,241.33,4,241.32,2,241.23,2,241.17,2,241.16,4,241.15,6,240.81,2,240.8,10,240.79,1,241.94,3,242.05,3,242.1,1,242.11,2,242.28,6,242.39,1,242.4,4,242.51,3,242.6,1,242.64,1
2020-10-29 09:34:12,241.685,241.84,1,241.43,2,241.94,4,241.94,241.43,241.43,2,241.33,4,241.32,2,241.23,2,241.17,2,241.16,4,241.15,6,240.81,2,240.8,10,240.79,1,241.94,4,242.05,3,242.1,1,242.11,2,242.28,6,242.39,1,242.4,4,242.51,3,242.6,1,242.64,1
2020-10-29 09:34:13,241.64,241.84,1,241.43,2,241.85,2,241.85,241.43,241.43,2,241.33,4,241.32,2,241.23,2,241.17,2,241.16,4,241.15,6,240.81,2,240.8,10,240.79,1,241.85,2,241.94,4,242.05,3,242.1,1,242.11,2,242.28,6,242.39,1,242.4,4,242.51,3,242.6,1
2020-10-29 09:34:14,241.675,241.84,1,241.5,1,241.85,2,241.85,241.5,241.5,1,241.43,2,241.33,4,241.32,2,241.23,2,241.17,2,241.16,4,241.15,6,240.81,2,240.8,10,241.85,2,241.94,4,242.05,3,242.1,1,242.11,2,242.28,6,242.39,1,242.4,4,242.51,3,242.6,1
2020-10-29 09:34:15,241.64,241.57,1,241.43,2,241.85,2,241.85,241.43,241.43,2,241.33,4,241.32,2,241.23,2,241.17,2,241.16,4,241.15,6,240.81,2,240.8,10,240.79,1,241.85,2,241.94,4,242.05,3,242.1,1,242.11,2,242.28,6,242.39,1,242.4,4,242.51,3,242.6,1
2020-10-29 09:34:16,241.64,241.57,1,241.43,2,241.85,2,241.85,241.43,241.43,2,241.33,4,241.32,2,241.23,2,241.17,2,241.16,4,241.15,6,240.81,2,240.8,10,240.79,1,241.85,2,241.94,4,242.05,3,242.1,1,242.11,2,242.28,6,242.39,1,242.4,4,242.51,3,242.6,1
2020-10-29 09:34:17,241.64,241.57,1,241.43,2,241.85,2,241.85,241.43,241.43,2,241.33,4,241.32,2,241.23,2,241.17,2,241.16,4,241.15,6,240.81,2,240.8,10,240.79,1,241.85,2,241.94,4,242.05,3,242.1,1,242.11,2,242.28,6,242.39,1,242.4,4,242.51,3,242.6,1
2020-10-29 09:34:18,241.335,241.49,1,241.17,1,241.5,4,241.5,241.17,241.17,1,241.16,2,241.15,2,241.14,2,241.13,2,240.81,2,240.8,10,240.79,1,240.63,1,240.56,1,241.5,4,241.71,2,241.84,2,241.85,2,241.94,4,242.05,3,242.1,1,242.11,2,242.28,6,242.39,1
2020-10-29 09:34:19,241.315,241.49,1,241.13,2,241.5,4,241.5,241.13,241.13,2,240.81,2,240.8,10,240.79,1,240.63,1,240.56,1,240.55,1,240.53,3,240.52,2,240.51,3,241.5,4,241.71,2,241.84,2,241.85,2,241.94,4,242.05,3,242.1,1,242.11,2,242.28,6,242.39,1
2020-10-29 09:34:20,241.31,241.49,1,241.13,1,241.49,5,241.49,241.13,241.13,1,240.81,2,240.8,10,240.79,1,240.63,1,240.56,1,240.55,1,240.53,3,240.52,2,240.51,3,241.49,5,241.5,6,241.71,2,241.84,2,241.85,2,241.94,4,242.05,3,242.1,1,242.11,2,242.28,6
2020-10-29 09:34:21,241.31,241.49,1,241.13,2,241.49,5,241.49,241.13,241.13,2,240.81,2,240.8,10,240.79,1,240.63,1,240.56,1,240.55,1,240.53,3,240.52,2,240.51,3,241.49,5,241.5,6,241.71,2,241.84,2,241.85,2,241.94,4,242.05,3,242.1,1,242.11,2,242.28,6
2020-10-29 09:34:22,241.305,241.15,1,241.13,3,241.48,1,241.48,241.13,241.13,3,240.81,2,240.8,10,240.79,1,240.63,1,240.56,1,240.55,1,240.53,3,240.52,2,240.51,3,241.48,1,241.49,5,241.5,6,241.71,2,241.84,2,241.85,2,241.94,4,242.05,3,242.1,1,242.11,2
2020-10-29 09:34:23,241.31,241.28,1,241.13,3,241.49,5,241.49,241.13,241.13,3,240.81,2,240.8,10,240.79,1,240.63,1,240.56,1,240.55,1,240.53,3,240.52,2,240.51,3,241.49,5,241.5,6,241.71,2,241.84,2,241.85,2,241.94,4,242.05,3,242.1,1,242.11,2,242.28,6
2020-10-29 09:34:24,241.325,241.28,1,241.16,2,241.49,5,241.49,241.16,241.16,2,241.15,2,241.13,3,240.81,2,240.8,10,240.79,1,240.63,1,240.56,1,240.55,1,240.53,3,241.49,5,241.5,6,241.71,2,241.84,2,241.85,2,241.94,4,242.05,3,242.1,1,242.11,2,242.28,6
2020-10-29 09:34:25,241.31,241.15,1,241.13,5,241.49,5,241.49,241.13,241.13,5,240.81,2,240.8,10,240.79,1,240.63,1,240.56,1,240.55,1,240.53,3,240.52,2,240.51,3,241.49,5,241.5,6,241.71,2,241.84,2,241.85,2,241.94,4,242.05,3,242.1,1,242.11,2,242.28,6
2020-10-29 09:34:26,241.31,241.49,2,241.13,6,241.49,5,241.49,241.13,241.13,6,240.81,2,240.8,10,240.79,1,240.63,1,240.56,1,240.55,1,240.53,3,240.52,2,240.51,3,241.49,5,241.5,6,241.71,2,241.84,2,241.85,2,241.94,4,242.05,3,242.1,1,242.11,2,242.28,6
2020-10-29 09:34:27,241.31,241.49,2,241.13,6,241.49,5,241.49,241.13,241.13,6,240.81,2,240.8,10,240.79,1,240.63,1,240.56,1,240.55,1,240.53,3,240.52,2,240.51,3,241.49,5,241.5,6,241.71,2,241.84,2,241.85,2,241.94,4,242.05,3,242.1,1,242.11,2,242.28,6
2020-10-29 09:34:28,241.31,241.49,2,241.13,6,241.49,5,241.49,241.13,241.13,6,240.81,2,240.8,10,240.79,1,240.63,1,240.56,1,240.55,1,240.53,3,240.52,2,240.51,3,241.49,5,241.5,6,241.71,2,241.84,2,241.85,2,241.94,4,242.05,3,242.1,1,242.11,2,242.28,6
2020-10-29 09:34:29,241.31,241.49,2,241.13,5,241.49,5,241.49,241.13,241.13,5,240.81,2,240.8,10,240.79,1,240.63,1,240.56,1,240.55,1,240.53,3,240.52,2,240.51,3,241.49,5,241.5,6,241.71,2,241.84,2,241.85,2,241.94,4,242.05,3,242.1,1,242.11,2,242.28,6
2020-10-29 09:34:30,241.275,241.49,2,241.13,4,241.42,2,241.42,241.13,241.13,4,240.81,2,240.8,10,240.79,1,240.63,1,240.56,1,240.55,1,240.53,3,240.52,2,240.51,3,241.42,2,241.49,5,241.5,6,241.71,2,241.84,2,241.85,2,241.94,4,242.05,3,242.1,1,242.11,2
2020-10-29 09:34:31,241.275,241.49,2,241.13,4,241.42,2,241.42,241.13,241.13,4,240.81,2,240.8,10,240.79,1,240.63,1,240.56,1,240.55,1,240.53,3,240.52,2,240.51,3,241.42,2,241.49,5,241.5,6,241.71,2,241.84,2,241.85,2,241.94,4,242.05,3,242.1,1,242.11,2
2020-10-29 09:34:32,241.2,241.49,2,240.98,2,241.42,3,241.42,240.98,240.98,2,240.81,2,240.8,10,240.79,1,240.63,1,240.56,1,240.55,1,240.53,3,240.52,2,240.51,3,241.42,3,241.49,5,241.5,6,241.71,2,241.84,2,241.85,2,241.94,4,242.05,3,242.1,1,242.11,2
2020-10-29 09:34:33,241.2,241.49,2,240.98,2,241.42,3,241.42,240.98,240.98,2,240.81,2,240.8,10,240.79,1,240.63,1,240.56,1,240.55,1,240.53,3,240.52,2,240.51,3,241.42,3,241.49,5,241.5,6,241.71,2,241.84,2,241.85,2,241.94,4,242.05,3,242.1,1,242.11,2
2020-10-29 09:34:34,241.2,241.49,2,240.98,2,241.42,3,241.42,240.98,240.98,2,240.81,2,240.8,10,240.79,1,240.63,1,240.56,1,240.55,1,240.53,3,240.52,2,240.51,3,241.42,3,241.49,5,241.5,6,241.71,2,241.84,2,241.85,2,241.94,4,242.05,3,242.1,1,242.11,2
2020-10-29 09:34:35,241.2,241.49,2,240.98,2,241.42,3,241.42,240.98,240.98,2,240.81,2,240.8,10,240.79,1,240.63,1,240.56,1,240.55,1,240.53,3,240.52,2,240.51,3,241.42,3,241.49,5,241.5,6,241.71,2,241.84,2,241.85,2,241.94,4,242.05,3,242.1,1,242.11,2
2020-10-29 09:34:36,241.245,241.49,2,241.01,4,241.48,1,241.48,241.01,241.01,4,240.99,1,240.98,2,240.81,2,240.8,10,240.79,1,240.63,1,240.56,1,240.55,1,240.53,3,241.48,1,241.49,5,241.5,6,241.71,2,241.84,2,241.85,2,241.94,4,242.05,3,242.1,1,242.11,2
2020-10-29 09:34:37,241.25,241.49,2,241.01,4,241.49,5,241.49,241.01,241.01,4,240.99,1,240.98,2,240.81,2,240.8,10,240.79,1,240.63,1,240.56,1,240.55,1,240.53,3,241.49,5,241.5,6,241.71,2,241.84,2,241.85,2,241.94,4,242.05,3,242.1,1,242.11,2,242.28,6
2020-10-29 09:34:38,241.205,241.49,2,241.01,5,241.4,2,241.4,241.01,241.01,5,240.99,1,240.98,2,240.81,2,240.8,10,240.79,1,240.63,1,240.56,1,240.55,1,240.53,3,241.4,2,241.49,5,241.5,6,241.71,2,241.84,2,241.85,2,241.94,4,242.05,3,242.1,1,242.11,2
2020-10-29 09:34:39,241.25,241.49,2,241.01,5,241.49,5,241.49,241.01,241.01,5,240.99,1,240.98,2,240.81,2,240.8,10,240.79,1,240.63,1,240.56,1,240.55,1,240.53,3,241.49,5,241.5,6,241.71,2,241.84,2,241.85,2,241.94,4,242.05,3,242.1,1,242.11,2,242.28,6
2020-10-29 09:34:40,241.015,241.01,1,240.82,5,241.21,1,241.21,240.82,240.82,5,240.81,4,240.8,10,240.79,1,240.63,1,240.56,1,240.55,1,240.53,3,240.52,2,240.51,3,241.21,1,241.32,4,241.49,5,241.5,6,241.71,2,241.84,2,241.85,2,241.94,4,242.05,3,242.1,1
2020-10-29 09:34:41,241.015,241.21,1,240.82,5,241.21,1,241.21,240.82,240.82,5,240.81,4,240.8,10,240.79,1,240.63,1,240.56,1,240.55,1,240.53,3,240.52,2,240.51,3,241.21,1,241.32,4,241.49,5,241.5,6,241.71,2,241.84,2,241.85,2,241.94,4,242.05,3,242.1,1
2020-10-29 09:34:42,241.015,241.21,1,240.82,5,241.21,1,241.21,240.82,240.82,5,240.81,4,240.8,10,240.79,1,240.63,1,240.56,1,240.55,1,240.53,3,240.52,2,240.51,3,241.21,1,241.32,4,241.49,5,241.5,6,241.71,2,241.84,2,241.85,2,241.94,4,242.05,3,242.1,1
2020-10-29 09:34:43,241.11,241.21,1,240.82,6,241.4,2,241.4,240.82,240.82,6,240.81,4,240.8,10,240.79,1,240.63,1,240.56,1,240.55,1,240.53,3,240.52,2,240.51,3,241.4,2,241.49,5,241.5,6,241.71,2,241.84,2,241.85,2,241.94,4,242.05,3,242.1,1,242.11,2
2020-10-29 09:34:44,241.115,241.21,1,240.83,2,241.4,4,241.4,240.83,240.83,2,240.82,6,240.81,4,240.8,10,240.79,1,240.63,1,240.56,1,240.55,1,240.53,3,240.52,2,241.4,4,241.49,5,241.5,6,241.71,2,241.84,2,241.85,2,241.94,4,242.05,3,242.1,1,242.11,2
2020-10-29 09:34:45,241.245,241.21,1,241.0,2,241.49,8,241.49,241.0,241.0,2,240.99,4,240.85,1,240.84,2,240.83,2,240.82,6,240.81,4,240.8,10,240.79,1,240.63,1,241.49,8,241.5,6,241.71,2,241.84,2,241.85,2,241.94,4,242.05,3,242.1,1,242.11,2,242.28,6
2020-10-29 09:34:46,241.245,241.21,1,241.0,2,241.49,8,241.49,241.0,241.0,2,240.99,4,240.85,1,240.84,2,240.83,2,240.82,6,240.81,4,240.8,10,240.79,1,240.63,1,241.49,8,241.5,6,241.71,2,241.84,2,241.85,2,241.94,4,242.05,3,242.1,1,242.11,2,242.28,6
2020-10-29 09:34:47,241.24,241.21,1,241.0,5,241.48,1,241.48,241.0,241.0,5,240.99,4,240.85,1,240.84,2,240.83,2,240.82,6,240.81,4,240.8,10,240.79,1,240.63,1,241.48,1,241.49,8,241.5,6,241.71,2,241.84,2,241.85,2,241.94,4,242.05,3,242.1,1,242.11,2
2020-10-29 09:34:48,241.245,241.25,1,241.0,5,241.49,8,241.49,241.0,241.0,5,240.99,4,240.85,1,240.84,2,240.83,2,240.82,6,240.81,4,240.8,10,240.79,1,240.63,1,241.49,8,241.5,6,241.71,2,241.84,2,241.85,2,241.94,4,242.05,3,242.1,1,242.11,2,242.28,6
2020-10-29 09:34:49,241.245,241.25,1,241.0,5,241.49,8,241.49,241.0,241.0,5,240.99,4,240.85,1,240.84,2,240.83,2,240.82,6,240.81,4,240.8,10,240.79,1,240.63,1,241.49,8,241.5,6,241.71,2,241.84,2,241.85,2,241.94,4,242.05,3,242.1,1,242.11,2,242.28,6
2020-10-29 09:34:51,241.245,241.25,1,241.0,5,241.49,8,241.49,241.0,241.0,5,240.99,4,240.85,1,240.84,2,240.83,2,240.82,6,240.81,4,240.8,10,240.79,1,240.63,1,241.49,8,241.5,6,241.71,2,241.84,2,241.85,2,241.94,4,242.05,3,242.1,1,242.11,2,242.28,6
2020-10-29 09:34:52,241.245,241.25,1,241.0,5,241.49,8,241.49,241.0,241.0,5,240.99,4,240.85,1,240.84,2,240.83,2,240.82,6,240.81,4,240.8,10,240.79,1,240.63,1,241.49,8,241.5,6,241.71,2,241.84,2,241.85,2,241.94,4,242.05,3,242.1,1,242.11,2,242.28,6
2020-10-29 09:34:53,241.245,241.47,1,241.0,5,241.49,8,241.49,241.0,241.0,5,240.99,4,240.85,1,240.84,2,240.83,2,240.82,6,240.81,4,240.8,10,240.79,1,240.63,1,241.49,8,241.5,6,241.71,2,241.84,2,241.85,2,241.94,4,242.05,3,242.1,1,242.11,2,242.28,6
2020-10-29 09:34:54,241.245,241.47,1,241.0,5,241.49,8,241.49,241.0,241.0,5,240.99,4,240.85,1,240.84,2,240.83,2,240.82,6,240.81,4,240.8,10,240.79,1,240.63,1,241.49,8,241.5,6,241.71,2,241.84,2,241.85,2,241.94,4,242.05,3,242.1,1,242.11,2,242.28,6
2020-10-29 09:34:55,241.245,241.47,1,241.0,5,241.49,8,241.49,241.0,241.0,5,240.99,4,240.85,1,240.84,2,240.83,2,240.82,6,240.81,4,240.8,10,240.79,1,240.63,1,241.49,8,241.5,6,241.71,2,241.84,2,241.85,2,241.94,4,242.05,3,242.1,1,242.11,2,242.28,6
2020-10-29 09:34:55,241.245,241.47,1,241.0,5,241.49,8,241.49,241.0,241.0,5,240.99,4,240.85,1,240.84,2,240.83,2,240.82,6,240.81,4,240.8,10,240.79,1,240.63,1,241.49,8,241.5,6,241.71,2,241.84,2,241.85,2,241.94,4,242.05,3,242.1,1,242.11,2,242.28,6
2020-10-29 09:34:57,241.245,241.47,1,241.0,5,241.49,8,241.49,241.0,241.0,5,240.99,4,240.85,1,240.84,2,240.83,2,240.82,6,240.81,4,240.8,10,240.79,1,240.63,1,241.49,8,241.5,6,241.71,2,241.84,2,241.85,2,241.94,4,242.05,3,242.1,1,242.11,2,242.28,6
2020-10-29 09:34:57,241.245,241.47,1,241.0,5,241.49,8,241.49,241.0,241.0,5,240.99,4,240.85,1,240.84,2,240.83,2,240.82,6,240.81,4,240.8,10,240.79,1,240.63,1,241.49,8,241.5,6,241.71,2,241.84,2,241.85,2,241.94,4,242.05,3,242.1,1,242.11,2,242.28,6
2020-10-29 09:34:59,241.2,241.47,1,241.0,5,241.4,2,241.4,241.0,241.0,5,240.99,4,240.85,1,240.84,2,240.83,2,240.82,6,240.81,4,240.8,10,240.79,1,240.63,1,241.4,2,241.49,8,241.5,6,241.71,2,241.84,2,241.85,2,241.94,4,242.05,3,242.1,1,242.11,2
2020-10-29 09:35:00,241.2,241.47,1,241.0,5,241.4,2,241.39,241.0,241.0,5,240.99,4,240.85,1,240.84,2,240.83,2,240.82,6,240.81,4,240.8,10,240.79,1,240.63,1,241.4,2,241.49,8,241.5,6,241.71,2,241.84,2,241.85,2,241.94,4,242.05,3,242.1,1,242.11,2
2020-10-29 09:35:01,241.57,241.83,5,241.25,1,241.89,2,241.89,241.25,241.25,1,241.1,3,241.02,1,241.01,3,241.0,7,240.99,4,240.85,1,240.84,2,240.83,2,240.82,6,241.89,2,241.94,4,242.05,3,242.1,1,242.11,2,242.28,6,242.39,1,242.4,4,242.51,3,242.6,1
2020-10-29 09:35:02,241.57,241.83,5,241.25,1,241.89,2,241.89,241.25,241.25,1,241.1,3,241.02,1,241.01,3,241.0,7,240.99,4,240.85,1,240.84,2,240.83,2,240.82,6,241.89,2,241.9,2,241.94,4,242.05,3,242.1,1,242.11,2,242.28,6,242.39,1,242.4,4,242.51,3
2020-10-29 09:35:03,241.57,241.83,5,241.25,1,241.89,3,241.89,241.25,241.25,1,241.1,3,241.02,1,241.01,3,241.0,7,240.99,4,240.85,1,240.84,2,240.83,2,240.82,6,241.89,3,241.9,2,241.94,4,242.05,3,242.1,1,242.11,2,242.28,6,242.39,1,242.4,4,242.51,3
2020-10-29 09:35:04,241.57,241.83,5,241.25,1,241.89,3,241.89,241.25,241.25,1,241.1,3,241.02,1,241.01,3,241.0,7,240.99,4,240.85,1,240.84,2,240.83,2,240.82,6,241.89,3,241.9,2,241.94,4,242.05,3,242.1,1,242.11,2,242.28,6,242.39,1,242.4,4,242.51,3
2020-10-29 09:35:05,241.605,241.83,5,241.32,2,241.89,1,241.89,241.32,241.32,2,241.31,2,241.25,1,241.1,3,241.02,1,241.01,3,241.0,7,240.99,4,240.85,1,240.84,2,241.89,1,241.9,2,241.94,4,242.05,3,242.1,1,242.11,2,242.28,6,242.39,1,242.4,4,242.51,3
2020-10-29 09:35:06,241.55,241.74,3,241.32,2,241.78,2,241.78,241.32,241.32,2,241.31,2,241.25,1,241.1,3,241.02,1,241.01,3,241.0,7,240.99,4,240.85,1,240.84,2,241.78,2,241.84,1,241.9,1,241.94,4,242.05,3,242.1,1,242.11,2,242.28,6,242.39,1,242.4,4
2020-10-29 09:35:07,241.555,241.74,3,241.33,3,241.78,2,241.78,241.33,241.33,3,241.32,2,241.22,1,241.1,3,241.02,1,241.01,3,241.0,7,240.99,4,240.85,1,240.84,2,241.78,2,241.84,1,241.9,1,241.94,4,242.05,3,242.1,1,242.11,2,242.28,6,242.39,1,242.4,4
2020-10-29 09:35:08,241.565,241.74,3,241.35,2,241.78,3,241.78,241.35,241.35,2,241.34,2,241.33,5,241.32,2,241.22,1,241.1,3,241.02,1,241.01,3,241.0,7,240.99,4,241.78,3,241.84,1,241.9,1,241.94,4,242.05,3,242.1,1,242.11,2,242.28,6,242.39,1,242.4,4
2020-10-29 09:35:09,241.56,241.74,3,241.35,3,241.77,1,241.77,241.35,241.35,3,241.34,2,241.33,5,241.32,2,241.22,1,241.1,3,241.02,1,241.01,3,241.0,7,240.99,4,241.77,1,241.78,3,241.84,1,241.9,1,241.94,4,242.05,3,242.1,1,242.11,2,242.28,6,242.39,1
2020-10-29 09:35:10,241.57,241.74,3,241.37,4,241.77,1,241.77,241.37,241.37,4,241.36,2,241.35,2,241.34,2,241.33,5,241.32,2,241.22,1,241.1,3,241.02,1,241.01,3,241.77,1,241.78,3,241.84,1,241.9,1,241.94,4,242.05,3,242.1,1,242.11,2,242.28,6,242.39,1
2020-10-29 09:35:11,241.575,241.74,3,241.39,1,241.76,2,241.76,241.39,241.39,1,241.37,4,241.36,2,241.35,2,241.34,2,241.33,5,241.32,2,241.22,1,241.1,3,241.02,1,241.76,2,241.77,1,241.78,3,241.84,1,241.9,1,241.94,4,242.05,3,242.1,1,242.11,2,242.28,6
2020-10-29 09:35:12,241.585,241.74,3,241.41,3,241.76,2,241.76,241.41,241.41,3,241.4,3,241.39,2,241.37,4,241.36,2,241.35,2,241.34,2,241.33,5,241.32,2,241.22,1,241.76,2,241.77,1,241.78,3,241.84,1,241.9,1,241.94,4,242.05,3,242.1,1,242.11,2,242.28,6
2020-10-29 09:35:13,241.59,241.74,3,241.43,3,241.75,2,241.75,241.43,241.43,3,241.42,3,241.41,5,241.4,3,241.39,2,241.37,4,241.36,2,241.35,2,241.34,2,241.33,5,241.75,2,241.76,2,241.77,1,241.78,3,241.84,1,241.9,1,241.94,4,242.05,3,242.1,1,242.11,2
2020-10-29 09:35:14,241.605,241.74,3,241.45,3,241.76,3,241.76,241.45,241.45,3,241.44,3,241.43,3,241.42,3,241.41,5,241.4,3,241.39,2,241.37,4,241.36,2,241.35,2,241.76,3,241.77,1,241.78,3,241.84,1,241.9,1,241.94,4,242.05,3,242.1,1,242.11,2,242.28,6
2020-10-29 09:35:15,241.605,241.54,1,241.45,3,241.76,3,241.76,241.45,241.45,3,241.44,3,241.43,3,241.42,3,241.41,5,241.4,3,241.39,2,241.37,4,241.36,2,241.35,2,241.76,3,241.77,1,241.78,3,241.84,1,241.9,1,241.94,4,242.05,3,242.1,1,242.11,2,242.28,6
2020-10-29 09:35:16,241.605,241.54,1,241.45,3,241.76,3,241.76,241.45,241.45,3,241.44,3,241.43,3,241.42,3,241.41,5,241.4,3,241.39,2,241.37,4,241.36,2,241.35,2,241.76,3,241.77,1,241.78,3,241.84,1,241.9,1,241.94,4,242.05,3,242.1,1,242.11,2,242.28,6
2020-10-29 09:35:17,241.6,241.54,1,241.45,3,241.75,1,241.75,241.45,241.45,3,241.44,3,241.43,3,241.42,3,241.41,5,241.4,3,241.39,2,241.37,4,241.36,2,241.35,2,241.75,1,241.76,3,241.77,1,241.78,3,241.84,1,241.9,1,241.94,4,242.05,3,242.1,1,242.11,2
2020-10-29 09:35:18,241.715,241.78,1,241.56,2,241.87,1,241.87,241.56,241.56,2,241.5,2,241.49,1,241.46,5,241.45,3,241.44,3,241.43,3,241.42,3,241.41,5,241.4,3,241.87,1,241.9,1,241.94,4,242.05,3,242.1,1,242.11,2,242.28,6,242.39,1,242.4,4,242.51,3
2020-10-29 09:35:19,241.715,241.78,1,241.56,2,241.87,1,241.87,241.56,241.56,2,241.5,2,241.49,1,241.46,5,241.45,3,241.44,3,241.43,3,241.42,3,241.41,5,241.4,3,241.87,1,241.9,1,241.94,4,242.05,3,242.1,1,242.11,2,242.28,6,242.39,1,242.4,4,242.51,3
2020-10-29 09:35:20,241.735,241.78,1,241.56,2,241.91,1,241.91,241.56,241.56,2,241.5,2,241.49,1,241.46,5,241.45,3,241.44,3,241.43,3,241.42,3,241.41,5,241.4,3,241.91,1,241.94,4,242.05,3,242.1,1,242.11,2,242.28,6,242.39,1,242.4,4,242.51,3,242.6,1
2020-10-29 09:35:21,241.745,241.91,1,241.58,3,241.91,2,241.91,241.58,241.58,3,241.57,4,241.56,2,241.5,2,241.49,1,241.46,5,241.45,3,241.44,3,241.43,3,241.42,3,241.91,2,241.94,4,242.05,3,242.1,1,242.11,2,242.28,6,242.39,1,242.4,4,242.51,3,242.6,1
2020-10-29 09:35:22,241.76,241.91,1,241.61,3,241.91,2,241.91,241.61,241.61,3,241.6,3,241.59,1,241.58,3,241.57,4,241.56,2,241.5,2,241.49,1,241.46,5,241.45,3,241.91,2,241.94,4,242.05,3,242.1,1,242.11,2,242.28,6,242.39,1,242.4,4,242.51,3,242.6,1
2020-10-29 09:35:23,241.765,241.91,1,241.62,3,241.91,2,241.91,241.62,241.62,3,241.61,3,241.6,3,241.59,1,241.58,3,241.57,4,241.56,2,241.5,2,241.49,1,241.46,5,241.91,2,241.94,4,242.05,3,242.1,1,242.11,2,242.28,6,242.39,1,242.4,4,242.51,3,242.6,1
2020-10-29 09:35:24,241.77,241.91,1,241.63,3,241.91,2,241.91,241.63,241.63,3,241.62,3,241.61,3,241.6,3,241.59,1,241.58,3,241.57,4,241.56,2,241.5,2,241.49,1,241.91,2,241.94,4,242.05,3,242.1,1,242.11,2,242.28,6,242.39,1,242.4,4,242.51,3,242.6,1
2020-10-29 09:35:25,241.78,241.88,1,241.65,3,241.91,2,241.91,241.65,241.65,3,241.64,3,241.63,3,241.62,3,241.61,3,241.6,3,241.59,1,241.58,3,241.57,4,241.56,2,241.91,2,241.94,4,242.05,3,242.1,1,242.11,2,242.28,6,242.39,1,242.4,4,242.51,3,242.6,1
2020-10-29 09:35:26,241.67,241.59,1,241.5,1,241.84,1,241.84,241.5,241.5,1,241.49,1,241.46,5,241.45,3,241.44,3,241.43,3,241.42,3,241.41,5,241.4,3,241.39,2,241.84,1,241.9,1,242.04,4,242.05,3,242.1,1,242.11,2,242.28,6,242.39,1,242.4,4,242.51,3
2020-10-29 09:35:27,241.775,241.59,1,241.51,2,242.04,4,242.04,241.51,241.51,2,241.5,1,241.49,1,241.46,5,241.45,3,241.44,3,241.43,3,241.42,3,241.41,5,241.4,3,242.04,4,242.05,3,242.1,1,242.11,2,242.28,6,242.39,1,242.4,4,242.51,3,242.6,1,242.64,1
2020-10-29 09:35:28,241.775,241.59,1,241.51,2,242.04,4,242.04,241.51,241.51,2,241.5,1,241.49,1,241.46,5,241.45,3,241.44,3,241.43,3,241.42,3,241.41,5,241.4,3,242.04,4,242.05,3,242.1,1,242.11,2,242.28,6,242.39,1,242.4,4,242.51,3,242.6,1,242.64,1
2020-10-29 09:35:29,241.77,242.03,1,241.51,2,242.05,4,242.05,241.51,241.51,2,241.5,1,241.49,1,241.46,5,241.45,3,241.44,3,241.43,3,241.42,3,241.41,5,241.4,3,242.03,1,242.05,4,242.1,1,242.11,2,242.28,6,242.39,1,242.4,4,242.51,3,242.6,1,242.64,1
2020-10-29 09:35:30,241.78,242.03,1,241.51,2,242.05,6,242.05,241.51,241.51,2,241.5,1,241.49,1,241.46,5,241.45,3,241.44,3,241.43,3,241.42,3,241.41,5,241.4,3,242.05,6,242.1,1,242.11,2,242.28,6,242.39,1,242.4,4,242.51,3,242.6,1,242.64,1,242.76,2
2020-10-29 09:35:31,241.775,242.03,1,241.5,3,242.05,6,242.05,241.5,241.5,3,241.49,1,241.46,5,241.45,3,241.44,3,241.43,3,241.42,3,241.41,5,241.4,3,241.39,2,242.05,6,242.1,1,242.11,2,242.28,6,242.39,1,242.4,4,242.51,3,242.6,1,242.64,1,242.76,2
2020-10-29 09:35:32,241.775,242.03,1,241.5,3,242.05,6,242.05,241.5,241.5,3,241.49,1,241.46,5,241.45,3,241.44,3,241.43,3,241.42,3,241.41,5,241.4,3,241.39,2,242.05,6,242.1,1,242.11,2,242.28,6,242.39,1,242.4,4,242.51,3,242.6,1,242.64,1,242.76,2
2020-10-29 09:35:33,241.775,242.03,1,241.5,3,242.05,6,242.05,241.5,241.5,3,241.49,1,241.46,5,241.45,3,241.44,3,241.43,3,241.42,3,241.41,5,241.4,3,241.39,2,242.05,6,242.1,1,242.11,2,242.28,6,242.39,1,242.4,4,242.51,3,242.6,1,242.64,1,242.76,2
2020-10-29 09:35:34,241.775,242.03,1,241.5,3,242.05,6,242.05,241.5,241.5,3,241.49,1,241.46,5,241.45,3,241.44,3,241.43,3,241.42,3,241.41,5,241.4,3,241.39,2,242.05,6,242.1,1,242.11,2,242.28,6,242.39,1,242.4,4,242.51,3,242.6,1,242.64,1,242.76,2
2020-10-29 09:35:35,241.775,242.04,1,241.5,3,242.05,6,242.05,241.5,241.5,3,241.49,1,241.46,5,241.45,3,241.44,3,241.43,3,241.42,3,241.41,5,241.4,3,241.39,2,242.05,6,242.1,1,242.11,2,242.28,6,242.39,1,242.4,4,242.51,3,242.6,1,242.64,1,242.76,2
2020-10-29 09:35:36,241.75,242.04,1,241.5,3,242.0,2,242.0,241.5,241.5,3,241.49,1,241.46,5,241.45,3,241.44,3,241.43,3,241.42,3,241.41,5,241.4,3,241.39,2,242.0,2,242.05,6,242.1,1,242.11,2,242.28,6,242.39,1,242.4,4,242.51,3,242.6,1,242.64,1
2020-10-29 09:35:37,241.775,242.04,1,241.5,3,242.05,6,242.05,241.5,241.5,3,241.49,1,241.46,5,241.45,3,241.44,3,241.43,3,241.42,3,241.41,5,241.4,3,241.39,2,242.05,6,242.1,1,242.11,2,242.28,6,242.39,1,242.4,4,242.51,3,242.6,1,242.64,1,242.76,2
2020-10-29 09:35:38,241.775,242.04,1,241.5,3,242.05,6,242.05,241.5,241.5,3,241.49,1,241.46,5,241.45,3,241.44,3,241.43,3,241.42,3,241.41,5,241.4,3,241.39,2,242.05,6,242.1,1,242.11,2,242.28,6,242.39,1,242.4,4,242.51,3,242.6,1,242.64,1,242.76,2
2020-10-29 09:35:39,241.775,242.04,1,241.5,3,242.05,6,242.05,241.5,241.5,3,241.49,1,241.46,5,241.45,3,241.44,3,241.43,3,241.42,3,241.41,5,241.4,3,241.39,2,242.05,6,242.1,1,242.11,2,242.28,6,242.39,1,242.4,4,242.51,3,242.6,1,242.64,1,242.76,2
2020-10-29 09:35:40,241.775,242.04,1,241.5,4,242.05,6,242.05,241.5,241.5,4,241.49,1,241.46,5,241.45,3,241.44,3,241.43,3,241.42,3,241.41,5,241.4,3,241.39,2,242.05,6,242.1,1,242.11,2,242.28,6,242.39,1,242.4,4,242.51,3,242.6,1,242.64,1,242.76,2
2020-10-29 09:35:41,241.775,242.04,1,241.5,4,242.05,6,242.05,241.5,241.5,4,241.49,1,241.46,5,241.45,3,241.44,3,241.43,3,241.42,3,241.41,5,241.4,3,241.39,2,242.05,6,242.1,1,242.11,2,242.28,6,242.39,1,242.4,4,242.51,3,242.6,1,242.64,1,242.76,2
2020-10-29 09:35:42,241.775,242.04,1,241.5,4,242.05,6,242.05,241.5,241.5,4,241.49,1,241.46,5,241.45,3,241.44,3,241.43,3,241.42,3,241.41,5,241.4,3,241.39,2,242.05,6,242.1,1,242.11,2,242.28,6,242.39,1,242.4,4,242.51,3,242.6,1,242.64,1,242.76,2
2020-10-29 09:35:43,241.75,242.0,3,241.5,6,242.0,2,242.0,241.5,241.5,6,241.49,1,241.46,5,241.45,3,241.44,3,241.43,3,241.42,3,241.41,5,241.4,3,241.39,2,242.0,2,242.05,6,242.1,1,242.11,2,242.28,6,242.39,1,242.4,4,242.51,3,242.6,1,242.64,1
2020-10-29 09:35:44,241.75,242.0,1,241.5,6,242.0,2,242.0,241.5,241.5,6,241.49,1,241.46,5,241.45,3,241.44,3,241.43,3,241.42,3,241.41,5,241.4,3,241.39,2,242.0,2,242.05,6,242.1,1,242.11,2,242.28,6,242.39,1,242.4,4,242.51,3,242.6,1,242.64,1
2020-10-29 09:35:45,241.42,241.5,1,241.34,1,241.5,1,241.5,241.34,241.34,1,241.33,5,241.32,2,241.22,1,241.1,3,241.02,1,241.01,3,241.0,7,240.99,4,240.85,1,241.5,1,241.74,2,241.75,3,241.8,1,242.0,2,242.05,6,242.1,1,242.11,2,242.28,6,242.39,1
2020-10-29 09:35:46,241.365,241.43,1,241.15,1,241.58,2,241.58,241.15,241.15,1,241.1,3,241.02,1,241.01,3,241.0,7,240.99,4,240.85,1,240.84,2,240.83,2,240.82,6,241.58,2,241.74,2,241.75,3,241.8,1,242.0,2,242.05,6,242.1,1,242.11,2,242.28,6,242.39,1
2020-10-29 09:35:47,241.525,241.58,1,241.25,2,241.8,3,241.8,241.25,241.25,2,241.21,5,241.15,4,241.1,3,241.02,1,241.01,3,241.0,7,240.99,4,240.85,1,240.84,2,241.8,3,242.0,2,242.05,6,242.1,1,242.11,2,242.28,6,242.39,1,242.4,4,242.51,3,242.6,1
2020-10-29 09:35:48,241.525,241.58,1,241.25,2,241.8,3,241.8,241.25,241.25,2,241.21,5,241.15,4,241.1,3,241.02,1,241.01,3,241.0,7,240.99,4,240.85,1,240.84,2,241.8,3,242.0,2,242.05,6,242.1,1,242.11,2,242.28,6,242.39,1,242.4,4,242.51,3,242.6,1
2020-10-29 09:35:49,241.525,241.58,1,241.25,2,241.8,3,241.8,241.25,241.25,2,241.21,5,241.15,4,241.1,3,241.02,1,241.01,3,241.0,7,240.99,4,240.85,1,240.84,2,241.8,3,242.0,2,242.05,6,242.1,1,242.11,2,242.28,6,242.39,1,242.4,4,242.51,3,242.6,1
2020-10-29 09:35:50,241.505,241.58,1,241.21,5,241.8,4,241.8,241.21,241.21,5,241.15,4,241.1,3,241.02,1,241.01,3,241.0,7,240.99,4,240.85,1,240.84,2,240.83,2,241.8,4,242.0,2,242.05,6,242.1,1,242.11,2,242.28,6,242.39,1,242.4,4,242.51,3,242.6,1
2020-10-29 09:35:51,241.505,241.58,1,241.21,5,241.8,4,241.8,241.21,241.21,5,241.15,4,241.1,3,241.02,1,241.01,3,241.0,7,240.99,4,240.85,1,240.84,2,240.83,2,241.8,4,242.0,2,242.05,6,242.1,1,242.11,2,242.28,6,242.39,1,242.4,4,242.51,3,242.6,1
2020-10-29 09:35:52,241.505,241.58,1,241.21,2,241.8,8,241.8,241.21,241.21,2,241.15,4,241.1,3,241.02,1,241.01,3,241.0,7,240.99,4,240.85,1,240.84,2,240.83,2,241.8,8,242.0,2,242.05,6,242.1,1,242.11,2,242.28,6,242.39,1,242.4,4,242.51,3,242.6,1
2020-10-29 09:35:53,241.505,241.58,1,241.21,2,241.8,8,241.8,241.21,241.21,2,241.15,4,241.1,3,241.02,1,241.01,3,241.0,7,240.99,4,240.85,1,240.84,2,240.83,2,241.8,8,242.0,2,242.05,6,242.1,1,242.11,2,242.28,6,242.39,1,242.4,4,242.51,3,242.6,1
2020-10-29 09:35:54,241.505,241.58,1,241.21,2,241.8,8,241.8,241.21,241.21,2,241.15,4,241.1,3,241.02,1,241.01,3,241.0,7,240.99,4,240.85,1,240.84,2,240.83,2,241.8,8,242.0,2,242.05,6,242.1,1,242.11,2,242.28,6,242.39,1,242.4,4,242.51,3,242.6,1
2020-10-29 09:35:55,241.51,241.51,1,241.22,1,241.8,8,241.8,241.22,241.22,1,241.21,2,241.15,4,241.1,3,241.02,1,241.01,3,241.0,7,240.99,4,240.85,1,240.84,2,241.8,8,242.0,2,242.05,6,242.1,1,242.11,2,242.28,6,242.39,1,242.4,4,242.51,3,242.6,1
2020-10-29 09:35:56,241.225,241.16,1,241.06,1,241.39,2,241.39,241.06,241.06,1,241.05,1,241.02,1,241.01,3,241.0,7,240.99,4,240.85,1,240.84,2,240.83,2,240.82,6,241.39,2,241.52,2,241.55,1,241.76,1,241.8,9,242.0,2,242.05,6,242.1,1,242.11,2,242.28,6
2020-10-29 09:35:57,241.05,241.05,1,240.83,1,241.27,5,241.27,240.83,240.83,1,240.82,4,240.81,4,240.8,10,240.79,1,240.63,1,240.56,1,240.55,1,240.53,3,240.52,2,241.27,5,241.39,2,241.52,2,241.55,1,241.76,1,241.8,9,242.0,2,242.05,6,242.1,1,242.11,2
2020-10-29 09:35:58,241.06,241.05,1,240.85,2,241.27,3,241.27,240.85,240.85,2,240.84,1,240.83,1,240.82,4,240.81,4,240.8,10,240.79,1,240.63,1,240.56,1,240.55,1,241.27,3,241.39,2,241.52,2,241.55,1,241.76,1,241.8,9,242.0,2,242.05,6,242.1,1,242.11,2
2020-10-29 09:35:59,241.06,241.05,1,240.85,2,241.27,3,241.27,240.85,240.85,2,240.84,1,240.83,1,240.82,4,240.81,4,240.8,10,240.79,1,240.63,1,240.56,1,240.55,1,241.27,3,241.39,2,241.52,2,241.55,1,241.76,1,241.8,9,242.0,2,242.05,6,242.1,1,242.11,2
2020-10-29 09:36:00,241.06,241.05,1,240.85,3,241.27,3,241.27,240.85,240.85,3,240.84,1,240.83,1,240.82,4,240.81,4,240.8,10,240.79,1,240.63,1,240.56,1,240.55,1,241.27,3,241.39,2,241.52,2,241.55,1,241.76,1,241.8,9,242.0,2,242.05,6,242.1,1,242.11,2
2020-10-29 09:36:01,241.075,241.27,1,240.86,2,241.29,1,241.29,240.86,240.86,2,240.85,4,240.84,1,240.83,1,240.82,4,240.81,4,240.8,10,240.79,1,240.63,1,240.56,1,241.29,1,241.39,2,241.52,2,241.55,1,241.76,1,241.8,9,242.0,2,242.05,6,242.1,1,242.11,2
2020-10-29 09:36:02,241.075,241.27,1,240.86,2,241.29,1,241.29,240.86,240.86,2,240.85,4,240.84,1,240.83,1,240.82,4,240.81,4,240.8,10,240.79,1,240.63,1,240.56,1,241.29,1,241.39,2,241.52,2,241.55,1,241.76,1,241.8,9,242.0,2,242.05,6,242.1,1,242.11,2
2020-10-29 09:36:03,241.07,241.27,1,240.85,6,241.29,2,241.29,240.85,240.85,6,240.84,1,240.83,1,240.82,4,240.81,4,240.8,10,240.79,1,240.63,1,240.56,1,240.55,1,241.29,2,241.39,2,241.52,2,241.55,1,241.76,1,241.8,9,242.0,2,242.05,6,242.1,1,242.11,2
2020-10-29 09:36:04,241.07,241.27,1,240.85,6,241.29,2,241.29,240.85,240.85,6,240.84,1,240.83,1,240.82,4,240.81,4,240.8,10,240.79,1,240.63,1,240.56,1,240.55,1,241.29,2,241.39,2,241.52,2,241.55,1,241.76,1,241.8,9,242.0,2,242.05,6,242.1,1,242.11,2
2020-10-29 09:36:05,241.09,241.08,1,240.88,1,241.3,1,241.3,240.88,240.88,1,240.87,1,240.85,6,240.84,1,240.83,1,240.82,4,240.81,4,240.8,10,240.79,1,240.63,1,241.3,1,241.39,2,241.52,2,241.55,1,241.76,1,241.8,9,242.0,2,242.05,6,242.1,1,242.11,2
2020-10-29 09:36:06,241.09,241.08,1,240.88,2,241.3,1,241.3,240.88,240.88,2,240.87,1,240.85,6,240.84,1,240.83,1,240.82,4,240.81,4,240.8,10,240.79,1,240.63,1,241.3,1,241.39,2,241.52,2,241.55,1,241.76,1,241.8,9,242.0,2,242.05,6,242.1,1,242.11,2
2020-10-29 09:36:07,241.305,241.3,1,241.09,2,241.52,1,241.52,241.09,241.09,2,241.08,5,241.0,2,240.88,3,240.87,1,240.85,6,240.84,1,240.83,1,240.82,4,240.81,4,241.52,1,241.55,1,241.76,1,241.8,9,242.0,2,242.05,6,242.1,1,242.11,2,242.28,6,242.39,1
2020-10-29 09:36:08,241.305,241.3,1,241.09,2,241.52,1,241.52,241.09,241.09,2,241.08,5,241.0,2,240.88,3,240.87,1,240.85,6,240.84,1,240.83,1,240.82,4,240.81,4,241.52,1,241.55,1,241.76,1,241.8,9,242.0,2,242.05,6,242.1,1,242.11,2,242.28,6,242.39,1
2020-10-29 09:36:09,241.31,241.14,1,241.1,2,241.52,1,241.52,241.1,241.1,2,241.09,2,241.08,5,241.0,2,240.88,3,240.87,1,240.85,6,240.84,1,240.83,1,240.82,4,241.52,1,241.55,1,241.76,1,241.8,9,242.0,2,242.05,6,242.1,1,242.11,2,242.28,6,242.39,1
2020-10-29 09:36:10,241.31,241.14,1,241.1,2,241.52,1,241.52,241.1,241.1,2,241.09,2,241.08,5,241.0,2,240.88,3,240.87,1,240.85,6,240.84,1,240.83,1,240.82,4,241.52,1,241.55,1,241.76,1,241.8,9,242.0,2,242.05,6,242.1,1,242.11,2,242.28,6,242.39,1
2020-10-29 09:36:11,241.31,241.14,1,241.1,2,241.52,1,241.52,241.1,241.1,2,241.09,2,241.08,5,241.0,2,240.88,3,240.87,1,240.85,6,240.84,1,240.83,1,240.82,4,241.52,1,241.55,1,241.76,1,241.8,9,242.0,2,242.05,6,242.1,1,242.11,2,242.28,6,242.39,1
2020-10-29 09:36:12,241.31,241.52,1,241.1,2,241.52,1,241.52,241.1,241.1,2,241.09,2,241.08,5,241.0,2,240.88,3,240.87,1,240.85,6,240.84,1,240.83,1,240.82,4,241.52,1,241.55,1,241.76,1,241.8,9,242.0,2,242.05,6,242.1,1,242.11,2,242.28,6,242.39,1
2020-10-29 09:36:13,241.31,241.31,1,241.1,2,241.52,1,241.52,241.1,241.1,2,241.09,2,241.08,5,241.0,2,240.88,3,240.87,1,240.85,6,240.84,1,240.83,1,240.82,4,241.52,1,241.55,1,241.76,1,241.8,9,242.0,2,242.05,6,242.1,1,242.11,2,242.28,6,242.39,1
2020-10-29 09:36:14,241.3,241.52,1,241.08,5,241.52,4,241.52,241.08,241.08,5,241.0,2,240.88,3,240.87,1,240.85,6,240.84,1,240.83,1,240.82,4,240.81,4,240.8,10,241.52,4,241.55,1,241.76,1,241.8,9,242.0,2,242.05,6,242.1,1,242.11,2,242.28,6,242.39,1
2020-10-29 09:36:15,241.315,241.52,1,241.11,1,241.52,4,241.52,241.11,241.11,1,241.08,5,241.0,2,240.88,3,240.87,1,240.85,6,240.84,1,240.83,1,240.82,4,240.81,4,241.52,4,241.55,1,241.76,1,241.8,9,242.0,2,242.05,6,242.1,1,242.11,2,242.28,6,242.39,1
2020-10-29 09:36:16,241.315,241.52,1,241.11,1,241.52,4,241.52,241.11,241.11,1,241.08,5,241.0,2,240.88,3,240.87,1,240.85,6,240.84,1,240.83,1,240.82,4,240.81,4,241.52,4,241.55,1,241.76,1,241.8,9,242.0,2,242.05,6,242.1,1,242.11,2,242.28,6,242.39,1
2020-10-29 09:36:17,241.315,241.52,1,241.11,1,241.52,5,241.52,241.11,241.11,1,241.08,5,241.0,2,240.88,3,240.87,1,240.85,6,240.84,1,240.83,1,240.82,4,240.81,4,241.52,5,241.55,1,241.76,1,241.8,9,242.0,2,242.05,6,242.1,1,242.11,2,242.28,6,242.39,1
2020-10-29 09:36:18,241.315,241.52,1,241.11,4,241.52,8,241.52,241.11,241.11,4,241.08,5,241.0,2,240.88,3,240.87,1,240.85,6,240.84,1,240.83,1,240.82,4,240.81,4,241.52,8,241.55,1,241.76,1,241.8,9,242.0,2,242.05,6,242.1,1,242.11,2,242.28,6,242.39,1
2020-10-29 09:36:19,241.315,241.32,1,241.11,4,241.52,8,241.52,241.11,241.11,4,241.08,5,241.0,2,240.88,3,240.87,1,240.85,6,240.84,1,240.83,1,240.82,4,240.81,4,241.52,8,241.55,1,241.76,1,241.8,9,242.0,2,242.05,6,242.1,1,242.11,2,242.28,6,242.39,1
2020-10-29 09:36:20,241.015,241.65,1,240.87,1,241.16,3,241.16,240.87,240.87,1,240.85,6,240.84,1,240.83,1,240.82,4,240.81,4,240.8,10,240.79,1,240.63,1,240.56,1,241.16,3,241.21,1,241.3,1,241.31,1,241.51,1,241.52,8,241.55,1,241.76,1,241.8,9,242.0,2
2020-10-29 09:36:21,241.09,241.16,1,240.87,1,241.31,2,241.31,240.87,240.87,1,240.85,6,240.84,1,240.83,1,240.82,4,240.81,4,240.8,10,240.79,1,240.63,1,240.56,1,241.31,2,241.51,1,241.52,8,241.55,1,241.76,1,241.8,9,242.0,2,242.05,6,242.1,1,242.11,2
2020-10-29 09:36:22,241.09,241.16,1,240.87,1,241.31,2,241.31,240.87,240.87,1,240.85,6,240.84,1,240.83,1,240.82,4,240.81,4,240.8,10,240.79,1,240.63,1,240.56,1,241.31,2,241.51,1,241.52,8,241.55,1,241.76,1,241.8,9,242.0,2,242.05,6,242.1,1,242.11,2
2020-10-29 09:36:23,241.09,241.16,1,240.87,2,241.31,2,241.31,240.87,240.87,2,240.85,6,240.84,1,240.83,1,240.82,4,240.81,4,240.8,10,240.79,1,240.63,1,240.56,1,241.31,2,241.51,1,241.52,8,241.55,1,241.76,1,241.8,9,242.0,2,242.05,6,242.1,1,242.11,2
2020-10-29 09:36:24,241.09,241.16,1,240.87,2,241.31,2,241.31,240.87,240.87,2,240.85,6,240.84,1,240.83,1,240.82,4,240.81,4,240.8,10,240.79,1,240.63,1,240.56,1,241.31,2,241.51,1,241.52,8,241.55,1,241.76,1,241.8,9,242.0,2,242.05,6,242.1,1,242.11,2
2020-10-29 09:36:25,240.89,241.09,1,240.71,2,241.07,1,241.07,240.71,240.71,2,240.56,2,240.55,1,240.53,3,240.52,2,240.51,3,,,,,,,,,241.07,1,241.24,1,241.28,1,241.3,1,241.31,4,241.51,1,241.52,8,241.55,1,241.76,1,241.8,9
2020-10-29 09:36:26,240.895,241.04,1,240.73,1,241.06,2,241.06,240.73,240.73,1,240.72,3,240.71,2,240.56,2,240.55,1,240.53,3,240.52,2,240.51,3,,,,,241.06,2,241.07,1,241.24,1,241.28,1,241.3,1,241.31,4,241.51,1,241.52,8,241.55,1,241.76,1
2020-10-29 09:36:27,240.935,241.06,1,240.72,3,241.15,3,241.15,240.72,240.72,3,240.71,2,240.56,2,240.55,1,240.53,3,240.52,2,240.51,3,,,,,,,241.15,3,241.24,1,241.28,1,241.3,1,241.31,4,241.51,1,241.52,8,241.55,1,241.76,1,241.8,9
2020-10-29 09:36:28,240.895,241.06,1,240.73,3,241.06,2,241.06,240.73,240.73,3,240.72,3,240.71,2,240.56,2,240.55,1,240.53,3,240.52,2,240.51,3,,,,,241.06,2,241.15,3,241.24,1,241.28,1,241.3,1,241.31,4,241.51,1,241.52,8,241.55,1,241.76,1
2020-10-29 09:36:29,240.775,240.75,1,240.55,6,241.0,1,241.0,240.55,240.55,6,240.53,3,240.52,2,240.51,3,,,,,,,,,,,,,241.0,1,241.01,1,241.06,2,241.15,3,241.24,1,241.28,1,241.3,1,241.31,4,241.51,1,241.52,8
2020-10-29 09:36:30,240.82,240.75,1,240.56,4,241.08,1,241.08,240.56,240.56,4,240.55,23,240.53,3,240.52,2,240.51,3,,,,,,,,,,,241.08,1,241.1,1,241.15,3,241.24,1,241.28,1,241.3,1,241.31,4,241.51,1,241.52,8,241.55,1
2020-10-29 09:36:31,240.82,240.75,1,240.56,4,241.08,2,241.08,240.56,240.56,4,240.55,23,240.53,3,240.52,2,240.51,3,,,,,,,,,,,241.08,2,241.1,1,241.15,3,241.24,1,241.28,1,241.3,1,241.31,4,241.51,1,241.52,8,241.55,1
2020-10-29 09:36:32,240.82,240.75,1,240.56,4,241.08,2,241.08,240.56,240.56,4,240.55,23,240.53,3,240.52,2,240.51,3,,,,,,,,,,,241.08,2,241.1,1,241.15,3,241.24,1,241.28,1,241.3,1,241.31,4,241.51,1,241.52,8,241.55,1
2020-10-29 09:36:33,240.82,240.75,1,240.57,4,241.07,2,241.07,240.57,240.57,4,240.56,4,240.55,23,240.53,3,240.52,2,240.51,3,,,,,,,,,241.07,2,241.08,2,241.1,1,241.15,3,241.24,1,241.28,1,241.3,1,241.31,4,241.51,1,241.52,8
2020-10-29 09:36:34,240.825,240.82,1,240.58,1,241.07,2,241.07,240.58,240.58,1,240.57,4,240.56,4,240.55,23,240.53,3,240.52,2,240.51,3,,,,,,,241.07,2,241.08,2,241.1,1,241.15,3,241.24,1,241.28,1,241.3,1,241.31,4,241.51,1,241.52,8
2020-10-29 09:36:35,240.815,240.82,1,240.57,4,241.06,1,241.06,240.57,240.57,4,240.56,4,240.55,23,240.53,3,240.52,2,240.51,3,,,,,,,,,241.06,1,241.08,2,241.1,1,241.15,3,241.24,1,241.28,1,241.3,1,241.31,4,241.51,1,241.52,8
2020-10-29 09:36:36,240.825,240.82,1,240.57,4,241.08,2,241.08,240.57,240.57,4,240.56,4,240.55,23,240.53,3,240.52,2,240.51,3,,,,,,,,,241.08,2,241.1,1,241.15,3,241.24,1,241.28,1,241.3,1,241.31,4,241.51,1,241.52,8,241.55,1
2020-10-29 09:36:37,240.825,240.82,1,240.57,4,241.08,2,241.08,240.57,240.57,4,240.56,4,240.55,23,240.53,3,240.52,2,240.51,3,,,,,,,,,241.08,2,241.1,1,241.15,3,241.24,1,241.28,1,241.3,1,241.31,4,241.51,1,241.52,8,241.55,1
2020-10-29 09:36:38,240.825,240.82,1,240.57,4,241.08,3,241.08,240.57,240.57,4,240.56,4,240.55,23,240.53,3,240.52,2,240.51,3,,,,,,,,,241.08,3,241.1,1,241.15,3,241.24,1,241.28,1,241.3,1,241.31,4,241.51,1,241.52,8,241.55,1
2020-10-29 09:36:39,240.82,240.82,1,240.57,4,241.07,1,241.07,240.57,240.57,4,240.56,4,240.55,23,240.53,3,240.52,2,240.51,3,,,,,,,,,241.07,1,241.08,3,241.1,1,241.15,3,241.24,1,241.28,1,241.3,1,241.31,4,241.51,1,241.52,8
2020-10-29 09:36:40,240.825,240.82,1,240.58,6,241.07,1,241.07,240.58,240.58,6,240.57,3,240.56,4,240.55,23,240.53,3,240.52,2,240.51,3,,,,,,,241.07,1,241.08,2,241.1,1,241.15,3,241.24,1,241.28,1,241.3,1,241.31,4,241.51,1,241.52,8
2020-10-29 09:36:41,240.835,240.82,1,240.59,4,241.08,2,241.08,240.59,240.59,4,240.58,6,240.57,3,240.56,4,240.55,23,240.53,3,240.52,2,240.51,3,,,,,241.08,2,241.1,1,241.15,3,241.24,1,241.28,1,241.3,1,241.31,4,241.51,1,241.52,8,241.55,1
