sim_time,mid_price,last_price,last_size,best_bid_price,best_bid_size,best_ask_price,best_ask_size,close_price_buy,close_price_sell,bid1_price,bid1_size,bid2_price,bid2_size,bid3_price,bid3_size,bid4_price,bid4_size,bid5_price,bid5_size,bid6_price,bid6_size,bid7_price,bid7_size,bid8_price,bid8_size,bid9_price,bid9_size,bid10_price,bid10_size,ask1_price,ask1_size,ask2_price,ask2_size,ask3_price,ask3_size,ask4_price,ask4_size,ask5_price,ask5_size,ask6_price,ask6_size,ask7_price,ask7_size,ask8_price,ask8_size,ask9_price,ask9_size,ask10_price,ask10_size
2026-02-05 09:30:17,81.425,81.43,1,81.41,200,81.44,200,81.44,81.41,81.41,200,81.4,200,81.39,200,81.38,500,81.36,300,81.35,400,81.32,200,81.3,400,81.29,200,81.28,700,81.44,200,81.45,200,81.46,200,81.48,500,81.49,200,81.5,300,81.51,300,81.52,500,81.53,500,81.54,200
2026-02-05 09:30:18,81.39,81.39,2,81.36,500,81.42,200,81.42,81.36,81.36,500,81.35,400,81.32,200,81.3,400,81.29,200,81.28,700,81.27,100,81.26,300,81.24,300,81.22,800,81.42,200,81.43,500,81.44,200,81.45,200,81.46,200,81.48,500,81.49,200,81.5,300,81.51,300,81.52,500
2026-02-05 09:30:20,81.375,81.38,2,81.36,100,81.39,300,81.39,81.36,81.36,100,81.34,600,81.32,200,81.3,400,81.29,200,81.28,700,81.27,100,81.26,300,81.24,300,81.22,800,81.39,300,81.4,200,81.42,200,81.43,500,81.44,200,81.45,200,81.46,200,81.48,500,81.49,200,81.5,300
2026-02-05 09:30:21,81.405,81.39,1,81.38,300,81.43,200,81.43,81.38,81.38,300,81.37,400,81.36,300,81.34,600,81.32,200,81.3,400,81.29,200,81.28,700,81.27,100,81.26,300,81.43,200,81.44,1000,81.45,200,81.46,200,81.48,500,81.49,200,81.5,300,81.51,300,81.52,500,81.53,500
2026-02-05 09:30:22,81.365,81.37,2,81.36,100,81.37,400,81.37,81.36,81.36,100,81.34,700,81.32,200,81.3,400,81.29,200,81.28,700,81.27,100,81.26,300,81.24,300,81.22,800,81.37,400,81.38,300,81.4,200,81.42,200,81.44,200,81.45,200,81.46,200,81.48,500,81.49,200,81.5,300
2026-02-05 09:30:22,81.37,81.37,3,81.36,300,81.38,400,81.38,81.36,81.36,300,81.34,700,81.32,200,81.3,400,81.29,200,81.28,700,81.27,100,81.26,300,81.24,300,81.22,800,81.38,400,81.4,200,81.42,200,81.44,200,81.45,200,81.46,200,81.48,500,81.49,200,81.5,300,81.51,300
2026-02-05 09:30:24,81.425,81.43,1,81.4,200,81.45,200,81.45,81.4,81.4,200,81.38,700,81.37,200,81.36,100,81.35,100,81.34,700,81.32,200,81.3,400,81.29,200,81.28,700,81.45,200,81.46,200,81.48,500,81.49,200,81.5,300,81.51,300,81.52,500,81.53,500,81.54,200,81.55,400
2026-02-05 09:30:25,81.39,81.39,1,81.37,200,81.41,200,81.41,81.37,81.37,200,81.36,100,81.35,100,81.34,700,81.32,200,81.3,400,81.29,200,81.28,700,81.27,100,81.26,300,81.41,200,81.42,300,81.43,200,81.45,900,81.46,300,81.48,500,81.49,200,81.5,300,81.51,300,81.52,500
2026-02-05 09:30:26,81.39,81.39,1,81.37,200,81.41,200,81.41,81.37,81.37,200,81.36,100,81.35,100,81.34,700,81.32,200,81.3,400,81.29,200,81.28,700,81.27,100,81.26,300,81.41,200,81.42,300,81.43,200,81.45,900,81.46,300,81.48,500,81.49,200,81.5,300,81.51,300,81.52,500
2026-02-05 09:30:27,81.38,81.39,1,81.36,300,81.4,200,81.4,81.36,81.36,300,81.35,100,81.34,700,81.32,200,81.3,400,81.29,200,81.28,700,81.27,100,81.26,300,81.24,300,81.4,200,81.41,200,81.42,300,81.43,200,81.45,900,81.46,300,81.48,500,81.49,200,81.5,300,81.51,300
2026-02-05 09:30:28,81.415,81.42,1,81.39,200,81.44,200,81.44,81.39,81.39,200,81.36,300,81.35,100,81.34,700,81.32,200,81.3,400,81.29,200,81.28,700,81.27,100,81.26,300,81.44,200,81.45,900,81.46,300,81.48,500,81.49,200,81.5,300,81.51,300,81.52,500,81.53,500,81.54,200
2026-02-05 09:30:29,81.405,81.41,1,81.38,200,81.43,200,81.43,81.38,81.38,200,81.36,300,81.35,100,81.34,700,81.32,200,81.3,400,81.29,200,81.28,700,81.27,100,81.26,300,81.43,200,81.44,200,81.45,900,81.46,300,81.48,500,81.49,200,81.5,300,81.51,300,81.52,500,81.53,500
2026-02-05 09:30:30,81.4,81.4,8,81.37,200,81.43,200,81.43,81.37,81.37,200,81.36,300,81.35,100,81.34,700,81.32,200,81.3,400,81.29,200,81.28,700,81.27,100,81.26,300,81.43,200,81.44,200,81.45,900,81.46,300,81.48,500,81.49,200,81.5,300,81.51,300,81.52,500,81.53,500
2026-02-05 09:30:31,81.4,81.4,8,81.37,200,81.43,200,81.43,81.37,81.37,200,81.36,300,81.35,100,81.34,700,81.32,200,81.3,400,81.29,200,81.28,700,81.27,100,81.26,300,81.43,200,81.44,200,81.45,900,81.46,300,81.48,500,81.49,200,81.5,300,81.51,300,81.52,500,81.53,500
2026-02-05 09:30:32,81.41,81.42,1,81.39,100,81.43,200,81.43,81.39,81.39,100,81.38,400,81.37,100,81.36,300,81.35,100,81.34,700,81.32,200,81.3,400,81.29,200,81.28,700,81.43,200,81.44,200,81.45,900,81.46,300,81.48,500,81.49,200,81.5,300,81.51,300,81.52,500,81.53,500
2026-02-05 09:30:33,81.385,81.38,1,81.36,400,81.41,200,81.41,81.36,81.36,400,81.35,100,81.34,700,81.32,200,81.3,400,81.29,200,81.28,700,81.27,100,81.26,300,81.24,300,81.41,200,81.42,300,81.44,100,81.45,900,81.46,300,81.48,500,81.49,200,81.5,300,81.51,300,81.52,500
2026-02-05 09:30:34,81.41,81.38,2,81.38,200,81.44,300,81.44,81.38,81.38,200,81.37,400,81.36,300,81.35,300,81.34,200,81.33,300,81.32,400,81.31,200,81.3,500,81.29,200,81.44,300,81.45,900,81.46,300,81.48,500,81.49,200,81.5,300,81.51,300,81.52,500,81.53,500,81.54,200
2026-02-05 09:30:35,81.4,81.38,2,81.36,300,81.44,300,81.44,81.36,81.36,300,81.35,300,81.34,200,81.33,300,81.32,400,81.31,200,81.3,500,81.29,200,81.28,700,81.27,100,81.44,300,81.45,900,81.46,300,81.48,500,81.49,200,81.5,300,81.51,300,81.52,500,81.53,500,81.54,200
2026-02-05 09:30:36,81.4,81.38,2,81.36,300,81.44,300,81.44,81.36,81.36,300,81.35,300,81.34,200,81.33,300,81.32,400,81.31,200,81.3,500,81.29,200,81.28,700,81.27,100,81.44,300,81.45,900,81.46,300,81.48,500,81.49,200,81.5,300,81.51,300,81.52,500,81.53,500,81.54,200
2026-02-05 09:30:37,81.4,81.36,1,81.36,400,81.44,1000,81.44,81.36,81.36,400,81.34,300,81.33,300,81.32,400,81.31,200,81.3,500,81.29,200,81.28,700,81.27,100,81.26,300,81.44,1000,81.45,900,81.46,300,81.48,500,81.49,200,81.5,300,81.51,300,81.52,500,81.53,500,81.54,200
2026-02-05 09:30:38,81.375,81.36,2,81.35,200,81.4,200,81.4,81.35,81.35,200,81.34,300,81.33,300,81.32,400,81.31,200,81.3,500,81.29,200,81.28,700,81.27,100,81.26,300,81.4,200,81.44,1200,81.45,900,81.46,300,81.48,500,81.49,200,81.5,300,81.51,300,81.52,500,81.53,500
2026-02-05 09:30:39,81.425,81.43,1,81.41,300,81.44,100,81.44,81.41,81.41,300,81.4,500,81.39,600,81.38,200,81.37,600,81.36,200,81.35,200,81.34,300,81.33,300,81.32,400,81.44,100,81.45,1000,81.46,300,81.48,500,81.49,200,81.5,300,81.51,300,81.52,500,81.53,500,81.54,200
2026-02-05 09:30:40,81.44,81.44,1,81.42,300,81.46,200,81.46,81.42,81.42,300,81.41,400,81.4,500,81.39,600,81.38,200,81.37,600,81.36,200,81.35,200,81.34,300,81.33,300,81.46,200,81.48,500,81.49,200,81.5,300,81.51,300,81.52,500,81.53,500,81.54,200,81.55,400,81.56,300
2026-02-05 09:30:41,81.445,81.44,2,81.42,300,81.47,300,81.47,81.42,81.42,300,81.41,400,81.4,500,81.39,600,81.38,200,81.37,600,81.36,200,81.35,200,81.34,300,81.33,300,81.47,300,81.48,500,81.49,200,81.5,300,81.51,300,81.52,500,81.53,500,81.54,200,81.55,400,81.56,300
2026-02-05 09:30:41,81.395,81.39,1,81.36,200,81.43,300,81.43,81.36,81.36,200,81.35,200,81.34,300,81.33,300,81.32,400,81.31,200,81.3,500,81.29,200,81.28,700,81.27,100,81.43,300,81.46,300,81.47,300,81.48,500,81.49,200,81.5,300,81.51,300,81.52,500,81.53,500,81.54,200
2026-02-05 09:30:43,81.395,81.39,1,81.36,200,81.43,300,81.43,81.36,81.36,200,81.35,200,81.34,300,81.33,300,81.32,400,81.31,200,81.3,500,81.29,200,81.28,700,81.27,100,81.43,300,81.46,300,81.47,300,81.48,500,81.49,200,81.5,300,81.51,300,81.52,500,81.53,500,81.54,200
2026-02-05 09:30:44,81.39,81.37,2,81.37,200,81.41,100,81.41,81.37,81.37,200,81.36,200,81.35,200,81.34,500,81.33,300,81.32,400,81.31,200,81.3,500,81.29,200,81.28,700,81.41,100,81.43,300,81.46,300,81.47,300,81.48,500,81.49,200,81.5,300,81.51,300,81.52,500,81.53,500
2026-02-05 09:30:45,81.33,81.33,2,81.31,400,81.35,200,81.35,81.31,81.31,400,81.3,500,81.29,200,81.28,700,81.27,100,81.26,300,81.24,300,81.22,800,81.21,300,81.2,500,81.35,200,81.36,400,81.37,200,81.38,500,81.39,200,81.4,400,81.42,200,81.43,100,81.45,900,81.46,300
2026-02-05 09:30:46,81.335,81.33,2,81.32,400,81.35,700,81.35,81.32,81.32,400,81.31,300,81.3,1000,81.29,200,81.28,700,81.27,100,81.26,300,81.24,300,81.22,800,81.21,300,81.35,700,81.36,600,81.37,200,81.38,500,81.39,200,81.4,400,81.42,200,81.43,100,81.45,900,81.46,300
2026-02-05 09:30:47,81.355,81.35,2,81.34,200,81.37,400,81.37,81.34,81.34,200,81.32,600,81.31,400,81.3,800,81.29,200,81.28,700,81.27,100,81.26,300,81.24,300,81.22,800,81.37,400,81.38,500,81.39,200,81.4,400,81.42,200,81.43,100,81.45,900,81.46,300,81.47,300,81.48,500
2026-02-05 09:30:48,81.34,81.33,2,81.32,700,81.36,200,81.36,81.32,81.32,700,81.31,400,81.3,800,81.29,200,81.28,700,81.27,100,81.26,300,81.24,300,81.22,800,81.21,300,81.36,200,81.37,100,81.38,200,81.39,200,81.4,400,81.42,200,81.43,100,81.45,900,81.46,300,81.47,300
2026-02-05 09:30:48,81.34,81.33,2,81.32,700,81.36,200,81.36,81.32,81.32,700,81.31,400,81.3,800,81.29,200,81.28,700,81.27,100,81.26,300,81.24,300,81.22,800,81.21,300,81.36,200,81.37,100,81.38,200,81.39,200,81.4,400,81.42,200,81.43,100,81.45,900,81.46,300,81.47,300
2026-02-05 09:30:50,81.31,81.31,1,81.29,300,81.33,600,81.33,81.29,81.29,300,81.28,1000,81.27,100,81.26,300,81.24,300,81.22,800,81.21,300,81.2,500,81.19,300,81.17,200,81.33,600,81.34,300,81.36,200,81.37,100,81.38,200,81.39,200,81.4,400,81.42,200,81.43,100,81.45,900
2026-02-05 09:30:51,81.31,81.28,4,81.28,1000,81.34,200,81.34,81.28,81.28,1000,81.27,100,81.26,300,81.24,300,81.22,800,81.21,300,81.2,500,81.19,300,81.17,200,81.16,300,81.34,200,81.36,200,81.37,100,81.38,200,81.39,200,81.4,400,81.42,200,81.43,100,81.45,900,81.46,300
2026-02-05 09:30:52,81.31,81.31,1,81.28,1000,81.34,200,81.34,81.28,81.28,1000,81.27,100,81.26,300,81.24,300,81.22,800,81.21,300,81.2,500,81.19,300,81.17,200,81.16,300,81.34,200,81.36,200,81.37,100,81.38,200,81.39,200,81.4,400,81.42,200,81.43,100,81.45,900,81.46,300
2026-02-05 09:30:53,81.31,81.31,1,81.28,1000,81.34,200,81.34,81.28,81.28,1000,81.27,100,81.26,300,81.24,300,81.22,800,81.21,300,81.2,500,81.19,300,81.17,200,81.16,300,81.34,200,81.36,200,81.37,100,81.38,200,81.39,200,81.4,400,81.42,200,81.43,100,81.45,900,81.46,300
2026-02-05 09:30:54,81.31,81.31,1,81.28,1000,81.34,200,81.34,81.28,81.28,1000,81.27,100,81.26,300,81.24,300,81.22,800,81.21,300,81.2,500,81.19,300,81.17,200,81.16,300,81.34,200,81.36,200,81.37,100,81.38,200,81.39,200,81.4,400,81.42,200,81.43,100,81.45,900,81.46,300
2026-02-05 09:30:55,81.31,81.31,1,81.28,1400,81.34,200,81.34,81.28,81.28,1400,81.27,100,81.26,300,81.24,300,81.22,800,81.21,300,81.2,500,81.19,300,81.17,200,81.16,300,81.34,200,81.36,200,81.37,100,81.38,200,81.39,200,81.4,400,81.42,200,81.43,100,81.45,900,81.46,300
2026-02-05 09:30:56,81.36,81.36,1,81.34,500,81.38,200,81.38,81.34,81.34,500,81.33,300,81.31,600,81.28,1400,81.27,100,81.26,300,81.24,300,81.22,800,81.21,300,81.2,500,81.38,200,81.39,100,81.4,400,81.42,200,81.43,100,81.45,900,81.46,300,81.47,300,81.48,500,81.49,200
2026-02-05 09:30:57,81.335,81.34,1,81.3,200,81.37,200,81.37,81.3,81.3,200,81.28,1400,81.27,100,81.26,300,81.24,300,81.22,800,81.21,300,81.2,500,81.19,300,81.17,200,81.37,200,81.38,200,81.39,100,81.4,400,81.42,200,81.43,100,81.45,900,81.46,300,81.47,300,81.48,500
2026-02-05 09:30:58,81.335,81.34,1,81.3,200,81.37,200,81.37,81.3,81.3,200,81.28,1400,81.27,100,81.26,300,81.24,300,81.22,800,81.21,300,81.2,500,81.19,300,81.17,200,81.37,200,81.38,200,81.39,100,81.4,400,81.42,200,81.43,100,81.45,900,81.46,300,81.47,300,81.48,500
2026-02-05 09:30:59,81.32,81.32,2,81.3,400,81.34,200,81.34,81.3,81.3,400,81.29,100,81.28,200,81.27,400,81.26,300,81.24,300,81.22,800,81.21,300,81.2,500,81.19,300,81.34,200,81.37,200,81.38,200,81.39,100,81.4,400,81.42,200,81.43,100,81.45,900,81.46,300,81.47,300
2026-02-05 09:31:00,81.285,81.28,1,81.26,300,81.31,200,81.31,81.26,81.26,300,81.24,300,81.22,800,81.21,300,81.2,500,81.19,300,81.17,200,81.16,300,81.15,300,81.13,200,81.31,200,81.32,300,81.34,200,81.37,200,81.38,200,81.39,100,81.4,400,81.42,200,81.43,100,81.45,900
2026-02-05 09:31:01,81.27,81.26,1,81.25,300,81.29,400,81.29,81.25,81.25,300,81.24,500,81.22,800,81.21,300,81.2,500,81.19,300,81.17,200,81.16,300,81.15,300,81.13,200,81.29,400,81.3,200,81.31,300,81.32,300,81.33,500,81.34,200,81.37,200,81.38,200,81.39,100,81.4,400
2026-02-05 09:31:02,81.27,81.25,2,81.25,600,81.29,400,81.29,81.25,81.25,600,81.24,500,81.22,800,81.21,300,81.2,500,81.19,300,81.17,200,81.16,300,81.15,300,81.13,200,81.29,400,81.3,200,81.31,300,81.32,300,81.33,500,81.34,200,81.37,200,81.38,200,81.39,100,81.4,400
2026-02-05 09:31:03,81.31,81.3,1,81.29,300,81.33,200,81.33,81.29,81.29,300,81.28,200,81.27,400,81.26,300,81.25,500,81.24,500,81.22,800,81.21,300,81.2,500,81.19,300,81.33,200,81.34,200,81.37,200,81.38,200,81.39,100,81.4,400,81.42,200,81.43,100,81.45,900,81.46,300
2026-02-05 09:31:04,81.315,81.3,1,81.29,500,81.34,300,81.34,81.29,81.29,500,81.28,200,81.27,400,81.26,300,81.25,500,81.24,500,81.22,800,81.21,300,81.2,500,81.19,300,81.34,300,81.37,200,81.38,200,81.39,100,81.4,400,81.42,200,81.43,100,81.45,900,81.46,300,81.47,300
2026-02-05 09:31:05,81.265,81.3,1,81.25,600,81.28,200,81.28,81.25,81.25,600,81.24,500,81.22,800,81.21,300,81.2,500,81.19,300,81.17,200,81.16,300,81.15,300,81.13,200,81.28,200,81.29,200,81.3,300,81.31,200,81.32,300,81.33,100,81.34,300,81.37,200,81.38,200,81.39,100
2026-02-05 09:31:06,81.225,81.23,1,81.21,200,81.24,700,81.24,81.21,81.21,200,81.2,100,81.19,200,81.18,300,81.17,400,81.16,300,81.15,300,81.13,200,81.12,500,81.11,200,81.24,700,81.25,200,81.26,300,81.27,300,81.28,200,81.29,200,81.3,300,81.31,200,81.32,300,81.33,100
2026-02-05 09:31:07,81.225,81.24,1,81.2,500,81.25,400,81.25,81.2,81.2,500,81.17,400,81.16,300,81.15,300,81.13,200,81.12,500,81.11,200,81.1,600,81.09,300,81.07,200,81.25,400,81.26,300,81.27,300,81.28,200,81.29,200,81.3,300,81.31,200,81.32,300,81.33,100,81.34,300
2026-02-05 09:31:08,81.235,81.24,1,81.2,600,81.27,200,81.27,81.2,81.2,600,81.17,400,81.16,300,81.15,300,81.13,200,81.12,500,81.11,200,81.1,600,81.09,300,81.07,200,81.27,200,81.28,200,81.29,200,81.3,300,81.31,200,81.32,300,81.33,100,81.34,300,81.37,200,81.38,200
2026-02-05 09:31:09,81.235,81.21,1,81.21,300,81.26,200,81.26,81.21,81.21,300,81.2,500,81.17,400,81.16,300,81.15,300,81.13,200,81.12,500,81.11,200,81.1,600,81.09,300,81.26,200,81.27,300,81.28,200,81.29,200,81.3,300,81.31,200,81.32,300,81.33,100,81.34,300,81.37,200
2026-02-05 09:31:10,81.23,81.23,2,81.21,400,81.25,200,81.25,81.21,81.21,400,81.2,100,81.19,500,81.18,100,81.17,200,81.16,200,81.15,300,81.13,200,81.12,500,81.11,200,81.25,200,81.26,200,81.27,300,81.28,200,81.29,200,81.3,300,81.31,200,81.32,300,81.33,100,81.34,300
2026-02-05 09:31:11,81.2,81.2,1,81.18,500,81.22,200,81.22,81.18,81.18,500,81.17,200,81.16,200,81.15,300,81.13,200,81.12,500,81.11,200,81.1,600,81.09,300,81.07,200,81.22,200,81.23,300,81.24,300,81.25,200,81.26,200,81.27,300,81.28,200,81.29,200,81.3,300,81.31,200
2026-02-05 09:31:12,81.21,81.22,2,81.19,100,81.23,400,81.23,81.19,81.19,100,81.18,600,81.17,200,81.16,200,81.15,300,81.13,200,81.12,500,81.11,200,81.1,600,81.09,300,81.23,400,81.24,300,81.25,200,81.26,200,81.27,300,81.28,200,81.29,200,81.3,300,81.31,200,81.32,300
2026-02-05 09:31:13,81.27,81.28,1,81.26,200,81.28,400,81.28,81.26,81.26,200,81.25,200,81.24,200,81.23,200,81.22,200,81.21,100,81.19,100,81.18,600,81.17,200,81.16,200,81.28,400,81.29,400,81.3,300,81.31,200,81.32,300,81.33,100,81.34,300,81.37,200,81.38,200,81.39,100
2026-02-05 09:31:14,81.3,81.28,1,81.28,500,81.32,200,81.32,81.28,81.28,500,81.27,200,81.26,200,81.25,200,81.24,200,81.23,200,81.22,200,81.21,100,81.19,100,81.18,600,81.32,200,81.33,100,81.34,300,81.37,200,81.38,200,81.39,100,81.4,400,81.42,200,81.43,100,81.45,900
2026-02-05 09:31:15,81.3,81.3,4,81.27,400,81.33,300,81.33,81.27,81.27,400,81.26,200,81.25,200,81.24,200,81.23,200,81.22,200,81.21,100,81.19,100,81.18,600,81.17,200,81.33,300,81.34,300,81.37,200,81.38,200,81.39,100,81.4,400,81.42,200,81.43,100,81.45,900,81.46,300
2026-02-05 09:31:16,81.335,81.34,1,81.33,1000,81.34,300,81.34,81.33,81.33,1000,81.31,300,81.3,400,81.27,300,81.26,200,81.25,200,81.24,200,81.23,200,81.22,200,81.21,100,81.34,300,81.35,200,81.36,400,81.37,500,81.38,200,81.39,100,81.4,400,81.42,200,81.43,100,81.45,900
2026-02-05 09:31:17,81.36,81.36,2,81.34,200,81.38,200,81.38,81.34,81.34,200,81.33,100,81.32,100,81.31,300,81.3,400,81.27,300,81.26,200,81.25,200,81.24,200,81.23,200,81.38,200,81.39,100,81.4,400,81.42,200,81.43,100,81.45,900,81.46,300,81.47,300,81.48,500,81.49,200
2026-02-05 09:31:18,81.41,81.4,2,81.39,200,81.43,300,81.43,81.39,81.39,200,81.38,200,81.37,400,81.36,200,81.35,100,81.34,200,81.33,100,81.32,100,81.31,300,81.3,400,81.43,300,81.45,900,81.46,300,81.47,300,81.48,500,81.49,200,81.5,300,81.51,300,81.52,500,81.53,500
2026-02-05 09:31:19,81.425,81.4,2,81.4,100,81.45,200,81.45,81.4,81.4,100,81.39,400,81.38,200,81.37,400,81.36,200,81.35,100,81.34,200,81.33,100,81.32,100,81.31,300,81.45,200,81.46,300,81.47,300,81.48,500,81.49,200,81.5,300,81.51,300,81.52,500,81.53,500,81.54,200
2026-02-05 09:31:20,81.435,81.44,1,81.41,400,81.46,200,81.46,81.41,81.41,400,81.4,300,81.39,400,81.38,200,81.37,400,81.36,200,81.35,100,81.34,200,81.33,100,81.32,100,81.46,200,81.47,200,81.48,500,81.49,200,81.5,300,81.51,300,81.52,500,81.53,500,81.54,200,81.55,400
2026-02-05 09:31:21,81.43,81.44,1,81.41,400,81.45,100,81.45,81.41,81.41,400,81.4,300,81.39,400,81.38,200,81.37,400,81.36,200,81.35,100,81.34,200,81.33,100,81.32,100,81.45,100,81.46,200,81.47,200,81.48,500,81.49,200,81.5,300,81.51,300,81.52,500,81.53,500,81.54,200
2026-02-05 09:31:22,81.46,81.44,1,81.44,400,81.48,900,81.48,81.44,81.44,400,81.43,200,81.41,100,81.4,300,81.39,400,81.38,200,81.37,400,81.36,200,81.35,100,81.34,200,81.48,900,81.49,200,81.5,300,81.51,300,81.52,500,81.53,500,81.54,200,81.55,400,81.56,300,81.57,300
2026-02-05 09:31:23,81.46,81.44,1,81.44,200,81.48,900,81.48,81.44,81.44,200,81.43,200,81.41,100,81.4,300,81.39,400,81.38,200,81.37,400,81.36,200,81.35,100,81.34,200,81.48,900,81.49,200,81.5,300,81.51,300,81.52,500,81.53,500,81.54,200,81.55,400,81.56,300,81.57,300
2026-02-05 09:31:24,81.465,81.46,1,81.45,400,81.48,700,81.48,81.45,81.45,400,81.44,400,81.43,200,81.41,100,81.4,300,81.39,400,81.38,200,81.37,400,81.36,200,81.35,100,81.48,700,81.49,200,81.5,300,81.51,300,81.52,500,81.53,500,81.54,200,81.55,400,81.56,300,81.57,300
2026-02-05 09:31:25,81.42,81.41,1,81.41,100,81.43,200,81.43,81.41,81.41,100,81.4,500,81.39,300,81.38,200,81.37,400,81.36,200,81.35,100,81.34,200,81.33,100,81.32,100,81.43,200,81.44,200,81.45,200,81.46,200,81.47,500,81.49,400,81.5,300,81.51,300,81.52,500,81.53,500
2026-02-05 09:31:26,81.405,81.41,1,81.39,500,81.42,200,81.42,81.39,81.39,500,81.38,200,81.37,400,81.36,200,81.35,100,81.34,200,81.33,100,81.32,100,81.31,300,81.3,400,81.42,200,81.43,200,81.44,200,81.45,200,81.46,200,81.47,500,81.49,400,81.5,300,81.51,300,81.52,500
2026-02-05 09:31:27,81.405,81.41,1,81.39,400,81.42,200,81.42,81.39,81.39,400,81.38,200,81.37,400,81.36,200,81.35,100,81.34,200,81.33,100,81.32,100,81.31,300,81.3,400,81.42,200,81.43,200,81.44,200,81.45,200,81.46,200,81.47,500,81.49,400,81.5,300,81.51,300,81.52,500
2026-02-05 09:31:28,81.4,81.41,1,81.38,200,81.42,300,81.42,81.38,81.38,200,81.37,400,81.36,200,81.35,100,81.34,200,81.33,100,81.32,100,81.31,300,81.3,400,81.27,300,81.42,300,81.43,200,81.44,200,81.45,200,81.46,200,81.47,500,81.49,400,81.5,300,81.51,300,81.52,500
2026-02-05 09:31:29,81.42,81.42,2,81.4,400,81.44,400,81.44,81.4,81.4,400,81.38,200,81.37,400,81.36,200,81.35,100,81.34,200,81.33,100,81.32,100,81.31,300,81.3,400,81.44,400,81.45,200,81.46,200,81.47,500,81.49,400,81.5,300,81.51,300,81.52,500,81.53,500,81.54,200
2026-02-05 09:31:30,81.415,81.42,2,81.39,800,81.44,400,81.44,81.39,81.39,800,81.38,200,81.37,400,81.36,200,81.35,100,81.34,200,81.33,100,81.32,100,81.31,300,81.3,400,81.44,400,81.45,200,81.46,200,81.47,500,81.49,400,81.5,300,81.51,300,81.52,500,81.53,500,81.54,200
2026-02-05 09:31:31,81.45,81.44,1,81.42,500,81.48,300,81.48,81.42,81.42,500,81.41,700,81.4,800,81.39,800,81.38,200,81.37,400,81.36,200,81.35,100,81.34,200,81.33,100,81.48,300,81.49,400,81.5,300,81.51,300,81.52,500,81.53,500,81.54,200,81.55,400,81.56,300,81.57,300
2026-02-05 09:31:32,81.41,81.42,5,81.39,300,81.43,200,81.43,81.39,81.39,300,81.38,200,81.37,400,81.36,200,81.35,100,81.34,200,81.33,100,81.32,100,81.31,300,81.3,400,81.43,200,81.44,300,81.45,300,81.46,400,81.47,300,81.48,200,81.49,400,81.5,300,81.51,300,81.52,500
2026-02-05 09:31:33,81.41,81.4,1,81.39,300,81.43,200,81.43,81.39,81.39,300,81.38,200,81.37,400,81.36,200,81.35,100,81.34,200,81.33,100,81.32,100,81.31,300,81.3,400,81.43,200,81.44,300,81.45,300,81.46,400,81.47,300,81.48,200,81.49,400,81.5,300,81.51,300,81.52,500
2026-02-05 09:31:34,81.34,81.33,1,81.32,400,81.36,200,81.36,81.32,81.32,400,81.31,300,81.3,400,81.27,300,81.26,200,81.25,200,81.24,200,81.23,200,81.22,200,81.21,100,81.36,200,81.37,200,81.38,200,81.39,300,81.4,200,81.41,300,81.42,200,81.43,400,81.45,500,81.46,400
2026-02-05 09:31:35,81.34,81.37,1,81.32,400,81.36,200,81.36,81.32,81.32,400,81.31,300,81.3,400,81.27,300,81.26,200,81.25,200,81.24,200,81.23,200,81.22,200,81.21,100,81.36,200,81.37,200,81.38,200,81.39,300,81.4,200,81.41,300,81.42,200,81.43,400,81.45,500,81.46,400
2026-02-05 09:31:36,81.35,81.36,3,81.33,200,81.37,200,81.37,81.33,81.33,200,81.32,200,81.31,300,81.3,400,81.27,300,81.26,200,81.25,200,81.24,200,81.23,200,81.22,200,81.37,200,81.38,100,81.39,200,81.4,200,81.41,300,81.42,200,81.43,400,81.45,500,81.46,400,81.47,300
2026-02-05 09:31:37,81.35,81.35,1,81.33,200,81.37,200,81.37,81.33,81.33,200,81.32,200,81.31,300,81.3,400,81.27,300,81.26,200,81.25,200,81.24,200,81.23,200,81.22,200,81.37,200,81.38,100,81.39,200,81.4,200,81.41,300,81.42,200,81.43,400,81.45,500,81.46,400,81.47,300
2026-02-05 09:31:38,81.35,81.37,1,81.33,200,81.37,200,81.37,81.33,81.33,200,81.32,200,81.31,300,81.3,400,81.27,300,81.26,200,81.25,200,81.24,200,81.23,200,81.22,200,81.37,200,81.38,200,81.39,200,81.4,200,81.41,300,81.42,200,81.43,400,81.45,500,81.46,400,81.47,300
2026-02-05 09:31:39,81.345,81.37,1,81.32,400,81.37,200,81.37,81.32,81.32,400,81.31,300,81.3,400,81.27,300,81.26,200,81.25,200,81.24,200,81.23,200,81.22,200,81.21,100,81.37,200,81.38,200,81.39,200,81.4,200,81.41,300,81.42,200,81.43,400,81.45,500,81.46,400,81.47,300
2026-02-05 09:31:40,81.34,81.37,1,81.32,200,81.36,300,81.36,81.32,81.32,200,81.31,300,81.3,400,81.27,300,81.26,200,81.25,200,81.24,200,81.23,200,81.22,200,81.21,100,81.36,300,81.37,200,81.38,200,81.39,200,81.4,200,81.41,300,81.42,200,81.43,400,81.45,500,81.46,400
2026-02-05 09:31:41,81.31,81.32,4,81.29,400,81.33,300,81.33,81.29,81.29,400,81.27,300,81.26,200,81.25,200,81.24,200,81.23,200,81.22,200,81.21,100,81.19,100,81.18,600,81.33,300,81.34,300,81.35,100,81.36,300,81.37,200,81.38,200,81.39,200,81.4,200,81.41,300,81.42,200
2026-02-05 09:31:42,81.29,81.29,1,81.28,400,81.3,300,81.3,81.28,81.28,400,81.27,300,81.26,200,81.25,200,81.24,200,81.23,200,81.22,200,81.21,100,81.19,100,81.18,600,81.3,300,81.31,300,81.32,300,81.33,100,81.34,300,81.35,100,81.36,300,81.37,200,81.38,200,81.39,200
2026-02-05 09:31:43,81.27,81.27,1,81.25,200,81.29,300,81.29,81.25,81.25,200,81.24,200,81.23,200,81.22,200,81.21,100,81.19,100,81.18,600,81.17,200,81.16,200,81.15,300,81.29,300,81.3,300,81.31,200,81.32,300,81.33,100,81.34,300,81.35,100,81.36,300,81.37,200,81.38,200
2026-02-05 09:31:44,81.265,81.25,1,81.24,200,81.29,200,81.29,81.24,81.24,200,81.23,200,81.22,200,81.21,100,81.19,100,81.18,600,81.17,200,81.16,200,81.15,300,81.13,200,81.29,200,81.3,300,81.31,200,81.32,300,81.33,100,81.34,300,81.35,100,81.36,300,81.37,200,81.38,200
2026-02-05 09:31:45,81.245,81.26,1,81.23,300,81.26,200,81.26,81.23,81.23,300,81.22,200,81.21,100,81.19,100,81.18,600,81.17,200,81.16,200,81.15,300,81.13,200,81.12,500,81.26,200,81.28,400,81.29,400,81.3,300,81.31,200,81.32,300,81.33,100,81.34,300,81.35,100,81.36,300
2026-02-05 09:31:46,81.245,81.23,1,81.22,200,81.27,300,81.27,81.22,81.22,200,81.21,100,81.19,100,81.18,600,81.17,200,81.16,200,81.15,300,81.13,200,81.12,500,81.11,200,81.27,300,81.28,200,81.29,400,81.3,300,81.31,200,81.32,300,81.33,100,81.34,300,81.35,100,81.36,300
2026-02-05 09:31:47,81.22,81.22,1,81.2,300,81.24,200,81.24,81.2,81.2,300,81.19,100,81.18,600,81.17,200,81.16,200,81.15,300,81.13,200,81.12,500,81.11,200,81.1,600,81.24,200,81.27,300,81.28,200,81.29,400,81.3,300,81.31,200,81.32,300,81.33,100,81.34,300,81.35,100
2026-02-05 09:31:48,81.225,81.2,1,81.21,200,81.24,200,81.24,81.21,81.21,200,81.2,200,81.19,400,81.18,600,81.17,200,81.16,200,81.15,300,81.13,200,81.12,500,81.11,200,81.24,200,81.27,300,81.28,200,81.29,400,81.3,300,81.31,200,81.32,300,81.33,100,81.34,300,81.35,100
2026-02-05 09:31:49,81.245,81.2,1,81.23,100,81.26,300,81.26,81.23,81.23,100,81.22,300,81.21,200,81.2,400,81.19,600,81.18,600,81.17,200,81.16,200,81.15,300,81.13,200,81.26,300,81.27,200,81.28,200,81.29,400,81.3,300,81.31,200,81.32,300,81.33,100,81.34,300,81.35,100
2026-02-05 09:31:50,81.24,81.2,1,81.22,500,81.26,200,81.26,81.22,81.22,500,81.21,200,81.2,400,81.19,600,81.18,600,81.17,200,81.16,200,81.15,300,81.13,200,81.12,500,81.26,200,81.27,200,81.28,200,81.29,400,81.3,300,81.31,200,81.32,300,81.33,100,81.34,300,81.35,100
2026-02-05 09:31:51,81.23,81.23,1,81.21,200,81.25,300,81.25,81.21,81.21,200,81.2,300,81.19,600,81.18,600,81.17,200,81.16,200,81.15,300,81.13,200,81.12,500,81.11,200,81.25,300,81.26,400,81.27,200,81.28,200,81.29,400,81.3,300,81.31,200,81.32,300,81.33,100,81.34,300
2026-02-05 09:31:52,81.22,81.21,1,81.2,400,81.24,400,81.24,81.2,81.2,400,81.19,600,81.18,600,81.17,200,81.16,200,81.15,300,81.13,200,81.12,500,81.11,200,81.1,600,81.24,400,81.25,200,81.26,400,81.27,200,81.28,200,81.29,400,81.3,300,81.31,200,81.32,300,81.33,100
2026-02-05 09:31:53,81.225,81.21,1,81.2,400,81.25,200,81.25,81.2,81.2,400,81.19,600,81.18,600,81.17,200,81.16,200,81.15,300,81.13,200,81.12,500,81.11,200,81.1,600,81.25,200,81.26,400,81.27,200,81.28,200,81.29,400,81.3,300,81.31,200,81.32,300,81.33,100,81.34,300
2026-02-05 09:31:54,81.23,81.22,1,81.2,400,81.26,400,81.26,81.2,81.2,400,81.19,600,81.18,600,81.17,200,81.16,200,81.15,300,81.13,200,81.12,500,81.11,200,81.1,600,81.26,400,81.27,200,81.28,200,81.29,400,81.3,300,81.31,200,81.32,300,81.33,100,81.34,300,81.35,100
2026-02-05 09:31:55,81.225,81.22,1,81.2,400,81.25,200,81.25,81.2,81.2,400,81.19,600,81.18,600,81.17,200,81.16,200,81.15,300,81.13,200,81.12,500,81.11,200,81.1,600,81.25,200,81.26,400,81.27,200,81.28,200,81.29,400,81.3,300,81.31,200,81.32,300,81.33,100,81.34,300
2026-02-05 09:31:56,81.22,81.22,1,81.2,400,81.24,400,81.24,81.2,81.2,400,81.19,600,81.18,600,81.17,200,81.16,200,81.15,300,81.13,200,81.12,500,81.11,200,81.1,600,81.24,400,81.25,200,81.26,400,81.27,200,81.28,200,81.29,400,81.3,300,81.31,200,81.32,300,81.33,100
2026-02-05 09:31:57,81.235,81.25,1,81.21,400,81.26,500,81.26,81.21,81.21,400,81.2,600,81.19,600,81.18,600,81.17,200,81.16,200,81.15,300,81.13,200,81.12,500,81.11,200,81.26,500,81.27,300,81.28,200,81.29,400,81.3,300,81.31,200,81.32,300,81.33,100,81.34,300,81.35,100
2026-02-05 09:31:58,81.215,81.21,1,81.2,400,81.23,200,81.23,81.2,81.2,400,81.19,600,81.18,600,81.17,200,81.16,200,81.15,300,81.13,200,81.12,500,81.11,200,81.1,600,81.23,200,81.25,100,81.26,500,81.27,300,81.28,200,81.29,400,81.3,300,81.31,200,81.32,300,81.33,100
2026-02-05 09:31:59,81.15,81.19,1,81.13,200,81.17,300,81.17,81.13,81.13,200,81.12,500,81.11,200,81.1,600,81.09,300,81.07,200,81.06,200,81.04,500,81.03,400,81.02,400,81.17,300,81.18,400,81.19,300,81.2,200,81.21,400,81.22,300,81.23,200,81.25,100,81.26,500,81.27,300
2026-02-05 09:32:00,81.195,81.19,1,81.18,300,81.21,600,81.21,81.18,81.18,300,81.16,300,81.15,300,81.13,500,81.11,500,81.1,600,81.09,300,81.07,200,81.06,200,81.04,500,81.21,600,81.22,300,81.23,200,81.25,100,81.26,500,81.27,300,81.28,200,81.29,400,81.3,300,81.31,200
2026-02-05 09:32:01,81.195,81.19,1,81.18,300,81.21,600,81.21,81.18,81.18,300,81.16,300,81.15,300,81.13,500,81.11,500,81.1,600,81.09,300,81.07,200,81.06,200,81.04,500,81.21,600,81.22,300,81.23,200,81.25,100,81.26,500,81.27,300,81.28,200,81.29,400,81.3,300,81.31,200
2026-02-05 09:32:02,81.145,81.17,1,81.13,400,81.16,300,81.16,81.13,81.13,400,81.11,500,81.1,600,81.09,300,81.07,200,81.06,200,81.04,500,81.03,400,81.02,400,81.0,200,81.16,300,81.17,300,81.18,100,81.19,400,81.21,100,81.22,500,81.23,200,81.25,100,81.26,500,81.27,300
2026-02-05 09:32:03,81.135,81.13,1,81.12,400,81.15,800,81.15,81.12,81.12,400,81.11,800,81.1,600,81.09,300,81.07,200,81.06,200,81.04,500,81.03,400,81.02,400,81.0,200,81.15,800,81.16,200,81.17,300,81.18,300,81.19,400,81.21,100,81.22,500,81.23,200,81.25,100,81.26,500
2026-02-05 09:32:04,81.135,81.14,1,81.12,400,81.15,800,81.15,81.12,81.12,400,81.11,800,81.1,600,81.09,300,81.07,200,81.06,200,81.04,500,81.03,400,81.02,400,81.0,200,81.15,800,81.16,200,81.17,300,81.18,300,81.19,400,81.21,100,81.22,500,81.23,200,81.25,100,81.26,500
2026-02-05 09:32:05,81.125,81.12,1,81.11,900,81.14,200,81.14,81.11,81.11,900,81.1,600,81.09,300,81.07,200,81.06,200,81.04,500,81.03,400,81.02,400,81.0,200,80.99,500,81.14,200,81.15,1100,81.16,200,81.17,300,81.18,300,81.19,400,81.21,100,81.22,500,81.23,200,81.25,100
2026-02-05 09:32:06,81.125,81.12,1,81.11,900,81.14,200,81.14,81.11,81.11,900,81.1,600,81.09,300,81.07,200,81.06,200,81.04,500,81.03,400,81.02,400,81.0,200,80.99,500,81.14,200,81.15,1100,81.16,200,81.17,300,81.18,300,81.19,400,81.21,100,81.22,500,81.23,200,81.25,100
2026-02-05 09:32:07,81.12,81.11,1,81.11,1100,81.13,200,81.13,81.11,81.11,1000,81.1,600,81.09,300,81.07,200,81.06,200,81.04,500,81.03,400,81.02,400,81.0,200,80.99,500,81.13,200,81.14,800,81.15,1100,81.16,200,81.17,300,81.18,300,81.19,400,81.21,100,81.22,500,81.23,200
2026-02-05 09:32:08,81.065,81.06,1,81.05,600,81.08,200,81.08,81.05,81.05,600,81.04,300,81.03,400,81.02,400,81.0,200,80.99,500,80.97,500,80.96,400,80.95,500,80.94,100,81.08,200,81.1,200,81.11,300,81.12,300,81.13,300,81.14,800,81.15,1100,81.16,200,81.17,300,81.18,300
2026-02-05 09:32:09,81.04,81.05,1,81.02,200,81.06,200,81.06,81.02,81.02,200,81.0,200,80.99,500,80.97,500,80.96,400,80.95,500,80.94,100,80.93,100,80.91,100,80.89,200,81.06,200,81.08,200,81.1,200,81.11,300,81.12,300,81.13,300,81.14,800,81.15,1100,81.16,200,81.17,300
2026-02-05 09:32:10,81.025,81.02,1,81.0,400,81.05,300,81.05,81.0,81.0,400,80.99,500,80.97,500,80.96,400,80.95,500,80.94,100,80.93,100,80.91,100,80.89,200,80.87,300,81.05,300,81.06,200,81.08,200,81.1,200,81.11,300,81.12,300,81.13,300,81.14,800,81.15,1100,81.16,200
2026-02-05 09:32:11,80.99,81.01,1,80.97,400,81.01,200,81.01,80.97,80.97,400,80.96,400,80.95,500,80.94,100,80.93,100,80.91,100,80.89,200,80.87,300,80.85,300,80.84,400,81.01,200,81.03,600,81.04,500,81.05,200,81.06,600,81.08,300,81.1,200,81.11,300,81.12,300,81.13,300
2026-02-05 09:32:12,80.98,80.98,1,80.96,200,81.0,200,81.0,80.96,80.96,200,80.95,500,80.94,100,80.93,100,80.91,100,80.89,200,80.87,300,80.85,300,80.84,400,80.83,200,81.0,200,81.01,200,81.03,600,81.04,500,81.05,200,81.06,600,81.08,300,81.1,200,81.11,300,81.12,300
2026-02-05 09:32:13,80.97,80.98,1,80.95,300,80.99,200,80.99,80.95,80.95,300,80.94,100,80.93,100,80.91,100,80.89,200,80.87,300,80.85,300,80.84,400,80.83,200,80.82,300,80.99,200,81.0,200,81.01,200,81.03,600,81.04,500,81.05,200,81.06,600,81.08,300,81.1,200,81.11,300
2026-02-05 09:32:14,80.955,80.96,1,80.94,200,80.97,500,80.97,80.94,80.94,200,80.93,300,80.92,200,80.91,200,80.9,300,80.88,300,80.87,300,80.85,300,80.84,400,80.83,200,80.97,500,80.98,300,80.99,200,81.0,200,81.01,200,81.03,600,81.04,500,81.05,200,81.06,600,81.08,300
2026-02-05 09:32:15,80.935,80.94,2,80.92,500,80.95,300,80.95,80.92,80.92,500,80.91,200,80.9,300,80.88,300,80.87,300,80.85,300,80.84,400,80.83,200,80.82,300,80.81,2000,80.95,300,80.96,500,80.97,600,80.98,300,80.99,200,81.0,200,81.01,200,81.03,600,81.04,500,81.05,200
2026-02-05 09:32:16,80.94,80.93,1,80.93,400,80.95,400,80.95,80.93,80.93,400,80.92,300,80.91,200,80.9,300,80.88,300,80.87,300,80.85,300,80.84,400,80.83,200,80.82,300,80.95,400,80.96,500,80.97,600,80.98,300,80.99,200,81.0,200,81.01,200,81.03,600,81.04,500,81.05,200
2026-02-05 09:32:17,80.975,80.93,1,80.96,900,80.99,500,80.99,80.96,80.96,900,80.95,700,80.94,100,80.93,1000,80.92,500,80.91,200,80.9,300,80.88,300,80.87,300,80.85,300,80.99,500,81.0,200,81.01,200,81.03,600,81.04,500,81.05,200,81.06,600,81.08,300,81.1,200,81.11,300
2026-02-05 09:32:18,81.065,81.05,1,81.05,1200,81.08,600,81.08,81.05,81.05,1200,81.04,400,81.03,900,81.02,300,81.01,100,81.0,1200,80.98,900,80.96,1000,80.95,700,80.94,100,81.08,600,81.1,200,81.11,300,81.12,300,81.13,300,81.14,800,81.15,1100,81.16,200,81.17,300,81.18,300
2026-02-05 09:32:19,81.08,81.08,2,81.06,1400,81.1,100,81.1,81.06,81.06,1400,81.05,1200,81.04,400,81.03,900,81.02,300,81.01,100,81.0,1200,80.98,900,80.96,1000,80.95,700,81.1,100,81.11,400,81.12,300,81.13,300,81.14,800,81.15,1100,81.16,200,81.17,300,81.18,300,81.19,400
2026-02-05 09:32:20,81.09,81.08,1,81.06,1400,81.12,200,81.12,81.06,81.06,1400,81.05,1200,81.04,400,81.03,900,81.02,300,81.01,100,81.0,1200,80.98,900,80.96,1000,80.95,700,81.12,200,81.13,300,81.14,800,81.15,1100,81.16,200,81.17,300,81.18,300,81.19,400,81.21,100,81.22,500
2026-02-05 09:32:21,81.09,81.09,2,81.06,1400,81.12,300,81.12,81.06,81.06,1400,81.05,1200,81.04,400,81.03,900,81.02,300,81.01,100,81.0,1200,80.98,900,80.96,1000,80.95,700,81.12,300,81.13,300,81.14,800,81.15,1100,81.16,200,81.17,300,81.18,300,81.19,400,81.21,100,81.22,500
2026-02-05 09:32:22,81.125,81.1,1,81.1,1000,81.15,1100,81.15,81.1,81.1,1000,81.09,800,81.08,400,81.07,1100,81.06,1000,81.05,1200,81.04,400,81.03,900,81.02,300,81.01,100,81.15,1100,81.16,200,81.17,300,81.18,300,81.19,400,81.21,100,81.22,500,81.23,200,81.25,100,81.26,500
2026-02-05 09:32:23,81.135,81.14,1,81.11,1000,81.16,100,81.16,81.11,81.11,1000,81.1,600,81.09,800,81.08,400,81.07,1100,81.06,1000,81.05,1200,81.04,400,81.03,900,81.02,300,81.16,100,81.17,200,81.18,300,81.19,400,81.21,100,81.22,500,81.23,200,81.25,100,81.26,500,81.27,300
2026-02-05 09:32:24,81.135,81.14,1,81.11,1000,81.16,100,81.16,81.11,81.11,1000,81.1,600,81.09,800,81.08,400,81.07,1100,81.06,1000,81.05,1200,81.04,400,81.03,900,81.02,300,81.16,100,81.17,200,81.18,300,81.19,400,81.21,100,81.22,500,81.23,200,81.25,100,81.26,500,81.27,300
2026-02-05 09:32:25,81.13,81.13,1,81.12,400,81.14,500,81.14,81.12,81.12,400,81.11,300,81.1,600,81.09,800,81.08,400,81.07,1100,81.06,1000,81.05,1200,81.04,400,81.03,900,81.14,500,81.15,300,81.16,400,81.17,900,81.18,300,81.19,400,81.21,100,81.22,500,81.23,200,81.25,100
2026-02-05 09:32:26,81.0,81.0,1,80.98,200,81.02,300,81.02,80.98,80.98,200,80.96,1000,80.95,700,80.94,100,80.93,1000,80.92,500,80.91,200,80.9,300,80.88,300,80.87,300,81.02,300,81.03,200,81.04,400,81.05,400,81.06,300,81.08,400,81.09,300,81.1,700,81.11,200,81.13,400
2026-02-05 09:32:27,81.0,80.99,1,80.98,200,81.02,300,81.02,80.98,80.98,200,80.97,300,80.96,1000,80.95,700,80.94,100,80.93,1000,80.92,500,80.91,200,80.9,300,80.88,300,81.02,300,81.03,300,81.04,400,81.05,400,81.06,300,81.08,400,81.09,300,81.1,700,81.11,200,81.13,400
2026-02-05 09:32:28,80.98,80.99,1,80.96,400,81.0,300,81.0,80.96,80.96,400,80.95,700,80.94,100,80.93,1000,80.92,500,80.91,200,80.9,300,80.88,300,80.87,300,80.85,300,81.0,300,81.01,500,81.02,300,81.03,300,81.04,400,81.05,400,81.06,300,81.08,400,81.09,300,81.1,700
2026-02-05 09:32:29,80.995,81.02,1,80.98,100,81.01,300,81.01,80.98,80.98,100,80.97,200,80.96,100,80.95,400,80.94,100,80.93,1000,80.92,500,80.91,200,80.9,300,80.88,300,81.01,300,81.02,400,81.03,400,81.04,200,81.05,400,81.06,300,81.08,400,81.09,300,81.1,700,81.11,200
2026-02-05 09:32:30,81.035,81.03,1,81.02,200,81.05,200,81.05,81.02,81.02,200,81.01,200,81.0,300,80.99,500,80.97,100,80.96,400,80.95,400,80.94,100,80.93,1000,80.92,500,81.05,200,81.06,300,81.08,400,81.09,300,81.1,700,81.11,200,81.13,400,81.14,100,81.15,700,81.16,400
2026-02-05 09:32:31,81.07,81.05,2,81.05,200,81.09,200,81.09,81.05,81.05,200,81.04,500,81.03,200,81.02,200,81.01,200,81.0,300,80.99,500,80.97,100,80.96,400,80.95,400,81.09,200,81.1,700,81.11,200,81.13,400,81.14,100,81.15,700,81.16,400,81.17,900,81.18,300,81.19,400
2026-02-05 09:32:32,81.06,81.05,2,81.04,200,81.08,200,81.08,81.04,81.04,200,81.03,100,81.02,200,81.01,200,81.0,300,80.99,500,80.97,100,80.96,400,80.95,400,80.94,100,81.08,200,81.09,200,81.1,700,81.11,200,81.13,400,81.14,100,81.15,700,81.16,400,81.17,900,81.18,300
2026-02-05 09:32:33,81.06,81.07,1,81.04,200,81.08,300,81.08,81.04,81.04,200,81.03,100,81.02,200,81.01,200,81.0,300,80.99,500,80.97,100,80.96,400,80.95,400,80.94,100,81.08,300,81.1,900,81.11,200,81.13,400,81.14,100,81.15,700,81.16,400,81.17,900,81.18,300,81.19,400
2026-02-05 09:32:34,81.06,81.07,1,81.04,200,81.08,200,81.08,81.04,81.04,200,81.03,100,81.02,200,81.01,200,81.0,300,80.99,500,80.97,100,80.96,400,80.95,400,80.94,100,81.08,200,81.1,900,81.11,200,81.13,400,81.14,100,81.15,700,81.16,400,81.17,900,81.18,300,81.19,400
2026-02-05 09:32:35,81.075,81.08,2,81.05,400,81.1,400,81.1,81.05,81.05,400,81.04,200,81.03,100,81.02,200,81.01,200,81.0,300,80.99,500,80.97,100,80.96,400,80.95,400,81.1,400,81.11,400,81.13,400,81.14,100,81.15,700,81.16,400,81.17,900,81.18,300,81.19,400,81.21,100
2026-02-05 09:32:36,81.105,81.1,1,81.09,200,81.12,600,81.12,81.09,81.09,200,81.08,200,81.06,100,81.05,400,81.04,200,81.03,100,81.02,200,81.01,200,81.0,300,80.99,500,81.12,600,81.13,400,81.14,500,81.15,200,81.16,500,81.17,900,81.18,300,81.19,400,81.21,100,81.22,500
2026-02-05 09:32:37,81.12,81.1,1,81.1,600,81.14,500,81.14,81.1,81.1,600,81.09,200,81.08,200,81.06,100,81.05,400,81.04,200,81.03,100,81.02,200,81.01,200,81.0,300,81.14,500,81.15,600,81.16,500,81.17,900,81.18,300,81.19,400,81.21,100,81.22,500,81.23,200,81.25,100
2026-02-05 09:32:38,81.16,81.16,1,81.14,400,81.18,300,81.18,81.14,81.14,400,81.12,100,81.1,100,81.09,600,81.08,200,81.06,100,81.05,400,81.04,200,81.03,100,81.02,200,81.18,300,81.19,400,81.21,100,81.22,500,81.23,200,81.25,100,81.26,500,81.27,300,81.28,200,81.29,400
2026-02-05 09:32:39,81.175,81.16,1,81.16,300,81.19,400,81.19,81.16,81.16,300,81.14,400,81.12,100,81.1,100,81.09,600,81.08,200,81.06,100,81.05,400,81.04,200,81.03,100,81.19,400,81.21,100,81.22,500,81.23,200,81.25,100,81.26,500,81.27,300,81.28,200,81.29,400,81.3,300
2026-02-05 09:32:40,81.13,81.13,1,81.11,100,81.15,500,81.15,81.11,81.11,100,81.1,300,81.09,600,81.08,200,81.06,100,81.05,400,81.04,200,81.03,100,81.02,200,81.01,200,81.15,500,81.16,1000,81.17,900,81.18,800,81.19,400,81.21,100,81.22,500,81.23,200,81.25,100,81.26,500
2026-02-05 09:32:41,81.15,81.15,3,81.13,800,81.17,1000,81.17,81.13,81.13,800,81.11,100,81.1,300,81.09,600,81.08,200,81.06,100,81.05,400,81.04,200,81.03,100,81.02,200,81.17,1000,81.18,400,81.19,400,81.21,100,81.22,500,81.23,200,81.25,100,81.26,500,81.27,300,81.28,200
2026-02-05 09:32:42,81.155,81.14,1,81.13,800,81.18,400,81.18,81.13,81.13,800,81.11,100,81.1,300,81.09,600,81.08,200,81.06,100,81.05,400,81.04,200,81.03,100,81.02,200,81.18,400,81.19,400,81.21,100,81.22,500,81.23,200,81.25,100,81.26,500,81.27,300,81.28,200,81.29,400
2026-02-05 09:32:43,81.175,81.14,1,81.15,300,81.2,300,81.2,81.15,81.15,300,81.13,800,81.11,100,81.1,300,81.09,600,81.08,200,81.06,100,81.05,400,81.04,200,81.03,100,81.2,300,81.21,100,81.22,500,81.23,200,81.25,100,81.26,500,81.27,300,81.28,200,81.29,400,81.3,300
2026-02-05 09:32:44,81.165,81.15,1,81.15,100,81.18,200,81.18,81.15,81.15,100,81.13,700,81.11,100,81.1,300,81.09,600,81.08,200,81.06,100,81.05,400,81.04,200,81.03,100,81.18,200,81.19,100,81.2,400,81.21,100,81.22,500,81.23,200,81.25,100,81.26,500,81.27,300,81.28,200
2026-02-05 09:32:45,81.12,81.1,2,81.1,400,81.14,400,81.14,81.1,81.1,400,81.09,600,81.08,200,81.06,100,81.05,400,81.04,200,81.03,100,81.02,200,81.01,200,81.0,300,81.14,400,81.15,200,81.16,400,81.17,100,81.18,200,81.19,100,81.2,400,81.21,100,81.22,500,81.23,200
2026-02-05 09:32:46,81.13,81.1,2,81.1,500,81.16,300,81.16,81.1,81.1,500,81.09,600,81.08,200,81.06,100,81.05,400,81.04,200,81.03,100,81.02,200,81.01,200,81.0,300,81.16,300,81.17,100,81.18,200,81.19,100,81.2,400,81.21,100,81.22,500,81.23,200,81.25,100,81.26,500
2026-02-05 09:32:47,81.13,81.1,2,81.1,500,81.16,300,81.16,81.1,81.1,500,81.09,600,81.08,200,81.06,100,81.05,400,81.04,200,81.03,100,81.02,200,81.01,200,81.0,300,81.16,300,81.17,100,81.18,200,81.19,100,81.2,400,81.21,100,81.22,500,81.23,200,81.25,100,81.26,500
2026-02-05 09:32:48,81.13,81.12,1,81.1,600,81.16,300,81.16,81.1,81.1,600,81.09,600,81.08,200,81.06,100,81.05,400,81.04,200,81.03,100,81.02,200,81.01,200,81.0,300,81.16,300,81.17,100,81.18,200,81.19,100,81.2,400,81.21,100,81.22,500,81.23,200,81.25,100,81.26,500
2026-02-05 09:32:49,81.135,81.14,1,81.11,300,81.16,300,81.16,81.11,81.11,300,81.1,600,81.09,600,81.08,200,81.06,100,81.05,400,81.04,200,81.03,100,81.02,200,81.01,200,81.16,300,81.17,100,81.18,200,81.19,100,81.2,400,81.21,100,81.22,500,81.23,200,81.25,100,81.26,500
2026-02-05 09:32:50,81.055,81.05,1,81.04,200,81.07,700,81.07,81.04,81.04,200,81.03,100,81.02,200,81.01,200,81.0,300,80.99,500,80.97,100,80.96,400,80.95,400,80.94,100,81.07,700,81.08,400,81.11,300,81.12,600,81.13,500,81.15,100,81.16,300,81.17,100,81.18,200,81.19,100
2026-02-05 09:32:51,81.08,81.09,1,81.06,700,81.1,100,81.1,81.06,81.06,700,81.05,400,81.04,400,81.03,100,81.02,200,81.01,200,81.0,300,80.99,500,80.97,100,80.96,400,81.1,100,81.11,300,81.12,600,81.13,500,81.15,100,81.16,300,81.17,100,81.18,200,81.19,100,81.2,400
2026-02-05 09:32:52,81.1,81.1,1,81.09,400,81.11,200,81.11,81.09,81.09,400,81.08,300,81.06,1000,81.05,400,81.04,400,81.03,100,81.02,200,81.01,200,81.0,300,80.99,500,81.11,200,81.13,200,81.15,100,81.16,300,81.17,100,81.18,200,81.19,100,81.2,400,81.21,100,81.22,500
2026-02-05 09:32:53,81.085,81.08,1,81.07,500,81.1,400,81.1,81.07,81.07,500,81.06,1000,81.05,400,81.04,400,81.03,100,81.02,200,81.01,200,81.0,300,80.99,500,80.97,100,81.1,400,81.11,200,81.13,200,81.15,100,81.16,300,81.17,100,81.18,200,81.19,100,81.2,400,81.21,100
2026-02-05 09:32:54,81.095,81.1,1,81.08,200,81.11,300,81.11,81.08,81.08,200,81.07,500,81.06,1000,81.05,400,81.04,400,81.03,100,81.02,200,81.01,200,81.0,300,80.99,500,81.11,300,81.12,400,81.13,200,81.15,100,81.16,300,81.17,100,81.18,200,81.19,100,81.2,400,81.21,100
2026-02-05 09:32:55,81.08,81.08,1,81.07,500,81.09,200,81.09,81.07,81.07,500,81.06,1000,81.05,400,81.04,400,81.03,100,81.02,200,81.01,200,81.0,300,80.99,500,80.97,100,81.09,200,81.1,300,81.11,300,81.12,400,81.13,200,81.15,100,81.16,300,81.17,100,81.18,200,81.19,100
2026-02-05 09:32:56,81.055,81.06,1,81.04,500,81.07,200,81.07,81.04,81.04,500,81.03,100,81.02,200,81.01,200,81.0,300,80.99,500,80.97,100,80.96,400,80.95,400,80.94,100,81.07,200,81.08,200,81.09,300,81.1,300,81.11,300,81.12,400,81.13,200,81.15,100,81.16,300,81.17,100
2026-02-05 09:32:57,81.03,81.03,1,81.01,1700,81.05,600,81.05,81.01,81.01,1700,81.0,300,80.99,500,80.97,100,80.96,400,80.95,400,80.94,100,80.93,1000,80.92,500,80.91,200,81.05,600,81.06,300,81.07,200,81.08,200,81.09,300,81.1,300,81.11,300,81.12,400,81.13,200,81.15,100
2026-02-05 09:32:58,81.03,81.03,1,81.01,1800,81.05,600,81.05,81.01,81.01,1800,81.0,300,80.99,500,80.97,100,80.96,400,80.95,400,80.94,100,80.93,1000,80.92,500,80.91,200,81.05,600,81.06,300,81.07,200,81.08,200,81.09,300,81.1,300,81.11,300,81.12,400,81.13,200,81.15,100
2026-02-05 09:32:59,80.98,80.99,1,80.96,300,81.0,200,81.0,80.96,80.96,300,80.95,400,80.94,100,80.93,1000,80.92,500,80.91,200,80.9,300,80.88,300,80.87,300,80.85,300,81.0,200,81.01,200,81.02,300,81.03,200,81.04,300,81.05,600,81.06,300,81.07,200,81.08,200,81.09,300
2026-02-05 09:33:00,80.975,80.96,1,80.95,400,80.97,200,80.97,80.95,80.96,300,80.95,400,80.94,100,80.93,600,80.92,500,80.91,200,80.9,300,80.88,300,80.87,300,80.85,300,80.99,200,81.0,600,81.01,200,81.02,300,81.03,200,81.04,300,81.05,600,81.06,300,81.07,200,81.08,200
2026-02-05 09:33:01,80.975,80.97,1,80.96,300,80.99,100,80.99,80.96,80.96,300,80.95,400,80.94,100,80.93,600,80.92,500,80.91,200,80.9,300,80.88,300,80.87,300,80.85,300,80.99,100,81.0,600,81.01,200,81.02,300,81.03,200,81.04,300,81.05,600,81.06,300,81.07,200,81.08,200
2026-02-05 09:33:02,80.975,80.97,1,80.96,300,80.99,100,80.99,80.96,80.96,300,80.95,400,80.94,100,80.93,600,80.92,500,80.91,200,80.9,300,80.88,300,80.87,300,80.85,300,80.99,100,81.0,600,81.01,200,81.02,300,81.03,200,81.04,300,81.05,600,81.06,300,81.07,200,81.08,200
2026-02-05 09:33:03,81.025,81.03,1,81.0,300,81.05,600,81.05,81.0,81.0,300,80.99,300,80.98,400,80.96,400,80.95,400,80.94,100,80.93,600,80.92,500,80.91,200,80.9,300,81.05,600,81.06,300,81.07,200,81.08,200,81.09,300,81.1,300,81.11,300,81.12,400,81.13,200,81.15,100
2026-02-05 09:33:04,81.02,81.03,1,81.0,700,81.04,100,81.04,81.0,81.0,700,80.99,300,80.98,400,80.96,400,80.95,400,80.94,100,80.93,600,80.92,500,80.91,200,80.9,300,81.04,100,81.05,600,81.06,300,81.07,200,81.08,200,81.09,300,81.1,300,81.11,300,81.12,400,81.13,200
2026-02-05 09:33:05,81.06,81.07,1,81.04,200,81.08,100,81.08,81.04,81.04,200,81.03,1100,81.02,1100,81.01,800,81.0,900,80.98,400,80.96,400,80.95,400,80.94,100,80.93,600,81.08,100,81.09,300,81.1,100,81.12,100,81.13,300,81.15,300,81.16,300,81.17,100,81.18,200,81.19,100
2026-02-05 09:33:06,81.12,81.12,24,81.1,500,81.14,200,81.14,81.1,81.1,500,81.08,200,81.04,400,81.03,1100,81.02,1100,81.01,800,81.0,900,80.98,400,80.96,400,80.95,400,81.14,200,81.15,300,81.16,300,81.17,100,81.18,200,81.19,100,81.2,400,81.21,100,81.22,500,81.23,200
2026-02-05 09:33:07,81.125,81.12,24,81.1,500,81.15,200,81.15,81.1,81.1,500,81.08,200,81.04,400,81.03,1100,81.02,1100,81.01,800,81.0,900,80.98,400,80.96,400,80.95,400,81.15,200,81.16,300,81.17,100,81.18,200,81.19,100,81.2,400,81.21,100,81.22,500,81.23,200,81.25,100
2026-02-05 09:33:08,81.12,81.12,2,81.1,300,81.14,200,81.14,81.1,81.1,300,81.09,100,81.08,200,81.04,400,81.03,1100,81.02,1100,81.01,800,81.0,900,80.98,400,80.96,400,81.14,200,81.15,200,81.16,300,81.17,100,81.18,200,81.19,100,81.2,400,81.21,100,81.22,500,81.23,200
2026-02-05 09:33:09,81.12,81.1,1,81.1,300,81.14,300,81.14,81.1,81.1,300,81.09,100,81.08,200,81.04,400,81.03,1100,81.02,1100,81.01,800,81.0,900,80.98,400,80.96,400,81.14,300,81.15,200,81.16,300,81.17,100,81.18,200,81.19,100,81.2,400,81.21,100,81.22,500,81.23,200
2026-02-05 09:33:10,81.095,81.1,1,81.08,300,81.11,300,81.11,81.08,81.08,300,81.04,400,81.03,1100,81.02,1100,81.01,800,81.0,900,80.98,400,80.96,400,80.95,400,80.94,100,81.11,300,81.12,200,81.14,300,81.15,200,81.16,300,81.17,100,81.18,200,81.19,100,81.2,400,81.21,100
2026-02-05 09:33:11,81.095,81.1,1,81.08,400,81.11,300,81.11,81.08,81.08,400,81.04,400,81.03,1100,81.02,1100,81.01,800,81.0,900,80.98,400,80.96,400,80.95,400,80.94,100,81.11,300,81.12,200,81.14,300,81.15,200,81.16,300,81.17,100,81.18,200,81.19,100,81.2,400,81.21,100
2026-02-05 09:33:12,81.075,81.08,1,81.05,200,81.1,300,81.1,81.05,81.05,200,81.04,400,81.03,1100,81.02,1100,81.01,800,81.0,900,80.98,400,80.96,400,80.95,400,80.94,100,81.1,300,81.11,400,81.12,200,81.14,300,81.15,200,81.16,300,81.17,100,81.18,200,81.19,100,81.2,400
2026-02-05 09:33:13,81.08,81.08,1,81.06,100,81.1,300,81.1,81.06,81.06,100,81.05,200,81.04,400,81.03,1100,81.02,1100,81.01,800,81.0,900,80.98,400,80.96,400,80.95,400,81.1,300,81.11,400,81.12,200,81.14,300,81.15,200,81.16,300,81.17,100,81.18,200,81.19,100,81.2,400
2026-02-05 09:33:14,81.075,81.08,1,81.05,400,81.1,300,81.1,81.05,81.05,400,81.04,400,81.03,1100,81.02,1100,81.01,800,81.0,900,80.98,400,80.96,400,80.95,400,80.94,100,81.1,300,81.11,400,81.12,200,81.14,300,81.15,200,81.16,300,81.17,100,81.18,200,81.19,100,81.2,400
2026-02-05 09:33:15,81.085,81.08,2,81.07,300,81.1,100,81.1,81.07,81.07,300,81.06,200,81.05,400,81.04,400,81.03,1100,81.02,1100,81.01,800,81.0,900,80.98,400,80.96,400,81.1,100,81.11,400,81.12,200,81.14,300,81.15,200,81.16,300,81.17,100,81.18,200,81.19,100,81.2,400
2026-02-05 09:33:16,81.09,81.08,2,81.08,700,81.1,100,81.1,81.08,81.08,700,81.07,400,81.06,200,81.05,400,81.04,400,81.03,1100,81.02,1100,81.01,800,81.0,900,80.98,400,81.1,100,81.11,400,81.12,200,81.14,300,81.15,200,81.16,300,81.17,100,81.18,200,81.19,100,81.2,400
2026-02-05 09:33:17,81.09,81.09,6,81.08,400,81.1,100,81.1,81.08,81.08,400,81.07,400,81.06,200,81.05,400,81.04,400,81.03,1100,81.02,1100,81.01,800,81.0,900,80.98,400,81.1,100,81.11,400,81.12,200,81.14,300,81.15,200,81.16,300,81.17,100,81.18,200,81.19,100,81.2,400
2026-02-05 09:33:18,81.12,81.1,1,81.1,700,81.14,200,81.14,81.1,81.1,700,81.09,1200,81.08,900,81.07,400,81.06,200,81.05,400,81.04,400,81.03,1100,81.02,1100,81.01,800,81.14,200,81.15,200,81.16,300,81.17,100,81.18,200,81.19,100,81.2,400,81.21,100,81.22,500,81.23,200
2026-02-05 09:33:19,81.12,81.1,1,81.1,900,81.14,200,81.14,81.1,81.1,900,81.09,1200,81.08,900,81.07,400,81.06,200,81.05,400,81.04,400,81.03,1100,81.02,1100,81.01,800,81.14,200,81.15,200,81.16,300,81.17,100,81.18,200,81.19,100,81.2,400,81.21,100,81.22,500,81.23,200
2026-02-05 09:33:20,81.165,81.17,1,81.15,700,81.18,500,81.18,81.15,81.15,700,81.14,700,81.13,400,81.11,600,81.1,500,81.09,1200,81.08,900,81.07,400,81.06,200,81.05,400,81.18,500,81.19,100,81.2,400,81.21,100,81.22,500,81.23,200,81.25,100,81.26,500,81.27,300,81.28,200
2026-02-05 09:33:21,81.14,81.13,1,81.12,400,81.16,200,81.16,81.12,81.12,400,81.11,900,81.1,500,81.09,1200,81.08,900,81.07,400,81.06,200,81.05,400,81.04,400,81.03,1100,81.16,200,81.18,500,81.19,100,81.2,400,81.21,100,81.22,500,81.23,200,81.25,100,81.26,500,81.27,300
2026-02-05 09:33:22,81.145,81.14,1,81.13,200,81.16,300,81.16,81.13,81.13,200,81.12,400,81.11,900,81.1,500,81.09,1200,81.08,900,81.07,400,81.06,200,81.05,400,81.04,400,81.16,300,81.18,500,81.19,100,81.2,400,81.21,100,81.22,500,81.23,200,81.25,100,81.26,500,81.27,300
2026-02-05 09:33:23,81.13,81.12,1,81.12,400,81.14,600,81.14,81.12,81.12,400,81.11,900,81.1,500,81.09,1200,81.08,900,81.07,400,81.06,200,81.05,400,81.04,400,81.03,1100,81.14,600,81.16,400,81.18,500,81.19,100,81.2,400,81.21,100,81.22,500,81.23,200,81.25,100,81.26,500
2026-02-05 09:33:24,81.145,81.14,1,81.13,200,81.16,200,81.16,81.13,81.13,200,81.12,500,81.11,900,81.1,500,81.09,1200,81.08,900,81.07,400,81.06,200,81.05,400,81.04,400,81.16,200,81.18,500,81.19,100,81.2,400,81.21,100,81.22,500,81.23,200,81.25,100,81.26,500,81.27,300
2026-02-05 09:33:25,81.145,81.14,1,81.13,200,81.16,200,81.16,81.13,81.13,200,81.12,500,81.11,900,81.1,500,81.09,1200,81.08,900,81.07,400,81.06,200,81.05,400,81.04,400,81.16,200,81.18,500,81.19,100,81.2,400,81.21,100,81.22,500,81.23,200,81.25,100,81.26,500,81.27,300
2026-02-05 09:33:26,81.14,81.13,1,81.13,200,81.15,600,81.15,81.13,81.13,200,81.12,100,81.11,100,81.1,600,81.09,1200,81.08,900,81.07,400,81.06,200,81.05,400,81.04,400,81.15,600,81.16,500,81.18,500,81.19,100,81.2,400,81.21,100,81.22,500,81.23,200,81.25,100,81.26,500
2026-02-05 09:33:27,81.125,81.13,1,81.11,100,81.14,100,81.14,81.11,81.11,100,81.1,400,81.09,1200,81.08,900,81.07,400,81.06,200,81.05,400,81.04,400,81.03,1100,81.02,1100,81.14,100,81.15,500,81.16,500,81.18,500,81.19,100,81.2,400,81.21,100,81.22,500,81.23,200,81.25,100
2026-02-05 09:33:28,81.115,81.13,1,81.1,300,81.13,300,81.13,81.1,81.1,300,81.09,1200,81.08,900,81.07,400,81.06,200,81.05,400,81.04,400,81.03,1100,81.02,1100,81.01,800,81.13,300,81.14,300,81.15,500,81.16,500,81.18,500,81.19,100,81.2,400,81.21,100,81.22,500,81.23,200
2026-02-05 09:33:29,81.11,81.11,2,81.09,300,81.13,200,81.13,81.09,81.09,300,81.08,900,81.07,400,81.06,200,81.05,400,81.04,400,81.03,1100,81.02,1100,81.01,800,81.0,900,81.13,200,81.14,300,81.15,500,81.16,500,81.18,500,81.19,100,81.2,400,81.21,100,81.22,500,81.23,200
2026-02-05 09:33:30,81.1,81.11,2,81.08,900,81.12,200,81.12,81.08,81.08,900,81.07,400,81.06,200,81.05,400,81.04,400,81.03,1100,81.02,1100,81.01,800,81.0,900,80.98,400,81.12,200,81.13,200,81.14,300,81.15,500,81.16,500,81.18,500,81.19,100,81.2,400,81.21,100,81.22,500
2026-02-05 09:33:31,81.14,81.13,1,81.12,300,81.16,400,81.16,81.12,81.12,300,81.11,200,81.1,200,81.09,100,81.08,900,81.07,400,81.06,200,81.05,400,81.04,400,81.03,1100,81.16,400,81.18,500,81.19,100,81.2,400,81.21,100,81.22,500,81.23,200,81.25,100,81.26,500,81.27,300
2026-02-05 09:33:32,81.16,81.15,1,81.14,200,81.18,500,81.18,81.14,81.14,200,81.12,300,81.11,200,81.1,200,81.09,100,81.08,900,81.07,400,81.06,200,81.05,400,81.04,400,81.18,500,81.19,100,81.2,400,81.21,100,81.22,500,81.23,200,81.25,100,81.26,500,81.27,300,81.28,200
2026-02-05 09:33:33,81.16,81.15,1,81.14,200,81.18,600,81.18,81.14,81.14,200,81.12,300,81.11,200,81.1,200,81.09,100,81.08,900,81.07,400,81.06,200,81.05,400,81.04,400,81.18,600,81.19,100,81.2,400,81.21,100,81.22,500,81.23,200,81.25,100,81.26,500,81.27,300,81.28,200
2026-02-05 09:33:34,81.16,81.15,1,81.14,200,81.18,600,81.18,81.14,81.14,200,81.12,300,81.11,200,81.1,200,81.09,100,81.08,900,81.07,400,81.06,200,81.05,400,81.04,400,81.18,600,81.19,100,81.2,400,81.21,100,81.22,500,81.23,200,81.25,100,81.26,500,81.27,300,81.28,200
2026-02-05 09:33:35,81.16,81.17,1,81.14,100,81.18,600,81.18,81.14,81.14,100,81.13,300,81.12,200,81.11,200,81.1,200,81.09,100,81.08,900,81.07,400,81.06,200,81.05,400,81.18,600,81.19,100,81.2,400,81.21,100,81.22,500,81.23,200,81.25,100,81.26,500,81.27,300,81.28,200
2026-02-05 09:33:36,81.135,81.13,1,81.12,400,81.15,400,81.15,81.12,81.12,400,81.11,200,81.1,200,81.09,100,81.08,900,81.07,400,81.06,200,81.05,400,81.04,400,81.03,1100,81.15,400,81.16,200,81.18,600,81.19,100,81.2,400,81.21,100,81.22,500,81.23,200,81.25,100,81.26,500
2026-02-05 09:33:37,81.115,81.12,1,81.09,200,81.14,300,81.14,81.09,81.09,200,81.08,900,81.07,400,81.06,200,81.05,400,81.04,400,81.03,1100,81.02,1100,81.01,800,81.0,900,81.14,300,81.15,400,81.16,200,81.18,600,81.19,100,81.2,400,81.21,100,81.22,500,81.23,200,81.25,100
2026-02-05 09:33:38,81.115,81.12,1,81.09,200,81.14,300,81.14,81.09,81.09,200,81.08,900,81.07,400,81.06,200,81.05,400,81.04,400,81.03,1100,81.02,1100,81.01,800,81.0,900,81.14,300,81.15,400,81.16,200,81.18,600,81.19,100,81.2,400,81.21,100,81.22,500,81.23,200,81.25,100
2026-02-05 09:33:39,81.115,81.12,1,81.09,200,81.14,300,81.14,81.09,81.09,200,81.08,900,81.07,400,81.06,200,81.05,400,81.04,400,81.03,1100,81.02,1100,81.01,800,81.0,900,81.14,300,81.15,400,81.16,200,81.18,600,81.19,100,81.2,400,81.21,100,81.22,500,81.23,200,81.25,100
2026-02-05 09:33:40,81.055,81.07,1,81.04,500,81.07,200,81.07,81.04,81.04,500,81.03,1100,81.02,1100,81.01,800,81.0,900,80.98,400,80.96,400,80.95,400,80.94,100,80.93,600,81.07,200,81.08,200,81.09,200,81.1,300,81.11,400,81.13,100,81.14,400,81.15,400,81.16,200,81.18,600
2026-02-05 09:33:41,81.055,81.07,1,81.04,500,81.07,100,81.07,81.04,81.04,500,81.03,1100,81.02,1100,81.01,800,81.0,900,80.98,400,80.96,400,80.95,400,80.94,100,80.93,600,81.07,100,81.08,200,81.09,200,81.1,300,81.11,400,81.13,100,81.14,400,81.15,400,81.16,200,81.18,600
2026-02-05 09:33:42,81.07,81.07,1,81.05,100,81.09,200,81.09,81.05,81.05,100,81.04,500,81.03,1100,81.02,1100,81.01,800,81.0,900,80.98,400,80.96,400,80.95,400,80.94,100,81.09,200,81.1,300,81.11,400,81.13,100,81.14,400,81.15,400,81.16,200,81.18,600,81.19,100,81.2,400
2026-02-05 09:33:43,81.07,81.07,1,81.05,200,81.09,200,81.09,81.05,81.05,200,81.04,500,81.03,1100,81.02,1100,81.01,800,81.0,900,80.98,400,80.96,400,80.95,400,80.94,100,81.09,200,81.1,300,81.11,400,81.13,100,81.14,400,81.15,400,81.16,200,81.18,600,81.19,100,81.2,400
2026-02-05 09:33:44,81.065,81.07,1,81.05,200,81.08,200,81.08,81.05,81.05,200,81.04,500,81.03,1100,81.02,1100,81.01,800,81.0,900,80.98,400,80.96,400,80.95,400,80.94,100,81.08,200,81.09,200,81.1,300,81.11,400,81.13,100,81.14,400,81.15,400,81.16,200,81.18,600,81.19,100
2026-02-05 09:33:45,81.065,81.06,1,81.05,300,81.08,300,81.08,81.05,81.05,300,81.04,500,81.03,1100,81.02,1100,81.01,800,81.0,900,80.98,400,80.96,400,80.95,400,80.94,100,81.08,300,81.09,200,81.1,300,81.11,400,81.13,100,81.14,400,81.15,400,81.16,200,81.18,600,81.19,100
2026-02-05 09:33:46,81.055,81.05,1,81.04,500,81.07,200,81.07,81.04,81.04,500,81.03,1100,81.02,1100,81.01,800,81.0,900,80.98,400,80.96,400,80.95,400,80.94,100,80.93,600,81.07,200,81.08,300,81.09,200,81.1,300,81.11,400,81.13,100,81.14,400,81.15,400,81.16,200,81.18,600
2026-02-05 09:33:47,81.03,81.03,1,81.02,300,81.04,400,81.04,81.02,81.02,300,81.01,800,81.0,900,80.98,400,80.96,400,80.95,400,80.94,100,80.93,600,80.92,500,80.91,200,81.04,400,81.05,300,81.06,300,81.07,200,81.08,300,81.09,200,81.1,300,81.11,400,81.13,100,81.14,400
2026-02-05 09:33:48,81.02,81.02,1,81.01,900,81.03,300,81.03,81.01,81.01,900,81.0,900,80.98,400,80.96,400,80.95,400,80.94,100,80.93,600,80.92,500,80.91,200,80.9,300,81.03,300,81.04,600,81.05,300,81.06,300,81.07,200,81.08,300,81.09,200,81.1,300,81.11,400,81.13,100
2026-02-05 09:33:49,80.995,81.0,1,80.98,500,81.01,200,81.01,80.98,80.98,500,80.96,400,80.95,400,80.94,100,80.93,600,80.92,500,80.91,200,80.9,300,80.88,300,80.87,300,81.01,200,81.02,700,81.03,300,81.04,600,81.05,300,81.06,300,81.07,200,81.08,300,81.09,200,81.1,300
2026-02-05 09:33:50,81.045,81.04,1,81.03,200,81.06,200,81.06,81.03,81.03,200,81.02,400,81.01,100,81.0,500,80.99,200,80.98,600,80.96,400,80.95,400,80.94,100,80.93,600,81.06,200,81.07,200,81.08,300,81.09,200,81.1,300,81.11,400,81.13,100,81.14,400,81.15,400,81.16,200
2026-02-05 09:33:51,81.015,81.03,2,81.0,200,81.03,200,81.03,81.0,81.0,200,80.99,200,80.98,600,80.96,400,80.95,400,80.94,100,80.93,600,80.92,500,80.91,200,80.9,300,81.03,200,81.04,400,81.05,500,81.06,300,81.07,200,81.08,300,81.09,200,81.1,300,81.11,400,81.13,100
2026-02-05 09:33:52,81.015,81.02,2,81.0,300,81.03,200,81.03,81.0,81.0,300,80.99,200,80.98,600,80.96,400,80.95,400,80.94,100,80.93,600,80.92,500,80.91,200,80.9,300,81.03,200,81.04,400,81.05,500,81.06,300,81.07,200,81.08,300,81.09,200,81.1,300,81.11,400,81.13,100
2026-02-05 09:33:53,81.015,81.02,1,81.0,300,81.03,200,81.03,81.0,81.0,300,80.99,200,80.98,600,80.96,400,80.95,400,80.94,100,80.93,600,80.92,500,80.91,200,80.9,300,81.03,200,81.04,400,81.05,500,81.06,300,81.07,200,81.08,300,81.09,200,81.1,300,81.11,400,81.13,100
2026-02-05 09:33:54,81.015,81.01,2,81.0,300,81.03,200,81.03,81.0,81.0,300,80.99,200,80.98,600,80.96,400,80.95,400,80.94,100,80.93,600,80.92,500,80.91,200,80.9,300,81.03,200,81.04,400,81.05,500,81.06,300,81.07,200,81.08,300,81.09,200,81.1,300,81.11,400,81.13,100
2026-02-05 09:33:55,80.995,81.0,1,80.98,600,81.01,200,81.01,80.98,80.98,600,80.96,400,80.95,400,80.94,100,80.93,600,80.92,500,80.91,200,80.9,300,80.88,300,80.87,300,81.01,200,81.02,500,81.03,300,81.04,400,81.05,500,81.06,300,81.07,200,81.08,300,81.09,200,81.1,300
2026-02-05 09:33:56,80.995,81.0,1,80.98,600,81.01,300,81.01,80.98,80.98,600,80.96,400,80.95,400,80.94,100,80.93,600,80.92,500,80.91,200,80.9,300,80.88,300,80.87,300,81.01,300,81.02,500,81.03,300,81.04,400,81.05,500,81.06,300,81.07,200,81.08,300,81.09,200,81.1,300
2026-02-05 09:33:57,80.975,80.99,2,80.96,300,80.99,600,80.99,80.96,80.96,300,80.95,400,80.94,100,80.93,600,80.92,500,80.91,200,80.9,300,80.88,300,80.87,300,80.85,300,80.99,600,81.0,200,81.01,300,81.02,500,81.03,300,81.04,400,81.05,500,81.06,300,81.07,200,81.08,300
2026-02-05 09:33:58,80.975,80.97,1,80.96,300,80.99,600,80.99,80.96,80.96,300,80.95,400,80.94,100,80.93,600,80.92,500,80.91,200,80.9,300,80.88,300,80.87,300,80.85,300,80.99,600,81.0,200,81.01,300,81.02,500,81.03,300,81.04,400,81.05,500,81.06,300,81.07,200,81.08,300
2026-02-05 09:33:59,80.975,80.97,1,80.96,400,80.99,600,80.99,80.96,80.96,400,80.95,400,80.94,100,80.93,600,80.92,500,80.91,200,80.9,300,80.88,300,80.87,300,80.85,300,80.99,600,81.0,200,81.01,300,81.02,500,81.03,300,81.04,400,81.05,500,81.06,300,81.07,200,81.08,300
2026-02-05 09:34:00,80.895,80.89,1,80.88,600,80.91,300,80.91,80.88,80.88,600,80.87,500,80.85,300,80.84,400,80.83,200,80.82,300,80.81,2000,,,,,,,80.91,300,80.92,300,80.93,200,80.94,200,80.95,500,80.96,300,80.97,200,80.98,400,80.99,600,81.0,200
2026-02-05 09:34:01,80.895,80.9,4,80.88,800,80.91,500,80.91,80.88,80.88,800,80.87,500,80.85,300,80.84,400,80.83,200,80.82,300,80.81,2000,,,,,,,80.91,500,80.92,300,80.93,200,80.94,200,80.95,500,80.96,300,80.97,200,80.98,400,80.99,600,81.0,200
2026-02-05 09:34:02,80.915,80.91,2,80.9,200,80.93,200,80.93,80.9,80.9,200,80.89,400,80.88,400,80.87,500,80.85,300,80.84,400,80.83,200,80.82,300,80.81,2000,,,80.93,200,80.94,200,80.95,500,80.96,300,80.97,200,80.98,400,80.99,600,81.0,200,81.01,300,81.02,500
2026-02-05 09:34:03,80.93,80.93,3,80.92,300,80.94,900,80.94,80.92,80.92,300,80.91,200,80.9,200,80.89,400,80.88,400,80.87,500,80.85,300,80.84,400,80.83,200,80.82,300,80.94,900,80.95,500,80.96,100,80.97,300,80.98,400,80.99,600,81.0,200,81.01,300,81.02,500,81.03,300
2026-02-05 09:34:04,80.91,80.92,2,80.9,200,80.92,400,80.92,80.9,80.9,200,80.89,400,80.88,400,80.87,500,80.85,300,80.84,400,80.83,200,80.82,300,80.81,2000,,,80.92,400,80.93,200,80.94,400,80.95,500,80.96,100,80.97,300,80.98,400,80.99,600,81.0,200,81.01,300
2026-02-05 09:34:05,80.89,80.89,1,80.88,700,80.9,100,80.9,80.88,80.88,700,80.87,500,80.85,300,80.84,400,80.83,200,80.82,300,80.81,2000,,,,,,,80.9,100,80.91,100,80.92,300,80.93,200,80.94,400,80.95,500,80.96,100,80.97,300,80.98,400,80.99,600
2026-02-05 09:34:06,80.92,80.92,1,80.9,200,80.94,400,80.94,80.9,80.9,200,80.89,500,80.88,700,80.87,500,80.85,300,80.84,400,80.83,200,80.82,300,80.81,2000,,,80.94,400,80.95,500,80.96,100,80.97,300,80.98,400,80.99,600,81.0,200,81.01,300,81.02,500,81.03,300
2026-02-05 09:34:07,80.96,80.97,1,80.94,200,80.98,100,80.98,80.94,80.94,200,80.93,300,80.92,500,80.91,100,80.9,200,80.89,500,80.88,700,80.87,500,80.85,300,80.84,400,80.98,100,80.99,600,81.0,200,81.01,300,81.02,500,81.03,300,81.04,400,81.05,500,81.06,300,81.07,200
2026-02-05 09:34:08,80.975,80.97,1,80.96,200,80.99,600,80.99,80.96,80.96,200,80.94,200,80.93,300,80.92,500,80.91,100,80.9,200,80.89,500,80.88,700,80.87,500,80.85,300,80.99,600,81.0,200,81.01,300,81.02,500,81.03,300,81.04,400,81.05,500,81.06,300,81.07,200,81.08,300
2026-02-05 09:34:09,81.005,81.0,2,80.99,100,81.02,500,81.02,80.99,80.99,100,80.98,400,80.97,300,80.96,400,80.95,100,80.94,200,80.93,300,80.92,500,80.91,100,80.9,200,81.02,500,81.03,300,81.04,400,81.05,500,81.06,300,81.07,200,81.08,300,81.09,200,81.1,300,81.11,400
2026-02-05 09:34:10,81.0,81.0,1,80.98,500,81.02,800,81.02,80.98,80.98,500,80.97,300,80.96,400,80.95,100,80.94,200,80.93,300,80.92,500,80.91,100,80.9,200,80.89,500,81.02,800,81.03,300,81.04,400,81.05,500,81.06,300,81.07,200,81.08,300,81.09,200,81.1,300,81.11,400
2026-02-05 09:34:11,80.995,81.0,1,80.98,500,81.01,100,81.01,80.98,80.98,500,80.97,300,80.96,400,80.95,100,80.94,200,80.93,300,80.92,500,80.91,100,80.9,200,80.89,500,81.01,100,81.02,900,81.03,300,81.04,400,81.05,500,81.06,300,81.07,200,81.08,300,81.09,200,81.1,300
2026-02-05 09:34:12,81.02,81.02,1,81.01,100,81.03,200,81.03,81.01,81.01,100,81.0,600,80.98,500,80.97,300,80.96,400,80.95,100,80.94,200,80.93,300,80.92,500,80.91,100,81.03,200,81.04,400,81.05,500,81.06,300,81.07,200,81.08,300,81.09,200,81.1,300,81.11,400,81.13,100
2026-02-05 09:34:13,81.035,81.03,1,81.02,500,81.05,200,81.05,81.02,81.02,500,81.01,200,81.0,600,80.98,500,80.97,300,80.96,400,80.95,100,80.94,200,80.93,300,80.92,500,81.05,200,81.06,400,81.07,200,81.08,300,81.09,200,81.1,300,81.11,400,81.13,100,81.14,400,81.15,400
2026-02-05 09:34:14,81.035,81.03,1,81.02,500,81.05,200,81.05,81.02,81.02,500,81.01,200,81.0,600,80.98,500,80.97,300,80.96,400,80.95,100,80.94,200,80.93,300,80.92,500,81.05,200,81.06,400,81.07,200,81.08,300,81.09,200,81.1,300,81.11,400,81.13,100,81.14,400,81.15,400
2026-02-05 09:34:15,81.02,81.04,1,81.0,700,81.04,300,81.04,81.0,81.0,700,80.98,500,80.97,300,80.96,400,80.95,100,80.94,200,80.93,300,80.92,500,80.91,100,80.9,200,81.04,300,81.05,600,81.06,400,81.07,200,81.08,300,81.09,200,81.1,300,81.11,400,81.13,100,81.14,400
2026-02-05 09:34:16,81.005,81.01,2,80.99,400,81.02,300,81.02,80.99,80.99,400,80.98,500,80.97,300,80.96,400,80.95,100,80.94,200,80.93,300,80.92,500,80.91,100,80.9,200,81.02,300,81.03,400,81.04,400,81.05,600,81.06,400,81.07,200,81.08,300,81.09,200,81.1,300,81.11,400
2026-02-05 09:34:17,81.055,81.04,1,81.04,200,81.07,100,81.07,81.04,81.04,200,81.03,200,81.02,300,81.01,400,80.99,500,80.98,500,80.97,300,80.96,400,80.95,100,80.94,200,81.07,100,81.08,300,81.09,200,81.1,300,81.11,400,81.13,100,81.14,400,81.15,400,81.16,200,81.18,600
2026-02-05 09:34:18,81.025,81.04,1,81.01,300,81.04,200,81.04,81.01,81.01,300,80.99,500,80.98,500,80.97,300,80.96,400,80.95,100,80.94,200,80.93,300,80.92,500,80.91,100,81.04,200,81.05,200,81.06,500,81.07,300,81.08,300,81.09,200,81.1,300,81.11,400,81.13,100,81.14,400
2026-02-05 09:34:19,81.005,81.0,1,80.99,600,81.02,400,81.02,80.99,80.99,600,80.98,500,80.97,300,80.96,400,80.95,100,80.94,200,80.93,300,80.92,500,80.91,100,80.9,200,81.02,400,81.03,200,81.04,200,81.05,200,81.06,500,81.07,300,81.08,300,81.09,200,81.1,300,81.11,400
2026-02-05 09:34:20,81.035,81.04,1,81.02,200,81.05,300,81.05,81.02,81.02,200,81.0,200,80.99,700,80.98,500,80.97,300,80.96,400,80.95,100,80.94,200,80.93,300,80.92,500,81.05,300,81.06,400,81.07,300,81.08,300,81.09,200,81.1,300,81.11,400,81.13,100,81.14,400,81.15,400
2026-02-05 09:34:21,81.03,81.04,1,81.01,400,81.05,300,81.05,81.01,81.01,400,81.0,200,80.99,700,80.98,500,80.97,300,80.96,400,80.95,100,80.94,200,80.93,300,80.92,500,81.05,300,81.06,400,81.07,300,81.08,300,81.09,200,81.1,300,81.11,400,81.13,100,81.14,400,81.15,400
2026-02-05 09:34:22,81.03,81.04,1,81.01,400,81.05,500,81.05,81.01,81.01,400,81.0,200,80.99,700,80.98,500,80.97,300,80.96,400,80.95,100,80.94,200,80.93,300,80.92,500,81.05,500,81.06,400,81.07,300,81.08,300,81.09,200,81.1,300,81.11,400,81.13,100,81.14,400,81.15,400
2026-02-05 09:34:23,81.03,81.04,1,81.01,300,81.05,400,81.05,81.01,81.01,300,81.0,200,80.99,700,80.98,500,80.97,300,80.96,400,80.95,100,80.94,200,80.93,300,80.92,500,81.05,400,81.06,400,81.07,300,81.08,300,81.09,200,81.1,300,81.11,400,81.13,100,81.14,400,81.15,400
2026-02-05 09:34:24,81.06,81.06,1,81.05,100,81.07,100,81.07,81.05,81.05,100,81.04,400,81.03,500,81.02,100,81.01,300,81.0,200,80.99,700,80.98,500,80.97,300,80.96,400,81.07,100,81.08,400,81.09,200,81.1,300,81.11,400,81.13,100,81.14,400,81.15,400,81.16,200,81.18,600
2026-02-05 09:34:25,81.11,81.1,1,81.1,400,81.12,600,81.12,81.1,81.1,400,81.09,300,81.08,200,81.07,300,81.06,300,81.05,200,81.04,400,81.03,500,81.02,100,81.01,300,81.12,600,81.13,100,81.14,400,81.15,400,81.16,200,81.18,600,81.19,100,81.2,400,81.21,100,81.22,500
2026-02-05 09:34:26,81.12,81.1,1,81.11,500,81.13,400,81.13,81.11,81.11,500,81.1,400,81.09,300,81.08,200,81.07,300,81.06,300,81.05,200,81.04,400,81.03,500,81.02,100,81.13,400,81.14,400,81.15,400,81.16,200,81.18,600,81.19,100,81.2,400,81.21,100,81.22,500,81.23,200
2026-02-05 09:34:27,81.11,81.11,1,81.1,700,81.12,300,81.12,81.1,81.1,700,81.09,300,81.08,200,81.07,300,81.06,300,81.05,200,81.04,400,81.03,500,81.02,100,81.01,300,81.12,300,81.14,400,81.15,400,81.16,200,81.18,600,81.19,100,81.2,400,81.21,100,81.22,500,81.23,200
2026-02-05 09:34:28,81.045,81.05,1,81.03,400,81.06,200,81.06,81.03,81.03,400,81.02,100,81.01,300,81.0,200,80.99,700,80.98,500,80.97,300,80.96,400,80.95,100,80.94,200,81.06,200,81.07,500,81.08,300,81.09,500,81.1,500,81.11,700,81.12,600,81.14,400,81.15,400,81.16,200
2026-02-05 09:34:29,81.05,81.05,1,81.04,200,81.06,300,81.06,81.04,81.04,200,81.03,400,81.02,100,81.01,300,81.0,200,80.99,700,80.98,500,80.97,300,80.96,400,80.95,100,81.06,300,81.08,100,81.09,300,81.1,500,81.11,700,81.12,600,81.14,400,81.15,400,81.16,200,81.18,600
2026-02-05 09:34:30,81.035,81.05,2,81.02,500,81.05,100,81.05,81.02,81.02,500,81.01,300,81.0,200,80.99,700,80.98,500,80.97,300,80.96,400,80.95,100,80.94,200,80.93,300,81.05,100,81.07,400,81.08,100,81.09,100,81.1,600,81.11,700,81.12,600,81.14,400,81.15,400,81.16,200
2026-02-05 09:34:31,81.05,81.05,1,81.03,100,81.07,400,81.07,81.03,81.03,100,81.01,600,81.0,200,80.99,700,80.98,500,80.97,300,80.96,400,80.95,100,80.94,200,80.93,300,81.07,400,81.08,100,81.09,100,81.1,600,81.11,700,81.12,600,81.14,400,81.15,400,81.16,200,81.18,600
2026-02-05 09:34:32,81.045,81.05,1,81.02,500,81.07,400,81.07,81.02,81.02,500,81.01,600,81.0,200,80.99,700,80.98,500,80.97,300,80.96,400,80.95,100,80.94,200,80.93,300,81.07,400,81.08,100,81.09,100,81.1,600,81.11,700,81.12,600,81.14,400,81.15,400,81.16,200,81.18,600
2026-02-05 09:34:33,81.1,81.1,1,81.08,700,81.12,400,81.12,81.08,81.08,700,81.07,100,81.06,500,81.05,300,81.04,100,81.02,700,81.01,600,81.0,200,80.99,700,80.98,500,81.12,400,81.13,200,81.14,100,81.15,400,81.16,200,81.18,600,81.19,100,81.2,400,81.21,100,81.22,500
2026-02-05 09:34:34,81.125,81.1,1,81.1,200,81.15,300,81.15,81.1,81.1,200,81.09,100,81.08,700,81.07,100,81.06,500,81.05,300,81.04,100,81.02,700,81.01,600,81.0,200,81.15,300,81.16,200,81.18,600,81.19,100,81.2,400,81.21,100,81.22,500,81.23,200,81.25,100,81.26,500
2026-02-05 09:34:35,81.125,81.13,1,81.1,300,81.15,200,81.15,81.1,81.1,300,81.09,100,81.08,700,81.07,100,81.06,500,81.05,300,81.04,100,81.02,700,81.01,600,81.0,200,81.15,200,81.16,200,81.18,600,81.19,100,81.2,400,81.21,100,81.22,500,81.23,200,81.25,100,81.26,500
2026-02-05 09:34:36,81.125,81.13,1,81.1,300,81.15,200,81.15,81.1,81.1,300,81.09,100,81.08,700,81.07,100,81.06,500,81.05,300,81.04,100,81.02,700,81.01,600,81.0,200,81.15,200,81.16,200,81.18,600,81.19,100,81.2,400,81.21,100,81.22,500,81.23,200,81.25,100,81.26,500
2026-02-05 09:34:37,81.125,81.13,1,81.1,600,81.15,200,81.15,81.1,81.1,600,81.09,100,81.08,700,81.07,100,81.06,500,81.05,300,81.04,100,81.02,700,81.01,600,81.0,200,81.15,200,81.16,200,81.18,600,81.19,100,81.2,400,81.21,100,81.22,500,81.23,200,81.25,100,81.26,500
2026-02-05 09:34:38,81.125,81.13,1,81.1,1900,81.15,200,81.15,81.1,81.1,1900,81.09,100,81.08,700,81.07,100,81.06,500,81.05,300,81.04,100,81.02,700,81.01,600,81.0,200,81.15,200,81.16,200,81.18,600,81.19,100,81.2,400,81.21,100,81.22,500,81.23,200,81.25,100,81.26,500
2026-02-05 09:34:39,81.145,81.14,1,81.13,100,81.16,200,81.16,81.13,81.13,100,81.12,400,81.11,300,81.1,1100,81.09,100,81.08,700,81.07,100,81.06,500,81.05,300,81.04,100,81.16,200,81.17,200,81.18,600,81.19,100,81.2,400,81.21,100,81.22,500,81.23,200,81.25,100,81.26,500
2026-02-05 09:34:40,81.135,81.14,1,81.12,700,81.15,200,81.15,81.12,81.12,700,81.11,300,81.1,1100,81.09,100,81.08,700,81.07,100,81.06,500,81.05,300,81.04,100,81.02,700,81.15,200,81.16,500,81.17,200,81.18,600,81.19,100,81.2,400,81.21,100,81.22,500,81.23,200,81.25,100
2026-02-05 09:34:41,81.13,81.2,2,81.12,700,81.14,200,81.14,81.12,81.12,700,81.11,300,81.1,1100,81.09,100,81.08,700,81.07,100,81.06,500,81.05,300,81.04,100,81.02,700,81.14,200,81.15,300,81.16,400,81.17,200,81.18,600,81.19,100,81.2,400,81.21,100,81.22,500,81.23,200
2026-02-05 09:34:42,81.14,81.15,1,81.12,700,81.16,400,81.16,81.12,81.12,700,81.11,300,81.1,1100,81.09,100,81.08,700,81.07,100,81.06,500,81.05,300,81.04,100,81.02,700,81.16,400,81.17,300,81.18,200,81.19,600,81.2,400,81.21,100,81.22,500,81.23,200,81.25,100,81.26,500
2026-02-05 09:34:43,81.145,81.15,1,81.13,100,81.16,300,81.16,81.13,81.13,100,81.12,800,81.11,300,81.1,1100,81.09,100,81.08,700,81.07,100,81.06,500,81.05,300,81.04,100,81.16,300,81.17,300,81.18,200,81.19,600,81.2,400,81.21,100,81.22,500,81.23,200,81.25,100,81.26,500
2026-02-05 09:34:44,81.13,81.14,1,81.12,500,81.14,700,81.14,81.12,81.12,500,81.11,300,81.1,1100,81.09,100,81.08,700,81.07,100,81.06,500,81.05,300,81.04,100,81.02,700,81.14,700,81.15,1100,81.16,600,81.17,300,81.18,200,81.19,600,81.2,400,81.21,100,81.22,500,81.23,200
2026-02-05 09:34:45,81.14,81.12,4,81.12,700,81.16,400,81.16,81.12,81.12,700,81.11,300,81.1,1100,81.09,100,81.08,700,81.07,100,81.06,500,81.05,300,81.04,100,81.02,700,81.16,400,81.17,300,81.18,200,81.19,600,81.2,400,81.21,100,81.22,500,81.23,200,81.25,100,81.26,500
2026-02-05 09:34:46,81.14,81.12,1,81.12,700,81.16,400,81.16,81.12,81.12,700,81.11,300,81.1,1100,81.09,100,81.08,700,81.07,100,81.06,500,81.05,300,81.04,100,81.02,700,81.16,400,81.17,300,81.18,200,81.19,600,81.2,400,81.21,100,81.22,500,81.23,200,81.25,100,81.26,500
2026-02-05 09:34:47,81.17,81.16,1,81.15,500,81.19,500,81.19,81.15,81.15,500,81.14,100,81.13,400,81.12,700,81.11,300,81.1,1100,81.09,100,81.08,700,81.07,100,81.06,500,81.19,500,81.2,400,81.21,100,81.22,500,81.23,200,81.25,100,81.26,500,81.27,300,81.28,200,81.29,400
2026-02-05 09:34:48,81.175,81.16,1,81.16,100,81.19,600,81.19,81.16,81.16,100,81.15,800,81.14,100,81.13,400,81.12,700,81.11,300,81.1,1100,81.09,100,81.08,700,81.07,100,81.19,600,81.2,400,81.21,100,81.22,500,81.23,200,81.25,100,81.26,500,81.27,300,81.28,200,81.29,400
2026-02-05 09:34:49,81.17,81.17,1,81.16,400,81.18,100,81.18,81.16,81.16,400,81.15,1000,81.14,100,81.13,400,81.12,700,81.11,300,81.1,1100,81.09,100,81.08,700,81.07,100,81.18,100,81.2,400,81.21,300,81.22,500,81.23,200,81.25,100,81.26,500,81.27,300,81.28,200,81.29,400
2026-02-05 09:34:50,81.165,81.17,1,81.16,100,81.17,100,81.17,81.16,81.16,100,81.15,100,81.14,200,81.13,400,81.12,700,81.11,300,81.1,1100,81.09,100,81.08,700,81.07,100,81.17,100,81.18,1300,81.2,400,81.21,300,81.22,500,81.23,200,81.25,100,81.26,500,81.27,300,81.28,200
2026-02-05 09:34:51,81.15,81.17,1,81.13,500,81.17,300,81.17,81.13,81.13,500,81.12,700,81.11,300,81.1,1100,81.09,100,81.08,700,81.07,100,81.06,500,81.05,300,81.04,100,81.17,300,81.18,1300,81.2,400,81.21,300,81.22,500,81.23,200,81.25,100,81.26,500,81.27,300,81.28,200
2026-02-05 09:34:52,81.17,81.17,1,81.16,200,81.18,1100,81.18,81.16,81.16,200,81.15,300,81.14,300,81.13,400,81.12,700,81.11,300,81.1,1100,81.09,100,81.08,700,81.07,100,81.18,1100,81.2,400,81.21,300,81.22,500,81.23,200,81.25,100,81.26,500,81.27,300,81.28,200,81.29,400
2026-02-05 09:34:53,81.17,81.17,1,81.16,300,81.18,1400,81.18,81.16,81.16,300,81.15,300,81.14,300,81.13,400,81.12,700,81.11,300,81.1,1100,81.09,100,81.08,700,81.07,100,81.18,1400,81.2,400,81.21,300,81.22,500,81.23,200,81.25,100,81.26,500,81.27,300,81.28,200,81.29,400
2026-02-05 09:34:54,81.17,81.17,1,81.16,500,81.18,1100,81.18,81.16,81.16,500,81.15,300,81.14,300,81.13,400,81.12,700,81.11,300,81.1,1100,81.09,100,81.08,700,81.07,100,81.18,1100,81.2,400,81.21,300,81.22,500,81.23,200,81.25,100,81.26,500,81.27,300,81.28,200,81.29,400
2026-02-05 09:34:55,81.17,81.18,1,81.16,400,81.18,1200,81.18,81.16,81.16,400,81.15,1000,81.14,700,81.13,400,81.12,700,81.11,300,81.1,1100,81.09,100,81.08,700,81.07,100,81.18,1200,81.2,400,81.21,300,81.22,500,81.23,200,81.25,100,81.26,500,81.27,300,81.28,200,81.29,400
2026-02-05 09:34:56,81.17,81.18,1,81.16,600,81.18,400,81.18,81.16,81.16,600,81.15,1000,81.14,700,81.13,400,81.12,700,81.11,300,81.1,1100,81.09,100,81.08,700,81.07,100,81.18,400,81.19,400,81.2,300,81.21,400,81.22,500,81.23,200,81.25,100,81.26,500,81.27,300,81.28,200
2026-02-05 09:34:57,81.17,81.18,1,81.16,600,81.18,400,81.18,81.16,81.16,600,81.15,1000,81.14,700,81.13,400,81.12,700,81.11,300,81.1,1100,81.09,100,81.08,700,81.07,100,81.18,400,81.19,400,81.2,300,81.21,400,81.22,500,81.23,200,81.25,100,81.26,500,81.27,300,81.28,200
2026-02-05 09:34:58,81.18,81.18,1,81.17,400,81.19,100,81.19,81.17,81.17,400,81.16,600,81.15,1000,81.14,700,81.13,400,81.12,700,81.11,300,81.1,1100,81.09,100,81.08,700,81.19,100,81.2,400,81.21,700,81.22,500,81.23,200,81.25,100,81.26,500,81.27,300,81.28,200,81.29,400
2026-02-05 09:34:59,81.205,81.19,2,81.19,600,81.22,700,81.22,81.19,81.19,600,81.17,500,81.16,600,81.15,1000,81.14,700,81.13,400,81.12,700,81.11,300,81.1,1100,81.09,100,81.22,700,81.23,200,81.25,100,81.26,500,81.27,300,81.28,200,81.29,400,81.3,300,81.31,200,81.32,300
2026-02-05 09:35:00,81.235,81.23,1,81.21,500,81.26,700,81.26,81.21,81.21,500,81.2,300,81.19,600,81.17,500,81.16,600,81.15,1000,81.14,700,81.13,400,81.12,700,81.11,300,81.26,700,81.27,300,81.28,200,81.29,400,81.3,300,81.31,200,81.32,300,81.33,100,81.34,300,81.35,100
2026-02-05 09:35:01,81.22,81.27,2,81.21,900,81.23,100,81.23,81.21,81.21,900,81.2,300,81.19,600,81.17,500,81.16,600,81.15,1000,81.14,700,81.13,400,81.12,700,81.11,300,81.23,100,81.24,300,81.25,200,81.26,700,81.27,200,81.28,1000,81.29,400,81.3,300,81.31,200,81.32,300
2026-02-05 09:35:02,81.25,81.24,1,81.24,300,81.26,600,81.26,81.24,81.24,300,81.23,500,81.22,300,81.21,1000,81.2,300,81.19,600,81.17,500,81.16,600,81.15,1000,81.14,700,81.26,600,81.27,200,81.28,1000,81.29,400,81.3,300,81.31,200,81.32,300,81.33,100,81.34,300,81.35,100
2026-02-05 09:35:03,81.29,81.3,1,81.28,300,81.3,600,81.3,81.28,81.28,300,81.27,500,81.26,500,81.25,400,81.24,400,81.23,500,81.22,300,81.21,1000,81.2,300,81.19,600,81.3,600,81.32,600,81.33,500,81.34,300,81.35,100,81.36,300,81.37,200,81.38,200,81.39,200,81.4,200
2026-02-05 09:35:04,81.29,81.3,1,81.27,600,81.31,500,81.31,81.27,81.27,600,81.26,500,81.25,400,81.24,400,81.23,500,81.22,300,81.21,1000,81.2,300,81.19,600,81.17,500,81.31,500,81.32,600,81.33,500,81.34,300,81.35,100,81.36,300,81.37,200,81.38,200,81.39,200,81.4,200
2026-02-05 09:35:05,81.285,81.28,1,81.27,700,81.3,500,81.3,81.27,81.27,700,81.26,500,81.25,400,81.24,400,81.23,500,81.22,300,81.21,1000,81.2,300,81.19,600,81.17,500,81.3,500,81.31,400,81.32,600,81.33,500,81.34,300,81.35,100,81.36,300,81.37,200,81.38,200,81.39,200
2026-02-05 09:35:06,81.255,81.25,1,81.24,400,81.27,300,81.27,81.24,81.24,400,81.23,500,81.22,300,81.21,1000,81.2,300,81.19,600,81.17,500,81.16,600,81.15,1000,81.14,700,81.27,300,81.28,500,81.29,300,81.3,100,81.31,100,81.32,600,81.33,500,81.34,300,81.35,100,81.36,300
2026-02-05 09:35:07,81.195,81.2,2,81.19,300,81.2,400,81.2,81.19,81.19,300,81.18,400,81.17,500,81.16,600,81.15,1000,81.14,700,81.13,400,81.12,700,81.11,300,81.1,1100,81.2,400,81.21,500,81.22,300,81.23,400,81.24,400,81.25,400,81.26,300,81.28,600,81.29,300,81.3,100
2026-02-05 09:35:08,81.2,81.2,1,81.18,600,81.22,300,81.22,81.18,81.18,600,81.17,500,81.16,600,81.15,1000,81.14,700,81.13,400,81.12,700,81.11,300,81.1,1100,81.09,100,81.22,300,81.23,400,81.24,400,81.25,400,81.26,300,81.28,600,81.29,300,81.3,100,81.31,100,81.32,600
2026-02-05 09:35:09,81.21,81.21,1,81.19,500,81.23,400,81.23,81.19,81.19,500,81.18,600,81.17,500,81.16,600,81.15,1000,81.14,700,81.13,400,81.12,700,81.11,300,81.1,1100,81.23,400,81.24,400,81.25,400,81.26,300,81.28,600,81.29,300,81.3,100,81.31,100,81.32,600,81.33,500
2026-02-05 09:35:10,81.235,81.23,1,81.22,300,81.25,500,81.25,81.22,81.22,300,81.21,400,81.2,600,81.19,500,81.18,600,81.17,500,81.16,600,81.15,1000,81.14,700,81.13,400,81.25,500,81.26,300,81.28,600,81.29,300,81.3,100,81.31,100,81.32,600,81.33,500,81.34,300,81.35,100
2026-02-05 09:35:11,81.25,81.23,1,81.24,200,81.26,400,81.26,81.24,81.24,200,81.23,300,81.22,300,81.21,400,81.2,600,81.19,500,81.18,600,81.17,500,81.16,600,81.15,1000,81.26,400,81.28,600,81.29,300,81.3,100,81.31,100,81.32,600,81.33,500,81.34,300,81.35,100,81.36,300
2026-02-05 09:35:12,81.205,81.23,1,81.19,600,81.22,200,81.22,81.19,81.19,600,81.18,600,81.17,500,81.16,600,81.15,1000,81.14,700,81.13,400,81.12,700,81.11,300,81.1,1100,81.22,200,81.24,300,81.25,400,81.26,300,81.28,600,81.29,300,81.3,100,81.31,100,81.32,600,81.33,500
2026-02-05 09:35:13,81.21,81.23,1,81.19,600,81.23,600,81.23,81.19,81.19,600,81.18,600,81.17,500,81.16,600,81.15,1000,81.14,700,81.13,400,81.12,700,81.11,300,81.1,1100,81.23,600,81.24,300,81.25,400,81.26,300,81.28,600,81.29,300,81.3,100,81.31,100,81.32,600,81.33,500
2026-02-05 09:35:14,81.205,81.19,1,81.19,500,81.22,100,81.22,81.19,81.19,500,81.18,600,81.17,500,81.16,600,81.15,1000,81.14,700,81.13,400,81.12,700,81.11,300,81.1,1100,81.22,100,81.23,600,81.24,300,81.25,400,81.26,300,81.28,600,81.29,300,81.3,100,81.31,100,81.32,600
2026-02-05 09:35:15,81.2,81.21,1,81.19,500,81.21,300,81.21,81.19,81.19,500,81.18,600,81.17,500,81.16,600,81.15,1000,81.14,700,81.13,400,81.12,700,81.11,300,81.1,1100,81.21,300,81.22,200,81.23,600,81.24,300,81.25,400,81.26,300,81.28,600,81.29,300,81.3,100,81.31,100
2026-02-05 09:35:16,81.235,81.23,1,81.22,400,81.25,300,81.25,81.22,81.22,400,81.21,200,81.2,400,81.19,500,81.18,600,81.17,500,81.16,600,81.15,1000,81.14,700,81.13,400,81.25,300,81.26,300,81.28,600,81.29,300,81.3,100,81.31,100,81.32,600,81.33,500,81.34,300,81.35,100
2026-02-05 09:35:17,81.23,81.22,3,81.22,400,81.24,500,81.24,81.22,81.22,400,81.21,200,81.2,400,81.19,500,81.18,600,81.17,500,81.16,600,81.15,1000,81.14,700,81.13,400,81.24,500,81.26,500,81.28,600,81.29,300,81.3,100,81.31,100,81.32,600,81.33,500,81.34,300,81.35,100
2026-02-05 09:35:18,81.245,81.24,1,81.23,300,81.26,1100,81.26,81.23,81.23,300,81.22,100,81.21,500,81.2,400,81.19,500,81.18,600,81.17,500,81.16,600,81.15,1000,81.14,700,81.26,1100,81.28,600,81.29,300,81.3,100,81.31,100,81.32,600,81.33,500,81.34,300,81.35,100,81.36,300
2026-02-05 09:35:19,81.235,81.24,1,81.22,600,81.25,300,81.25,81.22,81.22,600,81.21,600,81.2,400,81.19,500,81.18,600,81.17,500,81.16,600,81.15,1000,81.14,700,81.13,400,81.25,300,81.26,100,81.27,200,81.28,600,81.29,300,81.3,100,81.31,100,81.32,600,81.33,500,81.34,300
2026-02-05 09:35:20,81.245,81.24,1,81.23,500,81.26,500,81.26,81.23,81.23,500,81.22,700,81.21,600,81.2,400,81.19,500,81.18,600,81.17,500,81.16,600,81.15,1000,81.14,700,81.26,500,81.27,200,81.28,600,81.29,300,81.3,100,81.31,100,81.32,600,81.33,500,81.34,300,81.35,100
2026-02-05 09:35:21,81.23,81.23,1,81.22,600,81.24,1000,81.24,81.22,81.22,600,81.21,600,81.2,400,81.19,500,81.18,600,81.17,500,81.16,600,81.15,1000,81.14,700,81.13,400,81.24,1000,81.25,300,81.26,600,81.27,200,81.28,600,81.29,300,81.3,100,81.31,100,81.32,600,81.33,500
2026-02-05 09:35:22,81.235,81.26,5,81.22,500,81.25,300,81.25,81.22,81.22,500,81.21,600,81.2,400,81.19,500,81.18,600,81.17,500,81.16,600,81.15,1000,81.14,700,81.13,400,81.25,300,81.26,300,81.27,500,81.28,600,81.29,300,81.3,100,81.31,100,81.32,600,81.33,500,81.34,300
2026-02-05 09:35:23,81.205,81.21,5,81.19,800,81.22,400,81.22,81.19,81.19,800,81.18,600,81.17,500,81.16,600,81.15,1000,81.14,700,81.13,400,81.12,700,81.11,300,81.1,1100,81.22,400,81.23,600,81.24,100,81.25,500,81.26,300,81.27,500,81.28,600,81.29,300,81.3,100,81.31,100
2026-02-05 09:35:24,81.21,81.21,5,81.19,800,81.23,500,81.23,81.19,81.19,800,81.18,600,81.17,500,81.16,600,81.15,1000,81.14,700,81.13,400,81.12,700,81.11,300,81.1,1100,81.23,500,81.24,100,81.25,500,81.26,300,81.27,500,81.28,600,81.29,300,81.3,100,81.31,100,81.32,600
2026-02-05 09:35:25,81.19,81.2,1,81.18,300,81.2,100,81.2,81.18,81.18,300,81.17,600,81.16,600,81.15,1000,81.14,700,81.13,400,81.12,700,81.11,300,81.1,1100,81.09,100,81.2,100,81.21,300,81.22,200,81.23,500,81.24,100,81.25,500,81.26,300,81.27,500,81.28,600,81.29,300
2026-02-05 09:35:26,81.195,81.2,1,81.18,500,81.21,300,81.21,81.18,81.18,500,81.17,600,81.16,600,81.15,1000,81.14,700,81.13,400,81.12,700,81.11,300,81.1,1100,81.09,100,81.21,300,81.23,700,81.24,100,81.25,500,81.26,300,81.27,500,81.28,600,81.29,300,81.3,100,81.31,100
2026-02-05 09:35:27,81.19,81.2,1,81.17,800,81.21,400,81.21,81.17,81.17,800,81.16,600,81.15,1000,81.14,700,81.13,400,81.12,700,81.11,300,81.1,1100,81.09,100,81.08,700,81.21,400,81.22,400,81.23,700,81.24,100,81.25,500,81.26,300,81.27,500,81.28,600,81.29,300,81.3,100
2026-02-05 09:35:28,81.185,81.2,1,81.17,800,81.2,1300,81.2,81.17,81.17,800,81.16,600,81.15,1000,81.14,700,81.13,400,81.12,700,81.11,300,81.1,1100,81.09,100,81.08,700,81.2,1300,81.21,700,81.22,400,81.23,700,81.24,100,81.25,500,81.26,300,81.27,500,81.28,600,81.29,300
2026-02-05 09:35:29,81.16,81.16,1,81.15,400,81.17,700,81.17,81.15,81.15,400,81.14,500,81.13,500,81.12,700,81.11,300,81.1,1100,81.09,100,81.08,700,81.07,100,81.06,500,81.17,700,81.18,100,81.19,300,81.2,1300,81.21,700,81.22,400,81.23,700,81.24,100,81.25,500,81.26,300
2026-02-05 09:35:30,81.15,81.16,1,81.13,600,81.17,700,81.17,81.13,81.13,600,81.12,700,81.11,300,81.1,1100,81.09,100,81.08,700,81.07,100,81.06,500,81.05,300,81.04,100,81.17,700,81.18,100,81.19,300,81.2,1300,81.21,700,81.22,400,81.23,700,81.24,100,81.25,500,81.26,300
2026-02-05 09:35:31,81.145,81.14,1,81.13,400,81.16,200,81.16,81.13,81.13,400,81.12,700,81.11,300,81.1,1100,81.09,100,81.08,700,81.07,100,81.06,500,81.05,300,81.04,100,81.16,200,81.17,700,81.18,100,81.19,300,81.2,1300,81.21,700,81.22,400,81.23,700,81.24,100,81.25,500
2026-02-05 09:35:32,81.14,81.14,1,81.12,900,81.16,200,81.16,81.12,81.12,900,81.11,300,81.1,1100,81.09,100,81.08,700,81.07,100,81.06,500,81.05,300,81.04,100,81.02,700,81.16,200,81.17,700,81.18,100,81.19,300,81.2,1300,81.21,700,81.22,400,81.23,700,81.24,100,81.25,500
2026-02-05 09:35:33,81.12,81.12,1,81.11,600,81.13,100,81.13,81.11,81.11,600,81.1,900,81.09,100,81.08,700,81.07,100,81.06,500,81.05,300,81.04,100,81.02,700,81.01,600,81.13,100,81.14,300,81.15,300,81.16,200,81.17,700,81.18,100,81.19,300,81.2,1300,81.21,700,81.22,400
2026-02-05 09:35:34,81.16,81.17,1,81.15,700,81.17,200,81.17,81.15,81.15,700,81.14,400,81.13,300,81.12,300,81.11,600,81.1,900,81.09,100,81.08,700,81.07,100,81.06,500,81.17,200,81.18,400,81.19,300,81.2,1300,81.21,700,81.22,400,81.23,700,81.24,100,81.25,500,81.26,300
2026-02-05 09:35:35,81.155,81.16,1,81.14,400,81.17,300,81.17,81.14,81.14,400,81.13,300,81.12,300,81.11,600,81.1,900,81.09,100,81.08,700,81.07,100,81.06,500,81.05,300,81.17,300,81.18,400,81.19,300,81.2,1300,81.21,700,81.22,400,81.23,700,81.24,100,81.25,500,81.26,300
2026-02-05 09:35:36,81.165,81.17,1,81.15,500,81.18,200,81.18,81.15,81.15,500,81.14,400,81.13,300,81.12,300,81.11,600,81.1,900,81.09,100,81.08,700,81.07,100,81.06,500,81.18,200,81.19,500,81.2,1500,81.21,700,81.22,400,81.23,700,81.24,100,81.25,500,81.26,300,81.27,500
2026-02-05 09:35:37,81.1,81.11,1,81.09,700,81.11,400,81.11,81.09,81.09,700,81.08,700,81.07,100,81.06,500,81.05,300,81.04,100,81.02,700,81.01,600,81.0,200,80.99,700,81.11,400,81.12,600,81.13,200,81.14,400,81.15,500,81.16,500,81.17,400,81.18,400,81.19,500,81.2,1500
2026-02-05 09:35:38,81.11,81.11,1,81.1,400,81.12,300,81.12,81.1,81.1,400,81.09,700,81.08,1400,81.07,100,81.06,500,81.05,300,81.04,100,81.02,700,81.01,600,81.0,200,81.12,300,81.13,400,81.14,700,81.15,900,81.16,500,81.17,400,81.18,400,81.19,500,81.2,1500,81.21,700
2026-02-05 09:35:39,81.17,81.16,1,81.16,300,81.18,500,81.18,81.16,81.16,300,81.15,200,81.14,300,81.13,300,81.12,500,81.11,700,81.1,400,81.09,700,81.08,1400,81.07,100,81.18,500,81.19,500,81.2,1500,81.21,700,81.22,400,81.23,700,81.24,100,81.25,500,81.26,300,81.27,500
2026-02-05 09:35:40,81.165,81.17,1,81.15,400,81.18,500,81.18,81.15,81.15,400,81.14,300,81.13,300,81.12,500,81.11,700,81.1,400,81.09,700,81.08,1400,81.07,100,81.06,500,81.18,500,81.19,500,81.2,1500,81.21,700,81.22,400,81.23,700,81.24,100,81.25,500,81.26,300,81.27,500
2026-02-05 09:35:41,81.215,81.22,2,81.2,400,81.23,900,81.23,81.2,81.2,400,81.19,600,81.18,300,81.17,400,81.16,200,81.15,500,81.14,300,81.13,300,81.12,500,81.11,700,81.23,900,81.24,100,81.25,500,81.26,300,81.27,500,81.28,600,81.29,300,81.3,100,81.31,100,81.32,600
2026-02-05 09:35:42,81.21,81.2,1,81.2,100,81.22,400,81.22,81.2,81.2,100,81.19,400,81.18,300,81.17,400,81.16,200,81.15,500,81.14,300,81.13,300,81.12,500,81.11,700,81.22,400,81.23,1000,81.24,100,81.25,500,81.26,300,81.27,500,81.28,600,81.29,300,81.3,100,81.31,100
2026-02-05 09:35:43,81.22,81.21,3,81.21,600,81.23,900,81.23,81.21,81.21,600,81.2,600,81.19,400,81.18,300,81.17,400,81.16,200,81.15,500,81.14,300,81.13,300,81.12,500,81.23,900,81.24,100,81.25,500,81.26,300,81.27,500,81.28,600,81.29,300,81.3,100,81.31,100,81.32,600
2026-02-05 09:35:44,81.22,81.22,1,81.21,400,81.23,1000,81.23,81.21,81.21,400,81.2,100,81.19,500,81.18,300,81.17,400,81.16,200,81.15,500,81.14,300,81.13,300,81.12,500,81.23,1000,81.24,100,81.25,500,81.26,300,81.27,500,81.28,600,81.29,300,81.3,100,81.31,100,81.32,600
2026-02-05 09:35:45,81.2,81.2,1,81.19,500,81.2,100,81.2,81.19,81.19,500,81.18,300,81.17,400,81.16,200,81.15,500,81.14,300,81.13,300,81.12,500,81.11,700,81.1,400,81.21,400,81.22,500,81.23,1000,81.24,100,81.25,500,81.26,300,81.27,500,81.28,600,81.29,300,81.3,100
2026-02-05 09:35:46,81.18,81.19,1,81.17,2400,81.19,500,81.19,81.17,81.17,2400,81.16,200,81.15,500,81.14,300,81.13,300,81.12,500,81.11,700,81.1,400,81.09,700,81.08,1400,81.19,500,81.2,400,81.21,400,81.22,500,81.23,1000,81.24,100,81.25,500,81.26,300,81.27,500,81.28,600
2026-02-05 09:35:47,81.175,81.19,1,81.17,200,81.18,400,81.18,81.17,81.17,200,81.16,400,81.15,500,81.14,300,81.13,300,81.12,500,81.11,700,81.1,400,81.09,700,81.08,1400,81.18,400,81.19,500,81.21,800,81.22,500,81.23,1000,81.24,100,81.25,500,81.26,300,81.27,500,81.28,600
2026-02-05 09:35:48,81.21,81.21,5,81.19,600,81.23,1000,81.23,81.19,81.19,600,81.18,600,81.17,500,81.16,400,81.15,500,81.14,300,81.13,300,81.12,500,81.11,700,81.1,400,81.23,1000,81.24,100,81.25,500,81.26,300,81.27,500,81.28,600,81.29,300,81.3,100,81.31,100,81.32,600
2026-02-05 09:35:49,81.21,81.21,5,81.19,600,81.23,900,81.23,81.19,81.19,600,81.18,600,81.17,500,81.16,400,81.15,500,81.14,300,81.13,300,81.12,500,81.11,700,81.1,400,81.23,900,81.24,100,81.25,500,81.26,300,81.27,500,81.28,600,81.29,300,81.3,100,81.31,100,81.32,600
2026-02-05 09:35:50,81.21,81.21,5,81.19,600,81.23,900,81.23,81.19,81.19,600,81.18,600,81.17,500,81.16,400,81.15,500,81.14,300,81.13,300,81.12,500,81.11,700,81.1,400,81.23,900,81.24,100,81.25,500,81.26,300,81.27,500,81.28,600,81.29,300,81.3,100,81.31,100,81.32,600
2026-02-05 09:35:51,81.235,81.23,1,81.23,400,81.24,700,81.24,81.23,81.23,400,81.22,400,81.21,500,81.2,400,81.19,400,81.18,600,81.17,500,81.16,400,81.15,500,81.14,300,81.24,400,81.25,800,81.26,300,81.27,500,81.28,600,81.29,300,81.3,100,81.31,100,81.32,600,81.33,500
2026-02-05 09:35:52,81.225,81.23,1,81.21,600,81.24,500,81.24,81.21,81.21,600,81.2,400,81.19,400,81.18,600,81.17,500,81.16,400,81.15,500,81.14,300,81.13,300,81.12,500,81.24,500,81.25,800,81.26,300,81.27,500,81.28,600,81.29,300,81.3,100,81.31,100,81.32,600,81.33,500
2026-02-05 09:35:53,81.235,81.23,1,81.22,500,81.25,600,81.25,81.22,81.22,500,81.21,600,81.2,400,81.19,400,81.18,600,81.17,500,81.16,400,81.15,500,81.14,300,81.13,300,81.25,600,81.26,300,81.27,500,81.28,600,81.29,300,81.3,100,81.31,100,81.32,600,81.33,500,81.34,300
2026-02-05 09:35:54,81.22,81.23,1,81.21,600,81.23,300,81.23,81.21,81.21,600,81.2,400,81.19,400,81.18,600,81.17,500,81.16,400,81.15,500,81.14,300,81.13,300,81.12,500,81.23,300,81.24,500,81.25,600,81.26,300,81.27,500,81.28,600,81.29,300,81.3,100,81.31,100,81.32,600
2026-02-05 09:35:55,81.22,81.22,1,81.21,600,81.23,500,81.23,81.21,81.21,600,81.2,400,81.19,400,81.18,600,81.17,500,81.16,400,81.15,500,81.14,300,81.13,300,81.12,500,81.23,500,81.24,500,81.25,600,81.26,300,81.27,500,81.28,600,81.29,300,81.3,100,81.31,100,81.32,600
2026-02-05 09:35:56,81.22,81.22,5,81.21,700,81.23,500,81.23,81.21,81.21,700,81.2,400,81.19,400,81.18,600,81.17,500,81.16,400,81.15,500,81.14,300,81.13,300,81.12,500,81.23,500,81.24,500,81.25,600,81.26,300,81.27,500,81.28,600,81.29,300,81.3,100,81.31,100,81.32,600
2026-02-05 09:35:57,81.195,81.21,1,81.18,400,81.21,400,81.21,81.18,81.18,400,81.17,500,81.16,400,81.15,500,81.14,300,81.13,300,81.12,500,81.11,700,81.1,400,81.09,700,81.21,400,81.22,400,81.23,500,81.24,500,81.25,600,81.26,300,81.27,500,81.28,600,81.29,300,81.3,100
2026-02-05 09:35:58,81.19,81.2,1,81.18,500,81.2,100,81.2,81.18,81.18,500,81.17,500,81.16,400,81.15,500,81.14,300,81.13,300,81.12,500,81.11,700,81.1,400,81.09,700,81.2,100,81.21,100,81.22,600,81.23,600,81.24,500,81.25,600,81.26,300,81.27,500,81.28,600,81.29,300
2026-02-05 09:35:59,81.19,81.2,1,81.17,500,81.21,700,81.21,81.17,81.17,500,81.16,400,81.15,500,81.14,300,81.13,300,81.12,500,81.11,700,81.1,400,81.09,700,81.08,1400,81.21,700,81.22,700,81.23,600,81.24,500,81.25,600,81.26,300,81.27,500,81.28,600,81.29,300,81.3,100
2026-02-05 09:36:00,81.16,81.14,2,81.15,400,81.17,300,81.17,81.15,81.15,400,81.14,700,81.13,600,81.12,800,81.11,700,81.1,400,81.09,700,81.08,1400,81.07,100,81.06,500,81.17,300,81.18,300,81.19,300,81.21,700,81.22,700,81.23,600,81.24,500,81.25,600,81.26,300,81.27,500
2026-02-05 09:36:02,81.165,81.17,1,81.15,800,81.18,300,81.18,81.15,81.15,800,81.14,800,81.13,600,81.12,800,81.11,700,81.1,400,81.09,700,81.08,1400,81.07,100,81.06,500,81.18,300,81.19,300,81.21,700,81.22,700,81.23,600,81.24,500,81.25,600,81.26,300,81.27,500,81.28,600
2026-02-05 09:36:02,81.185,81.19,1,81.17,700,81.2,300,81.2,81.17,81.17,700,81.16,100,81.15,800,81.14,800,81.13,600,81.12,800,81.11,700,81.1,400,81.09,700,81.08,1400,81.2,300,81.21,700,81.22,700,81.23,600,81.24,500,81.25,600,81.26,300,81.27,500,81.28,600,81.29,300
2026-02-05 09:36:04,81.145,81.14,1,81.14,600,81.15,600,81.15,81.14,81.14,600,81.13,600,81.12,800,81.11,700,81.1,400,81.09,700,81.08,1400,81.07,100,81.06,500,81.05,300,81.15,600,81.16,200,81.17,300,81.18,500,81.2,400,81.21,700,81.22,700,81.23,600,81.24,500,81.25,600
2026-02-05 09:36:05,81.17,81.17,1,81.16,500,81.18,500,81.18,81.16,81.16,500,81.15,800,81.14,400,81.13,600,81.12,800,81.11,700,81.1,400,81.09,700,81.08,1400,81.07,100,81.18,500,81.19,400,81.2,400,81.21,700,81.22,700,81.23,600,81.24,500,81.25,600,81.26,300,81.27,500
2026-02-05 09:36:06,81.19,81.18,1,81.18,600,81.2,500,81.2,81.18,81.18,600,81.17,100,81.16,700,81.15,800,81.14,400,81.13,600,81.12,800,81.11,700,81.1,400,81.09,700,81.2,500,81.21,700,81.22,700,81.23,600,81.24,500,81.25,600,81.26,300,81.27,500,81.28,600,81.29,300
2026-02-05 09:36:06,81.23,81.23,1,81.21,500,81.25,900,81.25,81.21,81.21,500,81.2,300,81.19,100,81.18,500,81.17,100,81.16,700,81.15,800,81.14,400,81.13,600,81.12,800,81.25,900,81.26,300,81.27,500,81.28,600,81.29,300,81.3,100,81.31,100,81.32,600,81.33,500,81.34,300
2026-02-05 09:36:07,81.225,81.22,3,81.21,600,81.24,500,81.24,81.21,81.21,600,81.2,300,81.19,100,81.18,500,81.17,100,81.16,700,81.15,800,81.14,400,81.13,600,81.12,800,81.24,500,81.25,1000,81.26,300,81.27,500,81.28,600,81.29,300,81.3,100,81.31,100,81.32,600,81.33,500
2026-02-05 09:36:08,81.22,81.23,1,81.2,900,81.24,700,81.24,81.2,81.2,900,81.19,100,81.18,500,81.17,100,81.16,700,81.15,800,81.14,400,81.13,600,81.12,800,81.11,700,81.24,700,81.25,900,81.26,300,81.27,500,81.28,600,81.29,300,81.3,100,81.31,100,81.32,600,81.33,500
2026-02-05 09:36:09,81.22,81.23,1,81.2,900,81.24,700,81.24,81.2,81.2,900,81.19,100,81.18,500,81.17,100,81.16,700,81.15,800,81.14,400,81.13,600,81.12,800,81.11,700,81.24,700,81.25,900,81.26,300,81.27,500,81.28,600,81.29,300,81.3,100,81.31,100,81.32,600,81.33,500
2026-02-05 09:36:11,81.225,81.22,1,81.21,400,81.24,600,81.24,81.21,81.21,400,81.2,300,81.19,100,81.18,500,81.17,100,81.16,700,81.15,800,81.14,400,81.13,600,81.12,800,81.24,600,81.25,900,81.26,300,81.27,500,81.28,600,81.29,300,81.3,100,81.31,100,81.32,600,81.33,500
2026-02-05 09:36:12,81.155,81.16,1,81.14,1400,81.17,500,81.17,81.14,81.14,1400,81.13,600,81.12,800,81.11,700,81.1,400,81.09,700,81.08,1400,81.07,100,81.06,500,81.05,300,81.17,500,81.18,500,81.19,1200,81.2,200,81.21,600,81.23,400,81.24,800,81.25,900,81.26,300,81.27,500
2026-02-05 09:36:13,81.18,81.17,1,81.17,400,81.19,500,81.19,81.17,81.17,400,81.16,400,81.15,700,81.14,100,81.13,400,81.12,800,81.11,700,81.1,400,81.09,700,81.08,1400,81.19,500,81.2,200,81.21,600,81.23,400,81.24,800,81.25,900,81.26,300,81.27,500,81.28,600,81.29,300
2026-02-05 09:36:13,81.205,81.21,1,81.19,200,81.22,500,81.22,81.19,81.19,200,81.18,500,81.17,500,81.16,500,81.15,500,81.14,100,81.13,400,81.12,800,81.11,700,81.1,400,81.22,500,81.23,400,81.24,800,81.25,900,81.26,300,81.27,500,81.28,600,81.29,300,81.3,100,81.31,100
2026-02-05 09:36:15,81.22,81.22,1,81.2,800,81.24,700,81.24,81.2,81.2,800,81.19,200,81.18,500,81.17,500,81.16,500,81.15,500,81.14,100,81.13,400,81.12,800,81.11,700,81.24,700,81.25,900,81.26,300,81.27,500,81.28,600,81.29,300,81.3,100,81.31,100,81.32,600,81.33,500
2026-02-05 09:36:16,81.205,81.2,1,81.19,400,81.22,700,81.22,81.19,81.19,400,81.18,500,81.17,500,81.16,500,81.15,500,81.14,100,81.13,400,81.12,800,81.11,700,81.1,400,81.22,700,81.23,400,81.24,700,81.25,900,81.26,300,81.27,500,81.28,600,81.29,300,81.3,100,81.31,100
2026-02-05 09:36:17,81.205,81.21,1,81.19,300,81.22,700,81.22,81.19,81.19,300,81.18,500,81.17,500,81.16,500,81.15,500,81.14,100,81.13,400,81.12,800,81.11,700,81.1,400,81.22,700,81.23,400,81.24,700,81.25,900,81.26,300,81.27,500,81.28,600,81.29,300,81.3,100,81.31,100
2026-02-05 09:36:18,81.205,81.21,1,81.19,500,81.22,300,81.22,81.19,81.19,500,81.18,500,81.17,500,81.16,500,81.15,500,81.14,100,81.13,400,81.12,800,81.11,700,81.1,400,81.22,300,81.23,400,81.24,700,81.25,900,81.26,300,81.27,500,81.28,600,81.29,300,81.3,100,81.31,100
2026-02-05 09:36:19,81.21,81.21,1,81.2,500,81.22,300,81.22,81.2,81.2,500,81.19,600,81.18,500,81.17,500,81.16,500,81.15,500,81.14,100,81.13,400,81.12,800,81.11,700,81.22,300,81.23,200,81.24,700,81.25,900,81.26,300,81.27,500,81.28,600,81.29,300,81.3,100,81.31,100
2026-02-05 09:36:20,81.22,81.22,1,81.21,700,81.23,800,81.23,81.21,81.21,700,81.2,400,81.19,600,81.18,500,81.17,500,81.16,500,81.15,500,81.14,100,81.13,400,81.12,800,81.23,800,81.24,700,81.25,900,81.26,300,81.27,500,81.28,600,81.29,300,81.3,100,81.31,100,81.32,600
2026-02-05 09:36:21,81.22,81.22,2,81.21,700,81.23,800,81.23,81.21,81.21,700,81.2,400,81.19,600,81.18,500,81.17,500,81.16,500,81.15,500,81.14,100,81.13,400,81.12,800,81.23,800,81.24,700,81.25,900,81.26,300,81.27,500,81.28,600,81.29,300,81.3,100,81.31,100,81.32,600
2026-02-05 09:36:22,81.22,81.22,2,81.21,700,81.23,900,81.23,81.21,81.21,700,81.2,400,81.19,600,81.18,500,81.17,500,81.16,500,81.15,500,81.14,100,81.13,400,81.12,800,81.23,900,81.24,700,81.25,900,81.26,300,81.27,500,81.28,600,81.29,300,81.3,100,81.31,100,81.32,600
2026-02-05 09:36:23,81.21,81.21,1,81.2,400,81.22,300,81.22,81.2,81.2,400,81.19,600,81.18,500,81.17,500,81.16,500,81.15,500,81.14,100,81.13,400,81.12,800,81.11,700,81.22,300,81.23,900,81.24,700,81.25,900,81.26,300,81.27,500,81.28,600,81.29,300,81.3,100,81.31,100
2026-02-05 09:36:24,81.21,81.21,1,81.2,700,81.22,400,81.22,81.2,81.2,700,81.19,600,81.18,500,81.17,500,81.16,500,81.15,500,81.14,100,81.13,400,81.12,800,81.11,700,81.22,400,81.23,900,81.24,700,81.25,900,81.26,300,81.27,500,81.28,600,81.29,300,81.3,100,81.31,100
2026-02-05 09:36:25,81.22,81.22,2,81.21,600,81.23,300,81.23,81.21,81.21,600,81.2,1700,81.19,700,81.18,500,81.17,500,81.16,500,81.15,500,81.14,100,81.13,400,81.12,800,81.23,300,81.24,400,81.25,1100,81.26,300,81.27,500,81.28,600,81.29,300,81.3,100,81.31,100,81.32,600
2026-02-05 09:36:26,81.225,81.22,2,81.21,1200,81.24,600,81.24,81.21,81.21,1200,81.2,200,81.19,600,81.18,600,81.17,500,81.16,500,81.15,500,81.14,100,81.13,400,81.12,800,81.24,600,81.25,1100,81.26,300,81.27,500,81.28,600,81.29,300,81.3,100,81.31,100,81.32,600,81.33,500
2026-02-05 09:36:27,81.24,81.23,1,81.23,600,81.25,900,81.25,81.23,81.23,600,81.22,300,81.21,1000,81.2,200,81.19,600,81.18,600,81.17,500,81.16,500,81.15,500,81.14,100,81.25,900,81.26,300,81.27,500,81.28,600,81.29,300,81.3,100,81.31,100,81.32,600,81.33,500,81.34,300
2026-02-05 09:36:28,81.24,81.23,1,81.23,600,81.25,900,81.25,81.23,81.23,600,81.22,300,81.21,1000,81.2,200,81.19,600,81.18,600,81.17,500,81.16,500,81.15,500,81.14,100,81.25,900,81.26,300,81.27,500,81.28,600,81.29,300,81.3,100,81.31,100,81.32,600,81.33,500,81.34,300
2026-02-05 09:36:29,81.215,81.21,1,81.2,100,81.23,700,81.23,81.2,81.2,100,81.19,600,81.18,600,81.17,500,81.16,500,81.15,500,81.14,100,81.13,400,81.12,800,81.11,700,81.23,700,81.24,700,81.25,1100,81.26,300,81.27,500,81.28,600,81.29,300,81.3,100,81.31,100,81.32,600
2026-02-05 09:36:30,81.215,81.21,1,81.2,100,81.23,700,81.23,81.2,81.2,100,81.19,600,81.18,600,81.17,500,81.16,500,81.15,500,81.14,100,81.13,400,81.12,800,81.11,700,81.23,700,81.24,700,81.25,1100,81.26,300,81.27,500,81.28,600,81.29,300,81.3,100,81.31,100,81.32,600
2026-02-05 09:36:31,81.225,81.21,2,81.21,300,81.24,800,81.24,81.21,81.21,300,81.2,100,81.19,600,81.18,600,81.17,500,81.16,500,81.15,500,81.14,100,81.13,400,81.12,800,81.24,800,81.25,1100,81.26,300,81.27,500,81.28,600,81.29,300,81.3,100,81.31,100,81.32,600,81.33,500
2026-02-05 09:36:32,81.23,81.24,1,81.22,600,81.24,600,81.24,81.22,81.22,600,81.21,300,81.2,100,81.19,600,81.18,600,81.17,500,81.16,500,81.15,500,81.14,100,81.13,400,81.24,600,81.25,1300,81.26,300,81.27,500,81.28,600,81.29,300,81.3,100,81.31,100,81.32,600,81.33,500
