sim_time,mid_price,last_price,last_size,best_bid_price,best_bid_size,best_ask_price,best_ask_size,close_price_buy,close_price_sell,bid1_price,bid1_size,bid2_price,bid2_size,bid3_price,bid3_size,bid4_price,bid4_size,bid5_price,bid5_size,bid6_price,bid6_size,bid7_price,bid7_size,bid8_price,bid8_size,bid9_price,bid9_size,bid10_price,bid10_size,ask1_price,ask1_size,ask2_price,ask2_size,ask3_price,ask3_size,ask4_price,ask4_size,ask5_price,ask5_size,ask6_price,ask6_size,ask7_price,ask7_size,ask8_price,ask8_size,ask9_price,ask9_size,ask10_price,ask10_size
2020-10-29 09:30:25,35.475,35.48,1,35.47,10,35.48,3,35.48,35.47,35.47,10,35.46,15,35.45,5,35.44,5,35.43,5,35.42,3,35.41,20,,,,,,,35.48,3,35.49,13,35.5,25,35.51,290,35.66,7,,,,,,,,,,
2020-10-29 09:30:26,35.475,35.48,1,35.47,14,35.48,8,35.48,35.47,35.47,14,35.46,15,35.45,5,35.44,5,35.43,5,35.42,3,35.41,20,,,,,,,35.48,8,35.49,13,35.5,25,35.51,290,35.66,7,,,,,,,,,,
2020-10-29 09:30:27,35.465,35.46,1,35.46,14,35.47,12,35.47,35.46,35.46,14,35.45,5,35.44,5,35.43,5,35.42,3,35.41,20,,,,,,,,,35.47,12,35.48,25,35.49,13,35.5,25,35.51,290,35.66,7,,,,,,,,
2020-10-29 09:30:28,35.455,35.45,1,35.45,13,35.46,10,35.46,35.45,35.45,13,35.44,5,35.43,5,35.42,3,35.41,20,,,,,,,,,,,35.46,10,35.47,17,35.48,25,35.49,13,35.5,25,35.51,290,35.66,7,,,,,,
2020-10-29 09:30:29,35.455,35.45,1,35.45,1,35.46,10,35.46,35.45,35.45,1,35.44,10,35.43,5,35.42,3,35.41,20,,,,,,,,,,,35.46,10,35.47,17,35.48,25,35.49,13,35.5,25,35.51,290,35.66,7,,,,,,
2020-10-29 09:30:30,35.455,35.46,1,35.45,10,35.46,5,35.46,35.45,35.45,10,35.44,10,35.43,5,35.42,3,35.41,20,,,,,,,,,,,35.46,5,35.47,11,35.48,25,35.49,13,35.5,25,35.51,290,35.66,7,,,,,,
2020-10-29 09:30:31,35.465,35.46,1,35.46,3,35.47,12,35.47,35.46,35.46,3,35.45,15,35.44,10,35.43,5,35.42,3,35.41,20,,,,,,,,,35.47,12,35.48,25,35.49,13,35.5,25,35.51,290,35.66,7,,,,,,,,
2020-10-29 09:30:32,35.475,35.48,1,35.47,4,35.48,15,35.48,35.47,35.47,4,35.46,15,35.45,15,35.44,10,35.43,5,35.42,3,35.41,20,,,,,,,35.48,15,35.49,13,35.5,25,35.51,290,35.66,7,,,,,,,,,,
2020-10-29 09:30:33,35.475,35.47,1,35.47,15,35.48,20,35.48,35.47,35.47,15,35.46,15,35.45,15,35.44,10,35.43,5,35.42,3,35.41,20,,,,,,,35.48,20,35.49,13,35.5,25,35.51,290,35.66,7,,,,,,,,,,
2020-10-29 09:30:34,35.485,35.48,9,35.48,22,35.49,18,35.49,35.48,35.48,22,35.47,33,35.46,15,35.45,15,35.44,10,35.43,5,35.42,3,35.41,20,,,,,35.49,18,35.5,25,35.51,290,35.66,7,,,,,,,,,,,,
2020-10-29 09:30:35,35.475,35.47,1,35.47,24,35.48,7,35.48,35.47,35.47,24,35.46,15,35.45,15,35.44,10,35.43,5,35.42,3,35.41,20,,,,,,,35.48,7,35.49,28,35.5,25,35.51,290,35.66,7,,,,,,,,,,
2020-10-29 09:30:36,35.475,35.47,1,35.47,23,35.48,11,35.48,35.47,35.47,23,35.46,15,35.45,15,35.44,10,35.43,5,35.42,3,35.41,20,,,,,,,35.48,11,35.49,28,35.5,25,35.51,290,35.66,7,,,,,,,,,,
2020-10-29 09:30:37,35.465,35.47,2,35.46,15,35.47,10,35.47,35.46,35.46,15,35.45,15,35.44,10,35.43,5,35.42,3,35.41,20,,,,,,,,,35.47,10,35.48,15,35.49,28,35.5,25,35.51,290,35.66,7,,,,,,,,
2020-10-29 09:30:39,35.465,35.47,2,35.46,15,35.47,9,35.47,35.46,35.46,15,35.45,15,35.44,10,35.43,5,35.42,3,35.41,20,,,,,,,,,35.47,9,35.48,15,35.49,28,35.5,25,35.51,290,35.66,7,,,,,,,,
2020-10-29 09:30:39,35.475,35.47,1,35.47,12,35.48,17,35.48,35.47,35.47,12,35.46,28,35.45,15,35.44,10,35.43,5,35.42,3,35.41,20,,,,,,,35.48,17,35.49,28,35.5,25,35.51,290,35.66,7,,,,,,,,,,
2020-10-29 09:30:41,35.485,35.48,1,35.48,24,35.49,8,35.49,35.48,35.48,24,35.47,44,35.46,28,35.45,15,35.44,10,35.43,5,35.42,3,35.41,20,,,,,35.49,8,35.5,22,35.51,290,35.66,7,,,,,,,,,,,,
2020-10-29 09:30:41,35.485,35.48,1,35.48,21,35.49,6,35.49,35.48,35.48,21,35.47,44,35.46,28,35.45,15,35.44,10,35.43,5,35.42,3,35.41,20,,,,,35.49,6,35.5,22,35.51,290,35.66,7,,,,,,,,,,,,
2020-10-29 09:30:43,35.535,35.54,1,35.53,2,35.54,10,35.54,35.53,35.53,2,35.52,20,35.51,15,35.5,10,35.49,11,35.48,31,35.47,44,35.46,28,35.45,15,35.44,10,35.54,10,35.66,7,,,,,,,,,,,,,,,,
2020-10-29 09:30:43,35.535,35.54,1,35.53,2,35.54,12,35.54,35.53,35.53,2,35.52,20,35.51,15,35.5,10,35.49,11,35.48,31,35.47,44,35.46,28,35.45,15,35.44,10,35.54,12,35.66,7,,,,,,,,,,,,,,,,
2020-10-29 09:30:44,35.495,35.49,1,35.49,23,35.5,17,35.5,35.49,35.49,23,35.48,31,35.47,44,35.46,28,35.45,15,35.44,10,35.43,5,35.42,3,35.41,20,,,35.5,17,35.51,23,35.52,5,35.53,22,35.54,28,35.66,7,,,,,,,,
2020-10-29 09:30:46,35.495,35.49,1,35.49,19,35.5,15,35.5,35.49,35.49,19,35.48,31,35.47,44,35.46,28,35.45,15,35.44,10,35.43,5,35.42,3,35.41,20,,,35.5,15,35.51,23,35.52,5,35.53,22,35.54,28,35.66,7,,,,,,,,
2020-10-29 09:30:47,35.495,35.49,1,35.49,24,35.5,16,35.5,35.49,35.49,24,35.48,31,35.47,44,35.46,28,35.45,15,35.44,10,35.43,5,35.42,3,35.41,20,,,35.5,16,35.51,23,35.52,5,35.53,22,35.54,28,35.66,7,,,,,,,,
2020-10-29 09:30:47,35.505,35.51,3,35.5,19,35.51,19,35.51,35.5,35.5,19,35.49,32,35.48,31,35.47,44,35.46,28,35.45,15,35.44,10,35.43,5,35.42,3,35.41,20,35.51,19,35.52,5,35.53,22,35.54,28,35.66,7,,,,,,,,,,
2020-10-29 09:30:49,35.505,35.51,2,35.5,23,35.51,21,35.51,35.5,35.5,23,35.49,32,35.48,31,35.47,44,35.46,28,35.45,15,35.44,10,35.43,5,35.42,3,35.41,20,35.51,21,35.52,5,35.53,22,35.54,28,35.66,7,,,,,,,,,,
2020-10-29 09:30:50,35.505,35.51,2,35.5,23,35.51,21,35.51,35.5,35.5,23,35.49,32,35.48,31,35.47,44,35.46,28,35.45,15,35.44,10,35.43,5,35.42,3,35.41,20,35.51,21,35.52,5,35.53,22,35.54,28,35.66,7,,,,,,,,,,
2020-10-29 09:30:51,35.505,35.51,2,35.5,23,35.51,21,35.51,35.5,35.5,23,35.49,32,35.48,31,35.47,44,35.46,28,35.45,15,35.44,10,35.43,5,35.42,3,35.41,20,35.51,21,35.52,5,35.53,22,35.54,28,35.66,7,,,,,,,,,,
2020-10-29 09:30:51,35.505,35.51,2,35.5,24,35.51,21,35.51,35.5,35.5,24,35.49,32,35.48,31,35.47,44,35.46,28,35.45,15,35.44,10,35.43,5,35.42,3,35.41,20,35.51,21,35.52,5,35.53,22,35.54,28,35.66,7,,,,,,,,,,
2020-10-29 09:30:53,35.505,35.51,2,35.5,26,35.51,21,35.51,35.5,35.5,26,35.49,32,35.48,31,35.47,44,35.46,28,35.45,15,35.44,10,35.43,5,35.42,3,35.41,20,35.51,21,35.52,5,35.53,22,35.54,28,35.66,7,,,,,,,,,,
2020-10-29 09:30:54,35.505,35.5,1,35.5,7,35.51,22,35.51,35.5,35.5,7,35.49,32,35.48,31,35.47,44,35.46,28,35.45,15,35.44,10,35.43,5,35.42,3,35.41,20,35.51,22,35.52,5,35.53,22,35.54,28,35.66,7,,,,,,,,,,
2020-10-29 09:30:55,35.495,35.49,13,35.49,28,35.5,14,35.5,35.49,35.49,28,35.48,31,35.47,44,35.46,28,35.45,15,35.44,10,35.43,5,35.42,3,35.41,20,,,35.5,14,35.51,39,35.52,5,35.53,22,35.54,28,35.66,7,,,,,,,,
2020-10-29 09:30:56,35.505,35.51,1,35.5,10,35.51,28,35.51,35.5,35.5,10,35.49,41,35.48,31,35.47,44,35.46,28,35.45,15,35.44,10,35.43,5,35.42,3,35.41,20,35.51,28,35.52,5,35.53,22,35.54,28,35.66,7,,,,,,,,,,
2020-10-29 09:30:57,35.505,35.51,1,35.5,12,35.51,26,35.51,35.5,35.5,12,35.49,41,35.48,31,35.47,44,35.46,28,35.45,15,35.44,10,35.43,5,35.42,3,35.41,20,35.51,26,35.52,5,35.53,22,35.54,28,35.66,7,,,,,,,,,,
2020-10-29 09:30:58,35.505,35.51,1,35.5,12,35.51,30,35.51,35.5,35.5,12,35.49,41,35.48,31,35.47,44,35.46,28,35.45,15,35.44,10,35.43,5,35.42,3,35.41,20,35.51,30,35.52,5,35.53,22,35.54,28,35.66,7,,,,,,,,,,
2020-10-29 09:30:59,35.5,35.51,1,35.49,25,35.51,30,35.51,35.49,35.49,25,35.48,31,35.47,44,35.46,28,35.45,15,35.44,10,35.43,5,35.42,3,35.41,20,,,35.51,30,35.52,5,35.53,22,35.54,28,35.66,7,,,,,,,,,,
2020-10-29 09:31:00,35.485,35.48,1,35.48,24,35.49,7,35.49,35.48,35.48,24,35.47,44,35.46,28,35.45,15,35.44,10,35.43,5,35.42,3,35.41,20,,,,,35.49,7,35.5,28,35.51,34,35.52,5,35.53,22,35.54,28,35.66,7,,,,,,
2020-10-29 09:31:01,35.465,35.47,1,35.46,17,35.47,31,35.47,35.46,35.46,17,35.45,15,35.44,10,35.43,5,35.42,3,35.41,20,,,,,,,,,35.47,31,35.48,24,35.49,32,35.5,28,35.51,34,35.52,5,35.53,22,35.54,28,35.66,7,,
2020-10-29 09:31:02,35.435,35.43,3,35.43,17,35.44,2,35.44,35.43,35.43,17,35.42,3,35.41,20,,,,,,,,,,,,,,,35.44,2,35.45,21,35.46,10,35.47,31,35.48,24,35.49,32,35.5,28,35.51,34,35.52,5,35.53,22
2020-10-29 09:31:03,35.45,35.45,1,35.44,12,35.46,15,35.46,35.44,35.44,12,35.43,29,35.42,3,35.41,20,,,,,,,,,,,,,35.46,15,35.47,31,35.48,24,35.49,32,35.5,28,35.51,34,35.52,5,35.53,22,35.54,28,35.66,7
2020-10-29 09:31:04,35.465,35.46,3,35.46,11,35.47,19,35.47,35.46,35.46,11,35.45,19,35.44,12,35.43,29,35.42,3,35.41,20,,,,,,,,,35.47,19,35.48,24,35.49,32,35.5,28,35.51,34,35.52,5,35.53,22,35.54,28,35.66,7,,
2020-10-29 09:31:05,35.465,35.46,3,35.46,17,35.47,22,35.47,35.46,35.46,17,35.45,19,35.44,12,35.43,29,35.42,3,35.41,20,,,,,,,,,35.47,22,35.48,24,35.49,32,35.5,28,35.51,34,35.52,5,35.53,22,35.54,28,35.66,7,,
2020-10-29 09:31:06,35.465,35.47,2,35.46,47,35.47,35,35.47,35.46,35.46,47,35.45,19,35.44,12,35.43,29,35.42,3,35.41,20,,,,,,,,,35.47,35,35.48,24,35.49,32,35.5,28,35.51,34,35.52,5,35.53,22,35.54,28,35.66,7,,
2020-10-29 09:31:08,35.455,35.45,5,35.45,20,35.46,4,35.46,35.45,35.45,20,35.44,12,35.43,29,35.42,3,35.41,20,,,,,,,,,,,35.46,4,35.47,35,35.48,24,35.49,32,35.5,28,35.51,34,35.52,5,35.53,22,35.54,28,35.66,7
2020-10-29 09:31:09,35.455,35.45,1,35.45,19,35.46,19,35.46,35.45,35.45,19,35.44,12,35.43,29,35.42,3,35.41,20,,,,,,,,,,,35.46,19,35.47,35,35.48,24,35.49,32,35.5,28,35.51,34,35.52,5,35.53,22,35.54,28,35.66,7
2020-10-29 09:31:10,35.455,35.46,7,35.45,33,35.46,12,35.46,35.45,35.45,33,35.44,12,35.43,29,35.42,3,35.41,20,,,,,,,,,,,35.46,12,35.47,35,35.48,24,35.49,32,35.5,28,35.51,34,35.52,5,35.53,22,35.54,28,35.66,7
2020-10-29 09:31:11,35.455,35.45,174,35.45,34,35.46,13,35.46,35.45,35.45,34,35.44,12,35.43,29,35.42,3,35.41,20,,,,,,,,,,,35.46,13,35.47,35,35.48,24,35.49,32,35.5,28,35.51,34,35.52,5,35.53,22,35.54,28,35.66,7
2020-10-29 09:31:12,35.455,35.45,1,35.45,35,35.46,11,35.46,35.45,35.45,35,35.44,12,35.43,29,35.42,3,35.41,20,,,,,,,,,,,35.46,11,35.47,35,35.48,24,35.49,32,35.5,28,35.51,34,35.52,5,35.53,22,35.54,28,35.66,7
2020-10-29 09:31:13,35.455,35.45,1,35.45,35,35.46,11,35.46,35.45,35.45,35,35.44,12,35.43,29,35.42,3,35.41,20,,,,,,,,,,,35.46,11,35.47,35,35.48,24,35.49,32,35.5,28,35.51,34,35.52,5,35.53,22,35.54,28,35.66,7
2020-10-29 09:31:14,35.455,35.45,1,35.45,35,35.46,18,35.46,35.45,35.45,35,35.44,12,35.43,29,35.42,3,35.41,20,,,,,,,,,,,35.46,18,35.47,35,35.48,24,35.49,32,35.5,28,35.51,34,35.52,5,35.53,22,35.54,28,35.66,7
2020-10-29 09:31:15,35.455,35.46,1,35.45,35,35.46,18,35.46,35.45,35.45,35,35.44,12,35.43,29,35.42,3,35.41,20,,,,,,,,,,,35.46,18,35.47,35,35.48,24,35.49,32,35.5,28,35.51,34,35.52,5,35.53,22,35.54,28,35.66,7
2020-10-29 09:31:16,35.455,35.45,1,35.45,36,35.46,18,35.46,35.45,35.45,36,35.44,12,35.43,29,35.42,3,35.41,20,,,,,,,,,,,35.46,18,35.47,35,35.48,24,35.49,32,35.5,28,35.51,34,35.52,5,35.53,22,35.54,28,35.66,7
2020-10-29 09:31:17,35.455,35.45,3,35.45,11,35.46,56,35.46,35.45,35.45,11,35.44,41,35.43,29,35.42,3,35.41,20,,,,,,,,,,,35.46,56,35.47,35,35.48,24,35.49,32,35.5,28,35.51,34,35.52,5,35.53,22,35.54,28,35.66,7
2020-10-29 09:31:18,35.455,35.45,1,35.45,16,35.46,56,35.46,35.45,35.45,16,35.44,41,35.43,29,35.42,3,35.41,20,,,,,,,,,,,35.46,56,35.47,35,35.48,24,35.49,32,35.5,28,35.51,34,35.52,5,35.53,22,35.54,28,35.66,7
2020-10-29 09:31:19,35.455,35.45,1,35.45,16,35.46,55,35.46,35.45,35.45,16,35.44,41,35.43,29,35.42,3,35.41,20,,,,,,,,,,,35.46,55,35.47,35,35.48,24,35.49,32,35.5,28,35.51,34,35.52,5,35.53,22,35.54,28,35.66,7
2020-10-29 09:31:20,35.455,35.45,1,35.45,14,35.46,55,35.46,35.45,35.45,14,35.44,41,35.43,29,35.42,3,35.41,20,,,,,,,,,,,35.46,55,35.47,35,35.48,24,35.49,32,35.5,28,35.51,34,35.52,5,35.53,22,35.54,28,35.66,7
2020-10-29 09:31:21,35.445,35.45,1,35.44,36,35.45,27,35.45,35.44,35.44,36,35.43,29,35.42,3,35.41,20,,,,,,,,,,,,,35.45,27,35.46,49,35.47,35,35.48,24,35.49,32,35.5,28,35.51,34,35.52,5,35.53,22,35.54,28
2020-10-29 09:31:22,35.445,35.45,4,35.44,36,35.45,27,35.45,35.44,35.44,36,35.43,29,35.42,3,35.41,20,,,,,,,,,,,,,35.45,27,35.46,49,35.47,35,35.48,24,35.49,32,35.5,28,35.51,34,35.52,5,35.53,22,35.54,28
2020-10-29 09:31:23,35.445,35.45,4,35.44,38,35.45,27,35.45,35.44,35.44,38,35.43,29,35.42,3,35.41,20,,,,,,,,,,,,,35.45,27,35.46,49,35.47,35,35.48,24,35.49,32,35.5,28,35.51,34,35.52,5,35.53,22,35.54,28
2020-10-29 09:31:24,35.455,35.46,1,35.45,19,35.46,24,35.46,35.45,35.45,19,35.44,49,35.43,29,35.42,3,35.41,20,,,,,,,,,,,35.46,24,35.47,35,35.48,24,35.49,32,35.5,28,35.51,34,35.52,5,35.53,22,35.54,28,35.66,7
2020-10-29 09:31:25,35.455,35.46,1,35.45,17,35.46,25,35.46,35.45,35.45,17,35.44,49,35.43,29,35.42,3,35.41,20,,,,,,,,,,,35.46,25,35.47,35,35.48,24,35.49,32,35.5,28,35.51,34,35.52,5,35.53,22,35.54,28,35.66,7
2020-10-29 09:31:26,35.465,35.47,2,35.46,24,35.47,34,35.47,35.46,35.46,24,35.45,23,35.44,49,35.43,29,35.42,3,35.41,20,,,,,,,,,35.47,34,35.48,24,35.49,32,35.5,28,35.51,34,35.52,5,35.53,22,35.54,28,35.66,7,,
2020-10-29 09:31:27,35.465,35.47,2,35.46,24,35.47,32,35.47,35.46,35.46,24,35.45,23,35.44,49,35.43,29,35.42,3,35.41,20,,,,,,,,,35.47,32,35.48,24,35.49,32,35.5,28,35.51,34,35.52,5,35.53,22,35.54,28,35.66,7,,
2020-10-29 09:31:28,35.445,35.45,2,35.44,34,35.45,10,35.45,35.44,35.44,34,35.43,29,35.42,3,35.41,20,,,,,,,,,,,,,35.45,10,35.46,24,35.47,51,35.48,24,35.49,32,35.5,28,35.51,34,35.52,5,35.53,22,35.54,28
2020-10-29 09:31:29,35.455,35.45,1,35.45,16,35.46,23,35.46,35.45,35.45,16,35.44,39,35.43,29,35.42,3,35.41,20,,,,,,,,,,,35.46,23,35.47,51,35.48,24,35.49,32,35.5,28,35.51,34,35.52,5,35.53,22,35.54,28,35.66,7
2020-10-29 09:31:30,35.455,35.46,1,35.45,39,35.46,21,35.46,35.45,35.45,39,35.44,39,35.43,29,35.42,3,35.41,20,,,,,,,,,,,35.46,21,35.47,51,35.48,24,35.49,32,35.5,28,35.51,34,35.52,5,35.53,22,35.54,28,35.66,7
2020-10-29 09:31:31,35.465,35.46,6,35.46,13,35.47,39,35.47,35.46,35.46,13,35.45,33,35.44,39,35.43,29,35.42,3,35.41,20,,,,,,,,,35.47,39,35.48,24,35.49,32,35.5,28,35.51,34,35.52,5,35.53,22,35.54,28,35.66,7,,
2020-10-29 09:31:32,35.475,35.47,3,35.47,41,35.48,15,35.48,35.47,35.47,41,35.46,26,35.45,33,35.44,39,35.43,29,35.42,3,35.41,20,,,,,,,35.48,15,35.49,32,35.5,28,35.51,34,35.52,5,35.53,22,35.54,28,35.66,7,,,,
2020-10-29 09:31:33,35.475,35.48,1,35.47,41,35.48,13,35.48,35.47,35.47,41,35.46,26,35.45,33,35.44,39,35.43,29,35.42,3,35.41,20,,,,,,,35.48,13,35.49,32,35.5,28,35.51,34,35.52,5,35.53,22,35.54,28,35.66,7,,,,
2020-10-29 09:31:34,35.475,35.48,1,35.47,39,35.48,9,35.48,35.47,35.47,39,35.46,26,35.45,33,35.44,39,35.43,29,35.42,3,35.41,20,,,,,,,35.48,9,35.49,32,35.5,28,35.51,34,35.52,5,35.53,22,35.54,28,35.66,7,,,,
2020-10-29 09:31:35,35.475,35.48,1,35.47,36,35.48,8,35.48,35.47,35.47,36,35.46,26,35.45,33,35.44,39,35.43,29,35.42,3,35.41,20,,,,,,,35.48,8,35.49,32,35.5,28,35.51,34,35.52,5,35.53,22,35.54,28,35.66,7,,,,
2020-10-29 09:31:36,35.475,35.47,4,35.47,37,35.48,8,35.48,35.47,35.47,37,35.46,26,35.45,33,35.44,39,35.43,29,35.42,3,35.41,20,,,,,,,35.48,8,35.49,32,35.5,28,35.51,34,35.52,5,35.53,22,35.54,28,35.66,7,,,,
2020-10-29 09:31:37,35.475,35.48,4,35.47,37,35.48,9,35.48,35.47,35.47,37,35.46,26,35.45,33,35.44,39,35.43,29,35.42,3,35.41,20,,,,,,,35.48,9,35.49,32,35.5,28,35.51,34,35.52,5,35.53,22,35.54,28,35.66,7,,,,
2020-10-29 09:31:38,35.475,35.48,1,35.47,39,35.48,9,35.48,35.47,35.47,39,35.46,26,35.45,33,35.44,39,35.43,29,35.42,3,35.41,20,,,,,,,35.48,9,35.49,32,35.5,28,35.51,34,35.52,5,35.53,22,35.54,28,35.66,7,,,,
2020-10-29 09:31:39,35.475,35.47,1,35.47,34,35.48,8,35.48,35.47,35.47,34,35.46,26,35.45,33,35.44,39,35.43,29,35.42,3,35.41,20,,,,,,,35.48,8,35.49,32,35.5,28,35.51,34,35.52,5,35.53,22,35.54,28,35.66,7,,,,
2020-10-29 09:31:40,35.48,35.48,3,35.47,40,35.49,40,35.49,35.47,35.47,40,35.46,26,35.45,33,35.44,39,35.43,29,35.42,3,35.41,20,,,,,,,35.49,40,35.5,28,35.51,34,35.52,5,35.53,22,35.54,28,35.66,7,,,,,,
2020-10-29 09:31:41,35.48,35.48,2,35.47,37,35.49,41,35.49,35.47,35.47,37,35.46,26,35.45,33,35.44,39,35.43,29,35.42,3,35.41,20,,,,,,,35.49,41,35.5,28,35.51,34,35.52,5,35.53,22,35.54,28,35.66,7,,,,,,
2020-10-29 09:31:42,35.48,35.48,1,35.47,40,35.49,38,35.49,35.47,35.47,40,35.46,26,35.45,33,35.44,39,35.43,29,35.42,3,35.41,20,,,,,,,35.49,38,35.5,28,35.51,34,35.52,5,35.53,22,35.54,28,35.66,7,,,,,,
2020-10-29 09:31:43,35.485,35.48,1,35.48,12,35.49,42,35.49,35.48,35.48,12,35.47,40,35.46,26,35.45,33,35.44,39,35.43,29,35.42,3,35.41,20,,,,,35.49,42,35.5,28,35.51,34,35.52,5,35.53,22,35.54,28,35.66,7,,,,,,
2020-10-29 09:31:44,35.465,35.47,1,35.46,23,35.47,20,35.47,35.46,35.46,23,35.45,33,35.44,39,35.43,29,35.42,3,35.41,20,,,,,,,,,35.47,20,35.48,38,35.49,41,35.5,28,35.51,34,35.52,5,35.53,22,35.54,28,35.66,7,,
2020-10-29 09:31:45,35.465,35.47,1,35.46,24,35.47,18,35.47,35.46,35.46,24,35.45,33,35.44,39,35.43,29,35.42,3,35.41,20,,,,,,,,,35.47,18,35.48,38,35.49,41,35.5,28,35.51,34,35.52,5,35.53,22,35.54,28,35.66,7,,
2020-10-29 09:31:46,35.455,35.45,67,35.45,27,35.46,15,35.46,35.45,35.45,27,35.44,39,35.43,29,35.42,3,35.41,20,,,,,,,,,,,35.46,15,35.47,37,35.48,38,35.49,41,35.5,28,35.51,34,35.52,5,35.53,22,35.54,28,35.66,7
2020-10-29 09:31:47,35.455,35.45,1,35.45,31,35.46,25,35.46,35.45,35.45,31,35.44,39,35.43,29,35.42,3,35.41,20,,,,,,,,,,,35.46,25,35.47,37,35.48,38,35.49,41,35.5,28,35.51,34,35.52,5,35.53,22,35.54,28,35.66,7
2020-10-29 09:31:48,35.455,35.45,1,35.45,28,35.46,30,35.46,35.45,35.45,28,35.44,39,35.43,29,35.42,3,35.41,20,,,,,,,,,,,35.46,30,35.47,37,35.48,38,35.49,41,35.5,28,35.51,34,35.52,5,35.53,22,35.54,28,35.66,7
2020-10-29 09:31:49,35.455,35.46,1,35.45,25,35.46,29,35.46,35.45,35.45,25,35.44,39,35.43,29,35.42,3,35.41,20,,,,,,,,,,,35.46,29,35.47,37,35.48,38,35.49,41,35.5,28,35.51,34,35.52,5,35.53,22,35.54,28,35.66,7
2020-10-29 09:31:50,35.455,35.45,3,35.45,25,35.46,29,35.46,35.45,35.45,25,35.44,39,35.43,29,35.42,3,35.41,20,,,,,,,,,,,35.46,29,35.47,37,35.48,38,35.49,41,35.5,28,35.51,34,35.52,5,35.53,22,35.54,28,35.66,7
2020-10-29 09:31:51,35.475,35.48,1,35.47,43,35.48,21,35.48,35.47,35.47,43,35.46,56,35.45,39,35.44,39,35.43,29,35.42,3,35.41,20,,,,,,,35.48,21,35.49,41,35.5,28,35.51,34,35.52,5,35.53,22,35.54,28,35.66,7,,,,
2020-10-29 09:31:52,35.475,35.47,2,35.47,43,35.48,31,35.48,35.47,35.47,43,35.46,56,35.45,39,35.44,39,35.43,29,35.42,3,35.41,20,,,,,,,35.48,31,35.49,41,35.5,28,35.51,34,35.52,5,35.53,22,35.54,28,35.66,7,,,,
2020-10-29 09:31:53,35.455,35.46,1,35.45,27,35.46,21,35.46,35.45,35.45,27,35.44,39,35.43,29,35.42,3,35.41,20,,,,,,,,,,,35.46,21,35.47,21,35.48,56,35.49,41,35.5,28,35.51,34,35.52,5,35.53,22,35.54,28,35.66,7
2020-10-29 09:31:54,35.445,35.45,1,35.44,34,35.45,22,35.45,35.44,35.44,34,35.43,29,35.42,3,35.41,20,,,,,,,,,,,,,35.45,22,35.46,35,35.47,21,35.48,56,35.49,41,35.5,28,35.51,34,35.52,5,35.53,22,35.54,28
2020-10-29 09:31:55,35.435,35.44,1,35.43,28,35.44,10,35.44,35.43,35.43,28,35.42,3,35.41,20,,,,,,,,,,,,,,,35.44,10,35.45,25,35.46,35,35.47,21,35.48,56,35.49,41,35.5,28,35.51,34,35.52,5,35.53,22
2020-10-29 09:31:56,35.415,35.41,1,35.41,38,35.42,23,35.42,35.41,35.41,38,,,,,,,,,,,,,,,,,,,35.42,23,35.43,22,35.44,15,35.45,25,35.46,35,35.47,21,35.48,56,35.49,41,35.5,28,35.51,34
2020-10-29 09:31:57,35.415,35.41,1,35.41,38,35.42,23,35.42,35.41,35.41,38,,,,,,,,,,,,,,,,,,,35.42,23,35.43,22,35.44,15,35.45,25,35.46,35,35.47,21,35.48,56,35.49,41,35.5,28,35.51,34
2020-10-29 09:31:58,35.405,35.41,1,35.4,19,35.41,6,35.41,35.4,35.4,19,,,,,,,,,,,,,,,,,,,35.41,6,35.42,23,35.43,22,35.44,15,35.45,25,35.46,35,35.47,21,35.48,56,35.49,41,35.5,28
2020-10-29 09:31:59,35.425,35.41,1,35.42,7,35.43,21,35.43,35.42,35.42,7,35.41,16,35.4,19,,,,,,,,,,,,,,,35.43,21,35.44,15,35.45,25,35.46,35,35.47,21,35.48,56,35.49,41,35.5,28,35.51,34,35.52,5
2020-10-29 09:32:00,35.43,35.43,1,35.42,20,35.44,23,35.44,35.42,35.42,20,35.41,16,35.4,19,,,,,,,,,,,,,,,35.44,23,35.45,25,35.46,35,35.47,21,35.48,56,35.49,41,35.5,28,35.51,34,35.52,5,35.53,22
2020-10-29 09:32:01,35.435,35.43,1,35.43,10,35.44,27,35.44,35.43,35.43,10,35.42,21,35.41,16,35.4,19,,,,,,,,,,,,,35.44,27,35.45,25,35.46,35,35.47,21,35.48,56,35.49,41,35.5,28,35.51,34,35.52,5,35.53,22
2020-10-29 09:32:02,35.445,35.44,1,35.44,11,35.45,17,35.45,35.44,35.44,11,35.43,26,35.42,21,35.41,16,35.4,19,,,,,,,,,,,35.45,17,35.46,35,35.47,21,35.48,56,35.49,41,35.5,28,35.51,34,35.52,5,35.53,22,35.54,28
2020-10-29 09:32:03,35.44,35.44,1,35.43,23,35.45,25,35.45,35.43,35.43,23,35.42,21,35.41,16,35.4,19,,,,,,,,,,,,,35.45,25,35.46,35,35.47,21,35.48,56,35.49,41,35.5,28,35.51,34,35.52,5,35.53,22,35.54,28
2020-10-29 09:32:04,35.455,35.45,1,35.45,10,35.46,31,35.46,35.45,35.45,10,35.44,38,35.43,23,35.42,21,35.41,16,35.4,19,,,,,,,,,35.46,31,35.47,21,35.48,56,35.49,41,35.5,28,35.51,34,35.52,5,35.53,22,35.54,28,35.66,7
2020-10-29 09:32:05,35.455,35.46,1,35.45,25,35.46,25,35.46,35.45,35.45,25,35.44,38,35.43,23,35.42,21,35.41,16,35.4,19,,,,,,,,,35.46,25,35.47,20,35.48,56,35.49,41,35.5,28,35.51,34,35.52,5,35.53,22,35.54,28,35.66,7
2020-10-29 09:32:06,35.455,35.45,4,35.45,32,35.46,23,35.46,35.45,35.45,32,35.44,38,35.43,23,35.42,21,35.41,16,35.4,19,,,,,,,,,35.46,23,35.47,20,35.48,56,35.49,41,35.5,28,35.51,34,35.52,5,35.53,22,35.54,28,35.66,7
2020-10-29 09:32:07,35.455,35.45,4,35.45,32,35.46,22,35.46,35.45,35.45,32,35.44,38,35.43,23,35.42,21,35.41,16,35.4,19,,,,,,,,,35.46,22,35.47,20,35.48,56,35.49,41,35.5,28,35.51,34,35.52,5,35.53,22,35.54,28,35.66,7
2020-10-29 09:32:08,35.475,35.46,1,35.47,12,35.48,33,35.48,35.47,35.47,12,35.46,21,35.45,50,35.44,38,35.43,23,35.42,21,35.41,16,35.4,19,,,,,35.48,33,35.49,41,35.5,28,35.51,34,35.52,5,35.53,22,35.54,28,35.66,7,,,,
2020-10-29 09:32:09,35.465,35.47,1,35.46,11,35.47,23,35.47,35.46,35.46,11,35.45,58,35.44,38,35.43,23,35.42,21,35.41,16,35.4,19,,,,,,,35.47,23,35.48,41,35.49,41,35.5,28,35.51,34,35.52,5,35.53,22,35.54,28,35.66,7,,
2020-10-29 09:32:10,35.455,35.46,1,35.45,44,35.46,8,35.46,35.45,35.45,44,35.44,38,35.43,23,35.42,21,35.41,16,35.4,19,,,,,,,,,35.46,8,35.47,62,35.48,41,35.49,41,35.5,28,35.51,34,35.52,5,35.53,22,35.54,28,35.66,7
2020-10-29 09:32:11,35.445,35.45,1,35.44,23,35.45,25,35.45,35.44,35.44,23,35.43,23,35.42,21,35.41,16,35.4,19,,,,,,,,,,,35.45,25,35.46,80,35.47,62,35.48,41,35.49,41,35.5,28,35.51,34,35.52,5,35.53,22,35.54,28
2020-10-29 09:32:12,35.445,35.45,9,35.44,22,35.45,22,35.45,35.44,35.44,22,35.43,23,35.42,21,35.41,16,35.4,19,,,,,,,,,,,35.45,22,35.46,80,35.47,62,35.48,41,35.49,41,35.5,28,35.51,34,35.52,5,35.53,22,35.54,28
2020-10-29 09:32:13,35.445,35.45,1,35.44,22,35.45,18,35.45,35.44,35.44,22,35.43,23,35.42,21,35.41,16,35.4,19,,,,,,,,,,,35.45,18,35.46,80,35.47,62,35.48,41,35.49,41,35.5,28,35.51,34,35.52,5,35.53,22,35.54,28
2020-10-29 09:32:14,35.445,35.45,1,35.44,24,35.45,17,35.45,35.44,35.44,24,35.43,23,35.42,21,35.41,16,35.4,19,,,,,,,,,,,35.45,17,35.46,80,35.47,62,35.48,41,35.49,41,35.5,28,35.51,34,35.52,5,35.53,22,35.54,28
2020-10-29 09:32:15,35.455,35.45,1,35.45,7,35.46,67,35.46,35.45,35.45,7,35.44,42,35.43,23,35.42,21,35.41,16,35.4,19,,,,,,,,,35.46,67,35.47,62,35.48,41,35.49,41,35.5,28,35.51,34,35.52,5,35.53,22,35.54,28,35.66,7
2020-10-29 09:32:16,35.455,35.45,1,35.45,7,35.46,26,35.46,35.45,35.45,7,35.44,42,35.43,23,35.42,21,35.41,16,35.4,19,,,,,,,,,35.46,26,35.47,62,35.48,41,35.49,41,35.5,28,35.51,34,35.52,5,35.53,22,35.54,28,35.66,7
2020-10-29 09:32:17,35.455,35.45,6,35.45,9,35.46,14,35.46,35.45,35.45,9,35.44,42,35.43,23,35.42,21,35.41,16,35.4,19,,,,,,,,,35.46,14,35.47,62,35.48,41,35.49,41,35.5,28,35.51,34,35.52,5,35.53,22,35.54,28,35.66,7
2020-10-29 09:32:18,35.455,35.45,2,35.45,9,35.46,19,35.46,35.45,35.45,9,35.44,42,35.43,23,35.42,21,35.41,16,35.4,19,,,,,,,,,35.46,19,35.47,62,35.48,41,35.49,41,35.5,28,35.51,34,35.52,5,35.53,22,35.54,28,35.66,7
2020-10-29 09:32:19,35.445,35.44,3,35.44,36,35.45,27,35.45,35.44,35.44,36,35.43,23,35.42,21,35.41,16,35.4,19,,,,,,,,,,,35.45,27,35.46,30,35.47,50,35.48,41,35.49,41,35.5,28,35.51,34,35.52,5,35.53,22,35.54,28
2020-10-29 09:32:20,35.455,35.45,5,35.45,15,35.46,23,35.46,35.45,35.45,15,35.44,42,35.43,23,35.42,21,35.41,16,35.4,19,,,,,,,,,35.46,23,35.47,50,35.48,41,35.49,41,35.5,28,35.51,34,35.52,5,35.53,22,35.54,28,35.66,7
2020-10-29 09:32:21,35.455,35.46,1,35.45,17,35.46,29,35.46,35.45,35.45,17,35.44,42,35.43,23,35.42,21,35.41,16,35.4,19,,,,,,,,,35.46,29,35.47,50,35.48,41,35.49,41,35.5,28,35.51,34,35.52,5,35.53,22,35.54,28,35.66,7
2020-10-29 09:32:22,35.445,35.45,1,35.44,35,35.45,38,35.45,35.44,35.44,35,35.43,23,35.42,21,35.41,16,35.4,19,,,,,,,,,,,35.45,38,35.46,51,35.47,50,35.48,41,35.49,41,35.5,28,35.51,34,35.52,5,35.53,22,35.54,28
2020-10-29 09:32:23,35.435,35.43,1,35.43,41,35.44,13,35.44,35.43,35.43,41,35.42,21,35.41,16,35.4,19,,,,,,,,,,,,,35.44,13,35.45,54,35.46,51,35.47,50,35.48,41,35.49,41,35.5,28,35.51,34,35.52,5,35.53,22
2020-10-29 09:32:24,35.435,35.44,1,35.43,27,35.44,17,35.44,35.43,35.43,27,35.42,21,35.41,16,35.4,19,,,,,,,,,,,,,35.44,17,35.45,54,35.46,51,35.47,50,35.48,41,35.49,41,35.5,28,35.51,34,35.52,5,35.53,22
2020-10-29 09:32:25,35.435,35.44,1,35.43,27,35.44,21,35.44,35.43,35.43,27,35.42,21,35.41,16,35.4,19,,,,,,,,,,,,,35.44,21,35.45,54,35.46,51,35.47,50,35.48,41,35.49,41,35.5,28,35.51,34,35.52,5,35.53,22
2020-10-29 09:32:26,35.455,35.46,1,35.45,29,35.46,27,35.46,35.45,35.45,29,35.44,29,35.43,36,35.42,21,35.41,16,35.4,19,,,,,,,,,35.46,27,35.47,50,35.48,41,35.49,41,35.5,28,35.51,34,35.52,5,35.53,22,35.54,28,35.66,7
2020-10-29 09:32:27,35.455,35.45,1,35.45,26,35.46,29,35.46,35.45,35.45,26,35.44,29,35.43,36,35.42,21,35.41,16,35.4,19,,,,,,,,,35.46,29,35.47,50,35.48,41,35.49,41,35.5,28,35.51,34,35.52,5,35.53,22,35.54,28,35.66,7
2020-10-29 09:32:28,35.455,35.45,1,35.45,26,35.46,29,35.46,35.45,35.45,26,35.44,29,35.43,36,35.42,21,35.41,16,35.4,19,,,,,,,,,35.46,29,35.47,50,35.48,41,35.49,41,35.5,28,35.51,34,35.52,5,35.53,22,35.54,28,35.66,7
2020-10-29 09:32:29,35.455,35.45,1,35.45,54,35.46,25,35.46,35.45,35.45,54,35.44,21,35.43,36,35.42,21,35.41,16,35.4,19,,,,,,,,,35.46,25,35.47,50,35.48,41,35.49,41,35.5,28,35.51,34,35.52,5,35.53,22,35.54,28,35.66,7
2020-10-29 09:32:30,35.455,35.45,1,35.45,50,35.46,29,35.46,35.45,35.45,50,35.44,21,35.43,36,35.42,21,35.41,16,35.4,19,,,,,,,,,35.46,29,35.47,50,35.48,41,35.49,41,35.5,28,35.51,34,35.52,5,35.53,22,35.54,28,35.66,7
2020-10-29 09:32:31,35.455,35.45,1,35.45,38,35.46,32,35.46,35.45,35.45,38,35.44,21,35.43,36,35.42,21,35.41,16,35.4,19,,,,,,,,,35.46,32,35.47,50,35.48,41,35.49,41,35.5,28,35.51,34,35.52,5,35.53,22,35.54,28,35.66,7
2020-10-29 09:32:32,35.455,35.45,1,35.45,40,35.46,32,35.46,35.45,35.45,40,35.44,21,35.43,36,35.42,21,35.41,16,35.4,19,,,,,,,,,35.46,32,35.47,50,35.48,41,35.49,41,35.5,28,35.51,34,35.52,5,35.53,22,35.54,28,35.66,7
2020-10-29 09:32:33,35.465,35.47,2,35.46,24,35.47,34,35.47,35.46,35.46,24,35.45,55,35.44,21,35.43,36,35.42,21,35.41,16,35.4,19,,,,,,,35.47,34,35.48,41,35.49,41,35.5,28,35.51,34,35.52,5,35.53,22,35.54,28,35.66,7,,
2020-10-29 09:32:34,35.465,35.47,5,35.46,24,35.47,10,35.47,35.46,35.46,24,35.45,55,35.44,21,35.43,36,35.42,21,35.41,16,35.4,19,,,,,,,35.47,10,35.48,47,35.49,41,35.5,28,35.51,34,35.52,5,35.53,22,35.54,28,35.66,7,,
2020-10-29 09:32:35,35.465,35.46,1,35.46,11,35.47,10,35.47,35.46,35.46,11,35.45,73,35.44,21,35.43,36,35.42,21,35.41,16,35.4,19,,,,,,,35.47,10,35.48,47,35.49,41,35.5,28,35.51,34,35.52,5,35.53,22,35.54,28,35.66,7,,
2020-10-29 09:32:36,35.485,35.48,1,35.48,20,35.49,24,35.49,35.48,35.48,20,35.47,59,35.46,52,35.45,73,35.44,21,35.43,36,35.42,21,35.41,16,35.4,19,,,35.49,24,35.5,29,35.51,34,35.52,5,35.53,22,35.54,28,35.66,7,,,,,,
2020-10-29 09:32:37,35.485,35.48,5,35.48,22,35.49,27,35.49,35.48,35.48,22,35.47,59,35.46,52,35.45,73,35.44,21,35.43,36,35.42,21,35.41,16,35.4,19,,,35.49,27,35.5,29,35.51,34,35.52,5,35.53,22,35.54,28,35.66,7,,,,,,
2020-10-29 09:32:38,35.505,35.5,1,35.5,13,35.51,34,35.51,35.5,35.5,13,35.49,16,35.48,29,35.47,59,35.46,52,35.45,73,35.44,21,35.43,36,35.42,21,35.41,16,35.51,34,35.52,5,35.53,22,35.54,28,35.66,7,,,,,,,,,,
2020-10-29 09:32:39,35.495,35.49,2,35.49,24,35.5,25,35.5,35.49,35.49,24,35.48,29,35.47,59,35.46,52,35.45,73,35.44,21,35.43,36,35.42,21,35.41,16,35.4,19,35.5,25,35.51,43,35.52,5,35.53,22,35.54,28,35.66,7,,,,,,,,
2020-10-29 09:32:40,35.475,35.48,1,35.47,30,35.48,28,35.48,35.47,35.47,30,35.46,52,35.45,73,35.44,21,35.43,36,35.42,21,35.41,16,35.4,19,,,,,35.48,28,35.49,39,35.5,31,35.51,43,35.52,5,35.53,22,35.54,28,35.66,7,,,,
2020-10-29 09:32:41,35.475,35.48,1,35.47,31,35.48,34,35.48,35.47,35.47,31,35.46,52,35.45,73,35.44,21,35.43,36,35.42,21,35.41,16,35.4,19,,,,,35.48,34,35.49,39,35.5,31,35.51,43,35.52,5,35.53,22,35.54,28,35.66,7,,,,
2020-10-29 09:32:42,35.455,35.47,1,35.45,55,35.46,13,35.46,35.45,35.45,55,35.44,21,35.43,36,35.42,21,35.41,16,35.4,19,,,,,,,,,35.46,13,35.47,32,35.48,44,35.49,39,35.5,31,35.51,43,35.52,5,35.53,22,35.54,28,35.66,7
2020-10-29 09:32:43,35.455,35.46,2,35.45,54,35.46,13,35.46,35.45,35.45,54,35.44,21,35.43,36,35.42,21,35.41,16,35.4,19,,,,,,,,,35.46,13,35.47,32,35.48,44,35.49,39,35.5,31,35.51,43,35.52,5,35.53,22,35.54,28,35.66,7
2020-10-29 09:32:44,35.455,35.46,1,35.45,56,35.46,13,35.46,35.45,35.45,56,35.44,21,35.43,36,35.42,21,35.41,16,35.4,19,,,,,,,,,35.46,13,35.47,32,35.48,44,35.49,39,35.5,31,35.51,43,35.52,5,35.53,22,35.54,28,35.66,7
2020-10-29 09:32:45,35.445,35.44,1,35.44,8,35.45,42,35.45,35.44,35.44,12,35.43,36,35.42,21,35.41,16,35.4,19,,,,,,,,,,,35.45,30,35.46,27,35.47,32,35.48,44,35.49,39,35.5,31,35.51,43,35.52,5,35.53,22,35.54,28
2020-10-29 09:32:47,35.465,35.46,2,35.46,10,35.47,26,35.47,35.46,35.46,8,35.45,32,35.44,46,35.43,36,35.42,21,35.41,16,35.4,19,,,,,,,35.47,26,35.48,44,35.49,39,35.5,31,35.51,43,35.52,5,35.53,22,35.54,28,35.66,7,,
2020-10-29 09:32:47,35.465,35.46,2,35.46,10,35.47,29,35.47,35.46,35.46,10,35.45,32,35.44,46,35.43,36,35.42,21,35.41,16,35.4,19,,,,,,,35.47,29,35.48,44,35.49,39,35.5,31,35.51,43,35.52,5,35.53,22,35.54,28,35.66,7,,
2020-10-29 09:32:48,35.485,35.49,1,35.48,26,35.49,11,35.49,35.48,35.48,26,35.47,34,35.46,19,35.45,32,35.44,46,35.43,36,35.42,21,35.41,16,35.4,19,,,35.49,11,35.5,31,35.51,43,35.52,5,35.53,22,35.54,28,35.66,7,,,,,,
2020-10-29 09:32:49,35.485,35.49,1,35.48,32,35.49,11,35.49,35.48,35.48,32,35.47,34,35.46,19,35.45,32,35.44,46,35.43,36,35.42,21,35.41,16,35.4,19,,,35.49,11,35.5,31,35.51,43,35.52,5,35.53,22,35.54,28,35.66,7,,,,,,
2020-10-29 09:32:50,35.495,35.49,1,35.49,3,35.5,20,35.5,35.49,35.49,3,35.48,35,35.47,34,35.46,19,35.45,32,35.44,46,35.43,36,35.42,21,35.41,16,35.4,19,35.5,20,35.51,43,35.52,5,35.53,22,35.54,28,35.66,7,,,,,,,,
2020-10-29 09:32:51,35.495,35.49,17,35.49,4,35.5,21,35.5,35.49,35.49,4,35.48,35,35.47,34,35.46,19,35.45,32,35.44,46,35.43,36,35.42,21,35.41,16,35.4,19,35.5,21,35.51,43,35.52,5,35.53,22,35.54,28,35.66,7,,,,,,,,
2020-10-29 09:32:52,35.485,35.49,17,35.48,37,35.49,23,35.49,35.48,35.48,37,35.47,34,35.46,19,35.45,32,35.44,46,35.43,36,35.42,21,35.41,16,35.4,19,,,35.49,23,35.5,36,35.51,43,35.52,5,35.53,22,35.54,28,35.66,7,,,,,,
2020-10-29 09:32:53,35.485,35.49,1,35.48,37,35.49,17,35.49,35.48,35.48,37,35.47,34,35.46,19,35.45,32,35.44,46,35.43,36,35.42,21,35.41,16,35.4,19,,,35.49,17,35.5,36,35.51,43,35.52,5,35.53,22,35.54,28,35.66,7,,,,,,
2020-10-29 09:32:54,35.495,35.5,2,35.49,7,35.5,27,35.5,35.49,35.49,7,35.48,43,35.47,34,35.46,19,35.45,32,35.44,46,35.43,36,35.42,21,35.41,16,35.4,19,35.5,27,35.51,43,35.52,5,35.53,22,35.54,28,35.66,7,,,,,,,,
2020-10-29 09:32:55,35.495,35.5,1,35.49,22,35.5,24,35.5,35.49,35.49,22,35.48,43,35.47,34,35.46,19,35.45,32,35.44,46,35.43,36,35.42,21,35.41,16,35.4,19,35.5,24,35.51,43,35.52,5,35.53,22,35.54,28,35.66,7,,,,,,,,
2020-10-29 09:32:57,35.505,35.5,1,35.5,24,35.51,31,35.51,35.5,35.5,24,35.49,32,35.48,43,35.47,34,35.46,19,35.45,32,35.44,46,35.43,36,35.42,21,35.41,16,35.51,31,35.52,5,35.53,22,35.54,28,35.66,7,,,,,,,,,,
2020-10-29 09:32:57,35.515,35.52,1,35.51,16,35.52,7,35.52,35.51,35.51,16,35.5,34,35.49,32,35.48,43,35.47,34,35.46,19,35.45,32,35.44,46,35.43,36,35.42,21,35.52,7,35.53,22,35.54,28,35.66,7,,,,,,,,,,,,
2020-10-29 09:32:59,35.505,35.51,1,35.5,27,35.51,25,35.51,35.5,35.5,27,35.49,32,35.48,43,35.47,34,35.46,19,35.45,32,35.44,46,35.43,36,35.42,21,35.41,16,35.51,25,35.52,22,35.53,22,35.54,28,35.66,7,,,,,,,,,,
2020-10-29 09:32:59,35.525,35.52,1,35.52,6,35.53,19,35.53,35.52,35.52,6,35.51,20,35.5,27,35.49,32,35.48,43,35.47,34,35.46,19,35.45,32,35.44,46,35.43,36,35.53,19,35.54,28,35.66,7,,,,,,,,,,,,,,
2020-10-29 09:33:01,35.525,35.53,1,35.52,11,35.53,32,35.53,35.52,35.52,11,35.51,20,35.5,27,35.49,32,35.48,43,35.47,34,35.46,19,35.45,32,35.44,46,35.43,36,35.53,32,35.54,26,35.66,7,,,,,,,,,,,,,,
2020-10-29 09:33:02,35.515,35.52,1,35.51,20,35.52,25,35.52,35.51,35.51,20,35.5,27,35.49,32,35.48,43,35.47,34,35.46,19,35.45,32,35.44,46,35.43,36,35.42,21,35.52,25,35.53,37,35.54,26,35.66,7,,,,,,,,,,,,
2020-10-29 09:33:03,35.515,35.52,1,35.51,26,35.52,20,35.52,35.51,35.51,26,35.5,27,35.49,32,35.48,43,35.47,34,35.46,19,35.45,32,35.44,46,35.43,36,35.42,21,35.52,20,35.53,37,35.54,26,35.66,7,,,,,,,,,,,,
2020-10-29 09:33:04,35.535,35.53,1,35.53,5,35.54,23,35.54,35.53,35.53,5,35.52,17,35.51,36,35.5,27,35.49,32,35.48,43,35.47,34,35.46,19,35.45,32,35.44,46,35.54,23,35.66,7,,,,,,,,,,,,,,,,
2020-10-29 09:33:05,35.535,35.53,1,35.53,7,35.54,25,35.54,35.53,35.53,7,35.52,17,35.51,36,35.5,27,35.49,32,35.48,43,35.47,34,35.46,19,35.45,32,35.44,46,35.54,25,35.66,7,,,,,,,,,,,,,,,,
2020-10-29 09:33:06,35.545,35.54,1,35.54,19,35.55,12,35.55,35.54,35.54,19,35.53,65,35.52,17,35.51,36,35.5,27,35.49,32,35.48,43,35.47,34,35.46,19,35.45,32,35.55,12,35.66,7,,,,,,,,,,,,,,,,
2020-10-29 09:33:07,35.545,35.54,1,35.54,22,35.55,22,35.55,35.54,35.54,22,35.53,65,35.52,17,35.51,36,35.5,27,35.49,32,35.48,43,35.47,34,35.46,19,35.45,32,35.55,22,35.66,7,,,,,,,,,,,,,,,,
2020-10-29 09:33:08,35.545,35.54,1,35.54,23,35.55,22,35.55,35.54,35.54,23,35.53,65,35.52,17,35.51,36,35.5,27,35.49,32,35.48,43,35.47,34,35.46,19,35.45,32,35.55,22,35.66,7,,,,,,,,,,,,,,,,
2020-10-29 09:33:09,35.545,35.54,1,35.54,11,35.55,38,35.55,35.54,35.54,11,35.53,65,35.52,17,35.51,36,35.5,27,35.49,32,35.48,43,35.47,34,35.46,19,35.45,32,35.55,38,35.66,7,,,,,,,,,,,,,,,,
2020-10-29 09:33:10,35.525,35.53,2,35.52,21,35.53,20,35.53,35.52,35.52,21,35.51,36,35.5,27,35.49,32,35.48,43,35.47,34,35.46,19,35.45,32,35.44,46,35.43,36,35.53,20,35.54,41,35.55,36,35.66,7,,,,,,,,,,,,
2020-10-29 09:33:11,35.545,35.54,1,35.54,27,35.55,25,35.55,35.54,35.54,27,35.53,70,35.52,33,35.51,36,35.5,27,35.49,32,35.48,43,35.47,34,35.46,19,35.45,32,35.55,25,35.66,7,,,,,,,,,,,,,,,,
2020-10-29 09:33:12,35.545,35.55,1,35.54,24,35.55,24,35.55,35.54,35.54,24,35.53,70,35.52,33,35.51,36,35.5,27,35.49,32,35.48,43,35.47,34,35.46,19,35.45,32,35.55,24,35.66,7,,,,,,,,,,,,,,,,
2020-10-29 09:33:13,35.545,35.55,1,35.54,25,35.55,25,35.55,35.54,35.54,25,35.53,70,35.52,33,35.51,36,35.5,27,35.49,32,35.48,43,35.47,34,35.46,19,35.45,32,35.55,25,35.66,7,,,,,,,,,,,,,,,,
2020-10-29 09:33:14,35.565,35.56,1,35.56,17,35.57,17,35.57,35.56,35.56,17,35.55,23,35.54,44,35.53,70,35.52,33,35.51,36,35.5,27,35.49,32,35.48,43,35.47,34,35.57,17,35.66,7,,,,,,,,,,,,,,,,
2020-10-29 09:33:15,35.535,35.55,1,35.53,27,35.54,11,35.54,35.53,35.53,27,35.52,33,35.51,36,35.5,27,35.49,32,35.48,43,35.47,34,35.46,19,35.45,32,35.44,46,35.54,11,35.55,39,35.56,21,35.57,16,35.66,7,,,,,,,,,,
2020-10-29 09:33:16,35.545,35.55,2,35.54,20,35.55,20,35.55,35.54,35.54,20,35.53,27,35.52,33,35.51,36,35.5,27,35.49,32,35.48,43,35.47,34,35.46,19,35.45,32,35.55,20,35.56,21,35.57,16,35.66,7,,,,,,,,,,,,
2020-10-29 09:33:17,35.545,35.54,1,35.54,17,35.55,10,35.55,35.54,35.54,17,35.53,27,35.52,33,35.51,36,35.5,27,35.49,32,35.48,43,35.47,34,35.46,19,35.45,32,35.55,10,35.56,21,35.57,16,35.66,7,,,,,,,,,,,,
2020-10-29 09:33:18,35.535,35.53,1,35.53,17,35.54,15,35.54,35.53,35.53,17,35.52,33,35.51,36,35.5,27,35.49,32,35.48,43,35.47,34,35.46,19,35.45,32,35.44,46,35.54,15,35.55,45,35.56,21,35.57,16,35.66,7,,,,,,,,,,
2020-10-29 09:33:18,35.525,35.53,1,35.52,21,35.53,15,35.53,35.52,35.52,21,35.51,36,35.5,27,35.49,32,35.48,43,35.47,34,35.46,19,35.45,32,35.44,46,35.43,36,35.53,15,35.54,35,35.55,45,35.56,21,35.57,16,35.66,7,,,,,,,,
2020-10-29 09:33:20,35.525,35.53,1,35.52,13,35.53,10,35.53,35.52,35.52,13,35.51,36,35.5,27,35.49,32,35.48,43,35.47,34,35.46,19,35.45,32,35.44,46,35.43,36,35.53,10,35.54,35,35.55,45,35.56,21,35.57,16,35.66,7,,,,,,,,
2020-10-29 09:33:21,35.525,35.53,1,35.52,24,35.53,12,35.53,35.52,35.52,24,35.51,36,35.5,27,35.49,32,35.48,43,35.47,34,35.46,19,35.45,32,35.44,46,35.43,36,35.53,12,35.54,35,35.55,45,35.56,21,35.57,16,35.66,7,,,,,,,,
2020-10-29 09:33:22,35.525,35.53,1,35.52,21,35.53,11,35.53,35.52,35.52,21,35.51,36,35.5,27,35.49,32,35.48,43,35.47,34,35.46,19,35.45,32,35.44,46,35.43,36,35.53,11,35.54,35,35.55,45,35.56,21,35.57,16,35.66,7,,,,,,,,
2020-10-29 09:33:23,35.535,35.53,2,35.53,20,35.54,34,35.54,35.53,35.53,20,35.52,32,35.51,36,35.5,27,35.49,32,35.48,43,35.47,34,35.46,19,35.45,32,35.44,46,35.54,34,35.55,45,35.56,21,35.57,16,35.66,7,,,,,,,,,,
2020-10-29 09:33:24,35.535,35.54,1,35.53,14,35.54,33,35.54,35.53,35.53,14,35.52,33,35.51,36,35.5,27,35.49,32,35.48,43,35.47,34,35.46,19,35.45,32,35.44,46,35.54,33,35.55,45,35.56,21,35.57,16,35.66,7,,,,,,,,,,
2020-10-29 09:33:25,35.535,35.53,1,35.53,15,35.54,31,35.54,35.53,35.53,15,35.52,33,35.51,36,35.5,27,35.49,32,35.48,43,35.47,34,35.46,19,35.45,32,35.44,46,35.54,31,35.55,45,35.56,21,35.57,16,35.66,7,,,,,,,,,,
2020-10-29 09:33:26,35.535,35.53,1,35.53,24,35.54,29,35.54,35.53,35.53,24,35.52,33,35.51,36,35.5,27,35.49,32,35.48,43,35.47,34,35.46,19,35.45,32,35.44,46,35.54,29,35.55,45,35.56,21,35.57,16,35.66,7,,,,,,,,,,
2020-10-29 09:33:27,35.535,35.53,1,35.53,19,35.54,29,35.54,35.53,35.53,19,35.52,33,35.51,36,35.5,27,35.49,32,35.48,43,35.47,34,35.46,19,35.45,32,35.44,46,35.54,29,35.55,45,35.56,21,35.57,16,35.66,7,,,,,,,,,,
2020-10-29 09:33:28,35.535,35.54,7,35.53,25,35.54,28,35.54,35.53,35.53,25,35.52,33,35.51,36,35.5,27,35.49,32,35.48,43,35.47,34,35.46,19,35.45,32,35.44,46,35.54,28,35.55,45,35.56,21,35.57,16,35.66,7,,,,,,,,,,
2020-10-29 09:33:29,35.545,35.55,1,35.54,21,35.55,14,35.56,35.55,35.54,21,35.53,31,35.52,33,35.51,36,35.5,27,35.49,32,35.48,43,35.47,34,35.46,19,35.45,32,35.55,14,35.56,21,35.57,16,35.66,7,,,,,,,,,,,,
2020-10-29 09:33:30,35.545,35.55,1,35.54,16,35.55,10,35.55,35.54,35.54,16,35.53,31,35.52,33,35.51,36,35.5,27,35.49,32,35.48,43,35.47,34,35.46,19,35.45,32,35.55,10,35.56,26,35.57,16,35.66,7,,,,,,,,,,,,
2020-10-29 09:33:31,35.555,35.55,1,35.55,3,35.56,24,35.56,35.55,35.55,3,35.54,16,35.53,31,35.52,33,35.51,36,35.5,27,35.49,32,35.48,43,35.47,34,35.46,19,35.56,24,35.57,16,35.66,7,,,,,,,,,,,,,,
2020-10-29 09:33:32,35.55,35.55,1,35.54,23,35.56,23,35.56,35.54,35.54,23,35.53,31,35.52,33,35.51,36,35.5,27,35.49,32,35.48,43,35.47,34,35.46,19,35.45,32,35.56,23,35.57,16,35.66,7,,,,,,,,,,,,,,
2020-10-29 09:33:33,35.545,35.55,2,35.54,19,35.55,9,35.55,35.54,35.54,19,35.53,31,35.52,33,35.51,36,35.5,27,35.49,32,35.48,43,35.47,34,35.46,19,35.45,32,35.55,9,35.56,26,35.57,16,35.66,7,,,,,,,,,,,,
2020-10-29 09:33:34,35.515,35.52,1,35.51,34,35.52,4,35.52,35.51,35.51,34,35.5,27,35.49,32,35.48,43,35.47,34,35.46,19,35.45,32,35.44,46,35.43,36,35.42,21,35.52,4,35.53,25,35.54,46,35.55,19,35.56,26,35.57,16,35.66,7,,,,,,
2020-10-29 09:33:35,35.515,35.52,1,35.51,22,35.52,15,35.52,35.51,35.51,22,35.5,27,35.49,32,35.48,43,35.47,34,35.46,19,35.45,32,35.44,46,35.43,36,35.42,21,35.52,15,35.53,25,35.54,46,35.55,19,35.56,26,35.57,16,35.66,7,,,,,,
2020-10-29 09:33:36,35.505,35.51,1,35.5,41,35.51,14,35.51,35.5,35.5,41,35.49,32,35.48,43,35.47,34,35.46,19,35.45,32,35.44,46,35.43,36,35.42,21,35.41,16,35.51,14,35.52,136,35.53,25,35.54,46,35.55,19,35.56,26,35.57,16,35.66,7,,,,
2020-10-29 09:33:37,35.505,35.51,1,35.5,41,35.51,16,35.51,35.5,35.5,41,35.49,32,35.48,43,35.47,34,35.46,19,35.45,32,35.44,46,35.43,36,35.42,21,35.41,16,35.51,16,35.52,136,35.53,25,35.54,46,35.55,19,35.56,26,35.57,16,35.66,7,,,,
2020-10-29 09:33:38,35.505,35.51,1,35.5,41,35.51,24,35.51,35.5,35.5,41,35.49,32,35.48,43,35.47,34,35.46,19,35.45,32,35.44,46,35.43,36,35.42,21,35.41,16,35.51,24,35.52,136,35.53,25,35.54,46,35.55,19,35.56,26,35.57,16,35.66,7,,,,
2020-10-29 09:33:39,35.505,35.5,1,35.5,17,35.51,24,35.51,35.5,35.5,17,35.49,38,35.48,43,35.47,34,35.46,19,35.45,32,35.44,46,35.43,36,35.42,21,35.41,16,35.51,24,35.52,136,35.53,25,35.54,46,35.55,19,35.56,26,35.57,16,35.66,7,,,,
2020-10-29 09:33:40,35.505,35.51,1,35.5,16,35.51,29,35.51,35.5,35.5,16,35.49,38,35.48,43,35.47,34,35.46,19,35.45,32,35.44,46,35.43,36,35.42,21,35.41,16,35.51,29,35.52,136,35.53,25,35.54,46,35.55,19,35.56,26,35.57,16,35.66,7,,,,
2020-10-29 09:33:41,35.505,35.51,1,35.5,20,35.51,19,35.51,35.5,35.5,20,35.49,38,35.48,43,35.47,34,35.46,19,35.45,32,35.44,46,35.43,36,35.42,21,35.41,16,35.51,19,35.52,136,35.53,25,35.54,46,35.55,19,35.56,26,35.57,16,35.66,7,,,,
2020-10-29 09:33:42,35.505,35.5,1,35.5,20,35.51,21,35.51,35.5,35.5,20,35.49,38,35.48,43,35.47,34,35.46,19,35.45,32,35.44,46,35.43,36,35.42,21,35.41,16,35.51,21,35.52,136,35.53,25,35.54,46,35.55,19,35.56,26,35.57,16,35.66,7,,,,
2020-10-29 09:33:43,35.495,35.5,1,35.49,35,35.5,10,35.5,35.49,35.49,35,35.48,43,35.47,34,35.46,19,35.45,32,35.44,46,35.43,36,35.42,21,35.41,16,35.4,19,35.5,10,35.51,27,35.52,136,35.53,25,35.54,46,35.55,19,35.56,26,35.57,16,35.66,7,,
2020-10-29 09:33:44,35.495,35.5,1,35.49,39,35.5,2,35.5,35.49,35.49,39,35.48,43,35.47,34,35.46,19,35.45,32,35.44,46,35.43,36,35.42,21,35.41,16,35.4,19,35.5,2,35.51,25,35.52,136,35.53,25,35.54,46,35.55,19,35.56,26,35.57,16,35.66,7,,
2020-10-29 09:33:45,35.505,35.5,1,35.5,17,35.51,22,35.51,35.5,35.5,17,35.49,43,35.48,43,35.47,34,35.46,19,35.45,32,35.44,46,35.43,36,35.42,21,35.41,16,35.51,22,35.52,136,35.53,25,35.54,46,35.55,19,35.56,26,35.57,16,35.66,7,,,,
2020-10-29 09:33:46,35.515,35.52,1,35.51,30,35.52,120,35.52,35.51,35.51,30,35.5,23,35.49,43,35.48,43,35.47,34,35.46,19,35.45,32,35.44,46,35.43,36,35.42,21,35.52,120,35.53,25,35.54,46,35.55,19,35.56,26,35.57,16,35.66,7,,,,,,
2020-10-29 09:33:48,35.515,35.51,1,35.51,22,35.52,120,35.52,35.51,35.51,22,35.5,55,35.49,43,35.48,43,35.47,34,35.46,19,35.45,32,35.44,46,35.43,36,35.42,21,35.52,120,35.53,25,35.54,46,35.55,19,35.56,26,35.57,16,35.66,7,,,,,,
2020-10-29 09:33:48,35.515,35.51,4,35.51,27,35.52,115,35.52,35.51,35.51,27,35.5,55,35.49,43,35.48,43,35.47,34,35.46,19,35.45,32,35.44,46,35.43,36,35.42,21,35.52,115,35.53,25,35.54,46,35.55,19,35.56,26,35.57,16,35.66,7,,,,,,
2020-10-29 09:33:49,35.515,35.51,1,35.51,19,35.52,115,35.52,35.51,35.51,19,35.5,36,35.49,43,35.48,43,35.47,34,35.46,19,35.45,32,35.44,46,35.43,36,35.42,21,35.52,115,35.53,25,35.54,46,35.55,19,35.56,26,35.57,16,35.66,7,,,,,,
2020-10-29 09:33:50,35.515,35.51,1,35.51,15,35.52,121,35.52,35.51,35.51,15,35.5,36,35.49,43,35.48,43,35.47,34,35.46,19,35.45,32,35.44,46,35.43,36,35.42,21,35.52,121,35.53,25,35.54,46,35.55,19,35.56,26,35.57,16,35.66,7,,,,,,
2020-10-29 09:33:51,35.505,35.51,1,35.5,31,35.51,7,35.51,35.5,35.5,31,35.49,43,35.48,43,35.47,34,35.46,19,35.45,32,35.44,46,35.43,36,35.42,21,35.41,16,35.51,7,35.52,165,35.53,25,35.54,46,35.55,19,35.56,26,35.57,16,35.66,7,,,,
2020-10-29 09:33:52,35.505,35.51,1,35.5,24,35.51,8,35.51,35.5,35.5,24,35.49,43,35.48,43,35.47,34,35.46,19,35.45,32,35.44,46,35.43,36,35.42,21,35.41,16,35.51,8,35.52,165,35.53,25,35.54,46,35.55,19,35.56,26,35.57,16,35.66,7,,,,
2020-10-29 09:33:53,35.515,35.51,1,35.51,28,35.52,121,35.52,35.51,35.51,28,35.5,40,35.49,43,35.48,43,35.47,34,35.46,19,35.45,32,35.44,46,35.43,36,35.42,21,35.52,121,35.53,25,35.54,46,35.55,19,35.56,26,35.57,16,35.66,7,,,,,,
2020-10-29 09:33:54,35.515,35.52,1,35.51,26,35.52,121,35.52,35.51,35.51,26,35.5,40,35.49,43,35.48,43,35.47,34,35.46,19,35.45,32,35.44,46,35.43,36,35.42,21,35.52,121,35.53,25,35.54,46,35.55,19,35.56,26,35.57,16,35.66,7,,,,,,
2020-10-29 09:33:55,35.535,35.53,1,35.53,3,35.54,33,35.54,35.53,35.53,3,35.52,35,35.51,86,35.5,40,35.49,43,35.48,43,35.47,34,35.46,19,35.45,32,35.44,46,35.54,33,35.55,19,35.56,26,35.57,16,35.66,7,,,,,,,,,,
2020-10-29 09:33:56,35.525,35.53,1,35.52,14,35.53,17,35.53,35.52,35.52,14,35.51,86,35.5,40,35.49,43,35.48,43,35.47,34,35.46,19,35.45,32,35.44,46,35.43,36,35.53,17,35.54,42,35.55,19,35.56,26,35.57,16,35.66,7,,,,,,,,
2020-10-29 09:33:57,35.505,35.51,1,35.5,55,35.51,8,35.51,35.5,35.5,55,35.49,43,35.48,43,35.47,34,35.46,19,35.45,32,35.44,46,35.43,36,35.42,21,35.41,16,35.51,8,35.52,60,35.53,48,35.54,42,35.55,19,35.56,26,35.57,16,35.66,7,,,,
2020-10-29 09:33:58,35.505,35.5,1,35.5,51,35.51,11,35.51,35.5,35.5,51,35.49,43,35.48,43,35.47,34,35.46,19,35.45,32,35.44,46,35.43,36,35.42,21,35.41,16,35.51,11,35.52,60,35.53,48,35.54,42,35.55,19,35.56,26,35.57,16,35.66,7,,,,
2020-10-29 09:33:59,35.505,35.5,1,35.5,51,35.51,13,35.51,35.5,35.5,51,35.49,43,35.48,43,35.47,34,35.46,19,35.45,32,35.44,46,35.43,36,35.42,21,35.41,16,35.51,13,35.52,60,35.53,48,35.54,42,35.55,19,35.56,26,35.57,16,35.66,7,,,,
2020-10-29 09:34:00,35.495,35.5,1,35.49,40,35.5,32,35.5,35.49,35.49,40,35.48,43,35.47,34,35.46,19,35.45,32,35.44,46,35.43,36,35.42,21,35.41,16,35.4,19,35.5,32,35.51,38,35.52,60,35.53,48,35.54,42,35.55,19,35.56,26,35.57,16,35.66,7,,
2020-10-29 09:34:01,35.495,35.49,1,35.49,30,35.5,28,35.5,35.49,35.49,30,35.48,43,35.47,34,35.46,19,35.45,32,35.44,46,35.43,36,35.42,21,35.41,16,35.4,19,35.5,28,35.51,32,35.52,60,35.53,48,35.54,42,35.55,19,35.56,26,35.57,16,35.66,7,,
2020-10-29 09:34:02,35.495,35.5,4,35.49,29,35.5,15,35.5,35.49,35.49,29,35.48,43,35.47,34,35.46,19,35.45,32,35.44,46,35.43,36,35.42,21,35.41,16,35.4,19,35.5,15,35.51,32,35.52,60,35.53,48,35.54,42,35.55,19,35.56,26,35.57,16,35.66,7,,
2020-10-29 09:34:03,35.495,35.5,4,35.49,30,35.5,6,35.5,35.49,35.49,30,35.48,43,35.47,34,35.46,19,35.45,32,35.44,46,35.43,36,35.42,21,35.41,16,35.4,19,35.5,6,35.51,37,35.52,60,35.53,48,35.54,42,35.55,19,35.56,26,35.57,16,35.66,7,,
2020-10-29 09:34:04,35.505,35.5,2,35.5,12,35.51,20,35.51,35.5,35.5,12,35.49,37,35.48,43,35.47,34,35.46,19,35.45,32,35.44,46,35.43,36,35.42,21,35.41,16,35.51,20,35.52,60,35.53,48,35.54,42,35.55,19,35.56,26,35.57,16,35.66,7,,,,
2020-10-29 09:34:05,35.495,35.5,1,35.49,32,35.5,7,35.5,35.49,35.49,32,35.48,43,35.47,34,35.46,19,35.45,32,35.44,46,35.43,36,35.42,21,35.41,16,35.4,19,35.5,7,35.51,27,35.52,60,35.53,48,35.54,42,35.55,19,35.56,26,35.57,16,35.66,7,,
2020-10-29 09:34:06,35.505,35.51,1,35.5,17,35.51,21,35.51,35.5,35.5,17,35.49,45,35.48,43,35.47,34,35.46,19,35.45,32,35.44,46,35.43,36,35.42,21,35.41,16,35.51,21,35.52,60,35.53,48,35.54,42,35.55,19,35.56,26,35.57,16,35.66,7,,,,
2020-10-29 09:34:07,35.505,35.51,1,35.5,23,35.51,22,35.51,35.5,35.5,23,35.49,45,35.48,43,35.47,34,35.46,19,35.45,32,35.44,46,35.43,36,35.42,21,35.41,16,35.51,22,35.52,60,35.53,48,35.54,42,35.55,19,35.56,26,35.57,16,35.66,7,,,,
2020-10-29 09:34:08,35.505,35.51,5,35.5,22,35.51,24,35.51,35.5,35.5,22,35.49,45,35.48,43,35.47,34,35.46,19,35.45,32,35.44,46,35.43,36,35.42,21,35.41,16,35.51,24,35.52,60,35.53,48,35.54,42,35.55,19,35.56,26,35.57,16,35.66,7,,,,
2020-10-29 09:34:09,35.505,35.51,5,35.5,22,35.51,26,35.51,35.5,35.5,22,35.49,45,35.48,43,35.47,34,35.46,19,35.45,32,35.44,46,35.43,36,35.42,21,35.41,16,35.51,26,35.52,60,35.53,48,35.54,42,35.55,19,35.56,26,35.57,16,35.66,7,,,,
2020-10-29 09:34:10,35.505,35.51,1,35.5,24,35.51,27,35.51,35.5,35.5,24,35.49,45,35.48,43,35.47,34,35.46,19,35.45,32,35.44,46,35.43,36,35.42,21,35.41,16,35.51,27,35.52,54,35.53,48,35.54,42,35.55,19,35.56,26,35.57,16,35.66,7,,,,
2020-10-29 09:34:11,35.505,35.51,1,35.5,25,35.51,27,35.51,35.5,35.5,25,35.49,45,35.48,43,35.47,34,35.46,19,35.45,32,35.44,46,35.43,36,35.42,21,35.41,16,35.51,27,35.52,54,35.53,48,35.54,42,35.55,19,35.56,26,35.57,16,35.66,7,,,,
2020-10-29 09:34:12,35.505,35.51,1,35.5,24,35.51,30,35.51,35.5,35.5,24,35.49,45,35.48,43,35.47,34,35.46,19,35.45,32,35.44,46,35.43,36,35.42,21,35.41,16,35.51,30,35.52,54,35.53,48,35.54,42,35.55,19,35.56,26,35.57,16,35.66,7,,,,
2020-10-29 09:34:13,35.505,35.51,1,35.5,24,35.51,31,35.51,35.5,35.5,24,35.49,45,35.48,43,35.47,34,35.46,19,35.45,32,35.44,46,35.43,36,35.42,21,35.41,16,35.51,31,35.52,54,35.53,48,35.54,42,35.55,19,35.56,26,35.57,16,35.66,7,,,,
2020-10-29 09:34:14,35.505,35.51,1,35.5,24,35.51,33,35.51,35.5,35.5,24,35.49,45,35.48,43,35.47,34,35.46,19,35.45,32,35.44,46,35.43,36,35.42,21,35.41,16,35.51,33,35.52,54,35.53,48,35.54,42,35.55,19,35.56,26,35.57,16,35.66,7,,,,
2020-10-29 09:34:15,35.505,35.51,2,35.5,24,35.51,34,35.51,35.5,35.5,24,35.49,45,35.48,43,35.47,34,35.46,19,35.45,32,35.44,46,35.43,36,35.42,21,35.41,16,35.51,34,35.52,54,35.53,48,35.54,42,35.55,19,35.56,26,35.57,16,35.66,7,,,,
2020-10-29 09:34:16,35.495,35.5,1,35.49,44,35.5,33,35.5,35.49,35.49,44,35.48,43,35.47,34,35.46,19,35.45,32,35.44,46,35.43,36,35.42,21,35.41,16,35.4,19,35.5,33,35.51,56,35.52,54,35.53,48,35.54,42,35.55,19,35.56,26,35.57,16,35.66,7,,
2020-10-29 09:34:17,35.495,35.49,1,35.49,33,35.5,39,35.5,35.49,35.49,33,35.48,43,35.47,34,35.46,19,35.45,32,35.44,46,35.43,36,35.42,21,35.41,16,35.4,19,35.5,39,35.51,56,35.52,54,35.53,48,35.54,42,35.55,19,35.56,26,35.57,16,35.66,7,,
2020-10-29 09:34:18,35.495,35.49,1,35.49,33,35.5,21,35.5,35.49,35.49,33,35.48,43,35.47,34,35.46,19,35.45,32,35.44,46,35.43,36,35.42,21,35.41,16,35.4,19,35.5,21,35.51,56,35.52,54,35.53,48,35.54,42,35.55,19,35.56,26,35.57,16,35.66,7,,
2020-10-29 09:34:19,35.495,35.5,1,35.49,39,35.5,22,35.5,35.49,35.49,39,35.48,43,35.47,34,35.46,19,35.45,32,35.44,46,35.43,36,35.42,21,35.41,16,35.4,19,35.5,22,35.51,56,35.52,54,35.53,48,35.54,42,35.55,19,35.56,26,35.57,16,35.66,7,,
2020-10-29 09:34:20,35.495,35.5,4,35.49,37,35.5,25,35.5,35.49,35.49,37,35.48,43,35.47,34,35.46,19,35.45,32,35.44,46,35.43,36,35.42,21,35.41,16,35.4,19,35.5,25,35.51,56,35.52,54,35.53,48,35.54,42,35.55,19,35.56,26,35.57,16,35.66,7,,
2020-10-29 09:34:21,35.505,35.51,1,35.5,38,35.51,35,35.51,35.5,35.5,38,35.49,55,35.48,43,35.47,34,35.46,19,35.45,32,35.44,46,35.43,36,35.42,21,35.41,16,35.51,35,35.52,54,35.53,48,35.54,42,35.55,19,35.56,26,35.57,16,35.66,7,,,,
2020-10-29 09:34:22,35.505,35.51,1,35.5,37,35.51,29,35.51,35.5,35.5,37,35.49,55,35.48,43,35.47,34,35.46,19,35.45,32,35.44,46,35.43,36,35.42,21,35.41,16,35.51,29,35.52,54,35.53,48,35.54,42,35.55,19,35.56,26,35.57,16,35.66,7,,,,
2020-10-29 09:34:23,35.505,35.51,10,35.5,29,35.51,26,35.51,35.5,35.5,29,35.49,55,35.48,43,35.47,34,35.46,19,35.45,32,35.44,46,35.43,36,35.42,21,35.41,16,35.51,26,35.52,54,35.53,48,35.54,42,35.55,19,35.56,26,35.57,16,35.66,7,,,,
2020-10-29 09:34:24,35.505,35.5,1,35.5,33,35.51,27,35.51,35.5,35.5,33,35.49,55,35.48,43,35.47,34,35.46,19,35.45,32,35.44,46,35.43,36,35.42,21,35.41,16,35.51,27,35.52,54,35.53,48,35.54,42,35.55,19,35.56,26,35.57,16,35.66,7,,,,
2020-10-29 09:34:25,35.505,35.5,4,35.5,31,35.51,31,35.51,35.5,35.5,31,35.49,55,35.48,43,35.47,34,35.46,19,35.45,32,35.44,46,35.43,36,35.42,21,35.41,16,35.51,31,35.52,54,35.53,48,35.54,42,35.55,19,35.56,26,35.57,16,35.66,7,,,,
2020-10-29 09:34:26,35.51,35.51,1,35.51,12,35.51,26,35.51,35.51,35.51,12,35.5,49,35.49,55,35.48,43,35.47,34,35.46,19,35.45,32,35.44,46,35.43,36,35.42,21,35.51,26,35.52,54,35.53,48,35.54,42,35.55,19,35.56,26,35.57,16,35.66,7,,,,
2020-10-29 09:34:27,35.495,35.51,1,35.49,45,35.5,8,35.5,35.49,35.49,45,35.48,43,35.47,34,35.46,19,35.45,32,35.44,46,35.43,36,35.42,21,35.41,16,35.4,19,35.5,8,35.51,52,35.52,54,35.53,48,35.54,42,35.55,19,35.56,26,35.57,16,35.66,7,,
2020-10-29 09:34:28,35.495,35.5,20,35.49,36,35.5,7,35.5,35.49,35.49,36,35.48,43,35.47,34,35.46,19,35.45,32,35.44,46,35.43,36,35.42,21,35.41,16,35.4,19,35.5,7,35.51,52,35.52,54,35.53,48,35.54,42,35.55,19,35.56,26,35.57,16,35.66,7,,
2020-10-29 09:34:29,35.495,35.49,1,35.49,45,35.5,7,35.5,35.49,35.49,45,35.48,43,35.47,34,35.46,19,35.45,32,35.44,46,35.43,36,35.42,21,35.41,16,35.4,19,35.5,7,35.51,52,35.52,54,35.53,48,35.54,42,35.55,19,35.56,26,35.57,16,35.66,7,,
2020-10-29 09:34:30,35.495,35.5,1,35.49,47,35.5,14,35.5,35.49,35.49,47,35.48,43,35.47,34,35.46,19,35.45,32,35.44,46,35.43,36,35.42,21,35.41,16,35.4,19,35.5,14,35.51,52,35.52,54,35.53,48,35.54,42,35.55,19,35.56,26,35.57,16,35.66,7,,
2020-10-29 09:34:31,35.505,35.51,4,35.5,21,35.51,49,35.51,35.5,35.5,21,35.49,49,35.48,43,35.47,34,35.46,19,35.45,32,35.44,46,35.43,36,35.42,21,35.41,16,35.51,49,35.52,54,35.53,48,35.54,42,35.55,19,35.56,26,35.57,16,35.66,7,,,,
2020-10-29 09:34:32,35.505,35.51,11,35.5,16,35.51,36,35.51,35.5,35.5,16,35.49,49,35.48,43,35.47,34,35.46,19,35.45,32,35.44,46,35.43,36,35.42,21,35.41,16,35.51,36,35.52,54,35.53,48,35.54,42,35.55,19,35.56,26,35.57,16,35.66,7,,,,
2020-10-29 09:34:33,35.495,35.5,1,35.49,44,35.5,38,35.5,35.49,35.49,44,35.48,43,35.47,34,35.46,19,35.45,32,35.44,46,35.43,36,35.42,21,35.41,16,35.4,19,35.5,38,35.51,51,35.52,54,35.53,48,35.54,42,35.55,19,35.56,26,35.57,16,35.66,7,,
2020-10-29 09:34:34,35.495,35.49,1,35.49,45,35.5,27,35.5,35.49,35.49,45,35.48,43,35.47,34,35.46,19,35.45,32,35.44,46,35.43,36,35.42,21,35.41,16,35.4,19,35.5,27,35.51,51,35.52,54,35.53,48,35.54,42,35.55,19,35.56,26,35.57,16,35.66,7,,
2020-10-29 09:34:35,35.495,35.49,1,35.49,31,35.5,22,35.5,35.49,35.49,31,35.48,43,35.47,34,35.46,19,35.45,32,35.44,46,35.43,36,35.42,21,35.41,16,35.4,19,35.5,22,35.51,51,35.52,54,35.53,48,35.54,42,35.55,19,35.56,26,35.57,16,35.66,7,,
2020-10-29 09:34:36,35.495,35.49,1,35.49,29,35.5,33,35.5,35.49,35.49,29,35.48,43,35.47,34,35.46,19,35.45,32,35.44,46,35.43,36,35.42,21,35.41,16,35.4,19,35.5,33,35.51,51,35.52,54,35.53,48,35.54,42,35.55,19,35.56,26,35.57,16,35.66,7,,
2020-10-29 09:34:37,35.485,35.49,1,35.48,34,35.49,31,35.49,35.48,35.48,34,35.47,34,35.46,19,35.45,32,35.44,46,35.43,36,35.42,21,35.41,16,35.4,19,,,35.49,31,35.5,49,35.51,51,35.52,54,35.53,48,35.54,42,35.55,19,35.56,26,35.57,16,35.66,7
2020-10-29 09:34:38,35.475,35.48,2,35.47,42,35.48,4,35.48,35.47,35.47,42,35.46,19,35.45,32,35.44,46,35.43,36,35.42,21,35.41,16,35.4,19,,,,,35.48,4,35.49,35,35.5,49,35.51,51,35.52,54,35.53,48,35.54,42,35.55,19,35.56,26,35.57,16
2020-10-29 09:34:39,35.475,35.48,1,35.47,34,35.48,9,35.48,35.47,35.47,34,35.46,19,35.45,32,35.44,46,35.43,36,35.42,21,35.41,16,35.4,19,,,,,35.48,9,35.49,35,35.5,49,35.51,51,35.52,54,35.53,48,35.54,42,35.55,19,35.56,26,35.57,16
2020-10-29 09:34:40,35.455,35.45,1,35.45,67,35.46,35,35.46,35.45,35.45,67,35.44,46,35.43,36,35.42,21,35.41,16,35.4,19,,,,,,,,,35.46,35,35.47,35,35.48,31,35.49,35,35.5,49,35.51,51,35.52,54,35.53,48,35.54,42,35.55,19
2020-10-29 09:34:41,35.465,35.46,1,35.46,7,35.47,24,35.47,35.46,35.46,7,35.45,49,35.44,46,35.43,36,35.42,21,35.41,16,35.4,19,,,,,,,35.47,24,35.48,31,35.49,35,35.5,49,35.51,51,35.52,54,35.53,48,35.54,42,35.55,19,35.56,26
2020-10-29 09:34:42,35.475,35.47,1,35.47,9,35.48,22,35.48,35.47,35.47,9,35.46,25,35.45,49,35.44,46,35.43,36,35.42,21,35.41,16,35.4,19,,,,,35.48,22,35.49,35,35.5,49,35.51,51,35.52,54,35.53,48,35.54,42,35.55,19,35.56,26,35.57,16
2020-10-29 09:34:43,35.475,35.48,1,35.47,15,35.48,17,35.48,35.47,35.47,15,35.46,25,35.45,49,35.44,46,35.43,36,35.42,21,35.41,16,35.4,19,,,,,35.48,17,35.49,35,35.5,49,35.51,51,35.52,54,35.53,48,35.54,42,35.55,19,35.56,26,35.57,16
2020-10-29 09:34:44,35.475,35.48,1,35.47,10,35.48,24,35.48,35.47,35.47,10,35.46,25,35.45,49,35.44,46,35.43,36,35.42,21,35.41,16,35.4,19,,,,,35.48,24,35.49,35,35.5,49,35.51,51,35.52,54,35.53,48,35.54,42,35.55,19,35.56,26,35.57,16
2020-10-29 09:34:45,35.475,35.48,1,35.47,13,35.48,23,35.48,35.47,35.47,13,35.46,25,35.45,49,35.44,46,35.43,36,35.42,21,35.41,16,35.4,19,,,,,35.48,23,35.49,35,35.5,49,35.51,51,35.52,54,35.53,48,35.54,42,35.55,19,35.56,26,35.57,16
2020-10-29 09:34:46,35.475,35.48,1,35.47,10,35.48,29,35.48,35.47,35.47,10,35.46,25,35.45,49,35.44,46,35.43,36,35.42,21,35.41,16,35.4,19,,,,,35.48,29,35.49,35,35.5,49,35.51,51,35.52,54,35.53,48,35.54,42,35.55,19,35.56,26,35.57,16
2020-10-29 09:34:47,35.475,35.48,1,35.47,13,35.48,29,35.48,35.47,35.47,13,35.46,25,35.45,49,35.44,46,35.43,36,35.42,21,35.41,16,35.4,19,,,,,35.48,29,35.49,35,35.5,49,35.51,51,35.52,54,35.53,48,35.54,42,35.55,19,35.56,26,35.57,16
2020-10-29 09:34:48,35.475,35.48,5,35.47,16,35.48,29,35.48,35.47,35.47,16,35.46,25,35.45,49,35.44,46,35.43,36,35.42,21,35.41,16,35.4,19,,,,,35.48,29,35.49,35,35.5,49,35.51,51,35.52,54,35.53,48,35.54,42,35.55,19,35.56,26,35.57,16
2020-10-29 09:34:49,35.465,35.47,1,35.46,23,35.47,34,35.47,35.46,35.46,23,35.45,49,35.44,46,35.43,36,35.42,21,35.41,16,35.4,19,,,,,,,35.47,34,35.48,71,35.49,35,35.5,49,35.51,51,35.52,54,35.53,48,35.54,42,35.55,19,35.56,26
2020-10-29 09:34:51,35.465,35.47,7,35.46,23,35.47,28,35.47,35.46,35.46,23,35.45,49,35.44,46,35.43,36,35.42,21,35.41,16,35.4,19,,,,,,,35.47,28,35.48,71,35.49,35,35.5,49,35.51,51,35.52,54,35.53,48,35.54,42,35.55,19,35.56,26
2020-10-29 09:34:52,35.465,35.47,1,35.46,23,35.47,27,35.47,35.46,35.46,23,35.45,49,35.44,46,35.43,36,35.42,21,35.41,16,35.4,19,,,,,,,35.47,27,35.48,71,35.49,35,35.5,49,35.51,51,35.52,54,35.53,48,35.54,42,35.55,19,35.56,26
2020-10-29 09:34:53,35.465,35.47,4,35.46,25,35.47,26,35.47,35.46,35.46,25,35.45,49,35.44,46,35.43,36,35.42,21,35.41,16,35.4,19,,,,,,,35.47,26,35.48,71,35.49,35,35.5,49,35.51,51,35.52,54,35.53,48,35.54,42,35.55,19,35.56,26
2020-10-29 09:34:54,35.465,35.47,4,35.46,26,35.47,23,35.47,35.46,35.46,26,35.45,49,35.44,46,35.43,36,35.42,21,35.41,16,35.4,19,,,,,,,35.47,23,35.48,71,35.49,35,35.5,49,35.51,51,35.52,54,35.53,48,35.54,42,35.55,19,35.56,26
2020-10-29 09:34:55,35.465,35.47,1,35.46,26,35.47,25,35.47,35.46,35.46,26,35.45,49,35.44,46,35.43,36,35.42,21,35.41,16,35.4,19,,,,,,,35.47,25,35.48,71,35.49,35,35.5,49,35.51,51,35.52,54,35.53,48,35.54,42,35.55,19,35.56,26
2020-10-29 09:34:55,35.465,35.47,1,35.46,26,35.47,24,35.47,35.46,35.46,26,35.45,49,35.44,46,35.43,36,35.42,21,35.41,16,35.4,19,,,,,,,35.47,24,35.48,71,35.49,35,35.5,49,35.51,51,35.52,54,35.53,48,35.54,42,35.55,19,35.56,26
2020-10-29 09:34:57,35.465,35.47,1,35.46,27,35.47,29,35.47,35.46,35.46,27,35.45,49,35.44,46,35.43,36,35.42,21,35.41,16,35.4,19,,,,,,,35.47,29,35.48,71,35.49,35,35.5,49,35.51,51,35.52,54,35.53,48,35.54,42,35.55,19,35.56,26
2020-10-29 09:34:57,35.465,35.47,1,35.46,25,35.47,27,35.47,35.46,35.46,25,35.45,49,35.44,46,35.43,36,35.42,21,35.41,16,35.4,19,,,,,,,35.47,27,35.48,71,35.49,35,35.5,49,35.51,51,35.52,54,35.53,48,35.54,42,35.55,19,35.56,26
2020-10-29 09:34:59,35.465,35.46,3,35.46,9,35.47,33,35.47,35.46,35.46,9,35.45,58,35.44,46,35.43,36,35.42,21,35.41,16,35.4,19,,,,,,,35.47,33,35.48,71,35.49,35,35.5,49,35.51,51,35.52,54,35.53,48,35.54,42,35.55,19,35.56,26
2020-10-29 09:35:00,35.46,35.46,1,35.45,53,35.47,52,35.47,35.45,35.45,53,35.44,46,35.43,36,35.42,21,35.41,16,35.4,19,,,,,,,,,35.47,52,35.48,71,35.49,35,35.5,49,35.51,51,35.52,54,35.53,48,35.54,42,35.55,19,35.56,26
2020-10-29 09:35:01,35.465,35.47,1,35.46,22,35.47,50,35.47,35.46,35.46,22,35.45,13,35.44,42,35.43,36,35.42,21,35.41,16,35.4,19,,,,,,,35.47,50,35.48,71,35.49,35,35.5,49,35.51,51,35.52,54,35.53,48,35.54,42,35.55,19,35.56,26
2020-10-29 09:35:02,35.455,35.46,1,35.45,40,35.46,26,35.46,35.45,35.45,40,35.44,42,35.43,36,35.42,21,35.41,16,35.4,19,,,,,,,,,35.46,26,35.47,51,35.48,71,35.49,35,35.5,49,35.51,51,35.52,54,35.53,48,35.54,42,35.55,19
2020-10-29 09:35:03,35.455,35.46,1,35.45,41,35.46,16,35.46,35.45,35.45,41,35.44,42,35.43,36,35.42,21,35.41,16,35.4,19,,,,,,,,,35.46,16,35.47,51,35.48,71,35.49,35,35.5,49,35.51,51,35.52,54,35.53,48,35.54,42,35.55,19
2020-10-29 09:35:04,35.465,35.47,1,35.46,42,35.47,20,35.47,35.46,35.46,42,35.45,93,35.44,42,35.43,36,35.42,21,35.41,16,35.4,19,,,,,,,35.47,20,35.48,71,35.49,35,35.5,49,35.51,51,35.52,54,35.53,48,35.54,42,35.55,19,35.56,26
2020-10-29 09:35:05,35.505,35.5,1,35.5,18,35.51,48,35.51,35.5,35.5,18,35.49,61,35.48,40,35.47,33,35.46,80,35.45,93,35.44,42,35.43,36,35.42,21,35.41,16,35.51,48,35.52,54,35.53,48,35.54,42,35.55,19,35.56,26,35.57,16,35.66,7,,,,
2020-10-29 09:35:06,35.475,35.47,1,35.47,30,35.48,35,35.48,35.47,35.47,30,35.46,80,35.45,93,35.44,42,35.43,36,35.42,21,35.41,16,35.4,19,,,,,35.48,35,35.49,44,35.5,55,35.51,66,35.52,54,35.53,48,35.54,42,35.55,19,35.56,26,35.57,16
2020-10-29 09:35:07,35.485,35.48,1,35.48,53,35.49,19,35.49,35.48,35.48,53,35.47,63,35.46,80,35.45,93,35.44,42,35.43,36,35.42,21,35.41,16,35.4,19,,,35.49,19,35.5,55,35.51,66,35.52,54,35.53,48,35.54,42,35.55,19,35.56,26,35.57,16,35.66,7
2020-10-29 09:35:08,35.485,35.49,1,35.48,56,35.49,19,35.49,35.48,35.48,56,35.47,63,35.46,80,35.45,93,35.44,42,35.43,36,35.42,21,35.41,16,35.4,19,,,35.49,19,35.5,55,35.51,66,35.52,54,35.53,48,35.54,42,35.55,19,35.56,26,35.57,16,35.66,7
2020-10-29 09:35:09,35.485,35.49,1,35.48,68,35.49,16,35.49,35.48,35.48,68,35.47,63,35.46,80,35.45,93,35.44,42,35.43,36,35.42,21,35.41,16,35.4,19,,,35.49,16,35.5,55,35.51,66,35.52,54,35.53,48,35.54,42,35.55,19,35.56,26,35.57,16,35.66,7
2020-10-29 09:35:10,35.495,35.5,1,35.49,15,35.5,29,35.5,35.49,35.49,15,35.48,78,35.47,63,35.46,80,35.45,93,35.44,42,35.43,36,35.42,21,35.41,16,35.4,19,35.5,29,35.51,57,35.52,54,35.53,48,35.54,42,35.55,19,35.56,26,35.57,16,35.66,7,,
2020-10-29 09:35:11,35.495,35.5,1,35.49,27,35.5,25,35.5,35.49,35.49,27,35.48,78,35.47,63,35.46,80,35.45,93,35.44,42,35.43,36,35.42,21,35.41,16,35.4,19,35.5,25,35.51,57,35.52,54,35.53,48,35.54,42,35.55,19,35.56,26,35.57,16,35.66,7,,
2020-10-29 09:35:12,35.495,35.49,1,35.49,26,35.5,17,35.5,35.49,35.49,26,35.48,78,35.47,63,35.46,80,35.45,93,35.44,42,35.43,36,35.42,21,35.41,16,35.4,19,35.5,17,35.51,57,35.52,54,35.53,48,35.54,42,35.55,19,35.56,26,35.57,16,35.66,7,,
2020-10-29 09:35:13,35.485,35.48,1,35.48,64,35.49,26,35.49,35.48,35.48,64,35.47,63,35.46,80,35.45,93,35.44,42,35.43,36,35.42,21,35.41,16,35.4,19,,,35.49,26,35.5,41,35.51,57,35.52,54,35.53,48,35.54,42,35.55,19,35.56,26,35.57,16,35.66,7
2020-10-29 09:35:14,35.485,35.48,2,35.48,46,35.49,23,35.49,35.48,35.48,46,35.47,63,35.46,80,35.45,93,35.44,42,35.43,36,35.42,21,35.41,16,35.4,19,,,35.49,23,35.5,41,35.51,57,35.52,54,35.53,48,35.54,42,35.55,19,35.56,26,35.57,16,35.66,7
2020-10-29 09:35:15,35.465,35.47,1,35.46,46,35.47,38,35.47,35.46,35.46,46,35.45,93,35.44,42,35.43,36,35.42,21,35.41,16,35.4,19,,,,,,,35.47,38,35.48,45,35.49,52,35.5,41,35.51,57,35.52,54,35.53,48,35.54,42,35.55,19,35.56,26
2020-10-29 09:35:16,35.465,35.46,1,35.46,39,35.47,24,35.47,35.46,35.46,39,35.45,93,35.44,42,35.43,36,35.42,21,35.41,16,35.4,19,,,,,,,35.47,24,35.48,45,35.49,52,35.5,41,35.51,57,35.52,54,35.53,48,35.54,42,35.55,19,35.56,26
2020-10-29 09:35:17,35.465,35.47,1,35.46,11,35.47,25,35.47,35.46,35.46,11,35.45,50,35.44,42,35.43,36,35.42,21,35.41,16,35.4,19,,,,,,,35.47,25,35.48,45,35.49,52,35.5,41,35.51,57,35.52,54,35.53,48,35.54,42,35.55,19,35.56,26
2020-10-29 09:35:18,35.465,35.47,1,35.46,25,35.47,20,35.47,35.46,35.46,25,35.45,50,35.44,42,35.43,36,35.42,21,35.41,16,35.4,19,,,,,,,35.47,20,35.48,45,35.49,52,35.5,41,35.51,57,35.52,54,35.53,48,35.54,42,35.55,19,35.56,26
2020-10-29 09:35:19,35.465,35.47,1,35.46,30,35.47,22,35.47,35.46,35.46,30,35.45,50,35.44,42,35.43,36,35.42,21,35.41,16,35.4,19,,,,,,,35.47,22,35.48,45,35.49,52,35.5,41,35.51,57,35.52,54,35.53,48,35.54,42,35.55,19,35.56,26
2020-10-29 09:35:20,35.465,35.47,1,35.46,25,35.47,24,35.47,35.46,35.46,25,35.45,50,35.44,42,35.43,36,35.42,21,35.41,16,35.4,19,,,,,,,35.47,24,35.48,45,35.49,52,35.5,41,35.51,57,35.52,54,35.53,48,35.54,42,35.55,19,35.56,26
2020-10-29 09:35:21,35.465,35.47,1,35.46,24,35.47,26,35.47,35.46,35.46,24,35.45,50,35.44,42,35.43,36,35.42,21,35.41,16,35.4,19,,,,,,,35.47,26,35.48,45,35.49,52,35.5,41,35.51,57,35.52,54,35.53,48,35.54,42,35.55,19,35.56,26
2020-10-29 09:35:22,35.465,35.46,3,35.46,24,35.47,26,35.47,35.46,35.46,24,35.45,50,35.44,42,35.43,36,35.42,21,35.41,16,35.4,19,,,,,,,35.47,26,35.48,45,35.49,52,35.5,41,35.51,57,35.52,54,35.53,48,35.54,42,35.55,19,35.56,26
2020-10-29 09:35:23,35.465,35.47,4,35.46,24,35.47,28,35.47,35.46,35.46,24,35.45,50,35.44,42,35.43,36,35.42,21,35.41,16,35.4,19,,,,,,,35.47,28,35.48,45,35.49,52,35.5,41,35.51,57,35.52,54,35.53,48,35.54,42,35.55,19,35.56,26
2020-10-29 09:35:24,35.455,35.46,1,35.45,50,35.46,22,35.46,35.45,35.45,50,35.44,42,35.43,36,35.42,21,35.41,16,35.4,19,,,,,,,,,35.46,22,35.47,54,35.48,45,35.49,52,35.5,41,35.51,57,35.52,54,35.53,48,35.54,42,35.55,19
2020-10-29 09:35:25,35.455,35.45,1,35.45,49,35.46,20,35.46,35.45,35.45,49,35.44,42,35.43,36,35.42,21,35.41,16,35.4,19,,,,,,,,,35.46,20,35.47,54,35.48,45,35.49,52,35.5,41,35.51,57,35.52,54,35.53,48,35.54,42,35.55,19
2020-10-29 09:35:26,35.455,35.45,1,35.45,48,35.46,20,35.46,35.45,35.45,48,35.44,42,35.43,36,35.42,21,35.41,16,35.4,19,,,,,,,,,35.46,20,35.47,54,35.48,45,35.49,52,35.5,41,35.51,57,35.52,54,35.53,48,35.54,42,35.55,19
2020-10-29 09:35:27,35.445,35.45,1,35.44,46,35.45,5,35.45,35.44,35.44,46,35.43,36,35.42,21,35.41,16,35.4,19,,,,,,,,,,,35.45,5,35.46,31,35.47,54,35.48,45,35.49,52,35.5,41,35.51,57,35.52,54,35.53,48,35.54,42
2020-10-29 09:35:28,35.445,35.45,1,35.44,49,35.45,4,35.45,35.44,35.44,49,35.43,36,35.42,21,35.41,16,35.4,19,,,,,,,,,,,35.45,4,35.46,31,35.47,54,35.48,45,35.49,52,35.5,41,35.51,57,35.52,54,35.53,48,35.54,42
2020-10-29 09:35:29,35.445,35.45,1,35.44,46,35.45,5,35.45,35.44,35.44,46,35.43,36,35.42,21,35.41,16,35.4,19,,,,,,,,,,,35.45,5,35.46,31,35.47,54,35.48,45,35.49,52,35.5,41,35.51,57,35.52,54,35.53,48,35.54,42
2020-10-29 09:35:30,35.435,35.43,1,35.43,36,35.44,17,35.44,35.43,35.43,36,35.42,21,35.41,16,35.4,19,,,,,,,,,,,,,35.44,17,35.45,43,35.46,31,35.47,54,35.48,45,35.49,52,35.5,41,35.51,57,35.52,54,35.53,48
2020-10-29 09:35:31,35.43,35.43,1,35.43,26,35.43,20,35.43,35.42,35.43,26,35.42,21,35.41,16,35.4,19,,,,,,,,,,,,,35.43,20,35.44,59,35.45,43,35.46,31,35.47,54,35.48,45,35.49,52,35.5,41,35.51,57,35.52,54
2020-10-29 09:35:32,35.425,35.43,1,35.42,40,35.43,11,35.43,35.42,35.42,40,35.41,16,35.4,19,,,,,,,,,,,,,,,35.43,11,35.44,59,35.45,43,35.46,31,35.47,54,35.48,45,35.49,52,35.5,41,35.51,57,35.52,54
2020-10-29 09:35:33,35.425,35.43,1,35.42,44,35.43,11,35.43,35.42,35.42,44,35.41,16,35.4,19,,,,,,,,,,,,,,,35.43,11,35.44,59,35.45,43,35.46,31,35.47,54,35.48,45,35.49,52,35.5,41,35.51,57,35.52,54
2020-10-29 09:35:34,35.425,35.43,2,35.42,44,35.43,11,35.43,35.42,35.42,44,35.41,16,35.4,19,,,,,,,,,,,,,,,35.43,11,35.44,59,35.45,43,35.46,31,35.47,54,35.48,45,35.49,52,35.5,41,35.51,57,35.52,54
2020-10-29 09:35:35,35.425,35.43,2,35.42,44,35.43,9,35.43,35.42,35.42,44,35.41,16,35.4,19,,,,,,,,,,,,,,,35.43,9,35.44,59,35.45,43,35.46,31,35.47,54,35.48,45,35.49,52,35.5,41,35.51,57,35.52,54
2020-10-29 09:35:36,35.425,35.43,2,35.42,32,35.43,21,35.43,35.42,35.42,32,35.41,16,35.4,19,,,,,,,,,,,,,,,35.43,21,35.44,59,35.45,43,35.46,31,35.47,54,35.48,45,35.49,52,35.5,41,35.51,57,35.52,54
2020-10-29 09:35:37,35.425,35.43,1,35.42,33,35.43,15,35.43,35.42,35.42,33,35.41,16,35.4,19,,,,,,,,,,,,,,,35.43,15,35.44,59,35.45,43,35.46,31,35.47,54,35.48,45,35.49,52,35.5,41,35.51,57,35.52,54
2020-10-29 09:35:38,35.425,35.43,1,35.42,39,35.43,13,35.43,35.42,35.42,39,35.41,16,35.4,19,,,,,,,,,,,,,,,35.43,13,35.44,59,35.45,43,35.46,31,35.47,54,35.48,45,35.49,52,35.5,41,35.51,57,35.52,54
2020-10-29 09:35:39,35.435,35.43,1,35.43,20,35.44,23,35.44,35.43,35.43,20,35.42,70,35.41,16,35.4,19,,,,,,,,,,,,,35.44,23,35.45,43,35.46,31,35.47,54,35.48,45,35.49,52,35.5,41,35.51,57,35.52,54,35.53,48
2020-10-29 09:35:40,35.435,35.43,1,35.43,18,35.44,34,35.44,35.43,35.43,18,35.42,70,35.41,16,35.4,19,,,,,,,,,,,,,35.44,34,35.45,43,35.46,31,35.47,54,35.48,45,35.49,52,35.5,41,35.51,57,35.52,54,35.53,48
2020-10-29 09:35:41,35.425,35.42,1,35.42,43,35.43,6,35.43,35.42,35.42,43,35.41,16,35.4,19,,,,,,,,,,,,,,,35.43,6,35.44,63,35.45,43,35.46,31,35.47,54,35.48,45,35.49,52,35.5,41,35.51,57,35.52,54
2020-10-29 09:35:42,35.425,35.42,1,35.42,39,35.43,7,35.43,35.42,35.42,39,35.41,16,35.4,19,,,,,,,,,,,,,,,35.43,7,35.44,63,35.45,43,35.46,31,35.47,54,35.48,45,35.49,52,35.5,41,35.51,57,35.52,54
2020-10-29 09:35:43,35.425,35.43,1,35.42,32,35.43,13,35.43,35.42,35.42,32,35.41,16,35.4,19,,,,,,,,,,,,,,,35.43,13,35.44,63,35.45,43,35.46,31,35.47,54,35.48,45,35.49,52,35.5,41,35.51,57,35.52,54
2020-10-29 09:35:44,35.425,35.42,1,35.42,30,35.43,13,35.43,35.42,35.42,30,35.41,16,35.4,19,,,,,,,,,,,,,,,35.43,13,35.44,63,35.45,43,35.46,31,35.47,54,35.48,45,35.49,52,35.5,41,35.51,57,35.52,54
2020-10-29 09:35:45,35.415,35.42,1,35.41,39,35.42,4,35.42,35.41,35.41,39,35.4,19,,,,,,,,,,,,,,,,,35.42,4,35.43,25,35.44,63,35.45,43,35.46,31,35.47,54,35.48,45,35.49,52,35.5,41,35.51,57
2020-10-29 09:35:46,35.425,35.43,7,35.42,22,35.43,8,35.43,35.42,35.42,22,35.41,35,35.4,19,,,,,,,,,,,,,,,35.43,8,35.44,36,35.45,43,35.46,31,35.47,54,35.48,45,35.49,52,35.5,41,35.51,57,35.52,54
2020-10-29 09:35:47,35.425,35.43,1,35.42,26,35.43,4,35.43,35.42,35.42,26,35.41,35,35.4,19,,,,,,,,,,,,,,,35.43,4,35.44,36,35.45,43,35.46,31,35.47,54,35.48,45,35.49,52,35.5,41,35.51,57,35.52,54
2020-10-29 09:35:48,35.445,35.44,1,35.44,33,35.45,25,35.45,35.44,35.44,33,35.43,29,35.42,26,35.41,35,35.4,19,,,,,,,,,,,35.45,25,35.46,31,35.47,54,35.48,45,35.49,52,35.5,41,35.51,57,35.52,54,35.53,48,35.54,42
2020-10-29 09:35:49,35.445,35.44,1,35.44,32,35.45,24,35.45,35.44,35.44,32,35.43,29,35.42,26,35.41,35,35.4,19,,,,,,,,,,,35.45,24,35.46,31,35.47,54,35.48,45,35.49,52,35.5,41,35.51,57,35.52,54,35.53,48,35.54,42
2020-10-29 09:35:50,35.445,35.44,2,35.44,25,35.45,26,35.45,35.44,35.44,25,35.43,29,35.42,26,35.41,35,35.4,19,,,,,,,,,,,35.45,26,35.46,31,35.47,54,35.48,45,35.49,52,35.5,41,35.51,57,35.52,54,35.53,48,35.54,42
2020-10-29 09:35:51,35.435,35.44,1,35.43,29,35.44,13,35.44,35.43,35.43,29,35.42,26,35.41,35,35.4,19,,,,,,,,,,,,,35.44,13,35.45,39,35.46,31,35.47,54,35.48,45,35.49,52,35.5,41,35.51,57,35.52,54,35.53,48
2020-10-29 09:35:52,35.435,35.43,1,35.43,23,35.44,20,35.44,35.43,35.43,23,35.42,26,35.41,35,35.4,19,,,,,,,,,,,,,35.44,20,35.45,39,35.46,31,35.47,54,35.48,45,35.49,52,35.5,41,35.51,57,35.52,54,35.53,48
2020-10-29 09:35:53,35.435,35.44,1,35.43,23,35.44,21,35.44,35.43,35.43,23,35.42,26,35.41,35,35.4,19,,,,,,,,,,,,,35.44,21,35.45,39,35.46,31,35.47,54,35.48,45,35.49,52,35.5,41,35.51,57,35.52,54,35.53,48
2020-10-29 09:35:54,35.435,35.44,1,35.43,23,35.44,30,35.44,35.43,35.43,23,35.42,26,35.41,35,35.4,19,,,,,,,,,,,,,35.44,30,35.45,39,35.46,31,35.47,54,35.48,45,35.49,52,35.5,41,35.51,57,35.52,54,35.53,48
2020-10-29 09:35:55,35.425,35.43,1,35.42,20,35.43,31,35.43,35.42,35.42,20,35.41,35,35.4,19,,,,,,,,,,,,,,,35.43,31,35.44,65,35.45,39,35.46,31,35.47,54,35.48,45,35.49,52,35.5,41,35.51,57,35.52,54
2020-10-29 09:35:56,35.415,35.43,1,35.41,32,35.42,13,35.42,35.41,35.41,32,35.4,19,,,,,,,,,,,,,,,,,35.42,13,35.43,37,35.44,65,35.45,39,35.46,31,35.47,54,35.48,45,35.49,52,35.5,41,35.51,57
2020-10-29 09:35:57,35.415,35.43,1,35.41,22,35.42,24,35.42,35.41,35.41,22,35.4,19,,,,,,,,,,,,,,,,,35.42,24,35.43,37,35.44,65,35.45,39,35.46,31,35.47,54,35.48,45,35.49,52,35.5,41,35.51,57
2020-10-29 09:35:58,35.415,35.41,1,35.41,21,35.42,29,35.42,35.41,35.41,21,35.4,58,,,,,,,,,,,,,,,,,35.42,29,35.43,37,35.44,65,35.45,39,35.46,31,35.47,54,35.48,45,35.49,52,35.5,41,35.51,57
2020-10-29 09:35:59,35.405,35.42,1,35.4,40,35.41,10,35.41,35.4,35.4,40,,,,,,,,,,,,,,,,,,,35.41,10,35.42,34,35.43,37,35.44,65,35.45,39,35.46,31,35.47,54,35.48,45,35.49,52,35.5,41
2020-10-29 09:36:00,35.405,35.42,1,35.4,38,35.41,12,35.41,35.4,35.4,38,,,,,,,,,,,,,,,,,,,35.41,12,35.42,34,35.43,37,35.44,65,35.45,39,35.46,31,35.47,54,35.48,45,35.49,52,35.5,41
2020-10-29 09:36:01,35.415,35.42,1,35.41,10,35.42,28,35.42,35.41,35.41,10,35.4,64,,,,,,,,,,,,,,,,,35.42,28,35.43,37,35.44,65,35.45,39,35.46,31,35.47,54,35.48,45,35.49,52,35.5,41,35.51,57
2020-10-29 09:36:02,35.415,35.42,1,35.41,23,35.42,27,35.42,35.41,35.41,23,35.4,64,,,,,,,,,,,,,,,,,35.42,27,35.43,37,35.44,65,35.45,39,35.46,31,35.47,54,35.48,45,35.49,52,35.5,41,35.51,57
2020-10-29 09:36:03,35.415,35.42,1,35.41,35,35.42,19,35.42,35.41,35.41,35,35.4,64,,,,,,,,,,,,,,,,,35.42,19,35.43,37,35.44,65,35.45,39,35.46,31,35.47,54,35.48,45,35.49,52,35.5,41,35.51,57
2020-10-29 09:36:04,35.415,35.42,1,35.41,34,35.42,2,35.42,35.41,35.41,34,35.4,64,,,,,,,,,,,,,,,,,35.42,2,35.43,22,35.44,65,35.45,39,35.46,31,35.47,54,35.48,45,35.49,52,35.5,41,35.51,57
2020-10-29 09:36:05,35.425,35.42,1,35.42,14,35.43,22,35.43,35.42,35.42,14,35.41,34,35.4,64,,,,,,,,,,,,,,,35.43,22,35.44,65,35.45,39,35.46,31,35.47,54,35.48,45,35.49,52,35.5,41,35.51,57,35.52,54
2020-10-29 09:36:06,35.425,35.42,1,35.42,20,35.43,24,35.43,35.42,35.42,20,35.41,34,35.4,64,,,,,,,,,,,,,,,35.43,24,35.44,65,35.45,39,35.46,31,35.47,54,35.48,45,35.49,52,35.5,41,35.51,57,35.52,54
2020-10-29 09:36:07,35.425,35.42,1,35.42,39,35.43,12,35.43,35.42,35.42,39,35.41,34,35.4,64,,,,,,,,,,,,,,,35.43,12,35.44,65,35.45,39,35.46,31,35.47,54,35.48,45,35.49,52,35.5,41,35.51,57,35.52,54
2020-10-29 09:36:08,35.435,35.44,1,35.43,24,35.44,22,35.44,35.43,35.43,24,35.42,62,35.41,34,35.4,64,,,,,,,,,,,,,35.44,22,35.45,39,35.46,31,35.47,54,35.48,45,35.49,52,35.5,41,35.51,57,35.52,54,35.53,48
2020-10-29 09:36:09,35.435,35.44,1,35.43,29,35.44,11,35.44,35.43,35.43,29,35.42,62,35.41,34,35.4,64,,,,,,,,,,,,,35.44,11,35.45,39,35.46,31,35.47,54,35.48,45,35.49,52,35.5,41,35.51,57,35.52,54,35.53,48
2020-10-29 09:36:10,35.435,35.44,1,35.43,15,35.44,23,35.44,35.43,35.43,15,35.42,62,35.41,34,35.4,64,,,,,,,,,,,,,35.44,23,35.45,39,35.46,31,35.47,54,35.48,45,35.49,52,35.5,41,35.51,57,35.52,54,35.53,48
2020-10-29 09:36:11,35.435,35.43,1,35.43,15,35.44,27,35.44,35.43,35.43,15,35.42,62,35.41,34,35.4,64,,,,,,,,,,,,,35.44,27,35.45,39,35.46,31,35.47,54,35.48,45,35.49,52,35.5,41,35.51,57,35.52,54,35.53,48
2020-10-29 09:36:12,35.435,35.44,5,35.43,14,35.44,25,35.44,35.43,35.43,14,35.42,62,35.41,34,35.4,64,,,,,,,,,,,,,35.44,25,35.45,39,35.46,31,35.47,54,35.48,45,35.49,52,35.5,41,35.51,57,35.52,54,35.53,48
2020-10-29 09:36:13,35.435,35.44,8,35.43,18,35.44,22,35.44,35.43,35.43,18,35.42,62,35.41,34,35.4,64,,,,,,,,,,,,,35.44,22,35.45,39,35.46,31,35.47,54,35.48,45,35.49,52,35.5,41,35.51,57,35.52,54,35.53,48
2020-10-29 09:36:14,35.435,35.44,5,35.43,15,35.44,22,35.44,35.43,35.43,15,35.42,62,35.41,34,35.4,64,,,,,,,,,,,,,35.44,22,35.45,39,35.46,31,35.47,54,35.48,45,35.49,52,35.5,41,35.51,57,35.52,54,35.53,48
2020-10-29 09:36:15,35.435,35.44,5,35.43,15,35.44,24,35.44,35.43,35.43,15,35.42,62,35.41,34,35.4,64,,,,,,,,,,,,,35.44,24,35.45,39,35.46,31,35.47,54,35.48,45,35.49,52,35.5,41,35.51,57,35.52,54,35.53,48
2020-10-29 09:36:16,35.435,35.43,5,35.43,8,35.44,32,35.44,35.43,35.43,8,35.42,62,35.41,34,35.4,64,,,,,,,,,,,,,35.44,32,35.45,39,35.46,31,35.47,54,35.48,45,35.49,52,35.5,41,35.51,57,35.52,54,35.53,48
2020-10-29 09:36:17,35.435,35.43,5,35.43,9,35.44,29,35.44,35.43,35.43,9,35.42,62,35.41,34,35.4,64,,,,,,,,,,,,,35.44,29,35.45,39,35.46,31,35.47,54,35.48,45,35.49,52,35.5,41,35.51,57,35.52,54,35.53,48
2020-10-29 09:36:18,35.425,35.42,1,35.42,37,35.43,35,35.43,35.42,35.42,37,35.41,34,35.4,64,,,,,,,,,,,,,,,35.43,38,35.44,39,35.45,39,35.46,31,35.47,54,35.48,45,35.49,52,35.5,41,35.51,57,35.52,54
2020-10-29 09:36:19,35.405,35.41,20,35.4,25,35.41,33,35.41,35.4,35.4,25,,,,,,,,,,,,,,,,,,,35.41,33,35.42,30,35.43,60,35.44,39,35.45,39,35.46,31,35.47,54,35.48,45,35.49,52,35.5,41
2020-10-29 09:36:20,35.405,35.41,1,35.4,35,35.41,27,35.41,35.4,35.4,35,35.39,41,,,,,,,,,,,,,,,,,35.41,27,35.42,30,35.43,60,35.44,39,35.45,39,35.46,31,35.47,54,35.48,45,35.49,52,35.5,41
2020-10-29 09:36:21,35.405,35.4,1,35.4,29,35.41,24,35.41,35.4,35.4,29,35.39,41,,,,,,,,,,,,,,,,,35.41,24,35.42,30,35.43,60,35.44,39,35.45,39,35.46,31,35.47,54,35.48,45,35.49,52,35.5,41
2020-10-29 09:36:22,35.405,35.41,1,35.4,29,35.41,22,35.41,35.4,35.4,29,35.39,41,,,,,,,,,,,,,,,,,35.41,22,35.42,30,35.43,60,35.44,39,35.45,39,35.46,31,35.47,54,35.48,45,35.49,52,35.5,41
2020-10-29 09:36:23,35.405,35.4,1,35.4,33,35.41,41,35.41,35.4,35.4,33,35.39,48,,,,,,,,,,,,,,,,,35.41,41,35.42,30,35.43,60,35.44,39,35.45,39,35.46,31,35.47,54,35.48,45,35.49,52,35.5,41
2020-10-29 09:36:24,35.405,35.41,1,35.4,31,35.41,33,35.41,35.4,35.4,31,35.39,48,,,,,,,,,,,,,,,,,35.41,33,35.42,54,35.43,60,35.44,39,35.45,39,35.46,31,35.47,54,35.48,45,35.49,52,35.5,41
2020-10-29 09:36:25,35.395,35.4,1,35.39,27,35.4,33,35.4,35.39,35.39,27,,,,,,,,,,,,,,,,,,,35.4,33,35.41,64,35.42,54,35.43,60,35.44,39,35.45,39,35.46,31,35.47,54,35.48,45,35.49,52
2020-10-29 09:36:26,35.395,35.4,1,35.39,26,35.4,33,35.4,35.39,35.39,26,,,,,,,,,,,,,,,,,,,35.4,33,35.41,64,35.42,54,35.43,60,35.44,39,35.45,39,35.46,31,35.47,54,35.48,45,35.49,52
2020-10-29 09:36:27,35.395,35.4,1,35.39,28,35.4,34,35.4,35.39,35.39,28,,,,,,,,,,,,,,,,,,,35.4,34,35.41,64,35.42,54,35.43,60,35.44,39,35.45,39,35.46,31,35.47,54,35.48,45,35.49,52
2020-10-29 09:36:28,35.385,35.39,6,35.38,31,35.39,8,35.39,35.38,35.38,31,,,,,,,,,,,,,,,,,,,35.39,8,35.4,84,35.41,64,35.42,54,35.43,60,35.44,39,35.45,39,35.46,31,35.47,54,35.48,45
2020-10-29 09:36:29,35.395,35.4,1,35.39,32,35.4,84,35.4,35.39,35.39,32,35.38,51,,,,,,,,,,,,,,,,,35.4,84,35.41,64,35.42,54,35.43,60,35.44,39,35.45,39,35.46,31,35.47,54,35.48,45,35.49,52
2020-10-29 09:36:30,35.385,35.38,3,35.38,40,35.39,27,35.39,35.38,35.38,40,,,,,,,,,,,,,,,,,,,35.39,27,35.4,87,35.41,64,35.42,54,35.43,60,35.44,39,35.45,39,35.46,31,35.47,54,35.48,45
2020-10-29 09:36:31,35.395,35.39,1,35.39,14,35.4,78,35.4,35.39,35.39,14,35.38,60,,,,,,,,,,,,,,,,,35.4,78,35.41,64,35.42,54,35.43,60,35.44,39,35.45,39,35.46,31,35.47,54,35.48,45,35.49,52
2020-10-29 09:36:32,35.395,35.4,2,35.39,16,35.4,77,35.4,35.39,35.39,16,35.38,60,,,,,,,,,,,,,,,,,35.4,77,35.41,64,35.42,54,35.43,60,35.44,39,35.45,39,35.46,31,35.47,54,35.48,45,35.49,52
2020-10-29 09:36:33,35.385,35.38,1,35.38,41,35.39,21,35.39,35.38,35.38,41,,,,,,,,,,,,,,,,,,,35.39,21,35.4,81,35.41,64,35.42,54,35.43,60,35.44,39,35.45,39,35.46,31,35.47,54,35.48,45
2020-10-29 09:36:34,35.385,35.38,1,35.38,42,35.39,22,35.39,35.38,35.38,42,,,,,,,,,,,,,,,,,,,35.39,22,35.4,81,35.41,64,35.42,54,35.43,60,35.44,39,35.45,39,35.46,31,35.47,54,35.48,45
2020-10-29 09:36:35,35.37,35.37,1,35.37,1,35.37,24,35.37,35.36,35.37,1,35.36,77,,,,,,,,,,,,,,,,,35.37,24,35.38,32,35.39,57,35.4,81,35.41,64,35.42,54,35.43,60,35.44,39,35.45,39,35.46,31
2020-10-29 09:36:36,35.355,35.36,1,35.35,21,35.36,3,35.36,35.35,35.35,21,,,,,,,,,,,,,,,,,,,35.36,3,35.37,115,35.38,32,35.39,57,35.4,81,35.41,64,35.42,54,35.43,60,35.44,39,35.45,39
2020-10-29 09:36:37,35.355,35.35,9,35.35,25,35.36,15,35.36,35.35,35.35,25,,,,,,,,,,,,,,,,,,,35.36,15,35.37,115,35.38,32,35.39,57,35.4,81,35.41,64,35.42,54,35.43,60,35.44,39,35.45,39
2020-10-29 09:36:38,35.355,35.35,9,35.35,26,35.36,9,35.36,35.35,35.35,26,,,,,,,,,,,,,,,,,,,35.36,9,35.37,115,35.38,32,35.39,57,35.4,81,35.41,64,35.42,54,35.43,60,35.44,39,35.45,39
2020-10-29 09:36:39,35.365,35.37,3,35.36,49,35.37,11,35.37,35.36,35.36,49,35.35,39,,,,,,,,,,,,,,,,,35.37,11,35.38,33,35.39,57,35.4,81,35.41,64,35.42,54,35.43,60,35.44,39,35.45,39,35.46,31
2020-10-29 09:36:40,35.365,35.37,1,35.36,25,35.37,24,35.37,35.36,35.36,25,35.35,39,,,,,,,,,,,,,,,,,35.37,24,35.38,33,35.39,57,35.4,81,35.41,64,35.42,54,35.43,60,35.44,39,35.45,39,35.46,31
2020-10-29 09:36:41,35.365,35.37,1,35.36,25,35.37,30,35.37,35.36,35.36,25,35.35,39,,,,,,,,,,,,,,,,,35.37,30,35.38,33,35.39,57,35.4,81,35.41,64,35.42,54,35.43,60,35.44,39,35.45,39,35.46,31
