sim_time,mid_price,last_price,last_size,best_bid_price,best_bid_size,best_ask_price,best_ask_size,close_price_buy,close_price_sell,bid1_price,bid1_size,bid2_price,bid2_size,bid3_price,bid3_size,bid4_price,bid4_size,bid5_price,bid5_size,bid6_price,bid6_size,bid7_price,bid7_size,bid8_price,bid8_size,bid9_price,bid9_size,bid10_price,bid10_size,ask1_price,ask1_size,ask2_price,ask2_size,ask3_price,ask3_size,ask4_price,ask4_size,ask5_price,ask5_size,ask6_price,ask6_size,ask7_price,ask7_size,ask8_price,ask8_size,ask9_price,ask9_size,ask10_price,ask10_size
2026-02-05 09:30:17,179.85,179.85,1,179.72,400,179.98,100,179.98,179.72,179.72,400,179.71,500,179.7,200,179.63,300,179.52,1400,179.38,100,179.3,400,,,,,,,179.98,100,180.01,800,180.19,300,180.2,100,180.21,100,180.39,100,180.43,200,,,,,,
2026-02-05 09:30:18,179.81,179.81,2,179.7,800,179.92,600,179.92,179.7,179.7,800,179.63,300,179.52,1400,179.38,100,179.3,400,,,,,,,,,,,179.92,600,179.93,300,179.97,700,179.98,700,180.01,800,180.19,300,180.2,100,180.21,100,180.39,100,180.43,200
2026-02-05 09:30:20,179.72,179.72,1,179.53,400,179.91,300,179.91,179.53,179.53,400,179.52,1400,179.38,100,179.3,400,,,,,,,,,,,,,179.91,300,179.92,1200,179.93,300,179.97,700,179.98,700,180.01,800,180.19,300,180.2,100,180.21,100,180.39,100
2026-02-05 09:30:21,179.765,179.69,1,179.68,100,179.85,300,179.85,179.68,179.68,100,179.52,600,179.38,100,179.3,400,,,,,,,,,,,,,179.85,300,179.86,300,179.87,300,179.88,600,179.92,1300,179.93,300,179.97,700,179.98,700,180.01,800,180.19,300
2026-02-05 09:30:22,179.71,179.84,2,179.57,600,179.85,300,179.85,179.57,179.57,600,179.52,600,179.38,100,179.3,400,,,,,,,,,,,,,179.85,300,179.86,300,179.87,300,179.88,600,179.92,1300,179.93,300,179.97,700,179.98,700,180.01,800,180.19,300
2026-02-05 09:30:22,179.71,179.84,2,179.57,600,179.85,300,179.85,179.57,179.57,600,179.52,600,179.38,100,179.3,400,,,,,,,,,,,,,179.85,300,179.86,300,179.87,300,179.88,600,179.92,1300,179.93,300,179.97,700,179.98,700,180.01,800,180.19,300
2026-02-05 09:30:24,179.655,179.66,1,179.54,1100,179.77,500,179.77,179.54,179.54,1100,179.53,1400,179.52,1900,179.38,100,179.3,400,,,,,,,,,,,179.77,500,179.78,600,179.82,100,179.84,100,179.85,800,179.86,300,179.87,300,179.88,600,179.92,1300,179.93,300
2026-02-05 09:30:25,179.655,179.66,1,179.54,1100,179.77,500,179.77,179.54,179.54,1100,179.53,1400,179.52,1900,179.38,100,179.3,400,,,,,,,,,,,179.77,500,179.78,600,179.82,100,179.84,100,179.85,800,179.86,300,179.87,300,179.88,600,179.92,1300,179.93,300
2026-02-05 09:30:26,179.655,179.66,1,179.54,1400,179.77,500,179.77,179.54,179.54,1400,179.53,1400,179.52,1900,179.38,100,179.3,400,,,,,,,,,,,179.77,500,179.78,600,179.82,100,179.84,100,179.85,800,179.86,300,179.87,300,179.88,600,179.92,1300,179.93,300
2026-02-05 09:30:27,179.65,179.54,2,179.54,1100,179.76,500,179.76,179.54,179.54,1100,179.53,1400,179.52,1900,179.38,100,179.3,400,,,,,,,,,,,179.76,500,179.77,800,179.78,600,179.82,100,179.84,100,179.85,800,179.86,300,179.87,300,179.88,600,179.92,1300
2026-02-05 09:30:28,179.645,179.65,4,179.53,1400,179.76,600,179.76,179.53,179.53,1400,179.52,1900,179.38,100,179.3,400,,,,,,,,,,,,,179.76,600,179.77,800,179.78,600,179.82,100,179.84,100,179.85,800,179.86,300,179.87,300,179.88,600,179.92,1300
2026-02-05 09:30:29,179.645,179.67,1,179.53,1400,179.76,600,179.76,179.53,179.53,1400,179.52,1900,179.38,100,179.3,400,,,,,,,,,,,,,179.76,600,179.77,800,179.78,600,179.82,100,179.84,100,179.85,800,179.86,300,179.87,300,179.88,600,179.92,1300
2026-02-05 09:30:30,179.645,179.67,1,179.53,1300,179.76,600,179.76,179.53,179.53,1300,179.52,1900,179.38,100,179.3,400,,,,,,,,,,,,,179.76,600,179.77,800,179.78,600,179.82,100,179.84,100,179.85,800,179.86,300,179.87,300,179.88,600,179.92,1300
2026-02-05 09:30:31,179.885,179.89,2,179.71,400,180.06,100,180.06,179.71,179.71,400,179.69,200,179.67,400,179.66,900,179.6,100,179.56,600,179.55,100,179.54,700,179.53,1300,179.52,1900,180.06,100,180.19,300,180.2,100,180.21,100,180.39,100,180.43,200,,,,,,,,
2026-02-05 09:30:32,179.795,179.79,1,179.69,1200,179.9,400,179.9,179.69,179.69,1200,179.67,400,179.66,900,179.6,100,179.56,600,179.55,100,179.54,700,179.53,1300,179.52,1900,179.38,100,179.9,400,179.92,300,180.06,100,180.19,300,180.2,100,180.21,100,180.39,100,180.43,200,,,,
2026-02-05 09:30:33,179.79,179.74,1,179.69,1200,179.89,500,179.89,179.69,179.69,1200,179.67,400,179.66,900,179.6,100,179.56,600,179.55,100,179.54,700,179.53,1300,179.52,1900,179.38,100,179.89,500,179.9,400,179.92,300,180.06,100,180.19,300,180.2,100,180.21,100,180.39,100,180.43,200,,
2026-02-05 09:30:34,179.755,179.73,2,179.67,600,179.84,600,179.84,179.67,179.67,600,179.66,900,179.6,100,179.56,600,179.55,100,179.54,700,179.53,1300,179.52,1900,179.38,100,179.3,400,179.84,600,179.87,500,179.88,400,179.89,600,179.9,400,179.92,300,180.06,100,180.19,300,180.2,100,180.21,100
2026-02-05 09:30:35,179.775,179.73,2,179.67,800,179.88,300,179.88,179.67,179.67,800,179.66,900,179.6,100,179.56,600,179.55,100,179.54,700,179.53,1300,179.52,1900,179.38,100,179.3,400,179.88,300,179.89,600,179.9,400,179.92,300,180.06,100,180.19,300,180.2,100,180.21,100,180.39,100,180.43,200
2026-02-05 09:30:36,179.775,179.73,2,179.67,700,179.88,200,179.88,179.67,179.67,700,179.66,900,179.6,100,179.56,600,179.55,100,179.54,700,179.53,1300,179.52,1900,179.38,100,179.3,400,179.88,200,179.89,500,179.9,400,179.92,300,180.06,100,180.19,300,180.2,100,180.21,100,180.39,100,180.43,200
2026-02-05 09:30:37,179.78,179.73,2,179.67,800,179.89,500,179.89,179.67,179.67,800,179.66,900,179.6,100,179.56,600,179.55,100,179.54,700,179.53,1300,179.52,1900,179.38,100,179.3,400,179.89,500,179.9,400,179.92,300,180.06,100,180.19,300,180.2,100,180.21,100,180.39,100,180.43,200,,
2026-02-05 09:30:38,179.78,179.73,2,179.67,700,179.89,600,179.89,179.67,179.67,700,179.66,900,179.6,100,179.56,600,179.55,100,179.54,700,179.53,1300,179.52,1900,179.38,100,179.3,400,179.89,600,179.9,400,179.92,300,180.06,100,180.19,300,180.2,100,180.21,100,180.39,100,180.43,200,,
2026-02-05 09:30:39,179.99,180.0,2,179.92,300,180.06,600,180.06,179.92,179.92,300,179.89,400,179.85,100,179.78,400,179.77,400,179.74,200,179.69,100,179.68,500,179.67,700,179.66,900,180.06,600,180.07,400,180.14,400,180.19,400,180.2,100,180.21,100,180.39,100,180.43,200,,,,
2026-02-05 09:30:40,179.9,179.93,1,179.81,300,179.99,100,179.99,179.81,179.81,300,179.74,400,179.69,100,179.68,500,179.67,700,179.66,900,179.6,100,179.56,600,179.55,100,179.54,700,179.99,100,180.0,200,180.02,100,180.03,300,180.05,600,180.07,200,180.08,400,180.15,500,180.18,500,180.19,400
2026-02-05 09:30:41,179.945,179.95,1,179.9,400,179.99,900,179.99,179.9,179.9,400,179.81,300,179.74,400,179.69,100,179.68,500,179.67,700,179.66,900,179.6,100,179.56,600,179.55,100,179.99,900,180.0,200,180.02,100,180.03,300,180.05,600,180.07,200,180.08,400,180.15,500,180.18,500,180.19,400
2026-02-05 09:30:41,179.835,179.96,1,179.73,100,179.94,200,179.94,179.73,179.73,100,179.67,500,179.56,700,179.55,100,179.54,700,179.53,1300,179.52,1900,179.38,100,179.3,400,,,179.94,200,179.97,500,180.0,400,180.01,100,180.02,100,180.03,300,180.05,600,180.07,200,180.08,400,180.15,500
2026-02-05 09:30:43,179.835,179.84,1,179.73,600,179.94,200,179.94,179.73,179.73,600,179.67,500,179.56,700,179.55,100,179.54,700,179.53,1300,179.52,1900,179.38,100,179.3,400,,,179.94,200,179.97,500,180.0,400,180.01,100,180.02,100,180.03,300,180.05,600,180.07,200,180.08,400,180.15,500
2026-02-05 09:30:44,179.835,179.84,1,179.73,600,179.94,800,179.94,179.73,179.73,600,179.67,500,179.56,700,179.55,100,179.54,700,179.53,1300,179.52,1900,179.38,100,179.3,400,,,179.94,800,179.97,500,180.0,400,180.01,100,180.02,100,180.03,300,180.05,600,180.07,200,180.08,400,180.15,500
2026-02-05 09:30:45,179.835,179.94,1,179.73,800,179.94,700,179.94,179.73,179.73,800,179.67,500,179.56,700,179.55,100,179.54,700,179.53,1300,179.52,1900,179.38,100,179.3,400,,,179.94,700,179.97,500,180.0,400,180.01,100,180.02,100,180.03,300,180.05,600,180.07,200,180.08,400,180.15,500
2026-02-05 09:30:46,179.89,179.94,1,179.73,900,180.05,1000,180.05,179.73,179.73,900,179.67,500,179.56,700,179.55,100,179.54,700,179.53,1300,179.52,1900,179.38,100,179.3,400,,,180.05,1000,180.07,200,180.08,400,180.15,500,180.18,500,180.19,400,180.2,100,180.21,100,180.39,100,180.43,200
2026-02-05 09:30:47,179.89,179.89,1,179.73,1100,180.05,900,180.05,179.73,179.73,1100,179.67,500,179.56,700,179.55,100,179.54,700,179.53,1300,179.52,1900,179.38,100,179.3,400,,,180.05,900,180.07,200,180.08,400,180.15,500,180.18,500,180.19,400,180.2,100,180.21,100,180.39,100,180.43,200
2026-02-05 09:30:48,179.89,179.89,1,179.73,1100,180.05,900,180.05,179.73,179.73,1100,179.67,500,179.56,700,179.55,100,179.54,700,179.53,1300,179.52,1900,179.38,100,179.3,400,,,180.05,900,180.07,200,180.08,400,180.15,500,180.18,500,180.19,400,180.2,100,180.21,100,180.39,100,180.43,200
2026-02-05 09:30:48,179.89,179.89,1,179.73,1100,180.05,900,180.05,179.73,179.73,1100,179.67,500,179.56,700,179.55,100,179.54,700,179.53,1300,179.52,1900,179.38,100,179.3,400,,,180.05,900,180.07,200,180.08,400,180.15,500,180.18,500,180.19,400,180.2,100,180.21,100,180.39,100,180.43,200
2026-02-05 09:30:50,179.89,179.89,5,179.73,1200,180.05,900,180.05,179.73,179.73,1200,179.67,500,179.56,700,179.55,100,179.54,700,179.53,1300,179.52,1900,179.38,100,179.3,400,,,180.05,900,180.07,200,180.08,400,180.15,500,180.18,500,180.19,400,180.2,100,180.21,100,180.39,100,180.43,200
2026-02-05 09:30:51,179.89,179.89,1,179.73,1200,180.05,900,180.05,179.73,179.73,1200,179.67,500,179.56,700,179.55,100,179.54,700,179.53,1300,179.52,1900,179.38,100,179.3,400,,,180.05,900,180.07,200,180.08,400,180.15,500,180.18,500,180.19,400,180.2,100,180.21,100,180.39,100,180.43,200
2026-02-05 09:30:52,179.89,179.89,1,179.73,1200,180.05,900,180.05,179.73,179.73,1200,179.67,500,179.56,700,179.55,100,179.54,700,179.53,1300,179.52,1900,179.38,100,179.3,400,,,180.05,900,180.07,200,180.08,400,180.15,500,180.18,500,180.19,400,180.2,100,180.21,100,180.39,100,180.43,200
2026-02-05 09:30:53,179.89,179.89,1,179.73,1200,180.05,900,180.05,179.73,179.73,1200,179.67,500,179.56,700,179.55,100,179.54,700,179.53,1300,179.52,1900,179.38,100,179.3,400,,,180.05,900,180.07,200,180.08,400,180.15,500,180.18,500,180.19,400,180.2,100,180.21,100,180.39,100,180.43,200
2026-02-05 09:30:54,179.86,179.89,1,179.73,1200,179.99,400,179.99,179.73,179.73,1200,179.67,500,179.56,700,179.55,100,179.54,700,179.53,1300,179.52,1900,179.38,100,179.3,400,,,179.99,400,180.05,1000,180.07,200,180.08,400,180.15,500,180.18,500,180.19,400,180.2,100,180.21,100,180.39,100
2026-02-05 09:30:55,179.89,179.89,1,179.73,1200,180.05,1200,180.05,179.73,179.73,1200,179.67,500,179.56,700,179.55,100,179.54,700,179.53,1300,179.52,1900,179.38,100,179.3,400,,,180.05,1200,180.07,200,180.08,400,180.15,500,180.18,500,180.19,400,180.2,100,180.21,100,180.39,100,180.43,200
2026-02-05 09:30:56,179.89,179.89,1,179.73,1200,180.05,1200,180.05,179.73,179.73,1200,179.67,500,179.56,700,179.55,100,179.54,700,179.53,1300,179.52,1900,179.38,100,179.3,400,,,180.05,1200,180.07,200,180.08,400,180.15,500,180.18,500,180.19,400,180.2,100,180.21,100,180.39,100,180.43,200
2026-02-05 09:30:57,179.89,179.98,2,179.73,1200,180.05,1200,180.05,179.73,179.73,1200,179.67,500,179.56,700,179.55,100,179.54,700,179.53,1300,179.52,1900,179.38,100,179.3,400,,,180.05,1200,180.07,200,180.08,400,180.15,500,180.18,500,180.19,400,180.2,100,180.21,100,180.39,100,180.43,200
2026-02-05 09:30:58,179.895,179.89,1,179.74,300,180.05,1200,180.05,179.74,179.74,300,179.73,1200,179.67,500,179.56,700,179.55,100,179.54,700,179.53,1300,179.52,1900,179.38,100,179.3,400,180.05,1200,180.07,200,180.08,400,180.15,500,180.18,500,180.19,400,180.2,100,180.21,100,180.39,100,180.43,200
2026-02-05 09:30:59,179.895,180.0,1,179.74,500,180.05,1200,180.05,179.74,179.74,500,179.73,1200,179.67,500,179.56,700,179.55,100,179.54,700,179.53,1300,179.52,1900,179.38,100,179.3,400,180.05,1200,180.07,200,180.08,400,180.15,500,180.18,500,180.19,400,180.2,100,180.21,100,180.39,100,180.43,200
2026-02-05 09:31:00,179.895,180.0,1,179.74,400,180.05,1200,180.05,179.74,179.74,400,179.73,1200,179.67,500,179.56,700,179.55,100,179.54,700,179.53,1300,179.52,1900,179.38,100,179.3,400,180.05,1200,180.07,200,180.08,400,180.15,500,180.18,500,180.19,400,180.2,100,180.21,100,180.39,100,180.43,200
2026-02-05 09:31:01,179.895,179.9,1,179.74,400,180.05,1200,180.05,179.74,179.74,400,179.73,1200,179.67,500,179.56,700,179.55,100,179.54,700,179.53,1300,179.52,1900,179.38,100,179.3,400,180.05,1200,180.07,200,180.08,400,180.15,500,180.18,500,180.19,400,180.2,100,180.21,100,180.39,100,180.43,200
2026-02-05 09:31:02,179.895,179.75,1,179.74,400,180.05,1200,180.05,179.74,179.74,400,179.73,1200,179.67,500,179.56,700,179.55,100,179.54,700,179.53,1300,179.52,1900,179.38,100,179.3,400,180.05,1200,180.07,200,180.08,400,180.15,500,180.18,500,180.19,400,180.2,100,180.21,100,180.39,100,180.43,200
2026-02-05 09:31:03,179.895,179.75,1,179.74,400,180.05,1200,180.05,179.74,179.74,400,179.73,1200,179.67,500,179.56,700,179.55,100,179.54,700,179.53,1300,179.52,1900,179.38,100,179.3,400,180.05,1200,180.07,200,180.08,400,180.15,500,180.18,500,180.19,400,180.2,100,180.21,100,180.39,100,180.43,200
2026-02-05 09:31:04,179.895,179.88,1,179.74,400,180.05,1200,180.05,179.74,179.74,400,179.73,1200,179.67,500,179.56,700,179.55,100,179.54,700,179.53,1300,179.52,1900,179.38,100,179.3,400,180.05,1200,180.07,200,180.08,400,180.15,500,180.18,500,180.19,400,180.2,100,180.21,100,180.39,100,180.43,200
2026-02-05 09:31:05,179.895,179.88,1,179.74,400,180.05,1200,180.05,179.74,179.74,400,179.73,1200,179.67,500,179.56,700,179.55,100,179.54,700,179.53,1300,179.52,1900,179.38,100,179.3,400,180.05,1200,180.07,200,180.08,400,180.15,500,180.18,500,180.19,400,180.2,100,180.21,100,180.39,100,180.43,200
2026-02-05 09:31:06,180.04,180.06,1,179.91,600,180.17,300,180.17,179.91,179.91,600,179.88,400,179.84,300,179.83,400,179.82,300,179.75,400,179.74,700,179.73,1200,179.67,500,179.56,700,180.17,300,180.18,300,180.19,300,180.2,100,180.21,100,180.39,100,180.43,200,,,,,,
2026-02-05 09:31:07,179.965,179.97,1,179.74,1100,180.19,600,180.19,179.74,179.74,1100,179.73,1200,179.67,500,179.56,700,179.55,100,179.54,700,179.53,1300,179.52,1900,179.38,100,179.3,400,180.19,600,180.2,100,180.21,100,180.39,100,180.43,200,,,,,,,,,,
2026-02-05 09:31:08,179.87,179.97,1,179.74,1000,180.0,100,180.0,179.74,179.74,1000,179.73,1200,179.67,500,179.56,700,179.55,100,179.54,700,179.53,1300,179.52,1900,179.38,100,179.3,400,180.0,100,180.19,600,180.2,100,180.21,100,180.39,100,180.43,200,,,,,,,,
2026-02-05 09:31:09,179.87,179.86,2,179.74,1000,180.0,400,180.0,179.74,179.74,1000,179.73,1200,179.67,500,179.56,700,179.55,100,179.54,700,179.53,1300,179.52,1900,179.38,100,179.3,400,180.0,400,180.18,300,180.19,600,180.2,100,180.21,100,180.39,100,180.43,200,,,,,,
2026-02-05 09:31:10,179.96,179.86,2,179.74,1000,180.18,300,180.18,179.74,179.74,1000,179.73,1200,179.67,500,179.56,700,179.55,100,179.54,700,179.53,1300,179.52,1900,179.38,100,179.3,400,180.18,300,180.19,600,180.2,100,180.21,100,180.39,100,180.43,200,,,,,,,,
2026-02-05 09:31:11,179.87,179.86,2,179.74,1000,180.0,400,180.0,179.74,179.74,1000,179.73,1200,179.67,500,179.56,700,179.55,100,179.54,700,179.53,1300,179.52,1900,179.38,100,179.3,400,180.0,400,180.18,300,180.19,600,180.2,100,180.21,100,180.39,100,180.43,200,,,,,,
2026-02-05 09:31:12,179.72,179.68,1,179.57,300,179.87,100,179.87,179.57,179.57,300,179.56,700,179.55,100,179.54,700,179.53,1300,179.52,1900,179.38,100,179.3,400,,,,,179.87,100,179.88,200,179.92,300,179.93,500,180.01,100,180.07,200,180.18,300,180.19,600,180.2,100,180.21,100
2026-02-05 09:31:13,179.725,179.72,1,179.57,900,179.88,100,179.88,179.57,179.57,900,179.56,700,179.55,100,179.54,700,179.53,1300,179.52,1900,179.38,100,179.3,400,,,,,179.88,100,179.92,300,179.93,500,180.01,100,180.07,200,180.18,300,180.19,600,180.2,100,180.21,100,180.39,100
2026-02-05 09:31:14,179.725,179.73,2,179.57,900,179.88,100,179.88,179.57,179.57,900,179.56,700,179.55,100,179.54,700,179.53,1300,179.52,1900,179.38,100,179.3,400,,,,,179.88,100,179.92,300,179.93,500,180.01,100,180.07,200,180.18,300,180.19,600,180.2,100,180.21,100,180.39,100
2026-02-05 09:31:15,179.725,179.73,2,179.57,900,179.88,400,179.88,179.57,179.57,900,179.56,700,179.55,100,179.54,700,179.53,1300,179.52,1900,179.38,100,179.3,400,,,,,179.88,400,179.92,300,179.93,500,180.01,100,180.07,200,180.18,300,180.19,600,180.2,100,180.21,100,180.39,100
2026-02-05 09:31:16,179.82,179.77,1,179.57,900,180.07,200,180.07,179.57,179.57,900,179.56,700,179.55,100,179.54,700,179.53,1300,179.52,1900,179.38,100,179.3,400,,,,,180.07,200,180.18,300,180.19,600,180.2,100,180.21,100,180.39,100,180.43,200,,,,,,
2026-02-05 09:31:17,179.75,179.75,1,179.57,900,179.93,600,179.93,179.57,179.57,900,179.56,700,179.55,100,179.54,700,179.53,1300,179.52,1900,179.38,100,179.3,400,,,,,179.93,600,180.07,200,180.18,300,180.19,600,180.2,100,180.21,100,180.39,100,180.43,200,,,,
2026-02-05 09:31:18,179.75,179.75,1,179.57,900,179.93,400,179.93,179.57,179.57,900,179.56,700,179.55,100,179.54,700,179.53,1300,179.52,1900,179.38,100,179.3,400,,,,,179.93,400,180.07,200,180.18,300,180.19,600,180.2,100,180.21,100,180.39,100,180.43,200,,,,
2026-02-05 09:31:19,179.655,179.58,2,179.54,100,179.77,400,179.77,179.54,179.54,100,179.53,100,179.5,300,179.38,100,179.3,400,,,,,,,,,,,179.77,400,179.81,700,179.83,500,179.88,100,179.91,400,179.92,400,179.93,600,180.07,100,180.18,300,180.19,600
2026-02-05 09:31:20,179.48,179.5,2,179.34,700,179.62,600,179.62,179.34,179.34,700,179.3,400,,,,,,,,,,,,,,,,,179.62,600,179.72,100,179.76,600,179.77,600,179.81,700,179.83,500,179.88,100,179.91,400,179.92,400,179.93,600
2026-02-05 09:31:21,179.48,179.49,1,179.34,1000,179.62,600,179.62,179.34,179.34,1000,179.3,400,,,,,,,,,,,,,,,,,179.62,600,179.72,100,179.76,600,179.77,600,179.81,700,179.83,500,179.88,100,179.91,400,179.92,400,179.93,600
2026-02-05 09:31:22,179.55,179.49,1,179.48,100,179.62,600,179.62,179.48,179.48,100,179.34,1000,179.3,400,,,,,,,,,,,,,,,179.62,600,179.72,100,179.76,600,179.77,600,179.81,700,179.83,500,179.88,100,179.91,400,179.92,400,179.93,600
2026-02-05 09:31:23,179.545,179.49,1,179.48,200,179.61,300,179.61,179.48,179.48,200,179.34,1000,179.3,400,,,,,,,,,,,,,,,179.61,300,179.62,100,179.66,100,179.72,100,179.76,600,179.77,600,179.81,700,179.83,500,179.88,100,179.91,400
2026-02-05 09:31:24,179.46,179.48,1,179.34,600,179.58,400,179.58,179.34,179.34,600,179.3,400,,,,,,,,,,,,,,,,,179.58,400,179.61,600,179.62,100,179.66,100,179.72,100,179.76,600,179.77,600,179.81,700,179.83,500,179.88,100
2026-02-05 09:31:25,179.46,179.48,1,179.34,600,179.58,500,179.58,179.34,179.34,600,179.3,400,,,,,,,,,,,,,,,,,179.58,500,179.61,600,179.62,100,179.66,100,179.72,100,179.76,600,179.77,600,179.81,700,179.83,500,179.88,100
2026-02-05 09:31:26,179.41,179.48,1,179.34,500,179.48,400,179.48,179.34,179.34,500,179.3,400,,,,,,,,,,,,,,,,,179.48,100,179.54,400,179.57,700,179.58,1200,179.61,600,179.62,100,179.66,100,179.72,100,179.76,600,179.77,600
2026-02-05 09:31:27,179.39,179.41,1,179.3,400,179.48,300,179.48,179.3,179.3,400,,,,,,,,,,,,,,,,,,,179.48,300,179.54,400,179.57,700,179.58,1200,179.61,600,179.62,100,179.66,100,179.72,100,179.76,600,179.77,600
2026-02-05 09:31:28,179.39,179.3,1,179.3,400,179.48,300,179.48,179.3,179.3,400,,,,,,,,,,,,,,,,,,,179.48,300,179.54,400,179.57,700,179.58,1200,179.61,600,179.62,100,179.66,100,179.72,100,179.76,600,179.77,600
2026-02-05 09:31:29,179.39,179.3,1,179.3,500,179.48,300,179.48,179.3,179.3,500,,,,,,,,,,,,,,,,,,,179.48,300,179.54,400,179.57,700,179.58,1200,179.61,600,179.62,100,179.66,100,179.72,100,179.76,600,179.77,600
2026-02-05 09:31:30,179.39,179.3,1,179.3,500,179.48,300,179.48,179.3,179.3,500,,,,,,,,,,,,,,,,,,,179.48,300,179.54,400,179.57,700,179.58,1200,179.61,600,179.62,100,179.66,100,179.72,100,179.76,600,179.77,600
2026-02-05 09:31:31,179.39,179.39,2,179.3,700,179.48,300,179.48,179.3,179.3,700,,,,,,,,,,,,,,,,,,,179.48,300,179.54,400,179.57,700,179.58,1200,179.61,600,179.62,100,179.66,100,179.72,100,179.76,600,179.77,600
2026-02-05 09:31:32,179.39,179.39,1,179.3,700,179.48,300,179.48,179.3,179.3,700,,,,,,,,,,,,,,,,,,,179.48,300,179.54,400,179.57,700,179.58,1200,179.61,600,179.62,100,179.66,100,179.72,100,179.76,600,179.77,600
2026-02-05 09:31:33,179.39,179.48,7,179.3,800,179.48,300,179.48,179.3,179.3,800,,,,,,,,,,,,,,,,,,,179.48,300,179.54,400,179.57,700,179.58,1200,179.61,600,179.62,100,179.66,100,179.72,100,179.76,600,179.77,600
2026-02-05 09:31:34,179.39,179.48,7,179.3,800,179.48,300,179.48,179.3,179.3,800,,,,,,,,,,,,,,,,,,,179.48,300,179.54,400,179.57,700,179.58,1200,179.61,600,179.62,100,179.66,100,179.72,100,179.76,600,179.77,600
2026-02-05 09:31:35,179.445,179.39,1,179.39,100,179.5,100,179.5,179.39,179.39,100,179.3,800,,,,,,,,,,,,,,,,,179.5,100,179.54,400,179.57,700,179.58,1200,179.61,600,179.62,100,179.66,100,179.72,100,179.76,600,179.77,600
2026-02-05 09:31:36,179.47,179.5,1,179.39,200,179.55,200,179.55,179.39,179.39,200,179.3,800,,,,,,,,,,,,,,,,,179.55,200,179.57,700,179.58,1200,179.61,600,179.62,100,179.66,100,179.72,100,179.76,600,179.77,600,179.81,700
2026-02-05 09:31:37,179.43,179.5,1,179.39,200,179.47,200,179.47,179.39,179.39,200,179.3,800,,,,,,,,,,,,,,,,,179.47,200,179.55,200,179.57,700,179.58,1200,179.61,600,179.62,100,179.66,100,179.72,100,179.76,600,179.77,600
2026-02-05 09:31:38,179.18,179.18,1,179.1,200,179.26,500,179.26,179.1,179.1,200,,,,,,,,,,,,,,,,,,,179.26,500,179.35,500,179.36,500,179.4,100,179.41,400,179.42,100,179.47,700,179.55,200,179.57,700,179.58,1200
2026-02-05 09:31:39,179.23,179.18,1,179.1,200,179.36,500,179.36,179.1,179.1,200,,,,,,,,,,,,,,,,,,,179.36,500,179.4,100,179.41,400,179.42,100,179.47,700,179.55,200,179.57,700,179.58,1200,179.61,600,179.62,100
2026-02-05 09:31:40,179.145,179.18,1,179.02,300,179.27,800,179.27,179.02,179.02,300,,,,,,,,,,,,,,,,,,,179.27,800,179.36,500,179.4,100,179.41,400,179.42,100,179.47,700,179.55,200,179.57,700,179.58,1200,179.61,600
2026-02-05 09:31:41,179.145,179.18,1,179.02,500,179.27,800,179.27,179.02,179.02,500,,,,,,,,,,,,,,,,,,,179.27,800,179.36,500,179.4,100,179.41,400,179.42,100,179.47,700,179.55,200,179.57,700,179.58,1200,179.61,600
2026-02-05 09:31:42,179.145,179.18,1,179.02,500,179.27,800,179.27,179.02,179.02,500,,,,,,,,,,,,,,,,,,,179.27,800,179.36,500,179.4,100,179.41,400,179.42,100,179.47,700,179.55,200,179.57,700,179.58,1200,179.61,600
2026-02-05 09:31:43,179.145,179.18,1,179.02,500,179.27,800,179.27,179.02,179.02,500,,,,,,,,,,,,,,,,,,,179.27,800,179.36,500,179.4,100,179.41,400,179.42,100,179.47,700,179.55,200,179.57,700,179.58,1200,179.61,600
2026-02-05 09:31:44,179.14,179.18,1,179.02,800,179.26,300,179.26,179.02,179.02,800,,,,,,,,,,,,,,,,,,,179.26,300,179.27,800,179.36,500,179.4,100,179.41,400,179.42,100,179.47,700,179.55,200,179.57,700,179.58,1200
2026-02-05 09:31:45,179.07,179.01,3,179.01,300,179.15,400,179.15,179.01,179.01,300,,,,,,,,,,,,,,,,,,,179.13,300,179.15,500,179.25,400,179.26,800,179.27,800,179.36,500,179.4,100,179.41,400,179.42,100,179.47,700
2026-02-05 09:31:46,179.085,179.01,1,179.01,300,179.16,100,179.16,179.01,179.01,300,,,,,,,,,,,,,,,,,,,179.16,100,179.25,400,179.26,800,179.27,800,179.36,500,179.4,100,179.41,400,179.42,100,179.47,700,179.55,200
2026-02-05 09:31:47,179.105,179.01,1,179.01,400,179.2,200,179.2,179.01,179.01,400,,,,,,,,,,,,,,,,,,,179.2,200,179.26,800,179.27,800,179.36,500,179.4,100,179.41,400,179.42,100,179.47,700,179.55,200,179.57,700
2026-02-05 09:31:48,179.15,179.2,2,179.04,200,179.26,600,179.26,179.04,179.04,200,179.03,500,179.02,500,179.01,600,,,,,,,,,,,,,179.26,600,179.27,800,179.36,500,179.4,100,179.41,400,179.42,100,179.47,700,179.55,200,179.57,700,179.58,1200
2026-02-05 09:31:49,179.15,179.2,2,179.04,600,179.26,600,179.26,179.04,179.04,600,179.03,500,179.02,500,179.01,600,,,,,,,,,,,,,179.26,600,179.27,800,179.36,500,179.4,100,179.41,400,179.42,100,179.47,700,179.55,200,179.57,700,179.58,1200
2026-02-05 09:31:50,179.27,179.28,1,179.2,100,179.34,200,179.34,179.2,179.2,100,179.19,300,179.18,300,179.13,100,179.12,100,179.09,100,179.06,100,179.04,600,179.03,500,179.02,500,179.34,200,179.36,300,179.37,300,179.4,100,179.41,400,179.42,100,179.47,700,179.55,200,179.57,700,179.58,1200
2026-02-05 09:31:51,179.345,179.34,2,179.2,400,179.49,700,179.49,179.2,179.2,400,179.19,300,179.18,300,179.13,100,179.12,100,179.09,100,179.06,100,179.04,600,179.03,500,179.02,500,179.49,700,179.55,300,179.57,700,179.58,1200,179.61,600,179.62,100,179.66,100,179.72,100,179.76,600,179.77,600
2026-02-05 09:31:52,179.415,179.34,2,179.34,100,179.49,700,179.49,179.34,179.34,100,179.2,400,179.19,300,179.18,300,179.13,100,179.12,100,179.09,100,179.06,100,179.04,600,179.03,500,179.49,700,179.55,300,179.57,700,179.58,1200,179.61,600,179.62,100,179.66,100,179.72,100,179.76,600,179.77,600
2026-02-05 09:31:53,179.39,179.38,1,179.29,100,179.49,700,179.49,179.29,179.29,100,179.2,400,179.19,300,179.18,300,179.13,100,179.12,100,179.09,100,179.06,100,179.04,600,179.03,500,179.49,700,179.55,300,179.57,700,179.58,1200,179.61,600,179.62,100,179.66,100,179.72,100,179.76,600,179.77,600
2026-02-05 09:31:54,179.39,179.38,1,179.29,100,179.49,700,179.49,179.29,179.29,100,179.2,400,179.19,300,179.18,300,179.13,100,179.12,100,179.09,100,179.06,100,179.04,600,179.03,500,179.49,700,179.55,300,179.57,700,179.58,1200,179.61,600,179.62,100,179.66,100,179.72,100,179.76,600,179.77,600
2026-02-05 09:31:55,179.39,179.38,1,179.29,100,179.49,700,179.49,179.29,179.29,100,179.2,400,179.19,300,179.18,300,179.13,100,179.12,100,179.09,100,179.06,100,179.04,600,179.03,500,179.49,700,179.55,300,179.57,700,179.58,1200,179.61,600,179.62,100,179.66,100,179.72,100,179.76,600,179.77,600
2026-02-05 09:31:56,179.39,179.37,1,179.29,100,179.49,700,179.49,179.29,179.29,100,179.2,400,179.19,300,179.18,300,179.13,100,179.12,100,179.09,100,179.06,100,179.04,600,179.03,500,179.49,700,179.55,300,179.57,700,179.58,1200,179.61,600,179.62,100,179.66,100,179.72,100,179.76,600,179.77,600
2026-02-05 09:31:57,179.385,179.37,1,179.29,300,179.48,200,179.48,179.29,179.29,300,179.2,400,179.19,300,179.18,300,179.13,100,179.12,100,179.09,100,179.06,100,179.04,600,179.03,500,179.48,200,179.49,700,179.55,300,179.57,700,179.58,1200,179.61,600,179.62,100,179.66,100,179.72,100,179.76,600
2026-02-05 09:31:58,179.225,179.29,1,179.03,900,179.42,600,179.42,179.03,179.03,900,179.02,500,179.01,600,,,,,,,,,,,,,,,179.42,600,179.45,100,179.47,100,179.48,200,179.49,700,179.55,300,179.57,700,179.58,1200,179.61,600,179.62,100
2026-02-05 09:31:59,179.25,179.38,1,179.07,100,179.43,100,179.43,179.07,179.07,100,179.03,500,179.02,500,179.01,600,,,,,,,,,,,,,179.43,100,179.47,200,179.48,200,179.49,700,179.55,300,179.57,700,179.58,1200,179.61,600,179.62,100,179.66,100
2026-02-05 09:32:00,179.28,179.38,1,179.07,900,179.49,700,179.49,179.07,179.07,900,179.03,500,179.02,500,179.01,600,,,,,,,,,,,,,179.49,700,179.55,300,179.57,700,179.58,1200,179.61,600,179.62,100,179.66,100,179.72,100,179.76,600,179.77,600
2026-02-05 09:32:01,179.29,179.38,1,179.09,500,179.49,700,179.49,179.09,179.09,500,179.08,600,179.07,1100,179.03,500,179.02,500,179.01,600,,,,,,,,,179.49,700,179.55,300,179.57,700,179.58,1200,179.61,600,179.62,100,179.66,100,179.72,100,179.76,600,179.77,600
2026-02-05 09:32:02,179.375,179.49,7,179.25,500,179.5,200,179.5,179.25,179.25,500,179.23,100,179.2,500,179.14,300,179.13,500,179.09,500,179.08,600,179.07,1100,179.03,500,179.02,500,179.5,200,179.55,300,179.57,700,179.58,1200,179.61,600,179.62,100,179.66,100,179.72,100,179.76,600,179.77,600
2026-02-05 09:32:03,179.38,179.49,7,179.25,500,179.51,100,179.51,179.25,179.25,500,179.23,100,179.2,500,179.14,300,179.13,500,179.09,500,179.08,600,179.07,1100,179.03,500,179.02,500,179.51,100,179.55,300,179.57,700,179.58,1200,179.61,600,179.62,100,179.66,100,179.72,100,179.76,600,179.77,600
2026-02-05 09:32:04,179.4,179.5,1,179.25,500,179.55,300,179.55,179.25,179.25,500,179.23,100,179.2,500,179.14,300,179.13,500,179.09,500,179.08,600,179.07,1100,179.03,500,179.02,500,179.55,300,179.57,700,179.58,1200,179.61,600,179.62,100,179.66,100,179.72,100,179.76,600,179.77,600,179.81,700
2026-02-05 09:32:05,179.325,179.4,1,179.14,100,179.51,600,179.51,179.14,179.14,100,179.13,500,179.09,500,179.08,600,179.07,1100,179.03,500,179.02,500,179.01,600,,,,,179.51,600,179.55,600,179.57,700,179.58,1200,179.61,600,179.62,100,179.66,100,179.72,100,179.76,600,179.77,600
2026-02-05 09:32:06,179.35,179.7,1,179.16,300,179.54,100,179.54,179.16,179.16,300,179.14,100,179.13,500,179.09,500,179.08,600,179.07,1100,179.03,500,179.02,500,179.01,600,,,179.54,100,179.55,800,179.57,700,179.58,1200,179.61,600,179.62,100,179.66,100,179.72,100,179.76,600,179.77,600
2026-02-05 09:32:07,179.35,179.35,1,179.16,700,179.54,100,179.54,179.16,179.16,700,179.14,100,179.13,500,179.09,500,179.08,600,179.07,1100,179.03,500,179.02,500,179.01,600,,,179.54,100,179.55,800,179.57,700,179.58,1200,179.61,600,179.62,100,179.66,100,179.72,100,179.76,600,179.77,600
2026-02-05 09:32:08,179.305,179.31,1,179.1,400,179.51,400,179.51,179.1,179.1,400,179.07,900,179.03,500,179.02,500,179.01,600,,,,,,,,,,,179.51,400,179.54,200,179.55,800,179.57,700,179.58,1200,179.61,600,179.62,100,179.66,100,179.72,100,179.76,600
2026-02-05 09:32:09,179.315,179.32,1,179.1,400,179.53,400,179.53,179.1,179.1,400,179.07,900,179.03,500,179.02,500,179.01,600,,,,,,,,,,,179.53,400,179.54,700,179.55,800,179.57,700,179.58,1200,179.61,600,179.62,100,179.66,100,179.72,100,179.76,600
2026-02-05 09:32:10,179.32,179.32,1,179.1,400,179.54,700,179.54,179.1,179.1,400,179.07,900,179.03,500,179.02,500,179.01,600,,,,,,,,,,,179.54,700,179.55,800,179.57,700,179.58,1200,179.61,600,179.62,100,179.66,100,179.72,100,179.76,600,179.77,600
2026-02-05 09:32:11,179.305,179.32,1,179.07,500,179.54,800,179.54,179.07,179.07,500,179.05,300,179.03,500,179.02,500,179.01,600,,,,,,,,,,,179.54,800,179.55,800,179.57,700,179.58,1200,179.61,600,179.62,100,179.66,100,179.72,100,179.76,600,179.77,600
2026-02-05 09:32:12,179.295,179.32,1,179.07,500,179.52,200,179.52,179.07,179.07,500,179.05,300,179.03,500,179.02,500,179.01,600,,,,,,,,,,,179.52,200,179.54,600,179.55,800,179.57,700,179.58,1200,179.61,600,179.62,100,179.66,100,179.72,100,179.76,600
2026-02-05 09:32:13,179.295,179.32,1,179.07,500,179.52,700,179.52,179.07,179.07,500,179.05,300,179.03,500,179.02,500,179.01,600,,,,,,,,,,,179.52,700,179.54,600,179.55,800,179.57,700,179.58,1200,179.61,600,179.62,100,179.66,100,179.72,100,179.76,600
2026-02-05 09:32:14,179.295,179.32,1,179.07,500,179.52,700,179.52,179.07,179.07,500,179.05,300,179.03,500,179.02,500,179.01,600,,,,,,,,,,,179.52,700,179.54,600,179.55,800,179.57,700,179.58,1200,179.61,600,179.62,100,179.66,100,179.72,100,179.76,600
2026-02-05 09:32:15,179.295,179.32,1,179.07,500,179.52,700,179.52,179.07,179.07,500,179.05,300,179.03,500,179.02,500,179.01,600,,,,,,,,,,,179.52,700,179.54,600,179.55,800,179.57,700,179.58,1200,179.61,600,179.62,100,179.66,100,179.72,100,179.76,600
2026-02-05 09:32:16,179.195,179.32,1,179.05,200,179.34,300,179.34,179.05,179.05,200,179.03,500,179.02,500,179.01,600,,,,,,,,,,,,,179.34,300,179.45,500,179.46,600,179.52,800,179.54,600,179.55,800,179.57,700,179.58,1200,179.61,600,179.62,100
2026-02-05 09:32:17,179.195,179.2,1,179.05,800,179.34,300,179.34,179.05,179.05,800,179.03,500,179.02,500,179.01,600,,,,,,,,,,,,,179.34,300,179.45,500,179.46,600,179.52,800,179.54,600,179.55,800,179.57,700,179.58,1200,179.61,600,179.62,100
2026-02-05 09:32:18,179.2,179.2,1,179.05,900,179.35,400,179.35,179.05,179.05,900,179.03,500,179.02,500,179.01,600,,,,,,,,,,,,,179.35,400,179.45,500,179.46,600,179.52,800,179.54,600,179.55,800,179.57,700,179.58,1200,179.61,600,179.62,100
2026-02-05 09:32:19,179.18,179.2,1,179.01,600,179.35,400,179.35,179.01,179.01,600,,,,,,,,,,,,,,,,,,,179.35,400,179.45,500,179.46,600,179.52,800,179.54,600,179.55,800,179.57,700,179.58,1200,179.61,600,179.62,100
2026-02-05 09:32:20,179.18,179.2,1,179.01,600,179.35,400,179.35,179.01,179.01,600,,,,,,,,,,,,,,,,,,,179.35,400,179.45,500,179.46,600,179.52,800,179.54,600,179.55,800,179.57,700,179.58,1200,179.61,600,179.62,100
2026-02-05 09:32:21,179.185,179.2,1,179.01,600,179.36,300,179.36,179.01,179.01,600,,,,,,,,,,,,,,,,,,,179.36,300,179.45,500,179.46,600,179.52,800,179.54,600,179.55,800,179.57,700,179.58,1200,179.61,600,179.62,100
2026-02-05 09:32:22,179.035,179.16,2,178.9,400,179.17,500,179.17,178.9,178.9,400,178.89,300,,,,,,,,,,,,,,,,,179.17,500,179.18,300,179.19,300,179.22,300,179.23,400,179.3,600,179.31,100,179.36,400,179.45,500,179.46,600
2026-02-05 09:32:23,179.07,179.15,1,178.92,400,179.22,300,179.22,178.92,178.92,400,178.91,300,178.9,1000,178.89,300,,,,,,,,,,,,,179.22,300,179.26,800,179.3,600,179.31,100,179.36,400,179.45,500,179.46,600,179.52,800,179.54,600,179.55,800
2026-02-05 09:32:24,179.09,179.18,1,178.97,800,179.21,100,179.21,178.97,178.97,800,178.92,400,178.91,300,178.9,1000,178.89,300,,,,,,,,,,,179.21,100,179.22,200,179.26,800,179.3,600,179.31,100,179.36,400,179.45,500,179.46,600,179.52,800,179.54,600
2026-02-05 09:32:25,179.105,179.18,1,179.0,100,179.21,100,179.21,179.0,179.0,100,178.97,800,178.92,400,178.91,300,178.9,1000,178.89,300,,,,,,,,,179.21,100,179.22,200,179.26,800,179.3,600,179.31,100,179.36,400,179.45,500,179.46,600,179.52,800,179.54,600
2026-02-05 09:32:26,179.1,179.18,1,179.0,600,179.2,100,179.2,179.0,179.0,600,178.97,800,178.92,400,178.91,300,178.9,1000,178.89,300,,,,,,,,,179.2,100,179.21,200,179.22,200,179.26,800,179.3,600,179.31,100,179.36,400,179.45,500,179.46,600,179.52,800
2026-02-05 09:32:27,179.105,179.19,1,179.0,600,179.21,100,179.21,179.0,179.0,600,178.97,800,178.92,400,178.91,300,178.9,1000,178.89,300,,,,,,,,,179.21,100,179.22,200,179.26,800,179.3,600,179.31,100,179.36,400,179.45,500,179.46,600,179.52,800,179.54,600
2026-02-05 09:32:28,179.105,179.19,1,179.0,700,179.21,100,179.21,179.0,179.0,700,178.97,800,178.92,400,178.91,300,178.9,1000,178.89,300,,,,,,,,,179.21,100,179.22,200,179.26,800,179.3,600,179.31,100,179.36,400,179.45,500,179.46,600,179.52,800,179.54,600
2026-02-05 09:32:29,179.105,179.0,54,179.0,700,179.21,200,179.21,179.0,179.0,700,178.97,800,178.92,400,178.91,300,178.9,1000,178.89,300,,,,,,,,,179.21,200,179.22,200,179.26,800,179.3,600,179.31,100,179.36,400,179.45,500,179.46,600,179.52,800,179.54,600
2026-02-05 09:32:30,179.205,179.16,1,179.11,400,179.3,300,179.3,179.11,179.11,400,179.0,700,178.97,800,178.92,400,178.91,300,178.9,1000,178.89,300,,,,,,,179.3,300,179.31,100,179.36,400,179.45,500,179.46,600,179.52,800,179.54,600,179.55,800,179.57,700,179.58,1200
2026-02-05 09:32:31,179.2,179.16,1,179.11,400,179.29,300,179.29,179.11,179.11,400,179.0,700,178.97,800,178.92,400,178.91,300,178.9,1000,178.89,300,,,,,,,179.29,300,179.3,600,179.31,100,179.36,400,179.45,500,179.46,600,179.52,800,179.54,600,179.55,800,179.57,700
2026-02-05 09:32:32,179.18,179.2,1,179.11,800,179.25,100,179.25,179.11,179.11,700,179.0,700,178.97,800,178.92,400,178.91,300,178.9,1000,178.89,300,,,,,,,179.25,100,179.29,300,179.3,600,179.31,100,179.36,400,179.45,500,179.46,600,179.52,800,179.54,600,179.55,800
2026-02-05 09:32:33,179.2,179.2,1,179.11,700,179.29,300,179.29,179.11,179.11,700,179.0,700,178.97,800,178.92,400,178.91,300,178.9,1000,178.89,300,,,,,,,179.29,300,179.3,600,179.31,100,179.36,400,179.45,500,179.46,600,179.52,800,179.54,600,179.55,800,179.57,700
2026-02-05 09:32:34,179.2,179.2,1,179.11,700,179.29,300,179.29,179.11,179.11,700,179.0,700,178.97,800,178.92,400,178.91,300,178.9,1000,178.89,300,,,,,,,179.29,300,179.3,600,179.31,100,179.36,400,179.45,500,179.46,600,179.52,800,179.54,600,179.55,800,179.57,700
2026-02-05 09:32:35,179.2,179.2,1,179.11,800,179.29,300,179.29,179.11,179.11,800,179.0,700,178.97,800,178.92,400,178.91,300,178.9,1000,178.89,300,,,,,,,179.29,300,179.3,600,179.31,100,179.36,400,179.45,500,179.46,600,179.52,800,179.54,600,179.55,800,179.57,700
2026-02-05 09:32:36,179.2,179.2,1,179.11,800,179.29,400,179.29,179.11,179.11,800,179.0,700,178.97,800,178.92,400,178.91,300,178.9,1000,178.89,300,,,,,,,179.29,400,179.3,600,179.31,100,179.36,400,179.45,500,179.46,600,179.52,800,179.54,600,179.55,800,179.57,700
2026-02-05 09:32:37,179.12,179.11,1,179.0,300,179.24,500,179.24,179.0,179.0,300,178.97,800,178.92,400,178.91,300,178.9,1000,178.89,300,,,,,,,,,179.24,500,179.25,400,179.29,300,179.3,600,179.31,100,179.36,400,179.45,500,179.46,600,179.52,800,179.54,600
2026-02-05 09:32:38,179.145,179.11,1,179.0,300,179.29,300,179.29,179.0,179.0,300,178.97,800,178.92,400,178.91,300,178.9,1000,178.89,300,,,,,,,,,179.29,300,179.3,600,179.31,100,179.36,400,179.45,500,179.46,600,179.52,800,179.54,600,179.55,800,179.57,700
2026-02-05 09:32:39,179.08,179.06,2,179.0,300,179.16,200,179.16,179.0,179.0,300,178.97,800,178.92,400,178.91,300,178.9,1000,178.89,300,,,,,,,,,179.16,200,179.2,500,179.22,500,179.24,500,179.25,100,179.26,100,179.29,500,179.3,600,179.31,100,179.36,400
2026-02-05 09:32:40,179.08,179.06,2,179.0,300,179.16,300,179.16,179.0,179.0,300,178.97,800,178.92,400,178.91,300,178.9,1000,178.89,300,,,,,,,,,179.16,300,179.2,500,179.22,500,179.24,500,179.25,100,179.26,100,179.29,500,179.3,600,179.31,100,179.36,400
2026-02-05 09:32:41,179.105,179.06,2,179.0,300,179.21,400,179.21,179.0,179.0,300,178.97,800,178.92,400,178.91,300,178.9,1000,178.89,300,,,,,,,,,179.21,400,179.24,500,179.25,100,179.26,100,179.29,500,179.3,600,179.31,100,179.36,400,179.45,500,179.46,600
2026-02-05 09:32:42,179.105,179.06,2,179.0,300,179.21,1000,179.21,179.0,179.0,300,178.97,800,178.92,400,178.91,300,178.9,1000,178.89,300,,,,,,,,,179.21,1000,179.24,500,179.25,100,179.26,100,179.29,500,179.3,600,179.31,100,179.36,400,179.45,500,179.46,600
2026-02-05 09:32:43,179.03,179.01,1,178.9,900,179.16,400,179.16,178.9,178.9,900,178.86,300,,,,,,,,,,,,,,,,,179.16,400,179.21,900,179.24,500,179.25,100,179.26,100,179.29,500,179.3,600,179.31,100,179.36,400,179.45,500
2026-02-05 09:32:44,179.04,179.01,1,178.9,900,179.18,300,179.18,178.9,178.9,900,178.86,300,,,,,,,,,,,,,,,,,179.18,300,179.25,200,179.26,100,179.29,500,179.3,600,179.31,100,179.36,400,179.45,500,179.46,600,179.52,800
2026-02-05 09:32:45,179.15,179.01,1,179.01,200,179.29,300,179.29,179.01,179.01,200,178.98,500,178.97,800,178.91,100,178.9,900,178.86,300,,,,,,,,,179.29,300,179.3,600,179.31,100,179.36,400,179.45,500,179.46,600,179.52,800,179.54,600,179.55,800,179.57,700
2026-02-05 09:32:46,179.15,179.01,1,179.01,200,179.29,300,179.29,179.01,179.01,200,178.98,500,178.97,800,178.91,100,178.9,900,178.86,300,,,,,,,,,179.29,300,179.3,600,179.31,100,179.36,400,179.45,500,179.46,600,179.52,800,179.54,600,179.55,800,179.57,700
2026-02-05 09:32:47,179.13,179.01,1,179.01,800,179.25,400,179.25,179.01,179.01,800,178.98,500,178.97,800,178.91,100,178.9,900,178.86,300,,,,,,,,,179.25,400,179.26,100,179.29,300,179.3,600,179.31,100,179.36,400,179.45,500,179.46,600,179.52,800,179.54,600
2026-02-05 09:32:48,179.11,179.01,1,179.01,800,179.21,500,179.21,179.01,179.01,800,178.98,500,178.97,800,178.91,100,178.9,900,178.86,300,,,,,,,,,179.21,500,179.22,500,179.23,500,179.25,400,179.26,100,179.29,300,179.3,600,179.31,100,179.36,400,179.45,500
2026-02-05 09:32:49,178.895,178.99,1,178.8,200,178.99,300,178.99,178.8,178.8,200,,,,,,,,,,,,,,,,,,,178.99,300,179.01,400,179.02,500,179.03,300,179.04,400,179.09,400,179.11,300,179.12,400,179.13,500,179.19,300
2026-02-05 09:32:50,178.82,178.74,2,178.72,100,178.92,400,178.92,178.72,178.72,100,178.71,100,178.7,300,,,,,,,,,,,,,,,178.92,400,178.96,100,178.97,300,178.98,300,178.99,400,179.01,400,179.02,500,179.03,300,179.04,400,179.09,400
2026-02-05 09:32:51,178.825,178.74,2,178.72,100,178.93,300,178.93,178.72,178.72,100,178.71,100,178.7,300,,,,,,,,,,,,,,,178.93,300,178.96,100,178.97,300,178.98,300,178.99,400,179.01,400,179.02,500,179.03,300,179.04,400,179.09,400
2026-02-05 09:32:52,178.795,178.87,1,178.72,100,178.87,100,178.87,178.72,178.72,100,178.71,100,178.7,300,,,,,,,,,,,,,,,178.87,100,178.88,100,178.93,500,178.99,600,179.01,400,179.02,500,179.03,300,179.04,400,179.09,400,179.11,300
2026-02-05 09:32:53,178.695,178.65,2,178.6,400,178.79,100,178.79,178.6,178.6,400,,,,,,,,,,,,,,,,,,,178.79,100,178.81,600,178.82,600,178.83,500,178.85,500,178.86,300,178.87,400,178.88,100,178.93,500,178.99,600
2026-02-05 09:32:54,178.67,178.7,1,178.6,400,178.74,100,178.74,178.6,178.6,400,,,,,,,,,,,,,,,,,,,178.74,100,178.78,500,178.79,100,178.81,600,178.82,600,178.83,500,178.85,500,178.86,300,178.87,400,178.88,100
2026-02-05 09:32:55,178.705,178.73,1,178.62,200,178.79,200,178.79,178.62,178.62,200,178.6,600,,,,,,,,,,,,,,,,,178.79,200,178.8,100,178.81,100,178.82,600,178.83,500,178.85,500,178.86,300,178.87,400,178.88,100,178.93,500
2026-02-05 09:32:56,178.68,178.73,1,178.62,200,178.74,100,178.74,178.62,178.62,200,178.6,600,,,,,,,,,,,,,,,,,178.74,100,178.79,200,178.8,100,178.81,100,178.82,600,178.83,500,178.85,500,178.86,300,178.87,400,178.88,100
2026-02-05 09:32:57,178.685,178.63,1,178.63,100,178.74,200,178.74,178.63,178.63,100,178.62,200,178.6,600,,,,,,,,,,,,,,,178.74,200,178.79,200,178.8,100,178.81,100,178.82,600,178.83,500,178.85,500,178.86,300,178.87,400,178.88,100
2026-02-05 09:32:58,178.545,178.64,1,178.47,200,178.62,100,178.62,178.47,178.47,200,,,,,,,,,,,,,,,,,,,178.62,100,178.67,100,178.69,500,178.7,400,178.72,300,178.73,500,178.74,700,178.79,200,178.8,100,178.81,100
2026-02-05 09:32:59,178.545,178.61,1,178.47,200,178.62,200,178.62,178.47,178.47,200,,,,,,,,,,,,,,,,,,,178.62,200,178.67,100,178.69,500,178.7,400,178.72,300,178.73,500,178.74,700,178.79,200,178.8,100,178.81,100
2026-02-05 09:33:00,178.545,178.55,1,178.47,200,178.62,600,178.62,178.47,178.47,200,,,,,,,,,,,,,,,,,,,178.62,600,178.67,100,178.69,500,178.7,400,178.72,300,178.73,500,178.74,700,178.79,200,178.8,100,178.81,100
2026-02-05 09:33:01,178.605,178.56,1,178.47,400,178.74,100,178.74,178.47,178.47,400,178.45,100,178.44,400,,,,,,,,,,,,,,,178.74,100,178.75,100,178.79,200,178.8,100,178.81,100,178.82,600,178.83,500,178.85,500,178.86,300,178.87,400
2026-02-05 09:33:02,178.665,178.56,1,178.51,300,178.82,700,178.82,178.51,178.51,300,178.49,500,178.47,600,178.45,100,178.44,400,,,,,,,,,,,178.82,700,178.83,500,178.85,500,178.86,300,178.87,400,178.88,100,178.93,500,178.99,600,179.01,400,179.02,500
2026-02-05 09:33:03,178.665,178.56,1,178.51,300,178.82,700,178.82,178.51,178.51,300,178.49,500,178.47,600,178.45,100,178.44,400,,,,,,,,,,,178.82,700,178.83,500,178.85,500,178.86,300,178.87,400,178.88,100,178.93,500,178.99,600,179.01,400,179.02,500
2026-02-05 09:33:04,178.76,178.82,1,178.65,600,178.87,400,178.87,178.65,178.65,600,178.51,300,178.49,500,178.47,600,178.45,100,178.44,400,,,,,,,,,178.87,400,178.88,100,178.93,500,178.99,600,179.01,400,179.02,500,179.03,300,179.04,400,179.09,400,179.11,300
2026-02-05 09:33:05,178.695,178.65,14,178.52,400,178.87,400,178.87,178.52,178.52,400,178.51,300,178.49,500,178.47,600,178.45,100,178.44,400,,,,,,,,,178.87,400,178.88,100,178.93,500,178.99,600,179.01,400,179.02,500,179.03,300,179.04,400,179.09,400,179.11,300
2026-02-05 09:33:06,178.695,178.7,1,178.52,500,178.87,400,178.87,178.52,178.52,500,178.51,300,178.49,500,178.47,600,178.45,100,178.44,400,,,,,,,,,178.87,400,178.88,100,178.93,500,178.99,600,179.01,400,179.02,500,179.03,300,179.04,400,179.09,400,179.11,300
2026-02-05 09:33:07,178.78,178.7,1,178.69,800,178.87,500,178.87,178.69,178.69,800,178.52,500,178.51,300,178.49,500,178.47,600,178.45,100,178.44,400,,,,,,,178.87,500,178.88,100,178.93,500,178.99,600,179.01,400,179.02,500,179.03,300,179.04,400,179.09,400,179.11,300
2026-02-05 09:33:08,178.78,178.7,1,178.69,800,178.87,500,178.87,178.69,178.69,800,178.52,500,178.51,300,178.49,500,178.47,600,178.45,100,178.44,400,,,,,,,178.87,500,178.88,100,178.93,500,178.99,600,179.01,400,179.02,500,179.03,300,179.04,400,179.09,400,179.11,300
2026-02-05 09:33:09,178.78,178.7,1,178.69,800,178.87,500,178.87,178.69,178.69,800,178.52,500,178.51,300,178.49,500,178.47,600,178.45,100,178.44,400,,,,,,,178.87,500,178.88,100,178.93,500,178.99,600,179.01,400,179.02,500,179.03,300,179.04,400,179.09,400,179.11,300
2026-02-05 09:33:10,178.78,178.79,1,178.69,700,178.87,500,178.87,178.69,178.69,700,178.52,500,178.51,300,178.49,500,178.47,600,178.45,100,178.44,400,,,,,,,178.87,500,178.88,100,178.93,500,178.99,600,179.01,400,179.02,500,179.03,300,179.04,400,179.09,400,179.11,300
2026-02-05 09:33:11,178.78,178.73,2,178.69,700,178.87,500,178.87,178.69,178.69,700,178.52,500,178.51,300,178.49,500,178.47,600,178.45,100,178.44,400,,,,,,,178.87,500,178.88,100,178.93,500,178.99,600,179.01,400,179.02,500,179.03,300,179.04,400,179.09,400,179.11,300
2026-02-05 09:33:12,178.78,178.77,1,178.69,800,178.87,500,178.87,178.69,178.69,800,178.52,500,178.51,300,178.49,500,178.47,600,178.45,100,178.44,400,,,,,,,178.87,500,178.88,100,178.93,500,178.99,600,179.01,400,179.02,500,179.03,300,179.04,400,179.09,400,179.11,300
2026-02-05 09:33:13,178.78,178.76,1,178.69,800,178.87,500,178.87,178.69,178.69,800,178.52,500,178.51,300,178.49,500,178.47,600,178.45,100,178.44,400,,,,,,,178.87,500,178.88,100,178.93,500,178.99,600,179.01,400,179.02,500,179.03,300,179.04,400,179.09,400,179.11,300
2026-02-05 09:33:14,178.78,178.78,4,178.69,800,178.87,500,178.87,178.69,178.69,800,178.52,500,178.51,300,178.49,500,178.47,600,178.45,100,178.44,400,,,,,,,178.87,500,178.88,100,178.93,500,178.99,600,179.01,400,179.02,500,179.03,300,179.04,400,179.09,400,179.11,300
2026-02-05 09:33:15,178.78,178.78,3,178.69,800,178.87,500,178.87,178.69,178.69,800,178.52,500,178.51,300,178.49,500,178.47,600,178.45,100,178.44,400,,,,,,,178.87,500,178.88,100,178.93,500,178.99,600,179.01,400,179.02,500,179.03,300,179.04,400,179.09,400,179.11,300
2026-02-05 09:33:16,178.78,178.71,1,178.69,800,178.87,500,178.87,178.69,178.69,800,178.52,500,178.51,300,178.49,500,178.47,600,178.45,100,178.44,400,,,,,,,178.87,500,178.88,100,178.93,500,178.99,600,179.01,400,179.02,500,179.03,300,179.04,400,179.09,400,179.11,300
2026-02-05 09:33:17,178.78,178.7,1,178.69,1000,178.87,500,178.87,178.69,178.69,1000,178.52,500,178.51,300,178.49,500,178.47,600,178.45,100,178.44,400,,,,,,,178.87,500,178.88,100,178.93,500,178.99,600,179.01,400,179.02,500,179.03,300,179.04,400,179.09,400,179.11,300
2026-02-05 09:33:18,178.78,178.7,1,178.69,1000,178.87,500,178.87,178.69,178.69,1000,178.52,500,178.51,300,178.49,500,178.47,600,178.45,100,178.44,400,,,,,,,178.87,500,178.88,100,178.93,500,178.99,600,179.01,400,179.02,500,179.03,300,179.04,400,179.09,400,179.11,300
2026-02-05 09:33:19,178.78,178.78,1,178.69,1000,178.87,500,178.87,178.69,178.69,1000,178.52,500,178.51,300,178.49,500,178.47,600,178.45,100,178.44,400,,,,,,,178.87,500,178.88,100,178.93,500,178.99,600,179.01,400,179.02,500,179.03,300,179.04,400,179.09,400,179.11,300
2026-02-05 09:33:20,178.78,178.76,1,178.69,1000,178.87,500,178.87,178.69,178.69,1000,178.52,500,178.51,300,178.49,500,178.47,600,178.45,100,178.44,400,,,,,,,178.87,500,178.88,100,178.93,500,178.99,600,179.01,400,179.02,500,179.03,300,179.04,400,179.09,400,179.11,300
2026-02-05 09:33:21,178.865,178.79,1,178.78,900,178.95,600,178.95,178.78,178.78,900,178.69,1100,178.52,500,178.51,300,178.49,500,178.47,600,178.45,100,178.44,400,,,,,178.95,600,178.96,100,178.99,600,179.01,400,179.02,500,179.03,300,179.04,400,179.09,400,179.11,300,179.12,400
2026-02-05 09:33:22,178.86,178.86,1,178.78,900,178.94,100,178.94,178.78,178.78,900,178.69,1100,178.52,500,178.51,300,178.49,500,178.47,600,178.45,100,178.44,400,,,,,178.94,100,178.95,600,178.96,100,178.99,600,179.01,400,179.02,500,179.03,300,179.04,400,179.09,400,179.11,300
2026-02-05 09:33:23,178.95,178.93,1,178.83,700,179.07,400,179.07,178.83,178.83,700,178.78,900,178.69,1100,178.52,500,178.51,300,178.49,500,178.47,600,178.45,100,178.44,400,,,179.07,400,179.09,400,179.11,300,179.12,400,179.13,500,179.19,300,179.2,600,179.21,700,179.22,500,179.23,500
2026-02-05 09:33:24,178.975,178.98,2,178.83,800,179.12,500,179.12,178.83,178.83,800,178.78,900,178.69,1100,178.52,500,178.51,300,178.49,500,178.47,600,178.45,100,178.44,400,,,179.12,500,179.13,500,179.19,300,179.2,600,179.21,700,179.22,500,179.23,500,179.25,400,179.26,100,179.29,300
2026-02-05 09:33:25,178.975,178.98,1,178.83,700,179.12,700,179.12,178.83,178.83,700,178.78,900,178.69,1100,178.52,500,178.51,300,178.49,500,178.47,600,178.45,100,178.44,400,,,179.12,700,179.13,500,179.19,300,179.2,600,179.21,700,179.22,500,179.23,500,179.25,400,179.26,100,179.29,300
2026-02-05 09:33:26,178.935,178.98,1,178.87,400,179.0,200,179.0,178.87,178.87,400,178.83,700,178.78,900,178.69,1100,178.52,500,178.51,300,178.49,500,178.47,600,178.45,100,178.44,400,179.0,200,179.11,400,179.12,700,179.13,500,179.19,300,179.2,600,179.21,700,179.22,500,179.23,500,179.25,400
2026-02-05 09:33:27,178.935,178.98,1,178.87,500,179.0,200,179.0,178.87,178.87,500,178.83,700,178.78,900,178.69,1100,178.52,500,178.51,300,178.49,500,178.47,600,178.45,100,178.44,400,179.0,200,179.11,400,179.12,700,179.13,500,179.19,300,179.2,600,179.21,700,179.22,500,179.23,500,179.25,400
2026-02-05 09:33:28,178.935,178.93,1,178.87,500,179.0,200,179.0,178.87,178.87,500,178.83,700,178.78,900,178.69,1100,178.52,500,178.51,300,178.49,500,178.47,600,178.45,100,178.44,400,179.0,200,179.11,400,179.12,700,179.13,500,179.19,300,179.2,600,179.21,700,179.22,500,179.23,500,179.25,400
2026-02-05 09:33:29,178.935,178.93,1,178.87,500,179.0,200,179.0,178.87,178.87,500,178.83,700,178.78,900,178.69,1100,178.52,500,178.51,300,178.49,500,178.47,600,178.45,100,178.44,400,179.0,200,179.11,400,179.12,700,179.13,500,179.19,300,179.2,600,179.21,700,179.22,500,179.23,500,179.25,400
2026-02-05 09:33:30,178.935,178.94,1,178.87,500,179.0,200,179.0,178.87,178.87,500,178.83,700,178.78,900,178.69,1100,178.52,500,178.51,300,178.49,500,178.47,600,178.45,100,178.44,400,179.0,200,179.11,400,179.12,700,179.13,500,179.19,300,179.2,600,179.21,700,179.22,500,179.23,500,179.25,400
2026-02-05 09:33:31,179.03,179.03,2,178.95,400,179.11,500,179.11,178.95,178.95,400,178.93,100,178.89,100,178.87,900,178.83,700,178.78,900,178.69,1100,178.52,500,178.51,300,178.49,500,179.11,500,179.12,700,179.13,500,179.19,300,179.2,600,179.21,700,179.22,500,179.23,500,179.25,400,179.26,100
2026-02-05 09:33:32,179.03,179.03,2,178.95,100,179.11,500,179.11,178.95,178.95,100,178.94,500,178.93,100,178.89,100,178.87,900,178.83,700,178.78,900,178.69,1100,178.52,500,178.51,300,179.11,500,179.12,700,179.13,500,179.19,300,179.2,600,179.21,700,179.22,500,179.23,500,179.25,400,179.26,100
2026-02-05 09:33:33,179.03,179.03,2,178.95,600,179.11,500,179.11,178.95,178.95,600,178.94,500,178.93,100,178.89,100,178.87,900,178.83,700,178.78,900,178.69,1100,178.52,500,178.51,300,179.11,500,179.12,700,179.13,500,179.19,300,179.2,600,179.21,700,179.22,500,179.23,500,179.25,400,179.26,100
2026-02-05 09:33:34,179.03,179.03,2,178.95,600,179.11,500,179.11,178.95,178.95,600,178.94,500,178.93,100,178.89,100,178.87,900,178.83,700,178.78,900,178.69,1100,178.52,500,178.51,300,179.11,500,179.12,700,179.13,500,179.19,300,179.2,600,179.21,700,179.22,500,179.23,500,179.25,400,179.26,100
2026-02-05 09:33:35,179.105,179.11,1,179.03,700,179.18,100,179.18,179.03,179.03,700,178.95,700,178.94,500,178.93,100,178.89,100,178.87,900,178.83,700,178.78,900,178.69,1100,178.52,500,179.18,100,179.19,300,179.2,600,179.21,700,179.22,500,179.23,500,179.25,400,179.26,100,179.29,300,179.3,600
2026-02-05 09:33:36,179.1,179.11,1,179.03,800,179.17,300,179.17,179.03,179.03,800,178.95,700,178.94,500,178.93,100,178.89,100,178.87,900,178.83,700,178.78,900,178.69,1100,178.52,500,179.17,300,179.18,300,179.19,300,179.2,600,179.21,700,179.22,500,179.23,500,179.25,400,179.26,100,179.29,300
2026-02-05 09:33:37,179.03,179.03,1,178.95,800,179.11,600,179.11,178.95,178.95,800,178.94,500,178.93,100,178.89,100,178.87,900,178.83,700,178.78,900,178.69,1100,178.52,500,178.51,300,179.11,600,179.14,500,179.16,400,179.17,700,179.18,300,179.19,300,179.2,600,179.21,700,179.22,500,179.23,500
2026-02-05 09:33:38,179.03,179.03,1,178.95,600,179.11,600,179.11,178.95,178.95,600,178.94,500,178.93,100,178.89,100,178.87,900,178.83,700,178.78,900,178.69,1100,178.52,500,178.51,300,179.11,600,179.14,500,179.16,400,179.17,700,179.18,300,179.19,300,179.2,600,179.21,700,179.22,500,179.23,500
2026-02-05 09:33:39,178.995,178.96,1,178.95,600,179.04,300,179.04,178.95,178.95,600,178.94,500,178.93,100,178.89,100,178.87,900,178.83,700,178.78,900,178.69,1100,178.52,500,178.51,300,179.04,300,179.1,500,179.11,800,179.14,500,179.16,400,179.17,700,179.18,300,179.19,300,179.2,600,179.21,700
2026-02-05 09:33:40,179.02,178.99,1,178.9,700,179.14,400,179.14,178.9,178.9,700,178.89,100,178.87,900,178.83,700,178.78,900,178.69,1100,178.52,500,178.51,300,178.49,500,178.47,600,179.14,400,179.16,400,179.17,700,179.18,300,179.19,300,179.2,600,179.21,700,179.22,500,179.23,500,179.25,400
2026-02-05 09:33:41,179.02,178.9,1,178.9,800,179.14,400,179.14,178.9,178.9,800,178.89,100,178.87,900,178.83,700,178.78,900,178.69,1100,178.52,500,178.51,300,178.49,500,178.47,600,179.14,400,179.16,400,179.17,700,179.18,300,179.19,300,179.2,600,179.21,700,179.22,500,179.23,500,179.25,400
2026-02-05 09:33:42,179.02,178.9,1,178.9,800,179.14,400,179.14,178.9,178.9,800,178.89,100,178.87,900,178.83,700,178.78,900,178.69,1100,178.52,500,178.51,300,178.49,500,178.47,600,179.14,400,179.16,400,179.17,700,179.18,300,179.19,300,179.2,600,179.21,700,179.22,500,179.23,500,179.25,400
2026-02-05 09:33:43,179.025,178.98,1,178.9,800,179.15,200,179.15,178.9,178.9,800,178.89,100,178.87,900,178.83,700,178.78,900,178.69,1100,178.52,500,178.51,300,178.49,500,178.47,600,179.15,200,179.16,400,179.17,700,179.18,300,179.19,300,179.2,600,179.21,700,179.22,500,179.23,500,179.25,400
2026-02-05 09:33:44,179.0,178.98,1,178.9,800,179.1,700,179.1,178.9,178.9,800,178.89,100,178.87,900,178.83,700,178.78,900,178.69,1100,178.52,500,178.51,300,178.49,500,178.47,600,179.1,700,179.15,200,179.16,400,179.17,700,179.18,300,179.19,300,179.2,600,179.21,700,179.22,500,179.23,500
2026-02-05 09:33:45,179.0,178.98,1,178.9,900,179.1,700,179.1,178.9,178.9,900,178.89,100,178.87,900,178.83,700,178.78,900,178.69,1100,178.52,500,178.51,300,178.49,500,178.47,600,179.1,700,179.15,200,179.16,400,179.17,700,179.18,300,179.19,300,179.2,600,179.21,700,179.22,500,179.23,500
2026-02-05 09:33:46,179.085,179.1,3,179.0,400,179.17,600,179.17,179.0,179.0,400,178.92,100,178.91,100,178.9,900,178.89,100,178.87,900,178.83,700,178.78,900,178.69,1100,178.52,500,179.17,600,179.18,300,179.19,300,179.2,600,179.21,700,179.22,500,179.23,500,179.25,400,179.26,100,179.29,300
2026-02-05 09:33:47,179.125,179.16,1,179.01,400,179.24,200,179.24,179.01,179.01,400,179.0,400,178.92,100,178.91,100,178.9,900,178.89,100,178.87,900,178.83,700,178.78,900,178.69,1100,179.24,200,179.25,600,179.26,100,179.29,300,179.3,600,179.31,100,179.36,400,179.45,500,179.46,600,179.52,800
2026-02-05 09:33:48,179.155,179.16,1,179.07,400,179.24,200,179.24,179.07,179.07,400,179.01,400,179.0,400,178.92,100,178.91,100,178.9,900,178.89,100,178.87,900,178.83,700,178.78,900,179.24,200,179.25,600,179.26,100,179.29,300,179.3,600,179.31,100,179.36,400,179.45,500,179.46,600,179.52,800
2026-02-05 09:33:49,179.15,179.16,1,179.07,400,179.23,100,179.23,179.07,179.07,400,179.01,400,179.0,400,178.92,100,178.91,100,178.9,900,178.89,100,178.87,900,178.83,700,178.78,900,179.23,100,179.24,200,179.25,600,179.26,100,179.29,300,179.3,600,179.31,100,179.36,400,179.45,500,179.46,600
2026-02-05 09:33:50,179.145,179.16,1,179.07,400,179.22,100,179.22,179.07,179.07,400,179.01,400,179.0,400,178.92,100,178.91,100,178.9,900,178.89,100,178.87,900,178.83,700,178.78,900,179.22,100,179.24,200,179.25,600,179.26,100,179.29,300,179.3,600,179.31,100,179.36,400,179.45,500,179.46,600
2026-02-05 09:33:51,179.145,179.15,1,179.07,600,179.22,100,179.22,179.07,179.07,600,179.01,400,179.0,400,178.92,100,178.91,100,178.9,900,178.89,100,178.87,900,178.83,700,178.78,900,179.22,100,179.24,200,179.25,600,179.26,100,179.29,300,179.3,600,179.31,100,179.36,400,179.45,500,179.46,600
2026-02-05 09:33:52,179.145,179.15,1,179.07,600,179.22,300,179.22,179.07,179.07,600,179.01,400,179.0,400,178.92,100,178.91,100,178.9,900,178.89,100,178.87,900,178.83,700,178.78,900,179.22,300,179.24,200,179.25,600,179.26,100,179.29,300,179.3,600,179.31,100,179.36,400,179.45,500,179.46,600
2026-02-05 09:33:53,179.145,179.22,2,179.07,600,179.22,300,179.22,179.07,179.07,600,179.01,400,179.0,400,178.92,100,178.91,100,178.9,900,178.89,100,178.87,900,178.83,700,178.78,900,179.22,300,179.24,200,179.25,600,179.26,100,179.29,300,179.3,600,179.31,100,179.36,400,179.45,500,179.46,600
2026-02-05 09:33:54,179.145,179.22,2,179.07,500,179.22,300,179.22,179.07,179.07,500,179.01,400,179.0,400,178.92,100,178.91,100,178.9,900,178.89,100,178.87,900,178.83,700,178.78,900,179.22,300,179.24,200,179.25,600,179.26,100,179.29,300,179.3,600,179.31,100,179.36,400,179.45,500,179.46,600
2026-02-05 09:33:55,179.145,179.2,1,179.07,700,179.22,600,179.22,179.07,179.07,700,179.01,400,179.0,400,178.92,100,178.91,100,178.9,900,178.89,100,178.87,900,178.83,700,178.78,900,179.22,600,179.24,200,179.25,600,179.26,100,179.29,300,179.3,600,179.31,100,179.36,400,179.45,500,179.46,600
2026-02-05 09:33:56,179.145,179.2,1,179.07,700,179.22,600,179.22,179.07,179.07,700,179.01,400,179.0,400,178.92,100,178.91,100,178.9,900,178.89,100,178.87,900,178.83,700,178.78,900,179.22,600,179.24,200,179.25,600,179.26,100,179.29,300,179.3,600,179.31,100,179.36,400,179.45,500,179.46,600
2026-02-05 09:33:57,179.145,179.15,1,179.07,500,179.22,600,179.22,179.07,179.07,500,179.01,400,179.0,400,178.92,100,178.91,100,178.9,900,178.89,100,178.87,900,178.83,700,178.78,900,179.22,600,179.24,200,179.25,600,179.26,100,179.29,300,179.3,600,179.31,100,179.36,400,179.45,500,179.46,600
2026-02-05 09:33:58,179.145,179.07,1,179.07,500,179.22,600,179.22,179.07,179.07,500,179.01,400,179.0,400,178.92,100,178.91,100,178.9,900,178.89,100,178.87,900,178.83,700,178.78,900,179.22,600,179.24,200,179.25,600,179.26,100,179.29,300,179.3,600,179.31,100,179.36,400,179.45,500,179.46,600
2026-02-05 09:33:59,179.145,179.07,1,179.07,700,179.22,600,179.22,179.07,179.07,700,179.01,400,179.0,400,178.92,100,178.91,100,178.9,900,178.89,100,178.87,900,178.83,700,178.78,900,179.22,600,179.24,200,179.25,600,179.26,100,179.29,300,179.3,600,179.31,100,179.36,400,179.45,500,179.46,600
2026-02-05 09:34:00,179.145,179.07,1,179.07,700,179.22,600,179.22,179.07,179.07,700,179.01,400,179.0,400,178.92,100,178.91,100,178.9,900,178.89,100,178.87,900,178.83,700,178.78,900,179.22,600,179.24,200,179.25,600,179.26,100,179.29,300,179.3,600,179.31,100,179.36,400,179.45,500,179.46,600
2026-02-05 09:34:01,179.195,179.18,1,179.16,100,179.23,100,179.23,179.16,179.16,100,179.15,500,179.14,700,179.1,100,179.08,100,179.07,700,179.01,400,179.0,400,178.92,100,178.91,100,179.23,100,179.24,200,179.25,600,179.26,100,179.29,300,179.3,600,179.31,100,179.36,400,179.45,500,179.46,600
2026-02-05 09:34:02,179.165,179.22,1,179.1,100,179.23,100,179.23,179.1,179.1,100,179.08,100,179.07,700,179.01,400,179.0,400,178.92,100,178.91,100,178.9,900,178.89,100,178.87,900,179.23,100,179.24,200,179.25,600,179.26,100,179.29,300,179.3,600,179.31,100,179.36,400,179.45,500,179.46,600
2026-02-05 09:34:03,179.13,179.22,1,179.07,800,179.19,200,179.19,179.07,179.07,800,179.01,400,179.0,400,178.92,100,178.91,100,178.9,900,178.89,100,178.87,900,178.83,700,178.78,900,179.19,200,179.22,300,179.23,500,179.24,200,179.25,600,179.26,100,179.29,300,179.3,600,179.31,100,179.36,400
2026-02-05 09:34:04,179.03,179.06,1,178.94,200,179.12,300,179.12,178.94,178.94,200,178.93,100,178.92,200,178.91,100,178.9,900,178.89,100,178.87,900,178.83,700,178.78,900,178.69,1100,179.12,300,179.14,300,179.16,500,179.19,200,179.22,300,179.23,500,179.24,200,179.25,600,179.26,100,179.29,300
2026-02-05 09:34:05,178.97,178.97,3,178.89,200,179.05,200,179.05,178.89,178.89,200,178.87,900,178.83,700,178.78,900,178.69,1100,178.52,500,178.51,300,178.49,500,178.47,600,178.45,100,179.05,200,179.07,400,179.08,100,179.12,400,179.14,300,179.16,500,179.19,200,179.22,300,179.23,500,179.24,200
2026-02-05 09:34:06,178.95,178.97,3,178.89,300,179.01,100,179.01,178.89,178.89,300,178.87,900,178.83,700,178.78,900,178.69,1100,178.52,500,178.51,300,178.49,500,178.47,600,178.45,100,179.01,100,179.05,100,179.06,100,179.07,100,179.08,100,179.09,100,179.12,400,179.14,300,179.16,500,179.19,200
2026-02-05 09:34:07,178.95,178.97,3,178.89,300,179.01,100,179.01,178.89,178.89,300,178.87,900,178.83,700,178.78,900,178.69,1100,178.52,500,178.51,300,178.49,500,178.47,600,178.45,100,179.01,100,179.05,100,179.06,100,179.07,100,179.08,100,179.09,100,179.12,400,179.14,300,179.16,500,179.19,200
2026-02-05 09:34:08,178.94,178.97,1,178.88,200,179.0,100,179.0,178.88,178.88,200,178.87,900,178.83,700,178.78,900,178.69,1100,178.52,500,178.51,300,178.49,500,178.47,600,178.45,100,179.0,100,179.01,100,179.05,100,179.06,100,179.07,100,179.08,100,179.09,100,179.12,400,179.14,300,179.16,500
2026-02-05 09:34:09,178.925,178.9,1,178.87,900,178.98,500,178.98,178.87,178.87,900,178.83,700,178.78,900,178.69,1100,178.52,500,178.51,300,178.49,500,178.47,600,178.45,100,178.44,400,178.98,500,178.99,500,179.0,800,179.01,100,179.05,100,179.06,100,179.07,100,179.08,100,179.09,100,179.12,400
2026-02-05 09:34:10,178.905,178.89,1,178.83,100,178.98,700,178.98,178.83,178.83,100,178.82,100,178.81,100,178.8,1200,178.78,900,178.69,1100,178.52,500,178.51,300,178.49,500,178.47,600,178.98,700,178.99,500,179.0,800,179.01,100,179.05,100,179.06,100,179.07,100,179.08,100,179.09,100,179.12,400
2026-02-05 09:34:11,178.88,178.89,1,178.8,600,178.96,600,178.96,178.8,178.8,600,178.78,900,178.69,1100,178.52,500,178.51,300,178.49,500,178.47,600,178.45,100,178.44,400,,,178.96,600,178.98,700,178.99,500,179.0,800,179.01,100,179.05,100,179.06,100,179.07,100,179.08,100,179.09,100
2026-02-05 09:34:12,178.88,178.89,1,178.8,600,178.96,600,178.96,178.8,178.8,600,178.78,900,178.69,1100,178.52,500,178.51,300,178.49,500,178.47,600,178.45,100,178.44,400,,,178.96,600,178.98,700,178.99,500,179.0,800,179.01,100,179.05,100,179.06,100,179.07,100,179.08,100,179.09,100
2026-02-05 09:34:13,178.79,178.86,2,178.71,100,178.87,200,178.87,178.71,178.71,100,178.69,1100,178.52,500,178.51,300,178.49,500,178.47,600,178.45,100,178.44,400,,,,,178.87,200,178.89,300,178.91,500,178.92,600,178.93,100,178.96,600,178.98,700,178.99,500,179.0,800,179.01,100
2026-02-05 09:34:14,178.825,178.79,2,178.72,200,178.93,300,178.93,178.72,178.72,200,178.71,100,178.69,1100,178.52,500,178.51,300,178.49,500,178.47,600,178.45,100,178.44,400,,,178.93,300,178.96,600,178.98,700,178.99,500,179.0,800,179.01,100,179.05,100,179.06,100,179.07,100,179.08,100
2026-02-05 09:34:15,178.825,178.79,2,178.72,300,178.93,600,178.93,178.72,178.72,300,178.71,100,178.69,1100,178.52,500,178.51,300,178.49,500,178.47,600,178.45,100,178.44,400,,,178.93,600,178.96,600,178.98,700,178.99,500,179.0,800,179.01,100,179.05,100,179.06,100,179.07,100,179.08,100
2026-02-05 09:34:16,178.86,178.9,1,178.79,100,178.93,700,178.93,178.79,178.79,100,178.72,300,178.71,100,178.69,1100,178.52,500,178.51,300,178.49,500,178.47,600,178.45,100,178.44,400,178.93,700,178.96,600,178.98,700,178.99,500,179.0,800,179.01,100,179.05,100,179.06,100,179.07,100,179.08,100
2026-02-05 09:34:17,178.83,178.86,1,178.73,100,178.93,700,178.93,178.73,178.73,100,178.72,300,178.71,100,178.69,1100,178.52,500,178.51,300,178.49,500,178.47,600,178.45,100,178.44,400,178.93,700,178.96,600,178.98,700,178.99,500,179.0,800,179.01,100,179.05,100,179.06,100,179.07,100,179.08,100
2026-02-05 09:34:18,178.83,178.86,1,178.73,200,178.93,500,178.93,178.73,178.73,200,178.72,300,178.71,100,178.69,1100,178.52,500,178.51,300,178.49,500,178.47,600,178.45,100,178.44,400,178.93,500,178.96,600,178.98,700,178.99,500,179.0,800,179.01,100,179.05,100,179.06,100,179.07,100,179.08,100
2026-02-05 09:34:19,178.765,178.86,1,178.67,300,178.86,200,178.86,178.67,178.67,300,178.52,500,178.51,300,178.49,500,178.47,600,178.45,100,178.44,400,,,,,,,178.86,200,178.87,400,178.88,500,178.91,300,178.92,300,178.93,500,178.96,600,178.98,700,178.99,500,179.0,800
2026-02-05 09:34:20,178.73,178.67,3,178.67,300,178.79,100,178.79,178.67,178.67,300,178.52,500,178.51,300,178.49,500,178.47,600,178.45,100,178.44,400,,,,,,,178.79,100,178.8,200,178.84,300,178.85,400,178.86,300,178.87,400,178.88,500,178.91,300,178.92,300,178.93,500
2026-02-05 09:34:21,178.74,178.71,3,178.69,700,178.79,100,178.79,178.69,178.69,700,178.67,300,178.52,500,178.51,300,178.49,500,178.47,600,178.45,100,178.44,400,,,,,178.79,100,178.8,200,178.84,300,178.85,400,178.86,300,178.87,400,178.88,500,178.91,300,178.92,300,178.93,500
2026-02-05 09:34:22,178.74,178.71,3,178.69,700,178.79,200,178.79,178.69,178.69,700,178.67,300,178.52,500,178.51,300,178.49,500,178.47,600,178.45,100,178.44,400,,,,,178.79,200,178.8,200,178.84,300,178.85,400,178.86,300,178.87,400,178.88,500,178.91,300,178.92,300,178.93,500
2026-02-05 09:34:23,178.73,178.69,1,178.67,300,178.79,600,178.79,178.67,178.67,300,178.52,500,178.51,300,178.49,500,178.47,600,178.45,100,178.44,400,,,,,,,178.79,600,178.8,200,178.84,300,178.85,400,178.86,300,178.87,400,178.88,500,178.91,300,178.92,300,178.93,500
2026-02-05 09:34:24,178.78,178.78,5,178.68,600,178.88,700,178.88,178.68,178.68,600,178.67,300,178.52,500,178.51,300,178.49,500,178.47,600,178.45,100,178.44,400,,,,,178.88,700,178.91,300,178.92,300,178.93,500,178.96,600,178.98,700,178.99,500,179.0,800,179.01,100,179.05,100
2026-02-05 09:34:25,178.775,178.78,1,178.67,400,178.88,700,178.88,178.67,178.67,400,178.52,500,178.51,300,178.49,500,178.47,600,178.45,100,178.44,400,,,,,,,178.88,700,178.91,300,178.92,300,178.93,500,178.96,600,178.98,700,178.99,500,179.0,800,179.01,100,179.05,100
2026-02-05 09:34:26,178.76,178.78,1,178.67,400,178.85,300,178.85,178.67,178.67,400,178.52,500,178.51,300,178.49,500,178.47,600,178.45,100,178.44,400,,,,,,,178.85,300,178.86,100,178.88,700,178.91,300,178.92,300,178.93,500,178.96,600,178.98,700,178.99,500,179.0,800
2026-02-05 09:34:27,178.76,178.78,1,178.67,400,178.85,300,178.85,178.67,178.67,400,178.52,500,178.51,300,178.49,500,178.47,600,178.45,100,178.44,400,,,,,,,178.85,300,178.86,100,178.88,700,178.91,300,178.92,300,178.93,500,178.96,600,178.98,700,178.99,500,179.0,800
2026-02-05 09:34:28,178.74,178.78,1,178.67,400,178.81,700,178.81,178.67,178.67,400,178.52,500,178.51,300,178.49,500,178.47,600,178.45,100,178.44,400,,,,,,,178.81,700,178.85,300,178.86,100,178.88,700,178.91,300,178.92,300,178.93,500,178.96,600,178.98,700,178.99,500
2026-02-05 09:34:29,178.74,178.78,1,178.67,400,178.81,800,178.81,178.67,178.67,400,178.52,500,178.51,300,178.49,500,178.47,600,178.45,100,178.44,400,,,,,,,178.81,800,178.85,300,178.86,100,178.88,700,178.91,300,178.92,300,178.93,500,178.96,600,178.98,700,178.99,500
2026-02-05 09:34:30,178.74,178.74,1,178.67,400,178.81,1600,178.81,178.67,178.67,400,178.52,500,178.51,300,178.49,500,178.47,600,178.45,100,178.44,400,,,,,,,178.81,1600,178.85,300,178.86,100,178.88,700,178.91,300,178.92,300,178.93,500,178.96,600,178.98,700,178.99,500
2026-02-05 09:34:31,178.735,178.74,1,178.67,400,178.8,400,178.8,178.67,178.67,400,178.52,500,178.51,300,178.49,500,178.47,600,178.45,100,178.44,400,,,,,,,178.8,400,178.81,1600,178.85,300,178.86,100,178.88,700,178.91,300,178.92,300,178.93,500,178.96,600,178.98,700
2026-02-05 09:34:32,178.73,178.74,1,178.67,400,178.79,300,178.79,178.67,178.67,400,178.52,500,178.51,300,178.49,500,178.47,600,178.45,100,178.44,400,,,,,,,178.79,300,178.8,400,178.81,1600,178.85,300,178.86,100,178.88,700,178.91,300,178.92,300,178.93,500,178.96,600
2026-02-05 09:34:33,178.675,178.67,1,178.62,100,178.73,200,178.73,178.62,178.62,100,178.52,500,178.51,300,178.49,500,178.47,600,178.45,100,178.44,400,,,,,,,178.73,200,178.76,300,178.78,100,178.79,800,178.8,400,178.81,1600,178.85,300,178.86,100,178.88,700,178.91,300
2026-02-05 09:34:34,178.81,178.83,1,178.77,700,178.85,300,178.85,178.77,178.77,700,178.68,300,178.67,600,178.62,100,178.52,500,178.51,300,178.49,500,178.47,600,178.45,100,178.44,400,178.85,300,178.86,100,178.88,700,178.91,300,178.92,300,178.93,500,178.96,600,178.98,700,178.99,500,179.0,800
2026-02-05 09:34:35,178.85,178.85,1,178.77,700,178.93,500,178.93,178.77,178.77,700,178.68,300,178.67,600,178.62,100,178.52,500,178.51,300,178.49,500,178.47,600,178.45,100,178.44,400,178.93,500,178.96,600,178.98,700,178.99,500,179.0,800,179.01,100,179.05,100,179.06,100,179.07,100,179.08,100
2026-02-05 09:34:36,178.715,178.63,1,178.61,300,178.82,400,178.82,178.61,178.61,300,178.52,500,178.51,300,178.49,500,178.47,600,178.45,100,178.44,400,,,,,,,178.82,400,178.83,100,178.89,100,178.92,100,178.93,500,178.96,600,178.98,700,178.99,500,179.0,800,179.01,100
2026-02-05 09:34:37,178.715,178.63,1,178.61,300,178.82,400,178.82,178.61,178.61,300,178.52,500,178.51,300,178.49,500,178.47,600,178.45,100,178.44,400,,,,,,,178.82,400,178.83,100,178.89,100,178.92,100,178.93,500,178.96,600,178.98,700,178.99,500,179.0,800,179.01,100
2026-02-05 09:34:38,178.71,178.63,1,178.61,300,178.81,300,178.81,178.61,178.61,300,178.52,500,178.51,300,178.49,500,178.47,600,178.45,100,178.44,400,,,,,,,178.81,300,178.82,400,178.83,100,178.89,100,178.92,100,178.93,500,178.96,600,178.98,700,178.99,500,179.0,800
2026-02-05 09:34:39,178.71,178.61,6,178.61,300,178.81,600,178.81,178.61,178.61,300,178.52,500,178.51,300,178.49,500,178.47,600,178.45,100,178.44,400,,,,,,,178.81,600,178.82,400,178.83,100,178.89,100,178.92,100,178.93,500,178.96,600,178.98,700,178.99,500,179.0,800
2026-02-05 09:34:40,178.485,178.49,1,178.4,400,178.57,300,178.57,178.4,178.4,400,178.38,100,178.37,100,,,,,,,,,,,,,,,178.57,300,178.58,500,178.62,400,178.64,600,178.65,100,178.68,200,178.69,300,178.7,600,178.76,100,178.81,400
2026-02-05 09:34:41,178.485,178.49,1,178.4,200,178.57,300,178.57,178.4,178.4,200,178.38,100,178.37,100,,,,,,,,,,,,,,,178.57,300,178.58,500,178.62,400,178.64,600,178.65,100,178.68,200,178.69,300,178.7,600,178.76,100,178.81,400
2026-02-05 09:34:42,178.45,178.49,1,178.4,200,178.5,200,178.5,178.4,178.4,200,178.38,100,178.37,100,,,,,,,,,,,,,,,178.5,200,178.53,100,178.54,500,178.56,300,178.57,500,178.58,500,178.62,400,178.64,600,178.65,100,178.68,200
2026-02-05 09:34:43,178.46,178.47,2,178.4,200,178.52,500,178.52,178.4,178.4,200,178.38,100,178.37,100,,,,,,,,,,,,,,,178.52,500,178.53,100,178.54,500,178.56,300,178.57,500,178.58,500,178.62,400,178.64,600,178.65,100,178.68,200
2026-02-05 09:34:44,178.425,178.82,13,178.4,300,178.45,100,178.45,178.4,178.4,300,178.38,100,178.37,100,,,,,,,,,,,,,,,178.45,100,178.52,600,178.53,100,178.54,500,178.56,300,178.57,500,178.58,500,178.62,400,178.64,600,178.65,100
2026-02-05 09:34:45,178.385,178.38,1,178.32,500,178.45,300,178.45,178.32,178.32,500,178.3,200,,,,,,,,,,,,,,,,,178.45,300,178.48,100,178.49,200,178.5,200,178.57,500,178.58,500,178.62,400,178.64,600,178.65,100,178.68,200
2026-02-05 09:34:46,178.415,178.45,1,178.34,500,178.49,100,178.49,178.34,178.34,500,178.33,500,178.32,500,178.3,200,,,,,,,,,,,,,178.49,100,178.5,200,178.57,500,178.58,500,178.62,400,178.64,600,178.65,100,178.68,200,178.69,300,178.7,600
2026-02-05 09:34:47,178.43,178.45,1,178.37,400,178.49,300,178.49,178.37,178.37,400,178.36,500,178.35,500,178.34,700,178.33,500,178.32,500,178.3,200,,,,,,,178.49,300,178.5,200,178.57,500,178.58,500,178.62,400,178.64,600,178.65,100,178.68,200,178.69,300,178.7,600
2026-02-05 09:34:48,178.43,178.45,1,178.37,400,178.49,300,178.49,178.37,178.37,400,178.36,500,178.35,500,178.34,700,178.33,500,178.32,500,178.3,200,,,,,,,178.49,300,178.5,200,178.57,500,178.58,500,178.62,400,178.64,600,178.65,100,178.68,200,178.69,300,178.7,600
2026-02-05 09:34:49,178.465,178.48,1,178.41,400,178.52,200,178.52,178.41,178.41,400,178.4,500,178.38,100,178.37,600,178.36,500,178.35,500,178.34,700,178.33,500,178.32,500,178.3,200,178.52,200,178.56,100,178.57,500,178.58,500,178.62,400,178.64,600,178.65,100,178.68,200,178.69,300,178.7,600
2026-02-05 09:34:50,178.365,178.4,1,178.31,200,178.42,200,178.42,178.31,178.31,200,178.3,200,,,,,,,,,,,,,,,,,178.42,200,178.48,500,178.49,200,178.51,100,178.52,200,178.56,100,178.57,500,178.58,500,178.62,400,178.64,600
2026-02-05 09:34:51,178.415,178.42,1,178.34,300,178.49,200,178.49,178.34,178.34,300,178.33,500,178.32,300,178.31,400,178.3,200,,,,,,,,,,,178.49,200,178.51,300,178.52,200,178.56,100,178.57,500,178.58,500,178.62,400,178.64,600,178.65,100,178.68,200
2026-02-05 09:34:52,178.415,178.42,1,178.34,500,178.49,200,178.49,178.34,178.34,500,178.33,500,178.32,300,178.31,400,178.3,200,,,,,,,,,,,178.49,200,178.51,300,178.52,200,178.56,100,178.57,500,178.58,500,178.62,400,178.64,600,178.65,100,178.68,200
2026-02-05 09:34:53,178.375,178.42,1,178.31,400,178.44,400,178.44,178.31,178.31,400,178.3,200,,,,,,,,,,,,,,,,,178.44,400,178.45,100,178.48,500,178.49,200,178.51,300,178.52,200,178.56,100,178.57,500,178.58,500,178.62,400
2026-02-05 09:34:54,178.38,178.41,1,178.31,400,178.45,600,178.45,178.31,178.31,400,178.3,200,,,,,,,,,,,,,,,,,178.45,600,178.48,500,178.49,200,178.51,300,178.52,200,178.56,100,178.57,500,178.58,500,178.62,400,178.64,600
2026-02-05 09:34:55,178.38,178.38,2,178.31,400,178.45,700,178.45,178.31,178.31,400,178.3,200,,,,,,,,,,,,,,,,,178.45,700,178.48,500,178.49,200,178.51,300,178.52,200,178.56,100,178.57,500,178.58,500,178.62,400,178.64,600
2026-02-05 09:34:56,178.38,178.38,2,178.31,400,178.45,700,178.45,178.31,178.31,400,178.3,200,,,,,,,,,,,,,,,,,178.45,700,178.48,500,178.49,200,178.51,300,178.52,200,178.56,100,178.57,500,178.58,500,178.62,400,178.64,600
2026-02-05 09:34:57,178.395,178.39,1,178.34,300,178.45,800,178.45,178.34,178.34,300,178.31,400,178.3,200,,,,,,,,,,,,,,,178.45,800,178.48,500,178.49,200,178.51,300,178.52,200,178.56,100,178.57,500,178.58,500,178.62,400,178.64,600
2026-02-05 09:34:58,178.4,178.44,10,178.36,100,178.44,500,178.44,178.36,178.36,100,178.31,100,178.3,400,,,,,,,,,,,,,,,178.44,500,178.45,800,178.48,500,178.49,200,178.51,300,178.52,200,178.56,100,178.57,500,178.58,500,178.62,400
2026-02-05 09:34:59,178.34,178.36,1,178.3,500,178.38,200,178.38,178.3,178.3,500,,,,,,,,,,,,,,,,,,,178.38,200,178.4,400,178.43,500,178.45,800,178.48,500,178.49,200,178.51,300,178.52,200,178.56,100,178.57,500
2026-02-05 09:35:00,178.25,178.22,1,178.21,100,178.29,700,178.29,178.21,178.21,100,,,,,,,,,,,,,,,,,,,178.29,700,178.33,500,178.34,700,178.36,500,178.37,400,178.39,100,178.4,400,178.43,500,178.45,800,178.48,500
2026-02-05 09:35:01,178.235,178.21,1,178.18,100,178.29,600,178.29,178.18,178.18,100,,,,,,,,,,,,,,,,,,,178.29,600,178.33,500,178.34,700,178.36,500,178.37,400,178.39,100,178.4,400,178.43,500,178.45,800,178.48,500
2026-02-05 09:35:02,178.235,178.29,2,178.18,500,178.29,400,178.29,178.18,178.18,500,,,,,,,,,,,,,,,,,,,178.29,400,178.33,500,178.34,700,178.36,500,178.37,400,178.39,100,178.4,400,178.43,500,178.45,800,178.48,500
2026-02-05 09:35:03,178.235,178.29,2,178.18,500,178.29,200,178.29,178.18,178.18,500,,,,,,,,,,,,,,,,,,,178.29,200,178.36,600,178.37,400,178.39,100,178.4,400,178.43,500,178.45,800,178.48,500,178.49,200,178.51,300
2026-02-05 09:35:04,178.275,178.29,1,178.18,900,178.37,600,178.37,178.18,178.18,900,,,,,,,,,,,,,,,,,,,178.37,600,178.39,100,178.4,400,178.43,500,178.45,800,178.48,500,178.49,200,178.51,300,178.52,200,178.56,100
2026-02-05 09:35:05,178.275,178.28,1,178.19,100,178.36,200,178.36,178.19,178.19,100,178.18,900,,,,,,,,,,,,,,,,,178.36,200,178.37,600,178.39,100,178.4,400,178.43,500,178.45,800,178.48,500,178.49,200,178.51,300,178.52,200
2026-02-05 09:35:06,178.245,178.23,4,178.18,100,178.31,500,178.31,178.18,178.18,100,178.14,100,178.13,300,178.11,100,,,,,,,,,,,,,178.31,500,178.32,500,178.33,500,178.35,400,178.36,200,178.37,600,178.39,100,178.4,400,178.43,500,178.45,800
2026-02-05 09:35:07,178.265,178.27,1,178.22,100,178.31,400,178.31,178.22,178.22,100,178.14,100,178.13,300,178.11,100,,,,,,,,,,,,,178.31,400,178.32,500,178.33,500,178.35,400,178.36,200,178.37,600,178.39,100,178.4,400,178.43,500,178.45,800
2026-02-05 09:35:08,178.225,178.22,1,178.14,100,178.31,400,178.31,178.14,178.14,100,178.13,300,178.11,100,,,,,,,,,,,,,,,178.31,400,178.32,500,178.33,500,178.35,400,178.36,200,178.37,600,178.39,100,178.4,400,178.43,500,178.45,800
2026-02-05 09:35:09,178.22,178.28,1,178.13,300,178.31,400,178.31,178.13,178.13,300,178.11,100,,,,,,,,,,,,,,,,,178.31,400,178.32,500,178.33,500,178.35,400,178.36,200,178.37,600,178.39,100,178.4,400,178.43,500,178.45,800
2026-02-05 09:35:10,178.29,178.25,1,178.22,300,178.36,200,178.36,178.22,178.22,300,178.18,600,178.16,500,178.14,100,178.13,300,178.11,100,,,,,,,,,178.36,200,178.37,600,178.39,100,178.4,400,178.43,500,178.45,800,178.48,500,178.49,200,178.51,300,178.52,200
2026-02-05 09:35:11,178.305,178.25,1,178.25,500,178.36,200,178.36,178.25,178.25,500,178.24,100,178.23,400,178.22,300,178.18,600,178.16,500,178.14,100,178.13,300,178.11,100,,,178.36,200,178.37,600,178.39,100,178.4,400,178.43,500,178.45,800,178.48,500,178.49,200,178.51,300,178.52,200
2026-02-05 09:35:12,178.42,178.41,1,178.34,200,178.5,600,178.5,178.34,178.34,200,178.31,100,178.3,500,178.28,100,178.27,500,178.25,500,178.24,100,178.23,400,178.22,300,178.18,600,178.5,600,178.51,300,178.52,200,178.56,100,178.57,500,178.58,500,178.62,400,178.64,600,178.65,100,178.68,200
2026-02-05 09:35:13,178.595,178.64,1,178.45,1000,178.74,200,178.74,178.45,178.45,1000,178.44,600,178.43,500,178.42,400,178.41,400,178.4,500,178.35,300,178.34,700,178.31,100,178.3,500,178.74,200,178.76,100,178.81,400,178.82,600,178.83,100,178.89,100,178.92,100,178.93,500,178.96,600,178.98,700
2026-02-05 09:35:14,178.59,178.71,1,178.45,1000,178.73,400,178.73,178.45,178.45,1000,178.44,600,178.43,500,178.42,400,178.41,400,178.4,500,178.35,300,178.34,700,178.31,100,178.3,500,178.73,400,178.74,300,178.76,100,178.81,400,178.82,600,178.83,100,178.89,100,178.92,100,178.93,500,178.96,600
2026-02-05 09:35:15,178.605,178.67,1,178.48,800,178.73,400,178.73,178.48,178.48,800,178.47,400,178.46,400,178.45,1200,178.44,600,178.43,500,178.42,400,178.41,400,178.4,500,178.35,300,178.73,400,178.74,300,178.76,100,178.81,400,178.82,600,178.83,100,178.89,100,178.92,100,178.93,500,178.96,600
2026-02-05 09:35:16,178.82,178.8,1,178.7,800,178.94,100,178.94,178.7,178.7,800,178.69,300,178.67,400,178.66,800,178.61,300,178.53,500,178.52,300,178.5,300,178.48,800,178.47,400,178.94,100,178.96,600,178.98,700,178.99,500,179.0,800,179.01,100,179.05,100,179.06,100,179.07,100,179.08,100
2026-02-05 09:35:17,178.835,178.79,1,178.7,1000,178.97,100,178.97,178.7,178.7,1000,178.69,300,178.67,400,178.66,800,178.61,300,178.53,500,178.52,300,178.5,300,178.48,800,178.47,400,178.97,100,178.98,700,178.99,500,179.0,800,179.01,100,179.05,100,179.06,100,179.07,100,179.08,100,179.09,100
2026-02-05 09:35:18,178.83,178.84,1,178.7,1100,178.96,200,178.96,178.7,178.7,1100,178.69,300,178.67,400,178.66,800,178.61,300,178.53,500,178.52,300,178.5,300,178.48,800,178.47,400,178.96,200,178.98,700,178.99,500,179.0,800,179.01,100,179.05,100,179.06,100,179.07,100,179.08,100,179.09,100
2026-02-05 09:35:19,178.83,178.83,1,178.7,1100,178.96,300,178.96,178.7,178.7,1100,178.69,300,178.67,400,178.66,800,178.61,300,178.53,500,178.52,300,178.5,300,178.48,800,178.47,400,178.96,300,178.98,700,178.99,500,179.0,800,179.01,100,179.05,100,179.06,100,179.07,100,179.08,100,179.09,100
2026-02-05 09:35:20,178.83,178.83,1,178.7,1100,178.96,300,178.96,178.7,178.7,1100,178.69,300,178.67,400,178.66,800,178.61,300,178.53,500,178.52,300,178.5,300,178.48,800,178.47,400,178.96,300,178.98,700,178.99,500,179.0,800,179.01,100,179.05,100,179.06,100,179.07,100,179.08,100,179.09,100
2026-02-05 09:35:21,178.83,178.71,1,178.7,1100,178.96,300,178.96,178.7,178.7,1100,178.69,300,178.67,400,178.66,800,178.61,300,178.53,500,178.52,300,178.5,300,178.48,800,178.47,400,178.96,300,178.98,700,178.99,500,179.0,800,179.01,100,179.05,100,179.06,100,179.07,100,179.08,100,179.09,100
2026-02-05 09:35:22,178.835,178.83,1,178.71,1100,178.96,300,178.96,178.71,178.71,1100,178.7,1200,178.69,300,178.67,400,178.66,800,178.61,300,178.53,500,178.52,300,178.5,300,178.48,800,178.96,300,178.98,700,178.99,500,179.0,800,179.01,100,179.05,100,179.06,100,179.07,100,179.08,100,179.09,100
2026-02-05 09:35:23,178.915,178.5,1,178.79,600,179.04,200,179.04,178.79,178.79,600,178.78,500,178.76,400,178.73,500,178.72,800,178.71,1100,178.7,1200,178.69,300,178.67,400,178.66,800,179.04,200,179.06,100,179.07,100,179.08,100,179.09,100,179.12,400,179.14,300,179.16,500,179.19,200,179.22,300
2026-02-05 09:35:24,179.01,179.03,1,178.92,800,179.1,200,179.1,178.92,178.92,800,178.9,400,178.89,500,178.79,700,178.78,500,178.76,400,178.73,500,178.72,800,178.71,1100,178.7,1200,179.1,200,179.12,400,179.14,300,179.16,500,179.19,200,179.22,300,179.23,500,179.24,200,179.25,600,179.26,100
2026-02-05 09:35:25,179.005,179.03,1,178.92,800,179.09,800,179.09,178.92,178.92,800,178.9,400,178.89,500,178.79,700,178.78,500,178.76,400,178.73,500,178.72,800,178.71,1100,178.7,1200,179.09,800,179.1,200,179.12,400,179.14,300,179.16,500,179.19,200,179.22,300,179.23,500,179.24,200,179.25,600
2026-02-05 09:35:26,179.005,179.03,1,178.92,800,179.09,800,179.09,178.92,178.92,800,178.9,400,178.89,500,178.79,700,178.78,500,178.76,400,178.73,500,178.72,800,178.71,1100,178.7,1200,179.09,800,179.1,200,179.12,400,179.14,300,179.16,500,179.19,200,179.22,300,179.23,500,179.24,200,179.25,600
2026-02-05 09:35:27,179.005,179.03,1,178.92,800,179.09,800,179.09,178.92,178.92,800,178.9,400,178.89,500,178.79,700,178.78,500,178.76,400,178.73,500,178.72,800,178.71,1100,178.7,1200,179.09,800,179.1,200,179.12,400,179.14,300,179.16,500,179.19,200,179.22,300,179.23,500,179.24,200,179.25,600
2026-02-05 09:35:28,179.0,179.07,1,178.92,900,179.08,200,179.08,178.92,178.92,900,178.9,400,178.89,500,178.79,700,178.78,500,178.76,400,178.73,500,178.72,800,178.71,1100,178.7,1200,179.08,200,179.09,800,179.1,200,179.12,400,179.14,300,179.16,500,179.19,200,179.22,300,179.23,500,179.24,200
2026-02-05 09:35:29,179.0,179.07,1,178.92,900,179.08,200,179.08,178.92,178.92,900,178.9,400,178.89,500,178.79,700,178.78,500,178.76,400,178.73,500,178.72,800,178.71,1100,178.7,1200,179.08,200,179.09,800,179.1,200,179.12,400,179.14,300,179.16,500,179.19,200,179.22,300,179.23,500,179.24,200
2026-02-05 09:35:30,179.105,179.14,1,179.0,200,179.21,200,179.21,179.0,179.0,200,178.93,400,178.92,1300,178.9,400,178.89,500,178.79,700,178.78,500,178.76,400,178.73,500,178.72,800,179.21,200,179.22,100,179.23,500,179.24,200,179.25,600,179.26,100,179.29,300,179.3,600,179.31,100,179.36,400
2026-02-05 09:35:31,179.115,179.12,1,179.04,1000,179.19,200,179.19,179.04,179.04,1000,179.03,500,179.01,500,179.0,200,178.93,400,178.92,1300,178.9,400,178.89,500,178.79,700,178.78,500,179.19,200,179.21,200,179.22,100,179.23,500,179.24,200,179.25,600,179.26,100,179.29,300,179.3,600,179.31,100
2026-02-05 09:35:32,179.115,179.12,1,179.04,900,179.19,200,179.19,179.04,179.04,900,179.03,500,179.01,500,179.0,200,178.93,400,178.92,1300,178.9,400,178.89,500,178.79,700,178.78,500,179.19,200,179.21,200,179.22,100,179.23,500,179.24,200,179.25,600,179.26,100,179.29,300,179.3,600,179.31,100
2026-02-05 09:35:33,179.115,179.12,1,179.04,1200,179.19,200,179.19,179.04,179.04,1200,179.03,500,179.01,500,179.0,200,178.93,400,178.92,1300,178.9,400,178.89,500,178.79,700,178.78,500,179.19,200,179.21,200,179.22,100,179.23,500,179.24,200,179.25,600,179.26,100,179.29,300,179.3,600,179.31,100
2026-02-05 09:35:34,179.115,179.12,1,179.04,1200,179.19,200,179.19,179.04,179.04,1200,179.03,500,179.01,500,179.0,200,178.93,400,178.92,1300,178.9,400,178.89,500,178.79,700,178.78,500,179.19,200,179.21,200,179.22,100,179.23,500,179.24,200,179.25,600,179.26,100,179.29,300,179.3,600,179.31,100
2026-02-05 09:35:35,179.13,179.19,1,179.05,600,179.21,100,179.21,179.05,179.05,600,179.04,1000,179.03,500,179.01,500,179.0,200,178.93,400,178.92,1300,178.9,400,178.89,500,178.79,700,179.21,100,179.24,100,179.25,800,179.26,100,179.29,300,179.3,600,179.31,100,179.36,400,179.45,500,179.46,600
2026-02-05 09:35:36,179.17,179.17,1,179.1,500,179.24,100,179.24,179.1,179.1,500,179.09,400,179.07,100,179.06,500,179.05,600,179.04,1000,179.03,500,179.01,500,179.0,200,178.93,400,179.24,100,179.25,800,179.26,100,179.29,300,179.3,600,179.31,100,179.36,400,179.45,500,179.46,600,179.52,800
2026-02-05 09:35:37,179.17,179.17,1,179.1,1000,179.24,200,179.24,179.1,179.1,1000,179.09,400,179.07,100,179.06,500,179.05,600,179.04,1000,179.03,500,179.01,500,179.0,200,178.93,400,179.24,200,179.25,800,179.26,100,179.29,300,179.3,600,179.31,100,179.36,400,179.45,500,179.46,600,179.52,800
2026-02-05 09:35:38,179.17,179.17,1,179.1,1000,179.24,200,179.24,179.1,179.1,1000,179.09,400,179.07,100,179.06,500,179.05,600,179.04,1000,179.03,500,179.01,500,179.0,200,178.93,400,179.24,200,179.25,800,179.26,100,179.29,300,179.3,600,179.31,100,179.36,400,179.45,500,179.46,600,179.52,800
2026-02-05 09:35:39,179.17,179.17,1,179.1,1000,179.24,200,179.24,179.1,179.1,1000,179.09,400,179.07,100,179.06,500,179.05,600,179.04,1000,179.03,500,179.01,500,179.0,200,178.93,400,179.24,200,179.25,800,179.26,100,179.29,300,179.3,600,179.31,100,179.36,400,179.45,500,179.46,600,179.52,800
2026-02-05 09:35:40,179.155,179.21,1,179.1,1000,179.21,100,179.21,179.1,179.1,1000,179.09,400,179.07,100,179.06,500,179.05,600,179.04,1000,179.03,500,179.01,500,179.0,200,178.93,400,179.21,100,179.24,200,179.25,800,179.26,100,179.29,300,179.3,600,179.31,100,179.36,400,179.45,500,179.46,600
2026-02-05 09:35:41,179.125,179.1,1,179.07,500,179.18,100,179.18,179.07,179.07,500,179.06,500,179.05,600,179.04,1000,179.03,500,179.01,500,179.0,200,178.93,400,178.92,1300,178.9,400,179.18,100,179.2,400,179.21,700,179.24,200,179.25,800,179.26,100,179.29,300,179.3,600,179.31,100,179.36,400
2026-02-05 09:35:42,179.125,179.1,1,179.07,500,179.18,100,179.18,179.07,179.07,500,179.06,500,179.05,600,179.04,1000,179.03,500,179.01,500,179.0,200,178.93,400,178.92,1300,178.9,400,179.18,100,179.2,400,179.21,700,179.24,200,179.25,800,179.26,100,179.29,300,179.3,600,179.31,100,179.36,400
2026-02-05 09:35:43,178.975,178.98,1,178.91,200,179.04,300,179.04,178.91,178.91,200,178.9,400,178.89,500,178.79,700,178.78,500,178.76,400,178.73,500,178.72,800,178.71,1100,178.7,1200,179.04,300,179.09,400,179.12,200,179.15,600,179.18,100,179.2,400,179.21,700,179.24,200,179.25,800,179.26,100
2026-02-05 09:35:44,178.96,178.98,1,178.83,300,179.09,400,179.09,178.83,178.83,300,178.79,700,178.78,500,178.76,400,178.73,500,178.72,800,178.71,1100,178.7,1200,178.69,300,178.67,400,179.09,400,179.12,200,179.15,600,179.18,100,179.2,400,179.21,700,179.24,200,179.25,800,179.26,100,179.29,300
2026-02-05 09:35:45,178.96,178.98,1,178.83,400,179.09,600,179.09,178.83,178.83,400,178.79,700,178.78,500,178.76,400,178.73,500,178.72,800,178.71,1100,178.7,1200,178.69,300,178.67,400,179.09,600,179.12,200,179.15,600,179.18,100,179.2,400,179.21,700,179.24,200,179.25,800,179.26,100,179.29,300
2026-02-05 09:35:46,178.96,179.07,1,178.83,800,179.09,500,179.09,178.83,178.83,800,178.79,700,178.78,500,178.76,400,178.73,500,178.72,800,178.71,1100,178.7,1200,178.69,300,178.67,400,179.09,500,179.12,200,179.15,600,179.18,100,179.2,400,179.21,700,179.24,200,179.25,800,179.26,100,179.29,300
2026-02-05 09:35:47,178.96,179.07,1,178.83,800,179.09,500,179.09,178.83,178.83,800,178.79,700,178.78,500,178.76,400,178.73,500,178.72,800,178.71,1100,178.7,1200,178.69,300,178.67,400,179.09,500,179.12,200,179.15,600,179.18,100,179.2,400,179.21,700,179.24,200,179.25,800,179.26,100,179.29,300
2026-02-05 09:35:48,178.99,179.07,1,178.89,100,179.09,500,179.09,178.89,178.89,100,178.83,900,178.79,700,178.78,500,178.76,400,178.73,500,178.72,800,178.71,1100,178.7,1200,178.69,300,179.09,500,179.12,200,179.15,600,179.18,100,179.2,400,179.21,700,179.24,200,179.25,800,179.26,100,179.29,300
2026-02-05 09:35:49,178.985,179.07,1,178.89,200,179.08,200,179.08,178.89,178.89,200,178.83,900,178.79,700,178.78,500,178.76,400,178.73,500,178.72,800,178.71,1100,178.7,1200,178.69,300,179.08,200,179.09,500,179.12,200,179.15,600,179.18,100,179.2,400,179.21,700,179.24,200,179.25,800,179.26,100
2026-02-05 09:35:50,178.985,179.07,1,178.89,200,179.08,200,179.08,178.89,178.89,200,178.83,900,178.79,700,178.78,500,178.76,400,178.73,500,178.72,800,178.71,1100,178.7,1200,178.69,300,179.08,200,179.09,500,179.12,200,179.15,600,179.18,100,179.2,400,179.21,700,179.24,200,179.25,800,179.26,100
2026-02-05 09:35:51,178.985,179.07,1,178.89,200,179.08,200,179.08,178.89,178.89,200,178.83,900,178.79,700,178.78,500,178.76,400,178.73,500,178.72,800,178.71,1100,178.7,1200,178.69,300,179.08,200,179.09,500,179.12,200,179.15,600,179.18,100,179.2,400,179.21,700,179.24,200,179.25,800,179.26,100
2026-02-05 09:35:52,178.985,179.07,1,178.89,200,179.08,200,179.08,178.89,178.89,200,178.83,900,178.79,700,178.78,500,178.76,400,178.73,500,178.72,800,178.71,1100,178.7,1200,178.69,300,179.08,200,179.09,500,179.12,200,179.15,600,179.18,100,179.2,400,179.21,700,179.24,200,179.25,800,179.26,100
2026-02-05 09:35:53,178.985,179.07,1,178.89,200,179.08,200,179.08,178.89,178.89,200,178.83,900,178.79,700,178.78,500,178.76,400,178.73,500,178.72,800,178.71,1100,178.7,1200,178.69,300,179.08,200,179.09,500,179.12,200,179.15,600,179.18,100,179.2,400,179.21,700,179.24,200,179.25,800,179.26,100
2026-02-05 09:35:54,178.985,178.99,1,178.89,200,179.08,200,179.08,178.89,178.89,200,178.83,900,178.79,700,178.78,500,178.76,400,178.73,500,178.72,800,178.71,1100,178.7,1200,178.69,300,179.08,200,179.09,500,179.12,200,179.15,600,179.18,100,179.2,400,179.21,700,179.24,200,179.25,800,179.26,100
2026-02-05 09:35:56,178.975,178.89,6,178.89,300,179.06,100,179.06,178.89,178.89,300,178.83,900,178.79,700,178.78,500,178.76,400,178.73,500,178.72,800,178.71,1100,178.7,1200,178.69,300,179.06,100,179.07,100,179.08,200,179.09,500,179.12,200,179.15,600,179.18,100,179.2,400,179.21,700,179.24,200
2026-02-05 09:35:56,178.975,179.04,1,178.89,700,179.06,200,179.06,178.89,178.89,700,178.83,900,178.79,700,178.78,500,178.76,400,178.73,500,178.72,800,178.71,1100,178.7,1200,178.69,300,179.06,200,179.07,100,179.08,200,179.09,500,179.12,200,179.15,600,179.18,100,179.2,400,179.21,700,179.24,200
2026-02-05 09:35:57,178.975,179.04,1,178.89,700,179.06,100,179.06,178.89,178.89,700,178.83,900,178.79,700,178.78,500,178.76,400,178.73,500,178.72,800,178.71,1100,178.7,1200,178.69,300,179.06,100,179.07,100,179.08,200,179.09,500,179.12,200,179.15,600,179.18,100,179.2,400,179.21,700,179.24,200
2026-02-05 09:35:58,178.99,179.05,1,178.92,100,179.06,100,179.06,178.92,178.92,100,178.9,100,178.89,700,178.83,900,178.79,700,178.78,500,178.76,400,178.73,500,178.72,800,178.71,1100,179.06,100,179.07,100,179.08,200,179.09,500,179.12,200,179.15,600,179.18,100,179.2,400,179.21,700,179.24,200
2026-02-05 09:35:59,178.99,179.05,1,178.92,200,179.06,100,179.06,178.92,178.92,200,178.9,100,178.89,700,178.83,900,178.79,700,178.78,500,178.76,400,178.73,500,178.72,800,178.71,1100,179.06,100,179.07,100,179.08,200,179.09,500,179.12,200,179.15,600,179.18,100,179.2,400,179.21,700,179.24,200
2026-02-05 09:36:00,178.99,179.04,10,178.92,200,179.06,100,179.06,178.92,178.92,200,178.9,100,178.89,700,178.83,900,178.79,700,178.78,500,178.76,400,178.73,500,178.72,800,178.71,1100,179.06,100,179.07,100,179.08,200,179.09,500,179.12,200,179.15,600,179.18,100,179.2,400,179.21,700,179.24,200
2026-02-05 09:36:02,179.065,179.17,3,178.96,400,179.17,700,179.17,178.96,178.96,400,178.95,400,178.92,400,178.9,100,178.89,700,178.83,900,178.79,700,178.78,500,178.76,400,178.73,500,179.17,700,179.18,100,179.2,400,179.21,700,179.24,200,179.25,800,179.26,100,179.29,300,179.3,600,179.31,100
2026-02-05 09:36:02,179.1,179.08,2,179.01,300,179.19,200,179.19,179.01,179.01,300,178.99,300,178.96,400,178.95,400,178.92,400,178.9,100,178.89,700,178.83,900,178.79,700,178.78,500,179.19,200,179.2,400,179.21,700,179.24,200,179.25,800,179.26,100,179.29,300,179.3,600,179.31,100,179.36,400
2026-02-05 09:36:04,179.195,179.25,5,179.14,600,179.25,800,179.25,179.14,179.14,600,178.96,700,178.95,400,178.92,400,178.9,100,178.89,700,178.83,900,178.79,700,178.78,500,178.76,400,179.25,800,179.26,100,179.29,300,179.3,600,179.31,100,179.36,400,179.45,500,179.46,600,179.52,800,179.54,600
2026-02-05 09:36:05,179.19,179.25,5,179.14,700,179.24,100,179.24,179.14,179.14,700,178.96,700,178.95,400,178.92,400,178.9,100,178.89,700,178.83,900,178.79,700,178.78,500,178.76,400,179.24,100,179.25,800,179.26,100,179.29,300,179.3,600,179.31,100,179.36,400,179.45,500,179.46,600,179.52,800
2026-02-05 09:36:06,179.185,179.19,10,179.14,700,179.23,100,179.23,179.14,179.14,700,178.96,700,178.95,400,178.92,400,178.9,100,178.89,700,178.83,900,178.79,700,178.78,500,178.76,400,179.23,100,179.24,100,179.25,800,179.26,100,179.29,300,179.3,600,179.31,100,179.36,400,179.45,500,179.46,600
2026-02-05 09:36:06,179.185,179.19,10,179.14,700,179.23,100,179.23,179.14,179.14,700,178.96,700,178.95,400,178.92,400,178.9,100,178.89,700,178.83,900,178.79,700,178.78,500,178.76,400,179.23,100,179.24,100,179.25,800,179.26,100,179.29,300,179.3,600,179.31,100,179.36,400,179.45,500,179.46,600
2026-02-05 09:36:07,179.21,179.21,3,179.19,100,179.23,100,179.23,179.19,179.19,100,179.14,1000,178.96,700,178.95,400,178.92,400,178.9,100,178.89,700,178.83,900,178.79,700,178.78,500,179.23,100,179.24,100,179.25,800,179.26,100,179.29,300,179.3,600,179.31,100,179.36,400,179.45,500,179.46,600
2026-02-05 09:36:08,179.055,179.06,1,178.97,1000,179.14,300,179.14,178.97,178.97,1000,178.96,700,178.95,400,178.92,400,178.9,100,178.89,700,178.83,900,178.79,700,178.78,500,178.76,400,179.14,300,179.15,500,179.19,500,179.23,200,179.24,100,179.25,800,179.26,100,179.29,300,179.3,600,179.31,100
2026-02-05 09:36:09,179.055,178.98,2,178.97,1000,179.14,100,179.14,178.97,178.97,1000,178.96,700,178.95,400,178.92,400,178.9,100,178.89,700,178.83,900,178.79,700,178.78,500,178.76,400,179.14,100,179.15,600,179.19,500,179.23,200,179.24,100,179.25,800,179.26,100,179.29,300,179.3,600,179.31,100
2026-02-05 09:36:11,179.055,178.98,2,178.97,1000,179.14,100,179.14,178.97,178.97,1000,178.96,700,178.95,400,178.92,400,178.9,100,178.89,700,178.83,900,178.79,700,178.78,500,178.76,400,179.14,100,179.15,600,179.19,500,179.23,200,179.24,100,179.25,800,179.26,100,179.29,300,179.3,600,179.31,100
2026-02-05 09:36:12,179.06,178.98,2,178.97,1000,179.15,600,179.15,178.97,178.97,1000,178.96,700,178.95,400,178.92,400,178.9,100,178.89,700,178.83,900,178.79,700,178.78,500,178.76,400,179.15,600,179.19,500,179.23,200,179.24,100,179.25,800,179.26,100,179.29,300,179.3,600,179.31,100,179.36,400
2026-02-05 09:36:13,179.06,179.06,1,178.97,800,179.15,600,179.15,178.97,178.97,800,178.96,700,178.95,400,178.92,400,178.9,100,178.89,700,178.83,900,178.79,700,178.78,500,178.76,400,179.15,600,179.19,500,179.23,200,179.24,100,179.25,800,179.26,100,179.29,300,179.3,600,179.31,100,179.36,400
2026-02-05 09:36:13,179.06,179.06,1,178.97,1000,179.15,600,179.15,178.97,178.97,1000,178.96,700,178.95,400,178.92,400,178.9,100,178.89,700,178.83,900,178.79,700,178.78,500,178.76,400,179.15,600,179.19,500,179.23,200,179.24,100,179.25,800,179.26,100,179.29,300,179.3,600,179.31,100,179.36,400
2026-02-05 09:36:15,179.06,179.06,1,178.97,1000,179.15,600,179.15,178.97,178.97,1000,178.96,700,178.95,400,178.92,400,178.9,100,178.89,700,178.83,900,178.79,700,178.78,500,178.76,400,179.15,600,179.19,500,179.23,200,179.24,100,179.25,800,179.26,100,179.29,300,179.3,600,179.31,100,179.36,400
2026-02-05 09:36:16,179.065,179.06,1,178.98,600,179.15,600,179.15,178.98,178.98,600,178.97,1000,178.96,700,178.95,400,178.92,400,178.9,100,178.89,700,178.83,900,178.79,700,178.78,500,179.15,600,179.19,500,179.23,200,179.24,100,179.25,800,179.26,100,179.29,300,179.3,600,179.31,100,179.36,400
2026-02-05 09:36:17,179.065,179.06,1,178.98,300,179.15,600,179.15,178.98,178.98,300,178.97,1100,178.96,700,178.95,400,178.92,400,178.9,100,178.89,700,178.83,900,178.79,700,178.78,500,179.15,600,179.19,500,179.23,200,179.24,100,179.25,800,179.26,100,179.29,300,179.3,600,179.31,100,179.36,400
2026-02-05 09:36:18,179.06,179.06,1,178.97,1000,179.15,800,179.15,178.97,178.97,1000,178.96,700,178.95,400,178.92,400,178.9,100,178.89,700,178.83,900,178.79,700,178.78,500,178.76,400,179.15,800,179.19,500,179.23,200,179.24,100,179.25,800,179.26,100,179.29,300,179.3,600,179.31,100,179.36,400
2026-02-05 09:36:19,179.06,179.06,1,178.97,1000,179.15,800,179.15,178.97,178.97,1000,178.96,700,178.95,400,178.92,400,178.9,100,178.89,700,178.83,900,178.79,700,178.78,500,178.76,400,179.15,800,179.19,500,179.23,200,179.24,100,179.25,800,179.26,100,179.29,300,179.3,600,179.31,100,179.36,400
2026-02-05 09:36:20,179.06,179.06,1,178.97,1000,179.15,800,179.15,178.97,178.97,1000,178.96,700,178.95,400,178.92,400,178.9,100,178.89,700,178.83,900,178.79,700,178.78,500,178.76,400,179.15,800,179.19,500,179.23,200,179.24,100,179.25,800,179.26,100,179.29,300,179.3,600,179.31,100,179.36,400
2026-02-05 09:36:21,179.06,179.06,1,178.97,1000,179.15,800,179.15,178.97,178.97,1000,178.96,700,178.95,400,178.92,400,178.9,100,178.89,700,178.83,900,178.79,700,178.78,500,178.76,400,179.15,800,179.19,500,179.23,200,179.24,100,179.25,800,179.26,100,179.29,300,179.3,600,179.31,100,179.36,400
2026-02-05 09:36:22,179.06,179.06,1,178.97,1100,179.15,800,179.15,178.97,178.97,1100,178.96,700,178.95,400,178.92,400,178.9,100,178.89,700,178.83,900,178.79,700,178.78,500,178.76,400,179.15,800,179.19,500,179.23,200,179.24,100,179.25,800,179.26,100,179.29,300,179.3,600,179.31,100,179.36,400
2026-02-05 09:36:23,179.06,179.06,1,178.97,1300,179.15,800,179.15,178.97,178.97,1300,178.96,700,178.95,400,178.92,400,178.9,100,178.89,700,178.83,900,178.79,700,178.78,500,178.76,400,179.15,800,179.19,500,179.23,200,179.24,100,179.25,800,179.26,100,179.29,300,179.3,600,179.31,100,179.36,400
2026-02-05 09:36:24,179.105,179.06,1,179.06,100,179.15,800,179.15,179.06,179.06,100,178.97,1300,178.96,700,178.95,400,178.92,400,178.9,100,178.89,700,178.83,900,178.79,700,178.78,500,179.15,800,179.19,500,179.23,200,179.24,100,179.25,800,179.26,100,179.29,300,179.3,600,179.31,100,179.36,400
2026-02-05 09:36:25,179.105,179.06,1,179.06,100,179.15,800,179.15,179.06,179.06,100,178.97,1300,178.96,700,178.95,400,178.92,400,178.9,100,178.89,700,178.83,900,178.79,700,178.78,500,179.15,800,179.19,500,179.23,200,179.24,100,179.25,800,179.26,100,179.29,300,179.3,600,179.31,100,179.36,400
2026-02-05 09:36:26,179.105,179.06,1,179.06,400,179.15,800,179.15,179.06,179.06,400,178.97,1300,178.96,700,178.95,400,178.92,400,178.9,100,178.89,700,178.83,900,178.79,700,178.78,500,179.15,800,179.19,500,179.23,200,179.24,100,179.25,800,179.26,100,179.29,300,179.3,600,179.31,100,179.36,400
2026-02-05 09:36:27,179.105,179.06,1,179.06,400,179.15,800,179.15,179.06,179.06,400,178.97,1300,178.96,700,178.95,400,178.92,400,178.9,100,178.89,700,178.83,900,178.79,700,178.78,500,179.15,800,179.19,500,179.23,200,179.24,100,179.25,800,179.26,100,179.29,300,179.3,600,179.31,100,179.36,400
2026-02-05 09:36:28,179.105,179.06,1,179.06,400,179.15,700,179.15,179.06,179.06,400,178.97,1300,178.96,700,178.95,400,178.92,400,178.9,100,178.89,700,178.83,900,178.79,700,178.78,500,179.15,700,179.19,500,179.23,200,179.24,100,179.25,800,179.26,100,179.29,300,179.3,600,179.31,100,179.36,400
2026-02-05 09:36:29,179.085,179.12,1,179.02,300,179.15,1100,179.15,179.02,179.02,300,178.97,1300,178.96,700,178.95,400,178.92,400,178.9,100,178.89,700,178.83,900,178.79,700,178.78,500,179.15,1100,179.19,500,179.23,200,179.24,100,179.25,800,179.26,100,179.29,300,179.3,600,179.31,100,179.36,400
2026-02-05 09:36:30,179.135,179.15,2,179.03,400,179.24,100,179.24,179.03,179.03,400,179.02,800,178.97,1300,178.96,700,178.95,400,178.92,400,178.9,100,178.89,700,178.83,900,178.79,700,179.24,100,179.25,800,179.26,100,179.29,300,179.3,600,179.31,100,179.36,400,179.45,500,179.46,600,179.52,800
2026-02-05 09:36:31,179.17,179.21,1,179.1,200,179.24,200,179.24,179.1,179.1,200,179.07,300,179.06,100,179.03,400,179.02,800,178.97,1300,178.96,700,178.95,400,178.92,400,178.9,100,179.24,200,179.25,800,179.26,100,179.29,300,179.3,600,179.31,100,179.36,400,179.45,500,179.46,600,179.52,800
