sim_time,mid_price,last_price,last_size,best_bid_price,best_bid_size,best_ask_price,best_ask_size,close_price_buy,close_price_sell,bid1_price,bid1_size,bid2_price,bid2_size,bid3_price,bid3_size,bid4_price,bid4_size,bid5_price,bid5_size,bid6_price,bid6_size,bid7_price,bid7_size,bid8_price,bid8_size,bid9_price,bid9_size,bid10_price,bid10_size,ask1_price,ask1_size,ask2_price,ask2_size,ask3_price,ask3_size,ask4_price,ask4_size,ask5_price,ask5_size,ask6_price,ask6_size,ask7_price,ask7_size,ask8_price,ask8_size,ask9_price,ask9_size,ask10_price,ask10_size
2020-10-29 09:30:27,66.015,65.96,1,65.96,5,66.07,8,66.07,65.96,65.96,5,65.94,8,,,,,,,,,,,,,,,,,66.07,8,66.09,9,66.13,1,66.31,2,66.32,3,66.41,3,66.49,16,66.5,9,66.69,3,66.7,4
2020-10-29 09:30:28,66.025,65.98,1,65.98,3,66.07,8,66.07,65.98,65.98,3,65.96,5,65.94,8,,,,,,,,,,,,,,,66.07,8,66.09,9,66.13,1,66.31,2,66.32,3,66.41,3,66.49,16,66.5,9,66.69,3,66.7,4
2020-10-29 09:30:29,65.99,65.98,2,65.95,6,66.03,10,66.03,65.95,65.95,6,65.94,8,,,,,,,,,,,,,,,,,66.03,10,66.05,1,66.07,8,66.09,9,66.13,1,66.31,2,66.32,3,66.41,3,66.49,16,66.5,9
2020-10-29 09:30:30,65.99,65.98,2,65.95,19,66.03,11,66.03,65.95,65.95,19,65.94,8,,,,,,,,,,,,,,,,,66.03,11,66.05,1,66.07,8,66.09,9,66.13,1,66.31,2,66.32,3,66.41,3,66.49,16,66.5,9
2020-10-29 09:30:31,65.99,65.98,2,65.95,19,66.03,10,66.03,65.95,65.95,19,65.94,8,,,,,,,,,,,,,,,,,66.03,10,66.05,1,66.07,8,66.09,9,66.13,1,66.31,2,66.32,3,66.41,3,66.49,16,66.5,9
2020-10-29 09:30:32,65.99,65.98,2,65.95,19,66.03,10,66.03,65.95,65.95,19,65.94,8,,,,,,,,,,,,,,,,,66.03,10,66.05,1,66.07,8,66.09,9,66.13,1,66.31,2,66.32,3,66.41,3,66.49,16,66.5,9
2020-10-29 09:30:34,65.99,65.98,2,65.95,19,66.03,10,66.03,65.95,65.95,19,65.94,8,,,,,,,,,,,,,,,,,66.03,10,66.05,1,66.07,8,66.09,9,66.13,1,66.31,2,66.32,3,66.41,3,66.49,16,66.5,9
2020-10-29 09:30:34,65.99,65.98,2,65.95,19,66.03,10,66.03,65.95,65.95,19,65.94,8,,,,,,,,,,,,,,,,,66.03,10,66.05,1,66.07,8,66.09,9,66.13,1,66.31,2,66.32,3,66.41,3,66.49,16,66.5,9
2020-10-29 09:30:35,65.99,65.98,2,65.95,18,66.03,10,66.03,65.95,65.95,18,65.94,8,,,,,,,,,,,,,,,,,66.03,10,66.05,1,66.07,8,66.09,9,66.13,1,66.31,2,66.32,3,66.41,3,66.49,16,66.5,9
2020-10-29 09:30:36,66.045,66.03,5,66.0,29,66.09,11,66.09,66.0,66.0,29,65.99,1,65.97,3,65.95,18,65.94,8,,,,,,,,,,,66.09,11,66.13,1,66.31,2,66.32,3,66.41,3,66.49,16,66.5,9,66.69,3,66.7,4,,
2020-10-29 09:30:37,66.045,66.03,5,66.0,29,66.09,12,66.09,66.0,66.0,29,65.99,1,65.97,3,65.95,18,65.94,8,,,,,,,,,,,66.09,12,66.13,1,66.31,2,66.32,3,66.41,3,66.49,16,66.5,9,66.69,3,66.7,4,,
2020-10-29 09:30:38,66.045,66.03,5,66.0,29,66.09,12,66.09,66.0,66.0,29,65.99,1,65.97,3,65.95,18,65.94,8,,,,,,,,,,,66.09,12,66.13,1,66.31,2,66.32,3,66.41,3,66.49,16,66.5,9,66.69,3,66.7,4,,
2020-10-29 09:30:39,66.045,66.03,5,66.0,29,66.09,12,66.09,66.0,66.0,29,65.99,1,65.97,3,65.95,18,65.94,8,,,,,,,,,,,66.09,12,66.13,1,66.31,2,66.32,3,66.41,3,66.49,16,66.5,9,66.69,3,66.7,4,,
2020-10-29 09:30:40,66.045,66.03,5,66.0,29,66.09,12,66.09,66.0,66.0,29,65.99,1,65.97,3,65.95,18,65.94,8,,,,,,,,,,,66.09,12,66.13,1,66.31,2,66.32,3,66.41,3,66.49,16,66.5,9,66.69,3,66.7,4,,
2020-10-29 09:30:41,66.045,66.03,5,66.0,29,66.09,12,66.09,66.0,66.0,29,65.99,1,65.97,3,65.95,18,65.94,8,,,,,,,,,,,66.09,12,66.13,1,66.31,2,66.32,3,66.41,3,66.49,16,66.5,9,66.69,3,66.7,4,,
2020-10-29 09:30:42,66.045,66.03,5,66.0,29,66.09,12,66.09,66.0,66.0,29,65.99,1,65.97,3,65.95,18,65.94,8,,,,,,,,,,,66.09,12,66.13,1,66.31,2,66.32,3,66.41,3,66.49,16,66.5,9,66.69,3,66.7,4,,
2020-10-29 09:30:43,66.045,66.03,5,66.0,29,66.09,12,66.09,66.0,66.0,29,65.99,1,65.97,3,65.95,18,65.94,8,,,,,,,,,,,66.09,12,66.13,1,66.31,2,66.32,3,66.41,3,66.49,16,66.5,9,66.69,3,66.7,4,,
2020-10-29 09:30:44,66.045,66.03,5,66.0,29,66.09,16,66.09,66.0,66.0,29,65.99,1,65.97,3,65.95,18,65.94,8,,,,,,,,,,,66.09,16,66.13,1,66.31,2,66.32,3,66.41,3,66.49,16,66.5,9,66.69,3,66.7,4,,
2020-10-29 09:30:45,66.045,66.0,1,66.0,29,66.09,16,66.09,66.0,66.0,29,65.99,1,65.97,3,65.95,18,65.94,8,,,,,,,,,,,66.09,16,66.13,1,66.31,2,66.32,3,66.41,3,66.49,16,66.5,9,66.69,3,66.7,4,,
2020-10-29 09:30:46,66.045,66.0,1,66.0,29,66.09,15,66.09,66.0,66.0,29,65.99,1,65.97,3,65.95,18,65.94,8,,,,,,,,,,,66.09,15,66.13,1,66.31,2,66.32,3,66.41,3,66.49,16,66.5,9,66.69,3,66.7,4,,
2020-10-29 09:30:47,66.045,66.0,1,66.0,29,66.09,15,66.09,66.0,66.0,29,65.99,1,65.97,3,65.95,18,65.94,8,,,,,,,,,,,66.09,15,66.13,1,66.31,2,66.32,3,66.41,3,66.49,16,66.5,9,66.69,3,66.7,4,,
2020-10-29 09:30:48,66.045,66.0,1,66.0,29,66.09,15,66.09,66.0,66.0,29,65.99,1,65.97,3,65.95,18,65.94,8,,,,,,,,,,,66.09,15,66.13,1,66.31,2,66.32,3,66.41,3,66.49,16,66.5,9,66.69,3,66.7,4,,
2020-10-29 09:30:49,66.045,66.01,2,66.0,29,66.09,15,66.09,66.0,66.0,29,65.99,1,65.97,3,65.95,18,65.94,8,,,,,,,,,,,66.09,15,66.13,1,66.31,2,66.32,3,66.41,3,66.49,16,66.5,9,66.69,3,66.7,4,,
2020-10-29 09:30:50,66.0,66.0,2,65.95,18,66.05,3,66.05,65.95,65.95,18,65.94,8,,,,,,,,,,,,,,,,,66.05,3,66.1,9,66.13,1,66.31,2,66.32,3,66.41,3,66.49,16,66.5,9,66.69,3,66.7,4
2020-10-29 09:30:51,66.0,66.0,1,65.95,25,66.05,3,66.05,65.95,65.95,25,65.94,8,,,,,,,,,,,,,,,,,66.05,3,66.1,9,66.13,1,66.31,2,66.32,3,66.41,3,66.49,16,66.5,9,66.69,3,66.7,4
2020-10-29 09:30:52,66.0,66.0,1,65.95,25,66.05,3,66.05,65.95,65.95,25,65.94,8,,,,,,,,,,,,,,,,,66.05,3,66.1,9,66.13,1,66.31,2,66.32,3,66.41,3,66.49,16,66.5,9,66.69,3,66.7,4
2020-10-29 09:30:54,66.0,66.0,1,65.95,25,66.05,3,66.05,65.95,65.95,25,65.94,8,,,,,,,,,,,,,,,,,66.05,3,66.1,9,66.13,1,66.31,2,66.32,3,66.41,3,66.49,16,66.5,9,66.69,3,66.7,4
2020-10-29 09:30:54,66.0,66.0,1,65.95,25,66.05,3,66.05,65.95,65.95,25,65.94,8,,,,,,,,,,,,,,,,,66.05,3,66.1,9,66.13,1,66.31,2,66.32,3,66.41,3,66.49,16,66.5,9,66.69,3,66.7,4
2020-10-29 09:30:55,65.975,66.0,1,65.95,24,66.0,2,66.0,65.95,65.95,24,65.94,8,,,,,,,,,,,,,,,,,66.0,2,66.05,3,66.1,9,66.13,1,66.31,2,66.32,3,66.41,3,66.49,16,66.5,9,66.69,3
2020-10-29 09:30:56,65.975,66.0,1,65.95,25,66.0,2,66.0,65.95,65.95,25,65.94,8,,,,,,,,,,,,,,,,,66.0,2,66.05,3,66.1,9,66.13,1,66.31,2,66.32,3,66.41,3,66.49,16,66.5,9,66.69,3
2020-10-29 09:30:57,65.975,66.0,1,65.95,25,66.0,2,66.0,65.95,65.95,25,65.94,8,,,,,,,,,,,,,,,,,66.0,2,66.05,3,66.1,9,66.13,1,66.31,2,66.32,3,66.41,3,66.49,16,66.5,9,66.69,3
2020-10-29 09:30:58,65.975,66.0,1,65.95,25,66.0,2,66.0,65.95,65.95,25,65.94,8,,,,,,,,,,,,,,,,,66.0,2,66.05,3,66.1,9,66.13,1,66.31,2,66.32,3,66.41,3,66.49,16,66.5,9,66.69,3
2020-10-29 09:31:00,66.0,66.0,1,65.95,26,66.05,1,66.05,65.95,65.95,26,65.94,8,,,,,,,,,,,,,,,,,66.05,1,66.1,8,66.13,1,66.31,2,66.32,3,66.41,3,66.49,16,66.5,9,66.69,3,66.7,4
2020-10-29 09:31:00,66.0,66.0,1,65.95,25,66.05,1,66.05,65.95,65.95,25,65.94,8,,,,,,,,,,,,,,,,,66.05,1,66.1,8,66.13,1,66.31,2,66.32,3,66.41,3,66.49,16,66.5,9,66.69,3,66.7,4
2020-10-29 09:31:01,66.0,65.96,1,65.95,17,66.05,3,66.05,65.95,65.95,17,65.94,8,,,,,,,,,,,,,,,,,66.05,3,66.1,8,66.13,1,66.31,2,66.32,3,66.41,3,66.49,16,66.5,9,66.69,3,66.7,4
2020-10-29 09:31:02,66.0,65.96,1,65.95,17,66.05,3,66.05,65.95,65.95,17,65.94,8,,,,,,,,,,,,,,,,,66.05,3,66.1,8,66.13,1,66.31,2,66.32,3,66.41,3,66.49,16,66.5,9,66.69,3,66.7,4
2020-10-29 09:31:04,65.95,65.95,2,65.9,10,66.0,3,66.0,65.9,65.9,10,,,,,,,,,,,,,,,,,,,66.0,3,66.01,1,66.03,1,66.05,4,66.1,8,66.13,1,66.31,2,66.32,3,66.41,3,66.49,16
2020-10-29 09:31:05,65.955,65.95,2,65.91,13,66.0,4,66.0,65.91,65.91,13,65.9,10,,,,,,,,,,,,,,,,,66.0,4,66.01,1,66.03,1,66.05,4,66.1,8,66.13,1,66.31,2,66.32,3,66.41,3,66.49,16
2020-10-29 09:31:06,65.955,65.95,2,65.91,13,66.0,4,66.0,65.91,65.91,13,65.9,10,,,,,,,,,,,,,,,,,66.0,4,66.01,1,66.03,1,66.05,4,66.1,8,66.13,1,66.31,2,66.32,3,66.41,3,66.49,16
2020-10-29 09:31:07,65.955,65.95,2,65.91,14,66.0,4,66.0,65.91,65.91,14,65.9,10,,,,,,,,,,,,,,,,,66.0,4,66.01,1,66.03,1,66.05,4,66.1,8,66.13,1,66.31,2,66.32,3,66.41,3,66.49,16
2020-10-29 09:31:08,65.955,65.95,2,65.91,14,66.0,4,66.0,65.91,65.91,14,65.9,10,,,,,,,,,,,,,,,,,66.0,4,66.01,1,66.03,1,66.05,4,66.1,8,66.13,1,66.31,2,66.32,3,66.41,3,66.49,16
2020-10-29 09:31:09,65.955,65.95,2,65.91,14,66.0,4,66.0,65.91,65.91,14,65.9,10,,,,,,,,,,,,,,,,,66.0,4,66.01,1,66.03,1,66.05,4,66.1,8,66.13,1,66.31,2,66.32,3,66.41,3,66.49,16
2020-10-29 09:31:10,65.955,65.95,2,65.91,12,66.0,4,66.0,65.91,65.91,12,65.9,10,,,,,,,,,,,,,,,,,66.0,4,66.01,1,66.03,1,66.05,4,66.1,8,66.13,1,66.31,2,66.32,3,66.41,3,66.49,16
2020-10-29 09:31:11,65.955,65.95,2,65.91,12,66.0,4,66.0,65.91,65.91,12,65.9,10,,,,,,,,,,,,,,,,,66.0,4,66.01,1,66.03,1,66.05,4,66.1,8,66.13,1,66.31,2,66.32,3,66.41,3,66.49,16
2020-10-29 09:31:12,65.955,65.95,2,65.91,12,66.0,4,66.0,65.91,65.91,12,65.9,10,,,,,,,,,,,,,,,,,66.0,4,66.01,1,66.03,1,66.05,4,66.1,8,66.13,1,66.31,2,66.32,3,66.41,3,66.49,16
2020-10-29 09:31:13,65.955,65.95,2,65.91,12,66.0,4,66.0,65.91,65.91,12,65.9,10,,,,,,,,,,,,,,,,,66.0,4,66.01,1,66.03,1,66.05,4,66.1,8,66.13,1,66.31,2,66.32,3,66.41,3,66.49,16
2020-10-29 09:31:14,65.955,65.95,2,65.91,12,66.0,4,66.0,65.91,65.91,12,65.9,10,,,,,,,,,,,,,,,,,66.0,4,66.01,1,66.03,1,66.05,4,66.1,8,66.13,1,66.31,2,66.32,3,66.41,3,66.49,16
2020-10-29 09:31:15,65.955,65.95,2,65.91,12,66.0,10,66.0,65.91,65.91,12,65.9,10,,,,,,,,,,,,,,,,,66.0,10,66.01,1,66.03,1,66.05,4,66.1,8,66.13,1,66.31,2,66.32,3,66.41,3,66.49,16
2020-10-29 09:31:16,65.95,65.91,1,65.91,11,65.99,11,65.99,65.91,65.91,11,65.9,10,,,,,,,,,,,,,,,,,65.99,11,66.0,10,66.01,1,66.03,1,66.05,4,66.1,8,66.13,1,66.31,2,66.32,3,66.41,3
2020-10-29 09:31:16,65.955,65.91,1,65.91,11,66.0,16,66.0,65.91,65.91,11,65.9,10,,,,,,,,,,,,,,,,,66.0,16,66.01,1,66.03,1,66.05,4,66.1,8,66.13,1,66.31,2,66.32,3,66.41,3,66.49,16
2020-10-29 09:31:18,65.955,65.91,1,65.91,11,66.0,16,66.0,65.91,65.91,11,65.9,10,,,,,,,,,,,,,,,,,66.0,16,66.01,1,66.03,1,66.05,4,66.1,8,66.13,1,66.31,2,66.32,3,66.41,3,66.49,16
2020-10-29 09:31:19,65.96,65.91,1,65.92,16,66.0,16,66.0,65.92,65.92,16,65.91,15,65.9,10,,,,,,,,,,,,,,,66.0,16,66.01,1,66.03,1,66.05,4,66.1,8,66.13,1,66.31,2,66.32,3,66.41,3,66.49,16
2020-10-29 09:31:20,65.96,65.91,1,65.92,16,66.0,16,66.0,65.92,65.92,16,65.91,15,65.9,10,,,,,,,,,,,,,,,66.0,16,66.01,1,66.03,1,66.05,4,66.1,8,66.13,1,66.31,2,66.32,3,66.41,3,66.49,16
2020-10-29 09:31:21,65.96,65.91,1,65.92,20,66.0,16,66.0,65.92,65.92,20,65.91,15,65.9,10,,,,,,,,,,,,,,,66.0,16,66.01,1,66.03,1,66.05,4,66.1,8,66.13,1,66.31,2,66.32,3,66.41,3,66.49,16
2020-10-29 09:31:22,65.96,65.91,1,65.92,14,66.0,16,66.0,65.92,65.92,14,65.91,15,65.9,10,,,,,,,,,,,,,,,66.0,16,66.01,1,66.03,1,66.05,4,66.1,8,66.13,1,66.31,2,66.32,3,66.41,3,66.49,16
2020-10-29 09:31:23,66.01,66.02,1,65.92,14,66.1,9,66.1,65.92,65.92,14,65.91,15,65.9,10,,,,,,,,,,,,,,,66.1,9,66.13,1,66.31,2,66.32,3,66.41,3,66.49,16,66.5,9,66.69,3,66.7,4,,
2020-10-29 09:31:24,66.01,66.02,1,65.92,14,66.1,9,66.1,65.92,65.92,14,65.91,15,65.9,10,,,,,,,,,,,,,,,66.1,9,66.13,1,66.31,2,66.32,3,66.41,3,66.49,16,66.5,9,66.69,3,66.7,4,,
2020-10-29 09:31:25,66.005,66.02,1,65.92,14,66.09,15,66.09,65.92,65.92,14,65.91,15,65.9,10,,,,,,,,,,,,,,,66.09,15,66.1,9,66.13,1,66.31,2,66.32,3,66.41,3,66.49,16,66.5,9,66.69,3,66.7,4
2020-10-29 09:31:26,66.005,66.02,1,65.92,14,66.09,13,66.09,65.92,65.92,14,65.91,15,65.9,10,,,,,,,,,,,,,,,66.09,13,66.1,9,66.13,1,66.31,2,66.32,3,66.41,3,66.49,16,66.5,9,66.69,3,66.7,4
2020-10-29 09:31:27,66.01,66.02,1,65.93,15,66.09,12,66.09,65.93,65.93,15,65.92,17,65.91,15,65.9,10,,,,,,,,,,,,,66.09,12,66.1,9,66.13,1,66.31,2,66.32,3,66.41,3,66.49,16,66.5,9,66.69,3,66.7,4
2020-10-29 09:31:28,66.005,66.02,1,65.93,15,66.08,16,66.08,65.93,65.93,15,65.92,17,65.91,15,65.9,10,,,,,,,,,,,,,66.08,16,66.09,15,66.1,9,66.13,1,66.31,2,66.32,3,66.41,3,66.49,16,66.5,9,66.69,3
2020-10-29 09:31:29,66.005,66.02,1,65.93,15,66.08,12,66.08,65.93,65.93,15,65.92,17,65.91,15,65.9,10,,,,,,,,,,,,,66.08,12,66.09,15,66.1,9,66.13,1,66.31,2,66.32,3,66.41,3,66.49,16,66.5,9,66.69,3
2020-10-29 09:31:30,66.005,66.02,1,65.93,15,66.08,12,66.08,65.93,65.93,15,65.92,17,65.91,15,65.9,10,,,,,,,,,,,,,66.08,12,66.09,15,66.1,9,66.13,1,66.31,2,66.32,3,66.41,3,66.49,16,66.5,9,66.69,3
2020-10-29 09:31:31,65.995,66.02,1,65.93,15,66.06,15,66.06,65.93,65.93,15,65.92,17,65.91,15,65.9,10,,,,,,,,,,,,,66.06,15,66.07,9,66.08,12,66.09,15,66.1,9,66.13,1,66.31,2,66.32,3,66.41,3,66.49,16
2020-10-29 09:31:32,65.995,66.02,1,65.93,15,66.06,15,66.06,65.93,65.93,15,65.92,17,65.91,15,65.9,10,,,,,,,,,,,,,66.06,15,66.07,9,66.08,12,66.09,15,66.1,9,66.13,1,66.31,2,66.32,3,66.41,3,66.49,16
2020-10-29 09:31:33,65.995,66.02,1,65.93,15,66.06,9,66.06,65.93,65.93,15,65.92,17,65.91,15,65.9,10,,,,,,,,,,,,,66.06,9,66.07,9,66.08,12,66.09,15,66.1,9,66.13,1,66.31,2,66.32,3,66.41,3,66.49,16
2020-10-29 09:31:34,66.0,66.02,1,65.94,19,66.06,9,66.06,65.94,65.94,19,65.93,14,65.92,17,65.91,15,65.9,10,,,,,,,,,,,66.06,9,66.07,9,66.08,12,66.09,15,66.1,9,66.13,1,66.31,2,66.32,3,66.41,3,66.49,16
2020-10-29 09:31:35,66.0,66.02,1,65.94,13,66.06,9,66.06,65.94,65.94,13,65.93,14,65.92,17,65.91,15,65.9,10,,,,,,,,,,,66.06,9,66.07,9,66.08,12,66.09,15,66.1,9,66.13,1,66.31,2,66.32,3,66.41,3,66.49,16
2020-10-29 09:31:36,66.0,66.02,1,65.94,13,66.06,9,66.06,65.94,65.94,13,65.93,14,65.92,17,65.91,15,65.9,10,,,,,,,,,,,66.06,9,66.07,9,66.08,12,66.09,15,66.1,9,66.13,1,66.31,2,66.32,3,66.41,3,66.49,16
2020-10-29 09:31:37,66.0,66.02,1,65.94,12,66.06,9,66.06,65.94,65.94,12,65.93,14,65.92,17,65.91,15,65.9,10,,,,,,,,,,,66.06,9,66.07,9,66.08,12,66.09,15,66.1,9,66.13,1,66.31,2,66.32,3,66.41,3,66.49,16
2020-10-29 09:31:38,66.0,66.02,1,65.94,12,66.06,9,66.06,65.94,65.94,12,65.93,14,65.92,17,65.91,15,65.9,10,,,,,,,,,,,66.06,9,66.07,9,66.08,12,66.09,15,66.1,9,66.13,1,66.31,2,66.32,3,66.41,3,66.49,16
2020-10-29 09:31:39,66.0,66.02,1,65.94,12,66.06,9,66.06,65.94,65.94,12,65.93,14,65.92,17,65.91,15,65.9,10,,,,,,,,,,,66.06,9,66.07,9,66.08,12,66.09,15,66.1,9,66.13,1,66.31,2,66.32,3,66.41,3,66.49,16
2020-10-29 09:31:40,66.0,66.02,1,65.94,11,66.06,9,66.06,65.94,65.94,11,65.93,14,65.92,17,65.91,15,65.9,10,,,,,,,,,,,66.06,9,66.07,9,66.08,12,66.09,15,66.1,9,66.13,1,66.31,2,66.32,3,66.41,3,66.49,16
2020-10-29 09:31:41,66.0,66.02,1,65.94,13,66.06,9,66.06,65.94,65.94,13,65.93,14,65.92,17,65.91,15,65.9,10,,,,,,,,,,,66.06,9,66.07,9,66.08,12,66.09,15,66.1,9,66.13,1,66.31,2,66.32,3,66.41,3,66.49,16
2020-10-29 09:31:42,66.005,66.02,1,65.95,14,66.06,9,66.06,65.95,65.95,14,65.94,16,65.93,14,65.92,17,65.91,15,65.9,10,,,,,,,,,66.06,9,66.07,9,66.08,12,66.09,15,66.1,9,66.13,1,66.31,2,66.32,3,66.41,3,66.49,16
2020-10-29 09:31:43,66.005,66.02,1,65.95,17,66.06,9,66.06,65.95,65.95,17,65.94,16,65.93,14,65.92,17,65.91,15,65.9,10,,,,,,,,,66.06,9,66.07,9,66.08,12,66.09,15,66.1,9,66.13,1,66.31,2,66.32,3,66.41,3,66.49,16
2020-10-29 09:31:44,65.985,65.96,1,65.95,18,66.02,2,66.02,65.95,65.95,18,65.94,16,65.93,14,65.92,17,65.91,15,65.9,10,,,,,,,,,66.02,2,66.03,2,66.06,9,66.07,9,66.08,12,66.09,15,66.1,9,66.13,1,66.31,2,66.32,3
2020-10-29 09:31:45,65.985,65.96,1,65.95,18,66.02,2,66.02,65.95,65.95,18,65.94,16,65.93,14,65.92,17,65.91,15,65.9,10,,,,,,,,,66.02,2,66.03,2,66.06,9,66.07,9,66.08,12,66.09,15,66.1,9,66.13,1,66.31,2,66.32,3
2020-10-29 09:31:46,65.985,65.96,1,65.95,18,66.02,2,66.02,65.95,65.95,18,65.94,16,65.93,14,65.92,17,65.91,15,65.9,10,,,,,,,,,66.02,2,66.03,2,66.06,9,66.07,9,66.08,12,66.09,15,66.1,9,66.13,1,66.31,2,66.32,3
2020-10-29 09:31:47,65.99,65.96,1,65.95,18,66.03,3,66.03,65.95,65.95,18,65.94,16,65.93,14,65.92,17,65.91,15,65.9,10,,,,,,,,,66.03,3,66.06,9,66.07,9,66.08,12,66.09,15,66.1,9,66.13,1,66.31,2,66.32,3,66.41,3
2020-10-29 09:31:48,65.965,65.96,1,65.93,15,66.0,1,66.0,65.93,65.93,15,65.92,17,65.91,15,65.9,10,,,,,,,,,,,,,66.0,1,66.01,1,66.03,3,66.06,9,66.07,9,66.08,12,66.09,15,66.1,9,66.13,1,66.31,2
2020-10-29 09:31:49,65.97,65.97,1,65.91,5,66.03,3,66.03,65.91,65.91,5,65.9,9,,,,,,,,,,,,,,,,,66.03,3,66.06,9,66.07,9,66.08,12,66.09,15,66.1,9,66.13,1,66.31,2,66.32,3,66.41,3
2020-10-29 09:31:50,65.97,65.97,1,65.91,5,66.03,3,66.03,65.91,65.91,5,65.9,9,,,,,,,,,,,,,,,,,66.03,3,66.06,9,66.07,9,66.08,12,66.09,15,66.1,9,66.13,1,66.31,2,66.32,3,66.41,3
2020-10-29 09:31:51,65.97,65.97,1,65.91,14,66.03,3,66.03,65.91,65.91,14,65.9,9,,,,,,,,,,,,,,,,,66.03,3,66.06,9,66.07,9,66.08,12,66.09,15,66.1,9,66.13,1,66.31,2,66.32,3,66.41,3
2020-10-29 09:31:52,65.98,65.97,1,65.93,4,66.03,3,66.03,65.93,65.93,4,65.92,6,65.91,14,65.9,9,,,,,,,,,,,,,66.03,3,66.06,9,66.07,9,66.08,12,66.09,15,66.1,9,66.13,1,66.31,2,66.32,3,66.41,3
2020-10-29 09:31:53,65.985,65.97,1,65.94,11,66.03,3,66.03,65.94,65.94,11,65.93,6,65.92,6,65.91,14,65.9,9,,,,,,,,,,,66.03,3,66.06,9,66.07,9,66.08,12,66.09,15,66.1,9,66.13,1,66.31,2,66.32,3,66.41,3
2020-10-29 09:31:54,66.0,66.0,1,65.98,7,66.02,16,66.02,65.98,65.98,7,65.96,15,65.91,13,65.9,9,,,,,,,,,,,,,66.02,16,66.03,1,66.04,1,66.05,13,66.08,13,66.1,8,66.13,1,66.31,2,66.32,3,66.41,3
2020-10-29 09:31:55,65.99,65.99,1,65.96,26,66.02,16,66.02,65.96,65.96,26,65.91,13,65.9,9,,,,,,,,,,,,,,,66.02,16,66.03,1,66.04,1,66.05,13,66.08,13,66.1,8,66.13,1,66.31,2,66.32,3,66.41,3
2020-10-29 09:31:56,65.865,65.86,10,65.84,2,65.89,1,65.89,65.84,65.84,2,65.83,2,65.81,6,,,,,,,,,,,,,,,65.89,1,65.9,2,65.91,2,65.92,2,65.93,6,65.94,19,65.95,2,65.97,6,65.98,12,65.99,1
2020-10-29 09:31:57,65.84,65.85,1,65.8,37,65.88,2,65.88,65.8,65.8,37,,,,,,,,,,,,,,,,,,,65.88,2,65.89,4,65.9,4,65.91,2,65.92,2,65.93,6,65.94,19,65.95,2,65.97,6,65.98,12
2020-10-29 09:31:58,65.845,65.87,1,65.81,10,65.88,6,65.88,65.81,65.81,10,65.8,37,,,,,,,,,,,,,,,,,65.88,6,65.89,4,65.9,4,65.91,2,65.92,2,65.93,6,65.94,19,65.95,2,65.97,6,65.98,12
2020-10-29 09:31:59,65.875,65.92,1,65.82,16,65.93,13,65.93,65.82,65.82,16,65.81,5,65.8,37,,,,,,,,,,,,,,,65.93,13,65.94,19,65.95,2,65.97,6,65.98,12,65.99,1,66.01,8,66.02,15,66.03,1,66.04,1
2020-10-29 09:32:00,65.875,65.88,1,65.83,1,65.92,13,65.92,65.83,65.83,1,65.82,16,65.81,5,65.8,37,,,,,,,,,,,,,65.92,13,65.93,11,65.94,19,65.95,2,65.97,6,65.98,12,65.99,1,66.01,8,66.02,15,66.03,1
2020-10-29 09:32:01,65.87,65.88,1,65.83,2,65.91,24,65.91,65.83,65.83,2,65.82,16,65.81,5,65.8,37,,,,,,,,,,,,,65.91,24,65.92,18,65.93,11,65.94,19,65.95,2,65.97,6,65.98,12,65.99,1,66.01,8,66.02,15
2020-10-29 09:32:02,65.87,65.88,1,65.83,2,65.91,19,65.91,65.83,65.83,2,65.82,16,65.81,5,65.8,37,,,,,,,,,,,,,65.91,19,65.92,18,65.93,11,65.94,19,65.95,2,65.97,6,65.98,12,65.99,1,66.01,8,66.02,15
2020-10-29 09:32:03,65.87,65.87,1,65.83,7,65.91,6,65.91,65.83,65.83,7,65.82,16,65.81,5,65.8,37,,,,,,,,,,,,,65.91,6,65.92,18,65.93,11,65.94,19,65.95,2,65.97,6,65.98,12,65.99,1,66.01,8,66.02,15
2020-10-29 09:32:04,65.88,65.87,1,65.84,2,65.92,22,65.92,65.84,65.84,2,65.83,11,65.82,16,65.81,5,65.8,37,,,,,,,,,,,65.92,22,65.93,11,65.94,19,65.95,2,65.97,6,65.98,12,65.99,1,66.01,8,66.02,15,66.03,1
2020-10-29 09:32:05,65.875,65.88,1,65.84,2,65.91,9,65.91,65.84,65.84,2,65.83,11,65.82,16,65.81,5,65.8,37,,,,,,,,,,,65.91,9,65.92,19,65.93,11,65.94,19,65.95,2,65.97,6,65.98,12,65.99,1,66.01,8,66.02,15
2020-10-29 09:32:06,65.875,65.87,4,65.84,2,65.91,9,65.91,65.84,65.84,2,65.83,11,65.82,16,65.81,5,65.8,37,,,,,,,,,,,65.91,9,65.92,19,65.93,11,65.94,19,65.95,2,65.97,6,65.98,12,65.99,1,66.01,8,66.02,15
2020-10-29 09:32:07,65.875,65.87,4,65.84,2,65.91,7,65.91,65.84,65.84,2,65.83,11,65.82,16,65.81,5,65.8,37,,,,,,,,,,,65.91,7,65.92,19,65.93,11,65.94,19,65.95,2,65.97,6,65.98,12,65.99,1,66.01,8,66.02,15
2020-10-29 09:32:08,65.875,65.87,4,65.84,2,65.91,7,65.91,65.84,65.84,2,65.83,11,65.82,16,65.81,5,65.8,37,,,,,,,,,,,65.91,7,65.92,19,65.93,11,65.94,19,65.95,2,65.97,6,65.98,12,65.99,1,66.01,8,66.02,15
2020-10-29 09:32:09,65.875,65.87,10,65.84,2,65.91,7,65.91,65.84,65.84,2,65.83,11,65.82,16,65.81,5,65.8,37,,,,,,,,,,,65.91,7,65.92,19,65.93,11,65.94,19,65.95,2,65.97,6,65.98,12,65.99,1,66.01,8,66.02,15
2020-10-29 09:32:10,65.875,65.87,10,65.85,2,65.9,16,65.9,65.85,65.85,2,65.84,4,65.83,11,65.82,16,65.81,5,65.8,37,,,,,,,,,65.9,16,65.91,13,65.92,19,65.93,11,65.94,19,65.95,2,65.97,6,65.98,12,65.99,1,66.01,8
2020-10-29 09:32:11,65.88,65.88,1,65.86,4,65.9,3,65.9,65.86,65.86,4,65.85,4,65.84,4,65.83,11,65.82,16,65.81,5,65.8,37,,,,,,,65.9,3,65.91,2,65.93,11,65.94,19,65.95,2,65.97,6,65.98,12,65.99,1,66.01,8,66.02,15
2020-10-29 09:32:12,65.845,65.85,1,65.82,10,65.87,4,65.87,65.82,65.82,10,65.81,5,65.8,37,,,,,,,,,,,,,,,65.87,4,65.88,6,65.9,3,65.91,2,65.93,11,65.94,19,65.95,2,65.97,6,65.98,12,65.99,1
2020-10-29 09:32:13,65.835,65.85,1,65.82,10,65.85,3,65.85,65.82,65.82,10,65.81,5,65.8,37,,,,,,,,,,,,,,,65.85,3,65.87,4,65.88,6,65.9,3,65.91,2,65.93,11,65.94,19,65.95,2,65.97,6,65.98,12
2020-10-29 09:32:14,65.825,65.8,1,65.81,1,65.84,4,65.84,65.81,65.81,1,65.8,37,,,,,,,,,,,,,,,,,65.84,4,65.85,5,65.87,4,65.88,6,65.9,3,65.91,2,65.93,11,65.94,19,65.95,2,65.97,6
2020-10-29 09:32:15,65.815,65.81,1,65.79,12,65.84,4,65.84,65.79,65.79,12,65.78,2,65.77,17,,,,,,,,,,,,,,,65.84,4,65.85,5,65.87,4,65.88,6,65.9,3,65.91,2,65.93,11,65.94,19,65.95,2,65.97,6
2020-10-29 09:32:16,65.81,65.84,1,65.77,17,65.85,19,65.85,65.77,65.77,17,,,,,,,,,,,,,,,,,,,65.85,19,65.87,4,65.88,6,65.9,3,65.91,2,65.93,11,65.94,19,65.95,2,65.97,6,65.98,12
2020-10-29 09:32:17,65.81,65.84,1,65.77,17,65.85,19,65.85,65.77,65.77,17,,,,,,,,,,,,,,,,,,,65.85,19,65.87,4,65.88,6,65.9,3,65.91,2,65.93,11,65.94,19,65.95,2,65.97,6,65.98,12
2020-10-29 09:32:18,65.785,65.78,1,65.75,12,65.82,2,65.82,65.75,65.75,12,,,,,,,,,,,,,,,,,,,65.82,2,65.84,21,65.85,19,65.87,4,65.88,6,65.9,3,65.91,2,65.93,11,65.94,19,65.95,2
2020-10-29 09:32:19,65.765,65.77,10,65.71,10,65.82,7,65.82,65.71,65.71,10,,,,,,,,,,,,,,,,,,,65.82,7,65.84,21,65.85,19,65.87,4,65.88,6,65.9,3,65.91,2,65.93,11,65.94,19,65.95,2
2020-10-29 09:32:20,65.755,65.75,1,65.71,13,65.8,6,65.8,65.71,65.71,13,,,,,,,,,,,,,,,,,,,65.8,6,65.81,20,65.82,14,65.84,21,65.85,19,65.87,4,65.88,6,65.9,3,65.91,2,65.93,11
2020-10-29 09:32:21,65.75,65.72,20,65.71,12,65.79,11,65.79,65.71,65.71,12,,,,,,,,,,,,,,,,,,,65.79,11,65.8,11,65.81,20,65.82,14,65.84,21,65.85,19,65.87,4,65.88,6,65.9,3,65.91,2
2020-10-29 09:32:22,65.75,65.72,20,65.71,6,65.79,13,65.79,65.71,65.71,6,,,,,,,,,,,,,,,,,,,65.79,13,65.8,11,65.81,20,65.82,14,65.84,21,65.85,19,65.87,4,65.88,6,65.9,3,65.91,2
2020-10-29 09:32:23,65.75,65.78,1,65.71,6,65.79,13,65.79,65.71,65.71,6,,,,,,,,,,,,,,,,,,,65.79,13,65.8,11,65.81,20,65.82,14,65.84,21,65.85,19,65.87,4,65.88,6,65.9,3,65.91,2
2020-10-29 09:32:24,65.755,65.76,1,65.71,8,65.8,6,65.8,65.71,65.71,8,,,,,,,,,,,,,,,,,,,65.8,6,65.81,17,65.82,14,65.84,21,65.85,19,65.87,4,65.88,6,65.9,3,65.91,2,65.93,11
2020-10-29 09:32:25,65.76,65.8,1,65.71,15,65.81,17,65.81,65.71,65.71,15,,,,,,,,,,,,,,,,,,,65.81,17,65.82,14,65.84,21,65.85,19,65.87,4,65.88,6,65.9,3,65.91,2,65.93,11,65.94,19
2020-10-29 09:32:26,65.76,65.8,1,65.71,15,65.81,17,65.81,65.71,65.71,15,,,,,,,,,,,,,,,,,,,65.81,17,65.82,14,65.84,21,65.85,19,65.87,4,65.88,6,65.9,3,65.91,2,65.93,11,65.94,19
2020-10-29 09:32:27,65.76,65.78,10,65.71,15,65.81,14,65.81,65.71,65.71,15,,,,,,,,,,,,,,,,,,,65.81,14,65.82,14,65.84,21,65.85,19,65.87,4,65.88,6,65.9,3,65.91,2,65.93,11,65.94,19
2020-10-29 09:32:28,65.76,65.76,2,65.72,14,65.8,20,65.8,65.72,65.72,14,65.71,16,,,,,,,,,,,,,,,,,65.8,20,65.81,19,65.82,14,65.84,21,65.85,19,65.87,4,65.88,6,65.9,3,65.91,2,65.93,11
2020-10-29 09:32:29,65.755,65.76,2,65.72,13,65.79,1,65.79,65.72,65.72,13,65.71,16,,,,,,,,,,,,,,,,,65.79,1,65.8,15,65.81,19,65.82,14,65.84,21,65.85,19,65.87,4,65.88,6,65.9,3,65.91,2
2020-10-29 09:32:30,65.755,65.78,3,65.72,13,65.79,2,65.79,65.72,65.72,13,65.71,16,,,,,,,,,,,,,,,,,65.79,2,65.8,15,65.81,19,65.82,14,65.84,21,65.85,19,65.87,4,65.88,6,65.9,3,65.91,2
2020-10-29 09:32:31,65.8,65.81,2,65.76,3,65.84,12,65.84,65.76,65.76,3,65.74,1,65.73,2,65.72,12,65.71,16,,,,,,,,,,,65.84,12,65.85,19,65.87,4,65.88,6,65.9,3,65.91,2,65.93,11,65.94,19,65.95,2,65.97,6
2020-10-29 09:32:32,65.8,65.83,1,65.76,3,65.84,12,65.84,65.76,65.76,3,65.74,1,65.73,2,65.72,12,65.71,16,,,,,,,,,,,65.84,12,65.85,19,65.87,4,65.88,6,65.9,3,65.91,2,65.93,11,65.94,19,65.95,2,65.97,6
2020-10-29 09:32:33,65.825,65.86,1,65.78,18,65.87,5,65.87,65.78,65.78,18,65.77,5,65.76,3,65.74,1,65.73,2,65.72,12,65.71,16,,,,,,,65.87,5,65.88,6,65.9,3,65.91,2,65.93,11,65.94,19,65.95,2,65.97,6,65.98,12,65.99,1
2020-10-29 09:32:34,65.825,65.86,1,65.78,14,65.87,7,65.87,65.78,65.78,14,65.77,5,65.76,3,65.74,1,65.73,2,65.72,12,65.71,16,,,,,,,65.87,7,65.88,6,65.9,3,65.91,2,65.93,11,65.94,19,65.95,2,65.97,6,65.98,12,65.99,1
2020-10-29 09:32:35,65.825,65.83,2,65.78,14,65.87,7,65.87,65.78,65.78,14,65.77,5,65.76,3,65.74,1,65.73,2,65.72,12,65.71,16,,,,,,,65.87,7,65.88,6,65.9,3,65.91,2,65.93,11,65.94,19,65.95,2,65.97,6,65.98,12,65.99,1
2020-10-29 09:32:36,65.84,65.85,3,65.79,20,65.89,21,65.89,65.79,65.79,20,65.78,14,65.77,5,65.76,3,65.74,1,65.73,2,65.72,12,65.71,16,,,,,65.89,21,65.9,21,65.91,2,65.93,11,65.94,19,65.95,2,65.97,6,65.98,12,65.99,1,66.01,8
2020-10-29 09:32:37,65.85,65.85,1,65.8,4,65.9,21,65.9,65.8,65.8,4,65.79,20,65.78,14,65.77,5,65.76,3,65.74,1,65.73,2,65.72,12,65.71,16,,,65.9,21,65.91,2,65.93,11,65.94,19,65.95,2,65.97,6,65.98,12,65.99,1,66.01,8,66.02,15
2020-10-29 09:32:38,65.85,65.85,1,65.8,7,65.9,21,65.9,65.8,65.8,7,65.79,20,65.78,14,65.77,5,65.76,3,65.74,1,65.73,2,65.72,12,65.71,16,,,65.9,21,65.91,2,65.93,11,65.94,19,65.95,2,65.97,6,65.98,12,65.99,1,66.01,8,66.02,15
2020-10-29 09:32:39,65.875,65.87,2,65.84,2,65.91,6,65.91,65.84,65.84,2,65.8,6,65.79,20,65.78,14,65.77,5,65.76,3,65.74,1,65.73,2,65.72,12,65.71,16,65.91,6,65.93,8,65.94,19,65.95,2,65.97,6,65.98,12,65.99,1,66.01,8,66.02,15,66.03,1
2020-10-29 09:32:40,65.855,65.87,2,65.8,6,65.91,7,65.91,65.8,65.8,6,65.79,20,65.78,14,65.77,5,65.76,3,65.74,1,65.73,2,65.72,12,65.71,16,,,65.91,7,65.93,8,65.94,19,65.95,2,65.97,6,65.98,12,65.99,1,66.01,8,66.02,15,66.03,1
2020-10-29 09:32:41,65.85,65.85,1,65.8,8,65.9,9,65.9,65.8,65.8,8,65.79,20,65.78,14,65.77,5,65.76,3,65.74,1,65.73,2,65.72,12,65.71,16,,,65.9,9,65.91,10,65.93,8,65.94,19,65.95,2,65.97,6,65.98,12,65.99,1,66.01,8,66.02,15
2020-10-29 09:32:42,65.85,65.85,1,65.8,8,65.9,8,65.9,65.8,65.8,8,65.79,20,65.78,14,65.77,5,65.76,3,65.74,1,65.73,2,65.72,12,65.71,16,,,65.9,8,65.91,10,65.93,8,65.94,19,65.95,2,65.97,6,65.98,12,65.99,1,66.01,8,66.02,15
2020-10-29 09:32:43,65.845,65.85,1,65.8,8,65.89,13,65.89,65.8,65.8,8,65.79,20,65.78,14,65.77,5,65.76,3,65.74,1,65.73,2,65.72,12,65.71,16,,,65.89,13,65.9,14,65.91,10,65.93,8,65.94,19,65.95,2,65.97,6,65.98,12,65.99,1,66.01,8
2020-10-29 09:32:44,65.845,65.84,4,65.8,8,65.89,16,65.89,65.8,65.8,8,65.79,20,65.78,14,65.77,5,65.76,3,65.74,1,65.73,2,65.72,12,65.71,16,,,65.89,16,65.9,14,65.91,10,65.93,8,65.94,19,65.95,2,65.97,6,65.98,12,65.99,1,66.01,8
2020-10-29 09:32:45,65.82,65.79,1,65.77,7,65.87,11,65.87,65.77,65.77,7,65.76,3,65.74,1,65.73,2,65.72,12,65.71,16,,,,,,,,,65.87,11,65.89,17,65.9,14,65.91,10,65.93,8,65.94,19,65.95,2,65.97,6,65.98,12,65.99,1
2020-10-29 09:32:46,65.825,65.8,1,65.78,7,65.87,13,65.87,65.78,65.78,7,65.77,6,65.76,3,65.74,1,65.73,2,65.72,12,65.71,16,,,,,,,65.87,13,65.89,17,65.9,14,65.91,10,65.93,8,65.94,19,65.95,2,65.97,6,65.98,12,65.99,1
2020-10-29 09:32:47,65.825,65.8,1,65.78,6,65.87,15,65.87,65.78,65.78,6,65.77,6,65.76,3,65.74,1,65.73,2,65.72,12,65.71,16,,,,,,,65.87,15,65.89,17,65.9,14,65.91,10,65.93,8,65.94,19,65.95,2,65.97,6,65.98,12,65.99,1
2020-10-29 09:32:48,65.83,65.82,10,65.79,6,65.87,15,65.87,65.79,65.79,6,65.78,8,65.77,6,65.76,3,65.74,1,65.73,2,65.72,12,65.71,16,,,,,65.87,15,65.89,17,65.9,14,65.91,10,65.93,8,65.94,19,65.95,2,65.97,6,65.98,12,65.99,1
2020-10-29 09:32:49,65.84,65.87,1,65.79,28,65.89,16,65.89,65.79,65.79,28,65.78,8,65.77,6,65.76,3,65.74,1,65.73,2,65.72,12,65.71,16,,,,,65.89,16,65.9,14,65.91,10,65.93,8,65.94,19,65.95,2,65.97,6,65.98,12,65.99,1,66.01,8
2020-10-29 09:32:50,65.825,65.84,10,65.77,8,65.88,1,65.88,65.77,65.77,8,65.76,3,65.74,1,65.73,2,65.72,12,65.71,16,,,,,,,,,65.88,1,65.89,18,65.9,14,65.91,10,65.93,8,65.94,19,65.95,2,65.97,6,65.98,12,65.99,1
2020-10-29 09:32:51,65.775,65.7,1,65.7,15,65.85,6,65.85,65.7,65.7,15,65.69,12,65.67,3,,,,,,,,,,,,,,,65.85,6,65.86,9,65.87,17,65.88,13,65.89,18,65.9,14,65.91,10,65.93,8,65.94,19,65.95,2
2020-10-29 09:32:52,65.805,65.82,3,65.75,2,65.86,3,65.86,65.75,65.75,2,65.73,5,65.72,3,65.7,15,65.69,12,65.67,3,,,,,,,,,65.86,3,65.87,17,65.88,13,65.89,18,65.9,14,65.91,10,65.93,8,65.94,19,65.95,2,65.97,6
2020-10-29 09:32:53,65.795,65.82,3,65.73,2,65.86,8,65.86,65.73,65.73,2,65.72,4,65.7,15,65.69,12,65.67,3,,,,,,,,,,,65.86,8,65.87,17,65.88,13,65.89,18,65.9,14,65.91,10,65.93,8,65.94,19,65.95,2,65.97,6
2020-10-29 09:32:54,65.795,65.82,3,65.73,7,65.86,5,65.86,65.73,65.73,7,65.72,10,65.71,6,65.7,10,65.69,12,65.67,3,,,,,,,,,65.86,5,65.87,17,65.88,13,65.89,18,65.9,14,65.91,10,65.93,8,65.94,19,65.95,2,65.97,6
2020-10-29 09:32:55,65.775,65.82,3,65.72,10,65.83,5,65.83,65.72,65.72,10,65.71,13,65.7,10,65.69,12,65.67,3,,,,,,,,,,,65.83,5,65.86,5,65.87,17,65.88,13,65.89,18,65.9,14,65.91,10,65.93,8,65.94,19,65.95,2
2020-10-29 09:32:56,65.775,65.82,3,65.72,10,65.83,5,65.83,65.72,65.72,10,65.71,13,65.7,10,65.69,12,65.67,3,,,,,,,,,,,65.83,5,65.86,5,65.87,17,65.88,13,65.89,18,65.9,14,65.91,10,65.93,8,65.94,19,65.95,2
2020-10-29 09:32:57,65.79,65.78,1,65.75,2,65.83,5,65.83,65.75,65.75,2,65.72,10,65.71,13,65.7,10,65.69,12,65.67,3,,,,,,,,,65.83,5,65.86,5,65.87,17,65.88,13,65.89,18,65.9,14,65.91,10,65.93,8,65.94,19,65.95,2
2020-10-29 09:32:58,65.775,65.78,1,65.72,10,65.83,5,65.83,65.72,65.72,10,65.71,13,65.7,10,65.69,12,65.67,3,,,,,,,,,,,65.83,5,65.86,5,65.87,17,65.88,13,65.89,18,65.9,14,65.91,10,65.93,8,65.94,19,65.95,2
2020-10-29 09:32:59,65.775,65.78,1,65.72,10,65.83,5,65.83,65.72,65.72,10,65.71,13,65.7,10,65.69,12,65.67,3,,,,,,,,,,,65.83,5,65.86,5,65.87,17,65.88,13,65.89,18,65.9,14,65.91,10,65.93,8,65.94,19,65.95,2
2020-10-29 09:33:00,65.8,65.78,1,65.77,1,65.83,5,65.83,65.77,65.77,1,65.76,10,65.75,10,65.74,2,65.73,5,65.72,10,65.71,13,65.7,10,65.69,12,65.67,3,65.83,5,65.86,5,65.87,17,65.88,13,65.89,18,65.9,14,65.91,10,65.93,8,65.94,19,65.95,2
2020-10-29 09:33:01,65.775,65.77,1,65.72,10,65.83,11,65.83,65.72,65.72,10,65.71,13,65.7,10,65.69,12,65.67,3,,,,,,,,,,,65.83,11,65.86,5,65.87,17,65.88,13,65.89,18,65.9,14,65.91,10,65.93,8,65.94,19,65.95,2
2020-10-29 09:33:02,65.755,65.83,1,65.72,5,65.79,13,65.79,65.72,65.72,5,65.71,13,65.7,10,65.69,12,65.67,3,,,,,,,,,,,65.79,13,65.8,11,65.81,7,65.83,11,65.86,5,65.87,17,65.88,13,65.89,18,65.9,14,65.91,10
2020-10-29 09:33:03,65.71,65.83,1,65.66,2,65.76,1,65.76,65.66,65.66,2,,,,,,,,,,,,,,,,,,,65.76,1,65.78,13,65.79,20,65.8,11,65.81,7,65.83,11,65.86,5,65.87,17,65.88,13,65.89,18
2020-10-29 09:33:04,65.73,65.83,1,65.7,2,65.76,1,65.76,65.7,65.7,2,65.66,2,,,,,,,,,,,,,,,,,65.76,1,65.78,13,65.79,20,65.8,11,65.81,7,65.83,11,65.86,5,65.87,17,65.88,13,65.89,18
2020-10-29 09:33:05,65.695,65.73,1,65.66,6,65.73,1,65.73,65.66,65.66,6,,,,,,,,,,,,,,,,,,,65.73,1,65.77,1,65.78,13,65.79,20,65.8,11,65.81,7,65.83,11,65.86,5,65.87,17,65.88,13
2020-10-29 09:33:06,65.72,65.73,1,65.67,1,65.77,1,65.77,65.67,65.67,1,65.66,6,,,,,,,,,,,,,,,,,65.77,1,65.78,13,65.79,20,65.8,11,65.81,7,65.83,11,65.86,5,65.87,17,65.88,13,65.89,18
2020-10-29 09:33:07,65.73,65.75,1,65.67,3,65.79,20,65.79,65.67,65.67,3,65.66,6,,,,,,,,,,,,,,,,,65.79,20,65.8,11,65.81,7,65.83,11,65.86,5,65.87,17,65.88,13,65.89,18,65.9,14,65.91,10
2020-10-29 09:33:08,65.73,65.75,1,65.67,4,65.79,20,65.79,65.67,65.67,4,65.66,6,,,,,,,,,,,,,,,,,65.79,20,65.8,11,65.81,7,65.83,11,65.86,5,65.87,17,65.88,13,65.89,18,65.9,14,65.91,10
2020-10-29 09:33:09,65.715,65.74,9,65.67,5,65.76,7,65.76,65.67,65.67,5,65.66,6,,,,,,,,,,,,,,,,,65.76,7,65.8,6,65.81,7,65.83,11,65.86,5,65.87,17,65.88,13,65.89,18,65.9,14,65.91,10
2020-10-29 09:33:10,65.725,65.74,9,65.69,20,65.76,6,65.76,65.69,65.69,20,65.68,10,65.67,13,65.66,6,,,,,,,,,,,,,65.76,6,65.8,6,65.81,7,65.83,11,65.86,5,65.87,17,65.88,13,65.89,18,65.9,14,65.91,10
2020-10-29 09:33:11,65.75,65.76,4,65.7,4,65.8,13,65.8,65.7,65.7,4,65.69,12,65.68,10,65.67,13,65.66,6,,,,,,,,,,,65.8,13,65.81,7,65.83,11,65.86,5,65.87,17,65.88,13,65.89,18,65.9,14,65.91,10,65.93,8
2020-10-29 09:33:12,65.75,65.73,1,65.7,16,65.8,16,65.8,65.7,65.7,16,65.69,12,65.68,10,65.67,13,65.66,6,,,,,,,,,,,65.8,16,65.81,7,65.83,11,65.86,5,65.87,17,65.88,13,65.89,18,65.9,14,65.91,10,65.93,8
2020-10-29 09:33:13,65.755,65.74,2,65.71,22,65.8,16,65.8,65.71,65.71,22,65.7,17,65.69,12,65.68,10,65.67,13,65.66,6,,,,,,,,,65.8,16,65.81,7,65.83,11,65.86,5,65.87,17,65.88,13,65.89,18,65.9,14,65.91,10,65.93,8
2020-10-29 09:33:14,65.75,65.74,2,65.7,15,65.8,19,65.8,65.7,65.7,15,65.69,12,65.68,10,65.67,13,65.66,6,,,,,,,,,,,65.8,19,65.81,7,65.83,11,65.86,5,65.87,17,65.88,13,65.89,18,65.9,14,65.91,10,65.93,8
2020-10-29 09:33:15,65.745,65.75,1,65.7,15,65.79,13,65.79,65.7,65.7,15,65.69,12,65.68,10,65.67,13,65.66,6,,,,,,,,,,,65.79,13,65.8,22,65.81,7,65.83,11,65.86,5,65.87,17,65.88,13,65.89,18,65.9,14,65.91,10
2020-10-29 09:33:16,65.755,65.75,1,65.71,1,65.8,18,65.8,65.71,65.71,1,65.7,20,65.69,12,65.68,10,65.67,13,65.66,6,,,,,,,,,65.8,18,65.81,7,65.83,11,65.86,5,65.87,17,65.88,13,65.89,18,65.9,14,65.91,10,65.93,8
2020-10-29 09:33:17,65.755,65.75,1,65.71,3,65.8,18,65.8,65.71,65.71,3,65.7,20,65.69,12,65.68,10,65.67,13,65.66,6,,,,,,,,,65.8,18,65.81,7,65.83,11,65.86,5,65.87,17,65.88,13,65.89,18,65.9,14,65.91,10,65.93,8
2020-10-29 09:33:18,65.755,65.75,1,65.71,18,65.8,18,65.8,65.71,65.71,18,65.7,20,65.69,12,65.68,10,65.67,13,65.66,6,,,,,,,,,65.8,18,65.81,7,65.83,11,65.86,5,65.87,17,65.88,13,65.89,18,65.9,14,65.91,10,65.93,8
2020-10-29 09:33:19,65.76,65.76,1,65.72,5,65.8,18,65.8,65.72,65.72,5,65.71,18,65.7,20,65.69,12,65.68,10,65.67,13,65.66,6,,,,,,,65.8,18,65.81,7,65.83,11,65.86,5,65.87,17,65.88,13,65.89,18,65.9,14,65.91,10,65.93,8
2020-10-29 09:33:20,65.765,65.76,1,65.73,2,65.8,18,65.8,65.73,65.73,2,65.72,5,65.71,18,65.7,20,65.69,12,65.68,10,65.67,13,65.66,6,,,,,65.8,18,65.81,7,65.83,11,65.86,5,65.87,17,65.88,13,65.89,18,65.9,14,65.91,10,65.93,8
2020-10-29 09:33:21,65.76,65.74,1,65.72,5,65.8,18,65.8,65.72,65.72,5,65.71,18,65.7,20,65.69,12,65.68,10,65.67,13,65.66,6,,,,,,,65.8,18,65.81,7,65.83,11,65.86,5,65.87,17,65.88,13,65.89,18,65.9,14,65.91,10,65.93,8
2020-10-29 09:33:22,65.765,65.76,1,65.73,1,65.8,18,65.8,65.73,65.73,1,65.72,5,65.71,18,65.7,20,65.69,12,65.68,10,65.67,13,65.66,6,,,,,65.8,18,65.81,7,65.83,11,65.86,5,65.87,17,65.88,13,65.89,18,65.9,14,65.91,10,65.93,8
2020-10-29 09:33:23,65.77,65.77,1,65.74,1,65.8,21,65.8,65.74,65.74,1,65.73,3,65.72,5,65.71,18,65.7,20,65.69,12,65.68,10,65.67,13,65.66,6,,,65.8,21,65.81,7,65.83,11,65.86,5,65.87,17,65.88,13,65.89,18,65.9,14,65.91,10,65.93,8
2020-10-29 09:33:24,65.77,65.77,1,65.74,2,65.8,21,65.8,65.74,65.74,2,65.73,3,65.72,5,65.71,18,65.7,20,65.69,12,65.68,10,65.67,13,65.66,6,,,65.8,21,65.81,7,65.83,11,65.86,5,65.87,17,65.88,13,65.89,18,65.9,14,65.91,10,65.93,8
2020-10-29 09:33:25,65.77,65.75,1,65.74,4,65.8,21,65.8,65.74,65.74,4,65.73,3,65.72,5,65.71,18,65.7,20,65.69,12,65.68,10,65.67,13,65.66,6,,,65.8,21,65.81,7,65.83,11,65.86,5,65.87,17,65.88,13,65.89,18,65.9,14,65.91,10,65.93,8
2020-10-29 09:33:26,65.77,65.75,1,65.74,4,65.8,21,65.8,65.74,65.74,4,65.73,3,65.72,5,65.71,18,65.7,20,65.69,12,65.68,10,65.67,13,65.66,6,,,65.8,21,65.81,7,65.83,11,65.86,5,65.87,17,65.88,13,65.89,18,65.9,14,65.91,10,65.93,8
2020-10-29 09:33:27,65.84,65.8,1,65.79,3,65.89,14,65.89,65.79,65.79,3,65.78,23,65.77,8,65.76,2,65.74,13,65.73,3,65.72,5,65.71,18,65.7,20,65.69,12,65.89,14,65.9,14,65.91,10,65.93,8,65.94,19,65.95,2,65.97,6,65.98,12,65.99,1,66.01,8
2020-10-29 09:33:28,65.86,65.89,5,65.81,3,65.91,15,65.91,65.81,65.81,3,65.8,5,65.79,3,65.78,23,65.77,8,65.76,2,65.74,13,65.73,3,65.72,5,65.71,18,65.91,15,65.92,12,65.93,9,65.94,19,65.95,2,65.97,6,65.98,12,65.99,1,66.01,8,66.02,15
2020-10-29 09:33:29,65.865,65.89,5,65.81,3,65.92,21,65.92,65.81,65.81,3,65.8,5,65.79,3,65.78,23,65.77,8,65.76,2,65.74,13,65.73,3,65.72,5,65.71,18,65.92,21,65.93,10,65.94,19,65.95,2,65.97,6,65.98,12,65.99,1,66.01,8,66.02,15,66.03,1
2020-10-29 09:33:30,65.85,65.89,5,65.81,3,65.89,1,65.89,65.81,65.81,3,65.8,5,65.79,3,65.78,23,65.77,8,65.76,2,65.74,13,65.73,3,65.72,5,65.71,18,65.89,1,65.9,1,65.91,12,65.92,13,65.93,10,65.94,19,65.95,2,65.97,6,65.98,12,65.99,1
2020-10-29 09:33:31,65.845,65.89,5,65.82,7,65.87,1,65.87,65.82,65.82,7,65.81,3,65.8,5,65.79,3,65.78,23,65.77,8,65.76,2,65.74,13,65.73,3,65.72,5,65.87,1,65.88,1,65.91,21,65.92,13,65.93,10,65.94,19,65.95,2,65.97,6,65.98,12,65.99,1
2020-10-29 09:33:32,65.88,65.87,1,65.85,24,65.91,19,65.91,65.85,65.85,24,65.84,11,65.83,1,65.82,7,65.81,3,65.8,5,65.79,3,65.78,23,65.77,8,65.76,2,65.91,19,65.92,13,65.93,10,65.94,19,65.95,2,65.97,6,65.98,12,65.99,1,66.01,8,66.02,15
2020-10-29 09:33:33,65.88,65.87,1,65.85,26,65.91,19,65.91,65.85,65.85,26,65.84,11,65.83,1,65.82,7,65.81,3,65.8,5,65.79,3,65.78,23,65.77,8,65.76,2,65.91,19,65.92,13,65.93,10,65.94,19,65.95,2,65.97,6,65.98,12,65.99,1,66.01,8,66.02,15
2020-10-29 09:33:34,65.85,65.84,1,65.82,15,65.88,8,65.88,65.82,65.82,15,65.81,3,65.8,5,65.79,3,65.78,23,65.77,8,65.76,2,65.74,13,65.73,3,65.72,5,65.88,8,65.89,3,65.91,19,65.92,13,65.93,10,65.94,19,65.95,2,65.97,6,65.98,12,65.99,1
2020-10-29 09:33:35,65.835,65.82,1,65.8,7,65.87,10,65.87,65.8,65.8,7,65.79,3,65.78,23,65.77,8,65.76,2,65.74,13,65.73,3,65.72,5,65.71,18,65.7,20,65.87,10,65.88,8,65.89,3,65.91,19,65.92,13,65.93,10,65.94,19,65.95,2,65.97,6,65.98,12
2020-10-29 09:33:36,65.785,65.8,2,65.75,4,65.82,24,65.82,65.75,65.75,4,65.74,13,65.73,3,65.72,5,65.71,18,65.7,20,65.69,12,65.68,10,65.67,13,65.66,6,65.82,24,65.83,1,65.86,15,65.87,15,65.88,8,65.89,3,65.91,19,65.92,13,65.93,10,65.94,19
2020-10-29 09:33:37,65.785,65.8,2,65.75,4,65.82,24,65.82,65.75,65.75,4,65.74,13,65.73,3,65.72,5,65.71,18,65.7,20,65.69,12,65.68,10,65.67,13,65.66,6,65.82,24,65.83,1,65.86,15,65.87,15,65.88,8,65.89,3,65.91,19,65.92,13,65.93,10,65.94,19
2020-10-29 09:33:38,65.775,65.8,2,65.73,5,65.82,26,65.82,65.73,65.73,5,65.72,5,65.71,18,65.7,20,65.69,12,65.68,10,65.67,13,65.66,6,,,,,65.82,26,65.83,1,65.86,15,65.87,15,65.88,8,65.89,3,65.91,19,65.92,13,65.93,10,65.94,19
2020-10-29 09:33:39,65.785,65.78,2,65.75,12,65.82,26,65.82,65.75,65.75,12,65.74,22,65.73,5,65.72,5,65.71,18,65.7,20,65.69,12,65.68,10,65.67,13,65.66,6,65.82,26,65.83,1,65.86,15,65.87,15,65.88,8,65.89,3,65.91,19,65.92,13,65.93,10,65.94,19
2020-10-29 09:33:40,65.785,65.78,2,65.73,17,65.84,12,65.84,65.73,65.73,17,65.72,5,65.71,18,65.7,20,65.69,12,65.68,10,65.67,13,65.66,6,,,,,65.84,12,65.86,15,65.87,15,65.88,8,65.89,3,65.91,19,65.92,13,65.93,10,65.94,19,65.95,2
2020-10-29 09:33:41,65.785,65.78,2,65.73,12,65.84,21,65.84,65.73,65.73,12,65.72,5,65.71,18,65.7,20,65.69,12,65.68,10,65.67,13,65.66,6,,,,,65.84,21,65.86,15,65.87,15,65.88,8,65.89,3,65.91,19,65.92,13,65.93,10,65.94,19,65.95,2
2020-10-29 09:33:42,65.8,65.78,2,65.76,3,65.84,19,65.84,65.76,65.76,3,65.75,15,65.73,12,65.72,5,65.71,18,65.7,20,65.69,12,65.68,10,65.67,13,65.66,6,65.84,19,65.86,15,65.87,15,65.88,8,65.89,3,65.91,19,65.92,13,65.93,10,65.94,19,65.95,2
2020-10-29 09:33:43,65.8,65.78,2,65.76,3,65.84,19,65.84,65.76,65.76,3,65.75,15,65.73,12,65.72,5,65.71,18,65.7,20,65.69,12,65.68,10,65.67,13,65.66,6,65.84,19,65.86,15,65.87,15,65.88,8,65.89,3,65.91,19,65.92,13,65.93,10,65.94,19,65.95,2
2020-10-29 09:33:44,65.8,65.82,1,65.76,22,65.84,19,65.84,65.76,65.76,22,65.75,15,65.73,12,65.72,5,65.71,18,65.7,20,65.69,12,65.68,10,65.67,13,65.66,6,65.84,19,65.86,15,65.87,15,65.88,8,65.89,3,65.91,19,65.92,13,65.93,10,65.94,19,65.95,2
2020-10-29 09:33:45,65.8,65.82,1,65.76,22,65.84,19,65.84,65.76,65.76,22,65.75,15,65.73,12,65.72,5,65.71,18,65.7,20,65.69,12,65.68,10,65.67,13,65.66,6,65.84,19,65.86,15,65.87,15,65.88,8,65.89,3,65.91,19,65.92,13,65.93,10,65.94,19,65.95,2
2020-10-29 09:33:46,65.855,65.84,1,65.82,3,65.89,5,65.89,65.82,65.82,3,65.81,5,65.8,1,65.79,2,65.77,22,65.76,15,65.75,15,65.73,12,65.72,5,65.71,18,65.89,5,65.9,34,65.91,19,65.92,13,65.93,10,65.94,19,65.95,2,65.97,6,65.98,12,65.99,1
2020-10-29 09:33:47,65.855,65.82,1,65.82,5,65.89,5,65.89,65.82,65.82,5,65.81,5,65.8,1,65.79,2,65.77,22,65.76,15,65.75,15,65.73,12,65.72,5,65.71,18,65.89,5,65.9,34,65.91,19,65.92,13,65.93,10,65.94,19,65.95,2,65.97,6,65.98,12,65.99,1
2020-10-29 09:33:48,65.86,65.82,1,65.82,8,65.9,30,65.9,65.82,65.82,8,65.81,5,65.8,1,65.79,2,65.77,22,65.76,15,65.75,15,65.73,12,65.72,5,65.71,18,65.9,30,65.91,19,65.92,13,65.93,10,65.94,19,65.95,2,65.97,6,65.98,12,65.99,1,66.01,8
2020-10-29 09:33:49,65.865,65.82,1,65.83,5,65.9,30,65.9,65.83,65.83,5,65.82,8,65.81,5,65.8,1,65.79,2,65.77,22,65.76,15,65.75,15,65.73,12,65.72,5,65.9,30,65.91,19,65.92,13,65.93,10,65.94,19,65.95,2,65.97,6,65.98,12,65.99,1,66.01,8
2020-10-29 09:33:50,65.865,65.9,6,65.83,5,65.9,30,65.9,65.83,65.83,5,65.82,8,65.81,5,65.8,1,65.79,2,65.77,22,65.76,15,65.75,15,65.73,12,65.72,5,65.9,30,65.91,19,65.92,13,65.93,10,65.94,19,65.95,2,65.97,6,65.98,12,65.99,1,66.01,8
2020-10-29 09:33:51,65.845,65.83,1,65.82,9,65.87,10,65.87,65.82,65.82,9,65.81,3,65.78,3,65.77,22,65.76,15,65.75,15,65.73,12,65.72,5,65.71,18,65.7,20,65.87,10,65.88,10,65.89,12,65.9,30,65.91,19,65.92,13,65.93,10,65.94,19,65.95,2,65.97,6
2020-10-29 09:33:52,65.86,65.83,1,65.85,2,65.87,10,65.87,65.85,65.85,2,65.81,5,65.78,3,65.77,22,65.76,15,65.75,15,65.73,12,65.72,5,65.71,18,65.7,20,65.87,10,65.88,10,65.89,12,65.9,30,65.91,19,65.92,13,65.93,10,65.94,19,65.95,2,65.97,6
2020-10-29 09:33:53,65.825,65.84,2,65.79,14,65.86,2,65.86,65.79,65.79,14,65.78,3,65.77,22,65.76,15,65.75,15,65.73,12,65.72,5,65.71,18,65.7,20,65.69,12,65.86,2,65.87,10,65.88,10,65.89,12,65.9,30,65.91,19,65.92,13,65.93,10,65.94,19,65.95,2
2020-10-29 09:33:54,65.855,65.86,1,65.84,3,65.87,10,65.87,65.84,65.84,3,65.82,2,65.8,13,65.79,14,65.78,3,65.77,22,65.76,15,65.75,15,65.73,12,65.72,5,65.87,10,65.88,10,65.89,12,65.9,30,65.91,19,65.92,13,65.93,10,65.94,19,65.95,2,65.97,6
2020-10-29 09:33:55,65.82,65.83,10,65.78,3,65.86,14,65.86,65.78,65.78,3,65.77,18,65.76,15,65.75,15,65.73,12,65.72,5,65.71,18,65.7,20,65.69,12,65.68,10,65.86,14,65.87,16,65.88,9,65.89,15,65.9,30,65.91,19,65.92,13,65.93,10,65.94,19,65.95,2
2020-10-29 09:33:56,65.86,65.83,1,65.82,5,65.9,30,65.9,65.82,65.82,5,65.81,9,65.8,12,65.79,14,65.78,26,65.77,18,65.76,15,65.75,15,65.73,12,65.72,5,65.9,30,65.91,19,65.92,13,65.93,10,65.94,19,65.95,2,65.97,6,65.98,12,65.99,1,66.01,8
2020-10-29 09:33:57,65.86,65.83,1,65.82,5,65.9,30,65.9,65.82,65.82,5,65.81,9,65.8,12,65.79,14,65.78,26,65.77,18,65.76,15,65.75,15,65.73,12,65.72,5,65.9,30,65.91,19,65.92,13,65.93,10,65.94,19,65.95,2,65.97,6,65.98,12,65.99,1,66.01,8
2020-10-29 09:33:58,65.81,65.82,1,65.78,26,65.84,2,65.84,65.78,65.78,26,65.77,18,65.76,15,65.75,15,65.73,12,65.72,5,65.71,18,65.7,20,65.69,12,65.68,10,65.84,2,65.85,3,65.87,3,65.9,30,65.91,19,65.92,13,65.93,10,65.94,19,65.95,2,65.97,6
2020-10-29 09:33:59,65.81,65.82,1,65.78,26,65.84,2,65.84,65.78,65.78,26,65.77,18,65.76,15,65.75,15,65.73,12,65.72,5,65.71,18,65.7,20,65.69,12,65.68,10,65.84,2,65.85,3,65.87,3,65.9,30,65.91,19,65.92,13,65.93,10,65.94,19,65.95,2,65.97,6
2020-10-29 09:34:00,65.81,65.81,2,65.78,26,65.84,2,65.84,65.78,65.78,26,65.77,18,65.76,15,65.75,15,65.73,12,65.72,5,65.71,18,65.7,20,65.69,12,65.68,10,65.84,2,65.85,3,65.87,3,65.9,30,65.91,19,65.92,13,65.93,10,65.94,19,65.95,2,65.97,6
2020-10-29 09:34:01,65.78,65.79,1,65.75,1,65.81,2,65.81,65.75,65.75,1,65.73,12,65.72,5,65.71,18,65.7,20,65.69,12,65.68,10,65.67,13,65.66,6,,,65.81,2,65.82,4,65.83,12,65.84,10,65.85,3,65.87,3,65.9,30,65.91,19,65.92,13,65.93,10
2020-10-29 09:34:02,65.735,65.72,1,65.7,3,65.77,13,65.77,65.7,65.7,3,65.68,14,65.67,18,65.66,6,,,,,,,,,,,,,65.77,13,65.78,10,65.79,2,65.81,2,65.82,4,65.83,12,65.84,10,65.85,3,65.87,3,65.9,30
2020-10-29 09:34:03,65.73,65.71,42,65.7,3,65.76,1,65.76,65.7,65.7,3,65.68,12,65.67,18,65.66,6,,,,,,,,,,,,,65.76,1,65.81,4,65.82,4,65.83,12,65.84,10,65.85,3,65.87,3,65.9,30,65.91,19,65.92,13
2020-10-29 09:34:04,65.755,65.71,42,65.72,6,65.79,2,65.79,65.72,65.72,6,65.71,3,65.7,4,65.68,12,65.67,18,65.66,6,,,,,,,,,65.79,2,65.81,4,65.82,4,65.83,12,65.84,10,65.85,3,65.87,3,65.9,30,65.91,19,65.92,13
2020-10-29 09:34:05,65.715,65.72,1,65.68,14,65.75,4,65.75,65.68,65.68,14,65.67,18,65.66,6,,,,,,,,,,,,,,,65.75,4,65.76,11,65.77,11,65.78,9,65.79,2,65.81,4,65.82,4,65.83,12,65.84,10,65.85,3
2020-10-29 09:34:06,65.75,65.75,1,65.72,3,65.78,14,65.78,65.72,65.72,3,65.71,3,65.68,14,65.67,18,65.66,6,,,,,,,,,,,65.78,14,65.79,2,65.81,4,65.82,4,65.83,12,65.84,10,65.85,3,65.87,3,65.9,30,65.91,19
2020-10-29 09:34:07,65.75,65.75,10,65.72,3,65.78,14,65.78,65.72,65.72,3,65.71,3,65.68,14,65.67,18,65.66,6,,,,,,,,,,,65.78,14,65.79,2,65.81,4,65.82,4,65.83,12,65.84,10,65.85,3,65.87,3,65.9,30,65.91,19
2020-10-29 09:34:08,65.75,65.75,10,65.72,3,65.78,14,65.78,65.72,65.72,3,65.71,3,65.68,14,65.67,18,65.66,6,,,,,,,,,,,65.78,14,65.79,2,65.81,4,65.82,4,65.83,12,65.84,10,65.85,3,65.87,3,65.9,30,65.91,19
2020-10-29 09:34:09,65.77,65.75,10,65.73,14,65.81,14,65.81,65.73,65.73,14,65.72,13,65.71,3,65.68,14,65.67,18,65.66,6,,,,,,,,,65.81,14,65.82,18,65.83,12,65.84,10,65.85,3,65.87,3,65.9,30,65.91,19,65.92,13,65.93,10
2020-10-29 09:34:10,65.745,65.75,2,65.72,20,65.77,1,65.77,65.72,65.72,20,65.71,3,65.68,14,65.67,18,65.66,6,,,,,,,,,,,65.77,1,65.78,1,65.81,14,65.82,18,65.83,12,65.84,10,65.85,3,65.87,3,65.9,30,65.91,19
2020-10-29 09:34:11,65.745,65.75,2,65.72,14,65.77,2,65.77,65.72,65.72,14,65.71,3,65.68,14,65.67,18,65.66,6,,,,,,,,,,,65.77,2,65.78,1,65.81,14,65.82,18,65.83,12,65.84,10,65.85,3,65.87,3,65.9,30,65.91,19
2020-10-29 09:34:12,65.765,65.75,2,65.72,16,65.81,15,65.81,65.72,65.72,16,65.71,3,65.68,14,65.67,18,65.66,6,,,,,,,,,,,65.81,15,65.82,18,65.83,12,65.84,10,65.85,3,65.87,3,65.9,30,65.91,19,65.92,13,65.93,10
2020-10-29 09:34:13,65.75,65.75,1,65.72,18,65.78,13,65.78,65.72,65.72,18,65.71,3,65.68,14,65.67,18,65.66,6,,,,,,,,,,,65.78,13,65.8,16,65.81,17,65.82,18,65.83,12,65.84,10,65.85,3,65.87,3,65.9,30,65.91,19
2020-10-29 09:34:14,65.745,65.75,1,65.72,18,65.77,1,65.77,65.72,65.72,18,65.71,3,65.68,14,65.67,18,65.66,6,,,,,,,,,,,65.77,1,65.78,25,65.79,13,65.8,23,65.81,17,65.82,18,65.83,12,65.84,10,65.85,3,65.87,3
2020-10-29 09:34:15,65.76,65.77,1,65.73,15,65.79,21,65.79,65.73,65.73,15,65.72,18,65.71,3,65.68,14,65.67,18,65.66,6,,,,,,,,,65.79,21,65.8,23,65.81,17,65.82,18,65.83,12,65.84,10,65.85,3,65.87,3,65.9,30,65.91,19
2020-10-29 09:34:16,65.755,65.76,1,65.73,2,65.78,15,65.78,65.73,65.73,2,65.72,18,65.71,3,65.68,14,65.67,18,65.66,6,,,,,,,,,65.78,15,65.79,21,65.8,23,65.81,17,65.82,18,65.83,12,65.84,10,65.85,3,65.87,3,65.9,30
2020-10-29 09:34:17,65.77,65.79,1,65.75,2,65.79,13,65.79,65.75,65.75,2,65.73,2,65.72,18,65.71,3,65.68,14,65.67,18,65.66,6,,,,,,,65.79,13,65.8,23,65.81,17,65.82,18,65.83,12,65.84,10,65.85,3,65.87,3,65.9,30,65.91,19
2020-10-29 09:34:18,65.8,65.81,1,65.79,3,65.81,15,65.81,65.79,65.79,3,65.76,3,65.75,2,65.73,2,65.72,18,65.71,3,65.68,14,65.67,18,65.66,6,,,65.81,15,65.82,18,65.83,12,65.84,10,65.85,3,65.87,3,65.9,30,65.91,19,65.92,13,65.93,10
2020-10-29 09:34:19,65.8,65.8,2,65.79,3,65.81,15,65.81,65.79,65.79,3,65.76,3,65.75,2,65.73,2,65.72,18,65.71,3,65.68,14,65.67,18,65.66,6,,,65.81,15,65.82,18,65.83,12,65.84,10,65.85,3,65.87,3,65.9,30,65.91,19,65.92,13,65.93,10
2020-10-29 09:34:20,65.765,65.75,2,65.74,3,65.79,1,65.79,65.74,65.74,3,65.73,2,65.72,18,65.71,3,65.68,14,65.67,18,65.66,6,,,,,,,65.79,1,65.81,11,65.82,18,65.83,12,65.84,10,65.85,3,65.87,3,65.9,30,65.91,19,65.92,13
2020-10-29 09:34:21,65.765,65.75,2,65.74,3,65.79,3,65.79,65.74,65.74,3,65.73,2,65.72,18,65.71,3,65.68,14,65.67,18,65.66,6,,,,,,,65.79,3,65.81,11,65.82,18,65.83,12,65.84,10,65.85,3,65.87,3,65.9,30,65.91,19,65.92,13
2020-10-29 09:34:22,65.765,65.77,1,65.74,3,65.79,4,65.79,65.74,65.74,3,65.73,2,65.72,18,65.71,3,65.68,14,65.67,18,65.66,6,,,,,,,65.79,4,65.81,11,65.82,18,65.83,12,65.84,10,65.85,3,65.87,3,65.9,30,65.91,19,65.92,13
2020-10-29 09:34:23,65.77,65.74,1,65.73,3,65.81,11,65.81,65.73,65.73,3,65.72,8,65.71,3,65.68,14,65.67,18,65.66,6,,,,,,,,,65.81,11,65.82,18,65.83,12,65.84,10,65.85,3,65.87,3,65.9,30,65.91,19,65.92,13,65.93,10
2020-10-29 09:34:24,65.77,65.74,1,65.73,3,65.81,11,65.81,65.73,65.73,3,65.72,8,65.71,3,65.68,14,65.67,18,65.66,6,,,,,,,,,65.81,11,65.82,18,65.83,12,65.84,10,65.85,3,65.87,3,65.9,30,65.91,19,65.92,13,65.93,10
2020-10-29 09:34:25,65.78,65.79,1,65.75,5,65.81,20,65.81,65.75,65.75,5,65.74,6,65.73,3,65.72,8,65.71,3,65.68,14,65.67,18,65.66,6,,,,,65.81,20,65.82,18,65.83,12,65.84,10,65.85,3,65.87,3,65.9,30,65.91,19,65.92,13,65.93,10
2020-10-29 09:34:26,65.78,65.79,1,65.75,5,65.81,24,65.81,65.75,65.75,5,65.74,6,65.73,3,65.72,8,65.71,3,65.68,14,65.67,18,65.66,6,,,,,65.81,24,65.82,18,65.83,12,65.84,10,65.85,3,65.87,3,65.9,30,65.91,19,65.92,13,65.93,10
2020-10-29 09:34:27,65.78,65.79,1,65.75,5,65.81,24,65.81,65.75,65.75,5,65.74,6,65.73,3,65.72,8,65.71,3,65.68,14,65.67,18,65.66,6,,,,,65.81,24,65.82,18,65.83,12,65.84,10,65.85,3,65.87,3,65.9,30,65.91,19,65.92,13,65.93,10
2020-10-29 09:34:28,65.81,65.81,1,65.77,12,65.85,16,65.85,65.77,65.77,12,65.76,15,65.75,5,65.74,6,65.73,3,65.72,8,65.71,3,65.68,14,65.67,18,65.66,6,65.85,16,65.86,17,65.87,3,65.9,30,65.91,19,65.92,13,65.93,10,65.94,19,65.95,2,65.97,6
2020-10-29 09:34:29,65.825,65.81,1,65.78,14,65.87,2,65.87,65.78,65.78,14,65.77,12,65.76,15,65.75,5,65.74,6,65.73,3,65.72,8,65.71,3,65.68,14,65.67,18,65.87,2,65.88,1,65.9,30,65.91,19,65.92,13,65.93,10,65.94,19,65.95,2,65.97,6,65.98,12
2020-10-29 09:34:30,65.83,65.83,50,65.79,25,65.87,13,65.87,65.79,65.79,25,65.78,17,65.77,12,65.76,15,65.75,5,65.74,6,65.73,3,65.72,8,65.71,3,65.68,14,65.87,13,65.88,11,65.89,22,65.9,30,65.91,19,65.92,13,65.93,10,65.94,19,65.95,2,65.97,6
2020-10-29 09:34:31,65.83,65.83,1,65.79,5,65.87,13,65.87,65.79,65.79,5,65.78,17,65.77,12,65.76,15,65.75,5,65.74,6,65.73,3,65.72,8,65.71,3,65.68,14,65.87,13,65.88,10,65.89,24,65.9,30,65.91,19,65.92,13,65.93,10,65.94,19,65.95,2,65.97,6
2020-10-29 09:34:32,65.855,65.83,1,65.83,3,65.88,10,65.88,65.83,65.83,3,65.82,3,65.81,2,65.8,23,65.79,12,65.78,17,65.77,12,65.76,15,65.75,5,65.74,6,65.88,10,65.89,22,65.9,30,65.91,19,65.92,13,65.93,10,65.94,19,65.95,2,65.97,6,65.98,12
2020-10-29 09:34:33,65.83,65.85,1,65.79,14,65.87,9,65.87,65.79,65.79,14,65.78,17,65.77,12,65.76,15,65.75,5,65.74,6,65.73,3,65.72,8,65.71,3,65.68,14,65.87,9,65.88,2,65.9,30,65.91,19,65.92,13,65.93,10,65.94,19,65.95,2,65.97,6,65.98,12
2020-10-29 09:34:34,65.815,65.78,1,65.78,16,65.85,17,65.85,65.78,65.78,16,65.77,12,65.76,15,65.75,5,65.74,6,65.73,3,65.72,8,65.71,3,65.68,14,65.67,18,65.85,17,65.86,13,65.87,14,65.88,2,65.9,30,65.91,19,65.92,13,65.93,10,65.94,19,65.95,2
2020-10-29 09:34:35,65.8,65.81,1,65.76,20,65.84,8,65.84,65.76,65.76,20,65.75,10,65.74,6,65.73,3,65.72,8,65.71,3,65.68,14,65.67,18,65.66,6,,,65.84,8,65.85,17,65.86,13,65.87,14,65.88,2,65.9,30,65.91,19,65.92,13,65.93,10,65.94,19
2020-10-29 09:34:36,65.8,65.81,1,65.76,11,65.84,14,65.84,65.76,65.76,11,65.75,10,65.74,6,65.73,3,65.72,8,65.71,3,65.68,14,65.67,18,65.66,6,,,65.84,14,65.85,17,65.86,13,65.87,14,65.88,2,65.9,30,65.91,19,65.92,13,65.93,10,65.94,19
2020-10-29 09:34:37,65.8,65.81,1,65.76,11,65.84,14,65.84,65.76,65.76,11,65.75,10,65.74,6,65.73,3,65.72,8,65.71,3,65.68,14,65.67,18,65.66,6,,,65.84,14,65.85,17,65.86,13,65.87,14,65.88,2,65.9,30,65.91,19,65.92,13,65.93,10,65.94,19
2020-10-29 09:34:38,65.785,65.82,1,65.75,4,65.82,15,65.82,65.75,65.75,4,65.72,8,65.71,3,65.68,14,65.67,18,65.66,6,,,,,,,,,65.82,15,65.83,22,65.84,16,65.85,17,65.86,13,65.87,14,65.88,2,65.9,30,65.91,19,65.92,13
2020-10-29 09:34:39,65.74,65.72,1,65.71,10,65.78,5,65.78,65.72,65.71,10,65.68,14,65.67,18,65.66,6,,,,,,,,,,,,,65.77,2,65.78,5,65.8,1,65.81,13,65.83,23,65.84,16,65.85,17,65.86,13,65.87,14,65.88,2
2020-10-29 09:34:40,65.685,65.69,2,65.66,20,65.71,15,65.71,65.66,65.66,20,65.65,12,,,,,,,,,,,,,,,,,65.71,15,65.73,3,65.74,2,65.75,5,65.77,2,65.78,6,65.8,1,65.81,13,65.83,23,65.84,16
2020-10-29 09:34:41,65.685,65.69,1,65.66,15,65.71,14,65.71,65.66,65.66,15,65.65,12,,,,,,,,,,,,,,,,,65.71,14,65.73,3,65.74,2,65.75,5,65.77,2,65.78,6,65.8,1,65.81,13,65.83,23,65.84,16
2020-10-29 09:34:42,65.685,65.66,2,65.66,19,65.71,14,65.71,65.66,65.66,19,65.65,12,,,,,,,,,,,,,,,,,65.71,14,65.73,3,65.74,2,65.75,5,65.77,2,65.78,6,65.8,1,65.81,13,65.83,23,65.84,16
2020-10-29 09:34:43,65.685,65.66,2,65.66,19,65.71,14,65.71,65.66,65.66,19,65.65,12,,,,,,,,,,,,,,,,,65.71,14,65.73,3,65.74,2,65.75,5,65.77,2,65.78,6,65.8,1,65.81,13,65.83,23,65.84,16
2020-10-29 09:34:44,65.705,65.71,1,65.69,2,65.72,2,65.72,65.69,65.69,2,65.66,19,65.65,12,,,,,,,,,,,,,,,65.72,2,65.73,1,65.74,24,65.75,5,65.77,2,65.78,6,65.8,1,65.81,13,65.83,23,65.84,16
2020-10-29 09:34:45,65.72,65.7,1,65.69,2,65.75,9,65.75,65.69,65.69,2,65.66,19,65.65,12,,,,,,,,,,,,,,,65.75,9,65.77,2,65.78,6,65.8,1,65.81,13,65.83,23,65.84,16,65.85,17,65.86,13,65.87,14
2020-10-29 09:34:46,65.69,65.72,1,65.66,18,65.72,2,65.72,65.66,65.66,18,65.65,12,,,,,,,,,,,,,,,,,65.72,2,65.73,2,65.75,8,65.77,2,65.78,6,65.8,1,65.81,13,65.83,23,65.84,16,65.85,17
2020-10-29 09:34:47,65.695,65.72,1,65.66,17,65.73,1,65.73,65.66,65.66,17,65.65,12,,,,,,,,,,,,,,,,,65.73,1,65.74,1,65.75,8,65.77,2,65.78,6,65.8,1,65.81,13,65.83,23,65.84,16,65.85,17
2020-10-29 09:34:48,65.725,65.72,1,65.7,1,65.75,6,65.75,65.7,65.7,1,65.66,17,65.65,12,,,,,,,,,,,,,,,65.75,6,65.77,2,65.78,6,65.8,1,65.81,13,65.83,23,65.84,16,65.85,17,65.86,13,65.87,14
2020-10-29 09:34:49,65.725,65.72,1,65.7,2,65.75,6,65.75,65.7,65.7,2,65.66,17,65.65,12,,,,,,,,,,,,,,,65.75,6,65.77,2,65.78,6,65.8,1,65.81,13,65.83,23,65.84,16,65.85,17,65.86,13,65.87,14
2020-10-29 09:34:50,65.685,65.7,1,65.66,13,65.71,3,65.71,65.66,65.66,13,65.65,12,,,,,,,,,,,,,,,,,65.71,3,65.72,13,65.73,2,65.74,1,65.75,6,65.77,2,65.78,6,65.8,1,65.81,13,65.83,23
2020-10-29 09:34:51,65.685,65.71,10,65.66,13,65.71,14,65.71,65.66,65.66,13,65.65,12,,,,,,,,,,,,,,,,,65.71,14,65.72,13,65.73,2,65.74,1,65.75,6,65.77,2,65.78,6,65.8,1,65.81,13,65.83,23
2020-10-29 09:34:52,65.685,65.71,10,65.66,13,65.71,12,65.71,65.66,65.66,13,65.65,12,,,,,,,,,,,,,,,,,65.71,12,65.72,13,65.73,2,65.74,1,65.75,6,65.77,2,65.78,6,65.8,1,65.81,13,65.83,23
2020-10-29 09:34:53,65.685,65.71,10,65.66,14,65.71,12,65.71,65.66,65.66,14,65.65,12,,,,,,,,,,,,,,,,,65.71,12,65.72,13,65.73,2,65.74,1,65.75,6,65.77,2,65.78,6,65.8,1,65.81,13,65.83,23
2020-10-29 09:34:54,65.685,65.68,2,65.66,13,65.71,15,65.71,65.66,65.66,13,65.65,12,,,,,,,,,,,,,,,,,65.71,15,65.72,13,65.73,2,65.74,1,65.75,6,65.77,2,65.78,6,65.8,1,65.81,13,65.83,23
2020-10-29 09:34:55,65.68,65.67,1,65.66,13,65.7,1,65.7,65.66,65.66,13,65.65,12,,,,,,,,,,,,,,,,,65.7,1,65.71,16,65.72,13,65.73,2,65.74,1,65.75,6,65.77,2,65.78,6,65.8,1,65.81,13
2020-10-29 09:34:56,65.635,65.64,1,65.61,13,65.66,1,65.66,65.61,65.61,13,,,,,,,,,,,,,,,,,,,65.66,1,65.68,6,65.69,13,65.7,11,65.71,16,65.72,13,65.73,2,65.74,1,65.75,6,65.77,2
2020-10-29 09:34:57,65.63,65.65,1,65.61,9,65.65,4,65.65,65.61,65.61,9,,,,,,,,,,,,,,,,,,,65.65,4,65.66,1,65.68,6,65.69,13,65.7,11,65.71,16,65.72,13,65.73,2,65.74,1,65.75,6
2020-10-29 09:34:58,65.57,65.57,1,65.55,18,65.59,2,65.59,65.55,65.55,18,,,,,,,,,,,,,,,,,,,65.59,2,65.6,1,65.61,1,65.65,8,65.66,1,65.68,6,65.69,13,65.7,11,65.71,16,65.72,13
2020-10-29 09:34:59,65.565,65.59,1,65.55,18,65.58,1,65.58,65.55,65.55,18,,,,,,,,,,,,,,,,,,,65.58,1,65.59,1,65.6,2,65.61,1,65.65,8,65.66,1,65.68,6,65.69,13,65.7,11,65.71,16
2020-10-29 09:35:00,65.575,65.57,1,65.55,15,65.6,2,65.6,65.55,65.55,15,65.54,18,65.53,3,65.52,16,,,,,,,,,,,,,65.6,2,65.61,1,65.65,8,65.66,1,65.68,6,65.69,13,65.7,11,65.71,16,65.72,13,65.73,2
2020-10-29 09:35:01,65.57,65.58,38,65.54,17,65.6,3,65.6,65.54,65.54,17,65.53,3,65.52,16,,,,,,,,,,,,,,,65.6,3,65.61,1,65.65,8,65.66,1,65.68,6,65.69,13,65.7,11,65.71,16,65.72,13,65.73,2
2020-10-29 09:35:02,65.575,65.6,1,65.55,5,65.6,14,65.6,65.55,65.55,5,65.54,2,65.53,1,65.52,16,,,,,,,,,,,,,65.6,14,65.61,1,65.65,8,65.66,1,65.68,6,65.69,13,65.7,11,65.71,16,65.72,13,65.73,2
2020-10-29 09:35:03,65.57,65.57,1,65.55,2,65.59,1,65.59,65.55,65.55,2,65.54,15,65.53,18,65.52,16,,,,,,,,,,,,,65.59,1,65.6,27,65.61,1,65.65,8,65.66,1,65.68,6,65.69,13,65.7,11,65.71,16,65.72,13
2020-10-29 09:35:04,65.57,65.57,1,65.55,3,65.59,2,65.59,65.55,65.55,3,65.54,15,65.53,18,65.52,16,,,,,,,,,,,,,65.59,2,65.6,27,65.61,1,65.65,8,65.66,1,65.68,6,65.69,13,65.7,11,65.71,16,65.72,13
2020-10-29 09:35:05,65.56,65.57,1,65.54,6,65.58,3,65.58,65.54,65.54,6,65.53,18,65.52,16,,,,,,,,,,,,,,,65.58,3,65.59,2,65.6,27,65.61,1,65.65,8,65.66,1,65.68,6,65.69,13,65.7,11,65.71,16
2020-10-29 09:35:06,65.56,65.55,1,65.54,1,65.58,17,65.58,65.54,65.54,1,65.53,21,65.52,18,,,,,,,,,,,,,,,65.58,17,65.59,2,65.6,27,65.61,1,65.65,8,65.66,1,65.68,6,65.69,13,65.7,11,65.71,16
2020-10-29 09:35:07,65.55,65.58,10,65.52,16,65.58,20,65.58,65.52,65.52,16,,,,,,,,,,,,,,,,,,,65.58,20,65.59,2,65.6,27,65.61,1,65.65,8,65.66,1,65.68,6,65.69,13,65.7,11,65.71,16
2020-10-29 09:35:08,65.545,65.58,10,65.52,17,65.57,2,65.57,65.52,65.52,17,,,,,,,,,,,,,,,,,,,65.57,2,65.58,19,65.59,2,65.6,27,65.61,1,65.65,8,65.66,1,65.68,6,65.69,13,65.7,11
2020-10-29 09:35:09,65.555,65.58,10,65.54,1,65.57,2,65.57,65.54,65.54,1,65.52,15,,,,,,,,,,,,,,,,,65.57,2,65.58,19,65.59,2,65.6,27,65.61,1,65.65,8,65.66,1,65.68,6,65.69,13,65.7,11
2020-10-29 09:35:10,65.56,65.54,4,65.54,10,65.58,19,65.58,65.54,65.54,10,65.52,15,,,,,,,,,,,,,,,,,65.58,19,65.59,2,65.6,27,65.61,1,65.65,8,65.66,1,65.68,6,65.69,13,65.7,11,65.71,16
2020-10-29 09:35:11,65.56,65.54,4,65.54,9,65.58,19,65.58,65.54,65.54,9,65.52,15,,,,,,,,,,,,,,,,,65.58,19,65.59,2,65.6,27,65.61,1,65.65,8,65.66,1,65.68,6,65.69,13,65.7,11,65.71,16
2020-10-29 09:35:12,65.52,65.51,1,65.5,23,65.54,13,65.54,65.5,65.5,23,,,,,,,,,,,,,,,,,,,65.54,13,65.56,13,65.57,20,65.58,19,65.59,2,65.6,27,65.61,1,65.65,8,65.66,1,65.68,6
2020-10-29 09:35:13,65.475,65.5,1,65.45,13,65.5,20,65.5,65.45,65.45,13,,,,,,,,,,,,,,,,,,,65.5,20,65.51,12,65.52,6,65.53,13,65.54,14,65.56,13,65.57,20,65.58,19,65.59,2,65.6,27
2020-10-29 09:35:14,65.47,65.45,11,65.44,3,65.5,18,65.5,65.44,65.44,3,65.43,3,,,,,,,,,,,,,,,,,65.5,18,65.51,12,65.52,6,65.53,13,65.54,14,65.56,13,65.57,20,65.58,19,65.59,2,65.6,27
2020-10-29 09:35:15,65.455,65.46,1,65.43,11,65.48,3,65.48,65.43,65.43,11,,,,,,,,,,,,,,,,,,,65.48,3,65.49,15,65.5,18,65.51,12,65.52,6,65.53,13,65.54,14,65.56,13,65.57,20,65.58,19
2020-10-29 09:35:16,65.46,65.46,1,65.43,11,65.49,17,65.49,65.43,65.43,11,,,,,,,,,,,,,,,,,,,65.49,17,65.5,18,65.51,12,65.52,6,65.53,13,65.54,14,65.56,13,65.57,20,65.58,19,65.59,2
2020-10-29 09:35:17,65.46,65.46,1,65.43,15,65.49,25,65.49,65.43,65.43,15,,,,,,,,,,,,,,,,,,,65.49,25,65.5,18,65.51,12,65.52,6,65.53,13,65.54,14,65.56,13,65.57,20,65.58,19,65.59,2
2020-10-29 09:35:18,65.435,65.45,7,65.42,3,65.45,11,65.45,65.42,65.42,3,,,,,,,,,,,,,,,,,,,65.45,11,65.46,13,65.48,13,65.49,20,65.5,18,65.51,12,65.52,6,65.53,13,65.54,14,65.56,13
2020-10-29 09:35:19,65.425,65.44,1,65.4,5,65.45,14,65.45,65.4,65.4,5,,,,,,,,,,,,,,,,,,,65.45,14,65.46,13,65.48,13,65.49,20,65.5,18,65.51,12,65.52,6,65.53,13,65.54,14,65.56,13
2020-10-29 09:35:20,65.445,65.45,1,65.41,3,65.48,5,65.48,65.41,65.41,3,65.4,6,,,,,,,,,,,,,,,,,65.48,5,65.49,23,65.5,18,65.51,12,65.52,6,65.53,13,65.54,14,65.56,13,65.57,20,65.58,19
2020-10-29 09:35:21,65.43,65.44,15,65.41,4,65.45,1,65.45,65.41,65.41,4,65.4,6,,,,,,,,,,,,,,,,,65.45,1,65.47,6,65.48,5,65.49,23,65.5,18,65.51,12,65.52,6,65.53,13,65.54,14,65.56,13
2020-10-29 09:35:22,65.43,65.44,15,65.41,5,65.45,13,65.45,65.41,65.41,5,65.4,6,,,,,,,,,,,,,,,,,65.45,13,65.47,6,65.48,5,65.49,23,65.5,18,65.51,12,65.52,6,65.53,13,65.54,14,65.56,13
2020-10-29 09:35:23,65.405,65.4,1,65.38,1,65.43,4,65.43,65.38,65.38,1,,,,,,,,,,,,,,,,,,,65.43,4,65.44,1,65.45,12,65.47,6,65.48,5,65.49,23,65.5,18,65.51,12,65.52,6,65.53,13
2020-10-29 09:35:24,65.37,65.39,1,65.35,8,65.39,1,65.39,65.35,65.35,8,,,,,,,,,,,,,,,,,,,65.39,1,65.4,4,65.41,5,65.42,9,65.43,4,65.44,1,65.45,12,65.47,6,65.48,5,65.49,23
2020-10-29 09:35:25,65.35,65.39,1,65.33,2,65.37,3,65.37,65.33,65.33,2,,,,,,,,,,,,,,,,,,,65.37,3,65.38,3,65.39,3,65.4,4,65.41,5,65.42,9,65.43,4,65.44,1,65.45,12,65.47,6
2020-10-29 09:35:26,65.34,65.33,1,65.32,4,65.36,14,65.36,65.32,65.32,4,,,,,,,,,,,,,,,,,,,65.36,14,65.37,15,65.38,3,65.39,3,65.4,4,65.41,5,65.42,9,65.43,4,65.44,1,65.45,12
2020-10-29 09:35:27,65.325,65.33,1,65.31,5,65.34,2,65.34,65.31,65.31,5,,,,,,,,,,,,,,,,,,,65.34,2,65.36,10,65.37,17,65.38,4,65.39,3,65.4,4,65.41,5,65.42,9,65.43,4,65.44,1
2020-10-29 09:35:28,65.34,65.35,1,65.32,3,65.36,1,65.36,65.32,65.32,3,65.31,12,,,,,,,,,,,,,,,,,65.36,1,65.37,13,65.38,4,65.39,3,65.4,4,65.41,5,65.42,9,65.43,4,65.44,1,65.45,12
2020-10-29 09:35:29,65.335,65.33,2,65.31,12,65.36,3,65.36,65.31,65.31,12,,,,,,,,,,,,,,,,,,,65.36,3,65.37,13,65.38,4,65.39,3,65.4,4,65.41,5,65.42,9,65.43,4,65.44,1,65.45,12
2020-10-29 09:35:30,65.33,65.33,1,65.3,3,65.36,21,65.36,65.3,65.3,3,,,,,,,,,,,,,,,,,,,65.36,21,65.37,13,65.38,4,65.39,3,65.4,4,65.41,5,65.42,9,65.43,4,65.44,1,65.45,12
2020-10-29 09:35:31,65.325,65.35,20,65.3,3,65.35,25,65.35,65.3,65.3,3,,,,,,,,,,,,,,,,,,,65.35,25,65.36,18,65.37,13,65.38,4,65.39,3,65.4,4,65.41,5,65.42,9,65.43,4,65.44,1
2020-10-29 09:35:32,65.33,65.35,20,65.3,3,65.36,16,65.36,65.3,65.3,3,,,,,,,,,,,,,,,,,,,65.36,16,65.37,13,65.38,4,65.39,3,65.4,4,65.41,5,65.42,9,65.43,4,65.44,1,65.45,12
2020-10-29 09:35:33,65.33,65.33,1,65.3,3,65.36,15,65.36,65.3,65.3,3,,,,,,,,,,,,,,,,,,,65.36,15,65.37,13,65.38,4,65.39,3,65.4,4,65.41,5,65.42,9,65.43,4,65.44,1,65.45,12
2020-10-29 09:35:34,65.33,65.33,1,65.3,3,65.36,15,65.36,65.3,65.3,3,,,,,,,,,,,,,,,,,,,65.36,15,65.37,13,65.38,4,65.39,3,65.4,4,65.41,5,65.42,9,65.43,4,65.44,1,65.45,12
2020-10-29 09:35:35,65.325,65.33,1,65.3,7,65.35,26,65.35,65.3,65.3,7,,,,,,,,,,,,,,,,,,,65.35,26,65.36,16,65.37,13,65.38,4,65.39,3,65.4,4,65.41,5,65.42,9,65.43,4,65.44,1
2020-10-29 09:35:36,65.325,65.33,1,65.3,7,65.35,26,65.35,65.3,65.3,7,,,,,,,,,,,,,,,,,,,65.35,26,65.36,16,65.37,13,65.38,4,65.39,3,65.4,4,65.41,5,65.42,9,65.43,4,65.44,1
2020-10-29 09:35:37,65.325,65.35,47,65.3,7,65.35,27,65.35,65.3,65.3,7,,,,,,,,,,,,,,,,,,,65.35,27,65.36,16,65.37,13,65.38,4,65.39,3,65.4,4,65.41,5,65.42,9,65.43,4,65.44,1
2020-10-29 09:35:38,65.37,65.36,1,65.35,2,65.39,4,65.39,65.35,65.35,2,65.34,3,65.33,1,65.32,1,65.31,19,65.3,16,,,,,,,,,65.39,4,65.4,4,65.41,5,65.42,9,65.43,4,65.44,1,65.45,12,65.47,6,65.48,5,65.49,23
2020-10-29 09:35:39,65.37,65.37,1,65.35,6,65.39,1,65.39,65.35,65.35,6,65.34,1,65.33,2,65.32,2,65.31,22,65.3,16,,,,,,,,,65.39,1,65.42,20,65.43,4,65.44,1,65.45,12,65.47,6,65.48,5,65.49,23,65.5,18,65.51,12
2020-10-29 09:35:40,65.34,65.37,1,65.31,18,65.37,1,65.37,65.31,65.31,18,65.3,16,,,,,,,,,,,,,,,,,65.37,1,65.39,3,65.42,20,65.43,4,65.44,1,65.45,12,65.47,6,65.48,5,65.49,23,65.5,18
2020-10-29 09:35:41,65.365,65.37,1,65.35,30,65.38,3,65.38,65.35,65.35,30,65.31,18,65.3,16,,,,,,,,,,,,,,,65.38,3,65.39,4,65.42,20,65.43,4,65.44,1,65.45,12,65.47,6,65.48,5,65.49,23,65.5,18
2020-10-29 09:35:42,65.34,65.38,1,65.31,14,65.37,4,65.37,65.31,65.31,14,65.3,16,,,,,,,,,,,,,,,,,65.37,4,65.38,7,65.39,4,65.42,20,65.43,4,65.44,1,65.45,12,65.47,6,65.48,5,65.49,23
2020-10-29 09:35:43,65.37,65.37,1,65.34,4,65.4,5,65.4,65.34,65.34,4,65.33,3,65.32,21,65.31,11,65.3,16,,,,,,,,,,,65.4,5,65.42,20,65.43,4,65.44,1,65.45,12,65.47,6,65.48,5,65.49,23,65.5,18,65.51,12
2020-10-29 09:35:44,65.345,65.35,1,65.33,10,65.36,1,65.36,65.33,65.33,10,65.32,21,65.31,11,65.3,16,,,,,,,,,,,,,65.36,1,65.37,3,65.38,2,65.39,24,65.4,5,65.42,20,65.43,4,65.44,1,65.45,12,65.47,6
2020-10-29 09:35:45,65.375,65.39,1,65.36,8,65.39,1,65.39,65.36,65.36,8,65.35,2,65.34,4,65.33,10,65.32,21,65.31,11,65.3,16,,,,,,,65.39,1,65.4,6,65.42,20,65.43,4,65.44,1,65.45,12,65.47,6,65.48,5,65.49,23,65.5,18
2020-10-29 09:35:46,65.33,65.37,1,65.31,9,65.35,1,65.35,65.31,65.31,9,65.3,16,,,,,,,,,,,,,,,,,65.35,1,65.36,2,65.37,3,65.38,3,65.39,2,65.4,6,65.42,20,65.43,4,65.44,1,65.45,12
2020-10-29 09:35:47,65.35,65.35,1,65.33,21,65.37,1,65.37,65.33,65.33,21,65.32,1,65.31,3,65.3,16,,,,,,,,,,,,,65.37,1,65.38,5,65.39,2,65.4,2,65.42,19,65.43,4,65.44,1,65.45,12,65.47,6,65.48,5
2020-10-29 09:35:48,65.33,65.33,1,65.31,14,65.35,3,65.35,65.31,65.31,14,65.3,16,,,,,,,,,,,,,,,,,65.35,3,65.36,3,65.37,4,65.38,13,65.39,2,65.4,2,65.42,19,65.43,4,65.44,1,65.45,12
2020-10-29 09:35:49,65.32,65.33,1,65.3,16,65.34,4,65.34,65.3,65.3,16,,,,,,,,,,,,,,,,,,,65.34,4,65.35,3,65.36,3,65.37,4,65.38,13,65.39,2,65.4,2,65.42,19,65.43,4,65.44,1
2020-10-29 09:35:50,65.295,65.3,2,65.28,5,65.31,3,65.31,65.28,65.28,5,,,,,,,,,,,,,,,,,,,65.31,3,65.32,5,65.33,4,65.34,4,65.35,3,65.36,3,65.37,4,65.38,13,65.39,2,65.4,2
2020-10-29 09:35:51,65.3,65.3,5,65.29,3,65.31,3,65.31,65.29,65.29,3,65.28,5,,,,,,,,,,,,,,,,,65.31,3,65.32,5,65.33,4,65.34,4,65.35,3,65.36,3,65.37,4,65.38,13,65.39,2,65.4,2
2020-10-29 09:35:52,65.28,65.27,2,65.26,3,65.3,22,65.3,65.26,65.26,3,65.25,9,,,,,,,,,,,,,,,,,65.3,22,65.31,10,65.32,5,65.33,4,65.34,4,65.35,3,65.36,3,65.37,4,65.38,13,65.39,2
2020-10-29 09:35:53,65.24,65.24,1,65.22,2,65.26,4,65.26,65.22,65.22,2,65.2,10,,,,,,,,,,,,,,,,,65.26,4,65.28,2,65.3,17,65.31,10,65.32,5,65.33,4,65.34,4,65.35,3,65.36,3,65.37,4
2020-10-29 09:35:54,65.22,65.22,1,65.2,10,65.24,5,65.24,65.2,65.2,10,,,,,,,,,,,,,,,,,,,65.24,5,65.25,4,65.26,5,65.28,2,65.3,17,65.31,10,65.32,5,65.33,4,65.34,4,65.35,3
2020-10-29 09:35:55,65.22,65.22,1,65.21,3,65.23,5,65.23,65.21,65.21,3,65.2,10,,,,,,,,,,,,,,,,,65.23,5,65.24,5,65.25,4,65.26,5,65.28,2,65.3,17,65.31,10,65.32,5,65.33,4,65.34,4
2020-10-29 09:35:56,65.185,65.18,1,65.17,3,65.2,1,65.2,65.17,65.17,3,65.16,2,65.15,1,,,,,,,,,,,,,,,65.2,1,65.23,6,65.24,5,65.25,4,65.26,5,65.28,2,65.3,17,65.31,10,65.32,5,65.33,4
2020-10-29 09:35:57,65.19,65.19,1,65.17,3,65.21,1,65.21,65.17,65.17,3,65.16,2,65.15,4,,,,,,,,,,,,,,,65.21,1,65.22,2,65.23,6,65.24,5,65.25,4,65.26,5,65.28,2,65.3,17,65.31,10,65.32,5
2020-10-29 09:35:58,65.205,65.21,1,65.17,14,65.24,8,65.24,65.17,65.17,14,65.16,2,65.15,4,,,,,,,,,,,,,,,65.24,8,65.25,4,65.26,5,65.28,2,65.3,17,65.31,10,65.32,5,65.33,4,65.34,4,65.35,3
2020-10-29 09:35:59,65.205,65.21,1,65.17,12,65.24,7,65.24,65.17,65.17,12,65.16,2,65.15,4,,,,,,,,,,,,,,,65.24,7,65.25,4,65.26,5,65.28,2,65.3,17,65.31,10,65.32,5,65.33,4,65.34,4,65.35,3
2020-10-29 09:36:00,65.205,65.23,3,65.18,16,65.23,1,65.23,65.18,65.18,16,65.17,12,65.16,2,65.15,4,,,,,,,,,,,,,65.23,1,65.24,4,65.25,7,65.26,5,65.27,5,65.28,2,65.3,17,65.31,10,65.32,5,65.33,4
2020-10-29 09:36:01,65.195,65.17,2,65.17,13,65.22,4,65.22,65.17,65.17,13,65.16,2,65.15,4,,,,,,,,,,,,,,,65.22,4,65.24,1,65.25,6,65.26,5,65.27,5,65.28,2,65.3,17,65.31,10,65.32,5,65.33,4
2020-10-29 09:36:02,65.19,65.17,1,65.16,3,65.22,7,65.22,65.16,65.16,3,65.15,4,,,,,,,,,,,,,,,,,65.22,7,65.24,1,65.25,6,65.26,5,65.27,5,65.28,2,65.3,17,65.31,10,65.32,5,65.33,4
2020-10-29 09:36:03,65.195,65.22,5,65.17,2,65.22,7,65.22,65.17,65.17,2,65.16,16,65.15,4,,,,,,,,,,,,,,,65.22,7,65.24,1,65.25,6,65.26,5,65.27,5,65.28,2,65.3,17,65.31,10,65.32,5,65.33,4
2020-10-29 09:36:04,65.195,65.22,1,65.17,17,65.22,7,65.22,65.17,65.17,17,65.16,16,65.15,4,,,,,,,,,,,,,,,65.22,7,65.24,1,65.25,6,65.26,5,65.27,5,65.28,2,65.3,17,65.31,10,65.32,5,65.33,4
2020-10-29 09:36:05,65.195,65.19,2,65.17,17,65.22,7,65.22,65.17,65.17,17,65.16,16,65.15,4,,,,,,,,,,,,,,,65.22,7,65.24,1,65.25,6,65.26,5,65.27,5,65.28,2,65.3,17,65.31,10,65.32,5,65.33,4
2020-10-29 09:36:06,65.19,65.17,1,65.16,16,65.22,8,65.22,65.16,65.16,16,65.15,4,,,,,,,,,,,,,,,,,65.22,8,65.24,1,65.25,6,65.26,5,65.27,5,65.28,2,65.3,17,65.31,10,65.32,5,65.33,4
2020-10-29 09:36:08,65.19,65.19,1,65.16,17,65.22,10,65.22,65.16,65.16,17,65.15,4,,,,,,,,,,,,,,,,,65.22,10,65.24,1,65.25,6,65.26,5,65.27,5,65.28,2,65.3,17,65.31,10,65.32,5,65.33,4
2020-10-29 09:36:09,65.19,65.19,1,65.16,17,65.22,9,65.22,65.16,65.16,17,65.15,4,,,,,,,,,,,,,,,,,65.22,9,65.24,1,65.25,6,65.26,5,65.27,5,65.28,2,65.3,17,65.31,10,65.32,5,65.33,4
2020-10-29 09:36:10,65.195,65.19,1,65.17,11,65.22,9,65.22,65.17,65.17,11,65.16,18,65.15,4,,,,,,,,,,,,,,,65.22,9,65.24,1,65.25,6,65.26,5,65.27,5,65.28,2,65.3,17,65.31,10,65.32,5,65.33,4
2020-10-29 09:36:11,65.235,65.24,1,65.22,3,65.25,7,65.25,65.22,65.22,3,65.21,3,65.2,21,65.19,5,65.18,10,65.17,11,65.16,18,65.15,4,,,,,65.25,7,65.26,5,65.27,5,65.28,2,65.3,17,65.31,10,65.32,5,65.33,4,65.34,4,65.35,3
2020-10-29 09:36:12,65.275,65.27,1,65.25,11,65.3,16,65.3,65.25,65.25,11,65.24,17,65.23,14,65.22,3,65.21,3,65.2,21,65.19,5,65.18,10,65.17,11,65.16,18,65.3,16,65.31,10,65.32,5,65.33,4,65.34,4,65.35,3,65.36,3,65.37,4,65.38,13,65.39,2
2020-10-29 09:36:13,65.295,65.29,1,65.27,3,65.32,1,65.32,65.27,65.27,3,65.26,3,65.24,17,65.23,14,65.22,3,65.21,3,65.2,21,65.19,5,65.18,10,65.17,11,65.32,1,65.33,5,65.34,4,65.35,3,65.36,3,65.37,4,65.38,13,65.39,2,65.4,2,65.42,19
2020-10-29 09:36:14,65.305,65.31,2,65.28,6,65.33,5,65.33,65.28,65.28,6,65.27,3,65.26,3,65.24,17,65.23,14,65.22,3,65.21,3,65.2,21,65.19,5,65.18,10,65.33,5,65.34,4,65.35,3,65.36,3,65.37,4,65.38,13,65.39,2,65.4,2,65.42,19,65.43,4
2020-10-29 09:36:15,65.33,65.31,1,65.31,2,65.35,4,65.35,65.31,65.31,2,65.3,2,65.29,13,65.28,6,65.27,3,65.26,3,65.24,17,65.23,14,65.22,3,65.21,3,65.35,4,65.36,3,65.37,4,65.38,13,65.39,2,65.4,2,65.42,19,65.43,4,65.44,1,65.45,12
2020-10-29 09:36:16,65.325,65.33,1,65.3,4,65.35,4,65.35,65.3,65.3,4,65.29,13,65.28,6,65.27,3,65.26,3,65.24,17,65.23,14,65.22,3,65.21,3,65.2,21,65.35,4,65.36,3,65.37,4,65.38,13,65.39,2,65.4,2,65.42,19,65.43,4,65.44,1,65.45,12
2020-10-29 09:36:17,65.29,65.3,5,65.27,5,65.31,2,65.31,65.27,65.27,5,65.26,3,65.24,17,65.23,14,65.22,3,65.21,3,65.2,21,65.19,5,65.18,10,65.17,11,65.31,2,65.32,20,65.33,3,65.34,2,65.35,4,65.36,3,65.37,4,65.38,13,65.39,2,65.4,2
2020-10-29 09:36:18,65.3,65.3,1,65.27,5,65.33,5,65.33,65.27,65.27,5,65.26,3,65.24,17,65.23,14,65.22,3,65.21,3,65.2,21,65.19,5,65.18,10,65.17,11,65.33,5,65.34,2,65.35,4,65.36,3,65.37,4,65.38,13,65.39,2,65.4,2,65.42,19,65.43,4
2020-10-29 09:36:19,65.29,65.27,1,65.26,4,65.32,7,65.32,65.26,65.26,4,65.24,17,65.23,14,65.22,3,65.21,3,65.2,21,65.19,5,65.18,10,65.17,11,65.16,18,65.32,7,65.33,3,65.34,2,65.35,4,65.36,3,65.37,4,65.38,13,65.39,2,65.4,2,65.42,19
2020-10-29 09:36:20,65.29,65.29,2,65.26,3,65.32,7,65.32,65.26,65.26,3,65.24,17,65.23,14,65.22,3,65.21,3,65.2,21,65.19,5,65.18,10,65.17,11,65.16,18,65.32,7,65.33,3,65.34,2,65.35,4,65.36,3,65.37,4,65.38,13,65.39,2,65.4,2,65.42,19
2020-10-29 09:36:21,65.26,65.29,2,65.21,11,65.31,22,65.31,65.21,65.21,11,65.2,21,65.19,5,65.18,10,65.17,11,65.16,18,65.15,4,,,,,,,65.31,22,65.32,11,65.33,3,65.34,2,65.35,4,65.36,3,65.37,4,65.38,13,65.39,2,65.4,2
2020-10-29 09:36:22,65.225,65.21,2,65.2,22,65.25,3,65.25,65.2,65.2,22,65.19,5,65.18,10,65.17,11,65.16,18,65.15,4,,,,,,,,,65.25,3,65.26,1,65.28,7,65.29,2,65.3,11,65.31,22,65.32,11,65.33,3,65.34,2,65.35,4
2020-10-29 09:36:23,65.215,65.21,2,65.18,11,65.25,3,65.25,65.18,65.18,11,65.17,11,65.16,18,65.15,4,,,,,,,,,,,,,65.25,3,65.26,1,65.28,7,65.29,2,65.3,11,65.31,22,65.32,11,65.33,3,65.34,2,65.35,4
2020-10-29 09:36:24,65.215,65.21,2,65.18,11,65.25,3,65.25,65.18,65.18,11,65.17,11,65.16,18,65.15,4,,,,,,,,,,,,,65.25,3,65.26,1,65.28,7,65.29,2,65.3,11,65.31,22,65.32,11,65.33,3,65.34,2,65.35,4
2020-10-29 09:36:25,65.225,65.21,2,65.2,1,65.25,3,65.25,65.2,65.2,1,65.18,11,65.17,11,65.16,18,65.15,4,,,,,,,,,,,65.25,3,65.26,1,65.28,7,65.29,2,65.3,11,65.31,22,65.32,11,65.33,3,65.34,2,65.35,4
2020-10-29 09:36:26,65.21,65.21,1,65.19,8,65.23,3,65.23,65.19,65.19,8,65.18,11,65.17,11,65.16,18,65.15,4,,,,,,,,,,,65.23,3,65.25,3,65.26,1,65.28,7,65.29,2,65.3,11,65.31,22,65.32,11,65.33,3,65.34,2
2020-10-29 09:36:27,65.205,65.22,1,65.18,11,65.23,3,65.23,65.18,65.18,11,65.17,11,65.16,18,65.15,4,,,,,,,,,,,,,65.23,3,65.25,3,65.26,1,65.28,7,65.29,2,65.3,11,65.31,22,65.32,11,65.33,3,65.34,2
2020-10-29 09:36:28,65.21,65.21,1,65.19,8,65.23,6,65.23,65.19,65.19,8,65.18,11,65.17,11,65.16,18,65.15,4,,,,,,,,,,,65.23,6,65.25,3,65.26,1,65.28,7,65.29,2,65.3,11,65.31,22,65.32,11,65.33,3,65.34,2
2020-10-29 09:36:29,65.205,65.2,3,65.19,8,65.22,2,65.22,65.19,65.19,8,65.18,11,65.17,11,65.16,18,65.15,4,,,,,,,,,,,65.22,2,65.23,6,65.25,3,65.26,1,65.28,7,65.29,2,65.3,11,65.31,22,65.32,11,65.33,3
2020-10-29 09:36:30,65.21,65.2,1,65.19,8,65.23,4,65.23,65.19,65.19,8,65.18,11,65.17,11,65.16,18,65.15,4,,,,,,,,,,,65.23,4,65.27,4,65.28,8,65.29,2,65.3,11,65.31,22,65.32,11,65.33,3,65.34,2,65.35,4
2020-10-29 09:36:31,65.21,65.2,1,65.19,8,65.23,4,65.23,65.19,65.19,8,65.18,11,65.17,11,65.16,18,65.15,4,,,,,,,,,,,65.23,4,65.27,4,65.28,8,65.29,2,65.3,11,65.31,22,65.32,11,65.33,3,65.34,2,65.35,4
2020-10-29 09:36:32,65.235,65.23,1,65.21,8,65.26,3,65.26,65.21,65.21,8,65.2,3,65.19,10,65.18,11,65.17,11,65.16,18,65.15,4,,,,,,,65.26,3,65.27,4,65.28,8,65.29,2,65.3,11,65.31,22,65.32,11,65.33,3,65.34,2,65.35,4
2020-10-29 09:36:33,65.235,65.23,1,65.21,8,65.26,6,65.26,65.21,65.21,8,65.2,3,65.19,10,65.18,11,65.17,11,65.16,18,65.15,4,,,,,,,65.26,6,65.27,4,65.28,8,65.29,2,65.3,11,65.31,22,65.32,11,65.33,3,65.34,2,65.35,4
2020-10-29 09:36:34,65.225,65.22,1,65.21,8,65.24,1,65.24,65.21,65.21,8,65.2,3,65.19,10,65.18,11,65.17,11,65.16,18,65.15,4,,,,,,,65.24,1,65.26,6,65.27,4,65.28,8,65.29,2,65.3,11,65.31,22,65.32,11,65.33,3,65.34,2
2020-10-29 09:36:35,65.23,65.22,1,65.21,8,65.25,2,65.25,65.21,65.21,8,65.2,5,65.19,10,65.18,11,65.17,11,65.16,18,65.15,4,,,,,,,65.25,2,65.26,6,65.27,4,65.28,8,65.29,2,65.3,11,65.31,22,65.32,11,65.33,3,65.34,2
2020-10-29 09:36:36,65.215,65.25,1,65.2,5,65.23,1,65.23,65.2,65.2,5,65.19,10,65.18,11,65.17,11,65.16,18,65.15,4,,,,,,,,,65.23,1,65.26,5,65.27,1,65.28,13,65.29,2,65.3,11,65.31,22,65.32,11,65.33,3,65.34,2
2020-10-29 09:36:37,65.22,65.22,1,65.21,8,65.23,1,65.23,65.21,65.21,8,65.2,5,65.19,10,65.18,11,65.17,11,65.16,18,65.15,4,,,,,,,65.23,1,65.25,1,65.26,5,65.27,1,65.28,13,65.29,2,65.3,11,65.31,22,65.32,11,65.33,3
2020-10-29 09:36:38,65.23,65.23,1,65.21,8,65.25,14,65.25,65.21,65.21,8,65.2,5,65.19,10,65.18,11,65.17,11,65.16,18,65.15,4,,,,,,,65.25,14,65.26,8,65.27,1,65.28,13,65.29,2,65.3,11,65.31,22,65.32,11,65.33,3,65.34,2
2020-10-29 09:36:39,65.23,65.24,3,65.21,8,65.25,3,65.25,65.21,65.21,8,65.2,5,65.19,10,65.18,11,65.17,11,65.16,18,65.15,4,,,,,,,65.25,3,65.26,8,65.27,1,65.28,13,65.29,2,65.3,11,65.31,22,65.32,11,65.33,3,65.34,2
2020-10-29 09:36:40,65.26,65.26,1,65.22,20,65.3,10,65.3,65.22,65.22,20,65.21,8,65.2,5,65.19,10,65.18,11,65.17,11,65.16,18,65.15,4,,,,,65.3,10,65.31,22,65.32,11,65.33,3,65.34,2,65.35,4,65.36,3,65.37,4,65.38,13,65.39,2
2020-10-29 09:36:41,65.275,65.26,1,65.24,30,65.31,18,65.31,65.24,65.24,30,65.23,2,65.22,20,65.21,8,65.2,5,65.19,10,65.18,11,65.17,11,65.16,18,65.15,4,65.31,18,65.32,11,65.33,3,65.34,2,65.35,4,65.36,3,65.37,4,65.38,13,65.39,2,65.4,2
2020-10-29 09:36:42,65.27,65.3,2,65.23,18,65.31,13,65.31,65.23,65.23,18,65.22,20,65.21,8,65.2,5,65.19,10,65.18,11,65.17,11,65.16,18,65.15,4,,,65.31,13,65.32,11,65.33,3,65.34,2,65.35,4,65.36,3,65.37,4,65.38,13,65.39,2,65.4,2
2020-10-29 09:36:43,65.255,65.24,3,65.23,11,65.28,11,65.28,65.23,65.23,11,65.22,23,65.21,8,65.2,5,65.19,10,65.18,11,65.17,11,65.16,18,65.15,4,,,65.28,11,65.31,9,65.32,11,65.33,3,65.34,2,65.35,4,65.36,3,65.37,4,65.38,13,65.39,2
2020-10-29 09:36:44,65.275,65.28,1,65.24,20,65.31,11,65.31,65.24,65.24,20,65.23,21,65.22,23,65.21,8,65.2,5,65.19,10,65.18,11,65.17,11,65.16,18,65.15,4,65.31,11,65.32,11,65.33,3,65.34,2,65.35,4,65.36,3,65.37,4,65.38,13,65.39,2,65.4,2
2020-10-29 09:36:45,65.29,65.28,7,65.27,2,65.31,11,65.31,65.27,65.27,2,65.24,20,65.23,21,65.22,23,65.21,8,65.2,5,65.19,10,65.18,11,65.17,11,65.16,18,65.31,11,65.32,11,65.33,3,65.34,2,65.35,4,65.36,3,65.37,4,65.38,13,65.39,2,65.4,2
2020-10-29 09:36:46,65.315,65.31,1,65.28,10,65.35,5,65.35,65.28,65.28,10,65.27,15,65.24,20,65.23,21,65.22,23,65.21,8,65.2,5,65.19,10,65.18,11,65.17,11,65.35,5,65.36,3,65.37,4,65.38,13,65.39,2,65.4,2,65.42,19,65.43,4,65.44,1,65.45,12
2020-10-29 09:36:47,65.315,65.3,1,65.28,13,65.35,16,65.35,65.28,65.28,13,65.27,15,65.24,20,65.23,21,65.22,23,65.21,8,65.2,5,65.19,10,65.18,11,65.17,11,65.35,16,65.36,3,65.37,4,65.38,13,65.39,2,65.4,2,65.42,19,65.43,4,65.44,1,65.45,12
2020-10-29 09:36:48,65.32,65.3,1,65.29,23,65.35,16,65.35,65.29,65.29,23,65.28,21,65.27,10,65.24,20,65.23,21,65.22,23,65.21,8,65.2,5,65.19,10,65.18,11,65.35,16,65.36,3,65.37,4,65.38,13,65.39,2,65.4,2,65.42,19,65.43,4,65.44,1,65.45,12
2020-10-29 09:36:49,65.32,65.3,1,65.29,24,65.35,16,65.35,65.29,65.29,24,65.28,21,65.27,10,65.24,20,65.23,21,65.22,23,65.21,8,65.2,5,65.19,10,65.18,11,65.35,16,65.36,3,65.37,4,65.38,13,65.39,2,65.4,2,65.42,19,65.43,4,65.44,1,65.45,12
2020-10-29 09:36:50,65.295,65.31,1,65.28,20,65.31,3,65.31,65.28,65.28,20,65.27,10,65.24,20,65.23,21,65.22,23,65.21,8,65.2,5,65.19,10,65.18,11,65.17,11,65.31,3,65.32,4,65.33,1,65.34,23,65.35,17,65.36,3,65.37,4,65.38,13,65.39,2,65.4,2
2020-10-29 09:36:51,65.255,65.27,1,65.22,24,65.29,3,65.29,65.22,65.22,24,65.21,8,65.2,5,65.19,10,65.18,11,65.17,11,65.16,18,65.15,4,,,,,65.29,3,65.31,15,65.32,4,65.33,1,65.34,23,65.35,17,65.36,3,65.37,4,65.38,13,65.39,2
2020-10-29 09:36:52,65.255,65.27,1,65.23,5,65.28,2,65.28,65.23,65.23,5,65.22,24,65.21,8,65.2,5,65.19,10,65.18,11,65.17,11,65.16,18,65.15,4,,,65.28,2,65.29,3,65.31,15,65.32,4,65.33,1,65.34,23,65.35,17,65.36,3,65.37,4,65.38,13
2020-10-29 09:36:53,65.235,65.22,2,65.22,24,65.25,1,65.25,65.22,65.22,24,65.21,8,65.2,5,65.19,10,65.18,11,65.17,11,65.16,18,65.15,4,,,,,65.25,1,65.26,3,65.27,2,65.28,3,65.29,3,65.31,15,65.32,4,65.33,1,65.34,23,65.35,17
2020-10-29 09:36:54,65.235,65.22,2,65.22,24,65.25,2,65.25,65.22,65.22,24,65.21,8,65.2,5,65.19,10,65.18,11,65.17,11,65.16,18,65.15,4,,,,,65.25,2,65.26,3,65.27,2,65.28,3,65.29,3,65.31,15,65.32,4,65.33,1,65.34,23,65.35,17
2020-10-29 09:36:55,65.23,65.22,1,65.21,18,65.25,4,65.25,65.21,65.21,18,65.2,5,65.19,10,65.18,11,65.17,11,65.16,18,65.15,4,,,,,,,65.25,4,65.26,3,65.27,2,65.28,3,65.29,3,65.31,15,65.32,4,65.33,1,65.34,23,65.35,17
2020-10-29 09:36:56,65.23,65.25,5,65.21,18,65.25,5,65.25,65.21,65.21,18,65.2,5,65.19,10,65.18,11,65.17,11,65.16,18,65.15,4,,,,,,,65.25,5,65.26,3,65.27,2,65.28,3,65.29,3,65.31,15,65.32,4,65.33,1,65.34,23,65.35,17
2020-10-29 09:36:57,65.23,65.25,1,65.21,18,65.25,3,65.25,65.21,65.21,18,65.2,5,65.19,10,65.18,11,65.17,11,65.16,18,65.15,4,,,,,,,65.25,3,65.26,6,65.27,2,65.28,3,65.29,3,65.31,15,65.32,4,65.33,1,65.34,23,65.35,17
2020-10-29 09:36:58,65.23,65.25,1,65.21,18,65.25,3,65.25,65.21,65.21,18,65.2,5,65.19,10,65.18,11,65.17,11,65.16,18,65.15,4,,,,,,,65.25,3,65.26,6,65.27,2,65.28,3,65.29,3,65.31,15,65.32,4,65.33,1,65.34,23,65.35,17
2020-10-29 09:36:59,65.23,65.21,1,65.21,18,65.25,3,65.25,65.21,65.21,18,65.2,5,65.19,10,65.18,11,65.17,11,65.16,18,65.15,4,,,,,,,65.25,3,65.26,6,65.27,2,65.28,3,65.29,3,65.31,15,65.32,4,65.33,1,65.34,23,65.35,17
2020-10-29 09:37:00,65.23,65.25,1,65.21,18,65.25,3,65.25,65.21,65.21,18,65.2,5,65.19,10,65.18,11,65.17,11,65.16,18,65.15,4,,,,,,,65.25,3,65.26,6,65.27,2,65.28,3,65.29,3,65.31,15,65.32,4,65.33,1,65.34,23,65.35,17
2020-10-29 09:37:01,65.25,65.26,2,65.22,17,65.28,4,65.28,65.22,65.22,17,65.21,19,65.2,5,65.19,10,65.18,11,65.17,11,65.16,18,65.15,4,,,,,65.28,4,65.29,3,65.31,15,65.32,4,65.33,1,65.34,23,65.35,17,65.36,3,65.37,4,65.38,13
2020-10-29 09:37:02,65.3,65.31,1,65.27,17,65.33,6,65.33,65.27,65.27,17,65.26,25,65.25,11,65.24,12,65.23,13,65.22,17,65.21,19,65.2,5,65.19,10,65.18,11,65.33,6,65.34,2,65.35,15,65.36,3,65.37,4,65.38,13,65.39,2,65.4,2,65.42,19,65.43,4
2020-10-29 09:37:03,65.3,65.31,1,65.27,16,65.33,2,65.33,65.27,65.27,16,65.26,25,65.25,11,65.24,12,65.23,13,65.22,17,65.21,19,65.2,5,65.19,10,65.18,11,65.33,2,65.34,13,65.35,15,65.36,3,65.37,4,65.38,13,65.39,2,65.4,2,65.42,19,65.43,4
2020-10-29 09:37:04,65.3,65.31,1,65.27,11,65.33,6,65.33,65.27,65.27,11,65.26,25,65.25,11,65.24,12,65.23,13,65.22,17,65.21,19,65.2,5,65.19,10,65.18,11,65.33,6,65.34,13,65.35,15,65.36,3,65.37,4,65.38,13,65.39,2,65.4,2,65.42,19,65.43,4
2020-10-29 09:37:05,65.295,65.31,1,65.27,13,65.32,15,65.32,65.27,65.27,13,65.26,25,65.25,11,65.24,12,65.23,13,65.22,17,65.21,19,65.2,5,65.19,10,65.18,11,65.32,15,65.33,14,65.34,13,65.35,15,65.36,3,65.37,4,65.38,13,65.39,2,65.4,2,65.42,19
2020-10-29 09:37:06,65.285,65.27,1,65.25,14,65.32,17,65.32,65.25,65.25,14,65.24,12,65.23,13,65.22,17,65.21,19,65.2,5,65.19,10,65.18,11,65.17,11,65.16,18,65.32,17,65.33,14,65.34,13,65.35,15,65.36,3,65.37,4,65.38,13,65.39,2,65.4,2,65.42,19
2020-10-29 09:37:07,65.285,65.27,1,65.25,15,65.32,17,65.32,65.25,65.25,15,65.24,12,65.23,13,65.22,17,65.21,19,65.2,5,65.19,10,65.18,11,65.17,11,65.16,18,65.32,17,65.33,14,65.34,13,65.35,15,65.36,3,65.37,4,65.38,13,65.39,2,65.4,2,65.42,19
2020-10-29 09:37:08,65.285,65.27,1,65.25,15,65.32,17,65.32,65.25,65.25,15,65.24,12,65.23,13,65.22,17,65.21,19,65.2,5,65.19,10,65.18,11,65.17,11,65.16,18,65.32,17,65.33,14,65.34,13,65.35,15,65.36,3,65.37,4,65.38,13,65.39,2,65.4,2,65.42,19
2020-10-29 09:37:09,65.285,65.27,1,65.25,15,65.32,17,65.32,65.25,65.25,15,65.24,12,65.23,13,65.22,17,65.21,19,65.2,5,65.19,10,65.18,11,65.17,11,65.16,18,65.32,17,65.33,14,65.34,13,65.35,15,65.36,3,65.37,4,65.38,13,65.39,2,65.4,2,65.42,19
2020-10-29 09:37:10,65.285,65.27,1,65.25,17,65.32,17,65.32,65.25,65.25,17,65.24,12,65.23,13,65.22,17,65.21,19,65.2,5,65.19,10,65.18,11,65.17,11,65.16,18,65.32,17,65.33,14,65.34,13,65.35,15,65.36,3,65.37,4,65.38,13,65.39,2,65.4,2,65.42,19
2020-10-29 09:37:11,65.335,65.31,1,65.31,2,65.36,4,65.36,65.31,65.31,2,65.28,2,65.27,2,65.26,2,65.25,17,65.24,12,65.23,13,65.22,17,65.21,19,65.2,5,65.36,4,65.37,4,65.38,13,65.39,2,65.4,2,65.42,19,65.43,4,65.44,1,65.45,12,65.47,6
2020-10-29 09:37:12,65.355,65.34,1,65.33,3,65.38,14,65.38,65.33,65.33,3,65.32,21,65.31,6,65.28,2,65.27,2,65.26,2,65.25,17,65.24,12,65.23,13,65.22,17,65.38,14,65.39,2,65.4,2,65.42,19,65.43,4,65.44,1,65.45,12,65.47,6,65.48,5,65.49,23
2020-10-29 09:37:13,65.385,65.38,1,65.36,5,65.41,3,65.41,65.36,65.36,5,65.35,3,65.34,1,65.33,3,65.32,21,65.31,6,65.28,2,65.27,2,65.26,2,65.25,17,65.41,3,65.42,19,65.43,4,65.44,1,65.45,12,65.47,6,65.48,5,65.49,23,65.5,18,65.51,12
2020-10-29 09:37:14,65.375,65.36,1,65.35,5,65.4,2,65.4,65.35,65.35,5,65.34,1,65.33,3,65.32,21,65.31,6,65.28,2,65.27,2,65.26,2,65.25,17,65.24,12,65.4,2,65.41,3,65.42,19,65.43,4,65.44,1,65.45,12,65.47,6,65.48,5,65.49,23,65.5,18
2020-10-29 09:37:15,65.375,65.39,1,65.35,4,65.4,4,65.4,65.35,65.35,4,65.34,1,65.33,3,65.32,21,65.31,6,65.28,2,65.27,2,65.26,2,65.25,17,65.24,12,65.4,4,65.41,3,65.42,19,65.43,4,65.44,1,65.45,12,65.47,6,65.48,5,65.49,23,65.5,18
2020-10-29 09:37:16,65.35,65.35,1,65.33,4,65.37,18,65.37,65.33,65.33,4,65.32,20,65.31,6,65.28,2,65.27,2,65.26,2,65.25,17,65.24,12,65.23,13,65.22,17,65.37,18,65.38,15,65.39,4,65.4,3,65.41,3,65.42,19,65.43,4,65.44,1,65.45,12,65.47,6
2020-10-29 09:37:17,65.32,65.31,1,65.29,4,65.35,5,65.35,65.29,65.29,4,65.28,6,65.27,2,65.26,2,65.25,17,65.24,12,65.23,13,65.22,17,65.21,19,65.2,5,65.35,5,65.38,15,65.39,4,65.4,3,65.41,3,65.42,19,65.43,4,65.44,1,65.45,12,65.47,6
2020-10-29 09:37:18,65.345,65.35,1,65.31,21,65.38,11,65.38,65.31,65.31,21,65.3,22,65.29,10,65.28,22,65.27,5,65.26,7,65.25,17,65.24,12,65.23,13,65.22,17,65.38,11,65.39,4,65.4,3,65.41,3,65.42,19,65.43,4,65.44,1,65.45,12,65.47,6,65.48,5
2020-10-29 09:37:19,65.37,65.33,1,65.34,10,65.4,3,65.4,65.34,65.34,10,65.33,1,65.32,3,65.31,21,65.3,22,65.29,10,65.28,22,65.27,5,65.26,7,65.25,17,65.4,3,65.41,3,65.42,19,65.43,4,65.44,1,65.45,12,65.47,6,65.48,5,65.49,23,65.5,18
2020-10-29 09:37:20,65.365,65.39,2,65.33,3,65.4,17,65.4,65.33,65.33,3,65.32,3,65.31,21,65.3,22,65.29,10,65.28,22,65.27,5,65.26,7,65.25,17,65.24,12,65.4,17,65.41,3,65.42,19,65.43,4,65.44,1,65.45,12,65.47,6,65.48,5,65.49,23,65.5,18
2020-10-29 09:37:21,65.34,65.35,1,65.32,5,65.36,1,65.36,65.32,65.32,5,65.31,21,65.3,22,65.29,10,65.28,22,65.27,5,65.26,7,65.25,17,65.24,12,65.23,13,65.36,1,65.38,1,65.4,17,65.41,3,65.42,19,65.43,4,65.44,1,65.45,12,65.47,6,65.48,5
2020-10-29 09:37:22,65.34,65.35,1,65.32,7,65.36,3,65.36,65.32,65.32,7,65.31,21,65.3,22,65.29,10,65.28,22,65.27,5,65.26,7,65.25,17,65.24,12,65.23,13,65.36,3,65.38,1,65.4,17,65.41,3,65.42,19,65.43,4,65.44,1,65.45,12,65.47,6,65.48,5
2020-10-29 09:37:23,65.305,65.3,2,65.28,5,65.33,1,65.33,65.28,65.28,5,65.25,21,65.24,12,65.23,13,65.22,17,65.21,19,65.2,5,65.19,10,65.18,11,65.17,11,65.33,1,65.34,9,65.35,11,65.36,17,65.38,1,65.4,17,65.41,3,65.42,19,65.43,4,65.44,1
2020-10-29 09:37:24,65.315,65.28,1,65.28,2,65.35,6,65.35,65.28,65.28,2,65.27,5,65.26,9,65.25,16,65.24,12,65.23,13,65.22,17,65.21,19,65.2,5,65.19,10,65.35,6,65.36,13,65.38,1,65.4,17,65.41,3,65.42,19,65.43,4,65.44,1,65.45,12,65.47,6
2020-10-29 09:37:25,65.315,65.28,1,65.28,5,65.35,6,65.35,65.28,65.28,5,65.27,5,65.26,9,65.25,16,65.24,12,65.23,13,65.22,17,65.21,19,65.2,5,65.19,10,65.35,6,65.36,13,65.38,1,65.4,17,65.41,3,65.42,19,65.43,4,65.44,1,65.45,12,65.47,6
2020-10-29 09:37:26,65.315,65.29,1,65.28,2,65.35,8,65.35,65.28,65.28,2,65.27,17,65.26,14,65.25,17,65.24,12,65.23,13,65.22,17,65.21,19,65.2,5,65.19,10,65.35,8,65.36,14,65.38,1,65.4,17,65.41,3,65.42,19,65.43,4,65.44,1,65.45,12,65.47,6
2020-10-29 09:37:27,65.32,65.29,1,65.28,4,65.36,14,65.36,65.28,65.28,4,65.27,17,65.26,14,65.25,17,65.24,12,65.23,13,65.22,17,65.21,19,65.2,5,65.19,10,65.36,14,65.38,1,65.4,17,65.41,3,65.42,19,65.43,4,65.44,1,65.45,12,65.47,6,65.48,5
2020-10-29 09:37:28,65.325,65.33,1,65.29,5,65.36,18,65.36,65.29,65.29,5,65.28,3,65.27,17,65.26,14,65.25,17,65.24,12,65.23,13,65.22,17,65.21,19,65.2,5,65.36,18,65.38,1,65.4,17,65.41,3,65.42,19,65.43,4,65.44,1,65.45,12,65.47,6,65.48,5
2020-10-29 09:37:29,65.33,65.33,2,65.3,16,65.36,18,65.36,65.3,65.3,16,65.29,5,65.28,3,65.27,17,65.26,14,65.25,17,65.24,12,65.23,13,65.22,17,65.21,19,65.36,18,65.38,1,65.4,17,65.41,3,65.42,19,65.43,4,65.44,1,65.45,12,65.47,6,65.48,5
2020-10-29 09:37:30,65.33,65.33,1,65.3,16,65.36,15,65.36,65.3,65.3,16,65.29,5,65.28,3,65.27,17,65.26,14,65.25,17,65.24,12,65.23,13,65.22,17,65.21,19,65.36,15,65.38,1,65.4,17,65.41,3,65.42,19,65.43,4,65.44,1,65.45,12,65.47,6,65.48,5
2020-10-29 09:37:31,65.33,65.33,1,65.3,15,65.36,15,65.36,65.3,65.3,15,65.29,5,65.28,3,65.27,17,65.26,14,65.25,17,65.24,12,65.23,13,65.22,17,65.21,19,65.36,15,65.38,1,65.4,17,65.41,3,65.42,19,65.43,4,65.44,1,65.45,12,65.47,6,65.48,5
2020-10-29 09:37:32,65.325,65.33,1,65.29,5,65.36,15,65.36,65.29,65.29,5,65.28,3,65.27,17,65.26,14,65.25,17,65.24,12,65.23,13,65.22,17,65.21,19,65.2,5,65.36,15,65.38,1,65.4,17,65.41,3,65.42,19,65.43,4,65.44,1,65.45,12,65.47,6,65.48,5
2020-10-29 09:37:33,65.33,65.5,1,65.3,3,65.36,19,65.36,65.3,65.3,3,65.29,7,65.28,3,65.27,17,65.26,14,65.25,17,65.24,12,65.23,13,65.22,17,65.21,19,65.36,19,65.38,1,65.4,17,65.41,3,65.42,19,65.43,4,65.44,1,65.45,12,65.47,6,65.48,5
2020-10-29 09:37:34,65.33,65.33,1,65.3,3,65.36,19,65.36,65.3,65.3,3,65.29,7,65.28,3,65.27,17,65.26,14,65.25,17,65.24,12,65.23,13,65.22,17,65.21,19,65.36,19,65.38,1,65.4,17,65.41,3,65.42,19,65.43,4,65.44,1,65.45,12,65.47,6,65.48,5
2020-10-29 09:37:35,65.335,65.33,1,65.31,6,65.36,17,65.36,65.31,65.31,6,65.3,5,65.29,7,65.28,3,65.27,17,65.26,14,65.25,17,65.24,12,65.23,13,65.22,17,65.36,17,65.38,1,65.4,17,65.41,3,65.42,19,65.43,4,65.44,1,65.45,12,65.47,6,65.48,5
2020-10-29 09:37:36,65.335,65.33,1,65.31,11,65.36,17,65.36,65.31,65.31,11,65.3,5,65.29,7,65.28,3,65.27,17,65.26,14,65.25,17,65.24,12,65.23,13,65.22,17,65.36,17,65.38,1,65.4,17,65.41,3,65.42,19,65.43,4,65.44,1,65.45,12,65.47,6,65.48,5
2020-10-29 09:37:37,65.365,65.35,2,65.33,5,65.4,20,65.4,65.33,65.33,5,65.32,3,65.31,2,65.3,5,65.29,7,65.28,3,65.27,17,65.26,14,65.25,17,65.24,12,65.4,20,65.41,3,65.42,19,65.43,4,65.44,1,65.45,12,65.47,6,65.48,5,65.49,23,65.5,18
2020-10-29 09:37:38,65.355,65.36,1,65.33,5,65.38,1,65.38,65.33,65.33,5,65.32,3,65.31,2,65.3,5,65.29,7,65.28,3,65.27,17,65.26,14,65.25,17,65.24,12,65.38,1,65.39,10,65.4,16,65.41,3,65.42,19,65.43,4,65.44,1,65.45,12,65.47,6,65.48,5
2020-10-29 09:37:39,65.38,65.39,1,65.36,2,65.4,18,65.4,65.36,65.36,2,65.33,4,65.32,3,65.31,2,65.3,5,65.29,7,65.28,3,65.27,17,65.26,14,65.25,17,65.4,18,65.41,3,65.42,19,65.43,4,65.44,1,65.45,12,65.47,6,65.48,5,65.49,23,65.5,18
2020-10-29 09:37:40,65.405,65.4,1,65.39,1,65.42,19,65.42,65.39,65.39,1,65.38,3,65.37,4,65.36,2,65.33,4,65.32,3,65.31,2,65.3,5,65.29,7,65.28,3,65.42,19,65.43,4,65.44,1,65.45,12,65.47,6,65.48,5,65.49,23,65.5,18,65.51,12,65.52,6
2020-10-29 09:37:41,65.44,65.42,1,65.41,7,65.47,22,65.47,65.41,65.41,7,65.4,2,65.39,2,65.38,3,65.37,4,65.36,2,65.33,4,65.32,3,65.31,2,65.3,5,65.47,22,65.48,16,65.49,23,65.5,18,65.51,12,65.52,6,65.53,13,65.54,14,65.56,13,65.57,20
2020-10-29 09:37:42,65.44,65.42,1,65.41,2,65.47,21,65.47,65.41,65.41,2,65.4,4,65.39,2,65.38,3,65.37,4,65.36,2,65.33,4,65.32,3,65.31,2,65.3,5,65.47,21,65.48,16,65.49,23,65.5,18,65.51,12,65.52,6,65.53,13,65.54,14,65.56,13,65.57,20
2020-10-29 09:37:43,65.435,65.47,1,65.4,6,65.47,22,65.47,65.4,65.4,6,65.39,2,65.38,3,65.37,4,65.36,2,65.33,4,65.32,3,65.31,2,65.3,5,65.29,7,65.47,22,65.48,16,65.49,23,65.5,18,65.51,12,65.52,6,65.53,13,65.54,14,65.56,13,65.57,20
2020-10-29 09:37:44,65.445,65.44,1,65.41,13,65.48,15,65.48,65.41,65.41,13,65.4,6,65.39,2,65.38,3,65.37,4,65.36,2,65.33,4,65.32,3,65.31,2,65.3,5,65.48,15,65.49,23,65.5,18,65.51,12,65.52,6,65.53,13,65.54,14,65.56,13,65.57,20,65.58,19
2020-10-29 09:37:45,65.445,65.47,1,65.41,14,65.48,15,65.48,65.41,65.41,14,65.4,6,65.39,2,65.38,3,65.37,4,65.36,2,65.33,4,65.32,3,65.31,2,65.3,5,65.48,15,65.49,23,65.5,18,65.51,12,65.52,6,65.53,13,65.54,14,65.56,13,65.57,20,65.58,19
2020-10-29 09:37:46,65.455,65.45,1,65.43,4,65.48,14,65.48,65.43,65.43,4,65.42,8,65.41,15,65.4,6,65.39,2,65.38,3,65.37,4,65.36,2,65.33,4,65.32,3,65.48,14,65.49,23,65.5,18,65.51,12,65.52,6,65.53,13,65.54,14,65.56,13,65.57,20,65.58,19
2020-10-29 09:37:47,65.45,65.45,1,65.42,18,65.48,15,65.48,65.42,65.42,18,65.41,15,65.4,6,65.39,2,65.38,3,65.37,4,65.36,2,65.33,4,65.32,3,65.31,2,65.48,15,65.49,23,65.5,18,65.51,12,65.52,6,65.53,13,65.54,14,65.56,13,65.57,20,65.58,19
2020-10-29 09:37:48,65.45,65.45,1,65.42,18,65.48,15,65.48,65.42,65.42,18,65.41,15,65.4,6,65.39,2,65.38,3,65.37,4,65.36,2,65.33,4,65.32,3,65.31,2,65.48,15,65.49,23,65.5,18,65.51,12,65.52,6,65.53,13,65.54,14,65.56,13,65.57,20,65.58,19
2020-10-29 09:37:49,65.45,65.45,1,65.42,18,65.48,15,65.48,65.42,65.42,18,65.41,15,65.4,6,65.39,2,65.38,3,65.37,4,65.36,2,65.33,4,65.32,3,65.31,2,65.48,15,65.49,23,65.5,18,65.51,12,65.52,6,65.53,13,65.54,14,65.56,13,65.57,20,65.58,19
2020-10-29 09:37:50,65.425,65.41,2,65.4,5,65.45,3,65.45,65.4,65.4,5,65.39,2,65.38,3,65.37,4,65.36,2,65.33,4,65.32,3,65.31,2,65.3,5,65.29,7,65.45,3,65.47,11,65.48,18,65.49,23,65.5,18,65.51,12,65.52,6,65.53,13,65.54,14,65.56,13
2020-10-29 09:37:51,65.42,65.42,1,65.39,6,65.45,3,65.45,65.39,65.39,6,65.38,3,65.37,4,65.36,2,65.33,4,65.32,3,65.31,2,65.3,5,65.29,7,65.28,3,65.45,3,65.47,11,65.48,18,65.49,23,65.5,18,65.51,12,65.52,6,65.53,13,65.54,14,65.56,13
2020-10-29 09:37:52,65.42,65.42,10,65.39,6,65.45,3,65.45,65.39,65.39,6,65.38,3,65.37,4,65.36,2,65.33,4,65.32,3,65.31,2,65.3,5,65.29,7,65.28,3,65.45,3,65.47,11,65.48,18,65.49,23,65.5,18,65.51,12,65.52,6,65.53,13,65.54,14,65.56,13
2020-10-29 09:37:53,65.42,65.42,10,65.39,6,65.45,3,65.45,65.39,65.39,6,65.38,3,65.37,4,65.36,2,65.33,4,65.32,3,65.31,2,65.3,5,65.29,7,65.28,3,65.45,3,65.47,11,65.48,18,65.49,23,65.5,18,65.51,12,65.52,6,65.53,13,65.54,14,65.56,13
2020-10-29 09:37:54,65.43,65.43,2,65.41,2,65.45,3,65.45,65.41,65.41,2,65.4,7,65.39,13,65.38,3,65.37,4,65.36,2,65.33,4,65.32,3,65.31,2,65.3,5,65.45,3,65.47,11,65.48,18,65.49,23,65.5,18,65.51,12,65.52,6,65.53,13,65.54,14,65.56,13
2020-10-29 09:37:55,65.43,65.43,2,65.41,2,65.45,3,65.45,65.41,65.41,2,65.4,7,65.39,13,65.38,3,65.37,4,65.36,2,65.33,4,65.32,3,65.31,2,65.3,5,65.45,3,65.47,11,65.48,18,65.49,23,65.5,18,65.51,12,65.52,6,65.53,13,65.54,14,65.56,13
2020-10-29 09:37:56,65.425,65.44,2,65.4,7,65.45,7,65.45,65.4,65.4,7,65.39,13,65.38,3,65.37,4,65.36,2,65.33,4,65.32,3,65.31,2,65.3,5,65.29,7,65.45,7,65.47,11,65.48,18,65.49,23,65.5,18,65.51,12,65.52,6,65.53,13,65.54,14,65.56,13
2020-10-29 09:37:57,65.43,65.44,2,65.41,2,65.45,7,65.45,65.41,65.41,2,65.4,7,65.39,13,65.38,3,65.37,4,65.36,2,65.33,4,65.32,3,65.31,2,65.3,5,65.45,7,65.47,11,65.48,18,65.49,23,65.5,18,65.51,12,65.52,6,65.53,13,65.54,14,65.56,13
2020-10-29 09:37:58,65.43,65.44,2,65.41,2,65.45,7,65.45,65.41,65.41,2,65.4,7,65.39,13,65.38,3,65.37,4,65.36,2,65.33,4,65.32,3,65.31,2,65.3,5,65.45,7,65.47,11,65.48,18,65.49,23,65.5,18,65.51,12,65.52,6,65.53,13,65.54,14,65.56,13
2020-10-29 09:37:59,65.445,65.45,1,65.42,23,65.47,4,65.47,65.42,65.42,23,65.41,4,65.4,7,65.39,13,65.38,3,65.37,4,65.36,2,65.33,4,65.32,3,65.31,2,65.47,4,65.48,18,65.49,23,65.5,18,65.51,12,65.52,6,65.53,13,65.54,14,65.56,13,65.57,20
2020-10-29 09:38:00,65.505,65.49,1,65.46,4,65.55,1,65.55,65.46,65.46,4,65.45,4,65.44,7,65.43,2,65.42,24,65.41,5,65.4,7,65.39,13,65.38,3,65.37,4,65.55,1,65.56,13,65.57,20,65.58,19,65.59,2,65.6,27,65.61,1,65.65,8,65.66,1,65.68,6
2020-10-29 09:38:01,65.505,65.49,1,65.46,4,65.55,1,65.55,65.46,65.46,4,65.45,4,65.44,7,65.43,2,65.42,24,65.41,5,65.4,7,65.39,13,65.38,3,65.37,4,65.55,1,65.56,13,65.57,20,65.58,19,65.59,2,65.6,27,65.61,1,65.65,8,65.66,1,65.68,6
2020-10-29 09:38:02,65.505,65.47,2,65.46,4,65.55,1,65.55,65.46,65.46,4,65.45,4,65.44,7,65.43,2,65.42,24,65.41,5,65.4,7,65.39,13,65.38,3,65.37,4,65.55,1,65.56,13,65.57,20,65.58,19,65.59,2,65.6,27,65.61,1,65.65,8,65.66,1,65.68,6
2020-10-29 09:38:03,65.495,65.47,2,65.46,4,65.53,1,65.53,65.46,65.46,4,65.45,4,65.44,7,65.43,2,65.42,24,65.41,5,65.4,7,65.39,13,65.38,3,65.37,4,65.53,1,65.55,1,65.56,13,65.57,20,65.58,19,65.59,2,65.6,27,65.61,1,65.65,8,65.66,1
2020-10-29 09:38:04,65.485,65.47,2,65.46,5,65.51,1,65.51,65.46,65.46,5,65.45,4,65.44,7,65.43,2,65.42,24,65.41,5,65.4,7,65.39,13,65.38,3,65.37,4,65.51,1,65.53,1,65.55,1,65.56,13,65.57,20,65.58,19,65.59,2,65.6,27,65.61,1,65.65,8
2020-10-29 09:38:05,65.485,65.47,2,65.46,5,65.51,1,65.51,65.46,65.46,5,65.45,4,65.44,7,65.43,2,65.42,24,65.41,5,65.4,7,65.39,13,65.38,3,65.37,4,65.51,1,65.53,1,65.55,1,65.56,13,65.57,20,65.58,19,65.59,2,65.6,27,65.61,1,65.65,8
2020-10-29 09:38:06,65.525,65.51,1,65.5,2,65.55,1,65.55,65.5,65.5,2,65.48,15,65.46,15,65.45,4,65.44,7,65.43,2,65.42,24,65.41,5,65.4,7,65.39,13,65.55,1,65.56,13,65.57,20,65.58,19,65.59,2,65.6,27,65.61,1,65.65,8,65.66,1,65.68,6
2020-10-29 09:38:07,65.525,65.53,1,65.5,2,65.55,1,65.55,65.5,65.5,2,65.48,15,65.46,15,65.45,4,65.44,7,65.43,2,65.42,24,65.41,5,65.4,7,65.39,13,65.55,1,65.56,13,65.57,20,65.58,19,65.59,2,65.6,27,65.61,1,65.65,8,65.66,1,65.68,6
2020-10-29 09:38:08,65.525,65.53,1,65.5,2,65.55,1,65.55,65.5,65.5,2,65.48,15,65.46,15,65.45,4,65.44,7,65.43,2,65.42,24,65.41,5,65.4,7,65.39,13,65.55,1,65.56,13,65.57,20,65.58,19,65.59,2,65.6,27,65.61,1,65.65,8,65.66,1,65.68,6
2020-10-29 09:38:09,65.525,65.53,1,65.5,2,65.55,2,65.55,65.5,65.5,2,65.48,15,65.46,15,65.45,4,65.44,7,65.43,2,65.42,24,65.41,5,65.4,7,65.39,13,65.55,2,65.56,13,65.57,20,65.58,19,65.59,2,65.6,27,65.61,1,65.65,8,65.66,1,65.68,6
2020-10-29 09:38:10,65.525,65.53,1,65.5,2,65.55,2,65.55,65.5,65.5,2,65.48,15,65.46,15,65.45,4,65.44,7,65.43,2,65.42,24,65.41,5,65.4,7,65.39,13,65.55,2,65.56,13,65.57,20,65.58,19,65.59,2,65.6,27,65.61,1,65.65,8,65.66,1,65.68,6
2020-10-29 09:38:11,65.53,65.52,5,65.51,5,65.55,10,65.55,65.51,65.51,5,65.5,8,65.48,15,65.46,15,65.45,4,65.44,7,65.43,2,65.42,24,65.41,5,65.4,7,65.55,10,65.56,13,65.57,20,65.58,19,65.59,2,65.6,27,65.61,1,65.65,8,65.66,1,65.68,6
2020-10-29 09:38:12,65.52,65.52,5,65.5,9,65.54,4,65.54,65.5,65.5,9,65.48,15,65.46,15,65.45,4,65.44,7,65.43,2,65.42,24,65.41,5,65.4,7,65.39,13,65.54,4,65.55,10,65.56,13,65.57,20,65.58,19,65.59,2,65.6,27,65.61,1,65.65,8,65.66,1
2020-10-29 09:38:13,65.56,65.58,2,65.54,3,65.58,20,65.58,65.54,65.54,3,65.53,10,65.52,11,65.51,16,65.5,8,65.48,15,65.46,15,65.45,4,65.44,7,65.43,2,65.58,20,65.59,2,65.6,27,65.61,1,65.65,8,65.66,1,65.68,6,65.69,13,65.7,11,65.71,16
2020-10-29 09:38:14,65.54,65.54,2,65.52,21,65.56,2,65.56,65.52,65.52,21,65.51,15,65.5,8,65.48,15,65.46,15,65.45,4,65.44,7,65.43,2,65.42,24,65.41,5,65.56,2,65.57,1,65.58,7,65.59,3,65.6,27,65.61,1,65.65,8,65.66,1,65.68,6,65.69,13
2020-10-29 09:38:15,65.54,65.31,4,65.52,16,65.56,1,65.56,65.52,65.52,16,65.51,15,65.5,8,65.48,15,65.46,15,65.45,4,65.44,7,65.43,2,65.42,24,65.41,5,65.56,1,65.57,7,65.58,7,65.59,3,65.6,27,65.61,1,65.65,8,65.66,1,65.68,6,65.69,13
2020-10-29 09:38:16,65.54,65.31,4,65.52,15,65.56,3,65.56,65.52,65.52,15,65.51,15,65.5,8,65.48,15,65.46,15,65.45,4,65.44,7,65.43,2,65.42,24,65.41,5,65.56,3,65.57,7,65.58,7,65.59,3,65.6,27,65.61,1,65.65,8,65.66,1,65.68,6,65.69,13
2020-10-29 09:38:17,65.54,65.53,2,65.52,15,65.56,3,65.56,65.52,65.52,15,65.51,15,65.5,8,65.48,15,65.46,15,65.45,4,65.44,7,65.43,2,65.42,24,65.41,5,65.56,3,65.57,7,65.58,7,65.59,3,65.6,27,65.61,1,65.65,8,65.66,1,65.68,6,65.69,13
2020-10-29 09:38:18,65.54,65.56,1,65.52,16,65.56,4,65.56,65.52,65.52,16,65.51,15,65.5,8,65.48,15,65.46,15,65.45,4,65.44,7,65.43,2,65.42,24,65.41,5,65.56,4,65.57,7,65.58,7,65.59,3,65.6,27,65.61,1,65.65,8,65.66,1,65.68,6,65.69,13
2020-10-29 09:38:19,65.54,65.56,1,65.52,16,65.56,4,65.56,65.52,65.52,16,65.51,15,65.5,8,65.48,15,65.46,15,65.45,4,65.44,7,65.43,2,65.42,24,65.41,5,65.56,4,65.57,7,65.58,7,65.59,3,65.6,27,65.61,1,65.65,8,65.66,1,65.68,6,65.69,13
2020-10-29 09:38:20,65.605,65.62,1,65.58,9,65.63,7,65.63,65.58,65.58,9,65.57,13,65.56,14,65.55,17,65.54,13,65.53,9,65.52,16,65.51,15,65.5,8,65.48,15,65.63,7,65.65,8,65.66,1,65.68,6,65.69,13,65.7,11,65.71,16,65.72,13,65.73,2,65.74,1
2020-10-29 09:38:21,65.61,65.59,20,65.59,5,65.63,7,65.63,65.59,65.59,5,65.58,12,65.57,13,65.56,14,65.55,17,65.54,13,65.53,9,65.52,16,65.51,15,65.5,8,65.63,7,65.65,8,65.66,1,65.68,6,65.69,13,65.7,11,65.71,16,65.72,13,65.73,2,65.74,1
2020-10-29 09:38:22,65.61,65.59,20,65.59,6,65.63,7,65.63,65.59,65.59,6,65.58,12,65.57,13,65.56,14,65.55,17,65.54,13,65.53,9,65.52,16,65.51,15,65.5,8,65.63,7,65.65,8,65.66,1,65.68,6,65.69,13,65.7,11,65.71,16,65.72,13,65.73,2,65.74,1
2020-10-29 09:38:23,65.61,65.59,20,65.59,6,65.63,7,65.63,65.59,65.59,6,65.58,12,65.57,13,65.56,14,65.55,17,65.54,13,65.53,9,65.52,16,65.51,15,65.5,8,65.63,7,65.65,8,65.66,1,65.68,6,65.69,13,65.7,11,65.71,16,65.72,13,65.73,2,65.74,1
2020-10-29 09:38:24,65.61,65.6,5,65.59,8,65.63,7,65.63,65.59,65.59,8,65.58,12,65.57,13,65.56,14,65.55,17,65.54,13,65.53,9,65.52,16,65.51,15,65.5,8,65.63,7,65.65,8,65.66,1,65.68,6,65.69,13,65.7,11,65.71,16,65.72,13,65.73,2,65.74,1
2020-10-29 09:38:25,65.61,65.6,5,65.59,7,65.63,7,65.63,65.59,65.59,7,65.58,12,65.57,13,65.56,14,65.55,17,65.54,13,65.53,9,65.52,16,65.51,15,65.5,8,65.63,7,65.65,8,65.66,1,65.68,6,65.69,13,65.7,11,65.71,16,65.72,13,65.73,2,65.74,1
2020-10-29 09:38:26,65.665,65.65,1,65.64,5,65.69,2,65.69,65.64,65.64,5,65.63,3,65.62,9,65.61,19,65.6,3,65.59,7,65.58,12,65.57,13,65.56,14,65.55,17,65.69,2,65.7,13,65.71,16,65.72,13,65.73,2,65.74,1,65.75,6,65.77,2,65.78,6,65.8,1
2020-10-29 09:38:27,65.66,65.69,1,65.64,6,65.68,1,65.68,65.64,65.64,6,65.63,3,65.62,9,65.61,19,65.6,3,65.59,7,65.58,12,65.57,13,65.56,14,65.55,17,65.68,1,65.69,1,65.7,13,65.71,16,65.72,13,65.73,2,65.74,1,65.75,6,65.77,2,65.78,6
2020-10-29 09:38:28,65.66,65.66,1,65.63,18,65.69,3,65.69,65.63,65.63,18,65.62,6,65.61,19,65.6,3,65.59,7,65.58,12,65.57,13,65.56,14,65.55,17,65.54,13,65.69,3,65.7,13,65.71,16,65.72,13,65.73,2,65.74,1,65.75,6,65.77,2,65.78,6,65.8,1
2020-10-29 09:38:29,65.665,65.66,1,65.64,4,65.69,3,65.69,65.64,65.64,4,65.63,18,65.62,6,65.61,19,65.6,3,65.59,7,65.58,12,65.57,13,65.56,14,65.55,17,65.69,3,65.7,13,65.71,16,65.72,13,65.73,2,65.74,1,65.75,6,65.77,2,65.78,6,65.8,1
2020-10-29 09:38:30,65.66,65.64,1,65.63,2,65.69,18,65.69,65.63,65.63,2,65.61,3,65.59,7,65.58,12,65.57,13,65.56,14,65.55,17,65.54,13,65.53,9,65.52,16,65.69,18,65.7,13,65.71,16,65.72,13,65.73,2,65.74,1,65.75,6,65.77,2,65.78,6,65.8,1
2020-10-29 09:38:31,65.66,65.64,1,65.63,4,65.69,18,65.69,65.63,65.63,4,65.61,3,65.59,7,65.58,12,65.57,13,65.56,14,65.55,17,65.54,13,65.53,9,65.52,16,65.69,18,65.7,13,65.71,16,65.72,13,65.73,2,65.74,1,65.75,6,65.77,2,65.78,6,65.8,1
2020-10-29 09:38:32,65.66,65.69,1,65.63,6,65.69,19,65.69,65.63,65.63,6,65.61,3,65.59,7,65.58,12,65.57,13,65.56,14,65.55,17,65.54,13,65.53,9,65.52,16,65.69,19,65.7,13,65.71,16,65.72,13,65.73,2,65.74,1,65.75,6,65.77,2,65.78,6,65.8,1
2020-10-29 09:38:33,65.705,65.71,1,65.68,4,65.73,17,65.73,65.68,65.68,4,65.67,3,65.66,3,65.63,6,65.61,3,65.59,7,65.58,12,65.57,13,65.56,14,65.55,17,65.73,17,65.74,1,65.75,6,65.77,2,65.78,6,65.8,1,65.81,13,65.83,23,65.84,16,65.85,17
