sim_time,mid_price,last_price,last_size,best_bid_price,best_bid_size,best_ask_price,best_ask_size,close_price_buy,close_price_sell,bid1_price,bid1_size,bid2_price,bid2_size,bid3_price,bid3_size,bid4_price,bid4_size,bid5_price,bid5_size,bid6_price,bid6_size,bid7_price,bid7_size,bid8_price,bid8_size,bid9_price,bid9_size,bid10_price,bid10_size,ask1_price,ask1_size,ask2_price,ask2_size,ask3_price,ask3_size,ask4_price,ask4_size,ask5_price,ask5_size,ask6_price,ask6_size,ask7_price,ask7_size,ask8_price,ask8_size,ask9_price,ask9_size,ask10_price,ask10_size
2026-02-05 09:30:17,,0.0,0,0.0,0,0.0,0,0.0,0.0,,,,,,,,,,,,,,,,,,,,,,,,,,,,,,,,,,,,,,,,
2026-02-05 09:30:18,,0.0,0,0.0,0,0.0,0,0.0,0.0,,,,,,,,,,,,,,,,,,,,,,,,,,,,,,,,,,,,,,,,
2026-02-05 09:30:20,,0.0,0,0.0,0,0.0,0,0.0,0.0,,,,,,,,,,,,,,,,,,,,,,,,,,,,,,,,,,,,,,,,
2026-02-05 09:30:21,,0.0,0,0.0,0,0.0,0,0.0,0.0,,,,,,,,,,,,,,,,,,,,,,,,,,,,,,,,,,,,,,,,
2026-02-05 09:30:22,,0.0,0,0.0,0,0.0,0,0.0,0.0,,,,,,,,,,,,,,,,,,,,,,,,,,,,,,,,,,,,,,,,
2026-02-05 09:30:22,,0.0,0,0.0,0,0.0,0,0.0,0.0,,,,,,,,,,,,,,,,,,,,,,,,,,,,,,,,,,,,,,,,
2026-02-05 09:30:24,,0.0,0,0.0,0,0.0,0,0.0,0.0,,,,,,,,,,,,,,,,,,,,,,,,,,,,,,,,,,,,,,,,
2026-02-05 09:30:25,107.05,0.0,0,106.6,300,107.5,500,107.5,106.6,106.6,300,,,,,,,,,,,,,,,,,,,107.5,500,,,,,,,,,,,,,,,,,,
2026-02-05 09:30:26,107.05,0.0,0,106.6,300,107.5,500,107.5,106.6,106.6,300,,,,,,,,,,,,,,,,,,,107.5,500,,,,,,,,,,,,,,,,,,
2026-02-05 09:30:27,107.075,0.0,0,106.65,900,107.5,500,107.5,106.65,106.65,900,106.6,300,,,,,,,,,,,,,,,,,107.5,500,,,,,,,,,,,,,,,,,,
2026-02-05 09:30:28,107.075,0.0,0,106.65,2100,107.5,500,107.5,106.65,106.65,2100,106.6,300,,,,,,,,,,,,,,,,,107.5,500,,,,,,,,,,,,,,,,,,
2026-02-05 09:30:29,107.075,0.0,0,106.65,2100,107.5,500,107.5,106.65,106.65,2100,106.6,300,,,,,,,,,,,,,,,,,107.5,500,,,,,,,,,,,,,,,,,,
2026-02-05 09:30:30,107.075,0.0,0,106.65,2100,107.5,500,107.5,106.65,106.65,2100,106.6,300,,,,,,,,,,,,,,,,,107.5,500,,,,,,,,,,,,,,,,,,
2026-02-05 09:30:31,107.075,0.0,0,106.65,2100,107.5,500,107.5,106.65,106.65,2100,106.6,300,,,,,,,,,,,,,,,,,107.5,500,,,,,,,,,,,,,,,,,,
2026-02-05 09:30:32,107.32,107.32,1,107.14,600,107.5,1600,107.5,107.14,107.14,600,107.09,300,107.05,100,107.03,300,107.0,1200,106.65,2100,106.6,300,,,,,,,107.5,1600,,,,,,,,,,,,,,,,,,
2026-02-05 09:30:33,107.485,107.54,1,107.23,900,107.74,600,107.74,107.23,107.23,900,107.14,600,107.09,300,107.05,100,107.03,300,107.0,1200,106.65,2100,106.6,300,,,,,107.74,600,,,,,,,,,,,,,,,,,,
2026-02-05 09:30:34,107.485,107.54,1,107.23,900,107.74,600,107.74,107.23,107.23,900,107.14,600,107.09,300,107.05,100,107.03,300,107.0,1200,106.65,2100,106.6,300,,,,,107.74,600,,,,,,,,,,,,,,,,,,
2026-02-05 09:30:35,107.48,107.54,1,107.23,1500,107.73,400,107.73,107.23,107.23,1500,107.14,600,107.09,300,107.05,100,107.03,300,107.0,1200,106.65,2100,106.6,300,,,,,107.73,400,107.74,600,,,,,,,,,,,,,,,,
2026-02-05 09:30:36,107.505,107.54,1,107.28,700,107.73,1100,107.73,107.28,107.28,700,107.27,1100,107.26,1400,107.25,1200,107.24,1000,107.23,1500,107.14,600,107.09,300,107.05,100,107.03,300,107.73,1100,107.74,1100,,,,,,,,,,,,,,,,
2026-02-05 09:30:37,107.55,107.54,1,107.36,500,107.74,600,107.74,107.36,107.36,500,107.35,1000,107.34,600,107.28,600,107.27,1100,107.26,1400,107.25,1200,107.24,1000,107.23,1500,107.14,600,107.74,600,,,,,,,,,,,,,,,,,,
2026-02-05 09:30:38,107.55,107.54,1,107.36,900,107.74,600,107.74,107.36,107.36,900,107.35,1000,107.34,600,107.28,600,107.27,1100,107.26,1400,107.25,1200,107.24,1000,107.23,1500,107.14,600,107.74,600,,,,,,,,,,,,,,,,,,
2026-02-05 09:30:39,107.57,107.54,1,107.4,500,107.74,600,107.74,107.4,107.4,500,107.39,600,107.38,1600,107.37,1000,107.36,900,107.35,1000,107.34,600,107.28,600,107.27,1100,107.26,1400,107.74,600,,,,,,,,,,,,,,,,,,
2026-02-05 09:30:40,107.585,107.58,2,107.43,1500,107.74,600,107.74,107.43,107.43,1500,107.42,1200,107.41,1300,107.4,1100,107.39,600,107.38,1600,107.37,1000,107.36,900,107.35,1000,107.34,600,107.74,600,,,,,,,,,,,,,,,,,,
2026-02-05 09:30:41,107.595,107.58,2,107.45,500,107.74,600,107.74,107.45,107.45,500,107.44,1400,107.43,1500,107.42,1200,107.41,1300,107.4,1100,107.39,600,107.38,1600,107.37,1000,107.36,900,107.74,600,,,,,,,,,,,,,,,,,,
2026-02-05 09:30:41,107.745,107.9,1,107.59,1100,107.9,1500,107.9,107.59,107.59,1100,107.57,200,107.45,500,107.44,1400,107.43,1500,107.42,1200,107.41,1300,107.4,1100,107.39,600,107.38,1600,107.9,1500,,,,,,,,,,,,,,,,,,
2026-02-05 09:30:43,107.755,107.81,3,107.61,100,107.9,1500,107.9,107.61,107.61,100,107.6,800,107.59,1100,107.57,200,107.45,500,107.44,1400,107.43,1500,107.42,1200,107.41,1300,107.4,1100,107.9,1500,,,,,,,,,,,,,,,,,,
2026-02-05 09:30:44,107.755,107.88,1,107.61,100,107.9,1500,107.9,107.61,107.61,100,107.6,800,107.59,1100,107.57,200,107.45,500,107.44,1400,107.43,1500,107.42,1200,107.41,1300,107.4,1100,107.9,1500,,,,,,,,,,,,,,,,,,
2026-02-05 09:30:45,107.755,107.88,1,107.61,1200,107.9,1500,107.9,107.61,107.61,1200,107.6,800,107.59,1100,107.57,200,107.45,500,107.44,1400,107.43,1500,107.42,1200,107.41,1300,107.4,1100,107.9,1500,,,,,,,,,,,,,,,,,,
2026-02-05 09:30:46,107.755,107.88,1,107.61,1100,107.9,1500,107.9,107.61,107.61,1100,107.6,800,107.59,1100,107.57,200,107.45,500,107.44,1400,107.43,1500,107.42,1200,107.41,1300,107.4,1100,107.9,1500,,,,,,,,,,,,,,,,,,
2026-02-05 09:30:47,107.755,107.88,1,107.61,1100,107.9,1500,107.9,107.61,107.61,1100,107.6,800,107.59,1100,107.57,200,107.45,500,107.44,1400,107.43,1500,107.42,1200,107.41,1300,107.4,1100,107.9,1500,,,,,,,,,,,,,,,,,,
2026-02-05 09:30:48,107.755,107.88,1,107.61,1200,107.9,1500,107.9,107.61,107.61,1200,107.6,800,107.59,1100,107.57,200,107.45,500,107.44,1400,107.43,1500,107.42,1200,107.41,1300,107.4,1100,107.9,1500,,,,,,,,,,,,,,,,,,
2026-02-05 09:30:48,107.755,107.88,1,107.61,1200,107.9,1500,107.9,107.61,107.61,1200,107.6,800,107.59,1100,107.57,200,107.45,500,107.44,1400,107.43,1500,107.42,1200,107.41,1300,107.4,1100,107.9,1500,,,,,,,,,,,,,,,,,,
2026-02-05 09:30:50,107.755,107.88,1,107.61,1300,107.9,1500,107.9,107.61,107.61,1300,107.6,800,107.59,1100,107.57,200,107.45,500,107.44,1400,107.43,1500,107.42,1200,107.41,1300,107.4,1100,107.9,1500,,,,,,,,,,,,,,,,,,
2026-02-05 09:30:51,107.755,107.76,2,107.61,1300,107.9,1500,107.9,107.61,107.61,1300,107.6,800,107.59,1100,107.57,200,107.45,500,107.44,1400,107.43,1500,107.42,1200,107.41,1300,107.4,1100,107.9,1500,,,,,,,,,,,,,,,,,,
2026-02-05 09:30:52,107.755,107.76,2,107.61,1300,107.9,2500,107.9,107.61,107.61,1300,107.6,800,107.59,1100,107.57,200,107.45,500,107.44,1400,107.43,1500,107.42,1200,107.41,1300,107.4,1100,107.9,2500,,,,,,,,,,,,,,,,,,
2026-02-05 09:30:53,107.755,107.76,2,107.61,1600,107.9,2500,107.9,107.61,107.61,1600,107.6,800,107.59,1100,107.57,200,107.45,500,107.44,1400,107.43,1500,107.42,1200,107.41,1300,107.4,1100,107.9,2500,,,,,,,,,,,,,,,,,,
2026-02-05 09:30:54,107.76,107.76,2,107.62,1300,107.9,2600,107.9,107.62,107.62,1300,107.61,2200,107.6,800,107.59,1100,107.57,200,107.45,500,107.44,1400,107.43,1500,107.42,1200,107.41,1300,107.9,2600,,,,,,,,,,,,,,,,,,
2026-02-05 09:30:55,107.755,107.75,1,107.62,1700,107.89,1100,107.89,107.62,107.62,1700,107.61,2200,107.6,800,107.59,1100,107.57,200,107.45,500,107.44,1400,107.43,1500,107.42,1200,107.41,1300,107.89,1100,107.9,3200,,,,,,,,,,,,,,,,
2026-02-05 09:30:56,107.755,107.75,1,107.62,1800,107.89,1000,107.89,107.62,107.62,1800,107.61,2200,107.6,800,107.59,1100,107.57,200,107.45,500,107.44,1400,107.43,1500,107.42,1200,107.41,1300,107.89,1000,107.9,3200,,,,,,,,,,,,,,,,
2026-02-05 09:30:57,107.755,107.75,1,107.62,2400,107.89,1000,107.89,107.62,107.62,2400,107.61,2200,107.6,800,107.59,1100,107.57,200,107.45,500,107.44,1400,107.43,1500,107.42,1200,107.41,1300,107.89,1000,107.9,3200,,,,,,,,,,,,,,,,
2026-02-05 09:30:58,107.755,107.76,1,107.62,1800,107.89,1100,107.89,107.62,107.62,1800,107.61,2200,107.6,800,107.59,1100,107.57,200,107.45,500,107.44,1400,107.43,1500,107.42,1200,107.41,1300,107.89,1100,107.9,3200,,,,,,,,,,,,,,,,
2026-02-05 09:30:59,107.755,107.76,1,107.62,1900,107.89,1300,107.89,107.62,107.62,1900,107.61,2200,107.6,800,107.59,1100,107.57,200,107.45,500,107.44,1400,107.43,1500,107.42,1200,107.41,1300,107.89,1300,107.9,3200,,,,,,,,,,,,,,,,
2026-02-05 09:31:00,107.755,107.76,1,107.62,1900,107.89,1000,107.89,107.62,107.62,1900,107.61,2200,107.6,800,107.59,1100,107.57,200,107.45,500,107.44,1400,107.43,1500,107.42,1200,107.41,1300,107.89,1000,107.9,3200,,,,,,,,,,,,,,,,
2026-02-05 09:31:01,107.755,107.76,1,107.62,1900,107.89,1000,107.89,107.62,107.62,1900,107.61,2200,107.6,800,107.59,1100,107.57,200,107.45,500,107.44,1400,107.43,1500,107.42,1200,107.41,1300,107.89,1000,107.9,3200,,,,,,,,,,,,,,,,
2026-02-05 09:31:02,107.755,107.76,1,107.62,2000,107.89,1100,107.89,107.62,107.62,2000,107.61,2200,107.6,800,107.59,1100,107.57,200,107.45,500,107.44,1400,107.43,1500,107.42,1200,107.41,1300,107.89,1100,107.9,3200,,,,,,,,,,,,,,,,
2026-02-05 09:31:03,107.755,107.78,6,107.62,2000,107.89,1300,107.89,107.62,107.62,2000,107.61,2200,107.6,800,107.59,1100,107.57,200,107.45,500,107.44,1400,107.43,1500,107.42,1200,107.41,1300,107.89,1300,107.9,3200,,,,,,,,,,,,,,,,
2026-02-05 09:31:04,107.755,107.78,6,107.62,2300,107.89,1300,107.89,107.62,107.62,2300,107.61,2200,107.6,800,107.59,1100,107.57,200,107.45,500,107.44,1400,107.43,1500,107.42,1200,107.41,1300,107.89,1300,107.9,3200,,,,,,,,,,,,,,,,
2026-02-05 09:31:05,107.54,107.53,1,107.39,500,107.69,800,107.69,107.39,107.39,500,107.37,1500,107.36,900,107.35,1000,107.34,600,107.28,600,107.27,1100,107.26,1400,107.25,1200,107.24,1000,107.69,800,107.72,500,107.74,500,107.78,100,107.82,400,107.83,600,107.87,500,107.88,700,107.89,1100,107.9,3200
2026-02-05 09:31:06,107.54,107.53,1,107.39,300,107.69,1400,107.69,107.39,107.39,300,107.37,1500,107.36,900,107.35,1000,107.34,600,107.28,600,107.27,1100,107.26,1400,107.25,1200,107.24,1000,107.69,1400,107.72,500,107.74,500,107.78,100,107.82,400,107.83,600,107.87,500,107.88,700,107.89,1100,107.9,3200
2026-02-05 09:31:07,107.535,107.53,1,107.38,600,107.69,1400,107.69,107.38,107.38,600,107.37,1500,107.36,900,107.35,1000,107.34,600,107.28,600,107.27,1100,107.26,1400,107.25,1200,107.24,1000,107.69,1400,107.72,500,107.74,500,107.78,100,107.82,400,107.83,600,107.87,500,107.88,700,107.89,1100,107.9,3200
2026-02-05 09:31:08,107.535,107.53,1,107.38,600,107.69,1400,107.69,107.38,107.38,600,107.37,1500,107.36,900,107.35,1000,107.34,600,107.28,600,107.27,1100,107.26,1400,107.25,1200,107.24,1000,107.69,1400,107.72,500,107.74,500,107.78,100,107.82,400,107.83,600,107.87,500,107.88,700,107.89,1100,107.9,3200
2026-02-05 09:31:09,107.55,107.53,1,107.41,600,107.69,1500,107.69,107.41,107.41,600,107.4,600,107.39,700,107.38,1200,107.37,1500,107.36,900,107.35,1000,107.34,600,107.28,600,107.27,1100,107.69,1500,107.72,500,107.74,500,107.78,100,107.82,400,107.83,600,107.87,500,107.88,700,107.89,1100,107.9,3200
2026-02-05 09:31:10,107.55,107.53,1,107.41,800,107.69,1500,107.69,107.41,107.41,800,107.4,600,107.39,700,107.38,1200,107.37,1500,107.36,900,107.35,1000,107.34,600,107.28,600,107.27,1100,107.69,1500,107.72,500,107.74,500,107.78,100,107.82,400,107.83,600,107.87,500,107.88,700,107.89,1100,107.9,3200
2026-02-05 09:31:11,107.55,107.55,1,107.41,200,107.69,1700,107.69,107.41,107.41,200,107.4,600,107.39,700,107.38,1200,107.37,1500,107.36,900,107.35,1000,107.34,600,107.28,600,107.27,1100,107.69,1700,107.72,500,107.74,500,107.78,100,107.82,400,107.83,600,107.87,500,107.88,700,107.89,1100,107.9,3200
2026-02-05 09:31:12,107.55,107.55,1,107.41,200,107.69,1700,107.69,107.41,107.41,200,107.4,600,107.39,700,107.38,1200,107.37,1500,107.36,900,107.35,1000,107.34,600,107.28,600,107.27,1100,107.69,1700,107.72,500,107.74,500,107.78,100,107.82,400,107.83,600,107.87,500,107.88,700,107.89,1100,107.9,3200
2026-02-05 09:31:13,107.545,107.55,1,107.4,600,107.69,1700,107.69,107.4,107.4,600,107.39,700,107.38,1200,107.37,1500,107.36,900,107.35,1000,107.34,600,107.28,600,107.27,1100,107.26,1400,107.69,1700,107.72,500,107.74,500,107.78,100,107.82,400,107.83,600,107.87,500,107.88,700,107.89,1100,107.9,3200
2026-02-05 09:31:14,107.545,107.55,1,107.4,900,107.69,1500,107.69,107.4,107.4,900,107.39,700,107.38,1200,107.37,1500,107.36,900,107.35,1000,107.34,600,107.28,600,107.27,1100,107.26,1400,107.69,1500,107.72,500,107.74,500,107.78,100,107.82,400,107.83,600,107.87,500,107.88,700,107.89,1100,107.9,3200
2026-02-05 09:31:15,107.545,107.55,1,107.4,1700,107.69,1900,107.69,107.4,107.4,1700,107.39,700,107.38,1200,107.37,1500,107.36,900,107.35,1000,107.34,600,107.28,600,107.27,1100,107.26,1400,107.69,1900,107.72,500,107.74,500,107.78,100,107.82,400,107.83,600,107.87,500,107.88,700,107.89,1100,107.9,3200
2026-02-05 09:31:16,107.55,107.55,1,107.41,900,107.69,1900,107.69,107.41,107.41,900,107.4,1700,107.39,700,107.38,1200,107.37,1500,107.36,900,107.35,1000,107.34,600,107.28,600,107.27,1100,107.69,1900,107.72,500,107.74,500,107.78,100,107.82,400,107.83,600,107.87,500,107.88,700,107.89,1100,107.9,3200
2026-02-05 09:31:17,107.55,107.55,1,107.41,400,107.69,1900,107.69,107.41,107.41,400,107.4,1700,107.39,700,107.38,1200,107.37,1500,107.36,900,107.35,1000,107.34,600,107.28,600,107.27,1100,107.69,1900,107.72,500,107.74,500,107.78,100,107.82,400,107.83,600,107.87,500,107.88,700,107.89,1100,107.9,3200
2026-02-05 09:31:18,107.55,107.55,1,107.41,1200,107.69,1700,107.69,107.41,107.41,1200,107.4,1700,107.39,700,107.38,1200,107.37,1500,107.36,900,107.35,1000,107.34,600,107.28,600,107.27,1100,107.69,1700,107.72,500,107.74,500,107.78,100,107.82,400,107.83,600,107.87,500,107.88,700,107.89,1100,107.9,3200
2026-02-05 09:31:19,107.55,107.55,1,107.41,1200,107.69,1700,107.69,107.41,107.41,1200,107.4,1700,107.39,700,107.38,1200,107.37,1500,107.36,900,107.35,1000,107.34,600,107.28,600,107.27,1100,107.69,1700,107.72,500,107.74,500,107.78,100,107.82,400,107.83,600,107.87,500,107.88,700,107.89,1100,107.9,3200
2026-02-05 09:31:20,107.645,107.65,1,107.55,1000,107.74,1400,107.74,107.55,107.55,1000,107.47,100,107.46,400,107.42,600,107.41,1300,107.4,1700,107.39,700,107.38,1200,107.37,1500,107.36,900,107.74,1400,107.78,100,107.82,400,107.83,600,107.87,500,107.88,700,107.89,1100,107.9,3200,,,,
2026-02-05 09:31:21,107.645,107.65,1,107.55,1600,107.74,1400,107.74,107.55,107.55,1600,107.47,100,107.46,400,107.42,600,107.41,1300,107.4,1700,107.39,700,107.38,1200,107.37,1500,107.36,900,107.74,1400,107.78,100,107.82,400,107.83,600,107.87,500,107.88,700,107.89,1100,107.9,3200,,,,
2026-02-05 09:31:22,107.71,107.74,5,107.56,1900,107.86,400,107.86,107.56,107.56,1900,107.55,1400,107.47,100,107.46,400,107.42,600,107.41,1300,107.4,1700,107.39,700,107.38,1200,107.37,1500,107.86,400,107.87,1300,107.88,700,107.89,1100,107.9,3200,,,,,,,,,,
2026-02-05 09:31:23,107.71,107.74,5,107.56,1500,107.86,400,107.86,107.56,107.56,1500,107.55,1400,107.47,100,107.46,400,107.42,600,107.41,1300,107.4,1700,107.39,700,107.38,1200,107.37,1500,107.86,400,107.87,1300,107.88,700,107.89,1100,107.9,3200,,,,,,,,,,
2026-02-05 09:31:24,107.71,107.74,5,107.56,1500,107.86,400,107.86,107.56,107.56,1500,107.55,1400,107.47,100,107.46,400,107.42,600,107.41,1300,107.4,1700,107.39,700,107.38,1200,107.37,1500,107.86,400,107.87,1300,107.88,700,107.89,1100,107.9,3200,,,,,,,,,,
2026-02-05 09:31:25,107.71,107.74,5,107.56,1700,107.86,400,107.86,107.56,107.56,1700,107.55,1400,107.47,100,107.46,400,107.42,600,107.41,1300,107.4,1700,107.39,700,107.38,1200,107.37,1500,107.86,400,107.87,1300,107.88,700,107.89,1100,107.9,3200,,,,,,,,,,
2026-02-05 09:31:26,107.71,107.74,5,107.56,1700,107.86,1000,107.86,107.56,107.56,1700,107.55,1400,107.47,100,107.46,400,107.42,600,107.41,1300,107.4,1700,107.39,700,107.38,1200,107.37,1500,107.86,1000,107.87,1300,107.88,700,107.89,1100,107.9,3200,,,,,,,,,,
2026-02-05 09:31:27,107.71,107.71,4,107.56,1700,107.86,1000,107.86,107.56,107.56,1700,107.55,1400,107.47,100,107.46,400,107.42,600,107.41,1300,107.4,1700,107.39,700,107.38,1200,107.37,1500,107.86,1000,107.87,1300,107.88,700,107.89,1100,107.9,3200,,,,,,,,,,
2026-02-05 09:31:28,107.63,107.71,4,107.55,1300,107.71,300,107.71,107.55,107.55,1300,107.47,100,107.46,400,107.42,600,107.41,1300,107.4,1700,107.39,700,107.38,1200,107.37,1500,107.36,900,107.71,300,107.86,1000,107.87,1300,107.88,700,107.89,1100,107.9,3200,,,,,,,,
2026-02-05 09:31:29,107.745,107.74,2,107.63,700,107.86,1000,107.86,107.63,107.63,700,107.55,1900,107.47,100,107.46,400,107.42,600,107.41,1300,107.4,1700,107.39,700,107.38,1200,107.37,1500,107.86,1000,107.87,1300,107.88,700,107.89,1100,107.9,3200,,,,,,,,,,
2026-02-05 09:31:30,107.745,107.74,2,107.63,1000,107.86,1300,107.86,107.63,107.63,1000,107.55,1900,107.47,100,107.46,400,107.42,600,107.41,1300,107.4,1700,107.39,700,107.38,1200,107.37,1500,107.86,1300,107.87,1300,107.88,700,107.89,1100,107.9,3200,,,,,,,,,,
2026-02-05 09:31:31,107.745,107.74,2,107.63,1000,107.86,1300,107.86,107.63,107.63,1000,107.55,1900,107.47,100,107.46,400,107.42,600,107.41,1300,107.4,1700,107.39,700,107.38,1200,107.37,1500,107.86,1300,107.87,1300,107.88,700,107.89,1100,107.9,3200,,,,,,,,,,
2026-02-05 09:31:32,107.745,107.75,1,107.63,1000,107.86,1300,107.86,107.63,107.63,1000,107.55,1900,107.47,100,107.46,400,107.42,600,107.41,1300,107.4,1700,107.39,700,107.38,1200,107.37,1500,107.86,1300,107.87,1300,107.88,700,107.89,1100,107.9,3200,,,,,,,,,,
2026-02-05 09:31:33,107.815,107.88,1,107.73,200,107.9,2500,107.9,107.73,107.73,200,107.72,1100,107.71,500,107.7,100,107.69,600,107.68,100,107.66,100,107.65,900,107.64,700,107.63,1100,107.9,2500,,,,,,,,,,,,,,,,,,
2026-02-05 09:31:34,107.815,107.82,3,107.73,1000,107.9,2500,107.9,107.73,107.73,1000,107.72,1100,107.71,500,107.7,100,107.69,600,107.68,100,107.66,100,107.65,900,107.64,700,107.63,1100,107.9,2500,,,,,,,,,,,,,,,,,,
2026-02-05 09:31:35,107.84,107.89,1,107.78,1000,107.9,1400,107.9,107.78,107.78,1000,107.77,1000,107.74,800,107.73,1000,107.72,1100,107.71,500,107.7,100,107.69,600,107.68,100,107.66,100,107.9,1400,107.98,2200,,,,,,,,,,,,,,,,
2026-02-05 09:31:36,107.84,107.89,1,107.78,1100,107.9,1400,107.9,107.78,107.78,1100,107.77,1000,107.74,800,107.73,1000,107.72,1100,107.71,500,107.7,100,107.69,600,107.68,100,107.66,100,107.9,1400,107.98,2200,,,,,,,,,,,,,,,,
2026-02-05 09:31:37,107.84,107.89,1,107.78,1000,107.9,1400,107.9,107.78,107.78,1000,107.77,1000,107.74,800,107.73,1000,107.72,1100,107.71,500,107.7,100,107.69,600,107.68,100,107.66,100,107.9,1400,107.98,2200,,,,,,,,,,,,,,,,
2026-02-05 09:31:38,107.43,107.43,2,107.32,800,107.54,200,107.54,107.32,107.32,800,107.28,600,107.27,1800,107.26,1400,107.25,1200,107.24,1000,107.23,1500,107.14,600,107.09,300,107.05,100,107.54,200,107.59,600,107.62,100,107.66,200,107.67,100,107.72,300,107.74,100,107.78,700,107.79,800,107.85,600
2026-02-05 09:31:39,107.45,107.43,2,107.32,800,107.58,100,107.58,107.32,107.32,800,107.28,600,107.27,1800,107.26,1400,107.25,1200,107.24,1000,107.23,1500,107.14,600,107.09,300,107.05,100,107.58,100,107.59,600,107.62,100,107.66,200,107.67,100,107.72,300,107.74,100,107.78,700,107.79,800,107.85,600
2026-02-05 09:31:40,107.47,107.46,1,107.33,300,107.61,200,107.61,107.33,107.33,300,107.32,900,107.28,600,107.27,1800,107.26,1400,107.25,1200,107.24,1000,107.23,1500,107.14,600,107.09,300,107.61,200,107.62,100,107.66,200,107.67,100,107.72,300,107.74,100,107.78,700,107.79,800,107.85,600,107.86,100
2026-02-05 09:31:41,107.465,107.47,2,107.32,1000,107.61,200,107.61,107.32,107.32,1000,107.28,600,107.27,1800,107.26,1400,107.25,1200,107.24,1000,107.23,1500,107.14,600,107.09,300,107.05,100,107.61,200,107.62,100,107.66,200,107.67,100,107.72,300,107.74,100,107.78,700,107.79,800,107.85,600,107.86,100
2026-02-05 09:31:42,107.48,107.47,1,107.33,800,107.63,100,107.63,107.33,107.33,800,107.32,1000,107.28,600,107.27,1800,107.26,1400,107.25,1200,107.24,1000,107.23,1500,107.14,600,107.09,300,107.63,100,107.66,200,107.67,100,107.72,300,107.74,100,107.78,700,107.79,800,107.85,600,107.86,100,107.87,600
2026-02-05 09:31:43,107.48,107.47,1,107.33,800,107.63,100,107.63,107.33,107.33,800,107.32,1000,107.28,600,107.27,1800,107.26,1400,107.25,1200,107.24,1000,107.23,1500,107.14,600,107.09,300,107.63,100,107.66,200,107.67,100,107.72,300,107.74,100,107.78,700,107.79,800,107.85,600,107.86,100,107.87,600
2026-02-05 09:31:44,107.475,107.47,1,107.32,800,107.63,100,107.63,107.32,107.32,800,107.28,600,107.27,1800,107.26,1400,107.25,1200,107.24,1000,107.23,1500,107.14,600,107.09,300,107.05,100,107.63,100,107.66,200,107.67,100,107.72,300,107.74,100,107.78,700,107.79,800,107.85,600,107.86,100,107.87,600
2026-02-05 09:31:45,107.475,107.47,1,107.32,1100,107.63,200,107.63,107.32,107.32,1100,107.28,600,107.27,1800,107.26,1400,107.25,1200,107.24,1000,107.23,1500,107.14,600,107.09,300,107.05,100,107.63,200,107.66,200,107.67,100,107.72,300,107.74,100,107.78,700,107.79,800,107.85,600,107.86,100,107.87,600
2026-02-05 09:31:46,107.475,107.47,1,107.32,1100,107.63,200,107.63,107.32,107.32,1100,107.28,600,107.27,1800,107.26,1400,107.25,1200,107.24,1000,107.23,1500,107.14,600,107.09,300,107.05,100,107.63,200,107.66,200,107.67,100,107.72,300,107.74,100,107.78,700,107.79,800,107.85,600,107.86,100,107.87,600
2026-02-05 09:31:47,107.475,107.47,1,107.32,1200,107.63,200,107.63,107.32,107.32,1200,107.28,600,107.27,1800,107.26,1400,107.25,1200,107.24,1000,107.23,1500,107.14,600,107.09,300,107.05,100,107.63,200,107.66,200,107.67,100,107.72,300,107.74,100,107.78,700,107.79,800,107.85,600,107.86,100,107.87,600
2026-02-05 09:31:48,107.42,107.32,1,107.28,700,107.56,500,107.56,107.28,107.28,700,107.27,1800,107.26,1400,107.25,1200,107.24,1000,107.23,1500,107.14,600,107.09,300,107.05,100,107.03,300,107.56,500,107.57,700,107.63,400,107.66,200,107.67,100,107.72,300,107.74,100,107.78,700,107.79,800,107.85,600
2026-02-05 09:31:49,107.345,107.34,1,107.23,200,107.46,100,107.46,107.23,107.23,200,107.22,700,107.14,600,107.09,300,107.05,100,107.03,300,107.0,1200,106.65,2100,106.6,300,,,107.46,100,107.47,100,107.55,700,107.56,500,107.57,700,107.63,400,107.66,200,107.67,100,107.72,300,107.74,100
2026-02-05 09:31:50,107.345,107.34,1,107.23,200,107.46,100,107.46,107.23,107.23,200,107.22,700,107.14,600,107.09,300,107.05,100,107.03,300,107.0,1200,106.65,2100,106.6,300,,,107.46,100,107.47,100,107.55,700,107.56,500,107.57,700,107.63,400,107.66,200,107.67,100,107.72,300,107.74,100
2026-02-05 09:31:51,107.34,107.34,1,107.22,700,107.46,100,107.46,107.22,107.22,700,107.14,600,107.09,300,107.05,100,107.03,300,107.0,1200,106.65,2100,106.6,300,,,,,107.46,100,107.47,100,107.55,700,107.56,500,107.57,700,107.63,400,107.66,200,107.67,100,107.72,300,107.74,100
2026-02-05 09:31:52,107.345,107.35,2,107.23,200,107.46,100,107.46,107.23,107.23,200,107.22,900,107.14,600,107.09,300,107.05,100,107.03,300,107.0,1200,106.65,2100,106.6,300,,,107.46,100,107.47,100,107.55,700,107.56,500,107.57,700,107.63,400,107.66,200,107.67,100,107.72,300,107.74,100
2026-02-05 09:31:53,107.49,107.51,1,107.37,200,107.61,900,107.61,107.37,107.37,200,107.24,500,107.23,600,107.22,900,107.14,600,107.09,300,107.05,100,107.03,300,107.0,1200,106.65,2100,107.61,900,107.62,100,107.63,400,107.66,200,107.67,100,107.72,300,107.74,100,107.78,700,107.79,800,107.85,600
2026-02-05 09:31:54,107.5,107.46,1,107.37,500,107.63,800,107.63,107.37,107.37,500,107.24,500,107.23,600,107.22,900,107.14,600,107.09,300,107.05,100,107.03,300,107.0,1200,106.65,2100,107.63,800,107.66,200,107.67,100,107.72,300,107.74,100,107.78,700,107.79,800,107.85,600,107.86,100,107.87,600
2026-02-05 09:31:55,107.495,107.46,1,107.37,600,107.62,1000,107.62,107.37,107.37,600,107.24,500,107.23,600,107.22,900,107.14,600,107.09,300,107.05,100,107.03,300,107.0,1200,106.65,2100,107.62,1000,107.63,800,107.66,200,107.67,100,107.72,300,107.74,100,107.78,700,107.79,800,107.85,600,107.86,100
2026-02-05 09:31:56,107.495,107.46,1,107.37,600,107.62,1200,107.62,107.37,107.37,600,107.24,500,107.23,600,107.22,900,107.14,600,107.09,300,107.05,100,107.03,300,107.0,1200,106.65,2100,107.62,1200,107.63,800,107.66,200,107.67,100,107.72,300,107.74,100,107.78,700,107.79,800,107.85,600,107.86,100
2026-02-05 09:31:57,107.495,107.46,1,107.37,700,107.62,1200,107.62,107.37,107.37,700,107.24,500,107.23,600,107.22,900,107.14,600,107.09,300,107.05,100,107.03,300,107.0,1200,106.65,2100,107.62,1200,107.63,800,107.66,200,107.67,100,107.72,300,107.74,100,107.78,700,107.79,800,107.85,600,107.86,100
2026-02-05 09:31:58,107.495,107.46,1,107.37,700,107.62,1200,107.62,107.37,107.37,700,107.24,500,107.23,600,107.22,900,107.14,600,107.09,300,107.05,100,107.03,300,107.0,1200,106.65,2100,107.62,1200,107.63,800,107.66,200,107.67,100,107.72,300,107.74,100,107.78,700,107.79,800,107.85,600,107.86,100
2026-02-05 09:31:59,107.495,107.46,1,107.37,700,107.62,1200,107.62,107.37,107.37,700,107.24,500,107.23,600,107.22,900,107.14,600,107.09,300,107.05,100,107.03,300,107.0,1200,106.65,2100,107.62,1200,107.63,800,107.66,200,107.67,100,107.72,300,107.74,100,107.78,700,107.79,800,107.85,600,107.86,100
2026-02-05 09:32:00,107.495,107.46,1,107.37,700,107.62,1200,107.62,107.37,107.37,700,107.24,500,107.23,600,107.22,900,107.14,600,107.09,300,107.05,100,107.03,300,107.0,1200,106.65,2100,107.62,1200,107.63,800,107.66,200,107.67,100,107.72,300,107.74,100,107.78,700,107.79,800,107.85,600,107.86,100
2026-02-05 09:32:01,107.495,107.46,1,107.37,800,107.62,1200,107.62,107.37,107.37,800,107.24,500,107.23,600,107.22,900,107.14,600,107.09,300,107.05,100,107.03,300,107.0,1200,106.65,2100,107.62,1200,107.63,800,107.66,200,107.67,100,107.72,300,107.74,100,107.78,700,107.79,800,107.85,600,107.86,100
2026-02-05 09:32:02,107.495,107.46,1,107.37,800,107.62,1200,107.62,107.37,107.37,800,107.24,500,107.23,600,107.22,900,107.14,600,107.09,300,107.05,100,107.03,300,107.0,1200,106.65,2100,107.62,1200,107.63,800,107.66,200,107.67,100,107.72,300,107.74,100,107.78,700,107.79,800,107.85,600,107.86,100
2026-02-05 09:32:03,107.495,107.46,1,107.37,900,107.62,1200,107.62,107.37,107.37,900,107.24,500,107.23,600,107.22,900,107.14,600,107.09,300,107.05,100,107.03,300,107.0,1200,106.65,2100,107.62,1200,107.63,800,107.66,200,107.67,100,107.72,300,107.74,100,107.78,700,107.79,800,107.85,600,107.86,100
2026-02-05 09:32:04,107.495,107.46,1,107.37,800,107.62,1200,107.62,107.37,107.37,800,107.24,500,107.23,600,107.22,900,107.14,600,107.09,300,107.05,100,107.03,300,107.0,1200,106.65,2100,107.62,1200,107.63,800,107.66,200,107.67,100,107.72,300,107.74,100,107.78,700,107.79,800,107.85,600,107.86,100
2026-02-05 09:32:05,107.495,107.46,1,107.37,800,107.62,1200,107.62,107.37,107.37,800,107.24,500,107.23,600,107.22,900,107.14,600,107.09,300,107.05,100,107.03,300,107.0,1200,106.65,2100,107.62,1200,107.63,800,107.66,200,107.67,100,107.72,300,107.74,100,107.78,700,107.79,800,107.85,600,107.86,100
2026-02-05 09:32:06,107.495,107.46,1,107.37,1200,107.62,1200,107.62,107.37,107.37,1200,107.24,500,107.23,600,107.22,900,107.14,600,107.09,300,107.05,100,107.03,300,107.0,1200,106.65,2100,107.62,1200,107.63,800,107.66,200,107.67,100,107.72,300,107.74,100,107.78,700,107.79,800,107.85,600,107.86,100
2026-02-05 09:32:07,107.495,107.46,1,107.37,1200,107.62,1200,107.62,107.37,107.37,1200,107.24,500,107.23,600,107.22,900,107.14,600,107.09,300,107.05,100,107.03,300,107.0,1200,106.65,2100,107.62,1200,107.63,800,107.66,200,107.67,100,107.72,300,107.74,100,107.78,700,107.79,800,107.85,600,107.86,100
2026-02-05 09:32:08,107.5,107.46,1,107.38,400,107.62,1200,107.62,107.38,107.38,400,107.37,1400,107.24,500,107.23,600,107.22,900,107.14,600,107.09,300,107.05,100,107.03,300,107.0,1200,107.62,1200,107.63,800,107.66,200,107.67,100,107.72,300,107.74,100,107.78,700,107.79,800,107.85,600,107.86,100
2026-02-05 09:32:09,107.495,107.46,1,107.37,1400,107.62,1200,107.62,107.37,107.37,1400,107.24,500,107.23,600,107.22,900,107.14,600,107.09,300,107.05,100,107.03,300,107.0,1200,106.65,2100,107.62,1200,107.63,800,107.66,200,107.67,100,107.72,300,107.74,100,107.78,700,107.79,800,107.85,600,107.86,100
2026-02-05 09:32:10,107.495,107.46,1,107.37,2000,107.62,1200,107.62,107.37,107.37,2000,107.24,500,107.23,600,107.22,900,107.14,600,107.09,300,107.05,100,107.03,300,107.0,1200,106.65,2100,107.62,1200,107.63,800,107.66,200,107.67,100,107.72,300,107.74,100,107.78,700,107.79,800,107.85,600,107.86,100
2026-02-05 09:32:11,107.495,107.46,1,107.37,2200,107.62,1200,107.62,107.37,107.37,2200,107.24,500,107.23,600,107.22,900,107.14,600,107.09,300,107.05,100,107.03,300,107.0,1200,106.65,2100,107.62,1200,107.63,800,107.66,200,107.67,100,107.72,300,107.74,100,107.78,700,107.79,800,107.85,600,107.86,100
2026-02-05 09:32:12,107.495,107.62,1,107.37,1700,107.62,1200,107.62,107.37,107.37,1700,107.24,500,107.23,600,107.22,900,107.14,600,107.09,300,107.05,100,107.03,300,107.0,1200,106.65,2100,107.62,1200,107.63,800,107.66,200,107.67,100,107.72,300,107.74,100,107.78,700,107.79,800,107.85,600,107.86,100
2026-02-05 09:32:13,107.5,107.62,1,107.38,500,107.62,1200,107.62,107.38,107.38,500,107.37,2000,107.24,500,107.23,600,107.22,900,107.14,600,107.09,300,107.05,100,107.03,300,107.0,1200,107.62,1200,107.63,800,107.66,200,107.67,100,107.72,300,107.74,100,107.78,700,107.79,800,107.85,600,107.86,100
2026-02-05 09:32:14,107.58,107.62,1,107.5,300,107.66,300,107.66,107.5,107.5,300,107.41,600,107.38,600,107.37,2400,107.24,500,107.23,600,107.22,900,107.14,600,107.09,300,107.05,100,107.66,300,107.67,100,107.72,300,107.74,100,107.78,700,107.79,800,107.85,600,107.86,100,107.87,600,107.9,1400
2026-02-05 09:32:15,107.58,107.58,1,107.5,1400,107.66,300,107.66,107.5,107.5,1400,107.41,600,107.38,600,107.37,2400,107.24,500,107.23,600,107.22,900,107.14,600,107.09,300,107.05,100,107.66,300,107.67,100,107.72,300,107.74,100,107.78,700,107.79,800,107.85,600,107.86,100,107.87,600,107.9,1400
2026-02-05 09:32:16,107.58,107.58,1,107.5,1600,107.66,300,107.66,107.5,107.5,1600,107.41,600,107.38,600,107.37,2400,107.24,500,107.23,600,107.22,900,107.14,600,107.09,300,107.05,100,107.66,300,107.67,100,107.72,300,107.74,100,107.78,700,107.79,800,107.85,600,107.86,100,107.87,600,107.9,1400
2026-02-05 09:32:17,107.58,107.62,1,107.5,1600,107.66,300,107.66,107.5,107.5,1600,107.41,600,107.38,600,107.37,2400,107.24,500,107.23,600,107.22,900,107.14,600,107.09,300,107.05,100,107.66,300,107.67,100,107.72,300,107.74,100,107.78,700,107.79,800,107.85,600,107.86,100,107.87,600,107.9,1400
2026-02-05 09:32:18,107.75,107.83,1,107.67,200,107.83,400,107.83,107.67,107.67,200,107.64,1100,107.58,1600,107.56,1600,107.51,400,107.5,1600,107.41,600,107.38,600,107.37,2400,107.24,500,107.83,400,107.85,600,107.86,100,107.87,600,107.9,1400,107.98,2200,,,,,,,,
2026-02-05 09:32:19,107.96,107.98,1,107.93,100,107.99,1200,107.99,107.93,107.93,100,107.91,700,107.89,500,107.83,200,107.77,100,107.76,1300,107.74,100,107.73,700,107.68,100,107.67,700,107.99,1200,,,,,,,,,,,,,,,,,,
2026-02-05 09:32:20,107.91,107.99,1,107.83,2000,107.99,1400,107.99,107.83,107.83,2000,107.77,100,107.76,1300,107.74,100,107.73,700,107.68,100,107.67,700,107.64,1100,107.58,1600,107.56,1600,107.99,1400,,,,,,,,,,,,,,,,,,
2026-02-05 09:32:21,107.91,107.91,1,107.83,2200,107.99,1400,107.99,107.83,107.83,2200,107.77,100,107.76,1300,107.74,100,107.73,700,107.68,100,107.67,700,107.64,1100,107.58,1600,107.56,1600,107.99,1400,,,,,,,,,,,,,,,,,,
2026-02-05 09:32:22,107.91,107.91,1,107.83,2200,107.99,1400,107.99,107.83,107.83,2200,107.77,100,107.76,1300,107.74,100,107.73,700,107.68,100,107.67,700,107.64,1100,107.58,1600,107.56,1600,107.99,1400,,,,,,,,,,,,,,,,,,
2026-02-05 09:32:23,107.91,107.91,1,107.83,2200,107.99,1400,107.99,107.83,107.83,2200,107.77,100,107.76,1300,107.74,100,107.73,700,107.68,100,107.67,700,107.64,1100,107.58,1600,107.56,1600,107.99,1400,,,,,,,,,,,,,,,,,,
2026-02-05 09:32:24,107.91,107.91,1,107.83,2300,107.99,1400,107.99,107.83,107.83,2300,107.77,100,107.76,1300,107.74,100,107.73,700,107.68,100,107.67,700,107.64,1100,107.58,1600,107.56,1600,107.99,1400,,,,,,,,,,,,,,,,,,
2026-02-05 09:32:25,107.91,107.91,1,107.83,2300,107.99,1400,107.99,107.83,107.83,2300,107.77,100,107.76,1300,107.74,100,107.73,700,107.68,100,107.67,700,107.64,1100,107.58,1600,107.56,1600,107.99,1400,,,,,,,,,,,,,,,,,,
2026-02-05 09:32:26,107.91,107.96,1,107.83,2300,107.99,1400,107.99,107.83,107.83,2300,107.77,100,107.76,1300,107.74,100,107.73,700,107.68,100,107.67,700,107.64,1100,107.58,1600,107.56,1600,107.99,1400,,,,,,,,,,,,,,,,,,
2026-02-05 09:32:27,107.91,107.96,1,107.83,2400,107.99,1400,107.99,107.83,107.83,2400,107.77,100,107.76,1300,107.74,100,107.73,700,107.68,100,107.67,700,107.64,1100,107.58,1600,107.56,1600,107.99,1400,,,,,,,,,,,,,,,,,,
2026-02-05 09:32:28,107.91,107.91,1,107.83,2300,107.99,1400,107.99,107.83,107.83,2300,107.77,100,107.76,1300,107.74,100,107.73,700,107.68,100,107.67,700,107.64,1100,107.58,1600,107.56,1600,107.99,1400,,,,,,,,,,,,,,,,,,
2026-02-05 09:32:29,107.91,107.91,1,107.83,2700,107.99,1400,107.99,107.83,107.83,2700,107.77,100,107.76,1300,107.74,100,107.73,700,107.68,100,107.67,700,107.64,1100,107.58,1600,107.56,1600,107.99,1400,,,,,,,,,,,,,,,,,,
2026-02-05 09:32:30,107.91,107.91,1,107.83,2700,107.99,1400,107.99,107.83,107.83,2700,107.77,100,107.76,1300,107.74,100,107.73,700,107.68,100,107.67,700,107.64,1100,107.58,1600,107.56,1600,107.99,1400,,,,,,,,,,,,,,,,,,
2026-02-05 09:32:31,108.025,107.98,1,107.95,2200,108.1,300,108.1,107.95,107.95,2200,107.94,300,107.9,2400,107.84,400,107.83,2700,107.77,100,107.76,1300,107.74,100,107.73,700,107.68,100,108.1,300,,,,,,,,,,,,,,,,,,
2026-02-05 09:32:32,108.025,107.98,1,107.95,2200,108.1,300,108.1,107.95,107.95,2200,107.94,300,107.9,2400,107.84,400,107.83,2700,107.77,100,107.76,1300,107.74,100,107.73,700,107.68,100,108.1,300,,,,,,,,,,,,,,,,,,
2026-02-05 09:32:33,108.025,107.98,1,107.95,2200,108.1,300,108.1,107.95,107.95,2200,107.94,300,107.9,2400,107.84,400,107.83,2700,107.77,100,107.76,1300,107.74,100,107.73,700,107.68,100,108.1,300,,,,,,,,,,,,,,,,,,
2026-02-05 09:32:34,108.025,108.03,1,107.95,2200,108.1,300,108.1,107.95,107.95,2200,107.94,300,107.9,2400,107.84,400,107.83,2700,107.77,100,107.76,1300,107.74,100,107.73,700,107.68,100,108.1,300,,,,,,,,,,,,,,,,,,
2026-02-05 09:32:35,108.03,108.02,1,107.96,2000,108.1,300,108.1,107.96,107.96,2000,107.95,2500,107.94,300,107.9,2400,107.84,400,107.83,2700,107.77,100,107.76,1300,107.74,100,107.73,700,108.1,300,,,,,,,,,,,,,,,,,,
2026-02-05 09:32:36,108.03,108.03,1,107.96,2000,108.1,300,108.1,107.96,107.96,2000,107.95,2500,107.94,300,107.9,2400,107.84,400,107.83,2700,107.77,100,107.76,1300,107.74,100,107.73,700,108.1,300,,,,,,,,,,,,,,,,,,
2026-02-05 09:32:37,108.03,108.03,1,107.96,2000,108.1,300,108.1,107.96,107.96,2000,107.95,2500,107.94,300,107.9,2400,107.84,400,107.83,2700,107.77,100,107.76,1300,107.74,100,107.73,700,108.1,300,,,,,,,,,,,,,,,,,,
2026-02-05 09:32:38,108.03,108.03,1,107.96,2600,108.1,300,108.1,107.96,107.96,2600,107.95,2500,107.94,300,107.9,2400,107.84,400,107.83,2700,107.77,100,107.76,1300,107.74,100,107.73,700,108.1,300,,,,,,,,,,,,,,,,,,
2026-02-05 09:32:39,108.08,108.04,1,107.97,700,108.19,600,108.19,107.97,107.97,700,107.96,100,107.95,2200,107.94,300,107.9,2400,107.84,400,107.83,2700,107.77,100,107.76,1300,107.74,100,108.19,600,,,,,,,,,,,,,,,,,,
2026-02-05 09:32:40,108.08,108.04,1,107.97,700,108.19,600,108.19,107.97,107.97,700,107.96,100,107.95,2200,107.94,300,107.9,2400,107.84,400,107.83,2700,107.77,100,107.76,1300,107.74,100,108.19,600,,,,,,,,,,,,,,,,,,
2026-02-05 09:32:41,108.105,108.04,1,108.02,500,108.19,600,108.19,108.02,108.02,500,107.97,700,107.96,100,107.95,2200,107.94,300,107.9,2400,107.84,400,107.83,2700,107.77,100,107.76,1300,108.19,600,,,,,,,,,,,,,,,,,,
2026-02-05 09:32:42,108.105,108.04,1,108.02,500,108.19,600,108.19,108.02,108.02,500,107.97,700,107.96,100,107.95,2200,107.94,300,107.9,2400,107.84,400,107.83,2700,107.77,100,107.76,1300,108.19,600,,,,,,,,,,,,,,,,,,
2026-02-05 09:32:43,108.105,108.02,1,108.02,500,108.19,600,108.19,108.02,108.02,500,107.97,700,107.96,100,107.95,2200,107.94,300,107.9,2400,107.84,400,107.83,2700,107.77,100,107.76,1300,108.19,600,,,,,,,,,,,,,,,,,,
2026-02-05 09:32:44,108.1,108.1,1,108.02,500,108.18,600,108.18,108.02,108.02,500,107.97,700,107.96,100,107.95,2200,107.94,300,107.9,2400,107.84,400,107.83,2700,107.77,100,107.76,1300,108.18,600,108.19,600,,,,,,,,,,,,,,,,
2026-02-05 09:32:45,108.1,108.1,1,108.02,500,108.18,700,108.18,108.02,108.02,500,107.97,700,107.96,100,107.95,2200,107.94,300,107.9,2400,107.84,400,107.83,2700,107.77,100,107.76,1300,108.18,700,108.19,600,,,,,,,,,,,,,,,,
2026-02-05 09:32:46,108.1,108.1,1,108.02,500,108.18,700,108.18,108.02,108.02,500,107.97,700,107.96,100,107.95,2200,107.94,300,107.9,2400,107.84,400,107.83,2700,107.77,100,107.76,1300,108.18,700,108.19,600,,,,,,,,,,,,,,,,
2026-02-05 09:32:47,108.1,108.1,1,108.02,500,108.18,700,108.18,108.02,108.02,500,107.97,700,107.96,100,107.95,2200,107.94,300,107.9,2400,107.84,400,107.83,2700,107.77,100,107.76,1300,108.18,700,108.19,600,,,,,,,,,,,,,,,,
2026-02-05 09:32:48,108.125,108.13,1,108.07,300,108.18,1100,108.18,108.07,108.07,300,108.02,500,107.97,700,107.96,100,107.95,2200,107.94,300,107.9,2400,107.84,400,107.83,2700,107.77,100,108.18,1100,108.19,600,,,,,,,,,,,,,,,,
2026-02-05 09:32:49,108.125,108.13,1,108.07,700,108.18,1100,108.18,108.07,108.07,700,108.02,500,107.97,700,107.96,100,107.95,2200,107.94,300,107.9,2400,107.84,400,107.83,2700,107.77,100,108.18,1100,108.19,600,,,,,,,,,,,,,,,,
2026-02-05 09:32:50,108.11,108.11,1,108.07,900,108.15,100,108.15,108.07,108.07,900,108.02,500,107.97,700,107.96,100,107.95,2200,107.94,300,107.9,2400,107.84,400,107.83,2700,107.77,100,108.15,100,108.17,100,108.18,1300,108.19,600,,,,,,,,,,,,
2026-02-05 09:32:51,108.065,108.07,1,108.02,1600,108.11,100,108.11,108.02,108.02,1600,107.97,700,107.96,100,107.95,2200,107.94,300,107.9,2400,107.84,400,107.83,2700,107.77,100,107.76,1300,108.11,100,108.14,600,108.15,600,108.17,100,108.18,1300,108.19,600,,,,,,,,
2026-02-05 09:32:52,108.065,108.07,1,108.02,1600,108.11,100,108.11,108.02,108.02,1600,107.97,700,107.96,100,107.95,2200,107.94,300,107.9,2400,107.84,400,107.83,2700,107.77,100,107.76,1300,108.11,100,108.14,600,108.15,600,108.17,100,108.18,1300,108.19,600,,,,,,,,
2026-02-05 09:32:53,108.065,108.03,1,108.02,1700,108.11,100,108.11,108.02,108.02,1700,107.97,700,107.96,100,107.95,2200,107.94,300,107.9,2400,107.84,400,107.83,2700,107.77,100,107.76,1300,108.11,100,108.14,600,108.15,600,108.17,100,108.18,1300,108.19,600,,,,,,,,
2026-02-05 09:32:54,108.07,108.07,1,108.03,700,108.11,100,108.11,108.03,108.03,700,108.02,1700,107.97,700,107.96,100,107.95,2200,107.94,300,107.9,2400,107.84,400,107.83,2700,107.77,100,108.11,100,108.12,100,108.15,400,108.17,100,108.18,1300,108.19,600,,,,,,,,
2026-02-05 09:32:55,108.11,108.13,1,108.07,300,108.15,500,108.15,108.07,108.07,300,108.05,100,108.03,700,108.02,1700,107.97,700,107.96,100,107.95,2200,107.94,300,107.9,2400,107.84,400,108.15,500,108.17,100,108.18,1300,108.19,600,,,,,,,,,,,,
2026-02-05 09:32:56,108.09,108.05,1,108.04,900,108.14,100,108.14,108.04,108.04,900,108.03,700,108.02,1700,107.97,700,107.96,100,107.95,2200,107.94,300,107.9,2400,107.84,400,107.83,2700,108.14,100,108.15,1500,108.17,100,108.18,1300,108.19,600,,,,,,,,,,
2026-02-05 09:32:57,108.08,108.08,1,108.02,1700,108.14,200,108.14,108.02,108.02,1700,107.97,700,107.96,100,107.95,2200,107.94,300,107.9,2400,107.84,400,107.83,2700,107.77,100,107.76,1300,108.14,200,108.15,1500,108.17,100,108.18,1300,108.19,600,,,,,,,,,,
2026-02-05 09:32:58,108.08,108.08,1,108.02,1700,108.14,200,108.14,108.02,108.02,1700,107.97,700,107.96,100,107.95,2200,107.94,300,107.9,2400,107.84,400,107.83,2700,107.77,100,107.76,1300,108.14,200,108.15,1500,108.17,100,108.18,1300,108.19,600,,,,,,,,,,
2026-02-05 09:32:59,108.03,107.96,1,107.95,400,108.11,600,108.11,107.95,107.95,400,107.94,300,107.9,2400,107.84,400,107.83,2700,107.77,100,107.76,1300,107.74,100,107.73,700,107.68,100,108.11,600,108.12,900,108.14,200,108.15,1500,108.17,100,108.18,1300,108.19,600,,,,,,
2026-02-05 09:33:00,107.985,107.95,1,107.9,200,108.07,1000,108.07,107.9,107.9,200,107.84,400,107.83,2700,107.77,100,107.76,1300,107.74,100,107.73,700,107.68,100,107.67,700,107.64,1100,108.07,1000,108.08,100,108.11,400,108.12,900,108.14,200,108.15,1500,108.17,100,108.18,1300,108.19,600,,
2026-02-05 09:33:01,107.97,107.97,3,107.91,100,108.03,200,108.03,107.91,107.91,100,107.9,400,107.84,400,107.83,2700,107.77,100,107.76,1300,107.74,100,107.73,700,107.68,100,107.67,700,108.03,200,108.07,1000,108.08,100,108.11,400,108.12,900,108.14,200,108.15,1500,108.17,100,108.18,1300,108.19,600
2026-02-05 09:33:02,107.97,107.97,3,107.91,300,108.03,200,108.03,107.91,107.91,300,107.9,400,107.84,400,107.83,2700,107.77,100,107.76,1300,107.74,100,107.73,700,107.68,100,107.67,700,108.03,200,108.07,1000,108.08,100,108.11,400,108.12,900,108.14,200,108.15,1500,108.17,100,108.18,1300,108.19,600
2026-02-05 09:33:03,108.13,108.12,1,108.07,600,108.19,700,108.19,108.07,108.07,600,108.06,500,108.03,100,107.93,400,107.92,800,107.91,500,107.9,400,107.84,400,107.83,2700,107.77,100,108.19,700,108.2,400,,,,,,,,,,,,,,,,
2026-02-05 09:33:04,108.145,108.12,1,108.07,200,108.22,200,108.22,108.07,108.07,200,108.06,500,108.03,100,107.93,400,107.92,800,107.91,500,107.9,400,107.84,400,107.83,2700,107.77,100,108.22,200,,,,,,,,,,,,,,,,,,
2026-02-05 09:33:05,108.15,108.15,1,108.07,200,108.23,600,108.23,108.07,108.07,200,108.06,500,108.03,100,107.93,400,107.92,800,107.91,500,107.9,400,107.84,400,107.83,2700,107.77,100,108.23,600,,,,,,,,,,,,,,,,,,
2026-02-05 09:33:06,108.15,108.15,1,108.07,200,108.23,1200,108.23,108.07,108.07,200,108.06,500,108.03,100,107.93,400,107.92,800,107.91,500,107.9,400,107.84,400,107.83,2700,107.77,100,108.23,1200,,,,,,,,,,,,,,,,,,
2026-02-05 09:33:07,108.15,108.2,5,108.07,400,108.23,800,108.23,108.07,108.07,400,108.06,500,108.03,100,107.93,400,107.92,800,107.91,500,107.9,400,107.84,400,107.83,2700,107.77,100,108.23,800,,,,,,,,,,,,,,,,,,
2026-02-05 09:33:08,108.145,108.2,5,108.07,400,108.22,1100,108.22,108.07,108.07,400,108.06,500,108.03,100,107.93,400,107.92,800,107.91,500,107.9,400,107.84,400,107.83,2700,107.77,100,108.22,1100,108.23,900,,,,,,,,,,,,,,,,
2026-02-05 09:33:09,108.145,108.17,1,108.07,600,108.22,1600,108.22,108.07,108.07,600,108.06,500,108.03,100,107.93,400,107.92,800,107.91,500,107.9,400,107.84,400,107.83,2700,107.77,100,108.22,1600,108.23,900,,,,,,,,,,,,,,,,
2026-02-05 09:33:10,108.145,108.17,1,108.07,500,108.22,1700,108.22,108.07,108.07,500,108.06,500,108.03,100,107.93,400,107.92,800,107.91,500,107.9,400,107.84,400,107.83,2700,107.77,100,108.22,1700,108.23,900,,,,,,,,,,,,,,,,
2026-02-05 09:33:11,108.13,108.07,1,108.07,300,108.19,1300,108.19,108.07,108.07,300,108.06,700,108.03,100,107.93,400,107.92,800,107.91,500,107.9,400,107.84,400,107.83,2700,107.77,100,108.19,1300,108.21,500,108.22,1700,108.23,900,,,,,,,,,,,,
2026-02-05 09:33:12,108.14,108.07,1,108.07,300,108.21,1500,108.21,108.07,108.07,300,108.06,700,108.03,100,107.93,400,107.92,800,107.91,500,107.9,400,107.84,400,107.83,2700,107.77,100,108.21,1500,108.23,900,,,,,,,,,,,,,,,,
2026-02-05 09:33:13,108.14,108.07,1,108.07,500,108.21,600,108.21,108.07,108.07,500,108.06,700,108.03,100,107.93,400,107.92,800,107.91,500,107.9,400,107.84,400,107.83,2700,107.77,100,108.21,600,108.23,900,,,,,,,,,,,,,,,,
2026-02-05 09:33:14,108.115,108.09,2,108.04,300,108.19,300,108.19,108.04,108.04,300,108.03,100,107.93,400,107.92,800,107.91,500,107.9,400,107.84,400,107.83,2700,107.77,100,107.76,1300,108.19,300,108.2,700,108.21,1100,108.23,900,,,,,,,,,,,,
2026-02-05 09:33:15,108.105,108.02,1,108.02,400,108.19,100,108.19,108.02,108.02,400,107.99,500,107.95,500,107.94,500,107.93,1100,107.92,800,107.91,500,107.9,400,107.84,400,107.83,2700,108.19,100,108.2,400,108.21,900,108.24,400,108.25,100,,,,,,,,,,
2026-02-05 09:33:16,108.11,108.11,1,108.02,400,108.2,500,108.2,108.02,108.02,400,107.99,500,107.95,500,107.94,500,107.93,1100,107.92,800,107.91,500,107.9,400,107.84,400,107.83,2700,108.2,500,108.21,900,108.24,400,108.25,100,,,,,,,,,,,,
2026-02-05 09:33:17,108.11,108.02,1,108.02,400,108.2,500,108.2,108.02,108.02,400,107.99,500,107.95,500,107.94,500,107.93,1100,107.92,800,107.91,500,107.9,400,107.84,400,107.83,2700,108.2,500,108.21,900,108.24,400,108.25,100,,,,,,,,,,,,
2026-02-05 09:33:18,108.105,108.02,1,108.02,400,108.19,200,108.19,108.02,108.02,400,107.99,500,107.95,500,107.94,500,107.93,1100,107.92,800,107.91,500,107.9,400,107.84,400,107.83,2700,108.19,200,108.2,1500,108.21,900,108.24,400,108.25,100,,,,,,,,,,
2026-02-05 09:33:19,108.105,108.02,1,108.02,400,108.19,200,108.19,108.02,108.02,400,107.99,500,107.95,500,107.94,500,107.93,1100,107.92,800,107.91,500,107.9,400,107.84,400,107.83,2700,108.19,200,108.2,1500,108.21,900,108.24,400,108.25,100,,,,,,,,,,
2026-02-05 09:33:20,108.035,108.03,1,107.97,700,108.1,200,108.1,107.97,107.97,700,107.96,100,107.95,600,107.94,400,107.93,1100,107.92,800,107.91,500,107.9,400,107.84,400,107.83,2700,108.1,200,108.13,500,108.19,200,108.2,1500,108.21,900,108.24,400,108.25,100,,,,,,
2026-02-05 09:33:21,108.1,108.04,1,108.01,900,108.19,300,108.19,108.01,108.01,900,108.0,1200,107.98,800,107.97,1100,107.96,100,107.95,600,107.94,400,107.93,1100,107.92,800,107.91,500,108.19,300,108.2,1500,108.21,900,108.24,400,108.25,100,,,,,,,,,,
2026-02-05 09:33:22,108.1,108.1,1,108.01,1300,108.19,300,108.19,108.01,108.01,1300,108.0,1200,107.98,800,107.97,1100,107.96,100,107.95,600,107.94,400,107.93,1100,107.92,800,107.91,500,108.19,300,108.2,1500,108.21,900,108.24,400,108.25,100,,,,,,,,,,
2026-02-05 09:33:23,108.185,108.19,1,108.1,100,108.27,600,108.27,108.1,108.1,100,108.05,100,108.04,500,108.03,700,108.02,800,108.01,1300,108.0,1200,107.98,800,107.97,1100,107.96,100,108.27,600,,,,,,,,,,,,,,,,,,
2026-02-05 09:33:24,108.185,108.19,1,108.1,100,108.27,600,108.27,108.1,108.1,100,108.05,100,108.04,500,108.03,700,108.02,800,108.01,1300,108.0,1200,107.98,800,107.97,1100,107.96,100,108.27,600,,,,,,,,,,,,,,,,,,
2026-02-05 09:33:25,108.185,108.19,1,108.1,100,108.27,600,108.27,108.1,108.1,100,108.05,100,108.04,500,108.03,700,108.02,800,108.01,1300,108.0,1200,107.98,800,107.97,1100,107.96,100,108.27,600,,,,,,,,,,,,,,,,,,
2026-02-05 09:33:26,108.185,108.12,1,108.11,500,108.26,200,108.26,108.11,108.11,500,108.1,100,108.05,100,108.04,500,108.03,700,108.02,800,108.01,1300,108.0,1200,107.98,800,107.97,1100,108.26,200,108.28,500,,,,,,,,,,,,,,,,
2026-02-05 09:33:27,108.185,108.12,1,108.11,500,108.26,200,108.26,108.11,108.11,500,108.1,100,108.05,100,108.04,500,108.03,700,108.02,800,108.01,1300,108.0,1200,107.98,800,107.97,1100,108.26,200,108.28,500,,,,,,,,,,,,,,,,
2026-02-05 09:33:28,108.185,108.12,1,108.11,400,108.26,200,108.26,108.11,108.11,400,108.1,100,108.05,100,108.04,500,108.03,700,108.02,800,108.01,1300,108.0,1200,107.98,800,107.97,1100,108.26,200,108.28,500,,,,,,,,,,,,,,,,
2026-02-05 09:33:29,108.195,108.25,2,108.11,1100,108.28,700,108.28,108.11,108.11,1100,108.1,100,108.05,100,108.04,500,108.03,700,108.02,800,108.01,1300,108.0,1200,107.98,800,107.97,1100,108.28,700,,,,,,,,,,,,,,,,,,
2026-02-05 09:33:30,108.185,108.18,3,108.11,1400,108.26,1000,108.26,108.11,108.11,1400,108.1,100,108.05,100,108.04,500,108.03,700,108.02,800,108.01,1300,108.0,1200,107.98,800,107.97,1100,108.26,1000,108.28,800,,,,,,,,,,,,,,,,
2026-02-05 09:33:31,108.185,108.11,1,108.11,1500,108.26,1100,108.26,108.11,108.11,1500,108.1,100,108.05,100,108.04,500,108.03,700,108.02,800,108.01,1300,108.0,1200,107.98,800,107.97,1100,108.26,1100,108.28,800,,,,,,,,,,,,,,,,
2026-02-05 09:33:32,108.185,108.12,1,108.11,1500,108.26,800,108.26,108.11,108.11,1500,108.1,100,108.05,100,108.04,500,108.03,700,108.02,800,108.01,1300,108.0,1200,107.98,800,107.97,1100,108.26,800,108.28,800,,,,,,,,,,,,,,,,
2026-02-05 09:33:33,108.185,108.12,1,108.11,1600,108.26,1000,108.26,108.11,108.11,1600,108.1,100,108.05,100,108.04,500,108.03,700,108.02,800,108.01,1300,108.0,1200,107.98,800,107.97,1100,108.26,1000,108.28,800,,,,,,,,,,,,,,,,
2026-02-05 09:33:34,108.185,108.2,1,108.11,1600,108.26,1200,108.26,108.11,108.11,1600,108.1,100,108.05,100,108.04,500,108.03,700,108.02,800,108.01,1300,108.0,1200,107.98,800,107.97,1100,108.26,1200,108.28,800,,,,,,,,,,,,,,,,
2026-02-05 09:33:35,108.26,108.26,1,108.2,200,108.32,1100,108.32,108.2,108.2,200,108.19,100,108.18,700,108.11,1600,108.1,100,108.05,100,108.04,500,108.03,700,108.02,800,108.01,1300,108.32,1100,108.33,800,,,,,,,,,,,,,,,,
2026-02-05 09:33:36,108.26,108.26,1,108.2,900,108.32,1100,108.32,108.2,108.2,900,108.19,100,108.18,700,108.11,1600,108.1,100,108.05,100,108.04,500,108.03,700,108.02,800,108.01,1300,108.32,1100,108.33,800,,,,,,,,,,,,,,,,
2026-02-05 09:33:37,108.33,108.32,1,108.26,100,108.4,300,108.4,108.26,108.26,100,108.25,1400,108.22,500,108.21,900,108.2,1300,108.19,100,108.18,700,108.11,1600,108.1,100,108.05,100,108.4,300,,,,,,,,,,,,,,,,,,
2026-02-05 09:33:38,108.33,108.32,1,108.26,100,108.4,300,108.4,108.26,108.26,100,108.25,1400,108.22,500,108.21,900,108.2,1300,108.19,100,108.18,700,108.11,1600,108.1,100,108.05,100,108.4,300,,,,,,,,,,,,,,,,,,
2026-02-05 09:33:39,108.32,108.32,1,108.25,1100,108.39,100,108.39,108.25,108.25,1100,108.22,500,108.21,900,108.2,1300,108.19,100,108.18,700,108.11,1600,108.1,100,108.05,100,108.04,500,108.39,100,108.4,300,,,,,,,,,,,,,,,,
2026-02-05 09:33:40,108.32,108.25,1,108.25,1100,108.39,1200,108.39,108.25,108.25,1100,108.22,500,108.21,900,108.2,1300,108.19,100,108.18,700,108.11,1600,108.1,100,108.05,100,108.04,500,108.39,1200,108.4,300,,,,,,,,,,,,,,,,
2026-02-05 09:33:41,108.19,108.25,1,108.11,1700,108.27,200,108.27,108.11,108.11,1700,108.1,100,108.05,100,108.04,500,108.03,700,108.02,800,108.01,1300,108.0,1200,107.98,800,107.97,1100,108.27,200,108.28,100,108.29,200,108.31,300,108.32,400,108.38,100,108.39,1000,108.4,300,,,,
2026-02-05 09:33:42,108.205,108.25,1,108.11,1700,108.3,200,108.3,108.11,108.11,1700,108.1,100,108.05,100,108.04,500,108.03,700,108.02,800,108.01,1300,108.0,1200,107.98,800,107.97,1100,108.3,200,108.31,300,108.32,400,108.38,100,108.39,1000,108.4,300,,,,,,,,
2026-02-05 09:33:43,108.205,108.25,1,108.11,1700,108.3,500,108.3,108.11,108.11,1700,108.1,100,108.05,100,108.04,500,108.03,700,108.02,800,108.01,1300,108.0,1200,107.98,800,107.97,1100,108.3,500,108.31,300,108.32,400,108.38,100,108.39,1000,108.4,300,,,,,,,,
2026-02-05 09:33:44,108.135,108.11,1,108.04,1200,108.23,200,108.23,108.04,108.04,1200,108.03,700,108.02,800,108.01,1300,108.0,1200,107.98,800,107.97,1100,107.96,100,107.95,600,107.94,400,108.23,200,108.29,100,108.3,500,108.31,300,108.32,400,108.38,100,108.39,1000,108.4,300,,,,
2026-02-05 09:33:45,108.135,108.11,1,108.04,1200,108.23,300,108.23,108.04,108.04,1200,108.03,700,108.02,800,108.01,1300,108.0,1200,107.98,800,107.97,1100,107.96,100,107.95,600,107.94,400,108.23,300,108.29,100,108.3,500,108.31,300,108.32,400,108.38,100,108.39,1000,108.4,300,,,,
2026-02-05 09:33:46,108.11,108.11,1,108.04,1400,108.18,200,108.18,108.04,108.04,1400,108.03,700,108.02,800,108.01,1300,108.0,1200,107.98,800,107.97,1100,107.96,100,107.95,600,107.94,400,108.18,200,108.19,100,108.2,500,108.21,100,108.23,300,108.29,100,108.3,500,108.31,300,108.32,400,108.38,100
2026-02-05 09:33:47,108.11,108.11,1,108.04,1400,108.18,200,108.18,108.04,108.04,1400,108.03,700,108.02,800,108.01,1300,108.0,1200,107.98,800,107.97,1100,107.96,100,107.95,600,107.94,400,108.18,200,108.19,100,108.2,500,108.21,100,108.23,300,108.29,100,108.3,500,108.31,300,108.32,400,108.38,100
2026-02-05 09:33:48,108.11,108.11,1,108.04,1000,108.18,200,108.18,108.04,108.04,1000,108.03,700,108.02,800,108.01,1300,108.0,1200,107.98,800,107.97,1100,107.96,100,107.95,600,107.94,400,108.18,200,108.19,100,108.2,500,108.21,100,108.23,300,108.29,100,108.3,500,108.31,300,108.32,400,108.38,100
2026-02-05 09:33:49,108.045,108.01,1,108.0,1400,108.09,900,108.09,108.0,108.0,1400,107.98,800,107.97,1100,107.96,100,107.95,600,107.94,400,107.93,1100,107.92,800,107.91,500,107.9,400,108.09,900,108.12,900,108.17,200,108.18,600,108.19,100,108.2,500,108.21,100,108.23,300,108.29,100,108.3,500
2026-02-05 09:33:50,108.02,108.06,1,107.95,100,108.09,800,108.09,107.95,107.95,100,107.94,400,107.93,1100,107.92,800,107.91,500,107.9,400,107.84,400,107.83,2700,107.77,100,107.76,1300,108.09,800,108.12,900,108.17,200,108.18,600,108.19,100,108.2,500,108.21,100,108.23,300,108.29,100,108.3,500
2026-02-05 09:33:51,108.02,108.02,1,107.95,100,108.09,800,108.09,107.95,107.95,100,107.94,400,107.93,1100,107.92,800,107.91,500,107.9,400,107.84,400,107.83,2700,107.77,100,107.76,1300,108.09,800,108.12,900,108.17,200,108.18,600,108.19,100,108.2,500,108.21,100,108.23,300,108.29,100,108.3,500
2026-02-05 09:33:52,108.02,108.02,1,107.95,100,108.09,800,108.09,107.95,107.95,100,107.94,400,107.93,1100,107.92,800,107.91,500,107.9,400,107.84,400,107.83,2700,107.77,100,107.76,1300,108.09,800,108.12,900,108.17,200,108.18,600,108.19,100,108.2,500,108.21,100,108.23,300,108.29,100,108.3,500
2026-02-05 09:33:53,108.01,107.93,1,107.93,700,108.09,1200,108.09,107.93,107.93,700,107.92,800,107.91,500,107.9,400,107.84,400,107.83,2700,107.77,100,107.76,1300,107.74,100,107.73,700,108.09,1200,108.12,900,108.17,200,108.18,600,108.19,100,108.2,500,108.21,100,108.23,300,108.29,100,108.3,500
2026-02-05 09:33:54,108.01,107.93,1,107.93,700,108.09,1400,108.09,107.93,107.93,700,107.92,800,107.91,500,107.9,400,107.84,400,107.83,2700,107.77,100,107.76,1300,107.74,100,107.73,700,108.09,1400,108.12,900,108.17,200,108.18,600,108.19,100,108.2,500,108.21,100,108.23,300,108.29,100,108.3,500
2026-02-05 09:33:55,108.0,108.0,2,107.92,300,108.08,200,108.08,107.92,107.92,300,107.91,500,107.9,400,107.84,400,107.83,2700,107.77,100,107.76,1300,107.74,100,107.73,700,107.68,100,108.08,200,108.09,1400,108.12,900,108.17,200,108.18,600,108.19,100,108.2,500,108.21,100,108.23,300,108.29,100
2026-02-05 09:33:56,108.0,108.0,1,107.92,300,108.08,300,108.08,107.92,107.92,300,107.91,500,107.9,400,107.84,400,107.83,2700,107.77,100,107.76,1300,107.74,100,107.73,700,107.68,100,108.08,300,108.09,1400,108.12,900,108.17,200,108.18,600,108.19,100,108.2,500,108.21,100,108.23,300,108.29,100
2026-02-05 09:33:57,108.0,108.0,1,107.92,300,108.08,300,108.08,107.92,107.92,300,107.91,500,107.9,400,107.84,400,107.83,2700,107.77,100,107.76,1300,107.74,100,107.73,700,107.68,100,108.08,300,108.09,1400,108.12,900,108.17,200,108.18,600,108.19,100,108.2,500,108.21,100,108.23,300,108.29,100
2026-02-05 09:33:58,108.0,108.0,1,107.92,500,108.08,300,108.08,107.92,107.92,500,107.91,500,107.9,400,107.84,400,107.83,2700,107.77,100,107.76,1300,107.74,100,107.73,700,107.68,100,108.08,300,108.09,1400,108.12,900,108.17,200,108.18,600,108.19,100,108.2,500,108.21,100,108.23,300,108.29,100
2026-02-05 09:33:59,108.0,107.98,10,107.92,800,108.08,300,108.08,107.92,107.92,800,107.91,500,107.9,400,107.84,400,107.83,2700,107.77,100,107.76,1300,107.74,100,107.73,700,107.68,100,108.08,300,108.09,1400,108.12,900,108.17,200,108.18,600,108.19,100,108.2,500,108.21,100,108.23,300,108.29,100
2026-02-05 09:34:00,108.015,108.06,1,107.94,600,108.09,400,108.09,107.94,107.94,600,107.93,100,107.92,800,107.91,500,107.9,400,107.84,400,107.83,2700,107.77,100,107.76,1300,107.74,100,108.09,400,108.1,100,108.11,100,108.12,900,108.17,200,108.18,600,108.19,100,108.2,500,108.21,100,108.23,300
2026-02-05 09:34:01,108.05,108.05,1,107.98,200,108.12,900,108.12,107.98,107.98,200,107.96,600,107.94,600,107.93,800,107.92,800,107.91,500,107.9,400,107.84,400,107.83,2700,107.77,100,108.12,900,108.17,200,108.18,600,108.19,100,108.2,500,108.21,100,108.23,300,108.29,100,108.3,500,108.31,300
2026-02-05 09:34:02,108.05,108.05,1,107.98,200,108.12,900,108.12,107.98,107.98,200,107.96,600,107.94,600,107.93,800,107.92,800,107.91,500,107.9,400,107.84,400,107.83,2700,107.77,100,108.12,900,108.17,200,108.18,600,108.19,100,108.2,500,108.21,100,108.23,300,108.29,100,108.3,500,108.31,300
2026-02-05 09:34:03,108.05,108.05,1,107.98,400,108.12,900,108.12,107.98,107.98,400,107.96,600,107.94,600,107.93,800,107.92,800,107.91,500,107.9,400,107.84,400,107.83,2700,107.77,100,108.12,900,108.17,200,108.18,600,108.19,100,108.2,500,108.21,100,108.23,300,108.29,100,108.3,500,108.31,300
2026-02-05 09:34:04,108.05,108.05,2,107.98,500,108.12,900,108.12,107.98,107.98,500,107.96,600,107.94,600,107.93,800,107.92,800,107.91,500,107.9,400,107.84,400,107.83,2700,107.77,100,108.12,900,108.17,200,108.18,600,108.19,100,108.2,500,108.21,100,108.23,300,108.29,100,108.3,500,108.31,300
2026-02-05 09:34:05,108.05,108.05,6,107.98,800,108.12,900,108.12,107.98,107.98,800,107.96,600,107.94,600,107.93,800,107.92,800,107.91,500,107.9,400,107.84,400,107.83,2700,107.77,100,108.12,900,108.17,200,108.18,600,108.19,100,108.2,500,108.21,100,108.23,300,108.29,100,108.3,500,108.31,300
2026-02-05 09:34:06,108.05,108.05,6,107.98,800,108.12,900,108.12,107.98,107.98,800,107.96,600,107.94,600,107.93,800,107.92,800,107.91,500,107.9,400,107.84,400,107.83,2700,107.77,100,108.12,900,108.17,200,108.18,600,108.19,100,108.2,500,108.21,100,108.23,300,108.29,100,108.3,500,108.31,300
2026-02-05 09:34:07,108.05,108.05,6,107.98,800,108.12,900,108.12,107.98,107.98,800,107.96,600,107.94,600,107.93,800,107.92,800,107.91,500,107.9,400,107.84,400,107.83,2700,107.77,100,108.12,900,108.17,200,108.18,600,108.19,100,108.2,500,108.21,100,108.23,300,108.29,100,108.3,500,108.31,300
2026-02-05 09:34:08,108.05,108.05,6,107.98,1600,108.12,900,108.12,107.98,107.98,1600,107.96,600,107.94,600,107.93,800,107.92,800,107.91,500,107.9,400,107.84,400,107.83,2700,107.77,100,108.12,900,108.17,200,108.18,600,108.19,100,108.2,500,108.21,100,108.23,300,108.29,100,108.3,500,108.31,300
2026-02-05 09:34:09,108.05,108.12,1,107.98,1400,108.12,800,108.12,107.98,107.98,1400,107.96,600,107.94,600,107.93,800,107.92,800,107.91,500,107.9,400,107.84,400,107.83,2700,107.77,100,108.12,800,108.17,200,108.18,600,108.19,100,108.2,500,108.21,100,108.23,300,108.29,100,108.3,500,108.31,300
2026-02-05 09:34:10,108.05,108.12,1,107.98,1400,108.12,800,108.12,107.98,107.98,1400,107.96,600,107.94,600,107.93,800,107.92,800,107.91,500,107.9,400,107.84,400,107.83,2700,107.77,100,108.12,800,108.17,200,108.18,600,108.19,100,108.2,500,108.21,100,108.23,300,108.29,100,108.3,500,108.31,300
2026-02-05 09:34:11,107.97,107.97,1,107.92,1200,108.02,400,108.02,107.92,107.92,1200,107.91,500,107.9,400,107.84,400,107.83,2700,107.77,100,107.76,1300,107.74,100,107.73,700,107.68,100,108.02,400,108.04,100,108.05,100,108.06,100,108.09,100,108.11,500,108.12,800,108.17,200,108.18,600,108.19,100
2026-02-05 09:34:12,107.97,107.97,1,107.92,1200,108.02,400,108.02,107.92,107.92,1200,107.91,500,107.9,400,107.84,400,107.83,2700,107.77,100,107.76,1300,107.74,100,107.73,700,107.68,100,108.02,400,108.04,100,108.05,100,108.06,100,108.09,100,108.11,500,108.12,800,108.17,200,108.18,600,108.19,100
2026-02-05 09:34:13,107.97,107.92,1,107.92,1200,108.02,400,108.02,107.92,107.92,1200,107.91,500,107.9,400,107.84,400,107.83,2700,107.77,100,107.76,1300,107.74,100,107.73,700,107.68,100,108.02,400,108.04,100,108.05,100,108.06,100,108.09,100,108.11,500,108.12,800,108.17,200,108.18,600,108.19,100
2026-02-05 09:34:14,107.97,107.92,1,107.92,1200,108.02,400,108.02,107.92,107.92,1200,107.91,500,107.9,400,107.84,400,107.83,2700,107.77,100,107.76,1300,107.74,100,107.73,700,107.68,100,108.02,400,108.04,100,108.05,100,108.06,100,108.09,100,108.11,500,108.12,800,108.17,200,108.18,600,108.19,100
2026-02-05 09:34:15,107.97,107.92,1,107.92,700,108.02,500,108.02,107.92,107.92,700,107.91,500,107.9,400,107.84,400,107.83,2700,107.77,100,107.76,1300,107.74,100,107.73,700,107.68,100,108.02,500,108.04,100,108.05,100,108.06,100,108.09,100,108.11,500,108.12,800,108.17,200,108.18,600,108.19,100
2026-02-05 09:34:16,107.97,107.92,1,107.92,700,108.02,500,108.02,107.92,107.92,700,107.91,500,107.9,400,107.84,400,107.83,2700,107.77,100,107.76,1300,107.74,100,107.73,700,107.68,100,108.02,500,108.04,100,108.05,100,108.06,100,108.09,100,108.11,500,108.12,800,108.17,200,108.18,600,108.19,100
2026-02-05 09:34:17,107.965,107.92,1,107.92,700,108.01,200,108.01,107.92,107.92,700,107.91,500,107.9,400,107.84,400,107.83,2700,107.77,100,107.76,1300,107.74,100,107.73,700,107.68,100,108.01,200,108.02,400,108.04,100,108.05,100,108.06,100,108.09,100,108.11,500,108.12,800,108.17,200,108.18,600
2026-02-05 09:34:18,107.855,107.93,1,107.79,1100,107.92,100,107.92,107.79,107.79,1100,107.77,100,107.76,1300,107.74,100,107.73,700,107.68,100,107.67,700,107.64,1100,107.58,1600,107.56,1600,107.92,100,107.93,200,107.94,200,107.95,100,107.96,500,107.97,400,107.98,600,107.99,100,108.0,600,108.01,1000
2026-02-05 09:34:19,107.8,107.93,1,107.68,400,107.92,200,107.92,107.68,107.68,400,107.67,1100,107.64,1100,107.58,1600,107.56,1600,107.51,400,107.5,1600,107.41,600,107.38,600,107.37,2400,107.92,200,107.93,200,107.94,200,107.95,100,107.96,500,107.97,400,107.98,600,107.99,100,108.0,600,108.01,1000
2026-02-05 09:34:20,107.8,107.93,1,107.68,1100,107.92,200,107.92,107.68,107.68,1100,107.67,1100,107.64,1100,107.58,1600,107.56,1600,107.51,400,107.5,1600,107.41,600,107.38,600,107.37,2400,107.92,200,107.93,200,107.94,200,107.95,100,107.96,500,107.97,400,107.98,600,107.99,100,108.0,600,108.01,1000
2026-02-05 09:34:21,107.915,107.92,1,107.86,200,107.97,700,107.97,107.86,107.86,200,107.82,100,107.81,100,107.68,1100,107.67,1100,107.64,1100,107.58,1600,107.56,1600,107.51,400,107.5,1600,107.97,700,107.98,600,107.99,100,108.0,600,108.01,1000,108.02,400,108.04,100,108.05,100,108.06,100,108.09,100
2026-02-05 09:34:22,107.855,107.92,1,107.74,800,107.97,700,107.97,107.74,107.74,800,107.73,600,107.72,1000,107.71,500,107.7,600,107.68,1100,107.67,1100,107.64,1100,107.58,1600,107.56,1600,107.97,700,107.98,600,107.99,100,108.0,600,108.01,1000,108.02,400,108.04,100,108.05,100,108.06,100,108.09,100
2026-02-05 09:34:23,107.85,107.74,1,107.74,800,107.96,900,107.96,107.74,107.74,800,107.73,600,107.72,1000,107.71,500,107.7,600,107.68,1100,107.67,1100,107.64,1100,107.58,1600,107.56,1600,107.96,900,107.97,1200,107.98,600,107.99,100,108.0,600,108.01,1000,108.02,400,108.04,100,108.05,100,108.06,100
2026-02-05 09:34:24,107.855,107.74,1,107.74,800,107.97,1300,107.97,107.74,107.74,800,107.73,600,107.72,1000,107.71,500,107.7,600,107.68,1100,107.67,1100,107.64,1100,107.58,1600,107.56,1600,107.97,1300,107.98,600,107.99,100,108.0,600,108.01,1000,108.02,400,108.04,100,108.05,100,108.06,100,108.09,100
2026-02-05 09:34:25,107.855,107.74,1,107.74,1200,107.97,1300,107.97,107.74,107.74,1200,107.73,600,107.72,1000,107.71,500,107.7,600,107.68,1100,107.67,1100,107.64,1100,107.58,1600,107.56,1600,107.97,1300,107.98,600,107.99,100,108.0,600,108.01,1000,108.02,400,108.04,100,108.05,100,108.06,100,108.09,100
2026-02-05 09:34:26,107.86,107.74,1,107.75,300,107.97,1300,107.97,107.75,107.75,300,107.74,900,107.73,600,107.72,1000,107.71,500,107.7,600,107.68,1100,107.67,1100,107.64,1100,107.58,1600,107.97,1300,107.98,600,107.99,100,108.0,600,108.01,1000,108.02,400,108.04,100,108.05,100,108.06,100,108.09,100
2026-02-05 09:34:27,107.86,107.81,1,107.75,300,107.97,1300,107.97,107.75,107.75,300,107.74,900,107.73,600,107.72,1000,107.71,500,107.7,600,107.68,1100,107.67,1100,107.64,1100,107.58,1600,107.97,1300,107.98,600,107.99,100,108.0,600,108.01,1000,108.02,400,108.04,100,108.05,100,108.06,100,108.09,100
2026-02-05 09:34:28,107.86,107.81,1,107.75,300,107.97,1300,107.97,107.75,107.75,300,107.74,900,107.73,600,107.72,1000,107.71,500,107.7,600,107.68,1100,107.67,1100,107.64,1100,107.58,1600,107.97,1300,107.98,600,107.99,100,108.0,600,108.01,1000,108.02,400,108.04,100,108.05,100,108.06,100,108.09,100
2026-02-05 09:34:29,107.86,107.86,1,107.75,1300,107.97,1200,107.97,107.75,107.75,1300,107.74,900,107.73,600,107.72,1000,107.71,500,107.7,600,107.68,1100,107.67,1100,107.64,1100,107.58,1600,107.97,1200,107.98,600,107.99,100,108.0,600,108.01,1000,108.02,400,108.04,100,108.05,100,108.06,100,108.09,100
2026-02-05 09:34:30,107.86,107.86,1,107.75,1700,107.97,1200,107.97,107.75,107.75,1700,107.74,900,107.73,600,107.72,1000,107.71,500,107.7,600,107.68,1100,107.67,1100,107.64,1100,107.58,1600,107.97,1200,107.98,600,107.99,100,108.0,600,108.01,1000,108.02,400,108.04,100,108.05,100,108.06,100,108.09,100
2026-02-05 09:34:31,107.86,107.86,1,107.75,1700,107.97,1200,107.97,107.75,107.75,1700,107.74,900,107.73,600,107.72,1000,107.71,500,107.7,600,107.68,1100,107.67,1100,107.64,1100,107.58,1600,107.97,1200,107.98,600,107.99,100,108.0,600,108.01,1000,108.02,400,108.04,100,108.05,100,108.06,100,108.09,100
2026-02-05 09:34:32,107.85,107.86,1,107.75,1300,107.95,1200,107.95,107.75,107.75,1300,107.74,900,107.73,600,107.72,1000,107.71,500,107.7,600,107.68,1100,107.67,1100,107.64,1100,107.58,1600,107.95,1200,107.96,1300,107.97,1300,107.98,600,107.99,100,108.0,600,108.01,1000,108.02,400,108.04,100,108.05,100
2026-02-05 09:34:33,107.85,107.86,1,107.75,1300,107.95,1300,107.95,107.75,107.75,1300,107.74,900,107.73,600,107.72,1000,107.71,500,107.7,600,107.68,1100,107.67,1100,107.64,1100,107.58,1600,107.95,1300,107.96,1300,107.97,1300,107.98,600,107.99,100,108.0,600,108.01,1000,108.02,400,108.04,100,108.05,100
2026-02-05 09:34:34,107.85,107.86,1,107.75,1300,107.95,1600,107.95,107.75,107.75,1300,107.74,900,107.73,600,107.72,1000,107.71,500,107.7,600,107.68,1100,107.67,1100,107.64,1100,107.58,1600,107.95,1600,107.96,1300,107.97,1300,107.98,600,107.99,100,108.0,600,108.01,1000,108.02,400,108.04,100,108.05,100
2026-02-05 09:34:35,107.845,107.85,1,107.75,1300,107.94,100,107.94,107.75,107.75,1300,107.74,900,107.73,600,107.72,1000,107.71,500,107.7,600,107.68,1100,107.67,1100,107.64,1100,107.58,1600,107.94,100,107.95,1600,107.96,1300,107.97,1300,107.98,600,107.99,100,108.0,600,108.01,1000,108.02,400,108.04,100
2026-02-05 09:34:36,107.845,107.75,1,107.75,1500,107.94,100,107.94,107.75,107.75,1500,107.74,900,107.73,600,107.72,1000,107.71,500,107.7,600,107.68,1100,107.67,1100,107.64,1100,107.58,1600,107.94,100,107.95,1600,107.96,1300,107.97,1300,107.98,600,107.99,100,108.0,600,108.01,1000,108.02,400,108.04,100
2026-02-05 09:34:37,107.845,107.75,1,107.75,1500,107.94,100,107.94,107.75,107.75,1500,107.74,900,107.73,600,107.72,1000,107.71,500,107.7,600,107.68,1100,107.67,1100,107.64,1100,107.58,1600,107.94,100,107.95,1600,107.96,1300,107.97,1300,107.98,600,107.99,100,108.0,600,108.01,1000,108.02,400,108.04,100
2026-02-05 09:34:38,107.845,107.75,1,107.75,1500,107.94,100,107.94,107.75,107.75,1500,107.74,900,107.73,600,107.72,1000,107.71,500,107.7,600,107.68,1100,107.67,1100,107.64,1100,107.58,1600,107.94,100,107.95,1600,107.96,1300,107.97,1300,107.98,600,107.99,100,108.0,600,108.01,1000,108.02,400,108.04,100
2026-02-05 09:34:39,107.85,107.75,1,107.76,200,107.94,300,107.94,107.76,107.76,200,107.75,1700,107.74,900,107.73,600,107.72,1000,107.71,500,107.7,600,107.68,1100,107.67,1100,107.64,1100,107.94,300,107.95,1700,107.96,1300,107.97,1300,107.98,600,107.99,100,108.0,600,108.01,1000,108.02,400,108.04,100
2026-02-05 09:34:40,107.84,107.75,22,107.75,1400,107.93,100,107.93,107.75,107.75,1400,107.74,900,107.73,600,107.72,1000,107.71,500,107.7,600,107.68,1100,107.67,1100,107.64,1100,107.58,1600,107.93,100,107.94,400,107.95,1700,107.96,1300,107.97,1300,107.98,600,107.99,100,108.0,600,108.01,1000,108.02,400
2026-02-05 09:34:41,107.845,107.75,1,107.76,900,107.93,100,107.93,107.76,107.76,900,107.75,1400,107.74,900,107.73,600,107.72,1000,107.71,500,107.7,600,107.68,1100,107.67,1100,107.64,1100,107.93,100,107.94,500,107.95,1700,107.96,1300,107.97,1300,107.98,600,107.99,100,108.0,600,108.01,1000,108.02,400
2026-02-05 09:34:42,107.845,107.75,1,107.76,900,107.93,300,107.93,107.76,107.76,900,107.75,1400,107.74,900,107.73,600,107.72,1000,107.71,500,107.7,600,107.68,1100,107.67,1100,107.64,1100,107.93,300,107.94,300,107.95,1700,107.96,1300,107.97,1300,107.98,600,107.99,100,108.0,600,108.01,1000,108.02,400
2026-02-05 09:34:43,107.845,107.75,1,107.76,1100,107.93,900,107.93,107.76,107.76,1100,107.75,1400,107.74,900,107.73,600,107.72,1000,107.71,500,107.7,600,107.68,1100,107.67,1100,107.64,1100,107.93,900,107.94,300,107.95,1700,107.96,1300,107.97,1300,107.98,600,107.99,100,108.0,600,108.01,1000,108.02,400
2026-02-05 09:34:44,107.845,107.75,1,107.76,1100,107.93,900,107.93,107.76,107.76,1100,107.75,1400,107.74,900,107.73,600,107.72,1000,107.71,500,107.7,600,107.68,1100,107.67,1100,107.64,1100,107.93,900,107.94,300,107.95,1700,107.96,1300,107.97,1300,107.98,600,107.99,100,108.0,600,108.01,1000,108.02,400
2026-02-05 09:34:45,107.845,107.75,1,107.76,1100,107.93,900,107.93,107.76,107.76,1100,107.75,1400,107.74,900,107.73,600,107.72,1000,107.71,500,107.7,600,107.68,1100,107.67,1100,107.64,1100,107.93,900,107.94,300,107.95,1700,107.96,1300,107.97,1300,107.98,600,107.99,100,108.0,600,108.01,1000,108.02,400
2026-02-05 09:34:46,107.84,107.76,1,107.76,2100,107.92,100,107.92,107.76,107.76,2100,107.75,1400,107.74,900,107.73,600,107.72,1000,107.71,500,107.7,600,107.68,1100,107.67,1100,107.64,1100,107.92,100,107.93,1100,107.94,300,107.95,1700,107.96,1300,107.97,1300,107.98,600,107.99,100,108.0,600,108.01,1000
2026-02-05 09:34:47,107.84,107.76,1,107.76,2200,107.92,100,107.92,107.76,107.76,2200,107.75,1400,107.74,900,107.73,600,107.72,1000,107.71,500,107.7,600,107.68,1100,107.67,1100,107.64,1100,107.92,100,107.93,1100,107.94,300,107.95,1700,107.96,1300,107.97,1300,107.98,600,107.99,100,108.0,600,108.01,1000
2026-02-05 09:34:48,107.745,107.74,1,107.7,100,107.79,100,107.79,107.7,107.69,100,107.68,1400,107.67,1100,107.64,1100,107.58,1600,107.56,1600,107.51,400,107.5,1600,107.41,600,107.38,600,107.8,200,107.82,500,107.83,600,107.84,100,107.85,600,107.89,100,107.9,500,107.91,800,107.92,100,107.93,1100
2026-02-05 09:34:49,107.75,107.69,1,107.71,100,107.79,300,107.79,107.71,107.71,100,107.7,100,107.68,1200,107.67,1100,107.64,1100,107.58,1600,107.56,1600,107.51,400,107.5,1600,107.41,600,107.79,300,107.82,500,107.83,600,107.84,100,107.85,600,107.89,100,107.9,500,107.91,800,107.92,100,107.93,1100
2026-02-05 09:34:50,107.74,107.69,1,107.71,100,107.77,100,107.77,107.71,107.71,100,107.7,100,107.68,1200,107.67,1100,107.64,1100,107.58,1600,107.56,1600,107.51,400,107.5,1600,107.41,600,107.77,100,107.78,100,107.79,300,107.82,500,107.83,600,107.84,100,107.85,600,107.89,100,107.9,500,107.91,800
2026-02-05 09:34:51,107.725,107.71,1,107.68,1200,107.77,1100,107.77,107.68,107.68,1200,107.67,1100,107.64,1100,107.58,1600,107.56,1600,107.51,400,107.5,1600,107.41,600,107.38,600,107.37,2400,107.77,1100,107.78,100,107.79,300,107.82,500,107.83,600,107.84,100,107.85,600,107.89,100,107.9,500,107.91,800
2026-02-05 09:34:52,107.72,107.72,1,107.68,1200,107.76,100,107.76,107.68,107.68,1200,107.67,1100,107.64,1100,107.58,1600,107.56,1600,107.51,400,107.5,1600,107.41,600,107.38,600,107.37,2400,107.76,100,107.77,1100,107.78,100,107.79,300,107.82,500,107.83,600,107.84,100,107.85,600,107.89,100,107.9,500
2026-02-05 09:34:53,107.725,107.72,1,107.68,1200,107.77,1400,107.77,107.68,107.68,1200,107.67,1100,107.64,1100,107.58,1600,107.56,1600,107.51,400,107.5,1600,107.41,600,107.38,600,107.37,2400,107.77,1400,107.78,100,107.79,300,107.82,500,107.83,600,107.84,100,107.85,600,107.89,100,107.9,500,107.91,800
2026-02-05 09:34:54,107.72,107.77,4,107.68,1200,107.76,100,107.76,107.68,107.68,1200,107.67,1100,107.64,1100,107.58,1600,107.56,1600,107.51,400,107.5,1600,107.41,600,107.38,600,107.37,2400,107.76,100,107.77,1400,107.78,100,107.79,300,107.82,500,107.83,600,107.84,100,107.85,600,107.89,100,107.9,500
2026-02-05 09:34:55,107.72,107.72,1,107.68,1100,107.76,100,107.76,107.68,107.68,1100,107.67,1100,107.64,1100,107.58,1600,107.56,1600,107.51,400,107.5,1600,107.41,600,107.38,600,107.37,2400,107.76,100,107.77,1400,107.78,100,107.79,300,107.82,500,107.83,600,107.84,100,107.85,600,107.89,100,107.9,500
2026-02-05 09:34:56,107.65,107.69,2,107.58,1700,107.72,100,107.72,107.58,107.58,1700,107.56,1600,107.51,400,107.5,1600,107.41,600,107.38,600,107.37,2400,107.24,500,107.23,600,107.22,900,107.72,100,107.73,500,107.74,100,107.75,1000,107.76,100,107.77,1400,107.78,100,107.79,300,107.82,500,107.83,600
2026-02-05 09:34:57,107.65,107.65,1,107.58,1800,107.72,1400,107.72,107.58,107.58,1800,107.56,1600,107.51,400,107.5,1600,107.41,600,107.38,600,107.37,2400,107.24,500,107.23,600,107.22,900,107.72,1400,107.73,500,107.74,100,107.75,1000,107.76,100,107.77,1400,107.78,100,107.79,300,107.82,500,107.83,600
2026-02-05 09:34:58,107.645,107.65,1,107.58,1900,107.71,600,107.71,107.58,107.58,1900,107.56,1600,107.51,400,107.5,1600,107.41,600,107.38,600,107.37,2400,107.24,500,107.23,600,107.22,900,107.71,600,107.72,1400,107.73,500,107.74,100,107.75,1000,107.76,100,107.77,1400,107.78,100,107.79,300,107.82,500
2026-02-05 09:34:59,107.645,107.62,2,107.58,1900,107.71,700,107.71,107.58,107.58,1900,107.56,1600,107.51,400,107.5,1600,107.41,600,107.38,600,107.37,2400,107.24,500,107.23,600,107.22,900,107.71,700,107.72,1400,107.73,500,107.74,100,107.75,1000,107.76,100,107.77,1400,107.78,100,107.79,300,107.82,500
2026-02-05 09:35:00,107.645,107.65,1,107.58,1900,107.71,1900,107.71,107.58,107.58,1900,107.56,1600,107.51,400,107.5,1600,107.41,600,107.38,600,107.37,2400,107.24,500,107.23,600,107.22,900,107.71,1900,107.72,1400,107.73,500,107.74,100,107.75,1000,107.76,100,107.77,1400,107.78,100,107.79,300,107.82,500
2026-02-05 09:35:01,107.645,107.65,2,107.58,1900,107.71,1900,107.71,107.58,107.58,1900,107.56,1600,107.51,400,107.5,1600,107.41,600,107.38,600,107.37,2400,107.24,500,107.23,600,107.22,900,107.71,1900,107.72,1400,107.73,500,107.74,100,107.75,1000,107.76,100,107.77,1400,107.78,100,107.79,300,107.82,500
2026-02-05 09:35:02,107.645,107.65,2,107.58,1900,107.71,1900,107.71,107.58,107.58,1900,107.56,1600,107.51,400,107.5,1600,107.41,600,107.38,600,107.37,2400,107.24,500,107.23,600,107.22,900,107.71,1900,107.72,1400,107.73,500,107.74,100,107.75,1000,107.76,100,107.77,1400,107.78,100,107.79,300,107.82,500
2026-02-05 09:35:03,107.645,107.65,3,107.58,2000,107.71,2000,107.71,107.58,107.58,2000,107.56,1600,107.51,400,107.5,1600,107.41,600,107.38,600,107.37,2400,107.24,500,107.23,600,107.22,900,107.71,2000,107.72,1400,107.73,500,107.74,100,107.75,1000,107.76,100,107.77,1400,107.78,100,107.79,300,107.82,500
2026-02-05 09:35:04,107.645,107.65,3,107.58,2000,107.71,2000,107.71,107.58,107.58,2000,107.56,1600,107.51,400,107.5,1600,107.41,600,107.38,600,107.37,2400,107.24,500,107.23,600,107.22,900,107.71,2000,107.72,1400,107.73,500,107.74,100,107.75,1000,107.76,100,107.77,1400,107.78,100,107.79,300,107.82,500
2026-02-05 09:35:05,107.645,107.66,1,107.58,2000,107.71,1900,107.71,107.58,107.58,2000,107.56,1600,107.51,400,107.5,1600,107.41,600,107.38,600,107.37,2400,107.24,500,107.23,600,107.22,900,107.71,1900,107.72,1400,107.73,500,107.74,100,107.75,1000,107.76,100,107.77,1400,107.78,100,107.79,300,107.82,500
2026-02-05 09:35:06,107.645,107.66,1,107.58,2000,107.71,2000,107.71,107.58,107.58,2000,107.56,1600,107.51,400,107.5,1600,107.41,600,107.38,600,107.37,2400,107.24,500,107.23,600,107.22,900,107.71,2000,107.72,1400,107.73,500,107.74,100,107.75,1000,107.76,100,107.77,1400,107.78,100,107.79,300,107.82,500
2026-02-05 09:35:07,107.655,107.67,1,107.62,500,107.69,100,107.69,107.62,107.62,500,107.61,100,107.6,100,107.59,100,107.58,2000,107.56,1600,107.51,400,107.5,1600,107.41,600,107.38,600,107.69,100,107.7,100,107.71,2000,107.72,1400,107.73,500,107.74,100,107.75,1000,107.76,100,107.77,1400,107.78,100
2026-02-05 09:35:08,107.54,107.54,1,107.47,1100,107.61,300,107.61,107.47,107.47,1100,107.46,1100,107.45,700,107.44,100,107.41,600,107.38,600,107.37,2400,107.24,500,107.23,600,107.22,900,107.61,300,107.62,300,107.63,300,107.66,600,107.69,100,107.7,100,107.71,2000,107.72,1400,107.73,500,107.74,100
2026-02-05 09:35:09,107.535,107.54,1,107.47,1400,107.6,200,107.6,107.47,107.47,1400,107.46,1100,107.45,700,107.44,100,107.41,600,107.38,600,107.37,2400,107.24,500,107.23,600,107.22,900,107.6,200,107.61,300,107.62,300,107.63,300,107.66,600,107.69,100,107.7,100,107.71,2000,107.72,1400,107.73,500
2026-02-05 09:35:10,107.505,107.8,1,107.44,200,107.57,100,107.57,107.44,107.44,200,107.41,600,107.38,600,107.37,2400,107.24,500,107.23,600,107.22,900,107.14,600,107.09,300,107.05,100,107.57,100,107.58,300,107.59,300,107.6,200,107.61,300,107.62,300,107.63,300,107.66,600,107.69,100,107.7,100
2026-02-05 09:35:11,107.505,107.8,1,107.44,300,107.57,200,107.57,107.44,107.44,300,107.41,600,107.38,600,107.37,2400,107.24,500,107.23,600,107.22,900,107.14,600,107.09,300,107.05,100,107.57,200,107.58,300,107.59,300,107.6,200,107.61,300,107.62,300,107.63,300,107.66,600,107.69,100,107.7,100
2026-02-05 09:35:12,107.485,107.8,1,107.44,300,107.53,300,107.53,107.44,107.44,300,107.41,600,107.38,600,107.37,2400,107.24,500,107.23,600,107.22,900,107.14,600,107.09,300,107.05,100,107.53,300,107.54,300,107.55,100,107.57,200,107.58,300,107.59,300,107.6,200,107.61,300,107.62,300,107.63,300
2026-02-05 09:35:13,107.475,107.49,1,107.44,400,107.51,300,107.51,107.44,107.44,400,107.41,600,107.38,600,107.37,2400,107.24,500,107.23,600,107.22,900,107.14,600,107.09,300,107.05,100,107.51,300,107.53,500,107.54,300,107.55,100,107.57,200,107.58,300,107.59,300,107.6,200,107.61,300,107.62,300
2026-02-05 09:35:14,107.475,107.48,1,107.44,500,107.51,300,107.51,107.44,107.44,500,107.41,600,107.38,600,107.37,2400,107.24,500,107.23,600,107.22,900,107.14,600,107.09,300,107.05,100,107.51,300,107.53,500,107.54,300,107.55,100,107.57,200,107.58,300,107.59,300,107.6,200,107.61,300,107.62,300
2026-02-05 09:35:15,107.475,107.48,1,107.44,500,107.51,400,107.51,107.44,107.44,500,107.41,600,107.38,600,107.37,2400,107.24,500,107.23,600,107.22,900,107.14,600,107.09,300,107.05,100,107.51,400,107.53,500,107.54,300,107.55,100,107.57,200,107.58,300,107.59,300,107.6,200,107.61,300,107.62,300
2026-02-05 09:35:16,107.475,107.45,1,107.44,500,107.51,400,107.51,107.44,107.44,500,107.41,600,107.38,600,107.37,2400,107.24,500,107.23,600,107.22,900,107.14,600,107.09,300,107.05,100,107.51,400,107.53,500,107.54,300,107.55,100,107.57,200,107.58,300,107.59,300,107.6,200,107.61,300,107.62,300
2026-02-05 09:35:17,107.475,107.45,1,107.44,600,107.51,800,107.51,107.44,107.44,600,107.41,600,107.38,600,107.37,2400,107.24,500,107.23,600,107.22,900,107.14,600,107.09,300,107.05,100,107.51,800,107.53,500,107.54,300,107.55,100,107.57,200,107.58,300,107.59,300,107.6,200,107.61,300,107.62,300
2026-02-05 09:35:18,107.475,107.45,1,107.44,600,107.51,800,107.51,107.44,107.44,600,107.41,600,107.38,600,107.37,2400,107.24,500,107.23,600,107.22,900,107.14,600,107.09,300,107.05,100,107.51,800,107.53,500,107.54,300,107.55,100,107.57,200,107.58,300,107.59,300,107.6,200,107.61,300,107.62,300
2026-02-05 09:35:19,107.43,107.43,1,107.36,200,107.5,200,107.5,107.36,107.36,200,107.24,500,107.23,600,107.22,900,107.14,600,107.09,300,107.05,100,107.03,300,107.0,1200,106.65,2100,107.5,200,107.51,1200,107.53,500,107.54,300,107.55,100,107.57,200,107.58,300,107.59,300,107.6,200,107.61,300
2026-02-05 09:35:20,107.43,107.43,1,107.36,300,107.5,300,107.5,107.36,107.36,300,107.24,500,107.23,600,107.22,900,107.14,600,107.09,300,107.05,100,107.03,300,107.0,1200,106.65,2100,107.5,300,107.51,1200,107.53,500,107.54,300,107.55,100,107.57,200,107.58,300,107.59,300,107.6,200,107.61,300
2026-02-05 09:35:21,107.43,107.43,1,107.36,300,107.5,300,107.5,107.36,107.36,300,107.24,500,107.23,600,107.22,900,107.14,600,107.09,300,107.05,100,107.03,300,107.0,1200,106.65,2100,107.5,300,107.51,1200,107.53,500,107.54,300,107.55,100,107.57,200,107.58,300,107.59,300,107.6,200,107.61,300
2026-02-05 09:35:22,107.43,107.43,1,107.36,300,107.5,400,107.5,107.36,107.36,300,107.24,500,107.23,600,107.22,900,107.14,600,107.09,300,107.05,100,107.03,300,107.0,1200,106.65,2100,107.5,400,107.51,1200,107.53,500,107.54,300,107.55,100,107.57,200,107.58,300,107.59,300,107.6,200,107.61,300
2026-02-05 09:35:23,107.43,107.43,1,107.36,300,107.5,400,107.5,107.36,107.36,300,107.24,500,107.23,600,107.22,900,107.14,600,107.09,300,107.05,100,107.03,300,107.0,1200,106.65,2100,107.5,400,107.51,1200,107.53,500,107.54,300,107.55,100,107.57,200,107.58,300,107.59,300,107.6,200,107.61,300
2026-02-05 09:35:24,107.43,107.43,1,107.36,400,107.5,400,107.5,107.36,107.36,400,107.24,500,107.23,600,107.22,900,107.14,600,107.09,300,107.05,100,107.03,300,107.0,1200,106.65,2100,107.5,400,107.51,1200,107.53,500,107.54,300,107.55,100,107.57,200,107.58,300,107.59,300,107.6,200,107.61,300
2026-02-05 09:35:25,107.43,107.43,1,107.36,400,107.5,500,107.5,107.36,107.36,400,107.24,500,107.23,600,107.22,900,107.14,600,107.09,300,107.05,100,107.03,300,107.0,1200,106.65,2100,107.5,500,107.51,1200,107.53,500,107.54,300,107.55,100,107.57,200,107.58,300,107.59,300,107.6,200,107.61,300
2026-02-05 09:35:26,107.43,107.43,3,107.36,400,107.5,500,107.5,107.36,107.36,400,107.24,500,107.23,600,107.22,900,107.14,600,107.09,300,107.05,100,107.03,300,107.0,1200,106.65,2100,107.5,500,107.51,1200,107.53,500,107.54,300,107.55,100,107.57,200,107.58,300,107.59,300,107.6,200,107.61,300
2026-02-05 09:35:27,107.43,107.43,2,107.36,400,107.5,500,107.5,107.36,107.36,400,107.24,500,107.23,600,107.22,900,107.14,600,107.09,300,107.05,100,107.03,300,107.0,1200,106.65,2100,107.5,500,107.51,1200,107.53,500,107.54,300,107.55,100,107.57,200,107.58,300,107.59,300,107.6,200,107.61,300
2026-02-05 09:35:28,107.43,107.43,2,107.36,500,107.5,1500,107.5,107.36,107.36,500,107.24,500,107.23,600,107.22,900,107.14,600,107.09,300,107.05,100,107.03,300,107.0,1200,106.65,2100,107.5,1500,107.51,1200,107.53,500,107.54,300,107.55,100,107.57,200,107.58,300,107.59,300,107.6,200,107.61,300
2026-02-05 09:35:29,107.43,107.43,2,107.36,500,107.5,1500,107.5,107.36,107.36,500,107.24,500,107.23,600,107.22,900,107.14,600,107.09,300,107.05,100,107.03,300,107.0,1200,106.65,2100,107.5,1500,107.51,1200,107.53,500,107.54,300,107.55,100,107.57,200,107.58,300,107.59,300,107.6,200,107.61,300
2026-02-05 09:35:30,107.43,107.43,2,107.36,500,107.5,1500,107.5,107.36,107.36,500,107.24,500,107.23,600,107.22,900,107.14,600,107.09,300,107.05,100,107.03,300,107.0,1200,106.65,2100,107.5,1500,107.51,1200,107.53,500,107.54,300,107.55,100,107.57,200,107.58,300,107.59,300,107.6,200,107.61,300
2026-02-05 09:35:31,107.425,107.85,3,107.36,600,107.49,700,107.49,107.36,107.36,600,107.24,500,107.23,600,107.22,900,107.14,600,107.09,300,107.05,100,107.03,300,107.0,1200,106.65,2100,107.49,700,107.5,1500,107.51,1200,107.53,500,107.54,300,107.55,100,107.57,200,107.58,300,107.59,300,107.6,200
2026-02-05 09:35:32,107.425,107.43,1,107.36,600,107.49,1200,107.49,107.36,107.36,600,107.24,500,107.23,600,107.22,900,107.14,600,107.09,300,107.05,100,107.03,300,107.0,1200,106.65,2100,107.49,1200,107.5,1500,107.51,1200,107.53,500,107.54,300,107.55,100,107.57,200,107.58,300,107.59,300,107.6,200
2026-02-05 09:35:33,107.415,107.43,1,107.36,600,107.47,700,107.47,107.36,107.36,600,107.24,500,107.23,600,107.22,900,107.14,600,107.09,300,107.05,100,107.03,300,107.0,1200,106.65,2100,107.47,700,107.48,600,107.49,900,107.5,1500,107.51,1200,107.53,500,107.54,300,107.55,100,107.57,200,107.58,300
2026-02-05 09:35:34,107.415,107.43,1,107.36,600,107.47,900,107.47,107.36,107.36,600,107.24,500,107.23,600,107.22,900,107.14,600,107.09,300,107.05,100,107.03,300,107.0,1200,106.65,2100,107.47,900,107.48,600,107.49,900,107.5,1500,107.51,1200,107.53,500,107.54,300,107.55,100,107.57,200,107.58,300
2026-02-05 09:35:35,107.415,107.43,1,107.36,700,107.47,800,107.47,107.36,107.36,700,107.24,500,107.23,600,107.22,900,107.14,600,107.09,300,107.05,100,107.03,300,107.0,1200,106.65,2100,107.47,800,107.48,600,107.49,900,107.5,1500,107.51,1200,107.53,500,107.54,300,107.55,100,107.57,200,107.58,300
2026-02-05 09:35:36,107.415,107.42,1,107.36,700,107.47,800,107.47,107.36,107.36,700,107.24,500,107.23,600,107.22,900,107.14,600,107.09,300,107.05,100,107.03,300,107.0,1200,106.65,2100,107.47,800,107.48,600,107.49,900,107.5,1500,107.51,1200,107.53,500,107.54,300,107.55,100,107.57,200,107.58,300
2026-02-05 09:35:37,107.33,107.36,1,107.26,1000,107.4,500,107.4,107.26,107.26,1000,107.24,500,107.23,600,107.22,900,107.14,600,107.09,300,107.05,100,107.03,300,107.0,1200,106.65,2100,107.4,500,107.41,100,107.43,800,107.47,900,107.48,600,107.49,900,107.5,1500,107.51,1200,107.53,500,107.54,300
2026-02-05 09:35:38,107.315,107.36,1,107.25,100,107.38,300,107.38,107.25,107.25,100,107.24,500,107.23,600,107.22,900,107.14,600,107.09,300,107.05,100,107.03,300,107.0,1200,106.65,2100,107.38,300,107.39,200,107.4,1300,107.41,100,107.43,800,107.47,900,107.48,600,107.49,900,107.5,1500,107.51,1200
2026-02-05 09:35:39,107.295,107.27,1,107.25,200,107.34,200,107.34,107.25,107.25,200,107.24,500,107.23,600,107.22,900,107.14,600,107.09,300,107.05,100,107.03,300,107.0,1200,106.65,2100,107.34,200,107.36,300,107.38,300,107.39,200,107.4,1300,107.41,100,107.43,800,107.47,900,107.48,600,107.49,900
2026-02-05 09:35:40,107.295,107.27,1,107.25,200,107.34,200,107.34,107.25,107.25,200,107.24,500,107.23,600,107.22,900,107.14,600,107.09,300,107.05,100,107.03,300,107.0,1200,106.65,2100,107.34,200,107.36,300,107.38,300,107.39,200,107.4,1300,107.41,100,107.43,800,107.47,900,107.48,600,107.49,900
2026-02-05 09:35:41,107.295,107.27,1,107.25,200,107.34,200,107.34,107.25,107.25,200,107.24,500,107.23,600,107.22,900,107.14,600,107.09,300,107.05,100,107.03,300,107.0,1200,106.65,2100,107.34,200,107.36,300,107.38,300,107.39,200,107.4,1300,107.41,100,107.43,800,107.47,900,107.48,600,107.49,900
2026-02-05 09:35:42,107.295,107.27,1,107.25,400,107.34,1600,107.34,107.25,107.25,400,107.24,500,107.23,600,107.22,900,107.14,600,107.09,300,107.05,100,107.03,300,107.0,1200,106.65,2100,107.34,1600,107.36,300,107.38,300,107.39,200,107.4,1300,107.41,100,107.43,800,107.47,900,107.48,600,107.49,900
2026-02-05 09:35:43,107.295,107.27,1,107.25,400,107.34,1600,107.34,107.25,107.25,400,107.24,500,107.23,600,107.22,900,107.14,600,107.09,300,107.05,100,107.03,300,107.0,1200,106.65,2100,107.34,1600,107.36,300,107.38,300,107.39,200,107.4,1300,107.41,100,107.43,800,107.47,900,107.48,600,107.49,900
2026-02-05 09:35:44,107.295,107.27,1,107.25,400,107.34,1600,107.34,107.25,107.25,400,107.24,500,107.23,600,107.22,900,107.14,600,107.09,300,107.05,100,107.03,300,107.0,1200,106.65,2100,107.34,1600,107.36,300,107.38,300,107.39,200,107.4,1300,107.41,100,107.43,800,107.47,900,107.48,600,107.49,900
2026-02-05 09:35:45,107.29,107.29,1,107.25,600,107.33,300,107.33,107.25,107.25,600,107.24,500,107.23,600,107.22,900,107.14,600,107.09,300,107.05,100,107.03,300,107.0,1200,106.65,2100,107.33,300,107.34,1400,107.36,300,107.38,300,107.39,200,107.4,1300,107.41,100,107.43,800,107.47,900,107.48,600
2026-02-05 09:35:46,107.29,107.29,1,107.25,600,107.33,300,107.33,107.25,107.25,600,107.24,500,107.23,600,107.22,900,107.14,600,107.09,300,107.05,100,107.03,300,107.0,1200,106.65,2100,107.33,300,107.34,1400,107.36,300,107.38,300,107.39,200,107.4,1300,107.41,100,107.43,800,107.47,900,107.48,600
2026-02-05 09:35:47,107.28,107.26,1,107.25,600,107.31,1200,107.31,107.25,107.25,600,107.24,500,107.23,600,107.22,900,107.14,600,107.09,300,107.05,100,107.03,300,107.0,1200,106.65,2100,107.31,1200,107.33,300,107.34,1400,107.36,300,107.38,300,107.39,200,107.4,1300,107.41,100,107.43,800,107.47,900
2026-02-05 09:35:48,107.28,107.28,1,107.25,600,107.31,1300,107.31,107.25,107.25,600,107.24,500,107.23,600,107.22,900,107.14,600,107.09,300,107.05,100,107.03,300,107.0,1200,106.65,2100,107.31,1300,107.33,300,107.34,1400,107.36,300,107.38,300,107.39,200,107.4,1300,107.41,100,107.43,800,107.47,900
2026-02-05 09:35:49,107.28,107.28,1,107.25,800,107.31,1200,107.31,107.25,107.25,800,107.24,500,107.23,600,107.22,900,107.14,600,107.09,300,107.05,100,107.03,300,107.0,1200,106.65,2100,107.31,1200,107.33,300,107.34,1400,107.36,300,107.38,300,107.39,200,107.4,1300,107.41,100,107.43,800,107.47,900
2026-02-05 09:35:50,107.275,107.28,1,107.25,800,107.3,100,107.3,107.25,107.25,800,107.24,500,107.23,600,107.22,900,107.14,600,107.09,300,107.05,100,107.03,300,107.0,1200,106.65,2100,107.3,100,107.31,1200,107.33,300,107.34,1400,107.36,300,107.38,300,107.39,200,107.4,1300,107.41,100,107.43,800
2026-02-05 09:35:51,107.275,107.28,1,107.25,800,107.3,300,107.3,107.25,107.25,800,107.24,500,107.23,600,107.22,900,107.14,600,107.09,300,107.05,100,107.03,300,107.0,1200,106.65,2100,107.3,300,107.31,1200,107.33,300,107.34,1400,107.36,300,107.38,300,107.39,200,107.4,1300,107.41,100,107.43,800
2026-02-05 09:35:52,107.275,107.28,1,107.25,900,107.3,500,107.3,107.25,107.25,900,107.24,500,107.23,600,107.22,900,107.14,600,107.09,300,107.05,100,107.03,300,107.0,1200,106.65,2100,107.3,500,107.31,1200,107.33,300,107.34,1400,107.36,300,107.38,300,107.39,200,107.4,1300,107.41,100,107.43,800
2026-02-05 09:35:53,107.275,107.28,1,107.25,900,107.3,800,107.3,107.25,107.25,900,107.24,500,107.23,600,107.22,900,107.14,600,107.09,300,107.05,100,107.03,300,107.0,1200,106.65,2100,107.3,800,107.31,1200,107.33,300,107.34,1400,107.36,300,107.38,300,107.39,200,107.4,1300,107.41,100,107.43,800
2026-02-05 09:35:54,107.3,107.3,1,107.27,100,107.33,200,107.33,107.27,107.27,100,107.26,200,107.25,600,107.22,100,107.21,200,107.2,100,107.19,300,107.18,400,107.17,600,107.16,600,107.33,200,107.34,1400,107.36,300,107.38,300,107.39,200,107.4,1300,107.41,100,107.43,800,107.47,900,107.48,600
2026-02-05 09:35:56,107.3,107.3,1,107.27,100,107.33,200,107.33,107.27,107.27,100,107.26,200,107.25,600,107.22,100,107.21,200,107.2,100,107.19,300,107.18,400,107.17,600,107.16,600,107.33,200,107.34,1400,107.36,300,107.38,300,107.39,200,107.4,1300,107.41,100,107.43,800,107.47,900,107.48,600
2026-02-05 09:35:57,107.295,107.29,1,107.27,100,107.32,200,107.32,107.27,107.27,100,107.26,200,107.25,600,107.22,100,107.21,200,107.2,100,107.19,300,107.18,400,107.17,600,107.16,600,107.32,200,107.33,600,107.34,1400,107.36,300,107.38,300,107.39,200,107.4,1300,107.41,100,107.43,800,107.47,900
2026-02-05 09:35:57,107.255,107.26,1,107.21,200,107.3,300,107.3,107.21,107.21,200,107.2,300,107.19,300,107.18,400,107.17,600,107.16,600,107.14,600,107.09,300,107.05,100,107.03,300,107.3,300,107.32,400,107.33,600,107.34,1400,107.36,300,107.38,300,107.39,200,107.4,1300,107.41,100,107.43,800
2026-02-05 09:35:58,107.245,107.26,1,107.21,200,107.28,200,107.28,107.21,107.21,200,107.2,300,107.19,300,107.18,400,107.17,600,107.16,600,107.14,600,107.09,300,107.05,100,107.03,300,107.28,200,107.3,300,107.32,400,107.33,600,107.34,1400,107.36,300,107.38,300,107.39,200,107.4,1300,107.41,100
2026-02-05 09:35:59,107.245,107.26,1,107.21,200,107.28,200,107.28,107.21,107.21,200,107.2,300,107.19,300,107.18,400,107.17,600,107.16,600,107.14,600,107.09,300,107.05,100,107.03,300,107.28,200,107.3,300,107.32,400,107.33,600,107.34,1400,107.36,300,107.38,300,107.39,200,107.4,1300,107.41,100
2026-02-05 09:36:00,107.245,107.26,1,107.21,400,107.28,200,107.28,107.21,107.21,400,107.2,300,107.19,300,107.18,400,107.17,600,107.16,600,107.14,600,107.09,300,107.05,100,107.03,300,107.28,200,107.3,300,107.32,400,107.33,600,107.34,1400,107.36,300,107.38,300,107.39,200,107.4,1300,107.41,100
2026-02-05 09:36:02,107.19,107.18,1,107.15,100,107.23,100,107.23,107.15,107.15,100,107.14,600,107.09,300,107.05,100,107.03,300,107.0,1200,106.65,2100,106.6,300,,,,,107.23,100,107.24,300,107.25,200,107.26,100,107.27,200,107.28,400,107.3,300,107.32,400,107.33,600,107.34,1400
2026-02-05 09:36:02,107.18,107.18,1,107.15,100,107.21,300,107.21,107.15,107.15,100,107.14,600,107.09,300,107.05,100,107.03,300,107.0,1200,106.65,2100,106.6,300,,,,,107.21,300,107.23,100,107.24,300,107.25,200,107.26,100,107.27,200,107.28,400,107.3,300,107.32,400,107.33,600
2026-02-05 09:36:04,107.18,107.4,1,107.15,100,107.21,300,107.21,107.15,107.15,100,107.14,600,107.09,300,107.05,100,107.03,300,107.0,1200,106.65,2100,106.6,300,,,,,107.21,300,107.23,100,107.24,300,107.25,200,107.26,100,107.27,200,107.28,400,107.3,300,107.32,400,107.33,600
2026-02-05 09:36:05,107.18,107.4,1,107.15,100,107.21,300,107.21,107.15,107.15,100,107.14,600,107.09,300,107.05,100,107.03,300,107.0,1200,106.65,2100,106.6,300,,,,,107.21,300,107.23,100,107.24,300,107.25,200,107.26,100,107.27,200,107.28,400,107.3,300,107.32,400,107.33,600
2026-02-05 09:36:06,107.18,107.37,1,107.15,200,107.21,300,107.21,107.15,107.15,200,107.14,600,107.09,300,107.05,100,107.03,300,107.0,1200,106.65,2100,106.6,300,,,,,107.21,300,107.23,100,107.24,300,107.25,200,107.26,100,107.27,200,107.28,400,107.3,300,107.32,400,107.33,600
2026-02-05 09:36:06,107.18,107.37,1,107.15,300,107.21,300,107.21,107.15,107.15,300,107.14,600,107.09,300,107.05,100,107.03,300,107.0,1200,106.65,2100,106.6,300,,,,,107.21,300,107.23,100,107.24,300,107.25,200,107.26,100,107.27,200,107.28,400,107.3,300,107.32,400,107.33,600
2026-02-05 09:36:07,107.16,107.15,2,107.13,700,107.19,200,107.19,107.13,107.13,700,107.09,300,107.05,100,107.03,300,107.0,1200,106.65,2100,106.6,300,,,,,,,107.19,200,107.2,900,107.21,300,107.23,100,107.24,300,107.25,200,107.26,100,107.27,200,107.28,400,107.3,300
2026-02-05 09:36:08,107.16,107.15,2,107.13,700,107.19,900,107.19,107.13,107.13,700,107.09,300,107.05,100,107.03,300,107.0,1200,106.65,2100,106.6,300,,,,,,,107.19,900,107.2,900,107.21,300,107.23,100,107.24,300,107.25,200,107.26,100,107.27,200,107.28,400,107.3,300
2026-02-05 09:36:09,107.16,107.15,2,107.14,200,107.18,100,107.18,107.14,107.14,200,107.13,700,107.09,300,107.05,100,107.03,300,107.0,1200,106.65,2100,106.6,300,,,,,107.18,100,107.19,800,107.2,900,107.21,300,107.23,100,107.24,300,107.25,200,107.26,100,107.27,200,107.28,400
2026-02-05 09:36:11,107.155,107.16,1,107.13,700,107.18,200,107.18,107.13,107.13,700,107.09,300,107.05,100,107.03,300,107.0,1200,106.65,2100,106.6,300,,,,,,,107.18,200,107.19,800,107.2,900,107.21,300,107.23,100,107.24,300,107.25,200,107.26,100,107.27,200,107.28,400
2026-02-05 09:36:12,107.155,107.16,1,107.13,700,107.18,200,107.18,107.13,107.13,700,107.09,300,107.05,100,107.03,300,107.0,1200,106.65,2100,106.6,300,,,,,,,107.18,200,107.19,800,107.2,900,107.21,300,107.23,100,107.24,300,107.25,200,107.26,100,107.27,200,107.28,400
2026-02-05 09:36:13,107.155,107.16,1,107.13,700,107.18,200,107.18,107.13,107.13,700,107.09,300,107.05,100,107.03,300,107.0,1200,106.65,2100,106.6,300,,,,,,,107.18,200,107.19,800,107.2,900,107.21,300,107.23,100,107.24,300,107.25,200,107.26,100,107.27,200,107.28,400
2026-02-05 09:36:13,107.155,107.16,1,107.13,700,107.18,200,107.18,107.13,107.13,700,107.09,300,107.05,100,107.03,300,107.0,1200,106.65,2100,106.6,300,,,,,,,107.18,200,107.19,800,107.2,900,107.21,300,107.23,100,107.24,300,107.25,200,107.26,100,107.27,200,107.28,400
2026-02-05 09:36:15,107.155,107.16,1,107.13,700,107.18,200,107.18,107.13,107.13,700,107.09,300,107.05,100,107.03,300,107.0,1200,106.65,2100,106.6,300,,,,,,,107.18,200,107.19,800,107.2,900,107.21,300,107.23,100,107.24,300,107.25,200,107.26,100,107.27,200,107.28,400
2026-02-05 09:36:16,107.155,107.16,1,107.13,700,107.18,500,107.18,107.13,107.13,700,107.09,300,107.05,100,107.03,300,107.0,1200,106.65,2100,106.6,300,,,,,,,107.18,500,107.19,800,107.2,900,107.21,300,107.23,100,107.24,300,107.25,200,107.26,100,107.27,200,107.28,400
2026-02-05 09:36:17,107.155,107.16,1,107.13,700,107.18,500,107.18,107.13,107.13,700,107.09,300,107.05,100,107.03,300,107.0,1200,106.65,2100,106.6,300,,,,,,,107.18,500,107.19,800,107.2,900,107.21,300,107.23,100,107.24,300,107.25,200,107.26,100,107.27,200,107.28,400
2026-02-05 09:36:18,107.155,107.16,1,107.13,700,107.18,500,107.18,107.13,107.13,700,107.09,300,107.05,100,107.03,300,107.0,1200,106.65,2100,106.6,300,,,,,,,107.18,500,107.19,800,107.2,900,107.21,300,107.23,100,107.24,300,107.25,200,107.26,100,107.27,200,107.28,400
2026-02-05 09:36:19,107.155,107.16,1,107.13,700,107.18,500,107.18,107.13,107.13,700,107.09,300,107.05,100,107.03,300,107.0,1200,106.65,2100,106.6,300,,,,,,,107.18,500,107.19,800,107.2,900,107.21,300,107.23,100,107.24,300,107.25,200,107.26,100,107.27,200,107.28,400
2026-02-05 09:36:20,107.155,107.16,1,107.13,700,107.18,500,107.18,107.13,107.13,700,107.09,300,107.05,100,107.03,300,107.0,1200,106.65,2100,106.6,300,,,,,,,107.18,500,107.19,800,107.2,900,107.21,300,107.23,100,107.24,300,107.25,200,107.26,100,107.27,200,107.28,400
2026-02-05 09:36:21,107.12,107.14,1,107.07,700,107.17,200,107.17,107.07,107.07,700,107.06,500,107.05,200,107.03,600,107.0,1200,106.65,2100,106.6,300,,,,,,,107.17,200,107.18,1500,107.19,800,107.2,900,107.21,300,107.23,100,107.24,300,107.25,200,107.26,100,107.27,200
2026-02-05 09:36:22,107.095,107.14,1,107.04,600,107.15,100,107.15,107.04,107.04,600,107.03,600,107.0,1200,106.65,2100,106.6,300,,,,,,,,,,,107.15,100,107.17,300,107.18,1500,107.19,800,107.2,900,107.21,300,107.23,100,107.24,300,107.25,200,107.26,100
2026-02-05 09:36:23,107.115,107.15,1,107.07,300,107.16,200,107.16,107.07,107.07,300,107.06,100,107.04,700,107.03,600,107.0,1200,106.65,2100,106.6,300,,,,,,,107.16,200,107.17,300,107.18,1500,107.19,800,107.2,900,107.21,300,107.23,100,107.24,300,107.25,200,107.26,100
2026-02-05 09:36:24,107.115,107.15,1,107.07,600,107.16,200,107.16,107.07,107.07,600,107.06,100,107.04,700,107.03,600,107.0,1200,106.65,2100,106.6,300,,,,,,,107.16,200,107.17,300,107.18,1500,107.19,800,107.2,900,107.21,300,107.23,100,107.24,300,107.25,200,107.26,100
2026-02-05 09:36:25,107.11,107.12,1,107.07,800,107.15,200,107.15,107.07,107.07,800,107.06,100,107.04,700,107.03,600,107.0,1200,106.65,2100,106.6,300,,,,,,,107.15,200,107.16,300,107.17,300,107.18,1500,107.19,800,107.2,900,107.21,300,107.23,100,107.24,300,107.25,200
2026-02-05 09:36:26,107.12,107.1,2,107.11,100,107.13,200,107.13,107.07,107.11,100,107.07,900,107.06,100,107.04,700,107.03,600,107.0,1200,106.65,2100,106.6,300,,,,,107.13,200,107.15,200,107.16,300,107.17,300,107.18,1500,107.19,800,107.2,900,107.21,300,107.23,100,107.24,300
2026-02-05 09:36:27,107.21,107.22,1,107.15,200,107.27,1000,107.27,107.15,107.15,200,107.12,500,107.11,500,107.1,300,107.07,1000,107.06,100,107.04,700,107.03,600,107.0,1200,106.65,2100,107.27,1000,107.28,400,107.3,300,107.32,400,107.33,600,107.34,1400,107.36,300,107.38,300,107.39,200,107.4,1300
2026-02-05 09:36:28,107.2,107.22,1,107.15,100,107.25,700,107.25,107.15,107.15,100,107.12,500,107.11,500,107.1,300,107.07,1000,107.06,100,107.04,700,107.03,600,107.0,1200,106.65,2100,107.25,700,107.27,1000,107.28,400,107.3,300,107.32,400,107.33,600,107.34,1400,107.36,300,107.38,300,107.39,200
2026-02-05 09:36:29,107.2,107.22,1,107.15,200,107.25,700,107.25,107.15,107.15,200,107.12,500,107.11,500,107.1,300,107.07,1000,107.06,100,107.04,700,107.03,600,107.0,1200,106.65,2100,107.25,700,107.27,1000,107.28,400,107.3,300,107.32,400,107.33,600,107.34,1400,107.36,300,107.38,300,107.39,200
2026-02-05 09:36:30,107.2,107.25,1,107.15,600,107.25,800,107.25,107.15,107.15,600,107.12,500,107.11,500,107.1,300,107.07,1000,107.06,100,107.04,700,107.03,600,107.0,1200,106.65,2100,107.25,800,107.27,1000,107.28,400,107.3,300,107.32,400,107.33,600,107.34,1400,107.36,300,107.38,300,107.39,200
2026-02-05 09:36:31,107.205,107.25,1,107.16,1200,107.25,800,107.25,107.16,107.16,1200,107.15,1300,107.12,500,107.11,500,107.1,300,107.07,1000,107.06,100,107.04,700,107.03,600,107.0,1200,107.25,800,107.27,1000,107.28,400,107.3,300,107.32,400,107.33,600,107.34,1400,107.36,300,107.38,300,107.39,200
2026-02-05 09:36:32,107.205,107.21,2,107.16,1700,107.25,800,107.25,107.16,107.16,1700,107.15,1300,107.12,500,107.11,500,107.1,300,107.07,1000,107.06,100,107.04,700,107.03,600,107.0,1200,107.25,800,107.27,1000,107.28,400,107.3,300,107.32,400,107.33,600,107.34,1400,107.36,300,107.38,300,107.39,200
2026-02-05 09:36:33,107.205,107.21,2,107.16,1700,107.25,800,107.25,107.16,107.16,1700,107.15,1300,107.12,500,107.11,500,107.1,300,107.07,1000,107.06,100,107.04,700,107.03,600,107.0,1200,107.25,800,107.27,1000,107.28,400,107.3,300,107.32,400,107.33,600,107.34,1400,107.36,300,107.38,300,107.39,200
2026-02-05 09:36:34,107.205,107.21,2,107.16,1700,107.25,800,107.25,107.16,107.16,1700,107.15,1300,107.12,500,107.11,500,107.1,300,107.07,1000,107.06,100,107.04,700,107.03,600,107.0,1200,107.25,800,107.27,1000,107.28,400,107.3,300,107.32,400,107.33,600,107.34,1400,107.36,300,107.38,300,107.39,200
2026-02-05 09:36:35,107.27,107.28,1,107.23,400,107.31,100,107.31,107.23,107.23,400,107.22,200,107.21,100,107.2,800,107.18,100,107.17,600,107.16,1500,107.15,1300,107.12,500,107.11,500,107.31,100,107.32,200,107.33,500,107.34,1400,107.36,300,107.38,300,107.39,200,107.4,1300,107.41,100,107.43,800
