sim_time,mid_price,last_price,last_size,best_bid_price,best_bid_size,best_ask_price,best_ask_size,close_price_buy,close_price_sell,bid1_price,bid1_size,bid2_price,bid2_size,bid3_price,bid3_size,bid4_price,bid4_size,bid5_price,bid5_size,bid6_price,bid6_size,bid7_price,bid7_size,bid8_price,bid8_size,bid9_price,bid9_size,bid10_price,bid10_size,ask1_price,ask1_size,ask2_price,ask2_size,ask3_price,ask3_size,ask4_price,ask4_size,ask5_price,ask5_size,ask6_price,ask6_size,ask7_price,ask7_size,ask8_price,ask8_size,ask9_price,ask9_size,ask10_price,ask10_size
2020-10-29 09:30:27,118.01,0.0,0,117.92,18,118.1,7,118.1,117.92,117.92,18,117.91,7,117.87,5,117.85,5,117.83,1,117.8,6,,,,,,,,,118.1,7,118.11,5,118.12,4,118.13,5,118.18,6,118.21,5,,,,,,,,
2020-10-29 09:30:28,118.01,0.0,0,117.92,15,118.1,7,118.1,117.92,117.92,15,117.91,7,117.87,5,117.85,5,117.83,1,117.8,6,,,,,,,,,118.1,7,118.11,5,118.12,4,118.13,5,118.18,6,118.21,5,,,,,,,,
2020-10-29 09:30:29,118.01,0.0,0,117.93,3,118.09,13,118.09,117.93,117.93,3,117.92,13,117.91,7,117.87,5,117.85,5,117.83,1,117.8,6,,,,,,,118.09,13,118.1,7,118.11,5,118.12,4,118.13,5,118.18,6,118.21,5,,,,,,
2020-10-29 09:30:30,118.01,0.0,0,117.93,2,118.09,18,118.09,117.93,117.93,2,117.92,13,117.91,7,117.87,5,117.85,5,117.83,1,117.8,6,,,,,,,118.09,18,118.1,7,118.11,5,118.12,4,118.13,5,118.18,6,118.21,5,,,,,,
2020-10-29 09:30:31,118.01,0.0,0,117.93,2,118.09,18,118.09,117.93,117.93,2,117.92,13,117.91,7,117.87,5,117.85,5,117.83,1,117.8,6,,,,,,,118.09,18,118.1,7,118.11,5,118.12,4,118.13,5,118.18,6,118.21,5,,,,,,
2020-10-29 09:30:32,118.01,0.0,0,117.93,2,118.09,18,118.09,117.93,117.93,2,117.92,13,117.91,7,117.87,5,117.85,5,117.83,1,117.8,6,,,,,,,118.09,18,118.1,7,118.11,5,118.12,4,118.13,5,118.18,6,118.21,5,,,,,,
2020-10-29 09:30:34,118.005,0.0,0,117.93,12,118.08,1,118.08,117.93,117.93,12,117.92,13,117.91,7,117.87,5,117.85,5,117.83,1,117.8,6,,,,,,,118.08,1,118.09,16,118.1,7,118.11,5,118.12,4,118.13,5,118.18,6,118.21,5,,,,
2020-10-29 09:30:34,118.005,117.96,1,117.95,1,118.06,25,118.06,117.95,117.95,1,117.93,11,117.92,13,117.91,7,117.87,5,117.85,5,117.83,1,117.8,6,,,,,118.06,25,118.09,17,118.1,7,118.11,5,118.12,4,118.13,5,118.18,6,118.21,5,,,,
2020-10-29 09:30:35,118.02,117.96,1,117.95,1,118.09,17,118.09,117.95,117.95,1,117.93,11,117.92,13,117.91,7,117.87,5,117.85,5,117.83,1,117.8,6,,,,,118.09,17,118.1,7,118.11,5,118.12,4,118.13,5,118.18,6,118.21,5,,,,,,
2020-10-29 09:30:36,118.02,117.96,1,117.95,1,118.09,17,118.09,117.95,117.95,1,117.93,11,117.92,13,117.91,7,117.87,5,117.85,5,117.83,1,117.8,6,,,,,118.09,17,118.1,7,118.11,5,118.12,4,118.13,5,118.18,6,118.21,5,,,,,,
2020-10-29 09:30:37,118.02,117.96,1,117.95,1,118.09,17,118.09,117.95,117.95,1,117.93,11,117.92,13,117.91,7,117.87,5,117.85,5,117.83,1,117.8,6,,,,,118.09,17,118.1,7,118.11,5,118.12,4,118.13,5,118.18,6,118.21,5,,,,,,
2020-10-29 09:30:38,118.05,118.05,2,118.01,2,118.09,17,118.09,118.01,118.01,2,117.95,1,117.93,11,117.92,13,117.91,7,117.87,5,117.85,5,117.83,1,117.8,6,,,118.09,17,118.1,7,118.11,5,118.12,4,118.13,5,118.18,6,118.21,5,,,,,,
2020-10-29 09:30:39,118.05,118.05,2,118.01,2,118.09,17,118.09,118.01,118.01,2,117.95,1,117.93,11,117.92,13,117.91,7,117.87,5,117.85,5,117.83,1,117.8,6,,,118.09,17,118.1,7,118.11,5,118.12,4,118.13,5,118.18,6,118.21,5,,,,,,
2020-10-29 09:30:40,118.05,118.05,2,118.01,2,118.09,17,118.09,118.01,118.01,2,117.95,1,117.93,11,117.92,13,117.91,7,117.87,5,117.85,5,117.83,1,117.8,6,,,118.09,17,118.1,7,118.11,5,118.12,4,118.13,5,118.18,6,118.21,5,,,,,,
2020-10-29 09:30:41,118.05,118.05,2,118.01,2,118.09,17,118.09,118.01,118.01,2,117.95,1,117.93,11,117.92,13,117.91,7,117.87,5,117.85,5,117.83,1,117.8,6,,,118.09,17,118.1,7,118.11,5,118.12,4,118.13,5,118.18,6,118.21,5,,,,,,
2020-10-29 09:30:42,118.05,118.05,2,118.01,2,118.09,17,118.09,118.01,118.01,2,117.95,1,117.93,11,117.92,13,117.91,7,117.87,5,117.85,5,117.83,1,117.8,6,,,118.09,17,118.1,7,118.11,5,118.12,4,118.13,5,118.18,6,118.21,5,,,,,,
2020-10-29 09:30:43,118.02,118.0,1,117.95,1,118.09,18,118.09,117.95,117.95,1,117.93,11,117.92,13,117.91,7,117.87,5,117.85,5,117.83,1,117.8,6,,,,,118.09,18,118.1,7,118.11,5,118.12,4,118.13,5,118.18,6,118.21,5,,,,,,
2020-10-29 09:30:44,118.12,118.0,1,117.96,6,118.28,3,118.28,117.96,117.96,6,117.95,4,117.93,11,117.92,13,117.91,7,117.87,5,117.85,5,117.83,1,117.8,6,,,118.28,3,,,,,,,,,,,,,,,,,,
2020-10-29 09:30:45,118.12,118.0,1,117.96,6,118.28,8,118.28,117.96,117.96,6,117.95,4,117.93,11,117.92,13,117.91,7,117.87,5,117.85,5,117.83,1,117.8,6,,,118.28,8,,,,,,,,,,,,,,,,,,
2020-10-29 09:30:46,118.12,118.0,1,117.96,6,118.28,8,118.28,117.96,117.96,6,117.95,4,117.93,11,117.92,13,117.91,7,117.87,5,117.85,5,117.83,1,117.8,6,,,118.28,8,,,,,,,,,,,,,,,,,,
2020-10-29 09:30:47,118.12,118.0,1,117.96,6,118.28,8,118.28,117.96,117.96,6,117.95,4,117.93,11,117.92,13,117.91,7,117.87,5,117.85,5,117.83,1,117.8,6,,,118.28,8,,,,,,,,,,,,,,,,,,
2020-10-29 09:30:48,118.12,118.0,1,117.96,6,118.28,8,118.28,117.96,117.96,6,117.95,4,117.93,11,117.92,13,117.91,7,117.87,5,117.85,5,117.83,1,117.8,6,,,118.28,8,,,,,,,,,,,,,,,,,,
2020-10-29 09:30:49,118.12,118.0,1,117.96,6,118.28,8,118.28,117.96,117.96,6,117.95,4,117.93,11,117.92,13,117.91,7,117.87,5,117.85,5,117.83,1,117.8,6,,,118.28,8,,,,,,,,,,,,,,,,,,
2020-10-29 09:30:50,118.12,118.0,1,117.96,6,118.28,8,118.28,117.96,117.96,6,117.95,4,117.93,11,117.92,13,117.91,7,117.87,5,117.85,5,117.83,1,117.8,6,,,118.28,8,,,,,,,,,,,,,,,,,,
2020-10-29 09:30:51,118.12,118.0,1,117.96,6,118.28,8,118.28,117.96,117.96,6,117.95,4,117.93,11,117.92,13,117.91,7,117.87,5,117.85,5,117.83,1,117.8,6,,,118.28,8,,,,,,,,,,,,,,,,,,
2020-10-29 09:30:52,118.14,118.0,1,118.0,4,118.28,8,118.28,118.0,118.0,4,117.96,6,117.95,4,117.93,11,117.92,13,117.91,7,117.87,5,117.85,5,117.83,1,117.8,6,118.28,8,,,,,,,,,,,,,,,,,,
2020-10-29 09:30:54,118.14,118.0,1,118.0,4,118.28,8,118.28,118.0,118.0,4,117.96,6,117.95,4,117.93,11,117.92,13,117.91,7,117.87,5,117.85,5,117.83,1,117.8,6,118.28,8,,,,,,,,,,,,,,,,,,
2020-10-29 09:30:54,118.14,118.0,1,118.0,3,118.28,8,118.28,118.0,118.0,3,117.96,6,117.95,4,117.93,11,117.92,13,117.91,7,117.87,5,117.85,5,117.83,1,117.8,6,118.28,8,,,,,,,,,,,,,,,,,,
2020-10-29 09:30:55,118.14,118.0,1,118.0,3,118.28,8,118.28,118.0,118.0,3,117.96,6,117.95,4,117.93,11,117.92,13,117.91,7,117.87,5,117.85,5,117.83,1,117.8,6,118.28,8,,,,,,,,,,,,,,,,,,
2020-10-29 09:30:56,118.14,118.0,1,118.0,3,118.28,8,118.28,118.0,118.0,3,117.96,6,117.95,4,117.93,11,117.92,13,117.91,7,117.87,5,117.85,5,117.83,1,117.8,6,118.28,8,,,,,,,,,,,,,,,,,,
2020-10-29 09:30:57,118.14,118.0,1,118.0,14,118.28,8,118.28,118.0,118.0,14,117.96,6,117.95,4,117.93,11,117.92,13,117.91,7,117.87,5,117.85,5,117.83,1,117.8,6,118.28,8,,,,,,,,,,,,,,,,,,
2020-10-29 09:30:59,118.14,118.0,1,118.0,14,118.28,8,118.28,118.0,118.0,14,117.96,6,117.95,4,117.93,11,117.92,13,117.91,7,117.87,5,117.85,5,117.83,1,117.8,6,118.28,8,,,,,,,,,,,,,,,,,,
2020-10-29 09:31:00,118.14,118.0,1,118.0,14,118.28,1,118.28,118.0,118.0,14,117.96,6,117.95,4,117.93,11,117.92,13,117.91,7,117.87,5,117.85,5,117.83,1,117.8,6,118.28,1,118.3,4,,,,,,,,,,,,,,,,
2020-10-29 09:31:00,118.135,118.0,1,118.0,14,118.27,6,118.27,118.0,118.0,14,117.96,6,117.95,4,117.93,11,117.92,13,117.91,7,117.87,5,117.85,5,117.83,1,117.8,6,118.27,6,118.28,6,118.3,4,,,,,,,,,,,,,,
2020-10-29 09:31:01,118.135,118.0,1,118.0,14,118.27,6,118.27,118.0,118.0,14,117.96,6,117.95,4,117.93,11,117.92,13,117.91,7,117.87,5,117.85,5,117.83,1,117.8,6,118.27,6,118.28,6,118.3,4,,,,,,,,,,,,,,
2020-10-29 09:31:02,118.135,118.0,1,118.0,14,118.27,6,118.27,118.0,118.0,14,117.96,6,117.95,4,117.93,11,117.92,13,117.91,7,117.87,5,117.85,5,117.83,1,117.8,6,118.27,6,118.28,6,118.3,4,,,,,,,,,,,,,,
2020-10-29 09:31:04,118.135,118.0,1,118.0,14,118.27,6,118.27,118.0,118.0,14,117.96,6,117.95,4,117.93,11,117.92,13,117.91,7,117.87,5,117.85,5,117.83,1,117.8,6,118.27,6,118.28,6,118.3,4,,,,,,,,,,,,,,
2020-10-29 09:31:05,118.135,118.0,1,118.0,14,118.27,6,118.27,118.0,118.0,14,117.96,6,117.95,4,117.93,11,117.92,13,117.91,7,117.87,5,117.85,5,117.83,1,117.8,6,118.27,6,118.28,6,118.3,4,,,,,,,,,,,,,,
2020-10-29 09:31:06,118.135,118.0,1,118.0,14,118.27,6,118.27,118.0,118.0,14,117.96,6,117.95,4,117.93,11,117.92,13,117.91,7,117.87,5,117.85,5,117.83,1,117.8,6,118.27,6,118.28,6,118.3,4,,,,,,,,,,,,,,
2020-10-29 09:31:07,118.135,118.0,1,118.0,14,118.27,6,118.27,118.0,118.0,14,117.96,6,117.95,4,117.93,11,117.92,13,117.91,7,117.87,5,117.85,5,117.83,1,117.8,6,118.27,6,118.28,6,118.3,4,,,,,,,,,,,,,,
2020-10-29 09:31:08,118.145,118.0,1,118.02,5,118.27,6,118.27,118.02,118.02,5,118.01,8,118.0,14,117.96,6,117.95,4,117.93,11,117.92,13,117.91,7,117.87,5,117.85,5,118.27,6,118.28,6,118.3,4,,,,,,,,,,,,,,
2020-10-29 09:31:09,118.09,118.0,1,118.02,9,118.16,3,118.16,118.02,118.02,9,118.01,8,118.0,14,117.96,6,117.95,4,117.93,11,117.92,13,117.91,7,117.87,5,117.85,5,118.16,3,118.27,5,118.28,6,118.3,4,,,,,,,,,,,,
2020-10-29 09:31:10,118.09,118.0,1,118.02,9,118.16,3,118.16,118.02,118.02,9,118.01,8,118.0,14,117.96,6,117.95,4,117.93,11,117.92,13,117.91,7,117.87,5,117.85,5,118.16,3,118.27,5,118.28,6,118.3,4,,,,,,,,,,,,
2020-10-29 09:31:11,118.09,118.0,1,118.02,9,118.16,3,118.16,118.02,118.02,9,118.01,8,118.0,14,117.96,6,117.95,4,117.93,11,117.92,13,117.91,7,117.87,5,117.85,5,118.16,3,118.27,5,118.28,6,118.3,4,,,,,,,,,,,,
2020-10-29 09:31:12,118.09,118.09,1,118.02,10,118.16,3,118.16,118.02,118.02,10,118.01,8,118.0,14,117.96,6,117.95,4,117.93,11,117.92,13,117.91,7,117.87,5,117.85,5,118.16,3,118.27,5,118.28,6,118.3,4,,,,,,,,,,,,
2020-10-29 09:31:13,118.085,118.09,1,118.01,5,118.16,3,118.16,118.01,118.01,5,118.0,14,117.96,6,117.95,4,117.93,11,117.92,13,117.91,7,117.87,5,117.85,5,117.83,1,118.16,3,118.27,5,118.28,6,118.3,4,,,,,,,,,,,,
2020-10-29 09:31:14,118.085,118.09,1,118.01,5,118.16,3,118.16,118.01,118.01,5,118.0,14,117.96,6,117.95,4,117.93,11,117.92,13,117.91,7,117.87,5,117.85,5,117.83,1,118.16,3,118.27,5,118.28,6,118.3,4,,,,,,,,,,,,
2020-10-29 09:31:15,118.085,118.09,1,118.01,5,118.16,6,118.16,118.01,118.01,5,118.0,14,117.96,6,117.95,4,117.93,11,117.92,13,117.91,7,117.87,5,117.85,5,117.83,1,118.16,6,118.27,5,118.28,6,118.3,4,,,,,,,,,,,,
2020-10-29 09:31:16,118.085,118.09,1,118.01,5,118.16,11,118.16,118.01,118.01,5,118.0,14,117.96,6,117.95,4,117.93,11,117.92,13,117.91,7,117.87,5,117.85,5,117.83,1,118.16,11,118.27,5,118.28,6,118.3,4,,,,,,,,,,,,
2020-10-29 09:31:16,118.045,118.09,1,118.01,2,118.08,2,118.08,118.01,118.01,2,118.0,14,117.96,6,117.95,4,117.93,11,117.92,13,117.91,7,117.87,5,117.85,5,117.83,1,118.08,2,118.15,9,118.16,10,118.27,5,118.28,6,118.3,4,,,,,,,,
2020-10-29 09:31:18,118.06,118.01,1,117.99,1,118.13,6,118.13,117.99,117.99,1,117.96,6,117.95,4,117.93,11,117.92,13,117.91,7,117.87,5,117.85,5,117.83,1,117.8,6,118.13,6,118.15,9,118.16,10,118.27,5,118.28,6,118.3,4,,,,,,,,
2020-10-29 09:31:19,118.06,118.01,1,117.99,1,118.13,5,118.13,117.99,117.99,1,117.96,6,117.95,4,117.93,11,117.92,13,117.91,7,117.87,5,117.85,5,117.83,1,117.8,6,118.13,5,118.15,9,118.16,10,118.27,5,118.28,6,118.3,4,,,,,,,,
2020-10-29 09:31:20,118.06,118.01,1,117.99,1,118.13,5,118.13,117.99,117.99,1,117.96,6,117.95,4,117.93,11,117.92,13,117.91,7,117.87,5,117.85,5,117.83,1,117.8,6,118.13,5,118.15,9,118.16,10,118.27,5,118.28,6,118.3,4,,,,,,,,
2020-10-29 09:31:21,118.06,118.01,1,117.99,1,118.13,5,118.13,117.99,117.99,1,117.96,6,117.95,4,117.93,11,117.92,13,117.91,7,117.87,5,117.85,5,117.83,1,117.8,6,118.13,5,118.15,9,118.16,10,118.27,5,118.28,6,118.3,4,,,,,,,,
2020-10-29 09:31:22,118.06,118.01,1,117.99,1,118.13,5,118.13,117.99,117.99,1,117.96,6,117.95,4,117.93,11,117.92,13,117.91,7,117.87,5,117.85,5,117.83,1,117.8,6,118.13,5,118.15,9,118.16,10,118.27,5,118.28,6,118.3,4,,,,,,,,
2020-10-29 09:31:23,117.97,117.95,1,117.91,6,118.03,2,118.03,117.91,117.91,6,117.87,5,117.85,5,117.83,1,117.8,6,,,,,,,,,,,118.03,2,118.06,24,118.07,6,118.13,6,118.15,9,118.16,10,118.27,5,118.28,6,118.3,4,,
2020-10-29 09:31:24,117.99,117.92,1,117.91,6,118.07,9,118.07,117.91,117.91,6,117.87,5,117.85,5,117.83,1,117.8,6,,,,,,,,,,,118.07,9,118.13,6,118.15,9,118.16,10,118.27,5,118.28,6,118.3,4,,,,,,
2020-10-29 09:31:25,117.99,117.92,1,117.91,6,118.07,9,118.07,117.91,117.91,6,117.87,5,117.85,5,117.83,1,117.8,6,,,,,,,,,,,118.07,9,118.13,6,118.15,9,118.16,10,118.27,5,118.28,6,118.3,4,,,,,,
2020-10-29 09:31:26,117.99,117.91,1,117.92,2,118.06,7,118.06,117.92,117.92,2,117.91,18,117.89,6,117.87,5,117.85,5,117.83,1,117.8,6,,,,,,,118.06,7,118.07,9,118.13,6,118.15,9,118.16,10,118.27,5,118.28,6,118.3,4,,,,
2020-10-29 09:31:27,117.995,117.91,1,117.93,11,118.06,7,118.06,117.93,117.93,11,117.92,7,117.91,18,117.89,6,117.87,5,117.85,5,117.83,1,117.8,6,,,,,118.06,7,118.07,9,118.13,6,118.15,9,118.16,10,118.27,5,118.28,6,118.3,4,,,,
2020-10-29 09:31:28,117.98,117.93,1,117.89,7,118.07,10,118.07,117.89,117.89,7,117.87,5,117.85,5,117.83,1,117.8,6,,,,,,,,,,,118.07,10,118.13,6,118.15,9,118.16,10,118.27,5,118.28,6,118.3,4,,,,,,
2020-10-29 09:31:29,117.99,117.93,1,117.91,17,118.07,10,118.07,117.91,117.91,17,117.9,11,117.89,6,117.87,5,117.85,5,117.83,1,117.8,6,,,,,,,118.07,10,118.13,6,118.15,9,118.16,10,118.27,5,118.28,6,118.3,4,,,,,,
2020-10-29 09:31:30,118.025,117.93,1,117.92,12,118.13,6,118.13,117.92,117.92,12,117.91,15,117.9,11,117.89,6,117.87,5,117.85,5,117.83,1,117.8,6,,,,,118.13,6,118.16,10,118.27,5,118.28,6,118.3,4,,,,,,,,,,
2020-10-29 09:31:31,118.025,117.93,1,117.92,12,118.13,6,118.13,117.92,117.92,12,117.91,15,117.9,11,117.89,6,117.87,5,117.85,5,117.83,1,117.8,6,,,,,118.13,6,118.16,10,118.27,5,118.28,6,118.3,4,,,,,,,,,,
2020-10-29 09:31:32,118.035,118.05,1,117.98,10,118.09,1,118.09,117.98,117.98,10,117.93,1,117.92,12,117.91,14,117.9,11,117.89,6,117.87,5,117.85,5,117.83,1,117.8,6,118.09,1,118.1,1,118.13,11,118.16,10,118.27,5,118.28,6,118.3,4,,,,,,
2020-10-29 09:31:33,118.035,118.05,1,117.98,10,118.09,2,118.09,117.98,117.98,10,117.93,1,117.92,12,117.91,14,117.9,11,117.89,6,117.87,5,117.85,5,117.83,1,117.8,6,118.09,2,118.1,1,118.13,11,118.16,10,118.27,5,118.28,6,118.3,4,,,,,,
2020-10-29 09:31:34,118.035,118.05,1,117.98,10,118.09,2,118.09,117.98,117.98,10,117.93,1,117.92,12,117.91,14,117.9,11,117.89,6,117.87,5,117.85,5,117.83,1,117.8,6,118.09,2,118.1,1,118.13,11,118.16,10,118.27,5,118.28,6,118.3,4,,,,,,
2020-10-29 09:31:35,118.025,117.98,1,117.93,5,118.12,4,118.12,117.93,117.93,5,117.92,6,117.91,22,117.89,6,117.87,5,117.85,5,117.83,1,117.8,6,,,,,118.12,4,118.13,11,118.16,10,118.27,5,118.28,6,118.3,4,,,,,,,,
2020-10-29 09:31:36,118.025,117.98,1,117.93,5,118.12,5,118.12,117.93,117.93,5,117.92,6,117.91,22,117.89,6,117.87,5,117.85,5,117.83,1,117.8,6,,,,,118.12,5,118.13,11,118.16,10,118.27,5,118.28,6,118.3,4,,,,,,,,
2020-10-29 09:31:37,118.025,117.98,1,117.93,9,118.12,5,118.12,117.93,117.93,9,117.92,6,117.91,22,117.89,6,117.87,5,117.85,5,117.83,1,117.8,6,,,,,118.12,5,118.13,11,118.16,10,118.27,5,118.28,6,118.3,4,,,,,,,,
2020-10-29 09:31:38,118.015,117.98,1,117.93,9,118.1,4,118.1,117.93,117.93,9,117.92,6,117.91,22,117.89,6,117.87,5,117.85,5,117.83,1,117.8,6,,,,,118.1,4,118.12,5,118.13,11,118.16,10,118.27,5,118.28,6,118.3,4,,,,,,
2020-10-29 09:31:39,118.015,117.98,1,117.93,16,118.1,4,118.1,117.93,117.93,16,117.92,6,117.91,22,117.89,6,117.87,5,117.85,5,117.83,1,117.8,6,,,,,118.1,4,118.12,5,118.13,11,118.16,10,118.27,5,118.28,6,118.3,4,,,,,,
2020-10-29 09:31:40,118.045,117.98,1,117.99,1,118.1,4,118.1,117.99,117.99,1,117.98,5,117.93,13,117.92,6,117.91,22,117.89,6,117.87,5,117.85,5,117.83,1,117.8,6,118.1,4,118.12,5,118.13,11,118.16,10,118.27,5,118.28,6,118.3,4,,,,,,
2020-10-29 09:31:41,118.04,117.98,1,117.98,5,118.1,4,118.1,117.98,117.98,5,117.93,13,117.92,6,117.91,22,117.89,6,117.87,5,117.85,5,117.83,1,117.8,6,,,118.1,4,118.12,5,118.13,11,118.16,10,118.27,5,118.28,6,118.3,4,,,,,,
2020-10-29 09:31:42,118.04,117.98,1,117.98,5,118.1,16,118.1,117.98,117.98,5,117.93,13,117.92,6,117.91,22,117.89,6,117.87,5,117.85,5,117.83,1,117.8,6,,,118.1,16,118.12,5,118.13,11,118.16,10,118.27,5,118.28,6,118.3,4,,,,,,
2020-10-29 09:31:43,117.99,117.98,1,117.92,1,118.06,21,118.06,117.92,117.92,1,117.91,22,117.89,6,117.87,5,117.85,5,117.83,1,117.8,6,,,,,,,118.06,21,118.07,7,118.1,16,118.12,5,118.13,11,118.16,10,118.27,5,118.28,6,118.3,4,,
2020-10-29 09:31:44,117.945,117.92,1,117.88,1,118.01,3,118.01,117.88,117.88,1,117.87,5,117.85,5,117.83,1,117.8,6,,,,,,,,,,,118.01,3,118.04,2,118.06,21,118.07,7,118.1,16,118.12,5,118.13,11,118.16,10,118.27,5,118.28,6
2020-10-29 09:31:45,117.96,117.92,1,117.91,2,118.01,3,118.01,117.91,117.91,2,117.88,1,117.87,5,117.85,5,117.83,1,117.8,6,,,,,,,,,118.01,3,118.04,2,118.06,21,118.07,7,118.1,16,118.12,5,118.13,11,118.16,10,118.27,5,118.28,6
2020-10-29 09:31:46,117.96,117.92,1,117.91,2,118.01,5,118.01,117.91,117.91,2,117.88,1,117.87,5,117.85,5,117.83,1,117.8,6,,,,,,,,,118.01,5,118.04,2,118.06,21,118.07,7,118.1,16,118.12,5,118.13,11,118.16,10,118.27,5,118.28,6
2020-10-29 09:31:47,117.96,117.92,1,117.91,2,118.01,5,118.01,117.91,117.91,2,117.88,1,117.87,5,117.85,5,117.83,1,117.8,6,,,,,,,,,118.01,5,118.04,2,118.06,21,118.07,7,118.1,16,118.12,5,118.13,11,118.16,10,118.27,5,118.28,6
2020-10-29 09:31:48,117.96,117.92,1,117.91,2,118.01,5,118.01,117.91,117.91,2,117.88,1,117.87,5,117.85,5,117.83,1,117.8,6,,,,,,,,,118.01,5,118.04,2,118.06,21,118.07,7,118.1,16,118.12,5,118.13,11,118.16,10,118.27,5,118.28,6
2020-10-29 09:31:49,117.96,117.92,1,117.91,2,118.01,5,118.01,117.91,117.91,2,117.88,1,117.87,5,117.85,5,117.83,1,117.8,6,,,,,,,,,118.01,5,118.04,2,118.06,21,118.07,7,118.1,16,118.12,5,118.13,11,118.16,10,118.27,5,118.28,6
2020-10-29 09:31:50,117.97,117.95,5,117.95,34,117.99,8,117.99,117.95,117.95,34,117.92,9,117.91,7,117.88,1,117.87,5,117.85,5,117.83,1,117.8,6,,,,,117.99,8,118.0,13,118.01,15,118.02,2,118.08,7,118.1,16,118.12,5,118.13,11,118.16,10,118.27,5
2020-10-29 09:31:51,118.045,118.05,1,117.99,7,118.1,21,118.1,117.99,117.99,7,117.98,2,117.97,10,117.95,2,117.92,8,117.91,7,117.88,1,117.87,5,117.85,5,117.83,1,118.1,21,118.12,5,118.13,11,118.16,10,118.27,5,118.28,6,118.3,4,,,,,,
2020-10-29 09:31:52,118.025,117.98,4,117.96,3,118.09,4,118.09,117.96,117.96,3,117.95,11,117.94,3,117.92,8,117.91,7,117.88,1,117.87,5,117.85,5,117.83,1,117.8,6,118.09,4,118.1,25,118.12,5,118.13,11,118.16,10,118.27,5,118.28,6,118.3,4,,,,
2020-10-29 09:31:53,118.025,118.03,1,117.96,15,118.09,4,118.09,117.96,117.96,15,117.95,11,117.94,3,117.92,8,117.91,7,117.88,1,117.87,5,117.85,5,117.83,1,117.8,6,118.09,4,118.1,25,118.12,5,118.13,11,118.16,10,118.27,5,118.28,6,118.3,4,,,,
2020-10-29 09:31:54,118.07,118.06,1,118.01,2,118.13,12,118.13,118.01,118.01,2,118.0,2,117.99,1,117.96,15,117.95,11,117.94,3,117.92,8,117.91,7,117.88,1,117.87,5,118.13,12,118.16,10,118.27,5,118.28,6,118.3,4,,,,,,,,,,
2020-10-29 09:31:55,118.065,118.07,1,118.01,4,118.12,17,118.12,118.01,118.01,4,118.0,2,117.99,1,117.96,15,117.95,11,117.94,3,117.92,8,117.91,7,117.88,1,117.87,5,118.12,17,118.13,3,118.16,10,118.27,5,118.28,6,118.3,4,,,,,,,,
2020-10-29 09:31:56,118.065,118.07,2,118.01,6,118.12,11,118.12,118.01,118.01,6,118.0,2,117.99,1,117.96,15,117.95,11,117.94,3,117.92,8,117.91,7,117.88,1,117.87,5,118.12,11,118.13,10,118.16,10,118.27,5,118.28,6,118.3,4,,,,,,,,
2020-10-29 09:31:57,117.95,117.91,1,117.9,12,118.0,5,118.0,117.9,117.9,12,117.88,1,117.87,5,117.85,5,117.83,1,117.8,6,,,,,,,,,118.0,5,118.06,9,118.07,8,118.12,11,118.13,10,118.16,10,118.27,5,118.28,6,118.3,4,,
2020-10-29 09:31:58,117.95,117.91,1,117.9,11,118.0,3,118.0,117.9,117.9,11,117.88,1,117.87,5,117.85,5,117.83,1,117.8,6,,,,,,,,,118.0,3,118.06,9,118.07,8,118.12,11,118.13,10,118.16,10,118.27,5,118.28,6,118.3,4,,
2020-10-29 09:31:59,117.86,117.88,7,117.8,19,117.92,20,117.92,117.8,117.8,19,,,,,,,,,,,,,,,,,,,117.92,20,117.93,2,117.96,8,117.98,1,118.0,3,118.06,9,118.07,8,118.12,11,118.13,10,118.16,10
2020-10-29 09:32:00,117.94,117.92,1,117.87,13,118.01,2,118.01,117.87,117.87,13,117.86,11,117.85,1,117.84,10,117.83,11,117.81,1,117.8,18,,,,,,,118.01,2,118.06,9,118.07,8,118.12,11,118.13,10,118.16,10,118.27,5,118.28,6,118.3,4,,
2020-10-29 09:32:01,117.935,117.88,1,117.87,3,118.0,1,118.0,117.87,117.87,3,117.86,10,117.85,14,117.83,12,117.81,1,117.8,18,,,,,,,,,118.0,1,118.01,14,118.06,9,118.07,8,118.12,11,118.13,10,118.16,10,118.27,5,118.28,6,118.3,4
2020-10-29 09:32:02,117.935,117.88,4,117.87,3,118.0,15,118.0,117.87,117.87,3,117.86,10,117.85,14,117.83,12,117.81,1,117.8,18,,,,,,,,,118.0,15,118.01,14,118.06,9,118.07,8,118.12,11,118.13,10,118.16,10,118.27,5,118.28,6,118.3,4
2020-10-29 09:32:03,117.94,117.99,1,117.88,3,118.0,14,118.0,117.88,117.88,3,117.87,9,117.86,10,117.85,14,117.83,12,117.81,1,117.8,18,,,,,,,118.0,14,118.01,14,118.06,9,118.07,8,118.12,11,118.13,10,118.16,10,118.27,5,118.28,6,118.3,4
2020-10-29 09:32:04,117.945,117.99,1,117.89,6,118.0,14,118.0,117.89,117.89,6,117.88,14,117.87,9,117.86,10,117.85,14,117.83,12,117.81,1,117.8,18,,,,,118.0,14,118.01,14,118.06,9,118.07,8,118.12,11,118.13,10,118.16,10,118.27,5,118.28,6,118.3,4
2020-10-29 09:32:05,117.945,117.94,6,117.89,12,118.0,14,118.0,117.89,117.89,12,117.88,14,117.87,9,117.86,10,117.85,14,117.83,12,117.81,1,117.8,18,,,,,118.0,14,118.01,14,118.06,9,118.07,8,118.12,11,118.13,10,118.16,10,118.27,5,118.28,6,118.3,4
2020-10-29 09:32:06,117.945,117.99,1,117.89,21,118.0,20,118.0,117.89,117.89,21,117.88,14,117.87,9,117.86,10,117.85,14,117.83,12,117.81,1,117.8,18,,,,,118.0,20,118.01,14,118.06,9,118.07,8,118.12,11,118.13,10,118.16,10,118.27,5,118.28,6,118.3,4
2020-10-29 09:32:07,117.855,117.89,1,117.82,11,117.89,2,117.89,117.82,117.82,11,117.81,10,117.8,18,,,,,,,,,,,,,,,117.89,2,117.9,1,117.93,8,117.99,10,118.0,17,118.01,14,118.06,9,118.07,8,118.12,11,118.13,10
2020-10-29 09:32:08,117.85,117.82,1,117.81,16,117.89,2,117.89,117.81,117.81,16,117.8,18,,,,,,,,,,,,,,,,,117.89,2,117.9,1,117.93,8,117.99,10,118.0,17,118.01,14,118.06,9,118.07,8,118.12,11,118.13,10
2020-10-29 09:32:09,117.845,117.81,2,117.8,18,117.89,5,117.89,117.8,117.8,18,,,,,,,,,,,,,,,,,,,117.89,5,117.9,1,117.93,8,117.99,10,118.0,17,118.01,14,118.06,9,118.07,8,118.12,11,118.13,10
2020-10-29 09:32:10,117.65,117.59,1,117.6,3,117.7,8,117.7,117.6,117.6,3,117.59,3,117.58,2,117.55,1,,,,,,,,,,,,,117.7,8,117.72,13,117.73,3,117.75,2,117.8,6,117.81,15,117.83,2,117.84,1,117.88,1,117.89,10
2020-10-29 09:32:11,117.635,117.65,1,117.61,4,117.66,12,117.66,117.61,117.61,4,117.6,3,117.59,3,117.58,2,117.55,1,,,,,,,,,,,117.66,12,117.7,9,117.72,13,117.73,3,117.75,2,117.8,6,117.81,15,117.83,2,117.84,1,117.88,1
2020-10-29 09:32:12,117.59,117.58,1,117.53,7,117.65,14,117.65,117.53,117.53,7,117.51,5,,,,,,,,,,,,,,,,,117.65,14,117.66,12,117.7,9,117.72,13,117.73,3,117.75,2,117.8,6,117.81,15,117.83,2,117.84,1
2020-10-29 09:32:13,117.59,117.59,1,117.53,7,117.65,14,117.65,117.53,117.53,7,117.51,5,,,,,,,,,,,,,,,,,117.65,14,117.66,12,117.7,9,117.72,13,117.73,3,117.75,2,117.8,6,117.81,15,117.83,2,117.84,1
2020-10-29 09:32:14,117.59,117.64,2,117.53,6,117.65,14,117.65,117.53,117.53,6,117.51,5,,,,,,,,,,,,,,,,,117.65,14,117.66,12,117.7,9,117.72,13,117.73,3,117.75,2,117.8,6,117.81,15,117.83,2,117.84,1
2020-10-29 09:32:15,117.595,117.64,1,117.54,1,117.65,14,117.65,117.54,117.54,1,117.53,6,117.51,5,,,,,,,,,,,,,,,117.65,14,117.66,12,117.7,9,117.72,13,117.73,3,117.75,2,117.8,6,117.81,15,117.83,2,117.84,1
2020-10-29 09:32:16,117.59,117.6,1,117.53,7,117.65,17,117.65,117.53,117.53,7,117.51,5,,,,,,,,,,,,,,,,,117.65,17,117.66,12,117.7,9,117.72,13,117.73,3,117.75,2,117.8,6,117.81,15,117.83,2,117.84,1
2020-10-29 09:32:17,117.59,117.6,1,117.53,6,117.65,17,117.65,117.53,117.53,6,117.51,5,,,,,,,,,,,,,,,,,117.65,17,117.66,12,117.7,9,117.72,13,117.73,3,117.75,2,117.8,6,117.81,15,117.83,2,117.84,1
2020-10-29 09:32:18,117.59,117.6,1,117.53,6,117.65,17,117.65,117.53,117.53,6,117.51,5,,,,,,,,,,,,,,,,,117.65,17,117.66,12,117.7,9,117.72,13,117.73,3,117.75,2,117.8,6,117.81,15,117.83,2,117.84,1
2020-10-29 09:32:19,117.565,117.59,5,117.53,9,117.6,2,117.6,117.53,117.53,9,117.51,5,,,,,,,,,,,,,,,,,117.6,2,117.62,1,117.64,1,117.65,17,117.66,12,117.7,9,117.72,13,117.73,3,117.75,2,117.8,6
2020-10-29 09:32:20,117.465,117.48,1,117.45,3,117.48,1,117.48,117.45,117.45,3,117.44,9,117.4,10,,,,,,,,,,,,,,,117.48,1,117.5,11,117.51,1,117.52,10,117.54,12,117.55,9,117.56,7,117.57,2,117.59,1,117.6,15
2020-10-29 09:32:21,117.46,117.46,1,117.4,10,117.52,22,117.52,117.4,117.4,10,,,,,,,,,,,,,,,,,,,117.52,22,117.54,12,117.55,9,117.56,7,117.57,2,117.59,1,117.6,15,117.62,1,117.64,1,117.65,17
2020-10-29 09:32:22,117.44,117.46,1,117.41,2,117.47,14,117.47,117.41,117.41,2,117.4,10,,,,,,,,,,,,,,,,,117.47,14,117.49,10,117.51,10,117.52,23,117.54,12,117.55,9,117.56,7,117.57,2,117.59,1,117.6,15
2020-10-29 09:32:23,117.53,117.51,1,117.5,2,117.56,4,117.56,117.5,117.5,2,117.48,4,117.47,4,117.46,3,117.45,1,117.43,1,117.4,10,,,,,,,117.56,4,117.57,2,117.59,1,117.6,15,117.62,1,117.64,1,117.65,17,117.66,12,117.7,9,117.72,13
2020-10-29 09:32:24,117.515,117.53,1,117.47,5,117.56,7,117.56,117.47,117.47,5,117.46,3,117.45,1,117.43,1,117.4,10,,,,,,,,,,,117.56,7,117.57,2,117.59,1,117.6,15,117.62,1,117.64,1,117.65,17,117.66,12,117.7,9,117.72,13
2020-10-29 09:32:25,117.515,117.53,1,117.47,5,117.56,7,117.56,117.47,117.47,5,117.46,3,117.45,1,117.43,1,117.4,10,,,,,,,,,,,117.56,7,117.57,2,117.59,1,117.6,15,117.62,1,117.64,1,117.65,17,117.66,12,117.7,9,117.72,13
2020-10-29 09:32:26,117.515,117.53,1,117.47,5,117.56,9,117.56,117.47,117.47,5,117.46,3,117.45,1,117.43,1,117.4,10,,,,,,,,,,,117.56,9,117.57,2,117.59,1,117.6,15,117.62,1,117.64,1,117.65,17,117.66,12,117.7,9,117.72,13
2020-10-29 09:32:27,117.585,117.57,1,117.52,14,117.65,1,117.65,117.52,117.52,14,117.51,1,117.49,1,117.47,5,117.46,3,117.45,1,117.43,1,117.4,10,,,,,117.65,1,117.71,2,117.72,13,117.73,3,117.75,2,117.8,6,117.81,15,117.83,2,117.84,1,117.88,1
2020-10-29 09:32:28,117.655,117.74,1,117.56,6,117.75,11,117.75,117.56,117.56,6,117.53,1,117.52,14,117.51,1,117.49,1,117.47,5,117.46,3,117.45,1,117.43,1,117.4,10,117.75,11,117.76,1,117.8,6,117.81,15,117.83,2,117.84,1,117.88,1,117.89,10,117.9,1,117.93,8
2020-10-29 09:32:29,117.67,117.6,1,117.59,3,117.75,11,117.75,117.59,117.59,3,117.58,9,117.57,9,117.56,14,117.53,1,117.52,14,117.51,1,117.49,1,117.47,5,117.46,3,117.75,11,117.76,1,117.8,6,117.81,15,117.83,2,117.84,1,117.88,1,117.89,10,117.9,1,117.93,8
2020-10-29 09:32:30,117.65,117.59,2,117.58,3,117.72,3,117.72,117.58,117.58,3,117.57,10,117.56,14,117.53,1,117.52,14,117.51,1,117.49,1,117.47,5,117.46,3,117.45,1,117.72,3,117.74,1,117.75,11,117.76,1,117.8,6,117.81,15,117.83,2,117.84,1,117.88,1,117.89,10
2020-10-29 09:32:31,117.65,117.6,1,117.58,4,117.72,10,117.72,117.58,117.58,4,117.57,10,117.56,14,117.53,1,117.52,14,117.51,1,117.49,1,117.47,5,117.46,3,117.45,1,117.72,10,117.74,1,117.75,11,117.76,1,117.8,6,117.81,15,117.83,2,117.84,1,117.88,1,117.89,10
2020-10-29 09:32:32,117.61,117.57,1,117.56,13,117.66,2,117.66,117.56,117.56,13,117.53,1,117.52,14,117.51,1,117.49,1,117.47,5,117.46,3,117.45,1,117.43,1,117.4,10,117.66,2,117.71,9,117.72,15,117.74,1,117.75,11,117.76,1,117.8,6,117.81,15,117.83,2,117.84,1
2020-10-29 09:32:33,117.64,117.57,1,117.56,10,117.72,16,117.72,117.56,117.56,10,117.53,1,117.52,14,117.51,1,117.49,1,117.47,5,117.46,3,117.45,1,117.43,1,117.4,10,117.72,16,117.74,1,117.75,11,117.76,1,117.8,6,117.81,15,117.83,2,117.84,1,117.88,1,117.89,10
2020-10-29 09:32:34,117.635,117.64,2,117.56,9,117.71,2,117.71,117.56,117.56,9,117.53,1,117.52,14,117.51,1,117.49,1,117.47,5,117.46,3,117.45,1,117.43,1,117.4,10,117.71,2,117.72,16,117.74,1,117.75,11,117.76,1,117.8,6,117.81,15,117.83,2,117.84,1,117.88,1
2020-10-29 09:32:35,117.635,117.64,2,117.56,9,117.71,5,117.71,117.56,117.56,9,117.53,1,117.52,14,117.51,1,117.49,1,117.47,5,117.46,3,117.45,1,117.43,1,117.4,10,117.71,5,117.72,16,117.74,1,117.75,11,117.76,1,117.8,6,117.81,15,117.83,2,117.84,1,117.88,1
2020-10-29 09:32:36,117.655,117.64,2,117.6,1,117.71,3,117.71,117.6,117.6,1,117.58,1,117.56,9,117.53,1,117.52,14,117.51,1,117.49,1,117.47,5,117.46,3,117.45,1,117.71,3,117.72,16,117.74,1,117.75,11,117.76,1,117.8,6,117.81,15,117.83,2,117.84,1,117.88,1
2020-10-29 09:32:37,117.66,117.66,1,117.61,14,117.71,3,117.71,117.61,117.61,14,117.6,6,117.58,1,117.56,9,117.53,1,117.52,14,117.51,1,117.49,1,117.47,5,117.46,3,117.71,3,117.72,16,117.74,1,117.75,11,117.76,1,117.8,6,117.81,15,117.83,2,117.84,1,117.88,1
2020-10-29 09:32:38,117.66,117.66,1,117.61,8,117.71,4,117.71,117.61,117.61,8,117.6,6,117.58,1,117.56,9,117.53,1,117.52,14,117.51,1,117.49,1,117.47,5,117.46,3,117.71,4,117.72,16,117.74,1,117.75,11,117.76,1,117.8,6,117.81,15,117.83,2,117.84,1,117.88,1
2020-10-29 09:32:39,117.66,117.67,1,117.61,8,117.71,4,117.71,117.61,117.61,8,117.6,6,117.58,1,117.56,9,117.53,1,117.52,14,117.51,1,117.49,1,117.47,5,117.46,3,117.71,4,117.72,16,117.74,1,117.75,11,117.76,1,117.8,6,117.81,15,117.83,2,117.84,1,117.88,1
2020-10-29 09:32:40,117.645,117.61,1,117.58,17,117.71,19,117.71,117.58,117.58,17,117.57,21,117.56,13,117.53,1,117.52,14,117.51,1,117.49,1,117.47,5,117.46,3,117.45,1,117.71,19,117.72,16,117.74,1,117.75,11,117.76,1,117.8,6,117.81,15,117.83,2,117.84,1,117.88,1
2020-10-29 09:32:41,117.635,117.64,1,117.58,11,117.69,2,117.69,117.58,117.58,11,117.57,21,117.56,13,117.53,1,117.52,14,117.51,1,117.49,1,117.47,5,117.46,3,117.45,1,117.69,2,117.7,13,117.71,19,117.72,16,117.74,1,117.75,11,117.76,1,117.8,6,117.81,15,117.83,2
2020-10-29 09:32:42,117.63,117.64,1,117.58,11,117.68,3,117.68,117.58,117.58,11,117.57,21,117.56,13,117.53,1,117.52,14,117.51,1,117.49,1,117.47,5,117.46,3,117.45,1,117.68,3,117.69,2,117.7,13,117.71,19,117.72,16,117.74,1,117.75,11,117.76,1,117.8,6,117.81,15
2020-10-29 09:32:43,117.555,117.56,1,117.5,8,117.61,5,117.61,117.5,117.5,8,117.49,2,117.47,5,117.46,3,117.45,1,117.43,1,117.4,10,,,,,,,117.61,5,117.63,2,117.64,4,117.67,2,117.68,3,117.69,2,117.7,13,117.71,19,117.72,16,117.74,1
2020-10-29 09:32:44,117.54,117.5,5,117.48,10,117.6,15,117.6,117.48,117.48,10,117.47,5,117.46,3,117.45,1,117.43,1,117.4,10,,,,,,,,,117.6,15,117.61,10,117.63,2,117.64,4,117.67,2,117.68,3,117.69,2,117.7,13,117.71,19,117.72,16
2020-10-29 09:32:45,117.515,117.52,1,117.48,8,117.55,3,117.55,117.48,117.48,8,117.47,5,117.46,3,117.45,1,117.43,1,117.4,10,,,,,,,,,117.55,3,117.59,1,117.6,17,117.61,10,117.63,2,117.64,4,117.67,2,117.68,3,117.69,2,117.7,13
2020-10-29 09:32:46,117.45,117.49,8,117.41,4,117.49,5,117.49,117.41,117.41,4,117.4,13,,,,,,,,,,,,,,,,,117.49,5,117.52,17,117.53,3,117.55,3,117.59,1,117.6,17,117.61,10,117.63,2,117.64,4,117.67,2
2020-10-29 09:32:47,117.46,117.44,1,117.43,3,117.49,3,117.49,117.43,117.43,3,117.42,12,117.41,4,117.4,13,,,,,,,,,,,,,117.49,3,117.52,16,117.53,3,117.55,3,117.59,1,117.6,17,117.61,10,117.63,2,117.64,4,117.67,2
2020-10-29 09:32:48,117.45,117.42,1,117.41,4,117.49,3,117.49,117.41,117.41,4,117.4,13,,,,,,,,,,,,,,,,,117.49,3,117.52,16,117.53,3,117.55,3,117.59,1,117.6,17,117.61,10,117.63,2,117.64,4,117.67,2
2020-10-29 09:32:49,117.45,117.42,1,117.41,3,117.49,3,117.49,117.41,117.41,3,117.4,13,,,,,,,,,,,,,,,,,117.49,3,117.52,16,117.53,3,117.55,3,117.59,1,117.6,17,117.61,10,117.63,2,117.64,4,117.67,2
2020-10-29 09:32:50,117.455,117.42,1,117.42,13,117.49,6,117.49,117.42,117.42,13,117.41,3,117.4,13,,,,,,,,,,,,,,,117.49,6,117.52,16,117.53,3,117.55,3,117.59,1,117.6,17,117.61,10,117.63,2,117.64,4,117.67,2
2020-10-29 09:32:51,117.445,117.42,1,117.42,13,117.47,2,117.47,117.42,117.42,13,117.41,3,117.4,13,,,,,,,,,,,,,,,117.47,2,117.48,2,117.49,6,117.52,16,117.53,3,117.55,3,117.59,1,117.6,17,117.61,10,117.63,2
2020-10-29 09:32:52,117.445,117.42,3,117.42,13,117.47,4,117.47,117.42,117.42,13,117.41,3,117.4,13,,,,,,,,,,,,,,,117.47,4,117.48,2,117.49,6,117.52,16,117.53,3,117.55,3,117.59,1,117.6,17,117.61,10,117.63,2
2020-10-29 09:32:53,117.5,117.47,1,117.45,11,117.55,5,117.55,117.45,117.45,11,117.44,2,117.43,2,117.42,16,117.41,3,117.4,13,,,,,,,,,117.55,5,117.58,1,117.59,1,117.6,17,117.61,10,117.63,2,117.64,4,117.67,2,117.68,3,117.69,2
2020-10-29 09:32:54,117.505,117.47,1,117.46,3,117.55,5,117.55,117.46,117.46,3,117.45,11,117.44,2,117.43,2,117.42,16,117.41,3,117.4,13,,,,,,,117.55,5,117.58,1,117.59,1,117.6,17,117.61,10,117.63,2,117.64,4,117.67,2,117.68,3,117.69,2
2020-10-29 09:32:55,117.51,117.47,1,117.47,3,117.55,5,117.55,117.47,117.47,3,117.46,3,117.45,11,117.44,2,117.43,2,117.42,16,117.41,3,117.4,13,,,,,117.55,5,117.58,1,117.59,1,117.6,17,117.61,10,117.63,2,117.64,4,117.67,2,117.68,3,117.69,2
2020-10-29 09:32:56,117.51,117.47,1,117.47,6,117.55,5,117.55,117.47,117.47,6,117.46,3,117.45,11,117.44,2,117.43,2,117.42,16,117.41,3,117.4,13,,,,,117.55,5,117.58,1,117.59,1,117.6,17,117.61,10,117.63,2,117.64,4,117.67,2,117.68,3,117.69,2
2020-10-29 09:32:57,117.51,117.47,1,117.47,6,117.55,5,117.55,117.47,117.47,6,117.46,3,117.45,11,117.44,2,117.43,2,117.42,16,117.41,3,117.4,13,,,,,117.55,5,117.58,1,117.59,1,117.6,17,117.61,10,117.63,2,117.64,4,117.67,2,117.68,3,117.69,2
2020-10-29 09:32:58,117.515,117.48,1,117.48,3,117.55,5,117.55,117.48,117.48,3,117.47,6,117.46,3,117.45,11,117.44,2,117.43,2,117.42,16,117.41,3,117.4,13,,,117.55,5,117.58,1,117.59,1,117.6,17,117.61,10,117.63,2,117.64,4,117.67,2,117.68,3,117.69,2
2020-10-29 09:32:59,117.515,117.52,1,117.48,3,117.55,5,117.55,117.48,117.48,3,117.47,6,117.46,3,117.45,11,117.44,2,117.43,2,117.42,16,117.41,3,117.4,13,,,117.55,5,117.58,1,117.59,1,117.6,17,117.61,10,117.63,2,117.64,4,117.67,2,117.68,3,117.69,2
2020-10-29 09:33:00,117.59,117.58,2,117.54,7,117.64,8,117.64,117.54,117.54,7,117.53,1,117.52,2,117.51,2,117.49,1,117.48,3,117.47,6,117.46,3,117.45,11,117.44,2,117.64,8,117.65,1,117.67,2,117.68,3,117.69,2,117.7,13,117.71,19,117.72,16,117.74,1,117.75,11
2020-10-29 09:33:01,117.54,117.54,1,117.48,8,117.6,13,117.6,117.48,117.48,8,117.47,6,117.46,3,117.45,11,117.44,2,117.43,2,117.42,16,117.41,3,117.4,13,,,117.6,13,117.62,1,117.63,2,117.64,8,117.65,1,117.67,2,117.68,3,117.69,2,117.7,13,117.71,19
2020-10-29 09:33:02,117.55,117.54,1,117.5,8,117.6,13,117.6,117.5,117.5,8,117.49,3,117.48,8,117.47,6,117.46,3,117.45,11,117.44,2,117.43,2,117.42,16,117.41,3,117.6,13,117.62,1,117.63,2,117.64,8,117.65,1,117.67,2,117.68,3,117.69,2,117.7,13,117.71,19
2020-10-29 09:33:03,117.605,117.59,1,117.57,10,117.64,3,117.64,117.57,117.57,10,117.56,13,117.55,4,117.54,5,117.53,2,117.5,8,117.49,3,117.48,8,117.47,6,117.46,3,117.64,3,117.66,1,117.67,6,117.68,3,117.69,2,117.7,13,117.71,19,117.72,16,117.74,1,117.75,11
2020-10-29 09:33:04,117.605,117.61,1,117.57,10,117.64,5,117.64,117.57,117.57,10,117.56,13,117.55,4,117.54,5,117.53,2,117.5,8,117.49,3,117.48,8,117.47,6,117.46,3,117.64,5,117.66,1,117.67,6,117.68,3,117.69,2,117.7,13,117.71,19,117.72,16,117.74,1,117.75,11
2020-10-29 09:33:05,117.61,117.58,1,117.58,3,117.64,2,117.64,117.58,117.58,3,117.57,11,117.56,13,117.55,4,117.54,5,117.53,2,117.5,8,117.49,3,117.48,8,117.47,6,117.64,2,117.66,1,117.67,6,117.68,3,117.69,2,117.7,13,117.71,19,117.72,16,117.74,1,117.75,11
2020-10-29 09:33:06,117.67,117.64,1,117.61,4,117.73,21,117.73,117.61,117.61,4,117.6,10,117.59,22,117.58,19,117.57,11,117.56,13,117.55,4,117.54,5,117.53,2,117.5,8,117.73,21,117.74,5,117.75,1,117.79,1,117.8,6,117.81,15,117.83,2,117.84,1,117.88,1,117.89,10
2020-10-29 09:33:07,117.68,117.64,1,117.63,3,117.73,21,117.73,117.63,117.63,3,117.62,10,117.61,16,117.6,10,117.59,22,117.58,19,117.57,11,117.56,13,117.55,4,117.54,5,117.73,21,117.74,10,117.75,1,117.77,1,117.79,1,117.8,6,117.81,15,117.83,2,117.84,1,117.88,1
2020-10-29 09:33:08,117.68,117.73,2,117.63,18,117.73,23,117.73,117.63,117.63,18,117.62,10,117.61,16,117.6,10,117.59,22,117.58,19,117.57,11,117.56,13,117.55,4,117.54,5,117.73,23,117.74,10,117.75,1,117.77,1,117.79,1,117.8,6,117.81,15,117.83,2,117.84,1,117.88,1
2020-10-29 09:33:09,117.68,117.73,2,117.63,18,117.73,23,117.73,117.63,117.63,18,117.62,10,117.61,16,117.6,10,117.59,22,117.58,19,117.57,11,117.56,13,117.55,4,117.54,5,117.73,23,117.74,10,117.75,1,117.77,1,117.79,1,117.8,6,117.81,15,117.83,2,117.84,1,117.88,1
2020-10-29 09:33:10,117.665,117.64,1,117.63,19,117.7,3,117.7,117.63,117.63,19,117.62,10,117.61,16,117.6,10,117.59,22,117.58,19,117.57,11,117.56,13,117.55,4,117.54,5,117.7,3,117.72,9,117.73,18,117.74,10,117.75,1,117.77,1,117.79,1,117.8,6,117.81,15,117.83,2
2020-10-29 09:33:11,117.685,117.65,1,117.65,3,117.72,12,117.72,117.65,117.65,3,117.64,4,117.63,19,117.62,10,117.61,16,117.6,10,117.59,22,117.58,19,117.57,11,117.56,13,117.72,12,117.73,18,117.74,10,117.75,1,117.77,1,117.79,1,117.8,6,117.81,15,117.83,2,117.84,1
2020-10-29 09:33:12,117.685,117.65,1,117.65,3,117.72,14,117.72,117.65,117.65,3,117.64,4,117.63,19,117.62,10,117.61,16,117.6,10,117.59,22,117.58,19,117.57,11,117.56,13,117.72,14,117.73,18,117.74,10,117.75,1,117.77,1,117.79,1,117.8,6,117.81,15,117.83,2,117.84,1
2020-10-29 09:33:13,117.685,117.68,2,117.65,5,117.72,14,117.72,117.65,117.65,5,117.64,4,117.63,19,117.62,10,117.61,16,117.6,10,117.59,22,117.58,19,117.57,11,117.56,13,117.72,14,117.73,18,117.74,10,117.75,1,117.77,1,117.79,1,117.8,6,117.81,15,117.83,2,117.84,1
2020-10-29 09:33:14,117.775,117.73,1,117.72,4,117.83,2,117.83,117.72,117.72,4,117.71,2,117.7,5,117.68,2,117.66,4,117.65,11,117.64,4,117.63,19,117.62,10,117.61,16,117.83,2,117.85,1,117.89,12,117.9,1,117.93,8,117.99,10,118.0,17,118.01,14,118.06,9,118.07,8
2020-10-29 09:33:15,117.775,117.82,1,117.72,11,117.83,2,117.83,117.72,117.72,11,117.71,2,117.7,5,117.68,2,117.66,4,117.65,11,117.64,4,117.63,19,117.62,10,117.61,16,117.83,2,117.85,1,117.89,12,117.9,1,117.93,8,117.99,10,118.0,17,118.01,14,118.06,9,118.07,8
2020-10-29 09:33:16,117.79,117.82,2,117.74,5,117.84,21,117.84,117.74,117.74,5,117.73,10,117.72,21,117.71,2,117.7,5,117.68,2,117.66,4,117.65,11,117.64,4,117.63,19,117.84,21,117.85,4,117.86,1,117.89,12,117.9,1,117.93,8,117.99,10,118.0,17,118.01,14,118.06,9
2020-10-29 09:33:17,117.79,117.82,2,117.74,8,117.84,23,117.84,117.74,117.74,8,117.73,10,117.72,21,117.71,2,117.7,5,117.68,2,117.66,4,117.65,11,117.64,4,117.63,19,117.84,23,117.85,4,117.86,1,117.89,12,117.9,1,117.93,8,117.99,10,118.0,17,118.01,14,118.06,9
2020-10-29 09:33:18,117.825,117.83,1,117.76,4,117.89,19,117.89,117.76,117.76,4,117.75,11,117.74,10,117.73,10,117.72,21,117.71,2,117.7,5,117.68,2,117.66,4,117.65,11,117.89,19,117.9,9,117.91,3,117.93,8,117.99,10,118.0,17,118.01,14,118.06,9,118.07,8,118.12,11
2020-10-29 09:33:19,117.835,117.83,1,117.78,7,117.89,15,117.89,117.78,117.78,7,117.77,11,117.76,10,117.75,11,117.74,10,117.73,10,117.72,21,117.71,2,117.7,5,117.68,2,117.89,15,117.9,9,117.91,3,117.93,8,117.99,10,118.0,17,118.01,14,118.06,9,118.07,8,118.12,11
2020-10-29 09:33:20,117.835,117.83,1,117.78,17,117.89,15,117.89,117.78,117.78,17,117.77,11,117.76,10,117.75,11,117.74,10,117.73,10,117.72,21,117.71,2,117.7,5,117.68,2,117.89,15,117.9,9,117.91,3,117.93,8,117.99,10,118.0,17,118.01,14,118.06,9,118.07,8,118.12,11
2020-10-29 09:33:21,117.835,117.87,1,117.79,10,117.88,6,117.88,117.79,117.79,10,117.78,18,117.77,11,117.76,10,117.75,11,117.74,10,117.73,10,117.72,21,117.71,2,117.7,5,117.88,6,117.89,17,117.9,9,117.91,3,117.93,8,117.99,10,118.0,17,118.01,14,118.06,9,118.07,8
2020-10-29 09:33:22,117.835,117.87,1,117.79,14,117.88,9,117.88,117.79,117.79,14,117.78,18,117.77,11,117.76,10,117.75,11,117.74,10,117.73,10,117.72,21,117.71,2,117.7,5,117.88,9,117.89,17,117.9,9,117.91,3,117.93,8,117.99,10,118.0,17,118.01,14,118.06,9,118.07,8
2020-10-29 09:33:23,117.91,117.88,1,117.87,6,117.95,4,117.95,117.87,117.87,6,117.85,4,117.84,8,117.83,3,117.81,7,117.8,12,117.79,14,117.78,18,117.77,11,117.76,10,117.95,4,117.99,10,118.0,17,118.01,14,118.06,9,118.07,8,118.12,11,118.13,10,118.16,10,118.27,5
2020-10-29 09:33:24,117.91,117.88,1,117.87,9,117.95,5,117.95,117.87,117.87,9,117.85,4,117.84,8,117.83,3,117.81,7,117.8,12,117.79,14,117.78,18,117.77,11,117.76,10,117.95,5,117.99,10,118.0,17,118.01,14,118.06,9,118.07,8,118.12,11,118.13,10,118.16,10,118.27,5
2020-10-29 09:33:25,117.95,117.95,2,117.92,2,117.98,2,117.98,117.92,117.92,2,117.9,1,117.88,14,117.87,13,117.85,4,117.84,8,117.83,3,117.81,7,117.8,12,117.79,14,117.98,2,117.99,10,118.0,17,118.01,14,118.06,9,118.07,8,118.12,11,118.13,10,118.16,10,118.27,5
2020-10-29 09:33:26,117.97,117.96,1,117.94,1,118.0,15,118.0,117.94,117.94,1,117.93,5,117.92,4,117.9,1,117.88,14,117.87,13,117.85,4,117.84,8,117.83,3,117.81,7,118.0,15,118.01,14,118.06,9,118.07,8,118.12,11,118.13,10,118.16,10,118.27,5,118.28,6,118.3,4
2020-10-29 09:33:27,118.07,118.11,1,118.02,5,118.12,1,118.12,118.02,118.02,5,118.01,9,118.0,9,117.99,11,117.98,13,117.96,4,117.94,5,117.93,5,117.92,4,117.9,1,118.12,1,118.13,2,118.14,1,118.16,10,118.27,5,118.28,6,118.3,4,,,,,,
2020-10-29 09:33:28,118.09,118.12,7,118.04,3,118.14,7,118.14,118.04,118.04,3,118.03,3,118.02,10,118.01,9,118.0,9,117.99,11,117.98,13,117.96,4,117.94,5,117.93,5,118.14,7,118.16,10,118.27,5,118.28,6,118.3,4,,,,,,,,,,
2020-10-29 09:33:29,118.08,118.12,1,118.04,8,118.12,2,118.12,118.04,118.04,8,118.03,3,118.02,10,118.01,9,118.0,9,117.99,11,117.98,13,117.96,4,117.94,5,117.93,5,118.12,2,118.14,7,118.16,10,118.27,5,118.28,6,118.3,4,,,,,,,,
2020-10-29 09:33:30,118.155,118.15,2,118.11,2,118.2,12,118.2,118.11,118.11,2,118.1,1,118.08,3,118.06,1,118.05,8,118.04,11,118.03,3,118.02,10,118.01,9,118.0,9,118.2,12,118.27,5,118.28,6,118.3,4,,,,,,,,,,,,
2020-10-29 09:33:31,118.125,118.11,1,118.05,17,118.2,13,118.2,118.05,118.05,17,118.04,11,118.03,3,118.02,10,118.01,9,118.0,9,117.99,11,117.98,13,117.96,4,117.94,5,118.2,13,118.27,5,118.28,6,118.3,4,,,,,,,,,,,,
2020-10-29 09:33:32,118.145,118.13,1,118.09,10,118.2,13,118.2,118.09,118.09,10,118.08,11,118.07,11,118.06,11,118.05,17,118.04,11,118.03,3,118.02,10,118.01,9,118.0,9,118.2,13,118.27,5,118.28,6,118.3,4,,,,,,,,,,,,
2020-10-29 09:33:33,118.175,118.18,1,118.15,1,118.2,10,118.2,118.15,118.15,1,118.14,3,118.1,9,118.09,19,118.08,11,118.07,11,118.06,11,118.05,17,118.04,11,118.03,3,118.2,10,118.27,5,118.28,6,118.3,4,,,,,,,,,,,,
2020-10-29 09:33:34,118.15,118.11,1,118.1,15,118.2,11,118.2,118.1,118.1,15,118.09,19,118.08,11,118.07,11,118.06,11,118.05,17,118.04,11,118.03,3,118.02,10,118.01,9,118.2,11,118.27,5,118.28,6,118.3,4,,,,,,,,,,,,
2020-10-29 09:33:35,118.045,118.04,1,118.0,2,118.09,2,118.09,118.0,118.0,2,117.99,1,117.97,2,117.96,4,117.94,5,117.93,5,117.92,4,117.9,1,117.88,14,117.87,13,118.09,2,118.1,5,118.15,1,118.17,1,118.18,7,118.19,1,118.2,12,118.27,5,118.28,6,118.3,4
2020-10-29 09:33:36,118.045,117.98,1,118.0,1,118.09,4,118.09,118.0,118.0,1,117.99,1,117.95,12,117.94,5,117.93,5,117.92,4,117.9,1,117.88,14,117.87,13,117.85,4,118.09,4,118.1,5,118.15,1,118.17,1,118.18,7,118.19,1,118.2,12,118.27,5,118.28,6,118.3,4
2020-10-29 09:33:37,118.05,118.01,4,118.0,4,118.1,3,118.1,118.0,118.0,4,117.99,1,117.95,12,117.94,5,117.93,5,117.92,4,117.9,1,117.88,14,117.87,13,117.85,4,118.1,3,118.11,10,118.12,10,118.14,13,118.15,1,118.17,1,118.18,7,118.19,1,118.2,12,118.27,5
2020-10-29 09:33:38,118.06,118.01,4,118.0,4,118.12,10,118.12,118.0,118.0,4,117.99,1,117.95,12,117.94,5,117.93,5,117.92,4,117.9,1,117.88,14,117.87,13,117.85,4,118.12,10,118.14,13,118.15,1,118.17,1,118.18,7,118.19,1,118.2,12,118.27,5,118.28,6,118.3,4
2020-10-29 09:33:39,118.0,118.01,1,117.95,2,118.05,11,118.05,117.95,117.95,2,117.94,6,117.93,5,117.92,4,117.9,1,117.88,14,117.87,13,117.85,4,117.84,8,117.83,3,118.05,11,118.06,1,118.07,2,118.09,2,118.1,3,118.11,1,118.12,10,118.14,13,118.15,1,118.17,1
2020-10-29 09:33:40,117.975,118.05,1,117.95,2,118.0,3,118.0,117.95,117.95,2,117.94,6,117.93,5,117.92,4,117.9,1,117.88,14,117.87,13,117.85,4,117.84,8,117.83,3,118.0,3,118.06,2,118.07,3,118.09,2,118.1,3,118.11,1,118.12,10,118.14,13,118.15,1,118.17,1
2020-10-29 09:33:41,117.975,118.05,1,117.95,5,118.0,5,118.0,117.95,117.95,5,117.94,6,117.93,5,117.92,4,117.9,1,117.88,14,117.87,13,117.85,4,117.84,8,117.83,3,118.0,5,118.06,2,118.07,3,118.09,2,118.1,3,118.11,1,118.12,10,118.14,13,118.15,1,118.17,1
2020-10-29 09:33:42,118.01,118.0,1,117.97,6,118.05,5,118.05,117.97,117.97,6,117.96,13,117.95,7,117.94,6,117.93,5,117.92,4,117.9,1,117.88,14,117.87,13,117.85,4,118.05,5,118.07,4,118.09,2,118.1,3,118.11,1,118.12,10,118.14,13,118.15,1,118.17,1,118.18,7
2020-10-29 09:33:43,118.01,118.0,1,117.97,19,118.05,4,118.05,117.97,117.97,19,117.96,13,117.95,7,117.94,6,117.93,5,117.92,4,117.9,1,117.88,14,117.87,13,117.85,4,118.05,4,118.07,4,118.09,2,118.1,3,118.11,1,118.12,10,118.14,13,118.15,1,118.17,1,118.18,7
2020-10-29 09:33:44,118.01,118.01,2,117.97,17,118.05,5,118.05,117.97,117.97,17,117.96,13,117.95,7,117.94,6,117.93,5,117.92,4,117.9,1,117.88,14,117.87,13,117.85,4,118.05,5,118.07,4,118.09,2,118.1,3,118.11,1,118.12,10,118.14,13,118.15,1,118.17,1,118.18,7
2020-10-29 09:33:45,118.015,118.05,1,117.98,5,118.05,5,118.05,117.98,117.98,5,117.97,17,117.96,13,117.95,7,117.94,6,117.93,5,117.92,4,117.9,1,117.88,14,117.87,13,118.05,5,118.07,4,118.09,2,118.1,3,118.11,1,118.12,10,118.14,13,118.15,1,118.17,1,118.18,7
2020-10-29 09:33:46,118.06,118.06,3,118.02,12,118.1,1,118.1,118.02,118.02,12,118.01,11,118.0,3,117.98,8,117.97,17,117.96,13,117.95,7,117.94,6,117.93,5,117.92,4,118.1,1,118.11,1,118.12,10,118.14,13,118.15,1,118.17,1,118.18,7,118.19,1,118.2,12,118.27,5
2020-10-29 09:33:47,118.11,118.17,3,118.08,5,118.14,1,118.14,118.08,118.08,5,118.06,5,118.04,2,118.03,3,118.02,19,118.01,11,118.0,3,117.98,8,117.97,17,117.96,13,118.14,1,118.17,8,118.18,7,118.19,1,118.2,12,118.27,5,118.28,6,118.3,4,,,,
2020-10-29 09:33:48,118.145,118.17,3,118.11,4,118.18,5,118.18,118.11,118.11,4,118.09,3,118.08,12,118.06,5,118.04,2,118.03,3,118.02,19,118.01,11,118.0,3,117.98,8,118.18,5,118.19,1,118.2,12,118.27,5,118.28,6,118.3,4,,,,,,,,
2020-10-29 09:33:49,118.11,118.08,1,118.08,10,118.14,2,118.14,118.08,118.08,10,118.06,5,118.04,2,118.03,3,118.02,19,118.01,11,118.0,3,117.98,8,117.97,17,117.96,13,118.14,2,118.15,1,118.16,6,118.17,4,118.18,2,118.2,10,118.27,5,118.28,6,118.3,4,,
2020-10-29 09:33:50,118.13,118.12,1,118.08,2,118.18,5,118.18,118.08,118.08,2,118.06,2,118.03,21,118.02,15,118.0,6,117.98,8,117.97,17,117.96,13,117.95,7,117.94,6,118.18,5,118.2,10,118.27,5,118.28,6,118.3,4,,,,,,,,,,
2020-10-29 09:33:51,118.125,118.08,1,118.08,2,118.17,3,118.17,118.08,118.08,2,118.04,13,118.03,21,118.02,15,118.0,6,117.98,8,117.97,17,117.96,13,117.95,7,117.94,6,118.17,3,118.18,9,118.2,10,118.27,5,118.28,6,118.3,4,,,,,,,,
2020-10-29 09:33:52,118.12,118.08,1,118.08,4,118.16,1,118.16,118.08,118.08,4,118.04,15,118.03,21,118.02,15,118.0,6,117.98,8,117.97,17,117.96,13,117.95,7,117.94,6,118.16,1,118.18,13,118.2,10,118.27,5,118.28,6,118.3,4,,,,,,,,
2020-10-29 09:33:53,118.12,118.12,2,118.08,5,118.16,5,118.16,118.08,118.08,5,118.04,15,118.03,21,118.02,15,118.0,6,117.98,8,117.97,17,117.96,13,117.95,7,117.94,6,118.16,5,118.18,13,118.2,10,118.27,5,118.28,6,118.3,4,,,,,,,,
2020-10-29 09:33:54,118.12,118.12,1,118.08,8,118.16,4,118.16,118.08,118.08,8,118.04,15,118.03,21,118.02,15,118.0,6,117.98,8,117.97,17,117.96,13,117.95,7,117.94,6,118.16,4,118.18,13,118.2,10,118.27,5,118.28,6,118.3,4,,,,,,,,
2020-10-29 09:33:55,118.12,118.12,1,118.08,11,118.16,4,118.16,118.08,118.08,11,118.04,15,118.03,21,118.02,15,118.0,6,117.98,8,117.97,17,117.96,13,117.95,7,117.94,6,118.16,4,118.18,13,118.2,10,118.27,5,118.28,6,118.3,4,,,,,,,,
2020-10-29 09:33:56,118.135,118.15,1,118.09,13,118.18,2,118.18,118.09,118.09,13,118.08,11,118.04,15,118.03,21,118.02,15,118.0,6,117.98,8,117.97,17,117.96,13,117.95,7,118.18,2,118.2,10,118.27,5,118.28,6,118.3,4,,,,,,,,,,
2020-10-29 09:33:57,118.135,118.15,1,118.09,17,118.18,5,118.18,118.09,118.09,17,118.08,11,118.04,15,118.03,21,118.02,15,118.0,6,117.98,8,117.97,17,117.96,13,117.95,7,118.18,5,118.2,10,118.27,5,118.28,6,118.3,4,,,,,,,,,,
2020-10-29 09:33:58,118.135,118.17,1,118.09,18,118.18,5,118.18,118.09,118.09,18,118.08,11,118.04,15,118.03,21,118.02,15,118.0,6,117.98,8,117.97,17,117.96,13,117.95,7,118.18,5,118.2,10,118.27,5,118.28,6,118.3,4,,,,,,,,,,
2020-10-29 09:33:59,118.135,118.17,1,118.09,17,118.18,5,118.18,118.09,118.09,17,118.08,11,118.04,15,118.03,21,118.02,15,118.0,6,117.98,8,117.97,17,117.96,13,117.95,7,118.18,5,118.2,10,118.27,5,118.28,6,118.3,4,,,,,,,,,,
2020-10-29 09:34:00,118.125,118.17,1,118.09,18,118.16,3,118.16,118.09,118.09,18,118.08,11,118.04,15,118.03,21,118.02,15,118.0,6,117.98,8,117.97,17,117.96,13,117.95,7,118.16,3,118.17,3,118.18,5,118.2,10,118.27,5,118.28,6,118.3,4,,,,,,
2020-10-29 09:34:01,118.035,118.03,1,118.0,4,118.07,3,118.07,118.0,118.0,4,117.98,8,117.97,17,117.96,13,117.95,7,117.94,6,117.93,5,117.92,4,117.9,1,117.88,14,118.07,3,118.08,3,118.12,13,118.15,2,118.16,7,118.17,3,118.18,5,118.2,10,118.27,5,118.28,6
2020-10-29 09:34:02,117.975,118.02,1,117.92,2,118.03,3,118.03,117.92,117.92,2,117.9,13,117.87,8,117.85,4,117.84,8,117.83,3,117.81,7,117.8,12,117.79,14,117.78,18,118.03,3,118.04,3,118.05,1,118.07,3,118.08,3,118.12,13,118.15,2,118.16,7,118.17,3,118.18,5
2020-10-29 09:34:03,117.99,118.02,1,117.95,4,118.03,6,118.03,117.95,117.95,4,117.92,4,117.9,13,117.87,8,117.85,4,117.84,8,117.83,3,117.81,7,117.8,12,117.79,14,118.03,6,118.04,3,118.05,1,118.07,3,118.08,3,118.12,13,118.15,2,118.16,7,118.17,3,118.18,5
2020-10-29 09:34:04,117.99,118.02,1,117.95,4,118.03,6,118.03,117.95,117.95,4,117.92,4,117.9,13,117.87,8,117.85,4,117.84,8,117.83,3,117.81,7,117.8,12,117.79,14,118.03,6,118.04,3,118.05,1,118.07,3,118.08,3,118.12,13,118.15,2,118.16,7,118.17,3,118.18,5
2020-10-29 09:34:05,117.99,118.02,1,117.95,7,118.03,6,118.03,117.95,117.95,7,117.92,4,117.9,13,117.87,8,117.85,4,117.84,8,117.83,3,117.81,7,117.8,12,117.79,14,118.03,6,118.04,3,118.05,1,118.07,3,118.08,3,118.12,13,118.15,2,118.16,7,118.17,3,118.18,5
2020-10-29 09:34:06,118.06,118.1,1,118.0,17,118.12,16,118.12,118.0,118.0,17,117.99,12,117.95,7,117.92,4,117.9,13,117.87,8,117.85,4,117.84,8,117.83,3,117.81,7,118.12,16,118.15,2,118.16,7,118.17,3,118.18,5,118.2,10,118.27,5,118.28,6,118.3,4,,
2020-10-29 09:34:07,118.06,118.12,1,118.0,17,118.12,16,118.12,118.0,118.0,17,117.99,12,117.95,7,117.92,4,117.9,13,117.87,8,117.85,4,117.84,8,117.83,3,117.81,7,118.12,16,118.15,2,118.16,7,118.17,3,118.18,5,118.2,10,118.27,5,118.28,6,118.3,4,,
2020-10-29 09:34:08,118.11,118.17,1,118.06,14,118.16,4,118.16,118.06,118.06,14,118.05,20,118.04,7,118.02,11,118.01,20,118.0,14,117.99,12,117.95,7,117.92,4,117.9,13,118.16,4,118.17,14,118.18,9,118.2,10,118.27,5,118.28,6,118.3,4,,,,,,
2020-10-29 09:34:09,118.115,118.17,1,118.07,5,118.16,5,118.16,118.07,118.07,5,118.06,19,118.05,20,118.04,7,118.02,11,118.01,20,118.0,14,117.99,12,117.95,7,117.92,4,118.16,5,118.17,14,118.18,9,118.2,10,118.27,5,118.28,6,118.3,4,,,,,,
2020-10-29 09:34:10,118.115,118.12,1,118.07,5,118.16,7,118.16,118.07,118.07,5,118.06,19,118.05,20,118.04,7,118.02,11,118.01,20,118.0,14,117.99,12,117.95,7,117.92,4,118.16,7,118.17,14,118.18,9,118.2,10,118.27,5,118.28,6,118.3,4,,,,,,
2020-10-29 09:34:11,118.115,118.12,1,118.07,8,118.16,7,118.16,118.07,118.07,8,118.06,19,118.05,20,118.04,7,118.02,11,118.01,20,118.0,14,117.99,12,117.95,7,117.92,4,118.16,7,118.17,14,118.18,9,118.2,10,118.27,5,118.28,6,118.3,4,,,,,,
2020-10-29 09:34:12,118.105,118.12,1,118.07,8,118.14,8,118.14,118.07,118.07,8,118.06,19,118.05,20,118.04,7,118.02,11,118.01,20,118.0,14,117.99,12,117.95,7,117.92,4,118.14,8,118.16,6,118.17,14,118.18,9,118.2,10,118.27,5,118.28,6,118.3,4,,,,
2020-10-29 09:34:13,118.105,118.12,1,118.07,8,118.14,8,118.14,118.07,118.07,8,118.06,19,118.05,20,118.04,7,118.02,11,118.01,20,118.0,14,117.99,12,117.95,7,117.92,4,118.14,8,118.16,6,118.17,14,118.18,9,118.2,10,118.27,5,118.28,6,118.3,4,,,,
2020-10-29 09:34:14,118.105,118.14,1,118.07,8,118.14,8,118.14,118.07,118.07,8,118.06,19,118.05,20,118.04,7,118.02,11,118.01,20,118.0,14,117.99,12,117.95,7,117.92,4,118.14,8,118.16,6,118.17,14,118.18,9,118.2,10,118.27,5,118.28,6,118.3,4,,,,
2020-10-29 09:34:15,118.055,118.06,1,118.01,18,118.1,5,118.1,118.01,118.01,18,118.0,2,117.94,1,117.92,4,117.9,13,117.87,8,117.85,4,117.84,8,117.83,3,117.81,7,118.1,5,118.14,8,118.16,6,118.17,14,118.18,9,118.2,10,118.27,5,118.28,6,118.3,4,,
2020-10-29 09:34:16,118.055,118.06,1,118.01,18,118.1,5,118.1,118.01,118.01,18,118.0,2,117.94,1,117.92,4,117.9,13,117.87,8,117.85,4,117.84,8,117.83,3,117.81,7,118.1,5,118.14,8,118.16,6,118.17,14,118.18,9,118.2,10,118.27,5,118.28,6,118.3,4,,
2020-10-29 09:34:17,118.06,118.09,25,118.02,3,118.1,3,118.1,118.02,118.02,3,118.01,21,118.0,2,117.94,1,117.92,4,117.9,13,117.87,8,117.85,4,117.84,8,117.83,3,118.1,3,118.14,8,118.16,6,118.17,14,118.18,9,118.2,10,118.27,5,118.28,6,118.3,4,,
2020-10-29 09:34:18,118.115,118.1,2,118.07,1,118.16,2,118.16,118.07,118.07,1,118.06,9,118.04,3,118.03,1,118.02,13,118.01,21,118.0,2,117.94,1,117.92,4,117.9,13,118.16,2,118.17,6,118.18,9,118.2,10,118.27,5,118.28,6,118.3,4,,,,,,
2020-10-29 09:34:19,118.115,118.1,2,118.07,2,118.16,6,118.16,118.07,118.07,2,118.06,9,118.04,3,118.03,1,118.02,13,118.01,21,118.0,2,117.94,1,117.92,4,117.9,13,118.16,6,118.17,6,118.18,9,118.2,10,118.27,5,118.28,6,118.3,4,,,,,,
2020-10-29 09:34:20,118.065,118.07,1,118.03,11,118.1,1,118.1,118.03,118.03,11,118.02,12,118.01,21,118.0,2,117.94,1,117.92,4,117.9,13,117.87,8,117.85,4,117.84,8,118.1,1,118.11,2,118.12,10,118.14,6,118.15,12,118.16,10,118.17,6,118.18,9,118.2,10,118.27,5
2020-10-29 09:34:21,118.065,118.07,1,118.03,11,118.1,1,118.1,118.03,118.03,11,118.02,12,118.01,21,118.0,2,117.94,1,117.92,4,117.9,13,117.87,8,117.85,4,117.84,8,118.1,1,118.11,2,118.12,10,118.14,6,118.15,12,118.16,10,118.17,6,118.18,9,118.2,10,118.27,5
2020-10-29 09:34:22,118.065,118.04,1,118.03,15,118.1,3,118.1,118.03,118.03,15,118.02,12,118.01,21,118.0,2,117.94,1,117.92,4,117.9,13,117.87,8,117.85,4,117.84,8,118.1,3,118.11,2,118.12,10,118.14,6,118.15,12,118.16,10,118.17,6,118.18,9,118.2,10,118.27,5
2020-10-29 09:34:23,118.06,118.08,1,118.03,1,118.09,2,118.09,118.03,118.03,1,118.02,9,118.01,9,118.0,5,117.99,6,117.94,1,117.92,4,117.9,13,117.87,8,117.85,4,118.09,2,118.1,3,118.11,2,118.12,10,118.14,6,118.15,12,118.16,10,118.17,6,118.18,9,118.2,10
2020-10-29 09:34:24,118.05,118.03,1,118.01,9,118.09,2,118.09,118.01,118.01,9,118.0,5,117.99,6,117.94,1,117.92,4,117.9,13,117.87,8,117.85,4,117.84,8,117.83,3,118.09,2,118.1,3,118.11,2,118.12,10,118.14,6,118.15,12,118.16,10,118.17,6,118.18,9,118.2,10
2020-10-29 09:34:25,118.04,118.04,1,118.01,11,118.07,1,118.07,118.01,118.01,11,118.0,5,117.99,6,117.94,1,117.92,4,117.9,13,117.87,8,117.85,4,117.84,8,117.83,3,118.07,1,118.09,2,118.1,3,118.11,2,118.12,10,118.14,6,118.15,12,118.16,10,118.17,6,118.18,9
2020-10-29 09:34:26,118.04,118.04,1,118.01,14,118.07,4,118.07,118.01,118.01,14,118.0,5,117.99,6,117.94,1,117.92,4,117.9,13,117.87,8,117.85,4,117.84,8,117.83,3,118.07,4,118.09,2,118.1,3,118.11,2,118.12,10,118.14,6,118.15,12,118.16,10,118.17,6,118.18,9
2020-10-29 09:34:27,118.075,118.07,1,118.05,20,118.1,4,118.1,118.05,118.05,20,118.04,1,118.03,2,118.02,1,118.01,16,118.0,5,117.99,6,117.94,1,117.92,4,117.9,13,118.1,4,118.11,2,118.12,10,118.14,6,118.15,12,118.16,10,118.17,6,118.18,9,118.2,10,118.27,5
2020-10-29 09:34:28,118.075,118.09,1,118.05,23,118.1,4,118.1,118.05,118.05,23,118.04,1,118.03,2,118.02,1,118.01,16,118.0,5,117.99,6,117.94,1,117.92,4,117.9,13,118.1,4,118.11,2,118.12,10,118.14,6,118.15,12,118.16,10,118.17,6,118.18,9,118.2,10,118.27,5
2020-10-29 09:34:29,118.11,118.06,1,118.08,5,118.14,1,118.14,118.08,118.08,5,118.07,2,118.06,3,118.05,25,118.04,1,118.03,2,118.02,1,118.01,16,118.0,5,117.99,6,118.14,1,118.15,13,118.16,10,118.17,6,118.18,9,118.2,10,118.27,5,118.28,6,118.3,4,,
2020-10-29 09:34:30,118.11,118.06,1,118.08,6,118.14,4,118.14,118.08,118.08,6,118.07,2,118.06,3,118.05,25,118.04,1,118.03,2,118.02,1,118.01,16,118.0,5,117.99,6,118.14,4,118.15,13,118.16,10,118.17,6,118.18,9,118.2,10,118.27,5,118.28,6,118.3,4,,
2020-10-29 09:34:31,118.085,118.07,2,118.05,20,118.12,2,118.12,118.05,118.05,20,118.04,1,118.03,2,118.02,1,118.01,16,118.0,5,117.99,6,117.94,1,117.92,4,117.9,13,118.12,2,118.13,2,118.14,4,118.15,13,118.16,10,118.17,6,118.18,9,118.2,10,118.27,5,118.28,6
2020-10-29 09:34:32,118.09,118.07,2,118.05,20,118.13,3,118.13,118.05,118.05,20,118.04,1,118.03,2,118.02,1,118.01,16,118.0,5,117.99,6,117.94,1,117.92,4,117.9,13,118.13,3,118.14,4,118.15,13,118.16,10,118.17,6,118.18,9,118.2,10,118.27,5,118.28,6,118.3,4
2020-10-29 09:34:33,118.095,118.08,1,118.05,20,118.14,9,118.14,118.05,118.05,20,118.04,1,118.03,2,118.02,1,118.01,16,118.0,5,117.99,6,117.94,1,117.92,4,117.9,13,118.14,9,118.15,13,118.16,10,118.17,6,118.18,9,118.2,10,118.27,5,118.28,6,118.3,4,,
2020-10-29 09:34:34,118.08,118.08,1,118.05,21,118.11,2,118.11,118.05,118.05,21,118.04,1,118.03,2,118.02,1,118.01,16,118.0,5,117.99,6,117.94,1,117.92,4,117.9,13,118.11,2,118.14,9,118.15,13,118.16,10,118.17,6,118.18,9,118.2,10,118.27,5,118.28,6,118.3,4
2020-10-29 09:34:35,118.06,118.05,1,118.05,1,118.07,2,118.07,118.05,118.05,1,118.04,5,118.03,2,118.02,1,118.01,16,118.0,5,117.99,6,117.94,1,117.92,4,117.9,13,118.07,2,118.08,2,118.09,4,118.1,2,118.14,8,118.15,13,118.16,10,118.17,6,118.18,9,118.2,10
2020-10-29 09:34:36,118.035,118.03,1,118.01,4,118.06,2,118.06,118.01,118.01,4,118.0,5,117.99,6,117.94,1,117.92,4,117.9,13,117.87,8,117.85,4,117.84,8,117.83,3,118.06,2,118.09,4,118.1,2,118.14,8,118.15,13,118.16,10,118.17,6,118.18,9,118.2,10,118.27,5
2020-10-29 09:34:37,117.98,117.98,1,117.96,1,118.0,3,118.0,117.96,117.96,1,117.95,13,117.92,2,117.9,13,117.87,8,117.85,4,117.84,8,117.83,3,117.81,7,117.8,12,118.0,3,118.01,3,118.02,1,118.04,3,118.05,3,118.06,3,118.09,5,118.1,2,118.14,8,118.15,13
2020-10-29 09:34:38,117.98,117.98,32,117.96,3,118.0,5,118.0,117.96,117.96,3,117.95,13,117.92,2,117.9,13,117.87,8,117.85,4,117.84,8,117.83,3,117.81,7,117.8,12,118.0,5,118.01,3,118.02,1,118.04,3,118.05,3,118.06,3,118.09,5,118.1,2,118.14,8,118.15,13
2020-10-29 09:34:39,117.925,117.9,1,117.9,11,117.95,2,117.95,117.9,117.9,11,117.87,8,117.85,4,117.84,8,117.83,3,117.81,7,117.8,12,117.79,14,117.78,18,117.77,11,117.95,2,117.96,3,117.97,4,117.98,2,118.0,7,118.01,3,118.02,1,118.04,3,118.05,3,118.06,3
2020-10-29 09:34:40,117.87,117.91,1,117.81,5,117.93,3,117.93,117.81,117.81,5,117.8,12,117.79,14,117.78,18,117.77,11,117.76,10,117.75,11,117.74,10,117.73,10,117.72,21,117.93,3,117.95,2,117.96,3,117.97,4,117.98,2,118.0,7,118.01,3,118.02,1,118.04,3,118.05,3
2020-10-29 09:34:41,117.895,117.9,1,117.86,2,117.93,2,117.93,117.86,117.86,2,117.85,18,117.84,18,117.83,13,117.81,12,117.8,12,117.79,14,117.78,18,117.77,11,117.76,10,117.93,2,117.97,4,117.98,2,118.0,7,118.01,3,118.02,1,118.04,3,118.05,3,118.06,3,118.09,5
2020-10-29 09:34:42,117.895,117.9,1,117.86,5,117.93,2,117.93,117.86,117.86,5,117.85,18,117.84,18,117.83,13,117.81,12,117.8,12,117.79,14,117.78,18,117.77,11,117.76,10,117.93,2,117.97,4,117.98,2,118.0,7,118.01,3,118.02,1,118.04,3,118.05,3,118.06,3,118.09,5
2020-10-29 09:34:43,117.895,117.9,1,117.86,15,117.93,5,117.93,117.86,117.86,15,117.85,18,117.84,18,117.83,13,117.81,12,117.8,12,117.79,14,117.78,18,117.77,11,117.76,10,117.93,5,117.97,4,117.98,2,118.0,7,118.01,3,118.02,1,118.04,3,118.05,3,118.06,3,118.09,5
2020-10-29 09:34:44,117.895,117.9,1,117.86,15,117.93,5,117.93,117.86,117.86,15,117.85,18,117.84,18,117.83,13,117.81,12,117.8,12,117.79,14,117.78,18,117.77,11,117.76,10,117.93,5,117.97,4,117.98,2,118.0,7,118.01,3,118.02,1,118.04,3,118.05,3,118.06,3,118.09,5
2020-10-29 09:34:45,117.895,117.9,1,117.86,15,117.93,5,117.93,117.86,117.86,15,117.85,18,117.84,18,117.83,13,117.81,12,117.8,12,117.79,14,117.78,18,117.77,11,117.76,10,117.93,5,117.97,4,117.98,2,118.0,7,118.01,3,118.02,1,118.04,3,118.05,3,118.06,3,118.09,5
2020-10-29 09:34:46,117.895,117.9,1,117.86,15,117.93,5,117.93,117.86,117.86,15,117.85,18,117.84,18,117.83,13,117.81,12,117.8,12,117.79,14,117.78,18,117.77,11,117.76,10,117.93,5,117.97,4,117.98,2,118.0,7,118.01,3,118.02,1,118.04,3,118.05,3,118.06,3,118.09,5
2020-10-29 09:34:47,117.895,117.9,1,117.86,15,117.93,5,117.93,117.86,117.86,15,117.85,18,117.84,18,117.83,13,117.81,12,117.8,12,117.79,14,117.78,18,117.77,11,117.76,10,117.93,5,117.97,4,117.98,2,118.0,7,118.01,3,118.02,1,118.04,3,118.05,3,118.06,3,118.09,5
2020-10-29 09:34:48,117.895,117.9,1,117.86,15,117.93,5,117.93,117.86,117.86,15,117.85,18,117.84,18,117.83,13,117.81,12,117.8,12,117.79,14,117.78,18,117.77,11,117.76,10,117.93,5,117.97,4,117.98,2,118.0,7,118.01,3,118.02,1,118.04,3,118.05,3,118.06,3,118.09,5
2020-10-29 09:34:49,117.895,117.87,2,117.86,15,117.93,6,117.93,117.86,117.86,15,117.85,18,117.84,18,117.83,13,117.81,12,117.8,12,117.79,14,117.78,18,117.77,11,117.76,10,117.93,6,117.97,4,117.98,2,118.0,7,118.01,3,118.02,1,118.04,3,118.05,3,118.06,3,118.09,5
2020-10-29 09:34:50,117.89,117.9,1,117.86,12,117.92,3,117.92,117.86,117.86,12,117.85,18,117.84,18,117.83,13,117.81,12,117.8,12,117.79,14,117.78,18,117.77,11,117.76,10,117.92,3,117.94,1,117.97,4,117.98,2,118.0,7,118.01,3,118.02,1,118.04,3,118.05,3,118.06,3
2020-10-29 09:34:51,117.88,117.88,1,117.86,11,117.9,3,117.9,117.86,117.86,11,117.85,18,117.84,18,117.83,13,117.81,12,117.8,12,117.79,14,117.78,18,117.77,11,117.76,10,117.9,3,117.91,3,117.92,3,117.94,1,117.97,4,117.98,2,118.0,7,118.01,3,118.02,1,118.04,3
2020-10-29 09:34:52,117.88,117.87,1,117.86,12,117.9,4,117.9,117.86,117.86,12,117.85,18,117.84,18,117.83,13,117.81,12,117.8,12,117.79,14,117.78,18,117.77,11,117.76,10,117.9,4,117.91,3,117.92,3,117.94,1,117.97,4,117.98,2,118.0,7,118.01,3,118.02,1,118.04,3
2020-10-29 09:34:53,117.875,117.86,2,117.86,15,117.89,3,117.89,117.86,117.86,15,117.85,18,117.84,18,117.83,13,117.81,12,117.8,12,117.79,14,117.78,18,117.77,11,117.76,10,117.89,3,117.9,5,117.91,3,117.92,3,117.94,1,117.97,4,117.98,2,118.0,7,118.01,3,118.02,1
2020-10-29 09:34:54,117.825,117.83,1,117.79,12,117.86,4,117.86,117.79,117.79,12,117.78,18,117.77,11,117.76,10,117.75,11,117.74,10,117.73,10,117.72,21,117.71,2,117.7,5,117.86,4,117.88,5,117.89,4,117.9,5,117.91,3,117.92,3,117.94,1,117.97,4,117.98,2,118.0,7
2020-10-29 09:34:55,117.785,117.8,1,117.75,14,117.82,1,117.82,117.75,117.75,14,117.74,10,117.73,10,117.72,21,117.71,2,117.7,5,117.68,2,117.66,4,117.65,11,117.64,4,117.82,1,117.83,4,117.85,3,117.86,4,117.88,5,117.89,4,117.9,5,117.91,3,117.92,3,117.94,1
2020-10-29 09:34:56,117.785,117.79,1,117.75,18,117.82,1,117.82,117.75,117.75,18,117.74,10,117.73,10,117.72,21,117.71,2,117.7,5,117.68,2,117.66,4,117.65,11,117.64,4,117.82,1,117.83,4,117.85,3,117.86,4,117.88,5,117.89,4,117.9,5,117.91,3,117.92,3,117.94,1
2020-10-29 09:34:57,117.785,117.79,1,117.75,18,117.82,2,117.82,117.75,117.75,18,117.74,10,117.73,10,117.72,21,117.71,2,117.7,5,117.68,2,117.66,4,117.65,11,117.64,4,117.82,2,117.83,4,117.85,3,117.86,4,117.88,5,117.89,4,117.9,5,117.91,3,117.92,3,117.94,1
2020-10-29 09:34:58,117.785,117.79,1,117.75,18,117.82,4,117.82,117.75,117.75,18,117.74,10,117.73,10,117.72,21,117.71,2,117.7,5,117.68,2,117.66,4,117.65,11,117.64,4,117.82,4,117.83,4,117.85,3,117.86,4,117.88,5,117.89,4,117.9,5,117.91,3,117.92,3,117.94,1
2020-10-29 09:34:59,117.785,117.79,1,117.75,18,117.82,4,117.82,117.75,117.75,18,117.74,10,117.73,10,117.72,21,117.71,2,117.7,5,117.68,2,117.66,4,117.65,11,117.64,4,117.82,4,117.83,4,117.85,3,117.86,4,117.88,5,117.89,4,117.9,5,117.91,3,117.92,3,117.94,1
2020-10-29 09:35:00,117.785,117.76,1,117.75,13,117.82,7,117.82,117.75,117.75,13,117.74,10,117.73,10,117.72,21,117.71,2,117.7,5,117.68,2,117.66,4,117.65,11,117.64,4,117.82,7,117.83,4,117.85,3,117.86,4,117.88,5,117.89,4,117.9,5,117.91,3,117.92,3,117.94,1
2020-10-29 09:35:01,117.78,117.76,1,117.75,14,117.81,3,117.81,117.75,117.75,14,117.74,10,117.73,10,117.72,21,117.71,2,117.7,5,117.68,2,117.66,4,117.65,11,117.64,4,117.81,3,117.82,8,117.83,4,117.85,3,117.86,4,117.88,5,117.89,4,117.9,5,117.91,3,117.92,3
2020-10-29 09:35:02,117.78,117.81,1,117.75,9,117.81,5,117.81,117.75,117.75,9,117.74,10,117.73,10,117.72,21,117.71,2,117.7,5,117.68,2,117.66,4,117.65,11,117.64,4,117.81,5,117.82,8,117.83,4,117.85,3,117.86,4,117.88,5,117.89,4,117.9,5,117.91,3,117.92,3
2020-10-29 09:35:03,117.745,117.77,1,117.71,4,117.78,4,117.78,117.71,117.71,4,117.7,17,117.68,2,117.66,4,117.65,11,117.64,4,117.63,19,117.62,10,117.61,16,117.6,10,117.78,4,117.81,11,117.82,8,117.83,4,117.85,3,117.86,4,117.88,5,117.89,4,117.9,5,117.91,3
2020-10-29 09:35:04,117.78,117.75,1,117.75,25,117.81,12,117.81,117.75,117.75,25,117.74,9,117.73,2,117.72,1,117.71,4,117.7,17,117.68,2,117.66,4,117.65,11,117.64,4,117.81,12,117.82,8,117.83,4,117.85,3,117.86,4,117.88,5,117.89,4,117.9,5,117.91,3,117.92,3
2020-10-29 09:35:05,117.735,117.72,1,117.7,15,117.77,16,117.77,117.7,117.7,15,117.68,2,117.66,4,117.65,11,117.64,4,117.63,19,117.62,10,117.61,16,117.6,10,117.59,22,117.77,16,117.79,2,117.8,1,117.81,13,117.82,8,117.83,4,117.85,3,117.86,4,117.88,5,117.89,4
2020-10-29 09:35:06,117.735,117.72,1,117.7,17,117.77,11,117.77,117.7,117.7,17,117.68,2,117.66,4,117.65,11,117.64,4,117.63,19,117.62,10,117.61,16,117.6,10,117.59,22,117.77,11,117.79,2,117.8,1,117.81,13,117.82,8,117.83,4,117.85,3,117.86,4,117.88,5,117.89,4
2020-10-29 09:35:07,117.73,117.73,3,117.7,17,117.76,3,117.76,117.7,117.7,17,117.68,2,117.66,4,117.65,11,117.64,4,117.63,19,117.62,10,117.61,16,117.6,10,117.59,22,117.76,3,117.77,12,117.79,2,117.8,1,117.81,13,117.82,8,117.83,4,117.85,3,117.86,4,117.88,5
2020-10-29 09:35:08,117.735,117.7,1,117.7,22,117.77,13,117.77,117.7,117.7,22,117.68,2,117.66,4,117.65,11,117.64,4,117.63,19,117.62,10,117.61,16,117.6,10,117.59,22,117.77,13,117.79,2,117.8,1,117.81,13,117.82,8,117.83,4,117.85,3,117.86,4,117.88,5,117.89,4
2020-10-29 09:35:09,117.725,117.7,3,117.7,12,117.75,3,117.75,117.7,117.7,12,117.68,2,117.66,4,117.65,11,117.64,4,117.63,19,117.62,10,117.61,16,117.6,10,117.59,22,117.75,3,117.76,4,117.77,13,117.79,2,117.8,1,117.81,13,117.82,8,117.83,4,117.85,3,117.86,4
2020-10-29 09:35:10,117.73,117.7,3,117.7,13,117.76,4,117.76,117.7,117.7,13,117.68,2,117.66,4,117.65,11,117.64,4,117.63,19,117.62,10,117.61,16,117.6,10,117.59,22,117.76,4,117.77,14,117.79,2,117.8,1,117.81,13,117.82,8,117.83,4,117.85,3,117.86,4,117.88,5
2020-10-29 09:35:11,117.73,117.77,1,117.7,12,117.76,6,117.76,117.7,117.7,12,117.68,2,117.66,4,117.65,11,117.64,4,117.63,19,117.62,10,117.61,16,117.6,10,117.59,22,117.76,6,117.77,13,117.79,2,117.8,1,117.81,13,117.82,8,117.83,4,117.85,3,117.86,4,117.88,5
2020-10-29 09:35:12,117.72,117.71,1,117.7,10,117.74,2,117.74,117.7,117.7,10,117.68,2,117.66,4,117.65,11,117.64,4,117.63,19,117.62,10,117.61,16,117.6,10,117.59,22,117.74,2,117.75,3,117.76,3,117.79,2,117.81,15,117.82,8,117.83,4,117.85,3,117.86,4,117.88,5
2020-10-29 09:35:13,117.7,117.72,1,117.66,1,117.74,4,117.74,117.66,117.66,1,117.65,11,117.64,4,117.63,19,117.62,10,117.61,16,117.6,10,117.59,22,117.58,19,117.57,11,117.74,4,117.75,5,117.78,2,117.79,2,117.81,15,117.82,8,117.83,4,117.85,3,117.86,4,117.88,5
2020-10-29 09:35:14,117.68,117.69,2,117.65,11,117.71,5,117.71,117.65,117.65,11,117.64,4,117.63,19,117.62,10,117.61,16,117.6,10,117.59,22,117.58,19,117.57,11,117.56,13,117.71,5,117.73,1,117.74,4,117.75,5,117.78,2,117.79,2,117.81,15,117.82,8,117.83,4,117.85,3
2020-10-29 09:35:15,117.68,117.65,1,117.66,5,117.7,5,117.7,117.66,117.66,5,117.65,7,117.64,4,117.63,19,117.62,10,117.61,16,117.6,10,117.59,22,117.58,19,117.57,11,117.7,5,117.71,7,117.73,1,117.74,4,117.75,5,117.78,2,117.79,2,117.81,15,117.82,8,117.83,4
2020-10-29 09:35:16,117.685,117.7,1,117.66,4,117.71,8,117.71,117.66,117.66,4,117.65,7,117.64,4,117.63,19,117.62,10,117.61,16,117.6,10,117.59,22,117.58,19,117.57,11,117.71,8,117.73,1,117.74,4,117.75,5,117.78,2,117.79,2,117.81,15,117.82,8,117.83,4,117.85,3
2020-10-29 09:35:17,117.675,117.68,1,117.66,5,117.69,4,117.69,117.66,117.66,5,117.65,7,117.64,4,117.63,19,117.62,10,117.61,16,117.6,10,117.59,22,117.58,19,117.57,11,117.69,4,117.7,1,117.71,10,117.73,1,117.74,4,117.75,5,117.78,2,117.79,2,117.81,15,117.82,8
2020-10-29 09:35:18,117.675,117.66,1,117.66,5,117.69,6,117.69,117.66,117.66,5,117.65,7,117.64,4,117.63,19,117.62,10,117.61,16,117.6,10,117.59,22,117.58,19,117.57,11,117.69,6,117.7,1,117.71,10,117.73,1,117.74,4,117.75,5,117.78,2,117.79,2,117.81,15,117.82,8
2020-10-29 09:35:19,117.675,117.66,2,117.66,5,117.69,7,117.69,117.66,117.66,5,117.65,7,117.64,4,117.63,19,117.62,10,117.61,16,117.6,10,117.59,22,117.58,19,117.57,11,117.69,7,117.7,1,117.71,10,117.73,1,117.74,4,117.75,5,117.78,2,117.79,2,117.81,15,117.82,8
2020-10-29 09:35:20,117.675,117.66,2,117.66,5,117.69,7,117.69,117.66,117.66,5,117.65,7,117.64,4,117.63,19,117.62,10,117.61,16,117.6,10,117.59,22,117.58,19,117.57,11,117.69,7,117.7,1,117.71,10,117.73,1,117.74,4,117.75,5,117.78,2,117.79,2,117.81,15,117.82,8
2020-10-29 09:35:21,117.675,117.66,1,117.66,5,117.69,7,117.69,117.66,117.66,5,117.65,7,117.64,4,117.63,19,117.62,10,117.61,16,117.6,10,117.59,22,117.58,19,117.57,11,117.69,7,117.7,1,117.71,10,117.73,1,117.74,4,117.75,5,117.78,2,117.79,2,117.81,15,117.82,8
2020-10-29 09:35:22,117.69,117.67,1,117.67,6,117.71,10,117.71,117.67,117.67,6,117.66,5,117.65,7,117.64,4,117.63,19,117.62,10,117.61,16,117.6,10,117.59,22,117.58,19,117.71,10,117.73,1,117.74,4,117.75,5,117.78,2,117.79,2,117.81,15,117.82,8,117.83,4,117.85,3
2020-10-29 09:35:23,117.695,117.69,4,117.69,8,117.7,5,117.7,117.69,117.69,8,117.66,3,117.65,2,117.64,7,117.63,19,117.62,10,117.61,16,117.6,10,117.59,22,117.58,19,117.7,5,117.71,10,117.73,1,117.74,4,117.75,5,117.78,2,117.79,2,117.81,15,117.82,8,117.83,4
2020-10-29 09:35:24,117.64,117.65,1,117.62,11,117.66,3,117.66,117.62,117.62,11,117.61,16,117.6,10,117.59,22,117.58,19,117.57,11,117.56,13,117.55,4,117.54,5,117.53,2,117.66,3,117.67,5,117.69,4,117.7,1,117.71,11,117.73,1,117.74,4,117.75,5,117.78,2,117.79,2
2020-10-29 09:35:25,117.595,117.58,1,117.57,21,117.62,1,117.62,117.57,117.57,21,117.56,13,117.55,4,117.54,5,117.53,2,117.5,8,117.49,3,117.48,8,117.47,6,117.46,3,117.62,1,117.65,3,117.66,2,117.67,15,117.69,4,117.7,1,117.71,11,117.73,1,117.74,4,117.75,5
2020-10-29 09:35:26,117.56,117.57,1,117.53,9,117.59,6,117.59,117.53,117.53,9,117.5,8,117.49,3,117.48,8,117.47,6,117.46,3,117.45,11,117.44,2,117.43,2,117.42,16,117.59,6,117.61,6,117.62,4,117.65,3,117.66,2,117.67,15,117.69,4,117.7,1,117.71,11,117.73,1
2020-10-29 09:35:27,117.56,117.57,1,117.53,9,117.59,6,117.59,117.53,117.53,9,117.5,8,117.49,3,117.48,8,117.47,6,117.46,3,117.45,11,117.44,2,117.43,2,117.42,16,117.59,6,117.61,6,117.62,4,117.65,3,117.66,2,117.67,15,117.69,4,117.7,1,117.71,11,117.73,1
2020-10-29 09:35:28,117.615,117.58,1,117.58,3,117.65,1,117.65,117.58,117.58,3,117.57,12,117.56,4,117.53,9,117.5,8,117.49,3,117.48,8,117.47,6,117.46,3,117.45,11,117.65,1,117.66,10,117.67,12,117.69,4,117.7,1,117.71,11,117.73,1,117.74,4,117.75,5,117.78,2
2020-10-29 09:35:29,117.615,117.58,1,117.58,3,117.65,2,117.65,117.58,117.58,3,117.57,12,117.56,4,117.53,9,117.5,8,117.49,3,117.48,8,117.47,6,117.46,3,117.45,11,117.65,2,117.66,10,117.67,12,117.69,4,117.7,1,117.71,11,117.73,1,117.74,4,117.75,5,117.78,2
2020-10-29 09:35:30,117.555,117.57,1,117.53,8,117.58,3,117.58,117.53,117.53,8,117.5,8,117.49,3,117.48,8,117.47,6,117.46,3,117.45,11,117.44,2,117.43,2,117.42,16,117.58,3,117.59,5,117.61,1,117.62,12,117.63,1,117.65,17,117.66,10,117.67,12,117.69,4,117.7,1
2020-10-29 09:35:31,117.54,117.51,1,117.5,16,117.58,5,117.58,117.5,117.5,16,117.49,3,117.48,8,117.47,6,117.46,3,117.45,11,117.44,2,117.43,2,117.42,16,117.41,3,117.58,5,117.59,5,117.61,1,117.62,12,117.63,1,117.65,17,117.66,10,117.67,12,117.69,4,117.7,1
2020-10-29 09:35:32,117.53,117.5,1,117.5,12,117.56,2,117.56,117.5,117.5,12,117.49,3,117.48,8,117.47,6,117.46,3,117.45,11,117.44,2,117.43,2,117.42,16,117.41,3,117.56,2,117.58,5,117.59,5,117.61,1,117.62,12,117.63,1,117.65,17,117.66,10,117.67,12,117.69,4
2020-10-29 09:35:33,117.52,117.53,1,117.48,4,117.56,5,117.56,117.48,117.48,4,117.47,5,117.45,15,117.44,2,117.43,2,117.42,16,117.41,3,117.4,13,,,,,117.56,5,117.58,5,117.59,5,117.61,1,117.62,12,117.63,1,117.65,17,117.66,10,117.67,12,117.69,4
2020-10-29 09:35:34,117.52,117.53,1,117.48,4,117.56,5,117.56,117.48,117.48,4,117.47,5,117.45,15,117.44,2,117.43,2,117.42,16,117.41,3,117.4,13,,,,,117.56,5,117.58,5,117.59,5,117.61,1,117.62,12,117.63,1,117.65,17,117.66,10,117.67,12,117.69,4
2020-10-29 09:35:35,117.52,117.52,9,117.48,4,117.56,6,117.56,117.48,117.48,4,117.47,5,117.45,15,117.44,2,117.43,2,117.42,16,117.41,3,117.4,13,,,,,117.56,6,117.58,5,117.59,5,117.61,1,117.62,12,117.63,1,117.65,17,117.66,10,117.67,12,117.69,4
2020-10-29 09:35:36,117.575,117.53,1,117.52,14,117.63,3,117.63,117.52,117.52,14,117.51,2,117.5,1,117.49,5,117.48,4,117.47,5,117.45,15,117.44,2,117.43,2,117.42,16,117.63,3,117.64,9,117.65,12,117.66,10,117.67,12,117.69,4,117.7,1,117.71,11,117.73,1,117.74,4
2020-10-29 09:35:37,117.555,117.53,1,117.5,3,117.61,10,117.61,117.5,117.5,3,117.49,3,117.48,4,117.47,5,117.45,15,117.44,2,117.43,2,117.42,16,117.41,3,117.4,13,117.61,10,117.62,21,117.63,15,117.64,9,117.65,12,117.66,10,117.67,12,117.69,4,117.7,1,117.71,11
2020-10-29 09:35:38,117.555,117.56,1,117.5,21,117.61,3,117.61,117.5,117.5,21,117.49,3,117.48,4,117.47,5,117.45,15,117.44,2,117.43,2,117.42,16,117.41,3,117.4,13,117.61,3,117.62,19,117.63,15,117.64,9,117.65,12,117.66,10,117.67,12,117.69,4,117.7,1,117.71,11
2020-10-29 09:35:39,117.54,117.56,1,117.49,5,117.59,3,117.59,117.49,117.49,5,117.48,4,117.47,5,117.45,15,117.44,2,117.43,2,117.42,16,117.41,3,117.4,13,,,117.59,3,117.61,6,117.62,19,117.63,15,117.64,9,117.65,12,117.66,10,117.67,12,117.69,4,117.7,1
2020-10-29 09:35:40,117.525,117.49,1,117.49,1,117.56,4,117.56,117.49,117.49,1,117.47,5,117.45,15,117.44,2,117.43,2,117.42,16,117.41,3,117.4,13,,,,,117.56,4,117.57,8,117.58,7,117.59,6,117.61,6,117.62,19,117.63,15,117.64,9,117.65,12,117.66,10
2020-10-29 09:35:41,117.53,117.49,1,117.5,5,117.56,4,117.56,117.5,117.5,5,117.49,6,117.47,5,117.45,15,117.44,2,117.43,2,117.42,16,117.41,3,117.4,13,,,117.56,4,117.57,8,117.58,7,117.59,6,117.61,6,117.62,19,117.63,15,117.64,9,117.65,12,117.66,10
2020-10-29 09:35:42,117.53,117.53,1,117.5,5,117.56,4,117.56,117.5,117.5,5,117.49,6,117.47,5,117.45,15,117.44,2,117.43,2,117.42,16,117.41,3,117.4,13,,,117.56,4,117.57,8,117.58,7,117.59,6,117.61,6,117.62,19,117.63,15,117.64,9,117.65,12,117.66,10
2020-10-29 09:35:43,117.525,117.5,1,117.5,5,117.55,4,117.55,117.5,117.5,5,117.49,6,117.47,5,117.45,15,117.44,2,117.43,2,117.42,16,117.41,3,117.4,13,,,117.55,4,117.56,4,117.57,8,117.58,7,117.59,6,117.61,6,117.62,19,117.63,15,117.64,9,117.65,12
2020-10-29 09:35:44,117.5,117.49,1,117.49,5,117.51,3,117.51,117.49,117.49,5,117.47,5,117.45,15,117.44,2,117.43,2,117.42,16,117.41,3,117.4,13,,,,,117.51,3,117.53,3,117.54,1,117.55,4,117.56,4,117.57,8,117.58,7,117.59,6,117.61,6,117.62,19
2020-10-29 09:35:45,117.5,117.5,1,117.49,6,117.51,2,117.51,117.49,117.49,6,117.47,5,117.45,15,117.44,2,117.43,2,117.42,16,117.41,3,117.4,13,,,,,117.51,2,117.52,4,117.53,3,117.54,1,117.55,4,117.56,4,117.57,8,117.58,7,117.59,6,117.61,6
2020-10-29 09:35:46,117.51,117.53,1,117.49,8,117.53,4,117.53,117.49,117.49,8,117.47,5,117.45,15,117.44,2,117.43,2,117.42,16,117.41,3,117.4,13,,,,,117.53,4,117.54,1,117.55,4,117.56,4,117.57,8,117.58,7,117.59,6,117.61,6,117.62,19,117.63,15
2020-10-29 09:35:47,117.515,117.53,1,117.5,2,117.53,5,117.53,117.5,117.5,2,117.49,8,117.47,5,117.45,15,117.44,2,117.43,2,117.42,16,117.41,3,117.4,13,,,117.53,5,117.54,1,117.55,4,117.56,4,117.57,8,117.58,7,117.59,6,117.61,6,117.62,19,117.63,15
2020-10-29 09:35:48,117.55,117.54,1,117.51,18,117.59,6,117.59,117.51,117.51,18,117.5,2,117.49,8,117.47,5,117.45,15,117.44,2,117.43,2,117.42,16,117.41,3,117.4,13,117.59,6,117.61,6,117.62,19,117.63,15,117.64,9,117.65,12,117.66,10,117.67,12,117.69,4,117.7,1
2020-10-29 09:35:49,117.55,117.54,1,117.51,17,117.59,6,117.59,117.51,117.51,17,117.5,2,117.49,8,117.47,5,117.45,15,117.44,2,117.43,2,117.42,16,117.41,3,117.4,13,117.59,6,117.61,6,117.62,19,117.63,15,117.64,9,117.65,12,117.66,10,117.67,12,117.69,4,117.7,1
2020-10-29 09:35:50,117.545,117.57,1,117.51,17,117.58,3,117.58,117.51,117.51,17,117.5,2,117.49,8,117.47,5,117.45,15,117.44,2,117.43,2,117.42,16,117.41,3,117.4,13,117.58,3,117.59,12,117.61,6,117.62,19,117.63,15,117.64,9,117.65,12,117.66,10,117.67,12,117.69,4
2020-10-29 09:35:51,117.545,117.57,1,117.51,17,117.58,3,117.58,117.51,117.51,17,117.5,2,117.49,8,117.47,5,117.45,15,117.44,2,117.43,2,117.42,16,117.41,3,117.4,13,117.58,3,117.59,12,117.61,6,117.62,19,117.63,15,117.64,9,117.65,12,117.66,10,117.67,12,117.69,4
2020-10-29 09:35:52,117.535,117.57,1,117.51,17,117.56,3,117.56,117.51,117.51,17,117.5,2,117.49,8,117.47,5,117.45,15,117.44,2,117.43,2,117.42,16,117.41,3,117.4,13,117.56,3,117.57,3,117.58,11,117.59,12,117.61,6,117.62,19,117.63,15,117.64,9,117.65,12,117.66,10
2020-10-29 09:35:53,117.535,117.57,1,117.51,18,117.56,5,117.56,117.51,117.51,18,117.5,2,117.49,8,117.47,5,117.45,15,117.44,2,117.43,2,117.42,16,117.41,3,117.4,13,117.56,5,117.57,3,117.58,11,117.59,12,117.61,6,117.62,19,117.63,15,117.64,9,117.65,12,117.66,10
2020-10-29 09:35:54,117.505,117.49,3,117.49,11,117.52,2,117.52,117.49,117.49,11,117.47,5,117.45,15,117.44,2,117.43,2,117.42,16,117.41,3,117.4,13,,,,,117.52,2,117.53,7,117.54,3,117.56,5,117.57,3,117.58,11,117.59,12,117.61,6,117.62,19,117.63,15
2020-10-29 09:35:55,117.425,117.44,1,117.41,3,117.44,2,117.44,117.41,117.41,3,117.4,14,,,,,,,,,,,,,,,,,117.44,2,117.47,2,117.48,4,117.5,2,117.52,3,117.53,7,117.54,3,117.56,5,117.57,3,117.58,11
2020-10-29 09:35:56,117.385,117.38,2,117.36,10,117.41,1,117.41,117.36,117.36,10,,,,,,,,,,,,,,,,,,,117.41,1,117.42,2,117.44,2,117.47,2,117.48,4,117.5,2,117.52,3,117.53,7,117.54,3,117.56,5
2020-10-29 09:35:57,117.38,117.4,1,117.36,10,117.4,2,117.4,117.36,117.36,10,117.35,10,,,,,,,,,,,,,,,,,117.4,2,117.41,1,117.42,2,117.44,2,117.47,2,117.48,4,117.5,2,117.52,3,117.53,7,117.54,3
2020-10-29 09:35:58,117.4,117.36,1,117.37,2,117.43,2,117.43,117.37,117.37,2,117.36,10,117.35,10,,,,,,,,,,,,,,,117.43,2,117.44,2,117.47,2,117.48,4,117.5,2,117.52,3,117.53,7,117.54,3,117.56,5,117.57,3
2020-10-29 09:35:59,117.405,117.36,1,117.38,2,117.43,2,117.43,117.38,117.38,2,117.37,2,117.36,10,117.35,10,,,,,,,,,,,,,117.43,2,117.44,2,117.47,2,117.48,4,117.5,2,117.52,3,117.53,7,117.54,3,117.56,5,117.57,3
2020-10-29 09:36:00,117.43,117.43,1,117.39,4,117.47,5,117.47,117.39,117.39,4,117.38,2,117.37,2,117.36,10,117.35,10,,,,,,,,,,,117.47,5,117.48,4,117.5,2,117.52,3,117.53,7,117.54,3,117.56,5,117.57,3,117.58,11,117.59,12
2020-10-29 09:36:01,117.445,117.43,1,117.42,2,117.47,5,117.47,117.42,117.42,2,117.39,4,117.38,2,117.37,2,117.36,10,117.35,10,,,,,,,,,117.47,5,117.48,4,117.5,2,117.52,3,117.53,7,117.54,3,117.56,5,117.57,3,117.58,11,117.59,12
2020-10-29 09:36:02,117.445,117.43,1,117.42,2,117.47,6,117.47,117.42,117.42,2,117.39,4,117.38,2,117.37,2,117.36,10,117.35,10,,,,,,,,,117.47,6,117.48,4,117.5,2,117.52,3,117.53,7,117.54,3,117.56,5,117.57,3,117.58,11,117.59,12
2020-10-29 09:36:03,117.495,117.45,1,117.47,3,117.52,2,117.52,117.47,117.47,3,117.46,6,117.45,15,117.44,5,117.43,1,117.42,5,117.39,4,117.38,2,117.37,2,117.36,10,117.52,2,117.53,9,117.54,3,117.56,5,117.57,3,117.58,11,117.59,12,117.61,6,117.62,19,117.63,15
2020-10-29 09:36:04,117.505,117.51,1,117.49,3,117.52,2,117.52,117.49,117.49,3,117.48,2,117.47,5,117.46,6,117.45,15,117.44,5,117.43,1,117.42,5,117.39,4,117.38,2,117.52,2,117.53,9,117.54,3,117.56,5,117.57,3,117.58,11,117.59,12,117.61,6,117.62,19,117.63,15
2020-10-29 09:36:05,117.5,117.52,2,117.48,1,117.52,2,117.52,117.48,117.48,1,117.47,7,117.46,6,117.45,15,117.44,5,117.43,1,117.42,5,117.39,4,117.38,2,117.37,2,117.52,2,117.53,9,117.54,3,117.56,5,117.57,3,117.58,11,117.59,12,117.61,6,117.62,19,117.63,15
2020-10-29 09:36:06,117.495,117.52,2,117.47,7,117.52,2,117.52,117.47,117.47,7,117.46,6,117.45,15,117.44,5,117.43,1,117.42,5,117.39,4,117.38,2,117.37,2,117.36,10,117.52,2,117.53,9,117.54,3,117.56,5,117.57,3,117.58,11,117.59,12,117.61,6,117.62,19,117.63,15
2020-10-29 09:36:08,117.47,117.45,1,117.43,5,117.51,4,117.51,117.43,117.43,5,117.42,9,117.39,4,117.38,2,117.37,2,117.36,10,117.35,10,,,,,,,117.51,4,117.52,1,117.53,7,117.54,3,117.56,5,117.57,3,117.58,11,117.59,12,117.61,6,117.62,19
2020-10-29 09:36:09,117.475,117.5,1,117.44,3,117.51,4,117.51,117.44,117.44,3,117.43,5,117.42,9,117.39,4,117.38,2,117.37,2,117.36,10,117.35,10,,,,,117.51,4,117.52,1,117.53,7,117.54,3,117.56,5,117.57,3,117.58,11,117.59,12,117.61,6,117.62,19
2020-10-29 09:36:10,117.505,117.5,1,117.46,11,117.55,5,117.55,117.46,117.46,11,117.45,1,117.44,3,117.43,5,117.42,9,117.39,4,117.38,2,117.37,2,117.36,10,117.35,10,117.55,5,117.56,5,117.57,3,117.58,11,117.59,12,117.61,6,117.62,19,117.63,15,117.64,9,117.65,12
2020-10-29 09:36:11,117.515,117.5,1,117.48,4,117.55,5,117.55,117.48,117.48,4,117.47,3,117.46,11,117.45,1,117.44,3,117.43,5,117.42,9,117.39,4,117.38,2,117.37,2,117.55,5,117.56,5,117.57,3,117.58,11,117.59,12,117.61,6,117.62,19,117.63,15,117.64,9,117.65,12
2020-10-29 09:36:12,117.555,117.53,1,117.53,10,117.58,1,117.58,117.53,117.53,10,117.51,2,117.5,2,117.49,1,117.48,4,117.47,3,117.46,11,117.45,1,117.44,3,117.43,5,117.58,1,117.61,7,117.62,19,117.63,15,117.64,9,117.65,12,117.66,10,117.67,12,117.69,4,117.7,1
2020-10-29 09:36:13,117.565,117.53,1,117.53,5,117.6,2,117.6,117.53,117.53,5,117.51,5,117.5,2,117.49,1,117.48,4,117.47,3,117.46,11,117.45,1,117.44,3,117.43,5,117.6,2,117.61,8,117.62,19,117.63,15,117.64,9,117.65,12,117.66,10,117.67,12,117.69,4,117.7,1
2020-10-29 09:36:14,117.575,117.54,1,117.55,3,117.6,5,117.6,117.55,117.55,3,117.54,2,117.53,5,117.51,5,117.5,2,117.49,1,117.48,4,117.47,3,117.46,11,117.45,1,117.6,5,117.61,8,117.62,19,117.63,15,117.64,9,117.65,12,117.66,10,117.67,12,117.69,4,117.7,1
2020-10-29 09:36:15,117.575,117.54,1,117.55,4,117.6,5,117.6,117.55,117.55,4,117.54,2,117.53,5,117.51,5,117.5,2,117.49,1,117.48,4,117.47,3,117.46,11,117.45,1,117.6,5,117.61,8,117.62,19,117.63,15,117.64,9,117.65,12,117.66,10,117.67,12,117.69,4,117.7,1
2020-10-29 09:36:16,117.575,117.6,1,117.55,6,117.6,4,117.6,117.55,117.55,6,117.54,2,117.53,5,117.51,5,117.5,2,117.49,1,117.48,4,117.47,3,117.46,11,117.45,1,117.6,4,117.61,8,117.62,19,117.63,15,117.64,9,117.65,12,117.66,10,117.67,12,117.69,4,117.7,1
2020-10-29 09:36:17,117.465,117.53,1,117.43,7,117.5,2,117.5,117.43,117.43,7,117.42,9,117.39,4,117.38,2,117.37,2,117.36,10,117.35,10,,,,,,,117.5,2,117.51,11,117.52,3,117.53,5,117.54,5,117.55,5,117.56,10,117.57,10,117.58,11,117.59,6
2020-10-29 09:36:18,117.475,117.53,1,117.44,5,117.51,12,117.51,117.44,117.44,5,117.43,7,117.42,9,117.39,4,117.38,2,117.37,2,117.36,10,117.35,10,,,,,117.51,12,117.52,3,117.53,5,117.54,5,117.55,5,117.56,10,117.57,10,117.58,11,117.59,6,117.6,4
2020-10-29 09:36:19,117.48,117.48,1,117.44,4,117.52,4,117.52,117.44,117.44,4,117.43,7,117.42,9,117.39,4,117.38,2,117.37,2,117.36,10,117.35,10,,,,,117.52,4,117.53,10,117.54,5,117.55,5,117.56,10,117.57,10,117.58,11,117.59,6,117.6,4,117.61,8
2020-10-29 09:36:20,117.48,117.48,1,117.44,4,117.52,13,117.52,117.44,117.44,4,117.43,7,117.42,9,117.39,4,117.38,2,117.37,2,117.36,10,117.35,10,,,,,117.52,13,117.53,10,117.54,5,117.55,5,117.56,10,117.57,10,117.58,11,117.59,6,117.6,4,117.61,8
2020-10-29 09:36:21,117.475,117.52,1,117.43,22,117.52,10,117.52,117.43,117.43,22,117.42,17,117.41,14,117.4,9,117.39,9,117.38,2,117.37,2,117.36,10,117.35,10,,,117.52,10,117.53,10,117.54,5,117.55,5,117.56,10,117.57,10,117.58,11,117.59,6,117.6,4,117.61,8
2020-10-29 09:36:22,117.475,117.44,1,117.43,17,117.52,10,117.52,117.43,117.43,17,117.42,17,117.41,14,117.4,9,117.39,9,117.38,2,117.37,2,117.36,10,117.35,10,,,117.52,10,117.53,10,117.54,5,117.55,5,117.56,10,117.57,10,117.58,11,117.59,6,117.6,4,117.61,8
2020-10-29 09:36:23,117.48,117.46,1,117.46,3,117.5,2,117.5,117.46,117.46,3,117.44,5,117.43,17,117.42,17,117.41,14,117.4,9,117.39,9,117.38,2,117.37,2,117.36,10,117.5,2,117.51,2,117.52,10,117.53,10,117.54,5,117.55,5,117.56,10,117.57,10,117.58,11,117.59,6
2020-10-29 09:36:24,117.485,117.46,1,117.47,3,117.5,2,117.5,117.47,117.47,3,117.46,3,117.44,5,117.43,17,117.42,17,117.41,14,117.4,9,117.39,9,117.38,2,117.37,2,117.5,2,117.51,2,117.52,10,117.53,10,117.54,5,117.55,5,117.56,10,117.57,10,117.58,11,117.59,6
2020-10-29 09:36:25,117.505,117.5,1,117.48,2,117.53,7,117.53,117.48,117.48,2,117.47,3,117.46,3,117.44,5,117.43,17,117.42,17,117.41,14,117.4,9,117.39,9,117.38,2,117.53,7,117.54,11,117.55,5,117.56,10,117.57,10,117.58,11,117.59,6,117.6,4,117.61,8,117.62,19
2020-10-29 09:36:26,117.515,117.5,1,117.5,5,117.53,10,117.53,117.5,117.5,5,117.49,3,117.48,2,117.47,3,117.46,3,117.44,5,117.43,17,117.42,17,117.41,14,117.4,9,117.53,10,117.54,11,117.55,5,117.56,10,117.57,10,117.58,11,117.59,6,117.6,4,117.61,8,117.62,19
2020-10-29 09:36:27,117.52,117.5,1,117.5,5,117.54,2,117.54,117.5,117.5,5,117.49,3,117.48,2,117.47,3,117.46,3,117.44,5,117.43,17,117.42,17,117.41,14,117.4,9,117.54,2,117.55,6,117.56,10,117.57,10,117.58,11,117.59,6,117.6,4,117.61,8,117.62,19,117.63,15
2020-10-29 09:36:28,117.465,117.46,1,117.43,20,117.5,2,117.5,117.43,117.43,20,117.42,17,117.41,14,117.4,9,117.39,9,117.38,2,117.37,2,117.36,10,117.35,10,,,117.5,2,117.51,2,117.52,3,117.53,1,117.54,2,117.55,6,117.56,10,117.57,10,117.58,11,117.59,6
2020-10-29 09:36:29,117.47,117.48,1,117.43,22,117.51,3,117.51,117.43,117.43,22,117.42,17,117.41,14,117.4,9,117.39,9,117.38,2,117.37,2,117.36,10,117.35,10,,,117.51,3,117.52,3,117.53,1,117.54,2,117.55,6,117.56,10,117.57,10,117.58,11,117.59,6,117.6,4
2020-10-29 09:36:30,117.48,117.48,1,117.44,21,117.52,2,117.52,117.44,117.44,21,117.43,23,117.42,17,117.41,14,117.4,9,117.39,9,117.38,2,117.37,2,117.36,10,117.35,10,117.52,2,117.53,2,117.54,2,117.55,6,117.56,10,117.57,10,117.58,11,117.59,6,117.6,4,117.61,8
2020-10-29 09:36:31,117.535,117.52,4,117.52,3,117.55,7,117.55,117.52,117.52,3,117.51,5,117.5,2,117.47,5,117.45,1,117.44,22,117.43,23,117.42,17,117.41,14,117.4,9,117.55,7,117.56,10,117.57,10,117.58,11,117.59,6,117.6,4,117.61,8,117.62,19,117.63,15,117.64,9
2020-10-29 09:36:32,117.555,117.52,4,117.52,6,117.59,1,117.59,117.52,117.52,6,117.51,5,117.5,2,117.47,5,117.45,1,117.44,22,117.43,23,117.42,17,117.41,14,117.4,9,117.59,1,117.6,5,117.61,8,117.62,19,117.63,15,117.64,9,117.65,12,117.66,10,117.67,12,117.69,4
2020-10-29 09:36:33,117.555,117.52,4,117.52,6,117.59,1,117.59,117.52,117.52,6,117.51,5,117.5,2,117.47,5,117.45,1,117.44,22,117.43,23,117.42,17,117.41,14,117.4,9,117.59,1,117.6,5,117.61,8,117.62,19,117.63,15,117.64,9,117.65,12,117.66,10,117.67,12,117.69,4
2020-10-29 09:36:34,117.535,117.55,1,117.52,5,117.55,3,117.55,117.52,117.52,5,117.51,5,117.5,2,117.47,5,117.45,1,117.44,22,117.43,23,117.42,17,117.41,14,117.4,9,117.55,3,117.57,2,117.58,1,117.59,1,117.6,5,117.61,8,117.62,19,117.63,15,117.64,9,117.65,12
2020-10-29 09:36:35,117.505,117.49,1,117.48,1,117.53,3,117.53,117.48,117.48,1,117.47,5,117.45,1,117.44,22,117.43,23,117.42,17,117.41,14,117.4,9,117.39,9,117.38,2,117.53,3,117.54,3,117.55,2,117.57,2,117.58,1,117.59,1,117.6,5,117.61,8,117.62,19,117.63,15
2020-10-29 09:36:36,117.52,117.53,3,117.49,14,117.55,4,117.55,117.49,117.49,14,117.48,2,117.47,5,117.45,1,117.44,22,117.43,23,117.42,17,117.41,14,117.4,9,117.39,9,117.55,4,117.57,2,117.58,1,117.59,1,117.6,5,117.61,8,117.62,19,117.63,15,117.64,9,117.65,12
2020-10-29 09:36:37,117.52,117.53,3,117.49,14,117.55,4,117.55,117.49,117.49,14,117.48,2,117.47,5,117.45,1,117.44,22,117.43,23,117.42,17,117.41,14,117.4,9,117.39,9,117.55,4,117.57,2,117.58,1,117.59,1,117.6,5,117.61,8,117.62,19,117.63,15,117.64,9,117.65,12
2020-10-29 09:36:38,117.52,117.52,1,117.49,14,117.55,4,117.55,117.49,117.49,14,117.48,2,117.47,5,117.45,1,117.44,22,117.43,23,117.42,17,117.41,14,117.4,9,117.39,9,117.55,4,117.57,2,117.58,1,117.59,1,117.6,5,117.61,8,117.62,19,117.63,15,117.64,9,117.65,12
2020-10-29 09:36:39,117.525,117.52,1,117.5,3,117.55,4,117.55,117.5,117.5,3,117.49,14,117.48,2,117.47,5,117.45,1,117.44,22,117.43,23,117.42,17,117.41,14,117.4,9,117.55,4,117.57,2,117.58,1,117.59,1,117.6,5,117.61,8,117.62,19,117.63,15,117.64,9,117.65,12
2020-10-29 09:36:40,117.58,117.55,2,117.55,2,117.61,2,117.61,117.55,117.55,2,117.53,1,117.52,11,117.51,1,117.5,3,117.49,14,117.48,2,117.47,5,117.45,1,117.44,22,117.61,2,117.62,15,117.63,15,117.64,9,117.65,12,117.66,10,117.67,12,117.69,4,117.7,1,117.71,11
2020-10-29 09:36:41,117.545,117.55,1,117.51,2,117.58,2,117.58,117.51,117.51,2,117.5,3,117.49,14,117.48,2,117.47,5,117.45,1,117.44,22,117.43,23,117.42,17,117.41,14,117.58,2,117.61,8,117.62,15,117.63,15,117.64,9,117.65,12,117.66,10,117.67,12,117.69,4,117.7,1
2020-10-29 09:36:42,117.565,117.55,1,117.52,17,117.61,13,117.61,117.52,117.52,17,117.51,2,117.5,3,117.49,14,117.48,2,117.47,5,117.45,1,117.44,22,117.43,23,117.42,17,117.61,13,117.62,15,117.63,15,117.64,9,117.65,12,117.66,10,117.67,12,117.69,4,117.7,1,117.71,11
2020-10-29 09:36:43,117.565,117.55,1,117.53,3,117.6,2,117.6,117.53,117.53,3,117.52,17,117.51,2,117.5,3,117.49,14,117.48,2,117.47,5,117.45,1,117.44,22,117.43,23,117.6,2,117.61,13,117.62,15,117.63,15,117.64,9,117.65,12,117.66,10,117.67,12,117.69,4,117.7,1
2020-10-29 09:36:44,117.565,117.55,40,117.53,3,117.6,2,117.6,117.53,117.53,3,117.52,17,117.51,2,117.5,3,117.49,14,117.48,2,117.47,5,117.45,1,117.44,22,117.43,23,117.6,2,117.61,13,117.62,15,117.63,15,117.64,9,117.65,12,117.66,10,117.67,12,117.69,4,117.7,1
2020-10-29 09:36:45,117.565,117.57,2,117.53,3,117.6,2,117.6,117.53,117.53,3,117.52,17,117.51,2,117.5,3,117.49,14,117.48,2,117.47,5,117.45,1,117.44,22,117.43,23,117.6,2,117.61,13,117.62,15,117.63,15,117.64,9,117.65,12,117.66,10,117.67,12,117.69,4,117.7,1
2020-10-29 09:36:46,117.565,117.57,2,117.53,3,117.6,2,117.6,117.53,117.53,3,117.52,17,117.51,2,117.5,3,117.49,14,117.48,2,117.47,5,117.45,1,117.44,22,117.43,23,117.6,2,117.61,13,117.62,15,117.63,15,117.64,9,117.65,12,117.66,10,117.67,12,117.69,4,117.7,1
2020-10-29 09:36:47,117.565,117.57,2,117.53,3,117.6,2,117.6,117.53,117.53,3,117.52,17,117.51,2,117.5,3,117.49,14,117.48,2,117.47,5,117.45,1,117.44,22,117.43,23,117.6,2,117.61,13,117.62,15,117.63,15,117.64,9,117.65,12,117.66,10,117.67,12,117.69,4,117.7,1
2020-10-29 09:36:48,117.565,117.57,1,117.53,3,117.6,2,117.6,117.53,117.53,3,117.52,17,117.51,2,117.5,3,117.49,14,117.48,2,117.47,5,117.45,1,117.44,22,117.43,23,117.6,2,117.61,13,117.62,15,117.63,15,117.64,9,117.65,12,117.66,10,117.67,12,117.69,4,117.7,1
2020-10-29 09:36:49,117.625,117.58,1,117.58,3,117.67,4,117.67,117.58,117.58,3,117.57,15,117.56,1,117.55,3,117.53,5,117.52,17,117.51,2,117.5,3,117.49,14,117.48,2,117.67,4,117.69,6,117.7,1,117.71,11,117.73,1,117.74,4,117.75,5,117.78,2,117.79,2,117.81,15
2020-10-29 09:36:50,117.59,117.78,1,117.55,2,117.63,2,117.63,117.55,117.55,2,117.53,5,117.52,17,117.51,2,117.5,3,117.49,14,117.48,2,117.47,5,117.45,1,117.44,22,117.63,2,117.64,2,117.67,4,117.69,6,117.7,1,117.71,11,117.73,1,117.74,4,117.75,5,117.78,2
2020-10-29 09:36:51,117.59,117.59,1,117.55,2,117.63,2,117.63,117.55,117.55,2,117.53,5,117.52,17,117.51,2,117.5,3,117.49,14,117.48,2,117.47,5,117.45,1,117.44,22,117.63,2,117.64,2,117.67,4,117.69,6,117.7,1,117.71,11,117.73,1,117.74,4,117.75,5,117.78,2
2020-10-29 09:36:52,117.595,117.59,1,117.56,1,117.63,2,117.63,117.56,117.56,1,117.55,2,117.53,5,117.52,17,117.51,2,117.5,3,117.49,14,117.48,2,117.47,5,117.45,1,117.63,2,117.64,2,117.67,4,117.69,6,117.7,1,117.71,11,117.73,1,117.74,4,117.75,5,117.78,2
2020-10-29 09:36:53,117.595,117.59,1,117.56,2,117.63,2,117.63,117.56,117.56,2,117.55,2,117.53,5,117.52,17,117.51,2,117.5,3,117.49,14,117.48,2,117.47,5,117.45,1,117.63,2,117.64,2,117.67,4,117.69,6,117.7,1,117.71,11,117.73,1,117.74,4,117.75,5,117.78,2
2020-10-29 09:36:54,117.6,117.59,1,117.56,2,117.64,2,117.64,117.56,117.56,2,117.55,2,117.53,5,117.52,17,117.51,2,117.5,3,117.49,14,117.48,2,117.47,5,117.45,1,117.64,2,117.67,4,117.69,6,117.7,1,117.71,11,117.73,1,117.74,4,117.75,5,117.78,2,117.79,2
2020-10-29 09:36:55,117.54,117.54,4,117.5,2,117.58,4,117.58,117.5,117.5,2,117.48,2,117.47,5,117.45,1,117.44,22,117.43,23,117.42,17,117.41,14,117.4,9,117.39,9,117.58,4,117.6,1,117.62,1,117.63,1,117.64,4,117.67,4,117.69,6,117.7,1,117.71,11,117.73,1
2020-10-29 09:36:56,117.57,117.56,1,117.52,11,117.62,4,117.62,117.52,117.52,11,117.51,22,117.5,8,117.48,2,117.47,5,117.45,1,117.44,22,117.43,23,117.42,17,117.41,14,117.62,4,117.63,1,117.64,4,117.67,4,117.69,6,117.7,1,117.71,11,117.73,1,117.74,4,117.75,5
2020-10-29 09:36:57,117.57,117.56,1,117.52,18,117.62,4,117.62,117.52,117.52,18,117.51,22,117.5,8,117.48,2,117.47,5,117.45,1,117.44,22,117.43,23,117.42,17,117.41,14,117.62,4,117.63,1,117.64,4,117.67,4,117.69,6,117.7,1,117.71,11,117.73,1,117.74,4,117.75,5
2020-10-29 09:36:58,117.56,117.56,1,117.51,23,117.61,3,117.61,117.51,117.51,23,117.5,8,117.48,2,117.47,5,117.45,1,117.44,22,117.43,23,117.42,17,117.41,14,117.4,9,117.61,3,117.62,9,117.63,1,117.64,4,117.67,4,117.69,6,117.7,1,117.71,11,117.73,1,117.74,4
2020-10-29 09:36:59,117.56,117.51,6,117.51,25,117.61,5,117.61,117.51,117.51,25,117.5,8,117.48,2,117.47,5,117.45,1,117.44,22,117.43,23,117.42,17,117.41,14,117.4,9,117.61,5,117.62,9,117.63,1,117.64,4,117.67,4,117.69,6,117.7,1,117.71,11,117.73,1,117.74,4
2020-10-29 09:37:00,117.57,117.51,6,117.53,2,117.61,5,117.61,117.53,117.53,2,117.51,14,117.5,8,117.48,2,117.47,5,117.45,1,117.44,22,117.43,23,117.42,17,117.41,14,117.61,5,117.62,9,117.63,1,117.64,4,117.67,4,117.69,6,117.7,1,117.71,11,117.73,1,117.74,4
2020-10-29 09:37:01,117.65,117.61,1,117.6,3,117.7,15,117.7,117.6,117.6,3,117.59,5,117.58,22,117.57,2,117.56,1,117.53,2,117.51,14,117.5,8,117.48,2,117.47,5,117.7,15,117.71,20,117.73,1,117.74,4,117.75,5,117.78,2,117.79,2,117.81,15,117.82,8,117.83,4
2020-10-29 09:37:02,117.725,117.73,1,117.67,14,117.78,4,117.78,117.67,117.67,14,117.66,1,117.65,7,117.62,2,117.6,8,117.59,5,117.58,22,117.57,2,117.56,1,117.53,2,117.78,4,117.79,3,117.81,15,117.82,8,117.83,4,117.85,3,117.86,4,117.88,5,117.89,4,117.9,5
2020-10-29 09:37:03,117.745,117.79,1,117.69,3,117.8,10,117.8,117.69,117.69,3,117.68,24,117.67,28,117.66,1,117.65,7,117.62,2,117.6,8,117.59,5,117.58,22,117.57,2,117.8,10,117.81,15,117.82,8,117.83,4,117.85,3,117.86,4,117.88,5,117.89,4,117.9,5,117.91,3
2020-10-29 09:37:04,117.745,117.8,1,117.69,8,117.8,1,117.8,117.69,117.69,8,117.68,24,117.67,28,117.66,1,117.65,7,117.62,2,117.6,8,117.59,5,117.58,22,117.57,2,117.8,1,117.81,17,117.82,8,117.83,4,117.85,3,117.86,4,117.88,5,117.89,4,117.9,5,117.91,3
2020-10-29 09:37:05,117.735,117.8,1,117.69,8,117.78,2,117.78,117.69,117.69,8,117.68,24,117.67,28,117.66,1,117.65,7,117.62,2,117.6,8,117.59,5,117.58,22,117.57,2,117.78,2,117.79,2,117.8,3,117.81,17,117.82,8,117.83,4,117.85,3,117.86,4,117.88,5,117.89,4
2020-10-29 09:37:06,117.815,117.82,1,117.77,5,117.86,6,117.86,117.77,117.77,5,117.72,4,117.7,12,117.69,8,117.68,24,117.67,28,117.66,1,117.65,7,117.62,2,117.6,8,117.86,6,117.88,5,117.89,4,117.9,5,117.91,3,117.92,3,117.94,1,117.97,4,117.98,2,118.0,7
2020-10-29 09:37:07,117.81,117.82,1,117.77,5,117.85,2,117.85,117.77,117.77,5,117.72,4,117.7,12,117.69,8,117.68,24,117.67,28,117.66,1,117.65,7,117.62,2,117.6,8,117.85,2,117.86,6,117.88,5,117.89,4,117.9,5,117.91,3,117.92,3,117.94,1,117.97,4,117.98,2
2020-10-29 09:37:08,117.805,117.82,1,117.77,5,117.84,2,117.84,117.77,117.77,5,117.72,4,117.7,12,117.69,8,117.68,24,117.67,28,117.66,1,117.65,7,117.62,2,117.6,8,117.84,2,117.85,2,117.86,6,117.88,5,117.89,4,117.9,5,117.91,3,117.92,3,117.94,1,117.97,4
2020-10-29 09:37:09,117.805,117.82,1,117.77,5,117.84,2,117.84,117.77,117.77,5,117.72,4,117.7,12,117.69,8,117.68,24,117.67,28,117.66,1,117.65,7,117.62,2,117.6,8,117.84,2,117.85,2,117.86,6,117.88,5,117.89,4,117.9,5,117.91,3,117.92,3,117.94,1,117.97,4
2020-10-29 09:37:10,117.74,117.76,1,117.7,13,117.78,1,117.78,117.7,117.7,13,117.69,8,117.68,24,117.67,28,117.66,1,117.65,7,117.62,2,117.6,8,117.59,5,117.58,22,117.78,1,117.79,3,117.8,23,117.81,2,117.82,1,117.84,2,117.85,2,117.86,6,117.88,5,117.89,4
2020-10-29 09:37:11,117.81,117.82,1,117.76,4,117.86,6,117.86,117.76,117.76,4,117.75,11,117.74,13,117.72,14,117.71,12,117.7,13,117.69,8,117.68,24,117.67,28,117.66,1,117.86,6,117.88,5,117.89,4,117.9,5,117.91,3,117.92,3,117.94,1,117.97,4,117.98,2,118.0,7
2020-10-29 09:37:12,117.815,117.77,1,117.76,9,117.87,5,117.87,117.76,117.76,9,117.75,11,117.74,13,117.72,14,117.71,12,117.7,13,117.69,8,117.68,24,117.67,28,117.66,1,117.87,5,117.88,5,117.89,4,117.9,5,117.91,3,117.92,3,117.94,1,117.97,4,117.98,2,118.0,7
2020-10-29 09:37:13,117.82,117.77,1,117.77,11,117.87,3,117.87,117.77,117.77,11,117.76,9,117.75,11,117.74,13,117.72,14,117.71,12,117.7,13,117.69,8,117.68,24,117.67,28,117.87,3,117.88,5,117.89,4,117.9,5,117.91,3,117.92,3,117.94,1,117.97,4,117.98,2,118.0,7
2020-10-29 09:37:14,117.815,117.77,1,117.77,11,117.86,5,117.86,117.77,117.77,11,117.76,9,117.75,11,117.74,13,117.72,14,117.71,12,117.7,13,117.69,8,117.68,24,117.67,28,117.86,5,117.87,5,117.88,5,117.89,4,117.9,5,117.91,3,117.92,3,117.94,1,117.97,4,117.98,2
2020-10-29 09:37:15,117.815,117.85,8,117.77,13,117.86,5,117.86,117.77,117.77,13,117.76,9,117.75,11,117.74,13,117.72,14,117.71,12,117.7,13,117.69,8,117.68,24,117.67,28,117.86,5,117.87,5,117.88,5,117.89,4,117.9,5,117.91,3,117.92,3,117.94,1,117.97,4,117.98,2
2020-10-29 09:37:16,117.75,117.74,1,117.71,10,117.79,3,117.79,117.71,117.71,10,117.7,9,117.69,8,117.68,24,117.67,28,117.66,1,117.65,7,117.62,2,117.6,8,117.59,5,117.79,3,117.8,3,117.83,2,117.84,1,117.85,2,117.86,3,117.87,5,117.88,5,117.89,4,117.9,5
2020-10-29 09:37:17,117.755,117.79,5,117.72,3,117.79,1,117.79,117.72,117.72,3,117.71,10,117.7,9,117.69,8,117.68,24,117.67,28,117.66,1,117.65,7,117.62,2,117.6,8,117.79,1,117.8,3,117.83,2,117.84,1,117.85,2,117.86,3,117.87,5,117.88,5,117.89,4,117.9,5
2020-10-29 09:37:18,117.755,117.79,5,117.72,3,117.79,1,117.79,117.72,117.72,3,117.71,10,117.7,9,117.69,8,117.68,24,117.67,28,117.66,1,117.65,7,117.62,2,117.6,8,117.79,1,117.8,3,117.83,2,117.84,1,117.85,2,117.86,3,117.87,5,117.88,5,117.89,4,117.9,5
2020-10-29 09:37:19,117.775,117.79,5,117.72,10,117.83,7,117.83,117.72,117.72,10,117.71,10,117.7,9,117.69,8,117.68,24,117.67,28,117.66,1,117.65,7,117.62,2,117.6,8,117.83,7,117.84,1,117.85,4,117.86,3,117.87,5,117.88,5,117.89,4,117.9,5,117.91,3,117.92,3
2020-10-29 09:37:20,117.775,117.79,5,117.72,10,117.83,7,117.83,117.72,117.72,10,117.71,10,117.7,9,117.69,8,117.68,24,117.67,28,117.66,1,117.65,7,117.62,2,117.6,8,117.83,7,117.84,1,117.85,4,117.86,3,117.87,5,117.88,5,117.89,4,117.9,5,117.91,3,117.92,3
2020-10-29 09:37:21,117.775,117.79,5,117.72,13,117.83,17,117.83,117.72,117.72,13,117.71,10,117.7,9,117.69,8,117.68,24,117.67,28,117.66,1,117.65,7,117.62,2,117.6,8,117.83,17,117.84,1,117.85,4,117.86,3,117.87,5,117.88,5,117.89,4,117.9,5,117.91,3,117.92,3
2020-10-29 09:37:22,117.765,117.79,5,117.72,10,117.81,2,117.81,117.72,117.72,10,117.71,10,117.7,9,117.69,8,117.68,24,117.67,28,117.66,1,117.65,7,117.62,2,117.6,8,117.81,2,117.82,12,117.83,17,117.84,1,117.85,4,117.86,3,117.87,5,117.88,5,117.89,4,117.9,5
2020-10-29 09:37:23,117.765,117.79,1,117.72,10,117.81,4,117.81,117.72,117.72,10,117.71,10,117.7,9,117.69,8,117.68,24,117.67,28,117.66,1,117.65,7,117.62,2,117.6,8,117.81,4,117.82,12,117.83,17,117.84,1,117.85,4,117.86,3,117.87,5,117.88,5,117.89,4,117.9,5
2020-10-29 09:37:24,117.765,117.75,1,117.72,10,117.81,4,117.81,117.72,117.72,10,117.71,10,117.7,9,117.69,8,117.68,24,117.67,28,117.66,1,117.65,7,117.62,2,117.6,8,117.81,4,117.82,12,117.83,17,117.84,1,117.85,4,117.86,3,117.87,5,117.88,5,117.89,4,117.9,5
2020-10-29 09:37:25,117.77,117.75,1,117.72,10,117.82,13,117.82,117.72,117.72,10,117.71,10,117.7,9,117.69,8,117.68,24,117.67,28,117.66,1,117.65,7,117.62,2,117.6,8,117.82,13,117.83,17,117.84,1,117.85,4,117.86,3,117.87,5,117.88,5,117.89,4,117.9,5,117.91,3
2020-10-29 09:37:26,117.76,117.75,1,117.72,10,117.8,3,117.8,117.72,117.72,10,117.71,10,117.7,9,117.69,8,117.68,24,117.67,28,117.66,1,117.65,7,117.62,2,117.6,8,117.8,3,117.81,1,117.82,8,117.83,17,117.84,1,117.85,4,117.86,3,117.87,5,117.88,5,117.89,4
2020-10-29 09:37:27,117.76,117.75,1,117.72,10,117.8,3,117.8,117.72,117.72,10,117.71,10,117.7,9,117.69,8,117.68,24,117.67,28,117.66,1,117.65,7,117.62,2,117.6,8,117.8,3,117.81,1,117.82,8,117.83,17,117.84,1,117.85,4,117.86,3,117.87,5,117.88,5,117.89,4
2020-10-29 09:37:28,117.765,117.79,1,117.72,10,117.81,3,117.81,117.72,117.72,10,117.71,10,117.7,9,117.69,8,117.68,24,117.67,28,117.66,1,117.65,7,117.62,2,117.6,8,117.81,3,117.82,11,117.83,17,117.84,1,117.85,4,117.86,3,117.87,5,117.88,5,117.89,4,117.9,5
2020-10-29 09:37:29,117.755,117.79,1,117.72,10,117.79,6,117.79,117.72,117.72,10,117.71,10,117.7,9,117.69,8,117.68,24,117.67,28,117.66,1,117.65,7,117.62,2,117.6,8,117.79,6,117.8,1,117.81,5,117.82,11,117.83,17,117.84,1,117.85,4,117.86,3,117.87,5,117.88,5
