sim_time,mid_price,last_price,last_size,best_bid_price,best_bid_size,best_ask_price,best_ask_size,close_price_buy,close_price_sell,bid1_price,bid1_size,bid2_price,bid2_size,bid3_price,bid3_size,bid4_price,bid4_size,bid5_price,bid5_size,bid6_price,bid6_size,bid7_price,bid7_size,bid8_price,bid8_size,bid9_price,bid9_size,bid10_price,bid10_size,ask1_price,ask1_size,ask2_price,ask2_size,ask3_price,ask3_size,ask4_price,ask4_size,ask5_price,ask5_size,ask6_price,ask6_size,ask7_price,ask7_size,ask8_price,ask8_size,ask9_price,ask9_size,ask10_price,ask10_size
2026-02-05 09:30:17,902.885,0.0,0,901.25,120,904.52,80,904.52,901.25,901.25,120,901.24,120,901.23,40,901.22,120,901.21,120,901.2,2240,900.74,160,,,,,,,904.52,80,904.7,200,908.8,80,,,,,,,,,,,,,,
2026-02-05 09:30:18,902.89,0.0,0,901.26,120,904.52,80,904.52,901.26,901.26,120,901.25,120,901.24,120,901.23,40,901.22,120,901.21,120,901.2,2240,900.74,160,,,,,904.52,80,904.7,200,908.8,80,,,,,,,,,,,,,,
2026-02-05 09:30:20,902.89,0.0,0,901.26,120,904.52,80,904.52,901.26,901.26,120,901.25,120,901.24,120,901.23,40,901.22,120,901.21,120,901.2,2240,900.74,160,,,,,904.52,80,904.7,200,908.8,80,,,,,,,,,,,,,,
2026-02-05 09:30:21,902.9,0.0,0,901.28,120,904.52,80,904.52,901.28,901.28,120,901.27,120,901.26,280,901.25,120,901.24,120,901.23,40,901.22,120,901.21,120,901.2,2240,900.74,160,904.52,80,904.7,200,908.8,80,,,,,,,,,,,,,,
2026-02-05 09:30:22,902.9,0.0,0,901.28,120,904.52,80,904.52,901.28,901.28,120,901.27,120,901.26,280,901.25,120,901.24,120,901.23,40,901.22,120,901.21,120,901.2,2240,900.74,160,904.52,80,904.7,200,908.8,80,,,,,,,,,,,,,,
2026-02-05 09:30:22,902.905,0.0,0,901.29,120,904.52,80,904.52,901.29,901.29,120,901.28,120,901.27,120,901.26,280,901.25,120,901.24,120,901.23,40,901.22,120,901.21,120,901.2,2240,904.52,80,904.7,200,908.8,80,,,,,,,,,,,,,,
2026-02-05 09:30:24,902.905,0.0,0,901.29,120,904.52,80,904.52,901.29,901.29,120,901.28,120,901.27,120,901.26,280,901.25,120,901.24,120,901.23,40,901.22,120,901.21,120,901.2,2240,904.52,80,904.7,200,908.8,80,,,,,,,,,,,,,,
2026-02-05 09:30:25,902.905,0.0,0,901.29,120,904.52,80,904.52,901.29,901.29,120,901.28,120,901.27,120,901.26,280,901.25,120,901.24,120,901.23,40,901.22,120,901.21,120,901.2,2240,904.52,80,904.7,200,908.8,80,,,,,,,,,,,,,,
2026-02-05 09:30:26,902.905,0.0,0,901.29,120,904.52,80,904.52,901.29,901.29,120,901.28,120,901.27,120,901.26,280,901.25,120,901.24,120,901.23,40,901.22,120,901.21,120,901.2,2240,904.52,80,904.7,200,908.8,80,,,,,,,,,,,,,,
2026-02-05 09:30:27,902.905,0.0,0,901.29,120,904.52,80,904.52,901.29,901.29,120,901.28,120,901.27,120,901.26,280,901.25,120,901.24,120,901.23,40,901.22,120,901.21,120,901.2,2240,904.52,80,904.7,200,908.8,80,,,,,,,,,,,,,,
2026-02-05 09:30:28,902.905,0.0,0,901.29,120,904.52,80,904.52,901.29,901.29,120,901.28,120,901.27,120,901.26,280,901.25,120,901.24,120,901.23,40,901.22,120,901.21,120,901.2,2240,904.52,80,904.7,200,908.8,80,,,,,,,,,,,,,,
2026-02-05 09:30:29,902.91,901.34,1,901.3,120,904.52,80,904.52,901.3,901.3,120,901.29,120,901.28,120,901.27,120,901.26,280,901.25,120,901.24,120,901.23,40,901.22,120,901.21,120,904.52,80,904.7,200,908.8,80,,,,,,,,,,,,,,
2026-02-05 09:30:30,902.915,901.34,1,901.31,120,904.52,120,904.52,901.31,901.31,120,901.3,120,901.29,120,901.28,120,901.27,120,901.26,280,901.25,120,901.24,120,901.23,40,901.22,120,904.52,120,904.7,200,908.8,80,,,,,,,,,,,,,,
2026-02-05 09:30:31,902.92,901.34,1,901.32,120,904.52,120,904.52,901.32,901.32,120,901.31,120,901.3,120,901.29,120,901.28,120,901.27,120,901.26,280,901.25,120,901.24,120,901.23,40,904.52,120,904.7,200,908.8,80,,,,,,,,,,,,,,
2026-02-05 09:30:32,902.93,901.34,1,901.34,160,904.52,120,904.52,901.34,901.34,160,901.33,160,901.32,120,901.31,120,901.3,120,901.29,120,901.28,120,901.27,120,901.26,280,901.25,120,904.52,120,904.7,200,908.8,80,,,,,,,,,,,,,,
2026-02-05 09:30:33,902.93,901.34,1,901.34,160,904.52,120,904.52,901.34,901.34,160,901.33,160,901.32,120,901.31,120,901.3,120,901.29,120,901.28,120,901.27,120,901.26,280,901.25,120,904.52,120,904.7,200,908.8,80,,,,,,,,,,,,,,
2026-02-05 09:30:34,902.935,901.34,1,901.35,160,904.52,120,904.52,901.35,901.35,160,901.34,160,901.33,160,901.32,120,901.31,120,901.3,120,901.29,120,901.28,120,901.27,120,901.26,280,904.52,120,904.7,200,908.8,80,,,,,,,,,,,,,,
2026-02-05 09:30:35,902.94,901.34,1,901.36,160,904.52,120,904.52,901.36,901.36,160,901.35,160,901.34,160,901.33,160,901.32,120,901.31,120,901.3,120,901.29,120,901.28,120,901.27,120,904.52,120,904.7,200,908.8,80,,,,,,,,,,,,,,
2026-02-05 09:30:36,903.655,901.34,1,902.79,160,904.52,120,904.52,902.79,902.79,160,902.78,160,902.21,160,902.2,160,901.37,160,901.36,160,901.35,160,901.34,160,901.33,160,901.32,120,904.52,120,904.7,200,908.8,80,,,,,,,,,,,,,,
2026-02-05 09:30:37,903.97,903.9,1,903.42,160,904.52,120,904.52,903.42,903.42,160,902.6,80,902.21,160,902.2,160,901.37,160,901.36,160,901.35,160,901.34,160,901.33,160,901.32,120,904.52,120,904.7,200,908.8,80,,,,,,,,,,,,,,
2026-02-05 09:30:38,904.0,903.9,1,903.45,160,904.55,40,904.55,903.45,903.45,160,903.44,160,903.43,160,903.42,160,902.6,80,902.21,160,902.2,160,901.37,160,901.36,160,901.35,160,904.55,40,904.7,200,908.8,80,,,,,,,,,,,,,,
2026-02-05 09:30:39,906.14,905.0,1,905.28,80,907.0,200,907.0,905.28,905.28,80,904.56,80,904.55,240,903.39,40,902.6,80,902.21,160,902.2,160,901.37,160,901.36,160,901.35,160,907.0,200,908.8,80,,,,,,,,,,,,,,,,
2026-02-05 09:30:40,906.16,905.0,1,905.32,80,907.0,240,907.0,905.32,905.32,80,905.28,280,904.56,80,904.55,240,903.39,40,902.6,80,902.21,160,902.2,160,901.37,160,901.36,160,907.0,240,908.8,80,,,,,,,,,,,,,,,,
2026-02-05 09:30:41,908.31,908.31,1,907.82,80,908.8,80,908.8,907.82,907.82,80,907.81,80,907.18,80,907.17,240,907.16,240,907.15,160,907.0,120,906.61,120,905.32,80,905.28,280,908.8,80,,,,,,,,,,,,,,,,,,
2026-02-05 09:30:41,909.265,908.31,1,908.53,80,910.0,320,910.0,908.53,908.53,80,908.32,80,908.31,160,907.97,80,907.85,160,907.84,80,907.83,160,907.82,80,907.81,80,907.18,80,910.0,320,,,,,,,,,,,,,,,,,,
2026-02-05 09:30:43,909.27,908.31,1,908.54,80,910.0,320,910.0,908.54,908.54,80,908.53,440,908.32,80,908.31,160,907.97,80,907.85,160,907.84,80,907.83,160,907.82,80,907.81,80,910.0,320,,,,,,,,,,,,,,,,,,
2026-02-05 09:30:44,909.27,909.27,1,908.54,280,910.0,320,910.0,908.54,908.54,280,908.53,440,908.32,80,908.31,160,907.97,80,907.85,160,907.84,80,907.83,160,907.82,80,907.81,80,910.0,320,,,,,,,,,,,,,,,,,,
2026-02-05 09:30:45,909.27,909.27,1,908.54,280,910.0,320,910.0,908.54,908.54,280,908.53,440,908.32,80,908.31,160,907.97,80,907.85,160,907.84,80,907.83,160,907.82,80,907.81,80,910.0,320,,,,,,,,,,,,,,,,,,
2026-02-05 09:30:46,909.27,909.27,1,908.54,400,910.0,320,910.0,908.54,908.54,400,908.53,440,908.32,80,908.31,160,907.97,80,907.85,160,907.84,80,907.83,160,907.82,80,907.81,80,910.0,320,,,,,,,,,,,,,,,,,,
2026-02-05 09:30:47,909.27,909.27,1,908.54,400,910.0,320,910.0,908.54,908.54,400,908.53,440,908.32,80,908.31,160,907.97,80,907.85,160,907.84,80,907.83,160,907.82,80,907.81,80,910.0,320,,,,,,,,,,,,,,,,,,
2026-02-05 09:30:48,910.18,909.27,1,909.35,120,911.01,80,911.01,909.35,909.35,120,909.34,120,909.33,40,909.32,120,909.31,120,909.3,120,909.29,120,909.28,480,909.27,400,908.54,480,911.01,80,,,,,,,,,,,,,,,,,,
2026-02-05 09:30:48,910.18,909.27,1,909.35,120,911.01,80,911.01,909.35,909.35,120,909.34,120,909.33,40,909.32,120,909.31,120,909.3,120,909.29,120,909.28,480,909.27,400,908.54,480,911.01,80,,,,,,,,,,,,,,,,,,
2026-02-05 09:30:50,909.1,909.69,2,908.49,240,909.71,200,909.71,908.49,908.49,240,908.32,80,908.31,160,907.97,80,907.85,160,907.84,80,907.83,160,907.82,80,907.81,80,907.18,80,909.71,200,910.3,160,910.52,120,911.01,80,,,,,,,,,,,,
2026-02-05 09:30:51,907.765,909.69,2,906.43,40,909.1,160,909.1,906.43,906.43,40,903.43,40,903.39,40,902.6,80,902.21,160,902.2,160,901.37,160,901.36,160,901.35,160,901.34,160,909.1,160,909.7,120,909.71,200,910.3,160,910.52,120,911.01,80,,,,,,,,
2026-02-05 09:30:52,905.885,909.69,2,902.68,40,909.09,120,909.09,902.68,902.68,40,902.6,80,902.21,160,902.2,160,901.37,160,901.36,160,901.35,160,901.34,160,901.33,160,901.32,120,909.09,120,909.1,80,909.7,120,909.71,200,910.3,160,910.52,120,911.01,80,,,,,,
2026-02-05 09:30:53,905.885,909.69,2,902.68,40,909.09,120,909.09,902.68,902.68,40,902.6,80,902.21,160,902.2,160,901.37,160,901.36,160,901.35,160,901.34,160,901.33,160,901.32,120,909.09,120,909.1,80,909.7,120,909.71,200,910.3,160,910.52,120,911.01,80,,,,,,
2026-02-05 09:30:54,907.76,909.69,2,906.43,160,909.09,160,909.09,906.43,906.43,160,902.68,120,902.6,80,902.21,160,902.2,160,901.37,160,901.36,160,901.35,160,901.34,160,901.33,160,909.09,160,909.1,80,909.7,120,909.71,200,910.3,160,910.52,120,911.01,80,,,,,,
2026-02-05 09:30:55,907.76,909.69,2,906.43,160,909.09,160,909.09,906.43,906.43,160,902.68,120,902.6,80,902.21,160,902.2,160,901.37,160,901.36,160,901.35,160,901.34,160,901.33,160,909.09,160,909.1,80,909.7,120,909.71,200,910.3,160,910.52,120,911.01,80,,,,,,
2026-02-05 09:30:56,907.76,909.69,2,906.43,160,909.09,160,909.09,906.43,906.43,160,902.68,120,902.6,80,902.21,160,902.2,160,901.37,160,901.36,160,901.35,160,901.34,160,901.33,160,909.09,160,909.1,80,909.7,120,909.71,200,910.3,160,910.52,120,911.01,80,,,,,,
2026-02-05 09:30:57,908.455,909.69,2,907.82,40,909.09,160,909.09,907.82,907.82,40,906.43,160,902.68,120,902.6,80,902.21,160,902.2,160,901.37,160,901.36,160,901.35,160,901.34,160,909.09,160,909.1,80,909.7,120,909.71,200,910.3,160,910.52,120,911.01,80,,,,,,
2026-02-05 09:30:58,908.455,909.69,2,907.82,40,909.09,160,909.09,907.82,907.82,40,906.43,160,902.68,120,902.6,80,902.21,160,902.2,160,901.37,160,901.36,160,901.35,160,901.34,160,909.09,160,909.1,80,909.7,120,909.71,200,910.3,160,910.52,120,911.01,80,,,,,,
2026-02-05 09:30:59,908.455,909.69,2,907.82,80,909.09,160,909.09,907.82,907.82,80,906.43,160,902.68,120,902.6,80,902.21,160,902.2,160,901.37,160,901.36,160,901.35,160,901.34,160,909.09,160,909.1,80,909.7,120,909.71,200,910.3,160,910.52,120,911.01,80,,,,,,
2026-02-05 09:31:00,907.755,909.69,2,906.43,160,909.08,120,909.08,906.43,906.43,160,902.68,120,902.6,80,902.21,160,902.2,160,901.37,160,901.36,160,901.35,160,901.34,160,901.33,160,909.08,120,909.09,160,909.1,80,909.7,120,909.71,200,910.3,160,910.52,120,911.01,80,,,,
2026-02-05 09:31:01,908.005,906.93,2,906.93,40,909.08,120,909.08,906.93,906.93,40,906.43,160,902.68,120,902.6,80,902.21,160,902.2,160,901.37,160,901.36,160,901.35,160,901.34,160,909.08,120,909.09,160,909.1,80,909.7,120,909.71,200,910.3,160,910.52,120,911.01,80,,,,
2026-02-05 09:31:02,908.005,906.93,2,906.93,40,909.08,120,909.08,906.93,906.93,40,906.43,160,902.68,120,902.6,80,902.21,160,902.2,160,901.37,160,901.36,160,901.35,160,901.34,160,909.08,120,909.09,160,909.1,80,909.7,120,909.71,200,910.3,160,910.52,120,911.01,80,,,,
2026-02-05 09:31:03,908.01,908.37,1,906.93,120,909.09,120,909.09,906.93,906.93,120,906.43,160,902.68,120,902.6,80,902.21,160,902.2,160,901.37,160,901.36,160,901.35,160,901.34,160,909.09,120,909.1,80,909.7,120,909.71,200,910.3,160,910.52,120,911.01,80,,,,,,
2026-02-05 09:31:04,908.01,908.37,1,906.93,160,909.09,80,909.09,906.93,906.93,160,906.43,160,902.68,120,902.6,80,902.21,160,902.2,160,901.37,160,901.36,160,901.35,160,901.34,160,909.09,80,909.1,80,909.7,120,909.71,200,910.3,160,910.52,120,911.01,80,,,,,,
2026-02-05 09:31:05,908.55,908.37,1,908.01,80,909.09,240,909.09,908.01,908.01,80,905.47,80,902.68,120,902.6,80,902.21,160,902.2,160,901.37,160,901.36,160,901.35,160,901.34,160,909.09,240,909.1,80,909.7,120,909.71,200,910.3,160,910.52,120,911.01,80,,,,,,
2026-02-05 09:31:06,908.55,908.37,1,908.01,80,909.09,400,909.09,908.01,908.01,80,905.47,80,902.68,120,902.6,80,902.21,160,902.2,160,901.37,160,901.36,160,901.35,160,901.34,160,909.09,400,909.1,80,909.7,120,909.71,200,910.3,160,910.52,120,911.01,80,,,,,,
2026-02-05 09:31:07,909.99,908.37,1,909.09,160,910.89,240,910.89,909.09,909.09,160,908.55,200,908.01,80,905.47,80,902.68,120,902.6,80,902.21,160,902.2,160,901.37,160,901.36,160,910.89,240,911.01,80,,,,,,,,,,,,,,,,
2026-02-05 09:31:08,909.99,908.37,1,909.09,160,910.89,240,910.89,909.09,909.09,160,908.55,200,908.01,80,905.47,80,902.68,120,902.6,80,902.21,160,902.2,160,901.37,160,901.36,160,910.89,240,911.01,80,,,,,,,,,,,,,,,,
2026-02-05 09:31:09,909.99,908.37,1,909.09,280,910.89,240,910.89,909.09,909.09,280,908.55,200,908.01,80,905.47,80,902.68,120,902.6,80,902.21,160,902.2,160,901.37,160,901.36,160,910.89,240,911.01,80,,,,,,,,,,,,,,,,
2026-02-05 09:31:10,909.99,908.37,1,909.09,280,910.89,280,910.89,909.09,909.09,280,908.55,200,908.01,80,905.47,80,902.68,120,902.6,80,902.21,160,902.2,160,901.37,160,901.36,160,910.89,280,911.01,80,,,,,,,,,,,,,,,,
2026-02-05 09:31:11,909.99,908.37,1,909.09,240,910.89,320,910.89,909.09,909.09,240,908.55,200,908.01,80,905.47,80,902.68,120,902.6,80,902.21,160,902.2,160,901.37,160,901.36,160,910.89,320,911.01,80,,,,,,,,,,,,,,,,
2026-02-05 09:31:12,909.99,908.37,1,909.09,240,910.89,320,910.89,909.09,909.09,240,908.55,200,908.01,80,905.47,80,902.68,120,902.6,80,902.21,160,902.2,160,901.37,160,901.36,160,910.89,320,911.01,80,,,,,,,,,,,,,,,,
2026-02-05 09:31:13,909.785,908.37,1,909.09,320,910.48,120,910.48,909.09,909.09,320,908.55,200,908.01,80,905.47,80,902.68,120,902.6,80,902.21,160,902.2,160,901.37,160,901.36,160,910.48,120,910.49,160,910.89,240,911.01,80,,,,,,,,,,,,
2026-02-05 09:31:14,909.785,908.37,1,909.09,320,910.48,120,910.48,909.09,909.09,320,908.55,200,908.01,80,905.47,80,902.68,120,902.6,80,902.21,160,902.2,160,901.37,160,901.36,160,910.48,120,910.49,160,910.89,240,911.01,80,,,,,,,,,,,,
2026-02-05 09:31:15,909.785,908.37,1,909.09,280,910.48,120,910.48,909.09,909.09,280,908.55,200,908.01,80,905.47,80,902.68,120,902.6,80,902.21,160,902.2,160,901.37,160,901.36,160,910.48,120,910.49,160,910.89,240,911.01,80,,,,,,,,,,,,
2026-02-05 09:31:16,909.785,910.29,1,909.09,440,910.48,120,910.48,909.09,909.09,440,908.55,200,908.01,80,905.47,80,902.68,120,902.6,80,902.21,160,902.2,160,901.37,160,901.36,160,910.48,120,910.49,160,910.89,240,911.01,80,,,,,,,,,,,,
2026-02-05 09:31:17,909.785,910.29,1,909.09,560,910.48,120,910.48,909.09,909.09,560,908.55,200,908.01,80,905.47,80,902.68,120,902.6,80,902.21,160,902.2,160,901.37,160,901.36,160,910.48,120,910.49,160,910.89,240,911.01,80,,,,,,,,,,,,
2026-02-05 09:31:18,910.13,910.29,1,909.78,160,910.48,80,910.48,909.78,909.78,160,909.09,560,908.55,200,908.01,80,905.47,80,902.68,120,902.6,80,902.21,160,902.2,160,901.37,160,910.48,80,910.49,160,910.89,240,911.01,80,,,,,,,,,,,,
2026-02-05 09:31:19,910.395,910.29,1,909.78,600,911.01,120,911.01,909.78,909.78,600,909.09,560,908.55,200,908.01,80,905.47,80,902.68,120,902.6,80,902.21,160,902.2,160,901.37,160,911.01,120,,,,,,,,,,,,,,,,,,
2026-02-05 09:31:20,910.705,910.29,1,909.78,600,911.63,80,911.63,909.78,909.78,600,909.09,560,908.55,200,908.01,80,905.47,80,902.68,120,902.6,80,902.21,160,902.2,160,901.37,160,911.63,80,,,,,,,,,,,,,,,,,,
2026-02-05 09:31:21,910.705,910.29,1,909.78,600,911.63,80,911.63,909.78,909.78,600,909.09,560,908.55,200,908.01,80,905.47,80,902.68,120,902.6,80,902.21,160,902.2,160,901.37,160,911.63,80,,,,,,,,,,,,,,,,,,
2026-02-05 09:31:22,910.705,910.29,1,909.78,600,911.63,80,911.63,909.78,909.78,600,909.09,560,908.55,200,908.01,80,905.47,80,902.68,120,902.6,80,902.21,160,902.2,160,901.37,160,911.63,80,,,,,,,,,,,,,,,,,,
2026-02-05 09:31:23,909.825,909.83,1,908.94,120,910.71,120,910.71,908.94,908.94,120,908.55,200,908.01,80,905.47,80,902.68,120,902.6,80,902.21,160,902.2,160,901.37,160,901.36,160,910.71,120,910.79,80,910.9,40,911.63,80,,,,,,,,,,,,
2026-02-05 09:31:24,909.915,909.83,1,908.94,40,910.89,80,910.89,908.94,908.94,40,907.79,40,905.47,80,902.68,120,902.6,80,902.21,160,902.2,160,901.37,160,901.36,160,901.35,160,910.89,80,910.9,40,911.63,80,,,,,,,,,,,,,,
2026-02-05 09:31:25,909.975,909.83,1,908.94,40,911.01,160,911.01,908.94,908.94,40,907.79,40,905.47,80,902.68,120,902.6,80,902.21,160,902.2,160,901.37,160,901.36,160,901.35,160,911.01,160,911.63,80,,,,,,,,,,,,,,,,
2026-02-05 09:31:26,909.64,909.83,1,908.94,160,910.34,80,910.34,908.94,908.94,160,907.79,40,905.47,80,902.68,120,902.6,80,902.21,160,902.2,160,901.37,160,901.36,160,901.35,160,910.34,80,910.71,80,911.01,160,911.63,80,,,,,,,,,,,,
2026-02-05 09:31:27,909.975,909.83,1,908.94,160,911.01,160,911.01,908.94,908.94,160,907.79,40,905.47,80,902.68,120,902.6,80,902.21,160,902.2,160,901.37,160,901.36,160,901.35,160,911.01,160,911.63,80,,,,,,,,,,,,,,,,
2026-02-05 09:31:28,909.545,909.83,1,908.08,80,911.01,120,911.01,908.08,908.08,80,907.65,80,905.47,80,902.68,120,902.6,80,902.21,160,902.2,160,901.37,160,901.36,160,901.35,160,911.01,120,911.63,80,,,,,,,,,,,,,,,,
2026-02-05 09:31:29,909.97,909.83,1,908.93,80,911.01,120,911.01,908.93,908.93,80,908.08,160,907.65,80,905.47,80,902.68,120,902.6,80,902.21,160,902.2,160,901.37,160,901.36,160,911.01,120,911.63,80,,,,,,,,,,,,,,,,
2026-02-05 09:31:30,910.7,909.83,1,910.39,40,911.01,80,911.01,910.39,910.39,40,909.78,120,908.93,80,908.08,160,907.65,80,905.47,80,902.68,120,902.6,80,902.21,160,902.2,160,911.01,80,911.63,80,,,,,,,,,,,,,,,,
2026-02-05 09:31:31,909.615,909.83,1,907.6,120,911.63,40,911.63,907.6,907.6,120,905.47,80,902.68,120,902.6,80,902.21,160,902.2,160,901.37,160,901.36,160,901.35,160,901.34,160,911.63,40,,,,,,,,,,,,,,,,,,
2026-02-05 09:31:32,910.63,909.83,1,909.63,40,911.63,40,911.63,909.63,909.63,40,909.62,120,909.61,40,908.08,80,907.6,80,905.47,80,902.68,120,902.6,80,902.21,160,902.2,160,911.63,40,,,,,,,,,,,,,,,,,,
2026-02-05 09:31:33,910.625,909.83,1,909.62,80,911.63,80,911.63,909.62,909.62,80,908.08,160,907.6,80,905.47,80,902.68,120,902.6,80,902.21,160,902.2,160,901.37,160,901.36,160,911.63,80,,,,,,,,,,,,,,,,,,
2026-02-05 09:31:34,910.625,909.83,1,909.62,80,911.63,120,911.63,909.62,909.62,80,908.08,160,907.6,80,905.47,80,902.68,120,902.6,80,902.21,160,902.2,160,901.37,160,901.36,160,911.63,120,,,,,,,,,,,,,,,,,,
2026-02-05 09:31:35,910.625,909.83,1,909.62,80,911.63,120,911.63,909.62,909.62,80,908.08,160,907.6,80,905.47,80,902.68,120,902.6,80,902.21,160,902.2,160,901.37,160,901.36,160,911.63,120,,,,,,,,,,,,,,,,,,
2026-02-05 09:31:36,909.455,910.63,1,908.08,160,910.83,160,910.83,908.08,908.08,160,907.6,80,905.47,80,902.68,120,902.6,80,902.21,160,902.2,160,901.37,160,901.36,160,901.35,160,910.83,160,910.84,280,910.9,120,911.63,120,,,,,,,,,,,,
2026-02-05 09:31:37,909.455,909.46,1,908.08,200,910.83,160,910.83,908.08,908.08,200,907.6,80,905.47,80,902.68,120,902.6,80,902.21,160,902.2,160,901.37,160,901.36,160,901.35,160,910.83,160,910.84,280,910.9,120,911.63,120,,,,,,,,,,,,
2026-02-05 09:31:38,909.595,909.46,1,908.36,40,910.83,160,910.83,908.36,908.36,40,908.08,200,907.6,80,905.47,80,902.68,120,902.6,80,902.21,160,902.2,160,901.37,160,901.36,160,910.83,160,910.84,280,910.9,120,911.63,120,,,,,,,,,,,,
2026-02-05 09:31:39,909.455,909.46,1,908.08,200,910.83,160,910.83,908.08,908.08,200,907.6,80,905.47,80,902.68,120,902.6,80,902.21,160,902.2,160,901.37,160,901.36,160,901.35,160,910.83,160,910.84,280,910.9,120,911.63,120,,,,,,,,,,,,
2026-02-05 09:31:40,909.64,909.46,1,908.45,40,910.83,160,910.83,908.45,908.45,40,908.08,200,907.6,80,905.47,80,902.68,120,902.6,80,902.21,160,902.2,160,901.37,160,901.36,160,910.83,160,910.84,280,910.9,120,911.63,120,,,,,,,,,,,,
2026-02-05 09:31:41,909.64,909.46,1,908.45,200,910.83,160,910.83,908.45,908.45,200,908.08,200,907.6,80,905.47,80,902.68,120,902.6,80,902.21,160,902.2,160,901.37,160,901.36,160,910.83,160,910.84,280,910.9,120,911.63,120,,,,,,,,,,,,
2026-02-05 09:31:42,909.635,909.46,1,908.45,160,910.82,280,910.82,908.45,908.45,160,908.08,200,907.6,80,905.47,80,902.68,120,902.6,80,902.21,160,902.2,160,901.37,160,901.36,160,910.82,280,910.83,120,910.84,280,910.9,120,911.63,120,,,,,,,,,,
2026-02-05 09:31:43,909.635,909.46,1,908.45,160,910.82,280,910.82,908.45,908.45,160,908.08,200,907.6,80,905.47,80,902.68,120,902.6,80,902.21,160,902.2,160,901.37,160,901.36,160,910.82,280,910.83,120,910.84,280,910.9,120,911.63,120,,,,,,,,,,
2026-02-05 09:31:44,909.635,909.46,1,908.45,160,910.82,280,910.82,908.45,908.45,160,908.08,200,907.6,80,905.47,80,902.68,120,902.6,80,902.21,160,902.2,160,901.37,160,901.36,160,910.82,280,910.83,120,910.84,280,910.9,120,911.63,120,,,,,,,,,,
2026-02-05 09:31:45,909.635,909.46,1,908.45,160,910.82,280,910.82,908.45,908.45,160,908.08,200,907.6,80,905.47,80,902.68,120,902.6,80,902.21,160,902.2,160,901.37,160,901.36,160,910.82,280,910.83,120,910.84,280,910.9,120,911.63,120,,,,,,,,,,
2026-02-05 09:31:46,907.855,909.46,1,906.41,120,909.3,320,909.3,906.41,906.41,120,905.47,80,902.68,120,902.6,80,902.21,160,902.2,160,901.37,160,901.36,160,901.35,160,901.34,160,909.3,320,909.64,80,910.15,80,910.82,280,910.83,120,910.84,280,910.9,120,911.63,120,,,,
2026-02-05 09:31:47,907.855,909.46,1,906.41,120,909.3,320,909.3,906.41,906.41,120,905.47,80,902.68,120,902.6,80,902.21,160,902.2,160,901.37,160,901.36,160,901.35,160,901.34,160,909.3,320,909.64,80,910.15,80,910.82,280,910.83,120,910.84,280,910.9,120,911.63,120,,,,
2026-02-05 09:31:48,906.71,909.46,1,904.12,40,909.3,320,909.3,904.12,904.12,40,903.77,80,902.68,120,902.6,80,902.21,160,902.2,160,901.37,160,901.36,160,901.35,160,901.34,160,909.3,320,909.64,80,910.15,80,910.82,280,910.83,120,910.84,280,910.9,120,911.63,120,,,,
2026-02-05 09:31:49,906.74,909.46,1,904.18,520,909.3,360,909.3,904.18,904.18,520,904.12,40,903.77,80,902.68,120,902.6,80,902.21,160,902.2,160,901.37,160,901.36,160,901.35,160,909.3,360,909.64,80,910.15,80,910.82,280,910.83,120,910.84,280,910.9,120,911.63,120,,,,
2026-02-05 09:31:50,906.74,909.46,1,904.18,520,909.3,320,909.3,904.18,904.18,520,904.12,40,903.77,80,902.68,120,902.6,80,902.21,160,902.2,160,901.37,160,901.36,160,901.35,160,909.3,320,909.64,80,910.15,80,910.82,280,910.83,120,910.84,280,910.9,120,911.63,120,,,,
2026-02-05 09:31:51,908.02,909.46,1,906.74,160,909.3,320,909.3,906.74,906.74,160,904.18,520,904.12,40,903.77,80,902.68,120,902.6,80,902.21,160,902.2,160,901.37,160,901.36,160,909.3,320,909.64,80,910.15,80,910.82,280,910.83,120,910.84,280,910.9,120,911.63,120,,,,
2026-02-05 09:31:52,908.82,908.34,1,908.34,280,909.3,520,909.3,908.34,908.34,280,907.38,160,906.74,160,904.18,520,904.12,40,903.77,80,902.68,120,902.6,80,902.21,160,902.2,160,909.3,480,909.64,80,910.15,80,910.82,280,910.83,120,910.84,280,910.9,120,911.63,120,,,,
2026-02-05 09:31:53,908.475,908.34,1,907.65,200,909.3,480,909.3,907.65,907.65,200,906.76,240,906.74,160,904.18,520,904.12,40,903.77,80,902.68,120,902.6,80,902.21,160,902.2,160,909.3,480,909.64,80,910.15,80,910.82,280,910.83,120,910.84,280,910.9,120,911.63,120,,,,
2026-02-05 09:31:54,908.475,908.34,1,907.65,160,909.3,480,909.3,907.65,907.65,160,906.43,80,904.18,520,904.12,40,903.77,80,902.68,120,902.6,80,902.21,160,902.2,160,901.37,160,909.3,480,909.64,80,910.15,80,910.82,280,910.83,120,910.84,280,910.9,120,911.63,120,,,,
2026-02-05 09:31:55,908.27,907.65,1,907.65,40,908.89,80,908.89,907.65,907.65,40,905.33,40,904.37,120,904.18,520,904.12,40,903.77,80,902.68,120,902.6,80,902.21,160,902.2,160,908.89,80,909.3,440,909.64,80,910.15,80,910.82,280,910.83,120,910.84,280,910.9,120,911.63,120,,
2026-02-05 09:31:56,908.27,907.65,1,907.65,80,908.89,80,908.89,907.65,907.65,80,905.33,40,904.37,120,904.18,520,904.12,40,903.77,80,902.68,120,902.6,80,902.21,160,902.2,160,908.89,80,909.3,440,909.64,80,910.15,80,910.82,280,910.83,120,910.84,280,910.9,120,911.63,120,,
2026-02-05 09:31:57,907.11,907.65,1,905.33,120,908.89,80,908.89,905.33,905.33,120,904.37,120,904.18,520,904.12,40,903.77,80,902.68,120,902.6,80,902.21,160,902.2,160,901.37,160,908.89,80,909.3,440,909.64,80,910.15,80,910.82,280,910.83,120,910.84,280,910.9,120,911.63,120,,
2026-02-05 09:31:58,907.11,907.65,1,905.33,120,908.89,80,908.89,905.33,905.33,120,904.37,120,904.18,520,904.12,40,903.77,80,902.68,120,902.6,80,902.21,160,902.2,160,901.37,160,908.89,80,909.3,440,909.64,80,910.15,80,910.82,280,910.83,120,910.84,280,910.9,120,911.63,120,,
2026-02-05 09:31:59,907.11,907.65,1,905.33,200,908.89,80,908.89,905.33,905.33,200,904.37,120,904.18,520,904.12,40,903.77,80,902.68,120,902.6,80,902.21,160,902.2,160,901.37,160,908.89,80,909.3,440,909.64,80,910.15,80,910.82,280,910.83,120,910.84,280,910.9,120,911.63,120,,
2026-02-05 09:32:00,907.11,907.65,1,905.33,200,908.89,80,908.89,905.33,905.33,200,904.37,120,904.18,520,904.12,40,903.77,80,902.68,120,902.6,80,902.21,160,902.2,160,901.37,160,908.89,80,909.3,440,909.64,80,910.15,80,910.82,280,910.83,120,910.84,280,910.9,120,911.63,120,,
2026-02-05 09:32:01,907.905,907.65,1,906.92,40,908.89,80,908.89,906.92,906.92,40,905.92,400,905.33,200,904.37,120,904.18,520,904.12,40,903.77,80,902.68,120,902.6,80,902.21,160,908.89,80,909.3,440,909.64,80,910.15,80,910.82,280,910.83,120,910.84,280,910.9,120,911.63,120,,
2026-02-05 09:32:02,907.405,907.65,1,905.92,440,908.89,80,908.89,905.92,905.92,440,905.33,200,904.37,120,904.18,520,904.12,40,903.77,80,902.68,120,902.6,80,902.21,160,902.2,160,908.89,80,909.3,440,909.64,80,910.15,80,910.82,280,910.83,120,910.84,280,910.9,120,911.63,120,,
2026-02-05 09:32:03,907.405,907.65,1,905.92,440,908.89,80,908.89,905.92,905.92,440,905.33,200,904.37,120,904.18,520,904.12,40,903.77,80,902.68,120,902.6,80,902.21,160,902.2,160,908.89,80,909.3,440,909.64,80,910.15,80,910.82,280,910.83,120,910.84,280,910.9,120,911.63,120,,
2026-02-05 09:32:04,907.84,907.65,1,906.79,40,908.89,80,908.89,906.79,906.79,40,905.92,400,905.33,200,904.37,120,904.18,520,904.12,40,903.77,80,902.68,120,902.6,80,902.21,160,908.89,80,909.3,440,909.64,80,910.15,80,910.82,280,910.83,120,910.84,280,910.9,120,911.63,120,,
2026-02-05 09:32:05,907.955,907.65,1,907.02,40,908.89,80,908.89,907.02,907.02,40,906.79,80,905.92,400,905.33,200,904.37,120,904.18,520,904.12,40,903.77,80,902.68,120,902.6,80,908.89,80,909.3,440,909.64,80,910.15,80,910.82,280,910.83,120,910.84,280,910.9,120,911.63,120,,
2026-02-05 09:32:06,906.32,907.01,1,905.4,80,907.24,280,907.24,905.4,905.4,80,905.33,200,904.37,120,904.18,520,904.12,40,903.77,80,902.68,120,902.6,80,902.21,160,902.2,160,907.24,280,907.39,80,907.97,40,907.98,40,908.89,200,909.3,440,909.64,80,910.15,80,910.82,280,910.83,120
2026-02-05 09:32:07,906.32,907.01,1,905.4,80,907.24,280,907.24,905.4,905.4,80,905.33,200,904.37,120,904.18,520,904.12,40,903.77,80,902.68,120,902.6,80,902.21,160,902.2,160,907.24,280,907.39,80,907.97,40,907.98,40,908.89,200,909.3,440,909.64,80,910.15,80,910.82,280,910.83,120
2026-02-05 09:32:08,906.78,907.01,1,906.32,40,907.24,280,907.24,906.32,906.32,40,905.4,80,905.33,200,904.37,120,904.18,520,904.12,40,903.77,80,902.68,120,902.6,80,902.21,160,907.24,280,907.39,80,907.97,40,907.98,40,908.89,200,909.3,440,909.64,80,910.15,80,910.82,280,910.83,120
2026-02-05 09:32:09,906.32,906.32,1,905.4,120,907.24,240,907.24,905.4,905.4,120,905.33,200,904.37,120,904.18,520,904.12,40,903.77,80,902.68,120,902.6,80,902.21,160,902.2,160,907.24,240,907.39,80,907.97,40,907.98,40,908.89,200,909.3,440,909.64,80,910.15,80,910.82,280,910.83,120
2026-02-05 09:32:10,906.32,906.32,1,905.4,200,907.24,280,907.24,905.4,905.4,200,905.33,200,904.37,120,904.18,520,904.12,40,903.77,80,902.68,120,902.6,80,902.21,160,902.2,160,907.24,280,907.39,80,907.97,40,907.98,40,908.89,200,909.3,440,909.64,80,910.15,80,910.82,280,910.83,120
2026-02-05 09:32:11,906.32,906.32,1,905.4,200,907.24,280,907.24,905.4,905.4,200,905.33,200,904.37,120,904.18,520,904.12,40,903.77,80,902.68,120,902.6,80,902.21,160,902.2,160,907.24,280,907.39,80,907.97,40,907.98,40,908.89,200,909.3,440,909.64,80,910.15,80,910.82,280,910.83,120
2026-02-05 09:32:12,906.32,906.32,1,905.4,200,907.24,280,907.24,905.4,905.4,200,905.33,200,904.37,120,904.18,520,904.12,40,903.77,80,902.68,120,902.6,80,902.21,160,902.2,160,907.24,280,907.39,80,907.97,40,907.98,40,908.89,200,909.3,440,909.64,80,910.15,80,910.82,280,910.83,120
2026-02-05 09:32:13,906.32,906.32,1,905.4,200,907.24,280,907.24,905.4,905.4,200,905.33,200,904.37,120,904.18,520,904.12,40,903.77,80,902.68,120,902.6,80,902.21,160,902.2,160,907.24,280,907.39,80,907.97,40,907.98,40,908.89,200,909.3,440,909.64,80,910.15,80,910.82,280,910.83,120
2026-02-05 09:32:14,906.32,906.32,1,905.4,200,907.24,280,907.24,905.4,905.4,200,905.33,200,904.37,120,904.18,520,904.12,40,903.77,80,902.68,120,902.6,80,902.21,160,902.2,160,907.24,280,907.39,80,907.97,40,907.98,40,908.89,200,909.3,440,909.64,80,910.15,80,910.82,280,910.83,120
2026-02-05 09:32:15,906.32,906.32,1,905.4,200,907.24,280,907.24,905.4,905.4,200,905.33,200,904.37,120,904.18,520,904.12,40,903.77,80,902.68,120,902.6,80,902.21,160,902.2,160,907.24,280,907.39,80,907.97,40,907.98,40,908.89,200,909.3,440,909.64,80,910.15,80,910.82,280,910.83,120
2026-02-05 09:32:16,906.32,906.32,1,905.4,200,907.24,280,907.24,905.4,905.4,200,905.33,200,904.37,120,904.18,520,904.12,40,903.77,80,902.68,120,902.6,80,902.21,160,902.2,160,907.24,280,907.39,80,907.97,40,907.98,40,908.89,200,909.3,440,909.64,80,910.15,80,910.82,280,910.83,120
2026-02-05 09:32:17,906.39,906.32,1,905.54,40,907.24,280,907.24,905.54,905.54,40,905.53,40,905.4,200,905.33,200,904.37,120,904.18,520,904.12,40,903.77,80,902.68,120,902.6,80,907.24,280,907.39,80,907.97,40,907.98,40,908.89,200,909.3,440,909.64,80,910.15,80,910.82,280,910.83,120
2026-02-05 09:32:18,906.11,906.32,1,905.4,200,906.82,160,906.82,905.4,905.4,200,905.33,200,904.37,120,904.18,520,904.12,40,903.77,80,902.68,120,902.6,80,902.21,160,902.2,160,906.82,160,907.22,40,907.23,120,907.24,280,907.39,80,907.97,40,907.98,40,908.89,200,909.3,440,909.64,80
2026-02-05 09:32:19,906.11,906.32,1,905.4,200,906.82,160,906.82,905.4,905.4,200,905.33,200,904.37,120,904.18,520,904.12,40,903.77,80,902.68,120,902.6,80,902.21,160,902.2,160,906.82,160,907.22,40,907.23,120,907.24,280,907.39,80,907.97,40,907.98,40,908.89,200,909.3,440,909.64,80
2026-02-05 09:32:20,905.625,906.32,1,904.43,80,906.82,120,906.82,904.43,904.43,80,904.37,120,904.18,520,904.12,40,903.77,80,902.68,120,902.6,80,902.21,160,902.2,160,901.37,160,906.82,120,907.22,40,907.23,120,907.24,280,907.39,80,907.97,40,907.98,40,908.89,200,909.3,440,909.64,80
2026-02-05 09:32:21,906.22,906.32,1,905.62,40,906.82,120,906.82,905.62,905.62,40,904.43,80,904.37,120,904.18,520,904.12,40,903.77,80,902.68,120,902.6,80,902.21,160,902.2,160,906.82,120,907.22,40,907.23,120,907.24,280,907.39,80,907.97,40,907.98,40,908.89,200,909.3,440,909.64,80
2026-02-05 09:32:22,905.625,906.32,1,904.43,120,906.82,200,906.82,904.43,904.43,120,904.37,120,904.18,520,904.12,40,903.77,80,902.68,120,902.6,80,902.21,160,902.2,160,901.37,160,906.82,200,907.22,40,907.23,120,907.24,280,907.39,80,907.97,40,907.98,40,908.89,200,909.3,440,909.64,80
2026-02-05 09:32:23,906.41,906.32,1,906.0,40,906.82,280,906.82,906.0,906.0,40,904.43,120,904.37,120,904.18,520,904.12,40,903.77,80,902.68,120,902.6,80,902.21,160,902.2,160,906.82,280,907.22,40,907.23,120,907.24,280,907.39,80,907.97,40,907.98,40,908.89,200,909.3,440,909.64,80
2026-02-05 09:32:24,905.705,906.32,1,905.0,160,906.41,80,906.41,905.0,905.0,160,904.43,80,904.37,120,904.18,520,904.12,40,903.77,80,902.68,120,902.6,80,902.21,160,902.2,160,906.41,80,906.82,280,907.22,40,907.23,120,907.24,280,907.39,80,907.97,40,907.98,40,908.89,200,909.3,440
2026-02-05 09:32:25,905.705,906.32,1,905.0,160,906.41,80,906.41,905.0,905.0,160,904.43,80,904.37,120,904.18,520,904.12,40,903.77,80,902.68,120,902.6,80,902.21,160,902.2,160,906.41,80,906.82,280,907.22,40,907.23,120,907.24,280,907.39,80,907.97,40,907.98,40,908.89,200,909.3,440
2026-02-05 09:32:26,906.055,906.32,1,905.29,80,906.82,240,906.82,905.29,905.29,80,905.01,80,905.0,160,904.43,80,904.37,120,904.18,520,904.12,40,903.77,80,902.68,120,902.6,80,906.82,240,907.22,40,907.23,120,907.24,280,907.39,80,907.97,40,907.98,40,908.89,200,909.3,440,909.64,80
2026-02-05 09:32:27,905.35,906.32,1,903.88,80,906.82,240,906.82,903.88,903.88,80,903.77,80,902.68,120,902.6,80,902.21,160,902.2,160,901.37,160,901.36,160,901.35,160,901.34,160,906.82,240,907.22,40,907.23,120,907.24,280,907.39,80,907.97,40,907.98,40,908.89,200,909.3,440,909.64,80
2026-02-05 09:32:28,905.35,906.32,1,903.88,80,906.82,240,906.82,903.88,903.88,80,903.77,80,902.68,120,902.6,80,902.21,160,902.2,160,901.37,160,901.36,160,901.35,160,901.34,160,906.82,240,907.22,40,907.23,120,907.24,280,907.39,80,907.97,40,907.98,40,908.89,200,909.3,440,909.64,80
2026-02-05 09:32:29,905.67,906.32,1,904.52,40,906.82,240,906.82,904.52,904.52,40,903.88,80,903.77,80,902.68,120,902.6,80,902.21,160,902.2,160,901.37,160,901.36,160,901.35,160,906.82,240,907.22,40,907.23,120,907.24,280,907.39,80,907.97,40,907.98,40,908.89,200,909.3,440,909.64,80
2026-02-05 09:32:30,905.67,906.32,1,904.52,40,906.82,240,906.82,904.52,904.52,40,903.88,80,903.77,80,902.68,120,902.6,80,902.21,160,902.2,160,901.37,160,901.36,160,901.35,160,906.82,240,907.22,40,907.23,120,907.24,280,907.39,80,907.97,40,907.98,40,908.89,200,909.3,440,909.64,80
2026-02-05 09:32:31,905.905,906.32,1,905.0,80,906.81,40,906.81,905.0,905.0,80,904.52,120,903.88,80,903.77,80,902.68,120,902.6,80,902.21,160,902.2,160,901.37,160,901.36,160,906.81,40,906.82,240,907.22,40,907.23,120,907.24,280,907.39,80,907.97,40,907.98,40,908.89,200,909.3,440
2026-02-05 09:32:32,905.905,906.32,1,905.0,160,906.81,120,906.81,905.0,905.0,160,904.52,120,903.88,80,903.77,80,902.68,120,902.6,80,902.21,160,902.2,160,901.37,160,901.36,160,906.81,120,906.82,240,907.22,40,907.23,120,907.24,280,907.39,80,907.97,40,907.98,40,908.89,200,909.3,440
2026-02-05 09:32:33,904.965,906.32,1,903.57,40,906.36,120,906.36,903.57,903.57,40,902.68,120,902.6,80,902.21,160,902.2,160,901.37,160,901.36,160,901.35,160,901.34,160,901.33,160,906.36,120,906.81,200,906.82,240,907.22,40,907.23,120,907.24,280,907.39,80,907.97,40,907.98,40,908.89,200
2026-02-05 09:32:34,904.965,906.32,1,903.57,40,906.36,120,906.36,903.57,903.57,40,902.68,120,902.6,80,902.21,160,902.2,160,901.37,160,901.36,160,901.35,160,901.34,160,901.33,160,906.36,120,906.81,200,906.82,240,907.22,40,907.23,120,907.24,280,907.39,80,907.97,40,907.98,40,908.89,200
2026-02-05 09:32:35,905.045,906.32,1,903.74,440,906.35,240,906.35,903.74,903.74,440,903.65,880,903.57,40,902.68,120,902.6,80,902.21,160,902.2,160,901.37,160,901.36,160,901.35,160,906.35,240,906.36,120,906.81,200,906.82,240,907.22,40,907.23,120,907.24,280,907.39,80,907.97,40,907.98,40
2026-02-05 09:32:36,905.045,906.32,1,903.74,40,906.35,240,906.35,903.74,903.74,40,903.65,880,903.57,40,902.68,120,902.6,80,902.21,160,902.2,160,901.37,160,901.36,160,901.35,160,906.35,240,906.36,120,906.81,200,906.82,240,907.22,40,907.23,120,907.24,280,907.39,80,907.97,40,907.98,40
2026-02-05 09:32:37,905.435,906.32,1,904.52,280,906.35,160,906.35,904.52,904.52,280,903.74,40,903.65,880,903.57,40,902.68,120,902.6,80,902.21,160,902.2,160,901.37,160,901.36,160,906.35,160,906.36,120,906.81,200,906.82,240,907.22,40,907.23,120,907.24,280,907.39,80,907.97,40,907.98,40
2026-02-05 09:32:38,905.32,906.32,1,904.52,280,906.12,80,906.12,904.52,904.52,280,903.74,40,903.65,880,903.57,40,902.68,120,902.6,80,902.21,160,902.2,160,901.37,160,901.36,160,906.12,80,906.35,160,906.36,120,906.81,200,906.82,240,907.22,40,907.23,120,907.24,280,907.39,80,907.97,40
2026-02-05 09:32:39,906.07,906.32,1,905.33,320,906.81,200,906.81,905.33,905.33,320,905.32,120,904.52,280,903.74,40,903.65,880,903.57,40,902.68,120,902.6,80,902.21,160,902.2,160,906.81,200,906.82,240,907.22,40,907.23,120,907.24,280,907.39,80,907.97,40,907.98,40,908.89,200,909.3,440
2026-02-05 09:32:40,906.07,906.32,1,905.33,600,906.81,200,906.81,905.33,905.33,600,905.32,120,904.52,280,903.74,40,903.65,880,903.57,40,902.68,120,902.6,80,902.21,160,902.2,160,906.81,200,906.82,240,907.22,40,907.23,120,907.24,280,907.39,80,907.97,40,907.98,40,908.89,200,909.3,440
2026-02-05 09:32:41,906.07,906.32,1,905.33,600,906.81,200,906.81,905.33,905.33,600,905.32,120,904.52,280,903.74,40,903.65,880,903.57,40,902.68,120,902.6,80,902.21,160,902.2,160,906.81,200,906.82,240,907.22,40,907.23,120,907.24,280,907.39,80,907.97,40,907.98,40,908.89,200,909.3,440
2026-02-05 09:32:42,906.32,906.32,1,905.83,200,906.81,200,906.81,905.83,905.83,200,905.33,600,905.32,120,904.52,280,903.74,40,903.65,880,903.57,40,902.68,120,902.6,80,902.21,160,906.81,200,906.82,240,907.22,40,907.23,120,907.24,280,907.39,80,907.97,40,907.98,40,908.89,200,909.3,440
2026-02-05 09:32:43,906.32,906.32,1,905.83,480,906.81,200,906.81,905.83,905.83,480,905.33,600,905.32,120,904.52,280,903.74,40,903.65,880,903.57,40,902.68,120,902.6,80,902.21,160,906.81,200,906.82,240,907.22,40,907.23,120,907.24,280,907.39,80,907.97,40,907.98,40,908.89,200,909.3,440
2026-02-05 09:32:44,906.2,906.32,2,905.83,440,906.57,80,906.57,905.83,905.83,440,905.33,600,905.32,120,904.52,280,903.74,40,903.65,880,903.57,40,902.68,120,902.6,80,902.21,160,906.57,80,906.69,80,906.8,40,906.81,200,906.82,240,907.22,40,907.23,120,907.24,280,907.39,80,907.97,40
2026-02-05 09:32:45,906.2,906.32,2,905.83,440,906.57,80,906.57,905.83,905.83,440,905.33,600,905.32,120,904.52,280,903.74,40,903.65,880,903.57,40,902.68,120,902.6,80,902.21,160,906.57,80,906.69,80,906.8,40,906.81,200,906.82,240,907.22,40,907.23,120,907.24,280,907.39,80,907.97,40
2026-02-05 09:32:46,906.24,906.32,2,905.91,40,906.57,80,906.57,905.91,905.91,40,905.83,440,905.33,600,905.32,120,904.52,280,903.74,40,903.65,880,903.57,40,902.68,120,902.6,80,906.57,80,906.69,80,906.8,40,906.81,200,906.82,240,907.22,40,907.23,120,907.24,280,907.39,80,907.97,40
2026-02-05 09:32:47,905.355,906.32,2,904.63,160,906.08,40,906.08,904.63,904.63,160,904.28,120,904.27,40,903.74,40,903.65,880,903.57,40,902.68,120,902.6,80,902.21,160,902.2,160,906.08,40,906.09,40,906.17,40,906.57,200,906.69,80,906.8,40,906.81,200,906.82,240,907.22,40,907.23,120
2026-02-05 09:32:48,905.715,906.32,2,905.35,40,906.08,40,906.08,905.35,905.35,40,904.63,160,904.28,120,904.27,40,903.74,40,903.65,880,903.57,40,902.68,120,902.6,80,902.21,160,906.08,40,906.09,40,906.17,40,906.57,200,906.69,80,906.8,40,906.81,200,906.82,240,907.22,40,907.23,120
2026-02-05 09:32:49,905.355,906.32,2,904.63,160,906.08,40,906.08,904.63,904.63,160,904.28,120,904.27,40,903.74,40,903.65,880,903.57,40,902.68,120,902.6,80,902.21,160,902.2,160,906.08,40,906.09,40,906.17,40,906.57,200,906.69,80,906.8,40,906.81,200,906.82,240,907.22,40,907.23,120
2026-02-05 09:32:50,904.785,906.32,2,903.5,40,906.07,120,906.07,903.5,903.5,40,903.29,40,902.68,120,902.6,80,902.21,160,902.2,160,901.37,160,901.36,160,901.35,160,901.34,160,906.07,120,906.08,40,906.09,40,906.17,40,906.57,200,906.69,80,906.8,40,906.81,200,906.82,240,907.22,40
2026-02-05 09:32:51,904.785,906.32,2,903.5,40,906.07,120,906.07,903.5,903.5,40,903.29,40,902.68,120,902.6,80,902.21,160,902.2,160,901.37,160,901.36,160,901.35,160,901.34,160,906.07,120,906.08,40,906.09,40,906.17,40,906.57,200,906.69,80,906.8,40,906.81,200,906.82,240,907.22,40
2026-02-05 09:32:52,905.29,906.32,2,904.52,160,906.06,80,906.06,904.52,904.52,160,903.5,40,903.29,40,902.68,120,902.6,80,902.21,160,902.2,160,901.37,160,901.36,160,901.35,160,906.06,80,906.07,120,906.08,40,906.09,40,906.17,40,906.57,200,906.69,80,906.8,40,906.81,200,906.82,240
2026-02-05 09:32:53,905.29,906.32,2,904.52,160,906.06,80,906.06,904.52,904.52,160,903.5,40,903.29,40,902.68,120,902.6,80,902.21,160,902.2,160,901.37,160,901.36,160,901.35,160,906.06,80,906.07,120,906.08,40,906.09,40,906.17,40,906.57,200,906.69,80,906.8,40,906.81,200,906.82,240
2026-02-05 09:32:54,904.78,906.32,2,903.5,40,906.06,120,906.06,903.5,903.5,40,903.29,40,902.68,120,902.6,80,902.21,160,902.2,160,901.37,160,901.36,160,901.35,160,901.34,160,906.06,120,906.07,120,906.08,40,906.09,40,906.17,40,906.57,200,906.69,80,906.8,40,906.81,200,906.82,240
2026-02-05 09:32:55,904.78,906.32,2,903.5,40,906.06,120,906.06,903.5,903.5,40,903.29,40,902.68,120,902.6,80,902.21,160,902.2,160,901.37,160,901.36,160,901.35,160,901.34,160,906.06,120,906.07,120,906.08,40,906.09,40,906.17,40,906.57,200,906.69,80,906.8,40,906.81,200,906.82,240
2026-02-05 09:32:56,904.78,906.32,2,903.5,40,906.06,240,906.06,903.5,903.5,40,903.29,40,902.68,120,902.6,80,902.21,160,902.2,160,901.37,160,901.36,160,901.35,160,901.34,160,906.06,240,906.07,120,906.08,40,906.09,40,906.17,40,906.57,200,906.69,80,906.8,40,906.81,200,906.82,240
2026-02-05 09:32:57,904.78,906.32,2,903.5,40,906.06,240,906.06,903.5,903.5,40,903.29,40,902.68,120,902.6,80,902.21,160,902.2,160,901.37,160,901.36,160,901.35,160,901.34,160,906.06,240,906.07,120,906.08,40,906.09,40,906.17,40,906.57,200,906.69,80,906.8,40,906.81,200,906.82,240
2026-02-05 09:32:58,904.78,906.32,2,903.5,40,906.06,240,906.06,903.5,903.5,40,903.29,40,902.68,120,902.6,80,902.21,160,902.2,160,901.37,160,901.36,160,901.35,160,901.34,160,906.06,240,906.07,120,906.08,40,906.09,40,906.17,40,906.57,200,906.69,80,906.8,40,906.81,200,906.82,240
2026-02-05 09:32:59,904.37,906.32,2,903.0,200,905.74,120,905.74,903.0,903.0,200,902.68,120,902.6,80,902.21,160,902.2,160,901.37,160,901.36,160,901.35,160,901.34,160,901.33,160,905.74,120,906.05,160,906.06,400,906.07,120,906.08,40,906.09,40,906.17,40,906.57,200,906.69,80,906.8,40
2026-02-05 09:33:00,904.37,906.32,2,903.0,200,905.74,120,905.74,903.0,903.0,200,902.68,120,902.6,80,902.21,160,902.2,160,901.37,160,901.36,160,901.35,160,901.34,160,901.33,160,905.74,120,906.05,160,906.06,400,906.07,120,906.08,40,906.09,40,906.17,40,906.57,200,906.69,80,906.8,40
2026-02-05 09:33:01,904.37,906.32,2,903.0,200,905.74,120,905.74,903.0,903.0,200,902.68,120,902.6,80,902.21,160,902.2,160,901.37,160,901.36,160,901.35,160,901.34,160,901.33,160,905.74,120,906.05,160,906.06,400,906.07,120,906.08,40,906.09,40,906.17,40,906.57,200,906.69,80,906.8,40
2026-02-05 09:33:02,904.37,906.32,2,903.0,200,905.74,240,905.74,903.0,903.0,200,902.68,120,902.6,80,902.21,160,902.2,160,901.37,160,901.36,160,901.35,160,901.34,160,901.33,160,905.74,240,906.05,160,906.06,400,906.07,120,906.08,40,906.09,40,906.17,40,906.57,200,906.69,80,906.8,40
2026-02-05 09:33:03,904.115,903.0,5,903.0,200,905.23,240,905.23,903.0,903.0,200,902.68,120,902.6,80,902.21,160,902.2,160,901.37,160,901.36,160,901.35,160,901.34,160,901.33,160,905.23,240,905.74,240,906.05,160,906.06,400,906.07,120,906.08,40,906.09,40,906.17,40,906.57,200,906.69,80
2026-02-05 09:33:04,904.67,903.0,5,904.11,280,905.23,240,905.23,904.11,904.11,280,903.0,200,902.68,120,902.6,80,902.21,160,902.2,160,901.37,160,901.36,160,901.35,160,901.34,160,905.23,240,905.74,240,906.05,160,906.06,400,906.07,120,906.08,40,906.09,40,906.17,40,906.57,200,906.69,80
2026-02-05 09:33:05,904.635,904.67,1,904.06,360,905.21,200,905.21,904.06,904.06,360,903.0,200,902.68,120,902.6,80,902.21,160,902.2,160,901.37,160,901.36,160,901.35,160,901.34,160,905.21,200,905.22,120,905.23,200,905.74,240,906.05,160,906.06,400,906.07,120,906.08,40,906.09,40,906.17,40
2026-02-05 09:33:06,904.635,904.67,1,904.06,360,905.21,160,905.21,904.06,904.06,360,903.0,200,902.68,120,902.6,80,902.21,160,902.2,160,901.37,160,901.36,160,901.35,160,901.34,160,905.21,160,905.22,120,905.23,200,905.74,240,906.05,160,906.06,400,906.07,120,906.08,40,906.09,40,906.17,40
2026-02-05 09:33:07,904.635,904.67,1,904.06,440,905.21,160,905.21,904.06,904.06,440,903.0,200,902.68,120,902.6,80,902.21,160,902.2,160,901.37,160,901.36,160,901.35,160,901.34,160,905.21,160,905.22,120,905.23,200,905.74,240,906.05,160,906.06,400,906.07,120,906.08,40,906.09,40,906.17,40
2026-02-05 09:33:08,903.535,904.06,1,903.0,200,904.07,80,904.07,903.0,903.0,200,902.68,120,902.6,80,902.21,160,902.2,160,901.37,160,901.36,160,901.35,160,901.34,160,901.33,160,904.07,80,904.64,80,905.21,240,905.22,120,905.23,200,905.74,240,906.05,160,906.06,400,906.07,120,906.08,40
2026-02-05 09:33:09,903.535,904.06,1,903.0,200,904.07,80,904.07,903.0,903.0,200,902.68,120,902.6,80,902.21,160,902.2,160,901.37,160,901.36,160,901.35,160,901.34,160,901.33,160,904.07,80,904.64,80,905.21,240,905.22,120,905.23,200,905.74,240,906.05,160,906.06,400,906.07,120,906.08,40
2026-02-05 09:33:10,903.535,904.06,1,903.0,200,904.07,80,904.07,903.0,903.0,200,902.68,120,902.6,80,902.21,160,902.2,160,901.37,160,901.36,160,901.35,160,901.34,160,901.33,160,904.07,80,904.64,80,905.21,240,905.22,120,905.23,200,905.74,240,906.05,160,906.06,400,906.07,120,906.08,40
2026-02-05 09:33:11,903.535,904.06,1,903.0,120,904.07,200,904.07,903.0,903.0,120,902.68,120,902.6,80,902.21,160,902.2,160,901.37,160,901.36,160,901.35,160,901.34,160,901.33,160,904.07,200,904.64,80,905.21,240,905.22,120,905.23,200,905.74,240,906.05,160,906.06,400,906.07,120,906.08,40
2026-02-05 09:33:12,903.535,904.06,1,903.0,120,904.07,200,904.07,903.0,903.0,120,902.68,120,902.6,80,902.21,160,902.2,160,901.37,160,901.36,160,901.35,160,901.34,160,901.33,160,904.07,200,904.64,80,905.21,240,905.22,120,905.23,200,905.74,240,906.05,160,906.06,400,906.07,120,906.08,40
2026-02-05 09:33:13,903.535,904.06,1,903.0,120,904.07,200,904.07,903.0,903.0,120,902.68,120,902.6,80,902.21,160,902.2,160,901.37,160,901.36,160,901.35,160,901.34,160,901.33,160,904.07,200,904.64,80,905.21,240,905.22,120,905.23,200,905.74,240,906.05,160,906.06,400,906.07,120,906.08,40
2026-02-05 09:33:14,903.205,903.0,1,902.34,40,904.07,320,904.07,902.34,902.34,40,902.0,80,901.37,160,901.36,160,901.35,160,901.34,160,901.33,160,901.32,120,901.31,120,901.3,120,904.07,320,904.64,80,905.21,240,905.22,120,905.23,200,905.74,240,906.05,160,906.06,400,906.07,120,906.08,40
2026-02-05 09:33:15,903.205,903.0,1,902.34,40,904.07,320,904.07,902.34,902.34,40,902.0,80,901.37,160,901.36,160,901.35,160,901.34,160,901.33,160,901.32,120,901.31,120,901.3,120,904.07,320,904.64,80,905.21,240,905.22,120,905.23,200,905.74,240,906.05,160,906.06,400,906.07,120,906.08,40
2026-02-05 09:33:16,903.205,903.0,1,902.34,40,904.07,320,904.07,902.34,902.34,40,902.0,80,901.37,160,901.36,160,901.35,160,901.34,160,901.33,160,901.32,120,901.31,120,901.3,120,904.07,320,904.64,80,905.21,240,905.22,120,905.23,200,905.74,240,906.05,160,906.06,400,906.07,120,906.08,40
2026-02-05 09:33:17,903.03,903.0,1,902.0,160,904.06,120,904.06,902.0,902.0,160,901.37,160,901.36,160,901.35,160,901.34,160,901.33,160,901.32,120,901.31,120,901.3,120,901.29,120,904.06,120,904.07,440,904.64,80,905.21,240,905.22,120,905.23,200,905.74,240,906.05,160,906.06,400,906.07,120
2026-02-05 09:33:18,903.03,903.0,1,902.0,160,904.06,120,904.06,902.0,902.0,160,901.37,160,901.36,160,901.35,160,901.34,160,901.33,160,901.32,120,901.31,120,901.3,120,901.29,120,904.06,120,904.07,440,904.64,80,905.21,240,905.22,120,905.23,200,905.74,240,906.05,160,906.06,400,906.07,120
2026-02-05 09:33:19,903.765,903.0,1,903.47,40,904.06,120,904.06,903.47,903.47,40,902.0,160,901.37,160,901.36,160,901.35,160,901.34,160,901.33,160,901.32,120,901.31,120,901.3,120,904.06,120,904.07,440,904.64,80,905.21,240,905.22,120,905.23,200,905.74,240,906.05,160,906.06,400,906.07,120
2026-02-05 09:33:20,904.095,903.0,1,903.76,40,904.43,160,904.43,903.76,903.76,40,903.47,200,903.42,80,902.0,160,901.37,160,901.36,160,901.35,160,901.34,160,901.33,160,901.32,120,904.43,160,904.95,80,905.2,80,905.21,320,905.22,120,905.23,200,905.74,240,906.05,160,906.06,400,906.07,120
2026-02-05 09:33:21,904.315,903.0,1,903.42,120,905.21,400,905.21,903.42,903.42,120,902.0,160,901.37,160,901.36,160,901.35,160,901.34,160,901.33,160,901.32,120,901.31,120,901.3,120,905.21,400,905.22,120,905.23,200,905.74,240,906.05,160,906.06,400,906.07,120,906.08,40,906.09,40,906.17,40
2026-02-05 09:33:22,904.315,903.0,1,903.42,120,905.21,400,905.21,903.42,903.42,120,902.0,160,901.37,160,901.36,160,901.35,160,901.34,160,901.33,160,901.32,120,901.31,120,901.3,120,905.21,400,905.22,120,905.23,200,905.74,240,906.05,160,906.06,400,906.07,120,906.08,40,906.09,40,906.17,40
2026-02-05 09:33:23,904.535,903.0,1,903.86,40,905.21,400,905.21,903.86,903.86,40,903.42,120,902.0,160,901.37,160,901.36,160,901.35,160,901.34,160,901.33,160,901.32,120,901.31,120,905.21,400,905.22,120,905.23,200,905.74,240,906.05,160,906.06,400,906.07,120,906.08,40,906.09,40,906.17,40
2026-02-05 09:33:24,904.63,903.0,1,904.05,40,905.21,400,905.21,904.05,904.05,40,903.42,80,902.0,160,901.37,160,901.36,160,901.35,160,901.34,160,901.33,160,901.32,120,901.31,120,905.21,400,905.22,120,905.23,200,905.74,240,906.05,160,906.06,400,906.07,120,906.08,40,906.09,40,906.17,40
2026-02-05 09:33:25,905.295,903.0,1,904.69,80,905.9,80,905.9,904.69,904.69,80,903.86,80,903.42,80,902.0,160,901.37,160,901.36,160,901.35,160,901.34,160,901.33,160,901.32,120,905.9,80,906.05,160,906.06,400,906.07,120,906.08,40,906.09,40,906.17,40,906.57,200,906.69,80,906.8,40
2026-02-05 09:33:26,905.295,904.7,3,904.69,120,905.9,80,905.9,904.69,904.69,120,903.86,80,903.42,80,902.0,160,901.37,160,901.36,160,901.35,160,901.34,160,901.33,160,901.32,120,905.9,80,906.05,160,906.06,400,906.07,120,906.08,40,906.09,40,906.17,40,906.57,200,906.69,80,906.8,40
2026-02-05 09:33:27,905.295,904.7,3,904.69,160,905.9,120,905.9,904.69,904.69,160,903.86,80,903.42,80,902.0,160,901.37,160,901.36,160,901.35,160,901.34,160,901.33,160,901.32,120,905.9,120,906.05,160,906.06,400,906.07,120,906.08,40,906.09,40,906.17,40,906.57,200,906.69,80,906.8,40
2026-02-05 09:33:28,905.295,904.7,3,904.69,160,905.9,120,905.9,904.69,904.69,160,903.86,80,903.42,80,902.0,160,901.37,160,901.36,160,901.35,160,901.34,160,901.33,160,901.32,120,905.9,120,906.05,160,906.06,400,906.07,120,906.08,40,906.09,40,906.17,40,906.57,200,906.69,80,906.8,40
2026-02-05 09:33:29,905.295,904.7,3,904.69,160,905.9,120,905.9,904.69,904.69,160,903.86,80,903.42,80,902.0,160,901.37,160,901.36,160,901.35,160,901.34,160,901.33,160,901.32,120,905.9,120,906.05,160,906.06,400,906.07,120,906.08,40,906.09,40,906.17,40,906.57,200,906.69,80,906.8,40
2026-02-05 09:33:30,903.855,904.7,3,902.41,80,905.3,80,905.3,902.41,902.41,80,902.0,160,901.37,160,901.36,160,901.35,160,901.34,160,901.33,160,901.32,120,901.31,120,901.3,120,905.3,80,905.65,120,905.89,80,905.9,120,906.05,160,906.06,400,906.07,120,906.08,40,906.09,40,906.17,40
2026-02-05 09:33:31,904.425,904.7,3,903.55,40,905.3,120,905.3,903.55,903.55,40,902.69,40,902.46,40,902.34,80,902.0,160,901.37,160,901.36,160,901.35,160,901.34,160,901.33,160,905.3,120,905.65,120,905.89,80,905.9,120,906.05,160,906.06,400,906.07,120,906.08,40,906.09,40,906.17,40
2026-02-05 09:33:32,906.06,906.25,2,905.36,80,906.76,40,906.76,905.36,905.36,80,904.83,80,904.69,80,903.56,40,903.55,200,902.69,40,902.46,40,902.34,80,902.0,160,901.37,160,906.76,40,906.8,40,906.81,200,906.82,240,907.22,40,907.23,120,907.24,280,907.39,80,907.97,40,907.98,40
2026-02-05 09:33:33,906.065,906.25,2,905.37,80,906.76,40,906.76,905.37,905.37,80,904.17,80,903.56,40,903.55,200,902.69,40,902.46,40,902.34,80,902.0,160,901.37,160,901.36,160,906.76,40,906.8,40,906.81,200,906.82,240,907.22,40,907.23,120,907.24,280,907.39,80,907.97,40,907.98,40
2026-02-05 09:33:34,905.465,905.38,1,904.17,80,906.76,40,906.76,904.17,904.17,80,903.56,40,903.55,200,902.69,40,902.46,40,902.34,80,902.0,160,901.37,160,901.36,160,901.35,160,906.76,40,906.8,40,906.81,200,906.82,240,907.22,40,907.23,120,907.24,280,907.39,80,907.97,40,907.98,40
2026-02-05 09:33:35,905.465,905.38,1,904.17,80,906.76,40,906.76,904.17,904.17,80,903.56,40,903.55,200,902.69,40,902.46,40,902.34,80,902.0,160,901.37,160,901.36,160,901.35,160,906.76,40,906.8,40,906.81,200,906.82,240,907.22,40,907.23,120,907.24,280,907.39,80,907.97,40,907.98,40
2026-02-05 09:33:36,905.465,905.38,1,904.17,80,906.76,40,906.76,904.17,904.17,80,903.56,40,903.55,200,902.69,40,902.46,40,902.34,80,902.0,160,901.37,160,901.36,160,901.35,160,906.76,40,906.8,40,906.81,200,906.82,240,907.22,40,907.23,120,907.24,280,907.39,80,907.97,40,907.98,40
2026-02-05 09:33:37,905.25,904.17,3,904.17,120,906.33,120,906.33,904.17,904.17,120,903.56,40,903.55,200,902.69,40,902.46,40,902.34,80,902.0,160,901.37,160,901.36,160,901.35,160,906.33,120,906.76,40,906.8,40,906.81,200,906.82,240,907.22,40,907.23,120,907.24,280,907.39,80,907.97,40
2026-02-05 09:33:38,905.25,904.17,3,904.17,120,906.33,120,906.33,904.17,904.17,120,903.56,40,903.55,200,902.69,40,902.46,40,902.34,80,902.0,160,901.37,160,901.36,160,901.35,160,906.33,120,906.76,40,906.8,40,906.81,200,906.82,240,907.22,40,907.23,120,907.24,280,907.39,80,907.97,40
2026-02-05 09:33:39,905.25,904.17,3,904.17,120,906.33,120,906.33,904.17,904.17,120,903.56,40,903.55,200,902.69,40,902.46,40,902.34,80,902.0,160,901.37,160,901.36,160,901.35,160,906.33,120,906.76,40,906.8,40,906.81,200,906.82,240,907.22,40,907.23,120,907.24,280,907.39,80,907.97,40
2026-02-05 09:33:40,905.25,904.17,3,904.17,120,906.33,120,906.33,904.17,904.17,120,903.56,40,903.55,200,902.69,40,902.46,40,902.34,80,902.0,160,901.37,160,901.36,160,901.35,160,906.33,120,906.76,40,906.8,40,906.81,200,906.82,240,907.22,40,907.23,120,907.24,280,907.39,80,907.97,40
2026-02-05 09:33:41,905.25,904.17,3,904.17,120,906.33,120,906.33,904.17,904.17,120,903.56,40,903.55,200,902.69,40,902.46,40,902.34,80,902.0,160,901.37,160,901.36,160,901.35,160,906.33,120,906.76,40,906.8,40,906.81,200,906.82,240,907.22,40,907.23,120,907.24,280,907.39,80,907.97,40
2026-02-05 09:33:42,905.25,904.17,3,904.17,120,906.33,120,906.33,904.17,904.17,120,903.56,40,903.55,200,902.69,40,902.46,40,902.34,80,902.0,160,901.37,160,901.36,160,901.35,160,906.33,120,906.76,40,906.8,40,906.81,200,906.82,240,907.22,40,907.23,120,907.24,280,907.39,80,907.97,40
2026-02-05 09:33:43,905.25,904.17,3,904.17,120,906.33,120,906.33,904.17,904.17,120,903.56,40,903.55,200,902.69,40,902.46,40,902.34,80,902.0,160,901.37,160,901.36,160,901.35,160,906.33,120,906.76,40,906.8,40,906.81,200,906.82,240,907.22,40,907.23,120,907.24,280,907.39,80,907.97,40
2026-02-05 09:33:44,905.25,904.4,1,904.17,120,906.33,120,906.33,904.17,904.17,120,903.56,40,903.55,200,902.69,40,902.46,40,902.34,80,902.0,160,901.37,160,901.36,160,901.35,160,906.33,120,906.76,40,906.8,40,906.81,200,906.82,240,907.22,40,907.23,120,907.24,280,907.39,80,907.97,40
2026-02-05 09:33:45,905.25,904.4,1,904.17,160,906.33,120,906.33,904.17,904.17,160,903.56,40,903.55,200,902.69,40,902.46,40,902.34,80,902.0,160,901.37,160,901.36,160,901.35,160,906.33,120,906.76,40,906.8,40,906.81,200,906.82,240,907.22,40,907.23,120,907.24,280,907.39,80,907.97,40
2026-02-05 09:33:46,905.4,904.4,1,904.47,40,906.33,120,906.33,904.47,904.47,40,904.17,160,903.56,40,903.55,200,902.69,40,902.46,40,902.34,80,902.0,160,901.37,160,901.36,160,906.33,120,906.76,40,906.8,40,906.81,200,906.82,240,907.22,40,907.23,120,907.24,280,907.39,80,907.97,40
2026-02-05 09:33:47,905.4,904.4,1,904.47,40,906.33,120,906.33,904.47,904.47,40,904.17,120,903.56,40,903.55,200,902.69,40,902.46,40,902.34,80,902.0,160,901.37,160,901.36,160,906.33,120,906.76,40,906.8,40,906.81,200,906.82,240,907.22,40,907.23,120,907.24,280,907.39,80,907.97,40
2026-02-05 09:33:48,905.4,904.4,1,904.47,40,906.33,120,906.33,904.47,904.47,40,904.17,120,903.56,40,903.55,200,902.69,40,902.46,40,902.34,80,902.0,160,901.37,160,901.36,160,906.33,120,906.76,40,906.8,40,906.81,200,906.82,240,907.22,40,907.23,120,907.24,280,907.39,80,907.97,40
2026-02-05 09:33:49,903.355,904.4,1,902.0,160,904.71,40,904.71,902.0,902.0,160,901.37,160,901.36,160,901.35,160,901.34,160,901.33,160,901.32,120,901.31,120,901.3,120,901.29,120,904.71,40,905.41,80,905.87,40,905.88,40,905.89,160,905.9,120,905.91,120,906.32,40,906.33,240,906.76,40
2026-02-05 09:33:50,903.355,904.4,1,902.0,160,904.71,40,904.71,902.0,902.0,160,901.37,160,901.36,160,901.35,160,901.34,160,901.33,160,901.32,120,901.31,120,901.3,120,901.29,120,904.71,40,905.41,80,905.87,40,905.88,40,905.89,160,905.9,120,905.91,120,906.32,40,906.33,240,906.76,40
2026-02-05 09:33:51,903.355,904.4,1,902.0,160,904.71,40,904.71,902.0,902.0,160,901.37,160,901.36,160,901.35,160,901.34,160,901.33,160,901.32,120,901.31,120,901.3,120,901.29,120,904.71,40,905.41,80,905.87,40,905.88,40,905.89,160,905.9,120,905.91,120,906.32,40,906.33,240,906.76,40
2026-02-05 09:33:52,903.355,904.4,1,902.0,160,904.71,40,904.71,902.0,902.0,160,901.37,160,901.36,160,901.35,160,901.34,160,901.33,160,901.32,120,901.31,120,901.3,120,901.29,120,904.71,40,905.41,80,905.87,40,905.88,40,905.89,160,905.9,120,905.91,120,906.32,40,906.33,240,906.76,40
2026-02-05 09:33:53,903.355,904.4,1,902.0,160,904.71,40,904.71,902.0,902.0,160,901.37,160,901.36,160,901.35,160,901.34,160,901.33,160,901.32,120,901.31,120,901.3,120,901.29,120,904.71,40,905.41,80,905.87,40,905.88,40,905.89,160,905.9,120,905.91,120,906.32,40,906.33,240,906.76,40
2026-02-05 09:33:54,903.355,904.4,1,902.0,160,904.71,40,904.71,902.0,902.0,160,901.37,160,901.36,160,901.35,160,901.34,160,901.33,160,901.32,120,901.31,120,901.3,120,901.29,120,904.71,40,905.41,80,905.87,40,905.88,40,905.89,160,905.9,120,905.91,120,906.32,40,906.33,240,906.76,40
2026-02-05 09:33:55,903.165,904.4,1,902.0,160,904.33,120,904.33,902.0,902.0,160,901.37,160,901.36,160,901.35,160,901.34,160,901.33,160,901.32,120,901.31,120,901.3,120,901.29,120,904.33,120,904.69,80,904.7,120,904.71,40,905.41,80,905.87,40,905.88,40,905.89,160,905.9,120,905.91,120
2026-02-05 09:33:56,903.165,904.4,1,902.0,160,904.33,120,904.33,902.0,902.0,160,901.37,160,901.36,160,901.35,160,901.34,160,901.33,160,901.32,120,901.31,120,901.3,120,901.29,120,904.33,120,904.69,80,904.7,120,904.71,40,905.41,80,905.87,40,905.88,40,905.89,160,905.9,120,905.91,120
2026-02-05 09:33:57,903.05,904.4,1,902.0,160,904.1,80,904.1,902.0,902.0,160,901.37,160,901.36,160,901.35,160,901.34,160,901.33,160,901.32,120,901.31,120,901.3,120,901.29,120,904.1,80,904.32,120,904.33,120,904.69,80,904.7,120,904.71,40,905.41,80,905.87,40,905.88,40,905.89,160
2026-02-05 09:33:58,903.05,904.4,1,902.0,160,904.1,80,904.1,902.0,902.0,160,901.37,160,901.36,160,901.35,160,901.34,160,901.33,160,901.32,120,901.31,120,901.3,120,901.29,120,904.1,80,904.32,120,904.33,120,904.69,80,904.7,120,904.71,40,905.41,80,905.87,40,905.88,40,905.89,160
2026-02-05 09:33:59,903.05,904.4,1,902.0,160,904.1,80,904.1,902.0,902.0,160,901.37,160,901.36,160,901.35,160,901.34,160,901.33,160,901.32,120,901.31,120,901.3,120,901.29,120,904.1,80,904.32,120,904.33,120,904.69,80,904.7,120,904.71,40,905.41,80,905.87,40,905.88,40,905.89,160
2026-02-05 09:34:00,903.05,904.4,1,902.0,160,904.1,80,904.1,902.0,902.0,160,901.37,160,901.36,160,901.35,160,901.34,160,901.33,160,901.32,120,901.31,120,901.3,120,901.29,120,904.1,80,904.32,120,904.33,120,904.69,80,904.7,120,904.71,40,905.41,80,905.87,40,905.88,40,905.89,160
2026-02-05 09:34:01,902.24,904.4,1,902.0,200,902.48,200,902.48,902.0,902.0,200,901.37,160,901.36,160,901.35,160,901.34,160,901.33,160,901.32,120,901.31,120,901.3,120,901.29,120,902.48,200,902.95,120,903.55,120,903.84,80,904.04,200,904.1,80,904.32,120,904.33,120,904.69,80,904.7,120
2026-02-05 09:34:02,901.84,904.4,1,901.2,2240,902.48,200,902.48,901.2,901.2,2240,900.74,160,,,,,,,,,,,,,,,,,902.48,200,902.95,120,903.55,120,903.84,80,904.04,200,904.1,80,904.32,120,904.33,120,904.69,80,904.7,120
2026-02-05 09:34:03,901.84,906.49,1,901.2,2240,902.48,320,902.48,901.2,901.2,2240,900.74,160,,,,,,,,,,,,,,,,,902.48,320,902.95,120,903.55,120,903.84,80,904.04,200,904.1,80,904.32,120,904.33,120,904.69,80,904.7,120
2026-02-05 09:34:04,901.215,901.2,5,900.74,320,901.69,80,901.69,900.74,900.74,320,,,,,,,,,,,,,,,,,,,901.69,80,901.7,40,902.08,120,902.48,320,902.95,120,903.55,120,903.84,80,904.04,200,904.1,80,904.32,120
2026-02-05 09:34:05,901.215,901.2,5,900.74,320,901.69,80,901.69,900.74,900.74,320,,,,,,,,,,,,,,,,,,,901.69,80,901.7,40,902.08,120,902.48,320,902.95,120,903.55,120,903.84,80,904.04,200,904.1,80,904.32,120
2026-02-05 09:34:06,901.215,901.68,1,900.74,320,901.69,80,901.69,900.74,900.74,320,,,,,,,,,,,,,,,,,,,901.69,80,901.7,40,902.08,120,902.48,320,902.95,120,903.55,120,903.84,80,904.04,200,904.1,80,904.32,120
2026-02-05 09:34:07,901.215,901.68,1,900.74,320,901.69,160,901.69,900.74,900.74,320,,,,,,,,,,,,,,,,,,,901.69,160,901.7,40,902.08,120,902.48,320,902.95,120,903.55,120,903.84,80,904.04,200,904.1,80,904.32,120
2026-02-05 09:34:08,901.215,901.68,1,900.74,320,901.69,160,901.69,900.74,900.74,320,,,,,,,,,,,,,,,,,,,901.69,160,901.7,40,902.08,120,902.48,320,902.95,120,903.55,120,903.84,80,904.04,200,904.1,80,904.32,120
2026-02-05 09:34:09,901.215,901.68,1,900.74,320,901.69,160,901.69,900.74,900.74,320,,,,,,,,,,,,,,,,,,,901.69,160,901.7,40,902.08,120,902.48,320,902.95,120,903.55,120,903.84,80,904.04,200,904.1,80,904.32,120
2026-02-05 09:34:10,901.45,901.68,1,901.21,40,901.69,160,901.69,901.21,901.21,40,900.74,320,,,,,,,,,,,,,,,,,901.69,160,901.7,40,902.08,120,902.48,320,902.95,120,903.55,120,903.84,80,904.04,200,904.1,80,904.32,120
2026-02-05 09:34:11,900.92,901.68,1,900.15,80,901.69,280,901.69,900.15,900.15,80,,,,,,,,,,,,,,,,,,,901.69,280,901.7,40,902.08,120,902.48,320,902.95,120,903.55,120,903.84,80,904.04,200,904.1,80,904.32,120
2026-02-05 09:34:12,900.92,901.68,1,900.15,80,901.69,280,901.69,900.15,900.15,80,,,,,,,,,,,,,,,,,,,901.69,280,901.7,40,902.08,120,902.48,320,902.95,120,903.55,120,903.84,80,904.04,200,904.1,80,904.32,120
2026-02-05 09:34:13,901.38,901.68,1,901.07,40,901.69,280,901.69,901.07,901.07,40,900.15,80,,,,,,,,,,,,,,,,,901.69,280,901.7,40,902.08,120,902.48,320,902.95,120,903.55,120,903.84,80,904.04,200,904.1,80,904.32,120
2026-02-05 09:34:14,901.795,901.39,1,901.08,40,902.51,40,902.51,901.08,901.08,40,901.07,40,900.15,80,,,,,,,,,,,,,,,902.51,40,902.95,120,903.55,120,903.84,80,904.04,200,904.1,80,904.32,120,904.33,120,904.69,80,904.7,120
2026-02-05 09:34:15,901.545,901.39,1,901.08,40,902.01,200,902.01,901.08,901.08,40,900.15,120,,,,,,,,,,,,,,,,,902.01,200,902.26,80,902.51,80,902.95,120,903.55,120,903.84,80,904.04,200,904.1,80,904.32,120,904.33,120
2026-02-05 09:34:16,901.545,901.39,1,901.08,40,902.01,200,902.01,901.08,901.08,40,900.15,120,,,,,,,,,,,,,,,,,902.01,200,902.26,80,902.51,80,902.95,120,903.55,120,903.84,80,904.04,200,904.1,80,904.32,120,904.33,120
2026-02-05 09:34:17,901.08,901.82,10,900.15,120,902.01,200,902.01,900.15,900.15,120,,,,,,,,,,,,,,,,,,,902.01,200,902.26,80,902.51,80,902.95,120,903.55,120,903.84,80,904.04,200,904.1,80,904.32,120,904.33,120
2026-02-05 09:34:18,901.215,901.69,1,900.15,120,902.28,80,902.28,900.15,900.15,120,,,,,,,,,,,,,,,,,,,902.28,80,902.51,40,902.95,120,903.55,120,903.84,80,904.04,200,904.1,80,904.32,120,904.33,120,904.69,80
2026-02-05 09:34:19,902.31,901.24,1,901.84,120,902.78,40,902.78,901.84,901.84,120,900.9,80,900.28,80,900.15,120,,,,,,,,,,,,,902.78,40,902.95,120,903.55,120,903.84,80,904.04,200,904.1,80,904.32,120,904.33,120,904.69,80,904.7,120
2026-02-05 09:34:20,901.725,901.24,1,900.9,80,902.55,40,902.55,900.9,900.9,80,900.28,80,900.15,120,,,,,,,,,,,,,,,902.55,40,902.78,40,902.95,120,903.55,120,903.84,80,904.04,200,904.1,80,904.32,120,904.33,120,904.69,80
2026-02-05 09:34:21,901.84,901.24,1,900.9,80,902.78,40,902.78,900.9,900.9,80,900.28,80,900.15,120,,,,,,,,,,,,,,,902.78,40,902.95,120,903.55,120,903.84,80,904.04,200,904.1,80,904.32,120,904.33,120,904.69,80,904.7,120
2026-02-05 09:34:22,901.84,901.24,1,900.9,80,902.78,40,902.78,900.9,900.9,80,900.28,80,900.15,120,,,,,,,,,,,,,,,902.78,40,902.95,120,903.55,120,903.84,80,904.04,200,904.1,80,904.32,120,904.33,120,904.69,80,904.7,120
2026-02-05 09:34:23,901.84,902.78,1,900.9,120,902.78,80,902.78,900.9,900.9,120,900.28,80,900.15,120,,,,,,,,,,,,,,,902.78,80,902.95,120,903.55,120,903.84,80,904.04,200,904.1,80,904.32,120,904.33,120,904.69,80,904.7,120
2026-02-05 09:34:24,901.84,902.78,1,900.9,120,902.78,80,902.78,900.9,900.9,120,900.28,80,900.15,120,,,,,,,,,,,,,,,902.78,80,902.95,120,903.55,120,903.84,80,904.04,200,904.1,80,904.32,120,904.33,120,904.69,80,904.7,120
2026-02-05 09:34:25,902.24,902.78,1,901.27,80,903.21,40,903.21,901.27,901.27,80,900.9,160,900.28,80,900.15,120,,,,,,,,,,,,,903.21,40,903.55,120,903.84,80,904.04,200,904.1,80,904.32,120,904.33,120,904.69,80,904.7,120,904.71,40
2026-02-05 09:34:26,902.24,902.78,1,901.27,120,903.21,40,903.21,901.27,901.27,120,900.9,160,900.28,80,900.15,120,,,,,,,,,,,,,903.21,40,903.55,120,903.84,80,904.04,200,904.1,80,904.32,120,904.33,120,904.69,80,904.7,120,904.71,40
2026-02-05 09:34:27,902.24,902.78,1,901.27,80,903.21,40,903.21,901.27,901.27,80,900.9,160,900.28,80,900.15,120,,,,,,,,,,,,,903.21,40,903.55,120,903.84,80,904.04,200,904.1,80,904.32,120,904.33,120,904.69,80,904.7,120,904.71,40
2026-02-05 09:34:28,902.24,902.78,1,901.27,80,903.21,40,903.21,901.27,901.27,80,900.9,160,900.28,80,900.15,120,,,,,,,,,,,,,903.21,40,903.55,120,903.84,80,904.04,200,904.1,80,904.32,120,904.33,120,904.69,80,904.7,120,904.71,40
2026-02-05 09:34:29,902.24,902.78,1,901.27,80,903.21,40,903.21,901.27,901.27,80,900.9,160,900.28,80,900.15,120,,,,,,,,,,,,,903.21,40,903.55,120,903.84,80,904.04,200,904.1,80,904.32,120,904.33,120,904.69,80,904.7,120,904.71,40
2026-02-05 09:34:30,902.235,902.78,1,901.27,120,903.2,160,903.2,901.27,901.27,120,900.9,160,900.28,80,900.15,120,,,,,,,,,,,,,903.2,160,903.21,40,903.55,120,903.84,80,904.04,200,904.1,80,904.32,120,904.33,120,904.69,80,904.7,120
2026-02-05 09:34:31,902.23,902.78,1,901.27,80,903.19,120,903.19,901.27,901.27,80,901.22,40,900.9,160,900.28,80,900.15,120,,,,,,,,,,,903.19,120,903.2,120,903.21,40,903.55,120,903.84,80,904.04,200,904.1,80,904.32,120,904.33,120,904.69,80
2026-02-05 09:34:32,902.27,902.78,1,901.35,40,903.19,120,903.19,901.35,901.35,40,901.27,80,901.22,40,900.9,160,900.28,80,900.15,120,,,,,,,,,903.19,120,903.2,120,903.21,40,903.55,120,903.84,80,904.04,200,904.1,80,904.32,120,904.33,120,904.69,80
2026-02-05 09:34:33,902.23,902.78,1,901.27,80,903.19,120,903.19,901.27,901.27,80,901.22,40,900.9,160,900.28,80,900.15,120,,,,,,,,,,,903.19,120,903.2,120,903.21,40,903.55,120,903.84,80,904.04,200,904.1,80,904.32,120,904.33,120,904.69,80
2026-02-05 09:34:34,902.23,902.78,1,901.27,80,903.19,120,903.19,901.27,901.27,80,901.22,40,900.9,160,900.28,80,900.15,120,,,,,,,,,,,903.19,120,903.2,120,903.21,40,903.55,120,903.84,80,904.04,200,904.1,80,904.32,120,904.33,120,904.69,80
2026-02-05 09:34:35,902.205,902.78,1,901.22,40,903.19,120,903.19,901.22,901.22,40,900.9,160,900.28,80,900.15,120,,,,,,,,,,,,,903.19,120,903.2,120,903.21,40,903.55,120,903.84,80,904.04,200,904.1,80,904.32,120,904.33,120,904.69,80
2026-02-05 09:34:36,902.695,902.78,1,902.2,40,903.19,120,903.19,902.2,902.2,40,901.22,40,900.9,160,900.28,80,900.15,120,,,,,,,,,,,903.19,120,903.2,120,903.21,40,903.55,120,903.84,80,904.04,200,904.1,80,904.32,120,904.33,120,904.69,80
2026-02-05 09:34:37,902.695,902.7,2,902.2,40,903.19,80,903.19,902.2,902.2,40,901.22,40,900.9,160,900.28,80,900.15,120,,,,,,,,,,,903.19,80,903.2,120,903.21,40,903.55,120,903.84,80,904.04,200,904.1,80,904.32,120,904.33,120,904.69,80
2026-02-05 09:34:38,902.085,902.7,2,901.22,160,902.95,40,902.95,901.22,901.22,160,900.9,160,900.28,80,900.15,120,,,,,,,,,,,,,902.95,40,903.19,80,903.2,120,903.21,40,903.55,120,903.84,80,904.04,200,904.1,80,904.32,120,904.33,120
2026-02-05 09:34:39,902.085,902.7,2,901.22,160,902.95,40,902.95,901.22,901.22,160,900.9,160,900.28,80,900.15,120,,,,,,,,,,,,,902.95,40,903.19,80,903.2,120,903.21,40,903.55,120,903.84,80,904.04,200,904.1,80,904.32,120,904.33,120
2026-02-05 09:34:40,902.085,902.7,2,901.22,160,902.95,40,902.95,901.22,901.22,160,900.9,160,900.28,80,900.15,120,,,,,,,,,,,,,902.95,40,903.19,80,903.2,120,903.21,40,903.55,120,903.84,80,904.04,200,904.1,80,904.32,120,904.33,120
2026-02-05 09:34:41,902.515,902.7,2,902.08,80,902.95,80,902.95,902.08,902.08,80,901.22,160,900.9,160,900.28,80,900.15,120,,,,,,,,,,,902.95,80,903.19,80,903.2,120,903.21,40,903.55,120,903.84,80,904.04,200,904.1,80,904.32,120,904.33,120
2026-02-05 09:34:42,902.515,902.52,1,902.08,160,902.95,80,902.95,902.08,902.08,160,901.22,160,900.9,160,900.28,80,900.15,120,,,,,,,,,,,902.95,80,903.19,80,903.2,120,903.21,40,903.55,120,903.84,80,904.04,200,904.1,80,904.32,120,904.33,120
2026-02-05 09:34:43,902.445,902.52,1,902.03,80,902.86,40,902.86,902.03,902.03,80,901.22,160,900.9,160,900.28,80,900.15,120,,,,,,,,,,,902.86,40,902.95,80,903.19,80,903.2,120,903.21,40,903.55,120,903.84,80,904.04,200,904.1,80,904.32,120
2026-02-05 09:34:44,902.65,902.52,1,902.44,40,902.86,80,902.86,902.44,902.44,40,902.03,80,901.22,160,900.9,160,900.28,80,900.15,120,,,,,,,,,902.86,80,902.95,80,903.19,80,903.2,120,903.21,40,903.55,120,903.84,80,904.04,200,904.1,80,904.32,120
2026-02-05 09:34:45,901.575,902.42,1,900.29,40,902.86,200,902.86,900.29,900.29,40,900.28,80,900.15,120,,,,,,,,,,,,,,,902.86,200,902.95,80,903.19,80,903.2,120,903.21,40,903.55,120,903.84,80,904.04,200,904.1,80,904.32,120
2026-02-05 09:34:46,901.575,902.42,1,900.29,40,902.86,200,902.86,900.29,900.29,40,900.28,80,900.15,120,,,,,,,,,,,,,,,902.86,200,902.95,80,903.19,80,903.2,120,903.21,40,903.55,120,903.84,80,904.04,200,904.1,80,904.32,120
2026-02-05 09:34:47,901.575,902.42,1,900.29,40,902.86,200,902.86,900.29,900.29,40,900.28,80,900.15,120,,,,,,,,,,,,,,,902.86,200,902.95,80,903.19,80,903.2,120,903.21,40,903.55,120,903.84,80,904.04,200,904.1,80,904.32,120
2026-02-05 09:34:48,900.7,902.42,1,900.0,560,901.4,40,901.4,900.0,900.0,560,,,,,,,,,,,,,,,,,,,901.4,40,902.45,120,902.86,200,902.95,80,903.19,80,903.2,120,903.21,40,903.55,120,903.84,80,904.04,200
2026-02-05 09:34:49,899.645,900.0,14,899.0,80,900.29,40,900.29,899.0,899.0,80,,,,,,,,,,,,,,,,,,,900.29,40,901.12,120,901.38,40,901.39,160,901.4,160,902.45,120,902.86,200,902.95,80,903.19,80,903.2,120
2026-02-05 09:34:50,899.645,900.0,14,899.0,80,900.29,40,900.29,899.0,899.0,80,,,,,,,,,,,,,,,,,,,900.29,40,901.12,120,901.38,40,901.39,160,901.4,160,902.45,120,902.86,200,902.95,80,903.19,80,903.2,120
2026-02-05 09:34:51,899.645,900.0,14,899.0,80,900.29,40,900.29,899.0,899.0,80,,,,,,,,,,,,,,,,,,,900.29,40,901.12,120,901.38,40,901.39,160,901.4,160,902.45,120,902.86,200,902.95,80,903.19,80,903.2,120
2026-02-05 09:34:52,899.645,900.0,14,899.0,80,900.29,40,900.29,899.0,899.0,80,,,,,,,,,,,,,,,,,,,900.29,40,901.12,120,901.38,40,901.39,160,901.4,160,902.45,120,902.86,200,902.95,80,903.19,80,903.2,120
2026-02-05 09:34:53,899.645,900.0,14,899.0,80,900.29,40,900.29,899.0,899.0,80,,,,,,,,,,,,,,,,,,,900.29,40,901.12,120,901.38,40,901.39,160,901.4,160,902.45,120,902.86,200,902.95,80,903.19,80,903.2,120
2026-02-05 09:34:54,899.25,899.0,1,898.21,80,900.29,120,900.29,898.21,898.21,80,,,,,,,,,,,,,,,,,,,900.29,120,901.12,120,901.38,40,901.39,160,901.4,160,902.45,120,902.86,200,902.95,80,903.19,80,903.2,120
2026-02-05 09:34:55,898.95,899.0,1,898.21,80,899.69,80,899.69,898.21,898.21,80,,,,,,,,,,,,,,,,,,,899.69,80,900.29,120,901.12,120,901.38,40,901.39,160,901.4,160,902.45,120,902.86,200,902.95,80,903.19,80
2026-02-05 09:34:56,898.95,899.0,1,898.21,80,899.69,80,899.69,898.21,898.21,80,,,,,,,,,,,,,,,,,,,899.69,80,900.29,120,901.12,120,901.38,40,901.39,160,901.4,160,902.45,120,902.86,200,902.95,80,903.19,80
2026-02-05 09:34:57,898.95,899.0,1,898.21,80,899.69,80,899.69,898.21,898.21,80,,,,,,,,,,,,,,,,,,,899.69,80,900.29,120,901.12,120,901.38,40,901.39,160,901.4,160,902.45,120,902.86,200,902.95,80,903.19,80
2026-02-05 09:34:58,898.95,898.21,2,898.21,80,899.69,80,899.69,898.21,898.21,80,,,,,,,,,,,,,,,,,,,899.69,80,900.29,120,901.12,120,901.38,40,901.39,160,901.4,160,902.45,120,902.86,200,902.95,80,903.19,80
2026-02-05 09:34:59,898.95,899.29,2,898.21,80,899.69,80,899.69,898.21,898.21,80,,,,,,,,,,,,,,,,,,,899.69,80,900.29,120,901.12,120,901.38,40,901.39,160,901.4,160,902.45,120,902.86,200,902.95,80,903.19,80
2026-02-05 09:35:00,898.975,898.81,1,898.26,120,899.69,80,899.69,898.26,898.26,120,898.25,120,898.21,80,,,,,,,,,,,,,,,899.69,80,900.29,120,901.12,120,901.38,40,901.39,160,901.4,160,902.45,120,902.86,200,902.95,80,903.19,80
2026-02-05 09:35:01,898.68,898.81,1,898.27,200,899.09,80,899.09,898.27,898.27,200,898.26,120,898.25,120,898.21,80,,,,,,,,,,,,,899.09,80,899.69,80,900.29,120,901.12,120,901.38,40,901.39,160,901.4,160,902.45,120,902.86,200,902.95,80
2026-02-05 09:35:02,898.98,899.09,1,898.27,160,899.69,160,899.69,898.27,898.27,160,898.26,120,898.25,120,898.21,80,,,,,,,,,,,,,899.69,160,900.29,120,901.12,120,901.38,40,901.39,160,901.4,160,902.45,120,902.86,200,902.95,80,903.19,80
2026-02-05 09:35:03,898.98,899.27,1,898.27,160,899.69,160,899.69,898.27,898.27,160,898.26,120,898.25,120,898.21,80,,,,,,,,,,,,,899.69,160,900.29,120,901.12,120,901.38,40,901.39,160,901.4,160,902.45,120,902.86,200,902.95,80,903.19,80
2026-02-05 09:35:04,897.885,897.84,1,897.37,40,898.4,80,898.4,897.37,897.37,40,897.03,80,,,,,,,,,,,,,,,,,898.4,80,899.41,240,899.69,160,900.29,120,901.12,120,901.38,40,901.39,160,901.4,160,902.45,120,902.86,200
2026-02-05 09:35:05,898.22,897.74,2,897.03,80,899.41,240,899.41,897.03,897.03,80,,,,,,,,,,,,,,,,,,,899.41,240,899.69,160,900.29,120,901.12,120,901.38,40,901.39,160,901.4,160,902.45,120,902.86,200,902.95,80
2026-02-05 09:35:06,898.105,897.74,2,897.03,80,899.18,40,899.18,897.03,897.03,80,,,,,,,,,,,,,,,,,,,899.18,40,899.41,240,899.69,160,900.29,120,901.12,120,901.38,40,901.39,160,901.4,160,902.45,120,902.86,200
2026-02-05 09:35:07,898.655,897.74,2,898.13,160,899.18,40,899.18,898.13,898.13,160,897.11,120,897.03,80,,,,,,,,,,,,,,,899.18,40,899.41,240,899.69,160,900.29,120,901.12,120,901.38,40,901.39,160,901.4,160,902.45,120,902.86,200
2026-02-05 09:35:08,899.045,897.74,2,898.65,120,899.44,40,899.44,898.65,898.65,120,898.25,80,898.13,160,897.11,120,897.03,80,,,,,,,,,,,899.44,40,899.69,160,900.29,120,901.12,120,901.38,40,901.39,160,901.4,160,902.45,120,902.86,200,902.95,80
2026-02-05 09:35:09,899.05,897.74,2,898.66,160,899.44,40,899.44,898.66,898.66,160,898.65,120,898.25,80,898.13,160,897.11,120,897.03,80,,,,,,,,,899.44,40,899.69,160,900.29,120,901.12,120,901.38,40,901.39,160,901.4,160,902.45,120,902.86,200,902.95,80
2026-02-05 09:35:10,899.725,897.74,2,899.45,40,900.0,80,900.0,899.45,899.45,40,898.66,160,898.65,120,898.25,80,898.13,160,897.11,120,897.03,80,,,,,,,900.0,80,900.29,120,901.12,120,901.38,40,901.39,160,901.4,160,902.45,120,902.86,200,902.95,80,903.19,80
2026-02-05 09:35:11,899.625,897.74,2,898.82,240,900.43,40,900.43,898.82,898.82,240,898.66,160,898.65,120,898.25,80,898.13,160,897.11,120,897.03,80,,,,,,,900.43,40,901.12,120,901.38,40,901.39,160,901.4,160,902.45,120,902.86,200,902.95,80,903.19,80,903.2,120
2026-02-05 09:35:12,899.625,897.74,2,898.82,240,900.43,40,900.43,898.82,898.82,240,898.66,160,898.65,120,898.25,80,898.13,160,897.11,120,897.03,80,,,,,,,900.43,40,901.12,120,901.38,40,901.39,160,901.4,160,902.45,120,902.86,200,902.95,80,903.19,80,903.2,120
2026-02-05 09:35:13,899.625,897.74,2,898.82,240,900.43,40,900.43,898.82,898.82,240,898.66,160,898.65,120,898.25,80,898.13,160,897.11,120,897.03,80,,,,,,,900.43,40,901.12,120,901.38,40,901.39,160,901.4,160,902.45,120,902.86,200,902.95,80,903.19,80,903.2,120
2026-02-05 09:35:14,901.655,897.74,2,900.57,40,902.74,40,902.74,900.57,900.57,40,900.29,80,900.03,40,900.02,120,899.62,160,898.82,360,898.66,160,898.65,120,898.25,80,898.13,160,902.74,40,903.0,80,903.19,80,903.2,120,903.21,40,903.55,120,903.84,80,904.04,200,904.1,80,904.32,120
2026-02-05 09:35:15,901.61,897.74,2,900.57,40,902.65,80,902.65,900.57,900.57,40,900.12,80,899.57,80,898.82,360,898.66,160,898.65,120,898.25,80,898.13,160,897.11,120,897.03,80,902.65,80,902.74,40,903.0,80,903.19,80,903.2,120,903.21,40,903.55,120,903.84,80,904.04,200,904.1,80
2026-02-05 09:35:16,901.61,897.74,2,900.57,160,902.65,80,902.65,900.57,900.57,160,900.12,80,899.57,80,898.82,360,898.66,160,898.65,120,898.25,80,898.13,160,897.11,120,897.03,80,902.65,80,902.74,40,903.0,80,903.19,80,903.2,120,903.21,40,903.55,120,903.84,80,904.04,200,904.1,80
2026-02-05 09:35:17,901.585,897.74,2,900.52,160,902.65,160,902.65,900.52,900.52,160,900.12,80,899.57,80,898.82,360,898.66,160,898.65,120,898.25,80,898.13,160,897.11,120,897.03,80,902.65,160,902.74,40,903.0,80,903.19,80,903.2,120,903.21,40,903.55,120,903.84,80,904.04,200,904.1,80
2026-02-05 09:35:18,901.585,897.74,2,900.52,160,902.65,160,902.65,900.52,900.52,160,900.12,80,899.57,80,898.82,360,898.66,160,898.65,120,898.25,80,898.13,160,897.11,120,897.03,80,902.65,160,902.74,40,903.0,80,903.19,80,903.2,120,903.21,40,903.55,120,903.84,80,904.04,200,904.1,80
2026-02-05 09:35:19,903.08,897.74,2,901.65,80,904.51,40,904.51,901.65,901.65,80,901.58,200,900.52,160,900.12,80,899.57,80,898.82,360,898.66,160,898.65,120,898.25,80,898.13,160,904.51,40,904.69,80,904.7,120,904.71,40,905.41,80,905.87,40,905.88,40,905.89,160,905.9,120,905.91,120
2026-02-05 09:35:20,903.575,903.09,1,901.65,280,905.5,40,905.5,901.65,901.65,280,901.58,200,900.52,160,900.12,80,899.57,80,898.82,360,898.66,160,898.65,120,898.25,80,898.13,160,905.5,40,906.06,40,906.32,40,906.33,240,906.76,40,906.8,40,906.81,200,906.82,240,907.22,40,907.23,120
2026-02-05 09:35:21,903.575,903.09,1,901.65,280,905.5,80,905.5,901.65,901.65,280,901.58,200,900.52,160,900.12,80,899.57,80,898.82,360,898.66,160,898.65,120,898.25,80,898.13,160,905.5,80,906.06,40,906.32,40,906.33,240,906.76,40,906.8,40,906.81,200,906.82,240,907.22,40,907.23,120
2026-02-05 09:35:22,903.82,903.09,1,902.14,120,905.5,80,905.5,902.14,902.14,120,901.65,280,901.58,200,900.52,160,900.12,80,899.57,80,898.82,360,898.66,160,898.65,120,898.25,80,905.5,80,906.06,40,906.32,40,906.33,240,906.76,40,906.8,40,906.81,200,906.82,240,907.22,40,907.23,120
2026-02-05 09:35:23,903.825,903.09,1,902.15,160,905.5,80,905.5,902.15,902.15,160,902.14,120,901.65,280,901.58,200,900.52,160,900.12,80,899.57,80,898.82,360,898.66,160,898.65,120,905.5,80,906.06,40,906.32,40,906.33,240,906.76,40,906.8,40,906.81,200,906.82,240,907.22,40,907.23,120
2026-02-05 09:35:24,902.92,903.09,1,902.3,120,903.54,120,903.54,902.3,902.3,120,902.15,160,902.14,120,901.65,280,901.58,200,900.52,160,900.12,80,899.57,80,898.82,360,898.66,160,903.54,120,905.5,80,906.06,40,906.32,40,906.33,240,906.76,40,906.8,40,906.81,200,906.82,240,907.22,40
2026-02-05 09:35:25,902.92,903.09,1,902.3,120,903.54,120,903.54,902.3,902.3,120,902.15,160,902.14,120,901.65,280,901.58,200,900.52,160,900.12,80,899.57,80,898.82,360,898.66,160,903.54,120,905.5,80,906.06,40,906.32,40,906.33,240,906.76,40,906.8,40,906.81,200,906.82,240,907.22,40
2026-02-05 09:35:26,902.92,903.09,1,902.3,120,903.54,120,903.54,902.3,902.3,120,902.15,160,902.14,120,901.65,280,901.58,200,900.52,160,900.12,80,899.57,80,898.82,360,898.66,160,903.54,120,905.5,80,906.06,40,906.32,40,906.33,240,906.76,40,906.8,40,906.81,200,906.82,240,907.22,40
2026-02-05 09:35:27,901.61,902.25,1,900.32,40,902.9,80,902.9,900.32,900.32,40,899.47,80,898.82,360,898.66,160,898.65,120,898.25,80,898.13,160,897.11,120,897.03,80,,,902.9,80,903.2,80,903.54,160,905.5,80,906.06,40,906.32,40,906.33,240,906.76,40,906.8,40,906.81,200
2026-02-05 09:35:28,901.8,901.71,1,900.7,160,902.9,200,902.9,900.7,900.7,160,900.52,160,899.47,80,898.82,360,898.66,160,898.65,120,898.25,80,898.13,160,897.11,120,897.03,80,902.9,200,903.2,80,903.54,160,905.5,80,906.06,40,906.32,40,906.33,240,906.76,40,906.8,40,906.81,200
2026-02-05 09:35:29,902.305,901.71,1,901.71,40,902.9,200,902.9,901.71,901.71,40,900.7,120,900.52,160,899.47,80,898.82,360,898.66,160,898.65,120,898.25,80,898.13,160,897.11,120,902.9,200,903.2,80,903.54,160,905.5,80,906.06,40,906.32,40,906.33,240,906.76,40,906.8,40,906.81,200
2026-02-05 09:35:30,901.8,901.71,1,900.7,120,902.9,200,902.9,900.7,900.7,120,900.52,160,899.47,80,898.82,360,898.66,160,898.65,120,898.25,80,898.13,160,897.11,120,897.03,80,902.9,200,903.2,80,903.54,160,905.5,80,906.06,40,906.32,40,906.33,240,906.76,40,906.8,40,906.81,200
2026-02-05 09:35:31,901.8,901.71,1,900.7,200,902.9,200,902.9,900.7,900.7,200,900.52,160,899.47,80,898.82,360,898.66,160,898.65,120,898.25,80,898.13,160,897.11,120,897.03,80,902.9,200,903.2,80,903.54,160,905.5,80,906.06,40,906.32,40,906.33,240,906.76,40,906.8,40,906.81,200
2026-02-05 09:35:32,901.8,901.71,1,900.7,200,902.9,200,902.9,900.7,900.7,200,900.52,160,899.47,80,898.82,360,898.66,160,898.65,120,898.25,80,898.13,160,897.11,120,897.03,80,902.9,200,903.2,80,903.54,160,905.5,80,906.06,40,906.32,40,906.33,240,906.76,40,906.8,40,906.81,200
2026-02-05 09:35:33,901.8,901.71,1,900.7,200,902.9,200,902.9,900.7,900.7,200,900.52,160,899.47,80,898.82,360,898.66,160,898.65,120,898.25,80,898.13,160,897.11,120,897.03,80,902.9,200,903.2,80,903.54,160,905.5,80,906.06,40,906.32,40,906.33,240,906.76,40,906.8,40,906.81,200
2026-02-05 09:35:34,901.8,901.71,1,900.7,200,902.9,200,902.9,900.7,900.7,200,900.52,160,899.47,80,898.82,360,898.66,160,898.65,120,898.25,80,898.13,160,897.11,120,897.03,80,902.9,200,903.2,80,903.54,160,905.5,80,906.06,40,906.32,40,906.33,240,906.76,40,906.8,40,906.81,200
2026-02-05 09:35:35,901.8,901.71,1,900.7,200,902.9,200,902.9,900.7,900.7,200,900.52,160,899.47,80,898.82,360,898.66,160,898.65,120,898.25,80,898.13,160,897.11,120,897.03,80,902.9,200,903.2,80,903.54,160,905.5,80,906.06,40,906.32,40,906.33,240,906.76,40,906.8,40,906.81,200
2026-02-05 09:35:36,901.8,901.71,1,900.7,200,902.9,200,902.9,900.7,900.7,200,900.52,160,899.47,80,898.82,360,898.66,160,898.65,120,898.25,80,898.13,160,897.11,120,897.03,80,902.9,200,903.2,80,903.54,160,905.5,80,906.06,40,906.32,40,906.33,240,906.76,40,906.8,40,906.81,200
2026-02-05 09:35:37,900.2,900.65,1,898.22,120,902.18,240,902.18,898.22,898.22,120,898.13,160,897.11,120,897.03,80,,,,,,,,,,,,,902.18,240,902.89,40,902.9,200,903.2,80,903.54,160,905.5,80,906.06,40,906.32,40,906.33,240,906.76,40
2026-02-05 09:35:38,899.67,900.65,1,898.33,40,901.01,160,901.01,898.33,898.33,40,898.22,120,898.13,160,897.11,120,897.03,80,,,,,,,,,,,901.01,160,902.17,40,902.18,240,902.89,40,902.9,200,903.2,80,903.54,160,905.5,80,906.06,40,906.32,40
2026-02-05 09:35:39,899.67,900.65,1,898.33,40,901.01,160,901.01,898.33,898.33,40,898.22,120,898.13,160,897.11,120,897.03,80,,,,,,,,,,,901.01,160,902.17,40,902.18,240,902.89,40,902.9,200,903.2,80,903.54,160,905.5,80,906.06,40,906.32,40
2026-02-05 09:35:40,899.67,900.65,1,898.33,200,901.01,160,901.01,898.33,898.33,200,898.22,120,898.13,160,897.11,120,897.03,80,,,,,,,,,,,901.01,160,902.17,40,902.18,240,902.89,40,902.9,200,903.2,80,903.54,160,905.5,80,906.06,40,906.32,40
2026-02-05 09:35:41,899.67,899.67,1,898.33,200,901.01,160,901.01,898.33,898.33,200,898.22,120,898.13,160,897.11,120,897.03,80,,,,,,,,,,,901.01,160,902.17,40,902.18,240,902.89,40,902.9,200,903.2,80,903.54,160,905.5,80,906.06,40,906.32,40
2026-02-05 09:35:42,899.67,899.67,1,898.33,200,901.01,160,901.01,898.33,898.33,200,898.22,120,898.13,160,897.11,120,897.03,80,,,,,,,,,,,901.01,160,902.17,40,902.18,240,902.89,40,902.9,200,903.2,80,903.54,160,905.5,80,906.06,40,906.32,40
2026-02-05 09:35:43,900.34,899.67,1,899.67,40,901.01,160,901.01,899.67,899.67,40,898.33,200,898.22,120,898.13,160,897.11,120,897.03,80,,,,,,,,,901.01,160,902.17,40,902.18,240,902.89,40,902.9,200,903.2,80,903.54,160,905.5,80,906.06,40,906.32,40
2026-02-05 09:35:44,899.67,899.67,1,898.33,200,901.01,280,901.01,898.33,898.33,200,898.22,120,898.13,160,897.11,120,897.03,80,,,,,,,,,,,901.01,280,902.17,40,902.18,240,902.89,40,902.9,200,903.2,80,903.54,160,905.5,80,906.06,40,906.32,40
2026-02-05 09:35:45,899.67,899.67,1,898.33,200,901.01,280,901.01,898.33,898.33,200,898.22,120,898.13,160,897.11,120,897.03,80,,,,,,,,,,,901.01,280,902.17,40,902.18,240,902.89,40,902.9,200,903.2,80,903.54,160,905.5,80,906.06,40,906.32,40
2026-02-05 09:35:46,899.67,899.67,1,898.33,200,901.01,280,901.01,898.33,898.33,200,898.22,120,898.13,160,897.11,120,897.03,80,,,,,,,,,,,901.01,280,902.17,40,902.18,240,902.89,40,902.9,200,903.2,80,903.54,160,905.5,80,906.06,40,906.32,40
2026-02-05 09:35:47,899.67,899.67,1,898.33,200,901.01,280,901.01,898.33,898.33,200,898.22,120,898.13,160,897.11,120,897.03,80,,,,,,,,,,,901.01,280,902.17,40,902.18,240,902.89,40,902.9,200,903.2,80,903.54,160,905.5,80,906.06,40,906.32,40
2026-02-05 09:35:48,899.67,899.67,1,898.33,200,901.01,320,901.01,898.33,898.33,200,898.22,120,898.13,160,897.11,120,897.03,80,,,,,,,,,,,901.01,320,902.17,40,902.18,240,902.89,40,902.9,200,903.2,80,903.54,160,905.5,80,906.06,40,906.32,40
2026-02-05 09:35:49,900.27,899.67,1,899.53,40,901.01,320,901.01,899.53,899.53,40,898.33,200,898.22,120,898.13,160,897.11,120,897.03,80,,,,,,,,,901.01,320,902.17,40,902.18,240,902.89,40,902.9,200,903.2,80,903.54,160,905.5,80,906.06,40,906.32,40
2026-02-05 09:35:50,900.04,899.67,1,899.08,120,901.0,80,901.0,899.08,899.08,120,898.83,80,898.33,200,898.22,120,898.13,160,897.11,120,897.03,80,,,,,,,901.0,80,901.01,360,902.17,40,902.18,240,902.89,40,902.9,200,903.2,80,903.54,160,905.5,80,906.06,40
2026-02-05 09:35:51,900.015,900.04,1,899.03,200,901.0,80,901.0,899.03,899.03,200,898.83,80,898.33,200,898.22,120,898.13,160,897.11,120,897.03,80,,,,,,,901.0,80,901.01,360,902.17,40,902.18,240,902.89,40,902.9,200,903.2,80,903.54,160,905.5,80,906.06,40
2026-02-05 09:35:52,900.015,900.04,1,899.03,200,901.0,80,901.0,899.03,899.03,200,898.83,80,898.33,200,898.22,120,898.13,160,897.11,120,897.03,80,,,,,,,901.0,80,901.01,360,902.17,40,902.18,240,902.89,40,902.9,200,903.2,80,903.54,160,905.5,80,906.06,40
2026-02-05 09:35:53,900.015,900.04,1,899.03,200,901.0,120,901.0,899.03,899.03,200,898.83,80,898.33,200,898.22,120,898.13,160,897.11,120,897.03,80,,,,,,,901.0,120,901.01,360,902.17,40,902.18,240,902.89,40,902.9,200,903.2,80,903.54,160,905.5,80,906.06,40
2026-02-05 09:35:54,900.015,900.04,1,899.03,200,901.0,120,901.0,899.03,899.03,200,898.83,80,898.33,200,898.22,120,898.13,160,897.11,120,897.03,80,,,,,,,901.0,120,901.01,360,902.17,40,902.18,240,902.89,40,902.9,200,903.2,80,903.54,160,905.5,80,906.06,40
2026-02-05 09:35:56,900.01,899.22,1,899.03,200,900.99,120,900.99,899.03,899.03,200,898.83,80,898.33,200,898.22,120,898.13,160,897.11,120,897.03,80,,,,,,,900.99,120,901.0,240,901.01,360,902.17,40,902.18,240,902.89,40,902.9,200,903.2,80,903.54,160,905.5,80
2026-02-05 09:35:57,900.01,899.22,1,899.03,200,900.99,120,900.99,899.03,899.03,200,898.83,80,898.33,200,898.22,120,898.13,160,897.11,120,897.03,80,,,,,,,900.99,120,901.0,240,901.01,360,902.17,40,902.18,240,902.89,40,902.9,200,903.2,80,903.54,160,905.5,80
2026-02-05 09:35:57,900.01,899.22,1,899.03,200,900.99,120,900.99,899.03,899.03,200,898.83,80,898.33,200,898.22,120,898.13,160,897.11,120,897.03,80,,,,,,,900.99,120,901.0,240,901.01,360,902.17,40,902.18,240,902.89,40,902.9,200,903.2,80,903.54,160,905.5,80
2026-02-05 09:35:58,900.01,899.22,1,899.03,200,900.99,120,900.99,899.03,899.03,200,898.83,80,898.33,200,898.22,120,898.13,160,897.11,120,897.03,80,,,,,,,900.99,120,901.0,240,901.01,360,902.17,40,902.18,240,902.89,40,902.9,200,903.2,80,903.54,160,905.5,80
2026-02-05 09:35:59,900.01,899.22,1,899.03,200,900.99,120,900.99,899.03,899.03,200,898.83,80,898.33,200,898.22,120,898.13,160,897.11,120,897.03,80,,,,,,,900.99,120,901.0,240,901.01,360,902.17,40,902.18,240,902.89,40,902.9,200,903.2,80,903.54,160,905.5,80
2026-02-05 09:36:00,900.01,900.8,10,899.03,200,900.99,120,900.99,899.03,899.03,200,898.83,80,898.33,200,898.22,120,898.13,160,897.11,120,897.03,80,,,,,,,900.99,120,901.0,240,901.01,360,902.17,40,902.18,240,902.89,40,902.9,200,903.2,80,903.54,160,905.5,80
2026-02-05 09:36:02,900.01,900.8,10,899.03,200,900.99,120,900.99,899.03,899.03,200,898.83,80,898.33,200,898.22,120,898.13,160,897.11,120,897.03,80,,,,,,,900.99,120,901.0,240,901.01,360,902.17,40,902.18,240,902.89,40,902.9,200,903.2,80,903.54,160,905.5,80
2026-02-05 09:36:02,900.01,900.8,10,899.03,200,900.99,120,900.99,899.03,899.03,200,898.83,80,898.33,200,898.22,120,898.13,160,897.11,120,897.03,80,,,,,,,900.99,120,901.0,240,901.01,360,902.17,40,902.18,240,902.89,40,902.9,200,903.2,80,903.54,160,905.5,80
2026-02-05 09:36:04,900.01,900.8,10,899.03,200,900.99,120,900.99,899.03,899.03,200,898.83,80,898.33,200,898.22,120,898.13,160,897.11,120,897.03,80,,,,,,,900.99,120,901.0,240,901.01,360,902.17,40,902.18,240,902.89,40,902.9,200,903.2,80,903.54,160,905.5,80
2026-02-05 09:36:05,900.01,900.8,10,899.03,200,900.99,120,900.99,899.03,899.03,200,898.83,80,898.33,200,898.22,120,898.13,160,897.11,120,897.03,80,,,,,,,900.99,120,901.0,240,901.01,360,902.17,40,902.18,240,902.89,40,902.9,200,903.2,80,903.54,160,905.5,80
2026-02-05 09:36:06,900.01,900.8,10,899.03,200,900.99,120,900.99,899.03,899.03,200,898.83,80,898.33,200,898.22,120,898.13,160,897.11,120,897.03,80,,,,,,,900.99,120,901.0,240,901.01,360,902.17,40,902.18,240,902.89,40,902.9,200,903.2,80,903.54,160,905.5,80
2026-02-05 09:36:06,899.765,900.8,10,899.03,200,900.5,160,900.5,899.03,899.03,200,898.83,80,898.33,200,898.22,120,898.13,160,897.11,120,897.03,80,,,,,,,900.5,160,900.75,40,900.98,40,900.99,160,901.0,240,901.01,360,902.17,40,902.18,240,902.89,40,902.9,200
2026-02-05 09:36:07,899.765,900.8,10,899.03,200,900.5,160,900.5,899.03,899.03,200,898.83,80,898.33,200,898.22,120,898.13,160,897.11,120,897.03,80,,,,,,,900.5,160,900.75,40,900.98,40,900.99,160,901.0,240,901.01,360,902.17,40,902.18,240,902.89,40,902.9,200
2026-02-05 09:36:09,899.765,900.8,10,899.03,200,900.5,160,900.5,899.03,899.03,200,898.83,80,898.33,200,898.22,120,898.13,160,897.11,120,897.03,80,,,,,,,900.5,160,900.75,40,900.98,40,900.99,160,901.0,240,901.01,360,902.17,40,902.18,240,902.89,40,902.9,200
2026-02-05 09:36:09,899.765,900.8,10,899.03,200,900.5,160,900.5,899.03,899.03,200,898.83,80,898.33,200,898.22,120,898.13,160,897.11,120,897.03,80,,,,,,,900.5,160,900.75,40,900.98,40,900.99,160,901.0,240,901.01,360,902.17,40,902.18,240,902.89,40,902.9,200
2026-02-05 09:36:11,899.765,900.8,10,899.03,200,900.5,160,900.5,899.03,899.03,200,898.83,80,898.33,200,898.22,120,898.13,160,897.11,120,897.03,80,,,,,,,900.5,160,900.75,40,900.98,40,900.99,160,901.0,240,901.01,360,902.17,40,902.18,240,902.89,40,902.9,200
2026-02-05 09:36:12,899.05,899.03,1,898.33,120,899.77,280,899.77,898.33,898.33,120,898.22,120,898.13,160,897.11,120,897.03,80,,,,,,,,,,,899.77,280,900.14,40,900.2,240,900.5,160,900.75,40,900.98,40,900.99,160,901.0,240,901.01,360,902.17,40
2026-02-05 09:36:13,899.05,899.03,1,898.33,200,899.77,280,899.77,898.33,898.33,200,898.22,120,898.13,160,897.11,120,897.03,80,,,,,,,,,,,899.77,280,900.14,40,900.2,240,900.5,160,900.75,40,900.98,40,900.99,160,901.0,240,901.01,360,902.17,40
2026-02-05 09:36:13,899.045,898.98,1,898.33,200,899.76,40,899.76,898.33,898.33,200,898.22,120,898.13,160,897.11,120,897.03,80,,,,,,,,,,,899.76,40,899.77,280,900.14,40,900.2,240,900.5,160,900.75,40,900.98,40,900.99,160,901.0,240,901.01,360
2026-02-05 09:36:15,899.045,898.98,1,898.33,200,899.76,40,899.76,898.33,898.33,200,898.22,120,898.13,160,897.11,120,897.03,80,,,,,,,,,,,899.76,40,899.77,280,900.14,40,900.2,240,900.5,160,900.75,40,900.98,40,900.99,160,901.0,240,901.01,360
2026-02-05 09:36:16,899.045,898.98,1,898.33,200,899.76,40,899.76,898.33,898.33,200,898.22,120,898.13,160,897.11,120,897.03,80,,,,,,,,,,,899.76,40,899.77,280,900.14,40,900.2,240,900.5,160,900.75,40,900.98,40,900.99,160,901.0,240,901.01,360
2026-02-05 09:36:17,899.74,898.98,1,898.98,200,900.5,240,900.5,898.98,898.98,200,898.33,200,898.22,120,898.13,160,897.11,120,897.03,80,,,,,,,,,900.5,240,900.75,40,900.98,40,900.99,160,901.0,240,901.01,360,902.17,40,902.18,240,902.89,40,902.9,200
2026-02-05 09:36:18,899.74,898.98,1,898.98,200,900.5,240,900.5,898.98,898.98,200,898.33,200,898.22,120,898.13,160,897.11,120,897.03,80,,,,,,,,,900.5,240,900.75,40,900.98,40,900.99,160,901.0,240,901.01,360,902.17,40,902.18,240,902.89,40,902.9,200
2026-02-05 09:36:19,899.67,898.98,1,898.84,80,900.5,240,900.5,898.84,898.84,80,898.33,200,898.22,120,898.13,160,897.11,120,897.03,80,,,,,,,,,900.5,240,900.75,40,900.98,40,900.99,160,901.0,240,901.01,360,902.17,40,902.18,240,902.89,40,902.9,200
2026-02-05 09:36:20,899.67,898.98,1,898.84,80,900.5,240,900.5,898.84,898.84,80,898.33,200,898.22,120,898.13,160,897.11,120,897.03,80,,,,,,,,,900.5,240,900.75,40,900.98,40,900.99,160,901.0,240,901.01,360,902.17,40,902.18,240,902.89,40,902.9,200
2026-02-05 09:36:21,899.53,898.98,1,898.56,80,900.5,280,900.5,898.56,898.56,80,898.33,200,898.22,120,898.13,160,897.11,120,897.03,80,,,,,,,,,900.5,280,900.75,40,900.98,40,900.99,160,901.0,240,901.01,360,902.17,40,902.18,240,902.89,40,902.9,200
2026-02-05 09:36:22,899.53,898.98,1,898.56,80,900.5,280,900.5,898.56,898.56,80,898.33,200,898.22,120,898.13,160,897.11,120,897.03,80,,,,,,,,,900.5,280,900.75,40,900.98,40,900.99,160,901.0,240,901.01,360,902.17,40,902.18,240,902.89,40,902.9,200
2026-02-05 09:36:23,899.53,898.98,1,898.56,80,900.5,280,900.5,898.56,898.56,80,898.33,200,898.22,120,898.13,160,897.11,120,897.03,80,,,,,,,,,900.5,280,900.75,40,900.98,40,900.99,160,901.0,240,901.01,360,902.17,40,902.18,240,902.89,40,902.9,200
2026-02-05 09:36:24,899.53,898.98,1,898.56,80,900.5,280,900.5,898.56,898.56,80,898.33,200,898.22,120,898.13,160,897.11,120,897.03,80,,,,,,,,,900.5,280,900.75,40,900.98,40,900.99,160,901.0,240,901.01,360,902.17,40,902.18,240,902.89,40,902.9,200
2026-02-05 09:36:25,899.15,898.98,1,898.56,160,899.74,120,899.74,898.56,898.56,160,898.33,200,898.22,120,898.13,160,897.11,120,897.03,80,,,,,,,,,899.74,120,900.49,40,900.5,280,900.75,40,900.98,40,900.99,160,901.0,240,901.01,360,902.17,40,902.18,240
2026-02-05 09:36:26,898.96,898.98,1,898.56,160,899.36,120,899.36,898.56,898.56,160,898.33,200,898.22,120,898.13,160,897.11,120,897.03,80,,,,,,,,,899.36,120,899.74,120,900.49,40,900.5,280,900.75,40,900.98,40,900.99,160,901.0,240,901.01,360,902.17,40
2026-02-05 09:36:27,898.965,898.98,1,898.57,40,899.36,120,899.36,898.57,898.57,40,898.56,160,898.33,200,898.22,120,898.13,160,897.11,120,897.03,80,,,,,,,899.36,120,899.74,120,900.49,40,900.5,280,900.75,40,900.98,40,900.99,160,901.0,240,901.01,360,902.17,40
2026-02-05 09:36:28,898.965,898.98,1,898.57,40,899.36,120,899.36,898.57,898.57,40,898.56,160,898.33,200,898.22,120,898.13,160,897.11,120,897.03,80,,,,,,,899.36,120,899.74,120,900.49,40,900.5,280,900.75,40,900.98,40,900.99,160,901.0,240,901.01,360,902.17,40
2026-02-05 09:36:29,898.49,898.52,1,897.7,80,899.28,120,899.28,897.7,897.7,80,897.11,120,897.03,80,,,,,,,,,,,,,,,899.28,120,899.36,160,899.74,120,900.49,40,900.5,280,900.75,40,900.98,40,900.99,160,901.0,240,901.01,360
2026-02-05 09:36:30,898.49,898.52,1,897.7,80,899.28,120,899.28,897.7,897.7,80,897.11,120,897.03,80,,,,,,,,,,,,,,,899.28,120,899.36,160,899.74,120,900.49,40,900.5,280,900.75,40,900.98,40,900.99,160,901.0,240,901.01,360
2026-02-05 09:36:31,898.485,898.52,1,897.7,80,899.27,120,899.27,897.7,897.7,80,897.11,120,897.03,80,,,,,,,,,,,,,,,899.27,120,899.28,120,899.36,160,899.74,120,900.49,40,900.5,280,900.75,40,900.98,40,900.99,160,901.0,240
2026-02-05 09:36:32,898.485,898.52,1,897.7,80,899.27,80,899.27,897.7,897.7,80,897.11,120,897.03,80,,,,,,,,,,,,,,,899.27,80,899.28,120,899.36,160,899.74,120,900.49,40,900.5,280,900.75,40,900.98,40,900.99,160,901.0,240
2026-02-05 09:36:33,898.645,898.52,1,898.02,40,899.27,80,899.27,898.02,898.02,40,897.7,80,897.11,120,897.03,80,,,,,,,,,,,,,899.27,80,899.28,120,899.36,160,899.74,120,900.49,40,900.5,280,900.75,40,900.98,40,900.99,160,901.0,240
2026-02-05 09:36:34,898.635,898.52,1,898.0,120,899.27,120,899.27,898.0,898.0,120,897.7,80,897.11,120,897.03,80,,,,,,,,,,,,,899.27,120,899.28,120,899.36,160,899.74,120,900.49,40,900.5,280,900.75,40,900.98,40,900.99,160,901.0,240
2026-02-05 09:36:35,899.205,899.0,1,898.67,120,899.74,40,899.74,898.67,898.67,120,898.66,120,898.01,80,898.0,160,897.7,80,897.11,120,897.03,80,,,,,,,899.74,40,900.49,40,900.5,280,900.75,40,900.98,40,900.99,160,901.0,240,901.01,360,902.17,40,902.18,240
2026-02-05 09:36:36,899.21,899.0,1,898.68,40,899.74,40,899.74,898.68,898.68,40,898.67,240,898.66,120,898.01,80,898.0,160,897.7,80,897.11,120,897.03,80,,,,,899.74,40,900.49,40,900.5,280,900.75,40,900.98,40,900.99,160,901.0,240,901.01,360,902.17,40,902.18,240
2026-02-05 09:36:37,898.875,899.0,1,898.01,80,899.74,40,899.74,898.01,898.01,80,898.0,160,897.7,80,897.11,120,897.03,80,,,,,,,,,,,899.74,40,900.49,40,900.5,280,900.75,40,900.98,40,900.99,160,901.0,240,901.01,360,902.17,40,902.18,240
2026-02-05 09:36:38,898.875,899.0,1,898.01,80,899.74,40,899.74,898.01,898.01,80,898.0,160,897.7,80,897.11,120,897.03,80,,,,,,,,,,,899.74,40,900.49,40,900.5,280,900.75,40,900.98,40,900.99,160,901.0,240,901.01,360,902.17,40,902.18,240
2026-02-05 09:36:39,898.875,899.0,1,898.01,80,899.74,40,899.74,898.01,898.01,80,898.0,160,897.7,80,897.11,120,897.03,80,,,,,,,,,,,899.74,40,900.49,40,900.5,280,900.75,40,900.98,40,900.99,160,901.0,240,901.01,360,902.17,40,902.18,240
2026-02-05 09:36:40,898.53,899.0,1,897.7,80,899.36,160,899.36,897.7,897.7,80,897.11,120,897.03,80,,,,,,,,,,,,,,,899.36,160,899.74,40,900.49,40,900.5,280,900.75,40,900.98,40,900.99,160,901.0,240,901.01,360,902.17,40
2026-02-05 09:36:41,898.53,899.0,1,897.7,80,899.36,160,899.36,897.7,897.7,80,897.11,120,897.03,80,,,,,,,,,,,,,,,899.36,160,899.74,40,900.49,40,900.5,280,900.75,40,900.98,40,900.99,160,901.0,240,901.01,360,902.17,40
2026-02-05 09:36:42,898.475,899.0,1,897.7,280,899.25,240,899.25,897.7,897.7,280,897.5,80,897.11,400,897.03,360,,,,,,,,,,,,,899.25,240,899.34,80,899.36,200,899.74,40,900.49,40,900.5,280,900.75,40,900.98,40,900.99,160,901.0,240
2026-02-05 09:36:43,898.475,899.0,1,897.7,280,899.25,240,899.25,897.7,897.7,280,897.5,80,897.11,400,897.03,360,,,,,,,,,,,,,899.25,240,899.34,80,899.36,200,899.74,40,900.49,40,900.5,280,900.75,40,900.98,40,900.99,160,901.0,240
2026-02-05 09:36:44,898.475,897.7,10,897.7,280,899.25,280,899.25,897.7,897.7,280,897.5,80,897.11,400,897.03,360,,,,,,,,,,,,,899.25,280,899.34,80,899.36,200,899.74,40,900.49,40,900.5,280,900.75,40,900.98,40,900.99,160,901.0,240
2026-02-05 09:36:45,898.475,897.7,10,897.7,280,899.25,280,899.25,897.7,897.7,280,897.5,80,897.11,400,897.03,360,,,,,,,,,,,,,899.25,280,899.34,80,899.36,200,899.74,40,900.49,40,900.5,280,900.75,40,900.98,40,900.99,160,901.0,240
2026-02-05 09:36:46,898.475,897.7,10,897.7,280,899.25,280,899.25,897.7,897.7,280,897.5,80,897.11,400,897.03,360,,,,,,,,,,,,,899.25,280,899.34,80,899.36,200,899.74,40,900.49,40,900.5,280,900.75,40,900.98,40,900.99,160,901.0,240
2026-02-05 09:36:47,898.58,897.91,5,897.91,320,899.25,240,899.25,897.91,897.91,320,897.7,280,897.5,80,897.11,400,897.03,360,,,,,,,,,,,899.25,240,899.34,80,899.36,200,899.74,40,900.49,40,900.5,280,900.75,40,900.98,40,900.99,160,901.0,240
2026-02-05 09:36:48,898.58,897.91,5,897.91,320,899.25,240,899.25,897.91,897.91,320,897.7,280,897.5,80,897.11,400,897.03,360,,,,,,,,,,,899.25,240,899.34,80,899.36,200,899.74,40,900.49,40,900.5,280,900.75,40,900.98,40,900.99,160,901.0,240
2026-02-05 09:36:49,898.58,897.91,5,897.91,320,899.25,240,899.25,897.91,897.91,320,897.7,280,897.5,80,897.11,400,897.03,360,,,,,,,,,,,899.25,240,899.34,80,899.36,200,899.74,40,900.49,40,900.5,280,900.75,40,900.98,40,900.99,160,901.0,240
2026-02-05 09:36:50,898.58,897.91,5,897.91,320,899.25,240,899.25,897.91,897.91,320,897.7,280,897.5,80,897.11,400,897.03,360,,,,,,,,,,,899.25,240,899.34,80,899.36,200,899.74,40,900.49,40,900.5,280,900.75,40,900.98,40,900.99,160,901.0,240
2026-02-05 09:36:51,897.765,897.86,1,897.03,360,898.5,120,898.5,897.03,897.03,360,,,,,,,,,,,,,,,,,,,898.5,120,899.25,240,899.34,80,899.36,200,899.74,40,900.49,40,900.5,280,900.75,40,900.98,40,900.99,160
2026-02-05 09:36:52,897.75,897.86,1,897.0,40,898.5,120,898.5,897.0,897.0,40,,,,,,,,,,,,,,,,,,,898.5,120,899.25,240,899.34,80,899.36,200,899.74,40,900.49,40,900.5,280,900.75,40,900.98,40,900.99,160
2026-02-05 09:36:53,897.805,897.86,1,897.11,120,898.5,120,898.5,897.11,897.11,120,897.0,80,,,,,,,,,,,,,,,,,898.5,120,899.25,240,899.34,80,899.36,200,899.74,40,900.49,40,900.5,280,900.75,40,900.98,40,900.99,160
2026-02-05 09:36:54,897.75,897.86,1,897.0,80,898.5,120,898.5,897.0,897.0,80,,,,,,,,,,,,,,,,,,,898.5,120,899.25,240,899.34,80,899.36,200,899.74,40,900.49,40,900.5,280,900.75,40,900.98,40,900.99,160
2026-02-05 09:36:55,897.75,897.86,1,897.0,80,898.5,120,898.5,897.0,897.0,80,,,,,,,,,,,,,,,,,,,898.5,120,899.25,240,899.34,80,899.36,200,899.74,40,900.49,40,900.5,280,900.75,40,900.98,40,900.99,160
2026-02-05 09:36:56,897.745,897.86,1,897.0,80,898.49,80,898.49,897.0,897.0,80,,,,,,,,,,,,,,,,,,,898.49,80,898.5,120,899.25,240,899.34,80,899.36,200,899.74,40,900.49,40,900.5,280,900.75,40,900.98,40
2026-02-05 09:36:57,897.745,897.86,1,897.0,80,898.49,120,898.49,897.0,897.0,80,,,,,,,,,,,,,,,,,,,898.49,120,898.5,120,899.25,240,899.34,80,899.36,200,899.74,40,900.49,40,900.5,280,900.75,40,900.98,40
