sim_time,mid_price,last_price,last_size,best_bid_price,best_bid_size,best_ask_price,best_ask_size,close_price_buy,close_price_sell,bid1_price,bid1_size,bid2_price,bid2_size,bid3_price,bid3_size,bid4_price,bid4_size,bid5_price,bid5_size,bid6_price,bid6_size,bid7_price,bid7_size,bid8_price,bid8_size,bid9_price,bid9_size,bid10_price,bid10_size,ask1_price,ask1_size,ask2_price,ask2_size,ask3_price,ask3_size,ask4_price,ask4_size,ask5_price,ask5_size,ask6_price,ask6_size,ask7_price,ask7_size,ask8_price,ask8_size,ask9_price,ask9_size,ask10_price,ask10_size
2020-10-29 09:30:27,189.54,189.63,1,189.44,1,189.64,1,189.64,189.44,189.44,1,189.42,1,189.3,3,189.25,2,,,,,,,,,,,,,189.64,1,189.72,1,189.73,2,189.84,4,189.9,1,189.92,1,190.0,1,190.43,1,190.5,2,,
2020-10-29 09:30:28,189.54,189.63,1,189.44,1,189.64,1,189.64,189.44,189.44,1,189.42,1,189.3,3,189.25,2,,,,,,,,,,,,,189.64,1,189.72,1,189.73,2,189.84,4,189.9,1,189.92,1,190.0,1,190.43,1,190.5,2,,
2020-10-29 09:30:29,189.54,189.63,1,189.44,1,189.64,1,189.64,189.44,189.44,1,189.42,1,189.3,3,189.25,2,,,,,,,,,,,,,189.64,1,189.72,1,189.73,2,189.84,4,189.9,1,189.92,1,190.0,1,190.43,1,190.5,2,,
2020-10-29 09:30:30,189.54,189.63,1,189.44,1,189.64,1,189.64,189.44,189.44,1,189.42,1,189.3,3,189.25,2,,,,,,,,,,,,,189.64,1,189.72,1,189.73,2,189.84,4,189.9,1,189.92,1,190.0,1,190.43,1,190.5,2,,
2020-10-29 09:30:31,189.645,189.64,1,189.54,1,189.75,1,189.75,189.54,189.54,1,189.45,1,189.44,1,189.42,1,189.3,3,189.25,2,,,,,,,,,189.75,1,189.86,1,189.91,3,189.92,1,190.0,1,190.43,1,190.5,2,,,,,,
2020-10-29 09:30:32,189.66,189.64,1,189.54,1,189.78,1,189.78,189.54,189.54,1,189.45,1,189.44,1,189.42,1,189.3,3,189.25,2,,,,,,,,,189.78,1,189.85,1,189.86,1,189.91,3,189.92,1,190.0,1,190.43,1,190.5,2,,,,
2020-10-29 09:30:34,189.705,189.64,1,189.54,1,189.87,1,189.87,189.54,189.54,1,189.45,1,189.44,1,189.42,1,189.3,3,189.25,2,,,,,,,,,189.87,1,190.0,4,190.43,1,190.5,2,,,,,,,,,,,,
2020-10-29 09:30:34,189.78,189.64,1,189.66,1,189.9,1,189.9,189.66,189.66,1,189.59,1,189.55,1,189.54,1,189.45,1,189.44,1,189.42,1,189.3,3,189.25,2,,,189.9,1,190.0,4,190.43,1,190.5,2,,,,,,,,,,,,
2020-10-29 09:30:35,189.78,189.64,1,189.66,1,189.9,1,189.9,189.66,189.66,1,189.59,1,189.55,1,189.54,1,189.45,1,189.44,1,189.42,1,189.3,3,189.25,2,,,189.9,1,190.0,4,190.43,1,190.5,2,,,,,,,,,,,,
2020-10-29 09:30:36,189.82,189.78,1,189.66,1,189.98,1,189.98,189.66,189.66,1,189.59,1,189.55,1,189.54,1,189.45,1,189.44,1,189.42,1,189.3,3,189.25,2,,,189.98,1,190.0,4,190.43,1,190.5,2,,,,,,,,,,,,
2020-10-29 09:30:37,189.83,189.78,1,189.66,1,190.0,6,190.0,189.66,189.66,1,189.59,1,189.55,1,189.54,1,189.45,1,189.44,1,189.42,1,189.3,3,189.25,2,,,190.0,6,190.43,1,190.5,2,,,,,,,,,,,,,,
2020-10-29 09:30:38,189.83,189.78,1,189.66,1,190.0,6,190.0,189.66,189.66,1,189.59,1,189.55,1,189.54,1,189.45,1,189.44,1,189.42,1,189.3,3,189.25,2,,,190.0,6,190.43,1,190.5,2,,,,,,,,,,,,,,
2020-10-29 09:30:39,189.89,189.78,1,189.78,1,190.0,5,190.0,189.78,189.78,1,189.71,1,189.67,1,189.66,1,189.59,1,189.55,1,189.54,1,189.45,1,189.44,1,189.42,1,190.0,5,190.43,1,190.5,2,,,,,,,,,,,,,,
2020-10-29 09:30:40,189.895,189.78,1,189.79,2,190.0,5,190.0,189.79,189.79,2,189.78,1,189.71,1,189.67,1,189.66,1,189.59,1,189.55,1,189.54,1,189.45,1,189.44,1,190.0,5,190.43,1,190.5,2,,,,,,,,,,,,,,
2020-10-29 09:30:41,189.895,189.78,1,189.79,2,190.0,7,190.0,189.79,189.79,2,189.78,1,189.71,1,189.67,1,189.66,1,189.59,1,189.55,1,189.54,1,189.45,1,189.44,1,190.0,7,190.43,1,190.5,2,,,,,,,,,,,,,,
2020-10-29 09:30:42,189.895,189.78,1,189.79,2,190.0,7,190.0,189.79,189.79,2,189.78,1,189.71,1,189.67,1,189.66,1,189.59,1,189.55,1,189.54,1,189.45,1,189.44,1,190.0,7,190.43,1,190.5,2,,,,,,,,,,,,,,
2020-10-29 09:30:43,189.895,189.78,1,189.79,2,190.0,7,190.0,189.79,189.79,2,189.78,1,189.71,1,189.67,1,189.66,1,189.59,1,189.55,1,189.54,1,189.45,1,189.44,1,190.0,7,190.43,1,190.5,2,,,,,,,,,,,,,,
2020-10-29 09:30:44,189.895,189.78,1,189.79,2,190.0,7,190.0,189.79,189.79,2,189.78,1,189.71,1,189.67,1,189.66,1,189.59,1,189.55,1,189.54,1,189.45,1,189.44,1,190.0,7,190.43,1,190.5,2,,,,,,,,,,,,,,
2020-10-29 09:30:45,189.895,189.78,1,189.79,4,190.0,7,190.0,189.79,189.79,4,189.78,1,189.71,1,189.67,1,189.66,1,189.59,1,189.55,1,189.54,1,189.45,1,189.44,1,190.0,7,190.43,1,190.5,2,,,,,,,,,,,,,,
2020-10-29 09:30:46,189.895,189.78,1,189.79,4,190.0,7,190.0,189.79,189.79,4,189.78,1,189.71,1,189.67,1,189.66,1,189.59,1,189.55,1,189.54,1,189.45,1,189.44,1,190.0,7,190.43,1,190.5,2,,,,,,,,,,,,,,
2020-10-29 09:30:47,189.895,189.78,1,189.79,4,190.0,7,190.0,189.79,189.79,4,189.78,1,189.71,1,189.67,1,189.66,1,189.59,1,189.55,1,189.54,1,189.45,1,189.44,1,190.0,7,190.43,1,190.5,2,,,,,,,,,,,,,,
2020-10-29 09:30:48,189.895,189.78,1,189.79,4,190.0,7,190.0,189.79,189.79,4,189.78,1,189.71,1,189.67,1,189.66,1,189.59,1,189.55,1,189.54,1,189.45,1,189.44,1,190.0,7,190.43,1,190.5,2,,,,,,,,,,,,,,
2020-10-29 09:30:49,189.895,189.78,1,189.79,4,190.0,7,190.0,189.79,189.79,4,189.78,1,189.71,1,189.67,1,189.66,1,189.59,1,189.55,1,189.54,1,189.45,1,189.44,1,190.0,7,190.43,1,190.5,2,,,,,,,,,,,,,,
2020-10-29 09:30:50,189.895,189.78,1,189.79,4,190.0,7,190.0,189.79,189.79,4,189.78,1,189.71,1,189.67,1,189.66,1,189.59,1,189.55,1,189.54,1,189.45,1,189.44,1,190.0,7,190.43,1,190.5,2,,,,,,,,,,,,,,
2020-10-29 09:30:51,189.895,189.78,1,189.79,4,190.0,7,190.0,189.79,189.79,4,189.78,1,189.71,1,189.67,1,189.66,1,189.59,1,189.55,1,189.54,1,189.45,1,189.44,1,190.0,7,190.43,1,190.5,2,,,,,,,,,,,,,,
2020-10-29 09:30:52,189.895,189.78,1,189.79,4,190.0,7,190.0,189.79,189.79,4,189.78,1,189.71,1,189.67,1,189.66,1,189.59,1,189.55,1,189.54,1,189.45,1,189.44,1,190.0,7,190.43,1,190.5,2,,,,,,,,,,,,,,
2020-10-29 09:30:54,189.895,189.78,1,189.79,4,190.0,7,190.0,189.79,189.79,4,189.78,1,189.71,1,189.67,1,189.66,1,189.59,1,189.55,1,189.54,1,189.45,1,189.44,1,190.0,7,190.43,1,190.5,2,,,,,,,,,,,,,,
2020-10-29 09:30:55,189.895,189.78,1,189.79,4,190.0,7,190.0,189.79,189.79,4,189.78,1,189.71,1,189.67,1,189.66,1,189.59,1,189.55,1,189.54,1,189.45,1,189.44,1,190.0,7,190.43,1,190.5,2,,,,,,,,,,,,,,
2020-10-29 09:30:55,189.895,189.78,1,189.79,4,190.0,7,190.0,189.79,189.79,4,189.78,1,189.71,1,189.67,1,189.66,1,189.59,1,189.55,1,189.54,1,189.45,1,189.44,1,190.0,7,190.43,1,190.5,2,,,,,,,,,,,,,,
2020-10-29 09:30:56,189.895,189.78,1,189.79,4,190.0,7,190.0,189.79,189.79,4,189.78,1,189.71,1,189.67,1,189.66,1,189.59,1,189.55,1,189.54,1,189.45,1,189.44,1,190.0,7,190.43,1,190.5,2,,,,,,,,,,,,,,
2020-10-29 09:30:57,189.895,189.78,1,189.79,4,190.0,7,190.0,189.79,189.79,4,189.78,1,189.71,1,189.67,1,189.66,1,189.59,1,189.55,1,189.54,1,189.45,1,189.44,1,190.0,7,190.43,1,190.5,2,,,,,,,,,,,,,,
2020-10-29 09:30:59,189.9,189.78,1,189.8,2,190.0,7,190.0,189.8,189.8,2,189.79,4,189.78,1,189.71,1,189.67,1,189.66,1,189.59,1,189.55,1,189.54,1,189.45,1,190.0,7,190.43,1,190.5,2,,,,,,,,,,,,,,
2020-10-29 09:31:00,189.9,189.78,1,189.8,2,190.0,7,190.0,189.8,189.8,2,189.79,4,189.78,1,189.71,1,189.67,1,189.66,1,189.59,1,189.55,1,189.54,1,189.45,1,190.0,7,190.43,1,190.5,2,,,,,,,,,,,,,,
2020-10-29 09:31:01,190.03,190.0,1,189.9,1,190.16,1,190.16,189.9,189.9,1,189.81,1,189.8,7,189.79,4,189.78,1,189.71,1,189.67,1,189.66,1,189.59,1,189.55,1,190.16,1,190.25,1,190.43,1,190.5,2,,,,,,,,,,,,
2020-10-29 09:31:01,190.03,190.0,1,189.9,2,190.16,1,190.16,189.9,189.9,2,189.81,1,189.8,7,189.79,4,189.78,1,189.71,1,189.67,1,189.66,1,189.59,1,189.55,1,190.16,1,190.17,1,190.5,1,,,,,,,,,,,,,,
2020-10-29 09:31:02,190.035,190.16,1,189.91,1,190.16,2,190.16,189.91,189.91,1,189.9,5,189.81,1,189.8,7,189.79,4,189.78,1,189.71,1,189.67,1,189.66,1,189.59,1,190.16,2,190.17,1,190.5,1,,,,,,,,,,,,,,
2020-10-29 09:31:04,190.035,190.16,1,189.91,2,190.16,1,190.16,189.91,189.91,2,189.9,5,189.81,1,189.8,7,189.79,4,189.78,1,189.71,1,189.67,1,189.66,1,189.59,1,190.16,1,190.2,1,190.29,1,190.3,1,190.5,1,,,,,,,,,,
2020-10-29 09:31:05,190.115,190.16,1,189.93,1,190.3,1,190.3,189.93,189.93,1,189.91,2,189.9,5,189.81,1,189.8,7,189.79,4,189.78,1,189.71,1,189.67,1,189.66,1,190.3,1,190.5,1,,,,,,,,,,,,,,,,
2020-10-29 09:31:06,190.21,190.16,1,189.95,3,190.47,2,190.47,189.95,189.95,3,189.94,1,189.93,1,189.91,2,189.9,5,189.81,1,189.8,7,189.79,4,189.78,1,189.71,1,190.47,2,190.5,1,,,,,,,,,,,,,,,,
2020-10-29 09:31:07,190.21,190.16,1,189.95,3,190.47,2,190.47,189.95,189.95,3,189.94,1,189.93,1,189.91,2,189.9,5,189.81,1,189.8,7,189.79,4,189.78,1,189.71,1,190.47,2,190.5,1,,,,,,,,,,,,,,,,
2020-10-29 09:31:08,190.21,190.16,1,189.95,6,190.47,2,190.47,189.95,189.95,6,189.94,1,189.93,1,189.91,2,189.9,5,189.81,1,189.8,7,189.79,4,189.78,1,189.71,1,190.47,2,190.5,1,,,,,,,,,,,,,,,,
2020-10-29 09:31:09,190.21,190.16,1,189.95,6,190.47,2,190.47,189.95,189.95,6,189.94,1,189.93,1,189.91,2,189.9,5,189.81,1,189.8,7,189.79,4,189.78,1,189.71,1,190.47,2,190.5,1,,,,,,,,,,,,,,,,
2020-10-29 09:31:10,190.21,190.16,1,189.96,2,190.46,4,190.46,189.96,189.96,2,189.95,6,189.94,1,189.93,1,189.91,2,189.9,5,189.81,1,189.8,7,189.79,4,189.78,1,190.46,4,190.47,2,190.5,1,,,,,,,,,,,,,,
2020-10-29 09:31:11,190.21,190.16,1,189.96,2,190.46,3,190.46,189.96,189.96,2,189.95,6,189.94,1,189.93,1,189.91,2,189.9,5,189.81,1,189.8,7,189.79,4,189.78,1,190.46,3,190.47,2,190.5,1,,,,,,,,,,,,,,
2020-10-29 09:31:12,190.215,190.16,1,189.97,3,190.46,4,190.46,189.97,189.97,3,189.96,5,189.95,6,189.94,1,189.93,1,189.91,2,189.9,5,189.81,1,189.8,7,189.79,4,190.46,4,190.47,2,190.5,1,,,,,,,,,,,,,,
2020-10-29 09:31:13,190.215,190.16,1,189.97,4,190.46,4,190.46,189.97,189.97,4,189.96,5,189.95,6,189.94,1,189.93,1,189.91,2,189.9,5,189.81,1,189.8,7,189.79,4,190.46,4,190.47,2,190.5,1,,,,,,,,,,,,,,
2020-10-29 09:31:14,190.225,190.29,48,189.99,1,190.46,4,190.46,189.99,189.99,1,189.98,2,189.97,4,189.96,5,189.95,6,189.94,1,189.93,1,189.91,2,189.9,5,189.81,1,190.46,4,190.47,2,190.5,1,,,,,,,,,,,,,,
2020-10-29 09:31:15,190.3,190.22,2,190.14,1,190.46,4,190.46,190.14,190.14,1,190.13,1,190.11,1,190.06,1,190.04,1,189.99,2,189.98,2,189.97,4,189.96,5,189.95,6,190.46,4,190.47,2,190.5,1,,,,,,,,,,,,,,
2020-10-29 09:31:16,190.315,190.37,2,190.17,2,190.46,4,190.46,190.17,190.17,2,190.15,1,190.14,2,190.13,1,190.11,1,190.06,1,190.04,1,189.99,2,189.98,2,189.97,4,190.46,4,190.47,2,190.5,1,,,,,,,,,,,,,,
2020-10-29 09:31:16,190.315,190.37,2,190.17,2,190.46,4,190.46,190.17,190.17,2,190.15,1,190.14,2,190.13,1,190.11,1,190.06,1,190.04,1,189.99,2,189.98,2,189.97,4,190.46,4,190.47,2,190.5,1,,,,,,,,,,,,,,
2020-10-29 09:31:18,190.315,190.37,3,190.17,4,190.46,5,190.46,190.17,190.17,4,190.15,1,190.14,2,190.13,1,190.11,1,190.06,1,190.04,1,189.99,2,189.98,2,189.97,4,190.46,5,190.47,2,190.5,1,,,,,,,,,,,,,,
2020-10-29 09:31:19,190.315,190.37,3,190.17,5,190.46,5,190.46,190.17,190.17,5,190.15,1,190.14,2,190.13,1,190.11,1,190.06,1,190.04,1,189.99,2,189.98,2,189.97,4,190.46,5,190.47,2,190.5,1,,,,,,,,,,,,,,
2020-10-29 09:31:20,190.315,190.37,3,190.17,5,190.46,5,190.46,190.17,190.17,5,190.15,1,190.14,2,190.13,1,190.11,1,190.06,1,190.04,1,189.99,2,189.98,2,189.97,4,190.46,5,190.47,2,190.5,1,,,,,,,,,,,,,,
2020-10-29 09:31:21,190.315,190.37,3,190.17,5,190.46,5,190.46,190.17,190.17,5,190.15,1,190.14,2,190.13,1,190.11,1,190.06,1,190.04,1,189.99,2,189.98,2,189.97,4,190.46,5,190.47,2,190.5,1,,,,,,,,,,,,,,
2020-10-29 09:31:22,190.315,190.37,3,190.17,5,190.46,5,190.46,190.17,190.17,5,190.15,1,190.14,2,190.13,1,190.11,1,190.06,1,190.04,1,189.99,2,189.98,2,189.97,4,190.46,5,190.47,2,190.5,1,,,,,,,,,,,,,,
2020-10-29 09:31:23,190.315,190.37,3,190.17,5,190.46,5,190.46,190.17,190.17,5,190.15,1,190.14,2,190.13,1,190.11,1,190.06,1,190.04,1,189.99,2,189.98,2,189.97,4,190.46,5,190.47,2,190.5,1,,,,,,,,,,,,,,
2020-10-29 09:31:24,190.315,190.37,3,190.17,5,190.46,5,190.46,190.17,190.17,5,190.15,1,190.14,2,190.13,1,190.11,1,190.06,1,190.04,1,189.99,2,189.98,2,189.97,4,190.46,5,190.47,2,190.5,1,,,,,,,,,,,,,,
2020-10-29 09:31:25,190.32,190.37,3,190.18,1,190.46,5,190.46,190.18,190.18,1,190.17,5,190.15,1,190.14,2,190.13,1,190.11,1,190.06,1,190.04,1,189.99,2,189.98,2,190.46,5,190.47,2,190.5,1,,,,,,,,,,,,,,
2020-10-29 09:31:26,190.315,190.37,3,190.17,5,190.46,5,190.46,190.17,190.17,5,190.15,1,190.14,2,190.13,1,190.11,1,190.06,1,190.04,1,189.99,2,189.98,2,189.97,4,190.46,5,190.47,2,190.5,1,,,,,,,,,,,,,,
2020-10-29 09:31:27,190.315,190.37,3,190.17,5,190.46,5,190.46,190.17,190.17,5,190.15,1,190.14,2,190.13,1,190.11,1,190.06,1,190.04,1,189.99,2,189.98,2,189.97,4,190.46,5,190.47,2,190.5,1,,,,,,,,,,,,,,
2020-10-29 09:31:28,190.315,190.37,3,190.17,5,190.46,5,190.46,190.17,190.17,5,190.15,1,190.14,2,190.13,1,190.11,1,190.06,1,190.04,1,189.99,2,189.98,2,189.97,4,190.46,5,190.47,2,190.5,1,,,,,,,,,,,,,,
2020-10-29 09:31:29,190.315,190.37,3,190.17,5,190.46,5,190.46,190.17,190.17,5,190.15,1,190.14,2,190.13,1,190.11,1,190.06,1,190.04,1,189.99,2,189.98,2,189.97,4,190.46,5,190.47,2,190.5,1,,,,,,,,,,,,,,
2020-10-29 09:31:30,190.315,190.37,3,190.17,5,190.46,5,190.46,190.17,190.17,5,190.15,1,190.14,2,190.13,1,190.11,1,190.06,1,190.04,1,189.99,2,189.98,2,189.97,4,190.46,5,190.47,2,190.5,1,,,,,,,,,,,,,,
2020-10-29 09:31:31,190.31,190.37,3,190.17,5,190.45,2,190.45,190.17,190.17,5,190.15,1,190.14,2,190.13,1,190.11,1,190.06,1,190.04,1,189.99,2,189.98,2,189.97,4,190.45,2,190.46,5,190.47,2,190.5,1,,,,,,,,,,,,
2020-10-29 09:31:32,190.31,190.37,3,190.17,5,190.45,2,190.45,190.17,190.17,5,190.15,1,190.14,2,190.13,1,190.11,1,190.06,1,190.04,1,189.99,2,189.98,2,189.97,4,190.45,2,190.46,5,190.47,2,190.5,1,,,,,,,,,,,,
2020-10-29 09:31:33,190.31,190.31,1,190.17,6,190.45,2,190.45,190.17,190.17,6,190.15,1,190.14,2,190.13,1,190.11,1,190.06,1,190.04,1,189.99,2,189.98,2,189.97,4,190.45,2,190.46,5,190.47,2,190.5,1,,,,,,,,,,,,
2020-10-29 09:31:34,190.31,190.31,1,190.17,6,190.45,2,190.45,190.17,190.17,6,190.15,1,190.14,2,190.13,1,190.11,1,190.06,1,190.04,1,189.99,2,189.98,2,189.97,4,190.45,2,190.46,5,190.47,2,190.5,1,,,,,,,,,,,,
2020-10-29 09:31:35,190.31,190.31,1,190.17,6,190.45,2,190.45,190.17,190.17,6,190.15,1,190.14,2,190.13,1,190.11,1,190.06,1,190.04,1,189.99,2,189.98,2,189.97,4,190.45,2,190.46,5,190.47,2,190.5,1,,,,,,,,,,,,
2020-10-29 09:31:36,190.31,190.31,1,190.17,6,190.45,2,190.45,190.17,190.17,6,190.15,1,190.14,2,190.13,1,190.11,1,190.06,1,190.04,1,189.99,2,189.98,2,189.97,4,190.45,2,190.46,5,190.47,2,190.5,1,,,,,,,,,,,,
2020-10-29 09:31:37,190.31,190.31,1,190.17,6,190.45,2,190.45,190.17,190.17,6,190.15,1,190.14,2,190.13,1,190.11,1,190.06,1,190.04,1,189.99,2,189.98,2,189.97,4,190.45,2,190.46,5,190.47,2,190.5,1,,,,,,,,,,,,
2020-10-29 09:31:38,190.31,190.31,1,190.17,6,190.45,2,190.45,190.17,190.17,6,190.15,1,190.14,2,190.13,1,190.11,1,190.06,1,190.04,1,189.99,2,189.98,2,189.97,4,190.45,2,190.46,5,190.47,2,190.5,1,,,,,,,,,,,,
2020-10-29 09:31:39,190.305,190.38,1,190.17,6,190.44,1,190.44,190.17,190.17,6,190.15,1,190.14,2,190.13,1,190.11,1,190.06,1,190.04,1,189.99,2,189.98,2,189.97,4,190.44,1,190.45,1,190.46,5,190.47,2,190.5,1,,,,,,,,,,
2020-10-29 09:31:40,190.305,190.38,1,190.17,6,190.44,1,190.44,190.17,190.17,6,190.15,1,190.14,2,190.13,1,190.11,1,190.06,1,190.04,1,189.99,2,189.98,2,189.97,4,190.44,1,190.45,1,190.46,5,190.47,2,190.5,1,,,,,,,,,,
2020-10-29 09:31:41,190.305,190.25,1,190.17,6,190.44,1,190.44,190.17,190.17,6,190.15,1,190.14,2,190.13,1,190.11,1,190.06,1,190.04,1,189.99,2,189.98,2,189.97,4,190.44,1,190.45,1,190.46,5,190.47,2,190.5,1,,,,,,,,,,
2020-10-29 09:31:42,189.985,190.14,1,189.8,6,190.17,2,190.17,189.8,189.8,6,189.79,4,189.78,1,189.71,1,189.67,1,189.66,1,189.59,1,189.55,1,189.54,1,189.45,1,190.17,2,190.24,1,190.25,1,190.31,1,190.44,1,190.45,1,190.46,5,190.47,2,190.5,1,,
2020-10-29 09:31:43,189.98,190.01,1,189.8,6,190.16,2,190.16,189.8,189.8,6,189.79,4,189.78,1,189.71,1,189.67,1,189.66,1,189.59,1,189.55,1,189.54,1,189.45,1,190.16,2,190.17,2,190.24,1,190.25,1,190.31,1,190.44,1,190.45,1,190.46,5,190.47,2,190.5,1
2020-10-29 09:31:44,189.88,189.8,1,189.78,1,189.98,1,189.98,189.78,189.78,1,189.71,2,189.67,1,189.66,1,189.59,1,189.55,1,189.54,1,189.45,1,189.44,1,189.42,1,189.98,1,190.14,1,190.16,2,190.17,2,190.24,1,190.25,1,190.31,1,190.44,1,190.45,1,190.46,5
2020-10-29 09:31:45,189.88,189.8,1,189.78,1,189.98,1,189.98,189.78,189.78,1,189.71,2,189.67,1,189.66,1,189.59,1,189.55,1,189.54,1,189.45,1,189.44,1,189.42,1,189.98,1,190.14,1,190.16,2,190.17,2,190.24,1,190.25,1,190.31,1,190.44,1,190.45,1,190.46,5
2020-10-29 09:31:46,189.88,189.8,1,189.78,1,189.98,2,189.98,189.78,189.78,1,189.71,2,189.67,1,189.66,1,189.59,1,189.55,1,189.54,1,189.45,1,189.44,1,189.42,1,189.98,2,190.14,1,190.16,2,190.17,2,190.24,1,190.25,1,190.31,1,190.44,1,190.45,1,190.46,5
2020-10-29 09:31:47,189.88,189.78,1,189.78,1,189.98,3,189.98,189.78,189.78,1,189.71,2,189.67,1,189.66,1,189.59,1,189.55,1,189.54,1,189.45,1,189.44,1,189.42,1,189.98,3,190.14,1,190.16,2,190.17,2,190.24,1,190.25,1,190.31,1,190.44,1,190.45,1,190.46,5
2020-10-29 09:31:48,189.865,189.78,1,189.75,1,189.98,3,189.98,189.75,189.75,1,189.71,2,189.67,1,189.66,1,189.59,1,189.55,1,189.54,1,189.45,1,189.44,1,189.42,1,189.98,3,190.14,1,190.16,2,190.17,2,190.24,1,190.25,1,190.31,1,190.44,1,190.45,1,190.46,5
2020-10-29 09:31:49,189.855,189.75,1,189.73,1,189.98,3,189.98,189.73,189.73,1,189.71,2,189.67,1,189.66,1,189.59,1,189.55,1,189.54,1,189.45,1,189.44,1,189.42,1,189.98,3,190.14,1,190.16,2,190.17,2,190.24,1,190.25,1,190.31,1,190.44,1,190.45,1,190.46,5
2020-10-29 09:31:50,189.84,189.73,1,189.71,2,189.97,1,189.97,189.71,189.71,2,189.67,1,189.66,1,189.59,1,189.55,1,189.54,1,189.45,1,189.44,1,189.42,1,189.3,3,189.97,1,189.98,3,190.14,1,190.16,2,190.17,2,190.24,1,190.25,1,190.31,1,190.44,1,190.45,1
2020-10-29 09:31:51,189.845,189.71,1,189.71,2,189.98,4,189.98,189.71,189.71,2,189.67,1,189.66,1,189.59,1,189.55,1,189.54,1,189.45,1,189.44,1,189.42,1,189.3,3,189.98,4,190.14,1,190.16,2,190.17,2,190.24,1,190.25,1,190.31,1,190.44,1,190.45,1,190.46,5
2020-10-29 09:31:52,189.845,189.71,1,189.71,2,189.98,4,189.98,189.71,189.71,2,189.67,1,189.66,1,189.59,1,189.55,1,189.54,1,189.45,1,189.44,1,189.42,1,189.3,3,189.98,4,190.14,1,190.16,2,190.17,2,190.24,1,190.25,1,190.31,1,190.44,1,190.45,1,190.46,5
2020-10-29 09:31:53,189.845,189.71,1,189.71,2,189.98,4,189.98,189.71,189.71,2,189.67,1,189.66,1,189.59,1,189.55,1,189.54,1,189.45,1,189.44,1,189.42,1,189.3,3,189.98,4,190.14,1,190.16,2,190.17,2,190.24,1,190.25,1,190.31,1,190.44,1,190.45,1,190.46,5
2020-10-29 09:31:54,189.845,189.71,1,189.71,2,189.98,5,189.98,189.71,189.71,2,189.67,1,189.66,1,189.59,1,189.55,1,189.54,1,189.45,1,189.44,1,189.42,1,189.3,3,189.98,5,190.14,1,190.16,2,190.17,2,190.24,1,190.25,1,190.31,1,190.44,1,190.45,1,190.46,5
2020-10-29 09:31:55,189.845,189.71,1,189.71,2,189.98,5,189.98,189.71,189.71,2,189.67,1,189.66,1,189.59,1,189.55,1,189.54,1,189.45,1,189.44,1,189.42,1,189.3,3,189.98,5,190.14,1,190.16,2,190.17,2,190.24,1,190.25,1,190.31,1,190.44,1,190.45,1,190.46,5
2020-10-29 09:31:56,189.845,189.71,1,189.71,2,189.98,4,189.98,189.71,189.71,2,189.67,1,189.66,1,189.59,1,189.55,1,189.54,1,189.45,1,189.44,1,189.42,1,189.3,3,189.98,4,190.14,1,190.16,2,190.17,2,190.24,1,190.25,1,190.31,1,190.44,1,190.45,1,190.46,5
2020-10-29 09:31:57,189.845,189.71,1,189.71,2,189.98,4,189.98,189.71,189.71,2,189.67,1,189.66,1,189.59,1,189.55,1,189.54,1,189.45,1,189.44,1,189.42,1,189.3,3,189.98,4,190.14,1,190.16,2,190.17,2,190.24,1,190.25,1,190.31,1,190.44,1,190.45,1,190.46,5
2020-10-29 09:31:58,189.845,189.71,1,189.71,2,189.98,4,189.98,189.71,189.71,2,189.67,1,189.66,1,189.59,1,189.55,1,189.54,1,189.45,1,189.44,1,189.42,1,189.3,3,189.98,4,190.14,1,190.16,2,190.17,2,190.24,1,190.25,1,190.31,1,190.44,1,190.45,1,190.46,5
2020-10-29 09:31:59,189.755,189.65,1,189.65,2,189.86,1,189.86,189.65,189.65,2,189.55,1,189.31,1,189.3,4,189.25,2,,,,,,,,,,,189.86,1,189.97,1,189.98,5,190.14,1,190.16,2,190.17,2,190.24,1,190.25,1,190.31,1,190.44,1
2020-10-29 09:32:00,189.755,189.65,1,189.65,2,189.86,2,189.86,189.65,189.65,2,189.55,1,189.31,1,189.3,4,189.25,2,,,,,,,,,,,189.86,2,189.97,1,189.98,5,190.14,1,190.16,2,190.17,2,190.24,1,190.25,1,190.31,1,190.44,1
2020-10-29 09:32:01,189.755,189.65,1,189.65,6,189.86,2,189.86,189.65,189.65,6,189.55,1,189.31,1,189.3,4,189.25,2,,,,,,,,,,,189.86,2,189.97,1,189.98,5,190.14,1,190.16,2,190.17,2,190.24,1,190.25,1,190.31,1,190.44,1
2020-10-29 09:32:02,189.755,189.65,1,189.65,6,189.86,2,189.86,189.65,189.65,6,189.55,1,189.31,1,189.3,4,189.25,2,,,,,,,,,,,189.86,2,189.97,1,189.98,5,190.14,1,190.16,2,190.17,2,190.24,1,190.25,1,190.31,1,190.44,1
2020-10-29 09:32:03,189.755,189.76,1,189.65,6,189.86,2,189.86,189.65,189.65,6,189.55,1,189.31,1,189.3,4,189.25,2,,,,,,,,,,,189.86,2,189.97,1,189.98,5,190.14,1,190.16,2,190.17,2,190.24,1,190.25,1,190.31,1,190.44,1
2020-10-29 09:32:04,189.795,189.76,1,189.65,8,189.94,1,189.94,189.65,189.65,8,189.55,1,189.31,1,189.3,4,189.25,2,,,,,,,,,,,189.94,1,189.97,1,189.98,6,190.14,1,190.16,2,190.17,2,190.24,1,190.25,1,190.31,1,190.44,1
2020-10-29 09:32:05,189.795,189.76,1,189.65,8,189.94,1,189.94,189.65,189.65,8,189.55,1,189.31,1,189.3,4,189.25,2,,,,,,,,,,,189.94,1,189.97,1,189.98,6,190.14,1,190.16,2,190.17,2,190.24,1,190.25,1,190.31,1,190.44,1
2020-10-29 09:32:06,189.795,189.76,1,189.65,8,189.94,1,189.94,189.65,189.65,8,189.55,1,189.31,1,189.3,4,189.25,2,,,,,,,,,,,189.94,1,189.97,1,189.98,6,190.14,1,190.16,2,190.17,2,190.24,1,190.25,1,190.31,1,190.44,1
2020-10-29 09:32:07,189.795,189.76,1,189.65,8,189.94,2,189.94,189.65,189.65,8,189.55,1,189.31,1,189.3,4,189.25,2,,,,,,,,,,,189.94,2,189.97,1,189.98,6,190.14,1,190.16,2,190.17,2,190.24,1,190.25,1,190.31,1,190.44,1
2020-10-29 09:32:08,189.795,189.76,1,189.65,8,189.94,2,189.94,189.65,189.65,8,189.55,1,189.31,1,189.3,4,189.25,2,,,,,,,,,,,189.94,2,189.97,1,189.98,6,190.14,1,190.16,2,190.17,2,190.24,1,190.25,1,190.31,1,190.44,1
2020-10-29 09:32:09,189.795,189.76,1,189.65,6,189.94,2,189.94,189.65,189.65,6,189.55,1,189.31,1,189.3,4,189.25,2,,,,,,,,,,,189.94,2,189.97,1,189.98,6,190.14,1,190.16,2,190.17,2,190.24,1,190.25,1,190.31,1,190.44,1
2020-10-29 09:32:10,189.795,189.8,1,189.65,8,189.94,3,189.94,189.65,189.65,8,189.55,1,189.31,1,189.3,4,189.25,2,,,,,,,,,,,189.94,3,189.97,1,189.98,6,190.14,1,190.16,2,190.17,2,190.24,1,190.25,1,190.31,1,190.44,1
2020-10-29 09:32:11,189.795,189.8,1,189.65,8,189.94,3,189.94,189.65,189.65,8,189.55,1,189.31,1,189.3,4,189.25,2,,,,,,,,,,,189.94,3,189.97,1,189.98,6,190.14,1,190.16,2,190.17,2,190.24,1,190.25,1,190.31,1,190.44,1
2020-10-29 09:32:12,189.65,189.51,1,189.5,1,189.8,1,189.8,189.5,189.5,1,189.31,1,189.3,4,189.25,2,,,,,,,,,,,,,189.8,1,189.88,1,189.94,3,189.97,1,189.98,6,190.14,1,190.16,2,190.17,2,190.24,1,190.25,1
2020-10-29 09:32:13,189.65,189.57,1,189.5,1,189.8,1,189.8,189.5,189.5,1,189.31,1,189.3,4,189.25,2,,,,,,,,,,,,,189.8,1,189.88,1,189.94,3,189.97,1,189.98,6,190.14,1,190.16,2,190.17,2,190.24,1,190.25,1
2020-10-29 09:32:14,189.65,189.57,1,189.5,1,189.8,1,189.8,189.5,189.5,1,189.31,1,189.3,4,189.25,2,,,,,,,,,,,,,189.8,1,189.88,1,189.94,3,189.97,1,189.98,6,190.14,1,190.16,2,190.17,2,190.24,1,190.25,1
2020-10-29 09:32:15,189.65,189.57,1,189.5,1,189.8,1,189.8,189.5,189.5,1,189.31,1,189.3,4,189.25,2,,,,,,,,,,,,,189.8,1,189.88,1,189.94,3,189.97,1,189.98,6,190.14,1,190.16,2,190.17,2,190.24,1,190.25,1
2020-10-29 09:32:16,189.65,189.57,1,189.5,1,189.8,1,189.8,189.5,189.5,1,189.31,1,189.3,4,189.25,2,,,,,,,,,,,,,189.8,1,189.88,1,189.94,3,189.97,1,189.98,6,190.14,1,190.16,2,190.17,2,190.24,1,190.25,1
2020-10-29 09:32:17,189.65,189.57,1,189.5,1,189.8,1,189.8,189.5,189.5,1,189.31,1,189.3,4,189.25,2,,,,,,,,,,,,,189.8,1,189.88,1,189.94,3,189.97,1,189.98,6,190.14,1,190.16,2,190.17,2,190.24,1,190.25,1
2020-10-29 09:32:18,189.51,189.46,1,189.39,1,189.63,1,189.63,189.39,189.39,1,189.36,1,189.35,1,189.31,1,189.3,4,189.25,2,,,,,,,,,189.63,1,189.7,4,189.79,1,189.8,1,189.88,1,189.94,3,189.97,1,189.98,6,190.14,1,190.16,2
2020-10-29 09:32:19,189.47,189.46,1,189.31,2,189.63,1,189.63,189.31,189.31,2,189.3,4,189.25,2,,,,,,,,,,,,,,,189.63,1,189.66,1,189.7,4,189.79,1,189.8,1,189.88,1,189.94,3,189.97,1,189.98,6,190.14,1
2020-10-29 09:32:20,189.47,189.46,1,189.31,2,189.63,1,189.63,189.31,189.31,2,189.3,4,189.25,2,,,,,,,,,,,,,,,189.63,1,189.66,1,189.7,4,189.79,1,189.8,1,189.88,1,189.94,3,189.97,1,189.98,6,190.14,1
2020-10-29 09:32:21,189.46,189.46,1,189.3,4,189.62,1,189.62,189.3,189.3,4,189.25,2,,,,,,,,,,,,,,,,,189.62,1,189.63,1,189.66,1,189.7,4,189.79,1,189.8,1,189.88,1,189.94,3,189.97,1,189.98,6
2020-10-29 09:32:22,189.43,189.46,1,189.25,2,189.61,2,189.61,189.25,189.25,2,,,,,,,,,,,,,,,,,,,189.61,2,189.62,3,189.63,1,189.66,1,189.7,4,189.79,1,189.8,1,189.88,1,189.94,3,189.97,1
2020-10-29 09:32:23,189.43,189.46,1,189.25,2,189.61,2,189.61,189.25,189.25,2,,,,,,,,,,,,,,,,,,,189.61,2,189.62,3,189.63,1,189.66,1,189.7,4,189.79,1,189.8,1,189.88,1,189.94,3,189.97,1
2020-10-29 09:32:24,189.43,189.46,1,189.25,2,189.61,2,189.61,189.25,189.25,2,,,,,,,,,,,,,,,,,,,189.61,2,189.62,3,189.63,1,189.66,1,189.7,4,189.79,1,189.8,1,189.88,1,189.94,3,189.97,1
2020-10-29 09:32:25,189.43,189.46,1,189.25,2,189.61,2,189.61,189.25,189.25,2,,,,,,,,,,,,,,,,,,,189.61,2,189.62,3,189.63,1,189.66,1,189.7,4,189.79,1,189.8,1,189.88,1,189.94,3,189.97,1
2020-10-29 09:32:26,189.43,189.46,1,189.25,2,189.61,2,189.61,189.25,189.25,2,,,,,,,,,,,,,,,,,,,189.61,2,189.62,3,189.63,1,189.66,1,189.7,4,189.79,1,189.8,1,189.88,1,189.94,3,189.97,1
2020-10-29 09:32:27,189.43,189.46,1,189.25,2,189.61,2,189.61,189.25,189.25,2,,,,,,,,,,,,,,,,,,,189.61,2,189.62,3,189.63,1,189.66,1,189.7,4,189.79,1,189.8,1,189.88,1,189.94,3,189.97,1
2020-10-29 09:32:28,189.43,189.46,1,189.25,2,189.61,2,189.61,189.25,189.25,2,,,,,,,,,,,,,,,,,,,189.61,2,189.62,3,189.63,1,189.66,1,189.7,4,189.79,1,189.8,1,189.88,1,189.94,3,189.97,1
2020-10-29 09:32:29,189.43,189.46,1,189.25,2,189.61,2,189.61,189.25,189.25,2,,,,,,,,,,,,,,,,,,,189.61,2,189.62,3,189.63,1,189.66,1,189.7,4,189.79,1,189.8,1,189.88,1,189.94,3,189.97,1
2020-10-29 09:32:30,189.43,189.46,1,189.25,2,189.61,2,189.61,189.25,189.25,2,,,,,,,,,,,,,,,,,,,189.61,2,189.62,3,189.63,1,189.66,1,189.7,4,189.79,1,189.8,1,189.88,1,189.94,3,189.97,1
2020-10-29 09:32:31,189.43,189.46,1,189.25,2,189.61,2,189.61,189.25,189.25,2,,,,,,,,,,,,,,,,,,,189.61,2,189.62,3,189.63,1,189.66,1,189.7,4,189.79,1,189.8,1,189.88,1,189.94,3,189.97,1
2020-10-29 09:32:32,189.43,189.46,1,189.25,2,189.61,2,189.61,189.25,189.25,2,,,,,,,,,,,,,,,,,,,189.61,2,189.62,3,189.63,1,189.66,1,189.7,4,189.79,1,189.8,1,189.88,1,189.94,3,189.97,1
2020-10-29 09:32:33,189.43,189.46,1,189.25,2,189.61,2,189.61,189.25,189.25,2,,,,,,,,,,,,,,,,,,,189.61,2,189.62,3,189.63,1,189.66,1,189.7,4,189.79,1,189.8,1,189.88,1,189.94,3,189.97,1
2020-10-29 09:32:34,189.43,189.46,1,189.25,2,189.61,2,189.61,189.25,189.25,2,,,,,,,,,,,,,,,,,,,189.61,2,189.62,3,189.63,1,189.66,1,189.7,4,189.79,1,189.8,1,189.88,1,189.94,3,189.97,1
2020-10-29 09:32:35,189.425,189.46,1,189.25,4,189.6,2,189.6,189.25,189.25,4,,,,,,,,,,,,,,,,,,,189.6,2,189.61,2,189.62,3,189.63,1,189.66,1,189.7,4,189.79,1,189.8,1,189.88,1,189.94,3
2020-10-29 09:32:36,189.425,189.39,1,189.25,4,189.6,2,189.6,189.25,189.25,4,,,,,,,,,,,,,,,,,,,189.6,2,189.61,2,189.62,3,189.63,1,189.66,1,189.7,4,189.79,1,189.8,1,189.88,1,189.94,3
2020-10-29 09:32:37,189.42,189.39,1,189.25,4,189.59,2,189.59,189.25,189.25,4,,,,,,,,,,,,,,,,,,,189.59,2,189.6,2,189.61,2,189.62,3,189.63,1,189.66,1,189.7,4,189.79,1,189.8,1,189.88,1
2020-10-29 09:32:38,189.42,189.39,1,189.25,4,189.59,2,189.59,189.25,189.25,4,,,,,,,,,,,,,,,,,,,189.59,2,189.6,2,189.61,2,189.62,3,189.63,1,189.66,1,189.7,4,189.79,1,189.8,1,189.88,1
2020-10-29 09:32:39,189.42,189.42,1,189.25,4,189.59,2,189.59,189.25,189.25,4,,,,,,,,,,,,,,,,,,,189.59,2,189.6,2,189.61,2,189.62,3,189.63,1,189.66,1,189.7,4,189.79,1,189.8,1,189.88,1
2020-10-29 09:32:40,189.42,189.49,5,189.25,4,189.59,2,189.59,189.25,189.25,4,,,,,,,,,,,,,,,,,,,189.59,2,189.6,2,189.61,2,189.62,3,189.63,1,189.66,1,189.7,4,189.79,1,189.8,1,189.88,1
2020-10-29 09:32:41,189.42,189.49,5,189.25,4,189.59,2,189.59,189.25,189.25,4,,,,,,,,,,,,,,,,,,,189.59,2,189.6,2,189.61,2,189.62,3,189.63,1,189.66,1,189.7,4,189.79,1,189.8,1,189.88,1
2020-10-29 09:32:42,189.215,189.2,1,189.09,3,189.34,2,189.34,189.09,189.09,3,189.05,3,,,,,,,,,,,,,,,,,189.34,2,189.35,1,189.42,1,189.44,2,189.58,1,189.59,2,189.6,2,189.61,2,189.62,3,189.63,1
2020-10-29 09:32:43,189.215,189.3,1,189.09,2,189.34,2,189.34,189.09,189.09,2,189.05,3,,,,,,,,,,,,,,,,,189.34,2,189.35,1,189.42,1,189.44,2,189.58,1,189.59,2,189.6,2,189.61,2,189.62,3,189.63,1
2020-10-29 09:32:44,189.215,189.3,1,189.09,2,189.34,3,189.34,189.09,189.09,2,189.05,3,,,,,,,,,,,,,,,,,189.34,3,189.35,1,189.42,1,189.44,2,189.58,1,189.59,2,189.6,2,189.61,2,189.62,3,189.63,1
2020-10-29 09:32:45,189.215,189.3,1,189.09,2,189.34,3,189.34,189.09,189.09,2,189.05,3,,,,,,,,,,,,,,,,,189.34,3,189.35,1,189.42,1,189.44,2,189.58,1,189.59,2,189.6,2,189.61,2,189.62,3,189.63,1
2020-10-29 09:32:46,189.075,189.05,1,189.01,4,189.14,1,189.14,189.01,189.01,4,,,,,,,,,,,,,,,,,,,189.14,1,189.15,2,189.16,1,189.25,1,189.26,1,189.33,1,189.34,3,189.35,1,189.42,1,189.44,2
2020-10-29 09:32:47,189.065,189.0,3,189.0,6,189.13,3,189.13,189.0,189.0,6,,,,,,,,,,,,,,,,,,,189.13,3,189.14,1,189.15,2,189.16,1,189.25,1,189.26,1,189.33,1,189.34,3,189.35,1,189.42,1
2020-10-29 09:32:48,189.07,189.0,3,189.0,6,189.14,2,189.14,189.0,189.0,6,,,,,,,,,,,,,,,,,,,189.14,2,189.15,2,189.16,1,189.25,1,189.26,1,189.33,1,189.34,3,189.35,1,189.42,1,189.44,2
2020-10-29 09:32:49,189.215,189.14,1,189.01,2,189.42,2,189.42,189.01,189.01,2,189.0,9,,,,,,,,,,,,,,,,,189.42,2,189.44,2,189.58,1,189.59,2,189.6,2,189.61,2,189.62,3,189.63,1,189.66,1,189.7,4
2020-10-29 09:32:50,189.215,189.14,1,189.01,2,189.42,2,189.42,189.01,189.01,2,189.0,9,,,,,,,,,,,,,,,,,189.42,2,189.44,2,189.58,1,189.59,2,189.6,2,189.61,2,189.62,3,189.63,1,189.66,1,189.7,4
2020-10-29 09:32:51,189.215,189.14,1,189.01,2,189.42,2,189.42,189.01,189.01,2,189.0,9,,,,,,,,,,,,,,,,,189.42,2,189.44,2,189.58,1,189.59,2,189.6,2,189.61,2,189.62,3,189.63,1,189.66,1,189.7,4
2020-10-29 09:32:52,189.21,189.14,1,189.01,2,189.41,1,189.41,189.01,189.01,2,189.0,9,,,,,,,,,,,,,,,,,189.41,1,189.42,3,189.44,2,189.58,1,189.59,2,189.6,2,189.61,2,189.62,3,189.63,1,189.66,1
2020-10-29 09:32:53,189.21,189.14,1,189.01,2,189.41,1,189.41,189.01,189.01,2,189.0,9,,,,,,,,,,,,,,,,,189.41,1,189.42,3,189.44,2,189.58,1,189.59,2,189.6,2,189.61,2,189.62,3,189.63,1,189.66,1
2020-10-29 09:32:54,189.21,189.14,1,189.01,2,189.41,1,189.41,189.01,189.01,2,189.0,9,,,,,,,,,,,,,,,,,189.41,1,189.42,3,189.44,2,189.58,1,189.59,2,189.6,2,189.61,2,189.62,3,189.63,1,189.66,1
2020-10-29 09:32:55,189.21,189.14,1,189.01,2,189.41,1,189.41,189.01,189.01,2,189.0,9,,,,,,,,,,,,,,,,,189.41,1,189.42,3,189.44,2,189.58,1,189.59,2,189.6,2,189.61,2,189.62,3,189.63,1,189.66,1
2020-10-29 09:32:56,189.21,189.14,1,189.01,2,189.41,1,189.41,189.01,189.01,2,189.0,9,,,,,,,,,,,,,,,,,189.41,1,189.42,3,189.44,2,189.58,1,189.59,2,189.6,2,189.61,2,189.62,3,189.63,1,189.66,1
2020-10-29 09:32:57,189.21,189.14,1,189.01,4,189.41,1,189.41,189.01,189.01,4,189.0,9,,,,,,,,,,,,,,,,,189.41,1,189.42,3,189.44,2,189.58,1,189.59,2,189.6,2,189.61,2,189.62,3,189.63,1,189.66,1
2020-10-29 09:32:58,189.21,189.14,1,189.01,4,189.41,1,189.41,189.01,189.01,4,189.0,9,,,,,,,,,,,,,,,,,189.41,1,189.42,3,189.44,2,189.58,1,189.59,2,189.6,2,189.61,2,189.62,3,189.63,1,189.66,1
2020-10-29 09:32:59,189.21,189.14,1,189.01,4,189.41,1,189.41,189.01,189.01,4,189.0,9,,,,,,,,,,,,,,,,,189.41,1,189.42,3,189.44,2,189.58,1,189.59,2,189.6,2,189.61,2,189.62,3,189.63,1,189.66,1
2020-10-29 09:33:00,189.255,189.14,1,189.01,5,189.5,1,189.5,189.01,189.01,5,189.0,9,,,,,,,,,,,,,,,,,189.5,1,189.7,3,189.79,1,189.8,1,189.88,1,189.94,3,189.97,1,189.98,6,190.14,1,190.16,2
2020-10-29 09:33:01,189.255,189.14,1,189.01,5,189.5,3,189.5,189.01,189.01,5,189.0,9,,,,,,,,,,,,,,,,,189.5,3,189.7,3,189.79,1,189.8,1,189.88,1,189.94,3,189.97,1,189.98,6,190.14,1,190.16,2
2020-10-29 09:33:02,189.325,189.14,1,189.15,3,189.5,3,189.5,189.15,189.15,3,189.11,2,189.01,5,189.0,9,,,,,,,,,,,,,189.5,3,189.7,3,189.79,1,189.8,1,189.88,1,189.94,3,189.97,1,189.98,6,190.14,1,190.16,2
2020-10-29 09:33:03,189.32,189.14,1,189.15,3,189.49,2,189.49,189.15,189.15,3,189.11,2,189.01,5,189.0,9,,,,,,,,,,,,,189.49,2,189.5,3,189.7,3,189.79,1,189.8,1,189.88,1,189.94,3,189.97,1,189.98,6,190.14,1
2020-10-29 09:33:04,189.32,189.14,1,189.15,3,189.49,2,189.49,189.15,189.15,3,189.11,2,189.01,5,189.0,9,,,,,,,,,,,,,189.49,2,189.5,3,189.7,3,189.79,1,189.8,1,189.88,1,189.94,3,189.97,1,189.98,6,190.14,1
2020-10-29 09:33:05,189.32,189.14,1,189.15,3,189.49,2,189.49,189.15,189.15,3,189.11,2,189.01,5,189.0,9,,,,,,,,,,,,,189.49,2,189.5,3,189.7,3,189.79,1,189.8,1,189.88,1,189.94,3,189.97,1,189.98,6,190.14,1
2020-10-29 09:33:06,189.32,189.14,1,189.15,3,189.49,2,189.49,189.15,189.15,3,189.11,2,189.01,5,189.0,9,,,,,,,,,,,,,189.49,2,189.5,3,189.7,3,189.79,1,189.8,1,189.88,1,189.94,3,189.97,1,189.98,6,190.14,1
2020-10-29 09:33:07,189.32,189.14,1,189.15,3,189.49,2,189.49,189.15,189.15,3,189.11,2,189.01,5,189.0,9,,,,,,,,,,,,,189.49,2,189.5,3,189.7,3,189.79,1,189.8,1,189.88,1,189.94,3,189.97,1,189.98,6,190.14,1
2020-10-29 09:33:08,189.32,189.16,1,189.16,2,189.48,1,189.48,189.16,189.16,2,189.15,3,189.11,2,189.01,5,189.0,9,,,,,,,,,,,189.48,1,189.49,2,189.5,3,189.7,3,189.79,1,189.8,1,189.88,1,189.94,3,189.97,1,189.98,6
2020-10-29 09:33:09,189.325,189.16,1,189.16,3,189.49,2,189.49,189.16,189.16,3,189.15,3,189.11,2,189.01,5,189.0,9,,,,,,,,,,,189.49,2,189.5,3,189.7,3,189.79,1,189.8,1,189.88,1,189.94,3,189.97,1,189.98,6,190.14,1
2020-10-29 09:33:10,189.325,189.16,1,189.16,2,189.49,2,189.49,189.16,189.16,2,189.15,3,189.11,2,189.01,5,189.0,9,,,,,,,,,,,189.49,2,189.5,3,189.7,3,189.79,1,189.8,1,189.88,1,189.94,3,189.97,1,189.98,6,190.14,1
2020-10-29 09:33:11,189.325,189.16,1,189.16,2,189.49,2,189.49,189.16,189.16,2,189.15,3,189.11,2,189.01,5,189.0,9,,,,,,,,,,,189.49,2,189.5,3,189.7,3,189.79,1,189.8,1,189.88,1,189.94,3,189.97,1,189.98,6,190.14,1
2020-10-29 09:33:12,189.325,189.16,1,189.16,2,189.49,2,189.49,189.16,189.16,2,189.15,3,189.11,2,189.01,5,189.0,9,,,,,,,,,,,189.49,2,189.5,3,189.7,3,189.79,1,189.8,1,189.88,1,189.94,3,189.97,1,189.98,6,190.14,1
2020-10-29 09:33:13,189.33,189.16,1,189.17,1,189.49,2,189.49,189.17,189.17,1,189.16,2,189.15,3,189.11,2,189.01,5,189.0,9,,,,,,,,,189.49,2,189.5,3,189.7,3,189.79,1,189.8,1,189.88,1,189.94,3,189.97,1,189.98,6,190.14,1
2020-10-29 09:33:14,189.33,189.16,1,189.17,1,189.49,2,189.49,189.17,189.17,1,189.16,2,189.15,3,189.11,2,189.01,5,189.0,9,,,,,,,,,189.49,2,189.5,3,189.7,3,189.79,1,189.8,1,189.88,1,189.94,3,189.97,1,189.98,6,190.14,1
2020-10-29 09:33:15,189.33,189.33,1,189.17,4,189.49,4,189.49,189.17,189.17,4,189.16,2,189.15,3,189.11,2,189.01,5,189.0,9,,,,,,,,,189.49,4,189.5,3,189.7,3,189.79,1,189.8,1,189.88,1,189.94,3,189.97,1,189.98,6,190.14,1
2020-10-29 09:33:16,189.33,189.33,1,189.17,4,189.49,4,189.49,189.17,189.17,4,189.16,2,189.15,3,189.11,2,189.01,5,189.0,9,,,,,,,,,189.49,4,189.5,3,189.7,3,189.79,1,189.8,1,189.88,1,189.94,3,189.97,1,189.98,6,190.14,1
2020-10-29 09:33:17,189.33,189.33,1,189.17,4,189.49,4,189.49,189.17,189.17,4,189.16,2,189.15,3,189.11,2,189.01,5,189.0,9,,,,,,,,,189.49,4,189.5,3,189.7,3,189.79,1,189.8,1,189.88,1,189.94,3,189.97,1,189.98,6,190.14,1
2020-10-29 09:33:18,189.33,189.33,1,189.17,4,189.49,4,189.49,189.17,189.17,4,189.16,2,189.15,3,189.11,2,189.01,5,189.0,9,,,,,,,,,189.49,4,189.5,3,189.7,3,189.79,1,189.8,1,189.88,1,189.94,3,189.97,1,189.98,6,190.14,1
2020-10-29 09:33:19,189.33,189.33,1,189.17,4,189.49,4,189.49,189.17,189.17,4,189.16,2,189.15,3,189.11,2,189.01,5,189.0,9,,,,,,,,,189.49,4,189.5,3,189.7,3,189.79,1,189.8,1,189.88,1,189.94,3,189.97,1,189.98,6,190.14,1
2020-10-29 09:33:20,189.52,189.49,1,189.29,2,189.75,5,189.75,189.29,189.29,2,189.28,7,189.17,4,189.16,2,189.15,3,189.11,2,189.01,5,189.0,9,,,,,189.75,5,189.79,1,189.8,1,189.88,1,189.94,3,189.97,1,189.98,6,190.14,1,190.16,2,190.17,2
2020-10-29 09:33:21,189.525,189.55,1,189.3,4,189.75,4,189.75,189.3,189.3,4,189.29,2,189.28,7,189.17,4,189.16,2,189.15,3,189.11,2,189.01,5,189.0,9,,,189.75,4,189.79,1,189.8,1,189.88,1,189.94,3,189.97,1,189.98,6,190.14,1,190.16,2,190.17,2
2020-10-29 09:33:22,189.525,189.55,1,189.3,4,189.75,4,189.75,189.3,189.3,4,189.29,2,189.28,7,189.17,4,189.16,2,189.15,3,189.11,2,189.01,5,189.0,9,,,189.75,4,189.79,1,189.8,1,189.88,1,189.94,3,189.97,1,189.98,6,190.14,1,190.16,2,190.17,2
2020-10-29 09:33:23,189.54,189.55,1,189.33,1,189.75,4,189.75,189.33,189.33,1,189.3,4,189.29,2,189.28,7,189.17,4,189.16,2,189.15,3,189.11,2,189.01,5,189.0,9,189.75,4,189.79,1,189.8,1,189.88,1,189.94,3,189.97,1,189.98,6,190.14,1,190.16,2,190.17,2
2020-10-29 09:33:24,189.54,189.55,1,189.33,5,189.75,4,189.75,189.33,189.33,5,189.3,4,189.29,2,189.28,7,189.17,4,189.16,2,189.15,3,189.11,2,189.01,5,189.0,9,189.75,4,189.79,1,189.8,1,189.88,1,189.94,3,189.97,1,189.98,6,190.14,1,190.16,2,190.17,2
2020-10-29 09:33:25,189.55,189.55,1,189.35,4,189.75,4,189.75,189.35,189.35,4,189.34,6,189.33,5,189.3,4,189.29,2,189.28,7,189.17,4,189.16,2,189.15,3,189.11,2,189.75,4,189.79,1,189.8,1,189.88,1,189.94,3,189.97,1,189.98,6,190.14,1,190.16,2,190.17,2
2020-10-29 09:33:26,189.55,189.55,1,189.35,4,189.75,4,189.75,189.35,189.35,4,189.34,6,189.33,5,189.3,4,189.29,2,189.28,7,189.17,4,189.16,2,189.15,3,189.11,2,189.75,4,189.79,1,189.8,1,189.88,1,189.94,3,189.97,1,189.98,6,190.14,1,190.16,2,190.17,2
2020-10-29 09:33:27,189.56,189.62,1,189.37,5,189.75,4,189.75,189.37,189.37,5,189.36,5,189.35,4,189.34,6,189.33,5,189.3,4,189.29,2,189.28,7,189.17,4,189.16,2,189.75,4,189.79,1,189.8,1,189.88,1,189.94,3,189.97,1,189.98,6,190.14,1,190.16,2,190.17,2
2020-10-29 09:33:28,189.56,189.62,1,189.37,5,189.75,4,189.75,189.37,189.37,5,189.36,5,189.35,4,189.34,6,189.33,5,189.3,4,189.29,2,189.28,7,189.17,4,189.16,2,189.75,4,189.79,1,189.8,1,189.88,1,189.94,3,189.97,1,189.98,6,190.14,1,190.16,2,190.17,2
2020-10-29 09:33:29,189.575,189.62,1,189.38,5,189.77,2,189.77,189.38,189.38,5,189.37,5,189.36,5,189.35,4,189.34,6,189.33,5,189.3,4,189.29,2,189.28,7,189.17,4,189.77,2,189.79,1,189.8,1,189.88,1,189.94,3,189.97,1,189.98,6,190.14,1,190.16,2,190.17,2
2020-10-29 09:33:30,189.575,189.62,1,189.38,5,189.77,2,189.77,189.38,189.38,5,189.37,5,189.36,5,189.35,4,189.34,6,189.33,5,189.3,4,189.29,2,189.28,7,189.17,4,189.77,2,189.79,1,189.8,1,189.88,1,189.94,3,189.97,1,189.98,6,190.14,1,190.16,2,190.17,2
2020-10-29 09:33:31,189.57,189.62,1,189.38,6,189.76,1,189.76,189.38,189.38,6,189.37,5,189.36,5,189.35,4,189.34,6,189.33,5,189.3,4,189.29,2,189.28,7,189.17,4,189.76,1,189.77,2,189.79,1,189.8,1,189.88,1,189.94,3,189.97,1,189.98,6,190.14,1,190.16,2
2020-10-29 09:33:32,189.575,189.76,1,189.38,6,189.77,2,189.77,189.38,189.38,6,189.37,5,189.36,5,189.35,4,189.34,6,189.33,5,189.3,4,189.29,2,189.28,7,189.17,4,189.77,2,189.79,1,189.8,1,189.88,1,189.94,3,189.97,1,189.98,6,190.14,1,190.16,2,190.17,2
2020-10-29 09:33:33,189.575,189.76,1,189.38,6,189.77,2,189.77,189.38,189.38,6,189.37,5,189.36,5,189.35,4,189.34,6,189.33,5,189.3,4,189.29,2,189.28,7,189.17,4,189.77,2,189.79,1,189.8,1,189.88,1,189.94,3,189.97,1,189.98,6,190.14,1,190.16,2,190.17,2
2020-10-29 09:33:34,189.57,189.57,2,189.38,6,189.76,1,189.76,189.38,189.38,6,189.37,5,189.36,5,189.35,4,189.34,6,189.33,5,189.3,4,189.29,2,189.28,7,189.17,4,189.76,1,189.77,2,189.79,1,189.8,1,189.88,1,189.94,3,189.97,1,189.98,6,190.14,1,190.16,2
2020-10-29 09:33:35,189.57,189.57,2,189.38,6,189.76,1,189.76,189.38,189.38,6,189.37,5,189.36,5,189.35,4,189.34,6,189.33,5,189.3,4,189.29,2,189.28,7,189.17,4,189.76,1,189.77,2,189.79,1,189.8,1,189.88,1,189.94,3,189.97,1,189.98,6,190.14,1,190.16,2
2020-10-29 09:33:36,189.57,189.57,2,189.38,6,189.76,1,189.76,189.38,189.38,6,189.37,5,189.36,5,189.35,4,189.34,6,189.33,5,189.3,4,189.29,2,189.28,7,189.17,4,189.76,1,189.77,2,189.79,1,189.8,1,189.88,1,189.94,3,189.97,1,189.98,6,190.14,1,190.16,2
2020-10-29 09:33:37,189.57,189.57,1,189.38,6,189.76,1,189.76,189.38,189.38,6,189.37,5,189.36,5,189.35,4,189.34,6,189.33,5,189.3,4,189.29,2,189.28,7,189.17,4,189.76,1,189.77,2,189.79,1,189.8,1,189.88,1,189.94,3,189.97,1,189.98,6,190.14,1,190.16,2
2020-10-29 09:33:38,189.57,189.57,1,189.38,5,189.76,1,189.76,189.38,189.38,5,189.37,5,189.36,5,189.35,4,189.34,6,189.33,5,189.3,4,189.29,2,189.28,7,189.17,4,189.76,1,189.77,2,189.79,1,189.8,1,189.88,1,189.94,3,189.97,1,189.98,6,190.14,1,190.16,2
2020-10-29 09:33:39,189.345,189.46,1,189.15,2,189.54,2,189.54,189.15,189.15,2,189.11,2,189.01,5,189.0,9,,,,,,,,,,,,,189.54,2,189.55,1,189.58,3,189.59,1,189.69,2,189.76,3,189.77,2,189.79,1,189.8,1,189.88,1
2020-10-29 09:33:40,189.475,189.46,1,189.19,2,189.76,5,189.76,189.19,189.19,2,189.15,2,189.11,2,189.01,5,189.0,9,,,,,,,,,,,189.76,5,189.77,2,189.79,1,189.8,1,189.88,1,189.94,3,189.97,1,189.98,6,190.14,1,190.16,2
2020-10-29 09:33:41,189.475,189.48,1,189.19,3,189.76,5,189.76,189.19,189.19,3,189.15,2,189.11,2,189.01,5,189.0,9,,,,,,,,,,,189.76,5,189.77,2,189.79,1,189.8,1,189.88,1,189.94,3,189.97,1,189.98,6,190.14,1,190.16,2
2020-10-29 09:33:42,189.495,189.48,1,189.23,3,189.76,5,189.76,189.23,189.23,3,189.19,3,189.15,2,189.11,2,189.01,5,189.0,9,,,,,,,,,189.76,5,189.77,2,189.79,1,189.8,1,189.88,1,189.94,3,189.97,1,189.98,6,190.14,1,190.16,2
2020-10-29 09:33:43,189.495,189.48,1,189.23,3,189.76,5,189.76,189.23,189.23,3,189.19,3,189.15,2,189.11,2,189.01,5,189.0,9,,,,,,,,,189.76,5,189.77,2,189.79,1,189.8,1,189.88,1,189.94,3,189.97,1,189.98,6,190.14,1,190.16,2
2020-10-29 09:33:44,189.515,189.48,1,189.27,1,189.76,8,189.76,189.27,189.27,1,189.23,3,189.19,3,189.15,2,189.11,2,189.01,5,189.0,9,,,,,,,189.76,8,189.77,2,189.79,1,189.8,1,189.88,1,189.94,3,189.97,1,189.98,6,190.14,1,190.16,2
2020-10-29 09:33:45,189.53,189.52,1,189.3,1,189.76,10,189.76,189.3,189.3,1,189.29,1,189.28,1,189.27,1,189.23,3,189.19,3,189.15,2,189.11,2,189.01,5,189.0,9,189.76,10,189.77,2,189.79,1,189.8,1,189.88,1,189.94,3,189.97,1,189.98,6,190.14,1,190.16,2
2020-10-29 09:33:46,189.52,189.73,1,189.28,1,189.76,11,189.76,189.28,189.28,1,189.27,4,189.23,3,189.19,3,189.15,2,189.11,2,189.01,5,189.0,9,,,,,189.76,11,189.77,2,189.79,1,189.8,1,189.88,1,189.94,3,189.97,1,189.98,6,190.14,1,190.16,2
2020-10-29 09:33:47,189.53,189.73,1,189.3,2,189.76,11,189.76,189.3,189.3,2,189.29,4,189.27,4,189.23,3,189.19,3,189.15,2,189.11,2,189.01,5,189.0,9,,,189.76,11,189.77,2,189.79,1,189.8,1,189.88,1,189.94,3,189.97,1,189.98,6,190.14,1,190.16,2
2020-10-29 09:33:48,189.535,189.73,1,189.31,1,189.76,11,189.76,189.31,189.31,1,189.3,3,189.29,4,189.27,4,189.23,3,189.19,3,189.15,2,189.11,2,189.01,5,189.0,9,189.76,11,189.77,2,189.79,1,189.8,1,189.88,1,189.94,3,189.97,1,189.98,6,190.14,1,190.16,2
2020-10-29 09:33:49,189.565,189.57,1,189.37,5,189.76,11,189.76,189.37,189.37,5,189.31,1,189.3,3,189.29,4,189.27,4,189.23,3,189.19,3,189.15,2,189.11,2,189.01,5,189.76,11,189.77,2,189.79,1,189.8,1,189.88,1,189.94,3,189.97,1,189.98,6,190.14,1,190.16,2
2020-10-29 09:33:50,189.565,189.57,1,189.37,5,189.76,11,189.76,189.37,189.37,5,189.31,1,189.3,3,189.29,4,189.27,4,189.23,3,189.19,3,189.15,2,189.11,2,189.01,5,189.76,11,189.77,2,189.79,1,189.8,1,189.88,1,189.94,3,189.97,1,189.98,6,190.14,1,190.16,2
2020-10-29 09:33:51,189.565,189.57,1,189.37,5,189.76,11,189.76,189.37,189.37,5,189.31,1,189.3,3,189.29,4,189.27,4,189.23,3,189.19,3,189.15,2,189.11,2,189.01,5,189.76,11,189.77,2,189.79,1,189.8,1,189.88,1,189.94,3,189.97,1,189.98,6,190.14,1,190.16,2
2020-10-29 09:33:52,189.565,189.57,1,189.37,6,189.76,11,189.76,189.37,189.37,6,189.31,1,189.3,3,189.29,4,189.27,4,189.23,3,189.19,3,189.15,2,189.11,2,189.01,5,189.76,11,189.77,2,189.79,1,189.8,1,189.88,1,189.94,3,189.97,1,189.98,6,190.14,1,190.16,2
2020-10-29 09:33:53,189.565,189.46,1,189.37,6,189.76,12,189.76,189.37,189.37,6,189.31,1,189.3,3,189.29,4,189.27,4,189.23,3,189.19,3,189.15,2,189.11,2,189.01,5,189.76,12,189.77,2,189.79,1,189.8,1,189.88,1,189.94,3,189.97,1,189.98,6,190.14,1,190.16,2
2020-10-29 09:33:54,189.565,189.46,1,189.37,6,189.76,12,189.76,189.37,189.37,6,189.31,1,189.3,3,189.29,4,189.27,4,189.23,3,189.19,3,189.15,2,189.11,2,189.01,5,189.76,12,189.77,2,189.79,1,189.8,1,189.88,1,189.94,3,189.97,1,189.98,6,190.14,1,190.16,2
2020-10-29 09:33:55,189.565,189.46,1,189.37,6,189.76,11,189.76,189.37,189.37,6,189.31,1,189.3,3,189.29,4,189.27,4,189.23,3,189.19,3,189.15,2,189.11,2,189.01,5,189.76,11,189.77,2,189.79,1,189.8,1,189.88,1,189.94,3,189.97,1,189.98,6,190.14,1,190.16,2
2020-10-29 09:33:56,189.57,189.46,1,189.38,3,189.76,11,189.76,189.38,189.38,3,189.37,9,189.31,1,189.3,3,189.29,4,189.27,4,189.23,3,189.19,3,189.15,2,189.11,2,189.76,11,189.77,2,189.79,1,189.8,1,189.88,1,189.94,3,189.97,1,189.98,6,190.14,1,190.16,2
2020-10-29 09:33:57,189.565,189.46,1,189.37,9,189.76,12,189.76,189.37,189.37,9,189.31,1,189.3,3,189.29,4,189.27,4,189.23,3,189.19,3,189.15,2,189.11,2,189.01,5,189.76,12,189.77,2,189.79,1,189.8,1,189.88,1,189.94,3,189.97,1,189.98,6,190.14,1,190.16,2
2020-10-29 09:33:58,189.565,189.46,1,189.37,9,189.76,12,189.76,189.37,189.37,9,189.31,1,189.3,3,189.29,4,189.27,4,189.23,3,189.19,3,189.15,2,189.11,2,189.01,5,189.76,12,189.77,2,189.79,1,189.8,1,189.88,1,189.94,3,189.97,1,189.98,6,190.14,1,190.16,2
2020-10-29 09:33:59,189.57,189.46,1,189.38,2,189.76,12,189.76,189.38,189.38,2,189.37,9,189.31,1,189.3,3,189.29,4,189.27,4,189.23,3,189.19,3,189.15,2,189.11,2,189.76,12,189.77,2,189.79,1,189.8,1,189.88,1,189.94,3,189.97,1,189.98,6,190.14,1,190.16,2
2020-10-29 09:34:00,189.57,189.46,1,189.38,2,189.76,12,189.76,189.38,189.38,2,189.37,9,189.31,1,189.3,3,189.29,4,189.27,4,189.23,3,189.19,3,189.15,2,189.11,2,189.76,12,189.77,2,189.79,1,189.8,1,189.88,1,189.94,3,189.97,1,189.98,6,190.14,1,190.16,2
2020-10-29 09:34:01,189.63,189.46,1,189.5,3,189.76,12,189.76,189.5,189.5,3,189.38,2,189.37,9,189.31,1,189.3,3,189.29,4,189.27,4,189.23,3,189.19,3,189.15,2,189.76,12,189.77,2,189.79,1,189.8,1,189.88,1,189.94,3,189.97,1,189.98,6,190.14,1,190.16,2
2020-10-29 09:34:02,189.345,189.36,1,189.2,4,189.49,2,189.49,189.2,189.2,4,189.18,1,189.15,2,189.11,2,189.01,5,189.0,9,,,,,,,,,189.49,2,189.5,2,189.62,1,189.66,1,189.67,1,189.75,1,189.76,12,189.77,2,189.79,1,189.8,1
2020-10-29 09:34:03,189.4,189.4,1,189.21,3,189.59,1,189.59,189.21,189.21,3,189.2,6,189.18,1,189.15,2,189.11,2,189.01,5,189.0,9,,,,,,,189.59,1,189.62,1,189.66,1,189.67,1,189.75,1,189.76,12,189.77,2,189.79,1,189.8,1,189.88,1
2020-10-29 09:34:04,189.4,189.4,1,189.21,3,189.59,1,189.59,189.21,189.21,3,189.2,6,189.18,1,189.15,2,189.11,2,189.01,5,189.0,9,,,,,,,189.59,1,189.62,1,189.66,1,189.67,1,189.75,1,189.76,12,189.77,2,189.79,1,189.8,1,189.88,1
2020-10-29 09:34:05,189.465,189.4,1,189.21,4,189.72,3,189.72,189.21,189.21,4,189.2,6,189.18,1,189.15,2,189.11,2,189.01,5,189.0,9,,,,,,,189.72,3,189.73,2,189.75,1,189.76,12,189.77,2,189.79,1,189.8,1,189.88,1,189.94,3,189.97,1
2020-10-29 09:34:06,189.465,189.4,1,189.21,4,189.72,3,189.72,189.21,189.21,4,189.2,6,189.18,1,189.15,2,189.11,2,189.01,5,189.0,9,,,,,,,189.72,3,189.73,2,189.75,1,189.76,12,189.77,2,189.79,1,189.8,1,189.88,1,189.94,3,189.97,1
2020-10-29 09:34:07,189.515,189.4,1,189.31,2,189.72,5,189.72,189.31,189.31,2,189.3,4,189.21,4,189.2,6,189.18,1,189.15,2,189.11,2,189.01,5,189.0,9,,,189.72,5,189.73,2,189.75,1,189.76,12,189.77,2,189.79,1,189.8,1,189.88,1,189.94,3,189.97,1
2020-10-29 09:34:08,189.515,189.4,1,189.31,3,189.72,4,189.72,189.31,189.31,3,189.3,4,189.21,4,189.2,6,189.18,1,189.15,2,189.11,2,189.01,5,189.0,9,,,189.72,4,189.73,2,189.75,1,189.76,12,189.77,2,189.79,1,189.8,1,189.88,1,189.94,3,189.97,1
2020-10-29 09:34:09,189.515,189.4,1,189.31,3,189.72,4,189.72,189.31,189.31,3,189.3,4,189.21,4,189.2,6,189.18,1,189.15,2,189.11,2,189.01,5,189.0,9,,,189.72,4,189.73,2,189.75,1,189.76,12,189.77,2,189.79,1,189.8,1,189.88,1,189.94,3,189.97,1
2020-10-29 09:34:10,189.515,189.4,1,189.31,3,189.72,4,189.72,189.31,189.31,3,189.3,4,189.21,4,189.2,6,189.18,1,189.15,2,189.11,2,189.01,5,189.0,9,,,189.72,4,189.73,2,189.75,1,189.76,12,189.77,2,189.79,1,189.8,1,189.88,1,189.94,3,189.97,1
2020-10-29 09:34:11,189.515,189.4,1,189.31,3,189.72,4,189.72,189.31,189.31,3,189.3,4,189.21,4,189.2,6,189.18,1,189.15,2,189.11,2,189.01,5,189.0,9,,,189.72,4,189.73,2,189.75,1,189.76,12,189.77,2,189.79,1,189.8,1,189.88,1,189.94,3,189.97,1
2020-10-29 09:34:12,189.515,189.4,1,189.31,3,189.72,4,189.72,189.31,189.31,3,189.3,4,189.21,4,189.2,6,189.18,1,189.15,2,189.11,2,189.01,5,189.0,9,,,189.72,4,189.73,2,189.75,1,189.76,12,189.77,2,189.79,1,189.8,1,189.88,1,189.94,3,189.97,1
2020-10-29 09:34:13,189.455,189.4,1,189.3,2,189.61,5,189.61,189.3,189.3,2,189.21,4,189.2,6,189.18,1,189.15,2,189.11,2,189.01,5,189.0,9,,,,,189.61,5,189.71,3,189.72,4,189.73,2,189.75,1,189.76,12,189.77,2,189.79,1,189.8,1,189.88,1
2020-10-29 09:34:14,189.455,189.59,1,189.3,2,189.61,5,189.61,189.3,189.3,2,189.21,4,189.2,6,189.18,1,189.15,2,189.11,2,189.01,5,189.0,9,,,,,189.61,5,189.71,3,189.72,4,189.73,2,189.75,1,189.76,12,189.77,2,189.79,1,189.8,1,189.88,1
2020-10-29 09:34:15,189.455,189.59,1,189.3,2,189.61,5,189.61,189.3,189.3,2,189.21,4,189.2,6,189.18,1,189.15,2,189.11,2,189.01,5,189.0,9,,,,,189.61,5,189.71,3,189.72,4,189.73,2,189.75,1,189.76,12,189.77,2,189.79,1,189.8,1,189.88,1
2020-10-29 09:34:16,189.455,189.59,1,189.3,2,189.61,5,189.61,189.3,189.3,2,189.21,4,189.2,6,189.18,1,189.15,2,189.11,2,189.01,5,189.0,9,,,,,189.61,5,189.71,3,189.72,4,189.73,2,189.75,1,189.76,12,189.77,2,189.79,1,189.8,1,189.88,1
2020-10-29 09:34:17,189.455,189.59,1,189.3,2,189.61,5,189.61,189.3,189.3,2,189.21,4,189.2,6,189.18,1,189.15,2,189.11,2,189.01,5,189.0,9,,,,,189.61,5,189.71,3,189.72,4,189.73,2,189.75,1,189.76,12,189.77,2,189.79,1,189.8,1,189.88,1
2020-10-29 09:34:18,189.455,189.59,1,189.3,2,189.61,5,189.61,189.3,189.3,2,189.21,4,189.2,6,189.18,1,189.15,2,189.11,2,189.01,5,189.0,9,,,,,189.61,5,189.71,3,189.72,4,189.73,2,189.75,1,189.76,12,189.77,2,189.79,1,189.8,1,189.88,1
2020-10-29 09:34:19,189.455,189.59,1,189.3,2,189.61,5,189.61,189.3,189.3,2,189.21,4,189.2,6,189.18,1,189.15,2,189.11,2,189.01,5,189.0,9,,,,,189.61,5,189.71,3,189.72,4,189.73,2,189.75,1,189.76,12,189.77,2,189.79,1,189.8,1,189.88,1
2020-10-29 09:34:20,189.455,189.59,1,189.3,3,189.61,7,189.61,189.3,189.3,3,189.21,4,189.2,6,189.18,1,189.15,2,189.11,2,189.01,5,189.0,9,,,,,189.61,7,189.71,3,189.72,4,189.73,2,189.75,1,189.76,12,189.77,2,189.79,1,189.8,1,189.88,1
2020-10-29 09:34:21,189.455,189.59,1,189.3,4,189.61,7,189.61,189.3,189.3,4,189.21,4,189.2,6,189.18,1,189.15,2,189.11,2,189.01,5,189.0,9,,,,,189.61,7,189.71,3,189.72,4,189.73,2,189.75,1,189.76,12,189.77,2,189.79,1,189.8,1,189.88,1
2020-10-29 09:34:22,189.455,189.59,1,189.3,4,189.61,7,189.61,189.3,189.3,4,189.21,4,189.2,6,189.18,1,189.15,2,189.11,2,189.01,5,189.0,9,,,,,189.61,7,189.71,3,189.72,4,189.73,2,189.75,1,189.76,12,189.77,2,189.79,1,189.8,1,189.88,1
2020-10-29 09:34:23,189.455,189.59,1,189.3,4,189.61,7,189.61,189.3,189.3,4,189.21,4,189.2,6,189.18,1,189.15,2,189.11,2,189.01,5,189.0,9,,,,,189.61,7,189.71,3,189.72,4,189.73,2,189.75,1,189.76,12,189.77,2,189.79,1,189.8,1,189.88,1
2020-10-29 09:34:24,189.455,189.59,1,189.3,4,189.61,7,189.61,189.3,189.3,4,189.21,4,189.2,6,189.18,1,189.15,2,189.11,2,189.01,5,189.0,9,,,,,189.61,7,189.71,3,189.72,4,189.73,2,189.75,1,189.76,12,189.77,2,189.79,1,189.8,1,189.88,1
2020-10-29 09:34:25,189.455,189.59,1,189.3,4,189.61,7,189.61,189.3,189.3,4,189.21,4,189.2,6,189.18,1,189.15,2,189.11,2,189.01,5,189.0,9,,,,,189.61,7,189.71,3,189.72,4,189.73,2,189.75,1,189.76,12,189.77,2,189.79,1,189.8,1,189.88,1
2020-10-29 09:34:26,189.455,189.59,1,189.3,4,189.61,7,189.61,189.3,189.3,4,189.21,4,189.2,6,189.18,1,189.15,2,189.11,2,189.01,5,189.0,9,,,,,189.61,7,189.71,3,189.72,4,189.73,2,189.75,1,189.76,12,189.77,2,189.79,1,189.8,1,189.88,1
2020-10-29 09:34:27,189.455,189.46,7,189.3,4,189.61,7,189.61,189.3,189.3,4,189.21,4,189.2,6,189.18,1,189.15,2,189.11,2,189.01,5,189.0,9,,,,,189.61,7,189.71,3,189.72,4,189.73,2,189.75,1,189.76,12,189.77,2,189.79,1,189.8,1,189.88,1
2020-10-29 09:34:28,189.455,189.46,7,189.3,4,189.61,7,189.61,189.3,189.3,4,189.21,4,189.2,6,189.18,1,189.15,2,189.11,2,189.01,5,189.0,9,,,,,189.61,7,189.71,3,189.72,4,189.73,2,189.75,1,189.76,12,189.77,2,189.79,1,189.8,1,189.88,1
2020-10-29 09:34:29,189.455,189.46,7,189.3,4,189.61,7,189.61,189.3,189.3,4,189.21,4,189.2,6,189.18,1,189.15,2,189.11,2,189.01,5,189.0,9,,,,,189.61,7,189.71,3,189.72,4,189.73,2,189.75,1,189.76,12,189.77,2,189.79,1,189.8,1,189.88,1
2020-10-29 09:34:30,189.455,189.46,7,189.3,4,189.61,7,189.61,189.3,189.3,4,189.21,4,189.2,6,189.18,1,189.15,2,189.11,2,189.01,5,189.0,9,,,,,189.61,7,189.71,3,189.72,4,189.73,2,189.75,1,189.76,12,189.77,2,189.79,1,189.8,1,189.88,1
2020-10-29 09:34:31,189.455,189.46,7,189.3,4,189.61,7,189.61,189.3,189.3,4,189.21,4,189.2,6,189.18,1,189.15,2,189.11,2,189.01,5,189.0,9,,,,,189.61,7,189.71,3,189.72,4,189.73,2,189.75,1,189.76,12,189.77,2,189.79,1,189.8,1,189.88,1
2020-10-29 09:34:32,189.455,189.46,7,189.3,4,189.61,8,189.61,189.3,189.3,4,189.21,4,189.2,6,189.18,1,189.15,2,189.11,2,189.01,5,189.0,9,,,,,189.61,8,189.71,3,189.72,4,189.73,2,189.75,1,189.76,12,189.77,2,189.79,1,189.8,1,189.88,1
2020-10-29 09:34:33,189.455,189.46,7,189.3,4,189.61,8,189.61,189.3,189.3,4,189.21,4,189.2,6,189.18,1,189.15,2,189.11,2,189.01,5,189.0,9,,,,,189.61,8,189.71,3,189.72,4,189.73,2,189.75,1,189.76,12,189.77,2,189.79,1,189.8,1,189.88,1
2020-10-29 09:34:34,189.455,189.5,5,189.3,5,189.61,10,189.61,189.3,189.3,5,189.21,4,189.2,6,189.18,1,189.15,2,189.11,2,189.01,5,189.0,9,,,,,189.61,10,189.71,3,189.72,4,189.73,2,189.75,1,189.76,12,189.77,2,189.79,1,189.8,1,189.88,1
2020-10-29 09:34:35,189.455,189.5,5,189.3,5,189.61,10,189.61,189.3,189.3,5,189.21,4,189.2,6,189.18,1,189.15,2,189.11,2,189.01,5,189.0,9,,,,,189.61,10,189.71,3,189.72,4,189.73,2,189.75,1,189.76,12,189.77,2,189.79,1,189.8,1,189.88,1
2020-10-29 09:34:36,189.425,189.5,1,189.3,5,189.55,3,189.55,189.3,189.3,5,189.21,4,189.2,6,189.18,1,189.15,2,189.11,2,189.01,5,189.0,9,,,,,189.55,3,189.56,3,189.61,9,189.71,3,189.72,4,189.73,2,189.75,1,189.76,12,189.77,2,189.79,1
2020-10-29 09:34:37,189.27,189.3,4,189.15,1,189.39,1,189.39,189.15,189.15,1,189.11,2,189.01,5,189.0,9,,,,,,,,,,,,,189.39,1,189.42,3,189.43,1,189.45,1,189.46,1,189.5,2,189.54,1,189.55,3,189.56,3,189.61,9
2020-10-29 09:34:38,189.15,189.15,1,189.05,1,189.25,2,189.25,189.05,189.05,1,189.01,5,189.0,9,,,,,,,,,,,,,,,189.25,2,189.26,5,189.27,2,189.38,1,189.39,1,189.42,3,189.43,1,189.45,1,189.46,1,189.5,2
2020-10-29 09:34:39,188.885,188.8,2,188.77,2,189.0,6,189.0,188.77,188.77,2,,,,,,,,,,,,,,,,,,,189.0,6,189.01,6,189.12,2,189.25,3,189.26,5,189.27,2,189.38,1,189.39,1,189.42,3,189.43,1
2020-10-29 09:34:40,188.875,188.8,2,188.75,1,189.0,8,189.0,188.75,188.75,1,188.67,1,,,,,,,,,,,,,,,,,189.0,8,189.01,6,189.12,2,189.25,3,189.26,5,189.27,2,189.38,1,189.39,1,189.42,3,189.43,1
2020-10-29 09:34:41,188.875,188.8,2,188.75,1,189.0,8,189.0,188.75,188.75,1,188.67,1,,,,,,,,,,,,,,,,,189.0,8,189.01,6,189.12,2,189.25,3,189.26,5,189.27,2,189.38,1,189.39,1,189.42,3,189.43,1
2020-10-29 09:34:42,189.01,188.84,2,188.84,3,189.18,1,189.18,188.84,188.84,3,188.83,3,188.76,4,188.75,3,188.67,1,,,,,,,,,,,189.18,1,189.19,3,189.24,1,189.25,2,189.26,5,189.27,2,189.38,1,189.39,1,189.42,3,189.43,1
2020-10-29 09:34:43,189.01,188.84,2,188.84,4,189.18,2,189.18,188.84,188.84,4,188.83,3,188.76,4,188.75,3,188.67,1,,,,,,,,,,,189.18,2,189.19,3,189.24,1,189.25,2,189.26,5,189.27,2,189.38,1,189.39,1,189.42,3,189.43,1
2020-10-29 09:34:44,189.01,188.84,2,188.84,4,189.18,2,189.18,188.84,188.84,4,188.83,3,188.76,4,188.75,3,188.67,1,,,,,,,,,,,189.18,2,189.19,3,189.24,1,189.25,2,189.26,5,189.27,2,189.38,1,189.39,1,189.42,3,189.43,1
2020-10-29 09:34:45,189.01,188.84,2,188.84,4,189.18,2,189.18,188.84,188.84,4,188.83,3,188.76,4,188.75,3,188.67,1,,,,,,,,,,,189.18,2,189.19,3,189.24,1,189.25,2,189.26,5,189.27,2,189.38,1,189.39,1,189.42,3,189.43,1
2020-10-29 09:34:46,189.01,188.84,2,188.84,4,189.18,2,189.18,188.84,188.84,4,188.83,3,188.76,4,188.75,3,188.67,1,,,,,,,,,,,189.18,2,189.19,3,189.24,1,189.25,2,189.26,5,189.27,2,189.38,1,189.39,1,189.42,3,189.43,1
2020-10-29 09:34:47,189.01,188.84,2,188.84,4,189.18,2,189.18,188.84,188.84,4,188.83,3,188.76,4,188.75,3,188.67,1,,,,,,,,,,,189.18,2,189.19,3,189.24,1,189.25,2,189.26,5,189.27,2,189.38,1,189.39,1,189.42,3,189.43,1
2020-10-29 09:34:48,189.01,188.84,2,188.84,4,189.18,2,189.18,188.84,188.84,4,188.83,3,188.76,4,188.75,3,188.67,1,,,,,,,,,,,189.18,2,189.19,3,189.24,1,189.25,2,189.26,5,189.27,2,189.38,1,189.39,1,189.42,3,189.43,1
2020-10-29 09:34:49,188.945,188.84,1,188.83,6,189.06,1,189.06,188.83,188.83,6,188.76,4,188.75,3,188.67,1,,,,,,,,,,,,,189.06,1,189.07,1,189.11,1,189.17,1,189.18,5,189.19,3,189.24,1,189.25,2,189.26,5,189.27,2
2020-10-29 09:34:50,188.875,188.87,9,188.69,5,189.06,3,189.06,188.69,188.69,5,188.67,1,,,,,,,,,,,,,,,,,189.06,3,189.07,1,189.11,1,189.17,1,189.18,5,189.19,3,189.24,1,189.25,2,189.26,5,189.27,2
2020-10-29 09:34:51,188.875,188.87,9,188.69,4,189.06,3,189.06,188.69,188.69,4,188.67,1,,,,,,,,,,,,,,,,,189.06,3,189.07,1,189.11,1,189.17,1,189.18,5,189.19,3,189.24,1,189.25,2,189.26,5,189.27,2
2020-10-29 09:34:52,188.835,188.89,2,188.7,3,188.97,2,188.97,188.7,188.7,3,188.69,2,188.67,1,,,,,,,,,,,,,,,188.97,2,189.05,1,189.06,3,189.07,1,189.11,1,189.17,1,189.18,5,189.19,3,189.24,1,189.25,2
2020-10-29 09:34:53,188.835,188.89,2,188.7,2,188.97,2,188.97,188.7,188.7,2,188.69,2,188.67,1,,,,,,,,,,,,,,,188.97,2,189.05,1,189.06,3,189.07,1,189.11,1,189.17,1,189.18,5,189.19,3,189.24,1,189.25,2
2020-10-29 09:34:54,188.815,188.69,1,188.69,1,188.94,1,188.94,188.69,188.69,1,188.67,1,,,,,,,,,,,,,,,,,188.94,1,188.97,2,189.05,1,189.06,3,189.07,1,189.11,1,189.17,1,189.18,5,189.19,3,189.24,1
2020-10-29 09:34:55,188.745,188.68,1,188.67,1,188.82,1,188.82,188.67,188.67,1,,,,,,,,,,,,,,,,,,,188.82,1,188.93,1,188.94,3,188.97,2,189.05,1,189.06,3,189.07,1,189.11,1,189.17,1,189.18,5
2020-10-29 09:34:56,188.745,188.76,1,188.67,1,188.82,1,188.82,188.67,188.67,1,,,,,,,,,,,,,,,,,,,188.82,1,188.93,1,188.94,3,188.97,2,189.05,1,189.06,3,189.07,1,189.11,1,189.17,1,189.18,5
2020-10-29 09:34:57,188.745,188.76,1,188.67,1,188.82,1,188.82,188.67,188.67,1,,,,,,,,,,,,,,,,,,,188.82,1,188.93,1,188.94,3,188.97,2,189.05,1,189.06,3,189.07,1,189.11,1,189.17,1,189.18,5
2020-10-29 09:34:58,188.71,188.67,1,188.6,4,188.82,2,188.82,188.6,188.6,4,,,,,,,,,,,,,,,,,,,188.82,2,188.93,1,188.94,3,188.97,2,189.05,1,189.06,3,189.07,1,189.11,1,189.17,1,189.18,5
2020-10-29 09:34:59,188.71,188.67,1,188.6,4,188.82,2,188.82,188.6,188.6,4,,,,,,,,,,,,,,,,,,,188.82,2,188.93,1,188.94,3,188.97,2,189.05,1,189.06,3,189.07,1,189.11,1,189.17,1,189.18,5
2020-10-29 09:35:00,188.625,188.46,1,188.5,1,188.75,2,188.75,188.5,188.5,1,188.47,1,188.46,1,188.39,1,,,,,,,,,,,,,188.75,2,188.78,2,188.82,2,188.93,1,188.94,3,188.97,2,189.05,1,189.06,3,189.07,1,189.11,1
2020-10-29 09:35:01,188.645,188.64,1,188.54,2,188.75,2,188.75,188.54,188.54,2,188.53,1,188.51,1,188.5,1,188.47,1,188.46,1,188.39,1,,,,,,,188.75,2,188.78,2,188.82,2,188.93,1,188.94,3,188.97,2,189.05,1,189.06,3,189.07,1,189.11,1
2020-10-29 09:35:02,188.645,188.64,1,188.54,1,188.75,2,188.75,188.54,188.54,1,188.53,1,188.51,1,188.5,1,188.47,1,188.46,1,188.39,1,,,,,,,188.75,2,188.78,2,188.82,2,188.93,1,188.94,3,188.97,2,189.05,1,189.06,3,189.07,1,189.11,1
2020-10-29 09:35:03,188.645,188.65,1,188.54,1,188.75,2,188.75,188.54,188.54,1,188.53,1,188.51,1,188.5,1,188.47,1,188.46,1,188.39,1,,,,,,,188.75,2,188.78,2,188.82,2,188.93,1,188.94,3,188.97,2,189.05,1,189.06,3,189.07,1,189.11,1
2020-10-29 09:35:04,188.68,188.54,1,188.54,1,188.82,3,188.82,188.54,188.54,1,188.53,1,188.51,1,188.5,1,188.47,1,188.46,1,188.39,1,,,,,,,188.82,3,188.93,1,188.94,3,188.97,2,189.05,1,189.06,3,189.07,1,189.11,1,189.17,1,189.18,5
2020-10-29 09:35:05,188.68,188.54,1,188.54,1,188.82,3,188.82,188.54,188.54,1,188.53,1,188.51,1,188.5,1,188.47,1,188.46,1,188.39,1,,,,,,,188.82,3,188.93,1,188.94,3,188.97,2,189.05,1,189.06,3,189.07,1,189.11,1,189.17,1,189.18,5
2020-10-29 09:35:06,188.68,188.54,1,188.54,1,188.82,3,188.82,188.54,188.54,1,188.53,1,188.51,1,188.5,1,188.47,1,188.46,1,188.39,1,,,,,,,188.82,3,188.93,1,188.94,3,188.97,2,189.05,1,189.06,3,189.07,1,189.11,1,189.17,1,189.18,5
2020-10-29 09:35:07,188.675,188.54,1,188.53,1,188.82,3,188.82,188.53,188.53,1,188.51,1,188.5,1,188.47,1,188.46,1,188.39,1,,,,,,,,,188.82,3,188.93,1,188.94,3,188.97,2,189.05,1,189.06,3,189.07,1,189.11,1,189.17,1,189.18,5
2020-10-29 09:35:08,188.675,188.54,1,188.53,1,188.82,3,188.82,188.53,188.53,1,188.51,1,188.5,1,188.47,1,188.46,1,188.39,1,,,,,,,,,188.82,3,188.93,1,188.94,3,188.97,2,189.05,1,189.06,3,189.07,1,189.11,1,189.17,1,189.18,5
2020-10-29 09:35:09,188.675,188.54,1,188.53,1,188.82,3,188.82,188.53,188.53,1,188.51,1,188.5,1,188.47,1,188.46,1,188.39,1,,,,,,,,,188.82,3,188.93,1,188.94,3,188.97,2,189.05,1,189.06,3,189.07,1,189.11,1,189.17,1,189.18,5
2020-10-29 09:35:10,188.68,188.54,1,188.54,1,188.82,3,188.82,188.54,188.54,1,188.53,1,188.51,1,188.5,1,188.47,1,188.46,1,188.39,1,,,,,,,188.82,3,188.93,1,188.94,3,188.97,2,189.05,1,189.06,3,189.07,1,189.11,1,189.17,1,189.18,5
2020-10-29 09:35:11,188.68,188.71,1,188.54,2,188.82,4,188.82,188.54,188.54,2,188.53,1,188.51,1,188.5,1,188.47,1,188.46,1,188.39,1,,,,,,,188.82,4,188.93,1,188.94,3,188.97,2,189.05,1,189.06,3,189.07,1,189.11,1,189.17,1,189.18,5
2020-10-29 09:35:12,188.68,188.71,1,188.54,3,188.82,3,188.82,188.54,188.54,3,188.53,1,188.51,1,188.5,1,188.47,1,188.46,1,188.39,1,,,,,,,188.82,3,188.93,1,188.94,3,188.97,2,189.05,1,189.06,3,189.07,1,189.11,1,189.17,1,189.18,5
2020-10-29 09:35:13,188.68,188.71,1,188.54,2,188.82,3,188.82,188.54,188.54,2,188.53,1,188.51,1,188.5,1,188.47,1,188.46,1,188.39,1,,,,,,,188.82,3,188.93,1,188.94,3,188.97,2,189.05,1,189.06,3,189.07,1,189.11,1,189.17,1,189.18,5
2020-10-29 09:35:14,188.68,188.71,1,188.54,2,188.82,3,188.82,188.54,188.54,2,188.53,1,188.51,1,188.5,1,188.47,1,188.46,1,188.39,1,,,,,,,188.82,3,188.93,1,188.94,3,188.97,2,189.05,1,189.06,3,189.07,1,189.11,1,189.17,1,189.18,5
2020-10-29 09:35:15,188.55,188.53,1,188.45,1,188.65,1,188.65,188.45,188.45,1,188.44,1,188.39,3,,,,,,,,,,,,,,,188.65,1,188.69,1,188.76,1,188.77,3,188.81,1,188.82,3,188.93,1,188.94,3,188.97,2,189.05,1
2020-10-29 09:35:16,188.515,188.41,1,188.39,3,188.64,1,188.64,188.39,188.39,3,,,,,,,,,,,,,,,,,,,188.64,1,188.65,1,188.69,1,188.76,1,188.77,3,188.81,1,188.82,3,188.93,1,188.94,3,188.97,2
2020-10-29 09:35:17,188.515,188.41,1,188.39,3,188.64,1,188.64,188.39,188.39,3,,,,,,,,,,,,,,,,,,,188.64,1,188.65,1,188.69,1,188.76,1,188.77,3,188.81,1,188.82,3,188.93,1,188.94,3,188.97,2
2020-10-29 09:35:18,188.515,188.52,1,188.39,4,188.64,2,188.64,188.39,188.39,4,,,,,,,,,,,,,,,,,,,188.64,2,188.65,1,188.69,1,188.76,1,188.77,3,188.81,1,188.82,3,188.93,1,188.94,3,188.97,2
2020-10-29 09:35:19,188.515,188.52,1,188.39,4,188.64,2,188.64,188.39,188.39,4,,,,,,,,,,,,,,,,,,,188.64,2,188.65,1,188.69,1,188.76,1,188.77,3,188.81,1,188.82,3,188.93,1,188.94,3,188.97,2
2020-10-29 09:35:20,188.615,188.64,1,188.52,1,188.71,1,188.71,188.52,188.52,1,188.51,2,188.4,1,188.39,4,,,,,,,,,,,,,188.71,1,188.76,1,188.77,3,188.81,1,188.82,3,188.93,1,188.94,3,188.97,2,189.05,1,189.06,3
2020-10-29 09:35:21,188.615,188.64,1,188.52,1,188.71,2,188.71,188.52,188.52,1,188.51,2,188.4,1,188.39,4,,,,,,,,,,,,,188.71,2,188.76,1,188.77,3,188.81,1,188.82,3,188.93,1,188.94,3,188.97,2,189.05,1,189.06,3
2020-10-29 09:35:22,188.62,188.62,1,188.53,2,188.71,2,188.71,188.53,188.53,2,188.52,1,188.51,2,188.4,1,188.39,4,,,,,,,,,,,188.71,2,188.76,1,188.77,3,188.81,1,188.82,3,188.93,1,188.94,3,188.97,2,189.05,1,189.06,3
2020-10-29 09:35:23,188.55,188.62,5,188.39,4,188.71,4,188.71,188.39,188.39,4,,,,,,,,,,,,,,,,,,,188.71,4,188.76,1,188.77,3,188.81,1,188.82,3,188.93,1,188.94,3,188.97,2,189.05,1,189.06,3
2020-10-29 09:35:24,188.475,188.62,5,188.34,1,188.61,1,188.61,188.34,188.34,1,188.27,3,,,,,,,,,,,,,,,,,188.61,1,188.7,2,188.71,5,188.76,1,188.77,3,188.81,1,188.82,3,188.93,1,188.94,3,188.97,2
2020-10-29 09:35:25,188.45,188.35,1,188.34,2,188.56,2,188.56,188.34,188.34,2,188.27,3,,,,,,,,,,,,,,,,,188.56,2,188.61,1,188.7,2,188.71,5,188.76,1,188.77,3,188.81,1,188.82,3,188.93,1,188.94,3
2020-10-29 09:35:26,188.345,188.34,1,188.2,2,188.49,3,188.49,188.2,188.2,2,,,,,,,,,,,,,,,,,,,188.49,3,188.56,4,188.61,1,188.7,2,188.71,5,188.76,1,188.77,3,188.81,1,188.82,3,188.93,1
2020-10-29 09:35:27,188.35,188.34,1,188.21,2,188.49,3,188.49,188.21,188.21,2,188.2,3,,,,,,,,,,,,,,,,,188.49,3,188.56,4,188.61,1,188.7,2,188.71,5,188.76,1,188.77,3,188.81,1,188.82,3,188.93,1
2020-10-29 09:35:28,188.35,188.34,1,188.21,2,188.49,3,188.49,188.21,188.21,2,188.2,3,,,,,,,,,,,,,,,,,188.49,3,188.56,4,188.61,1,188.7,2,188.71,5,188.76,1,188.77,3,188.81,1,188.82,3,188.93,1
2020-10-29 09:35:29,188.295,188.29,8,188.2,1,188.39,2,188.39,188.2,188.2,1,,,,,,,,,,,,,,,,,,,188.39,2,188.49,3,188.56,4,188.61,1,188.7,2,188.71,5,188.76,1,188.77,3,188.81,1,188.82,3
2020-10-29 09:35:30,188.22,188.2,1,188.12,2,188.32,2,188.32,188.12,188.12,2,,,,,,,,,,,,,,,,,,,188.32,2,188.35,1,188.39,2,188.49,3,188.56,4,188.61,1,188.7,2,188.71,5,188.76,1,188.77,3
2020-10-29 09:35:31,188.22,188.2,1,188.12,2,188.32,2,188.32,188.12,188.12,2,,,,,,,,,,,,,,,,,,,188.32,2,188.35,1,188.39,2,188.49,3,188.56,4,188.61,1,188.7,2,188.71,5,188.76,1,188.77,3
2020-10-29 09:35:32,188.14,188.05,1,188.05,3,188.23,1,188.23,188.05,188.05,3,,,,,,,,,,,,,,,,,,,188.23,1,188.27,1,188.28,1,188.32,2,188.35,1,188.39,2,188.49,3,188.56,4,188.61,1,188.7,2
2020-10-29 09:35:33,188.14,188.05,1,188.05,3,188.23,1,188.23,188.05,188.05,3,,,,,,,,,,,,,,,,,,,188.23,1,188.27,1,188.28,1,188.32,2,188.35,1,188.39,2,188.49,3,188.56,4,188.61,1,188.7,2
2020-10-29 09:35:34,188.14,188.06,1,188.05,4,188.23,1,188.23,188.05,188.05,4,,,,,,,,,,,,,,,,,,,188.23,1,188.27,1,188.28,1,188.32,2,188.35,1,188.39,2,188.49,3,188.56,4,188.61,1,188.7,2
2020-10-29 09:35:35,188.17,188.06,1,188.06,1,188.28,5,188.28,188.06,188.06,1,188.05,4,,,,,,,,,,,,,,,,,188.28,5,188.32,2,188.35,1,188.39,2,188.49,3,188.56,4,188.61,1,188.7,2,188.71,5,188.76,1
2020-10-29 09:35:36,188.295,188.28,1,188.14,5,188.45,2,188.45,188.14,188.14,5,188.1,3,188.07,3,188.06,1,188.05,4,,,,,,,,,,,188.45,2,188.49,3,188.56,4,188.61,1,188.7,2,188.71,5,188.76,1,188.77,3,188.81,1,188.82,3
2020-10-29 09:35:37,188.295,188.28,1,188.14,5,188.45,2,188.45,188.14,188.14,5,188.1,3,188.07,3,188.06,1,188.05,4,,,,,,,,,,,188.45,2,188.49,3,188.56,4,188.61,1,188.7,2,188.71,5,188.76,1,188.77,3,188.81,1,188.82,3
2020-10-29 09:35:38,188.33,188.28,1,188.14,5,188.52,1,188.52,188.14,188.14,5,188.1,3,188.07,3,188.06,1,188.05,4,,,,,,,,,,,188.52,1,188.53,1,188.56,4,188.61,1,188.7,2,188.71,5,188.76,1,188.77,3,188.81,1,188.82,3
2020-10-29 09:35:39,188.37,188.28,1,188.14,5,188.6,5,188.6,188.14,188.14,5,188.1,3,188.07,3,188.06,1,188.05,4,,,,,,,,,,,188.6,5,188.61,1,188.7,2,188.71,5,188.76,1,188.77,3,188.81,1,188.82,3,188.93,1,188.94,3
2020-10-29 09:35:40,188.37,188.28,1,188.14,5,188.6,5,188.6,188.14,188.14,5,188.1,3,188.07,3,188.06,1,188.05,4,,,,,,,,,,,188.6,5,188.61,1,188.7,2,188.71,5,188.76,1,188.77,3,188.81,1,188.82,3,188.93,1,188.94,3
2020-10-29 09:35:41,188.37,188.28,1,188.14,5,188.6,5,188.6,188.14,188.14,5,188.1,3,188.07,3,188.06,1,188.05,4,,,,,,,,,,,188.6,5,188.61,1,188.7,2,188.71,5,188.76,1,188.77,3,188.81,1,188.82,3,188.93,1,188.94,3
2020-10-29 09:35:42,188.37,188.28,1,188.14,5,188.6,10,188.6,188.14,188.14,5,188.1,3,188.07,3,188.06,1,188.05,4,,,,,,,,,,,188.6,10,188.61,1,188.7,2,188.71,5,188.76,1,188.77,3,188.81,1,188.82,3,188.93,1,188.94,3
2020-10-29 09:35:43,188.37,188.28,1,188.14,4,188.6,10,188.6,188.14,188.14,4,188.1,3,188.07,3,188.06,1,188.05,4,,,,,,,,,,,188.6,10,188.61,1,188.7,2,188.71,5,188.76,1,188.77,3,188.81,1,188.82,3,188.93,1,188.94,3
2020-10-29 09:35:44,188.365,188.28,1,188.15,4,188.58,7,188.58,188.15,188.15,4,188.14,4,188.1,3,188.07,3,188.06,1,188.05,4,,,,,,,,,188.58,7,188.59,3,188.6,10,188.61,1,188.7,2,188.71,5,188.76,1,188.77,3,188.81,1,188.82,3
2020-10-29 09:35:45,188.365,188.28,1,188.15,4,188.58,7,188.58,188.15,188.15,4,188.14,4,188.1,3,188.07,3,188.06,1,188.05,4,,,,,,,,,188.58,7,188.59,3,188.6,10,188.61,1,188.7,2,188.71,5,188.76,1,188.77,3,188.81,1,188.82,3
2020-10-29 09:35:46,188.365,188.28,1,188.15,4,188.58,10,188.58,188.15,188.15,4,188.14,4,188.1,3,188.07,3,188.06,1,188.05,4,,,,,,,,,188.58,10,188.59,3,188.6,10,188.61,1,188.7,2,188.71,5,188.76,1,188.77,3,188.81,1,188.82,3
2020-10-29 09:35:47,188.37,188.28,1,188.16,5,188.58,10,188.58,188.16,188.16,5,188.15,4,188.14,4,188.1,3,188.07,3,188.06,1,188.05,4,,,,,,,188.58,10,188.59,3,188.6,10,188.61,1,188.7,2,188.71,5,188.76,1,188.77,3,188.81,1,188.82,3
2020-10-29 09:35:48,188.37,188.38,1,188.16,5,188.58,10,188.58,188.16,188.16,5,188.15,4,188.14,4,188.1,3,188.07,3,188.06,1,188.05,4,,,,,,,188.58,10,188.59,3,188.6,10,188.61,1,188.7,2,188.71,5,188.76,1,188.77,3,188.81,1,188.82,3
2020-10-29 09:35:49,188.37,188.45,1,188.16,4,188.58,10,188.58,188.16,188.16,4,188.15,4,188.14,4,188.1,3,188.07,3,188.06,1,188.05,4,,,,,,,188.58,10,188.59,3,188.6,10,188.61,1,188.7,2,188.71,5,188.76,1,188.77,3,188.81,1,188.82,3
2020-10-29 09:35:50,188.37,188.45,1,188.16,4,188.58,10,188.58,188.16,188.16,4,188.15,4,188.14,4,188.1,3,188.07,3,188.06,1,188.05,4,,,,,,,188.58,10,188.59,3,188.6,10,188.61,1,188.7,2,188.71,5,188.76,1,188.77,3,188.81,1,188.82,3
2020-10-29 09:35:51,188.295,188.17,1,188.16,2,188.43,1,188.43,188.16,188.16,2,188.15,6,188.14,4,188.1,3,188.07,3,188.06,1,188.05,4,,,,,,,188.43,1,188.53,1,188.57,1,188.58,10,188.59,3,188.6,10,188.61,1,188.7,2,188.71,5,188.76,1
2020-10-29 09:35:52,188.225,188.23,1,188.15,5,188.3,1,188.3,188.15,188.15,5,188.14,4,188.1,3,188.07,3,188.06,1,188.05,4,,,,,,,,,188.3,1,188.43,1,188.53,1,188.57,1,188.58,10,188.59,3,188.6,10,188.61,1,188.7,2,188.71,5
2020-10-29 09:35:53,188.25,188.23,1,188.15,5,188.35,1,188.35,188.15,188.15,5,188.14,4,188.1,3,188.07,3,188.06,1,188.05,4,,,,,,,,,188.35,1,188.43,1,188.53,1,188.57,1,188.58,10,188.59,3,188.6,10,188.61,1,188.7,2,188.71,5
2020-10-29 09:35:54,188.25,188.23,1,188.15,6,188.35,1,188.35,188.15,188.15,6,188.14,4,188.1,3,188.07,3,188.06,1,188.05,4,,,,,,,,,188.35,1,188.43,1,188.53,1,188.57,1,188.58,10,188.59,3,188.6,10,188.61,1,188.7,2,188.71,5
2020-10-29 09:35:55,188.2,188.15,1,188.05,4,188.35,1,188.35,188.05,188.05,4,,,,,,,,,,,,,,,,,,,188.35,1,188.43,1,188.53,1,188.57,1,188.58,10,188.59,3,188.6,10,188.61,1,188.7,2,188.71,5
2020-10-29 09:35:56,188.105,188.05,1,188.01,2,188.2,1,188.2,188.01,188.01,2,,,,,,,,,,,,,,,,,,,188.2,1,188.21,1,188.33,1,188.34,1,188.35,1,188.43,1,188.53,1,188.57,1,188.58,10,188.59,3
2020-10-29 09:35:57,188.105,188.05,1,188.01,2,188.2,1,188.2,188.01,188.01,2,,,,,,,,,,,,,,,,,,,188.2,1,188.21,1,188.33,1,188.34,1,188.35,1,188.43,1,188.53,1,188.57,1,188.58,10,188.59,3
2020-10-29 09:35:58,188.105,188.05,1,188.01,2,188.2,1,188.2,188.01,188.01,2,,,,,,,,,,,,,,,,,,,188.2,1,188.21,1,188.33,1,188.34,1,188.35,1,188.43,1,188.53,1,188.57,1,188.58,10,188.59,3
2020-10-29 09:35:59,188.105,188.0,1,188.0,34,188.21,2,188.21,188.0,188.0,34,,,,,,,,,,,,,,,,,,,188.21,2,188.33,1,188.34,1,188.35,1,188.43,1,188.53,1,188.57,1,188.58,10,188.59,3,188.6,10
2020-10-29 09:36:00,187.965,187.88,2,187.88,1,188.05,1,188.05,187.79,187.88,1,187.79,1,,,,,,,,,,,,,,,,,188.05,1,188.08,2,188.1,1,188.16,2,188.2,1,188.21,2,188.33,1,188.34,1,188.35,1,188.43,1
2020-10-29 09:36:01,188.02,187.96,1,187.87,3,188.17,1,188.17,187.87,187.87,3,187.85,1,187.81,1,187.79,2,,,,,,,,,,,,,188.17,1,188.2,1,188.21,2,188.33,1,188.34,1,188.35,1,188.43,1,188.53,1,188.57,1,188.58,10
2020-10-29 09:36:02,187.975,187.9,1,187.85,1,188.1,1,188.1,187.85,187.85,1,187.81,1,187.79,2,,,,,,,,,,,,,,,188.1,1,188.17,1,188.2,1,188.21,2,188.33,1,188.34,1,188.35,1,188.43,1,188.53,1,188.57,1
2020-10-29 09:36:03,188.02,187.87,1,187.87,2,188.17,1,188.17,187.87,187.87,2,187.85,1,187.81,1,187.79,2,,,,,,,,,,,,,188.17,1,188.2,1,188.21,2,188.33,1,188.34,1,188.35,1,188.43,1,188.53,1,188.57,1,188.58,10
2020-10-29 09:36:04,188.02,188.07,1,187.87,2,188.17,1,188.17,187.87,187.87,2,187.85,1,187.81,1,187.79,2,,,,,,,,,,,,,188.17,1,188.2,1,188.21,2,188.33,1,188.34,1,188.35,1,188.43,1,188.53,1,188.57,1,188.58,10
2020-10-29 09:36:05,187.975,188.07,1,187.85,1,188.1,1,188.1,187.85,187.85,1,187.81,1,187.79,2,,,,,,,,,,,,,,,188.1,1,188.17,1,188.2,1,188.21,2,188.33,1,188.34,1,188.35,1,188.43,1,188.53,1,188.57,1
2020-10-29 09:36:06,187.95,187.85,1,187.79,2,188.11,1,188.11,187.79,187.79,2,187.75,2,,,,,,,,,,,,,,,,,188.11,1,188.17,1,188.2,1,188.21,2,188.33,1,188.34,1,188.35,1,188.43,1,188.53,1,188.57,1
2020-10-29 09:36:08,187.895,187.75,1,187.75,2,188.04,2,188.04,187.75,187.75,2,,,,,,,,,,,,,,,,,,,188.04,2,188.11,1,188.17,1,188.2,1,188.21,2,188.33,1,188.34,1,188.35,1,188.43,1,188.53,1
2020-10-29 09:36:09,187.915,188.03,1,187.75,2,188.08,1,188.08,187.75,187.75,2,,,,,,,,,,,,,,,,,,,188.08,1,188.11,1,188.17,1,188.2,1,188.21,2,188.33,1,188.34,1,188.35,1,188.43,1,188.53,1
2020-10-29 09:36:10,187.955,188.03,1,187.79,1,188.12,1,188.12,187.79,187.79,1,187.75,2,,,,,,,,,,,,,,,,,188.12,1,188.17,1,188.2,1,188.21,2,188.33,1,188.34,1,188.35,1,188.43,1,188.53,1,188.57,1
2020-10-29 09:36:11,187.935,188.03,1,187.75,2,188.12,2,188.12,187.75,187.75,2,,,,,,,,,,,,,,,,,,,188.12,2,188.17,1,188.2,1,188.21,2,188.33,1,188.34,1,188.35,1,188.43,1,188.53,1,188.57,1
2020-10-29 09:36:12,187.995,188.15,1,187.81,5,188.18,1,188.18,187.81,187.81,5,187.79,1,187.75,3,,,,,,,,,,,,,,,188.18,1,188.2,1,188.21,2,188.33,1,188.34,1,188.35,1,188.43,1,188.53,1,188.57,1,188.58,10
2020-10-29 09:36:13,187.995,188.15,1,187.81,9,188.18,5,188.18,187.81,187.81,9,187.79,1,187.75,3,,,,,,,,,,,,,,,188.18,5,188.2,1,188.21,2,188.33,1,188.34,1,188.35,1,188.43,1,188.53,1,188.57,1,188.58,10
2020-10-29 09:36:14,188.03,187.83,1,187.81,8,188.25,1,188.25,187.81,187.81,8,187.79,1,187.75,3,,,,,,,,,,,,,,,188.25,1,188.28,2,188.33,1,188.34,1,188.35,1,188.43,1,188.53,1,188.57,1,188.58,10,188.59,3
2020-10-29 09:36:15,188.03,187.83,1,187.81,8,188.25,1,188.25,187.81,187.81,8,187.79,1,187.75,3,,,,,,,,,,,,,,,188.25,1,188.28,2,188.33,1,188.34,1,188.35,1,188.43,1,188.53,1,188.57,1,188.58,10,188.59,3
2020-10-29 09:36:16,188.025,188.0,2,187.82,3,188.23,1,188.23,187.82,187.82,3,187.81,8,187.79,1,187.75,3,,,,,,,,,,,,,188.23,1,188.24,1,188.25,1,188.28,2,188.33,1,188.34,1,188.35,1,188.43,1,188.53,1,188.57,1
2020-10-29 09:36:17,188.0,188.0,2,187.82,3,188.18,1,188.18,187.82,187.82,3,187.81,8,187.79,1,187.75,3,,,,,,,,,,,,,188.18,1,188.24,1,188.25,1,188.28,2,188.33,1,188.34,1,188.35,1,188.43,1,188.53,1,188.57,1
2020-10-29 09:36:18,188.0,188.0,1,187.82,3,188.18,1,188.18,187.82,187.82,3,187.81,8,187.79,1,187.75,3,,,,,,,,,,,,,188.18,1,188.23,1,188.24,1,188.25,1,188.28,2,188.33,1,188.34,1,188.35,1,188.43,1,188.53,1
2020-10-29 09:36:19,188.005,187.83,1,187.83,2,188.18,1,188.18,187.83,187.83,2,187.82,8,187.81,8,187.79,1,187.75,3,,,,,,,,,,,188.18,1,188.2,1,188.23,1,188.24,1,188.25,1,188.28,2,188.33,1,188.34,1,188.35,1,188.43,1
2020-10-29 09:36:20,188.0,187.83,1,187.82,7,188.18,8,188.18,187.82,187.82,7,187.81,8,187.79,1,187.75,3,,,,,,,,,,,,,188.18,8,188.2,1,188.23,1,188.24,1,188.25,1,188.28,2,188.33,1,188.34,1,188.35,1,188.43,1
2020-10-29 09:36:21,188.0,187.83,1,187.82,7,188.18,8,188.18,187.82,187.82,7,187.81,8,187.79,1,187.75,3,,,,,,,,,,,,,188.18,8,188.2,1,188.23,1,188.24,1,188.25,1,188.28,2,188.33,1,188.34,1,188.35,1,188.43,1
2020-10-29 09:36:22,188.015,188.01,2,187.85,3,188.18,12,188.18,187.85,187.85,3,187.82,7,187.81,8,187.79,1,187.75,3,,,,,,,,,,,188.18,12,188.2,1,188.23,1,188.24,1,188.25,1,188.28,2,188.33,1,188.34,1,188.35,1,188.43,1
2020-10-29 09:36:23,188.015,188.01,2,187.85,3,188.18,11,188.18,187.85,187.85,3,187.82,7,187.81,8,187.79,1,187.75,3,,,,,,,,,,,188.18,11,188.2,1,188.23,1,188.24,1,188.25,1,188.28,2,188.33,1,188.34,1,188.35,1,188.43,1
2020-10-29 09:36:24,188.015,187.85,1,187.85,3,188.18,11,188.18,187.85,187.85,3,187.82,7,187.81,8,187.79,1,187.75,3,,,,,,,,,,,188.18,11,188.2,1,188.23,1,188.24,1,188.25,1,188.28,2,188.33,1,188.34,1,188.35,1,188.43,1
2020-10-29 09:36:25,188.015,188.02,2,187.85,3,188.18,11,188.18,187.85,187.85,3,187.82,7,187.81,8,187.79,1,187.75,3,,,,,,,,,,,188.18,11,188.2,1,188.23,1,188.24,1,188.25,1,188.28,2,188.33,1,188.34,1,188.35,1,188.43,1
2020-10-29 09:36:26,188.02,188.02,2,187.86,1,188.18,11,188.18,187.86,187.86,1,187.85,4,187.82,7,187.81,8,187.79,1,187.75,3,,,,,,,,,188.18,11,188.2,1,188.23,1,188.24,1,188.25,1,188.28,2,188.33,1,188.34,1,188.35,1,188.43,1
2020-10-29 09:36:27,187.975,188.02,1,187.86,3,188.09,1,188.09,187.86,187.86,3,187.85,4,187.82,7,187.81,8,187.79,1,187.75,3,,,,,,,,,188.09,1,188.17,1,188.18,12,188.2,1,188.23,1,188.24,1,188.25,1,188.28,2,188.33,1,188.34,1
2020-10-29 09:36:28,187.95,187.85,1,187.85,2,188.05,1,188.05,187.85,187.85,2,187.82,7,187.81,8,187.79,1,187.75,3,,,,,,,,,,,188.05,1,188.09,1,188.17,1,188.18,12,188.2,1,188.23,1,188.24,1,188.25,1,188.28,2,188.33,1
2020-10-29 09:36:29,187.81,187.89,1,187.65,2,187.97,1,187.97,187.65,187.65,2,187.62,2,,,,,,,,,,,,,,,,,187.97,1,188.05,4,188.09,1,188.17,1,188.18,12,188.2,1,188.23,1,188.24,1,188.25,1,188.28,2
2020-10-29 09:36:30,187.845,187.97,1,187.65,3,188.04,3,188.04,187.65,187.65,3,187.62,2,,,,,,,,,,,,,,,,,188.04,3,188.05,4,188.09,1,188.17,1,188.18,12,188.2,1,188.23,1,188.24,1,188.25,1,188.28,2
2020-10-29 09:36:31,187.89,187.97,1,187.75,1,188.03,1,188.03,187.75,187.75,1,187.65,3,187.62,2,,,,,,,,,,,,,,,188.03,1,188.04,3,188.05,4,188.09,1,188.17,1,188.18,12,188.2,1,188.23,1,188.24,1,188.25,1
2020-10-29 09:36:32,187.875,187.97,1,187.75,3,188.0,3,188.0,187.75,187.75,3,187.65,3,187.62,2,,,,,,,,,,,,,,,188.0,3,188.03,3,188.04,3,188.05,4,188.09,1,188.17,1,188.18,12,188.2,1,188.23,1,188.24,1
2020-10-29 09:36:33,187.87,187.75,1,187.75,1,187.99,2,187.99,187.75,187.75,1,187.65,2,187.62,2,,,,,,,,,,,,,,,187.99,2,188.0,3,188.03,3,188.04,3,188.05,4,188.09,1,188.17,1,188.18,12,188.2,1,188.23,1
2020-10-29 09:36:34,187.87,187.76,1,187.75,1,187.99,3,187.99,187.75,187.75,1,187.65,2,187.62,2,,,,,,,,,,,,,,,187.99,3,188.0,3,188.03,3,188.04,3,188.05,4,188.09,1,188.17,1,188.18,12,188.2,1,188.23,1
2020-10-29 09:36:35,187.815,187.75,1,187.65,4,187.98,6,187.98,187.65,187.65,4,187.62,2,,,,,,,,,,,,,,,,,187.98,6,187.99,3,188.0,3,188.03,3,188.04,3,188.05,4,188.09,1,188.17,1,188.18,12,188.2,1
2020-10-29 09:36:36,187.815,187.75,1,187.65,4,187.98,6,187.98,187.65,187.65,4,187.62,2,,,,,,,,,,,,,,,,,187.98,6,187.99,3,188.0,3,188.03,3,188.04,3,188.05,4,188.09,1,188.17,1,188.18,12,188.2,1
2020-10-29 09:36:37,187.81,187.86,1,187.65,4,187.97,1,187.97,187.65,187.65,4,187.62,2,,,,,,,,,,,,,,,,,187.97,1,187.98,6,187.99,3,188.0,3,188.03,3,188.04,3,188.05,4,188.09,1,188.17,1,188.18,12
2020-10-29 09:36:38,187.81,187.86,1,187.65,3,187.97,3,187.97,187.65,187.65,3,187.62,2,,,,,,,,,,,,,,,,,187.97,3,187.98,6,187.99,3,188.0,3,188.03,3,188.04,3,188.05,4,188.09,1,188.17,1,188.18,12
2020-10-29 09:36:39,187.8,187.86,1,187.65,4,187.95,1,187.95,187.65,187.65,4,187.62,2,,,,,,,,,,,,,,,,,187.95,1,187.96,1,187.97,5,187.98,6,187.99,3,188.0,3,188.03,3,188.04,3,188.05,4,188.09,1
2020-10-29 09:36:40,187.805,187.73,2,187.65,4,187.96,1,187.96,187.65,187.65,4,187.62,2,,,,,,,,,,,,,,,,,187.96,1,187.97,5,187.98,6,187.99,3,188.0,3,188.03,3,188.04,3,188.05,4,188.09,1,188.17,1
2020-10-29 09:36:41,187.78,187.73,2,187.65,4,187.91,1,187.91,187.65,187.65,4,187.62,2,,,,,,,,,,,,,,,,,187.91,1,187.95,3,187.96,1,187.97,5,187.98,6,187.99,3,188.0,3,188.03,3,188.04,3,188.05,4
2020-10-29 09:36:42,187.78,187.73,2,187.66,1,187.9,1,187.9,187.66,187.66,1,187.65,4,187.62,2,,,,,,,,,,,,,,,187.9,1,187.97,4,187.98,6,187.99,3,188.0,3,188.03,3,188.04,3,188.05,4,188.09,1,188.17,1
2020-10-29 09:36:43,187.775,187.73,2,187.65,4,187.9,1,187.9,187.65,187.65,4,187.62,2,,,,,,,,,,,,,,,,,187.9,1,187.97,4,187.98,6,187.99,3,188.0,3,188.03,3,188.04,3,188.05,4,188.09,1,188.17,1
2020-10-29 09:36:44,187.775,187.79,1,187.65,5,187.9,1,187.9,187.65,187.65,5,187.62,2,,,,,,,,,,,,,,,,,187.9,1,187.97,4,187.98,6,187.99,3,188.0,3,188.03,3,188.04,3,188.05,4,188.09,1,188.17,1
2020-10-29 09:36:45,187.89,187.87,1,187.78,4,188.0,3,188.0,187.78,187.78,4,187.71,1,187.66,1,187.65,5,187.62,2,,,,,,,,,,,188.0,3,188.03,3,188.04,3,188.05,4,188.09,1,188.17,1,188.18,12,188.2,1,188.23,1,188.24,1
2020-10-29 09:36:46,187.89,187.87,1,187.78,4,188.0,3,188.0,187.78,187.78,4,187.71,1,187.66,1,187.65,5,187.62,2,,,,,,,,,,,188.0,3,188.03,3,188.04,3,188.05,4,188.09,1,188.17,1,188.18,12,188.2,1,188.23,1,188.24,1
2020-10-29 09:36:47,187.895,187.87,1,187.79,1,188.0,3,188.0,187.79,187.79,1,187.78,4,187.71,1,187.66,1,187.65,5,187.62,2,,,,,,,,,188.0,3,188.03,3,188.04,3,188.05,4,188.09,1,188.17,1,188.18,12,188.2,1,188.23,1,188.24,1
2020-10-29 09:36:48,187.895,187.87,1,187.79,2,188.0,3,188.0,187.79,187.79,2,187.78,4,187.71,1,187.66,1,187.65,5,187.62,2,,,,,,,,,188.0,3,188.03,3,188.04,3,188.05,4,188.09,1,188.17,1,188.18,12,188.2,1,188.23,1,188.24,1
2020-10-29 09:36:49,187.895,187.87,1,187.79,2,188.0,3,188.0,187.79,187.79,2,187.78,4,187.71,1,187.66,1,187.65,5,187.62,2,,,,,,,,,188.0,3,188.03,3,188.04,3,188.05,4,188.09,1,188.17,1,188.18,12,188.2,1,188.23,1,188.24,1
2020-10-29 09:36:50,187.895,187.87,1,187.79,2,188.0,3,188.0,187.79,187.79,2,187.78,4,187.71,1,187.66,1,187.65,5,187.62,2,,,,,,,,,188.0,3,188.03,3,188.04,3,188.05,4,188.09,1,188.17,1,188.18,12,188.2,1,188.23,1,188.24,1
2020-10-29 09:36:51,187.895,187.79,20,187.79,4,188.0,3,188.0,187.79,187.79,4,187.78,4,187.71,1,187.66,1,187.65,5,187.62,2,,,,,,,,,188.0,3,188.03,3,188.04,3,188.05,4,188.09,1,188.17,1,188.18,12,188.2,1,188.23,1,188.24,1
2020-10-29 09:36:52,187.895,187.79,20,187.79,4,188.0,5,188.0,187.79,187.79,4,187.78,4,187.71,1,187.66,1,187.65,5,187.62,2,,,,,,,,,188.0,5,188.03,3,188.04,3,188.05,4,188.09,1,188.17,1,188.18,12,188.2,1,188.23,1,188.24,1
2020-10-29 09:36:53,187.895,187.81,2,187.79,4,188.0,5,188.0,187.79,187.79,4,187.78,4,187.71,1,187.66,1,187.65,5,187.62,2,,,,,,,,,188.0,5,188.03,3,188.04,3,188.05,4,188.09,1,188.17,1,188.18,12,188.2,1,188.23,1,188.24,1
2020-10-29 09:36:54,187.915,187.81,2,187.83,5,188.0,5,188.0,187.83,187.83,5,187.79,4,187.78,4,187.71,1,187.66,1,187.65,5,187.62,2,,,,,,,188.0,5,188.03,3,188.04,3,188.05,4,188.09,1,188.17,1,188.18,12,188.2,1,188.23,1,188.24,1
2020-10-29 09:36:55,187.915,187.81,2,187.83,5,188.0,5,188.0,187.83,187.83,5,187.79,4,187.78,4,187.71,1,187.66,1,187.65,5,187.62,2,,,,,,,188.0,5,188.03,3,188.04,3,188.05,4,188.09,1,188.17,1,188.18,12,188.2,1,188.23,1,188.24,1
2020-10-29 09:36:56,187.895,187.83,1,187.79,3,188.0,5,188.0,187.79,187.79,3,187.78,4,187.71,1,187.66,1,187.65,5,187.62,2,,,,,,,,,188.0,5,188.03,3,188.04,3,188.05,4,188.09,1,188.17,1,188.18,12,188.2,1,188.23,1,188.24,1
2020-10-29 09:36:57,187.895,187.81,1,187.79,5,188.0,5,188.0,187.79,187.79,5,187.78,4,187.71,1,187.66,1,187.65,5,187.62,2,,,,,,,,,188.0,5,188.03,3,188.04,3,188.05,4,188.09,1,188.17,1,188.18,12,188.2,1,188.23,1,188.24,1
2020-10-29 09:36:58,187.9,187.81,1,187.8,1,188.0,5,188.0,187.8,187.8,1,187.79,5,187.78,4,187.71,1,187.66,1,187.65,5,187.62,2,,,,,,,188.0,5,188.03,3,188.04,3,188.05,4,188.09,1,188.17,1,188.18,12,188.2,1,188.23,1,188.24,1
2020-10-29 09:36:59,187.9,187.93,10,187.8,1,188.0,5,188.0,187.8,187.8,1,187.79,5,187.78,4,187.71,1,187.66,1,187.65,5,187.62,2,,,,,,,188.0,5,188.03,3,188.04,3,188.05,4,188.09,1,188.17,1,188.18,12,188.2,1,188.23,1,188.24,1
2020-10-29 09:37:00,187.885,187.79,1,187.79,5,187.98,1,187.98,187.79,187.79,5,187.78,4,187.71,1,187.66,1,187.65,5,187.62,2,,,,,,,,,187.98,1,187.99,1,188.0,5,188.03,3,188.04,3,188.05,4,188.09,1,188.17,1,188.18,12,188.2,1
2020-10-29 09:37:01,187.885,187.92,1,187.79,5,187.98,1,187.98,187.79,187.79,5,187.78,4,187.71,1,187.66,1,187.65,5,187.62,2,,,,,,,,,187.98,1,187.99,1,188.0,5,188.03,3,188.04,3,188.05,4,188.09,1,188.17,1,188.18,12,188.2,1
2020-10-29 09:37:02,188.065,188.07,4,187.86,3,188.27,1,188.27,187.86,187.86,3,187.85,3,187.8,1,187.79,6,187.78,4,187.71,1,187.66,1,187.65,5,187.62,2,,,188.27,1,188.28,2,188.29,1,188.33,1,188.34,1,188.35,1,188.43,1,188.53,1,188.57,1,188.58,10
2020-10-29 09:37:03,188.12,187.88,1,187.87,2,188.37,4,188.37,187.87,187.87,2,187.86,6,187.85,3,187.8,1,187.79,6,187.78,4,187.71,1,187.66,1,187.65,5,187.62,2,188.37,4,188.43,1,188.53,1,188.57,1,188.58,10,188.59,3,188.6,10,188.61,1,188.7,2,188.71,5
2020-10-29 09:37:04,188.12,187.88,1,187.87,2,188.37,4,188.37,187.87,187.87,2,187.86,6,187.85,3,187.8,1,187.79,6,187.78,4,187.71,1,187.66,1,187.65,5,187.62,2,188.37,4,188.43,1,188.53,1,188.57,1,188.58,10,188.59,3,188.6,10,188.61,1,188.7,2,188.71,5
2020-10-29 09:37:05,188.12,187.92,25,187.87,2,188.37,4,188.37,187.87,187.87,2,187.86,6,187.85,3,187.8,1,187.79,6,187.78,4,187.71,1,187.66,1,187.65,5,187.62,2,188.37,4,188.43,1,188.53,1,188.57,1,188.58,10,188.59,3,188.6,10,188.61,1,188.7,2,188.71,5
2020-10-29 09:37:06,188.175,187.92,25,187.98,6,188.37,6,188.37,187.98,187.98,6,187.87,2,187.86,6,187.85,3,187.8,1,187.79,6,187.78,4,187.71,1,187.66,1,187.65,5,188.37,6,188.43,1,188.53,1,188.57,1,188.58,10,188.59,3,188.6,10,188.61,1,188.7,2,188.71,5
2020-10-29 09:37:07,188.175,187.92,25,187.98,7,188.37,5,188.37,187.98,187.98,7,187.87,2,187.86,6,187.85,3,187.8,1,187.79,6,187.78,4,187.71,1,187.66,1,187.65,5,188.37,5,188.43,1,188.53,1,188.57,1,188.58,10,188.59,3,188.6,10,188.61,1,188.7,2,188.71,5
2020-10-29 09:37:08,188.175,187.92,25,187.98,7,188.37,5,188.37,187.98,187.98,7,187.87,2,187.86,6,187.85,3,187.8,1,187.79,6,187.78,4,187.71,1,187.66,1,187.65,5,188.37,5,188.43,1,188.53,1,188.57,1,188.58,10,188.59,3,188.6,10,188.61,1,188.7,2,188.71,5
2020-10-29 09:37:09,188.175,187.92,25,187.98,7,188.37,5,188.37,187.98,187.98,7,187.87,2,187.86,6,187.85,3,187.8,1,187.79,6,187.78,4,187.71,1,187.66,1,187.65,5,188.37,5,188.43,1,188.53,1,188.57,1,188.58,10,188.59,3,188.6,10,188.61,1,188.7,2,188.71,5
2020-10-29 09:37:10,188.175,187.92,25,187.98,7,188.37,5,188.37,187.98,187.98,7,187.87,2,187.86,6,187.85,3,187.8,1,187.79,6,187.78,4,187.71,1,187.66,1,187.65,5,188.37,5,188.43,1,188.53,1,188.57,1,188.58,10,188.59,3,188.6,10,188.61,1,188.7,2,188.71,5
2020-10-29 09:37:11,188.175,188.18,1,187.98,7,188.37,5,188.37,187.98,187.98,7,187.87,2,187.86,6,187.85,3,187.8,1,187.79,6,187.78,4,187.71,1,187.66,1,187.65,5,188.37,5,188.43,1,188.53,1,188.57,1,188.58,10,188.59,3,188.6,10,188.61,1,188.7,2,188.71,5
2020-10-29 09:37:12,188.175,188.18,1,187.98,7,188.37,7,188.37,187.98,187.98,7,187.87,2,187.86,6,187.85,3,187.8,1,187.79,6,187.78,4,187.71,1,187.66,1,187.65,5,188.37,7,188.43,1,188.53,1,188.57,1,188.58,10,188.59,3,188.6,10,188.61,1,188.7,2,188.71,5
2020-10-29 09:37:13,188.18,188.18,1,187.99,6,188.37,5,188.37,187.99,187.99,6,187.98,7,187.87,2,187.86,6,187.85,3,187.8,1,187.79,6,187.78,4,187.71,1,187.66,1,188.37,5,188.43,1,188.53,1,188.57,1,188.58,10,188.59,3,188.6,10,188.61,1,188.7,2,188.71,5
2020-10-29 09:37:14,188.18,188.18,1,187.99,6,188.37,6,188.37,187.99,187.99,6,187.98,7,187.87,2,187.86,6,187.85,3,187.8,1,187.79,6,187.78,4,187.71,1,187.66,1,188.37,6,188.43,1,188.53,1,188.57,1,188.58,10,188.59,3,188.6,10,188.61,1,188.7,2,188.71,5
2020-10-29 09:37:15,188.185,188.18,1,188.0,3,188.37,6,188.37,188.0,188.0,3,187.99,5,187.98,7,187.87,2,187.86,6,187.85,3,187.8,1,187.79,6,187.78,4,187.71,1,188.37,6,188.43,1,188.53,1,188.57,1,188.58,10,188.59,3,188.6,10,188.61,1,188.7,2,188.71,5
2020-10-29 09:37:16,188.185,188.18,1,188.0,3,188.37,7,188.37,188.0,188.0,3,187.99,5,187.98,7,187.87,2,187.86,6,187.85,3,187.8,1,187.79,6,187.78,4,187.71,1,188.37,7,188.43,1,188.53,1,188.57,1,188.58,10,188.59,3,188.6,10,188.61,1,188.7,2,188.71,5
2020-10-29 09:37:17,188.17,188.18,1,187.99,3,188.35,5,188.35,187.99,187.99,3,187.98,7,187.87,2,187.86,6,187.85,3,187.8,1,187.79,6,187.78,4,187.71,1,187.66,1,188.35,5,188.36,5,188.37,7,188.43,1,188.53,1,188.57,1,188.58,10,188.59,3,188.6,10,188.61,1
2020-10-29 09:37:18,187.86,187.86,1,187.66,3,188.06,3,188.06,187.66,187.66,3,187.62,3,,,,,,,,,,,,,,,,,188.06,3,188.16,5,188.31,2,188.32,2,188.33,3,188.34,4,188.35,6,188.36,5,188.37,7,188.43,1
2020-10-29 09:37:19,187.935,188.02,1,187.81,1,188.06,5,188.06,187.81,187.81,1,187.73,1,187.68,1,187.67,2,187.66,3,187.62,3,,,,,,,,,188.06,5,188.16,5,188.31,2,188.32,2,188.33,3,188.34,4,188.35,6,188.36,5,188.37,7,188.43,1
2020-10-29 09:37:20,187.94,187.83,1,187.82,2,188.06,5,188.06,187.82,187.82,2,187.81,1,187.73,1,187.68,1,187.67,2,187.66,3,187.62,3,,,,,,,188.06,5,188.16,5,188.31,2,188.32,2,188.33,3,188.34,4,188.35,6,188.36,5,188.37,7,188.43,1
2020-10-29 09:37:21,187.945,187.83,1,187.83,2,188.06,5,188.06,187.83,187.83,2,187.82,2,187.81,1,187.73,1,187.68,1,187.67,2,187.66,3,187.62,3,,,,,188.06,5,188.16,5,188.31,2,188.32,2,188.33,3,188.34,4,188.35,6,188.36,5,188.37,7,188.43,1
2020-10-29 09:37:22,187.935,187.84,1,187.81,2,188.06,5,188.06,187.81,187.81,2,187.73,1,187.68,1,187.67,2,187.66,3,187.62,3,,,,,,,,,188.06,5,188.16,5,188.31,2,188.32,2,188.33,3,188.34,4,188.35,6,188.36,5,188.37,7,188.43,1
2020-10-29 09:37:23,187.805,187.81,1,187.62,2,187.99,1,187.99,187.62,187.62,2,,,,,,,,,,,,,,,,,,,187.99,1,188.05,2,188.06,5,188.16,5,188.31,2,188.32,2,188.33,3,188.34,4,188.35,6,188.36,5
2020-10-29 09:37:24,187.805,187.81,1,187.62,2,187.99,1,187.99,187.62,187.62,2,,,,,,,,,,,,,,,,,,,187.99,1,188.05,2,188.06,5,188.16,5,188.31,2,188.32,2,188.33,3,188.34,4,188.35,6,188.36,5
2020-10-29 09:37:25,187.72,187.62,1,187.57,3,187.87,3,187.87,187.57,187.57,3,,,,,,,,,,,,,,,,,,,187.87,3,187.99,1,188.05,2,188.06,5,188.16,5,188.31,2,188.32,2,188.33,3,188.34,4,188.35,6
2020-10-29 09:37:26,187.72,187.87,2,187.57,3,187.87,3,187.87,187.57,187.57,3,,,,,,,,,,,,,,,,,,,187.87,3,187.99,1,188.05,2,188.06,5,188.16,5,188.31,2,188.32,2,188.33,3,188.34,4,188.35,6
2020-10-29 09:37:27,187.72,187.87,2,187.57,3,187.87,3,187.87,187.57,187.57,3,,,,,,,,,,,,,,,,,,,187.87,3,187.99,1,188.05,2,188.06,5,188.16,5,188.31,2,188.32,2,188.33,3,188.34,4,188.35,6
2020-10-29 09:37:28,187.715,187.87,2,187.57,3,187.86,4,187.86,187.57,187.57,3,,,,,,,,,,,,,,,,,,,187.86,4,187.87,5,187.99,1,188.05,2,188.06,5,188.16,5,188.31,2,188.32,2,188.33,3,188.34,4
2020-10-29 09:37:29,187.715,187.83,2,187.57,3,187.86,4,187.86,187.57,187.57,3,,,,,,,,,,,,,,,,,,,187.86,4,187.87,5,187.99,1,188.05,2,188.06,5,188.16,5,188.31,2,188.32,2,188.33,3,188.34,4
2020-10-29 09:37:30,187.715,187.83,2,187.57,3,187.86,4,187.86,187.57,187.57,3,,,,,,,,,,,,,,,,,,,187.86,4,187.87,5,187.99,1,188.05,2,188.06,5,188.16,5,188.31,2,188.32,2,188.33,3,188.34,4
2020-10-29 09:37:31,187.715,187.83,2,187.57,3,187.86,4,187.86,187.57,187.57,3,,,,,,,,,,,,,,,,,,,187.86,4,187.87,5,187.99,1,188.05,2,188.06,5,188.16,5,188.31,2,188.32,2,188.33,3,188.34,4
2020-10-29 09:37:32,187.715,187.83,2,187.57,3,187.86,4,187.86,187.57,187.57,3,,,,,,,,,,,,,,,,,,,187.86,4,187.87,5,187.99,1,188.05,2,188.06,5,188.16,5,188.31,2,188.32,2,188.33,3,188.34,4
2020-10-29 09:37:33,187.715,187.83,2,187.57,4,187.86,4,187.86,187.57,187.57,4,,,,,,,,,,,,,,,,,,,187.86,4,187.87,5,187.99,1,188.05,2,188.06,5,188.16,5,188.31,2,188.32,2,188.33,3,188.34,4
2020-10-29 09:37:34,187.665,187.57,1,187.57,3,187.76,2,187.76,187.57,187.57,3,,,,,,,,,,,,,,,,,,,187.76,2,187.86,4,187.87,5,187.99,1,188.05,2,188.06,5,188.16,5,188.31,2,188.32,2,188.33,3
2020-10-29 09:37:35,187.715,187.72,1,187.57,3,187.86,4,187.86,187.57,187.57,3,,,,,,,,,,,,,,,,,,,187.86,4,187.87,5,187.99,1,188.05,2,188.06,5,188.16,5,188.31,2,188.32,2,188.33,3,188.34,4
2020-10-29 09:37:36,187.73,187.72,1,187.6,1,187.86,5,187.86,187.6,187.6,1,187.57,3,,,,,,,,,,,,,,,,,187.86,5,187.87,5,187.99,1,188.05,2,188.06,5,188.16,5,188.31,2,188.32,2,188.33,3,188.34,4
2020-10-29 09:37:37,187.73,187.6,1,187.6,1,187.86,5,187.86,187.6,187.6,1,187.57,3,,,,,,,,,,,,,,,,,187.86,5,187.87,5,187.99,1,188.05,2,188.06,5,188.16,5,188.31,2,188.32,2,188.33,3,188.34,4
2020-10-29 09:37:38,187.73,187.6,1,187.6,1,187.86,6,187.86,187.6,187.6,1,187.57,3,,,,,,,,,,,,,,,,,187.86,6,187.87,5,187.99,1,188.05,2,188.06,5,188.16,5,188.31,2,188.32,2,188.33,3,188.34,4
2020-10-29 09:37:39,187.73,187.6,1,187.6,1,187.86,5,187.86,187.6,187.6,1,187.57,3,,,,,,,,,,,,,,,,,187.86,5,187.87,5,187.99,1,188.05,2,188.06,5,188.16,5,188.31,2,188.32,2,188.33,3,188.34,4
2020-10-29 09:37:40,187.73,187.6,1,187.6,1,187.86,6,187.86,187.6,187.6,1,187.57,3,,,,,,,,,,,,,,,,,187.86,6,187.87,5,187.99,1,188.05,2,188.06,5,188.16,5,188.31,2,188.32,2,188.33,3,188.34,4
2020-10-29 09:37:41,187.73,187.6,1,187.6,1,187.86,6,187.86,187.6,187.6,1,187.57,3,,,,,,,,,,,,,,,,,187.86,6,187.87,5,187.99,1,188.05,2,188.06,5,188.16,5,188.31,2,188.32,2,188.33,3,188.34,4
2020-10-29 09:37:42,187.73,187.73,1,187.6,1,187.86,6,187.86,187.6,187.6,1,187.57,3,,,,,,,,,,,,,,,,,187.86,6,187.87,5,187.99,1,188.05,2,188.06,5,188.16,5,188.31,2,188.32,2,188.33,3,188.34,4
2020-10-29 09:37:43,187.73,187.73,1,187.6,1,187.86,6,187.86,187.6,187.6,1,187.57,3,,,,,,,,,,,,,,,,,187.86,6,187.87,5,187.99,1,188.05,2,188.06,5,188.16,5,188.31,2,188.32,2,188.33,3,188.34,4
2020-10-29 09:37:44,187.825,187.79,3,187.79,4,187.86,5,187.86,187.79,187.79,4,187.6,3,187.57,3,,,,,,,,,,,,,,,187.86,5,187.87,5,187.99,1,188.05,2,188.06,5,188.16,5,188.31,2,188.32,2,188.33,3,188.34,4
2020-10-29 09:37:45,187.85,187.79,1,187.79,4,187.91,2,187.91,187.79,187.79,4,187.6,3,187.57,3,,,,,,,,,,,,,,,187.91,2,187.99,1,188.05,2,188.06,5,188.16,5,188.31,2,188.32,2,188.33,3,188.34,4,188.35,6
2020-10-29 09:37:46,187.85,187.79,1,187.79,4,187.91,2,187.91,187.79,187.79,4,187.6,3,187.57,3,,,,,,,,,,,,,,,187.91,2,187.99,1,188.05,2,188.06,5,188.16,5,188.31,2,188.32,2,188.33,3,188.34,4,188.35,6
2020-10-29 09:37:47,187.85,187.83,1,187.79,4,187.91,2,187.91,187.79,187.79,4,187.6,3,187.57,3,,,,,,,,,,,,,,,187.91,2,187.99,1,188.05,2,188.06,5,188.16,5,188.31,2,188.32,2,188.33,3,188.34,4,188.35,6
2020-10-29 09:37:48,187.85,187.82,1,187.79,4,187.91,3,187.91,187.79,187.79,4,187.6,3,187.57,3,,,,,,,,,,,,,,,187.91,3,187.99,1,188.05,2,188.06,5,188.16,5,188.31,2,188.32,2,188.33,3,188.34,4,188.35,6
2020-10-29 09:37:49,187.85,187.82,1,187.79,4,187.91,3,187.91,187.79,187.79,4,187.6,3,187.57,3,,,,,,,,,,,,,,,187.91,3,187.99,1,188.05,2,188.06,5,188.16,5,188.31,2,188.32,2,188.33,3,188.34,4,188.35,6
2020-10-29 09:37:50,187.75,187.75,1,187.6,3,187.9,4,187.9,187.6,187.6,3,187.57,3,,,,,,,,,,,,,,,,,187.9,4,187.91,3,187.99,1,188.05,2,188.06,5,188.16,5,188.31,2,188.32,2,188.33,3,188.34,4
2020-10-29 09:37:51,187.655,187.68,1,187.51,6,187.8,4,187.8,187.51,187.51,6,,,,,,,,,,,,,,,,,,,187.8,4,187.9,4,187.91,3,187.99,1,188.05,2,188.06,5,188.16,5,188.31,2,188.32,2,188.33,3
2020-10-29 09:37:52,187.655,187.52,2,187.51,5,187.8,4,187.8,187.51,187.51,5,,,,,,,,,,,,,,,,,,,187.8,4,187.9,4,187.91,3,187.99,1,188.05,2,188.06,5,188.16,5,188.31,2,188.32,2,188.33,3
2020-10-29 09:37:53,187.655,187.51,1,187.51,5,187.8,4,187.8,187.51,187.51,5,,,,,,,,,,,,,,,,,,,187.8,4,187.9,4,187.91,3,187.99,1,188.05,2,188.06,5,188.16,5,188.31,2,188.32,2,188.33,3
2020-10-29 09:37:54,187.655,187.51,1,187.51,5,187.8,4,187.8,187.51,187.51,5,,,,,,,,,,,,,,,,,,,187.8,4,187.9,4,187.91,3,187.99,1,188.05,2,188.06,5,188.16,5,188.31,2,188.32,2,188.33,3
2020-10-29 09:37:55,187.655,187.51,1,187.51,5,187.8,4,187.8,187.51,187.51,5,,,,,,,,,,,,,,,,,,,187.8,4,187.9,4,187.91,3,187.99,1,188.05,2,188.06,5,188.16,5,188.31,2,188.32,2,188.33,3
2020-10-29 09:37:56,187.66,187.8,4,187.52,1,187.8,4,187.8,187.52,187.52,1,187.51,5,,,,,,,,,,,,,,,,,187.8,4,187.9,4,187.91,3,187.99,1,188.05,2,188.06,5,188.16,5,188.31,2,188.32,2,188.33,3
2020-10-29 09:37:57,187.68,187.63,2,187.56,1,187.8,3,187.8,187.56,187.56,1,187.51,5,,,,,,,,,,,,,,,,,187.8,3,187.9,4,187.91,3,187.99,1,188.05,2,188.06,5,188.16,5,188.31,2,188.32,2,188.33,3
2020-10-29 09:37:58,187.68,187.63,2,187.56,1,187.8,4,187.8,187.56,187.56,1,187.51,5,,,,,,,,,,,,,,,,,187.8,4,187.9,4,187.91,3,187.99,1,188.05,2,188.06,5,188.16,5,188.31,2,188.32,2,188.33,3
2020-10-29 09:37:59,187.68,187.63,2,187.56,1,187.8,4,187.8,187.56,187.56,1,187.51,5,,,,,,,,,,,,,,,,,187.8,4,187.9,4,187.91,3,187.99,1,188.05,2,188.06,5,188.16,5,188.31,2,188.32,2,188.33,3
2020-10-29 09:38:00,187.68,187.68,1,187.56,3,187.8,4,187.8,187.56,187.56,3,187.51,5,,,,,,,,,,,,,,,,,187.8,4,187.9,4,187.91,3,187.99,1,188.05,2,188.06,5,188.16,5,188.31,2,188.32,2,188.33,3
2020-10-29 09:38:01,187.68,187.68,1,187.56,3,187.8,4,187.8,187.56,187.56,3,187.51,5,,,,,,,,,,,,,,,,,187.8,4,187.9,4,187.91,3,187.99,1,188.05,2,188.06,5,188.16,5,188.31,2,188.32,2,188.33,3
2020-10-29 09:38:02,187.685,187.68,1,187.57,2,187.8,4,187.8,187.57,187.57,2,187.56,6,187.51,5,,,,,,,,,,,,,,,187.8,4,187.9,4,187.91,3,187.99,1,188.05,2,188.06,5,188.16,5,188.31,2,188.32,2,188.33,3
2020-10-29 09:38:03,187.68,187.68,1,187.57,2,187.79,1,187.79,187.57,187.57,2,187.56,6,187.51,5,,,,,,,,,,,,,,,187.79,1,187.8,4,187.9,4,187.91,3,187.99,1,188.05,2,188.06,5,188.16,5,188.31,2,188.32,2
2020-10-29 09:38:04,187.675,187.68,1,187.56,5,187.79,1,187.79,187.56,187.56,5,187.51,5,,,,,,,,,,,,,,,,,187.79,1,187.8,4,187.9,4,187.91,3,187.99,1,188.05,2,188.06,5,188.16,5,188.31,2,188.32,2
2020-10-29 09:38:05,187.68,187.68,1,187.57,1,187.79,1,187.79,187.57,187.57,1,187.56,5,187.51,5,,,,,,,,,,,,,,,187.79,1,187.8,4,187.9,4,187.91,3,187.99,1,188.05,2,188.06,5,188.16,5,188.31,2,188.32,2
2020-10-29 09:38:06,187.68,187.68,1,187.57,1,187.79,2,187.79,187.57,187.57,1,187.56,5,187.51,5,,,,,,,,,,,,,,,187.79,2,187.8,4,187.9,4,187.91,3,187.99,1,188.05,2,188.06,5,188.16,5,188.31,2,188.32,2
2020-10-29 09:38:07,187.675,187.68,1,187.56,5,187.79,3,187.79,187.56,187.56,5,187.51,5,,,,,,,,,,,,,,,,,187.79,3,187.8,4,187.9,4,187.91,3,187.99,1,188.05,2,188.06,5,188.16,5,188.31,2,188.32,2
2020-10-29 09:38:08,187.68,187.76,5,187.56,5,187.8,4,187.8,187.56,187.56,5,187.51,5,,,,,,,,,,,,,,,,,187.8,4,187.9,4,187.91,3,187.99,1,188.05,2,188.06,5,188.16,5,188.31,2,188.32,2,188.33,3
2020-10-29 09:38:09,187.675,187.76,5,187.56,5,187.79,2,187.79,187.56,187.56,5,187.51,5,,,,,,,,,,,,,,,,,187.79,2,187.8,4,187.9,4,187.91,3,187.99,1,188.05,2,188.06,5,188.16,5,188.31,2,188.32,2
2020-10-29 09:38:10,187.675,187.76,5,187.56,5,187.79,2,187.79,187.56,187.56,5,187.51,5,,,,,,,,,,,,,,,,,187.79,2,187.8,4,187.9,4,187.91,3,187.99,1,188.05,2,188.06,5,188.16,5,188.31,2,188.32,2
2020-10-29 09:38:11,187.675,187.76,5,187.56,5,187.79,2,187.79,187.56,187.56,5,187.51,5,,,,,,,,,,,,,,,,,187.79,2,187.8,4,187.9,4,187.91,3,187.99,1,188.05,2,188.06,5,188.16,5,188.31,2,188.32,2
2020-10-29 09:38:12,187.675,187.76,5,187.56,5,187.79,2,187.79,187.56,187.56,5,187.51,5,,,,,,,,,,,,,,,,,187.79,2,187.8,4,187.9,4,187.91,3,187.99,1,188.05,2,188.06,5,188.16,5,188.31,2,188.32,2
2020-10-29 09:38:13,187.66,187.76,5,187.53,2,187.79,2,187.79,187.53,187.53,2,187.51,5,,,,,,,,,,,,,,,,,187.79,2,187.8,4,187.9,4,187.91,3,187.99,1,188.05,2,188.06,5,188.16,5,188.31,2,188.32,2
2020-10-29 09:38:14,187.915,187.85,1,187.68,6,188.15,5,188.15,187.68,187.68,6,187.56,3,187.54,1,187.53,2,187.51,5,,,,,,,,,,,188.15,5,188.16,5,188.31,2,188.32,2,188.33,3,188.34,4,188.35,6,188.36,5,188.37,7,188.43,1
2020-10-29 09:38:15,187.915,187.85,1,187.68,6,188.15,5,188.15,187.68,187.68,6,187.56,3,187.54,1,187.53,2,187.51,5,,,,,,,,,,,188.15,5,188.16,5,188.31,2,188.32,2,188.33,3,188.34,4,188.35,6,188.36,5,188.37,7,188.43,1
2020-10-29 09:38:16,187.92,187.85,1,187.69,5,188.15,4,188.15,187.69,187.69,5,187.68,6,187.56,3,187.54,1,187.53,2,187.51,5,,,,,,,,,188.15,4,188.16,5,188.31,2,188.32,2,188.33,3,188.34,4,188.35,6,188.36,5,188.37,7,188.43,1
2020-10-29 09:38:17,187.925,188.09,1,187.7,2,188.15,5,188.15,187.7,187.7,2,187.69,5,187.68,6,187.56,3,187.54,1,187.53,2,187.51,5,,,,,,,188.15,5,188.16,5,188.31,2,188.32,2,188.33,3,188.34,4,188.35,6,188.36,5,188.37,7,188.43,1
2020-10-29 09:38:18,187.89,188.09,1,187.7,2,188.08,3,188.08,187.7,187.7,2,187.69,5,187.68,6,187.56,3,187.54,1,187.53,2,187.51,5,,,,,,,188.08,3,188.15,5,188.16,5,188.31,2,188.32,2,188.33,3,188.34,4,188.35,6,188.36,5,188.37,7
2020-10-29 09:38:19,187.89,188.09,1,187.7,5,188.08,2,188.08,187.7,187.7,5,187.69,5,187.68,6,187.56,3,187.54,1,187.53,2,187.51,5,,,,,,,188.08,2,188.15,5,188.16,5,188.31,2,188.32,2,188.33,3,188.34,4,188.35,6,188.36,5,188.37,7
2020-10-29 09:38:20,188.02,187.91,1,187.89,4,188.15,8,188.15,187.89,187.89,4,187.8,1,187.79,4,187.7,5,187.69,5,187.68,6,187.56,3,187.54,1,187.53,2,187.51,5,188.15,8,188.16,5,188.31,2,188.32,2,188.33,3,188.34,4,188.35,6,188.36,5,188.37,7,188.43,1
2020-10-29 09:38:21,188.02,188.02,1,187.89,3,188.15,8,188.15,187.89,187.89,3,187.8,1,187.79,4,187.7,5,187.69,5,187.68,6,187.56,3,187.54,1,187.53,2,187.51,5,188.15,8,188.16,5,188.31,2,188.32,2,188.33,3,188.34,4,188.35,6,188.36,5,188.37,7,188.43,1
