sim_time,mid_price,last_price,last_size,best_bid_price,best_bid_size,best_ask_price,best_ask_size,close_price_buy,close_price_sell,bid1_price,bid1_size,bid2_price,bid2_size,bid3_price,bid3_size,bid4_price,bid4_size,bid5_price,bid5_size,bid6_price,bid6_size,bid7_price,bid7_size,bid8_price,bid8_size,bid9_price,bid9_size,bid10_price,bid10_size,ask1_price,ask1_size,ask2_price,ask2_size,ask3_price,ask3_size,ask4_price,ask4_size,ask5_price,ask5_size,ask6_price,ask6_size,ask7_price,ask7_size,ask8_price,ask8_size,ask9_price,ask9_size,ask10_price,ask10_size
2026-02-05 09:30:17,386.65,0.0,0,386.32,120,386.98,200,386.98,386.32,386.32,120,386.2,160,386.1,80,386.0,160,,,,,,,,,,,,,386.98,200,386.99,200,387.01,40,389.0,200,,,,,,,,,,,,
2026-02-05 09:30:18,386.64,0.0,0,386.32,120,386.96,200,386.96,386.32,386.32,120,386.2,160,386.1,80,386.0,160,,,,,,,,,,,,,386.96,200,386.97,200,386.98,200,386.99,200,387.01,40,389.0,200,,,,,,,,
2026-02-05 09:30:20,386.64,0.0,0,386.32,120,386.96,200,386.96,386.32,386.32,120,386.2,160,386.1,80,386.0,160,,,,,,,,,,,,,386.96,200,386.97,200,386.98,200,386.99,200,387.01,40,389.0,200,,,,,,,,
2026-02-05 09:30:21,386.635,0.0,0,386.32,120,386.95,200,386.95,386.32,386.32,120,386.2,160,386.1,80,386.0,160,,,,,,,,,,,,,386.95,200,386.96,200,386.97,200,386.98,200,386.99,200,387.01,40,389.0,200,,,,,,
2026-02-05 09:30:22,386.635,0.0,0,386.32,120,386.95,200,386.95,386.32,386.32,120,386.2,160,386.1,80,386.0,160,,,,,,,,,,,,,386.95,200,386.96,200,386.97,200,386.98,200,386.99,200,387.01,40,389.0,200,,,,,,
2026-02-05 09:30:22,386.63,386.7,1,386.32,120,386.94,200,386.94,386.32,386.32,120,386.2,160,386.1,80,386.0,160,,,,,,,,,,,,,386.94,200,386.95,200,386.96,200,386.97,200,386.98,200,386.99,200,387.01,40,389.0,200,,,,
2026-02-05 09:30:24,386.62,386.7,1,386.32,120,386.92,200,386.92,386.32,386.32,120,386.2,160,386.1,80,386.0,160,,,,,,,,,,,,,386.92,200,386.93,200,386.94,200,386.95,200,386.96,200,386.97,200,386.98,200,386.99,200,387.01,40,389.0,200
2026-02-05 09:30:25,385.515,385.83,1,385.1,80,385.93,200,385.93,385.1,385.1,80,385.09,80,,,,,,,,,,,,,,,,,385.93,200,386.2,280,386.21,160,386.52,40,386.61,200,386.62,200,386.92,200,386.93,200,386.94,200,386.95,200
2026-02-05 09:30:26,386.08,385.91,1,385.49,80,386.67,240,386.67,385.49,385.49,80,385.12,40,385.11,160,385.1,80,385.09,80,,,,,,,,,,,386.67,240,386.85,40,386.97,40,387.0,120,387.01,40,389.0,200,,,,,,,,
2026-02-05 09:30:27,386.08,385.91,1,385.49,80,386.67,240,386.67,385.49,385.49,80,385.12,40,385.11,160,385.1,80,385.09,80,,,,,,,,,,,386.67,240,386.85,40,386.97,40,387.0,120,387.01,40,389.0,200,,,,,,,,
2026-02-05 09:30:28,386.08,385.91,1,385.49,80,386.67,240,386.67,385.49,385.49,80,385.12,40,385.11,160,385.1,80,385.09,80,,,,,,,,,,,386.67,240,386.85,40,386.97,40,387.0,120,387.01,40,389.0,200,,,,,,,,
2026-02-05 09:30:29,385.78,385.91,1,385.49,40,386.07,200,386.07,385.49,385.49,40,385.12,40,385.11,160,385.1,80,385.09,80,,,,,,,,,,,386.07,200,386.08,200,386.67,240,386.85,40,386.97,40,387.0,120,387.01,40,389.0,200,,,,
2026-02-05 09:30:30,385.78,385.91,1,385.49,40,386.07,200,386.07,385.49,385.49,40,385.12,40,385.11,160,385.1,80,385.09,80,,,,,,,,,,,386.07,200,386.08,200,386.67,240,386.85,40,386.97,40,387.0,120,387.01,40,389.0,200,,,,
2026-02-05 09:30:31,385.78,385.91,1,385.49,40,386.07,200,386.07,385.49,385.49,40,385.12,40,385.11,160,385.1,80,385.09,80,,,,,,,,,,,386.07,200,386.08,200,386.67,240,386.85,40,386.97,40,387.0,120,387.01,40,389.0,200,,,,
2026-02-05 09:30:32,385.78,385.86,5,385.49,40,386.07,240,386.07,385.49,385.49,40,385.12,40,385.11,160,385.1,80,385.09,80,,,,,,,,,,,386.07,240,386.08,200,386.67,240,386.85,40,386.97,40,387.0,120,387.01,40,389.0,200,,,,
2026-02-05 09:30:33,385.78,385.86,5,385.49,40,386.07,240,386.07,385.49,385.49,40,385.12,40,385.11,160,385.1,80,385.09,80,,,,,,,,,,,386.07,240,386.08,200,386.67,240,386.85,40,386.97,40,387.0,120,387.01,40,389.0,200,,,,
2026-02-05 09:30:34,385.17,385.86,5,384.85,80,385.49,240,385.49,384.85,384.85,80,,,,,,,,,,,,,,,,,,,385.49,240,386.07,280,386.08,200,386.67,240,386.85,40,386.97,40,387.0,120,387.01,40,389.0,200,,
2026-02-05 09:30:35,385.17,385.86,5,384.85,80,385.49,240,385.49,384.85,384.85,80,,,,,,,,,,,,,,,,,,,385.49,240,386.07,280,386.08,200,386.67,240,386.85,40,386.97,40,387.0,120,387.01,40,389.0,200,,
2026-02-05 09:30:36,385.315,385.5,1,384.85,80,385.78,240,385.78,384.85,384.85,80,,,,,,,,,,,,,,,,,,,385.78,240,386.12,80,386.67,240,386.85,40,386.97,40,387.0,120,387.01,40,389.0,200,,,,
2026-02-05 09:30:37,385.315,385.5,1,384.85,80,385.78,240,385.78,384.85,384.85,80,,,,,,,,,,,,,,,,,,,385.78,240,386.12,80,386.67,240,386.85,40,386.97,40,387.0,120,387.01,40,389.0,200,,,,
2026-02-05 09:30:38,385.315,385.5,1,384.85,80,385.78,240,385.78,384.85,384.85,80,,,,,,,,,,,,,,,,,,,385.78,240,386.12,80,386.67,240,386.85,40,386.97,40,387.0,120,387.01,40,389.0,200,,,,
2026-02-05 09:30:39,386.195,385.78,1,385.4,120,386.99,280,386.99,385.4,385.4,120,385.19,80,385.11,40,384.85,200,,,,,,,,,,,,,386.99,280,387.0,120,387.01,40,389.0,200,,,,,,,,,,,,
2026-02-05 09:30:40,386.325,385.91,1,385.67,40,386.98,200,386.98,385.67,385.67,40,385.66,40,385.42,80,385.41,80,385.4,120,385.19,80,385.11,40,384.85,200,,,,,386.98,200,386.99,360,387.0,120,387.01,40,389.0,200,,,,,,,,,,
2026-02-05 09:30:41,386.325,385.91,1,385.67,120,386.98,280,386.98,385.67,385.67,120,385.66,40,385.42,80,385.41,80,385.4,120,385.19,80,385.11,40,384.85,200,,,,,386.98,280,386.99,360,387.0,120,387.01,40,389.0,200,,,,,,,,,,
2026-02-05 09:30:41,386.325,385.91,1,385.67,160,386.98,280,386.98,385.67,385.67,160,385.66,40,385.42,80,385.41,80,385.4,120,385.19,80,385.11,40,384.85,200,,,,,386.98,280,386.99,360,387.0,120,387.01,40,389.0,200,,,,,,,,,,
2026-02-05 09:30:43,386.325,385.91,1,385.67,160,386.98,280,386.98,385.67,385.67,160,385.66,40,385.42,80,385.41,80,385.4,120,385.19,80,385.11,40,384.85,200,,,,,386.98,280,386.99,360,387.0,120,387.01,40,389.0,200,,,,,,,,,,
2026-02-05 09:30:44,386.315,386.32,1,385.67,80,386.96,280,386.96,385.67,385.67,80,385.66,40,385.42,80,385.41,80,385.4,120,385.19,80,385.11,40,384.85,200,,,,,386.96,280,386.97,520,386.98,280,386.99,360,387.0,120,387.01,40,389.0,200,,,,,,
2026-02-05 09:30:45,386.315,386.32,1,385.67,80,386.96,280,386.96,385.67,385.67,80,385.66,40,385.42,80,385.41,80,385.4,120,385.19,80,385.11,40,384.85,200,,,,,386.96,280,386.97,520,386.98,280,386.99,360,387.0,120,387.01,40,389.0,200,,,,,,
2026-02-05 09:30:46,386.315,386.32,1,385.67,80,386.96,280,386.96,385.67,385.67,80,385.66,40,385.42,80,385.41,80,385.4,120,385.19,80,385.11,40,384.85,200,,,,,386.96,280,386.97,520,386.98,280,386.99,360,387.0,120,387.01,40,389.0,200,,,,,,
2026-02-05 09:30:47,386.315,386.32,1,385.67,80,386.96,280,386.96,385.67,385.67,80,385.66,40,385.42,80,385.41,80,385.4,120,385.19,80,385.11,40,384.85,200,,,,,386.96,280,386.97,520,386.98,280,386.99,360,387.0,120,387.01,40,389.0,200,,,,,,
2026-02-05 09:30:48,386.315,386.32,1,385.67,80,386.96,280,386.96,385.67,385.67,80,385.66,40,385.42,80,385.41,80,385.4,120,385.19,80,385.11,40,384.85,200,,,,,386.96,280,386.97,520,386.98,280,386.99,360,387.0,120,387.01,40,389.0,200,,,,,,
2026-02-05 09:30:48,386.315,386.32,1,385.67,80,386.96,280,386.96,385.67,385.67,80,385.66,40,385.42,80,385.41,80,385.4,120,385.19,80,385.11,40,384.85,200,,,,,386.96,280,386.97,520,386.98,280,386.99,360,387.0,120,387.01,40,389.0,200,,,,,,
2026-02-05 09:30:50,386.315,386.32,1,385.67,80,386.96,280,386.96,385.67,385.67,80,385.66,40,385.42,80,385.41,80,385.4,120,385.19,80,385.11,40,384.85,200,,,,,386.96,280,386.97,520,386.98,280,386.99,360,387.0,120,387.01,40,389.0,200,,,,,,
2026-02-05 09:30:51,386.315,386.32,1,385.67,80,386.96,280,386.96,385.67,385.67,80,385.66,40,385.42,80,385.41,80,385.4,120,385.19,80,385.11,40,384.85,200,,,,,386.96,280,386.97,520,386.98,280,386.99,360,387.0,120,387.01,40,389.0,200,,,,,,
2026-02-05 09:30:52,386.315,386.32,1,385.67,80,386.96,280,386.96,385.67,385.67,80,385.66,40,385.42,80,385.41,80,385.4,120,385.19,80,385.11,40,384.85,200,,,,,386.96,280,386.97,520,386.98,280,386.99,360,387.0,120,387.01,40,389.0,200,,,,,,
2026-02-05 09:30:53,386.315,386.32,1,385.67,80,386.96,280,386.96,385.67,385.67,80,385.66,40,385.42,80,385.41,80,385.4,120,385.19,80,385.11,40,384.85,200,,,,,386.96,280,386.97,520,386.98,280,386.99,360,387.0,120,387.01,40,389.0,200,,,,,,
2026-02-05 09:30:54,386.315,386.32,1,385.67,80,386.96,280,386.96,385.67,385.67,80,385.66,40,385.42,80,385.41,80,385.4,120,385.19,80,385.11,40,384.85,200,,,,,386.96,280,386.97,520,386.98,280,386.99,360,387.0,120,387.01,40,389.0,200,,,,,,
2026-02-05 09:30:55,386.315,386.32,1,385.67,80,386.96,280,386.96,385.67,385.67,80,385.66,40,385.42,80,385.41,80,385.4,120,385.19,80,385.11,40,384.85,200,,,,,386.96,280,386.97,520,386.98,280,386.99,360,387.0,120,387.01,40,389.0,200,,,,,,
2026-02-05 09:30:56,386.315,386.32,1,385.67,80,386.96,280,386.96,385.67,385.67,80,385.66,40,385.42,80,385.41,80,385.4,120,385.19,80,385.11,40,384.85,200,,,,,386.96,280,386.97,520,386.98,280,386.99,360,387.0,120,387.01,40,389.0,200,,,,,,
2026-02-05 09:30:57,386.315,386.32,1,385.67,80,386.96,280,386.96,385.67,385.67,80,385.66,40,385.42,80,385.41,80,385.4,120,385.19,80,385.11,40,384.85,200,,,,,386.96,280,386.97,520,386.98,280,386.99,360,387.0,120,387.01,40,389.0,200,,,,,,
2026-02-05 09:30:58,386.315,386.32,1,385.67,80,386.96,280,386.96,385.67,385.67,80,385.66,40,385.42,80,385.41,80,385.4,120,385.19,80,385.11,40,384.85,200,,,,,386.96,280,386.97,520,386.98,280,386.99,360,387.0,120,387.01,40,389.0,200,,,,,,
2026-02-05 09:30:59,386.31,386.32,1,385.67,80,386.95,280,386.95,385.67,385.67,80,385.66,40,385.42,80,385.41,80,385.4,120,385.19,80,385.11,40,384.85,200,,,,,386.95,280,386.96,280,386.97,520,386.98,280,386.99,360,387.0,120,387.01,40,389.0,200,,,,
2026-02-05 09:31:00,386.31,386.32,1,385.67,80,386.95,280,386.95,385.67,385.67,80,385.66,40,385.42,80,385.41,80,385.4,120,385.19,80,385.11,40,384.85,200,,,,,386.95,280,386.96,280,386.97,520,386.98,280,386.99,360,387.0,120,387.01,40,389.0,200,,,,
2026-02-05 09:31:01,386.31,386.32,1,385.67,80,386.95,280,386.95,385.67,385.67,80,385.66,40,385.42,80,385.41,80,385.4,120,385.19,80,385.11,40,384.85,200,,,,,386.95,280,386.96,280,386.97,520,386.98,280,386.99,360,387.0,120,387.01,40,389.0,200,,,,
2026-02-05 09:31:02,386.305,386.32,1,385.67,80,386.94,280,386.94,385.67,385.67,80,385.66,40,385.42,80,385.41,80,385.4,120,385.19,80,385.11,40,384.85,200,,,,,386.94,280,386.95,280,386.96,280,386.97,520,386.98,280,386.99,360,387.0,120,387.01,40,389.0,200,,
2026-02-05 09:31:03,386.3,386.32,1,385.67,80,386.93,280,386.93,385.67,385.67,80,385.66,40,385.42,80,385.41,80,385.4,120,385.19,80,385.11,40,384.85,200,,,,,386.93,280,386.94,280,386.95,280,386.96,280,386.97,520,386.98,280,386.99,360,387.0,120,387.01,40,389.0,200
2026-02-05 09:31:04,386.3,386.32,1,385.67,80,386.93,280,386.93,385.67,385.67,80,385.66,40,385.42,80,385.41,80,385.4,120,385.19,80,385.11,40,384.85,200,,,,,386.93,280,386.94,280,386.95,280,386.96,280,386.97,520,386.98,280,386.99,360,387.0,120,387.01,40,389.0,200
2026-02-05 09:31:05,386.295,386.32,1,385.67,80,386.92,280,386.92,385.67,385.67,80,385.66,40,385.42,80,385.41,80,385.4,120,385.19,80,385.11,40,384.85,200,,,,,386.92,280,386.93,280,386.94,280,386.95,280,386.96,280,386.97,520,386.98,280,386.99,360,387.0,120,387.01,40
2026-02-05 09:31:06,385.685,385.34,1,385.29,40,386.08,280,386.08,385.29,385.29,40,384.83,80,,,,,,,,,,,,,,,,,386.08,280,386.09,40,386.9,40,386.91,280,386.92,280,386.93,280,386.94,280,386.95,280,386.96,280,386.97,520
2026-02-05 09:31:07,385.685,385.34,1,385.29,40,386.08,280,386.08,385.29,385.29,40,384.83,80,,,,,,,,,,,,,,,,,386.08,280,386.09,40,386.9,40,386.91,280,386.92,280,386.93,280,386.94,280,386.95,280,386.96,280,386.97,520
2026-02-05 09:31:08,385.685,385.34,1,385.29,40,386.08,280,386.08,385.29,385.29,40,384.83,80,,,,,,,,,,,,,,,,,386.08,280,386.09,40,386.9,40,386.91,280,386.92,280,386.93,280,386.94,280,386.95,280,386.96,280,386.97,520
2026-02-05 09:31:09,385.685,385.34,1,385.29,40,386.08,280,386.08,385.29,385.29,40,384.83,80,,,,,,,,,,,,,,,,,386.08,280,386.09,40,386.9,40,386.91,280,386.92,280,386.93,280,386.94,280,386.95,280,386.96,280,386.97,520
2026-02-05 09:31:10,385.685,385.86,1,385.29,40,386.08,280,386.08,385.29,385.29,40,384.83,80,,,,,,,,,,,,,,,,,386.08,280,386.09,40,386.9,40,386.91,280,386.92,280,386.93,280,386.94,280,386.95,280,386.96,280,386.97,520
2026-02-05 09:31:11,385.685,385.86,1,385.29,40,386.08,280,386.08,385.29,385.29,40,384.83,80,,,,,,,,,,,,,,,,,386.08,280,386.09,40,386.9,40,386.91,280,386.92,280,386.93,280,386.94,280,386.95,280,386.96,280,386.97,520
2026-02-05 09:31:12,385.32,385.66,1,384.67,80,385.97,40,385.97,384.67,384.67,80,,,,,,,,,,,,,,,,,,,385.97,40,386.07,120,386.08,200,386.09,40,386.9,40,386.91,280,386.92,280,386.93,280,386.94,280,386.95,280
2026-02-05 09:31:13,385.31,385.66,1,384.67,40,385.95,120,385.95,384.67,384.67,40,,,,,,,,,,,,,,,,,,,385.95,120,385.96,120,385.97,40,386.07,120,386.08,200,386.09,40,386.9,40,386.91,280,386.92,280,386.93,280
2026-02-05 09:31:14,385.25,385.66,1,384.67,40,385.83,120,385.83,384.67,384.67,40,,,,,,,,,,,,,,,,,,,385.83,120,385.84,120,385.95,120,385.96,120,385.97,40,386.07,120,386.08,200,386.09,40,386.9,40,386.91,280
2026-02-05 09:31:15,385.245,385.81,1,384.67,40,385.82,80,385.82,384.67,384.67,40,,,,,,,,,,,,,,,,,,,385.82,80,385.83,200,385.84,120,385.95,120,385.96,120,385.97,40,386.07,120,386.08,200,386.09,40,386.9,40
2026-02-05 09:31:16,385.245,385.81,1,384.67,40,385.82,80,385.82,384.67,384.67,40,,,,,,,,,,,,,,,,,,,385.82,80,385.83,200,385.84,120,385.95,120,385.96,120,385.97,40,386.07,120,386.08,200,386.09,40,386.9,40
2026-02-05 09:31:17,385.245,385.81,1,384.67,40,385.82,80,385.82,384.67,384.67,40,,,,,,,,,,,,,,,,,,,385.82,80,385.83,200,385.84,120,385.95,120,385.96,120,385.97,40,386.07,120,386.08,200,386.09,40,386.9,40
2026-02-05 09:31:18,385.92,385.88,1,385.48,120,386.36,40,386.36,385.48,385.48,120,385.47,80,384.77,80,384.67,80,,,,,,,,,,,,,386.36,40,386.9,40,386.91,280,386.92,280,386.93,280,386.94,280,386.95,280,386.96,280,386.97,520,386.98,280
2026-02-05 09:31:19,385.94,385.88,1,385.48,80,386.4,40,386.4,385.48,385.48,80,385.47,80,384.77,80,384.67,80,,,,,,,,,,,,,386.4,40,386.9,40,386.91,280,386.92,280,386.93,280,386.94,280,386.95,280,386.96,280,386.97,520,386.98,280
2026-02-05 09:31:20,385.94,385.56,1,385.48,80,386.4,40,386.4,385.48,385.48,80,385.47,80,384.77,80,384.67,80,,,,,,,,,,,,,386.4,40,386.9,40,386.91,280,386.92,280,386.93,280,386.94,280,386.95,280,386.96,280,386.97,520,386.98,280
2026-02-05 09:31:21,385.94,385.56,1,385.48,80,386.4,40,386.4,385.48,385.48,80,385.47,80,384.77,80,384.67,80,,,,,,,,,,,,,386.4,40,386.9,40,386.91,280,386.92,280,386.93,280,386.94,280,386.95,280,386.96,280,386.97,520,386.98,280
2026-02-05 09:31:22,385.73,385.56,1,385.07,80,386.39,40,386.39,385.07,385.07,80,384.77,80,384.67,80,,,,,,,,,,,,,,,386.39,40,386.4,40,386.9,40,386.91,280,386.92,280,386.93,280,386.94,280,386.95,280,386.96,280,386.97,520
2026-02-05 09:31:23,385.72,385.73,1,385.07,80,386.37,40,386.37,385.07,385.07,80,384.77,80,384.67,80,,,,,,,,,,,,,,,386.37,40,386.38,40,386.39,40,386.4,40,386.9,40,386.91,280,386.92,280,386.93,280,386.94,280,386.95,280
2026-02-05 09:31:24,385.71,385.73,1,385.07,80,386.35,40,386.35,385.07,385.07,80,384.77,80,384.67,80,,,,,,,,,,,,,,,386.35,40,386.36,40,386.37,40,386.38,40,386.39,40,386.4,40,386.9,40,386.91,280,386.92,280,386.93,280
2026-02-05 09:31:25,385.7,385.71,1,385.07,80,386.33,40,386.33,385.07,385.07,80,384.77,80,384.67,80,,,,,,,,,,,,,,,386.33,40,386.34,40,386.35,40,386.36,40,386.37,40,386.38,40,386.39,40,386.4,40,386.9,40,386.91,280
2026-02-05 09:31:26,385.1,385.04,1,384.85,80,385.35,40,385.35,384.85,384.85,80,384.84,120,384.77,80,384.67,80,,,,,,,,,,,,,385.35,40,385.69,40,385.7,40,386.28,80,386.29,120,386.3,40,386.31,80,386.32,80,386.33,80,386.34,40
2026-02-05 09:31:27,385.1,385.1,2,384.85,80,385.35,40,385.35,384.85,384.85,80,384.84,120,384.77,80,384.67,80,,,,,,,,,,,,,385.35,40,385.69,40,385.7,40,386.28,80,386.29,120,386.3,40,386.31,80,386.32,80,386.33,80,386.34,40
2026-02-05 09:31:28,385.1,385.1,2,384.85,40,385.35,40,385.35,384.85,384.85,40,384.84,80,384.77,80,384.67,80,,,,,,,,,,,,,385.35,40,385.69,40,385.7,40,386.28,80,386.29,120,386.3,40,386.31,80,386.32,80,386.33,80,386.34,40
2026-02-05 09:31:29,385.1,385.1,2,384.85,80,385.35,40,385.35,384.85,384.85,80,384.84,80,384.77,80,384.67,80,,,,,,,,,,,,,385.35,40,385.69,40,385.7,40,386.28,80,386.29,120,386.3,40,386.31,80,386.32,80,386.33,80,386.34,40
2026-02-05 09:31:30,385.1,385.1,2,384.85,80,385.35,40,385.35,384.85,384.85,80,384.84,80,384.77,80,384.67,80,,,,,,,,,,,,,385.35,40,385.69,40,385.7,40,386.28,80,386.29,120,386.3,40,386.31,80,386.32,80,386.33,80,386.34,40
2026-02-05 09:31:31,385.11,385.1,2,384.85,40,385.37,80,385.37,384.85,384.85,40,384.84,80,384.77,80,384.67,80,,,,,,,,,,,,,385.37,80,385.69,40,385.7,40,386.28,80,386.29,120,386.3,40,386.31,80,386.32,80,386.33,80,386.34,40
2026-02-05 09:31:32,385.09,385.1,2,384.85,40,385.33,80,385.33,384.85,384.85,40,384.84,80,384.77,80,384.67,80,,,,,,,,,,,,,385.33,80,385.34,80,385.35,80,385.36,80,385.37,80,385.69,40,385.7,40,386.28,80,386.29,120,386.3,40
2026-02-05 09:31:33,384.78,385.1,2,384.48,120,385.08,40,385.08,384.48,384.48,120,384.42,80,,,,,,,,,,,,,,,,,385.08,40,385.09,40,385.22,40,385.23,40,385.32,80,385.33,80,385.34,80,385.35,80,385.36,80,385.37,80
2026-02-05 09:31:34,384.78,385.1,2,384.48,120,385.08,40,385.08,384.48,384.48,120,384.42,80,,,,,,,,,,,,,,,,,385.08,40,385.09,40,385.22,40,385.23,40,385.32,80,385.33,80,385.34,80,385.35,80,385.36,80,385.37,80
2026-02-05 09:31:35,384.78,385.1,2,384.48,120,385.08,40,385.08,384.48,384.48,120,384.42,80,,,,,,,,,,,,,,,,,385.08,40,385.09,40,385.22,40,385.23,40,385.32,80,385.33,80,385.34,80,385.35,80,385.36,80,385.37,80
2026-02-05 09:31:36,384.78,385.1,2,384.48,80,385.08,40,385.08,384.48,384.48,80,384.42,80,,,,,,,,,,,,,,,,,385.08,40,385.09,40,385.22,40,385.23,40,385.32,80,385.33,80,385.34,80,385.35,80,385.36,80,385.37,80
2026-02-05 09:31:37,384.78,384.78,1,384.48,80,385.08,40,385.08,384.48,384.48,80,384.42,80,,,,,,,,,,,,,,,,,385.08,40,385.09,40,385.22,40,385.23,40,385.32,80,385.33,80,385.34,80,385.35,80,385.36,80,385.37,80
2026-02-05 09:31:38,384.78,384.78,2,384.48,80,385.08,40,385.08,384.48,384.48,80,384.42,80,,,,,,,,,,,,,,,,,385.08,40,385.09,40,385.22,40,385.23,40,385.32,80,385.33,80,385.34,80,385.35,80,385.36,80,385.37,80
2026-02-05 09:31:39,384.71,384.78,2,384.34,40,385.08,40,385.08,384.34,384.34,40,,,,,,,,,,,,,,,,,,,385.08,40,385.09,40,385.22,40,385.23,40,385.32,80,385.33,80,385.34,80,385.35,80,385.36,80,385.37,80
2026-02-05 09:31:40,384.71,384.78,2,384.34,120,385.08,40,385.08,384.34,384.34,120,,,,,,,,,,,,,,,,,,,385.08,40,385.09,40,385.22,40,385.23,40,385.32,80,385.33,80,385.34,80,385.35,80,385.36,80,385.37,80
2026-02-05 09:31:41,384.71,384.78,2,384.34,120,385.08,40,385.08,384.34,384.34,120,,,,,,,,,,,,,,,,,,,385.08,40,385.09,40,385.22,40,385.23,40,385.32,80,385.33,80,385.34,80,385.35,80,385.36,80,385.37,80
2026-02-05 09:31:42,384.71,384.78,2,384.34,120,385.08,40,385.08,384.34,384.34,120,,,,,,,,,,,,,,,,,,,385.08,40,385.09,40,385.22,40,385.23,40,385.32,80,385.33,80,385.34,80,385.35,80,385.36,80,385.37,80
2026-02-05 09:31:43,384.71,384.78,2,384.34,120,385.08,40,385.08,384.34,384.34,120,,,,,,,,,,,,,,,,,,,385.08,40,385.09,40,385.22,40,385.23,40,385.32,80,385.33,80,385.34,80,385.35,80,385.36,80,385.37,80
2026-02-05 09:31:44,384.71,384.78,2,384.34,80,385.08,40,385.08,384.34,384.34,80,,,,,,,,,,,,,,,,,,,385.08,40,385.09,40,385.22,40,385.23,40,385.32,80,385.33,80,385.34,80,385.35,80,385.36,80,385.37,80
2026-02-05 09:31:45,384.71,384.78,2,384.34,40,385.08,40,385.08,384.34,384.34,40,,,,,,,,,,,,,,,,,,,385.08,40,385.09,40,385.22,40,385.23,40,385.32,80,385.33,80,385.34,80,385.35,80,385.36,80,385.37,80
2026-02-05 09:31:46,384.71,384.78,2,384.34,40,385.08,40,385.08,384.34,384.34,40,,,,,,,,,,,,,,,,,,,385.08,40,385.09,40,385.22,40,385.23,40,385.32,80,385.33,80,385.34,80,385.35,80,385.36,80,385.37,80
2026-02-05 09:31:47,384.63,384.66,1,384.2,240,385.06,40,385.06,384.2,384.2,240,,,,,,,,,,,,,,,,,,,385.06,40,385.07,40,385.12,40,385.22,40,385.23,40,385.32,80,385.33,80,385.34,80,385.35,80,385.36,80
2026-02-05 09:31:48,384.63,384.66,1,384.2,240,385.06,40,385.06,384.2,384.2,240,,,,,,,,,,,,,,,,,,,385.06,40,385.07,40,385.12,40,385.22,40,385.23,40,385.32,80,385.33,80,385.34,80,385.35,80,385.36,80
2026-02-05 09:31:49,384.625,384.63,1,384.2,240,385.05,40,385.05,384.2,384.2,240,,,,,,,,,,,,,,,,,,,385.05,40,385.06,80,385.07,40,385.12,40,385.22,40,385.23,40,385.32,80,385.33,80,385.34,80,385.35,80
2026-02-05 09:31:50,384.615,384.63,1,384.2,200,385.03,40,385.03,384.2,384.2,200,,,,,,,,,,,,,,,,,,,385.03,40,385.04,80,385.05,80,385.06,80,385.07,40,385.12,40,385.22,40,385.23,40,385.32,80,385.33,80
2026-02-05 09:31:51,384.615,384.63,1,384.2,200,385.03,40,385.03,384.2,384.2,200,,,,,,,,,,,,,,,,,,,385.03,40,385.04,80,385.05,80,385.06,80,385.07,40,385.12,40,385.22,40,385.23,40,385.32,80,385.33,80
2026-02-05 09:31:52,384.6,384.63,1,384.2,200,385.0,80,385.0,384.2,384.2,200,,,,,,,,,,,,,,,,,,,385.0,80,385.01,80,385.02,120,385.03,80,385.04,80,385.05,80,385.06,80,385.07,40,385.12,40,385.22,40
2026-02-05 09:31:53,384.6,384.63,1,384.2,200,385.0,80,385.0,384.2,384.2,200,,,,,,,,,,,,,,,,,,,385.0,80,385.01,80,385.02,120,385.03,80,385.04,80,385.05,80,385.06,80,385.07,40,385.12,40,385.22,40
2026-02-05 09:31:54,384.6,384.63,1,384.2,200,385.0,80,385.0,384.2,384.2,200,,,,,,,,,,,,,,,,,,,385.0,80,385.01,80,385.02,120,385.03,80,385.04,80,385.05,80,385.06,80,385.07,40,385.12,40,385.22,40
2026-02-05 09:31:55,384.565,384.57,1,384.2,200,384.93,80,384.93,384.2,384.2,200,,,,,,,,,,,,,,,,,,,384.93,80,384.94,80,384.95,80,384.96,80,384.97,80,384.98,80,384.99,80,385.0,80,385.01,80,385.02,120
2026-02-05 09:31:56,384.56,384.42,1,384.2,200,384.92,80,384.92,384.2,384.2,200,,,,,,,,,,,,,,,,,,,384.92,80,384.93,80,384.94,80,384.95,80,384.96,80,384.97,80,384.98,80,384.99,80,385.0,80,385.01,80
2026-02-05 09:31:57,384.55,384.45,1,384.2,200,384.9,80,384.9,384.2,384.2,200,,,,,,,,,,,,,,,,,,,384.9,80,384.91,80,384.92,80,384.93,80,384.94,80,384.95,80,384.96,80,384.97,80,384.98,80,384.99,80
2026-02-05 09:31:58,384.54,384.45,1,384.2,200,384.88,80,384.88,384.2,384.2,200,,,,,,,,,,,,,,,,,,,384.88,80,384.89,80,384.9,80,384.91,80,384.92,80,384.93,80,384.94,80,384.95,80,384.96,80,384.97,80
2026-02-05 09:31:59,384.5,384.45,1,384.2,200,384.8,80,384.8,384.2,384.2,200,,,,,,,,,,,,,,,,,,,384.8,80,384.81,80,384.82,80,384.83,80,384.84,80,384.85,80,384.86,80,384.87,80,384.88,80,384.89,80
2026-02-05 09:32:00,384.5,384.45,1,384.2,200,384.8,80,384.8,384.2,384.2,200,,,,,,,,,,,,,,,,,,,384.8,80,384.81,80,384.82,80,384.83,80,384.84,80,384.85,80,384.86,80,384.87,80,384.88,80,384.89,80
2026-02-05 09:32:01,384.68,384.58,1,384.37,40,384.99,120,384.99,384.37,384.37,40,384.36,80,384.35,80,384.2,200,,,,,,,,,,,,,384.99,120,385.0,80,385.01,80,385.02,120,385.03,80,385.04,80,385.05,80,385.06,80,385.07,40,385.12,40
2026-02-05 09:32:02,384.68,384.58,1,384.37,40,384.99,120,384.99,384.37,384.37,40,384.36,80,384.35,80,384.2,200,,,,,,,,,,,,,384.99,120,385.0,80,385.01,80,385.02,120,385.03,80,385.04,80,385.05,80,385.06,80,385.07,40,385.12,40
2026-02-05 09:32:03,384.57,384.57,1,384.15,40,384.99,80,384.99,384.15,384.15,40,,,,,,,,,,,,,,,,,,,384.99,80,385.0,80,385.01,80,385.02,120,385.03,80,385.04,80,385.05,80,385.06,80,385.07,40,385.12,40
2026-02-05 09:32:04,384.57,384.57,1,384.15,40,384.99,80,384.99,384.15,384.15,40,,,,,,,,,,,,,,,,,,,384.99,80,385.0,80,385.01,80,385.02,120,385.03,80,385.04,80,385.05,80,385.06,80,385.07,40,385.12,40
2026-02-05 09:32:05,384.57,384.57,1,384.15,40,384.99,80,384.99,384.15,384.15,40,,,,,,,,,,,,,,,,,,,384.99,80,385.0,80,385.01,80,385.02,120,385.03,80,385.04,80,385.05,80,385.06,80,385.07,40,385.12,40
2026-02-05 09:32:06,384.57,384.57,1,384.15,80,384.99,120,384.99,384.15,384.15,80,,,,,,,,,,,,,,,,,,,384.99,120,385.0,80,385.01,80,385.02,120,385.03,80,385.04,80,385.05,80,385.06,80,385.07,40,385.12,40
2026-02-05 09:32:07,384.57,384.57,1,384.15,80,384.99,120,384.99,384.15,384.15,80,,,,,,,,,,,,,,,,,,,384.99,120,385.0,80,385.01,80,385.02,120,385.03,80,385.04,80,385.05,80,385.06,80,385.07,40,385.12,40
2026-02-05 09:32:08,384.57,384.57,1,384.15,80,384.99,120,384.99,384.15,384.15,80,,,,,,,,,,,,,,,,,,,384.99,120,385.0,80,385.01,80,385.02,120,385.03,80,385.04,80,385.05,80,385.06,80,385.07,40,385.12,40
2026-02-05 09:32:09,384.57,384.57,1,384.15,80,384.99,120,384.99,384.15,384.15,80,,,,,,,,,,,,,,,,,,,384.99,120,385.0,80,385.01,80,385.02,120,385.03,80,385.04,80,385.05,80,385.06,80,385.07,40,385.12,40
2026-02-05 09:32:10,384.57,384.57,1,384.15,80,384.99,120,384.99,384.15,384.15,80,,,,,,,,,,,,,,,,,,,384.99,120,385.0,80,385.01,80,385.02,120,385.03,80,385.04,80,385.05,80,385.06,80,385.07,40,385.12,40
2026-02-05 09:32:11,384.57,384.57,1,384.15,80,384.99,120,384.99,384.15,384.15,80,,,,,,,,,,,,,,,,,,,384.99,120,385.0,80,385.01,80,385.02,120,385.03,80,385.04,80,385.05,80,385.06,80,385.07,40,385.12,40
2026-02-05 09:32:12,384.5,384.57,1,384.15,80,384.85,80,384.85,384.15,384.15,80,,,,,,,,,,,,,,,,,,,384.85,80,384.99,120,385.0,80,385.01,80,385.02,120,385.03,80,385.04,80,385.05,80,385.06,80,385.07,40
2026-02-05 09:32:13,384.5,384.57,1,384.15,80,384.85,80,384.85,384.15,384.15,80,,,,,,,,,,,,,,,,,,,384.85,80,384.99,120,385.0,80,385.01,80,385.02,120,385.03,80,385.04,80,385.05,80,385.06,80,385.07,40
2026-02-05 09:32:14,384.5,384.57,1,384.15,80,384.85,80,384.85,384.15,384.15,80,,,,,,,,,,,,,,,,,,,384.85,80,384.99,120,385.0,80,385.01,80,385.02,120,385.03,80,385.04,80,385.05,80,385.06,80,385.07,40
2026-02-05 09:32:15,384.5,384.57,1,384.15,80,384.85,80,384.85,384.15,384.15,80,,,,,,,,,,,,,,,,,,,384.85,80,384.99,120,385.0,80,385.01,80,385.02,120,385.03,80,385.04,80,385.05,80,385.06,80,385.07,40
2026-02-05 09:32:16,384.495,384.57,1,384.15,40,384.84,80,384.84,384.15,384.15,40,,,,,,,,,,,,,,,,,,,384.84,80,384.85,160,384.99,120,385.0,80,385.01,80,385.02,120,385.03,80,385.04,80,385.05,80,385.06,80
2026-02-05 09:32:17,384.03,384.0,1,383.66,40,384.4,40,384.4,383.66,383.66,40,383.65,40,,,,,,,,,,,,,,,,,384.4,40,384.41,80,384.42,80,384.83,200,384.84,120,384.85,160,384.99,120,385.0,80,385.01,80,385.02,120
2026-02-05 09:32:18,384.03,384.0,1,383.66,120,384.4,40,384.4,383.66,383.66,120,383.65,40,,,,,,,,,,,,,,,,,384.4,40,384.41,80,384.42,80,384.83,200,384.84,120,384.85,160,384.99,120,385.0,80,385.01,80,385.02,120
2026-02-05 09:32:19,384.015,384.0,1,383.66,200,384.37,40,384.37,383.66,383.66,200,383.65,40,,,,,,,,,,,,,,,,,384.37,40,384.38,40,384.39,40,384.4,40,384.41,80,384.42,80,384.83,200,384.84,120,384.85,160,384.99,120
2026-02-05 09:32:20,384.14,384.37,1,383.89,120,384.39,40,384.39,383.89,383.89,120,383.66,120,383.65,40,,,,,,,,,,,,,,,384.39,40,384.4,80,384.41,80,384.42,80,384.83,200,384.84,120,384.85,160,384.99,120,385.0,80,385.01,80
2026-02-05 09:32:21,384.13,384.37,1,383.89,120,384.37,40,384.37,383.89,383.89,120,383.66,120,383.65,40,,,,,,,,,,,,,,,384.37,40,384.39,40,384.4,80,384.41,80,384.42,80,384.83,200,384.84,120,384.85,160,384.99,120,385.0,80
2026-02-05 09:32:22,384.12,384.37,1,383.89,120,384.35,40,384.35,383.89,383.89,120,383.66,120,383.65,40,,,,,,,,,,,,,,,384.35,40,384.36,40,384.37,200,384.39,40,384.4,80,384.41,80,384.42,80,384.83,200,384.84,120,384.85,160
2026-02-05 09:32:23,384.12,384.37,1,383.89,120,384.35,40,384.35,383.89,383.89,120,383.66,120,383.65,40,,,,,,,,,,,,,,,384.35,40,384.36,40,384.37,200,384.39,40,384.4,80,384.41,80,384.42,80,384.83,200,384.84,120,384.85,160
2026-02-05 09:32:24,384.12,384.37,1,383.89,120,384.35,40,384.35,383.89,383.89,120,383.66,120,383.65,40,,,,,,,,,,,,,,,384.35,40,384.36,40,384.37,200,384.39,40,384.4,80,384.41,80,384.42,80,384.83,200,384.84,120,384.85,160
2026-02-05 09:32:25,384.12,384.37,1,383.89,120,384.35,40,384.35,383.89,383.89,120,383.66,120,383.65,40,,,,,,,,,,,,,,,384.35,40,384.36,40,384.37,200,384.39,40,384.4,80,384.41,80,384.42,80,384.83,200,384.84,120,384.85,160
2026-02-05 09:32:26,384.12,384.37,1,383.89,120,384.35,40,384.35,383.89,383.89,120,383.66,120,383.65,40,,,,,,,,,,,,,,,384.35,40,384.36,40,384.37,200,384.39,40,384.4,80,384.41,80,384.42,80,384.83,200,384.84,120,384.85,160
2026-02-05 09:32:27,384.12,384.37,1,383.89,120,384.35,40,384.35,383.89,383.89,120,383.66,120,383.65,40,,,,,,,,,,,,,,,384.35,40,384.36,40,384.37,200,384.39,40,384.4,80,384.41,80,384.42,80,384.83,200,384.84,120,384.85,160
2026-02-05 09:32:28,384.12,384.37,1,383.89,120,384.35,40,384.35,383.89,383.89,120,383.66,120,383.65,40,,,,,,,,,,,,,,,384.35,40,384.36,40,384.37,200,384.39,40,384.4,80,384.41,80,384.42,80,384.83,200,384.84,120,384.85,160
2026-02-05 09:32:29,384.12,384.35,1,383.89,80,384.35,40,384.35,383.89,383.89,80,383.66,120,383.65,40,,,,,,,,,,,,,,,384.35,40,384.36,40,384.37,200,384.39,40,384.4,80,384.41,80,384.42,80,384.83,200,384.84,120,384.85,160
2026-02-05 09:32:30,384.12,384.35,1,383.89,80,384.35,40,384.35,383.89,383.89,80,383.66,120,383.65,40,,,,,,,,,,,,,,,384.35,40,384.36,40,384.37,200,384.39,40,384.4,80,384.41,80,384.42,80,384.83,200,384.84,120,384.85,160
2026-02-05 09:32:31,384.12,384.35,1,383.89,80,384.35,40,384.35,383.89,383.89,80,383.66,120,383.65,40,,,,,,,,,,,,,,,384.35,40,384.36,40,384.37,200,384.39,40,384.4,80,384.41,80,384.42,80,384.83,200,384.84,120,384.85,160
2026-02-05 09:32:32,384.12,384.35,1,383.89,80,384.35,40,384.35,383.89,383.89,80,383.66,120,383.65,40,,,,,,,,,,,,,,,384.35,40,384.36,40,384.37,200,384.39,40,384.4,80,384.41,80,384.42,80,384.83,200,384.84,120,384.85,160
2026-02-05 09:32:33,384.12,384.35,1,383.89,80,384.35,40,384.35,383.89,383.89,80,383.66,120,383.65,40,,,,,,,,,,,,,,,384.35,40,384.36,40,384.37,200,384.39,40,384.4,80,384.41,80,384.42,80,384.83,200,384.84,120,384.85,160
2026-02-05 09:32:34,384.015,384.35,1,383.67,40,384.36,120,384.36,383.67,383.67,40,383.66,120,383.65,40,,,,,,,,,,,,,,,384.36,120,384.37,200,384.39,40,384.4,80,384.41,80,384.42,80,384.83,200,384.84,120,384.85,160,384.99,120
2026-02-05 09:32:35,384.005,384.35,1,383.67,40,384.34,40,384.34,383.67,383.67,40,383.66,120,383.65,40,,,,,,,,,,,,,,,384.34,40,384.35,40,384.36,120,384.37,200,384.39,40,384.4,80,384.41,80,384.42,80,384.83,200,384.84,120
2026-02-05 09:32:36,383.995,384.35,1,383.65,40,384.34,40,384.34,383.65,383.65,40,,,,,,,,,,,,,,,,,,,384.34,40,384.35,40,384.36,120,384.37,200,384.39,40,384.4,80,384.41,80,384.42,80,384.83,200,384.84,120
2026-02-05 09:32:37,383.88,384.35,1,383.65,160,384.11,40,384.11,383.65,383.65,160,,,,,,,,,,,,,,,,,,,384.11,40,384.13,40,384.34,40,384.35,40,384.36,120,384.37,200,384.39,40,384.4,80,384.41,80,384.42,80
2026-02-05 09:32:38,383.88,384.35,1,383.65,160,384.11,40,384.11,383.65,383.65,160,,,,,,,,,,,,,,,,,,,384.11,40,384.13,40,384.34,40,384.35,40,384.36,120,384.37,200,384.39,40,384.4,80,384.41,80,384.42,80
2026-02-05 09:32:39,383.995,384.35,1,383.65,160,384.34,40,384.34,383.65,383.65,160,,,,,,,,,,,,,,,,,,,384.34,40,384.36,80,384.37,200,384.39,40,384.4,80,384.41,80,384.42,80,384.83,200,384.84,120,384.85,160
2026-02-05 09:32:40,383.995,384.35,1,383.65,160,384.34,40,384.34,383.65,383.65,160,,,,,,,,,,,,,,,,,,,384.34,40,384.36,80,384.37,200,384.39,40,384.4,80,384.41,80,384.42,80,384.83,200,384.84,120,384.85,160
2026-02-05 09:32:41,383.995,384.35,1,383.65,160,384.34,40,384.34,383.65,383.65,160,,,,,,,,,,,,,,,,,,,384.34,40,384.36,80,384.37,200,384.39,40,384.4,80,384.41,80,384.42,80,384.83,200,384.84,120,384.85,160
2026-02-05 09:32:42,383.97,384.35,1,383.65,160,384.29,40,384.29,383.65,383.65,160,,,,,,,,,,,,,,,,,,,384.29,40,384.3,80,384.31,40,384.32,40,384.33,40,384.34,40,384.36,80,384.37,200,384.39,40,384.4,80
2026-02-05 09:32:43,383.65,384.35,1,383.34,400,383.96,40,383.96,383.34,383.34,400,383.33,400,383.26,80,,,,,,,,,,,,,,,383.96,40,383.97,40,384.29,80,384.3,80,384.31,40,384.32,40,384.33,40,384.34,40,384.36,80,384.37,200
2026-02-05 09:32:44,383.65,383.51,1,383.34,400,383.96,40,383.96,383.34,383.34,400,383.33,400,383.26,80,,,,,,,,,,,,,,,383.96,40,383.97,40,384.29,80,384.3,80,384.31,40,384.32,40,384.33,40,384.34,40,384.36,80,384.37,200
2026-02-05 09:32:45,383.65,383.51,1,383.34,400,383.96,160,383.96,383.34,383.34,400,383.33,400,383.26,80,,,,,,,,,,,,,,,383.96,160,383.97,40,384.29,80,384.3,80,384.31,40,384.32,40,384.33,40,384.34,40,384.36,80,384.37,200
2026-02-05 09:32:46,383.88,384.01,1,383.42,40,384.34,120,384.34,383.42,383.42,40,383.34,400,383.33,400,383.26,80,,,,,,,,,,,,,384.34,120,384.36,80,384.37,200,384.39,40,384.4,80,384.41,80,384.42,80,384.83,200,384.84,120,384.85,160
2026-02-05 09:32:47,383.88,384.01,1,383.42,40,384.34,120,384.34,383.42,383.42,40,383.34,400,383.33,400,383.26,80,,,,,,,,,,,,,384.34,120,384.36,80,384.37,200,384.39,40,384.4,80,384.41,80,384.42,80,384.83,200,384.84,120,384.85,160
2026-02-05 09:32:48,384.04,384.01,1,383.74,80,384.34,120,384.34,383.74,383.74,80,383.42,40,383.34,400,383.33,400,383.26,80,,,,,,,,,,,384.34,120,384.36,80,384.37,200,384.39,40,384.4,80,384.41,80,384.42,80,384.83,200,384.84,120,384.85,160
2026-02-05 09:32:49,384.04,384.01,1,383.74,80,384.34,120,384.34,383.74,383.74,80,383.42,40,383.34,400,383.33,400,383.26,80,,,,,,,,,,,384.34,120,384.36,80,384.37,200,384.39,40,384.4,80,384.41,80,384.42,80,384.83,200,384.84,120,384.85,160
2026-02-05 09:32:50,384.04,384.01,1,383.74,80,384.34,120,384.34,383.74,383.74,80,383.42,40,383.34,400,383.33,400,383.26,80,,,,,,,,,,,384.34,120,384.36,80,384.37,200,384.39,40,384.4,80,384.41,80,384.42,80,384.83,200,384.84,120,384.85,160
2026-02-05 09:32:51,384.04,384.01,1,383.74,80,384.34,120,384.34,383.74,383.74,80,383.42,40,383.34,400,383.33,400,383.26,80,,,,,,,,,,,384.34,120,384.36,80,384.37,200,384.39,40,384.4,80,384.41,80,384.42,80,384.83,200,384.84,120,384.85,160
2026-02-05 09:32:52,384.04,384.01,1,383.74,80,384.34,160,384.34,383.74,383.74,80,383.42,40,383.34,400,383.33,400,383.26,80,,,,,,,,,,,384.34,160,384.36,80,384.37,200,384.39,40,384.4,80,384.41,80,384.42,80,384.83,200,384.84,120,384.85,160
2026-02-05 09:32:53,383.745,383.74,1,383.45,40,384.04,120,384.04,383.45,383.45,40,383.42,40,383.34,400,383.33,400,383.26,80,,,,,,,,,,,384.04,120,384.07,80,384.34,160,384.36,80,384.37,200,384.39,40,384.4,80,384.41,80,384.42,80,384.83,200
2026-02-05 09:32:54,383.745,383.74,1,383.45,40,384.04,120,384.04,383.45,383.45,40,383.42,40,383.34,400,383.33,400,383.26,80,,,,,,,,,,,384.04,120,384.07,80,384.34,160,384.36,80,384.37,200,384.39,40,384.4,80,384.41,80,384.42,80,384.83,200
2026-02-05 09:32:55,383.71,383.74,1,383.38,120,384.04,80,384.04,383.38,383.38,120,383.34,400,383.33,400,383.26,80,,,,,,,,,,,,,384.04,80,384.07,80,384.34,160,384.36,80,384.37,200,384.39,40,384.4,80,384.41,80,384.42,80,384.83,200
2026-02-05 09:32:56,383.71,383.74,1,383.38,120,384.04,80,384.04,383.38,383.38,120,383.34,400,383.33,400,383.26,80,,,,,,,,,,,,,384.04,80,384.07,80,384.34,160,384.36,80,384.37,200,384.39,40,384.4,80,384.41,80,384.42,80,384.83,200
2026-02-05 09:32:57,383.71,383.74,1,383.38,120,384.04,80,384.04,383.38,383.38,120,383.34,400,383.33,400,383.26,80,,,,,,,,,,,,,384.04,80,384.07,80,384.34,160,384.36,80,384.37,200,384.39,40,384.4,80,384.41,80,384.42,80,384.83,200
2026-02-05 09:32:58,383.71,383.74,1,383.38,120,384.04,80,384.04,383.38,383.38,120,383.34,400,383.33,400,383.26,80,,,,,,,,,,,,,384.04,80,384.07,80,384.34,160,384.36,80,384.37,200,384.39,40,384.4,80,384.41,80,384.42,80,384.83,200
2026-02-05 09:32:59,383.705,383.74,1,383.38,160,384.03,80,384.03,383.38,383.38,160,383.34,400,383.33,400,383.26,80,,,,,,,,,,,,,384.03,80,384.04,80,384.07,80,384.34,160,384.36,80,384.37,200,384.39,40,384.4,80,384.41,80,384.42,80
2026-02-05 09:33:00,383.705,383.96,1,383.38,160,384.03,40,384.03,383.38,383.38,160,383.34,400,383.33,400,383.26,80,,,,,,,,,,,,,384.03,40,384.04,80,384.07,80,384.34,160,384.36,80,384.37,200,384.39,40,384.4,80,384.41,80,384.42,80
2026-02-05 09:33:01,383.705,383.96,1,383.38,160,384.03,40,384.03,383.38,383.38,160,383.34,400,383.33,400,383.26,80,,,,,,,,,,,,,384.03,40,384.04,80,384.07,80,384.34,160,384.36,80,384.37,200,384.39,40,384.4,80,384.41,80,384.42,80
2026-02-05 09:33:02,383.705,383.96,1,383.38,160,384.03,40,384.03,383.38,383.38,160,383.34,400,383.33,400,383.26,80,,,,,,,,,,,,,384.03,40,384.04,80,384.07,80,384.34,160,384.36,80,384.37,200,384.39,40,384.4,80,384.41,80,384.42,80
2026-02-05 09:33:03,383.98,383.96,1,383.58,80,384.38,40,384.38,383.58,383.58,80,383.54,80,383.38,120,383.34,400,383.33,400,383.26,80,,,,,,,,,384.38,40,384.39,40,384.4,80,384.41,80,384.42,80,384.83,200,384.84,120,384.85,160,384.99,120,385.0,80
2026-02-05 09:33:04,383.98,383.96,1,383.58,120,384.38,40,384.38,383.58,383.58,120,383.54,80,383.38,120,383.34,400,383.33,400,383.26,80,,,,,,,,,384.38,40,384.39,40,384.4,80,384.41,80,384.42,80,384.83,200,384.84,120,384.85,160,384.99,120,385.0,80
2026-02-05 09:33:05,384.24,383.96,1,383.59,160,384.89,40,384.89,383.59,383.59,160,383.58,160,383.54,80,383.38,120,383.34,400,383.33,400,383.26,80,,,,,,,384.89,40,384.99,120,385.0,80,385.01,80,385.02,120,385.03,80,385.04,80,385.05,80,385.06,80,385.07,40
2026-02-05 09:33:06,384.55,383.96,1,384.21,80,384.89,40,384.89,384.21,384.21,80,383.59,160,383.58,160,383.54,80,383.38,120,383.34,400,383.33,400,383.26,80,,,,,384.89,40,384.99,120,385.0,80,385.01,80,385.02,120,385.03,80,385.04,80,385.05,80,385.06,80,385.07,40
2026-02-05 09:33:07,384.55,383.96,1,384.21,40,384.89,40,384.89,384.21,384.21,40,383.59,160,383.58,160,383.54,80,383.38,120,383.34,400,383.33,400,383.26,80,,,,,384.89,40,384.99,120,385.0,80,385.01,80,385.02,120,385.03,80,385.04,80,385.05,80,385.06,80,385.07,40
2026-02-05 09:33:08,384.545,383.96,1,384.21,40,384.88,40,384.88,384.21,384.21,40,383.59,160,383.58,160,383.54,80,383.38,120,383.34,400,383.33,400,383.26,80,,,,,384.88,40,384.89,40,384.99,120,385.0,80,385.01,80,385.02,120,385.03,80,385.04,80,385.05,80,385.06,80
2026-02-05 09:33:09,384.545,383.96,1,384.21,40,384.88,40,384.88,384.21,384.21,40,383.59,160,383.58,160,383.54,80,383.38,120,383.34,400,383.33,400,383.26,80,,,,,384.88,40,384.89,40,384.99,120,385.0,80,385.01,80,385.02,120,385.03,80,385.04,80,385.05,80,385.06,80
2026-02-05 09:33:10,384.545,383.96,1,384.21,160,384.88,40,384.88,384.21,384.21,160,383.59,160,383.58,160,383.54,80,383.38,120,383.34,400,383.33,400,383.26,80,,,,,384.88,40,384.89,40,384.99,120,385.0,80,385.01,80,385.02,120,385.03,80,385.04,80,385.05,80,385.06,80
2026-02-05 09:33:11,384.525,384.55,1,384.21,120,384.84,40,384.84,384.21,384.21,120,383.59,160,383.58,160,383.54,80,383.38,120,383.34,400,383.33,400,383.26,80,,,,,384.84,40,384.85,80,384.86,80,384.88,40,384.89,40,384.99,120,385.0,80,385.01,80,385.02,120,385.03,80
2026-02-05 09:33:12,384.52,384.55,1,384.21,120,384.83,40,384.83,384.21,384.21,120,383.59,160,383.58,160,383.54,80,383.38,120,383.34,400,383.33,400,383.26,80,,,,,384.83,40,384.84,40,384.85,80,384.86,80,384.88,40,384.89,40,384.99,120,385.0,80,385.01,80,385.02,120
2026-02-05 09:33:13,384.52,384.55,1,384.21,120,384.83,40,384.83,384.21,384.21,120,383.59,160,383.58,160,383.54,80,383.38,120,383.34,400,383.33,400,383.26,80,,,,,384.83,40,384.84,40,384.85,80,384.86,80,384.88,40,384.89,40,384.99,120,385.0,80,385.01,80,385.02,120
2026-02-05 09:33:14,384.52,384.55,1,384.21,120,384.83,40,384.83,384.21,384.21,120,383.59,160,383.58,160,383.54,80,383.38,120,383.34,400,383.33,400,383.26,80,,,,,384.83,40,384.84,40,384.85,80,384.86,80,384.88,40,384.89,40,384.99,120,385.0,80,385.01,80,385.02,120
2026-02-05 09:33:15,384.575,384.55,1,384.26,40,384.89,40,384.89,384.26,384.26,40,384.18,80,383.59,160,383.58,160,383.54,80,383.38,120,383.34,400,383.33,400,383.26,80,,,384.89,40,384.92,80,384.99,120,385.0,80,385.01,80,385.02,120,385.03,80,385.04,80,385.05,80,385.06,80
2026-02-05 09:33:16,384.575,384.55,1,384.26,80,384.89,40,384.89,384.26,384.26,80,384.18,80,383.59,160,383.58,160,383.54,80,383.38,120,383.34,400,383.33,400,383.26,80,,,384.89,40,384.92,80,384.99,120,385.0,80,385.01,80,385.02,120,385.03,80,385.04,80,385.05,80,385.06,80
2026-02-05 09:33:17,384.575,384.55,1,384.26,160,384.89,40,384.89,384.26,384.26,160,384.18,80,383.59,160,383.58,160,383.54,80,383.38,120,383.34,400,383.33,400,383.26,80,,,384.89,40,384.92,80,384.99,120,385.0,80,385.01,80,385.02,120,385.03,80,385.04,80,385.05,80,385.06,80
2026-02-05 09:33:18,384.635,384.55,1,384.35,80,384.92,40,384.92,384.35,384.35,80,384.26,120,384.18,80,383.59,160,383.58,160,383.54,80,383.38,120,383.34,400,383.33,400,383.26,80,384.92,40,385.03,120,385.04,80,385.05,80,385.06,80,385.07,40,385.12,40,385.22,40,385.23,40,385.32,80
2026-02-05 09:33:19,384.74,384.55,1,384.38,120,385.1,40,385.1,384.38,384.38,120,384.35,320,384.26,120,384.18,80,383.59,160,383.58,160,383.54,80,383.38,120,383.34,400,383.33,400,385.1,40,385.12,40,385.22,40,385.23,40,385.32,80,385.33,80,385.34,80,385.35,80,385.36,80,385.37,80
2026-02-05 09:33:20,384.755,384.9,5,384.41,200,385.1,40,385.1,384.41,384.41,200,384.38,200,384.35,320,384.26,120,384.18,80,383.59,160,383.58,160,383.54,80,383.38,120,383.34,400,385.1,40,385.12,40,385.22,40,385.23,40,385.32,80,385.33,80,385.34,80,385.35,80,385.36,80,385.37,80
2026-02-05 09:33:21,384.755,384.9,5,384.41,200,385.1,40,385.1,384.41,384.41,200,384.38,200,384.35,320,384.26,120,384.18,80,383.59,160,383.58,160,383.54,80,383.38,120,383.34,400,385.1,40,385.12,40,385.22,40,385.23,40,385.32,80,385.33,80,385.34,80,385.35,80,385.36,80,385.37,80
2026-02-05 09:33:22,384.735,384.9,5,384.41,200,385.06,40,385.06,384.41,384.41,200,384.38,200,384.35,320,384.26,120,384.18,80,383.59,160,383.58,160,383.54,80,383.38,120,383.34,400,385.06,40,385.1,40,385.12,40,385.22,40,385.23,40,385.32,80,385.33,80,385.34,80,385.35,80,385.36,80
2026-02-05 09:33:23,384.735,384.9,5,384.41,200,385.06,40,385.06,384.41,384.41,200,384.38,200,384.35,320,384.26,120,384.18,80,383.59,160,383.58,160,383.54,80,383.38,120,383.34,400,385.06,40,385.1,40,385.12,40,385.22,40,385.23,40,385.32,80,385.33,80,385.34,80,385.35,80,385.36,80
2026-02-05 09:33:24,385.07,384.9,5,384.75,80,385.39,40,385.39,384.75,384.75,80,384.74,40,384.41,200,384.38,200,384.35,320,384.26,120,384.18,80,383.59,160,383.58,160,383.54,80,385.39,40,385.69,40,385.7,40,386.28,80,386.29,120,386.3,40,386.31,80,386.32,80,386.33,80,386.34,40
2026-02-05 09:33:25,385.07,384.9,5,384.75,80,385.39,40,385.39,384.75,384.75,80,384.74,40,384.41,200,384.38,200,384.35,320,384.26,120,384.18,80,383.59,160,383.58,160,383.54,80,385.39,40,385.69,40,385.7,40,386.28,80,386.29,120,386.3,40,386.31,80,386.32,80,386.33,80,386.34,40
2026-02-05 09:33:26,385.07,384.9,5,384.75,80,385.39,40,385.39,384.75,384.75,80,384.74,40,384.41,200,384.38,200,384.35,320,384.26,120,384.18,80,383.59,160,383.58,160,383.54,80,385.39,40,385.69,40,385.7,40,386.28,80,386.29,120,386.3,40,386.31,80,386.32,80,386.33,80,386.34,40
2026-02-05 09:33:27,385.07,385.07,1,384.75,120,385.39,40,385.39,384.75,384.75,120,384.74,40,384.41,200,384.38,200,384.35,320,384.26,120,384.18,80,383.59,160,383.58,160,383.54,80,385.39,40,385.69,40,385.7,40,386.28,80,386.29,120,386.3,40,386.31,80,386.32,80,386.33,80,386.34,40
2026-02-05 09:33:28,385.07,385.07,1,384.75,120,385.39,40,385.39,384.75,384.75,120,384.74,40,384.41,200,384.38,200,384.35,320,384.26,120,384.18,80,383.59,160,383.58,160,383.54,80,385.39,40,385.69,40,385.7,40,386.28,80,386.29,120,386.3,40,386.31,80,386.32,80,386.33,80,386.34,40
2026-02-05 09:33:29,385.07,385.07,1,384.75,120,385.39,40,385.39,384.75,384.75,120,384.74,40,384.41,200,384.38,200,384.35,320,384.26,120,384.18,80,383.59,160,383.58,160,383.54,80,385.39,40,385.69,40,385.7,40,386.28,80,386.29,120,386.3,40,386.31,80,386.32,80,386.33,80,386.34,40
2026-02-05 09:33:30,385.07,385.07,1,384.75,120,385.39,40,385.39,384.75,384.75,120,384.74,40,384.41,200,384.38,200,384.35,320,384.26,120,384.18,80,383.59,160,383.58,160,383.54,80,385.39,40,385.69,40,385.7,40,386.28,80,386.29,120,386.3,40,386.31,80,386.32,80,386.33,80,386.34,40
2026-02-05 09:33:31,385.07,385.07,1,384.75,120,385.39,40,385.39,384.75,384.75,120,384.74,40,384.41,200,384.38,200,384.35,320,384.26,120,384.18,80,383.59,160,383.58,160,383.54,80,385.39,40,385.69,40,385.7,40,386.28,80,386.29,120,386.3,40,386.31,80,386.32,80,386.33,80,386.34,40
2026-02-05 09:33:32,385.07,385.07,1,384.75,120,385.39,40,385.39,384.75,384.75,120,384.74,40,384.41,200,384.38,200,384.35,320,384.26,120,384.18,80,383.59,160,383.58,160,383.54,80,385.39,40,385.69,40,385.7,40,386.28,80,386.29,120,386.3,40,386.31,80,386.32,80,386.33,80,386.34,40
2026-02-05 09:33:33,385.065,385.07,1,384.75,120,385.38,80,385.38,384.75,384.75,120,384.74,40,384.41,200,384.38,200,384.35,320,384.26,120,384.18,80,383.59,160,383.58,160,383.54,80,385.38,80,385.39,120,385.69,40,385.7,40,386.28,80,386.29,120,386.3,40,386.31,80,386.32,80,386.33,80
2026-02-05 09:33:34,385.065,385.07,1,384.75,120,385.38,80,385.38,384.75,384.75,120,384.74,40,384.41,200,384.38,200,384.35,320,384.26,120,384.18,80,383.59,160,383.58,160,383.54,80,385.38,80,385.39,120,385.69,40,385.7,40,386.28,80,386.29,120,386.3,40,386.31,80,386.32,80,386.33,80
2026-02-05 09:33:35,385.065,385.07,1,384.75,120,385.38,80,385.38,384.75,384.75,120,384.74,40,384.41,200,384.38,200,384.35,320,384.26,120,384.18,80,383.59,160,383.58,160,383.54,80,385.38,80,385.39,120,385.69,40,385.7,40,386.28,80,386.29,120,386.3,40,386.31,80,386.32,80,386.33,80
2026-02-05 09:33:36,385.065,385.07,1,384.75,120,385.38,80,385.38,384.75,384.75,120,384.74,40,384.41,200,384.38,200,384.35,320,384.26,120,384.18,80,383.59,160,383.58,160,383.54,80,385.38,80,385.39,120,385.69,40,385.7,40,386.28,80,386.29,120,386.3,40,386.31,80,386.32,80,386.33,80
2026-02-05 09:33:37,385.065,385.07,1,384.75,120,385.38,80,385.38,384.75,384.75,120,384.74,40,384.41,200,384.38,200,384.35,320,384.26,120,384.18,80,383.59,160,383.58,160,383.54,80,385.38,80,385.39,120,385.69,40,385.7,40,386.28,80,386.29,120,386.3,40,386.31,80,386.32,80,386.33,80
2026-02-05 09:33:38,385.065,385.07,1,384.75,120,385.38,80,385.38,384.75,384.75,120,384.74,40,384.41,200,384.38,200,384.35,320,384.26,120,384.18,80,383.59,160,383.58,160,383.54,80,385.38,80,385.39,120,385.69,40,385.7,40,386.28,80,386.29,120,386.3,40,386.31,80,386.32,80,386.33,80
2026-02-05 09:33:39,385.065,385.07,1,384.75,120,385.38,80,385.38,384.75,384.75,120,384.74,40,384.41,200,384.38,200,384.35,320,384.26,120,384.18,80,383.59,160,383.58,160,383.54,80,385.38,80,385.39,120,385.69,40,385.7,40,386.28,80,386.29,120,386.3,40,386.31,80,386.32,80,386.33,80
2026-02-05 09:33:40,385.065,385.07,1,384.75,120,385.38,80,385.38,384.75,384.75,120,384.74,40,384.41,200,384.38,200,384.35,320,384.26,120,384.18,80,383.59,160,383.58,160,383.54,80,385.38,80,385.39,120,385.69,40,385.7,40,386.28,80,386.29,120,386.3,40,386.31,80,386.32,80,386.33,80
2026-02-05 09:33:41,385.06,385.07,1,384.75,120,385.37,80,385.37,384.75,384.75,120,384.74,40,384.41,200,384.38,200,384.35,320,384.26,120,384.18,80,383.59,160,383.58,160,383.54,80,385.37,80,385.38,80,385.39,120,385.69,40,385.7,40,386.28,80,386.29,120,386.3,40,386.31,80,386.32,80
2026-02-05 09:33:42,385.38,385.38,1,385.07,120,385.69,80,385.69,385.07,385.07,120,385.05,80,384.75,200,384.74,40,384.41,200,384.38,200,384.35,320,384.26,120,384.18,80,383.59,160,385.69,80,385.7,40,386.28,80,386.29,120,386.3,40,386.31,80,386.32,80,386.33,80,386.34,40,386.35,40
2026-02-05 09:33:43,385.38,385.38,1,385.07,120,385.69,80,385.69,385.07,385.07,120,385.05,80,384.75,200,384.74,40,384.41,200,384.38,200,384.35,320,384.26,120,384.18,80,383.59,160,385.69,80,385.7,40,386.28,80,386.29,120,386.3,40,386.31,80,386.32,80,386.33,80,386.34,40,386.35,40
2026-02-05 09:33:44,385.38,385.38,1,385.07,160,385.69,80,385.69,385.07,385.07,160,385.05,80,384.75,200,384.74,40,384.41,200,384.38,200,384.35,320,384.26,120,384.18,80,383.59,160,385.69,80,385.7,40,386.28,80,386.29,120,386.3,40,386.31,80,386.32,80,386.33,80,386.34,40,386.35,40
2026-02-05 09:33:45,385.38,385.38,1,385.07,200,385.69,80,385.69,385.07,385.07,200,385.05,80,384.75,200,384.74,40,384.41,200,384.38,200,384.35,320,384.26,120,384.18,80,383.59,160,385.69,80,385.7,40,386.28,80,386.29,120,386.3,40,386.31,80,386.32,80,386.33,80,386.34,40,386.35,40
2026-02-05 09:33:46,385.38,385.38,1,385.07,240,385.69,80,385.69,385.07,385.07,240,385.05,80,384.75,200,384.74,40,384.41,200,384.38,200,384.35,320,384.26,120,384.18,80,383.59,160,385.69,80,385.7,40,386.28,80,386.29,120,386.3,40,386.31,80,386.32,80,386.33,80,386.34,40,386.35,40
2026-02-05 09:33:47,385.38,385.38,1,385.07,240,385.69,80,385.69,385.07,385.07,240,385.05,80,384.75,200,384.74,40,384.41,200,384.38,200,384.35,320,384.26,120,384.18,80,383.59,160,385.69,80,385.7,40,386.28,80,386.29,120,386.3,40,386.31,80,386.32,80,386.33,80,386.34,40,386.35,40
2026-02-05 09:33:48,385.38,385.38,1,385.07,240,385.69,80,385.69,385.07,385.07,240,385.05,80,384.75,200,384.74,40,384.41,200,384.38,200,384.35,320,384.26,120,384.18,80,383.59,160,385.69,80,385.7,40,386.28,80,386.29,120,386.3,40,386.31,80,386.32,80,386.33,80,386.34,40,386.35,40
2026-02-05 09:33:49,385.38,385.38,1,385.07,240,385.69,80,385.69,385.07,385.07,240,385.05,80,384.75,200,384.74,40,384.41,200,384.38,200,384.35,320,384.26,120,384.18,80,383.59,160,385.69,80,385.7,40,386.28,80,386.29,120,386.3,40,386.31,80,386.32,80,386.33,80,386.34,40,386.35,40
2026-02-05 09:33:50,385.38,385.38,1,385.07,240,385.69,80,385.69,385.07,385.07,240,385.05,80,384.75,200,384.74,40,384.41,200,384.38,200,384.35,320,384.26,120,384.18,80,383.59,160,385.69,80,385.7,40,386.28,80,386.29,120,386.3,40,386.31,80,386.32,80,386.33,80,386.34,40,386.35,40
2026-02-05 09:33:51,385.38,385.38,1,385.07,240,385.69,80,385.69,385.07,385.07,240,385.05,80,384.75,200,384.74,40,384.41,200,384.38,200,384.35,320,384.26,120,384.18,80,383.59,160,385.69,80,385.7,40,386.28,80,386.29,120,386.3,40,386.31,80,386.32,80,386.33,80,386.34,40,386.35,40
2026-02-05 09:33:52,385.38,385.38,1,385.07,240,385.69,80,385.69,385.07,385.07,240,385.05,80,384.75,200,384.74,40,384.41,200,384.38,200,384.35,320,384.26,120,384.18,80,383.59,160,385.69,80,385.7,40,386.28,80,386.29,120,386.3,40,386.31,80,386.32,80,386.33,80,386.34,40,386.35,40
2026-02-05 09:33:53,385.38,385.38,1,385.07,240,385.69,80,385.69,385.07,385.07,240,385.05,80,384.75,200,384.74,40,384.41,200,384.38,200,384.35,320,384.26,120,384.18,80,383.59,160,385.69,80,385.7,40,386.28,80,386.29,120,386.3,40,386.31,80,386.32,80,386.33,80,386.34,40,386.35,40
2026-02-05 09:33:54,385.38,385.38,1,385.07,240,385.69,80,385.69,385.07,385.07,240,385.05,80,384.75,200,384.74,40,384.41,200,384.38,200,384.35,320,384.26,120,384.18,80,383.59,160,385.69,80,385.7,40,386.28,80,386.29,120,386.3,40,386.31,80,386.32,80,386.33,80,386.34,40,386.35,40
2026-02-05 09:33:55,386.35,386.38,1,385.71,120,386.99,40,386.99,385.71,385.71,120,385.7,120,385.69,40,385.07,280,385.05,80,384.75,200,384.74,40,384.41,200,384.38,200,384.35,320,386.99,40,387.0,520,387.01,40,389.0,200,,,,,,,,,,,,
2026-02-05 09:33:56,386.31,385.67,1,385.72,40,386.9,80,386.9,385.72,385.72,40,385.71,160,385.7,120,385.69,40,385.07,280,385.05,80,384.75,200,384.74,40,384.41,200,384.38,200,386.9,80,387.0,520,387.01,40,389.0,200,,,,,,,,,,,,
2026-02-05 09:33:57,386.315,385.67,1,385.73,40,386.9,80,386.9,385.73,385.73,40,385.72,120,385.71,160,385.7,120,385.69,40,385.07,280,385.05,80,384.75,200,384.74,40,384.41,200,386.9,80,387.0,520,387.01,40,389.0,200,,,,,,,,,,,,
2026-02-05 09:33:58,386.505,385.67,1,386.1,80,386.91,40,386.91,386.1,386.1,80,386.08,40,385.94,80,385.72,160,385.71,160,385.7,120,385.69,40,385.07,280,385.05,80,384.75,200,386.91,40,387.0,520,387.01,40,389.0,200,,,,,,,,,,,,
2026-02-05 09:33:59,386.51,385.67,1,386.11,80,386.91,40,386.91,386.11,386.11,80,386.1,80,386.08,40,385.94,80,385.72,160,385.71,160,385.7,120,385.69,40,385.07,280,385.05,80,386.91,40,387.0,520,387.01,40,389.0,200,,,,,,,,,,,,
2026-02-05 09:34:00,386.51,385.67,1,386.11,80,386.91,80,386.91,386.11,386.11,80,386.1,80,386.08,40,385.94,80,385.72,160,385.71,160,385.7,120,385.69,40,385.07,280,385.05,80,386.91,80,387.0,520,387.01,40,389.0,200,,,,,,,,,,,,
2026-02-05 09:34:01,386.515,386.51,4,386.12,80,386.91,80,386.91,386.12,386.12,80,386.11,120,386.1,80,386.08,40,385.94,80,385.72,160,385.71,160,385.7,120,385.69,40,385.07,280,386.91,80,387.0,520,387.01,40,389.0,200,,,,,,,,,,,,
2026-02-05 09:34:02,386.61,386.51,4,386.31,80,386.91,80,386.91,386.31,386.31,80,386.18,80,386.12,120,386.11,120,386.1,80,386.08,40,385.94,80,385.72,160,385.71,160,385.7,120,386.91,80,387.0,520,387.01,40,389.0,200,,,,,,,,,,,,
2026-02-05 09:34:03,386.61,386.51,4,386.31,40,386.91,80,386.91,386.31,386.31,40,386.18,80,386.12,120,386.11,120,386.1,80,386.08,40,385.94,80,385.72,160,385.71,160,385.7,120,386.91,80,387.0,520,387.01,40,389.0,200,,,,,,,,,,,,
2026-02-05 09:34:04,386.615,386.51,4,386.32,40,386.91,80,386.91,386.32,386.32,40,386.31,40,386.18,80,386.12,120,386.11,120,386.1,80,386.08,40,385.94,80,385.72,160,385.71,160,386.91,80,387.0,520,387.01,40,389.0,200,,,,,,,,,,,,
2026-02-05 09:34:05,386.62,386.51,4,386.33,40,386.91,80,386.91,386.33,386.33,40,386.32,40,386.31,40,386.18,80,386.12,120,386.11,120,386.1,80,386.08,40,385.94,80,385.72,160,386.91,80,387.0,520,387.01,40,389.0,200,,,,,,,,,,,,
2026-02-05 09:34:06,386.62,386.51,4,386.33,40,386.91,80,386.91,386.33,386.33,40,386.32,40,386.31,40,386.18,80,386.12,120,386.11,120,386.1,80,386.08,40,385.94,80,385.72,160,386.91,80,387.0,520,387.01,40,389.0,200,,,,,,,,,,,,
2026-02-05 09:34:07,386.62,386.51,4,386.33,40,386.91,80,386.91,386.33,386.33,40,386.32,40,386.31,40,386.18,80,386.12,120,386.11,120,386.1,80,386.08,40,385.94,80,385.72,160,386.91,80,387.0,520,387.01,40,389.0,200,,,,,,,,,,,,
2026-02-05 09:34:08,386.625,386.51,4,386.34,40,386.91,80,386.91,386.34,386.34,40,386.33,40,386.32,40,386.31,40,386.18,80,386.12,120,386.11,120,386.1,80,386.08,40,385.94,80,386.91,80,387.0,520,387.01,40,389.0,200,,,,,,,,,,,,
2026-02-05 09:34:09,386.625,386.51,4,386.34,40,386.91,80,386.91,386.34,386.34,40,386.33,40,386.32,40,386.31,40,386.18,80,386.12,120,386.11,120,386.1,80,386.08,40,385.94,80,386.91,80,387.0,520,387.01,40,389.0,200,,,,,,,,,,,,
2026-02-05 09:34:10,386.625,386.51,4,386.34,40,386.91,80,386.91,386.34,386.34,40,386.33,40,386.32,40,386.31,40,386.18,80,386.12,120,386.11,120,386.1,80,386.08,40,385.94,80,386.91,80,387.0,520,387.01,40,389.0,200,,,,,,,,,,,,
2026-02-05 09:34:11,386.665,386.51,4,386.42,80,386.91,80,386.91,386.42,386.42,80,386.34,40,386.33,40,386.32,40,386.31,40,386.18,80,386.12,120,386.11,120,386.1,80,386.08,40,386.91,80,387.0,520,387.01,40,389.0,200,,,,,,,,,,,,
2026-02-05 09:34:12,386.66,386.51,4,386.42,80,386.9,80,386.9,386.42,386.42,80,386.34,40,386.33,40,386.32,40,386.31,40,386.18,80,386.12,120,386.11,120,386.1,80,386.08,40,386.9,80,386.91,160,387.0,520,387.01,40,389.0,200,,,,,,,,,,
2026-02-05 09:34:13,386.66,386.51,4,386.42,80,386.9,80,386.9,386.42,386.42,80,386.34,40,386.33,40,386.32,40,386.31,40,386.18,80,386.12,120,386.11,120,386.1,80,386.08,40,386.9,80,386.91,160,387.0,520,387.01,40,389.0,200,,,,,,,,,,
2026-02-05 09:34:14,386.66,386.51,4,386.42,80,386.9,80,386.9,386.42,386.42,80,386.34,40,386.33,40,386.32,40,386.31,40,386.18,80,386.12,120,386.11,120,386.1,80,386.08,40,386.9,80,386.91,160,387.0,520,387.01,40,389.0,200,,,,,,,,,,
2026-02-05 09:34:15,386.66,386.51,4,386.42,80,386.9,80,386.9,386.42,386.42,80,386.34,40,386.33,40,386.32,40,386.31,40,386.18,80,386.12,120,386.11,120,386.1,80,386.08,40,386.9,80,386.91,160,387.0,520,387.01,40,389.0,200,,,,,,,,,,
2026-02-05 09:34:16,386.05,386.51,4,385.6,80,386.5,40,386.5,385.6,385.6,80,385.07,280,385.05,80,384.75,200,384.74,40,384.41,200,384.38,200,384.35,320,384.26,120,384.18,80,386.5,40,386.51,80,386.9,120,386.91,160,387.0,520,387.01,40,389.0,200,,,,,,
2026-02-05 09:34:17,386.05,386.51,4,385.6,80,386.5,40,386.5,385.6,385.6,80,385.07,280,385.05,80,384.75,200,384.74,40,384.41,200,384.38,200,384.35,320,384.26,120,384.18,80,386.5,40,386.51,80,386.9,120,386.91,160,387.0,520,387.01,40,389.0,200,,,,,,
2026-02-05 09:34:18,386.195,386.51,4,385.91,40,386.48,40,386.48,385.91,385.91,40,385.61,40,385.6,80,385.07,280,385.05,80,384.75,200,384.74,40,384.41,200,384.38,200,384.35,320,386.48,40,386.49,80,386.5,40,386.51,80,386.9,120,386.91,160,387.0,520,387.01,40,389.0,200,,
2026-02-05 09:34:19,386.07,386.51,4,385.69,40,386.45,80,386.45,385.69,385.69,40,385.61,40,385.6,80,385.07,280,385.05,80,384.75,200,384.74,40,384.41,200,384.38,200,384.35,320,386.45,80,386.46,40,386.47,80,386.48,80,386.49,80,386.5,40,386.51,80,386.9,120,386.91,160,387.0,520
2026-02-05 09:34:20,386.045,386.51,4,385.66,40,386.43,40,386.43,385.66,385.66,40,385.61,40,385.6,80,385.07,280,385.05,80,384.75,200,384.74,40,384.41,200,384.38,200,384.35,320,386.43,40,386.44,40,386.45,80,386.46,40,386.47,80,386.48,80,386.49,80,386.5,40,386.51,80,386.9,120
2026-02-05 09:34:21,386.045,386.51,4,385.66,40,386.43,40,386.43,385.66,385.66,40,385.61,40,385.6,80,385.07,280,385.05,80,384.75,200,384.74,40,384.41,200,384.38,200,384.35,320,386.43,40,386.44,40,386.45,80,386.46,40,386.47,80,386.48,80,386.49,80,386.5,40,386.51,80,386.9,120
2026-02-05 09:34:22,386.005,386.05,2,385.61,120,386.4,40,386.4,385.61,385.61,120,385.6,80,385.07,280,385.05,80,384.75,200,384.74,40,384.41,200,384.38,200,384.35,320,384.26,120,386.4,40,386.41,80,386.42,40,386.43,80,386.44,40,386.45,80,386.46,40,386.47,80,386.48,80,386.49,80
2026-02-05 09:34:23,386.005,386.05,2,385.61,120,386.4,40,386.4,385.61,385.61,120,385.6,80,385.07,280,385.05,80,384.75,200,384.74,40,384.41,200,384.38,200,384.35,320,384.26,120,386.4,40,386.41,80,386.42,40,386.43,80,386.44,40,386.45,80,386.46,40,386.47,80,386.48,80,386.49,80
2026-02-05 09:34:24,386.005,386.05,2,385.61,120,386.4,40,386.4,385.61,385.61,120,385.6,80,385.07,280,385.05,80,384.75,200,384.74,40,384.41,200,384.38,200,384.35,320,384.26,120,386.4,40,386.41,80,386.42,40,386.43,80,386.44,40,386.45,80,386.46,40,386.47,80,386.48,80,386.49,80
2026-02-05 09:34:25,386.0,386.0,4,385.61,120,386.39,40,386.39,385.61,385.61,120,385.6,80,385.07,280,385.05,80,384.75,200,384.74,40,384.41,200,384.38,200,384.35,320,384.26,120,386.39,40,386.4,80,386.41,80,386.42,40,386.43,80,386.44,40,386.45,80,386.46,40,386.47,80,386.48,80
2026-02-05 09:34:26,386.0,386.0,4,385.62,40,386.38,40,386.38,385.62,385.62,40,385.61,120,385.6,80,385.07,280,385.05,80,384.75,200,384.74,40,384.41,200,384.38,200,384.35,320,386.38,40,386.39,80,386.4,80,386.41,80,386.42,40,386.43,80,386.44,40,386.45,80,386.46,40,386.47,80
2026-02-05 09:34:27,386.0,386.19,3,385.62,40,386.38,40,386.38,385.62,385.62,40,385.61,120,385.6,80,385.07,280,385.05,80,384.75,200,384.74,40,384.41,200,384.38,200,384.35,320,386.38,40,386.39,80,386.4,80,386.41,80,386.42,40,386.43,80,386.44,40,386.45,80,386.46,40,386.47,80
2026-02-05 09:34:28,386.31,386.19,3,386.14,400,386.48,160,386.48,386.14,386.14,400,385.62,40,385.61,120,385.6,80,385.07,280,385.05,80,384.75,200,384.74,40,384.41,200,384.38,200,386.48,160,386.49,80,386.5,40,386.51,80,386.9,120,386.91,160,387.0,520,387.01,40,389.0,200,,
2026-02-05 09:34:29,386.28,386.19,3,386.13,400,386.43,40,386.43,386.13,386.13,400,385.61,80,385.6,80,385.07,280,385.05,80,384.75,200,384.74,40,384.41,200,384.38,200,384.35,320,386.43,40,386.48,160,386.49,80,386.5,40,386.51,80,386.9,120,386.91,160,387.0,520,387.01,40,389.0,200
2026-02-05 09:34:30,386.28,386.19,3,386.13,400,386.43,40,386.43,386.13,386.13,400,385.61,80,385.6,80,385.07,280,385.05,80,384.75,200,384.74,40,384.41,200,384.38,200,384.35,320,386.43,40,386.48,160,386.49,80,386.5,40,386.51,80,386.9,120,386.91,160,387.0,520,387.01,40,389.0,200
2026-02-05 09:34:31,386.28,386.19,3,386.13,400,386.43,40,386.43,386.13,386.13,400,385.61,80,385.6,80,385.07,280,385.05,80,384.75,200,384.74,40,384.41,200,384.38,200,384.35,320,386.43,40,386.48,160,386.49,80,386.5,40,386.51,80,386.9,120,386.91,160,387.0,520,387.01,40,389.0,200
2026-02-05 09:34:32,386.32,386.19,3,386.12,400,386.52,80,386.52,386.12,386.12,400,386.08,40,385.61,80,385.6,80,385.07,280,385.05,80,384.75,200,384.74,40,384.41,200,384.38,200,386.52,80,386.9,120,386.91,160,387.0,520,387.01,40,389.0,200,,,,,,,,
2026-02-05 09:34:33,386.06,386.12,1,385.61,80,386.51,40,386.51,385.61,385.61,80,385.6,80,385.07,280,385.05,80,384.75,200,384.74,40,384.41,200,384.38,200,384.35,320,384.26,120,386.51,40,386.52,40,386.9,120,386.91,160,387.0,520,387.01,40,389.0,200,,,,,,
2026-02-05 09:34:34,386.06,386.12,1,385.61,80,386.51,40,386.51,385.61,385.61,80,385.6,80,385.07,280,385.05,80,384.75,200,384.74,40,384.41,200,384.38,200,384.35,320,384.26,120,386.51,40,386.52,40,386.9,120,386.91,160,387.0,520,387.01,40,389.0,200,,,,,,
2026-02-05 09:34:35,386.075,386.12,1,385.64,40,386.51,40,386.51,385.64,385.64,40,385.61,80,385.6,80,385.07,280,385.05,80,384.75,200,384.74,40,384.41,200,384.38,200,384.35,320,386.51,40,386.52,40,386.9,120,386.91,160,387.0,520,387.01,40,389.0,200,,,,,,
2026-02-05 09:34:36,386.075,386.12,1,385.64,40,386.51,40,386.51,385.64,385.64,40,385.61,80,385.6,80,385.07,280,385.05,80,384.75,200,384.74,40,384.41,200,384.38,200,384.35,320,386.51,40,386.52,40,386.9,120,386.91,160,387.0,520,387.01,40,389.0,200,,,,,,
2026-02-05 09:34:37,386.075,386.12,1,385.64,40,386.51,40,386.51,385.64,385.64,40,385.61,80,385.6,80,385.07,280,385.05,80,384.75,200,384.74,40,384.41,200,384.38,200,384.35,320,386.51,40,386.52,40,386.9,120,386.91,160,387.0,520,387.01,40,389.0,200,,,,,,
2026-02-05 09:34:38,386.075,386.12,1,385.64,40,386.51,40,386.51,385.64,385.64,40,385.61,80,385.6,80,385.07,280,385.05,80,384.75,200,384.74,40,384.41,200,384.38,200,384.35,320,386.51,40,386.52,40,386.9,120,386.91,160,387.0,520,387.01,40,389.0,200,,,,,,
2026-02-05 09:34:39,386.075,386.12,1,385.64,40,386.51,40,386.51,385.64,385.64,40,385.61,80,385.6,80,385.07,280,385.05,80,384.75,200,384.74,40,384.41,200,384.38,200,384.35,320,386.51,40,386.52,40,386.9,120,386.91,160,387.0,520,387.01,40,389.0,200,,,,,,
2026-02-05 09:34:40,386.105,386.12,1,385.71,40,386.5,40,386.5,385.71,385.71,40,385.61,80,385.6,80,385.07,280,385.05,80,384.75,200,384.74,40,384.41,200,384.38,200,384.35,320,386.5,40,386.51,40,386.52,40,386.9,120,386.91,160,387.0,520,387.01,40,389.0,200,,,,
2026-02-05 09:34:41,386.05,386.12,1,385.61,80,386.49,40,386.49,385.61,385.61,80,385.6,80,385.07,280,385.05,80,384.75,200,384.74,40,384.41,200,384.38,200,384.35,320,384.26,120,386.49,40,386.5,80,386.51,40,386.52,40,386.9,120,386.91,160,387.0,520,387.01,40,389.0,200,,
2026-02-05 09:34:42,386.05,386.12,1,385.61,80,386.49,40,386.49,385.61,385.61,80,385.6,80,385.07,280,385.05,80,384.75,200,384.74,40,384.41,200,384.38,200,384.35,320,384.26,120,386.49,40,386.5,80,386.51,40,386.52,40,386.9,120,386.91,160,387.0,520,387.01,40,389.0,200,,
2026-02-05 09:34:43,385.885,386.12,1,385.61,120,386.16,40,386.16,385.61,385.61,120,385.6,80,385.07,280,385.05,80,384.75,200,384.74,40,384.41,200,384.38,200,384.35,320,384.26,120,386.16,40,386.17,40,386.18,40,386.19,40,386.47,80,386.48,80,386.49,40,386.5,80,386.51,40,386.52,40
2026-02-05 09:34:44,385.88,386.12,1,385.61,120,386.15,40,386.15,385.61,385.61,120,385.6,80,385.07,280,385.05,80,384.75,200,384.74,40,384.41,200,384.38,200,384.35,320,384.26,120,386.15,40,386.16,40,386.17,40,386.18,40,386.19,40,386.47,80,386.48,80,386.49,40,386.5,80,386.51,40
2026-02-05 09:34:45,385.875,386.12,1,385.61,120,386.14,40,386.14,385.61,385.61,120,385.6,80,385.07,280,385.05,80,384.75,200,384.74,40,384.41,200,384.38,200,384.35,320,384.26,120,386.14,40,386.15,40,386.16,40,386.17,40,386.18,40,386.19,40,386.47,80,386.48,80,386.49,40,386.5,80
2026-02-05 09:34:46,385.865,385.88,1,385.61,120,386.12,40,386.12,385.61,385.61,120,385.6,80,385.07,280,385.05,80,384.75,200,384.74,40,384.41,200,384.38,200,384.35,320,384.26,120,386.12,40,386.13,40,386.14,40,386.15,80,386.16,40,386.17,40,386.18,40,386.19,40,386.47,80,386.48,80
2026-02-05 09:34:47,385.54,385.55,1,385.09,160,385.99,80,385.99,385.09,385.09,160,385.07,280,385.05,80,384.75,200,384.74,40,384.41,200,384.38,200,384.35,320,384.26,120,384.18,80,385.99,80,386.0,40,386.01,120,386.02,80,386.03,240,386.04,40,386.12,40,386.13,40,386.14,40,386.15,80
2026-02-05 09:34:48,385.52,385.55,1,385.09,160,385.95,40,385.95,385.09,385.09,160,385.07,280,385.05,80,384.75,200,384.74,40,384.41,200,384.38,200,384.35,320,384.26,120,384.18,80,385.95,40,385.96,160,385.97,80,385.98,80,385.99,80,386.0,40,386.01,120,386.02,80,386.03,240,386.04,40
2026-02-05 09:34:49,385.51,385.55,1,385.09,160,385.93,120,385.93,385.09,385.09,160,385.07,280,385.05,80,384.75,200,384.74,40,384.41,200,384.38,200,384.35,320,384.26,120,384.18,80,385.93,120,385.94,80,385.95,40,385.96,160,385.97,80,385.98,80,385.99,80,386.0,40,386.01,120,386.02,80
2026-02-05 09:34:50,385.49,385.5,1,385.09,120,385.89,40,385.89,385.09,385.09,120,385.07,280,385.05,80,384.75,200,384.74,40,384.41,200,384.38,200,384.35,320,384.26,120,384.18,80,385.89,40,385.9,40,385.91,40,385.92,160,385.93,200,385.94,80,385.95,40,385.96,160,385.97,80,385.98,80
2026-02-05 09:34:51,385.34,385.48,1,385.09,120,385.59,40,385.59,385.09,385.09,120,385.07,280,385.05,80,384.75,200,384.74,40,384.41,200,384.38,200,384.35,320,384.26,120,384.18,80,385.59,40,385.6,40,385.61,40,385.86,40,385.87,80,385.88,40,385.89,40,385.9,40,385.91,40,385.92,160
2026-02-05 09:34:52,385.335,385.48,1,385.09,120,385.58,40,385.58,385.09,385.09,120,385.07,280,385.05,80,384.75,200,384.74,40,384.41,200,384.38,200,384.35,320,384.26,120,384.18,80,385.58,40,385.59,40,385.6,40,385.61,40,385.86,40,385.87,80,385.88,40,385.89,40,385.9,40,385.91,40
2026-02-05 09:34:53,385.33,385.48,1,385.09,120,385.57,40,385.57,385.09,385.09,120,385.07,280,385.05,80,384.75,200,384.74,40,384.41,200,384.38,200,384.35,320,384.26,120,384.18,80,385.57,40,385.58,40,385.59,40,385.6,40,385.61,40,385.86,40,385.87,80,385.88,40,385.89,40,385.9,40
2026-02-05 09:34:54,385.33,385.48,1,385.09,120,385.57,40,385.57,385.09,385.09,120,385.07,280,385.05,80,384.75,200,384.74,40,384.41,200,384.38,200,384.35,320,384.26,120,384.18,80,385.57,40,385.58,40,385.59,40,385.6,40,385.61,40,385.86,40,385.87,80,385.88,40,385.89,40,385.9,40
2026-02-05 09:34:55,385.325,385.48,1,385.09,120,385.56,40,385.56,385.09,385.09,120,385.07,280,385.05,80,384.75,200,384.74,40,384.41,200,384.38,200,384.35,320,384.26,120,384.18,80,385.56,40,385.57,40,385.58,40,385.59,40,385.6,40,385.61,40,385.86,40,385.87,80,385.88,40,385.89,40
2026-02-05 09:34:56,385.315,385.54,1,385.09,120,385.54,40,385.54,385.09,385.09,120,385.07,280,385.05,80,384.75,200,384.74,40,384.41,200,384.38,200,384.35,320,384.26,120,384.18,80,385.54,40,385.55,40,385.56,80,385.57,40,385.58,40,385.59,40,385.6,40,385.61,40,385.86,40,385.87,80
2026-02-05 09:34:57,385.305,385.54,1,385.09,120,385.52,40,385.52,385.09,385.09,120,385.07,280,385.05,80,384.75,200,384.74,40,384.41,200,384.38,200,384.35,320,384.26,120,384.18,80,385.52,40,385.53,40,385.54,40,385.55,40,385.56,80,385.57,40,385.58,40,385.59,40,385.6,40,385.61,40
2026-02-05 09:34:58,385.325,385.54,1,385.09,120,385.56,40,385.56,385.09,385.09,120,385.07,280,385.05,80,384.75,200,384.74,40,384.41,200,384.38,200,384.35,320,384.26,120,384.18,80,385.56,40,385.57,40,385.58,40,385.59,40,385.6,40,385.61,40,385.86,40,385.87,80,385.88,40,385.89,40
2026-02-05 09:34:59,385.325,385.54,1,385.09,120,385.56,40,385.56,385.09,385.09,120,385.07,280,385.05,80,384.75,200,384.74,40,384.41,200,384.38,200,384.35,320,384.26,120,384.18,80,385.56,40,385.57,40,385.58,40,385.59,40,385.6,40,385.61,40,385.86,40,385.87,80,385.88,40,385.89,40
2026-02-05 09:35:00,385.325,385.4,6,385.09,120,385.56,40,385.56,385.09,385.09,120,385.07,280,385.05,80,384.75,200,384.74,40,384.41,200,384.38,200,384.35,320,384.26,120,384.18,80,385.56,40,385.57,40,385.58,40,385.59,40,385.6,40,385.61,40,385.86,40,385.87,80,385.88,40,385.89,40
2026-02-05 09:35:01,385.325,385.4,6,385.09,120,385.56,80,385.56,385.09,385.09,120,385.07,280,385.05,80,384.75,200,384.74,40,384.41,200,384.38,200,384.35,320,384.26,120,384.18,80,385.56,80,385.57,40,385.58,40,385.59,40,385.6,40,385.61,40,385.86,40,385.87,80,385.88,40,385.89,40
2026-02-05 09:35:02,385.585,385.38,1,385.24,40,385.93,120,385.93,385.24,385.24,40,385.09,120,385.07,280,385.05,80,384.75,200,384.74,40,384.41,200,384.38,200,384.35,320,384.26,120,385.93,120,385.94,80,385.95,40,385.96,160,385.97,80,385.98,80,385.99,80,386.0,40,386.01,120,386.02,80
2026-02-05 09:35:03,385.585,385.42,2,385.24,40,385.93,120,385.93,385.24,385.24,40,385.09,120,385.07,280,385.05,80,384.75,200,384.74,40,384.41,200,384.38,200,384.35,320,384.26,120,385.93,120,385.94,80,385.95,40,385.96,160,385.97,80,385.98,80,385.99,80,386.0,40,386.01,120,386.02,80
2026-02-05 09:35:04,385.35,385.42,2,385.09,120,385.61,80,385.61,385.09,385.09,120,385.07,280,385.05,80,384.75,200,384.74,40,384.41,200,384.38,200,384.35,320,384.26,120,384.18,80,385.61,80,385.93,160,385.94,80,385.95,40,385.96,160,385.97,80,385.98,80,385.99,80,386.0,40,386.01,120
2026-02-05 09:35:05,385.35,385.1,1,385.09,80,385.61,160,385.61,385.09,385.09,80,385.07,280,385.05,80,384.75,200,384.74,40,384.41,200,384.38,200,384.35,320,384.26,120,384.18,80,385.61,160,385.93,160,385.94,80,385.95,40,385.96,160,385.97,80,385.98,80,385.99,80,386.0,40,386.01,120
2026-02-05 09:35:06,385.35,385.1,1,385.09,80,385.61,160,385.61,385.09,385.09,80,385.07,280,385.05,80,384.75,200,384.74,40,384.41,200,384.38,200,384.35,320,384.26,120,384.18,80,385.61,160,385.93,160,385.94,80,385.95,40,385.96,160,385.97,80,385.98,80,385.99,80,386.0,40,386.01,120
2026-02-05 09:35:07,385.35,385.1,1,385.09,80,385.61,160,385.61,385.09,385.09,80,385.07,280,385.05,80,384.75,200,384.74,40,384.41,200,384.38,200,384.35,320,384.26,120,384.18,80,385.61,160,385.93,160,385.94,80,385.95,40,385.96,160,385.97,80,385.98,80,385.99,80,386.0,40,386.01,120
2026-02-05 09:35:08,385.35,385.1,1,385.09,80,385.61,160,385.61,385.09,385.09,80,385.07,280,385.05,80,384.75,200,384.74,40,384.41,200,384.38,200,384.35,320,384.26,120,384.18,80,385.61,160,385.93,160,385.94,80,385.95,40,385.96,160,385.97,80,385.98,80,385.99,80,386.0,40,386.01,120
2026-02-05 09:35:09,385.235,385.1,1,384.86,120,385.61,160,385.61,384.86,384.86,120,384.75,200,384.74,40,384.41,200,384.38,200,384.35,320,384.26,120,384.18,80,383.59,160,383.58,160,385.61,160,385.93,160,385.94,80,385.95,40,385.96,160,385.97,80,385.98,80,385.99,80,386.0,40,386.01,120
2026-02-05 09:35:10,385.235,385.1,1,384.86,120,385.61,160,385.61,384.86,384.86,120,384.75,200,384.74,40,384.41,200,384.38,200,384.35,320,384.26,120,384.18,80,383.59,160,383.58,160,385.61,160,385.93,160,385.94,80,385.95,40,385.96,160,385.97,80,385.98,80,385.99,80,386.0,40,386.01,120
2026-02-05 09:35:11,385.205,385.1,1,384.86,120,385.55,80,385.55,384.86,384.86,120,384.75,200,384.74,40,384.41,200,384.38,200,384.35,320,384.26,120,384.18,80,383.59,160,383.58,160,385.55,80,385.56,40,385.57,80,385.58,80,385.59,160,385.6,160,385.61,160,385.93,160,385.94,80,385.95,40
2026-02-05 09:35:12,385.195,385.32,1,384.86,120,385.53,40,385.53,384.86,384.86,120,384.75,200,384.74,40,384.41,200,384.38,200,384.35,320,384.26,120,384.18,80,383.59,160,383.58,160,385.53,40,385.54,120,385.55,80,385.56,40,385.57,80,385.58,80,385.59,160,385.6,160,385.61,160,385.93,160
2026-02-05 09:35:13,385.165,385.32,1,384.81,40,385.52,40,385.52,384.81,384.81,40,384.75,200,384.74,40,384.41,200,384.38,200,384.35,320,384.26,120,384.18,80,383.59,160,383.58,160,385.52,40,385.53,40,385.54,120,385.55,80,385.56,40,385.57,80,385.58,80,385.59,160,385.6,160,385.61,160
2026-02-05 09:35:14,385.21,385.32,1,384.81,160,385.61,40,385.61,384.81,384.81,160,384.75,200,384.74,40,384.41,200,384.38,200,384.35,320,384.26,120,384.18,80,383.59,160,383.58,160,385.61,40,385.88,40,385.93,160,385.94,80,385.95,40,385.96,160,385.97,80,385.98,80,385.99,80,386.0,40
2026-02-05 09:35:15,385.21,385.21,2,384.81,200,385.61,40,385.61,384.81,384.81,200,384.75,200,384.74,40,384.41,200,384.38,200,384.35,320,384.26,120,384.18,80,383.59,160,383.58,160,385.61,40,385.88,40,385.93,160,385.94,80,385.95,40,385.96,160,385.97,80,385.98,80,385.99,80,386.0,40
2026-02-05 09:35:16,385.21,385.21,2,384.81,200,385.61,40,385.61,384.81,384.81,200,384.75,200,384.74,40,384.41,200,384.38,200,384.35,320,384.26,120,384.18,80,383.59,160,383.58,160,385.61,40,385.88,40,385.93,160,385.94,80,385.95,40,385.96,160,385.97,80,385.98,80,385.99,80,386.0,40
2026-02-05 09:35:17,385.21,385.21,2,384.81,200,385.61,40,385.61,384.81,384.81,200,384.75,200,384.74,40,384.41,200,384.38,200,384.35,320,384.26,120,384.18,80,383.59,160,383.58,160,385.61,40,385.88,40,385.93,160,385.94,80,385.95,40,385.96,160,385.97,80,385.98,80,385.99,80,386.0,40
2026-02-05 09:35:18,385.21,385.21,2,384.81,280,385.61,40,385.61,384.81,384.81,280,384.75,200,384.74,40,384.41,200,384.38,200,384.35,320,384.26,120,384.18,80,383.59,160,383.58,160,385.61,40,385.88,40,385.93,160,385.94,80,385.95,40,385.96,160,385.97,80,385.98,80,385.99,80,386.0,40
2026-02-05 09:35:19,385.21,385.21,2,384.81,240,385.61,40,385.61,384.81,384.81,240,384.75,200,384.74,40,384.41,200,384.38,200,384.35,320,384.26,120,384.18,80,383.59,160,383.58,160,385.61,40,385.88,40,385.93,160,385.94,80,385.95,40,385.96,160,385.97,80,385.98,80,385.99,80,386.0,40
2026-02-05 09:35:20,385.525,385.21,2,385.12,160,385.93,120,385.93,385.12,385.12,160,385.01,80,384.97,80,384.81,240,384.75,200,384.74,40,384.41,200,384.38,200,384.35,320,384.26,120,385.93,120,385.94,80,385.95,40,385.96,160,385.97,80,385.98,80,385.99,80,386.0,40,386.01,120,386.02,80
2026-02-05 09:35:21,385.525,385.21,2,385.12,160,385.93,120,385.93,385.12,385.12,160,385.01,80,384.97,80,384.81,240,384.75,200,384.74,40,384.41,200,384.38,200,384.35,320,384.26,120,385.93,120,385.94,80,385.95,40,385.96,160,385.97,80,385.98,80,385.99,80,386.0,40,386.01,120,386.02,80
2026-02-05 09:35:22,385.525,385.21,2,385.12,200,385.93,120,385.93,385.12,385.12,200,385.01,80,384.97,80,384.81,240,384.75,200,384.74,40,384.41,200,384.38,200,384.35,320,384.26,120,385.93,120,385.94,80,385.95,40,385.96,160,385.97,80,385.98,80,385.99,80,386.0,40,386.01,120,386.02,80
2026-02-05 09:35:23,385.525,385.21,2,385.12,440,385.93,120,385.93,385.12,385.12,440,385.01,80,384.97,80,384.81,240,384.75,200,384.74,40,384.41,200,384.38,200,384.35,320,384.26,120,385.93,120,385.94,80,385.95,40,385.96,160,385.97,80,385.98,80,385.99,80,386.0,40,386.01,120,386.02,80
2026-02-05 09:35:24,385.92,385.53,1,385.32,280,386.52,40,386.52,385.32,385.32,280,385.29,120,385.13,80,385.12,440,385.01,80,384.97,80,384.81,240,384.75,200,384.74,40,384.41,200,386.52,40,386.9,120,386.91,160,387.0,520,387.01,40,389.0,200,,,,,,,,
2026-02-05 09:35:25,385.92,385.53,1,385.32,240,386.52,40,386.52,385.32,385.32,240,385.29,120,385.13,80,385.12,440,385.01,80,384.97,80,384.81,240,384.75,200,384.74,40,384.41,200,386.52,40,386.9,120,386.91,160,387.0,520,387.01,40,389.0,200,,,,,,,,
2026-02-05 09:35:26,385.92,385.53,1,385.32,240,386.52,40,386.52,385.32,385.32,240,385.29,120,385.13,80,385.12,440,385.01,80,384.97,80,384.81,240,384.75,200,384.74,40,384.41,200,386.52,40,386.9,120,386.91,160,387.0,520,387.01,40,389.0,200,,,,,,,,
2026-02-05 09:35:27,385.92,386.52,1,385.32,240,386.52,40,386.52,385.32,385.32,240,385.29,120,385.13,80,385.12,440,385.01,80,384.97,80,384.81,240,384.75,200,384.74,40,384.41,200,386.52,40,386.9,120,386.91,160,387.0,520,387.01,40,389.0,200,,,,,,,,
2026-02-05 09:35:28,385.92,386.52,1,385.32,240,386.52,40,386.52,385.32,385.32,240,385.29,120,385.13,80,385.12,440,385.01,80,384.97,80,384.81,240,384.75,200,384.74,40,384.41,200,386.52,40,386.9,120,386.91,160,387.0,520,387.01,40,389.0,200,,,,,,,,
2026-02-05 09:35:29,385.92,386.52,1,385.32,240,386.52,40,386.52,385.32,385.32,240,385.29,120,385.13,80,385.12,440,385.01,80,384.97,80,384.81,240,384.75,200,384.74,40,384.41,200,386.52,40,386.9,120,386.91,160,387.0,520,387.01,40,389.0,200,,,,,,,,
2026-02-05 09:35:30,385.92,386.52,1,385.32,240,386.52,40,386.52,385.32,385.32,240,385.29,120,385.13,80,385.12,440,385.01,80,384.97,80,384.81,240,384.75,200,384.74,40,384.41,200,386.52,40,386.9,120,386.91,160,387.0,520,387.01,40,389.0,200,,,,,,,,
2026-02-05 09:35:31,385.92,386.52,1,385.32,240,386.52,40,386.52,385.32,385.32,240,385.29,120,385.13,80,385.12,440,385.01,80,384.97,80,384.81,240,384.75,200,384.74,40,384.41,200,386.52,40,386.9,120,386.91,160,387.0,520,387.01,40,389.0,200,,,,,,,,
2026-02-05 09:35:32,385.915,386.52,1,385.32,240,386.51,120,386.51,385.32,385.32,240,385.29,120,385.13,80,385.12,440,385.01,80,384.97,80,384.81,240,384.75,200,384.74,40,384.41,200,386.51,120,386.52,40,386.9,120,386.91,160,387.0,520,387.01,40,389.0,200,,,,,,
2026-02-05 09:35:33,385.905,386.52,1,385.32,240,386.49,80,386.49,385.32,385.32,240,385.29,120,385.13,80,385.12,440,385.01,80,384.97,80,384.81,240,384.75,200,384.74,40,384.41,200,386.49,80,386.5,120,386.51,120,386.52,40,386.9,120,386.91,160,387.0,520,387.01,40,389.0,200,,
2026-02-05 09:35:34,385.895,386.52,1,385.32,240,386.47,80,386.47,385.32,385.32,240,385.29,120,385.13,80,385.12,440,385.01,80,384.97,80,384.81,240,384.75,200,384.74,40,384.41,200,386.47,80,386.48,80,386.49,80,386.5,120,386.51,120,386.52,40,386.9,120,386.91,160,387.0,520,387.01,40
2026-02-05 09:35:35,385.895,386.52,1,385.32,240,386.47,80,386.47,385.32,385.32,240,385.29,120,385.13,80,385.12,440,385.01,80,384.97,80,384.81,240,384.75,200,384.74,40,384.41,200,386.47,80,386.48,80,386.49,80,386.5,120,386.51,120,386.52,40,386.9,120,386.91,160,387.0,520,387.01,40
2026-02-05 09:35:36,385.885,386.52,1,385.32,240,386.45,80,386.45,385.32,385.32,240,385.29,120,385.13,80,385.12,440,385.01,80,384.97,80,384.81,240,384.75,200,384.74,40,384.41,200,386.45,80,386.46,80,386.47,80,386.48,80,386.49,80,386.5,120,386.51,120,386.52,40,386.9,120,386.91,160
2026-02-05 09:35:37,385.785,386.52,1,385.32,160,386.25,80,386.25,385.32,385.32,160,385.29,120,385.13,80,385.12,440,385.01,80,384.97,80,384.81,240,384.75,200,384.74,40,384.41,200,386.25,80,386.26,120,386.27,120,386.28,120,386.34,80,386.45,120,386.46,80,386.47,80,386.48,80,386.49,80
2026-02-05 09:35:38,385.765,386.52,1,385.32,160,386.21,80,386.21,385.32,385.32,160,385.29,120,385.13,80,385.12,440,385.01,80,384.97,80,384.81,240,384.75,200,384.74,40,384.41,200,386.21,80,386.22,80,386.23,160,386.24,120,386.25,120,386.26,120,386.27,120,386.28,120,386.34,80,386.45,120
2026-02-05 09:35:39,385.75,386.52,1,385.32,160,386.18,80,386.18,385.32,385.32,160,385.29,120,385.13,80,385.12,440,385.01,80,384.97,80,384.81,240,384.75,200,384.74,40,384.41,200,386.18,80,386.19,120,386.2,80,386.21,120,386.22,80,386.23,160,386.24,120,386.25,120,386.26,120,386.27,120
2026-02-05 09:35:40,385.805,386.52,1,385.43,40,386.18,160,386.18,385.43,385.43,40,385.32,160,385.29,120,385.13,80,385.12,440,385.01,80,384.97,80,384.81,240,384.75,200,384.74,40,386.18,160,386.19,120,386.2,80,386.21,120,386.22,80,386.23,160,386.24,120,386.25,120,386.26,120,386.27,120
2026-02-05 09:35:41,385.805,385.69,5,385.43,80,386.18,200,386.18,385.43,385.43,80,385.32,160,385.29,120,385.13,80,385.12,440,385.01,80,384.97,80,384.81,240,384.75,200,384.74,40,386.18,200,386.19,120,386.2,80,386.21,120,386.22,80,386.23,160,386.24,120,386.25,120,386.26,120,386.27,120
2026-02-05 09:35:42,385.805,385.69,5,385.43,80,386.18,200,386.18,385.43,385.43,80,385.32,160,385.29,120,385.13,80,385.12,440,385.01,80,384.97,80,384.81,240,384.75,200,384.74,40,386.18,200,386.19,120,386.2,80,386.21,120,386.22,80,386.23,160,386.24,120,386.25,120,386.26,120,386.27,120
2026-02-05 09:35:43,385.805,385.69,5,385.43,80,386.18,200,386.18,385.43,385.43,80,385.32,160,385.29,120,385.13,80,385.12,440,385.01,80,384.97,80,384.81,240,384.75,200,384.74,40,386.18,200,386.19,120,386.2,80,386.21,120,386.22,80,386.23,160,386.24,120,386.25,120,386.26,120,386.27,120
2026-02-05 09:35:44,385.805,385.69,5,385.43,80,386.18,200,386.18,385.43,385.43,80,385.32,160,385.29,120,385.13,80,385.12,440,385.01,80,384.97,80,384.81,240,384.75,200,384.74,40,386.18,200,386.19,120,386.2,80,386.21,120,386.22,80,386.23,160,386.24,120,386.25,120,386.26,120,386.27,120
2026-02-05 09:35:45,385.345,385.24,1,384.9,80,385.79,120,385.79,384.9,384.9,80,384.81,240,384.75,200,384.74,40,384.41,200,384.38,200,384.35,320,384.26,120,384.18,80,383.59,160,385.79,120,385.8,160,385.99,160,386.03,40,386.17,40,386.18,200,386.19,120,386.2,80,386.21,120,386.22,80
2026-02-05 09:35:46,385.345,385.24,1,384.9,80,385.79,120,385.79,384.9,384.9,80,384.81,240,384.75,200,384.74,40,384.41,200,384.38,200,384.35,320,384.26,120,384.18,80,383.59,160,385.79,120,385.8,160,385.99,160,386.03,40,386.17,40,386.18,200,386.19,120,386.2,80,386.21,120,386.22,80
2026-02-05 09:35:47,385.345,385.24,1,384.9,80,385.79,120,385.79,384.9,384.9,80,384.81,240,384.75,200,384.74,40,384.41,200,384.38,200,384.35,320,384.26,120,384.18,80,383.59,160,385.79,120,385.8,160,385.99,160,386.03,40,386.17,40,386.18,200,386.19,120,386.2,80,386.21,120,386.22,80
2026-02-05 09:35:48,385.355,385.24,1,384.9,80,385.81,160,385.81,384.9,384.9,80,384.81,240,384.75,200,384.74,40,384.41,200,384.38,200,384.35,320,384.26,120,384.18,80,383.59,160,385.81,160,386.17,80,386.18,200,386.19,120,386.2,80,386.21,120,386.22,80,386.23,160,386.24,120,386.25,120
2026-02-05 09:35:49,385.355,385.24,1,384.9,80,385.81,160,385.81,384.9,384.9,80,384.81,240,384.75,200,384.74,40,384.41,200,384.38,200,384.35,320,384.26,120,384.18,80,383.59,160,385.81,160,386.17,80,386.18,200,386.19,120,386.2,80,386.21,120,386.22,80,386.23,160,386.24,120,386.25,120
2026-02-05 09:35:50,385.355,385.24,1,384.9,80,385.81,240,385.81,384.9,384.9,80,384.81,240,384.75,200,384.74,40,384.41,200,384.38,200,384.35,320,384.26,120,384.18,80,383.59,160,385.81,240,386.17,80,386.18,200,386.19,120,386.2,80,386.21,120,386.22,80,386.23,160,386.24,120,386.25,120
2026-02-05 09:35:51,385.35,385.24,1,384.9,160,385.8,160,385.8,384.9,384.9,160,384.81,240,384.75,200,384.74,40,384.41,200,384.38,200,384.35,320,384.26,120,384.18,80,383.59,160,385.8,160,385.81,240,386.17,80,386.18,200,386.19,120,386.2,80,386.21,120,386.22,80,386.23,160,386.24,120
2026-02-05 09:35:52,385.35,385.24,1,384.9,160,385.8,160,385.8,384.9,384.9,160,384.81,240,384.75,200,384.74,40,384.41,200,384.38,200,384.35,320,384.26,120,384.18,80,383.59,160,385.8,160,385.81,240,386.17,80,386.18,200,386.19,120,386.2,80,386.21,120,386.22,80,386.23,160,386.24,120
2026-02-05 09:35:53,385.35,385.24,1,384.9,160,385.8,160,385.8,384.9,384.9,160,384.81,240,384.75,200,384.74,40,384.41,200,384.38,200,384.35,320,384.26,120,384.18,80,383.59,160,385.8,160,385.81,240,386.17,80,386.18,200,386.19,120,386.2,80,386.21,120,386.22,80,386.23,160,386.24,120
2026-02-05 09:35:54,385.35,385.24,1,384.9,160,385.8,160,385.8,384.9,384.9,160,384.81,240,384.75,200,384.74,40,384.41,200,384.38,200,384.35,320,384.26,120,384.18,80,383.59,160,385.8,160,385.81,240,386.17,80,386.18,200,386.19,120,386.2,80,386.21,120,386.22,80,386.23,160,386.24,120
2026-02-05 09:35:56,385.35,385.24,1,384.9,160,385.8,160,385.8,384.9,384.9,160,384.81,240,384.75,200,384.74,40,384.41,200,384.38,200,384.35,320,384.26,120,384.18,80,383.59,160,385.8,160,385.81,240,386.17,80,386.18,200,386.19,120,386.2,80,386.21,120,386.22,80,386.23,160,386.24,120
2026-02-05 09:35:57,385.345,385.24,1,384.9,160,385.79,160,385.79,384.9,384.9,160,384.81,240,384.75,200,384.74,40,384.41,200,384.38,200,384.35,320,384.26,120,384.18,80,383.59,160,385.79,160,385.8,160,385.81,240,386.17,80,386.18,200,386.19,120,386.2,80,386.21,120,386.22,80,386.23,160
2026-02-05 09:35:57,385.345,385.24,1,384.9,160,385.79,160,385.79,384.9,384.9,160,384.81,240,384.75,200,384.74,40,384.41,200,384.38,200,384.35,320,384.26,120,384.18,80,383.59,160,385.79,160,385.8,160,385.81,240,386.17,80,386.18,200,386.19,120,386.2,80,386.21,120,386.22,80,386.23,160
2026-02-05 09:35:58,385.345,385.24,1,384.9,160,385.79,160,385.79,384.9,384.9,160,384.81,240,384.75,200,384.74,40,384.41,200,384.38,200,384.35,320,384.26,120,384.18,80,383.59,160,385.79,160,385.8,160,385.81,240,386.17,80,386.18,200,386.19,120,386.2,80,386.21,120,386.22,80,386.23,160
2026-02-05 09:35:59,385.345,385.24,1,384.9,160,385.79,160,385.79,384.9,384.9,160,384.81,240,384.75,200,384.74,40,384.41,200,384.38,200,384.35,320,384.26,120,384.18,80,383.59,160,385.79,160,385.8,160,385.81,240,386.17,80,386.18,200,386.19,120,386.2,80,386.21,120,386.22,80,386.23,160
2026-02-05 09:36:00,385.345,385.24,1,384.9,160,385.79,160,385.79,384.9,384.9,160,384.81,240,384.75,200,384.74,40,384.41,200,384.38,200,384.35,320,384.26,120,384.18,80,383.59,160,385.79,160,385.8,160,385.81,240,386.17,80,386.18,200,386.19,120,386.2,80,386.21,120,386.22,80,386.23,160
2026-02-05 09:36:02,385.345,385.35,9,384.9,160,385.79,160,385.79,384.9,384.9,160,384.81,240,384.75,200,384.74,40,384.41,200,384.38,200,384.35,320,384.26,120,384.18,80,383.59,160,385.79,160,385.8,160,385.81,240,386.17,80,386.18,200,386.19,120,386.2,80,386.21,120,386.22,80,386.23,160
2026-02-05 09:36:02,385.34,385.35,9,384.9,160,385.78,120,385.78,384.9,384.9,160,384.81,240,384.75,200,384.74,40,384.41,200,384.38,200,384.35,320,384.26,120,384.18,80,383.59,160,385.78,120,385.79,160,385.8,160,385.81,240,386.17,80,386.18,200,386.19,120,386.2,80,386.21,120,386.22,80
2026-02-05 09:36:04,385.34,385.35,9,384.9,160,385.78,120,385.78,384.9,384.9,160,384.81,240,384.75,200,384.74,40,384.41,200,384.38,200,384.35,320,384.26,120,384.18,80,383.59,160,385.78,120,385.79,160,385.8,160,385.81,240,386.17,80,386.18,200,386.19,120,386.2,80,386.21,120,386.22,80
2026-02-05 09:36:05,385.34,385.35,9,384.9,160,385.78,120,385.78,384.9,384.9,160,384.81,240,384.75,200,384.74,40,384.41,200,384.38,200,384.35,320,384.26,120,384.18,80,383.59,160,385.78,120,385.79,160,385.8,160,385.81,240,386.17,80,386.18,200,386.19,120,386.2,80,386.21,120,386.22,80
2026-02-05 09:36:06,385.34,384.95,1,384.9,160,385.78,120,385.78,384.9,384.9,160,384.81,240,384.75,200,384.74,40,384.41,200,384.38,200,384.35,320,384.26,120,384.18,80,383.59,160,385.78,120,385.79,160,385.8,160,385.81,240,386.17,80,386.18,200,386.19,120,386.2,80,386.21,120,386.22,80
2026-02-05 09:36:06,385.34,384.95,1,384.9,160,385.78,120,385.78,384.9,384.9,160,384.81,240,384.75,200,384.74,40,384.41,200,384.38,200,384.35,320,384.26,120,384.18,80,383.59,160,385.78,120,385.79,160,385.8,160,385.81,240,386.17,80,386.18,200,386.19,120,386.2,80,386.21,120,386.22,80
2026-02-05 09:36:07,385.34,384.95,1,384.9,160,385.78,120,385.78,384.9,384.9,160,384.81,240,384.75,200,384.74,40,384.41,200,384.38,200,384.35,320,384.26,120,384.18,80,383.59,160,385.78,120,385.79,160,385.8,160,385.81,240,386.17,80,386.18,200,386.19,120,386.2,80,386.21,120,386.22,80
2026-02-05 09:36:09,385.345,384.95,1,384.91,280,385.78,120,385.78,384.91,384.91,280,384.9,160,384.81,240,384.75,200,384.74,40,384.41,200,384.38,200,384.35,320,384.26,120,384.18,80,385.78,120,385.79,160,385.8,160,385.81,240,386.17,80,386.18,200,386.19,120,386.2,80,386.21,120,386.22,80
2026-02-05 09:36:09,385.35,384.95,1,384.93,160,385.77,120,385.77,384.93,384.93,160,384.91,280,384.9,160,384.81,240,384.75,200,384.74,40,384.41,200,384.38,200,384.35,320,384.26,120,385.77,120,385.78,160,385.79,160,385.8,160,385.81,240,386.17,80,386.18,200,386.19,120,386.2,80,386.21,120
2026-02-05 09:36:11,385.35,384.95,1,384.93,240,385.77,200,385.77,384.93,384.93,240,384.91,280,384.9,160,384.81,240,384.75,200,384.74,40,384.41,200,384.38,200,384.35,320,384.26,120,385.77,200,385.78,160,385.79,160,385.8,160,385.81,240,386.17,80,386.18,200,386.19,120,386.2,80,386.21,120
2026-02-05 09:36:12,385.35,384.95,1,384.93,240,385.77,200,385.77,384.93,384.93,240,384.91,280,384.9,160,384.81,240,384.75,200,384.74,40,384.41,200,384.38,200,384.35,320,384.26,120,385.77,200,385.78,160,385.79,160,385.8,160,385.81,240,386.17,80,386.18,200,386.19,120,386.2,80,386.21,120
2026-02-05 09:36:13,385.35,384.95,1,384.93,240,385.77,200,385.77,384.93,384.93,240,384.91,280,384.9,160,384.81,240,384.75,200,384.74,40,384.41,200,384.38,200,384.35,320,384.26,120,385.77,200,385.78,160,385.79,160,385.8,160,385.81,240,386.17,80,386.18,200,386.19,120,386.2,80,386.21,120
2026-02-05 09:36:13,385.35,384.95,1,384.93,240,385.77,200,385.77,384.93,384.93,240,384.91,280,384.9,160,384.81,240,384.75,200,384.74,40,384.41,200,384.38,200,384.35,320,384.26,120,385.77,200,385.78,160,385.79,160,385.8,160,385.81,240,386.17,80,386.18,200,386.19,120,386.2,80,386.21,120
2026-02-05 09:36:15,385.35,384.95,1,384.93,240,385.77,280,385.77,384.93,384.93,240,384.91,280,384.9,160,384.81,240,384.75,200,384.74,40,384.41,200,384.38,200,384.35,320,384.26,120,385.77,280,385.78,160,385.79,160,385.8,160,385.81,240,386.17,80,386.18,200,386.19,120,386.2,80,386.21,120
2026-02-05 09:36:16,385.35,384.95,1,384.93,240,385.77,280,385.77,384.93,384.93,240,384.91,280,384.9,160,384.81,240,384.75,200,384.74,40,384.41,200,384.38,200,384.35,320,384.26,120,385.77,280,385.78,160,385.79,160,385.8,160,385.81,240,386.17,80,386.18,200,386.19,120,386.2,80,386.21,120
2026-02-05 09:36:17,385.35,384.95,1,384.93,240,385.77,280,385.77,384.93,384.93,240,384.91,280,384.9,160,384.81,240,384.75,200,384.74,40,384.41,200,384.38,200,384.35,320,384.26,120,385.77,280,385.78,160,385.79,160,385.8,160,385.81,240,386.17,80,386.18,200,386.19,120,386.2,80,386.21,120
2026-02-05 09:36:18,385.35,384.95,1,384.93,240,385.77,280,385.77,384.93,384.93,240,384.91,280,384.9,160,384.81,240,384.75,200,384.74,40,384.41,200,384.38,200,384.35,320,384.26,120,385.77,280,385.78,160,385.79,160,385.8,160,385.81,240,386.17,80,386.18,200,386.19,120,386.2,80,386.21,120
2026-02-05 09:36:19,385.35,384.95,1,384.93,240,385.77,320,385.77,384.93,384.93,240,384.91,280,384.9,160,384.81,240,384.75,200,384.74,40,384.41,200,384.38,200,384.35,320,384.26,120,385.77,320,385.78,160,385.79,160,385.8,160,385.81,240,386.17,80,386.18,200,386.19,120,386.2,80,386.21,120
2026-02-05 09:36:20,385.35,384.95,1,384.93,240,385.77,320,385.77,384.93,384.93,240,384.91,280,384.9,160,384.81,240,384.75,200,384.74,40,384.41,200,384.38,200,384.35,320,384.26,120,385.77,320,385.78,160,385.79,160,385.8,160,385.81,240,386.17,80,386.18,200,386.19,120,386.2,80,386.21,120
2026-02-05 09:36:21,385.35,384.95,1,384.93,240,385.77,320,385.77,384.93,384.93,240,384.91,280,384.9,160,384.81,240,384.75,200,384.74,40,384.41,200,384.38,200,384.35,320,384.26,120,385.77,320,385.78,160,385.79,160,385.8,160,385.81,240,386.17,80,386.18,200,386.19,120,386.2,80,386.21,120
2026-02-05 09:36:22,385.35,384.95,1,384.93,240,385.77,320,385.77,384.93,384.93,240,384.91,280,384.9,160,384.81,240,384.75,200,384.74,40,384.41,200,384.38,200,384.35,320,384.26,120,385.77,320,385.78,160,385.79,160,385.8,160,385.81,240,386.17,80,386.18,200,386.19,120,386.2,80,386.21,120
2026-02-05 09:36:23,385.35,384.95,1,384.93,240,385.77,320,385.77,384.93,384.93,240,384.91,280,384.9,160,384.81,240,384.75,200,384.74,40,384.41,200,384.38,200,384.35,320,384.26,120,385.77,320,385.78,160,385.79,160,385.8,160,385.81,240,386.17,80,386.18,200,386.19,120,386.2,80,386.21,120
2026-02-05 09:36:24,385.35,385.35,1,384.93,240,385.77,320,385.77,384.93,384.93,240,384.91,280,384.9,160,384.81,240,384.75,200,384.74,40,384.41,200,384.38,200,384.35,320,384.26,120,385.77,320,385.78,160,385.79,160,385.8,160,385.81,240,386.17,80,386.18,200,386.19,120,386.2,80,386.21,120
2026-02-05 09:36:25,385.35,385.35,1,384.93,240,385.77,280,385.77,384.93,384.93,240,384.91,280,384.9,160,384.81,240,384.75,200,384.74,40,384.41,200,384.38,200,384.35,320,384.26,120,385.77,280,385.78,160,385.79,160,385.8,160,385.81,240,386.17,80,386.18,200,386.19,120,386.2,80,386.21,120
2026-02-05 09:36:26,385.35,385.35,1,384.93,240,385.77,280,385.77,384.93,384.93,240,384.91,280,384.9,160,384.81,240,384.75,200,384.74,40,384.41,200,384.38,200,384.35,320,384.26,120,385.77,280,385.78,160,385.79,160,385.8,160,385.81,240,386.17,80,386.18,200,386.19,120,386.2,80,386.21,120
2026-02-05 09:36:27,385.385,385.35,1,385.0,80,385.77,280,385.77,385.0,385.0,80,384.93,240,384.91,280,384.9,160,384.81,240,384.75,200,384.74,40,384.41,200,384.38,200,384.35,320,385.77,280,385.78,160,385.79,160,385.8,160,385.81,240,386.17,80,386.18,200,386.19,120,386.2,80,386.21,120
2026-02-05 09:36:28,385.385,385.39,1,385.0,80,385.77,280,385.77,385.0,385.0,80,384.93,240,384.91,280,384.9,160,384.81,240,384.75,200,384.74,40,384.41,200,384.38,200,384.35,320,385.77,280,385.78,160,385.79,160,385.8,160,385.81,240,386.17,80,386.18,200,386.19,120,386.2,80,386.21,120
2026-02-05 09:36:29,385.385,385.39,1,385.0,80,385.77,280,385.77,385.0,385.0,80,384.93,240,384.91,280,384.9,160,384.81,240,384.75,200,384.74,40,384.41,200,384.38,200,384.35,320,385.77,280,385.78,160,385.79,160,385.8,160,385.81,240,386.17,80,386.18,200,386.19,120,386.2,80,386.21,120
2026-02-05 09:36:30,385.385,385.39,1,385.01,80,385.76,280,385.76,385.01,385.01,80,385.0,80,384.93,240,384.91,280,384.9,160,384.81,240,384.75,200,384.74,40,384.41,200,384.38,200,385.76,280,385.77,80,385.78,160,385.79,160,385.8,160,385.81,240,386.17,80,386.18,200,386.19,120,386.2,80
2026-02-05 09:36:31,385.385,385.39,1,385.01,80,385.76,280,385.76,385.01,385.01,80,385.0,80,384.93,240,384.91,280,384.9,160,384.81,240,384.75,200,384.74,40,384.41,200,384.38,200,385.76,280,385.77,80,385.78,160,385.79,160,385.8,160,385.81,240,386.17,80,386.18,200,386.19,120,386.2,80
2026-02-05 09:36:32,385.385,385.02,1,385.01,80,385.76,280,385.76,385.01,385.01,80,385.0,80,384.93,240,384.91,280,384.9,160,384.81,240,384.75,200,384.74,40,384.41,200,384.38,200,385.76,280,385.77,80,385.78,160,385.79,160,385.8,160,385.81,240,386.17,80,386.18,200,386.19,120,386.2,80
2026-02-05 09:36:33,385.385,385.18,1,385.01,80,385.76,280,385.76,385.01,385.01,80,385.0,80,384.93,240,384.91,280,384.9,160,384.81,240,384.75,200,384.74,40,384.41,200,384.38,200,385.76,280,385.77,80,385.78,160,385.79,160,385.8,160,385.81,240,386.17,80,386.18,200,386.19,120,386.2,80
2026-02-05 09:36:34,385.385,385.18,1,385.01,200,385.76,280,385.76,385.01,385.01,200,385.0,80,384.93,240,384.91,280,384.9,160,384.81,240,384.75,200,384.74,40,384.41,200,384.38,200,385.76,280,385.77,80,385.78,160,385.79,160,385.8,160,385.81,240,386.17,80,386.18,200,386.19,120,386.2,80
2026-02-05 09:36:35,385.385,385.18,1,385.01,200,385.76,280,385.76,385.01,385.01,200,385.0,80,384.93,240,384.91,280,384.9,160,384.81,240,384.75,200,384.74,40,384.41,200,384.38,200,385.76,280,385.77,80,385.78,160,385.79,160,385.8,160,385.81,240,386.17,80,386.18,200,386.19,120,386.2,80
2026-02-05 09:36:36,385.385,385.18,1,385.01,200,385.76,280,385.76,385.01,385.01,200,385.0,80,384.93,240,384.91,280,384.9,160,384.81,240,384.75,200,384.74,40,384.41,200,384.38,200,385.76,280,385.77,80,385.78,160,385.79,160,385.8,160,385.81,240,386.17,80,386.18,200,386.19,120,386.2,80
2026-02-05 09:36:37,385.385,385.18,1,385.01,200,385.76,280,385.76,385.01,385.01,200,385.0,80,384.93,240,384.91,280,384.9,160,384.81,240,384.75,200,384.74,40,384.41,200,384.38,200,385.76,280,385.77,80,385.78,160,385.79,160,385.8,160,385.81,240,386.17,80,386.18,200,386.19,120,386.2,80
2026-02-05 09:36:38,385.385,385.18,1,385.01,200,385.76,280,385.76,385.01,385.01,200,385.0,80,384.93,240,384.91,280,384.9,160,384.81,240,384.75,200,384.74,40,384.41,200,384.38,200,385.76,280,385.77,80,385.78,160,385.79,160,385.8,160,385.81,240,386.17,80,386.18,200,386.19,120,386.2,80
2026-02-05 09:36:39,385.385,385.18,1,385.01,200,385.76,280,385.76,385.01,385.01,200,385.0,80,384.93,240,384.91,280,384.9,160,384.81,240,384.75,200,384.74,40,384.41,200,384.38,200,385.76,280,385.77,80,385.78,160,385.79,160,385.8,160,385.81,240,386.17,80,386.18,200,386.19,120,386.2,80
2026-02-05 09:36:40,385.385,385.18,1,385.01,200,385.76,280,385.76,385.01,385.01,200,385.0,80,384.93,240,384.91,280,384.9,160,384.81,240,384.75,200,384.74,40,384.41,200,384.38,200,385.76,280,385.77,80,385.78,160,385.79,160,385.8,160,385.81,240,386.17,80,386.18,200,386.19,120,386.2,80
2026-02-05 09:36:41,385.385,385.18,1,385.01,200,385.76,280,385.76,385.01,385.01,200,385.0,80,384.93,240,384.91,280,384.9,160,384.81,240,384.75,200,384.74,40,384.41,200,384.38,200,385.76,280,385.77,80,385.78,160,385.79,160,385.8,160,385.81,240,386.17,80,386.18,200,386.19,120,386.2,80
2026-02-05 09:36:42,385.385,385.18,1,385.01,200,385.76,280,385.76,385.01,385.01,200,385.0,80,384.93,240,384.91,280,384.9,160,384.81,240,384.75,200,384.74,40,384.41,200,384.38,200,385.76,280,385.77,80,385.78,160,385.79,160,385.8,160,385.81,240,386.17,80,386.18,200,386.19,120,386.2,80
2026-02-05 09:36:43,385.385,385.18,1,385.01,200,385.76,280,385.76,385.01,385.01,200,385.0,80,384.93,240,384.91,280,384.9,160,384.81,240,384.75,200,384.74,40,384.41,200,384.38,200,385.76,280,385.77,80,385.78,160,385.79,160,385.8,160,385.81,240,386.17,80,386.18,200,386.19,120,386.2,80
2026-02-05 09:36:44,385.385,385.18,1,385.01,200,385.76,280,385.76,385.01,385.01,200,385.0,80,384.93,240,384.91,280,384.9,160,384.81,240,384.75,200,384.74,40,384.41,200,384.38,200,385.76,280,385.77,80,385.78,160,385.79,160,385.8,160,385.81,240,386.17,80,386.18,200,386.19,120,386.2,80
2026-02-05 09:36:45,385.385,385.18,1,385.01,200,385.76,280,385.76,385.01,385.01,200,385.0,80,384.93,240,384.91,280,384.9,160,384.81,240,384.75,200,384.74,40,384.41,200,384.38,200,385.76,280,385.77,80,385.78,160,385.79,160,385.8,160,385.81,240,386.17,80,386.18,200,386.19,120,386.2,80
2026-02-05 09:36:46,385.385,385.18,1,385.01,200,385.76,280,385.76,385.01,385.01,200,385.0,80,384.93,240,384.91,280,384.9,160,384.81,240,384.75,200,384.74,40,384.41,200,384.38,200,385.76,280,385.77,80,385.78,160,385.79,160,385.8,160,385.81,240,386.17,80,386.18,200,386.19,120,386.2,80
2026-02-05 09:36:47,385.385,385.18,1,385.01,200,385.76,280,385.76,385.01,385.01,200,385.0,80,384.93,240,384.91,280,384.9,160,384.81,240,384.75,200,384.74,40,384.41,200,384.38,200,385.76,280,385.77,80,385.78,160,385.79,160,385.8,160,385.81,240,386.17,80,386.18,200,386.19,120,386.2,80
2026-02-05 09:36:48,385.385,385.18,1,385.01,200,385.76,280,385.76,385.01,385.01,200,385.0,80,384.93,240,384.91,280,384.9,160,384.81,240,384.75,200,384.74,40,384.41,200,384.38,200,385.76,280,385.77,80,385.78,160,385.79,160,385.8,160,385.81,240,386.17,80,386.18,200,386.19,120,386.2,80
2026-02-05 09:36:49,385.385,385.18,1,385.01,200,385.76,280,385.76,385.01,385.01,200,385.0,80,384.93,240,384.91,280,384.9,160,384.81,240,384.75,200,384.74,40,384.41,200,384.38,200,385.76,280,385.77,80,385.78,160,385.79,160,385.8,160,385.81,240,386.17,80,386.18,200,386.19,120,386.2,80
2026-02-05 09:36:50,385.385,385.18,1,385.01,200,385.76,280,385.76,385.01,385.01,200,385.0,80,384.93,240,384.91,280,384.9,160,384.81,240,384.75,200,384.74,40,384.41,200,384.38,200,385.76,280,385.77,80,385.78,160,385.79,160,385.8,160,385.81,240,386.17,80,386.18,200,386.19,120,386.2,80
2026-02-05 09:36:51,385.385,385.18,1,385.01,200,385.76,280,385.76,385.01,385.01,200,385.0,80,384.93,240,384.91,280,384.9,160,384.81,240,384.75,200,384.74,40,384.41,200,384.38,200,385.76,280,385.77,80,385.78,160,385.79,160,385.8,160,385.81,240,386.17,80,386.18,200,386.19,120,386.2,80
2026-02-05 09:36:52,384.85,384.79,1,384.6,480,385.1,240,385.1,384.6,384.6,480,384.41,200,384.38,200,384.35,320,384.26,120,384.18,80,383.59,160,383.58,160,383.54,80,383.38,120,385.1,240,385.11,240,385.12,280,385.13,280,385.14,240,385.15,280,385.28,80,385.31,40,385.39,120,385.61,40
2026-02-05 09:36:53,384.535,384.54,1,384.22,120,384.85,200,384.85,384.22,384.22,120,384.21,40,384.18,80,383.59,160,383.58,160,383.54,80,383.38,120,383.34,400,383.33,400,383.26,80,384.85,200,385.08,160,385.09,200,385.1,240,385.11,240,385.12,280,385.13,280,385.14,240,385.15,280,385.28,80
2026-02-05 09:36:54,384.535,384.54,1,384.22,160,384.85,320,384.85,384.22,384.22,160,384.21,40,384.18,80,383.59,160,383.58,160,383.54,80,383.38,120,383.34,400,383.33,400,383.26,80,384.85,320,385.08,160,385.09,200,385.1,240,385.11,240,385.12,280,385.13,280,385.14,240,385.15,280,385.28,80
2026-02-05 09:36:55,384.535,384.54,1,384.22,120,384.85,320,384.85,384.22,384.22,120,384.21,40,384.18,80,383.59,160,383.58,160,383.54,80,383.38,120,383.34,400,383.33,400,383.26,80,384.85,320,385.08,160,385.09,200,385.1,240,385.11,240,385.12,280,385.13,280,385.14,240,385.15,280,385.28,80
2026-02-05 09:36:56,384.535,384.54,1,384.22,120,384.85,320,384.85,384.22,384.22,120,384.21,40,384.18,80,383.59,160,383.58,160,383.54,80,383.38,120,383.34,400,383.33,400,383.26,80,384.85,320,385.08,160,385.09,200,385.1,240,385.11,240,385.12,280,385.13,280,385.14,240,385.15,280,385.28,80
2026-02-05 09:36:57,384.54,384.54,1,384.23,80,384.85,520,384.85,384.23,384.23,80,384.22,120,384.21,40,384.18,80,383.59,160,383.58,160,383.54,80,383.38,120,383.34,400,383.33,400,384.85,520,385.08,160,385.09,200,385.1,240,385.11,240,385.12,280,385.13,280,385.14,240,385.15,280,385.28,80
