sim_time,mid_price,last_price,last_size,best_bid_price,best_bid_size,best_ask_price,best_ask_size,close_price_buy,close_price_sell,bid1_price,bid1_size,bid2_price,bid2_size,bid3_price,bid3_size,bid4_price,bid4_size,bid5_price,bid5_size,bid6_price,bid6_size,bid7_price,bid7_size,bid8_price,bid8_size,bid9_price,bid9_size,bid10_price,bid10_size,ask1_price,ask1_size,ask2_price,ask2_size,ask3_price,ask3_size,ask4_price,ask4_size,ask5_price,ask5_size,ask6_price,ask6_size,ask7_price,ask7_size,ask8_price,ask8_size,ask9_price,ask9_size,ask10_price,ask10_size
2020-10-29 09:30:27,269.54,0.0,0,269.31,1,269.77,4,269.77,269.31,269.31,1,269.24,1,269.22,7,269.21,1,,,,,,,,,,,,,269.77,4,269.85,1,269.93,1,270.0,3,270.09,2,,,,,,,,,,
2020-10-29 09:30:28,269.535,0.0,0,269.3,1,269.77,4,269.77,269.3,269.3,1,269.24,1,269.22,7,269.21,1,,,,,,,,,,,,,269.77,4,269.85,1,269.93,1,270.0,3,270.09,2,,,,,,,,,,
2020-10-29 09:30:29,269.595,269.59,1,269.42,1,269.77,4,269.77,269.42,269.42,1,269.4,1,269.31,1,269.3,1,269.24,1,269.22,7,269.21,1,,,,,,,269.77,4,269.85,1,269.93,1,270.0,3,270.09,2,,,,,,,,,,
2020-10-29 09:30:30,269.6,269.59,1,269.43,1,269.77,4,269.77,269.43,269.43,1,269.41,1,269.4,1,269.31,1,269.3,1,269.24,1,269.22,7,269.21,1,,,,,269.77,4,269.85,1,269.93,1,270.0,3,270.09,2,,,,,,,,,,
2020-10-29 09:30:31,269.6,269.59,1,269.43,1,269.77,4,269.77,269.43,269.43,1,269.41,1,269.4,1,269.31,1,269.3,1,269.24,1,269.22,7,269.21,1,,,,,269.77,4,269.85,1,269.93,1,270.0,3,270.09,2,,,,,,,,,,
2020-10-29 09:30:32,269.6,269.59,1,269.43,1,269.77,4,269.77,269.43,269.43,1,269.41,1,269.4,1,269.31,1,269.3,1,269.24,1,269.22,7,269.21,1,,,,,269.77,4,269.85,1,269.93,1,270.0,3,270.09,2,,,,,,,,,,
2020-10-29 09:30:34,269.6,269.59,1,269.43,1,269.77,4,269.77,269.43,269.43,1,269.41,1,269.4,1,269.31,1,269.3,1,269.24,1,269.22,7,269.21,1,,,,,269.77,4,269.85,1,269.93,1,270.0,3,270.09,2,,,,,,,,,,
2020-10-29 09:30:34,269.6,269.59,1,269.43,1,269.77,4,269.77,269.43,269.43,1,269.41,1,269.4,1,269.31,1,269.3,1,269.24,1,269.22,7,269.21,1,,,,,269.77,4,269.85,1,269.93,1,270.0,3,270.09,2,,,,,,,,,,
2020-10-29 09:30:35,269.6,269.59,1,269.43,1,269.77,4,269.77,269.43,269.43,1,269.41,1,269.4,1,269.31,1,269.3,1,269.24,1,269.22,7,269.21,1,,,,,269.77,4,269.85,1,269.93,1,270.0,3,270.09,2,,,,,,,,,,
2020-10-29 09:30:36,269.6,269.59,1,269.43,1,269.77,4,269.77,269.43,269.43,1,269.41,1,269.4,1,269.31,1,269.3,1,269.24,1,269.22,7,269.21,1,,,,,269.77,4,269.85,1,269.93,1,270.0,3,270.09,2,,,,,,,,,,
2020-10-29 09:30:37,269.6,269.59,1,269.43,1,269.77,4,269.77,269.43,269.43,1,269.41,1,269.4,1,269.31,1,269.3,1,269.24,1,269.22,7,269.21,1,,,,,269.77,4,269.85,1,269.93,1,270.0,3,270.09,2,,,,,,,,,,
2020-10-29 09:30:38,269.6,269.59,1,269.43,1,269.77,4,269.77,269.43,269.43,1,269.41,1,269.4,1,269.31,1,269.3,1,269.24,1,269.22,7,269.21,1,,,,,269.77,4,269.85,1,269.93,1,270.0,3,270.09,2,,,,,,,,,,
2020-10-29 09:30:39,269.6,269.6,2,269.43,1,269.77,4,269.77,269.43,269.43,1,269.41,1,269.4,1,269.31,1,269.3,1,269.24,1,269.22,7,269.21,1,,,,,269.77,4,269.85,1,269.93,1,270.0,3,270.09,2,,,,,,,,,,
2020-10-29 09:30:40,269.6,269.6,2,269.43,2,269.77,5,269.77,269.43,269.43,2,269.41,1,269.4,1,269.31,1,269.3,1,269.24,1,269.22,7,269.21,1,,,,,269.77,5,269.85,1,269.93,1,270.0,3,270.09,2,,,,,,,,,,
2020-10-29 09:30:41,269.6,269.6,2,269.43,3,269.77,5,269.77,269.43,269.43,3,269.41,1,269.4,1,269.31,1,269.3,1,269.24,1,269.22,7,269.21,1,,,,,269.77,5,269.85,1,269.93,1,270.0,3,270.09,2,,,,,,,,,,
2020-10-29 09:30:42,269.6,269.69,2,269.43,3,269.77,5,269.77,269.43,269.43,3,269.41,1,269.4,1,269.31,1,269.3,1,269.24,1,269.22,7,269.21,1,,,,,269.77,5,269.85,1,269.93,1,270.0,3,270.09,2,,,,,,,,,,
2020-10-29 09:30:43,269.6,269.69,2,269.43,3,269.77,5,269.77,269.43,269.43,3,269.41,1,269.4,1,269.31,1,269.3,1,269.24,1,269.22,7,269.21,1,,,,,269.77,5,269.85,1,269.93,1,270.0,3,270.09,2,,,,,,,,,,
2020-10-29 09:30:44,269.59,269.65,1,269.45,1,269.73,1,269.73,269.45,269.45,1,269.43,2,269.42,2,269.41,1,269.4,1,269.31,1,269.3,1,269.24,1,269.22,7,269.21,1,269.73,1,269.75,3,269.77,5,269.85,1,269.93,1,270.0,3,270.09,2,,,,,,
2020-10-29 09:30:45,269.59,269.59,1,269.45,1,269.73,1,269.73,269.45,269.45,1,269.43,1,269.42,2,269.41,1,269.4,1,269.31,1,269.3,1,269.24,1,269.22,7,269.21,1,269.73,1,269.93,1,270.0,3,270.09,2,,,,,,,,,,,,
2020-10-29 09:30:46,269.59,269.59,1,269.45,1,269.73,1,269.73,269.45,269.45,1,269.43,1,269.42,2,269.41,1,269.4,1,269.31,1,269.3,1,269.24,1,269.22,7,269.21,1,269.73,1,269.93,1,270.0,3,270.09,2,,,,,,,,,,,,
2020-10-29 09:30:47,269.59,269.59,1,269.45,1,269.73,1,269.73,269.45,269.45,1,269.43,1,269.42,2,269.41,1,269.4,1,269.31,1,269.3,1,269.24,1,269.22,7,269.21,1,269.73,1,269.93,1,270.0,3,270.09,2,,,,,,,,,,,,
2020-10-29 09:30:48,269.59,269.59,1,269.45,1,269.73,1,269.73,269.45,269.45,1,269.43,1,269.42,2,269.41,1,269.4,1,269.31,1,269.3,1,269.24,1,269.22,7,269.21,1,269.73,1,269.93,1,270.0,3,270.09,2,,,,,,,,,,,,
2020-10-29 09:30:49,269.59,269.59,1,269.45,1,269.73,1,269.73,269.45,269.45,1,269.43,1,269.42,2,269.41,1,269.4,1,269.31,1,269.3,1,269.24,1,269.22,7,269.21,1,269.73,1,269.93,1,270.0,3,270.09,2,,,,,,,,,,,,
2020-10-29 09:30:50,269.595,269.7,2,269.46,1,269.73,4,269.73,269.46,269.46,1,269.44,1,269.42,2,269.41,1,269.4,1,269.31,1,269.3,1,269.24,1,269.22,7,269.21,1,269.73,4,269.93,1,270.0,3,270.09,2,,,,,,,,,,,,
2020-10-29 09:30:51,269.625,269.73,1,269.52,1,269.73,4,269.73,269.52,269.52,1,269.51,1,269.48,1,269.47,1,269.37,1,269.31,1,269.3,1,269.24,1,269.22,7,269.21,1,269.73,4,269.93,1,270.0,3,270.09,2,,,,,,,,,,,,
2020-10-29 09:30:52,269.66,269.73,1,269.59,1,269.73,4,269.73,269.59,269.59,1,269.54,1,269.51,2,269.48,1,269.47,1,269.37,1,269.31,1,269.3,1,269.24,1,269.22,7,269.73,4,269.93,1,270.0,3,270.09,2,,,,,,,,,,,,
2020-10-29 09:30:54,269.82,269.74,1,269.68,1,269.96,1,269.96,269.68,269.68,1,269.66,1,269.59,1,269.54,1,269.51,2,269.48,1,269.47,1,269.37,1,269.31,1,269.3,1,269.96,1,269.99,1,270.0,2,270.09,2,,,,,,,,,,,,
2020-10-29 09:30:55,269.815,269.74,1,269.68,1,269.95,1,269.95,269.68,269.68,1,269.66,1,269.59,1,269.54,1,269.51,2,269.48,1,269.47,1,269.37,1,269.31,1,269.3,1,269.95,1,270.0,2,270.09,2,,,,,,,,,,,,,,
2020-10-29 09:30:55,269.88,269.83,2,269.76,1,270.0,2,270.0,269.76,269.76,1,269.66,1,269.59,1,269.54,1,269.51,2,269.48,1,269.47,1,269.37,1,269.31,1,269.3,1,270.0,2,270.09,2,,,,,,,,,,,,,,,,
2020-10-29 09:30:56,269.88,269.83,2,269.76,1,270.0,2,270.0,269.76,269.76,1,269.66,1,269.59,1,269.54,1,269.51,2,269.48,1,269.47,1,269.37,1,269.31,1,269.3,1,270.0,2,270.09,2,,,,,,,,,,,,,,,,
2020-10-29 09:30:57,269.88,269.83,2,269.76,1,270.0,2,270.0,269.76,269.76,1,269.66,1,269.59,1,269.54,1,269.51,2,269.48,1,269.47,1,269.37,1,269.31,1,269.3,1,270.0,2,270.09,2,,,,,,,,,,,,,,,,
2020-10-29 09:30:59,269.91,269.83,2,269.76,1,270.06,1,270.06,269.76,269.76,1,269.66,1,269.59,1,269.54,1,269.51,2,269.48,1,269.47,1,269.37,1,269.31,1,269.3,1,270.06,1,270.09,2,,,,,,,,,,,,,,,,
2020-10-29 09:31:00,269.92,269.83,2,269.76,2,270.08,1,270.08,269.76,269.76,2,269.66,1,269.59,1,269.54,1,269.51,2,269.48,1,269.47,1,269.37,1,269.31,1,269.3,1,270.08,1,270.11,1,270.16,1,270.2,1,,,,,,,,,,,,
2020-10-29 09:31:01,269.88,269.83,2,269.76,2,270.0,1,270.0,269.76,269.76,2,269.66,1,269.59,1,269.54,1,269.51,2,269.48,1,269.47,1,269.37,1,269.31,1,269.3,1,270.0,1,270.07,1,270.08,1,270.11,1,270.16,1,270.2,1,,,,,,,,
2020-10-29 09:31:01,269.88,269.83,2,269.76,2,270.0,1,270.0,269.76,269.76,2,269.66,1,269.59,1,269.54,1,269.51,2,269.48,1,269.47,1,269.37,1,269.31,1,269.3,1,270.0,1,270.07,1,270.08,1,270.11,1,270.16,1,270.2,1,,,,,,,,
2020-10-29 09:31:02,269.88,269.83,2,269.76,2,270.0,1,270.0,269.76,269.76,2,269.66,1,269.59,1,269.54,1,269.51,2,269.48,1,269.47,1,269.37,1,269.31,1,269.3,1,270.0,1,270.01,1,270.06,1,270.07,1,270.08,1,270.11,1,270.16,1,270.2,1,,,,
2020-10-29 09:31:04,269.88,269.83,2,269.76,2,270.0,1,270.0,269.76,269.76,2,269.66,1,269.59,1,269.54,1,269.51,2,269.48,1,269.47,1,269.37,1,269.31,1,269.3,1,270.0,1,270.01,1,270.06,1,270.07,1,270.08,1,270.11,1,270.16,1,270.2,1,,,,
2020-10-29 09:31:05,269.88,269.97,1,269.76,2,270.0,1,270.0,269.76,269.76,2,269.66,1,269.59,1,269.54,1,269.51,2,269.48,1,269.47,1,269.37,1,269.31,1,269.3,1,270.0,1,270.01,1,270.06,1,270.07,1,270.08,1,270.11,1,270.16,1,270.2,1,,,,
2020-10-29 09:31:06,269.91,269.88,1,269.82,1,270.0,1,270.0,269.82,269.82,1,269.8,1,269.76,2,269.66,1,269.59,1,269.54,1,269.51,2,269.48,1,269.47,1,269.37,1,270.0,1,270.08,1,270.11,1,270.16,1,270.2,1,,,,,,,,,,
2020-10-29 09:31:07,269.88,269.88,1,269.76,2,270.0,4,270.0,269.76,269.76,2,269.66,1,269.59,1,269.54,1,269.51,2,269.48,1,269.47,1,269.37,1,269.31,1,269.3,1,270.0,4,270.08,1,270.11,1,270.16,1,270.2,1,,,,,,,,,,
2020-10-29 09:31:08,269.88,269.88,1,269.76,2,270.0,4,270.0,269.76,269.76,2,269.66,1,269.59,1,269.54,1,269.51,2,269.48,1,269.47,1,269.37,1,269.31,1,269.3,1,270.0,4,270.08,1,270.11,1,270.16,1,270.2,1,,,,,,,,,,
2020-10-29 09:31:09,269.88,269.88,1,269.76,2,270.0,4,270.0,269.76,269.76,2,269.66,1,269.59,1,269.54,1,269.51,2,269.48,1,269.47,1,269.37,1,269.31,1,269.3,1,270.0,4,270.08,1,270.11,1,270.16,1,270.2,1,,,,,,,,,,
2020-10-29 09:31:10,269.88,269.88,1,269.76,2,270.0,4,270.0,269.76,269.76,2,269.66,1,269.59,1,269.54,1,269.51,2,269.48,1,269.47,1,269.37,1,269.31,1,269.3,1,270.0,4,270.08,1,270.11,1,270.16,1,270.2,1,,,,,,,,,,
2020-10-29 09:31:11,269.88,269.88,1,269.76,2,270.0,4,270.0,269.76,269.76,2,269.66,1,269.59,1,269.54,1,269.51,2,269.48,1,269.47,1,269.37,1,269.31,1,269.3,1,270.0,4,270.08,1,270.11,1,270.16,1,270.2,1,,,,,,,,,,
2020-10-29 09:31:12,269.88,269.88,1,269.76,2,270.0,4,270.0,269.76,269.76,2,269.66,1,269.59,1,269.54,1,269.51,2,269.48,1,269.47,1,269.37,1,269.31,1,269.3,1,270.0,4,270.08,1,270.11,1,270.16,1,270.2,1,,,,,,,,,,
2020-10-29 09:31:13,269.88,269.88,1,269.76,2,270.0,4,270.0,269.76,269.76,2,269.66,1,269.59,1,269.54,1,269.51,2,269.48,1,269.47,1,269.37,1,269.31,1,269.3,1,270.0,4,270.08,1,270.11,1,270.16,1,270.2,1,,,,,,,,,,
2020-10-29 09:31:14,269.88,269.88,1,269.76,2,270.0,4,270.0,269.76,269.76,2,269.66,1,269.59,1,269.54,1,269.51,2,269.48,1,269.47,1,269.37,1,269.31,1,269.3,1,270.0,4,270.08,1,270.11,1,270.16,1,270.2,1,,,,,,,,,,
2020-10-29 09:31:15,269.88,269.88,1,269.76,2,270.0,4,270.0,269.76,269.76,2,269.66,1,269.59,1,269.54,1,269.51,2,269.48,1,269.47,1,269.37,1,269.31,1,269.3,1,270.0,4,270.08,1,270.11,1,270.16,1,270.2,1,,,,,,,,,,
2020-10-29 09:31:16,269.88,269.88,1,269.76,4,270.0,4,270.0,269.76,269.76,4,269.66,1,269.59,1,269.54,1,269.51,2,269.48,1,269.47,1,269.37,1,269.31,1,269.3,1,270.0,4,270.08,1,270.11,1,270.16,1,270.2,1,,,,,,,,,,
2020-10-29 09:31:16,269.88,269.88,1,269.76,4,270.0,4,270.0,269.76,269.76,4,269.66,1,269.59,1,269.54,1,269.51,2,269.48,1,269.47,1,269.37,1,269.31,1,269.3,1,270.0,4,270.08,1,270.11,1,270.16,1,270.2,1,,,,,,,,,,
2020-10-29 09:31:18,269.88,269.88,1,269.76,4,270.0,4,270.0,269.76,269.76,4,269.66,1,269.59,1,269.54,1,269.51,2,269.48,1,269.47,1,269.37,1,269.31,1,269.3,1,270.0,4,270.08,1,270.11,1,270.16,1,270.2,1,,,,,,,,,,
2020-10-29 09:31:19,269.985,269.98,1,269.87,1,270.1,1,270.1,269.87,269.87,1,269.76,3,269.66,1,269.59,1,269.54,1,269.51,2,269.48,1,269.47,1,269.37,1,269.31,1,270.1,1,270.12,3,270.2,1,270.25,1,,,,,,,,,,,,
2020-10-29 09:31:20,270.01,269.98,1,269.89,1,270.13,2,270.13,269.89,269.89,1,269.78,1,269.76,3,269.66,1,269.59,1,269.54,1,269.51,2,269.48,1,269.47,1,269.37,1,270.13,2,270.16,1,270.17,1,270.25,1,,,,,,,,,,,,
2020-10-29 09:31:21,270.015,269.98,1,269.9,1,270.13,2,270.13,269.9,269.9,1,269.88,1,269.78,1,269.76,3,269.66,1,269.59,1,269.54,1,269.51,2,269.48,1,269.47,1,270.13,2,270.16,1,270.17,1,270.25,1,,,,,,,,,,,,
2020-10-29 09:31:22,269.895,269.89,1,269.76,4,270.03,1,270.03,269.76,269.76,4,269.66,1,269.59,1,269.54,1,269.51,2,269.48,1,269.47,1,269.37,1,269.31,1,269.3,1,270.03,1,270.05,1,270.13,2,270.16,1,270.17,1,270.25,1,,,,,,,,
2020-10-29 09:31:23,269.895,269.89,1,269.76,4,270.03,1,270.03,269.76,269.76,4,269.66,1,269.59,1,269.54,1,269.51,2,269.48,1,269.47,1,269.37,1,269.31,1,269.3,1,270.03,1,270.05,1,270.13,2,270.16,1,270.17,1,270.25,1,,,,,,,,
2020-10-29 09:31:24,269.9,269.89,1,269.76,4,270.04,1,270.04,269.76,269.76,4,269.66,1,269.59,1,269.54,1,269.51,2,269.48,1,269.47,1,269.37,1,269.31,1,269.3,1,270.04,1,270.05,1,270.13,2,270.16,1,270.17,1,270.25,1,,,,,,,,
2020-10-29 09:31:25,269.9,269.89,1,269.76,4,270.04,1,270.04,269.76,269.76,4,269.66,1,269.59,1,269.54,1,269.51,2,269.48,1,269.47,1,269.37,1,269.31,1,269.3,1,270.04,1,270.05,1,270.13,2,270.16,1,270.17,1,270.25,1,,,,,,,,
2020-10-29 09:31:26,269.9,269.89,1,269.76,4,270.04,1,270.04,269.76,269.76,4,269.66,1,269.59,1,269.54,1,269.51,2,269.48,1,269.47,1,269.37,1,269.31,1,269.3,1,270.04,1,270.05,1,270.13,2,270.16,1,270.17,1,270.25,1,,,,,,,,
2020-10-29 09:31:27,269.895,269.89,1,269.76,4,270.03,1,270.03,269.76,269.76,4,269.66,1,269.59,1,269.54,1,269.51,2,269.48,1,269.47,1,269.37,1,269.31,1,269.3,1,270.03,1,270.04,1,270.05,1,270.13,2,270.16,1,270.17,1,270.25,1,,,,,,
2020-10-29 09:31:28,269.895,269.89,1,269.76,4,270.03,1,270.03,269.76,269.76,4,269.66,1,269.59,1,269.54,1,269.51,2,269.48,1,269.47,1,269.37,1,269.31,1,269.3,1,270.03,1,270.04,1,270.05,1,270.13,2,270.16,1,270.17,1,270.25,1,,,,,,
2020-10-29 09:31:29,269.895,269.89,1,269.76,5,270.03,1,270.03,269.76,269.76,5,269.66,1,269.59,1,269.54,1,269.51,2,269.48,1,269.47,1,269.37,1,269.31,1,269.3,1,270.03,1,270.04,1,270.05,1,270.13,2,270.16,1,270.17,1,270.25,1,,,,,,
2020-10-29 09:31:30,269.895,269.89,1,269.76,5,270.03,2,270.03,269.76,269.76,5,269.66,1,269.59,1,269.54,1,269.51,2,269.48,1,269.47,1,269.37,1,269.31,1,269.3,1,270.03,2,270.04,1,270.05,1,270.13,2,270.16,1,270.17,1,270.25,1,,,,,,
2020-10-29 09:31:31,269.895,269.89,1,269.76,5,270.03,2,270.03,269.76,269.76,5,269.66,1,269.59,1,269.54,1,269.51,2,269.48,1,269.47,1,269.37,1,269.31,1,269.3,1,270.03,2,270.04,1,270.05,1,270.13,2,270.16,1,270.17,1,270.25,1,,,,,,
2020-10-29 09:31:32,269.895,269.89,1,269.76,5,270.03,2,270.03,269.76,269.76,5,269.66,1,269.59,1,269.54,1,269.51,2,269.48,1,269.47,1,269.37,1,269.31,1,269.3,1,270.03,2,270.04,1,270.05,1,270.13,2,270.16,1,270.17,1,270.25,1,,,,,,
2020-10-29 09:31:33,269.895,269.89,1,269.76,5,270.03,3,270.03,269.76,269.76,5,269.66,1,269.59,1,269.54,1,269.51,2,269.48,1,269.47,1,269.37,1,269.31,1,269.3,1,270.03,3,270.04,1,270.05,1,270.13,2,270.16,1,270.17,1,270.25,1,,,,,,
2020-10-29 09:31:34,269.895,269.89,1,269.76,5,270.03,3,270.03,269.76,269.76,5,269.66,1,269.59,1,269.54,1,269.51,2,269.48,1,269.47,1,269.37,1,269.31,1,269.3,1,270.03,3,270.04,1,270.05,1,270.13,2,270.16,1,270.17,1,270.25,1,,,,,,
2020-10-29 09:31:35,269.89,269.89,1,269.76,5,270.02,2,270.02,269.76,269.76,5,269.66,1,269.59,1,269.54,1,269.51,2,269.48,1,269.47,1,269.37,1,269.31,1,269.3,1,270.02,2,270.03,3,270.04,1,270.05,1,270.13,2,270.16,1,270.17,1,270.25,1,,,,
2020-10-29 09:31:36,269.89,269.89,1,269.76,5,270.02,2,270.02,269.76,269.76,5,269.66,1,269.59,1,269.54,1,269.51,2,269.48,1,269.47,1,269.37,1,269.31,1,269.3,1,270.02,2,270.03,3,270.04,1,270.05,1,270.13,2,270.16,1,270.17,1,270.25,1,,,,
2020-10-29 09:31:37,269.89,269.89,1,269.76,5,270.02,3,270.02,269.76,269.76,5,269.66,1,269.59,1,269.54,1,269.51,2,269.48,1,269.47,1,269.37,1,269.31,1,269.3,1,270.02,3,270.03,3,270.04,1,270.05,1,270.13,2,270.16,1,270.17,1,270.25,1,,,,
2020-10-29 09:31:38,269.74,269.76,1,269.61,3,269.87,1,269.87,269.61,269.61,3,269.59,1,269.54,1,269.51,2,269.48,1,269.47,1,269.37,1,269.31,1,269.3,1,269.24,1,269.87,1,269.88,1,269.89,1,269.99,1,270.02,3,270.03,3,270.04,1,270.05,1,270.13,2,270.16,1
2020-10-29 09:31:39,269.805,269.76,1,269.62,1,269.99,3,269.99,269.62,269.62,1,269.61,3,269.59,1,269.54,1,269.51,2,269.48,1,269.47,1,269.37,1,269.31,1,269.3,1,269.99,3,270.02,3,270.03,3,270.04,1,270.05,1,270.13,2,270.16,1,270.17,1,270.25,1,,
2020-10-29 09:31:40,269.805,269.76,1,269.62,1,269.99,3,269.99,269.62,269.62,1,269.61,3,269.59,1,269.54,1,269.51,2,269.48,1,269.47,1,269.37,1,269.31,1,269.3,1,269.99,3,270.02,3,270.03,3,270.04,1,270.05,1,270.13,2,270.16,1,270.17,1,270.25,1,,
2020-10-29 09:31:41,269.805,269.76,1,269.62,2,269.99,3,269.99,269.62,269.62,2,269.61,3,269.59,1,269.54,1,269.51,2,269.48,1,269.47,1,269.37,1,269.31,1,269.3,1,269.99,3,270.02,3,270.03,3,270.04,1,270.05,1,270.13,2,270.16,1,270.17,1,270.25,1,,
2020-10-29 09:31:42,269.805,269.76,1,269.62,2,269.99,3,269.99,269.62,269.62,2,269.61,3,269.59,1,269.54,1,269.51,2,269.48,1,269.47,1,269.37,1,269.31,1,269.3,1,269.99,3,270.02,3,270.03,3,270.04,1,270.05,1,270.13,2,270.16,1,270.17,1,270.25,1,,
2020-10-29 09:31:43,269.805,269.76,1,269.62,2,269.99,3,269.99,269.62,269.62,2,269.61,3,269.59,1,269.54,1,269.51,2,269.48,1,269.47,1,269.37,1,269.31,1,269.3,1,269.99,3,270.02,3,270.03,3,270.04,1,270.05,1,270.13,2,270.16,1,270.17,1,270.25,1,,
2020-10-29 09:31:44,269.805,269.87,1,269.62,3,269.99,4,269.99,269.62,269.62,3,269.61,3,269.59,1,269.54,1,269.51,2,269.48,1,269.47,1,269.37,1,269.31,1,269.3,1,269.99,4,270.02,3,270.03,3,270.04,1,270.05,1,270.13,2,270.16,1,270.17,1,270.25,1,,
2020-10-29 09:31:45,269.805,269.87,1,269.62,3,269.99,4,269.99,269.62,269.62,3,269.61,3,269.59,1,269.54,1,269.51,2,269.48,1,269.47,1,269.37,1,269.31,1,269.3,1,269.99,4,270.02,3,270.03,3,270.04,1,270.05,1,270.13,2,270.16,1,270.17,1,270.25,1,,
2020-10-29 09:31:46,269.8,269.73,1,269.62,3,269.98,1,269.98,269.62,269.62,3,269.61,3,269.59,1,269.54,1,269.51,2,269.48,1,269.47,1,269.37,1,269.31,1,269.3,1,269.98,1,269.99,4,270.02,3,270.03,3,270.04,1,270.05,1,270.13,2,270.16,1,270.17,1,270.25,1
2020-10-29 09:31:47,269.8,269.73,1,269.62,3,269.98,4,269.98,269.62,269.62,3,269.61,3,269.59,1,269.54,1,269.51,2,269.48,1,269.47,1,269.37,1,269.31,1,269.3,1,269.98,4,269.99,4,270.02,3,270.03,3,270.04,1,270.05,1,270.13,2,270.16,1,270.17,1,270.25,1
2020-10-29 09:31:48,269.645,269.62,1,269.51,1,269.78,1,269.78,269.51,269.51,1,269.5,4,269.48,1,269.47,1,269.37,1,269.31,1,269.3,1,269.24,1,269.22,7,269.21,1,269.78,1,269.86,1,269.87,2,269.94,1,269.98,4,269.99,4,270.02,3,270.03,3,270.04,1,270.05,1
2020-10-29 09:31:49,269.645,269.62,1,269.51,1,269.78,1,269.78,269.51,269.51,1,269.5,4,269.48,1,269.47,1,269.37,1,269.31,1,269.3,1,269.24,1,269.22,7,269.21,1,269.78,1,269.86,1,269.87,2,269.94,1,269.98,4,269.99,4,270.02,3,270.03,3,270.04,1,270.05,1
2020-10-29 09:31:50,269.645,269.62,1,269.51,1,269.78,1,269.78,269.51,269.51,1,269.5,4,269.48,1,269.47,1,269.37,1,269.31,1,269.3,1,269.24,1,269.22,7,269.21,1,269.78,1,269.86,1,269.87,2,269.94,1,269.98,4,269.99,4,270.02,3,270.03,3,270.04,1,270.05,1
2020-10-29 09:31:51,269.645,269.62,1,269.51,1,269.78,1,269.78,269.51,269.51,1,269.5,4,269.48,1,269.47,1,269.37,1,269.31,1,269.3,1,269.24,1,269.22,7,269.21,1,269.78,1,269.86,1,269.87,2,269.94,1,269.98,4,269.99,4,270.02,3,270.03,3,270.04,1,270.05,1
2020-10-29 09:31:52,269.645,269.62,1,269.51,1,269.78,2,269.78,269.51,269.51,1,269.5,4,269.48,1,269.47,1,269.37,1,269.31,1,269.3,1,269.24,1,269.22,7,269.21,1,269.78,2,269.86,1,269.87,2,269.94,1,269.98,4,269.99,4,270.02,3,270.03,3,270.04,1,270.05,1
2020-10-29 09:31:53,269.645,269.62,1,269.51,1,269.78,2,269.78,269.51,269.51,1,269.5,4,269.48,1,269.47,1,269.37,1,269.31,1,269.3,1,269.24,1,269.22,7,269.21,1,269.78,2,269.86,1,269.87,2,269.94,1,269.98,4,269.99,4,270.02,3,270.03,3,270.04,1,270.05,1
2020-10-29 09:31:54,269.645,269.62,1,269.51,1,269.78,2,269.78,269.51,269.51,1,269.5,4,269.48,1,269.47,1,269.37,1,269.31,1,269.3,1,269.24,1,269.22,7,269.21,1,269.78,2,269.86,1,269.87,2,269.94,1,269.98,4,269.99,4,270.02,3,270.03,3,270.04,1,270.05,1
2020-10-29 09:31:55,269.645,269.64,1,269.51,3,269.78,2,269.78,269.51,269.51,3,269.5,4,269.48,1,269.47,1,269.37,1,269.31,1,269.3,1,269.24,1,269.22,7,269.21,1,269.78,2,269.86,1,269.87,2,269.94,1,269.98,4,269.99,4,270.02,3,270.03,3,270.04,1,270.05,1
2020-10-29 09:31:56,269.645,269.64,1,269.51,3,269.78,3,269.78,269.51,269.51,3,269.5,4,269.48,1,269.47,1,269.37,1,269.31,1,269.3,1,269.24,1,269.22,7,269.21,1,269.78,3,269.86,1,269.87,2,269.94,1,269.98,4,269.99,4,270.02,3,270.03,3,270.04,1,270.05,1
2020-10-29 09:31:57,269.6,269.46,1,269.43,1,269.77,6,269.77,269.43,269.43,1,269.39,3,269.36,1,269.31,1,269.3,1,269.24,1,269.22,7,269.21,1,,,,,269.77,6,269.78,4,269.86,1,269.87,2,269.94,1,269.98,4,269.99,4,270.02,3,270.03,3,270.04,1
2020-10-29 09:31:58,269.6,269.46,1,269.43,1,269.77,6,269.77,269.43,269.43,1,269.39,3,269.36,1,269.31,1,269.3,1,269.24,1,269.22,7,269.21,1,,,,,269.77,6,269.78,4,269.86,1,269.87,2,269.94,1,269.98,4,269.99,4,270.02,3,270.03,3,270.04,1
2020-10-29 09:31:59,269.445,269.43,1,269.3,2,269.59,1,269.59,269.3,269.3,2,269.28,1,269.24,1,269.22,7,269.21,1,,,,,,,,,,,269.59,1,269.77,5,269.78,4,269.86,1,269.87,2,269.94,1,269.98,4,269.99,4,270.02,3,270.03,3
2020-10-29 09:32:00,269.47,269.43,1,269.35,3,269.59,3,269.59,269.35,269.35,3,269.3,2,269.28,1,269.24,1,269.22,7,269.21,1,,,,,,,,,269.59,3,269.77,5,269.78,4,269.86,1,269.87,2,269.94,1,269.98,4,269.99,4,270.02,3,270.03,3
2020-10-29 09:32:01,269.57,269.59,2,269.37,2,269.77,2,269.77,269.37,269.37,2,269.36,3,269.35,4,269.3,2,269.28,1,269.24,1,269.22,7,269.21,1,,,,,269.77,2,269.78,4,269.86,1,269.87,2,269.94,1,269.98,4,269.99,4,270.02,3,270.03,3,270.04,1
2020-10-29 09:32:02,269.57,269.59,2,269.37,2,269.77,2,269.77,269.37,269.37,2,269.36,3,269.35,4,269.3,2,269.28,1,269.24,1,269.22,7,269.21,1,,,,,269.77,2,269.78,4,269.86,1,269.87,2,269.94,1,269.98,4,269.99,4,270.02,3,270.03,3,270.04,1
2020-10-29 09:32:03,269.57,269.59,2,269.37,2,269.77,2,269.77,269.37,269.37,2,269.36,3,269.35,4,269.3,2,269.28,1,269.24,1,269.22,7,269.21,1,,,,,269.77,2,269.78,4,269.86,1,269.87,2,269.94,1,269.98,4,269.99,4,270.02,3,270.03,3,270.04,1
2020-10-29 09:32:04,269.57,269.59,2,269.37,2,269.77,2,269.77,269.37,269.37,2,269.36,3,269.35,4,269.3,2,269.28,1,269.24,1,269.22,7,269.21,1,,,,,269.77,2,269.78,4,269.86,1,269.87,2,269.94,1,269.98,4,269.99,4,270.02,3,270.03,3,270.04,1
2020-10-29 09:32:05,269.575,269.59,2,269.37,5,269.78,4,269.78,269.37,269.37,5,269.36,3,269.35,4,269.3,2,269.28,1,269.24,1,269.22,7,269.21,1,,,,,269.78,4,269.86,1,269.87,2,269.94,1,269.98,4,269.99,4,270.02,3,270.03,3,270.04,1,270.05,1
2020-10-29 09:32:06,269.575,269.59,2,269.37,5,269.78,4,269.78,269.37,269.37,5,269.36,3,269.35,4,269.3,2,269.28,1,269.24,1,269.22,7,269.21,1,,,,,269.78,4,269.86,1,269.87,2,269.94,1,269.98,4,269.99,4,270.02,3,270.03,3,270.04,1,270.05,1
2020-10-29 09:32:07,269.575,269.59,2,269.37,5,269.78,4,269.78,269.37,269.37,5,269.36,3,269.35,4,269.3,2,269.28,1,269.24,1,269.22,7,269.21,1,,,,,269.78,4,269.86,1,269.87,2,269.94,1,269.98,4,269.99,4,270.02,3,270.03,3,270.04,1,270.05,1
2020-10-29 09:32:08,269.575,269.59,2,269.38,4,269.77,1,269.77,269.38,269.38,4,269.37,3,269.36,3,269.35,4,269.3,2,269.28,1,269.24,1,269.22,7,269.21,1,,,269.77,1,269.78,4,269.86,1,269.87,2,269.94,1,269.98,4,269.99,4,270.02,3,270.03,3,270.04,1
2020-10-29 09:32:09,269.575,269.59,2,269.38,4,269.77,1,269.77,269.38,269.38,4,269.37,3,269.36,3,269.35,4,269.3,2,269.28,1,269.24,1,269.22,7,269.21,1,,,269.77,1,269.78,4,269.86,1,269.87,2,269.94,1,269.98,4,269.99,4,270.02,3,270.03,3,270.04,1
2020-10-29 09:32:10,269.58,269.59,2,269.38,8,269.78,4,269.78,269.38,269.38,8,269.37,3,269.36,3,269.35,4,269.3,2,269.28,1,269.24,1,269.22,7,269.21,1,,,269.78,4,269.86,1,269.87,2,269.94,1,269.98,4,269.99,4,270.02,3,270.03,3,270.04,1,270.05,1
2020-10-29 09:32:11,269.58,269.59,2,269.38,11,269.78,4,269.78,269.38,269.38,11,269.37,3,269.36,3,269.35,4,269.3,2,269.28,1,269.24,1,269.22,7,269.21,1,,,269.78,4,269.86,1,269.87,2,269.94,1,269.98,4,269.99,4,270.02,3,270.03,3,270.04,1,270.05,1
2020-10-29 09:32:12,269.58,269.59,2,269.38,11,269.78,4,269.78,269.38,269.38,11,269.37,3,269.36,3,269.35,4,269.3,2,269.28,1,269.24,1,269.22,7,269.21,1,,,269.78,4,269.86,1,269.87,2,269.94,1,269.98,4,269.99,4,270.02,3,270.03,3,270.04,1,270.05,1
2020-10-29 09:32:13,269.58,269.59,2,269.38,11,269.78,4,269.78,269.38,269.38,11,269.37,3,269.36,3,269.35,4,269.3,2,269.28,1,269.24,1,269.22,7,269.21,1,,,269.78,4,269.86,1,269.87,2,269.94,1,269.98,4,269.99,4,270.02,3,270.03,3,270.04,1,270.05,1
2020-10-29 09:32:14,269.635,269.59,2,269.5,5,269.77,2,269.77,269.5,269.5,5,269.48,1,269.44,3,269.43,1,269.38,11,269.37,3,269.36,3,269.35,4,269.3,2,269.28,1,269.77,2,269.78,4,269.86,1,269.87,2,269.94,1,269.98,4,269.99,4,270.02,3,270.03,3,270.04,1
2020-10-29 09:32:15,269.645,269.64,1,269.51,1,269.78,4,269.78,269.51,269.51,1,269.5,4,269.48,1,269.44,3,269.43,1,269.38,11,269.37,3,269.36,3,269.35,4,269.3,2,269.78,4,269.86,1,269.87,2,269.94,1,269.98,4,269.99,4,270.02,3,270.03,3,270.04,1,270.05,1
2020-10-29 09:32:16,269.64,269.64,1,269.51,3,269.77,1,269.77,269.51,269.51,3,269.5,4,269.48,1,269.44,3,269.43,1,269.38,11,269.37,3,269.36,3,269.35,4,269.3,2,269.77,1,269.78,4,269.86,1,269.87,2,269.94,1,269.98,4,269.99,4,270.02,3,270.03,3,270.04,1
2020-10-29 09:32:17,269.64,269.64,1,269.51,3,269.77,1,269.77,269.51,269.51,3,269.5,4,269.48,1,269.44,3,269.43,1,269.38,11,269.37,3,269.36,3,269.35,4,269.3,2,269.77,1,269.78,4,269.86,1,269.87,2,269.94,1,269.98,4,269.99,4,270.02,3,270.03,3,270.04,1
2020-10-29 09:32:18,269.64,269.64,1,269.51,3,269.77,1,269.77,269.51,269.51,3,269.5,4,269.48,1,269.44,3,269.43,1,269.38,11,269.37,3,269.36,3,269.35,4,269.3,2,269.77,1,269.78,4,269.86,1,269.87,2,269.94,1,269.98,4,269.99,4,270.02,3,270.03,3,270.04,1
2020-10-29 09:32:19,269.43,269.37,1,269.37,1,269.49,1,269.49,269.37,269.37,1,269.23,1,269.22,7,269.21,1,,,,,,,,,,,,,269.49,1,269.5,2,269.65,1,269.77,1,269.78,4,269.86,1,269.87,2,269.94,1,269.98,4,269.99,4
2020-10-29 09:32:20,269.285,269.3,1,269.15,1,269.42,1,269.42,269.15,269.15,1,269.01,1,,,,,,,,,,,,,,,,,269.42,1,269.48,1,269.49,2,269.5,2,269.65,1,269.77,1,269.78,4,269.86,1,269.87,2,269.94,1
2020-10-29 09:32:21,269.305,269.3,1,269.15,1,269.46,1,269.46,269.15,269.15,1,269.01,1,,,,,,,,,,,,,,,,,269.46,1,269.48,1,269.49,2,269.5,2,269.65,1,269.77,1,269.78,4,269.86,1,269.87,2,269.94,1
2020-10-29 09:32:22,269.455,269.46,1,269.28,1,269.63,1,269.63,269.28,269.28,1,269.15,1,269.01,1,,,,,,,,,,,,,,,269.63,1,269.65,1,269.77,1,269.78,4,269.86,1,269.87,2,269.94,1,269.98,4,269.99,4,270.02,3
2020-10-29 09:32:23,269.455,269.46,1,269.28,1,269.63,1,269.63,269.28,269.28,1,269.15,1,269.01,1,,,,,,,,,,,,,,,269.63,1,269.65,1,269.77,1,269.78,4,269.86,1,269.87,2,269.94,1,269.98,4,269.99,4,270.02,3
2020-10-29 09:32:24,269.38,269.46,1,269.28,1,269.48,1,269.48,269.28,269.28,1,269.15,1,269.01,1,,,,,,,,,,,,,,,269.48,1,269.63,2,269.65,1,269.77,1,269.78,4,269.86,1,269.87,2,269.94,1,269.98,4,269.99,4
2020-10-29 09:32:25,269.38,269.46,1,269.28,1,269.48,1,269.48,269.28,269.28,1,269.15,1,269.01,1,,,,,,,,,,,,,,,269.48,1,269.63,2,269.65,1,269.77,1,269.78,4,269.86,1,269.87,2,269.94,1,269.98,4,269.99,4
2020-10-29 09:32:26,269.53,269.46,1,269.28,1,269.78,4,269.78,269.28,269.28,1,269.16,1,269.15,1,269.01,1,,,,,,,,,,,,,269.78,4,269.86,1,269.87,2,269.94,1,269.98,4,269.99,4,270.02,3,270.03,3,270.04,1,270.05,1
2020-10-29 09:32:27,269.59,269.46,1,269.4,1,269.78,4,269.78,269.4,269.4,1,269.28,1,269.16,1,269.15,1,269.01,1,,,,,,,,,,,269.78,4,269.86,1,269.87,2,269.94,1,269.98,4,269.99,4,270.02,3,270.03,3,270.04,1,270.05,1
2020-10-29 09:32:28,269.59,269.4,1,269.4,1,269.78,4,269.78,269.4,269.4,1,269.34,1,269.28,1,269.16,1,269.15,1,269.01,1,,,,,,,,,269.78,4,269.86,1,269.87,2,269.94,1,269.98,4,269.99,4,270.02,3,270.03,3,270.04,1,270.05,1
2020-10-29 09:32:29,269.59,269.4,1,269.4,1,269.78,4,269.78,269.4,269.4,1,269.34,1,269.28,1,269.16,1,269.15,1,269.01,1,,,,,,,,,269.78,4,269.86,1,269.87,2,269.94,1,269.98,4,269.99,4,270.02,3,270.03,3,270.04,1,270.05,1
2020-10-29 09:32:30,269.59,269.4,1,269.4,1,269.78,4,269.78,269.4,269.4,1,269.34,1,269.28,1,269.16,1,269.15,1,269.01,1,,,,,,,,,269.78,4,269.86,1,269.87,2,269.94,1,269.98,4,269.99,4,270.02,3,270.03,3,270.04,1,270.05,1
2020-10-29 09:32:31,269.59,269.4,1,269.4,1,269.78,4,269.78,269.4,269.4,1,269.34,1,269.28,1,269.16,1,269.15,1,269.01,1,,,,,,,,,269.78,4,269.86,1,269.87,2,269.94,1,269.98,4,269.99,4,270.02,3,270.03,3,270.04,1,270.05,1
2020-10-29 09:32:32,269.635,269.77,1,269.4,2,269.87,3,269.87,269.4,269.4,2,269.36,1,269.34,1,269.28,1,269.16,1,269.15,1,269.01,1,,,,,,,269.87,3,269.94,1,269.98,4,269.99,4,270.02,3,270.03,3,270.04,1,270.05,1,270.13,2,270.16,1
2020-10-29 09:32:33,269.635,269.71,1,269.4,2,269.87,4,269.87,269.4,269.4,2,269.36,1,269.34,1,269.28,1,269.16,1,269.15,1,269.01,1,,,,,,,269.87,4,269.94,1,269.98,4,269.99,4,270.02,3,270.03,3,270.04,1,270.05,1,270.13,2,270.16,1
2020-10-29 09:32:34,269.635,269.71,1,269.4,2,269.87,4,269.87,269.4,269.4,2,269.36,1,269.34,1,269.28,1,269.16,1,269.15,1,269.01,1,,,,,,,269.87,4,269.94,1,269.98,4,269.99,4,270.02,3,270.03,3,270.04,1,270.05,1,270.13,2,270.16,1
2020-10-29 09:32:35,269.635,269.71,1,269.4,2,269.87,4,269.87,269.4,269.4,2,269.36,1,269.34,1,269.28,1,269.16,1,269.15,1,269.01,1,,,,,,,269.87,4,269.94,1,269.98,4,269.99,4,270.02,3,270.03,3,270.04,1,270.05,1,270.13,2,270.16,1
2020-10-29 09:32:36,269.625,269.64,2,269.4,2,269.85,2,269.85,269.4,269.4,2,269.36,1,269.34,1,269.28,1,269.16,1,269.15,1,269.01,1,,,,,,,269.85,2,269.94,1,269.99,3,270.02,3,270.03,3,270.04,1,270.05,1,270.13,2,270.16,1,270.17,1
2020-10-29 09:32:37,269.625,269.64,2,269.4,2,269.85,2,269.85,269.4,269.4,2,269.36,1,269.34,1,269.28,1,269.16,1,269.15,1,269.01,1,,,,,,,269.85,2,269.94,1,269.99,3,270.02,3,270.03,3,270.04,1,270.05,1,270.13,2,270.16,1,270.17,1
2020-10-29 09:32:38,269.625,269.64,2,269.4,2,269.85,2,269.85,269.4,269.4,2,269.36,1,269.34,1,269.28,1,269.16,1,269.15,1,269.01,1,,,,,,,269.85,2,269.94,1,269.99,3,270.02,3,270.03,3,270.04,1,270.05,1,270.13,2,270.16,1,270.17,1
2020-10-29 09:32:39,269.625,269.64,2,269.4,2,269.85,2,269.85,269.4,269.4,2,269.36,1,269.34,1,269.28,1,269.16,1,269.15,1,269.01,1,,,,,,,269.85,2,269.94,1,269.99,3,270.02,3,270.03,3,270.04,1,270.05,1,270.13,2,270.16,1,270.17,1
2020-10-29 09:32:40,269.625,269.64,2,269.4,2,269.85,2,269.85,269.4,269.4,2,269.36,1,269.34,1,269.28,1,269.16,1,269.15,1,269.01,1,,,,,,,269.85,2,269.94,1,269.99,3,270.02,3,270.03,3,270.04,1,270.05,1,270.13,2,270.16,1,270.17,1
2020-10-29 09:32:41,269.625,269.64,2,269.4,2,269.85,2,269.85,269.4,269.4,2,269.36,1,269.34,1,269.28,1,269.16,1,269.15,1,269.01,1,,,,,,,269.85,2,269.94,1,269.99,3,270.02,3,270.03,3,270.04,1,270.05,1,270.13,2,270.16,1,270.17,1
2020-10-29 09:32:42,269.625,269.64,2,269.4,2,269.85,2,269.85,269.4,269.4,2,269.36,1,269.34,1,269.28,1,269.16,1,269.15,1,269.01,1,,,,,,,269.85,2,269.94,1,269.99,3,270.02,3,270.03,3,270.04,1,270.05,1,270.13,2,270.16,1,270.17,1
2020-10-29 09:32:43,269.625,269.64,2,269.4,2,269.85,2,269.85,269.4,269.4,2,269.36,1,269.34,1,269.28,1,269.16,1,269.15,1,269.01,1,,,,,,,269.85,2,269.94,1,269.99,3,270.02,3,270.03,3,270.04,1,270.05,1,270.13,2,270.16,1,270.17,1
2020-10-29 09:32:44,269.625,269.64,2,269.4,2,269.85,2,269.85,269.4,269.4,2,269.36,1,269.34,1,269.28,1,269.16,1,269.15,1,269.01,1,,,,,,,269.85,2,269.94,1,269.99,3,270.02,3,270.03,3,270.04,1,270.05,1,270.13,2,270.16,1,270.17,1
2020-10-29 09:32:45,269.62,269.64,2,269.4,2,269.84,1,269.84,269.4,269.4,2,269.36,1,269.34,1,269.28,1,269.16,1,269.15,1,269.01,1,,,,,,,269.84,1,269.85,2,269.94,1,269.99,3,270.02,3,270.03,3,270.04,1,270.05,1,270.13,2,270.16,1
2020-10-29 09:32:46,269.625,269.64,2,269.41,1,269.84,2,269.84,269.41,269.41,1,269.4,2,269.36,1,269.34,1,269.28,1,269.16,1,269.15,1,269.01,1,,,,,269.84,2,269.85,2,269.94,1,269.99,3,270.02,3,270.03,3,270.04,1,270.05,1,270.13,2,270.16,1
2020-10-29 09:32:47,269.625,269.64,2,269.41,1,269.84,2,269.84,269.41,269.41,1,269.4,2,269.36,1,269.34,1,269.28,1,269.16,1,269.15,1,269.01,1,,,,,269.84,2,269.85,2,269.94,1,269.99,3,270.02,3,270.03,3,270.04,1,270.05,1,270.13,2,270.16,1
2020-10-29 09:32:48,269.625,269.64,2,269.41,2,269.84,2,269.84,269.41,269.41,2,269.4,2,269.36,1,269.34,1,269.28,1,269.16,1,269.15,1,269.01,1,,,,,269.84,2,269.85,2,269.94,1,269.99,3,270.02,3,270.03,3,270.04,1,270.05,1,270.13,2,270.16,1
2020-10-29 09:32:49,269.655,269.42,21,269.46,1,269.85,2,269.85,269.46,269.46,1,269.42,1,269.41,2,269.4,2,269.36,1,269.34,1,269.28,1,269.16,1,269.15,1,269.01,1,269.85,2,269.94,1,269.99,3,270.02,3,270.03,3,270.04,1,270.05,1,270.13,2,270.16,1,270.17,1
2020-10-29 09:32:50,269.655,269.42,21,269.46,1,269.85,2,269.85,269.46,269.46,1,269.42,1,269.41,2,269.4,2,269.36,1,269.34,1,269.28,1,269.16,1,269.15,1,269.01,1,269.85,2,269.94,1,269.99,3,270.02,3,270.03,3,270.04,1,270.05,1,270.13,2,270.16,1,270.17,1
2020-10-29 09:32:51,269.66,269.42,21,269.47,1,269.85,3,269.85,269.47,269.47,1,269.46,1,269.42,1,269.41,2,269.4,2,269.36,1,269.34,1,269.28,1,269.16,1,269.15,1,269.85,3,269.94,1,269.99,3,270.02,3,270.03,3,270.04,1,270.05,1,270.13,2,270.16,1,270.17,1
2020-10-29 09:32:52,269.63,269.42,21,269.46,1,269.8,2,269.8,269.46,269.46,1,269.42,1,269.41,2,269.4,2,269.36,1,269.34,1,269.28,1,269.16,1,269.15,1,269.01,1,269.8,2,269.85,3,269.94,1,269.99,3,270.02,3,270.03,3,270.04,1,270.05,1,270.13,2,270.16,1
2020-10-29 09:32:53,269.635,269.42,21,269.47,1,269.8,2,269.8,269.47,269.47,1,269.46,1,269.42,1,269.41,2,269.4,2,269.36,1,269.34,1,269.28,1,269.16,1,269.15,1,269.8,2,269.85,3,269.94,1,269.99,3,270.02,3,270.03,3,270.04,1,270.05,1,270.13,2,270.16,1
2020-10-29 09:32:54,269.635,269.55,2,269.47,1,269.8,4,269.8,269.47,269.47,1,269.29,2,269.26,1,269.25,1,269.16,1,269.15,1,269.01,1,,,,,,,269.8,4,269.85,3,269.94,1,269.99,3,270.02,3,270.03,3,270.04,1,270.05,1,270.13,2,270.16,1
2020-10-29 09:32:55,269.635,269.55,2,269.47,1,269.8,3,269.8,269.47,269.47,1,269.29,2,269.26,1,269.25,1,269.16,1,269.15,1,269.01,1,,,,,,,269.8,3,269.85,3,269.94,1,269.99,3,270.02,3,270.03,3,270.04,1,270.05,1,270.13,2,270.16,1
2020-10-29 09:32:56,269.635,269.58,1,269.47,1,269.8,3,269.8,269.47,269.47,1,269.29,2,269.26,1,269.25,1,269.16,1,269.15,1,269.01,1,,,,,,,269.8,3,269.85,3,269.94,1,269.99,3,270.02,3,270.03,3,270.04,1,270.05,1,270.13,2,270.16,1
2020-10-29 09:32:57,269.605,269.58,1,269.41,1,269.8,3,269.8,269.41,269.41,1,269.39,2,269.29,2,269.26,1,269.25,1,269.16,1,269.15,1,269.01,1,,,,,269.8,3,269.85,3,269.94,1,269.99,3,270.02,3,270.03,3,270.04,1,270.05,1,270.13,2,270.16,1
2020-10-29 09:32:58,269.605,269.58,1,269.41,1,269.8,3,269.8,269.41,269.41,1,269.39,2,269.29,2,269.26,1,269.25,1,269.16,1,269.15,1,269.01,1,,,,,269.8,3,269.85,3,269.94,1,269.99,3,270.02,3,270.03,3,270.04,1,270.05,1,270.13,2,270.16,1
2020-10-29 09:32:59,269.605,269.58,1,269.41,1,269.8,3,269.8,269.41,269.41,1,269.39,2,269.29,2,269.26,1,269.25,1,269.16,1,269.15,1,269.01,1,,,,,269.8,3,269.85,3,269.94,1,269.99,3,270.02,3,270.03,3,270.04,1,270.05,1,270.13,2,270.16,1
2020-10-29 09:33:00,269.605,269.58,1,269.41,1,269.8,3,269.8,269.41,269.41,1,269.39,2,269.29,2,269.26,1,269.25,1,269.16,1,269.15,1,269.01,1,,,,,269.8,3,269.85,3,269.94,1,269.99,3,270.02,3,270.03,3,270.04,1,270.05,1,270.13,2,270.16,1
2020-10-29 09:33:01,269.785,269.81,1,269.62,1,269.95,2,269.95,269.62,269.62,1,269.56,1,269.42,1,269.41,1,269.39,2,269.29,2,269.26,1,269.25,1,269.16,1,269.15,1,269.95,2,269.99,3,270.02,3,270.03,3,270.04,1,270.05,1,270.13,2,270.16,1,270.17,1,270.25,1
2020-10-29 09:33:02,269.785,269.81,1,269.62,3,269.95,2,269.95,269.62,269.62,3,269.56,1,269.42,1,269.41,1,269.39,2,269.29,2,269.26,1,269.25,1,269.16,1,269.15,1,269.95,2,269.99,3,270.02,3,270.03,3,270.04,1,270.05,1,270.13,2,270.16,1,270.17,1,270.25,1
2020-10-29 09:33:03,269.82,269.65,1,269.65,2,269.99,1,269.99,269.65,269.65,2,269.48,2,269.47,2,269.42,1,269.41,1,269.39,2,269.29,2,269.26,1,269.25,1,269.16,1,269.99,1,270.0,1,270.02,3,270.03,3,270.04,1,270.05,1,270.13,2,270.16,1,270.17,1,270.25,1
2020-10-29 09:33:04,269.825,269.65,1,269.65,2,270.0,1,270.0,269.65,269.65,2,269.48,2,269.47,2,269.42,1,269.41,1,269.39,2,269.29,2,269.26,1,269.25,1,269.16,1,270.0,1,270.02,3,270.03,3,270.04,1,270.05,1,270.13,2,270.16,1,270.17,1,270.25,1,,
2020-10-29 09:33:05,269.825,269.65,1,269.65,6,270.0,1,270.0,269.65,269.65,6,269.48,2,269.47,2,269.42,1,269.41,1,269.39,2,269.29,2,269.26,1,269.25,1,269.16,1,270.0,1,270.02,3,270.03,3,270.04,1,270.05,1,270.13,2,270.16,1,270.17,1,270.25,1,,
2020-10-29 09:33:06,270.07,270.07,1,270.0,1,270.14,1,270.14,270.0,270.0,1,269.81,1,269.65,6,269.48,2,269.47,2,269.42,1,269.41,1,269.39,2,269.29,2,269.26,1,270.14,1,270.16,1,270.17,1,270.25,1,,,,,,,,,,,,
2020-10-29 09:33:07,269.89,270.0,5,269.65,2,270.13,1,270.13,269.65,269.65,2,269.64,3,269.42,6,269.41,2,269.39,2,269.29,2,269.26,1,269.25,1,269.16,1,269.15,1,270.13,1,270.14,3,270.16,1,270.17,1,270.25,1,,,,,,,,,,
2020-10-29 09:33:08,269.895,270.0,5,269.65,2,270.14,3,270.14,269.65,269.65,2,269.64,3,269.42,6,269.41,2,269.39,2,269.29,2,269.26,1,269.25,1,269.16,1,269.15,1,270.14,3,270.16,1,270.17,1,270.25,1,,,,,,,,,,,,
2020-10-29 09:33:09,269.89,270.0,5,269.65,2,270.13,3,270.13,269.65,269.65,2,269.64,3,269.42,6,269.41,2,269.39,2,269.29,2,269.26,1,269.25,1,269.16,1,269.15,1,270.13,3,270.14,5,270.16,1,270.17,1,270.25,1,,,,,,,,,,
2020-10-29 09:33:10,269.89,270.0,5,269.65,2,270.13,3,270.13,269.65,269.65,2,269.64,3,269.42,6,269.41,2,269.39,2,269.29,2,269.26,1,269.25,1,269.16,1,269.15,1,270.13,3,270.14,5,270.16,1,270.17,1,270.25,1,,,,,,,,,,
2020-10-29 09:33:11,269.855,270.0,5,269.65,4,270.06,2,270.06,269.65,269.65,4,269.64,3,269.42,6,269.41,2,269.39,2,269.29,2,269.26,1,269.25,1,269.16,1,269.15,1,270.06,2,270.07,2,270.13,3,270.14,5,270.16,1,270.17,1,270.25,1,,,,,,
2020-10-29 09:33:12,269.855,270.0,5,269.65,4,270.06,3,270.06,269.65,269.65,4,269.64,3,269.42,6,269.41,2,269.39,2,269.29,2,269.26,1,269.25,1,269.16,1,269.15,1,270.06,3,270.07,2,270.13,3,270.14,5,270.16,1,270.17,1,270.25,1,,,,,,
2020-10-29 09:33:13,269.855,270.0,5,269.65,4,270.06,2,270.06,269.65,269.65,4,269.64,3,269.42,6,269.41,2,269.39,2,269.29,2,269.26,1,269.25,1,269.16,1,269.15,1,270.06,2,270.07,2,270.13,3,270.14,5,270.16,1,270.17,1,270.25,1,,,,,,
2020-10-29 09:33:14,270.07,270.07,1,269.89,3,270.25,2,270.25,269.89,269.89,3,269.7,4,269.65,6,269.64,3,269.42,6,269.41,2,269.39,2,269.29,2,269.26,1,269.25,1,270.25,2,,,,,,,,,,,,,,,,,,
2020-10-29 09:33:15,270.07,270.07,1,269.89,3,270.25,2,270.25,269.89,269.89,3,269.7,4,269.65,6,269.64,3,269.42,6,269.41,2,269.39,2,269.29,2,269.26,1,269.25,1,270.25,2,,,,,,,,,,,,,,,,,,
2020-10-29 09:33:16,270.07,270.07,1,269.89,3,270.25,2,270.25,269.89,269.89,3,269.7,4,269.65,6,269.64,3,269.42,6,269.41,2,269.39,2,269.29,2,269.26,1,269.25,1,270.25,2,,,,,,,,,,,,,,,,,,
2020-10-29 09:33:17,270.07,270.07,1,269.89,3,270.25,2,270.25,269.89,269.89,3,269.7,4,269.65,6,269.64,3,269.42,6,269.41,2,269.39,2,269.29,2,269.26,1,269.25,1,270.25,2,,,,,,,,,,,,,,,,,,
2020-10-29 09:33:18,270.15,270.07,1,270.05,1,270.25,2,270.25,270.05,270.05,1,269.91,1,269.9,1,269.89,3,269.7,4,269.65,6,269.64,3,269.42,6,269.41,2,269.39,2,270.25,2,,,,,,,,,,,,,,,,,,
2020-10-29 09:33:19,270.15,270.13,1,270.05,1,270.25,2,270.25,270.05,270.05,1,269.91,1,269.9,2,269.89,3,269.7,4,269.65,6,269.64,3,269.42,6,269.41,2,269.39,2,270.25,2,,,,,,,,,,,,,,,,,,
2020-10-29 09:33:20,270.15,270.13,1,270.05,1,270.25,2,270.25,270.05,270.05,1,269.91,1,269.9,2,269.89,3,269.7,4,269.65,6,269.64,3,269.42,6,269.41,2,269.39,2,270.25,2,,,,,,,,,,,,,,,,,,
2020-10-29 09:33:21,270.15,270.13,1,270.05,1,270.25,2,270.25,270.05,270.05,1,269.91,1,269.9,2,269.89,3,269.7,4,269.65,6,269.64,3,269.42,6,269.41,2,269.39,2,270.25,2,,,,,,,,,,,,,,,,,,
2020-10-29 09:33:22,270.15,270.13,1,270.05,1,270.25,2,270.25,270.05,270.05,1,269.91,1,269.9,2,269.89,3,269.7,4,269.65,6,269.64,3,269.42,6,269.41,2,269.39,2,270.25,2,,,,,,,,,,,,,,,,,,
2020-10-29 09:33:23,270.15,270.13,1,270.05,1,270.25,1,270.25,270.05,270.05,1,269.92,1,269.91,2,269.9,2,269.89,3,269.7,4,269.65,6,269.64,3,269.42,6,269.41,2,270.25,1,,,,,,,,,,,,,,,,,,
2020-10-29 09:33:24,270.205,270.13,1,270.05,1,270.36,3,270.36,270.05,270.05,1,269.92,1,269.91,2,269.9,2,269.89,3,269.7,4,269.65,6,269.64,3,269.42,6,269.41,2,270.36,3,,,,,,,,,,,,,,,,,,
2020-10-29 09:33:25,270.22,270.13,1,270.06,2,270.38,2,270.38,270.06,270.06,2,270.05,1,269.92,1,269.91,2,269.9,2,269.89,3,269.7,4,269.65,6,269.64,3,269.42,6,270.38,2,,,,,,,,,,,,,,,,,,
2020-10-29 09:33:26,270.22,270.13,1,270.06,2,270.38,2,270.38,270.06,270.06,2,270.05,1,269.92,1,269.91,2,269.9,2,269.89,3,269.7,4,269.65,6,269.64,3,269.42,6,270.38,2,,,,,,,,,,,,,,,,,,
2020-10-29 09:33:27,270.22,270.13,1,270.06,2,270.38,2,270.38,270.06,270.06,2,270.05,1,269.92,1,269.91,2,269.9,2,269.89,3,269.7,4,269.65,6,269.64,3,269.42,6,270.38,2,,,,,,,,,,,,,,,,,,
2020-10-29 09:33:28,270.215,270.13,1,270.06,4,270.37,1,270.37,270.06,270.06,4,270.05,1,269.92,1,269.91,2,269.9,2,269.89,3,269.7,4,269.65,6,269.64,3,269.42,6,270.37,1,270.38,3,,,,,,,,,,,,,,,,
2020-10-29 09:33:29,270.23,270.13,1,270.1,2,270.36,1,270.36,270.1,270.1,2,270.06,4,270.05,1,269.92,1,269.91,2,269.9,2,269.89,3,269.7,4,269.65,6,269.64,3,270.36,1,270.37,2,270.38,3,,,,,,,,,,,,,,
2020-10-29 09:33:30,270.23,270.13,1,270.1,2,270.36,2,270.36,270.1,270.1,2,270.06,4,270.05,1,269.92,1,269.91,2,269.9,2,269.89,3,269.7,4,269.65,6,269.64,3,270.36,2,270.37,2,270.38,3,,,,,,,,,,,,,,
2020-10-29 09:33:31,270.23,270.13,1,270.1,3,270.36,2,270.36,270.1,270.1,3,270.06,4,270.05,1,269.92,1,269.91,2,269.9,2,269.89,3,269.7,4,269.65,6,269.64,3,270.36,2,270.37,2,270.38,3,,,,,,,,,,,,,,
2020-10-29 09:33:32,270.225,270.13,1,270.1,3,270.35,2,270.35,270.1,270.1,3,270.06,4,270.05,1,269.92,1,269.91,2,269.9,2,269.89,3,269.7,4,269.65,6,269.64,3,270.35,2,270.36,4,270.37,2,270.38,3,,,,,,,,,,,,
2020-10-29 09:33:33,270.225,270.13,1,270.1,3,270.35,2,270.35,270.1,270.1,3,270.06,4,270.05,1,269.92,1,269.91,2,269.9,2,269.89,3,269.7,4,269.65,6,269.64,3,270.35,2,270.36,4,270.37,2,270.38,3,,,,,,,,,,,,
2020-10-29 09:33:34,270.195,270.06,1,270.06,3,270.33,3,270.33,270.06,270.06,3,270.05,1,269.92,1,269.91,2,269.9,2,269.89,3,269.7,4,269.65,6,269.64,3,269.42,6,270.33,3,270.34,2,270.35,3,270.36,4,270.37,2,270.38,3,,,,,,,,
2020-10-29 09:33:35,270.125,270.06,1,270.06,4,270.19,1,270.19,270.06,270.06,4,270.05,1,269.92,1,269.91,2,269.9,2,269.89,3,269.7,4,269.65,6,269.64,3,269.42,6,270.19,1,270.21,3,270.3,1,270.32,2,270.33,6,270.34,2,270.35,3,270.36,4,270.37,2,270.38,3
2020-10-29 09:33:36,269.95,270.06,1,269.71,1,270.19,3,270.19,269.71,269.71,1,269.7,4,269.65,6,269.64,3,269.42,6,269.41,2,269.39,2,269.29,2,269.26,1,269.25,1,270.19,3,270.23,2,270.3,1,270.32,2,270.33,6,270.34,2,270.35,3,270.36,4,270.37,2,270.38,3
2020-10-29 09:33:37,269.945,270.06,1,269.7,5,270.19,3,270.19,269.7,269.7,5,269.65,6,269.64,3,269.42,6,269.41,2,269.39,2,269.29,2,269.26,1,269.25,1,269.16,1,270.19,3,270.23,2,270.3,1,270.32,2,270.33,6,270.34,2,270.35,3,270.36,4,270.37,2,270.38,3
2020-10-29 09:33:38,269.93,270.06,1,269.7,5,270.16,3,270.16,269.7,269.7,5,269.65,6,269.64,3,269.42,6,269.41,2,269.39,2,269.29,2,269.26,1,269.25,1,269.16,1,270.16,3,270.19,3,270.23,2,270.3,1,270.32,2,270.33,6,270.34,2,270.35,3,270.36,4,270.37,2
2020-10-29 09:33:39,269.93,270.06,1,269.7,5,270.16,3,270.16,269.7,269.7,5,269.65,6,269.64,3,269.42,6,269.41,2,269.39,2,269.29,2,269.26,1,269.25,1,269.16,1,270.16,3,270.19,3,270.23,2,270.3,1,270.32,2,270.33,6,270.34,2,270.35,3,270.36,4,270.37,2
2020-10-29 09:33:40,269.93,270.06,1,269.7,5,270.16,3,270.16,269.7,269.7,5,269.65,6,269.64,3,269.42,6,269.41,2,269.39,2,269.29,2,269.26,1,269.25,1,269.16,1,270.16,3,270.19,3,270.23,2,270.3,1,270.32,2,270.33,6,270.34,2,270.35,3,270.36,4,270.37,2
2020-10-29 09:33:41,269.92,269.8,1,269.69,1,270.15,1,270.15,269.69,269.69,1,269.61,5,269.42,6,269.41,2,269.39,2,269.29,2,269.26,1,269.25,1,269.16,1,269.15,1,270.15,1,270.16,4,270.19,3,270.23,2,270.3,1,270.32,2,270.33,6,270.34,2,270.35,3,270.36,4
2020-10-29 09:33:42,269.91,269.8,1,269.68,1,270.14,2,270.14,269.68,269.68,1,269.61,3,269.42,6,269.41,2,269.39,2,269.29,2,269.26,1,269.25,1,269.16,1,269.15,1,270.14,2,270.15,2,270.16,4,270.19,3,270.23,2,270.3,1,270.32,2,270.33,6,270.34,2,270.35,3
2020-10-29 09:33:43,269.915,269.8,1,269.69,1,270.14,2,270.14,269.69,269.69,1,269.61,4,269.42,6,269.41,2,269.39,2,269.29,2,269.26,1,269.25,1,269.16,1,269.15,1,270.14,2,270.15,2,270.16,4,270.19,3,270.23,2,270.3,1,270.32,2,270.33,6,270.34,2,270.35,3
2020-10-29 09:33:44,269.915,269.8,1,269.69,1,270.14,2,270.14,269.69,269.69,1,269.61,4,269.42,6,269.41,2,269.39,2,269.29,2,269.26,1,269.25,1,269.16,1,269.15,1,270.14,2,270.15,2,270.16,4,270.19,3,270.23,2,270.3,1,270.32,2,270.33,6,270.34,2,270.35,3
2020-10-29 09:33:45,269.92,269.8,1,269.7,1,270.14,1,270.14,269.7,269.7,1,269.62,1,269.61,4,269.42,6,269.41,2,269.39,2,269.29,2,269.26,1,269.25,1,269.16,1,270.14,1,270.15,2,270.16,4,270.19,3,270.23,2,270.3,1,270.32,2,270.33,6,270.34,2,270.35,3
2020-10-29 09:33:46,269.92,269.8,1,269.7,1,270.14,1,270.14,269.7,269.7,1,269.62,1,269.61,4,269.42,6,269.41,2,269.39,2,269.29,2,269.26,1,269.25,1,269.16,1,270.14,1,270.15,2,270.16,4,270.19,3,270.23,2,270.3,1,270.32,2,270.33,6,270.34,2,270.35,3
2020-10-29 09:33:47,269.92,269.8,1,269.7,1,270.14,1,270.14,269.7,269.7,1,269.62,1,269.61,4,269.42,6,269.41,2,269.39,2,269.29,2,269.26,1,269.25,1,269.16,1,270.14,1,270.15,2,270.16,4,270.19,3,270.23,2,270.3,1,270.32,2,270.33,6,270.34,2,270.35,3
2020-10-29 09:33:48,269.92,269.8,1,269.7,1,270.14,1,270.14,269.7,269.7,1,269.62,1,269.61,4,269.42,6,269.41,2,269.39,2,269.29,2,269.26,1,269.25,1,269.16,1,270.14,1,270.15,2,270.16,4,270.19,3,270.23,2,270.3,1,270.32,2,270.33,6,270.34,2,270.35,3
2020-10-29 09:33:49,269.92,269.8,1,269.7,3,270.14,1,270.14,269.7,269.7,3,269.62,1,269.61,4,269.42,6,269.41,2,269.39,2,269.29,2,269.26,1,269.25,1,269.16,1,270.14,1,270.15,2,270.16,4,270.19,3,270.23,2,270.3,1,270.32,2,270.33,6,270.34,2,270.35,3
2020-10-29 09:33:50,269.92,269.8,1,269.7,3,270.14,1,270.14,269.7,269.7,3,269.62,1,269.61,4,269.42,6,269.41,2,269.39,2,269.29,2,269.26,1,269.25,1,269.16,1,270.14,1,270.15,2,270.16,4,270.19,3,270.23,2,270.3,1,270.32,2,270.33,6,270.34,2,270.35,3
2020-10-29 09:33:51,269.92,269.8,1,269.7,3,270.14,1,270.14,269.7,269.7,3,269.62,1,269.61,4,269.42,6,269.41,2,269.39,2,269.29,2,269.26,1,269.25,1,269.16,1,270.14,1,270.15,2,270.16,4,270.19,3,270.23,2,270.3,1,270.32,2,270.33,6,270.34,2,270.35,3
2020-10-29 09:33:52,269.92,269.8,1,269.7,3,270.14,1,270.14,269.7,269.7,3,269.62,1,269.61,4,269.42,6,269.41,2,269.39,2,269.29,2,269.26,1,269.25,1,269.16,1,270.14,1,270.15,2,270.16,4,270.19,3,270.23,2,270.3,1,270.32,2,270.33,6,270.34,2,270.35,3
2020-10-29 09:33:53,269.92,269.8,1,269.7,6,270.14,1,270.14,269.7,269.7,6,269.62,1,269.61,4,269.42,6,269.41,2,269.39,2,269.29,2,269.26,1,269.25,1,269.16,1,270.14,1,270.15,2,270.16,4,270.19,3,270.23,2,270.3,1,270.32,2,270.33,6,270.34,2,270.35,3
2020-10-29 09:33:54,269.92,269.8,1,269.7,6,270.14,1,270.14,269.7,269.7,6,269.62,1,269.61,4,269.42,6,269.41,2,269.39,2,269.29,2,269.26,1,269.25,1,269.16,1,270.14,1,270.15,2,270.16,4,270.19,3,270.23,2,270.3,1,270.32,2,270.33,6,270.34,2,270.35,3
2020-10-29 09:33:55,269.92,269.99,1,269.7,6,270.14,1,270.14,269.7,269.7,6,269.62,1,269.61,4,269.42,6,269.41,2,269.39,2,269.29,2,269.26,1,269.25,1,269.16,1,270.14,1,270.15,2,270.16,4,270.19,3,270.23,2,270.3,1,270.32,2,270.33,6,270.34,2,270.35,3
2020-10-29 09:33:56,269.92,269.92,1,269.7,6,270.14,1,270.14,269.7,269.7,6,269.62,1,269.61,4,269.42,6,269.41,2,269.39,2,269.29,2,269.26,1,269.25,1,269.16,1,270.14,1,270.15,2,270.16,4,270.19,3,270.23,2,270.3,1,270.32,2,270.33,6,270.34,2,270.35,3
2020-10-29 09:33:57,269.955,269.92,1,269.77,1,270.14,1,270.14,269.77,269.77,1,269.7,6,269.62,1,269.61,4,269.42,6,269.41,2,269.39,2,269.29,2,269.26,1,269.25,1,270.14,1,270.15,2,270.16,4,270.19,3,270.23,2,270.3,1,270.32,2,270.33,6,270.34,2,270.35,3
2020-10-29 09:33:58,269.975,269.92,1,269.81,1,270.14,1,270.14,269.81,269.81,1,269.8,1,269.7,6,269.62,1,269.61,4,269.42,6,269.41,2,269.39,2,269.29,2,269.26,1,270.14,1,270.15,2,270.16,4,270.19,3,270.23,2,270.3,1,270.32,2,270.33,6,270.34,2,270.35,3
2020-10-29 09:33:59,269.975,269.92,1,269.82,4,270.13,1,270.13,269.82,269.82,4,269.81,1,269.8,1,269.7,6,269.62,1,269.61,4,269.42,6,269.41,2,269.39,2,269.29,2,270.13,1,270.14,1,270.15,2,270.16,4,270.19,3,270.23,2,270.3,1,270.32,2,270.33,6,270.34,2
2020-10-29 09:34:00,269.98,269.92,1,269.83,2,270.13,1,270.13,269.83,269.83,2,269.82,3,269.81,1,269.8,1,269.7,6,269.62,1,269.61,4,269.42,6,269.41,2,269.39,2,270.13,1,270.14,1,270.15,2,270.16,4,270.19,3,270.23,2,270.3,1,270.32,2,270.33,6,270.34,2
2020-10-29 09:34:01,269.89,269.92,1,269.73,1,270.05,2,270.05,269.73,269.73,1,269.7,6,269.62,1,269.61,4,269.42,6,269.41,2,269.39,2,269.29,2,269.26,1,269.25,1,270.05,2,270.08,2,270.12,2,270.13,1,270.14,1,270.15,2,270.16,4,270.19,3,270.23,2,270.3,1
2020-10-29 09:34:02,269.835,269.71,1,269.7,6,269.97,2,269.97,269.7,269.7,6,269.62,1,269.61,4,269.42,6,269.41,2,269.39,2,269.29,2,269.26,1,269.25,1,269.16,1,269.97,2,270.02,1,270.05,3,270.08,2,270.12,2,270.13,1,270.14,1,270.15,2,270.16,4,270.19,3
2020-10-29 09:34:03,269.835,269.71,1,269.7,6,269.97,2,269.97,269.7,269.7,6,269.62,1,269.61,4,269.42,6,269.41,2,269.39,2,269.29,2,269.26,1,269.25,1,269.16,1,269.97,2,270.02,1,270.05,3,270.08,2,270.12,2,270.13,1,270.14,1,270.15,2,270.16,4,270.19,3
2020-10-29 09:34:04,269.835,269.71,1,269.7,6,269.97,2,269.97,269.7,269.7,6,269.62,1,269.61,4,269.42,6,269.41,2,269.39,2,269.29,2,269.26,1,269.25,1,269.16,1,269.97,2,270.02,1,270.05,3,270.08,2,270.12,2,270.13,1,270.14,1,270.15,2,270.16,4,270.19,3
2020-10-29 09:34:05,269.835,269.71,1,269.7,6,269.97,2,269.97,269.7,269.7,6,269.62,1,269.61,4,269.42,6,269.41,2,269.39,2,269.29,2,269.26,1,269.25,1,269.16,1,269.97,2,270.02,1,270.05,3,270.08,2,270.12,2,270.13,1,270.14,1,270.15,2,270.16,4,270.19,3
2020-10-29 09:34:06,269.895,269.97,1,269.7,7,270.09,3,270.09,269.7,269.7,7,269.62,1,269.61,4,269.42,6,269.41,2,269.39,2,269.29,2,269.26,1,269.25,1,269.16,1,270.09,3,270.13,2,270.14,1,270.15,2,270.16,4,270.19,3,270.23,2,270.3,1,270.32,2,270.33,6
2020-10-29 09:34:07,269.895,269.97,1,269.7,7,270.09,3,270.09,269.7,269.7,7,269.62,1,269.61,4,269.42,6,269.41,2,269.39,2,269.29,2,269.26,1,269.25,1,269.16,1,270.09,3,270.13,2,270.14,1,270.15,2,270.16,4,270.19,3,270.23,2,270.3,1,270.32,2,270.33,6
2020-10-29 09:34:08,269.895,269.97,1,269.7,7,270.09,3,270.09,269.7,269.7,7,269.62,1,269.61,4,269.42,6,269.41,2,269.39,2,269.29,2,269.26,1,269.25,1,269.16,1,270.09,3,270.13,2,270.14,1,270.15,2,270.16,4,270.19,3,270.23,2,270.3,1,270.32,2,270.33,6
2020-10-29 09:34:09,269.895,269.97,1,269.7,7,270.09,2,270.09,269.7,269.7,7,269.62,1,269.61,4,269.42,6,269.41,2,269.39,2,269.29,2,269.26,1,269.25,1,269.16,1,270.09,2,270.13,2,270.14,1,270.15,2,270.16,4,270.19,3,270.23,2,270.3,1,270.32,2,270.33,6
2020-10-29 09:34:10,269.895,269.92,2,269.7,7,270.09,2,270.09,269.7,269.7,7,269.62,1,269.61,4,269.42,6,269.41,2,269.39,2,269.29,2,269.26,1,269.25,1,269.16,1,270.09,2,270.13,2,270.14,1,270.15,2,270.16,4,270.19,3,270.23,2,270.3,1,270.32,2,270.33,6
2020-10-29 09:34:11,269.88,269.92,2,269.7,7,270.06,2,270.06,269.7,269.7,7,269.62,1,269.61,4,269.42,6,269.41,2,269.39,2,269.29,2,269.26,1,269.25,1,269.16,1,270.06,2,270.09,2,270.13,2,270.14,1,270.15,2,270.16,4,270.19,3,270.23,2,270.3,1,270.32,2
2020-10-29 09:34:12,269.895,269.92,2,269.7,7,270.09,2,270.09,269.7,269.7,7,269.62,1,269.61,4,269.42,6,269.41,2,269.39,2,269.29,2,269.26,1,269.25,1,269.16,1,270.09,2,270.13,2,270.14,1,270.15,2,270.16,4,270.19,3,270.23,2,270.3,1,270.32,2,270.33,6
2020-10-29 09:34:13,269.9,269.92,2,269.7,8,270.1,2,270.1,269.7,269.7,8,269.62,1,269.61,4,269.42,6,269.41,2,269.39,2,269.29,2,269.26,1,269.25,1,269.16,1,270.1,2,270.13,1,270.23,1,270.3,1,270.32,2,270.33,6,270.34,2,270.35,3,270.36,4,270.37,2
2020-10-29 09:34:14,269.91,269.92,2,269.72,2,270.1,2,270.1,269.72,269.72,2,269.7,8,269.62,1,269.61,4,269.42,6,269.41,2,269.39,2,269.29,2,269.26,1,269.25,1,270.1,2,270.13,1,270.23,1,270.3,1,270.32,2,270.33,6,270.34,2,270.35,3,270.36,4,270.37,2
2020-10-29 09:34:15,269.91,269.92,2,269.72,2,270.1,2,270.1,269.72,269.72,2,269.7,8,269.62,1,269.61,4,269.42,6,269.41,2,269.39,2,269.29,2,269.26,1,269.25,1,270.1,2,270.13,1,270.23,1,270.3,1,270.32,2,270.33,6,270.34,2,270.35,3,270.36,4,270.37,2
2020-10-29 09:34:16,269.905,269.92,2,269.72,2,270.09,1,270.09,269.72,269.72,2,269.7,8,269.62,1,269.61,4,269.42,6,269.41,2,269.39,2,269.29,2,269.26,1,269.25,1,270.09,1,270.1,2,270.13,1,270.23,1,270.3,1,270.32,2,270.33,6,270.34,2,270.35,3,270.36,4
2020-10-29 09:34:17,269.905,269.92,2,269.72,2,270.09,1,270.09,269.72,269.72,2,269.7,8,269.62,1,269.61,4,269.42,6,269.41,2,269.39,2,269.29,2,269.26,1,269.25,1,270.09,1,270.1,2,270.13,1,270.23,1,270.3,1,270.32,2,270.33,6,270.34,2,270.35,3,270.36,4
2020-10-29 09:34:18,269.905,269.92,2,269.72,4,270.09,3,270.09,269.72,269.72,4,269.7,8,269.62,1,269.61,4,269.42,6,269.41,2,269.39,2,269.29,2,269.26,1,269.25,1,270.09,3,270.1,2,270.13,1,270.23,1,270.3,1,270.32,2,270.33,6,270.34,2,270.35,3,270.36,4
2020-10-29 09:34:19,269.905,269.92,2,269.72,4,270.09,3,270.09,269.72,269.72,4,269.7,8,269.62,1,269.61,4,269.42,6,269.41,2,269.39,2,269.29,2,269.26,1,269.25,1,270.09,3,270.1,2,270.13,1,270.23,1,270.3,1,270.32,2,270.33,6,270.34,2,270.35,3,270.36,4
2020-10-29 09:34:20,269.905,269.92,2,269.72,4,270.09,3,270.09,269.72,269.72,4,269.7,8,269.62,1,269.61,4,269.42,6,269.41,2,269.39,2,269.29,2,269.26,1,269.25,1,270.09,3,270.1,2,270.13,1,270.23,1,270.3,1,270.32,2,270.33,6,270.34,2,270.35,3,270.36,4
2020-10-29 09:34:21,269.86,269.92,2,269.72,4,270.0,3,270.0,269.72,269.72,4,269.7,8,269.62,1,269.61,4,269.42,6,269.41,2,269.39,2,269.29,2,269.26,1,269.25,1,270.0,3,270.09,3,270.1,2,270.13,1,270.23,1,270.3,1,270.32,2,270.33,6,270.34,2,270.35,3
2020-10-29 09:34:22,269.86,269.92,2,269.72,4,270.0,3,270.0,269.72,269.72,4,269.7,8,269.62,1,269.61,4,269.42,6,269.41,2,269.39,2,269.29,2,269.26,1,269.25,1,270.0,3,270.09,3,270.1,2,270.13,1,270.23,1,270.3,1,270.32,2,270.33,6,270.34,2,270.35,3
2020-10-29 09:34:23,269.85,269.85,1,269.7,3,270.0,3,270.0,269.7,269.7,3,269.64,1,269.62,1,269.61,4,269.42,6,269.41,2,269.39,2,269.29,2,269.26,1,269.25,1,270.0,3,270.09,3,270.1,2,270.13,1,270.23,1,270.3,1,270.32,2,270.33,6,270.34,2,270.35,3
2020-10-29 09:34:24,269.85,269.87,3,269.7,3,270.0,3,270.0,269.7,269.7,3,269.64,1,269.62,1,269.61,4,269.42,6,269.41,2,269.39,2,269.29,2,269.26,1,269.25,1,270.0,3,270.09,3,270.1,2,270.13,1,270.23,1,270.3,1,270.32,2,270.33,6,270.34,2,270.35,3
2020-10-29 09:34:25,269.855,269.73,1,269.71,2,270.0,3,270.0,269.71,269.71,2,269.7,3,269.64,1,269.62,1,269.61,4,269.42,6,269.41,2,269.39,2,269.29,2,269.26,1,270.0,3,270.09,3,270.1,2,270.13,1,270.23,1,270.3,1,270.32,2,270.33,6,270.34,2,270.35,3
2020-10-29 09:34:26,269.855,270.0,1,269.71,2,270.0,3,270.0,269.71,269.71,2,269.7,3,269.64,1,269.62,1,269.61,4,269.42,6,269.41,2,269.39,2,269.29,2,269.26,1,270.0,3,270.09,3,270.1,2,270.13,1,270.23,1,270.3,1,270.32,2,270.33,6,270.34,2,270.35,3
2020-10-29 09:34:27,269.855,270.0,1,269.71,2,270.0,3,270.0,269.71,269.71,2,269.7,3,269.64,1,269.62,1,269.61,4,269.42,6,269.41,2,269.39,2,269.29,2,269.26,1,270.0,3,270.09,3,270.1,2,270.13,1,270.23,1,270.3,1,270.32,2,270.33,6,270.34,2,270.35,3
2020-10-29 09:34:28,269.855,270.0,1,269.71,2,270.0,3,270.0,269.71,269.71,2,269.7,3,269.64,1,269.62,1,269.61,4,269.42,6,269.41,2,269.39,2,269.29,2,269.26,1,270.0,3,270.09,3,270.1,2,270.13,1,270.23,1,270.3,1,270.32,2,270.33,6,270.34,2,270.35,3
2020-10-29 09:34:29,269.855,270.0,1,269.71,2,270.0,3,270.0,269.71,269.71,2,269.7,3,269.64,1,269.62,1,269.61,4,269.42,6,269.41,2,269.39,2,269.29,2,269.26,1,270.0,3,270.09,3,270.1,2,270.13,1,270.23,1,270.3,1,270.32,2,270.33,6,270.34,2,270.35,3
2020-10-29 09:34:30,269.855,270.0,1,269.71,2,270.0,3,270.0,269.71,269.71,2,269.7,3,269.64,1,269.62,1,269.61,4,269.42,6,269.41,2,269.39,2,269.29,2,269.26,1,270.0,3,270.09,3,270.1,2,270.13,1,270.23,1,270.3,1,270.32,2,270.33,6,270.34,2,270.35,3
2020-10-29 09:34:31,269.855,269.94,1,269.71,2,270.0,3,270.0,269.71,269.71,2,269.7,3,269.64,1,269.62,1,269.61,4,269.42,6,269.41,2,269.39,2,269.29,2,269.26,1,270.0,3,270.09,3,270.1,2,270.13,1,270.23,1,270.3,1,270.32,2,270.33,6,270.34,2,270.35,3
2020-10-29 09:34:32,269.855,269.94,1,269.71,2,270.0,4,270.0,269.71,269.71,2,269.7,3,269.64,1,269.62,1,269.61,4,269.42,6,269.41,2,269.39,2,269.29,2,269.26,1,270.0,4,270.09,3,270.1,2,270.13,1,270.23,1,270.3,1,270.32,2,270.33,6,270.34,2,270.35,3
2020-10-29 09:34:33,269.855,269.94,1,269.71,2,270.0,4,270.0,269.71,269.71,2,269.7,3,269.64,1,269.62,1,269.61,4,269.42,6,269.41,2,269.39,2,269.29,2,269.26,1,270.0,4,270.09,3,270.1,2,270.13,1,270.23,1,270.3,1,270.32,2,270.33,6,270.34,2,270.35,3
2020-10-29 09:34:34,269.85,269.94,1,269.71,2,269.99,1,269.99,269.71,269.71,2,269.7,3,269.64,1,269.62,1,269.61,4,269.42,6,269.41,2,269.39,2,269.29,2,269.26,1,269.99,1,270.0,4,270.09,3,270.1,2,270.13,1,270.23,1,270.3,1,270.32,2,270.33,6,270.34,2
2020-10-29 09:34:35,269.865,269.94,1,269.74,1,269.99,1,269.99,269.74,269.74,1,269.73,1,269.71,2,269.7,3,269.64,1,269.62,1,269.61,4,269.42,6,269.41,2,269.39,2,269.99,1,270.0,4,270.09,3,270.1,2,270.13,1,270.23,1,270.3,1,270.32,2,270.33,6,270.34,2
2020-10-29 09:34:36,269.855,269.9,1,269.71,2,270.0,3,270.0,269.71,269.71,2,269.7,3,269.64,1,269.62,1,269.61,4,269.42,6,269.41,2,269.39,2,269.29,2,269.26,1,270.0,3,270.09,3,270.1,2,270.13,1,270.23,1,270.3,1,270.32,2,270.33,6,270.34,2,270.35,3
2020-10-29 09:34:37,269.855,269.9,1,269.71,2,270.0,3,270.0,269.71,269.71,2,269.7,3,269.64,1,269.62,1,269.61,4,269.42,6,269.41,2,269.39,2,269.29,2,269.26,1,270.0,3,270.09,3,270.1,2,270.13,1,270.23,1,270.3,1,270.32,2,270.33,6,270.34,2,270.35,3
2020-10-29 09:34:38,269.86,269.9,1,269.72,1,270.0,3,270.0,269.72,269.72,1,269.71,2,269.7,3,269.64,1,269.62,1,269.61,4,269.42,6,269.41,2,269.39,2,269.29,2,270.0,3,270.09,3,270.1,2,270.13,1,270.23,1,270.3,1,270.32,2,270.33,6,270.34,2,270.35,3
2020-10-29 09:34:39,269.82,269.9,1,269.71,2,269.93,1,269.93,269.71,269.71,2,269.7,3,269.64,1,269.62,1,269.61,4,269.42,6,269.41,2,269.39,2,269.29,2,269.26,1,269.93,1,270.0,3,270.09,3,270.1,2,270.13,1,270.23,1,270.3,1,270.32,2,270.33,6,270.34,2
2020-10-29 09:34:40,269.655,269.58,1,269.5,1,269.81,4,269.81,269.5,269.5,1,269.46,1,269.42,6,269.41,2,269.39,2,269.29,2,269.26,1,269.25,1,269.16,1,269.15,1,269.81,4,269.82,1,269.86,2,269.93,1,270.0,3,270.09,3,270.1,2,270.13,1,270.23,1,270.3,1
2020-10-29 09:34:41,269.655,269.51,1,269.5,1,269.81,3,269.81,269.5,269.5,1,269.36,1,269.29,2,269.26,1,269.25,1,269.16,1,269.15,1,269.01,1,,,,,269.81,3,269.82,1,269.86,2,269.93,1,270.0,3,270.09,3,270.1,2,270.13,1,270.23,1,270.3,1
2020-10-29 09:34:42,269.66,269.51,1,269.51,1,269.81,3,269.81,269.51,269.51,1,269.5,1,269.36,1,269.29,2,269.26,1,269.25,1,269.16,1,269.15,1,269.01,1,,,269.81,3,269.82,1,269.86,2,269.93,1,270.0,3,270.09,3,270.1,2,270.13,1,270.23,1,270.3,1
2020-10-29 09:34:43,269.66,269.51,1,269.51,1,269.81,3,269.81,269.51,269.51,1,269.5,1,269.36,1,269.29,2,269.26,1,269.25,1,269.16,1,269.15,1,269.01,1,,,269.81,3,269.82,1,269.86,2,269.93,1,270.0,3,270.09,3,270.1,2,270.13,1,270.23,1,270.3,1
2020-10-29 09:34:44,269.66,269.51,1,269.51,1,269.81,3,269.81,269.51,269.51,1,269.5,1,269.36,1,269.29,2,269.26,1,269.25,1,269.16,1,269.15,1,269.01,1,,,269.81,3,269.82,1,269.86,2,269.93,1,270.0,3,270.09,3,270.1,2,270.13,1,270.23,1,270.3,1
2020-10-29 09:34:45,269.66,269.51,1,269.51,1,269.81,3,269.81,269.51,269.51,1,269.5,1,269.36,1,269.29,2,269.26,1,269.25,1,269.16,1,269.15,1,269.01,1,,,269.81,3,269.82,1,269.86,2,269.93,1,270.0,3,270.09,3,270.1,2,270.13,1,270.23,1,270.3,1
2020-10-29 09:34:46,269.635,269.51,1,269.51,1,269.76,2,269.76,269.51,269.51,1,269.5,1,269.36,1,269.29,2,269.26,1,269.25,1,269.16,1,269.15,1,269.01,1,,,269.76,2,269.81,3,269.82,1,269.86,2,269.93,1,270.0,3,270.09,3,270.1,2,270.13,1,270.23,1
2020-10-29 09:34:47,269.635,269.51,1,269.51,1,269.76,2,269.76,269.51,269.51,1,269.5,1,269.36,1,269.29,2,269.26,1,269.25,1,269.16,1,269.15,1,269.01,1,,,269.76,2,269.81,3,269.82,1,269.86,2,269.93,1,270.0,3,270.09,3,270.1,2,270.13,1,270.23,1
2020-10-29 09:34:48,269.635,269.51,1,269.51,1,269.76,2,269.76,269.51,269.51,1,269.5,1,269.36,1,269.29,2,269.26,1,269.25,1,269.16,1,269.15,1,269.01,1,,,269.76,2,269.81,3,269.82,1,269.86,2,269.93,1,270.0,3,270.09,3,270.1,2,270.13,1,270.23,1
2020-10-29 09:34:49,269.635,269.51,1,269.51,1,269.76,2,269.76,269.51,269.51,1,269.5,1,269.36,1,269.29,2,269.26,1,269.25,1,269.16,1,269.15,1,269.01,1,,,269.76,2,269.81,3,269.82,1,269.86,2,269.93,1,270.0,3,270.09,3,270.1,2,270.13,1,270.23,1
2020-10-29 09:34:50,269.635,269.51,1,269.51,1,269.76,2,269.76,269.51,269.51,1,269.5,1,269.36,1,269.29,2,269.26,1,269.25,1,269.16,1,269.15,1,269.01,1,,,269.76,2,269.81,3,269.82,1,269.86,2,269.93,1,270.0,3,270.09,3,270.1,2,270.13,1,270.23,1
2020-10-29 09:34:51,269.485,269.51,1,269.37,1,269.6,2,269.6,269.37,269.37,1,269.36,1,269.29,2,269.26,1,269.25,1,269.16,1,269.15,1,269.01,1,,,,,269.6,2,269.7,1,269.76,2,269.81,3,269.82,1,269.86,2,269.93,1,270.0,3,270.09,3,270.1,2
2020-10-29 09:34:52,269.485,269.51,1,269.37,1,269.6,2,269.6,269.37,269.37,1,269.36,1,269.29,2,269.26,1,269.25,1,269.16,1,269.15,1,269.01,1,,,,,269.6,2,269.7,1,269.76,2,269.81,3,269.82,1,269.86,2,269.93,1,270.0,3,270.09,3,270.1,2
2020-10-29 09:34:53,269.49,269.51,1,269.38,1,269.6,2,269.6,269.38,269.38,1,269.37,2,269.36,1,269.29,2,269.26,1,269.25,1,269.16,1,269.15,1,269.01,1,,,269.6,2,269.7,1,269.76,2,269.81,3,269.82,1,269.86,2,269.93,1,270.0,3,270.09,3,270.1,2
2020-10-29 09:34:54,269.49,269.49,1,269.38,1,269.6,2,269.6,269.38,269.38,1,269.37,2,269.36,1,269.29,2,269.26,1,269.25,1,269.16,1,269.15,1,269.01,1,,,269.6,2,269.7,1,269.76,2,269.81,3,269.82,1,269.86,2,269.93,1,270.0,3,270.09,3,270.1,2
2020-10-29 09:34:55,269.485,269.49,1,269.37,2,269.6,2,269.6,269.37,269.37,2,269.36,1,269.29,2,269.26,1,269.25,1,269.16,1,269.15,1,269.01,1,,,,,269.6,2,269.7,1,269.76,2,269.81,3,269.82,1,269.86,2,269.93,1,270.0,3,270.09,3,270.1,2
2020-10-29 09:34:56,269.425,269.49,1,269.25,4,269.6,3,269.6,269.25,269.25,4,269.16,1,269.15,1,269.01,1,,,,,,,,,,,,,269.6,3,269.7,1,269.76,2,269.81,3,269.82,1,269.86,2,269.93,1,270.0,3,270.09,3,270.1,2
2020-10-29 09:34:57,269.425,269.49,1,269.25,4,269.6,4,269.6,269.25,269.25,4,269.16,1,269.15,1,269.01,1,,,,,,,,,,,,,269.6,4,269.7,1,269.76,2,269.81,3,269.82,1,269.86,2,269.93,1,270.0,3,270.09,3,270.1,2
2020-10-29 09:34:58,269.365,269.49,1,269.13,2,269.6,7,269.6,269.13,269.13,2,269.11,4,269.08,2,269.01,1,,,,,,,,,,,,,269.6,7,269.7,1,269.76,2,269.81,3,269.82,1,269.86,2,269.93,1,270.0,3,270.09,3,270.1,2
2020-10-29 09:34:59,269.365,269.49,1,269.13,2,269.6,7,269.6,269.13,269.13,2,269.11,4,269.08,2,269.01,1,,,,,,,,,,,,,269.6,7,269.7,1,269.76,2,269.81,3,269.82,1,269.86,2,269.93,1,270.0,3,270.09,3,270.1,2
2020-10-29 09:35:00,269.37,269.6,1,269.14,5,269.6,7,269.6,269.14,269.14,5,269.13,2,269.11,4,269.08,2,269.01,1,,,,,,,,,,,269.6,7,269.7,1,269.76,2,269.81,3,269.82,1,269.86,2,269.93,1,270.0,3,270.09,3,270.1,2
2020-10-29 09:35:01,269.37,269.6,1,269.14,6,269.6,7,269.6,269.14,269.14,6,269.13,2,269.11,4,269.08,2,269.01,1,,,,,,,,,,,269.6,7,269.7,1,269.76,2,269.81,3,269.82,1,269.86,2,269.93,1,270.0,3,270.09,3,270.1,2
2020-10-29 09:35:02,269.355,269.72,1,269.14,5,269.57,2,269.57,269.14,269.14,5,269.13,2,269.11,4,269.08,2,269.01,1,,,,,,,,,,,269.57,2,269.58,2,269.59,4,269.6,7,269.7,1,269.76,2,269.81,3,269.82,1,269.86,2,269.93,1
2020-10-29 09:35:03,269.355,269.72,1,269.14,5,269.57,3,269.57,269.14,269.14,5,269.13,2,269.11,4,269.08,2,269.01,1,,,,,,,,,,,269.57,3,269.58,2,269.59,4,269.6,7,269.7,1,269.76,2,269.81,3,269.82,1,269.86,2,269.93,1
2020-10-29 09:35:04,269.355,269.72,1,269.14,4,269.57,3,269.57,269.14,269.14,4,269.13,2,269.11,4,269.08,2,269.01,1,,,,,,,,,,,269.57,3,269.58,2,269.59,4,269.6,7,269.7,1,269.76,2,269.81,3,269.82,1,269.86,2,269.93,1
2020-10-29 09:35:05,269.355,269.72,1,269.14,4,269.57,2,269.57,269.14,269.14,4,269.13,2,269.11,4,269.08,2,269.01,1,,,,,,,,,,,269.57,2,269.58,2,269.59,4,269.6,7,269.7,1,269.76,2,269.81,3,269.82,1,269.86,2,269.93,1
2020-10-29 09:35:06,269.355,269.72,1,269.14,7,269.57,2,269.57,269.14,269.14,7,269.13,2,269.11,4,269.08,2,269.01,1,,,,,,,,,,,269.57,2,269.58,2,269.59,4,269.6,7,269.7,1,269.76,2,269.81,3,269.82,1,269.86,2,269.93,1
2020-10-29 09:35:07,269.355,269.72,1,269.14,7,269.57,2,269.57,269.14,269.14,7,269.13,2,269.11,4,269.08,2,269.01,1,,,,,,,,,,,269.57,2,269.58,2,269.59,4,269.6,7,269.7,1,269.76,2,269.81,3,269.82,1,269.86,2,269.93,1
2020-10-29 09:35:08,269.355,269.72,1,269.14,7,269.57,2,269.57,269.14,269.14,7,269.13,2,269.11,4,269.08,2,269.01,1,,,,,,,,,,,269.57,2,269.58,2,269.59,4,269.6,7,269.7,1,269.76,2,269.81,3,269.82,1,269.86,2,269.93,1
2020-10-29 09:35:09,269.355,269.72,1,269.14,7,269.57,2,269.57,269.14,269.14,7,269.13,2,269.11,4,269.08,2,269.01,1,,,,,,,,,,,269.57,2,269.58,2,269.59,4,269.6,7,269.7,1,269.76,2,269.81,3,269.82,1,269.86,2,269.93,1
2020-10-29 09:35:10,269.355,269.72,1,269.14,7,269.57,2,269.57,269.14,269.14,7,269.13,2,269.11,4,269.08,2,269.01,1,,,,,,,,,,,269.57,2,269.58,2,269.59,4,269.6,7,269.7,1,269.76,2,269.81,3,269.82,1,269.86,2,269.93,1
2020-10-29 09:35:11,269.355,269.72,1,269.14,7,269.57,2,269.57,269.14,269.14,7,269.13,2,269.11,4,269.08,2,269.01,1,,,,,,,,,,,269.57,2,269.58,2,269.59,4,269.6,7,269.7,1,269.76,2,269.81,3,269.82,1,269.86,2,269.93,1
2020-10-29 09:35:12,269.355,269.72,1,269.14,7,269.57,2,269.57,269.14,269.14,7,269.13,2,269.11,4,269.08,2,269.01,1,,,,,,,,,,,269.57,2,269.58,2,269.59,4,269.6,7,269.7,1,269.76,2,269.81,3,269.82,1,269.86,2,269.93,1
2020-10-29 09:35:13,269.355,269.72,1,269.14,7,269.57,2,269.57,269.14,269.14,7,269.13,2,269.11,4,269.08,2,269.01,1,,,,,,,,,,,269.57,2,269.58,2,269.59,4,269.6,7,269.7,1,269.76,2,269.81,3,269.82,1,269.86,2,269.93,1
2020-10-29 09:35:14,269.725,269.62,1,269.59,1,269.86,3,269.86,269.59,269.59,1,269.45,3,269.28,1,269.27,1,269.26,1,269.21,1,269.14,7,269.13,2,269.11,4,269.08,2,269.86,3,269.93,1,270.0,3,270.09,3,270.1,2,270.13,1,270.23,1,270.3,1,270.32,2,270.33,6
2020-10-29 09:35:15,269.65,269.67,1,269.46,1,269.84,3,269.84,269.46,269.46,1,269.45,3,269.28,1,269.27,1,269.26,1,269.21,1,269.14,7,269.13,2,269.11,4,269.08,2,269.84,3,269.85,2,269.86,3,269.93,1,270.0,3,270.09,3,270.1,2,270.13,1,270.23,1,270.3,1
2020-10-29 09:35:16,269.59,269.66,1,269.38,4,269.8,3,269.8,269.38,269.38,4,269.37,2,269.28,1,269.27,1,269.26,1,269.21,1,269.14,7,269.13,2,269.11,4,269.08,2,269.8,3,269.84,2,269.85,2,269.86,3,269.93,1,270.0,3,270.09,3,270.1,2,270.13,1,270.23,1
2020-10-29 09:35:17,269.595,269.66,1,269.39,4,269.8,2,269.8,269.39,269.39,4,269.38,6,269.37,2,269.28,1,269.27,1,269.26,1,269.21,1,269.14,7,269.13,2,269.11,4,269.8,2,269.84,2,269.85,2,269.86,3,269.93,1,270.0,3,270.09,3,270.1,2,270.13,1,270.23,1
2020-10-29 09:35:18,269.595,269.66,1,269.39,4,269.8,2,269.8,269.39,269.39,4,269.38,6,269.37,2,269.28,1,269.27,1,269.26,1,269.21,1,269.14,7,269.13,2,269.11,4,269.8,2,269.84,2,269.85,2,269.86,3,269.93,1,270.0,3,270.09,3,270.1,2,270.13,1,270.23,1
2020-10-29 09:35:19,269.595,269.66,1,269.39,4,269.8,2,269.8,269.39,269.39,4,269.38,6,269.37,2,269.28,1,269.27,1,269.26,1,269.21,1,269.14,7,269.13,2,269.11,4,269.8,2,269.84,2,269.85,2,269.86,3,269.93,1,270.0,3,270.09,3,270.1,2,270.13,1,270.23,1
2020-10-29 09:35:20,269.595,269.66,1,269.39,4,269.8,2,269.8,269.39,269.39,4,269.38,6,269.37,2,269.28,1,269.27,1,269.26,1,269.21,1,269.14,7,269.13,2,269.11,4,269.8,2,269.84,2,269.85,2,269.86,3,269.93,1,270.0,3,270.09,3,270.1,2,270.13,1,270.23,1
2020-10-29 09:35:21,269.595,269.66,1,269.39,4,269.8,2,269.8,269.39,269.39,4,269.38,6,269.37,2,269.28,1,269.27,1,269.26,1,269.21,1,269.14,7,269.13,2,269.11,4,269.8,2,269.84,2,269.85,2,269.86,3,269.93,1,270.0,3,270.09,3,270.1,2,270.13,1,270.23,1
2020-10-29 09:35:22,269.595,269.55,1,269.39,4,269.8,2,269.8,269.39,269.39,4,269.38,6,269.37,2,269.28,1,269.27,1,269.26,1,269.21,1,269.14,7,269.13,2,269.11,4,269.8,2,269.84,2,269.85,2,269.86,3,269.93,1,270.0,3,270.09,3,270.1,2,270.13,1,270.23,1
2020-10-29 09:35:23,269.595,269.72,5,269.39,4,269.8,2,269.8,269.39,269.39,4,269.38,6,269.37,2,269.28,1,269.27,1,269.26,1,269.21,1,269.14,7,269.13,2,269.11,4,269.8,2,269.84,2,269.85,2,269.86,3,269.93,1,270.0,3,270.09,3,270.1,2,270.13,1,270.23,1
2020-10-29 09:35:24,269.595,269.72,5,269.39,4,269.8,2,269.8,269.39,269.39,4,269.38,6,269.37,2,269.28,1,269.27,1,269.26,1,269.21,1,269.14,7,269.13,2,269.11,4,269.8,2,269.84,2,269.85,2,269.86,3,269.93,1,270.0,3,270.09,3,270.1,2,270.13,1,270.23,1
2020-10-29 09:35:25,269.595,269.72,5,269.39,4,269.8,2,269.8,269.39,269.39,4,269.38,6,269.37,2,269.28,1,269.27,1,269.26,1,269.21,1,269.14,7,269.13,2,269.11,4,269.8,2,269.84,2,269.85,2,269.86,3,269.93,1,270.0,3,270.09,3,270.1,2,270.13,1,270.23,1
2020-10-29 09:35:26,269.595,269.72,5,269.39,4,269.8,2,269.8,269.39,269.39,4,269.38,6,269.37,2,269.28,1,269.27,1,269.26,1,269.21,1,269.14,7,269.13,2,269.11,4,269.8,2,269.84,2,269.85,2,269.86,3,269.93,1,270.0,3,270.09,3,270.1,2,270.13,1,270.23,1
2020-10-29 09:35:27,269.595,269.72,5,269.39,4,269.8,2,269.8,269.39,269.39,4,269.38,6,269.37,2,269.28,1,269.27,1,269.26,1,269.21,1,269.14,7,269.13,2,269.11,4,269.8,2,269.84,2,269.85,2,269.86,3,269.93,1,270.0,3,270.09,3,270.1,2,270.13,1,270.23,1
2020-10-29 09:35:28,269.595,269.72,5,269.39,4,269.8,2,269.8,269.39,269.39,4,269.38,6,269.37,2,269.28,1,269.27,1,269.26,1,269.21,1,269.14,7,269.13,2,269.11,4,269.8,2,269.84,2,269.85,2,269.86,3,269.93,1,270.0,3,270.09,3,270.1,2,270.13,1,270.23,1
2020-10-29 09:35:29,269.455,269.37,1,269.28,4,269.63,2,269.63,269.28,269.28,4,269.27,3,269.26,1,269.21,1,269.14,7,269.13,2,269.11,4,269.08,2,269.01,1,,,269.63,2,269.79,1,269.8,4,269.84,2,269.85,2,269.86,3,269.93,1,270.0,3,270.09,3,270.1,2
2020-10-29 09:35:30,269.275,269.4,1,269.15,2,269.4,4,269.4,269.15,269.15,2,269.14,7,269.13,2,269.11,4,269.08,2,269.01,1,,,,,,,,,269.4,4,269.63,3,269.79,1,269.8,4,269.84,2,269.85,2,269.86,3,269.93,1,270.0,3,270.09,3
2020-10-29 09:35:31,269.295,269.37,1,269.19,1,269.4,6,269.4,269.19,269.19,1,269.15,1,269.14,7,269.13,2,269.11,4,269.08,2,269.01,1,,,,,,,269.4,6,269.63,3,269.79,1,269.8,4,269.84,2,269.85,2,269.86,3,269.93,1,270.0,3,270.09,3
2020-10-29 09:35:32,269.27,269.37,1,269.15,3,269.39,1,269.39,269.15,269.15,3,269.14,7,269.13,2,269.11,4,269.08,2,269.01,1,,,,,,,,,269.39,1,269.49,1,269.63,3,269.79,1,269.8,4,269.84,2,269.85,2,269.86,3,269.93,1,270.0,3
2020-10-29 09:35:33,269.27,269.37,1,269.15,3,269.39,1,269.39,269.15,269.15,3,269.14,7,269.13,2,269.11,4,269.08,2,269.01,1,,,,,,,,,269.39,1,269.49,1,269.63,3,269.79,1,269.8,4,269.84,2,269.85,2,269.86,3,269.93,1,270.0,3
2020-10-29 09:35:34,269.215,269.37,1,269.15,2,269.28,1,269.28,269.15,269.15,2,269.14,7,269.13,2,269.11,4,269.08,2,269.01,1,,,,,,,,,269.28,1,269.39,2,269.49,1,269.63,3,269.79,1,269.8,4,269.84,2,269.85,2,269.86,3,269.93,1
2020-10-29 09:35:35,269.295,269.37,1,269.16,3,269.43,3,269.43,269.16,269.16,3,269.15,2,269.14,7,269.13,2,269.11,4,269.08,2,269.01,1,,,,,,,269.43,3,269.49,1,269.63,3,269.79,1,269.8,4,269.84,2,269.85,2,269.86,3,269.93,1,270.0,3
2020-10-29 09:35:36,269.27,269.27,1,269.15,2,269.39,1,269.39,269.15,269.15,2,269.14,7,269.13,2,269.11,4,269.08,2,269.01,1,,,,,,,,,269.39,1,269.43,3,269.49,1,269.63,3,269.79,1,269.8,4,269.84,2,269.85,2,269.86,3,269.93,1
2020-10-29 09:35:37,269.27,269.27,1,269.15,2,269.39,1,269.39,269.15,269.15,2,269.14,7,269.13,2,269.11,4,269.08,2,269.01,1,,,,,,,,,269.39,1,269.43,3,269.49,1,269.63,3,269.79,1,269.8,4,269.84,2,269.85,2,269.86,3,269.93,1
2020-10-29 09:35:38,269.3,269.27,1,269.15,2,269.45,4,269.45,269.15,269.15,2,269.14,7,269.13,2,269.11,4,269.08,2,269.01,1,,,,,,,,,269.45,4,269.49,1,269.63,3,269.79,1,269.8,4,269.84,2,269.85,2,269.86,3,269.93,1,270.0,3
2020-10-29 09:35:39,269.255,269.13,1,269.12,1,269.39,1,269.39,269.12,269.12,1,269.11,4,269.08,2,269.01,1,,,,,,,,,,,,,269.39,1,269.49,3,269.63,3,269.79,1,269.8,4,269.84,2,269.85,2,269.86,3,269.93,1,270.0,3
2020-10-29 09:35:40,269.255,269.13,1,269.12,1,269.39,1,269.39,269.12,269.12,1,269.11,4,269.08,2,269.01,1,,,,,,,,,,,,,269.39,1,269.49,3,269.63,3,269.79,1,269.8,4,269.84,2,269.85,2,269.86,3,269.93,1,270.0,3
2020-10-29 09:35:41,269.255,269.13,1,269.12,1,269.39,1,269.39,269.12,269.12,1,269.11,4,269.08,2,269.01,1,,,,,,,,,,,,,269.39,1,269.49,3,269.63,3,269.79,1,269.8,4,269.84,2,269.85,2,269.86,3,269.93,1,270.0,3
2020-10-29 09:35:42,269.255,269.13,1,269.12,1,269.39,1,269.39,269.12,269.12,1,269.11,4,269.08,2,269.01,1,,,,,,,,,,,,,269.39,1,269.49,3,269.63,3,269.79,1,269.8,4,269.84,2,269.85,2,269.86,3,269.93,1,270.0,3
2020-10-29 09:35:43,269.15,269.13,1,269.04,2,269.26,1,269.26,269.04,269.04,2,269.01,1,,,,,,,,,,,,,,,,,269.26,1,269.38,2,269.39,1,269.49,3,269.63,3,269.79,1,269.8,4,269.84,2,269.85,2,269.86,3
2020-10-29 09:35:44,269.11,269.04,2,269.01,2,269.21,1,269.21,269.01,269.01,2,,,,,,,,,,,,,,,,,,,269.21,1,269.24,1,269.26,1,269.38,2,269.39,1,269.49,3,269.63,3,269.79,1,269.8,4,269.84,2
2020-10-29 09:35:45,269.105,269.02,1,269.01,2,269.2,1,269.2,269.01,269.01,2,,,,,,,,,,,,,,,,,,,269.2,1,269.21,1,269.24,1,269.26,1,269.38,2,269.39,1,269.49,3,269.63,3,269.79,1,269.8,4
2020-10-29 09:35:46,269.05,269.1,2,268.9,2,269.2,3,269.2,268.9,268.9,2,268.85,1,,,,,,,,,,,,,,,,,269.2,3,269.32,2,269.38,2,269.39,1,269.49,3,269.63,3,269.79,1,269.8,4,269.84,2,269.85,2
2020-10-29 09:35:47,269.055,268.86,1,268.91,1,269.2,3,269.2,268.91,268.91,1,268.85,1,268.82,1,,,,,,,,,,,,,,,269.2,3,269.32,2,269.38,2,269.39,1,269.49,3,269.63,3,269.79,1,269.8,4,269.84,2,269.85,2
2020-10-29 09:35:48,268.97,268.86,1,268.82,1,269.12,2,269.12,268.82,268.82,1,,,,,,,,,,,,,,,,,,,269.12,2,269.19,2,269.2,3,269.32,2,269.38,2,269.39,1,269.49,3,269.63,3,269.79,1,269.8,4
2020-10-29 09:35:49,268.97,268.86,1,268.82,1,269.12,2,269.12,268.82,268.82,1,,,,,,,,,,,,,,,,,,,269.12,2,269.19,2,269.2,3,269.32,2,269.38,2,269.39,1,269.49,3,269.63,3,269.79,1,269.8,4
2020-10-29 09:35:50,268.97,268.86,1,268.82,2,269.12,2,269.12,268.82,268.82,2,,,,,,,,,,,,,,,,,,,269.12,2,269.19,2,269.2,3,269.32,2,269.38,2,269.39,1,269.49,3,269.63,3,269.79,1,269.8,4
2020-10-29 09:35:51,268.81,268.75,1,268.69,3,268.93,1,268.93,268.69,268.69,3,,,,,,,,,,,,,,,,,,,268.93,1,269.0,2,269.05,2,269.12,3,269.19,2,269.2,3,269.32,2,269.38,2,269.39,1,269.49,3
2020-10-29 09:35:52,268.81,268.75,1,268.69,3,268.93,1,268.93,268.69,268.69,3,,,,,,,,,,,,,,,,,,,268.93,1,269.0,2,269.05,2,269.12,3,269.19,2,269.2,3,269.32,2,269.38,2,269.39,1,269.49,3
2020-10-29 09:35:53,268.81,268.76,1,268.69,4,268.93,2,268.93,268.69,268.69,4,,,,,,,,,,,,,,,,,,,268.93,2,269.0,2,269.05,2,269.12,3,269.19,2,269.2,3,269.32,2,269.38,2,269.39,1,269.49,3
2020-10-29 09:35:54,268.765,268.81,1,268.69,2,268.84,1,268.84,268.69,268.69,2,,,,,,,,,,,,,,,,,,,268.84,1,268.92,1,268.93,2,269.0,2,269.05,2,269.12,3,269.19,2,269.2,3,269.32,2,269.38,2
2020-10-29 09:35:55,268.795,268.71,1,268.66,1,268.93,3,268.93,268.66,268.66,1,,,,,,,,,,,,,,,,,,,268.93,3,269.0,2,269.05,2,269.12,3,269.19,2,269.2,3,269.32,2,269.38,2,269.39,1,269.49,3
2020-10-29 09:35:56,268.605,268.61,1,268.5,3,268.71,1,268.71,268.5,268.5,3,,,,,,,,,,,,,,,,,,,268.71,1,268.73,1,268.8,1,268.92,2,268.93,3,269.0,2,269.05,2,269.12,3,269.19,2,269.2,3
2020-10-29 09:35:57,268.61,268.61,1,268.51,1,268.71,1,268.71,268.51,268.51,1,268.5,3,,,,,,,,,,,,,,,,,268.71,1,268.73,1,268.8,1,268.92,2,268.93,3,269.0,2,269.05,2,269.12,3,269.19,2,269.2,3
2020-10-29 09:35:58,268.605,268.61,1,268.5,2,268.71,2,268.71,268.5,268.5,2,,,,,,,,,,,,,,,,,,,268.71,2,268.73,1,268.8,1,268.92,2,268.93,3,269.0,2,269.05,2,269.12,3,269.19,2,269.2,3
2020-10-29 09:35:59,268.605,268.61,1,268.5,2,268.71,2,268.71,268.5,268.5,2,,,,,,,,,,,,,,,,,,,268.71,2,268.73,1,268.8,1,268.92,2,268.93,3,269.0,2,269.05,2,269.12,3,269.19,2,269.2,3
2020-10-29 09:36:00,268.61,268.61,1,268.51,1,268.71,2,268.71,268.51,268.51,1,268.5,2,,,,,,,,,,,,,,,,,268.71,2,268.73,1,268.8,1,268.92,2,268.93,3,269.0,2,269.05,2,269.12,3,269.19,2,269.2,3
2020-10-29 09:36:01,268.61,268.61,1,268.51,4,268.71,2,268.71,268.51,268.51,4,268.5,2,,,,,,,,,,,,,,,,,268.71,2,268.73,1,268.8,1,268.92,2,268.93,3,269.0,2,269.05,2,269.12,3,269.19,2,269.2,3
2020-10-29 09:36:02,268.61,268.61,1,268.51,4,268.71,2,268.71,268.51,268.51,4,268.5,2,,,,,,,,,,,,,,,,,268.71,2,268.73,1,268.8,1,268.92,2,268.93,3,269.0,2,269.05,2,269.12,3,269.19,2,269.2,3
2020-10-29 09:36:03,268.83,268.76,1,268.72,3,268.94,1,268.94,268.72,268.72,3,268.71,5,268.7,1,268.51,4,268.5,2,,,,,,,,,,,268.94,1,269.05,3,269.12,3,269.19,2,269.2,3,269.32,2,269.38,2,269.39,1,269.49,3,269.63,3
2020-10-29 09:36:04,268.83,268.82,2,268.72,3,268.94,1,268.94,268.72,268.72,3,268.71,5,268.7,1,268.51,4,268.5,2,,,,,,,,,,,268.94,1,269.05,3,269.12,3,269.19,2,269.2,3,269.32,2,269.38,2,269.39,1,269.49,3,269.63,3
2020-10-29 09:36:05,268.77,268.64,1,268.62,4,268.92,1,268.92,268.62,268.62,4,268.61,2,268.51,4,268.5,2,,,,,,,,,,,,,268.92,1,268.94,1,269.05,3,269.12,3,269.19,2,269.2,3,269.32,2,269.38,2,269.39,1,269.49,3
2020-10-29 09:36:06,268.77,268.69,4,268.62,3,268.92,1,268.92,268.62,268.62,3,268.61,2,268.51,4,268.5,2,,,,,,,,,,,,,268.92,1,268.94,1,269.05,3,269.12,3,269.19,2,269.2,3,269.32,2,269.38,2,269.39,1,269.49,3
2020-10-29 09:36:08,268.77,268.69,4,268.62,3,268.92,1,268.92,268.62,268.62,3,268.61,2,268.51,4,268.5,2,,,,,,,,,,,,,268.92,1,268.94,1,269.05,3,269.12,3,269.19,2,269.2,3,269.32,2,269.38,2,269.39,1,269.49,3
2020-10-29 09:36:09,268.83,268.7,1,268.63,4,269.03,3,269.03,268.63,268.63,4,268.62,3,268.61,2,268.51,4,268.5,2,,,,,,,,,,,269.03,3,269.05,3,269.12,3,269.19,2,269.2,3,269.32,2,269.38,2,269.39,1,269.49,3,269.63,3
2020-10-29 09:36:10,268.865,268.7,1,268.63,4,269.1,1,269.1,268.63,268.63,4,268.62,3,268.61,2,268.51,4,268.5,2,,,,,,,,,,,269.1,1,269.12,2,269.19,2,269.2,3,269.32,2,269.38,2,269.39,1,269.49,3,269.63,3,269.79,1
2020-10-29 09:36:11,268.87,268.87,3,268.64,2,269.1,1,269.1,268.64,268.64,2,268.63,4,268.62,3,268.61,2,268.51,4,268.5,2,,,,,,,,,269.1,1,269.12,2,269.19,2,269.2,3,269.32,2,269.38,2,269.39,1,269.49,3,269.63,3,269.79,1
2020-10-29 09:36:12,268.87,268.87,3,268.64,2,269.1,1,269.1,268.64,268.64,2,268.63,4,268.62,3,268.61,2,268.51,4,268.5,2,,,,,,,,,269.1,1,269.12,2,269.19,2,269.2,3,269.32,2,269.38,2,269.39,1,269.49,3,269.63,3,269.79,1
2020-10-29 09:36:13,268.875,268.65,2,268.66,2,269.09,1,269.09,268.66,268.66,2,268.65,3,268.64,4,268.63,4,268.62,3,268.61,2,268.51,4,268.5,2,,,,,269.09,1,269.1,2,269.13,1,269.29,1,269.32,2,269.38,2,269.39,1,269.49,3,269.63,3,269.79,1
2020-10-29 09:36:14,268.88,268.65,2,268.67,3,269.09,1,269.09,268.67,268.67,3,268.66,2,268.65,3,268.64,4,268.63,4,268.62,3,268.61,2,268.51,4,268.5,2,,,269.09,1,269.1,2,269.13,1,269.29,1,269.32,2,269.38,2,269.39,1,269.49,3,269.63,3,269.79,1
2020-10-29 09:36:15,268.885,268.65,2,268.68,1,269.09,1,269.09,268.68,268.68,1,268.67,4,268.66,2,268.65,3,268.64,4,268.63,4,268.62,3,268.61,2,268.51,4,268.5,2,269.09,1,269.1,2,269.13,1,269.29,1,269.32,2,269.38,2,269.39,1,269.49,3,269.63,3,269.79,1
2020-10-29 09:36:16,268.88,268.67,1,268.67,4,269.09,1,269.09,268.67,268.67,4,268.66,2,268.65,3,268.64,4,268.63,4,268.62,3,268.61,2,268.51,4,268.5,2,,,269.09,1,269.1,2,269.13,1,269.29,1,269.32,2,269.38,2,269.39,1,269.49,3,269.63,3,269.79,1
2020-10-29 09:36:17,268.88,268.84,1,268.67,5,269.09,1,269.09,268.67,268.67,5,268.66,2,268.65,3,268.64,4,268.63,4,268.62,3,268.61,2,268.51,4,268.5,2,,,269.09,1,269.1,2,269.13,1,269.29,1,269.32,2,269.38,2,269.39,1,269.49,3,269.63,3,269.79,1
2020-10-29 09:36:18,268.88,269.01,5,268.67,5,269.09,1,269.09,268.67,268.67,5,268.66,2,268.65,3,268.64,4,268.63,4,268.62,3,268.61,2,268.51,4,268.5,2,,,269.09,1,269.1,2,269.13,1,269.29,1,269.32,2,269.38,2,269.39,1,269.49,3,269.63,3,269.79,1
2020-10-29 09:36:19,268.88,269.01,5,268.67,5,269.09,1,269.09,268.67,268.67,5,268.66,2,268.65,3,268.64,4,268.63,4,268.62,3,268.61,2,268.51,4,268.5,2,,,269.09,1,269.1,2,269.13,1,269.29,1,269.32,2,269.38,2,269.39,1,269.49,3,269.63,3,269.79,1
2020-10-29 09:36:20,268.88,269.01,5,268.67,5,269.09,1,269.09,268.67,268.67,5,268.66,2,268.65,3,268.64,4,268.63,4,268.62,3,268.61,2,268.51,4,268.5,2,,,269.09,1,269.1,2,269.13,1,269.29,1,269.32,2,269.38,2,269.39,1,269.49,3,269.63,3,269.79,1
2020-10-29 09:36:21,268.88,268.95,2,268.67,5,269.09,1,269.09,268.67,268.67,5,268.66,2,268.65,3,268.64,4,268.63,4,268.62,3,268.61,2,268.51,4,268.5,2,,,269.09,1,269.1,2,269.13,1,269.29,1,269.32,2,269.38,2,269.39,1,269.49,3,269.63,3,269.79,1
2020-10-29 09:36:22,268.88,268.95,2,268.67,5,269.09,1,269.09,268.67,268.67,5,268.66,2,268.65,3,268.64,4,268.63,4,268.62,3,268.61,2,268.51,4,268.5,2,,,269.09,1,269.1,2,269.13,1,269.29,1,269.32,2,269.38,2,269.39,1,269.49,3,269.63,3,269.79,1
2020-10-29 09:36:23,268.88,268.95,2,268.67,6,269.09,1,269.09,268.67,268.67,6,268.66,2,268.65,3,268.64,4,268.63,4,268.62,3,268.61,2,268.51,4,268.5,2,,,269.09,1,269.1,2,269.13,1,269.29,1,269.32,2,269.38,2,269.39,1,269.49,3,269.63,3,269.79,1
2020-10-29 09:36:24,268.88,268.95,2,268.67,6,269.09,1,269.09,268.67,268.67,6,268.66,2,268.65,3,268.64,4,268.63,4,268.62,3,268.61,2,268.51,4,268.5,2,,,269.09,1,269.1,2,269.13,1,269.29,1,269.32,2,269.38,2,269.39,1,269.49,3,269.63,3,269.79,1
2020-10-29 09:36:25,268.885,268.95,2,268.68,3,269.09,1,269.09,268.68,268.68,3,268.67,6,268.66,2,268.65,3,268.64,4,268.63,4,268.62,3,268.61,2,268.51,4,268.5,2,269.09,1,269.1,2,269.13,1,269.29,1,269.32,2,269.38,2,269.39,1,269.49,3,269.63,3,269.79,1
2020-10-29 09:36:26,268.89,268.95,2,268.69,2,269.09,1,269.09,268.69,268.69,2,268.68,3,268.67,6,268.66,2,268.65,3,268.64,4,268.63,4,268.62,3,268.61,2,268.51,4,269.09,1,269.1,2,269.13,1,269.29,1,269.32,2,269.38,2,269.39,1,269.49,3,269.63,3,269.79,1
2020-10-29 09:36:27,268.89,268.95,2,268.69,2,269.09,3,269.09,268.69,268.69,2,268.68,3,268.67,6,268.66,2,268.65,3,268.64,4,268.63,4,268.62,3,268.61,2,268.51,4,269.09,3,269.1,2,269.13,1,269.29,1,269.32,2,269.38,2,269.39,1,269.49,3,269.63,3,269.79,1
2020-10-29 09:36:28,268.88,268.69,1,268.67,6,269.09,3,269.09,268.67,268.67,6,268.66,2,268.65,3,268.64,4,268.63,4,268.62,3,268.61,2,268.51,4,268.5,2,,,269.09,3,269.1,2,269.13,1,269.29,1,269.32,2,269.38,2,269.39,1,269.49,3,269.63,3,269.79,1
2020-10-29 09:36:29,268.655,268.49,8,268.39,1,268.92,4,268.92,268.39,268.39,1,268.37,2,268.34,2,268.32,4,,,,,,,,,,,,,268.92,4,268.93,2,269.09,3,269.1,2,269.13,1,269.29,1,269.32,2,269.38,2,269.39,1,269.49,3
2020-10-29 09:36:30,268.655,268.49,8,268.39,2,268.92,4,268.92,268.39,268.39,2,268.37,2,268.34,2,268.32,4,,,,,,,,,,,,,268.92,4,268.93,2,269.09,3,269.1,2,269.13,1,269.29,1,269.32,2,269.38,2,269.39,1,269.49,3
2020-10-29 09:36:31,268.66,268.49,8,268.4,2,268.92,6,268.92,268.4,268.4,2,268.39,2,268.37,2,268.34,2,268.32,4,,,,,,,,,,,268.92,6,268.93,2,269.09,3,269.1,2,269.13,1,269.29,1,269.32,2,269.38,2,269.39,1,269.49,3
2020-10-29 09:36:32,268.82,268.6,1,268.54,2,269.1,4,269.1,268.54,268.54,2,268.41,1,268.4,2,268.39,2,268.37,2,268.34,2,268.32,4,,,,,,,269.1,4,269.13,1,269.29,1,269.32,2,269.38,2,269.39,1,269.49,3,269.63,3,269.79,1,269.8,4
2020-10-29 09:36:33,268.82,268.6,1,268.54,2,269.1,4,269.1,268.54,268.54,2,268.41,1,268.4,2,268.39,2,268.37,2,268.34,2,268.32,4,,,,,,,269.1,4,269.13,1,269.29,1,269.32,2,269.38,2,269.39,1,269.49,3,269.63,3,269.79,1,269.8,4
2020-10-29 09:36:34,268.82,268.6,1,268.54,2,269.1,4,269.1,268.54,268.54,2,268.41,1,268.4,2,268.39,2,268.37,2,268.34,2,268.32,4,,,,,,,269.1,4,269.13,1,269.29,1,269.32,2,269.38,2,269.39,1,269.49,3,269.63,3,269.79,1,269.8,4
2020-10-29 09:36:35,268.82,268.6,1,268.54,2,269.1,4,269.1,268.54,268.54,2,268.41,1,268.4,2,268.39,2,268.37,2,268.34,2,268.32,4,,,,,,,269.1,4,269.13,1,269.29,1,269.32,2,269.38,2,269.39,1,269.49,3,269.63,3,269.79,1,269.8,4
2020-10-29 09:36:36,268.81,268.6,1,268.54,3,269.08,3,269.08,268.54,268.54,3,268.41,1,268.4,2,268.39,2,268.37,2,268.34,2,268.32,4,,,,,,,269.08,3,269.09,3,269.1,4,269.13,1,269.29,1,269.32,2,269.38,2,269.39,1,269.49,3,269.63,3
2020-10-29 09:36:37,268.81,268.6,1,268.54,3,269.08,3,269.08,268.54,268.54,3,268.41,1,268.4,2,268.39,2,268.37,2,268.34,2,268.32,4,,,,,,,269.08,3,269.09,3,269.1,4,269.13,1,269.29,1,269.32,2,269.38,2,269.39,1,269.49,3,269.63,3
2020-10-29 09:36:38,268.81,268.6,1,268.54,3,269.08,3,269.08,268.54,268.54,3,268.41,1,268.4,2,268.39,2,268.37,2,268.34,2,268.32,4,,,,,,,269.08,3,269.09,3,269.1,4,269.13,1,269.29,1,269.32,2,269.38,2,269.39,1,269.49,3,269.63,3
2020-10-29 09:36:39,268.81,268.6,1,268.54,3,269.08,3,269.08,268.54,268.54,3,268.41,1,268.4,2,268.39,2,268.37,2,268.34,2,268.32,4,,,,,,,269.08,3,269.09,3,269.1,4,269.13,1,269.29,1,269.32,2,269.38,2,269.39,1,269.49,3,269.63,3
2020-10-29 09:36:40,268.81,268.6,1,268.54,3,269.08,3,269.08,268.54,268.54,3,268.41,1,268.4,2,268.39,2,268.37,2,268.34,2,268.32,4,,,,,,,269.08,3,269.09,3,269.1,4,269.13,1,269.29,1,269.32,2,269.38,2,269.39,1,269.49,3,269.63,3
2020-10-29 09:36:41,268.81,268.6,1,268.54,3,269.08,3,269.08,268.54,268.54,3,268.41,1,268.4,2,268.39,2,268.37,2,268.34,2,268.32,4,,,,,,,269.08,3,269.09,3,269.1,4,269.13,1,269.29,1,269.32,2,269.38,2,269.39,1,269.49,3,269.63,3
2020-10-29 09:36:42,268.815,268.97,2,268.55,4,269.08,3,269.08,268.55,268.55,4,268.54,3,268.41,1,268.4,2,268.39,2,268.37,2,268.34,2,268.32,4,,,,,269.08,3,269.09,3,269.1,4,269.13,1,269.29,1,269.32,2,269.38,2,269.39,1,269.49,3,269.63,3
2020-10-29 09:36:43,268.815,268.97,2,268.55,4,269.08,3,269.08,268.55,268.55,4,268.54,3,268.41,1,268.4,2,268.39,2,268.37,2,268.34,2,268.32,4,,,,,269.08,3,269.09,3,269.1,4,269.13,1,269.29,1,269.32,2,269.38,2,269.39,1,269.49,3,269.63,3
2020-10-29 09:36:44,268.815,268.97,2,268.55,3,269.08,3,269.08,268.55,268.55,3,268.54,3,268.41,1,268.4,2,268.39,2,268.37,2,268.34,2,268.32,4,,,,,269.08,3,269.09,3,269.1,4,269.13,1,269.29,1,269.32,2,269.38,2,269.39,1,269.49,3,269.63,3
2020-10-29 09:36:45,268.775,268.97,2,268.55,4,269.0,1,269.0,268.55,268.55,4,268.54,3,268.41,1,268.4,2,268.39,2,268.37,2,268.34,2,268.32,4,,,,,269.0,1,269.08,3,269.09,3,269.1,4,269.13,1,269.29,1,269.32,2,269.38,2,269.39,1,269.49,3
2020-10-29 09:36:46,268.775,268.97,2,268.55,3,269.0,1,269.0,268.55,268.55,3,268.54,3,268.41,1,268.4,2,268.39,2,268.37,2,268.34,2,268.32,4,,,,,269.0,1,269.08,3,269.09,3,269.1,4,269.13,1,269.29,1,269.32,2,269.38,2,269.39,1,269.49,3
2020-10-29 09:36:47,268.775,268.97,2,268.55,3,269.0,1,269.0,268.55,268.55,3,268.54,3,268.41,1,268.4,2,268.39,2,268.37,2,268.34,2,268.32,4,,,,,269.0,1,269.08,3,269.09,3,269.1,4,269.13,1,269.29,1,269.32,2,269.38,2,269.39,1,269.49,3
2020-10-29 09:36:48,268.775,269.35,1,268.55,3,269.0,2,269.0,268.55,268.55,3,268.54,3,268.41,1,268.4,2,268.39,2,268.37,2,268.34,2,268.32,4,,,,,269.0,2,269.08,3,269.09,3,269.1,4,269.13,1,269.29,1,269.32,2,269.38,2,269.39,1,269.49,3
2020-10-29 09:36:49,268.77,269.35,1,268.54,4,269.0,2,269.0,268.54,268.54,4,268.41,1,268.4,2,268.39,2,268.37,2,268.34,2,268.32,4,,,,,,,269.0,2,269.08,3,269.09,3,269.1,4,269.13,1,269.29,1,269.32,2,269.38,2,269.39,1,269.49,3
2020-10-29 09:36:50,268.77,269.35,1,268.54,4,269.0,2,269.0,268.54,268.54,4,268.41,1,268.4,2,268.39,2,268.37,2,268.34,2,268.32,4,,,,,,,269.0,2,269.08,3,269.09,3,269.1,4,269.13,1,269.29,1,269.32,2,269.38,2,269.39,1,269.49,3
2020-10-29 09:36:51,268.77,269.35,1,268.54,4,269.0,2,269.0,268.54,268.54,4,268.41,1,268.4,2,268.39,2,268.37,2,268.34,2,268.32,4,,,,,,,269.0,2,269.08,3,269.09,3,269.1,4,269.13,1,269.29,1,269.32,2,269.38,2,269.39,1,269.49,3
2020-10-29 09:36:52,268.77,269.35,1,268.54,4,269.0,2,269.0,268.54,268.54,4,268.41,1,268.4,2,268.39,2,268.37,2,268.34,2,268.32,4,,,,,,,269.0,2,269.08,3,269.09,3,269.1,4,269.13,1,269.29,1,269.32,2,269.38,2,269.39,1,269.49,3
2020-10-29 09:36:53,268.77,269.35,1,268.54,4,269.0,2,269.0,268.54,268.54,4,268.41,1,268.4,2,268.39,2,268.37,2,268.34,2,268.32,4,,,,,,,269.0,2,269.08,3,269.09,3,269.1,4,269.13,1,269.29,1,269.32,2,269.38,2,269.39,1,269.49,3
2020-10-29 09:36:54,268.77,269.35,1,268.54,3,269.0,2,269.0,268.54,268.54,3,268.41,1,268.4,2,268.39,2,268.37,2,268.34,2,268.32,4,,,,,,,269.0,2,269.08,3,269.09,3,269.1,4,269.13,1,269.29,1,269.32,2,269.38,2,269.39,1,269.49,3
2020-10-29 09:36:55,268.715,269.35,1,268.43,1,269.0,4,269.0,268.43,268.43,1,268.41,2,268.4,2,268.39,2,268.37,2,268.34,2,268.32,4,,,,,,,269.0,4,269.08,3,269.09,3,269.1,4,269.13,1,269.29,1,269.32,2,269.38,2,269.39,1,269.49,3
2020-10-29 09:36:56,268.72,269.35,1,268.44,1,269.0,4,269.0,268.44,268.44,1,268.43,1,268.41,2,268.4,2,268.39,2,268.37,2,268.34,2,268.32,4,,,,,269.0,4,269.08,3,269.09,3,269.1,4,269.13,1,269.29,1,269.32,2,269.38,2,269.39,1,269.49,3
2020-10-29 09:36:57,268.69,269.35,1,268.48,1,268.9,1,268.9,268.48,268.48,1,268.45,3,268.44,3,268.43,1,268.41,2,268.4,2,268.39,2,268.37,2,268.34,2,268.32,4,268.9,1,269.0,4,269.08,3,269.09,3,269.1,4,269.13,1,269.29,1,269.32,2,269.38,2,269.39,1
2020-10-29 09:36:58,268.72,269.35,1,268.54,5,268.9,3,268.9,268.54,268.54,5,268.48,1,268.45,3,268.44,3,268.43,1,268.41,2,268.4,2,268.39,2,268.37,2,268.34,2,268.9,3,269.0,4,269.08,3,269.09,3,269.1,4,269.13,1,269.29,1,269.32,2,269.38,2,269.39,1
2020-10-29 09:36:59,268.72,269.35,1,268.54,5,268.9,3,268.9,268.54,268.54,5,268.48,1,268.45,3,268.44,3,268.43,1,268.41,2,268.4,2,268.39,2,268.37,2,268.34,2,268.9,3,269.0,4,269.08,3,269.09,3,269.1,4,269.13,1,269.29,1,269.32,2,269.38,2,269.39,1
2020-10-29 09:37:00,268.73,269.35,1,268.56,1,268.9,3,268.9,268.56,268.56,1,268.54,5,268.48,1,268.45,3,268.44,3,268.43,1,268.41,2,268.4,2,268.39,2,268.37,2,268.9,3,269.0,4,269.08,3,269.09,3,269.1,4,269.13,1,269.29,1,269.32,2,269.38,2,269.39,1
2020-10-29 09:37:01,269.11,268.73,1,269.0,2,269.22,3,269.22,269.0,269.0,2,268.99,1,268.9,1,268.89,2,268.56,1,268.54,5,268.48,1,268.45,3,268.44,3,268.43,1,269.22,3,269.29,1,269.32,2,269.38,2,269.39,1,269.49,3,269.63,3,269.79,1,269.8,4,269.84,2
2020-10-29 09:37:02,269.235,269.22,1,269.11,2,269.36,1,269.36,269.11,269.11,2,269.01,1,269.0,2,268.99,1,268.9,1,268.89,2,268.56,1,268.54,5,268.48,1,268.45,3,269.36,1,269.38,2,269.39,1,269.49,3,269.63,3,269.79,1,269.8,4,269.84,2,269.85,2,269.86,3
2020-10-29 09:37:03,269.24,269.22,1,269.12,1,269.36,1,269.36,269.12,269.12,1,269.11,4,269.01,1,269.0,2,268.99,1,268.9,1,268.89,2,268.56,1,268.54,5,268.48,1,269.36,1,269.38,2,269.39,1,269.49,3,269.63,3,269.79,1,269.8,4,269.84,2,269.85,2,269.86,3
2020-10-29 09:37:04,269.055,269.12,1,268.9,2,269.21,1,269.21,268.9,268.9,2,268.89,2,268.56,1,268.54,5,268.48,1,268.45,3,268.44,3,268.43,1,268.41,2,268.4,2,269.21,1,269.31,2,269.36,2,269.38,2,269.39,1,269.49,3,269.63,3,269.79,1,269.8,4,269.84,2
2020-10-29 09:37:05,269.055,269.12,1,268.9,2,269.21,1,269.21,268.9,268.9,2,268.89,2,268.56,1,268.54,5,268.48,1,268.45,3,268.44,3,268.43,1,268.41,2,268.4,2,269.21,1,269.31,2,269.36,2,269.38,2,269.39,1,269.49,3,269.63,3,269.79,1,269.8,4,269.84,2
2020-10-29 09:37:06,269.04,269.12,1,268.9,2,269.18,1,269.18,268.9,268.9,2,268.89,2,268.56,1,268.54,5,268.48,1,268.45,3,268.44,3,268.43,1,268.41,2,268.4,2,269.18,1,269.21,3,269.31,2,269.36,2,269.38,2,269.39,1,269.49,3,269.63,3,269.79,1,269.8,4
2020-10-29 09:37:07,269.04,269.06,1,268.9,2,269.18,3,269.18,268.9,268.9,2,268.89,2,268.56,1,268.54,5,268.48,1,268.45,3,268.44,3,268.43,1,268.41,2,268.4,2,269.18,3,269.21,3,269.31,2,269.36,2,269.38,2,269.39,1,269.49,3,269.63,3,269.79,1,269.8,4
2020-10-29 09:37:08,269.04,269.06,1,268.9,2,269.18,3,269.18,268.9,268.9,2,268.89,2,268.56,1,268.54,5,268.48,1,268.45,3,268.44,3,268.43,1,268.41,2,268.4,2,269.18,3,269.21,3,269.31,2,269.36,2,269.38,2,269.39,1,269.49,3,269.63,3,269.79,1,269.8,4
2020-10-29 09:37:09,268.975,268.82,1,268.77,2,269.18,3,269.18,268.77,268.77,2,268.56,1,268.54,5,268.48,1,268.45,3,268.44,3,268.43,1,268.41,2,268.4,2,268.39,2,269.18,3,269.21,3,269.31,2,269.36,2,269.38,2,269.39,1,269.49,3,269.63,3,269.79,1,269.8,4
2020-10-29 09:37:10,268.975,268.82,1,268.77,3,269.18,3,269.18,268.77,268.77,3,268.56,1,268.54,5,268.48,1,268.45,3,268.44,3,268.43,1,268.41,2,268.4,2,268.39,2,269.18,3,269.21,3,269.31,2,269.36,2,269.38,2,269.39,1,269.49,3,269.63,3,269.79,1,269.8,4
2020-10-29 09:37:11,269.005,268.82,1,268.83,2,269.18,3,269.18,268.83,268.83,2,268.78,2,268.77,3,268.56,1,268.54,5,268.48,1,268.45,3,268.44,3,268.43,1,268.41,2,269.18,3,269.21,3,269.31,2,269.36,2,269.38,2,269.39,1,269.49,3,269.63,3,269.79,1,269.8,4
2020-10-29 09:37:12,269.01,268.82,1,268.84,1,269.18,3,269.18,268.84,268.84,1,268.83,2,268.78,2,268.77,3,268.56,1,268.54,5,268.48,1,268.45,3,268.44,3,268.43,1,269.18,3,269.21,3,269.31,2,269.36,2,269.38,2,269.39,1,269.49,3,269.63,3,269.79,1,269.8,4
2020-10-29 09:37:13,269.01,268.82,1,268.84,1,269.18,3,269.18,268.84,268.84,1,268.83,2,268.78,2,268.77,3,268.56,1,268.54,5,268.48,1,268.45,3,268.44,3,268.43,1,269.18,3,269.21,3,269.31,2,269.36,2,269.38,2,269.39,1,269.49,3,269.63,3,269.79,1,269.8,4
2020-10-29 09:37:14,268.98,268.82,1,268.78,2,269.18,3,269.18,268.78,268.78,2,268.77,3,268.56,1,268.54,5,268.48,1,268.45,3,268.44,3,268.43,1,268.41,2,268.4,2,269.18,3,269.21,3,269.31,2,269.36,2,269.38,2,269.39,1,269.49,3,269.63,3,269.79,1,269.8,4
2020-10-29 09:37:15,268.98,268.82,1,268.78,2,269.18,5,269.18,268.78,268.78,2,268.77,3,268.56,1,268.54,5,268.48,1,268.45,3,268.44,3,268.43,1,268.41,2,268.4,2,269.18,5,269.21,3,269.31,2,269.36,2,269.38,2,269.39,1,269.49,3,269.63,3,269.79,1,269.8,4
2020-10-29 09:37:16,268.98,268.82,1,268.78,3,269.18,5,269.18,268.78,268.78,3,268.77,3,268.56,1,268.54,5,268.48,1,268.45,3,268.44,3,268.43,1,268.41,2,268.4,2,269.18,5,269.21,3,269.31,2,269.36,2,269.38,2,269.39,1,269.49,3,269.63,3,269.79,1,269.8,4
2020-10-29 09:37:17,268.98,268.82,1,268.78,3,269.18,5,269.18,268.78,268.78,3,268.77,3,268.56,1,268.54,5,268.48,1,268.45,3,268.44,3,268.43,1,268.41,2,268.4,2,269.18,5,269.21,3,269.31,2,269.36,2,269.38,2,269.39,1,269.49,3,269.63,3,269.79,1,269.8,4
2020-10-29 09:37:18,268.81,268.78,1,268.62,3,269.0,4,269.0,268.7,268.62,3,268.56,1,268.54,5,268.48,1,268.45,3,268.44,3,268.43,1,268.41,2,268.4,2,268.39,2,269.0,4,269.18,5,269.21,3,269.31,2,269.36,2,269.38,2,269.39,1,269.49,3,269.63,3,269.79,1
2020-10-29 09:37:19,268.85,268.78,1,268.7,1,269.0,4,269.0,268.7,268.7,1,268.62,3,268.56,1,268.54,5,268.48,1,268.45,3,268.44,3,268.43,1,268.41,2,268.4,2,269.0,4,269.18,5,269.21,3,269.31,2,269.36,2,269.38,2,269.39,1,269.49,3,269.63,3,269.79,1
2020-10-29 09:37:20,268.85,268.99,1,268.7,2,269.0,4,269.0,268.7,268.7,2,268.62,3,268.56,1,268.54,5,268.48,1,268.45,3,268.44,3,268.43,1,268.41,2,268.4,2,269.0,4,269.18,5,269.21,3,269.31,2,269.36,2,269.38,2,269.39,1,269.49,3,269.63,3,269.79,1
2020-10-29 09:37:21,268.85,268.74,1,268.7,2,269.0,4,269.0,268.7,268.7,2,268.62,3,268.56,1,268.54,5,268.48,1,268.45,3,268.44,3,268.43,1,268.41,2,268.4,2,269.0,4,269.18,5,269.21,3,269.31,2,269.36,2,269.38,2,269.39,1,269.49,3,269.63,3,269.79,1
2020-10-29 09:37:22,268.785,268.7,1,268.7,2,268.87,1,268.87,268.7,268.7,2,268.62,3,268.56,1,268.54,5,268.48,1,268.45,3,268.44,3,268.43,1,268.41,2,268.4,2,268.87,1,268.91,1,268.99,2,269.0,4,269.18,5,269.21,3,269.31,2,269.36,2,269.38,2,269.39,1
2020-10-29 09:37:23,268.655,268.6,1,268.54,5,268.77,1,268.77,268.54,268.54,5,268.48,1,268.45,3,268.44,3,268.43,1,268.41,2,268.4,2,268.39,2,268.37,2,268.34,2,268.77,1,268.84,3,268.87,1,268.91,1,268.99,2,269.0,4,269.18,5,269.21,3,269.31,2,269.36,2
2020-10-29 09:37:24,268.655,268.6,1,268.54,5,268.77,3,268.77,268.54,268.54,5,268.48,1,268.45,3,268.44,3,268.43,1,268.41,2,268.4,2,268.39,2,268.37,2,268.34,2,268.77,3,268.84,3,268.87,1,268.91,1,268.99,2,269.0,4,269.18,5,269.21,3,269.31,2,269.36,2
2020-10-29 09:37:25,268.655,268.6,1,268.54,5,268.77,3,268.77,268.54,268.54,5,268.48,1,268.45,3,268.44,3,268.43,1,268.41,2,268.4,2,268.39,2,268.37,2,268.34,2,268.77,3,268.84,3,268.87,1,268.91,1,268.99,2,269.0,4,269.18,5,269.21,3,269.31,2,269.36,2
2020-10-29 09:37:26,268.56,268.59,1,268.38,1,268.74,4,268.74,268.38,268.38,1,268.37,2,268.34,2,268.32,4,,,,,,,,,,,,,268.74,4,268.77,2,268.84,3,268.87,1,268.91,1,268.99,2,269.0,4,269.18,5,269.21,3,269.31,2
2020-10-29 09:37:27,268.55,268.59,1,268.36,1,268.74,5,268.74,268.36,268.36,1,268.34,2,268.32,4,,,,,,,,,,,,,,,268.74,5,268.77,2,268.84,3,268.87,1,268.91,1,268.99,2,269.0,4,269.18,5,269.21,3,269.31,2
2020-10-29 09:37:28,268.55,268.49,3,268.36,1,268.74,5,268.74,268.36,268.36,1,268.34,2,268.32,4,,,,,,,,,,,,,,,268.74,5,268.77,2,268.84,3,268.87,1,268.91,1,268.99,2,269.0,4,269.18,5,269.21,3,269.31,2
2020-10-29 09:37:29,268.555,268.49,3,268.37,1,268.74,7,268.74,268.37,268.37,1,268.36,1,268.34,2,268.32,4,,,,,,,,,,,,,268.74,7,268.77,2,268.84,3,268.87,1,268.91,1,268.99,2,269.0,4,269.18,5,269.21,3,269.31,2
2020-10-29 09:37:30,268.555,268.49,3,268.37,2,268.74,7,268.74,268.37,268.37,2,268.36,1,268.34,2,268.32,4,,,,,,,,,,,,,268.74,7,268.77,2,268.84,3,268.87,1,268.91,1,268.99,2,269.0,4,269.18,5,269.21,3,269.31,2
2020-10-29 09:37:31,268.555,268.54,1,268.37,2,268.74,7,268.74,268.37,268.37,2,268.36,1,268.34,2,268.32,4,,,,,,,,,,,,,268.74,7,268.77,2,268.84,3,268.87,1,268.91,1,268.99,2,269.0,4,269.18,5,269.21,3,269.31,2
2020-10-29 09:37:32,268.555,268.54,1,268.37,2,268.74,7,268.74,268.37,268.37,2,268.36,1,268.34,2,268.32,4,,,,,,,,,,,,,268.74,7,268.77,2,268.84,3,268.87,1,268.91,1,268.99,2,269.0,4,269.18,5,269.21,3,269.31,2
2020-10-29 09:37:33,268.565,268.54,1,268.39,2,268.74,7,268.74,268.39,268.39,2,268.37,2,268.36,1,268.34,2,268.32,4,,,,,,,,,,,268.74,7,268.77,2,268.84,3,268.87,1,268.91,1,268.99,2,269.0,4,269.18,5,269.21,3,269.31,2
2020-10-29 09:37:34,268.565,268.54,1,268.39,2,268.74,7,268.74,268.39,268.39,2,268.37,2,268.36,1,268.34,2,268.32,4,,,,,,,,,,,268.74,7,268.77,2,268.84,3,268.87,1,268.91,1,268.99,2,269.0,4,269.18,5,269.21,3,269.31,2
2020-10-29 09:37:35,268.625,268.54,1,268.51,1,268.74,7,268.74,268.51,268.51,1,268.39,2,268.37,2,268.36,1,268.34,2,268.32,4,,,,,,,,,268.74,7,268.77,2,268.84,3,268.87,1,268.91,1,268.99,2,269.0,4,269.18,5,269.21,3,269.31,2
2020-10-29 09:37:36,268.625,268.54,1,268.51,1,268.74,7,268.74,268.51,268.51,1,268.39,2,268.37,2,268.36,1,268.34,2,268.32,4,,,,,,,,,268.74,7,268.77,2,268.84,3,268.87,1,268.91,1,268.99,2,269.0,4,269.18,5,269.21,3,269.31,2
2020-10-29 09:37:37,268.625,268.54,1,268.51,2,268.74,7,268.74,268.51,268.51,2,268.39,2,268.37,2,268.36,1,268.34,2,268.32,4,,,,,,,,,268.74,7,268.77,2,268.84,3,268.87,1,268.91,1,268.99,2,269.0,4,269.18,5,269.21,3,269.31,2
2020-10-29 09:37:38,268.865,268.84,1,268.74,1,268.99,5,268.99,268.74,268.74,1,268.73,1,268.51,2,268.39,2,268.37,2,268.36,1,268.34,2,268.32,4,,,,,268.99,5,269.0,4,269.18,5,269.21,3,269.31,2,269.36,2,269.38,2,269.39,1,269.49,3,269.63,3
2020-10-29 09:37:39,268.98,268.84,1,268.77,2,269.19,1,269.19,268.77,268.77,2,268.74,3,268.73,1,268.51,2,268.39,2,268.37,2,268.36,1,268.34,2,268.32,4,,,269.19,1,269.3,2,269.31,2,269.36,2,269.38,2,269.39,1,269.49,3,269.63,3,269.79,1,269.8,4
2020-10-29 09:37:40,268.985,268.84,1,268.78,1,269.19,1,269.19,268.78,268.78,1,268.77,2,268.74,3,268.73,1,268.51,2,268.39,2,268.37,2,268.36,1,268.34,2,268.32,4,269.19,1,269.3,2,269.31,2,269.36,2,269.38,2,269.39,1,269.49,3,269.63,3,269.79,1,269.8,4
2020-10-29 09:37:41,268.985,268.84,1,268.78,2,269.19,1,269.19,268.78,268.78,2,268.77,2,268.74,3,268.73,1,268.51,2,268.39,2,268.37,2,268.36,1,268.34,2,268.32,4,269.19,1,269.3,2,269.31,2,269.36,2,269.38,2,269.39,1,269.49,3,269.63,3,269.79,1,269.8,4
2020-10-29 09:37:42,268.985,268.84,1,268.78,2,269.19,1,269.19,268.78,268.78,2,268.77,2,268.74,3,268.73,1,268.51,2,268.39,2,268.37,2,268.36,1,268.34,2,268.32,4,269.19,1,269.3,2,269.31,2,269.36,2,269.38,2,269.39,1,269.49,3,269.63,3,269.79,1,269.8,4
2020-10-29 09:37:43,268.985,268.84,1,268.78,2,269.19,1,269.19,268.78,268.78,2,268.77,2,268.74,3,268.73,1,268.51,2,268.39,2,268.37,2,268.36,1,268.34,2,268.32,4,269.19,1,269.3,2,269.31,2,269.36,2,269.38,2,269.39,1,269.49,3,269.63,3,269.79,1,269.8,4
2020-10-29 09:37:44,268.985,268.84,1,268.78,3,269.19,3,269.19,268.78,268.78,3,268.77,2,268.74,3,268.73,1,268.51,2,268.39,2,268.37,2,268.36,1,268.34,2,268.32,4,269.19,3,269.3,2,269.31,2,269.36,2,269.38,2,269.39,1,269.49,3,269.63,3,269.79,1,269.8,4
2020-10-29 09:37:45,268.985,268.84,1,268.78,3,269.19,3,269.19,268.78,268.78,3,268.77,2,268.74,3,268.73,1,268.51,2,268.39,2,268.37,2,268.36,1,268.34,2,268.32,4,269.19,3,269.3,2,269.31,2,269.36,2,269.38,2,269.39,1,269.49,3,269.63,3,269.79,1,269.8,4
2020-10-29 09:37:46,268.985,268.84,1,268.78,3,269.19,3,269.19,268.78,268.78,3,268.77,2,268.74,3,268.73,1,268.51,2,268.39,2,268.37,2,268.36,1,268.34,2,268.32,4,269.19,3,269.3,2,269.31,2,269.36,2,269.38,2,269.39,1,269.49,3,269.63,3,269.79,1,269.8,4
2020-10-29 09:37:47,268.985,268.84,1,268.78,3,269.19,3,269.19,268.78,268.78,3,268.77,2,268.74,3,268.73,1,268.51,2,268.39,2,268.37,2,268.36,1,268.34,2,268.32,4,269.19,3,269.3,2,269.31,2,269.36,2,269.38,2,269.39,1,269.49,3,269.63,3,269.79,1,269.8,4
2020-10-29 09:37:48,268.945,268.84,1,268.79,1,269.1,1,269.1,268.79,268.79,1,268.78,3,268.77,2,268.74,3,268.73,1,268.51,2,268.39,2,268.37,2,268.36,1,268.34,2,269.1,1,269.19,3,269.3,2,269.31,2,269.36,2,269.38,2,269.39,1,269.49,3,269.63,3,269.79,1
2020-10-29 09:37:49,268.945,268.84,1,268.79,1,269.1,1,269.1,268.79,268.79,1,268.78,3,268.77,2,268.74,3,268.73,1,268.51,2,268.39,2,268.37,2,268.36,1,268.34,2,269.1,1,269.19,3,269.3,2,269.31,2,269.36,2,269.38,2,269.39,1,269.49,3,269.63,3,269.79,1
