sim_time,mid_price,last_price,last_size,best_bid_price,best_bid_size,best_ask_price,best_ask_size,close_price_buy,close_price_sell,bid1_price,bid1_size,bid2_price,bid2_size,bid3_price,bid3_size,bid4_price,bid4_size,bid5_price,bid5_size,bid6_price,bid6_size,bid7_price,bid7_size,bid8_price,bid8_size,bid9_price,bid9_size,bid10_price,bid10_size,ask1_price,ask1_size,ask2_price,ask2_size,ask3_price,ask3_size,ask4_price,ask4_size,ask5_price,ask5_size,ask6_price,ask6_size,ask7_price,ask7_size,ask8_price,ask8_size,ask9_price,ask9_size,ask10_price,ask10_size
2020-10-29 09:30:27,,0.0,0,0.0,0,0.0,0,0.0,0.0,,,,,,,,,,,,,,,,,,,,,,,,,,,,,,,,,,,,,,,,
2020-10-29 09:30:28,,0.0,0,0.0,0,0.0,0,0.0,0.0,,,,,,,,,,,,,,,,,,,,,,,,,,,,,,,,,,,,,,,,
2020-10-29 09:30:29,,0.0,0,0.0,0,0.0,0,0.0,0.0,,,,,,,,,,,,,,,,,,,,,,,,,,,,,,,,,,,,,,,,
2020-10-29 09:30:30,,0.0,0,0.0,0,0.0,0,0.0,0.0,,,,,,,,,,,,,,,,,,,,,,,,,,,,,,,,,,,,,,,,
2020-10-29 09:30:31,,0.0,0,0.0,0,0.0,0,0.0,0.0,,,,,,,,,,,,,,,,,,,,,,,,,,,,,,,,,,,,,,,,
2020-10-29 09:30:32,,0.0,0,0.0,0,0.0,0,0.0,0.0,,,,,,,,,,,,,,,,,,,,,,,,,,,,,,,,,,,,,,,,
2020-10-29 09:30:34,,0.0,0,0.0,0,0.0,0,0.0,0.0,,,,,,,,,,,,,,,,,,,,,,,,,,,,,,,,,,,,,,,,
2020-10-29 09:30:34,,0.0,0,0.0,0,0.0,0,0.0,0.0,,,,,,,,,,,,,,,,,,,,,,,,,,,,,,,,,,,,,,,,
2020-10-29 09:30:35,,0.0,0,0.0,0,0.0,0,0.0,0.0,,,,,,,,,,,,,,,,,,,,,,,,,,,,,,,,,,,,,,,,
2020-10-29 09:30:36,,0.0,0,0.0,0,0.0,0,0.0,0.0,,,,,,,,,,,,,,,,,,,,,,,,,,,,,,,,,,,,,,,,
2020-10-29 09:30:37,,0.0,0,0.0,0,0.0,0,0.0,0.0,,,,,,,,,,,,,,,,,,,,,,,,,,,,,,,,,,,,,,,,
2020-10-29 09:30:38,,0.0,0,0.0,0,0.0,0,0.0,0.0,,,,,,,,,,,,,,,,,,,,,,,,,,,,,,,,,,,,,,,,
2020-10-29 09:30:39,,0.0,0,0.0,0,0.0,0,0.0,0.0,,,,,,,,,,,,,,,,,,,,,,,,,,,,,,,,,,,,,,,,
2020-10-29 09:30:40,,0.0,0,0.0,0,0.0,0,0.0,0.0,,,,,,,,,,,,,,,,,,,,,,,,,,,,,,,,,,,,,,,,
2020-10-29 09:30:41,,0.0,0,0.0,0,0.0,0,0.0,0.0,,,,,,,,,,,,,,,,,,,,,,,,,,,,,,,,,,,,,,,,
2020-10-29 09:30:42,,0.0,0,0.0,0,0.0,0,0.0,0.0,,,,,,,,,,,,,,,,,,,,,,,,,,,,,,,,,,,,,,,,
2020-10-29 09:30:43,,0.0,0,0.0,0,0.0,0,0.0,0.0,,,,,,,,,,,,,,,,,,,,,,,,,,,,,,,,,,,,,,,,
2020-10-29 09:30:44,,0.0,0,0.0,0,0.0,0,0.0,0.0,,,,,,,,,,,,,,,,,,,,,,,,,,,,,,,,,,,,,,,,
2020-10-29 09:30:45,,0.0,0,0.0,0,0.0,0,0.0,0.0,,,,,,,,,,,,,,,,,,,,,,,,,,,,,,,,,,,,,,,,
2020-10-29 09:30:46,,0.0,0,0.0,0,0.0,0,0.0,0.0,,,,,,,,,,,,,,,,,,,,,,,,,,,,,,,,,,,,,,,,
2020-10-29 09:30:47,,0.0,0,0.0,0,0.0,0,0.0,0.0,,,,,,,,,,,,,,,,,,,,,,,,,,,,,,,,,,,,,,,,
2020-10-29 09:30:48,,0.0,0,0.0,0,0.0,0,0.0,0.0,,,,,,,,,,,,,,,,,,,,,,,,,,,,,,,,,,,,,,,,
2020-10-29 09:30:49,,0.0,0,0.0,0,0.0,0,0.0,0.0,,,,,,,,,,,,,,,,,,,,,,,,,,,,,,,,,,,,,,,,
2020-10-29 09:30:50,,0.0,0,0.0,0,0.0,0,0.0,0.0,,,,,,,,,,,,,,,,,,,,,,,,,,,,,,,,,,,,,,,,
2020-10-29 09:30:51,,0.0,0,0.0,0,0.0,0,0.0,0.0,,,,,,,,,,,,,,,,,,,,,,,,,,,,,,,,,,,,,,,,
2020-10-29 09:30:52,,0.0,0,0.0,0,0.0,0,0.0,0.0,,,,,,,,,,,,,,,,,,,,,,,,,,,,,,,,,,,,,,,,
2020-10-29 09:30:54,,0.0,0,0.0,0,0.0,0,0.0,0.0,,,,,,,,,,,,,,,,,,,,,,,,,,,,,,,,,,,,,,,,
2020-10-29 09:30:55,,0.0,0,0.0,0,0.0,0,0.0,0.0,,,,,,,,,,,,,,,,,,,,,,,,,,,,,,,,,,,,,,,,
2020-10-29 09:30:55,,0.0,0,0.0,0,0.0,0,0.0,0.0,,,,,,,,,,,,,,,,,,,,,,,,,,,,,,,,,,,,,,,,
2020-10-29 09:30:57,,0.0,0,0.0,0,0.0,0,0.0,0.0,,,,,,,,,,,,,,,,,,,,,,,,,,,,,,,,,,,,,,,,
2020-10-29 09:30:57,,0.0,0,0.0,0,0.0,0,0.0,0.0,,,,,,,,,,,,,,,,,,,,,,,,,,,,,,,,,,,,,,,,
2020-10-29 09:30:59,,0.0,0,0.0,0,0.0,0,0.0,0.0,,,,,,,,,,,,,,,,,,,,,,,,,,,,,,,,,,,,,,,,
2020-10-29 09:31:00,,0.0,0,0.0,0,0.0,0,0.0,0.0,,,,,,,,,,,,,,,,,,,,,,,,,,,,,,,,,,,,,,,,
2020-10-29 09:31:01,,0.0,0,0.0,0,0.0,0,0.0,0.0,,,,,,,,,,,,,,,,,,,,,,,,,,,,,,,,,,,,,,,,
2020-10-29 09:31:01,,0.0,0,0.0,0,0.0,0,0.0,0.0,,,,,,,,,,,,,,,,,,,,,,,,,,,,,,,,,,,,,,,,
2020-10-29 09:31:02,,0.0,0,0.0,0,0.0,0,0.0,0.0,,,,,,,,,,,,,,,,,,,,,,,,,,,,,,,,,,,,,,,,
2020-10-29 09:31:04,,0.0,0,0.0,0,0.0,0,0.0,0.0,,,,,,,,,,,,,,,,,,,,,,,,,,,,,,,,,,,,,,,,
2020-10-29 09:31:05,,0.0,0,0.0,0,0.0,0,0.0,0.0,,,,,,,,,,,,,,,,,,,,,,,,,,,,,,,,,,,,,,,,
2020-10-29 09:31:06,,0.0,0,0.0,0,0.0,0,0.0,0.0,,,,,,,,,,,,,,,,,,,,,,,,,,,,,,,,,,,,,,,,
2020-10-29 09:31:07,,0.0,0,0.0,0,0.0,0,0.0,0.0,,,,,,,,,,,,,,,,,,,,,,,,,,,,,,,,,,,,,,,,
2020-10-29 09:31:08,,0.0,0,0.0,0,0.0,0,0.0,0.0,,,,,,,,,,,,,,,,,,,,,,,,,,,,,,,,,,,,,,,,
2020-10-29 09:31:09,,0.0,0,0.0,0,0.0,0,0.0,0.0,,,,,,,,,,,,,,,,,,,,,,,,,,,,,,,,,,,,,,,,
2020-10-29 09:31:10,,0.0,0,0.0,0,0.0,0,0.0,0.0,,,,,,,,,,,,,,,,,,,,,,,,,,,,,,,,,,,,,,,,
2020-10-29 09:31:11,,0.0,0,0.0,0,0.0,0,0.0,0.0,,,,,,,,,,,,,,,,,,,,,,,,,,,,,,,,,,,,,,,,
2020-10-29 09:31:12,,0.0,0,0.0,0,0.0,0,0.0,0.0,,,,,,,,,,,,,,,,,,,,,,,,,,,,,,,,,,,,,,,,
2020-10-29 09:31:13,,0.0,0,0.0,0,0.0,0,0.0,0.0,,,,,,,,,,,,,,,,,,,,,,,,,,,,,,,,,,,,,,,,
2020-10-29 09:31:14,,0.0,0,0.0,0,0.0,0,0.0,0.0,,,,,,,,,,,,,,,,,,,,,,,,,,,,,,,,,,,,,,,,
2020-10-29 09:31:15,,0.0,0,0.0,0,0.0,0,0.0,0.0,,,,,,,,,,,,,,,,,,,,,,,,,,,,,,,,,,,,,,,,
2020-10-29 09:31:16,,0.0,0,0.0,0,0.0,0,0.0,0.0,,,,,,,,,,,,,,,,,,,,,,,,,,,,,,,,,,,,,,,,
2020-10-29 09:31:16,,0.0,0,0.0,0,0.0,0,0.0,0.0,,,,,,,,,,,,,,,,,,,,,,,,,,,,,,,,,,,,,,,,
2020-10-29 09:31:18,,0.0,0,0.0,0,0.0,0,0.0,0.0,,,,,,,,,,,,,,,,,,,,,,,,,,,,,,,,,,,,,,,,
2020-10-29 09:31:19,,0.0,0,0.0,0,0.0,0,0.0,0.0,,,,,,,,,,,,,,,,,,,,,,,,,,,,,,,,,,,,,,,,
2020-10-29 09:31:20,,0.0,0,0.0,0,0.0,0,0.0,0.0,,,,,,,,,,,,,,,,,,,,,,,,,,,,,,,,,,,,,,,,
2020-10-29 09:31:21,,0.0,0,0.0,0,0.0,0,0.0,0.0,,,,,,,,,,,,,,,,,,,,,,,,,,,,,,,,,,,,,,,,
2020-10-29 09:31:22,,0.0,0,0.0,0,0.0,0,0.0,0.0,,,,,,,,,,,,,,,,,,,,,,,,,,,,,,,,,,,,,,,,
2020-10-29 09:31:23,,0.0,0,0.0,0,0.0,0,0.0,0.0,,,,,,,,,,,,,,,,,,,,,,,,,,,,,,,,,,,,,,,,
2020-10-29 09:31:24,,0.0,0,0.0,0,0.0,0,0.0,0.0,,,,,,,,,,,,,,,,,,,,,,,,,,,,,,,,,,,,,,,,
2020-10-29 09:31:25,,0.0,0,0.0,0,0.0,0,0.0,0.0,,,,,,,,,,,,,,,,,,,,,,,,,,,,,,,,,,,,,,,,
2020-10-29 09:31:26,,0.0,0,0.0,0,0.0,0,0.0,0.0,,,,,,,,,,,,,,,,,,,,,,,,,,,,,,,,,,,,,,,,
2020-10-29 09:31:27,,0.0,0,0.0,0,0.0,0,0.0,0.0,,,,,,,,,,,,,,,,,,,,,,,,,,,,,,,,,,,,,,,,
2020-10-29 09:31:28,,0.0,0,0.0,0,0.0,0,0.0,0.0,,,,,,,,,,,,,,,,,,,,,,,,,,,,,,,,,,,,,,,,
2020-10-29 09:31:29,,0.0,0,0.0,0,0.0,0,0.0,0.0,,,,,,,,,,,,,,,,,,,,,,,,,,,,,,,,,,,,,,,,
2020-10-29 09:31:30,,0.0,0,0.0,0,0.0,0,0.0,0.0,,,,,,,,,,,,,,,,,,,,,,,,,,,,,,,,,,,,,,,,
2020-10-29 09:31:31,,0.0,0,0.0,0,0.0,0,0.0,0.0,,,,,,,,,,,,,,,,,,,,,,,,,,,,,,,,,,,,,,,,
2020-10-29 09:31:32,,0.0,0,0.0,0,0.0,0,0.0,0.0,,,,,,,,,,,,,,,,,,,,,,,,,,,,,,,,,,,,,,,,
2020-10-29 09:31:33,,0.0,0,0.0,0,0.0,0,0.0,0.0,,,,,,,,,,,,,,,,,,,,,,,,,,,,,,,,,,,,,,,,
2020-10-29 09:31:34,,0.0,0,0.0,0,0.0,0,0.0,0.0,,,,,,,,,,,,,,,,,,,,,,,,,,,,,,,,,,,,,,,,
2020-10-29 09:31:35,,0.0,0,0.0,0,0.0,0,0.0,0.0,,,,,,,,,,,,,,,,,,,,,,,,,,,,,,,,,,,,,,,,
2020-10-29 09:31:36,,0.0,0,0.0,0,0.0,0,0.0,0.0,,,,,,,,,,,,,,,,,,,,,,,,,,,,,,,,,,,,,,,,
2020-10-29 09:31:37,,0.0,0,0.0,0,0.0,0,0.0,0.0,,,,,,,,,,,,,,,,,,,,,,,,,,,,,,,,,,,,,,,,
2020-10-29 09:31:38,,0.0,0,0.0,0,0.0,0,0.0,0.0,,,,,,,,,,,,,,,,,,,,,,,,,,,,,,,,,,,,,,,,
2020-10-29 09:31:39,,0.0,0,0.0,0,0.0,0,0.0,0.0,,,,,,,,,,,,,,,,,,,,,,,,,,,,,,,,,,,,,,,,
2020-10-29 09:31:40,,0.0,0,0.0,0,0.0,0,0.0,0.0,,,,,,,,,,,,,,,,,,,,,,,,,,,,,,,,,,,,,,,,
2020-10-29 09:31:41,,0.0,0,0.0,0,0.0,0,0.0,0.0,,,,,,,,,,,,,,,,,,,,,,,,,,,,,,,,,,,,,,,,
2020-10-29 09:31:42,,0.0,0,0.0,0,0.0,0,0.0,0.0,,,,,,,,,,,,,,,,,,,,,,,,,,,,,,,,,,,,,,,,
2020-10-29 09:31:43,,0.0,0,0.0,0,0.0,0,0.0,0.0,,,,,,,,,,,,,,,,,,,,,,,,,,,,,,,,,,,,,,,,
2020-10-29 09:31:44,,0.0,0,0.0,0,0.0,0,0.0,0.0,,,,,,,,,,,,,,,,,,,,,,,,,,,,,,,,,,,,,,,,
2020-10-29 09:31:45,,0.0,0,0.0,0,0.0,0,0.0,0.0,,,,,,,,,,,,,,,,,,,,,,,,,,,,,,,,,,,,,,,,
2020-10-29 09:31:46,,0.0,0,0.0,0,0.0,0,0.0,0.0,,,,,,,,,,,,,,,,,,,,,,,,,,,,,,,,,,,,,,,,
2020-10-29 09:31:47,,0.0,0,0.0,0,0.0,0,0.0,0.0,,,,,,,,,,,,,,,,,,,,,,,,,,,,,,,,,,,,,,,,
2020-10-29 09:31:48,,0.0,0,0.0,0,0.0,0,0.0,0.0,,,,,,,,,,,,,,,,,,,,,,,,,,,,,,,,,,,,,,,,
2020-10-29 09:31:49,,0.0,0,0.0,0,0.0,0,0.0,0.0,,,,,,,,,,,,,,,,,,,,,,,,,,,,,,,,,,,,,,,,
2020-10-29 09:31:50,,0.0,0,0.0,0,0.0,0,0.0,0.0,,,,,,,,,,,,,,,,,,,,,,,,,,,,,,,,,,,,,,,,
2020-10-29 09:31:51,,0.0,0,0.0,0,0.0,0,0.0,0.0,,,,,,,,,,,,,,,,,,,,,,,,,,,,,,,,,,,,,,,,
2020-10-29 09:31:52,,0.0,0,0.0,0,0.0,0,0.0,0.0,,,,,,,,,,,,,,,,,,,,,,,,,,,,,,,,,,,,,,,,
2020-10-29 09:31:53,,0.0,0,0.0,0,0.0,0,0.0,0.0,,,,,,,,,,,,,,,,,,,,,,,,,,,,,,,,,,,,,,,,
2020-10-29 09:31:54,,0.0,0,0.0,0,0.0,0,0.0,0.0,,,,,,,,,,,,,,,,,,,,,,,,,,,,,,,,,,,,,,,,
2020-10-29 09:31:55,,0.0,0,0.0,0,0.0,0,0.0,0.0,,,,,,,,,,,,,,,,,,,,,,,,,,,,,,,,,,,,,,,,
2020-10-29 09:31:56,,0.0,0,0.0,0,0.0,0,0.0,0.0,,,,,,,,,,,,,,,,,,,,,,,,,,,,,,,,,,,,,,,,
2020-10-29 09:31:57,160.76,160.88,1,160.6,1,160.92,2,160.92,160.6,160.6,1,,,,,,,,,,,,,,,,,,,160.92,2,161.16,2,,,,,,,,,,,,,,,,
2020-10-29 09:31:58,160.76,160.88,1,160.6,1,160.92,1,160.92,160.6,160.6,1,,,,,,,,,,,,,,,,,,,160.92,1,161.16,2,,,,,,,,,,,,,,,,
2020-10-29 09:31:59,160.76,160.88,1,160.6,1,160.92,1,160.92,160.6,160.6,1,,,,,,,,,,,,,,,,,,,160.92,1,161.16,2,,,,,,,,,,,,,,,,
2020-10-29 09:32:00,160.76,160.88,1,160.6,2,160.92,1,160.92,160.6,160.6,2,,,,,,,,,,,,,,,,,,,160.92,1,161.16,2,,,,,,,,,,,,,,,,
2020-10-29 09:32:01,160.76,160.88,1,160.6,2,160.92,1,160.92,160.6,160.6,2,,,,,,,,,,,,,,,,,,,160.92,1,161.16,2,,,,,,,,,,,,,,,,
2020-10-29 09:32:02,160.76,160.88,1,160.6,2,160.92,1,160.92,160.6,160.6,2,,,,,,,,,,,,,,,,,,,160.92,1,161.16,2,,,,,,,,,,,,,,,,
2020-10-29 09:32:03,160.76,160.88,1,160.6,2,160.92,1,160.92,160.6,160.6,2,,,,,,,,,,,,,,,,,,,160.92,1,161.16,2,,,,,,,,,,,,,,,,
2020-10-29 09:32:04,160.76,160.88,1,160.6,2,160.92,1,160.92,160.6,160.6,2,,,,,,,,,,,,,,,,,,,160.92,1,161.16,2,,,,,,,,,,,,,,,,
2020-10-29 09:32:05,160.76,160.88,1,160.6,2,160.92,1,160.92,160.6,160.6,2,,,,,,,,,,,,,,,,,,,160.92,1,161.16,2,,,,,,,,,,,,,,,,
2020-10-29 09:32:06,160.76,160.88,1,160.6,2,160.92,1,160.92,160.6,160.6,2,,,,,,,,,,,,,,,,,,,160.92,1,161.16,2,,,,,,,,,,,,,,,,
2020-10-29 09:32:07,160.76,160.88,1,160.6,2,160.92,1,160.92,160.6,160.6,2,,,,,,,,,,,,,,,,,,,160.92,1,161.16,2,,,,,,,,,,,,,,,,
2020-10-29 09:32:08,160.76,160.88,1,160.6,2,160.92,1,160.92,160.6,160.6,2,,,,,,,,,,,,,,,,,,,160.92,1,161.16,2,,,,,,,,,,,,,,,,
2020-10-29 09:32:09,160.71,160.6,1,160.5,4,160.92,1,160.92,160.5,160.5,4,,,,,,,,,,,,,,,,,,,160.92,1,161.16,2,,,,,,,,,,,,,,,,
2020-10-29 09:32:10,160.705,160.6,1,160.5,4,160.91,1,160.91,160.5,160.5,4,,,,,,,,,,,,,,,,,,,160.91,1,160.92,1,161.16,2,,,,,,,,,,,,,,
2020-10-29 09:32:11,160.705,160.6,1,160.5,4,160.91,1,160.91,160.5,160.5,4,,,,,,,,,,,,,,,,,,,160.91,1,160.92,1,161.16,2,,,,,,,,,,,,,,
2020-10-29 09:32:12,160.705,160.6,1,160.5,4,160.91,1,160.91,160.5,160.5,4,,,,,,,,,,,,,,,,,,,160.91,1,160.92,1,161.16,2,,,,,,,,,,,,,,
2020-10-29 09:32:13,160.705,160.6,1,160.5,4,160.91,1,160.91,160.5,160.5,4,,,,,,,,,,,,,,,,,,,160.91,1,160.92,1,161.16,2,,,,,,,,,,,,,,
2020-10-29 09:32:14,160.705,160.6,1,160.5,4,160.91,1,160.91,160.5,160.5,4,,,,,,,,,,,,,,,,,,,160.91,1,160.92,1,161.16,2,,,,,,,,,,,,,,
2020-10-29 09:32:15,160.705,160.6,1,160.5,4,160.91,1,160.91,160.5,160.5,4,,,,,,,,,,,,,,,,,,,160.91,1,160.92,1,161.16,2,,,,,,,,,,,,,,
2020-10-29 09:32:16,160.705,160.6,1,160.5,4,160.91,1,160.91,160.5,160.5,4,,,,,,,,,,,,,,,,,,,160.91,1,160.92,1,161.16,2,,,,,,,,,,,,,,
2020-10-29 09:32:17,160.705,160.6,1,160.5,4,160.91,1,160.91,160.5,160.5,4,,,,,,,,,,,,,,,,,,,160.91,1,160.92,1,161.16,2,,,,,,,,,,,,,,
2020-10-29 09:32:18,160.655,160.48,1,160.44,3,160.87,1,160.87,160.44,160.44,3,,,,,,,,,,,,,,,,,,,160.87,1,160.91,1,160.92,1,161.16,2,,,,,,,,,,,,
2020-10-29 09:32:19,160.51,160.4,1,160.25,1,160.77,1,160.77,160.25,160.25,1,,,,,,,,,,,,,,,,,,,160.77,1,160.87,1,160.91,1,160.92,1,161.16,2,,,,,,,,,,
2020-10-29 09:32:20,160.425,160.28,1,160.08,2,160.77,1,160.77,160.08,160.08,2,,,,,,,,,,,,,,,,,,,160.77,1,160.87,1,160.91,1,160.92,1,161.16,2,,,,,,,,,,
2020-10-29 09:32:21,160.425,160.28,1,160.08,2,160.77,1,160.77,160.08,160.08,2,,,,,,,,,,,,,,,,,,,160.77,1,160.87,1,160.91,1,160.92,1,161.16,2,,,,,,,,,,
2020-10-29 09:32:22,160.425,160.28,1,160.08,2,160.77,1,160.77,160.08,160.08,2,,,,,,,,,,,,,,,,,,,160.77,1,160.87,1,160.91,1,160.92,1,161.16,2,,,,,,,,,,
2020-10-29 09:32:23,160.425,160.28,1,160.08,1,160.77,1,160.77,160.08,160.08,1,,,,,,,,,,,,,,,,,,,160.77,1,160.87,1,160.91,1,160.92,1,161.16,2,,,,,,,,,,
2020-10-29 09:32:24,160.425,160.28,1,160.08,1,160.77,1,160.77,160.08,160.08,1,,,,,,,,,,,,,,,,,,,160.77,1,160.87,1,160.91,1,160.92,1,161.16,2,,,,,,,,,,
2020-10-29 09:32:25,160.225,160.28,1,160.08,1,160.37,1,160.37,160.08,160.08,1,,,,,,,,,,,,,,,,,,,160.37,1,160.77,1,160.87,1,160.91,1,160.92,1,161.16,2,,,,,,,,
2020-10-29 09:32:26,160.225,160.28,1,160.08,1,160.37,1,160.37,160.08,160.08,1,,,,,,,,,,,,,,,,,,,160.37,1,160.77,1,160.87,1,160.91,1,160.92,1,161.16,2,,,,,,,,
2020-10-29 09:32:27,160.225,160.28,1,160.08,1,160.37,1,160.37,160.08,160.08,1,,,,,,,,,,,,,,,,,,,160.37,1,160.77,1,160.87,1,160.91,1,160.92,1,161.16,2,,,,,,,,
2020-10-29 09:32:28,160.225,160.28,1,160.08,1,160.37,1,160.37,160.08,160.08,1,,,,,,,,,,,,,,,,,,,160.37,1,160.77,1,160.87,1,160.91,1,160.92,1,161.16,2,,,,,,,,
2020-10-29 09:32:29,160.225,160.28,1,160.08,1,160.37,1,160.37,160.08,160.08,1,,,,,,,,,,,,,,,,,,,160.37,1,160.77,1,160.87,1,160.91,1,160.92,1,161.16,2,,,,,,,,
2020-10-29 09:32:30,160.425,160.28,1,160.08,1,160.77,1,160.77,160.08,160.08,1,,,,,,,,,,,,,,,,,,,160.77,1,160.87,1,160.91,1,160.92,1,161.16,2,,,,,,,,,,
2020-10-29 09:32:31,160.425,160.28,1,160.08,1,160.77,1,160.77,160.08,160.08,1,,,,,,,,,,,,,,,,,,,160.77,1,160.87,1,160.91,1,160.92,1,161.16,2,,,,,,,,,,
2020-10-29 09:32:32,160.425,160.28,1,160.08,1,160.77,1,160.77,160.08,160.08,1,,,,,,,,,,,,,,,,,,,160.77,1,160.87,1,160.91,1,160.92,1,161.16,2,,,,,,,,,,
2020-10-29 09:32:33,160.425,160.28,1,160.08,1,160.77,1,160.77,160.08,160.08,1,,,,,,,,,,,,,,,,,,,160.77,1,160.87,1,160.91,1,160.92,1,161.16,2,,,,,,,,,,
2020-10-29 09:32:34,160.425,160.28,1,160.08,1,160.77,1,160.77,160.08,160.08,1,,,,,,,,,,,,,,,,,,,160.77,1,160.87,1,160.91,1,160.92,1,161.16,2,,,,,,,,,,
2020-10-29 09:32:35,160.235,160.28,1,160.08,1,160.39,1,160.39,160.08,160.08,1,,,,,,,,,,,,,,,,,,,160.39,1,160.77,1,160.87,1,160.91,1,160.92,1,161.16,2,,,,,,,,
2020-10-29 09:32:36,160.3,160.28,1,160.21,1,160.39,1,160.39,160.21,160.21,1,160.08,1,,,,,,,,,,,,,,,,,160.39,1,160.77,1,160.87,1,160.91,1,160.92,1,161.16,2,,,,,,,,
2020-10-29 09:32:37,160.3,160.28,1,160.21,1,160.39,1,160.39,160.21,160.21,1,160.08,1,,,,,,,,,,,,,,,,,160.39,1,160.77,1,160.87,1,160.91,1,160.92,1,161.16,2,,,,,,,,
2020-10-29 09:32:38,160.3,160.28,1,160.21,1,160.39,1,160.39,160.21,160.21,1,160.08,1,,,,,,,,,,,,,,,,,160.39,1,160.77,1,160.87,1,160.91,1,160.92,1,161.16,2,,,,,,,,
2020-10-29 09:32:39,160.49,160.39,1,160.21,1,160.77,1,160.77,160.21,160.21,1,160.08,1,,,,,,,,,,,,,,,,,160.77,1,160.87,1,160.91,1,160.92,1,161.16,2,,,,,,,,,,
2020-10-29 09:32:40,160.49,160.39,1,160.21,1,160.77,1,160.77,160.21,160.21,1,160.08,1,,,,,,,,,,,,,,,,,160.77,1,160.87,1,160.91,1,160.92,1,161.16,2,,,,,,,,,,
2020-10-29 09:32:41,160.49,160.39,1,160.21,1,160.77,1,160.77,160.21,160.21,1,160.08,1,,,,,,,,,,,,,,,,,160.77,1,160.87,1,160.91,1,160.92,1,161.16,2,,,,,,,,,,
2020-10-29 09:32:42,160.425,160.39,1,160.08,1,160.77,1,160.77,160.08,160.08,1,,,,,,,,,,,,,,,,,,,160.77,1,160.87,1,160.91,1,160.92,1,161.16,2,,,,,,,,,,
2020-10-29 09:32:43,160.425,160.39,1,160.08,1,160.77,1,160.77,160.08,160.08,1,,,,,,,,,,,,,,,,,,,160.77,1,160.87,1,160.91,1,160.92,1,161.16,2,,,,,,,,,,
2020-10-29 09:32:44,160.425,160.39,1,160.08,1,160.77,1,160.77,160.08,160.08,1,,,,,,,,,,,,,,,,,,,160.77,1,160.87,1,160.91,1,160.92,1,161.16,2,,,,,,,,,,
2020-10-29 09:32:45,160.425,160.39,1,160.08,1,160.77,1,160.77,160.08,160.08,1,,,,,,,,,,,,,,,,,,,160.77,1,160.87,1,160.91,1,160.92,1,161.16,2,,,,,,,,,,
2020-10-29 09:32:46,160.425,160.39,1,160.08,1,160.77,1,160.77,160.08,160.08,1,,,,,,,,,,,,,,,,,,,160.77,1,160.87,1,160.91,1,160.92,1,161.16,2,,,,,,,,,,
2020-10-29 09:32:47,160.425,160.39,1,160.08,1,160.77,1,160.77,160.08,160.08,1,,,,,,,,,,,,,,,,,,,160.77,1,160.87,1,160.91,1,160.92,1,161.16,2,,,,,,,,,,
2020-10-29 09:32:48,160.425,160.39,1,160.08,1,160.77,1,160.77,160.08,160.08,1,,,,,,,,,,,,,,,,,,,160.77,1,160.87,1,160.91,1,160.92,1,161.16,2,,,,,,,,,,
2020-10-29 09:32:49,160.47,160.39,1,160.17,1,160.77,1,160.77,160.17,160.17,1,160.09,8,160.08,1,,,,,,,,,,,,,,,160.77,1,160.87,1,160.91,1,160.92,1,161.16,2,,,,,,,,,,
2020-10-29 09:32:50,160.47,160.39,1,160.17,1,160.77,1,160.77,160.17,160.17,1,160.09,8,160.08,1,,,,,,,,,,,,,,,160.77,1,160.87,1,160.91,1,160.92,1,161.16,2,,,,,,,,,,
2020-10-29 09:32:51,160.47,160.39,1,160.17,1,160.77,1,160.77,160.17,160.17,1,160.09,8,160.08,1,,,,,,,,,,,,,,,160.77,1,160.87,1,160.91,1,160.92,1,161.16,2,,,,,,,,,,
2020-10-29 09:32:52,160.47,160.39,1,160.17,1,160.77,1,160.77,160.17,160.17,1,160.09,8,160.08,1,,,,,,,,,,,,,,,160.77,1,160.87,1,160.91,1,160.92,1,161.16,2,,,,,,,,,,
2020-10-29 09:32:53,160.47,160.39,1,160.17,1,160.77,1,160.77,160.17,160.17,1,160.09,8,160.08,1,,,,,,,,,,,,,,,160.77,1,160.87,1,160.91,1,160.92,1,161.16,2,,,,,,,,,,
2020-10-29 09:32:54,160.47,160.39,1,160.17,1,160.77,1,160.77,160.17,160.17,1,160.09,8,160.08,1,,,,,,,,,,,,,,,160.77,1,160.87,1,160.91,1,160.92,1,161.16,2,,,,,,,,,,
2020-10-29 09:32:55,160.47,160.39,1,160.17,1,160.77,1,160.77,160.17,160.17,1,160.09,8,160.08,1,,,,,,,,,,,,,,,160.77,1,160.87,1,160.91,1,160.92,1,161.16,2,,,,,,,,,,
2020-10-29 09:32:56,160.515,160.39,1,160.26,1,160.77,1,160.77,160.26,160.26,1,160.08,1,,,,,,,,,,,,,,,,,160.77,1,160.87,1,160.91,1,160.92,1,161.16,2,,,,,,,,,,
2020-10-29 09:32:57,160.515,160.39,1,160.26,1,160.77,1,160.77,160.26,160.26,1,160.08,1,,,,,,,,,,,,,,,,,160.77,1,160.87,1,160.91,1,160.92,1,161.16,2,,,,,,,,,,
2020-10-29 09:32:58,160.515,160.39,1,160.26,1,160.77,1,160.77,160.26,160.26,1,160.08,1,,,,,,,,,,,,,,,,,160.77,1,160.87,1,160.91,1,160.92,1,161.16,2,,,,,,,,,,
2020-10-29 09:32:59,160.515,160.39,1,160.26,1,160.77,1,160.77,160.26,160.26,1,160.08,1,,,,,,,,,,,,,,,,,160.77,1,160.87,1,160.91,1,160.92,1,161.16,2,,,,,,,,,,
2020-10-29 09:33:00,160.515,160.39,1,160.26,1,160.77,1,160.77,160.26,160.26,1,160.08,1,,,,,,,,,,,,,,,,,160.77,1,160.87,1,160.91,1,160.92,1,161.16,2,,,,,,,,,,
2020-10-29 09:33:01,160.525,160.39,1,160.26,2,160.79,1,160.79,160.26,160.26,2,160.08,1,,,,,,,,,,,,,,,,,160.79,1,160.87,1,160.91,1,160.92,1,161.16,2,,,,,,,,,,
2020-10-29 09:33:02,160.525,160.39,1,160.26,2,160.79,1,160.79,160.26,160.26,2,160.08,1,,,,,,,,,,,,,,,,,160.79,1,160.87,1,160.91,1,160.92,1,161.16,2,,,,,,,,,,
2020-10-29 09:33:03,160.585,160.39,1,160.38,2,160.79,1,160.79,160.38,160.38,2,160.26,1,160.08,1,,,,,,,,,,,,,,,160.79,1,160.87,1,160.91,1,160.92,1,161.16,2,,,,,,,,,,
2020-10-29 09:33:04,160.585,160.39,1,160.38,2,160.79,1,160.79,160.38,160.38,2,160.26,1,160.08,1,,,,,,,,,,,,,,,160.79,1,160.87,1,160.91,1,160.92,1,161.16,2,,,,,,,,,,
2020-10-29 09:33:05,160.585,160.39,1,160.38,2,160.79,1,160.79,160.38,160.38,2,160.26,1,160.08,1,,,,,,,,,,,,,,,160.79,1,160.87,1,160.91,1,160.92,1,161.16,2,,,,,,,,,,
2020-10-29 09:33:06,160.615,160.39,1,160.38,2,160.85,1,160.85,160.38,160.38,2,160.26,1,160.08,1,,,,,,,,,,,,,,,160.85,1,160.87,1,160.91,1,160.92,1,161.16,2,,,,,,,,,,
2020-10-29 09:33:07,160.615,160.39,1,160.38,2,160.85,1,160.85,160.38,160.38,2,160.26,1,160.08,1,,,,,,,,,,,,,,,160.85,1,160.87,1,160.91,1,160.92,1,161.16,2,,,,,,,,,,
2020-10-29 09:33:08,160.615,160.39,1,160.38,2,160.85,1,160.85,160.38,160.38,2,160.26,1,160.08,1,,,,,,,,,,,,,,,160.85,1,160.87,1,160.91,1,160.92,1,161.16,2,,,,,,,,,,
2020-10-29 09:33:09,160.615,160.39,1,160.38,2,160.85,1,160.85,160.38,160.38,2,160.26,1,160.08,1,,,,,,,,,,,,,,,160.85,1,160.87,1,160.91,1,160.92,1,161.16,2,,,,,,,,,,
2020-10-29 09:33:10,160.555,160.39,1,160.26,1,160.85,1,160.85,160.26,160.26,1,160.08,1,,,,,,,,,,,,,,,,,160.85,1,160.87,1,160.91,1,160.92,1,161.16,2,,,,,,,,,,
2020-10-29 09:33:11,160.555,160.39,1,160.26,1,160.85,1,160.85,160.26,160.26,1,160.08,1,,,,,,,,,,,,,,,,,160.85,1,160.87,1,160.91,1,160.92,1,161.16,2,,,,,,,,,,
2020-10-29 09:33:12,160.555,160.39,1,160.26,1,160.85,1,160.85,160.26,160.26,1,160.08,1,,,,,,,,,,,,,,,,,160.85,1,160.87,1,160.91,1,160.92,1,161.16,2,,,,,,,,,,
2020-10-29 09:33:13,160.625,160.39,1,160.4,2,160.85,1,160.85,160.4,160.4,2,160.26,1,160.08,1,,,,,,,,,,,,,,,160.85,1,160.87,1,160.91,1,160.92,1,161.16,2,,,,,,,,,,
2020-10-29 09:33:14,160.625,160.39,1,160.4,2,160.85,1,160.85,160.4,160.4,2,160.26,1,160.08,1,,,,,,,,,,,,,,,160.85,1,160.87,1,160.91,1,160.92,1,161.16,2,,,,,,,,,,
2020-10-29 09:33:15,160.625,160.39,1,160.4,2,160.85,1,160.85,160.4,160.4,2,160.26,1,160.08,1,,,,,,,,,,,,,,,160.85,1,160.87,1,160.91,1,160.92,1,161.16,2,,,,,,,,,,
2020-10-29 09:33:16,160.625,160.39,1,160.4,2,160.85,1,160.85,160.4,160.4,2,160.26,1,160.08,1,,,,,,,,,,,,,,,160.85,1,160.87,1,160.91,1,160.92,1,161.16,2,,,,,,,,,,
2020-10-29 09:33:17,160.625,160.39,1,160.4,2,160.85,1,160.85,160.4,160.4,2,160.26,1,160.08,1,,,,,,,,,,,,,,,160.85,1,160.87,1,160.91,1,160.92,1,161.16,2,,,,,,,,,,
2020-10-29 09:33:18,160.785,160.39,1,160.5,1,161.07,1,161.07,160.5,160.5,1,160.49,1,160.33,2,160.26,1,160.08,1,,,,,,,,,,,161.07,1,161.16,2,,,,,,,,,,,,,,,,
2020-10-29 09:33:19,160.735,160.39,1,160.5,1,160.97,1,160.97,160.5,160.5,1,160.49,1,160.33,2,160.26,1,160.08,1,,,,,,,,,,,160.97,1,161.07,1,161.16,2,,,,,,,,,,,,,,
2020-10-29 09:33:20,160.735,160.39,1,160.5,1,160.97,1,160.97,160.5,160.5,1,160.49,1,160.33,2,160.26,1,160.08,1,,,,,,,,,,,160.97,1,161.07,1,161.16,2,,,,,,,,,,,,,,
2020-10-29 09:33:21,160.735,160.39,1,160.5,1,160.97,1,160.97,160.5,160.5,1,160.49,1,160.33,2,160.26,1,160.08,1,,,,,,,,,,,160.97,1,161.07,1,161.16,2,,,,,,,,,,,,,,
2020-10-29 09:33:22,160.735,160.39,1,160.5,1,160.97,1,160.97,160.5,160.5,1,160.49,1,160.33,2,160.26,1,160.08,1,,,,,,,,,,,160.97,1,161.07,1,161.16,2,,,,,,,,,,,,,,
2020-10-29 09:33:23,160.77,160.39,1,160.57,1,160.97,1,160.97,160.57,160.57,1,160.56,1,160.5,1,160.49,1,160.33,2,160.26,1,160.08,1,,,,,,,160.97,1,161.07,1,161.16,2,,,,,,,,,,,,,,
2020-10-29 09:33:24,160.79,160.39,1,160.57,1,161.01,1,161.01,160.57,160.57,1,160.56,1,160.5,1,160.49,1,160.33,2,160.26,1,160.08,1,,,,,,,161.01,1,161.07,1,161.16,2,,,,,,,,,,,,,,
2020-10-29 09:33:25,160.79,160.39,1,160.57,1,161.01,1,161.01,160.57,160.57,1,160.56,1,160.5,1,160.49,1,160.33,2,160.26,1,160.08,1,,,,,,,161.01,1,161.07,1,161.16,2,,,,,,,,,,,,,,
2020-10-29 09:33:26,160.79,160.39,1,160.57,1,161.01,1,161.01,160.57,160.57,1,160.56,2,160.5,1,160.49,1,160.33,2,160.26,1,160.08,1,,,,,,,161.01,1,161.07,1,161.16,2,,,,,,,,,,,,,,
2020-10-29 09:33:27,160.79,160.39,1,160.57,1,161.01,1,161.01,160.57,160.57,1,160.56,2,160.5,1,160.49,1,160.33,2,160.26,1,160.08,1,,,,,,,161.01,1,161.07,1,161.16,2,,,,,,,,,,,,,,
2020-10-29 09:33:28,160.865,160.39,1,160.72,1,161.01,1,161.01,160.72,160.72,1,160.71,1,160.59,1,160.58,2,160.57,1,160.56,2,160.5,1,160.49,1,160.33,2,160.26,1,161.01,1,161.07,1,161.16,2,,,,,,,,,,,,,,
2020-10-29 09:33:29,160.94,160.39,1,160.72,1,161.16,2,161.16,160.72,160.72,1,160.71,1,160.59,1,160.58,2,160.57,1,160.56,2,160.5,1,160.49,1,160.33,2,160.26,1,161.16,2,,,,,,,,,,,,,,,,,,
2020-10-29 09:33:30,160.92,160.39,1,160.72,1,161.12,2,161.12,160.72,160.72,1,160.71,1,160.59,1,160.58,2,160.57,1,160.56,2,160.5,1,160.49,1,160.33,2,160.26,1,161.12,2,161.16,2,,,,,,,,,,,,,,,,
2020-10-29 09:33:31,160.92,160.39,1,160.72,1,161.12,2,161.12,160.72,160.72,1,160.71,1,160.59,1,160.58,2,160.57,1,160.56,2,160.5,1,160.49,1,160.33,2,160.26,1,161.12,2,161.16,2,,,,,,,,,,,,,,,,
2020-10-29 09:33:32,160.92,160.39,1,160.72,1,161.12,2,161.12,160.72,160.72,1,160.71,1,160.59,1,160.58,2,160.57,1,160.56,2,160.5,1,160.49,1,160.33,2,160.26,1,161.12,2,161.16,2,,,,,,,,,,,,,,,,
2020-10-29 09:33:33,160.985,160.39,1,160.81,1,161.16,2,161.16,160.81,160.81,1,160.51,1,160.5,1,160.49,1,160.33,2,160.26,1,160.08,1,,,,,,,161.16,2,,,,,,,,,,,,,,,,,,
2020-10-29 09:33:34,160.835,160.39,1,160.51,1,161.16,2,161.16,160.51,160.51,1,160.5,1,160.49,1,160.33,2,160.26,1,160.08,1,,,,,,,,,161.16,2,,,,,,,,,,,,,,,,,,
2020-10-29 09:33:35,160.835,160.39,1,160.51,1,161.16,2,161.16,160.51,160.51,1,160.5,1,160.49,1,160.33,2,160.26,1,160.08,1,,,,,,,,,161.16,2,,,,,,,,,,,,,,,,,,
2020-10-29 09:33:36,160.945,160.39,1,160.73,1,161.16,2,161.16,160.73,160.73,1,160.72,1,160.51,1,160.5,1,160.49,1,160.33,2,160.26,1,160.08,1,,,,,161.16,2,,,,,,,,,,,,,,,,,,
2020-10-29 09:33:37,160.945,160.39,1,160.73,1,161.16,2,161.16,160.73,160.73,1,160.72,2,160.51,1,160.5,1,160.49,1,160.33,2,160.26,1,160.08,1,,,,,161.16,2,,,,,,,,,,,,,,,,,,
2020-10-29 09:33:38,160.945,160.39,1,160.73,1,161.16,2,161.16,160.73,160.73,1,160.72,1,160.51,1,160.5,1,160.49,1,160.33,2,160.26,1,160.08,1,,,,,161.16,2,,,,,,,,,,,,,,,,,,
2020-10-29 09:33:39,160.945,160.39,1,160.73,1,161.16,2,161.16,160.73,160.73,1,160.72,1,160.51,1,160.5,1,160.49,1,160.33,2,160.26,1,160.08,1,,,,,161.16,2,,,,,,,,,,,,,,,,,,
2020-10-29 09:33:40,160.945,160.39,1,160.73,1,161.16,2,161.16,160.73,160.73,1,160.72,2,160.51,1,160.5,1,160.49,1,160.33,2,160.26,1,160.08,1,,,,,161.16,2,,,,,,,,,,,,,,,,,,
2020-10-29 09:33:41,160.94,160.39,1,160.72,1,161.16,2,161.16,160.72,160.72,1,160.51,1,160.5,1,160.49,1,160.33,2,160.26,1,160.08,1,,,,,,,161.16,2,,,,,,,,,,,,,,,,,,
2020-10-29 09:33:42,160.94,160.39,1,160.72,1,161.16,2,161.16,160.72,160.72,1,160.51,1,160.5,1,160.49,1,160.33,2,160.26,1,160.08,1,,,,,,,161.16,2,,,,,,,,,,,,,,,,,,
2020-10-29 09:33:43,160.94,160.39,1,160.72,1,161.16,2,161.16,160.72,160.72,1,160.51,1,160.5,1,160.49,1,160.33,2,160.26,1,160.08,1,,,,,,,161.16,2,,,,,,,,,,,,,,,,,,
2020-10-29 09:33:44,161.115,161.16,1,160.81,1,161.42,8,161.42,160.81,160.81,1,160.51,1,160.5,1,160.49,1,160.33,2,160.26,1,160.08,1,,,,,,,161.42,8,,,,,,,,,,,,,,,,,,
2020-10-29 09:33:45,161.12,161.16,1,160.82,1,161.42,8,161.42,160.82,160.82,1,160.81,1,160.51,1,160.5,1,160.49,1,160.33,2,160.26,1,160.08,1,,,,,161.42,8,,,,,,,,,,,,,,,,,,
2020-10-29 09:33:46,161.12,161.16,1,160.82,1,161.42,8,161.42,160.82,160.82,1,160.81,1,160.51,1,160.5,1,160.49,1,160.33,2,160.26,1,160.08,1,,,,,161.42,8,,,,,,,,,,,,,,,,,,
2020-10-29 09:33:47,161.15,161.16,1,160.87,1,161.43,1,161.43,160.87,160.87,1,160.81,1,160.51,1,160.5,1,160.49,1,160.33,2,160.26,1,160.08,1,,,,,161.43,1,,,,,,,,,,,,,,,,,,
2020-10-29 09:33:48,161.15,161.16,1,160.87,1,161.43,1,161.43,160.87,160.87,1,160.81,1,160.51,1,160.5,1,160.49,1,160.33,2,160.26,1,160.08,1,,,,,161.43,1,,,,,,,,,,,,,,,,,,
2020-10-29 09:33:49,161.15,161.16,1,160.87,2,161.43,1,161.43,160.87,160.87,2,160.81,1,160.51,1,160.5,1,160.49,1,160.33,2,160.26,1,160.08,1,,,,,161.43,1,,,,,,,,,,,,,,,,,,
2020-10-29 09:33:50,161.15,161.16,1,160.87,2,161.43,1,161.43,160.87,160.87,2,160.81,1,160.51,1,160.5,1,160.49,1,160.33,2,160.26,1,160.08,1,,,,,161.43,1,,,,,,,,,,,,,,,,,,
2020-10-29 09:33:51,161.15,161.16,1,160.87,2,161.43,1,161.43,160.87,160.87,2,160.81,1,160.51,1,160.5,1,160.49,1,160.33,2,160.26,1,160.08,1,,,,,161.43,1,,,,,,,,,,,,,,,,,,
2020-10-29 09:33:52,161.15,161.16,1,160.87,2,161.43,1,161.43,160.87,160.87,2,160.81,1,160.51,1,160.5,1,160.49,1,160.33,2,160.26,1,160.08,1,,,,,161.43,1,,,,,,,,,,,,,,,,,,
2020-10-29 09:33:53,161.15,161.16,1,160.87,2,161.43,1,161.43,160.87,160.87,2,160.81,1,160.51,1,160.5,1,160.49,1,160.33,2,160.26,1,160.08,1,,,,,161.43,1,,,,,,,,,,,,,,,,,,
2020-10-29 09:33:54,161.15,161.16,1,160.87,2,161.43,1,161.43,160.87,160.87,2,160.81,1,160.51,1,160.5,1,160.49,1,160.33,2,160.26,1,160.08,1,,,,,161.43,1,,,,,,,,,,,,,,,,,,
2020-10-29 09:33:55,160.88,161.16,1,160.33,2,161.43,1,161.43,160.33,160.33,2,160.26,1,160.08,1,,,,,,,,,,,,,,,161.43,1,,,,,,,,,,,,,,,,,,
2020-10-29 09:33:56,161.205,161.16,1,160.98,1,161.43,1,161.43,160.98,160.98,1,160.37,1,160.33,2,160.26,1,160.08,1,,,,,,,,,,,161.43,1,,,,,,,,,,,,,,,,,,
2020-10-29 09:33:57,161.205,161.16,1,160.98,1,161.43,1,161.43,160.98,160.98,1,160.37,1,160.33,2,160.26,1,160.08,1,,,,,,,,,,,161.43,1,,,,,,,,,,,,,,,,,,
2020-10-29 09:33:58,161.205,161.16,1,160.98,1,161.43,1,161.43,160.98,160.98,1,160.37,1,160.33,2,160.26,1,160.08,1,,,,,,,,,,,161.43,1,,,,,,,,,,,,,,,,,,
2020-10-29 09:33:59,161.205,161.16,1,160.98,1,161.43,1,161.43,160.98,160.98,1,160.37,1,160.33,2,160.26,1,160.08,1,,,,,,,,,,,161.43,1,,,,,,,,,,,,,,,,,,
2020-10-29 09:34:00,161.205,161.16,1,160.98,1,161.43,1,161.43,160.98,160.98,1,160.37,1,160.33,2,160.26,1,160.08,1,,,,,,,,,,,161.43,1,,,,,,,,,,,,,,,,,,
2020-10-29 09:34:01,161.13,160.98,1,160.77,1,161.49,1,161.49,160.77,160.77,1,160.37,1,160.33,2,160.26,1,160.08,1,,,,,,,,,,,161.49,1,,,,,,,,,,,,,,,,,,
2020-10-29 09:34:02,160.79,160.98,1,160.33,2,161.25,1,161.25,160.33,160.33,2,160.26,1,160.08,1,,,,,,,,,,,,,,,161.25,1,161.26,1,161.27,8,161.49,1,,,,,,,,,,,,
2020-10-29 09:34:03,160.87,160.98,1,160.48,1,161.26,1,161.26,160.48,160.48,1,160.33,2,160.26,1,160.08,1,,,,,,,,,,,,,161.26,1,161.27,8,161.49,1,,,,,,,,,,,,,,
2020-10-29 09:34:04,160.87,160.98,1,160.48,1,161.26,1,161.26,160.48,160.48,1,160.33,2,160.26,1,160.08,1,,,,,,,,,,,,,161.26,1,161.27,8,161.49,1,,,,,,,,,,,,,,
2020-10-29 09:34:05,160.87,160.98,1,160.48,1,161.26,1,161.26,160.48,160.48,1,160.33,2,160.26,1,160.08,1,,,,,,,,,,,,,161.26,1,161.27,8,161.49,1,,,,,,,,,,,,,,
2020-10-29 09:34:06,160.87,160.98,1,160.48,1,161.26,1,161.26,160.48,160.48,1,160.33,2,160.26,1,160.08,1,,,,,,,,,,,,,161.26,1,161.27,8,161.49,1,,,,,,,,,,,,,,
2020-10-29 09:34:07,160.97,160.98,1,160.68,1,161.26,1,161.26,160.68,160.68,1,160.48,1,160.33,2,160.26,1,160.08,1,,,,,,,,,,,161.26,1,161.27,8,161.49,1,,,,,,,,,,,,,,
2020-10-29 09:34:08,160.97,160.98,1,160.68,1,161.26,1,161.26,160.68,160.68,1,160.48,1,160.33,2,160.26,1,160.08,1,,,,,,,,,,,161.26,1,161.27,8,161.49,1,,,,,,,,,,,,,,
2020-10-29 09:34:09,160.87,160.98,1,160.48,1,161.26,1,161.26,160.48,160.48,1,160.33,2,160.26,1,160.08,1,,,,,,,,,,,,,161.26,1,161.27,8,161.49,1,,,,,,,,,,,,,,
2020-10-29 09:34:10,161.075,160.98,1,160.68,1,161.47,1,161.47,160.68,160.68,1,160.55,3,160.48,1,160.33,2,160.26,1,160.08,1,,,,,,,,,161.47,1,161.49,1,,,,,,,,,,,,,,,,
2020-10-29 09:34:11,160.945,160.98,1,160.68,1,161.21,1,161.21,160.68,160.68,1,160.55,3,160.48,1,160.33,2,160.26,1,160.08,1,,,,,,,,,161.21,1,161.49,1,,,,,,,,,,,,,,,,
2020-10-29 09:34:12,160.945,160.98,1,160.68,1,161.21,1,161.21,160.68,160.68,1,160.55,3,160.48,1,160.33,2,160.26,1,160.08,1,,,,,,,,,161.21,1,161.49,1,,,,,,,,,,,,,,,,
2020-10-29 09:34:13,160.845,160.98,1,160.48,1,161.21,1,161.21,160.48,160.48,1,160.33,2,160.26,1,160.08,1,,,,,,,,,,,,,161.21,1,161.49,1,,,,,,,,,,,,,,,,
2020-10-29 09:34:14,160.935,160.98,1,160.66,1,161.21,1,161.21,160.66,160.66,1,160.48,1,160.33,2,160.26,1,160.08,1,,,,,,,,,,,161.21,1,161.49,1,,,,,,,,,,,,,,,,
2020-10-29 09:34:15,160.985,160.98,1,160.55,1,161.42,1,161.42,160.55,160.55,1,160.54,8,160.48,1,160.33,2,160.26,1,160.08,1,,,,,,,,,161.42,1,161.49,1,,,,,,,,,,,,,,,,
2020-10-29 09:34:16,160.8,160.98,1,160.55,2,161.05,1,161.05,160.55,160.55,2,160.54,8,160.48,1,160.33,2,160.26,1,160.08,1,,,,,,,,,161.05,1,161.49,1,,,,,,,,,,,,,,,,
2020-10-29 09:34:17,160.8,160.98,1,160.55,2,161.05,1,161.05,160.55,160.55,2,160.54,8,160.48,1,160.33,2,160.26,1,160.08,1,,,,,,,,,161.05,1,161.49,1,,,,,,,,,,,,,,,,
2020-10-29 09:34:18,160.8,160.98,1,160.55,2,161.05,1,161.05,160.55,160.55,2,160.54,8,160.48,1,160.33,2,160.26,1,160.08,1,,,,,,,,,161.05,1,161.49,1,,,,,,,,,,,,,,,,
2020-10-29 09:34:19,160.865,160.98,1,160.68,1,161.05,1,161.05,160.68,160.68,1,160.55,2,160.54,8,160.48,1,160.33,2,160.26,1,160.08,1,,,,,,,161.05,1,161.49,1,,,,,,,,,,,,,,,,
2020-10-29 09:34:20,160.865,160.98,1,160.68,1,161.05,1,161.05,160.68,160.68,1,160.55,2,160.54,8,160.48,1,160.33,2,160.26,1,160.08,1,,,,,,,161.05,1,161.49,1,,,,,,,,,,,,,,,,
2020-10-29 09:34:21,160.865,160.98,1,160.68,1,161.05,1,161.05,160.68,160.68,1,160.55,2,160.54,8,160.48,1,160.33,2,160.26,1,160.08,1,,,,,,,161.05,1,161.49,1,,,,,,,,,,,,,,,,
2020-10-29 09:34:22,160.865,160.98,1,160.68,1,161.05,1,161.05,160.68,160.68,1,160.55,2,160.54,8,160.48,1,160.33,2,160.26,1,160.08,1,,,,,,,161.05,1,161.49,1,,,,,,,,,,,,,,,,
2020-10-29 09:34:23,160.865,160.98,1,160.68,1,161.05,1,161.05,160.68,160.68,1,160.55,2,160.54,8,160.48,1,160.33,2,160.26,1,160.08,1,,,,,,,161.05,1,161.49,1,,,,,,,,,,,,,,,,
2020-10-29 09:34:24,160.865,160.98,1,160.68,1,161.05,1,161.05,160.68,160.68,1,160.55,2,160.54,8,160.48,1,160.33,2,160.26,1,160.08,1,,,,,,,161.05,1,161.49,1,,,,,,,,,,,,,,,,
2020-10-29 09:34:25,160.865,160.98,1,160.68,1,161.05,1,161.05,160.68,160.68,1,160.55,2,160.54,8,160.48,1,160.33,2,160.26,1,160.08,1,,,,,,,161.05,1,161.49,1,,,,,,,,,,,,,,,,
2020-10-29 09:34:26,160.705,160.98,1,160.36,1,161.05,1,161.05,160.36,160.36,1,160.33,2,160.26,1,160.08,1,,,,,,,,,,,,,161.05,1,161.49,1,,,,,,,,,,,,,,,,
2020-10-29 09:34:27,160.815,160.98,1,160.58,1,161.05,1,161.05,160.58,160.58,1,160.57,1,160.49,1,160.48,1,160.36,1,160.33,2,160.26,1,160.08,1,,,,,161.05,1,161.49,1,,,,,,,,,,,,,,,,
2020-10-29 09:34:28,160.815,160.98,1,160.58,1,161.05,1,161.05,160.58,160.58,1,160.57,1,160.49,1,160.48,1,160.36,1,160.33,2,160.26,1,160.08,1,,,,,161.05,1,161.49,1,,,,,,,,,,,,,,,,
2020-10-29 09:34:29,160.815,160.98,1,160.58,1,161.05,1,161.05,160.58,160.58,1,160.57,1,160.49,1,160.48,1,160.36,1,160.33,2,160.26,1,160.08,1,,,,,161.05,1,161.49,1,,,,,,,,,,,,,,,,
2020-10-29 09:34:30,160.815,160.98,1,160.58,1,161.05,1,161.05,160.58,160.58,1,160.57,1,160.49,1,160.48,1,160.36,1,160.33,2,160.26,1,160.08,1,,,,,161.05,1,161.49,1,,,,,,,,,,,,,,,,
2020-10-29 09:34:31,160.815,160.98,1,160.58,1,161.05,1,161.05,160.58,160.58,1,160.57,1,160.49,1,160.48,1,160.36,1,160.33,2,160.26,1,160.08,1,,,,,161.05,1,161.49,1,,,,,,,,,,,,,,,,
2020-10-29 09:34:32,160.92,160.98,1,160.58,1,161.26,1,161.26,160.58,160.58,1,160.57,1,160.49,1,160.48,1,160.36,1,160.33,2,160.26,1,160.08,1,,,,,161.26,1,161.49,1,,,,,,,,,,,,,,,,
2020-10-29 09:34:33,160.99,160.98,1,160.49,1,161.49,1,161.49,160.49,160.49,1,160.48,1,160.36,1,160.33,2,160.26,1,160.08,1,,,,,,,,,161.49,1,,,,,,,,,,,,,,,,,,
2020-10-29 09:34:34,160.945,160.98,1,160.68,1,161.21,1,161.21,160.68,160.68,1,160.49,1,160.48,1,160.36,1,160.33,2,160.26,1,160.08,1,,,,,,,161.21,1,161.49,1,,,,,,,,,,,,,,,,
2020-10-29 09:34:35,160.85,160.98,1,160.49,1,161.21,1,161.21,160.49,160.49,1,160.48,1,160.36,1,160.33,2,160.26,1,160.08,1,,,,,,,,,161.21,1,161.49,1,,,,,,,,,,,,,,,,
2020-10-29 09:34:36,160.85,160.98,1,160.49,1,161.21,1,161.21,160.49,160.49,1,160.48,1,160.36,1,160.33,2,160.26,1,160.08,1,,,,,,,,,161.21,1,161.49,1,,,,,,,,,,,,,,,,
2020-10-29 09:34:37,160.85,160.98,1,160.49,1,161.21,1,161.21,160.49,160.49,1,160.48,1,160.36,1,160.33,2,160.26,1,160.08,1,,,,,,,,,161.21,1,161.49,1,,,,,,,,,,,,,,,,
2020-10-29 09:34:38,160.85,160.98,1,160.49,1,161.21,1,161.21,160.49,160.49,1,160.48,1,160.36,1,160.33,2,160.26,1,160.08,1,,,,,,,,,161.21,1,161.49,1,,,,,,,,,,,,,,,,
2020-10-29 09:34:39,160.85,160.98,1,160.49,1,161.21,1,161.21,160.49,160.49,1,160.48,2,160.36,1,160.33,2,160.26,1,160.08,1,,,,,,,,,161.21,1,161.49,1,,,,,,,,,,,,,,,,
2020-10-29 09:34:40,160.85,160.98,1,160.49,1,161.21,1,161.21,160.49,160.49,1,160.48,2,160.36,1,160.33,2,160.26,1,160.08,1,,,,,,,,,161.21,1,161.49,1,,,,,,,,,,,,,,,,
2020-10-29 09:34:41,160.85,160.98,1,160.49,1,161.21,1,161.21,160.49,160.49,1,160.48,2,160.36,1,160.33,2,160.26,1,160.08,1,,,,,,,,,161.21,1,161.49,1,,,,,,,,,,,,,,,,
2020-10-29 09:34:42,160.85,160.98,1,160.49,1,161.21,1,161.21,160.49,160.49,1,160.48,5,160.36,1,160.33,2,160.26,1,160.08,1,,,,,,,,,161.21,1,161.49,1,,,,,,,,,,,,,,,,
2020-10-29 09:34:43,160.85,160.98,1,160.49,1,161.21,1,161.21,160.49,160.49,1,160.48,5,160.36,1,160.33,2,160.26,1,160.08,1,,,,,,,,,161.21,1,161.49,1,,,,,,,,,,,,,,,,
2020-10-29 09:34:44,160.85,160.98,1,160.49,1,161.21,1,161.21,160.49,160.49,1,160.48,5,160.36,1,160.33,2,160.26,1,160.08,1,,,,,,,,,161.21,1,161.49,1,,,,,,,,,,,,,,,,
2020-10-29 09:34:45,160.85,160.98,1,160.49,1,161.21,1,161.21,160.49,160.49,1,160.48,5,160.36,1,160.33,2,160.26,1,160.08,1,,,,,,,,,161.21,1,161.49,1,,,,,,,,,,,,,,,,
2020-10-29 09:34:46,160.85,160.98,1,160.49,1,161.21,1,161.21,160.49,160.49,1,160.48,5,160.36,1,160.33,2,160.26,1,160.08,1,,,,,,,,,161.21,1,161.49,1,,,,,,,,,,,,,,,,
2020-10-29 09:34:47,160.985,160.98,1,160.76,1,161.21,1,161.21,160.76,160.76,1,160.48,5,160.36,1,160.33,2,160.26,1,160.08,1,,,,,,,,,161.21,1,161.49,1,,,,,,,,,,,,,,,,
2020-10-29 09:34:48,160.985,160.98,1,160.76,1,161.21,1,161.21,160.76,160.76,1,160.48,5,160.36,1,160.33,2,160.26,1,160.08,1,,,,,,,,,161.21,1,161.49,1,,,,,,,,,,,,,,,,
2020-10-29 09:34:49,160.985,160.98,1,160.76,1,161.21,1,161.21,160.76,160.76,1,160.48,5,160.36,1,160.33,2,160.26,1,160.08,1,,,,,,,,,161.21,1,161.49,1,,,,,,,,,,,,,,,,
2020-10-29 09:34:50,160.985,160.98,1,160.76,1,161.21,1,161.21,160.76,160.76,1,160.48,5,160.36,1,160.33,2,160.26,1,160.08,1,,,,,,,,,161.21,1,161.49,1,,,,,,,,,,,,,,,,
2020-10-29 09:34:51,160.75,160.98,1,160.48,1,161.02,1,161.02,160.48,160.48,1,160.47,1,160.38,1,160.36,1,160.33,2,160.26,1,160.08,1,,,,,,,161.02,1,161.21,1,161.49,1,,,,,,,,,,,,,,
2020-10-29 09:34:52,160.75,160.98,1,160.48,1,161.02,1,161.02,160.48,160.48,1,160.47,1,160.38,1,160.36,1,160.33,2,160.26,1,160.08,1,,,,,,,161.02,1,161.21,1,161.49,1,,,,,,,,,,,,,,
2020-10-29 09:34:53,160.75,160.98,1,160.48,1,161.02,1,161.02,160.48,160.48,1,160.47,1,160.38,1,160.36,1,160.33,2,160.26,1,160.08,1,,,,,,,161.02,1,161.21,1,161.49,1,,,,,,,,,,,,,,
2020-10-29 09:34:54,160.745,160.98,1,160.47,1,161.02,1,161.02,160.47,160.47,1,160.46,8,160.38,1,160.36,1,160.33,2,160.26,1,160.08,1,,,,,,,161.02,1,161.21,1,161.49,1,,,,,,,,,,,,,,
2020-10-29 09:34:55,160.745,160.98,1,160.47,1,161.02,1,161.02,160.47,160.47,1,160.46,8,160.38,1,160.36,1,160.33,2,160.26,1,160.08,1,,,,,,,161.02,1,161.21,1,161.49,1,,,,,,,,,,,,,,
2020-10-29 09:34:56,160.71,160.98,1,160.4,1,161.02,1,161.02,160.4,160.4,1,160.39,2,160.38,1,160.36,1,160.33,2,160.26,1,160.08,1,,,,,,,161.02,1,161.21,1,161.49,1,,,,,,,,,,,,,,
2020-10-29 09:34:57,160.71,160.98,1,160.4,1,161.02,1,161.02,160.4,160.4,1,160.39,2,160.38,1,160.36,1,160.33,2,160.26,1,160.08,1,,,,,,,161.02,1,161.21,1,161.49,1,,,,,,,,,,,,,,
2020-10-29 09:34:58,160.71,160.98,1,160.4,1,161.02,1,161.02,160.4,160.4,1,160.39,2,160.38,1,160.36,1,160.33,2,160.26,1,160.08,1,,,,,,,161.02,1,161.21,1,161.49,1,,,,,,,,,,,,,,
2020-10-29 09:34:59,160.71,160.98,1,160.4,1,161.02,1,161.02,160.4,160.4,1,160.39,2,160.38,1,160.36,1,160.33,2,160.26,1,160.08,1,,,,,,,161.02,1,161.21,1,161.49,1,,,,,,,,,,,,,,
2020-10-29 09:35:00,160.71,160.98,1,160.4,1,161.02,1,161.02,160.4,160.4,1,160.39,2,160.38,1,160.36,1,160.33,2,160.26,1,160.08,1,,,,,,,161.02,1,161.21,1,161.49,1,,,,,,,,,,,,,,
2020-10-29 09:35:01,160.675,160.98,1,160.33,2,161.02,1,161.02,160.33,160.33,2,160.26,1,160.08,1,,,,,,,,,,,,,,,161.02,1,161.21,1,161.49,1,,,,,,,,,,,,,,
2020-10-29 09:35:02,160.675,160.98,1,160.33,2,161.02,1,161.02,160.33,160.33,2,160.26,1,160.08,1,,,,,,,,,,,,,,,161.02,1,161.21,1,161.49,1,,,,,,,,,,,,,,
2020-10-29 09:35:03,160.675,160.98,1,160.33,2,161.02,1,161.02,160.33,160.33,2,160.26,1,160.08,1,,,,,,,,,,,,,,,161.02,1,161.21,1,161.49,1,,,,,,,,,,,,,,
2020-10-29 09:35:04,160.675,160.98,1,160.33,2,161.02,1,161.02,160.33,160.33,2,160.26,1,160.08,1,,,,,,,,,,,,,,,161.02,1,161.21,1,161.49,1,,,,,,,,,,,,,,
2020-10-29 09:35:05,160.675,160.98,1,160.33,2,161.02,1,161.02,160.33,160.33,2,160.26,1,160.08,1,,,,,,,,,,,,,,,161.02,1,161.21,1,161.49,1,,,,,,,,,,,,,,
2020-10-29 09:35:06,160.675,160.98,1,160.33,2,161.02,1,161.02,160.33,160.33,2,160.26,1,160.08,1,,,,,,,,,,,,,,,161.02,1,161.21,1,161.49,1,,,,,,,,,,,,,,
2020-10-29 09:35:07,160.675,160.98,1,160.33,2,161.02,1,161.02,160.33,160.33,2,160.26,1,160.08,1,,,,,,,,,,,,,,,161.02,1,161.21,1,161.49,1,,,,,,,,,,,,,,
2020-10-29 09:35:08,160.675,160.98,1,160.33,2,161.02,1,161.02,160.33,160.33,2,160.26,1,160.08,1,,,,,,,,,,,,,,,161.02,1,161.21,1,161.49,1,,,,,,,,,,,,,,
2020-10-29 09:35:09,160.675,160.98,1,160.33,2,161.02,1,161.02,160.33,160.33,2,160.26,1,160.08,1,,,,,,,,,,,,,,,161.02,1,161.21,1,161.49,1,,,,,,,,,,,,,,
2020-10-29 09:35:10,160.675,160.98,1,160.33,2,161.02,1,161.02,160.33,160.33,2,160.26,1,160.08,1,,,,,,,,,,,,,,,161.02,1,161.21,1,161.49,1,,,,,,,,,,,,,,
2020-10-29 09:35:11,160.675,160.98,1,160.33,2,161.02,1,161.02,160.33,160.33,2,160.26,1,160.08,1,,,,,,,,,,,,,,,161.02,1,161.21,1,161.49,1,,,,,,,,,,,,,,
2020-10-29 09:35:12,160.635,160.98,1,160.4,1,160.87,1,160.87,160.4,160.4,1,160.33,2,160.26,1,160.08,1,,,,,,,,,,,,,160.87,1,160.88,8,161.02,1,161.21,1,161.49,1,,,,,,,,,,
2020-10-29 09:35:13,160.645,160.98,1,160.42,1,160.87,1,160.87,160.42,160.42,1,160.33,2,160.26,1,160.08,1,,,,,,,,,,,,,160.87,1,160.88,8,161.02,1,161.21,1,161.49,1,,,,,,,,,,
2020-10-29 09:35:14,160.645,160.98,1,160.42,1,160.87,1,160.87,160.42,160.42,1,160.33,2,160.26,1,160.08,1,,,,,,,,,,,,,160.87,1,160.88,8,161.02,1,161.21,1,161.49,1,,,,,,,,,,
2020-10-29 09:35:15,160.645,160.98,1,160.42,1,160.87,1,160.87,160.42,160.42,1,160.33,2,160.26,1,160.08,1,,,,,,,,,,,,,160.87,1,160.88,8,161.02,1,161.21,1,161.49,1,,,,,,,,,,
2020-10-29 09:35:16,160.645,160.98,1,160.42,1,160.87,1,160.87,160.42,160.42,1,160.33,2,160.26,1,160.08,1,,,,,,,,,,,,,160.87,1,160.88,8,161.02,1,161.21,1,161.49,1,,,,,,,,,,
2020-10-29 09:35:17,160.645,160.98,1,160.42,1,160.87,1,160.87,160.42,160.42,1,160.33,2,160.26,1,160.08,1,,,,,,,,,,,,,160.87,1,160.88,8,161.02,1,161.21,1,161.49,1,,,,,,,,,,
2020-10-29 09:35:18,160.6,160.42,1,160.33,2,160.87,1,160.87,160.33,160.33,2,160.26,1,160.08,1,,,,,,,,,,,,,,,160.87,1,160.88,8,161.02,1,161.21,1,161.49,1,,,,,,,,,,
2020-10-29 09:35:19,160.6,160.42,1,160.33,2,160.87,1,160.87,160.33,160.33,2,160.26,1,160.08,1,,,,,,,,,,,,,,,160.87,1,160.88,8,161.02,1,161.21,1,161.49,1,,,,,,,,,,
2020-10-29 09:35:20,160.6,160.42,1,160.33,2,160.87,1,160.87,160.33,160.33,2,160.26,1,160.08,1,,,,,,,,,,,,,,,160.87,1,160.88,8,161.02,1,161.21,1,161.49,1,,,,,,,,,,
2020-10-29 09:35:21,160.6,160.42,1,160.33,2,160.87,1,160.87,160.33,160.33,2,160.26,1,160.08,1,,,,,,,,,,,,,,,160.87,1,160.88,8,161.02,1,161.21,1,161.49,1,,,,,,,,,,
2020-10-29 09:35:22,160.59,160.42,1,160.33,2,160.85,1,160.85,160.33,160.33,2,160.26,1,160.08,1,,,,,,,,,,,,,,,160.85,1,160.86,1,160.87,1,160.88,8,161.02,1,161.21,1,161.49,1,,,,,,
2020-10-29 09:35:23,160.59,160.42,1,160.33,2,160.85,1,160.85,160.33,160.33,2,160.26,1,160.08,1,,,,,,,,,,,,,,,160.85,1,160.86,1,160.87,1,160.88,8,161.02,1,161.21,1,161.49,1,,,,,,
2020-10-29 09:35:24,160.67,160.42,1,160.33,2,161.01,1,161.01,160.33,160.33,2,160.26,1,160.08,1,,,,,,,,,,,,,,,161.01,1,161.02,1,161.21,1,161.49,1,,,,,,,,,,,,
2020-10-29 09:35:25,160.545,160.42,1,160.33,2,160.76,1,160.76,160.33,160.33,2,160.26,1,160.08,1,,,,,,,,,,,,,,,160.76,1,160.77,8,161.01,1,161.02,1,161.21,1,161.49,1,,,,,,,,
2020-10-29 09:35:26,160.335,160.21,1,160.12,1,160.55,1,160.55,160.12,160.12,1,160.08,1,,,,,,,,,,,,,,,,,160.55,1,160.76,1,160.77,8,161.01,1,161.02,1,161.21,1,161.49,1,,,,,,
2020-10-29 09:35:27,160.235,160.21,1,160.08,2,160.39,1,160.39,160.08,160.08,2,,,,,,,,,,,,,,,,,,,160.39,1,160.55,1,160.76,1,160.77,8,161.01,1,161.02,1,161.21,1,161.49,1,,,,
2020-10-29 09:35:28,160.235,160.21,1,160.08,1,160.39,3,160.39,160.08,160.08,1,,,,,,,,,,,,,,,,,,,160.39,3,160.55,1,160.76,1,160.77,8,161.01,1,161.02,1,161.21,1,161.49,1,,,,
2020-10-29 09:35:29,160.2,160.08,1,160.01,1,160.39,3,160.39,160.01,160.01,1,,,,,,,,,,,,,,,,,,,160.39,3,160.55,1,160.76,1,160.77,8,161.01,1,161.02,1,161.21,1,161.49,1,,,,
2020-10-29 09:35:30,160.19,160.0,2,160.0,61,160.38,1,160.38,160.0,160.0,61,,,,,,,,,,,,,,,,,,,160.38,1,160.39,3,160.55,1,160.76,1,160.77,8,161.01,1,161.02,1,161.21,1,161.49,1,,
2020-10-29 09:35:31,160.09,160.0,51,159.8,1,160.38,1,160.38,159.8,159.8,1,,,,,,,,,,,,,,,,,,,160.38,1,160.39,3,160.55,1,160.76,1,160.77,8,161.01,1,161.02,1,161.21,1,161.49,1,,
2020-10-29 09:35:32,160.165,160.0,51,159.95,1,160.38,1,160.38,159.95,159.95,1,159.8,1,,,,,,,,,,,,,,,,,160.38,1,160.39,3,160.55,1,160.76,1,160.77,8,161.01,1,161.02,1,161.21,1,161.49,1,,
2020-10-29 09:35:33,160.165,160.0,51,159.95,1,160.38,1,160.38,159.95,159.95,1,159.8,1,,,,,,,,,,,,,,,,,160.38,1,160.39,3,160.55,1,160.76,1,160.77,8,161.01,1,161.02,1,161.21,1,161.49,1,,
2020-10-29 09:35:34,160.16,160.0,51,159.94,1,160.38,1,160.38,159.94,159.94,1,159.8,1,,,,,,,,,,,,,,,,,160.38,1,160.39,3,160.55,1,160.76,1,160.77,8,161.01,1,161.02,1,161.21,1,161.49,1,,
2020-10-29 09:35:35,160.16,160.0,51,159.94,1,160.38,1,160.38,159.94,159.94,1,159.8,1,,,,,,,,,,,,,,,,,160.38,1,160.39,3,160.55,1,160.76,1,160.77,8,161.01,1,161.02,1,161.21,1,161.49,1,,
2020-10-29 09:35:36,160.16,160.0,51,159.94,1,160.38,1,160.38,159.94,159.94,1,159.8,1,,,,,,,,,,,,,,,,,160.38,1,160.39,3,160.55,1,160.76,1,160.77,8,161.01,1,161.02,1,161.21,1,161.49,1,,
2020-10-29 09:35:37,160.16,160.0,51,159.94,1,160.38,1,160.38,159.94,159.94,1,159.8,1,,,,,,,,,,,,,,,,,160.38,1,160.39,3,160.55,1,160.76,1,160.77,8,161.01,1,161.02,1,161.21,1,161.49,1,,
2020-10-29 09:35:38,160.16,160.0,51,159.94,1,160.38,1,160.38,159.94,159.94,1,159.8,1,,,,,,,,,,,,,,,,,160.38,1,160.39,3,160.55,1,160.76,1,160.77,8,161.01,1,161.02,1,161.21,1,161.49,1,,
2020-10-29 09:35:39,160.16,160.0,51,159.94,1,160.38,1,160.38,159.94,159.94,1,159.8,1,,,,,,,,,,,,,,,,,160.38,1,160.39,3,160.55,1,160.76,1,160.77,8,161.01,1,161.02,1,161.21,1,161.49,1,,
2020-10-29 09:35:40,160.16,160.0,51,159.94,1,160.38,1,160.38,159.94,159.94,1,159.8,1,,,,,,,,,,,,,,,,,160.38,1,160.39,3,160.55,1,160.76,1,160.77,8,161.01,1,161.02,1,161.21,1,161.49,1,,
2020-10-29 09:35:41,160.16,160.0,51,159.94,1,160.38,1,160.38,159.94,159.94,1,159.8,1,,,,,,,,,,,,,,,,,160.38,1,160.39,3,160.55,1,160.76,1,160.77,8,161.01,1,161.02,1,161.21,1,161.49,1,,
2020-10-29 09:35:42,160.16,160.0,51,159.94,1,160.38,1,160.38,159.94,159.94,1,159.8,1,,,,,,,,,,,,,,,,,160.38,1,160.39,3,160.55,1,160.76,1,160.77,8,161.01,1,161.02,1,161.21,1,161.49,1,,
2020-10-29 09:35:43,160.09,159.98,1,159.8,1,160.38,1,160.38,159.8,159.8,1,,,,,,,,,,,,,,,,,,,160.38,1,160.39,3,160.55,1,160.76,1,160.77,8,161.01,1,161.02,1,161.21,1,161.49,1,,
2020-10-29 09:35:44,160.09,159.98,1,159.8,1,160.38,1,160.38,159.8,159.8,1,,,,,,,,,,,,,,,,,,,160.38,1,160.39,3,160.55,1,160.76,1,160.77,8,161.01,1,161.02,1,161.21,1,161.49,1,,
2020-10-29 09:35:45,160.13,159.98,1,159.88,1,160.38,1,160.38,159.88,159.88,1,159.8,1,,,,,,,,,,,,,,,,,160.38,1,160.39,3,160.55,1,160.76,1,160.77,8,161.01,1,161.02,1,161.21,1,161.49,1,,
2020-10-29 09:35:46,160.13,159.98,1,159.88,1,160.38,1,160.38,159.88,159.88,1,159.8,1,,,,,,,,,,,,,,,,,160.38,1,160.39,3,160.55,1,160.76,1,160.77,8,161.01,1,161.02,1,161.21,1,161.49,1,,
2020-10-29 09:35:47,160.13,159.98,1,159.88,1,160.38,1,160.38,159.88,159.88,1,159.8,1,,,,,,,,,,,,,,,,,160.38,1,160.39,3,160.55,1,160.76,1,160.77,8,161.01,1,161.02,1,161.21,1,161.49,1,,
2020-10-29 09:35:48,160.13,159.98,1,159.88,1,160.38,1,160.38,159.88,159.88,1,159.8,1,,,,,,,,,,,,,,,,,160.38,1,160.39,3,160.55,1,160.76,1,160.77,8,161.01,1,161.02,1,161.21,1,161.49,1,,
2020-10-29 09:35:49,160.13,159.98,1,159.88,1,160.38,1,160.38,159.88,159.88,1,159.8,1,,,,,,,,,,,,,,,,,160.38,1,160.39,3,160.55,1,160.76,1,160.77,8,161.01,1,161.02,1,161.21,1,161.49,1,,
2020-10-29 09:35:50,160.13,159.98,1,159.88,1,160.38,1,160.38,159.88,159.88,1,159.8,1,,,,,,,,,,,,,,,,,160.38,1,160.39,3,160.55,1,160.76,1,160.77,8,161.01,1,161.02,1,161.21,1,161.49,1,,
2020-10-29 09:35:51,160.13,159.98,1,159.88,1,160.38,1,160.38,159.88,159.88,1,159.8,1,,,,,,,,,,,,,,,,,160.38,1,160.39,3,160.55,1,160.76,1,160.77,8,161.01,1,161.02,1,161.21,1,161.49,1,,
2020-10-29 09:35:52,160.095,159.88,1,159.8,1,160.39,3,160.39,159.8,159.8,1,,,,,,,,,,,,,,,,,,,160.39,3,160.55,1,160.76,1,160.77,8,161.01,1,161.02,1,161.21,1,161.49,1,,,,
2020-10-29 09:35:53,160.095,159.88,1,159.8,1,160.39,3,160.39,159.8,159.8,1,,,,,,,,,,,,,,,,,,,160.39,3,160.55,1,160.76,1,160.77,8,161.01,1,161.02,1,161.21,1,161.49,1,,,,
2020-10-29 09:35:54,160.095,159.88,1,159.8,1,160.39,3,160.39,159.8,159.8,1,,,,,,,,,,,,,,,,,,,160.39,3,160.55,1,160.76,1,160.77,8,161.01,1,161.02,1,161.21,1,161.49,1,,,,
2020-10-29 09:35:55,160.095,159.88,1,159.8,1,160.39,2,160.39,159.8,159.8,1,,,,,,,,,,,,,,,,,,,160.39,2,160.55,1,160.76,1,160.77,8,161.01,1,161.02,1,161.21,1,161.49,1,,,,
2020-10-29 09:35:56,159.885,159.8,1,159.55,1,160.22,1,160.22,159.55,159.55,1,,,,,,,,,,,,,,,,,,,160.22,1,160.35,9,160.39,2,160.55,1,160.76,1,160.77,8,161.01,1,161.02,1,161.21,1,161.49,1
2020-10-29 09:35:57,159.885,159.8,1,159.55,1,160.22,1,160.22,159.55,159.55,1,,,,,,,,,,,,,,,,,,,160.22,1,160.35,9,160.39,2,160.55,1,160.76,1,160.77,8,161.01,1,161.02,1,161.21,1,161.49,1
2020-10-29 09:35:58,159.885,159.8,1,159.55,1,160.22,1,160.22,159.55,159.55,1,,,,,,,,,,,,,,,,,,,160.22,1,160.35,9,160.39,2,160.55,1,160.76,1,160.77,8,161.01,1,161.02,1,161.21,1,161.49,1
2020-10-29 09:35:59,159.885,159.8,1,159.55,1,160.22,1,160.22,159.55,159.55,1,,,,,,,,,,,,,,,,,,,160.22,1,160.35,9,160.39,2,160.55,1,160.76,1,160.77,8,161.01,1,161.02,1,161.21,1,161.49,1
2020-10-29 09:36:00,159.885,159.8,1,159.55,1,160.22,1,160.22,159.55,159.55,1,,,,,,,,,,,,,,,,,,,160.22,1,160.35,9,160.39,2,160.55,1,160.76,1,160.77,8,161.01,1,161.02,1,161.21,1,161.49,1
2020-10-29 09:36:01,159.97,159.8,1,159.55,1,160.39,2,160.39,159.55,159.55,1,,,,,,,,,,,,,,,,,,,160.39,2,160.55,1,160.76,1,160.77,8,161.01,1,161.02,1,161.21,1,161.49,1,,,,
2020-10-29 09:36:02,160.045,159.8,1,159.7,1,160.39,2,160.39,159.7,159.7,1,159.55,1,,,,,,,,,,,,,,,,,160.39,2,160.55,1,160.76,1,160.77,8,161.01,1,161.02,1,161.21,1,161.49,1,,,,
2020-10-29 09:36:03,159.97,159.8,1,159.55,1,160.39,2,160.39,159.55,159.55,1,,,,,,,,,,,,,,,,,,,160.39,2,160.55,1,160.76,1,160.77,8,161.01,1,161.02,1,161.21,1,161.49,1,,,,
2020-10-29 09:36:04,159.97,159.8,1,159.55,1,160.39,2,160.39,159.55,159.55,1,,,,,,,,,,,,,,,,,,,160.39,2,160.55,1,160.76,1,160.77,8,161.01,1,161.02,1,161.21,1,161.49,1,,,,
2020-10-29 09:36:05,159.97,159.8,1,159.55,1,160.39,2,160.39,159.55,159.55,1,,,,,,,,,,,,,,,,,,,160.39,2,160.55,1,160.76,1,160.77,8,161.01,1,161.02,1,161.21,1,161.49,1,,,,
2020-10-29 09:36:06,159.985,159.8,1,159.58,2,160.39,2,160.39,159.58,159.58,2,159.55,1,,,,,,,,,,,,,,,,,160.39,2,160.55,1,160.76,1,160.77,8,161.01,1,161.02,1,161.21,1,161.49,1,,,,
2020-10-29 09:36:08,159.985,159.8,1,159.58,2,160.39,2,160.39,159.58,159.58,2,159.55,1,,,,,,,,,,,,,,,,,160.39,2,160.55,1,160.76,1,160.77,8,161.01,1,161.02,1,161.21,1,161.49,1,,,,
2020-10-29 09:36:09,159.985,159.8,1,159.58,2,160.39,2,160.39,159.58,159.58,2,159.55,1,,,,,,,,,,,,,,,,,160.39,2,160.55,1,160.76,1,160.77,8,161.01,1,161.02,1,161.21,1,161.49,1,,,,
2020-10-29 09:36:10,160.05,159.8,1,159.71,2,160.39,2,160.39,159.71,159.71,2,159.7,1,159.58,2,159.55,1,,,,,,,,,,,,,160.39,2,160.55,1,160.76,1,160.77,8,161.01,1,161.02,1,161.21,1,161.49,1,,,,
2020-10-29 09:36:11,160.05,159.8,1,159.71,2,160.39,2,160.39,159.71,159.71,2,159.7,1,159.58,2,159.55,1,,,,,,,,,,,,,160.39,2,160.55,1,160.76,1,160.77,8,161.01,1,161.02,1,161.21,1,161.49,1,,,,
2020-10-29 09:36:12,160.05,159.8,1,159.71,2,160.39,2,160.39,159.71,159.71,2,159.7,1,159.58,2,159.55,1,,,,,,,,,,,,,160.39,2,160.55,1,160.76,1,160.77,8,161.01,1,161.02,1,161.21,1,161.49,1,,,,
2020-10-29 09:36:13,160.05,159.8,1,159.71,3,160.39,2,160.39,159.71,159.71,3,159.7,1,159.58,2,159.55,1,,,,,,,,,,,,,160.39,2,160.55,1,160.76,1,160.77,8,161.01,1,161.02,1,161.21,1,161.49,1,,,,
2020-10-29 09:36:14,160.05,159.8,1,159.71,3,160.39,2,160.39,159.71,159.71,3,159.7,1,159.58,2,159.55,1,,,,,,,,,,,,,160.39,2,160.55,1,160.76,1,160.77,8,161.01,1,161.02,1,161.21,1,161.49,1,,,,
2020-10-29 09:36:15,160.05,159.8,1,159.71,3,160.39,2,160.39,159.71,159.71,3,159.7,1,159.58,2,159.55,1,,,,,,,,,,,,,160.39,2,160.55,1,160.76,1,160.77,8,161.01,1,161.02,1,161.21,1,161.49,1,,,,
2020-10-29 09:36:16,160.05,159.8,1,159.71,3,160.39,2,160.39,159.71,159.71,3,159.7,1,159.58,2,159.55,1,,,,,,,,,,,,,160.39,2,160.55,1,160.76,1,160.77,8,161.01,1,161.02,1,161.21,1,161.49,1,,,,
2020-10-29 09:36:17,160.05,159.8,1,159.71,1,160.39,2,160.39,159.71,159.71,1,159.7,1,159.58,2,159.55,1,,,,,,,,,,,,,160.39,2,160.55,1,160.76,1,160.77,8,161.01,1,161.02,1,161.21,1,161.49,1,,,,
2020-10-29 09:36:18,160.05,159.8,1,159.71,1,160.39,2,160.39,159.71,159.71,1,159.7,1,159.58,2,159.55,1,,,,,,,,,,,,,160.39,2,160.55,1,160.76,1,160.77,8,161.01,1,161.02,1,161.21,1,161.49,1,,,,
2020-10-29 09:36:19,160.05,159.8,1,159.71,1,160.39,2,160.39,159.71,159.71,1,159.7,1,159.58,2,159.55,1,,,,,,,,,,,,,160.39,2,160.55,1,160.76,1,160.77,8,161.01,1,161.02,1,161.21,1,161.49,1,,,,
2020-10-29 09:36:20,159.94,159.8,1,159.7,1,160.18,1,160.18,159.7,159.7,1,159.58,2,159.55,1,,,,,,,,,,,,,,,160.18,1,160.19,1,160.39,2,160.55,1,160.76,1,160.77,8,161.01,1,161.02,1,161.21,1,161.49,1
2020-10-29 09:36:21,159.94,159.8,1,159.7,1,160.18,1,160.18,159.7,159.7,1,159.58,2,159.55,1,,,,,,,,,,,,,,,160.18,1,160.19,1,160.39,2,160.55,1,160.76,1,160.77,8,161.01,1,161.02,1,161.21,1,161.49,1
2020-10-29 09:36:22,160.045,159.8,1,159.7,1,160.39,2,160.39,159.7,159.7,1,159.58,2,159.55,1,,,,,,,,,,,,,,,160.39,2,160.55,1,160.76,1,160.77,8,161.01,1,161.02,1,161.21,1,161.49,1,,,,
2020-10-29 09:36:23,159.93,159.8,1,159.7,1,160.16,1,160.16,159.7,159.7,1,159.58,2,159.55,1,,,,,,,,,,,,,,,160.16,1,160.39,2,160.55,1,160.76,1,160.77,8,161.01,1,161.02,1,161.21,1,161.49,1,,
2020-10-29 09:36:24,159.89,159.8,1,159.7,1,160.08,1,160.08,159.7,159.7,1,159.58,2,159.55,1,,,,,,,,,,,,,,,160.08,1,160.15,1,160.16,1,160.39,2,160.55,1,160.76,1,160.77,8,161.01,1,161.02,1,161.21,1
2020-10-29 09:36:25,159.89,159.8,1,159.7,1,160.08,1,160.08,159.7,159.7,1,159.58,2,159.55,1,,,,,,,,,,,,,,,160.08,1,160.15,1,160.16,1,160.39,2,160.55,1,160.76,1,160.77,8,161.01,1,161.02,1,161.21,1
2020-10-29 09:36:26,159.89,159.8,1,159.7,1,160.08,1,160.08,159.7,159.7,1,159.58,2,159.55,1,,,,,,,,,,,,,,,160.08,1,160.15,1,160.16,1,160.39,2,160.55,1,160.76,1,160.77,8,161.01,1,161.02,1,161.21,1
2020-10-29 09:36:27,159.89,159.8,1,159.7,1,160.08,1,160.08,159.7,159.7,1,159.58,2,159.55,1,,,,,,,,,,,,,,,160.08,1,160.15,1,160.16,1,160.39,2,160.55,1,160.76,1,160.77,8,161.01,1,161.02,1,161.21,1
2020-10-29 09:36:28,159.79,159.7,1,159.5,4,160.08,1,160.08,159.5,159.5,4,,,,,,,,,,,,,,,,,,,160.08,1,160.15,1,160.16,1,160.39,2,160.55,1,160.76,1,160.77,8,161.01,1,161.02,1,161.21,1
2020-10-29 09:36:29,159.82,159.7,1,159.56,2,160.08,1,160.08,159.56,159.56,2,159.5,4,,,,,,,,,,,,,,,,,160.08,1,160.1,1,160.15,1,160.16,1,160.39,2,160.55,1,160.76,1,160.77,8,161.01,1,161.02,1
2020-10-29 09:36:30,159.82,159.7,1,159.56,2,160.08,1,160.08,159.56,159.56,2,159.5,4,,,,,,,,,,,,,,,,,160.08,1,160.1,1,160.15,1,160.16,1,160.39,2,160.55,1,160.76,1,160.77,8,161.01,1,161.02,1
2020-10-29 09:36:31,159.75,159.7,1,159.56,2,159.94,1,159.94,159.56,159.56,2,159.5,4,,,,,,,,,,,,,,,,,159.94,1,160.08,1,160.1,1,160.15,1,160.16,1,160.39,2,160.55,1,160.76,1,160.77,8,161.01,1
2020-10-29 09:36:32,159.75,159.7,1,159.56,2,159.94,1,159.94,159.56,159.56,2,159.5,4,,,,,,,,,,,,,,,,,159.94,1,160.08,1,160.1,1,160.15,1,160.16,1,160.39,2,160.55,1,160.76,1,160.77,8,161.01,1
2020-10-29 09:36:33,159.73,159.7,1,159.56,2,159.9,1,159.9,159.56,159.56,2,159.5,4,,,,,,,,,,,,,,,,,159.9,1,159.94,1,160.08,1,160.1,1,160.15,1,160.16,1,160.39,2,160.55,1,160.76,1,160.77,8
2020-10-29 09:36:34,159.73,159.7,1,159.56,2,159.9,1,159.9,159.56,159.56,2,159.5,4,,,,,,,,,,,,,,,,,159.9,1,159.94,1,160.08,1,160.1,1,160.15,1,160.16,1,160.39,2,160.55,1,160.76,1,160.77,8
2020-10-29 09:36:35,159.73,159.7,1,159.56,2,159.9,1,159.9,159.56,159.56,2,159.5,4,,,,,,,,,,,,,,,,,159.9,1,159.94,1,160.08,1,160.1,1,160.15,1,160.16,1,160.39,2,160.55,1,160.76,1,160.77,8
2020-10-29 09:36:36,159.7,159.7,1,159.5,4,159.9,1,159.9,159.5,159.5,4,,,,,,,,,,,,,,,,,,,159.9,1,159.94,1,160.08,1,160.1,1,160.15,1,160.16,1,160.39,2,160.55,1,160.76,1,160.77,8
2020-10-29 09:36:37,159.71,159.7,1,159.53,2,159.89,1,159.89,159.53,159.53,2,159.5,4,,,,,,,,,,,,,,,,,159.89,1,159.94,1,160.08,1,160.1,1,160.15,1,160.16,1,160.39,2,160.55,1,160.76,1,160.77,8
2020-10-29 09:36:38,159.635,159.7,1,159.5,4,159.77,1,159.77,159.5,159.5,4,,,,,,,,,,,,,,,,,,,159.77,1,159.86,1,159.89,1,159.94,1,160.08,1,160.1,1,160.15,1,160.16,1,160.39,2,160.55,1
2020-10-29 09:36:39,159.675,159.75,1,159.58,1,159.77,1,159.77,159.58,159.58,1,159.5,4,,,,,,,,,,,,,,,,,159.77,1,159.86,1,159.89,1,159.94,1,160.08,1,160.1,1,160.15,1,160.16,1,160.39,2,160.55,1
2020-10-29 09:36:40,159.77,159.75,1,159.68,1,159.86,1,159.86,159.68,159.68,1,159.5,4,,,,,,,,,,,,,,,,,159.86,1,159.89,1,159.94,1,160.08,1,160.1,1,160.15,1,160.16,1,160.39,2,160.55,1,160.76,1
2020-10-29 09:36:41,159.68,159.68,1,159.5,4,159.86,1,159.86,159.5,159.5,4,,,,,,,,,,,,,,,,,,,159.86,1,159.89,1,159.94,1,160.08,1,160.1,1,160.15,1,160.16,1,160.39,2,160.55,1,160.76,1
2020-10-29 09:36:42,159.725,159.68,1,159.59,1,159.86,1,159.86,159.59,159.59,1,159.5,4,,,,,,,,,,,,,,,,,159.86,1,159.89,1,159.94,1,160.08,1,160.1,1,160.15,1,160.16,1,160.39,2,160.55,1,160.76,1
2020-10-29 09:36:43,159.725,159.68,1,159.59,1,159.86,1,159.86,159.59,159.59,1,159.5,4,,,,,,,,,,,,,,,,,159.86,1,159.89,1,159.94,1,160.08,1,160.1,1,160.15,1,160.16,1,160.39,2,160.55,1,160.76,1
2020-10-29 09:36:44,159.725,159.68,1,159.59,1,159.86,1,159.86,159.59,159.59,1,159.5,4,,,,,,,,,,,,,,,,,159.86,1,159.89,1,159.94,1,160.08,1,160.1,1,160.15,1,160.16,1,160.39,2,160.55,1,160.76,1
2020-10-29 09:36:45,159.725,159.68,1,159.59,1,159.86,1,159.86,159.59,159.59,1,159.5,4,,,,,,,,,,,,,,,,,159.86,1,159.89,1,159.94,1,160.08,1,160.1,1,160.15,1,160.16,1,160.39,2,160.55,1,160.76,1
2020-10-29 09:36:46,159.79,159.77,1,159.64,2,159.94,1,159.94,159.64,159.64,2,159.59,1,159.5,4,,,,,,,,,,,,,,,159.94,1,160.08,1,160.1,1,160.15,1,160.16,1,160.39,2,160.55,1,160.76,1,160.77,8,161.01,1
2020-10-29 09:36:47,159.765,159.77,1,159.59,1,159.94,1,159.94,159.59,159.59,1,159.5,4,,,,,,,,,,,,,,,,,159.94,1,160.08,1,160.1,1,160.15,1,160.16,1,160.39,2,160.55,1,160.76,1,160.77,8,161.01,1
2020-10-29 09:36:48,159.765,159.77,1,159.59,1,159.94,1,159.94,159.59,159.59,1,159.5,4,,,,,,,,,,,,,,,,,159.94,1,160.08,1,160.1,1,160.15,1,160.16,1,160.39,2,160.55,1,160.76,1,160.77,8,161.01,1
2020-10-29 09:36:49,159.765,159.77,1,159.59,1,159.94,1,159.94,159.59,159.59,1,159.5,4,,,,,,,,,,,,,,,,,159.94,1,160.08,1,160.1,1,160.15,1,160.16,1,160.39,2,160.55,1,160.76,1,160.77,8,161.01,1
2020-10-29 09:36:50,159.75,159.77,1,159.56,1,159.94,1,159.94,159.56,159.56,1,159.5,4,,,,,,,,,,,,,,,,,159.94,1,160.08,1,160.1,1,160.15,1,160.16,1,160.39,2,160.55,1,160.76,1,160.77,8,161.01,1
2020-10-29 09:36:51,159.75,159.77,1,159.56,1,159.94,1,159.94,159.56,159.56,1,159.5,4,,,,,,,,,,,,,,,,,159.94,1,160.08,1,160.1,1,160.15,1,160.16,1,160.39,2,160.55,1,160.76,1,160.77,8,161.01,1
2020-10-29 09:36:52,159.96,159.77,1,159.53,2,160.39,2,160.39,159.53,159.53,2,159.5,4,,,,,,,,,,,,,,,,,160.39,2,160.55,1,160.76,1,160.77,8,161.01,1,161.02,1,161.21,1,161.49,1,,,,
2020-10-29 09:36:53,159.975,159.77,1,159.66,1,160.29,2,160.29,159.66,159.66,1,159.53,2,159.5,4,,,,,,,,,,,,,,,160.29,2,160.39,2,160.55,1,160.76,1,160.77,8,161.01,1,161.02,1,161.21,1,161.49,1,,
2020-10-29 09:36:54,159.975,159.77,1,159.66,1,160.29,2,160.29,159.66,159.66,1,159.53,2,159.5,4,,,,,,,,,,,,,,,160.29,2,160.39,2,160.55,1,160.76,1,160.77,8,161.01,1,161.02,1,161.21,1,161.49,1,,
2020-10-29 09:36:55,159.975,159.77,1,159.66,1,160.29,2,160.29,159.66,159.66,1,159.53,2,159.5,4,,,,,,,,,,,,,,,160.29,2,160.39,2,160.55,1,160.76,1,160.77,8,161.01,1,161.02,1,161.21,1,161.49,1,,
2020-10-29 09:36:56,159.975,159.77,1,159.66,1,160.29,2,160.29,159.66,159.66,1,159.53,2,159.5,4,,,,,,,,,,,,,,,160.29,2,160.39,2,160.55,1,160.76,1,160.77,8,161.01,1,161.02,1,161.21,1,161.49,1,,
2020-10-29 09:36:57,159.975,159.77,1,159.66,1,160.29,2,160.29,159.66,159.66,1,159.53,2,159.5,4,,,,,,,,,,,,,,,160.29,2,160.39,2,160.55,1,160.76,1,160.77,8,161.01,1,161.02,1,161.21,1,161.49,1,,
2020-10-29 09:36:58,159.975,159.77,1,159.66,1,160.29,2,160.29,159.66,159.66,1,159.53,2,159.5,4,,,,,,,,,,,,,,,160.29,2,160.39,2,160.55,1,160.76,1,160.77,8,161.01,1,161.02,1,161.21,1,161.49,1,,
2020-10-29 09:36:59,159.835,159.77,1,159.66,1,160.01,1,160.01,159.66,159.66,1,159.53,2,159.5,4,,,,,,,,,,,,,,,160.01,1,160.29,2,160.39,2,160.55,1,160.76,1,160.77,8,161.01,1,161.02,1,161.21,1,161.49,1
2020-10-29 09:37:00,159.835,159.77,1,159.66,1,160.01,1,160.01,159.66,159.66,1,159.53,2,159.5,4,,,,,,,,,,,,,,,160.01,1,160.29,2,160.39,2,160.55,1,160.76,1,160.77,8,161.01,1,161.02,1,161.21,1,161.49,1
2020-10-29 09:37:01,160.025,159.77,1,159.66,1,160.39,2,160.39,159.66,159.66,1,159.53,2,159.5,4,,,,,,,,,,,,,,,160.39,2,160.55,1,160.76,1,160.77,8,161.01,1,161.02,1,161.21,1,161.49,1,,,,
2020-10-29 09:37:02,160.015,159.77,1,159.66,1,160.37,1,160.37,159.66,159.66,1,159.53,2,159.5,4,,,,,,,,,,,,,,,160.37,1,160.39,2,160.55,1,160.76,1,160.77,8,161.01,1,161.02,1,161.21,1,161.49,1,,
2020-10-29 09:37:03,160.015,159.77,1,159.66,1,160.37,1,160.37,159.66,159.66,1,159.53,2,159.5,4,,,,,,,,,,,,,,,160.37,1,160.39,2,160.55,1,160.76,1,160.77,8,161.01,1,161.02,1,161.21,1,161.49,1,,
2020-10-29 09:37:04,160.0,159.77,1,159.66,1,160.34,4,160.34,159.66,159.66,1,159.53,2,159.5,4,,,,,,,,,,,,,,,160.34,4,160.37,1,160.39,2,160.55,1,160.76,1,160.77,8,161.01,1,161.02,1,161.21,1,161.49,1
2020-10-29 09:37:05,160.015,159.77,1,159.66,1,160.37,1,160.37,159.66,159.66,1,159.53,2,159.5,4,,,,,,,,,,,,,,,160.37,1,160.39,2,160.55,1,160.76,1,160.77,8,161.01,1,161.02,1,161.21,1,161.49,1,,
2020-10-29 09:37:06,160.015,159.77,1,159.66,1,160.37,1,160.37,159.66,159.66,1,159.53,2,159.5,4,,,,,,,,,,,,,,,160.37,1,160.39,2,160.55,1,160.76,1,160.77,8,161.01,1,161.02,1,161.21,1,161.49,1,,
2020-10-29 09:37:07,160.015,159.77,1,159.66,1,160.37,1,160.37,159.66,159.66,1,159.53,2,159.5,4,,,,,,,,,,,,,,,160.37,1,160.39,2,160.55,1,160.76,1,160.77,8,161.01,1,161.02,1,161.21,1,161.49,1,,
2020-10-29 09:37:08,159.995,159.77,1,159.66,1,160.33,8,160.33,159.66,159.66,1,159.53,2,159.5,4,,,,,,,,,,,,,,,160.33,8,160.37,1,160.39,2,160.55,1,160.76,1,160.77,8,161.01,1,161.02,1,161.21,1,161.49,1
2020-10-29 09:37:09,159.995,159.77,1,159.66,1,160.33,8,160.33,159.66,159.66,1,159.53,2,159.5,4,,,,,,,,,,,,,,,160.33,8,160.37,1,160.39,2,160.55,1,160.76,1,160.77,8,161.01,1,161.02,1,161.21,1,161.49,1
2020-10-29 09:37:10,159.995,159.77,1,159.66,1,160.33,8,160.33,159.66,159.66,1,159.53,2,159.5,4,,,,,,,,,,,,,,,160.33,8,160.37,1,160.39,2,160.55,1,160.76,1,160.77,8,161.01,1,161.02,1,161.21,1,161.49,1
2020-10-29 09:37:11,159.995,159.77,1,159.66,1,160.33,8,160.33,159.66,159.66,1,159.53,2,159.5,4,,,,,,,,,,,,,,,160.33,8,160.37,1,160.39,2,160.55,1,160.76,1,160.77,8,161.01,1,161.02,1,161.21,1,161.49,1
2020-10-29 09:37:12,160.04,159.77,1,159.71,1,160.37,1,160.37,159.71,159.71,1,159.66,1,159.53,2,159.5,4,,,,,,,,,,,,,160.37,1,160.39,2,160.55,1,160.76,1,160.77,8,161.01,1,161.02,1,161.21,1,161.49,1,,
2020-10-29 09:37:13,159.905,159.77,1,159.71,1,160.1,1,160.1,159.71,159.71,1,159.66,1,159.53,2,159.5,4,,,,,,,,,,,,,160.1,1,160.37,1,160.39,2,160.55,1,160.76,1,160.77,8,161.01,1,161.02,1,161.21,1,161.49,1
2020-10-29 09:37:14,159.905,159.77,1,159.71,1,160.1,1,160.1,159.71,159.71,1,159.66,1,159.53,2,159.5,4,,,,,,,,,,,,,160.1,1,160.37,1,160.39,2,160.55,1,160.76,1,160.77,8,161.01,1,161.02,1,161.21,1,161.49,1
2020-10-29 09:37:15,159.905,159.77,1,159.71,1,160.1,1,160.1,159.71,159.71,1,159.66,1,159.53,2,159.5,4,,,,,,,,,,,,,160.1,1,160.37,1,160.39,2,160.55,1,160.76,1,160.77,8,161.01,1,161.02,1,161.21,1,161.49,1
2020-10-29 09:37:16,159.97,159.77,1,159.71,1,160.23,1,160.23,159.71,159.71,1,159.66,1,159.53,2,159.5,4,,,,,,,,,,,,,160.23,1,160.37,1,160.39,2,160.55,1,160.76,1,160.77,8,161.01,1,161.02,1,161.21,1,161.49,1
2020-10-29 09:37:17,159.91,159.77,1,159.66,1,160.16,1,160.16,159.66,159.66,1,159.53,2,159.5,4,,,,,,,,,,,,,,,160.16,1,160.23,1,160.37,1,160.39,2,160.55,1,160.76,1,160.77,8,161.01,1,161.02,1,161.21,1
2020-10-29 09:37:18,159.91,159.77,1,159.66,1,160.16,1,160.16,159.66,159.66,1,159.53,2,159.5,4,,,,,,,,,,,,,,,160.16,1,160.23,1,160.37,1,160.39,2,160.55,1,160.76,1,160.77,8,161.01,1,161.02,1,161.21,1
2020-10-29 09:37:19,159.91,159.77,1,159.66,1,160.16,1,160.16,159.66,159.66,1,159.53,2,159.5,4,,,,,,,,,,,,,,,160.16,1,160.23,1,160.37,1,160.39,2,160.55,1,160.76,1,160.77,8,161.01,1,161.02,1,161.21,1
2020-10-29 09:37:20,159.91,159.77,1,159.66,1,160.16,1,160.16,159.66,159.66,1,159.53,2,159.5,4,,,,,,,,,,,,,,,160.16,1,160.23,1,160.37,1,160.39,2,160.55,1,160.76,1,160.77,8,161.01,1,161.02,1,161.21,1
2020-10-29 09:37:21,159.91,159.77,1,159.66,1,160.16,1,160.16,159.66,159.66,1,159.53,2,159.5,4,,,,,,,,,,,,,,,160.16,1,160.23,1,160.37,1,160.39,2,160.55,1,160.76,1,160.77,8,161.01,1,161.02,1,161.21,1
2020-10-29 09:37:22,159.865,159.59,1,159.5,4,160.23,1,160.23,159.5,159.5,4,,,,,,,,,,,,,,,,,,,160.23,1,160.37,1,160.39,2,160.55,1,160.76,1,160.77,8,161.01,1,161.02,1,161.21,1,161.49,1
2020-10-29 09:37:23,159.77,159.5,3,159.31,2,160.23,1,160.23,159.31,159.31,2,159.3,1,159.24,8,,,,,,,,,,,,,,,160.23,1,160.37,1,160.39,2,160.55,1,160.76,1,160.77,8,161.01,1,161.02,1,161.21,1,161.49,1
2020-10-29 09:37:24,159.81,159.5,3,159.39,1,160.23,1,160.23,159.39,159.39,1,159.33,2,159.32,2,159.31,3,159.3,1,159.24,8,,,,,,,,,160.23,1,160.37,1,160.39,2,160.55,1,160.76,1,160.77,8,161.01,1,161.02,1,161.21,1,161.49,1
2020-10-29 09:37:25,159.81,159.5,3,159.39,1,160.23,1,160.23,159.39,159.39,1,159.38,2,159.3,1,159.24,8,,,,,,,,,,,,,160.23,1,160.37,1,160.39,2,160.55,1,160.76,1,160.77,8,161.01,1,161.02,1,161.21,1,161.49,1
2020-10-29 09:37:26,159.81,159.5,3,159.39,1,160.23,1,160.23,159.39,159.39,1,159.38,2,159.3,1,159.24,8,,,,,,,,,,,,,160.23,1,160.37,1,160.39,2,160.55,1,160.76,1,160.77,8,161.01,1,161.02,1,161.21,1,161.49,1
2020-10-29 09:37:27,159.805,159.5,3,159.38,2,160.23,1,160.23,159.38,159.38,2,159.3,1,159.24,8,,,,,,,,,,,,,,,160.23,1,160.37,1,160.39,2,160.55,1,160.76,1,160.77,8,161.01,1,161.02,1,161.21,1,161.49,1
2020-10-29 09:37:28,159.805,159.5,3,159.38,2,160.23,3,160.23,159.38,159.38,2,159.3,1,159.24,8,,,,,,,,,,,,,,,160.23,3,160.37,1,160.39,2,160.55,1,160.76,1,160.77,8,161.01,1,161.02,1,161.21,1,161.49,1
2020-10-29 09:37:29,159.715,159.5,3,159.2,2,160.23,3,160.23,159.2,159.2,2,,,,,,,,,,,,,,,,,,,160.23,3,160.37,1,160.39,2,160.55,1,160.76,1,160.77,8,161.01,1,161.02,1,161.21,1,161.49,1
2020-10-29 09:37:30,159.785,159.5,3,159.34,1,160.23,3,160.23,159.34,159.34,1,159.33,2,159.15,2,,,,,,,,,,,,,,,160.23,3,160.37,1,160.39,2,160.55,1,160.76,1,160.77,8,161.01,1,161.02,1,161.21,1,161.49,1
2020-10-29 09:37:31,159.785,159.5,3,159.34,1,160.22,4,160.22,159.34,159.34,1,159.33,2,159.15,2,,,,,,,,,,,,,,,160.23,3,160.37,1,160.39,2,160.55,1,160.76,1,160.77,8,161.01,1,161.02,1,161.21,1,161.49,1
2020-10-29 09:37:32,159.78,159.5,3,159.33,2,160.23,3,160.23,159.33,159.33,2,159.15,2,,,,,,,,,,,,,,,,,160.23,3,160.37,1,160.39,2,160.55,1,160.76,1,160.77,8,161.01,1,161.02,1,161.21,1,161.49,1
2020-10-29 09:37:33,159.78,159.5,3,159.33,2,160.23,3,160.23,159.33,159.33,2,159.15,2,,,,,,,,,,,,,,,,,160.23,3,160.37,1,160.39,2,160.55,1,160.76,1,160.77,8,161.01,1,161.02,1,161.21,1,161.49,1
2020-10-29 09:37:34,159.78,159.5,3,159.33,2,160.23,3,160.23,159.33,159.33,2,159.15,2,,,,,,,,,,,,,,,,,160.23,3,160.37,1,160.39,2,160.55,1,160.76,1,160.77,8,161.01,1,161.02,1,161.21,1,161.49,1
2020-10-29 09:37:35,159.78,159.5,3,159.33,2,160.23,3,160.23,159.33,159.33,2,159.15,2,,,,,,,,,,,,,,,,,160.23,3,160.37,1,160.39,2,160.55,1,160.76,1,160.77,8,161.01,1,161.02,1,161.21,1,161.49,1
2020-10-29 09:37:36,159.78,159.5,3,159.33,2,160.23,3,160.23,159.33,159.33,2,159.15,2,,,,,,,,,,,,,,,,,160.23,3,160.37,1,160.39,2,160.55,1,160.76,1,160.77,8,161.01,1,161.02,1,161.21,1,161.49,1
2020-10-29 09:37:37,159.78,159.5,3,159.33,2,160.23,1,160.23,159.33,159.33,2,159.15,2,,,,,,,,,,,,,,,,,160.23,1,160.37,1,160.39,2,160.55,1,160.76,1,160.77,8,161.01,1,161.02,1,161.21,1,161.49,1
2020-10-29 09:37:38,159.78,159.5,3,159.33,2,160.23,1,160.23,159.33,159.33,2,159.15,2,,,,,,,,,,,,,,,,,160.23,1,160.37,1,160.39,2,160.55,1,160.76,1,160.77,8,161.01,1,161.02,1,161.21,1,161.49,1
2020-10-29 09:37:39,159.78,159.5,3,159.33,2,160.23,1,160.23,159.33,159.33,2,159.15,2,,,,,,,,,,,,,,,,,160.23,1,160.37,1,160.39,2,160.55,1,160.76,1,160.77,8,161.01,1,161.02,1,161.21,1,161.49,1
2020-10-29 09:37:40,159.71,159.5,3,159.26,1,160.16,1,160.16,159.26,159.26,1,159.15,2,,,,,,,,,,,,,,,,,160.16,1,160.23,1,160.37,1,160.39,2,160.55,1,160.76,1,160.77,8,161.01,1,161.02,1,161.21,1
2020-10-29 09:37:41,159.77,159.5,3,159.38,2,160.16,1,160.16,159.38,159.38,2,159.26,1,159.15,2,,,,,,,,,,,,,,,160.16,1,160.23,1,160.37,1,160.39,2,160.55,1,160.76,1,160.77,8,161.01,1,161.02,1,161.21,1
2020-10-29 09:37:42,159.77,159.5,3,159.38,2,160.16,1,160.16,159.38,159.38,2,159.26,1,159.15,2,,,,,,,,,,,,,,,160.16,1,160.23,1,160.37,1,160.39,2,160.55,1,160.76,1,160.77,8,161.01,1,161.02,1,161.21,1
2020-10-29 09:37:43,159.77,159.5,3,159.38,2,160.16,1,160.16,159.38,159.38,2,159.26,1,159.15,2,,,,,,,,,,,,,,,160.16,1,160.23,1,160.37,1,160.39,2,160.55,1,160.76,1,160.77,8,161.01,1,161.02,1,161.21,1
2020-10-29 09:37:44,159.77,159.5,3,159.38,2,160.16,1,160.16,159.38,159.38,2,159.26,1,159.15,2,,,,,,,,,,,,,,,160.16,1,160.23,1,160.37,1,160.39,2,160.55,1,160.76,1,160.77,8,161.01,1,161.02,1,161.21,1
2020-10-29 09:37:45,159.77,159.5,3,159.38,2,160.16,1,160.16,159.38,159.38,2,159.26,1,159.15,2,,,,,,,,,,,,,,,160.16,1,160.23,1,160.37,1,160.39,2,160.55,1,160.76,1,160.77,8,161.01,1,161.02,1,161.21,1
2020-10-29 09:37:46,159.77,159.5,3,159.38,2,160.16,1,160.16,159.38,159.38,2,159.26,1,159.15,2,,,,,,,,,,,,,,,160.16,1,160.23,1,160.37,1,160.39,2,160.55,1,160.76,1,160.77,8,161.01,1,161.02,1,161.21,1
2020-10-29 09:37:47,159.685,159.5,3,159.21,1,160.16,1,160.16,159.21,159.21,1,159.14,1,,,,,,,,,,,,,,,,,160.16,1,160.23,1,160.37,1,160.39,2,160.55,1,160.76,1,160.77,8,161.01,1,161.02,1,161.21,1
2020-10-29 09:37:48,159.78,159.5,3,159.4,2,160.16,1,160.16,159.4,159.4,2,159.21,1,159.14,1,,,,,,,,,,,,,,,160.16,1,160.23,1,160.37,1,160.39,2,160.55,1,160.76,1,160.77,8,161.01,1,161.02,1,161.21,1
2020-10-29 09:37:49,159.815,159.5,3,159.4,2,160.23,1,160.23,159.4,159.4,2,159.21,1,159.14,1,,,,,,,,,,,,,,,160.23,1,160.37,1,160.39,2,160.55,1,160.76,1,160.77,8,161.01,1,161.02,1,161.21,1,161.49,1
2020-10-29 09:37:50,159.82,159.5,3,159.41,1,160.23,1,160.23,159.41,159.41,1,159.4,2,159.21,1,159.14,1,,,,,,,,,,,,,160.23,1,160.37,1,160.39,2,160.55,1,160.76,1,160.77,8,161.01,1,161.02,1,161.21,1,161.49,1
2020-10-29 09:37:51,159.82,159.5,3,159.41,1,160.23,1,160.23,159.41,159.41,1,159.4,2,159.21,1,159.14,1,,,,,,,,,,,,,160.23,1,160.37,1,160.39,2,160.55,1,160.76,1,160.77,8,161.01,1,161.02,1,161.21,1,161.49,1
2020-10-29 09:37:52,159.82,159.5,3,159.41,1,160.23,1,160.23,159.41,159.41,1,159.4,2,159.21,1,159.14,1,,,,,,,,,,,,,160.23,1,160.37,1,160.39,2,160.55,1,160.76,1,160.77,8,161.01,1,161.02,1,161.21,1,161.49,1
2020-10-29 09:37:53,159.84,159.5,3,159.52,1,160.16,1,160.16,159.52,159.52,1,159.41,1,159.4,2,159.21,1,159.14,1,,,,,,,,,,,160.16,1,160.23,1,160.37,1,160.39,2,160.55,1,160.76,1,160.77,8,161.01,1,161.02,1,161.21,1
2020-10-29 09:37:54,159.84,159.5,3,159.52,1,160.16,1,160.16,159.52,159.52,1,159.41,1,159.4,2,159.21,1,159.14,1,,,,,,,,,,,160.16,1,160.23,1,160.37,1,160.39,2,160.55,1,160.76,1,160.77,8,161.01,1,161.02,1,161.21,1
2020-10-29 09:37:55,159.84,159.5,3,159.52,1,160.16,1,160.16,159.52,159.52,1,159.41,1,159.4,2,159.21,1,159.14,1,,,,,,,,,,,160.16,1,160.23,1,160.37,1,160.39,2,160.55,1,160.76,1,160.77,8,161.01,1,161.02,1,161.21,1
2020-10-29 09:37:56,159.84,159.5,3,159.52,1,160.16,1,160.16,159.52,159.52,1,159.41,1,159.4,2,159.21,1,159.14,1,,,,,,,,,,,160.16,1,160.23,1,160.37,1,160.39,2,160.55,1,160.76,1,160.77,8,161.01,1,161.02,1,161.21,1
2020-10-29 09:37:57,159.88,159.5,3,159.53,1,160.23,1,160.23,159.53,159.53,1,159.52,1,159.41,1,159.4,2,159.21,1,159.14,1,,,,,,,,,160.23,1,160.37,1,160.39,2,160.55,1,160.76,1,160.77,8,161.01,1,161.02,1,161.21,1,161.49,1
2020-10-29 09:37:58,159.88,159.82,1,159.53,1,160.23,1,160.23,159.53,159.53,1,159.52,1,159.41,1,159.4,2,159.21,1,159.14,1,,,,,,,,,160.23,1,160.37,1,160.39,2,160.55,1,160.76,1,160.77,8,161.01,1,161.02,1,161.21,1,161.49,1
2020-10-29 09:37:59,159.88,159.82,1,159.53,1,160.23,1,160.23,159.53,159.53,1,159.52,1,159.41,1,159.4,2,159.21,1,159.14,1,,,,,,,,,160.23,1,160.37,1,160.39,2,160.55,1,160.76,1,160.77,8,161.01,1,161.02,1,161.21,1,161.49,1
2020-10-29 09:38:00,159.88,159.82,1,159.53,1,160.23,1,160.23,159.53,159.53,1,159.52,1,159.41,1,159.4,2,159.21,1,159.14,1,,,,,,,,,160.23,1,160.37,1,160.39,2,160.55,1,160.76,1,160.77,8,161.01,1,161.02,1,161.21,1,161.49,1
2020-10-29 09:38:01,159.88,159.82,1,159.53,1,160.23,1,160.23,159.53,159.53,1,159.52,1,159.41,1,159.4,2,159.21,1,159.14,1,,,,,,,,,160.23,1,160.37,1,160.39,2,160.55,1,160.76,1,160.77,8,161.01,1,161.02,1,161.21,1,161.49,1
2020-10-29 09:38:02,159.88,159.82,1,159.53,1,160.23,1,160.23,159.53,159.53,1,159.52,1,159.41,1,159.4,2,159.21,1,159.14,1,,,,,,,,,160.23,1,160.37,1,160.39,2,160.55,1,160.76,1,160.77,8,161.01,1,161.02,1,161.21,1,161.49,1
2020-10-29 09:38:03,159.88,159.82,1,159.53,3,160.23,1,160.23,159.53,159.53,3,159.52,1,159.41,1,159.4,2,159.21,1,159.14,1,,,,,,,,,160.23,1,160.37,1,160.39,2,160.55,1,160.76,1,160.77,8,161.01,1,161.02,1,161.21,1,161.49,1
2020-10-29 09:38:04,159.88,159.82,1,159.53,3,160.23,1,160.23,159.53,159.53,3,159.52,1,159.41,1,159.4,2,159.21,1,159.14,1,,,,,,,,,160.23,1,160.37,1,160.39,2,160.55,1,160.76,1,160.77,8,161.01,1,161.02,1,161.21,1,161.49,1
2020-10-29 09:38:05,159.88,159.82,1,159.53,3,160.23,1,160.23,159.53,159.53,3,159.52,1,159.41,1,159.4,2,159.21,1,159.14,1,,,,,,,,,160.23,1,160.37,1,160.39,2,160.55,1,160.76,1,160.77,8,161.01,1,161.02,1,161.21,1,161.49,1
2020-10-29 09:38:06,159.88,159.82,1,159.53,3,160.23,1,160.23,159.53,159.53,3,159.52,1,159.41,1,159.4,2,159.21,1,159.14,1,,,,,,,,,160.23,1,160.37,1,160.39,2,160.55,1,160.76,1,160.77,8,161.01,1,161.02,1,161.21,1,161.49,1
2020-10-29 09:38:07,159.88,159.82,1,159.53,3,160.23,1,160.23,159.53,159.53,3,159.52,1,159.41,1,159.4,2,159.21,1,159.14,1,,,,,,,,,160.23,1,160.37,1,160.39,2,160.55,1,160.76,1,160.77,8,161.01,1,161.02,1,161.21,1,161.49,1
2020-10-29 09:38:08,159.88,159.82,1,159.53,3,160.23,1,160.23,159.53,159.53,3,159.52,1,159.41,1,159.4,2,159.21,1,159.14,1,,,,,,,,,160.23,1,160.37,1,160.39,2,160.55,1,160.76,1,160.77,8,161.01,1,161.02,1,161.21,1,161.49,1
2020-10-29 09:38:09,159.88,159.82,1,159.53,3,160.23,1,160.23,159.53,159.53,3,159.52,1,159.41,1,159.4,2,159.21,1,159.14,1,,,,,,,,,160.23,1,160.37,1,160.39,2,160.55,1,160.76,1,160.77,8,161.01,1,161.02,1,161.21,1,161.49,1
2020-10-29 09:38:10,159.88,159.82,1,159.53,3,160.23,1,160.23,159.53,159.53,3,159.52,1,159.41,1,159.4,2,159.21,1,159.14,1,,,,,,,,,160.23,1,160.37,1,160.39,2,160.55,1,160.76,1,160.77,8,161.01,1,161.02,1,161.21,1,161.49,1
2020-10-29 09:38:11,159.88,159.82,1,159.53,3,160.23,1,160.23,159.53,159.53,3,159.52,1,159.41,1,159.4,2,159.21,1,159.14,1,,,,,,,,,160.23,1,160.37,1,160.39,2,160.55,1,160.76,1,160.77,8,161.01,1,161.02,1,161.21,1,161.49,1
2020-10-29 09:38:12,159.88,159.82,1,159.53,3,160.23,1,160.23,159.53,159.53,3,159.52,1,159.41,1,159.4,2,159.21,1,159.14,1,,,,,,,,,160.23,1,160.37,1,160.39,2,160.55,1,160.76,1,160.77,8,161.01,1,161.02,1,161.21,1,161.49,1
2020-10-29 09:38:13,159.88,159.82,1,159.53,3,160.23,1,160.23,159.53,159.53,3,159.52,1,159.41,1,159.4,2,159.21,1,159.14,1,,,,,,,,,160.23,1,160.37,1,160.39,2,160.55,1,160.76,1,160.77,8,161.01,1,161.02,1,161.21,1,161.49,1
2020-10-29 09:38:14,159.88,159.82,1,159.53,1,160.23,1,160.23,159.53,159.53,1,159.52,1,159.41,1,159.4,2,159.21,1,159.14,1,,,,,,,,,160.23,1,160.37,1,160.39,2,160.55,1,160.76,1,160.77,8,161.01,1,161.02,1,161.21,1,161.49,1
2020-10-29 09:38:15,159.93,159.82,1,159.63,1,160.23,1,160.23,159.63,159.63,1,159.62,2,159.53,1,159.52,1,159.41,1,159.4,2,159.21,1,159.14,1,,,,,160.23,1,160.37,1,160.39,2,160.55,1,160.76,1,160.77,8,161.01,1,161.02,1,161.21,1,161.49,1
2020-10-29 09:38:16,159.93,159.82,1,159.63,1,160.23,1,160.23,159.63,159.63,1,159.62,2,159.53,1,159.52,1,159.41,1,159.4,2,159.21,1,159.14,1,,,,,160.23,1,160.37,1,160.39,2,160.55,1,160.76,1,160.77,8,161.01,1,161.02,1,161.21,1,161.49,1
2020-10-29 09:38:17,159.925,159.82,1,159.62,2,160.23,1,160.23,159.62,159.62,2,159.53,1,159.52,1,159.41,1,159.4,2,159.21,1,159.14,1,,,,,,,160.23,1,160.37,1,160.39,2,160.55,1,160.76,1,160.77,8,161.01,1,161.02,1,161.21,1,161.49,1
2020-10-29 09:38:18,160.01,159.82,1,159.79,1,160.23,1,160.23,159.79,159.79,1,159.78,1,159.56,1,159.55,2,159.53,1,159.52,1,159.41,1,159.4,2,159.21,1,159.14,1,160.23,1,160.37,1,160.39,2,160.55,1,160.76,1,160.77,8,161.01,1,161.02,1,161.21,1,161.49,1
2020-10-29 09:38:19,160.01,159.82,1,159.79,1,160.23,1,160.23,159.79,159.79,1,159.78,1,159.56,1,159.55,2,159.53,1,159.52,1,159.41,1,159.4,2,159.21,1,159.14,1,160.23,1,160.37,1,160.39,2,160.55,1,160.76,1,160.77,8,161.01,1,161.02,1,161.21,1,161.49,1
2020-10-29 09:38:20,159.96,159.82,1,159.69,1,160.23,1,160.23,159.69,159.69,1,159.68,2,159.56,1,159.55,2,159.53,1,159.52,1,159.41,1,159.4,2,159.21,1,159.14,1,160.23,1,160.37,1,160.39,2,160.55,1,160.76,1,160.77,8,161.01,1,161.02,1,161.21,1,161.49,1
2020-10-29 09:38:21,159.96,159.82,1,159.69,1,160.23,1,160.23,159.69,159.69,1,159.68,2,159.56,1,159.55,2,159.53,1,159.52,1,159.41,1,159.4,2,159.21,1,159.14,1,160.23,1,160.37,1,160.39,2,160.55,1,160.76,1,160.77,8,161.01,1,161.02,1,161.21,1,161.49,1
2020-10-29 09:38:22,159.895,159.82,1,159.56,1,160.23,1,160.23,159.56,159.56,1,159.55,2,159.53,1,159.52,1,159.41,1,159.4,2,159.21,1,159.14,1,,,,,160.23,1,160.37,1,160.39,2,160.55,1,160.76,1,160.77,8,161.01,1,161.02,1,161.21,1,161.49,1
2020-10-29 09:38:23,159.955,159.82,1,159.68,1,160.23,1,160.23,159.68,159.68,1,159.67,2,159.56,1,159.55,2,159.53,1,159.52,1,159.41,1,159.4,2,159.21,1,159.14,1,160.23,1,160.37,1,160.39,2,160.55,1,160.76,1,160.77,8,161.01,1,161.02,1,161.21,1,161.49,1
2020-10-29 09:38:24,159.955,159.82,1,159.68,1,160.23,1,160.23,159.68,159.68,1,159.67,2,159.56,1,159.55,2,159.53,1,159.52,1,159.41,1,159.4,2,159.21,1,159.14,1,160.23,1,160.37,1,160.39,2,160.55,1,160.76,1,160.77,8,161.01,1,161.02,1,161.21,1,161.49,1
2020-10-29 09:38:25,159.89,159.82,1,159.55,2,160.23,1,160.23,159.55,159.55,2,159.53,1,159.52,1,159.41,1,159.4,2,159.21,1,159.14,1,,,,,,,160.23,1,160.37,1,160.39,2,160.55,1,160.76,1,160.77,8,161.01,1,161.02,1,161.21,1,161.49,1
2020-10-29 09:38:26,159.975,159.82,1,159.56,1,160.39,2,160.39,159.56,159.56,1,159.55,2,159.53,1,159.52,1,159.41,1,159.4,2,159.21,1,159.14,1,,,,,160.39,2,160.55,1,160.76,1,160.77,8,161.01,1,161.02,1,161.21,1,161.49,1,,,,
2020-10-29 09:38:27,160.235,159.82,1,160.08,1,160.39,2,160.39,160.08,160.08,1,159.78,1,159.77,4,159.56,1,159.55,2,159.53,1,159.52,1,159.41,1,159.4,2,159.21,1,160.39,2,160.55,1,160.76,1,160.77,8,161.01,1,161.02,1,161.21,1,161.49,1,,,,
2020-10-29 09:38:28,160.235,159.82,1,160.08,1,160.39,2,160.39,160.08,160.08,1,159.78,1,159.77,4,159.56,1,159.55,2,159.53,1,159.52,1,159.41,1,159.4,2,159.21,1,160.39,2,160.55,1,160.76,1,160.77,8,161.01,1,161.02,1,161.21,1,161.49,1,,,,
2020-10-29 09:38:29,160.235,159.82,1,160.08,1,160.39,2,160.39,160.08,160.08,1,159.78,1,159.77,4,159.56,1,159.55,2,159.53,1,159.52,1,159.41,1,159.4,2,159.21,1,160.39,2,160.55,1,160.76,1,160.77,8,161.01,1,161.02,1,161.21,1,161.49,1,,,,
2020-10-29 09:38:30,160.235,159.82,1,160.08,1,160.39,2,160.39,160.08,160.08,1,159.78,1,159.77,4,159.56,1,159.55,2,159.53,1,159.52,1,159.41,1,159.4,2,159.21,1,160.39,2,160.55,1,160.76,1,160.77,8,161.01,1,161.02,1,161.21,1,161.49,1,,,,
2020-10-29 09:38:31,160.235,159.82,1,160.08,1,160.39,2,160.39,160.08,160.08,1,159.78,1,159.77,4,159.56,1,159.55,2,159.53,1,159.52,1,159.41,1,159.4,2,159.21,1,160.39,2,160.55,1,160.76,1,160.77,8,161.01,1,161.02,1,161.21,1,161.49,1,,,,
2020-10-29 09:38:32,160.235,159.82,1,160.08,1,160.39,2,160.39,160.08,160.08,1,159.78,1,159.77,4,159.56,1,159.55,2,159.53,1,159.52,1,159.41,1,159.4,2,159.21,1,160.39,2,160.55,1,160.76,1,160.77,8,161.01,1,161.02,1,161.21,1,161.49,1,,,,
2020-10-29 09:38:33,160.235,159.82,1,160.08,1,160.39,2,160.39,160.08,160.08,1,159.78,1,159.77,4,159.56,1,159.55,2,159.53,1,159.52,1,159.41,1,159.4,2,159.21,1,160.39,2,160.55,1,160.76,1,160.77,8,161.01,1,161.02,1,161.21,1,161.49,1,,,,
2020-10-29 09:38:34,160.235,159.82,1,160.08,1,160.39,2,160.39,160.08,160.08,1,159.78,1,159.77,4,159.56,1,159.55,2,159.53,1,159.52,1,159.41,1,159.4,2,159.21,1,160.39,2,160.55,1,160.76,1,160.77,8,161.01,1,161.02,1,161.21,1,161.49,1,,,,
2020-10-29 09:38:35,160.235,159.82,1,160.08,1,160.39,2,160.39,160.08,160.08,1,159.78,1,159.77,4,159.56,1,159.55,2,159.53,1,159.52,1,159.41,1,159.4,2,159.21,1,160.39,2,160.55,1,160.76,1,160.77,8,161.01,1,161.02,1,161.21,1,161.49,1,,,,
2020-10-29 09:38:36,160.235,159.82,1,160.08,1,160.39,2,160.39,160.08,160.08,1,159.78,1,159.77,4,159.56,1,159.55,2,159.53,1,159.52,1,159.41,1,159.4,2,159.21,1,160.39,2,160.55,1,160.76,1,160.77,8,161.01,1,161.02,1,161.21,1,161.49,1,,,,
2020-10-29 09:38:37,160.235,159.82,1,160.08,1,160.39,2,160.39,160.08,160.08,1,159.78,1,159.77,4,159.56,1,159.55,2,159.53,1,159.52,1,159.41,1,159.4,2,159.21,1,160.39,2,160.55,1,160.76,1,160.77,8,161.01,1,161.02,1,161.21,1,161.49,1,,,,
2020-10-29 09:38:38,160.235,159.82,1,160.08,1,160.39,2,160.39,160.08,160.08,1,159.78,1,159.77,4,159.56,1,159.55,2,159.53,1,159.52,1,159.41,1,159.4,2,159.21,1,160.39,2,160.55,1,160.76,1,160.77,8,161.01,1,161.02,1,161.21,1,161.49,1,,,,
2020-10-29 09:38:39,160.235,159.82,1,160.08,1,160.39,2,160.39,160.08,160.08,1,159.78,1,159.77,4,159.56,1,159.55,2,159.53,1,159.52,1,159.41,1,159.4,2,159.21,1,160.39,2,160.55,1,160.76,1,160.77,8,161.01,1,161.02,1,161.21,1,161.49,1,,,,
2020-10-29 09:38:40,160.295,160.39,1,160.08,1,160.51,1,160.51,160.08,160.08,1,159.78,1,159.77,4,159.56,1,159.55,2,159.53,1,159.52,1,159.41,1,159.4,2,159.21,1,160.51,1,160.55,1,160.76,1,160.77,8,161.01,1,161.02,1,161.21,1,161.49,1,,,,
2020-10-29 09:38:41,160.295,160.39,1,160.08,1,160.51,10,160.51,160.08,160.08,1,159.78,1,159.77,4,159.56,1,159.55,2,159.53,1,159.52,1,159.41,1,159.4,2,159.21,1,160.51,10,160.55,1,160.76,1,160.77,8,161.01,1,161.02,1,161.21,1,161.49,1,,,,
2020-10-29 09:38:42,160.295,160.39,1,160.08,1,160.51,10,160.51,160.08,160.08,1,159.78,1,159.77,4,159.56,1,159.55,2,159.53,1,159.52,1,159.41,1,159.4,2,159.21,1,160.51,10,160.55,1,160.76,1,160.77,8,161.01,1,161.02,1,161.21,1,161.49,1,,,,
2020-10-29 09:38:43,160.295,160.39,1,160.08,1,160.51,10,160.51,160.08,160.08,1,159.78,1,159.77,4,159.56,1,159.55,2,159.53,1,159.52,1,159.41,1,159.4,2,159.21,1,160.51,10,160.55,1,160.76,1,160.77,8,161.01,1,161.02,1,161.21,1,161.49,1,,,,
2020-10-29 09:38:44,160.28,160.39,1,160.08,1,160.48,1,160.48,160.08,160.08,1,159.78,1,159.77,4,159.56,1,159.55,2,159.53,1,159.52,1,159.41,1,159.4,2,159.21,1,160.48,1,160.49,2,160.51,9,160.55,1,160.76,1,160.77,8,161.01,1,161.02,1,161.21,1,161.49,1
2020-10-29 09:38:45,160.285,160.39,1,160.08,1,160.49,2,160.49,160.08,160.08,1,159.78,1,159.77,4,159.56,1,159.55,2,159.53,1,159.52,1,159.41,1,159.4,2,159.21,1,160.49,2,160.51,9,160.55,1,160.76,1,160.77,8,161.01,1,161.02,1,161.21,1,161.49,1,,
2020-10-29 09:38:46,160.285,160.39,1,160.08,1,160.49,2,160.49,160.08,160.08,1,159.78,1,159.77,4,159.56,1,159.55,2,159.53,1,159.52,1,159.41,1,159.4,2,159.21,1,160.49,2,160.51,9,160.55,1,160.76,1,160.77,8,161.01,1,161.02,1,161.21,1,161.49,1,,
2020-10-29 09:38:47,160.285,160.39,1,160.08,1,160.49,2,160.49,160.08,160.08,1,159.78,1,159.77,4,159.56,1,159.55,2,159.53,1,159.52,1,159.41,1,159.4,2,159.21,1,160.49,2,160.51,9,160.55,1,160.76,1,160.77,8,161.01,1,161.02,1,161.21,1,161.49,1,,
2020-10-29 09:38:48,160.225,160.39,1,160.08,1,160.37,1,160.37,160.08,160.08,1,159.78,1,159.77,4,159.56,1,159.55,2,159.53,1,159.52,1,159.41,1,159.4,2,159.21,1,160.37,1,160.49,2,160.51,9,160.55,1,160.76,1,160.77,8,161.01,1,161.02,1,161.21,1,161.49,1
2020-10-29 09:38:49,160.225,160.39,1,160.08,1,160.37,1,160.37,160.08,160.08,1,159.78,1,159.77,4,159.56,1,159.55,2,159.53,1,159.52,1,159.41,1,159.4,2,159.21,1,160.37,1,160.49,2,160.51,9,160.55,1,160.76,1,160.77,8,161.01,1,161.02,1,161.21,1,161.49,1
2020-10-29 09:38:50,160.225,160.39,1,160.08,1,160.37,1,160.37,160.08,160.08,1,159.78,1,159.77,4,159.56,1,159.55,2,159.53,1,159.52,1,159.41,1,159.4,2,159.21,1,160.37,1,160.49,2,160.51,9,160.55,1,160.76,1,160.77,8,161.01,1,161.02,1,161.21,1,161.49,1
2020-10-29 09:38:51,160.225,160.39,1,160.08,1,160.37,1,160.37,160.08,160.08,1,159.78,1,159.77,4,159.56,1,159.55,2,159.53,1,159.52,1,159.41,1,159.4,2,159.21,1,160.37,1,160.49,2,160.51,9,160.55,1,160.76,1,160.77,8,161.01,1,161.02,1,161.21,1,161.49,1
2020-10-29 09:38:52,160.225,160.39,1,160.08,1,160.37,1,160.37,160.08,160.08,1,159.78,1,159.77,4,159.56,1,159.55,2,159.53,1,159.52,1,159.41,1,159.4,2,159.21,1,160.37,1,160.49,2,160.51,9,160.55,1,160.76,1,160.77,8,161.01,1,161.02,1,161.21,1,161.49,1
2020-10-29 09:38:53,160.225,160.39,1,160.08,1,160.37,1,160.37,160.08,160.08,1,159.78,1,159.77,4,159.56,1,159.55,2,159.53,1,159.52,1,159.41,1,159.4,2,159.21,1,160.37,1,160.49,2,160.51,9,160.55,1,160.76,1,160.77,8,161.01,1,161.02,1,161.21,1,161.49,1
2020-10-29 09:38:54,160.245,160.39,1,160.12,1,160.37,1,160.37,160.12,160.12,1,160.08,1,159.78,1,159.77,4,159.56,1,159.55,2,159.53,1,159.52,1,159.41,1,159.4,2,160.37,1,160.49,2,160.51,9,160.55,1,160.76,1,160.77,8,161.01,1,161.02,1,161.21,1,161.49,1
2020-10-29 09:38:55,160.245,160.39,1,160.12,1,160.37,1,160.37,160.12,160.12,1,160.08,1,159.78,1,159.77,4,159.56,1,159.55,2,159.53,1,159.52,1,159.41,1,159.4,2,160.37,1,160.49,2,160.51,9,160.55,1,160.76,1,160.77,8,161.01,1,161.02,1,161.21,1,161.49,1
2020-10-29 09:38:56,160.245,160.39,1,160.12,1,160.37,1,160.37,160.12,160.12,1,160.08,1,159.78,1,159.77,4,159.56,1,159.55,2,159.53,1,159.52,1,159.41,1,159.4,2,160.37,1,160.49,2,160.51,9,160.55,1,160.76,1,160.77,8,161.01,1,161.02,1,161.21,1,161.49,1
2020-10-29 09:38:57,160.225,160.39,1,160.08,1,160.37,1,160.37,160.08,160.08,1,159.78,1,159.77,4,159.56,1,159.55,2,159.53,1,159.52,1,159.41,1,159.4,2,159.21,1,160.37,1,160.49,2,160.51,9,160.55,1,160.76,1,160.77,8,161.01,1,161.02,1,161.21,1,161.49,1
2020-10-29 09:38:58,160.225,160.39,1,160.08,1,160.37,1,160.37,160.08,160.08,1,159.78,1,159.77,4,159.56,1,159.55,2,159.53,1,159.52,1,159.41,1,159.4,2,159.21,1,160.37,1,160.49,2,160.51,9,160.55,1,160.76,1,160.77,8,161.01,1,161.02,1,161.21,1,161.49,1
2020-10-29 09:38:59,160.225,160.39,1,160.08,1,160.37,1,160.37,160.08,160.08,1,159.78,1,159.77,4,159.56,1,159.55,2,159.53,1,159.52,1,159.41,1,159.4,2,159.21,1,160.37,1,160.49,2,160.51,9,160.55,1,160.76,1,160.77,8,161.01,1,161.02,1,161.21,1,161.49,1
2020-10-29 09:39:00,160.225,160.39,1,160.08,1,160.37,1,160.37,160.08,160.08,1,159.78,1,159.77,4,159.56,1,159.55,2,159.53,1,159.52,1,159.41,1,159.4,2,159.21,1,160.37,1,160.49,2,160.51,9,160.55,1,160.76,1,160.77,8,161.01,1,161.02,1,161.21,1,161.49,1
2020-10-29 09:39:01,160.265,160.39,1,160.16,2,160.37,1,160.37,160.16,160.16,2,160.08,1,159.78,1,159.77,4,159.56,1,159.55,2,159.53,1,159.52,1,159.41,1,159.4,2,160.37,1,160.49,2,160.51,9,160.55,1,160.76,1,160.77,8,161.01,1,161.02,1,161.21,1,161.49,1
2020-10-29 09:39:02,160.265,160.39,1,160.16,2,160.37,1,160.37,160.16,160.16,2,160.08,1,159.78,1,159.77,4,159.56,1,159.55,2,159.53,1,159.52,1,159.41,1,159.4,2,160.37,1,160.49,2,160.51,9,160.55,1,160.76,1,160.77,8,161.01,1,161.02,1,161.21,1,161.49,1
2020-10-29 09:39:03,160.265,160.39,1,160.16,2,160.37,1,160.37,160.16,160.16,2,160.08,1,159.78,1,159.77,4,159.56,1,159.55,2,159.53,1,159.52,1,159.41,1,159.4,2,160.37,1,160.49,2,160.51,9,160.55,1,160.76,1,160.77,8,161.01,1,161.02,1,161.21,1,161.49,1
2020-10-29 09:39:04,160.265,160.39,1,160.16,2,160.37,1,160.37,160.16,160.16,2,160.08,1,159.78,1,159.77,4,159.56,1,159.55,2,159.53,1,159.52,1,159.41,1,159.4,2,160.37,1,160.49,2,160.51,9,160.55,1,160.76,1,160.77,8,161.01,1,161.02,1,161.21,1,161.49,1
2020-10-29 09:39:05,160.265,160.39,1,160.16,2,160.37,1,160.37,160.16,160.16,2,160.08,1,159.78,1,159.77,4,159.56,1,159.55,2,159.53,1,159.52,1,159.41,1,159.4,2,160.37,1,160.49,2,160.51,9,160.55,1,160.76,1,160.77,8,161.01,1,161.02,1,161.21,1,161.49,1
2020-10-29 09:39:06,160.265,160.39,1,160.16,2,160.37,1,160.37,160.16,160.16,2,160.08,1,159.78,1,159.77,4,159.56,1,159.55,2,159.53,1,159.52,1,159.41,1,159.4,2,160.37,1,160.49,2,160.51,9,160.55,1,160.76,1,160.77,8,161.01,1,161.02,1,161.21,1,161.49,1
2020-10-29 09:39:07,160.265,160.37,1,160.16,2,160.37,1,160.37,160.16,160.16,2,160.08,1,159.78,1,159.77,4,159.56,1,159.55,2,159.53,1,159.52,1,159.41,1,159.4,2,160.37,1,160.49,2,160.51,9,160.55,1,160.76,1,160.77,8,161.01,1,161.02,1,161.21,1,161.49,1
2020-10-29 09:39:08,160.265,160.37,1,160.16,2,160.37,1,160.37,160.16,160.16,2,160.08,1,159.78,1,159.77,4,159.56,1,159.55,2,159.53,1,159.52,1,159.41,1,159.4,2,160.37,1,160.49,2,160.51,9,160.55,1,160.76,1,160.77,8,161.01,1,161.02,1,161.21,1,161.49,1
2020-10-29 09:39:09,160.265,160.37,1,160.16,2,160.37,1,160.37,160.16,160.16,2,160.08,1,159.78,1,159.77,4,159.56,1,159.55,2,159.53,1,159.52,1,159.41,1,159.4,2,160.37,1,160.49,2,160.51,9,160.55,1,160.76,1,160.77,8,161.01,1,161.02,1,161.21,1,161.49,1
2020-10-29 09:39:10,160.28,160.37,1,160.19,1,160.37,1,160.37,160.19,160.19,1,160.16,2,160.08,1,159.78,1,159.77,4,159.56,1,159.55,2,159.53,1,159.52,1,159.41,1,160.37,1,160.49,2,160.51,9,160.55,1,160.76,1,160.77,8,161.01,1,161.02,1,161.21,1,161.49,1
2020-10-29 09:39:11,160.095,160.16,2,159.83,1,160.36,1,160.36,159.83,159.83,1,159.82,2,159.78,1,159.77,4,159.56,1,159.55,2,159.53,1,159.52,1,159.41,1,159.4,2,160.36,1,160.37,1,160.49,2,160.51,9,160.55,1,160.76,1,160.77,8,161.01,1,161.02,1,161.21,1
2020-10-29 09:39:12,160.015,160.16,2,159.71,1,160.32,3,160.32,159.71,159.71,1,159.7,1,159.56,1,159.55,2,159.53,1,159.52,1,159.41,1,159.4,2,159.21,1,159.14,1,160.32,3,160.36,1,160.37,1,160.49,2,160.51,9,160.55,1,160.76,1,160.77,8,161.01,1,161.02,1
2020-10-29 09:39:13,160.015,160.16,2,159.71,1,160.32,3,160.32,159.71,159.71,1,159.7,1,159.56,1,159.55,2,159.53,1,159.52,1,159.41,1,159.4,2,159.21,1,159.14,1,160.32,3,160.36,1,160.37,1,160.49,2,160.51,9,160.55,1,160.76,1,160.77,8,161.01,1,161.02,1
2020-10-29 09:39:14,160.015,160.16,2,159.71,1,160.32,3,160.32,159.71,159.71,1,159.7,6,159.56,1,159.55,2,159.53,1,159.52,1,159.41,1,159.4,2,159.21,1,159.14,1,160.32,3,160.36,1,160.37,1,160.49,2,160.51,9,160.55,1,160.76,1,160.77,8,161.01,1,161.02,1
2020-10-29 09:39:15,160.015,160.16,2,159.71,1,160.32,3,160.32,159.71,159.71,1,159.7,6,159.56,1,159.55,2,159.53,1,159.52,1,159.41,1,159.4,2,159.21,1,159.14,1,160.32,3,160.36,1,160.37,1,160.49,2,160.51,9,160.55,1,160.76,1,160.77,8,161.01,1,161.02,1
2020-10-29 09:39:16,160.015,160.17,1,159.71,1,160.32,1,160.32,159.71,159.71,1,159.7,1,159.56,1,159.55,2,159.53,1,159.52,1,159.41,1,159.4,2,159.21,1,159.14,1,160.32,1,160.36,1,160.37,1,160.49,2,160.51,9,160.55,1,160.76,1,160.77,8,161.01,1,161.02,1
2020-10-29 09:39:17,160.015,160.17,1,159.71,1,160.32,1,160.32,159.71,159.71,1,159.7,1,159.56,1,159.55,2,159.53,1,159.52,1,159.41,1,159.4,2,159.21,1,159.14,1,160.32,1,160.36,1,160.37,1,160.49,2,160.51,9,160.55,1,160.76,1,160.77,8,161.01,1,161.02,1
2020-10-29 09:39:18,160.21,160.17,1,160.1,1,160.32,1,160.32,160.1,160.1,1,160.09,1,160.08,1,160.07,1,159.71,1,159.7,1,159.56,1,159.55,2,159.53,1,159.52,1,160.32,1,160.36,1,160.37,1,160.49,2,160.51,9,160.55,1,160.76,1,160.77,8,161.01,1,161.02,1
2020-10-29 09:39:19,160.015,160.17,1,159.71,1,160.32,1,160.32,159.71,159.71,1,159.7,1,159.56,1,159.55,2,159.53,1,159.52,1,159.41,1,159.4,2,159.21,1,159.14,1,160.32,1,160.36,1,160.37,1,160.49,2,160.51,9,160.55,1,160.76,1,160.77,8,161.01,1,161.02,1
2020-10-29 09:39:20,160.015,160.17,1,159.71,1,160.32,1,160.32,159.71,159.71,1,159.7,1,159.56,1,159.55,2,159.53,1,159.52,1,159.41,1,159.4,2,159.21,1,159.14,1,160.32,1,160.36,1,160.37,1,160.49,2,160.51,9,160.55,1,160.76,1,160.77,8,161.01,1,161.02,1
2020-10-29 09:39:21,160.015,160.17,1,159.71,1,160.32,1,160.32,159.71,159.71,1,159.7,1,159.56,1,159.55,2,159.53,1,159.52,1,159.41,1,159.4,2,159.21,1,159.14,1,160.32,1,160.36,1,160.37,1,160.49,2,160.51,9,160.55,1,160.76,1,160.77,8,161.01,1,161.02,1
2020-10-29 09:39:22,159.905,160.1,1,159.56,1,160.25,1,160.25,159.56,159.56,1,159.53,2,159.52,1,159.41,1,159.4,2,159.21,1,159.14,1,,,,,,,160.25,1,160.44,2,160.49,2,160.51,9,160.55,1,160.76,1,160.77,8,161.01,1,161.02,1,161.21,1
2020-10-29 09:39:23,159.935,160.1,1,159.62,4,160.25,3,160.25,159.62,159.62,4,159.61,10,159.57,1,159.56,2,159.53,2,159.52,1,159.41,1,159.4,2,159.21,1,159.14,1,160.25,3,160.44,2,160.49,2,160.51,9,160.55,1,160.76,1,160.77,8,161.01,1,161.02,1,161.21,1
2020-10-29 09:39:24,160.01,160.1,1,159.77,1,160.25,3,160.25,159.77,159.77,1,159.76,1,159.62,4,159.61,10,159.57,1,159.56,2,159.53,2,159.52,1,159.41,1,159.4,2,160.25,3,160.44,2,160.49,2,160.51,9,160.55,1,160.76,1,160.77,8,161.01,1,161.02,1,161.21,1
2020-10-29 09:39:25,160.005,160.1,1,159.76,1,160.25,3,160.25,159.76,159.76,1,159.62,4,159.61,10,159.57,1,159.56,2,159.53,2,159.52,1,159.41,1,159.4,2,159.21,1,160.25,3,160.44,2,160.49,2,160.51,9,160.55,1,160.76,1,160.77,8,161.01,1,161.02,1,161.21,1
2020-10-29 09:39:26,160.01,160.1,1,159.77,1,160.25,3,160.25,159.77,159.77,1,159.76,1,159.62,4,159.61,10,159.57,1,159.56,2,159.53,2,159.52,1,159.41,1,159.4,2,160.25,3,160.44,2,160.49,2,160.51,9,160.55,1,160.76,1,160.77,8,161.01,1,161.02,1,161.21,1
2020-10-29 09:39:27,160.005,160.1,1,159.76,1,160.25,3,160.25,159.76,159.76,1,159.62,4,159.61,10,159.57,1,159.56,2,159.53,2,159.52,1,159.41,1,159.4,2,159.21,1,160.25,3,160.44,2,160.49,2,160.51,9,160.55,1,160.76,1,160.77,8,161.01,1,161.02,1,161.21,1
2020-10-29 09:39:28,160.005,160.1,1,159.76,1,160.25,3,160.25,159.76,159.76,1,159.62,4,159.61,10,159.57,1,159.56,2,159.53,2,159.52,1,159.41,1,159.4,2,159.21,1,160.25,3,160.44,2,160.49,2,160.51,9,160.55,1,160.76,1,160.77,8,161.01,1,161.02,1,161.21,1
2020-10-29 09:39:29,160.005,160.1,1,159.76,1,160.25,3,160.25,159.76,159.76,1,159.62,4,159.61,10,159.57,1,159.56,2,159.53,2,159.52,1,159.41,1,159.4,2,159.21,1,160.25,3,160.44,2,160.49,2,160.51,9,160.55,1,160.76,1,160.77,8,161.01,1,161.02,1,161.21,1
2020-10-29 09:39:30,160.005,160.1,1,159.76,1,160.25,3,160.25,159.76,159.76,1,159.62,4,159.61,10,159.57,1,159.56,2,159.53,2,159.52,1,159.41,1,159.4,2,159.21,1,160.25,3,160.44,2,160.49,2,160.51,9,160.55,1,160.76,1,160.77,8,161.01,1,161.02,1,161.21,1
2020-10-29 09:39:32,160.005,160.1,1,159.76,1,160.25,3,160.25,159.76,159.76,1,159.62,4,159.61,10,159.57,1,159.56,2,159.53,2,159.52,1,159.41,1,159.4,2,159.21,1,160.25,3,160.44,2,160.49,2,160.51,9,160.55,1,160.76,1,160.77,8,161.01,1,161.02,1,161.21,1
2020-10-29 09:39:32,160.005,160.1,1,159.76,1,160.25,3,160.25,159.76,159.76,1,159.62,4,159.61,10,159.57,1,159.56,2,159.53,2,159.52,1,159.41,1,159.4,2,159.21,1,160.25,3,160.44,2,160.49,2,160.51,9,160.55,1,160.76,1,160.77,8,161.01,1,161.02,1,161.21,1
2020-10-29 09:39:34,160.005,160.1,1,159.76,1,160.25,3,160.25,159.76,159.76,1,159.62,4,159.61,10,159.57,1,159.56,2,159.53,2,159.52,1,159.41,1,159.4,2,159.21,1,160.25,3,160.44,2,160.49,2,160.51,9,160.55,1,160.76,1,160.77,8,161.01,1,161.02,1,161.21,1
2020-10-29 09:39:34,160.005,160.1,1,159.76,1,160.25,3,160.25,159.76,159.76,1,159.62,4,159.61,10,159.57,1,159.56,2,159.53,2,159.52,1,159.41,1,159.4,2,159.21,1,160.25,3,160.44,2,160.49,2,160.51,9,160.55,1,160.76,1,160.77,8,161.01,1,161.02,1,161.21,1
2020-10-29 09:39:35,160.005,160.1,1,159.76,1,160.25,3,160.25,159.76,159.76,1,159.62,4,159.61,10,159.57,1,159.56,2,159.53,2,159.52,1,159.41,1,159.4,2,159.21,1,160.25,3,160.44,2,160.49,2,160.51,9,160.55,1,160.76,1,160.77,8,161.01,1,161.02,1,161.21,1
2020-10-29 09:39:37,160.005,160.1,1,159.76,1,160.25,3,160.25,159.76,159.76,1,159.62,4,159.61,10,159.57,1,159.56,2,159.53,2,159.52,1,159.41,1,159.4,2,159.21,1,160.25,3,160.44,2,160.49,2,160.51,9,160.55,1,160.76,1,160.77,8,161.01,1,161.02,1,161.21,1
2020-10-29 09:39:38,160.005,160.1,1,159.76,1,160.25,3,160.25,159.76,159.76,1,159.62,4,159.61,10,159.57,1,159.56,2,159.53,2,159.52,1,159.41,1,159.4,2,159.21,1,160.25,3,160.44,2,160.49,2,160.51,9,160.55,1,160.76,1,160.77,8,161.01,1,161.02,1,161.21,1
2020-10-29 09:39:39,159.98,160.1,1,159.76,2,160.2,1,160.2,159.76,159.76,2,159.62,4,159.61,10,159.57,1,159.56,2,159.53,2,159.52,1,159.41,1,159.4,2,159.21,1,160.2,1,160.25,2,160.44,2,160.49,2,160.51,9,160.55,1,160.76,1,160.77,8,161.01,1,161.02,1
2020-10-29 09:39:40,159.98,160.1,1,159.76,2,160.2,1,160.2,159.76,159.76,2,159.62,4,159.61,10,159.57,1,159.56,2,159.53,2,159.52,1,159.41,1,159.4,2,159.21,1,160.2,1,160.25,2,160.44,2,160.49,2,160.51,9,160.55,1,160.76,1,160.77,8,161.01,1,161.02,1
2020-10-29 09:39:41,159.98,160.1,1,159.76,2,160.2,1,160.2,159.76,159.76,2,159.62,4,159.61,10,159.57,1,159.56,2,159.53,2,159.52,1,159.41,1,159.4,2,159.21,1,160.2,1,160.25,2,160.44,2,160.49,2,160.51,9,160.55,1,160.76,1,160.77,8,161.01,1,161.02,1
2020-10-29 09:39:41,159.985,160.1,1,159.77,1,160.2,1,160.2,159.77,159.77,1,159.76,1,159.62,4,159.61,10,159.57,1,159.56,2,159.53,2,159.52,1,159.41,1,159.4,2,160.2,1,160.25,2,160.44,2,160.49,2,160.51,9,160.55,1,160.76,1,160.77,8,161.01,1,161.02,1
2020-10-29 09:39:43,159.985,160.1,1,159.77,1,160.2,1,160.2,159.77,159.77,1,159.76,1,159.62,4,159.61,10,159.57,1,159.56,2,159.53,2,159.52,1,159.41,1,159.4,2,160.2,1,160.25,2,160.44,2,160.49,2,160.51,9,160.55,1,160.76,1,160.77,8,161.01,1,161.02,1
2020-10-29 09:39:44,159.995,160.1,1,159.79,1,160.2,1,160.2,159.79,159.79,1,159.78,1,159.77,1,159.76,1,159.62,4,159.61,10,159.57,1,159.56,2,159.53,2,159.52,1,160.2,1,160.25,2,160.44,2,160.49,2,160.51,9,160.55,1,160.76,1,160.77,8,161.01,1,161.02,1
2020-10-29 09:39:45,159.995,160.1,1,159.79,1,160.2,1,160.2,159.79,159.79,1,159.78,1,159.77,1,159.76,1,159.62,4,159.61,10,159.57,1,159.56,2,159.53,2,159.52,1,160.2,1,160.25,2,160.44,2,160.49,2,160.51,9,160.55,1,160.76,1,160.77,8,161.01,1,161.02,1
2020-10-29 09:39:46,159.995,160.1,1,159.79,1,160.2,1,160.2,159.79,159.79,1,159.78,1,159.77,1,159.76,1,159.62,4,159.61,10,159.57,1,159.56,2,159.53,2,159.52,1,160.2,1,160.25,2,160.44,2,160.49,2,160.51,9,160.55,1,160.76,1,160.77,8,161.01,1,161.02,1
2020-10-29 09:39:46,159.995,160.1,1,159.79,1,160.2,1,160.2,159.79,159.79,1,159.78,1,159.77,1,159.76,1,159.62,4,159.61,10,159.57,1,159.56,2,159.53,2,159.52,1,160.2,1,160.25,2,160.44,2,160.49,2,160.51,9,160.55,1,160.76,1,160.77,8,161.01,1,161.02,1
2020-10-29 09:39:48,159.995,160.1,1,159.79,1,160.2,1,160.2,159.79,159.79,1,159.78,1,159.77,1,159.76,1,159.62,4,159.61,10,159.57,1,159.56,2,159.53,2,159.52,1,160.2,1,160.25,2,160.44,2,160.49,2,160.51,9,160.55,1,160.76,1,160.77,8,161.01,1,161.02,1
2020-10-29 09:39:49,159.995,160.1,1,159.79,1,160.2,1,160.2,159.79,159.79,1,159.78,1,159.77,1,159.76,1,159.62,4,159.61,10,159.57,1,159.56,2,159.53,2,159.52,1,160.2,1,160.25,2,160.44,2,160.49,2,160.51,9,160.55,1,160.76,1,160.77,8,161.01,1,161.02,1
2020-10-29 09:39:50,159.99,159.79,1,159.78,1,160.2,1,160.2,159.78,159.78,1,159.77,1,159.76,1,159.62,4,159.61,10,159.57,1,159.56,2,159.53,2,159.52,1,159.41,1,160.2,1,160.25,2,160.44,2,160.49,2,160.51,9,160.55,1,160.76,1,160.77,8,161.01,1,161.02,1
2020-10-29 09:39:51,159.96,159.8,1,159.8,2,160.12,2,160.12,159.8,159.8,2,159.78,1,159.77,1,159.76,1,159.62,4,159.61,10,159.57,1,159.56,2,159.53,2,159.52,1,160.12,2,160.13,11,160.14,1,160.15,2,160.2,1,160.25,2,160.44,2,160.49,2,160.51,9,160.55,1
2020-10-29 09:39:52,159.96,159.8,1,159.8,2,160.12,2,160.12,159.8,159.8,2,159.78,1,159.77,1,159.76,1,159.62,4,159.61,10,159.57,1,159.56,2,159.53,2,159.52,1,160.12,2,160.13,11,160.14,1,160.15,2,160.2,1,160.25,2,160.44,2,160.49,2,160.51,9,160.55,1
2020-10-29 09:39:53,159.96,159.8,1,159.8,2,160.12,2,160.12,159.8,159.8,2,159.78,1,159.77,1,159.76,1,159.62,4,159.61,10,159.57,1,159.56,2,159.53,2,159.52,1,160.12,2,160.13,11,160.14,1,160.15,2,160.2,1,160.25,2,160.44,2,160.49,2,160.51,9,160.55,1
2020-10-29 09:39:54,159.96,159.8,1,159.8,2,160.12,1,160.12,159.8,159.8,2,159.78,1,159.77,1,159.76,1,159.62,4,159.61,10,159.57,1,159.56,2,159.53,2,159.52,1,160.12,1,160.13,11,160.14,1,160.15,2,160.2,1,160.25,2,160.44,2,160.49,2,160.51,9,160.55,1
2020-10-29 09:39:55,159.95,159.8,1,159.8,2,160.1,1,160.1,159.8,159.8,2,159.78,1,159.77,1,159.76,1,159.62,4,159.61,10,159.57,1,159.56,2,159.53,2,159.52,1,160.1,1,160.11,1,160.12,1,160.13,11,160.14,1,160.15,2,160.2,1,160.25,2,160.44,2,160.49,2
2020-10-29 09:39:56,159.945,159.8,1,159.8,2,160.09,1,160.09,159.8,159.8,2,159.78,1,159.77,1,159.76,1,159.62,4,159.61,10,159.57,1,159.56,2,159.53,2,159.52,1,160.09,1,160.1,1,160.11,1,160.12,1,160.13,11,160.14,1,160.15,2,160.2,1,160.25,2,160.44,2
2020-10-29 09:39:57,159.95,159.8,1,159.81,1,160.09,1,160.09,159.81,159.81,1,159.8,2,159.78,1,159.77,1,159.76,1,159.62,4,159.61,10,159.57,1,159.56,2,159.53,2,160.09,1,160.1,1,160.11,1,160.12,1,160.13,11,160.14,1,160.15,2,160.2,1,160.25,2,160.44,2
2020-10-29 09:39:58,159.95,159.8,1,159.81,1,160.09,1,160.09,159.81,159.81,1,159.8,2,159.78,1,159.77,1,159.76,1,159.62,4,159.61,10,159.57,1,159.56,2,159.53,2,160.09,1,160.1,1,160.11,1,160.12,1,160.13,11,160.14,1,160.15,2,160.2,1,160.25,2,160.44,2
