sim_time,mid_price,last_price,last_size,best_bid_price,best_bid_size,best_ask_price,best_ask_size,close_price_buy,close_price_sell,bid1_price,bid1_size,bid2_price,bid2_size,bid3_price,bid3_size,bid4_price,bid4_size,bid5_price,bid5_size,bid6_price,bid6_size,bid7_price,bid7_size,bid8_price,bid8_size,bid9_price,bid9_size,bid10_price,bid10_size,ask1_price,ask1_size,ask2_price,ask2_size,ask3_price,ask3_size,ask4_price,ask4_size,ask5_price,ask5_size,ask6_price,ask6_size,ask7_price,ask7_size,ask8_price,ask8_size,ask9_price,ask9_size,ask10_price,ask10_size
2026-02-05 09:30:17,234.26,0.0,0,231.29,100,237.23,100,237.23,231.29,231.29,100,221.97,200,,,,,,,,,,,,,,,,,237.23,100,246.75,200,247.23,100,,,,,,,,,,,,,,
2026-02-05 09:30:18,234.26,0.0,0,231.29,100,237.23,100,237.23,231.29,231.29,100,221.97,200,,,,,,,,,,,,,,,,,237.23,100,246.75,200,247.23,100,,,,,,,,,,,,,,
2026-02-05 09:30:20,234.26,0.0,0,231.29,100,237.23,100,237.23,231.29,231.29,100,221.97,200,,,,,,,,,,,,,,,,,237.23,100,246.75,200,247.23,100,,,,,,,,,,,,,,
2026-02-05 09:30:21,234.26,0.0,0,231.29,100,237.23,100,237.23,231.29,231.29,100,221.97,200,,,,,,,,,,,,,,,,,237.23,100,246.75,200,247.23,100,,,,,,,,,,,,,,
2026-02-05 09:30:22,234.26,0.0,0,231.29,100,237.23,100,237.23,231.29,231.29,100,221.97,200,,,,,,,,,,,,,,,,,237.23,100,246.75,200,247.23,100,,,,,,,,,,,,,,
2026-02-05 09:30:22,234.26,0.0,0,231.29,100,237.23,100,237.23,231.29,231.29,100,221.97,200,,,,,,,,,,,,,,,,,237.23,100,246.75,200,247.23,100,,,,,,,,,,,,,,
2026-02-05 09:30:24,234.26,0.0,0,231.29,100,237.23,100,237.23,231.29,231.29,100,221.97,200,,,,,,,,,,,,,,,,,237.23,100,246.75,200,247.23,100,,,,,,,,,,,,,,
2026-02-05 09:30:25,234.26,0.0,0,231.29,100,237.23,100,237.23,231.29,231.29,100,221.97,200,,,,,,,,,,,,,,,,,237.23,100,246.75,200,247.23,100,,,,,,,,,,,,,,
2026-02-05 09:30:26,234.26,0.0,0,231.29,100,237.23,100,237.23,231.29,231.29,100,221.97,200,,,,,,,,,,,,,,,,,237.23,100,246.75,200,247.23,100,,,,,,,,,,,,,,
2026-02-05 09:30:27,234.26,0.0,0,231.29,100,237.23,100,237.23,231.29,231.29,100,221.97,200,,,,,,,,,,,,,,,,,237.23,100,246.75,200,247.23,100,,,,,,,,,,,,,,
2026-02-05 09:30:28,233.905,0.0,0,231.29,100,236.52,100,236.52,231.29,231.29,100,221.97,200,,,,,,,,,,,,,,,,,236.52,100,237.23,100,246.75,200,247.23,100,,,,,,,,,,,,
2026-02-05 09:30:29,233.905,0.0,0,231.29,100,236.52,100,236.52,231.29,231.29,100,221.97,200,,,,,,,,,,,,,,,,,236.52,100,237.23,100,246.75,200,247.23,100,,,,,,,,,,,,
2026-02-05 09:30:30,233.905,0.0,0,231.29,100,236.52,100,236.52,231.29,231.29,100,221.97,200,,,,,,,,,,,,,,,,,236.52,100,237.23,100,246.75,200,247.23,100,,,,,,,,,,,,
2026-02-05 09:30:31,233.905,0.0,0,231.29,100,236.52,100,236.52,231.29,231.29,100,221.97,200,,,,,,,,,,,,,,,,,236.52,100,237.23,100,246.75,200,247.23,100,,,,,,,,,,,,
2026-02-05 09:30:32,233.905,0.0,0,231.29,100,236.52,100,236.52,231.29,231.29,100,221.97,200,,,,,,,,,,,,,,,,,236.52,100,237.23,100,246.75,200,247.23,100,,,,,,,,,,,,
2026-02-05 09:30:33,233.905,0.0,0,231.29,100,236.52,100,236.52,231.29,231.29,100,221.97,200,,,,,,,,,,,,,,,,,236.52,100,237.23,100,246.75,200,247.23,100,,,,,,,,,,,,
2026-02-05 09:30:34,234.765,0.0,0,233.01,100,236.52,100,236.52,233.01,233.01,100,231.29,100,221.97,200,,,,,,,,,,,,,,,236.52,100,237.23,100,246.75,200,247.23,100,,,,,,,,,,,,
2026-02-05 09:30:35,234.765,0.0,0,233.01,100,236.52,100,236.52,233.01,233.01,100,231.29,100,221.97,200,,,,,,,,,,,,,,,236.52,100,237.23,100,246.75,200,247.23,100,,,,,,,,,,,,
2026-02-05 09:30:36,234.765,0.0,0,233.01,200,236.52,100,236.52,233.01,233.01,200,231.29,100,221.97,200,,,,,,,,,,,,,,,236.52,100,237.23,100,246.75,200,247.23,100,,,,,,,,,,,,
2026-02-05 09:30:37,234.765,0.0,0,233.01,100,236.52,100,236.52,233.01,233.01,100,231.29,100,221.97,200,,,,,,,,,,,,,,,236.52,100,237.23,100,246.75,200,247.23,100,,,,,,,,,,,,
2026-02-05 09:30:38,234.765,0.0,0,233.01,100,236.52,100,236.52,233.01,233.01,100,231.29,100,221.97,200,,,,,,,,,,,,,,,236.52,100,237.23,100,246.75,200,247.23,100,,,,,,,,,,,,
2026-02-05 09:30:39,235.145,0.0,0,233.77,100,236.52,100,236.52,233.77,233.77,100,231.29,100,221.97,200,,,,,,,,,,,,,,,236.52,100,237.23,100,246.75,200,247.23,100,,,,,,,,,,,,
2026-02-05 09:30:40,233.905,0.0,0,231.29,100,236.52,100,236.52,231.29,231.29,100,221.97,200,,,,,,,,,,,,,,,,,236.52,100,237.23,100,246.75,200,247.23,100,,,,,,,,,,,,
2026-02-05 09:30:41,233.905,0.0,0,231.29,100,236.52,100,236.52,231.29,231.29,100,221.97,200,,,,,,,,,,,,,,,,,236.52,100,237.23,100,246.75,200,247.23,100,,,,,,,,,,,,
2026-02-05 09:30:41,233.905,0.0,0,231.29,100,236.52,100,236.52,231.29,231.29,100,221.97,200,,,,,,,,,,,,,,,,,236.52,100,237.23,100,246.75,200,247.23,100,,,,,,,,,,,,
2026-02-05 09:30:43,233.905,0.0,0,231.29,100,236.52,100,236.52,231.29,231.29,100,221.97,200,,,,,,,,,,,,,,,,,236.52,100,237.23,100,246.75,200,247.23,100,,,,,,,,,,,,
2026-02-05 09:30:44,233.905,0.0,0,231.29,100,236.52,100,236.52,231.29,231.29,100,221.97,200,,,,,,,,,,,,,,,,,236.52,100,237.23,100,246.75,200,247.23,100,,,,,,,,,,,,
2026-02-05 09:30:45,233.905,0.0,0,231.29,100,236.52,100,236.52,231.29,231.29,100,221.97,200,,,,,,,,,,,,,,,,,236.52,100,237.23,100,246.75,200,247.23,100,,,,,,,,,,,,
2026-02-05 09:30:46,233.905,0.0,0,231.29,100,236.52,100,236.52,231.29,231.29,100,221.97,200,,,,,,,,,,,,,,,,,236.52,100,237.23,100,246.75,200,247.23,100,,,,,,,,,,,,
2026-02-05 09:30:47,233.905,0.0,0,231.29,100,236.52,100,236.52,231.29,231.29,100,221.97,200,,,,,,,,,,,,,,,,,236.52,100,237.23,100,246.75,200,247.23,100,,,,,,,,,,,,
2026-02-05 09:30:48,233.905,0.0,0,231.29,100,236.52,100,236.52,231.29,231.29,100,221.97,200,,,,,,,,,,,,,,,,,236.52,100,237.23,100,246.75,200,247.23,100,,,,,,,,,,,,
2026-02-05 09:30:48,233.905,0.0,0,231.29,100,236.52,100,236.52,231.29,231.29,100,221.97,200,,,,,,,,,,,,,,,,,236.52,100,237.23,100,246.75,200,247.23,100,,,,,,,,,,,,
2026-02-05 09:30:50,233.905,0.0,0,231.29,100,236.52,100,236.52,231.29,231.29,100,221.97,200,,,,,,,,,,,,,,,,,236.52,100,237.23,100,246.75,200,247.23,100,,,,,,,,,,,,
2026-02-05 09:30:51,233.905,0.0,0,231.29,100,236.52,100,236.52,231.29,231.29,100,221.97,200,,,,,,,,,,,,,,,,,236.52,100,237.23,100,246.75,200,247.23,100,,,,,,,,,,,,
2026-02-05 09:30:52,233.905,0.0,0,231.29,100,236.52,100,236.52,231.29,231.29,100,221.97,200,,,,,,,,,,,,,,,,,236.52,100,237.23,100,246.75,200,247.23,100,,,,,,,,,,,,
2026-02-05 09:30:53,233.905,233.85,1,231.29,100,236.52,100,236.52,231.29,231.29,100,221.97,200,,,,,,,,,,,,,,,,,236.52,100,237.23,100,246.75,200,247.23,100,,,,,,,,,,,,
2026-02-05 09:30:54,233.905,233.85,1,231.29,100,236.52,100,236.52,231.29,231.29,100,221.97,200,,,,,,,,,,,,,,,,,236.52,100,237.23,100,246.75,200,247.23,100,,,,,,,,,,,,
2026-02-05 09:30:55,233.905,233.85,1,231.29,100,236.52,100,236.52,231.29,231.29,100,221.97,200,,,,,,,,,,,,,,,,,236.52,100,237.23,100,246.75,200,247.23,100,,,,,,,,,,,,
2026-02-05 09:30:56,233.905,233.85,1,231.29,100,236.52,100,236.52,231.29,231.29,100,221.97,200,,,,,,,,,,,,,,,,,236.52,100,237.23,100,246.75,200,247.23,100,,,,,,,,,,,,
2026-02-05 09:30:57,233.905,233.85,1,231.29,100,236.52,100,236.52,231.29,231.29,100,221.97,200,,,,,,,,,,,,,,,,,236.52,100,237.23,100,246.75,200,247.23,100,,,,,,,,,,,,
2026-02-05 09:30:58,233.905,233.85,1,231.29,100,236.52,100,236.52,231.29,231.29,100,221.97,200,,,,,,,,,,,,,,,,,236.52,100,237.23,100,246.75,200,247.23,100,,,,,,,,,,,,
2026-02-05 09:30:59,233.905,233.85,1,231.29,100,236.52,100,236.52,231.29,231.29,100,221.97,200,,,,,,,,,,,,,,,,,236.52,100,237.23,100,246.75,200,247.23,100,,,,,,,,,,,,
2026-02-05 09:31:00,233.905,233.85,1,231.29,100,236.52,100,236.52,231.29,231.29,100,221.97,200,,,,,,,,,,,,,,,,,236.52,100,237.23,100,246.75,200,247.23,100,,,,,,,,,,,,
2026-02-05 09:31:01,233.875,233.85,1,232.52,200,235.23,200,235.23,232.52,232.52,200,231.29,100,221.97,200,,,,,,,,,,,,,,,235.23,200,236.52,100,237.23,100,246.75,200,247.23,100,,,,,,,,,,
2026-02-05 09:31:02,233.875,233.85,1,232.52,200,235.23,200,235.23,232.52,232.52,200,231.29,100,221.97,200,,,,,,,,,,,,,,,235.23,200,236.52,100,237.23,100,246.75,200,247.23,100,,,,,,,,,,
2026-02-05 09:31:03,233.875,233.85,1,232.52,200,235.23,200,235.23,232.52,232.52,200,231.29,100,221.97,200,,,,,,,,,,,,,,,235.23,200,236.52,100,237.23,100,246.75,200,247.23,100,,,,,,,,,,
2026-02-05 09:31:04,233.875,233.85,1,232.52,200,235.23,200,235.23,232.52,232.52,200,231.29,100,221.97,200,,,,,,,,,,,,,,,235.23,200,236.52,100,237.23,100,246.75,200,247.23,100,,,,,,,,,,
2026-02-05 09:31:05,233.875,233.85,1,232.52,200,235.23,200,235.23,232.52,232.52,200,231.29,100,221.97,200,,,,,,,,,,,,,,,235.23,200,236.52,100,237.23,100,246.75,200,247.23,100,,,,,,,,,,
2026-02-05 09:31:06,233.875,233.85,1,232.52,200,235.23,200,235.23,232.52,232.52,200,231.29,100,221.97,200,,,,,,,,,,,,,,,235.23,200,236.52,100,237.23,100,246.75,200,247.23,100,,,,,,,,,,
2026-02-05 09:31:07,233.875,233.85,1,232.52,200,235.23,200,235.23,232.52,232.52,200,231.29,100,221.97,200,,,,,,,,,,,,,,,235.23,200,236.52,100,237.23,100,246.75,200,247.23,100,,,,,,,,,,
2026-02-05 09:31:08,233.875,233.85,1,232.52,200,235.23,200,235.23,232.52,232.52,200,231.29,100,221.97,200,,,,,,,,,,,,,,,235.23,200,236.52,100,237.23,100,246.75,200,247.23,100,,,,,,,,,,
2026-02-05 09:31:09,233.875,233.85,1,232.52,200,235.23,200,235.23,232.52,232.52,200,231.29,100,221.97,200,,,,,,,,,,,,,,,235.23,200,236.52,100,237.23,100,246.75,200,247.23,100,,,,,,,,,,
2026-02-05 09:31:10,233.875,233.85,1,232.52,200,235.23,200,235.23,232.52,232.52,200,231.29,100,221.97,200,,,,,,,,,,,,,,,235.23,200,236.52,100,237.23,100,246.75,200,247.23,100,,,,,,,,,,
2026-02-05 09:31:11,233.875,233.85,1,232.52,200,235.23,200,235.23,232.52,232.52,200,231.29,100,221.97,200,,,,,,,,,,,,,,,235.23,200,236.52,100,237.23,100,246.75,200,247.23,100,,,,,,,,,,
2026-02-05 09:31:12,233.875,233.85,1,232.52,200,235.23,200,235.23,232.52,232.52,200,231.29,100,221.97,200,,,,,,,,,,,,,,,235.23,200,236.52,100,237.23,100,246.75,200,247.23,100,,,,,,,,,,
2026-02-05 09:31:13,233.875,233.85,1,232.52,200,235.23,200,235.23,232.52,232.52,200,231.29,100,221.97,200,,,,,,,,,,,,,,,235.23,200,236.52,100,237.23,100,246.75,200,247.23,100,,,,,,,,,,
2026-02-05 09:31:14,233.875,233.85,1,232.52,200,235.23,200,235.23,232.52,232.52,200,231.29,100,221.97,200,,,,,,,,,,,,,,,235.23,200,236.52,100,237.23,100,246.75,200,247.23,100,,,,,,,,,,
2026-02-05 09:31:15,233.875,233.85,1,232.52,200,235.23,200,235.23,232.52,232.52,200,231.29,100,221.97,200,,,,,,,,,,,,,,,235.23,200,236.52,100,237.23,100,246.75,200,247.23,100,,,,,,,,,,
2026-02-05 09:31:16,233.875,233.85,1,232.52,200,235.23,200,235.23,232.52,232.52,200,231.29,100,221.97,200,,,,,,,,,,,,,,,235.23,200,236.52,100,237.23,100,246.75,200,247.23,100,,,,,,,,,,
2026-02-05 09:31:17,233.875,233.85,1,232.52,200,235.23,200,235.23,232.52,232.52,200,231.29,100,221.97,200,,,,,,,,,,,,,,,235.23,200,236.52,100,237.23,100,246.75,200,247.23,100,,,,,,,,,,
2026-02-05 09:31:18,233.875,233.85,1,232.52,200,235.23,200,235.23,232.52,232.52,200,231.29,100,221.97,200,,,,,,,,,,,,,,,235.23,200,236.52,100,237.23,100,246.75,200,247.23,100,,,,,,,,,,
2026-02-05 09:31:19,233.875,233.85,1,232.52,200,235.23,200,235.23,232.52,232.52,200,231.29,100,221.97,200,,,,,,,,,,,,,,,235.23,200,236.52,100,237.23,100,246.75,200,247.23,100,,,,,,,,,,
2026-02-05 09:31:20,233.875,233.85,1,232.52,200,235.23,200,235.23,232.52,232.52,200,231.29,100,221.97,200,,,,,,,,,,,,,,,235.23,200,236.52,100,237.23,100,246.75,200,247.23,100,,,,,,,,,,
2026-02-05 09:31:21,233.875,233.85,1,232.52,200,235.23,200,235.23,232.52,232.52,200,231.29,100,221.97,200,,,,,,,,,,,,,,,235.23,200,236.52,100,237.23,100,246.75,200,247.23,100,,,,,,,,,,
2026-02-05 09:31:22,233.875,233.85,1,232.52,200,235.23,200,235.23,232.52,232.52,200,231.29,100,221.97,200,,,,,,,,,,,,,,,235.23,200,236.52,100,237.23,100,246.75,200,247.23,100,,,,,,,,,,
2026-02-05 09:31:23,233.875,233.85,1,232.52,200,235.23,200,235.23,232.52,232.52,200,231.29,100,221.97,200,,,,,,,,,,,,,,,235.23,200,236.52,100,237.23,100,246.75,200,247.23,100,,,,,,,,,,
2026-02-05 09:31:24,233.875,233.85,1,232.52,200,235.23,200,235.23,232.52,232.52,200,231.29,100,221.97,200,,,,,,,,,,,,,,,235.23,200,236.52,100,237.23,100,246.75,200,247.23,100,,,,,,,,,,
2026-02-05 09:31:25,233.875,233.85,1,232.52,200,235.23,200,235.23,232.52,232.52,200,231.29,100,221.97,200,,,,,,,,,,,,,,,235.23,200,236.52,100,237.23,100,246.75,200,247.23,100,,,,,,,,,,
2026-02-05 09:31:26,233.875,233.85,1,232.52,200,235.23,200,235.23,232.52,232.52,200,231.29,100,221.97,200,,,,,,,,,,,,,,,235.23,200,236.52,100,237.23,100,246.75,200,247.23,100,,,,,,,,,,
2026-02-05 09:31:27,233.875,233.85,1,232.52,200,235.23,200,235.23,232.52,232.52,200,231.29,100,221.97,200,,,,,,,,,,,,,,,235.23,200,236.52,100,237.23,100,246.75,200,247.23,100,,,,,,,,,,
2026-02-05 09:31:28,233.875,233.85,1,232.52,200,235.23,200,235.23,232.52,232.52,200,231.29,100,221.97,200,,,,,,,,,,,,,,,235.23,200,236.52,100,237.23,100,246.75,200,247.23,100,,,,,,,,,,
2026-02-05 09:31:29,233.875,233.85,1,232.52,200,235.23,200,235.23,232.52,232.52,200,231.29,100,221.97,200,,,,,,,,,,,,,,,235.23,200,236.52,100,237.23,100,246.75,200,247.23,100,,,,,,,,,,
2026-02-05 09:31:30,233.875,233.85,1,232.52,200,235.23,200,235.23,232.52,232.52,200,231.29,100,221.97,200,,,,,,,,,,,,,,,235.23,200,236.52,100,237.23,100,246.75,200,247.23,100,,,,,,,,,,
2026-02-05 09:31:31,233.875,233.85,1,232.52,200,235.23,200,235.23,232.52,232.52,200,231.29,100,221.97,200,,,,,,,,,,,,,,,235.23,200,236.52,100,237.23,100,246.75,200,247.23,100,,,,,,,,,,
2026-02-05 09:31:32,233.875,233.85,1,232.52,200,235.23,200,235.23,232.52,232.52,200,231.29,100,221.97,200,,,,,,,,,,,,,,,235.23,200,236.52,100,237.23,100,246.75,200,247.23,100,,,,,,,,,,
2026-02-05 09:31:33,233.875,233.85,1,232.52,200,235.23,200,235.23,232.52,232.52,200,231.29,100,221.97,200,,,,,,,,,,,,,,,235.23,200,236.52,100,237.23,100,246.75,200,247.23,100,,,,,,,,,,
2026-02-05 09:31:34,233.875,233.85,1,232.52,200,235.23,200,235.23,232.52,232.52,200,231.29,100,221.97,200,,,,,,,,,,,,,,,235.23,200,236.52,100,237.23,100,246.75,200,247.23,100,,,,,,,,,,
2026-02-05 09:31:35,233.875,233.85,1,232.52,200,235.23,200,235.23,232.52,232.52,200,231.29,100,221.97,200,,,,,,,,,,,,,,,235.23,200,236.52,100,237.23,100,246.75,200,247.23,100,,,,,,,,,,
2026-02-05 09:31:36,233.875,233.85,1,232.52,200,235.23,200,235.23,232.52,232.52,200,231.29,100,221.97,200,,,,,,,,,,,,,,,235.23,200,236.52,100,237.23,100,246.75,200,247.23,100,,,,,,,,,,
2026-02-05 09:31:37,233.875,233.85,1,232.52,200,235.23,200,235.23,232.52,232.52,200,231.29,100,221.97,200,,,,,,,,,,,,,,,235.23,200,236.52,100,237.23,100,246.75,200,247.23,100,,,,,,,,,,
2026-02-05 09:31:38,233.875,233.85,1,232.52,200,235.23,200,235.23,232.52,232.52,200,231.29,100,221.97,200,,,,,,,,,,,,,,,235.23,200,236.52,100,237.23,100,246.75,200,247.23,100,,,,,,,,,,
2026-02-05 09:31:39,233.875,233.85,1,232.52,200,235.23,200,235.23,232.52,232.52,200,231.29,100,221.97,200,,,,,,,,,,,,,,,235.23,200,236.52,100,237.23,100,246.75,200,247.23,100,,,,,,,,,,
2026-02-05 09:31:40,233.875,233.85,1,232.52,200,235.23,200,235.23,232.52,232.52,200,231.29,100,221.97,200,,,,,,,,,,,,,,,235.23,200,236.52,100,237.23,100,246.75,200,247.23,100,,,,,,,,,,
2026-02-05 09:31:41,233.875,233.85,1,232.52,200,235.23,200,235.23,232.52,232.52,200,231.29,100,221.97,200,,,,,,,,,,,,,,,235.23,200,236.52,100,237.23,100,246.75,200,247.23,100,,,,,,,,,,
2026-02-05 09:31:42,233.875,233.85,1,232.52,200,235.23,200,235.23,232.52,232.52,200,231.29,100,221.97,200,,,,,,,,,,,,,,,235.23,200,236.52,100,237.23,100,246.75,200,247.23,100,,,,,,,,,,
2026-02-05 09:31:43,233.875,233.85,1,232.52,200,235.23,200,235.23,232.52,232.52,200,231.29,100,221.97,200,,,,,,,,,,,,,,,235.23,200,236.52,100,237.23,100,246.75,200,247.23,100,,,,,,,,,,
2026-02-05 09:31:44,233.875,233.85,1,232.52,200,235.23,200,235.23,232.52,232.52,200,231.29,100,221.97,200,,,,,,,,,,,,,,,235.23,200,236.52,100,237.23,100,246.75,200,247.23,100,,,,,,,,,,
2026-02-05 09:31:45,233.875,233.85,1,232.52,200,235.23,200,235.23,232.52,232.52,200,231.29,100,221.97,200,,,,,,,,,,,,,,,235.23,200,236.52,100,237.23,100,246.75,200,247.23,100,,,,,,,,,,
2026-02-05 09:31:46,233.875,233.85,1,232.52,200,235.23,200,235.23,232.52,232.52,200,231.29,100,221.97,200,,,,,,,,,,,,,,,235.23,200,236.52,100,237.23,100,246.75,200,247.23,100,,,,,,,,,,
2026-02-05 09:31:47,233.875,233.85,1,232.52,200,235.23,200,235.23,232.52,232.52,200,231.29,100,221.97,200,,,,,,,,,,,,,,,235.23,200,236.52,100,237.23,100,246.75,200,247.23,100,,,,,,,,,,
2026-02-05 09:31:48,233.875,233.85,1,232.52,200,235.23,200,235.23,232.52,232.52,200,231.29,100,221.97,200,,,,,,,,,,,,,,,235.23,200,236.52,100,237.23,100,246.75,200,247.23,100,,,,,,,,,,
2026-02-05 09:31:49,233.875,233.85,1,232.52,200,235.23,200,235.23,232.52,232.52,200,231.29,100,221.97,200,,,,,,,,,,,,,,,235.23,200,236.52,100,237.23,100,246.75,200,247.23,100,,,,,,,,,,
2026-02-05 09:31:50,233.875,233.85,1,232.52,200,235.23,200,235.23,232.52,232.52,200,231.29,100,221.97,200,,,,,,,,,,,,,,,235.23,200,236.52,100,237.23,100,246.75,200,247.23,100,,,,,,,,,,
2026-02-05 09:31:51,233.875,233.85,1,232.52,200,235.23,200,235.23,232.52,232.52,200,231.29,100,221.97,200,,,,,,,,,,,,,,,235.23,200,236.52,100,237.23,100,246.75,200,247.23,100,,,,,,,,,,
2026-02-05 09:31:52,233.875,233.85,1,232.52,200,235.23,200,235.23,232.52,232.52,200,231.29,100,221.97,200,,,,,,,,,,,,,,,235.23,200,236.52,100,237.23,100,246.75,200,247.23,100,,,,,,,,,,
2026-02-05 09:31:53,233.875,233.85,1,232.52,200,235.23,200,235.23,232.52,232.52,200,231.29,100,221.97,200,,,,,,,,,,,,,,,235.23,200,236.52,100,237.23,100,246.75,200,247.23,100,,,,,,,,,,
2026-02-05 09:31:54,234.13,233.85,1,233.03,200,235.23,200,235.23,233.03,233.03,200,231.29,100,221.97,200,,,,,,,,,,,,,,,235.23,200,236.52,100,237.23,100,246.75,200,247.23,100,,,,,,,,,,
2026-02-05 09:31:55,234.13,233.85,1,233.03,200,235.23,200,235.23,233.03,233.03,200,231.29,100,221.97,200,,,,,,,,,,,,,,,235.23,200,236.52,100,237.23,100,246.75,200,247.23,100,,,,,,,,,,
2026-02-05 09:31:56,234.13,233.85,1,233.03,200,235.23,200,235.23,233.03,233.03,200,231.29,100,221.97,200,,,,,,,,,,,,,,,235.23,200,236.52,100,237.23,100,246.75,200,247.23,100,,,,,,,,,,
2026-02-05 09:31:57,234.13,233.85,1,233.03,200,235.23,200,235.23,233.03,233.03,200,231.29,100,221.97,200,,,,,,,,,,,,,,,235.23,200,236.52,100,237.23,100,246.75,200,247.23,100,,,,,,,,,,
2026-02-05 09:31:58,234.13,233.85,1,233.03,200,235.23,200,235.23,233.03,233.03,200,231.29,100,221.97,200,,,,,,,,,,,,,,,235.23,200,236.52,100,237.23,100,246.75,200,247.23,100,,,,,,,,,,
2026-02-05 09:31:59,234.295,233.85,1,233.36,200,235.23,200,235.23,233.36,233.36,200,231.29,100,221.97,200,,,,,,,,,,,,,,,235.23,200,236.52,100,237.23,100,246.75,200,247.23,100,,,,,,,,,,
2026-02-05 09:32:00,234.295,233.85,1,233.36,200,235.23,200,235.23,233.36,233.36,200,231.29,100,221.97,200,,,,,,,,,,,,,,,235.23,200,236.52,100,237.23,100,246.75,200,247.23,100,,,,,,,,,,
2026-02-05 09:32:01,234.295,233.85,1,233.36,200,235.23,200,235.23,233.36,233.36,200,231.29,100,221.97,200,,,,,,,,,,,,,,,235.23,200,236.52,100,237.23,100,246.75,200,247.23,100,,,,,,,,,,
2026-02-05 09:32:02,234.295,233.85,1,233.36,200,235.23,200,235.23,233.36,233.36,200,231.29,100,221.97,200,,,,,,,,,,,,,,,235.23,200,236.52,100,237.23,100,246.75,200,247.23,100,,,,,,,,,,
2026-02-05 09:32:03,234.295,233.85,1,233.36,200,235.23,200,235.23,233.36,233.36,200,231.29,100,221.97,200,,,,,,,,,,,,,,,235.23,200,236.52,100,237.23,100,246.75,200,247.23,100,,,,,,,,,,
2026-02-05 09:32:04,234.295,233.85,1,233.36,200,235.23,200,235.23,233.36,233.36,200,231.29,100,221.97,200,,,,,,,,,,,,,,,235.23,200,236.52,100,237.23,100,246.75,200,247.23,100,,,,,,,,,,
2026-02-05 09:32:05,234.295,233.85,1,233.36,200,235.23,200,235.23,233.36,233.36,200,231.29,100,221.97,200,,,,,,,,,,,,,,,235.23,200,236.52,100,237.23,100,246.75,200,247.23,100,,,,,,,,,,
2026-02-05 09:32:06,234.14,233.85,1,233.36,200,234.92,200,234.92,233.36,233.36,200,231.29,100,221.97,200,,,,,,,,,,,,,,,234.92,200,236.52,100,237.23,100,246.75,200,247.23,100,,,,,,,,,,
2026-02-05 09:32:07,234.14,233.85,1,233.36,200,234.92,200,234.92,233.36,233.36,200,231.29,100,221.97,200,,,,,,,,,,,,,,,234.92,200,236.52,100,237.23,100,246.75,200,247.23,100,,,,,,,,,,
2026-02-05 09:32:08,234.14,233.85,1,233.36,200,234.92,200,234.92,233.36,233.36,200,231.29,100,221.97,200,,,,,,,,,,,,,,,234.92,200,236.52,100,237.23,100,246.75,200,247.23,100,,,,,,,,,,
2026-02-05 09:32:09,234.14,233.85,1,233.36,200,234.92,200,234.92,233.36,233.36,200,231.29,100,221.97,200,,,,,,,,,,,,,,,234.92,200,236.52,100,237.23,100,246.75,200,247.23,100,,,,,,,,,,
2026-02-05 09:32:10,234.14,233.85,1,233.36,200,234.92,200,234.92,233.36,233.36,200,231.29,100,221.97,200,,,,,,,,,,,,,,,234.92,200,236.52,100,237.23,100,246.75,200,247.23,100,,,,,,,,,,
2026-02-05 09:32:11,234.14,233.85,1,233.36,200,234.92,200,234.92,233.36,233.36,200,231.29,100,221.97,200,,,,,,,,,,,,,,,234.92,200,236.52,100,237.23,100,246.75,200,247.23,100,,,,,,,,,,
2026-02-05 09:32:12,234.14,233.85,1,233.36,200,234.92,200,234.92,233.36,233.36,200,231.29,100,221.97,200,,,,,,,,,,,,,,,234.92,200,236.52,100,237.23,100,246.75,200,247.23,100,,,,,,,,,,
2026-02-05 09:32:13,234.14,233.85,1,233.36,200,234.92,200,234.92,233.36,233.36,200,231.29,100,221.97,200,,,,,,,,,,,,,,,234.92,200,236.52,100,237.23,100,246.75,200,247.23,100,,,,,,,,,,
2026-02-05 09:32:14,234.14,233.85,1,233.36,200,234.92,200,234.92,233.36,233.36,200,231.29,100,221.97,200,,,,,,,,,,,,,,,234.92,200,236.52,100,237.23,100,246.75,200,247.23,100,,,,,,,,,,
2026-02-05 09:32:15,233.95,233.85,1,232.98,200,234.92,200,234.92,232.98,232.98,200,231.29,100,221.97,200,,,,,,,,,,,,,,,234.92,200,236.52,100,237.23,100,246.75,200,247.23,100,,,,,,,,,,
2026-02-05 09:32:16,233.95,233.85,1,232.98,200,234.92,200,234.92,232.98,232.98,200,231.29,100,221.97,200,,,,,,,,,,,,,,,234.92,200,236.52,100,237.23,100,246.75,200,247.23,100,,,,,,,,,,
2026-02-05 09:32:17,233.95,233.85,1,232.98,200,234.92,200,234.92,232.98,232.98,200,231.29,100,221.97,200,,,,,,,,,,,,,,,234.92,200,236.52,100,237.23,100,246.75,200,247.23,100,,,,,,,,,,
2026-02-05 09:32:18,233.95,233.85,1,232.98,200,234.92,200,234.92,232.98,232.98,200,231.29,100,221.97,200,,,,,,,,,,,,,,,234.92,200,236.52,100,237.23,100,246.75,200,247.23,100,,,,,,,,,,
2026-02-05 09:32:19,233.805,233.85,1,232.98,200,234.63,200,234.63,232.98,232.98,200,231.29,100,221.97,200,,,,,,,,,,,,,,,234.63,200,236.52,100,237.23,100,246.75,200,247.23,100,,,,,,,,,,
2026-02-05 09:32:20,233.805,233.85,1,232.98,200,234.63,200,234.63,232.98,232.98,200,231.29,100,221.97,200,,,,,,,,,,,,,,,234.63,200,236.52,100,237.23,100,246.75,200,247.23,100,,,,,,,,,,
2026-02-05 09:32:21,233.805,233.85,1,232.98,200,234.63,200,234.63,232.98,232.98,200,231.29,100,221.97,200,,,,,,,,,,,,,,,234.63,200,236.52,100,237.23,100,246.75,200,247.23,100,,,,,,,,,,
2026-02-05 09:32:22,233.805,233.85,1,232.98,200,234.63,200,234.63,232.98,232.98,200,231.29,100,221.97,200,,,,,,,,,,,,,,,234.63,200,236.52,100,237.23,100,246.75,200,247.23,100,,,,,,,,,,
2026-02-05 09:32:23,233.805,233.85,1,232.98,200,234.63,200,234.63,232.98,232.98,200,231.29,100,221.97,200,,,,,,,,,,,,,,,234.63,200,236.52,100,237.23,100,246.75,200,247.23,100,,,,,,,,,,
2026-02-05 09:32:24,233.805,233.85,1,232.98,200,234.63,200,234.63,232.98,232.98,200,231.29,100,221.97,200,,,,,,,,,,,,,,,234.63,200,236.52,100,237.23,100,246.75,200,247.23,100,,,,,,,,,,
2026-02-05 09:32:25,233.805,233.85,1,232.98,200,234.63,200,234.63,232.98,232.98,200,231.29,100,221.97,200,,,,,,,,,,,,,,,234.63,200,236.52,100,237.23,100,246.75,200,247.23,100,,,,,,,,,,
2026-02-05 09:32:26,233.805,233.85,1,232.98,200,234.63,200,234.63,232.98,232.98,200,231.29,100,221.97,200,,,,,,,,,,,,,,,234.63,200,236.52,100,237.23,100,246.75,200,247.23,100,,,,,,,,,,
2026-02-05 09:32:27,233.805,233.85,1,232.98,200,234.63,200,234.63,232.98,232.98,200,231.29,100,221.97,200,,,,,,,,,,,,,,,234.63,200,236.52,100,237.23,100,246.75,200,247.23,100,,,,,,,,,,
2026-02-05 09:32:28,233.805,233.85,1,232.98,200,234.63,200,234.63,232.98,232.98,200,231.29,100,221.97,200,,,,,,,,,,,,,,,234.63,200,236.52,100,237.23,100,246.75,200,247.23,100,,,,,,,,,,
2026-02-05 09:32:29,233.805,233.85,1,232.98,200,234.63,200,234.63,232.98,232.98,200,231.29,100,221.97,200,,,,,,,,,,,,,,,234.63,200,236.52,100,237.23,100,246.75,200,247.23,100,,,,,,,,,,
2026-02-05 09:32:30,233.805,233.85,1,232.98,200,234.63,200,234.63,232.98,232.98,200,231.29,100,221.97,200,,,,,,,,,,,,,,,234.63,200,236.52,100,237.23,100,246.75,200,247.23,100,,,,,,,,,,
2026-02-05 09:32:31,233.805,233.85,1,232.98,200,234.63,200,234.63,232.98,232.98,200,231.29,100,221.97,200,,,,,,,,,,,,,,,234.63,200,236.52,100,237.23,100,246.75,200,247.23,100,,,,,,,,,,
2026-02-05 09:32:32,233.805,233.85,1,232.98,200,234.63,200,234.63,232.98,232.98,200,231.29,100,221.97,200,,,,,,,,,,,,,,,234.63,200,236.52,100,237.23,100,246.75,200,247.23,100,,,,,,,,,,
2026-02-05 09:32:33,233.805,233.85,1,232.98,200,234.63,200,234.63,232.98,232.98,200,231.29,100,221.97,200,,,,,,,,,,,,,,,234.63,200,236.52,100,237.23,100,246.75,200,247.23,100,,,,,,,,,,
2026-02-05 09:32:34,233.805,233.85,1,232.98,200,234.63,200,234.63,232.98,232.98,200,231.29,100,221.97,200,,,,,,,,,,,,,,,234.63,200,236.52,100,237.23,100,246.75,200,247.23,100,,,,,,,,,,
2026-02-05 09:32:35,233.805,233.85,1,232.98,200,234.63,200,234.63,232.98,232.98,200,231.29,100,221.97,200,,,,,,,,,,,,,,,234.63,200,236.52,100,237.23,100,246.75,200,247.23,100,,,,,,,,,,
2026-02-05 09:32:36,233.805,233.85,1,232.98,200,234.63,200,234.63,232.98,232.98,200,231.29,100,221.97,200,,,,,,,,,,,,,,,234.63,200,236.52,100,237.23,100,246.75,200,247.23,100,,,,,,,,,,
2026-02-05 09:32:37,233.805,233.85,1,232.98,200,234.63,200,234.63,232.98,232.98,200,231.29,100,221.97,200,,,,,,,,,,,,,,,234.63,200,236.52,100,237.23,100,246.75,200,247.23,100,,,,,,,,,,
2026-02-05 09:32:38,233.805,233.85,1,232.98,200,234.63,200,234.63,232.98,232.98,200,231.29,100,221.97,200,,,,,,,,,,,,,,,234.63,200,236.52,100,237.23,100,246.75,200,247.23,100,,,,,,,,,,
2026-02-05 09:32:39,233.805,233.85,1,232.98,200,234.63,200,234.63,232.98,232.98,200,231.29,100,221.97,200,,,,,,,,,,,,,,,234.63,200,236.52,100,237.23,100,246.75,200,247.23,100,,,,,,,,,,
2026-02-05 09:32:40,233.805,233.85,1,232.98,200,234.63,200,234.63,232.98,232.98,200,231.29,100,221.97,200,,,,,,,,,,,,,,,234.63,200,236.52,100,237.23,100,246.75,200,247.23,100,,,,,,,,,,
2026-02-05 09:32:41,233.805,233.85,1,232.98,200,234.63,200,234.63,232.98,232.98,200,231.29,100,221.97,200,,,,,,,,,,,,,,,234.63,200,236.52,100,237.23,100,246.75,200,247.23,100,,,,,,,,,,
2026-02-05 09:32:42,233.805,233.85,1,232.98,200,234.63,200,234.63,232.98,232.98,200,231.29,100,221.97,200,,,,,,,,,,,,,,,234.63,200,236.52,100,237.23,100,246.75,200,247.23,100,,,,,,,,,,
2026-02-05 09:32:43,233.805,233.85,1,232.98,200,234.63,200,234.63,232.98,232.98,200,231.29,100,221.97,200,,,,,,,,,,,,,,,234.63,200,236.52,100,237.23,100,246.75,200,247.23,100,,,,,,,,,,
2026-02-05 09:32:44,233.695,233.85,1,232.98,200,234.41,200,234.41,232.98,232.98,200,231.29,100,221.97,200,,,,,,,,,,,,,,,234.41,200,236.52,100,237.23,100,246.75,200,247.23,100,,,,,,,,,,
2026-02-05 09:32:45,233.695,233.85,1,232.98,200,234.41,200,234.41,232.98,232.98,200,231.29,100,221.97,200,,,,,,,,,,,,,,,234.41,200,236.52,100,237.23,100,246.75,200,247.23,100,,,,,,,,,,
2026-02-05 09:32:46,233.695,233.85,1,232.98,200,234.41,200,234.41,232.98,232.98,200,231.29,100,221.97,200,,,,,,,,,,,,,,,234.41,200,236.52,100,237.23,100,246.75,200,247.23,100,,,,,,,,,,
2026-02-05 09:32:47,233.695,233.85,1,232.98,200,234.41,200,234.41,232.98,232.98,200,231.29,100,221.97,200,,,,,,,,,,,,,,,234.41,200,236.52,100,237.23,100,246.75,200,247.23,100,,,,,,,,,,
2026-02-05 09:32:48,233.695,233.85,1,232.98,200,234.41,200,234.41,232.98,232.98,200,231.29,100,221.97,200,,,,,,,,,,,,,,,234.41,200,236.52,100,237.23,100,246.75,200,247.23,100,,,,,,,,,,
2026-02-05 09:32:49,233.695,233.85,1,232.98,200,234.41,200,234.41,232.98,232.98,200,231.29,100,221.97,200,,,,,,,,,,,,,,,234.41,200,236.52,100,237.23,100,246.75,200,247.23,100,,,,,,,,,,
2026-02-05 09:32:50,233.695,233.85,1,232.98,200,234.41,200,234.41,232.98,232.98,200,231.29,100,221.97,200,,,,,,,,,,,,,,,234.41,200,236.52,100,237.23,100,246.75,200,247.23,100,,,,,,,,,,
2026-02-05 09:32:51,233.695,233.85,1,232.98,200,234.41,200,234.41,232.98,232.98,200,231.29,100,221.97,200,,,,,,,,,,,,,,,234.41,200,236.52,100,237.23,100,246.75,200,247.23,100,,,,,,,,,,
2026-02-05 09:32:52,233.695,233.85,1,232.98,200,234.41,200,234.41,232.98,232.98,200,231.29,100,221.97,200,,,,,,,,,,,,,,,234.41,200,236.52,100,237.23,100,246.75,200,247.23,100,,,,,,,,,,
2026-02-05 09:32:53,233.695,233.85,1,232.98,200,234.41,200,234.41,232.98,232.98,200,231.29,100,221.97,200,,,,,,,,,,,,,,,234.41,200,236.52,100,237.23,100,246.75,200,247.23,100,,,,,,,,,,
2026-02-05 09:32:54,233.695,233.85,1,232.98,200,234.41,200,234.41,232.98,232.98,200,231.29,100,221.97,200,,,,,,,,,,,,,,,234.41,200,236.52,100,237.23,100,246.75,200,247.23,100,,,,,,,,,,
2026-02-05 09:32:55,233.695,233.85,1,232.98,200,234.41,200,234.41,232.98,232.98,200,231.29,100,221.97,200,,,,,,,,,,,,,,,234.41,200,236.52,100,237.23,100,246.75,200,247.23,100,,,,,,,,,,
2026-02-05 09:32:56,233.695,233.85,1,232.98,200,234.41,200,234.41,232.98,232.98,200,231.29,100,221.97,200,,,,,,,,,,,,,,,234.41,200,236.52,100,237.23,100,246.75,200,247.23,100,,,,,,,,,,
2026-02-05 09:32:57,233.695,233.85,1,232.98,200,234.41,200,234.41,232.98,232.98,200,231.29,100,221.97,200,,,,,,,,,,,,,,,234.41,200,236.52,100,237.23,100,246.75,200,247.23,100,,,,,,,,,,
2026-02-05 09:32:58,233.695,233.85,1,232.98,200,234.41,200,234.41,232.98,232.98,200,231.29,100,221.97,200,,,,,,,,,,,,,,,234.41,200,236.52,100,237.23,100,246.75,200,247.23,100,,,,,,,,,,
2026-02-05 09:32:59,233.695,233.85,1,232.98,200,234.41,200,234.41,232.98,232.98,200,231.29,100,221.97,200,,,,,,,,,,,,,,,234.41,200,236.52,100,237.23,100,246.75,200,247.23,100,,,,,,,,,,
2026-02-05 09:33:00,233.695,233.85,1,232.98,200,234.41,200,234.41,232.98,232.98,200,231.29,100,221.97,200,,,,,,,,,,,,,,,234.41,200,236.52,100,237.23,100,246.75,200,247.23,100,,,,,,,,,,
2026-02-05 09:33:01,233.695,233.85,1,232.98,200,234.41,200,234.41,232.98,232.98,200,231.29,100,221.97,200,,,,,,,,,,,,,,,234.41,200,236.52,100,237.23,100,246.75,200,247.23,100,,,,,,,,,,
2026-02-05 09:33:02,233.695,233.85,1,232.98,200,234.41,200,234.41,232.98,232.98,200,231.29,100,221.97,200,,,,,,,,,,,,,,,234.41,200,236.52,100,237.23,100,246.75,200,247.23,100,,,,,,,,,,
2026-02-05 09:33:03,233.865,233.85,1,232.98,200,234.75,200,234.75,232.98,232.98,200,231.29,100,221.97,200,,,,,,,,,,,,,,,234.75,200,236.52,100,237.23,100,246.75,200,247.23,100,,,,,,,,,,
2026-02-05 09:33:04,234.165,233.85,1,233.58,100,234.75,200,234.75,233.58,233.58,100,232.98,200,231.29,100,221.97,200,,,,,,,,,,,,,234.75,200,236.52,100,237.23,100,246.75,200,247.23,100,,,,,,,,,,
2026-02-05 09:33:05,234.165,233.85,1,233.58,100,234.75,200,234.75,233.58,233.58,100,232.98,200,231.29,100,221.97,200,,,,,,,,,,,,,234.75,200,236.52,100,237.23,100,246.75,200,247.23,100,,,,,,,,,,
2026-02-05 09:33:06,234.165,233.85,1,233.58,100,234.75,200,234.75,233.58,233.58,100,232.98,200,231.29,100,221.97,200,,,,,,,,,,,,,234.75,200,236.52,100,237.23,100,246.75,200,247.23,100,,,,,,,,,,
2026-02-05 09:33:07,234.165,233.85,1,233.58,100,234.75,200,234.75,233.58,233.58,100,232.98,200,231.29,100,221.97,200,,,,,,,,,,,,,234.75,200,236.52,100,237.23,100,246.75,200,247.23,100,,,,,,,,,,
2026-02-05 09:33:08,234.165,233.85,1,233.58,100,234.75,200,234.75,233.58,233.58,100,232.98,200,231.29,100,221.97,200,,,,,,,,,,,,,234.75,200,236.52,100,237.23,100,246.75,200,247.23,100,,,,,,,,,,
2026-02-05 09:33:09,234.165,233.85,1,233.58,100,234.75,200,234.75,233.58,233.58,100,232.98,200,231.29,100,221.97,200,,,,,,,,,,,,,234.75,200,236.52,100,237.23,100,246.75,200,247.23,100,,,,,,,,,,
2026-02-05 09:33:10,234.165,233.85,1,233.58,100,234.75,200,234.75,233.58,233.58,100,232.98,200,231.29,100,221.97,200,,,,,,,,,,,,,234.75,200,236.52,100,237.23,100,246.75,200,247.23,100,,,,,,,,,,
2026-02-05 09:33:11,234.165,233.85,1,233.58,100,234.75,200,234.75,233.58,233.58,100,232.98,200,231.29,100,221.97,200,,,,,,,,,,,,,234.75,200,236.52,100,237.23,100,246.75,200,247.23,100,,,,,,,,,,
2026-02-05 09:33:12,234.165,233.85,1,233.58,100,234.75,200,234.75,233.58,233.58,100,232.98,200,231.29,100,221.97,200,,,,,,,,,,,,,234.75,200,236.52,100,237.23,100,246.75,200,247.23,100,,,,,,,,,,
2026-02-05 09:33:13,234.165,233.85,1,233.58,100,234.75,200,234.75,233.58,233.58,100,232.98,200,231.29,100,221.97,200,,,,,,,,,,,,,234.75,200,236.52,100,237.23,100,246.75,200,247.23,100,,,,,,,,,,
2026-02-05 09:33:14,234.165,233.85,1,233.58,100,234.75,200,234.75,233.58,233.58,100,232.98,200,231.29,100,221.97,200,,,,,,,,,,,,,234.75,200,236.52,100,237.23,100,246.75,200,247.23,100,,,,,,,,,,
2026-02-05 09:33:15,234.165,233.85,1,233.58,100,234.75,200,234.75,233.58,233.58,100,232.98,200,231.29,100,221.97,200,,,,,,,,,,,,,234.75,200,236.52,100,237.23,100,246.75,200,247.23,100,,,,,,,,,,
2026-02-05 09:33:16,234.165,233.85,1,233.58,100,234.75,200,234.75,233.58,233.58,100,232.98,200,231.29,100,221.97,200,,,,,,,,,,,,,234.75,200,236.52,100,237.23,100,246.75,200,247.23,100,,,,,,,,,,
2026-02-05 09:33:17,234.165,233.85,1,233.58,100,234.75,200,234.75,233.58,233.58,100,232.98,200,231.29,100,221.97,200,,,,,,,,,,,,,234.75,200,236.52,100,237.23,100,246.75,200,247.23,100,,,,,,,,,,
2026-02-05 09:33:18,234.165,233.85,1,233.58,100,234.75,200,234.75,233.58,233.58,100,232.98,200,231.29,100,221.97,200,,,,,,,,,,,,,234.75,200,236.52,100,237.23,100,246.75,200,247.23,100,,,,,,,,,,
2026-02-05 09:33:19,234.165,233.85,1,233.58,100,234.75,200,234.75,233.58,233.58,100,232.98,200,231.29,100,221.97,200,,,,,,,,,,,,,234.75,200,236.52,100,237.23,100,246.75,200,247.23,100,,,,,,,,,,
2026-02-05 09:33:20,234.165,233.85,1,233.58,100,234.75,200,234.75,233.58,233.58,100,232.98,200,231.29,100,221.97,200,,,,,,,,,,,,,234.75,200,236.52,100,237.23,100,246.75,200,247.23,100,,,,,,,,,,
2026-02-05 09:33:21,234.165,233.85,1,233.58,100,234.75,200,234.75,233.58,233.58,100,232.98,200,231.29,100,221.97,200,,,,,,,,,,,,,234.75,200,236.52,100,237.23,100,246.75,200,247.23,100,,,,,,,,,,
2026-02-05 09:33:22,234.165,233.85,1,233.58,100,234.75,200,234.75,233.58,233.58,100,232.98,200,231.29,100,221.97,200,,,,,,,,,,,,,234.75,200,236.52,100,237.23,100,246.75,200,247.23,100,,,,,,,,,,
2026-02-05 09:33:23,234.165,233.85,1,233.58,100,234.75,200,234.75,233.58,233.58,100,232.98,200,231.29,100,221.97,200,,,,,,,,,,,,,234.75,200,236.52,100,237.23,100,246.75,200,247.23,100,,,,,,,,,,
2026-02-05 09:33:24,234.165,233.85,1,233.58,100,234.75,200,234.75,233.58,233.58,100,232.98,200,231.29,100,221.97,200,,,,,,,,,,,,,234.75,200,236.52,100,237.23,100,246.75,200,247.23,100,,,,,,,,,,
2026-02-05 09:33:25,234.165,233.85,1,233.58,100,234.75,200,234.75,233.58,233.58,100,232.98,200,231.29,100,221.97,200,,,,,,,,,,,,,234.75,200,236.52,100,237.23,100,246.75,200,247.23,100,,,,,,,,,,
2026-02-05 09:33:26,234.165,233.85,1,233.58,100,234.75,200,234.75,233.58,233.58,100,232.98,200,231.29,100,221.97,200,,,,,,,,,,,,,234.75,200,236.52,100,237.23,100,246.75,200,247.23,100,,,,,,,,,,
2026-02-05 09:33:27,234.165,233.85,1,233.58,100,234.75,200,234.75,233.58,233.58,100,232.98,200,231.29,100,221.97,200,,,,,,,,,,,,,234.75,200,236.52,100,237.23,100,246.75,200,247.23,100,,,,,,,,,,
2026-02-05 09:33:28,234.165,233.85,1,233.58,100,234.75,200,234.75,233.58,233.58,100,232.98,200,231.29,100,221.97,200,,,,,,,,,,,,,234.75,200,236.52,100,237.23,100,246.75,200,247.23,100,,,,,,,,,,
2026-02-05 09:33:29,233.865,233.85,1,232.98,200,234.75,200,234.75,232.98,232.98,200,231.29,100,221.97,200,,,,,,,,,,,,,,,234.75,200,236.52,100,237.23,100,246.75,200,247.23,100,,,,,,,,,,
2026-02-05 09:33:30,233.865,233.85,1,232.98,200,234.75,200,234.75,232.98,232.98,200,231.29,100,221.97,200,,,,,,,,,,,,,,,234.75,200,236.52,100,237.23,100,246.75,200,247.23,100,,,,,,,,,,
2026-02-05 09:33:31,233.865,233.85,1,232.98,200,234.75,200,234.75,232.98,232.98,200,231.29,100,221.97,200,,,,,,,,,,,,,,,234.75,200,236.52,100,237.23,100,246.75,200,247.23,100,,,,,,,,,,
2026-02-05 09:33:32,233.865,233.85,1,232.98,200,234.75,200,234.75,232.98,232.98,200,231.29,100,221.97,200,,,,,,,,,,,,,,,234.75,200,236.52,100,237.23,100,246.75,200,247.23,100,,,,,,,,,,
2026-02-05 09:33:33,233.865,233.85,1,232.98,200,234.75,200,234.75,232.98,232.98,200,231.29,100,221.97,200,,,,,,,,,,,,,,,234.75,200,236.52,100,237.23,100,246.75,200,247.23,100,,,,,,,,,,
2026-02-05 09:33:34,233.865,233.85,1,232.98,200,234.75,200,234.75,232.98,232.98,200,231.29,100,221.97,200,,,,,,,,,,,,,,,234.75,200,236.52,100,237.23,100,246.75,200,247.23,100,,,,,,,,,,
2026-02-05 09:33:35,233.865,233.85,1,232.98,200,234.75,200,234.75,232.98,232.98,200,231.29,100,221.97,200,,,,,,,,,,,,,,,234.75,200,236.52,100,237.23,100,246.75,200,247.23,100,,,,,,,,,,
2026-02-05 09:33:36,233.865,233.85,1,232.98,200,234.75,200,234.75,232.98,232.98,200,231.29,100,221.97,200,,,,,,,,,,,,,,,234.75,200,236.52,100,237.23,100,246.75,200,247.23,100,,,,,,,,,,
2026-02-05 09:33:37,233.865,233.85,1,232.98,200,234.75,200,234.75,232.98,232.98,200,231.29,100,221.97,200,,,,,,,,,,,,,,,234.75,200,236.52,100,237.23,100,246.75,200,247.23,100,,,,,,,,,,
2026-02-05 09:33:38,233.865,233.85,1,232.98,200,234.75,200,234.75,232.98,232.98,200,231.29,100,221.97,200,,,,,,,,,,,,,,,234.75,200,236.52,100,237.23,100,246.75,200,247.23,100,,,,,,,,,,
2026-02-05 09:33:39,233.865,233.85,1,232.98,200,234.75,200,234.75,232.98,232.98,200,231.29,100,221.97,200,,,,,,,,,,,,,,,234.75,200,236.52,100,237.23,100,246.75,200,247.23,100,,,,,,,,,,
2026-02-05 09:33:40,233.865,233.85,1,232.98,200,234.75,200,234.75,232.98,232.98,200,231.29,100,221.97,200,,,,,,,,,,,,,,,234.75,200,236.52,100,237.23,100,246.75,200,247.23,100,,,,,,,,,,
2026-02-05 09:33:41,233.865,233.85,1,232.98,200,234.75,200,234.75,232.98,232.98,200,231.29,100,221.97,200,,,,,,,,,,,,,,,234.75,200,236.52,100,237.23,100,246.75,200,247.23,100,,,,,,,,,,
2026-02-05 09:33:42,233.865,233.85,1,232.98,200,234.75,200,234.75,232.98,232.98,200,231.29,100,221.97,200,,,,,,,,,,,,,,,234.75,200,236.52,100,237.23,100,246.75,200,247.23,100,,,,,,,,,,
2026-02-05 09:33:43,233.865,233.85,1,232.98,200,234.75,200,234.75,232.98,232.98,200,231.29,100,221.97,200,,,,,,,,,,,,,,,234.75,200,236.52,100,237.23,100,246.75,200,247.23,100,,,,,,,,,,
2026-02-05 09:33:44,234.165,233.85,1,233.58,100,234.75,200,234.75,233.58,233.58,100,232.98,200,231.29,100,221.97,200,,,,,,,,,,,,,234.75,200,236.52,100,237.23,100,246.75,200,247.23,100,,,,,,,,,,
2026-02-05 09:33:45,234.165,233.85,1,233.58,100,234.75,200,234.75,233.58,233.58,100,232.98,200,231.29,100,221.97,200,,,,,,,,,,,,,234.75,200,236.52,100,237.23,100,246.75,200,247.23,100,,,,,,,,,,
2026-02-05 09:33:46,234.165,233.85,1,233.58,100,234.75,200,234.75,233.58,233.58,100,232.98,200,231.29,100,221.97,200,,,,,,,,,,,,,234.75,200,236.52,100,237.23,100,246.75,200,247.23,100,,,,,,,,,,
2026-02-05 09:33:47,234.165,233.85,1,233.58,100,234.75,200,234.75,233.58,233.58,100,232.98,200,231.29,100,221.97,200,,,,,,,,,,,,,234.75,200,236.52,100,237.23,100,246.75,200,247.23,100,,,,,,,,,,
2026-02-05 09:33:48,234.165,233.85,1,233.58,100,234.75,200,234.75,233.58,233.58,100,232.98,200,231.29,100,221.97,200,,,,,,,,,,,,,234.75,200,236.52,100,237.23,100,246.75,200,247.23,100,,,,,,,,,,
2026-02-05 09:33:49,234.165,233.85,1,233.58,100,234.75,200,234.75,233.58,233.58,100,232.98,200,231.29,100,221.97,200,,,,,,,,,,,,,234.75,200,236.52,100,237.23,100,246.75,200,247.23,100,,,,,,,,,,
2026-02-05 09:33:50,234.165,233.85,1,233.58,100,234.75,200,234.75,233.58,233.58,100,232.98,200,231.29,100,221.97,200,,,,,,,,,,,,,234.75,200,236.52,100,237.23,100,246.75,200,247.23,100,,,,,,,,,,
2026-02-05 09:33:51,234.165,233.85,1,233.58,100,234.75,200,234.75,233.58,233.58,100,232.98,200,231.29,100,221.97,200,,,,,,,,,,,,,234.75,200,236.52,100,237.23,100,246.75,200,247.23,100,,,,,,,,,,
2026-02-05 09:33:52,234.165,233.85,1,233.58,100,234.75,200,234.75,233.58,233.58,100,232.98,200,231.29,100,221.97,200,,,,,,,,,,,,,234.75,200,236.52,100,237.23,100,246.75,200,247.23,100,,,,,,,,,,
2026-02-05 09:33:53,234.165,233.85,1,233.58,100,234.75,200,234.75,233.58,233.58,100,232.98,200,231.29,100,221.97,200,,,,,,,,,,,,,234.75,200,236.52,100,237.23,100,246.75,200,247.23,100,,,,,,,,,,
2026-02-05 09:33:54,234.165,233.85,1,233.58,100,234.75,200,234.75,233.58,233.58,100,232.98,200,231.29,100,221.97,200,,,,,,,,,,,,,234.75,200,236.52,100,237.23,100,246.75,200,247.23,100,,,,,,,,,,
2026-02-05 09:33:55,234.165,233.85,1,233.58,100,234.75,200,234.75,233.58,233.58,100,232.98,200,231.29,100,221.97,200,,,,,,,,,,,,,234.75,200,236.52,100,237.23,100,246.75,200,247.23,100,,,,,,,,,,
2026-02-05 09:33:56,234.165,233.85,1,233.58,100,234.75,200,234.75,233.58,233.58,100,232.98,200,231.29,100,221.97,200,,,,,,,,,,,,,234.75,200,236.52,100,237.23,100,246.75,200,247.23,100,,,,,,,,,,
2026-02-05 09:33:57,233.865,233.85,1,232.98,200,234.75,200,234.75,232.98,232.98,200,231.29,100,221.97,200,,,,,,,,,,,,,,,234.75,200,236.52,100,237.23,100,246.75,200,247.23,100,,,,,,,,,,
2026-02-05 09:33:58,233.865,233.85,1,232.98,200,234.75,200,234.75,232.98,232.98,200,231.29,100,221.97,200,,,,,,,,,,,,,,,234.75,200,236.52,100,237.23,100,246.75,200,247.23,100,,,,,,,,,,
2026-02-05 09:33:59,233.865,233.85,1,232.98,200,234.75,200,234.75,232.98,232.98,200,231.29,100,221.97,200,,,,,,,,,,,,,,,234.75,200,236.52,100,237.23,100,246.75,200,247.23,100,,,,,,,,,,
2026-02-05 09:34:00,233.865,233.85,1,232.98,200,234.75,200,234.75,232.98,232.98,200,231.29,100,221.97,200,,,,,,,,,,,,,,,234.75,200,236.52,100,237.23,100,246.75,200,247.23,100,,,,,,,,,,
2026-02-05 09:34:01,233.865,233.85,1,232.98,200,234.75,200,234.75,232.98,232.98,200,231.29,100,221.97,200,,,,,,,,,,,,,,,234.75,200,236.52,100,237.23,100,246.75,200,247.23,100,,,,,,,,,,
2026-02-05 09:34:02,233.865,233.85,1,232.98,200,234.75,200,234.75,232.98,232.98,200,231.29,100,221.97,200,,,,,,,,,,,,,,,234.75,200,236.52,100,237.23,100,246.75,200,247.23,100,,,,,,,,,,
2026-02-05 09:34:03,234.165,233.85,1,233.58,100,234.75,200,234.75,233.58,233.58,100,232.98,200,231.29,100,221.97,200,,,,,,,,,,,,,234.75,200,236.52,100,237.23,100,246.75,200,247.23,100,,,,,,,,,,
2026-02-05 09:34:04,234.165,233.85,1,233.58,100,234.75,200,234.75,233.58,233.58,100,232.98,200,231.29,100,221.97,200,,,,,,,,,,,,,234.75,200,236.52,100,237.23,100,246.75,200,247.23,100,,,,,,,,,,
2026-02-05 09:34:05,234.165,233.85,1,233.58,100,234.75,200,234.75,233.58,233.58,100,232.98,200,231.29,100,221.97,200,,,,,,,,,,,,,234.75,200,236.52,100,237.23,100,246.75,200,247.23,100,,,,,,,,,,
2026-02-05 09:34:06,234.165,233.85,1,233.58,100,234.75,200,234.75,233.58,233.58,100,232.98,200,231.29,100,221.97,200,,,,,,,,,,,,,234.75,200,236.52,100,237.23,100,246.75,200,247.23,100,,,,,,,,,,
2026-02-05 09:34:07,234.165,233.85,1,233.58,100,234.75,200,234.75,233.58,233.58,100,232.98,200,231.29,100,221.97,200,,,,,,,,,,,,,234.75,200,236.52,100,237.23,100,246.75,200,247.23,100,,,,,,,,,,
2026-02-05 09:34:08,234.165,233.85,1,233.58,100,234.75,200,234.75,233.58,233.58,100,232.98,200,231.29,100,221.97,200,,,,,,,,,,,,,234.75,200,236.52,100,237.23,100,246.75,200,247.23,100,,,,,,,,,,
2026-02-05 09:34:09,234.165,233.85,1,233.58,100,234.75,200,234.75,233.58,233.58,100,232.98,200,231.29,100,221.97,200,,,,,,,,,,,,,234.75,200,236.52,100,237.23,100,246.75,200,247.23,100,,,,,,,,,,
2026-02-05 09:34:10,234.165,233.85,1,233.58,100,234.75,200,234.75,233.58,233.58,100,232.98,200,231.29,100,221.97,200,,,,,,,,,,,,,234.75,200,236.52,100,237.23,100,246.75,200,247.23,100,,,,,,,,,,
2026-02-05 09:34:11,234.165,233.85,1,233.58,100,234.75,200,234.75,233.58,233.58,100,232.98,200,231.29,100,221.97,200,,,,,,,,,,,,,234.75,200,236.52,100,237.23,100,246.75,200,247.23,100,,,,,,,,,,
2026-02-05 09:34:12,234.165,233.85,1,233.58,100,234.75,200,234.75,233.58,233.58,100,232.98,200,231.29,100,221.97,200,,,,,,,,,,,,,234.75,200,236.52,100,237.23,100,246.75,200,247.23,100,,,,,,,,,,
2026-02-05 09:34:13,234.165,233.85,1,233.58,100,234.75,200,234.75,233.58,233.58,100,232.98,200,231.29,100,221.97,200,,,,,,,,,,,,,234.75,200,236.52,100,237.23,100,246.75,200,247.23,100,,,,,,,,,,
2026-02-05 09:34:14,234.165,233.85,1,233.58,100,234.75,200,234.75,233.58,233.58,100,232.98,200,231.29,100,221.97,200,,,,,,,,,,,,,234.75,200,236.52,100,237.23,100,246.75,200,247.23,100,,,,,,,,,,
2026-02-05 09:34:15,234.365,233.85,1,233.59,100,235.14,200,235.14,233.59,233.59,100,232.98,200,231.29,100,221.97,200,,,,,,,,,,,,,235.14,200,236.52,100,237.23,100,246.75,200,247.23,100,,,,,,,,,,
2026-02-05 09:34:16,234.365,233.85,1,233.59,100,235.14,200,235.14,233.59,233.59,100,232.98,200,231.29,100,221.97,200,,,,,,,,,,,,,235.14,200,236.52,100,237.23,100,246.75,200,247.23,100,,,,,,,,,,
2026-02-05 09:34:17,234.365,233.85,1,233.59,100,235.14,200,235.14,233.59,233.59,100,232.98,200,231.29,100,221.97,200,,,,,,,,,,,,,235.14,200,236.52,100,237.23,100,246.75,200,247.23,100,,,,,,,,,,
2026-02-05 09:34:18,234.365,233.85,1,233.59,100,235.14,200,235.14,233.59,233.59,100,232.98,200,231.29,100,221.97,200,,,,,,,,,,,,,235.14,200,236.52,100,237.23,100,246.75,200,247.23,100,,,,,,,,,,
2026-02-05 09:34:19,234.365,233.85,1,233.59,100,235.14,200,235.14,233.59,233.59,100,232.98,200,231.29,100,221.97,200,,,,,,,,,,,,,235.14,200,236.52,100,237.23,100,246.75,200,247.23,100,,,,,,,,,,
2026-02-05 09:34:20,234.365,233.96,1,233.59,100,235.14,200,235.14,233.59,233.59,100,232.98,200,231.29,100,221.97,200,,,,,,,,,,,,,235.14,200,236.52,100,237.23,100,246.75,200,247.23,100,,,,,,,,,,
2026-02-05 09:34:21,234.365,233.96,1,233.59,100,235.14,200,235.14,233.59,233.59,100,232.98,200,231.29,100,221.97,200,,,,,,,,,,,,,235.14,200,236.52,100,237.23,100,246.75,200,247.23,100,,,,,,,,,,
2026-02-05 09:34:22,234.365,233.96,1,233.59,100,235.14,200,235.14,233.59,233.59,100,232.98,200,231.29,100,221.97,200,,,,,,,,,,,,,235.14,200,236.52,100,237.23,100,246.75,200,247.23,100,,,,,,,,,,
2026-02-05 09:34:23,234.365,233.96,1,233.59,100,235.14,200,235.14,233.59,233.59,100,232.98,200,231.29,100,221.97,200,,,,,,,,,,,,,235.14,200,236.52,100,237.23,100,246.75,200,247.23,100,,,,,,,,,,
2026-02-05 09:34:24,234.365,233.96,1,233.59,100,235.14,200,235.14,233.59,233.59,100,232.98,200,231.29,100,221.97,200,,,,,,,,,,,,,235.14,200,236.52,100,237.23,100,246.75,200,247.23,100,,,,,,,,,,
2026-02-05 09:34:25,234.06,233.8,1,232.98,200,235.14,200,235.14,232.98,232.98,200,231.29,100,221.97,200,,,,,,,,,,,,,,,235.14,200,236.52,100,237.23,100,246.75,200,247.23,100,,,,,,,,,,
2026-02-05 09:34:26,234.375,233.8,1,233.61,100,235.14,200,235.14,233.61,233.61,100,232.98,200,231.29,100,221.97,200,,,,,,,,,,,,,235.14,200,236.52,100,237.23,100,246.75,200,247.23,100,,,,,,,,,,
2026-02-05 09:34:27,234.21,233.8,1,233.61,100,234.81,200,234.81,233.61,233.61,100,232.98,200,231.29,100,221.97,200,,,,,,,,,,,,,234.81,200,236.52,100,237.23,100,246.75,200,247.23,100,,,,,,,,,,
2026-02-05 09:34:28,234.21,233.8,1,233.61,100,234.81,200,234.81,233.61,233.61,100,232.98,200,231.29,100,221.97,200,,,,,,,,,,,,,234.81,200,236.52,100,237.23,100,246.75,200,247.23,100,,,,,,,,,,
2026-02-05 09:34:29,234.21,233.8,1,233.61,100,234.81,200,234.81,233.61,233.61,100,232.98,200,231.29,100,221.97,200,,,,,,,,,,,,,234.81,200,236.52,100,237.23,100,246.75,200,247.23,100,,,,,,,,,,
2026-02-05 09:34:30,234.21,233.8,1,233.61,100,234.81,200,234.81,233.61,233.61,100,232.98,200,231.29,100,221.97,200,,,,,,,,,,,,,234.81,200,236.52,100,237.23,100,246.75,200,247.23,100,,,,,,,,,,
2026-02-05 09:34:31,234.21,233.8,1,233.61,100,234.81,200,234.81,233.61,233.61,100,232.98,200,231.29,100,221.97,200,,,,,,,,,,,,,234.81,200,236.52,100,237.23,100,246.75,200,247.23,100,,,,,,,,,,
2026-02-05 09:34:32,234.21,233.8,1,233.61,100,234.81,200,234.81,233.61,233.61,100,232.98,200,231.29,100,221.97,200,,,,,,,,,,,,,234.81,200,236.52,100,237.23,100,246.75,200,247.23,100,,,,,,,,,,
2026-02-05 09:34:33,234.21,233.8,1,233.61,100,234.81,200,234.81,233.61,233.61,100,232.98,200,231.29,100,221.97,200,,,,,,,,,,,,,234.81,200,236.52,100,237.23,100,246.75,200,247.23,100,,,,,,,,,,
2026-02-05 09:34:34,234.21,233.8,1,233.61,100,234.81,200,234.81,233.61,233.61,100,232.98,200,231.29,100,221.97,200,,,,,,,,,,,,,234.81,200,236.52,100,237.23,100,246.75,200,247.23,100,,,,,,,,,,
2026-02-05 09:34:35,234.21,233.8,1,233.61,100,234.81,200,234.81,233.61,233.61,100,232.98,200,231.29,100,221.97,200,,,,,,,,,,,,,234.81,200,236.52,100,237.23,100,246.75,200,247.23,100,,,,,,,,,,
2026-02-05 09:34:36,234.21,233.8,1,233.61,100,234.81,200,234.81,233.61,233.61,100,232.98,200,231.29,100,221.97,200,,,,,,,,,,,,,234.81,200,236.52,100,237.23,100,246.75,200,247.23,100,,,,,,,,,,
2026-02-05 09:34:37,233.895,233.8,1,232.98,200,234.81,200,234.81,232.98,232.98,200,231.29,100,221.97,200,,,,,,,,,,,,,,,234.81,200,236.52,100,237.23,100,246.75,200,247.23,100,,,,,,,,,,
2026-02-05 09:34:38,233.895,233.8,1,232.98,200,234.81,200,234.81,232.98,232.98,200,231.29,100,221.97,200,,,,,,,,,,,,,,,234.81,200,236.52,100,237.23,100,246.75,200,247.23,100,,,,,,,,,,
2026-02-05 09:34:39,233.895,233.8,1,232.98,200,234.81,200,234.81,232.98,232.98,200,231.29,100,221.97,200,,,,,,,,,,,,,,,234.81,200,236.52,100,237.23,100,246.75,200,247.23,100,,,,,,,,,,
2026-02-05 09:34:40,233.895,233.8,1,232.98,200,234.81,200,234.81,232.98,232.98,200,231.29,100,221.97,200,,,,,,,,,,,,,,,234.81,200,236.52,100,237.23,100,246.75,200,247.23,100,,,,,,,,,,
2026-02-05 09:34:41,233.895,233.8,1,232.98,200,234.81,200,234.81,232.98,232.98,200,231.29,100,221.97,200,,,,,,,,,,,,,,,234.81,200,236.52,100,237.23,100,246.75,200,247.23,100,,,,,,,,,,
2026-02-05 09:34:42,233.895,233.8,1,232.98,200,234.81,200,234.81,232.98,232.98,200,231.29,100,221.97,200,,,,,,,,,,,,,,,234.81,200,236.52,100,237.23,100,246.75,200,247.23,100,,,,,,,,,,
2026-02-05 09:34:43,233.895,233.8,1,232.98,200,234.81,200,234.81,232.98,232.98,200,231.29,100,221.97,200,,,,,,,,,,,,,,,234.81,200,236.52,100,237.23,100,246.75,200,247.23,100,,,,,,,,,,
2026-02-05 09:34:44,233.895,233.8,1,232.98,200,234.81,200,234.81,232.98,232.98,200,231.29,100,221.97,200,,,,,,,,,,,,,,,234.81,200,236.52,100,237.23,100,246.75,200,247.23,100,,,,,,,,,,
2026-02-05 09:34:45,233.895,233.8,1,232.98,200,234.81,200,234.81,232.98,232.98,200,231.29,100,221.97,200,,,,,,,,,,,,,,,234.81,200,236.52,100,237.23,100,246.75,200,247.23,100,,,,,,,,,,
2026-02-05 09:34:46,233.895,233.8,1,232.98,200,234.81,200,234.81,232.98,232.98,200,231.29,100,221.97,200,,,,,,,,,,,,,,,234.81,200,236.52,100,237.23,100,246.75,200,247.23,100,,,,,,,,,,
2026-02-05 09:34:47,233.895,233.8,1,232.98,200,234.81,200,234.81,232.98,232.98,200,231.29,100,221.97,200,,,,,,,,,,,,,,,234.81,200,236.52,100,237.23,100,246.75,200,247.23,100,,,,,,,,,,
2026-02-05 09:34:48,233.54,233.8,1,232.56,200,234.52,200,234.52,232.56,232.56,200,231.29,100,221.97,200,,,,,,,,,,,,,,,234.52,200,234.81,200,236.52,100,237.23,100,246.75,200,247.23,100,,,,,,,,
2026-02-05 09:34:49,233.54,233.8,1,232.56,200,234.52,200,234.52,232.56,232.56,200,231.29,100,221.97,200,,,,,,,,,,,,,,,234.52,200,234.81,200,236.52,100,237.23,100,246.75,200,247.23,100,,,,,,,,
2026-02-05 09:34:50,233.54,233.8,1,232.56,200,234.52,200,234.52,232.56,232.56,200,231.29,100,221.97,200,,,,,,,,,,,,,,,234.52,200,234.81,200,236.52,100,237.23,100,246.75,200,247.23,100,,,,,,,,
2026-02-05 09:34:51,233.54,233.8,1,232.56,200,234.52,200,234.52,232.56,232.56,200,231.29,100,221.97,200,,,,,,,,,,,,,,,234.52,200,234.81,200,236.52,100,237.23,100,246.75,200,247.23,100,,,,,,,,
2026-02-05 09:34:52,233.54,233.8,1,232.56,200,234.52,200,234.52,232.56,232.56,200,231.29,100,221.97,200,,,,,,,,,,,,,,,234.52,200,234.81,200,236.52,100,237.23,100,246.75,200,247.23,100,,,,,,,,
2026-02-05 09:34:53,233.54,233.8,1,232.56,200,234.52,200,234.52,232.56,232.56,200,231.29,100,221.97,200,,,,,,,,,,,,,,,234.52,200,234.81,200,236.52,100,237.23,100,246.75,200,247.23,100,,,,,,,,
2026-02-05 09:34:54,233.54,233.8,1,232.56,200,234.52,200,234.52,232.56,232.56,200,231.29,100,221.97,200,,,,,,,,,,,,,,,234.52,200,234.81,200,236.52,100,237.23,100,246.75,200,247.23,100,,,,,,,,
2026-02-05 09:34:55,233.54,233.8,1,232.56,200,234.52,200,234.52,232.56,232.56,200,231.29,100,221.97,200,,,,,,,,,,,,,,,234.52,200,234.81,200,236.52,100,237.23,100,246.75,200,247.23,100,,,,,,,,
2026-02-05 09:34:56,233.54,233.8,1,232.56,200,234.52,200,234.52,232.56,232.56,200,231.29,100,221.97,200,,,,,,,,,,,,,,,234.52,200,234.81,200,236.52,100,237.23,100,246.75,200,247.23,100,,,,,,,,
2026-02-05 09:34:57,233.54,233.8,1,232.56,200,234.52,200,234.52,232.56,232.56,200,231.29,100,221.97,200,,,,,,,,,,,,,,,234.52,200,234.81,200,236.52,100,237.23,100,246.75,200,247.23,100,,,,,,,,
2026-02-05 09:34:58,233.54,233.8,1,232.56,200,234.52,200,234.52,232.56,232.56,200,231.29,100,221.97,200,,,,,,,,,,,,,,,234.52,200,234.81,200,236.52,100,237.23,100,246.75,200,247.23,100,,,,,,,,
2026-02-05 09:34:59,232.935,233.8,1,232.02,200,233.85,100,233.85,232.02,232.02,200,231.29,100,221.97,200,,,,,,,,,,,,,,,233.85,100,234.52,200,234.81,200,236.52,100,237.23,100,246.75,200,247.23,100,,,,,,
2026-02-05 09:35:00,233.27,233.8,1,232.02,200,234.52,200,234.52,232.02,232.02,200,231.29,100,221.97,200,,,,,,,,,,,,,,,234.52,200,234.81,200,236.52,100,237.23,100,246.75,200,247.23,100,,,,,,,,
2026-02-05 09:35:01,233.27,233.8,1,232.02,200,234.52,200,234.52,232.02,232.02,200,231.29,100,221.97,200,,,,,,,,,,,,,,,234.52,200,234.81,200,236.52,100,237.23,100,246.75,200,247.23,100,,,,,,,,
2026-02-05 09:35:02,233.075,233.8,1,232.02,200,234.13,200,234.13,232.02,232.02,200,231.29,100,221.97,200,,,,,,,,,,,,,,,234.13,200,236.52,100,237.23,100,246.75,200,247.23,100,,,,,,,,,,
2026-02-05 09:35:03,233.075,233.8,1,232.02,200,234.13,200,234.13,232.02,232.02,200,231.29,100,221.97,200,,,,,,,,,,,,,,,234.13,200,236.52,100,237.23,100,246.75,200,247.23,100,,,,,,,,,,
2026-02-05 09:35:04,233.075,233.8,1,232.02,200,234.13,200,234.13,232.02,232.02,200,231.29,100,221.97,200,,,,,,,,,,,,,,,234.13,200,236.52,100,237.23,100,246.75,200,247.23,100,,,,,,,,,,
2026-02-05 09:35:05,233.075,233.8,1,232.02,200,234.13,200,234.13,232.02,232.02,200,231.29,100,221.97,200,,,,,,,,,,,,,,,234.13,200,236.52,100,237.23,100,246.75,200,247.23,100,,,,,,,,,,
2026-02-05 09:35:06,233.075,233.8,1,232.02,200,234.13,200,234.13,232.02,232.02,200,231.29,100,221.97,200,,,,,,,,,,,,,,,234.13,200,236.52,100,237.23,100,246.75,200,247.23,100,,,,,,,,,,
2026-02-05 09:35:07,233.075,233.8,1,232.02,200,234.13,200,234.13,232.02,232.02,200,231.29,100,221.97,200,,,,,,,,,,,,,,,234.13,200,236.52,100,237.23,100,246.75,200,247.23,100,,,,,,,,,,
2026-02-05 09:35:08,233.075,233.8,1,232.02,200,234.13,200,234.13,232.02,232.02,200,231.29,100,221.97,200,,,,,,,,,,,,,,,234.13,200,236.52,100,237.23,100,246.75,200,247.23,100,,,,,,,,,,
2026-02-05 09:35:09,233.075,233.8,1,232.02,200,234.13,200,234.13,232.02,232.02,200,231.29,100,221.97,200,,,,,,,,,,,,,,,234.13,200,236.52,100,237.23,100,246.75,200,247.23,100,,,,,,,,,,
2026-02-05 09:35:10,233.075,233.8,1,232.02,200,234.13,200,234.13,232.02,232.02,200,231.29,100,221.97,200,,,,,,,,,,,,,,,234.13,200,236.52,100,237.23,100,246.75,200,247.23,100,,,,,,,,,,
2026-02-05 09:35:11,233.075,233.8,1,232.02,200,234.13,200,234.13,232.02,232.02,200,231.29,100,221.97,200,,,,,,,,,,,,,,,234.13,200,236.52,100,237.23,100,246.75,200,247.23,100,,,,,,,,,,
2026-02-05 09:35:12,233.075,233.8,1,232.02,200,234.13,200,234.13,232.02,232.02,200,231.29,100,221.97,200,,,,,,,,,,,,,,,234.13,200,236.52,100,237.23,100,246.75,200,247.23,100,,,,,,,,,,
2026-02-05 09:35:13,233.075,233.8,1,232.02,200,234.13,200,234.13,232.02,232.02,200,231.29,100,221.97,200,,,,,,,,,,,,,,,234.13,200,236.52,100,237.23,100,246.75,200,247.23,100,,,,,,,,,,
2026-02-05 09:35:14,233.075,233.8,1,232.02,200,234.13,200,234.13,232.02,232.02,200,231.29,100,221.97,200,,,,,,,,,,,,,,,234.13,200,236.52,100,237.23,100,246.75,200,247.23,100,,,,,,,,,,
2026-02-05 09:35:15,233.075,233.8,1,232.02,200,234.13,200,234.13,232.02,232.02,200,231.29,100,221.97,200,,,,,,,,,,,,,,,234.13,200,236.52,100,237.23,100,246.75,200,247.23,100,,,,,,,,,,
2026-02-05 09:35:16,233.215,233.8,1,232.3,200,234.13,200,234.13,232.3,232.3,200,230.7,100,221.97,200,,,,,,,,,,,,,,,234.13,200,236.52,100,237.23,100,246.75,200,247.23,100,,,,,,,,,,
2026-02-05 09:35:17,233.215,233.8,1,232.3,200,234.13,200,234.13,232.3,232.3,200,230.7,100,221.97,200,,,,,,,,,,,,,,,234.13,200,236.52,100,237.23,100,246.75,200,247.23,100,,,,,,,,,,
2026-02-05 09:35:18,233.215,233.8,1,232.3,200,234.13,200,234.13,232.3,232.3,200,230.7,100,221.97,200,,,,,,,,,,,,,,,234.13,200,236.52,100,237.23,100,246.75,200,247.23,100,,,,,,,,,,
2026-02-05 09:35:19,233.215,233.8,1,232.3,200,234.13,200,234.13,232.3,232.3,200,230.7,100,221.97,200,,,,,,,,,,,,,,,234.13,200,236.52,100,237.23,100,246.75,200,247.23,100,,,,,,,,,,
2026-02-05 09:35:20,233.365,233.8,1,232.6,200,234.13,200,234.13,232.6,232.6,200,230.7,100,221.97,200,,,,,,,,,,,,,,,234.13,200,236.52,100,237.23,100,246.75,200,247.23,100,,,,,,,,,,
2026-02-05 09:35:21,233.365,233.8,1,232.6,200,234.13,200,234.13,232.6,232.6,200,230.7,100,221.97,200,,,,,,,,,,,,,,,234.13,200,236.52,100,237.23,100,246.75,200,247.23,100,,,,,,,,,,
2026-02-05 09:35:22,233.365,233.8,1,232.6,200,234.13,200,234.13,232.6,232.6,200,230.7,100,221.97,200,,,,,,,,,,,,,,,234.13,200,236.52,100,237.23,100,246.75,200,247.23,100,,,,,,,,,,
2026-02-05 09:35:23,233.365,233.8,1,232.6,200,234.13,200,234.13,232.6,232.6,200,230.7,100,221.97,200,,,,,,,,,,,,,,,234.13,200,236.52,100,237.23,100,246.75,200,247.23,100,,,,,,,,,,
2026-02-05 09:35:24,233.365,233.8,1,232.6,200,234.13,200,234.13,232.6,232.6,200,230.7,100,221.97,200,,,,,,,,,,,,,,,234.13,200,236.52,100,237.23,100,246.75,200,247.23,100,,,,,,,,,,
2026-02-05 09:35:25,233.365,233.8,1,232.6,200,234.13,200,234.13,232.6,232.6,200,230.7,100,221.97,200,,,,,,,,,,,,,,,234.13,200,236.52,100,237.23,100,246.75,200,247.23,100,,,,,,,,,,
2026-02-05 09:35:26,233.365,233.8,1,232.6,200,234.13,200,234.13,232.6,232.6,200,230.7,100,221.97,200,,,,,,,,,,,,,,,234.13,200,236.52,100,237.23,100,246.75,200,247.23,100,,,,,,,,,,
2026-02-05 09:35:27,233.365,233.8,1,232.6,200,234.13,200,234.13,232.6,232.6,200,230.7,100,221.97,200,,,,,,,,,,,,,,,234.13,200,236.52,100,237.23,100,246.75,200,247.23,100,,,,,,,,,,
2026-02-05 09:35:28,233.365,233.8,1,232.6,200,234.13,200,234.13,232.6,232.6,200,230.7,100,221.97,200,,,,,,,,,,,,,,,234.13,200,236.52,100,237.23,100,246.75,200,247.23,100,,,,,,,,,,
2026-02-05 09:35:29,233.365,233.8,1,232.6,200,234.13,200,234.13,232.6,232.6,200,230.7,100,221.97,200,,,,,,,,,,,,,,,234.13,200,236.52,100,237.23,100,246.75,200,247.23,100,,,,,,,,,,
2026-02-05 09:35:30,233.59,233.8,1,232.6,200,234.58,200,234.58,232.6,232.6,200,230.7,100,221.97,200,,,,,,,,,,,,,,,234.58,200,236.52,100,237.23,100,246.75,200,247.23,100,,,,,,,,,,
2026-02-05 09:35:31,233.59,233.8,1,232.6,200,234.58,200,234.58,232.6,232.6,200,230.7,100,221.97,200,,,,,,,,,,,,,,,234.58,200,236.52,100,237.23,100,246.75,200,247.23,100,,,,,,,,,,
2026-02-05 09:35:32,233.59,233.8,1,232.6,200,234.58,200,234.58,232.6,232.6,200,230.7,100,221.97,200,,,,,,,,,,,,,,,234.58,200,236.52,100,237.23,100,246.75,200,247.23,100,,,,,,,,,,
2026-02-05 09:35:33,233.59,233.8,1,232.6,200,234.58,200,234.58,232.6,232.6,200,230.7,100,221.97,200,,,,,,,,,,,,,,,234.58,200,236.52,100,237.23,100,246.75,200,247.23,100,,,,,,,,,,
2026-02-05 09:35:34,233.59,233.8,1,232.6,200,234.58,200,234.58,232.6,232.6,200,230.7,100,221.97,200,,,,,,,,,,,,,,,234.58,200,236.52,100,237.23,100,246.75,200,247.23,100,,,,,,,,,,
2026-02-05 09:35:35,233.59,233.8,1,232.6,200,234.58,200,234.58,232.6,232.6,200,230.7,100,221.97,200,,,,,,,,,,,,,,,234.58,200,236.52,100,237.23,100,246.75,200,247.23,100,,,,,,,,,,
2026-02-05 09:35:36,233.59,233.8,1,232.6,200,234.58,200,234.58,232.6,232.6,200,230.7,100,221.97,200,,,,,,,,,,,,,,,234.58,200,236.52,100,237.23,100,246.75,200,247.23,100,,,,,,,,,,
2026-02-05 09:35:37,233.59,233.8,1,232.6,200,234.58,200,234.58,232.6,232.6,200,230.7,100,221.97,200,,,,,,,,,,,,,,,234.58,200,236.52,100,237.23,100,246.75,200,247.23,100,,,,,,,,,,
2026-02-05 09:35:38,233.345,233.8,1,232.11,200,234.58,200,234.58,232.11,232.11,200,230.7,100,221.97,200,,,,,,,,,,,,,,,234.58,200,236.52,100,237.23,100,246.75,200,247.23,100,,,,,,,,,,
2026-02-05 09:35:39,233.345,233.8,1,232.11,200,234.58,200,234.58,232.11,232.11,200,230.7,100,221.97,200,,,,,,,,,,,,,,,234.58,200,236.52,100,237.23,100,246.75,200,247.23,100,,,,,,,,,,
2026-02-05 09:35:40,233.345,233.8,1,232.11,200,234.58,200,234.58,232.11,232.11,200,230.7,100,221.97,200,,,,,,,,,,,,,,,234.58,200,236.52,100,237.23,100,246.75,200,247.23,100,,,,,,,,,,
2026-02-05 09:35:41,233.345,233.8,1,232.11,200,234.58,200,234.58,232.11,232.11,200,230.7,100,221.97,200,,,,,,,,,,,,,,,234.58,200,236.52,100,237.23,100,246.75,200,247.23,100,,,,,,,,,,
2026-02-05 09:35:42,233.345,233.8,1,232.11,200,234.58,200,234.58,232.11,232.11,200,230.7,100,221.97,200,,,,,,,,,,,,,,,234.58,200,236.52,100,237.23,100,246.75,200,247.23,100,,,,,,,,,,
2026-02-05 09:35:43,233.345,233.8,1,232.11,200,234.58,200,234.58,232.11,232.11,200,230.7,100,221.97,200,,,,,,,,,,,,,,,234.58,200,236.52,100,237.23,100,246.75,200,247.23,100,,,,,,,,,,
2026-02-05 09:35:44,233.345,233.8,1,232.11,200,234.58,200,234.58,232.11,232.11,200,230.7,100,221.97,200,,,,,,,,,,,,,,,234.58,200,236.52,100,237.23,100,246.75,200,247.23,100,,,,,,,,,,
2026-02-05 09:35:45,233.345,233.8,1,232.11,200,234.58,200,234.58,232.11,232.11,200,230.7,100,221.97,200,,,,,,,,,,,,,,,234.58,200,236.52,100,237.23,100,246.75,200,247.23,100,,,,,,,,,,
2026-02-05 09:35:46,233.345,233.8,1,232.11,200,234.58,200,234.58,232.11,232.11,200,230.7,100,221.97,200,,,,,,,,,,,,,,,234.58,200,236.52,100,237.23,100,246.75,200,247.23,100,,,,,,,,,,
2026-02-05 09:35:47,233.345,233.8,1,232.11,200,234.58,200,234.58,232.11,232.11,200,230.7,100,221.97,200,,,,,,,,,,,,,,,234.58,200,236.52,100,237.23,100,246.75,200,247.23,100,,,,,,,,,,
2026-02-05 09:35:48,233.345,233.8,1,232.11,200,234.58,200,234.58,232.11,232.11,200,230.7,100,221.97,200,,,,,,,,,,,,,,,234.58,200,236.52,100,237.23,100,246.75,200,247.23,100,,,,,,,,,,
2026-02-05 09:35:49,233.345,233.8,1,232.11,200,234.58,200,234.58,232.11,232.11,200,230.7,100,221.97,200,,,,,,,,,,,,,,,234.58,200,236.52,100,237.23,100,246.75,200,247.23,100,,,,,,,,,,
2026-02-05 09:35:50,233.345,233.8,1,232.11,200,234.58,200,234.58,232.11,232.11,200,230.7,100,221.97,200,,,,,,,,,,,,,,,234.58,200,236.52,100,237.23,100,246.75,200,247.23,100,,,,,,,,,,
2026-02-05 09:35:51,233.345,233.8,1,232.11,200,234.58,200,234.58,232.11,232.11,200,230.7,100,221.97,200,,,,,,,,,,,,,,,234.58,200,236.52,100,237.23,100,246.75,200,247.23,100,,,,,,,,,,
2026-02-05 09:35:52,233.345,233.8,1,232.11,200,234.58,200,234.58,232.11,232.11,200,230.7,100,221.97,200,,,,,,,,,,,,,,,234.58,200,236.52,100,237.23,100,246.75,200,247.23,100,,,,,,,,,,
2026-02-05 09:35:53,233.345,233.8,1,232.11,200,234.58,200,234.58,232.11,232.11,200,230.7,100,221.97,200,,,,,,,,,,,,,,,234.58,200,236.52,100,237.23,100,246.75,200,247.23,100,,,,,,,,,,
2026-02-05 09:35:54,233.345,233.8,1,232.11,200,234.58,200,234.58,232.11,232.11,200,230.7,100,221.97,200,,,,,,,,,,,,,,,234.58,200,236.52,100,237.23,100,246.75,200,247.23,100,,,,,,,,,,
2026-02-05 09:35:56,233.345,233.8,1,232.11,200,234.58,200,234.58,232.11,232.11,200,230.7,100,221.97,200,,,,,,,,,,,,,,,234.58,200,236.52,100,237.23,100,246.75,200,247.23,100,,,,,,,,,,
2026-02-05 09:35:57,233.345,233.8,1,232.11,200,234.58,200,234.58,232.11,232.11,200,230.7,100,221.97,200,,,,,,,,,,,,,,,234.58,200,236.52,100,237.23,100,246.75,200,247.23,100,,,,,,,,,,
2026-02-05 09:35:57,233.345,233.8,1,232.11,200,234.58,200,234.58,232.11,232.11,200,230.7,100,221.97,200,,,,,,,,,,,,,,,234.58,200,236.52,100,237.23,100,246.75,200,247.23,100,,,,,,,,,,
2026-02-05 09:35:58,233.345,233.8,1,232.11,200,234.58,200,234.58,232.11,232.11,200,230.7,100,221.97,200,,,,,,,,,,,,,,,234.58,200,236.52,100,237.23,100,246.75,200,247.23,100,,,,,,,,,,
2026-02-05 09:35:59,233.345,233.8,1,232.11,200,234.58,200,234.58,232.11,232.11,200,230.7,100,221.97,200,,,,,,,,,,,,,,,234.58,200,236.52,100,237.23,100,246.75,200,247.23,100,,,,,,,,,,
2026-02-05 09:36:00,233.345,233.8,1,232.11,200,234.58,200,234.58,232.11,232.11,200,230.7,100,221.97,200,,,,,,,,,,,,,,,234.58,200,236.52,100,237.23,100,246.75,200,247.23,100,,,,,,,,,,
2026-02-05 09:36:02,233.345,233.8,1,232.11,200,234.58,200,234.58,232.11,232.11,200,230.7,100,221.97,200,,,,,,,,,,,,,,,234.58,200,236.52,100,237.23,100,246.75,200,247.23,100,,,,,,,,,,
2026-02-05 09:36:03,233.345,233.8,1,232.11,200,234.58,200,234.58,232.11,232.11,200,230.7,100,221.97,200,,,,,,,,,,,,,,,234.58,200,236.52,100,237.23,100,246.75,200,247.23,100,,,,,,,,,,
2026-02-05 09:36:04,233.345,233.8,1,232.11,200,234.58,200,234.58,232.11,232.11,200,230.7,100,221.97,200,,,,,,,,,,,,,,,234.58,200,236.52,100,237.23,100,246.75,200,247.23,100,,,,,,,,,,
2026-02-05 09:36:05,233.345,233.8,1,232.11,200,234.58,200,234.58,232.11,232.11,200,230.7,100,221.97,200,,,,,,,,,,,,,,,234.58,200,236.52,100,237.23,100,246.75,200,247.23,100,,,,,,,,,,
2026-02-05 09:36:06,233.345,233.8,1,232.11,200,234.58,200,234.58,232.11,232.11,200,230.7,100,221.97,200,,,,,,,,,,,,,,,234.58,200,236.52,100,237.23,100,246.75,200,247.23,100,,,,,,,,,,
2026-02-05 09:36:06,233.345,233.8,1,232.11,200,234.58,200,234.58,232.11,232.11,200,230.7,100,221.97,200,,,,,,,,,,,,,,,234.58,200,236.52,100,237.23,100,246.75,200,247.23,100,,,,,,,,,,
2026-02-05 09:36:07,233.345,233.8,1,232.11,200,234.58,200,234.58,232.11,232.11,200,230.7,100,221.97,200,,,,,,,,,,,,,,,234.58,200,236.52,100,237.23,100,246.75,200,247.23,100,,,,,,,,,,
2026-02-05 09:36:09,233.5,233.8,1,232.42,200,234.58,200,234.58,232.42,232.42,200,230.7,100,221.97,200,,,,,,,,,,,,,,,234.58,200,236.52,100,237.23,100,246.75,200,247.23,100,,,,,,,,,,
2026-02-05 09:36:09,233.5,233.8,1,232.42,200,234.58,200,234.58,232.42,232.42,200,230.7,100,221.97,200,,,,,,,,,,,,,,,234.58,200,236.52,100,237.23,100,246.75,200,247.23,100,,,,,,,,,,
2026-02-05 09:36:11,233.5,233.8,1,232.42,200,234.58,200,234.58,232.42,232.42,200,230.7,100,221.97,200,,,,,,,,,,,,,,,234.58,200,236.52,100,237.23,100,246.75,200,247.23,100,,,,,,,,,,
2026-02-05 09:36:12,233.5,233.8,1,232.42,200,234.58,200,234.58,232.42,232.42,200,230.7,100,221.97,200,,,,,,,,,,,,,,,234.58,200,236.52,100,237.23,100,246.75,200,247.23,100,,,,,,,,,,
2026-02-05 09:36:13,233.5,233.8,1,232.42,200,234.58,200,234.58,232.42,232.42,200,230.7,100,221.97,200,,,,,,,,,,,,,,,234.58,200,236.52,100,237.23,100,246.75,200,247.23,100,,,,,,,,,,
2026-02-05 09:36:13,233.5,233.8,1,232.42,200,234.58,200,234.58,232.42,232.42,200,230.7,100,221.97,200,,,,,,,,,,,,,,,234.58,200,236.52,100,237.23,100,246.75,200,247.23,100,,,,,,,,,,
2026-02-05 09:36:15,233.5,233.8,1,232.42,200,234.58,200,234.58,232.42,232.42,200,230.7,100,221.97,200,,,,,,,,,,,,,,,234.58,200,236.52,100,237.23,100,246.75,200,247.23,100,,,,,,,,,,
2026-02-05 09:36:16,233.5,233.8,1,232.42,200,234.58,200,234.58,232.42,232.42,200,230.7,100,221.97,200,,,,,,,,,,,,,,,234.58,200,236.52,100,237.23,100,246.75,200,247.23,100,,,,,,,,,,
2026-02-05 09:36:17,233.5,233.8,1,232.42,200,234.58,200,234.58,232.42,232.42,200,230.7,100,221.97,200,,,,,,,,,,,,,,,234.58,200,236.52,100,237.23,100,246.75,200,247.23,100,,,,,,,,,,
2026-02-05 09:36:18,233.5,233.8,1,232.42,200,234.58,200,234.58,232.42,232.42,200,230.7,100,221.97,200,,,,,,,,,,,,,,,234.58,200,236.52,100,237.23,100,246.75,200,247.23,100,,,,,,,,,,
2026-02-05 09:36:19,233.5,233.8,1,232.42,200,234.58,200,234.58,232.42,232.42,200,230.7,100,221.97,200,,,,,,,,,,,,,,,234.58,200,236.52,100,237.23,100,246.75,200,247.23,100,,,,,,,,,,
2026-02-05 09:36:20,233.5,233.8,1,232.42,200,234.58,200,234.58,232.42,232.42,200,230.7,100,221.97,200,,,,,,,,,,,,,,,234.58,200,236.52,100,237.23,100,246.75,200,247.23,100,,,,,,,,,,
2026-02-05 09:36:21,233.5,233.8,1,232.42,200,234.58,200,234.58,232.42,232.42,200,230.7,100,221.97,200,,,,,,,,,,,,,,,234.58,200,236.52,100,237.23,100,246.75,200,247.23,100,,,,,,,,,,
2026-02-05 09:36:22,233.5,233.8,1,232.42,200,234.58,200,234.58,232.42,232.42,200,230.7,100,221.97,200,,,,,,,,,,,,,,,234.58,200,236.52,100,237.23,100,246.75,200,247.23,100,,,,,,,,,,
2026-02-05 09:36:23,233.5,233.8,1,232.42,200,234.58,200,234.58,232.42,232.42,200,230.7,100,221.97,200,,,,,,,,,,,,,,,234.58,200,236.52,100,237.23,100,246.75,200,247.23,100,,,,,,,,,,
2026-02-05 09:36:24,233.5,233.8,1,232.42,200,234.58,200,234.58,232.42,232.42,200,230.7,100,221.97,200,,,,,,,,,,,,,,,234.58,200,236.52,100,237.23,100,246.75,200,247.23,100,,,,,,,,,,
2026-02-05 09:36:25,233.5,233.8,1,232.42,200,234.58,200,234.58,232.42,232.42,200,230.7,100,221.97,200,,,,,,,,,,,,,,,234.58,200,236.52,100,237.23,100,246.75,200,247.23,100,,,,,,,,,,
2026-02-05 09:36:26,233.5,233.8,1,232.42,200,234.58,200,234.58,232.42,232.42,200,230.7,100,221.97,200,,,,,,,,,,,,,,,234.58,200,236.52,100,237.23,100,246.75,200,247.23,100,,,,,,,,,,
2026-02-05 09:36:27,233.5,233.8,1,232.42,200,234.58,200,234.58,232.42,232.42,200,230.7,100,221.97,200,,,,,,,,,,,,,,,234.58,200,236.52,100,237.23,100,246.75,200,247.23,100,,,,,,,,,,
2026-02-05 09:36:28,233.5,233.8,1,232.42,200,234.58,200,234.58,232.42,232.42,200,230.7,100,221.97,200,,,,,,,,,,,,,,,234.58,200,236.52,100,237.23,100,246.75,200,247.23,100,,,,,,,,,,
2026-02-05 09:36:29,233.5,233.8,1,232.42,200,234.58,200,234.58,232.42,232.42,200,230.7,100,221.97,200,,,,,,,,,,,,,,,234.58,200,236.52,100,237.23,100,246.75,200,247.23,100,,,,,,,,,,
2026-02-05 09:36:30,233.34,233.8,1,232.42,200,234.26,200,234.26,232.42,232.42,200,230.7,100,221.97,200,,,,,,,,,,,,,,,234.26,200,236.02,100,236.52,100,237.23,100,246.75,200,247.23,100,,,,,,,,
2026-02-05 09:36:31,233.34,233.8,1,232.42,200,234.26,200,234.26,232.42,232.42,200,230.7,100,221.97,200,,,,,,,,,,,,,,,234.26,200,236.02,100,236.52,100,237.23,100,246.75,200,247.23,100,,,,,,,,
2026-02-05 09:36:32,233.34,233.8,1,232.42,200,234.26,200,234.26,232.42,232.42,200,230.7,100,221.97,200,,,,,,,,,,,,,,,234.26,200,236.02,100,236.52,100,237.23,100,246.75,200,247.23,100,,,,,,,,
2026-02-05 09:36:33,233.34,233.8,1,232.42,200,234.26,200,234.26,232.42,232.42,200,230.7,100,221.97,200,,,,,,,,,,,,,,,234.26,200,236.02,100,236.52,100,237.23,100,246.75,200,247.23,100,,,,,,,,
2026-02-05 09:36:34,233.34,233.8,1,232.42,200,234.26,200,234.26,232.42,232.42,200,230.7,100,221.97,200,,,,,,,,,,,,,,,234.26,200,236.02,100,236.52,100,237.23,100,246.75,200,247.23,100,,,,,,,,
2026-02-05 09:36:35,233.34,233.8,1,232.42,200,234.26,200,234.26,232.42,232.42,200,230.7,100,221.97,200,,,,,,,,,,,,,,,234.26,200,236.02,100,236.52,100,237.23,100,246.75,200,247.23,100,,,,,,,,
2026-02-05 09:36:36,233.34,233.8,1,232.42,200,234.26,200,234.26,232.42,232.42,200,230.7,100,221.97,200,,,,,,,,,,,,,,,234.26,200,236.02,100,236.52,100,237.23,100,246.75,200,247.23,100,,,,,,,,
2026-02-05 09:36:37,233.34,233.8,1,232.42,200,234.26,200,234.26,232.42,232.42,200,230.7,100,221.97,200,,,,,,,,,,,,,,,234.26,200,236.02,100,236.52,100,237.23,100,246.75,200,247.23,100,,,,,,,,
2026-02-05 09:36:38,233.34,233.8,1,232.42,200,234.26,200,234.26,232.42,232.42,200,230.7,100,221.97,200,,,,,,,,,,,,,,,234.26,200,236.02,100,236.52,100,237.23,100,246.75,200,247.23,100,,,,,,,,
2026-02-05 09:36:39,233.34,233.8,1,232.42,200,234.26,200,234.26,232.42,232.42,200,230.7,100,221.97,200,,,,,,,,,,,,,,,234.26,200,236.02,100,236.52,100,237.23,100,246.75,200,247.23,100,,,,,,,,
2026-02-05 09:36:40,233.34,233.8,1,232.42,200,234.26,200,234.26,232.42,232.42,200,230.7,100,221.97,200,,,,,,,,,,,,,,,234.26,200,236.02,100,236.52,100,237.23,100,246.75,200,247.23,100,,,,,,,,
2026-02-05 09:36:41,233.34,233.8,1,232.42,200,234.26,200,234.26,232.42,232.42,200,230.7,100,221.97,200,,,,,,,,,,,,,,,234.26,200,236.02,100,236.52,100,237.23,100,246.75,200,247.23,100,,,,,,,,
2026-02-05 09:36:42,232.875,233.8,1,232.42,200,233.33,100,233.33,232.42,232.42,200,230.7,100,221.97,200,,,,,,,,,,,,,,,233.33,100,234.26,200,236.02,100,236.52,100,237.23,100,246.75,200,247.23,100,,,,,,
2026-02-05 09:36:43,232.875,233.8,1,232.42,200,233.33,100,233.33,232.42,232.42,200,230.7,100,221.97,200,,,,,,,,,,,,,,,233.33,100,234.26,200,236.02,100,236.52,100,237.23,100,246.75,200,247.23,100,,,,,,
2026-02-05 09:36:44,232.875,233.8,1,232.42,200,233.33,100,233.33,232.42,232.42,200,230.7,100,221.97,200,,,,,,,,,,,,,,,233.33,100,234.26,200,236.02,100,236.52,100,237.23,100,246.75,200,247.23,100,,,,,,
2026-02-05 09:36:45,232.875,233.8,1,232.42,200,233.33,100,233.33,232.42,232.42,200,230.7,100,221.97,200,,,,,,,,,,,,,,,233.33,100,234.26,200,236.02,100,236.52,100,237.23,100,246.75,200,247.23,100,,,,,,
2026-02-05 09:36:46,232.875,233.8,1,232.42,200,233.33,100,233.33,232.42,232.42,200,230.7,100,221.97,200,,,,,,,,,,,,,,,233.33,100,234.26,200,236.02,100,236.52,100,237.23,100,246.75,200,247.23,100,,,,,,
2026-02-05 09:36:47,232.875,233.8,1,232.42,200,233.33,100,233.33,232.42,232.42,200,230.7,100,221.97,200,,,,,,,,,,,,,,,233.33,100,234.26,200,236.02,100,236.52,100,237.23,100,246.75,200,247.23,100,,,,,,
2026-02-05 09:36:48,232.875,233.8,1,232.42,200,233.33,100,233.33,232.42,232.42,200,230.7,100,221.97,200,,,,,,,,,,,,,,,233.33,100,234.26,200,236.02,100,236.52,100,237.23,100,246.75,200,247.23,100,,,,,,
2026-02-05 09:36:49,232.875,233.8,1,232.42,200,233.33,100,233.33,232.42,232.42,200,230.7,100,221.97,200,,,,,,,,,,,,,,,233.33,100,234.26,200,236.02,100,236.52,100,237.23,100,246.75,200,247.23,100,,,,,,
2026-02-05 09:36:50,232.875,233.8,1,232.42,200,233.33,100,233.33,232.42,232.42,200,230.7,100,221.97,200,,,,,,,,,,,,,,,233.33,100,234.26,200,236.02,100,236.52,100,237.23,100,246.75,200,247.23,100,,,,,,
2026-02-05 09:36:51,232.875,233.8,1,232.42,200,233.33,100,233.33,232.42,232.42,200,230.7,100,221.97,200,,,,,,,,,,,,,,,233.33,100,234.26,200,236.02,100,236.52,100,237.23,100,246.75,200,247.23,100,,,,,,
2026-02-05 09:36:52,232.875,233.8,1,232.42,200,233.33,100,233.33,232.42,232.42,200,230.7,100,221.97,200,,,,,,,,,,,,,,,233.33,100,234.26,200,236.02,100,236.52,100,237.23,100,246.75,200,247.23,100,,,,,,
2026-02-05 09:36:53,232.875,233.8,1,232.42,200,233.33,100,233.33,232.42,232.42,200,230.7,100,221.97,200,,,,,,,,,,,,,,,233.33,100,234.26,200,236.02,100,236.52,100,237.23,100,246.75,200,247.23,100,,,,,,
2026-02-05 09:36:54,232.875,233.8,1,232.42,200,233.33,100,233.33,232.42,232.42,200,230.7,100,221.97,200,,,,,,,,,,,,,,,233.33,100,234.26,200,236.02,100,236.52,100,237.23,100,246.75,200,247.23,100,,,,,,
2026-02-05 09:36:55,232.875,233.8,1,232.42,200,233.33,100,233.33,232.42,232.42,200,230.7,100,221.97,200,,,,,,,,,,,,,,,233.33,100,234.26,200,236.02,100,236.52,100,237.23,100,246.75,200,247.23,100,,,,,,
2026-02-05 09:36:56,232.875,233.8,1,232.42,200,233.33,100,233.33,232.42,232.42,200,230.7,100,221.97,200,,,,,,,,,,,,,,,233.33,100,234.26,200,236.02,100,236.52,100,237.23,100,246.75,200,247.23,100,,,,,,
2026-02-05 09:36:57,232.875,233.8,1,232.42,200,233.33,100,233.33,232.42,232.42,200,230.7,100,221.97,200,,,,,,,,,,,,,,,233.33,100,234.26,200,236.02,100,236.52,100,237.23,100,246.75,200,247.23,100,,,,,,
2026-02-05 09:36:58,232.695,233.8,1,232.06,200,233.33,100,233.33,232.06,232.06,200,230.7,100,221.97,200,,,,,,,,,,,,,,,233.33,100,234.26,200,236.02,100,236.52,100,237.23,100,246.75,200,247.23,100,,,,,,
2026-02-05 09:36:59,232.63,233.8,1,232.06,200,233.2,100,233.2,232.06,232.06,200,230.7,100,221.97,200,,,,,,,,,,,,,,,233.2,100,233.7,200,234.26,200,236.02,100,236.52,100,237.23,100,246.75,200,247.23,100,,,,
2026-02-05 09:37:00,232.63,233.8,1,232.06,200,233.2,100,233.2,232.06,232.06,200,230.7,100,221.97,200,,,,,,,,,,,,,,,233.2,100,233.7,200,234.26,200,236.02,100,236.52,100,237.23,100,246.75,200,247.23,100,,,,
2026-02-05 09:37:01,232.63,233.8,1,232.06,200,233.2,100,233.2,232.06,232.06,200,230.7,100,221.97,200,,,,,,,,,,,,,,,233.2,100,233.7,200,234.26,200,236.02,100,236.52,100,237.23,100,246.75,200,247.23,100,,,,
2026-02-05 09:37:02,232.63,233.8,1,232.06,200,233.2,100,233.2,232.06,232.06,200,230.7,100,221.97,200,,,,,,,,,,,,,,,233.2,100,233.7,200,234.26,200,236.02,100,236.52,100,237.23,100,246.75,200,247.23,100,,,,
2026-02-05 09:37:03,232.63,233.8,1,232.06,200,233.2,100,233.2,232.06,232.06,200,230.7,100,221.97,200,,,,,,,,,,,,,,,233.2,100,233.7,200,234.26,200,236.02,100,236.52,100,237.23,100,246.75,200,247.23,100,,,,
2026-02-05 09:37:04,232.63,233.8,1,232.06,200,233.2,100,233.2,232.06,232.06,200,230.7,100,221.97,200,,,,,,,,,,,,,,,233.2,100,233.7,200,234.26,200,236.02,100,236.52,100,237.23,100,246.75,200,247.23,100,,,,
2026-02-05 09:37:05,232.63,233.8,1,232.06,200,233.2,100,233.2,232.06,232.06,200,230.7,100,221.97,200,,,,,,,,,,,,,,,233.2,100,233.7,200,234.26,200,236.02,100,236.52,100,237.23,100,246.75,200,247.23,100,,,,
2026-02-05 09:37:06,232.63,233.8,1,232.06,200,233.2,100,233.2,232.06,232.06,200,230.7,100,221.97,200,,,,,,,,,,,,,,,233.2,100,233.7,200,234.26,200,236.02,100,236.52,100,237.23,100,246.75,200,247.23,100,,,,
2026-02-05 09:37:07,232.63,233.8,1,232.06,200,233.2,100,233.2,232.06,232.06,200,230.7,100,221.97,200,,,,,,,,,,,,,,,233.2,100,233.7,200,234.26,200,236.02,100,236.52,100,237.23,100,246.75,200,247.23,100,,,,
2026-02-05 09:37:08,232.63,233.8,1,232.06,200,233.2,100,233.2,232.06,232.06,200,230.7,100,221.97,200,,,,,,,,,,,,,,,233.2,100,233.7,200,234.26,200,236.02,100,236.52,100,237.23,100,246.75,200,247.23,100,,,,
2026-02-05 09:37:09,232.63,233.8,1,232.06,200,233.2,100,233.2,232.06,232.06,200,230.7,100,221.97,200,,,,,,,,,,,,,,,233.2,100,233.7,200,234.26,200,236.02,100,236.52,100,237.23,100,246.75,200,247.23,100,,,,
2026-02-05 09:37:10,232.63,233.8,1,232.06,200,233.2,100,233.2,232.06,232.06,200,230.7,100,221.97,200,,,,,,,,,,,,,,,233.2,100,233.7,200,234.26,200,236.02,100,236.52,100,237.23,100,246.75,200,247.23,100,,,,
2026-02-05 09:37:11,232.63,233.8,1,232.06,200,233.2,100,233.2,232.06,232.06,200,230.7,100,221.97,200,,,,,,,,,,,,,,,233.2,100,233.7,200,234.26,200,236.02,100,236.52,100,237.23,100,246.75,200,247.23,100,,,,
2026-02-05 09:37:12,232.63,233.8,1,232.06,200,233.2,100,233.2,232.06,232.06,200,230.7,100,221.97,200,,,,,,,,,,,,,,,233.2,100,233.7,200,234.26,200,236.02,100,236.52,100,237.23,100,246.75,200,247.23,100,,,,
2026-02-05 09:37:13,232.63,233.8,1,232.06,200,233.2,100,233.2,232.06,232.06,200,230.7,100,221.97,200,,,,,,,,,,,,,,,233.2,100,233.7,200,234.26,200,236.02,100,236.52,100,237.23,100,246.75,200,247.23,100,,,,
2026-02-05 09:37:14,232.63,233.8,1,232.06,200,233.2,100,233.2,232.06,232.06,200,230.7,100,221.97,200,,,,,,,,,,,,,,,233.2,100,233.7,200,234.26,200,236.02,100,236.52,100,237.23,100,246.75,200,247.23,100,,,,
2026-02-05 09:37:15,232.63,233.8,1,232.06,200,233.2,100,233.2,232.06,232.06,200,230.7,100,221.97,200,,,,,,,,,,,,,,,233.2,100,233.7,200,234.26,200,236.02,100,236.52,100,237.23,100,246.75,200,247.23,100,,,,
2026-02-05 09:37:16,232.63,233.8,1,232.06,200,233.2,100,233.2,232.06,232.06,200,230.7,100,221.97,200,,,,,,,,,,,,,,,233.2,100,233.7,200,234.26,200,236.02,100,236.52,100,237.23,100,246.75,200,247.23,100,,,,
2026-02-05 09:37:16,232.63,233.8,1,232.06,200,233.2,100,233.2,232.06,232.06,200,230.7,100,221.97,200,,,,,,,,,,,,,,,233.2,100,233.7,200,234.26,200,236.02,100,236.52,100,237.23,100,246.75,200,247.23,100,,,,
2026-02-05 09:37:18,232.63,233.8,1,232.06,200,233.2,100,233.2,232.06,232.06,200,230.7,100,221.97,200,,,,,,,,,,,,,,,233.2,100,233.7,200,234.26,200,236.02,100,236.52,100,237.23,100,246.75,200,247.23,100,,,,
2026-02-05 09:37:19,232.63,233.8,1,232.06,200,233.2,100,233.2,232.06,232.06,200,230.7,100,221.97,200,,,,,,,,,,,,,,,233.2,100,233.7,200,234.26,200,236.02,100,236.52,100,237.23,100,246.75,200,247.23,100,,,,
2026-02-05 09:37:20,232.63,233.8,1,232.06,200,233.2,100,233.2,232.06,232.06,200,230.7,100,221.97,200,,,,,,,,,,,,,,,233.2,100,233.7,200,234.26,200,236.02,100,236.52,100,237.23,100,246.75,200,247.23,100,,,,
2026-02-05 09:37:21,232.63,233.8,1,232.06,200,233.2,100,233.2,232.06,232.06,200,230.7,100,221.97,200,,,,,,,,,,,,,,,233.2,100,233.7,200,234.26,200,236.02,100,236.52,100,237.23,100,246.75,200,247.23,100,,,,
2026-02-05 09:37:22,232.63,233.8,1,232.06,200,233.2,100,233.2,232.06,232.06,200,230.7,100,221.97,200,,,,,,,,,,,,,,,233.2,100,233.7,200,234.26,200,236.02,100,236.52,100,237.23,100,246.75,200,247.23,100,,,,
2026-02-05 09:37:23,232.63,233.8,1,232.06,200,233.2,100,233.2,232.06,232.06,200,230.7,100,221.97,200,,,,,,,,,,,,,,,233.2,100,233.7,200,234.26,200,236.02,100,236.52,100,237.23,100,246.75,200,247.23,100,,,,
2026-02-05 09:37:24,233.65,233.8,1,233.2,100,234.1,200,234.1,233.2,233.2,100,232.07,100,232.06,200,230.7,100,221.97,200,,,,,,,,,,,234.1,200,235.5,100,236.02,100,236.52,100,237.23,100,246.75,200,247.23,100,,,,,,
2026-02-05 09:37:25,233.08,233.8,1,232.06,200,234.1,200,234.1,232.06,232.06,200,230.7,100,221.97,200,,,,,,,,,,,,,,,234.1,200,235.5,100,236.02,100,236.52,100,237.23,100,246.75,200,247.23,100,,,,,,
2026-02-05 09:37:26,233.08,233.8,1,232.06,200,234.1,200,234.1,232.06,232.06,200,230.7,100,221.97,200,,,,,,,,,,,,,,,234.1,200,235.5,100,236.02,100,236.52,100,237.23,100,246.75,200,247.23,100,,,,,,
2026-02-05 09:37:27,233.08,233.8,1,232.06,200,234.1,200,234.1,232.06,232.06,200,230.7,100,221.97,200,,,,,,,,,,,,,,,234.1,200,235.5,100,236.02,100,236.52,100,237.23,100,246.75,200,247.23,100,,,,,,
2026-02-05 09:37:28,233.08,233.8,1,232.06,200,234.1,200,234.1,232.06,232.06,200,230.7,100,221.97,200,,,,,,,,,,,,,,,234.1,200,235.5,100,236.02,100,236.52,100,237.23,100,246.75,200,247.23,100,,,,,,
2026-02-05 09:37:29,233.08,233.8,1,232.06,200,234.1,200,234.1,232.06,232.06,200,230.7,100,221.97,200,,,,,,,,,,,,,,,234.1,200,235.5,100,236.02,100,236.52,100,237.23,100,246.75,200,247.23,100,,,,,,
2026-02-05 09:37:30,233.24,233.8,1,232.38,200,234.1,200,234.1,232.38,232.38,200,230.7,100,221.97,200,,,,,,,,,,,,,,,234.1,200,235.5,100,236.02,100,236.52,100,237.23,100,246.75,200,247.23,100,,,,,,
2026-02-05 09:37:31,233.24,233.8,1,232.38,200,234.1,200,234.1,232.38,232.38,200,230.7,100,221.97,200,,,,,,,,,,,,,,,234.1,200,235.5,100,236.02,100,236.52,100,237.23,100,246.75,200,247.23,100,,,,,,
2026-02-05 09:37:32,233.24,233.8,1,232.38,200,234.1,200,234.1,232.38,232.38,200,230.7,100,221.97,200,,,,,,,,,,,,,,,234.1,200,235.5,100,236.02,100,236.52,100,237.23,100,246.75,200,247.23,100,,,,,,
2026-02-05 09:37:33,233.24,233.8,1,232.38,200,234.1,200,234.1,232.38,232.38,200,230.7,100,221.97,200,,,,,,,,,,,,,,,234.1,200,235.5,100,236.02,100,236.52,100,237.23,100,246.75,200,247.23,100,,,,,,
2026-02-05 09:37:34,233.24,233.8,1,232.38,200,234.1,200,234.1,232.38,232.38,200,230.7,100,221.97,200,,,,,,,,,,,,,,,234.1,200,235.5,100,236.02,100,236.52,100,237.23,100,246.75,200,247.23,100,,,,,,
2026-02-05 09:37:35,233.24,233.8,1,232.38,200,234.1,200,234.1,232.38,232.38,200,230.7,100,221.97,200,,,,,,,,,,,,,,,234.1,200,235.5,100,236.02,100,236.52,100,237.23,100,246.75,200,247.23,100,,,,,,
2026-02-05 09:37:36,233.24,233.8,1,232.38,200,234.1,200,234.1,232.38,232.38,200,230.7,100,221.97,200,,,,,,,,,,,,,,,234.1,200,235.5,100,236.02,100,236.52,100,237.23,100,246.75,200,247.23,100,,,,,,
2026-02-05 09:37:37,233.24,233.8,1,232.38,200,234.1,200,234.1,232.38,232.38,200,230.7,100,221.97,200,,,,,,,,,,,,,,,234.1,200,235.5,100,236.02,100,236.52,100,237.23,100,246.75,200,247.23,100,,,,,,
2026-02-05 09:37:38,233.24,233.8,1,232.38,200,234.1,200,234.1,232.38,232.38,200,230.7,100,221.97,200,,,,,,,,,,,,,,,234.1,200,235.5,100,236.02,100,236.52,100,237.23,100,246.75,200,247.23,100,,,,,,
2026-02-05 09:37:39,233.24,233.8,1,232.38,200,234.1,200,234.1,232.38,232.38,200,230.7,100,221.97,200,,,,,,,,,,,,,,,234.1,200,235.5,100,236.02,100,236.52,100,237.23,100,246.75,200,247.23,100,,,,,,
2026-02-05 09:37:40,233.24,233.8,1,232.38,200,234.1,200,234.1,232.38,232.38,200,230.7,100,221.97,200,,,,,,,,,,,,,,,234.1,200,235.5,100,236.02,100,236.52,100,237.23,100,246.75,200,247.23,100,,,,,,
2026-02-05 09:37:41,233.24,233.8,1,232.38,200,234.1,200,234.1,232.38,232.38,200,230.7,100,221.97,200,,,,,,,,,,,,,,,234.1,200,235.5,100,236.02,100,236.52,100,237.23,100,246.75,200,247.23,100,,,,,,
2026-02-05 09:37:42,233.24,233.8,1,232.38,200,234.1,200,234.1,232.38,232.38,200,230.7,100,221.97,200,,,,,,,,,,,,,,,234.1,200,235.5,100,236.02,100,236.52,100,237.23,100,246.75,200,247.23,100,,,,,,
2026-02-05 09:37:43,233.24,233.8,1,232.38,200,234.1,200,234.1,232.38,232.38,200,230.7,100,221.97,200,,,,,,,,,,,,,,,234.1,200,235.5,100,236.02,100,236.52,100,237.23,100,246.75,200,247.23,100,,,,,,
2026-02-05 09:37:44,233.24,233.8,1,232.38,200,234.1,200,234.1,232.38,232.38,200,230.7,100,221.97,200,,,,,,,,,,,,,,,234.1,200,235.5,100,236.02,100,236.52,100,237.23,100,246.75,200,247.23,100,,,,,,
2026-02-05 09:37:45,233.24,233.8,1,232.38,200,234.1,200,234.1,232.38,232.38,200,230.7,100,221.97,200,,,,,,,,,,,,,,,234.1,200,235.5,100,236.02,100,236.52,100,237.23,100,246.75,200,247.23,100,,,,,,
2026-02-05 09:37:46,233.24,233.8,1,232.38,200,234.1,200,234.1,232.38,232.38,200,230.7,100,221.97,200,,,,,,,,,,,,,,,234.1,200,235.5,100,236.02,100,236.52,100,237.23,100,246.75,200,247.23,100,,,,,,
2026-02-05 09:37:47,233.24,233.8,1,232.38,200,234.1,200,234.1,232.38,232.38,200,230.7,100,221.97,200,,,,,,,,,,,,,,,234.1,200,235.5,100,236.02,100,236.52,100,237.23,100,246.75,200,247.23,100,,,,,,
2026-02-05 09:37:48,233.24,233.8,1,232.38,200,234.1,200,234.1,232.38,232.38,200,230.7,100,221.97,200,,,,,,,,,,,,,,,234.1,200,235.5,100,236.02,100,236.52,100,237.23,100,246.75,200,247.23,100,,,,,,
2026-02-05 09:37:49,233.24,233.8,1,232.38,200,234.1,200,234.1,232.38,232.38,200,230.7,100,221.97,200,,,,,,,,,,,,,,,234.1,200,235.5,100,236.02,100,236.52,100,237.23,100,246.75,200,247.23,100,,,,,,
2026-02-05 09:37:50,233.24,233.8,1,232.38,200,234.1,200,234.1,232.38,232.38,200,230.7,100,221.97,200,,,,,,,,,,,,,,,234.1,200,235.5,100,236.02,100,236.52,100,237.23,100,246.75,200,247.23,100,,,,,,
2026-02-05 09:37:51,233.24,233.8,1,232.38,200,234.1,200,234.1,232.38,232.38,200,230.7,100,221.97,200,,,,,,,,,,,,,,,234.1,200,235.5,100,236.02,100,236.52,100,237.23,100,246.75,200,247.23,100,,,,,,
2026-02-05 09:37:52,233.24,233.8,1,232.38,200,234.1,200,234.1,232.38,232.38,200,230.7,100,221.97,200,,,,,,,,,,,,,,,234.1,200,235.5,100,236.02,100,236.52,100,237.23,100,246.75,200,247.23,100,,,,,,
2026-02-05 09:37:53,233.24,233.8,1,232.38,200,234.1,200,234.1,232.38,232.38,200,230.7,100,221.97,200,,,,,,,,,,,,,,,234.1,200,235.5,100,236.02,100,236.52,100,237.23,100,246.75,200,247.23,100,,,,,,
2026-02-05 09:37:54,233.24,233.8,1,232.38,200,234.1,200,234.1,232.38,232.38,200,230.7,100,221.97,200,,,,,,,,,,,,,,,234.1,200,235.5,100,236.02,100,236.52,100,237.23,100,246.75,200,247.23,100,,,,,,
2026-02-05 09:37:55,233.24,233.8,1,232.38,200,234.1,200,234.1,232.38,232.38,200,230.7,100,221.97,200,,,,,,,,,,,,,,,234.1,200,235.5,100,236.02,100,236.52,100,237.23,100,246.75,200,247.23,100,,,,,,
2026-02-05 09:37:56,233.24,233.8,1,232.38,200,234.1,200,234.1,232.38,232.38,200,230.7,100,221.97,200,,,,,,,,,,,,,,,234.1,200,235.5,100,236.02,100,236.52,100,237.23,100,246.75,200,247.23,100,,,,,,
2026-02-05 09:37:57,233.37,233.8,1,232.64,200,234.1,200,234.1,232.64,232.64,200,230.7,100,221.97,200,,,,,,,,,,,,,,,234.1,200,235.5,100,236.02,100,236.52,100,237.23,100,246.75,200,247.23,100,,,,,,
2026-02-05 09:37:58,233.37,233.8,1,232.64,200,234.1,200,234.1,232.64,232.64,200,230.7,100,221.97,200,,,,,,,,,,,,,,,234.1,200,235.5,100,236.02,100,236.52,100,237.23,100,246.75,200,247.23,100,,,,,,
2026-02-05 09:37:59,233.37,233.8,1,232.64,200,234.1,200,234.1,232.64,232.64,200,230.7,100,221.97,200,,,,,,,,,,,,,,,234.1,200,235.5,100,236.02,100,236.52,100,237.23,100,246.75,200,247.23,100,,,,,,
2026-02-05 09:38:00,233.37,233.8,1,232.64,200,234.1,200,234.1,232.64,232.64,200,230.7,100,221.97,200,,,,,,,,,,,,,,,234.1,200,235.5,100,236.02,100,236.52,100,237.23,100,246.75,200,247.23,100,,,,,,
2026-02-05 09:38:01,233.37,233.8,1,232.64,200,234.1,200,234.1,232.64,232.64,200,230.7,100,221.97,200,,,,,,,,,,,,,,,234.1,200,235.5,100,236.02,100,236.52,100,237.23,100,246.75,200,247.23,100,,,,,,
2026-02-05 09:38:02,233.37,233.8,1,232.64,200,234.1,200,234.1,232.64,232.64,200,230.7,100,221.97,200,,,,,,,,,,,,,,,234.1,200,235.5,100,236.02,100,236.52,100,237.23,100,246.75,200,247.23,100,,,,,,
2026-02-05 09:38:03,233.37,233.8,1,232.64,200,234.1,200,234.1,232.64,232.64,200,230.7,100,221.97,200,,,,,,,,,,,,,,,234.1,200,235.5,100,236.02,100,236.52,100,237.23,100,246.75,200,247.23,100,,,,,,
2026-02-05 09:38:04,233.37,233.8,1,232.64,200,234.1,200,234.1,232.64,232.64,200,230.7,100,221.97,200,,,,,,,,,,,,,,,234.1,200,235.5,100,236.02,100,236.52,100,237.23,100,246.75,200,247.23,100,,,,,,
2026-02-05 09:38:05,233.37,233.8,1,232.64,200,234.1,200,234.1,232.64,232.64,200,230.7,100,221.97,200,,,,,,,,,,,,,,,234.1,200,235.5,100,236.02,100,236.52,100,237.23,100,246.75,200,247.23,100,,,,,,
2026-02-05 09:38:06,233.37,233.8,1,232.64,200,234.1,200,234.1,232.64,232.64,200,230.7,100,221.97,200,,,,,,,,,,,,,,,234.1,200,235.5,100,236.02,100,236.52,100,237.23,100,246.75,200,247.23,100,,,,,,
2026-02-05 09:38:07,233.37,233.8,1,232.64,200,234.1,200,234.1,232.64,232.64,200,230.7,100,221.97,200,,,,,,,,,,,,,,,234.1,200,235.5,100,236.02,100,236.52,100,237.23,100,246.75,200,247.23,100,,,,,,
2026-02-05 09:38:08,233.37,233.8,1,232.64,200,234.1,200,234.1,232.64,232.64,200,230.7,100,221.97,200,,,,,,,,,,,,,,,234.1,200,235.5,100,236.02,100,236.52,100,237.23,100,246.75,200,247.23,100,,,,,,
2026-02-05 09:38:09,233.37,233.8,1,232.64,200,234.1,200,234.1,232.64,232.64,200,230.7,100,221.97,200,,,,,,,,,,,,,,,234.1,200,235.5,100,236.02,100,236.52,100,237.23,100,246.75,200,247.23,100,,,,,,
2026-02-05 09:38:10,233.37,233.8,1,232.64,200,234.1,200,234.1,232.64,232.64,200,230.7,100,221.97,200,,,,,,,,,,,,,,,234.1,200,235.5,100,236.02,100,236.52,100,237.23,100,246.75,200,247.23,100,,,,,,
2026-02-05 09:38:11,233.37,233.8,1,232.64,200,234.1,200,234.1,232.64,232.64,200,230.7,100,221.97,200,,,,,,,,,,,,,,,234.1,200,235.5,100,236.02,100,236.52,100,237.23,100,246.75,200,247.23,100,,,,,,
2026-02-05 09:38:12,233.37,233.8,1,232.64,200,234.1,200,234.1,232.64,232.64,200,230.7,100,221.97,200,,,,,,,,,,,,,,,234.1,200,235.5,100,236.02,100,236.52,100,237.23,100,246.75,200,247.23,100,,,,,,
2026-02-05 09:38:13,233.37,233.8,1,232.64,200,234.1,200,234.1,232.64,232.64,200,230.7,100,221.97,200,,,,,,,,,,,,,,,234.1,200,235.5,100,236.02,100,236.52,100,237.23,100,246.75,200,247.23,100,,,,,,
2026-02-05 09:38:14,233.37,233.8,1,232.64,200,234.1,200,234.1,232.64,232.64,200,230.7,100,221.97,200,,,,,,,,,,,,,,,234.1,200,235.5,100,236.02,100,236.52,100,237.23,100,246.75,200,247.23,100,,,,,,
2026-02-05 09:38:15,233.37,233.8,1,232.64,200,234.1,200,234.1,232.64,232.64,200,230.7,100,221.97,200,,,,,,,,,,,,,,,234.1,200,235.5,100,236.02,100,236.52,100,237.23,100,246.75,200,247.23,100,,,,,,
2026-02-05 09:38:16,233.37,233.8,1,232.64,200,234.1,200,234.1,232.64,232.64,200,230.7,100,221.97,200,,,,,,,,,,,,,,,234.1,200,235.5,100,236.02,100,236.52,100,237.23,100,246.75,200,247.23,100,,,,,,
2026-02-05 09:38:17,233.37,233.8,1,232.64,200,234.1,200,234.1,232.64,232.64,200,230.7,100,221.97,200,,,,,,,,,,,,,,,234.1,200,235.5,100,236.02,100,236.52,100,237.23,100,246.75,200,247.23,100,,,,,,
2026-02-05 09:38:18,233.37,233.8,1,232.64,200,234.1,200,234.1,232.64,232.64,200,230.7,100,221.97,200,,,,,,,,,,,,,,,234.1,200,235.5,100,236.02,100,236.52,100,237.23,100,246.75,200,247.23,100,,,,,,
2026-02-05 09:38:19,233.37,233.8,1,232.64,200,234.1,200,234.1,232.64,232.64,200,230.7,100,221.97,200,,,,,,,,,,,,,,,234.1,200,235.5,100,236.02,100,236.52,100,237.23,100,246.75,200,247.23,100,,,,,,
2026-02-05 09:38:20,233.37,233.8,1,232.64,200,234.1,200,234.1,232.64,232.64,200,230.7,100,221.97,200,,,,,,,,,,,,,,,234.1,200,235.5,100,236.02,100,236.52,100,237.23,100,246.75,200,247.23,100,,,,,,
2026-02-05 09:38:21,233.37,233.8,1,232.64,200,234.1,200,234.1,232.64,232.64,200,230.7,100,221.97,200,,,,,,,,,,,,,,,234.1,200,235.5,100,236.02,100,236.52,100,237.23,100,246.75,200,247.23,100,,,,,,
2026-02-05 09:38:22,233.37,233.8,1,232.64,200,234.1,200,234.1,232.64,232.64,200,230.7,100,221.97,200,,,,,,,,,,,,,,,234.1,200,235.5,100,236.02,100,236.52,100,237.23,100,246.75,200,247.23,100,,,,,,
2026-02-05 09:38:23,233.37,233.8,1,232.64,200,234.1,200,234.1,232.64,232.64,200,230.7,100,221.97,200,,,,,,,,,,,,,,,234.1,200,235.5,100,236.02,100,236.52,100,237.23,100,246.75,200,247.23,100,,,,,,
2026-02-05 09:38:24,233.37,233.8,1,232.64,200,234.1,200,234.1,232.64,232.64,200,230.7,100,221.97,200,,,,,,,,,,,,,,,234.1,200,235.5,100,236.02,100,236.52,100,237.23,100,246.75,200,247.23,100,,,,,,
2026-02-05 09:38:25,233.37,233.8,1,232.64,200,234.1,200,234.1,232.64,232.64,200,230.7,100,221.97,200,,,,,,,,,,,,,,,234.1,200,235.5,100,236.02,100,236.52,100,237.23,100,246.75,200,247.23,100,,,,,,
2026-02-05 09:38:26,233.37,233.8,1,232.64,200,234.1,200,234.1,232.64,232.64,200,230.7,100,221.97,200,,,,,,,,,,,,,,,234.1,200,235.5,100,236.02,100,236.52,100,237.23,100,246.75,200,247.23,100,,,,,,
2026-02-05 09:38:27,233.37,233.8,1,232.64,200,234.1,200,234.1,232.64,232.64,200,230.7,100,221.97,200,,,,,,,,,,,,,,,234.1,200,235.5,100,236.02,100,236.52,100,237.23,100,246.75,200,247.23,100,,,,,,
2026-02-05 09:38:28,233.37,233.8,1,232.64,200,234.1,200,234.1,232.64,232.64,200,230.7,100,221.97,200,,,,,,,,,,,,,,,234.1,200,235.5,100,236.02,100,236.52,100,237.23,100,246.75,200,247.23,100,,,,,,
2026-02-05 09:38:29,233.37,233.8,1,232.64,200,234.1,200,234.1,232.64,232.64,200,230.7,100,221.97,200,,,,,,,,,,,,,,,234.1,200,235.5,100,236.02,100,236.52,100,237.23,100,246.75,200,247.23,100,,,,,,
2026-02-05 09:38:30,233.23,233.8,1,232.36,200,234.1,200,234.1,232.36,232.36,200,230.7,100,221.97,200,,,,,,,,,,,,,,,234.1,200,235.5,100,236.02,100,236.52,100,237.23,100,246.75,200,247.23,100,,,,,,
2026-02-05 09:38:31,233.23,233.8,1,232.36,200,234.1,200,234.1,232.36,232.36,200,230.7,100,221.97,200,,,,,,,,,,,,,,,234.1,200,235.5,100,236.02,100,236.52,100,237.23,100,246.75,200,247.23,100,,,,,,
2026-02-05 09:38:32,233.23,233.8,1,232.36,200,234.1,200,234.1,232.36,232.36,200,230.7,100,221.97,200,,,,,,,,,,,,,,,234.1,200,235.5,100,236.02,100,236.52,100,237.23,100,246.75,200,247.23,100,,,,,,
2026-02-05 09:38:33,233.23,233.8,1,232.36,200,234.1,200,234.1,232.36,232.36,200,230.7,100,221.97,200,,,,,,,,,,,,,,,234.1,200,235.5,100,236.02,100,236.52,100,237.23,100,246.75,200,247.23,100,,,,,,
2026-02-05 09:38:34,233.23,233.8,1,232.36,200,234.1,200,234.1,232.36,232.36,200,230.7,100,221.97,200,,,,,,,,,,,,,,,234.1,200,235.5,100,236.02,100,236.52,100,237.23,100,246.75,200,247.23,100,,,,,,
2026-02-05 09:38:35,233.115,233.8,1,232.36,200,233.87,200,233.87,232.36,232.36,200,230.7,100,221.97,200,,,,,,,,,,,,,,,233.87,200,236.04,100,236.52,100,237.23,100,246.75,200,247.23,100,,,,,,,,
2026-02-05 09:38:36,233.115,233.8,1,232.36,200,233.87,200,233.87,232.36,232.36,200,230.7,100,221.97,200,,,,,,,,,,,,,,,233.87,200,236.04,100,236.52,100,237.23,100,246.75,200,247.23,100,,,,,,,,
2026-02-05 09:38:37,233.115,233.8,1,232.36,200,233.87,200,233.87,232.36,232.36,200,230.7,100,221.97,200,,,,,,,,,,,,,,,233.87,200,236.04,100,236.52,100,237.23,100,246.75,200,247.23,100,,,,,,,,
2026-02-05 09:38:38,233.115,233.8,1,232.36,200,233.87,200,233.87,232.36,232.36,200,230.7,100,221.97,200,,,,,,,,,,,,,,,233.87,200,236.04,100,236.52,100,237.23,100,246.75,200,247.23,100,,,,,,,,
2026-02-05 09:38:39,233.115,233.8,1,232.36,200,233.87,200,233.87,232.36,232.36,200,230.7,100,221.97,200,,,,,,,,,,,,,,,233.87,200,236.04,100,236.52,100,237.23,100,246.75,200,247.23,100,,,,,,,,
2026-02-05 09:38:40,233.115,233.8,1,232.36,200,233.87,200,233.87,232.36,232.36,200,230.7,100,221.97,200,,,,,,,,,,,,,,,233.87,200,236.04,100,236.52,100,237.23,100,246.75,200,247.23,100,,,,,,,,
2026-02-05 09:38:41,233.115,233.8,1,232.36,200,233.87,200,233.87,232.36,232.36,200,230.7,100,221.97,200,,,,,,,,,,,,,,,233.87,200,236.04,100,236.52,100,237.23,100,246.75,200,247.23,100,,,,,,,,
2026-02-05 09:38:42,233.115,233.8,1,232.36,200,233.87,200,233.87,232.36,232.36,200,230.7,100,221.97,200,,,,,,,,,,,,,,,233.87,200,236.04,100,236.52,100,237.23,100,246.75,200,247.23,100,,,,,,,,
2026-02-05 09:38:43,233.115,233.8,1,232.36,200,233.87,200,233.87,232.36,232.36,200,230.7,100,221.97,200,,,,,,,,,,,,,,,233.87,200,236.04,100,236.52,100,237.23,100,246.75,200,247.23,100,,,,,,,,
2026-02-05 09:38:44,233.115,233.8,1,232.36,200,233.87,200,233.87,232.36,232.36,200,230.7,100,221.97,200,,,,,,,,,,,,,,,233.87,200,236.04,100,236.52,100,237.23,100,246.75,200,247.23,100,,,,,,,,
2026-02-05 09:38:45,233.115,233.8,1,232.36,200,233.87,200,233.87,232.36,232.36,200,230.7,100,221.97,200,,,,,,,,,,,,,,,233.87,200,236.04,100,236.52,100,237.23,100,246.75,200,247.23,100,,,,,,,,
2026-02-05 09:38:46,233.115,233.8,1,232.36,200,233.87,200,233.87,232.36,232.36,200,230.7,100,221.97,200,,,,,,,,,,,,,,,233.87,200,236.04,100,236.52,100,237.23,100,246.75,200,247.23,100,,,,,,,,
2026-02-05 09:38:47,233.115,233.8,1,232.36,200,233.87,200,233.87,232.36,232.36,200,230.7,100,221.97,200,,,,,,,,,,,,,,,233.87,200,236.04,100,236.52,100,237.23,100,246.75,200,247.23,100,,,,,,,,
2026-02-05 09:38:48,233.115,233.8,1,232.36,200,233.87,200,233.87,232.36,232.36,200,230.7,100,221.97,200,,,,,,,,,,,,,,,233.87,200,236.04,100,236.52,100,237.23,100,246.75,200,247.23,100,,,,,,,,
2026-02-05 09:38:49,233.115,233.8,1,232.36,200,233.87,200,233.87,232.36,232.36,200,230.7,100,221.97,200,,,,,,,,,,,,,,,233.87,200,236.04,100,236.52,100,237.23,100,246.75,200,247.23,100,,,,,,,,
2026-02-05 09:38:50,233.115,233.8,1,232.36,200,233.87,200,233.87,232.36,232.36,200,230.7,100,221.97,200,,,,,,,,,,,,,,,233.87,200,236.04,100,236.52,100,237.23,100,246.75,200,247.23,100,,,,,,,,
2026-02-05 09:38:51,233.115,233.8,1,232.36,200,233.87,200,233.87,232.36,232.36,200,230.7,100,221.97,200,,,,,,,,,,,,,,,233.87,200,236.04,100,236.52,100,237.23,100,246.75,200,247.23,100,,,,,,,,
2026-02-05 09:38:52,233.115,233.8,1,232.36,200,233.87,200,233.87,232.36,232.36,200,230.7,100,221.97,200,,,,,,,,,,,,,,,233.87,200,236.04,100,236.52,100,237.23,100,246.75,200,247.23,100,,,,,,,,
2026-02-05 09:38:53,233.115,233.8,1,232.36,200,233.87,200,233.87,232.36,232.36,200,230.7,100,221.97,200,,,,,,,,,,,,,,,233.87,200,236.04,100,236.52,100,237.23,100,246.75,200,247.23,100,,,,,,,,
2026-02-05 09:38:54,233.115,233.8,1,232.36,200,233.87,200,233.87,232.36,232.36,200,230.7,100,221.97,200,,,,,,,,,,,,,,,233.87,200,236.04,100,236.52,100,237.23,100,246.75,200,247.23,100,,,,,,,,
2026-02-05 09:38:55,233.115,233.8,1,232.36,200,233.87,200,233.87,232.36,232.36,200,230.7,100,221.97,200,,,,,,,,,,,,,,,233.87,200,236.04,100,236.52,100,237.23,100,246.75,200,247.23,100,,,,,,,,
2026-02-05 09:38:56,233.115,233.8,1,232.36,200,233.87,200,233.87,232.36,232.36,200,230.7,100,221.97,200,,,,,,,,,,,,,,,233.87,200,236.04,100,236.52,100,237.23,100,246.75,200,247.23,100,,,,,,,,
2026-02-05 09:38:57,233.115,233.8,1,232.36,200,233.87,200,233.87,232.36,232.36,200,230.7,100,221.97,200,,,,,,,,,,,,,,,233.87,200,236.04,100,236.52,100,237.23,100,246.75,200,247.23,100,,,,,,,,
2026-02-05 09:38:58,233.115,233.8,1,232.36,200,233.87,200,233.87,232.36,232.36,200,230.7,100,221.97,200,,,,,,,,,,,,,,,233.87,200,236.04,100,236.52,100,237.23,100,246.75,200,247.23,100,,,,,,,,
2026-02-05 09:38:59,233.115,233.8,1,232.36,200,233.87,200,233.87,232.36,232.36,200,230.7,100,221.97,200,,,,,,,,,,,,,,,233.87,200,236.04,100,236.52,100,237.23,100,246.75,200,247.23,100,,,,,,,,
2026-02-05 09:39:00,233.115,233.8,1,232.36,200,233.87,200,233.87,232.36,232.36,200,230.7,100,221.97,200,,,,,,,,,,,,,,,233.87,200,236.04,100,236.52,100,237.23,100,246.75,200,247.23,100,,,,,,,,
2026-02-05 09:39:01,233.115,233.8,1,232.36,200,233.87,200,233.87,232.36,232.36,200,230.7,100,221.97,200,,,,,,,,,,,,,,,233.87,200,236.04,100,236.52,100,237.23,100,246.75,200,247.23,100,,,,,,,,
2026-02-05 09:39:02,233.115,233.8,1,232.36,200,233.87,200,233.87,232.36,232.36,200,230.7,100,221.97,200,,,,,,,,,,,,,,,233.87,200,236.04,100,236.52,100,237.23,100,246.75,200,247.23,100,,,,,,,,
2026-02-05 09:39:03,232.945,233.8,1,232.36,200,233.53,100,233.53,232.36,232.36,200,230.7,100,221.97,200,,,,,,,,,,,,,,,233.53,100,233.87,200,236.04,100,236.52,100,237.23,100,246.75,200,247.23,100,,,,,,
2026-02-05 09:39:04,232.945,233.8,1,232.36,200,233.53,100,233.53,232.36,232.36,200,230.7,100,221.97,200,,,,,,,,,,,,,,,233.53,100,233.87,200,236.04,100,236.52,100,237.23,100,246.75,200,247.23,100,,,,,,
2026-02-05 09:39:05,233.115,233.8,1,232.36,200,233.87,200,233.87,232.36,232.36,200,230.7,100,221.97,200,,,,,,,,,,,,,,,233.87,200,236.04,100,236.52,100,237.23,100,246.75,200,247.23,100,,,,,,,,
