sim_time,mid_price,last_price,last_size,best_bid_price,best_bid_size,best_ask_price,best_ask_size,close_price_buy,close_price_sell,bid1_price,bid1_size,bid2_price,bid2_size,bid3_price,bid3_size,bid4_price,bid4_size,bid5_price,bid5_size,bid6_price,bid6_size,bid7_price,bid7_size,bid8_price,bid8_size,bid9_price,bid9_size,bid10_price,bid10_size,ask1_price,ask1_size,ask2_price,ask2_size,ask3_price,ask3_size,ask4_price,ask4_size,ask5_price,ask5_size,ask6_price,ask6_size,ask7_price,ask7_size,ask8_price,ask8_size,ask9_price,ask9_size,ask10_price,ask10_size
2026-02-05 09:30:17,285.555,0.0,0,285.11,360,286.0,440,286.0,285.11,285.11,360,285.1,80,,,,,,,,,,,,,,,,,286.0,440,286.86,160,288.0,200,,,,,,,,,,,,,,
2026-02-05 09:30:18,286.505,285.64,1,286.15,40,286.86,160,286.86,286.15,286.15,40,286.05,200,286.0,320,285.93,200,285.84,40,285.83,40,285.82,240,285.54,160,285.47,320,285.35,160,286.86,160,288.0,200,,,,,,,,,,,,,,,,
2026-02-05 09:30:20,286.09,286.15,1,285.49,40,286.69,80,286.69,285.49,285.49,40,285.48,40,285.47,320,285.35,160,285.34,320,285.33,200,285.11,80,285.06,80,,,,,286.69,80,286.7,40,286.71,160,286.86,160,288.0,200,,,,,,,,,,
2026-02-05 09:30:21,286.09,286.09,1,285.49,40,286.69,360,286.69,285.49,285.49,40,285.48,40,285.47,320,285.35,160,285.34,320,285.33,200,285.11,80,285.06,80,,,,,286.69,360,286.7,120,286.71,160,286.86,160,288.0,200,,,,,,,,,,
2026-02-05 09:30:22,286.09,286.08,1,285.49,40,286.69,360,286.69,285.49,285.49,40,285.48,40,285.47,320,285.35,160,285.34,320,285.33,200,285.11,80,285.06,80,,,,,286.69,360,286.7,120,286.71,160,286.86,160,288.0,200,,,,,,,,,,
2026-02-05 09:30:22,286.09,286.08,1,285.49,40,286.69,360,286.69,285.49,285.49,40,285.48,40,285.47,320,285.35,160,285.34,320,285.33,200,285.11,80,285.06,80,,,,,286.69,360,286.7,120,286.71,160,286.86,160,288.0,200,,,,,,,,,,
2026-02-05 09:30:24,286.09,286.08,1,285.49,40,286.69,360,286.69,285.49,285.49,40,285.48,40,285.47,320,285.35,160,285.34,320,285.33,200,285.11,80,285.06,80,,,,,286.69,360,286.7,120,286.71,160,286.86,160,288.0,200,,,,,,,,,,
2026-02-05 09:30:25,286.08,286.08,1,285.48,40,286.68,400,286.68,285.48,285.48,40,285.47,320,285.35,160,285.34,320,285.33,200,285.11,80,285.06,80,,,,,,,286.68,400,286.69,360,286.7,120,286.71,160,286.86,160,288.0,200,,,,,,,,
2026-02-05 09:30:26,286.06,286.08,1,285.44,40,286.68,480,286.68,285.44,285.44,40,285.35,160,285.34,320,285.33,200,285.11,80,285.06,80,,,,,,,,,286.68,480,286.69,360,286.7,120,286.71,160,286.86,160,288.0,200,,,,,,,,
2026-02-05 09:30:27,286.06,286.08,1,285.44,80,286.68,480,286.68,285.44,285.44,80,285.35,160,285.34,320,285.33,200,285.11,80,285.06,80,,,,,,,,,286.68,480,286.69,360,286.7,120,286.71,160,286.86,160,288.0,200,,,,,,,,
2026-02-05 09:30:28,286.06,286.08,1,285.44,80,286.68,480,286.68,285.44,285.44,80,285.35,160,285.34,320,285.33,200,285.11,80,285.06,80,,,,,,,,,286.68,480,286.69,360,286.7,120,286.71,160,286.86,160,288.0,200,,,,,,,,
2026-02-05 09:30:29,286.06,286.08,1,285.44,80,286.68,480,286.68,285.44,285.44,80,285.35,160,285.34,320,285.33,200,285.11,80,285.06,80,,,,,,,,,286.68,480,286.69,360,286.7,120,286.71,160,286.86,160,288.0,200,,,,,,,,
2026-02-05 09:30:30,286.06,286.08,1,285.44,80,286.68,480,286.68,285.44,285.44,80,285.35,160,285.34,320,285.33,200,285.11,80,285.06,80,,,,,,,,,286.68,480,286.69,360,286.7,120,286.71,160,286.86,160,288.0,200,,,,,,,,
2026-02-05 09:30:31,286.06,286.08,1,285.44,80,286.68,400,286.68,285.44,285.44,80,285.35,160,285.34,320,285.33,200,285.11,80,285.06,80,,,,,,,,,286.68,400,286.69,360,286.7,120,286.71,160,286.86,160,288.0,200,,,,,,,,
2026-02-05 09:30:32,286.06,286.08,1,285.44,80,286.68,400,286.68,285.44,285.44,80,285.35,160,285.34,320,285.33,200,285.11,80,285.06,80,,,,,,,,,286.68,400,286.69,360,286.7,120,286.71,160,286.86,160,288.0,200,,,,,,,,
2026-02-05 09:30:33,286.06,286.08,1,285.44,80,286.68,400,286.68,285.44,285.44,80,285.35,160,285.34,320,285.33,200,285.11,80,285.06,80,,,,,,,,,286.68,400,286.69,360,286.7,120,286.71,160,286.86,160,288.0,200,,,,,,,,
2026-02-05 09:30:34,286.06,286.08,1,285.44,80,286.68,360,286.68,285.44,285.44,80,285.35,160,285.34,320,285.33,200,285.11,80,285.06,80,,,,,,,,,286.68,360,286.69,360,286.7,120,286.71,160,286.86,160,288.0,200,,,,,,,,
2026-02-05 09:30:35,286.06,286.08,1,285.44,80,286.68,360,286.68,285.44,285.44,80,285.35,160,285.34,320,285.33,200,285.11,80,285.06,80,,,,,,,,,286.68,360,286.69,360,286.7,120,286.71,160,286.86,160,288.0,200,,,,,,,,
2026-02-05 09:30:36,286.06,286.08,1,285.44,240,286.68,360,286.68,285.44,285.44,240,285.35,160,285.34,320,285.33,200,285.11,80,285.06,80,,,,,,,,,286.68,360,286.69,360,286.7,120,286.71,160,286.86,160,288.0,200,,,,,,,,
2026-02-05 09:30:37,286.06,286.08,1,285.44,240,286.68,360,286.68,285.44,285.44,240,285.35,160,285.34,320,285.33,200,285.11,80,285.06,80,,,,,,,,,286.68,360,286.69,360,286.7,120,286.71,160,286.86,160,288.0,200,,,,,,,,
2026-02-05 09:30:38,286.06,286.08,1,285.44,240,286.68,360,286.68,285.44,285.44,240,285.35,160,285.34,320,285.33,200,285.11,80,285.06,80,,,,,,,,,286.68,360,286.69,360,286.7,120,286.71,160,286.86,160,288.0,200,,,,,,,,
2026-02-05 09:30:39,286.06,286.08,1,285.44,240,286.68,360,286.68,285.44,285.44,240,285.35,160,285.34,320,285.33,200,285.11,80,285.06,80,,,,,,,,,286.68,360,286.69,360,286.7,120,286.71,160,286.86,160,288.0,200,,,,,,,,
2026-02-05 09:30:40,286.06,286.08,1,285.44,240,286.68,360,286.68,285.44,285.44,240,285.35,160,285.34,320,285.33,200,285.11,80,285.06,80,,,,,,,,,286.68,360,286.69,360,286.7,120,286.71,160,286.86,160,288.0,200,,,,,,,,
2026-02-05 09:30:41,286.06,286.08,1,285.44,240,286.68,360,286.68,285.44,285.44,240,285.35,160,285.34,320,285.33,200,285.11,80,285.06,80,,,,,,,,,286.68,360,286.69,360,286.7,120,286.71,160,286.86,160,288.0,200,,,,,,,,
2026-02-05 09:30:41,286.06,286.08,1,285.44,240,286.68,360,286.68,285.44,285.44,240,285.35,160,285.34,320,285.33,200,285.11,80,285.06,80,,,,,,,,,286.68,360,286.69,360,286.7,120,286.71,160,286.86,160,288.0,200,,,,,,,,
2026-02-05 09:30:43,286.06,286.08,1,285.44,240,286.68,360,286.68,285.44,285.44,240,285.35,160,285.34,320,285.33,200,285.11,80,285.06,80,,,,,,,,,286.68,360,286.69,360,286.7,120,286.71,160,286.86,160,288.0,200,,,,,,,,
2026-02-05 09:30:44,286.06,286.08,1,285.44,240,286.68,360,286.68,285.44,285.44,240,285.35,160,285.34,320,285.33,200,285.11,80,285.06,80,,,,,,,,,286.68,360,286.69,360,286.7,120,286.71,160,286.86,160,288.0,200,,,,,,,,
2026-02-05 09:30:45,286.06,286.08,1,285.44,240,286.68,360,286.68,285.44,285.44,240,285.35,160,285.34,320,285.33,200,285.11,80,285.06,80,,,,,,,,,286.68,360,286.69,360,286.7,120,286.71,160,286.86,160,288.0,200,,,,,,,,
2026-02-05 09:30:46,286.055,286.08,1,285.44,240,286.67,120,286.67,285.44,285.44,240,285.35,160,285.34,320,285.33,200,285.11,80,285.06,80,,,,,,,,,286.67,120,286.68,360,286.69,360,286.7,120,286.71,160,286.86,160,288.0,200,,,,,,
2026-02-05 09:30:47,286.055,286.08,1,285.44,240,286.67,120,286.67,285.44,285.44,240,285.35,160,285.34,320,285.33,200,285.11,80,285.06,80,,,,,,,,,286.67,120,286.68,360,286.69,360,286.7,120,286.71,160,286.86,160,288.0,200,,,,,,
2026-02-05 09:30:48,286.055,286.08,1,285.44,240,286.67,200,286.67,285.44,285.44,240,285.35,160,285.34,320,285.33,200,285.11,80,285.06,80,,,,,,,,,286.67,200,286.68,360,286.69,360,286.7,120,286.71,160,286.86,160,288.0,200,,,,,,
2026-02-05 09:30:48,286.055,286.08,1,285.44,240,286.67,200,286.67,285.44,285.44,240,285.35,160,285.34,320,285.33,200,285.11,80,285.06,80,,,,,,,,,286.67,200,286.68,360,286.69,360,286.7,120,286.71,160,286.86,160,288.0,200,,,,,,
2026-02-05 09:30:50,286.055,286.08,1,285.44,240,286.67,160,286.67,285.44,285.44,240,285.35,160,285.34,320,285.33,200,285.11,80,285.06,80,,,,,,,,,286.67,160,286.68,360,286.69,360,286.7,120,286.71,160,286.86,160,288.0,200,,,,,,
2026-02-05 09:30:51,286.055,286.08,1,285.44,240,286.67,160,286.67,285.44,285.44,240,285.35,160,285.34,320,285.33,200,285.11,80,285.06,80,,,,,,,,,286.67,160,286.68,360,286.69,360,286.7,120,286.71,160,286.86,160,288.0,200,,,,,,
2026-02-05 09:30:52,286.055,286.08,1,285.44,240,286.67,160,286.67,285.44,285.44,240,285.35,160,285.34,320,285.33,200,285.11,80,285.06,80,,,,,,,,,286.67,160,286.68,360,286.69,360,286.7,120,286.71,160,286.86,160,288.0,200,,,,,,
2026-02-05 09:30:53,286.055,286.08,1,285.44,240,286.67,160,286.67,285.44,285.44,240,285.35,160,285.34,320,285.33,200,285.11,80,285.06,80,,,,,,,,,286.67,160,286.68,360,286.69,360,286.7,120,286.71,160,286.86,160,288.0,200,,,,,,
2026-02-05 09:30:54,286.055,286.08,1,285.44,240,286.67,160,286.67,285.44,285.44,240,285.35,160,285.34,320,285.33,200,285.11,80,285.06,80,,,,,,,,,286.67,160,286.68,360,286.69,360,286.7,120,286.71,160,286.86,160,288.0,200,,,,,,
2026-02-05 09:30:55,286.055,286.08,1,285.44,280,286.67,280,286.67,285.44,285.44,280,285.35,160,285.34,320,285.33,200,285.11,80,285.06,80,,,,,,,,,286.67,280,286.68,360,286.69,360,286.7,120,286.71,160,286.86,160,288.0,200,,,,,,
2026-02-05 09:30:56,286.055,286.08,1,285.44,280,286.67,280,286.67,285.44,285.44,280,285.35,160,285.34,320,285.33,200,285.11,80,285.06,80,,,,,,,,,286.67,280,286.68,360,286.69,360,286.7,120,286.71,160,286.86,160,288.0,200,,,,,,
2026-02-05 09:30:57,286.055,286.08,1,285.44,280,286.67,320,286.67,285.44,285.44,280,285.35,160,285.34,320,285.33,200,285.11,80,285.06,80,,,,,,,,,286.67,320,286.68,360,286.69,360,286.7,120,286.71,160,286.86,160,288.0,200,,,,,,
2026-02-05 09:30:58,286.055,286.08,1,285.44,280,286.67,320,286.67,285.44,285.44,280,285.35,160,285.34,320,285.33,200,285.11,80,285.06,80,,,,,,,,,286.67,320,286.68,360,286.69,360,286.7,120,286.71,160,286.86,160,288.0,200,,,,,,
2026-02-05 09:30:59,286.035,286.08,1,285.44,120,286.63,120,286.63,285.44,285.44,120,285.35,160,285.34,320,285.33,200,285.11,80,285.06,80,,,,,,,,,286.63,120,286.67,440,286.68,360,286.69,360,286.7,120,286.71,160,286.86,160,288.0,200,,,,
2026-02-05 09:31:00,286.03,285.44,1,285.44,120,286.62,480,286.62,285.44,285.44,120,285.35,160,285.34,320,285.33,200,285.11,80,285.06,80,,,,,,,,,286.62,480,286.63,160,286.67,440,286.68,360,286.69,360,286.7,120,286.71,160,286.86,160,288.0,200,,
2026-02-05 09:31:01,286.035,286.36,1,285.45,40,286.62,520,286.62,285.45,285.45,40,285.44,320,285.35,160,285.34,320,285.33,200,285.11,80,285.06,80,,,,,,,286.62,520,286.63,160,286.67,440,286.68,360,286.69,360,286.7,120,286.71,160,286.86,160,288.0,200,,
2026-02-05 09:31:02,286.035,286.36,1,285.45,40,286.62,520,286.62,285.45,285.45,40,285.44,320,285.35,160,285.34,320,285.33,200,285.11,80,285.06,80,,,,,,,286.62,520,286.63,160,286.67,440,286.68,360,286.69,360,286.7,120,286.71,160,286.86,160,288.0,200,,
2026-02-05 09:31:03,286.035,286.36,1,285.45,40,286.62,520,286.62,285.45,285.45,40,285.44,320,285.35,160,285.34,320,285.33,200,285.11,80,285.06,80,,,,,,,286.62,520,286.63,160,286.67,440,286.68,360,286.69,360,286.7,120,286.71,160,286.86,160,288.0,200,,
2026-02-05 09:31:04,286.035,286.36,1,285.45,40,286.62,520,286.62,285.45,285.45,40,285.44,320,285.35,160,285.34,320,285.33,200,285.11,80,285.06,80,,,,,,,286.62,520,286.63,160,286.67,440,286.68,360,286.69,360,286.7,120,286.71,160,286.86,160,288.0,200,,
2026-02-05 09:31:05,286.035,286.36,1,285.45,40,286.62,520,286.62,285.45,285.45,40,285.44,320,285.35,160,285.34,320,285.33,200,285.11,80,285.06,80,,,,,,,286.62,520,286.63,160,286.67,440,286.68,360,286.69,360,286.7,120,286.71,160,286.86,160,288.0,200,,
2026-02-05 09:31:06,286.035,286.36,1,285.45,120,286.62,520,286.62,285.45,285.45,120,285.44,320,285.35,160,285.34,320,285.33,200,285.11,80,285.06,80,,,,,,,286.62,520,286.63,160,286.67,440,286.68,360,286.69,360,286.7,120,286.71,160,286.86,160,288.0,200,,
2026-02-05 09:31:07,286.035,286.62,1,285.45,120,286.62,520,286.62,285.45,285.45,120,285.44,320,285.35,160,285.34,320,285.33,200,285.11,80,285.06,80,,,,,,,286.62,520,286.63,160,286.67,440,286.68,360,286.69,360,286.7,120,286.71,160,286.86,160,288.0,200,,
2026-02-05 09:31:08,286.035,286.62,1,285.45,120,286.62,520,286.62,285.45,285.45,120,285.44,320,285.35,160,285.34,320,285.33,200,285.11,80,285.06,80,,,,,,,286.62,520,286.63,160,286.67,440,286.68,360,286.69,360,286.7,120,286.71,160,286.86,160,288.0,200,,
2026-02-05 09:31:09,286.035,286.62,1,285.45,120,286.62,520,286.62,285.45,285.45,120,285.44,320,285.35,160,285.34,320,285.33,200,285.11,80,285.06,80,,,,,,,286.62,520,286.63,160,286.67,440,286.68,360,286.69,360,286.7,120,286.71,160,286.86,160,288.0,200,,
2026-02-05 09:31:10,286.035,286.62,1,285.45,120,286.62,520,286.62,285.45,285.45,120,285.44,320,285.35,160,285.34,320,285.33,200,285.11,80,285.06,80,,,,,,,286.62,520,286.63,160,286.67,440,286.68,360,286.69,360,286.7,120,286.71,160,286.86,160,288.0,200,,
2026-02-05 09:31:11,286.035,286.62,1,285.45,120,286.62,520,286.62,285.45,285.45,120,285.44,320,285.35,160,285.34,320,285.33,200,285.11,80,285.06,80,,,,,,,286.62,520,286.63,160,286.67,440,286.68,360,286.69,360,286.7,120,286.71,160,286.86,160,288.0,200,,
2026-02-05 09:31:12,286.035,286.62,1,285.45,120,286.62,560,286.62,285.45,285.45,120,285.44,320,285.35,160,285.34,320,285.33,200,285.11,80,285.06,80,,,,,,,286.62,560,286.63,160,286.67,440,286.68,360,286.69,360,286.7,120,286.71,160,286.86,160,288.0,200,,
2026-02-05 09:31:13,286.035,286.62,1,285.45,120,286.62,560,286.62,285.45,285.45,120,285.44,320,285.35,160,285.34,320,285.33,200,285.11,80,285.06,80,,,,,,,286.62,560,286.63,160,286.67,440,286.68,360,286.69,360,286.7,120,286.71,160,286.86,160,288.0,200,,
2026-02-05 09:31:14,286.02,286.62,1,285.45,240,286.59,120,286.59,285.45,285.45,240,285.44,320,285.35,160,285.34,320,285.33,200,285.11,80,285.06,80,,,,,,,286.59,120,286.62,560,286.63,160,286.67,440,286.68,360,286.69,360,286.7,120,286.71,160,286.86,160,288.0,200
2026-02-05 09:31:15,287.91,286.8,1,287.57,160,288.25,120,288.25,287.57,287.57,160,287.14,280,287.02,80,286.0,200,285.72,120,285.68,80,285.45,280,285.44,320,285.35,160,285.34,320,288.25,120,,,,,,,,,,,,,,,,,,
2026-02-05 09:31:16,287.91,286.8,1,287.57,200,288.25,120,288.25,287.57,287.57,200,287.14,280,287.02,80,286.0,200,285.72,120,285.68,80,285.45,280,285.44,320,285.35,160,285.34,320,288.25,120,,,,,,,,,,,,,,,,,,
2026-02-05 09:31:17,287.915,287.91,1,287.58,200,288.25,120,288.25,287.58,287.58,200,287.57,200,287.14,280,287.02,80,286.0,200,285.72,120,285.68,80,285.45,280,285.44,320,285.35,160,288.25,120,,,,,,,,,,,,,,,,,,
2026-02-05 09:31:18,287.915,288.25,2,287.58,200,288.25,120,288.25,287.58,287.58,200,287.57,200,287.14,280,287.02,80,286.0,200,285.72,120,285.68,80,285.45,280,285.44,320,285.35,160,288.25,120,,,,,,,,,,,,,,,,,,
2026-02-05 09:31:19,287.915,287.92,3,287.58,200,288.25,120,288.25,287.58,287.58,200,287.57,200,287.14,280,287.02,80,286.0,200,285.72,120,285.68,80,285.45,280,285.44,320,285.35,160,288.25,120,,,,,,,,,,,,,,,,,,
2026-02-05 09:31:20,287.915,288.04,1,287.58,320,288.25,120,288.25,287.58,287.58,320,287.57,200,287.14,280,287.02,80,286.0,200,285.72,120,285.68,80,285.45,280,285.44,320,285.35,160,288.25,120,,,,,,,,,,,,,,,,,,
2026-02-05 09:31:21,287.915,288.04,1,287.58,320,288.25,120,288.25,287.58,287.58,320,287.57,200,287.14,280,287.02,80,286.0,200,285.72,120,285.68,80,285.45,280,285.44,320,285.35,160,288.25,120,,,,,,,,,,,,,,,,,,
2026-02-05 09:31:22,287.915,287.92,1,287.58,400,288.25,120,288.25,287.58,287.58,400,287.57,200,287.14,280,287.02,80,286.0,200,285.72,120,285.68,80,285.45,280,285.44,320,285.35,160,288.25,120,,,,,,,,,,,,,,,,,,
2026-02-05 09:31:23,287.915,287.92,1,287.58,400,288.25,120,288.25,287.58,287.58,400,287.57,200,287.14,280,287.02,80,286.0,200,285.72,120,285.68,80,285.45,280,285.44,320,285.35,160,288.25,120,,,,,,,,,,,,,,,,,,
2026-02-05 09:31:24,287.915,288.25,1,287.58,400,288.25,120,288.25,287.58,287.58,400,287.57,200,287.14,280,287.02,80,286.0,200,285.72,120,285.68,80,285.45,280,285.44,320,285.35,160,288.25,120,,,,,,,,,,,,,,,,,,
2026-02-05 09:31:25,287.915,288.25,1,287.58,400,288.25,120,288.25,287.58,287.58,400,287.57,200,287.14,280,287.02,80,286.0,200,285.72,120,285.68,80,285.45,280,285.44,320,285.35,160,288.25,120,,,,,,,,,,,,,,,,,,
2026-02-05 09:31:26,287.915,288.25,1,287.58,400,288.25,120,288.25,287.58,287.58,400,287.57,200,287.14,280,287.02,80,286.0,200,285.72,120,285.68,80,285.45,280,285.44,320,285.35,160,288.25,120,,,,,,,,,,,,,,,,,,
2026-02-05 09:31:27,287.915,288.25,1,287.58,400,288.25,120,288.25,287.58,287.58,400,287.57,200,287.14,280,287.02,80,286.0,200,285.72,120,285.68,80,285.45,280,285.44,320,285.35,160,288.25,120,,,,,,,,,,,,,,,,,,
2026-02-05 09:31:28,287.915,288.11,1,287.58,400,288.25,120,288.25,287.58,287.58,400,287.57,200,287.14,280,287.02,80,286.0,200,285.72,120,285.68,80,285.45,280,285.44,320,285.35,160,288.25,120,,,,,,,,,,,,,,,,,,
2026-02-05 09:31:29,288.76,288.77,1,288.52,80,289.0,840,289.0,288.52,288.52,80,288.38,120,288.37,40,288.28,360,287.58,400,287.57,200,287.14,280,287.02,80,286.0,200,285.72,120,289.0,840,,,,,,,,,,,,,,,,,,
2026-02-05 09:31:30,288.78,289.15,3,288.38,280,289.18,40,289.18,288.38,288.38,280,288.37,40,288.28,360,287.58,400,287.57,200,287.14,280,287.02,80,286.0,200,285.72,120,285.68,80,289.18,40,,,,,,,,,,,,,,,,,,
2026-02-05 09:31:31,288.78,288.78,2,288.38,360,289.18,120,289.18,288.38,288.38,360,288.37,40,288.28,360,287.58,400,287.57,200,287.14,280,287.02,80,286.0,200,285.72,120,285.68,80,289.18,120,,,,,,,,,,,,,,,,,,
2026-02-05 09:31:32,288.785,288.78,2,288.39,80,289.18,120,289.18,288.39,288.39,80,288.38,360,288.37,40,288.28,360,287.58,400,287.57,200,287.14,280,287.02,80,286.0,200,285.72,120,289.18,120,,,,,,,,,,,,,,,,,,
2026-02-05 09:31:33,288.785,288.78,2,288.39,80,289.18,120,289.18,288.39,288.39,80,288.38,360,288.37,40,288.28,360,287.58,400,287.57,200,287.14,280,287.02,80,286.0,200,285.72,120,289.18,120,,,,,,,,,,,,,,,,,,
2026-02-05 09:31:34,288.785,288.78,2,288.39,80,289.18,120,289.18,288.39,288.39,80,288.38,360,288.37,40,288.28,360,287.58,400,287.57,200,287.14,280,287.02,80,286.0,200,285.72,120,289.18,120,,,,,,,,,,,,,,,,,,
2026-02-05 09:31:35,288.785,288.78,2,288.39,80,289.18,80,289.18,288.39,288.39,80,288.38,360,288.37,40,288.28,360,287.58,400,287.57,200,287.14,280,287.02,80,286.0,200,285.72,120,289.18,80,,,,,,,,,,,,,,,,,,
2026-02-05 09:31:36,289.08,289.15,1,288.78,80,289.38,40,289.38,288.78,288.78,80,288.39,80,288.38,360,288.37,40,288.28,360,287.58,400,287.57,200,287.14,280,287.02,80,286.0,200,289.38,40,289.4,400,,,,,,,,,,,,,,,,
2026-02-05 09:31:37,289.315,289.98,1,288.65,200,289.98,200,289.98,288.65,288.65,200,288.4,80,288.39,120,288.38,360,288.37,40,288.28,360,287.58,400,287.57,200,287.14,280,287.02,80,289.98,200,,,,,,,,,,,,,,,,,,
2026-02-05 09:31:38,289.32,289.57,1,288.66,40,289.98,280,289.98,288.66,288.66,40,288.65,160,288.4,80,288.39,120,288.38,360,288.37,40,288.28,360,287.58,400,287.57,200,287.14,280,289.98,280,,,,,,,,,,,,,,,,,,
2026-02-05 09:31:39,289.32,289.57,1,288.66,280,289.98,280,289.98,288.66,288.66,280,288.65,160,288.4,80,288.39,120,288.38,360,288.37,40,288.28,360,287.58,400,287.57,200,287.14,280,289.98,280,,,,,,,,,,,,,,,,,,
2026-02-05 09:31:40,289.32,289.57,1,288.66,400,289.98,200,289.98,288.66,288.66,400,288.65,160,288.4,80,288.39,120,288.38,360,288.37,40,288.28,360,287.58,400,287.57,200,287.14,280,289.98,200,,,,,,,,,,,,,,,,,,
2026-02-05 09:31:41,289.32,289.93,2,288.66,400,289.98,200,289.98,288.66,288.66,400,288.65,160,288.4,80,288.39,120,288.38,360,288.37,40,288.28,360,287.58,400,287.57,200,287.14,280,289.98,200,,,,,,,,,,,,,,,,,,
2026-02-05 09:31:42,289.32,289.93,2,288.66,400,289.98,200,289.98,288.66,288.66,400,288.65,160,288.4,80,288.39,120,288.38,360,288.37,40,288.28,360,287.58,400,287.57,200,287.14,280,289.98,200,,,,,,,,,,,,,,,,,,
2026-02-05 09:31:43,289.32,289.32,1,288.66,400,289.98,200,289.98,288.66,288.66,400,288.65,160,288.4,80,288.39,120,288.38,360,288.37,40,288.28,360,287.58,400,287.57,200,287.14,280,289.98,200,,,,,,,,,,,,,,,,,,
2026-02-05 09:31:44,289.32,289.32,1,288.66,400,289.98,200,289.98,288.66,288.66,400,288.65,160,288.4,80,288.39,120,288.38,360,288.37,40,288.28,360,287.58,400,287.57,200,287.14,280,289.98,200,,,,,,,,,,,,,,,,,,
2026-02-05 09:31:45,289.32,289.32,1,288.66,400,289.98,200,289.98,288.66,288.66,400,288.65,160,288.4,80,288.39,120,288.38,360,288.37,40,288.28,360,287.58,400,287.57,200,287.14,280,289.98,200,,,,,,,,,,,,,,,,,,
2026-02-05 09:31:46,289.32,289.32,1,288.66,400,289.98,200,289.98,288.66,288.66,400,288.65,160,288.4,80,288.39,120,288.38,360,288.37,40,288.28,360,287.58,400,287.57,200,287.14,280,289.98,200,,,,,,,,,,,,,,,,,,
2026-02-05 09:31:47,289.32,289.32,1,288.66,440,289.98,200,289.98,288.66,288.66,440,288.65,160,288.4,80,288.39,120,288.38,360,288.37,40,288.28,360,287.58,400,287.57,200,287.14,280,289.98,200,,,,,,,,,,,,,,,,,,
2026-02-05 09:31:48,289.325,289.32,1,288.67,160,289.98,160,289.98,288.67,288.67,160,288.66,400,288.65,160,288.4,80,288.39,120,288.38,360,288.37,40,288.28,360,287.58,400,287.57,200,289.98,160,,,,,,,,,,,,,,,,,,
2026-02-05 09:31:49,289.34,289.32,1,288.7,200,289.98,160,289.98,288.7,288.7,200,288.67,160,288.66,400,288.65,160,288.4,80,288.39,120,288.38,360,288.37,40,288.28,360,287.58,400,289.98,160,,,,,,,,,,,,,,,,,,
2026-02-05 09:31:50,289.34,289.32,1,288.7,240,289.98,160,289.98,288.7,288.7,240,288.67,160,288.66,400,288.65,160,288.4,80,288.39,120,288.38,360,288.37,40,288.28,360,287.58,400,289.98,160,,,,,,,,,,,,,,,,,,
2026-02-05 09:31:51,289.345,289.32,1,288.71,440,289.98,160,289.98,288.71,288.71,440,288.7,200,288.67,160,288.66,400,288.65,160,288.4,80,288.39,120,288.38,360,288.37,40,288.28,360,289.98,160,,,,,,,,,,,,,,,,,,
2026-02-05 09:31:52,289.345,289.32,1,288.71,600,289.98,160,289.98,288.71,288.71,600,288.7,200,288.67,160,288.66,400,288.65,160,288.4,80,288.39,120,288.38,360,288.37,40,288.28,360,289.98,160,,,,,,,,,,,,,,,,,,
2026-02-05 09:31:53,289.345,289.32,1,288.71,640,289.98,160,289.98,288.71,288.71,640,288.7,200,288.67,160,288.66,400,288.65,160,288.4,80,288.39,120,288.38,360,288.37,40,288.28,360,289.98,160,,,,,,,,,,,,,,,,,,
2026-02-05 09:31:54,289.345,289.32,1,288.71,680,289.98,160,289.98,288.71,288.71,680,288.7,200,288.67,160,288.66,400,288.65,160,288.4,80,288.39,120,288.38,360,288.37,40,288.28,360,289.98,160,,,,,,,,,,,,,,,,,,
2026-02-05 09:31:55,289.345,289.32,1,288.71,680,289.98,160,289.98,288.71,288.71,680,288.7,200,288.67,160,288.66,400,288.65,160,288.4,80,288.39,120,288.38,360,288.37,40,288.28,360,289.98,160,,,,,,,,,,,,,,,,,,
2026-02-05 09:31:56,289.345,289.32,1,288.71,680,289.98,160,289.98,288.71,288.71,680,288.7,200,288.67,160,288.66,400,288.65,160,288.4,80,288.39,120,288.38,360,288.37,40,288.28,360,289.98,160,,,,,,,,,,,,,,,,,,
2026-02-05 09:31:57,289.345,289.32,1,288.71,680,289.98,160,289.98,288.71,288.71,680,288.7,200,288.67,160,288.66,400,288.65,160,288.4,80,288.39,120,288.38,360,288.37,40,288.28,360,289.98,160,,,,,,,,,,,,,,,,,,
2026-02-05 09:31:58,289.345,289.32,1,288.71,680,289.98,160,289.98,288.71,288.71,680,288.7,200,288.67,160,288.66,400,288.65,160,288.4,80,288.39,120,288.38,360,288.37,40,288.28,360,289.98,160,,,,,,,,,,,,,,,,,,
2026-02-05 09:31:59,289.345,289.32,1,288.71,680,289.98,160,289.98,288.71,288.71,680,288.7,200,288.67,160,288.66,400,288.65,160,288.4,80,288.39,120,288.38,360,288.37,40,288.28,360,289.98,160,,,,,,,,,,,,,,,,,,
2026-02-05 09:32:00,289.345,289.32,1,288.71,680,289.98,160,289.98,288.71,288.71,680,288.7,200,288.67,160,288.66,400,288.65,160,288.4,80,288.39,120,288.38,360,288.37,40,288.28,360,289.98,160,,,,,,,,,,,,,,,,,,
2026-02-05 09:32:01,289.345,289.32,1,288.71,760,289.98,160,289.98,288.71,288.71,760,288.7,200,288.67,160,288.66,400,288.65,160,288.4,80,288.39,120,288.38,360,288.37,40,288.28,360,289.98,160,,,,,,,,,,,,,,,,,,
2026-02-05 09:32:02,289.345,289.32,1,288.71,760,289.98,160,289.98,288.71,288.71,760,288.7,200,288.67,160,288.66,400,288.65,160,288.4,80,288.39,120,288.38,360,288.37,40,288.28,360,289.98,160,,,,,,,,,,,,,,,,,,
2026-02-05 09:32:03,289.345,289.32,1,288.71,800,289.98,160,289.98,288.71,288.71,800,288.7,200,288.67,160,288.66,400,288.65,160,288.4,80,288.39,120,288.38,360,288.37,40,288.28,360,289.98,160,,,,,,,,,,,,,,,,,,
2026-02-05 09:32:04,289.345,288.71,1,288.71,800,289.98,160,289.98,288.71,288.71,800,288.7,200,288.67,160,288.66,400,288.65,160,288.4,80,288.39,120,288.38,360,288.37,40,288.28,360,289.98,160,,,,,,,,,,,,,,,,,,
2026-02-05 09:32:05,289.345,288.71,1,288.71,800,289.98,160,289.98,288.71,288.71,800,288.7,200,288.67,160,288.66,400,288.65,160,288.4,80,288.39,120,288.38,360,288.37,40,288.28,360,289.98,160,,,,,,,,,,,,,,,,,,
2026-02-05 09:32:06,289.345,289.98,1,288.71,680,289.98,160,289.98,288.71,288.71,680,288.7,200,288.67,160,288.66,400,288.65,160,288.4,80,288.39,120,288.38,360,288.37,40,288.28,360,289.98,160,,,,,,,,,,,,,,,,,,
2026-02-05 09:32:07,289.45,289.22,3,288.92,120,289.98,160,289.98,288.92,288.92,120,288.71,600,288.7,200,288.67,160,288.66,400,288.65,160,288.4,80,288.39,120,288.38,360,288.37,40,289.98,160,,,,,,,,,,,,,,,,,,
2026-02-05 09:32:08,289.455,289.22,3,288.93,80,289.98,160,289.98,288.93,288.93,80,288.92,120,288.71,600,288.7,200,288.67,160,288.66,400,288.65,160,288.4,80,288.39,120,288.38,360,289.98,160,,,,,,,,,,,,,,,,,,
2026-02-05 09:32:09,289.455,289.22,3,288.93,80,289.98,160,289.98,288.93,288.93,80,288.92,120,288.71,600,288.7,200,288.67,160,288.66,400,288.65,160,288.4,80,288.39,120,288.38,360,289.98,160,,,,,,,,,,,,,,,,,,
2026-02-05 09:32:10,289.455,289.22,3,288.93,80,289.98,160,289.98,288.93,288.93,80,288.92,120,288.71,600,288.7,200,288.67,160,288.66,400,288.65,160,288.4,80,288.39,120,288.38,360,289.98,160,,,,,,,,,,,,,,,,,,
2026-02-05 09:32:11,289.455,289.22,3,288.93,80,289.98,160,289.98,288.93,288.93,80,288.92,120,288.71,600,288.7,200,288.67,160,288.66,400,288.65,160,288.4,80,288.39,120,288.38,360,289.98,160,,,,,,,,,,,,,,,,,,
2026-02-05 09:32:12,289.455,289.22,3,288.93,200,289.98,160,289.98,288.93,288.93,200,288.92,120,288.71,600,288.7,200,288.67,160,288.66,400,288.65,160,288.4,80,288.39,120,288.38,360,289.98,160,,,,,,,,,,,,,,,,,,
2026-02-05 09:32:13,289.455,289.22,3,288.93,200,289.98,160,289.98,288.93,288.93,200,288.92,120,288.71,600,288.7,200,288.67,160,288.66,400,288.65,160,288.4,80,288.39,120,288.38,360,289.98,160,,,,,,,,,,,,,,,,,,
2026-02-05 09:32:14,289.455,289.22,3,288.93,360,289.98,160,289.98,288.93,288.93,360,288.92,120,288.71,600,288.7,200,288.67,160,288.66,400,288.65,160,288.4,80,288.39,120,288.38,360,289.98,160,,,,,,,,,,,,,,,,,,
2026-02-05 09:32:15,289.455,289.22,3,288.93,360,289.98,160,289.98,288.93,288.93,360,288.92,120,288.71,600,288.7,200,288.67,160,288.66,400,288.65,160,288.4,80,288.39,120,288.38,360,289.98,160,,,,,,,,,,,,,,,,,,
2026-02-05 09:32:16,289.455,289.22,3,288.93,360,289.98,160,289.98,288.93,288.93,360,288.92,120,288.71,600,288.7,200,288.67,160,288.66,400,288.65,160,288.4,80,288.39,120,288.38,360,289.98,160,,,,,,,,,,,,,,,,,,
2026-02-05 09:32:17,289.45,289.45,1,288.93,320,289.97,160,289.97,288.93,288.93,320,288.92,120,288.71,600,288.7,200,288.67,160,288.66,400,288.65,160,288.4,80,288.39,120,288.38,360,289.97,160,289.98,160,,,,,,,,,,,,,,,,
2026-02-05 09:32:18,289.45,289.45,1,288.93,320,289.97,160,289.97,288.93,288.93,320,288.92,120,288.71,600,288.7,200,288.67,160,288.66,400,288.65,160,288.4,80,288.39,120,288.38,360,289.97,160,289.98,160,,,,,,,,,,,,,,,,
2026-02-05 09:32:19,289.45,289.45,1,288.93,320,289.97,160,289.97,288.93,288.93,320,288.92,120,288.71,600,288.7,200,288.67,160,288.66,400,288.65,160,288.4,80,288.39,120,288.38,360,289.97,160,289.98,160,,,,,,,,,,,,,,,,
2026-02-05 09:32:20,288.24,288.31,1,287.53,40,288.95,200,288.95,287.53,287.53,40,287.14,280,287.02,80,286.0,200,285.72,120,285.68,80,285.45,280,285.44,320,285.35,160,285.34,320,288.95,200,288.96,80,289.45,40,289.61,40,289.76,120,289.77,120,289.97,80,289.98,160,,,,
2026-02-05 09:32:21,288.62,289.45,1,288.31,80,288.93,80,288.93,288.31,288.31,80,287.53,40,287.14,280,287.02,80,286.0,200,285.72,120,285.68,80,285.45,280,285.44,320,285.35,160,288.93,80,288.95,120,288.96,80,289.45,40,289.61,40,289.76,120,289.77,120,289.97,80,289.98,160,,
2026-02-05 09:32:22,288.63,289.45,1,288.31,160,288.95,200,288.95,288.31,288.31,160,287.53,40,287.14,280,287.02,80,286.0,200,285.72,120,285.68,80,285.45,280,285.44,320,285.35,160,288.95,200,288.96,80,289.45,40,289.61,40,289.76,120,289.77,120,289.97,80,289.98,160,,,,
2026-02-05 09:32:23,288.63,289.45,1,288.31,160,288.95,120,288.95,288.31,288.31,160,287.53,40,287.14,280,287.02,80,286.0,200,285.72,120,285.68,80,285.45,280,285.44,320,285.35,160,288.95,120,288.96,80,289.45,40,289.61,40,289.76,120,289.77,120,289.97,80,289.98,160,,,,
2026-02-05 09:32:24,288.63,289.45,1,288.31,160,288.95,120,288.95,288.31,288.31,160,287.53,40,287.14,280,287.02,80,286.0,200,285.72,120,285.68,80,285.45,280,285.44,320,285.35,160,288.95,120,288.96,80,289.45,40,289.61,40,289.76,120,289.77,120,289.97,80,289.98,160,,,,
2026-02-05 09:32:25,288.63,289.45,1,288.31,160,288.95,160,288.95,288.31,288.31,160,287.53,40,287.14,280,287.02,80,286.0,200,285.72,120,285.68,80,285.45,280,285.44,320,285.35,160,288.95,160,288.96,80,289.45,40,289.61,40,289.76,120,289.77,120,289.97,80,289.98,160,,,,
2026-02-05 09:32:26,288.63,289.45,1,288.31,160,288.95,160,288.95,288.31,288.31,160,287.53,40,287.14,280,287.02,80,286.0,200,285.72,120,285.68,80,285.45,280,285.44,320,285.35,160,288.95,160,288.96,80,289.45,40,289.61,40,289.76,120,289.77,120,289.97,80,289.98,160,,,,
2026-02-05 09:32:27,288.63,289.45,1,288.31,160,288.95,120,288.95,288.31,288.31,160,287.53,40,287.14,280,287.02,80,286.0,200,285.72,120,285.68,80,285.45,280,285.44,320,285.35,160,288.95,120,288.96,80,289.45,40,289.61,40,289.76,120,289.77,120,289.97,80,289.98,160,,,,
2026-02-05 09:32:28,288.63,289.45,1,288.31,160,288.95,120,288.95,288.31,288.31,160,287.53,40,287.14,280,287.02,80,286.0,200,285.72,120,285.68,80,285.45,280,285.44,320,285.35,160,288.95,120,288.96,80,289.45,40,289.61,40,289.76,120,289.77,120,289.97,80,289.98,160,,,,
2026-02-05 09:32:29,288.63,289.45,1,288.31,160,288.95,120,288.95,288.31,288.31,160,287.53,40,287.14,280,287.02,80,286.0,200,285.72,120,285.68,80,285.45,280,285.44,320,285.35,160,288.95,120,288.96,80,289.45,40,289.61,40,289.76,120,289.77,120,289.97,80,289.98,160,,,,
2026-02-05 09:32:30,288.63,289.45,1,288.31,160,288.95,120,288.95,288.31,288.31,160,287.53,40,287.14,280,287.02,80,286.0,200,285.72,120,285.68,80,285.45,280,285.44,320,285.35,160,288.95,120,288.96,80,289.45,40,289.61,40,289.76,120,289.77,120,289.97,80,289.98,160,,,,
2026-02-05 09:32:31,288.63,289.45,1,288.31,160,288.95,120,288.95,288.31,288.31,160,287.53,40,287.14,280,287.02,80,286.0,200,285.72,120,285.68,80,285.45,280,285.44,320,285.35,160,288.95,120,288.96,80,289.45,40,289.61,40,289.76,120,289.77,120,289.97,80,289.98,160,,,,
2026-02-05 09:32:32,288.635,289.45,1,288.32,40,288.95,120,288.95,288.32,288.32,40,288.31,160,287.53,40,287.14,280,287.02,80,286.0,200,285.72,120,285.68,80,285.45,280,285.44,320,288.95,120,288.96,80,289.45,40,289.61,40,289.76,120,289.77,120,289.97,80,289.98,160,,,,
2026-02-05 09:32:33,288.635,289.45,1,288.32,40,288.95,120,288.95,288.32,288.32,40,288.31,160,287.53,40,287.14,280,287.02,80,286.0,200,285.72,120,285.68,80,285.45,280,285.44,320,288.95,120,288.96,80,289.45,40,289.61,40,289.76,120,289.77,120,289.97,80,289.98,160,,,,
2026-02-05 09:32:34,288.635,289.45,1,288.32,40,288.95,120,288.95,288.32,288.32,40,288.31,160,287.53,40,287.14,280,287.02,80,286.0,200,285.72,120,285.68,80,285.45,280,285.44,320,288.95,120,288.96,80,289.45,40,289.61,40,289.76,120,289.77,120,289.97,80,289.98,160,,,,
2026-02-05 09:32:35,288.635,288.64,8,288.32,200,288.95,120,288.95,288.32,288.32,200,288.31,160,287.53,40,287.14,280,287.02,80,286.0,200,285.72,120,285.68,80,285.45,280,285.44,320,288.95,120,288.96,80,289.45,40,289.61,40,289.76,120,289.77,120,289.97,80,289.98,160,,,,
2026-02-05 09:32:36,288.16,288.5,1,287.74,40,288.58,80,288.58,287.74,287.74,40,287.73,80,287.62,80,287.54,40,287.53,40,287.14,280,287.02,80,286.0,200,285.72,120,285.68,80,288.58,80,288.95,120,288.96,80,289.45,40,289.61,40,289.76,120,289.77,120,289.97,80,289.98,160,,
2026-02-05 09:32:37,288.16,288.5,1,287.74,40,288.58,120,288.58,287.74,287.74,40,287.73,80,287.62,80,287.54,40,287.53,40,287.14,280,287.02,80,286.0,200,285.72,120,285.68,80,288.58,120,288.95,120,288.96,80,289.45,40,289.61,40,289.76,120,289.77,120,289.97,80,289.98,160,,
2026-02-05 09:32:38,288.17,288.5,1,287.76,40,288.58,120,288.58,287.76,287.76,40,287.75,40,287.74,40,287.73,80,287.62,80,287.54,40,287.53,40,287.14,280,287.02,80,286.0,200,288.58,120,288.95,120,288.96,80,289.45,40,289.61,40,289.76,120,289.77,120,289.97,80,289.98,160,,
2026-02-05 09:32:39,288.17,288.17,1,287.76,40,288.58,200,288.58,287.76,287.76,40,287.75,40,287.74,40,287.73,80,287.62,80,287.54,40,287.53,40,287.14,280,287.02,80,286.0,200,288.58,200,288.95,120,288.96,80,289.45,40,289.61,40,289.76,120,289.77,120,289.97,80,289.98,160,,
2026-02-05 09:32:40,288.17,288.5,1,287.76,120,288.58,240,288.58,287.76,287.76,120,287.75,40,287.74,40,287.73,80,287.62,80,287.54,40,287.53,40,287.14,280,287.02,80,286.0,200,288.58,240,288.95,120,288.96,80,289.45,40,289.61,40,289.76,120,289.77,120,289.97,80,289.98,160,,
2026-02-05 09:32:41,288.175,288.5,2,287.77,40,288.58,240,288.58,287.77,287.77,40,287.76,40,287.75,40,287.74,40,287.73,80,287.62,80,287.54,40,287.53,40,287.14,280,287.02,80,288.58,240,288.95,120,288.96,80,289.45,40,289.61,40,289.76,120,289.77,120,289.97,80,289.98,160,,
2026-02-05 09:32:42,288.175,288.5,1,287.77,40,288.58,240,288.58,287.77,287.77,40,287.76,40,287.75,40,287.74,40,287.73,80,287.62,80,287.54,40,287.53,40,287.14,280,287.02,80,288.58,240,288.95,120,288.96,80,289.45,40,289.61,40,289.76,120,289.77,120,289.97,80,289.98,160,,
2026-02-05 09:32:43,288.175,288.5,1,287.77,40,288.58,240,288.58,287.77,287.77,40,287.76,40,287.75,40,287.74,40,287.73,80,287.62,80,287.54,40,287.53,40,287.14,280,287.02,80,288.58,240,288.95,120,288.96,80,289.45,40,289.61,40,289.76,120,289.77,120,289.97,80,289.98,160,,
2026-02-05 09:32:44,288.175,288.5,1,287.77,40,288.58,240,288.58,287.77,287.77,40,287.76,40,287.75,40,287.74,40,287.73,80,287.62,80,287.54,40,287.53,40,287.14,280,287.02,80,288.58,240,288.95,120,288.96,80,289.45,40,289.61,40,289.76,120,289.77,120,289.97,80,289.98,160,,
2026-02-05 09:32:45,288.175,288.5,1,287.77,40,288.58,240,288.58,287.77,287.77,40,287.76,40,287.75,40,287.74,40,287.73,80,287.62,80,287.54,40,287.53,40,287.14,280,287.02,80,288.58,240,288.95,120,288.96,80,289.45,40,289.61,40,289.76,120,289.77,120,289.97,80,289.98,160,,
2026-02-05 09:32:46,288.175,288.5,1,287.77,40,288.58,240,288.58,287.77,287.77,40,287.76,40,287.75,40,287.74,40,287.73,80,287.62,80,287.54,40,287.53,40,287.14,280,287.02,80,288.58,240,288.95,120,288.96,80,289.45,40,289.61,40,289.76,120,289.77,120,289.97,80,289.98,160,,
2026-02-05 09:32:47,288.18,288.5,1,287.78,40,288.58,240,288.58,287.78,287.78,40,287.77,160,287.76,40,287.75,40,287.74,40,287.73,80,287.62,80,287.54,40,287.53,40,287.14,280,288.58,240,288.95,120,288.96,80,289.45,40,289.61,40,289.76,120,289.77,120,289.97,80,289.98,160,,
2026-02-05 09:32:48,288.18,288.54,1,287.78,80,288.58,240,288.58,287.78,287.78,80,287.77,160,287.76,40,287.75,40,287.74,40,287.73,80,287.62,80,287.54,40,287.53,40,287.14,280,288.58,240,288.95,120,288.96,80,289.45,40,289.61,40,289.76,120,289.77,120,289.97,80,289.98,160,,
2026-02-05 09:32:49,288.18,288.54,1,287.78,80,288.58,400,288.58,287.78,287.78,80,287.77,160,287.76,40,287.75,40,287.74,40,287.73,80,287.62,80,287.54,40,287.53,40,287.14,280,288.58,400,288.95,120,288.96,80,289.45,40,289.61,40,289.76,120,289.77,120,289.97,80,289.98,160,,
2026-02-05 09:32:50,288.18,288.54,1,287.78,80,288.58,400,288.58,287.78,287.78,80,287.77,160,287.76,40,287.75,40,287.74,40,287.73,80,287.62,80,287.54,40,287.53,40,287.14,280,288.58,400,288.95,120,288.96,80,289.45,40,289.61,40,289.76,120,289.77,120,289.97,80,289.98,160,,
2026-02-05 09:32:51,288.18,288.54,1,287.78,80,288.58,400,288.58,287.78,287.78,80,287.77,160,287.76,40,287.75,40,287.74,40,287.73,80,287.62,80,287.54,40,287.53,40,287.14,280,288.58,400,288.95,120,288.96,80,289.45,40,289.61,40,289.76,120,289.77,120,289.97,80,289.98,160,,
2026-02-05 09:32:52,288.18,288.54,1,287.78,40,288.58,440,288.58,287.78,287.78,40,287.77,160,287.76,40,287.75,40,287.74,40,287.73,80,287.62,80,287.54,40,287.53,40,287.14,280,288.58,440,288.95,120,288.96,80,289.45,40,289.61,40,289.76,120,289.77,120,289.97,80,289.98,160,,
2026-02-05 09:32:53,288.025,288.54,1,287.78,40,288.27,480,288.27,287.78,287.78,40,287.77,160,287.76,40,287.75,40,287.74,40,287.73,80,287.62,80,287.54,40,287.53,40,287.14,280,288.27,480,288.58,440,288.95,120,288.96,80,289.45,40,289.61,40,289.76,120,289.77,120,289.97,80,289.98,160
2026-02-05 09:32:54,288.025,288.54,1,287.78,40,288.27,480,288.27,287.78,287.78,40,287.77,160,287.76,40,287.75,40,287.74,40,287.73,80,287.62,80,287.54,40,287.53,40,287.14,280,288.27,480,288.58,440,288.95,120,288.96,80,289.45,40,289.61,40,289.76,120,289.77,120,289.97,80,289.98,160
2026-02-05 09:32:55,288.025,288.54,1,287.78,40,288.27,480,288.27,287.78,287.78,40,287.77,160,287.76,40,287.75,40,287.74,40,287.73,80,287.62,80,287.54,40,287.53,40,287.14,280,288.27,480,288.58,440,288.95,120,288.96,80,289.45,40,289.61,40,289.76,120,289.77,120,289.97,80,289.98,160
2026-02-05 09:32:56,288.025,288.54,1,287.78,40,288.27,480,288.27,287.78,287.78,40,287.77,160,287.76,40,287.75,40,287.74,40,287.73,80,287.62,80,287.54,40,287.53,40,287.14,280,288.27,480,288.58,440,288.95,120,288.96,80,289.45,40,289.61,40,289.76,120,289.77,120,289.97,80,289.98,160
2026-02-05 09:32:57,288.025,288.54,1,287.78,40,288.27,480,288.27,287.78,287.78,40,287.77,160,287.76,40,287.75,40,287.74,40,287.73,80,287.62,80,287.54,40,287.53,40,287.14,280,288.27,480,288.58,440,288.95,120,288.96,80,289.45,40,289.61,40,289.76,120,289.77,120,289.97,80,289.98,160
2026-02-05 09:32:58,288.025,288.54,1,287.78,200,288.27,680,288.27,287.78,287.78,200,287.77,160,287.76,40,287.75,40,287.74,40,287.73,80,287.62,80,287.54,40,287.53,40,287.14,280,288.27,680,288.58,440,288.95,120,288.96,80,289.45,40,289.61,40,289.76,120,289.77,120,289.97,80,289.98,160
2026-02-05 09:32:59,288.025,288.54,1,287.78,240,288.27,680,288.27,287.78,287.78,240,287.77,160,287.76,40,287.75,40,287.74,40,287.73,80,287.62,80,287.54,40,287.53,40,287.14,280,288.27,680,288.58,440,288.95,120,288.96,80,289.45,40,289.61,40,289.76,120,289.77,120,289.97,80,289.98,160
2026-02-05 09:33:00,288.025,288.54,1,287.78,240,288.27,680,288.27,287.78,287.78,240,287.77,160,287.76,40,287.75,40,287.74,40,287.73,80,287.62,80,287.54,40,287.53,40,287.14,280,288.27,680,288.58,440,288.95,120,288.96,80,289.45,40,289.61,40,289.76,120,289.77,120,289.97,80,289.98,160
2026-02-05 09:33:01,288.025,288.54,1,287.78,240,288.27,680,288.27,287.78,287.78,240,287.77,160,287.76,40,287.75,40,287.74,40,287.73,80,287.62,80,287.54,40,287.53,40,287.14,280,288.27,680,288.58,440,288.95,120,288.96,80,289.45,40,289.61,40,289.76,120,289.77,120,289.97,80,289.98,160
2026-02-05 09:33:02,288.025,288.54,1,287.78,240,288.27,680,288.27,287.78,287.78,240,287.77,160,287.76,40,287.75,40,287.74,40,287.73,80,287.62,80,287.54,40,287.53,40,287.14,280,288.27,680,288.58,440,288.95,120,288.96,80,289.45,40,289.61,40,289.76,120,289.77,120,289.97,80,289.98,160
2026-02-05 09:33:03,288.025,288.54,1,287.78,240,288.27,680,288.27,287.78,287.78,240,287.77,160,287.76,40,287.75,40,287.74,40,287.73,80,287.62,80,287.54,40,287.53,40,287.14,280,288.27,680,288.58,440,288.95,120,288.96,80,289.45,40,289.61,40,289.76,120,289.77,120,289.97,80,289.98,160
2026-02-05 09:33:04,288.025,288.54,1,287.78,240,288.27,680,288.27,287.78,287.78,240,287.77,160,287.76,40,287.75,40,287.74,40,287.73,80,287.62,80,287.54,40,287.53,40,287.14,280,288.27,680,288.58,440,288.95,120,288.96,80,289.45,40,289.61,40,289.76,120,289.77,120,289.97,80,289.98,160
2026-02-05 09:33:05,288.025,288.54,1,287.78,240,288.27,880,288.27,287.78,287.78,240,287.77,160,287.76,40,287.75,40,287.74,40,287.73,80,287.62,80,287.54,40,287.53,40,287.14,280,288.27,880,288.58,440,288.95,120,288.96,80,289.45,40,289.61,40,289.76,120,289.77,120,289.97,80,289.98,160
2026-02-05 09:33:06,288.025,288.54,1,287.78,240,288.27,880,288.27,287.78,287.78,240,287.77,160,287.76,40,287.75,40,287.74,40,287.73,80,287.62,80,287.54,40,287.53,40,287.14,280,288.27,880,288.58,440,288.95,120,288.96,80,289.45,40,289.61,40,289.76,120,289.77,120,289.97,80,289.98,160
2026-02-05 09:33:07,288.03,288.54,1,287.79,200,288.27,880,288.27,287.79,287.79,200,287.78,240,287.77,160,287.76,40,287.75,40,287.74,40,287.73,80,287.62,80,287.54,40,287.53,40,288.27,880,288.58,440,288.95,120,288.96,80,289.45,40,289.61,40,289.76,120,289.77,120,289.97,80,289.98,160
2026-02-05 09:33:08,288.29,288.27,1,288.0,40,288.58,440,288.58,288.0,288.0,40,287.79,200,287.78,240,287.77,160,287.76,40,287.75,40,287.74,40,287.73,80,287.62,80,287.54,40,288.58,440,288.95,120,288.96,80,289.45,40,289.61,40,289.76,120,289.77,120,289.97,80,289.98,160,,
2026-02-05 09:33:09,288.18,288.29,1,287.79,200,288.57,40,288.57,287.79,287.79,200,287.78,240,287.77,160,287.76,40,287.75,40,287.74,40,287.73,80,287.62,80,287.54,40,287.53,40,288.57,40,288.58,440,288.95,120,288.96,80,289.45,40,289.61,40,289.76,120,289.77,120,289.97,80,289.98,160
2026-02-05 09:33:10,288.18,288.29,1,287.79,200,288.57,40,288.57,287.79,287.79,200,287.78,240,287.77,160,287.76,40,287.75,40,287.74,40,287.73,80,287.62,80,287.54,40,287.53,40,288.57,40,288.58,440,288.95,120,288.96,80,289.45,40,289.61,40,289.76,120,289.77,120,289.97,80,289.98,160
2026-02-05 09:33:11,288.18,288.29,1,287.79,200,288.57,40,288.57,287.79,287.79,200,287.78,240,287.77,160,287.76,40,287.75,40,287.74,40,287.73,80,287.62,80,287.54,40,287.53,40,288.57,40,288.58,440,288.95,120,288.96,80,289.45,40,289.61,40,289.76,120,289.77,120,289.97,80,289.98,160
2026-02-05 09:33:12,288.18,288.29,1,287.79,200,288.57,40,288.57,287.79,287.79,200,287.78,240,287.77,160,287.76,40,287.75,40,287.74,40,287.73,80,287.62,80,287.54,40,287.53,40,288.57,40,288.58,440,288.95,120,288.96,80,289.45,40,289.61,40,289.76,120,289.77,120,289.97,80,289.98,160
2026-02-05 09:33:13,288.18,288.29,1,287.79,200,288.57,400,288.57,287.79,287.79,200,287.78,240,287.77,160,287.76,40,287.75,40,287.74,40,287.73,80,287.62,80,287.54,40,287.53,40,288.57,400,288.58,440,288.95,120,288.96,80,289.45,40,289.61,40,289.76,120,289.77,120,289.97,80,289.98,160
2026-02-05 09:33:14,288.18,288.29,1,287.79,200,288.57,440,288.57,287.79,287.79,200,287.78,240,287.77,160,287.76,40,287.75,40,287.74,40,287.73,80,287.62,80,287.54,40,287.53,40,288.57,440,288.58,440,288.95,120,288.96,80,289.45,40,289.61,40,289.76,120,289.77,120,289.97,80,289.98,160
2026-02-05 09:33:15,288.18,288.29,1,287.79,200,288.57,480,288.57,287.79,287.79,200,287.78,240,287.77,160,287.76,40,287.75,40,287.74,40,287.73,80,287.62,80,287.54,40,287.53,40,288.57,480,288.58,440,288.95,120,288.96,80,289.45,40,289.61,40,289.76,120,289.77,120,289.97,80,289.98,160
2026-02-05 09:33:16,287.985,288.29,1,287.79,240,288.18,40,288.18,287.79,287.79,240,287.78,240,287.77,160,287.76,40,287.75,40,287.74,40,287.73,80,287.62,80,287.54,40,287.53,40,288.18,40,288.57,480,288.58,440,288.95,120,288.96,80,289.45,40,289.61,40,289.76,120,289.77,120,289.97,80
2026-02-05 09:33:17,288.115,288.17,1,287.79,240,288.44,80,288.44,287.79,287.79,240,287.78,240,287.77,160,287.76,40,287.75,40,287.74,40,287.73,80,287.62,80,287.54,40,287.53,40,288.44,80,288.57,440,288.58,440,288.95,120,288.96,80,289.45,40,289.61,40,289.76,120,289.77,120,289.97,80
2026-02-05 09:33:18,288.12,288.17,1,287.8,40,288.44,80,288.44,287.8,287.8,40,287.79,240,287.78,240,287.77,160,287.76,40,287.75,40,287.74,40,287.73,80,287.62,80,287.54,40,288.44,80,288.57,440,288.58,440,288.95,120,288.96,80,289.45,40,289.61,40,289.76,120,289.77,120,289.97,80
2026-02-05 09:33:19,288.12,288.12,1,287.8,40,288.44,400,288.44,287.8,287.8,40,287.79,240,287.78,240,287.77,160,287.76,40,287.75,40,287.74,40,287.73,80,287.62,80,287.54,40,288.44,400,288.57,440,288.58,440,288.95,120,288.96,80,289.45,40,289.61,40,289.76,120,289.77,120,289.97,80
2026-02-05 09:33:20,288.12,288.12,1,287.8,40,288.44,400,288.44,287.8,287.8,40,287.79,240,287.78,240,287.77,160,287.76,40,287.75,40,287.74,40,287.73,80,287.62,80,287.54,40,288.44,400,288.57,440,288.58,440,288.95,120,288.96,80,289.45,40,289.61,40,289.76,120,289.77,120,289.97,80
2026-02-05 09:33:21,288.12,288.12,1,287.8,40,288.44,400,288.44,287.8,287.8,40,287.79,240,287.78,240,287.77,160,287.76,40,287.75,40,287.74,40,287.73,80,287.62,80,287.54,40,288.44,400,288.57,440,288.58,440,288.95,120,288.96,80,289.45,40,289.61,40,289.76,120,289.77,120,289.97,80
2026-02-05 09:33:22,288.12,288.12,1,287.8,80,288.44,360,288.44,287.8,287.8,80,287.79,240,287.78,240,287.77,160,287.76,40,287.75,40,287.74,40,287.73,80,287.62,80,287.54,40,288.44,360,288.57,440,288.58,440,288.95,120,288.96,80,289.45,40,289.61,40,289.76,120,289.77,120,289.97,80
2026-02-05 09:33:23,288.12,288.12,1,287.8,80,288.44,360,288.44,287.8,287.8,80,287.79,240,287.78,240,287.77,160,287.76,40,287.75,40,287.74,40,287.73,80,287.62,80,287.54,40,288.44,360,288.57,440,288.58,440,288.95,120,288.96,80,289.45,40,289.61,40,289.76,120,289.77,120,289.97,80
2026-02-05 09:33:24,288.245,288.12,2,287.92,40,288.57,80,288.57,287.92,287.92,40,287.91,40,287.81,40,287.8,80,287.79,240,287.78,240,287.77,160,287.76,40,287.75,40,287.74,40,288.57,80,288.58,440,288.95,120,288.96,80,289.45,40,289.61,40,289.76,120,289.77,120,289.97,80,289.98,160
2026-02-05 09:33:25,288.245,288.12,2,287.92,40,288.57,40,288.57,287.92,287.92,40,287.91,40,287.81,40,287.8,80,287.79,240,287.78,240,287.77,160,287.76,40,287.75,40,287.74,40,288.57,40,288.58,440,288.95,120,288.96,80,289.45,40,289.61,40,289.76,120,289.77,120,289.97,80,289.98,160
2026-02-05 09:33:26,288.25,288.12,2,287.93,80,288.57,40,288.57,287.93,287.93,80,287.92,40,287.91,40,287.81,40,287.8,80,287.79,240,287.78,240,287.77,160,287.76,40,287.75,40,288.57,40,288.58,440,288.95,120,288.96,80,289.45,40,289.61,40,289.76,120,289.77,120,289.97,80,289.98,160
2026-02-05 09:33:27,288.25,288.12,2,287.93,80,288.57,40,288.57,287.93,287.93,80,287.92,40,287.91,40,287.81,40,287.8,80,287.79,240,287.78,240,287.77,160,287.76,40,287.75,40,288.57,40,288.58,440,288.95,120,288.96,80,289.45,40,289.61,40,289.76,120,289.77,120,289.97,80,289.98,160
2026-02-05 09:33:28,288.25,288.12,2,287.93,80,288.57,40,288.57,287.93,287.93,80,287.92,40,287.91,40,287.81,40,287.8,80,287.79,240,287.78,240,287.77,160,287.76,40,287.75,40,288.57,40,288.58,440,288.95,120,288.96,80,289.45,40,289.61,40,289.76,120,289.77,120,289.97,80,289.98,160
2026-02-05 09:33:29,288.25,288.12,2,287.93,80,288.57,40,288.57,287.93,287.93,80,287.92,40,287.91,40,287.81,40,287.8,80,287.79,240,287.78,240,287.77,160,287.76,40,287.75,40,288.57,40,288.58,440,288.95,120,288.96,80,289.45,40,289.61,40,289.76,120,289.77,120,289.97,80,289.98,160
2026-02-05 09:33:30,288.25,288.12,2,287.93,80,288.57,40,288.57,287.93,287.93,80,287.92,40,287.91,40,287.81,40,287.8,80,287.79,240,287.78,240,287.77,160,287.76,40,287.75,40,288.57,40,288.58,440,288.95,120,288.96,80,289.45,40,289.61,40,289.76,120,289.77,120,289.97,80,289.98,160
2026-02-05 09:33:31,288.25,288.5,1,287.93,80,288.57,40,288.57,287.93,287.93,80,287.92,40,287.91,40,287.81,40,287.8,80,287.79,240,287.78,240,287.77,160,287.76,40,287.75,40,288.57,40,288.58,440,288.95,120,288.96,80,289.45,40,289.61,40,289.76,120,289.77,120,289.97,80,289.98,160
2026-02-05 09:33:32,288.255,288.5,1,287.94,80,288.57,120,288.57,287.94,287.94,80,287.93,160,287.92,40,287.91,40,287.81,40,287.8,80,287.79,240,287.78,240,287.77,160,287.76,40,288.57,120,288.58,440,288.95,120,288.96,80,289.45,40,289.61,40,289.76,120,289.77,120,289.97,80,289.98,160
2026-02-05 09:33:33,288.255,288.5,1,287.94,40,288.57,120,288.57,287.94,287.94,40,287.93,160,287.92,40,287.91,40,287.81,40,287.8,80,287.79,240,287.78,240,287.77,160,287.76,40,288.57,120,288.58,440,288.95,120,288.96,80,289.45,40,289.61,40,289.76,120,289.77,120,289.97,80,289.98,160
2026-02-05 09:33:34,288.33,288.5,1,288.09,40,288.57,120,288.57,288.09,288.09,40,287.95,200,287.94,280,287.93,160,287.92,40,287.91,40,287.81,40,287.8,80,287.79,240,287.78,240,288.57,120,288.58,440,288.95,120,288.96,80,289.45,40,289.61,40,289.76,120,289.77,120,289.97,80,289.98,160
2026-02-05 09:33:35,288.475,288.5,1,288.38,400,288.57,120,288.57,288.38,288.38,400,288.09,120,287.95,200,287.94,280,287.93,160,287.92,40,287.91,40,287.81,40,287.8,80,287.79,240,288.57,120,288.58,440,288.95,120,288.96,80,289.45,40,289.61,40,289.76,120,289.77,120,289.97,80,289.98,160
2026-02-05 09:33:36,288.485,288.5,1,288.4,80,288.57,120,288.57,288.4,288.4,80,288.39,80,288.38,560,288.09,120,287.95,200,287.94,280,287.93,160,287.92,40,287.91,40,287.81,40,288.57,120,288.58,440,288.95,120,288.96,80,289.45,40,289.61,40,289.76,120,289.77,120,289.97,80,289.98,160
2026-02-05 09:33:37,288.485,288.53,2,288.4,80,288.57,120,288.57,288.4,288.4,80,288.39,80,288.38,560,288.09,120,287.95,200,287.94,280,287.93,160,287.92,40,287.91,40,287.81,40,288.57,120,288.58,440,288.95,120,288.96,80,289.45,40,289.61,40,289.76,120,289.77,120,289.97,80,289.98,160
2026-02-05 09:33:38,288.485,288.53,2,288.4,80,288.57,120,288.57,288.4,288.4,80,288.39,80,288.38,560,288.09,120,287.95,200,287.94,280,287.93,160,287.92,40,287.91,40,287.81,40,288.57,120,288.58,440,288.95,120,288.96,80,289.45,40,289.61,40,289.76,120,289.77,120,289.97,80,289.98,160
2026-02-05 09:33:39,288.195,288.48,1,287.99,80,288.4,80,288.4,287.99,287.99,80,287.95,200,287.94,280,287.93,160,287.92,40,287.91,40,287.81,40,287.8,80,287.79,240,287.78,240,288.4,80,288.57,200,288.58,440,288.95,120,288.96,80,289.45,40,289.61,40,289.76,120,289.77,120,289.97,80
2026-02-05 09:33:40,288.195,288.48,1,287.99,80,288.4,80,288.4,287.99,287.99,80,287.95,200,287.94,280,287.93,160,287.92,40,287.91,40,287.81,40,287.8,80,287.79,240,287.78,240,288.4,80,288.57,200,288.58,440,288.95,120,288.96,80,289.45,40,289.61,40,289.76,120,289.77,120,289.97,80
2026-02-05 09:33:41,288.2,288.48,1,288.0,40,288.4,80,288.4,288.0,288.0,40,287.99,80,287.95,200,287.94,280,287.93,160,287.92,40,287.91,40,287.81,40,287.8,80,287.79,240,288.4,80,288.57,200,288.58,440,288.95,120,288.96,80,289.45,40,289.61,40,289.76,120,289.77,120,289.97,80
2026-02-05 09:33:42,288.2,288.48,1,288.0,360,288.4,80,288.4,288.0,288.0,360,287.99,80,287.95,200,287.94,280,287.93,160,287.92,40,287.91,40,287.81,40,287.8,80,287.79,240,288.4,80,288.57,200,288.58,440,288.95,120,288.96,80,289.45,40,289.61,40,289.76,120,289.77,120,289.97,80
2026-02-05 09:33:43,288.2,288.48,1,288.0,360,288.4,80,288.4,288.0,288.0,360,287.99,80,287.95,200,287.94,280,287.93,160,287.92,40,287.91,40,287.81,40,287.8,80,287.79,240,288.4,80,288.57,200,288.58,440,288.95,120,288.96,80,289.45,40,289.61,40,289.76,120,289.77,120,289.97,80
2026-02-05 09:33:44,288.2,288.48,1,288.0,360,288.4,80,288.4,288.0,288.0,360,287.99,80,287.95,200,287.94,280,287.93,160,287.92,40,287.91,40,287.81,40,287.8,80,287.79,240,288.4,80,288.57,200,288.58,440,288.95,120,288.96,80,289.45,40,289.61,40,289.76,120,289.77,120,289.97,80
2026-02-05 09:33:45,288.2,288.48,1,288.0,360,288.4,160,288.4,288.0,288.0,360,287.99,80,287.95,200,287.94,280,287.93,160,287.92,40,287.91,40,287.81,40,287.8,80,287.79,240,288.4,160,288.57,200,288.58,440,288.95,120,288.96,80,289.45,40,289.61,40,289.76,120,289.77,120,289.97,80
2026-02-05 09:33:46,288.2,288.48,1,288.0,360,288.4,160,288.4,288.0,288.0,360,287.99,80,287.95,200,287.94,280,287.93,160,287.92,40,287.91,40,287.81,40,287.8,80,287.79,240,288.4,160,288.57,200,288.58,440,288.95,120,288.96,80,289.45,40,289.61,40,289.76,120,289.77,120,289.97,80
2026-02-05 09:33:47,288.2,288.48,1,288.0,360,288.4,240,288.4,288.0,288.0,360,287.99,80,287.95,200,287.94,280,287.93,160,287.92,40,287.91,40,287.81,40,287.8,80,287.79,240,288.4,240,288.57,200,288.58,440,288.95,120,288.96,80,289.45,40,289.61,40,289.76,120,289.77,120,289.97,80
2026-02-05 09:33:48,288.2,288.48,1,288.0,360,288.4,240,288.4,288.0,288.0,360,287.99,80,287.95,200,287.94,280,287.93,160,287.92,40,287.91,40,287.81,40,287.8,80,287.79,240,288.4,240,288.57,200,288.58,440,288.95,120,288.96,80,289.45,40,289.61,40,289.76,120,289.77,120,289.97,80
2026-02-05 09:33:49,288.005,288.0,1,287.76,120,288.25,80,288.25,287.76,287.76,120,287.75,40,287.74,40,287.73,80,287.62,80,287.54,40,287.53,40,287.14,280,287.02,80,286.0,200,288.25,80,288.4,320,288.57,200,288.58,440,288.95,120,288.96,80,289.45,40,289.61,40,289.76,120,289.77,120
2026-02-05 09:33:50,288.005,288.0,1,287.76,120,288.25,160,288.25,287.76,287.76,120,287.75,40,287.74,40,287.73,80,287.62,80,287.54,40,287.53,40,287.14,280,287.02,80,286.0,200,288.25,160,288.4,320,288.57,200,288.58,440,288.95,120,288.96,80,289.45,40,289.61,40,289.76,120,289.77,120
2026-02-05 09:33:51,288.01,288.0,1,287.77,200,288.25,120,288.25,287.77,287.77,200,287.76,120,287.75,40,287.74,40,287.73,80,287.62,80,287.54,40,287.53,40,287.14,280,287.02,80,288.25,120,288.4,320,288.57,200,288.58,440,288.95,120,288.96,80,289.45,40,289.61,40,289.76,120,289.77,120
2026-02-05 09:33:52,288.01,288.0,1,287.77,200,288.25,120,288.25,287.77,287.77,200,287.76,120,287.75,40,287.74,40,287.73,80,287.62,80,287.54,40,287.53,40,287.14,280,287.02,80,288.25,120,288.4,320,288.57,200,288.58,440,288.95,120,288.96,80,289.45,40,289.61,40,289.76,120,289.77,120
2026-02-05 09:33:53,288.01,288.0,1,287.77,200,288.25,120,288.25,287.77,287.77,200,287.76,120,287.75,40,287.74,40,287.73,80,287.62,80,287.54,40,287.53,40,287.14,280,287.02,80,288.25,120,288.4,320,288.57,200,288.58,440,288.95,120,288.96,80,289.45,40,289.61,40,289.76,120,289.77,120
2026-02-05 09:33:54,288.01,288.01,2,287.77,200,288.25,120,288.25,287.77,287.77,200,287.76,120,287.75,40,287.74,40,287.73,80,287.62,80,287.54,40,287.53,40,287.14,280,287.02,80,288.25,120,288.4,320,288.57,200,288.58,440,288.95,120,288.96,80,289.45,40,289.61,40,289.76,120,289.77,120
2026-02-05 09:33:55,288.01,288.01,2,287.77,240,288.25,120,288.25,287.77,287.77,240,287.76,120,287.75,40,287.74,40,287.73,80,287.62,80,287.54,40,287.53,40,287.14,280,287.02,80,288.25,120,288.4,320,288.57,200,288.58,440,288.95,120,288.96,80,289.45,40,289.61,40,289.76,120,289.77,120
2026-02-05 09:33:56,288.01,288.01,2,287.77,240,288.25,120,288.25,287.77,287.77,240,287.76,120,287.75,40,287.74,40,287.73,80,287.62,80,287.54,40,287.53,40,287.14,280,287.02,80,288.25,120,288.4,320,288.57,200,288.58,440,288.95,120,288.96,80,289.45,40,289.61,40,289.76,120,289.77,120
2026-02-05 09:33:57,288.13,288.24,1,288.01,80,288.25,120,288.25,288.01,288.01,80,287.77,200,287.76,120,287.75,40,287.74,40,287.73,80,287.62,80,287.54,40,287.53,40,287.14,280,288.25,120,288.4,320,288.57,200,288.58,440,288.95,120,288.96,80,289.45,40,289.61,40,289.76,120,289.77,120
2026-02-05 09:33:58,288.48,288.62,1,288.01,80,288.95,40,288.95,288.01,288.01,80,287.77,200,287.76,120,287.75,40,287.74,40,287.73,80,287.62,80,287.54,40,287.53,40,287.14,280,288.95,40,289.16,200,289.45,40,289.61,40,289.76,120,289.77,120,289.97,80,289.98,160,,,,
2026-02-05 09:33:59,288.47,288.5,2,288.01,80,288.93,320,288.93,288.01,288.01,80,287.77,200,287.76,120,287.75,40,287.74,40,287.73,80,287.62,80,287.54,40,287.53,40,287.14,280,288.93,320,288.94,120,288.95,240,289.16,200,289.45,40,289.61,40,289.76,120,289.77,120,289.97,80,289.98,160
2026-02-05 09:34:00,288.47,288.5,2,288.01,80,288.93,320,288.93,288.01,288.01,80,287.77,200,287.76,120,287.75,40,287.74,40,287.73,80,287.62,80,287.54,40,287.53,40,287.14,280,288.93,320,288.94,120,288.95,240,289.16,200,289.45,40,289.61,40,289.76,120,289.77,120,289.97,80,289.98,160
2026-02-05 09:34:01,288.47,288.5,2,288.01,80,288.93,320,288.93,288.01,288.01,80,287.77,200,287.76,120,287.75,40,287.74,40,287.73,80,287.62,80,287.54,40,287.53,40,287.14,280,288.93,320,288.94,120,288.95,240,289.16,200,289.45,40,289.61,40,289.76,120,289.77,120,289.97,80,289.98,160
2026-02-05 09:34:02,288.47,288.5,2,288.01,80,288.93,360,288.93,288.01,288.01,80,287.77,200,287.76,120,287.75,40,287.74,40,287.73,80,287.62,80,287.54,40,287.53,40,287.14,280,288.93,360,288.94,120,288.95,240,289.16,200,289.45,40,289.61,40,289.76,120,289.77,120,289.97,80,289.98,160
2026-02-05 09:34:03,288.47,288.5,2,288.01,80,288.93,360,288.93,288.01,288.01,80,287.77,200,287.76,120,287.75,40,287.74,40,287.73,80,287.62,80,287.54,40,287.53,40,287.14,280,288.93,360,288.94,120,288.95,240,289.16,200,289.45,40,289.61,40,289.76,120,289.77,120,289.97,80,289.98,160
2026-02-05 09:34:04,288.475,288.5,2,288.02,80,288.93,360,288.93,288.02,288.02,80,288.01,80,287.77,200,287.76,120,287.75,40,287.74,40,287.73,80,287.62,80,287.54,40,287.53,40,288.93,360,288.94,120,288.95,240,289.16,200,289.45,40,289.61,40,289.76,120,289.77,120,289.97,80,289.98,160
2026-02-05 09:34:05,288.475,288.5,2,288.02,80,288.93,360,288.93,288.02,288.02,80,288.01,80,287.77,200,287.76,120,287.75,40,287.74,40,287.73,80,287.62,80,287.54,40,287.53,40,288.93,360,288.94,120,288.95,240,289.16,200,289.45,40,289.61,40,289.76,120,289.77,120,289.97,80,289.98,160
2026-02-05 09:34:06,288.475,288.5,2,288.02,80,288.93,360,288.93,288.02,288.02,80,288.01,80,287.77,200,287.76,120,287.75,40,287.74,40,287.73,80,287.62,80,287.54,40,287.53,40,288.93,360,288.94,120,288.95,240,289.16,200,289.45,40,289.61,40,289.76,120,289.77,120,289.97,80,289.98,160
2026-02-05 09:34:07,288.475,288.5,1,288.02,120,288.93,400,288.93,288.02,288.02,120,288.01,80,287.77,200,287.76,120,287.75,40,287.74,40,287.73,80,287.62,80,287.54,40,287.53,40,288.93,400,288.94,120,288.95,240,289.16,200,289.45,40,289.61,40,289.76,120,289.77,120,289.97,80,289.98,160
2026-02-05 09:34:08,288.475,288.5,1,288.02,120,288.93,400,288.93,288.02,288.02,120,288.01,80,287.77,200,287.76,120,287.75,40,287.74,40,287.73,80,287.62,80,287.54,40,287.53,40,288.93,400,288.94,120,288.95,240,289.16,200,289.45,40,289.61,40,289.76,120,289.77,120,289.97,80,289.98,160
2026-02-05 09:34:09,288.475,288.5,1,288.02,120,288.93,320,288.93,288.02,288.02,120,288.01,80,287.77,200,287.76,120,287.75,40,287.74,40,287.73,80,287.62,80,287.54,40,287.53,40,288.93,320,288.94,120,288.95,240,289.16,200,289.45,40,289.61,40,289.76,120,289.77,120,289.97,80,289.98,160
2026-02-05 09:34:10,288.475,288.52,1,288.02,160,288.93,320,288.93,288.02,288.02,160,288.01,80,287.77,200,287.76,120,287.75,40,287.74,40,287.73,80,287.62,80,287.54,40,287.53,40,288.93,320,288.94,120,288.95,240,289.16,200,289.45,40,289.61,40,289.76,120,289.77,120,289.97,80,289.98,160
2026-02-05 09:34:11,288.475,288.52,1,288.02,160,288.93,320,288.93,288.02,288.02,160,288.01,80,287.77,200,287.76,120,287.75,40,287.74,40,287.73,80,287.62,80,287.54,40,287.53,40,288.93,320,288.94,120,288.95,240,289.16,200,289.45,40,289.61,40,289.76,120,289.77,120,289.97,80,289.98,160
2026-02-05 09:34:12,288.475,288.52,1,288.02,160,288.93,320,288.93,288.02,288.02,160,288.01,80,287.77,200,287.76,120,287.75,40,287.74,40,287.73,80,287.62,80,287.54,40,287.53,40,288.93,320,288.94,120,288.95,240,289.16,200,289.45,40,289.61,40,289.76,120,289.77,120,289.97,80,289.98,160
2026-02-05 09:34:13,288.475,288.5,1,288.02,160,288.93,320,288.93,288.02,288.02,160,288.01,80,287.77,200,287.76,120,287.75,40,287.74,40,287.73,80,287.62,80,287.54,40,287.53,40,288.93,320,288.94,120,288.95,240,289.16,200,289.45,40,289.61,40,289.76,120,289.77,120,289.97,80,289.98,160
2026-02-05 09:34:14,288.475,288.5,1,288.02,160,288.93,320,288.93,288.02,288.02,160,288.01,80,287.77,200,287.76,120,287.75,40,287.74,40,287.73,80,287.62,80,287.54,40,287.53,40,288.93,320,288.94,120,288.95,240,289.16,200,289.45,40,289.61,40,289.76,120,289.77,120,289.97,80,289.98,160
2026-02-05 09:34:15,288.475,288.5,1,288.02,160,288.93,320,288.93,288.02,288.02,160,288.01,80,287.77,200,287.76,120,287.75,40,287.74,40,287.73,80,287.62,80,287.54,40,287.53,40,288.93,320,288.94,120,288.95,240,289.16,200,289.45,40,289.61,40,289.76,120,289.77,120,289.97,80,289.98,160
2026-02-05 09:34:16,288.315,288.5,1,288.02,320,288.61,120,288.61,288.02,288.02,320,288.01,80,287.77,200,287.76,120,287.75,40,287.74,40,287.73,80,287.62,80,287.54,40,287.53,40,288.61,120,288.76,240,288.93,320,288.94,120,288.95,240,289.16,200,289.45,40,289.61,40,289.76,120,289.77,120
2026-02-05 09:34:17,288.32,288.5,1,288.03,80,288.61,120,288.61,288.03,288.03,80,288.02,280,288.01,80,287.77,200,287.76,120,287.75,40,287.74,40,287.73,80,287.62,80,287.54,40,288.61,120,288.76,240,288.93,320,288.94,120,288.95,240,289.16,200,289.45,40,289.61,40,289.76,120,289.77,120
2026-02-05 09:34:18,288.32,288.5,1,288.03,80,288.61,120,288.61,288.03,288.03,80,288.02,280,288.01,80,287.77,200,287.76,120,287.75,40,287.74,40,287.73,80,287.62,80,287.54,40,288.61,120,288.76,240,288.93,320,288.94,120,288.95,240,289.16,200,289.45,40,289.61,40,289.76,120,289.77,120
2026-02-05 09:34:19,288.32,288.5,1,288.03,80,288.61,120,288.61,288.03,288.03,80,288.02,280,288.01,80,287.77,200,287.76,120,287.75,40,287.74,40,287.73,80,287.62,80,287.54,40,288.61,120,288.76,240,288.93,320,288.94,120,288.95,240,289.16,200,289.45,40,289.61,40,289.76,120,289.77,120
2026-02-05 09:34:20,288.32,288.5,1,288.03,160,288.61,120,288.61,288.03,288.03,160,288.02,280,288.01,80,287.77,200,287.76,120,287.75,40,287.74,40,287.73,80,287.62,80,287.54,40,288.61,120,288.76,240,288.93,320,288.94,120,288.95,240,289.16,200,289.45,40,289.61,40,289.76,120,289.77,120
2026-02-05 09:34:21,288.32,288.5,1,288.03,160,288.61,120,288.61,288.03,288.03,160,288.02,280,288.01,80,287.77,200,287.76,120,287.75,40,287.74,40,287.73,80,287.62,80,287.54,40,288.61,120,288.76,240,288.93,320,288.94,120,288.95,240,289.16,200,289.45,40,289.61,40,289.76,120,289.77,120
2026-02-05 09:34:22,288.51,288.51,2,288.41,40,288.61,160,288.61,288.41,288.41,40,288.03,160,288.02,280,288.01,80,287.77,200,287.76,120,287.75,40,287.74,40,287.73,80,287.62,80,288.61,160,288.76,240,288.93,320,288.94,120,288.95,240,289.16,200,289.45,40,289.61,40,289.76,120,289.77,120
2026-02-05 09:34:23,288.51,288.51,6,288.41,120,288.61,160,288.61,288.41,288.41,120,288.03,160,288.02,280,288.01,80,287.77,200,287.76,120,287.75,40,287.74,40,287.73,80,287.62,80,288.61,160,288.76,240,288.93,320,288.94,120,288.95,240,289.16,200,289.45,40,289.61,40,289.76,120,289.77,120
2026-02-05 09:34:24,288.46,288.51,1,288.41,40,288.51,240,288.51,288.41,288.41,40,288.36,80,288.03,160,288.02,280,288.01,80,287.77,200,287.76,120,287.75,40,287.74,40,287.73,80,288.51,240,288.61,240,288.76,240,288.93,320,288.94,120,288.95,240,289.16,200,289.45,40,289.61,40,289.76,120
2026-02-05 09:34:25,288.46,288.5,1,288.41,40,288.51,240,288.51,288.41,288.41,40,288.36,80,288.03,160,288.02,280,288.01,80,287.77,200,287.76,120,287.75,40,287.74,40,287.73,80,288.51,240,288.61,240,288.76,240,288.93,320,288.94,120,288.95,240,289.16,200,289.45,40,289.61,40,289.76,120
2026-02-05 09:34:26,288.23,288.5,1,288.04,40,288.42,120,288.42,288.04,288.04,40,288.03,160,288.02,280,288.01,80,287.77,200,287.76,120,287.75,40,287.74,40,287.73,80,287.62,80,288.42,120,288.51,400,288.61,240,288.76,240,288.93,320,288.94,120,288.95,240,289.16,200,289.45,40,289.61,40
2026-02-05 09:34:27,288.23,288.5,1,288.04,240,288.42,120,288.42,288.04,288.04,240,288.03,160,288.02,280,288.01,80,287.77,200,287.76,120,287.75,40,287.74,40,287.73,80,287.62,80,288.42,120,288.51,400,288.61,240,288.76,240,288.93,320,288.94,120,288.95,240,289.16,200,289.45,40,289.61,40
2026-02-05 09:34:28,288.265,288.5,1,288.11,40,288.42,160,288.42,288.11,288.11,40,288.04,240,288.03,160,288.02,280,288.01,80,287.77,200,287.76,120,287.75,40,287.74,40,287.73,80,288.42,160,288.51,400,288.61,240,288.76,240,288.93,320,288.94,120,288.95,240,289.16,200,289.45,40,289.61,40
2026-02-05 09:34:29,288.265,288.5,1,288.11,40,288.42,160,288.42,288.11,288.11,40,288.04,240,288.03,160,288.02,280,288.01,80,287.77,200,287.76,120,287.75,40,287.74,40,287.73,80,288.42,160,288.51,400,288.61,240,288.76,240,288.93,320,288.94,120,288.95,240,289.16,200,289.45,40,289.61,40
2026-02-05 09:34:30,288.265,288.5,1,288.11,40,288.42,280,288.42,288.11,288.11,40,288.04,240,288.03,160,288.02,280,288.01,80,287.77,200,287.76,120,287.75,40,287.74,40,287.73,80,288.42,280,288.51,400,288.61,240,288.76,240,288.93,320,288.94,120,288.95,240,289.16,200,289.45,40,289.61,40
2026-02-05 09:34:31,288.265,288.5,1,288.11,40,288.42,280,288.42,288.11,288.11,40,288.04,240,288.03,160,288.02,280,288.01,80,287.77,200,287.76,120,287.75,40,287.74,40,287.73,80,288.42,280,288.51,400,288.61,240,288.76,240,288.93,320,288.94,120,288.95,240,289.16,200,289.45,40,289.61,40
2026-02-05 09:34:32,288.265,288.5,1,288.11,40,288.42,280,288.42,288.11,288.11,40,288.04,240,288.03,160,288.02,280,288.01,80,287.77,200,287.76,120,287.75,40,287.74,40,287.73,80,288.42,280,288.51,400,288.61,240,288.76,240,288.93,320,288.94,120,288.95,240,289.16,200,289.45,40,289.61,40
2026-02-05 09:34:33,288.265,288.5,1,288.11,40,288.42,280,288.42,288.11,288.11,40,288.04,240,288.03,160,288.02,280,288.01,80,287.77,200,287.76,120,287.75,40,287.74,40,287.73,80,288.42,280,288.51,400,288.61,240,288.76,240,288.93,320,288.94,120,288.95,240,289.16,200,289.45,40,289.61,40
2026-02-05 09:34:34,288.31,288.5,1,288.11,80,288.51,120,288.51,288.11,288.11,80,288.04,240,288.03,160,288.02,280,288.01,80,287.77,200,287.76,120,287.75,40,287.74,40,287.73,80,288.51,120,288.76,240,288.93,320,288.94,120,288.95,240,289.16,200,289.45,40,289.61,40,289.76,120,289.77,120
2026-02-05 09:34:35,288.31,288.5,1,288.11,120,288.51,120,288.51,288.11,288.11,120,288.04,240,288.03,160,288.02,280,288.01,80,287.77,200,287.76,120,287.75,40,287.74,40,287.73,80,288.51,120,288.76,240,288.93,320,288.94,120,288.95,240,289.16,200,289.45,40,289.61,40,289.76,120,289.77,120
2026-02-05 09:34:36,288.31,288.31,1,288.11,120,288.51,120,288.51,288.11,288.11,120,288.04,240,288.03,160,288.02,280,288.01,80,287.77,200,287.76,120,287.75,40,287.74,40,287.73,80,288.51,120,288.76,240,288.93,320,288.94,120,288.95,240,289.16,200,289.45,40,289.61,40,289.76,120,289.77,120
2026-02-05 09:34:37,288.31,288.31,1,288.11,120,288.51,120,288.51,288.11,288.11,120,288.04,240,288.03,160,288.02,280,288.01,80,287.77,200,287.76,120,287.75,40,287.74,40,287.73,80,288.51,120,288.76,240,288.93,320,288.94,120,288.95,240,289.16,200,289.45,40,289.61,40,289.76,120,289.77,120
2026-02-05 09:34:38,288.365,288.5,1,288.22,120,288.51,120,288.51,288.22,288.22,120,288.11,120,288.04,240,288.03,160,288.02,280,288.01,80,287.77,200,287.76,120,287.75,40,287.74,40,288.51,120,288.76,240,288.93,320,288.94,120,288.95,240,289.16,200,289.45,40,289.61,40,289.76,120,289.77,120
2026-02-05 09:34:39,288.56,288.56,9,288.36,40,288.76,240,288.76,288.36,288.36,40,288.22,120,288.11,120,288.04,240,288.03,160,288.02,280,288.01,80,287.77,200,287.76,120,287.75,40,288.76,240,288.93,320,288.94,120,288.95,240,289.16,200,289.45,40,289.61,40,289.76,120,289.77,120,289.97,80
2026-02-05 09:34:40,288.56,288.56,1,288.36,40,288.76,320,288.76,288.36,288.36,40,288.22,120,288.11,120,288.04,240,288.03,160,288.02,280,288.01,80,287.77,200,287.76,120,287.75,40,288.76,320,288.93,320,288.94,120,288.95,240,289.16,200,289.45,40,289.61,40,289.76,120,289.77,120,289.97,80
2026-02-05 09:34:41,288.555,288.56,1,288.36,480,288.75,40,288.75,288.36,288.36,480,288.22,120,288.11,120,288.04,240,288.03,160,288.02,280,288.01,80,287.77,200,287.76,120,287.75,40,288.75,40,288.76,320,288.93,320,288.94,120,288.95,240,289.16,200,289.45,40,289.61,40,289.76,120,289.77,120
2026-02-05 09:34:42,288.56,288.56,1,288.36,520,288.76,320,288.76,288.36,288.36,520,288.22,120,288.11,120,288.04,240,288.03,160,288.02,280,288.01,80,287.77,200,287.76,120,287.75,40,288.76,320,288.93,320,288.94,120,288.95,240,289.16,200,289.45,40,289.61,40,289.76,120,289.77,120,289.97,80
2026-02-05 09:34:43,288.56,288.56,2,288.36,520,288.76,320,288.76,288.36,288.36,520,288.22,120,288.11,120,288.04,240,288.03,160,288.02,280,288.01,80,287.77,200,287.76,120,287.75,40,288.76,320,288.93,320,288.94,120,288.95,240,289.16,200,289.45,40,289.61,40,289.76,120,289.77,120,289.97,80
2026-02-05 09:34:44,288.56,288.56,2,288.36,520,288.76,320,288.76,288.36,288.36,520,288.22,120,288.11,120,288.04,240,288.03,160,288.02,280,288.01,80,287.77,200,287.76,120,287.75,40,288.76,320,288.93,320,288.94,120,288.95,240,289.16,200,289.45,40,289.61,40,289.76,120,289.77,120,289.97,80
2026-02-05 09:34:45,289.04,288.76,1,288.65,40,289.43,160,289.43,288.65,288.65,40,288.45,80,288.36,480,288.22,120,288.11,120,288.04,240,288.03,160,288.02,280,288.01,80,287.77,200,289.43,160,289.45,40,289.61,40,289.76,120,289.77,120,289.97,80,289.98,160,,,,,,
2026-02-05 09:34:46,289.01,289.37,1,288.65,40,289.37,80,289.37,288.65,288.65,40,288.45,80,288.36,480,288.22,120,288.11,120,288.04,240,288.03,160,288.02,280,288.01,80,287.77,200,289.37,80,289.42,40,289.43,160,289.45,40,289.61,40,289.76,120,289.77,120,289.97,80,289.98,160,,
2026-02-05 09:34:47,289.01,288.94,2,288.65,40,289.37,80,289.37,288.65,288.65,40,288.45,80,288.36,480,288.22,120,288.11,120,288.04,240,288.03,160,288.02,280,288.01,80,287.77,200,289.37,80,289.42,40,289.43,160,289.45,40,289.61,40,289.76,120,289.77,120,289.97,80,289.98,160,,
2026-02-05 09:34:48,289.035,288.99,2,288.65,40,289.42,40,289.42,288.65,288.65,40,288.45,80,288.36,480,288.22,120,288.11,120,288.04,240,288.03,160,288.02,280,288.01,80,287.77,200,289.42,40,289.43,160,289.45,40,289.61,40,289.76,120,289.77,120,289.97,80,289.98,160,,,,
2026-02-05 09:34:49,288.845,289.04,2,288.65,120,289.04,120,289.04,288.65,288.65,120,288.45,80,288.36,480,288.22,120,288.11,120,288.04,240,288.03,160,288.02,280,288.01,80,287.77,200,289.04,120,289.42,40,289.43,160,289.45,40,289.61,40,289.76,120,289.77,120,289.97,80,289.98,160,,
2026-02-05 09:34:50,288.845,288.77,2,288.65,120,289.04,160,289.04,288.65,288.65,120,288.45,80,288.36,480,288.22,120,288.11,120,288.04,240,288.03,160,288.02,280,288.01,80,287.77,200,289.04,160,289.42,40,289.43,160,289.45,40,289.61,40,289.76,120,289.77,120,289.97,80,289.98,160,,
2026-02-05 09:34:51,288.845,288.85,2,288.65,120,289.04,160,289.04,288.65,288.65,120,288.45,80,288.36,480,288.22,120,288.11,120,288.04,240,288.03,160,288.02,280,288.01,80,287.77,200,289.04,160,289.42,40,289.43,160,289.45,40,289.61,40,289.76,120,289.77,120,289.97,80,289.98,160,,
2026-02-05 09:34:52,288.835,288.83,2,288.65,120,289.02,40,289.02,288.65,288.65,120,288.45,80,288.36,480,288.22,120,288.11,120,288.04,240,288.03,160,288.02,280,288.01,80,287.77,200,289.02,40,289.03,40,289.04,80,289.42,40,289.43,160,289.45,40,289.61,40,289.76,120,289.77,120,289.97,80
2026-02-05 09:34:53,288.825,288.83,1,288.65,120,289.0,40,289.0,288.65,288.65,120,288.45,80,288.36,480,288.22,120,288.11,120,288.04,240,288.03,160,288.02,280,288.01,80,287.77,200,289.0,40,289.01,40,289.02,40,289.03,40,289.04,80,289.42,40,289.43,160,289.45,40,289.61,40,289.76,120
2026-02-05 09:34:54,288.815,288.83,2,288.65,120,288.98,40,288.98,288.65,288.65,120,288.45,80,288.36,480,288.22,120,288.11,120,288.04,240,288.03,160,288.02,280,288.01,80,287.77,200,288.98,40,288.99,40,289.0,40,289.01,40,289.02,40,289.03,40,289.04,80,289.42,40,289.43,160,289.45,40
2026-02-05 09:34:55,288.815,288.82,2,288.65,120,288.98,40,288.98,288.65,288.65,120,288.45,80,288.36,480,288.22,120,288.11,120,288.04,240,288.03,160,288.02,280,288.01,80,287.77,200,288.98,40,288.99,40,289.0,40,289.01,40,289.02,40,289.03,40,289.04,80,289.42,40,289.43,160,289.45,40
2026-02-05 09:34:56,288.815,288.82,4,288.67,200,288.96,40,288.96,288.67,288.67,200,288.65,120,288.45,80,288.36,480,288.22,120,288.11,120,288.04,240,288.03,160,288.02,280,288.01,80,288.96,40,288.97,40,288.98,40,288.99,40,289.0,40,289.01,40,289.02,40,289.03,40,289.04,80,289.42,40
2026-02-05 09:34:57,288.815,288.82,2,288.67,200,288.96,80,288.96,288.67,288.67,200,288.65,120,288.45,80,288.36,480,288.22,120,288.11,120,288.04,240,288.03,160,288.02,280,288.01,80,288.96,80,288.97,40,288.98,40,288.99,40,289.0,40,289.01,40,289.02,40,289.03,40,289.04,80,289.42,40
2026-02-05 09:34:58,288.815,288.82,2,288.67,200,288.96,80,288.96,288.67,288.67,200,288.65,120,288.45,80,288.36,480,288.22,120,288.11,120,288.04,240,288.03,160,288.02,280,288.01,80,288.96,80,288.97,40,288.98,40,288.99,40,289.0,40,289.01,40,289.02,40,289.03,40,289.04,80,289.42,40
2026-02-05 09:34:59,288.855,288.82,1,288.67,320,289.04,720,289.04,288.67,288.67,320,288.65,120,288.45,80,288.36,480,288.22,120,288.11,120,288.04,240,288.03,160,288.02,280,288.01,80,289.04,720,289.42,120,289.43,160,289.45,40,289.61,40,289.76,120,289.77,120,289.97,80,289.98,160,,
2026-02-05 09:35:00,289.13,288.86,1,288.85,40,289.41,40,289.41,288.85,288.85,40,288.75,80,288.67,360,288.65,120,288.45,80,288.36,480,288.22,120,288.11,120,288.04,240,288.03,160,289.41,40,289.42,120,289.43,160,289.45,40,289.61,40,289.76,120,289.77,120,289.97,80,289.98,160,,
2026-02-05 09:35:01,289.13,288.86,1,288.85,40,289.41,40,289.41,288.85,288.85,40,288.75,80,288.67,360,288.65,120,288.45,80,288.36,480,288.22,120,288.11,120,288.04,240,288.03,160,289.41,40,289.42,120,289.43,160,289.45,40,289.61,40,289.76,120,289.77,120,289.97,80,289.98,160,,
2026-02-05 09:35:02,289.13,288.86,1,288.85,40,289.41,680,289.41,288.85,288.85,40,288.75,80,288.67,360,288.65,120,288.45,80,288.36,480,288.22,120,288.11,120,288.04,240,288.03,160,289.41,680,289.42,120,289.43,160,289.45,40,289.61,40,289.76,120,289.77,120,289.97,80,289.98,160,,
2026-02-05 09:35:03,289.13,288.86,1,288.86,80,289.4,80,289.4,288.86,288.86,80,288.8,40,288.75,80,288.67,360,288.65,120,288.45,80,288.36,480,288.22,120,288.11,120,288.04,240,289.4,80,289.41,720,289.42,120,289.43,160,289.45,40,289.61,40,289.76,120,289.77,120,289.97,80,289.98,160
2026-02-05 09:35:04,289.13,288.2,1,288.86,80,289.4,80,289.4,288.86,288.86,80,288.8,40,288.75,80,288.67,360,288.65,120,288.45,80,288.36,480,288.22,120,288.11,120,288.04,240,289.4,80,289.41,720,289.42,120,289.43,160,289.45,40,289.61,40,289.76,120,289.77,120,289.97,80,289.98,160
2026-02-05 09:35:05,289.14,289.14,2,288.88,40,289.4,80,289.4,288.88,288.88,40,288.86,80,288.8,40,288.75,80,288.67,360,288.65,120,288.45,80,288.36,480,288.22,120,288.11,120,289.4,80,289.41,720,289.42,120,289.43,160,289.45,40,289.61,40,289.76,120,289.77,120,289.97,80,289.98,160
2026-02-05 09:35:06,289.08,289.14,2,288.91,40,289.25,40,289.25,288.91,288.91,40,288.9,80,288.89,280,288.88,40,288.86,80,288.8,40,288.75,80,288.67,360,288.65,120,288.45,80,289.25,40,289.26,640,289.38,40,289.39,40,289.4,80,289.41,720,289.42,120,289.43,160,289.45,40,289.61,40
2026-02-05 09:35:07,289.24,289.1,1,289.09,40,289.39,80,289.39,289.09,289.09,40,289.01,80,288.97,40,288.95,40,288.94,80,288.93,80,288.92,40,288.91,80,288.9,80,288.89,280,289.39,80,289.4,80,289.41,720,289.42,120,289.43,160,289.45,40,289.61,40,289.76,120,289.77,120,289.97,80
2026-02-05 09:35:08,289.25,289.1,1,289.11,80,289.39,80,289.39,289.11,289.11,80,289.1,40,289.09,80,289.01,80,288.97,40,288.95,40,288.94,80,288.93,80,288.92,40,288.91,80,289.39,80,289.4,80,289.41,720,289.42,120,289.43,160,289.45,40,289.61,40,289.76,120,289.77,120,289.97,80
2026-02-05 09:35:09,289.265,289.28,1,289.12,80,289.41,240,289.41,289.12,289.12,80,289.11,80,289.1,40,289.09,80,289.01,80,288.97,40,288.95,40,288.94,80,288.93,80,288.92,40,289.41,240,289.42,120,289.43,160,289.45,40,289.61,40,289.76,120,289.77,120,289.97,80,289.98,160,,
2026-02-05 09:35:10,289.265,289.39,2,289.12,80,289.41,240,289.41,289.12,289.12,80,289.11,80,289.1,40,289.09,80,289.01,80,288.97,40,288.95,40,288.94,80,288.93,80,288.92,40,289.41,240,289.42,120,289.43,160,289.45,40,289.61,40,289.76,120,289.77,120,289.97,80,289.98,160,,
2026-02-05 09:35:11,289.265,289.39,2,289.12,80,289.41,240,289.41,289.12,289.12,80,289.11,80,289.1,40,289.09,80,289.01,80,288.97,40,288.95,40,288.94,80,288.93,80,288.92,40,289.41,240,289.42,120,289.43,160,289.45,40,289.61,40,289.76,120,289.77,120,289.97,80,289.98,160,,
2026-02-05 09:35:12,289.265,289.39,2,289.12,80,289.41,240,289.41,289.12,289.12,80,289.11,80,289.1,40,289.09,80,289.01,80,288.97,40,288.95,40,288.94,80,288.93,80,288.92,40,289.41,240,289.42,120,289.43,160,289.45,40,289.61,40,289.76,120,289.77,120,289.97,80,289.98,160,,
2026-02-05 09:35:13,289.645,289.55,2,289.31,80,289.98,320,289.98,289.31,289.31,80,289.29,80,289.27,80,289.26,80,289.25,240,289.11,40,289.1,40,289.09,80,289.01,80,288.97,40,289.98,320,,,,,,,,,,,,,,,,,,
2026-02-05 09:35:14,289.68,289.65,2,289.38,120,289.98,240,289.98,289.38,289.38,120,289.37,40,289.35,80,289.33,80,289.31,200,289.29,80,289.27,80,289.26,80,289.25,240,289.11,40,289.98,240,,,,,,,,,,,,,,,,,,
2026-02-05 09:35:15,289.685,289.69,2,289.39,80,289.98,240,289.98,289.39,289.39,80,289.38,120,289.37,40,289.35,80,289.33,80,289.31,200,289.29,80,289.27,80,289.26,80,289.25,240,289.98,240,,,,,,,,,,,,,,,,,,
2026-02-05 09:35:16,289.7,289.69,2,289.42,160,289.98,240,289.98,289.42,289.42,160,289.39,40,289.38,120,289.37,40,289.35,80,289.33,80,289.31,200,289.29,80,289.27,80,289.26,80,289.98,240,,,,,,,,,,,,,,,,,,
2026-02-05 09:35:17,289.7,289.69,2,289.42,160,289.98,240,289.98,289.42,289.42,160,289.39,40,289.38,120,289.37,40,289.35,80,289.33,80,289.31,200,289.29,80,289.27,80,289.26,80,289.98,240,,,,,,,,,,,,,,,,,,
2026-02-05 09:35:18,289.7,289.69,2,289.42,160,289.98,240,289.98,289.42,289.42,160,289.39,40,289.38,120,289.37,40,289.35,80,289.33,80,289.31,200,289.29,80,289.27,80,289.26,80,289.98,240,,,,,,,,,,,,,,,,,,
2026-02-05 09:35:19,289.7,289.69,2,289.42,160,289.98,240,289.98,289.42,289.42,160,289.39,40,289.38,120,289.37,40,289.35,80,289.33,80,289.31,200,289.29,80,289.27,80,289.26,80,289.98,240,,,,,,,,,,,,,,,,,,
2026-02-05 09:35:20,289.7,289.69,2,289.42,160,289.98,240,289.98,289.42,289.42,160,289.39,40,289.38,120,289.37,40,289.35,80,289.33,80,289.31,200,289.29,80,289.27,80,289.26,80,289.98,240,,,,,,,,,,,,,,,,,,
2026-02-05 09:35:21,289.7,289.69,2,289.42,160,289.98,240,289.98,289.42,289.42,160,289.39,40,289.38,120,289.37,40,289.35,80,289.33,80,289.31,200,289.29,80,289.27,80,289.26,80,289.98,240,,,,,,,,,,,,,,,,,,
2026-02-05 09:35:22,289.7,289.69,2,289.42,160,289.98,240,289.98,289.42,289.42,160,289.39,40,289.38,120,289.37,40,289.35,80,289.33,80,289.31,200,289.29,80,289.27,80,289.26,80,289.98,240,,,,,,,,,,,,,,,,,,
2026-02-05 09:35:23,289.7,289.69,2,289.42,160,289.98,240,289.98,289.42,289.42,160,289.39,40,289.38,120,289.37,40,289.35,80,289.33,80,289.31,200,289.29,80,289.27,80,289.26,80,289.98,240,,,,,,,,,,,,,,,,,,
2026-02-05 09:35:24,289.385,289.44,1,289.09,120,289.68,40,289.68,289.09,289.09,120,289.01,80,288.97,40,288.95,40,288.94,80,288.93,80,288.92,40,288.91,80,288.9,80,288.89,280,289.68,40,289.84,40,289.85,40,289.97,40,289.98,280,,,,,,,,,,
2026-02-05 09:35:25,289.38,289.44,1,289.09,120,289.67,120,289.67,289.09,289.09,120,289.01,80,288.97,40,288.95,40,288.94,80,288.93,80,288.92,40,288.91,80,288.9,80,288.89,280,289.67,120,289.68,40,289.84,40,289.85,40,289.97,40,289.98,280,,,,,,,,
2026-02-05 09:35:26,289.38,289.44,1,289.09,120,289.67,120,289.67,289.09,289.09,120,289.01,80,288.97,40,288.95,40,288.94,80,288.93,80,288.92,40,288.91,80,288.9,80,288.89,280,289.67,120,289.68,40,289.84,40,289.85,40,289.97,40,289.98,280,,,,,,,,
2026-02-05 09:35:27,289.38,289.44,1,289.09,120,289.67,120,289.67,289.09,289.09,120,289.01,80,288.97,40,288.95,40,288.94,80,288.93,80,288.92,40,288.91,80,288.9,80,288.89,280,289.67,120,289.68,40,289.84,40,289.85,40,289.97,40,289.98,280,,,,,,,,
2026-02-05 09:35:28,289.22,289.06,1,288.9,120,289.54,160,289.54,288.9,288.9,120,288.89,280,288.88,40,288.86,80,288.8,40,288.75,80,288.67,360,288.65,120,288.45,80,288.36,480,289.54,160,289.55,40,289.66,40,289.67,120,289.68,40,289.84,40,289.85,40,289.97,40,289.98,280,,
2026-02-05 09:35:29,289.22,289.22,2,288.9,160,289.54,160,289.54,288.9,288.9,160,288.89,280,288.88,40,288.86,80,288.8,40,288.75,80,288.67,360,288.65,120,288.45,80,288.36,480,289.54,160,289.55,40,289.66,40,289.67,120,289.68,40,289.84,40,289.85,40,289.97,40,289.98,280,,
2026-02-05 09:35:30,289.22,289.22,2,288.9,160,289.54,160,289.54,288.9,288.9,160,288.89,280,288.88,40,288.86,80,288.8,40,288.75,80,288.67,360,288.65,120,288.45,80,288.36,480,289.54,160,289.55,40,289.66,40,289.67,120,289.68,40,289.84,40,289.85,40,289.97,40,289.98,280,,
2026-02-05 09:35:31,289.22,289.54,1,288.9,160,289.54,160,289.54,288.9,288.9,160,288.89,280,288.88,40,288.86,80,288.8,40,288.75,80,288.67,360,288.65,120,288.45,80,288.36,480,289.54,160,289.55,40,289.66,40,289.67,120,289.68,40,289.84,40,289.85,40,289.97,40,289.98,280,,
2026-02-05 09:35:32,289.22,289.54,1,288.9,160,289.54,160,289.54,288.9,288.9,160,288.89,280,288.88,40,288.86,80,288.8,40,288.75,80,288.67,360,288.65,120,288.45,80,288.36,480,289.54,160,289.55,40,289.66,40,289.67,120,289.68,40,289.84,40,289.85,40,289.97,40,289.98,280,,
2026-02-05 09:35:33,289.22,289.54,1,288.9,160,289.54,280,289.54,288.9,288.9,160,288.89,280,288.88,40,288.86,80,288.8,40,288.75,80,288.67,360,288.65,120,288.45,80,288.36,480,289.54,280,289.55,40,289.66,40,289.67,120,289.68,40,289.84,40,289.85,40,289.97,40,289.98,280,,
2026-02-05 09:35:34,289.22,289.54,1,288.9,160,289.54,280,289.54,288.9,288.9,160,288.89,280,288.88,40,288.86,80,288.8,40,288.75,80,288.67,360,288.65,120,288.45,80,288.36,480,289.54,280,289.55,40,289.66,40,289.67,120,289.68,40,289.84,40,289.85,40,289.97,40,289.98,280,,
2026-02-05 09:35:35,289.22,289.54,1,288.9,280,289.54,280,289.54,288.9,288.9,280,288.89,280,288.88,40,288.86,80,288.8,40,288.75,80,288.67,360,288.65,120,288.45,80,288.36,480,289.54,280,289.55,40,289.66,40,289.67,120,289.68,40,289.84,40,289.85,40,289.97,40,289.98,280,,
2026-02-05 09:35:36,289.22,289.54,1,288.9,280,289.54,280,289.54,288.9,288.9,280,288.89,280,288.88,40,288.86,80,288.8,40,288.75,80,288.67,360,288.65,120,288.45,80,288.36,480,289.54,280,289.55,40,289.66,40,289.67,120,289.68,40,289.84,40,289.85,40,289.97,40,289.98,280,,
2026-02-05 09:35:37,289.22,289.54,1,288.9,280,289.54,280,289.54,288.9,288.9,280,288.89,280,288.88,40,288.86,80,288.8,40,288.75,80,288.67,360,288.65,120,288.45,80,288.36,480,289.54,280,289.55,40,289.66,40,289.67,120,289.68,40,289.84,40,289.85,40,289.97,40,289.98,280,,
2026-02-05 09:35:38,288.67,288.7,1,288.36,80,288.98,120,288.98,288.36,288.36,80,288.22,120,288.11,120,288.04,240,288.03,160,288.02,280,288.01,80,287.77,200,287.76,120,287.75,40,288.98,120,289.02,80,289.03,80,289.14,200,289.41,80,289.54,280,289.55,40,289.66,40,289.67,120,289.68,40
2026-02-05 09:35:39,288.67,288.7,1,288.36,80,288.98,120,288.98,288.36,288.36,80,288.22,120,288.11,120,288.04,240,288.03,160,288.02,280,288.01,80,287.77,200,287.76,120,287.75,40,288.98,120,289.02,80,289.03,80,289.14,200,289.41,80,289.54,280,289.55,40,289.66,40,289.67,120,289.68,40
2026-02-05 09:35:40,288.67,288.7,1,288.36,80,288.98,120,288.98,288.36,288.36,80,288.22,120,288.11,120,288.04,240,288.03,160,288.02,280,288.01,80,287.77,200,287.76,120,287.75,40,288.98,120,289.02,80,289.03,80,289.14,200,289.41,80,289.54,280,289.55,40,289.66,40,289.67,120,289.68,40
2026-02-05 09:35:41,288.67,288.7,1,288.36,80,288.98,120,288.98,288.36,288.36,80,288.22,120,288.11,120,288.04,240,288.03,160,288.02,280,288.01,80,287.77,200,287.76,120,287.75,40,288.98,120,289.02,80,289.03,80,289.14,200,289.41,80,289.54,280,289.55,40,289.66,40,289.67,120,289.68,40
2026-02-05 09:35:42,288.555,288.7,1,288.37,40,288.74,160,288.74,288.37,288.37,40,288.33,80,288.22,120,288.11,120,288.04,240,288.03,160,288.02,280,288.01,80,287.77,200,287.76,120,288.74,160,288.98,40,289.02,80,289.03,80,289.14,200,289.41,80,289.54,280,289.55,40,289.66,40,289.67,120
2026-02-05 09:35:43,288.555,288.7,1,288.37,40,288.74,200,288.74,288.37,288.37,40,288.33,80,288.22,120,288.11,120,288.04,240,288.03,160,288.02,280,288.01,80,287.77,200,287.76,120,288.74,200,288.98,40,289.02,80,289.03,80,289.14,200,289.41,80,289.54,280,289.55,40,289.66,40,289.67,120
2026-02-05 09:35:44,288.555,288.7,1,288.37,80,288.74,200,288.74,288.37,288.37,80,288.33,80,288.22,120,288.11,120,288.04,240,288.03,160,288.02,280,288.01,80,287.77,200,287.76,120,288.74,200,288.98,40,289.02,80,289.03,80,289.14,200,289.41,80,289.54,280,289.55,40,289.66,40,289.67,120
2026-02-05 09:35:45,288.555,288.7,1,288.37,80,288.74,200,288.74,288.37,288.37,80,288.33,80,288.22,120,288.11,120,288.04,240,288.03,160,288.02,280,288.01,80,287.77,200,287.76,120,288.74,200,288.98,40,289.02,80,289.03,80,289.14,200,289.41,80,289.54,280,289.55,40,289.66,40,289.67,120
2026-02-05 09:35:46,288.555,288.7,1,288.37,80,288.74,240,288.74,288.37,288.37,80,288.33,80,288.22,120,288.11,120,288.04,240,288.03,160,288.02,280,288.01,80,287.77,200,287.76,120,288.74,240,288.98,40,289.02,80,289.03,80,289.14,200,289.41,80,289.54,280,289.55,40,289.66,40,289.67,120
2026-02-05 09:35:47,288.555,288.7,1,288.37,80,288.74,240,288.74,288.37,288.37,80,288.33,80,288.22,120,288.11,120,288.04,240,288.03,160,288.02,280,288.01,80,287.77,200,287.76,120,288.74,240,288.98,40,289.02,80,289.03,80,289.14,200,289.41,80,289.54,280,289.55,40,289.66,40,289.67,120
2026-02-05 09:35:48,288.555,288.7,1,288.37,80,288.74,240,288.74,288.37,288.37,80,288.33,80,288.22,120,288.11,120,288.04,240,288.03,160,288.02,280,288.01,80,287.77,200,287.76,120,288.74,240,288.98,40,289.02,80,289.03,80,289.14,200,289.41,80,289.54,280,289.55,40,289.66,40,289.67,120
2026-02-05 09:35:49,288.555,288.7,1,288.37,80,288.74,240,288.74,288.37,288.37,80,288.33,80,288.22,120,288.11,120,288.04,240,288.03,160,288.02,280,288.01,80,287.77,200,287.76,120,288.74,240,288.98,40,289.02,80,289.03,80,289.14,200,289.41,80,289.54,280,289.55,40,289.66,40,289.67,120
2026-02-05 09:35:50,288.555,288.7,1,288.37,80,288.74,240,288.74,288.37,288.37,80,288.33,80,288.22,120,288.11,120,288.04,240,288.03,160,288.02,280,288.01,80,287.77,200,287.76,120,288.74,240,288.98,40,289.02,80,289.03,80,289.14,200,289.41,80,289.54,280,289.55,40,289.66,40,289.67,120
2026-02-05 09:35:51,288.555,288.7,1,288.37,200,288.74,240,288.74,288.37,288.37,200,288.33,80,288.22,120,288.11,120,288.04,240,288.03,160,288.02,280,288.01,80,287.77,200,287.76,120,288.74,240,288.98,40,289.02,80,289.03,80,289.14,200,289.41,80,289.54,280,289.55,40,289.66,40,289.67,120
2026-02-05 09:35:52,288.465,288.7,1,288.37,200,288.56,120,288.56,288.37,288.37,200,288.33,80,288.22,120,288.11,120,288.04,240,288.03,160,288.02,280,288.01,80,287.77,200,287.76,120,288.56,120,288.74,240,288.98,40,289.02,80,289.03,80,289.14,200,289.41,80,289.54,280,289.55,40,289.66,40
2026-02-05 09:35:53,288.465,288.7,1,288.37,200,288.56,120,288.56,288.37,288.37,200,288.33,80,288.22,120,288.11,120,288.04,240,288.03,160,288.02,280,288.01,80,287.77,200,287.76,120,288.56,120,288.74,240,288.98,40,289.02,80,289.03,80,289.14,200,289.41,80,289.54,280,289.55,40,289.66,40
2026-02-05 09:35:54,288.245,288.22,1,288.12,40,288.37,120,288.37,288.12,288.12,40,288.11,120,288.04,240,288.03,160,288.02,280,288.01,80,287.77,200,287.76,120,287.75,40,287.74,40,288.37,120,288.45,80,288.56,80,288.74,240,288.98,40,289.02,80,289.03,80,289.14,200,289.41,80,289.54,280
2026-02-05 09:35:56,288.245,288.22,1,288.12,40,288.37,40,288.37,288.12,288.12,40,288.11,120,288.04,240,288.03,160,288.02,280,288.01,80,287.77,200,287.76,120,287.75,40,287.74,40,288.37,40,288.45,80,288.56,80,288.74,240,288.98,40,289.02,80,289.03,80,289.14,200,289.41,80,289.54,280
2026-02-05 09:35:57,288.245,288.22,1,288.12,40,288.37,40,288.37,288.12,288.12,40,288.11,120,288.04,240,288.03,160,288.02,280,288.01,80,287.77,200,287.76,120,287.75,40,287.74,40,288.37,40,288.45,80,288.56,80,288.74,240,288.98,40,289.02,80,289.03,80,289.14,200,289.41,80,289.54,280
2026-02-05 09:35:57,288.19,288.13,3,288.01,40,288.37,160,288.37,288.01,288.01,40,287.77,200,287.76,120,287.75,40,287.74,40,287.73,80,287.62,80,287.54,40,287.53,40,287.14,280,288.37,160,288.45,80,288.56,80,288.74,240,288.98,40,289.02,80,289.03,80,289.14,200,289.41,80,289.54,280
2026-02-05 09:35:58,288.19,288.13,3,288.01,40,288.37,200,288.37,288.01,288.01,40,287.77,200,287.76,120,287.75,40,287.74,40,287.73,80,287.62,80,287.54,40,287.53,40,287.14,280,288.37,200,288.45,80,288.56,80,288.74,240,288.98,40,289.02,80,289.03,80,289.14,200,289.41,80,289.54,280
2026-02-05 09:35:59,288.19,288.13,3,288.01,40,288.37,200,288.37,288.01,288.01,40,287.77,200,287.76,120,287.75,40,287.74,40,287.73,80,287.62,80,287.54,40,287.53,40,287.14,280,288.37,200,288.45,80,288.56,80,288.74,240,288.98,40,289.02,80,289.03,80,289.14,200,289.41,80,289.54,280
2026-02-05 09:36:00,288.19,288.13,3,288.01,120,288.37,200,288.37,288.01,288.01,120,287.77,200,287.76,120,287.75,40,287.74,40,287.73,80,287.62,80,287.54,40,287.53,40,287.14,280,288.37,200,288.45,80,288.56,80,288.74,240,288.98,40,289.02,80,289.03,80,289.14,200,289.41,80,289.54,280
2026-02-05 09:36:02,287.55,287.88,1,287.21,120,287.89,80,287.89,287.21,287.21,120,287.17,80,287.14,280,287.02,80,286.0,200,285.72,120,285.68,80,285.45,280,285.44,320,285.35,160,287.89,80,287.93,40,287.94,80,288.0,120,288.18,40,288.19,40,288.29,80,288.37,240,288.45,80,288.56,80
2026-02-05 09:36:03,287.545,287.39,3,287.21,120,287.88,120,287.88,287.21,287.21,120,287.17,80,287.14,280,287.02,80,286.0,200,285.72,120,285.68,80,285.45,280,285.44,320,285.35,160,287.88,120,287.89,80,287.93,40,287.94,80,288.0,120,288.18,40,288.19,40,288.29,80,288.37,240,288.45,80
2026-02-05 09:36:04,287.62,287.39,3,287.36,40,287.88,120,287.88,287.36,287.36,40,287.21,240,287.17,80,287.14,280,287.02,80,286.0,200,285.72,120,285.68,80,285.45,280,285.44,320,287.88,120,287.89,80,287.93,40,287.94,80,288.0,120,288.18,40,288.19,40,288.29,80,288.37,240,288.45,80
2026-02-05 09:36:05,287.615,287.39,3,287.36,40,287.87,120,287.87,287.36,287.36,40,287.21,240,287.17,80,287.14,280,287.02,80,286.0,200,285.72,120,285.68,80,285.45,280,285.44,320,287.87,120,287.88,240,287.89,80,287.93,40,287.94,80,288.0,120,288.18,40,288.19,40,288.29,80,288.37,240
2026-02-05 09:36:06,287.62,287.39,3,287.38,80,287.86,120,287.86,287.38,287.38,80,287.36,40,287.21,240,287.17,80,287.14,280,287.02,80,286.0,200,285.72,120,285.68,80,285.45,280,287.86,120,287.87,40,287.88,240,287.89,80,287.93,40,287.94,80,288.0,120,288.18,40,288.19,40,288.29,80
2026-02-05 09:36:06,287.615,287.78,10,287.38,80,287.85,160,287.85,287.38,287.38,80,287.36,40,287.21,240,287.17,80,287.14,280,287.02,80,286.0,200,285.72,120,285.68,80,285.45,280,287.85,160,287.86,40,287.87,40,287.88,240,287.89,80,287.93,40,287.94,80,288.0,120,288.18,40,288.19,40
2026-02-05 09:36:07,287.61,287.61,1,287.38,80,287.84,120,287.84,287.38,287.38,80,287.36,40,287.21,240,287.17,80,287.14,280,287.02,80,286.0,200,285.72,120,285.68,80,285.45,280,287.84,120,287.85,80,287.86,40,287.87,40,287.88,240,287.89,80,287.93,40,287.94,80,288.0,120,288.18,40
2026-02-05 09:36:09,287.61,287.61,1,287.38,80,287.84,120,287.84,287.38,287.38,80,287.36,40,287.21,240,287.17,80,287.14,280,287.02,80,286.0,200,285.72,120,285.68,80,285.45,280,287.84,120,287.85,80,287.86,40,287.87,40,287.88,240,287.89,80,287.93,40,287.94,80,288.0,120,288.18,40
2026-02-05 09:36:09,287.605,287.61,1,287.38,80,287.83,120,287.83,287.38,287.38,80,287.36,40,287.21,240,287.17,80,287.14,280,287.02,80,286.0,200,285.72,120,285.68,80,285.45,280,287.83,120,287.84,40,287.85,80,287.86,40,287.87,40,287.88,240,287.89,80,287.93,40,287.94,80,288.0,120
2026-02-05 09:36:11,287.595,287.61,1,287.37,80,287.82,120,287.82,287.37,287.37,80,287.36,40,287.21,240,287.17,80,287.14,280,287.02,80,286.0,200,285.72,120,285.68,80,285.45,280,287.82,120,287.83,240,287.84,40,287.85,80,287.86,40,287.87,40,287.88,240,287.89,80,287.93,40,287.94,80
2026-02-05 09:36:12,287.59,287.61,1,287.37,80,287.81,120,287.81,287.37,287.37,80,287.36,40,287.21,240,287.17,80,287.14,280,287.02,80,286.0,200,285.72,120,285.68,80,285.45,280,287.81,120,287.82,40,287.83,240,287.84,40,287.85,80,287.86,40,287.87,40,287.88,240,287.89,80,287.93,40
2026-02-05 09:36:13,287.585,287.61,1,287.37,80,287.8,80,287.8,287.37,287.37,80,287.36,40,287.21,240,287.17,80,287.14,280,287.02,80,286.0,200,285.72,120,285.68,80,285.45,280,287.8,80,287.81,40,287.82,40,287.83,240,287.84,40,287.85,80,287.86,40,287.87,40,287.88,240,287.89,80
2026-02-05 09:36:13,287.585,287.61,1,287.37,80,287.8,120,287.8,287.37,287.37,80,287.36,40,287.21,240,287.17,80,287.14,280,287.02,80,286.0,200,285.72,120,285.68,80,285.45,280,287.8,120,287.81,40,287.82,40,287.83,240,287.84,40,287.85,80,287.86,40,287.87,40,287.88,240,287.89,80
2026-02-05 09:36:15,287.58,287.61,1,287.37,80,287.79,80,287.79,287.37,287.37,80,287.36,40,287.21,240,287.17,80,287.14,280,287.02,80,286.0,200,285.72,120,285.68,80,285.45,280,287.79,80,287.8,40,287.81,40,287.82,40,287.83,240,287.84,40,287.85,80,287.86,40,287.87,40,287.88,240
2026-02-05 09:36:16,287.59,287.61,1,287.38,80,287.8,120,287.8,287.38,287.38,80,287.37,80,287.36,40,287.21,240,287.17,80,287.14,280,287.02,80,286.0,200,285.72,120,285.68,80,287.8,120,287.83,200,287.84,40,287.85,80,287.86,40,287.87,40,287.88,240,287.89,80,287.93,40,287.94,80
2026-02-05 09:36:17,287.875,287.77,1,287.38,240,288.37,280,288.37,287.38,287.38,240,287.37,80,287.36,40,287.21,240,287.17,80,287.14,280,287.02,80,286.0,200,285.72,120,285.68,80,288.37,280,288.45,80,288.56,80,288.74,240,288.98,40,289.02,80,289.03,80,289.14,200,289.41,80,289.54,280
2026-02-05 09:36:18,287.875,287.77,1,287.38,400,288.37,240,288.37,287.38,287.38,400,287.37,80,287.36,40,287.21,240,287.17,80,287.14,280,287.02,80,286.0,200,285.72,120,285.68,80,288.37,240,288.45,80,288.56,80,288.74,240,288.98,40,289.02,80,289.03,80,289.14,200,289.41,80,289.54,280
2026-02-05 09:36:19,287.975,287.77,1,287.54,80,288.41,80,288.41,287.54,287.54,80,287.53,120,287.38,440,287.37,80,287.36,40,287.21,240,287.17,80,287.14,280,287.02,80,286.0,200,288.41,80,288.59,160,288.74,240,288.98,40,289.02,80,289.03,80,289.14,200,289.41,80,289.54,280,289.55,40
2026-02-05 09:36:20,288.025,287.77,1,287.54,240,288.51,80,288.51,287.54,287.54,240,287.53,120,287.38,440,287.37,80,287.36,40,287.21,240,287.17,80,287.14,280,287.02,80,286.0,200,288.51,80,288.59,160,288.74,240,288.98,40,289.02,80,289.03,80,289.14,200,289.41,80,289.54,280,289.55,40
2026-02-05 09:36:21,288.065,287.77,1,287.54,200,288.59,160,288.59,287.54,287.54,200,287.53,120,287.38,440,287.37,80,287.36,40,287.21,240,287.17,80,287.14,280,287.02,80,286.0,200,288.59,160,288.74,240,288.98,40,289.02,80,289.03,80,289.14,200,289.41,80,289.54,280,289.55,40,289.66,40
2026-02-05 09:36:22,288.065,287.77,1,287.54,200,288.59,160,288.59,287.54,287.54,200,287.53,120,287.38,440,287.37,80,287.36,40,287.21,240,287.17,80,287.14,280,287.02,80,286.0,200,288.59,160,288.74,240,288.98,40,289.02,80,289.03,80,289.14,200,289.41,80,289.54,280,289.55,40,289.66,40
2026-02-05 09:36:23,288.065,287.77,1,287.54,200,288.59,160,288.59,287.54,287.54,200,287.53,120,287.38,440,287.37,80,287.36,40,287.21,240,287.17,80,287.14,280,287.02,80,286.0,200,288.59,160,288.74,240,288.98,40,289.02,80,289.03,80,289.14,200,289.41,80,289.54,280,289.55,40,289.66,40
2026-02-05 09:36:24,288.065,287.77,1,287.54,200,288.59,160,288.59,287.54,287.54,200,287.53,120,287.38,440,287.37,80,287.36,40,287.21,240,287.17,80,287.14,280,287.02,80,286.0,200,288.59,160,288.74,240,288.98,40,289.02,80,289.03,80,289.14,200,289.41,80,289.54,280,289.55,40,289.66,40
2026-02-05 09:36:25,288.045,287.77,1,287.54,200,288.55,40,288.55,287.54,287.54,200,287.53,120,287.38,440,287.37,80,287.36,40,287.21,240,287.17,80,287.14,280,287.02,80,286.0,200,288.55,40,288.59,160,288.74,240,288.98,40,289.02,80,289.03,80,289.14,200,289.41,80,289.54,280,289.55,40
2026-02-05 09:36:26,288.045,288.05,2,287.54,200,288.55,160,288.55,287.54,287.54,200,287.53,120,287.38,440,287.37,80,287.36,40,287.21,240,287.17,80,287.14,280,287.02,80,286.0,200,288.55,160,288.59,160,288.74,240,288.98,40,289.02,80,289.03,80,289.14,200,289.41,80,289.54,280,289.55,40
2026-02-05 09:36:27,288.045,288.05,2,287.54,200,288.55,160,288.55,287.54,287.54,200,287.53,120,287.38,440,287.37,80,287.36,40,287.21,240,287.17,80,287.14,280,287.02,80,286.0,200,288.55,160,288.59,160,288.74,240,288.98,40,289.02,80,289.03,80,289.14,200,289.41,80,289.54,280,289.55,40
2026-02-05 09:36:28,288.045,288.05,2,287.54,200,288.55,160,288.55,287.54,287.54,200,287.53,120,287.38,440,287.37,80,287.36,40,287.21,240,287.17,80,287.14,280,287.02,80,286.0,200,288.55,160,288.59,160,288.74,240,288.98,40,289.02,80,289.03,80,289.14,200,289.41,80,289.54,280,289.55,40
2026-02-05 09:36:29,288.045,288.05,2,287.54,200,288.55,120,288.55,287.54,287.54,200,287.53,120,287.38,440,287.37,80,287.36,40,287.21,240,287.17,80,287.14,280,287.02,80,286.0,200,288.55,120,288.59,160,288.74,240,288.98,40,289.02,80,289.03,80,289.14,200,289.41,80,289.54,280,289.55,40
2026-02-05 09:36:30,288.045,288.05,2,287.54,200,288.55,120,288.55,287.54,287.54,200,287.53,120,287.38,440,287.37,80,287.36,40,287.21,240,287.17,80,287.14,280,287.02,80,286.0,200,288.55,120,288.59,160,288.74,240,288.98,40,289.02,80,289.03,80,289.14,200,289.41,80,289.54,280,289.55,40
2026-02-05 09:36:31,288.045,288.05,2,287.54,200,288.55,120,288.55,287.54,287.54,200,287.53,120,287.38,440,287.37,80,287.36,40,287.21,240,287.17,80,287.14,280,287.02,80,286.0,200,288.55,120,288.59,160,288.74,240,288.98,40,289.02,80,289.03,80,289.14,200,289.41,80,289.54,280,289.55,40
2026-02-05 09:36:32,287.92,288.05,2,287.54,200,288.3,80,288.3,287.54,287.54,200,287.53,120,287.38,440,287.37,80,287.36,40,287.21,240,287.17,80,287.14,280,287.02,80,286.0,200,288.3,80,288.55,120,288.59,160,288.74,240,288.98,40,289.02,80,289.03,80,289.14,200,289.41,80,289.54,280
2026-02-05 09:36:33,287.92,288.05,2,287.54,200,288.3,80,288.3,287.54,287.54,200,287.53,120,287.38,440,287.37,80,287.36,40,287.21,240,287.17,80,287.14,280,287.02,80,286.0,200,288.3,80,288.55,120,288.59,160,288.74,240,288.98,40,289.02,80,289.03,80,289.14,200,289.41,80,289.54,280
2026-02-05 09:36:34,287.92,288.05,2,287.54,200,288.3,80,288.3,287.54,287.54,200,287.53,120,287.38,440,287.37,80,287.36,40,287.21,240,287.17,80,287.14,280,287.02,80,286.0,200,288.3,80,288.55,120,288.59,160,288.74,240,288.98,40,289.02,80,289.03,80,289.14,200,289.41,80,289.54,280
2026-02-05 09:36:35,287.92,288.05,2,287.54,200,288.3,80,288.3,287.54,287.54,200,287.53,120,287.38,440,287.37,80,287.36,40,287.21,240,287.17,80,287.14,280,287.02,80,286.0,200,288.3,80,288.55,120,288.59,160,288.74,240,288.98,40,289.02,80,289.03,80,289.14,200,289.41,80,289.54,280
2026-02-05 09:36:36,287.92,288.05,2,287.54,200,288.3,80,288.3,287.54,287.54,200,287.53,120,287.38,440,287.37,80,287.36,40,287.21,240,287.17,80,287.14,280,287.02,80,286.0,200,288.3,80,288.55,120,288.59,160,288.74,240,288.98,40,289.02,80,289.03,80,289.14,200,289.41,80,289.54,280
2026-02-05 09:36:37,287.92,287.76,3,287.54,200,288.3,80,288.3,287.54,287.54,200,287.53,120,287.38,440,287.37,80,287.36,40,287.21,240,287.17,80,287.14,280,287.02,80,286.0,200,288.3,80,288.55,120,288.59,160,288.74,240,288.98,40,289.02,80,289.03,80,289.14,200,289.41,80,289.54,280
2026-02-05 09:36:38,287.92,287.76,3,287.54,320,288.3,80,288.3,287.54,287.54,320,287.53,120,287.38,440,287.37,80,287.36,40,287.21,240,287.17,80,287.14,280,287.02,80,286.0,200,288.3,80,288.55,120,288.59,160,288.74,240,288.98,40,289.02,80,289.03,80,289.14,200,289.41,80,289.54,280
2026-02-05 09:36:39,287.92,287.76,3,287.54,320,288.3,80,288.3,287.54,287.54,320,287.53,120,287.38,440,287.37,80,287.36,40,287.21,240,287.17,80,287.14,280,287.02,80,286.0,200,288.3,80,288.55,120,288.59,160,288.74,240,288.98,40,289.02,80,289.03,80,289.14,200,289.41,80,289.54,280
2026-02-05 09:36:40,287.92,287.76,3,287.54,320,288.3,80,288.3,287.54,287.54,320,287.53,120,287.38,440,287.37,80,287.36,40,287.21,240,287.17,80,287.14,280,287.02,80,286.0,200,288.3,80,288.55,120,288.59,160,288.74,240,288.98,40,289.02,80,289.03,80,289.14,200,289.41,80,289.54,280
2026-02-05 09:36:41,287.92,287.76,3,287.54,320,288.3,80,288.3,287.54,287.54,320,287.53,120,287.38,440,287.37,80,287.36,40,287.21,240,287.17,80,287.14,280,287.02,80,286.0,200,288.3,80,288.55,120,288.59,160,288.74,240,288.98,40,289.02,80,289.03,80,289.14,200,289.41,80,289.54,280
2026-02-05 09:36:42,287.92,287.76,3,287.54,400,288.3,80,288.3,287.54,287.54,400,287.53,120,287.38,440,287.37,80,287.36,40,287.21,240,287.17,80,287.14,280,287.02,80,286.0,200,288.3,80,288.55,120,288.59,160,288.74,240,288.98,40,289.02,80,289.03,80,289.14,200,289.41,80,289.54,280
2026-02-05 09:36:43,287.92,287.76,3,287.54,400,288.3,80,288.3,287.54,287.54,400,287.53,120,287.38,440,287.37,80,287.36,40,287.21,240,287.17,80,287.14,280,287.02,80,286.0,200,288.3,80,288.55,120,288.59,160,288.74,240,288.98,40,289.02,80,289.03,80,289.14,200,289.41,80,289.54,280
2026-02-05 09:36:44,287.92,287.94,1,287.54,360,288.3,80,288.3,287.54,287.54,360,287.53,120,287.38,440,287.37,80,287.36,40,287.21,240,287.17,80,287.14,280,287.02,80,286.0,200,288.3,80,288.55,120,288.59,160,288.74,240,288.98,40,289.02,80,289.03,80,289.14,200,289.41,80,289.54,280
2026-02-05 09:36:45,287.92,287.94,1,287.54,360,288.3,80,288.3,287.54,287.54,360,287.53,120,287.38,440,287.37,80,287.36,40,287.21,240,287.17,80,287.14,280,287.02,80,286.0,200,288.3,80,288.55,120,288.59,160,288.74,240,288.98,40,289.02,80,289.03,80,289.14,200,289.41,80,289.54,280
