sim_time,mid_price,last_price,last_size,best_bid_price,best_bid_size,best_ask_price,best_ask_size,close_price_buy,close_price_sell,bid1_price,bid1_size,bid2_price,bid2_size,bid3_price,bid3_size,bid4_price,bid4_size,bid5_price,bid5_size,bid6_price,bid6_size,bid7_price,bid7_size,bid8_price,bid8_size,bid9_price,bid9_size,bid10_price,bid10_size,ask1_price,ask1_size,ask2_price,ask2_size,ask3_price,ask3_size,ask4_price,ask4_size,ask5_price,ask5_size,ask6_price,ask6_size,ask7_price,ask7_size,ask8_price,ask8_size,ask9_price,ask9_size,ask10_price,ask10_size
2020-10-29 09:30:25,107.095,107.01,1,107.01,5,107.18,4,107.18,107.01,107.01,5,107.0,33,106.95,1,,,,,,,,,,,,,,,107.18,4,107.19,3,107.2,4,107.21,2,107.22,2,107.24,4,107.25,2,107.27,6,107.29,13,107.3,2
2020-10-29 09:30:26,107.025,106.97,1,106.96,1,107.09,2,107.09,106.96,106.96,1,106.95,1,,,,,,,,,,,,,,,,,107.09,2,107.14,4,107.17,1,107.18,4,107.19,3,107.2,4,107.21,2,107.22,2,107.24,4,107.25,2
2020-10-29 09:30:27,107.02,106.97,1,106.96,2,107.08,2,107.08,106.96,106.96,2,106.95,5,,,,,,,,,,,,,,,,,107.08,2,107.09,4,107.14,4,107.17,1,107.18,4,107.19,3,107.2,4,107.21,2,107.22,2,107.24,4
2020-10-29 09:30:28,106.96,106.96,1,106.85,2,107.07,3,107.07,106.85,106.85,2,106.84,1,106.81,4,,,,,,,,,,,,,,,107.07,3,107.08,2,107.09,4,107.14,4,107.17,1,107.18,4,107.19,3,107.2,4,107.21,2,107.22,2
2020-10-29 09:30:29,106.86,106.81,2,106.8,6,106.92,3,106.92,106.8,106.8,6,,,,,,,,,,,,,,,,,,,106.92,3,106.96,2,107.05,2,107.06,1,107.07,5,107.08,2,107.09,4,107.14,4,107.17,1,107.18,4
2020-10-29 09:30:30,106.86,106.86,1,106.8,6,106.92,3,106.92,106.8,106.8,6,,,,,,,,,,,,,,,,,,,106.92,3,106.96,2,107.05,2,107.06,1,107.07,5,107.08,2,107.09,4,107.14,4,107.17,1,107.18,4
2020-10-29 09:30:31,106.86,106.86,1,106.8,6,106.92,3,106.92,106.8,106.8,6,,,,,,,,,,,,,,,,,,,106.92,3,106.96,2,107.05,2,107.06,1,107.07,5,107.08,2,107.09,4,107.14,4,107.17,1,107.18,4
2020-10-29 09:30:32,106.86,106.91,1,106.8,6,106.92,8,106.92,106.8,106.8,6,,,,,,,,,,,,,,,,,,,106.92,8,106.96,2,107.05,2,107.06,1,107.07,5,107.08,2,107.09,4,107.14,4,107.17,1,107.18,4
2020-10-29 09:30:34,106.825,106.77,1,106.77,5,106.88,2,106.88,106.77,106.77,5,,,,,,,,,,,,,,,,,,,106.88,2,106.92,8,106.96,2,107.05,2,107.06,1,107.07,5,107.08,2,107.09,4,107.14,4,107.17,1
2020-10-29 09:30:34,106.825,106.77,1,106.77,5,106.88,7,106.88,106.77,106.77,5,,,,,,,,,,,,,,,,,,,106.88,7,106.92,8,106.96,2,107.05,2,107.06,1,107.07,5,107.08,2,107.09,4,107.14,4,107.17,1
2020-10-29 09:30:35,106.815,106.77,4,106.75,7,106.88,6,106.88,106.75,106.75,7,,,,,,,,,,,,,,,,,,,106.88,6,106.92,8,106.96,2,107.05,2,107.06,1,107.07,5,107.08,2,107.09,4,107.14,4,107.17,1
2020-10-29 09:30:36,106.81,106.75,1,106.75,7,106.87,2,106.87,106.75,106.75,7,,,,,,,,,,,,,,,,,,,106.87,2,106.88,7,106.92,8,106.96,2,107.05,2,107.06,1,107.07,5,107.08,2,107.09,4,107.14,4
2020-10-29 09:30:37,106.795,106.72,1,106.71,1,106.88,7,106.88,106.71,106.71,1,,,,,,,,,,,,,,,,,,,106.88,7,106.92,8,106.96,2,107.05,2,107.06,1,107.07,5,107.08,2,107.09,4,107.14,4,107.17,1
2020-10-29 09:30:39,106.795,106.72,1,106.71,1,106.88,7,106.88,106.71,106.71,1,,,,,,,,,,,,,,,,,,,106.88,7,106.92,8,106.96,2,107.05,2,107.06,1,107.07,5,107.08,2,107.09,4,107.14,4,107.17,1
2020-10-29 09:30:39,106.795,106.72,1,106.71,1,106.88,8,106.88,106.71,106.71,1,,,,,,,,,,,,,,,,,,,106.88,8,106.92,8,106.96,2,107.05,2,107.06,1,107.07,5,107.08,2,107.09,4,107.14,4,107.17,1
2020-10-29 09:30:41,106.79,106.72,1,106.71,4,106.87,2,106.87,106.71,106.71,4,106.7,12,,,,,,,,,,,,,,,,,106.87,2,106.88,7,106.92,8,106.96,2,107.05,2,107.06,1,107.07,5,107.08,2,107.09,4,107.14,4
2020-10-29 09:30:41,106.795,106.72,1,106.72,4,106.87,4,106.87,106.72,106.72,4,106.71,4,106.7,12,,,,,,,,,,,,,,,106.87,4,106.88,7,106.92,8,106.96,2,107.05,2,107.06,1,107.07,5,107.08,2,107.09,4,107.14,4
2020-10-29 09:30:43,106.795,106.72,1,106.72,4,106.87,6,106.87,106.72,106.72,4,106.71,4,106.7,12,,,,,,,,,,,,,,,106.87,6,106.88,7,106.92,8,106.96,2,107.05,2,107.06,1,107.07,5,107.08,2,107.09,4,107.14,4
2020-10-29 09:30:43,106.795,106.72,1,106.73,8,106.86,1,106.86,106.73,106.73,8,106.72,4,106.71,4,106.7,12,,,,,,,,,,,,,106.86,1,106.87,6,106.88,7,106.92,8,106.96,2,107.05,2,107.06,1,107.07,5,107.08,2,107.09,4
2020-10-29 09:30:44,106.785,106.71,1,106.71,6,106.86,5,106.86,106.71,106.71,6,106.7,12,,,,,,,,,,,,,,,,,106.86,5,106.87,6,106.88,7,106.92,8,106.96,2,107.05,2,107.06,1,107.07,5,107.08,2,107.09,4
2020-10-29 09:30:46,106.795,106.71,1,106.73,3,106.86,5,106.86,106.73,106.73,3,106.71,6,106.7,12,,,,,,,,,,,,,,,106.86,5,106.87,6,106.88,7,106.92,8,106.96,2,107.05,2,107.06,1,107.07,5,107.08,2,107.09,4
2020-10-29 09:30:47,106.795,106.71,1,106.73,3,106.86,9,106.86,106.73,106.73,3,106.71,6,106.7,12,,,,,,,,,,,,,,,106.86,9,106.87,6,106.88,7,106.92,8,106.96,2,107.05,2,107.06,1,107.07,5,107.08,2,107.09,4
2020-10-29 09:30:47,106.795,106.71,1,106.73,3,106.86,13,106.86,106.73,106.73,3,106.71,6,106.7,12,,,,,,,,,,,,,,,106.86,13,106.87,6,106.88,7,106.92,8,106.96,2,107.05,2,107.06,1,107.07,5,107.08,2,107.09,4
2020-10-29 09:30:49,106.79,106.71,1,106.73,3,106.85,1,106.85,106.73,106.73,3,106.71,6,106.7,12,,,,,,,,,,,,,,,106.85,1,106.86,13,106.87,6,106.88,7,106.92,8,106.96,2,107.05,2,107.06,1,107.07,5,107.08,2
2020-10-29 09:30:50,106.795,106.71,1,106.74,4,106.85,1,106.85,106.74,106.74,4,106.73,3,106.71,6,106.7,12,,,,,,,,,,,,,106.85,1,106.86,13,106.87,6,106.88,7,106.92,8,106.96,2,107.05,2,107.06,1,107.07,5,107.08,2
2020-10-29 09:30:51,106.795,106.71,1,106.74,4,106.85,1,106.85,106.74,106.74,4,106.73,3,106.71,6,106.7,12,,,,,,,,,,,,,106.85,1,106.86,13,106.87,6,106.88,7,106.92,8,106.96,2,107.05,2,107.06,1,107.07,5,107.08,2
2020-10-29 09:30:51,106.795,106.71,1,106.74,4,106.85,4,106.85,106.74,106.74,4,106.73,3,106.71,6,106.7,12,,,,,,,,,,,,,106.85,4,106.86,13,106.87,6,106.88,7,106.92,8,106.96,2,107.05,2,107.06,1,107.07,5,107.08,2
2020-10-29 09:30:53,106.775,106.73,1,106.71,9,106.84,5,106.84,106.71,106.71,9,106.7,11,,,,,,,,,,,,,,,,,106.84,5,106.85,4,106.86,13,106.87,6,106.88,7,106.92,8,106.96,2,107.05,2,107.06,1,107.07,5
2020-10-29 09:30:54,106.77,106.71,1,106.71,2,106.83,2,106.83,106.71,106.71,2,106.7,11,,,,,,,,,,,,,,,,,106.83,2,106.84,5,106.85,4,106.86,13,106.87,6,106.88,7,106.92,8,106.96,2,107.05,2,107.06,1
2020-10-29 09:30:55,106.775,106.71,1,106.71,2,106.84,5,106.84,106.71,106.71,2,106.7,11,,,,,,,,,,,,,,,,,106.84,5,106.85,4,106.86,13,106.87,6,106.88,7,106.92,8,106.96,2,107.05,2,107.06,1,107.07,5
2020-10-29 09:30:56,106.77,106.71,1,106.71,2,106.83,2,106.83,106.71,106.71,2,106.7,11,,,,,,,,,,,,,,,,,106.83,2,106.84,10,106.85,4,106.86,13,106.87,6,106.88,7,106.92,8,106.96,2,107.05,2,107.06,1
2020-10-29 09:30:57,106.775,106.71,1,106.71,3,106.84,10,106.84,106.71,106.71,3,106.7,11,,,,,,,,,,,,,,,,,106.84,10,106.85,4,106.86,13,106.87,6,106.88,7,106.92,8,106.96,2,107.05,2,107.06,1,107.07,5
2020-10-29 09:30:58,106.775,106.71,1,106.71,5,106.84,14,106.84,106.71,106.71,5,106.7,11,,,,,,,,,,,,,,,,,106.84,14,106.85,4,106.86,13,106.87,6,106.88,7,106.92,8,106.96,2,107.05,2,107.06,1,107.07,5
2020-10-29 09:30:59,106.775,106.71,1,106.71,5,106.84,14,106.84,106.71,106.71,5,106.7,11,,,,,,,,,,,,,,,,,106.84,14,106.85,4,106.86,13,106.87,6,106.88,7,106.92,8,106.96,2,107.05,2,107.06,1,107.07,5
2020-10-29 09:31:00,106.775,106.71,1,106.71,7,106.84,15,106.84,106.71,106.71,7,106.7,11,,,,,,,,,,,,,,,,,106.84,15,106.85,4,106.86,13,106.87,6,106.88,7,106.92,8,106.96,2,107.05,2,107.06,1,107.07,5
2020-10-29 09:31:01,106.78,106.71,1,106.72,4,106.84,12,106.84,106.72,106.72,4,106.71,17,106.7,11,,,,,,,,,,,,,,,106.84,12,106.85,4,106.86,13,106.87,6,106.88,7,106.92,8,106.96,2,107.05,2,107.06,1,107.07,5
2020-10-29 09:31:02,106.775,106.71,1,106.72,3,106.83,14,106.83,106.72,106.72,3,106.71,17,106.7,11,,,,,,,,,,,,,,,106.83,14,106.84,14,106.85,4,106.86,13,106.87,6,106.88,7,106.92,8,106.96,2,107.05,2,107.06,1
2020-10-29 09:31:03,106.78,106.71,1,106.73,3,106.83,15,106.83,106.73,106.73,3,106.72,5,106.71,17,106.7,11,,,,,,,,,,,,,106.83,15,106.84,14,106.85,4,106.86,13,106.87,6,106.88,7,106.92,8,106.96,2,107.05,2,107.06,1
2020-10-29 09:31:04,106.77,106.83,2,106.71,17,106.83,16,106.83,106.71,106.71,17,106.7,11,,,,,,,,,,,,,,,,,106.83,16,106.84,14,106.85,4,106.86,13,106.87,6,106.88,7,106.92,8,106.96,2,107.05,2,107.06,1
2020-10-29 09:31:05,106.735,106.66,1,106.67,2,106.8,3,106.8,106.67,106.67,2,106.66,3,,,,,,,,,,,,,,,,,106.8,3,106.83,16,106.84,14,106.85,4,106.86,13,106.87,6,106.88,7,106.92,8,106.96,2,107.05,2
2020-10-29 09:31:06,106.74,106.66,1,106.68,8,106.8,5,106.8,106.68,106.68,8,106.67,8,106.66,3,,,,,,,,,,,,,,,106.8,5,106.83,16,106.84,14,106.85,4,106.86,13,106.87,6,106.88,7,106.92,8,106.96,2,107.05,2
2020-10-29 09:31:08,106.74,106.69,1,106.69,4,106.79,5,106.79,106.69,106.69,4,106.68,11,106.67,8,106.66,3,,,,,,,,,,,,,106.79,5,106.8,8,106.83,16,106.84,14,106.85,4,106.86,13,106.87,6,106.88,7,106.92,8,106.96,2
2020-10-29 09:31:09,106.74,106.69,1,106.69,3,106.79,5,106.79,106.69,106.69,3,106.68,11,106.67,8,106.66,3,,,,,,,,,,,,,106.79,5,106.8,8,106.83,16,106.84,14,106.85,4,106.86,13,106.87,6,106.88,7,106.92,8,106.96,2
2020-10-29 09:31:10,106.74,106.69,1,106.69,3,106.79,5,106.79,106.69,106.69,3,106.68,11,106.67,8,106.66,3,,,,,,,,,,,,,106.79,5,106.8,8,106.83,16,106.84,14,106.85,4,106.86,13,106.87,6,106.88,7,106.92,8,106.96,2
2020-10-29 09:31:11,106.74,106.69,1,106.69,4,106.79,9,106.79,106.69,106.69,4,106.68,11,106.67,8,106.66,3,,,,,,,,,,,,,106.79,9,106.8,8,106.83,16,106.84,14,106.85,4,106.86,13,106.87,6,106.88,7,106.92,8,106.96,2
2020-10-29 09:31:12,106.735,106.69,1,106.69,4,106.78,3,106.78,106.69,106.69,4,106.68,11,106.67,8,106.66,3,,,,,,,,,,,,,106.78,3,106.79,9,106.8,8,106.83,16,106.84,14,106.85,4,106.86,13,106.87,6,106.88,7,106.92,8
2020-10-29 09:31:13,106.735,106.69,1,106.69,4,106.78,3,106.78,106.69,106.69,4,106.68,11,106.67,8,106.66,3,,,,,,,,,,,,,106.78,3,106.79,9,106.8,8,106.83,16,106.84,14,106.85,4,106.86,13,106.87,6,106.88,7,106.92,8
2020-10-29 09:31:14,106.735,106.69,1,106.69,4,106.78,3,106.78,106.69,106.69,4,106.68,11,106.67,8,106.66,3,,,,,,,,,,,,,106.78,3,106.79,9,106.8,8,106.83,16,106.84,14,106.85,4,106.86,13,106.87,6,106.88,7,106.92,8
2020-10-29 09:31:15,106.72,106.73,1,106.66,7,106.78,2,106.78,106.66,106.66,7,,,,,,,,,,,,,,,,,,,106.78,2,106.79,17,106.8,8,106.83,16,106.84,14,106.85,4,106.86,13,106.87,6,106.88,7,106.92,8
2020-10-29 09:31:16,106.73,106.72,1,106.67,2,106.79,17,106.79,106.67,106.67,2,106.66,5,,,,,,,,,,,,,,,,,106.79,17,106.8,8,106.83,16,106.84,14,106.85,4,106.86,13,106.87,6,106.88,7,106.92,8,106.96,2
2020-10-29 09:31:17,106.9,106.81,1,106.77,4,107.03,5,107.03,106.77,106.77,4,106.74,1,106.73,1,106.72,3,106.71,1,106.67,2,106.66,5,,,,,,,107.03,5,107.04,8,107.05,9,107.06,9,107.07,8,107.08,2,107.09,3,107.14,4,107.17,1,107.18,4
2020-10-29 09:31:18,106.895,106.79,1,106.77,10,107.02,1,107.02,106.77,106.77,10,106.74,1,106.73,1,106.72,3,106.71,1,106.67,2,106.66,5,,,,,,,107.02,1,107.03,8,107.04,8,107.05,9,107.06,9,107.07,8,107.08,2,107.09,3,107.14,4,107.17,1
2020-10-29 09:31:19,106.895,106.79,1,106.77,10,107.02,1,107.02,106.77,106.77,10,106.74,1,106.73,1,106.72,3,106.71,1,106.67,2,106.66,5,,,,,,,107.02,1,107.03,8,107.04,8,107.05,9,107.06,9,107.07,8,107.08,2,107.09,3,107.14,4,107.17,1
2020-10-29 09:31:20,106.895,106.79,1,106.77,10,107.02,1,107.02,106.77,106.77,10,106.74,1,106.73,1,106.72,3,106.71,1,106.67,2,106.66,5,,,,,,,107.02,1,107.03,8,107.04,8,107.05,9,107.06,9,107.07,8,107.08,2,107.09,3,107.14,4,107.17,1
2020-10-29 09:31:21,106.895,106.79,1,106.77,10,107.02,1,107.02,106.77,106.77,10,106.74,1,106.73,1,106.72,3,106.71,1,106.67,2,106.66,5,,,,,,,107.02,1,107.03,8,107.04,8,107.05,9,107.06,9,107.07,8,107.08,2,107.09,3,107.14,4,107.17,1
2020-10-29 09:31:22,106.915,106.79,1,106.81,2,107.02,6,107.02,106.81,106.81,2,106.77,10,106.74,1,106.73,1,106.72,3,106.71,1,106.67,2,106.66,5,,,,,107.02,6,107.03,8,107.04,8,107.05,9,107.06,9,107.07,8,107.08,2,107.09,3,107.14,4,107.17,1
2020-10-29 09:31:23,106.915,106.79,1,106.81,2,107.02,9,107.02,106.81,106.81,2,106.77,10,106.74,1,106.73,1,106.72,3,106.71,1,106.67,2,106.66,5,,,,,107.02,9,107.03,8,107.04,8,107.05,9,107.06,9,107.07,8,107.08,2,107.09,3,107.14,4,107.17,1
2020-10-29 09:31:24,106.915,106.92,1,106.81,2,107.02,9,107.02,106.81,106.81,2,106.77,10,106.74,1,106.73,1,106.72,3,106.71,1,106.67,2,106.66,5,,,,,107.02,9,107.03,8,107.04,8,107.05,9,107.06,9,107.07,8,107.08,2,107.09,3,107.14,4,107.17,1
2020-10-29 09:31:25,106.915,106.92,1,106.81,2,107.02,10,107.02,106.81,106.81,2,106.77,10,106.74,1,106.73,1,106.72,3,106.71,1,106.67,2,106.66,5,,,,,107.02,10,107.03,8,107.04,8,107.05,9,107.06,9,107.07,8,107.08,2,107.09,3,107.14,4,107.17,1
2020-10-29 09:31:26,106.91,106.92,1,106.81,3,107.01,5,107.01,106.81,106.81,3,106.77,10,106.74,1,106.73,1,106.72,3,106.71,1,106.67,2,106.66,5,,,,,107.01,5,107.02,10,107.03,8,107.04,8,107.05,9,107.06,9,107.07,8,107.08,2,107.09,3,107.14,4
2020-10-29 09:31:27,106.91,106.92,1,106.81,3,107.01,5,107.01,106.81,106.81,3,106.77,10,106.74,1,106.73,1,106.72,3,106.71,1,106.67,2,106.66,5,,,,,107.01,5,107.02,10,107.03,8,107.04,8,107.05,9,107.06,9,107.07,8,107.08,2,107.09,3,107.14,4
2020-10-29 09:31:28,106.9,106.92,1,106.79,1,107.01,7,107.01,106.79,106.79,1,106.77,10,106.74,1,106.73,1,106.72,3,106.71,1,106.67,2,106.66,5,,,,,107.01,7,107.02,10,107.03,8,107.04,8,107.05,9,107.06,9,107.07,8,107.08,2,107.09,3,107.14,4
2020-10-29 09:31:29,106.9,106.92,1,106.79,1,107.01,9,107.01,106.79,106.79,1,106.77,10,106.74,1,106.73,1,106.72,3,106.71,1,106.67,2,106.66,5,,,,,107.01,9,107.02,10,107.03,8,107.04,8,107.05,9,107.06,9,107.07,8,107.08,2,107.09,3,107.14,4
2020-10-29 09:31:30,106.9,106.92,1,106.79,1,107.01,8,107.01,106.79,106.79,1,106.77,10,106.74,1,106.73,1,106.72,3,106.71,1,106.67,2,106.66,5,,,,,107.01,8,107.02,10,107.03,8,107.04,8,107.05,9,107.06,9,107.07,8,107.08,2,107.09,3,107.14,4
2020-10-29 09:31:31,106.875,106.92,1,106.77,11,106.98,6,106.98,106.77,106.77,11,106.74,1,106.73,1,106.72,3,106.71,1,106.67,2,106.66,5,,,,,,,106.98,6,106.99,15,107.0,39,107.01,8,107.02,10,107.03,8,107.04,8,107.05,9,107.06,9,107.07,8
2020-10-29 09:31:32,106.875,106.92,1,106.77,11,106.98,6,106.98,106.77,106.77,11,106.74,1,106.73,1,106.72,3,106.71,1,106.67,2,106.66,5,,,,,,,106.98,6,106.99,17,107.0,39,107.01,8,107.02,10,107.03,8,107.04,8,107.05,9,107.06,9,107.07,8
2020-10-29 09:31:33,106.885,106.92,1,106.79,1,106.98,8,106.98,106.79,106.79,1,106.77,11,106.74,1,106.73,1,106.72,3,106.71,1,106.67,2,106.66,5,,,,,106.98,8,106.99,17,107.0,39,107.01,8,107.02,10,107.03,8,107.04,8,107.05,9,107.06,9,107.07,8
2020-10-29 09:31:34,106.885,106.81,1,106.8,3,106.97,2,106.97,106.8,106.8,3,106.79,1,106.77,11,106.74,1,106.73,1,106.72,3,106.71,1,106.67,2,106.66,5,,,106.97,2,106.98,8,106.99,17,107.0,39,107.01,8,107.02,10,107.03,8,107.04,8,107.05,9,107.06,9
2020-10-29 09:31:35,106.875,106.89,4,106.8,3,106.95,3,106.95,106.8,106.8,3,106.79,1,106.77,11,106.74,1,106.73,1,106.72,3,106.71,1,106.67,2,106.66,5,,,106.95,3,106.97,2,106.98,8,106.99,17,107.0,39,107.01,8,107.02,10,107.03,8,107.04,8,107.05,9
2020-10-29 09:31:36,106.875,106.89,4,106.8,3,106.95,3,106.95,106.8,106.8,3,106.79,1,106.77,11,106.74,1,106.73,1,106.72,3,106.71,1,106.67,2,106.66,5,,,106.95,3,106.97,2,106.98,8,106.99,17,107.0,39,107.01,8,107.02,10,107.03,8,107.04,8,107.05,9
2020-10-29 09:31:37,106.87,106.81,1,106.8,3,106.94,3,106.94,106.8,106.8,3,106.79,1,106.77,11,106.74,1,106.73,1,106.72,3,106.71,1,106.67,2,106.66,5,,,106.94,3,106.95,3,106.97,2,106.98,8,106.99,17,107.0,39,107.01,8,107.02,10,107.03,8,107.04,8
2020-10-29 09:31:38,106.87,106.81,1,106.8,4,106.94,3,106.94,106.8,106.8,4,106.79,1,106.77,11,106.74,1,106.73,1,106.72,3,106.71,1,106.67,2,106.66,5,,,106.94,3,106.95,3,106.97,2,106.98,8,106.99,17,107.0,39,107.01,8,107.02,10,107.03,8,107.04,8
2020-10-29 09:31:39,106.87,106.81,1,106.8,4,106.94,3,106.94,106.8,106.8,4,106.79,1,106.77,11,106.74,1,106.73,1,106.72,3,106.71,1,106.67,2,106.66,5,,,106.94,3,106.95,3,106.97,2,106.98,8,106.99,17,107.0,39,107.01,8,107.02,10,107.03,8,107.04,8
2020-10-29 09:31:40,106.87,106.81,1,106.8,4,106.94,9,106.94,106.8,106.8,4,106.79,1,106.77,11,106.74,1,106.73,1,106.72,3,106.71,1,106.67,2,106.66,5,,,106.94,9,106.95,3,106.97,2,106.98,8,106.99,17,107.0,39,107.01,8,107.02,10,107.03,8,107.04,8
2020-10-29 09:31:41,106.87,106.81,1,106.8,4,106.94,9,106.94,106.8,106.8,4,106.79,1,106.77,11,106.74,1,106.73,1,106.72,3,106.71,1,106.67,2,106.66,5,,,106.94,9,106.95,3,106.97,2,106.98,8,106.99,17,107.0,39,107.01,8,107.02,10,107.03,8,107.04,8
2020-10-29 09:31:42,106.88,106.84,1,106.82,5,106.94,14,106.94,106.82,106.82,5,106.81,2,106.8,3,106.79,1,106.77,11,106.74,1,106.73,1,106.72,3,106.71,1,106.67,2,106.94,14,106.95,3,106.97,2,106.98,8,106.99,17,107.0,39,107.01,8,107.02,10,107.03,8,107.04,8
2020-10-29 09:31:43,106.85,106.84,1,106.82,5,106.88,2,106.88,106.82,106.82,5,106.81,2,106.8,3,106.79,1,106.77,11,106.74,1,106.73,1,106.72,3,106.71,1,106.67,2,106.88,2,106.94,14,106.95,3,106.97,2,106.98,8,106.99,17,107.0,39,107.01,8,107.02,10,107.03,8
2020-10-29 09:31:44,106.81,106.84,3,106.74,1,106.88,5,106.88,106.74,106.74,1,106.71,2,106.67,3,106.66,5,,,,,,,,,,,,,106.88,5,106.94,14,106.95,3,106.97,2,106.98,8,106.99,17,107.0,39,107.01,8,107.02,10,107.03,8
2020-10-29 09:31:45,106.81,106.84,3,106.74,2,106.88,2,106.88,106.74,106.74,2,106.71,2,106.67,3,106.66,5,,,,,,,,,,,,,106.88,2,106.9,1,106.94,14,106.95,3,106.97,2,106.98,8,106.99,17,107.0,39,107.01,8,107.02,10
2020-10-29 09:31:46,106.83,106.84,3,106.74,6,106.92,1,106.92,106.74,106.74,6,106.71,2,106.67,3,106.66,5,,,,,,,,,,,,,106.92,1,106.94,14,106.95,3,106.97,2,106.98,8,106.99,17,107.0,39,107.01,8,107.02,10,107.03,8
2020-10-29 09:31:47,106.81,106.84,3,106.74,6,106.88,3,106.88,106.74,106.74,6,106.71,2,106.67,3,106.66,5,,,,,,,,,,,,,106.88,3,106.92,1,106.94,14,106.95,3,106.97,2,106.98,8,106.99,17,107.0,39,107.01,8,107.02,10
2020-10-29 09:31:48,106.81,106.81,1,106.74,9,106.88,10,106.88,106.74,106.74,9,106.71,2,106.67,3,106.66,5,,,,,,,,,,,,,106.88,10,106.92,1,106.94,14,106.95,3,106.97,2,106.98,8,106.99,17,107.0,39,107.01,8,107.02,10
2020-10-29 09:31:49,106.81,106.81,1,106.74,9,106.88,10,106.88,106.74,106.74,9,106.71,2,106.67,3,106.66,5,,,,,,,,,,,,,106.88,10,106.92,1,106.94,14,106.95,3,106.97,2,106.98,8,106.99,17,107.0,39,107.01,8,107.02,10
2020-10-29 09:31:50,106.81,106.81,1,106.74,9,106.88,10,106.88,106.74,106.74,9,106.71,2,106.67,3,106.66,5,,,,,,,,,,,,,106.88,10,106.92,1,106.94,14,106.95,3,106.97,2,106.98,8,106.99,17,107.0,39,107.01,8,107.02,10
2020-10-29 09:31:51,106.815,106.81,1,106.75,6,106.88,11,106.88,106.75,106.75,6,106.74,9,106.71,2,106.67,3,106.66,5,,,,,,,,,,,106.88,11,106.92,1,106.94,14,106.95,3,106.97,2,106.98,8,106.99,17,107.0,39,107.01,8,107.02,10
2020-10-29 09:31:52,106.835,106.82,1,106.79,1,106.88,11,106.88,106.79,106.79,1,106.78,1,106.76,1,106.75,6,106.74,9,106.71,2,106.67,3,106.66,5,,,,,106.88,11,106.92,1,106.94,14,106.95,3,106.97,2,106.98,8,106.99,17,107.0,39,107.01,8,107.02,10
2020-10-29 09:31:53,106.77,106.81,1,106.74,8,106.8,3,106.8,106.74,106.74,8,106.71,2,106.67,3,106.66,5,,,,,,,,,,,,,106.8,3,106.86,2,106.88,11,106.92,1,106.94,14,106.95,3,106.97,2,106.98,8,106.99,17,107.0,39
2020-10-29 09:31:54,106.755,106.7,1,106.7,8,106.81,3,106.81,106.7,106.7,8,106.67,3,106.66,5,,,,,,,,,,,,,,,106.81,3,106.86,2,106.88,11,106.92,1,106.94,14,106.95,3,106.97,2,106.98,8,106.99,17,107.0,39
2020-10-29 09:31:55,106.74,106.77,1,106.7,8,106.78,2,106.78,106.7,106.7,8,106.67,3,106.66,5,,,,,,,,,,,,,,,106.78,2,106.8,3,106.81,3,106.86,2,106.88,11,106.92,1,106.94,14,106.95,3,106.97,2,106.98,8
2020-10-29 09:31:56,106.75,106.78,1,106.7,8,106.8,3,106.8,106.7,106.7,8,106.66,5,,,,,,,,,,,,,,,,,106.8,3,106.81,3,106.86,2,106.88,11,106.92,1,106.94,14,106.95,3,106.97,2,106.98,8,106.99,17
2020-10-29 09:31:57,106.75,106.78,1,106.7,7,106.8,3,106.8,106.7,106.7,7,106.66,5,,,,,,,,,,,,,,,,,106.8,3,106.81,3,106.86,2,106.88,11,106.92,1,106.94,14,106.95,3,106.97,2,106.98,8,106.99,17
2020-10-29 09:31:58,106.75,106.75,1,106.71,1,106.79,1,106.79,106.71,106.71,1,106.7,10,106.66,5,,,,,,,,,,,,,,,106.79,1,106.8,2,106.81,4,106.86,2,106.88,11,106.92,1,106.94,14,106.95,3,106.97,2,106.98,8
2020-10-29 09:31:59,106.745,106.75,2,106.7,10,106.79,1,106.79,106.7,106.7,10,106.66,5,,,,,,,,,,,,,,,,,106.79,1,106.8,2,106.81,4,106.86,2,106.88,11,106.92,1,106.94,14,106.95,3,106.97,2,106.98,8
2020-10-29 09:32:00,106.745,106.75,2,106.7,10,106.79,1,106.79,106.7,106.7,10,106.66,5,,,,,,,,,,,,,,,,,106.79,1,106.8,2,106.81,4,106.86,2,106.88,11,106.92,1,106.94,14,106.95,3,106.97,2,106.98,8
2020-10-29 09:32:01,106.745,106.75,2,106.7,10,106.79,1,106.79,106.7,106.7,10,106.66,5,,,,,,,,,,,,,,,,,106.79,1,106.8,2,106.81,4,106.86,2,106.88,11,106.92,1,106.94,14,106.95,3,106.97,2,106.98,8
2020-10-29 09:32:02,106.81,106.75,3,106.74,1,106.88,12,106.88,106.74,106.74,1,106.73,18,106.72,5,106.71,1,106.7,7,106.66,5,,,,,,,,,106.88,12,106.92,1,106.94,14,106.95,3,106.97,2,106.98,8,106.99,17,107.0,39,107.01,8,107.02,10
2020-10-29 09:32:03,106.81,106.75,3,106.74,2,106.88,12,106.88,106.74,106.74,2,106.73,18,106.72,5,106.71,1,106.7,7,106.66,5,,,,,,,,,106.88,12,106.92,1,106.94,14,106.95,3,106.97,2,106.98,8,106.99,17,107.0,39,107.01,8,107.02,10
2020-10-29 09:32:04,106.805,106.75,3,106.74,3,106.87,2,106.87,106.74,106.74,3,106.73,18,106.72,5,106.71,1,106.7,7,106.66,5,,,,,,,,,106.87,2,106.88,12,106.92,1,106.94,14,106.95,3,106.97,2,106.98,8,106.99,17,107.0,39,107.01,8
2020-10-29 09:32:05,106.825,106.87,1,106.74,3,106.91,1,106.91,106.74,106.74,3,106.73,18,106.72,5,106.71,1,106.7,7,106.66,5,,,,,,,,,106.91,1,106.92,1,106.94,14,106.95,3,106.97,2,106.98,8,106.99,17,107.0,39,107.01,8,107.02,10
2020-10-29 09:32:06,106.825,106.87,1,106.74,3,106.91,1,106.91,106.74,106.74,3,106.73,18,106.72,5,106.71,1,106.7,7,106.66,5,,,,,,,,,106.91,1,106.92,1,106.94,14,106.95,3,106.97,2,106.98,8,106.99,17,107.0,39,107.01,8,107.02,10
2020-10-29 09:32:07,106.81,106.87,1,106.74,3,106.88,2,106.88,106.74,106.74,3,106.73,18,106.72,5,106.71,1,106.7,7,106.66,5,,,,,,,,,106.88,2,106.91,1,106.92,1,106.94,14,106.95,3,106.97,2,106.98,8,106.99,17,107.0,39,107.01,8
2020-10-29 09:32:08,106.815,106.87,1,106.75,3,106.88,2,106.88,106.75,106.75,3,106.74,3,106.73,18,106.72,5,106.71,1,106.7,7,106.66,5,,,,,,,106.88,2,106.91,1,106.92,1,106.94,14,106.95,3,106.97,2,106.98,8,106.99,17,107.0,39,107.01,8
2020-10-29 09:32:09,106.815,106.87,1,106.75,4,106.88,2,106.88,106.75,106.75,4,106.74,3,106.73,18,106.72,5,106.71,1,106.7,7,106.66,5,,,,,,,106.88,2,106.91,1,106.92,1,106.94,14,106.95,3,106.97,2,106.98,8,106.99,17,107.0,39,107.01,8
2020-10-29 09:32:10,106.82,106.83,1,106.76,1,106.88,2,106.88,106.76,106.76,1,106.75,5,106.74,3,106.73,18,106.72,5,106.71,1,106.7,7,106.66,5,,,,,106.88,2,106.91,1,106.92,1,106.94,14,106.95,3,106.97,2,106.98,8,106.99,17,107.0,39,107.01,8
2020-10-29 09:32:11,106.905,106.89,1,106.83,5,106.98,7,106.98,106.83,106.83,5,106.82,5,106.81,2,106.77,2,106.76,4,106.75,5,106.74,3,106.73,18,106.72,5,106.71,1,106.98,7,106.99,17,107.0,39,107.01,8,107.02,10,107.03,8,107.04,8,107.05,9,107.06,9,107.07,8
2020-10-29 09:32:12,106.91,106.98,1,106.84,1,106.98,8,106.98,106.84,106.84,1,106.83,5,106.82,5,106.81,2,106.77,2,106.76,4,106.75,5,106.74,3,106.73,18,106.72,5,106.98,8,106.99,17,107.0,39,107.01,8,107.02,10,107.03,8,107.04,8,107.05,9,107.06,9,107.07,8
2020-10-29 09:32:13,106.91,106.98,1,106.84,1,106.98,8,106.98,106.84,106.84,1,106.83,5,106.82,5,106.81,2,106.77,2,106.76,4,106.75,5,106.74,3,106.73,18,106.72,5,106.98,8,106.99,17,107.0,39,107.01,8,107.02,10,107.03,8,107.04,8,107.05,9,107.06,9,107.07,8
2020-10-29 09:32:14,107.015,106.98,1,106.98,6,107.05,1,107.05,106.98,106.98,6,106.91,5,106.9,1,106.87,1,106.85,1,106.84,2,106.83,5,106.82,5,106.81,2,106.77,2,107.05,1,107.09,4,107.14,4,107.17,1,107.18,4,107.19,3,107.2,4,107.21,2,107.22,2,107.24,4
2020-10-29 09:32:15,106.93,106.94,1,106.88,3,106.98,3,106.98,106.88,106.88,3,106.87,1,106.85,1,106.84,2,106.83,5,106.82,5,106.81,2,106.77,2,106.76,4,106.75,5,106.98,3,107.01,1,107.02,1,107.03,1,107.04,1,107.05,2,107.09,4,107.14,4,107.17,1,107.18,4
2020-10-29 09:32:16,106.93,106.94,1,106.88,4,106.98,3,106.98,106.88,106.88,4,106.87,1,106.85,1,106.84,2,106.83,5,106.82,5,106.81,2,106.77,2,106.76,4,106.75,5,106.98,3,107.01,1,107.02,1,107.03,1,107.04,1,107.05,2,107.09,4,107.14,4,107.17,1,107.18,4
2020-10-29 09:32:17,106.93,106.94,1,106.88,8,106.98,3,106.98,106.88,106.88,8,106.87,1,106.85,1,106.84,2,106.83,5,106.82,5,106.81,2,106.77,2,106.76,4,106.75,5,106.98,3,107.01,1,107.02,1,107.03,1,107.04,1,107.05,2,107.09,4,107.14,4,107.17,1,107.18,4
2020-10-29 09:32:18,106.93,106.88,2,106.88,8,106.98,3,106.98,106.88,106.88,8,106.87,1,106.85,1,106.84,2,106.83,5,106.82,5,106.81,2,106.77,2,106.76,4,106.75,5,106.98,3,107.01,1,107.02,1,107.03,1,107.04,1,107.05,2,107.09,4,107.14,4,107.17,1,107.18,4
2020-10-29 09:32:19,106.905,106.91,3,106.83,8,106.98,3,106.98,106.83,106.83,8,106.82,5,106.81,2,106.77,2,106.76,4,106.75,5,106.74,3,106.73,18,106.72,5,106.71,1,106.98,3,107.01,1,107.02,1,107.03,1,107.04,1,107.05,2,107.09,4,107.14,4,107.17,1,107.18,4
2020-10-29 09:32:20,106.905,106.91,3,106.83,8,106.98,3,106.98,106.83,106.83,8,106.82,5,106.81,2,106.77,2,106.76,4,106.75,5,106.74,3,106.73,18,106.72,5,106.71,1,106.98,3,107.01,1,107.02,1,107.03,1,107.04,1,107.05,2,107.09,4,107.14,4,107.17,1,107.18,4
2020-10-29 09:32:21,106.965,107.04,1,106.88,3,107.05,3,107.05,106.88,106.88,3,106.84,10,106.83,8,106.82,5,106.81,2,106.77,2,106.76,4,106.75,5,106.74,3,106.73,18,107.05,3,107.06,3,107.08,1,107.09,4,107.14,4,107.17,1,107.18,4,107.19,3,107.2,4,107.21,2
2020-10-29 09:32:22,106.97,107.04,1,106.89,1,107.05,3,107.05,106.89,106.89,1,106.88,3,106.84,10,106.83,8,106.82,5,106.81,2,106.77,2,106.76,4,106.75,5,106.74,3,107.05,3,107.06,3,107.08,1,107.09,4,107.14,4,107.17,1,107.18,4,107.19,3,107.2,4,107.21,2
2020-10-29 09:32:23,106.97,107.04,1,106.89,9,107.05,4,107.05,106.89,106.89,9,106.88,3,106.84,10,106.83,8,106.82,5,106.81,2,106.77,2,106.76,4,106.75,5,106.74,3,107.05,4,107.06,3,107.08,1,107.09,4,107.14,4,107.17,1,107.18,4,107.19,3,107.2,4,107.21,2
2020-10-29 09:32:24,106.975,106.92,1,106.9,2,107.05,11,107.05,106.9,106.9,2,106.89,11,106.88,3,106.84,10,106.83,8,106.82,5,106.81,2,106.77,2,106.76,4,106.75,5,107.05,11,107.06,3,107.08,1,107.09,4,107.14,4,107.17,1,107.18,4,107.19,3,107.2,4,107.21,2
2020-10-29 09:32:25,106.97,106.92,1,106.9,3,107.04,4,107.04,106.9,106.9,3,106.89,11,106.88,3,106.84,10,106.83,8,106.82,5,106.81,2,106.77,2,106.76,4,106.75,5,107.04,4,107.05,14,107.06,3,107.08,1,107.09,4,107.14,4,107.17,1,107.18,4,107.19,3,107.2,4
2020-10-29 09:32:26,106.99,106.94,1,106.93,2,107.05,13,107.05,106.93,106.93,2,106.9,3,106.89,11,106.88,3,106.84,10,106.83,8,106.82,5,106.81,2,106.77,2,106.76,4,107.05,13,107.06,3,107.08,1,107.09,4,107.14,4,107.17,1,107.18,4,107.19,3,107.2,4,107.21,2
2020-10-29 09:32:27,106.99,106.94,1,106.93,2,107.05,12,107.05,106.93,106.93,2,106.9,3,106.89,11,106.88,3,106.84,10,106.83,8,106.82,5,106.81,2,106.77,2,106.76,4,107.05,12,107.06,3,107.08,1,107.09,4,107.14,4,107.17,1,107.18,4,107.19,3,107.2,4,107.21,2
2020-10-29 09:32:28,106.99,107.01,1,106.93,2,107.05,12,107.05,106.93,106.93,2,106.9,3,106.89,11,106.88,3,106.84,10,106.83,8,106.82,5,106.81,2,106.77,2,106.76,4,107.05,12,107.06,3,107.08,1,107.09,4,107.14,4,107.17,1,107.18,4,107.19,3,107.2,4,107.21,2
2020-10-29 09:32:29,106.99,107.01,1,106.93,4,107.05,12,107.05,106.93,106.93,4,106.9,3,106.89,11,106.88,3,106.84,10,106.83,8,106.82,5,106.81,2,106.77,2,106.76,4,107.05,12,107.06,3,107.08,1,107.09,4,107.14,4,107.17,1,107.18,4,107.19,3,107.2,4,107.21,2
2020-10-29 09:32:30,106.99,107.01,1,106.93,4,107.05,12,107.05,106.93,106.93,4,106.9,3,106.89,11,106.88,3,106.84,10,106.83,8,106.82,5,106.81,2,106.77,2,106.76,4,107.05,12,107.06,3,107.08,1,107.09,4,107.14,4,107.17,1,107.18,4,107.19,3,107.2,4,107.21,2
2020-10-29 09:32:31,106.995,107.01,1,106.94,2,107.05,12,107.05,106.94,106.94,2,106.93,5,106.9,1,106.88,5,106.84,10,106.83,8,106.82,5,106.81,2,106.77,2,106.76,4,107.05,12,107.06,3,107.08,1,107.09,4,107.14,4,107.17,1,107.18,4,107.19,3,107.2,4,107.21,2
2020-10-29 09:32:32,106.995,107.02,1,106.94,1,107.05,12,107.05,106.94,106.94,1,106.93,6,106.9,1,106.88,5,106.84,10,106.83,8,106.82,5,106.81,2,106.77,2,106.76,4,107.05,12,107.06,3,107.08,1,107.09,4,107.14,4,107.17,1,107.18,4,107.19,3,107.2,4,107.21,2
2020-10-29 09:32:33,106.995,107.02,1,106.94,3,107.05,12,107.05,106.94,106.94,3,106.93,6,106.9,1,106.88,5,106.84,10,106.83,8,106.82,5,106.81,2,106.77,2,106.76,4,107.05,12,107.06,3,107.08,1,107.09,4,107.14,4,107.17,1,107.18,4,107.19,3,107.2,4,107.21,2
2020-10-29 09:32:34,106.995,107.04,1,106.94,1,107.05,11,107.05,106.94,106.94,1,106.93,6,106.9,1,106.88,5,106.84,10,106.83,8,106.82,5,106.81,2,106.77,2,106.76,4,107.05,11,107.06,3,107.08,1,107.09,4,107.14,4,107.17,1,107.18,4,107.19,3,107.2,4,107.21,2
2020-10-29 09:32:35,106.995,107.04,1,106.94,1,107.05,11,107.05,106.94,106.94,1,106.93,6,106.9,1,106.88,5,106.84,10,106.83,8,106.82,5,106.81,2,106.77,2,106.76,4,107.05,11,107.06,3,107.08,1,107.09,4,107.14,4,107.17,1,107.18,4,107.19,3,107.2,4,107.21,2
2020-10-29 09:32:36,106.995,107.0,10,106.94,1,107.05,11,107.05,106.94,106.94,1,106.93,6,106.9,1,106.88,5,106.84,10,106.83,8,106.82,5,106.81,2,106.77,2,106.76,4,107.05,11,107.06,3,107.08,1,107.09,4,107.14,4,107.17,1,107.18,4,107.19,3,107.2,4,107.21,2
2020-10-29 09:32:37,106.985,107.0,10,106.94,1,107.03,1,107.03,106.94,106.94,1,106.93,6,106.9,1,106.88,5,106.84,10,106.83,8,106.82,5,106.81,2,106.77,2,106.76,4,107.03,1,107.05,11,107.06,3,107.08,1,107.09,4,107.14,4,107.17,1,107.18,4,107.19,3,107.2,4
2020-10-29 09:32:38,107.04,107.04,3,106.96,8,107.12,4,107.12,106.96,106.96,8,106.95,10,106.94,3,106.93,6,106.9,1,106.88,5,106.84,10,106.83,8,106.82,5,106.81,2,107.12,4,107.14,4,107.17,1,107.18,4,107.19,3,107.2,4,107.21,2,107.22,2,107.24,4,107.25,2
2020-10-29 09:32:39,107.03,107.04,3,106.96,8,107.1,3,107.1,106.96,106.96,8,106.95,10,106.94,3,106.93,6,106.9,1,106.88,5,106.84,10,106.83,8,106.82,5,106.81,2,107.1,3,107.12,7,107.14,4,107.17,1,107.18,4,107.19,3,107.2,4,107.21,2,107.22,2,107.24,4
2020-10-29 09:32:40,107.035,107.04,3,106.97,3,107.1,3,107.1,106.97,106.97,3,106.96,13,106.95,10,106.94,3,106.93,6,106.9,1,106.88,5,106.84,10,106.83,8,106.82,5,107.1,3,107.12,7,107.14,4,107.17,1,107.18,4,107.19,3,107.2,4,107.21,2,107.22,2,107.24,4
2020-10-29 09:32:41,107.015,107.08,1,106.95,12,107.08,1,107.08,106.95,106.95,12,106.94,3,106.93,6,106.9,1,106.88,5,106.84,10,106.83,8,106.82,5,106.81,2,106.77,2,107.08,1,107.1,3,107.12,7,107.14,4,107.17,1,107.18,4,107.19,3,107.2,4,107.21,2,107.22,2
2020-10-29 09:32:42,107.04,106.95,1,106.96,5,107.12,7,107.12,106.96,106.96,5,106.95,11,106.94,3,106.93,6,106.9,1,106.88,5,106.84,10,106.83,8,106.82,5,106.81,2,107.12,7,107.14,4,107.17,1,107.18,4,107.19,3,107.2,4,107.21,2,107.22,2,107.24,4,107.25,2
2020-10-29 09:32:43,107.03,106.95,1,106.96,5,107.1,1,107.1,106.96,106.96,5,106.95,11,106.94,3,106.93,6,106.9,1,106.88,5,106.84,10,106.83,8,106.82,5,106.81,2,107.1,1,107.12,7,107.14,4,107.17,1,107.18,4,107.19,3,107.2,4,107.21,2,107.22,2,107.24,4
2020-10-29 09:32:44,107.03,106.95,1,106.96,5,107.1,3,107.1,106.96,106.96,5,106.95,11,106.94,3,106.93,6,106.9,1,106.88,5,106.84,10,106.83,8,106.82,5,106.81,2,107.1,3,107.12,7,107.14,4,107.17,1,107.18,4,107.19,3,107.2,4,107.21,2,107.22,2,107.24,4
2020-10-29 09:32:45,106.99,106.95,1,106.91,6,107.07,2,107.07,106.91,106.91,6,106.9,1,106.88,5,106.84,10,106.83,8,106.82,5,106.81,2,106.77,2,106.76,4,106.75,5,107.07,2,107.08,1,107.1,4,107.12,7,107.14,4,107.17,1,107.18,4,107.19,3,107.2,4,107.21,2
2020-10-29 09:32:47,107.0,106.95,1,106.93,2,107.06,1,107.06,106.93,106.93,2,106.91,6,106.9,1,106.88,5,106.84,10,106.83,8,106.82,5,106.81,2,106.77,2,106.76,4,107.07,2,107.08,1,107.1,4,107.12,7,107.14,4,107.17,1,107.18,4,107.19,3,107.2,4,107.21,2
2020-10-29 09:32:47,107.0,106.95,1,106.93,2,107.07,3,107.07,106.93,106.93,2,106.91,6,106.9,1,106.88,5,106.84,10,106.83,8,106.82,5,106.81,2,106.77,2,106.76,4,107.07,3,107.08,1,107.1,4,107.12,7,107.14,4,107.17,1,107.18,4,107.19,3,107.2,4,107.21,2
2020-10-29 09:32:48,107.02,107.0,1,106.94,6,107.1,6,107.1,106.94,106.94,6,106.93,2,106.91,6,106.9,1,106.88,5,106.84,10,106.83,8,106.82,5,106.81,2,106.77,2,107.1,6,107.12,7,107.14,4,107.17,1,107.18,4,107.19,3,107.2,4,107.21,2,107.22,2,107.24,4
2020-10-29 09:32:49,107.05,107.0,1,107.0,1,107.1,6,107.1,107.0,107.0,1,106.94,6,106.93,2,106.91,6,106.9,1,106.88,5,106.84,10,106.83,8,106.82,5,106.81,2,107.1,6,107.12,7,107.14,4,107.17,1,107.18,4,107.19,3,107.2,4,107.21,2,107.22,2,107.24,4
2020-10-29 09:32:50,107.05,107.0,1,107.0,1,107.1,6,107.1,107.0,107.0,1,106.94,6,106.93,2,106.91,6,106.9,1,106.88,5,106.84,10,106.83,8,106.82,5,106.81,2,107.1,6,107.12,7,107.14,4,107.17,1,107.18,4,107.19,3,107.2,4,107.21,2,107.22,2,107.24,4
2020-10-29 09:32:51,106.985,106.91,1,106.9,2,107.07,3,107.07,106.9,106.9,2,106.88,5,106.84,10,106.83,8,106.82,5,106.81,2,106.77,2,106.76,4,106.75,5,106.74,3,107.07,3,107.08,1,107.09,1,107.1,9,107.12,7,107.14,4,107.17,1,107.18,4,107.19,3,107.2,4
2020-10-29 09:32:52,106.99,107.02,5,106.9,1,107.08,3,107.08,106.9,106.9,1,106.89,2,106.88,7,106.84,10,106.83,8,106.82,5,106.81,2,106.77,2,106.76,4,106.75,5,107.08,3,107.09,1,107.1,9,107.12,7,107.14,4,107.17,1,107.18,4,107.19,3,107.2,4,107.21,2
2020-10-29 09:32:53,106.98,107.07,1,106.88,7,107.08,4,107.08,106.88,106.88,7,106.84,10,106.83,8,106.82,5,106.81,2,106.77,2,106.76,4,106.75,5,106.74,3,106.73,18,107.08,4,107.09,1,107.1,9,107.12,7,107.14,4,107.17,1,107.18,4,107.19,3,107.2,4,107.21,2
2020-10-29 09:32:54,106.99,107.08,3,106.9,2,107.08,4,107.08,106.9,106.9,2,106.88,6,106.84,10,106.83,8,106.82,5,106.81,2,106.77,2,106.76,4,106.75,5,106.74,3,107.08,4,107.09,1,107.1,9,107.12,7,107.14,4,107.17,1,107.18,4,107.19,3,107.2,4,107.21,2
2020-10-29 09:32:55,106.99,107.08,3,106.9,4,107.08,16,107.08,106.9,106.9,4,106.88,6,106.84,10,106.83,8,106.82,5,106.81,2,106.77,2,106.76,4,106.75,5,106.74,3,107.08,16,107.09,1,107.1,9,107.12,7,107.14,4,107.17,1,107.18,4,107.19,3,107.2,4,107.21,2
2020-10-29 09:32:57,106.99,107.08,3,106.9,5,107.08,21,107.08,106.9,106.9,5,106.88,6,106.84,10,106.83,8,106.82,5,106.81,2,106.77,2,106.76,4,106.75,5,106.74,3,107.08,21,107.09,1,107.1,9,107.12,7,107.14,4,107.17,1,107.18,4,107.19,3,107.2,4,107.21,2
2020-10-29 09:32:57,106.99,106.92,1,106.9,6,107.08,21,107.08,106.9,106.9,6,106.88,6,106.84,10,106.83,8,106.82,5,106.81,2,106.77,2,106.76,4,106.75,5,106.74,3,107.08,21,107.09,1,107.1,9,107.12,7,107.14,4,107.17,1,107.18,4,107.19,3,107.2,4,107.21,2
2020-10-29 09:32:59,106.995,106.92,1,106.92,3,107.07,1,107.07,106.92,106.92,3,106.91,7,106.9,9,106.88,6,106.84,10,106.83,8,106.82,5,106.81,2,106.77,2,106.76,4,107.07,1,107.08,20,107.09,1,107.1,9,107.12,7,107.14,4,107.17,1,107.18,4,107.19,3,107.2,4
2020-10-29 09:33:00,106.995,106.92,1,106.92,3,107.07,1,107.07,106.92,106.92,3,106.91,7,106.9,9,106.88,6,106.84,10,106.83,8,106.82,5,106.81,2,106.77,2,106.76,4,107.07,1,107.08,20,107.09,1,107.1,9,107.12,7,107.14,4,107.17,1,107.18,4,107.19,3,107.2,4
2020-10-29 09:33:01,106.995,107.0,1,106.92,3,107.07,11,107.07,106.92,106.92,3,106.91,7,106.9,9,106.88,6,106.84,10,106.83,8,106.82,5,106.81,2,106.77,2,106.76,4,107.07,11,107.08,20,107.09,1,107.1,9,107.12,7,107.14,4,107.17,1,107.18,4,107.19,3,107.2,4
2020-10-29 09:33:02,106.99,107.01,1,106.92,3,107.06,1,107.06,106.92,106.92,3,106.91,7,106.9,9,106.88,6,106.84,10,106.83,8,106.82,5,106.81,2,106.77,2,106.76,4,107.06,1,107.07,13,107.08,20,107.09,1,107.1,9,107.12,7,107.14,4,107.17,1,107.18,4,107.19,3
2020-10-29 09:33:03,106.99,106.93,1,106.92,6,107.06,8,107.06,106.92,106.92,6,106.91,7,106.9,9,106.88,6,106.84,10,106.83,8,106.82,5,106.81,2,106.77,2,106.76,4,107.06,8,107.07,13,107.08,20,107.09,1,107.1,9,107.12,7,107.14,4,107.17,1,107.18,4,107.19,3
2020-10-29 09:33:04,107.005,107.0,1,106.94,2,107.07,16,107.07,106.94,106.94,2,106.93,13,106.92,11,106.91,7,106.9,9,106.88,6,106.84,10,106.83,8,106.82,5,106.81,2,107.07,16,107.08,20,107.09,1,107.1,9,107.12,7,107.14,4,107.17,1,107.18,4,107.19,3,107.2,4
2020-10-29 09:33:05,107.01,106.98,1,106.95,11,107.07,18,107.07,106.95,106.95,11,106.94,16,106.93,13,106.92,11,106.91,7,106.9,9,106.88,6,106.84,10,106.83,8,106.82,5,107.07,18,107.08,20,107.09,1,107.1,9,107.12,7,107.14,4,107.17,1,107.18,4,107.19,3,107.2,4
2020-10-29 09:33:06,107.005,107.01,1,106.95,11,107.06,1,107.06,106.95,106.95,11,106.94,16,106.93,13,106.92,11,106.91,7,106.9,9,106.88,6,106.84,10,106.83,8,106.82,5,107.06,1,107.07,18,107.08,20,107.09,1,107.1,9,107.12,7,107.14,4,107.17,1,107.18,4,107.19,3
2020-10-29 09:33:07,107.01,107.01,1,106.96,4,107.06,1,107.06,106.96,106.96,4,106.95,11,106.94,16,106.93,13,106.92,11,106.91,7,106.9,9,106.88,6,106.84,10,106.83,8,107.06,1,107.07,18,107.08,20,107.09,1,107.1,9,107.12,7,107.14,4,107.17,1,107.18,4,107.19,3
2020-10-29 09:33:08,107.005,106.99,1,106.95,5,107.06,8,107.06,106.95,106.95,5,106.94,16,106.93,13,106.92,11,106.91,7,106.9,9,106.88,6,106.84,10,106.83,8,106.82,5,107.06,8,107.07,18,107.08,20,107.09,1,107.1,9,107.12,7,107.14,4,107.17,1,107.18,4,107.19,3
2020-10-29 09:33:09,107.01,106.99,1,106.96,4,107.06,9,107.06,106.96,106.96,4,106.95,6,106.94,16,106.93,13,106.92,11,106.91,7,106.9,9,106.88,6,106.84,10,106.83,8,107.06,9,107.07,18,107.08,20,107.09,1,107.1,9,107.12,7,107.14,4,107.17,1,107.18,4,107.19,3
2020-10-29 09:33:10,106.995,106.95,1,106.94,5,107.05,10,107.05,106.94,106.94,5,106.93,4,106.92,13,106.91,7,106.9,9,106.88,6,106.84,10,106.83,8,106.82,5,106.81,2,107.05,10,107.06,8,107.07,18,107.08,20,107.09,1,107.1,9,107.12,7,107.14,4,107.17,1,107.18,4
2020-10-29 09:33:11,107.03,106.96,1,107.0,1,107.06,14,107.06,107.0,107.0,1,106.95,14,106.94,10,106.93,4,106.92,13,106.91,7,106.9,9,106.88,6,106.84,10,106.83,8,107.06,14,107.07,18,107.08,20,107.09,1,107.1,9,107.12,7,107.14,4,107.17,1,107.18,4,107.19,3
2020-10-29 09:33:12,107.03,106.96,1,107.0,4,107.06,14,107.06,107.0,107.0,4,106.95,14,106.94,10,106.93,4,106.92,13,106.91,7,106.9,9,106.88,6,106.84,10,106.83,8,107.06,14,107.07,18,107.08,20,107.09,1,107.1,9,107.12,7,107.14,4,107.17,1,107.18,4,107.19,3
2020-10-29 09:33:13,107.03,106.96,1,107.0,4,107.06,14,107.06,107.0,107.0,4,106.95,14,106.94,10,106.93,4,106.92,13,106.91,7,106.9,9,106.88,6,106.84,10,106.83,8,107.06,14,107.07,18,107.08,20,107.09,1,107.1,9,107.12,7,107.14,4,107.17,1,107.18,4,107.19,3
2020-10-29 09:33:14,107.06,107.07,1,107.01,1,107.11,6,107.11,107.01,107.01,1,107.0,4,106.95,14,106.94,10,106.93,4,106.92,13,106.91,7,106.9,9,106.88,6,106.84,10,107.11,6,107.12,7,107.14,4,107.17,1,107.18,4,107.19,3,107.2,4,107.21,2,107.22,2,107.24,4
2020-10-29 09:33:15,107.07,107.07,1,107.03,1,107.11,6,107.11,107.03,107.03,1,107.01,2,107.0,4,106.95,14,106.94,10,106.93,4,106.92,13,106.91,7,106.9,9,106.88,6,107.11,6,107.12,7,107.14,4,107.17,1,107.18,4,107.19,3,107.2,4,107.21,2,107.22,2,107.24,4
2020-10-29 09:33:16,107.06,107.03,1,107.01,7,107.11,6,107.11,107.01,107.01,7,107.0,4,106.95,14,106.94,10,106.93,4,106.92,13,106.91,7,106.9,9,106.88,6,106.84,10,107.11,6,107.12,7,107.14,4,107.17,1,107.18,4,107.19,3,107.2,4,107.21,2,107.22,2,107.24,4
2020-10-29 09:33:17,107.06,107.03,1,107.01,6,107.11,7,107.11,107.01,107.01,6,107.0,4,106.95,14,106.94,10,106.93,4,106.92,13,106.91,7,106.9,9,106.88,6,106.84,10,107.11,7,107.12,7,107.14,4,107.17,1,107.18,4,107.19,3,107.2,4,107.21,2,107.22,2,107.24,4
2020-10-29 09:33:18,107.06,107.03,1,107.01,6,107.11,7,107.11,107.01,107.01,6,107.0,4,106.95,14,106.94,10,106.93,4,106.92,13,106.91,7,106.9,9,106.88,6,106.84,10,107.11,7,107.12,7,107.14,4,107.17,1,107.18,4,107.19,3,107.2,4,107.21,2,107.22,2,107.24,4
2020-10-29 09:33:18,107.06,107.03,1,107.01,6,107.11,7,107.11,107.01,107.01,6,107.0,4,106.95,14,106.94,10,106.93,4,106.92,13,106.91,7,106.9,9,106.88,6,106.84,10,107.11,7,107.12,7,107.14,4,107.17,1,107.18,4,107.19,3,107.2,4,107.21,2,107.22,2,107.24,4
2020-10-29 09:33:20,107.06,107.03,1,107.01,6,107.11,7,107.11,107.01,107.01,6,107.0,4,106.95,14,106.94,10,106.93,4,106.92,13,106.91,7,106.9,9,106.88,6,106.84,10,107.11,7,107.12,7,107.14,4,107.17,1,107.18,4,107.19,3,107.2,4,107.21,2,107.22,2,107.24,4
2020-10-29 09:33:21,107.06,107.03,1,107.01,6,107.11,7,107.11,107.01,107.01,6,107.0,4,106.95,14,106.94,10,106.93,4,106.92,13,106.91,7,106.9,9,106.88,6,106.84,10,107.11,7,107.12,7,107.14,4,107.17,1,107.18,4,107.19,3,107.2,4,107.21,2,107.22,2,107.24,4
2020-10-29 09:33:22,107.175,107.18,1,107.11,10,107.24,13,107.24,107.11,107.11,10,107.1,1,107.09,1,107.01,7,107.0,4,106.95,14,106.94,10,106.93,4,106.92,13,106.91,7,107.24,13,107.25,9,107.27,6,107.29,13,107.3,2,107.4,10,107.48,2,107.49,1,107.8,1,,
2020-10-29 09:33:23,107.175,107.18,1,107.11,10,107.24,13,107.24,107.11,107.11,10,107.1,1,107.09,1,107.01,7,107.0,4,106.95,14,106.94,10,106.93,4,106.92,13,106.91,7,107.24,13,107.25,9,107.27,6,107.29,13,107.3,2,107.4,10,107.48,2,107.49,1,107.8,1,,
2020-10-29 09:33:24,107.175,107.18,1,107.11,10,107.24,13,107.24,107.11,107.11,10,107.1,1,107.09,1,107.01,7,107.0,4,106.95,14,106.94,10,106.93,4,106.92,13,106.91,7,107.24,13,107.25,9,107.27,6,107.29,13,107.3,2,107.4,10,107.48,2,107.49,1,107.8,1,,
2020-10-29 09:33:25,107.21,107.24,1,107.17,8,107.25,9,107.25,107.17,107.17,8,107.14,1,107.12,12,107.11,9,107.1,1,107.09,1,107.01,7,107.0,4,106.95,14,106.94,10,107.25,9,107.27,6,107.29,13,107.3,2,107.4,10,107.48,2,107.49,1,107.8,1,,,,
2020-10-29 09:33:26,107.21,107.18,1,107.17,8,107.25,9,107.25,107.17,107.17,8,107.14,1,107.12,12,107.11,9,107.1,1,107.09,1,107.01,7,107.0,4,106.95,14,106.94,10,107.25,9,107.27,6,107.29,13,107.3,2,107.4,10,107.48,2,107.49,1,107.8,1,,,,
2020-10-29 09:33:27,107.21,107.18,1,107.17,8,107.25,9,107.25,107.17,107.17,8,107.14,1,107.12,12,107.11,9,107.1,1,107.09,1,107.01,7,107.0,4,106.95,14,106.94,10,107.25,9,107.27,6,107.29,13,107.3,2,107.4,10,107.48,2,107.49,1,107.8,1,,,,
2020-10-29 09:33:28,107.21,107.18,1,107.17,8,107.25,9,107.25,107.17,107.17,8,107.14,1,107.12,12,107.11,9,107.1,1,107.09,1,107.01,7,107.0,4,106.95,14,106.94,10,107.25,9,107.27,6,107.29,13,107.3,2,107.4,10,107.48,2,107.49,1,107.8,1,,,,
2020-10-29 09:33:29,107.3,107.3,5,107.25,3,107.35,2,107.35,107.25,107.25,3,107.19,8,107.18,5,107.17,8,107.14,1,107.12,12,107.11,9,107.1,1,107.09,1,107.01,7,107.35,2,107.4,10,107.48,2,107.49,1,107.8,1,,,,,,,,,,
2020-10-29 09:33:30,107.3,107.3,5,107.25,3,107.35,2,107.35,107.25,107.25,3,107.19,8,107.18,5,107.17,8,107.14,1,107.12,12,107.11,9,107.1,1,107.09,1,107.01,7,107.35,2,107.4,10,107.48,2,107.49,1,107.8,1,,,,,,,,,,
2020-10-29 09:33:31,107.3,107.3,5,107.25,3,107.35,2,107.35,107.25,107.25,3,107.19,8,107.18,5,107.17,8,107.14,1,107.12,12,107.11,9,107.1,1,107.09,1,107.01,7,107.35,2,107.4,10,107.48,2,107.49,1,107.8,1,,,,,,,,,,
2020-10-29 09:33:32,107.3,107.3,5,107.26,3,107.34,1,107.34,107.26,107.26,3,107.25,3,107.19,8,107.18,5,107.17,8,107.14,1,107.12,12,107.11,9,107.1,1,107.09,1,107.34,1,107.35,2,107.4,10,107.48,2,107.49,1,107.8,1,,,,,,,,
2020-10-29 09:33:33,107.295,107.3,5,107.25,4,107.34,1,107.34,107.25,107.25,4,107.19,8,107.18,5,107.17,8,107.14,1,107.12,12,107.11,9,107.1,1,107.09,1,107.01,7,107.34,1,107.35,2,107.4,10,107.48,2,107.49,1,107.8,1,,,,,,,,
2020-10-29 09:33:34,107.27,107.27,2,107.21,1,107.33,14,107.33,107.21,107.21,1,107.2,5,107.19,8,107.18,5,107.17,8,107.14,1,107.12,12,107.11,9,107.1,1,107.09,1,107.33,14,107.34,9,107.35,2,107.4,10,107.48,2,107.49,1,107.8,1,,,,,,
2020-10-29 09:33:35,107.255,107.27,3,107.21,2,107.3,3,107.3,107.21,107.21,2,107.2,5,107.19,8,107.18,5,107.17,8,107.14,1,107.12,12,107.11,9,107.1,1,107.09,1,107.3,3,107.33,15,107.34,8,107.35,2,107.4,10,107.48,2,107.49,1,107.8,1,,,,
2020-10-29 09:33:36,107.195,107.18,1,107.14,2,107.25,2,107.25,107.14,107.14,2,107.12,12,107.11,9,107.1,1,107.09,1,107.01,7,107.0,4,106.95,14,106.94,10,106.93,4,107.25,2,107.27,2,107.28,2,107.29,1,107.3,3,107.33,15,107.34,8,107.35,2,107.4,10,107.48,2
2020-10-29 09:33:37,107.195,107.18,1,107.14,2,107.25,2,107.25,107.14,107.14,2,107.12,12,107.11,9,107.1,1,107.09,1,107.01,7,107.0,4,106.95,14,106.94,10,106.93,4,107.25,2,107.27,2,107.28,2,107.29,1,107.3,3,107.33,15,107.34,8,107.35,2,107.4,10,107.48,2
2020-10-29 09:33:38,107.195,107.25,1,107.14,6,107.25,2,107.25,107.14,107.14,6,107.12,12,107.11,9,107.1,1,107.09,1,107.01,7,107.0,4,106.95,14,106.94,10,106.93,4,107.25,2,107.29,1,107.3,9,107.33,15,107.34,8,107.35,2,107.4,10,107.48,2,107.49,1,107.8,1
2020-10-29 09:33:39,107.195,107.24,1,107.14,6,107.25,2,107.25,107.14,107.14,6,107.12,12,107.11,9,107.1,1,107.09,1,107.01,7,107.0,4,106.95,14,106.94,10,106.93,4,107.25,2,107.29,1,107.3,9,107.33,15,107.34,8,107.35,2,107.4,10,107.48,2,107.49,1,107.8,1
2020-10-29 09:33:40,107.195,107.24,1,107.14,6,107.25,2,107.25,107.14,107.14,6,107.12,12,107.11,9,107.1,1,107.09,1,107.01,7,107.0,4,106.95,14,106.94,10,106.93,4,107.25,2,107.29,1,107.3,9,107.33,15,107.34,8,107.35,2,107.4,10,107.48,2,107.49,1,107.8,1
2020-10-29 09:33:41,107.195,107.24,1,107.14,6,107.25,2,107.25,107.14,107.14,6,107.12,12,107.11,9,107.1,1,107.09,1,107.01,7,107.0,4,106.95,14,106.94,10,106.93,4,107.25,2,107.29,1,107.3,9,107.33,15,107.34,8,107.35,2,107.4,10,107.48,2,107.49,1,107.8,1
2020-10-29 09:33:42,107.195,107.2,3,107.14,7,107.25,2,107.25,107.14,107.14,7,107.12,12,107.11,9,107.1,1,107.09,1,107.01,7,107.0,4,106.95,14,106.94,10,106.93,4,107.25,2,107.29,1,107.3,9,107.33,15,107.34,8,107.35,2,107.4,10,107.48,2,107.49,1,107.8,1
2020-10-29 09:33:43,107.185,107.2,3,107.14,7,107.23,2,107.23,107.14,107.14,7,107.12,12,107.11,9,107.1,1,107.09,1,107.01,7,107.0,4,106.95,14,106.94,10,106.93,4,107.23,2,107.25,2,107.29,1,107.3,9,107.33,15,107.34,8,107.35,2,107.4,10,107.48,2,107.49,1
2020-10-29 09:33:44,107.185,107.2,3,107.14,7,107.23,2,107.23,107.14,107.14,7,107.12,12,107.11,9,107.1,1,107.09,1,107.01,7,107.0,4,106.95,14,106.94,10,106.93,4,107.23,2,107.25,2,107.29,1,107.3,9,107.33,15,107.34,8,107.35,2,107.4,10,107.48,2,107.49,1
2020-10-29 09:33:45,107.22,107.23,1,107.15,3,107.29,6,107.29,107.15,107.15,3,107.14,7,107.12,12,107.11,9,107.1,1,107.09,1,107.01,7,107.0,4,106.95,14,106.94,10,107.29,6,107.3,9,107.33,15,107.34,8,107.35,2,107.4,10,107.48,2,107.49,1,107.8,1,,
2020-10-29 09:33:46,107.22,107.22,1,107.15,3,107.29,6,107.29,107.15,107.15,3,107.14,7,107.12,12,107.11,9,107.1,1,107.09,1,107.01,7,107.0,4,106.95,14,106.94,10,107.29,6,107.3,9,107.33,15,107.34,8,107.35,2,107.4,10,107.48,2,107.49,1,107.8,1,,
2020-10-29 09:33:48,107.22,107.22,1,107.15,3,107.29,7,107.29,107.15,107.15,3,107.14,7,107.12,12,107.11,9,107.1,1,107.09,1,107.01,7,107.0,4,106.95,14,106.94,10,107.29,7,107.3,9,107.33,15,107.34,8,107.35,2,107.4,10,107.48,2,107.49,1,107.8,1,,
2020-10-29 09:33:48,107.225,107.27,1,107.16,5,107.29,7,107.29,107.15,107.16,5,107.15,7,107.14,7,107.12,12,107.11,9,107.1,1,107.09,1,107.01,7,107.0,4,106.95,14,107.29,7,107.3,9,107.33,15,107.34,8,107.35,2,107.4,10,107.48,2,107.49,1,107.8,1,,
2020-10-29 09:33:49,107.225,107.27,1,107.16,1,107.29,7,107.29,107.16,107.16,1,107.15,5,107.14,9,107.12,12,107.11,9,107.1,1,107.09,1,107.01,7,107.0,4,106.95,14,107.29,7,107.3,9,107.33,15,107.34,8,107.35,2,107.4,10,107.48,2,107.49,1,107.8,1,,
2020-10-29 09:33:50,107.225,107.27,1,107.16,2,107.29,7,107.29,107.16,107.16,2,107.15,5,107.14,9,107.12,12,107.11,9,107.1,1,107.09,1,107.01,7,107.0,4,106.95,14,107.29,7,107.3,9,107.33,15,107.34,8,107.35,2,107.4,10,107.48,2,107.49,1,107.8,1,,
2020-10-29 09:33:51,107.225,107.29,1,107.16,13,107.29,15,107.29,107.16,107.16,13,107.15,5,107.14,9,107.12,12,107.11,9,107.1,1,107.09,1,107.01,7,107.0,4,106.95,14,107.29,15,107.3,9,107.33,15,107.34,8,107.35,2,107.4,10,107.48,2,107.49,1,107.8,1,,
2020-10-29 09:33:52,107.245,107.23,3,107.2,1,107.29,17,107.29,107.2,107.2,1,107.16,20,107.15,5,107.14,9,107.12,12,107.11,9,107.1,1,107.09,1,107.01,7,107.0,4,107.29,17,107.3,9,107.33,15,107.34,8,107.35,2,107.4,10,107.48,2,107.49,1,107.8,1,,
2020-10-29 09:33:53,107.245,107.23,3,107.2,1,107.29,17,107.29,107.2,107.2,1,107.16,20,107.15,5,107.14,9,107.12,12,107.11,9,107.1,1,107.09,1,107.01,7,107.0,4,107.29,17,107.3,9,107.33,15,107.34,8,107.35,2,107.4,10,107.48,2,107.49,1,107.8,1,,
2020-10-29 09:33:54,107.24,107.2,1,107.2,6,107.28,3,107.28,107.2,107.2,6,107.16,20,107.15,5,107.14,9,107.12,12,107.11,9,107.1,1,107.09,1,107.01,7,107.0,4,107.28,3,107.29,17,107.3,9,107.33,15,107.34,8,107.35,2,107.4,10,107.48,2,107.49,1,107.8,1
2020-10-29 09:33:55,107.24,107.2,1,107.2,5,107.28,3,107.28,107.2,107.2,5,107.16,20,107.15,5,107.14,9,107.12,12,107.11,9,107.1,1,107.09,1,107.01,7,107.0,4,107.28,3,107.29,17,107.3,9,107.33,15,107.34,8,107.35,2,107.4,10,107.48,2,107.49,1,107.8,1
2020-10-29 09:33:56,107.3,107.29,1,107.25,10,107.35,1,107.35,107.25,107.25,10,107.24,2,107.22,3,107.21,3,107.2,5,107.16,20,107.15,5,107.14,9,107.12,12,107.11,9,107.35,1,107.36,1,107.4,10,107.48,2,107.49,1,107.8,1,,,,,,,,
2020-10-29 09:33:57,107.3,107.29,1,107.25,9,107.35,1,107.35,107.25,107.25,9,107.24,2,107.22,3,107.21,3,107.2,5,107.16,20,107.15,5,107.14,9,107.12,12,107.11,9,107.35,1,107.4,11,107.48,2,107.49,1,107.8,1,,,,,,,,,,
2020-10-29 09:33:58,107.3,107.35,1,107.25,10,107.35,3,107.35,107.25,107.25,10,107.24,2,107.22,3,107.21,3,107.2,5,107.16,20,107.15,5,107.14,9,107.12,12,107.11,9,107.35,3,107.39,3,107.4,11,107.48,2,107.49,1,107.8,1,,,,,,,,
2020-10-29 09:33:59,107.3,107.35,1,107.25,10,107.35,3,107.35,107.25,107.25,10,107.24,2,107.22,3,107.21,3,107.2,5,107.16,20,107.15,5,107.14,9,107.12,12,107.11,9,107.35,3,107.39,3,107.4,11,107.48,2,107.49,1,107.8,1,,,,,,,,
2020-10-29 09:34:00,107.3,107.35,1,107.25,10,107.35,5,107.35,107.25,107.25,10,107.24,2,107.22,3,107.21,3,107.2,5,107.16,20,107.15,5,107.14,9,107.12,12,107.11,9,107.35,5,107.39,3,107.4,11,107.48,2,107.49,1,107.8,1,,,,,,,,
2020-10-29 09:34:01,107.24,107.16,1,107.16,13,107.32,3,107.32,107.16,107.16,13,107.15,4,107.14,8,107.12,12,107.11,9,107.1,1,107.09,1,107.01,7,107.0,4,106.95,14,107.32,3,107.33,7,107.35,8,107.39,3,107.4,11,107.48,2,107.49,1,107.8,1,,,,
2020-10-29 09:34:02,107.235,107.26,3,107.17,2,107.3,3,107.3,107.17,107.17,2,107.16,13,107.15,4,107.14,8,107.12,12,107.11,9,107.1,1,107.09,1,107.01,7,107.0,4,107.3,3,107.33,8,107.35,8,107.39,3,107.4,11,107.48,2,107.49,1,107.8,1,,,,
2020-10-29 09:34:03,107.265,107.26,3,107.23,1,107.3,4,107.3,107.23,107.23,1,107.18,5,107.17,2,107.16,13,107.15,4,107.14,8,107.12,12,107.11,9,107.1,1,107.09,1,107.3,4,107.33,8,107.35,8,107.39,3,107.4,11,107.48,2,107.49,1,107.8,1,,,,
2020-10-29 09:34:04,107.265,107.26,3,107.23,5,107.3,2,107.3,107.23,107.23,5,107.18,5,107.17,2,107.16,13,107.15,4,107.14,8,107.12,12,107.11,9,107.1,1,107.09,1,107.3,2,107.33,8,107.35,8,107.39,3,107.4,11,107.48,2,107.49,1,107.8,1,,,,
2020-10-29 09:34:05,107.28,107.3,1,107.23,7,107.33,12,107.33,107.23,107.23,7,107.18,5,107.17,2,107.16,13,107.15,4,107.14,8,107.12,12,107.11,9,107.1,1,107.09,1,107.33,12,107.35,8,107.39,3,107.4,11,107.48,2,107.49,1,107.8,1,,,,,,
2020-10-29 09:34:06,107.285,107.3,1,107.24,2,107.33,12,107.33,107.24,107.24,2,107.23,5,107.18,5,107.17,2,107.16,13,107.15,4,107.14,8,107.12,12,107.11,9,107.1,1,107.33,12,107.35,8,107.39,3,107.4,11,107.48,2,107.49,1,107.8,1,,,,,,
2020-10-29 09:34:07,107.285,107.29,3,107.24,2,107.33,14,107.33,107.24,107.24,2,107.23,5,107.18,5,107.17,2,107.16,13,107.15,4,107.14,8,107.12,12,107.11,9,107.1,1,107.33,14,107.35,8,107.39,3,107.4,11,107.48,2,107.49,1,107.8,1,,,,,,
2020-10-29 09:34:08,107.29,107.27,3,107.25,5,107.33,14,107.33,107.25,107.25,5,107.24,3,107.23,5,107.18,5,107.17,2,107.16,13,107.15,4,107.14,8,107.12,12,107.11,9,107.33,14,107.35,8,107.39,3,107.4,11,107.48,2,107.49,1,107.8,1,,,,,,
2020-10-29 09:34:09,107.285,107.25,1,107.24,6,107.33,17,107.33,107.24,107.24,6,107.23,5,107.18,5,107.17,2,107.16,13,107.15,4,107.14,8,107.12,12,107.11,9,107.1,1,107.33,17,107.35,8,107.39,3,107.4,11,107.48,2,107.49,1,107.8,1,,,,,,
2020-10-29 09:34:10,107.23,107.23,1,107.15,5,107.31,2,107.31,107.15,107.15,5,107.14,10,107.12,12,107.11,9,107.1,1,107.09,1,107.01,7,107.0,4,106.95,14,106.94,10,107.31,2,107.33,17,107.35,8,107.39,3,107.4,11,107.48,2,107.49,1,107.8,1,,,,
2020-10-29 09:34:11,107.265,107.23,1,107.22,1,107.31,5,107.31,107.22,107.22,1,107.16,5,107.15,5,107.14,10,107.12,12,107.11,9,107.1,1,107.09,1,107.01,7,107.0,4,107.31,5,107.33,17,107.35,8,107.39,3,107.4,11,107.48,2,107.49,1,107.8,1,,,,
2020-10-29 09:34:12,107.235,107.23,1,107.17,7,107.3,9,107.3,107.17,107.17,7,107.16,5,107.15,7,107.14,10,107.12,12,107.11,9,107.1,1,107.09,1,107.01,7,107.0,4,107.3,9,107.31,5,107.33,17,107.35,8,107.39,3,107.4,11,107.48,2,107.49,1,107.8,1,,
2020-10-29 09:34:13,107.24,107.3,1,107.18,2,107.3,8,107.3,107.18,107.18,2,107.17,4,107.16,5,107.15,7,107.14,10,107.12,12,107.11,9,107.1,1,107.09,1,107.01,7,107.3,8,107.31,5,107.33,17,107.35,8,107.39,3,107.4,11,107.48,2,107.49,1,107.8,1,,
2020-10-29 09:34:14,107.24,107.3,1,107.18,2,107.3,7,107.3,107.18,107.18,2,107.17,4,107.16,5,107.15,7,107.14,10,107.12,12,107.11,9,107.1,1,107.09,1,107.01,7,107.3,7,107.31,5,107.33,17,107.35,8,107.39,3,107.4,11,107.48,2,107.49,1,107.8,1,,
2020-10-29 09:34:15,107.225,107.23,1,107.16,1,107.29,2,107.29,107.16,107.16,1,107.15,7,107.14,10,107.12,12,107.11,9,107.1,1,107.09,1,107.01,7,107.0,4,106.95,14,107.29,2,107.3,13,107.31,5,107.33,17,107.35,8,107.39,3,107.4,11,107.48,2,107.49,1,107.8,1
2020-10-29 09:34:16,107.225,107.23,1,107.16,14,107.29,14,107.29,107.16,107.16,14,107.15,7,107.14,10,107.12,12,107.11,9,107.1,1,107.09,1,107.01,7,107.0,4,106.95,14,107.29,14,107.3,13,107.31,5,107.33,17,107.35,8,107.39,3,107.4,11,107.48,2,107.49,1,107.8,1
2020-10-29 09:34:17,107.225,107.23,1,107.16,16,107.29,13,107.29,107.16,107.16,16,107.15,7,107.14,10,107.12,12,107.11,9,107.1,1,107.09,1,107.01,7,107.0,4,106.95,14,107.29,13,107.3,13,107.31,5,107.33,17,107.35,8,107.39,3,107.4,11,107.48,2,107.49,1,107.8,1
2020-10-29 09:34:18,107.235,107.24,1,107.18,4,107.29,25,107.29,107.18,107.18,4,107.17,2,107.15,10,107.14,10,107.12,12,107.11,9,107.1,1,107.09,1,107.01,7,107.0,4,107.29,25,107.3,13,107.31,5,107.33,17,107.35,8,107.39,3,107.4,11,107.48,2,107.49,1,107.8,1
2020-10-29 09:34:19,107.24,107.24,1,107.19,2,107.29,19,107.29,107.19,107.19,2,107.18,13,107.17,2,107.15,10,107.14,10,107.12,12,107.11,9,107.1,1,107.09,1,107.01,7,107.29,19,107.3,13,107.31,5,107.33,17,107.35,8,107.39,3,107.4,11,107.48,2,107.49,1,107.8,1
2020-10-29 09:34:20,107.2,107.24,1,107.16,23,107.24,2,107.24,107.16,107.16,23,107.15,11,107.14,10,107.12,12,107.11,9,107.1,1,107.09,1,107.01,7,107.0,4,106.95,14,107.24,2,107.29,21,107.3,13,107.31,5,107.33,17,107.35,8,107.39,3,107.4,11,107.48,2,107.49,1
2020-10-29 09:34:21,107.21,107.24,1,107.17,13,107.25,4,107.25,107.17,107.17,13,107.16,13,107.15,11,107.14,10,107.12,12,107.11,9,107.1,1,107.09,1,107.01,7,107.0,4,107.25,4,107.29,22,107.3,13,107.31,5,107.33,17,107.35,8,107.39,3,107.4,11,107.48,2,107.49,1
2020-10-29 09:34:22,107.21,107.22,5,107.17,7,107.25,4,107.25,107.17,107.17,7,107.16,13,107.15,11,107.14,10,107.12,12,107.11,9,107.1,1,107.09,1,107.01,7,107.0,4,107.25,4,107.29,22,107.3,13,107.31,5,107.33,17,107.35,8,107.39,3,107.4,11,107.48,2,107.49,1
2020-10-29 09:34:23,107.145,107.12,1,107.1,2,107.19,5,107.19,107.1,107.1,2,107.06,3,107.05,8,107.01,7,107.0,4,106.95,14,106.94,10,106.93,4,106.92,13,106.91,7,107.19,5,107.2,10,107.21,2,107.23,1,107.24,7,107.25,8,107.29,22,107.3,13,107.31,5,107.33,17
2020-10-29 09:34:24,107.105,107.1,1,107.05,11,107.16,3,107.16,107.05,107.05,11,107.01,7,107.0,4,106.95,14,106.94,10,106.93,4,106.92,13,106.91,7,106.9,9,106.88,6,107.16,3,107.17,2,107.18,5,107.19,5,107.2,10,107.21,2,107.23,1,107.24,7,107.25,8,107.29,22
2020-10-29 09:34:25,107.11,107.1,1,107.07,2,107.15,4,107.15,107.07,107.07,2,107.06,4,107.05,7,107.01,7,107.0,4,106.95,14,106.94,10,106.93,4,106.92,13,106.91,7,107.15,4,107.16,6,107.17,2,107.18,5,107.19,5,107.2,10,107.21,2,107.23,1,107.24,7,107.25,8
2020-10-29 09:34:26,107.115,107.1,1,107.07,4,107.16,4,107.16,107.07,107.07,4,107.06,4,107.05,7,107.01,7,107.0,4,106.95,14,106.94,10,106.93,4,106.92,13,106.91,7,107.16,4,107.17,2,107.18,5,107.19,5,107.2,10,107.21,2,107.23,1,107.24,7,107.25,8,107.29,22
2020-10-29 09:34:27,107.115,107.1,1,107.08,2,107.15,3,107.15,107.08,107.08,2,107.07,8,107.06,4,107.05,7,107.01,7,107.0,4,106.95,14,106.94,10,106.93,4,106.92,13,107.15,3,107.18,3,107.19,5,107.2,10,107.21,2,107.23,1,107.24,7,107.25,8,107.29,22,107.3,13
2020-10-29 09:34:28,107.155,107.15,1,107.11,4,107.2,14,107.2,107.11,107.11,4,107.1,15,107.08,2,107.07,8,107.06,4,107.05,7,107.01,7,107.0,4,106.95,14,106.94,10,107.2,14,107.21,2,107.23,1,107.24,7,107.25,8,107.29,22,107.3,13,107.31,5,107.33,17,107.35,8
2020-10-29 09:34:29,107.135,107.15,1,107.11,7,107.16,2,107.16,107.11,107.11,7,107.1,15,107.08,2,107.07,8,107.06,4,107.05,7,107.01,7,107.0,4,106.95,14,106.94,10,107.16,2,107.2,15,107.21,2,107.23,1,107.24,7,107.25,8,107.29,22,107.3,13,107.31,5,107.33,17
2020-10-29 09:34:30,107.12,107.1,2,107.08,13,107.16,2,107.16,107.08,107.08,13,107.07,5,107.06,8,107.05,7,107.01,7,107.0,4,106.95,14,106.94,10,106.93,4,106.92,13,107.16,2,107.2,15,107.21,2,107.23,1,107.24,7,107.25,8,107.29,22,107.3,13,107.31,5,107.33,17
2020-10-29 09:34:31,107.125,107.15,1,107.09,4,107.16,3,107.16,107.08,107.09,4,107.08,16,107.07,5,107.06,8,107.05,7,107.01,7,107.0,4,106.95,14,106.94,10,106.93,4,107.16,3,107.2,15,107.21,2,107.23,1,107.24,7,107.25,8,107.29,22,107.3,13,107.31,5,107.33,17
2020-10-29 09:34:32,107.115,107.12,1,107.09,1,107.14,1,107.14,107.09,107.09,1,107.08,8,107.07,5,107.06,8,107.05,7,107.01,7,107.0,4,106.95,14,106.94,10,106.93,4,107.14,1,107.15,2,107.16,3,107.2,15,107.21,2,107.23,1,107.24,7,107.25,8,107.29,22,107.3,13
2020-10-29 09:34:33,107.125,107.09,1,107.09,1,107.16,9,107.16,107.09,107.09,1,107.08,8,107.07,5,107.06,8,107.05,7,107.01,7,107.0,4,106.95,14,106.94,10,106.93,4,107.16,9,107.2,15,107.21,2,107.23,1,107.24,7,107.25,8,107.29,22,107.3,13,107.31,5,107.33,17
2020-10-29 09:34:34,107.11,107.08,1,107.08,1,107.14,12,107.14,107.08,107.08,1,107.07,13,107.06,8,107.05,7,107.01,7,107.0,4,106.95,14,106.94,10,106.93,4,106.92,13,107.14,12,107.15,1,107.16,17,107.2,15,107.21,2,107.23,1,107.24,7,107.25,8,107.29,22,107.3,13
2020-10-29 09:34:35,107.05,107.06,2,107.01,5,107.09,2,107.09,107.01,107.01,5,107.0,7,106.95,14,106.94,10,106.93,4,106.92,13,106.91,7,106.9,9,106.88,6,106.84,10,107.09,2,107.1,1,107.11,1,107.13,3,107.14,10,107.15,1,107.16,17,107.2,15,107.21,2,107.23,1
2020-10-29 09:34:36,107.05,107.06,2,107.01,7,107.09,2,107.09,107.01,107.01,7,107.0,7,106.95,14,106.94,10,106.93,4,106.92,13,106.91,7,106.9,9,106.88,6,106.84,10,107.09,2,107.1,1,107.11,1,107.13,3,107.14,10,107.15,1,107.16,17,107.2,15,107.21,2,107.23,1
2020-10-29 09:34:37,107.05,107.01,1,107.01,7,107.09,2,107.09,107.01,107.01,7,107.0,7,106.95,14,106.94,10,106.93,4,106.92,13,106.91,7,106.9,9,106.88,6,106.84,10,107.09,2,107.1,1,107.11,1,107.13,3,107.14,10,107.15,1,107.16,17,107.2,15,107.21,2,107.23,1
2020-10-29 09:34:38,107.05,107.05,1,107.01,7,107.09,6,107.09,107.01,107.01,7,107.0,7,106.95,14,106.94,10,106.93,4,106.92,13,106.91,7,106.9,9,106.88,6,106.84,10,107.09,6,107.1,1,107.11,1,107.13,3,107.14,10,107.15,1,107.16,17,107.2,15,107.21,2,107.23,1
2020-10-29 09:34:39,106.985,107.0,1,106.97,5,107.0,2,107.0,106.97,106.97,5,106.95,14,106.94,10,106.93,4,106.92,13,106.91,7,106.9,9,106.88,6,106.84,10,106.83,8,107.0,2,107.07,3,107.08,4,107.09,6,107.1,1,107.11,1,107.13,3,107.14,10,107.15,1,107.16,17
2020-10-29 09:34:40,106.96,106.95,1,106.92,15,107.0,3,107.0,106.92,106.92,15,106.91,7,106.9,9,106.88,6,106.84,10,106.83,8,106.82,5,106.81,2,106.77,2,106.76,4,107.0,3,107.07,3,107.08,4,107.09,6,107.1,1,107.11,1,107.13,3,107.14,10,107.15,1,107.16,17
2020-10-29 09:34:41,106.96,107.0,1,106.92,15,107.0,3,107.0,106.92,106.92,15,106.91,7,106.9,9,106.88,6,106.84,10,106.83,8,106.82,5,106.81,2,106.77,2,106.76,4,107.0,3,107.07,3,107.08,4,107.09,6,107.1,1,107.11,1,107.13,3,107.14,10,107.15,1,107.16,17
2020-10-29 09:34:42,106.96,106.98,1,106.92,19,107.0,4,107.0,106.92,106.92,19,106.91,7,106.9,9,106.88,6,106.84,10,106.83,8,106.82,5,106.81,2,106.77,2,106.76,4,107.0,4,107.07,3,107.08,4,107.09,6,107.1,1,107.11,1,107.13,3,107.14,10,107.15,1,107.16,17
2020-10-29 09:34:43,106.95,106.98,1,106.92,14,106.98,3,106.98,106.92,106.92,14,106.91,7,106.9,9,106.88,6,106.84,10,106.83,8,106.82,5,106.81,2,106.77,2,106.76,4,106.98,3,106.99,1,107.0,8,107.07,3,107.08,4,107.09,6,107.1,1,107.11,1,107.13,3,107.14,10
2020-10-29 09:34:44,106.96,106.98,1,106.92,14,107.0,8,107.0,106.92,106.92,14,106.91,7,106.9,9,106.88,6,106.84,10,106.83,8,106.82,5,106.81,2,106.77,2,106.76,4,107.0,8,107.07,3,107.08,4,107.09,6,107.1,1,107.11,1,107.13,3,107.14,10,107.15,1,107.16,17
2020-10-29 09:34:45,106.955,106.98,1,106.92,17,106.99,2,106.99,106.92,106.92,17,106.91,7,106.9,9,106.88,6,106.84,10,106.83,8,106.82,5,106.81,2,106.77,2,106.76,4,106.99,2,107.0,7,107.07,3,107.08,4,107.09,6,107.1,1,107.11,1,107.13,3,107.14,10,107.15,1
2020-10-29 09:34:46,106.955,106.92,2,106.92,17,106.99,3,106.99,106.92,106.92,17,106.91,7,106.9,9,106.88,6,106.84,10,106.83,8,106.82,5,106.81,2,106.77,2,106.76,4,106.99,3,107.0,7,107.07,3,107.08,4,107.09,6,107.1,1,107.11,1,107.13,3,107.14,10,107.15,1
2020-10-29 09:34:47,106.955,106.92,2,106.92,17,106.99,3,106.99,106.92,106.92,17,106.91,7,106.9,9,106.88,6,106.84,10,106.83,8,106.82,5,106.81,2,106.77,2,106.76,4,106.99,3,107.0,7,107.07,3,107.08,4,107.09,6,107.1,1,107.11,1,107.13,3,107.14,10,107.15,1
2020-10-29 09:34:49,106.955,106.92,2,106.92,14,106.99,8,106.99,106.92,106.92,14,106.91,7,106.9,9,106.88,6,106.84,10,106.83,8,106.82,5,106.81,2,106.77,2,106.76,4,106.99,8,107.0,7,107.07,3,107.08,4,107.09,6,107.1,1,107.11,1,107.13,3,107.14,10,107.15,1
2020-10-29 09:34:50,106.92,106.91,1,106.89,1,106.95,3,106.95,106.89,106.89,1,106.88,6,106.84,10,106.83,8,106.82,5,106.81,2,106.77,2,106.76,4,106.75,5,106.74,3,106.95,3,106.96,1,106.98,14,106.99,3,107.0,7,107.07,3,107.08,4,107.09,6,107.1,1,107.11,1
2020-10-29 09:34:51,106.92,106.92,1,106.89,3,106.95,2,106.95,106.89,106.89,3,106.88,6,106.84,10,106.83,8,106.82,5,106.81,2,106.77,2,106.76,4,106.75,5,106.74,3,106.95,2,106.96,1,106.98,14,106.99,3,107.0,7,107.07,3,107.08,4,107.09,6,107.1,1,107.11,1
2020-10-29 09:34:52,106.95,106.95,1,106.91,1,106.99,6,106.99,106.91,106.91,1,106.89,3,106.88,6,106.84,10,106.83,8,106.82,5,106.81,2,106.77,2,106.76,4,106.75,5,106.99,6,107.0,7,107.07,3,107.08,4,107.09,6,107.1,1,107.11,1,107.13,3,107.14,10,107.15,1
2020-10-29 09:34:53,106.94,106.99,1,106.91,7,106.97,1,106.97,106.91,106.91,7,106.89,3,106.88,6,106.84,10,106.83,8,106.82,5,106.81,2,106.77,2,106.76,4,106.75,5,106.97,1,106.98,1,106.99,6,107.0,7,107.07,3,107.08,4,107.09,6,107.1,1,107.11,1,107.13,3
2020-10-29 09:34:54,106.98,106.99,2,106.94,5,107.02,1,107.02,106.94,106.94,5,106.92,5,106.91,7,106.89,3,106.88,6,106.84,10,106.83,8,106.82,5,106.81,2,106.77,2,107.02,1,107.03,1,107.04,2,107.05,2,107.06,3,107.08,13,107.09,11,107.1,1,107.11,1,107.13,3
2020-10-29 09:34:55,106.945,106.99,2,106.91,6,106.98,1,106.98,106.91,106.91,6,106.89,3,106.88,6,106.84,10,106.83,8,106.82,5,106.81,2,106.77,2,106.76,4,106.75,5,106.98,1,106.99,1,107.0,1,107.01,1,107.09,11,107.1,1,107.11,1,107.13,3,107.14,10,107.15,1
2020-10-29 09:34:55,107.005,106.98,1,106.93,1,107.08,3,107.08,106.93,106.93,1,106.91,6,106.89,3,106.88,6,106.84,10,106.83,8,106.82,5,106.81,2,106.77,2,106.76,4,107.08,3,107.09,11,107.1,1,107.11,1,107.13,3,107.14,10,107.15,1,107.16,17,107.2,15,107.21,2
2020-10-29 09:34:57,107.005,106.98,1,106.93,1,107.08,3,107.08,106.93,106.93,1,106.91,6,106.89,3,106.88,6,106.84,10,106.83,8,106.82,5,106.81,2,106.77,2,106.76,4,107.08,3,107.09,11,107.1,1,107.11,1,107.13,3,107.14,10,107.15,1,107.16,17,107.2,15,107.21,2
2020-10-29 09:34:57,107.005,106.98,1,106.93,3,107.08,3,107.08,106.93,106.93,3,106.91,6,106.89,3,106.88,6,106.84,10,106.83,8,106.82,5,106.81,2,106.77,2,106.76,4,107.08,3,107.09,11,107.1,1,107.11,1,107.13,3,107.14,10,107.15,1,107.16,17,107.2,15,107.21,2
2020-10-29 09:34:59,107.005,106.98,1,106.94,12,107.07,5,107.07,106.94,106.94,12,106.93,9,106.91,6,106.89,3,106.88,6,106.84,10,106.83,8,106.82,5,106.81,2,106.77,2,107.07,5,107.08,19,107.09,11,107.1,1,107.11,1,107.13,3,107.14,10,107.15,1,107.16,17,107.2,15
2020-10-29 09:35:00,107.005,107.06,1,106.94,8,107.07,10,107.07,106.94,106.94,8,106.93,9,106.91,6,106.89,3,106.88,6,106.84,10,106.83,8,106.82,5,106.81,2,106.77,2,107.07,10,107.08,20,107.09,11,107.1,1,107.11,1,107.13,3,107.14,10,107.15,1,107.16,17,107.2,15
2020-10-29 09:35:01,106.955,106.94,1,106.92,1,106.99,2,106.99,106.92,106.92,1,106.91,6,106.89,3,106.88,6,106.84,10,106.83,8,106.82,5,106.81,2,106.77,2,106.76,4,106.99,2,107.01,10,107.02,9,107.03,1,107.04,1,107.05,2,107.06,7,107.07,11,107.08,20,107.09,11
2020-10-29 09:35:02,106.925,106.89,1,106.89,6,106.96,9,106.96,106.89,106.89,6,106.88,6,106.84,10,106.83,8,106.82,5,106.81,2,106.77,2,106.76,4,106.75,5,106.74,3,106.96,9,106.97,11,106.98,10,106.99,12,107.01,10,107.02,9,107.03,1,107.04,1,107.05,2,107.06,7
2020-10-29 09:35:03,106.92,106.89,1,106.88,7,106.96,10,106.96,106.88,106.88,7,106.84,10,106.83,8,106.82,5,106.81,2,106.77,2,106.76,4,106.75,5,106.74,3,106.73,18,106.96,10,106.97,11,106.98,10,106.99,12,107.01,10,107.02,9,107.03,1,107.04,1,107.05,2,107.06,7
2020-10-29 09:35:04,106.92,106.88,1,106.88,8,106.96,10,106.96,106.88,106.88,8,106.84,10,106.83,8,106.82,5,106.81,2,106.77,2,106.76,4,106.75,5,106.74,3,106.73,18,106.96,10,106.97,11,106.98,10,106.99,12,107.01,10,107.02,9,107.03,1,107.04,1,107.05,2,107.06,7
2020-10-29 09:35:05,106.915,106.88,1,106.87,4,106.96,17,106.96,106.87,106.87,4,106.84,10,106.83,8,106.82,5,106.81,2,106.77,2,106.76,4,106.75,5,106.74,3,106.73,18,106.96,17,106.97,11,106.98,10,106.99,12,107.01,10,107.02,9,107.03,1,107.04,1,107.05,2,107.06,7
2020-10-29 09:35:06,106.925,106.88,1,106.87,4,106.98,2,106.98,106.87,106.87,4,106.84,10,106.83,8,106.82,5,106.81,2,106.77,2,106.76,4,106.75,5,106.74,3,106.73,18,106.98,2,107.0,1,107.01,10,107.02,9,107.03,1,107.04,1,107.05,2,107.06,7,107.07,11,107.08,20
2020-10-29 09:35:07,106.94,106.98,1,106.87,4,107.01,20,107.01,106.87,106.87,4,106.84,10,106.83,8,106.82,5,106.81,2,106.77,2,106.76,4,106.75,5,106.74,3,106.73,18,107.01,20,107.02,9,107.03,1,107.04,1,107.05,2,107.06,7,107.07,11,107.08,20,107.09,11,107.1,1
2020-10-29 09:35:08,106.94,106.98,1,106.87,4,107.01,20,107.01,106.87,106.87,4,106.84,10,106.83,8,106.82,5,106.81,2,106.77,2,106.76,4,106.75,5,106.74,3,106.73,18,107.01,20,107.02,9,107.03,1,107.04,1,107.05,2,107.06,7,107.07,11,107.08,20,107.09,11,107.1,1
2020-10-29 09:35:09,106.945,106.94,1,106.89,2,107.0,2,107.0,106.89,106.89,2,106.88,17,106.87,9,106.84,10,106.83,8,106.82,5,106.81,2,106.77,2,106.76,4,106.75,5,107.0,2,107.01,21,107.02,9,107.03,1,107.04,1,107.05,2,107.06,7,107.07,11,107.08,20,107.09,11
2020-10-29 09:35:10,106.94,106.94,1,106.87,11,107.01,23,107.01,106.87,106.87,11,106.84,10,106.83,8,106.82,5,106.81,2,106.77,2,106.76,4,106.75,5,106.74,3,106.73,18,107.01,23,107.02,9,107.03,1,107.04,1,107.05,2,107.06,7,107.07,11,107.08,20,107.09,11,107.1,1
2020-10-29 09:35:11,106.955,106.94,1,106.91,5,107.0,10,107.0,106.91,106.91,5,106.9,1,106.87,11,106.84,10,106.83,8,106.82,5,106.81,2,106.77,2,106.76,4,106.75,5,107.0,10,107.01,27,107.02,9,107.03,1,107.04,1,107.05,2,107.06,7,107.07,11,107.08,20,107.09,11
2020-10-29 09:35:12,106.99,106.99,3,106.93,3,107.05,9,107.05,106.93,106.93,3,106.91,5,106.9,1,106.87,11,106.84,10,106.83,8,106.82,5,106.81,2,106.77,2,106.76,4,107.05,9,107.09,11,107.1,1,107.11,1,107.13,3,107.14,10,107.15,1,107.16,17,107.2,15,107.21,2
2020-10-29 09:35:13,106.99,106.99,1,106.93,3,107.05,22,107.05,106.93,106.93,3,106.91,5,106.9,1,106.87,11,106.84,10,106.83,8,106.82,5,106.81,2,106.77,2,106.76,4,107.05,22,107.09,11,107.1,1,107.11,1,107.13,3,107.14,10,107.15,1,107.16,17,107.2,15,107.21,2
2020-10-29 09:35:14,106.985,106.99,1,106.93,3,107.04,5,107.04,106.93,106.93,3,106.91,5,106.9,1,106.87,11,106.84,10,106.83,8,106.82,5,106.81,2,106.77,2,106.76,4,107.04,5,107.05,24,107.09,11,107.1,1,107.11,1,107.13,3,107.14,10,107.15,1,107.16,17,107.2,15
2020-10-29 09:35:15,106.985,107.03,1,106.93,3,107.04,7,107.04,106.93,106.93,3,106.91,5,106.9,1,106.87,11,106.84,10,106.83,8,106.82,5,106.81,2,106.77,2,106.76,4,107.04,7,107.05,23,107.09,11,107.1,1,107.11,1,107.13,3,107.14,10,107.15,1,107.16,17,107.2,15
2020-10-29 09:35:16,106.975,107.03,1,106.91,1,107.04,12,107.04,106.91,106.91,1,106.9,3,106.87,11,106.84,10,106.83,8,106.82,5,106.81,2,106.77,2,106.76,4,106.75,5,107.04,12,107.05,23,107.09,11,107.1,1,107.11,1,107.13,3,107.14,10,107.15,1,107.16,17,107.2,15
2020-10-29 09:35:17,106.975,107.03,1,106.91,4,107.04,10,107.04,106.91,106.91,4,106.9,4,106.87,11,106.84,10,106.83,8,106.82,5,106.81,2,106.77,2,106.76,4,106.75,5,107.04,10,107.05,23,107.09,11,107.1,1,107.11,1,107.13,3,107.14,10,107.15,1,107.16,17,107.2,15
2020-10-29 09:35:18,106.975,107.03,1,106.91,6,107.04,11,107.04,106.91,106.91,6,106.9,6,106.87,11,106.84,10,106.83,8,106.82,5,106.81,2,106.77,2,106.76,4,106.75,5,107.04,11,107.05,23,107.09,11,107.1,1,107.11,1,107.13,3,107.14,10,107.15,1,107.16,17,107.2,15
2020-10-29 09:35:19,106.965,107.03,1,106.9,6,107.03,6,107.03,106.9,106.9,6,106.87,11,106.84,10,106.83,8,106.82,5,106.81,2,106.77,2,106.76,4,106.75,5,106.74,3,107.03,6,107.04,14,107.05,25,107.09,11,107.1,1,107.11,1,107.13,3,107.14,10,107.15,1,107.16,17
2020-10-29 09:35:20,106.95,107.03,1,106.87,11,107.03,9,107.03,106.87,106.87,11,106.84,10,106.83,8,106.82,5,106.81,2,106.77,2,106.76,4,106.75,5,106.74,3,106.73,18,107.03,9,107.04,1,107.05,24,107.09,11,107.1,1,107.11,1,107.13,3,107.14,10,107.15,1,107.16,17
2020-10-29 09:35:21,106.95,106.9,1,106.87,12,107.03,9,107.03,106.87,106.87,12,106.84,10,106.83,8,106.82,5,106.81,2,106.77,2,106.76,4,106.75,5,106.74,3,106.73,18,107.03,9,107.04,1,107.05,24,107.09,11,107.1,1,107.11,1,107.13,3,107.14,10,107.15,1,107.16,17
2020-10-29 09:35:22,106.95,106.9,1,106.87,12,107.03,9,107.03,106.87,106.87,12,106.84,10,106.83,8,106.82,5,106.81,2,106.77,2,106.76,4,106.75,5,106.74,3,106.73,18,107.03,9,107.04,1,107.05,24,107.09,11,107.1,1,107.11,1,107.13,3,107.14,10,107.15,1,107.16,17
2020-10-29 09:35:23,106.95,106.91,1,106.87,12,107.03,9,107.03,106.87,106.87,12,106.84,10,106.83,8,106.82,5,106.81,2,106.77,2,106.76,4,106.75,5,106.74,3,106.73,18,107.03,9,107.04,1,107.05,24,107.09,11,107.1,1,107.11,1,107.13,3,107.14,10,107.15,1,107.16,17
2020-10-29 09:35:24,106.91,106.86,1,106.84,11,106.98,14,106.98,106.84,106.84,11,106.83,8,106.82,5,106.81,2,106.77,2,106.76,4,106.75,5,106.74,3,106.73,18,106.72,5,106.98,14,106.99,5,107.02,2,107.03,9,107.04,1,107.05,24,107.09,11,107.1,1,107.11,1,107.13,3
2020-10-29 09:35:25,106.905,106.86,1,106.83,11,106.98,19,106.98,106.83,106.83,11,106.82,5,106.81,2,106.77,2,106.76,4,106.75,5,106.74,3,106.73,18,106.72,5,106.71,1,106.98,19,106.99,5,107.02,2,107.03,9,107.04,1,107.05,24,107.09,11,107.1,1,107.11,1,107.13,3
2020-10-29 09:35:26,106.905,106.86,1,106.83,11,106.98,19,106.98,106.83,106.83,11,106.82,5,106.81,2,106.77,2,106.76,4,106.75,5,106.74,3,106.73,18,106.72,5,106.71,1,106.98,19,106.99,5,107.02,2,107.03,9,107.04,1,107.05,24,107.09,11,107.1,1,107.11,1,107.13,3
2020-10-29 09:35:27,106.85,106.8,3,106.8,1,106.9,4,106.9,106.8,106.8,1,106.77,2,106.76,6,106.75,5,106.74,3,106.73,18,106.72,5,106.71,1,106.7,7,106.66,5,106.9,4,106.92,12,106.96,1,106.98,18,106.99,5,107.02,2,107.03,9,107.04,1,107.05,24,107.09,11
2020-10-29 09:35:28,106.865,106.8,3,106.8,3,106.93,2,106.93,106.8,106.8,3,106.77,2,106.76,6,106.75,5,106.74,3,106.73,18,106.72,5,106.71,1,106.7,7,106.66,5,106.93,2,106.96,1,106.98,18,106.99,5,107.02,2,107.03,9,107.04,1,107.05,24,107.09,11,107.1,1
2020-10-29 09:35:29,106.835,106.8,1,106.77,3,106.9,1,106.9,106.77,106.77,3,106.76,6,106.75,5,106.74,3,106.73,18,106.72,5,106.71,1,106.7,7,106.66,5,,,106.9,1,106.91,1,106.92,3,106.93,2,106.96,1,106.98,18,106.99,5,107.02,2,107.03,9,107.04,1
2020-10-29 09:35:30,106.8,106.77,1,106.75,25,106.85,11,106.85,106.75,106.75,25,106.74,3,106.73,18,106.72,5,106.71,1,106.7,7,106.66,5,,,,,,,106.85,11,106.89,1,106.9,2,106.91,1,106.92,3,106.93,2,106.96,1,106.98,18,106.99,5,107.02,2
2020-10-29 09:35:31,106.775,106.71,1,106.71,7,106.84,6,106.84,106.71,106.71,7,106.7,7,106.66,5,,,,,,,,,,,,,,,106.84,6,106.85,12,106.89,1,106.9,2,106.91,1,106.92,3,106.93,2,106.96,1,106.98,18,106.99,5
2020-10-29 09:35:32,106.78,106.71,1,106.72,3,106.84,6,106.84,106.72,106.72,3,106.71,7,106.7,7,106.66,5,,,,,,,,,,,,,106.84,6,106.85,12,106.89,1,106.9,2,106.91,1,106.92,3,106.93,2,106.96,1,106.98,18,106.99,5
2020-10-29 09:35:33,106.78,106.71,1,106.72,3,106.84,6,106.84,106.72,106.72,3,106.71,7,106.7,7,106.66,5,,,,,,,,,,,,,106.84,6,106.85,12,106.89,1,106.9,2,106.91,1,106.92,3,106.93,2,106.96,1,106.98,18,106.99,5
2020-10-29 09:35:34,106.79,106.74,1,106.74,2,106.84,11,106.84,106.74,106.74,2,106.72,5,106.71,7,106.7,7,106.66,5,,,,,,,,,,,106.84,11,106.85,12,106.89,1,106.9,2,106.91,1,106.92,3,106.93,2,106.96,1,106.98,18,106.99,5
2020-10-29 09:35:35,106.79,106.74,1,106.74,2,106.84,9,106.84,106.74,106.74,2,106.72,5,106.71,7,106.7,7,106.66,5,,,,,,,,,,,106.84,9,106.85,12,106.89,1,106.9,2,106.91,1,106.92,3,106.93,2,106.96,1,106.98,18,106.99,5
2020-10-29 09:35:36,106.805,106.74,1,106.74,2,106.87,2,106.87,106.74,106.74,2,106.72,5,106.71,7,106.7,7,106.66,5,,,,,,,,,,,106.87,2,106.89,1,106.9,2,106.91,1,106.92,3,106.93,2,106.96,1,106.98,18,106.99,5,107.02,2
2020-10-29 09:35:37,106.82,106.74,1,106.74,5,106.9,1,106.9,106.74,106.74,5,106.72,5,106.71,7,106.7,7,106.66,5,,,,,,,,,,,106.9,1,106.91,4,106.92,3,106.93,2,106.96,1,106.98,18,106.99,5,107.02,2,107.03,9,107.04,1
2020-10-29 09:35:38,106.825,106.74,1,106.75,3,106.9,1,106.9,106.75,106.75,3,106.74,5,106.72,5,106.71,7,106.7,7,106.66,5,,,,,,,,,106.9,1,106.91,4,106.92,3,106.93,2,106.96,1,106.98,18,106.99,5,107.02,2,107.03,9,107.04,1
2020-10-29 09:35:39,106.825,106.74,1,106.75,9,106.9,10,106.9,106.75,106.75,9,106.74,5,106.72,5,106.71,7,106.7,7,106.66,5,,,,,,,,,106.9,10,106.91,4,106.92,3,106.93,2,106.96,1,106.98,18,106.99,5,107.02,2,107.03,9,107.04,1
2020-10-29 09:35:40,106.815,106.74,1,106.74,6,106.89,10,106.89,106.74,106.74,6,106.72,5,106.71,7,106.7,7,106.66,5,,,,,,,,,,,106.89,10,106.9,30,106.91,4,106.92,3,106.93,2,106.96,1,106.98,18,106.99,5,107.02,2,107.03,9
2020-10-29 09:35:41,106.815,106.74,1,106.74,6,106.89,16,106.89,106.74,106.74,6,106.72,5,106.71,7,106.7,7,106.66,5,,,,,,,,,,,106.89,16,106.9,29,106.91,4,106.92,3,106.93,2,106.96,1,106.98,18,106.99,5,107.02,2,107.03,9
2020-10-29 09:35:42,106.815,106.74,1,106.74,6,106.89,16,106.89,106.74,106.74,6,106.72,5,106.71,7,106.7,7,106.66,5,,,,,,,,,,,106.89,16,106.9,29,106.91,4,106.92,3,106.93,2,106.96,1,106.98,18,106.99,5,107.02,2,107.03,9
2020-10-29 09:35:43,106.815,106.75,2,106.74,6,106.89,16,106.89,106.74,106.74,6,106.72,5,106.71,7,106.7,7,106.66,5,,,,,,,,,,,106.89,16,106.9,29,106.91,4,106.92,3,106.93,2,106.96,1,106.98,18,106.99,5,107.02,2,107.03,9
2020-10-29 09:35:44,106.8,106.75,2,106.74,2,106.86,5,106.86,106.74,106.74,2,106.71,2,106.7,7,106.66,5,,,,,,,,,,,,,106.86,5,106.87,2,106.88,1,106.89,16,106.9,29,106.91,4,106.92,3,106.93,2,106.96,1,106.98,18
2020-10-29 09:35:45,106.79,106.74,1,106.72,1,106.86,5,106.86,106.72,106.72,1,106.71,2,106.7,7,106.66,5,,,,,,,,,,,,,106.86,5,106.87,2,106.88,1,106.89,16,106.9,29,106.91,4,106.92,3,106.93,2,106.96,1,106.98,18
2020-10-29 09:35:46,106.8,106.74,1,106.74,2,106.86,5,106.86,106.74,106.74,2,106.72,1,106.71,2,106.7,7,106.66,5,,,,,,,,,,,106.86,5,106.87,2,106.88,1,106.89,16,106.9,29,106.91,4,106.92,3,106.93,2,106.96,1,106.98,18
2020-10-29 09:35:47,106.785,106.74,1,106.72,2,106.85,21,106.85,106.72,106.72,2,106.71,5,106.7,7,106.66,5,,,,,,,,,,,,,106.85,21,106.86,9,106.87,2,106.88,1,106.89,16,106.9,29,106.91,4,106.92,3,106.93,2,106.96,1
2020-10-29 09:35:48,106.805,106.76,4,106.76,2,106.85,20,106.85,106.76,106.76,2,106.72,2,106.71,5,106.7,7,106.66,5,,,,,,,,,,,106.85,20,106.86,9,106.87,2,106.88,1,106.89,16,106.9,29,106.91,4,106.92,3,106.93,2,106.96,1
2020-10-29 09:35:49,106.785,106.82,1,106.72,2,106.85,22,106.85,106.72,106.72,2,106.71,5,106.7,7,106.66,5,,,,,,,,,,,,,106.85,22,106.86,9,106.87,2,106.88,1,106.89,16,106.9,29,106.91,4,106.92,3,106.93,2,106.96,1
2020-10-29 09:35:50,106.77,106.8,1,106.71,4,106.83,3,106.83,106.71,106.71,4,106.7,13,106.66,5,,,,,,,,,,,,,,,106.83,3,106.84,4,106.85,18,106.86,9,106.87,2,106.88,1,106.89,16,106.9,29,106.91,4,106.92,3
2020-10-29 09:35:51,106.765,106.8,1,106.71,4,106.82,1,106.82,106.71,106.71,4,106.7,13,106.66,5,,,,,,,,,,,,,,,106.82,1,106.83,4,106.84,4,106.85,18,106.86,9,106.87,2,106.88,1,106.89,16,106.9,29,106.91,4
2020-10-29 09:35:52,106.765,106.8,1,106.71,4,106.82,2,106.82,106.71,106.71,4,106.7,13,106.66,5,,,,,,,,,,,,,,,106.82,2,106.83,4,106.84,4,106.85,18,106.86,9,106.87,2,106.88,1,106.89,16,106.9,29,106.91,4
2020-10-29 09:35:53,106.77,106.8,1,106.72,2,106.82,2,106.82,106.72,106.72,2,106.71,4,106.7,13,106.66,5,,,,,,,,,,,,,106.82,2,106.83,4,106.84,4,106.85,18,106.86,9,106.87,2,106.88,1,106.89,16,106.9,29,106.91,4
2020-10-29 09:35:54,106.76,106.76,5,106.71,4,106.81,3,106.81,106.71,106.71,4,106.7,13,106.66,5,,,,,,,,,,,,,,,106.81,3,106.82,2,106.83,4,106.84,4,106.85,18,106.86,9,106.87,2,106.88,1,106.89,16,106.9,29
2020-10-29 09:35:55,106.755,106.76,5,106.71,3,106.8,2,106.8,106.71,106.71,3,106.7,13,106.66,5,,,,,,,,,,,,,,,106.8,2,106.81,3,106.82,2,106.83,4,106.84,4,106.85,18,106.86,9,106.87,2,106.88,1,106.89,16
2020-10-29 09:35:56,106.74,106.7,1,106.68,3,106.8,9,106.8,106.68,106.68,3,106.66,5,,,,,,,,,,,,,,,,,106.8,9,106.81,3,106.82,2,106.83,4,106.84,4,106.85,18,106.86,9,106.87,2,106.88,1,106.89,16
2020-10-29 09:35:57,106.73,106.7,1,106.68,5,106.78,1,106.78,106.68,106.68,5,106.66,5,,,,,,,,,,,,,,,,,106.78,1,106.79,3,106.8,9,106.81,3,106.82,2,106.83,4,106.84,4,106.85,18,106.86,9,106.87,2
2020-10-29 09:35:58,106.715,106.68,1,106.66,12,106.77,2,106.77,106.66,106.66,12,,,,,,,,,,,,,,,,,,,106.77,2,106.78,3,106.79,3,106.8,9,106.81,3,106.82,2,106.83,4,106.84,4,106.85,18,106.86,9
2020-10-29 09:35:59,106.72,106.67,1,106.67,5,106.77,2,106.77,106.67,106.67,5,106.66,12,,,,,,,,,,,,,,,,,106.77,2,106.78,3,106.79,3,106.8,9,106.81,3,106.82,2,106.83,4,106.84,4,106.85,18,106.86,9
2020-10-29 09:36:00,106.7,106.7,1,106.66,7,106.74,2,106.74,106.66,106.66,7,,,,,,,,,,,,,,,,,,,106.74,2,106.75,3,106.76,1,106.77,2,106.78,3,106.79,3,106.8,9,106.81,3,106.82,2,106.83,4
2020-10-29 09:36:01,106.705,106.7,1,106.67,1,106.74,3,106.74,106.67,106.67,1,106.66,16,,,,,,,,,,,,,,,,,106.74,3,106.75,3,106.76,1,106.77,2,106.78,3,106.79,3,106.8,9,106.81,3,106.82,2,106.83,4
2020-10-29 09:36:02,106.705,106.7,1,106.67,13,106.74,3,106.74,106.67,106.67,13,106.66,16,,,,,,,,,,,,,,,,,106.74,3,106.75,3,106.76,1,106.77,2,106.78,3,106.79,3,106.8,9,106.81,3,106.82,2,106.83,4
2020-10-29 09:36:03,106.695,106.7,1,106.66,17,106.73,7,106.73,106.66,106.66,17,,,,,,,,,,,,,,,,,,,106.73,7,106.74,11,106.75,3,106.76,1,106.77,2,106.78,3,106.79,3,106.8,9,106.81,3,106.82,2
2020-10-29 09:36:04,106.73,106.73,1,106.69,5,106.77,3,106.77,106.69,106.69,5,106.67,1,106.66,17,,,,,,,,,,,,,,,106.77,3,106.78,22,106.79,3,106.8,9,106.81,3,106.82,2,106.83,4,106.84,4,106.85,18,106.86,9
2020-10-29 09:36:05,106.73,106.73,1,106.69,5,106.77,11,106.77,106.69,106.69,5,106.67,1,106.66,17,,,,,,,,,,,,,,,106.77,11,106.78,25,106.79,3,106.8,9,106.81,3,106.82,2,106.83,4,106.84,4,106.85,18,106.86,9
2020-10-29 09:36:06,106.735,106.74,1,106.69,5,106.78,24,106.78,106.69,106.69,5,106.67,1,106.66,17,,,,,,,,,,,,,,,106.78,24,106.79,3,106.8,9,106.81,3,106.82,2,106.83,4,106.84,4,106.85,18,106.86,9,106.87,2
2020-10-29 09:36:07,106.69,106.72,1,106.66,11,106.72,3,106.72,106.66,106.66,11,,,,,,,,,,,,,,,,,,,106.72,3,106.74,1,106.77,4,106.78,26,106.79,3,106.8,9,106.81,3,106.82,2,106.83,4,106.84,4
2020-10-29 09:36:08,106.72,106.72,1,106.68,8,106.76,2,106.76,106.68,106.68,8,106.67,7,106.66,14,,,,,,,,,,,,,,,106.76,2,106.77,4,106.78,26,106.79,3,106.8,9,106.81,3,106.82,2,106.83,4,106.84,4,106.85,18
2020-10-29 09:36:09,106.72,106.72,6,106.68,8,106.76,2,106.76,106.68,106.68,8,106.67,7,106.66,14,,,,,,,,,,,,,,,106.76,2,106.77,4,106.78,26,106.79,3,106.8,9,106.81,3,106.82,2,106.83,4,106.84,4,106.85,18
2020-10-29 09:36:10,106.72,106.72,1,106.68,8,106.76,12,106.76,106.68,106.68,8,106.67,7,106.66,14,,,,,,,,,,,,,,,106.76,12,106.77,4,106.78,26,106.79,3,106.8,9,106.81,3,106.82,2,106.83,4,106.84,4,106.85,18
2020-10-29 09:36:11,106.725,106.68,1,106.69,3,106.76,12,106.76,106.69,106.69,3,106.68,8,106.67,7,106.66,14,,,,,,,,,,,,,106.76,12,106.77,4,106.78,26,106.79,3,106.8,9,106.81,3,106.82,2,106.83,4,106.84,4,106.85,18
2020-10-29 09:36:12,106.715,106.75,1,106.67,7,106.76,11,106.76,106.67,106.67,7,106.66,14,,,,,,,,,,,,,,,,,106.76,11,106.77,4,106.78,26,106.79,3,106.8,9,106.81,3,106.82,2,106.83,4,106.84,4,106.85,18
2020-10-29 09:36:13,106.715,106.72,2,106.67,6,106.76,11,106.76,106.67,106.67,6,106.66,14,,,,,,,,,,,,,,,,,106.76,11,106.77,4,106.78,26,106.79,3,106.8,9,106.81,3,106.82,2,106.83,4,106.84,4,106.85,18
2020-10-29 09:36:14,106.705,106.67,1,106.66,15,106.75,1,106.75,106.66,106.66,15,,,,,,,,,,,,,,,,,,,106.75,1,106.76,11,106.77,4,106.78,26,106.79,3,106.8,9,106.81,3,106.82,2,106.83,4,106.84,4
2020-10-29 09:36:15,106.72,106.75,1,106.68,6,106.76,11,106.76,106.68,106.68,6,106.67,1,106.66,19,,,,,,,,,,,,,,,106.76,11,106.77,4,106.78,26,106.79,3,106.8,9,106.81,3,106.82,2,106.83,4,106.84,4,106.85,18
2020-10-29 09:36:16,106.72,106.75,1,106.68,3,106.76,11,106.76,106.68,106.68,3,106.67,1,106.66,19,,,,,,,,,,,,,,,106.76,11,106.77,4,106.78,26,106.79,3,106.8,9,106.81,3,106.82,2,106.83,4,106.84,4,106.85,18
2020-10-29 09:36:17,106.71,106.72,1,106.67,4,106.75,3,106.75,106.67,106.67,4,106.66,19,,,,,,,,,,,,,,,,,106.75,3,106.76,8,106.77,4,106.78,26,106.79,3,106.8,9,106.81,3,106.82,2,106.83,4,106.84,4
2020-10-29 09:36:18,106.71,106.72,1,106.67,4,106.75,3,106.75,106.67,106.67,4,106.66,19,,,,,,,,,,,,,,,,,106.75,3,106.76,8,106.77,4,106.78,26,106.79,3,106.8,9,106.81,3,106.82,2,106.83,4,106.84,4
2020-10-29 09:36:19,106.71,106.72,1,106.67,4,106.75,3,106.75,106.67,106.67,4,106.66,19,,,,,,,,,,,,,,,,,106.75,3,106.76,8,106.77,4,106.78,26,106.79,3,106.8,9,106.81,3,106.82,2,106.83,4,106.84,4
2020-10-29 09:36:20,106.645,106.63,1,106.61,4,106.68,1,106.68,106.61,106.61,4,106.6,8,,,,,,,,,,,,,,,,,106.68,1,106.69,7,106.7,14,106.71,6,106.73,1,106.74,11,106.75,7,106.76,8,106.77,4,106.78,26
2020-10-29 09:36:21,106.655,106.63,1,106.62,2,106.69,5,106.69,106.62,106.62,2,106.6,8,,,,,,,,,,,,,,,,,106.69,5,106.7,14,106.71,6,106.73,1,106.74,11,106.75,7,106.76,8,106.77,4,106.78,26,106.79,3
2020-10-29 09:36:22,106.685,106.69,1,106.65,3,106.72,1,106.72,106.65,106.65,3,106.62,2,106.6,8,,,,,,,,,,,,,,,106.72,1,106.73,1,106.74,11,106.75,7,106.76,8,106.77,4,106.78,26,106.79,3,106.8,9,106.81,3
2020-10-29 09:36:23,106.69,106.7,1,106.65,2,106.73,20,106.73,106.65,106.65,2,106.64,11,106.63,2,106.62,1,106.6,8,,,,,,,,,,,106.73,20,106.74,11,106.75,7,106.76,8,106.77,4,106.78,26,106.79,3,106.8,9,106.81,3,106.82,2
2020-10-29 09:36:24,106.7,106.7,1,106.65,8,106.75,27,106.75,106.65,106.65,8,106.64,11,106.63,2,106.62,1,106.6,8,,,,,,,,,,,106.75,27,106.76,8,106.77,4,106.78,26,106.79,3,106.8,9,106.81,3,106.82,2,106.83,4,106.84,4
2020-10-29 09:36:25,106.69,106.69,1,106.65,10,106.73,6,106.73,106.65,106.65,10,106.64,11,106.63,2,106.62,1,106.6,8,,,,,,,,,,,106.73,6,106.74,16,106.75,29,106.76,8,106.77,4,106.78,26,106.79,3,106.8,9,106.81,3,106.82,2
2020-10-29 09:36:26,106.695,106.69,1,106.66,1,106.73,2,106.73,106.66,106.66,1,106.65,10,106.64,11,106.63,2,106.62,1,106.6,8,,,,,,,,,106.73,2,106.74,16,106.75,29,106.76,8,106.77,4,106.78,26,106.79,3,106.8,9,106.81,3,106.82,2
2020-10-29 09:36:27,106.69,106.69,1,106.66,6,106.72,1,106.72,106.66,106.66,6,106.65,10,106.64,11,106.63,2,106.62,1,106.6,8,,,,,,,,,106.72,1,106.73,2,106.74,16,106.75,29,106.76,8,106.77,4,106.78,26,106.79,3,106.8,9,106.81,3
2020-10-29 09:36:28,106.69,106.72,1,106.66,6,106.72,1,106.72,106.66,106.66,6,106.65,10,106.64,11,106.63,2,106.62,1,106.6,8,,,,,,,,,106.72,1,106.73,11,106.74,16,106.75,29,106.76,8,106.77,4,106.78,26,106.79,3,106.8,9,106.81,3
2020-10-29 09:36:29,106.705,106.73,1,106.66,10,106.75,28,106.75,106.66,106.66,10,106.65,10,106.64,11,106.63,2,106.62,1,106.6,8,,,,,,,,,106.75,28,106.76,8,106.77,4,106.78,26,106.79,3,106.8,9,106.81,3,106.82,2,106.83,4,106.84,4
2020-10-29 09:36:30,106.7,106.73,1,106.66,12,106.74,1,106.74,106.66,106.66,12,106.65,10,106.64,11,106.63,2,106.62,1,106.6,8,,,,,,,,,106.74,1,106.75,25,106.76,8,106.77,4,106.78,26,106.79,3,106.8,9,106.81,3,106.82,2,106.83,4
2020-10-29 09:36:31,106.7,106.7,1,106.66,13,106.74,15,106.74,106.66,106.66,13,106.65,10,106.64,11,106.63,2,106.62,1,106.6,8,,,,,,,,,106.74,15,106.75,25,106.76,8,106.77,4,106.78,26,106.79,3,106.8,9,106.81,3,106.82,2,106.83,4
2020-10-29 09:36:32,106.7,106.7,1,106.66,13,106.74,15,106.74,106.66,106.66,13,106.65,10,106.64,11,106.63,2,106.62,1,106.6,8,,,,,,,,,106.74,15,106.75,25,106.76,8,106.77,4,106.78,26,106.79,3,106.8,9,106.81,3,106.82,2,106.83,4
2020-10-29 09:36:33,106.7,106.7,1,106.66,13,106.74,15,106.74,106.66,106.66,13,106.65,10,106.64,11,106.63,2,106.62,1,106.6,8,,,,,,,,,106.74,15,106.75,25,106.76,8,106.77,4,106.78,26,106.79,3,106.8,9,106.81,3,106.82,2,106.83,4
2020-10-29 09:36:34,106.7,106.7,1,106.66,13,106.74,15,106.74,106.66,106.66,13,106.65,10,106.64,11,106.63,2,106.62,1,106.6,8,,,,,,,,,106.74,15,106.75,25,106.76,8,106.77,4,106.78,26,106.79,3,106.8,9,106.81,3,106.82,2,106.83,4
2020-10-29 09:36:35,106.68,106.65,1,106.63,6,106.73,15,106.73,106.63,106.63,6,106.62,1,106.6,8,,,,,,,,,,,,,,,106.73,15,106.74,27,106.75,25,106.76,8,106.77,4,106.78,26,106.79,3,106.8,9,106.81,3,106.82,2
2020-10-29 09:36:36,106.665,106.63,1,106.63,4,106.7,2,106.7,106.63,106.63,4,106.62,1,106.6,8,,,,,,,,,,,,,,,106.7,2,106.73,15,106.74,27,106.75,25,106.76,8,106.77,4,106.78,26,106.79,3,106.8,9,106.81,3
2020-10-29 09:36:37,106.67,106.63,1,106.64,1,106.7,2,106.7,106.64,106.64,1,106.63,4,106.62,1,106.6,8,,,,,,,,,,,,,106.7,2,106.73,15,106.74,27,106.75,25,106.76,8,106.77,4,106.78,26,106.79,3,106.8,9,106.81,3
2020-10-29 09:36:38,106.665,106.64,1,106.63,3,106.7,2,106.7,106.63,106.63,3,106.62,1,106.6,8,,,,,,,,,,,,,,,106.7,2,106.73,15,106.74,27,106.75,25,106.76,8,106.77,4,106.78,26,106.79,3,106.8,9,106.81,3
2020-10-29 09:36:39,106.665,106.64,1,106.63,4,106.7,11,106.7,106.63,106.63,4,106.62,1,106.6,8,,,,,,,,,,,,,,,106.7,11,106.73,15,106.74,27,106.75,25,106.76,8,106.77,4,106.78,26,106.79,3,106.8,9,106.81,3
2020-10-29 09:36:40,106.665,106.64,1,106.63,4,106.7,11,106.7,106.63,106.63,4,106.62,1,106.6,8,,,,,,,,,,,,,,,106.7,11,106.73,15,106.74,27,106.75,25,106.76,8,106.77,4,106.78,26,106.79,3,106.8,9,106.81,3
2020-10-29 09:36:41,106.66,106.66,1,106.63,5,106.69,1,106.69,106.63,106.63,5,106.62,1,106.6,8,,,,,,,,,,,,,,,106.69,1,106.7,11,106.73,15,106.74,27,106.75,25,106.76,8,106.77,4,106.78,26,106.79,3,106.8,9
