sim_time,mid_price,last_price,last_size,best_bid_price,best_bid_size,best_ask_price,best_ask_size,close_price_buy,close_price_sell,bid1_price,bid1_size,bid2_price,bid2_size,bid3_price,bid3_size,bid4_price,bid4_size,bid5_price,bid5_size,bid6_price,bid6_size,bid7_price,bid7_size,bid8_price,bid8_size,bid9_price,bid9_size,bid10_price,bid10_size,ask1_price,ask1_size,ask2_price,ask2_size,ask3_price,ask3_size,ask4_price,ask4_size,ask5_price,ask5_size,ask6_price,ask6_size,ask7_price,ask7_size,ask8_price,ask8_size,ask9_price,ask9_size,ask10_price,ask10_size
2020-10-29 09:30:25,137.98,137.97,1,137.89,7,138.07,5,138.07,137.89,137.89,7,137.88,4,137.86,2,137.85,5,137.84,3,137.83,4,137.82,2,137.8,1,,,,,138.07,5,138.08,4,138.09,4,138.15,2,138.17,1,138.18,5,138.24,3,138.25,3,,,,
2020-10-29 09:30:26,138.005,138.03,1,137.94,2,138.07,7,138.07,137.94,137.94,2,137.93,1,137.92,3,137.91,1,137.89,7,137.88,4,137.86,2,137.85,5,137.84,3,137.83,4,138.07,7,138.08,4,138.09,4,138.15,2,138.17,1,138.18,5,138.24,3,138.25,3,,,,
2020-10-29 09:30:27,138.015,138.06,1,137.96,1,138.07,7,138.07,137.96,137.96,1,137.94,2,137.93,1,137.92,3,137.91,1,137.89,7,137.88,4,137.86,2,137.85,5,137.84,3,138.07,7,138.08,4,138.09,4,138.15,2,138.17,1,138.18,5,138.24,3,138.25,3,,,,
2020-10-29 09:30:28,138.02,138.06,1,137.97,1,138.07,7,138.07,137.97,137.97,1,137.96,1,137.94,2,137.93,1,137.92,3,137.91,1,137.89,7,137.88,4,137.86,2,137.85,5,138.07,7,138.08,4,138.09,4,138.15,2,138.17,1,138.18,5,138.24,3,138.25,3,,,,
2020-10-29 09:30:29,137.955,137.91,1,137.9,2,138.01,1,138.01,137.9,137.9,2,137.89,7,137.88,4,137.86,2,137.85,5,137.84,3,137.83,4,137.82,2,137.8,1,,,138.01,1,138.02,2,138.05,3,138.06,2,138.07,7,138.08,4,138.09,4,138.15,2,138.17,1,138.18,5
2020-10-29 09:30:30,137.975,138.01,1,137.9,4,138.05,3,138.05,137.9,137.9,4,137.89,7,137.88,4,137.86,2,137.85,5,137.84,3,137.83,4,137.82,2,137.8,1,,,138.05,3,138.06,2,138.07,7,138.08,4,138.09,4,138.15,2,138.17,1,138.18,5,138.24,3,138.25,3
2020-10-29 09:30:31,138.01,138.05,1,137.97,2,138.05,1,138.05,137.97,137.97,2,137.93,2,137.91,1,137.9,4,137.89,7,137.88,4,137.86,2,137.85,5,137.84,3,137.83,4,138.05,1,138.06,3,138.07,7,138.08,4,138.09,4,138.15,2,138.17,1,138.18,5,138.24,3,138.25,3
2020-10-29 09:30:32,138.005,137.99,1,137.97,2,138.04,3,138.04,137.97,137.97,2,137.96,1,137.95,1,137.93,1,137.91,1,137.9,4,137.89,7,137.88,4,137.86,2,137.85,5,138.04,3,138.05,1,138.06,3,138.07,7,138.08,4,138.09,4,138.15,2,138.17,1,138.18,5,138.24,3
2020-10-29 09:30:34,138.03,138.01,1,137.98,2,138.08,2,138.08,137.98,137.98,2,137.97,2,137.95,1,137.94,1,137.93,1,137.91,1,137.9,4,137.89,7,137.88,4,137.86,2,138.08,2,138.09,5,138.15,2,138.17,1,138.18,5,138.24,3,138.25,3,,,,,,
2020-10-29 09:30:34,138.04,138.01,1,137.99,2,138.09,5,138.09,137.99,137.99,2,137.98,2,137.97,2,137.95,1,137.94,1,137.93,1,137.91,1,137.9,4,137.89,7,137.88,4,138.09,5,138.15,2,138.17,1,138.18,5,138.24,3,138.25,3,,,,,,,,
2020-10-29 09:30:35,138.075,138.09,1,138.0,4,138.15,2,138.15,138.0,138.0,4,137.99,2,137.98,2,137.97,2,137.95,1,137.94,1,137.93,1,137.91,1,137.9,4,137.89,7,138.15,2,138.2,2,138.24,3,138.25,3,,,,,,,,,,,,
2020-10-29 09:30:36,138.11,138.09,1,138.08,2,138.14,1,138.14,138.08,138.08,2,138.07,1,138.05,1,138.02,3,138.0,4,137.99,2,137.98,2,137.97,2,137.95,1,137.94,1,138.14,1,138.18,1,138.2,2,138.24,3,138.25,3,,,,,,,,,,
2020-10-29 09:30:37,138.085,138.05,1,138.03,3,138.14,1,138.14,138.03,138.03,3,138.02,3,138.0,4,137.99,2,137.98,2,137.97,2,137.95,1,137.94,1,137.93,1,137.91,1,138.14,1,138.18,1,138.2,2,138.24,3,138.25,3,,,,,,,,,,
2020-10-29 09:30:39,138.09,138.13,1,138.04,2,138.14,2,138.14,138.04,138.04,2,138.03,3,138.02,3,138.0,4,137.99,2,137.98,2,137.97,2,137.95,1,137.94,1,137.93,1,138.14,2,138.15,2,138.18,1,138.2,2,138.24,3,138.25,3,,,,,,,,
2020-10-29 09:30:39,138.09,138.13,1,138.03,3,138.15,3,138.15,138.03,138.03,3,138.02,3,138.0,4,137.99,2,137.98,2,137.97,2,137.95,1,137.94,1,137.93,1,137.91,1,138.15,3,138.18,1,138.2,2,138.24,3,138.25,3,,,,,,,,,,
2020-10-29 09:30:41,138.09,138.13,1,138.03,3,138.15,3,138.15,138.03,138.03,3,138.02,3,138.0,4,137.99,2,137.98,2,137.97,2,137.95,1,137.94,1,137.93,1,137.91,1,138.15,3,138.18,1,138.2,2,138.24,3,138.25,3,,,,,,,,,,
2020-10-29 09:30:41,138.09,138.12,7,138.03,3,138.15,3,138.15,138.03,138.03,3,138.02,3,138.0,4,137.99,2,137.98,2,137.97,2,137.95,1,137.94,1,137.93,1,137.91,1,138.15,3,138.18,1,138.2,2,138.24,3,138.25,3,,,,,,,,,,
2020-10-29 09:30:43,138.09,138.12,7,138.03,3,138.15,3,138.15,138.03,138.03,3,138.02,3,138.0,4,137.99,2,137.98,2,137.97,2,137.95,1,137.94,1,137.93,1,137.91,1,138.15,3,138.18,1,138.2,2,138.24,3,138.25,3,,,,,,,,,,
2020-10-29 09:30:43,138.09,138.12,7,138.03,3,138.15,3,138.15,138.03,138.03,3,138.02,3,138.0,4,137.99,2,137.98,2,137.97,2,137.95,1,137.94,1,137.93,1,137.91,1,138.15,3,138.18,1,138.2,2,138.24,3,138.25,3,,,,,,,,,,
2020-10-29 09:30:44,138.085,138.12,7,138.03,3,138.14,3,138.14,138.03,138.03,3,138.02,3,138.0,4,137.99,2,137.98,2,137.97,2,137.95,1,137.94,1,137.93,1,137.91,1,138.14,3,138.15,4,138.18,1,138.2,2,138.24,3,138.25,3,,,,,,,,
2020-10-29 09:30:46,138.085,138.12,7,138.03,3,138.14,3,138.14,138.03,138.03,3,138.02,3,138.0,4,137.99,2,137.98,2,137.97,2,137.95,1,137.94,1,137.93,1,137.91,1,138.14,3,138.15,4,138.18,1,138.2,2,138.24,3,138.25,3,,,,,,,,
2020-10-29 09:30:47,138.085,138.05,1,138.03,3,138.14,2,138.14,138.03,138.03,3,138.02,3,138.0,4,137.99,2,137.98,2,137.97,2,137.95,1,137.94,1,137.93,1,137.91,1,138.14,2,138.15,4,138.18,1,138.2,2,138.24,3,138.25,3,,,,,,,,
2020-10-29 09:30:47,138.085,138.05,1,138.03,3,138.14,3,138.14,138.03,138.03,3,138.02,3,138.0,4,137.99,2,137.98,2,137.97,2,137.95,1,137.94,1,137.93,1,137.91,1,138.14,3,138.15,4,138.18,1,138.2,2,138.24,3,138.25,3,,,,,,,,
2020-10-29 09:30:49,138.09,138.05,1,138.03,3,138.15,4,138.15,138.03,138.03,3,138.02,3,138.0,4,137.99,2,137.98,2,137.97,2,137.95,1,137.94,1,137.93,1,137.91,1,138.15,4,138.18,1,138.2,2,138.24,3,138.25,3,,,,,,,,,,
2020-10-29 09:30:50,138.09,138.05,1,138.03,3,138.15,4,138.15,138.03,138.03,3,138.02,3,138.0,4,137.99,2,137.98,2,137.97,2,137.95,1,137.94,1,137.93,1,137.91,1,138.15,4,138.18,1,138.2,2,138.24,3,138.25,3,,,,,,,,,,
2020-10-29 09:30:51,138.09,138.07,1,138.03,3,138.15,4,138.15,138.03,138.03,3,138.02,3,138.0,4,137.99,2,137.98,2,137.97,2,137.95,1,137.94,1,137.93,1,137.91,1,138.15,4,138.18,1,138.2,2,138.24,3,138.25,3,,,,,,,,,,
2020-10-29 09:30:51,138.09,138.07,1,138.03,3,138.15,3,138.15,138.03,138.03,3,138.02,3,138.0,4,137.99,2,137.98,2,137.97,2,137.95,1,137.94,1,137.93,1,137.91,1,138.15,3,138.18,1,138.2,2,138.24,3,138.25,3,,,,,,,,,,
2020-10-29 09:30:53,138.09,138.07,1,138.03,3,138.15,3,138.15,138.03,138.03,3,138.02,3,138.0,4,137.99,2,137.98,2,137.97,2,137.95,1,137.94,1,137.93,1,137.91,1,138.15,3,138.18,1,138.2,2,138.24,3,138.25,3,,,,,,,,,,
2020-10-29 09:30:54,138.09,138.07,1,138.03,3,138.15,3,138.15,138.03,138.03,3,138.02,3,138.0,4,137.99,2,137.98,2,137.97,2,137.95,1,137.94,1,137.93,1,137.91,1,138.15,3,138.18,1,138.2,2,138.24,3,138.25,3,,,,,,,,,,
2020-10-29 09:30:55,138.145,138.11,2,138.1,3,138.19,1,138.19,138.1,138.1,3,138.06,1,138.03,3,138.02,3,138.0,4,137.99,2,137.98,2,137.97,2,137.95,1,137.94,1,138.19,1,138.2,2,138.24,3,138.25,3,,,,,,,,,,,,
2020-10-29 09:30:56,138.195,138.2,1,138.16,3,138.23,1,138.23,138.16,138.16,3,138.15,2,138.14,2,138.12,2,138.1,3,138.06,1,138.03,3,138.02,3,138.0,4,137.99,2,138.23,1,138.24,3,138.25,3,,,,,,,,,,,,,,
2020-10-29 09:30:57,138.2,138.2,1,138.16,3,138.24,3,138.24,138.16,138.16,3,138.15,2,138.14,2,138.12,2,138.1,3,138.06,1,138.03,3,138.02,3,138.0,4,137.99,2,138.24,3,138.25,3,,,,,,,,,,,,,,,,
2020-10-29 09:30:58,138.215,138.2,1,138.16,3,138.27,2,138.27,138.16,138.16,3,138.15,2,138.14,2,138.12,2,138.1,3,138.06,1,138.03,3,138.02,3,138.0,4,137.99,2,138.27,2,,,,,,,,,,,,,,,,,,
2020-10-29 09:30:59,138.215,138.2,1,138.16,3,138.27,2,138.27,138.16,138.16,3,138.15,2,138.14,2,138.12,2,138.1,3,138.06,1,138.03,3,138.02,3,138.0,4,137.99,2,138.27,2,,,,,,,,,,,,,,,,,,
2020-10-29 09:31:00,138.215,138.2,1,138.16,3,138.27,2,138.27,138.16,138.16,3,138.15,2,138.14,2,138.12,2,138.1,3,138.06,1,138.03,3,138.02,3,138.0,4,137.99,2,138.27,2,,,,,,,,,,,,,,,,,,
2020-10-29 09:31:01,138.215,138.2,1,138.16,3,138.27,2,138.27,138.16,138.16,3,138.15,2,138.14,2,138.12,2,138.1,3,138.06,1,138.03,3,138.02,3,138.0,4,137.99,2,138.27,2,,,,,,,,,,,,,,,,,,
2020-10-29 09:31:02,138.185,138.2,1,138.14,3,138.23,1,138.23,138.14,138.14,3,138.12,2,138.1,3,138.06,1,138.03,3,138.02,3,138.0,4,137.99,2,137.98,2,137.97,2,138.23,1,138.27,2,,,,,,,,,,,,,,,,
2020-10-29 09:31:03,138.195,138.2,1,138.16,2,138.23,1,138.23,138.16,138.16,2,138.14,4,138.12,2,138.1,3,138.06,1,138.03,3,138.02,3,138.0,4,137.99,2,137.98,2,138.23,1,138.27,2,,,,,,,,,,,,,,,,
2020-10-29 09:31:04,138.195,138.2,1,138.16,3,138.23,1,138.23,138.16,138.16,3,138.13,1,138.12,2,138.1,3,138.06,1,138.03,3,138.02,3,138.0,4,137.99,2,137.98,2,138.23,1,138.27,2,,,,,,,,,,,,,,,,
2020-10-29 09:31:05,138.215,138.16,2,138.16,2,138.27,2,138.27,138.16,138.16,2,138.13,2,138.12,2,138.1,3,138.06,1,138.03,3,138.02,3,138.0,4,137.99,2,137.98,2,138.27,2,,,,,,,,,,,,,,,,,,
2020-10-29 09:31:06,138.215,138.19,2,138.16,4,138.27,8,138.27,138.16,138.16,4,138.13,2,138.12,2,138.1,3,138.06,1,138.03,3,138.02,3,138.0,4,137.99,2,137.98,2,138.27,8,138.32,1,,,,,,,,,,,,,,,,
2020-10-29 09:31:08,138.165,138.16,2,138.11,3,138.22,3,138.22,138.11,138.11,3,138.1,3,138.06,1,138.03,3,138.02,3,138.0,4,137.99,2,137.98,2,137.97,2,137.95,1,138.22,3,138.24,4,138.25,1,138.27,8,138.32,1,,,,,,,,,,
2020-10-29 09:31:09,138.165,138.16,2,138.11,3,138.22,3,138.22,138.11,138.11,3,138.1,3,138.06,1,138.03,3,138.02,3,138.0,4,137.99,2,137.98,2,137.97,2,137.95,1,138.22,3,138.24,4,138.25,1,138.27,8,138.32,1,,,,,,,,,,
2020-10-29 09:31:10,138.145,138.16,2,138.11,3,138.18,2,138.18,138.11,138.11,3,138.1,3,138.06,1,138.03,3,138.02,3,138.0,4,137.99,2,137.98,2,137.97,2,137.95,1,138.18,2,138.21,1,138.22,3,138.24,4,138.25,1,138.27,8,138.32,1,,,,,,
2020-10-29 09:31:11,138.065,138.06,1,138.03,1,138.1,2,138.1,138.03,138.03,1,138.0,5,137.99,2,137.98,2,137.97,2,137.95,1,137.94,1,137.93,1,137.91,1,137.9,4,138.1,2,138.12,1,138.13,1,138.14,4,138.15,1,138.18,3,138.21,1,138.22,3,138.24,4,138.25,1
2020-10-29 09:31:12,138.055,138.06,1,138.01,1,138.1,2,138.1,138.01,138.01,1,138.0,5,137.99,2,137.98,2,137.97,2,137.95,1,137.94,1,137.93,1,137.91,1,137.9,4,138.1,2,138.12,1,138.13,1,138.14,4,138.15,1,138.18,3,138.21,1,138.22,3,138.24,4,138.25,1
2020-10-29 09:31:13,138.055,138.06,1,138.01,1,138.1,2,138.1,138.01,138.01,1,138.0,5,137.99,2,137.98,2,137.97,2,137.95,1,137.94,1,137.93,1,137.91,1,137.9,4,138.1,2,138.12,1,138.13,1,138.14,4,138.15,1,138.18,3,138.21,1,138.22,3,138.24,4,138.25,1
2020-10-29 09:31:14,138.06,138.06,4,138.02,1,138.1,2,138.1,138.02,138.02,1,138.01,1,138.0,5,137.99,2,137.98,2,137.97,2,137.95,1,137.94,1,137.93,1,137.91,1,138.1,2,138.12,1,138.13,1,138.14,4,138.15,1,138.18,3,138.21,1,138.22,3,138.24,4,138.25,1
2020-10-29 09:31:15,138.055,138.06,4,138.01,2,138.1,2,138.1,138.01,138.01,2,138.0,5,137.99,2,137.98,2,137.97,2,137.95,1,137.94,1,137.93,1,137.91,1,137.9,4,138.1,2,138.12,1,138.13,1,138.14,4,138.15,1,138.18,3,138.21,1,138.22,3,138.24,4,138.25,1
2020-10-29 09:31:16,138.05,138.01,1,138.01,4,138.09,2,138.09,138.01,138.01,4,138.0,5,137.99,2,137.98,2,137.97,2,137.95,1,137.94,1,137.93,1,137.91,1,137.9,4,138.09,2,138.1,2,138.12,1,138.13,1,138.14,4,138.15,1,138.18,3,138.21,1,138.22,3,138.24,4
2020-10-29 09:31:17,138.05,138.01,1,138.01,4,138.09,2,138.09,138.01,138.01,4,138.0,5,137.99,2,137.98,2,137.97,2,137.95,1,137.94,1,137.93,1,137.91,1,137.9,4,138.09,2,138.1,2,138.12,1,138.13,1,138.14,4,138.15,1,138.18,3,138.21,1,138.22,3,138.24,4
2020-10-29 09:31:18,138.05,138.01,1,138.01,4,138.09,2,138.09,138.01,138.01,4,138.0,5,137.99,2,137.98,2,137.97,2,137.95,1,137.94,1,137.93,1,137.91,1,137.9,4,138.09,2,138.1,2,138.12,1,138.13,1,138.14,4,138.15,1,138.18,3,138.21,1,138.22,3,138.24,4
2020-10-29 09:31:19,138.05,138.01,1,138.01,4,138.09,2,138.09,138.01,138.01,4,138.0,5,137.99,2,137.98,2,137.97,2,137.95,1,137.94,1,137.93,1,137.91,1,137.9,4,138.09,2,138.1,2,138.12,1,138.13,1,138.14,4,138.15,1,138.18,3,138.21,1,138.22,3,138.24,4
2020-10-29 09:31:20,137.985,137.96,2,137.96,1,138.01,2,138.01,137.96,137.96,1,137.86,3,137.85,5,137.84,3,137.83,4,137.82,2,137.8,1,,,,,,,138.01,2,138.03,3,138.06,1,138.09,2,138.1,2,138.12,1,138.13,1,138.14,4,138.15,1,138.18,3
2020-10-29 09:31:21,138.005,137.96,2,137.94,4,138.07,1,138.07,137.94,137.94,4,137.89,1,137.86,3,137.85,5,137.84,3,137.83,4,137.82,2,137.8,1,,,,,138.07,1,138.1,3,138.12,1,138.13,1,138.14,4,138.15,1,138.18,3,138.21,1,138.22,3,138.24,4
2020-10-29 09:31:22,138.02,137.96,2,137.97,2,138.07,3,138.07,137.97,137.97,2,137.96,3,137.94,4,137.89,1,137.86,3,137.85,5,137.84,3,137.83,4,137.82,2,137.8,1,138.07,3,138.09,1,138.1,5,138.12,1,138.13,1,138.14,4,138.15,1,138.18,3,138.21,1,138.22,3
2020-10-29 09:31:23,138.015,137.96,2,137.96,1,138.07,3,138.07,137.96,137.96,1,137.95,1,137.94,4,137.89,1,137.86,3,137.85,5,137.84,3,137.83,4,137.82,2,137.8,1,138.07,3,138.09,1,138.1,5,138.12,1,138.13,1,138.14,4,138.15,1,138.18,3,138.21,1,138.22,3
2020-10-29 09:31:24,138.02,137.96,2,137.97,2,138.07,5,138.07,137.97,137.97,2,137.95,1,137.94,4,137.89,1,137.86,3,137.85,5,137.84,3,137.83,4,137.82,2,137.8,1,138.07,5,138.09,1,138.1,5,138.12,1,138.13,1,138.14,4,138.15,1,138.18,3,138.21,1,138.22,3
2020-10-29 09:31:25,138.02,137.96,2,137.97,2,138.07,5,138.07,137.97,137.97,2,137.95,1,137.94,4,137.89,1,137.86,3,137.85,5,137.84,3,137.83,4,137.82,2,137.8,1,138.07,5,138.09,1,138.1,5,138.12,1,138.13,1,138.14,4,138.15,1,138.18,3,138.21,1,138.22,3
2020-10-29 09:31:26,138.02,138.0,18,137.97,1,138.07,5,138.07,137.97,137.97,1,137.96,2,137.95,1,137.94,4,137.89,1,137.86,3,137.85,5,137.84,3,137.83,4,137.82,2,138.07,5,138.09,1,138.1,5,138.12,1,138.13,1,138.14,4,138.15,1,138.18,3,138.21,1,138.22,3
2020-10-29 09:31:27,138.02,138.0,18,137.97,1,138.07,5,138.07,137.97,137.97,1,137.96,2,137.95,1,137.94,4,137.89,1,137.86,3,137.85,5,137.84,3,137.83,4,137.82,2,138.07,5,138.09,1,138.1,5,138.12,1,138.13,1,138.14,4,138.15,1,138.18,3,138.21,1,138.22,3
2020-10-29 09:31:28,137.935,137.94,1,137.9,2,137.97,2,137.97,137.9,137.9,2,137.89,1,137.88,1,137.86,3,137.85,5,137.84,3,137.83,4,137.82,2,137.8,1,,,137.97,2,138.0,1,138.01,3,138.07,5,138.09,1,138.1,5,138.12,1,138.13,1,138.14,4,138.15,1
2020-10-29 09:31:29,137.935,137.94,5,137.9,1,137.97,2,137.97,137.9,137.9,1,137.88,1,137.86,3,137.85,5,137.84,3,137.83,4,137.82,2,137.8,1,,,,,137.97,2,138.0,1,138.01,3,138.07,5,138.09,1,138.1,5,138.12,1,138.13,1,138.14,4,138.15,1
2020-10-29 09:31:30,137.92,137.94,5,137.87,1,137.97,2,137.97,137.87,137.87,1,137.86,3,137.85,5,137.84,3,137.83,4,137.82,2,137.8,1,,,,,,,137.97,2,138.0,1,138.01,3,138.07,5,138.09,1,138.1,5,138.12,1,138.13,1,138.14,4,138.15,1
2020-10-29 09:31:31,137.9,137.94,1,137.86,3,137.94,1,137.94,137.86,137.86,3,137.85,5,137.84,3,137.83,4,137.82,2,137.8,1,,,,,,,,,137.94,1,137.96,1,137.97,5,138.0,1,138.01,3,138.07,5,138.09,1,138.1,5,138.12,1,138.13,1
2020-10-29 09:31:32,137.9,137.94,1,137.86,3,137.94,1,137.94,137.86,137.86,3,137.85,5,137.84,3,137.83,4,137.82,2,137.8,1,,,,,,,,,137.94,1,137.96,1,137.97,5,138.0,1,138.01,3,138.07,5,138.09,1,138.1,5,138.12,1,138.13,1
2020-10-29 09:31:33,137.9,137.94,1,137.86,3,137.94,5,137.94,137.86,137.86,3,137.85,5,137.84,3,137.83,4,137.82,2,137.8,1,,,,,,,,,137.94,5,137.96,1,137.97,5,138.0,1,138.01,3,138.07,5,138.09,1,138.1,5,138.12,1,138.13,1
2020-10-29 09:31:34,137.9,137.94,1,137.86,3,137.94,4,137.94,137.86,137.86,3,137.85,5,137.84,3,137.83,4,137.82,2,137.8,1,,,,,,,,,137.94,4,137.96,1,137.97,5,138.0,1,138.01,3,138.07,5,138.09,1,138.1,5,138.12,1,138.13,1
2020-10-29 09:31:35,137.9,137.94,1,137.86,3,137.94,5,137.94,137.86,137.86,3,137.85,5,137.84,3,137.83,4,137.82,2,137.8,1,,,,,,,,,137.94,5,137.96,1,137.97,5,138.0,1,138.01,3,138.07,5,138.09,1,138.1,5,138.12,1,138.13,1
2020-10-29 09:31:36,137.9,137.94,1,137.86,3,137.94,5,137.94,137.86,137.86,3,137.85,5,137.84,3,137.83,4,137.82,2,137.8,1,,,,,,,,,137.94,5,137.96,1,137.97,5,138.0,1,138.01,3,138.07,5,138.09,1,138.1,5,138.12,1,138.13,1
2020-10-29 09:31:37,137.88,137.86,1,137.86,5,137.9,3,137.9,137.86,137.86,5,137.85,5,137.84,3,137.83,4,137.82,2,137.8,1,,,,,,,,,137.9,3,137.93,7,137.94,5,137.96,1,137.97,5,138.0,1,138.01,3,138.07,5,138.09,1,138.1,5
2020-10-29 09:31:38,137.905,137.88,1,137.88,3,137.93,7,137.93,137.88,137.88,3,137.87,1,137.86,5,137.85,5,137.84,3,137.83,4,137.82,2,137.8,1,,,,,137.93,7,137.94,5,137.96,1,137.97,5,138.0,1,138.01,3,138.07,5,138.09,1,138.1,5,138.12,1
2020-10-29 09:31:39,137.905,137.88,1,137.88,3,137.93,7,137.93,137.88,137.88,3,137.87,1,137.86,5,137.85,5,137.84,3,137.83,4,137.82,2,137.8,1,,,,,137.93,7,137.94,5,137.96,1,137.97,5,138.0,1,138.01,3,138.07,5,138.09,1,138.1,5,138.12,1
2020-10-29 09:31:40,137.88,137.87,2,137.84,1,137.92,2,137.92,137.84,137.84,1,137.82,5,137.8,1,,,,,,,,,,,,,,,137.92,2,137.93,7,137.94,5,137.96,1,137.97,5,138.0,1,138.01,3,138.07,5,138.09,1,138.1,5
2020-10-29 09:31:41,137.885,137.86,1,137.84,1,137.93,7,137.93,137.84,137.84,1,137.82,5,137.8,1,,,,,,,,,,,,,,,137.93,7,137.94,5,137.96,1,137.97,5,138.0,1,138.01,3,138.07,5,138.09,1,138.1,5,138.12,1
2020-10-29 09:31:42,137.865,137.85,1,137.82,1,137.91,1,137.91,137.82,137.82,1,137.81,20,137.8,1,,,,,,,,,,,,,,,137.91,1,137.92,2,137.93,7,137.94,5,137.96,1,137.97,5,138.0,1,138.01,3,138.07,5,138.09,1
2020-10-29 09:31:43,137.865,137.85,1,137.82,1,137.91,5,137.91,137.82,137.82,1,137.81,20,137.8,1,,,,,,,,,,,,,,,137.91,5,137.92,2,137.93,7,137.94,5,137.96,1,137.97,5,138.0,1,138.01,3,138.07,5,138.09,1
2020-10-29 09:31:44,137.825,137.78,1,137.78,1,137.87,1,137.87,137.78,137.78,1,137.77,4,,,,,,,,,,,,,,,,,137.87,1,137.91,5,137.92,2,137.93,7,137.94,5,137.96,1,137.97,5,138.0,1,138.01,3,138.07,5
2020-10-29 09:31:45,137.825,137.78,1,137.78,1,137.87,1,137.87,137.78,137.78,1,137.77,4,,,,,,,,,,,,,,,,,137.87,1,137.91,5,137.92,2,137.93,7,137.94,5,137.96,1,137.97,5,138.0,1,138.01,3,138.07,5
2020-10-29 09:31:46,137.825,137.85,1,137.78,3,137.87,7,137.87,137.78,137.78,3,137.77,4,,,,,,,,,,,,,,,,,137.87,7,137.91,5,137.92,2,137.93,7,137.94,5,137.96,1,137.97,5,138.0,1,138.01,3,138.07,5
2020-10-29 09:31:47,137.825,137.85,1,137.78,5,137.87,7,137.87,137.78,137.78,5,137.77,4,,,,,,,,,,,,,,,,,137.87,7,137.91,5,137.92,2,137.93,7,137.94,5,137.96,1,137.97,5,138.0,1,138.01,3,138.07,5
2020-10-29 09:31:48,137.825,137.85,1,137.78,5,137.87,7,137.87,137.78,137.78,5,137.77,4,,,,,,,,,,,,,,,,,137.87,7,137.91,5,137.92,2,137.93,7,137.94,5,137.96,1,137.97,5,138.0,1,138.01,3,138.07,5
2020-10-29 09:31:49,137.81,137.77,1,137.75,6,137.87,7,137.87,137.75,137.75,6,,,,,,,,,,,,,,,,,,,137.87,7,137.91,5,137.92,2,137.93,7,137.94,5,137.96,1,137.97,5,138.0,1,138.01,3,138.07,5
2020-10-29 09:31:50,137.82,137.83,20,137.77,3,137.87,7,137.87,137.77,137.77,3,137.75,6,,,,,,,,,,,,,,,,,137.87,7,137.91,5,137.92,2,137.93,7,137.94,5,137.96,1,137.97,5,138.0,1,138.01,3,138.07,5
2020-10-29 09:31:51,137.825,137.83,20,137.78,2,137.87,7,137.87,137.78,137.78,2,137.77,3,137.75,6,,,,,,,,,,,,,,,137.87,7,137.91,5,137.92,2,137.93,7,137.94,5,137.96,1,137.97,5,138.0,1,138.01,3,138.07,5
2020-10-29 09:31:52,137.825,137.8,1,137.78,2,137.87,7,137.87,137.78,137.78,2,137.77,3,137.75,6,,,,,,,,,,,,,,,137.87,7,137.91,5,137.92,2,137.93,7,137.94,5,137.96,1,137.97,5,138.0,1,138.01,3,138.07,5
2020-10-29 09:31:53,137.785,137.82,1,137.75,6,137.82,3,137.82,137.75,137.75,6,,,,,,,,,,,,,,,,,,,137.82,3,137.86,3,137.87,7,137.91,5,137.92,2,137.93,7,137.94,5,137.96,1,137.97,5,138.0,1
2020-10-29 09:31:54,137.78,137.82,1,137.75,6,137.81,2,137.81,137.75,137.75,6,,,,,,,,,,,,,,,,,,,137.81,2,137.82,3,137.86,3,137.87,7,137.91,5,137.92,2,137.93,7,137.94,5,137.96,1,137.97,5
2020-10-29 09:31:55,137.73,137.77,1,137.67,3,137.79,5,137.79,137.67,137.67,3,137.65,1,137.64,11,,,,,,,,,,,,,,,137.79,5,137.8,1,137.81,2,137.82,3,137.86,3,137.87,7,137.91,5,137.92,2,137.93,7,137.94,5
2020-10-29 09:31:56,137.695,137.68,1,137.65,3,137.74,1,137.74,137.65,137.65,3,137.64,11,,,,,,,,,,,,,,,,,137.74,1,137.75,2,137.77,2,137.78,2,137.79,5,137.8,1,137.81,2,137.82,3,137.86,3,137.87,7
2020-10-29 09:31:57,137.695,137.68,1,137.65,3,137.74,2,137.74,137.65,137.65,3,137.64,11,,,,,,,,,,,,,,,,,137.74,2,137.77,2,137.78,2,137.79,5,137.8,1,137.81,2,137.82,3,137.86,3,137.87,7,137.91,5
2020-10-29 09:31:58,137.685,137.73,1,137.64,10,137.73,5,137.73,137.64,137.64,10,,,,,,,,,,,,,,,,,,,137.73,5,137.75,1,137.76,1,137.77,2,137.78,2,137.79,5,137.8,1,137.81,2,137.82,3,137.86,3
2020-10-29 09:31:59,137.69,137.73,1,137.69,3,137.73,1,137.78,137.69,137.65,2,137.64,11,,,,,,,,,,,,,,,,,137.73,1,137.76,2,137.77,2,137.78,2,137.79,5,137.8,1,137.81,2,137.82,3,137.86,3,137.87,7
2020-10-29 09:32:00,137.73,137.76,1,137.7,2,137.76,1,137.76,137.7,137.7,2,137.69,3,137.66,2,137.65,2,137.64,11,,,,,,,,,,,137.76,1,137.78,2,137.79,5,137.8,1,137.81,2,137.82,3,137.86,3,137.87,7,137.91,5,137.92,2
2020-10-29 09:32:01,137.71,137.7,1,137.67,3,137.75,3,137.75,137.67,137.67,3,137.66,1,137.65,3,137.64,11,,,,,,,,,,,,,137.75,3,137.76,3,137.78,2,137.79,5,137.8,1,137.81,2,137.82,3,137.86,3,137.87,7,137.91,5
2020-10-29 09:32:02,137.72,137.7,1,137.68,2,137.76,3,137.76,137.68,137.68,2,137.67,3,137.66,1,137.65,3,137.64,11,,,,,,,,,,,137.76,3,137.78,2,137.79,5,137.8,1,137.81,2,137.82,3,137.86,3,137.87,7,137.91,5,137.92,2
2020-10-29 09:32:03,137.665,137.66,2,137.65,1,137.68,2,137.68,137.65,137.65,1,137.64,10,,,,,,,,,,,,,,,,,137.68,2,137.74,1,137.75,1,137.76,3,137.78,2,137.79,5,137.8,1,137.81,2,137.82,3,137.86,3
2020-10-29 09:32:04,137.665,137.68,1,137.65,1,137.68,4,137.68,137.65,137.65,1,137.64,10,,,,,,,,,,,,,,,,,137.68,4,137.74,1,137.75,1,137.76,3,137.78,2,137.79,5,137.8,1,137.81,2,137.82,3,137.86,3
2020-10-29 09:32:05,137.66,137.68,1,137.64,10,137.68,4,137.68,137.64,137.64,10,,,,,,,,,,,,,,,,,,,137.68,4,137.74,1,137.75,1,137.76,3,137.78,2,137.79,5,137.8,1,137.81,2,137.82,3,137.86,3
2020-10-29 09:32:06,137.72,137.71,1,137.68,2,137.76,3,137.76,137.68,137.68,2,137.66,2,137.64,12,,,,,,,,,,,,,,,137.76,3,137.78,2,137.79,5,137.8,1,137.81,2,137.82,3,137.86,3,137.87,7,137.91,5,137.92,2
2020-10-29 09:32:07,137.69,137.71,1,137.64,11,137.74,1,137.74,137.64,137.64,11,,,,,,,,,,,,,,,,,,,137.74,1,137.75,2,137.76,3,137.78,2,137.79,5,137.8,1,137.81,2,137.82,3,137.86,3,137.87,7
2020-10-29 09:32:08,137.685,137.71,1,137.64,10,137.73,4,137.73,137.64,137.64,10,,,,,,,,,,,,,,,,,,,137.73,4,137.74,1,137.75,2,137.76,3,137.78,2,137.79,5,137.8,1,137.81,2,137.82,3,137.86,3
2020-10-29 09:32:09,137.62,137.64,2,137.6,4,137.64,2,137.64,137.6,137.6,4,,,,,,,,,,,,,,,,,,,137.64,2,137.7,1,137.72,1,137.73,4,137.74,1,137.75,2,137.76,3,137.78,2,137.79,5,137.8,1
2020-10-29 09:32:10,137.62,137.64,2,137.6,4,137.64,2,137.64,137.6,137.6,4,,,,,,,,,,,,,,,,,,,137.64,2,137.7,1,137.72,1,137.73,4,137.74,1,137.75,2,137.76,3,137.78,2,137.79,5,137.8,1
2020-10-29 09:32:11,137.62,137.62,1,137.6,1,137.64,3,137.64,137.6,137.6,1,137.58,1,,,,,,,,,,,,,,,,,137.64,3,137.7,1,137.72,1,137.73,4,137.74,1,137.75,2,137.76,3,137.78,2,137.79,5,137.8,1
2020-10-29 09:32:12,137.67,137.64,1,137.61,4,137.73,3,137.73,137.61,137.61,4,137.6,1,137.58,3,,,,,,,,,,,,,,,137.73,3,137.74,1,137.75,2,137.76,3,137.78,2,137.79,5,137.8,1,137.81,2,137.82,3,137.86,3
2020-10-29 09:32:13,137.67,137.61,4,137.61,4,137.73,4,137.73,137.61,137.61,4,137.6,1,137.58,3,,,,,,,,,,,,,,,137.73,4,137.74,1,137.75,2,137.76,3,137.78,2,137.79,5,137.8,1,137.81,2,137.82,3,137.86,3
2020-10-29 09:32:14,137.665,137.61,4,137.61,4,137.72,1,137.72,137.61,137.61,4,137.6,1,137.58,3,,,,,,,,,,,,,,,137.72,1,137.73,4,137.74,1,137.75,2,137.76,3,137.78,2,137.79,5,137.8,1,137.81,2,137.82,3
2020-10-29 09:32:15,137.665,137.64,1,137.61,4,137.72,1,137.72,137.61,137.61,4,137.6,1,137.58,3,,,,,,,,,,,,,,,137.72,1,137.73,4,137.74,1,137.75,2,137.76,3,137.78,2,137.79,5,137.8,1,137.81,2,137.82,3
2020-10-29 09:32:16,137.67,137.64,1,137.61,4,137.73,4,137.73,137.61,137.61,4,137.6,1,137.58,3,,,,,,,,,,,,,,,137.73,4,137.74,1,137.75,2,137.76,3,137.78,2,137.79,5,137.8,1,137.81,2,137.82,3,137.86,3
2020-10-29 09:32:17,137.59,137.6,1,137.57,1,137.61,2,137.61,137.57,137.57,1,,,,,,,,,,,,,,,,,,,137.61,2,137.7,1,137.72,1,137.73,4,137.74,1,137.75,2,137.76,3,137.78,2,137.79,5,137.8,1
2020-10-29 09:32:18,137.54,137.58,1,137.5,25,137.58,3,137.58,137.5,137.5,25,,,,,,,,,,,,,,,,,,,137.58,3,137.6,2,137.61,3,137.7,1,137.72,1,137.73,4,137.74,1,137.75,2,137.76,3,137.78,2
2020-10-29 09:32:19,137.455,137.42,1,137.41,5,137.5,7,137.5,137.41,137.41,5,137.4,4,137.39,1,,,,,,,,,,,,,,,137.5,7,137.58,4,137.6,2,137.61,3,137.7,1,137.72,1,137.73,4,137.74,1,137.75,2,137.76,3
2020-10-29 09:32:20,137.46,137.44,2,137.42,3,137.5,8,137.5,137.42,137.42,3,137.41,5,137.4,4,137.39,1,,,,,,,,,,,,,137.5,8,137.58,4,137.6,2,137.61,3,137.7,1,137.72,1,137.73,4,137.74,1,137.75,2,137.76,3
2020-10-29 09:32:21,137.435,137.44,2,137.39,2,137.48,1,137.48,137.39,137.39,2,,,,,,,,,,,,,,,,,,,137.48,1,137.5,8,137.58,4,137.6,2,137.61,3,137.7,1,137.72,1,137.73,4,137.74,1,137.75,2
2020-10-29 09:32:22,137.435,137.44,2,137.39,2,137.48,1,137.48,137.39,137.39,2,,,,,,,,,,,,,,,,,,,137.48,1,137.5,8,137.58,4,137.6,2,137.61,3,137.7,1,137.72,1,137.73,4,137.74,1,137.75,2
2020-10-29 09:32:23,137.33,137.33,1,137.29,2,137.37,4,137.37,137.29,137.29,2,137.27,2,,,,,,,,,,,,,,,,,137.37,4,137.39,1,137.47,1,137.48,3,137.5,8,137.58,4,137.6,2,137.61,3,137.7,1,137.72,1
2020-10-29 09:32:24,137.375,137.38,1,137.32,3,137.43,3,137.43,137.32,137.32,3,137.29,4,137.27,2,,,,,,,,,,,,,,,137.43,3,137.44,1,137.46,1,137.47,1,137.48,3,137.5,8,137.58,4,137.6,2,137.61,3,137.7,1
2020-10-29 09:32:25,137.38,137.32,2,137.32,3,137.44,1,137.44,137.32,137.32,3,137.29,4,137.27,2,,,,,,,,,,,,,,,137.44,1,137.48,2,137.5,8,137.58,4,137.6,2,137.61,3,137.7,1,137.72,1,137.73,4,137.74,1
2020-10-29 09:32:26,137.38,137.32,2,137.32,3,137.44,1,137.44,137.32,137.32,3,137.29,4,137.27,2,,,,,,,,,,,,,,,137.44,1,137.48,2,137.5,8,137.58,4,137.6,2,137.61,3,137.7,1,137.72,1,137.73,4,137.74,1
2020-10-29 09:32:27,137.3,137.38,1,137.28,3,137.32,2,137.32,137.28,137.28,3,137.25,6,,,,,,,,,,,,,,,,,137.32,2,137.4,1,137.45,1,137.46,1,137.48,2,137.5,8,137.58,4,137.6,2,137.61,3,137.7,1
2020-10-29 09:32:28,137.3,137.28,2,137.28,2,137.32,2,137.32,137.28,137.28,2,137.27,1,137.25,6,,,,,,,,,,,,,,,137.32,2,137.4,1,137.45,1,137.46,1,137.48,2,137.5,8,137.58,4,137.6,2,137.61,3,137.7,1
2020-10-29 09:32:29,137.295,137.28,2,137.27,1,137.32,2,137.32,137.27,137.27,1,137.25,6,,,,,,,,,,,,,,,,,137.32,2,137.4,1,137.45,1,137.46,1,137.48,2,137.5,8,137.58,4,137.6,2,137.61,3,137.7,1
2020-10-29 09:32:30,137.345,137.32,1,137.31,2,137.38,1,137.38,137.31,137.31,2,137.29,1,137.28,2,137.27,1,137.25,6,,,,,,,,,,,137.38,1,137.4,1,137.45,1,137.46,1,137.48,2,137.5,8,137.58,4,137.6,2,137.61,3,137.7,1
2020-10-29 09:32:31,137.345,137.36,1,137.31,2,137.38,1,137.38,137.31,137.31,2,137.29,1,137.28,2,137.27,1,137.25,6,,,,,,,,,,,137.38,1,137.4,1,137.45,1,137.46,1,137.48,2,137.5,8,137.58,4,137.6,2,137.61,3,137.7,1
2020-10-29 09:32:32,137.345,137.36,1,137.31,2,137.38,1,137.38,137.31,137.31,2,137.29,1,137.28,2,137.27,1,137.25,6,,,,,,,,,,,137.38,1,137.4,1,137.45,1,137.46,1,137.48,2,137.5,8,137.58,4,137.6,2,137.61,3,137.7,1
2020-10-29 09:32:33,137.415,137.36,1,137.35,2,137.48,1,137.48,137.35,137.35,2,137.34,2,137.33,2,137.32,3,137.31,2,137.29,1,137.28,2,137.27,1,137.25,6,,,137.48,1,137.53,3,137.58,4,137.6,2,137.61,3,137.7,1,137.72,1,137.73,4,137.74,1,137.75,2
2020-10-29 09:32:34,137.415,137.41,1,137.35,2,137.48,1,137.48,137.35,137.35,2,137.34,2,137.33,2,137.32,3,137.31,2,137.29,1,137.28,2,137.27,1,137.25,6,,,137.48,1,137.53,3,137.58,4,137.6,2,137.61,3,137.7,1,137.72,1,137.73,4,137.74,1,137.75,2
2020-10-29 09:32:35,137.415,137.35,2,137.35,4,137.48,1,137.48,137.35,137.35,4,137.34,2,137.33,2,137.32,3,137.31,2,137.29,1,137.28,2,137.27,1,137.25,6,,,137.48,1,137.53,3,137.58,4,137.6,2,137.61,3,137.7,1,137.72,1,137.73,4,137.74,1,137.75,2
2020-10-29 09:32:36,137.415,137.35,2,137.35,4,137.48,1,137.48,137.35,137.35,4,137.34,2,137.33,2,137.32,3,137.31,2,137.29,1,137.28,2,137.27,1,137.25,6,,,137.48,1,137.53,3,137.58,4,137.6,2,137.61,3,137.7,1,137.72,1,137.73,4,137.74,1,137.75,2
2020-10-29 09:32:37,137.415,137.42,10,137.35,4,137.48,1,137.48,137.35,137.35,4,137.34,2,137.33,2,137.32,3,137.31,2,137.29,1,137.28,2,137.27,1,137.25,6,,,137.48,1,137.53,3,137.58,4,137.6,2,137.61,3,137.7,1,137.72,1,137.73,4,137.74,1,137.75,2
2020-10-29 09:32:38,137.415,137.42,10,137.35,4,137.48,1,137.48,137.35,137.35,4,137.34,2,137.33,2,137.32,3,137.31,2,137.29,1,137.28,2,137.27,1,137.25,6,,,137.48,1,137.53,3,137.58,4,137.6,2,137.61,3,137.7,1,137.72,1,137.73,4,137.74,1,137.75,2
2020-10-29 09:32:39,137.365,137.47,1,137.31,3,137.42,2,137.42,137.31,137.31,3,137.29,1,137.28,2,137.27,1,137.25,6,,,,,,,,,,,137.42,2,137.45,3,137.47,1,137.48,3,137.53,3,137.58,4,137.6,2,137.61,3,137.7,1,137.72,1
2020-10-29 09:32:40,137.36,137.31,1,137.3,4,137.42,3,137.42,137.3,137.3,4,137.29,1,137.28,2,137.27,1,137.25,6,,,,,,,,,,,137.42,3,137.45,3,137.47,1,137.48,3,137.53,3,137.58,4,137.6,2,137.61,3,137.7,1,137.72,1
2020-10-29 09:32:41,137.305,137.35,1,137.25,7,137.36,2,137.36,137.25,137.25,7,,,,,,,,,,,,,,,,,,,137.36,2,137.42,3,137.45,3,137.47,1,137.48,3,137.53,3,137.58,4,137.6,2,137.61,3,137.7,1
2020-10-29 09:32:42,137.305,137.35,1,137.25,6,137.36,2,137.36,137.25,137.25,6,,,,,,,,,,,,,,,,,,,137.36,2,137.42,3,137.45,3,137.47,1,137.48,3,137.53,3,137.58,4,137.6,2,137.61,3,137.7,1
2020-10-29 09:32:43,137.21,137.21,1,137.17,3,137.25,4,137.25,137.17,137.17,3,137.15,1,,,,,,,,,,,,,,,,,137.25,4,137.32,2,137.36,2,137.42,3,137.45,3,137.47,1,137.48,3,137.53,3,137.58,4,137.6,2
2020-10-29 09:32:44,137.275,137.22,1,137.22,2,137.33,1,137.33,137.22,137.22,2,137.21,4,137.18,1,137.17,3,137.15,1,,,,,,,,,,,137.33,1,137.36,2,137.42,3,137.45,3,137.47,1,137.48,3,137.53,3,137.58,4,137.6,2,137.61,3
2020-10-29 09:32:45,137.325,137.22,1,137.26,2,137.39,1,137.39,137.26,137.26,2,137.25,5,137.23,3,137.22,4,137.21,4,137.18,1,137.17,3,137.15,1,,,,,137.39,1,137.42,3,137.45,3,137.47,1,137.48,3,137.53,3,137.58,4,137.6,2,137.61,3,137.7,1
2020-10-29 09:32:47,137.39,137.33,1,137.33,4,137.45,1,137.45,137.33,137.33,4,137.32,2,137.29,2,137.28,5,137.27,7,137.26,2,137.25,5,137.23,3,137.22,4,137.21,4,137.45,1,137.46,1,137.47,1,137.48,3,137.53,3,137.58,4,137.6,2,137.61,3,137.7,1,137.72,1
2020-10-29 09:32:47,137.39,137.39,1,137.33,4,137.45,1,137.45,137.33,137.33,4,137.32,2,137.29,2,137.28,5,137.27,7,137.26,2,137.25,5,137.23,3,137.22,4,137.21,4,137.45,1,137.46,1,137.47,1,137.48,3,137.53,3,137.58,4,137.6,2,137.61,3,137.7,1,137.72,1
2020-10-29 09:32:48,137.39,137.39,1,137.33,4,137.45,1,137.45,137.33,137.33,4,137.32,2,137.29,2,137.28,5,137.27,7,137.26,2,137.25,5,137.23,3,137.22,4,137.21,4,137.45,1,137.46,1,137.47,1,137.48,3,137.53,3,137.58,4,137.6,2,137.61,3,137.7,1,137.72,1
2020-10-29 09:32:49,137.395,137.33,1,137.34,2,137.45,2,137.45,137.34,137.34,2,137.33,4,137.32,2,137.29,2,137.28,5,137.27,7,137.26,2,137.25,5,137.23,3,137.22,4,137.45,2,137.46,1,137.47,1,137.48,3,137.53,3,137.58,4,137.6,2,137.61,3,137.7,1,137.72,1
2020-10-29 09:32:50,137.405,137.33,1,137.36,2,137.45,2,137.45,137.36,137.36,2,137.35,5,137.34,2,137.33,4,137.32,2,137.29,2,137.28,5,137.27,7,137.26,2,137.25,5,137.45,2,137.46,1,137.47,1,137.48,3,137.53,3,137.58,4,137.6,2,137.61,3,137.7,1,137.72,1
2020-10-29 09:32:51,137.44,137.44,1,137.4,2,137.48,4,137.48,137.4,137.4,2,137.36,2,137.35,5,137.34,2,137.33,4,137.32,2,137.29,2,137.28,5,137.27,7,137.26,2,137.48,4,137.53,3,137.58,4,137.6,2,137.61,3,137.7,1,137.72,1,137.73,4,137.74,1,137.75,2
2020-10-29 09:32:52,137.445,137.44,1,137.41,5,137.48,1,137.48,137.41,137.41,5,137.4,2,137.36,2,137.35,5,137.34,2,137.33,4,137.32,2,137.29,2,137.28,5,137.27,7,137.48,1,137.53,2,137.58,4,137.6,2,137.61,3,137.7,1,137.72,1,137.73,4,137.74,1,137.75,2
2020-10-29 09:32:53,137.47,137.46,3,137.41,5,137.53,3,137.53,137.41,137.41,5,137.4,2,137.36,2,137.35,5,137.34,2,137.33,4,137.32,2,137.29,2,137.28,5,137.27,7,137.53,3,137.58,4,137.6,2,137.61,3,137.7,1,137.72,1,137.73,4,137.74,1,137.75,2,137.76,3
2020-10-29 09:32:54,137.505,137.48,1,137.46,2,137.55,1,137.55,137.46,137.46,2,137.45,5,137.43,1,137.42,2,137.41,5,137.4,2,137.36,2,137.35,5,137.34,2,137.33,4,137.55,1,137.58,4,137.6,2,137.61,3,137.7,1,137.72,1,137.73,4,137.74,1,137.75,2,137.76,3
2020-10-29 09:32:55,137.575,137.48,1,137.51,4,137.64,1,137.64,137.51,137.51,4,137.5,1,137.48,1,137.47,5,137.46,5,137.45,5,137.43,1,137.42,2,137.41,5,137.4,2,137.64,1,137.67,1,137.7,1,137.72,1,137.73,4,137.74,1,137.75,2,137.76,3,137.78,2,137.79,5
2020-10-29 09:32:57,137.625,137.48,1,137.56,3,137.69,1,137.69,137.56,137.56,3,137.55,5,137.54,2,137.53,2,137.52,3,137.51,4,137.5,1,137.48,1,137.47,5,137.46,5,137.69,1,137.7,1,137.72,1,137.73,4,137.74,1,137.75,2,137.76,3,137.78,2,137.79,5,137.8,1
2020-10-29 09:32:57,137.625,137.69,1,137.56,6,137.69,1,137.69,137.56,137.56,6,137.55,5,137.54,2,137.53,2,137.52,3,137.51,4,137.5,1,137.48,1,137.47,5,137.46,5,137.69,1,137.7,1,137.72,1,137.73,4,137.74,1,137.75,2,137.76,3,137.78,2,137.79,5,137.8,1
2020-10-29 09:32:59,137.625,137.57,6,137.56,6,137.69,1,137.69,137.56,137.56,6,137.55,5,137.54,2,137.53,2,137.52,3,137.51,4,137.5,1,137.48,1,137.47,5,137.46,5,137.69,1,137.7,1,137.72,1,137.73,4,137.74,1,137.75,2,137.76,3,137.78,2,137.79,5,137.8,1
2020-10-29 09:33:00,137.625,137.56,1,137.56,6,137.69,2,137.69,137.56,137.56,6,137.55,5,137.54,2,137.53,2,137.52,3,137.51,4,137.5,1,137.48,1,137.47,5,137.46,5,137.69,2,137.7,1,137.72,1,137.73,4,137.74,1,137.75,2,137.76,3,137.78,2,137.79,5,137.8,1
2020-10-29 09:33:01,137.65,137.65,1,137.61,5,137.69,1,137.69,137.61,137.61,5,137.6,2,137.59,2,137.56,6,137.55,5,137.54,2,137.53,2,137.52,3,137.51,4,137.5,1,137.69,1,137.7,1,137.72,1,137.73,4,137.74,1,137.75,2,137.76,3,137.78,2,137.79,5,137.8,1
2020-10-29 09:33:02,137.645,137.65,1,137.6,2,137.69,1,137.69,137.6,137.6,2,137.59,2,137.56,6,137.55,5,137.54,2,137.53,2,137.52,3,137.51,4,137.5,1,137.48,1,137.69,1,137.7,1,137.72,1,137.73,4,137.74,1,137.75,2,137.76,3,137.78,2,137.79,5,137.8,1
2020-10-29 09:33:03,137.57,137.6,1,137.52,5,137.62,3,137.62,137.52,137.52,5,137.51,7,137.5,1,137.48,1,137.47,5,137.46,5,137.45,5,137.43,1,137.42,2,137.41,5,137.62,3,137.64,1,137.69,1,137.7,1,137.72,1,137.73,4,137.74,1,137.75,2,137.76,3,137.78,2
2020-10-29 09:33:04,137.605,137.6,1,137.53,2,137.68,1,137.68,137.53,137.53,2,137.52,5,137.51,7,137.5,1,137.48,1,137.47,5,137.46,5,137.45,5,137.43,1,137.42,2,137.68,1,137.69,1,137.7,1,137.72,1,137.73,4,137.74,1,137.75,2,137.76,3,137.78,2,137.79,5
2020-10-29 09:33:05,137.605,137.6,1,137.53,2,137.68,1,137.68,137.53,137.53,2,137.52,5,137.51,7,137.5,1,137.48,1,137.47,5,137.46,5,137.45,5,137.43,1,137.42,2,137.68,1,137.69,1,137.7,1,137.72,1,137.73,4,137.74,1,137.75,2,137.76,3,137.78,2,137.79,5
2020-10-29 09:33:06,137.635,137.54,1,137.59,2,137.68,3,137.68,137.59,137.59,2,137.58,2,137.56,2,137.55,2,137.54,3,137.53,5,137.52,5,137.51,7,137.5,1,137.48,1,137.68,3,137.69,1,137.7,1,137.72,1,137.73,4,137.74,1,137.75,2,137.76,3,137.78,2,137.79,5
2020-10-29 09:33:07,137.63,137.61,5,137.58,2,137.68,3,137.68,137.58,137.58,2,137.57,1,137.56,2,137.55,2,137.54,3,137.53,5,137.52,5,137.51,7,137.5,1,137.48,1,137.68,3,137.69,1,137.7,1,137.72,1,137.73,4,137.74,1,137.75,2,137.76,3,137.78,2,137.79,5
2020-10-29 09:33:08,137.665,137.63,1,137.63,2,137.7,1,137.7,137.63,137.63,2,137.59,1,137.58,7,137.57,1,137.56,2,137.55,2,137.54,3,137.53,5,137.52,5,137.51,7,137.7,1,137.72,1,137.73,4,137.74,1,137.75,2,137.76,3,137.78,2,137.79,5,137.8,1,137.81,2
2020-10-29 09:33:09,137.65,137.63,10,137.6,5,137.7,1,137.7,137.6,137.6,5,137.59,1,137.58,7,137.57,1,137.56,2,137.55,2,137.54,3,137.53,5,137.52,5,137.51,7,137.7,1,137.72,1,137.73,4,137.74,1,137.75,2,137.76,3,137.78,2,137.79,5,137.8,1,137.81,2
2020-10-29 09:33:10,137.595,137.6,1,137.51,9,137.68,3,137.68,137.51,137.51,9,137.5,1,137.48,1,137.47,5,137.46,5,137.45,5,137.43,1,137.42,2,137.41,5,137.4,2,137.68,3,137.69,2,137.7,1,137.72,1,137.73,4,137.74,1,137.75,2,137.76,3,137.78,2,137.79,5
2020-10-29 09:33:11,137.6,137.6,1,137.52,1,137.68,4,137.68,137.52,137.52,1,137.51,9,137.5,1,137.48,1,137.47,5,137.46,5,137.45,5,137.43,1,137.42,2,137.41,5,137.68,4,137.69,2,137.7,1,137.72,1,137.73,4,137.74,1,137.75,2,137.76,3,137.78,2,137.79,5
2020-10-29 09:33:12,137.62,137.6,1,137.56,1,137.68,4,137.68,137.56,137.56,1,137.52,1,137.51,9,137.5,1,137.48,1,137.47,5,137.46,5,137.45,5,137.43,1,137.42,2,137.68,4,137.69,2,137.7,1,137.72,1,137.73,4,137.74,1,137.75,2,137.76,3,137.78,2,137.79,5
2020-10-29 09:33:13,137.58,137.51,1,137.51,9,137.65,4,137.65,137.51,137.51,9,137.5,1,137.48,1,137.47,5,137.46,5,137.45,5,137.43,1,137.42,2,137.41,5,137.4,2,137.65,4,137.67,1,137.68,4,137.69,2,137.7,1,137.72,1,137.73,4,137.74,1,137.75,2,137.76,3
2020-10-29 09:33:14,137.605,137.51,1,137.56,2,137.65,4,137.65,137.56,137.56,2,137.55,3,137.53,1,137.51,9,137.5,1,137.48,1,137.47,5,137.46,5,137.45,5,137.43,1,137.65,4,137.67,1,137.68,4,137.69,2,137.7,1,137.72,1,137.73,4,137.74,1,137.75,2,137.76,3
2020-10-29 09:33:15,137.605,137.51,1,137.56,4,137.65,4,137.65,137.56,137.56,4,137.55,3,137.53,1,137.51,9,137.5,1,137.48,1,137.47,5,137.46,5,137.45,5,137.43,1,137.65,4,137.67,1,137.68,4,137.69,2,137.7,1,137.72,1,137.73,4,137.74,1,137.75,2,137.76,3
2020-10-29 09:33:16,137.605,137.56,1,137.56,4,137.65,4,137.65,137.56,137.56,4,137.55,3,137.53,1,137.51,9,137.5,1,137.48,1,137.47,5,137.46,5,137.45,5,137.43,1,137.65,4,137.67,1,137.68,4,137.69,2,137.7,1,137.72,1,137.73,4,137.74,1,137.75,2,137.76,3
2020-10-29 09:33:17,137.605,137.56,1,137.56,4,137.65,4,137.65,137.56,137.56,4,137.55,3,137.53,1,137.51,9,137.5,1,137.48,1,137.47,5,137.46,5,137.45,5,137.43,1,137.65,4,137.67,1,137.68,4,137.69,2,137.7,1,137.72,1,137.73,4,137.74,1,137.75,2,137.76,3
2020-10-29 09:33:18,137.605,137.56,1,137.56,5,137.65,4,137.65,137.56,137.56,5,137.55,3,137.53,1,137.51,9,137.5,1,137.48,1,137.47,5,137.46,5,137.45,5,137.43,1,137.65,4,137.67,1,137.68,4,137.69,2,137.7,1,137.72,1,137.73,4,137.74,1,137.75,2,137.76,3
2020-10-29 09:33:18,137.605,137.56,1,137.56,5,137.65,4,137.65,137.56,137.56,5,137.55,3,137.53,1,137.51,9,137.5,1,137.48,1,137.47,5,137.46,5,137.45,5,137.43,1,137.65,4,137.67,1,137.68,4,137.69,2,137.7,1,137.72,1,137.73,4,137.74,1,137.75,2,137.76,3
2020-10-29 09:33:20,137.575,137.6,1,137.53,2,137.62,1,137.62,137.53,137.53,2,137.51,7,137.5,1,137.48,1,137.47,5,137.46,5,137.45,5,137.43,1,137.42,2,137.41,5,137.62,1,137.65,5,137.67,1,137.68,4,137.69,2,137.7,1,137.72,1,137.73,4,137.74,1,137.75,2
2020-10-29 09:33:21,137.58,137.6,1,137.53,2,137.63,4,137.63,137.53,137.53,2,137.51,7,137.5,1,137.48,1,137.47,5,137.46,5,137.45,5,137.43,1,137.42,2,137.41,5,137.63,4,137.65,4,137.67,1,137.68,4,137.69,2,137.7,1,137.72,1,137.73,4,137.74,1,137.75,2
2020-10-29 09:33:22,137.58,137.6,1,137.53,2,137.63,4,137.63,137.53,137.53,2,137.51,7,137.5,1,137.48,1,137.47,5,137.46,5,137.45,5,137.43,1,137.42,2,137.41,5,137.63,4,137.65,4,137.67,1,137.68,4,137.69,2,137.7,1,137.72,1,137.73,4,137.74,1,137.75,2
2020-10-29 09:33:23,137.58,137.6,1,137.53,2,137.63,4,137.63,137.53,137.53,2,137.51,7,137.5,1,137.48,1,137.47,5,137.46,5,137.45,5,137.43,1,137.42,2,137.41,5,137.63,4,137.65,4,137.67,1,137.68,4,137.69,2,137.7,1,137.72,1,137.73,4,137.74,1,137.75,2
2020-10-29 09:33:24,137.58,137.6,1,137.53,2,137.63,4,137.63,137.53,137.53,2,137.51,7,137.5,1,137.48,1,137.47,5,137.46,5,137.45,5,137.43,1,137.42,2,137.41,5,137.63,4,137.65,4,137.67,1,137.68,4,137.69,2,137.7,1,137.72,1,137.73,4,137.74,1,137.75,2
2020-10-29 09:33:25,137.58,137.59,1,137.53,2,137.63,5,137.63,137.53,137.53,2,137.51,7,137.5,1,137.48,1,137.47,5,137.46,5,137.45,5,137.43,1,137.42,2,137.41,5,137.63,5,137.65,4,137.67,1,137.68,4,137.69,2,137.7,1,137.72,1,137.73,4,137.74,1,137.75,2
2020-10-29 09:33:26,137.58,137.56,10,137.53,2,137.63,5,137.63,137.53,137.53,2,137.51,7,137.5,1,137.48,1,137.47,5,137.46,5,137.45,5,137.43,1,137.42,2,137.41,5,137.63,5,137.65,4,137.67,1,137.68,4,137.69,2,137.7,1,137.72,1,137.73,4,137.74,1,137.75,2
2020-10-29 09:33:27,137.58,137.53,1,137.53,2,137.63,5,137.63,137.53,137.53,2,137.51,7,137.5,1,137.48,1,137.47,5,137.46,5,137.45,5,137.43,1,137.42,2,137.41,5,137.63,5,137.65,4,137.67,1,137.68,4,137.69,2,137.7,1,137.72,1,137.73,4,137.74,1,137.75,2
2020-10-29 09:33:28,137.58,137.53,1,137.53,2,137.63,5,137.63,137.53,137.53,2,137.51,7,137.5,1,137.48,1,137.47,5,137.46,5,137.45,5,137.43,1,137.42,2,137.41,5,137.63,5,137.65,4,137.67,1,137.68,4,137.69,2,137.7,1,137.72,1,137.73,4,137.74,1,137.75,2
2020-10-29 09:33:29,137.58,137.53,1,137.53,2,137.63,5,137.63,137.53,137.53,2,137.51,7,137.5,1,137.48,1,137.47,5,137.46,5,137.45,5,137.43,1,137.42,2,137.41,5,137.63,5,137.65,4,137.67,1,137.68,4,137.69,2,137.7,1,137.72,1,137.73,4,137.74,1,137.75,2
2020-10-29 09:33:30,137.57,137.53,1,137.52,2,137.62,1,137.62,137.52,137.52,2,137.51,7,137.5,1,137.48,1,137.47,5,137.46,5,137.45,5,137.43,1,137.42,2,137.41,5,137.62,1,137.63,5,137.65,4,137.67,1,137.68,4,137.69,2,137.7,1,137.72,1,137.73,4,137.74,1
2020-10-29 09:33:31,137.49,137.47,1,137.45,6,137.53,1,137.53,137.45,137.45,6,137.43,1,137.42,2,137.41,5,137.4,2,137.36,2,137.35,5,137.34,2,137.33,4,137.32,2,137.53,1,137.54,2,137.57,1,137.58,1,137.62,3,137.63,5,137.65,4,137.67,1,137.68,4,137.69,2
2020-10-29 09:33:32,137.49,137.45,1,137.45,6,137.53,1,137.53,137.45,137.45,6,137.43,1,137.42,2,137.41,5,137.4,2,137.36,2,137.35,5,137.34,2,137.33,4,137.32,2,137.53,1,137.54,2,137.57,1,137.58,1,137.62,3,137.63,5,137.65,4,137.67,1,137.68,4,137.69,2
2020-10-29 09:33:33,137.49,137.49,1,137.45,7,137.53,7,137.53,137.45,137.45,7,137.43,1,137.42,2,137.41,5,137.4,2,137.36,2,137.35,5,137.34,2,137.33,4,137.32,2,137.53,7,137.54,2,137.57,1,137.58,1,137.62,3,137.63,5,137.65,4,137.67,1,137.68,4,137.69,2
2020-10-29 09:33:34,137.44,137.44,1,137.36,4,137.52,5,137.52,137.36,137.36,4,137.35,5,137.34,2,137.33,4,137.32,2,137.29,2,137.28,5,137.27,7,137.26,2,137.25,5,137.52,5,137.53,7,137.54,2,137.57,1,137.58,1,137.62,3,137.63,5,137.65,4,137.67,1,137.68,4
2020-10-29 09:33:35,137.435,137.51,1,137.36,2,137.51,7,137.51,137.36,137.36,2,137.33,5,137.32,2,137.29,2,137.28,5,137.27,7,137.26,2,137.25,5,137.23,3,137.22,4,137.51,7,137.52,5,137.53,7,137.54,2,137.57,1,137.58,1,137.62,3,137.63,5,137.65,4,137.67,1
2020-10-29 09:33:36,137.365,137.34,1,137.31,2,137.42,3,137.42,137.31,137.31,2,137.3,1,137.29,2,137.28,5,137.27,7,137.26,2,137.25,5,137.23,3,137.22,4,137.21,4,137.42,3,137.43,2,137.49,1,137.51,7,137.52,5,137.53,7,137.54,2,137.57,1,137.58,1,137.62,3
2020-10-29 09:33:37,137.355,137.34,1,137.3,1,137.41,3,137.41,137.3,137.3,1,137.29,2,137.28,5,137.27,7,137.26,2,137.25,5,137.23,3,137.22,4,137.21,4,137.18,1,137.41,3,137.42,3,137.43,2,137.49,1,137.51,7,137.52,5,137.53,7,137.54,2,137.57,1,137.58,1
2020-10-29 09:33:38,137.355,137.34,1,137.3,4,137.41,3,137.41,137.3,137.3,4,137.29,2,137.28,5,137.27,7,137.26,2,137.25,5,137.23,3,137.22,4,137.21,4,137.18,1,137.41,3,137.42,8,137.43,2,137.49,1,137.51,7,137.52,5,137.53,7,137.54,2,137.57,1,137.58,1
2020-10-29 09:33:39,137.37,137.37,1,137.32,2,137.42,8,137.42,137.32,137.32,2,137.3,4,137.29,2,137.28,5,137.27,7,137.26,2,137.25,5,137.23,3,137.22,4,137.21,4,137.42,8,137.43,2,137.49,1,137.51,7,137.52,5,137.53,7,137.54,2,137.57,1,137.58,1,137.62,3
2020-10-29 09:33:40,137.37,137.37,1,137.32,2,137.42,8,137.42,137.32,137.32,2,137.3,4,137.29,2,137.28,5,137.27,7,137.26,2,137.25,5,137.23,3,137.22,4,137.21,4,137.42,8,137.43,2,137.49,1,137.51,7,137.52,5,137.53,7,137.54,2,137.57,1,137.58,1,137.62,3
2020-10-29 09:33:41,137.38,137.37,1,137.34,3,137.42,8,137.42,137.34,137.34,3,137.32,5,137.3,4,137.29,2,137.28,5,137.27,7,137.26,2,137.25,5,137.23,3,137.22,4,137.42,8,137.43,2,137.49,1,137.51,7,137.52,5,137.53,7,137.54,2,137.57,1,137.58,1,137.62,3
2020-10-29 09:33:42,137.38,137.37,1,137.34,3,137.42,8,137.42,137.34,137.34,3,137.32,5,137.3,4,137.29,2,137.28,5,137.27,7,137.26,2,137.25,5,137.23,3,137.22,4,137.42,8,137.43,2,137.49,1,137.51,7,137.52,5,137.53,7,137.54,2,137.57,1,137.58,1,137.62,3
2020-10-29 09:33:43,137.38,137.37,1,137.34,6,137.42,8,137.42,137.34,137.34,6,137.32,5,137.3,4,137.29,2,137.28,5,137.27,7,137.26,2,137.25,5,137.23,3,137.22,4,137.42,8,137.43,2,137.49,1,137.51,7,137.52,5,137.53,7,137.54,2,137.57,1,137.58,1,137.62,3
2020-10-29 09:33:44,137.38,137.34,4,137.34,7,137.42,8,137.42,137.34,137.34,7,137.32,5,137.3,4,137.29,2,137.28,5,137.27,7,137.26,2,137.25,5,137.23,3,137.22,4,137.42,8,137.43,2,137.49,1,137.51,7,137.52,5,137.53,7,137.54,2,137.57,1,137.58,1,137.62,3
2020-10-29 09:33:45,137.38,137.38,2,137.34,7,137.42,8,137.42,137.34,137.34,7,137.32,5,137.3,4,137.29,2,137.28,5,137.27,7,137.26,2,137.25,5,137.23,3,137.22,4,137.42,8,137.43,2,137.49,1,137.51,7,137.52,5,137.53,7,137.54,2,137.57,1,137.58,1,137.62,3
2020-10-29 09:33:46,137.42,137.42,1,137.38,2,137.46,1,137.46,137.38,137.38,2,137.36,3,137.35,3,137.34,7,137.32,5,137.3,4,137.29,2,137.28,5,137.27,7,137.26,2,137.46,1,137.49,1,137.51,7,137.52,5,137.53,7,137.54,2,137.57,1,137.58,1,137.62,3,137.63,5
2020-10-29 09:33:48,137.42,137.42,1,137.38,4,137.46,2,137.46,137.38,137.38,4,137.36,3,137.35,3,137.34,7,137.32,5,137.3,4,137.29,2,137.28,5,137.27,7,137.26,2,137.46,2,137.49,1,137.51,7,137.52,5,137.53,7,137.54,2,137.57,1,137.58,1,137.62,3,137.63,5
2020-10-29 09:33:48,137.425,137.46,1,137.38,4,137.47,1,137.47,137.38,137.38,4,137.36,3,137.35,3,137.34,7,137.32,5,137.3,4,137.29,2,137.28,5,137.27,7,137.26,2,137.47,1,137.49,1,137.51,7,137.52,5,137.53,7,137.54,2,137.57,1,137.58,1,137.62,3,137.63,5
2020-10-29 09:33:49,137.41,137.46,1,137.38,5,137.44,3,137.44,137.38,137.38,5,137.36,3,137.35,3,137.34,7,137.32,5,137.3,4,137.29,2,137.28,5,137.27,7,137.26,2,137.44,3,137.45,1,137.46,2,137.47,1,137.49,1,137.51,7,137.52,5,137.53,7,137.54,2,137.57,1
2020-10-29 09:33:50,137.335,137.28,1,137.28,2,137.39,2,137.39,137.28,137.28,2,137.27,1,137.25,5,137.23,3,137.22,4,137.21,4,137.18,1,137.17,3,137.15,1,,,137.39,2,137.4,3,137.41,3,137.42,2,137.43,1,137.44,3,137.45,1,137.46,2,137.47,1,137.49,1
2020-10-29 09:33:51,137.32,137.28,1,137.25,5,137.39,2,137.39,137.25,137.25,5,137.23,3,137.22,4,137.21,4,137.18,1,137.17,3,137.15,1,,,,,,,137.39,2,137.4,3,137.41,3,137.42,2,137.43,1,137.44,3,137.45,1,137.46,2,137.47,1,137.49,1
2020-10-29 09:33:52,137.32,137.28,1,137.25,5,137.39,2,137.39,137.25,137.25,5,137.23,3,137.22,4,137.21,4,137.18,1,137.17,3,137.15,1,,,,,,,137.39,2,137.4,3,137.41,3,137.42,2,137.43,1,137.44,3,137.45,1,137.46,2,137.47,1,137.49,1
2020-10-29 09:33:53,137.31,137.28,1,137.25,5,137.37,3,137.37,137.25,137.25,5,137.23,3,137.22,4,137.21,4,137.18,1,137.17,3,137.15,1,,,,,,,137.37,3,137.38,1,137.39,2,137.4,3,137.41,3,137.42,2,137.43,1,137.44,3,137.45,1,137.46,2
2020-10-29 09:33:54,137.31,137.29,1,137.25,5,137.37,3,137.37,137.25,137.25,5,137.23,3,137.22,4,137.21,4,137.18,1,137.17,3,137.15,1,,,,,,,137.37,3,137.38,1,137.39,2,137.4,3,137.41,3,137.42,2,137.43,1,137.44,3,137.45,1,137.46,2
2020-10-29 09:33:55,137.315,137.29,1,137.26,1,137.37,7,137.37,137.26,137.26,1,137.25,5,137.23,3,137.22,4,137.21,4,137.18,1,137.17,3,137.15,1,,,,,137.37,7,137.38,1,137.39,2,137.4,3,137.41,3,137.42,2,137.43,1,137.44,3,137.45,1,137.46,2
2020-10-29 09:33:56,137.315,137.29,1,137.26,1,137.37,7,137.37,137.26,137.26,1,137.25,5,137.23,3,137.22,4,137.21,4,137.18,1,137.17,3,137.15,1,,,,,137.37,7,137.38,1,137.39,2,137.4,3,137.41,3,137.42,2,137.43,1,137.44,3,137.45,1,137.46,2
2020-10-29 09:33:57,137.32,137.32,1,137.27,4,137.37,7,137.37,137.27,137.27,4,137.26,1,137.25,5,137.23,3,137.22,4,137.21,4,137.18,1,137.17,3,137.15,1,,,137.37,7,137.38,1,137.39,2,137.4,3,137.41,3,137.42,2,137.43,1,137.44,3,137.45,1,137.46,2
2020-10-29 09:33:58,137.32,137.32,1,137.27,4,137.37,7,137.37,137.27,137.27,4,137.26,1,137.25,5,137.23,3,137.22,4,137.21,4,137.18,1,137.17,3,137.15,1,,,137.37,7,137.38,1,137.39,2,137.4,3,137.41,3,137.42,2,137.43,1,137.44,3,137.45,1,137.46,2
2020-10-29 09:33:59,137.32,137.32,20,137.27,5,137.37,7,137.37,137.27,137.27,5,137.26,1,137.25,5,137.23,3,137.22,4,137.21,4,137.18,1,137.17,3,137.15,1,,,137.37,7,137.38,1,137.39,2,137.4,3,137.41,3,137.42,2,137.43,1,137.44,3,137.45,1,137.46,2
2020-10-29 09:34:00,137.32,137.32,1,137.27,5,137.37,7,137.37,137.27,137.27,5,137.26,1,137.25,5,137.23,3,137.22,4,137.21,4,137.18,1,137.17,3,137.15,1,,,137.37,7,137.38,1,137.39,2,137.4,3,137.41,3,137.42,2,137.43,1,137.44,3,137.45,1,137.46,2
2020-10-29 09:34:01,137.235,137.25,1,137.16,2,137.31,2,137.31,137.16,137.16,2,137.15,1,,,,,,,,,,,,,,,,,137.31,2,137.32,1,137.33,1,137.36,1,137.37,7,137.38,1,137.39,2,137.4,3,137.41,3,137.42,2
2020-10-29 09:34:02,137.24,137.25,1,137.17,2,137.31,6,137.31,137.17,137.17,2,137.16,2,137.15,1,,,,,,,,,,,,,,,137.31,6,137.32,1,137.33,1,137.36,1,137.37,7,137.38,1,137.39,2,137.4,3,137.41,3,137.42,2
2020-10-29 09:34:03,137.245,137.25,1,137.18,1,137.31,6,137.31,137.18,137.18,1,137.17,2,137.16,2,137.15,1,,,,,,,,,,,,,137.31,6,137.32,1,137.33,1,137.36,1,137.37,7,137.38,1,137.39,2,137.4,3,137.41,3,137.42,2
2020-10-29 09:34:04,137.255,137.2,1,137.2,1,137.31,6,137.31,137.2,137.2,1,137.17,2,137.16,2,137.15,1,,,,,,,,,,,,,137.31,6,137.32,1,137.33,1,137.36,1,137.37,7,137.38,1,137.39,2,137.4,3,137.41,3,137.42,2
2020-10-29 09:34:05,137.255,137.27,20,137.2,5,137.31,6,137.31,137.2,137.2,5,137.17,2,137.16,2,137.15,1,,,,,,,,,,,,,137.31,6,137.32,1,137.33,1,137.36,1,137.37,7,137.38,1,137.39,2,137.4,3,137.41,3,137.42,2
2020-10-29 09:34:06,137.255,137.27,20,137.2,6,137.31,6,137.31,137.2,137.2,6,137.17,2,137.16,2,137.15,1,,,,,,,,,,,,,137.31,6,137.32,1,137.33,1,137.36,1,137.37,7,137.38,1,137.39,2,137.4,3,137.41,3,137.42,2
2020-10-29 09:34:07,137.255,137.2,1,137.2,6,137.31,6,137.31,137.2,137.2,6,137.17,2,137.16,2,137.15,1,,,,,,,,,,,,,137.31,6,137.32,1,137.33,1,137.36,1,137.37,7,137.38,1,137.39,2,137.4,3,137.41,3,137.42,2
2020-10-29 09:34:08,137.255,137.2,1,137.2,6,137.31,6,137.31,137.2,137.2,6,137.17,2,137.16,2,137.15,1,,,,,,,,,,,,,137.31,6,137.32,1,137.33,1,137.36,1,137.37,7,137.38,1,137.39,2,137.4,3,137.41,3,137.42,2
2020-10-29 09:34:09,137.255,137.2,1,137.2,8,137.31,5,137.31,137.2,137.2,8,137.17,2,137.16,2,137.15,1,,,,,,,,,,,,,137.31,5,137.32,1,137.33,1,137.36,1,137.37,7,137.38,1,137.39,2,137.4,3,137.41,3,137.42,2
2020-10-29 09:34:10,137.25,137.3,1,137.2,7,137.3,2,137.3,137.2,137.2,7,137.17,2,137.16,2,137.15,1,,,,,,,,,,,,,137.3,2,137.31,5,137.32,1,137.33,1,137.36,1,137.37,7,137.38,1,137.39,2,137.4,3,137.41,3
2020-10-29 09:34:11,137.25,137.3,1,137.2,7,137.3,3,137.3,137.2,137.2,7,137.17,2,137.16,2,137.15,1,,,,,,,,,,,,,137.3,3,137.31,5,137.32,1,137.33,1,137.36,1,137.37,7,137.38,1,137.39,2,137.4,3,137.41,3
2020-10-29 09:34:12,137.25,137.3,1,137.2,7,137.3,3,137.3,137.2,137.2,7,137.17,2,137.16,2,137.15,1,,,,,,,,,,,,,137.3,3,137.31,5,137.32,1,137.33,1,137.36,1,137.37,7,137.38,1,137.39,2,137.4,3,137.41,3
2020-10-29 09:34:13,137.25,137.29,1,137.2,7,137.3,3,137.3,137.2,137.2,7,137.17,2,137.16,2,137.15,1,,,,,,,,,,,,,137.3,3,137.31,5,137.32,1,137.33,1,137.36,1,137.37,7,137.38,1,137.39,2,137.4,3,137.41,3
2020-10-29 09:34:14,137.25,137.2,2,137.2,7,137.3,3,137.3,137.2,137.2,7,137.17,2,137.16,2,137.15,1,,,,,,,,,,,,,137.3,3,137.31,5,137.32,1,137.33,1,137.36,1,137.37,7,137.38,1,137.39,2,137.4,3,137.41,3
2020-10-29 09:34:15,137.25,137.25,1,137.2,7,137.3,3,137.3,137.2,137.2,7,137.17,2,137.16,2,137.15,1,,,,,,,,,,,,,137.3,3,137.31,5,137.32,1,137.33,1,137.36,1,137.37,7,137.38,1,137.39,2,137.4,3,137.41,3
2020-10-29 09:34:16,137.25,137.25,1,137.2,7,137.3,3,137.3,137.2,137.2,7,137.17,2,137.16,2,137.15,1,,,,,,,,,,,,,137.3,3,137.31,5,137.32,1,137.33,1,137.36,1,137.37,7,137.38,1,137.39,2,137.4,3,137.41,3
2020-10-29 09:34:17,137.25,137.25,1,137.2,7,137.3,3,137.3,137.2,137.2,7,137.17,2,137.16,2,137.15,1,,,,,,,,,,,,,137.3,3,137.31,5,137.32,1,137.33,1,137.36,1,137.37,7,137.38,1,137.39,2,137.4,3,137.41,3
2020-10-29 09:34:18,137.25,137.25,1,137.2,9,137.3,3,137.3,137.2,137.2,9,137.17,2,137.16,2,137.15,1,,,,,,,,,,,,,137.3,3,137.31,5,137.32,1,137.33,1,137.36,1,137.37,7,137.38,1,137.39,2,137.4,3,137.41,3
2020-10-29 09:34:19,137.25,137.2,1,137.2,9,137.3,4,137.3,137.2,137.2,9,137.17,2,137.16,2,137.15,1,,,,,,,,,,,,,137.3,4,137.31,5,137.32,1,137.33,1,137.36,1,137.37,7,137.38,1,137.39,2,137.4,3,137.41,3
2020-10-29 09:34:20,137.23,137.18,1,137.16,3,137.3,4,137.3,137.16,137.16,3,137.15,3,,,,,,,,,,,,,,,,,137.3,4,137.31,5,137.32,1,137.33,1,137.36,1,137.37,7,137.38,1,137.39,2,137.4,3,137.41,3
2020-10-29 09:34:21,137.225,137.16,2,137.16,3,137.29,1,137.29,137.16,137.16,3,137.15,3,,,,,,,,,,,,,,,,,137.29,1,137.3,3,137.31,5,137.32,1,137.33,1,137.36,1,137.37,7,137.38,1,137.39,2,137.4,3
2020-10-29 09:34:22,137.225,137.16,2,137.18,3,137.27,3,137.27,137.18,137.18,3,137.16,3,137.15,3,,,,,,,,,,,,,,,137.27,3,137.3,3,137.31,5,137.32,1,137.33,1,137.36,1,137.37,7,137.38,1,137.39,2,137.4,3
2020-10-29 09:34:23,137.22,137.16,2,137.17,3,137.27,3,137.27,137.17,137.17,3,137.15,3,,,,,,,,,,,,,,,,,137.27,3,137.3,3,137.31,5,137.32,1,137.33,1,137.36,1,137.37,7,137.38,1,137.39,2,137.4,3
2020-10-29 09:34:24,137.24,137.16,2,137.18,1,137.3,3,137.3,137.18,137.18,1,137.17,3,137.15,3,,,,,,,,,,,,,,,137.3,3,137.31,5,137.32,1,137.33,1,137.36,1,137.37,7,137.38,1,137.39,2,137.4,3,137.41,3
2020-10-29 09:34:25,137.24,137.25,2,137.18,4,137.3,3,137.3,137.18,137.18,4,137.17,3,137.15,3,,,,,,,,,,,,,,,137.3,3,137.31,5,137.32,1,137.33,1,137.36,1,137.37,7,137.38,1,137.39,2,137.4,3,137.41,3
2020-10-29 09:34:26,137.24,137.25,2,137.18,4,137.3,3,137.3,137.18,137.18,4,137.17,3,137.15,3,,,,,,,,,,,,,,,137.3,3,137.31,5,137.32,1,137.33,1,137.36,1,137.37,7,137.38,1,137.39,2,137.4,3,137.41,3
2020-10-29 09:34:27,137.24,137.29,5,137.18,4,137.3,3,137.3,137.18,137.18,4,137.17,3,137.15,3,,,,,,,,,,,,,,,137.3,3,137.31,5,137.32,1,137.33,1,137.36,1,137.37,7,137.38,1,137.39,2,137.4,3,137.41,3
2020-10-29 09:34:28,137.24,137.28,1,137.18,3,137.3,4,137.3,137.18,137.18,3,137.17,3,137.15,3,,,,,,,,,,,,,,,137.3,4,137.31,5,137.32,1,137.33,1,137.36,1,137.37,7,137.38,1,137.39,2,137.4,3,137.41,3
2020-10-29 09:34:29,137.24,137.28,1,137.18,5,137.3,5,137.3,137.18,137.18,5,137.17,3,137.15,3,,,,,,,,,,,,,,,137.3,5,137.31,5,137.32,1,137.33,1,137.36,1,137.37,7,137.38,1,137.39,2,137.4,3,137.41,3
2020-10-29 09:34:30,137.215,137.15,1,137.15,2,137.28,4,137.28,137.15,137.15,2,,,,,,,,,,,,,,,,,,,137.28,4,137.29,1,137.3,4,137.31,5,137.32,1,137.33,1,137.36,1,137.37,7,137.38,1,137.39,2
2020-10-29 09:34:31,137.215,137.15,1,137.15,2,137.28,6,137.28,137.15,137.15,2,,,,,,,,,,,,,,,,,,,137.28,6,137.29,1,137.3,4,137.31,5,137.32,1,137.33,1,137.36,1,137.37,7,137.38,1,137.39,2
2020-10-29 09:34:32,137.215,137.15,1,137.15,4,137.28,6,137.28,137.15,137.15,4,,,,,,,,,,,,,,,,,,,137.28,6,137.29,1,137.3,4,137.31,5,137.32,1,137.33,1,137.36,1,137.37,7,137.38,1,137.39,2
2020-10-29 09:34:33,137.215,137.15,1,137.15,4,137.28,6,137.28,137.15,137.15,4,,,,,,,,,,,,,,,,,,,137.28,6,137.29,1,137.3,4,137.31,5,137.32,1,137.33,1,137.36,1,137.37,7,137.38,1,137.39,2
2020-10-29 09:34:34,137.215,137.15,1,137.15,4,137.28,6,137.28,137.15,137.15,4,,,,,,,,,,,,,,,,,,,137.28,6,137.29,1,137.3,4,137.31,5,137.32,1,137.33,1,137.36,1,137.37,7,137.38,1,137.39,2
2020-10-29 09:34:35,137.22,137.15,1,137.16,1,137.28,6,137.28,137.16,137.16,1,137.15,4,,,,,,,,,,,,,,,,,137.28,6,137.29,1,137.3,4,137.31,5,137.32,1,137.33,1,137.36,1,137.37,7,137.38,1,137.39,2
2020-10-29 09:34:36,137.21,137.22,1,137.15,4,137.27,2,137.27,137.15,137.15,4,,,,,,,,,,,,,,,,,,,137.27,2,137.28,6,137.29,1,137.3,4,137.31,5,137.32,1,137.33,1,137.36,1,137.37,7,137.38,1
2020-10-29 09:34:37,137.21,137.22,1,137.15,4,137.27,2,137.27,137.15,137.15,4,,,,,,,,,,,,,,,,,,,137.27,2,137.28,6,137.29,1,137.3,4,137.31,5,137.32,1,137.33,1,137.36,1,137.37,7,137.38,1
2020-10-29 09:34:38,137.21,137.23,1,137.16,2,137.26,3,137.26,137.16,137.16,2,137.15,4,,,,,,,,,,,,,,,,,137.26,3,137.27,4,137.28,6,137.29,1,137.3,4,137.31,5,137.32,1,137.33,1,137.36,1,137.37,7
2020-10-29 09:34:39,137.21,137.23,1,137.16,1,137.26,3,137.26,137.16,137.16,1,137.15,4,,,,,,,,,,,,,,,,,137.26,3,137.27,4,137.28,6,137.29,1,137.3,4,137.31,5,137.32,1,137.33,1,137.36,1,137.37,7
2020-10-29 09:34:40,137.15,137.1,1,137.1,11,137.2,2,137.2,137.1,137.1,11,,,,,,,,,,,,,,,,,,,137.2,2,137.21,3,137.24,2,137.25,3,137.26,3,137.27,4,137.28,6,137.29,1,137.3,4,137.31,5
2020-10-29 09:34:41,137.15,137.1,1,137.1,11,137.2,2,137.19,137.1,137.1,11,,,,,,,,,,,,,,,,,,,137.2,2,137.21,3,137.24,2,137.25,3,137.26,3,137.27,4,137.28,6,137.29,1,137.3,4,137.31,5
2020-10-29 09:34:42,137.125,137.07,1,137.07,2,137.18,2,137.18,137.07,137.07,2,,,,,,,,,,,,,,,,,,,137.18,2,137.19,5,137.2,4,137.21,3,137.24,2,137.25,3,137.26,3,137.27,4,137.28,6,137.29,1
2020-10-29 09:34:43,137.125,137.07,1,137.07,2,137.18,2,137.18,137.07,137.07,2,,,,,,,,,,,,,,,,,,,137.18,2,137.19,5,137.2,4,137.21,3,137.24,2,137.25,3,137.26,3,137.27,4,137.28,6,137.29,1
2020-10-29 09:34:44,137.125,137.07,1,137.07,2,137.18,2,137.18,137.07,137.07,2,,,,,,,,,,,,,,,,,,,137.18,2,137.19,5,137.2,4,137.21,3,137.24,2,137.25,3,137.26,3,137.27,4,137.28,6,137.29,1
2020-10-29 09:34:45,137.125,137.07,1,137.07,2,137.18,2,137.18,137.07,137.07,2,,,,,,,,,,,,,,,,,,,137.18,2,137.19,5,137.2,4,137.21,3,137.24,2,137.25,3,137.26,3,137.27,4,137.28,6,137.29,1
2020-10-29 09:34:46,137.245,137.27,3,137.2,8,137.29,2,137.29,137.2,137.2,8,137.13,2,137.12,1,137.1,5,137.09,1,137.08,1,137.07,2,,,,,,,137.29,2,137.3,4,137.31,5,137.32,1,137.33,1,137.36,1,137.37,7,137.38,1,137.39,2,137.4,3
2020-10-29 09:34:47,137.245,137.27,3,137.2,8,137.29,2,137.29,137.2,137.2,8,137.13,2,137.12,1,137.1,5,137.09,1,137.08,1,137.07,2,,,,,,,137.29,2,137.3,4,137.31,5,137.32,1,137.33,1,137.36,1,137.37,7,137.38,1,137.39,2,137.4,3
2020-10-29 09:34:49,137.245,137.27,3,137.2,8,137.29,2,137.29,137.2,137.2,8,137.13,2,137.12,1,137.1,5,137.09,1,137.08,1,137.07,2,,,,,,,137.29,2,137.3,4,137.31,5,137.32,1,137.33,1,137.36,1,137.37,7,137.38,1,137.39,2,137.4,3
2020-10-29 09:34:50,137.28,137.3,1,137.2,9,137.36,2,137.36,137.2,137.2,9,137.13,2,137.12,1,137.1,5,137.09,1,137.08,1,137.07,2,,,,,,,137.36,2,137.37,7,137.38,1,137.39,2,137.4,3,137.41,3,137.42,2,137.43,1,137.44,3,137.45,1
2020-10-29 09:34:51,137.27,137.3,1,137.2,9,137.34,2,137.34,137.2,137.2,9,137.13,2,137.12,1,137.1,5,137.09,1,137.08,1,137.07,2,,,,,,,137.34,2,137.36,1,137.37,7,137.38,1,137.39,2,137.4,3,137.41,3,137.42,2,137.43,1,137.44,3
2020-10-29 09:34:52,137.28,137.28,5,137.22,7,137.34,1,137.34,137.22,137.22,7,137.2,9,137.13,2,137.12,1,137.1,5,137.09,1,137.08,1,137.07,2,,,,,137.34,1,137.36,1,137.37,7,137.38,1,137.39,2,137.4,3,137.41,3,137.42,2,137.43,1,137.44,3
2020-10-29 09:34:53,137.295,137.25,1,137.23,5,137.36,1,137.36,137.23,137.23,5,137.22,7,137.2,9,137.13,2,137.12,1,137.1,5,137.09,1,137.08,1,137.07,2,,,137.36,1,137.37,7,137.38,1,137.39,2,137.4,3,137.41,3,137.42,2,137.43,1,137.44,3,137.45,1
2020-10-29 09:34:54,137.28,137.23,6,137.23,4,137.33,2,137.33,137.23,137.23,4,137.22,7,137.2,9,137.13,2,137.12,1,137.1,5,137.09,1,137.08,1,137.07,2,,,137.33,2,137.37,7,137.38,1,137.39,2,137.4,3,137.41,3,137.42,2,137.43,1,137.44,3,137.45,1
2020-10-29 09:34:55,137.21,137.18,1,137.15,2,137.27,4,137.27,137.15,137.15,2,137.14,8,137.13,2,137.12,1,137.1,5,137.09,1,137.08,1,137.07,2,,,,,137.27,4,137.33,2,137.37,7,137.38,1,137.39,2,137.4,3,137.41,3,137.42,2,137.43,1,137.44,3
2020-10-29 09:34:55,137.205,137.18,1,137.14,8,137.27,4,137.27,137.14,137.14,8,137.13,2,137.12,1,137.1,5,137.09,1,137.08,1,137.07,2,,,,,,,137.27,4,137.33,2,137.37,7,137.38,1,137.39,2,137.4,3,137.41,3,137.42,2,137.43,1,137.44,3
2020-10-29 09:34:57,137.205,137.18,1,137.14,7,137.27,5,137.27,137.14,137.14,7,137.13,2,137.12,1,137.1,5,137.09,1,137.08,1,137.07,2,,,,,,,137.27,5,137.33,2,137.37,7,137.38,1,137.39,2,137.4,3,137.41,3,137.42,2,137.43,1,137.44,3
2020-10-29 09:34:57,137.13,137.14,1,137.07,4,137.19,1,137.19,137.07,137.07,4,137.06,1,,,,,,,,,,,,,,,,,137.19,1,137.21,3,137.26,1,137.27,5,137.33,2,137.37,7,137.38,1,137.39,2,137.4,3,137.41,3
2020-10-29 09:34:59,137.13,137.14,1,137.07,4,137.19,1,137.19,137.07,137.07,4,137.06,1,,,,,,,,,,,,,,,,,137.19,1,137.21,3,137.26,1,137.27,5,137.33,2,137.37,7,137.38,1,137.39,2,137.4,3,137.41,3
2020-10-29 09:35:00,137.1,137.07,1,137.05,29,137.15,1,137.15,137.05,137.05,29,,,,,,,,,,,,,,,,,,,137.15,1,137.16,1,137.19,3,137.21,3,137.26,1,137.27,5,137.33,2,137.37,7,137.38,1,137.39,2
2020-10-29 09:35:01,137.095,137.14,2,137.04,1,137.15,1,137.15,137.04,137.04,1,137.03,1,,,,,,,,,,,,,,,,,137.15,1,137.16,1,137.19,3,137.21,3,137.26,1,137.27,5,137.33,2,137.37,7,137.38,1,137.39,2
2020-10-29 09:35:02,137.09,137.14,2,137.04,1,137.14,1,137.14,137.04,137.04,1,137.03,1,,,,,,,,,,,,,,,,,137.14,1,137.15,1,137.16,1,137.19,3,137.21,3,137.26,1,137.27,5,137.33,2,137.37,7,137.38,1
2020-10-29 09:35:03,137.095,137.57,1,137.04,3,137.15,1,137.15,137.04,137.04,3,137.03,1,,,,,,,,,,,,,,,,,137.15,1,137.16,1,137.19,3,137.21,3,137.26,1,137.27,5,137.33,2,137.37,7,137.38,1,137.39,2
2020-10-29 09:35:04,137.095,137.57,1,137.04,3,137.15,1,137.15,137.04,137.04,3,137.03,1,,,,,,,,,,,,,,,,,137.15,1,137.16,1,137.19,3,137.21,3,137.26,1,137.27,5,137.33,2,137.37,7,137.38,1,137.39,2
2020-10-29 09:35:05,137.16,137.15,1,137.11,3,137.21,3,137.21,137.11,137.11,3,137.08,2,137.07,7,137.04,3,137.03,1,,,,,,,,,,,137.21,3,137.26,1,137.27,5,137.33,2,137.37,7,137.38,1,137.39,2,137.4,3,137.41,3,137.42,2
2020-10-29 09:35:06,137.15,137.15,1,137.1,3,137.2,2,137.2,137.1,137.1,3,137.08,2,137.07,7,137.04,3,137.03,1,,,,,,,,,,,137.2,2,137.21,3,137.26,1,137.27,5,137.33,2,137.37,7,137.38,1,137.39,2,137.4,3,137.41,3
2020-10-29 09:35:07,137.15,137.15,1,137.1,3,137.2,2,137.2,137.1,137.1,3,137.08,2,137.07,7,137.04,3,137.03,1,,,,,,,,,,,137.2,2,137.21,3,137.26,1,137.27,5,137.33,2,137.37,7,137.38,1,137.39,2,137.4,3,137.41,3
2020-10-29 09:35:08,137.16,137.1,1,137.11,1,137.21,3,137.21,137.11,137.11,1,137.1,4,137.08,2,137.07,7,137.04,3,137.03,1,,,,,,,,,137.21,3,137.26,1,137.27,5,137.33,2,137.37,7,137.38,1,137.39,2,137.4,3,137.41,3,137.42,2
2020-10-29 09:35:09,137.115,137.08,1,137.06,1,137.17,2,137.17,137.06,137.06,1,137.04,3,137.03,1,,,,,,,,,,,,,,,137.17,2,137.19,1,137.2,4,137.21,3,137.26,1,137.27,5,137.33,2,137.37,7,137.38,1,137.39,2
2020-10-29 09:35:10,137.115,137.08,1,137.06,1,137.17,2,137.17,137.06,137.06,1,137.04,4,137.03,1,,,,,,,,,,,,,,,137.17,2,137.18,1,137.19,1,137.2,4,137.21,3,137.26,1,137.27,5,137.33,2,137.37,7,137.38,1
2020-10-29 09:35:11,137.12,137.08,1,137.07,1,137.17,2,137.17,137.07,137.07,1,137.04,4,137.03,1,,,,,,,,,,,,,,,137.17,2,137.18,1,137.19,1,137.2,4,137.21,3,137.26,1,137.27,5,137.33,2,137.37,7,137.38,1
2020-10-29 09:35:12,137.12,137.08,1,137.07,1,137.17,2,137.17,137.07,137.07,1,137.04,4,137.03,1,,,,,,,,,,,,,,,137.17,2,137.18,1,137.19,1,137.2,4,137.21,3,137.26,1,137.27,5,137.33,2,137.37,7,137.38,1
2020-10-29 09:35:13,137.115,137.08,1,137.06,1,137.17,2,137.17,137.06,137.06,1,137.04,4,137.03,1,,,,,,,,,,,,,,,137.17,2,137.18,1,137.19,1,137.2,4,137.21,3,137.26,1,137.27,5,137.33,2,137.37,7,137.38,1
2020-10-29 09:35:14,137.115,137.08,1,137.06,1,137.17,2,137.17,137.06,137.06,1,137.04,4,137.03,1,,,,,,,,,,,,,,,137.17,2,137.18,1,137.19,1,137.2,4,137.21,3,137.26,1,137.27,5,137.33,2,137.37,7,137.38,1
2020-10-29 09:35:15,137.095,137.12,1,137.04,4,137.15,2,137.15,137.04,137.04,4,137.03,1,,,,,,,,,,,,,,,,,137.15,2,137.19,3,137.2,4,137.21,3,137.26,1,137.27,5,137.33,2,137.37,7,137.38,1,137.39,2
2020-10-29 09:35:16,137.095,137.12,1,137.04,4,137.15,2,137.15,137.04,137.04,4,137.03,1,,,,,,,,,,,,,,,,,137.15,2,137.19,3,137.2,4,137.21,3,137.26,1,137.27,5,137.33,2,137.37,7,137.38,1,137.39,2
2020-10-29 09:35:17,137.095,137.12,1,137.04,4,137.15,2,137.15,137.04,137.04,4,137.03,1,,,,,,,,,,,,,,,,,137.15,2,137.19,3,137.2,4,137.21,3,137.26,1,137.27,5,137.33,2,137.37,7,137.38,1,137.39,2
2020-10-29 09:35:18,137.13,137.07,1,137.07,2,137.19,3,137.19,137.07,137.07,2,137.06,1,137.04,4,137.03,1,,,,,,,,,,,,,137.19,3,137.2,4,137.21,3,137.26,1,137.27,5,137.33,2,137.37,7,137.38,1,137.39,2,137.4,3
2020-10-29 09:35:19,137.13,137.07,1,137.07,1,137.19,3,137.19,137.07,137.07,1,137.05,1,137.04,4,137.03,1,,,,,,,,,,,,,137.19,3,137.2,4,137.21,3,137.26,1,137.27,5,137.33,2,137.37,7,137.38,1,137.39,2,137.4,3
2020-10-29 09:35:20,137.13,137.07,1,137.07,1,137.19,3,137.19,137.07,137.07,1,137.05,1,137.04,4,137.03,1,,,,,,,,,,,,,137.19,3,137.2,4,137.21,3,137.26,1,137.27,5,137.33,2,137.37,7,137.38,1,137.39,2,137.4,3
2020-10-29 09:35:21,137.12,137.07,1,137.05,1,137.19,3,137.19,137.05,137.05,1,137.04,4,137.03,1,,,,,,,,,,,,,,,137.19,3,137.2,4,137.21,3,137.26,1,137.27,5,137.33,2,137.37,7,137.38,1,137.39,2,137.4,3
2020-10-29 09:35:22,137.09,137.18,5,137.05,1,137.13,2,137.13,137.05,137.05,1,137.04,4,137.03,1,,,,,,,,,,,,,,,137.13,2,137.18,1,137.19,3,137.2,4,137.21,3,137.26,1,137.27,5,137.33,2,137.37,7,137.38,1
2020-10-29 09:35:23,137.075,137.05,1,137.03,2,137.12,3,137.12,137.03,137.03,2,,,,,,,,,,,,,,,,,,,137.12,3,137.13,2,137.19,2,137.2,3,137.21,5,137.26,1,137.27,5,137.33,2,137.37,7,137.38,1
2020-10-29 09:35:24,137.035,137.0,1,137.0,64,137.07,2,137.07,137.0,137.0,64,,,,,,,,,,,,,,,,,,,137.07,2,137.09,1,137.11,3,137.12,3,137.13,2,137.19,2,137.2,3,137.21,5,137.26,1,137.27,5
2020-10-29 09:35:25,136.965,136.96,2,136.9,2,137.03,2,137.03,136.9,136.9,2,136.89,2,,,,,,,,,,,,,,,,,137.03,2,137.05,3,137.07,2,137.09,1,137.11,3,137.12,3,137.13,2,137.19,2,137.2,3,137.21,5
2020-10-29 09:35:26,136.975,136.96,2,136.91,1,137.04,1,137.04,136.91,136.91,1,136.9,2,136.89,2,,,,,,,,,,,,,,,137.04,1,137.05,4,137.07,2,137.09,1,137.11,3,137.12,3,137.13,2,137.19,2,137.2,3,137.21,5
2020-10-29 09:35:27,136.92,136.9,1,136.86,2,136.98,1,136.98,136.86,136.86,2,136.85,1,,,,,,,,,,,,,,,,,136.98,1,136.99,1,137.01,1,137.03,3,137.04,3,137.05,4,137.07,2,137.09,1,137.11,3,137.12,3
2020-10-29 09:35:28,136.93,136.94,2,136.87,2,136.99,1,136.99,136.87,136.87,2,136.86,2,136.85,1,,,,,,,,,,,,,,,136.99,1,137.01,1,137.03,3,137.04,3,137.05,4,137.07,2,137.09,1,137.11,3,137.12,3,137.13,2
2020-10-29 09:35:29,136.935,136.96,1,136.88,3,136.99,2,136.99,136.88,136.88,3,136.87,2,136.86,2,136.85,1,,,,,,,,,,,,,136.99,2,137.01,1,137.03,3,137.04,3,137.05,4,137.07,2,137.09,1,137.11,3,137.12,3,137.13,2
2020-10-29 09:35:30,136.885,136.84,1,136.84,3,136.93,1,136.93,136.84,136.84,3,136.83,5,136.82,3,136.81,1,136.8,10,,,,,,,,,,,136.93,1,136.94,1,136.95,2,136.98,1,136.99,4,137.01,1,137.03,3,137.04,3,137.05,4,137.07,2
2020-10-29 09:35:31,136.9,136.92,20,136.84,7,136.96,2,136.96,136.84,136.84,7,136.83,5,136.82,3,136.81,1,136.8,10,,,,,,,,,,,136.96,2,136.97,1,136.98,1,136.99,4,137.01,1,137.03,3,137.04,3,137.05,4,137.07,2,137.09,1
2020-10-29 09:35:32,136.9,136.89,1,136.84,6,136.96,3,136.96,136.84,136.84,6,136.83,5,136.82,3,136.81,1,136.8,10,,,,,,,,,,,136.96,3,136.97,1,136.98,1,136.99,4,137.01,1,137.03,3,137.04,3,137.05,4,137.07,2,137.09,1
2020-10-29 09:35:33,136.855,136.81,1,136.8,10,136.91,1,136.91,136.8,136.8,10,,,,,,,,,,,,,,,,,,,136.91,1,136.92,1,136.96,3,136.97,1,136.98,1,136.99,4,137.01,1,137.03,3,137.04,3,137.05,4
2020-10-29 09:35:34,136.855,136.81,1,136.8,10,136.91,1,136.91,136.8,136.8,10,,,,,,,,,,,,,,,,,,,136.91,1,136.92,1,136.96,3,136.97,1,136.98,1,136.99,4,137.01,1,137.03,3,137.04,3,137.05,4
2020-10-29 09:35:35,136.89,136.88,1,136.82,3,136.96,2,136.96,136.82,136.82,3,136.8,10,,,,,,,,,,,,,,,,,136.96,2,136.97,1,136.98,1,136.99,4,137.01,1,137.03,3,137.04,3,137.05,4,137.07,2,137.09,1
2020-10-29 09:35:36,136.885,136.89,6,136.82,3,136.95,1,136.95,136.82,136.82,3,136.8,10,,,,,,,,,,,,,,,,,136.95,1,136.96,2,136.97,1,136.98,1,136.99,4,137.01,1,137.03,3,137.04,3,137.05,4,137.07,2
2020-10-29 09:35:37,136.89,136.83,1,136.82,3,136.96,2,136.96,136.82,136.82,3,136.8,10,,,,,,,,,,,,,,,,,136.96,2,136.97,1,136.98,1,136.99,4,137.01,1,137.03,3,137.04,3,137.05,4,137.07,2,137.09,1
2020-10-29 09:35:38,136.89,136.83,1,136.82,3,136.96,3,136.96,136.82,136.82,3,136.8,10,,,,,,,,,,,,,,,,,136.96,3,136.97,1,136.98,1,136.99,4,137.01,1,137.03,3,137.04,3,137.05,4,137.07,2,137.09,1
2020-10-29 09:35:39,136.89,136.83,1,136.82,3,136.96,3,136.96,136.82,136.82,3,136.8,10,,,,,,,,,,,,,,,,,136.96,3,136.97,1,136.98,1,136.99,4,137.01,1,137.03,3,137.04,3,137.05,4,137.07,2,137.09,1
2020-10-29 09:35:40,136.8,136.76,3,136.76,1,136.84,1,136.84,136.76,136.76,1,136.75,2,,,,,,,,,,,,,,,,,136.84,1,136.88,1,136.89,3,136.9,1,136.93,3,136.95,1,136.96,2,136.97,1,136.98,1,136.99,4
2020-10-29 09:35:41,136.78,136.75,1,136.73,1,136.83,3,136.83,136.73,136.73,1,136.7,2,,,,,,,,,,,,,,,,,136.83,3,136.84,4,136.88,1,136.89,3,136.9,1,136.93,3,136.95,1,136.96,2,136.97,1,136.98,1
2020-10-29 09:35:42,136.785,136.75,1,136.74,2,136.83,3,136.83,136.74,136.74,2,136.73,1,136.7,2,,,,,,,,,,,,,,,136.83,3,136.84,4,136.88,1,136.89,3,136.9,1,136.93,3,136.95,1,136.96,2,136.97,1,136.98,1
2020-10-29 09:35:43,136.735,136.71,1,136.68,3,136.79,3,136.79,136.68,136.68,3,,,,,,,,,,,,,,,,,,,136.79,3,136.82,4,136.83,3,136.84,4,136.88,1,136.89,3,136.9,1,136.93,3,136.95,1,136.96,2
2020-10-29 09:35:44,136.685,136.66,1,136.62,1,136.75,2,136.75,136.62,136.62,1,136.61,4,,,,,,,,,,,,,,,,,136.75,2,136.78,3,136.79,3,136.82,4,136.83,3,136.84,4,136.88,1,136.89,3,136.9,1,136.93,3
2020-10-29 09:35:45,136.67,136.66,1,136.62,1,136.72,2,136.72,136.62,136.62,1,136.6,1,,,,,,,,,,,,,,,,,136.72,2,136.75,1,136.78,3,136.79,3,136.82,4,136.83,3,136.84,4,136.88,1,136.89,3,136.9,1
2020-10-29 09:35:46,136.67,136.64,1,136.62,2,136.72,3,136.72,136.62,136.62,2,136.6,1,,,,,,,,,,,,,,,,,136.72,3,136.75,1,136.78,3,136.79,3,136.82,4,136.83,3,136.84,4,136.88,1,136.89,3,136.9,1
2020-10-29 09:35:47,136.645,136.57,4,136.58,2,136.71,2,136.71,136.58,136.58,2,136.56,3,,,,,,,,,,,,,,,,,136.71,2,136.72,2,136.75,3,136.78,3,136.79,3,136.82,4,136.83,3,136.84,4,136.88,1,136.89,3
2020-10-29 09:35:48,136.645,136.64,20,136.58,2,136.71,3,136.71,136.58,136.58,2,136.56,3,,,,,,,,,,,,,,,,,136.71,3,136.72,2,136.75,3,136.78,3,136.79,3,136.82,4,136.83,3,136.84,4,136.88,1,136.89,3
2020-10-29 09:35:49,136.62,136.64,20,136.58,3,136.66,2,136.66,136.58,136.58,3,136.56,3,,,,,,,,,,,,,,,,,136.66,2,136.71,3,136.72,2,136.75,3,136.78,3,136.79,3,136.82,4,136.83,3,136.84,4,136.88,1
2020-10-29 09:35:50,136.63,136.64,20,136.6,3,136.66,1,136.66,136.6,136.6,3,136.58,4,136.56,3,,,,,,,,,,,,,,,136.66,1,136.7,1,136.71,3,136.72,2,136.75,3,136.78,3,136.79,3,136.82,4,136.83,3,136.84,4
2020-10-29 09:35:51,136.635,136.64,20,136.61,3,136.66,1,136.66,136.61,136.61,3,136.6,4,136.58,4,136.56,3,,,,,,,,,,,,,136.66,1,136.7,1,136.71,3,136.72,2,136.75,3,136.78,3,136.79,3,136.82,4,136.83,3,136.84,4
2020-10-29 09:35:52,136.64,136.63,1,136.58,4,136.7,1,136.7,136.58,136.58,4,136.56,3,,,,,,,,,,,,,,,,,136.7,1,136.71,3,136.72,2,136.75,3,136.78,3,136.79,3,136.82,4,136.83,3,136.84,4,136.88,1
2020-10-29 09:35:53,136.635,136.7,1,136.58,4,136.69,1,136.69,136.58,136.58,4,136.56,3,,,,,,,,,,,,,,,,,136.69,1,136.7,1,136.71,3,136.72,2,136.75,3,136.78,3,136.79,3,136.82,4,136.83,3,136.84,4
2020-10-29 09:35:54,136.63,136.7,1,136.58,6,136.68,3,136.68,136.58,136.58,6,136.56,3,,,,,,,,,,,,,,,,,136.68,3,136.69,1,136.7,1,136.71,3,136.72,2,136.75,3,136.78,3,136.79,3,136.82,4,136.83,3
2020-10-29 09:35:55,136.57,136.56,7,136.51,3,136.63,2,136.63,136.51,136.51,3,,,,,,,,,,,,,,,,,,,136.63,2,136.65,1,136.68,2,136.69,1,136.7,1,136.71,3,136.72,2,136.75,3,136.78,3,136.79,3
2020-10-29 09:35:56,136.555,136.57,1,136.5,8,136.61,2,136.61,136.5,136.5,8,,,,,,,,,,,,,,,,,,,136.61,2,136.64,2,136.65,4,136.68,2,136.69,1,136.7,1,136.71,3,136.72,2,136.75,3,136.78,3
2020-10-29 09:35:57,136.555,136.57,1,136.5,8,136.61,2,136.61,136.5,136.5,8,,,,,,,,,,,,,,,,,,,136.61,2,136.64,2,136.65,4,136.68,2,136.69,1,136.7,1,136.71,3,136.72,2,136.75,3,136.78,3
2020-10-29 09:35:58,136.555,136.57,1,136.5,8,136.61,2,136.61,136.5,136.5,8,,,,,,,,,,,,,,,,,,,136.61,2,136.64,2,136.65,4,136.68,2,136.69,1,136.7,1,136.71,3,136.72,2,136.75,3,136.78,3
2020-10-29 09:35:59,136.56,136.57,1,136.51,1,136.61,2,136.61,136.51,136.51,1,136.5,8,,,,,,,,,,,,,,,,,136.61,2,136.64,2,136.65,4,136.68,2,136.69,1,136.7,1,136.71,3,136.72,2,136.75,3,136.78,3
2020-10-29 09:36:00,136.58,136.57,1,136.51,4,136.65,4,136.65,136.51,136.51,4,136.5,8,,,,,,,,,,,,,,,,,136.65,4,136.68,2,136.69,1,136.7,1,136.71,3,136.72,2,136.75,3,136.78,3,136.79,3,136.82,4
2020-10-29 09:36:01,136.59,136.59,1,136.53,3,136.65,6,136.65,136.53,136.53,3,136.51,1,136.5,8,,,,,,,,,,,,,,,136.65,6,136.68,2,136.69,1,136.7,1,136.71,3,136.72,2,136.75,3,136.78,3,136.79,3,136.82,4
2020-10-29 09:36:02,136.59,136.59,1,136.53,3,136.65,6,136.65,136.53,136.53,3,136.51,1,136.5,8,,,,,,,,,,,,,,,136.65,6,136.68,2,136.69,1,136.7,1,136.71,3,136.72,2,136.75,3,136.78,3,136.79,3,136.82,4
2020-10-29 09:36:03,136.6,136.64,1,136.55,2,136.65,4,136.65,136.55,136.55,2,136.53,4,136.51,1,136.5,8,,,,,,,,,,,,,136.65,4,136.68,2,136.69,1,136.7,1,136.71,3,136.72,2,136.75,3,136.78,3,136.79,3,136.82,4
2020-10-29 09:36:04,136.6,136.6,1,136.55,4,136.65,4,136.65,136.55,136.55,4,136.53,4,136.51,1,136.5,8,,,,,,,,,,,,,136.65,4,136.68,2,136.69,1,136.7,1,136.71,3,136.72,2,136.75,3,136.78,3,136.79,3,136.82,4
2020-10-29 09:36:05,136.6,136.6,1,136.55,4,136.65,4,136.65,136.55,136.55,4,136.53,4,136.51,1,136.5,8,,,,,,,,,,,,,136.65,4,136.68,2,136.69,1,136.7,1,136.71,3,136.72,2,136.75,3,136.78,3,136.79,3,136.82,4
2020-10-29 09:36:06,136.61,136.6,1,136.55,4,136.67,3,136.67,136.55,136.55,4,136.53,4,136.51,1,136.5,8,,,,,,,,,,,,,136.67,3,136.68,3,136.69,1,136.7,1,136.71,3,136.72,2,136.75,3,136.78,3,136.79,3,136.82,4
2020-10-29 09:36:07,136.54,136.51,1,136.51,2,136.57,2,136.57,136.51,136.51,2,136.5,8,,,,,,,,,,,,,,,,,136.57,2,136.61,2,136.63,1,136.66,1,136.67,3,136.68,3,136.69,1,136.7,1,136.71,3,136.72,2
2020-10-29 09:36:08,136.535,136.55,1,136.5,7,136.57,1,136.57,136.5,136.5,7,,,,,,,,,,,,,,,,,,,136.57,1,136.63,2,136.66,1,136.67,3,136.68,3,136.69,1,136.7,1,136.71,3,136.72,2,136.75,3
2020-10-29 09:36:09,136.54,136.58,20,136.5,7,136.58,1,136.58,136.5,136.5,7,,,,,,,,,,,,,,,,,,,136.58,1,136.6,2,136.61,1,136.62,3,136.63,2,136.66,1,136.67,3,136.68,3,136.69,1,136.7,1
2020-10-29 09:36:10,136.565,136.58,1,136.51,2,136.62,3,136.62,136.51,136.51,2,136.5,7,,,,,,,,,,,,,,,,,136.62,3,136.63,2,136.66,1,136.67,3,136.68,3,136.69,1,136.7,1,136.71,3,136.72,2,136.75,3
2020-10-29 09:36:11,136.565,136.58,1,136.51,3,136.62,3,136.62,136.51,136.51,3,136.5,7,,,,,,,,,,,,,,,,,136.62,3,136.63,2,136.66,1,136.67,3,136.68,3,136.69,1,136.7,1,136.71,3,136.72,2,136.75,3
2020-10-29 09:36:12,136.58,136.6,1,136.53,1,136.63,6,136.63,136.53,136.53,1,136.51,4,136.5,7,,,,,,,,,,,,,,,136.63,6,136.66,1,136.67,3,136.68,3,136.69,1,136.7,1,136.71,3,136.72,2,136.75,3,136.78,3
2020-10-29 09:36:13,136.575,136.6,1,136.51,4,136.64,2,136.64,136.51,136.51,4,136.5,7,,,,,,,,,,,,,,,,,136.64,2,136.65,1,136.66,1,136.67,3,136.68,3,136.69,1,136.7,1,136.71,3,136.72,2,136.75,3
2020-10-29 09:36:14,136.555,136.6,1,136.51,4,136.6,2,136.6,136.51,136.51,4,136.5,7,,,,,,,,,,,,,,,,,136.6,2,136.64,3,136.65,1,136.66,1,136.67,3,136.68,3,136.69,1,136.7,1,136.71,3,136.72,2
2020-10-29 09:36:15,136.575,136.6,1,136.51,5,136.64,3,136.64,136.51,136.51,5,136.5,7,,,,,,,,,,,,,,,,,136.64,3,136.65,1,136.66,1,136.67,3,136.68,3,136.69,1,136.7,1,136.71,3,136.72,2,136.75,3
2020-10-29 09:36:16,136.57,136.53,1,136.53,3,136.61,2,136.61,136.53,136.53,3,136.52,4,136.51,5,136.5,7,,,,,,,,,,,,,136.61,2,136.64,3,136.65,1,136.66,1,136.67,3,136.68,3,136.69,1,136.7,1,136.71,3,136.72,2
2020-10-29 09:36:17,136.575,136.53,1,136.53,3,136.62,2,136.62,136.53,136.53,3,136.52,4,136.51,5,136.5,7,,,,,,,,,,,,,136.62,2,136.63,3,136.64,3,136.65,1,136.66,1,136.67,3,136.68,3,136.69,1,136.7,1,136.71,3
2020-10-29 09:36:18,136.575,136.62,1,136.53,3,136.62,2,136.62,136.53,136.53,3,136.52,4,136.51,5,136.5,7,,,,,,,,,,,,,136.62,2,136.63,3,136.64,3,136.65,1,136.66,1,136.67,3,136.68,3,136.69,1,136.7,1,136.71,3
2020-10-29 09:36:19,136.565,136.53,1,136.53,2,136.6,2,136.6,136.53,136.53,2,136.52,4,136.51,5,136.5,7,,,,,,,,,,,,,136.6,2,136.61,1,136.62,2,136.63,3,136.64,3,136.65,1,136.66,1,136.67,3,136.68,3,136.69,1
2020-10-29 09:36:20,136.545,136.52,1,136.51,6,136.58,1,136.58,136.51,136.51,6,136.5,7,,,,,,,,,,,,,,,,,136.58,1,136.62,3,136.63,3,136.64,3,136.65,1,136.66,1,136.67,3,136.68,3,136.69,1,136.7,1
2020-10-29 09:36:21,136.53,136.51,1,136.51,5,136.55,2,136.55,136.51,136.51,5,136.5,7,,,,,,,,,,,,,,,,,136.55,2,136.56,3,136.62,4,136.63,3,136.64,3,136.65,1,136.66,1,136.67,3,136.68,3,136.69,1
2020-10-29 09:36:22,136.535,136.53,1,136.51,6,136.56,5,136.56,136.51,136.51,6,136.5,7,,,,,,,,,,,,,,,,,136.56,5,136.62,4,136.63,3,136.64,3,136.65,1,136.66,1,136.67,3,136.68,3,136.69,1,136.7,1
2020-10-29 09:36:23,136.535,136.55,1,136.51,1,136.56,5,136.56,136.51,136.51,1,136.5,1,136.49,7,,,,,,,,,,,,,,,136.56,5,136.62,4,136.63,3,136.64,3,136.65,1,136.66,1,136.67,3,136.68,3,136.69,1,136.7,1
2020-10-29 09:36:24,136.525,136.5,1,136.49,7,136.56,5,136.56,136.49,136.49,7,,,,,,,,,,,,,,,,,,,136.56,5,136.62,4,136.63,3,136.64,3,136.65,1,136.66,1,136.67,3,136.68,3,136.69,1,136.7,1
2020-10-29 09:36:25,136.525,136.5,1,136.49,7,136.56,5,136.56,136.49,136.49,7,,,,,,,,,,,,,,,,,,,136.56,5,136.62,4,136.63,3,136.64,3,136.65,1,136.66,1,136.67,3,136.68,3,136.69,1,136.7,1
2020-10-29 09:36:26,136.53,136.53,10,136.5,15,136.56,5,136.56,136.5,136.5,15,136.49,7,,,,,,,,,,,,,,,,,136.56,5,136.62,4,136.63,3,136.64,3,136.65,1,136.66,1,136.67,3,136.68,3,136.69,1,136.7,1
2020-10-29 09:36:27,136.575,136.57,1,136.53,3,136.62,2,136.62,136.53,136.53,3,136.5,15,136.49,7,,,,,,,,,,,,,,,136.62,2,136.64,3,136.65,1,136.66,1,136.67,3,136.68,3,136.69,1,136.7,1,136.71,3,136.72,2
2020-10-29 09:36:28,136.585,136.57,1,136.53,3,136.64,3,136.64,136.53,136.53,3,136.5,15,136.49,7,,,,,,,,,,,,,,,136.64,3,136.65,1,136.66,1,136.67,3,136.68,3,136.69,1,136.7,1,136.71,3,136.72,2,136.75,3
2020-10-29 09:36:29,136.645,136.61,1,136.61,2,136.68,5,136.68,136.61,136.61,2,136.57,1,136.55,2,136.54,5,136.53,3,136.5,15,136.49,7,,,,,,,136.68,5,136.69,1,136.7,1,136.71,3,136.72,2,136.75,3,136.78,3,136.79,3,136.82,4,136.83,3
2020-10-29 09:36:30,136.65,136.65,1,136.62,15,136.68,5,136.68,136.62,136.62,15,136.61,2,136.57,1,136.55,2,136.54,5,136.53,3,136.5,15,136.49,7,,,,,136.68,5,136.69,1,136.7,1,136.71,3,136.72,2,136.75,3,136.78,3,136.79,3,136.82,4,136.83,3
2020-10-29 09:36:31,136.65,136.65,1,136.62,15,136.68,5,136.68,136.62,136.62,15,136.61,2,136.57,1,136.55,2,136.54,5,136.53,3,136.5,15,136.49,7,,,,,136.68,5,136.69,1,136.7,1,136.71,3,136.72,2,136.75,3,136.78,3,136.79,3,136.82,4,136.83,3
2020-10-29 09:36:32,136.705,136.65,1,136.68,1,136.73,1,136.73,136.68,136.68,1,136.65,5,136.62,15,136.61,2,136.57,1,136.55,2,136.54,5,136.53,3,136.5,15,136.49,7,136.73,1,136.75,3,136.78,3,136.79,3,136.82,4,136.83,3,136.84,4,136.88,1,136.89,3,136.9,1
2020-10-29 09:36:33,136.67,136.65,1,136.63,15,136.71,3,136.71,136.63,136.63,15,136.62,16,136.61,2,136.57,1,136.55,2,136.54,5,136.53,3,136.5,15,136.49,7,,,136.71,3,136.73,1,136.75,3,136.78,3,136.79,3,136.82,4,136.83,3,136.84,4,136.88,1,136.89,3
2020-10-29 09:36:34,136.67,136.65,1,136.63,15,136.71,3,136.71,136.63,136.63,15,136.62,16,136.61,2,136.57,1,136.55,2,136.54,5,136.53,3,136.5,15,136.49,7,,,136.71,3,136.73,1,136.75,3,136.78,3,136.79,3,136.82,4,136.83,3,136.84,4,136.88,1,136.89,3
2020-10-29 09:36:35,136.67,136.65,1,136.63,15,136.71,3,136.71,136.63,136.63,15,136.62,16,136.61,2,136.57,1,136.55,2,136.54,5,136.53,3,136.5,15,136.49,7,,,136.71,3,136.73,1,136.75,3,136.78,3,136.79,3,136.82,4,136.83,3,136.84,4,136.88,1,136.89,3
2020-10-29 09:36:36,136.67,136.71,1,136.63,15,136.71,3,136.71,136.63,136.63,15,136.62,16,136.61,2,136.57,1,136.55,2,136.54,5,136.53,3,136.5,15,136.49,7,,,136.71,3,136.73,1,136.75,3,136.78,3,136.79,3,136.82,4,136.83,3,136.84,4,136.88,1,136.89,3
2020-10-29 09:36:37,136.675,136.71,1,136.64,15,136.71,3,136.71,136.64,136.64,15,136.63,16,136.62,16,136.61,2,136.57,1,136.55,2,136.54,5,136.53,3,136.5,15,136.49,7,136.71,3,136.73,1,136.75,3,136.78,3,136.79,3,136.82,4,136.83,3,136.84,4,136.88,1,136.89,3
2020-10-29 09:36:38,136.675,136.68,1,136.64,15,136.71,2,136.71,136.64,136.64,15,136.63,16,136.62,16,136.61,2,136.57,1,136.55,2,136.54,5,136.53,3,136.5,15,136.49,7,136.71,2,136.73,1,136.75,3,136.78,3,136.79,3,136.82,4,136.83,3,136.84,4,136.88,1,136.89,3
2020-10-29 09:36:39,136.73,136.73,1,136.67,1,136.79,4,136.79,136.67,136.67,1,136.65,6,136.64,15,136.63,16,136.62,16,136.61,2,136.57,1,136.55,2,136.54,5,136.53,3,136.79,4,136.82,4,136.83,3,136.84,4,136.88,1,136.89,3,136.9,1,136.93,3,136.95,1,136.96,2
2020-10-29 09:36:40,136.73,136.73,1,136.67,1,136.79,4,136.79,136.67,136.67,1,136.65,6,136.64,15,136.63,16,136.62,16,136.61,2,136.57,1,136.55,2,136.54,5,136.53,3,136.79,4,136.82,4,136.83,3,136.84,4,136.88,1,136.89,3,136.9,1,136.93,3,136.95,1,136.96,2
2020-10-29 09:36:41,136.735,136.73,1,136.68,15,136.79,5,136.79,136.68,136.68,15,136.67,3,136.65,6,136.64,15,136.63,16,136.62,16,136.61,2,136.57,1,136.55,2,136.54,5,136.79,5,136.82,4,136.83,3,136.84,4,136.88,1,136.89,3,136.9,1,136.93,3,136.95,1,136.96,2
