sim_time,mid_price,last_price,last_size,best_bid_price,best_bid_size,best_ask_price,best_ask_size,close_price_buy,close_price_sell,bid1_price,bid1_size,bid2_price,bid2_size,bid3_price,bid3_size,bid4_price,bid4_size,bid5_price,bid5_size,bid6_price,bid6_size,bid7_price,bid7_size,bid8_price,bid8_size,bid9_price,bid9_size,bid10_price,bid10_size,ask1_price,ask1_size,ask2_price,ask2_size,ask3_price,ask3_size,ask4_price,ask4_size,ask5_price,ask5_size,ask6_price,ask6_size,ask7_price,ask7_size,ask8_price,ask8_size,ask9_price,ask9_size,ask10_price,ask10_size
2026-02-05 09:30:17,235.81,0.0,0,235.62,100,236.0,6200,236.0,235.62,235.62,100,235.51,100,235.42,200,235.4,100,235.39,600,235.1,100,235.01,100,235.0,100,234.99,100,234.61,100,236.0,6200,236.47,300,,,,,,,,,,,,,,,,
2026-02-05 09:30:18,235.81,0.0,0,235.62,100,236.0,6400,236.0,235.62,235.62,100,235.51,100,235.42,200,235.4,100,235.39,600,235.1,100,235.01,100,235.0,100,234.99,100,234.61,100,236.0,6400,236.47,300,,,,,,,,,,,,,,,,
2026-02-05 09:30:20,235.81,0.0,0,235.62,100,236.0,6400,236.0,235.62,235.62,100,235.51,100,235.42,200,235.4,100,235.39,600,235.1,100,235.01,100,235.0,100,234.99,100,234.61,100,236.0,6400,236.47,300,,,,,,,,,,,,,,,,
2026-02-05 09:30:21,235.81,0.0,0,235.62,100,236.0,6300,236.0,235.62,235.62,100,235.51,100,235.42,200,235.4,100,235.39,600,235.1,100,235.01,100,235.0,100,234.99,100,234.61,100,236.0,6300,236.47,300,,,,,,,,,,,,,,,,
2026-02-05 09:30:22,235.81,0.0,0,235.62,100,236.0,6300,236.0,235.62,235.62,100,235.51,100,235.42,200,235.4,100,235.39,600,235.1,100,235.01,100,235.0,100,234.99,100,234.61,100,236.0,6300,236.47,300,,,,,,,,,,,,,,,,
2026-02-05 09:30:22,235.81,0.0,0,235.62,100,236.0,6300,236.0,235.62,235.62,100,235.51,100,235.42,200,235.4,100,235.39,600,235.1,100,235.01,100,235.0,100,234.99,100,234.61,100,236.0,6300,236.47,300,,,,,,,,,,,,,,,,
2026-02-05 09:30:24,235.78,0.0,0,235.56,100,236.0,6300,236.0,235.56,235.56,100,235.51,100,235.42,200,235.4,100,235.39,600,235.1,100,235.01,100,235.0,100,234.99,100,234.61,100,236.0,6300,236.47,300,,,,,,,,,,,,,,,,
2026-02-05 09:30:25,235.78,0.0,0,235.56,100,236.0,6400,236.0,235.56,235.56,100,235.51,100,235.42,200,235.4,100,235.39,600,235.1,100,235.01,100,235.0,100,234.99,100,234.61,100,236.0,6400,236.47,300,,,,,,,,,,,,,,,,
2026-02-05 09:30:26,235.78,236.0,1,235.56,100,236.0,6300,236.0,235.56,235.56,100,235.51,100,235.42,200,235.4,100,235.39,600,235.1,100,235.01,100,235.0,100,234.99,100,234.61,100,236.0,6300,236.47,300,,,,,,,,,,,,,,,,
2026-02-05 09:30:27,235.78,236.0,1,235.56,100,236.0,6300,236.0,235.56,235.56,100,235.51,100,235.42,200,235.4,100,235.39,600,235.1,100,235.01,100,235.0,100,234.99,100,234.61,100,236.0,6300,236.47,300,,,,,,,,,,,,,,,,
2026-02-05 09:30:28,235.78,236.0,1,235.56,100,236.0,6300,236.0,235.56,235.56,100,235.51,100,235.42,200,235.4,100,235.39,600,235.1,100,235.01,100,235.0,100,234.99,100,234.61,100,236.0,6300,236.47,300,,,,,,,,,,,,,,,,
2026-02-05 09:30:29,235.78,236.0,1,235.56,100,236.0,6300,236.0,235.56,235.56,100,235.51,100,235.42,200,235.4,100,235.39,600,235.1,100,235.01,100,235.0,100,234.99,100,234.61,100,236.0,6300,236.47,300,,,,,,,,,,,,,,,,
2026-02-05 09:30:30,235.78,236.0,1,235.56,100,236.0,6300,236.0,235.56,235.56,100,235.51,100,235.42,200,235.4,100,235.39,600,235.1,100,235.01,100,235.0,100,234.99,100,234.61,100,236.0,6300,236.47,300,,,,,,,,,,,,,,,,
2026-02-05 09:30:31,235.78,235.78,4,235.56,100,236.0,6100,236.0,235.56,235.56,100,235.51,100,235.42,200,235.4,100,235.39,600,235.1,100,235.01,100,235.0,100,234.99,100,234.61,100,236.0,6100,236.47,300,,,,,,,,,,,,,,,,
2026-02-05 09:30:32,235.78,235.78,4,235.56,100,236.0,6100,236.0,235.56,235.56,100,235.51,100,235.42,200,235.4,100,235.39,600,235.1,100,235.01,100,235.0,100,234.99,100,234.61,100,236.0,6100,236.47,300,,,,,,,,,,,,,,,,
2026-02-05 09:30:33,235.77,235.8,2,235.56,100,235.98,200,235.98,235.56,235.56,100,235.51,100,235.42,200,235.4,100,235.39,600,235.1,100,235.01,100,235.0,100,234.99,100,234.61,100,235.98,200,236.0,6100,236.47,300,,,,,,,,,,,,,,
2026-02-05 09:30:34,235.68,235.72,2,235.51,200,235.85,100,235.85,235.51,235.51,200,235.42,200,235.4,100,235.39,600,235.1,100,235.01,100,235.0,100,234.99,100,234.61,100,234.6,100,235.85,100,235.86,200,235.88,100,235.95,300,235.96,200,235.97,100,235.99,200,236.0,6100,236.47,300,,
2026-02-05 09:30:35,235.675,235.72,2,235.51,200,235.84,100,235.84,235.51,235.51,200,235.42,200,235.4,100,235.39,600,235.1,100,235.01,100,235.0,100,234.99,100,234.61,100,234.6,100,235.84,100,235.85,100,235.86,200,235.88,100,235.95,300,235.96,200,235.97,100,235.99,200,236.0,6100,236.47,300
2026-02-05 09:30:36,235.68,235.72,2,235.51,200,235.85,100,235.85,235.51,235.51,200,235.42,200,235.4,100,235.39,600,235.1,100,235.01,100,235.0,100,234.99,100,234.61,100,234.6,100,235.85,100,235.86,200,235.88,100,235.95,300,235.96,200,235.97,100,235.99,200,236.0,6100,236.47,300,,
2026-02-05 09:30:37,235.68,235.72,2,235.51,200,235.85,100,235.85,235.51,235.51,200,235.42,200,235.4,100,235.39,600,235.1,100,235.01,100,235.0,100,234.99,100,234.61,100,234.6,100,235.85,100,235.86,200,235.88,100,235.95,300,235.96,200,235.97,100,235.99,200,236.0,6100,236.47,300,,
2026-02-05 09:30:38,235.68,235.72,2,235.51,200,235.85,100,235.85,235.51,235.51,200,235.42,200,235.4,100,235.39,600,235.1,100,235.01,100,235.0,100,234.99,100,234.61,100,234.6,100,235.85,100,235.86,200,235.88,100,235.95,300,235.96,200,235.97,100,235.99,200,236.0,6100,236.47,300,,
2026-02-05 09:30:39,235.695,235.72,2,235.51,200,235.88,100,235.88,235.51,235.51,200,235.42,200,235.4,100,235.39,600,235.1,100,235.01,100,235.0,100,234.99,100,234.61,100,234.6,100,235.88,100,235.95,300,235.96,200,235.97,100,235.99,200,236.0,6100,236.47,300,,,,,,
2026-02-05 09:30:40,235.7,235.83,1,235.51,200,235.89,100,235.89,235.51,235.51,200,235.42,200,235.4,100,235.39,600,235.1,100,235.01,100,235.0,100,234.99,100,234.61,100,234.6,100,235.89,100,235.95,300,235.96,200,235.97,100,235.99,200,236.0,6100,236.47,300,,,,,,
2026-02-05 09:30:41,235.7,235.83,1,235.51,200,235.89,100,235.89,235.51,235.51,200,235.42,200,235.4,100,235.39,600,235.1,100,235.01,100,235.0,100,234.99,100,234.61,100,234.6,100,235.89,100,235.95,300,235.96,200,235.97,100,235.99,200,236.0,6100,236.47,300,,,,,,
2026-02-05 09:30:41,235.705,235.89,1,235.51,300,235.9,100,235.9,235.51,235.51,300,235.42,200,235.4,100,235.39,600,235.1,100,235.01,100,235.0,100,234.99,100,234.61,100,234.6,100,235.9,100,235.95,300,235.96,200,235.97,100,235.99,200,236.0,6100,236.47,300,,,,,,
2026-02-05 09:30:43,235.705,235.89,1,235.51,300,235.9,100,235.9,235.51,235.51,300,235.42,200,235.4,100,235.39,600,235.1,100,235.01,100,235.0,100,234.99,100,234.61,100,234.6,100,235.9,100,235.95,300,235.96,200,235.97,100,235.99,200,236.0,6100,236.47,300,,,,,,
2026-02-05 09:30:44,235.705,235.71,1,235.51,400,235.9,100,235.9,235.51,235.51,400,235.42,200,235.4,100,235.39,600,235.1,100,235.01,100,235.0,100,234.99,100,234.61,100,234.6,100,235.9,100,235.95,300,235.96,200,235.97,100,235.99,200,236.0,6100,236.47,300,,,,,,
2026-02-05 09:30:45,235.705,235.71,1,235.51,400,235.9,100,235.9,235.51,235.51,400,235.42,200,235.4,100,235.39,600,235.1,100,235.01,100,235.0,100,234.99,100,234.61,100,234.6,100,235.9,100,235.95,300,235.96,200,235.97,100,235.99,200,236.0,6100,236.47,300,,,,,,
2026-02-05 09:30:46,235.705,235.71,1,235.51,400,235.9,100,235.9,235.51,235.51,400,235.42,200,235.4,100,235.39,600,235.1,100,235.01,100,235.0,100,234.99,100,234.61,100,234.6,100,235.9,100,235.95,300,235.96,200,235.97,100,235.99,200,236.0,6100,236.47,300,,,,,,
2026-02-05 09:30:47,235.7,235.71,1,235.51,400,235.89,100,235.89,235.51,235.51,400,235.42,200,235.4,100,235.39,600,235.1,100,235.01,100,235.0,100,234.99,100,234.61,100,234.6,100,235.89,100,235.9,100,235.95,300,235.96,200,235.97,100,235.99,200,236.0,6100,236.47,300,,,,
2026-02-05 09:30:48,235.7,235.52,1,235.51,400,235.89,100,235.89,235.51,235.51,400,235.42,200,235.4,100,235.39,600,235.1,100,235.01,100,235.0,100,234.99,100,234.61,100,234.6,100,235.89,100,235.9,100,235.95,300,235.96,200,235.97,100,235.99,200,236.0,6100,236.47,300,,,,
2026-02-05 09:30:48,235.7,235.52,1,235.51,400,235.89,100,235.89,235.51,235.51,400,235.42,200,235.4,100,235.39,600,235.1,100,235.01,100,235.0,100,234.99,100,234.61,100,234.6,100,235.89,100,235.9,100,235.95,300,235.96,200,235.97,100,235.99,200,236.0,6100,236.47,300,,,,
2026-02-05 09:30:50,235.7,235.52,1,235.51,400,235.89,100,235.89,235.51,235.51,400,235.42,200,235.4,100,235.39,600,235.1,100,235.01,100,235.0,100,234.99,100,234.61,100,234.6,100,235.89,100,235.9,100,235.95,300,235.96,200,235.97,100,235.99,200,236.0,6100,236.47,300,,,,
2026-02-05 09:30:51,235.7,235.87,2,235.51,400,235.89,100,235.89,235.51,235.51,400,235.42,200,235.4,100,235.39,600,235.1,100,235.01,100,235.0,100,234.99,100,234.61,100,234.6,100,235.89,100,235.9,100,235.95,300,235.96,200,235.97,100,235.99,200,236.0,6100,236.47,300,,,,
2026-02-05 09:30:52,235.7,235.87,2,235.51,400,235.89,100,235.89,235.51,235.51,400,235.42,200,235.4,100,235.39,600,235.1,100,235.01,100,235.0,100,234.99,100,234.61,100,234.6,100,235.89,100,235.9,100,235.95,300,235.96,200,235.97,100,235.99,200,236.0,6100,236.47,300,,,,
2026-02-05 09:30:53,235.7,235.87,2,235.51,400,235.89,100,235.89,235.51,235.51,400,235.42,200,235.4,100,235.39,600,235.1,100,235.01,100,235.0,100,234.99,100,234.61,100,234.6,100,235.89,100,235.9,100,235.95,300,235.96,200,235.97,100,235.99,200,236.0,6100,236.47,300,,,,
2026-02-05 09:30:54,235.7,235.7,2,235.51,400,235.89,100,235.89,235.51,235.51,400,235.42,200,235.4,100,235.39,600,235.1,100,235.01,100,235.0,100,234.99,100,234.61,100,234.6,100,235.89,100,235.9,100,235.95,300,235.96,200,235.97,100,235.99,200,236.0,6100,236.47,300,,,,
2026-02-05 09:30:55,235.7,235.7,2,235.51,400,235.89,200,235.89,235.51,235.51,400,235.42,200,235.4,100,235.39,600,235.1,100,235.01,100,235.0,100,234.99,100,234.61,100,234.6,100,235.89,200,235.9,100,235.95,300,235.96,200,235.97,100,235.99,200,236.0,6100,236.47,300,,,,
2026-02-05 09:30:56,235.7,235.88,1,235.51,400,235.89,200,235.89,235.51,235.51,400,235.42,200,235.4,100,235.39,600,235.1,100,235.01,100,235.0,100,234.99,100,234.61,100,234.6,100,235.89,200,235.9,100,235.95,300,235.96,200,235.97,100,235.99,200,236.0,6100,236.47,300,,,,
2026-02-05 09:30:57,235.735,235.88,1,235.58,100,235.89,200,235.89,235.58,235.58,100,235.52,100,235.51,400,235.42,200,235.4,100,235.39,600,235.1,100,235.01,100,235.0,100,234.99,100,235.89,200,235.9,100,235.95,300,235.96,200,235.97,100,235.99,200,236.0,6100,236.47,300,,,,
2026-02-05 09:30:58,235.795,235.88,1,235.59,100,236.0,5900,236.0,235.59,235.59,100,235.58,100,235.52,100,235.51,400,235.42,200,235.4,100,235.39,600,235.1,100,235.01,100,235.0,100,236.0,5900,236.47,300,,,,,,,,,,,,,,,,
2026-02-05 09:30:59,235.795,235.88,1,235.59,100,236.0,5900,236.0,235.59,235.59,100,235.58,100,235.52,100,235.51,400,235.42,200,235.4,100,235.39,600,235.1,100,235.01,100,235.0,100,236.0,5900,236.47,300,,,,,,,,,,,,,,,,
2026-02-05 09:31:00,235.795,235.88,1,235.59,100,236.0,5900,236.0,235.59,235.59,100,235.58,100,235.52,100,235.51,400,235.42,200,235.4,100,235.39,600,235.1,100,235.01,100,235.0,100,236.0,5900,236.47,300,,,,,,,,,,,,,,,,
2026-02-05 09:31:01,235.79,235.88,1,235.59,100,235.99,300,235.99,235.59,235.59,100,235.58,100,235.52,100,235.51,400,235.42,200,235.4,100,235.39,600,235.1,100,235.01,100,235.0,100,235.99,300,236.0,5900,236.47,300,,,,,,,,,,,,,,
2026-02-05 09:31:02,235.79,235.88,1,235.59,100,235.99,300,235.99,235.59,235.59,100,235.58,100,235.52,100,235.51,400,235.42,200,235.4,100,235.39,600,235.1,100,235.01,100,235.0,100,235.99,300,236.0,5900,236.47,300,,,,,,,,,,,,,,
2026-02-05 09:31:03,235.79,235.88,1,235.59,100,235.99,300,235.99,235.59,235.59,100,235.58,100,235.52,100,235.51,400,235.42,200,235.4,100,235.39,600,235.1,100,235.01,100,235.0,100,235.99,300,236.0,5900,236.47,300,,,,,,,,,,,,,,
2026-02-05 09:31:04,235.795,235.99,1,235.59,200,236.0,4900,236.0,235.59,235.59,200,235.58,100,235.52,100,235.51,400,235.42,200,235.4,100,235.39,600,235.1,100,235.01,100,235.0,100,236.0,4900,236.47,300,,,,,,,,,,,,,,,,
2026-02-05 09:31:05,235.795,236.0,3,235.59,200,236.0,4800,236.0,235.59,235.59,200,235.58,100,235.52,100,235.51,400,235.42,200,235.4,100,235.39,600,235.1,100,235.01,100,235.0,100,236.0,4800,236.47,300,,,,,,,,,,,,,,,,
2026-02-05 09:31:06,235.79,235.8,1,235.59,300,235.99,800,235.99,235.59,235.59,300,235.58,100,235.52,100,235.51,400,235.42,200,235.4,100,235.39,600,235.1,100,235.01,100,235.0,100,235.99,800,236.0,1800,236.47,300,,,,,,,,,,,,,,
2026-02-05 09:31:07,235.79,235.79,4,235.59,100,235.99,900,235.99,235.59,235.59,100,235.58,100,235.52,100,235.51,400,235.42,200,235.4,100,235.39,600,235.1,100,235.01,100,235.0,100,235.99,900,236.0,1800,236.47,300,,,,,,,,,,,,,,
2026-02-05 09:31:08,235.79,235.79,1,235.59,100,235.99,900,235.99,235.59,235.59,100,235.58,100,235.52,100,235.51,400,235.42,200,235.4,100,235.39,600,235.1,100,235.01,100,235.0,100,235.99,900,236.0,1800,236.47,300,,,,,,,,,,,,,,
2026-02-05 09:31:09,235.79,235.79,1,235.59,100,235.99,900,235.99,235.59,235.59,100,235.58,100,235.52,100,235.51,400,235.42,200,235.4,100,235.39,600,235.1,100,235.01,100,235.0,100,235.99,900,236.0,1800,236.47,300,,,,,,,,,,,,,,
2026-02-05 09:31:10,235.79,235.79,1,235.59,100,235.99,900,235.99,235.59,235.59,100,235.58,100,235.52,100,235.51,400,235.42,200,235.4,100,235.39,600,235.1,100,235.01,100,235.0,100,235.99,900,236.0,1800,236.47,300,,,,,,,,,,,,,,
2026-02-05 09:31:11,235.79,235.79,1,235.59,100,235.99,900,235.99,235.59,235.59,100,235.58,100,235.52,100,235.51,400,235.42,200,235.4,100,235.39,600,235.1,100,235.01,100,235.0,100,235.99,900,236.0,1800,236.47,300,,,,,,,,,,,,,,
2026-02-05 09:31:12,235.79,235.79,1,235.59,100,235.99,900,235.99,235.59,235.59,100,235.58,100,235.52,100,235.51,400,235.42,200,235.4,100,235.39,600,235.1,100,235.01,100,235.0,100,235.99,900,236.0,1800,236.47,300,,,,,,,,,,,,,,
2026-02-05 09:31:13,235.79,235.99,2,235.59,100,235.99,300,235.99,235.59,235.59,100,235.58,100,235.52,100,235.51,400,235.42,200,235.4,100,235.39,600,235.1,100,235.01,100,235.0,100,235.99,300,236.0,1800,236.47,300,,,,,,,,,,,,,,
2026-02-05 09:31:14,236.035,236.0,11,235.87,100,236.2,300,236.2,235.87,235.87,100,235.81,100,235.8,100,235.75,100,235.67,100,235.6,100,235.59,100,235.58,100,235.52,100,235.51,400,236.2,300,236.47,300,,,,,,,,,,,,,,,,
2026-02-05 09:31:15,235.93,236.07,1,235.67,200,236.19,100,236.19,235.67,235.67,200,235.6,100,235.59,100,235.58,100,235.52,100,235.51,400,235.42,200,235.4,100,235.39,600,235.1,100,236.19,100,236.2,300,236.47,300,,,,,,,,,,,,,,
2026-02-05 09:31:16,235.93,236.0,3,235.67,200,236.19,100,236.19,235.67,235.67,200,235.6,100,235.59,100,235.58,100,235.52,100,235.51,400,235.42,200,235.4,100,235.39,600,235.1,100,236.19,100,236.2,300,236.47,300,,,,,,,,,,,,,,
2026-02-05 09:31:17,235.93,236.0,3,235.67,200,236.19,100,236.19,235.67,235.67,200,235.6,100,235.59,100,235.58,100,235.52,100,235.51,400,235.42,200,235.4,100,235.39,600,235.1,100,236.19,100,236.2,300,236.47,300,,,,,,,,,,,,,,
2026-02-05 09:31:18,235.93,236.0,3,235.67,200,236.19,100,236.19,235.67,235.67,200,235.6,100,235.59,100,235.58,100,235.52,100,235.51,400,235.42,200,235.4,100,235.39,600,235.1,100,236.19,100,236.2,300,236.47,300,,,,,,,,,,,,,,
2026-02-05 09:31:19,235.93,235.89,1,235.67,200,236.19,100,236.19,235.67,235.67,200,235.6,100,235.59,100,235.58,100,235.52,100,235.51,400,235.42,200,235.4,100,235.39,600,235.1,100,236.19,100,236.2,300,236.47,300,,,,,,,,,,,,,,
2026-02-05 09:31:20,235.885,235.89,1,235.67,200,236.1,200,236.1,235.67,235.67,200,235.6,100,235.59,100,235.58,100,235.52,100,235.51,400,235.42,200,235.4,100,235.39,600,235.1,100,236.1,200,236.12,200,236.19,100,236.2,300,236.47,300,,,,,,,,,,
2026-02-05 09:31:21,235.89,235.89,3,235.67,200,236.11,200,236.11,235.67,235.67,200,235.6,100,235.59,100,235.58,100,235.52,100,235.51,400,235.42,200,235.4,100,235.39,600,235.1,100,236.11,200,236.12,200,236.19,100,236.2,300,236.47,300,,,,,,,,,,
2026-02-05 09:31:22,235.865,236.09,1,235.62,400,236.11,200,236.11,235.62,235.62,400,235.6,100,235.59,100,235.58,100,235.52,100,235.51,400,235.42,200,235.4,100,235.39,600,235.1,100,236.11,200,236.12,200,236.14,100,236.19,100,236.2,300,236.47,300,,,,,,,,
2026-02-05 09:31:23,235.865,235.87,1,235.62,400,236.11,200,236.11,235.62,235.62,400,235.6,100,235.59,100,235.58,100,235.52,100,235.51,400,235.42,200,235.4,100,235.39,600,235.1,100,236.11,200,236.12,200,236.14,100,236.19,100,236.2,300,236.47,300,,,,,,,,
2026-02-05 09:31:24,235.865,235.87,1,235.62,400,236.11,200,236.11,235.62,235.62,400,235.6,100,235.59,100,235.58,100,235.52,100,235.51,400,235.42,200,235.4,100,235.39,600,235.1,100,236.11,200,236.12,200,236.14,100,236.19,100,236.2,300,236.47,300,,,,,,,,
2026-02-05 09:31:25,235.865,235.87,1,235.62,400,236.11,100,236.11,235.62,235.62,400,235.6,100,235.59,100,235.58,100,235.52,100,235.51,400,235.42,200,235.4,100,235.39,600,235.1,100,236.11,100,236.12,200,236.14,100,236.19,100,236.2,300,236.47,300,,,,,,,,
2026-02-05 09:31:26,235.865,236.05,1,235.62,400,236.11,100,236.11,235.62,235.62,400,235.6,100,235.59,100,235.58,100,235.52,100,235.51,400,235.42,200,235.4,100,235.39,600,235.1,100,236.11,100,236.12,200,236.14,100,236.19,100,236.2,300,236.47,300,,,,,,,,
2026-02-05 09:31:27,235.905,236.05,1,235.62,400,236.19,200,236.19,235.62,235.62,400,235.6,100,235.59,100,235.58,100,235.52,100,235.51,400,235.42,200,235.4,100,235.39,600,235.1,100,236.19,200,236.2,300,236.47,300,,,,,,,,,,,,,,
2026-02-05 09:31:28,235.885,236.05,1,235.62,400,236.15,100,236.15,235.62,235.62,400,235.6,100,235.59,100,235.58,100,235.52,100,235.51,400,235.42,200,235.4,100,235.39,600,235.1,100,236.15,100,236.19,200,236.2,300,236.47,300,,,,,,,,,,,,
2026-02-05 09:31:29,235.885,236.05,1,235.62,400,236.15,100,236.15,235.62,235.62,400,235.6,100,235.59,100,235.58,100,235.52,100,235.51,400,235.42,200,235.4,100,235.39,600,235.1,100,236.15,100,236.19,200,236.2,300,236.47,300,,,,,,,,,,,,
2026-02-05 09:31:30,235.885,236.05,1,235.62,400,236.15,100,236.15,235.62,235.62,400,235.6,100,235.59,100,235.58,100,235.52,100,235.51,400,235.42,200,235.4,100,235.39,600,235.1,100,236.15,100,236.19,200,236.2,300,236.47,300,,,,,,,,,,,,
2026-02-05 09:31:31,235.88,236.05,1,235.62,400,236.14,200,236.14,235.62,235.62,400,235.6,100,235.59,100,235.58,100,235.52,100,235.51,400,235.42,200,235.4,100,235.39,600,235.1,100,236.14,200,236.15,100,236.19,200,236.2,300,236.47,300,,,,,,,,,,
2026-02-05 09:31:32,235.88,236.05,1,235.62,400,236.14,200,236.14,235.62,235.62,400,235.6,100,235.59,100,235.58,100,235.52,100,235.51,400,235.42,200,235.4,100,235.39,600,235.1,100,236.14,200,236.15,100,236.19,200,236.2,300,236.47,300,,,,,,,,,,
2026-02-05 09:31:33,236.06,235.96,1,235.93,100,236.19,100,236.19,235.93,235.93,100,235.89,100,235.82,100,235.68,100,235.62,400,235.6,100,235.59,100,235.58,100,235.52,100,235.51,400,236.19,100,236.2,300,236.47,300,,,,,,,,,,,,,,
2026-02-05 09:31:34,236.365,236.32,1,236.24,100,236.49,200,236.49,236.24,236.24,100,236.21,100,236.12,100,236.08,100,236.07,100,235.97,100,235.93,100,235.89,100,235.82,100,235.68,100,236.49,200,,,,,,,,,,,,,,,,,,
2026-02-05 09:31:35,236.435,236.43,1,236.21,100,236.66,100,236.66,236.21,236.21,100,236.12,100,236.08,100,236.07,100,235.97,100,235.93,100,235.89,100,235.82,100,235.68,100,235.62,400,236.66,100,236.68,100,,,,,,,,,,,,,,,,
2026-02-05 09:31:36,236.43,236.35,1,236.21,100,236.65,200,236.65,236.21,236.21,100,236.12,100,236.08,100,236.07,100,235.97,100,235.93,100,235.89,100,235.82,100,235.68,100,235.62,400,236.65,200,236.66,100,236.68,100,,,,,,,,,,,,,,
2026-02-05 09:31:37,236.4,236.38,1,236.21,100,236.59,100,236.59,236.21,236.21,100,236.12,100,236.08,100,236.07,100,235.97,100,235.93,100,235.89,100,235.82,100,235.68,100,235.62,400,236.59,100,236.65,200,236.66,100,236.68,100,,,,,,,,,,,,
2026-02-05 09:31:38,236.43,236.38,1,236.21,100,236.65,200,236.65,236.21,236.21,100,236.12,100,236.08,100,236.07,100,235.97,100,235.93,100,235.89,100,235.82,100,235.68,100,235.62,400,236.65,200,236.66,100,236.68,100,,,,,,,,,,,,,,
2026-02-05 09:31:39,236.405,236.38,1,236.16,200,236.65,200,236.65,236.16,236.16,200,236.12,100,236.08,100,236.07,100,235.97,100,235.93,100,235.89,100,235.82,100,235.68,100,235.62,400,236.65,200,236.66,100,236.68,100,,,,,,,,,,,,,,
2026-02-05 09:31:40,236.405,236.38,1,236.16,200,236.65,200,236.65,236.16,236.16,200,236.12,100,236.08,100,236.07,100,235.97,100,235.93,100,235.89,100,235.82,100,235.68,100,235.62,400,236.65,200,236.66,100,236.68,100,,,,,,,,,,,,,,
2026-02-05 09:31:41,236.405,236.38,1,236.16,200,236.65,200,236.65,236.16,236.16,200,236.12,100,236.08,100,236.07,100,235.97,100,235.93,100,235.89,100,235.82,100,235.68,100,235.62,400,236.65,200,236.66,100,236.68,100,,,,,,,,,,,,,,
2026-02-05 09:31:42,236.405,236.38,1,236.16,200,236.65,200,236.65,236.16,236.16,200,236.12,100,236.08,100,236.07,100,235.97,100,235.93,100,235.89,100,235.82,100,235.68,100,235.62,400,236.65,200,236.66,100,236.68,100,,,,,,,,,,,,,,
2026-02-05 09:31:43,236.405,236.38,1,236.16,200,236.65,200,236.65,236.16,236.16,200,236.12,100,236.08,100,236.07,100,235.97,100,235.93,100,235.89,100,235.82,100,235.68,100,235.62,400,236.65,200,236.66,100,236.68,100,,,,,,,,,,,,,,
2026-02-05 09:31:44,236.46,236.46,3,236.27,200,236.65,200,236.65,236.27,236.27,200,236.16,400,236.12,100,236.08,100,236.07,100,235.97,100,235.93,100,235.89,100,235.82,100,235.68,100,236.65,200,236.66,100,236.68,100,,,,,,,,,,,,,,
2026-02-05 09:31:45,236.365,236.37,1,236.16,500,236.57,200,236.57,236.16,236.16,500,236.12,100,236.08,100,236.07,100,235.97,100,235.93,100,235.89,100,235.82,100,235.68,100,235.62,400,236.57,200,236.59,200,236.65,300,236.66,100,236.68,100,,,,,,,,,,
2026-02-05 09:31:46,236.365,236.37,3,236.16,500,236.57,200,236.57,236.16,236.16,500,236.12,100,236.08,100,236.07,100,235.97,100,235.93,100,235.89,100,235.82,100,235.68,100,235.62,400,236.57,200,236.59,200,236.65,300,236.66,100,236.68,100,,,,,,,,,,
2026-02-05 09:31:47,236.34,236.35,1,236.24,100,236.44,100,236.44,236.24,236.24,100,236.16,500,236.12,100,236.08,100,236.07,100,235.97,100,235.93,100,235.89,100,235.82,100,235.68,100,236.44,100,236.59,200,236.65,300,236.66,100,236.68,100,,,,,,,,,,
2026-02-05 09:31:48,236.295,236.35,1,236.16,500,236.43,100,236.43,236.16,236.16,500,236.12,100,236.08,100,236.07,100,235.97,100,235.93,100,235.89,100,235.82,100,235.68,100,235.62,400,236.43,100,236.44,100,236.59,200,236.65,300,236.66,100,236.68,100,,,,,,,,
2026-02-05 09:31:49,236.365,236.35,1,236.16,400,236.57,100,236.57,236.16,236.16,400,236.12,100,236.08,100,236.07,100,235.97,100,235.93,100,235.89,100,235.82,100,235.68,100,235.62,400,236.57,100,236.59,200,236.63,100,236.65,400,236.66,100,236.68,100,,,,,,,,
2026-02-05 09:31:50,236.365,236.35,1,236.16,400,236.57,100,236.57,236.16,236.16,400,236.12,100,236.08,100,236.07,100,235.97,100,235.93,100,235.89,100,235.82,100,235.68,100,235.62,400,236.57,100,236.59,200,236.63,100,236.65,400,236.66,100,236.68,100,,,,,,,,
2026-02-05 09:31:51,236.365,236.35,1,236.16,400,236.57,100,236.57,236.16,236.16,400,236.12,100,236.08,100,236.07,100,235.97,100,235.93,100,235.89,100,235.82,100,235.68,100,235.62,400,236.57,100,236.59,200,236.63,100,236.65,400,236.66,100,236.68,100,,,,,,,,
2026-02-05 09:31:52,236.365,236.35,1,236.16,400,236.57,100,236.57,236.16,236.16,400,236.12,100,236.08,100,236.07,100,235.97,100,235.93,100,235.89,100,235.82,100,235.68,100,235.62,400,236.57,100,236.59,200,236.63,100,236.65,400,236.66,100,236.68,100,,,,,,,,
2026-02-05 09:31:53,236.365,236.35,1,236.16,400,236.57,100,236.57,236.16,236.16,400,236.12,100,236.08,100,236.07,100,235.97,100,235.93,100,235.89,100,235.82,100,235.68,100,235.62,400,236.57,100,236.59,200,236.63,100,236.65,400,236.66,100,236.68,100,,,,,,,,
2026-02-05 09:31:54,236.365,236.37,3,236.16,400,236.57,100,236.57,236.16,236.16,400,236.12,100,236.08,100,236.07,100,235.97,100,235.93,100,235.89,100,235.82,100,235.68,100,235.62,400,236.57,100,236.59,200,236.63,100,236.65,400,236.66,100,236.68,100,,,,,,,,
2026-02-05 09:31:55,236.365,236.37,1,236.16,400,236.57,100,236.57,236.16,236.16,400,236.12,100,236.08,100,236.07,100,235.97,100,235.93,100,235.89,100,235.82,100,235.68,100,235.62,400,236.57,100,236.59,200,236.63,100,236.65,400,236.66,100,236.68,100,,,,,,,,
2026-02-05 09:31:56,236.365,236.37,1,236.16,400,236.57,100,236.57,236.16,236.16,400,236.12,100,236.08,100,236.07,100,235.97,100,235.93,100,235.89,100,235.82,100,235.68,100,235.62,400,236.57,100,236.59,200,236.63,100,236.65,400,236.66,100,236.68,100,,,,,,,,
2026-02-05 09:31:57,236.47,236.37,1,236.29,100,236.65,400,236.65,236.29,236.29,100,236.28,100,236.26,100,236.22,100,236.21,100,236.17,100,236.16,400,236.12,100,236.08,100,236.07,100,236.65,400,236.66,100,236.68,100,,,,,,,,,,,,,,
2026-02-05 09:31:58,236.435,236.37,1,236.24,100,236.63,200,236.63,236.24,236.24,100,236.22,100,236.21,100,236.17,100,236.16,400,236.12,100,236.08,100,236.07,100,235.97,100,235.93,100,236.63,200,236.65,300,236.66,100,236.68,100,,,,,,,,,,,,
2026-02-05 09:31:59,236.435,236.37,1,236.24,100,236.63,200,236.63,236.24,236.24,100,236.22,100,236.21,100,236.17,100,236.16,400,236.12,100,236.08,100,236.07,100,235.97,100,235.93,100,236.63,200,236.65,300,236.66,100,236.68,100,,,,,,,,,,,,
2026-02-05 09:32:00,236.445,236.49,1,236.24,200,236.65,100,236.65,236.24,236.24,200,236.22,100,236.21,100,236.17,100,236.16,400,236.12,100,236.08,100,236.07,100,235.97,100,235.93,100,236.65,100,236.66,100,236.7,300,,,,,,,,,,,,,,
2026-02-05 09:32:01,236.415,236.49,3,236.24,200,236.59,100,236.59,236.24,236.24,200,236.22,100,236.21,100,236.17,100,236.16,400,236.12,100,236.08,100,236.07,100,235.97,100,235.93,100,236.59,100,236.66,200,236.7,300,,,,,,,,,,,,,,
2026-02-05 09:32:02,236.415,236.49,3,236.24,200,236.59,100,236.59,236.24,236.24,200,236.22,100,236.21,100,236.17,100,236.16,400,236.12,100,236.08,100,236.07,100,235.97,100,235.93,100,236.59,100,236.66,200,236.7,300,,,,,,,,,,,,,,
2026-02-05 09:32:03,236.415,236.19,1,236.24,200,236.59,100,236.59,236.24,236.24,200,236.22,100,236.21,100,236.17,100,236.16,400,236.12,100,236.08,100,236.07,100,235.97,100,235.93,100,236.59,100,236.66,200,236.7,300,,,,,,,,,,,,,,
2026-02-05 09:32:04,236.415,236.19,1,236.24,200,236.59,100,236.59,236.24,236.24,200,236.22,100,236.21,100,236.17,100,236.16,400,236.12,100,236.08,100,236.07,100,235.97,100,235.93,100,236.59,100,236.66,200,236.7,300,,,,,,,,,,,,,,
2026-02-05 09:32:05,236.4,236.43,1,236.29,500,236.51,100,236.51,236.29,236.29,500,236.24,600,236.22,100,236.21,100,236.17,100,236.16,400,236.12,100,236.08,100,236.07,100,235.97,100,236.51,100,236.52,100,236.58,100,236.65,100,236.66,200,236.7,300,,,,,,,,
2026-02-05 09:32:06,236.4,236.43,1,236.29,500,236.51,100,236.51,236.29,236.29,500,236.24,600,236.22,100,236.21,100,236.17,100,236.16,400,236.12,100,236.08,100,236.07,100,235.97,100,236.51,100,236.52,100,236.58,100,236.65,100,236.66,200,236.7,300,,,,,,,,
2026-02-05 09:32:07,236.4,236.43,1,236.29,500,236.51,100,236.51,236.29,236.29,500,236.24,600,236.22,100,236.21,100,236.17,100,236.16,400,236.12,100,236.08,100,236.07,100,235.97,100,236.51,100,236.52,100,236.58,100,236.65,100,236.66,200,236.7,300,,,,,,,,
2026-02-05 09:32:08,236.365,236.37,1,236.24,800,236.49,100,236.49,236.24,236.24,800,236.22,100,236.21,100,236.17,100,236.16,400,236.12,100,236.08,100,236.07,100,235.97,100,235.93,100,236.49,100,236.51,300,236.52,100,236.58,100,236.65,100,236.66,200,236.7,300,,,,,,
2026-02-05 09:32:09,236.35,236.37,1,236.24,800,236.46,100,236.46,236.24,236.24,800,236.22,100,236.21,100,236.17,100,236.16,400,236.12,100,236.08,100,236.07,100,235.97,100,235.93,100,236.46,100,236.49,100,236.51,300,236.52,100,236.58,100,236.65,100,236.66,200,236.7,300,,,,
2026-02-05 09:32:10,236.35,236.37,1,236.24,800,236.46,100,236.46,236.24,236.24,800,236.22,100,236.21,100,236.17,100,236.16,400,236.12,100,236.08,100,236.07,100,235.97,100,235.93,100,236.46,100,236.49,100,236.51,300,236.52,100,236.58,100,236.65,100,236.66,200,236.7,300,,,,
2026-02-05 09:32:11,236.325,236.37,1,236.19,300,236.46,100,236.46,236.19,236.19,300,236.17,100,236.16,400,236.12,100,236.08,100,236.07,100,235.97,100,235.93,100,235.89,100,235.82,100,236.46,100,236.49,100,236.51,300,236.52,100,236.58,100,236.65,100,236.66,200,236.7,300,,,,
2026-02-05 09:32:12,236.325,236.37,1,236.19,300,236.46,100,236.46,236.19,236.19,300,236.17,100,236.16,400,236.12,100,236.08,100,236.07,100,235.97,100,235.93,100,235.89,100,235.82,100,236.46,100,236.49,100,236.51,300,236.52,100,236.58,100,236.65,100,236.66,200,236.7,300,,,,
2026-02-05 09:32:13,236.325,236.37,1,236.19,300,236.46,100,236.46,236.19,236.19,300,236.17,100,236.16,400,236.12,100,236.08,100,236.07,100,235.97,100,235.93,100,235.89,100,235.82,100,236.46,100,236.49,100,236.51,300,236.52,100,236.58,100,236.65,100,236.66,200,236.7,300,,,,
2026-02-05 09:32:14,236.325,236.37,1,236.19,500,236.46,100,236.46,236.19,236.19,500,236.17,100,236.16,400,236.12,100,236.08,100,236.07,100,235.97,100,235.93,100,235.89,100,235.82,100,236.46,100,236.49,100,236.51,300,236.52,100,236.58,100,236.65,100,236.66,200,236.7,300,,,,
2026-02-05 09:32:15,236.325,236.37,1,236.19,500,236.46,100,236.46,236.19,236.19,500,236.17,100,236.16,400,236.12,100,236.08,100,236.07,100,235.97,100,235.93,100,235.89,100,235.82,100,236.46,100,236.49,100,236.51,300,236.52,100,236.58,100,236.65,100,236.66,200,236.7,300,,,,
2026-02-05 09:32:16,236.35,236.2,1,236.19,500,236.51,300,236.51,236.19,236.19,500,236.17,100,236.16,400,236.12,100,236.08,100,236.07,100,235.97,100,235.93,100,235.89,100,235.82,100,236.51,300,236.52,100,236.58,100,236.65,100,236.66,200,236.7,300,,,,,,,,
2026-02-05 09:32:17,236.425,236.5,1,236.19,500,236.66,200,236.66,236.19,236.19,500,236.17,100,236.16,400,236.12,100,236.08,100,236.07,100,235.97,100,235.93,100,235.89,100,235.82,100,236.66,200,236.7,300,,,,,,,,,,,,,,,,
2026-02-05 09:32:18,236.425,236.5,1,236.19,500,236.66,200,236.66,236.19,236.19,500,236.17,100,236.16,400,236.12,100,236.08,100,236.07,100,235.97,100,235.93,100,235.89,100,235.82,100,236.66,200,236.7,300,,,,,,,,,,,,,,,,
2026-02-05 09:32:19,236.425,236.5,1,236.19,500,236.66,300,236.66,236.19,236.19,500,236.17,100,236.16,400,236.12,100,236.08,100,236.07,100,235.97,100,235.93,100,235.89,100,235.82,100,236.66,300,236.7,300,,,,,,,,,,,,,,,,
2026-02-05 09:32:20,236.425,236.5,1,236.19,500,236.66,200,236.66,236.19,236.19,500,236.17,100,236.16,400,236.12,100,236.08,100,236.07,100,235.97,100,235.93,100,235.89,100,235.82,100,236.66,200,236.7,300,,,,,,,,,,,,,,,,
2026-02-05 09:32:21,236.425,236.5,1,236.19,500,236.66,200,236.66,236.19,236.19,500,236.17,100,236.16,400,236.12,100,236.08,100,236.07,100,235.97,100,235.93,100,235.89,100,235.82,100,236.66,200,236.7,300,,,,,,,,,,,,,,,,
2026-02-05 09:32:22,236.385,236.5,1,236.19,500,236.58,200,236.58,236.19,236.19,500,236.17,100,236.16,400,236.12,100,236.08,100,236.07,100,235.97,100,235.93,100,235.89,100,235.82,100,236.58,200,236.59,100,236.66,200,236.7,300,,,,,,,,,,,,
2026-02-05 09:32:23,236.385,236.39,1,236.19,500,236.58,200,236.58,236.19,236.19,500,236.17,100,236.16,400,236.12,100,236.08,100,236.07,100,235.97,100,235.93,100,235.89,100,235.82,100,236.58,200,236.59,100,236.66,200,236.7,300,,,,,,,,,,,,
2026-02-05 09:32:24,236.385,236.39,1,236.19,500,236.58,200,236.58,236.19,236.19,500,236.17,100,236.16,400,236.12,100,236.08,100,236.07,100,235.97,100,235.93,100,235.89,100,235.82,100,236.58,200,236.59,100,236.66,200,236.7,300,,,,,,,,,,,,
2026-02-05 09:32:25,236.385,236.39,1,236.19,500,236.58,200,236.58,236.19,236.19,500,236.17,100,236.16,400,236.12,100,236.08,100,236.07,100,235.97,100,235.93,100,235.89,100,235.82,100,236.58,200,236.59,100,236.66,200,236.7,300,,,,,,,,,,,,
2026-02-05 09:32:26,236.345,236.38,1,236.19,500,236.5,100,236.5,236.19,236.19,500,236.17,100,236.16,400,236.12,100,236.08,100,236.07,100,235.97,100,235.93,100,235.89,100,235.82,100,236.5,100,236.58,200,236.59,100,236.66,200,236.7,300,,,,,,,,,,
2026-02-05 09:32:27,236.345,236.38,1,236.19,500,236.5,100,236.5,236.19,236.19,500,236.17,100,236.16,400,236.12,100,236.08,100,236.07,100,235.97,100,235.93,100,235.89,100,235.82,100,236.5,100,236.58,200,236.59,100,236.66,200,236.7,300,,,,,,,,,,
2026-02-05 09:32:28,236.345,236.38,1,236.19,500,236.5,100,236.5,236.19,236.19,500,236.17,100,236.16,400,236.12,100,236.08,100,236.07,100,235.97,100,235.93,100,235.89,100,235.82,100,236.5,100,236.58,200,236.59,100,236.66,200,236.7,300,,,,,,,,,,
2026-02-05 09:32:29,236.345,236.38,1,236.19,500,236.5,100,236.5,236.19,236.19,500,236.17,100,236.16,400,236.12,100,236.08,100,236.07,100,235.97,100,235.93,100,235.89,100,235.82,100,236.5,100,236.58,200,236.59,100,236.66,200,236.7,300,,,,,,,,,,
2026-02-05 09:32:30,236.345,236.5,1,236.19,500,236.5,100,236.5,236.19,236.19,500,236.17,100,236.16,400,236.12,100,236.08,100,236.07,100,235.97,100,235.93,100,235.89,100,235.82,100,236.5,100,236.58,200,236.59,100,236.66,200,236.7,300,,,,,,,,,,
2026-02-05 09:32:31,236.345,236.5,1,236.19,500,236.5,100,236.5,236.19,236.19,500,236.17,100,236.16,400,236.12,100,236.08,100,236.07,100,235.97,100,235.93,100,235.89,100,235.82,100,236.5,100,236.58,200,236.59,100,236.66,200,236.7,300,,,,,,,,,,
2026-02-05 09:32:32,236.395,236.53,1,236.19,500,236.6,100,236.6,236.19,236.19,500,236.17,100,236.16,400,236.12,100,236.08,100,236.07,100,235.97,100,235.93,100,235.89,100,235.82,100,236.6,100,236.66,200,236.7,300,,,,,,,,,,,,,,
2026-02-05 09:32:33,236.505,236.53,1,236.23,100,236.78,100,236.78,236.23,236.23,100,236.22,100,236.21,100,236.2,100,236.19,500,236.17,100,236.16,400,236.12,100,236.08,100,236.07,100,236.78,100,,,,,,,,,,,,,,,,,,
2026-02-05 09:32:34,236.505,236.55,3,236.23,100,236.78,100,236.78,236.23,236.23,100,236.22,100,236.21,100,236.2,100,236.19,500,236.17,100,236.16,400,236.12,100,236.08,100,236.07,100,236.78,100,,,,,,,,,,,,,,,,,,
2026-02-05 09:32:35,236.57,236.67,1,236.36,200,236.78,100,236.78,236.36,236.36,200,236.23,200,236.22,100,236.21,100,236.2,100,236.19,500,236.17,100,236.16,400,236.12,100,236.08,100,236.78,100,,,,,,,,,,,,,,,,,,
2026-02-05 09:32:36,236.5,236.67,1,236.23,200,236.77,100,236.77,236.23,236.23,200,236.22,100,236.21,100,236.2,100,236.19,500,236.17,100,236.16,400,236.12,100,236.08,100,236.07,100,236.77,100,236.78,100,,,,,,,,,,,,,,,,
2026-02-05 09:32:37,236.47,236.67,1,236.23,200,236.71,100,236.71,236.23,236.23,200,236.22,100,236.21,100,236.2,100,236.19,500,236.17,100,236.16,400,236.12,100,236.08,100,236.07,100,236.71,100,236.77,100,236.78,100,,,,,,,,,,,,,,
2026-02-05 09:32:38,236.505,236.67,1,236.3,100,236.71,100,236.71,236.3,236.3,100,236.23,300,236.22,100,236.21,100,236.2,100,236.19,500,236.17,100,236.16,400,236.12,100,236.08,100,236.71,100,236.77,100,236.78,100,,,,,,,,,,,,,,
2026-02-05 09:32:39,236.535,236.69,1,236.3,100,236.77,100,236.77,236.3,236.3,100,236.23,300,236.22,100,236.21,100,236.2,100,236.19,500,236.17,100,236.16,400,236.12,100,236.08,100,236.77,100,236.78,100,,,,,,,,,,,,,,,,
2026-02-05 09:32:40,236.61,236.77,1,236.42,200,236.8,300,236.8,236.42,236.42,200,236.35,100,236.3,100,236.23,300,236.22,100,236.21,100,236.2,100,236.19,500,236.17,100,236.16,400,236.8,300,236.81,300,,,,,,,,,,,,,,,,
2026-02-05 09:32:41,236.61,236.77,1,236.42,200,236.8,300,236.8,236.42,236.42,200,236.35,100,236.3,100,236.23,300,236.22,100,236.21,100,236.2,100,236.19,500,236.17,100,236.16,400,236.8,300,236.81,300,,,,,,,,,,,,,,,,
2026-02-05 09:32:42,236.665,236.78,1,236.53,100,236.8,300,236.8,236.53,236.53,100,236.43,100,236.42,200,236.35,100,236.3,100,236.23,300,236.22,100,236.21,100,236.2,100,236.19,500,236.8,300,236.84,100,236.86,100,236.87,100,236.88,3700,,,,,,,,,,
2026-02-05 09:32:43,236.795,236.8,1,236.71,400,236.88,3700,236.88,236.71,236.71,400,236.53,100,236.43,100,236.42,200,236.35,100,236.3,100,236.23,300,236.22,100,236.21,100,236.2,100,236.88,3700,,,,,,,,,,,,,,,,,,
2026-02-05 09:32:44,236.795,236.87,1,236.71,400,236.88,3700,236.88,236.71,236.71,400,236.53,100,236.43,100,236.42,200,236.35,100,236.3,100,236.23,300,236.22,100,236.21,100,236.2,100,236.88,3700,,,,,,,,,,,,,,,,,,
2026-02-05 09:32:45,236.585,236.53,1,236.53,100,236.64,200,236.64,236.53,236.53,100,236.51,100,236.43,100,236.42,200,236.35,100,236.3,100,236.23,300,236.22,100,236.21,100,236.2,100,236.64,200,236.67,200,236.68,100,236.72,200,236.74,200,236.77,100,236.79,200,236.82,300,236.88,2100,,
2026-02-05 09:32:46,236.575,236.63,1,236.51,100,236.64,200,236.64,236.51,236.51,100,236.43,100,236.42,200,236.35,100,236.3,100,236.23,300,236.22,100,236.21,100,236.2,100,236.19,500,236.64,200,236.67,200,236.68,100,236.72,200,236.74,200,236.77,100,236.79,200,236.82,300,236.88,2100,,
2026-02-05 09:32:47,236.575,236.64,1,236.51,200,236.64,200,236.64,236.51,236.51,200,236.43,100,236.42,200,236.35,100,236.3,100,236.23,300,236.22,100,236.21,100,236.2,100,236.19,500,236.64,200,236.67,200,236.68,100,236.72,200,236.74,200,236.77,100,236.79,200,236.82,300,236.88,2100,,
2026-02-05 09:32:48,236.32,236.45,1,236.22,200,236.42,100,236.42,236.22,236.22,200,236.21,100,236.2,100,236.19,500,236.17,100,236.16,400,236.12,100,236.08,100,236.07,100,235.97,100,236.42,100,236.46,100,236.52,100,236.53,100,236.64,500,236.87,100,236.88,2100,,,,,,
2026-02-05 09:32:49,236.32,236.45,1,236.22,200,236.42,100,236.42,236.22,236.22,200,236.21,100,236.2,100,236.19,500,236.17,100,236.16,400,236.12,100,236.08,100,236.07,100,235.97,100,236.42,100,236.46,100,236.52,100,236.53,100,236.64,500,236.87,100,236.88,2100,,,,,,
2026-02-05 09:32:50,236.22,236.22,1,236.08,100,236.36,100,236.36,236.08,236.08,100,236.07,100,235.97,100,235.93,100,235.89,100,235.82,100,235.68,100,235.62,400,235.6,100,235.59,100,236.36,100,236.64,500,236.87,100,236.88,2100,,,,,,,,,,,,
2026-02-05 09:32:51,236.22,236.49,2,236.08,100,236.36,100,236.36,236.08,236.08,100,236.07,100,235.97,100,235.93,100,235.89,100,235.82,100,235.68,100,235.62,400,235.6,100,235.59,100,236.36,100,236.64,500,236.87,100,236.88,2100,,,,,,,,,,,,
2026-02-05 09:32:52,236.22,236.49,2,236.08,100,236.36,100,236.36,236.08,236.08,100,236.07,100,235.97,100,235.93,100,235.89,100,235.82,100,235.68,100,235.62,400,235.6,100,235.59,100,236.36,100,236.64,500,236.87,100,236.88,2100,,,,,,,,,,,,
2026-02-05 09:32:53,236.22,236.49,2,236.08,100,236.36,100,236.36,236.08,236.08,100,236.07,100,235.97,100,235.93,100,235.89,100,235.82,100,235.68,100,235.62,400,235.6,100,235.59,100,236.36,100,236.64,500,236.87,100,236.88,2100,,,,,,,,,,,,
2026-02-05 09:32:54,236.22,236.49,2,236.08,100,236.36,100,236.36,236.08,236.08,100,236.07,100,235.97,100,235.93,100,235.89,100,235.82,100,235.68,100,235.62,400,235.6,100,235.59,100,236.36,100,236.64,500,236.87,100,236.88,2100,,,,,,,,,,,,
2026-02-05 09:32:55,236.22,236.49,2,236.08,100,236.36,100,236.36,236.08,236.08,100,236.07,100,235.97,100,235.93,100,235.89,100,235.82,100,235.68,100,235.62,400,235.6,100,235.59,100,236.36,100,236.64,500,236.87,100,236.88,2100,,,,,,,,,,,,
2026-02-05 09:32:56,236.245,236.49,2,236.08,100,236.41,100,236.41,236.08,236.08,100,236.07,100,235.97,100,235.93,100,235.89,100,235.82,100,235.68,100,235.62,400,235.6,100,235.59,100,236.41,100,236.64,500,236.87,100,236.88,2100,,,,,,,,,,,,
2026-02-05 09:32:57,236.245,236.49,2,236.08,100,236.41,100,236.41,236.08,236.08,100,236.07,100,235.97,100,235.93,100,235.89,100,235.82,100,235.68,100,235.62,400,235.6,100,235.59,100,236.41,100,236.64,500,236.87,100,236.88,2100,,,,,,,,,,,,
2026-02-05 09:32:58,236.245,236.49,2,236.08,100,236.41,100,236.41,236.08,236.08,100,236.07,100,235.97,100,235.93,100,235.89,100,235.82,100,235.68,100,235.62,400,235.6,100,235.59,100,236.41,100,236.64,500,236.87,100,236.88,2100,,,,,,,,,,,,
2026-02-05 09:32:59,236.245,236.34,1,236.08,100,236.41,200,236.41,236.08,236.08,100,236.07,100,235.97,100,235.93,100,235.89,100,235.82,100,235.68,100,235.62,400,235.6,100,235.59,100,236.41,200,236.64,500,236.87,100,236.88,2100,,,,,,,,,,,,
2026-02-05 09:33:00,236.24,236.34,1,236.08,100,236.4,200,236.4,236.08,236.08,100,236.07,100,235.97,100,235.93,100,235.89,100,235.82,100,235.68,100,235.62,400,235.6,100,235.59,100,236.4,200,236.41,200,236.64,500,236.87,100,236.88,2100,,,,,,,,,,
2026-02-05 09:33:01,236.24,236.34,1,236.08,100,236.4,200,236.4,236.08,236.08,100,236.07,100,235.97,100,235.93,100,235.89,100,235.82,100,235.68,100,235.62,400,235.6,100,235.59,100,236.4,200,236.41,200,236.64,500,236.87,100,236.88,2100,,,,,,,,,,
2026-02-05 09:33:02,236.195,236.22,1,236.08,100,236.31,200,236.31,236.08,236.08,100,236.07,100,235.97,100,235.93,100,235.89,100,235.82,100,235.68,100,235.62,400,235.6,100,235.59,100,236.31,200,236.4,200,236.41,200,236.64,500,236.87,100,236.88,2100,,,,,,,,
2026-02-05 09:33:03,236.22,236.31,1,236.08,100,236.36,200,236.36,236.08,236.08,100,236.07,100,235.97,100,235.93,100,235.89,100,235.82,100,235.68,100,235.62,400,235.6,100,235.59,100,236.36,200,236.4,200,236.41,200,236.64,500,236.87,100,236.88,2100,,,,,,,,
2026-02-05 09:33:04,236.22,236.22,1,236.08,100,236.36,200,236.36,236.08,236.08,100,236.07,100,235.97,100,235.93,100,235.89,100,235.82,100,235.68,100,235.62,400,235.6,100,235.59,100,236.36,200,236.4,200,236.41,200,236.64,500,236.87,100,236.88,2100,,,,,,,,
2026-02-05 09:33:05,236.22,236.22,1,236.08,100,236.36,200,236.36,236.08,236.08,100,236.07,100,235.97,100,235.93,100,235.89,100,235.82,100,235.68,100,235.62,400,235.6,100,235.59,100,236.36,200,236.4,200,236.41,200,236.64,500,236.87,100,236.88,2100,,,,,,,,
2026-02-05 09:33:06,236.22,236.22,1,236.08,100,236.36,200,236.36,236.08,236.08,100,236.07,100,235.97,100,235.93,100,235.89,100,235.82,100,235.68,100,235.62,400,235.6,100,235.59,100,236.36,200,236.4,200,236.41,200,236.64,500,236.87,100,236.88,2100,,,,,,,,
2026-02-05 09:33:07,236.22,236.22,1,236.08,100,236.36,200,236.36,236.08,236.08,100,236.07,100,235.97,100,235.93,100,235.89,100,235.82,100,235.68,100,235.62,400,235.6,100,235.59,100,236.36,200,236.4,200,236.41,200,236.64,500,236.87,100,236.88,2100,,,,,,,,
2026-02-05 09:33:08,236.24,236.32,3,236.08,100,236.4,200,236.4,236.08,236.08,100,236.07,100,235.97,100,235.93,100,235.89,100,235.82,100,235.68,100,235.62,400,235.6,100,235.59,100,236.4,200,236.41,200,236.64,500,236.87,100,236.88,2100,,,,,,,,,,
2026-02-05 09:33:09,236.24,236.32,3,236.08,100,236.4,200,236.4,236.08,236.08,100,236.07,100,235.97,100,235.93,100,235.89,100,235.82,100,235.68,100,235.62,400,235.6,100,235.59,100,236.4,200,236.41,200,236.64,500,236.87,100,236.88,2100,,,,,,,,,,
2026-02-05 09:33:10,236.435,236.41,1,236.23,100,236.64,200,236.64,236.23,236.23,100,236.08,200,236.07,100,235.97,100,235.93,100,235.89,100,235.82,100,235.68,100,235.62,400,235.6,100,236.64,200,236.65,300,236.66,200,236.87,100,236.88,2100,,,,,,,,,,
2026-02-05 09:33:11,236.43,236.41,1,236.23,100,236.63,600,236.63,236.23,236.23,100,236.08,200,236.07,100,235.97,100,235.93,100,235.89,100,235.82,100,235.68,100,235.62,400,235.6,100,236.63,600,236.64,200,236.65,300,236.66,200,236.87,100,236.88,2100,,,,,,,,
2026-02-05 09:33:12,236.43,236.41,1,236.23,100,236.63,600,236.63,236.23,236.23,100,236.08,200,236.07,100,235.97,100,235.93,100,235.89,100,235.82,100,235.68,100,235.62,400,235.6,100,236.63,600,236.64,200,236.65,300,236.66,200,236.87,100,236.88,2100,,,,,,,,
2026-02-05 09:33:13,236.43,236.41,1,236.23,100,236.63,600,236.63,236.23,236.23,100,236.08,200,236.07,100,235.97,100,235.93,100,235.89,100,235.82,100,235.68,100,235.62,400,235.6,100,236.63,600,236.64,200,236.65,300,236.66,200,236.87,100,236.88,2100,,,,,,,,
2026-02-05 09:33:14,236.43,236.54,3,236.23,100,236.63,600,236.63,236.23,236.23,100,236.08,200,236.07,100,235.97,100,235.93,100,235.89,100,235.82,100,235.68,100,235.62,400,235.6,100,236.63,600,236.64,200,236.65,300,236.66,200,236.87,100,236.88,2100,,,,,,,,
2026-02-05 09:33:15,236.43,236.54,3,236.23,100,236.63,600,236.63,236.23,236.23,100,236.08,200,236.07,100,235.97,100,235.93,100,235.89,100,235.82,100,235.68,100,235.62,400,235.6,100,236.63,600,236.64,200,236.65,300,236.66,200,236.87,100,236.88,2100,,,,,,,,
2026-02-05 09:33:16,236.43,236.54,3,236.23,100,236.63,600,236.63,236.23,236.23,100,236.08,200,236.07,100,235.97,100,235.93,100,235.89,100,235.82,100,235.68,100,235.62,400,235.6,100,236.63,600,236.64,200,236.65,300,236.66,200,236.87,100,236.88,2100,,,,,,,,
2026-02-05 09:33:17,236.43,236.54,3,236.23,100,236.63,600,236.63,236.23,236.23,100,236.08,200,236.07,100,235.97,100,235.93,100,235.89,100,235.82,100,235.68,100,235.62,400,235.6,100,236.63,600,236.64,200,236.65,300,236.66,200,236.87,100,236.88,2100,,,,,,,,
2026-02-05 09:33:18,236.43,236.54,3,236.23,100,236.63,600,236.63,236.23,236.23,100,236.08,200,236.07,100,235.97,100,235.93,100,235.89,100,235.82,100,235.68,100,235.62,400,235.6,100,236.63,600,236.64,200,236.65,300,236.66,200,236.87,100,236.88,2100,,,,,,,,
2026-02-05 09:33:19,236.43,236.24,2,236.23,100,236.63,600,236.63,236.23,236.23,100,236.08,200,236.07,100,235.97,100,235.93,100,235.89,100,235.82,100,235.68,100,235.62,400,235.6,100,236.63,600,236.64,200,236.65,300,236.66,200,236.87,100,236.88,2100,,,,,,,,
2026-02-05 09:33:20,236.43,236.24,2,236.23,200,236.63,600,236.63,236.23,236.23,200,236.08,200,236.07,100,235.97,100,235.93,100,235.89,100,235.82,100,235.68,100,235.62,400,235.6,100,236.63,600,236.64,200,236.65,300,236.66,200,236.87,100,236.88,2100,,,,,,,,
2026-02-05 09:33:21,236.43,236.24,2,236.23,200,236.63,600,236.63,236.23,236.23,200,236.08,200,236.07,100,235.97,100,235.93,100,235.89,100,235.82,100,235.68,100,235.62,400,235.6,100,236.63,600,236.64,200,236.65,300,236.66,200,236.87,100,236.88,2100,,,,,,,,
2026-02-05 09:33:22,236.625,236.69,1,236.48,100,236.77,300,236.77,236.48,236.48,100,236.44,100,236.43,100,236.25,100,236.24,100,236.23,200,236.08,200,236.07,100,235.97,100,235.93,100,236.77,300,236.88,2100,,,,,,,,,,,,,,,,
2026-02-05 09:33:23,236.63,236.75,1,236.48,100,236.78,100,236.78,236.48,236.48,100,236.44,100,236.43,100,236.25,100,236.24,100,236.23,200,236.08,200,236.07,100,235.97,100,235.93,100,236.78,100,236.79,200,236.8,300,236.88,2100,,,,,,,,,,,,
2026-02-05 09:33:24,236.63,236.75,1,236.48,100,236.78,100,236.78,236.48,236.48,100,236.44,100,236.43,100,236.25,100,236.24,100,236.23,200,236.08,200,236.07,100,235.97,100,235.93,100,236.78,100,236.79,200,236.8,300,236.88,2100,,,,,,,,,,,,
2026-02-05 09:33:25,236.63,236.74,1,236.48,100,236.78,100,236.78,236.48,236.48,100,236.44,100,236.43,100,236.25,100,236.24,100,236.23,200,236.08,200,236.07,100,235.97,100,235.93,100,236.78,100,236.79,200,236.8,300,236.88,2100,,,,,,,,,,,,
2026-02-05 09:33:26,236.63,236.74,1,236.48,100,236.78,200,236.78,236.48,236.48,100,236.44,100,236.43,100,236.25,100,236.24,100,236.23,200,236.08,200,236.07,100,235.97,100,235.93,100,236.78,200,236.79,200,236.8,300,236.88,2100,,,,,,,,,,,,
2026-02-05 09:33:27,236.63,236.75,1,236.48,300,236.78,200,236.78,236.48,236.48,300,236.44,100,236.43,100,236.25,100,236.24,100,236.23,200,236.08,200,236.07,100,235.97,100,235.93,100,236.78,200,236.79,200,236.8,300,236.88,2100,,,,,,,,,,,,
2026-02-05 09:33:28,236.63,236.58,1,236.48,300,236.78,200,236.78,236.48,236.48,300,236.44,100,236.43,100,236.25,100,236.24,100,236.23,200,236.08,200,236.07,100,235.97,100,235.93,100,236.78,200,236.79,200,236.8,300,236.88,2100,,,,,,,,,,,,
2026-02-05 09:33:29,236.63,236.58,1,236.48,300,236.78,200,236.78,236.48,236.48,300,236.44,100,236.43,100,236.25,100,236.24,100,236.23,200,236.08,200,236.07,100,235.97,100,235.93,100,236.78,200,236.79,200,236.8,300,236.88,2100,,,,,,,,,,,,
2026-02-05 09:33:30,236.63,236.58,1,236.48,300,236.78,200,236.78,236.48,236.48,300,236.44,100,236.43,100,236.25,100,236.24,100,236.23,200,236.08,200,236.07,100,235.97,100,235.93,100,236.78,200,236.79,200,236.8,300,236.88,2100,,,,,,,,,,,,
2026-02-05 09:33:31,236.63,236.58,1,236.48,300,236.78,200,236.78,236.48,236.48,300,236.44,100,236.43,100,236.25,100,236.24,100,236.23,200,236.08,200,236.07,100,235.97,100,235.93,100,236.78,200,236.79,200,236.8,300,236.88,2100,,,,,,,,,,,,
2026-02-05 09:33:32,236.63,236.58,1,236.48,300,236.78,200,236.78,236.48,236.48,300,236.44,100,236.43,100,236.25,100,236.24,100,236.23,200,236.08,200,236.07,100,235.97,100,235.93,100,236.78,200,236.79,200,236.8,300,236.88,2100,,,,,,,,,,,,
2026-02-05 09:33:33,236.63,236.63,8,236.48,300,236.78,200,236.78,236.48,236.48,300,236.44,100,236.43,100,236.25,100,236.24,100,236.23,200,236.08,200,236.07,100,235.97,100,235.93,100,236.78,200,236.79,200,236.8,300,236.88,2100,,,,,,,,,,,,
2026-02-05 09:33:34,236.63,236.63,8,236.48,300,236.78,200,236.78,236.48,236.48,300,236.44,100,236.43,100,236.25,100,236.24,100,236.23,200,236.08,200,236.07,100,235.97,100,235.93,100,236.78,200,236.79,200,236.8,300,236.88,2100,,,,,,,,,,,,
2026-02-05 09:33:35,236.63,236.77,4,236.48,300,236.78,200,236.78,236.48,236.48,300,236.44,100,236.43,100,236.25,100,236.24,100,236.23,200,236.08,200,236.07,100,235.97,100,235.93,100,236.78,200,236.79,200,236.8,300,236.88,2100,,,,,,,,,,,,
2026-02-05 09:33:36,236.63,236.77,4,236.48,300,236.78,200,236.78,236.48,236.48,300,236.44,100,236.43,100,236.25,100,236.24,100,236.23,200,236.08,200,236.07,100,235.97,100,235.93,100,236.78,200,236.79,200,236.8,300,236.88,2100,,,,,,,,,,,,
2026-02-05 09:33:37,236.685,236.77,4,236.59,100,236.78,200,236.78,236.59,236.59,100,236.48,300,236.44,100,236.43,100,236.25,100,236.24,100,236.23,200,236.08,200,236.07,100,235.97,100,236.78,200,236.79,200,236.8,300,236.88,2100,,,,,,,,,,,,
2026-02-05 09:33:38,236.685,236.77,4,236.59,100,236.78,200,236.78,236.59,236.59,100,236.48,300,236.44,100,236.43,100,236.25,100,236.24,100,236.23,200,236.08,200,236.07,100,235.97,100,236.78,200,236.79,200,236.8,300,236.88,2100,,,,,,,,,,,,
2026-02-05 09:33:39,236.685,236.6,4,236.59,100,236.78,200,236.78,236.59,236.59,100,236.48,300,236.44,100,236.43,100,236.25,100,236.24,100,236.23,200,236.08,200,236.07,100,235.97,100,236.78,200,236.79,200,236.8,300,236.88,2100,,,,,,,,,,,,
2026-02-05 09:33:40,236.685,236.6,4,236.59,100,236.78,200,236.78,236.59,236.59,100,236.48,300,236.44,100,236.43,100,236.25,100,236.24,100,236.23,200,236.08,200,236.07,100,235.97,100,236.78,200,236.79,200,236.8,300,236.88,2100,,,,,,,,,,,,
2026-02-05 09:33:41,236.71,236.71,1,236.6,100,236.82,100,236.82,236.6,236.6,100,236.59,300,236.48,300,236.44,100,236.43,100,236.25,100,236.24,100,236.23,200,236.08,200,236.07,100,236.82,100,236.83,600,236.88,2100,,,,,,,,,,,,,,
2026-02-05 09:33:42,236.71,236.71,1,236.6,100,236.82,100,236.82,236.6,236.6,100,236.59,300,236.48,300,236.44,100,236.43,100,236.25,100,236.24,100,236.23,200,236.08,200,236.07,100,236.82,100,236.83,600,236.88,2100,,,,,,,,,,,,,,
2026-02-05 09:33:43,236.71,236.71,1,236.6,100,236.82,100,236.82,236.6,236.6,100,236.59,300,236.48,300,236.44,100,236.43,100,236.25,100,236.24,100,236.23,200,236.08,200,236.07,100,236.82,100,236.83,600,236.88,2100,,,,,,,,,,,,,,
2026-02-05 09:33:44,236.71,236.71,1,236.6,100,236.82,100,236.82,236.6,236.6,100,236.59,300,236.48,300,236.44,100,236.43,100,236.25,100,236.24,100,236.23,200,236.08,200,236.07,100,236.82,100,236.83,600,236.88,2100,,,,,,,,,,,,,,
2026-02-05 09:33:45,236.71,236.71,4,236.6,200,236.82,100,236.82,236.6,236.6,200,236.59,300,236.48,300,236.44,100,236.43,100,236.25,100,236.24,100,236.23,200,236.08,200,236.07,100,236.82,100,236.83,600,236.88,2100,,,,,,,,,,,,,,
2026-02-05 09:33:46,236.705,236.71,1,236.59,200,236.82,100,236.82,236.59,236.59,200,236.48,300,236.44,100,236.43,100,236.25,100,236.24,100,236.23,200,236.08,200,236.07,100,235.97,100,236.82,100,236.83,600,236.88,2100,,,,,,,,,,,,,,
2026-02-05 09:33:47,236.705,236.71,1,236.59,200,236.82,100,236.82,236.59,236.59,200,236.48,300,236.44,100,236.43,100,236.25,100,236.24,100,236.23,200,236.08,200,236.07,100,235.97,100,236.82,100,236.83,600,236.88,2100,,,,,,,,,,,,,,
2026-02-05 09:33:48,236.65,236.59,1,236.54,300,236.76,100,236.76,236.54,236.54,300,236.48,300,236.44,100,236.43,100,236.25,100,236.24,100,236.23,200,236.08,200,236.07,100,235.97,100,236.76,100,236.77,100,236.82,100,236.83,600,236.88,2100,,,,,,,,,,
2026-02-05 09:33:49,236.65,236.59,1,236.54,300,236.76,100,236.76,236.54,236.54,300,236.48,300,236.44,100,236.43,100,236.25,100,236.24,100,236.23,200,236.08,200,236.07,100,235.97,100,236.76,100,236.77,100,236.82,100,236.83,600,236.88,2100,,,,,,,,,,
2026-02-05 09:33:50,236.68,236.59,1,236.54,300,236.82,100,236.82,236.54,236.54,300,236.48,300,236.44,100,236.43,100,236.25,100,236.24,100,236.23,200,236.08,200,236.07,100,235.97,100,236.82,100,236.83,600,236.88,2100,,,,,,,,,,,,,,
2026-02-05 09:33:51,236.655,236.59,1,236.49,200,236.82,100,236.82,236.49,236.49,200,236.48,300,236.44,100,236.43,100,236.25,100,236.24,100,236.23,200,236.08,200,236.07,100,235.97,100,236.82,100,236.83,600,236.88,2100,,,,,,,,,,,,,,
2026-02-05 09:33:52,236.655,236.59,1,236.49,200,236.82,100,236.82,236.49,236.49,200,236.48,300,236.44,100,236.43,100,236.25,100,236.24,100,236.23,200,236.08,200,236.07,100,235.97,100,236.82,100,236.83,600,236.88,2100,,,,,,,,,,,,,,
2026-02-05 09:33:53,236.655,236.59,1,236.49,200,236.82,100,236.82,236.49,236.49,200,236.48,300,236.44,100,236.43,100,236.25,100,236.24,100,236.23,200,236.08,200,236.07,100,235.97,100,236.82,100,236.83,600,236.88,2100,,,,,,,,,,,,,,
2026-02-05 09:33:54,236.655,236.59,1,236.49,200,236.82,100,236.82,236.49,236.49,200,236.48,300,236.44,100,236.43,100,236.25,100,236.24,100,236.23,200,236.08,200,236.07,100,235.97,100,236.82,100,236.83,600,236.88,2100,,,,,,,,,,,,,,
2026-02-05 09:33:55,236.655,236.59,1,236.49,200,236.82,300,236.82,236.49,236.49,200,236.48,300,236.44,100,236.43,100,236.25,100,236.24,100,236.23,200,236.08,200,236.07,100,235.97,100,236.82,300,236.83,600,236.88,2100,,,,,,,,,,,,,,
2026-02-05 09:33:56,236.655,236.59,1,236.49,200,236.82,300,236.82,236.49,236.49,200,236.48,300,236.44,100,236.43,100,236.25,100,236.24,100,236.23,200,236.08,200,236.07,100,235.97,100,236.82,300,236.83,600,236.88,2100,,,,,,,,,,,,,,
2026-02-05 09:33:57,236.705,236.59,1,236.59,300,236.82,300,236.82,236.59,236.59,300,236.49,200,236.48,300,236.44,100,236.43,100,236.25,100,236.24,100,236.23,200,236.08,200,236.07,100,236.82,300,236.83,600,236.88,2100,,,,,,,,,,,,,,
2026-02-05 09:33:58,236.705,236.59,1,236.59,300,236.82,300,236.82,236.59,236.59,300,236.49,200,236.48,300,236.44,100,236.43,100,236.25,100,236.24,100,236.23,200,236.08,200,236.07,100,236.82,300,236.83,600,236.88,2100,,,,,,,,,,,,,,
2026-02-05 09:33:59,236.705,236.59,1,236.59,300,236.82,300,236.82,236.59,236.59,300,236.49,200,236.48,300,236.44,100,236.43,100,236.25,100,236.24,100,236.23,200,236.08,200,236.07,100,236.82,300,236.83,600,236.88,2100,,,,,,,,,,,,,,
2026-02-05 09:34:00,236.705,236.59,1,236.59,300,236.82,300,236.82,236.59,236.59,300,236.49,200,236.48,300,236.44,100,236.43,100,236.25,100,236.24,100,236.23,200,236.08,200,236.07,100,236.82,300,236.83,600,236.88,2100,,,,,,,,,,,,,,
2026-02-05 09:34:01,236.705,236.59,1,236.59,300,236.82,300,236.82,236.59,236.59,300,236.49,200,236.48,300,236.44,100,236.43,100,236.25,100,236.24,100,236.23,200,236.08,200,236.07,100,236.82,300,236.83,600,236.88,2100,,,,,,,,,,,,,,
2026-02-05 09:34:02,236.705,236.64,3,236.59,300,236.82,300,236.82,236.59,236.59,300,236.49,200,236.48,300,236.44,100,236.43,100,236.25,100,236.24,100,236.23,200,236.08,200,236.07,100,236.82,300,236.83,600,236.88,2100,,,,,,,,,,,,,,
2026-02-05 09:34:03,236.705,236.64,3,236.59,300,236.82,300,236.82,236.59,236.59,300,236.49,200,236.48,300,236.44,100,236.43,100,236.25,100,236.24,100,236.23,200,236.08,200,236.07,100,236.82,300,236.83,600,236.88,2100,,,,,,,,,,,,,,
2026-02-05 09:34:04,236.705,236.64,3,236.59,300,236.82,300,236.82,236.59,236.59,300,236.49,200,236.48,300,236.44,100,236.43,100,236.25,100,236.24,100,236.23,200,236.08,200,236.07,100,236.82,300,236.83,600,236.88,2100,,,,,,,,,,,,,,
2026-02-05 09:34:05,236.705,236.64,3,236.59,300,236.82,300,236.82,236.59,236.59,300,236.49,200,236.48,300,236.44,100,236.43,100,236.25,100,236.24,100,236.23,200,236.08,200,236.07,100,236.82,300,236.83,600,236.88,2100,,,,,,,,,,,,,,
2026-02-05 09:34:06,236.705,236.64,3,236.59,200,236.82,300,236.82,236.59,236.59,200,236.49,200,236.48,300,236.44,100,236.43,100,236.25,100,236.24,100,236.23,200,236.08,200,236.07,100,236.82,300,236.83,600,236.88,2100,,,,,,,,,,,,,,
2026-02-05 09:34:07,236.695,236.64,3,236.59,200,236.8,300,236.8,236.59,236.59,200,236.49,200,236.48,300,236.44,100,236.43,100,236.25,100,236.24,100,236.23,200,236.08,200,236.07,100,236.8,300,236.82,300,236.83,600,236.88,2100,,,,,,,,,,,,
2026-02-05 09:34:08,236.695,236.64,3,236.59,200,236.8,300,236.8,236.59,236.59,200,236.49,200,236.48,300,236.44,100,236.43,100,236.25,100,236.24,100,236.23,200,236.08,200,236.07,100,236.8,300,236.82,300,236.83,600,236.88,2100,,,,,,,,,,,,
2026-02-05 09:34:09,236.695,236.64,3,236.59,200,236.8,300,236.8,236.59,236.59,200,236.49,200,236.48,300,236.44,100,236.43,100,236.25,100,236.24,100,236.23,200,236.08,200,236.07,100,236.8,300,236.82,300,236.83,600,236.88,2100,,,,,,,,,,,,
2026-02-05 09:34:10,236.695,236.7,5,236.59,200,236.8,300,236.8,236.59,236.59,200,236.49,200,236.48,300,236.44,100,236.43,100,236.25,100,236.24,100,236.23,200,236.08,200,236.07,100,236.8,300,236.82,300,236.83,600,236.88,2100,,,,,,,,,,,,
2026-02-05 09:34:11,236.695,236.7,5,236.59,200,236.8,300,236.8,236.59,236.59,200,236.49,200,236.48,300,236.44,100,236.43,100,236.25,100,236.24,100,236.23,200,236.08,200,236.07,100,236.8,300,236.82,300,236.83,600,236.88,2100,,,,,,,,,,,,
2026-02-05 09:34:12,236.73,236.88,1,236.59,300,236.87,100,236.87,236.59,236.59,300,236.49,200,236.48,300,236.44,100,236.43,100,236.25,100,236.24,100,236.23,200,236.08,200,236.07,100,236.87,100,236.88,2100,,,,,,,,,,,,,,,,
2026-02-05 09:34:13,236.725,236.88,1,236.59,400,236.86,100,236.86,236.59,236.59,400,236.49,200,236.48,300,236.44,100,236.43,100,236.25,100,236.24,100,236.23,200,236.08,200,236.07,100,236.86,100,236.87,100,236.88,2100,,,,,,,,,,,,,,
2026-02-05 09:34:14,236.725,236.72,2,236.59,400,236.86,100,236.86,236.59,236.59,400,236.49,200,236.48,300,236.44,100,236.43,100,236.25,100,236.24,100,236.23,200,236.08,200,236.07,100,236.86,100,236.87,100,236.88,2100,,,,,,,,,,,,,,
2026-02-05 09:34:15,236.725,236.73,8,236.59,500,236.86,100,236.86,236.59,236.59,500,236.49,200,236.48,300,236.44,100,236.43,100,236.25,100,236.24,100,236.23,200,236.08,200,236.07,100,236.86,100,236.87,100,236.88,2100,,,,,,,,,,,,,,
2026-02-05 09:34:16,236.725,236.73,8,236.59,500,236.86,100,236.86,236.59,236.59,500,236.49,200,236.48,300,236.44,100,236.43,100,236.25,100,236.24,100,236.23,200,236.08,200,236.07,100,236.86,100,236.87,100,236.88,2100,,,,,,,,,,,,,,
2026-02-05 09:34:17,236.725,236.73,8,236.59,500,236.86,100,236.86,236.59,236.59,500,236.49,200,236.48,300,236.44,100,236.43,100,236.25,100,236.24,100,236.23,200,236.08,200,236.07,100,236.86,100,236.87,100,236.88,2100,,,,,,,,,,,,,,
2026-02-05 09:34:18,236.725,236.6,1,236.59,500,236.86,100,236.86,236.59,236.59,500,236.49,200,236.48,300,236.44,100,236.43,100,236.25,100,236.24,100,236.23,200,236.08,200,236.07,100,236.86,100,236.87,100,236.88,2100,,,,,,,,,,,,,,
2026-02-05 09:34:19,236.7,236.65,1,236.54,100,236.86,100,236.86,236.54,236.54,100,236.49,200,236.48,300,236.44,100,236.43,100,236.25,100,236.24,100,236.23,200,236.08,200,236.07,100,236.86,100,236.87,100,236.88,2100,,,,,,,,,,,,,,
2026-02-05 09:34:20,236.7,236.7,2,236.54,100,236.86,100,236.86,236.54,236.54,100,236.49,200,236.48,300,236.44,100,236.43,100,236.25,100,236.24,100,236.23,200,236.08,200,236.07,100,236.86,100,236.87,100,236.88,2100,,,,,,,,,,,,,,
2026-02-05 09:34:21,236.7,236.7,1,236.54,100,236.86,100,236.86,236.54,236.54,100,236.49,200,236.48,300,236.44,100,236.43,100,236.25,100,236.24,100,236.23,200,236.08,200,236.07,100,236.86,100,236.87,100,236.88,2100,,,,,,,,,,,,,,
2026-02-05 09:34:22,236.7,236.7,1,236.54,100,236.86,100,236.86,236.54,236.54,100,236.49,200,236.48,300,236.44,100,236.43,100,236.25,100,236.24,100,236.23,200,236.08,200,236.07,100,236.86,100,236.87,100,236.88,2100,,,,,,,,,,,,,,
2026-02-05 09:34:23,236.7,236.7,1,236.54,100,236.86,100,236.86,236.54,236.54,100,236.49,200,236.48,300,236.44,100,236.43,100,236.25,100,236.24,100,236.23,200,236.08,200,236.07,100,236.86,100,236.87,100,236.88,2100,,,,,,,,,,,,,,
2026-02-05 09:34:24,236.7,236.7,1,236.54,100,236.86,100,236.86,236.54,236.54,100,236.49,200,236.48,300,236.44,100,236.43,100,236.25,100,236.24,100,236.23,200,236.08,200,236.07,100,236.86,100,236.87,100,236.88,2100,,,,,,,,,,,,,,
2026-02-05 09:34:25,236.7,236.7,1,236.54,100,236.86,100,236.86,236.54,236.54,100,236.49,200,236.48,300,236.44,100,236.43,100,236.25,100,236.24,100,236.23,200,236.08,200,236.07,100,236.86,100,236.87,100,236.88,2100,,,,,,,,,,,,,,
2026-02-05 09:34:26,236.7,236.7,1,236.54,100,236.86,100,236.86,236.54,236.54,100,236.49,200,236.48,300,236.44,100,236.43,100,236.25,100,236.24,100,236.23,200,236.08,200,236.07,100,236.86,100,236.87,100,236.88,2100,,,,,,,,,,,,,,
2026-02-05 09:34:27,236.7,236.7,1,236.54,100,236.86,100,236.86,236.54,236.54,100,236.49,200,236.48,300,236.44,100,236.43,100,236.25,100,236.24,100,236.23,200,236.08,200,236.07,100,236.86,100,236.87,100,236.88,2100,,,,,,,,,,,,,,
2026-02-05 09:34:28,236.7,236.7,1,236.54,100,236.86,100,236.86,236.54,236.54,100,236.49,200,236.48,300,236.44,100,236.43,100,236.25,100,236.24,100,236.23,200,236.08,200,236.07,100,236.86,100,236.87,100,236.88,2100,,,,,,,,,,,,,,
2026-02-05 09:34:29,236.695,236.7,1,236.54,300,236.85,100,236.85,236.54,236.54,300,236.49,200,236.48,300,236.44,100,236.43,100,236.25,100,236.24,100,236.23,200,236.08,200,236.07,100,236.85,100,236.86,100,236.87,100,236.88,2100,,,,,,,,,,,,
2026-02-05 09:34:30,236.695,236.7,1,236.54,300,236.85,100,236.85,236.54,236.54,300,236.49,200,236.48,300,236.44,100,236.43,100,236.25,100,236.24,100,236.23,200,236.08,200,236.07,100,236.85,100,236.86,100,236.87,100,236.88,2100,,,,,,,,,,,,
2026-02-05 09:34:31,236.695,236.7,1,236.54,300,236.85,100,236.85,236.54,236.54,300,236.49,200,236.48,300,236.44,100,236.43,100,236.25,100,236.24,100,236.23,200,236.08,200,236.07,100,236.85,100,236.86,100,236.87,100,236.88,2100,,,,,,,,,,,,
2026-02-05 09:34:32,236.645,236.69,1,236.54,200,236.75,100,236.75,236.54,236.54,200,236.49,200,236.48,300,236.44,100,236.43,100,236.25,100,236.24,100,236.23,200,236.08,200,236.07,100,236.75,100,236.84,200,236.85,100,236.86,100,236.87,100,236.88,2100,,,,,,,,
2026-02-05 09:34:33,236.645,236.65,2,236.54,200,236.75,100,236.75,236.54,236.54,200,236.49,200,236.48,300,236.44,100,236.43,100,236.25,100,236.24,100,236.23,200,236.08,200,236.07,100,236.75,100,236.84,200,236.85,100,236.86,100,236.87,100,236.88,2100,,,,,,,,
2026-02-05 09:34:34,236.645,236.65,1,236.54,200,236.75,100,236.75,236.54,236.54,200,236.49,200,236.48,300,236.44,100,236.43,100,236.25,100,236.24,100,236.23,200,236.08,200,236.07,100,236.75,100,236.84,200,236.85,100,236.86,100,236.87,100,236.88,2100,,,,,,,,
2026-02-05 09:34:35,236.625,236.55,1,236.55,100,236.7,100,236.7,236.55,236.55,100,236.54,200,236.49,400,236.48,300,236.44,100,236.43,100,236.25,100,236.24,100,236.23,200,236.08,200,236.7,100,236.74,100,236.75,200,236.84,200,236.85,100,236.86,100,236.87,100,236.88,2100,,,,
2026-02-05 09:34:36,236.625,236.63,1,236.55,100,236.7,100,236.7,236.55,236.55,100,236.54,200,236.49,400,236.48,300,236.44,100,236.43,100,236.25,100,236.24,100,236.23,200,236.08,200,236.7,100,236.74,100,236.75,200,236.84,200,236.85,100,236.86,100,236.87,100,236.88,2100,,,,
2026-02-05 09:34:37,236.625,236.63,1,236.55,100,236.7,100,236.7,236.55,236.55,100,236.54,200,236.49,400,236.48,300,236.44,100,236.43,100,236.25,100,236.24,100,236.23,200,236.08,200,236.7,100,236.74,100,236.75,200,236.84,200,236.85,100,236.86,100,236.87,100,236.88,2100,,,,
2026-02-05 09:34:38,236.645,236.63,1,236.57,100,236.72,100,236.72,236.57,236.57,100,236.55,100,236.54,200,236.49,400,236.48,300,236.44,100,236.43,100,236.25,100,236.24,100,236.23,200,236.72,100,236.74,100,236.75,200,236.84,200,236.85,100,236.86,100,236.87,100,236.88,2100,,,,
2026-02-05 09:34:39,236.66,236.74,1,236.57,100,236.75,300,236.75,236.57,236.57,100,236.55,100,236.54,200,236.49,400,236.48,300,236.44,100,236.43,100,236.25,100,236.24,100,236.23,200,236.75,300,236.84,200,236.85,100,236.86,100,236.87,100,236.88,2100,,,,,,,,
2026-02-05 09:34:40,236.66,236.66,1,236.57,100,236.75,300,236.75,236.57,236.57,100,236.55,100,236.54,200,236.49,400,236.48,300,236.44,100,236.43,100,236.25,100,236.24,100,236.23,200,236.75,300,236.84,200,236.85,100,236.86,100,236.87,100,236.88,2100,,,,,,,,
2026-02-05 09:34:41,236.66,236.66,1,236.57,100,236.75,500,236.75,236.57,236.57,100,236.55,100,236.54,200,236.49,400,236.48,300,236.44,100,236.43,100,236.25,100,236.24,100,236.23,200,236.75,500,236.84,200,236.85,100,236.86,100,236.87,100,236.88,2100,,,,,,,,
2026-02-05 09:34:42,236.66,236.66,1,236.57,100,236.75,600,236.75,236.57,236.57,100,236.55,100,236.54,200,236.49,400,236.48,300,236.44,100,236.43,100,236.25,100,236.24,100,236.23,200,236.75,600,236.84,200,236.85,100,236.86,100,236.87,100,236.88,2100,,,,,,,,
2026-02-05 09:34:43,236.66,236.66,1,236.57,100,236.75,600,236.75,236.57,236.57,100,236.55,100,236.54,200,236.49,400,236.48,300,236.44,100,236.43,100,236.25,100,236.24,100,236.23,200,236.75,600,236.84,200,236.85,100,236.86,100,236.87,100,236.88,2100,,,,,,,,
2026-02-05 09:34:44,236.66,236.66,1,236.57,100,236.75,600,236.75,236.57,236.57,100,236.55,100,236.54,200,236.49,400,236.48,300,236.44,100,236.43,100,236.25,100,236.24,100,236.23,200,236.75,600,236.84,200,236.85,100,236.86,100,236.87,100,236.88,2100,,,,,,,,
2026-02-05 09:34:45,236.45,236.45,1,236.33,200,236.57,100,236.57,236.33,236.33,200,236.25,100,236.24,100,236.23,200,236.08,200,236.07,100,235.97,100,235.93,100,235.89,100,235.82,100,236.57,100,236.64,100,236.66,200,236.72,100,236.75,600,236.84,200,236.85,100,236.86,100,236.87,100,236.88,2100
2026-02-05 09:34:46,236.445,236.45,2,236.33,200,236.56,100,236.56,236.33,236.33,200,236.25,100,236.24,100,236.23,200,236.08,200,236.07,100,235.97,100,235.93,100,235.89,100,235.82,100,236.56,100,236.57,100,236.64,100,236.66,200,236.72,100,236.75,600,236.84,200,236.85,100,236.86,100,236.87,100
2026-02-05 09:34:47,236.445,236.45,2,236.33,200,236.56,100,236.56,236.33,236.33,200,236.25,100,236.24,100,236.23,200,236.08,200,236.07,100,235.97,100,235.93,100,235.89,100,235.82,100,236.56,100,236.57,100,236.64,100,236.66,200,236.72,100,236.75,600,236.84,200,236.85,100,236.86,100,236.87,100
2026-02-05 09:34:48,236.445,236.55,1,236.33,200,236.56,300,236.56,236.33,236.33,200,236.25,100,236.24,100,236.23,200,236.08,200,236.07,100,235.97,100,235.93,100,235.89,100,235.82,100,236.56,300,236.57,100,236.64,100,236.66,200,236.72,100,236.75,600,236.84,200,236.85,100,236.86,100,236.87,100
2026-02-05 09:34:49,236.435,236.55,1,236.33,200,236.54,100,236.54,236.33,236.33,200,236.25,100,236.24,100,236.23,200,236.08,200,236.07,100,235.97,100,235.93,100,235.89,100,235.82,100,236.54,100,236.55,200,236.56,300,236.57,100,236.64,100,236.66,200,236.72,100,236.75,600,236.84,200,236.85,100
2026-02-05 09:34:50,236.485,236.45,1,236.37,100,236.6,100,236.6,236.37,236.37,100,236.34,100,236.33,200,236.25,100,236.24,100,236.23,200,236.08,200,236.07,100,235.97,100,235.93,100,236.6,100,236.62,100,236.64,100,236.66,200,236.72,100,236.75,600,236.84,200,236.85,100,236.86,100,236.87,100
2026-02-05 09:34:51,236.485,236.57,1,236.37,100,236.6,100,236.6,236.37,236.37,100,236.34,100,236.33,200,236.25,100,236.24,100,236.23,200,236.08,200,236.07,100,235.97,100,235.93,100,236.6,100,236.62,100,236.64,100,236.66,200,236.72,100,236.75,600,236.84,200,236.85,100,236.86,100,236.87,100
2026-02-05 09:34:52,236.485,236.57,1,236.37,100,236.6,100,236.6,236.37,236.37,100,236.34,100,236.33,200,236.25,100,236.24,100,236.23,200,236.08,200,236.07,100,235.97,100,235.93,100,236.6,100,236.62,100,236.64,100,236.66,200,236.72,100,236.75,600,236.84,200,236.85,100,236.86,100,236.87,100
2026-02-05 09:34:53,236.465,236.57,1,236.33,400,236.6,100,236.6,236.33,236.33,400,236.25,100,236.24,100,236.23,200,236.08,200,236.07,100,235.97,100,235.93,100,235.89,100,235.82,100,236.6,100,236.62,100,236.64,100,236.66,200,236.72,100,236.75,600,236.84,200,236.85,100,236.86,100,236.87,100
2026-02-05 09:34:54,236.46,236.58,1,236.33,400,236.59,100,236.59,236.33,236.33,400,236.25,100,236.24,100,236.23,200,236.08,200,236.07,100,235.97,100,235.93,100,235.89,100,235.82,100,236.59,100,236.6,300,236.62,100,236.64,100,236.66,200,236.72,100,236.75,600,236.84,200,236.85,100,236.86,100
2026-02-05 09:34:55,236.455,236.48,4,236.33,400,236.58,100,236.58,236.33,236.33,400,236.25,100,236.24,100,236.23,200,236.08,200,236.07,100,235.97,100,235.93,100,235.89,100,235.82,100,236.58,100,236.6,200,236.62,100,236.64,100,236.66,200,236.72,100,236.75,600,236.84,200,236.85,100,236.86,100
2026-02-05 09:34:56,236.45,236.46,1,236.33,400,236.57,100,236.57,236.33,236.33,400,236.25,100,236.24,100,236.23,200,236.08,200,236.07,100,235.97,100,235.93,100,235.89,100,235.82,100,236.57,100,236.58,200,236.6,200,236.62,100,236.64,100,236.66,200,236.72,100,236.75,600,236.84,200,236.85,100
2026-02-05 09:34:57,236.45,236.46,1,236.33,400,236.57,100,236.57,236.33,236.33,400,236.25,100,236.24,100,236.23,200,236.08,200,236.07,100,235.97,100,235.93,100,235.89,100,235.82,100,236.57,100,236.58,200,236.6,200,236.62,100,236.64,100,236.66,200,236.72,100,236.75,600,236.84,200,236.85,100
2026-02-05 09:34:58,236.51,236.46,1,236.42,200,236.6,200,236.6,236.42,236.42,200,236.33,400,236.25,100,236.24,100,236.23,200,236.08,200,236.07,100,235.97,100,235.93,100,235.89,100,236.6,200,236.62,100,236.64,100,236.66,200,236.72,100,236.75,600,236.84,200,236.85,100,236.86,100,236.87,100
2026-02-05 09:34:59,236.465,236.46,1,236.33,400,236.6,300,236.6,236.33,236.33,400,236.25,100,236.24,100,236.23,200,236.08,200,236.07,100,235.97,100,235.93,100,235.89,100,235.82,100,236.6,300,236.62,100,236.64,100,236.66,200,236.72,100,236.75,600,236.84,200,236.85,100,236.86,100,236.87,100
2026-02-05 09:35:00,236.47,236.39,1,236.34,100,236.6,300,236.6,236.34,236.34,100,236.33,400,236.25,100,236.24,100,236.23,200,236.08,200,236.07,100,235.97,100,235.93,100,235.89,100,236.6,300,236.62,100,236.64,100,236.66,200,236.72,100,236.75,600,236.84,200,236.85,100,236.86,100,236.87,100
2026-02-05 09:35:01,236.47,236.39,1,236.34,100,236.6,300,236.6,236.34,236.34,100,236.33,400,236.25,100,236.24,100,236.23,200,236.08,200,236.07,100,235.97,100,235.93,100,235.89,100,236.6,300,236.62,100,236.64,100,236.66,200,236.72,100,236.75,600,236.84,200,236.85,100,236.86,100,236.87,100
2026-02-05 09:35:02,236.465,236.39,1,236.34,100,236.59,100,236.59,236.34,236.34,100,236.33,400,236.25,100,236.24,100,236.23,200,236.08,200,236.07,100,235.97,100,235.93,100,235.89,100,236.59,100,236.6,300,236.62,100,236.64,100,236.66,200,236.72,100,236.75,600,236.84,200,236.85,100,236.86,100
2026-02-05 09:35:03,236.465,236.39,1,236.34,100,236.59,100,236.59,236.34,236.34,100,236.33,400,236.25,100,236.24,100,236.23,200,236.08,200,236.07,100,235.97,100,235.93,100,235.89,100,236.59,100,236.6,300,236.62,100,236.64,100,236.66,200,236.72,100,236.75,600,236.84,200,236.85,100,236.86,100
2026-02-05 09:35:04,236.465,236.34,1,236.34,100,236.59,100,236.59,236.34,236.34,100,236.33,400,236.25,100,236.24,100,236.23,200,236.08,200,236.07,100,235.97,100,235.93,100,235.89,100,236.59,100,236.6,300,236.62,100,236.64,100,236.66,200,236.72,100,236.75,600,236.84,200,236.85,100,236.86,100
2026-02-05 09:35:05,236.465,236.34,1,236.34,100,236.59,100,236.59,236.34,236.34,100,236.33,400,236.25,100,236.24,100,236.23,200,236.08,200,236.07,100,235.97,100,235.93,100,235.89,100,236.59,100,236.6,300,236.62,100,236.64,100,236.66,200,236.72,100,236.75,600,236.84,200,236.85,100,236.86,100
2026-02-05 09:35:06,236.465,236.34,1,236.34,100,236.59,100,236.59,236.34,236.34,100,236.33,400,236.25,100,236.24,100,236.23,200,236.08,200,236.07,100,235.97,100,235.93,100,235.89,100,236.59,100,236.6,300,236.62,100,236.64,100,236.66,200,236.72,100,236.75,600,236.84,200,236.85,100,236.86,100
2026-02-05 09:35:07,236.465,236.34,1,236.34,100,236.59,300,236.59,236.34,236.34,100,236.33,400,236.25,100,236.24,100,236.23,200,236.08,200,236.07,100,235.97,100,235.93,100,235.89,100,236.59,300,236.6,300,236.62,100,236.64,100,236.66,200,236.72,100,236.75,600,236.84,200,236.85,100,236.86,100
2026-02-05 09:35:08,236.465,236.59,1,236.34,100,236.59,300,236.59,236.34,236.34,100,236.33,400,236.25,100,236.24,100,236.23,200,236.08,200,236.07,100,235.97,100,235.93,100,235.89,100,236.59,300,236.6,300,236.62,100,236.64,100,236.66,200,236.72,100,236.75,600,236.84,200,236.85,100,236.86,100
2026-02-05 09:35:09,236.455,236.59,1,236.34,100,236.57,100,236.57,236.34,236.34,100,236.33,400,236.25,100,236.24,100,236.23,200,236.08,200,236.07,100,235.97,100,235.93,100,235.89,100,236.57,100,236.59,300,236.6,300,236.62,100,236.64,100,236.66,200,236.72,100,236.75,600,236.84,200,236.85,100
2026-02-05 09:35:10,236.47,236.62,1,236.34,100,236.6,100,236.6,236.34,236.34,100,236.33,400,236.25,100,236.24,100,236.23,200,236.08,200,236.07,100,235.97,100,235.93,100,235.89,100,236.6,100,236.62,200,236.64,100,236.66,200,236.72,100,236.75,600,236.84,200,236.85,100,236.86,100,236.87,100
2026-02-05 09:35:11,236.47,236.62,1,236.34,100,236.6,100,236.6,236.34,236.34,100,236.33,400,236.25,100,236.24,100,236.23,200,236.08,200,236.07,100,235.97,100,235.93,100,235.89,100,236.6,100,236.62,200,236.64,100,236.66,200,236.72,100,236.75,600,236.84,200,236.85,100,236.86,100,236.87,100
2026-02-05 09:35:12,236.515,236.62,1,236.38,100,236.65,100,236.65,236.38,236.38,100,236.34,100,236.33,400,236.25,100,236.24,100,236.23,200,236.08,200,236.07,100,235.97,100,235.93,100,236.65,100,236.66,200,236.72,100,236.75,600,236.84,200,236.85,100,236.86,100,236.87,100,236.88,2100,,
2026-02-05 09:35:13,236.515,236.51,2,236.38,100,236.65,100,236.65,236.38,236.38,100,236.34,100,236.33,400,236.25,100,236.24,100,236.23,200,236.08,200,236.07,100,235.97,100,235.93,100,236.65,100,236.66,200,236.72,100,236.75,600,236.84,200,236.85,100,236.86,100,236.87,100,236.88,2100,,
2026-02-05 09:35:14,236.51,236.45,2,236.38,100,236.64,100,236.64,236.38,236.38,100,236.34,100,236.33,400,236.25,100,236.24,100,236.23,200,236.08,200,236.07,100,235.97,100,235.93,100,236.64,100,236.65,100,236.66,200,236.72,100,236.75,600,236.84,200,236.85,100,236.86,100,236.87,100,236.88,2100
2026-02-05 09:35:15,236.51,236.45,2,236.38,100,236.64,100,236.64,236.38,236.38,100,236.34,100,236.33,400,236.25,100,236.24,100,236.23,200,236.08,200,236.07,100,235.97,100,235.93,100,236.64,100,236.65,100,236.66,200,236.72,100,236.75,600,236.84,200,236.85,100,236.86,100,236.87,100,236.88,2100
2026-02-05 09:35:16,236.51,236.45,2,236.38,100,236.64,100,236.64,236.38,236.38,100,236.34,100,236.33,400,236.25,100,236.24,100,236.23,200,236.08,200,236.07,100,235.97,100,235.93,100,236.64,100,236.65,100,236.66,200,236.72,100,236.75,600,236.84,200,236.85,100,236.86,100,236.87,100,236.88,2100
2026-02-05 09:35:17,236.51,236.45,2,236.38,100,236.64,100,236.64,236.38,236.38,100,236.34,100,236.33,400,236.25,100,236.24,100,236.23,200,236.08,200,236.07,100,235.97,100,235.93,100,236.64,100,236.65,100,236.66,200,236.72,100,236.75,600,236.84,200,236.85,100,236.86,100,236.87,100,236.88,2100
2026-02-05 09:35:18,236.51,236.64,20,236.38,100,236.64,100,236.64,236.38,236.38,100,236.34,100,236.33,400,236.25,100,236.24,100,236.23,200,236.08,200,236.07,100,235.97,100,235.93,100,236.64,100,236.65,100,236.66,200,236.72,100,236.75,600,236.84,200,236.85,100,236.86,100,236.87,100,236.88,2100
2026-02-05 09:35:19,236.53,236.64,21,236.42,100,236.64,200,236.64,236.42,236.42,100,236.38,100,236.34,100,236.33,400,236.25,100,236.24,100,236.23,200,236.08,200,236.07,100,235.97,100,236.64,200,236.65,100,236.66,200,236.72,100,236.75,600,236.84,200,236.85,100,236.86,100,236.87,100,236.88,2100
2026-02-05 09:35:20,236.53,236.64,21,236.42,100,236.64,200,236.64,236.42,236.42,100,236.38,100,236.34,100,236.33,400,236.25,100,236.24,100,236.23,200,236.08,200,236.07,100,235.97,100,236.64,200,236.65,100,236.66,200,236.72,100,236.75,600,236.84,200,236.85,100,236.86,100,236.87,100,236.88,2100
2026-02-05 09:35:21,236.53,236.64,21,236.42,100,236.64,200,236.64,236.42,236.42,100,236.38,100,236.34,100,236.33,400,236.25,100,236.24,100,236.23,200,236.08,200,236.07,100,235.97,100,236.64,200,236.65,100,236.66,200,236.72,100,236.75,600,236.84,200,236.85,100,236.86,100,236.87,100,236.88,2100
2026-02-05 09:35:22,236.595,236.69,1,236.47,100,236.72,100,236.72,236.47,236.47,100,236.42,300,236.38,100,236.34,100,236.33,400,236.25,100,236.24,100,236.23,200,236.08,200,236.07,100,236.72,100,236.75,600,236.84,200,236.85,100,236.86,100,236.87,100,236.88,2100,,,,,,
2026-02-05 09:35:23,236.605,236.61,1,236.47,100,236.74,100,236.74,236.47,236.47,100,236.42,300,236.38,100,236.34,100,236.33,400,236.25,100,236.24,100,236.23,200,236.08,200,236.07,100,236.74,100,236.75,700,236.84,200,236.85,100,236.86,100,236.87,100,236.88,2100,,,,,,
2026-02-05 09:35:24,236.605,236.47,41,236.47,100,236.74,100,236.74,236.47,236.47,100,236.42,300,236.38,100,236.34,100,236.33,400,236.25,100,236.24,100,236.23,200,236.08,200,236.07,100,236.74,100,236.75,700,236.84,200,236.85,100,236.86,100,236.87,100,236.88,2100,,,,,,
2026-02-05 09:35:25,236.58,236.47,41,236.42,300,236.74,100,236.74,236.42,236.42,300,236.38,100,236.34,100,236.33,400,236.25,100,236.24,100,236.23,200,236.08,200,236.07,100,235.97,100,236.74,100,236.75,700,236.84,200,236.85,100,236.86,100,236.87,100,236.88,2100,,,,,,
2026-02-05 09:35:26,236.77,236.74,1,236.66,200,236.88,1900,236.88,236.66,236.66,200,236.62,100,236.42,300,236.38,100,236.34,100,236.33,400,236.25,100,236.24,100,236.23,200,236.08,200,236.88,1900,,,,,,,,,,,,,,,,,,
2026-02-05 09:35:27,236.645,236.74,1,236.42,300,236.87,100,236.87,236.42,236.42,300,236.38,100,236.34,100,236.33,400,236.25,100,236.24,100,236.23,200,236.08,200,236.07,100,235.97,100,236.87,100,236.88,1900,,,,,,,,,,,,,,,,
2026-02-05 09:35:28,236.915,236.93,1,236.84,300,236.99,200,236.99,236.84,236.84,300,236.81,200,236.77,100,236.73,100,236.72,100,236.42,300,236.38,100,236.34,100,236.33,400,236.25,100,236.99,200,,,,,,,,,,,,,,,,,,
2026-02-05 09:35:29,236.9,236.62,2,236.81,100,236.99,200,236.99,236.81,236.81,100,236.77,100,236.73,100,236.72,100,236.42,300,236.38,100,236.34,100,236.33,400,236.25,100,236.24,100,236.99,200,,,,,,,,,,,,,,,,,,
2026-02-05 09:35:30,236.875,236.88,1,236.76,100,236.99,400,236.99,236.76,236.76,100,236.73,100,236.72,100,236.42,300,236.38,100,236.34,100,236.33,400,236.25,100,236.24,100,236.23,200,236.99,400,,,,,,,,,,,,,,,,,,
2026-02-05 09:35:31,236.875,236.88,1,236.76,100,236.99,400,236.99,236.76,236.76,100,236.73,100,236.72,100,236.42,300,236.38,100,236.34,100,236.33,400,236.25,100,236.24,100,236.23,200,236.99,400,,,,,,,,,,,,,,,,,,
2026-02-05 09:35:32,236.875,236.88,1,236.76,100,236.99,400,236.99,236.76,236.76,100,236.73,100,236.72,100,236.42,300,236.38,100,236.34,100,236.33,400,236.25,100,236.24,100,236.23,200,236.99,400,,,,,,,,,,,,,,,,,,
2026-02-05 09:35:33,236.875,236.88,1,236.76,100,236.99,400,236.99,236.76,236.76,100,236.73,100,236.72,100,236.42,300,236.38,100,236.34,100,236.33,400,236.25,100,236.24,100,236.23,200,236.99,400,,,,,,,,,,,,,,,,,,
2026-02-05 09:35:34,236.88,236.88,1,236.78,200,236.98,100,236.98,236.78,236.78,200,236.76,200,236.73,100,236.72,100,236.42,300,236.38,100,236.34,100,236.33,400,236.25,100,236.24,100,236.98,100,236.99,500,,,,,,,,,,,,,,,,
2026-02-05 09:35:35,236.88,236.88,1,236.78,200,236.98,300,236.98,236.78,236.78,200,236.76,200,236.73,100,236.72,100,236.42,300,236.38,100,236.34,100,236.33,400,236.25,100,236.24,100,236.98,300,236.99,500,,,,,,,,,,,,,,,,
2026-02-05 09:35:36,237.09,237.04,5,237.04,200,237.14,100,237.14,237.04,237.04,200,236.99,200,236.98,200,236.92,300,236.78,200,236.76,200,236.73,100,236.72,100,236.42,300,236.38,100,237.14,100,,,,,,,,,,,,,,,,,,
2026-02-05 09:35:37,237.09,237.04,5,237.04,100,237.14,100,237.14,237.04,237.04,100,236.99,200,236.98,200,236.92,300,236.78,200,236.76,200,236.73,100,236.72,100,236.42,300,236.38,100,237.14,100,,,,,,,,,,,,,,,,,,
2026-02-05 09:35:38,237.09,237.04,5,237.04,100,237.14,100,237.14,237.04,237.04,100,236.99,200,236.98,200,236.92,300,236.78,200,236.76,200,236.73,100,236.72,100,236.42,300,236.38,100,237.14,100,,,,,,,,,,,,,,,,,,
2026-02-05 09:35:39,237.09,237.04,5,237.04,100,237.14,100,237.14,237.04,237.04,100,236.99,200,236.98,200,236.92,300,236.78,200,236.76,200,236.73,100,236.72,100,236.42,300,236.38,100,237.14,100,,,,,,,,,,,,,,,,,,
2026-02-05 09:35:40,237.075,237.04,5,237.04,100,237.11,100,237.11,237.04,237.04,100,236.99,200,236.98,200,236.92,300,236.78,200,236.76,200,236.73,100,236.72,100,236.42,300,236.38,100,237.11,100,237.14,100,,,,,,,,,,,,,,,,
2026-02-05 09:35:41,237.06,237.18,1,236.92,300,237.2,100,237.2,236.92,236.92,300,236.78,200,236.76,200,236.73,100,236.72,100,236.42,300,236.38,100,236.34,100,236.33,400,236.25,100,237.2,100,237.21,100,237.3,100,,,,,,,,,,,,,,
2026-02-05 09:35:42,237.05,237.05,1,236.92,300,237.18,200,237.18,236.92,236.92,300,236.78,200,236.76,200,236.73,100,236.72,100,236.42,300,236.38,100,236.34,100,236.33,400,236.25,100,237.18,200,237.19,200,237.2,100,237.21,100,237.3,100,,,,,,,,,,
2026-02-05 09:35:43,237.045,237.05,1,236.92,300,237.17,100,237.17,236.92,236.92,300,236.78,200,236.76,200,236.73,100,236.72,100,236.42,300,236.38,100,236.34,100,236.33,400,236.25,100,237.17,100,237.18,200,237.19,200,237.2,100,237.21,100,237.3,100,,,,,,,,
2026-02-05 09:35:44,237.105,237.19,1,236.93,200,237.28,100,237.28,236.93,236.93,200,236.92,300,236.78,200,236.76,200,236.73,100,236.72,100,236.42,300,236.38,100,236.34,100,236.33,400,237.28,100,237.3,100,,,,,,,,,,,,,,,,
2026-02-05 09:35:45,237.095,237.19,1,236.99,100,237.2,100,237.2,236.99,236.99,100,236.93,200,236.92,300,236.78,200,236.76,200,236.73,100,236.72,100,236.42,300,236.38,100,236.34,100,237.2,100,237.3,100,,,,,,,,,,,,,,,,
2026-02-05 09:35:46,237.06,237.19,1,236.94,100,237.18,100,237.18,236.94,236.94,100,236.93,200,236.92,300,236.78,200,236.76,200,236.73,100,236.72,100,236.42,300,236.38,100,236.34,100,237.18,100,237.19,200,237.2,200,237.3,100,,,,,,,,,,,,
2026-02-05 09:35:47,237.105,237.19,1,237.01,100,237.2,100,237.2,237.01,237.01,100,236.94,100,236.93,200,236.92,300,236.78,200,236.76,200,236.73,100,236.72,100,236.42,300,236.38,100,237.2,100,237.3,100,,,,,,,,,,,,,,,,
2026-02-05 09:35:48,237.095,237.1,3,237.01,100,237.18,100,237.18,237.01,237.01,100,236.94,100,236.93,200,236.92,300,236.78,200,236.76,200,236.73,100,236.72,100,236.42,300,236.38,100,237.18,100,237.19,100,237.2,200,237.3,100,,,,,,,,,,,,
2026-02-05 09:35:49,237.115,237.18,1,237.01,100,237.22,100,237.22,237.01,237.01,100,236.94,100,236.93,200,236.92,300,236.78,200,236.76,200,236.73,100,236.72,100,236.42,300,236.38,100,237.22,100,237.3,100,,,,,,,,,,,,,,,,
2026-02-05 09:35:50,237.195,237.2,1,237.03,100,237.36,100,237.36,237.03,237.03,100,237.01,100,236.94,100,236.93,200,236.92,300,236.78,200,236.76,200,236.73,100,236.72,100,236.42,300,237.36,100,237.42,100,,,,,,,,,,,,,,,,
2026-02-05 09:35:51,237.205,237.2,1,237.06,100,237.35,100,237.35,237.06,237.06,100,237.03,100,237.01,100,236.94,100,236.93,200,236.92,300,236.78,200,236.76,200,236.73,100,236.72,100,237.35,100,237.38,100,237.42,100,,,,,,,,,,,,,,
2026-02-05 09:35:52,237.195,237.2,1,237.06,100,237.33,100,237.33,237.06,237.06,100,237.03,100,237.01,100,236.94,100,236.93,200,236.92,300,236.78,200,236.76,200,236.73,100,236.72,100,237.33,100,237.34,100,237.35,100,237.38,100,237.42,100,,,,,,,,,,
2026-02-05 09:35:53,237.195,237.2,1,237.06,100,237.33,100,237.33,237.06,237.06,100,237.03,100,237.01,100,236.94,100,236.93,200,236.92,300,236.78,200,236.76,200,236.73,100,236.72,100,237.33,100,237.34,100,237.35,100,237.38,100,237.42,100,,,,,,,,,,
2026-02-05 09:35:54,237.19,237.2,1,237.06,100,237.32,100,237.32,237.06,237.06,100,237.03,100,237.01,100,236.94,100,236.93,200,236.92,300,236.78,200,236.76,200,236.73,100,236.72,100,237.32,100,237.34,100,237.35,100,237.38,100,237.42,100,,,,,,,,,,
2026-02-05 09:35:56,237.185,237.2,1,237.06,100,237.31,100,237.31,237.06,237.06,100,237.03,100,237.01,100,236.94,100,236.93,200,236.92,300,236.78,200,236.76,200,236.73,100,236.72,100,237.31,100,237.32,100,237.34,100,237.35,100,237.38,100,237.42,100,,,,,,,,
2026-02-05 09:35:57,237.18,237.2,1,237.06,100,237.3,100,237.3,237.06,237.06,100,237.03,200,237.01,100,236.94,100,236.93,200,236.92,300,236.78,200,236.76,200,236.73,100,236.72,100,237.3,100,237.31,300,237.32,100,237.34,100,237.35,100,237.38,100,237.42,100,,,,,,
2026-02-05 09:35:57,237.18,237.2,1,237.06,100,237.3,100,237.3,237.06,237.06,100,237.03,200,237.01,100,236.94,100,236.93,200,236.92,300,236.78,200,236.76,200,236.73,100,236.72,100,237.3,100,237.31,300,237.32,100,237.34,100,237.35,100,237.38,100,237.42,100,,,,,,
2026-02-05 09:35:58,237.31,237.3,1,237.21,100,237.41,100,237.41,237.21,237.21,100,237.2,100,237.06,100,237.03,200,237.01,100,236.94,100,236.93,200,236.92,300,236.78,200,236.76,200,237.41,100,237.42,100,,,,,,,,,,,,,,,,
2026-02-05 09:35:59,237.23,237.3,1,237.11,200,237.35,100,237.35,237.11,237.11,200,237.06,100,237.03,200,237.01,100,236.94,100,236.93,200,236.92,300,236.78,200,236.76,200,236.73,100,237.35,100,237.41,100,237.42,100,,,,,,,,,,,,,,
2026-02-05 09:36:00,237.33,237.35,1,237.21,100,237.45,400,237.45,237.21,237.21,100,237.17,100,237.11,200,237.06,100,237.03,200,237.01,100,236.94,100,236.93,200,236.92,300,236.78,200,237.45,400,,,,,,,,,,,,,,,,,,
2026-02-05 09:36:02,237.325,237.35,1,237.21,100,237.44,100,237.44,237.21,237.21,100,237.17,100,237.11,200,237.06,100,237.03,200,237.01,100,236.94,100,236.93,200,236.92,300,236.78,200,237.44,100,237.45,400,,,,,,,,,,,,,,,,
2026-02-05 09:36:03,237.325,237.35,1,237.21,100,237.44,100,237.44,237.21,237.21,100,237.17,100,237.11,200,237.06,100,237.03,200,237.01,100,236.94,100,236.93,200,236.92,300,236.78,200,237.44,100,237.45,400,,,,,,,,,,,,,,,,
2026-02-05 09:36:04,237.4,237.4,14,237.32,100,237.48,100,237.48,237.32,237.32,100,237.3,100,237.21,100,237.17,100,237.11,200,237.06,100,237.03,200,237.01,100,236.94,100,236.93,200,237.48,100,,,,,,,,,,,,,,,,,,
2026-02-05 09:36:05,237.4,237.4,14,237.32,100,237.48,100,237.48,237.32,237.32,100,237.3,100,237.21,100,237.17,100,237.11,200,237.06,100,237.03,200,237.01,100,236.94,100,236.93,200,237.48,100,,,,,,,,,,,,,,,,,,
2026-02-05 09:36:06,237.4,237.4,1,237.32,100,237.48,100,237.48,237.32,237.32,100,237.3,100,237.21,100,237.17,100,237.11,200,237.06,100,237.03,200,237.01,100,236.94,100,236.93,200,237.48,100,,,,,,,,,,,,,,,,,,
2026-02-05 09:36:06,237.4,237.4,1,237.32,100,237.48,100,237.48,237.32,237.32,100,237.3,100,237.21,100,237.17,100,237.11,200,237.06,100,237.03,200,237.01,100,236.94,100,236.93,200,237.48,100,,,,,,,,,,,,,,,,,,
2026-02-05 09:36:07,237.4,237.4,1,237.32,100,237.48,100,237.48,237.32,237.32,100,237.3,100,237.21,100,237.17,100,237.11,200,237.06,100,237.03,200,237.01,100,236.94,100,236.93,200,237.48,100,,,,,,,,,,,,,,,,,,
2026-02-05 09:36:09,237.4,236.92,2,237.32,100,237.48,100,237.48,237.32,237.32,100,237.3,100,237.21,100,237.17,100,237.11,200,237.06,100,237.03,200,237.01,100,236.94,100,236.93,200,237.48,100,,,,,,,,,,,,,,,,,,
2026-02-05 09:36:09,237.4,236.92,2,237.32,100,237.48,100,237.48,237.32,237.32,100,237.3,100,237.21,100,237.17,100,237.11,200,237.06,100,237.03,200,237.01,100,236.94,100,236.93,200,237.48,100,,,,,,,,,,,,,,,,,,
2026-02-05 09:36:11,237.415,236.92,2,237.35,200,237.48,100,237.48,237.35,237.35,200,237.32,100,237.3,100,237.21,100,237.17,100,237.11,200,237.06,100,237.03,200,237.01,100,236.94,100,237.48,100,,,,,,,,,,,,,,,,,,
2026-02-05 09:36:12,237.4,236.92,2,237.32,100,237.48,100,237.48,237.32,237.32,100,237.3,100,237.21,100,237.17,100,237.11,200,237.06,100,237.03,200,237.01,100,236.94,100,236.93,200,237.48,100,,,,,,,,,,,,,,,,,,
2026-02-05 09:36:13,237.485,237.5,1,237.47,100,237.5,500,237.5,237.47,237.47,100,237.46,200,237.45,100,237.44,100,237.43,100,237.39,100,237.35,100,237.32,100,237.3,100,237.21,100,237.5,500,,,,,,,,,,,,,,,,,,
2026-02-05 09:36:13,237.55,237.54,1,237.47,200,237.63,100,237.63,237.47,237.47,200,237.46,200,237.45,100,237.44,100,237.43,100,237.39,100,237.35,100,237.32,100,237.3,100,237.21,100,237.63,100,,,,,,,,,,,,,,,,,,
2026-02-05 09:36:15,237.53,237.53,3,237.47,100,237.59,100,237.59,237.47,237.47,100,237.46,200,237.45,100,237.44,100,237.43,100,237.39,100,237.35,100,237.32,100,237.3,100,237.21,100,237.59,100,237.63,100,,,,,,,,,,,,,,,,
2026-02-05 09:36:16,237.515,237.53,1,237.44,200,237.59,100,237.59,237.44,237.44,200,237.43,100,237.39,100,237.35,100,237.32,100,237.3,100,237.21,100,237.17,100,237.11,200,237.06,100,237.59,100,237.63,100,,,,,,,,,,,,,,,,
2026-02-05 09:36:17,237.515,237.51,1,237.44,300,237.59,100,237.59,237.44,237.44,300,237.43,100,237.39,100,237.35,100,237.32,100,237.3,100,237.21,100,237.17,100,237.11,200,237.06,100,237.59,100,237.63,100,,,,,,,,,,,,,,,,
2026-02-05 09:36:18,237.515,237.51,1,237.44,300,237.59,300,237.59,237.44,237.44,300,237.43,100,237.39,100,237.35,100,237.32,100,237.3,100,237.21,100,237.17,100,237.11,200,237.06,100,237.59,300,237.63,100,,,,,,,,,,,,,,,,
2026-02-05 09:36:19,237.535,237.51,1,237.48,100,237.59,300,237.59,237.48,237.48,100,237.44,300,237.43,100,237.39,100,237.35,100,237.32,100,237.3,100,237.21,100,237.17,100,237.11,200,237.59,300,237.63,100,,,,,,,,,,,,,,,,
2026-02-05 09:36:20,237.535,237.54,3,237.48,100,237.59,300,237.59,237.48,237.48,100,237.44,300,237.43,100,237.39,100,237.35,100,237.32,100,237.3,100,237.21,100,237.17,100,237.11,200,237.59,300,237.63,100,,,,,,,,,,,,,,,,
2026-02-05 09:36:21,237.535,237.54,3,237.48,100,237.59,300,237.59,237.48,237.48,100,237.44,300,237.43,100,237.39,100,237.35,100,237.32,100,237.3,100,237.21,100,237.17,100,237.11,200,237.59,300,237.63,100,,,,,,,,,,,,,,,,
2026-02-05 09:36:22,237.53,237.54,3,237.48,100,237.58,100,237.58,237.48,237.48,100,237.44,300,237.43,100,237.39,100,237.35,100,237.32,100,237.3,100,237.21,100,237.17,100,237.11,200,237.58,100,237.59,300,237.63,100,,,,,,,,,,,,,,
2026-02-05 09:36:23,237.53,237.53,1,237.48,100,237.58,100,237.58,237.48,237.48,100,237.44,300,237.43,100,237.39,100,237.35,100,237.32,100,237.3,100,237.21,100,237.17,100,237.11,200,237.58,100,237.59,300,237.63,100,,,,,,,,,,,,,,
2026-02-05 09:36:24,237.53,237.53,1,237.48,100,237.58,100,237.58,237.48,237.48,100,237.44,300,237.43,100,237.39,100,237.35,100,237.32,100,237.3,100,237.21,100,237.17,100,237.11,200,237.58,100,237.59,300,237.63,100,,,,,,,,,,,,,,
2026-02-05 09:36:25,237.44,237.42,1,237.33,100,237.55,100,237.55,237.33,237.33,100,237.32,100,237.3,100,237.21,100,237.17,100,237.11,200,237.06,100,237.03,200,237.01,100,236.94,100,237.55,100,237.58,100,237.59,300,237.63,100,,,,,,,,,,,,
2026-02-05 09:36:26,237.43,237.43,1,237.33,200,237.53,100,237.53,237.33,237.33,200,237.32,100,237.3,100,237.21,100,237.17,100,237.11,200,237.06,100,237.03,200,237.01,100,236.94,100,237.53,100,237.57,100,237.58,100,237.59,300,237.63,100,,,,,,,,,,
2026-02-05 09:36:27,237.43,237.43,1,237.33,200,237.53,300,237.53,237.33,237.33,200,237.32,100,237.3,100,237.21,100,237.17,100,237.11,200,237.06,100,237.03,200,237.01,100,236.94,100,237.53,300,237.57,100,237.58,100,237.59,300,237.63,100,,,,,,,,,,
2026-02-05 09:36:28,237.43,237.43,1,237.33,200,237.53,300,237.53,237.33,237.33,200,237.32,100,237.3,100,237.21,100,237.17,100,237.11,200,237.06,100,237.03,200,237.01,100,236.94,100,237.53,300,237.57,100,237.58,100,237.59,300,237.63,100,,,,,,,,,,
2026-02-05 09:36:29,237.43,237.43,4,237.33,200,237.53,300,237.53,237.33,237.33,200,237.32,100,237.3,100,237.21,100,237.17,100,237.11,200,237.06,100,237.03,200,237.01,100,236.94,100,237.53,300,237.57,100,237.58,100,237.59,300,237.63,100,,,,,,,,,,
2026-02-05 09:36:30,237.43,237.5,1,237.33,300,237.53,300,237.53,237.33,237.33,300,237.32,100,237.3,100,237.21,100,237.17,100,237.11,200,237.06,100,237.03,200,237.01,100,236.94,100,237.53,300,237.57,100,237.58,100,237.59,300,237.63,100,,,,,,,,,,
2026-02-05 09:36:31,237.425,237.43,2,237.33,300,237.52,100,237.52,237.33,237.33,300,237.32,100,237.3,100,237.21,100,237.17,100,237.11,200,237.06,100,237.03,200,237.01,100,236.94,100,237.52,100,237.53,300,237.57,100,237.58,100,237.59,300,237.63,100,,,,,,,,
2026-02-05 09:36:32,237.425,237.43,2,237.33,300,237.52,100,237.52,237.33,237.33,300,237.32,100,237.3,100,237.21,100,237.17,100,237.11,200,237.06,100,237.03,200,237.01,100,236.94,100,237.52,100,237.53,300,237.57,100,237.58,100,237.59,300,237.63,100,,,,,,,,
2026-02-05 09:36:33,237.42,237.43,2,237.33,200,237.51,300,237.51,237.33,237.33,200,237.32,100,237.3,100,237.21,100,237.17,100,237.11,200,237.06,100,237.03,200,237.01,100,236.94,100,237.51,300,237.52,100,237.53,300,237.57,100,237.58,100,237.59,300,237.63,100,,,,,,
2026-02-05 09:36:34,237.42,237.42,2,237.33,200,237.51,300,237.51,237.33,237.33,200,237.32,100,237.3,100,237.21,100,237.17,100,237.11,200,237.06,100,237.03,200,237.01,100,236.94,100,237.51,300,237.52,100,237.53,300,237.57,100,237.58,100,237.59,300,237.63,100,,,,,,
2026-02-05 09:36:35,237.42,237.42,2,237.33,200,237.51,300,237.51,237.33,237.33,200,237.32,100,237.3,100,237.21,100,237.17,100,237.11,200,237.06,100,237.03,200,237.01,100,236.94,100,237.51,300,237.52,100,237.53,300,237.57,100,237.58,100,237.59,300,237.63,100,,,,,,
2026-02-05 09:36:36,237.415,237.33,2,237.33,200,237.5,100,237.5,237.33,237.33,200,237.32,100,237.3,100,237.21,100,237.17,100,237.11,200,237.06,100,237.03,200,237.01,100,236.94,100,237.5,100,237.51,300,237.52,100,237.53,300,237.57,100,237.58,100,237.59,300,237.63,100,,,,
2026-02-05 09:36:37,237.395,237.33,2,237.3,200,237.49,100,237.49,237.3,237.3,200,237.21,100,237.17,100,237.11,200,237.06,100,237.03,200,237.01,100,236.94,100,236.93,200,236.92,300,237.49,100,237.5,200,237.51,300,237.52,100,237.53,300,237.57,100,237.58,100,237.59,300,237.63,100,,
2026-02-05 09:36:38,237.37,237.3,1,237.25,100,237.49,200,237.49,237.25,237.25,100,237.21,100,237.17,100,237.11,200,237.06,100,237.03,200,237.01,100,236.94,100,236.93,200,236.92,300,237.49,200,237.5,200,237.51,300,237.52,100,237.53,300,237.57,100,237.58,100,237.59,300,237.63,100,,
2026-02-05 09:36:39,237.32,237.3,1,237.2,200,237.44,100,237.44,237.2,237.2,200,237.17,100,237.11,200,237.06,100,237.03,200,237.01,100,236.94,100,236.93,200,236.92,300,236.78,200,237.44,100,237.49,200,237.5,200,237.51,300,237.52,100,237.53,300,237.57,100,237.58,100,237.59,300,237.63,100
2026-02-05 09:36:40,237.31,237.32,1,237.2,200,237.42,100,237.42,237.2,237.2,200,237.17,100,237.11,200,237.06,100,237.03,200,237.01,100,236.94,100,236.93,200,236.92,300,236.78,200,237.42,100,237.44,100,237.49,200,237.5,200,237.51,300,237.52,100,237.53,300,237.57,100,237.58,100,237.59,300
2026-02-05 09:36:41,237.285,237.29,2,237.15,100,237.42,100,237.42,237.15,237.15,100,237.11,200,237.06,100,237.03,200,237.01,100,236.94,100,236.93,200,236.92,300,236.78,200,236.76,200,237.42,100,237.44,100,237.49,200,237.5,200,237.51,300,237.52,100,237.53,300,237.57,100,237.58,100,237.59,300
2026-02-05 09:36:42,237.285,237.29,2,237.15,100,237.42,100,237.42,237.15,237.15,100,237.11,200,237.06,100,237.03,200,237.01,100,236.94,100,236.93,200,236.92,300,236.78,200,236.76,200,237.42,100,237.44,100,237.49,200,237.5,200,237.51,300,237.52,100,237.53,300,237.57,100,237.58,100,237.59,300
2026-02-05 09:36:43,237.46,237.49,1,237.33,100,237.59,400,237.59,237.33,237.33,100,237.23,100,237.2,100,237.15,100,237.11,200,237.06,100,237.03,200,237.01,100,236.94,100,236.93,200,237.59,400,237.63,100,,,,,,,,,,,,,,,,
2026-02-05 09:36:44,237.455,237.49,1,237.33,100,237.58,200,237.58,237.33,237.33,100,237.23,100,237.2,100,237.15,100,237.11,200,237.06,100,237.03,200,237.01,100,236.94,100,236.93,200,237.58,200,237.59,400,237.63,100,,,,,,,,,,,,,,
2026-02-05 09:36:45,237.455,237.46,1,237.33,100,237.58,200,237.58,237.33,237.33,100,237.23,100,237.2,100,237.15,100,237.11,200,237.06,100,237.03,200,237.01,100,236.94,100,236.93,200,237.58,200,237.59,400,237.63,100,,,,,,,,,,,,,,
2026-02-05 09:36:46,237.39,237.46,1,237.23,100,237.55,100,237.55,237.23,237.23,100,237.2,100,237.15,100,237.11,200,237.06,100,237.03,200,237.01,100,236.94,100,236.93,200,236.92,300,237.55,100,237.57,100,237.58,200,237.59,400,237.63,100,,,,,,,,,,
2026-02-05 09:36:47,237.39,237.46,1,237.23,100,237.55,100,237.55,237.23,237.23,100,237.2,100,237.15,100,237.11,200,237.06,100,237.03,200,237.01,100,236.94,100,236.93,200,236.92,300,237.55,100,237.57,100,237.58,200,237.59,400,237.63,100,,,,,,,,,,
2026-02-05 09:36:48,237.38,237.46,1,237.23,100,237.53,100,237.53,237.23,237.23,100,237.2,100,237.15,100,237.11,200,237.06,100,237.03,200,237.01,100,236.94,100,236.93,200,236.92,300,237.53,100,237.55,100,237.57,100,237.58,200,237.59,400,237.63,100,,,,,,,,
2026-02-05 09:36:49,237.38,237.46,1,237.23,100,237.53,200,237.53,237.23,237.23,100,237.2,100,237.15,100,237.11,200,237.06,100,237.03,200,237.01,100,236.94,100,236.93,200,236.92,300,237.53,200,237.55,100,237.57,100,237.58,200,237.59,400,237.63,100,,,,,,,,
2026-02-05 09:36:50,237.38,237.38,1,237.23,100,237.53,300,237.53,237.23,237.23,100,237.2,100,237.15,100,237.11,200,237.06,100,237.03,200,237.01,100,236.94,100,236.93,200,236.92,300,237.53,300,237.55,100,237.57,100,237.58,200,237.59,400,237.63,100,,,,,,,,
2026-02-05 09:36:51,237.365,237.38,1,237.23,100,237.5,200,237.5,237.23,237.23,100,237.2,100,237.15,100,237.11,200,237.06,100,237.03,200,237.01,100,236.94,100,236.93,200,236.92,300,237.5,200,237.53,300,237.55,100,237.57,100,237.58,200,237.59,400,237.63,100,,,,,,
2026-02-05 09:36:52,237.345,237.38,1,237.23,100,237.46,100,237.46,237.23,237.23,100,237.2,100,237.15,100,237.11,200,237.06,100,237.03,200,237.01,100,236.94,100,236.93,200,236.92,300,237.46,100,237.47,100,237.5,200,237.53,300,237.55,100,237.57,100,237.58,200,237.59,400,237.63,100,,
2026-02-05 09:36:53,237.33,237.38,1,237.22,100,237.44,100,237.44,237.22,237.22,100,237.2,300,237.15,100,237.11,200,237.06,100,237.03,200,237.01,100,236.94,100,236.93,200,236.92,300,237.44,100,237.45,100,237.46,100,237.47,100,237.5,200,237.53,300,237.55,100,237.57,100,237.58,200,237.59,400
2026-02-05 09:36:54,237.325,237.38,1,237.22,100,237.43,100,237.43,237.22,237.22,100,237.2,300,237.15,100,237.11,200,237.06,100,237.03,200,237.01,100,236.94,100,236.93,200,236.92,300,237.43,100,237.44,100,237.45,100,237.46,100,237.47,100,237.5,200,237.53,300,237.55,100,237.57,100,237.58,200
2026-02-05 09:36:55,237.325,237.38,1,237.22,100,237.43,100,237.43,237.22,237.22,100,237.2,300,237.15,100,237.11,200,237.06,100,237.03,200,237.01,100,236.94,100,236.93,200,236.92,300,237.43,100,237.44,100,237.45,100,237.46,100,237.47,100,237.5,200,237.53,300,237.55,100,237.57,100,237.58,200
2026-02-05 09:36:56,237.49,237.57,15,237.41,100,237.57,300,237.57,237.41,237.41,100,237.39,100,237.38,100,237.37,100,237.33,100,237.23,200,237.22,100,237.2,300,237.15,100,237.11,200,237.57,300,237.58,200,237.59,400,237.63,100,,,,,,,,,,,,
2026-02-05 09:36:57,237.48,237.57,15,237.41,100,237.55,100,237.55,237.41,237.41,100,237.39,100,237.38,100,237.37,100,237.33,100,237.23,200,237.22,100,237.2,300,237.15,100,237.11,200,237.55,100,237.57,300,237.58,200,237.59,400,237.63,100,,,,,,,,,,
2026-02-05 09:36:58,237.38,237.34,1,237.34,100,237.42,100,237.42,237.27,237.34,100,237.33,100,237.23,200,237.22,100,237.2,300,237.15,100,237.11,200,237.06,100,237.03,200,237.01,100,237.42,100,237.5,100,237.51,400,237.52,100,237.53,100,237.57,100,237.58,100,237.59,400,237.63,100,,
2026-02-05 09:36:59,237.37,237.37,1,237.27,100,237.47,100,237.47,237.27,237.27,100,237.23,200,237.22,100,237.2,300,237.15,100,237.11,200,237.06,100,237.03,200,237.01,100,236.94,100,237.47,100,237.51,400,237.52,100,237.53,100,237.57,100,237.58,100,237.59,400,237.63,100,,,,
2026-02-05 09:37:00,237.395,237.47,1,237.28,100,237.51,300,237.51,237.28,237.28,100,237.27,100,237.23,200,237.22,100,237.2,300,237.15,100,237.11,200,237.06,100,237.03,200,237.01,100,237.51,300,237.52,100,237.53,100,237.57,100,237.58,100,237.59,400,237.63,100,,,,,,
2026-02-05 09:37:01,237.41,237.41,4,237.31,100,237.51,300,237.51,237.31,237.31,100,237.28,100,237.27,100,237.23,200,237.22,100,237.2,300,237.15,100,237.11,200,237.06,100,237.03,200,237.51,300,237.52,100,237.53,100,237.57,100,237.58,100,237.59,400,237.63,100,,,,,,
2026-02-05 09:37:02,237.405,237.41,4,237.31,100,237.5,200,237.5,237.31,237.31,100,237.28,100,237.27,100,237.23,200,237.22,100,237.2,300,237.15,100,237.11,200,237.06,100,237.03,200,237.5,200,237.51,300,237.52,100,237.53,100,237.57,100,237.58,100,237.59,400,237.63,100,,,,
