sim_time,mid_price,last_price,last_size,best_bid_price,best_bid_size,best_ask_price,best_ask_size,close_price_buy,close_price_sell,bid1_price,bid1_size,bid2_price,bid2_size,bid3_price,bid3_size,bid4_price,bid4_size,bid5_price,bid5_size,bid6_price,bid6_size,bid7_price,bid7_size,bid8_price,bid8_size,bid9_price,bid9_size,bid10_price,bid10_size,ask1_price,ask1_size,ask2_price,ask2_size,ask3_price,ask3_size,ask4_price,ask4_size,ask5_price,ask5_size,ask6_price,ask6_size,ask7_price,ask7_size,ask8_price,ask8_size,ask9_price,ask9_size,ask10_price,ask10_size
2026-02-05 09:30:17,315.205,0.0,0,314.9,120,315.51,400,315.51,314.9,314.9,120,314.8,80,,,,,,,,,,,,,,,,,315.51,400,315.52,440,315.53,400,315.64,200,315.75,400,,,,,,,,,,
2026-02-05 09:30:18,315.155,314.9,3,314.9,80,315.41,200,315.41,314.9,314.9,80,314.8,80,,,,,,,,,,,,,,,,,315.41,200,315.51,440,315.52,440,315.53,400,315.64,200,315.75,400,,,,,,,,
2026-02-05 09:30:20,315.155,314.9,3,314.9,80,315.41,240,315.41,314.9,314.9,80,314.8,80,,,,,,,,,,,,,,,,,315.41,240,315.51,440,315.52,440,315.53,400,315.64,200,315.75,400,,,,,,,,
2026-02-05 09:30:21,315.155,314.9,3,314.9,80,315.41,240,315.41,314.9,314.9,80,314.8,80,,,,,,,,,,,,,,,,,315.41,240,315.51,440,315.52,440,315.53,400,315.64,200,315.75,400,,,,,,,,
2026-02-05 09:30:22,315.155,314.9,3,314.9,80,315.41,240,315.41,314.9,314.9,80,314.8,80,,,,,,,,,,,,,,,,,315.41,240,315.51,440,315.52,440,315.53,400,315.64,200,315.75,400,,,,,,,,
2026-02-05 09:30:22,315.155,314.9,3,314.9,80,315.41,240,315.41,314.9,314.9,80,314.8,80,,,,,,,,,,,,,,,,,315.41,240,315.51,440,315.52,440,315.53,400,315.64,200,315.75,400,,,,,,,,
2026-02-05 09:30:24,315.155,314.9,3,314.9,80,315.41,240,315.41,314.9,314.9,80,314.8,80,,,,,,,,,,,,,,,,,315.41,240,315.51,440,315.52,440,315.53,400,315.64,200,315.75,400,,,,,,,,
2026-02-05 09:30:25,315.155,315.15,2,314.9,80,315.41,240,315.41,314.9,314.9,80,314.8,80,,,,,,,,,,,,,,,,,315.41,240,315.51,440,315.52,440,315.53,400,315.64,200,315.75,400,,,,,,,,
2026-02-05 09:30:26,315.155,315.15,2,314.9,160,315.41,280,315.41,314.9,314.9,160,314.8,80,,,,,,,,,,,,,,,,,315.41,280,315.51,440,315.52,440,315.53,400,315.64,200,315.75,400,,,,,,,,
2026-02-05 09:30:27,315.155,315.15,2,314.9,160,315.41,280,315.41,314.9,314.9,160,314.8,80,,,,,,,,,,,,,,,,,315.41,280,315.51,440,315.52,440,315.53,400,315.64,200,315.75,400,,,,,,,,
2026-02-05 09:30:28,315.155,315.15,2,314.9,160,315.41,280,315.41,314.9,314.9,160,314.8,80,,,,,,,,,,,,,,,,,315.41,280,315.51,440,315.52,440,315.53,400,315.64,200,315.75,400,,,,,,,,
2026-02-05 09:30:29,315.155,315.15,2,314.9,160,315.41,240,315.41,314.9,314.9,160,314.8,80,,,,,,,,,,,,,,,,,315.41,240,315.51,440,315.52,440,315.53,400,315.64,200,315.75,400,,,,,,,,
2026-02-05 09:30:30,315.155,315.15,2,314.9,160,315.41,240,315.41,314.9,314.9,160,314.8,80,,,,,,,,,,,,,,,,,315.41,240,315.51,440,315.52,440,315.53,400,315.64,200,315.75,400,,,,,,,,
2026-02-05 09:30:31,315.155,315.15,2,314.9,160,315.41,240,315.41,314.9,314.9,160,314.8,80,,,,,,,,,,,,,,,,,315.41,240,315.51,440,315.52,440,315.53,400,315.64,200,315.75,400,,,,,,,,
2026-02-05 09:30:32,315.155,315.15,2,314.9,160,315.41,240,315.41,314.9,314.9,160,314.8,80,,,,,,,,,,,,,,,,,315.41,240,315.51,440,315.52,440,315.53,400,315.64,200,315.75,400,,,,,,,,
2026-02-05 09:30:33,315.225,315.09,1,315.04,360,315.41,240,315.41,315.04,315.04,360,314.9,160,314.8,80,,,,,,,,,,,,,,,315.41,240,315.51,440,315.52,440,315.53,400,315.64,200,315.75,400,,,,,,,,
2026-02-05 09:30:34,315.225,315.09,1,315.04,360,315.41,240,315.41,315.04,315.04,360,314.9,160,314.8,80,,,,,,,,,,,,,,,315.41,240,315.51,440,315.52,440,315.53,400,315.64,200,315.75,400,,,,,,,,
2026-02-05 09:30:35,315.225,315.09,1,315.04,360,315.41,240,315.41,315.04,315.04,360,314.9,160,314.8,80,,,,,,,,,,,,,,,315.41,240,315.51,440,315.52,440,315.53,400,315.64,200,315.75,400,,,,,,,,
2026-02-05 09:30:36,315.225,315.23,1,315.04,360,315.41,240,315.41,315.04,315.04,360,314.9,160,314.8,80,,,,,,,,,,,,,,,315.41,240,315.51,440,315.52,440,315.53,400,315.64,200,315.75,400,,,,,,,,
2026-02-05 09:30:37,315.225,315.23,1,315.04,360,315.41,240,315.41,315.04,315.04,360,314.9,160,314.8,80,,,,,,,,,,,,,,,315.41,240,315.51,440,315.52,440,315.53,400,315.64,200,315.75,400,,,,,,,,
2026-02-05 09:30:38,315.225,315.26,3,315.04,520,315.41,240,315.41,315.04,315.04,520,314.9,160,314.8,80,,,,,,,,,,,,,,,315.41,240,315.46,320,315.51,440,315.52,440,315.53,400,315.64,200,315.75,400,,,,,,
2026-02-05 09:30:39,315.68,315.62,3,315.36,40,316.0,160,316.0,315.36,315.36,40,315.35,480,315.34,360,315.33,40,315.04,560,314.9,160,314.8,80,,,,,,,316.0,160,,,,,,,,,,,,,,,,,,
2026-02-05 09:30:40,315.68,315.62,3,315.36,80,316.0,160,316.0,315.36,315.36,80,315.35,480,315.34,360,315.33,40,315.04,560,314.9,160,314.8,80,,,,,,,316.0,160,,,,,,,,,,,,,,,,,,
2026-02-05 09:30:41,315.68,315.62,3,315.36,160,316.0,280,316.0,315.36,315.36,160,315.35,480,315.34,360,315.33,40,315.04,560,314.9,160,314.8,80,,,,,,,316.0,280,,,,,,,,,,,,,,,,,,
2026-02-05 09:30:41,315.785,315.8,1,315.57,80,316.0,80,316.0,315.57,315.57,80,315.52,80,315.49,40,315.48,40,315.36,120,315.35,480,315.34,360,315.33,40,315.04,560,314.9,160,316.0,80,316.1,120,,,,,,,,,,,,,,,,
2026-02-05 09:30:43,315.745,315.8,1,315.57,160,315.92,160,315.92,315.57,315.57,160,315.52,80,315.49,40,315.48,40,315.36,120,315.35,480,315.34,360,315.33,40,315.04,560,314.9,160,315.92,160,316.0,80,316.1,120,,,,,,,,,,,,,,
2026-02-05 09:30:44,315.745,315.59,1,315.57,120,315.92,160,315.92,315.57,315.57,120,315.52,80,315.49,40,315.48,40,315.36,120,315.35,480,315.34,360,315.33,40,315.04,560,314.9,160,315.92,160,316.0,80,316.1,120,,,,,,,,,,,,,,
2026-02-05 09:30:45,315.745,315.59,1,315.57,80,315.92,200,315.92,315.57,315.57,80,315.52,80,315.49,40,315.48,40,315.36,120,315.35,480,315.34,360,315.33,40,315.04,560,314.9,160,315.92,200,316.0,80,316.1,120,,,,,,,,,,,,,,
2026-02-05 09:30:46,315.745,315.59,1,315.57,80,315.92,200,315.92,315.57,315.57,80,315.52,80,315.49,40,315.48,40,315.36,120,315.35,480,315.34,360,315.33,40,315.04,560,314.9,160,315.92,200,316.0,80,316.1,120,,,,,,,,,,,,,,
2026-02-05 09:30:47,315.745,315.59,1,315.57,80,315.92,160,315.92,315.57,315.57,80,315.52,80,315.49,40,315.48,40,315.36,120,315.35,480,315.34,360,315.33,40,315.04,560,314.9,160,315.92,160,316.0,80,316.1,120,,,,,,,,,,,,,,
2026-02-05 09:30:48,315.835,315.91,1,315.57,80,316.1,160,316.1,315.57,315.57,80,315.52,80,315.49,40,315.48,40,315.36,120,315.35,480,315.34,360,315.33,40,315.04,560,314.9,160,316.1,160,,,,,,,,,,,,,,,,,,
2026-02-05 09:30:48,315.835,315.91,1,315.57,80,316.1,160,316.1,315.57,315.57,80,315.52,80,315.49,40,315.48,40,315.36,120,315.35,480,315.34,360,315.33,40,315.04,560,314.9,160,316.1,160,,,,,,,,,,,,,,,,,,
2026-02-05 09:30:50,315.7,315.7,2,315.52,200,315.88,40,315.88,315.52,315.52,200,315.49,40,315.48,40,315.36,120,315.35,480,315.34,360,315.33,40,315.04,560,314.9,160,314.8,80,315.88,40,316.04,40,316.1,200,,,,,,,,,,,,,,
2026-02-05 09:30:51,315.71,315.7,2,315.54,480,315.88,80,315.88,315.54,315.54,480,315.52,200,315.49,40,315.48,40,315.36,120,315.35,480,315.34,360,315.33,40,315.04,560,314.9,160,315.88,80,316.04,40,316.1,200,,,,,,,,,,,,,,
2026-02-05 09:30:52,315.71,315.7,2,315.54,480,315.88,240,315.88,315.54,315.54,480,315.52,200,315.49,40,315.48,40,315.36,120,315.35,480,315.34,360,315.33,40,315.04,560,314.9,160,315.88,240,316.04,40,316.1,200,,,,,,,,,,,,,,
2026-02-05 09:30:53,315.71,315.7,2,315.54,480,315.88,240,315.88,315.54,315.54,480,315.52,200,315.49,40,315.48,40,315.36,120,315.35,480,315.34,360,315.33,40,315.04,560,314.9,160,315.88,240,316.04,40,316.1,200,,,,,,,,,,,,,,
2026-02-05 09:30:54,315.71,315.7,2,315.54,480,315.88,240,315.88,315.54,315.54,480,315.52,200,315.49,40,315.48,40,315.36,120,315.35,480,315.34,360,315.33,40,315.04,560,314.9,160,315.88,240,316.04,40,316.1,200,,,,,,,,,,,,,,
2026-02-05 09:30:55,315.71,315.7,2,315.54,480,315.88,240,315.88,315.54,315.54,480,315.52,200,315.49,40,315.48,40,315.36,120,315.35,480,315.34,360,315.33,40,315.04,560,314.9,160,315.88,240,316.04,40,316.1,200,,,,,,,,,,,,,,
2026-02-05 09:30:56,315.7,315.66,9,315.52,240,315.88,240,315.88,315.52,315.52,240,315.49,40,315.48,40,315.36,120,315.35,480,315.34,360,315.33,40,315.04,560,314.9,160,314.8,80,315.88,240,316.04,40,316.1,200,,,,,,,,,,,,,,
2026-02-05 09:30:57,315.745,315.66,9,315.61,480,315.88,240,315.88,315.61,315.61,480,315.52,240,315.49,40,315.48,40,315.36,120,315.35,480,315.34,360,315.33,40,315.04,560,314.9,160,315.88,240,316.04,40,316.1,200,,,,,,,,,,,,,,
2026-02-05 09:30:58,315.74,315.88,1,315.52,440,315.96,160,315.96,315.52,315.52,440,315.49,40,315.48,40,315.36,120,315.35,480,315.34,360,315.33,40,315.04,560,314.9,160,314.8,80,315.96,160,316.04,200,316.1,160,,,,,,,,,,,,,,
2026-02-05 09:30:59,315.74,315.88,1,315.52,440,315.96,160,315.96,315.52,315.52,440,315.49,40,315.48,40,315.36,120,315.35,480,315.34,360,315.33,40,315.04,560,314.9,160,314.8,80,315.96,160,316.04,200,316.1,160,,,,,,,,,,,,,,
2026-02-05 09:31:00,315.74,315.74,2,315.52,440,315.96,160,315.96,315.52,315.52,440,315.49,40,315.48,40,315.36,120,315.35,480,315.34,360,315.33,40,315.04,560,314.9,160,314.8,80,315.96,160,316.04,200,316.1,160,,,,,,,,,,,,,,
2026-02-05 09:31:01,315.74,315.74,2,315.52,440,315.96,160,315.96,315.52,315.52,440,315.49,40,315.48,40,315.36,120,315.35,480,315.34,360,315.33,40,315.04,560,314.9,160,314.8,80,315.96,160,316.04,200,316.1,160,,,,,,,,,,,,,,
2026-02-05 09:31:02,315.74,315.74,2,315.52,400,315.96,200,315.96,315.52,315.52,400,315.49,40,315.48,40,315.36,120,315.35,480,315.34,360,315.33,40,315.04,560,314.9,160,314.8,80,315.96,200,316.04,200,316.1,160,,,,,,,,,,,,,,
2026-02-05 09:31:03,315.74,315.74,2,315.52,400,315.96,200,315.96,315.52,315.52,400,315.49,40,315.48,40,315.36,120,315.35,480,315.34,360,315.33,40,315.04,560,314.9,160,314.8,80,315.96,200,316.04,200,316.1,160,,,,,,,,,,,,,,
2026-02-05 09:31:04,315.74,315.74,2,315.52,440,315.96,160,315.96,315.52,315.52,440,315.49,40,315.48,40,315.36,120,315.35,480,315.34,360,315.33,40,315.04,560,314.9,160,314.8,80,315.96,160,316.04,200,316.1,160,,,,,,,,,,,,,,
2026-02-05 09:31:05,315.74,315.74,2,315.52,440,315.96,160,315.96,315.52,315.52,440,315.49,40,315.48,40,315.36,120,315.35,480,315.34,360,315.33,40,315.04,560,314.9,160,314.8,80,315.96,160,316.04,200,316.1,160,,,,,,,,,,,,,,
2026-02-05 09:31:06,315.74,315.96,1,315.52,320,315.96,160,315.96,315.52,315.52,320,315.49,40,315.48,40,315.36,120,315.35,480,315.34,360,315.33,40,315.04,560,314.9,160,314.8,80,315.96,160,316.04,200,316.1,160,,,,,,,,,,,,,,
2026-02-05 09:31:07,315.81,315.93,1,315.52,360,316.1,320,316.1,315.52,315.52,360,315.49,40,315.48,40,315.36,120,315.35,480,315.34,360,315.33,40,315.04,560,314.9,160,314.8,80,316.1,320,,,,,,,,,,,,,,,,,,
2026-02-05 09:31:08,315.89,315.93,1,315.68,120,316.1,320,316.1,315.68,315.68,120,315.6,80,315.52,320,315.49,40,315.48,40,315.36,120,315.35,480,315.34,360,315.33,40,315.04,560,316.1,320,,,,,,,,,,,,,,,,,,
2026-02-05 09:31:09,315.855,315.89,2,315.68,40,316.03,80,316.03,315.68,315.68,40,315.63,120,315.6,80,315.52,320,315.49,40,315.48,40,315.36,120,315.35,480,315.34,360,315.33,40,316.03,80,316.1,320,,,,,,,,,,,,,,,,
2026-02-05 09:31:10,315.54,315.37,1,315.07,200,316.01,80,316.01,315.07,315.07,200,315.04,560,314.9,160,314.8,80,,,,,,,,,,,,,316.01,80,316.04,40,316.1,280,,,,,,,,,,,,,,
2026-02-05 09:31:11,315.445,315.44,2,315.1,40,315.79,40,315.79,315.1,315.1,40,315.07,160,315.04,560,314.9,160,314.8,80,,,,,,,,,,,315.79,40,315.8,40,315.92,240,316.01,120,316.04,40,316.1,280,,,,,,,,
2026-02-05 09:31:12,315.46,315.44,2,315.07,160,315.85,120,315.85,315.07,315.07,160,315.04,560,314.9,160,314.8,80,,,,,,,,,,,,,315.85,120,315.92,240,316.01,120,316.04,40,316.1,280,,,,,,,,,,
2026-02-05 09:31:13,315.46,315.44,2,315.07,160,315.85,160,315.85,315.07,315.07,160,315.04,560,314.9,160,314.8,80,,,,,,,,,,,,,315.85,160,315.92,240,316.01,120,316.04,40,316.1,280,,,,,,,,,,
2026-02-05 09:31:14,315.535,315.6,2,315.22,680,315.85,160,315.85,315.22,315.22,680,315.07,160,315.04,560,314.9,160,314.8,80,,,,,,,,,,,315.85,160,315.92,240,316.01,120,316.04,40,316.1,280,,,,,,,,,,
2026-02-05 09:31:15,315.535,315.6,2,315.22,720,315.85,120,315.85,315.22,315.22,720,315.07,160,315.04,560,314.9,160,314.8,80,,,,,,,,,,,315.85,120,315.92,240,316.01,120,316.04,40,316.1,280,,,,,,,,,,
2026-02-05 09:31:16,315.61,315.6,2,315.21,720,316.01,40,316.01,315.21,315.21,720,315.07,160,315.04,560,314.9,160,314.8,80,,,,,,,,,,,316.01,40,316.04,40,316.1,280,,,,,,,,,,,,,,
2026-02-05 09:31:17,315.61,315.6,2,315.21,40,316.01,40,316.01,315.21,315.21,40,315.07,160,315.04,560,314.9,160,314.8,80,,,,,,,,,,,316.01,40,316.04,40,316.1,280,,,,,,,,,,,,,,
2026-02-05 09:31:18,315.635,315.88,1,315.31,80,315.96,40,315.96,315.31,315.31,80,315.2,920,315.07,160,315.04,560,314.9,160,314.8,80,,,,,,,,,315.96,40,316.1,240,,,,,,,,,,,,,,,,
2026-02-05 09:31:19,315.705,315.88,1,315.31,40,316.1,240,316.1,315.31,315.31,40,315.2,920,315.07,160,315.04,560,314.9,160,314.8,80,,,,,,,,,316.1,240,,,,,,,,,,,,,,,,,,
2026-02-05 09:31:20,315.705,315.88,1,315.31,40,316.1,240,316.1,315.31,315.31,40,315.2,920,315.07,160,315.04,560,314.9,160,314.8,80,,,,,,,,,316.1,240,,,,,,,,,,,,,,,,,,
2026-02-05 09:31:21,315.705,315.88,1,315.31,40,316.1,240,316.1,315.31,315.31,40,315.2,920,315.07,160,315.04,560,314.9,160,314.8,80,,,,,,,,,316.1,240,,,,,,,,,,,,,,,,,,
2026-02-05 09:31:22,315.705,315.88,1,315.31,40,316.1,240,316.1,315.31,315.31,40,315.2,920,315.07,160,315.04,560,314.9,160,314.8,80,,,,,,,,,316.1,240,,,,,,,,,,,,,,,,,,
2026-02-05 09:31:23,315.705,315.88,1,315.31,40,316.1,320,316.1,315.31,315.31,40,315.2,920,315.07,160,315.04,560,314.9,160,314.8,80,,,,,,,,,316.1,320,,,,,,,,,,,,,,,,,,
2026-02-05 09:31:24,315.705,315.8,2,315.31,40,316.1,280,316.1,315.31,315.31,40,315.2,920,315.07,160,315.04,560,314.9,160,314.8,80,,,,,,,,,316.1,280,,,,,,,,,,,,,,,,,,
2026-02-05 09:31:25,315.68,315.8,2,315.26,40,316.1,280,316.1,315.26,315.26,40,315.2,920,315.07,160,315.04,560,314.9,160,314.8,80,,,,,,,,,316.1,280,,,,,,,,,,,,,,,,,,
2026-02-05 09:31:26,315.68,315.8,2,315.26,40,316.1,320,316.1,315.26,315.26,40,315.2,920,315.07,160,315.04,560,314.9,160,314.8,80,,,,,,,,,316.1,320,,,,,,,,,,,,,,,,,,
2026-02-05 09:31:27,315.675,315.8,2,315.26,40,316.09,120,316.09,315.26,315.26,40,315.2,920,315.07,160,315.04,560,314.9,160,314.8,80,,,,,,,,,316.09,120,316.1,360,,,,,,,,,,,,,,,,
2026-02-05 09:31:28,315.675,315.8,2,315.26,40,316.09,120,316.09,315.26,315.26,40,315.2,920,315.07,160,315.04,560,314.9,160,314.8,80,,,,,,,,,316.09,120,316.1,360,,,,,,,,,,,,,,,,
2026-02-05 09:31:29,315.675,315.84,1,315.26,40,316.09,40,316.09,315.26,315.26,40,315.2,920,315.07,160,315.04,560,314.9,160,314.8,80,,,,,,,,,316.09,40,316.1,360,,,,,,,,,,,,,,,,
2026-02-05 09:31:30,315.685,315.84,1,315.27,80,316.1,320,316.1,315.27,315.27,80,315.26,80,315.2,920,315.07,160,315.04,560,314.9,160,314.8,80,,,,,,,316.1,320,,,,,,,,,,,,,,,,,,
2026-02-05 09:31:31,315.7,315.84,1,315.3,40,316.1,320,316.1,315.3,315.3,40,315.26,120,315.2,920,315.07,160,315.04,560,314.9,160,314.8,80,,,,,,,316.1,320,,,,,,,,,,,,,,,,,,
2026-02-05 09:31:32,315.7,315.84,1,315.3,40,316.1,320,316.1,315.3,315.3,40,315.26,120,315.2,920,315.07,160,315.04,560,314.9,160,314.8,80,,,,,,,316.1,320,,,,,,,,,,,,,,,,,,
2026-02-05 09:31:33,315.7,315.84,1,315.3,40,316.1,320,316.1,315.3,315.3,40,315.26,120,315.2,920,315.07,160,315.04,560,314.9,160,314.8,80,,,,,,,316.1,320,,,,,,,,,,,,,,,,,,
2026-02-05 09:31:34,315.695,315.84,1,315.29,40,316.1,400,316.1,315.29,315.29,40,315.28,80,315.27,40,315.26,80,315.2,920,315.07,160,315.04,560,314.9,160,314.8,80,,,316.1,400,,,,,,,,,,,,,,,,,,
2026-02-05 09:31:35,315.695,315.84,1,315.29,40,316.1,360,316.1,315.29,315.29,40,315.28,80,315.27,40,315.26,80,315.2,920,315.07,160,315.04,560,314.9,160,314.8,80,,,316.1,360,,,,,,,,,,,,,,,,,,
2026-02-05 09:31:36,315.145,315.25,1,314.89,40,315.4,200,315.4,314.89,314.89,40,314.8,80,,,,,,,,,,,,,,,,,315.4,200,315.67,40,315.8,40,316.09,120,316.1,320,,,,,,,,,,
2026-02-05 09:31:37,315.075,315.08,2,314.84,120,315.31,80,315.31,314.84,314.84,120,314.8,80,,,,,,,,,,,,,,,,,315.31,80,315.4,120,315.67,40,315.8,40,316.09,120,316.1,320,,,,,,,,
2026-02-05 09:31:38,315.075,315.08,2,314.84,120,315.31,40,315.31,314.84,314.84,120,314.8,80,,,,,,,,,,,,,,,,,315.31,40,315.4,120,315.67,40,315.8,40,316.09,120,316.1,320,,,,,,,,
2026-02-05 09:31:39,315.075,315.08,2,314.84,120,315.31,40,315.31,314.84,314.84,120,314.8,80,,,,,,,,,,,,,,,,,315.31,40,315.4,120,315.67,40,315.8,40,316.09,120,316.1,320,,,,,,,,
2026-02-05 09:31:40,315.075,315.08,2,314.84,120,315.31,80,315.31,314.84,314.84,120,314.8,80,,,,,,,,,,,,,,,,,315.31,80,315.4,120,315.67,40,315.8,40,316.09,120,316.1,320,,,,,,,,
2026-02-05 09:31:41,314.965,315.08,2,314.84,120,315.09,40,315.09,314.84,314.84,120,314.8,80,,,,,,,,,,,,,,,,,315.09,40,315.15,40,315.17,40,315.31,200,315.4,120,315.67,40,315.8,40,316.09,120,316.1,320,,
2026-02-05 09:31:42,315.075,315.08,2,314.84,120,315.31,200,315.31,314.84,314.84,120,314.8,80,,,,,,,,,,,,,,,,,315.31,200,315.4,120,315.67,40,315.8,40,316.09,120,316.1,320,,,,,,,,
2026-02-05 09:31:43,315.075,315.08,2,314.84,120,315.31,200,315.31,314.84,314.84,120,314.8,80,,,,,,,,,,,,,,,,,315.31,200,315.4,120,315.67,40,315.8,40,316.09,120,316.1,320,,,,,,,,
2026-02-05 09:31:44,314.985,315.08,2,314.84,120,315.13,200,315.13,314.84,314.84,120,314.8,80,,,,,,,,,,,,,,,,,315.13,200,315.31,200,315.4,120,315.67,40,315.8,40,316.09,120,316.1,320,,,,,,
2026-02-05 09:31:45,314.985,315.08,2,314.84,120,315.13,160,315.13,314.84,314.84,120,314.8,80,,,,,,,,,,,,,,,,,315.13,160,315.31,200,315.4,120,315.67,40,315.8,40,316.09,120,316.1,320,,,,,,
2026-02-05 09:31:46,314.835,314.85,1,314.75,80,314.92,80,314.92,314.75,314.75,80,,,,,,,,,,,,,,,,,,,314.92,80,314.97,120,314.99,120,315.13,200,315.31,200,315.4,120,315.67,40,315.8,40,316.09,120,316.1,320
2026-02-05 09:31:47,315.025,314.85,1,314.75,80,315.3,40,315.3,314.75,314.75,80,,,,,,,,,,,,,,,,,,,315.3,40,315.31,200,315.4,120,315.67,40,315.8,40,316.09,120,316.1,320,,,,,,
2026-02-05 09:31:48,315.025,314.85,1,314.75,80,315.3,40,315.3,314.75,314.75,80,,,,,,,,,,,,,,,,,,,315.3,40,315.31,200,315.4,120,315.67,40,315.8,40,316.09,120,316.1,320,,,,,,
2026-02-05 09:31:49,315.03,315.03,1,314.75,80,315.31,200,315.31,314.75,314.75,80,,,,,,,,,,,,,,,,,,,315.31,200,315.4,120,315.67,40,315.8,40,316.09,120,316.1,320,,,,,,,,
2026-02-05 09:31:50,315.03,315.03,1,314.75,80,315.31,200,315.31,314.75,314.75,80,,,,,,,,,,,,,,,,,,,315.31,200,315.4,120,315.67,40,315.8,40,316.09,120,316.1,320,,,,,,,,
2026-02-05 09:31:51,315.03,315.0,5,314.75,80,315.31,200,315.31,314.75,314.75,80,,,,,,,,,,,,,,,,,,,315.31,200,315.4,120,315.67,40,315.8,40,316.09,120,316.1,320,,,,,,,,
2026-02-05 09:31:52,315.03,315.0,5,314.75,80,315.31,200,315.31,314.75,314.75,80,,,,,,,,,,,,,,,,,,,315.31,200,315.4,120,315.67,40,315.8,40,316.09,120,316.1,320,,,,,,,,
2026-02-05 09:31:53,315.03,315.0,5,314.75,80,315.31,200,315.31,314.75,314.75,80,,,,,,,,,,,,,,,,,,,315.31,200,315.4,120,315.67,40,315.8,40,316.09,120,316.1,320,,,,,,,,
2026-02-05 09:31:54,315.03,315.0,5,314.75,80,315.31,200,315.31,314.75,314.75,80,,,,,,,,,,,,,,,,,,,315.31,200,315.4,120,315.67,40,315.8,40,316.09,120,316.1,320,,,,,,,,
2026-02-05 09:31:55,314.905,315.0,5,314.51,80,315.3,80,315.3,314.51,314.51,80,,,,,,,,,,,,,,,,,,,315.3,80,315.31,160,315.4,120,315.67,40,315.8,40,316.09,120,316.1,320,,,,,,
2026-02-05 09:31:56,314.82,315.0,5,314.51,40,315.13,40,315.13,314.51,314.51,40,,,,,,,,,,,,,,,,,,,315.13,40,315.3,80,315.31,160,315.4,120,315.67,40,315.8,40,316.09,120,316.1,320,,,,
2026-02-05 09:31:57,314.905,315.0,5,314.51,40,315.3,120,315.3,314.51,314.51,40,,,,,,,,,,,,,,,,,,,315.3,120,315.31,160,315.4,120,315.67,40,315.8,40,316.09,120,316.1,320,,,,,,
2026-02-05 09:31:58,314.77,315.0,5,314.51,40,315.03,40,315.03,314.51,314.51,40,,,,,,,,,,,,,,,,,,,315.03,40,315.3,120,315.31,160,315.4,120,315.67,40,315.8,40,316.09,120,316.1,320,,,,
2026-02-05 09:31:59,314.905,315.0,5,314.51,40,315.3,120,315.3,314.51,314.51,40,,,,,,,,,,,,,,,,,,,315.3,120,315.31,160,315.4,120,315.67,40,315.8,40,316.09,120,316.1,320,,,,,,
2026-02-05 09:32:00,314.905,315.0,5,314.51,40,315.3,200,315.3,314.51,314.51,40,,,,,,,,,,,,,,,,,,,315.3,200,315.31,160,315.4,120,315.67,40,315.8,40,316.09,120,316.1,320,,,,,,
2026-02-05 09:32:01,314.905,315.0,5,314.51,40,315.3,200,315.3,314.51,314.51,40,,,,,,,,,,,,,,,,,,,315.3,200,315.31,160,315.4,120,315.67,40,315.8,40,316.09,120,316.1,320,,,,,,
2026-02-05 09:32:02,314.7,315.0,5,314.4,80,315.0,280,315.0,314.4,314.4,80,,,,,,,,,,,,,,,,,,,315.0,280,315.3,200,315.31,160,315.4,120,315.67,40,315.8,40,316.09,120,316.1,320,,,,
2026-02-05 09:32:03,314.51,315.0,5,314.25,40,314.77,120,314.77,314.25,314.25,40,,,,,,,,,,,,,,,,,,,314.77,120,315.0,280,315.3,200,315.31,160,315.4,120,315.67,40,315.8,40,316.09,120,316.1,320,,
2026-02-05 09:32:04,314.42,314.51,1,314.25,40,314.59,80,314.59,314.25,314.25,40,,,,,,,,,,,,,,,,,,,314.59,80,314.61,80,314.65,40,314.7,40,314.75,40,314.77,120,315.0,280,315.3,200,315.31,160,315.4,120
2026-02-05 09:32:05,314.42,314.58,25,314.25,40,314.59,80,314.59,314.25,314.25,40,,,,,,,,,,,,,,,,,,,314.59,80,314.61,80,314.65,40,314.7,40,314.75,40,314.77,120,315.0,280,315.3,200,315.31,160,315.4,120
2026-02-05 09:32:06,314.42,314.54,1,314.25,40,314.59,80,314.59,314.25,314.25,40,,,,,,,,,,,,,,,,,,,314.59,80,314.61,80,314.65,40,314.7,40,314.75,40,314.77,120,315.0,280,315.3,200,315.31,160,315.4,120
2026-02-05 09:32:07,314.415,314.25,4,314.25,40,314.58,80,314.58,314.25,314.25,40,,,,,,,,,,,,,,,,,,,314.58,80,314.59,80,314.61,80,314.65,40,314.7,40,314.75,40,314.77,120,315.0,280,315.3,200,315.31,160
2026-02-05 09:32:08,314.35,314.25,4,314.12,80,314.58,160,314.58,314.12,314.12,80,,,,,,,,,,,,,,,,,,,314.58,160,314.59,80,314.61,80,314.65,40,314.7,40,314.75,40,314.77,120,315.0,280,315.3,200,315.31,160
2026-02-05 09:32:09,314.35,314.25,4,314.12,80,314.58,160,314.58,314.12,314.12,80,,,,,,,,,,,,,,,,,,,314.58,160,314.59,80,314.61,80,314.65,40,314.7,40,314.75,40,314.77,120,315.0,280,315.3,200,315.31,160
2026-02-05 09:32:10,314.35,314.25,4,314.12,40,314.58,200,314.58,314.12,314.12,40,,,,,,,,,,,,,,,,,,,314.58,200,314.59,80,314.61,80,314.65,40,314.7,40,314.75,40,314.77,120,315.0,280,315.3,200,315.31,160
2026-02-05 09:32:11,314.35,314.25,4,314.12,40,314.58,200,314.58,314.12,314.12,40,,,,,,,,,,,,,,,,,,,314.58,200,314.59,80,314.61,80,314.65,40,314.7,40,314.75,40,314.77,120,315.0,280,315.3,200,315.31,160
2026-02-05 09:32:12,314.24,314.25,4,314.12,80,314.36,240,314.36,314.12,314.12,80,,,,,,,,,,,,,,,,,,,314.36,240,314.58,200,314.59,80,314.61,80,314.65,40,314.7,40,314.75,40,314.77,120,315.0,280,315.3,200
2026-02-05 09:32:13,314.24,314.25,4,314.12,80,314.36,280,314.36,314.12,314.12,80,,,,,,,,,,,,,,,,,,,314.36,280,314.58,200,314.59,80,314.61,80,314.65,40,314.7,40,314.75,40,314.77,120,315.0,280,315.3,200
2026-02-05 09:32:14,314.24,314.25,4,314.12,40,314.36,280,314.36,314.12,314.12,40,,,,,,,,,,,,,,,,,,,314.36,280,314.58,200,314.59,80,314.61,80,314.65,40,314.7,40,314.75,40,314.77,120,315.0,280,315.3,200
2026-02-05 09:32:15,314.195,314.05,1,314.03,40,314.36,400,314.36,314.03,314.03,40,,,,,,,,,,,,,,,,,,,314.36,400,314.58,200,314.59,80,314.61,80,314.65,40,314.7,40,314.75,40,314.77,120,315.0,280,315.3,200
2026-02-05 09:32:16,314.195,314.05,1,314.03,40,314.36,400,314.36,314.03,314.03,40,,,,,,,,,,,,,,,,,,,314.36,400,314.58,200,314.59,80,314.61,80,314.65,40,314.7,40,314.75,40,314.77,120,315.0,280,315.3,200
2026-02-05 09:32:17,314.195,314.36,1,314.03,40,314.36,400,314.36,314.03,314.03,40,,,,,,,,,,,,,,,,,,,314.36,400,314.58,200,314.59,80,314.61,80,314.65,40,314.7,40,314.75,40,314.77,120,315.0,280,315.3,200
2026-02-05 09:32:18,314.195,314.16,4,314.03,40,314.36,400,314.36,314.03,314.03,40,,,,,,,,,,,,,,,,,,,314.36,400,314.58,200,314.59,80,314.61,80,314.65,40,314.7,40,314.75,40,314.77,120,315.0,280,315.3,200
2026-02-05 09:32:19,314.21,314.05,1,314.06,80,314.36,400,314.36,314.06,314.06,80,314.05,120,314.04,120,314.03,40,,,,,,,,,,,,,314.36,400,314.58,200,314.59,80,314.61,80,314.65,40,314.7,40,314.75,40,314.77,120,315.0,280,315.3,200
2026-02-05 09:32:20,314.21,314.05,1,314.06,80,314.36,400,314.36,314.06,314.06,80,314.05,80,314.04,80,314.03,40,,,,,,,,,,,,,314.36,400,314.58,200,314.59,80,314.61,80,314.65,40,314.7,40,314.75,40,314.77,120,315.0,280,315.3,200
2026-02-05 09:32:21,314.12,313.8,1,313.89,80,314.35,160,314.35,313.89,313.89,80,313.88,80,313.8,240,,,,,,,,,,,,,,,314.35,160,314.36,400,314.58,200,314.59,80,314.61,80,314.65,40,314.7,40,314.75,40,314.77,120,315.0,280
2026-02-05 09:32:22,314.12,313.8,1,313.89,80,314.35,80,314.35,313.89,313.89,80,313.88,80,313.8,240,,,,,,,,,,,,,,,314.35,80,314.36,320,314.58,200,314.59,80,314.61,80,314.65,40,314.7,40,314.75,40,314.77,120,315.0,280
2026-02-05 09:32:23,314.12,313.8,1,313.89,80,314.35,80,314.35,313.89,313.89,80,313.88,80,313.8,240,,,,,,,,,,,,,,,314.35,80,314.36,320,314.58,200,314.59,80,314.61,80,314.65,40,314.7,40,314.75,40,314.77,120,315.0,280
2026-02-05 09:32:24,314.075,314.08,3,313.8,240,314.35,80,314.35,313.8,313.8,240,,,,,,,,,,,,,,,,,,,314.35,80,314.36,320,314.58,200,314.59,80,314.61,80,314.65,40,314.7,40,314.75,40,314.77,120,315.0,280
2026-02-05 09:32:25,314.075,314.08,3,313.8,240,314.35,80,314.35,313.8,313.8,240,,,,,,,,,,,,,,,,,,,314.35,80,314.36,320,314.58,200,314.59,80,314.61,80,314.65,40,314.7,40,314.75,40,314.77,120,315.0,280
2026-02-05 09:32:26,314.075,314.08,3,313.8,200,314.35,80,314.35,313.8,313.8,200,,,,,,,,,,,,,,,,,,,314.35,80,314.36,320,314.58,200,314.59,80,314.61,80,314.65,40,314.7,40,314.75,40,314.77,120,315.0,280
2026-02-05 09:32:27,314.075,314.08,3,313.8,200,314.35,120,314.35,313.8,313.8,200,,,,,,,,,,,,,,,,,,,314.35,120,314.36,320,314.58,200,314.59,80,314.61,80,314.65,40,314.7,40,314.75,40,314.77,120,315.0,280
2026-02-05 09:32:28,313.715,313.6,1,313.54,80,313.89,120,313.89,313.54,313.54,80,,,,,,,,,,,,,,,,,,,313.89,120,314.2,120,314.22,40,314.35,160,314.36,320,314.58,200,314.59,80,314.61,80,314.65,40,314.7,40
2026-02-05 09:32:29,313.715,313.6,1,313.54,80,313.89,120,313.89,313.54,313.54,80,,,,,,,,,,,,,,,,,,,313.89,120,314.2,120,314.22,40,314.35,160,314.36,320,314.58,200,314.59,80,314.61,80,314.65,40,314.7,40
2026-02-05 09:32:30,313.715,313.71,1,313.54,80,313.89,120,313.89,313.54,313.54,80,,,,,,,,,,,,,,,,,,,313.89,120,314.2,120,314.22,40,314.35,160,314.36,320,314.58,200,314.59,80,314.61,80,314.65,40,314.7,40
2026-02-05 09:32:31,313.91,313.88,1,313.62,160,314.2,80,314.2,313.62,313.62,160,313.54,80,,,,,,,,,,,,,,,,,314.2,80,314.22,40,314.35,160,314.36,320,314.58,200,314.59,80,314.61,80,314.65,40,314.7,40,314.75,40
2026-02-05 09:32:32,313.92,313.91,1,313.64,40,314.2,120,314.2,313.64,313.64,40,313.63,80,313.62,120,313.54,80,,,,,,,,,,,,,314.2,120,314.22,40,314.35,160,314.36,320,314.58,200,314.59,80,314.61,80,314.65,40,314.7,40,314.75,40
2026-02-05 09:32:33,313.93,313.91,1,313.66,40,314.2,120,314.2,313.66,313.66,40,313.65,80,313.64,40,313.63,80,313.62,120,313.54,80,,,,,,,,,314.2,120,314.22,40,314.35,160,314.36,320,314.58,200,314.59,80,314.61,80,314.65,40,314.7,40,314.75,40
2026-02-05 09:32:34,313.93,313.91,1,313.66,80,314.2,120,314.2,313.66,313.66,80,313.65,80,313.64,40,313.63,80,313.62,120,313.54,80,,,,,,,,,314.2,120,314.22,40,314.35,160,314.36,320,314.58,200,314.59,80,314.61,80,314.65,40,314.7,40,314.75,40
2026-02-05 09:32:35,313.93,313.91,1,313.66,80,314.2,120,314.2,313.66,313.66,80,313.65,80,313.64,40,313.63,80,313.62,120,313.54,80,,,,,,,,,314.2,120,314.22,40,314.35,160,314.36,320,314.58,200,314.59,80,314.61,80,314.65,40,314.7,40,314.75,40
2026-02-05 09:32:36,313.93,313.91,1,313.66,80,314.2,200,314.2,313.66,313.66,80,313.65,80,313.64,40,313.63,80,313.62,120,313.54,80,,,,,,,,,314.2,200,314.22,40,314.35,160,314.36,320,314.58,200,314.59,80,314.61,80,314.65,40,314.7,40,314.75,40
2026-02-05 09:32:37,313.93,313.93,1,313.66,80,314.2,200,314.2,313.66,313.66,80,313.65,80,313.64,40,313.63,80,313.62,120,313.54,80,,,,,,,,,314.2,200,314.22,40,314.35,160,314.36,320,314.58,200,314.59,80,314.61,80,314.65,40,314.7,40,314.75,40
2026-02-05 09:32:38,313.93,313.93,2,313.66,80,314.2,120,314.2,313.66,313.66,80,313.65,80,313.64,40,313.63,80,313.62,120,313.54,80,,,,,,,,,314.2,120,314.22,40,314.35,160,314.36,320,314.58,200,314.59,80,314.61,80,314.65,40,314.7,40,314.75,40
2026-02-05 09:32:39,313.93,313.93,2,313.66,80,314.2,120,314.2,313.66,313.66,80,313.65,80,313.64,40,313.63,80,313.62,120,313.54,80,,,,,,,,,314.2,120,314.22,40,314.35,160,314.36,320,314.58,200,314.59,80,314.61,80,314.65,40,314.7,40,314.75,40
2026-02-05 09:32:40,313.93,313.66,2,313.66,80,314.2,120,314.2,313.66,313.66,80,313.65,80,313.64,40,313.63,80,313.62,120,313.54,80,,,,,,,,,314.2,120,314.22,40,314.35,160,314.36,320,314.58,200,314.59,80,314.61,80,314.65,40,314.7,40,314.75,40
2026-02-05 09:32:41,313.93,313.66,2,313.66,80,314.2,120,314.2,313.66,313.66,80,313.65,80,313.64,40,313.63,80,313.62,120,313.54,80,,,,,,,,,314.2,120,314.22,40,314.35,160,314.36,320,314.58,200,314.59,80,314.61,80,314.65,40,314.7,40,314.75,40
2026-02-05 09:32:42,313.935,313.66,2,313.67,80,314.2,120,314.2,313.67,313.67,80,313.66,40,313.65,80,313.64,40,313.63,80,313.62,120,313.54,80,,,,,,,314.2,120,314.22,40,314.35,160,314.36,320,314.58,200,314.59,80,314.61,80,314.65,40,314.7,40,314.75,40
2026-02-05 09:32:43,313.95,313.66,2,313.7,80,314.2,120,314.2,313.7,313.7,80,313.69,80,313.68,80,313.67,80,313.66,40,313.65,80,313.64,40,313.63,80,313.62,120,313.54,80,314.2,120,314.22,40,314.35,160,314.36,320,314.58,200,314.59,80,314.61,80,314.65,40,314.7,40,314.75,40
2026-02-05 09:32:44,313.95,313.66,2,313.7,80,314.2,120,314.2,313.7,313.7,80,313.69,80,313.68,80,313.67,80,313.66,40,313.65,80,313.64,40,313.63,80,313.62,120,313.54,80,314.2,120,314.22,40,314.35,160,314.36,320,314.58,200,314.59,80,314.61,80,314.65,40,314.7,40,314.75,40
2026-02-05 09:32:45,313.91,313.66,2,313.62,160,314.2,80,314.2,313.62,313.62,160,313.54,80,,,,,,,,,,,,,,,,,314.2,80,314.22,40,314.35,160,314.36,320,314.58,200,314.59,80,314.61,80,314.65,40,314.7,40,314.75,40
2026-02-05 09:32:46,313.91,313.62,3,313.62,160,314.2,80,314.2,313.62,313.62,160,313.54,80,,,,,,,,,,,,,,,,,314.2,80,314.22,40,314.35,160,314.36,320,314.58,200,314.59,80,314.61,80,314.65,40,314.7,40,314.75,40
2026-02-05 09:32:47,313.37,313.07,2,313.07,200,313.67,40,313.67,313.07,313.07,200,,,,,,,,,,,,,,,,,,,313.67,40,314.0,80,314.06,80,314.08,120,314.2,160,314.22,40,314.35,160,314.36,320,314.58,200,314.59,80
2026-02-05 09:32:48,313.285,313.07,2,313.07,40,313.5,40,313.5,313.07,313.07,40,,,,,,,,,,,,,,,,,,,313.5,40,313.67,40,314.0,80,314.06,80,314.08,120,314.2,160,314.22,40,314.35,160,314.36,320,314.58,200
2026-02-05 09:32:49,313.335,313.07,9,313.17,80,313.5,40,313.5,313.17,313.17,80,313.07,40,,,,,,,,,,,,,,,,,313.5,40,313.67,40,314.0,80,314.06,80,314.08,120,314.2,160,314.22,40,314.35,160,314.36,320,314.58,200
2026-02-05 09:32:50,313.26,313.17,1,313.02,120,313.5,40,313.5,313.02,313.02,120,,,,,,,,,,,,,,,,,,,313.5,40,313.67,40,314.0,80,314.06,80,314.08,120,314.2,160,314.22,40,314.35,160,314.36,320,314.58,200
2026-02-05 09:32:51,313.26,313.17,1,313.02,120,313.5,40,313.5,313.02,313.02,120,,,,,,,,,,,,,,,,,,,313.5,40,313.67,40,314.0,80,314.06,80,314.08,120,314.2,160,314.22,40,314.35,160,314.36,320,314.58,200
2026-02-05 09:32:52,313.26,313.17,1,313.02,120,313.5,80,313.5,313.02,313.02,120,,,,,,,,,,,,,,,,,,,313.5,80,313.67,40,314.0,80,314.06,80,314.08,120,314.2,160,314.22,40,314.35,160,314.36,320,314.58,200
2026-02-05 09:32:53,313.26,313.17,1,313.02,120,313.5,120,313.5,313.02,313.02,120,,,,,,,,,,,,,,,,,,,313.5,120,313.67,40,314.0,80,314.06,80,314.08,120,314.2,160,314.22,40,314.35,160,314.36,320,314.58,200
2026-02-05 09:32:54,313.26,313.17,1,313.02,120,313.5,120,313.5,313.02,313.02,120,,,,,,,,,,,,,,,,,,,313.5,120,313.67,40,314.0,80,314.06,80,314.08,120,314.2,160,314.22,40,314.35,160,314.36,320,314.58,200
2026-02-05 09:32:55,313.26,313.17,1,313.02,400,313.5,120,313.5,313.02,313.02,400,,,,,,,,,,,,,,,,,,,313.5,120,313.67,40,314.0,80,314.06,80,314.08,120,314.2,160,314.22,40,314.35,160,314.36,320,314.58,200
2026-02-05 09:32:56,313.08,313.0,1,312.9,80,313.26,80,313.26,312.9,312.9,80,312.73,80,312.6,520,,,,,,,,,,,,,,,313.26,80,313.39,80,313.5,160,313.67,40,314.0,80,314.06,80,314.08,120,314.2,160,314.22,40,314.35,160
2026-02-05 09:32:57,313.03,313.0,1,312.8,80,313.26,120,313.26,312.8,312.8,80,312.6,40,312.57,40,,,,,,,,,,,,,,,313.26,120,313.39,80,313.5,160,313.67,40,314.0,80,314.06,80,314.08,120,314.2,160,314.22,40,314.35,160
2026-02-05 09:32:58,313.035,312.81,1,312.81,160,313.26,200,313.26,312.81,312.81,160,312.8,80,312.6,40,312.57,40,,,,,,,,,,,,,313.26,200,313.39,80,313.5,160,313.67,40,314.0,80,314.06,80,314.08,120,314.2,160,314.22,40,314.35,160
2026-02-05 09:32:59,313.035,312.81,1,312.81,160,313.26,200,313.26,312.81,312.81,160,312.8,80,312.6,40,312.57,40,,,,,,,,,,,,,313.26,200,313.39,80,313.5,160,313.67,40,314.0,80,314.06,80,314.08,120,314.2,160,314.22,40,314.35,160
2026-02-05 09:33:00,313.035,313.26,1,312.81,160,313.26,200,313.26,312.81,312.81,160,312.8,80,312.6,40,312.57,40,,,,,,,,,,,,,313.26,200,313.39,80,313.5,160,313.67,40,314.0,80,314.06,80,314.08,120,314.2,160,314.22,40,314.35,160
2026-02-05 09:33:01,313.035,313.26,1,312.81,160,313.26,200,313.26,312.81,312.81,160,312.8,80,312.6,40,312.57,40,,,,,,,,,,,,,313.26,200,313.39,80,313.5,160,313.67,40,314.0,80,314.06,80,314.08,120,314.2,160,314.22,40,314.35,160
2026-02-05 09:33:02,313.04,312.96,1,312.82,80,313.26,200,313.26,312.82,312.82,80,312.81,240,312.8,80,312.6,40,312.57,40,,,,,,,,,,,313.26,200,313.39,80,313.5,160,313.67,40,314.0,80,314.06,80,314.08,120,314.2,160,314.22,40,314.35,160
2026-02-05 09:33:03,312.93,312.79,1,312.75,120,313.11,960,313.11,312.75,312.75,120,312.6,40,312.57,40,,,,,,,,,,,,,,,313.11,960,313.26,200,313.39,80,313.5,160,313.67,40,314.0,80,314.06,80,314.08,120,314.2,160,314.22,40
2026-02-05 09:33:04,312.93,312.79,1,312.75,120,313.11,960,313.11,312.75,312.75,120,312.6,40,312.57,40,,,,,,,,,,,,,,,313.11,960,313.26,200,313.39,80,313.5,160,313.67,40,314.0,80,314.06,80,314.08,120,314.2,160,314.22,40
2026-02-05 09:33:05,312.205,311.85,37,311.88,80,312.53,40,312.53,311.88,311.88,80,311.85,80,311.84,320,,,,,,,,,,,,,,,312.53,40,312.65,80,312.91,40,312.92,80,313.02,40,313.08,40,313.11,960,313.26,200,313.39,80,313.5,160
2026-02-05 09:33:06,312.215,311.85,37,311.9,80,312.53,40,312.53,311.9,311.9,80,311.88,80,311.85,80,311.84,320,,,,,,,,,,,,,312.53,40,312.65,80,312.91,40,312.92,80,313.02,40,313.08,40,313.11,960,313.26,200,313.39,80,313.5,160
2026-02-05 09:33:07,312.04,311.88,1,311.7,120,312.38,120,312.38,311.7,311.7,120,,,,,,,,,,,,,,,,,,,312.38,120,312.4,40,312.51,40,312.52,40,312.53,40,312.65,80,312.91,40,312.92,80,313.02,40,313.08,40
2026-02-05 09:33:08,312.035,311.88,1,311.7,120,312.37,40,312.37,311.7,311.7,120,,,,,,,,,,,,,,,,,,,312.37,40,312.38,120,312.4,40,312.51,40,312.52,40,312.53,40,312.65,80,312.91,40,312.92,80,313.02,40
2026-02-05 09:33:09,312.04,311.85,1,311.7,120,312.38,120,312.38,311.7,311.7,120,,,,,,,,,,,,,,,,,,,312.38,120,312.4,40,312.51,40,312.52,40,312.53,40,312.65,80,312.91,40,312.92,80,313.02,40,313.08,40
2026-02-05 09:33:10,312.04,311.85,1,311.7,200,312.38,120,312.38,311.7,311.7,200,,,,,,,,,,,,,,,,,,,312.38,120,312.4,40,312.51,40,312.52,40,312.53,40,312.65,80,312.91,40,312.92,80,313.02,40,313.08,40
2026-02-05 09:33:11,312.045,311.85,1,311.71,120,312.38,120,312.38,311.71,311.71,120,311.7,320,,,,,,,,,,,,,,,,,312.38,120,312.4,40,312.51,40,312.52,40,312.53,40,312.65,80,312.91,40,312.92,80,313.02,40,313.08,40
2026-02-05 09:33:12,312.045,311.85,1,311.71,120,312.38,120,312.38,311.71,311.71,120,311.7,320,,,,,,,,,,,,,,,,,312.38,120,312.4,40,312.51,40,312.52,40,312.53,40,312.65,80,312.91,40,312.92,80,313.02,40,313.08,40
2026-02-05 09:33:13,312.045,311.85,1,311.71,120,312.38,200,312.38,311.71,311.71,120,311.7,320,,,,,,,,,,,,,,,,,312.38,200,312.4,40,312.51,40,312.52,40,312.53,40,312.65,80,312.91,40,312.92,80,313.02,40,313.08,40
2026-02-05 09:33:14,312.045,311.85,1,311.71,120,312.38,200,312.38,311.71,311.71,120,311.7,320,,,,,,,,,,,,,,,,,312.38,200,312.4,40,312.51,40,312.52,40,312.53,40,312.65,80,312.91,40,312.92,80,313.02,40,313.08,40
2026-02-05 09:33:15,312.045,311.85,1,311.71,120,312.38,200,312.38,311.71,311.71,120,311.7,320,,,,,,,,,,,,,,,,,312.38,200,312.4,40,312.51,40,312.52,40,312.53,40,312.65,80,312.91,40,312.92,80,313.02,40,313.08,40
2026-02-05 09:33:16,312.09,311.85,1,311.8,40,312.38,320,312.38,311.8,311.8,40,311.79,80,311.78,40,311.77,120,311.76,40,311.75,120,311.71,80,311.7,320,,,,,312.38,320,312.4,40,312.51,40,312.52,40,312.53,40,312.65,80,312.91,40,312.92,80,313.02,40,313.08,40
2026-02-05 09:33:17,312.405,312.41,1,312.28,120,312.53,160,312.53,312.28,312.28,120,311.86,80,311.85,240,311.8,40,311.79,80,311.78,40,311.77,120,311.76,40,311.75,120,311.71,80,312.53,160,312.65,80,312.91,40,312.92,80,313.02,40,313.08,40,313.11,960,313.26,200,313.39,80,313.5,160
2026-02-05 09:33:18,312.41,312.41,1,312.29,40,312.53,120,312.53,312.29,312.29,40,312.28,120,311.86,80,311.85,240,311.8,40,311.79,80,311.78,40,311.77,120,311.76,40,311.75,120,312.53,120,312.65,80,312.91,40,312.92,80,313.02,40,313.08,40,313.11,960,313.26,200,313.39,80,313.5,160
2026-02-05 09:33:19,312.135,312.41,1,311.86,80,312.41,120,312.41,311.86,311.86,80,311.85,240,311.8,40,311.79,80,311.78,40,311.77,120,311.76,40,311.75,120,311.71,80,311.7,320,312.41,120,312.53,120,312.65,80,312.91,40,312.92,80,313.02,40,313.08,40,313.11,960,313.26,200,313.39,80
2026-02-05 09:33:20,312.425,312.58,2,312.26,120,312.59,40,312.59,312.26,312.26,120,311.85,280,311.8,40,311.79,80,311.78,40,311.77,120,311.76,40,311.75,120,311.71,80,311.7,320,312.59,40,312.65,80,312.91,40,312.92,80,313.02,40,313.08,40,313.11,960,313.26,200,313.39,80,313.5,160
2026-02-05 09:33:21,312.425,312.58,2,312.26,120,312.59,40,312.59,312.26,312.26,120,311.85,280,311.8,40,311.79,80,311.78,40,311.77,120,311.76,40,311.75,120,311.71,80,311.7,320,312.59,40,312.65,80,312.91,40,312.92,80,313.02,40,313.08,40,313.11,960,313.26,200,313.39,80,313.5,160
2026-02-05 09:33:22,312.22,312.58,2,311.85,240,312.59,80,312.59,311.85,311.85,240,311.8,40,311.79,80,311.78,40,311.77,120,311.76,40,311.75,120,311.71,80,311.7,320,,,312.59,80,312.65,80,312.91,40,312.92,80,313.02,40,313.08,40,313.11,960,313.26,200,313.39,80,313.5,160
2026-02-05 09:33:23,312.22,312.58,2,311.85,280,312.59,80,312.59,311.85,311.85,280,311.8,40,311.79,80,311.78,40,311.77,120,311.76,40,311.75,120,311.71,80,311.7,320,,,312.59,80,312.65,80,312.91,40,312.92,80,313.02,40,313.08,40,313.11,960,313.26,200,313.39,80,313.5,160
2026-02-05 09:33:24,312.22,312.58,2,311.85,280,312.59,80,312.59,311.85,311.85,280,311.8,40,311.79,80,311.78,40,311.77,120,311.76,40,311.75,120,311.71,80,311.7,320,,,312.59,80,312.65,80,312.91,40,312.92,80,313.02,40,313.08,40,313.11,960,313.26,200,313.39,80,313.5,160
2026-02-05 09:33:25,312.71,312.6,1,312.59,200,312.83,40,312.83,312.59,312.59,200,312.44,40,311.93,80,311.85,240,311.8,40,311.79,80,311.78,40,311.77,120,311.76,40,311.75,120,312.83,40,312.91,40,312.92,80,313.02,40,313.08,40,313.11,960,313.26,200,313.39,80,313.5,160,313.67,40
2026-02-05 09:33:26,312.435,312.6,1,312.04,40,312.83,40,312.83,312.04,312.04,40,311.93,80,311.85,240,311.8,40,311.79,80,311.78,40,311.77,120,311.76,40,311.75,120,311.71,80,312.83,40,312.91,40,312.92,80,313.02,40,313.08,40,313.11,960,313.26,200,313.39,80,313.5,160,313.67,40
2026-02-05 09:33:27,312.375,312.6,1,312.04,80,312.71,40,312.71,312.04,312.04,80,311.93,240,311.85,240,311.8,40,311.79,80,311.78,40,311.77,120,311.76,40,311.75,120,311.71,80,312.71,40,312.83,40,312.91,40,312.92,80,313.02,40,313.08,40,313.11,960,313.26,200,313.39,80,313.5,160
2026-02-05 09:33:28,312.375,312.6,1,312.04,80,312.71,40,312.71,312.04,312.04,80,311.93,240,311.85,240,311.8,40,311.79,80,311.78,40,311.77,120,311.76,40,311.75,120,311.71,80,312.71,40,312.83,40,312.91,40,312.92,80,313.02,40,313.08,40,313.11,960,313.26,200,313.39,80,313.5,160
2026-02-05 09:33:29,312.395,312.6,1,312.08,40,312.71,120,312.71,312.08,312.08,40,312.04,80,311.93,240,311.85,240,311.8,40,311.79,80,311.78,40,311.77,120,311.76,40,311.75,120,312.71,120,312.83,40,312.91,40,312.92,80,313.02,40,313.08,40,313.11,960,313.26,200,313.39,80,313.5,160
2026-02-05 09:33:30,312.395,312.6,1,312.08,80,312.71,120,312.71,312.08,312.08,80,312.04,80,311.93,240,311.85,240,311.8,40,311.79,80,311.78,40,311.77,120,311.76,40,311.75,120,312.71,120,312.83,40,312.91,40,312.92,80,313.02,40,313.08,40,313.11,960,313.26,200,313.39,80,313.5,160
2026-02-05 09:33:31,312.395,312.6,1,312.08,80,312.71,120,312.71,312.08,312.08,80,312.04,80,311.93,240,311.85,240,311.8,40,311.79,80,311.78,40,311.77,120,311.76,40,311.75,120,312.71,120,312.83,40,312.91,40,312.92,80,313.02,40,313.08,40,313.11,960,313.26,200,313.39,80,313.5,160
2026-02-05 09:33:32,312.39,312.6,1,312.08,80,312.7,320,312.7,312.08,312.08,80,312.04,80,311.93,240,311.85,240,311.8,40,311.79,80,311.78,40,311.77,120,311.76,40,311.75,120,312.7,320,312.71,120,312.83,40,312.91,40,312.92,80,313.02,40,313.08,40,313.11,960,313.26,200,313.39,80
2026-02-05 09:33:33,312.39,312.08,1,312.08,80,312.7,320,312.7,312.08,312.08,80,312.04,80,311.93,240,311.85,240,311.8,40,311.79,80,311.78,40,311.77,120,311.76,40,311.75,120,312.7,320,312.71,120,312.83,40,312.91,40,312.92,80,313.02,40,313.08,40,313.11,960,313.26,200,313.39,80
2026-02-05 09:33:34,312.41,312.44,1,312.12,40,312.7,360,312.7,312.12,312.12,40,312.08,40,312.04,80,311.93,240,311.85,240,311.8,40,311.79,80,311.78,40,311.77,120,311.76,40,312.7,360,312.71,120,312.83,40,312.91,40,312.92,80,313.02,40,313.08,40,313.11,960,313.26,200,313.39,80
2026-02-05 09:33:35,312.41,312.44,1,312.12,80,312.7,360,312.7,312.12,312.12,80,312.08,40,312.04,80,311.93,240,311.85,240,311.8,40,311.79,80,311.78,40,311.77,120,311.76,40,312.7,360,312.71,120,312.83,40,312.91,40,312.92,80,313.02,40,313.08,40,313.11,960,313.26,200,313.39,80
2026-02-05 09:33:36,312.41,312.44,1,312.12,80,312.7,360,312.7,312.12,312.12,80,312.08,40,312.04,80,311.93,240,311.85,240,311.8,40,311.79,80,311.78,40,311.77,120,311.76,40,312.7,360,312.71,120,312.83,40,312.91,40,312.92,80,313.02,40,313.08,40,313.11,960,313.26,200,313.39,80
2026-02-05 09:33:37,312.41,312.44,1,312.12,80,312.7,120,312.7,312.12,312.12,80,312.08,40,312.04,80,311.93,240,311.85,240,311.8,40,311.79,80,311.78,40,311.77,120,311.76,40,312.7,120,312.71,120,312.83,40,312.91,40,312.92,80,313.02,40,313.08,40,313.11,960,313.26,200,313.39,80
2026-02-05 09:33:38,312.41,312.44,1,312.12,80,312.7,120,312.7,312.12,312.12,80,312.08,40,312.04,80,311.93,240,311.85,240,311.8,40,311.79,80,311.78,40,311.77,120,311.76,40,312.7,120,312.71,120,312.83,40,312.91,40,312.92,80,313.02,40,313.08,40,313.11,960,313.26,200,313.39,80
2026-02-05 09:33:39,312.41,312.44,1,312.12,80,312.7,120,312.7,312.12,312.12,80,312.08,40,312.04,80,311.93,240,311.85,240,311.8,40,311.79,80,311.78,40,311.77,120,311.76,40,312.7,120,312.71,120,312.83,40,312.91,40,312.92,80,313.02,40,313.08,40,313.11,960,313.26,200,313.39,80
2026-02-05 09:33:40,312.325,312.44,1,312.12,40,312.53,80,312.53,312.12,312.12,40,312.08,40,312.04,80,311.93,240,311.85,240,311.8,40,311.79,80,311.78,40,311.77,120,311.76,40,312.53,80,312.7,200,312.71,120,312.83,40,312.91,40,312.92,80,313.02,40,313.08,40,313.11,960,313.26,200
2026-02-05 09:33:41,312.325,312.44,1,312.12,40,312.53,80,312.53,312.12,312.12,40,312.08,40,312.04,80,311.93,240,311.85,240,311.8,40,311.79,80,311.78,40,311.77,120,311.76,40,312.53,80,312.7,200,312.71,120,312.83,40,312.91,40,312.92,80,313.02,40,313.08,40,313.11,960,313.26,200
2026-02-05 09:33:42,312.325,312.44,1,312.12,40,312.53,80,312.53,312.12,312.12,40,312.08,40,312.04,80,311.93,240,311.85,240,311.8,40,311.79,80,311.78,40,311.77,120,311.76,40,312.53,80,312.7,200,312.71,120,312.83,40,312.91,40,312.92,80,313.02,40,313.08,40,313.11,960,313.26,200
2026-02-05 09:33:43,312.225,312.13,1,312.04,40,312.41,80,312.41,312.04,312.04,40,311.85,240,311.8,40,311.79,80,311.78,40,311.77,120,311.76,40,311.75,120,311.71,80,311.7,320,312.41,80,312.53,80,312.7,200,312.71,120,312.83,40,312.91,40,312.92,80,313.02,40,313.08,40,313.11,960
2026-02-05 09:33:44,312.21,312.13,1,312.01,40,312.41,80,312.41,312.01,312.01,40,311.85,240,311.8,40,311.79,80,311.78,40,311.77,120,311.76,40,311.75,120,311.71,80,311.7,320,312.41,80,312.53,80,312.7,200,312.71,120,312.83,40,312.91,40,312.92,80,313.02,40,313.08,40,313.11,960
2026-02-05 09:33:45,312.21,312.13,1,312.01,40,312.41,80,312.41,312.01,312.01,40,311.85,240,311.8,40,311.79,80,311.78,40,311.77,120,311.76,40,311.75,120,311.71,80,311.7,320,312.41,80,312.53,80,312.7,200,312.71,120,312.83,40,312.91,40,312.92,80,313.02,40,313.08,40,313.11,960
2026-02-05 09:33:46,312.21,312.13,1,312.01,40,312.41,80,312.41,312.01,312.01,40,311.85,240,311.8,40,311.79,80,311.78,40,311.77,120,311.76,40,311.75,120,311.71,80,311.7,320,312.41,80,312.53,80,312.7,200,312.71,120,312.83,40,312.91,40,312.92,80,313.02,40,313.08,40,313.11,960
2026-02-05 09:33:47,312.21,312.13,1,312.01,40,312.41,80,312.41,312.01,312.01,40,311.85,240,311.8,40,311.79,80,311.78,40,311.77,120,311.76,40,311.75,120,311.71,80,311.7,320,312.41,80,312.53,80,312.7,200,312.71,120,312.83,40,312.91,40,312.92,80,313.02,40,313.08,40,313.11,960
2026-02-05 09:33:48,312.21,312.19,1,312.01,40,312.41,80,312.41,312.01,312.01,40,311.85,240,311.8,40,311.79,80,311.78,40,311.77,120,311.76,40,311.75,120,311.71,80,311.7,320,312.41,80,312.53,80,312.7,200,312.71,120,312.83,40,312.91,40,312.92,80,313.02,40,313.08,40,313.11,960
2026-02-05 09:33:49,312.07,312.01,11,311.94,40,312.2,120,312.2,311.94,311.94,40,311.85,240,311.8,40,311.79,80,311.78,40,311.77,120,311.76,40,311.75,120,311.71,80,311.7,320,312.2,120,312.4,40,312.41,80,312.53,80,312.7,200,312.71,120,312.83,40,312.91,40,312.92,80,313.02,40
2026-02-05 09:33:50,312.075,312.17,1,311.96,40,312.19,240,312.19,311.96,311.96,40,311.89,40,311.85,240,311.8,40,311.79,80,311.78,40,311.77,120,311.76,40,311.75,120,311.71,80,312.19,240,312.2,120,312.4,40,312.41,80,312.53,80,312.7,200,312.71,120,312.83,40,312.91,40,312.92,80
2026-02-05 09:33:51,311.875,311.88,1,311.7,400,312.05,200,312.05,311.7,311.7,400,,,,,,,,,,,,,,,,,,,312.05,200,312.19,240,312.2,120,312.4,40,312.41,80,312.53,80,312.7,200,312.71,120,312.83,40,312.91,40
2026-02-05 09:33:52,311.88,311.88,1,311.71,80,312.05,200,312.05,311.71,311.71,80,311.7,400,,,,,,,,,,,,,,,,,312.05,200,312.19,240,312.2,120,312.4,40,312.41,80,312.53,80,312.7,200,312.71,120,312.83,40,312.91,40
2026-02-05 09:33:53,311.88,311.88,1,311.71,80,312.05,200,312.05,311.71,311.71,80,311.7,400,,,,,,,,,,,,,,,,,312.05,200,312.19,240,312.2,120,312.4,40,312.41,80,312.53,80,312.7,200,312.71,120,312.83,40,312.91,40
2026-02-05 09:33:54,311.88,311.88,1,311.71,80,312.05,200,312.05,311.71,311.71,80,311.7,400,,,,,,,,,,,,,,,,,312.05,200,312.19,240,312.2,120,312.4,40,312.41,80,312.53,80,312.7,200,312.71,120,312.83,40,312.91,40
2026-02-05 09:33:55,311.88,311.88,1,311.71,80,312.05,320,312.05,311.71,311.71,80,311.7,400,,,,,,,,,,,,,,,,,312.05,320,312.19,240,312.2,120,312.4,40,312.41,80,312.53,80,312.7,200,312.71,120,312.83,40,312.91,40
2026-02-05 09:33:56,311.88,311.88,1,311.71,80,312.05,320,312.05,311.71,311.71,80,311.7,400,,,,,,,,,,,,,,,,,312.05,320,312.19,240,312.2,120,312.4,40,312.41,80,312.53,80,312.7,200,312.71,120,312.83,40,312.91,40
2026-02-05 09:33:57,311.86,311.88,1,311.71,200,312.01,200,312.01,311.71,311.71,200,311.7,400,,,,,,,,,,,,,,,,,312.01,200,312.05,320,312.19,240,312.2,120,312.4,40,312.41,80,312.53,80,312.7,200,312.71,120,312.83,40
2026-02-05 09:33:58,311.86,311.71,1,311.71,200,312.01,200,312.01,311.71,311.71,200,311.7,400,,,,,,,,,,,,,,,,,312.01,200,312.05,320,312.19,240,312.2,120,312.4,40,312.41,80,312.53,80,312.7,200,312.71,120,312.83,40
2026-02-05 09:33:59,311.895,311.85,1,311.78,80,312.01,200,312.01,311.78,311.78,80,311.71,200,311.7,400,,,,,,,,,,,,,,,312.01,200,312.05,320,312.19,240,312.2,120,312.4,40,312.41,80,312.53,80,312.7,200,312.71,120,312.83,40
2026-02-05 09:34:00,311.905,311.84,1,311.8,80,312.01,200,312.01,311.8,311.8,80,311.71,200,311.7,400,,,,,,,,,,,,,,,312.01,200,312.05,320,312.19,240,312.2,120,312.4,40,312.41,80,312.53,80,312.7,200,312.71,120,312.83,40
2026-02-05 09:34:01,311.86,311.78,1,311.71,200,312.01,320,312.01,311.71,311.71,200,311.7,400,,,,,,,,,,,,,,,,,312.01,320,312.05,320,312.19,240,312.2,120,312.4,40,312.41,80,312.53,80,312.7,200,312.71,120,312.83,40
2026-02-05 09:34:02,311.75,311.64,2,311.5,80,312.0,80,312.0,311.5,311.5,80,,,,,,,,,,,,,,,,,,,312.0,80,312.01,320,312.05,320,312.19,240,312.2,120,312.4,40,312.41,80,312.53,80,312.7,200,312.71,120
2026-02-05 09:34:03,311.75,311.64,2,311.5,80,312.0,120,312.0,311.5,311.5,80,,,,,,,,,,,,,,,,,,,312.0,120,312.01,320,312.05,320,312.19,240,312.2,120,312.4,40,312.41,80,312.53,80,312.7,200,312.71,120
2026-02-05 09:34:04,311.755,311.64,2,311.5,80,312.01,360,312.01,311.5,311.5,80,,,,,,,,,,,,,,,,,,,312.01,360,312.05,320,312.19,240,312.2,120,312.4,40,312.41,80,312.53,80,312.7,200,312.71,120,312.83,40
2026-02-05 09:34:05,311.68,311.45,1,311.45,120,311.91,3200,311.91,311.45,311.45,120,,,,,,,,,,,,,,,,,,,311.91,3200,312.0,80,312.01,360,312.05,320,312.19,240,312.2,120,312.4,40,312.41,80,312.53,80,312.7,200
2026-02-05 09:34:06,311.675,311.48,1,311.45,200,311.9,120,311.9,311.45,311.45,200,,,,,,,,,,,,,,,,,,,311.9,120,311.91,3160,312.0,80,312.01,360,312.05,320,312.19,240,312.2,120,312.4,40,312.41,80,312.53,80
2026-02-05 09:34:07,311.59,311.48,1,311.45,200,311.73,80,311.73,311.45,311.45,200,,,,,,,,,,,,,,,,,,,311.73,80,311.77,160,311.9,120,311.91,3160,312.0,80,312.01,360,312.05,320,312.19,240,312.2,120,312.4,40
2026-02-05 09:34:08,311.49,311.48,1,311.38,1000,311.6,120,311.6,311.38,311.38,1000,,,,,,,,,,,,,,,,,,,311.6,120,311.73,80,311.77,160,311.9,120,311.91,3160,312.0,80,312.01,360,312.05,320,312.19,240,312.2,120
2026-02-05 09:34:09,311.51,311.51,2,311.38,1000,311.64,120,311.64,311.38,311.38,1000,,,,,,,,,,,,,,,,,,,311.64,120,311.73,80,311.77,160,311.9,120,311.91,3160,312.0,80,312.01,360,312.05,320,312.19,240,312.2,120
2026-02-05 09:34:10,311.53,311.51,2,311.38,880,311.68,40,311.68,311.38,311.38,880,,,,,,,,,,,,,,,,,,,311.68,40,311.69,40,311.73,80,311.77,160,311.9,120,311.91,3160,312.0,80,312.01,360,312.05,320,312.19,240
2026-02-05 09:34:11,311.375,311.38,2,311.21,80,311.54,240,311.54,311.21,311.21,80,,,,,,,,,,,,,,,,,,,311.54,240,311.68,40,311.69,40,311.73,80,311.77,160,311.9,120,311.91,3160,312.0,80,312.01,360,312.05,320
2026-02-05 09:34:12,311.375,311.38,2,311.21,80,311.54,320,311.54,311.21,311.21,80,,,,,,,,,,,,,,,,,,,311.54,320,311.68,40,311.69,40,311.73,80,311.77,160,311.9,120,311.91,3160,312.0,80,312.01,360,312.05,320
2026-02-05 09:34:13,311.375,311.38,2,311.21,80,311.54,320,311.54,311.21,311.21,80,,,,,,,,,,,,,,,,,,,311.54,320,311.68,40,311.69,40,311.73,80,311.77,160,311.9,120,311.91,3160,312.0,80,312.01,360,312.05,320
2026-02-05 09:34:14,311.375,311.38,2,311.21,80,311.54,320,311.54,311.21,311.21,80,,,,,,,,,,,,,,,,,,,311.54,320,311.68,40,311.69,40,311.73,80,311.77,160,311.9,120,311.91,3160,312.0,80,312.01,360,312.05,320
2026-02-05 09:34:15,311.375,311.38,2,311.21,80,311.54,320,311.54,311.21,311.21,80,,,,,,,,,,,,,,,,,,,311.54,320,311.68,40,311.69,40,311.73,80,311.77,160,311.9,120,311.91,3160,312.0,80,312.01,360,312.05,320
2026-02-05 09:34:16,311.375,311.38,2,311.21,80,311.54,320,311.54,311.21,311.21,80,,,,,,,,,,,,,,,,,,,311.54,320,311.68,40,311.69,40,311.73,80,311.77,160,311.9,120,311.91,3160,312.0,80,312.01,360,312.05,320
2026-02-05 09:34:17,311.375,311.38,1,311.21,80,311.54,320,311.54,311.21,311.21,80,,,,,,,,,,,,,,,,,,,311.54,320,311.68,40,311.69,40,311.73,80,311.77,160,311.9,120,311.91,3160,312.0,80,312.01,360,312.05,320
2026-02-05 09:34:18,311.395,311.38,1,311.21,80,311.58,120,311.58,311.21,311.21,80,,,,,,,,,,,,,,,,,,,311.58,120,311.59,240,311.68,40,311.69,40,311.73,80,311.77,160,311.9,120,311.91,3160,312.0,80,312.01,360
2026-02-05 09:34:19,311.36,311.25,3,311.21,80,311.51,160,311.51,311.21,311.21,80,,,,,,,,,,,,,,,,,,,311.51,160,311.52,80,311.54,120,311.55,120,311.56,120,311.57,120,311.59,480,311.68,40,311.69,40,311.73,80
2026-02-05 09:34:20,311.33,311.25,3,311.21,80,311.45,120,311.45,311.21,311.21,80,,,,,,,,,,,,,,,,,,,311.45,120,311.46,40,311.47,160,311.48,160,311.49,160,311.5,160,311.51,160,311.52,80,311.54,120,311.55,120
2026-02-05 09:34:21,311.36,311.37,1,311.21,80,311.51,160,311.51,311.21,311.21,80,,,,,,,,,,,,,,,,,,,311.51,160,311.52,80,311.54,120,311.55,120,311.56,120,311.57,120,311.59,480,311.68,40,311.69,40,311.73,80
2026-02-05 09:34:22,311.36,311.22,1,311.21,80,311.51,320,311.51,311.21,311.21,80,,,,,,,,,,,,,,,,,,,311.51,320,311.52,80,311.54,120,311.55,120,311.56,120,311.57,120,311.59,480,311.68,40,311.69,40,311.73,80
2026-02-05 09:34:23,311.36,311.22,1,311.21,80,311.51,320,311.51,311.21,311.21,80,,,,,,,,,,,,,,,,,,,311.51,320,311.52,80,311.54,120,311.55,120,311.56,120,311.57,120,311.59,480,311.68,40,311.69,40,311.73,80
2026-02-05 09:34:24,311.36,311.22,1,311.21,80,311.51,320,311.51,311.21,311.21,80,,,,,,,,,,,,,,,,,,,311.51,320,311.52,80,311.54,120,311.55,120,311.56,120,311.57,120,311.59,480,311.68,40,311.69,40,311.73,80
2026-02-05 09:34:25,311.36,311.22,1,311.21,120,311.51,320,311.51,311.21,311.21,120,,,,,,,,,,,,,,,,,,,311.51,320,311.52,80,311.54,120,311.55,120,311.56,120,311.57,120,311.59,480,311.68,40,311.69,40,311.73,80
2026-02-05 09:34:26,311.36,311.22,1,311.21,80,311.51,320,311.51,311.21,311.21,80,311.16,240,,,,,,,,,,,,,,,,,311.51,320,311.52,80,311.54,120,311.55,120,311.56,120,311.57,120,311.59,480,311.68,40,311.69,40,311.73,80
2026-02-05 09:34:27,311.36,311.22,1,311.21,80,311.51,320,311.51,311.21,311.21,80,311.16,240,,,,,,,,,,,,,,,,,311.51,320,311.52,80,311.54,120,311.55,120,311.56,120,311.57,120,311.59,480,311.68,40,311.69,40,311.73,80
2026-02-05 09:34:28,311.36,311.22,1,311.21,80,311.51,320,311.51,311.21,311.21,80,311.16,240,,,,,,,,,,,,,,,,,311.51,320,311.52,80,311.54,120,311.55,120,311.56,120,311.57,120,311.59,480,311.68,40,311.69,40,311.73,80
2026-02-05 09:34:29,311.34,311.22,1,311.21,80,311.47,40,311.47,311.21,311.21,80,311.16,240,,,,,,,,,,,,,,,,,311.47,40,311.48,160,311.51,320,311.52,80,311.54,120,311.55,120,311.56,120,311.57,120,311.59,480,311.68,40
2026-02-05 09:34:30,311.14,312.25,9,311.0,520,311.28,120,311.28,311.0,311.0,520,,,,,,,,,,,,,,,,,,,311.28,120,311.45,200,311.46,160,311.47,80,311.48,160,311.51,320,311.52,80,311.54,120,311.55,120,311.56,120
2026-02-05 09:34:31,311.215,311.22,2,311.0,520,311.43,200,311.43,311.0,311.0,520,,,,,,,,,,,,,,,,,,,311.43,200,311.44,200,311.45,200,311.46,320,311.47,80,311.48,160,311.51,320,311.52,80,311.54,120,311.55,120
2026-02-05 09:34:32,311.15,311.0,1,311.0,1040,311.3,120,311.3,311.0,311.0,1040,,,,,,,,,,,,,,,,,,,311.3,120,311.43,40,311.46,320,311.47,80,311.48,160,311.51,320,311.52,80,311.54,120,311.55,120,311.56,120
2026-02-05 09:34:33,311.15,311.15,1,311.0,1040,311.3,200,311.3,311.0,311.0,1040,,,,,,,,,,,,,,,,,,,311.3,200,311.43,40,311.46,320,311.47,80,311.48,160,311.51,320,311.52,80,311.54,120,311.55,120,311.56,120
2026-02-05 09:34:34,311.23,311.29,1,311.0,1040,311.46,320,311.46,311.0,311.0,1040,,,,,,,,,,,,,,,,,,,311.46,320,311.47,80,311.48,160,311.51,320,311.52,80,311.54,120,311.55,120,311.56,120,311.57,120,311.59,480
2026-02-05 09:34:35,311.235,311.46,1,311.0,1080,311.47,40,311.47,311.0,311.0,1080,,,,,,,,,,,,,,,,,,,311.47,40,311.48,160,311.51,320,311.52,80,311.54,120,311.55,120,311.56,120,311.57,120,311.59,480,311.68,40
2026-02-05 09:34:36,311.235,311.46,1,311.0,1080,311.47,40,311.47,311.0,311.0,1080,,,,,,,,,,,,,,,,,,,311.47,40,311.48,160,311.51,320,311.52,80,311.54,120,311.55,120,311.56,120,311.57,120,311.59,480,311.68,40
2026-02-05 09:34:37,311.235,311.46,1,311.0,1080,311.47,40,311.47,311.0,311.0,1080,,,,,,,,,,,,,,,,,,,311.47,40,311.48,160,311.51,320,311.52,80,311.54,120,311.55,120,311.56,120,311.57,120,311.59,480,311.68,40
2026-02-05 09:34:38,311.235,311.46,1,311.0,1080,311.47,40,311.47,311.0,311.0,1080,,,,,,,,,,,,,,,,,,,311.47,40,311.48,160,311.51,320,311.52,80,311.54,120,311.55,120,311.56,120,311.57,120,311.59,480,311.68,40
2026-02-05 09:34:39,311.24,311.46,1,311.01,80,311.47,120,311.47,311.01,311.01,80,311.0,1080,,,,,,,,,,,,,,,,,311.47,120,311.48,160,311.51,320,311.52,80,311.54,120,311.55,120,311.56,120,311.57,120,311.59,480,311.68,40
2026-02-05 09:34:40,311.24,311.01,174,311.01,80,311.47,160,311.47,311.01,311.01,80,311.0,1080,,,,,,,,,,,,,,,,,311.47,160,311.48,160,311.51,320,311.52,80,311.54,120,311.55,120,311.56,120,311.57,120,311.59,480,311.68,40
2026-02-05 09:34:41,311.3,311.3,3,311.12,40,311.48,40,311.48,311.12,311.12,40,311.11,80,311.01,160,311.0,1080,,,,,,,,,,,,,311.48,40,311.51,320,311.52,80,311.54,120,311.55,120,311.56,120,311.57,120,311.59,480,311.68,40,311.69,40
2026-02-05 09:34:42,311.3,311.3,1,311.12,40,311.48,40,311.48,311.12,311.12,40,311.11,80,311.01,160,311.0,1080,,,,,,,,,,,,,311.48,40,311.51,320,311.52,80,311.54,120,311.55,120,311.56,120,311.57,120,311.59,480,311.68,40,311.69,40
2026-02-05 09:34:43,311.24,311.24,1,311.12,40,311.36,40,311.36,311.12,311.12,40,311.11,80,311.01,160,311.0,1080,,,,,,,,,,,,,311.36,40,311.48,40,311.51,320,311.52,80,311.54,120,311.55,120,311.56,120,311.57,120,311.59,480,311.68,40
2026-02-05 09:34:44,311.24,311.24,1,311.12,40,311.36,40,311.36,311.12,311.12,40,311.11,80,311.01,160,311.0,1080,,,,,,,,,,,,,311.36,40,311.48,40,311.51,320,311.52,80,311.54,120,311.55,120,311.56,120,311.57,120,311.59,480,311.68,40
2026-02-05 09:34:45,311.185,311.24,1,311.01,160,311.36,40,311.36,311.01,311.01,160,311.0,1080,,,,,,,,,,,,,,,,,311.36,40,311.48,40,311.51,320,311.52,80,311.54,120,311.55,120,311.56,120,311.57,120,311.59,480,311.68,40
2026-02-05 09:34:46,311.19,311.24,1,311.02,120,311.36,40,311.36,311.02,311.02,120,311.01,160,311.0,1080,,,,,,,,,,,,,,,311.36,40,311.48,40,311.51,320,311.52,80,311.54,120,311.55,120,311.56,120,311.57,120,311.59,480,311.68,40
2026-02-05 09:34:47,311.0,310.69,2,310.88,80,311.12,160,311.12,310.88,310.88,80,310.52,80,,,,,,,,,,,,,,,,,311.12,160,311.32,80,311.36,40,311.48,40,311.51,320,311.52,80,311.54,120,311.55,120,311.56,120,311.57,120
2026-02-05 09:34:48,311.0,311.0,1,310.88,80,311.12,160,311.12,310.88,310.88,80,310.52,80,,,,,,,,,,,,,,,,,311.12,160,311.32,80,311.36,40,311.48,40,311.51,320,311.52,80,311.54,120,311.55,120,311.56,120,311.57,120
2026-02-05 09:34:49,311.0,311.0,1,310.88,80,311.12,160,311.12,310.88,310.88,80,310.52,80,,,,,,,,,,,,,,,,,311.12,160,311.32,80,311.36,40,311.48,40,311.51,320,311.52,80,311.54,120,311.55,120,311.56,120,311.57,120
2026-02-05 09:34:50,310.94,310.88,1,310.83,680,311.05,160,311.05,310.83,310.83,680,310.52,80,,,,,,,,,,,,,,,,,311.05,160,311.12,160,311.32,80,311.36,40,311.48,40,311.51,320,311.52,80,311.54,120,311.55,120,311.56,120
2026-02-05 09:34:51,310.895,310.89,4,310.84,560,310.95,160,310.95,310.84,310.84,560,310.83,720,310.52,80,,,,,,,,,,,,,,,310.95,160,311.17,200,311.32,80,311.36,40,311.48,40,311.51,320,311.52,80,311.54,120,311.55,120,311.56,120
2026-02-05 09:34:52,310.975,310.81,1,310.79,480,311.16,200,311.16,310.79,310.79,480,310.74,80,310.67,80,310.52,80,,,,,,,,,,,,,311.16,200,311.17,200,311.32,80,311.36,40,311.48,40,311.51,320,311.52,80,311.54,120,311.55,120,311.56,120
2026-02-05 09:34:53,310.85,310.85,2,310.75,560,310.95,120,310.95,310.75,310.75,560,310.74,560,310.67,80,310.52,80,,,,,,,,,,,,,310.95,120,311.16,200,311.17,200,311.32,80,311.36,40,311.48,40,311.51,320,311.52,80,311.54,120,311.55,120
2026-02-05 09:34:54,310.56,310.69,1,310.35,80,310.77,360,310.77,310.35,310.35,80,,,,,,,,,,,,,,,,,,,310.77,360,310.81,80,310.85,360,310.94,280,310.95,400,311.16,200,311.17,200,311.32,80,311.36,40,311.48,40
2026-02-05 09:34:55,310.56,310.69,1,310.35,80,310.77,360,310.77,310.35,310.35,80,,,,,,,,,,,,,,,,,,,310.77,360,310.81,80,310.85,360,310.94,280,310.95,400,311.16,200,311.17,200,311.32,80,311.36,40,311.48,40
2026-02-05 09:34:56,310.56,310.56,1,310.35,40,310.77,360,310.77,310.35,310.35,40,,,,,,,,,,,,,,,,,,,310.77,360,310.81,80,310.85,360,310.94,280,310.95,400,311.16,200,311.17,200,311.32,80,311.36,40,311.48,40
2026-02-05 09:34:57,310.56,310.56,1,310.35,40,310.77,360,310.77,310.35,310.35,40,,,,,,,,,,,,,,,,,,,310.77,360,310.81,80,310.85,360,310.94,280,310.95,400,311.16,200,311.17,200,311.32,80,311.36,40,311.48,40
2026-02-05 09:34:58,310.56,310.77,1,310.35,40,310.77,360,310.77,310.35,310.35,40,,,,,,,,,,,,,,,,,,,310.77,360,310.81,80,310.85,360,310.94,280,310.95,400,311.16,200,311.17,200,311.32,80,311.36,40,311.48,40
2026-02-05 09:34:59,310.46,310.77,1,310.35,40,310.57,80,310.57,310.35,310.35,40,,,,,,,,,,,,,,,,,,,310.57,80,310.58,80,310.59,80,310.6,160,310.61,160,310.65,80,310.72,200,310.77,360,310.81,80,310.85,360
2026-02-05 09:35:00,310.555,310.58,1,310.45,160,310.66,80,310.66,310.45,310.45,160,310.29,40,,,,,,,,,,,,,,,,,310.66,80,310.72,200,310.77,360,310.81,80,310.85,360,310.94,280,310.95,400,311.16,200,311.17,200,311.32,80
2026-02-05 09:35:01,310.56,310.66,1,310.46,40,310.66,80,310.66,310.46,310.46,40,310.45,160,310.29,40,,,,,,,,,,,,,,,310.66,80,310.72,200,310.77,360,310.81,80,310.85,360,310.94,280,310.95,400,311.16,200,311.17,200,311.32,80
2026-02-05 09:35:02,310.37,310.44,1,310.29,40,310.45,80,310.45,310.29,310.29,40,,,,,,,,,,,,,,,,,,,310.45,80,310.59,3920,310.66,80,310.72,200,310.77,360,310.81,80,310.85,360,310.94,280,310.95,400,311.16,200
2026-02-05 09:35:03,310.44,310.44,1,310.29,120,310.59,3920,310.59,310.29,310.29,120,,,,,,,,,,,,,,,,,,,310.59,3920,310.66,80,310.72,200,310.77,360,310.81,80,310.85,360,310.94,280,310.95,400,311.16,200,311.17,200
2026-02-05 09:35:04,310.215,310.18,1,310.12,160,310.31,120,310.31,310.12,310.12,160,310.08,40,310.0,560,,,,,,,,,,,,,,,310.31,120,310.46,440,310.59,3920,310.66,80,310.72,200,310.77,360,310.81,80,310.85,360,310.94,280,310.95,400
2026-02-05 09:35:05,310.33,310.33,1,310.2,480,310.46,440,310.46,310.2,310.2,480,310.13,40,310.12,440,310.08,40,310.0,560,,,,,,,,,,,310.46,440,310.59,3920,310.66,80,310.72,200,310.77,360,310.81,80,310.85,360,310.94,280,310.95,400,311.16,200
2026-02-05 09:35:06,310.33,310.33,1,310.2,480,310.46,440,310.46,310.2,310.2,480,310.13,40,310.12,440,310.08,40,310.0,560,,,,,,,,,,,310.46,440,310.59,3920,310.66,80,310.72,200,310.77,360,310.81,80,310.85,360,310.94,280,310.95,400,311.16,200
2026-02-05 09:35:07,310.42,310.46,1,310.25,560,310.59,3920,310.59,310.25,310.25,560,310.24,480,310.23,640,310.22,520,310.21,560,310.2,480,310.13,40,310.12,440,310.08,40,310.0,560,310.59,3920,310.66,80,310.72,200,310.77,360,310.81,80,310.85,360,310.94,280,310.95,400,311.16,200,311.17,200
2026-02-05 09:35:08,310.52,310.52,1,310.45,40,310.59,440,310.59,310.45,310.45,40,310.42,40,310.31,160,310.25,560,310.24,480,310.23,640,310.22,520,310.21,560,310.2,480,310.13,40,310.59,440,310.66,80,310.72,200,310.77,360,310.81,80,310.85,360,310.94,280,310.95,400,311.16,200,311.17,200
2026-02-05 09:35:09,310.52,310.52,1,310.45,520,310.59,440,310.59,310.45,310.45,520,310.42,40,310.31,160,310.25,560,310.24,480,310.23,640,310.22,520,310.21,560,310.2,480,310.13,40,310.59,440,310.66,80,310.72,200,310.77,360,310.81,80,310.85,360,310.94,280,310.95,400,311.16,200,311.17,200
2026-02-05 09:35:10,310.555,310.52,1,310.47,80,310.64,120,310.64,310.47,310.47,80,310.46,480,310.42,440,310.31,160,310.25,560,310.24,480,310.23,640,310.22,520,310.21,560,310.2,480,310.64,120,310.66,80,310.72,200,310.77,360,310.81,80,310.85,360,310.94,280,310.95,400,311.16,200,311.17,200
2026-02-05 09:35:11,310.66,312.61,1,310.6,560,310.72,240,310.72,310.6,310.6,560,310.55,160,310.47,480,310.46,480,310.42,440,310.31,160,310.25,560,310.24,480,310.23,640,310.22,520,310.72,240,310.77,360,310.81,80,310.85,360,310.94,280,310.95,400,311.16,200,311.17,200,311.32,80,311.36,40
2026-02-05 09:35:12,310.64,310.64,1,310.56,600,310.72,320,310.72,310.56,310.56,600,310.55,560,310.47,480,310.46,480,310.42,440,310.31,160,310.25,560,310.24,480,310.23,640,310.22,520,310.72,320,310.77,360,310.81,80,310.85,360,310.94,280,310.95,400,311.16,200,311.17,200,311.32,80,311.36,40
2026-02-05 09:35:13,310.65,310.65,1,310.58,280,310.72,320,310.72,310.58,310.58,280,310.57,120,310.56,600,310.55,560,310.47,480,310.46,480,310.42,440,310.31,160,310.25,560,310.24,480,310.72,320,310.77,360,310.81,80,310.85,360,310.94,280,310.95,400,311.16,200,311.17,200,311.32,80,311.36,40
2026-02-05 09:35:14,310.565,310.39,2,310.41,40,310.72,360,310.72,310.41,310.41,40,310.07,40,310.0,560,,,,,,,,,,,,,,,310.72,360,310.77,360,310.81,80,310.85,360,310.94,280,310.95,400,311.16,200,311.17,200,311.32,80,311.36,40
2026-02-05 09:35:15,310.72,310.39,2,310.57,400,310.87,80,310.87,310.57,310.57,400,310.49,40,310.43,440,310.42,440,310.41,520,310.07,40,310.0,560,,,,,,,310.87,80,310.94,280,310.95,400,311.16,200,311.17,200,311.32,80,311.36,40,311.48,40,311.51,320,311.52,80
2026-02-05 09:35:16,310.74,310.87,6,310.61,440,310.87,80,310.87,310.61,310.61,440,310.6,440,310.59,560,310.58,480,310.57,400,310.49,40,310.43,440,310.42,440,310.41,520,310.07,40,310.87,80,310.94,280,310.95,400,311.16,200,311.17,200,311.32,80,311.36,40,311.48,40,311.51,320,311.52,80
2026-02-05 09:35:17,310.74,310.87,6,310.61,480,310.87,80,310.87,310.61,310.61,480,310.6,440,310.59,560,310.58,480,310.57,400,310.49,40,310.43,440,310.42,440,310.41,520,310.07,40,310.87,80,310.94,280,310.95,400,311.16,200,311.17,200,311.32,80,311.36,40,311.48,40,311.51,320,311.52,80
2026-02-05 09:35:18,311.17,310.95,2,310.84,40,311.5,80,311.5,310.84,310.84,40,310.83,440,310.82,120,310.81,440,310.77,80,310.66,40,310.65,600,310.64,600,310.63,520,310.62,520,311.5,80,311.51,320,311.52,80,311.54,120,311.55,120,311.56,120,311.57,120,311.59,480,311.68,40,311.69,40
2026-02-05 09:35:19,311.275,311.22,2,311.05,40,311.5,80,311.5,311.05,311.05,40,311.04,40,310.94,560,310.93,80,310.9,440,310.89,80,310.88,80,310.86,400,310.85,40,310.84,440,311.5,80,311.51,320,311.52,80,311.54,120,311.55,120,311.56,120,311.57,120,311.59,480,311.68,40,311.69,40
2026-02-05 09:35:20,311.3,311.22,2,311.1,80,311.5,120,311.5,311.1,311.1,80,311.09,80,311.08,240,311.07,120,311.06,40,311.05,40,311.04,40,310.94,560,310.93,80,310.9,440,311.5,120,311.51,320,311.52,80,311.54,120,311.55,120,311.56,120,311.57,120,311.59,480,311.68,40,311.69,40
2026-02-05 09:35:21,311.32,311.3,1,311.14,40,311.5,160,311.5,311.14,311.14,40,311.13,40,311.12,160,311.11,40,311.1,120,311.09,80,311.08,240,311.07,120,311.06,40,311.05,40,311.5,160,311.51,320,311.52,80,311.54,120,311.55,120,311.56,120,311.57,120,311.59,480,311.68,40,311.69,40
2026-02-05 09:35:22,311.735,311.3,1,311.47,120,312.0,120,312.0,311.47,311.47,120,311.46,160,311.33,200,311.31,40,311.16,160,311.15,160,311.14,40,311.13,40,311.12,160,311.11,40,312.0,120,312.01,360,312.05,320,312.19,240,312.2,120,312.4,40,312.41,80,312.53,80,312.7,200,312.71,120
2026-02-05 09:35:23,311.745,311.3,1,311.49,160,312.0,120,312.0,311.49,311.49,160,311.48,160,311.47,120,311.46,160,311.33,200,311.31,40,311.16,160,311.15,160,311.14,40,311.13,40,312.0,120,312.01,360,312.05,320,312.19,240,312.2,120,312.4,40,312.41,80,312.53,80,312.7,200,312.71,120
2026-02-05 09:35:24,311.68,311.7,2,311.51,80,311.85,120,311.85,311.51,311.51,80,311.49,160,311.48,160,311.47,120,311.46,160,311.33,200,311.31,40,311.16,160,311.15,160,311.14,40,311.85,120,312.0,120,312.01,360,312.05,320,312.19,240,312.2,120,312.4,40,312.41,80,312.53,80,312.7,200
2026-02-05 09:35:25,311.57,311.7,1,311.41,320,311.73,160,311.73,311.41,311.41,320,311.33,200,311.31,40,311.16,160,311.15,160,311.14,40,311.13,40,311.12,160,311.11,40,311.1,120,311.73,160,311.82,240,311.85,120,312.0,120,312.01,360,312.05,320,312.19,240,312.2,120,312.4,40,312.41,80
2026-02-05 09:35:26,311.575,311.58,1,311.43,200,311.72,240,311.72,311.43,311.43,200,311.41,320,311.33,200,311.31,40,311.16,160,311.15,160,311.14,40,311.13,40,311.12,160,311.11,40,311.72,240,311.73,400,311.82,240,311.85,120,312.0,120,312.01,360,312.05,320,312.19,240,312.2,120,312.4,40
2026-02-05 09:35:27,311.575,311.58,1,311.43,80,311.72,240,311.72,311.43,311.43,80,311.41,320,311.33,200,311.31,40,311.16,160,311.15,160,311.14,40,311.13,40,311.12,160,311.11,40,311.72,240,311.73,400,311.82,240,311.85,120,312.0,120,312.01,360,312.05,320,312.19,240,312.2,120,312.4,40
2026-02-05 09:35:28,311.575,311.43,25,311.43,200,311.72,240,311.72,311.43,311.43,200,311.41,320,311.33,200,311.31,40,311.16,160,311.15,160,311.14,40,311.13,40,311.12,160,311.11,40,311.72,240,311.73,400,311.82,240,311.85,120,312.0,120,312.01,360,312.05,320,312.19,240,312.2,120,312.4,40
2026-02-05 09:35:29,311.575,311.58,1,311.43,160,311.72,240,311.72,311.43,311.43,160,311.41,320,311.33,200,311.31,40,311.16,160,311.15,160,311.14,40,311.13,40,311.12,160,311.11,40,311.72,240,311.73,400,311.82,240,311.85,120,312.0,120,312.01,360,312.05,320,312.19,240,312.2,120,312.4,40
2026-02-05 09:35:30,311.715,311.72,2,311.44,120,311.99,320,311.99,311.44,311.44,120,311.43,40,311.41,320,311.33,200,311.31,40,311.16,160,311.15,160,311.14,40,311.13,40,311.12,160,311.99,320,312.0,280,312.31,160,312.38,80,312.4,40,312.41,80,312.53,80,312.7,200,312.71,120,312.83,40
2026-02-05 09:35:31,311.71,311.72,1,311.43,40,311.99,120,311.99,311.43,311.43,40,311.41,320,311.33,200,311.31,40,311.16,160,311.15,160,311.14,40,311.13,40,311.12,160,311.11,40,311.99,120,312.27,40,312.31,160,312.38,80,312.4,40,312.41,80,312.53,80,312.7,200,312.71,120,312.83,40
2026-02-05 09:35:32,311.705,311.72,1,311.43,40,311.98,160,311.98,311.43,311.43,40,311.41,320,311.33,200,311.31,40,311.16,160,311.15,160,311.14,40,311.13,40,311.12,160,311.11,40,311.98,160,311.99,120,312.27,40,312.31,160,312.38,80,312.4,40,312.41,80,312.53,80,312.7,200,312.71,120
2026-02-05 09:35:33,311.695,311.72,1,311.43,40,311.96,160,311.96,311.43,311.43,40,311.41,320,311.33,200,311.31,40,311.16,160,311.15,160,311.14,40,311.13,40,311.12,160,311.11,40,311.96,160,311.97,160,311.98,160,311.99,120,312.27,40,312.31,160,312.38,80,312.4,40,312.41,80,312.53,80
2026-02-05 09:35:34,311.69,311.72,1,311.43,40,311.95,120,311.95,311.43,311.43,40,311.41,320,311.33,200,311.31,40,311.16,160,311.15,160,311.14,40,311.13,40,311.12,160,311.11,40,311.95,120,311.96,160,311.97,160,311.98,160,311.99,120,312.27,40,312.31,160,312.38,80,312.4,40,312.41,80
2026-02-05 09:35:35,311.69,311.95,1,311.43,80,311.95,120,311.95,311.43,311.43,80,311.41,320,311.33,200,311.31,40,311.16,160,311.15,160,311.14,40,311.13,40,311.12,160,311.11,40,311.95,120,311.96,160,311.97,160,311.98,160,311.99,120,312.27,40,312.31,160,312.38,80,312.4,40,312.41,80
2026-02-05 09:35:36,311.665,311.91,1,311.43,40,311.9,120,311.9,311.43,311.43,40,311.41,320,311.33,200,311.31,40,311.16,160,311.15,160,311.14,40,311.13,40,311.12,160,311.11,40,311.9,120,311.91,160,311.92,160,311.93,160,311.94,120,311.95,160,311.96,160,311.97,160,311.98,160,311.99,120
2026-02-05 09:35:37,311.235,311.0,2,311.0,400,311.47,160,311.47,311.0,311.0,400,310.94,560,310.93,80,310.9,440,310.89,80,310.88,80,310.86,400,310.85,40,310.84,440,310.83,440,311.47,160,311.48,160,311.49,160,311.5,120,311.51,120,311.52,160,311.53,200,311.54,80,311.65,40,311.66,40
2026-02-05 09:35:38,310.96,310.73,2,310.69,560,311.23,160,311.23,310.69,310.69,560,310.63,480,310.62,520,310.61,480,310.6,440,310.59,560,310.58,480,310.57,400,310.49,40,310.43,440,311.23,160,311.24,160,311.25,160,311.26,200,311.27,160,311.28,200,311.29,200,311.3,200,311.31,200,311.32,160
2026-02-05 09:35:39,310.945,310.73,2,310.69,560,311.2,160,311.2,310.69,310.69,560,310.63,480,310.62,520,310.61,480,310.6,440,310.59,560,310.58,480,310.57,400,310.49,40,310.43,440,311.2,160,311.21,80,311.22,160,311.23,200,311.24,160,311.25,160,311.26,200,311.27,160,311.28,200,311.29,200
2026-02-05 09:35:40,310.945,310.73,2,310.69,560,311.2,160,311.2,310.69,310.69,560,310.63,480,310.62,520,310.61,480,310.6,440,310.59,560,310.58,480,310.57,400,310.49,40,310.43,440,311.2,160,311.21,80,311.22,160,311.23,200,311.24,160,311.25,160,311.26,200,311.27,160,311.28,200,311.29,200
2026-02-05 09:35:41,311.35,311.16,1,310.97,520,311.73,160,311.73,310.97,310.97,520,310.96,40,310.89,120,310.8,40,310.75,520,310.69,560,310.63,480,310.62,520,310.61,480,310.6,440,311.73,160,311.9,120,311.91,160,311.92,160,311.93,160,311.94,120,311.95,160,311.96,160,311.97,160,311.98,160
2026-02-05 09:35:42,311.305,311.16,1,310.97,520,311.64,120,311.64,310.97,310.97,520,310.96,40,310.89,120,310.8,40,310.75,520,310.69,560,310.63,480,310.62,520,310.61,480,310.6,440,311.64,120,311.73,160,311.9,120,311.91,160,311.92,160,311.93,160,311.94,120,311.95,160,311.96,160,311.97,160
2026-02-05 09:35:43,311.315,311.16,1,310.99,520,311.64,200,311.64,310.99,310.99,520,310.97,520,310.96,40,310.89,120,310.8,40,310.75,520,310.69,560,310.63,480,310.62,520,310.61,480,311.64,200,311.73,160,311.9,120,311.91,160,311.92,160,311.93,160,311.94,120,311.95,160,311.96,160,311.97,160
2026-02-05 09:35:44,311.315,311.16,1,310.99,520,311.64,120,311.64,310.99,310.99,520,310.97,520,310.96,40,310.89,120,310.8,40,310.75,520,310.69,560,310.63,480,310.62,520,310.61,480,311.64,120,311.73,160,311.9,120,311.91,160,311.92,160,311.93,160,311.94,120,311.95,160,311.96,160,311.97,160
2026-02-05 09:35:45,311.32,311.16,1,311.0,480,311.64,120,311.64,311.0,311.0,480,310.99,520,310.97,520,310.96,40,310.89,120,310.8,40,310.75,520,310.69,560,310.63,480,310.62,520,311.64,120,311.73,160,311.9,120,311.91,160,311.92,160,311.93,160,311.94,120,311.95,160,311.96,160,311.97,160
2026-02-05 09:35:46,311.32,311.16,1,311.0,480,311.64,120,311.64,311.0,311.0,480,310.99,520,310.97,520,310.96,40,310.89,120,310.8,40,310.75,520,310.69,560,310.63,480,310.62,520,311.64,120,311.73,160,311.9,120,311.91,160,311.92,160,311.93,160,311.94,120,311.95,160,311.96,160,311.97,160
2026-02-05 09:35:47,311.32,311.16,1,311.0,480,311.64,120,311.64,311.0,311.0,480,310.99,520,310.97,520,310.96,40,310.89,120,310.8,40,310.75,520,310.69,560,310.63,480,310.62,520,311.64,120,311.73,160,311.9,120,311.91,160,311.92,160,311.93,160,311.94,120,311.95,160,311.96,160,311.97,160
2026-02-05 09:35:48,311.32,311.16,1,311.0,480,311.64,200,311.64,311.0,311.0,480,310.99,520,310.97,520,310.96,40,310.89,120,310.8,40,310.75,520,310.69,560,310.63,480,310.62,520,311.64,200,311.73,160,311.9,120,311.91,160,311.92,160,311.93,160,311.94,120,311.95,160,311.96,160,311.97,160
2026-02-05 09:35:49,311.32,311.32,1,311.0,480,311.64,200,311.64,311.0,311.0,480,310.99,520,310.97,520,310.96,40,310.89,120,310.8,40,310.75,520,310.69,560,310.63,480,310.62,520,311.64,200,311.73,160,311.9,120,311.91,160,311.92,160,311.93,160,311.94,120,311.95,160,311.96,160,311.97,160
2026-02-05 09:35:50,311.32,311.0,2,311.0,480,311.64,160,311.64,311.0,311.0,480,310.99,520,310.97,520,310.96,40,310.89,120,310.8,40,310.75,520,310.69,560,310.63,480,310.62,520,311.64,160,311.73,160,311.9,120,311.91,160,311.92,160,311.93,160,311.94,120,311.95,160,311.96,160,311.97,160
2026-02-05 09:35:51,311.47,311.0,2,311.3,160,311.64,160,311.64,311.3,311.3,160,311.15,80,311.0,480,310.99,520,310.97,520,310.96,40,310.89,120,310.8,40,310.75,520,310.69,560,311.64,160,311.73,160,311.9,120,311.91,160,311.92,160,311.93,160,311.94,120,311.95,160,311.96,160,311.97,160
2026-02-05 09:35:52,311.47,311.0,2,311.3,160,311.64,160,311.64,311.3,311.3,160,311.15,80,311.0,480,310.99,520,310.97,520,310.96,40,310.89,120,310.8,40,310.75,520,310.69,560,311.64,160,311.73,160,311.9,120,311.91,160,311.92,160,311.93,160,311.94,120,311.95,160,311.96,160,311.97,160
2026-02-05 09:35:53,311.47,311.47,3,311.3,160,311.64,160,311.64,311.3,311.3,160,311.15,80,311.0,480,310.99,520,310.97,520,310.96,40,310.89,120,310.8,40,310.75,520,310.69,560,311.64,160,311.73,160,311.9,120,311.91,160,311.92,160,311.93,160,311.94,120,311.95,160,311.96,160,311.97,160
2026-02-05 09:35:54,311.47,311.31,2,311.3,160,311.64,160,311.64,311.3,311.3,160,311.15,80,311.0,480,310.99,520,310.97,520,310.96,40,310.89,120,310.8,40,310.75,520,310.69,560,311.64,160,311.73,160,311.9,120,311.91,160,311.92,160,311.93,160,311.94,120,311.95,160,311.96,160,311.97,160
2026-02-05 09:35:56,311.47,311.31,2,311.3,160,311.64,320,311.64,311.3,311.3,160,311.15,80,311.0,480,310.99,520,310.97,520,310.96,40,310.89,120,310.8,40,310.75,520,310.69,560,311.64,320,311.73,160,311.9,120,311.91,160,311.92,160,311.93,160,311.94,120,311.95,160,311.96,160,311.97,160
2026-02-05 09:35:57,311.405,311.4,1,311.33,40,311.48,240,311.48,311.33,311.33,40,311.27,40,311.15,80,311.0,480,310.99,520,310.97,520,310.96,40,310.89,120,310.8,40,310.75,520,311.48,240,311.57,80,311.64,320,311.73,160,311.9,120,311.91,160,311.92,160,311.93,160,311.94,120,311.95,160
2026-02-05 09:35:57,311.405,311.48,2,311.33,40,311.48,240,311.48,311.33,311.33,40,311.27,40,311.15,80,311.0,480,310.99,520,310.97,520,310.96,40,310.89,120,310.8,40,310.75,520,311.48,240,311.57,80,311.64,320,311.73,160,311.9,120,311.91,160,311.92,160,311.93,160,311.94,120,311.95,160
2026-02-05 09:35:58,311.485,311.47,1,311.33,160,311.64,200,311.64,311.33,311.33,160,311.27,40,311.15,80,311.0,480,310.99,520,310.97,520,310.96,40,310.89,120,310.8,40,310.75,520,311.64,200,311.73,160,311.9,120,311.91,160,311.92,160,311.93,160,311.94,120,311.95,160,311.96,160,311.97,160
2026-02-05 09:35:59,311.485,311.47,1,311.33,160,311.64,200,311.64,311.33,311.33,160,311.27,40,311.15,80,311.0,480,310.99,520,310.97,520,310.96,40,310.89,120,310.8,40,310.75,520,311.64,200,311.73,160,311.9,120,311.91,160,311.92,160,311.93,160,311.94,120,311.95,160,311.96,160,311.97,160
2026-02-05 09:36:00,311.485,311.47,1,311.33,160,311.64,200,311.64,311.33,311.33,160,311.27,40,311.15,80,311.0,480,310.99,520,310.97,520,310.96,40,310.89,120,310.8,40,310.75,520,311.64,200,311.73,160,311.9,120,311.91,160,311.92,160,311.93,160,311.94,120,311.95,160,311.96,160,311.97,160
2026-02-05 09:36:02,311.485,311.47,1,311.33,200,311.64,280,311.64,311.33,311.33,200,311.27,40,311.15,80,311.0,480,310.99,520,310.97,520,310.96,40,310.89,120,310.8,40,310.75,520,311.64,280,311.73,160,311.9,120,311.91,160,311.92,160,311.93,160,311.94,120,311.95,160,311.96,160,311.97,160
2026-02-05 09:36:03,311.485,311.45,2,311.33,200,311.64,280,311.64,311.33,311.33,200,311.27,40,311.15,80,311.0,480,310.99,520,310.97,520,310.96,40,310.89,120,310.8,40,310.75,520,311.64,280,311.73,160,311.9,120,311.91,160,311.92,160,311.93,160,311.94,120,311.95,160,311.96,160,311.97,160
2026-02-05 09:36:04,311.485,311.45,2,311.33,200,311.64,280,311.64,311.33,311.33,200,311.27,40,311.15,80,311.0,480,310.99,520,310.97,520,310.96,40,310.89,120,310.8,40,310.75,520,311.64,280,311.73,160,311.9,120,311.91,160,311.92,160,311.93,160,311.94,120,311.95,160,311.96,160,311.97,160
2026-02-05 09:36:05,311.355,311.32,1,311.24,80,311.47,160,311.47,311.24,311.24,80,311.15,80,311.0,480,310.99,520,310.97,520,310.96,40,310.89,120,310.8,40,310.75,520,310.69,560,311.47,160,311.48,160,311.49,120,311.57,80,311.64,280,311.73,160,311.9,120,311.91,160,311.92,160,311.93,160
2026-02-05 09:36:06,311.355,311.32,1,311.24,80,311.47,80,311.47,311.24,311.24,80,311.15,80,311.0,480,310.99,520,310.97,520,310.96,40,310.89,120,310.8,40,310.75,520,310.69,560,311.47,80,311.48,160,311.49,120,311.57,80,311.64,280,311.73,160,311.9,120,311.91,160,311.92,160,311.93,160
2026-02-05 09:36:06,311.355,311.32,1,311.24,80,311.47,200,311.47,311.24,311.24,80,311.15,80,311.0,480,310.99,520,310.97,520,310.96,40,310.89,120,310.8,40,310.75,520,310.69,560,311.47,200,311.48,160,311.49,120,311.57,80,311.64,280,311.73,160,311.9,120,311.91,160,311.92,160,311.93,160
2026-02-05 09:36:07,311.355,311.32,1,311.24,200,311.47,200,311.47,311.24,311.24,200,311.15,80,311.0,480,310.99,520,310.97,520,310.96,40,310.89,120,310.8,40,310.75,520,310.69,560,311.47,200,311.48,160,311.49,120,311.57,80,311.64,280,311.73,160,311.9,120,311.91,160,311.92,160,311.93,160
2026-02-05 09:36:09,311.35,311.32,1,311.24,160,311.46,160,311.46,311.24,311.24,160,311.15,80,311.0,480,310.99,520,310.97,520,310.96,40,310.89,120,310.8,40,310.75,520,310.69,560,311.46,160,311.47,200,311.48,160,311.49,120,311.57,80,311.64,280,311.73,160,311.9,120,311.91,160,311.92,160
2026-02-05 09:36:09,311.22,311.26,5,311.1,120,311.34,400,311.34,311.1,311.1,120,311.0,480,310.99,520,310.97,520,310.96,40,310.89,120,310.8,40,310.75,520,310.69,560,310.63,480,311.34,400,311.35,480,311.4,40,311.45,200,311.46,160,311.47,200,311.48,160,311.49,120,311.57,80,311.64,280
2026-02-05 09:36:11,311.22,311.26,5,311.1,160,311.34,400,311.34,311.1,311.1,160,311.0,480,310.99,520,310.97,520,310.96,40,310.89,120,310.8,40,310.75,520,310.69,560,310.63,480,311.34,400,311.35,480,311.4,40,311.45,200,311.46,160,311.47,200,311.48,160,311.49,120,311.57,80,311.64,280
2026-02-05 09:36:12,311.22,311.26,5,311.1,280,311.34,400,311.34,311.1,311.1,280,311.0,480,310.99,520,310.97,520,310.96,40,310.89,120,310.8,40,310.75,520,310.69,560,310.63,480,311.34,400,311.35,480,311.4,40,311.45,200,311.46,160,311.47,200,311.48,160,311.49,120,311.57,80,311.64,280
2026-02-05 09:36:13,311.22,311.26,5,311.1,160,311.34,400,311.34,311.1,311.1,160,311.0,480,310.99,520,310.97,520,310.96,40,310.89,120,310.8,40,310.75,520,310.69,560,310.63,480,311.34,400,311.35,480,311.4,40,311.45,200,311.46,160,311.47,200,311.48,160,311.49,120,311.57,80,311.64,280
2026-02-05 09:36:13,311.22,311.22,4,311.1,160,311.34,440,311.34,311.1,311.1,160,311.0,480,310.99,520,310.97,520,310.96,40,310.89,120,310.8,40,310.75,520,310.69,560,310.63,480,311.34,440,311.35,480,311.4,40,311.45,200,311.46,160,311.47,200,311.48,160,311.49,120,311.57,80,311.64,280
2026-02-05 09:36:15,311.22,311.22,4,311.1,160,311.34,440,311.34,311.1,311.1,160,311.0,480,310.99,520,310.97,520,310.96,40,310.89,120,310.8,40,310.75,520,310.69,560,310.63,480,311.34,440,311.35,480,311.4,40,311.45,200,311.46,160,311.47,200,311.48,160,311.49,120,311.57,80,311.64,280
2026-02-05 09:36:16,311.32,311.22,1,311.16,120,311.48,120,311.48,311.16,311.16,120,311.1,80,311.0,480,310.99,520,310.97,520,310.96,40,310.89,120,310.8,40,310.75,520,310.69,560,311.48,120,311.49,120,311.57,80,311.64,280,311.73,160,311.9,120,311.91,160,311.92,160,311.93,160,311.94,120
2026-02-05 09:36:17,311.365,311.22,1,311.25,40,311.48,120,311.48,311.25,311.25,40,311.19,240,311.16,40,311.1,160,311.0,480,310.99,520,310.97,520,310.96,40,310.89,120,310.8,40,311.48,120,311.49,120,311.57,80,311.64,280,311.73,160,311.9,120,311.91,160,311.92,160,311.93,160,311.94,120
2026-02-05 09:36:18,311.41,311.32,2,311.34,160,311.48,120,311.48,311.34,311.34,160,311.25,40,311.19,240,311.16,40,311.1,160,311.0,480,310.99,520,310.97,520,310.96,40,310.89,120,311.48,120,311.49,120,311.57,80,311.64,280,311.73,160,311.9,120,311.91,160,311.92,160,311.93,160,311.94,120
2026-02-05 09:36:19,311.52,311.32,2,311.34,240,311.7,40,311.7,311.34,311.34,240,311.25,40,311.19,240,311.16,40,311.1,160,311.0,480,310.99,520,310.97,520,310.96,40,310.89,120,311.7,40,311.73,160,311.9,120,311.91,160,311.92,160,311.93,160,311.94,120,311.95,160,311.96,160,311.97,160
2026-02-05 09:36:20,311.525,311.52,1,311.35,40,311.7,80,311.7,311.35,311.35,40,311.34,240,311.25,40,311.19,240,311.16,40,311.1,160,311.0,480,310.99,520,310.97,520,310.96,40,311.7,80,311.73,160,311.9,120,311.91,160,311.92,160,311.93,160,311.94,120,311.95,160,311.96,160,311.97,160
2026-02-05 09:36:21,311.63,311.52,1,311.35,40,311.91,160,311.91,311.35,311.35,40,311.34,240,311.25,40,311.19,240,311.16,40,311.1,160,311.0,480,310.99,520,310.97,520,310.96,40,311.91,160,311.92,160,311.93,160,311.94,120,311.95,160,311.96,160,311.97,160,311.98,160,311.99,120,312.27,40
2026-02-05 09:36:22,311.33,311.38,1,311.16,40,311.5,240,311.5,311.16,311.16,40,311.15,160,311.1,160,311.0,480,310.99,520,310.97,520,310.96,40,310.89,120,310.8,40,310.75,520,311.5,240,311.91,160,311.92,160,311.93,160,311.94,120,311.95,160,311.96,160,311.97,160,311.98,160,311.99,120
2026-02-05 09:36:23,311.33,311.38,1,311.16,40,311.5,200,311.5,311.16,311.16,40,311.15,160,311.1,160,311.0,480,310.99,520,310.97,520,310.96,40,310.89,120,310.8,40,310.75,520,311.5,200,311.91,160,311.92,160,311.93,160,311.94,120,311.95,160,311.96,160,311.97,160,311.98,160,311.99,120
2026-02-05 09:36:24,311.575,311.38,1,311.33,40,311.82,40,311.82,311.33,311.33,40,311.3,40,311.27,40,311.16,40,311.15,160,311.1,160,311.0,480,310.99,520,310.97,520,310.96,40,311.82,40,311.91,160,311.92,160,311.93,160,311.94,120,311.95,160,311.96,160,311.97,160,311.98,160,311.99,120
2026-02-05 09:36:25,311.575,311.33,112,311.33,80,311.82,120,311.82,311.33,311.33,80,311.3,40,311.27,40,311.16,40,311.15,160,311.1,160,311.0,480,310.99,520,310.97,520,310.96,40,311.82,120,311.91,160,311.92,160,311.93,160,311.94,120,311.95,160,311.96,160,311.97,160,311.98,160,311.99,120
2026-02-05 09:36:26,311.58,311.58,1,311.34,80,311.82,40,311.82,311.34,311.34,80,311.33,200,311.3,40,311.27,40,311.16,40,311.15,160,311.1,160,311.0,480,310.99,520,310.97,520,311.82,40,311.91,160,311.92,160,311.93,160,311.94,120,311.95,160,311.96,160,311.97,160,311.98,160,311.99,120
2026-02-05 09:36:27,311.595,311.58,1,311.37,40,311.82,40,311.82,311.37,311.37,40,311.34,80,311.33,200,311.3,40,311.27,40,311.16,40,311.15,160,311.1,160,311.0,480,310.99,520,311.82,40,311.91,160,311.92,160,311.93,160,311.94,120,311.95,160,311.96,160,311.97,160,311.98,160,311.99,120
2026-02-05 09:36:28,311.595,311.58,1,311.37,40,311.82,40,311.82,311.37,311.37,40,311.34,80,311.33,200,311.3,40,311.27,40,311.16,40,311.15,160,311.1,160,311.0,480,310.99,520,311.82,40,311.91,160,311.92,160,311.93,160,311.94,120,311.95,160,311.96,160,311.97,160,311.98,160,311.99,120
2026-02-05 09:36:29,311.595,311.5,3,311.37,40,311.82,40,311.82,311.37,311.37,40,311.34,80,311.33,200,311.3,40,311.27,40,311.16,40,311.15,160,311.1,160,311.0,480,310.99,520,311.82,40,311.91,160,311.92,160,311.93,160,311.94,120,311.95,160,311.96,160,311.97,160,311.98,160,311.99,120
2026-02-05 09:36:30,311.595,311.5,3,311.37,40,311.82,40,311.82,311.37,311.37,40,311.34,80,311.33,200,311.3,40,311.27,40,311.16,40,311.15,160,311.1,160,311.0,480,310.99,520,311.82,40,311.91,160,311.92,160,311.93,160,311.94,120,311.95,160,311.96,160,311.97,160,311.98,160,311.99,120
2026-02-05 09:36:31,311.595,311.5,3,311.37,40,311.82,40,311.82,311.37,311.37,40,311.34,80,311.33,200,311.3,40,311.27,40,311.16,40,311.15,160,311.1,160,311.0,480,310.99,520,311.82,40,311.91,160,311.92,160,311.93,160,311.94,120,311.95,160,311.96,160,311.97,160,311.98,160,311.99,120
2026-02-05 09:36:32,311.59,311.5,3,311.38,40,311.8,120,311.8,311.38,311.38,40,311.37,80,311.34,80,311.33,200,311.3,40,311.27,40,311.16,40,311.15,160,311.1,160,311.0,480,311.8,120,311.82,120,311.91,160,311.92,160,311.93,160,311.94,120,311.95,160,311.96,160,311.97,160,311.98,160
2026-02-05 09:36:33,311.59,311.59,5,311.38,40,311.8,80,311.8,311.38,311.38,40,311.37,80,311.34,80,311.33,200,311.3,40,311.27,40,311.16,40,311.15,160,311.1,160,311.0,480,311.8,80,311.82,120,311.91,160,311.92,160,311.93,160,311.94,120,311.95,160,311.96,160,311.97,160,311.98,160
2026-02-05 09:36:34,311.73,311.59,5,311.51,160,311.95,240,311.95,311.51,311.51,160,311.37,80,311.34,80,311.33,200,311.3,40,311.27,40,311.16,40,311.15,160,311.1,160,311.0,480,311.95,240,311.96,160,311.97,160,311.98,160,311.99,120,312.27,40,312.31,160,312.38,80,312.4,40,312.41,80
2026-02-05 09:36:35,311.8,311.82,1,311.6,80,312.0,120,312.0,311.6,311.6,80,311.58,160,311.51,200,311.37,80,311.34,80,311.33,200,311.3,40,311.27,40,311.16,40,311.15,160,312.0,120,312.27,40,312.31,160,312.38,80,312.4,40,312.41,80,312.53,80,312.7,200,312.71,120,312.83,40
2026-02-05 09:36:36,311.91,311.82,1,311.82,280,312.0,120,312.0,311.82,311.82,280,311.6,80,311.58,160,311.51,200,311.37,80,311.34,80,311.33,200,311.3,40,311.27,40,311.16,40,312.0,120,312.27,40,312.31,160,312.38,80,312.4,40,312.41,80,312.53,80,312.7,200,312.71,120,312.83,40
2026-02-05 09:36:37,311.91,311.82,1,311.82,280,312.0,120,312.0,311.82,311.82,280,311.6,80,311.58,160,311.51,200,311.37,80,311.34,80,311.33,200,311.3,40,311.27,40,311.16,40,312.0,120,312.27,40,312.31,160,312.38,80,312.4,40,312.41,80,312.53,80,312.7,200,312.71,120,312.83,40
2026-02-05 09:36:38,311.825,311.82,1,311.74,160,311.91,40,311.91,311.74,311.74,160,311.6,80,311.58,160,311.51,200,311.37,80,311.34,80,311.33,200,311.3,40,311.27,40,311.16,40,311.91,40,312.0,120,312.27,40,312.31,160,312.38,80,312.4,40,312.41,80,312.53,80,312.7,200,312.71,120
2026-02-05 09:36:39,311.845,311.83,1,311.74,160,311.95,40,311.95,311.74,311.74,160,311.6,80,311.58,160,311.51,200,311.37,80,311.34,80,311.33,200,311.3,40,311.27,40,311.16,40,311.95,40,312.0,120,312.27,40,312.31,160,312.38,80,312.4,40,312.41,80,312.53,80,312.7,200,312.71,120
2026-02-05 09:36:40,311.665,311.9,2,311.61,160,311.72,600,311.72,311.61,311.61,160,311.6,80,311.58,160,311.51,200,311.37,80,311.34,80,311.33,200,311.3,40,311.27,40,311.16,40,311.72,600,311.78,640,311.81,720,311.87,600,312.0,80,312.05,80,312.27,40,312.31,160,312.38,80,312.4,40
2026-02-05 09:36:41,311.665,311.95,2,311.61,160,311.72,600,311.72,311.61,311.61,160,311.6,80,311.58,160,311.51,200,311.37,80,311.34,80,311.33,200,311.3,40,311.27,40,311.16,40,311.72,600,311.78,640,311.81,720,311.87,600,312.0,80,312.05,80,312.27,40,312.31,160,312.38,80,312.4,40
2026-02-05 09:36:42,311.795,311.72,1,311.61,320,311.98,40,311.98,311.61,311.61,320,311.6,80,311.58,160,311.51,200,311.37,80,311.34,80,311.33,200,311.3,40,311.27,40,311.16,40,311.98,40,312.02,80,312.05,80,312.27,40,312.31,160,312.38,80,312.4,40,312.41,80,312.53,80,312.7,200
2026-02-05 09:36:43,311.805,311.81,2,311.61,320,312.0,40,312.0,311.61,311.61,320,311.6,80,311.58,160,311.51,200,311.37,80,311.34,80,311.33,200,311.3,40,311.27,40,311.16,40,312.0,40,312.05,40,312.27,40,312.31,160,312.38,80,312.4,40,312.41,80,312.53,80,312.7,200,312.71,120
2026-02-05 09:36:44,311.805,311.81,1,311.61,320,312.0,40,312.0,311.61,311.61,320,311.6,80,311.58,160,311.51,200,311.37,80,311.34,80,311.33,200,311.3,40,311.27,40,311.16,40,312.0,40,312.05,40,312.27,40,312.31,160,312.38,80,312.4,40,312.41,80,312.53,80,312.7,200,312.71,120
2026-02-05 09:36:45,311.805,311.81,1,311.61,320,312.0,40,312.0,311.61,311.61,320,311.6,80,311.58,160,311.51,200,311.37,80,311.34,80,311.33,200,311.3,40,311.27,40,311.16,40,312.0,40,312.05,40,312.27,40,312.31,160,312.38,80,312.4,40,312.41,80,312.53,80,312.7,200,312.71,120
2026-02-05 09:36:46,311.675,311.63,1,311.4,160,311.95,40,311.95,311.4,311.4,160,311.37,80,311.34,80,311.33,200,311.3,40,311.27,40,311.16,40,311.15,160,311.1,160,311.0,480,311.95,40,312.0,40,312.05,40,312.27,40,312.31,160,312.38,80,312.4,40,312.41,80,312.53,80,312.7,200
2026-02-05 09:36:47,311.675,311.63,1,311.4,280,311.95,40,311.95,311.4,311.4,280,311.37,80,311.34,80,311.33,200,311.3,40,311.27,40,311.16,40,311.15,160,311.1,160,311.0,480,311.95,40,312.0,40,312.05,40,312.27,40,312.31,160,312.38,80,312.4,40,312.41,80,312.53,80,312.7,200
2026-02-05 09:36:48,311.675,311.63,1,311.4,280,311.95,40,311.95,311.4,311.4,280,311.37,80,311.34,80,311.33,200,311.3,40,311.27,40,311.16,40,311.15,160,311.1,160,311.0,480,311.95,40,312.0,40,312.05,40,312.27,40,312.31,160,312.38,80,312.4,40,312.41,80,312.53,80,312.7,200
2026-02-05 09:36:49,311.68,311.68,5,311.41,80,311.95,40,311.95,311.41,311.41,80,311.4,40,311.38,120,311.37,80,311.34,80,311.33,200,311.3,40,311.27,40,311.16,40,311.15,160,311.95,40,312.0,40,312.05,40,312.27,40,312.31,160,312.38,80,312.4,40,312.41,80,312.53,80,312.7,200
2026-02-05 09:36:50,311.77,311.68,5,311.59,40,311.95,40,311.95,311.59,311.59,40,311.41,80,311.4,40,311.38,120,311.37,80,311.34,80,311.33,200,311.3,40,311.27,40,311.16,40,311.95,40,312.0,40,312.05,40,312.27,40,312.31,160,312.38,80,312.4,40,312.41,80,312.53,80,312.7,200
2026-02-05 09:36:51,311.77,311.68,5,311.59,40,311.95,40,311.95,311.59,311.59,40,311.41,80,311.4,40,311.38,120,311.37,80,311.34,80,311.33,200,311.3,40,311.27,40,311.16,40,311.95,40,312.0,40,312.05,40,312.27,40,312.31,160,312.38,80,312.4,40,312.41,80,312.53,80,312.7,200
2026-02-05 09:36:52,311.77,311.77,1,311.59,40,311.95,40,311.95,311.59,311.59,40,311.41,80,311.4,40,311.38,120,311.37,80,311.34,80,311.33,200,311.3,40,311.27,40,311.16,40,311.95,40,312.0,40,312.05,40,312.27,40,312.31,160,312.38,80,312.4,40,312.41,80,312.53,80,312.7,200
2026-02-05 09:36:53,311.77,311.77,1,311.59,160,311.95,40,311.95,311.59,311.59,160,311.41,80,311.4,40,311.38,120,311.37,80,311.34,80,311.33,200,311.3,40,311.27,40,311.16,40,311.95,40,312.0,40,312.05,40,312.27,40,312.31,160,312.38,80,312.4,40,312.41,80,312.53,80,312.7,200
2026-02-05 09:36:54,311.77,311.77,1,311.59,40,311.95,40,311.95,311.59,311.59,40,311.5,600,311.41,80,311.4,40,311.38,120,311.37,80,311.34,80,311.33,200,311.3,40,311.27,40,311.95,40,312.0,40,312.05,40,312.27,40,312.31,160,312.38,80,312.4,40,312.41,80,312.53,80,312.7,200
2026-02-05 09:36:55,311.84,311.77,1,311.73,40,311.95,40,311.95,311.73,311.73,40,311.72,120,311.59,40,311.5,600,311.41,80,311.4,40,311.38,120,311.37,80,311.34,80,311.33,200,311.95,40,312.0,40,312.05,40,312.27,40,312.31,160,312.38,80,312.4,40,312.41,80,312.53,80,312.7,200
2026-02-05 09:36:56,311.89,311.77,1,311.73,40,312.05,80,312.05,311.73,311.73,40,311.72,120,311.59,40,311.5,600,311.41,80,311.4,40,311.38,120,311.37,80,311.34,80,311.33,200,312.05,80,312.27,40,312.31,160,312.38,80,312.4,40,312.41,80,312.53,80,312.7,200,312.71,120,312.83,40
2026-02-05 09:36:57,311.76,311.77,1,311.59,40,311.93,120,311.93,311.59,311.59,40,311.5,600,311.41,80,311.4,40,311.38,120,311.37,80,311.34,80,311.33,200,311.3,40,311.27,40,311.93,120,312.0,40,312.05,80,312.27,40,312.31,160,312.38,80,312.4,40,312.41,80,312.53,80,312.7,200
2026-02-05 09:36:58,311.76,311.77,1,311.59,40,311.93,240,311.93,311.59,311.59,40,311.5,600,311.41,80,311.4,40,311.38,120,311.37,80,311.34,80,311.33,200,311.3,40,311.27,40,311.93,240,312.0,40,312.05,80,312.27,40,312.31,160,312.38,80,312.4,40,312.41,80,312.53,80,312.7,200
2026-02-05 09:36:59,311.76,311.77,1,311.59,40,311.93,240,311.93,311.59,311.59,40,311.5,600,311.41,80,311.4,40,311.38,120,311.37,80,311.34,80,311.33,200,311.3,40,311.27,40,311.93,240,312.0,40,312.05,80,312.27,40,312.31,160,312.38,80,312.4,40,312.41,80,312.53,80,312.7,200
2026-02-05 09:37:00,311.76,311.76,1,311.59,40,311.93,120,311.93,311.59,311.59,40,311.5,600,311.41,80,311.4,40,311.38,120,311.37,80,311.34,80,311.33,200,311.3,40,311.27,40,311.93,120,312.0,40,312.05,80,312.27,40,312.31,160,312.38,80,312.4,40,312.41,80,312.53,80,312.7,200
2026-02-05 09:37:01,311.76,311.76,1,311.59,40,311.93,120,311.93,311.59,311.59,40,311.5,600,311.41,80,311.4,40,311.38,120,311.37,80,311.34,80,311.33,200,311.3,40,311.27,40,311.93,120,312.0,40,312.05,80,312.27,40,312.31,160,312.38,80,312.4,40,312.41,80,312.53,80,312.7,200
2026-02-05 09:37:02,311.605,311.76,1,311.5,600,311.71,160,311.71,311.5,311.5,600,311.41,80,311.4,40,311.38,120,311.37,80,311.34,80,311.33,200,311.3,40,311.27,40,311.16,40,311.71,160,311.93,320,312.0,40,312.05,80,312.27,40,312.31,160,312.38,80,312.4,40,312.41,80,312.53,80
2026-02-05 09:37:03,311.68,311.61,5,311.5,600,311.86,160,311.86,311.5,311.5,600,311.41,80,311.4,40,311.38,120,311.37,80,311.34,80,311.33,200,311.3,40,311.27,40,311.16,40,311.86,160,311.93,320,312.0,40,312.05,80,312.27,40,312.31,160,312.38,80,312.4,40,312.41,80,312.53,80
2026-02-05 09:37:04,311.685,311.61,5,311.51,40,311.86,320,311.86,311.51,311.51,40,311.5,600,311.41,80,311.4,40,311.38,120,311.37,80,311.34,80,311.33,200,311.3,40,311.27,40,311.86,320,311.93,320,312.0,40,312.05,80,312.27,40,312.31,160,312.38,80,312.4,40,312.41,80,312.53,80
2026-02-05 09:37:05,311.625,311.61,5,311.5,600,311.75,280,311.75,311.5,311.5,600,311.41,80,311.4,40,311.38,120,311.37,80,311.34,80,311.33,200,311.3,40,311.27,40,311.16,40,311.75,280,311.86,280,311.93,320,312.0,40,312.05,80,312.27,40,312.31,160,312.38,80,312.4,40,312.41,80
2026-02-05 09:37:06,311.625,311.61,1,311.5,600,311.75,320,311.75,311.5,311.5,600,311.41,80,311.4,40,311.38,120,311.37,80,311.34,80,311.33,200,311.3,40,311.27,40,311.16,40,311.75,320,311.86,280,311.93,320,312.0,40,312.05,80,312.27,40,312.31,160,312.38,80,312.4,40,312.41,80
2026-02-05 09:37:07,311.625,311.61,1,311.5,600,311.75,320,311.75,311.5,311.5,600,311.41,80,311.4,40,311.38,120,311.37,80,311.34,80,311.33,200,311.3,40,311.27,40,311.16,40,311.75,320,311.86,280,311.93,320,312.0,40,312.05,80,312.27,40,312.31,160,312.38,80,312.4,40,312.41,80
2026-02-05 09:37:08,311.625,311.63,1,311.5,600,311.75,320,311.75,311.5,311.5,600,311.41,80,311.4,40,311.38,120,311.37,80,311.34,80,311.33,200,311.3,40,311.27,40,311.16,40,311.75,320,311.86,280,311.93,320,312.0,40,312.05,80,312.27,40,312.31,160,312.38,80,312.4,40,312.41,80
2026-02-05 09:37:09,312.05,312.04,1,311.85,240,312.25,80,312.25,311.85,311.85,240,311.82,40,311.74,40,311.73,40,311.56,80,311.55,200,311.51,80,311.5,600,311.41,80,311.4,40,312.25,80,312.27,40,312.31,160,312.38,80,312.4,40,312.41,80,312.53,80,312.7,200,312.71,120,312.83,40
2026-02-05 09:37:10,312.05,312.04,1,311.85,280,312.25,80,312.25,311.85,311.85,280,311.82,40,311.74,40,311.73,40,311.56,80,311.55,200,311.51,80,311.5,600,311.41,80,311.4,40,312.25,80,312.27,40,312.31,160,312.38,80,312.4,40,312.41,80,312.53,80,312.7,200,312.71,120,312.83,40
2026-02-05 09:37:11,312.05,312.04,1,311.85,280,312.25,80,312.25,311.85,311.85,280,311.82,40,311.74,40,311.73,40,311.56,80,311.55,200,311.51,80,311.5,600,311.41,80,311.4,40,312.25,80,312.27,40,312.31,160,312.38,80,312.4,40,312.41,80,312.53,80,312.7,200,312.71,120,312.83,40
2026-02-05 09:37:12,312.185,312.15,1,312.0,160,312.37,80,312.37,312.0,312.0,160,311.85,280,311.82,40,311.74,40,311.73,40,311.56,80,311.55,200,311.51,80,311.5,600,311.41,80,312.37,80,312.38,40,312.6,40,312.66,120,312.71,200,312.83,40,312.91,40,312.92,80,313.02,40,313.08,40
2026-02-05 09:37:13,312.025,312.0,1,311.85,200,312.2,40,312.2,311.85,311.85,200,311.82,40,311.74,40,311.73,40,311.56,80,311.55,200,311.51,80,311.5,600,311.41,80,311.4,40,312.2,40,312.3,40,312.37,40,312.38,40,312.6,40,312.66,120,312.71,200,312.83,40,312.91,40,312.92,80
2026-02-05 09:37:14,312.07,312.02,1,311.7,80,312.44,200,312.44,311.7,311.7,80,311.56,80,311.55,200,311.51,80,311.5,600,311.41,80,311.4,40,311.38,120,311.37,80,311.34,80,312.44,200,312.45,120,312.6,40,312.66,120,312.71,200,312.83,40,312.91,40,312.92,80,313.02,40,313.08,40
2026-02-05 09:37:15,312.06,312.02,1,311.7,80,312.42,40,312.42,311.7,311.7,80,311.56,80,311.55,200,311.51,80,311.5,600,311.41,80,311.4,40,311.38,120,311.37,80,311.34,80,312.42,40,312.44,200,312.45,120,312.6,40,312.66,120,312.71,200,312.83,40,312.91,40,312.92,80,313.02,40
2026-02-05 09:37:16,312.015,312.02,1,311.7,80,312.33,80,312.33,311.7,311.7,80,311.56,80,311.55,200,311.51,80,311.5,600,311.41,80,311.4,40,311.38,120,311.37,80,311.34,80,312.33,80,312.34,120,312.42,40,312.44,200,312.45,120,312.6,40,312.66,120,312.71,200,312.83,40,312.91,40
2026-02-05 09:37:16,312.015,312.02,1,311.7,80,312.33,80,312.33,311.7,311.7,80,311.56,80,311.55,200,311.51,80,311.5,600,311.41,80,311.4,40,311.38,120,311.37,80,311.34,80,312.33,80,312.34,120,312.42,40,312.44,200,312.45,120,312.6,40,312.66,120,312.71,200,312.83,40,312.91,40
2026-02-05 09:37:18,312.015,312.02,1,311.7,80,312.33,80,312.33,311.7,311.7,80,311.56,80,311.55,200,311.51,80,311.5,600,311.41,80,311.4,40,311.38,120,311.37,80,311.34,80,312.33,80,312.34,120,312.42,40,312.44,200,312.45,120,312.6,40,312.66,120,312.71,200,312.83,40,312.91,40
2026-02-05 09:37:19,312.09,312.02,1,311.85,120,312.33,80,312.33,311.85,311.85,120,311.7,120,311.56,80,311.55,200,311.51,80,311.5,600,311.41,80,311.4,40,311.38,120,311.37,80,312.33,80,312.34,120,312.42,40,312.44,200,312.45,120,312.6,40,312.66,120,312.71,200,312.83,40,312.91,40
2026-02-05 09:37:20,312.105,312.02,1,311.88,40,312.33,80,312.33,311.88,311.88,40,311.87,80,311.85,120,311.7,120,311.56,80,311.55,200,311.51,80,311.5,600,311.41,80,311.4,40,312.33,80,312.34,120,312.42,40,312.44,200,312.45,120,312.6,40,312.66,120,312.71,200,312.83,40,312.91,40
2026-02-05 09:37:21,312.105,312.02,1,311.88,240,312.33,80,312.33,311.88,311.88,240,311.87,80,311.85,120,311.7,120,311.56,80,311.55,200,311.51,80,311.5,600,311.41,80,311.4,40,312.33,80,312.34,120,312.42,40,312.44,200,312.45,120,312.6,40,312.66,120,312.71,200,312.83,40,312.91,40
2026-02-05 09:37:22,312.105,312.02,1,311.88,120,312.33,80,312.33,311.88,311.88,120,311.87,80,311.85,120,311.7,120,311.56,80,311.55,200,311.51,80,311.5,600,311.41,80,311.4,40,312.33,80,312.34,120,312.42,40,312.44,200,312.45,120,312.6,40,312.66,120,312.71,200,312.83,40,312.91,40
2026-02-05 09:37:23,312.105,312.03,3,311.88,120,312.33,80,312.33,311.88,311.88,120,311.87,80,311.85,120,311.7,120,311.56,80,311.55,200,311.51,80,311.5,600,311.41,80,311.4,40,312.33,80,312.34,120,312.42,40,312.44,200,312.45,120,312.6,40,312.66,120,312.71,200,312.83,40,312.91,40
