sim_time,mid_price,last_price,last_size,best_bid_price,best_bid_size,best_ask_price,best_ask_size,close_price_buy,close_price_sell,bid1_price,bid1_size,bid2_price,bid2_size,bid3_price,bid3_size,bid4_price,bid4_size,bid5_price,bid5_size,bid6_price,bid6_size,bid7_price,bid7_size,bid8_price,bid8_size,bid9_price,bid9_size,bid10_price,bid10_size,ask1_price,ask1_size,ask2_price,ask2_size,ask3_price,ask3_size,ask4_price,ask4_size,ask5_price,ask5_size,ask6_price,ask6_size,ask7_price,ask7_size,ask8_price,ask8_size,ask9_price,ask9_size,ask10_price,ask10_size
2020-10-29 09:30:25,96.04,96.03,1,96.01,3,96.07,8,96.07,96.01,96.01,3,96.0,6,95.99,1,95.98,5,95.97,6,95.96,5,95.93,11,95.91,3,95.9,4,95.87,5,96.07,8,96.08,2,96.09,5,96.1,6,96.11,9,96.16,3,96.21,2,96.22,2,96.6,2,,
2020-10-29 09:30:26,96.065,96.07,1,96.04,3,96.09,12,96.09,96.04,96.04,3,96.03,5,96.01,14,96.0,6,95.99,1,95.98,5,95.97,6,95.96,5,95.93,11,95.91,3,96.09,12,96.1,6,96.11,9,96.16,3,96.21,2,96.22,2,96.6,2,,,,,,
2020-10-29 09:30:27,96.055,96.06,1,96.03,12,96.08,1,96.08,96.03,96.03,12,96.01,14,96.0,6,95.99,1,95.98,5,95.97,6,95.96,5,95.93,11,95.91,3,95.9,4,96.08,1,96.09,13,96.1,6,96.11,9,96.16,3,96.21,2,96.22,2,96.6,2,,,,
2020-10-29 09:30:28,96.06,96.09,7,96.03,7,96.09,13,96.09,96.03,96.03,7,96.01,14,96.0,6,95.99,1,95.98,5,95.97,6,95.96,5,95.93,11,95.91,3,95.9,4,96.09,13,96.1,6,96.11,9,96.16,3,96.21,2,96.22,2,96.6,2,,,,,,
2020-10-29 09:30:29,96.06,96.06,1,96.03,9,96.09,13,96.09,96.03,96.03,9,96.01,14,96.0,6,95.99,1,95.98,5,95.97,6,95.96,5,95.93,11,95.91,3,95.9,4,96.09,13,96.1,6,96.11,9,96.16,3,96.21,2,96.22,2,96.6,2,,,,,,
2020-10-29 09:30:30,96.06,96.04,1,96.03,9,96.09,13,96.09,96.03,96.03,9,96.01,14,96.0,6,95.99,1,95.98,5,95.97,6,95.96,5,95.93,11,95.91,3,95.9,4,96.09,13,96.1,6,96.11,9,96.16,3,96.21,2,96.22,2,96.6,2,,,,,,
2020-10-29 09:30:31,96.09,96.09,1,96.06,16,96.12,1,96.12,96.06,96.06,16,96.05,9,96.04,8,96.03,9,96.01,14,96.0,6,95.99,1,95.98,5,95.97,6,95.96,5,96.12,1,96.13,11,96.14,9,96.16,3,96.21,2,96.22,2,96.6,2,,,,,,
2020-10-29 09:30:32,96.095,96.07,1,96.06,13,96.13,11,96.13,96.06,96.06,13,96.05,9,96.04,8,96.03,9,96.01,14,96.0,6,95.99,1,95.98,5,95.97,6,95.96,5,96.13,11,96.14,9,96.16,3,96.21,2,96.22,2,96.6,2,,,,,,,,
2020-10-29 09:30:34,96.095,96.07,1,96.06,13,96.13,11,96.13,96.06,96.06,13,96.05,9,96.04,8,96.03,9,96.01,14,96.0,6,95.99,1,95.98,5,95.97,6,95.96,5,96.13,11,96.14,9,96.16,3,96.21,2,96.22,2,96.6,2,,,,,,,,
2020-10-29 09:30:34,96.1,96.1,1,96.07,3,96.13,10,96.13,96.07,96.07,3,96.06,13,96.05,9,96.04,8,96.03,9,96.01,14,96.0,6,95.99,1,95.98,5,95.97,6,96.13,10,96.14,9,96.16,3,96.21,2,96.22,2,96.6,2,,,,,,,,
2020-10-29 09:30:35,96.16,96.16,1,96.12,4,96.2,2,96.2,96.12,96.12,4,96.1,11,96.09,13,96.08,11,96.07,2,96.06,13,96.05,9,96.04,8,96.03,9,96.01,14,96.2,2,96.21,2,96.22,2,96.6,2,,,,,,,,,,,,
2020-10-29 09:30:36,96.16,96.16,1,96.12,4,96.2,3,96.2,96.12,96.12,4,96.1,11,96.09,13,96.08,11,96.07,2,96.06,13,96.05,9,96.04,8,96.03,9,96.01,14,96.2,3,96.21,2,96.22,2,96.6,2,,,,,,,,,,,,
2020-10-29 09:30:38,96.16,96.19,1,96.12,8,96.2,3,96.2,96.12,96.12,8,96.1,11,96.09,13,96.08,11,96.07,2,96.06,13,96.05,9,96.04,8,96.03,9,96.01,14,96.2,3,96.21,2,96.22,2,96.6,2,,,,,,,,,,,,
2020-10-29 09:30:39,96.16,96.19,1,96.12,9,96.2,5,96.2,96.12,96.12,9,96.1,11,96.09,13,96.08,11,96.07,2,96.06,13,96.05,9,96.04,8,96.03,9,96.01,14,96.2,5,96.21,2,96.22,2,96.6,2,,,,,,,,,,,,
2020-10-29 09:30:39,96.22,96.2,1,96.18,12,96.26,5,96.26,96.18,96.18,12,96.17,9,96.16,10,96.15,3,96.14,4,96.13,14,96.12,9,96.1,11,96.09,13,96.08,11,96.26,5,96.6,2,,,,,,,,,,,,,,,,
2020-10-29 09:30:41,96.22,96.23,1,96.18,12,96.26,5,96.26,96.18,96.18,12,96.17,9,96.16,10,96.15,3,96.14,4,96.13,14,96.12,9,96.1,11,96.09,13,96.08,11,96.26,5,96.6,2,,,,,,,,,,,,,,,,
2020-10-29 09:30:41,96.23,96.23,1,96.2,12,96.26,2,96.26,96.2,96.2,12,96.19,9,96.18,16,96.17,9,96.16,10,96.15,3,96.14,4,96.13,14,96.12,9,96.1,11,96.26,3,96.27,5,96.28,1,96.6,2,,,,,,,,,,,,
2020-10-29 09:30:43,96.26,96.23,1,96.23,7,96.29,6,96.29,96.23,96.23,7,96.22,12,96.21,13,96.2,12,96.19,9,96.18,16,96.17,9,96.16,10,96.15,3,96.14,4,96.29,6,96.3,6,96.6,2,,,,,,,,,,,,,,
2020-10-29 09:30:43,96.26,96.23,1,96.23,7,96.29,6,96.29,96.23,96.23,7,96.22,12,96.21,13,96.2,12,96.19,9,96.18,16,96.17,9,96.16,10,96.15,3,96.14,4,96.29,6,96.3,6,96.6,2,,,,,,,,,,,,,,
2020-10-29 09:30:44,96.265,96.27,1,96.23,9,96.3,6,96.3,96.23,96.23,9,96.22,12,96.21,13,96.2,12,96.19,9,96.18,16,96.17,9,96.16,10,96.15,3,96.14,4,96.3,6,96.6,2,,,,,,,,,,,,,,,,
2020-10-29 09:30:46,96.27,96.25,1,96.23,13,96.31,9,96.31,96.23,96.23,13,96.22,12,96.21,13,96.2,12,96.19,9,96.18,16,96.17,9,96.16,10,96.15,3,96.14,4,96.31,9,96.6,2,,,,,,,,,,,,,,,,
2020-10-29 09:30:47,96.275,96.25,1,96.24,4,96.31,10,96.31,96.24,96.24,4,96.23,19,96.22,12,96.21,13,96.2,12,96.19,9,96.18,16,96.17,9,96.16,10,96.15,3,96.31,10,96.6,2,,,,,,,,,,,,,,,,
2020-10-29 09:30:47,96.275,96.25,1,96.24,7,96.31,10,96.31,96.24,96.24,7,96.23,19,96.22,12,96.21,13,96.2,12,96.19,9,96.18,16,96.17,9,96.16,10,96.15,3,96.31,10,96.6,2,,,,,,,,,,,,,,,,
2020-10-29 09:30:49,96.28,96.31,1,96.25,11,96.31,1,96.31,96.25,96.25,11,96.24,11,96.23,19,96.22,12,96.21,13,96.2,12,96.19,9,96.18,16,96.17,9,96.16,10,96.31,1,96.32,14,96.33,5,96.34,1,96.6,2,,,,,,,,,,
2020-10-29 09:30:50,96.28,96.31,1,96.25,11,96.31,1,96.31,96.25,96.25,11,96.24,11,96.23,19,96.22,12,96.21,13,96.2,12,96.19,9,96.18,16,96.17,9,96.16,10,96.31,1,96.32,14,96.33,5,96.34,1,96.6,2,,,,,,,,,,
2020-10-29 09:30:51,96.28,96.31,1,96.25,14,96.31,6,96.31,96.25,96.25,14,96.24,11,96.23,19,96.22,12,96.21,13,96.2,12,96.19,9,96.18,16,96.17,9,96.16,10,96.31,6,96.32,14,96.33,5,96.34,1,96.6,2,,,,,,,,,,
2020-10-29 09:30:51,96.28,96.31,1,96.25,14,96.31,6,96.31,96.25,96.25,14,96.24,11,96.23,19,96.22,12,96.21,13,96.2,12,96.19,9,96.18,16,96.17,9,96.16,10,96.31,6,96.32,14,96.33,5,96.34,1,96.6,2,,,,,,,,,,
2020-10-29 09:30:53,96.28,96.31,1,96.25,9,96.31,6,96.31,96.25,96.25,9,96.24,11,96.23,19,96.22,12,96.21,13,96.2,12,96.19,9,96.18,16,96.17,9,96.16,10,96.31,6,96.32,14,96.33,5,96.34,1,96.6,2,,,,,,,,,,
2020-10-29 09:30:54,96.295,96.31,2,96.28,7,96.31,5,96.31,96.28,96.28,7,96.27,9,96.26,11,96.25,9,96.24,11,96.23,19,96.22,12,96.21,13,96.2,12,96.19,9,96.31,5,96.32,14,96.33,5,96.34,1,96.6,2,,,,,,,,,,
2020-10-29 09:30:55,96.295,96.31,1,96.28,9,96.31,5,96.31,96.28,96.28,9,96.27,9,96.26,11,96.25,9,96.24,11,96.23,19,96.22,12,96.21,13,96.2,12,96.19,9,96.31,5,96.32,14,96.33,5,96.34,1,96.6,2,,,,,,,,,,
2020-10-29 09:30:56,96.365,96.34,9,96.33,8,96.4,2,96.4,96.33,96.33,8,96.32,10,96.31,14,96.3,7,96.28,9,96.27,9,96.26,11,96.25,9,96.24,11,96.23,19,96.4,2,96.6,2,,,,,,,,,,,,,,,,
2020-10-29 09:30:57,96.405,96.38,1,96.38,4,96.43,10,96.43,96.38,96.38,4,96.37,9,96.36,8,96.35,13,96.33,14,96.32,10,96.31,14,96.3,7,96.28,9,96.27,9,96.43,10,96.6,2,,,,,,,,,,,,,,,,
2020-10-29 09:30:58,96.405,96.38,1,96.38,8,96.43,10,96.43,96.38,96.38,8,96.37,9,96.36,8,96.35,13,96.33,14,96.32,10,96.31,14,96.3,7,96.28,9,96.27,9,96.43,10,96.6,2,,,,,,,,,,,,,,,,
2020-10-29 09:30:59,96.45,96.45,1,96.42,9,96.48,8,96.48,96.42,96.42,9,96.41,8,96.4,13,96.39,7,96.38,8,96.37,9,96.36,8,96.35,13,96.33,14,96.32,10,96.48,8,96.49,2,96.6,2,,,,,,,,,,,,,,
2020-10-29 09:31:00,96.485,96.53,2,96.44,7,96.53,2,96.53,96.44,96.44,7,96.43,9,96.42,9,96.41,8,96.4,13,96.39,7,96.38,8,96.37,9,96.36,8,96.35,13,96.53,2,96.6,2,,,,,,,,,,,,,,,,
2020-10-29 09:31:01,96.475,96.49,1,96.45,12,96.5,3,96.5,96.45,96.45,12,96.44,7,96.43,9,96.42,9,96.41,8,96.4,13,96.39,7,96.38,8,96.37,9,96.36,8,96.5,3,96.53,2,96.6,2,,,,,,,,,,,,,,
2020-10-29 09:31:02,96.385,96.41,1,96.35,8,96.42,7,96.42,96.35,96.35,8,96.34,10,96.33,15,96.32,10,96.31,14,96.3,7,96.28,9,96.27,9,96.26,11,96.25,9,96.42,7,96.43,15,96.44,7,96.45,8,96.46,3,96.47,4,96.51,1,96.53,2,96.6,2,,
2020-10-29 09:31:03,96.38,96.39,2,96.34,13,96.42,7,96.42,96.34,96.34,13,96.33,15,96.32,10,96.31,14,96.3,7,96.28,9,96.27,9,96.26,11,96.25,9,96.24,11,96.42,7,96.43,15,96.44,7,96.45,8,96.46,3,96.47,4,96.51,1,96.53,2,96.6,2,,
2020-10-29 09:31:04,96.395,96.41,10,96.36,12,96.43,16,96.43,96.36,96.36,12,96.35,10,96.34,13,96.33,15,96.32,10,96.31,14,96.3,7,96.28,9,96.27,9,96.26,11,96.43,16,96.44,7,96.45,8,96.46,3,96.47,4,96.51,1,96.53,2,96.6,2,,,,
2020-10-29 09:31:05,96.425,96.48,8,96.39,11,96.46,9,96.46,96.39,96.39,11,96.38,7,96.36,16,96.35,10,96.34,13,96.33,15,96.32,10,96.31,14,96.3,7,96.28,9,96.46,9,96.47,7,96.48,9,96.51,1,96.53,2,96.6,2,,,,,,,,
2020-10-29 09:31:06,96.43,96.45,1,96.39,11,96.47,9,96.47,96.39,96.39,11,96.38,7,96.36,16,96.35,10,96.34,13,96.33,15,96.32,10,96.31,14,96.3,7,96.28,9,96.47,9,96.48,9,96.51,1,96.53,2,96.6,2,,,,,,,,,,
2020-10-29 09:31:08,96.41,96.45,1,96.38,8,96.44,5,96.44,96.38,96.38,8,96.36,16,96.35,10,96.34,13,96.33,15,96.32,10,96.31,14,96.3,7,96.28,9,96.27,9,96.44,5,96.45,3,96.47,7,96.48,9,96.51,1,96.53,2,96.6,2,,,,,,
2020-10-29 09:31:09,96.41,96.45,1,96.38,8,96.44,5,96.44,96.38,96.38,8,96.36,16,96.35,10,96.34,13,96.33,15,96.32,10,96.31,14,96.3,7,96.28,9,96.27,9,96.44,5,96.45,3,96.47,7,96.48,9,96.51,1,96.53,2,96.6,2,,,,,,
2020-10-29 09:31:10,96.41,96.41,1,96.38,7,96.44,5,96.44,96.38,96.38,7,96.36,16,96.35,10,96.34,13,96.33,15,96.32,10,96.31,14,96.3,7,96.28,9,96.27,9,96.44,5,96.45,3,96.47,7,96.48,9,96.51,1,96.53,2,96.6,2,,,,,,
2020-10-29 09:31:11,96.41,96.41,1,96.38,7,96.44,5,96.44,96.38,96.38,7,96.36,16,96.35,10,96.34,13,96.33,15,96.32,10,96.31,14,96.3,7,96.28,9,96.27,9,96.44,5,96.45,3,96.47,7,96.48,9,96.51,1,96.53,2,96.6,2,,,,,,
2020-10-29 09:31:12,96.41,96.41,1,96.38,7,96.44,5,96.44,96.38,96.38,7,96.36,16,96.35,10,96.34,13,96.33,15,96.32,10,96.31,14,96.3,7,96.28,9,96.27,9,96.44,5,96.45,3,96.47,7,96.48,9,96.51,1,96.53,2,96.6,2,,,,,,
2020-10-29 09:31:13,96.41,96.41,1,96.38,7,96.44,5,96.44,96.38,96.38,7,96.36,16,96.35,10,96.34,13,96.33,15,96.32,10,96.31,14,96.3,7,96.28,9,96.27,9,96.44,5,96.45,3,96.47,7,96.48,9,96.51,1,96.53,2,96.6,2,,,,,,
2020-10-29 09:31:14,96.415,96.41,1,96.39,3,96.44,6,96.44,96.39,96.39,3,96.38,8,96.36,16,96.35,10,96.34,13,96.33,15,96.32,10,96.31,14,96.3,7,96.28,9,96.44,6,96.45,3,96.47,7,96.48,9,96.51,1,96.53,2,96.6,2,,,,,,
2020-10-29 09:31:15,96.41,96.41,1,96.38,8,96.44,3,96.44,96.38,96.38,8,96.36,16,96.35,10,96.34,13,96.33,15,96.32,10,96.31,14,96.3,7,96.28,9,96.27,9,96.44,3,96.47,12,96.48,9,96.51,1,96.53,2,96.6,2,,,,,,,,
2020-10-29 09:31:16,96.365,96.37,2,96.34,12,96.39,5,96.39,96.34,96.34,12,96.33,15,96.32,10,96.31,14,96.3,7,96.28,9,96.27,9,96.26,11,96.25,9,96.24,11,96.39,5,96.4,1,96.42,1,96.43,4,96.44,3,96.47,12,96.48,9,96.51,1,96.53,2,96.6,2
2020-10-29 09:31:17,96.355,96.39,1,96.33,13,96.38,1,96.38,96.33,96.33,13,96.32,9,96.31,3,96.3,14,96.28,9,96.27,9,96.26,11,96.25,9,96.24,11,96.23,19,96.38,1,96.39,10,96.4,11,96.41,1,96.42,2,96.43,1,96.44,1,96.47,11,96.48,9,96.51,1
2020-10-29 09:31:18,96.36,96.34,1,96.34,6,96.38,3,96.38,96.34,96.34,6,96.33,8,96.32,12,96.31,3,96.3,14,96.28,9,96.27,9,96.26,11,96.25,9,96.24,11,96.38,3,96.39,10,96.4,11,96.41,1,96.42,2,96.43,1,96.44,1,96.47,11,96.48,9,96.51,1
2020-10-29 09:31:19,96.36,96.38,1,96.34,6,96.38,2,96.38,96.34,96.34,6,96.33,8,96.32,12,96.31,3,96.3,14,96.28,9,96.27,9,96.26,11,96.25,9,96.24,11,96.38,2,96.39,10,96.4,11,96.41,1,96.42,2,96.43,1,96.44,1,96.47,11,96.48,9,96.51,1
2020-10-29 09:31:20,96.385,96.38,1,96.34,6,96.43,2,96.43,96.34,96.34,6,96.33,8,96.32,12,96.31,3,96.3,14,96.28,9,96.27,9,96.26,11,96.25,9,96.24,11,96.43,2,96.44,1,96.47,11,96.48,9,96.51,1,96.53,2,96.6,2,,,,,,
2020-10-29 09:31:21,96.36,96.38,1,96.34,6,96.38,2,96.38,96.34,96.34,6,96.33,8,96.32,12,96.31,3,96.3,14,96.28,9,96.27,9,96.26,11,96.25,9,96.24,11,96.38,2,96.43,2,96.44,1,96.47,11,96.48,9,96.51,1,96.53,2,96.6,2,,,,
2020-10-29 09:31:22,96.36,96.38,1,96.34,6,96.38,3,96.38,96.34,96.34,6,96.33,8,96.32,12,96.31,3,96.3,14,96.28,9,96.27,9,96.26,11,96.25,9,96.24,11,96.38,3,96.43,2,96.44,1,96.47,11,96.48,9,96.51,1,96.53,2,96.6,2,,,,
2020-10-29 09:31:23,96.36,96.38,1,96.34,6,96.38,3,96.38,96.34,96.34,6,96.33,8,96.32,12,96.31,3,96.3,14,96.28,9,96.27,9,96.26,11,96.25,9,96.24,11,96.38,3,96.43,2,96.44,1,96.47,11,96.48,9,96.51,1,96.53,2,96.6,2,,,,
2020-10-29 09:31:24,96.43,96.43,1,96.4,4,96.46,9,96.46,96.4,96.4,4,96.39,8,96.38,5,96.35,2,96.34,6,96.33,8,96.32,12,96.31,3,96.3,14,96.28,9,96.46,9,96.47,10,96.48,9,96.51,1,96.53,2,96.6,2,,,,,,,,
2020-10-29 09:31:25,96.37,96.34,1,96.34,9,96.4,8,96.4,96.34,96.34,9,96.33,8,96.32,12,96.31,3,96.3,14,96.28,9,96.27,9,96.26,11,96.25,9,96.24,11,96.4,8,96.41,10,96.42,8,96.43,4,96.46,9,96.47,10,96.48,9,96.51,1,96.53,2,96.6,2
2020-10-29 09:31:26,96.365,96.35,1,96.34,21,96.39,1,96.39,96.34,96.34,21,96.33,8,96.32,12,96.31,3,96.3,14,96.28,9,96.27,9,96.26,11,96.25,9,96.24,11,96.39,1,96.4,8,96.41,10,96.42,8,96.43,4,96.46,9,96.47,10,96.48,9,96.51,1,96.53,2
2020-10-29 09:31:27,96.36,96.37,1,96.34,2,96.38,16,96.38,96.34,96.34,2,96.33,9,96.32,12,96.31,3,96.3,14,96.28,9,96.27,9,96.26,11,96.25,9,96.24,11,96.38,16,96.39,1,96.4,8,96.41,10,96.42,8,96.43,4,96.46,9,96.47,10,96.48,9,96.51,1
2020-10-29 09:31:28,96.285,96.31,1,96.26,10,96.31,3,96.31,96.26,96.26,10,96.25,9,96.24,11,96.23,19,96.22,12,96.21,13,96.2,12,96.19,9,96.18,16,96.17,9,96.31,3,96.32,5,96.33,11,96.35,5,96.37,1,96.38,16,96.39,1,96.4,8,96.41,10,96.42,8
2020-10-29 09:31:29,96.315,96.3,10,96.28,8,96.35,8,96.35,96.28,96.28,8,96.27,11,96.26,12,96.25,9,96.24,11,96.23,19,96.22,12,96.21,13,96.2,12,96.19,9,96.35,8,96.36,5,96.37,16,96.38,14,96.39,1,96.4,8,96.41,10,96.42,8,96.43,4,96.46,9
2020-10-29 09:31:30,96.315,96.3,1,96.29,8,96.34,5,96.34,96.29,96.29,8,96.28,9,96.27,11,96.26,12,96.25,9,96.24,11,96.23,19,96.22,12,96.21,13,96.2,12,96.34,5,96.35,10,96.36,10,96.37,16,96.38,14,96.39,1,96.4,8,96.41,10,96.42,8,96.43,4
2020-10-29 09:31:31,96.315,96.3,1,96.29,8,96.34,5,96.34,96.29,96.29,8,96.28,9,96.27,11,96.26,12,96.25,9,96.24,11,96.23,19,96.22,12,96.21,13,96.2,12,96.34,5,96.35,10,96.36,10,96.37,16,96.38,14,96.39,1,96.4,8,96.41,10,96.42,8,96.43,4
2020-10-29 09:31:32,96.32,96.3,1,96.29,8,96.35,11,96.35,96.29,96.29,8,96.28,9,96.27,11,96.26,12,96.25,9,96.24,11,96.23,19,96.22,12,96.21,13,96.2,12,96.35,11,96.36,10,96.37,16,96.38,14,96.39,1,96.4,8,96.41,10,96.42,8,96.43,4,96.46,9
2020-10-29 09:31:33,96.32,96.3,1,96.29,8,96.35,11,96.35,96.29,96.29,8,96.28,9,96.27,11,96.26,12,96.25,9,96.24,11,96.23,19,96.22,12,96.21,13,96.2,12,96.35,11,96.36,10,96.37,16,96.38,14,96.39,1,96.4,8,96.41,10,96.42,8,96.43,4,96.46,9
2020-10-29 09:31:34,96.32,96.3,1,96.29,8,96.35,14,96.35,96.29,96.29,8,96.28,9,96.27,11,96.26,12,96.25,9,96.24,11,96.23,19,96.22,12,96.21,13,96.2,12,96.35,14,96.36,10,96.37,16,96.38,14,96.39,1,96.4,8,96.41,10,96.42,8,96.43,4,96.46,9
2020-10-29 09:31:35,96.32,96.3,1,96.29,8,96.35,15,96.35,96.29,96.29,8,96.28,9,96.27,11,96.26,12,96.25,9,96.24,11,96.23,19,96.22,12,96.21,13,96.2,12,96.35,15,96.36,10,96.37,16,96.38,14,96.39,1,96.4,8,96.41,10,96.42,8,96.43,4,96.46,9
2020-10-29 09:31:36,96.32,96.3,1,96.29,8,96.35,15,96.35,96.29,96.29,8,96.28,9,96.27,11,96.26,12,96.25,9,96.24,11,96.23,19,96.22,12,96.21,13,96.2,12,96.35,15,96.36,10,96.37,16,96.38,14,96.39,1,96.4,8,96.41,10,96.42,8,96.43,4,96.46,9
2020-10-29 09:31:37,96.32,96.35,1,96.29,8,96.35,15,96.35,96.29,96.29,8,96.28,9,96.27,11,96.26,12,96.25,9,96.24,11,96.23,19,96.22,12,96.21,13,96.2,12,96.35,15,96.36,10,96.37,16,96.38,14,96.39,1,96.4,8,96.41,10,96.42,8,96.43,4,96.46,9
2020-10-29 09:31:38,96.305,96.28,1,96.28,10,96.33,6,96.33,96.28,96.28,10,96.27,10,96.26,12,96.25,9,96.24,11,96.23,19,96.22,12,96.21,13,96.2,12,96.19,9,96.33,6,96.34,2,96.35,15,96.36,10,96.37,16,96.38,14,96.39,1,96.4,8,96.41,10,96.42,8
2020-10-29 09:31:39,96.295,96.32,10,96.27,10,96.32,4,96.32,96.27,96.27,10,96.26,12,96.25,9,96.24,11,96.23,19,96.22,12,96.21,13,96.2,12,96.19,9,96.18,16,96.32,4,96.33,6,96.34,2,96.35,15,96.36,10,96.37,16,96.38,14,96.39,1,96.4,8,96.41,10
2020-10-29 09:31:40,96.295,96.28,1,96.27,14,96.32,4,96.32,96.27,96.27,14,96.26,12,96.25,9,96.24,11,96.23,19,96.22,12,96.21,13,96.2,12,96.19,9,96.18,16,96.32,4,96.33,6,96.34,2,96.35,15,96.36,10,96.37,16,96.38,14,96.39,1,96.4,8,96.41,10
2020-10-29 09:31:41,96.27,96.3,6,96.24,15,96.3,8,96.3,96.24,96.24,15,96.23,20,96.22,12,96.21,13,96.2,12,96.19,9,96.18,16,96.17,9,96.16,10,96.15,3,96.3,8,96.31,5,96.32,4,96.33,6,96.34,2,96.35,15,96.36,10,96.37,16,96.38,14,96.39,1
2020-10-29 09:31:42,96.21,96.2,7,96.19,3,96.23,4,96.23,96.19,96.19,3,96.18,16,96.17,9,96.16,10,96.15,3,96.14,4,96.13,14,96.12,9,96.1,11,96.09,13,96.23,4,96.25,3,96.26,4,96.29,3,96.3,12,96.31,5,96.32,4,96.33,6,96.34,2,96.35,15
2020-10-29 09:31:43,96.24,96.21,1,96.2,1,96.28,4,96.28,96.2,96.2,1,96.19,7,96.18,16,96.17,9,96.16,10,96.15,3,96.14,4,96.13,14,96.12,9,96.1,11,96.28,4,96.29,8,96.3,13,96.31,5,96.32,4,96.33,6,96.34,2,96.35,15,96.36,10,96.37,16
2020-10-29 09:31:44,96.225,96.2,1,96.2,9,96.25,4,96.25,96.2,96.2,9,96.19,20,96.18,16,96.17,9,96.16,10,96.15,3,96.14,4,96.13,14,96.12,9,96.1,11,96.25,4,96.26,3,96.27,14,96.28,11,96.29,8,96.3,13,96.31,5,96.32,4,96.33,6,96.34,2
2020-10-29 09:31:45,96.225,96.2,1,96.2,11,96.25,4,96.25,96.2,96.2,11,96.19,20,96.18,16,96.17,9,96.16,10,96.15,3,96.14,4,96.13,14,96.12,9,96.1,11,96.25,4,96.26,3,96.27,14,96.28,11,96.29,8,96.3,13,96.31,5,96.32,4,96.33,6,96.34,2
2020-10-29 09:31:46,96.225,96.2,1,96.2,2,96.25,4,96.25,96.2,96.2,2,96.19,20,96.18,16,96.17,9,96.16,10,96.15,3,96.14,4,96.13,14,96.12,9,96.1,11,96.25,4,96.26,3,96.27,14,96.28,11,96.29,8,96.3,13,96.31,5,96.32,4,96.33,6,96.34,2
2020-10-29 09:31:47,96.16,96.16,1,96.14,1,96.18,1,96.18,96.14,96.14,1,96.13,5,96.12,9,96.1,11,96.09,13,96.08,11,96.07,2,96.06,13,96.05,9,96.04,8,96.18,1,96.19,8,96.2,10,96.21,1,96.23,5,96.24,1,96.25,5,96.26,3,96.27,14,96.28,11
2020-10-29 09:31:48,96.19,96.2,1,96.15,3,96.23,6,96.23,96.15,96.15,3,96.14,11,96.13,6,96.12,9,96.1,11,96.09,13,96.08,11,96.07,2,96.06,13,96.05,9,96.23,6,96.24,1,96.25,5,96.26,3,96.27,14,96.28,11,96.29,8,96.3,13,96.31,5,96.32,4
2020-10-29 09:31:49,96.19,96.2,1,96.15,3,96.23,6,96.23,96.15,96.15,3,96.14,11,96.13,6,96.12,9,96.1,11,96.09,13,96.08,11,96.07,2,96.06,13,96.05,9,96.23,6,96.24,1,96.25,5,96.26,3,96.27,14,96.28,11,96.29,8,96.3,13,96.31,5,96.32,4
2020-10-29 09:31:50,96.19,96.16,1,96.15,3,96.23,6,96.23,96.15,96.15,3,96.14,11,96.13,6,96.12,9,96.1,11,96.09,13,96.08,11,96.07,2,96.06,13,96.05,9,96.23,6,96.24,1,96.25,5,96.26,3,96.27,14,96.28,11,96.29,8,96.3,13,96.31,5,96.32,4
2020-10-29 09:31:51,96.22,96.23,1,96.18,7,96.26,2,96.26,96.18,96.18,7,96.17,4,96.16,12,96.15,3,96.14,11,96.13,6,96.12,9,96.1,11,96.09,13,96.08,11,96.26,2,96.27,9,96.28,11,96.29,8,96.3,13,96.31,5,96.32,4,96.33,6,96.34,2,96.35,15
2020-10-29 09:31:52,96.225,96.23,1,96.18,7,96.27,1,96.27,96.18,96.18,7,96.17,4,96.16,12,96.15,3,96.14,11,96.13,6,96.12,9,96.1,11,96.09,13,96.08,11,96.27,1,96.28,13,96.29,8,96.3,13,96.31,5,96.32,4,96.33,6,96.34,2,96.35,15,96.36,10
2020-10-29 09:31:53,96.23,96.23,1,96.18,7,96.28,13,96.28,96.18,96.18,7,96.17,4,96.16,12,96.15,3,96.14,11,96.13,6,96.12,9,96.1,11,96.09,13,96.08,11,96.28,13,96.29,8,96.3,13,96.31,5,96.32,4,96.33,6,96.34,2,96.35,15,96.36,10,96.37,16
2020-10-29 09:31:54,96.23,96.23,1,96.18,7,96.28,13,96.28,96.18,96.18,7,96.17,4,96.16,12,96.15,3,96.14,11,96.13,6,96.12,9,96.1,11,96.09,13,96.08,11,96.28,13,96.29,8,96.3,13,96.31,5,96.32,4,96.33,6,96.34,2,96.35,15,96.36,10,96.37,16
2020-10-29 09:31:55,96.225,96.23,1,96.18,7,96.27,7,96.27,96.18,96.18,7,96.17,4,96.16,12,96.15,3,96.14,11,96.13,6,96.12,9,96.1,11,96.09,13,96.08,11,96.27,7,96.28,13,96.29,8,96.3,13,96.31,5,96.32,4,96.33,6,96.34,2,96.35,15,96.36,10
2020-10-29 09:31:56,96.16,96.18,1,96.14,14,96.18,4,96.18,96.14,96.14,14,96.13,6,96.12,9,96.1,11,96.09,13,96.08,11,96.07,2,96.06,13,96.05,9,96.04,8,96.18,4,96.21,8,96.22,4,96.23,13,96.24,9,96.25,9,96.26,7,96.27,7,96.28,13,96.29,8
2020-10-29 09:31:57,96.175,96.15,2,96.14,14,96.21,12,96.21,96.14,96.14,14,96.13,6,96.12,9,96.1,11,96.09,13,96.08,11,96.07,2,96.06,13,96.05,9,96.04,8,96.21,12,96.22,4,96.23,13,96.24,9,96.25,9,96.26,7,96.27,7,96.28,13,96.29,8,96.3,13
2020-10-29 09:31:58,96.175,96.15,2,96.14,14,96.21,12,96.21,96.14,96.14,14,96.13,6,96.12,9,96.1,11,96.09,13,96.08,11,96.07,2,96.06,13,96.05,9,96.04,8,96.21,12,96.22,4,96.23,13,96.24,9,96.25,9,96.26,7,96.27,7,96.28,13,96.29,8,96.3,13
2020-10-29 09:31:59,96.17,96.16,1,96.14,15,96.2,4,96.2,96.14,96.14,15,96.13,6,96.12,9,96.1,11,96.09,13,96.08,11,96.07,2,96.06,13,96.05,9,96.04,8,96.2,4,96.21,13,96.22,4,96.23,13,96.24,9,96.25,9,96.26,7,96.27,7,96.28,13,96.29,8
2020-10-29 09:32:00,96.18,96.19,4,96.16,8,96.2,4,96.2,96.16,96.16,8,96.15,9,96.14,15,96.13,6,96.12,9,96.1,11,96.09,13,96.08,11,96.07,2,96.06,13,96.2,4,96.21,13,96.22,4,96.23,13,96.24,9,96.25,9,96.26,7,96.27,7,96.28,13,96.29,8
2020-10-29 09:32:01,96.185,96.19,4,96.16,10,96.21,13,96.21,96.16,96.16,10,96.15,9,96.14,15,96.13,6,96.12,9,96.1,11,96.09,13,96.08,11,96.07,2,96.06,13,96.21,13,96.22,4,96.23,13,96.24,9,96.25,9,96.26,7,96.27,7,96.28,13,96.29,8,96.3,13
2020-10-29 09:32:02,96.22,96.2,9,96.19,1,96.25,10,96.25,96.19,96.19,1,96.18,3,96.16,15,96.15,9,96.14,15,96.13,6,96.12,9,96.1,11,96.09,13,96.08,11,96.25,10,96.26,7,96.27,7,96.28,13,96.29,8,96.3,13,96.31,5,96.32,4,96.33,6,96.34,2
2020-10-29 09:32:03,96.225,96.2,9,96.2,18,96.25,10,96.25,96.2,96.2,18,96.19,15,96.18,3,96.16,15,96.15,9,96.14,15,96.13,6,96.12,9,96.1,11,96.09,13,96.25,10,96.26,7,96.27,7,96.28,13,96.29,8,96.3,13,96.31,5,96.32,4,96.33,6,96.34,2
2020-10-29 09:32:04,96.3,96.3,1,96.27,15,96.33,16,96.33,96.27,96.27,15,96.26,10,96.25,15,96.23,9,96.22,9,96.21,13,96.2,20,96.19,15,96.18,3,96.16,15,96.33,16,96.34,2,96.35,15,96.36,10,96.37,16,96.38,14,96.39,1,96.4,8,96.41,10,96.42,8
2020-10-29 09:32:05,96.3,96.3,9,96.27,14,96.33,16,96.33,96.27,96.27,14,96.26,10,96.25,15,96.23,9,96.22,9,96.21,13,96.2,20,96.19,15,96.18,3,96.16,15,96.33,16,96.34,2,96.35,15,96.36,10,96.37,16,96.38,14,96.39,1,96.4,8,96.41,10,96.42,8
2020-10-29 09:32:06,96.3,96.3,9,96.27,14,96.33,16,96.33,96.27,96.27,14,96.26,10,96.25,15,96.23,9,96.22,9,96.21,13,96.2,20,96.19,15,96.18,3,96.16,15,96.33,16,96.34,2,96.35,15,96.36,10,96.37,16,96.38,14,96.39,1,96.4,8,96.41,10,96.42,8
2020-10-29 09:32:07,96.3,96.3,9,96.27,14,96.33,16,96.33,96.27,96.27,14,96.26,10,96.25,15,96.23,9,96.22,9,96.21,13,96.2,20,96.19,15,96.18,3,96.16,15,96.33,16,96.34,2,96.35,15,96.36,10,96.37,16,96.38,14,96.39,1,96.4,8,96.41,10,96.42,8
2020-10-29 09:32:08,96.22,96.22,1,96.19,3,96.25,3,96.25,96.19,96.19,3,96.17,5,96.16,15,96.15,9,96.14,15,96.13,6,96.12,9,96.1,11,96.09,13,96.08,11,96.25,3,96.26,1,96.27,3,96.28,18,96.29,7,96.3,1,96.32,1,96.33,16,96.34,2,96.35,15
2020-10-29 09:32:09,96.205,96.24,1,96.19,3,96.22,1,96.22,96.19,96.19,3,96.17,5,96.16,15,96.15,9,96.14,15,96.13,6,96.12,9,96.1,11,96.09,13,96.08,11,96.22,1,96.23,4,96.24,8,96.25,14,96.26,1,96.27,3,96.28,18,96.29,7,96.3,1,96.32,1
2020-10-29 09:32:10,96.17,96.18,46,96.14,20,96.2,1,96.2,96.14,96.14,20,96.13,6,96.12,9,96.1,11,96.09,13,96.08,11,96.07,2,96.06,13,96.05,9,96.04,8,96.2,1,96.21,1,96.22,1,96.23,4,96.24,8,96.25,14,96.26,1,96.27,3,96.28,18,96.29,7
2020-10-29 09:32:11,96.17,96.18,46,96.14,20,96.2,4,96.2,96.14,96.14,20,96.13,6,96.12,9,96.1,11,96.09,13,96.08,11,96.07,2,96.06,13,96.05,9,96.04,8,96.2,4,96.21,1,96.22,1,96.23,4,96.24,8,96.25,14,96.26,1,96.27,3,96.28,18,96.29,7
2020-10-29 09:32:12,96.17,96.18,46,96.14,20,96.2,4,96.2,96.14,96.14,20,96.13,6,96.12,9,96.1,11,96.09,13,96.08,11,96.07,2,96.06,13,96.05,9,96.04,8,96.2,4,96.21,1,96.22,1,96.23,4,96.24,8,96.25,14,96.26,1,96.27,3,96.28,18,96.29,7
2020-10-29 09:32:13,96.17,96.15,2,96.15,15,96.19,4,96.19,96.15,96.15,15,96.14,29,96.13,6,96.12,9,96.1,11,96.09,13,96.08,11,96.07,2,96.06,13,96.05,9,96.19,4,96.2,5,96.21,4,96.22,10,96.23,4,96.24,8,96.25,14,96.26,1,96.27,3,96.28,18
2020-10-29 09:32:14,96.175,96.15,1,96.15,9,96.2,4,96.2,96.15,96.15,9,96.14,27,96.13,6,96.12,9,96.1,11,96.09,13,96.08,11,96.07,2,96.06,13,96.05,9,96.2,4,96.21,4,96.22,10,96.23,4,96.24,8,96.25,14,96.26,1,96.27,3,96.28,18,96.29,7
2020-10-29 09:32:15,96.165,96.15,1,96.14,28,96.19,5,96.19,96.14,96.14,28,96.13,6,96.12,9,96.1,11,96.09,13,96.08,11,96.07,2,96.06,13,96.05,9,96.04,8,96.19,5,96.2,4,96.21,4,96.22,10,96.23,4,96.24,8,96.25,14,96.26,1,96.27,3,96.28,18
2020-10-29 09:32:16,96.165,96.15,1,96.14,28,96.19,5,96.19,96.14,96.14,28,96.13,6,96.12,9,96.1,11,96.09,13,96.08,11,96.07,2,96.06,13,96.05,9,96.04,8,96.19,5,96.2,4,96.21,4,96.22,10,96.23,4,96.24,8,96.25,14,96.26,1,96.27,3,96.28,18
2020-10-29 09:32:17,96.075,96.06,1,96.06,3,96.09,4,96.09,96.06,96.06,3,96.03,8,96.01,14,96.0,6,95.99,1,95.98,5,95.97,6,95.96,5,95.93,11,95.91,3,96.09,4,96.1,6,96.11,1,96.12,5,96.13,5,96.14,8,96.15,5,96.17,5,96.18,5,96.19,5
2020-10-29 09:32:18,96.03,96.06,1,96.01,17,96.05,4,96.05,96.01,96.01,17,96.0,6,95.99,1,95.98,5,95.97,6,95.96,5,95.93,11,95.91,3,95.9,4,95.87,5,96.05,4,96.06,4,96.07,4,96.08,9,96.09,9,96.1,11,96.11,1,96.12,5,96.13,5,96.14,8
2020-10-29 09:32:19,95.99,96.0,1,95.97,7,96.01,4,96.01,95.97,95.97,7,95.96,26,95.93,11,95.91,3,95.9,4,95.87,5,,,,,,,,,96.01,4,96.02,18,96.03,13,96.04,5,96.05,7,96.06,4,96.07,4,96.08,9,96.09,9,96.1,11
2020-10-29 09:32:20,96.0,96.0,1,95.98,13,96.02,15,96.02,95.98,95.98,13,95.97,12,95.96,29,95.93,11,95.91,3,95.9,4,95.87,5,,,,,,,96.02,15,96.03,13,96.04,5,96.05,7,96.06,4,96.07,4,96.08,9,96.09,9,96.1,11,96.11,1
2020-10-29 09:32:21,96.0,96.0,1,95.98,12,96.02,15,96.02,95.98,95.98,12,95.97,12,95.96,29,95.93,11,95.91,3,95.9,4,95.87,5,,,,,,,96.02,15,96.03,13,96.04,5,96.05,7,96.06,4,96.07,4,96.08,9,96.09,9,96.1,11,96.11,1
2020-10-29 09:32:22,96.0,96.0,10,95.98,12,96.02,15,96.02,95.98,95.98,12,95.97,12,95.96,29,95.93,11,95.91,3,95.9,4,95.87,5,,,,,,,96.02,15,96.03,13,96.04,5,96.05,7,96.06,4,96.07,4,96.08,9,96.09,9,96.1,11,96.11,1
2020-10-29 09:32:23,96.0,96.0,10,95.98,12,96.02,15,96.02,95.98,95.98,12,95.97,12,95.96,29,95.93,11,95.91,3,95.9,4,95.87,5,,,,,,,96.02,15,96.03,13,96.04,5,96.05,7,96.06,4,96.07,4,96.08,9,96.09,9,96.1,11,96.11,1
2020-10-29 09:32:24,96.0,96.0,10,95.98,12,96.02,15,96.02,95.98,95.98,12,95.97,12,95.96,29,95.93,11,95.91,3,95.9,4,95.87,5,,,,,,,96.02,15,96.03,13,96.04,5,96.05,7,96.06,4,96.07,4,96.08,9,96.09,9,96.1,11,96.11,1
2020-10-29 09:32:25,95.99,95.99,1,95.97,11,96.01,4,96.01,95.97,95.97,11,95.96,26,95.93,11,95.91,3,95.9,4,95.87,5,,,,,,,,,96.01,4,96.02,16,96.03,13,96.04,5,96.05,7,96.06,4,96.07,4,96.08,9,96.09,9,96.1,11
2020-10-29 09:32:26,96.03,96.05,2,96.0,10,96.06,9,96.06,96.0,96.0,10,95.99,8,95.98,2,95.97,12,95.96,26,95.93,11,95.91,3,95.9,4,95.87,5,,,96.06,9,96.07,4,96.08,9,96.09,9,96.1,11,96.11,1,96.12,5,96.13,5,96.14,8,96.15,5
2020-10-29 09:32:27,96.03,96.05,2,96.0,10,96.06,9,96.06,96.0,96.0,10,95.99,8,95.98,2,95.97,12,95.96,26,95.93,11,95.91,3,95.9,4,95.87,5,,,96.06,9,96.07,4,96.08,9,96.09,9,96.1,11,96.11,1,96.12,5,96.13,5,96.14,8,96.15,5
2020-10-29 09:32:28,95.99,95.99,1,95.96,27,96.02,4,96.02,95.96,95.96,27,95.93,11,95.91,3,95.9,4,95.87,5,,,,,,,,,,,96.02,4,96.03,9,96.05,1,96.06,9,96.07,4,96.08,9,96.09,9,96.1,11,96.11,1,96.12,5
2020-10-29 09:32:29,96.005,95.99,1,95.98,4,96.03,4,96.03,95.98,95.98,4,95.97,8,95.96,28,95.93,11,95.91,3,95.9,4,95.87,5,,,,,,,96.03,4,96.06,12,96.07,4,96.08,9,96.09,9,96.1,11,96.11,1,96.12,5,96.13,5,96.14,8
2020-10-29 09:32:30,96.015,96.04,1,95.98,7,96.05,1,96.05,95.98,95.98,7,95.97,8,95.96,28,95.93,11,95.91,3,95.9,4,95.87,5,,,,,,,96.05,1,96.06,12,96.07,4,96.08,9,96.09,9,96.1,11,96.11,1,96.12,5,96.13,5,96.14,8
2020-10-29 09:32:31,96.01,96.04,1,95.98,7,96.04,1,96.04,95.98,95.98,7,95.97,8,95.96,28,95.93,11,95.91,3,95.9,4,95.87,5,,,,,,,96.04,1,96.05,3,96.06,12,96.07,4,96.08,9,96.09,9,96.1,11,96.11,1,96.12,5,96.13,5
2020-10-29 09:32:32,96.025,96.04,1,96.0,3,96.05,2,96.05,96.0,96.0,3,95.97,11,95.96,28,95.93,11,95.91,3,95.9,4,95.87,5,,,,,,,96.05,2,96.06,12,96.07,4,96.08,9,96.09,9,96.1,11,96.11,1,96.12,5,96.13,5,96.14,8
2020-10-29 09:32:33,96.025,96.04,1,96.0,3,96.05,2,96.05,96.0,96.0,3,95.97,11,95.96,28,95.93,11,95.91,3,95.9,4,95.87,5,,,,,,,96.05,2,96.06,12,96.07,4,96.08,9,96.09,9,96.1,11,96.11,1,96.12,5,96.13,5,96.14,8
2020-10-29 09:32:34,96.025,96.04,1,96.0,4,96.05,2,96.05,96.0,96.0,4,95.97,11,95.96,28,95.93,11,95.91,3,95.9,4,95.87,5,,,,,,,96.05,2,96.06,12,96.07,4,96.08,9,96.09,9,96.1,11,96.11,1,96.12,5,96.13,5,96.14,8
2020-10-29 09:32:35,96.045,96.05,1,96.03,4,96.06,7,96.06,96.03,96.03,4,96.02,1,96.01,3,96.0,4,95.97,11,95.96,28,95.93,11,95.91,3,95.9,4,95.87,5,96.06,7,96.07,4,96.08,9,96.09,9,96.1,11,96.11,1,96.12,5,96.13,5,96.14,8,96.15,5
2020-10-29 09:32:36,96.06,96.06,1,96.03,4,96.09,5,96.09,96.03,96.03,4,96.02,1,96.01,3,96.0,4,95.97,11,95.96,28,95.93,11,95.91,3,95.9,4,95.87,5,96.09,5,96.1,11,96.11,1,96.12,5,96.13,5,96.14,8,96.15,5,96.17,5,96.18,5,96.19,5
2020-10-29 09:32:37,96.06,96.06,1,96.03,4,96.09,5,96.09,96.03,96.03,4,96.02,1,96.01,3,96.0,4,95.97,11,95.96,28,95.93,11,95.91,3,95.9,4,95.87,5,96.09,5,96.1,11,96.11,1,96.12,5,96.13,5,96.14,8,96.15,5,96.17,5,96.18,5,96.19,5
2020-10-29 09:32:38,96.06,96.06,1,96.03,4,96.09,5,96.09,96.03,96.03,4,96.02,1,96.01,3,96.0,4,95.97,11,95.96,28,95.93,11,95.91,3,95.9,4,95.87,5,96.09,5,96.1,11,96.11,1,96.12,5,96.13,5,96.14,8,96.15,5,96.17,5,96.18,5,96.19,5
2020-10-29 09:32:39,96.035,96.01,2,96.01,7,96.06,7,96.06,96.01,96.01,7,96.0,3,95.97,11,95.96,28,95.93,11,95.91,3,95.9,4,95.87,5,,,,,96.06,7,96.07,3,96.09,5,96.1,11,96.11,1,96.12,5,96.13,5,96.14,8,96.15,5,96.17,5
2020-10-29 09:32:40,95.985,95.98,1,95.97,1,96.0,4,96.0,95.97,95.97,1,95.96,28,95.93,11,95.91,3,95.9,4,95.87,5,,,,,,,,,96.0,4,96.02,6,96.03,9,96.04,13,96.05,9,96.06,7,96.07,3,96.09,5,96.1,11,96.11,1
2020-10-29 09:32:41,95.98,95.97,1,95.96,29,96.0,9,96.0,95.96,95.96,29,95.93,11,95.91,3,95.9,4,95.87,5,,,,,,,,,,,96.0,9,96.02,6,96.03,9,96.04,13,96.05,9,96.06,7,96.07,3,96.09,5,96.1,11,96.11,1
2020-10-29 09:32:42,95.98,95.99,1,95.96,29,96.0,9,96.0,95.96,95.96,29,95.93,11,95.91,3,95.9,4,95.87,5,,,,,,,,,,,96.0,9,96.02,6,96.03,9,96.04,13,96.05,9,96.06,7,96.07,3,96.09,5,96.1,11,96.11,1
2020-10-29 09:32:43,95.98,95.99,1,95.96,29,96.0,1,96.0,95.96,95.96,29,95.93,11,95.91,3,95.9,4,95.87,5,,,,,,,,,,,96.0,1,96.01,3,96.02,6,96.03,9,96.04,13,96.05,9,96.06,7,96.07,3,96.09,5,96.1,11
2020-10-29 09:32:44,95.98,95.99,1,95.96,29,96.0,1,96.0,95.96,95.96,29,95.93,11,95.91,3,95.9,4,95.87,5,,,,,,,,,,,96.0,1,96.01,3,96.02,6,96.03,9,96.04,13,96.05,9,96.06,7,96.07,3,96.09,5,96.1,11
2020-10-29 09:32:45,95.98,95.98,1,95.96,29,96.0,2,96.0,95.96,95.96,29,95.93,11,95.91,3,95.9,4,95.87,5,,,,,,,,,,,96.0,2,96.01,3,96.02,6,96.03,9,96.04,13,96.05,9,96.06,7,96.07,3,96.09,5,96.1,11
2020-10-29 09:32:47,95.935,95.94,1,95.91,3,95.96,14,95.96,95.91,95.91,3,95.9,5,95.87,5,,,,,,,,,,,,,,,95.96,14,95.97,9,95.98,4,95.99,3,96.0,1,96.01,3,96.02,6,96.03,9,96.04,13,96.05,9
2020-10-29 09:32:47,95.975,95.99,1,95.95,13,96.0,11,96.0,95.95,95.95,13,95.94,8,95.93,2,95.92,1,95.91,3,95.9,5,95.87,5,,,,,,,96.0,11,96.01,9,96.02,12,96.03,9,96.04,13,96.05,9,96.06,7,96.07,3,96.09,5,96.1,11
2020-10-29 09:32:48,96.0,96.0,1,95.97,3,96.03,21,96.03,95.97,95.97,3,95.96,9,95.95,19,95.94,8,95.93,2,95.92,1,95.91,3,95.9,5,95.87,5,,,96.03,21,96.04,13,96.05,9,96.06,7,96.07,3,96.09,5,96.1,11,96.11,1,96.12,5,96.13,5
2020-10-29 09:32:49,95.995,96.02,2,95.97,3,96.02,1,96.02,95.97,95.97,3,95.96,9,95.95,19,95.94,8,95.93,2,95.92,1,95.91,3,95.9,5,95.87,5,,,96.02,1,96.03,21,96.04,13,96.05,9,96.06,7,96.07,3,96.09,5,96.1,11,96.11,1,96.12,5
2020-10-29 09:32:50,96.0,96.02,2,95.97,6,96.03,21,96.03,95.97,95.97,6,95.96,9,95.95,19,95.94,8,95.93,2,95.92,1,95.91,3,95.9,5,95.87,5,,,96.03,21,96.04,13,96.05,9,96.06,7,96.07,3,96.09,5,96.1,11,96.11,1,96.12,5,96.13,5
2020-10-29 09:32:51,96.04,96.04,1,96.02,12,96.06,13,96.06,96.02,96.02,12,96.01,8,96.0,2,95.99,10,95.98,8,95.97,11,95.96,9,95.95,19,95.94,8,95.93,2,96.06,13,96.07,8,96.09,5,96.1,11,96.11,1,96.12,5,96.13,5,96.14,8,96.15,5,96.17,5
2020-10-29 09:32:52,96.005,96.01,1,95.97,6,96.04,3,96.04,95.97,95.97,6,95.96,9,95.95,19,95.94,8,95.93,2,95.92,1,95.91,3,95.9,5,95.87,5,,,96.04,3,96.06,15,96.07,8,96.09,5,96.1,11,96.11,1,96.12,5,96.13,5,96.14,8,96.15,5
2020-10-29 09:32:53,95.995,95.97,2,95.97,5,96.02,8,96.02,95.97,95.97,5,95.95,13,95.94,8,95.93,2,95.92,1,95.91,3,95.9,5,95.87,5,,,,,96.02,8,96.03,13,96.04,3,96.06,15,96.07,8,96.09,5,96.1,11,96.11,1,96.12,5,96.13,5
2020-10-29 09:32:54,96.0,95.97,2,95.97,6,96.03,16,96.03,95.97,95.97,6,95.95,13,95.94,8,95.93,2,95.92,1,95.91,3,95.9,5,95.87,5,,,,,96.03,16,96.04,3,96.06,15,96.07,8,96.09,5,96.1,11,96.11,1,96.12,5,96.13,5,96.14,8
2020-10-29 09:32:55,96.0,95.99,1,95.97,6,96.03,9,96.03,95.97,95.97,6,95.95,13,95.94,8,95.93,2,95.92,1,95.91,3,95.9,5,95.87,5,,,,,96.03,9,96.04,3,96.06,15,96.07,8,96.09,5,96.1,11,96.11,1,96.12,5,96.13,5,96.14,8
2020-10-29 09:32:57,96.035,96.01,1,96.01,2,96.06,8,96.06,96.01,96.01,2,95.99,9,95.98,8,95.97,11,95.95,13,95.94,8,95.93,2,95.92,1,95.91,3,95.9,5,96.06,8,96.07,13,96.08,9,96.09,5,96.1,11,96.11,1,96.12,5,96.13,5,96.14,8,96.15,5
2020-10-29 09:32:57,96.03,96.06,1,96.0,3,96.06,16,96.06,96.0,96.0,3,95.99,10,95.98,8,95.97,11,95.95,13,95.94,8,95.93,2,95.92,1,95.91,3,95.9,5,96.06,16,96.07,11,96.08,9,96.09,5,96.1,11,96.11,1,96.12,5,96.13,5,96.14,8,96.15,5
2020-10-29 09:32:59,96.04,96.01,5,96.0,7,96.08,10,96.08,96.0,96.0,7,95.99,10,95.98,8,95.97,11,95.95,13,95.94,8,95.93,2,95.92,1,95.91,3,95.9,5,96.08,10,96.09,5,96.1,11,96.11,1,96.12,5,96.13,5,96.14,8,96.15,5,96.17,5,96.18,5
2020-10-29 09:33:00,96.055,96.06,1,96.02,12,96.09,8,96.09,96.02,96.02,12,96.01,11,96.0,7,95.99,10,95.98,8,95.97,11,95.95,13,95.94,8,95.93,2,95.92,1,96.09,8,96.1,11,96.11,1,96.12,5,96.13,5,96.14,8,96.15,5,96.17,5,96.18,5,96.19,5
2020-10-29 09:33:01,96.08,96.09,1,96.05,4,96.11,13,96.11,96.05,96.05,4,96.04,16,96.03,3,96.02,12,96.01,11,96.0,7,95.99,10,95.98,8,95.97,11,95.95,13,96.11,13,96.12,7,96.13,2,96.14,17,96.15,5,96.17,5,96.18,5,96.19,5,96.2,4,96.21,4
2020-10-29 09:33:02,96.08,96.09,1,96.05,4,96.11,15,96.11,96.05,96.05,4,96.04,16,96.03,3,96.02,12,96.01,11,96.0,7,95.99,10,95.98,8,95.97,11,95.95,13,96.11,15,96.12,7,96.13,2,96.14,17,96.15,5,96.17,5,96.18,5,96.19,5,96.2,4,96.21,4
2020-10-29 09:33:03,96.065,96.04,3,96.03,6,96.1,10,96.1,96.03,96.03,6,96.02,12,96.01,11,96.0,7,95.99,10,95.98,8,95.97,11,95.95,13,95.94,8,95.93,2,96.1,10,96.11,18,96.12,7,96.13,2,96.14,17,96.15,5,96.17,5,96.18,5,96.19,5,96.2,4
2020-10-29 09:33:04,96.06,96.04,3,96.03,6,96.09,1,96.09,96.03,96.03,6,96.02,12,96.01,11,96.0,7,95.99,10,95.98,8,95.97,11,95.95,13,95.94,8,95.93,2,96.09,1,96.1,8,96.11,18,96.12,7,96.13,2,96.14,17,96.15,5,96.17,5,96.18,5,96.19,5
2020-10-29 09:33:05,96.07,96.04,3,96.03,11,96.11,1,96.11,96.03,96.03,11,96.02,12,96.01,11,96.0,7,95.99,10,95.98,8,95.97,11,95.95,13,95.94,8,95.93,2,96.11,1,96.12,8,96.13,2,96.14,17,96.15,5,96.17,5,96.18,5,96.19,5,96.2,4,96.21,4
2020-10-29 09:33:06,96.07,96.04,3,96.03,11,96.11,1,96.11,96.03,96.03,11,96.02,12,96.01,11,96.0,7,95.99,10,95.98,8,95.97,11,95.95,13,95.94,8,95.93,2,96.11,1,96.12,8,96.13,2,96.14,17,96.15,5,96.17,5,96.18,5,96.19,5,96.2,4,96.21,4
2020-10-29 09:33:07,96.07,96.04,3,96.03,11,96.11,1,96.11,96.03,96.03,11,96.02,12,96.01,11,96.0,7,95.99,10,95.98,8,95.97,11,95.95,13,95.94,8,95.93,2,96.11,1,96.12,8,96.13,2,96.14,17,96.15,5,96.17,5,96.18,5,96.19,5,96.2,4,96.21,4
2020-10-29 09:33:08,96.07,96.08,1,96.03,11,96.11,1,96.11,96.03,96.03,11,96.02,12,96.01,11,96.0,7,95.99,10,95.98,8,95.97,11,95.95,13,95.94,8,95.93,2,96.11,1,96.12,8,96.13,2,96.14,17,96.15,5,96.17,5,96.18,5,96.19,5,96.2,4,96.21,4
2020-10-29 09:33:09,96.07,96.08,1,96.03,13,96.11,1,96.11,96.03,96.03,13,96.02,12,96.01,11,96.0,7,95.99,10,95.98,8,95.97,11,95.95,13,95.94,8,95.93,2,96.11,1,96.12,8,96.13,2,96.14,17,96.15,5,96.17,5,96.18,5,96.19,5,96.2,4,96.21,4
2020-10-29 09:33:10,96.07,96.08,1,96.03,13,96.11,4,96.11,96.03,96.03,13,96.02,12,96.01,11,96.0,7,95.99,10,95.98,8,95.97,11,95.95,13,95.94,8,95.93,2,96.11,4,96.12,8,96.13,2,96.14,17,96.15,5,96.17,5,96.18,5,96.19,5,96.2,4,96.21,4
2020-10-29 09:33:11,96.07,96.08,1,96.03,14,96.11,1,96.11,96.03,96.03,14,96.02,12,96.01,11,96.0,7,95.99,10,95.98,8,95.97,11,95.95,13,95.94,8,95.93,2,96.11,1,96.14,15,96.15,5,96.17,5,96.18,5,96.19,5,96.2,4,96.21,4,96.22,10,96.23,4
2020-10-29 09:33:12,96.08,96.08,1,96.03,14,96.13,2,96.13,96.03,96.03,14,96.02,12,96.01,11,96.0,7,95.99,10,95.98,8,95.97,11,95.95,13,95.94,8,95.93,2,96.13,2,96.14,16,96.15,5,96.17,5,96.18,5,96.19,5,96.2,4,96.21,4,96.22,10,96.23,4
2020-10-29 09:33:13,96.125,96.12,1,96.1,12,96.15,4,96.15,96.1,96.1,12,96.09,15,96.08,10,96.07,11,96.06,9,96.05,9,96.04,10,96.03,14,96.02,12,96.01,11,96.15,4,96.17,5,96.18,5,96.19,5,96.2,4,96.21,4,96.22,10,96.23,4,96.24,8,96.25,14
2020-10-29 09:33:14,96.13,96.14,1,96.1,14,96.16,10,96.16,96.1,96.1,14,96.09,15,96.08,10,96.07,11,96.06,9,96.05,9,96.04,10,96.03,14,96.02,12,96.01,11,96.16,10,96.17,5,96.18,5,96.19,5,96.2,4,96.21,4,96.22,10,96.23,4,96.24,8,96.25,14
2020-10-29 09:33:15,96.155,96.17,1,96.12,9,96.19,21,96.19,96.12,96.12,9,96.11,4,96.1,18,96.09,15,96.08,10,96.07,11,96.06,9,96.05,9,96.04,10,96.03,14,96.19,21,96.2,4,96.21,4,96.22,10,96.23,4,96.24,8,96.25,14,96.26,1,96.27,3,96.28,18
2020-10-29 09:33:16,96.18,96.17,1,96.15,13,96.21,6,96.21,96.15,96.15,13,96.14,11,96.13,15,96.12,12,96.11,4,96.1,18,96.09,15,96.08,10,96.07,11,96.06,9,96.21,6,96.22,10,96.23,4,96.24,8,96.25,14,96.26,1,96.27,3,96.28,18,96.29,7,96.3,1
2020-10-29 09:33:17,96.175,96.16,1,96.15,15,96.2,11,96.2,96.15,96.15,15,96.14,11,96.13,15,96.12,12,96.11,4,96.1,18,96.09,15,96.08,10,96.07,11,96.06,9,96.2,11,96.21,14,96.22,14,96.23,8,96.24,8,96.25,14,96.26,1,96.27,3,96.28,18,96.29,7
2020-10-29 09:33:18,96.18,96.16,1,96.16,9,96.2,14,96.2,96.16,96.16,9,96.15,15,96.14,11,96.13,15,96.12,12,96.11,4,96.1,18,96.09,15,96.08,10,96.07,11,96.2,14,96.21,14,96.22,14,96.23,8,96.24,8,96.25,14,96.26,1,96.27,3,96.28,18,96.29,7
2020-10-29 09:33:18,96.19,96.18,1,96.16,6,96.22,9,96.22,96.16,96.16,6,96.15,15,96.14,11,96.13,15,96.12,12,96.11,4,96.1,18,96.09,15,96.08,10,96.07,11,96.22,9,96.23,13,96.24,8,96.25,14,96.26,1,96.27,3,96.28,18,96.29,7,96.3,1,96.32,1
2020-10-29 09:33:20,96.2,96.18,1,96.18,14,96.22,1,96.22,96.18,96.18,14,96.17,4,96.16,12,96.15,15,96.14,11,96.13,15,96.12,12,96.11,4,96.1,18,96.09,15,96.22,1,96.23,16,96.24,8,96.25,14,96.26,1,96.27,3,96.28,18,96.29,7,96.3,1,96.32,1
2020-10-29 09:33:21,96.2,96.22,1,96.18,8,96.22,7,96.22,96.18,96.18,8,96.17,4,96.16,12,96.15,15,96.14,11,96.13,15,96.12,12,96.11,4,96.1,18,96.09,15,96.22,7,96.23,16,96.24,8,96.25,14,96.26,1,96.27,3,96.28,18,96.29,7,96.3,1,96.32,1
2020-10-29 09:33:22,96.2,96.22,1,96.18,7,96.22,6,96.22,96.18,96.18,7,96.17,4,96.16,12,96.15,15,96.14,11,96.13,15,96.12,12,96.11,4,96.1,18,96.09,15,96.22,6,96.23,16,96.24,8,96.25,14,96.26,1,96.27,3,96.28,18,96.29,7,96.3,1,96.32,1
2020-10-29 09:33:23,96.24,96.22,1,96.22,16,96.26,15,96.26,96.22,96.22,16,96.21,9,96.2,2,96.18,9,96.17,4,96.16,12,96.15,15,96.14,11,96.13,15,96.12,12,96.26,15,96.27,10,96.28,15,96.29,7,96.3,1,96.32,1,96.33,16,96.34,2,96.35,15,96.36,10
2020-10-29 09:33:24,96.2,96.19,2,96.18,9,96.22,4,96.22,96.18,96.18,9,96.17,4,96.16,12,96.15,15,96.14,11,96.13,15,96.12,12,96.11,4,96.1,18,96.09,15,96.22,2,96.23,4,96.24,4,96.26,20,96.27,10,96.28,15,96.29,7,96.3,1,96.32,1,96.33,16
2020-10-29 09:33:25,96.195,96.18,1,96.17,11,96.22,11,96.22,96.17,96.17,11,96.16,12,96.15,15,96.14,11,96.13,15,96.12,12,96.11,4,96.1,18,96.09,15,96.08,10,96.22,11,96.23,10,96.24,12,96.25,6,96.26,20,96.27,10,96.28,15,96.29,7,96.3,1,96.32,1
2020-10-29 09:33:26,96.23,96.22,1,96.2,8,96.26,17,96.26,96.2,96.2,8,96.19,2,96.17,11,96.16,12,96.15,15,96.14,11,96.13,15,96.12,12,96.11,4,96.1,18,96.26,17,96.27,10,96.28,15,96.29,7,96.3,1,96.32,1,96.33,16,96.34,2,96.35,15,96.36,10
2020-10-29 09:33:27,96.23,96.22,1,96.2,8,96.26,17,96.26,96.2,96.2,8,96.19,2,96.17,11,96.16,12,96.15,15,96.14,11,96.13,15,96.12,12,96.11,4,96.1,18,96.26,17,96.27,10,96.28,15,96.29,7,96.3,1,96.32,1,96.33,16,96.34,2,96.35,15,96.36,10
2020-10-29 09:33:28,96.25,96.23,1,96.22,8,96.28,13,96.28,96.22,96.22,8,96.21,11,96.2,8,96.19,2,96.17,11,96.16,12,96.15,15,96.14,11,96.13,15,96.12,12,96.28,13,96.29,7,96.3,1,96.32,1,96.33,16,96.34,2,96.35,15,96.36,10,96.37,16,96.38,14
2020-10-29 09:33:29,96.275,96.29,1,96.25,4,96.3,9,96.3,96.25,96.25,4,96.24,3,96.23,9,96.22,8,96.21,11,96.2,8,96.19,2,96.17,11,96.16,12,96.15,15,96.3,9,96.31,9,96.32,10,96.33,16,96.34,2,96.35,15,96.36,10,96.37,16,96.38,14,96.39,1
2020-10-29 09:33:30,96.28,96.29,1,96.25,3,96.31,8,96.31,96.25,96.25,3,96.23,8,96.22,8,96.21,11,96.2,8,96.19,2,96.17,11,96.16,12,96.15,15,96.14,11,96.31,8,96.32,10,96.33,16,96.34,2,96.35,15,96.36,10,96.37,16,96.38,14,96.39,1,96.4,8
2020-10-29 09:33:31,96.29,96.3,1,96.26,3,96.32,8,96.32,96.26,96.26,3,96.25,3,96.23,15,96.22,8,96.21,11,96.2,8,96.19,2,96.17,11,96.16,12,96.15,15,96.32,8,96.33,16,96.34,2,96.35,15,96.36,10,96.37,16,96.38,14,96.39,1,96.4,8,96.41,10
2020-10-29 09:33:32,96.285,96.3,1,96.25,1,96.32,12,96.32,96.25,96.25,1,96.24,3,96.23,15,96.22,8,96.21,11,96.2,8,96.19,2,96.17,11,96.16,12,96.15,15,96.32,12,96.33,16,96.34,2,96.35,15,96.36,10,96.37,16,96.38,14,96.39,1,96.4,8,96.41,10
2020-10-29 09:33:33,96.285,96.32,1,96.26,12,96.31,2,96.31,96.26,96.26,12,96.25,8,96.24,3,96.23,15,96.22,8,96.21,11,96.2,8,96.19,2,96.17,11,96.16,12,96.31,2,96.33,16,96.34,2,96.35,15,96.36,10,96.37,16,96.38,14,96.39,1,96.4,8,96.41,10
2020-10-29 09:33:34,96.28,96.26,1,96.25,8,96.31,5,96.31,96.25,96.25,8,96.24,3,96.23,15,96.22,8,96.21,11,96.2,8,96.19,2,96.17,11,96.16,12,96.15,15,96.31,5,96.33,16,96.34,2,96.35,15,96.36,10,96.37,16,96.38,14,96.39,1,96.4,8,96.41,10
2020-10-29 09:33:35,96.225,96.2,1,96.19,32,96.26,4,96.26,96.19,96.19,32,96.18,4,96.17,11,96.16,12,96.15,15,96.14,11,96.13,15,96.12,12,96.11,4,96.1,18,96.26,4,96.27,11,96.28,9,96.29,11,96.3,9,96.31,5,96.33,16,96.34,2,96.35,15,96.36,10
2020-10-29 09:33:36,96.22,96.24,1,96.19,26,96.25,3,96.25,96.19,96.19,26,96.18,4,96.17,11,96.16,12,96.15,15,96.14,11,96.13,15,96.12,12,96.11,4,96.1,18,96.25,3,96.26,4,96.27,11,96.28,9,96.29,11,96.3,9,96.31,5,96.33,16,96.34,2,96.35,15
2020-10-29 09:33:37,96.22,96.22,2,96.19,26,96.25,4,96.25,96.19,96.19,26,96.18,4,96.17,11,96.16,12,96.15,15,96.14,11,96.13,15,96.12,12,96.11,4,96.1,18,96.25,4,96.26,4,96.27,11,96.28,9,96.29,11,96.3,9,96.31,5,96.33,16,96.34,2,96.35,15
2020-10-29 09:33:38,96.22,96.23,10,96.2,25,96.24,9,96.24,96.2,96.2,25,96.19,28,96.18,4,96.17,11,96.16,12,96.15,15,96.14,11,96.13,15,96.12,12,96.11,4,96.24,9,96.25,14,96.26,4,96.27,11,96.28,9,96.29,11,96.3,9,96.31,5,96.33,16,96.34,2
2020-10-29 09:33:39,96.2,96.22,1,96.18,13,96.22,1,96.22,96.18,96.18,13,96.17,11,96.16,12,96.15,15,96.14,11,96.13,15,96.12,12,96.11,4,96.1,18,96.09,15,96.22,1,96.24,4,96.25,14,96.26,4,96.27,11,96.28,9,96.29,11,96.3,9,96.31,5,96.33,16
2020-10-29 09:33:40,96.2,96.22,4,96.18,13,96.22,1,96.22,96.18,96.18,13,96.17,11,96.16,12,96.15,15,96.14,11,96.13,15,96.12,12,96.11,4,96.1,18,96.09,15,96.22,1,96.25,14,96.26,4,96.27,11,96.28,9,96.29,11,96.3,9,96.31,5,96.33,16,96.34,2
2020-10-29 09:33:41,96.2,96.21,1,96.18,7,96.22,4,96.22,96.18,96.18,7,96.17,11,96.16,12,96.15,15,96.14,11,96.13,15,96.12,12,96.11,4,96.1,18,96.09,15,96.22,4,96.25,14,96.26,4,96.27,11,96.28,9,96.29,11,96.3,9,96.31,5,96.33,16,96.34,2
2020-10-29 09:33:42,96.23,96.21,1,96.21,9,96.25,12,96.25,96.21,96.21,9,96.2,10,96.19,10,96.18,9,96.17,11,96.16,12,96.15,15,96.14,11,96.13,15,96.12,12,96.25,12,96.26,10,96.27,11,96.28,9,96.29,11,96.3,9,96.31,5,96.33,16,96.34,2,96.35,15
2020-10-29 09:33:43,96.225,96.21,1,96.2,9,96.25,3,96.25,96.2,96.2,9,96.19,11,96.18,11,96.17,11,96.16,12,96.15,15,96.14,11,96.13,15,96.12,12,96.11,4,96.25,3,96.26,12,96.27,11,96.28,9,96.29,11,96.3,9,96.31,5,96.33,16,96.34,2,96.35,15
2020-10-29 09:33:44,96.225,96.22,1,96.2,4,96.25,12,96.25,96.2,96.2,4,96.19,11,96.18,19,96.17,11,96.16,12,96.15,15,96.14,11,96.13,15,96.12,12,96.11,4,96.25,12,96.26,15,96.27,11,96.28,9,96.29,11,96.3,9,96.31,5,96.33,16,96.34,2,96.35,15
2020-10-29 09:33:45,96.245,96.22,1,96.23,3,96.26,12,96.26,96.23,96.23,3,96.2,10,96.19,11,96.18,19,96.17,11,96.16,12,96.15,15,96.14,11,96.13,15,96.12,12,96.26,12,96.27,11,96.28,9,96.29,11,96.3,9,96.31,5,96.33,16,96.34,2,96.35,15,96.36,10
2020-10-29 09:33:46,96.235,96.23,1,96.21,3,96.26,5,96.26,96.21,96.21,3,96.2,10,96.19,11,96.18,19,96.17,11,96.16,12,96.15,15,96.14,11,96.13,15,96.12,12,96.26,5,96.27,12,96.28,12,96.29,11,96.3,9,96.31,5,96.33,16,96.34,2,96.35,15,96.36,10
2020-10-29 09:33:48,96.24,96.24,1,96.21,6,96.27,15,96.27,96.21,96.21,6,96.2,10,96.19,11,96.18,19,96.17,11,96.16,12,96.15,15,96.14,11,96.13,15,96.12,12,96.27,15,96.28,12,96.29,11,96.3,9,96.31,5,96.33,16,96.34,2,96.35,15,96.36,10,96.37,16
2020-10-29 09:33:48,96.26,96.26,1,96.24,16,96.28,12,96.28,96.24,96.24,16,96.23,16,96.22,9,96.21,12,96.2,10,96.19,11,96.18,19,96.17,11,96.16,12,96.15,15,96.28,12,96.29,11,96.3,9,96.31,5,96.33,16,96.34,2,96.35,15,96.36,10,96.37,16,96.38,14
2020-10-29 09:33:49,96.245,96.26,1,96.22,10,96.27,4,96.27,96.22,96.22,10,96.21,12,96.2,10,96.19,11,96.18,19,96.17,11,96.16,12,96.15,15,96.14,11,96.13,15,96.27,4,96.28,11,96.29,11,96.3,9,96.31,5,96.33,16,96.34,2,96.35,15,96.36,10,96.37,16
2020-10-29 09:33:50,96.245,96.24,1,96.22,14,96.27,4,96.27,96.22,96.22,14,96.21,18,96.2,10,96.19,11,96.18,19,96.17,11,96.16,12,96.15,15,96.14,11,96.13,15,96.27,4,96.28,11,96.29,11,96.3,9,96.31,5,96.33,16,96.34,2,96.35,15,96.36,10,96.37,16
2020-10-29 09:33:51,96.245,96.26,1,96.23,8,96.26,4,96.26,96.23,96.23,8,96.22,10,96.21,17,96.2,10,96.19,11,96.18,19,96.17,11,96.16,12,96.15,15,96.14,11,96.26,4,96.27,4,96.28,11,96.29,11,96.3,9,96.31,5,96.33,16,96.34,2,96.35,15,96.36,10
2020-10-29 09:33:52,96.26,96.26,1,96.23,13,96.29,16,96.29,96.23,96.23,13,96.22,10,96.21,17,96.2,10,96.19,11,96.18,19,96.17,11,96.16,12,96.15,15,96.14,11,96.29,16,96.3,9,96.31,5,96.33,16,96.34,2,96.35,15,96.36,10,96.37,16,96.38,14,96.39,1
2020-10-29 09:33:53,96.245,96.24,1,96.23,5,96.26,5,96.26,96.23,96.23,5,96.22,15,96.21,22,96.2,10,96.19,11,96.18,19,96.17,11,96.16,12,96.15,15,96.14,11,96.26,5,96.29,17,96.3,9,96.31,5,96.33,16,96.34,2,96.35,15,96.36,10,96.37,16,96.38,14
2020-10-29 09:33:54,96.265,96.27,1,96.24,5,96.29,17,96.29,96.24,96.24,5,96.23,14,96.22,15,96.21,22,96.2,10,96.19,11,96.18,19,96.17,11,96.16,12,96.15,15,96.29,17,96.3,9,96.31,5,96.33,16,96.34,2,96.35,15,96.36,10,96.37,16,96.38,14,96.39,1
2020-10-29 09:33:55,96.255,96.26,1,96.23,15,96.28,12,96.28,96.23,96.23,15,96.22,8,96.21,19,96.2,10,96.19,11,96.18,19,96.17,11,96.16,12,96.15,15,96.14,11,96.28,12,96.29,25,96.3,9,96.31,5,96.33,16,96.34,2,96.35,15,96.36,10,96.37,16,96.38,14
2020-10-29 09:33:56,96.26,96.26,1,96.24,15,96.28,17,96.28,96.24,96.24,15,96.23,15,96.22,8,96.21,19,96.2,10,96.19,11,96.18,19,96.17,11,96.16,12,96.15,15,96.28,17,96.29,25,96.3,9,96.31,5,96.33,16,96.34,2,96.35,15,96.36,10,96.37,16,96.38,14
2020-10-29 09:33:57,96.26,96.28,1,96.24,20,96.28,17,96.28,96.24,96.24,20,96.23,15,96.22,8,96.21,19,96.2,10,96.19,11,96.18,19,96.17,11,96.16,12,96.15,15,96.28,17,96.29,25,96.3,9,96.31,5,96.33,16,96.34,2,96.35,15,96.36,10,96.37,16,96.38,14
2020-10-29 09:33:58,96.235,96.24,10,96.22,3,96.25,12,96.25,96.22,96.22,3,96.21,18,96.2,10,96.19,11,96.18,19,96.17,11,96.16,12,96.15,15,96.14,11,96.13,15,96.25,12,96.26,9,96.27,14,96.28,17,96.29,25,96.3,9,96.31,5,96.33,16,96.34,2,96.35,15
2020-10-29 09:33:59,96.265,96.27,2,96.24,4,96.29,11,96.29,96.24,96.24,4,96.23,13,96.22,15,96.21,18,96.2,10,96.19,11,96.18,19,96.17,11,96.16,12,96.15,15,96.29,11,96.3,6,96.31,5,96.33,16,96.34,2,96.35,15,96.36,10,96.37,16,96.38,14,96.39,1
2020-10-29 09:34:00,96.255,96.26,2,96.23,7,96.28,14,96.28,96.23,96.23,7,96.22,15,96.21,18,96.2,10,96.19,11,96.18,19,96.17,11,96.16,12,96.15,15,96.14,11,96.28,14,96.29,11,96.3,6,96.31,5,96.33,16,96.34,2,96.35,15,96.36,10,96.37,16,96.38,14
2020-10-29 09:34:01,96.115,96.11,3,96.1,24,96.13,2,96.13,96.1,96.1,24,96.09,15,96.08,10,96.07,11,96.06,9,96.05,9,96.04,10,96.03,14,96.02,12,96.01,11,96.13,2,96.15,1,96.17,11,96.18,17,96.19,13,96.2,13,96.21,10,96.22,10,96.23,1,96.24,7
2020-10-29 09:34:02,96.185,96.19,1,96.16,7,96.21,19,96.21,96.16,96.16,7,96.15,14,96.14,14,96.13,9,96.12,13,96.11,3,96.1,3,96.08,3,96.07,11,96.06,9,96.21,19,96.22,10,96.23,1,96.24,7,96.25,10,96.26,9,96.27,15,96.28,21,96.29,11,96.3,6
2020-10-29 09:34:03,96.195,96.19,1,96.17,8,96.22,14,96.22,96.17,96.17,8,96.16,14,96.15,14,96.14,14,96.13,9,96.12,13,96.11,3,96.1,3,96.08,3,96.07,11,96.22,14,96.23,1,96.24,7,96.25,10,96.26,9,96.27,15,96.28,21,96.29,11,96.3,6,96.31,5
2020-10-29 09:34:04,96.21,96.21,1,96.19,12,96.23,5,96.23,96.19,96.19,12,96.18,10,96.17,12,96.16,13,96.15,14,96.14,14,96.13,9,96.12,13,96.11,3,96.1,3,96.23,5,96.24,7,96.25,10,96.26,9,96.27,15,96.28,21,96.29,11,96.3,6,96.31,5,96.33,16
2020-10-29 09:34:05,96.21,96.21,1,96.19,12,96.23,4,96.23,96.19,96.19,12,96.18,10,96.17,12,96.16,13,96.15,14,96.14,14,96.13,9,96.12,13,96.11,3,96.1,3,96.23,4,96.24,7,96.25,10,96.26,9,96.27,15,96.28,21,96.29,11,96.3,6,96.31,5,96.33,16
2020-10-29 09:34:06,96.21,96.2,6,96.19,8,96.23,4,96.23,96.19,96.19,8,96.18,10,96.17,12,96.16,13,96.15,14,96.14,14,96.13,9,96.12,13,96.11,3,96.1,3,96.23,4,96.24,7,96.25,10,96.26,9,96.27,15,96.28,21,96.29,11,96.3,6,96.31,5,96.33,16
2020-10-29 09:34:07,96.22,96.2,6,96.19,8,96.25,11,96.25,96.19,96.19,8,96.18,10,96.17,12,96.16,13,96.15,14,96.14,14,96.13,9,96.12,13,96.11,3,96.1,3,96.25,11,96.26,9,96.27,15,96.28,21,96.29,11,96.3,6,96.31,5,96.33,16,96.34,2,96.35,15
2020-10-29 09:34:08,96.25,96.25,1,96.22,16,96.28,14,96.28,96.22,96.22,16,96.21,8,96.2,8,96.19,15,96.18,10,96.17,12,96.16,13,96.15,14,96.14,14,96.13,9,96.28,14,96.29,11,96.3,6,96.31,5,96.33,16,96.34,2,96.35,15,96.36,10,96.37,16,96.38,14
2020-10-29 09:34:09,96.24,96.25,1,96.21,2,96.27,13,96.27,96.21,96.21,2,96.2,8,96.19,15,96.18,10,96.17,12,96.16,13,96.15,14,96.14,14,96.13,9,96.12,13,96.27,13,96.28,12,96.29,11,96.3,6,96.31,5,96.33,16,96.34,2,96.35,15,96.36,10,96.37,16
2020-10-29 09:34:10,96.22,96.22,1,96.2,12,96.24,14,96.24,96.2,96.2,12,96.19,15,96.18,10,96.17,12,96.16,13,96.15,14,96.14,14,96.13,9,96.12,13,96.11,3,96.24,14,96.25,11,96.26,18,96.27,10,96.28,12,96.29,11,96.3,6,96.31,5,96.33,16,96.34,2
2020-10-29 09:34:11,96.21,96.22,1,96.19,14,96.23,14,96.23,96.19,96.19,14,96.18,10,96.17,12,96.16,13,96.15,14,96.14,14,96.13,9,96.12,13,96.11,3,96.1,3,96.23,14,96.24,11,96.25,11,96.26,18,96.27,10,96.28,12,96.29,11,96.3,6,96.31,5,96.33,16
2020-10-29 09:34:12,96.21,96.21,1,96.19,15,96.23,14,96.23,96.19,96.19,15,96.18,10,96.17,12,96.16,13,96.15,14,96.14,14,96.13,9,96.12,13,96.11,3,96.1,3,96.23,14,96.24,11,96.25,11,96.26,18,96.27,10,96.28,12,96.29,11,96.3,6,96.31,5,96.33,16
2020-10-29 09:34:13,96.155,96.19,2,96.13,16,96.18,2,96.18,96.13,96.13,16,96.12,5,96.11,5,96.1,3,96.08,3,96.07,11,96.06,9,96.05,9,96.04,10,96.03,14,96.18,2,96.19,10,96.2,11,96.21,8,96.22,12,96.23,15,96.24,11,96.25,11,96.26,18,96.27,10
2020-10-29 09:34:14,96.135,96.14,1,96.1,10,96.17,6,96.17,96.1,96.1,10,96.08,3,96.07,11,96.06,9,96.05,9,96.04,10,96.03,14,96.02,12,96.01,11,96.0,7,96.17,6,96.18,14,96.19,10,96.2,11,96.21,8,96.22,12,96.23,15,96.24,11,96.25,11,96.26,18
2020-10-29 09:34:15,96.155,96.14,1,96.14,3,96.17,11,96.17,96.14,96.14,3,96.1,10,96.08,3,96.07,11,96.06,9,96.05,9,96.04,10,96.03,14,96.02,12,96.01,11,96.17,11,96.18,9,96.19,10,96.2,11,96.21,8,96.22,12,96.23,15,96.24,11,96.25,11,96.26,18
2020-10-29 09:34:16,96.16,96.14,1,96.14,3,96.18,11,96.18,96.14,96.14,3,96.1,10,96.08,3,96.07,11,96.06,9,96.05,9,96.04,10,96.03,14,96.02,12,96.01,11,96.18,11,96.19,10,96.2,11,96.21,8,96.22,12,96.23,15,96.24,11,96.25,11,96.26,18,96.27,10
2020-10-29 09:34:17,96.16,96.14,1,96.14,3,96.18,11,96.18,96.14,96.14,3,96.1,10,96.08,3,96.07,11,96.06,9,96.05,9,96.04,10,96.03,14,96.02,12,96.01,11,96.18,11,96.19,10,96.2,11,96.21,8,96.22,12,96.23,15,96.24,11,96.25,11,96.26,18,96.27,10
2020-10-29 09:34:18,96.14,96.14,3,96.1,10,96.18,10,96.18,96.1,96.1,10,96.08,3,96.07,11,96.06,9,96.05,9,96.04,10,96.03,14,96.02,12,96.01,11,96.0,7,96.18,10,96.19,10,96.2,11,96.21,8,96.22,12,96.23,15,96.24,11,96.25,11,96.26,18,96.27,10
2020-10-29 09:34:19,96.135,96.14,3,96.1,10,96.17,4,96.17,96.1,96.1,10,96.08,3,96.07,11,96.06,9,96.05,9,96.04,10,96.03,14,96.02,12,96.01,11,96.0,7,96.17,4,96.18,14,96.19,10,96.2,11,96.21,8,96.22,12,96.23,15,96.24,11,96.25,11,96.26,18
2020-10-29 09:34:20,96.1,96.1,2,96.06,7,96.14,4,96.14,96.06,96.06,7,96.05,9,96.04,10,96.03,14,96.02,12,96.01,11,96.0,7,95.99,10,95.98,8,95.97,11,96.14,4,96.15,5,96.16,2,96.17,12,96.18,14,96.19,10,96.2,11,96.21,8,96.22,12,96.23,15
2020-10-29 09:34:21,96.1,96.1,2,96.06,7,96.14,4,96.14,96.06,96.06,7,96.05,9,96.04,10,96.03,14,96.02,12,96.01,11,96.0,7,95.99,10,95.98,8,95.97,11,96.14,4,96.15,5,96.16,2,96.17,12,96.18,14,96.19,10,96.2,11,96.21,8,96.22,12,96.23,15
2020-10-29 09:34:22,96.1,96.1,2,96.06,7,96.14,4,96.14,96.06,96.06,7,96.05,9,96.04,10,96.03,14,96.02,12,96.01,11,96.0,7,95.99,10,95.98,8,95.97,11,96.14,4,96.15,5,96.16,2,96.17,12,96.18,14,96.19,10,96.2,11,96.21,8,96.22,12,96.23,15
2020-10-29 09:34:23,96.1,96.1,2,96.06,7,96.14,4,96.14,96.06,96.06,7,96.05,9,96.04,10,96.03,14,96.02,12,96.01,11,96.0,7,95.99,10,95.98,8,95.97,11,96.14,4,96.15,5,96.16,2,96.17,12,96.18,14,96.19,10,96.2,11,96.21,8,96.22,12,96.23,15
2020-10-29 09:34:24,96.095,96.1,2,96.05,7,96.14,4,96.14,96.05,96.05,7,96.04,10,96.03,14,96.02,12,96.01,11,96.0,7,95.99,10,95.98,8,95.97,11,95.95,13,96.14,4,96.15,5,96.16,2,96.17,12,96.18,14,96.19,10,96.2,11,96.21,8,96.22,12,96.23,15
2020-10-29 09:34:25,96.095,96.1,2,96.05,7,96.14,4,96.14,96.05,96.05,7,96.04,10,96.03,14,96.02,12,96.01,11,96.0,7,95.99,10,95.98,8,95.97,11,95.95,13,96.14,4,96.15,5,96.16,2,96.17,12,96.18,14,96.19,10,96.2,11,96.21,8,96.22,12,96.23,15
2020-10-29 09:34:26,96.09,96.1,2,96.06,14,96.12,11,96.12,96.06,96.06,14,96.05,9,96.04,10,96.03,14,96.02,12,96.01,11,96.0,7,95.99,10,95.98,8,95.97,11,96.12,11,96.13,7,96.14,4,96.15,5,96.16,2,96.17,12,96.18,14,96.19,10,96.2,11,96.21,8
2020-10-29 09:34:27,96.09,96.1,2,96.06,14,96.12,12,96.12,96.06,96.06,14,96.05,9,96.04,10,96.03,14,96.02,12,96.01,11,96.0,7,95.99,10,95.98,8,95.97,11,96.12,12,96.13,7,96.14,4,96.15,5,96.16,2,96.17,12,96.18,14,96.19,10,96.2,11,96.21,8
2020-10-29 09:34:28,96.09,96.07,1,96.06,4,96.12,11,96.12,96.06,96.06,4,96.05,9,96.04,10,96.03,14,96.02,12,96.01,11,96.0,7,95.99,10,95.98,8,95.97,11,96.12,11,96.13,7,96.14,4,96.15,5,96.16,2,96.17,12,96.18,14,96.19,10,96.2,11,96.21,8
2020-10-29 09:34:29,96.09,96.07,1,96.06,4,96.12,11,96.12,96.06,96.06,4,96.05,9,96.04,10,96.03,14,96.02,12,96.01,11,96.0,7,95.99,10,95.98,8,95.97,11,96.12,11,96.13,7,96.14,4,96.15,5,96.16,2,96.17,12,96.18,14,96.19,10,96.2,11,96.21,8
2020-10-29 09:34:30,96.09,96.1,1,96.06,4,96.12,11,96.12,96.06,96.06,4,96.05,9,96.04,10,96.03,14,96.02,12,96.01,11,96.0,7,95.99,10,95.98,8,95.97,11,96.12,11,96.13,7,96.14,4,96.15,5,96.16,2,96.17,12,96.18,14,96.19,10,96.2,11,96.21,8
2020-10-29 09:34:31,96.09,96.1,1,96.06,5,96.12,12,96.12,96.06,96.06,5,96.05,9,96.04,10,96.03,14,96.02,12,96.01,11,96.0,7,95.99,10,95.98,8,95.97,11,96.12,12,96.13,7,96.14,4,96.15,5,96.16,2,96.17,12,96.18,14,96.19,10,96.2,11,96.21,8
2020-10-29 09:34:32,96.08,96.06,1,96.05,10,96.11,5,96.11,96.05,96.05,10,96.04,10,96.03,14,96.02,12,96.01,11,96.0,7,95.99,10,95.98,8,95.97,11,95.95,13,96.11,5,96.12,11,96.13,7,96.14,4,96.15,5,96.16,2,96.17,12,96.18,14,96.19,10,96.2,11
2020-10-29 09:34:33,96.035,96.05,1,96.0,12,96.07,2,96.07,96.0,96.0,12,95.99,10,95.98,8,95.97,11,95.95,13,95.94,8,95.93,2,95.92,1,95.91,3,95.9,5,96.07,2,96.09,2,96.1,1,96.11,5,96.12,11,96.13,7,96.14,4,96.15,5,96.16,2,96.17,12
2020-10-29 09:34:34,96.035,96.02,1,96.01,9,96.06,4,96.06,96.01,96.01,9,96.0,15,95.99,10,95.98,8,95.97,11,95.95,13,95.94,8,95.93,2,95.92,1,95.91,3,96.06,4,96.07,2,96.09,2,96.1,1,96.11,5,96.12,11,96.13,7,96.14,4,96.15,5,96.16,2
2020-10-29 09:34:35,96.025,96.02,1,96.0,14,96.05,4,96.05,96.0,96.0,14,95.99,10,95.98,8,95.97,11,95.95,13,95.94,8,95.93,2,95.92,1,95.91,3,95.9,5,96.05,4,96.06,4,96.07,2,96.09,2,96.1,1,96.11,5,96.12,11,96.13,7,96.14,4,96.15,5
2020-10-29 09:34:36,96.025,96.03,1,96.0,1,96.05,11,96.05,96.0,96.0,1,95.99,14,95.98,8,95.97,11,95.95,13,95.94,8,95.93,2,95.92,1,95.91,3,95.9,5,96.05,11,96.06,9,96.07,11,96.09,2,96.1,1,96.11,5,96.12,11,96.13,7,96.14,4,96.15,5
2020-10-29 09:34:37,96.02,96.0,1,95.99,8,96.05,12,96.05,95.99,95.99,8,95.98,8,95.97,11,95.95,13,95.94,8,95.93,2,95.92,1,95.91,3,95.9,5,95.87,5,96.05,12,96.06,9,96.07,11,96.09,2,96.1,1,96.11,5,96.12,11,96.13,7,96.14,4,96.15,5
2020-10-29 09:34:38,95.965,95.97,5,95.93,2,96.0,16,96.0,95.93,95.93,2,95.92,6,95.91,3,95.9,5,95.87,5,,,,,,,,,,,96.0,16,96.01,12,96.02,15,96.03,14,96.04,12,96.05,12,96.06,9,96.07,11,96.09,2,96.1,1
2020-10-29 09:34:39,95.875,95.88,1,95.86,3,95.89,3,95.89,95.86,95.86,3,95.85,11,,,,,,,,,,,,,,,,,95.89,3,95.9,8,95.91,6,95.93,7,95.94,4,95.95,10,95.96,11,95.97,12,95.98,9,95.99,12
2020-10-29 09:34:40,95.91,95.92,1,95.87,11,95.95,11,95.95,95.87,95.87,11,95.86,14,95.85,11,,,,,,,,,,,,,,,95.95,11,95.96,11,95.97,12,95.98,9,95.99,12,96.0,16,96.01,12,96.02,15,96.03,14,96.04,12
2020-10-29 09:34:42,95.92,95.96,1,95.89,9,95.95,2,95.95,95.89,95.89,9,95.88,17,95.87,9,95.86,14,95.85,11,,,,,,,,,,,95.95,2,95.96,4,95.97,19,95.98,9,95.99,12,96.0,16,96.01,12,96.02,15,96.03,14,96.04,12
2020-10-29 09:34:42,95.92,95.95,1,95.9,13,95.94,1,95.94,95.9,95.9,13,95.89,13,95.88,17,95.87,9,95.86,14,95.85,11,,,,,,,,,95.94,1,95.98,11,95.99,12,96.0,16,96.01,12,96.02,15,96.03,14,96.04,12,96.05,12,96.06,9
2020-10-29 09:34:43,95.93,95.94,1,95.89,12,95.97,3,95.97,95.89,95.89,12,95.88,17,95.87,9,95.86,14,95.85,11,,,,,,,,,,,95.97,3,95.98,11,95.99,12,96.0,16,96.01,12,96.02,15,96.03,14,96.04,12,96.05,12,96.06,9
2020-10-29 09:34:44,95.925,95.91,1,95.9,8,95.95,4,95.95,95.9,95.9,8,95.89,12,95.88,17,95.87,9,95.86,14,95.85,11,,,,,,,,,95.95,4,95.96,2,95.97,11,95.98,14,95.99,16,96.0,16,96.01,12,96.02,15,96.03,14,96.04,12
2020-10-29 09:34:45,95.925,95.91,1,95.9,13,95.95,5,95.95,95.9,95.9,13,95.89,12,95.88,17,95.87,9,95.86,14,95.85,11,,,,,,,,,95.95,5,95.96,2,95.97,11,95.98,14,95.99,16,96.0,16,96.01,12,96.02,15,96.03,14,96.04,12
2020-10-29 09:34:46,95.88,95.86,1,95.86,11,95.9,9,95.9,95.86,95.86,11,95.85,11,,,,,,,,,,,,,,,,,95.9,9,95.91,1,95.92,10,95.93,11,95.94,2,95.95,11,95.96,2,95.97,11,95.98,14,95.99,16
2020-10-29 09:34:47,95.88,95.86,1,95.86,11,95.9,9,95.9,95.86,95.86,11,95.85,11,,,,,,,,,,,,,,,,,95.9,9,95.91,1,95.92,10,95.93,11,95.94,2,95.95,11,95.96,2,95.97,11,95.98,14,95.99,16
2020-10-29 09:34:49,95.9,95.9,1,95.88,5,95.92,8,95.92,95.88,95.88,5,95.86,9,95.85,11,,,,,,,,,,,,,,,95.92,8,95.93,11,95.94,2,95.95,11,95.96,2,95.97,11,95.98,14,95.99,16,96.0,16,96.01,12
2020-10-29 09:34:50,95.88,95.88,2,95.86,5,95.9,4,95.9,95.86,95.86,5,95.85,11,,,,,,,,,,,,,,,,,95.9,4,95.91,2,95.92,9,95.93,11,95.94,2,95.95,11,95.96,2,95.97,11,95.98,14,95.99,16
2020-10-29 09:34:51,95.8,95.81,2,95.78,8,95.82,10,95.82,95.78,95.78,8,,,,,,,,,,,,,,,,,,,95.82,10,95.83,10,95.84,15,95.85,10,95.86,9,95.87,2,95.88,16,95.9,10,95.91,2,95.92,9
2020-10-29 09:34:52,95.765,95.78,1,95.75,20,95.78,10,95.78,95.75,95.75,20,,,,,,,,,,,,,,,,,,,95.78,10,95.79,13,95.8,12,95.81,1,95.82,10,95.83,10,95.84,15,95.85,10,95.86,9,95.87,2
2020-10-29 09:34:53,95.815,95.82,1,95.79,12,95.84,3,95.84,95.79,95.79,12,95.78,11,95.77,14,95.76,14,95.75,20,,,,,,,,,,,95.84,3,95.86,9,95.87,2,95.88,16,95.9,10,95.91,2,95.92,9,95.93,11,95.94,2,95.95,11
2020-10-29 09:34:54,95.825,95.81,1,95.79,12,95.86,9,95.86,95.79,95.79,12,95.78,11,95.77,14,95.76,14,95.75,20,,,,,,,,,,,95.86,9,95.87,2,95.88,16,95.9,10,95.91,2,95.92,9,95.93,11,95.94,2,95.95,11,95.96,2
2020-10-29 09:34:55,95.815,95.81,3,95.77,9,95.86,9,95.86,95.77,95.77,9,95.76,14,95.75,20,,,,,,,,,,,,,,,95.86,9,95.87,2,95.88,16,95.9,10,95.91,2,95.92,9,95.93,11,95.94,2,95.95,11,95.96,2
2020-10-29 09:34:55,95.79,95.79,1,95.77,8,95.81,16,95.81,95.77,95.77,8,95.76,14,95.75,20,,,,,,,,,,,,,,,95.81,16,95.82,8,95.83,13,95.84,10,95.85,11,95.86,16,95.87,2,95.88,16,95.9,10,95.91,2
2020-10-29 09:34:57,95.79,95.77,1,95.77,8,95.81,9,95.81,95.77,95.77,8,95.76,14,95.75,20,,,,,,,,,,,,,,,95.81,9,95.82,8,95.83,13,95.84,10,95.85,11,95.86,16,95.87,2,95.88,16,95.9,10,95.91,2
2020-10-29 09:34:58,95.785,95.79,10,95.77,8,95.8,4,95.8,95.77,95.77,8,95.76,14,95.75,20,,,,,,,,,,,,,,,95.8,4,95.81,9,95.82,8,95.83,13,95.84,10,95.85,11,95.86,16,95.87,2,95.88,16,95.9,10
2020-10-29 09:34:59,95.78,95.79,3,95.76,9,95.8,4,95.8,95.76,95.76,9,95.75,20,,,,,,,,,,,,,,,,,95.8,4,95.81,9,95.82,8,95.83,13,95.84,10,95.85,11,95.86,16,95.87,2,95.88,16,95.9,10
2020-10-29 09:35:00,95.73,95.72,1,95.71,1,95.75,12,95.75,95.71,95.71,1,95.7,2,,,,,,,,,,,,,,,,,95.75,12,95.76,15,95.77,13,95.78,9,95.79,3,95.8,4,95.81,9,95.82,8,95.83,13,95.84,10
2020-10-29 09:35:01,95.695,95.73,1,95.67,4,95.72,8,95.72,95.67,95.67,4,95.66,12,95.65,11,95.63,5,,,,,,,,,,,,,95.72,8,95.73,10,95.74,20,95.75,12,95.76,15,95.77,13,95.78,9,95.79,3,95.8,4,95.81,9
2020-10-29 09:35:02,95.745,95.75,1,95.73,9,95.76,5,95.76,95.73,95.73,9,95.72,9,95.71,13,95.7,18,95.69,7,95.68,7,95.67,5,95.66,12,95.65,11,95.63,5,95.76,5,95.77,13,95.78,9,95.79,3,95.8,4,95.81,9,95.82,8,95.83,13,95.84,10,95.85,11
2020-10-29 09:35:03,95.755,95.77,1,95.73,4,95.78,12,95.78,95.73,95.73,4,95.72,12,95.71,13,95.7,18,95.69,7,95.68,7,95.67,5,95.66,12,95.65,11,95.63,5,95.78,12,95.79,16,95.8,9,95.81,9,95.82,8,95.83,13,95.84,10,95.85,11,95.86,16,95.87,2
2020-10-29 09:35:04,95.765,95.77,1,95.74,11,95.79,14,95.79,95.74,95.74,11,95.73,5,95.72,12,95.71,13,95.7,18,95.69,7,95.68,7,95.67,5,95.66,12,95.65,11,95.79,14,95.8,9,95.81,9,95.82,8,95.83,13,95.84,10,95.85,11,95.86,16,95.87,2,95.88,16
2020-10-29 09:35:05,95.795,95.78,1,95.78,5,95.81,12,95.81,95.78,95.78,5,95.74,16,95.73,5,95.72,12,95.71,13,95.7,18,95.69,7,95.68,7,95.67,5,95.66,12,95.81,12,95.82,14,95.83,13,95.84,10,95.85,11,95.86,16,95.87,2,95.88,16,95.9,10,95.91,2
2020-10-29 09:35:06,95.78,95.8,1,95.76,6,95.8,6,95.8,95.76,95.76,6,95.74,5,95.73,5,95.72,12,95.71,13,95.7,18,95.69,7,95.68,7,95.67,5,95.66,12,95.8,6,95.81,17,95.82,14,95.83,13,95.84,10,95.85,11,95.86,16,95.87,2,95.88,16,95.9,10
2020-10-29 09:35:07,95.805,95.82,1,95.78,3,95.83,8,95.83,95.78,95.78,3,95.77,3,95.76,8,95.74,5,95.73,5,95.72,12,95.71,13,95.7,18,95.69,7,95.68,7,95.83,8,95.84,10,95.85,11,95.86,16,95.87,2,95.88,16,95.9,10,95.91,2,95.92,9,95.93,11
2020-10-29 09:35:08,95.82,95.84,1,95.8,10,95.84,15,95.84,95.8,95.8,10,95.79,11,95.78,15,95.77,3,95.76,8,95.74,5,95.73,5,95.72,12,95.71,13,95.7,18,95.84,15,95.85,11,95.86,16,95.87,2,95.88,16,95.9,10,95.91,2,95.92,9,95.93,11,95.94,2
2020-10-29 09:35:09,95.78,95.78,1,95.76,9,95.8,15,95.8,95.76,95.76,9,95.74,5,95.73,5,95.72,12,95.71,13,95.7,18,95.69,7,95.68,7,95.67,5,95.66,12,95.8,15,95.81,17,95.82,17,95.83,9,95.84,15,95.85,11,95.86,16,95.87,2,95.88,16,95.9,10
2020-10-29 09:35:10,95.78,95.78,1,95.77,3,95.79,1,95.79,95.77,95.77,3,95.74,7,95.73,5,95.72,12,95.71,13,95.7,18,95.69,7,95.68,7,95.67,5,95.66,12,95.79,1,95.8,14,95.81,17,95.82,17,95.83,9,95.84,15,95.85,11,95.86,16,95.87,2,95.88,16
2020-10-29 09:35:11,95.785,95.77,3,95.76,7,95.81,21,95.81,95.76,95.76,7,95.74,9,95.73,5,95.72,12,95.71,13,95.7,18,95.69,7,95.68,7,95.67,5,95.66,12,95.81,21,95.82,17,95.83,9,95.84,15,95.85,11,95.86,16,95.87,2,95.88,16,95.9,10,95.91,2
2020-10-29 09:35:12,95.765,95.77,3,95.74,9,95.79,3,95.79,95.74,95.74,9,95.73,5,95.72,12,95.71,13,95.7,18,95.69,7,95.68,7,95.67,5,95.66,12,95.65,11,95.79,3,95.8,11,95.81,11,95.82,8,95.83,13,95.84,15,95.85,11,95.86,16,95.87,2,95.88,16
2020-10-29 09:35:13,95.705,95.7,1,95.67,6,95.74,10,95.74,95.67,95.67,6,95.66,12,95.65,11,95.63,5,,,,,,,,,,,,,95.74,10,95.75,11,95.78,2,95.79,6,95.8,11,95.81,11,95.82,8,95.83,13,95.84,15,95.85,11
2020-10-29 09:35:14,95.71,95.73,1,95.68,4,95.74,10,95.74,95.68,95.68,4,95.67,13,95.66,12,95.65,11,95.63,5,,,,,,,,,,,95.74,10,95.75,11,95.78,2,95.79,6,95.8,11,95.81,11,95.82,8,95.83,13,95.84,15,95.85,11
2020-10-29 09:35:15,95.725,95.71,6,95.69,11,95.76,9,95.76,95.69,95.69,11,95.68,4,95.67,13,95.66,12,95.65,11,95.63,5,,,,,,,,,95.76,9,95.77,7,95.78,2,95.79,6,95.8,11,95.81,11,95.82,8,95.83,13,95.84,15,95.85,11
2020-10-29 09:35:16,95.725,95.71,6,95.69,11,95.76,5,95.76,95.69,95.69,11,95.68,4,95.67,13,95.66,12,95.65,11,95.63,5,,,,,,,,,95.76,5,95.77,7,95.78,2,95.79,6,95.8,11,95.81,11,95.82,8,95.83,13,95.84,15,95.85,11
2020-10-29 09:35:17,95.725,95.71,6,95.69,11,95.76,5,95.76,95.69,95.69,11,95.68,4,95.67,13,95.66,12,95.65,11,95.63,5,,,,,,,,,95.76,5,95.77,7,95.78,2,95.79,6,95.8,11,95.81,11,95.82,8,95.83,13,95.84,15,95.85,11
2020-10-29 09:35:18,95.73,95.71,6,95.7,5,95.76,5,95.76,95.7,95.7,5,95.69,11,95.68,4,95.67,13,95.66,12,95.65,11,95.63,5,,,,,,,95.76,5,95.77,7,95.78,2,95.79,6,95.8,11,95.81,11,95.82,8,95.83,13,95.84,15,95.85,11
2020-10-29 09:35:19,95.73,95.71,6,95.7,11,95.76,5,95.76,95.7,95.7,11,95.69,11,95.68,4,95.67,13,95.66,12,95.65,11,95.63,5,,,,,,,95.76,5,95.77,7,95.78,2,95.79,6,95.8,11,95.81,11,95.82,8,95.83,13,95.84,15,95.85,11
2020-10-29 09:35:20,95.73,95.73,1,95.7,14,95.76,5,95.76,95.7,95.7,14,95.69,11,95.68,4,95.67,13,95.66,12,95.65,11,95.63,5,,,,,,,95.76,5,95.77,7,95.78,2,95.79,6,95.8,11,95.81,11,95.82,8,95.83,13,95.84,15,95.85,11
2020-10-29 09:35:21,95.745,95.77,1,95.71,12,95.78,3,95.78,95.71,95.71,12,95.7,17,95.69,11,95.68,4,95.67,13,95.66,12,95.65,11,95.63,5,,,,,95.78,3,95.79,6,95.8,11,95.81,11,95.82,8,95.83,13,95.84,15,95.85,11,95.86,16,95.87,2
2020-10-29 09:35:22,95.75,95.77,1,95.72,3,95.78,3,95.78,95.72,95.72,3,95.71,11,95.7,17,95.69,11,95.68,4,95.67,13,95.66,12,95.65,11,95.63,5,,,95.78,3,95.79,6,95.8,11,95.81,11,95.82,8,95.83,13,95.84,15,95.85,11,95.86,16,95.87,2
2020-10-29 09:35:23,95.745,95.76,1,95.72,8,95.77,14,95.77,95.72,95.72,8,95.71,11,95.7,17,95.69,11,95.68,4,95.67,13,95.66,12,95.65,11,95.63,5,,,95.77,14,95.78,7,95.79,6,95.8,11,95.81,11,95.82,8,95.83,13,95.84,15,95.85,11,95.86,16
2020-10-29 09:35:24,95.66,95.66,2,95.63,6,95.69,13,95.69,95.63,95.63,6,,,,,,,,,,,,,,,,,,,95.69,13,95.7,5,95.71,18,95.72,19,95.73,17,95.75,1,95.76,10,95.77,14,95.78,7,95.79,6
2020-10-29 09:35:25,95.66,95.66,1,95.63,5,95.69,12,95.69,95.63,95.63,5,95.62,3,,,,,,,,,,,,,,,,,95.69,12,95.7,11,95.71,15,95.72,12,95.73,17,95.75,1,95.76,10,95.77,14,95.78,7,95.79,6
2020-10-29 09:35:26,95.66,95.66,1,95.63,5,95.69,12,95.69,95.63,95.63,5,95.62,3,,,,,,,,,,,,,,,,,95.69,12,95.7,11,95.71,15,95.72,12,95.73,17,95.75,1,95.76,10,95.77,14,95.78,7,95.79,6
2020-10-29 09:35:27,95.66,95.66,1,95.63,7,95.69,12,95.69,95.63,95.63,7,95.62,3,,,,,,,,,,,,,,,,,95.69,12,95.7,11,95.71,15,95.72,12,95.73,17,95.75,1,95.76,10,95.77,14,95.78,7,95.79,6
2020-10-29 09:35:28,95.655,95.66,1,95.63,8,95.68,4,95.68,95.63,95.63,8,95.62,3,,,,,,,,,,,,,,,,,95.68,4,95.69,12,95.7,11,95.71,15,95.72,12,95.73,17,95.75,1,95.76,10,95.77,14,95.78,7
2020-10-29 09:35:29,95.6,95.59,1,95.57,3,95.63,6,95.63,95.57,95.57,3,,,,,,,,,,,,,,,,,,,95.63,6,95.64,3,95.65,7,95.66,9,95.67,3,95.68,4,95.69,12,95.7,11,95.71,15,95.72,12
2020-10-29 09:35:30,95.55,95.53,2,95.53,3,95.57,11,95.57,95.53,95.53,3,95.52,2,,,,,,,,,,,,,,,,,95.57,11,95.58,8,95.59,12,95.6,13,95.61,15,95.62,13,95.63,6,95.64,3,95.65,7,95.66,9
2020-10-29 09:35:31,95.555,95.57,1,95.53,3,95.58,6,95.58,95.53,95.53,3,95.52,7,,,,,,,,,,,,,,,,,95.58,6,95.59,12,95.6,13,95.61,15,95.62,13,95.63,6,95.64,3,95.65,7,95.66,9,95.67,3
2020-10-29 09:35:32,95.545,95.57,1,95.52,5,95.57,10,95.57,95.52,95.52,5,,,,,,,,,,,,,,,,,,,95.57,10,95.58,6,95.59,12,95.6,13,95.61,15,95.62,13,95.63,6,95.64,3,95.65,7,95.66,9
2020-10-29 09:35:33,95.55,95.57,1,95.53,6,95.57,9,95.57,95.53,95.53,6,95.52,7,,,,,,,,,,,,,,,,,95.57,9,95.58,6,95.59,12,95.6,13,95.61,15,95.62,13,95.63,6,95.64,3,95.65,7,95.66,9
2020-10-29 09:35:34,95.55,95.57,1,95.53,5,95.57,9,95.57,95.53,95.53,5,95.52,7,,,,,,,,,,,,,,,,,95.57,9,95.58,6,95.59,12,95.6,13,95.61,15,95.62,13,95.63,6,95.64,3,95.65,7,95.66,9
2020-10-29 09:35:35,95.575,95.57,1,95.55,6,95.6,4,95.6,95.55,95.55,6,95.54,4,95.53,5,95.52,7,,,,,,,,,,,,,95.6,4,95.61,15,95.62,13,95.63,6,95.64,3,95.65,7,95.66,9,95.67,3,95.68,4,95.69,12
2020-10-29 09:35:36,95.575,95.55,1,95.55,8,95.6,8,95.6,95.55,95.55,8,95.54,4,95.53,5,95.52,7,,,,,,,,,,,,,95.6,8,95.61,16,95.62,7,95.63,6,95.64,3,95.65,7,95.66,9,95.67,3,95.68,4,95.69,12
2020-10-29 09:35:37,95.58,95.62,1,95.56,6,95.6,2,95.6,95.56,95.56,6,95.55,9,95.54,4,95.53,5,95.52,7,,,,,,,,,,,95.6,2,95.63,8,95.64,3,95.65,7,95.66,9,95.67,3,95.68,4,95.69,12,95.7,11,95.71,15
2020-10-29 09:35:38,95.58,95.56,3,95.56,7,95.6,6,95.6,95.56,95.56,7,95.55,9,95.54,4,95.53,5,95.52,7,,,,,,,,,,,95.6,6,95.63,8,95.64,3,95.65,7,95.66,9,95.67,3,95.68,4,95.69,12,95.7,11,95.71,15
2020-10-29 09:35:39,95.62,95.6,1,95.59,5,95.65,12,95.65,95.59,95.59,5,95.58,4,95.57,4,95.56,11,95.55,9,95.54,4,95.53,5,95.52,7,,,,,95.65,12,95.66,12,95.67,3,95.68,4,95.69,12,95.7,11,95.71,15,95.72,12,95.73,17,95.75,1
2020-10-29 09:35:40,95.59,95.58,1,95.56,7,95.62,8,95.62,95.56,95.56,7,95.55,9,95.54,4,95.53,5,95.52,7,,,,,,,,,,,95.62,8,95.63,16,95.64,12,95.65,11,95.66,12,95.67,3,95.68,4,95.69,12,95.7,11,95.71,15
2020-10-29 09:35:41,95.595,95.59,4,95.57,3,95.62,13,95.62,95.57,95.57,3,95.56,7,95.55,9,95.54,4,95.53,5,95.52,7,,,,,,,,,95.62,13,95.63,16,95.64,12,95.65,11,95.66,12,95.67,3,95.68,4,95.69,12,95.7,11,95.71,15
2020-10-29 09:35:42,95.595,95.59,4,95.57,3,95.62,13,95.62,95.57,95.57,3,95.56,7,95.55,9,95.54,4,95.53,5,95.52,7,,,,,,,,,95.62,13,95.63,16,95.64,12,95.65,11,95.66,12,95.67,3,95.68,4,95.69,12,95.7,11,95.71,15
2020-10-29 09:35:43,95.595,95.57,1,95.56,7,95.58,9,95.58,95.56,95.57,3,95.56,7,95.55,9,95.54,4,95.53,5,95.52,7,,,,,,,,,95.62,13,95.63,16,95.64,12,95.65,11,95.66,12,95.67,3,95.68,4,95.69,12,95.7,11,95.71,15
2020-10-29 09:35:44,95.555,95.57,1,95.53,5,95.58,17,95.58,95.53,95.53,5,95.52,8,,,,,,,,,,,,,,,,,95.58,17,95.59,11,95.6,11,95.61,11,95.62,13,95.63,16,95.64,12,95.65,11,95.66,12,95.67,3
2020-10-29 09:35:45,95.535,95.54,4,95.5,6,95.57,7,95.57,95.5,95.5,6,95.49,4,95.46,5,95.44,5,,,,,,,,,,,,,95.57,7,95.58,18,95.59,11,95.6,11,95.61,11,95.62,13,95.63,16,95.64,12,95.65,11,95.66,12
2020-10-29 09:35:46,95.585,95.53,1,95.55,4,95.62,15,95.62,95.55,95.55,4,95.52,3,95.5,14,95.49,4,95.46,5,95.44,5,,,,,,,,,95.62,15,95.63,16,95.64,12,95.65,11,95.66,12,95.67,3,95.68,4,95.69,12,95.7,11,95.71,15
2020-10-29 09:35:47,95.58,95.61,1,95.55,3,95.61,3,95.61,95.55,95.55,3,95.52,3,95.5,14,95.49,4,95.46,5,95.44,5,,,,,,,,,95.61,3,95.62,13,95.63,16,95.64,12,95.65,11,95.66,12,95.67,3,95.68,4,95.69,12,95.7,11
2020-10-29 09:35:48,95.59,95.59,1,95.56,5,95.62,11,95.62,95.56,95.56,5,95.55,3,95.52,3,95.5,14,95.49,4,95.46,5,95.44,5,,,,,,,95.62,11,95.63,16,95.64,12,95.65,11,95.66,12,95.67,3,95.68,4,95.69,12,95.7,11,95.71,15
2020-10-29 09:35:49,95.59,95.59,1,95.56,5,95.62,11,95.62,95.56,95.56,5,95.55,3,95.52,3,95.5,14,95.49,4,95.46,5,95.44,5,,,,,,,95.62,11,95.63,16,95.64,12,95.65,11,95.66,12,95.67,3,95.68,4,95.69,12,95.7,11,95.71,15
2020-10-29 09:35:50,95.59,95.61,1,95.56,5,95.62,12,95.62,95.56,95.56,5,95.55,3,95.52,3,95.5,14,95.49,4,95.46,5,95.44,5,,,,,,,95.62,12,95.63,16,95.64,12,95.65,11,95.66,12,95.67,3,95.68,4,95.69,12,95.7,11,95.71,15
2020-10-29 09:35:51,95.59,95.61,1,95.56,5,95.62,12,95.62,95.56,95.56,5,95.55,3,95.52,3,95.5,14,95.49,4,95.46,5,95.44,5,,,,,,,95.62,12,95.63,16,95.64,12,95.65,11,95.66,12,95.67,3,95.68,4,95.69,12,95.7,11,95.71,15
2020-10-29 09:35:52,95.54,95.56,1,95.51,4,95.57,5,95.57,95.51,95.51,4,95.5,14,95.49,4,95.46,5,95.44,5,,,,,,,,,,,95.57,5,95.58,4,95.6,2,95.61,1,95.62,11,95.63,16,95.64,12,95.65,11,95.66,12,95.67,3
2020-10-29 09:35:53,95.545,95.55,1,95.52,1,95.57,8,95.57,95.52,95.52,1,95.51,4,95.5,14,95.49,4,95.46,5,95.44,5,,,,,,,,,95.57,8,95.58,4,95.6,2,95.61,1,95.62,11,95.63,16,95.64,12,95.65,11,95.66,12,95.67,3
2020-10-29 09:35:54,95.54,95.53,1,95.52,5,95.56,3,95.56,95.52,95.52,5,95.51,4,95.5,14,95.49,4,95.46,5,95.44,5,,,,,,,,,95.56,3,95.57,10,95.58,4,95.6,2,95.61,1,95.62,11,95.63,16,95.64,12,95.65,11,95.66,12
2020-10-29 09:35:55,95.505,95.51,1,95.48,5,95.53,6,95.53,95.48,95.48,5,95.46,5,95.44,5,,,,,,,,,,,,,,,95.53,6,95.54,17,95.55,8,95.56,3,95.57,10,95.58,4,95.6,2,95.61,1,95.62,11,95.63,16
2020-10-29 09:35:56,95.505,95.51,1,95.48,5,95.53,6,95.53,95.48,95.48,5,95.46,5,95.44,5,,,,,,,,,,,,,,,95.53,6,95.54,17,95.55,8,95.56,3,95.57,10,95.58,4,95.6,2,95.61,1,95.62,11,95.63,16
2020-10-29 09:35:57,95.51,95.55,2,95.48,12,95.54,8,95.54,95.48,95.48,12,95.46,5,95.44,5,,,,,,,,,,,,,,,95.54,8,95.55,10,95.56,12,95.57,10,95.58,4,95.6,2,95.61,1,95.62,11,95.63,16,95.64,12
2020-10-29 09:35:58,95.505,95.48,1,95.48,12,95.53,4,95.53,95.48,95.48,12,95.46,5,95.44,5,,,,,,,,,,,,,,,95.53,4,95.54,12,95.55,10,95.56,13,95.57,10,95.58,4,95.6,2,95.61,1,95.62,11,95.63,16
2020-10-29 09:35:59,95.505,95.53,1,95.48,12,95.53,6,95.53,95.48,95.48,12,95.46,5,95.44,5,,,,,,,,,,,,,,,95.53,6,95.54,12,95.55,10,95.56,13,95.57,10,95.58,4,95.6,2,95.61,1,95.62,11,95.63,16
2020-10-29 09:36:00,95.525,95.53,1,95.49,9,95.56,15,95.56,95.49,95.49,9,95.48,12,95.46,5,95.44,5,,,,,,,,,,,,,95.56,15,95.57,10,95.58,4,95.6,2,95.61,1,95.62,11,95.63,16,95.64,12,95.65,11,95.66,12
2020-10-29 09:36:01,95.53,95.53,1,95.49,11,95.57,10,95.57,95.49,95.49,11,95.48,12,95.46,5,95.44,5,,,,,,,,,,,,,95.57,10,95.58,4,95.6,2,95.61,1,95.62,11,95.63,16,95.64,12,95.65,11,95.66,12,95.67,3
2020-10-29 09:36:02,95.52,95.53,1,95.49,11,95.55,13,95.55,95.49,95.49,11,95.48,12,95.46,5,95.44,5,,,,,,,,,,,,,95.55,13,95.56,11,95.57,10,95.58,4,95.6,2,95.61,1,95.62,11,95.63,16,95.64,12,95.65,11
2020-10-29 09:36:03,95.52,95.53,1,95.49,11,95.55,11,95.55,95.49,95.49,11,95.48,12,95.46,5,95.44,5,,,,,,,,,,,,,95.55,11,95.56,11,95.57,10,95.58,4,95.6,2,95.61,1,95.62,11,95.63,16,95.64,12,95.65,11
2020-10-29 09:36:04,95.52,95.5,1,95.49,11,95.55,19,95.55,95.49,95.49,11,95.48,12,95.46,5,95.44,5,,,,,,,,,,,,,95.55,19,95.56,11,95.57,10,95.58,4,95.6,2,95.61,1,95.62,11,95.63,16,95.64,12,95.65,11
2020-10-29 09:36:05,95.515,95.53,1,95.49,11,95.54,5,95.54,95.49,95.49,11,95.48,12,95.46,5,95.44,5,,,,,,,,,,,,,95.54,5,95.55,20,95.56,11,95.57,10,95.58,4,95.6,2,95.61,1,95.62,11,95.63,16,95.64,12
2020-10-29 09:36:06,95.485,95.48,2,95.47,4,95.5,13,95.5,95.47,95.47,4,95.46,5,95.44,5,,,,,,,,,,,,,,,95.5,13,95.51,8,95.52,10,95.53,17,95.54,11,95.55,15,95.56,11,95.57,10,95.58,4,95.6,2
2020-10-29 09:36:07,95.475,95.47,2,95.45,3,95.5,9,95.5,95.45,95.45,3,95.44,5,,,,,,,,,,,,,,,,,95.5,9,95.51,8,95.52,10,95.53,17,95.54,11,95.55,15,95.56,11,95.57,10,95.58,4,95.6,2
2020-10-29 09:36:08,95.475,95.47,2,95.45,5,95.5,9,95.5,95.45,95.45,5,95.44,5,,,,,,,,,,,,,,,,,95.5,9,95.51,8,95.52,10,95.53,17,95.54,11,95.55,15,95.56,11,95.57,10,95.58,4,95.6,2
2020-10-29 09:36:09,95.475,95.47,1,95.45,6,95.5,10,95.5,95.45,95.45,6,95.44,9,,,,,,,,,,,,,,,,,95.5,10,95.51,8,95.52,10,95.53,17,95.54,11,95.55,15,95.56,11,95.57,10,95.58,4,95.6,2
2020-10-29 09:36:10,95.55,95.57,1,95.52,6,95.58,10,95.58,95.52,95.52,6,95.51,4,95.5,8,95.49,3,95.48,11,95.45,8,95.44,9,,,,,,,95.58,10,95.6,2,95.61,1,95.62,11,95.63,16,95.64,12,95.65,11,95.66,12,95.67,3,95.68,4
2020-10-29 09:36:11,95.545,95.57,1,95.52,8,95.57,5,95.57,95.52,95.52,8,95.51,4,95.5,8,95.49,3,95.48,11,95.45,8,95.44,9,,,,,,,95.57,5,95.58,16,95.6,2,95.61,1,95.62,11,95.63,16,95.64,12,95.65,11,95.66,12,95.67,3
2020-10-29 09:36:12,95.6,95.64,1,95.57,6,95.63,12,95.63,95.57,95.57,6,95.56,3,95.55,6,95.52,9,95.51,4,95.5,8,95.49,3,95.48,11,95.45,8,95.44,9,95.63,12,95.64,12,95.65,18,95.66,14,95.67,12,95.68,10,95.69,12,95.7,11,95.71,15,95.72,12
2020-10-29 09:36:13,95.61,95.61,1,95.59,3,95.63,8,95.63,95.59,95.59,3,95.58,3,95.57,5,95.56,3,95.55,6,95.52,9,95.51,4,95.5,8,95.49,3,95.48,11,95.63,8,95.64,12,95.65,18,95.66,14,95.67,12,95.68,10,95.69,12,95.7,11,95.71,15,95.72,12
2020-10-29 09:36:14,95.635,95.63,1,95.62,6,95.65,21,95.65,95.62,95.62,6,95.6,1,95.59,3,95.58,3,95.57,5,95.56,3,95.55,6,95.52,9,95.51,4,95.5,8,95.65,21,95.66,14,95.67,12,95.68,10,95.69,12,95.7,11,95.71,15,95.72,12,95.73,17,95.75,1
2020-10-29 09:36:15,95.635,95.63,1,95.62,6,95.65,21,95.65,95.62,95.62,6,95.6,1,95.59,3,95.58,3,95.57,5,95.56,3,95.55,6,95.52,9,95.51,4,95.5,8,95.65,21,95.66,14,95.67,12,95.68,10,95.69,12,95.7,11,95.71,15,95.72,12,95.73,17,95.75,1
2020-10-29 09:36:16,95.61,95.62,1,95.6,7,95.62,9,95.62,95.6,95.6,7,95.59,3,95.58,3,95.57,5,95.56,3,95.55,6,95.52,9,95.51,4,95.5,8,95.49,3,95.62,9,95.63,6,95.65,4,95.66,3,95.67,6,95.68,10,95.69,12,95.7,11,95.71,15,95.72,12
2020-10-29 09:36:17,95.62,95.62,1,95.61,6,95.63,1,95.63,95.61,95.61,6,95.6,7,95.59,3,95.58,3,95.57,5,95.56,3,95.55,6,95.52,9,95.51,4,95.5,8,95.63,1,95.65,5,95.66,3,95.67,6,95.68,10,95.69,12,95.7,11,95.71,15,95.72,12,95.73,17
2020-10-29 09:36:18,95.645,95.65,1,95.62,5,95.67,12,95.67,95.62,95.62,5,95.61,6,95.6,7,95.59,3,95.58,3,95.57,5,95.56,3,95.55,6,95.52,9,95.51,4,95.67,12,95.68,10,95.69,12,95.7,11,95.71,15,95.72,12,95.73,17,95.75,1,95.76,10,95.77,14
2020-10-29 09:36:19,95.6,95.6,8,95.58,7,95.62,5,95.62,95.58,95.58,7,95.57,5,95.56,3,95.55,6,95.52,9,95.51,4,95.5,8,95.49,3,95.48,11,95.45,8,95.62,5,95.63,5,95.64,3,95.67,13,95.68,10,95.69,12,95.7,11,95.71,15,95.72,12,95.73,17
2020-10-29 09:36:20,95.565,95.55,1,95.54,14,95.59,17,95.59,95.54,95.54,14,95.53,1,95.52,9,95.51,4,95.5,8,95.49,3,95.48,11,95.45,8,95.44,9,,,95.59,17,95.6,9,95.61,7,95.62,5,95.63,5,95.64,3,95.67,13,95.68,10,95.69,12,95.7,11
2020-10-29 09:36:21,95.565,95.56,6,95.54,13,95.59,17,95.59,95.54,95.54,13,95.53,1,95.52,9,95.51,4,95.5,8,95.49,3,95.48,11,95.45,8,95.44,9,,,95.59,17,95.6,9,95.61,7,95.62,5,95.63,5,95.64,3,95.67,13,95.68,10,95.69,12,95.7,11
2020-10-29 09:36:22,95.565,95.56,6,95.54,13,95.59,17,95.59,95.54,95.54,13,95.53,1,95.52,9,95.51,4,95.5,8,95.49,3,95.48,11,95.45,8,95.44,9,,,95.59,17,95.6,9,95.61,7,95.62,5,95.63,5,95.64,3,95.67,13,95.68,10,95.69,12,95.7,11
2020-10-29 09:36:23,95.515,95.52,1,95.5,10,95.53,4,95.53,95.5,95.5,10,95.49,3,95.48,11,95.45,8,95.44,9,,,,,,,,,,,95.53,4,95.54,1,95.55,8,95.56,2,95.57,12,95.58,8,95.59,15,95.6,9,95.61,7,95.62,5
2020-10-29 09:36:24,95.515,95.52,2,95.5,10,95.53,7,95.53,95.5,95.5,10,95.49,3,95.48,11,95.45,8,95.44,9,,,,,,,,,,,95.53,7,95.54,1,95.55,8,95.56,2,95.57,12,95.58,8,95.59,15,95.6,9,95.61,7,95.62,5
2020-10-29 09:36:25,95.505,95.53,1,95.48,18,95.53,5,95.53,95.48,95.48,18,95.45,8,95.44,9,,,,,,,,,,,,,,,95.53,5,95.54,1,95.55,8,95.56,2,95.57,12,95.58,8,95.59,15,95.6,9,95.61,7,95.62,5
2020-10-29 09:36:26,95.515,95.51,1,95.5,3,95.53,5,95.53,95.5,95.5,3,95.49,12,95.48,18,95.45,8,95.44,9,,,,,,,,,,,95.53,5,95.54,1,95.55,8,95.56,2,95.57,12,95.58,8,95.59,15,95.6,9,95.61,7,95.62,5
2020-10-29 09:36:27,95.515,95.51,1,95.5,2,95.53,5,95.53,95.5,95.5,2,95.49,12,95.48,18,95.45,8,95.44,9,,,,,,,,,,,95.53,5,95.54,1,95.55,8,95.56,2,95.57,12,95.58,8,95.59,15,95.6,9,95.61,7,95.62,5
2020-10-29 09:36:28,95.51,95.5,1,95.49,4,95.53,12,95.53,95.49,95.49,4,95.48,18,95.45,8,95.44,9,,,,,,,,,,,,,95.53,12,95.54,1,95.55,8,95.56,2,95.57,12,95.58,8,95.59,15,95.6,9,95.61,7,95.62,5
2020-10-29 09:36:29,95.565,95.56,1,95.54,3,95.59,13,95.59,95.54,95.54,3,95.53,7,95.52,3,95.51,3,95.5,1,95.49,7,95.48,18,95.45,8,95.44,9,,,95.59,13,95.6,9,95.61,7,95.62,5,95.63,5,95.64,3,95.67,13,95.68,10,95.69,12,95.7,11
2020-10-29 09:36:30,95.565,95.56,1,95.54,5,95.59,13,95.59,95.54,95.54,5,95.53,7,95.52,3,95.51,3,95.5,1,95.49,7,95.48,18,95.45,8,95.44,9,,,95.59,13,95.6,9,95.61,7,95.62,5,95.63,5,95.64,3,95.67,13,95.68,10,95.69,12,95.7,11
2020-10-29 09:36:31,95.585,95.59,1,95.56,7,95.61,13,95.61,95.56,95.56,7,95.55,9,95.54,5,95.53,7,95.52,3,95.51,3,95.5,1,95.49,7,95.48,18,95.45,8,95.61,13,95.62,5,95.63,5,95.64,3,95.67,13,95.68,10,95.69,12,95.7,11,95.71,15,95.72,12
2020-10-29 09:36:32,95.595,95.6,1,95.58,5,95.61,10,95.61,95.58,95.58,5,95.57,7,95.56,10,95.55,9,95.54,5,95.53,7,95.52,3,95.51,3,95.5,1,95.49,7,95.61,10,95.62,5,95.63,5,95.64,3,95.67,13,95.68,10,95.69,12,95.7,11,95.71,15,95.72,12
2020-10-29 09:36:33,95.595,95.6,1,95.58,4,95.61,6,95.61,95.58,95.58,4,95.56,6,95.55,9,95.54,5,95.53,7,95.52,3,95.51,3,95.5,1,95.49,7,95.48,18,95.61,6,95.62,5,95.63,5,95.64,3,95.67,13,95.68,10,95.69,12,95.7,11,95.71,15,95.72,12
2020-10-29 09:36:34,95.595,95.6,1,95.58,4,95.61,4,95.61,95.58,95.58,4,95.56,6,95.55,9,95.54,5,95.53,7,95.52,3,95.51,3,95.5,1,95.49,7,95.48,18,95.61,4,95.62,5,95.63,5,95.64,3,95.67,13,95.68,10,95.69,12,95.7,11,95.71,15,95.72,12
2020-10-29 09:36:35,95.575,95.58,2,95.56,10,95.59,7,95.59,95.56,95.56,10,95.55,9,95.54,5,95.53,7,95.52,3,95.51,3,95.5,1,95.49,7,95.48,18,95.45,8,95.59,7,95.6,10,95.61,6,95.62,5,95.63,5,95.64,3,95.67,13,95.68,10,95.69,12,95.7,11
2020-10-29 09:36:36,95.56,95.57,1,95.55,8,95.57,17,95.57,95.55,95.55,8,95.54,5,95.53,7,95.52,3,95.51,3,95.5,1,95.49,7,95.48,18,95.45,8,95.44,9,95.57,17,95.58,9,95.59,16,95.6,8,95.61,6,95.62,5,95.63,5,95.64,3,95.67,13,95.68,10
2020-10-29 09:36:37,95.53,95.55,1,95.51,5,95.55,3,95.55,95.51,95.51,5,95.5,1,95.49,7,95.48,18,95.45,8,95.44,9,,,,,,,,,95.55,3,95.56,12,95.57,13,95.58,19,95.59,9,95.6,7,95.61,6,95.62,5,95.63,5,95.64,3
2020-10-29 09:36:38,95.53,95.53,1,95.51,6,95.55,4,95.55,95.51,95.51,6,95.5,1,95.49,7,95.48,18,95.45,8,95.44,9,,,,,,,,,95.55,4,95.56,12,95.57,13,95.58,19,95.59,9,95.6,7,95.61,6,95.62,5,95.63,5,95.64,3
2020-10-29 09:36:39,95.56,95.55,1,95.54,8,95.58,4,95.58,95.54,95.54,8,95.53,3,95.52,4,95.51,6,95.5,1,95.49,7,95.48,18,95.45,8,95.44,9,,,95.58,4,95.59,12,95.6,7,95.61,6,95.62,5,95.63,5,95.64,3,95.67,13,95.68,10,95.69,12
2020-10-29 09:36:40,95.56,95.58,1,95.54,7,95.58,2,95.58,95.54,95.54,7,95.53,3,95.52,4,95.51,6,95.5,1,95.49,7,95.48,18,95.45,8,95.44,9,,,95.58,2,95.59,12,95.6,7,95.61,6,95.62,5,95.63,5,95.64,3,95.67,13,95.68,10,95.69,12
2020-10-29 09:36:41,95.56,95.56,1,95.54,8,95.58,2,95.58,95.54,95.54,8,95.53,3,95.52,4,95.51,6,95.5,1,95.49,7,95.48,18,95.45,8,95.44,9,,,95.58,2,95.59,12,95.6,7,95.61,6,95.62,5,95.63,5,95.64,3,95.67,13,95.68,10,95.69,12
