sim_time,mid_price,last_price,last_size,best_bid_price,best_bid_size,best_ask_price,best_ask_size,close_price_buy,close_price_sell,bid1_price,bid1_size,bid2_price,bid2_size,bid3_price,bid3_size,bid4_price,bid4_size,bid5_price,bid5_size,bid6_price,bid6_size,bid7_price,bid7_size,bid8_price,bid8_size,bid9_price,bid9_size,bid10_price,bid10_size,ask1_price,ask1_size,ask2_price,ask2_size,ask3_price,ask3_size,ask4_price,ask4_size,ask5_price,ask5_size,ask6_price,ask6_size,ask7_price,ask7_size,ask8_price,ask8_size,ask9_price,ask9_size,ask10_price,ask10_size
2026-02-05 09:30:17,77.665,77.66,1,77.65,800,77.68,1700,77.68,77.65,77.65,800,77.64,600,77.63,500,77.51,600,,,,,,,,,,,,,77.68,1700,77.69,700,77.7,800,77.71,400,77.72,300,77.73,1100,77.74,1300,77.75,1200,77.77,300,77.78,400
2026-02-05 09:30:18,77.64,77.63,1,77.62,400,77.66,1300,77.66,77.62,77.62,400,77.51,600,,,,,,,,,,,,,,,,,77.66,1300,77.67,1800,77.68,1600,77.69,700,77.7,800,77.71,400,77.72,300,77.73,1100,77.74,1300,77.75,1200
2026-02-05 09:30:20,77.66,77.67,1,77.64,600,77.68,1600,77.68,77.64,77.64,600,77.63,500,77.62,500,77.51,600,,,,,,,,,,,,,77.68,1600,77.69,700,77.7,800,77.71,400,77.72,300,77.73,1100,77.74,1300,77.75,1200,77.77,300,77.78,400
2026-02-05 09:30:21,77.665,77.67,1,77.65,400,77.68,1400,77.68,77.65,77.65,400,77.64,600,77.63,500,77.62,500,77.51,600,,,,,,,,,,,77.68,1400,77.69,700,77.7,800,77.71,400,77.72,300,77.73,1100,77.74,1300,77.75,1200,77.77,300,77.78,400
2026-02-05 09:30:22,77.66,77.67,1,77.64,400,77.68,1400,77.68,77.64,77.64,400,77.63,500,77.62,500,77.51,600,,,,,,,,,,,,,77.68,1400,77.69,700,77.7,800,77.71,400,77.72,300,77.73,1100,77.74,1300,77.75,1200,77.77,300,77.78,400
2026-02-05 09:30:22,77.66,77.67,1,77.64,400,77.68,1400,77.68,77.64,77.64,400,77.63,500,77.62,500,77.51,600,,,,,,,,,,,,,77.68,1400,77.69,700,77.7,800,77.71,400,77.72,300,77.73,1100,77.74,1300,77.75,1200,77.77,300,77.78,400
2026-02-05 09:30:24,77.66,77.64,2,77.64,400,77.68,1400,77.68,77.64,77.64,400,77.63,500,77.62,500,77.51,600,,,,,,,,,,,,,77.68,1400,77.69,700,77.7,800,77.71,400,77.72,300,77.73,1100,77.74,1300,77.75,1200,77.77,300,77.78,400
2026-02-05 09:30:25,77.675,77.68,1,77.67,100,77.68,400,77.68,77.67,77.67,100,77.66,200,77.65,300,77.64,800,77.63,500,77.62,500,77.51,600,,,,,,,77.68,400,77.69,1300,77.7,800,77.71,400,77.72,300,77.73,1100,77.74,1300,77.75,1200,77.77,300,77.78,400
2026-02-05 09:30:26,77.665,77.68,3,77.65,700,77.68,800,77.68,77.65,77.65,700,77.64,800,77.63,500,77.62,500,77.51,600,,,,,,,,,,,77.68,800,77.69,100,77.7,2000,77.71,400,77.72,300,77.73,1100,77.74,1300,77.75,1200,77.77,300,77.78,400
2026-02-05 09:30:27,77.665,77.68,3,77.65,700,77.68,800,77.68,77.65,77.65,700,77.64,800,77.63,500,77.62,500,77.51,600,,,,,,,,,,,77.68,800,77.69,100,77.7,2000,77.71,400,77.72,300,77.73,1100,77.74,1300,77.75,1200,77.77,300,77.78,400
2026-02-05 09:30:28,77.68,77.67,1,77.67,100,77.69,900,77.69,77.67,77.67,100,77.65,900,77.64,800,77.63,500,77.62,500,77.51,600,,,,,,,,,77.69,900,77.7,2000,77.71,400,77.72,300,77.73,1100,77.74,1300,77.75,1200,77.77,300,77.78,400,77.79,400
2026-02-05 09:30:29,77.68,77.68,1,77.67,300,77.69,700,77.69,77.67,77.67,300,77.65,900,77.64,800,77.63,500,77.62,500,77.51,600,,,,,,,,,77.69,700,77.7,1600,77.71,400,77.72,300,77.73,1100,77.74,1300,77.75,1200,77.77,300,77.78,400,77.79,400
2026-02-05 09:30:30,77.68,77.69,1,77.67,300,77.69,800,77.69,77.67,77.67,300,77.65,900,77.64,800,77.63,500,77.62,500,77.51,600,,,,,,,,,77.69,800,77.7,1600,77.71,400,77.72,300,77.73,1100,77.74,1300,77.75,1200,77.77,300,77.78,400,77.79,400
2026-02-05 09:30:31,77.67,77.68,4,77.66,800,77.68,700,77.68,77.66,77.66,800,77.65,800,77.64,800,77.63,500,77.62,500,77.51,600,,,,,,,,,77.68,700,77.69,800,77.7,1600,77.71,400,77.72,300,77.73,1100,77.74,1300,77.75,1200,77.77,300,77.78,400
2026-02-05 09:30:32,77.67,77.68,4,77.66,800,77.68,700,77.68,77.66,77.66,800,77.65,800,77.64,800,77.63,500,77.62,500,77.51,600,,,,,,,,,77.68,700,77.69,800,77.7,1600,77.71,400,77.72,300,77.73,1100,77.74,1300,77.75,1200,77.77,300,77.78,400
2026-02-05 09:30:33,77.655,77.65,2,77.65,200,77.66,1400,77.66,77.65,77.65,200,77.64,500,77.63,300,77.62,500,77.51,600,,,,,,,,,,,77.66,1400,77.68,1100,77.69,800,77.7,1600,77.71,400,77.72,300,77.73,1100,77.74,1300,77.75,1200,77.77,300
2026-02-05 09:30:34,77.63,77.64,1,77.62,700,77.64,800,77.64,77.62,77.62,700,77.61,400,77.51,600,,,,,,,,,,,,,,,77.64,800,77.66,600,77.67,2100,77.68,700,77.69,1700,77.7,1600,77.71,400,77.72,300,77.73,1100,77.74,1300
2026-02-05 09:30:35,77.655,77.64,122,77.64,600,77.67,2300,77.67,77.64,77.64,600,77.63,900,77.62,700,77.61,400,77.51,600,,,,,,,,,,,77.67,2300,77.68,700,77.69,1700,77.7,1600,77.71,400,77.72,300,77.73,1100,77.74,1300,77.75,1200,77.77,300
2026-02-05 09:30:36,77.655,77.64,122,77.64,600,77.67,2300,77.67,77.64,77.64,600,77.63,900,77.62,700,77.61,400,77.51,600,,,,,,,,,,,77.67,2300,77.68,700,77.69,1700,77.7,1600,77.71,400,77.72,300,77.73,1100,77.74,1300,77.75,1200,77.77,300
2026-02-05 09:30:37,77.67,77.67,1,77.66,800,77.68,100,77.68,77.66,77.66,800,77.65,600,77.64,600,77.63,900,77.62,700,77.61,400,77.51,600,,,,,,,77.68,100,77.69,1200,77.7,1400,77.71,400,77.72,300,77.73,1100,77.74,1300,77.75,1200,77.77,300,77.78,400
2026-02-05 09:30:38,77.655,77.67,1,77.64,900,77.67,600,77.67,77.64,77.64,900,77.63,900,77.62,700,77.61,400,77.51,600,,,,,,,,,,,77.67,600,77.68,600,77.69,900,77.7,1400,77.71,400,77.72,300,77.73,1100,77.74,1300,77.75,1200,77.77,300
2026-02-05 09:30:39,77.69,77.67,6,77.67,700,77.71,500,77.71,77.67,77.67,700,77.66,700,77.64,600,77.63,900,77.62,700,77.61,400,77.51,600,,,,,,,77.71,500,77.72,1100,77.73,1100,77.74,1300,77.75,1200,77.77,300,77.78,400,77.79,400,77.8,700,77.81,200
2026-02-05 09:30:40,77.665,77.67,6,77.64,700,77.69,1000,77.69,77.64,77.64,700,77.63,900,77.62,700,77.61,400,77.51,600,,,,,,,,,,,77.69,1000,77.7,1000,77.71,500,77.72,1100,77.73,1100,77.74,1300,77.75,1200,77.77,300,77.78,400,77.79,400
2026-02-05 09:30:41,77.65,77.67,6,77.63,600,77.67,300,77.67,77.63,77.63,600,77.62,700,77.61,400,77.51,600,,,,,,,,,,,,,77.67,300,77.69,1500,77.7,1000,77.71,500,77.72,1100,77.73,1100,77.74,1300,77.75,1200,77.77,300,77.78,400
2026-02-05 09:30:41,77.65,77.66,1,77.64,300,77.66,500,77.66,77.64,77.64,300,77.63,600,77.62,700,77.61,400,77.51,600,,,,,,,,,,,77.66,500,77.67,700,77.68,500,77.69,1200,77.7,1000,77.71,500,77.72,1100,77.73,1100,77.74,1300,77.75,1200
2026-02-05 09:30:43,77.65,77.66,1,77.63,600,77.67,400,77.67,77.63,77.63,600,77.62,700,77.61,400,77.51,600,,,,,,,,,,,,,77.67,400,77.68,1300,77.69,1200,77.7,1000,77.71,500,77.72,1100,77.73,1100,77.74,1300,77.75,1200,77.77,300
2026-02-05 09:30:44,77.645,77.66,1,77.62,900,77.67,600,77.67,77.62,77.62,900,77.61,400,77.51,600,,,,,,,,,,,,,,,77.67,600,77.68,1300,77.69,1200,77.7,1000,77.71,500,77.72,1100,77.73,1100,77.74,1300,77.75,1200,77.77,300
2026-02-05 09:30:45,77.645,77.64,1,77.62,800,77.67,700,77.67,77.62,77.62,800,77.61,400,77.51,600,,,,,,,,,,,,,,,77.67,700,77.68,1300,77.69,1200,77.7,1000,77.71,500,77.72,1100,77.73,1100,77.74,1300,77.75,1200,77.77,300
2026-02-05 09:30:46,77.645,77.64,1,77.62,800,77.67,1200,77.67,77.62,77.62,800,77.61,400,77.51,600,,,,,,,,,,,,,,,77.67,1200,77.68,1300,77.69,1200,77.7,1000,77.71,500,77.72,1100,77.73,1100,77.74,1300,77.75,1200,77.77,300
2026-02-05 09:30:47,77.645,77.64,1,77.62,800,77.67,1200,77.67,77.62,77.62,800,77.61,400,77.51,600,,,,,,,,,,,,,,,77.67,1200,77.68,1300,77.69,1200,77.7,1000,77.71,500,77.72,1100,77.73,1100,77.74,1300,77.75,1200,77.77,300
2026-02-05 09:30:48,77.635,77.64,1,77.6,200,77.67,1200,77.67,77.6,77.6,200,77.51,600,,,,,,,,,,,,,,,,,77.67,1200,77.68,1300,77.69,1200,77.7,1000,77.71,500,77.72,1100,77.73,1100,77.74,1300,77.75,1200,77.77,300
2026-02-05 09:30:48,77.635,77.64,1,77.6,200,77.67,1200,77.67,77.6,77.6,200,77.51,600,,,,,,,,,,,,,,,,,77.67,1200,77.68,1300,77.69,1200,77.7,1000,77.71,500,77.72,1100,77.73,1100,77.74,1300,77.75,1200,77.77,300
2026-02-05 09:30:50,77.62,77.64,1,77.6,300,77.64,1800,77.64,77.6,77.6,300,77.59,100,77.51,600,,,,,,,,,,,,,,,77.64,1800,77.65,1000,77.66,200,77.67,1200,77.68,1300,77.69,1200,77.7,1000,77.71,500,77.72,1100,77.73,1100
2026-02-05 09:30:51,77.62,77.64,1,77.6,200,77.64,1900,77.64,77.6,77.6,200,77.59,100,77.51,600,,,,,,,,,,,,,,,77.64,1900,77.65,1000,77.66,200,77.67,1200,77.68,1300,77.69,1200,77.7,1000,77.71,500,77.72,1100,77.73,1100
2026-02-05 09:30:52,77.61,77.64,1,77.59,100,77.63,200,77.63,77.59,77.59,100,77.51,600,,,,,,,,,,,,,,,,,77.63,200,77.64,1900,77.65,1000,77.66,200,77.67,1200,77.68,1300,77.69,1200,77.7,1000,77.71,500,77.72,1100
2026-02-05 09:30:53,77.62,77.64,1,77.6,300,77.64,1900,77.64,77.6,77.6,300,77.59,100,77.51,600,,,,,,,,,,,,,,,77.64,1900,77.65,1000,77.66,200,77.67,1200,77.68,1300,77.69,1200,77.7,1000,77.71,500,77.72,1100,77.73,1100
2026-02-05 09:30:54,77.62,77.62,1,77.6,300,77.64,1900,77.64,77.6,77.6,300,77.59,100,77.51,600,,,,,,,,,,,,,,,77.64,1900,77.65,1000,77.66,200,77.67,1200,77.68,1300,77.69,1200,77.7,1000,77.71,500,77.72,1100,77.73,1100
2026-02-05 09:30:55,77.63,77.63,1,77.62,700,77.64,100,77.64,77.62,77.62,700,77.61,600,77.6,200,77.59,100,77.51,600,,,,,,,,,,,77.64,100,77.66,900,77.67,1200,77.68,1300,77.69,1200,77.7,1000,77.71,500,77.72,1100,77.73,1100,77.74,1300
2026-02-05 09:30:56,77.66,77.67,1,77.65,500,77.67,1100,77.67,77.65,77.65,500,77.64,300,77.63,800,77.62,200,77.61,900,77.6,200,77.59,100,77.51,600,,,,,77.67,1100,77.68,1300,77.69,1200,77.7,1000,77.71,500,77.72,1100,77.73,1100,77.74,1300,77.75,1200,77.77,300
2026-02-05 09:30:57,77.675,77.67,2,77.66,400,77.69,1300,77.69,77.66,77.66,400,77.65,500,77.64,300,77.63,800,77.62,200,77.61,900,77.6,200,77.59,100,77.51,600,,,77.69,1300,77.7,1000,77.71,500,77.72,1100,77.73,1100,77.74,1300,77.75,1200,77.77,300,77.78,400,77.79,400
2026-02-05 09:30:58,77.675,77.67,2,77.66,700,77.69,1200,77.69,77.66,77.66,700,77.65,500,77.64,300,77.63,800,77.62,200,77.61,900,77.6,200,77.59,100,77.51,600,,,77.69,1200,77.7,1000,77.71,500,77.72,1100,77.73,1100,77.74,1300,77.75,1200,77.77,300,77.78,400,77.79,400
2026-02-05 09:30:59,77.715,77.72,1,77.7,400,77.73,1200,77.73,77.7,77.7,400,77.69,100,77.68,600,77.66,600,77.65,500,77.64,300,77.63,800,77.62,200,77.61,900,77.6,200,77.73,1200,77.74,1300,77.75,1200,77.77,300,77.78,400,77.79,400,77.8,700,77.81,200,77.82,100,77.83,700
2026-02-05 09:31:00,77.71,77.72,1,77.7,400,77.72,700,77.72,77.7,77.7,400,77.69,100,77.68,600,77.66,600,77.65,500,77.64,300,77.63,800,77.62,200,77.61,900,77.6,200,77.72,700,77.73,1400,77.74,1300,77.75,1200,77.77,300,77.78,400,77.79,400,77.8,700,77.81,200,77.82,100
2026-02-05 09:31:01,77.705,77.72,1,77.7,600,77.71,700,77.71,77.7,77.7,600,77.69,100,77.68,600,77.66,600,77.65,500,77.64,300,77.63,800,77.62,200,77.61,900,77.6,200,77.71,700,77.72,600,77.73,1400,77.74,1300,77.75,1200,77.77,300,77.78,400,77.79,400,77.8,700,77.81,200
2026-02-05 09:31:02,77.715,77.72,2,77.7,500,77.73,300,77.73,77.7,77.7,500,77.69,100,77.68,600,77.66,600,77.65,500,77.64,300,77.63,800,77.62,200,77.61,900,77.6,200,77.73,300,77.74,2000,77.75,1200,77.77,300,77.78,400,77.79,400,77.8,700,77.81,200,77.82,100,77.83,700
2026-02-05 09:31:03,77.68,77.69,2,77.66,800,77.7,400,77.7,77.66,77.66,800,77.65,500,77.64,300,77.63,800,77.62,200,77.61,900,77.6,200,77.59,100,77.51,600,,,77.7,400,77.71,700,77.72,700,77.73,300,77.74,2000,77.75,1200,77.77,300,77.78,400,77.79,400,77.8,700
2026-02-05 09:31:04,77.68,77.69,2,77.66,800,77.7,400,77.7,77.66,77.66,800,77.65,500,77.64,300,77.63,800,77.62,200,77.61,900,77.6,200,77.59,100,77.51,600,,,77.7,400,77.71,700,77.72,700,77.73,300,77.74,2000,77.75,1200,77.77,300,77.78,400,77.79,400,77.8,700
2026-02-05 09:31:05,77.68,77.69,2,77.66,800,77.7,400,77.7,77.66,77.66,800,77.65,500,77.64,300,77.63,800,77.62,200,77.61,900,77.6,200,77.59,100,77.51,600,,,77.7,400,77.71,700,77.72,700,77.73,300,77.74,2000,77.75,1200,77.77,300,77.78,400,77.79,400,77.8,700
2026-02-05 09:31:06,77.705,77.7,1,77.68,300,77.73,500,77.73,77.68,77.68,300,77.67,100,77.66,800,77.65,500,77.64,300,77.63,800,77.62,200,77.61,900,77.6,200,77.59,100,77.73,500,77.74,2000,77.75,1200,77.77,300,77.78,400,77.79,400,77.8,700,77.81,200,77.82,100,77.83,700
2026-02-05 09:31:07,77.705,77.7,1,77.68,800,77.73,800,77.73,77.68,77.68,800,77.67,100,77.66,800,77.65,500,77.64,300,77.63,800,77.62,200,77.61,900,77.6,200,77.59,100,77.73,800,77.74,2000,77.75,1200,77.77,300,77.78,400,77.79,400,77.8,700,77.81,200,77.82,100,77.83,700
2026-02-05 09:31:08,77.705,77.7,1,77.68,900,77.73,1000,77.73,77.68,77.68,900,77.67,100,77.66,800,77.65,500,77.64,300,77.63,800,77.62,200,77.61,900,77.6,200,77.59,100,77.73,1000,77.74,2000,77.75,1200,77.77,300,77.78,400,77.79,400,77.8,700,77.81,200,77.82,100,77.83,700
2026-02-05 09:31:09,77.705,77.71,2,77.68,900,77.73,1000,77.73,77.68,77.68,900,77.67,100,77.66,800,77.65,500,77.64,300,77.63,800,77.62,200,77.61,900,77.6,200,77.59,100,77.73,1000,77.74,2000,77.75,1200,77.77,300,77.78,400,77.79,400,77.8,700,77.81,200,77.82,100,77.83,700
2026-02-05 09:31:10,77.705,77.71,1,77.68,900,77.73,1000,77.73,77.68,77.68,900,77.67,100,77.66,800,77.65,500,77.64,300,77.63,800,77.62,200,77.61,900,77.6,200,77.59,100,77.73,1000,77.74,2000,77.75,1200,77.77,300,77.78,400,77.79,400,77.8,700,77.81,200,77.82,100,77.83,700
2026-02-05 09:31:11,77.705,77.71,1,77.68,800,77.73,1000,77.73,77.68,77.68,800,77.67,100,77.66,800,77.65,500,77.64,300,77.63,800,77.62,200,77.61,900,77.6,200,77.59,100,77.73,1000,77.74,2000,77.75,1200,77.77,300,77.78,400,77.79,400,77.8,700,77.81,200,77.82,100,77.83,700
2026-02-05 09:31:12,77.74,77.74,1,77.73,300,77.75,1200,77.75,77.73,77.73,300,77.72,600,77.71,1000,77.7,500,77.69,400,77.68,800,77.67,100,77.66,800,77.65,500,77.64,300,77.75,1200,77.77,300,77.78,400,77.79,400,77.8,700,77.81,200,77.82,100,77.83,700,77.84,800,,
2026-02-05 09:31:13,77.75,77.75,2,77.74,300,77.76,600,77.76,77.74,77.74,300,77.73,500,77.72,600,77.71,1000,77.7,500,77.69,400,77.68,800,77.67,100,77.66,800,77.65,500,77.76,600,77.77,300,77.78,400,77.79,400,77.8,700,77.81,200,77.82,100,77.83,700,77.84,800,,
2026-02-05 09:31:14,77.745,77.76,1,77.74,900,77.75,100,77.75,77.74,77.74,900,77.73,400,77.71,1000,77.7,500,77.69,400,77.68,800,77.67,100,77.66,800,77.65,500,77.64,300,77.75,100,77.76,1400,77.77,300,77.78,400,77.79,400,77.8,700,77.81,200,77.82,100,77.83,700,77.84,800
2026-02-05 09:31:15,77.78,77.79,3,77.77,600,77.79,800,77.79,77.77,77.77,600,77.76,700,77.75,800,77.74,1000,77.73,700,77.71,1000,77.7,500,77.69,400,77.68,800,77.67,100,77.79,800,77.8,100,77.81,600,77.82,100,77.83,700,77.84,800,,,,,,,,
2026-02-05 09:31:16,77.79,77.79,2,77.77,600,77.81,600,77.81,77.77,77.77,600,77.76,700,77.75,800,77.74,1000,77.73,700,77.71,1000,77.7,500,77.69,400,77.68,800,77.67,100,77.81,600,77.82,100,77.83,700,77.84,800,,,,,,,,,,,,
2026-02-05 09:31:17,77.79,77.79,1,77.77,600,77.81,700,77.81,77.77,77.77,600,77.76,700,77.75,800,77.74,1000,77.73,700,77.71,1000,77.7,500,77.69,400,77.68,800,77.67,100,77.81,700,77.82,100,77.83,700,77.84,800,,,,,,,,,,,,
2026-02-05 09:31:18,77.765,77.77,1,77.76,700,77.77,400,77.77,77.76,77.76,700,77.75,1300,77.74,1000,77.73,700,77.71,1000,77.7,500,77.69,400,77.68,800,77.67,100,77.66,800,77.77,400,77.78,100,77.79,700,77.8,400,77.81,800,77.82,100,77.83,700,77.84,800,,,,
2026-02-05 09:31:19,77.765,77.77,1,77.75,1100,77.78,800,77.78,77.75,77.75,1100,77.74,1000,77.73,700,77.71,1000,77.7,500,77.69,400,77.68,800,77.67,100,77.66,800,77.65,500,77.78,800,77.79,700,77.8,400,77.81,800,77.82,100,77.83,700,77.84,800,,,,,,
2026-02-05 09:31:20,77.76,77.77,1,77.74,1300,77.78,700,77.78,77.74,77.74,1300,77.73,700,77.71,1000,77.7,500,77.69,400,77.68,800,77.67,100,77.66,800,77.65,500,77.64,300,77.78,700,77.79,700,77.8,400,77.81,800,77.82,100,77.83,700,77.84,800,,,,,,
2026-02-05 09:31:21,77.76,77.77,1,77.74,1300,77.78,700,77.78,77.74,77.74,1300,77.73,700,77.71,1000,77.7,500,77.69,400,77.68,800,77.67,100,77.66,800,77.65,500,77.64,300,77.78,700,77.79,700,77.8,400,77.81,800,77.82,100,77.83,700,77.84,800,,,,,,
2026-02-05 09:31:22,77.76,77.76,2,77.74,1300,77.78,700,77.78,77.74,77.74,1300,77.73,700,77.71,1000,77.7,500,77.69,400,77.68,800,77.67,100,77.66,800,77.65,500,77.64,300,77.78,700,77.79,700,77.8,400,77.81,800,77.82,100,77.83,700,77.84,800,,,,,,
2026-02-05 09:31:23,77.64,77.64,1,77.62,500,77.66,500,77.66,77.62,77.62,500,77.61,900,77.6,200,77.59,100,77.51,600,,,,,,,,,,,77.66,500,77.67,500,77.68,300,77.69,100,77.7,600,77.71,200,77.72,300,77.73,300,77.74,100,77.75,500
2026-02-05 09:31:24,77.595,77.6,1,77.58,500,77.61,900,77.61,77.58,77.58,500,77.51,600,,,,,,,,,,,,,,,,,77.61,900,77.62,400,77.63,600,77.65,400,77.66,500,77.67,500,77.68,300,77.69,100,77.7,600,77.71,200
2026-02-05 09:31:25,77.6,77.6,1,77.58,200,77.62,1200,77.62,77.58,77.58,200,77.51,600,,,,,,,,,,,,,,,,,77.62,1200,77.63,600,77.65,400,77.66,500,77.67,500,77.68,300,77.69,100,77.7,600,77.71,200,77.72,300
2026-02-05 09:31:26,77.6,77.6,1,77.58,200,77.62,1200,77.62,77.58,77.58,200,77.51,600,,,,,,,,,,,,,,,,,77.62,1200,77.63,600,77.65,400,77.66,500,77.67,500,77.68,300,77.69,100,77.7,600,77.71,200,77.72,300
2026-02-05 09:31:27,77.6,77.6,1,77.58,500,77.62,1000,77.62,77.58,77.58,500,77.51,600,,,,,,,,,,,,,,,,,77.62,1000,77.63,600,77.65,400,77.66,500,77.67,500,77.68,300,77.69,100,77.7,600,77.71,200,77.72,300
2026-02-05 09:31:28,77.6,77.6,38,77.58,500,77.62,1000,77.62,77.58,77.58,500,77.51,600,,,,,,,,,,,,,,,,,77.62,1000,77.63,600,77.65,400,77.66,500,77.67,500,77.68,300,77.69,100,77.7,600,77.71,200,77.72,300
2026-02-05 09:31:29,77.63,77.62,2,77.61,1000,77.65,800,77.65,77.61,77.61,1000,77.6,500,77.59,300,77.58,500,77.51,600,,,,,,,,,,,77.65,800,77.66,500,77.67,500,77.68,300,77.69,100,77.7,600,77.71,200,77.72,300,77.73,300,77.74,100
2026-02-05 09:31:30,77.635,77.62,2,77.61,1000,77.66,700,77.66,77.61,77.61,1000,77.6,500,77.59,300,77.58,500,77.51,600,,,,,,,,,,,77.66,700,77.67,500,77.68,300,77.69,100,77.7,600,77.71,200,77.72,300,77.73,300,77.74,100,77.75,500
2026-02-05 09:31:31,77.635,77.62,2,77.61,1000,77.66,800,77.66,77.61,77.61,1000,77.6,500,77.59,300,77.58,500,77.51,600,,,,,,,,,,,77.66,800,77.67,500,77.68,300,77.69,100,77.7,600,77.71,200,77.72,300,77.73,300,77.74,100,77.75,500
2026-02-05 09:31:32,77.635,77.62,2,77.61,1000,77.66,800,77.66,77.61,77.61,1000,77.6,500,77.59,300,77.58,500,77.51,600,,,,,,,,,,,77.66,800,77.67,500,77.68,300,77.69,100,77.7,600,77.71,200,77.72,300,77.73,300,77.74,100,77.75,500
2026-02-05 09:31:33,77.635,77.64,1,77.61,1000,77.66,1000,77.66,77.61,77.61,1000,77.6,500,77.59,300,77.58,500,77.51,600,,,,,,,,,,,77.66,1000,77.67,500,77.68,300,77.69,100,77.7,600,77.71,200,77.72,300,77.73,300,77.74,100,77.75,500
2026-02-05 09:31:34,77.635,77.64,1,77.61,1000,77.66,1000,77.66,77.61,77.61,1000,77.6,500,77.59,300,77.58,500,77.51,600,,,,,,,,,,,77.66,1000,77.67,500,77.68,300,77.69,100,77.7,600,77.71,200,77.72,300,77.73,300,77.74,100,77.75,500
2026-02-05 09:31:35,77.65,77.66,1,77.63,800,77.67,800,77.67,77.63,77.63,800,77.62,500,77.61,1000,77.6,500,77.59,300,77.58,500,77.51,600,,,,,,,77.67,800,77.68,300,77.69,100,77.7,600,77.71,200,77.72,300,77.73,300,77.74,100,77.75,500,77.76,300
2026-02-05 09:31:36,77.65,77.66,1,77.63,800,77.67,800,77.67,77.63,77.63,800,77.62,500,77.61,1000,77.6,500,77.59,300,77.58,500,77.51,600,,,,,,,77.67,800,77.68,300,77.69,100,77.7,600,77.71,200,77.72,300,77.73,300,77.74,100,77.75,500,77.76,300
2026-02-05 09:31:37,77.65,77.66,1,77.63,800,77.67,800,77.67,77.63,77.63,800,77.62,500,77.61,1000,77.6,500,77.59,300,77.58,500,77.51,600,,,,,,,77.67,800,77.68,300,77.69,100,77.7,600,77.71,200,77.72,300,77.73,300,77.74,100,77.75,500,77.76,300
2026-02-05 09:31:38,77.65,77.65,3,77.63,800,77.67,800,77.67,77.63,77.63,800,77.62,500,77.61,1000,77.6,500,77.59,300,77.58,500,77.51,600,,,,,,,77.67,800,77.68,300,77.69,100,77.7,600,77.71,200,77.72,300,77.73,300,77.74,100,77.75,500,77.76,300
2026-02-05 09:31:39,77.685,77.69,1,77.67,400,77.7,1000,77.7,77.67,77.67,400,77.66,400,77.65,800,77.64,500,77.63,800,77.62,500,77.61,1000,77.6,500,77.59,300,77.58,500,77.7,1000,77.71,200,77.72,300,77.73,300,77.74,100,77.75,500,77.76,300,77.77,100,77.78,1200,77.79,700
2026-02-05 09:31:40,77.685,77.69,1,77.67,400,77.7,1200,77.7,77.67,77.67,400,77.66,400,77.65,800,77.64,500,77.63,800,77.62,500,77.61,1000,77.6,500,77.59,300,77.58,500,77.7,1200,77.71,200,77.72,300,77.73,300,77.74,100,77.75,500,77.76,300,77.77,100,77.78,1200,77.79,700
2026-02-05 09:31:41,77.71,77.7,1,77.68,600,77.74,400,77.74,77.68,77.68,600,77.67,600,77.66,400,77.65,800,77.64,500,77.63,800,77.62,500,77.61,1000,77.6,500,77.59,300,77.74,400,77.75,500,77.76,300,77.77,100,77.78,1200,77.79,700,77.8,400,77.81,800,77.82,100,77.83,700
2026-02-05 09:31:42,77.705,77.7,1,77.68,900,77.73,100,77.73,77.68,77.68,900,77.67,600,77.66,400,77.65,800,77.64,500,77.63,800,77.62,500,77.61,1000,77.6,500,77.59,300,77.73,100,77.74,800,77.75,500,77.76,300,77.77,100,77.78,1200,77.79,700,77.8,400,77.81,800,77.82,100
2026-02-05 09:31:43,77.705,77.71,3,77.68,900,77.73,100,77.73,77.68,77.68,900,77.67,600,77.66,400,77.65,800,77.64,500,77.63,800,77.62,500,77.61,1000,77.6,500,77.59,300,77.73,100,77.74,800,77.75,500,77.76,300,77.77,100,77.78,1200,77.79,700,77.8,400,77.81,800,77.82,100
2026-02-05 09:31:44,77.705,77.71,3,77.68,900,77.73,100,77.73,77.68,77.68,900,77.67,600,77.66,400,77.65,800,77.64,500,77.63,800,77.62,500,77.61,1000,77.6,500,77.59,300,77.73,100,77.74,800,77.75,500,77.76,300,77.77,100,77.78,1200,77.79,700,77.8,400,77.81,800,77.82,100
2026-02-05 09:31:45,77.705,77.71,3,77.68,900,77.73,100,77.73,77.68,77.68,900,77.67,600,77.66,400,77.65,800,77.64,500,77.63,800,77.62,500,77.61,1000,77.6,500,77.59,300,77.73,100,77.74,800,77.75,500,77.76,300,77.77,100,77.78,1200,77.79,700,77.8,400,77.81,800,77.82,100
2026-02-05 09:31:46,77.705,77.72,2,77.68,900,77.73,100,77.73,77.68,77.68,900,77.67,600,77.66,400,77.65,800,77.64,500,77.63,800,77.62,500,77.61,1000,77.6,500,77.59,300,77.73,100,77.74,800,77.75,500,77.76,300,77.77,100,77.78,1200,77.79,700,77.8,400,77.81,800,77.82,100
2026-02-05 09:31:47,77.705,77.72,2,77.68,900,77.73,100,77.73,77.68,77.68,900,77.67,600,77.66,400,77.65,800,77.64,500,77.63,800,77.62,500,77.61,1000,77.6,500,77.59,300,77.73,100,77.74,800,77.75,500,77.76,300,77.77,100,77.78,1200,77.79,700,77.8,400,77.81,800,77.82,100
2026-02-05 09:31:48,77.71,77.72,2,77.69,400,77.73,100,77.73,77.69,77.69,400,77.68,900,77.67,600,77.66,400,77.65,800,77.64,500,77.63,800,77.62,500,77.61,1000,77.6,500,77.73,100,77.74,800,77.75,500,77.76,300,77.77,100,77.78,1200,77.79,700,77.8,400,77.81,800,77.82,100
2026-02-05 09:31:49,77.71,77.71,1,77.69,600,77.73,100,77.73,77.69,77.69,600,77.68,900,77.67,600,77.66,400,77.65,800,77.64,500,77.63,800,77.62,500,77.61,1000,77.6,500,77.73,100,77.74,800,77.75,500,77.76,300,77.77,100,77.78,1200,77.79,700,77.8,400,77.81,800,77.82,100
2026-02-05 09:31:50,77.71,77.71,2,77.69,600,77.73,200,77.73,77.69,77.69,600,77.68,900,77.67,600,77.66,400,77.65,800,77.64,500,77.63,800,77.62,500,77.61,1000,77.6,500,77.73,200,77.74,800,77.75,500,77.76,300,77.77,100,77.78,1200,77.79,700,77.8,400,77.81,800,77.82,100
2026-02-05 09:31:51,77.71,77.73,1,77.7,400,77.72,700,77.72,77.7,77.7,400,77.69,600,77.68,900,77.67,600,77.66,400,77.65,800,77.64,500,77.63,800,77.62,500,77.61,1000,77.72,700,77.73,1000,77.74,400,77.75,100,77.76,600,77.77,100,77.78,1200,77.79,700,77.8,400,77.81,800
2026-02-05 09:31:52,77.735,77.73,1,77.72,500,77.75,300,77.75,77.72,77.72,500,77.71,900,77.7,400,77.69,600,77.68,900,77.67,600,77.66,400,77.65,800,77.64,500,77.63,800,77.75,300,77.76,600,77.77,100,77.78,1200,77.79,700,77.8,400,77.81,800,77.82,100,77.83,700,77.84,800
2026-02-05 09:31:53,77.735,77.75,1,77.72,500,77.75,300,77.75,77.72,77.72,500,77.71,900,77.7,400,77.69,600,77.68,900,77.67,600,77.66,400,77.65,800,77.64,500,77.63,800,77.75,300,77.76,600,77.77,100,77.78,1200,77.79,700,77.8,400,77.81,800,77.82,100,77.83,700,77.84,800
2026-02-05 09:31:54,77.735,77.74,1,77.72,500,77.75,300,77.75,77.72,77.72,500,77.71,900,77.7,400,77.69,600,77.68,900,77.67,600,77.66,400,77.65,800,77.64,500,77.63,800,77.75,300,77.76,600,77.77,100,77.78,1200,77.79,700,77.8,400,77.81,800,77.82,100,77.83,700,77.84,800
2026-02-05 09:31:55,77.71,77.72,2,77.69,600,77.73,300,77.73,77.69,77.69,600,77.68,900,77.67,600,77.66,400,77.65,800,77.64,500,77.63,800,77.62,500,77.61,1000,77.6,500,77.73,300,77.74,200,77.75,500,77.76,600,77.77,100,77.78,1200,77.79,700,77.8,400,77.81,800,77.82,100
2026-02-05 09:31:56,77.745,77.75,1,77.73,700,77.76,800,77.76,77.73,77.73,700,77.72,600,77.71,900,77.7,100,77.69,600,77.68,900,77.67,600,77.66,400,77.65,800,77.64,500,77.76,800,77.77,100,77.78,1200,77.79,700,77.8,400,77.81,800,77.82,100,77.83,700,77.84,800,,
2026-02-05 09:31:57,77.75,77.76,1,77.74,800,77.76,100,77.76,77.74,77.74,800,77.73,700,77.72,600,77.71,900,77.7,100,77.69,600,77.68,900,77.67,600,77.66,400,77.65,800,77.76,100,77.77,300,77.78,1200,77.79,700,77.8,400,77.81,800,77.82,100,77.83,700,77.84,800,,
2026-02-05 09:31:58,77.74,77.76,1,77.72,900,77.76,300,77.76,77.72,77.72,900,77.71,900,77.7,100,77.69,600,77.68,900,77.67,600,77.66,400,77.65,800,77.64,500,77.63,800,77.76,300,77.77,800,77.78,1200,77.79,700,77.8,400,77.81,800,77.82,100,77.83,700,77.84,800,,
2026-02-05 09:31:59,77.73,77.76,1,77.71,900,77.75,300,77.75,77.71,77.71,900,77.7,100,77.69,600,77.68,900,77.67,600,77.66,400,77.65,800,77.64,500,77.63,800,77.62,500,77.75,300,77.76,300,77.77,800,77.78,1200,77.79,700,77.8,400,77.81,800,77.82,100,77.83,700,77.84,800
2026-02-05 09:32:00,77.73,77.73,1,77.71,900,77.75,400,77.75,77.71,77.71,900,77.7,100,77.69,600,77.68,900,77.67,600,77.66,400,77.65,800,77.64,500,77.63,800,77.62,500,77.75,400,77.76,300,77.77,800,77.78,1200,77.79,700,77.8,400,77.81,800,77.82,100,77.83,700,77.84,800
2026-02-05 09:32:01,77.71,77.71,1,77.7,1200,77.72,200,77.72,77.7,77.7,1200,77.69,500,77.68,900,77.67,600,77.66,400,77.65,800,77.64,500,77.63,800,77.62,500,77.61,1000,77.72,200,77.73,700,77.74,1000,77.75,400,77.76,300,77.77,800,77.78,1200,77.79,700,77.8,400,77.81,800
2026-02-05 09:32:02,77.7,77.72,1,77.68,700,77.72,800,77.72,77.68,77.68,700,77.67,600,77.66,400,77.65,800,77.64,500,77.63,800,77.62,500,77.61,1000,77.6,500,77.59,300,77.72,800,77.73,1200,77.74,1000,77.75,400,77.76,300,77.77,800,77.78,1200,77.79,700,77.8,400,77.81,800
2026-02-05 09:32:03,77.695,77.71,2,77.68,700,77.71,2500,77.71,77.68,77.68,700,77.67,600,77.66,400,77.65,800,77.64,500,77.63,800,77.62,500,77.61,1000,77.6,500,77.59,300,77.71,2500,77.72,800,77.73,1200,77.74,1000,77.75,400,77.76,300,77.77,800,77.78,1200,77.79,700,77.8,400
2026-02-05 09:32:04,77.695,77.71,2,77.68,800,77.71,2500,77.71,77.68,77.68,800,77.67,600,77.66,400,77.65,800,77.64,500,77.63,800,77.62,500,77.61,1000,77.6,500,77.59,300,77.71,2500,77.72,800,77.73,1200,77.74,1000,77.75,400,77.76,300,77.77,800,77.78,1200,77.79,700,77.8,400
2026-02-05 09:32:05,77.695,77.69,2,77.68,900,77.71,2600,77.71,77.68,77.68,900,77.67,600,77.66,400,77.65,800,77.64,500,77.63,800,77.62,500,77.61,1000,77.6,500,77.59,300,77.71,2600,77.72,800,77.73,1200,77.74,1000,77.75,400,77.76,300,77.77,800,77.78,1200,77.79,700,77.8,400
2026-02-05 09:32:06,77.73,77.72,1,77.72,200,77.74,1500,77.74,77.72,77.72,200,77.71,800,77.7,600,77.69,300,77.67,400,77.66,400,77.65,800,77.64,500,77.63,800,77.62,500,77.74,1500,77.75,1000,77.76,1300,77.77,800,77.78,600,77.79,300,77.8,1100,77.81,800,77.82,100,77.83,700
2026-02-05 09:32:07,77.775,77.76,1,77.76,200,77.79,300,77.79,77.76,77.76,200,77.75,300,77.74,1200,77.73,800,77.72,200,77.71,800,77.7,600,77.69,300,77.67,400,77.66,400,77.79,300,77.8,1100,77.81,800,77.82,100,77.83,700,77.84,800,,,,,,,,
2026-02-05 09:32:08,77.775,77.78,2,77.76,300,77.79,400,77.79,77.76,77.76,300,77.75,300,77.74,1200,77.73,800,77.72,200,77.71,800,77.7,600,77.69,300,77.67,400,77.66,400,77.79,400,77.8,1100,77.81,800,77.82,100,77.83,700,77.84,800,,,,,,,,
2026-02-05 09:32:09,77.755,77.76,2,77.73,1100,77.78,1400,77.78,77.73,77.73,1100,77.72,200,77.71,800,77.7,600,77.69,300,77.67,400,77.66,400,77.65,800,77.64,500,77.63,800,77.78,1400,77.79,1200,77.8,1100,77.81,800,77.82,100,77.83,700,77.84,800,,,,,,
2026-02-05 09:32:10,77.76,77.75,1,77.75,100,77.77,500,77.77,77.75,77.75,100,77.74,200,77.73,1100,77.72,200,77.71,800,77.7,600,77.69,300,77.67,400,77.66,400,77.65,800,77.77,500,77.78,1400,77.79,1200,77.8,1100,77.81,800,77.82,100,77.83,700,77.84,800,,,,
2026-02-05 09:32:11,77.775,77.77,1,77.77,400,77.78,1100,77.78,77.77,77.77,400,77.76,1100,77.75,500,77.74,700,77.73,1000,77.72,200,77.71,800,77.7,600,77.69,300,77.67,400,77.78,1100,77.79,1200,77.8,1100,77.81,800,77.82,100,77.83,700,77.84,800,,,,,,
2026-02-05 09:32:12,77.775,77.78,1,77.77,200,77.78,1100,77.78,77.77,77.77,200,77.76,1100,77.75,500,77.74,700,77.73,1000,77.72,200,77.71,800,77.7,600,77.69,300,77.67,400,77.78,1100,77.79,1200,77.8,1100,77.81,800,77.82,100,77.83,700,77.84,800,,,,,,
2026-02-05 09:32:13,77.79,77.78,1,77.78,400,77.8,900,77.8,77.78,77.78,400,77.77,700,77.76,1100,77.75,500,77.74,700,77.73,1000,77.72,200,77.71,800,77.7,600,77.69,300,77.8,900,77.81,600,77.82,100,77.83,700,77.84,800,,,,,,,,,,
2026-02-05 09:32:14,77.795,77.79,6,77.78,400,77.81,700,77.81,77.78,77.78,400,77.77,700,77.76,1100,77.75,500,77.74,700,77.73,1000,77.72,200,77.71,800,77.7,600,77.69,300,77.81,700,77.82,100,77.83,700,77.84,800,,,,,,,,,,,,
2026-02-05 09:32:15,77.795,77.79,1,77.78,400,77.81,800,77.81,77.78,77.78,400,77.77,700,77.76,1100,77.75,500,77.74,700,77.73,1000,77.72,200,77.71,800,77.7,600,77.69,300,77.81,800,77.82,100,77.83,700,77.84,800,,,,,,,,,,,,
2026-02-05 09:32:16,77.79,77.8,1,77.78,400,77.8,400,77.8,77.78,77.78,400,77.77,700,77.76,1100,77.75,500,77.74,700,77.73,1000,77.72,200,77.71,800,77.7,600,77.69,300,77.8,400,77.81,800,77.82,100,77.83,700,77.84,800,,,,,,,,,,
2026-02-05 09:32:17,77.81,77.82,1,77.79,1000,77.83,1000,77.83,77.79,77.79,1000,77.78,400,77.77,700,77.76,1100,77.75,500,77.74,700,77.73,1000,77.72,200,77.71,800,77.7,600,77.83,1000,77.84,800,,,,,,,,,,,,,,,,
2026-02-05 09:32:18,77.81,77.82,1,77.79,1000,77.83,2800,77.83,77.79,77.79,1000,77.78,400,77.77,700,77.76,1100,77.75,500,77.74,700,77.73,1000,77.72,200,77.71,800,77.7,600,77.83,2800,77.84,800,,,,,,,,,,,,,,,,
2026-02-05 09:32:19,77.825,77.83,2,77.82,900,77.83,100,77.83,77.82,77.82,900,77.81,1500,77.79,1000,77.78,400,77.77,700,77.76,1100,77.75,500,77.74,700,77.73,1000,77.72,200,77.83,100,77.84,1600,77.85,300,77.86,1600,,,,,,,,,,,,
2026-02-05 09:32:20,77.825,77.82,3,77.81,1200,77.84,1900,77.84,77.81,77.81,1200,77.79,1000,77.78,400,77.77,700,77.76,1100,77.75,500,77.74,700,77.73,1000,77.72,200,77.71,800,77.84,1900,77.85,300,77.86,1600,,,,,,,,,,,,,,
2026-02-05 09:32:21,77.825,77.84,1,77.81,1200,77.84,300,77.84,77.81,77.81,1200,77.79,1000,77.78,400,77.77,700,77.76,1100,77.75,500,77.74,700,77.73,1000,77.72,200,77.71,800,77.84,300,77.85,1400,77.86,1600,,,,,,,,,,,,,,
2026-02-05 09:32:22,77.825,77.84,1,77.81,1200,77.84,300,77.84,77.81,77.81,1200,77.79,1000,77.78,400,77.77,700,77.76,1100,77.75,500,77.74,700,77.73,1000,77.72,200,77.71,800,77.84,300,77.85,1400,77.86,1600,,,,,,,,,,,,,,
2026-02-05 09:32:23,77.825,77.84,1,77.81,1200,77.84,300,77.84,77.81,77.81,1200,77.79,1000,77.78,400,77.77,700,77.76,1100,77.75,500,77.74,700,77.73,1000,77.72,200,77.71,800,77.84,300,77.85,1400,77.86,1600,,,,,,,,,,,,,,
2026-02-05 09:32:24,77.82,77.82,3,77.8,500,77.84,400,77.84,77.8,77.8,500,77.79,1000,77.78,400,77.77,700,77.76,1100,77.75,500,77.74,700,77.73,1000,77.72,200,77.71,800,77.84,400,77.85,1400,77.86,1600,,,,,,,,,,,,,,
2026-02-05 09:32:25,77.82,77.82,2,77.8,300,77.84,400,77.84,77.8,77.8,300,77.79,1000,77.78,400,77.77,700,77.76,1100,77.75,500,77.74,700,77.73,1000,77.72,200,77.71,800,77.84,400,77.85,1400,77.86,1600,,,,,,,,,,,,,,
2026-02-05 09:32:26,77.815,77.82,2,77.79,1300,77.84,500,77.84,77.79,77.79,1300,77.78,400,77.77,700,77.76,1100,77.75,500,77.74,700,77.73,1000,77.72,200,77.71,800,77.7,600,77.84,500,77.85,1400,77.86,1600,,,,,,,,,,,,,,
2026-02-05 09:32:27,77.815,77.82,2,77.79,1100,77.84,500,77.84,77.79,77.79,1100,77.78,400,77.77,700,77.76,1100,77.75,500,77.74,700,77.73,1000,77.72,200,77.71,800,77.7,600,77.84,500,77.85,1400,77.86,1600,,,,,,,,,,,,,,
2026-02-05 09:32:28,77.815,77.82,2,77.79,1100,77.84,500,77.84,77.79,77.79,1100,77.78,400,77.77,700,77.76,1100,77.75,500,77.74,700,77.73,1000,77.72,200,77.71,800,77.7,600,77.84,500,77.85,1400,77.86,1600,,,,,,,,,,,,,,
2026-02-05 09:32:29,77.81,77.82,2,77.79,1100,77.83,600,77.83,77.79,77.79,1100,77.78,400,77.77,700,77.76,1100,77.75,500,77.74,700,77.73,1000,77.72,200,77.71,800,77.7,600,77.83,600,77.84,400,77.85,1400,77.86,1600,,,,,,,,,,,,
2026-02-05 09:32:30,77.81,77.82,2,77.79,1100,77.83,600,77.83,77.79,77.79,1100,77.78,400,77.77,700,77.76,1100,77.75,500,77.74,700,77.73,1000,77.72,200,77.71,800,77.7,600,77.83,600,77.84,400,77.85,1400,77.86,1600,,,,,,,,,,,,
2026-02-05 09:32:31,77.89,77.89,1,77.88,800,77.9,800,77.9,77.88,77.88,800,77.87,700,77.86,900,77.85,1000,77.84,1100,77.82,700,77.81,300,77.79,1100,77.78,400,77.77,700,77.9,800,,,,,,,,,,,,,,,,,,
2026-02-05 09:32:32,77.86,77.86,1,77.85,1400,77.87,300,77.87,77.85,77.85,1400,77.84,1100,77.82,700,77.81,300,77.79,1100,77.78,400,77.77,700,77.76,1100,77.75,500,77.74,700,77.87,300,77.88,200,77.89,200,77.9,700,77.91,400,77.92,300,,,,,,,,
2026-02-05 09:32:33,77.88,77.89,1,77.87,700,77.89,400,77.89,77.87,77.87,700,77.85,1700,77.84,1100,77.82,700,77.81,300,77.79,1100,77.78,400,77.77,700,77.76,1100,77.75,500,77.89,400,77.9,800,77.91,400,77.92,300,,,,,,,,,,,,
2026-02-05 09:32:34,77.87,77.88,2,77.86,1100,77.88,100,77.88,77.86,77.86,1100,77.85,1700,77.84,1100,77.82,700,77.81,300,77.79,1100,77.78,400,77.77,700,77.76,1100,77.75,500,77.88,100,77.89,100,77.9,900,77.91,400,77.92,300,,,,,,,,,,
2026-02-05 09:32:35,77.855,77.85,1,77.85,200,77.86,600,77.86,77.85,77.85,200,77.84,2600,77.82,700,77.81,300,77.79,1100,77.78,400,77.77,700,77.76,1100,77.75,500,77.74,700,77.86,600,77.87,700,77.88,700,77.89,900,77.9,900,77.91,400,77.92,300,,,,,,
2026-02-05 09:32:36,77.87,77.87,1,77.86,800,77.88,700,77.88,77.86,77.86,800,77.85,1100,77.84,1400,77.83,2200,77.82,700,77.81,300,77.79,1100,77.78,400,77.77,700,77.76,1100,77.88,700,77.89,900,77.9,900,77.91,400,77.92,300,,,,,,,,,,
2026-02-05 09:32:37,77.88,77.86,3,77.86,1000,77.9,800,77.9,77.86,77.86,1000,77.85,1100,77.84,1400,77.83,2200,77.82,700,77.81,300,77.79,1100,77.78,400,77.77,700,77.76,1100,77.9,800,77.91,400,77.92,300,,,,,,,,,,,,,,
2026-02-05 09:32:38,77.875,77.86,3,77.86,1000,77.89,700,77.89,77.86,77.86,1000,77.85,1100,77.84,1400,77.83,2200,77.82,700,77.81,300,77.79,1100,77.78,400,77.77,700,77.76,1100,77.89,700,77.9,800,77.91,400,77.92,300,,,,,,,,,,,,
2026-02-05 09:32:39,77.89,77.89,1,77.87,1300,77.91,800,77.91,77.87,77.87,1300,77.86,1000,77.85,1100,77.84,1400,77.83,2200,77.82,700,77.81,300,77.79,1100,77.78,400,77.77,700,77.91,800,77.92,700,,,,,,,,,,,,,,,,
2026-02-05 09:32:40,77.885,77.89,4,77.87,1300,77.9,500,77.9,77.87,77.87,1300,77.86,1000,77.85,1100,77.84,1400,77.83,2200,77.82,700,77.81,300,77.79,1100,77.78,400,77.77,700,77.9,500,77.91,700,77.92,700,,,,,,,,,,,,,,
2026-02-05 09:32:41,77.885,77.89,4,77.87,1300,77.9,400,77.9,77.87,77.87,1300,77.86,1000,77.85,1100,77.84,1400,77.83,2200,77.82,700,77.81,300,77.79,1100,77.78,400,77.77,700,77.9,400,77.91,700,77.92,700,,,,,,,,,,,,,,
2026-02-05 09:32:42,77.885,77.89,1,77.87,1300,77.9,400,77.9,77.87,77.87,1300,77.86,1000,77.85,1100,77.84,1400,77.83,2200,77.82,700,77.81,300,77.79,1100,77.78,400,77.77,700,77.9,400,77.91,700,77.92,700,,,,,,,,,,,,,,
2026-02-05 09:32:43,77.885,77.89,2,77.87,1300,77.9,400,77.9,77.87,77.87,1300,77.86,1000,77.85,1100,77.84,1400,77.83,2200,77.82,700,77.81,300,77.79,1100,77.78,400,77.77,700,77.9,400,77.91,700,77.92,700,,,,,,,,,,,,,,
2026-02-05 09:32:44,77.885,77.88,1,77.87,1300,77.9,400,77.9,77.87,77.87,1300,77.86,1000,77.85,1100,77.84,1400,77.83,2200,77.82,700,77.81,300,77.79,1100,77.78,400,77.77,700,77.9,400,77.91,700,77.92,700,,,,,,,,,,,,,,
2026-02-05 09:32:45,77.875,77.88,1,77.86,700,77.89,600,77.89,77.86,77.86,700,77.85,1600,77.84,1400,77.83,2200,77.82,700,77.81,300,77.79,1100,77.78,400,77.77,700,77.76,1100,77.89,600,77.9,1000,77.91,300,77.92,800,,,,,,,,,,,,
2026-02-05 09:32:46,77.865,77.86,10,77.85,1500,77.88,900,77.88,77.85,77.85,1500,77.84,1400,77.83,2200,77.82,700,77.81,300,77.79,1100,77.78,400,77.77,700,77.76,1100,77.75,500,77.88,900,77.89,1100,77.9,1000,77.91,300,77.92,800,,,,,,,,,,
2026-02-05 09:32:47,77.86,77.87,1,77.85,1100,77.87,200,77.87,77.85,77.85,1100,77.84,500,77.83,2400,77.82,700,77.81,300,77.79,1100,77.78,400,77.77,700,77.76,1100,77.75,500,77.87,200,77.88,1000,77.89,1100,77.9,1000,77.91,300,77.92,800,,,,,,,,
2026-02-05 09:32:48,77.86,77.87,1,77.85,1100,77.87,200,77.87,77.85,77.85,1100,77.84,500,77.83,2400,77.82,700,77.81,300,77.79,1100,77.78,400,77.77,700,77.76,1100,77.75,500,77.87,200,77.88,1000,77.89,1100,77.9,1000,77.91,300,77.92,800,,,,,,,,
2026-02-05 09:32:49,77.845,77.85,3,77.83,2300,77.86,500,77.86,77.83,77.83,2300,77.82,700,77.81,300,77.79,1100,77.78,400,77.77,700,77.76,1100,77.75,500,77.74,700,77.73,1000,77.86,500,77.87,400,77.88,1000,77.89,1100,77.9,1000,77.91,300,77.92,800,,,,,,
2026-02-05 09:32:50,77.845,77.85,2,77.83,2500,77.86,1100,77.86,77.83,77.83,2500,77.82,700,77.81,300,77.79,1100,77.78,400,77.77,700,77.76,1100,77.75,500,77.74,700,77.73,1000,77.86,1100,77.87,500,77.88,1000,77.89,1100,77.9,1000,77.91,300,77.92,800,,,,,,
2026-02-05 09:32:51,77.845,77.85,1,77.83,2500,77.86,1100,77.86,77.83,77.83,2500,77.82,700,77.81,300,77.79,1100,77.78,400,77.77,700,77.76,1100,77.75,500,77.74,700,77.73,1000,77.86,1100,77.87,500,77.88,1000,77.89,1100,77.9,1000,77.91,300,77.92,800,,,,,,
2026-02-05 09:32:52,77.845,77.85,4,77.83,2300,77.86,1100,77.86,77.83,77.83,2300,77.82,700,77.81,300,77.79,1100,77.78,400,77.77,700,77.76,1100,77.75,500,77.74,700,77.73,1000,77.86,1100,77.87,500,77.88,1000,77.89,1100,77.9,1000,77.91,300,77.92,800,,,,,,
2026-02-05 09:32:53,77.85,77.85,1,77.84,800,77.86,400,77.86,77.84,77.84,800,77.83,1100,77.82,700,77.81,300,77.79,1100,77.78,400,77.77,700,77.76,1100,77.75,500,77.74,700,77.86,400,77.87,1000,77.88,1000,77.89,1100,77.9,1000,77.91,300,77.92,800,,,,,,
2026-02-05 09:32:54,77.86,77.86,1,77.85,500,77.87,1200,77.87,77.85,77.85,500,77.84,1100,77.83,1100,77.82,700,77.81,300,77.79,1100,77.78,400,77.77,700,77.76,1100,77.75,500,77.87,1200,77.88,1000,77.89,1100,77.9,1000,77.91,300,77.92,800,,,,,,,,
2026-02-05 09:32:55,77.875,77.87,13,77.87,400,77.88,800,77.88,77.87,77.87,400,77.86,700,77.85,600,77.84,1100,77.83,1100,77.82,700,77.81,300,77.79,1100,77.78,400,77.77,700,77.88,800,77.89,1100,77.9,1000,77.91,300,77.92,800,,,,,,,,,,
2026-02-05 09:32:56,77.86,77.88,1,77.85,1000,77.87,700,77.87,77.85,77.85,1000,77.84,1100,77.83,1100,77.82,700,77.81,300,77.79,1100,77.78,400,77.77,700,77.76,1100,77.75,500,77.87,700,77.88,1400,77.89,1100,77.9,1000,77.91,300,77.92,800,,,,,,,,
2026-02-05 09:32:57,77.865,77.86,1,77.86,300,77.87,800,77.87,77.86,77.86,300,77.85,500,77.84,1100,77.83,1100,77.82,700,77.81,300,77.79,1100,77.78,400,77.77,700,77.76,1100,77.87,800,77.88,1500,77.89,1100,77.9,1000,77.91,300,77.92,800,,,,,,,,
2026-02-05 09:32:58,77.865,77.86,1,77.86,600,77.87,1100,77.87,77.86,77.86,600,77.85,1000,77.84,1100,77.83,1100,77.82,700,77.81,300,77.79,1100,77.78,400,77.77,700,77.76,1100,77.87,1100,77.88,1500,77.89,1100,77.9,1000,77.91,300,77.92,800,,,,,,,,
2026-02-05 09:32:59,77.875,77.88,1,77.87,600,77.88,1400,77.88,77.87,77.87,600,77.86,700,77.85,1000,77.84,1100,77.83,1100,77.82,700,77.81,300,77.79,1100,77.78,400,77.77,700,77.88,1400,77.89,1100,77.9,1000,77.91,300,77.92,800,,,,,,,,,,
2026-02-05 09:33:00,77.88,77.88,10,77.87,400,77.89,1500,77.89,77.87,77.87,400,77.86,400,77.85,1600,77.84,1100,77.83,1100,77.82,700,77.81,300,77.79,1100,77.78,400,77.77,700,77.89,1500,77.9,800,77.91,300,77.92,800,,,,,,,,,,,,
2026-02-05 09:33:01,77.875,77.88,10,77.87,600,77.88,200,77.88,77.87,77.87,600,77.86,400,77.85,1600,77.84,1100,77.83,1100,77.82,700,77.81,300,77.79,1100,77.78,400,77.77,700,77.88,200,77.89,1300,77.9,800,77.91,300,77.92,800,,,,,,,,,,
2026-02-05 09:33:02,77.895,77.9,1,77.88,1400,77.91,900,77.91,77.88,77.88,1400,77.87,500,77.86,400,77.85,1600,77.84,1100,77.83,1100,77.82,700,77.81,300,77.79,1100,77.78,400,77.91,900,77.92,1300,,,,,,,,,,,,,,,,
2026-02-05 09:33:03,77.915,77.92,1,77.9,600,77.93,900,77.93,77.9,77.9,600,77.89,100,77.88,1400,77.87,500,77.86,400,77.85,1600,77.84,1100,77.83,1100,77.82,700,77.81,300,77.93,900,,,,,,,,,,,,,,,,,,
2026-02-05 09:33:04,77.915,77.92,1,77.9,600,77.93,1100,77.93,77.9,77.9,600,77.89,100,77.88,1400,77.87,500,77.86,400,77.85,1600,77.84,1100,77.83,1100,77.82,700,77.81,300,77.93,1100,,,,,,,,,,,,,,,,,,
2026-02-05 09:33:05,77.91,77.91,1,77.9,600,77.92,500,77.92,77.9,77.9,600,77.89,100,77.88,1400,77.87,500,77.86,400,77.85,1600,77.84,1100,77.83,1100,77.82,700,77.81,300,77.92,500,77.93,1100,,,,,,,,,,,,,,,,
2026-02-05 09:33:06,77.925,77.93,1,77.91,800,77.94,600,77.94,77.91,77.91,800,77.9,700,77.89,100,77.88,1400,77.87,500,77.86,400,77.85,1600,77.84,1100,77.83,1100,77.82,700,77.94,600,,,,,,,,,,,,,,,,,,
2026-02-05 09:33:07,77.93,77.94,1,77.92,600,77.94,200,77.94,77.92,77.92,600,77.91,700,77.9,700,77.89,100,77.88,1400,77.87,500,77.86,400,77.85,1600,77.84,1100,77.83,1100,77.94,200,77.95,300,77.96,400,,,,,,,,,,,,,,
2026-02-05 09:33:08,77.94,77.94,1,77.93,300,77.95,300,77.95,77.93,77.93,300,77.92,1000,77.91,700,77.9,700,77.89,100,77.88,1400,77.87,500,77.86,400,77.85,1600,77.84,1100,77.95,300,77.96,400,,,,,,,,,,,,,,,,
2026-02-05 09:33:09,77.94,77.94,6,77.93,700,77.95,200,77.95,77.93,77.93,700,77.92,1000,77.91,700,77.9,700,77.89,100,77.88,1400,77.87,500,77.86,400,77.85,1600,77.84,1100,77.95,200,77.96,600,,,,,,,,,,,,,,,,
2026-02-05 09:33:10,77.94,77.94,10,77.93,500,77.95,500,77.95,77.93,77.93,500,77.92,1000,77.91,700,77.9,700,77.89,100,77.88,1400,77.87,500,77.86,400,77.85,1600,77.84,1100,77.95,500,77.96,600,,,,,,,,,,,,,,,,
2026-02-05 09:33:11,77.96,77.96,1,77.95,800,77.97,800,77.97,77.95,77.95,800,77.94,500,77.93,600,77.92,1000,77.91,700,77.9,700,77.89,100,77.88,1400,77.87,500,77.86,400,77.97,800,,,,,,,,,,,,,,,,,,
2026-02-05 09:33:12,77.995,77.99,2,77.99,500,78.0,11400,78.0,77.99,77.99,500,77.98,900,77.97,1700,77.96,1100,77.95,800,77.94,500,77.93,600,77.92,1000,77.91,700,77.9,700,78.0,11400,,,,,,,,,,,,,,,,,,
2026-02-05 09:33:13,78.02,78.02,1,78.01,700,78.03,900,78.03,78.01,78.01,700,78.0,900,77.99,900,77.98,900,77.97,1700,77.96,1100,77.95,800,77.94,500,77.93,600,77.92,1000,78.03,900,78.04,600,,,,,,,,,,,,,,,,
2026-02-05 09:33:14,78.01,78.01,1,78.0,1000,78.02,800,78.02,78.0,78.0,1000,77.99,900,77.98,900,77.97,1700,77.96,1100,77.95,800,77.94,500,77.93,600,77.92,1000,77.91,700,78.02,800,78.03,1000,78.04,600,,,,,,,,,,,,,,
2026-02-05 09:33:15,78.03,78.04,1,78.01,800,78.05,800,78.05,78.01,78.01,800,78.0,1300,77.99,900,77.98,900,77.97,1700,77.96,1100,77.95,800,77.94,500,77.93,600,77.92,1000,78.05,800,,,,,,,,,,,,,,,,,,
2026-02-05 09:33:16,78.03,78.03,1,78.01,900,78.05,800,78.05,78.01,78.01,900,78.0,1300,77.99,900,77.98,900,77.97,1700,77.96,1100,77.95,800,77.94,500,77.93,600,77.92,1000,78.05,800,,,,,,,,,,,,,,,,,,
2026-02-05 09:33:17,78.06,78.06,1,78.05,300,78.07,1100,78.07,78.05,78.05,300,78.04,200,78.03,1000,78.02,400,78.01,900,78.0,1300,77.99,900,77.98,900,77.97,1700,77.96,1100,78.07,1100,,,,,,,,,,,,,,,,,,
2026-02-05 09:33:18,78.045,78.05,2,78.03,1800,78.06,500,78.06,78.03,78.03,1800,78.02,400,78.01,900,78.0,1300,77.99,900,77.98,900,77.97,1700,77.96,1100,77.95,800,77.94,500,78.06,500,78.07,1100,,,,,,,,,,,,,,,,
2026-02-05 09:33:19,78.045,78.04,1,78.03,1300,78.06,1700,78.06,78.03,78.03,1300,78.02,400,78.01,900,78.0,1300,77.99,900,77.98,900,77.97,1700,77.96,1100,77.95,800,77.94,500,78.06,1700,78.07,1100,,,,,,,,,,,,,,,,
2026-02-05 09:33:20,78.04,78.04,1,78.02,600,78.06,700,78.06,78.02,78.02,600,78.01,900,78.0,1300,77.99,900,77.98,900,77.97,1700,77.96,1100,77.95,800,77.94,500,77.93,600,78.06,700,78.07,1500,,,,,,,,,,,,,,,,
2026-02-05 09:33:21,78.04,78.04,1,78.02,600,78.06,700,78.06,78.02,78.02,600,78.01,900,78.0,1300,77.99,900,77.98,900,77.97,1700,77.96,1100,77.95,800,77.94,500,77.93,600,78.06,700,78.07,1500,,,,,,,,,,,,,,,,
2026-02-05 09:33:22,78.05,78.06,1,78.04,600,78.06,1200,78.06,78.04,78.04,600,78.02,600,78.01,900,78.0,1300,77.99,900,77.98,900,77.97,1700,77.96,1100,77.95,800,77.94,500,78.06,1200,78.07,1500,,,,,,,,,,,,,,,,
2026-02-05 09:33:23,78.045,78.06,1,78.04,700,78.05,900,78.05,78.04,78.04,700,78.02,600,78.01,900,78.0,1300,77.99,900,77.98,900,77.97,1700,77.96,1100,77.95,800,77.94,500,78.05,900,78.06,1500,78.07,1500,,,,,,,,,,,,,,
2026-02-05 09:33:24,78.04,78.05,1,78.03,500,78.05,500,78.05,78.03,78.03,500,78.02,600,78.01,900,78.0,1300,77.99,900,77.98,900,77.97,1700,77.96,1100,77.95,800,77.94,500,78.05,500,78.06,1300,78.07,1500,,,,,,,,,,,,,,
2026-02-05 09:33:25,78.04,78.05,1,78.03,600,78.05,500,78.05,78.03,78.03,600,78.02,600,78.01,900,78.0,1300,77.99,900,77.98,900,77.97,1700,77.96,1100,77.95,800,77.94,500,78.05,500,78.06,1300,78.07,1500,,,,,,,,,,,,,,
2026-02-05 09:33:26,78.05,78.05,1,78.04,700,78.06,1200,78.06,78.04,78.04,700,78.03,600,78.02,600,78.01,900,78.0,1300,77.99,900,77.98,900,77.97,1700,77.96,1100,77.95,800,78.06,1200,78.07,1500,,,,,,,,,,,,,,,,
2026-02-05 09:33:27,78.065,78.06,2,78.06,200,78.07,1600,78.07,78.06,78.06,200,78.05,400,78.04,700,78.03,600,78.02,600,78.01,900,78.0,1300,77.99,900,77.98,900,77.97,1700,78.07,1600,,,,,,,,,,,,,,,,,,
2026-02-05 09:33:28,78.06,78.06,1,78.05,800,78.07,1700,78.07,78.05,78.05,800,78.04,700,78.03,600,78.02,600,78.01,900,78.0,1300,77.99,900,77.98,900,77.97,1700,77.96,1100,78.07,1700,,,,,,,,,,,,,,,,,,
2026-02-05 09:33:29,78.065,78.07,8,78.06,200,78.07,1600,78.07,78.06,78.06,200,78.05,800,78.04,700,78.03,600,78.02,600,78.01,900,78.0,1300,77.99,900,77.98,900,77.97,1700,78.07,1600,,,,,,,,,,,,,,,,,,
2026-02-05 09:33:30,78.045,78.04,2,78.04,900,78.05,400,78.05,78.04,78.04,900,78.03,600,78.02,600,78.01,900,78.0,1300,77.99,900,77.98,900,77.97,1700,77.96,1100,77.95,800,78.05,400,78.06,1300,78.07,2000,,,,,,,,,,,,,,
2026-02-05 09:33:31,78.045,78.05,3,78.04,800,78.05,500,78.05,78.04,78.04,800,78.03,600,78.02,600,78.01,900,78.0,1300,77.99,900,77.98,900,77.97,1700,77.96,1100,77.95,800,78.05,500,78.06,1100,78.07,2000,,,,,,,,,,,,,,
2026-02-05 09:33:32,78.045,78.04,1,78.04,100,78.05,500,78.05,78.04,78.04,100,78.03,600,78.02,600,78.01,900,78.0,1300,77.99,900,77.98,900,77.97,1700,77.96,1100,77.95,800,78.05,500,78.06,1100,78.07,2000,,,,,,,,,,,,,,
2026-02-05 09:33:33,78.045,78.03,1,78.04,500,78.05,1100,78.05,78.04,78.04,500,78.03,1500,78.02,1800,78.01,900,78.0,1300,77.99,900,77.98,900,77.97,1700,77.96,1100,77.95,800,78.05,1100,78.06,1100,78.07,2000,,,,,,,,,,,,,,
2026-02-05 09:33:34,78.045,78.05,16,78.04,300,78.05,700,78.05,78.04,78.04,300,78.03,1500,78.02,1800,78.01,900,78.0,1300,77.99,900,77.98,900,77.97,1700,77.96,1100,77.95,800,78.05,700,78.06,1100,78.07,2000,,,,,,,,,,,,,,
2026-02-05 09:33:35,78.045,78.05,1,78.04,800,78.05,200,78.05,78.04,78.04,800,78.03,1500,78.02,1800,78.01,900,78.0,1300,77.99,900,77.98,900,77.97,1700,77.96,1100,77.95,800,78.05,200,78.06,700,78.07,2000,,,,,,,,,,,,,,
2026-02-05 09:33:36,78.045,78.05,3,78.04,800,78.05,600,78.05,78.04,78.04,800,78.03,1500,78.02,1800,78.01,900,78.0,1300,77.99,900,77.98,900,77.97,1700,77.96,1100,77.95,800,78.05,600,78.06,700,78.07,2000,,,,,,,,,,,,,,
2026-02-05 09:33:37,78.06,78.07,2,78.04,800,78.08,1000,78.08,78.04,78.04,800,78.03,1500,78.02,1800,78.01,900,78.0,1300,77.99,900,77.98,900,77.97,1700,77.96,1100,77.95,800,78.08,1000,,,,,,,,,,,,,,,,,,
2026-02-05 09:33:38,78.055,78.07,2,78.03,2000,78.08,1000,78.08,78.03,78.03,2000,78.02,1800,78.01,900,78.0,1300,77.99,900,77.98,900,77.97,1700,77.96,1100,77.95,800,77.94,500,78.08,1000,,,,,,,,,,,,,,,,,,
2026-02-05 09:33:39,78.06,78.06,1,78.05,400,78.07,400,78.07,78.05,78.05,400,78.04,500,78.03,2000,78.02,1800,78.01,900,78.0,1300,77.99,900,77.98,900,77.97,1700,77.96,1100,78.07,400,78.08,1000,,,,,,,,,,,,,,,,
2026-02-05 09:33:40,78.07,78.07,1,78.06,500,78.08,1000,78.08,78.06,78.06,500,78.05,100,78.04,700,78.03,2000,78.02,1800,78.01,900,78.0,1300,77.99,900,77.98,900,77.97,1700,78.08,1000,,,,,,,,,,,,,,,,,,
2026-02-05 09:33:41,78.07,78.08,1,78.06,700,78.08,1000,78.08,78.06,78.06,700,78.05,100,78.04,700,78.03,2000,78.02,1800,78.01,900,78.0,1300,77.99,900,77.98,900,77.97,1700,78.08,1000,,,,,,,,,,,,,,,,,,
2026-02-05 09:33:42,78.085,78.08,5,78.07,1400,78.1,600,78.1,78.07,78.07,1400,78.06,700,78.05,100,78.04,700,78.03,2000,78.02,1800,78.01,900,78.0,1300,77.99,900,77.98,900,78.1,600,,,,,,,,,,,,,,,,,,
2026-02-05 09:33:43,78.085,78.08,5,78.07,1400,78.1,1000,78.1,78.07,78.07,1400,78.06,700,78.05,100,78.04,700,78.03,2000,78.02,1800,78.01,900,78.0,1300,77.99,900,77.98,900,78.1,1000,,,,,,,,,,,,,,,,,,
2026-02-05 09:33:44,78.085,78.07,1,78.07,1600,78.1,1000,78.1,78.07,78.07,1600,78.06,700,78.05,100,78.04,700,78.03,2000,78.02,1800,78.01,900,78.0,1300,77.99,900,77.98,900,78.1,1000,,,,,,,,,,,,,,,,,,
2026-02-05 09:33:45,78.125,78.11,2,78.12,2300,78.13,500,78.13,78.12,78.12,2300,78.11,2500,78.1,1300,78.09,1100,78.08,600,78.07,1600,78.06,700,78.05,100,78.04,700,78.03,2000,78.13,500,78.14,600,,,,,,,,,,,,,,,,
2026-02-05 09:33:46,78.145,78.14,4,78.14,1000,78.15,700,78.15,78.14,78.14,1000,78.13,1900,78.12,1600,78.11,2500,78.1,1300,78.09,1100,78.08,600,78.07,1600,78.06,700,78.05,100,78.15,700,,,,,,,,,,,,,,,,,,
2026-02-05 09:33:47,78.125,78.11,1,78.12,2600,78.13,1200,78.13,78.12,78.12,2600,78.11,2600,78.1,500,78.09,1100,78.08,600,78.07,1600,78.06,700,78.05,100,78.04,700,78.03,2000,78.13,1200,78.14,300,78.15,1700,,,,,,,,,,,,,,
2026-02-05 09:33:48,78.125,78.13,1,78.12,2600,78.13,1200,78.13,78.12,78.12,2600,78.11,2600,78.1,500,78.09,1100,78.08,600,78.07,1600,78.06,700,78.05,100,78.04,700,78.03,2000,78.13,1200,78.14,300,78.15,1700,,,,,,,,,,,,,,
2026-02-05 09:33:49,78.12,78.12,1,78.11,3100,78.13,800,78.13,78.11,78.11,3100,78.1,500,78.09,1100,78.08,600,78.07,1600,78.06,700,78.05,100,78.04,700,78.03,2000,78.02,1800,78.13,800,78.14,1400,78.15,1700,,,,,,,,,,,,,,
2026-02-05 09:33:50,78.12,78.13,3,78.11,800,78.13,1200,78.13,78.11,78.11,800,78.1,500,78.09,1100,78.08,600,78.07,1600,78.06,700,78.05,100,78.04,700,78.03,2000,78.02,1800,78.13,1200,78.14,1400,78.15,1700,,,,,,,,,,,,,,
2026-02-05 09:33:51,78.12,78.11,18,78.11,900,78.13,1200,78.13,78.11,78.11,900,78.1,500,78.09,1100,78.08,600,78.07,1600,78.06,700,78.05,100,78.04,700,78.03,2000,78.02,1800,78.13,1200,78.14,1400,78.15,1700,,,,,,,,,,,,,,
2026-02-05 09:33:52,78.145,78.14,1,78.14,600,78.15,1500,78.15,78.14,78.14,600,78.13,1000,78.12,600,78.11,1000,78.1,500,78.09,1100,78.08,600,78.07,1600,78.06,700,78.05,100,78.15,1500,,,,,,,,,,,,,,,,,,
2026-02-05 09:33:53,78.145,78.15,1,78.14,600,78.15,500,78.15,78.14,78.14,600,78.13,1000,78.12,600,78.11,1000,78.1,500,78.09,1100,78.08,600,78.07,1600,78.06,700,78.05,100,78.15,500,78.16,400,78.17,500,,,,,,,,,,,,,,
2026-02-05 09:33:54,78.155,78.16,2,78.15,700,78.16,600,78.16,78.15,78.15,700,78.14,1300,78.13,1000,78.12,600,78.11,1000,78.1,500,78.09,1100,78.08,600,78.07,1600,78.06,700,78.16,600,78.17,500,,,,,,,,,,,,,,,,
2026-02-05 09:33:55,78.16,78.16,1,78.15,1000,78.17,700,78.17,78.15,78.15,1000,78.14,700,78.13,1100,78.12,600,78.11,1000,78.1,500,78.09,1100,78.08,600,78.07,1600,78.06,700,78.17,700,,,,,,,,,,,,,,,,,,
2026-02-05 09:33:56,78.16,78.16,1,78.15,900,78.17,1300,78.17,78.15,78.15,900,78.14,700,78.13,1100,78.12,600,78.11,1000,78.1,500,78.09,1100,78.08,600,78.07,1600,78.06,700,78.17,1300,,,,,,,,,,,,,,,,,,
2026-02-05 09:33:57,78.14,78.15,1,78.13,1000,78.15,300,78.15,78.13,78.13,1000,78.12,600,78.11,1000,78.1,500,78.09,1100,78.08,600,78.07,1600,78.06,700,78.05,100,78.04,700,78.15,300,78.16,900,78.17,1500,,,,,,,,,,,,,,
2026-02-05 09:33:58,78.15,78.14,1,78.14,800,78.16,1100,78.16,78.14,78.14,800,78.13,1000,78.12,600,78.11,1000,78.1,500,78.09,1100,78.08,600,78.07,1600,78.06,700,78.05,100,78.16,1100,78.17,1500,,,,,,,,,,,,,,,,
2026-02-05 09:33:59,78.16,78.15,2,78.15,500,78.17,1400,78.17,78.15,78.15,500,78.14,1000,78.13,1000,78.12,600,78.11,1000,78.1,500,78.09,1100,78.08,600,78.07,1600,78.06,700,78.17,1400,,,,,,,,,,,,,,,,,,
2026-02-05 09:34:00,78.165,78.16,1,78.16,100,78.17,2000,78.17,78.16,78.16,100,78.15,700,78.14,1000,78.13,1000,78.12,600,78.11,1000,78.1,500,78.09,1100,78.08,600,78.07,1600,78.17,2000,,,,,,,,,,,,,,,,,,
2026-02-05 09:34:01,78.15,78.17,1,78.14,1100,78.16,100,78.16,78.14,78.14,1100,78.13,1000,78.12,600,78.11,1000,78.1,500,78.09,1100,78.08,600,78.07,1600,78.06,700,78.05,100,78.16,100,78.17,900,78.18,1800,,,,,,,,,,,,,,
2026-02-05 09:34:02,78.15,78.17,1,78.14,1000,78.16,100,78.16,78.14,78.14,1000,78.13,1000,78.12,600,78.11,1000,78.1,500,78.09,1100,78.08,600,78.07,1600,78.06,700,78.05,100,78.16,100,78.17,1000,78.18,1800,,,,,,,,,,,,,,
2026-02-05 09:34:03,78.145,78.15,2,78.13,1000,78.16,700,78.16,78.13,78.13,1000,78.12,600,78.11,1000,78.1,500,78.09,1100,78.08,600,78.07,1600,78.06,700,78.05,100,78.04,700,78.16,700,78.17,300,78.18,2400,,,,,,,,,,,,,,
2026-02-05 09:34:04,78.15,78.14,1,78.14,300,78.16,900,78.16,78.14,78.14,300,78.13,800,78.12,1500,78.11,1000,78.1,500,78.09,1100,78.08,600,78.07,1600,78.06,700,78.05,100,78.16,900,78.17,300,78.18,2400,,,,,,,,,,,,,,
2026-02-05 09:34:05,78.15,78.16,5,78.14,500,78.16,900,78.16,78.14,78.14,500,78.13,800,78.12,1500,78.11,1000,78.1,500,78.09,1100,78.08,600,78.07,1600,78.06,700,78.05,100,78.16,900,78.17,300,78.18,2400,,,,,,,,,,,,,,
2026-02-05 09:34:06,78.15,78.16,5,78.14,1000,78.16,900,78.16,78.14,78.14,1000,78.13,800,78.12,1500,78.11,1000,78.1,500,78.09,1100,78.08,600,78.07,1600,78.06,700,78.05,100,78.16,900,78.17,300,78.18,2400,,,,,,,,,,,,,,
2026-02-05 09:34:07,78.175,78.18,1,78.16,1000,78.19,700,78.19,78.16,78.16,1000,78.15,600,78.14,1100,78.13,800,78.12,1500,78.11,1000,78.1,500,78.09,1100,78.08,600,78.07,1600,78.19,700,,,,,,,,,,,,,,,,,,
2026-02-05 09:34:08,78.185,78.18,1,78.17,700,78.2,600,78.2,78.17,78.17,700,78.16,1000,78.15,600,78.14,1100,78.13,800,78.12,1500,78.11,1000,78.1,500,78.09,1100,78.08,600,78.2,600,,,,,,,,,,,,,,,,,,
2026-02-05 09:34:09,78.19,78.18,1,78.18,600,78.2,1300,78.2,78.18,78.18,600,78.17,700,78.16,1000,78.15,600,78.14,1100,78.13,800,78.12,1500,78.11,1000,78.1,500,78.09,1100,78.2,1300,,,,,,,,,,,,,,,,,,
2026-02-05 09:34:10,78.175,78.18,2,78.17,200,78.18,500,78.18,78.17,78.17,200,78.16,1000,78.15,600,78.14,1100,78.13,800,78.12,1500,78.11,1000,78.1,500,78.09,1100,78.08,600,78.18,500,78.19,800,78.2,1300,,,,,,,,,,,,,,
2026-02-05 09:34:11,78.195,78.19,1,78.18,500,78.21,800,78.21,78.18,78.18,500,78.17,900,78.16,1300,78.15,600,78.14,1100,78.13,800,78.12,1500,78.11,1000,78.1,500,78.09,1100,78.21,800,,,,,,,,,,,,,,,,,,
2026-02-05 09:34:12,78.195,78.19,1,78.18,700,78.21,700,78.21,78.18,78.18,700,78.17,900,78.16,1300,78.15,600,78.14,1100,78.13,800,78.12,1500,78.11,1000,78.1,500,78.09,1100,78.21,700,,,,,,,,,,,,,,,,,,
2026-02-05 09:34:13,78.175,78.18,1,78.16,1800,78.19,500,78.19,78.16,78.16,1800,78.15,600,78.14,1100,78.13,800,78.12,1500,78.11,1000,78.1,500,78.09,1100,78.08,600,78.07,1600,78.19,500,78.2,400,78.21,1000,,,,,,,,,,,,,,
2026-02-05 09:34:14,78.2,78.2,1,78.19,500,78.21,900,78.21,78.19,78.19,500,78.18,1000,78.17,300,78.16,1700,78.15,600,78.14,1100,78.13,800,78.12,1500,78.11,1000,78.1,500,78.21,900,,,,,,,,,,,,,,,,,,
2026-02-05 09:34:15,78.2,78.2,1,78.19,500,78.21,1400,78.21,78.19,78.19,500,78.18,1000,78.17,300,78.16,1700,78.15,600,78.14,1100,78.13,800,78.12,1500,78.11,1000,78.1,500,78.21,1400,,,,,,,,,,,,,,,,,,
2026-02-05 09:34:16,78.195,78.2,1,78.18,900,78.21,1400,78.21,78.18,78.18,900,78.17,300,78.16,1700,78.15,600,78.14,1100,78.13,800,78.12,1500,78.11,1000,78.1,500,78.09,1100,78.21,1400,,,,,,,,,,,,,,,,,,
2026-02-05 09:34:17,78.19,78.2,3,78.17,800,78.21,1700,78.21,78.17,78.17,800,78.16,1700,78.15,600,78.14,1100,78.13,800,78.12,1500,78.11,1000,78.1,500,78.09,1100,78.08,600,78.21,1700,,,,,,,,,,,,,,,,,,
2026-02-05 09:34:18,78.19,78.17,1,78.17,900,78.21,1700,78.21,78.17,78.17,900,78.16,1700,78.15,600,78.14,1100,78.13,800,78.12,1500,78.11,1000,78.1,500,78.09,1100,78.08,600,78.21,1700,,,,,,,,,,,,,,,,,,
2026-02-05 09:34:19,78.195,78.19,2,78.18,600,78.21,1800,78.21,78.18,78.18,600,78.17,1100,78.16,1400,78.15,600,78.14,1100,78.13,800,78.12,1500,78.11,1000,78.1,500,78.09,1100,78.21,1800,,,,,,,,,,,,,,,,,,
2026-02-05 09:34:20,78.18,78.19,2,78.17,900,78.19,400,78.19,78.17,78.17,900,78.16,1400,78.15,600,78.14,1100,78.13,800,78.12,1500,78.11,1000,78.1,500,78.09,1100,78.08,600,78.19,400,78.2,100,78.21,1900,,,,,,,,,,,,,,
2026-02-05 09:34:21,78.185,78.19,2,78.17,900,78.2,900,78.2,78.17,78.17,900,78.16,1400,78.15,600,78.14,1100,78.13,800,78.12,1500,78.11,1000,78.1,500,78.09,1100,78.08,600,78.2,900,78.21,1900,,,,,,,,,,,,,,,,
2026-02-05 09:34:22,78.175,78.18,1,78.16,1700,78.19,600,78.19,78.16,78.16,1700,78.15,600,78.14,1100,78.13,800,78.12,1500,78.11,1000,78.1,500,78.09,1100,78.08,600,78.07,1600,78.19,600,78.2,900,78.21,1900,,,,,,,,,,,,,,
2026-02-05 09:34:23,78.19,78.19,1,78.18,1100,78.2,1000,78.2,78.18,78.18,1100,78.17,200,78.16,1700,78.15,600,78.14,1100,78.13,800,78.12,1500,78.11,1000,78.1,500,78.09,1100,78.2,1000,78.21,1900,,,,,,,,,,,,,,,,
2026-02-05 09:34:24,78.19,78.19,1,78.18,1100,78.2,1000,78.2,78.18,78.18,1100,78.17,200,78.16,1700,78.15,600,78.14,1100,78.13,800,78.12,1500,78.11,1000,78.1,500,78.09,1100,78.2,1000,78.21,1900,,,,,,,,,,,,,,,,
2026-02-05 09:34:25,78.19,78.18,1,78.18,800,78.2,1100,78.2,78.18,78.18,800,78.17,2100,78.16,1700,78.15,600,78.14,1100,78.13,800,78.12,1500,78.11,1000,78.1,500,78.09,1100,78.2,1100,78.21,1900,,,,,,,,,,,,,,,,
2026-02-05 09:34:26,78.185,78.19,2,78.17,1900,78.2,1400,78.2,78.17,78.17,1900,78.16,1700,78.15,800,78.14,1100,78.13,800,78.12,1500,78.11,1000,78.1,500,78.09,1100,78.08,600,78.2,1400,78.21,1900,,,,,,,,,,,,,,,,
2026-02-05 09:34:27,78.17,78.17,1,78.16,1100,78.18,600,78.18,78.16,78.16,1100,78.15,800,78.14,1100,78.13,800,78.12,1500,78.11,1000,78.1,500,78.09,1100,78.08,600,78.07,1600,78.18,600,78.19,100,78.2,1000,78.21,1900,,,,,,,,,,,,
2026-02-05 09:34:28,78.17,78.17,1,78.16,1100,78.18,600,78.18,78.16,78.16,1100,78.15,800,78.14,1100,78.13,800,78.12,1500,78.11,1000,78.1,500,78.09,1100,78.08,600,78.07,1600,78.18,600,78.19,100,78.2,1000,78.21,1900,,,,,,,,,,,,
2026-02-05 09:34:29,78.12,78.12,1,78.11,900,78.13,900,78.13,78.11,78.11,900,78.1,700,78.09,1100,78.08,600,78.07,1600,78.06,700,78.05,100,78.04,700,78.03,2000,78.02,1800,78.13,900,78.14,1600,78.15,400,78.16,600,78.17,1500,78.18,500,78.19,100,78.2,1000,78.21,1900,,
2026-02-05 09:34:30,78.12,78.12,1,78.11,900,78.13,900,78.13,78.11,78.11,900,78.1,700,78.09,1100,78.08,600,78.07,1600,78.06,700,78.05,100,78.04,700,78.03,2000,78.02,1800,78.13,900,78.14,1600,78.15,400,78.16,600,78.17,1500,78.18,500,78.19,100,78.2,1000,78.21,1900,,
2026-02-05 09:34:31,78.095,78.1,1,78.08,1100,78.11,800,78.11,78.08,78.08,1100,78.07,1600,78.06,700,78.05,100,78.04,700,78.03,2000,78.02,1800,78.01,900,78.0,1300,77.99,900,78.11,800,78.12,600,78.13,1600,78.14,1600,78.15,400,78.16,600,78.17,1500,78.18,500,78.19,100,78.2,1000
2026-02-05 09:34:32,78.095,78.1,1,78.08,1100,78.11,800,78.11,78.08,78.08,1100,78.07,1600,78.06,700,78.05,100,78.04,700,78.03,2000,78.02,1800,78.01,900,78.0,1300,77.99,900,78.11,800,78.12,600,78.13,1600,78.14,1600,78.15,400,78.16,600,78.17,1500,78.18,500,78.19,100,78.2,1000
2026-02-05 09:34:33,78.105,78.1,1,78.09,800,78.12,500,78.12,78.09,78.09,800,78.08,1100,78.07,1600,78.06,700,78.05,100,78.04,700,78.03,2000,78.02,1800,78.01,900,78.0,1300,78.12,500,78.13,1600,78.14,1600,78.15,400,78.16,600,78.17,1500,78.18,500,78.19,100,78.2,1000,78.21,1900
2026-02-05 09:34:34,78.105,78.1,1,78.09,500,78.12,400,78.12,78.09,78.09,500,78.08,1100,78.07,1600,78.06,700,78.05,100,78.04,700,78.03,2000,78.02,1800,78.01,900,78.0,1300,78.12,400,78.13,1600,78.14,1600,78.15,400,78.16,600,78.17,1500,78.18,500,78.19,100,78.2,1000,78.21,1900
2026-02-05 09:34:35,78.09,78.1,1,78.07,1400,78.11,1500,78.11,78.07,78.07,1400,78.06,700,78.05,100,78.04,700,78.03,2000,78.02,1800,78.01,900,78.0,1300,77.99,900,77.98,900,78.11,1500,78.12,400,78.13,1600,78.14,1600,78.15,400,78.16,600,78.17,1500,78.18,500,78.19,100,78.2,1000
2026-02-05 09:34:36,78.09,78.09,1,78.07,1800,78.11,1700,78.11,78.07,78.07,1800,78.06,700,78.05,100,78.04,700,78.03,2000,78.02,1800,78.01,900,78.0,1300,77.99,900,77.98,900,78.11,1700,78.12,400,78.13,1600,78.14,1600,78.15,400,78.16,600,78.17,1500,78.18,500,78.19,100,78.2,1000
2026-02-05 09:34:37,78.09,78.09,1,78.07,1300,78.11,1700,78.11,78.07,78.07,1300,78.06,700,78.05,100,78.04,700,78.03,2000,78.02,1800,78.01,900,78.0,1300,77.99,900,77.98,900,78.11,1700,78.12,400,78.13,1600,78.14,1600,78.15,400,78.16,600,78.17,1500,78.18,500,78.19,100,78.2,1000
2026-02-05 09:34:38,78.09,78.09,1,78.07,1300,78.11,1700,78.11,78.07,78.07,1300,78.06,700,78.05,100,78.04,700,78.03,2000,78.02,1800,78.01,900,78.0,1300,77.99,900,77.98,900,78.11,1700,78.12,400,78.13,1600,78.14,1600,78.15,400,78.16,600,78.17,1500,78.18,500,78.19,100,78.2,1000
2026-02-05 09:34:39,78.09,78.09,1,78.07,1500,78.11,1800,78.11,78.07,78.07,1500,78.06,700,78.05,100,78.04,700,78.03,2000,78.02,1800,78.01,900,78.0,1300,77.99,900,77.98,900,78.11,1800,78.12,400,78.13,1600,78.14,1600,78.15,400,78.16,600,78.17,1500,78.18,500,78.19,100,78.2,1000
2026-02-05 09:34:40,78.075,78.08,1,78.06,600,78.09,600,78.09,78.06,78.06,600,78.05,400,78.04,700,78.03,2000,78.02,1800,78.01,900,78.0,1300,77.99,900,77.98,900,77.97,1700,78.09,600,78.1,600,78.11,1900,78.12,400,78.13,1600,78.14,1600,78.15,400,78.16,600,78.17,1500,78.18,500
2026-02-05 09:34:41,78.07,78.06,1,78.05,600,78.09,800,78.09,78.05,78.05,600,78.04,700,78.03,2000,78.02,1800,78.01,900,78.0,1300,77.99,900,77.98,900,77.97,1700,77.96,1100,78.09,800,78.1,600,78.11,1900,78.12,400,78.13,1600,78.14,1600,78.15,400,78.16,600,78.17,1500,78.18,500
2026-02-05 09:34:42,78.07,78.07,1,78.05,600,78.09,800,78.09,78.05,78.05,600,78.04,700,78.03,2000,78.02,1800,78.01,900,78.0,1300,77.99,900,77.98,900,77.97,1700,77.96,1100,78.09,800,78.1,600,78.11,1900,78.12,400,78.13,1600,78.14,1600,78.15,400,78.16,600,78.17,1500,78.18,500
2026-02-05 09:34:43,78.055,78.07,1,78.04,900,78.07,500,78.07,78.04,78.04,900,78.03,2000,78.02,1800,78.01,900,78.0,1300,77.99,900,77.98,900,77.97,1700,77.96,1100,77.95,800,78.07,500,78.08,1100,78.09,1000,78.1,600,78.11,1900,78.12,400,78.13,1600,78.14,1600,78.15,400,78.16,600
2026-02-05 09:34:44,78.04,78.04,1,78.03,200,78.05,1200,78.05,78.03,78.03,200,78.02,2300,78.01,900,78.0,1300,77.99,900,77.98,900,77.97,1700,77.96,1100,77.95,800,77.94,500,78.05,1200,78.06,900,78.07,2100,78.08,900,78.09,1000,78.1,600,78.11,1900,78.12,400,78.13,1600,78.14,1600
2026-02-05 09:34:45,78.03,78.03,2,78.02,2000,78.04,700,78.04,78.02,78.02,2000,78.01,900,78.0,1300,77.99,900,77.98,900,77.97,1700,77.96,1100,77.95,800,77.94,500,77.93,600,78.04,700,78.05,1000,78.06,1200,78.07,2100,78.08,900,78.09,1000,78.1,600,78.11,1900,78.12,400,78.13,1600
2026-02-05 09:34:46,78.01,78.02,2,78.0,3000,78.02,600,78.02,78.0,78.0,3000,77.99,900,77.98,900,77.97,1700,77.96,1100,77.95,800,77.94,500,77.93,600,77.92,1000,77.91,700,78.02,600,78.03,800,78.04,1100,78.05,1000,78.06,1200,78.07,2100,78.08,900,78.09,1000,78.1,600,78.11,1900
2026-02-05 09:34:47,78.025,78.01,2,78.01,900,78.04,1100,78.04,78.01,78.01,900,78.0,3300,77.99,900,77.98,900,77.97,1700,77.96,1100,77.95,800,77.94,500,77.93,600,77.92,1000,78.04,1100,78.05,1000,78.06,1200,78.07,2100,78.08,900,78.09,1000,78.1,600,78.11,1900,78.12,400,78.13,1600
2026-02-05 09:34:48,78.055,78.05,1,78.04,1200,78.07,1100,78.07,78.04,78.04,1200,78.03,400,78.02,600,78.01,1200,78.0,3300,77.99,900,77.98,900,77.97,1700,77.96,1100,77.95,800,78.07,1100,78.08,900,78.09,1000,78.1,600,78.11,1900,78.12,400,78.13,1600,78.14,1600,78.15,400,78.16,600
2026-02-05 09:34:49,78.055,78.05,1,78.04,1200,78.07,1300,78.07,78.04,78.04,1200,78.03,400,78.02,600,78.01,1200,78.0,3300,77.99,900,77.98,900,77.97,1700,77.96,1100,77.95,800,78.07,1300,78.08,900,78.09,1000,78.1,600,78.11,1900,78.12,400,78.13,1600,78.14,1600,78.15,400,78.16,600
2026-02-05 09:34:50,78.05,78.05,1,78.03,1100,78.07,1200,78.07,78.03,78.03,1100,78.02,600,78.01,1200,78.0,3300,77.99,900,77.98,900,77.97,1700,77.96,1100,77.95,800,77.94,500,78.07,1200,78.08,900,78.09,1000,78.1,600,78.11,1900,78.12,400,78.13,1600,78.14,1600,78.15,400,78.16,600
2026-02-05 09:34:51,78.05,78.05,1,78.03,1000,78.07,1000,78.07,78.03,78.03,1000,78.02,600,78.01,1200,78.0,3300,77.99,900,77.98,900,77.97,1700,77.96,1100,77.95,800,77.94,500,78.07,1000,78.08,900,78.09,1000,78.1,600,78.11,1900,78.12,400,78.13,1600,78.14,1600,78.15,400,78.16,600
2026-02-05 09:34:52,78.05,78.05,1,78.03,1200,78.07,1100,78.07,78.03,78.03,1200,78.02,600,78.01,1200,78.0,3300,77.99,900,77.98,900,77.97,1700,77.96,1100,77.95,800,77.94,500,78.07,1100,78.08,900,78.09,1000,78.1,600,78.11,1900,78.12,400,78.13,1600,78.14,1600,78.15,400,78.16,600
2026-02-05 09:34:53,78.035,78.04,1,78.03,600,78.04,200,78.04,78.03,78.03,600,78.02,1400,78.01,1200,78.0,3300,77.99,900,77.98,900,77.97,1700,77.96,1100,77.95,800,77.94,500,78.04,200,78.05,900,78.06,700,78.07,1100,78.08,900,78.09,1000,78.1,600,78.11,1900,78.12,400,78.13,1600
2026-02-05 09:34:54,78.055,78.05,2,78.05,400,78.06,1000,78.06,78.05,78.05,400,78.04,1100,78.03,500,78.02,1600,78.01,1200,78.0,3300,77.99,900,77.98,900,77.97,1700,77.96,1100,78.06,1000,78.07,1100,78.08,900,78.09,1000,78.1,600,78.11,1900,78.12,400,78.13,1600,78.14,1600,78.15,400
2026-02-05 09:34:55,78.055,78.05,2,78.05,400,78.06,900,78.06,78.05,78.05,400,78.04,1100,78.03,500,78.02,1600,78.01,1200,78.0,3300,77.99,900,77.98,900,77.97,1700,77.96,1100,78.06,900,78.07,1100,78.08,900,78.09,1000,78.1,600,78.11,1900,78.12,400,78.13,1600,78.14,1600,78.15,400
2026-02-05 09:34:56,78.065,78.07,1,78.06,300,78.07,900,78.07,78.06,78.06,300,78.05,1100,78.04,1100,78.03,500,78.02,1600,78.01,1200,78.0,3300,77.99,900,77.98,900,77.97,1700,78.07,900,78.08,900,78.09,1000,78.1,600,78.11,1900,78.12,400,78.13,1600,78.14,1600,78.15,400,78.16,600
2026-02-05 09:34:57,78.075,78.08,2,78.07,200,78.08,500,78.08,78.07,78.07,200,78.06,700,78.05,500,78.04,1600,78.03,500,78.02,1600,78.01,1200,78.0,3300,77.99,900,77.98,900,78.08,500,78.09,600,78.1,600,78.11,1900,78.12,400,78.13,1600,78.14,1600,78.15,400,78.16,600,78.17,1500
2026-02-05 09:34:58,78.08,78.08,1,78.07,800,78.09,600,78.09,78.07,78.07,800,78.06,1000,78.05,500,78.04,1600,78.03,500,78.02,1600,78.01,1200,78.0,3300,77.99,900,77.98,900,78.09,600,78.1,600,78.11,1900,78.12,400,78.13,1600,78.14,1600,78.15,400,78.16,600,78.17,1500,78.18,500
2026-02-05 09:34:59,78.08,78.08,1,78.07,800,78.09,600,78.09,78.07,78.07,800,78.06,1000,78.05,500,78.04,1600,78.03,500,78.02,1600,78.01,1200,78.0,3300,77.99,900,77.98,900,78.09,600,78.1,600,78.11,1900,78.12,400,78.13,1600,78.14,1600,78.15,400,78.16,600,78.17,1500,78.18,500
2026-02-05 09:35:00,78.065,78.07,2,78.05,1000,78.08,800,78.08,78.05,78.05,1000,78.04,1600,78.03,500,78.02,1600,78.01,1200,78.0,3300,77.99,900,77.98,900,77.97,1700,77.96,1100,78.08,800,78.09,800,78.1,600,78.11,1900,78.12,400,78.13,1600,78.14,1600,78.15,400,78.16,600,78.17,1500
2026-02-05 09:35:01,78.065,78.07,1,78.05,900,78.08,800,78.08,78.05,78.05,900,78.04,1600,78.03,500,78.02,1600,78.01,1200,78.0,3300,77.99,900,77.98,900,77.97,1700,77.96,1100,78.08,800,78.09,800,78.1,600,78.11,1900,78.12,400,78.13,1600,78.14,1600,78.15,400,78.16,600,78.17,1500
2026-02-05 09:35:02,78.075,78.08,1,78.07,400,78.08,700,78.08,78.07,78.07,400,78.06,1100,78.05,900,78.04,900,78.03,500,78.02,1600,78.01,1200,78.0,3300,77.99,900,77.98,900,78.08,700,78.09,800,78.1,600,78.11,1900,78.12,400,78.13,1600,78.14,1600,78.15,400,78.16,600,78.17,1500
2026-02-05 09:35:03,78.095,78.1,1,78.09,500,78.1,800,78.1,78.09,78.09,500,78.08,600,78.07,1100,78.06,1100,78.05,900,78.04,900,78.03,500,78.02,1600,78.01,1200,78.0,3300,78.1,800,78.11,1900,78.12,400,78.13,1600,78.14,1600,78.15,400,78.16,600,78.17,1500,78.18,500,78.19,100
2026-02-05 09:35:04,78.085,78.07,1,78.07,1800,78.1,1500,78.1,78.07,78.07,1800,78.06,1100,78.05,900,78.04,900,78.03,500,78.02,1600,78.01,1200,78.0,3300,77.99,900,77.98,900,78.1,1500,78.11,1900,78.12,400,78.13,1600,78.14,1600,78.15,400,78.16,600,78.17,1500,78.18,500,78.19,100
2026-02-05 09:35:05,78.085,78.08,1,78.08,400,78.09,1000,78.09,78.08,78.08,400,78.07,2100,78.06,2600,78.05,900,78.04,900,78.03,500,78.02,1600,78.01,1200,78.0,3300,77.99,900,78.09,1000,78.1,1400,78.11,1900,78.12,400,78.13,1600,78.14,1600,78.15,400,78.16,600,78.17,1500,78.18,500
2026-02-05 09:35:06,78.035,78.04,2,78.02,1700,78.05,800,78.05,78.02,78.02,1700,78.01,1200,78.0,3300,77.99,900,77.98,900,77.97,1700,77.96,1100,77.95,800,77.94,500,77.93,600,78.05,800,78.06,900,78.07,1500,78.08,900,78.09,1100,78.1,1400,78.11,1900,78.12,400,78.13,1600,78.14,1600
2026-02-05 09:35:07,78.05,78.07,1,78.03,1100,78.07,1400,78.07,78.03,78.03,1100,78.01,1800,78.0,3300,77.99,900,77.98,900,77.97,1700,77.96,1100,77.95,800,77.94,500,77.93,600,78.07,1400,78.08,900,78.09,1100,78.1,1400,78.11,1900,78.12,400,78.13,1600,78.14,1600,78.15,400,78.16,600
2026-02-05 09:35:08,78.055,78.07,1,78.03,1200,78.08,800,78.08,78.03,78.03,1200,78.01,1800,78.0,3300,77.99,900,77.98,900,77.97,1700,77.96,1100,77.95,800,77.94,500,77.93,600,78.08,800,78.09,1100,78.1,1400,78.11,1900,78.12,400,78.13,1600,78.14,1600,78.15,400,78.16,600,78.17,1500
2026-02-05 09:35:09,78.05,78.06,1,78.03,1200,78.07,700,78.07,78.03,78.03,1200,78.01,1800,78.0,3300,77.99,900,77.98,900,77.97,1700,77.96,1100,77.95,800,77.94,500,77.93,600,78.07,700,78.08,800,78.09,1100,78.1,1400,78.11,1900,78.12,400,78.13,1600,78.14,1600,78.15,400,78.16,600
2026-02-05 09:35:10,78.025,78.03,1,78.01,1500,78.04,800,78.04,78.01,78.01,1500,78.0,3300,77.99,900,77.98,900,77.97,1700,77.96,1100,77.95,800,77.94,500,77.93,600,77.92,1000,78.04,800,78.05,200,78.06,700,78.07,800,78.08,800,78.09,1100,78.1,1400,78.11,1900,78.12,400,78.13,1600
2026-02-05 09:35:11,78.025,78.01,2,78.01,1500,78.04,1100,78.04,78.01,78.01,1500,78.0,3300,77.99,900,77.98,900,77.97,1700,77.96,1100,77.95,800,77.94,500,77.93,600,77.92,1000,78.04,1100,78.05,200,78.06,700,78.07,800,78.08,800,78.09,1100,78.1,1400,78.11,1900,78.12,400,78.13,1600
2026-02-05 09:35:12,78.025,78.01,2,78.01,1500,78.04,1100,78.04,78.01,78.01,1500,78.0,3300,77.99,900,77.98,900,77.97,1700,77.96,1100,77.95,800,77.94,500,77.93,600,77.92,1000,78.04,1100,78.05,200,78.06,700,78.07,800,78.08,800,78.09,1100,78.1,1400,78.11,1900,78.12,400,78.13,1600
2026-02-05 09:35:13,78.02,78.02,1,78.0,2700,78.04,1000,78.04,78.0,78.0,2700,77.99,900,77.98,900,77.97,1700,77.96,1100,77.95,800,77.94,500,77.93,600,77.92,1000,77.91,700,78.04,1000,78.05,200,78.06,700,78.07,800,78.08,800,78.09,1100,78.1,1400,78.11,1900,78.12,400,78.13,1600
2026-02-05 09:35:14,78.02,78.02,1,78.0,2700,78.04,1100,78.04,78.0,78.0,2700,77.99,900,77.98,900,77.97,1700,77.96,1100,77.95,800,77.94,500,77.93,600,77.92,1000,77.91,700,78.04,1100,78.05,200,78.06,700,78.07,800,78.08,800,78.09,1100,78.1,1400,78.11,1900,78.12,400,78.13,1600
2026-02-05 09:35:15,78.01,78.01,1,78.0,1400,78.02,400,78.02,78.0,78.0,1400,77.99,1500,77.98,900,77.97,1700,77.96,1100,77.95,800,77.94,500,77.93,600,77.92,1000,77.91,700,78.02,400,78.03,1100,78.04,1300,78.05,200,78.06,700,78.07,800,78.08,800,78.09,1100,78.1,1400,78.11,1900
2026-02-05 09:35:16,78.02,78.01,1,78.0,1300,78.04,1300,78.04,78.0,78.0,1300,77.99,1500,77.98,900,77.97,1700,77.96,1100,77.95,800,77.94,500,77.93,600,77.92,1000,77.91,700,78.04,1300,78.05,200,78.06,700,78.07,800,78.08,800,78.09,1100,78.1,1400,78.11,1900,78.12,400,78.13,1600
2026-02-05 09:35:17,78.02,78.01,1,78.0,1100,78.04,1400,78.04,78.0,78.0,1100,77.99,1500,77.98,900,77.97,1700,77.96,1100,77.95,800,77.94,500,77.93,600,77.92,1000,77.91,700,78.04,1400,78.05,200,78.06,700,78.07,800,78.08,800,78.09,1100,78.1,1400,78.11,1900,78.12,400,78.13,1600
2026-02-05 09:35:18,78.02,78.03,3,78.01,400,78.03,800,78.03,78.01,78.01,400,78.0,300,77.99,1600,77.98,900,77.97,1700,77.96,1100,77.95,800,77.94,500,77.93,600,77.92,1000,78.03,800,78.04,1300,78.05,200,78.06,700,78.07,800,78.08,800,78.09,1100,78.1,1400,78.11,1900,78.12,400
2026-02-05 09:35:19,78.025,78.03,3,78.01,400,78.04,1300,78.04,78.01,78.01,400,78.0,300,77.99,1600,77.98,900,77.97,1700,77.96,1100,77.95,800,77.94,500,77.93,600,77.92,1000,78.04,1300,78.05,200,78.06,700,78.07,800,78.08,800,78.09,1100,78.1,1400,78.11,1900,78.12,400,78.13,1600
2026-02-05 09:35:20,78.04,78.05,1,78.03,800,78.05,600,78.05,78.03,78.03,800,78.02,100,78.01,400,78.0,300,77.99,1600,77.98,900,77.97,1700,77.96,1100,77.95,800,77.94,500,78.05,600,78.06,1300,78.07,700,78.08,800,78.09,1100,78.1,1400,78.11,1900,78.12,400,78.13,1600,78.14,1600
2026-02-05 09:35:21,78.05,78.05,1,78.04,900,78.06,500,78.06,78.04,78.04,900,78.03,900,78.02,100,78.01,400,78.0,300,77.99,1600,77.98,900,77.97,1700,77.96,1100,77.95,800,78.06,500,78.07,700,78.08,800,78.09,1100,78.1,1400,78.11,1900,78.12,400,78.13,1600,78.14,1600,78.15,400
2026-02-05 09:35:22,78.05,78.05,1,78.04,900,78.06,400,78.06,78.04,78.04,900,78.03,900,78.02,100,78.01,400,78.0,300,77.99,1600,77.98,900,77.97,1700,77.96,1100,77.95,800,78.06,400,78.07,700,78.08,800,78.09,1100,78.1,1400,78.11,1900,78.12,400,78.13,1600,78.14,1600,78.15,400
2026-02-05 09:35:23,78.065,78.06,1,78.05,1400,78.08,900,78.08,78.05,78.05,1400,78.04,1000,78.03,900,78.02,100,78.01,400,78.0,300,77.99,1600,77.98,900,77.97,1700,77.96,1100,78.08,900,78.09,1100,78.1,1400,78.11,1900,78.12,400,78.13,1600,78.14,1600,78.15,400,78.16,600,78.17,1500
2026-02-05 09:35:24,78.055,78.05,2,78.05,600,78.06,500,78.06,78.05,78.05,600,78.04,1500,78.03,900,78.02,100,78.01,400,78.0,300,77.99,1600,77.98,900,77.97,1700,77.96,1100,78.06,500,78.07,700,78.08,900,78.09,1100,78.1,1400,78.11,1900,78.12,400,78.13,1600,78.14,1600,78.15,400
2026-02-05 09:35:25,78.08,78.07,2,78.07,600,78.09,1300,78.09,78.07,78.07,600,78.06,1200,78.05,1000,78.04,1500,78.03,900,78.02,100,78.01,400,78.0,300,77.99,1600,77.98,900,78.09,1300,78.1,1400,78.11,1900,78.12,400,78.13,1600,78.14,1600,78.15,400,78.16,600,78.17,1500,78.18,500
2026-02-05 09:35:26,78.09,78.08,1,78.08,1100,78.1,1500,78.1,78.08,78.08,1100,78.07,2400,78.06,1200,78.05,1000,78.04,1500,78.03,900,78.02,100,78.01,400,78.0,300,77.99,1600,78.1,1500,78.11,1900,78.12,400,78.13,1600,78.14,1600,78.15,400,78.16,600,78.17,1500,78.18,500,78.19,100
2026-02-05 09:35:27,78.135,78.1,2,78.12,700,78.15,1000,78.15,78.12,78.12,700,78.11,900,78.1,500,78.09,1500,78.08,1100,78.07,2400,78.06,1200,78.05,1000,78.04,1500,78.03,900,78.15,1000,78.16,600,78.17,1500,78.18,500,78.19,100,78.2,1000,78.21,1900,,,,,,
2026-02-05 09:35:28,78.15,78.15,1,78.14,1600,78.16,400,78.16,78.14,78.14,1600,78.13,700,78.12,700,78.11,900,78.1,500,78.09,1500,78.08,1100,78.07,2400,78.06,1200,78.05,1000,78.16,400,78.17,2000,78.18,500,78.19,100,78.2,1000,78.21,1900,,,,,,,,
2026-02-05 09:35:29,78.17,78.17,2,78.16,1200,78.18,800,78.18,78.16,78.16,1200,78.15,1300,78.14,1600,78.13,700,78.12,700,78.11,900,78.1,500,78.09,1500,78.08,1100,78.07,2400,78.18,800,78.19,100,78.2,1000,78.21,1900,,,,,,,,,,,,
2026-02-05 09:35:30,78.17,78.17,2,78.16,1200,78.18,1200,78.18,78.16,78.16,1200,78.15,1300,78.14,1600,78.13,700,78.12,700,78.11,900,78.1,500,78.09,1500,78.08,1100,78.07,2400,78.18,1200,78.19,100,78.2,1000,78.21,1900,,,,,,,,,,,,
2026-02-05 09:35:31,78.17,78.17,6,78.16,1200,78.18,1200,78.18,78.16,78.16,1200,78.15,1300,78.14,1600,78.13,700,78.12,700,78.11,900,78.1,500,78.09,1500,78.08,1100,78.07,2400,78.18,1200,78.19,100,78.2,1000,78.21,1900,,,,,,,,,,,,
2026-02-05 09:35:32,78.17,78.17,1,78.16,1200,78.18,1200,78.18,78.16,78.16,1200,78.15,1300,78.14,1600,78.13,700,78.12,700,78.11,900,78.1,500,78.09,1500,78.08,1100,78.07,2400,78.18,1200,78.19,100,78.2,1000,78.21,1900,,,,,,,,,,,,
2026-02-05 09:35:33,78.21,78.21,1,78.2,2200,78.22,1100,78.22,78.2,78.2,2200,78.19,200,78.18,1100,78.17,1800,78.16,1200,78.15,1300,78.14,1600,78.13,700,78.12,700,78.11,900,78.22,1100,78.23,500,,,,,,,,,,,,,,,,
2026-02-05 09:35:34,78.22,78.22,1,78.21,500,78.23,1300,78.23,78.21,78.21,500,78.2,1100,78.19,200,78.18,1100,78.17,1800,78.16,1200,78.15,1300,78.14,1600,78.13,700,78.12,700,78.23,1300,,,,,,,,,,,,,,,,,,
2026-02-05 09:35:35,78.22,78.22,1,78.21,500,78.23,1100,78.23,78.21,78.21,500,78.2,1100,78.19,200,78.18,1100,78.17,1800,78.16,1200,78.15,1300,78.14,1600,78.13,700,78.12,700,78.23,1100,,,,,,,,,,,,,,,,,,
2026-02-05 09:35:36,78.22,78.22,10,78.21,700,78.23,1100,78.23,78.21,78.21,700,78.2,1100,78.19,200,78.18,1100,78.17,1800,78.16,1200,78.15,1300,78.14,1600,78.13,700,78.12,700,78.23,1100,,,,,,,,,,,,,,,,,,
2026-02-05 09:35:37,78.23,78.23,3,78.22,1300,78.24,1000,78.24,78.22,78.22,1300,78.21,700,78.2,1100,78.19,200,78.18,1100,78.17,1800,78.16,1200,78.15,1300,78.14,1600,78.13,700,78.24,1000,,,,,,,,,,,,,,,,,,
2026-02-05 09:35:38,78.23,78.24,11,78.22,1300,78.24,1000,78.24,78.22,78.22,1300,78.21,700,78.2,1100,78.19,200,78.18,1100,78.17,1800,78.16,1200,78.15,1300,78.14,1600,78.13,700,78.24,1000,,,,,,,,,,,,,,,,,,
2026-02-05 09:35:39,78.23,78.24,11,78.22,1300,78.24,1000,78.24,78.22,78.22,1300,78.21,700,78.2,1100,78.19,200,78.18,1100,78.17,1800,78.16,1200,78.15,1300,78.14,1600,78.13,700,78.24,1000,,,,,,,,,,,,,,,,,,
2026-02-05 09:35:40,78.245,78.25,1,78.24,900,78.25,700,78.25,78.24,78.24,900,78.23,1200,78.22,1400,78.21,700,78.2,1100,78.19,200,78.18,1100,78.17,1800,78.16,1200,78.15,1300,78.25,700,78.26,400,78.27,600,,,,,,,,,,,,,,
2026-02-05 09:35:41,78.245,78.25,1,78.24,700,78.25,500,78.25,78.24,78.24,700,78.23,1200,78.22,1400,78.21,700,78.2,1100,78.19,200,78.18,1100,78.17,1800,78.16,1200,78.15,1300,78.25,500,78.26,600,78.27,600,,,,,,,,,,,,,,
2026-02-05 09:35:42,78.23,78.25,1,78.22,1400,78.24,300,78.24,78.22,78.22,1400,78.21,700,78.2,1100,78.19,200,78.18,1100,78.17,1800,78.16,1200,78.15,1300,78.14,1600,78.13,700,78.24,300,78.25,800,78.26,600,78.27,600,,,,,,,,,,,,
2026-02-05 09:35:43,78.22,78.25,1,78.21,1000,78.23,300,78.23,78.21,78.21,1000,78.2,1100,78.19,200,78.18,1100,78.17,1800,78.16,1200,78.15,1300,78.14,1600,78.13,700,78.12,700,78.23,300,78.24,800,78.25,800,78.26,600,78.27,600,,,,,,,,,,
2026-02-05 09:35:44,78.225,78.25,1,78.22,200,78.23,300,78.23,78.22,78.22,200,78.21,1000,78.2,1100,78.19,200,78.18,1100,78.17,1800,78.16,1200,78.15,1300,78.14,1600,78.13,700,78.23,300,78.24,800,78.25,800,78.26,600,78.27,600,,,,,,,,,,
2026-02-05 09:35:45,78.24,78.24,2,78.23,1400,78.25,1400,78.25,78.23,78.23,1400,78.22,200,78.21,1000,78.2,1100,78.19,200,78.18,1100,78.17,1800,78.16,1200,78.15,1300,78.14,1600,78.25,1400,78.26,600,78.27,600,,,,,,,,,,,,,,
2026-02-05 09:35:46,78.245,78.24,3,78.24,300,78.25,1800,78.25,78.24,78.24,300,78.23,1200,78.22,200,78.21,1000,78.2,1100,78.19,200,78.18,1100,78.17,1800,78.16,1200,78.15,1300,78.25,1800,78.26,600,78.27,600,,,,,,,,,,,,,,
2026-02-05 09:35:47,78.245,78.24,1,78.24,300,78.25,1900,78.25,78.24,78.24,300,78.23,1200,78.22,200,78.21,1000,78.2,1100,78.19,200,78.18,1100,78.17,1800,78.16,1200,78.15,1300,78.25,1900,78.26,600,78.27,600,,,,,,,,,,,,,,
2026-02-05 09:35:48,78.24,78.24,1,78.23,1200,78.25,1900,78.25,78.23,78.23,1200,78.22,700,78.21,1000,78.2,1100,78.19,200,78.18,1100,78.17,1800,78.16,1200,78.15,1300,78.14,1600,78.25,1900,78.26,600,78.27,600,,,,,,,,,,,,,,
2026-02-05 09:35:49,78.225,78.23,2,78.21,1100,78.24,1100,78.24,78.21,78.21,1100,78.2,1100,78.19,200,78.18,1100,78.17,1800,78.16,1200,78.15,1300,78.14,1600,78.13,700,78.12,700,78.24,1100,78.25,1900,78.26,600,78.27,600,,,,,,,,,,,,
2026-02-05 09:35:50,78.225,78.21,2,78.21,1100,78.24,1200,78.24,78.21,78.21,1100,78.2,1100,78.19,200,78.18,1100,78.17,1800,78.16,1200,78.15,1300,78.14,1600,78.13,700,78.12,700,78.24,1200,78.25,1900,78.26,600,78.27,600,,,,,,,,,,,,
2026-02-05 09:35:51,78.22,78.23,3,78.21,1100,78.23,300,78.23,78.21,78.21,1100,78.2,1100,78.19,200,78.18,1100,78.17,1800,78.16,1200,78.15,1300,78.14,1600,78.13,700,78.12,700,78.23,300,78.24,1100,78.25,1900,78.26,600,78.27,600,,,,,,,,,,
2026-02-05 09:35:52,78.225,78.23,3,78.21,900,78.24,1200,78.24,78.21,78.21,900,78.2,1100,78.19,200,78.18,1100,78.17,1800,78.16,1200,78.15,1300,78.14,1600,78.13,700,78.12,700,78.24,1200,78.25,1900,78.26,600,78.27,600,,,,,,,,,,,,
2026-02-05 09:35:53,78.22,78.23,3,78.21,1100,78.23,400,78.23,78.21,78.21,1100,78.2,1100,78.19,200,78.18,1100,78.17,1800,78.16,1200,78.15,1300,78.14,1600,78.13,700,78.12,700,78.23,400,78.24,1200,78.25,1900,78.26,600,78.27,600,,,,,,,,,,
2026-02-05 09:35:54,78.24,78.24,1,78.23,900,78.25,1800,78.25,78.23,78.23,900,78.22,900,78.21,1400,78.2,1100,78.19,200,78.18,1100,78.17,1800,78.16,1200,78.15,1300,78.14,1600,78.25,1800,78.26,600,78.27,600,,,,,,,,,,,,,,
2026-02-05 09:35:56,78.24,78.24,1,78.23,1300,78.25,1800,78.25,78.23,78.23,1300,78.22,900,78.21,1400,78.2,1100,78.19,200,78.18,1100,78.17,1800,78.16,1200,78.15,1300,78.14,1600,78.25,1800,78.26,600,78.27,600,,,,,,,,,,,,,,
2026-02-05 09:35:57,78.26,78.28,2,78.25,700,78.27,300,78.27,78.25,78.25,700,78.24,200,78.23,1300,78.22,900,78.21,1400,78.2,1100,78.19,200,78.18,1100,78.17,1800,78.16,1200,78.27,300,78.28,1000,,,,,,,,,,,,,,,,
2026-02-05 09:35:57,78.27,78.27,1,78.26,1000,78.28,1000,78.28,78.26,78.26,1000,78.25,700,78.24,200,78.23,1300,78.22,900,78.21,1400,78.2,1100,78.19,200,78.18,1100,78.17,1800,78.28,1000,,,,,,,,,,,,,,,,,,
2026-02-05 09:35:58,78.27,78.27,1,78.26,800,78.28,1000,78.28,78.26,78.26,800,78.25,700,78.24,200,78.23,1300,78.22,900,78.21,1400,78.2,1100,78.19,200,78.18,1100,78.17,1800,78.28,1000,,,,,,,,,,,,,,,,,,
2026-02-05 09:35:59,78.27,78.27,2,78.26,800,78.28,900,78.28,78.26,78.26,800,78.25,700,78.24,200,78.23,1300,78.22,900,78.21,1400,78.2,1100,78.19,200,78.18,1100,78.17,1800,78.28,900,,,,,,,,,,,,,,,,,,
2026-02-05 09:36:00,78.28,78.28,1,78.27,1600,78.29,700,78.29,78.27,78.27,1600,78.26,800,78.25,700,78.24,200,78.23,1300,78.22,900,78.21,1400,78.2,1100,78.19,200,78.18,1100,78.29,700,,,,,,,,,,,,,,,,,,
2026-02-05 09:36:02,78.29,78.29,1,78.28,900,78.3,1100,78.3,78.28,78.28,900,78.27,100,78.26,1200,78.25,700,78.24,200,78.23,1300,78.22,900,78.21,1400,78.2,1100,78.19,200,78.3,1100,78.31,1000,,,,,,,,,,,,,,,,
2026-02-05 09:36:03,78.31,78.31,1,78.3,700,78.32,600,78.32,78.3,78.3,700,78.29,100,78.28,800,78.27,100,78.26,1200,78.25,700,78.24,200,78.23,1300,78.22,900,78.21,1400,78.32,600,,,,,,,,,,,,,,,,,,
2026-02-05 09:36:04,78.315,78.31,1,78.3,700,78.33,900,78.33,78.3,78.3,700,78.29,100,78.28,800,78.27,100,78.26,1200,78.25,700,78.24,200,78.23,1300,78.22,900,78.21,1400,78.33,900,,,,,,,,,,,,,,,,,,
2026-02-05 09:36:05,78.315,78.31,1,78.3,900,78.33,800,78.33,78.3,78.3,900,78.29,100,78.28,800,78.27,100,78.26,1200,78.25,700,78.24,200,78.23,1300,78.22,900,78.21,1400,78.33,800,,,,,,,,,,,,,,,,,,
2026-02-05 09:36:06,78.315,78.31,1,78.3,1000,78.33,800,78.33,78.3,78.3,1000,78.29,100,78.28,800,78.27,100,78.26,1200,78.25,700,78.24,200,78.23,1300,78.22,900,78.21,1400,78.33,800,,,,,,,,,,,,,,,,,,
2026-02-05 09:36:06,78.32,78.31,1,78.31,600,78.33,800,78.33,78.31,78.31,600,78.3,1000,78.29,100,78.28,800,78.27,100,78.26,1200,78.25,700,78.24,200,78.23,1300,78.22,900,78.33,800,,,,,,,,,,,,,,,,,,
2026-02-05 09:36:07,78.32,78.31,1,78.31,400,78.33,800,78.33,78.31,78.31,400,78.3,1000,78.29,100,78.28,800,78.27,100,78.26,1200,78.25,700,78.24,200,78.23,1300,78.22,900,78.33,800,,,,,,,,,,,,,,,,,,
2026-02-05 09:36:09,78.335,78.33,1,78.33,200,78.34,100,78.34,78.33,78.33,200,78.32,400,78.31,400,78.3,1000,78.29,100,78.28,800,78.27,100,78.26,1200,78.25,700,78.24,200,78.34,100,,,,,,,,,,,,,,,,,,
2026-02-05 09:36:09,78.335,78.33,1,78.32,300,78.35,700,78.35,78.32,78.32,300,78.31,400,78.3,1000,78.29,100,78.28,800,78.27,100,78.26,1200,78.25,700,78.24,200,78.23,1300,78.35,700,,,,,,,,,,,,,,,,,,
2026-02-05 09:36:11,78.325,78.33,2,78.31,600,78.34,500,78.34,78.31,78.31,600,78.3,1000,78.29,100,78.28,800,78.27,100,78.26,1200,78.25,700,78.24,200,78.23,1300,78.22,900,78.34,500,78.35,700,,,,,,,,,,,,,,,,
2026-02-05 09:36:12,78.33,78.33,2,78.31,600,78.35,800,78.35,78.31,78.31,600,78.3,1000,78.29,100,78.28,800,78.27,100,78.26,1200,78.25,700,78.24,200,78.23,1300,78.22,900,78.35,800,,,,,,,,,,,,,,,,,,
2026-02-05 09:36:13,78.33,78.33,2,78.31,1000,78.35,900,78.35,78.31,78.31,1000,78.3,1000,78.29,100,78.28,800,78.27,100,78.26,1200,78.25,700,78.24,200,78.23,1300,78.22,900,78.35,900,,,,,,,,,,,,,,,,,,
2026-02-05 09:36:13,78.355,78.35,2,78.34,600,78.37,600,78.37,78.34,78.34,600,78.33,100,78.32,100,78.31,1000,78.3,1000,78.29,100,78.28,800,78.27,100,78.26,1200,78.25,700,78.37,600,,,,,,,,,,,,,,,,,,
2026-02-05 09:36:15,78.35,78.35,2,78.33,500,78.37,900,78.37,78.33,78.33,500,78.32,100,78.31,1000,78.3,1000,78.29,100,78.28,800,78.27,100,78.26,1200,78.25,700,78.24,200,78.37,900,,,,,,,,,,,,,,,,,,
2026-02-05 09:36:16,78.355,78.35,2,78.34,500,78.37,900,78.37,78.34,78.34,500,78.33,900,78.32,100,78.31,1000,78.3,1000,78.29,100,78.28,800,78.27,100,78.26,1200,78.25,700,78.37,900,,,,,,,,,,,,,,,,,,
2026-02-05 09:36:17,78.355,78.36,1,78.34,500,78.37,900,78.37,78.34,78.34,500,78.33,900,78.32,100,78.31,1000,78.3,1000,78.29,100,78.28,800,78.27,100,78.26,1200,78.25,700,78.37,900,,,,,,,,,,,,,,,,,,
2026-02-05 09:36:18,78.355,78.34,5,78.34,500,78.37,1000,78.37,78.34,78.34,500,78.33,900,78.32,100,78.31,1000,78.3,1000,78.29,100,78.28,800,78.27,100,78.26,1200,78.25,700,78.37,1000,,,,,,,,,,,,,,,,,,
2026-02-05 09:36:19,78.345,78.34,1,78.33,700,78.36,1100,78.36,78.33,78.33,700,78.32,100,78.31,1000,78.3,1000,78.29,100,78.28,800,78.27,100,78.26,1200,78.25,700,78.24,200,78.36,1100,78.37,1000,,,,,,,,,,,,,,,,
2026-02-05 09:36:20,78.345,78.35,1,78.33,700,78.36,1200,78.36,78.33,78.33,700,78.32,100,78.31,1000,78.3,1000,78.29,100,78.28,800,78.27,100,78.26,1200,78.25,700,78.24,200,78.36,1200,78.37,1000,,,,,,,,,,,,,,,,
2026-02-05 09:36:21,78.285,78.3,1,78.27,400,78.3,600,78.3,78.27,78.27,400,78.26,1200,78.25,700,78.24,200,78.23,1300,78.22,900,78.21,1400,78.2,1100,78.19,200,78.18,1100,78.3,600,78.31,1000,78.32,600,78.33,600,78.34,1000,78.35,100,78.36,1200,78.37,1000,,,,
2026-02-05 09:36:22,78.275,78.28,1,78.26,900,78.29,800,78.29,78.26,78.26,900,78.25,700,78.24,200,78.23,1300,78.22,900,78.21,1400,78.2,1100,78.19,200,78.18,1100,78.17,1800,78.29,800,78.3,1000,78.31,1000,78.32,600,78.33,600,78.34,1000,78.35,100,78.36,1200,78.37,1000,,
2026-02-05 09:36:23,78.28,78.28,1,78.26,800,78.3,1200,78.3,78.26,78.26,800,78.25,700,78.24,200,78.23,1300,78.22,900,78.21,1400,78.2,1100,78.19,200,78.18,1100,78.17,1800,78.3,1200,78.31,1000,78.32,600,78.33,600,78.34,1000,78.35,100,78.36,1200,78.37,1000,,,,
2026-02-05 09:36:24,78.285,78.28,1,78.27,600,78.3,1100,78.3,78.27,78.27,600,78.26,800,78.25,700,78.24,200,78.23,1300,78.22,900,78.21,1400,78.2,1100,78.19,200,78.18,1100,78.3,1100,78.31,1000,78.32,600,78.33,600,78.34,1000,78.35,100,78.36,1200,78.37,1000,,,,
2026-02-05 09:36:25,78.285,78.28,1,78.27,600,78.3,1100,78.3,78.27,78.27,600,78.26,800,78.25,700,78.24,200,78.23,1300,78.22,900,78.21,1400,78.2,1100,78.19,200,78.18,1100,78.3,1100,78.31,1000,78.32,600,78.33,600,78.34,1000,78.35,100,78.36,1200,78.37,1000,,,,
2026-02-05 09:36:26,78.285,78.27,1,78.27,800,78.3,1000,78.3,78.27,78.27,800,78.26,800,78.25,700,78.24,200,78.23,1300,78.22,900,78.21,1400,78.2,1100,78.19,200,78.18,1100,78.3,1000,78.31,1000,78.32,600,78.33,600,78.34,1000,78.35,100,78.36,1200,78.37,1000,,,,
2026-02-05 09:36:27,78.285,78.27,1,78.27,800,78.3,1000,78.3,78.27,78.27,800,78.26,800,78.25,700,78.24,200,78.23,1300,78.22,900,78.21,1400,78.2,1100,78.19,200,78.18,1100,78.3,1000,78.31,1000,78.32,600,78.33,600,78.34,1000,78.35,100,78.36,1200,78.37,1000,,,,
2026-02-05 09:36:28,78.285,78.28,1,78.27,800,78.3,1000,78.3,78.27,78.27,800,78.26,800,78.25,700,78.24,200,78.23,1300,78.22,900,78.21,1400,78.2,1100,78.19,200,78.18,1100,78.3,1000,78.31,1000,78.32,600,78.33,600,78.34,1000,78.35,100,78.36,1200,78.37,1000,,,,
2026-02-05 09:36:29,78.285,78.29,1,78.28,400,78.29,400,78.29,78.28,78.28,400,78.27,800,78.26,800,78.25,700,78.24,200,78.23,1300,78.22,900,78.21,1400,78.2,1100,78.19,200,78.29,400,78.3,1700,78.31,1000,78.32,600,78.33,600,78.34,1000,78.35,100,78.36,1200,78.37,1000,,
2026-02-05 09:36:30,78.275,78.28,1,78.26,800,78.29,800,78.29,78.26,78.26,800,78.25,700,78.24,200,78.23,1300,78.22,900,78.21,1400,78.2,1100,78.19,200,78.18,1100,78.17,1800,78.29,800,78.3,1300,78.31,1000,78.32,600,78.33,600,78.34,1000,78.35,100,78.36,1200,78.37,1000,,
2026-02-05 09:36:31,78.275,78.28,1,78.26,800,78.29,700,78.29,78.26,78.26,800,78.25,700,78.24,200,78.23,1300,78.22,900,78.21,1400,78.2,1100,78.19,200,78.18,1100,78.17,1800,78.29,700,78.3,1300,78.31,1000,78.32,600,78.33,600,78.34,1000,78.35,100,78.36,1200,78.37,1000,,
2026-02-05 09:36:32,78.275,78.28,2,78.26,100,78.29,1000,78.29,78.26,78.26,100,78.25,1200,78.24,200,78.23,1300,78.22,900,78.21,1400,78.2,1100,78.19,200,78.18,1100,78.17,1800,78.29,1000,78.3,1300,78.31,1000,78.32,600,78.33,600,78.34,1000,78.35,100,78.36,1200,78.37,1000,,
2026-02-05 09:36:33,78.265,78.27,1,78.25,1000,78.28,1200,78.28,78.25,78.25,1000,78.24,200,78.23,1300,78.22,900,78.21,1400,78.2,1100,78.19,200,78.18,1100,78.17,1800,78.16,1200,78.28,1200,78.29,800,78.3,1300,78.31,1000,78.32,600,78.33,600,78.34,1000,78.35,100,78.36,1200,78.37,1000
2026-02-05 09:36:34,78.255,78.25,1,78.24,600,78.27,400,78.27,78.24,78.24,600,78.23,1000,78.22,900,78.21,1400,78.2,1100,78.19,200,78.18,1100,78.17,1800,78.16,1200,78.15,1300,78.27,400,78.28,1400,78.29,800,78.3,1300,78.31,1000,78.32,600,78.33,600,78.34,1000,78.35,100,78.36,1200
2026-02-05 09:36:35,78.27,78.25,1,78.26,800,78.28,1600,78.28,78.26,78.26,800,78.25,400,78.24,600,78.23,1000,78.22,900,78.21,1400,78.2,1100,78.19,200,78.18,1100,78.17,1800,78.28,1600,78.29,800,78.3,1300,78.31,1000,78.32,600,78.33,600,78.34,1000,78.35,100,78.36,1200,78.37,1000
2026-02-05 09:36:36,78.27,78.27,1,78.26,1600,78.28,1900,78.28,78.26,78.26,1600,78.25,800,78.24,600,78.23,1000,78.22,900,78.21,1400,78.2,1100,78.19,200,78.18,1100,78.17,1800,78.28,1900,78.29,800,78.3,1300,78.31,1000,78.32,600,78.33,600,78.34,1000,78.35,100,78.36,1200,78.37,1000
2026-02-05 09:36:37,78.26,78.27,4,78.25,1600,78.27,800,78.27,78.25,78.25,1600,78.24,600,78.23,1000,78.22,900,78.21,1400,78.2,1100,78.19,200,78.18,1100,78.17,1800,78.16,1200,78.27,800,78.28,1900,78.29,800,78.3,1300,78.31,1000,78.32,600,78.33,600,78.34,1000,78.35,100,78.36,1200
2026-02-05 09:36:38,78.265,78.26,1,78.25,700,78.28,1900,78.28,78.25,78.25,700,78.24,400,78.23,1300,78.22,900,78.21,1400,78.2,1100,78.19,200,78.18,1100,78.17,1800,78.16,1200,78.28,1900,78.29,800,78.3,1300,78.31,1000,78.32,600,78.33,600,78.34,1000,78.35,100,78.36,1200,78.37,1000
2026-02-05 09:36:39,78.29,78.29,1,78.27,1000,78.31,1100,78.31,78.27,78.27,1000,78.26,500,78.25,700,78.24,400,78.23,1300,78.22,900,78.21,1400,78.2,1100,78.19,200,78.18,1100,78.31,1100,78.32,600,78.33,600,78.34,1000,78.35,100,78.36,1200,78.37,1000,,,,,,
2026-02-05 09:36:40,78.305,78.3,1,78.29,200,78.32,1300,78.32,78.29,78.29,200,78.28,500,78.27,700,78.26,500,78.25,700,78.24,400,78.23,1300,78.22,900,78.21,1400,78.2,1100,78.32,1300,78.33,600,78.34,1000,78.35,100,78.36,1200,78.37,1000,,,,,,,,
2026-02-05 09:36:41,78.305,78.3,1,78.29,100,78.32,1300,78.32,78.29,78.29,100,78.28,500,78.27,700,78.26,500,78.25,700,78.24,400,78.23,1300,78.22,900,78.21,1400,78.2,1100,78.32,1300,78.33,600,78.34,1000,78.35,100,78.36,1200,78.37,1000,,,,,,,,
2026-02-05 09:36:42,78.305,78.3,1,78.29,600,78.32,1200,78.32,78.29,78.29,600,78.28,500,78.27,700,78.26,500,78.25,700,78.24,400,78.23,1300,78.22,900,78.21,1400,78.2,1100,78.32,1200,78.33,600,78.34,1000,78.35,100,78.36,1200,78.37,1000,,,,,,,,
2026-02-05 09:36:43,78.32,78.3,1,78.31,400,78.33,1100,78.33,78.31,78.31,400,78.3,1000,78.29,600,78.28,600,78.27,100,78.26,900,78.25,700,78.24,400,78.23,1300,78.22,900,78.33,1100,78.34,1000,78.35,100,78.36,1200,78.37,1000,,,,,,,,,,
2026-02-05 09:36:44,78.34,78.34,25,78.32,900,78.36,1100,78.36,78.32,78.32,900,78.31,600,78.3,1000,78.29,600,78.28,600,78.27,100,78.26,900,78.25,700,78.24,400,78.23,1300,78.36,1100,78.37,1000,,,,,,,,,,,,,,,,
2026-02-05 09:36:45,78.305,78.3,1,78.28,1200,78.33,900,78.33,78.28,78.28,1200,78.27,100,78.26,900,78.25,700,78.24,400,78.23,1300,78.22,900,78.21,1400,78.2,1100,78.19,200,78.33,900,78.34,100,78.35,500,78.36,900,78.37,1000,,,,,,,,,,
2026-02-05 09:36:46,78.295,78.29,1,78.29,900,78.3,900,78.3,78.29,78.29,900,78.28,1200,78.27,100,78.26,900,78.25,700,78.24,400,78.23,1300,78.22,900,78.21,1400,78.2,1100,78.3,900,78.31,700,78.33,900,78.34,100,78.35,500,78.36,900,78.37,1000,,,,,,
2026-02-05 09:36:47,78.305,78.31,2,78.3,400,78.31,800,78.31,78.3,78.3,400,78.29,300,78.28,900,78.27,100,78.26,900,78.25,700,78.24,400,78.23,1300,78.22,900,78.21,1400,78.31,800,78.33,900,78.34,100,78.35,500,78.36,900,78.37,1000,,,,,,,,
2026-02-05 09:36:48,78.295,78.31,2,78.28,1100,78.31,1200,78.31,78.28,78.28,1100,78.27,100,78.26,900,78.25,700,78.24,400,78.23,1300,78.22,900,78.21,1400,78.2,1100,78.19,200,78.31,1200,78.33,900,78.34,100,78.35,500,78.36,900,78.37,1000,,,,,,,,
2026-02-05 09:36:49,78.28,78.28,3,78.27,500,78.29,500,78.29,78.27,78.27,500,78.26,900,78.25,700,78.24,400,78.23,1300,78.22,900,78.21,1400,78.2,1100,78.19,200,78.18,1100,78.29,500,78.3,300,78.31,1200,78.33,900,78.34,100,78.35,500,78.36,900,78.37,1000,,,,
2026-02-05 09:36:50,78.305,78.3,1,78.29,1000,78.32,700,78.32,78.29,78.29,1200,78.28,600,78.27,500,78.26,900,78.25,700,78.24,400,78.23,1300,78.22,900,78.21,1400,78.2,1100,78.32,700,78.33,900,78.34,100,78.35,500,78.36,900,78.37,1000,,,,,,,,
2026-02-05 09:36:51,78.305,78.3,1,78.29,900,78.32,900,78.32,78.29,78.29,900,78.28,600,78.27,500,78.26,900,78.25,700,78.24,400,78.23,1300,78.22,900,78.21,1400,78.2,1100,78.32,900,78.33,900,78.34,100,78.35,500,78.36,900,78.37,1000,,,,,,,,
2026-02-05 09:36:52,78.305,78.31,1,78.29,900,78.32,1100,78.32,78.29,78.29,900,78.28,600,78.27,500,78.26,900,78.25,700,78.24,400,78.23,1300,78.22,900,78.21,1400,78.2,1100,78.32,1100,78.33,900,78.34,100,78.35,500,78.36,900,78.37,1000,,,,,,,,
2026-02-05 09:36:53,78.305,78.31,1,78.29,900,78.32,1100,78.32,78.29,78.29,900,78.28,600,78.27,500,78.26,900,78.25,700,78.24,400,78.23,1300,78.22,900,78.21,1400,78.2,1100,78.32,1100,78.33,900,78.34,100,78.35,500,78.36,900,78.37,1000,,,,,,,,
2026-02-05 09:36:54,78.305,78.31,1,78.29,1100,78.32,1100,78.32,78.29,78.29,1100,78.28,600,78.27,500,78.26,900,78.25,700,78.24,400,78.23,1300,78.22,900,78.21,1400,78.2,1100,78.32,1100,78.33,900,78.34,100,78.35,500,78.36,900,78.37,1000,,,,,,,,
2026-02-05 09:36:55,78.31,78.32,1,78.3,700,78.32,100,78.32,78.3,78.3,700,78.29,900,78.28,600,78.27,500,78.26,900,78.25,700,78.24,400,78.23,1300,78.22,900,78.21,1400,78.32,100,78.33,700,78.34,100,78.35,500,78.36,900,78.37,1000,,,,,,,,
2026-02-05 09:36:56,78.31,78.32,1,78.3,700,78.32,100,78.32,78.3,78.3,700,78.29,900,78.28,600,78.27,500,78.26,900,78.25,700,78.24,400,78.23,1300,78.22,900,78.21,1400,78.32,100,78.33,700,78.34,100,78.35,500,78.36,900,78.37,1000,,,,,,,,
2026-02-05 09:36:57,78.31,78.32,1,78.3,800,78.32,100,78.32,78.3,78.3,800,78.29,900,78.28,600,78.27,500,78.26,900,78.25,700,78.24,400,78.23,1300,78.22,900,78.21,1400,78.32,100,78.33,700,78.34,100,78.35,500,78.36,900,78.37,1000,,,,,,,,
2026-02-05 09:36:58,78.305,78.32,1,78.29,1200,78.32,400,78.32,78.29,78.29,1200,78.28,600,78.27,500,78.26,900,78.25,700,78.24,400,78.23,1300,78.22,900,78.21,1400,78.2,1100,78.32,400,78.33,700,78.34,100,78.35,500,78.36,900,78.37,1000,,,,,,,,
2026-02-05 09:36:59,78.315,78.32,1,78.3,600,78.33,500,78.33,78.3,78.3,600,78.29,900,78.28,600,78.27,500,78.26,900,78.25,700,78.24,400,78.23,1300,78.22,900,78.21,1400,78.33,500,78.34,700,78.35,500,78.36,900,78.37,1000,,,,,,,,,,
2026-02-05 09:37:00,78.32,78.32,1,78.31,500,78.33,300,78.33,78.31,78.31,500,78.3,600,78.29,900,78.28,600,78.27,500,78.26,900,78.25,700,78.24,400,78.23,1300,78.22,900,78.33,300,78.34,400,78.35,800,78.36,900,78.37,1000,,,,,,,,,,
2026-02-05 09:37:01,78.295,78.31,2,78.28,900,78.31,200,78.31,78.28,78.28,900,78.27,500,78.26,900,78.25,700,78.24,400,78.23,1300,78.22,900,78.21,1400,78.2,1100,78.19,200,78.31,200,78.32,1300,78.33,700,78.34,400,78.35,800,78.36,900,78.37,1000,,,,,,
2026-02-05 09:37:02,78.29,78.29,1,78.28,1500,78.3,200,78.3,78.28,78.28,1500,78.27,500,78.26,900,78.25,700,78.24,400,78.23,1300,78.22,900,78.21,1400,78.2,1100,78.19,200,78.3,200,78.31,400,78.32,1300,78.33,700,78.34,400,78.35,800,78.36,900,78.37,1000,,,,
2026-02-05 09:37:03,78.295,78.3,1,78.29,300,78.3,200,78.3,78.29,78.29,300,78.28,1500,78.27,500,78.26,900,78.25,700,78.24,400,78.23,1300,78.22,900,78.21,1400,78.2,1100,78.3,200,78.31,400,78.32,1300,78.33,700,78.34,400,78.35,800,78.36,900,78.37,1000,,,,
2026-02-05 09:37:04,78.3,78.29,2,78.29,700,78.31,400,78.31,78.29,78.29,700,78.28,1500,78.27,500,78.26,900,78.25,700,78.24,400,78.23,1300,78.22,900,78.21,1400,78.2,1100,78.31,400,78.32,1000,78.33,700,78.34,400,78.35,800,78.36,900,78.37,1000,,,,,,
2026-02-05 09:37:05,78.255,78.25,1,78.24,1300,78.27,800,78.27,78.24,78.24,1300,78.23,1000,78.22,900,78.21,1400,78.2,1100,78.19,200,78.18,1100,78.17,1800,78.16,1200,78.15,1300,78.27,800,78.28,900,78.29,500,78.3,500,78.31,500,78.32,1000,78.33,700,78.34,400,78.35,800,78.36,900
2026-02-05 09:37:06,78.27,78.27,1,78.25,600,78.29,1400,78.29,78.25,78.25,600,78.24,1300,78.23,1000,78.22,900,78.21,1400,78.2,1100,78.19,200,78.18,1100,78.17,1800,78.16,1200,78.29,1400,78.3,500,78.31,500,78.32,1000,78.33,700,78.34,400,78.35,800,78.36,900,78.37,1000,,
2026-02-05 09:37:07,78.275,78.27,1,78.26,800,78.29,1200,78.29,78.26,78.26,800,78.25,600,78.24,1300,78.23,1000,78.22,900,78.21,1400,78.2,1100,78.19,200,78.18,1100,78.17,1800,78.29,1200,78.3,500,78.31,500,78.32,1000,78.33,700,78.34,400,78.35,800,78.36,900,78.37,1000,,
2026-02-05 09:37:08,78.27,78.26,2,78.26,600,78.28,400,78.28,78.26,78.26,600,78.25,600,78.24,1300,78.23,1000,78.22,900,78.21,1400,78.2,1100,78.19,200,78.18,1100,78.17,1800,78.28,400,78.29,1200,78.3,500,78.31,500,78.32,1000,78.33,700,78.34,400,78.35,800,78.36,900,78.37,1000
2026-02-05 09:37:09,78.275,78.28,1,78.26,1100,78.29,1400,78.29,78.26,78.26,1100,78.25,600,78.24,1300,78.23,1000,78.22,900,78.21,1400,78.2,1100,78.19,200,78.18,1100,78.17,1800,78.29,1400,78.3,800,78.31,500,78.32,1000,78.33,700,78.34,400,78.35,800,78.36,900,78.37,1000,,
2026-02-05 09:37:10,78.275,78.28,1,78.26,200,78.29,1000,78.29,78.26,78.26,200,78.25,500,78.24,1300,78.23,1000,78.22,900,78.21,1400,78.2,1100,78.19,200,78.18,1100,78.17,1800,78.29,1000,78.3,800,78.31,500,78.32,1000,78.33,700,78.34,400,78.35,800,78.36,900,78.37,1000,,
2026-02-05 09:37:11,78.275,78.28,1,78.26,600,78.29,1200,78.29,78.26,78.26,600,78.25,500,78.24,1300,78.23,1000,78.22,900,78.21,1400,78.2,1100,78.19,200,78.18,1100,78.17,1800,78.29,1200,78.3,800,78.31,500,78.32,1000,78.33,700,78.34,400,78.35,800,78.36,900,78.37,1000,,
2026-02-05 09:37:12,78.275,78.28,1,78.26,500,78.29,1300,78.29,78.26,78.26,500,78.25,500,78.24,1300,78.23,1000,78.22,900,78.21,1400,78.2,1100,78.19,200,78.18,1100,78.17,1800,78.29,1300,78.3,800,78.31,500,78.32,1000,78.33,700,78.34,400,78.35,800,78.36,900,78.37,1000,,
2026-02-05 09:37:13,78.275,78.28,1,78.26,500,78.29,1300,78.29,78.26,78.26,500,78.25,500,78.24,1300,78.23,1000,78.22,900,78.21,1400,78.2,1100,78.19,200,78.18,1100,78.17,1800,78.29,1300,78.3,800,78.31,500,78.32,1000,78.33,700,78.34,400,78.35,800,78.36,900,78.37,1000,,
2026-02-05 09:37:14,78.275,78.28,1,78.26,500,78.29,1200,78.29,78.26,78.26,500,78.25,500,78.24,1300,78.23,1000,78.22,900,78.21,1400,78.2,1100,78.19,200,78.18,1100,78.17,1800,78.29,1200,78.3,800,78.31,500,78.32,1000,78.33,700,78.34,400,78.35,800,78.36,900,78.37,1000,,
2026-02-05 09:37:15,78.275,78.28,1,78.26,500,78.29,1200,78.29,78.26,78.26,500,78.25,500,78.24,1300,78.23,1000,78.22,900,78.21,1400,78.2,1100,78.19,200,78.18,1100,78.17,1800,78.29,1200,78.3,800,78.31,500,78.32,1000,78.33,700,78.34,400,78.35,800,78.36,900,78.37,1000,,
2026-02-05 09:37:16,78.275,78.28,1,78.26,600,78.29,1200,78.29,78.26,78.26,600,78.25,500,78.24,1300,78.23,1000,78.22,900,78.21,1400,78.2,1100,78.19,200,78.18,1100,78.17,1800,78.29,1200,78.3,800,78.31,500,78.32,1000,78.33,700,78.34,400,78.35,800,78.36,900,78.37,1000,,
2026-02-05 09:37:16,78.275,78.28,1,78.26,600,78.29,1200,78.29,78.26,78.26,600,78.25,500,78.24,1300,78.23,1000,78.22,900,78.21,1400,78.2,1100,78.19,200,78.18,1100,78.17,1800,78.29,1200,78.3,800,78.31,500,78.32,1000,78.33,700,78.34,400,78.35,800,78.36,900,78.37,1000,,
2026-02-05 09:37:18,78.275,78.28,1,78.26,800,78.29,1000,78.29,78.26,78.26,800,78.25,500,78.24,1300,78.23,1000,78.22,900,78.21,1400,78.2,1100,78.19,200,78.18,1100,78.17,1800,78.29,1000,78.3,800,78.31,500,78.32,1000,78.33,700,78.34,400,78.35,800,78.36,900,78.37,1000,,
