sim_time,mid_price,last_price,last_size,best_bid_price,best_bid_size,best_ask_price,best_ask_size,close_price_buy,close_price_sell,bid1_price,bid1_size,bid2_price,bid2_size,bid3_price,bid3_size,bid4_price,bid4_size,bid5_price,bid5_size,bid6_price,bid6_size,bid7_price,bid7_size,bid8_price,bid8_size,bid9_price,bid9_size,bid10_price,bid10_size,ask1_price,ask1_size,ask2_price,ask2_size,ask3_price,ask3_size,ask4_price,ask4_size,ask5_price,ask5_size,ask6_price,ask6_size,ask7_price,ask7_size,ask8_price,ask8_size,ask9_price,ask9_size,ask10_price,ask10_size
2020-10-29 09:30:27,47.575,47.6,1,47.56,13,47.59,1,47.59,47.56,47.56,13,,,,,,,,,,,,,,,,,,,47.59,1,47.6,20,47.61,19,47.62,1,47.63,9,47.64,6,47.65,2,47.66,6,47.67,4,47.68,4
2020-10-29 09:30:28,47.57,47.58,1,47.56,20,47.58,4,47.58,47.56,47.56,20,,,,,,,,,,,,,,,,,,,47.58,4,47.59,27,47.6,20,47.61,19,47.62,1,47.63,9,47.64,6,47.65,2,47.66,6,47.67,4
2020-10-29 09:30:29,47.575,47.56,2,47.56,15,47.59,26,47.59,47.56,47.56,15,,,,,,,,,,,,,,,,,,,47.59,26,47.6,20,47.61,19,47.62,1,47.63,9,47.64,6,47.65,2,47.66,6,47.67,4,47.68,4
2020-10-29 09:30:30,47.575,47.57,1,47.56,15,47.59,5,47.59,47.56,47.56,15,,,,,,,,,,,,,,,,,,,47.59,5,47.6,20,47.61,19,47.62,1,47.63,9,47.64,6,47.65,2,47.66,6,47.67,4,47.68,4
2020-10-29 09:30:31,47.585,47.58,4,47.57,17,47.6,22,47.6,47.57,47.57,17,47.56,15,,,,,,,,,,,,,,,,,47.6,22,47.61,19,47.62,1,47.63,9,47.64,6,47.65,2,47.66,6,47.67,4,47.68,4,47.69,6
2020-10-29 09:30:32,47.595,47.59,1,47.58,19,47.61,15,47.61,47.58,47.58,19,47.57,17,47.56,15,,,,,,,,,,,,,,,47.61,15,47.62,1,47.63,9,47.64,6,47.65,2,47.66,6,47.67,4,47.68,4,47.69,6,47.7,3
2020-10-29 09:30:34,47.615,47.62,1,47.6,3,47.63,7,47.63,47.6,47.6,3,47.59,16,47.58,19,47.57,17,47.56,15,,,,,,,,,,,47.63,7,47.64,6,47.65,2,47.66,6,47.67,4,47.68,4,47.69,6,47.7,3,47.71,4,47.72,2
2020-10-29 09:30:34,47.615,47.62,1,47.6,3,47.63,7,47.63,47.6,47.6,3,47.59,16,47.58,19,47.57,17,47.56,15,,,,,,,,,,,47.63,7,47.64,6,47.65,2,47.66,6,47.67,4,47.68,4,47.69,6,47.7,3,47.71,4,47.72,2
2020-10-29 09:30:35,47.615,47.62,5,47.6,19,47.63,6,47.63,47.6,47.6,19,47.59,16,47.58,19,47.57,17,47.56,15,,,,,,,,,,,47.63,6,47.64,8,47.65,2,47.66,6,47.67,4,47.68,4,47.69,6,47.7,3,47.71,4,47.72,2
2020-10-29 09:30:36,47.63,47.62,5,47.62,5,47.64,5,47.64,47.62,47.62,5,47.61,7,47.6,17,47.59,16,47.58,19,47.57,17,47.56,15,,,,,,,47.64,5,47.65,2,47.66,6,47.67,4,47.68,4,47.69,6,47.7,3,47.71,4,47.72,2,47.73,5
2020-10-29 09:30:37,47.62,47.63,1,47.6,20,47.64,5,47.64,47.6,47.6,20,47.59,16,47.58,19,47.57,17,47.56,15,,,,,,,,,,,47.64,5,47.65,2,47.66,6,47.67,4,47.68,4,47.69,6,47.7,3,47.71,4,47.72,2,47.73,5
2020-10-29 09:30:38,47.615,47.63,1,47.6,17,47.63,4,47.63,47.6,47.6,17,47.59,16,47.58,19,47.57,17,47.56,15,,,,,,,,,,,47.63,4,47.64,8,47.65,2,47.66,6,47.67,4,47.68,4,47.69,6,47.7,3,47.71,4,47.72,2
2020-10-29 09:30:39,47.63,47.63,1,47.62,2,47.64,8,47.64,47.62,47.62,2,47.61,5,47.6,20,47.59,16,47.58,19,47.57,17,47.56,15,,,,,,,47.64,8,47.65,2,47.66,6,47.67,4,47.68,4,47.69,6,47.7,3,47.71,4,47.72,2,47.73,5
2020-10-29 09:30:40,47.63,47.63,1,47.62,4,47.64,8,47.64,47.62,47.62,4,47.61,5,47.6,20,47.59,16,47.58,19,47.57,17,47.56,15,,,,,,,47.64,8,47.65,2,47.66,6,47.67,4,47.68,4,47.69,6,47.7,3,47.71,4,47.72,2,47.73,5
2020-10-29 09:30:41,47.66,47.63,1,47.65,5,47.67,19,47.67,47.65,47.65,5,47.64,7,47.63,7,47.62,4,47.61,5,47.6,20,47.59,16,47.58,19,47.57,17,47.56,15,47.67,19,47.68,4,47.69,6,47.7,3,47.71,4,47.72,2,47.73,5,47.74,1,47.75,4,47.78,3
2020-10-29 09:30:42,47.66,47.66,1,47.65,5,47.67,17,47.67,47.65,47.65,5,47.64,22,47.63,7,47.62,4,47.61,5,47.6,20,47.59,16,47.58,19,47.57,17,47.56,15,47.67,17,47.68,4,47.69,6,47.7,3,47.71,4,47.72,2,47.73,5,47.74,1,47.75,4,47.78,3
2020-10-29 09:30:43,47.67,47.67,1,47.66,3,47.68,6,47.68,47.66,47.66,3,47.65,8,47.64,22,47.63,7,47.62,4,47.61,5,47.6,20,47.59,16,47.58,19,47.57,17,47.68,6,47.69,6,47.7,3,47.71,4,47.72,2,47.73,5,47.74,1,47.75,4,47.78,3,47.89,3
2020-10-29 09:30:44,47.665,47.67,1,47.65,8,47.68,6,47.68,47.65,47.65,8,47.64,22,47.63,7,47.62,4,47.61,5,47.6,20,47.59,16,47.58,19,47.57,17,47.56,15,47.68,6,47.69,6,47.7,3,47.71,4,47.72,2,47.73,5,47.74,1,47.75,4,47.78,3,47.89,3
2020-10-29 09:30:45,47.665,47.67,1,47.65,8,47.68,6,47.68,47.65,47.65,8,47.64,22,47.63,7,47.62,4,47.61,5,47.6,20,47.59,16,47.58,19,47.57,17,47.56,15,47.68,6,47.69,6,47.7,3,47.71,4,47.72,2,47.73,5,47.74,1,47.75,4,47.78,3,47.89,3
2020-10-29 09:30:46,47.67,47.67,1,47.66,3,47.68,6,47.68,47.66,47.66,3,47.65,10,47.64,22,47.63,7,47.62,4,47.61,5,47.6,20,47.59,16,47.58,19,47.57,17,47.68,6,47.69,6,47.7,3,47.71,4,47.72,2,47.73,5,47.74,1,47.75,4,47.78,3,47.89,3
2020-10-29 09:30:47,47.67,47.67,1,47.66,3,47.68,6,47.68,47.66,47.66,3,47.65,10,47.64,22,47.63,7,47.62,4,47.61,5,47.6,20,47.59,16,47.58,19,47.57,17,47.68,6,47.69,6,47.7,3,47.71,4,47.72,2,47.73,5,47.74,1,47.75,4,47.78,3,47.89,3
2020-10-29 09:30:48,47.67,47.67,1,47.66,3,47.68,6,47.68,47.66,47.66,3,47.65,10,47.64,22,47.63,7,47.62,4,47.61,5,47.6,20,47.59,16,47.58,19,47.57,17,47.68,6,47.69,6,47.7,3,47.71,4,47.72,2,47.73,5,47.74,1,47.75,4,47.78,3,47.89,3
2020-10-29 09:30:49,47.675,47.67,1,47.66,3,47.69,7,47.69,47.66,47.66,3,47.65,10,47.64,22,47.63,7,47.62,4,47.61,5,47.6,20,47.59,16,47.58,19,47.57,17,47.69,7,47.7,3,47.71,4,47.72,2,47.73,5,47.74,1,47.75,4,47.78,3,47.89,3,47.9,8
2020-10-29 09:30:50,47.675,47.67,7,47.66,3,47.69,7,47.69,47.66,47.66,3,47.65,10,47.64,22,47.63,7,47.62,4,47.61,5,47.6,20,47.59,16,47.58,19,47.57,17,47.69,7,47.7,3,47.71,4,47.72,2,47.73,5,47.74,1,47.75,4,47.78,3,47.89,3,47.9,8
2020-10-29 09:30:51,47.68,47.67,7,47.66,4,47.7,4,47.7,47.66,47.66,4,47.65,10,47.64,22,47.63,7,47.62,4,47.61,5,47.6,20,47.59,16,47.58,19,47.57,17,47.7,4,47.71,4,47.72,2,47.73,5,47.74,1,47.75,4,47.78,3,47.89,3,47.9,8,,
2020-10-29 09:30:52,47.68,47.67,7,47.66,4,47.7,4,47.7,47.66,47.66,4,47.65,10,47.64,22,47.63,7,47.62,4,47.61,5,47.6,20,47.59,16,47.58,19,47.57,17,47.7,4,47.71,4,47.72,2,47.73,5,47.74,1,47.75,4,47.78,3,47.89,3,47.9,8,,
2020-10-29 09:30:54,47.675,47.66,1,47.66,6,47.69,10,47.69,47.66,47.66,6,47.65,10,47.64,22,47.63,7,47.62,4,47.61,5,47.6,20,47.59,16,47.58,19,47.57,17,47.69,10,47.7,1,47.71,6,47.72,2,47.73,5,47.74,1,47.75,4,47.78,3,47.89,3,47.9,8
2020-10-29 09:30:55,47.685,47.66,1,47.66,9,47.71,6,47.71,47.66,47.66,9,47.65,10,47.64,22,47.63,7,47.62,4,47.61,5,47.6,20,47.59,16,47.58,19,47.57,17,47.71,6,47.72,2,47.73,5,47.74,1,47.75,4,47.78,3,47.89,3,47.9,8,,,,
2020-10-29 09:30:55,47.685,47.66,1,47.66,20,47.71,6,47.71,47.66,47.66,20,47.65,10,47.64,22,47.63,7,47.62,4,47.61,5,47.6,20,47.59,16,47.58,19,47.57,17,47.71,6,47.72,2,47.73,5,47.74,1,47.75,4,47.78,3,47.89,3,47.9,8,,,,
2020-10-29 09:30:57,47.69,47.67,1,47.67,13,47.71,9,47.71,47.67,47.67,13,47.66,20,47.65,10,47.64,22,47.63,7,47.62,4,47.61,5,47.6,20,47.59,16,47.58,19,47.71,9,47.72,2,47.73,5,47.74,1,47.75,4,47.78,3,47.89,3,47.9,8,,,,
2020-10-29 09:30:57,47.69,47.67,1,47.67,29,47.71,20,47.71,47.67,47.67,29,47.66,20,47.65,10,47.64,22,47.63,7,47.62,4,47.61,5,47.6,20,47.59,16,47.58,19,47.71,20,47.72,2,47.73,5,47.74,1,47.75,4,47.78,3,47.89,3,47.9,8,,,,
2020-10-29 09:30:59,47.685,47.68,10,47.67,5,47.7,27,47.7,47.67,47.67,5,47.66,5,47.65,12,47.64,22,47.63,7,47.62,4,47.61,5,47.6,20,47.59,16,47.58,19,47.7,27,47.71,20,47.72,2,47.73,5,47.74,1,47.75,4,47.78,3,47.89,3,47.9,8,,
2020-10-29 09:31:00,47.685,47.68,10,47.67,5,47.7,29,47.7,47.67,47.67,5,47.66,5,47.65,12,47.64,22,47.63,7,47.62,4,47.61,5,47.6,20,47.59,16,47.58,19,47.7,29,47.71,20,47.72,2,47.73,5,47.74,1,47.75,4,47.78,3,47.89,3,47.9,8,,
2020-10-29 09:31:01,47.705,47.72,4,47.68,11,47.73,7,47.73,47.68,47.68,11,47.67,8,47.66,5,47.65,12,47.64,22,47.63,7,47.62,4,47.61,5,47.6,20,47.59,16,47.73,7,47.74,1,47.75,4,47.78,3,47.89,3,47.9,8,,,,,,,,
2020-10-29 09:31:02,47.665,47.66,1,47.65,25,47.68,18,47.68,47.65,47.65,25,47.64,22,47.63,7,47.62,4,47.61,5,47.6,20,47.59,16,47.58,19,47.57,17,47.56,15,47.68,18,47.69,10,47.7,5,47.71,10,47.72,2,47.73,7,47.74,1,47.75,4,47.78,3,47.89,3
2020-10-29 09:31:02,47.695,47.66,1,47.68,4,47.71,12,47.71,47.68,47.68,4,47.67,5,47.66,3,47.65,25,47.64,22,47.63,7,47.62,4,47.61,5,47.6,20,47.59,16,47.71,12,47.72,2,47.73,7,47.74,1,47.75,4,47.78,3,47.89,3,47.9,8,,,,
2020-10-29 09:31:04,47.695,47.66,1,47.68,17,47.71,1,47.71,47.68,47.68,17,47.67,31,47.66,3,47.65,25,47.64,22,47.63,7,47.62,4,47.61,5,47.6,20,47.59,16,47.71,1,47.72,16,47.73,7,47.74,1,47.75,4,47.78,3,47.89,3,47.9,8,,,,
2020-10-29 09:31:05,47.695,47.66,1,47.68,18,47.71,18,47.71,47.68,47.68,18,47.67,31,47.66,3,47.65,25,47.64,22,47.63,7,47.62,4,47.61,5,47.6,20,47.59,16,47.71,18,47.72,16,47.73,7,47.74,1,47.75,4,47.78,3,47.89,3,47.9,8,,,,
2020-10-29 09:31:06,47.7,47.68,16,47.68,16,47.72,17,47.72,47.68,47.68,16,47.67,31,47.66,3,47.65,25,47.64,22,47.63,7,47.62,4,47.61,5,47.6,20,47.59,16,47.72,17,47.73,7,47.74,1,47.75,4,47.78,3,47.89,3,47.9,8,,,,,,
2020-10-29 09:31:07,47.695,47.67,1,47.68,6,47.71,30,47.71,47.68,47.68,6,47.67,19,47.66,3,47.65,25,47.64,22,47.63,7,47.62,4,47.61,5,47.6,20,47.59,16,47.71,30,47.72,17,47.73,7,47.74,1,47.75,4,47.78,3,47.89,3,47.9,8,,,,
2020-10-29 09:31:08,47.67,47.67,1,47.65,25,47.69,9,47.69,47.65,47.65,25,47.64,22,47.63,7,47.62,4,47.61,5,47.6,20,47.59,16,47.58,19,47.57,17,47.56,15,47.69,9,47.7,30,47.71,30,47.72,17,47.73,7,47.74,1,47.75,4,47.78,3,47.89,3,47.9,8
2020-10-29 09:31:09,47.68,47.68,1,47.67,9,47.69,5,47.69,47.67,47.67,9,47.66,5,47.65,25,47.64,22,47.63,7,47.62,4,47.61,5,47.6,20,47.59,16,47.58,19,47.69,5,47.7,30,47.71,30,47.72,17,47.73,7,47.74,1,47.75,4,47.78,3,47.89,3,47.9,8
2020-10-29 09:31:10,47.68,47.68,1,47.67,9,47.69,7,47.69,47.67,47.67,9,47.66,5,47.65,25,47.64,22,47.63,7,47.62,4,47.61,5,47.6,20,47.59,16,47.58,19,47.69,7,47.7,30,47.71,30,47.72,17,47.73,7,47.74,1,47.75,4,47.78,3,47.89,3,47.9,8
2020-10-29 09:31:11,47.67,47.68,1,47.66,10,47.68,9,47.68,47.66,47.66,10,47.65,25,47.64,22,47.63,7,47.62,4,47.61,5,47.6,20,47.59,16,47.58,19,47.57,17,47.68,9,47.69,7,47.7,30,47.71,30,47.72,17,47.73,7,47.74,1,47.75,4,47.78,3,47.89,3
2020-10-29 09:31:12,47.67,47.68,1,47.66,10,47.68,9,47.68,47.66,47.66,10,47.65,25,47.64,22,47.63,7,47.62,4,47.61,5,47.6,20,47.59,16,47.58,19,47.57,17,47.68,9,47.69,7,47.7,30,47.71,30,47.72,17,47.73,7,47.74,1,47.75,4,47.78,3,47.89,3
2020-10-29 09:31:13,47.67,47.66,1,47.66,10,47.68,9,47.68,47.66,47.66,10,47.65,25,47.64,22,47.63,7,47.62,4,47.61,5,47.6,20,47.59,16,47.58,19,47.57,17,47.68,9,47.69,7,47.7,30,47.71,30,47.72,17,47.73,7,47.74,1,47.75,4,47.78,3,47.89,3
2020-10-29 09:31:14,47.68,47.68,1,47.67,3,47.69,13,47.69,47.67,47.67,3,47.66,32,47.65,25,47.64,22,47.63,7,47.62,4,47.61,5,47.6,20,47.59,16,47.58,19,47.69,13,47.7,30,47.71,30,47.72,17,47.73,7,47.74,1,47.75,4,47.78,3,47.89,3,47.9,8
2020-10-29 09:31:15,47.68,47.67,1,47.67,6,47.69,13,47.69,47.67,47.67,6,47.66,32,47.65,25,47.64,22,47.63,7,47.62,4,47.61,5,47.6,20,47.59,16,47.58,19,47.69,13,47.7,30,47.71,30,47.72,17,47.73,7,47.74,1,47.75,4,47.78,3,47.89,3,47.9,8
2020-10-29 09:31:16,47.68,47.67,1,47.67,6,47.69,13,47.69,47.67,47.67,6,47.66,32,47.65,25,47.64,22,47.63,7,47.62,4,47.61,5,47.6,20,47.59,16,47.58,19,47.69,13,47.7,30,47.71,30,47.72,17,47.73,7,47.74,1,47.75,4,47.78,3,47.89,3,47.9,8
2020-10-29 09:31:16,47.68,47.67,1,47.67,6,47.69,13,47.69,47.67,47.67,6,47.66,32,47.65,25,47.64,22,47.63,7,47.62,4,47.61,5,47.6,20,47.59,16,47.58,19,47.69,13,47.7,30,47.71,30,47.72,17,47.73,7,47.74,1,47.75,4,47.78,3,47.89,3,47.9,8
2020-10-29 09:31:18,47.67,47.66,1,47.66,31,47.68,14,47.68,47.66,47.66,31,47.65,25,47.64,22,47.63,7,47.62,4,47.61,5,47.6,20,47.59,16,47.58,19,47.57,17,47.68,14,47.69,13,47.7,30,47.71,30,47.72,17,47.73,7,47.74,1,47.75,4,47.78,3,47.89,3
2020-10-29 09:31:19,47.665,47.66,1,47.65,11,47.68,11,47.68,47.65,47.65,11,47.64,22,47.63,7,47.62,4,47.61,5,47.6,20,47.59,16,47.58,19,47.57,17,47.56,15,47.68,11,47.69,13,47.7,30,47.71,30,47.72,17,47.73,7,47.74,1,47.75,4,47.78,3,47.89,3
2020-10-29 09:31:20,47.665,47.66,1,47.65,9,47.68,1,47.68,47.65,47.65,9,47.64,22,47.63,7,47.62,4,47.61,5,47.6,20,47.59,16,47.58,19,47.57,17,47.56,15,47.68,1,47.69,23,47.7,30,47.71,30,47.72,17,47.73,7,47.74,1,47.75,4,47.78,3,47.89,3
2020-10-29 09:31:21,47.675,47.66,1,47.66,3,47.69,24,47.69,47.66,47.66,3,47.65,9,47.64,22,47.63,7,47.62,4,47.61,5,47.6,20,47.59,16,47.58,19,47.57,17,47.69,24,47.7,30,47.71,30,47.72,17,47.73,7,47.74,1,47.75,4,47.78,3,47.89,3,47.9,8
2020-10-29 09:31:22,47.67,47.66,1,47.65,10,47.69,26,47.69,47.65,47.65,10,47.64,22,47.63,7,47.62,4,47.61,5,47.6,20,47.59,16,47.58,19,47.57,17,47.56,15,47.69,26,47.7,30,47.71,30,47.72,17,47.73,7,47.74,1,47.75,4,47.78,3,47.89,3,47.9,8
2020-10-29 09:31:23,47.675,47.66,1,47.66,3,47.69,26,47.69,47.66,47.66,3,47.65,10,47.64,22,47.63,7,47.62,4,47.61,5,47.6,20,47.59,16,47.58,19,47.57,17,47.69,26,47.7,30,47.71,30,47.72,17,47.73,7,47.74,1,47.75,4,47.78,3,47.89,3,47.9,8
2020-10-29 09:31:24,47.675,47.66,1,47.66,3,47.69,26,47.69,47.66,47.66,3,47.65,11,47.64,22,47.63,7,47.62,4,47.61,5,47.6,20,47.59,16,47.58,19,47.57,17,47.69,26,47.7,30,47.71,30,47.72,17,47.73,7,47.74,1,47.75,4,47.78,3,47.89,3,47.9,8
2020-10-29 09:31:25,47.675,47.66,3,47.66,3,47.69,26,47.69,47.66,47.66,3,47.65,11,47.64,22,47.63,7,47.62,4,47.61,5,47.6,20,47.59,16,47.58,19,47.57,17,47.69,26,47.7,30,47.71,30,47.72,17,47.73,7,47.74,1,47.75,4,47.78,3,47.89,3,47.9,8
2020-10-29 09:31:26,47.675,47.66,3,47.66,3,47.69,28,47.69,47.66,47.66,3,47.65,11,47.64,22,47.63,7,47.62,4,47.61,5,47.6,20,47.59,16,47.58,19,47.57,17,47.69,28,47.7,30,47.71,30,47.72,17,47.73,7,47.74,1,47.75,4,47.78,3,47.89,3,47.9,8
2020-10-29 09:31:27,47.73,47.72,1,47.72,4,47.74,4,47.74,47.72,47.72,4,47.71,24,47.7,13,47.69,28,47.68,20,47.67,25,47.66,23,47.65,11,47.64,22,47.63,7,47.74,4,47.75,4,47.78,3,47.89,3,47.9,8,,,,,,,,,,
2020-10-29 09:31:28,47.715,47.71,1,47.7,14,47.73,5,47.73,47.7,47.7,14,47.69,28,47.68,20,47.67,25,47.66,23,47.65,11,47.64,22,47.63,7,47.62,4,47.61,5,47.73,5,47.74,18,47.75,4,47.78,3,47.89,3,47.9,8,,,,,,,,
2020-10-29 09:31:29,47.715,47.72,1,47.7,15,47.73,7,47.73,47.7,47.7,15,47.69,28,47.68,20,47.67,25,47.66,23,47.65,11,47.64,22,47.63,7,47.62,4,47.61,5,47.73,7,47.74,18,47.75,4,47.78,3,47.89,3,47.9,8,,,,,,,,
2020-10-29 09:31:30,47.715,47.7,3,47.7,15,47.73,8,47.73,47.7,47.7,15,47.69,28,47.68,20,47.67,25,47.66,23,47.65,11,47.64,22,47.63,7,47.62,4,47.61,5,47.73,8,47.74,18,47.75,4,47.78,3,47.89,3,47.9,8,,,,,,,,
2020-10-29 09:31:31,47.72,47.7,3,47.7,15,47.74,22,47.74,47.7,47.7,15,47.69,28,47.68,20,47.67,25,47.66,23,47.65,11,47.64,22,47.63,7,47.62,4,47.61,5,47.74,22,47.75,4,47.78,3,47.89,3,47.9,8,,,,,,,,,,
2020-10-29 09:31:32,47.72,47.7,3,47.7,16,47.74,22,47.74,47.7,47.7,16,47.69,28,47.68,20,47.67,25,47.66,23,47.65,11,47.64,22,47.63,7,47.62,4,47.61,5,47.74,22,47.75,4,47.78,3,47.89,3,47.9,8,,,,,,,,,,
2020-10-29 09:31:33,47.725,47.7,1,47.71,5,47.74,22,47.74,47.71,47.71,5,47.7,16,47.69,28,47.68,20,47.67,25,47.66,23,47.65,11,47.64,22,47.63,7,47.62,4,47.74,22,47.75,4,47.78,3,47.89,3,47.9,8,,,,,,,,,,
2020-10-29 09:31:34,47.725,47.7,1,47.71,5,47.74,22,47.74,47.71,47.71,5,47.7,16,47.69,28,47.68,20,47.67,25,47.66,23,47.65,11,47.64,22,47.63,7,47.62,4,47.74,22,47.75,4,47.78,3,47.89,3,47.9,8,,,,,,,,,,
2020-10-29 09:31:35,47.725,47.7,1,47.71,5,47.74,22,47.74,47.71,47.71,5,47.7,16,47.69,28,47.68,20,47.67,25,47.66,23,47.65,11,47.64,22,47.63,7,47.62,4,47.74,22,47.75,4,47.78,3,47.89,3,47.9,8,,,,,,,,,,
2020-10-29 09:31:36,47.72,47.71,1,47.7,16,47.74,21,47.74,47.7,47.7,16,47.69,28,47.68,20,47.67,25,47.66,23,47.65,11,47.64,22,47.63,7,47.62,4,47.61,5,47.74,21,47.75,4,47.78,3,47.89,3,47.9,8,,,,,,,,,,
2020-10-29 09:31:37,47.705,47.7,1,47.69,2,47.72,28,47.72,47.69,47.69,2,47.68,19,47.67,25,47.66,23,47.65,11,47.64,22,47.63,7,47.62,4,47.61,5,47.6,20,47.72,28,47.73,5,47.74,21,47.75,4,47.78,3,47.89,3,47.9,8,,,,,,
2020-10-29 09:31:38,47.695,47.7,3,47.68,12,47.71,16,47.71,47.68,47.68,12,47.67,25,47.66,23,47.65,11,47.64,22,47.63,7,47.62,4,47.61,5,47.6,20,47.59,16,47.71,16,47.72,23,47.73,5,47.74,21,47.75,4,47.78,3,47.89,3,47.9,8,,,,
2020-10-29 09:31:39,47.7,47.7,3,47.68,11,47.72,22,47.72,47.68,47.68,11,47.67,25,47.66,23,47.65,11,47.64,22,47.63,7,47.62,4,47.61,5,47.6,20,47.59,16,47.72,22,47.73,5,47.74,21,47.75,4,47.78,3,47.89,3,47.9,8,,,,,,
2020-10-29 09:31:40,47.7,47.71,1,47.68,28,47.72,22,47.72,47.68,47.68,28,47.67,25,47.66,23,47.65,11,47.64,22,47.63,7,47.62,4,47.61,5,47.6,20,47.59,16,47.72,22,47.73,5,47.74,21,47.75,4,47.78,3,47.89,3,47.9,8,,,,,,
2020-10-29 09:31:41,47.685,47.68,1,47.67,16,47.7,3,47.7,47.67,47.67,16,47.66,23,47.65,11,47.64,22,47.63,7,47.62,4,47.61,5,47.6,20,47.59,16,47.58,19,47.7,3,47.71,3,47.72,22,47.73,5,47.74,21,47.75,4,47.78,3,47.89,3,47.9,8,,
2020-10-29 09:31:42,47.685,47.68,1,47.67,18,47.7,6,47.7,47.67,47.67,18,47.66,23,47.65,11,47.64,22,47.63,7,47.62,4,47.61,5,47.6,20,47.59,16,47.58,19,47.7,6,47.71,22,47.72,22,47.73,5,47.74,21,47.75,4,47.78,3,47.89,3,47.9,8,,
2020-10-29 09:31:43,47.665,47.64,1,47.65,5,47.68,17,47.68,47.65,47.65,5,47.64,8,47.63,30,47.62,4,47.61,5,47.6,20,47.59,16,47.58,19,47.57,17,47.56,15,47.68,17,47.69,22,47.7,27,47.71,22,47.72,22,47.73,5,47.74,21,47.75,4,47.78,3,47.89,3
2020-10-29 09:31:44,47.665,47.66,3,47.65,15,47.68,3,47.68,47.65,47.65,15,47.64,8,47.63,30,47.62,4,47.61,5,47.6,20,47.59,16,47.58,19,47.57,17,47.56,15,47.68,3,47.69,33,47.7,27,47.71,22,47.72,22,47.73,5,47.74,21,47.75,4,47.78,3,47.89,3
2020-10-29 09:31:45,47.67,47.66,1,47.66,4,47.68,1,47.68,47.66,47.66,4,47.65,8,47.64,8,47.63,30,47.62,4,47.61,5,47.6,20,47.59,16,47.58,19,47.57,17,47.68,1,47.69,22,47.7,27,47.71,22,47.72,22,47.73,5,47.74,21,47.75,4,47.78,3,47.89,3
2020-10-29 09:31:46,47.66,47.65,1,47.65,4,47.67,1,47.67,47.65,47.65,4,47.64,27,47.63,35,47.62,4,47.61,5,47.6,20,47.59,16,47.58,19,47.57,17,47.56,15,47.67,1,47.68,14,47.69,22,47.7,27,47.71,22,47.72,22,47.73,5,47.74,21,47.75,4,47.78,3
2020-10-29 09:31:47,47.665,47.67,1,47.65,6,47.68,14,47.68,47.65,47.65,6,47.64,27,47.63,35,47.62,4,47.61,5,47.6,20,47.59,16,47.58,19,47.57,17,47.56,15,47.68,14,47.69,22,47.7,27,47.71,22,47.72,22,47.73,5,47.74,21,47.75,4,47.78,3,47.89,3
2020-10-29 09:31:48,47.655,47.66,1,47.64,4,47.67,21,47.67,47.64,47.64,4,47.63,17,47.62,16,47.61,5,47.6,20,47.59,16,47.58,19,47.57,17,47.56,15,,,47.67,21,47.68,19,47.69,22,47.7,27,47.71,22,47.72,22,47.73,5,47.74,21,47.75,4,47.78,3
2020-10-29 09:31:49,47.655,47.66,1,47.64,6,47.67,19,47.67,47.64,47.64,6,47.63,17,47.62,16,47.61,5,47.6,20,47.59,16,47.58,19,47.57,17,47.56,15,,,47.67,19,47.68,19,47.69,22,47.7,27,47.71,22,47.72,22,47.73,5,47.74,21,47.75,4,47.78,3
2020-10-29 09:31:50,47.655,47.66,1,47.64,6,47.67,22,47.67,47.64,47.64,6,47.63,17,47.62,16,47.61,5,47.6,20,47.59,16,47.58,19,47.57,17,47.56,15,,,47.67,22,47.68,19,47.69,22,47.7,27,47.71,22,47.72,22,47.73,5,47.74,21,47.75,4,47.78,3
2020-10-29 09:31:51,47.655,47.66,1,47.64,6,47.67,22,47.67,47.64,47.64,6,47.63,17,47.62,16,47.61,5,47.6,20,47.59,16,47.58,19,47.57,17,47.56,15,,,47.67,22,47.68,19,47.69,22,47.7,27,47.71,22,47.72,22,47.73,5,47.74,21,47.75,4,47.78,3
2020-10-29 09:31:52,47.655,47.64,1,47.64,5,47.67,16,47.67,47.64,47.64,5,47.63,17,47.62,16,47.61,5,47.6,20,47.59,16,47.58,19,47.57,17,47.56,15,,,47.67,16,47.68,17,47.69,22,47.7,27,47.71,22,47.72,22,47.73,5,47.74,21,47.75,4,47.78,3
2020-10-29 09:31:53,47.645,47.64,1,47.63,8,47.66,33,47.66,47.63,47.63,8,47.62,16,47.61,5,47.6,20,47.59,16,47.58,19,47.57,17,47.56,15,,,,,47.66,33,47.67,19,47.68,17,47.69,22,47.7,27,47.71,22,47.72,22,47.73,5,47.74,21,47.75,4
2020-10-29 09:31:54,47.635,47.63,2,47.62,3,47.65,14,47.65,47.62,47.62,3,47.61,14,47.6,20,47.59,16,47.58,19,47.57,17,47.56,15,,,,,,,47.65,14,47.66,33,47.67,19,47.68,17,47.69,22,47.7,27,47.71,22,47.72,22,47.73,5,47.74,21
2020-10-29 09:31:55,47.635,47.63,2,47.62,3,47.65,14,47.65,47.62,47.62,3,47.61,14,47.6,20,47.59,16,47.58,19,47.57,17,47.56,15,,,,,,,47.65,14,47.66,33,47.67,19,47.68,17,47.69,22,47.7,27,47.71,22,47.72,22,47.73,5,47.74,21
2020-10-29 09:31:56,47.635,47.63,2,47.62,3,47.65,14,47.65,47.62,47.62,3,47.61,14,47.6,20,47.59,16,47.58,19,47.57,17,47.56,15,,,,,,,47.65,14,47.66,33,47.67,19,47.68,17,47.69,22,47.7,27,47.71,22,47.72,22,47.73,5,47.74,21
2020-10-29 09:31:57,47.635,47.62,1,47.62,3,47.65,14,47.65,47.62,47.62,3,47.61,14,47.6,20,47.59,16,47.58,19,47.57,17,47.56,15,,,,,,,47.65,14,47.66,33,47.67,19,47.68,17,47.69,22,47.7,27,47.71,22,47.72,22,47.73,5,47.74,21
2020-10-29 09:31:58,47.625,47.62,1,47.61,13,47.64,22,47.64,47.61,47.61,13,47.6,20,47.59,16,47.58,19,47.57,17,47.56,15,,,,,,,,,47.64,22,47.65,14,47.66,33,47.67,19,47.68,17,47.69,22,47.7,27,47.71,22,47.72,22,47.73,5
2020-10-29 09:31:59,47.625,47.61,24,47.61,24,47.64,23,47.64,47.61,47.61,24,47.6,20,47.59,16,47.58,19,47.57,17,47.56,15,,,,,,,,,47.64,23,47.65,14,47.66,33,47.67,19,47.68,17,47.69,22,47.7,27,47.71,22,47.72,22,47.73,5
2020-10-29 09:32:00,47.625,47.61,24,47.61,25,47.64,22,47.64,47.61,47.61,25,47.6,20,47.59,16,47.58,19,47.57,17,47.56,15,,,,,,,,,47.64,22,47.65,14,47.66,33,47.67,19,47.68,17,47.69,22,47.7,27,47.71,22,47.72,22,47.73,5
2020-10-29 09:32:01,47.625,47.61,1,47.61,24,47.64,25,47.64,47.61,47.61,24,47.6,20,47.59,16,47.58,19,47.57,17,47.56,15,,,,,,,,,47.64,25,47.65,14,47.66,33,47.67,19,47.68,17,47.69,22,47.7,27,47.71,22,47.72,22,47.73,5
2020-10-29 09:32:02,47.62,47.61,9,47.61,2,47.63,26,47.63,47.61,47.61,2,47.6,24,47.59,16,47.58,19,47.57,17,47.56,15,,,,,,,,,47.63,26,47.64,24,47.65,14,47.66,33,47.67,19,47.68,17,47.69,22,47.7,27,47.71,22,47.72,22
2020-10-29 09:32:03,47.62,47.61,1,47.61,1,47.63,19,47.63,47.61,47.61,1,47.6,24,47.59,16,47.58,19,47.57,17,47.56,15,,,,,,,,,47.63,19,47.64,24,47.65,14,47.66,33,47.67,19,47.68,17,47.69,22,47.7,27,47.71,22,47.72,22
2020-10-29 09:32:04,47.62,47.62,1,47.61,13,47.63,18,47.63,47.61,47.61,13,47.6,24,47.59,16,47.58,19,47.57,17,47.56,15,,,,,,,,,47.63,18,47.64,24,47.65,14,47.66,33,47.67,19,47.68,17,47.69,22,47.7,27,47.71,22,47.72,22
2020-10-29 09:32:05,47.62,47.61,1,47.61,12,47.63,18,47.63,47.61,47.61,12,47.6,24,47.59,16,47.58,19,47.57,17,47.56,15,,,,,,,,,47.63,18,47.64,24,47.65,14,47.66,33,47.67,19,47.68,17,47.69,22,47.7,27,47.71,22,47.72,22
2020-10-29 09:32:06,47.62,47.61,1,47.61,12,47.63,18,47.63,47.61,47.61,12,47.6,24,47.59,16,47.58,19,47.57,17,47.56,15,,,,,,,,,47.63,18,47.64,24,47.65,14,47.66,33,47.67,19,47.68,17,47.69,22,47.7,27,47.71,22,47.72,22
2020-10-29 09:32:07,47.62,47.61,1,47.61,13,47.63,20,47.63,47.61,47.61,13,47.6,24,47.59,16,47.58,19,47.57,17,47.56,15,,,,,,,,,47.63,20,47.64,24,47.65,14,47.66,33,47.67,19,47.68,17,47.69,22,47.7,27,47.71,22,47.72,22
2020-10-29 09:32:08,47.62,47.61,1,47.61,16,47.63,18,47.63,47.61,47.61,16,47.6,24,47.59,16,47.58,19,47.57,17,47.56,15,,,,,,,,,47.63,18,47.64,24,47.65,14,47.66,33,47.67,19,47.68,17,47.69,22,47.7,27,47.71,22,47.72,22
2020-10-29 09:32:09,47.61,47.61,1,47.6,4,47.62,18,47.62,47.6,47.6,4,47.59,7,47.58,19,47.57,17,47.56,15,,,,,,,,,,,47.62,18,47.63,14,47.64,24,47.65,14,47.66,33,47.67,19,47.68,17,47.69,22,47.7,27,47.71,22
2020-10-29 09:32:10,47.61,47.61,1,47.6,4,47.62,19,47.62,47.6,47.6,4,47.59,7,47.58,19,47.57,17,47.56,15,,,,,,,,,,,47.62,19,47.63,14,47.64,24,47.65,14,47.66,33,47.67,19,47.68,17,47.69,22,47.7,27,47.71,22
2020-10-29 09:32:11,47.61,47.61,1,47.6,5,47.62,19,47.62,47.6,47.6,5,47.59,7,47.58,19,47.57,17,47.56,15,,,,,,,,,,,47.62,19,47.63,14,47.64,24,47.65,14,47.66,33,47.67,19,47.68,17,47.69,22,47.7,27,47.71,22
2020-10-29 09:32:12,47.595,47.59,1,47.59,2,47.6,4,47.6,47.59,47.59,2,47.58,24,47.57,18,47.56,15,,,,,,,,,,,,,47.6,4,47.61,25,47.62,21,47.63,14,47.64,24,47.65,14,47.66,33,47.67,19,47.68,17,47.69,22
2020-10-29 09:32:13,47.595,47.59,1,47.59,2,47.6,3,47.6,47.59,47.59,2,47.58,24,47.57,18,47.56,15,,,,,,,,,,,,,47.6,3,47.61,25,47.62,21,47.63,14,47.64,24,47.65,14,47.66,33,47.67,19,47.68,17,47.69,22
2020-10-29 09:32:14,47.595,47.59,3,47.59,2,47.6,4,47.6,47.59,47.59,2,47.58,24,47.57,18,47.56,15,,,,,,,,,,,,,47.6,4,47.61,25,47.62,21,47.63,14,47.64,24,47.65,14,47.66,33,47.67,19,47.68,17,47.69,22
2020-10-29 09:32:15,47.61,47.61,3,47.6,30,47.62,22,47.62,47.6,47.6,30,47.59,20,47.58,15,47.57,18,47.56,15,,,,,,,,,,,47.62,22,47.63,14,47.64,24,47.65,14,47.66,33,47.67,19,47.68,17,47.69,22,47.7,27,47.71,22
2020-10-29 09:32:16,47.605,47.61,1,47.59,11,47.62,18,47.62,47.59,47.59,11,47.58,16,47.57,18,47.56,15,,,,,,,,,,,,,47.62,18,47.63,14,47.64,24,47.65,14,47.66,33,47.67,19,47.68,17,47.69,22,47.7,27,47.71,22
2020-10-29 09:32:17,47.61,47.61,1,47.6,6,47.62,26,47.62,47.6,47.6,6,47.59,20,47.58,16,47.57,18,47.56,15,,,,,,,,,,,47.62,26,47.63,14,47.64,24,47.65,14,47.66,33,47.67,19,47.68,17,47.69,22,47.7,27,47.71,22
2020-10-29 09:32:18,47.625,47.61,1,47.61,19,47.64,13,47.64,47.61,47.61,19,47.6,6,47.59,20,47.58,16,47.57,18,47.56,15,,,,,,,,,47.64,13,47.65,13,47.66,33,47.67,19,47.68,17,47.69,22,47.7,27,47.71,22,47.72,22,47.73,5
2020-10-29 09:32:19,47.61,47.61,1,47.6,9,47.62,6,47.62,47.6,47.6,9,47.59,28,47.58,16,47.57,18,47.56,15,,,,,,,,,,,47.62,6,47.63,17,47.64,18,47.65,13,47.66,33,47.67,19,47.68,17,47.69,22,47.7,27,47.71,22
2020-10-29 09:32:20,47.6,47.6,1,47.59,18,47.61,16,47.61,47.59,47.59,18,47.58,16,47.57,18,47.56,15,,,,,,,,,,,,,47.61,16,47.62,19,47.63,17,47.64,18,47.65,13,47.66,33,47.67,19,47.68,17,47.69,22,47.7,27
2020-10-29 09:32:21,47.6,47.6,1,47.59,18,47.61,20,47.61,47.59,47.59,18,47.58,16,47.57,18,47.56,15,,,,,,,,,,,,,47.61,20,47.62,19,47.63,17,47.64,18,47.65,13,47.66,33,47.67,19,47.68,17,47.69,22,47.7,27
2020-10-29 09:32:22,47.585,47.59,1,47.57,15,47.6,19,47.6,47.57,47.57,15,47.56,15,,,,,,,,,,,,,,,,,47.6,19,47.61,20,47.62,19,47.63,17,47.64,18,47.65,13,47.66,33,47.67,19,47.68,17,47.69,22
2020-10-29 09:32:23,47.59,47.59,1,47.58,3,47.6,24,47.6,47.58,47.58,3,47.57,20,47.56,15,,,,,,,,,,,,,,,47.6,24,47.61,20,47.62,19,47.63,17,47.64,18,47.65,13,47.66,33,47.67,19,47.68,17,47.69,22
2020-10-29 09:32:24,47.59,47.59,3,47.57,20,47.61,21,47.61,47.57,47.57,20,47.56,15,,,,,,,,,,,,,,,,,47.61,21,47.62,19,47.63,17,47.64,18,47.65,13,47.66,33,47.67,19,47.68,17,47.69,22,47.7,27
2020-10-29 09:32:25,47.61,47.59,3,47.6,6,47.62,23,47.62,47.6,47.6,6,47.59,7,47.58,17,47.57,20,47.56,15,,,,,,,,,,,47.62,23,47.63,17,47.64,18,47.65,13,47.66,33,47.67,19,47.68,17,47.69,22,47.7,27,47.71,22
2020-10-29 09:32:26,47.595,47.6,3,47.58,4,47.61,17,47.61,47.58,47.58,4,47.57,24,47.56,15,,,,,,,,,,,,,,,47.61,17,47.62,24,47.63,17,47.64,18,47.65,13,47.66,33,47.67,19,47.68,17,47.69,22,47.7,27
2020-10-29 09:32:27,47.59,47.58,2,47.58,3,47.6,29,47.6,47.58,47.58,3,47.57,26,47.56,15,,,,,,,,,,,,,,,47.6,29,47.61,17,47.62,24,47.63,17,47.64,18,47.65,13,47.66,33,47.67,19,47.68,17,47.69,22
2020-10-29 09:32:28,47.6,47.58,1,47.59,1,47.61,17,47.61,47.59,47.59,1,47.58,19,47.57,22,47.56,15,,,,,,,,,,,,,47.61,17,47.62,24,47.63,17,47.64,18,47.65,13,47.66,33,47.67,19,47.68,17,47.69,22,47.7,27
2020-10-29 09:32:29,47.605,47.58,1,47.59,5,47.62,22,47.62,47.59,47.59,5,47.58,22,47.57,22,47.56,15,,,,,,,,,,,,,47.62,22,47.63,17,47.64,18,47.65,13,47.66,33,47.67,19,47.68,17,47.69,22,47.7,27,47.71,22
2020-10-29 09:32:30,47.61,47.62,1,47.6,15,47.62,19,47.62,47.6,47.6,15,47.59,18,47.58,23,47.57,22,47.56,15,,,,,,,,,,,47.62,19,47.63,17,47.64,18,47.65,13,47.66,33,47.67,19,47.68,17,47.69,22,47.7,27,47.71,22
2020-10-29 09:32:31,47.61,47.62,1,47.6,11,47.62,30,47.62,47.6,47.6,11,47.59,18,47.58,23,47.57,22,47.56,15,,,,,,,,,,,47.62,30,47.63,17,47.64,18,47.65,13,47.66,33,47.67,19,47.68,17,47.69,22,47.7,27,47.71,22
2020-10-29 09:32:32,47.62,47.62,1,47.61,4,47.63,18,47.63,47.61,47.61,4,47.6,11,47.59,18,47.58,23,47.57,22,47.56,15,,,,,,,,,47.63,18,47.64,18,47.65,13,47.66,33,47.67,19,47.68,17,47.69,22,47.7,27,47.71,22,47.72,22
2020-10-29 09:32:33,47.605,47.62,1,47.59,21,47.62,12,47.62,47.59,47.59,21,47.58,23,47.57,22,47.56,15,,,,,,,,,,,,,47.62,12,47.63,18,47.64,18,47.65,13,47.66,33,47.67,19,47.68,17,47.69,22,47.7,27,47.71,22
2020-10-29 09:32:34,47.61,47.61,1,47.6,6,47.62,12,47.62,47.6,47.6,6,47.59,21,47.58,23,47.57,22,47.56,15,,,,,,,,,,,47.62,12,47.63,18,47.64,18,47.65,13,47.66,33,47.67,19,47.68,17,47.69,22,47.7,27,47.71,22
2020-10-29 09:32:35,47.605,47.61,1,47.59,21,47.62,26,47.62,47.59,47.59,21,47.58,23,47.57,22,47.56,15,,,,,,,,,,,,,47.62,26,47.63,18,47.64,18,47.65,13,47.66,33,47.67,19,47.68,17,47.69,22,47.7,27,47.71,22
2020-10-29 09:32:36,47.61,47.61,1,47.6,4,47.62,22,47.62,47.6,47.6,4,47.59,20,47.58,23,47.57,22,47.56,15,,,,,,,,,,,47.62,22,47.63,18,47.64,18,47.65,13,47.66,33,47.67,19,47.68,17,47.69,22,47.7,27,47.71,22
2020-10-29 09:32:37,47.61,47.61,1,47.6,4,47.62,24,47.62,47.6,47.6,4,47.59,20,47.58,23,47.57,22,47.56,15,,,,,,,,,,,47.62,24,47.63,18,47.64,18,47.65,13,47.66,33,47.67,19,47.68,17,47.69,22,47.7,27,47.71,22
2020-10-29 09:32:38,47.625,47.62,1,47.62,5,47.63,18,47.63,47.62,47.62,5,47.61,26,47.6,4,47.59,20,47.58,23,47.57,22,47.56,15,,,,,,,47.63,18,47.64,18,47.65,13,47.66,33,47.67,19,47.68,17,47.69,22,47.7,27,47.71,22,47.72,22
2020-10-29 09:32:39,47.635,47.63,2,47.62,33,47.65,8,47.65,47.62,47.62,33,47.61,26,47.6,4,47.59,20,47.58,23,47.57,22,47.56,15,,,,,,,47.65,8,47.66,33,47.67,19,47.68,17,47.69,22,47.7,27,47.71,22,47.72,22,47.73,5,47.74,21
2020-10-29 09:32:40,47.625,47.63,1,47.61,20,47.64,17,47.64,47.61,47.61,20,47.6,4,47.59,20,47.58,23,47.57,22,47.56,15,,,,,,,,,47.64,17,47.65,24,47.66,33,47.67,19,47.68,17,47.69,22,47.7,27,47.71,22,47.72,22,47.73,5
2020-10-29 09:32:41,47.595,47.6,1,47.59,21,47.6,3,47.6,47.59,47.59,21,47.58,23,47.57,22,47.56,15,,,,,,,,,,,,,47.6,3,47.61,7,47.62,22,47.63,8,47.64,16,47.65,24,47.66,33,47.67,19,47.68,17,47.69,22
2020-10-29 09:32:42,47.58,47.58,1,47.57,20,47.59,3,47.59,47.57,47.57,20,47.56,15,,,,,,,,,,,,,,,,,47.59,3,47.6,8,47.61,7,47.62,22,47.63,8,47.64,16,47.65,24,47.66,33,47.67,19,47.68,17
2020-10-29 09:32:43,47.58,47.58,1,47.57,20,47.59,19,47.59,47.57,47.57,20,47.56,15,,,,,,,,,,,,,,,,,47.59,19,47.6,8,47.61,7,47.62,22,47.63,8,47.64,16,47.65,24,47.66,33,47.67,19,47.68,17
2020-10-29 09:32:44,47.59,47.58,6,47.58,17,47.6,22,47.6,47.58,47.58,17,47.57,20,47.56,15,,,,,,,,,,,,,,,47.6,22,47.61,7,47.62,22,47.63,8,47.64,16,47.65,24,47.66,33,47.67,19,47.68,17,47.69,22
2020-10-29 09:32:45,47.6,47.6,2,47.59,13,47.61,10,47.61,47.59,47.59,13,47.58,17,47.57,20,47.56,15,,,,,,,,,,,,,47.61,10,47.62,22,47.63,8,47.64,16,47.65,24,47.66,33,47.67,19,47.68,17,47.69,22,47.7,27
2020-10-29 09:32:46,47.59,47.59,1,47.58,8,47.6,18,47.6,47.58,47.58,8,47.57,21,47.56,15,,,,,,,,,,,,,,,47.6,18,47.61,10,47.62,22,47.63,8,47.64,16,47.65,24,47.66,33,47.67,19,47.68,17,47.69,22
2020-10-29 09:32:47,47.59,47.59,1,47.58,18,47.6,20,47.6,47.58,47.58,18,47.57,21,47.56,15,,,,,,,,,,,,,,,47.6,20,47.61,10,47.62,22,47.63,8,47.64,16,47.65,24,47.66,33,47.67,19,47.68,17,47.69,22
2020-10-29 09:32:48,47.6,47.59,1,47.59,18,47.61,12,47.61,47.59,47.59,18,47.58,18,47.57,21,47.56,15,,,,,,,,,,,,,47.61,12,47.62,22,47.63,8,47.64,16,47.65,24,47.66,33,47.67,19,47.68,17,47.69,22,47.7,27
2020-10-29 09:32:49,47.61,47.6,1,47.6,2,47.62,21,47.62,47.6,47.6,2,47.59,18,47.58,18,47.57,21,47.56,15,,,,,,,,,,,47.62,21,47.63,8,47.64,16,47.65,24,47.66,33,47.67,19,47.68,17,47.69,22,47.7,27,47.71,22
2020-10-29 09:32:50,47.62,47.6,1,47.61,8,47.63,19,47.63,47.61,47.61,8,47.6,17,47.59,18,47.58,18,47.57,21,47.56,15,,,,,,,,,47.63,19,47.64,16,47.65,24,47.66,33,47.67,19,47.68,17,47.69,22,47.7,27,47.71,22,47.72,22
2020-10-29 09:32:51,47.615,47.6,1,47.61,17,47.62,3,47.62,47.61,47.61,17,47.6,17,47.59,18,47.58,18,47.57,21,47.56,15,,,,,,,,,47.62,3,47.63,11,47.64,25,47.65,24,47.66,33,47.67,19,47.68,17,47.69,22,47.7,27,47.71,22
2020-10-29 09:32:52,47.615,47.6,1,47.61,18,47.62,4,47.62,47.61,47.61,18,47.6,17,47.59,18,47.58,18,47.57,21,47.56,15,,,,,,,,,47.62,4,47.63,11,47.64,25,47.65,24,47.66,33,47.67,19,47.68,17,47.69,22,47.7,27,47.71,22
2020-10-29 09:32:53,47.605,47.61,7,47.6,7,47.61,3,47.61,47.6,47.6,7,47.59,18,47.58,18,47.57,21,47.56,15,,,,,,,,,,,47.61,3,47.62,31,47.63,11,47.64,25,47.65,24,47.66,33,47.67,19,47.68,17,47.69,22,47.7,27
2020-10-29 09:32:54,47.615,47.6,1,47.61,5,47.62,28,47.62,47.61,47.61,5,47.59,27,47.58,16,47.57,18,47.56,15,,,,,,,,,,,47.62,28,47.63,11,47.64,25,47.65,24,47.66,33,47.67,19,47.68,17,47.69,22,47.7,27,47.71,22
2020-10-29 09:32:55,47.615,47.6,1,47.61,7,47.62,26,47.62,47.61,47.61,7,47.59,27,47.58,16,47.57,18,47.56,15,,,,,,,,,,,47.62,26,47.63,11,47.64,25,47.65,24,47.66,33,47.67,19,47.68,17,47.69,22,47.7,27,47.71,22
2020-10-29 09:32:56,47.635,47.64,1,47.62,12,47.65,33,47.65,47.62,47.62,12,47.61,7,47.59,27,47.58,16,47.57,18,47.56,15,,,,,,,,,47.65,33,47.66,33,47.67,19,47.68,17,47.69,22,47.7,27,47.71,22,47.72,22,47.73,5,47.74,21
2020-10-29 09:32:57,47.65,47.66,1,47.64,19,47.66,3,47.66,47.64,47.64,19,47.63,14,47.62,12,47.61,7,47.59,27,47.58,16,47.57,18,47.56,15,,,,,47.66,3,47.67,24,47.68,12,47.69,22,47.7,27,47.71,22,47.72,22,47.73,5,47.74,21,47.75,4
2020-10-29 09:32:58,47.66,47.65,1,47.65,23,47.67,9,47.67,47.65,47.65,23,47.64,19,47.63,14,47.62,12,47.61,7,47.59,27,47.58,16,47.57,18,47.56,15,,,47.67,9,47.68,12,47.69,22,47.7,27,47.71,22,47.72,22,47.73,5,47.74,21,47.75,4,47.78,3
2020-10-29 09:32:59,47.665,47.65,1,47.65,23,47.68,21,47.68,47.65,47.65,23,47.64,19,47.63,14,47.62,12,47.61,7,47.59,27,47.58,16,47.57,18,47.56,15,,,47.68,21,47.69,22,47.7,27,47.71,22,47.72,22,47.73,5,47.74,21,47.75,4,47.78,3,47.89,3
2020-10-29 09:33:00,47.685,47.69,1,47.68,2,47.69,21,47.69,47.68,47.68,2,47.67,26,47.66,12,47.65,23,47.64,19,47.63,14,47.62,12,47.61,7,47.59,27,47.58,16,47.69,21,47.7,27,47.71,22,47.72,22,47.73,5,47.74,21,47.75,4,47.78,3,47.89,3,47.9,8
2020-10-29 09:33:01,47.685,47.69,1,47.68,10,47.69,10,47.69,47.68,47.68,10,47.67,22,47.66,12,47.65,23,47.64,19,47.63,14,47.62,12,47.61,7,47.59,27,47.58,16,47.69,10,47.7,2,47.71,13,47.72,22,47.73,5,47.74,21,47.75,4,47.78,3,47.89,3,47.9,8
2020-10-29 09:33:02,47.695,47.7,1,47.69,5,47.7,8,47.7,47.69,47.69,5,47.68,7,47.67,24,47.66,12,47.65,23,47.64,19,47.63,14,47.62,12,47.61,7,47.59,27,47.7,8,47.71,13,47.72,22,47.73,5,47.74,21,47.75,4,47.78,3,47.89,3,47.9,8,,
2020-10-29 09:33:03,47.695,47.69,1,47.69,4,47.7,2,47.7,47.69,47.69,4,47.68,14,47.67,24,47.66,12,47.65,23,47.64,19,47.63,14,47.62,12,47.61,7,47.59,27,47.7,2,47.71,25,47.72,22,47.73,5,47.74,21,47.75,4,47.78,3,47.89,3,47.9,8,,
2020-10-29 09:33:04,47.705,47.7,1,47.7,5,47.71,15,47.71,47.7,47.7,5,47.69,2,47.68,14,47.67,24,47.66,12,47.65,23,47.64,19,47.63,14,47.62,12,47.61,7,47.71,15,47.72,22,47.73,5,47.74,21,47.75,4,47.78,3,47.89,3,47.9,8,,,,
2020-10-29 09:33:05,47.705,47.7,1,47.7,11,47.71,15,47.71,47.7,47.7,11,47.69,2,47.68,14,47.67,24,47.66,12,47.65,23,47.64,19,47.63,14,47.62,12,47.61,7,47.71,15,47.72,22,47.73,5,47.74,21,47.75,4,47.78,3,47.89,3,47.9,8,,,,
2020-10-29 09:33:06,47.7,47.7,2,47.69,24,47.71,13,47.71,47.69,47.69,24,47.68,14,47.67,24,47.66,12,47.65,23,47.64,19,47.63,14,47.62,12,47.61,7,47.59,27,47.71,13,47.72,22,47.73,5,47.74,21,47.75,4,47.78,3,47.89,3,47.9,8,,,,
2020-10-29 09:33:07,47.7,47.7,2,47.69,24,47.71,13,47.71,47.69,47.69,24,47.68,14,47.67,24,47.66,12,47.65,23,47.64,19,47.63,14,47.62,12,47.61,7,47.59,27,47.71,13,47.72,22,47.73,5,47.74,21,47.75,4,47.78,3,47.89,3,47.9,8,,,,
2020-10-29 09:33:08,47.7,47.7,1,47.69,12,47.71,17,47.71,47.69,47.69,12,47.68,14,47.67,24,47.66,12,47.65,23,47.64,19,47.63,14,47.62,12,47.61,7,47.59,27,47.71,17,47.72,22,47.73,5,47.74,21,47.75,4,47.78,3,47.89,3,47.9,8,,,,
2020-10-29 09:33:09,47.68,47.68,1,47.67,22,47.69,6,47.69,47.67,47.67,22,47.66,12,47.65,23,47.64,19,47.63,14,47.62,12,47.61,7,47.59,27,47.58,16,47.57,18,47.69,6,47.7,15,47.71,19,47.72,22,47.73,5,47.74,21,47.75,4,47.78,3,47.89,3,47.9,8
2020-10-29 09:33:10,47.695,47.68,1,47.69,4,47.7,2,47.7,47.69,47.69,4,47.68,11,47.67,12,47.66,12,47.65,23,47.64,19,47.63,14,47.62,12,47.61,7,47.59,27,47.7,2,47.71,31,47.72,22,47.73,5,47.74,21,47.75,4,47.78,3,47.89,3,47.9,8,,
2020-10-29 09:33:11,47.705,47.7,1,47.7,7,47.71,21,47.71,47.7,47.7,7,47.69,4,47.68,11,47.67,12,47.66,12,47.65,23,47.64,19,47.63,14,47.62,12,47.61,7,47.71,21,47.72,22,47.73,5,47.74,21,47.75,4,47.78,3,47.89,3,47.9,8,,,,
2020-10-29 09:33:12,47.705,47.7,1,47.7,7,47.71,20,47.71,47.7,47.7,7,47.69,4,47.68,11,47.67,12,47.66,12,47.65,23,47.64,19,47.63,14,47.62,12,47.61,7,47.71,20,47.72,22,47.73,5,47.74,21,47.75,4,47.78,3,47.89,3,47.9,8,,,,
2020-10-29 09:33:13,47.705,47.7,1,47.7,7,47.71,19,47.71,47.7,47.7,7,47.69,4,47.68,11,47.67,12,47.66,12,47.65,23,47.64,19,47.63,14,47.62,12,47.61,7,47.71,19,47.72,22,47.73,5,47.74,21,47.75,4,47.78,3,47.89,3,47.9,8,,,,
2020-10-29 09:33:14,47.705,47.71,2,47.7,11,47.71,5,47.71,47.7,47.7,11,47.69,4,47.68,11,47.67,12,47.66,12,47.65,23,47.64,19,47.63,14,47.62,12,47.61,7,47.71,5,47.72,11,47.73,5,47.74,21,47.75,4,47.78,3,47.89,3,47.9,8,,,,
2020-10-29 09:33:15,47.705,47.7,1,47.7,5,47.71,14,47.71,47.7,47.7,5,47.69,19,47.68,11,47.67,12,47.66,12,47.65,23,47.64,19,47.63,14,47.62,12,47.61,7,47.71,14,47.72,11,47.73,5,47.74,21,47.75,4,47.78,3,47.89,3,47.9,8,,,,
2020-10-29 09:33:16,47.705,47.7,1,47.7,5,47.71,9,47.71,47.7,47.7,5,47.69,19,47.68,11,47.67,12,47.66,12,47.65,23,47.64,19,47.63,14,47.62,12,47.61,7,47.71,9,47.72,11,47.73,5,47.74,21,47.75,4,47.78,3,47.89,3,47.9,8,,,,
2020-10-29 09:33:17,47.705,47.7,1,47.7,4,47.71,9,47.71,47.7,47.7,4,47.69,14,47.68,11,47.67,12,47.66,12,47.65,23,47.64,19,47.63,14,47.62,12,47.61,7,47.71,9,47.72,11,47.73,5,47.74,21,47.75,4,47.78,3,47.89,3,47.9,8,,,,
2020-10-29 09:33:18,47.72,47.71,1,47.71,15,47.73,18,47.73,47.71,47.71,15,47.7,19,47.69,14,47.68,11,47.67,12,47.66,12,47.65,23,47.64,19,47.63,14,47.62,12,47.73,18,47.74,21,47.75,4,47.78,3,47.89,3,47.9,8,,,,,,,,
2020-10-29 09:33:19,47.725,47.71,1,47.72,11,47.73,4,47.73,47.72,47.72,11,47.71,14,47.7,19,47.69,14,47.68,11,47.67,12,47.66,12,47.65,23,47.64,19,47.63,14,47.73,4,47.74,17,47.75,4,47.78,3,47.89,3,47.9,8,,,,,,,,
2020-10-29 09:33:20,47.725,47.72,1,47.72,11,47.73,25,47.73,47.72,47.72,11,47.71,14,47.7,19,47.69,14,47.68,11,47.67,12,47.66,12,47.65,23,47.64,19,47.63,14,47.73,25,47.74,17,47.75,4,47.78,3,47.89,3,47.9,8,,,,,,,,
2020-10-29 09:33:21,47.725,47.72,1,47.72,4,47.73,14,47.73,47.72,47.72,4,47.71,20,47.7,19,47.69,14,47.68,11,47.67,12,47.66,12,47.65,23,47.64,19,47.63,14,47.73,14,47.74,17,47.75,4,47.78,3,47.89,3,47.9,8,,,,,,,,
2020-10-29 09:33:22,47.725,47.72,3,47.72,5,47.73,16,47.73,47.72,47.72,5,47.71,20,47.7,19,47.69,14,47.68,11,47.67,12,47.66,12,47.65,23,47.64,19,47.63,14,47.73,16,47.74,17,47.75,4,47.78,3,47.89,3,47.9,8,,,,,,,,
2020-10-29 09:33:23,47.745,47.73,2,47.74,1,47.75,9,47.75,47.74,47.74,1,47.73,7,47.72,5,47.71,20,47.7,19,47.69,14,47.68,11,47.67,12,47.66,12,47.65,23,47.75,9,47.78,3,47.89,3,47.9,8,,,,,,,,,,,,
2020-10-29 09:33:24,47.725,47.73,1,47.72,7,47.73,6,47.73,47.72,47.72,7,47.71,20,47.7,19,47.69,14,47.68,11,47.67,12,47.66,12,47.65,23,47.64,19,47.63,14,47.73,6,47.74,9,47.75,14,47.78,3,47.89,3,47.9,8,,,,,,,,
2020-10-29 09:33:25,47.74,47.74,2,47.73,6,47.75,15,47.75,47.73,47.73,6,47.72,25,47.71,20,47.7,19,47.69,14,47.68,11,47.67,12,47.66,12,47.65,23,47.64,19,47.75,15,47.78,3,47.89,3,47.9,8,,,,,,,,,,,,
2020-10-29 09:33:26,47.735,47.74,2,47.73,6,47.74,3,47.74,47.73,47.73,6,47.72,25,47.71,20,47.7,19,47.69,14,47.68,11,47.67,12,47.66,12,47.65,23,47.64,19,47.74,3,47.75,13,47.78,3,47.89,3,47.9,8,,,,,,,,,,
2020-10-29 09:33:27,47.74,47.73,1,47.73,9,47.75,13,47.75,47.73,47.73,9,47.72,25,47.71,20,47.7,19,47.69,14,47.68,11,47.67,12,47.66,12,47.65,23,47.64,19,47.75,13,47.78,3,47.89,3,47.9,8,,,,,,,,,,,,
2020-10-29 09:33:28,47.745,47.74,1,47.74,1,47.75,13,47.75,47.74,47.74,1,47.73,18,47.72,25,47.71,20,47.7,19,47.69,14,47.68,11,47.67,12,47.66,12,47.65,23,47.75,13,47.78,3,47.89,3,47.9,8,,,,,,,,,,,,
2020-10-29 09:33:29,47.735,47.74,1,47.73,7,47.74,1,47.74,47.73,47.73,7,47.72,25,47.71,20,47.7,19,47.69,14,47.68,11,47.67,12,47.66,12,47.65,23,47.64,19,47.74,1,47.75,12,47.78,3,47.89,3,47.9,8,,,,,,,,,,
2020-10-29 09:33:30,47.745,47.74,1,47.74,2,47.75,11,47.75,47.74,47.74,2,47.73,16,47.72,25,47.71,20,47.7,19,47.69,14,47.68,11,47.67,12,47.66,12,47.65,23,47.75,11,47.78,3,47.89,3,47.9,8,,,,,,,,,,,,
2020-10-29 09:33:31,47.735,47.74,1,47.73,7,47.74,1,47.74,47.73,47.73,7,47.72,25,47.71,20,47.7,19,47.69,14,47.68,11,47.67,12,47.66,12,47.65,23,47.64,19,47.74,1,47.75,26,47.78,3,47.89,3,47.9,8,,,,,,,,,,
2020-10-29 09:33:32,47.745,47.74,1,47.74,3,47.75,17,47.75,47.74,47.74,3,47.73,17,47.72,25,47.71,20,47.7,19,47.69,14,47.68,11,47.67,12,47.66,12,47.65,23,47.75,17,47.78,3,47.89,3,47.9,8,,,,,,,,,,,,
2020-10-29 09:33:33,47.745,47.74,1,47.74,2,47.75,17,47.75,47.74,47.74,2,47.73,17,47.72,25,47.71,20,47.7,19,47.69,14,47.68,11,47.67,12,47.66,12,47.65,23,47.75,17,47.78,3,47.89,3,47.9,8,,,,,,,,,,,,
2020-10-29 09:33:34,47.725,47.72,1,47.71,12,47.74,20,47.74,47.71,47.71,12,47.7,19,47.69,14,47.68,11,47.67,12,47.66,12,47.65,23,47.64,19,47.63,14,47.62,12,47.74,20,47.75,25,47.76,11,47.77,10,47.78,3,47.89,3,47.9,8,,,,,,
2020-10-29 09:33:35,47.695,47.7,1,47.69,13,47.7,1,47.7,47.69,47.69,13,47.68,11,47.67,12,47.66,12,47.65,23,47.64,19,47.63,14,47.62,12,47.61,7,47.59,27,47.7,1,47.72,16,47.73,7,47.74,20,47.75,25,47.76,11,47.77,10,47.78,3,47.89,3,47.9,8
2020-10-29 09:33:36,47.69,47.69,1,47.68,11,47.7,2,47.7,47.68,47.68,11,47.67,12,47.66,12,47.65,23,47.64,19,47.63,14,47.62,12,47.61,7,47.59,27,47.58,16,47.7,2,47.72,16,47.73,7,47.74,20,47.75,25,47.76,11,47.77,10,47.78,3,47.89,3,47.9,8
2020-10-29 09:33:37,47.69,47.69,1,47.68,11,47.7,2,47.7,47.68,47.68,11,47.67,12,47.66,12,47.65,23,47.64,19,47.63,14,47.62,12,47.61,7,47.59,27,47.58,16,47.7,2,47.72,16,47.73,7,47.74,20,47.75,25,47.76,11,47.77,10,47.78,3,47.89,3,47.9,8
2020-10-29 09:33:38,47.7,47.69,1,47.69,6,47.71,6,47.71,47.69,47.69,6,47.68,6,47.67,20,47.66,12,47.65,23,47.64,19,47.63,14,47.62,12,47.61,7,47.59,27,47.71,6,47.72,16,47.73,7,47.74,20,47.75,25,47.76,11,47.77,10,47.78,3,47.89,3,47.9,8
2020-10-29 09:33:39,47.69,47.69,1,47.68,9,47.7,8,47.7,47.68,47.68,9,47.67,19,47.66,12,47.65,23,47.64,19,47.63,14,47.62,12,47.61,7,47.59,27,47.58,16,47.7,8,47.71,6,47.72,16,47.73,7,47.74,20,47.75,25,47.76,11,47.77,10,47.78,3,47.89,3
2020-10-29 09:33:40,47.69,47.69,1,47.68,23,47.7,6,47.7,47.68,47.68,23,47.67,19,47.66,12,47.65,23,47.64,19,47.63,14,47.62,12,47.61,7,47.59,27,47.58,16,47.7,6,47.71,6,47.72,16,47.73,7,47.74,20,47.75,25,47.76,11,47.77,10,47.78,3,47.89,3
2020-10-29 09:33:41,47.705,47.71,1,47.7,3,47.71,23,47.71,47.7,47.7,3,47.69,7,47.68,23,47.67,19,47.66,12,47.65,23,47.64,19,47.63,14,47.62,12,47.61,7,47.71,23,47.72,16,47.73,7,47.74,20,47.75,25,47.76,11,47.77,10,47.78,3,47.89,3,47.9,8
2020-10-29 09:33:42,47.7,47.71,1,47.69,7,47.71,11,47.71,47.69,47.69,7,47.68,23,47.67,19,47.66,12,47.65,23,47.64,19,47.63,14,47.62,12,47.61,7,47.59,27,47.71,11,47.72,16,47.73,7,47.74,20,47.75,25,47.76,11,47.77,10,47.78,3,47.89,3,47.9,8
2020-10-29 09:33:43,47.705,47.7,1,47.7,16,47.71,14,47.71,47.7,47.7,16,47.69,7,47.68,23,47.67,19,47.66,12,47.65,23,47.64,19,47.63,14,47.62,12,47.61,7,47.71,14,47.72,16,47.73,7,47.74,20,47.75,25,47.76,11,47.77,10,47.78,3,47.89,3,47.9,8
2020-10-29 09:33:44,47.705,47.7,1,47.7,10,47.71,12,47.71,47.7,47.7,10,47.69,7,47.68,23,47.67,19,47.66,12,47.65,23,47.64,19,47.63,14,47.62,12,47.61,7,47.71,12,47.72,16,47.73,7,47.74,20,47.75,25,47.76,11,47.77,10,47.78,3,47.89,3,47.9,8
2020-10-29 09:33:45,47.725,47.71,1,47.72,14,47.73,19,47.73,47.72,47.72,14,47.71,30,47.7,13,47.69,7,47.68,23,47.67,19,47.66,12,47.65,23,47.64,19,47.63,14,47.73,19,47.74,20,47.75,25,47.76,11,47.77,10,47.78,3,47.89,3,47.9,8,,,,
2020-10-29 09:33:46,47.735,47.73,2,47.73,1,47.74,7,47.74,47.73,47.73,1,47.72,14,47.71,30,47.7,13,47.69,7,47.68,23,47.67,19,47.66,12,47.65,23,47.64,19,47.74,7,47.75,25,47.76,11,47.77,10,47.78,3,47.89,3,47.9,8,,,,,,
2020-10-29 09:33:47,47.735,47.73,2,47.73,3,47.74,7,47.74,47.73,47.73,3,47.72,14,47.71,30,47.7,13,47.69,7,47.68,23,47.67,19,47.66,12,47.65,23,47.64,19,47.74,7,47.75,25,47.76,11,47.77,10,47.78,3,47.89,3,47.9,8,,,,,,
2020-10-29 09:33:48,47.735,47.73,2,47.73,3,47.74,6,47.74,47.73,47.73,3,47.72,14,47.71,30,47.7,13,47.69,7,47.68,23,47.67,19,47.66,12,47.65,23,47.64,19,47.74,6,47.75,25,47.76,11,47.77,10,47.78,3,47.89,3,47.9,8,,,,,,
2020-10-29 09:33:49,47.725,47.72,1,47.72,3,47.73,6,47.73,47.72,47.72,3,47.71,31,47.7,13,47.69,7,47.68,23,47.67,19,47.66,12,47.65,23,47.64,19,47.63,14,47.73,6,47.74,19,47.75,19,47.76,11,47.77,10,47.78,3,47.89,3,47.9,8,,,,
2020-10-29 09:33:50,47.74,47.74,1,47.73,23,47.75,12,47.75,47.73,47.73,23,47.72,11,47.71,31,47.7,13,47.69,7,47.68,23,47.67,19,47.66,12,47.65,23,47.64,19,47.75,12,47.76,21,47.77,10,47.78,3,47.89,3,47.9,8,,,,,,,,
2020-10-29 09:33:51,47.715,47.72,1,47.71,13,47.72,2,47.72,47.71,47.71,13,47.7,13,47.69,7,47.68,23,47.67,19,47.66,12,47.65,23,47.64,19,47.63,14,47.62,12,47.72,2,47.73,12,47.74,9,47.75,12,47.76,21,47.77,10,47.78,3,47.89,3,47.9,8,,
2020-10-29 09:33:52,47.715,47.72,1,47.71,12,47.72,2,47.72,47.71,47.71,12,47.7,13,47.69,7,47.68,23,47.67,19,47.66,12,47.65,23,47.64,19,47.63,14,47.62,12,47.72,2,47.73,12,47.74,9,47.75,12,47.76,21,47.77,10,47.78,3,47.89,3,47.9,8,,
2020-10-29 09:33:53,47.715,47.72,1,47.71,11,47.72,8,47.72,47.71,47.71,11,47.7,13,47.69,7,47.68,23,47.67,19,47.66,12,47.65,23,47.64,19,47.63,14,47.62,12,47.72,8,47.73,3,47.74,10,47.75,12,47.76,21,47.77,10,47.78,3,47.89,3,47.9,8,,
2020-10-29 09:33:54,47.715,47.72,1,47.71,12,47.72,9,47.72,47.71,47.71,12,47.7,13,47.69,7,47.68,23,47.67,19,47.66,12,47.65,23,47.64,19,47.63,14,47.62,12,47.72,9,47.73,3,47.74,10,47.75,12,47.76,21,47.77,10,47.78,3,47.89,3,47.9,8,,
2020-10-29 09:33:55,47.725,47.72,1,47.72,3,47.73,5,47.73,47.72,47.72,3,47.71,48,47.7,13,47.69,7,47.68,23,47.67,19,47.66,12,47.65,23,47.64,19,47.63,14,47.73,5,47.74,10,47.75,12,47.76,21,47.77,10,47.78,3,47.89,3,47.9,8,,,,
2020-10-29 09:33:56,47.74,47.74,1,47.73,27,47.75,10,47.75,47.73,47.73,27,47.72,23,47.71,48,47.7,13,47.69,7,47.68,23,47.67,19,47.66,12,47.65,23,47.64,19,47.75,10,47.76,20,47.77,10,47.78,3,47.89,3,47.9,8,,,,,,,,
2020-10-29 09:33:57,47.74,47.74,1,47.73,11,47.75,10,47.75,47.73,47.73,11,47.72,23,47.71,48,47.7,13,47.69,7,47.68,23,47.67,19,47.66,12,47.65,23,47.64,19,47.75,10,47.76,20,47.77,10,47.78,3,47.89,3,47.9,8,,,,,,,,
2020-10-29 09:33:58,47.735,47.74,1,47.73,13,47.74,4,47.74,47.73,47.73,13,47.72,23,47.71,48,47.7,13,47.69,7,47.68,23,47.67,19,47.66,12,47.65,23,47.64,19,47.74,4,47.75,10,47.76,20,47.77,10,47.78,3,47.89,3,47.9,8,,,,,,
2020-10-29 09:33:59,47.74,47.74,6,47.73,13,47.75,11,47.75,47.73,47.73,13,47.72,23,47.71,48,47.7,13,47.69,7,47.68,23,47.67,19,47.66,12,47.65,23,47.64,19,47.75,11,47.76,20,47.77,10,47.78,3,47.89,3,47.9,8,,,,,,,,
2020-10-29 09:34:00,47.745,47.75,1,47.74,7,47.75,15,47.75,47.74,47.74,7,47.73,13,47.72,23,47.71,48,47.7,13,47.69,7,47.68,23,47.67,19,47.66,12,47.65,23,47.75,15,47.76,20,47.77,10,47.78,3,47.89,3,47.9,8,,,,,,,,
2020-10-29 09:34:01,47.71,47.7,1,47.7,26,47.72,8,47.72,47.7,47.7,26,47.69,7,47.68,23,47.67,19,47.66,12,47.65,23,47.64,19,47.63,14,47.62,12,47.61,7,47.72,8,47.73,8,47.74,22,47.75,15,47.76,20,47.77,10,47.78,3,47.89,3,47.9,8,,
2020-10-29 09:34:02,47.69,47.68,1,47.68,25,47.7,7,47.7,47.68,47.68,25,47.67,19,47.66,12,47.65,23,47.64,19,47.63,14,47.62,12,47.61,7,47.59,27,47.58,16,47.7,7,47.71,20,47.72,8,47.73,8,47.74,22,47.75,15,47.76,20,47.77,10,47.78,3,47.89,3
2020-10-29 09:34:03,47.695,47.69,1,47.69,3,47.7,7,47.7,47.69,47.69,3,47.68,25,47.67,19,47.66,12,47.65,23,47.64,19,47.63,14,47.62,12,47.61,7,47.59,27,47.7,7,47.71,20,47.72,8,47.73,8,47.74,22,47.75,15,47.76,20,47.77,10,47.78,3,47.89,3
2020-10-29 09:34:04,47.69,47.7,1,47.68,26,47.7,19,47.7,47.68,47.68,26,47.67,19,47.66,12,47.65,23,47.64,19,47.63,14,47.62,12,47.61,7,47.59,27,47.58,16,47.7,19,47.71,20,47.72,8,47.73,8,47.74,22,47.75,15,47.76,20,47.77,10,47.78,3,47.89,3
2020-10-29 09:34:05,47.685,47.69,1,47.68,21,47.69,6,47.69,47.68,47.68,21,47.67,19,47.66,12,47.65,23,47.64,19,47.63,14,47.62,12,47.61,7,47.59,27,47.58,16,47.69,6,47.7,18,47.71,20,47.72,8,47.73,8,47.74,22,47.75,15,47.76,20,47.77,10,47.78,3
2020-10-29 09:34:06,47.685,47.69,1,47.68,20,47.69,6,47.69,47.68,47.68,20,47.67,19,47.66,12,47.65,23,47.64,19,47.63,14,47.62,12,47.61,7,47.59,27,47.58,16,47.69,6,47.7,18,47.71,20,47.72,8,47.73,8,47.74,22,47.75,15,47.76,20,47.77,10,47.78,3
2020-10-29 09:34:07,47.695,47.69,1,47.69,11,47.7,5,47.7,47.69,47.69,11,47.68,24,47.67,19,47.66,12,47.65,23,47.64,19,47.63,14,47.62,12,47.61,7,47.59,27,47.7,5,47.71,9,47.72,8,47.73,8,47.74,22,47.75,15,47.76,20,47.77,10,47.78,3,47.89,3
2020-10-29 09:34:08,47.695,47.69,1,47.69,12,47.7,3,47.7,47.69,47.69,12,47.68,24,47.67,19,47.66,12,47.65,23,47.64,19,47.63,14,47.62,12,47.61,7,47.59,27,47.7,3,47.71,9,47.72,8,47.73,8,47.74,22,47.75,15,47.76,20,47.77,10,47.78,3,47.89,3
2020-10-29 09:34:09,47.7,47.7,1,47.69,24,47.71,9,47.71,47.69,47.69,24,47.68,24,47.67,19,47.66,12,47.65,23,47.64,19,47.63,14,47.62,12,47.61,7,47.59,27,47.71,9,47.72,8,47.73,8,47.74,22,47.75,15,47.76,20,47.77,10,47.78,3,47.89,3,47.9,8
2020-10-29 09:34:10,47.7,47.7,1,47.69,25,47.71,3,47.71,47.69,47.69,25,47.68,24,47.67,19,47.66,12,47.65,23,47.64,19,47.63,14,47.62,12,47.61,7,47.59,27,47.71,3,47.72,19,47.73,8,47.74,22,47.75,15,47.76,20,47.77,10,47.78,3,47.89,3,47.9,8
2020-10-29 09:34:11,47.69,47.7,1,47.68,22,47.7,8,47.7,47.68,47.68,22,47.67,19,47.66,12,47.65,23,47.64,19,47.63,14,47.62,12,47.61,7,47.59,27,47.58,16,47.7,8,47.71,3,47.72,19,47.73,8,47.74,22,47.75,15,47.76,20,47.77,10,47.78,3,47.89,3
2020-10-29 09:34:12,47.7,47.7,1,47.69,9,47.71,8,47.71,47.69,47.69,9,47.68,24,47.67,19,47.66,12,47.65,23,47.64,19,47.63,14,47.62,12,47.61,7,47.59,27,47.71,8,47.72,19,47.73,8,47.74,22,47.75,15,47.76,20,47.77,10,47.78,3,47.89,3,47.9,8
2020-10-29 09:34:13,47.69,47.7,1,47.68,24,47.7,5,47.7,47.68,47.68,24,47.67,19,47.66,12,47.65,23,47.64,19,47.63,14,47.62,12,47.61,7,47.59,27,47.58,16,47.7,5,47.71,8,47.72,19,47.73,8,47.74,22,47.75,15,47.76,20,47.77,10,47.78,3,47.89,3
2020-10-29 09:34:14,47.69,47.7,1,47.68,24,47.7,5,47.7,47.68,47.68,24,47.67,19,47.66,12,47.65,23,47.64,19,47.63,14,47.62,12,47.61,7,47.59,27,47.58,16,47.7,5,47.71,8,47.72,19,47.73,8,47.74,22,47.75,15,47.76,20,47.77,10,47.78,3,47.89,3
2020-10-29 09:34:15,47.7,47.7,1,47.69,12,47.71,23,47.71,47.69,47.69,12,47.68,24,47.67,19,47.66,12,47.65,23,47.64,19,47.63,14,47.62,12,47.61,7,47.59,27,47.71,23,47.72,19,47.73,8,47.74,22,47.75,15,47.76,20,47.77,10,47.78,3,47.89,3,47.9,8
2020-10-29 09:34:16,47.7,47.7,1,47.69,16,47.71,27,47.71,47.69,47.69,16,47.68,24,47.67,19,47.66,12,47.65,23,47.64,19,47.63,14,47.62,12,47.61,7,47.59,27,47.71,27,47.72,19,47.73,8,47.74,22,47.75,15,47.76,20,47.77,10,47.78,3,47.89,3,47.9,8
2020-10-29 09:34:17,47.705,47.7,1,47.7,6,47.71,24,47.71,47.7,47.7,6,47.69,16,47.68,24,47.67,19,47.66,12,47.65,23,47.64,19,47.63,14,47.62,12,47.61,7,47.71,24,47.72,19,47.73,8,47.74,22,47.75,15,47.76,20,47.77,10,47.78,3,47.89,3,47.9,8
2020-10-29 09:34:18,47.705,47.7,1,47.7,8,47.71,24,47.71,47.7,47.7,8,47.69,16,47.68,24,47.67,19,47.66,12,47.65,23,47.64,19,47.63,14,47.62,12,47.61,7,47.71,24,47.72,19,47.73,8,47.74,22,47.75,15,47.76,20,47.77,10,47.78,3,47.89,3,47.9,8
2020-10-29 09:34:19,47.705,47.71,1,47.7,8,47.71,12,47.71,47.7,47.7,8,47.69,16,47.68,24,47.67,19,47.66,12,47.65,23,47.64,19,47.63,14,47.62,12,47.61,7,47.71,12,47.72,19,47.73,8,47.74,22,47.75,15,47.76,20,47.77,10,47.78,3,47.89,3,47.9,8
2020-10-29 09:34:20,47.685,47.7,1,47.68,23,47.69,1,47.69,47.68,47.68,23,47.67,19,47.66,12,47.65,23,47.64,19,47.63,14,47.62,12,47.61,7,47.59,27,47.58,16,47.69,1,47.7,15,47.71,14,47.72,19,47.73,8,47.74,22,47.75,15,47.76,20,47.77,10,47.78,3
2020-10-29 09:34:21,47.69,47.7,2,47.68,11,47.7,20,47.7,47.68,47.68,11,47.67,24,47.66,12,47.65,23,47.64,19,47.63,14,47.62,12,47.61,7,47.59,27,47.58,16,47.7,20,47.71,14,47.72,19,47.73,8,47.74,22,47.75,15,47.76,20,47.77,10,47.78,3,47.89,3
2020-10-29 09:34:22,47.69,47.69,1,47.68,14,47.7,21,47.7,47.68,47.68,14,47.67,24,47.66,12,47.65,23,47.64,19,47.63,14,47.62,12,47.61,7,47.59,27,47.58,16,47.7,21,47.71,14,47.72,19,47.73,8,47.74,22,47.75,15,47.76,20,47.77,10,47.78,3,47.89,3
2020-10-29 09:34:23,47.695,47.69,1,47.69,2,47.7,24,47.7,47.69,47.69,2,47.68,25,47.67,24,47.66,12,47.65,23,47.64,19,47.63,14,47.62,12,47.61,7,47.59,27,47.7,24,47.71,14,47.72,19,47.73,8,47.74,22,47.75,15,47.76,20,47.77,10,47.78,3,47.89,3
2020-10-29 09:34:24,47.705,47.69,1,47.7,7,47.71,15,47.71,47.7,47.7,7,47.69,9,47.68,25,47.67,24,47.66,12,47.65,23,47.64,19,47.63,14,47.62,12,47.61,7,47.71,15,47.72,19,47.73,8,47.74,22,47.75,15,47.76,20,47.77,10,47.78,3,47.89,3,47.9,8
2020-10-29 09:34:25,47.705,47.69,1,47.7,8,47.71,15,47.71,47.7,47.7,8,47.69,9,47.68,25,47.67,24,47.66,12,47.65,23,47.64,19,47.63,14,47.62,12,47.61,7,47.71,15,47.72,19,47.73,8,47.74,22,47.75,15,47.76,20,47.77,10,47.78,3,47.89,3,47.9,8
2020-10-29 09:34:26,47.705,47.71,1,47.7,12,47.71,15,47.71,47.7,47.7,12,47.69,9,47.68,25,47.67,24,47.66,12,47.65,23,47.64,19,47.63,14,47.62,12,47.61,7,47.71,15,47.72,19,47.73,8,47.74,22,47.75,15,47.76,20,47.77,10,47.78,3,47.89,3,47.9,8
2020-10-29 09:34:27,47.715,47.71,1,47.71,4,47.72,13,47.72,47.71,47.71,4,47.7,29,47.69,9,47.68,25,47.67,24,47.66,12,47.65,23,47.64,19,47.63,14,47.62,12,47.72,13,47.73,8,47.74,22,47.75,15,47.76,20,47.77,10,47.78,3,47.89,3,47.9,8,,
2020-10-29 09:34:28,47.71,47.71,1,47.7,24,47.72,11,47.72,47.7,47.7,24,47.69,9,47.68,25,47.67,24,47.66,12,47.65,23,47.64,19,47.63,14,47.62,12,47.61,7,47.72,11,47.73,8,47.74,22,47.75,15,47.76,20,47.77,10,47.78,3,47.89,3,47.9,8,,
2020-10-29 09:34:29,47.715,47.71,1,47.71,1,47.72,11,47.72,47.71,47.71,1,47.7,24,47.69,9,47.68,25,47.67,24,47.66,12,47.65,23,47.64,19,47.63,14,47.62,12,47.72,11,47.73,8,47.74,22,47.75,15,47.76,20,47.77,10,47.78,3,47.89,3,47.9,8,,
2020-10-29 09:34:30,47.725,47.73,1,47.72,13,47.73,3,47.73,47.72,47.72,13,47.71,18,47.7,24,47.69,9,47.68,25,47.67,24,47.66,12,47.65,23,47.64,19,47.63,14,47.73,3,47.74,20,47.75,15,47.76,20,47.77,10,47.78,3,47.89,3,47.9,8,,,,
2020-10-29 09:34:31,47.745,47.73,1,47.74,3,47.75,12,47.75,47.74,47.74,3,47.73,15,47.72,14,47.71,18,47.7,24,47.69,9,47.68,25,47.67,24,47.66,12,47.65,23,47.75,12,47.76,20,47.77,10,47.78,3,47.89,3,47.9,8,,,,,,,,
2020-10-29 09:34:32,47.74,47.74,1,47.73,20,47.75,27,47.75,47.73,47.73,20,47.72,14,47.71,18,47.7,24,47.69,9,47.68,25,47.67,24,47.66,12,47.65,23,47.64,19,47.75,27,47.76,20,47.77,10,47.78,3,47.89,3,47.9,8,,,,,,,,
2020-10-29 09:34:33,47.725,47.73,1,47.72,22,47.73,8,47.73,47.72,47.72,22,47.71,18,47.7,24,47.69,9,47.68,25,47.67,24,47.66,12,47.65,23,47.64,19,47.63,14,47.73,8,47.74,23,47.75,27,47.76,20,47.77,10,47.78,3,47.89,3,47.9,8,,,,
2020-10-29 09:34:34,47.72,47.72,1,47.71,13,47.73,11,47.73,47.71,47.71,13,47.7,24,47.69,9,47.68,25,47.67,24,47.66,12,47.65,23,47.64,19,47.63,14,47.62,12,47.73,11,47.74,23,47.75,27,47.76,20,47.77,10,47.78,3,47.89,3,47.9,8,,,,
2020-10-29 09:34:35,47.705,47.71,1,47.7,24,47.71,3,47.71,47.7,47.7,24,47.69,9,47.68,25,47.67,24,47.66,12,47.65,23,47.64,19,47.63,14,47.62,12,47.61,7,47.71,3,47.72,8,47.73,10,47.74,23,47.75,27,47.76,20,47.77,10,47.78,3,47.89,3,47.9,8
2020-10-29 09:34:36,47.71,47.71,1,47.7,25,47.72,19,47.72,47.7,47.7,25,47.69,9,47.68,25,47.67,24,47.66,12,47.65,23,47.64,19,47.63,14,47.62,12,47.61,7,47.72,19,47.73,10,47.74,23,47.75,27,47.76,20,47.77,10,47.78,3,47.89,3,47.9,8,,
2020-10-29 09:34:37,47.71,47.71,1,47.7,24,47.72,15,47.72,47.7,47.7,24,47.69,9,47.68,25,47.67,24,47.66,12,47.65,23,47.64,19,47.63,14,47.62,12,47.61,7,47.72,15,47.73,10,47.74,23,47.75,27,47.76,20,47.77,10,47.78,3,47.89,3,47.9,8,,
2020-10-29 09:34:38,47.71,47.71,1,47.7,25,47.72,15,47.72,47.7,47.7,25,47.69,9,47.68,25,47.67,24,47.66,12,47.65,23,47.64,19,47.63,14,47.62,12,47.61,7,47.72,15,47.73,10,47.74,23,47.75,27,47.76,20,47.77,10,47.78,3,47.89,3,47.9,8,,
2020-10-29 09:34:39,47.71,47.71,1,47.7,27,47.72,15,47.72,47.7,47.7,27,47.69,9,47.68,25,47.67,24,47.66,12,47.65,23,47.64,19,47.63,14,47.62,12,47.61,7,47.72,15,47.73,10,47.74,23,47.75,27,47.76,20,47.77,10,47.78,3,47.89,3,47.9,8,,
2020-10-29 09:34:40,47.68,47.7,1,47.67,24,47.69,4,47.69,47.67,47.67,24,47.66,12,47.65,23,47.64,19,47.63,14,47.62,12,47.61,7,47.59,27,47.58,16,47.57,18,47.69,4,47.7,5,47.71,15,47.72,17,47.73,10,47.74,23,47.75,27,47.76,20,47.77,10,47.78,3
2020-10-29 09:34:41,47.695,47.69,1,47.69,11,47.7,12,47.7,47.69,47.69,11,47.68,22,47.67,23,47.66,12,47.65,23,47.64,19,47.63,14,47.62,12,47.61,7,47.59,27,47.7,12,47.71,15,47.72,17,47.73,10,47.74,23,47.75,27,47.76,20,47.77,10,47.78,3,47.89,3
2020-10-29 09:34:42,47.71,47.71,1,47.7,17,47.72,27,47.72,47.7,47.7,17,47.69,13,47.68,22,47.67,23,47.66,12,47.65,23,47.64,19,47.63,14,47.62,12,47.61,7,47.72,27,47.73,10,47.74,23,47.75,27,47.76,20,47.77,10,47.78,3,47.89,3,47.9,8,,
2020-10-29 09:34:43,47.715,47.71,2,47.71,5,47.72,27,47.72,47.71,47.71,5,47.7,16,47.69,13,47.68,22,47.67,23,47.66,12,47.65,23,47.64,19,47.63,14,47.62,12,47.72,27,47.73,10,47.74,23,47.75,27,47.76,20,47.77,10,47.78,3,47.89,3,47.9,8,,
2020-10-29 09:34:44,47.7,47.7,1,47.69,21,47.71,8,47.71,47.69,47.69,21,47.68,22,47.67,23,47.66,12,47.65,23,47.64,19,47.63,14,47.62,12,47.61,7,47.59,27,47.71,8,47.72,23,47.73,10,47.74,23,47.75,27,47.76,20,47.77,10,47.78,3,47.89,3,47.9,8
2020-10-29 09:34:45,47.7,47.7,1,47.69,1,47.71,20,47.71,47.69,47.69,1,47.68,24,47.67,23,47.66,12,47.65,23,47.64,19,47.63,14,47.62,12,47.61,7,47.59,27,47.71,20,47.72,23,47.73,10,47.74,23,47.75,27,47.76,20,47.77,10,47.78,3,47.89,3,47.9,8
2020-10-29 09:34:46,47.695,47.7,5,47.69,1,47.7,8,47.7,47.69,47.69,1,47.68,19,47.67,23,47.66,12,47.65,23,47.64,19,47.63,14,47.62,12,47.61,7,47.59,27,47.7,8,47.71,18,47.72,23,47.73,10,47.74,23,47.75,27,47.76,20,47.77,10,47.78,3,47.89,3
2020-10-29 09:34:47,47.705,47.7,1,47.7,9,47.71,5,47.71,47.7,47.7,9,47.69,18,47.68,19,47.67,23,47.66,12,47.65,23,47.64,19,47.63,14,47.62,12,47.61,7,47.71,5,47.72,32,47.73,10,47.74,23,47.75,27,47.76,20,47.77,10,47.78,3,47.89,3,47.9,8
2020-10-29 09:34:48,47.705,47.71,1,47.7,16,47.71,5,47.71,47.7,47.7,16,47.69,18,47.68,19,47.67,23,47.66,12,47.65,23,47.64,19,47.63,14,47.62,12,47.61,7,47.71,5,47.72,23,47.73,10,47.74,23,47.75,27,47.76,20,47.77,10,47.78,3,47.89,3,47.9,8
2020-10-29 09:34:49,47.705,47.71,1,47.7,2,47.71,9,47.71,47.7,47.7,2,47.69,7,47.68,19,47.67,23,47.66,12,47.65,23,47.64,19,47.63,14,47.62,12,47.61,7,47.71,9,47.72,36,47.73,10,47.74,23,47.75,27,47.76,20,47.77,10,47.78,3,47.89,3,47.9,8
2020-10-29 09:34:50,47.695,47.7,1,47.69,7,47.7,5,47.7,47.69,47.69,7,47.68,19,47.67,23,47.66,12,47.65,23,47.64,19,47.63,14,47.62,12,47.61,7,47.59,27,47.7,5,47.71,25,47.72,32,47.73,10,47.74,23,47.75,27,47.76,20,47.77,10,47.78,3,47.89,3
2020-10-29 09:34:51,47.695,47.7,1,47.69,3,47.7,9,47.7,47.69,47.69,3,47.68,22,47.67,23,47.66,12,47.65,23,47.64,19,47.63,14,47.62,12,47.61,7,47.59,27,47.7,9,47.71,25,47.72,32,47.73,10,47.74,23,47.75,27,47.76,20,47.77,10,47.78,3,47.89,3
2020-10-29 09:34:52,47.695,47.7,1,47.69,8,47.7,10,47.7,47.69,47.69,8,47.68,22,47.67,23,47.66,12,47.65,23,47.64,19,47.63,14,47.62,12,47.61,7,47.59,27,47.7,10,47.71,25,47.72,32,47.73,10,47.74,23,47.75,27,47.76,20,47.77,10,47.78,3,47.89,3
2020-10-29 09:34:53,47.705,47.71,1,47.7,9,47.71,16,47.71,47.7,47.7,9,47.69,34,47.68,22,47.67,23,47.66,12,47.65,23,47.64,19,47.63,14,47.62,12,47.61,7,47.71,16,47.72,32,47.73,10,47.74,23,47.75,27,47.76,20,47.77,10,47.78,3,47.89,3,47.9,8
2020-10-29 09:34:54,47.695,47.7,1,47.69,34,47.7,8,47.7,47.69,47.69,34,47.68,22,47.67,23,47.66,12,47.65,23,47.64,19,47.63,14,47.62,12,47.61,7,47.59,27,47.7,8,47.71,16,47.72,32,47.73,10,47.74,23,47.75,27,47.76,20,47.77,10,47.78,3,47.89,3
2020-10-29 09:34:55,47.695,47.7,1,47.69,34,47.7,8,47.7,47.69,47.69,34,47.68,22,47.67,23,47.66,12,47.65,23,47.64,19,47.63,14,47.62,12,47.61,7,47.59,27,47.7,8,47.71,26,47.72,32,47.73,10,47.74,23,47.75,27,47.76,20,47.77,10,47.78,3,47.89,3
2020-10-29 09:34:56,47.685,47.69,1,47.68,20,47.69,4,47.69,47.68,47.68,20,47.67,23,47.66,12,47.65,23,47.64,19,47.63,14,47.62,12,47.61,7,47.59,27,47.58,16,47.69,4,47.7,25,47.71,26,47.72,32,47.73,10,47.74,23,47.75,27,47.76,20,47.77,10,47.78,3
2020-10-29 09:34:57,47.685,47.69,1,47.68,12,47.69,5,47.69,47.68,47.68,12,47.67,23,47.66,12,47.65,23,47.64,19,47.63,14,47.62,12,47.61,7,47.59,27,47.58,16,47.69,5,47.7,28,47.71,26,47.72,32,47.73,10,47.74,23,47.75,27,47.76,20,47.77,10,47.78,3
2020-10-29 09:34:58,47.675,47.67,1,47.67,5,47.68,25,47.68,47.67,47.67,5,47.66,17,47.65,23,47.64,19,47.63,14,47.62,12,47.61,7,47.59,27,47.58,16,47.57,18,47.68,25,47.69,17,47.7,28,47.71,26,47.72,32,47.73,10,47.74,23,47.75,27,47.76,20,47.77,10
2020-10-29 09:34:59,47.675,47.68,1,47.67,2,47.68,23,47.68,47.67,47.67,2,47.66,17,47.65,23,47.64,19,47.63,14,47.62,12,47.61,7,47.59,27,47.58,16,47.57,18,47.68,23,47.69,17,47.7,28,47.71,26,47.72,32,47.73,10,47.74,23,47.75,27,47.76,20,47.77,10
2020-10-29 09:35:00,47.665,47.67,1,47.66,21,47.67,6,47.67,47.66,47.66,21,47.65,23,47.64,19,47.63,14,47.62,12,47.61,7,47.59,27,47.58,16,47.57,18,47.56,15,47.67,6,47.68,27,47.69,17,47.7,28,47.71,26,47.72,32,47.73,10,47.74,23,47.75,27,47.76,20
2020-10-29 09:35:01,47.655,47.66,1,47.65,24,47.66,7,47.66,47.65,47.65,24,47.64,19,47.63,14,47.62,12,47.61,7,47.59,27,47.58,16,47.57,18,47.56,15,,,47.66,7,47.67,19,47.68,27,47.69,17,47.7,28,47.71,26,47.72,32,47.73,10,47.74,23,47.75,27
2020-10-29 09:35:02,47.655,47.66,1,47.65,25,47.66,6,47.66,47.65,47.65,25,47.64,19,47.63,14,47.62,12,47.61,7,47.59,27,47.58,16,47.57,18,47.56,15,,,47.66,6,47.67,10,47.68,31,47.69,17,47.7,28,47.71,26,47.72,32,47.73,10,47.74,23,47.75,27
2020-10-29 09:35:03,47.655,47.67,1,47.65,15,47.66,3,47.66,47.65,47.65,15,47.64,19,47.63,14,47.62,12,47.61,7,47.59,27,47.58,16,47.57,18,47.56,15,,,47.66,3,47.67,12,47.68,31,47.69,17,47.7,28,47.71,26,47.72,32,47.73,10,47.74,23,47.75,27
2020-10-29 09:35:04,47.66,47.66,2,47.65,22,47.67,13,47.67,47.65,47.65,22,47.64,19,47.63,14,47.62,12,47.61,7,47.59,27,47.58,16,47.57,18,47.56,15,,,47.67,13,47.68,32,47.69,17,47.7,28,47.71,26,47.72,32,47.73,10,47.74,23,47.75,27,47.76,20
2020-10-29 09:35:05,47.66,47.66,2,47.65,13,47.67,13,47.67,47.65,47.65,13,47.64,19,47.63,14,47.62,12,47.61,7,47.59,27,47.58,16,47.57,18,47.56,15,,,47.67,13,47.68,32,47.69,17,47.7,28,47.71,26,47.72,32,47.73,10,47.74,23,47.75,27,47.76,20
2020-10-29 09:35:06,47.665,47.67,1,47.66,9,47.67,13,47.67,47.66,47.66,9,47.65,24,47.64,19,47.63,14,47.62,12,47.61,7,47.59,27,47.58,16,47.57,18,47.56,15,47.67,13,47.68,32,47.69,17,47.7,28,47.71,26,47.72,32,47.73,10,47.74,23,47.75,27,47.76,20
2020-10-29 09:35:07,47.675,47.68,1,47.67,17,47.68,24,47.68,47.67,47.67,17,47.66,20,47.65,24,47.64,19,47.63,14,47.62,12,47.61,7,47.59,27,47.58,16,47.57,18,47.68,24,47.69,17,47.7,28,47.71,26,47.72,32,47.73,10,47.74,23,47.75,27,47.76,20,47.77,10
2020-10-29 09:35:08,47.685,47.68,1,47.68,1,47.69,12,47.69,47.68,47.68,1,47.67,18,47.66,20,47.65,24,47.64,19,47.63,14,47.62,12,47.61,7,47.59,27,47.58,16,47.69,12,47.7,28,47.71,26,47.72,32,47.73,10,47.74,23,47.75,27,47.76,20,47.77,10,47.78,3
2020-10-29 09:35:09,47.68,47.68,2,47.67,18,47.69,18,47.69,47.67,47.67,18,47.66,20,47.65,24,47.64,19,47.63,14,47.62,12,47.61,7,47.59,27,47.58,16,47.57,18,47.69,18,47.7,28,47.71,26,47.72,32,47.73,10,47.74,23,47.75,27,47.76,20,47.77,10,47.78,3
2020-10-29 09:35:10,47.675,47.68,1,47.67,19,47.68,2,47.68,47.67,47.67,19,47.66,20,47.65,24,47.64,19,47.63,14,47.62,12,47.61,7,47.59,27,47.58,16,47.57,18,47.68,2,47.69,18,47.7,28,47.71,26,47.72,32,47.73,10,47.74,23,47.75,27,47.76,20,47.77,10
2020-10-29 09:35:11,47.675,47.68,1,47.67,20,47.68,1,47.68,47.67,47.67,20,47.66,20,47.65,24,47.64,19,47.63,14,47.62,12,47.61,7,47.59,27,47.58,16,47.57,18,47.68,1,47.69,21,47.7,28,47.71,26,47.72,32,47.73,10,47.74,23,47.75,27,47.76,20,47.77,10
2020-10-29 09:35:12,47.645,47.65,1,47.64,12,47.65,3,47.65,47.64,47.64,12,47.63,14,47.62,12,47.61,7,47.59,27,47.58,16,47.57,18,47.56,15,,,,,47.65,3,47.66,15,47.67,12,47.68,5,47.69,21,47.7,28,47.71,26,47.72,32,47.73,10,47.74,23
2020-10-29 09:35:13,47.655,47.65,1,47.65,12,47.66,14,47.66,47.65,47.65,12,47.64,29,47.63,14,47.62,12,47.61,7,47.59,27,47.58,16,47.57,18,47.56,15,,,47.66,14,47.67,12,47.68,5,47.69,21,47.7,28,47.71,26,47.72,32,47.73,10,47.74,23,47.75,27
2020-10-29 09:35:14,47.655,47.65,1,47.65,9,47.66,14,47.66,47.65,47.65,9,47.64,29,47.63,14,47.62,12,47.61,7,47.59,27,47.58,16,47.57,18,47.56,15,,,47.66,14,47.67,12,47.68,5,47.69,21,47.7,28,47.71,26,47.72,32,47.73,10,47.74,23,47.75,27
2020-10-29 09:35:15,47.65,47.65,1,47.64,25,47.66,20,47.66,47.64,47.64,25,47.63,14,47.62,12,47.61,7,47.59,27,47.58,16,47.57,18,47.56,15,,,,,47.66,20,47.67,12,47.68,5,47.69,21,47.7,28,47.71,26,47.72,32,47.73,10,47.74,23,47.75,27
2020-10-29 09:35:16,47.64,47.65,1,47.63,20,47.65,6,47.65,47.63,47.63,20,47.62,12,47.61,7,47.59,27,47.58,16,47.57,18,47.56,15,,,,,,,47.65,6,47.66,18,47.67,12,47.68,5,47.69,21,47.7,28,47.71,26,47.72,32,47.73,10,47.74,23
2020-10-29 09:35:17,47.625,47.65,1,47.62,13,47.63,2,47.63,47.62,47.62,13,47.61,7,47.59,27,47.58,16,47.57,18,47.56,15,,,,,,,,,47.63,2,47.64,5,47.65,6,47.66,18,47.67,12,47.68,5,47.69,21,47.7,28,47.71,26,47.72,32
2020-10-29 09:35:18,47.63,47.65,1,47.62,13,47.64,5,47.64,47.62,47.62,13,47.61,7,47.59,27,47.58,16,47.57,18,47.56,15,,,,,,,,,47.64,5,47.65,6,47.66,18,47.67,12,47.68,5,47.69,21,47.7,28,47.71,26,47.72,32,47.73,10
2020-10-29 09:35:19,47.645,47.64,1,47.64,10,47.65,7,47.65,47.64,47.64,10,47.63,28,47.62,13,47.61,7,47.59,27,47.58,16,47.57,18,47.56,15,,,,,47.65,7,47.66,18,47.67,12,47.68,5,47.69,21,47.7,28,47.71,26,47.72,32,47.73,10,47.74,23
2020-10-29 09:35:20,47.655,47.65,1,47.65,12,47.66,20,47.66,47.65,47.65,12,47.64,27,47.63,28,47.62,13,47.61,7,47.59,27,47.58,16,47.57,18,47.56,15,,,47.66,20,47.67,12,47.68,5,47.69,21,47.7,28,47.71,26,47.72,32,47.73,10,47.74,23,47.75,27
2020-10-29 09:35:21,47.645,47.65,1,47.64,17,47.65,12,47.65,47.64,47.64,17,47.63,28,47.62,13,47.61,7,47.59,27,47.58,16,47.57,18,47.56,15,,,,,47.65,12,47.66,21,47.67,12,47.68,5,47.69,21,47.7,28,47.71,26,47.72,32,47.73,10,47.74,23
2020-10-29 09:35:22,47.635,47.64,1,47.63,25,47.64,6,47.64,47.63,47.63,25,47.62,13,47.61,7,47.59,27,47.58,16,47.57,18,47.56,15,,,,,,,47.64,6,47.65,29,47.66,21,47.67,12,47.68,5,47.69,21,47.7,28,47.71,26,47.72,32,47.73,10
2020-10-29 09:35:23,47.63,47.63,1,47.62,16,47.64,8,47.64,47.62,47.62,16,47.61,7,47.59,27,47.58,16,47.57,18,47.56,15,,,,,,,,,47.64,8,47.65,33,47.66,21,47.67,12,47.68,5,47.69,21,47.7,28,47.71,26,47.72,32,47.73,10
2020-10-29 09:35:24,47.635,47.63,1,47.63,2,47.64,8,47.64,47.63,47.63,2,47.62,20,47.61,7,47.59,27,47.58,16,47.57,18,47.56,15,,,,,,,47.64,8,47.65,33,47.66,21,47.67,12,47.68,5,47.69,21,47.7,28,47.71,26,47.72,32,47.73,10
2020-10-29 09:35:25,47.635,47.63,1,47.63,29,47.64,10,47.64,47.63,47.63,29,47.62,10,47.61,24,47.59,27,47.58,16,47.57,18,47.56,15,,,,,,,47.64,10,47.65,33,47.66,21,47.67,12,47.68,5,47.69,21,47.7,28,47.71,26,47.72,32,47.73,10
2020-10-29 09:35:26,47.62,47.63,1,47.61,31,47.63,11,47.63,47.61,47.61,31,47.59,27,47.58,16,47.57,18,47.56,15,,,,,,,,,,,47.63,11,47.64,13,47.65,33,47.66,21,47.67,12,47.68,5,47.69,21,47.7,28,47.71,26,47.72,32
2020-10-29 09:35:27,47.625,47.63,1,47.62,7,47.63,16,47.63,47.62,47.62,7,47.61,28,47.59,27,47.58,16,47.57,18,47.56,15,,,,,,,,,47.63,16,47.64,13,47.65,33,47.66,21,47.67,12,47.68,5,47.69,21,47.7,28,47.71,26,47.72,32
2020-10-29 09:35:28,47.615,47.62,1,47.61,25,47.62,8,47.62,47.61,47.61,25,47.59,27,47.58,16,47.57,18,47.56,15,,,,,,,,,,,47.62,8,47.63,16,47.64,13,47.65,33,47.66,21,47.67,12,47.68,5,47.69,21,47.7,28,47.71,26
2020-10-29 09:35:29,47.61,47.61,1,47.6,26,47.62,7,47.62,47.6,47.6,26,47.59,27,47.58,16,47.57,18,47.56,15,,,,,,,,,,,47.62,7,47.63,15,47.64,13,47.65,33,47.66,21,47.67,12,47.68,5,47.69,21,47.7,28,47.71,26
2020-10-29 09:35:30,47.595,47.59,1,47.59,7,47.6,20,47.6,47.59,47.59,7,47.58,23,47.57,18,47.56,15,,,,,,,,,,,,,47.6,20,47.61,21,47.62,7,47.63,15,47.64,13,47.65,33,47.66,21,47.67,12,47.68,5,47.69,21
2020-10-29 09:35:31,47.59,47.59,1,47.58,23,47.6,14,47.6,47.58,47.58,23,47.57,18,47.56,15,,,,,,,,,,,,,,,47.6,14,47.61,21,47.62,7,47.63,15,47.64,13,47.65,33,47.66,21,47.67,12,47.68,5,47.69,21
2020-10-29 09:35:32,47.585,47.59,1,47.58,23,47.59,3,47.59,47.58,47.58,23,47.57,18,47.56,15,,,,,,,,,,,,,,,47.59,3,47.6,14,47.61,25,47.62,7,47.63,15,47.64,13,47.65,33,47.66,21,47.67,12,47.68,5
2020-10-29 09:35:33,47.585,47.58,1,47.58,5,47.59,8,47.59,47.58,47.58,5,47.57,20,47.56,15,,,,,,,,,,,,,,,47.59,8,47.6,14,47.61,25,47.62,7,47.63,15,47.64,13,47.65,33,47.66,21,47.67,12,47.68,5
2020-10-29 09:35:34,47.585,47.58,1,47.58,11,47.59,8,47.59,47.58,47.58,11,47.57,21,47.56,15,,,,,,,,,,,,,,,47.59,8,47.6,14,47.61,25,47.62,7,47.63,15,47.64,13,47.65,33,47.66,21,47.67,12,47.68,5
2020-10-29 09:35:35,47.575,47.58,1,47.57,20,47.58,2,47.58,47.57,47.57,20,47.56,15,,,,,,,,,,,,,,,,,47.58,2,47.59,8,47.6,11,47.61,25,47.62,7,47.63,15,47.64,13,47.65,33,47.66,21,47.67,12
2020-10-29 09:35:36,47.58,47.58,1,47.57,20,47.59,9,47.59,47.57,47.57,20,47.56,15,,,,,,,,,,,,,,,,,47.59,9,47.6,11,47.61,25,47.62,7,47.63,15,47.64,13,47.65,33,47.66,21,47.67,12,47.68,5
2020-10-29 09:35:37,47.59,47.59,1,47.58,19,47.6,23,47.6,47.58,47.58,19,47.57,20,47.56,15,,,,,,,,,,,,,,,47.6,23,47.61,25,47.62,7,47.63,15,47.64,13,47.65,33,47.66,21,47.67,12,47.68,5,47.69,21
2020-10-29 09:35:38,47.595,47.59,1,47.59,20,47.6,21,47.6,47.59,47.59,20,47.58,19,47.57,20,47.56,15,,,,,,,,,,,,,47.6,21,47.61,25,47.62,7,47.63,15,47.64,13,47.65,33,47.66,21,47.67,12,47.68,5,47.69,21
2020-10-29 09:35:39,47.595,47.6,1,47.59,23,47.6,4,47.6,47.59,47.59,23,47.58,19,47.57,20,47.56,15,,,,,,,,,,,,,47.6,4,47.61,27,47.62,7,47.63,15,47.64,13,47.65,33,47.66,21,47.67,12,47.68,5,47.69,21
2020-10-29 09:35:40,47.585,47.59,1,47.58,5,47.59,19,47.59,47.58,47.58,5,47.57,14,47.56,15,,,,,,,,,,,,,,,47.59,19,47.6,30,47.61,27,47.62,7,47.63,15,47.64,13,47.65,33,47.66,21,47.67,12,47.68,5
2020-10-29 09:35:41,47.595,47.59,1,47.59,13,47.6,12,47.6,47.59,47.59,15,47.58,14,47.57,14,47.56,15,,,,,,,,,,,,,47.6,13,47.61,27,47.62,7,47.63,15,47.64,13,47.65,33,47.66,21,47.67,12,47.68,5,47.69,21
2020-10-29 09:35:42,47.575,47.57,2,47.57,4,47.58,13,47.58,47.57,47.57,4,47.56,27,,,,,,,,,,,,,,,,,47.58,13,47.59,25,47.6,13,47.61,27,47.62,7,47.63,15,47.64,13,47.65,33,47.66,21,47.67,12
2020-10-29 09:35:43,47.565,47.57,2,47.56,29,47.57,5,47.57,47.56,47.56,29,,,,,,,,,,,,,,,,,,,47.57,5,47.58,17,47.59,25,47.6,13,47.61,27,47.62,7,47.63,15,47.64,13,47.65,33,47.66,21
2020-10-29 09:35:44,47.535,47.54,1,47.53,20,47.54,3,47.54,47.53,47.53,20,,,,,,,,,,,,,,,,,,,47.54,3,47.55,20,47.56,13,47.57,8,47.58,15,47.59,25,47.6,13,47.61,27,47.62,7,47.63,15
2020-10-29 09:35:45,47.545,47.54,1,47.54,7,47.55,8,47.55,47.54,47.54,7,47.53,32,,,,,,,,,,,,,,,,,47.55,8,47.56,13,47.57,8,47.58,15,47.59,25,47.6,13,47.61,27,47.62,7,47.63,15,47.64,13
2020-10-29 09:35:46,47.56,47.56,2,47.55,27,47.57,29,47.57,47.55,47.55,27,47.54,9,47.53,32,,,,,,,,,,,,,,,47.57,29,47.58,15,47.59,25,47.6,13,47.61,27,47.62,7,47.63,15,47.64,13,47.65,33,47.66,21
2020-10-29 09:35:47,47.56,47.55,1,47.55,24,47.57,28,47.57,47.55,47.55,24,47.54,25,47.53,32,,,,,,,,,,,,,,,47.57,28,47.58,15,47.59,25,47.6,13,47.61,27,47.62,7,47.63,15,47.64,13,47.65,33,47.66,21
2020-10-29 09:35:48,47.555,47.56,2,47.55,21,47.56,32,47.56,47.55,47.55,21,47.54,25,47.53,32,,,,,,,,,,,,,,,47.56,32,47.57,28,47.58,15,47.59,25,47.6,13,47.61,27,47.62,7,47.63,15,47.64,13,47.65,33
2020-10-29 09:35:49,47.555,47.56,2,47.55,20,47.56,32,47.56,47.55,47.55,20,47.54,25,47.53,32,,,,,,,,,,,,,,,47.56,32,47.57,28,47.58,15,47.59,25,47.6,13,47.61,27,47.62,7,47.63,15,47.64,13,47.65,33
2020-10-29 09:35:50,47.545,47.55,1,47.54,12,47.55,9,47.55,47.54,47.54,12,47.53,32,,,,,,,,,,,,,,,,,47.55,9,47.56,25,47.57,28,47.58,15,47.59,25,47.6,13,47.61,27,47.62,7,47.63,15,47.64,13
2020-10-29 09:35:51,47.545,47.55,1,47.54,14,47.55,31,47.55,47.54,47.54,14,47.53,32,,,,,,,,,,,,,,,,,47.55,31,47.56,27,47.57,28,47.58,15,47.59,25,47.6,13,47.61,27,47.62,7,47.63,15,47.64,13
2020-10-29 09:35:52,47.545,47.55,1,47.54,14,47.55,32,47.55,47.54,47.54,14,47.53,32,,,,,,,,,,,,,,,,,47.55,32,47.56,27,47.57,28,47.58,15,47.59,25,47.6,13,47.61,27,47.62,7,47.63,15,47.64,13
2020-10-29 09:35:53,47.535,47.54,1,47.53,27,47.54,25,47.54,47.53,47.53,27,,,,,,,,,,,,,,,,,,,47.54,25,47.55,79,47.56,27,47.57,28,47.58,15,47.59,25,47.6,13,47.61,27,47.62,7,47.63,15
2020-10-29 09:35:54,47.54,47.54,1,47.53,28,47.55,27,47.55,47.53,47.53,28,,,,,,,,,,,,,,,,,,,47.55,27,47.56,27,47.57,28,47.58,15,47.59,25,47.6,13,47.61,27,47.62,7,47.63,15,47.64,13
2020-10-29 09:35:55,47.535,47.54,1,47.53,25,47.54,34,47.54,47.53,47.53,25,,,,,,,,,,,,,,,,,,,47.54,34,47.55,27,47.56,27,47.57,28,47.58,15,47.59,25,47.6,13,47.61,27,47.62,7,47.63,15
2020-10-29 09:35:56,47.525,47.52,1,47.52,28,47.53,23,47.53,47.52,47.52,28,47.51,13,,,,,,,,,,,,,,,,,47.53,23,47.54,34,47.55,27,47.56,27,47.57,28,47.58,15,47.59,25,47.6,13,47.61,27,47.62,7
2020-10-29 09:35:57,47.515,47.52,7,47.51,13,47.52,9,47.52,47.51,47.51,13,,,,,,,,,,,,,,,,,,,47.52,9,47.53,23,47.54,34,47.55,27,47.56,27,47.57,28,47.58,15,47.59,25,47.6,13,47.61,27
2020-10-29 09:35:58,47.525,47.52,1,47.52,25,47.53,32,47.53,47.52,47.52,25,47.51,13,,,,,,,,,,,,,,,,,47.53,32,47.54,34,47.55,27,47.56,27,47.57,28,47.58,15,47.59,25,47.6,13,47.61,27,47.62,7
2020-10-29 09:35:59,47.525,47.53,10,47.52,31,47.53,20,47.53,47.52,47.52,31,47.51,13,,,,,,,,,,,,,,,,,47.53,20,47.54,34,47.55,27,47.56,27,47.57,28,47.58,15,47.59,25,47.6,13,47.61,27,47.62,7
2020-10-29 09:36:00,47.525,47.53,1,47.52,17,47.53,15,47.53,47.52,47.52,17,47.51,13,,,,,,,,,,,,,,,,,47.53,15,47.54,34,47.55,27,47.56,27,47.57,28,47.58,15,47.59,25,47.6,13,47.61,27,47.62,7
2020-10-29 09:36:01,47.525,47.52,1,47.52,10,47.53,28,47.53,47.52,47.52,10,47.51,13,,,,,,,,,,,,,,,,,47.53,28,47.54,34,47.55,27,47.56,27,47.57,28,47.58,15,47.59,25,47.6,13,47.61,27,47.62,7
2020-10-29 09:36:02,47.525,47.53,10,47.52,10,47.53,17,47.53,47.52,47.52,10,47.51,13,,,,,,,,,,,,,,,,,47.53,17,47.54,34,47.55,27,47.56,27,47.57,28,47.58,15,47.59,25,47.6,13,47.61,27,47.62,7
2020-10-29 09:36:03,47.515,47.52,10,47.51,13,47.52,7,47.52,47.51,47.51,13,,,,,,,,,,,,,,,,,,,47.52,7,47.53,20,47.54,34,47.55,27,47.56,27,47.57,28,47.58,15,47.59,25,47.6,13,47.61,27
2020-10-29 09:36:04,47.525,47.52,1,47.52,24,47.53,16,47.53,47.52,47.52,24,47.51,13,,,,,,,,,,,,,,,,,47.53,16,47.54,34,47.55,27,47.56,27,47.57,28,47.58,15,47.59,25,47.6,13,47.61,27,47.62,7
2020-10-29 09:36:05,47.515,47.51,1,47.51,28,47.52,20,47.52,47.51,47.51,28,47.5,154,,,,,,,,,,,,,,,,,47.52,20,47.53,20,47.54,34,47.55,27,47.56,27,47.57,28,47.58,15,47.59,25,47.6,13,47.61,27
2020-10-29 09:36:06,47.515,47.52,1,47.51,20,47.52,18,47.52,47.51,47.51,20,47.5,154,,,,,,,,,,,,,,,,,47.52,18,47.53,20,47.54,34,47.55,27,47.56,27,47.57,28,47.58,15,47.59,25,47.6,13,47.61,27
2020-10-29 09:36:08,47.525,47.52,1,47.52,3,47.53,16,47.53,47.52,47.52,3,47.51,20,47.5,154,,,,,,,,,,,,,,,47.53,16,47.54,34,47.55,27,47.56,27,47.57,28,47.58,15,47.59,25,47.6,13,47.61,27,47.62,7
2020-10-29 09:36:09,47.525,47.52,1,47.52,8,47.53,17,47.53,47.52,47.52,8,47.51,21,47.5,154,,,,,,,,,,,,,,,47.53,17,47.54,34,47.55,27,47.56,27,47.57,28,47.58,15,47.59,25,47.6,13,47.61,27,47.62,7
2020-10-29 09:36:10,47.525,47.52,1,47.52,17,47.53,17,47.53,47.52,47.52,17,47.51,21,47.5,154,,,,,,,,,,,,,,,47.53,17,47.54,34,47.55,27,47.56,27,47.57,28,47.58,15,47.59,25,47.6,13,47.61,27,47.62,7
2020-10-29 09:36:11,47.525,47.52,1,47.52,16,47.53,18,47.53,47.52,47.52,16,47.51,21,47.5,154,,,,,,,,,,,,,,,47.53,18,47.54,34,47.55,27,47.56,27,47.57,28,47.58,15,47.59,25,47.6,13,47.61,27,47.62,7
2020-10-29 09:36:12,47.545,47.55,1,47.54,9,47.55,12,47.55,47.54,47.54,9,47.53,37,47.52,47,47.51,21,47.5,154,,,,,,,,,,,47.55,12,47.56,27,47.57,28,47.58,15,47.59,25,47.6,13,47.61,27,47.62,7,47.63,15,47.64,13
2020-10-29 09:36:13,47.545,47.54,1,47.54,14,47.55,15,47.55,47.54,47.54,14,47.53,26,47.52,47,47.51,21,47.5,154,,,,,,,,,,,47.55,15,47.56,27,47.57,28,47.58,15,47.59,25,47.6,13,47.61,27,47.62,7,47.63,15,47.64,13
2020-10-29 09:36:14,47.545,47.55,1,47.54,23,47.55,5,47.55,47.54,47.54,23,47.53,26,47.52,47,47.51,21,47.5,154,,,,,,,,,,,47.55,5,47.56,36,47.57,28,47.58,15,47.59,25,47.6,13,47.61,27,47.62,7,47.63,15,47.64,13
2020-10-29 09:36:15,47.565,47.56,1,47.56,23,47.57,6,47.57,47.56,47.56,23,47.55,30,47.54,23,47.53,26,47.52,47,47.51,21,47.5,154,,,,,,,47.57,6,47.58,15,47.59,25,47.6,13,47.61,27,47.62,7,47.63,15,47.64,13,47.65,33,47.66,21
2020-10-29 09:36:16,47.565,47.56,1,47.56,18,47.57,24,47.57,47.56,47.56,18,47.55,30,47.54,23,47.53,26,47.52,47,47.51,21,47.5,154,,,,,,,47.57,24,47.58,15,47.59,25,47.6,13,47.61,27,47.62,7,47.63,15,47.64,13,47.65,33,47.66,21
2020-10-29 09:36:17,47.545,47.54,1,47.54,24,47.55,9,47.55,47.54,47.54,24,47.53,26,47.52,47,47.51,21,47.5,154,,,,,,,,,,,47.55,9,47.56,31,47.57,24,47.58,15,47.59,25,47.6,13,47.61,27,47.62,7,47.63,15,47.64,13
2020-10-29 09:36:18,47.55,47.54,1,47.54,24,47.56,28,47.56,47.54,47.54,24,47.53,26,47.52,47,47.51,21,47.5,154,,,,,,,,,,,47.56,28,47.57,24,47.58,15,47.59,25,47.6,13,47.61,27,47.62,7,47.63,15,47.64,13,47.65,33
2020-10-29 09:36:19,47.55,47.54,1,47.54,24,47.56,26,47.56,47.54,47.54,24,47.53,26,47.52,47,47.51,21,47.5,154,,,,,,,,,,,47.56,26,47.57,24,47.58,15,47.59,25,47.6,13,47.61,27,47.62,7,47.63,15,47.64,13,47.65,33
2020-10-29 09:36:20,47.545,47.54,1,47.54,14,47.55,24,47.55,47.54,47.54,14,47.53,26,47.52,47,47.51,21,47.5,154,,,,,,,,,,,47.55,24,47.56,26,47.57,24,47.58,15,47.59,25,47.6,13,47.61,27,47.62,7,47.63,15,47.64,13
2020-10-29 09:36:21,47.54,47.54,1,47.53,27,47.55,22,47.55,47.53,47.53,27,47.52,47,47.51,21,47.5,154,,,,,,,,,,,,,47.55,22,47.56,26,47.57,24,47.58,15,47.59,25,47.6,13,47.61,27,47.62,7,47.63,15,47.64,13
2020-10-29 09:36:22,47.535,47.54,1,47.53,28,47.54,3,47.54,47.53,47.53,28,47.52,47,47.51,21,47.5,154,,,,,,,,,,,,,47.54,3,47.55,23,47.56,24,47.57,24,47.58,15,47.59,25,47.6,13,47.61,27,47.62,7,47.63,15
2020-10-29 09:36:23,47.535,47.54,1,47.53,28,47.54,2,47.54,47.53,47.53,28,47.52,47,47.51,21,47.5,154,,,,,,,,,,,,,47.54,2,47.55,23,47.56,24,47.57,24,47.58,15,47.59,25,47.6,13,47.61,27,47.62,7,47.63,15
2020-10-29 09:36:24,47.535,47.53,1,47.53,7,47.54,20,47.54,47.53,47.53,7,47.52,21,47.51,21,47.5,154,,,,,,,,,,,,,47.54,20,47.55,23,47.56,24,47.57,24,47.58,15,47.59,25,47.6,13,47.61,27,47.62,7,47.63,15
2020-10-29 09:36:25,47.535,47.53,1,47.53,13,47.54,16,47.54,47.53,47.53,13,47.52,21,47.51,21,47.5,154,,,,,,,,,,,,,47.54,16,47.55,23,47.56,24,47.57,24,47.58,15,47.59,25,47.6,13,47.61,27,47.62,7,47.63,15
2020-10-29 09:36:26,47.54,47.54,30,47.53,26,47.55,25,47.55,47.53,47.53,26,47.52,21,47.51,21,47.5,154,,,,,,,,,,,,,47.55,25,47.56,24,47.57,24,47.58,15,47.59,25,47.6,13,47.61,27,47.62,7,47.63,15,47.64,13
2020-10-29 09:36:27,47.54,47.54,30,47.53,36,47.55,21,47.55,47.53,47.53,36,47.52,21,47.51,21,47.5,154,,,,,,,,,,,,,47.55,21,47.56,24,47.57,24,47.58,15,47.59,25,47.6,13,47.61,27,47.62,7,47.63,15,47.64,13
2020-10-29 09:36:28,47.535,47.54,1,47.53,13,47.54,23,47.54,47.53,47.53,13,47.52,23,47.51,21,47.5,154,,,,,,,,,,,,,47.54,23,47.55,26,47.56,24,47.57,24,47.58,15,47.59,25,47.6,13,47.61,27,47.62,7,47.63,15
2020-10-29 09:36:29,47.535,47.54,1,47.53,4,47.54,29,47.54,47.53,47.53,4,47.52,26,47.51,21,47.5,154,,,,,,,,,,,,,47.54,29,47.55,26,47.56,24,47.57,24,47.58,15,47.59,25,47.6,13,47.61,27,47.62,7,47.63,15
2020-10-29 09:36:30,47.545,47.54,1,47.54,7,47.55,26,47.55,47.54,47.54,7,47.53,33,47.52,26,47.51,21,47.5,154,,,,,,,,,,,47.55,26,47.56,24,47.57,24,47.58,15,47.59,25,47.6,13,47.61,27,47.62,7,47.63,15,47.64,13
2020-10-29 09:36:31,47.545,47.54,1,47.54,11,47.55,25,47.55,47.54,47.54,11,47.53,22,47.52,26,47.51,21,47.5,154,,,,,,,,,,,47.55,25,47.56,24,47.57,24,47.58,15,47.59,25,47.6,13,47.61,27,47.62,7,47.63,15,47.64,13
2020-10-29 09:36:32,47.565,47.55,2,47.56,6,47.57,26,47.57,47.56,47.56,6,47.55,26,47.54,24,47.53,22,47.52,26,47.51,21,47.5,154,,,,,,,47.57,26,47.58,15,47.59,25,47.6,13,47.61,27,47.62,7,47.63,15,47.64,13,47.65,33,47.66,21
2020-10-29 09:36:33,47.555,47.55,1,47.55,10,47.56,22,47.56,47.55,47.55,10,47.54,29,47.53,22,47.52,26,47.51,21,47.5,154,,,,,,,,,47.56,22,47.57,29,47.58,15,47.59,25,47.6,13,47.61,27,47.62,7,47.63,15,47.64,13,47.65,33
2020-10-29 09:36:34,47.555,47.56,1,47.55,17,47.56,12,47.56,47.55,47.55,17,47.54,29,47.53,22,47.52,26,47.51,21,47.5,154,,,,,,,,,47.56,12,47.57,30,47.58,15,47.59,25,47.6,13,47.61,27,47.62,7,47.63,15,47.64,13,47.65,33
2020-10-29 09:36:35,47.545,47.55,1,47.54,23,47.55,20,47.55,47.54,47.54,23,47.53,22,47.52,26,47.51,21,47.5,154,,,,,,,,,,,47.55,20,47.56,38,47.57,30,47.58,15,47.59,25,47.6,13,47.61,27,47.62,7,47.63,15,47.64,13
2020-10-29 09:36:36,47.545,47.55,1,47.54,24,47.55,19,47.55,47.54,47.54,24,47.53,22,47.52,26,47.51,21,47.5,154,,,,,,,,,,,47.55,19,47.56,38,47.57,30,47.58,15,47.59,25,47.6,13,47.61,27,47.62,7,47.63,15,47.64,13
2020-10-29 09:36:37,47.545,47.55,1,47.54,23,47.55,23,47.55,47.54,47.54,23,47.53,22,47.52,26,47.51,21,47.5,154,,,,,,,,,,,47.55,23,47.56,38,47.57,30,47.58,15,47.59,25,47.6,13,47.61,27,47.62,7,47.63,15,47.64,13
2020-10-29 09:36:38,47.545,47.55,1,47.54,23,47.55,26,47.55,47.54,47.54,23,47.53,22,47.52,26,47.51,21,47.5,154,,,,,,,,,,,47.55,26,47.56,38,47.57,30,47.58,15,47.59,25,47.6,13,47.61,27,47.62,7,47.63,15,47.64,13
2020-10-29 09:36:39,47.545,47.55,1,47.54,24,47.55,20,47.55,47.54,47.54,24,47.53,22,47.52,26,47.51,21,47.5,154,,,,,,,,,,,47.55,20,47.56,27,47.57,30,47.58,15,47.59,25,47.6,13,47.61,27,47.62,7,47.63,15,47.64,13
2020-10-29 09:36:40,47.555,47.56,3,47.55,36,47.56,25,47.56,47.55,47.55,36,47.54,36,47.53,22,47.52,26,47.51,21,47.5,154,,,,,,,,,47.56,25,47.57,30,47.58,15,47.59,25,47.6,13,47.61,27,47.62,7,47.63,15,47.64,13,47.65,33
2020-10-29 09:36:41,47.56,47.56,2,47.55,34,47.57,27,47.57,47.55,47.55,34,47.54,36,47.53,22,47.52,26,47.51,21,47.5,154,,,,,,,,,47.57,27,47.58,15,47.59,25,47.6,13,47.61,27,47.62,7,47.63,15,47.64,13,47.65,33,47.66,21
2020-10-29 09:36:42,47.56,47.56,2,47.55,34,47.57,27,47.57,47.55,47.55,34,47.54,36,47.53,22,47.52,26,47.51,21,47.5,154,,,,,,,,,47.57,27,47.58,15,47.59,25,47.6,13,47.61,27,47.62,7,47.63,15,47.64,13,47.65,33,47.66,21
2020-10-29 09:36:43,47.56,47.56,2,47.55,34,47.57,24,47.57,47.55,47.55,34,47.54,36,47.53,22,47.52,26,47.51,21,47.5,154,,,,,,,,,47.57,24,47.58,15,47.59,25,47.6,13,47.61,27,47.62,7,47.63,15,47.64,13,47.65,33,47.66,21
2020-10-29 09:36:44,47.565,47.56,2,47.56,10,47.57,21,47.57,47.56,47.56,10,47.55,34,47.54,36,47.53,22,47.52,26,47.51,21,47.5,154,,,,,,,47.57,21,47.58,15,47.59,25,47.6,13,47.61,27,47.62,7,47.63,15,47.64,13,47.65,33,47.66,21
2020-10-29 09:36:45,47.59,47.58,2,47.58,29,47.6,23,47.6,47.58,47.58,29,47.57,46,47.56,33,47.55,34,47.54,36,47.53,22,47.52,26,47.51,21,47.5,154,,,47.6,23,47.61,27,47.62,7,47.63,15,47.64,13,47.65,33,47.66,21,47.67,12,47.68,5,47.69,21
2020-10-29 09:36:46,47.59,47.58,2,47.58,28,47.6,24,47.6,47.58,47.58,28,47.57,46,47.56,33,47.55,34,47.54,36,47.53,22,47.52,26,47.51,21,47.5,154,,,47.6,24,47.61,27,47.62,7,47.63,15,47.64,13,47.65,33,47.66,21,47.67,12,47.68,5,47.69,21
2020-10-29 09:36:47,47.595,47.58,2,47.59,10,47.6,3,47.6,47.59,47.59,10,47.58,25,47.57,46,47.56,33,47.55,34,47.54,36,47.53,22,47.52,26,47.51,21,47.5,154,47.6,3,47.61,26,47.62,7,47.63,15,47.64,13,47.65,33,47.66,21,47.67,12,47.68,5,47.69,21
2020-10-29 09:36:48,47.6,47.58,2,47.59,14,47.61,30,47.61,47.59,47.59,14,47.58,25,47.57,46,47.56,33,47.55,34,47.54,36,47.53,22,47.52,26,47.51,21,47.5,154,47.61,30,47.62,7,47.63,15,47.64,13,47.65,33,47.66,21,47.67,12,47.68,5,47.69,21,47.7,28
2020-10-29 09:36:49,47.61,47.61,3,47.6,13,47.62,29,47.62,47.6,47.6,13,47.59,25,47.58,25,47.57,46,47.56,33,47.55,34,47.54,36,47.53,22,47.52,26,47.51,21,47.62,29,47.63,15,47.64,13,47.65,33,47.66,21,47.67,12,47.68,5,47.69,21,47.7,28,47.71,26
2020-10-29 09:36:50,47.61,47.61,3,47.6,13,47.62,29,47.62,47.6,47.6,13,47.59,25,47.58,25,47.57,46,47.56,33,47.55,34,47.54,36,47.53,22,47.52,26,47.51,21,47.62,29,47.63,15,47.64,13,47.65,33,47.66,21,47.67,12,47.68,5,47.69,21,47.7,28,47.71,26
2020-10-29 09:36:51,47.595,47.59,3,47.59,15,47.6,26,47.6,47.59,47.59,15,47.58,29,47.57,46,47.56,33,47.55,34,47.54,36,47.53,22,47.52,26,47.51,21,47.5,154,47.6,26,47.61,55,47.62,29,47.63,15,47.64,13,47.65,33,47.66,21,47.67,12,47.68,5,47.69,21
2020-10-29 09:36:52,47.605,47.6,1,47.6,28,47.61,34,47.61,47.6,47.6,28,47.59,38,47.58,29,47.57,46,47.56,33,47.55,34,47.54,36,47.53,22,47.52,26,47.51,21,47.61,34,47.62,29,47.63,15,47.64,13,47.65,33,47.66,21,47.67,12,47.68,5,47.69,21,47.7,28
2020-10-29 09:36:53,47.595,47.6,1,47.59,35,47.6,29,47.6,47.59,47.59,35,47.58,38,47.57,46,47.56,33,47.55,34,47.54,36,47.53,22,47.52,26,47.51,21,47.5,154,47.6,29,47.61,35,47.62,29,47.63,15,47.64,13,47.65,33,47.66,21,47.67,12,47.68,5,47.69,21
2020-10-29 09:36:54,47.605,47.6,1,47.6,6,47.61,19,47.61,47.6,47.6,6,47.59,30,47.58,38,47.57,46,47.56,33,47.55,34,47.54,36,47.53,22,47.52,26,47.51,21,47.61,19,47.62,29,47.63,15,47.64,13,47.65,33,47.66,21,47.67,12,47.68,5,47.69,21,47.7,28
2020-10-29 09:36:55,47.595,47.6,1,47.59,26,47.6,2,47.6,47.59,47.59,26,47.58,38,47.57,46,47.56,33,47.55,34,47.54,36,47.53,22,47.52,26,47.51,21,47.5,154,47.6,2,47.61,10,47.62,29,47.63,15,47.64,13,47.65,33,47.66,21,47.67,12,47.68,5,47.69,21
2020-10-29 09:36:56,47.61,47.61,1,47.6,28,47.62,22,47.62,47.6,47.6,28,47.59,26,47.58,38,47.57,46,47.56,33,47.55,34,47.54,36,47.53,22,47.52,26,47.51,21,47.62,22,47.63,15,47.64,13,47.65,33,47.66,21,47.67,12,47.68,5,47.69,21,47.7,28,47.71,26
2020-10-29 09:36:57,47.605,47.61,1,47.6,12,47.61,3,47.61,47.6,47.6,12,47.59,26,47.58,38,47.57,46,47.56,33,47.55,34,47.54,36,47.53,22,47.52,26,47.51,21,47.61,3,47.62,22,47.63,15,47.64,13,47.65,33,47.66,21,47.67,12,47.68,5,47.69,21,47.7,28
2020-10-29 09:36:58,47.605,47.61,1,47.6,11,47.61,9,47.61,47.6,47.6,11,47.59,26,47.58,38,47.57,46,47.56,33,47.55,34,47.54,36,47.53,22,47.52,26,47.51,21,47.61,9,47.62,22,47.63,15,47.64,13,47.65,33,47.66,21,47.67,12,47.68,5,47.69,21,47.7,28
2020-10-29 09:36:59,47.615,47.61,1,47.61,4,47.62,20,47.62,47.61,47.61,4,47.6,13,47.59,26,47.58,38,47.57,46,47.56,33,47.55,34,47.54,36,47.53,22,47.52,26,47.62,20,47.63,15,47.64,13,47.65,33,47.66,21,47.67,12,47.68,5,47.69,21,47.7,28,47.71,26
2020-10-29 09:37:00,47.61,47.61,1,47.61,4,47.61,8,47.61,47.61,47.61,3,47.6,28,47.59,26,47.58,38,47.57,46,47.56,33,47.55,34,47.54,36,47.53,22,47.52,26,47.61,8,47.62,22,47.63,15,47.64,13,47.65,33,47.66,21,47.67,12,47.68,5,47.69,21,47.7,28
2020-10-29 09:37:01,47.635,47.64,1,47.63,13,47.64,16,47.64,47.63,47.63,13,47.62,25,47.61,9,47.6,28,47.59,26,47.58,38,47.57,46,47.56,33,47.55,34,47.54,36,47.64,16,47.65,33,47.66,21,47.67,12,47.68,5,47.69,21,47.7,28,47.71,26,47.72,32,47.73,10
2020-10-29 09:37:02,47.645,47.64,1,47.64,12,47.65,21,47.65,47.64,47.64,12,47.63,10,47.62,25,47.61,9,47.6,28,47.59,26,47.58,38,47.57,46,47.56,33,47.55,34,47.65,21,47.66,21,47.67,12,47.68,5,47.69,21,47.7,28,47.71,26,47.72,32,47.73,10,47.74,23
2020-10-29 09:37:03,47.645,47.64,1,47.64,17,47.65,24,47.65,47.64,47.64,17,47.63,10,47.62,25,47.61,9,47.6,28,47.59,26,47.58,38,47.57,46,47.56,33,47.55,34,47.65,24,47.66,21,47.67,12,47.68,5,47.69,21,47.7,28,47.71,26,47.72,32,47.73,10,47.74,23
2020-10-29 09:37:04,47.645,47.64,1,47.64,13,47.65,21,47.65,47.64,47.64,13,47.63,11,47.62,25,47.61,9,47.6,28,47.59,26,47.58,38,47.57,46,47.56,33,47.55,34,47.65,21,47.66,21,47.67,12,47.68,5,47.69,21,47.7,28,47.71,26,47.72,32,47.73,10,47.74,23
2020-10-29 09:37:05,47.645,47.65,3,47.64,10,47.65,19,47.65,47.64,47.64,10,47.63,11,47.62,25,47.61,9,47.6,28,47.59,26,47.58,38,47.57,46,47.56,33,47.55,34,47.65,19,47.66,21,47.67,12,47.68,5,47.69,21,47.7,28,47.71,26,47.72,32,47.73,10,47.74,23
2020-10-29 09:37:06,47.645,47.65,3,47.64,11,47.65,20,47.65,47.64,47.64,11,47.63,11,47.62,25,47.61,9,47.6,28,47.59,26,47.58,38,47.57,46,47.56,33,47.55,34,47.65,20,47.66,21,47.67,12,47.68,5,47.69,21,47.7,28,47.71,26,47.72,32,47.73,10,47.74,23
2020-10-29 09:37:07,47.645,47.65,3,47.64,11,47.65,20,47.65,47.64,47.64,11,47.63,11,47.62,25,47.61,9,47.6,28,47.59,26,47.58,38,47.57,46,47.56,33,47.55,34,47.65,20,47.66,21,47.67,12,47.68,5,47.69,21,47.7,28,47.71,26,47.72,32,47.73,10,47.74,23
2020-10-29 09:37:08,47.645,47.64,1,47.64,9,47.65,37,47.65,47.64,47.64,9,47.63,11,47.62,25,47.61,9,47.6,28,47.59,26,47.58,38,47.57,46,47.56,33,47.55,34,47.65,37,47.66,21,47.67,12,47.68,5,47.69,21,47.7,28,47.71,26,47.72,32,47.73,10,47.74,23
2020-10-29 09:37:09,47.635,47.64,2,47.63,11,47.64,3,47.64,47.63,47.63,11,47.62,34,47.61,9,47.6,28,47.59,26,47.58,38,47.57,46,47.56,33,47.55,34,47.54,36,47.64,3,47.65,35,47.66,21,47.67,12,47.68,5,47.69,21,47.7,28,47.71,26,47.72,32,47.73,10
2020-10-29 09:37:10,47.63,47.63,3,47.62,34,47.64,20,47.64,47.62,47.62,34,47.61,9,47.6,28,47.59,26,47.58,38,47.57,46,47.56,33,47.55,34,47.54,36,47.53,22,47.64,20,47.65,37,47.66,21,47.67,12,47.68,5,47.69,21,47.7,28,47.71,26,47.72,32,47.73,10
2020-10-29 09:37:11,47.635,47.64,1,47.63,20,47.64,20,47.64,47.63,47.63,20,47.62,34,47.61,9,47.6,28,47.59,26,47.58,38,47.57,46,47.56,33,47.55,34,47.54,36,47.64,20,47.65,38,47.66,21,47.67,12,47.68,5,47.69,21,47.7,28,47.71,26,47.72,32,47.73,10
2020-10-29 09:37:12,47.635,47.63,2,47.63,17,47.64,20,47.64,47.63,47.63,17,47.62,34,47.61,9,47.6,28,47.59,26,47.58,38,47.57,46,47.56,33,47.55,34,47.54,36,47.64,20,47.65,38,47.66,21,47.67,12,47.68,5,47.69,21,47.7,28,47.71,26,47.72,32,47.73,10
2020-10-29 09:37:13,47.635,47.64,1,47.63,23,47.64,2,47.64,47.63,47.63,23,47.62,34,47.61,9,47.6,28,47.59,26,47.58,38,47.57,46,47.56,33,47.55,34,47.54,36,47.64,2,47.65,35,47.66,21,47.67,12,47.68,5,47.69,21,47.7,28,47.71,26,47.72,32,47.73,10
2020-10-29 09:37:14,47.635,47.63,1,47.63,4,47.64,34,47.64,47.63,47.63,4,47.62,21,47.61,9,47.6,28,47.59,26,47.58,38,47.57,46,47.56,33,47.55,34,47.54,36,47.64,35,47.65,34,47.66,21,47.67,12,47.68,5,47.69,21,47.7,28,47.71,26,47.72,32,47.73,10
2020-10-29 09:37:15,47.615,47.61,3,47.61,18,47.62,23,47.62,47.61,47.61,18,47.6,28,47.59,26,47.58,38,47.57,46,47.56,33,47.55,34,47.54,36,47.53,22,47.52,26,47.62,23,47.63,33,47.64,62,47.65,34,47.66,21,47.67,12,47.68,5,47.69,21,47.7,28,47.71,26
2020-10-29 09:37:16,47.605,47.61,3,47.6,24,47.61,3,47.61,47.6,47.6,24,47.59,26,47.58,38,47.57,46,47.56,33,47.55,34,47.54,36,47.53,22,47.52,26,47.51,21,47.61,3,47.62,25,47.63,30,47.64,62,47.65,34,47.66,21,47.67,12,47.68,5,47.69,21,47.7,28
2020-10-29 09:37:17,47.605,47.6,1,47.6,11,47.61,19,47.61,47.6,47.6,11,47.59,28,47.58,38,47.57,46,47.56,33,47.55,34,47.54,36,47.53,22,47.52,26,47.51,21,47.61,19,47.62,25,47.63,30,47.64,62,47.65,34,47.66,21,47.67,12,47.68,5,47.69,21,47.7,28
2020-10-29 09:37:18,47.605,47.61,1,47.6,12,47.61,24,47.61,47.6,47.6,12,47.59,28,47.58,38,47.57,46,47.56,33,47.55,34,47.54,36,47.53,22,47.52,26,47.51,21,47.61,24,47.62,25,47.63,30,47.64,62,47.65,34,47.66,21,47.67,12,47.68,5,47.69,21,47.7,28
2020-10-29 09:37:19,47.605,47.61,1,47.6,12,47.61,24,47.61,47.6,47.6,12,47.59,28,47.58,38,47.57,46,47.56,33,47.55,34,47.54,36,47.53,22,47.52,26,47.51,21,47.61,24,47.62,25,47.63,30,47.64,62,47.65,34,47.66,21,47.67,12,47.68,5,47.69,21,47.7,28
2020-10-29 09:37:20,47.605,47.61,1,47.6,12,47.61,24,47.61,47.6,47.6,12,47.59,28,47.58,38,47.57,46,47.56,33,47.55,34,47.54,36,47.53,22,47.52,26,47.51,21,47.61,24,47.62,25,47.63,30,47.64,62,47.65,34,47.66,21,47.67,12,47.68,5,47.69,21,47.7,28
2020-10-29 09:37:21,47.615,47.61,1,47.61,24,47.62,25,47.62,47.61,47.61,24,47.6,21,47.59,28,47.58,38,47.57,46,47.56,33,47.55,34,47.54,36,47.53,22,47.52,26,47.62,25,47.63,30,47.64,62,47.65,34,47.66,21,47.67,12,47.68,5,47.69,21,47.7,28,47.71,26
2020-10-29 09:37:22,47.625,47.62,1,47.62,10,47.63,31,47.63,47.62,47.62,10,47.61,18,47.6,21,47.59,28,47.58,38,47.57,46,47.56,33,47.55,34,47.54,36,47.53,22,47.63,31,47.64,62,47.65,34,47.66,21,47.67,12,47.68,5,47.69,21,47.7,28,47.71,26,47.72,32
2020-10-29 09:37:23,47.605,47.6,3,47.6,22,47.61,12,47.61,47.6,47.6,22,47.59,28,47.58,38,47.57,46,47.56,33,47.55,34,47.54,36,47.53,22,47.52,26,47.51,21,47.61,12,47.62,32,47.63,31,47.64,62,47.65,34,47.66,21,47.67,12,47.68,5,47.69,21,47.7,28
2020-10-29 09:37:24,47.615,47.61,1,47.61,12,47.62,30,47.62,47.61,47.61,12,47.6,23,47.59,28,47.58,38,47.57,46,47.56,33,47.55,34,47.54,36,47.53,22,47.52,26,47.62,30,47.63,31,47.64,62,47.65,34,47.66,21,47.67,12,47.68,5,47.69,21,47.7,28,47.71,26
2020-10-29 09:37:25,47.615,47.61,1,47.61,12,47.62,31,47.62,47.61,47.61,12,47.6,23,47.59,28,47.58,38,47.57,46,47.56,33,47.55,34,47.54,36,47.53,22,47.52,26,47.62,31,47.63,31,47.64,62,47.65,34,47.66,21,47.67,12,47.68,5,47.69,21,47.7,28,47.71,26
2020-10-29 09:37:26,47.615,47.62,1,47.61,18,47.62,19,47.62,47.61,47.61,18,47.6,23,47.59,28,47.58,38,47.57,46,47.56,33,47.55,34,47.54,36,47.53,22,47.52,26,47.62,19,47.63,31,47.64,62,47.65,34,47.66,21,47.67,12,47.68,5,47.69,21,47.7,28,47.71,26
2020-10-29 09:37:27,47.615,47.61,1,47.61,16,47.62,21,47.62,47.61,47.61,16,47.6,30,47.59,28,47.58,38,47.57,46,47.56,33,47.55,34,47.54,36,47.53,22,47.52,26,47.62,21,47.63,31,47.64,62,47.65,34,47.66,21,47.67,12,47.68,5,47.69,21,47.7,28,47.71,26
2020-10-29 09:37:28,47.615,47.61,2,47.61,11,47.62,21,47.62,47.61,47.61,11,47.6,30,47.59,28,47.58,38,47.57,46,47.56,33,47.55,34,47.54,36,47.53,22,47.52,26,47.62,21,47.63,31,47.64,62,47.65,34,47.66,21,47.67,12,47.68,5,47.69,21,47.7,28,47.71,26
2020-10-29 09:37:29,47.615,47.61,1,47.61,8,47.62,25,47.62,47.61,47.61,8,47.6,30,47.59,28,47.58,38,47.57,46,47.56,33,47.55,34,47.54,36,47.53,22,47.52,26,47.62,25,47.63,31,47.64,62,47.65,34,47.66,21,47.67,12,47.68,5,47.69,21,47.7,28,47.71,26
2020-10-29 09:37:30,47.615,47.61,2,47.61,13,47.62,29,47.62,47.61,47.61,13,47.6,30,47.59,28,47.58,38,47.57,46,47.56,33,47.55,34,47.54,36,47.53,22,47.52,26,47.62,29,47.63,31,47.64,62,47.65,34,47.66,21,47.67,12,47.68,5,47.69,21,47.7,28,47.71,26
2020-10-29 09:37:31,47.615,47.61,2,47.61,10,47.62,30,47.62,47.61,47.61,10,47.6,30,47.59,28,47.58,38,47.57,46,47.56,33,47.55,34,47.54,36,47.53,22,47.52,26,47.62,30,47.63,31,47.64,62,47.65,34,47.66,21,47.67,12,47.68,5,47.69,21,47.7,28,47.71,26
2020-10-29 09:37:32,47.615,47.62,3,47.61,16,47.62,4,47.62,47.61,47.61,16,47.6,30,47.59,28,47.58,38,47.57,46,47.56,33,47.55,34,47.54,36,47.53,22,47.52,26,47.62,4,47.63,24,47.64,62,47.65,34,47.66,21,47.67,12,47.68,5,47.69,21,47.7,28,47.71,26
2020-10-29 09:37:33,47.615,47.61,1,47.61,14,47.62,28,47.62,47.61,47.61,14,47.6,30,47.59,28,47.58,38,47.57,46,47.56,33,47.55,34,47.54,36,47.53,22,47.52,26,47.62,28,47.63,24,47.64,62,47.65,34,47.66,21,47.67,12,47.68,5,47.69,21,47.7,28,47.71,26
2020-10-29 09:37:34,47.615,47.61,1,47.61,14,47.62,21,47.62,47.61,47.61,14,47.6,30,47.59,28,47.58,38,47.57,46,47.56,33,47.55,34,47.54,36,47.53,22,47.52,26,47.62,21,47.63,24,47.64,62,47.65,34,47.66,21,47.67,12,47.68,5,47.69,21,47.7,28,47.71,26
2020-10-29 09:37:35,47.62,47.62,1,47.61,14,47.63,25,47.63,47.61,47.61,14,47.6,30,47.59,28,47.58,38,47.57,46,47.56,33,47.55,34,47.54,36,47.53,22,47.52,26,47.63,25,47.64,62,47.65,34,47.66,21,47.67,12,47.68,5,47.69,21,47.7,28,47.71,26,47.72,32
2020-10-29 09:37:36,47.635,47.63,2,47.63,23,47.64,21,47.64,47.63,47.63,23,47.62,18,47.61,24,47.6,30,47.59,28,47.58,38,47.57,46,47.56,33,47.55,34,47.54,36,47.64,21,47.65,34,47.66,21,47.67,12,47.68,5,47.69,21,47.7,28,47.71,26,47.72,32,47.73,10
2020-10-29 09:37:37,47.625,47.63,2,47.62,13,47.63,26,47.63,47.62,47.62,13,47.61,24,47.6,30,47.59,28,47.58,38,47.57,46,47.56,33,47.55,34,47.54,36,47.53,22,47.63,26,47.64,22,47.65,34,47.66,21,47.67,12,47.68,5,47.69,21,47.7,28,47.71,26,47.72,32
2020-10-29 09:37:38,47.625,47.63,12,47.62,17,47.63,8,47.63,47.62,47.62,17,47.61,24,47.6,30,47.59,28,47.58,38,47.57,46,47.56,33,47.55,34,47.54,36,47.53,22,47.63,8,47.64,22,47.65,34,47.66,21,47.67,12,47.68,5,47.69,21,47.7,28,47.71,26,47.72,32
2020-10-29 09:37:39,47.63,47.63,1,47.62,16,47.64,30,47.64,47.62,47.62,16,47.61,24,47.6,30,47.59,28,47.58,38,47.57,46,47.56,33,47.55,34,47.54,36,47.53,22,47.64,30,47.65,34,47.66,21,47.67,12,47.68,5,47.69,21,47.7,28,47.71,26,47.72,32,47.73,10
2020-10-29 09:37:40,47.63,47.63,1,47.62,17,47.64,30,47.64,47.62,47.62,17,47.61,24,47.6,30,47.59,28,47.58,38,47.57,46,47.56,33,47.55,34,47.54,36,47.53,22,47.64,30,47.65,34,47.66,21,47.67,12,47.68,5,47.69,21,47.7,28,47.71,26,47.72,32,47.73,10
2020-10-29 09:37:41,47.63,47.63,1,47.62,14,47.64,26,47.64,47.62,47.62,14,47.61,24,47.6,30,47.59,28,47.58,38,47.57,46,47.56,33,47.55,34,47.54,36,47.53,22,47.64,26,47.65,34,47.66,21,47.67,12,47.68,5,47.69,21,47.7,28,47.71,26,47.72,32,47.73,10
2020-10-29 09:37:42,47.625,47.63,1,47.62,14,47.63,10,47.63,47.62,47.62,14,47.61,24,47.6,30,47.59,28,47.58,38,47.57,46,47.56,33,47.55,34,47.54,36,47.53,22,47.63,10,47.64,30,47.65,34,47.66,21,47.67,12,47.68,5,47.69,21,47.7,28,47.71,26,47.72,32
2020-10-29 09:37:43,47.615,47.61,12,47.61,21,47.62,36,47.62,47.61,47.61,21,47.6,30,47.59,28,47.58,38,47.57,46,47.56,33,47.55,34,47.54,36,47.53,22,47.52,26,47.62,36,47.63,46,47.64,30,47.65,34,47.66,21,47.67,12,47.68,5,47.69,21,47.7,28,47.71,26
2020-10-29 09:37:44,47.625,47.62,1,47.62,35,47.63,26,47.63,47.62,47.62,35,47.61,28,47.6,30,47.59,28,47.58,38,47.57,46,47.56,33,47.55,34,47.54,36,47.53,22,47.63,26,47.64,30,47.65,34,47.66,21,47.67,12,47.68,5,47.69,21,47.7,28,47.71,26,47.72,32
2020-10-29 09:37:45,47.615,47.62,1,47.61,24,47.62,38,47.62,47.61,47.61,24,47.6,30,47.59,28,47.58,38,47.57,46,47.56,33,47.55,34,47.54,36,47.53,22,47.52,26,47.62,38,47.63,30,47.64,30,47.65,34,47.66,21,47.67,12,47.68,5,47.69,21,47.7,28,47.71,26
2020-10-29 09:37:46,47.615,47.62,1,47.61,25,47.62,10,47.62,47.61,47.61,25,47.6,30,47.59,28,47.58,38,47.57,46,47.56,33,47.55,34,47.54,36,47.53,22,47.52,26,47.62,10,47.63,30,47.64,30,47.65,34,47.66,21,47.67,12,47.68,5,47.69,21,47.7,28,47.71,26
2020-10-29 09:37:47,47.625,47.62,1,47.62,30,47.63,19,47.63,47.62,47.62,30,47.61,22,47.6,30,47.59,28,47.58,38,47.57,46,47.56,33,47.55,34,47.54,36,47.53,22,47.63,19,47.64,30,47.65,34,47.66,21,47.67,12,47.68,5,47.69,21,47.7,28,47.71,26,47.72,32
2020-10-29 09:37:48,47.625,47.62,1,47.62,29,47.63,24,47.63,47.62,47.62,29,47.61,22,47.6,30,47.59,28,47.58,38,47.57,46,47.56,33,47.55,34,47.54,36,47.53,22,47.63,24,47.64,30,47.65,34,47.66,21,47.67,12,47.68,5,47.69,21,47.7,28,47.71,26,47.72,32
2020-10-29 09:37:49,47.625,47.62,1,47.62,30,47.63,25,47.63,47.62,47.62,30,47.61,22,47.6,30,47.59,28,47.58,38,47.57,46,47.56,33,47.55,34,47.54,36,47.53,22,47.63,25,47.64,30,47.65,34,47.66,21,47.67,12,47.68,5,47.69,21,47.7,28,47.71,26,47.72,32
2020-10-29 09:37:50,47.625,47.62,1,47.62,28,47.63,21,47.63,47.62,47.62,28,47.61,22,47.6,30,47.59,28,47.58,38,47.57,46,47.56,33,47.55,34,47.54,36,47.53,22,47.63,21,47.64,30,47.65,34,47.66,21,47.67,12,47.68,5,47.69,21,47.7,28,47.71,26,47.72,32
2020-10-29 09:37:51,47.615,47.62,1,47.61,21,47.62,24,47.62,47.61,47.61,21,47.6,30,47.59,28,47.58,38,47.57,46,47.56,33,47.55,34,47.54,36,47.53,22,47.52,26,47.62,24,47.63,55,47.64,30,47.65,34,47.66,21,47.67,12,47.68,5,47.69,21,47.7,28,47.71,26
2020-10-29 09:37:52,47.615,47.62,1,47.61,18,47.62,27,47.62,47.61,47.61,18,47.6,30,47.59,28,47.58,38,47.57,46,47.56,33,47.55,34,47.54,36,47.53,22,47.52,26,47.62,27,47.63,55,47.64,30,47.65,34,47.66,21,47.67,12,47.68,5,47.69,21,47.7,28,47.71,26
2020-10-29 09:37:53,47.615,47.61,1,47.61,22,47.62,27,47.62,47.61,47.61,22,47.6,30,47.59,28,47.58,38,47.57,46,47.56,33,47.55,34,47.54,36,47.53,22,47.52,26,47.62,27,47.63,55,47.64,30,47.65,34,47.66,21,47.67,12,47.68,5,47.69,21,47.7,28,47.71,26
2020-10-29 09:37:54,47.62,47.61,1,47.61,24,47.63,30,47.63,47.61,47.61,24,47.6,30,47.59,28,47.58,38,47.57,46,47.56,33,47.55,34,47.54,36,47.53,22,47.52,26,47.63,30,47.64,30,47.65,34,47.66,21,47.67,12,47.68,5,47.69,21,47.7,28,47.71,26,47.72,32
2020-10-29 09:37:55,47.625,47.61,1,47.62,9,47.63,29,47.63,47.62,47.62,9,47.61,24,47.6,30,47.59,28,47.58,38,47.57,46,47.56,33,47.55,34,47.54,36,47.53,22,47.63,29,47.64,30,47.65,34,47.66,21,47.67,12,47.68,5,47.69,21,47.7,28,47.71,26,47.72,32
2020-10-29 09:37:56,47.625,47.63,1,47.62,12,47.63,23,47.63,47.62,47.62,12,47.61,24,47.6,30,47.59,28,47.58,38,47.57,46,47.56,33,47.55,34,47.54,36,47.53,22,47.63,23,47.64,30,47.65,34,47.66,21,47.67,12,47.68,5,47.69,21,47.7,28,47.71,26,47.72,32
2020-10-29 09:37:57,47.62,47.62,1,47.61,28,47.63,39,47.63,47.61,47.61,28,47.6,30,47.59,28,47.58,38,47.57,46,47.56,33,47.55,34,47.54,36,47.53,22,47.52,26,47.63,39,47.64,30,47.65,34,47.66,21,47.67,12,47.68,5,47.69,21,47.7,28,47.71,26,47.72,32
2020-10-29 09:37:58,47.625,47.62,1,47.62,7,47.63,27,47.63,47.62,47.62,7,47.61,28,47.6,30,47.59,28,47.58,38,47.57,46,47.56,33,47.55,34,47.54,36,47.53,22,47.63,27,47.64,30,47.65,34,47.66,21,47.67,12,47.68,5,47.69,21,47.7,28,47.71,26,47.72,32
2020-10-29 09:37:59,47.625,47.62,1,47.62,7,47.63,27,47.63,47.62,47.62,7,47.61,28,47.6,30,47.59,28,47.58,38,47.57,46,47.56,33,47.55,34,47.54,36,47.53,22,47.63,27,47.64,30,47.65,34,47.66,21,47.67,12,47.68,5,47.69,21,47.7,28,47.71,26,47.72,32
2020-10-29 09:38:00,47.625,47.63,1,47.62,18,47.63,20,47.63,47.62,47.62,18,47.61,31,47.6,30,47.59,28,47.58,38,47.57,46,47.56,33,47.55,34,47.54,36,47.53,22,47.63,20,47.64,30,47.65,34,47.66,21,47.67,12,47.68,5,47.69,21,47.7,28,47.71,26,47.72,32
