sim_time,mid_price,last_price,last_size,best_bid_price,best_bid_size,best_ask_price,best_ask_size,close_price_buy,close_price_sell,bid1_price,bid1_size,bid2_price,bid2_size,bid3_price,bid3_size,bid4_price,bid4_size,bid5_price,bid5_size,bid6_price,bid6_size,bid7_price,bid7_size,bid8_price,bid8_size,bid9_price,bid9_size,bid10_price,bid10_size,ask1_price,ask1_size,ask2_price,ask2_size,ask3_price,ask3_size,ask4_price,ask4_size,ask5_price,ask5_size,ask6_price,ask6_size,ask7_price,ask7_size,ask8_price,ask8_size,ask9_price,ask9_size,ask10_price,ask10_size
2026-02-05 09:30:17,325.08,0.0,0,324.16,40,326.0,80,326.0,324.16,324.16,40,,,,,,,,,,,,,,,,,,,326.0,80,,,,,,,,,,,,,,,,,,
2026-02-05 09:30:18,325.08,0.0,0,324.16,40,326.0,80,326.0,324.16,324.16,40,,,,,,,,,,,,,,,,,,,326.0,80,,,,,,,,,,,,,,,,,,
2026-02-05 09:30:20,325.08,0.0,0,324.16,40,326.0,80,326.0,324.16,324.16,40,,,,,,,,,,,,,,,,,,,326.0,80,,,,,,,,,,,,,,,,,,
2026-02-05 09:30:21,325.08,0.0,0,324.16,40,326.0,80,326.0,324.16,324.16,40,,,,,,,,,,,,,,,,,,,326.0,80,,,,,,,,,,,,,,,,,,
2026-02-05 09:30:22,325.08,0.0,0,324.16,40,326.0,80,326.0,324.16,324.16,40,,,,,,,,,,,,,,,,,,,326.0,80,,,,,,,,,,,,,,,,,,
2026-02-05 09:30:22,325.08,0.0,0,324.16,40,326.0,80,326.0,324.16,324.16,40,,,,,,,,,,,,,,,,,,,326.0,80,,,,,,,,,,,,,,,,,,
2026-02-05 09:30:24,325.08,0.0,0,324.16,40,326.0,80,326.0,324.16,324.16,40,,,,,,,,,,,,,,,,,,,326.0,80,,,,,,,,,,,,,,,,,,
2026-02-05 09:30:25,325.08,0.0,0,324.16,40,326.0,80,326.0,324.16,324.16,40,,,,,,,,,,,,,,,,,,,326.0,80,,,,,,,,,,,,,,,,,,
2026-02-05 09:30:26,325.08,0.0,0,324.16,40,326.0,80,326.0,324.16,324.16,40,,,,,,,,,,,,,,,,,,,326.0,80,,,,,,,,,,,,,,,,,,
2026-02-05 09:30:27,325.08,0.0,0,324.16,40,326.0,80,326.0,324.16,324.16,40,,,,,,,,,,,,,,,,,,,326.0,80,,,,,,,,,,,,,,,,,,
2026-02-05 09:30:28,325.08,0.0,0,324.16,40,326.0,80,326.0,324.16,324.16,40,,,,,,,,,,,,,,,,,,,326.0,80,,,,,,,,,,,,,,,,,,
2026-02-05 09:30:29,325.08,0.0,0,324.16,40,326.0,80,326.0,324.16,324.16,40,,,,,,,,,,,,,,,,,,,326.0,80,,,,,,,,,,,,,,,,,,
2026-02-05 09:30:30,325.08,0.0,0,324.16,40,326.0,80,326.0,324.16,324.16,40,,,,,,,,,,,,,,,,,,,326.0,80,,,,,,,,,,,,,,,,,,
2026-02-05 09:30:31,325.08,0.0,0,324.16,40,326.0,80,326.0,324.16,324.16,40,,,,,,,,,,,,,,,,,,,326.0,80,,,,,,,,,,,,,,,,,,
2026-02-05 09:30:32,325.08,0.0,0,324.16,40,326.0,80,326.0,324.16,324.16,40,,,,,,,,,,,,,,,,,,,326.0,80,,,,,,,,,,,,,,,,,,
2026-02-05 09:30:33,325.08,0.0,0,324.16,40,326.0,80,326.0,324.16,324.16,40,,,,,,,,,,,,,,,,,,,326.0,80,,,,,,,,,,,,,,,,,,
2026-02-05 09:30:34,325.08,0.0,0,324.16,40,326.0,80,326.0,324.16,324.16,40,,,,,,,,,,,,,,,,,,,326.0,80,,,,,,,,,,,,,,,,,,
2026-02-05 09:30:35,325.08,0.0,0,324.16,40,326.0,80,326.0,324.16,324.16,40,,,,,,,,,,,,,,,,,,,326.0,80,,,,,,,,,,,,,,,,,,
2026-02-05 09:30:36,325.08,0.0,0,324.16,40,326.0,80,326.0,324.16,324.16,40,,,,,,,,,,,,,,,,,,,326.0,80,,,,,,,,,,,,,,,,,,
2026-02-05 09:30:37,325.08,0.0,0,324.16,40,326.0,80,326.0,324.16,324.16,40,,,,,,,,,,,,,,,,,,,326.0,80,,,,,,,,,,,,,,,,,,
2026-02-05 09:30:38,325.08,0.0,0,324.16,40,326.0,80,326.0,324.16,324.16,40,,,,,,,,,,,,,,,,,,,326.0,80,,,,,,,,,,,,,,,,,,
2026-02-05 09:30:39,325.08,0.0,0,324.16,40,326.0,80,326.0,324.16,324.16,40,,,,,,,,,,,,,,,,,,,326.0,80,,,,,,,,,,,,,,,,,,
2026-02-05 09:30:40,325.08,0.0,0,324.16,40,326.0,80,326.0,324.16,324.16,40,,,,,,,,,,,,,,,,,,,326.0,80,,,,,,,,,,,,,,,,,,
2026-02-05 09:30:41,325.08,0.0,0,324.16,40,326.0,80,326.0,324.16,324.16,40,,,,,,,,,,,,,,,,,,,326.0,80,,,,,,,,,,,,,,,,,,
2026-02-05 09:30:41,325.08,0.0,0,324.16,40,326.0,80,326.0,324.16,324.16,40,,,,,,,,,,,,,,,,,,,326.0,80,,,,,,,,,,,,,,,,,,
2026-02-05 09:30:43,325.08,0.0,0,324.16,40,326.0,80,326.0,324.16,324.16,40,,,,,,,,,,,,,,,,,,,326.0,80,,,,,,,,,,,,,,,,,,
2026-02-05 09:30:44,325.08,0.0,0,324.16,40,326.0,80,326.0,324.16,324.16,40,,,,,,,,,,,,,,,,,,,326.0,80,,,,,,,,,,,,,,,,,,
2026-02-05 09:30:45,325.08,0.0,0,324.16,40,326.0,80,326.0,324.16,324.16,40,,,,,,,,,,,,,,,,,,,326.0,80,,,,,,,,,,,,,,,,,,
2026-02-05 09:30:46,325.08,0.0,0,324.16,40,326.0,80,326.0,324.16,324.16,40,,,,,,,,,,,,,,,,,,,326.0,80,,,,,,,,,,,,,,,,,,
2026-02-05 09:30:47,325.08,0.0,0,324.16,40,326.0,80,326.0,324.16,324.16,40,,,,,,,,,,,,,,,,,,,326.0,80,,,,,,,,,,,,,,,,,,
2026-02-05 09:30:48,325.08,0.0,0,324.16,40,326.0,80,326.0,324.16,324.16,40,,,,,,,,,,,,,,,,,,,326.0,80,,,,,,,,,,,,,,,,,,
2026-02-05 09:30:48,325.08,0.0,0,324.16,40,326.0,80,326.0,324.16,324.16,40,,,,,,,,,,,,,,,,,,,326.0,80,,,,,,,,,,,,,,,,,,
2026-02-05 09:30:50,325.08,325.08,1,324.16,40,326.0,80,326.0,324.16,324.16,40,,,,,,,,,,,,,,,,,,,326.0,80,,,,,,,,,,,,,,,,,,
2026-02-05 09:30:51,325.08,325.08,1,324.16,40,326.0,80,326.0,324.16,324.16,40,,,,,,,,,,,,,,,,,,,326.0,80,,,,,,,,,,,,,,,,,,
2026-02-05 09:30:52,325.08,325.08,1,324.16,40,326.0,80,326.0,324.16,324.16,40,,,,,,,,,,,,,,,,,,,326.0,80,,,,,,,,,,,,,,,,,,
2026-02-05 09:30:53,325.195,325.08,1,324.39,40,326.0,80,326.0,324.39,324.39,40,324.16,40,,,,,,,,,,,,,,,,,326.0,80,,,,,,,,,,,,,,,,,,
2026-02-05 09:30:54,325.195,325.08,1,324.39,40,326.0,80,326.0,324.39,324.39,40,324.16,40,,,,,,,,,,,,,,,,,326.0,80,,,,,,,,,,,,,,,,,,
2026-02-05 09:30:55,325.195,325.08,1,324.39,40,326.0,80,326.0,324.39,324.39,40,324.16,40,,,,,,,,,,,,,,,,,326.0,80,,,,,,,,,,,,,,,,,,
2026-02-05 09:30:56,325.195,325.08,1,324.39,40,326.0,80,326.0,324.39,324.39,40,324.16,40,,,,,,,,,,,,,,,,,326.0,80,,,,,,,,,,,,,,,,,,
2026-02-05 09:30:57,325.195,325.08,1,324.39,40,326.0,80,326.0,324.39,324.39,40,324.16,40,,,,,,,,,,,,,,,,,326.0,80,,,,,,,,,,,,,,,,,,
2026-02-05 09:30:58,325.08,325.08,1,324.16,40,326.0,80,326.0,324.16,324.16,40,,,,,,,,,,,,,,,,,,,326.0,80,,,,,,,,,,,,,,,,,,
2026-02-05 09:30:59,325.08,325.08,1,324.16,40,326.0,80,326.0,324.16,324.16,40,,,,,,,,,,,,,,,,,,,326.0,80,,,,,,,,,,,,,,,,,,
2026-02-05 09:31:00,325.08,325.08,1,324.16,40,326.0,80,326.0,324.16,324.16,40,,,,,,,,,,,,,,,,,,,326.0,80,,,,,,,,,,,,,,,,,,
2026-02-05 09:31:01,325.08,325.08,1,324.16,40,326.0,80,326.0,324.16,324.16,40,,,,,,,,,,,,,,,,,,,326.0,80,,,,,,,,,,,,,,,,,,
2026-02-05 09:31:02,325.255,325.08,1,324.51,160,326.0,80,326.0,324.51,324.51,160,324.16,40,,,,,,,,,,,,,,,,,326.0,80,,,,,,,,,,,,,,,,,,
2026-02-05 09:31:03,325.255,325.08,1,324.51,160,326.0,80,326.0,324.51,324.51,160,324.16,40,,,,,,,,,,,,,,,,,326.0,80,,,,,,,,,,,,,,,,,,
2026-02-05 09:31:04,325.255,325.08,1,324.51,160,326.0,80,326.0,324.51,324.51,160,324.16,40,,,,,,,,,,,,,,,,,326.0,80,,,,,,,,,,,,,,,,,,
2026-02-05 09:31:05,325.255,325.08,1,324.51,160,326.0,80,326.0,324.51,324.51,160,324.16,40,,,,,,,,,,,,,,,,,326.0,80,,,,,,,,,,,,,,,,,,
2026-02-05 09:31:06,325.255,325.08,1,324.51,160,326.0,80,326.0,324.51,324.51,160,324.16,40,,,,,,,,,,,,,,,,,326.0,80,,,,,,,,,,,,,,,,,,
2026-02-05 09:31:07,325.255,325.08,1,324.51,200,326.0,80,326.0,324.51,324.51,200,324.16,40,,,,,,,,,,,,,,,,,326.0,80,,,,,,,,,,,,,,,,,,
2026-02-05 09:31:08,325.255,325.08,1,324.51,200,326.0,80,326.0,324.51,324.51,200,324.16,40,,,,,,,,,,,,,,,,,326.0,80,,,,,,,,,,,,,,,,,,
2026-02-05 09:31:09,325.255,325.08,1,324.51,200,326.0,80,326.0,324.51,324.51,200,324.16,40,,,,,,,,,,,,,,,,,326.0,80,,,,,,,,,,,,,,,,,,
2026-02-05 09:31:10,325.255,325.08,1,324.51,200,326.0,80,326.0,324.51,324.51,200,324.16,40,,,,,,,,,,,,,,,,,326.0,80,,,,,,,,,,,,,,,,,,
2026-02-05 09:31:11,325.255,325.08,1,324.51,160,326.0,80,326.0,324.51,324.51,160,324.16,40,,,,,,,,,,,,,,,,,326.0,80,,,,,,,,,,,,,,,,,,
2026-02-05 09:31:12,325.255,325.08,1,324.51,160,326.0,80,326.0,324.51,324.51,160,324.16,40,,,,,,,,,,,,,,,,,326.0,80,,,,,,,,,,,,,,,,,,
2026-02-05 09:31:13,325.255,325.08,1,324.51,160,326.0,80,326.0,324.51,324.51,160,324.16,40,,,,,,,,,,,,,,,,,326.0,80,,,,,,,,,,,,,,,,,,
2026-02-05 09:31:14,325.255,325.08,1,324.51,160,326.0,80,326.0,324.51,324.51,160,324.16,40,,,,,,,,,,,,,,,,,326.0,80,,,,,,,,,,,,,,,,,,
2026-02-05 09:31:15,325.255,325.08,1,324.51,160,326.0,80,326.0,324.51,324.51,160,324.16,40,,,,,,,,,,,,,,,,,326.0,80,,,,,,,,,,,,,,,,,,
2026-02-05 09:31:16,325.255,325.08,1,324.51,160,326.0,80,326.0,324.51,324.51,160,324.16,40,,,,,,,,,,,,,,,,,326.0,80,,,,,,,,,,,,,,,,,,
2026-02-05 09:31:17,325.255,325.08,1,324.51,160,326.0,80,326.0,324.51,324.51,160,324.16,40,,,,,,,,,,,,,,,,,326.0,80,,,,,,,,,,,,,,,,,,
2026-02-05 09:31:18,325.255,325.08,1,324.51,160,326.0,80,326.0,324.51,324.51,160,324.16,40,,,,,,,,,,,,,,,,,326.0,80,,,,,,,,,,,,,,,,,,
2026-02-05 09:31:19,325.255,325.08,1,324.51,160,326.0,80,326.0,324.51,324.51,160,324.16,40,,,,,,,,,,,,,,,,,326.0,80,,,,,,,,,,,,,,,,,,
2026-02-05 09:31:20,325.255,325.08,1,324.51,160,326.0,80,326.0,324.51,324.51,160,324.16,40,,,,,,,,,,,,,,,,,326.0,80,,,,,,,,,,,,,,,,,,
2026-02-05 09:31:21,325.255,325.08,1,324.51,160,326.0,80,326.0,324.51,324.51,160,324.16,40,,,,,,,,,,,,,,,,,326.0,80,,,,,,,,,,,,,,,,,,
2026-02-05 09:31:22,325.255,325.08,1,324.51,160,326.0,80,326.0,324.51,324.51,160,324.16,40,,,,,,,,,,,,,,,,,326.0,80,,,,,,,,,,,,,,,,,,
2026-02-05 09:31:23,325.255,325.08,1,324.51,160,326.0,80,326.0,324.51,324.51,160,324.16,40,,,,,,,,,,,,,,,,,326.0,80,,,,,,,,,,,,,,,,,,
2026-02-05 09:31:24,325.255,325.08,1,324.51,160,326.0,80,326.0,324.51,324.51,160,324.16,40,,,,,,,,,,,,,,,,,326.0,80,,,,,,,,,,,,,,,,,,
2026-02-05 09:31:25,325.97,325.89,7,325.64,160,326.3,80,326.3,325.64,325.64,160,324.67,40,324.51,400,324.16,40,,,,,,,,,,,,,326.3,80,,,,,,,,,,,,,,,,,,
2026-02-05 09:31:26,326.215,325.89,7,326.03,80,326.4,120,326.4,326.03,326.03,80,325.64,160,324.67,40,324.51,400,324.16,40,,,,,,,,,,,326.4,120,,,,,,,,,,,,,,,,,,
2026-02-05 09:31:27,326.215,325.89,7,326.03,160,326.4,80,326.4,326.03,326.03,160,325.64,160,324.67,40,324.51,400,324.16,40,,,,,,,,,,,326.4,80,,,,,,,,,,,,,,,,,,
2026-02-05 09:31:28,326.415,326.5,1,326.03,280,326.8,120,326.8,326.03,326.03,280,325.64,160,324.67,40,324.51,400,324.16,40,,,,,,,,,,,326.8,120,,,,,,,,,,,,,,,,,,
2026-02-05 09:31:29,326.415,326.5,1,326.03,280,326.8,120,326.8,326.03,326.03,280,325.64,160,324.67,40,324.51,400,324.16,40,,,,,,,,,,,326.8,120,,,,,,,,,,,,,,,,,,
2026-02-05 09:31:30,326.415,326.5,1,326.03,280,326.8,120,326.8,326.03,326.03,280,325.64,160,324.67,40,324.51,400,324.16,40,,,,,,,,,,,326.8,120,,,,,,,,,,,,,,,,,,
2026-02-05 09:31:31,326.415,326.5,1,326.03,280,326.8,120,326.8,326.03,326.03,280,325.64,160,324.67,40,324.51,400,324.16,40,,,,,,,,,,,326.8,120,,,,,,,,,,,,,,,,,,
2026-02-05 09:31:32,326.415,326.5,1,326.03,280,326.8,120,326.8,326.03,326.03,280,325.64,160,324.67,40,324.51,400,324.16,40,,,,,,,,,,,326.8,120,,,,,,,,,,,,,,,,,,
2026-02-05 09:31:33,326.415,326.5,1,326.03,280,326.8,120,326.8,326.03,326.03,280,325.64,160,324.67,40,324.51,400,324.16,40,,,,,,,,,,,326.8,120,,,,,,,,,,,,,,,,,,
2026-02-05 09:31:34,326.415,326.5,1,326.03,280,326.8,120,326.8,326.03,326.03,280,325.64,160,324.67,40,324.51,400,324.16,40,,,,,,,,,,,326.8,120,,,,,,,,,,,,,,,,,,
2026-02-05 09:31:35,326.415,326.5,1,326.03,280,326.8,120,326.8,326.03,326.03,280,325.64,160,324.67,40,324.51,400,324.16,40,,,,,,,,,,,326.8,120,,,,,,,,,,,,,,,,,,
2026-02-05 09:31:36,326.415,326.42,2,326.03,280,326.8,120,326.8,326.03,326.03,280,325.64,160,324.67,40,324.51,400,324.16,40,,,,,,,,,,,326.8,120,,,,,,,,,,,,,,,,,,
2026-02-05 09:31:37,326.415,326.42,2,326.03,280,326.8,120,326.8,326.03,326.03,280,325.64,160,324.67,40,324.51,400,324.16,40,,,,,,,,,,,326.8,120,,,,,,,,,,,,,,,,,,
2026-02-05 09:31:38,326.415,326.42,2,326.03,280,326.8,160,326.8,326.03,326.03,280,325.64,160,324.67,40,324.51,400,324.16,40,,,,,,,,,,,326.8,160,,,,,,,,,,,,,,,,,,
2026-02-05 09:31:39,326.415,326.42,2,326.03,360,326.8,200,326.8,326.03,326.03,360,325.64,160,324.67,40,324.51,400,324.16,40,,,,,,,,,,,326.8,200,,,,,,,,,,,,,,,,,,
2026-02-05 09:31:40,326.415,326.42,2,326.03,360,326.8,200,326.8,326.03,326.03,360,325.64,160,324.67,40,324.51,400,324.16,40,,,,,,,,,,,326.8,200,,,,,,,,,,,,,,,,,,
2026-02-05 09:31:41,326.415,326.42,2,326.03,360,326.8,200,326.8,326.03,326.03,360,325.64,160,324.67,40,324.51,400,324.16,40,,,,,,,,,,,326.8,200,,,,,,,,,,,,,,,,,,
2026-02-05 09:31:42,326.415,326.42,2,326.03,360,326.8,200,326.8,326.03,326.03,360,325.64,160,324.67,40,324.51,400,324.16,40,,,,,,,,,,,326.8,200,,,,,,,,,,,,,,,,,,
2026-02-05 09:31:43,326.415,326.42,2,326.03,360,326.8,200,326.8,326.03,326.03,360,325.64,160,324.67,40,324.51,400,324.16,40,,,,,,,,,,,326.8,200,,,,,,,,,,,,,,,,,,
2026-02-05 09:31:44,326.415,326.4,1,326.03,360,326.8,200,326.8,326.03,326.03,360,325.64,160,324.67,40,324.51,400,324.16,40,,,,,,,,,,,326.8,200,,,,,,,,,,,,,,,,,,
2026-02-05 09:31:45,326.415,326.4,1,326.03,360,326.8,200,326.8,326.03,326.03,360,325.64,160,324.67,40,324.51,400,324.16,40,,,,,,,,,,,326.8,200,,,,,,,,,,,,,,,,,,
2026-02-05 09:31:46,326.415,326.4,1,326.03,360,326.8,200,326.8,326.03,326.03,360,325.64,160,324.67,40,324.51,400,324.16,40,,,,,,,,,,,326.8,200,,,,,,,,,,,,,,,,,,
2026-02-05 09:31:47,326.415,326.4,1,326.03,360,326.8,200,326.8,326.03,326.03,360,325.64,160,324.67,40,324.51,400,324.16,40,,,,,,,,,,,326.8,200,,,,,,,,,,,,,,,,,,
2026-02-05 09:31:48,326.415,326.4,1,326.03,360,326.8,200,326.8,326.03,326.03,360,325.64,160,324.67,40,324.51,400,324.16,40,,,,,,,,,,,326.8,200,,,,,,,,,,,,,,,,,,
2026-02-05 09:31:49,326.415,326.4,1,326.03,360,326.8,200,326.8,326.03,326.03,360,325.64,160,324.67,40,324.51,400,324.16,40,,,,,,,,,,,326.8,200,,,,,,,,,,,,,,,,,,
2026-02-05 09:31:50,325.97,325.98,2,325.61,120,326.33,80,326.33,325.61,325.61,120,324.67,40,324.51,400,324.16,40,,,,,,,,,,,,,326.33,80,326.34,80,326.35,40,326.7,120,326.79,40,326.8,200,,,,,,,,
2026-02-05 09:31:51,325.97,325.98,2,325.61,120,326.33,160,326.33,325.61,325.61,120,324.67,40,324.51,400,324.16,40,,,,,,,,,,,,,326.33,160,326.34,80,326.35,40,326.7,120,326.79,40,326.8,200,,,,,,,,
2026-02-05 09:31:52,325.97,325.98,2,325.61,120,326.33,160,326.33,325.61,325.61,120,324.67,40,324.51,400,324.16,40,,,,,,,,,,,,,326.33,160,326.34,80,326.35,40,326.7,120,326.79,40,326.8,200,,,,,,,,
2026-02-05 09:31:53,325.97,325.98,2,325.61,120,326.33,160,326.33,325.61,325.61,120,324.67,40,324.51,400,324.16,40,,,,,,,,,,,,,326.33,160,326.34,80,326.35,40,326.7,120,326.79,40,326.8,200,,,,,,,,
2026-02-05 09:31:54,325.97,325.98,2,325.61,120,326.33,160,326.33,325.61,325.61,120,324.67,40,324.51,400,324.16,40,,,,,,,,,,,,,326.33,160,326.34,80,326.35,40,326.7,120,326.79,40,326.8,200,,,,,,,,
2026-02-05 09:31:55,325.97,325.98,2,325.61,120,326.33,160,326.33,325.61,325.61,120,324.67,40,324.51,400,324.16,40,,,,,,,,,,,,,326.33,160,326.34,80,326.35,40,326.7,120,326.79,40,326.8,200,,,,,,,,
2026-02-05 09:31:56,325.97,325.98,2,325.61,120,326.33,160,326.33,325.61,325.61,120,324.67,40,324.51,400,324.16,40,,,,,,,,,,,,,326.33,160,326.34,80,326.35,40,326.7,120,326.79,40,326.8,200,,,,,,,,
2026-02-05 09:31:57,325.97,325.98,2,325.61,120,326.33,160,326.33,325.61,325.61,120,324.67,40,324.51,400,324.16,40,,,,,,,,,,,,,326.33,160,326.34,80,326.35,40,326.7,120,326.79,40,326.8,200,,,,,,,,
2026-02-05 09:31:58,325.97,325.98,2,325.61,120,326.33,160,326.33,325.61,325.61,120,324.67,40,324.51,400,324.16,40,,,,,,,,,,,,,326.33,160,326.34,80,326.35,40,326.7,120,326.79,40,326.8,200,,,,,,,,
2026-02-05 09:31:59,325.97,325.98,2,325.61,120,326.33,160,326.33,325.61,325.61,120,324.67,40,324.51,400,324.16,40,,,,,,,,,,,,,326.33,160,326.34,80,326.35,40,326.7,120,326.79,40,326.8,200,,,,,,,,
2026-02-05 09:32:00,325.97,325.98,2,325.61,120,326.33,160,326.33,325.61,325.61,120,324.67,40,324.51,400,324.16,40,,,,,,,,,,,,,326.33,160,326.34,80,326.35,40,326.7,120,326.79,40,326.8,200,,,,,,,,
2026-02-05 09:32:01,325.97,325.98,2,325.61,120,326.33,160,326.33,325.61,325.61,120,324.67,40,324.51,400,324.16,40,,,,,,,,,,,,,326.33,160,326.34,80,326.35,40,326.7,120,326.79,40,326.8,200,,,,,,,,
2026-02-05 09:32:02,325.97,325.98,2,325.61,120,326.33,160,326.33,325.61,325.61,120,324.67,40,324.51,400,324.16,40,,,,,,,,,,,,,326.33,160,326.34,80,326.35,40,326.7,120,326.79,40,326.8,200,,,,,,,,
2026-02-05 09:32:03,325.965,325.98,2,325.61,120,326.32,40,326.32,325.61,325.61,120,324.67,40,324.51,400,324.16,40,,,,,,,,,,,,,326.32,40,326.33,160,326.34,80,326.35,40,326.7,120,326.79,40,326.8,200,,,,,,
2026-02-05 09:32:04,325.965,325.98,2,325.61,120,326.32,80,326.32,325.61,325.61,120,324.67,40,324.51,400,324.16,40,,,,,,,,,,,,,326.32,80,326.33,160,326.34,80,326.35,40,326.7,120,326.79,40,326.8,200,,,,,,
2026-02-05 09:32:05,325.965,325.96,4,325.61,120,326.32,80,326.32,325.61,325.61,120,324.67,40,324.51,400,324.16,40,,,,,,,,,,,,,326.32,80,326.33,160,326.34,80,326.35,40,326.7,120,326.79,40,326.8,200,,,,,,
2026-02-05 09:32:06,325.965,325.96,4,325.61,120,326.32,80,326.32,325.61,325.61,120,324.67,40,324.51,400,324.16,40,,,,,,,,,,,,,326.32,80,326.33,160,326.34,80,326.35,40,326.7,120,326.79,40,326.8,200,,,,,,
2026-02-05 09:32:07,325.965,325.96,4,325.61,120,326.32,80,326.32,325.61,325.61,120,324.67,40,324.51,400,324.16,40,,,,,,,,,,,,,326.32,80,326.33,160,326.34,80,326.35,40,326.7,120,326.79,40,326.8,200,,,,,,
2026-02-05 09:32:08,325.965,325.96,4,325.61,120,326.32,80,326.32,325.61,325.61,120,324.67,40,324.51,400,324.16,40,,,,,,,,,,,,,326.32,80,326.33,160,326.34,80,326.35,40,326.7,120,326.79,40,326.8,200,,,,,,
2026-02-05 09:32:09,325.965,325.96,4,325.61,120,326.32,80,326.32,325.61,325.61,120,324.67,40,324.51,400,324.16,40,,,,,,,,,,,,,326.32,80,326.33,160,326.34,80,326.35,40,326.7,120,326.79,40,326.8,200,,,,,,
2026-02-05 09:32:10,325.965,325.96,4,325.61,120,326.32,80,326.32,325.61,325.61,120,324.67,40,324.51,400,324.16,40,,,,,,,,,,,,,326.32,80,326.33,160,326.34,80,326.35,40,326.7,120,326.79,40,326.8,200,,,,,,
2026-02-05 09:32:11,325.965,325.96,4,325.61,120,326.32,80,326.32,325.61,325.61,120,324.67,40,324.51,400,324.16,40,,,,,,,,,,,,,326.32,80,326.33,160,326.34,80,326.35,40,326.7,120,326.79,40,326.8,200,,,,,,
2026-02-05 09:32:12,325.965,325.96,4,325.61,120,326.32,80,326.32,325.61,325.61,120,324.67,40,324.51,400,324.16,40,,,,,,,,,,,,,326.32,80,326.33,160,326.34,80,326.35,40,326.7,120,326.79,40,326.8,200,,,,,,
2026-02-05 09:32:13,325.965,325.96,4,325.61,120,326.32,80,326.32,325.61,325.61,120,324.67,40,324.51,400,324.16,40,,,,,,,,,,,,,326.32,80,326.33,160,326.34,80,326.35,40,326.7,120,326.79,40,326.8,200,,,,,,
2026-02-05 09:32:14,325.965,325.96,4,325.61,120,326.32,80,326.32,325.61,325.61,120,324.67,40,324.51,400,324.16,40,,,,,,,,,,,,,326.32,80,326.33,160,326.34,80,326.35,40,326.7,120,326.79,40,326.8,200,,,,,,
2026-02-05 09:32:15,325.965,325.96,4,325.61,120,326.32,80,326.32,325.61,325.61,120,324.67,40,324.51,400,324.16,40,,,,,,,,,,,,,326.32,80,326.33,160,326.34,80,326.35,40,326.7,120,326.79,40,326.8,200,,,,,,
2026-02-05 09:32:16,325.905,325.96,4,325.61,120,326.2,40,326.2,325.61,325.61,120,324.67,40,324.51,400,324.16,40,,,,,,,,,,,,,326.2,40,326.32,80,326.33,160,326.34,80,326.35,40,326.7,120,326.79,40,326.8,200,,,,
2026-02-05 09:32:17,325.905,325.96,4,325.61,120,326.2,40,326.2,325.61,325.61,120,324.67,40,324.51,400,324.16,40,,,,,,,,,,,,,326.2,40,326.32,80,326.33,160,326.34,80,326.35,40,326.7,120,326.79,40,326.8,200,,,,
2026-02-05 09:32:18,325.905,325.96,4,325.61,120,326.2,120,326.2,325.61,325.61,120,324.67,40,324.51,400,324.16,40,,,,,,,,,,,,,326.2,120,326.32,80,326.33,160,326.34,80,326.35,40,326.7,120,326.79,40,326.8,200,,,,
2026-02-05 09:32:19,325.845,325.96,4,325.61,120,326.08,120,326.08,325.61,325.61,120,324.67,40,324.51,400,324.16,40,,,,,,,,,,,,,326.08,120,326.2,160,326.32,80,326.33,160,326.34,80,326.35,40,326.7,120,326.79,40,326.8,200,,
2026-02-05 09:32:20,326.465,326.1,2,326.14,160,326.79,320,326.79,326.14,326.14,160,325.61,120,324.67,40,324.51,400,324.16,40,,,,,,,,,,,326.79,320,326.8,240,,,,,,,,,,,,,,,,
2026-02-05 09:32:21,326.465,326.1,2,326.14,160,326.79,360,326.79,326.14,326.14,160,325.61,120,324.67,40,324.51,400,324.16,40,,,,,,,,,,,326.79,360,326.8,240,,,,,,,,,,,,,,,,
2026-02-05 09:32:22,326.465,326.69,1,326.14,160,326.79,360,326.79,326.14,326.14,160,325.61,120,324.67,40,324.51,400,324.16,40,,,,,,,,,,,326.79,360,326.8,240,,,,,,,,,,,,,,,,
2026-02-05 09:32:23,326.465,326.69,1,326.14,160,326.79,360,326.79,326.14,326.14,160,325.61,120,324.67,40,324.51,400,324.16,40,,,,,,,,,,,326.79,360,326.8,240,,,,,,,,,,,,,,,,
2026-02-05 09:32:24,326.075,325.84,2,325.61,120,326.54,40,326.54,325.61,325.61,120,324.67,40,324.51,400,324.16,40,,,,,,,,,,,,,326.54,40,326.55,40,326.69,40,326.79,400,326.8,240,,,,,,,,,,
2026-02-05 09:32:25,326.06,326.08,2,325.61,120,326.51,80,326.51,325.61,325.61,120,324.67,40,324.51,400,324.16,40,,,,,,,,,,,,,326.51,80,326.52,80,326.53,120,326.54,200,326.55,40,326.69,40,326.79,400,326.8,240,,,,
2026-02-05 09:32:26,326.055,326.08,2,325.61,120,326.5,80,326.5,325.61,325.61,120,324.67,40,324.51,400,324.16,40,,,,,,,,,,,,,326.5,80,326.51,80,326.52,80,326.53,120,326.54,200,326.55,40,326.69,40,326.79,400,326.8,240,,
2026-02-05 09:32:27,326.05,326.08,2,325.61,120,326.49,80,326.49,325.61,325.61,120,324.67,40,324.51,400,324.16,40,,,,,,,,,,,,,326.49,80,326.5,160,326.51,80,326.52,80,326.53,120,326.54,200,326.55,40,326.69,40,326.79,400,326.8,240
2026-02-05 09:32:28,326.05,326.08,2,325.61,120,326.49,80,326.49,325.61,325.61,120,324.67,40,324.51,400,324.16,40,,,,,,,,,,,,,326.49,80,326.5,160,326.51,80,326.52,80,326.53,120,326.54,200,326.55,40,326.69,40,326.79,400,326.8,240
2026-02-05 09:32:29,326.05,326.08,2,325.61,120,326.49,80,326.49,325.61,325.61,120,324.67,40,324.51,400,324.16,40,,,,,,,,,,,,,326.49,80,326.5,160,326.51,80,326.52,80,326.53,120,326.54,200,326.55,40,326.69,40,326.79,400,326.8,240
2026-02-05 09:32:30,326.05,326.08,2,325.61,120,326.49,80,326.49,325.61,325.61,120,324.67,40,324.51,400,324.16,40,,,,,,,,,,,,,326.49,80,326.5,160,326.51,80,326.52,80,326.53,120,326.54,200,326.55,40,326.69,40,326.79,400,326.8,240
2026-02-05 09:32:31,326.15,326.08,2,325.81,40,326.49,200,326.49,325.81,325.81,40,325.61,120,324.67,40,324.51,400,324.16,40,,,,,,,,,,,326.49,200,326.5,160,326.51,80,326.52,80,326.53,120,326.54,200,326.55,40,326.69,40,326.79,400,326.8,240
2026-02-05 09:32:32,326.15,326.08,2,325.81,40,326.49,200,326.49,325.81,325.81,40,325.61,120,324.67,40,324.51,400,324.16,40,,,,,,,,,,,326.49,200,326.5,160,326.51,80,326.52,80,326.53,120,326.54,200,326.55,40,326.69,40,326.79,400,326.8,240
2026-02-05 09:32:33,326.15,326.08,2,325.81,40,326.49,200,326.49,325.81,325.81,40,325.61,120,324.67,40,324.51,400,324.16,40,,,,,,,,,,,326.49,200,326.5,160,326.51,80,326.52,80,326.53,120,326.54,200,326.55,40,326.69,40,326.79,400,326.8,240
2026-02-05 09:32:34,326.15,326.08,2,325.81,40,326.49,200,326.49,325.81,325.81,40,325.61,120,324.67,40,324.51,400,324.16,40,,,,,,,,,,,326.49,200,326.5,160,326.51,80,326.52,80,326.53,120,326.54,200,326.55,40,326.69,40,326.79,400,326.8,240
2026-02-05 09:32:35,326.15,325.88,1,325.81,40,326.49,200,326.49,325.81,325.81,40,325.61,120,324.67,40,324.51,400,324.16,40,,,,,,,,,,,326.49,200,326.5,160,326.51,80,326.52,80,326.53,120,326.54,200,326.55,40,326.69,40,326.79,400,326.8,240
2026-02-05 09:32:36,326.15,325.88,1,325.81,40,326.49,200,326.49,325.81,325.81,40,325.61,120,324.67,40,324.51,400,324.16,40,,,,,,,,,,,326.49,200,326.5,160,326.51,80,326.52,80,326.53,120,326.54,200,326.55,40,326.69,40,326.79,400,326.8,240
2026-02-05 09:32:37,326.15,325.88,1,325.81,40,326.49,200,326.49,325.81,325.81,40,325.61,120,324.67,40,324.51,400,324.16,40,,,,,,,,,,,326.49,200,326.5,160,326.51,80,326.52,80,326.53,120,326.54,200,326.55,40,326.69,40,326.79,400,326.8,240
2026-02-05 09:32:38,326.15,325.88,1,325.81,40,326.49,200,326.49,325.81,325.81,40,325.61,120,324.67,40,324.51,400,324.16,40,,,,,,,,,,,326.49,200,326.5,160,326.51,80,326.52,80,326.53,120,326.54,200,326.55,40,326.69,40,326.79,400,326.8,240
2026-02-05 09:32:39,326.15,325.88,1,325.81,40,326.49,200,326.49,325.81,325.81,40,325.61,120,324.67,40,324.51,400,324.16,40,,,,,,,,,,,326.49,200,326.5,160,326.51,80,326.52,80,326.53,120,326.54,200,326.55,40,326.69,40,326.79,400,326.8,240
2026-02-05 09:32:40,326.145,325.88,1,325.81,40,326.48,40,326.48,325.81,325.81,40,325.61,120,324.67,40,324.51,400,324.16,40,,,,,,,,,,,326.48,40,326.49,200,326.5,160,326.51,80,326.52,80,326.53,120,326.54,200,326.55,40,326.69,40,326.79,400
2026-02-05 09:32:41,326.145,325.88,1,325.81,40,326.48,40,326.48,325.81,325.81,40,325.61,120,324.67,40,324.51,400,324.16,40,,,,,,,,,,,326.48,40,326.49,200,326.5,160,326.51,80,326.52,80,326.53,120,326.54,200,326.55,40,326.69,40,326.79,400
2026-02-05 09:32:42,326.145,325.88,1,325.81,40,326.48,160,326.48,325.81,325.81,40,325.61,120,324.67,40,324.51,400,324.16,40,,,,,,,,,,,326.48,160,326.49,200,326.5,160,326.51,80,326.52,80,326.53,120,326.54,200,326.55,40,326.69,40,326.79,400
2026-02-05 09:32:43,326.12,325.88,1,325.76,40,326.48,160,326.48,325.76,325.76,40,325.61,120,324.67,40,324.51,400,324.16,40,,,,,,,,,,,326.48,160,326.49,200,326.5,160,326.51,80,326.52,80,326.53,120,326.54,200,326.55,40,326.69,40,326.79,400
2026-02-05 09:32:44,326.12,326.12,1,325.76,40,326.48,160,326.48,325.76,325.76,40,325.61,120,324.67,40,324.51,400,324.16,40,,,,,,,,,,,326.48,160,326.49,200,326.5,160,326.51,80,326.52,80,326.53,120,326.54,200,326.55,40,326.69,40,326.79,400
2026-02-05 09:32:45,326.105,326.0,9,325.76,40,326.45,80,326.45,325.76,325.76,40,325.61,120,324.67,40,324.51,400,324.16,40,,,,,,,,,,,326.45,80,326.48,240,326.49,200,326.5,160,326.51,80,326.52,80,326.53,120,326.54,200,326.55,40,326.69,40
2026-02-05 09:32:46,326.075,326.0,9,325.76,40,326.39,80,326.39,325.76,325.76,40,325.61,120,324.67,40,324.51,400,324.16,40,,,,,,,,,,,326.39,80,326.45,80,326.48,240,326.49,200,326.5,160,326.51,80,326.52,80,326.53,120,326.54,200,326.55,40
2026-02-05 09:32:47,326.075,326.0,9,325.76,40,326.39,80,326.39,325.76,325.76,40,325.61,120,324.67,40,324.51,400,324.16,40,,,,,,,,,,,326.39,80,326.45,80,326.48,240,326.49,200,326.5,160,326.51,80,326.52,80,326.53,120,326.54,200,326.55,40
2026-02-05 09:32:48,326.075,326.0,9,325.76,40,326.39,80,326.39,325.76,325.76,40,325.61,120,324.67,40,324.51,400,324.16,40,,,,,,,,,,,326.39,80,326.45,80,326.48,240,326.49,200,326.5,160,326.51,80,326.52,80,326.53,120,326.54,200,326.55,40
2026-02-05 09:32:49,326.075,326.0,9,325.76,40,326.39,80,326.39,325.76,325.76,40,325.61,120,324.67,40,324.51,400,324.16,40,,,,,,,,,,,326.39,80,326.45,80,326.48,240,326.49,200,326.5,160,326.51,80,326.52,80,326.53,120,326.54,200,326.55,40
2026-02-05 09:32:50,326.075,326.0,9,325.76,40,326.39,80,326.39,325.76,325.76,40,325.61,120,324.67,40,324.51,400,324.16,40,,,,,,,,,,,326.39,80,326.45,80,326.48,240,326.49,200,326.5,160,326.51,80,326.52,80,326.53,120,326.54,200,326.55,40
2026-02-05 09:32:51,326.075,326.0,9,325.76,40,326.39,80,326.39,325.76,325.76,40,325.61,120,324.67,40,324.51,400,324.16,40,,,,,,,,,,,326.39,80,326.45,80,326.48,240,326.49,200,326.5,160,326.51,80,326.52,80,326.53,120,326.54,200,326.55,40
2026-02-05 09:32:52,326.075,326.0,9,325.76,40,326.39,80,326.39,325.76,325.76,40,325.61,120,324.67,40,324.51,400,324.16,40,,,,,,,,,,,326.39,80,326.45,80,326.48,240,326.49,200,326.5,160,326.51,80,326.52,80,326.53,120,326.54,200,326.55,40
2026-02-05 09:32:53,326.075,326.0,9,325.76,40,326.39,120,326.39,325.76,325.76,40,325.61,120,324.67,40,324.51,400,324.16,40,,,,,,,,,,,326.39,120,326.45,80,326.48,240,326.49,200,326.5,160,326.51,80,326.52,80,326.53,120,326.54,200,326.55,40
2026-02-05 09:32:54,326.075,326.0,9,325.76,40,326.39,400,326.39,325.76,325.76,40,325.61,120,324.67,40,324.51,400,324.16,40,,,,,,,,,,,326.39,400,326.45,80,326.48,240,326.49,200,326.5,160,326.51,80,326.52,80,326.53,120,326.54,200,326.55,40
2026-02-05 09:32:55,326.075,326.0,9,325.76,40,326.39,400,326.39,325.76,325.76,40,325.61,120,324.67,40,324.51,400,324.16,40,,,,,,,,,,,326.39,400,326.45,80,326.48,240,326.49,200,326.5,160,326.51,80,326.52,80,326.53,120,326.54,200,326.55,40
2026-02-05 09:32:56,326.07,326.0,9,325.76,40,326.38,80,326.38,325.76,325.76,40,325.61,120,324.67,40,324.51,400,324.16,40,,,,,,,,,,,326.38,80,326.39,360,326.45,80,326.48,240,326.49,200,326.5,160,326.51,80,326.52,80,326.53,120,326.54,200
2026-02-05 09:32:57,326.07,326.0,9,325.76,40,326.38,80,326.38,325.76,325.76,40,325.61,120,324.67,40,324.51,400,324.16,40,,,,,,,,,,,326.38,80,326.39,360,326.45,80,326.48,240,326.49,200,326.5,160,326.51,80,326.52,80,326.53,120,326.54,200
2026-02-05 09:32:58,326.36,326.31,1,325.92,40,326.8,240,326.8,325.92,325.92,40,325.82,80,325.81,120,325.76,80,325.61,120,324.67,40,324.51,400,324.16,40,,,,,326.8,240,,,,,,,,,,,,,,,,,,
2026-02-05 09:32:59,326.36,326.31,1,325.92,40,326.8,240,326.8,325.92,325.92,40,325.82,80,325.81,120,325.76,80,325.61,120,324.67,40,324.51,400,324.16,40,,,,,326.8,240,,,,,,,,,,,,,,,,,,
2026-02-05 09:33:00,326.355,326.36,1,325.92,120,326.79,40,326.79,325.92,325.92,120,325.82,80,325.81,120,325.76,80,325.61,120,324.67,40,324.51,400,324.16,40,,,,,326.79,40,326.8,240,,,,,,,,,,,,,,,,
2026-02-05 09:33:01,326.355,326.36,1,325.92,360,326.79,40,326.79,325.92,325.92,360,325.82,80,325.81,120,325.76,80,325.61,120,324.67,40,324.51,400,324.16,40,,,,,326.79,40,326.8,240,,,,,,,,,,,,,,,,
2026-02-05 09:33:02,326.355,326.36,1,325.92,360,326.79,40,326.79,325.92,325.92,360,325.82,80,325.81,120,325.76,80,325.61,120,324.67,40,324.51,400,324.16,40,,,,,326.79,40,326.8,240,,,,,,,,,,,,,,,,
2026-02-05 09:33:03,326.31,326.36,1,325.92,320,326.7,40,326.7,325.92,325.92,320,325.82,80,325.81,120,325.76,80,325.61,120,324.67,40,324.51,400,324.16,40,,,,,326.7,40,326.79,40,326.8,240,,,,,,,,,,,,,,
2026-02-05 09:33:04,326.31,326.36,1,325.92,320,326.7,40,326.7,325.92,325.92,320,325.82,80,325.81,120,325.76,80,325.61,120,324.67,40,324.51,400,324.16,40,,,,,326.7,40,326.79,40,326.8,240,,,,,,,,,,,,,,
2026-02-05 09:33:05,326.31,326.36,1,325.92,320,326.7,40,326.7,325.92,325.92,320,325.82,80,325.81,120,325.76,80,325.61,120,324.67,40,324.51,400,324.16,40,,,,,326.7,40,326.79,40,326.8,240,,,,,,,,,,,,,,
2026-02-05 09:33:06,326.31,326.31,1,325.92,320,326.7,40,326.7,325.92,325.92,320,325.82,80,325.81,120,325.76,80,325.61,120,324.67,40,324.51,400,324.16,40,,,,,326.7,40,326.79,40,326.8,240,,,,,,,,,,,,,,
2026-02-05 09:33:07,327.315,327.43,1,327.05,120,327.58,40,327.58,327.05,327.05,120,326.91,240,326.82,120,326.63,40,326.43,40,326.31,320,325.92,320,325.82,80,325.81,120,325.76,80,327.58,40,,,,,,,,,,,,,,,,,,
2026-02-05 09:33:08,327.3,327.43,1,327.05,80,327.55,400,327.55,327.05,327.05,80,326.91,240,326.82,120,326.63,40,326.43,40,326.31,320,325.92,320,325.82,80,325.81,120,325.76,80,327.55,400,327.58,40,,,,,,,,,,,,,,,,
2026-02-05 09:33:09,327.315,327.43,1,327.05,80,327.58,40,327.58,327.05,327.05,80,326.91,240,326.82,120,326.63,40,326.43,40,326.31,320,325.92,320,325.82,80,325.81,120,325.76,80,327.58,40,,,,,,,,,,,,,,,,,,
2026-02-05 09:33:10,327.315,327.43,1,327.05,40,327.58,40,327.58,327.05,327.05,40,326.91,240,326.82,120,326.63,40,326.43,40,326.31,320,325.92,320,325.82,80,325.81,120,325.76,80,327.58,40,,,,,,,,,,,,,,,,,,
2026-02-05 09:33:11,326.735,327.43,1,326.28,40,327.19,120,327.19,326.28,326.28,40,325.92,320,325.82,80,325.81,120,325.76,80,325.61,120,324.67,40,324.51,400,324.16,40,,,327.19,120,327.58,40,,,,,,,,,,,,,,,,
2026-02-05 09:33:12,326.685,327.43,1,326.19,200,327.18,160,327.18,326.19,326.19,200,325.92,320,325.82,80,325.81,120,325.76,80,325.61,120,324.67,40,324.51,400,324.16,40,,,327.18,160,327.19,120,327.58,40,,,,,,,,,,,,,,
2026-02-05 09:33:13,326.685,327.43,1,326.19,200,327.18,160,327.18,326.19,326.19,200,325.92,320,325.82,80,325.81,120,325.76,80,325.61,120,324.67,40,324.51,400,324.16,40,,,327.18,160,327.19,120,327.58,40,,,,,,,,,,,,,,
2026-02-05 09:33:14,326.685,327.43,1,326.19,200,327.18,160,327.18,326.19,326.19,200,325.92,320,325.82,80,325.81,120,325.76,80,325.61,120,324.67,40,324.51,400,324.16,40,,,327.18,160,327.19,120,327.58,40,,,,,,,,,,,,,,
2026-02-05 09:33:15,326.685,327.43,1,326.19,200,327.18,160,327.18,326.19,326.19,200,325.92,320,325.82,80,325.81,120,325.76,80,325.61,120,324.67,40,324.51,400,324.16,40,,,327.18,160,327.19,120,327.58,40,,,,,,,,,,,,,,
2026-02-05 09:33:16,326.675,327.43,1,326.19,40,327.16,40,327.16,326.19,326.19,40,325.92,320,325.82,80,325.81,120,325.76,80,325.61,120,324.67,40,324.51,400,324.16,40,,,327.16,40,327.17,40,327.18,160,327.19,120,327.58,40,,,,,,,,,,
2026-02-05 09:33:17,326.585,327.43,1,326.01,40,327.16,40,327.16,326.01,326.01,40,325.92,320,325.82,80,325.81,120,325.76,80,325.61,120,324.67,40,324.51,400,324.16,40,,,327.16,40,327.17,40,327.18,160,327.19,120,327.58,40,,,,,,,,,,
2026-02-05 09:33:18,326.585,327.43,1,326.01,40,327.16,40,327.16,326.01,326.01,40,325.92,320,325.82,80,325.81,120,325.76,80,325.61,120,324.67,40,324.51,400,324.16,40,,,327.16,40,327.17,40,327.18,160,327.19,120,327.58,40,,,,,,,,,,
2026-02-05 09:33:19,326.585,327.43,1,326.01,40,327.16,160,327.16,326.01,326.01,40,325.92,320,325.82,80,325.81,120,325.76,80,325.61,120,324.67,40,324.51,400,324.16,40,,,327.16,160,327.17,40,327.18,160,327.19,120,327.58,40,,,,,,,,,,
2026-02-05 09:33:20,326.585,327.43,1,326.01,40,327.16,160,327.16,326.01,326.01,40,325.92,320,325.82,80,325.81,120,325.76,80,325.61,120,324.67,40,324.51,400,324.16,40,,,327.16,160,327.17,40,327.18,160,327.19,120,327.58,40,,,,,,,,,,
2026-02-05 09:33:21,326.47,327.43,1,325.9,160,327.04,160,327.04,325.9,325.9,160,325.82,80,325.81,120,325.76,80,325.61,120,324.67,40,324.51,400,324.16,40,,,,,327.04,160,327.16,160,327.17,40,327.18,160,327.19,120,327.58,40,,,,,,,,
2026-02-05 09:33:22,326.47,326.5,1,325.9,160,327.04,160,327.04,325.9,325.9,160,325.82,80,325.81,120,325.76,80,325.61,120,324.67,40,324.51,400,324.16,40,,,,,327.04,160,327.16,160,327.17,40,327.18,160,327.19,120,327.58,40,,,,,,,,
2026-02-05 09:33:23,326.47,326.5,1,325.9,160,327.04,160,327.04,325.9,325.9,160,325.82,80,325.81,120,325.76,80,325.61,120,324.67,40,324.51,400,324.16,40,,,,,327.04,160,327.16,160,327.17,40,327.18,160,327.19,120,327.58,40,,,,,,,,
2026-02-05 09:33:24,326.47,326.5,1,325.9,160,327.04,160,327.04,325.9,325.9,160,325.82,80,325.81,120,325.76,80,325.61,120,324.67,40,324.51,400,324.16,40,,,,,327.04,160,327.16,160,327.17,40,327.18,160,327.19,120,327.58,40,,,,,,,,
2026-02-05 09:33:25,326.47,326.5,1,325.9,160,327.04,160,327.04,325.9,325.9,160,325.82,80,325.81,120,325.76,80,325.61,120,324.67,40,324.51,400,324.16,40,,,,,327.04,160,327.16,160,327.17,40,327.18,160,327.19,120,327.58,40,,,,,,,,
2026-02-05 09:33:26,326.47,326.5,1,325.9,160,327.04,160,327.04,325.9,325.9,160,325.82,80,325.81,120,325.76,80,325.61,120,324.67,40,324.51,400,324.16,40,,,,,327.04,160,327.16,160,327.17,40,327.18,160,327.19,120,327.58,40,,,,,,,,
2026-02-05 09:33:27,326.5,326.5,1,326.0,360,327.0,80,327.0,326.0,326.0,360,325.9,200,325.82,80,325.81,120,325.76,80,325.61,120,324.67,40,324.51,400,324.16,40,,,327.0,80,327.04,160,327.16,160,327.17,40,327.18,160,327.19,120,327.58,40,,,,,,
2026-02-05 09:33:28,326.5,326.5,1,326.0,440,327.0,80,327.0,326.0,326.0,440,325.9,200,325.82,80,325.81,120,325.76,80,325.61,120,324.67,40,324.51,400,324.16,40,,,327.0,80,327.04,160,327.16,160,327.17,40,327.18,160,327.19,120,327.58,40,,,,,,
2026-02-05 09:33:29,326.5,326.5,1,326.0,520,327.0,80,327.0,326.0,326.0,520,325.9,200,325.82,80,325.81,120,325.76,80,325.61,120,324.67,40,324.51,400,324.16,40,,,327.0,80,327.04,160,327.16,160,327.17,40,327.18,160,327.19,120,327.58,40,,,,,,
2026-02-05 09:33:30,326.5,326.5,1,326.0,520,327.0,80,327.0,326.0,326.0,520,325.9,200,325.82,80,325.81,120,325.76,80,325.61,120,324.67,40,324.51,400,324.16,40,,,327.0,80,327.04,160,327.16,160,327.17,40,327.18,160,327.19,120,327.58,40,,,,,,
2026-02-05 09:33:31,326.5,326.5,1,326.0,600,327.0,80,327.0,326.0,326.0,600,325.9,200,325.82,80,325.81,120,325.76,80,325.61,120,324.67,40,324.51,400,324.16,40,,,327.0,80,327.04,160,327.16,160,327.17,40,327.18,160,327.19,120,327.58,40,,,,,,
2026-02-05 09:33:32,326.5,326.5,1,326.0,680,327.0,80,327.0,326.0,326.0,680,325.9,200,325.82,80,325.81,120,325.76,80,325.61,120,324.67,40,324.51,400,324.16,40,,,327.0,80,327.04,160,327.16,160,327.17,40,327.18,160,327.19,120,327.58,40,,,,,,
2026-02-05 09:33:33,326.495,326.5,1,326.0,680,326.99,40,326.99,326.0,326.0,680,325.9,200,325.82,80,325.81,120,325.76,80,325.61,120,324.67,40,324.51,400,324.16,40,,,326.99,40,327.0,80,327.04,160,327.16,160,327.17,40,327.18,160,327.19,120,327.58,40,,,,
2026-02-05 09:33:34,326.495,326.5,1,326.0,720,326.99,40,326.99,326.0,326.0,720,325.9,200,325.82,80,325.81,120,325.76,80,325.61,120,324.67,40,324.51,400,324.16,40,,,326.99,40,327.0,80,327.04,160,327.16,160,327.17,40,327.18,160,327.19,120,327.58,40,,,,
2026-02-05 09:33:35,326.495,326.5,1,326.0,800,326.99,40,326.99,326.0,326.0,800,325.9,200,325.82,80,325.81,120,325.76,80,325.61,120,324.67,40,324.51,400,324.16,40,,,326.99,40,327.0,80,327.04,160,327.16,160,327.17,40,327.18,160,327.19,120,327.58,40,,,,
2026-02-05 09:33:36,326.495,326.5,1,326.0,760,326.99,160,326.99,326.0,326.0,760,325.9,200,325.82,80,325.81,120,325.76,80,325.61,120,324.67,40,324.51,400,324.16,40,,,326.99,160,327.0,80,327.04,160,327.16,160,327.17,40,327.18,160,327.19,120,327.58,40,,,,
2026-02-05 09:33:37,326.495,326.5,1,326.0,840,326.99,160,326.99,326.0,326.0,840,325.9,200,325.82,80,325.81,120,325.76,80,325.61,120,324.67,40,324.51,400,324.16,40,,,326.99,160,327.0,80,327.04,160,327.16,160,327.17,40,327.18,160,327.19,120,327.58,40,,,,
2026-02-05 09:33:38,326.495,326.5,1,326.0,920,326.99,160,326.99,326.0,326.0,920,325.9,200,325.82,80,325.81,120,325.76,80,325.61,120,324.67,40,324.51,400,324.16,40,,,326.99,160,327.0,80,327.04,160,327.16,160,327.17,40,327.18,160,327.19,120,327.58,40,,,,
2026-02-05 09:33:39,326.6,326.5,1,326.21,160,326.99,160,326.99,326.21,326.21,160,326.0,920,325.9,200,325.82,80,325.81,120,325.76,80,325.61,120,324.67,40,324.51,400,324.16,40,326.99,160,327.0,80,327.04,160,327.16,160,327.17,40,327.18,160,327.19,120,327.58,40,,,,
2026-02-05 09:33:40,326.6,326.5,1,326.21,160,326.99,160,326.99,326.21,326.21,160,326.0,920,325.9,200,325.82,80,325.81,120,325.76,80,325.61,120,324.67,40,324.51,400,324.16,40,326.99,160,327.0,80,327.04,160,327.16,160,327.17,40,327.18,160,327.19,120,327.58,40,,,,
2026-02-05 09:33:41,326.605,326.5,1,326.22,160,326.99,160,326.99,326.22,326.22,160,326.21,80,326.0,920,325.9,200,325.82,80,325.81,120,325.76,80,325.61,120,324.67,40,324.51,400,326.99,160,327.0,80,327.04,160,327.16,160,327.17,40,327.18,160,327.19,120,327.58,40,,,,
2026-02-05 09:33:42,326.605,326.5,1,326.22,160,326.99,160,326.99,326.22,326.22,160,326.21,80,326.0,920,325.9,200,325.82,80,325.81,120,325.76,80,325.61,120,324.67,40,324.51,400,326.99,160,327.0,80,327.04,160,327.16,160,327.17,40,327.18,160,327.19,120,327.58,40,,,,
2026-02-05 09:33:43,326.605,326.5,1,326.22,280,326.99,160,326.99,326.22,326.22,280,326.21,80,326.0,920,325.9,200,325.82,80,325.81,120,325.76,80,325.61,120,324.67,40,324.51,400,326.99,160,327.0,80,327.04,160,327.16,160,327.17,40,327.18,160,327.19,120,327.58,40,,,,
2026-02-05 09:33:44,326.605,326.5,1,326.22,280,326.99,160,326.99,326.22,326.22,280,326.21,80,326.0,920,325.9,200,325.82,80,325.81,120,325.76,80,325.61,120,324.67,40,324.51,400,326.99,160,327.0,80,327.04,160,327.16,160,327.17,40,327.18,160,327.19,120,327.58,40,,,,
2026-02-05 09:33:45,326.61,326.5,1,326.23,160,326.99,160,326.99,326.23,326.23,160,326.22,120,326.21,80,326.0,920,325.9,200,325.82,80,325.81,120,325.76,80,325.61,120,324.67,40,326.99,160,327.0,80,327.04,160,327.16,160,327.17,40,327.18,160,327.19,120,327.58,40,,,,
2026-02-05 09:33:46,326.61,326.5,1,326.23,80,326.99,160,326.99,326.23,326.23,80,326.22,120,326.21,80,326.0,920,325.9,200,325.82,80,325.81,120,325.76,80,325.61,120,324.67,40,326.99,160,327.0,80,327.04,160,327.16,160,327.17,40,327.18,160,327.19,120,327.58,40,,,,
2026-02-05 09:33:47,326.61,326.5,1,326.23,80,326.99,160,326.99,326.23,326.23,80,326.22,120,326.21,80,326.0,920,325.9,200,325.82,80,325.81,120,325.76,80,325.61,120,324.67,40,326.99,160,327.0,80,327.04,160,327.16,160,327.17,40,327.18,160,327.19,120,327.58,40,,,,
2026-02-05 09:33:48,326.61,326.5,1,326.23,80,326.99,160,326.99,326.23,326.23,80,326.22,120,326.21,80,326.0,920,325.9,200,325.82,80,325.81,120,325.76,80,325.61,120,324.67,40,326.99,160,327.0,80,327.04,160,327.16,160,327.17,40,327.18,160,327.19,120,327.58,40,,,,
2026-02-05 09:33:49,326.615,326.5,1,326.24,80,326.99,160,326.99,326.24,326.24,80,326.23,80,326.22,120,326.21,80,326.0,920,325.9,200,325.82,80,325.81,120,325.76,80,325.61,120,326.99,160,327.0,80,327.04,160,327.16,160,327.17,40,327.18,160,327.19,120,327.58,40,,,,
2026-02-05 09:33:50,326.615,326.5,1,326.24,120,326.99,160,326.99,326.24,326.24,120,326.23,80,326.22,120,326.21,80,326.0,920,325.9,200,325.82,80,325.81,120,325.76,80,325.61,120,326.99,160,327.0,80,327.04,160,327.16,160,327.17,40,327.18,160,327.19,120,327.58,40,,,,
2026-02-05 09:33:51,326.615,326.5,1,326.24,120,326.99,160,326.99,326.24,326.24,120,326.23,80,326.22,120,326.21,80,326.0,920,325.9,200,325.82,80,325.81,120,325.76,80,325.61,120,326.99,160,327.0,80,327.04,160,327.16,160,327.17,40,327.18,160,327.19,120,327.58,40,,,,
2026-02-05 09:33:52,326.615,326.5,1,326.24,120,326.99,160,326.99,326.24,326.24,120,326.23,80,326.22,120,326.21,80,326.0,920,325.9,200,325.82,80,325.81,120,325.76,80,325.61,120,326.99,160,327.0,80,327.04,160,327.16,160,327.17,40,327.18,160,327.19,120,327.58,40,,,,
2026-02-05 09:33:53,327.22,326.99,1,326.86,200,327.58,40,327.58,326.86,326.86,200,326.82,40,326.68,120,326.6,40,326.24,120,326.23,80,326.22,120,326.21,80,326.0,920,325.9,200,327.58,40,,,,,,,,,,,,,,,,,,
2026-02-05 09:33:54,327.215,326.99,1,326.86,160,327.57,40,327.57,326.86,326.86,160,326.82,40,326.68,120,326.6,40,326.24,120,326.23,80,326.22,120,326.21,80,326.0,920,325.9,200,327.57,40,327.58,40,,,,,,,,,,,,,,,,
2026-02-05 09:33:55,327.215,326.99,1,326.86,160,327.57,80,327.57,326.86,326.86,160,326.82,40,326.68,120,326.6,40,326.24,120,326.23,80,326.22,120,326.21,80,326.0,920,325.9,200,327.57,80,327.58,40,,,,,,,,,,,,,,,,
2026-02-05 09:33:56,327.215,326.99,1,326.86,160,327.57,200,327.57,326.86,326.86,160,326.82,40,326.68,120,326.6,40,326.24,120,326.23,80,326.22,120,326.21,80,326.0,920,325.9,200,327.57,200,327.58,40,,,,,,,,,,,,,,,,
2026-02-05 09:33:57,327.2,326.97,1,326.83,40,327.57,200,327.57,326.83,326.83,40,326.82,40,326.68,120,326.6,40,326.24,120,326.23,80,326.22,120,326.21,80,326.0,920,325.9,200,327.57,200,327.58,40,,,,,,,,,,,,,,,,
2026-02-05 09:33:58,327.195,326.97,1,326.83,40,327.56,40,327.56,326.83,326.83,40,326.82,40,326.68,120,326.6,40,326.24,120,326.23,80,326.22,120,326.21,80,326.0,920,325.9,200,327.56,40,327.57,200,327.58,40,,,,,,,,,,,,,,
2026-02-05 09:33:59,327.195,326.96,4,326.83,40,327.56,120,327.56,326.83,326.83,40,326.82,40,326.68,120,326.6,40,326.24,120,326.23,80,326.22,120,326.21,80,326.0,920,325.9,200,327.56,120,327.57,200,327.58,40,,,,,,,,,,,,,,
2026-02-05 09:34:00,327.195,326.96,4,326.83,40,327.56,240,327.56,326.83,326.83,40,326.82,40,326.68,120,326.6,40,326.24,120,326.23,80,326.22,120,326.21,80,326.0,920,325.9,200,327.56,240,327.57,200,327.58,40,,,,,,,,,,,,,,
2026-02-05 09:34:01,327.16,326.96,4,326.83,80,327.49,40,327.49,326.83,326.83,80,326.82,40,326.68,120,326.6,40,326.24,120,326.23,80,326.22,120,326.21,80,326.0,920,325.9,200,327.49,40,327.5,80,327.56,240,327.57,200,327.58,40,,,,,,,,,,
2026-02-05 09:34:02,327.16,326.96,4,326.83,80,327.49,160,327.49,326.83,326.83,80,326.82,40,326.68,120,326.6,40,326.24,120,326.23,80,326.22,120,326.21,80,326.0,920,325.9,200,327.49,160,327.5,80,327.56,240,327.57,200,327.58,40,,,,,,,,,,
2026-02-05 09:34:03,327.155,327.15,1,326.83,40,327.48,80,327.48,326.83,326.83,40,326.82,40,326.68,120,326.6,40,326.24,120,326.23,80,326.22,120,326.21,80,326.0,920,325.9,200,327.48,80,327.49,160,327.5,80,327.56,240,327.57,200,327.58,40,,,,,,,,
2026-02-05 09:34:04,327.155,327.15,1,326.83,40,327.48,200,327.48,326.83,326.83,40,326.82,40,326.68,120,326.6,40,326.24,120,326.23,80,326.22,120,326.21,80,326.0,920,325.9,200,327.48,200,327.49,160,327.5,80,327.56,240,327.57,200,327.58,40,,,,,,,,
2026-02-05 09:34:05,327.15,326.86,1,326.83,40,327.47,80,327.47,326.83,326.83,40,326.82,40,326.68,120,326.6,40,326.24,120,326.23,80,326.22,120,326.21,80,326.0,920,325.9,200,327.47,80,327.48,200,327.49,160,327.5,80,327.56,240,327.57,200,327.58,40,,,,,,
2026-02-05 09:34:06,327.145,327.31,1,326.83,40,327.46,40,327.46,326.83,326.83,40,326.82,40,326.68,120,326.6,40,326.24,120,326.23,80,326.22,120,326.21,80,326.0,920,325.9,200,327.46,40,327.47,80,327.48,200,327.49,160,327.5,80,327.56,240,327.57,200,327.58,40,,,,
2026-02-05 09:34:07,327.12,327.31,1,326.83,40,327.41,80,327.41,326.83,326.83,40,326.82,40,326.68,120,326.6,40,326.24,120,326.23,80,326.22,120,326.21,80,326.0,920,325.9,200,327.41,80,327.42,40,327.47,80,327.48,200,327.49,160,327.5,80,327.56,240,327.57,200,327.58,40,,
2026-02-05 09:34:08,327.12,327.31,1,326.83,40,327.41,80,327.41,326.83,326.83,40,326.82,40,326.68,120,326.6,40,326.24,120,326.23,80,326.22,120,326.21,80,326.0,920,325.9,200,327.41,80,327.42,40,327.47,80,327.48,200,327.49,160,327.5,80,327.56,240,327.57,200,327.58,40,,
2026-02-05 09:34:09,327.12,327.31,1,326.83,40,327.41,200,327.41,326.83,326.83,40,326.82,40,326.68,120,326.6,40,326.24,120,326.23,80,326.22,120,326.21,80,326.0,920,325.9,200,327.41,200,327.42,40,327.47,80,327.48,200,327.49,160,327.5,80,327.56,240,327.57,200,327.58,40,,
2026-02-05 09:34:10,327.025,327.31,1,326.83,40,327.22,80,327.22,326.83,326.83,40,326.82,40,326.68,120,326.6,40,326.24,120,326.23,80,326.22,120,326.21,80,326.0,920,325.9,200,327.22,80,327.41,200,327.42,40,327.47,80,327.48,200,327.49,160,327.5,80,327.56,240,327.57,200,327.58,40
2026-02-05 09:34:11,327.025,327.31,1,326.83,40,327.22,80,327.22,326.83,326.83,40,326.82,40,326.68,120,326.6,40,326.24,120,326.23,80,326.22,120,326.21,80,326.0,920,325.9,200,327.22,80,327.41,200,327.42,40,327.47,80,327.48,200,327.49,160,327.5,80,327.56,240,327.57,200,327.58,40
2026-02-05 09:34:12,327.02,327.31,1,326.83,40,327.21,80,327.21,326.83,326.83,40,326.82,40,326.68,120,326.6,40,326.24,120,326.23,80,326.22,120,326.21,80,326.0,920,325.9,200,327.21,80,327.41,200,327.42,40,327.47,80,327.48,200,327.49,160,327.5,80,327.56,240,327.57,200,327.58,40
2026-02-05 09:34:13,327.06,327.21,1,326.91,80,327.21,80,327.21,326.91,326.91,80,326.83,240,326.81,80,326.68,120,326.6,40,326.24,120,326.23,80,326.22,120,326.21,80,326.0,920,327.21,80,327.41,200,327.42,40,327.47,80,327.48,200,327.49,160,327.5,80,327.56,240,327.57,200,327.58,40
2026-02-05 09:34:14,327.055,327.21,1,326.91,80,327.2,40,327.2,326.91,326.91,80,326.83,240,326.81,80,326.68,120,326.6,40,326.24,120,326.23,80,326.22,120,326.21,80,326.0,920,327.2,40,327.21,80,327.41,200,327.42,40,327.47,80,327.48,200,327.49,160,327.5,80,327.56,240,327.57,200
2026-02-05 09:34:15,327.055,327.21,1,326.91,80,327.2,320,327.2,326.91,326.91,80,326.83,240,326.81,80,326.68,120,326.6,40,326.24,120,326.23,80,326.22,120,326.21,80,326.0,920,327.2,320,327.21,80,327.41,200,327.42,40,327.47,80,327.48,200,327.49,160,327.5,80,327.56,240,327.57,200
2026-02-05 09:34:16,327.055,327.01,1,326.91,80,327.2,320,327.2,326.91,326.91,80,326.83,240,326.81,80,326.68,120,326.6,40,326.24,120,326.23,80,326.22,120,326.21,80,326.0,920,327.2,320,327.21,80,327.41,200,327.42,40,327.47,80,327.48,200,327.49,160,327.5,80,327.56,240,327.57,200
2026-02-05 09:34:17,327.0,327.06,1,326.91,80,327.09,80,327.09,326.91,326.91,80,326.83,240,326.81,80,326.68,120,326.6,40,326.24,120,326.23,80,326.22,120,326.21,80,326.0,920,327.09,80,327.2,240,327.21,80,327.41,200,327.42,40,327.47,80,327.48,200,327.49,160,327.5,80,327.56,240
2026-02-05 09:34:18,327.0,327.0,2,326.91,80,327.09,80,327.09,326.91,326.91,80,326.83,240,326.81,80,326.68,120,326.6,40,326.24,120,326.23,80,326.22,120,326.21,80,326.0,920,327.09,80,327.2,240,327.21,80,327.41,200,327.42,40,327.47,80,327.48,200,327.49,160,327.5,80,327.56,240
2026-02-05 09:34:19,327.115,327.04,1,327.03,40,327.2,200,327.2,327.03,327.03,40,326.95,120,326.81,160,326.68,120,326.6,40,326.24,120,326.23,80,326.22,120,326.21,80,326.0,920,327.2,200,327.21,80,327.41,200,327.42,40,327.47,80,327.48,200,327.49,160,327.5,80,327.56,240,327.57,200
2026-02-05 09:34:20,327.1,327.04,1,327.0,40,327.2,200,327.2,327.0,327.0,40,326.95,120,326.81,160,326.68,120,326.6,40,326.24,120,326.23,80,326.22,120,326.21,80,326.0,920,327.2,200,327.21,80,327.41,200,327.42,40,327.47,80,327.48,200,327.49,160,327.5,80,327.56,240,327.57,200
2026-02-05 09:34:21,327.1,327.04,1,327.0,40,327.2,200,327.2,327.0,327.0,40,326.95,120,326.81,160,326.68,120,326.6,40,326.24,120,326.23,80,326.22,120,326.21,80,326.0,920,327.2,200,327.21,80,327.41,200,327.42,40,327.47,80,327.48,200,327.49,160,327.5,80,327.56,240,327.57,200
2026-02-05 09:34:22,327.1,327.04,1,327.0,40,327.2,200,327.2,327.0,327.0,40,326.95,120,326.81,160,326.68,120,326.6,40,326.24,120,326.23,80,326.22,120,326.21,80,326.0,920,327.2,200,327.21,80,327.41,200,327.42,40,327.47,80,327.48,200,327.49,160,327.5,80,327.56,240,327.57,200
2026-02-05 09:34:23,327.1,327.04,1,327.0,40,327.2,200,327.2,327.0,327.0,40,326.95,120,326.81,160,326.68,120,326.6,40,326.24,120,326.23,80,326.22,120,326.21,80,326.0,920,327.2,200,327.21,80,327.41,200,327.42,40,327.47,80,327.48,200,327.49,160,327.5,80,327.56,240,327.57,200
2026-02-05 09:34:24,326.955,327.01,2,326.81,480,327.1,120,327.1,326.81,326.81,480,326.68,120,326.6,40,326.24,120,326.23,80,326.22,120,326.21,80,326.0,920,325.9,200,325.82,80,327.1,120,327.2,120,327.21,80,327.41,200,327.42,40,327.47,80,327.48,200,327.49,160,327.5,80,327.56,240
2026-02-05 09:34:25,326.955,327.01,1,326.81,480,327.1,120,327.1,326.81,326.81,480,326.68,120,326.6,40,326.24,120,326.23,80,326.22,120,326.21,80,326.0,920,325.9,200,325.82,80,327.1,120,327.2,120,327.21,80,327.41,200,327.42,40,327.47,80,327.48,200,327.49,160,327.5,80,327.56,240
2026-02-05 09:34:26,326.945,327.01,1,326.81,480,327.08,80,327.08,326.81,326.81,480,326.68,120,326.6,40,326.24,120,326.23,80,326.22,120,326.21,80,326.0,920,325.9,200,325.82,80,327.08,80,327.2,120,327.21,80,327.41,200,327.42,40,327.47,80,327.48,200,327.49,160,327.5,80,327.56,240
2026-02-05 09:34:27,326.945,327.01,1,326.81,480,327.08,80,327.08,326.81,326.81,480,326.68,120,326.6,40,326.24,120,326.23,80,326.22,120,326.21,80,326.0,920,325.9,200,325.82,80,327.08,80,327.2,120,327.21,80,327.41,200,327.42,40,327.47,80,327.48,200,327.49,160,327.5,80,327.56,240
2026-02-05 09:34:28,326.945,327.01,1,326.81,480,327.08,80,327.08,326.81,326.81,480,326.68,120,326.6,40,326.24,120,326.23,80,326.22,120,326.21,80,326.0,920,325.9,200,325.82,80,327.08,80,327.2,120,327.21,80,327.41,200,327.42,40,327.47,80,327.48,200,327.49,160,327.5,80,327.56,240
2026-02-05 09:34:29,326.945,326.81,1,326.81,40,327.08,80,327.08,326.81,326.81,40,326.34,40,326.24,280,326.23,80,326.22,120,326.21,80,326.0,920,325.9,200,325.82,80,325.81,120,327.08,80,327.2,120,327.21,80,327.41,200,327.42,40,327.47,80,327.48,200,327.49,160,327.5,80,327.56,240
2026-02-05 09:34:30,326.945,326.81,1,326.81,40,327.08,80,327.08,326.81,326.81,40,326.34,40,326.24,280,326.23,80,326.22,120,326.21,80,326.0,920,325.9,200,325.82,80,325.81,120,327.08,80,327.2,120,327.21,80,327.41,200,327.42,40,327.47,80,327.48,200,327.49,160,327.5,80,327.56,240
2026-02-05 09:34:31,326.945,326.81,1,326.81,40,327.08,80,327.08,326.81,326.81,40,326.34,40,326.24,280,326.23,80,326.22,120,326.21,80,326.0,920,325.9,200,325.82,80,325.81,120,327.08,80,327.2,120,327.21,80,327.41,200,327.42,40,327.47,80,327.48,200,327.49,160,327.5,80,327.56,240
2026-02-05 09:34:32,326.94,326.81,1,326.81,40,327.07,160,327.07,326.81,326.81,40,326.34,40,326.24,280,326.23,80,326.22,120,326.21,80,326.0,920,325.9,200,325.82,80,325.81,120,327.07,160,327.08,80,327.2,120,327.21,80,327.41,200,327.42,40,327.47,80,327.48,200,327.49,160,327.5,80
2026-02-05 09:34:33,326.925,326.81,1,326.81,40,327.04,80,327.04,326.81,326.81,40,326.34,40,326.24,280,326.23,80,326.22,120,326.21,80,326.0,920,325.9,200,325.82,80,325.81,120,327.04,80,327.07,160,327.08,80,327.2,120,327.21,80,327.41,200,327.42,40,327.47,80,327.48,200,327.49,160
2026-02-05 09:34:34,326.925,326.81,1,326.81,40,327.04,80,327.04,326.81,326.81,40,326.34,40,326.24,280,326.23,80,326.22,120,326.21,80,326.0,920,325.9,200,325.82,80,325.81,120,327.04,80,327.07,160,327.08,80,327.2,120,327.21,80,327.41,200,327.42,40,327.47,80,327.48,200,327.49,160
2026-02-05 09:34:35,326.635,326.81,1,326.24,280,327.03,80,327.03,326.24,326.24,280,326.23,80,326.22,120,326.21,80,326.0,920,325.9,200,325.82,80,325.81,120,325.76,80,325.61,120,327.03,80,327.04,120,327.07,160,327.08,80,327.2,120,327.21,80,327.41,200,327.42,40,327.47,80,327.48,200
2026-02-05 09:34:36,326.63,326.81,1,326.24,280,327.02,80,327.02,326.24,326.24,280,326.23,80,326.22,120,326.21,80,326.0,920,325.9,200,325.82,80,325.81,120,325.76,80,325.61,120,327.02,80,327.03,160,327.04,120,327.07,160,327.08,80,327.2,120,327.21,80,327.41,200,327.42,40,327.47,80
2026-02-05 09:34:37,326.62,326.81,1,326.24,280,327.0,80,327.0,326.24,326.24,280,326.23,80,326.22,120,326.21,80,326.0,920,325.9,200,325.82,80,325.81,120,325.76,80,325.61,120,327.0,80,327.01,160,327.02,80,327.03,160,327.04,120,327.07,160,327.08,80,327.2,120,327.21,80,327.41,200
2026-02-05 09:34:38,326.66,326.81,1,326.32,40,327.0,80,327.0,326.32,326.32,40,326.24,280,326.23,80,326.22,120,326.21,80,326.0,920,325.9,200,325.82,80,325.81,120,325.76,80,327.0,80,327.01,160,327.02,80,327.03,160,327.04,120,327.07,160,327.08,80,327.2,120,327.21,80,327.41,200
2026-02-05 09:34:39,326.655,326.81,1,326.32,40,326.99,80,326.99,326.32,326.32,40,326.24,280,326.23,80,326.22,120,326.21,80,326.0,920,325.9,200,325.82,80,325.81,120,325.76,80,326.99,80,327.01,160,327.02,80,327.03,160,327.04,120,327.07,160,327.08,80,327.2,120,327.21,80,327.41,200
2026-02-05 09:34:40,326.565,326.81,1,326.32,40,326.81,80,326.81,326.32,326.32,40,326.24,280,326.23,80,326.22,120,326.21,80,326.0,920,325.9,200,325.82,80,325.81,120,325.76,80,326.81,80,327.01,160,327.02,80,327.03,160,327.04,120,327.07,160,327.08,80,327.2,120,327.21,80,327.41,200
2026-02-05 09:34:41,326.565,326.81,1,326.32,40,326.81,80,326.81,326.32,326.32,40,326.24,280,326.23,80,326.22,120,326.21,80,326.0,920,325.9,200,325.82,80,325.81,120,325.76,80,326.81,80,327.01,160,327.02,80,327.03,160,327.04,120,327.07,160,327.08,80,327.2,120,327.21,80,327.41,200
2026-02-05 09:34:42,326.565,326.81,1,326.32,40,326.81,80,326.81,326.32,326.32,40,326.24,280,326.23,80,326.22,120,326.21,80,326.0,920,325.9,200,325.82,80,325.81,120,325.76,80,326.81,80,327.01,160,327.02,80,327.03,160,327.04,120,327.07,160,327.08,80,327.2,120,327.21,80,327.41,200
2026-02-05 09:34:43,326.565,326.81,1,326.32,40,326.81,160,326.81,326.32,326.32,40,326.24,280,326.23,80,326.22,120,326.21,80,326.0,920,325.9,200,325.82,80,325.81,120,325.76,80,326.81,160,327.01,160,327.02,80,327.03,160,327.04,120,327.07,160,327.08,80,327.2,120,327.21,80,327.41,200
2026-02-05 09:34:44,326.565,326.81,1,326.32,40,326.81,160,326.81,326.32,326.32,40,326.24,280,326.23,80,326.22,120,326.21,80,326.0,920,325.9,200,325.82,80,325.81,120,325.76,80,326.81,160,327.01,160,327.02,80,327.03,160,327.04,120,327.07,160,327.08,80,327.2,120,327.21,80,327.41,200
2026-02-05 09:34:45,326.56,326.81,1,326.32,40,326.8,200,326.8,326.32,326.32,40,326.24,280,326.23,80,326.22,120,326.21,80,326.0,920,325.9,200,325.82,80,325.81,120,325.76,80,326.8,200,326.81,160,327.01,160,327.02,80,327.03,160,327.04,120,327.07,160,327.08,80,327.2,120,327.21,80
2026-02-05 09:34:46,326.555,326.81,1,326.32,40,326.79,200,326.79,326.32,326.32,40,326.24,280,326.23,80,326.22,120,326.21,80,326.0,920,325.9,200,325.82,80,325.81,120,325.76,80,326.79,200,326.8,320,326.81,160,327.01,160,327.02,80,327.03,160,327.04,120,327.07,160,327.08,80,327.2,120
2026-02-05 09:34:47,326.555,326.81,1,326.32,40,326.79,80,326.79,326.32,326.32,40,326.24,280,326.23,80,326.22,120,326.21,80,326.0,920,325.9,200,325.82,80,325.81,120,325.76,80,326.79,80,326.8,280,326.81,160,327.01,160,327.02,80,327.03,160,327.04,120,327.07,160,327.08,80,327.2,120
2026-02-05 09:34:48,326.555,326.81,1,326.32,40,326.79,80,326.79,326.32,326.32,40,326.24,280,326.23,80,326.22,120,326.21,80,326.0,920,325.9,200,325.82,80,325.81,120,325.76,80,326.79,80,326.8,280,326.81,160,327.01,160,327.02,80,327.03,160,327.04,120,327.07,160,327.08,80,327.2,120
2026-02-05 09:34:49,326.555,326.81,1,326.32,40,326.79,80,326.79,326.32,326.32,40,326.24,280,326.23,80,326.22,120,326.21,80,326.0,920,325.9,200,325.82,80,325.81,120,325.76,80,326.79,80,326.8,280,326.81,160,327.01,160,327.02,80,327.03,160,327.04,120,327.07,160,327.08,80,327.2,120
2026-02-05 09:34:50,326.555,326.81,1,326.32,40,326.79,80,326.79,326.32,326.32,40,326.24,280,326.23,80,326.22,120,326.21,80,326.0,920,325.9,200,325.82,80,325.81,120,325.76,80,326.79,80,326.8,280,326.81,160,327.01,160,327.02,80,327.03,160,327.04,120,327.07,160,327.08,80,327.2,120
2026-02-05 09:34:51,326.555,326.81,1,326.32,40,326.79,80,326.79,326.32,326.32,40,326.24,280,326.23,80,326.22,120,326.21,80,326.0,920,325.9,200,325.82,80,325.81,120,325.76,80,326.79,80,326.8,280,326.81,160,327.01,160,327.02,80,327.03,160,327.04,120,327.07,160,327.08,80,327.2,120
2026-02-05 09:34:52,326.555,326.81,1,326.32,40,326.79,200,326.79,326.32,326.32,40,326.24,280,326.23,80,326.22,120,326.21,80,326.0,920,325.9,200,325.82,80,325.81,120,325.76,80,326.79,200,326.8,280,326.81,160,327.01,160,327.02,80,327.03,160,327.04,120,327.07,160,327.08,80,327.2,120
2026-02-05 09:34:53,326.555,326.81,1,326.32,40,326.79,200,326.79,326.32,326.32,40,326.24,280,326.23,80,326.22,120,326.21,80,326.0,920,325.9,200,325.82,80,325.81,120,325.76,80,326.79,200,326.8,280,326.81,160,327.01,160,327.02,80,327.03,160,327.04,120,327.07,160,327.08,80,327.2,120
2026-02-05 09:34:54,326.555,326.81,1,326.32,40,326.79,160,326.79,326.32,326.32,40,326.24,280,326.23,80,326.22,120,326.21,80,326.0,920,325.9,200,325.82,80,325.81,120,325.76,80,326.79,160,326.8,280,326.81,160,327.01,160,327.02,80,327.03,160,327.04,120,327.07,160,327.08,80,327.2,120
2026-02-05 09:34:55,326.555,326.81,1,326.32,40,326.79,160,326.79,326.32,326.32,40,326.24,280,326.23,80,326.22,120,326.21,80,326.0,920,325.9,200,325.82,80,325.81,120,325.76,80,326.79,160,326.8,280,326.81,160,327.01,160,327.02,80,327.03,160,327.04,120,327.07,160,327.08,80,327.2,120
2026-02-05 09:34:56,326.555,326.81,1,326.32,40,326.79,160,326.79,326.32,326.32,40,326.24,280,326.23,80,326.22,120,326.21,80,326.0,920,325.9,200,325.82,80,325.81,120,325.76,80,326.79,160,326.8,280,326.81,160,327.01,160,327.02,80,327.03,160,327.04,120,327.07,160,327.08,80,327.2,120
2026-02-05 09:34:57,326.555,326.81,1,326.32,40,326.79,160,326.79,326.32,326.32,40,326.24,280,326.23,80,326.22,120,326.21,80,326.0,920,325.9,200,325.82,80,325.81,120,325.76,80,326.79,160,326.8,280,326.81,160,327.01,160,327.02,80,327.03,160,327.04,120,327.07,160,327.08,80,327.2,120
2026-02-05 09:34:58,326.555,326.81,1,326.32,40,326.79,160,326.79,326.32,326.32,40,326.24,280,326.23,80,326.22,120,326.21,80,326.0,920,325.9,200,325.82,80,325.81,120,325.76,80,326.79,160,326.8,280,326.81,160,327.01,160,327.02,80,327.03,160,327.04,120,327.07,160,327.08,80,327.2,120
2026-02-05 09:34:59,326.555,326.81,1,326.32,40,326.79,200,326.79,326.32,326.32,40,326.24,280,326.23,80,326.22,120,326.21,80,326.0,920,325.9,200,325.82,80,325.81,120,325.76,80,326.79,200,326.8,280,326.81,160,327.01,160,327.02,80,327.03,160,327.04,120,327.07,160,327.08,80,327.2,120
2026-02-05 09:35:00,326.555,326.79,5,326.32,40,326.79,200,326.79,326.32,326.32,40,326.24,280,326.23,80,326.22,120,326.21,80,326.0,920,325.9,200,325.82,80,325.81,120,325.76,80,326.79,200,326.8,280,326.81,160,327.01,160,327.02,80,327.03,160,327.04,120,327.07,160,327.08,80,327.2,120
2026-02-05 09:35:01,326.555,326.79,5,326.32,80,326.79,200,326.79,326.32,326.32,80,326.24,280,326.23,80,326.22,120,326.21,80,326.0,920,325.9,200,325.82,80,325.81,120,325.76,80,326.79,200,326.8,280,326.81,160,327.01,160,327.02,80,327.03,160,327.04,120,327.07,160,327.08,80,327.2,120
2026-02-05 09:35:02,326.555,326.79,5,326.32,80,326.79,200,326.79,326.32,326.32,80,326.24,280,326.23,80,326.22,120,326.21,80,326.0,920,325.9,200,325.82,80,325.81,120,325.76,80,326.79,200,326.8,280,326.81,160,327.01,160,327.02,80,327.03,160,327.04,120,327.07,160,327.08,80,327.2,120
2026-02-05 09:35:03,326.555,326.79,5,326.32,80,326.79,200,326.79,326.32,326.32,80,326.24,280,326.23,80,326.22,120,326.21,80,326.0,920,325.9,200,325.82,80,325.81,120,325.76,80,326.79,200,326.8,280,326.81,160,327.01,160,327.02,80,327.03,160,327.04,120,327.07,160,327.08,80,327.2,120
2026-02-05 09:35:04,326.55,326.79,5,326.32,80,326.78,80,326.78,326.32,326.32,80,326.24,280,326.23,80,326.22,120,326.21,80,326.0,920,325.9,200,325.82,80,325.81,120,325.76,80,326.78,80,326.79,200,326.8,280,326.81,160,327.01,160,327.02,80,327.03,160,327.04,120,327.07,160,327.08,80
2026-02-05 09:35:05,326.55,326.55,1,326.32,200,326.78,200,326.78,326.32,326.32,200,326.24,280,326.23,80,326.22,120,326.21,80,326.0,920,325.9,200,325.82,80,325.81,120,325.76,80,326.78,200,326.79,200,326.8,280,326.81,160,327.01,160,327.02,80,327.03,160,327.04,120,327.07,160,327.08,80
2026-02-05 09:35:06,326.545,326.55,1,326.32,200,326.77,40,326.77,326.32,326.32,200,326.24,280,326.23,80,326.22,120,326.21,80,326.0,920,325.9,200,325.82,80,325.81,120,325.76,80,326.77,40,326.78,160,326.79,200,326.8,280,326.81,160,327.01,160,327.02,80,327.03,160,327.04,120,327.07,160
2026-02-05 09:35:07,326.545,326.55,1,326.32,200,326.77,80,326.77,326.32,326.32,200,326.24,280,326.23,80,326.22,120,326.21,80,326.0,920,325.9,200,325.82,80,325.81,120,325.76,80,326.77,80,326.78,160,326.79,200,326.8,280,326.81,160,327.01,160,327.02,80,327.03,160,327.04,120,327.07,160
2026-02-05 09:35:08,326.545,326.55,1,326.32,200,326.77,80,326.77,326.32,326.32,200,326.24,280,326.23,80,326.22,120,326.21,80,326.0,920,325.9,200,325.82,80,325.81,120,325.76,80,326.77,80,326.78,160,326.79,200,326.8,280,326.81,160,327.01,160,327.02,80,327.03,160,327.04,120,327.07,160
2026-02-05 09:35:09,326.525,326.55,1,326.32,200,326.73,40,326.73,326.32,326.32,200,326.24,280,326.23,80,326.22,120,326.21,80,326.0,920,325.9,200,325.82,80,325.81,120,325.76,80,326.73,40,326.77,40,326.78,160,326.79,200,326.8,280,326.81,160,327.01,160,327.02,80,327.03,160,327.04,120
2026-02-05 09:35:10,326.525,326.55,1,326.32,200,326.73,80,326.73,326.32,326.32,200,326.24,280,326.23,80,326.22,120,326.21,80,326.0,920,325.9,200,325.82,80,325.81,120,325.76,80,326.73,80,326.77,40,326.78,160,326.79,200,326.8,280,326.81,160,327.01,160,327.02,80,327.03,160,327.04,120
2026-02-05 09:35:11,326.525,326.55,1,326.32,200,326.73,160,326.73,326.32,326.32,200,326.24,280,326.23,80,326.22,120,326.21,80,326.0,920,325.9,200,325.82,80,325.81,120,325.76,80,326.73,160,326.77,40,326.78,160,326.79,200,326.8,280,326.81,160,327.01,160,327.02,80,327.03,160,327.04,120
2026-02-05 09:35:12,326.52,326.55,1,326.32,200,326.72,40,326.72,326.32,326.32,200,326.24,280,326.23,80,326.22,120,326.21,80,326.0,920,325.9,200,325.82,80,325.81,120,325.76,80,326.72,40,326.73,160,326.77,40,326.78,160,326.79,200,326.8,280,326.81,160,327.01,160,327.02,80,327.03,160
2026-02-05 09:35:13,326.52,326.55,1,326.32,200,326.72,40,326.72,326.32,326.32,200,326.24,280,326.23,80,326.22,120,326.21,80,326.0,920,325.9,200,325.82,80,325.81,120,325.76,80,326.72,40,326.73,160,326.77,40,326.78,160,326.79,200,326.8,280,326.81,160,327.01,160,327.02,80,327.03,160
2026-02-05 09:35:14,326.52,326.55,1,326.32,200,326.72,80,326.72,326.32,326.32,200,326.24,280,326.23,80,326.22,120,326.21,80,326.0,920,325.9,200,325.82,80,325.81,120,325.76,80,326.72,80,326.73,160,326.77,40,326.78,160,326.79,200,326.8,280,326.81,160,327.01,160,327.02,80,327.03,160
2026-02-05 09:35:15,326.36,326.26,1,326.0,3360,326.72,200,326.72,326.0,326.0,3360,325.9,200,325.82,80,325.81,120,325.76,80,325.61,120,324.67,40,324.51,400,324.16,40,,,326.72,200,326.73,160,326.77,40,326.78,160,326.79,200,326.8,280,326.81,160,327.01,160,327.02,80,327.03,160
2026-02-05 09:35:16,326.195,326.33,1,326.01,80,326.38,80,326.38,326.01,326.01,80,326.0,3360,325.9,200,325.82,80,325.81,120,325.76,80,325.61,120,324.67,40,324.51,400,324.16,40,326.38,80,326.72,200,326.73,160,326.77,40,326.78,160,326.79,200,326.8,280,326.81,160,327.01,160,327.02,80
2026-02-05 09:35:17,326.48,326.38,1,326.25,80,326.71,40,326.71,326.25,326.25,80,326.13,120,326.01,80,326.0,3360,325.9,200,325.82,80,325.81,120,325.76,80,325.61,120,324.67,40,326.71,40,326.72,240,326.73,160,326.77,40,326.78,160,326.79,200,326.8,280,326.81,160,327.01,160,327.02,80
2026-02-05 09:35:18,326.425,326.38,1,326.14,120,326.71,80,326.71,326.14,326.14,120,326.13,120,326.01,80,326.0,3360,325.9,200,325.82,80,325.81,120,325.76,80,325.61,120,324.67,40,326.71,80,326.72,240,326.73,160,326.77,40,326.78,160,326.79,200,326.8,280,326.81,160,327.01,160,327.02,80
2026-02-05 09:35:19,326.32,326.38,1,326.14,120,326.5,40,326.5,326.14,326.14,120,326.13,120,326.01,80,326.0,3360,325.9,200,325.82,80,325.81,120,325.76,80,325.61,120,324.67,40,326.5,40,326.71,80,326.72,240,326.73,160,326.77,40,326.78,160,326.79,200,326.8,280,326.81,160,327.01,160
2026-02-05 09:35:20,326.25,326.38,1,326.0,3440,326.5,40,326.5,326.0,326.0,3440,325.9,200,325.82,80,325.81,120,325.76,80,325.61,120,324.67,40,324.51,400,324.16,40,,,326.5,40,326.71,80,326.72,240,326.73,160,326.77,40,326.78,160,326.79,200,326.8,280,326.81,160,327.01,160
2026-02-05 09:35:21,326.465,326.38,1,326.22,80,326.71,120,326.71,326.22,326.22,80,326.0,3440,325.9,200,325.82,80,325.81,120,325.76,80,325.61,120,324.67,40,324.51,400,324.16,40,326.71,120,326.72,240,326.73,160,326.77,40,326.78,160,326.79,200,326.8,280,326.81,160,327.01,160,327.02,80
2026-02-05 09:35:22,326.465,326.38,1,326.22,80,326.71,120,326.71,326.22,326.22,80,326.0,3440,325.9,200,325.82,80,325.81,120,325.76,80,325.61,120,324.67,40,324.51,400,324.16,40,326.71,120,326.72,240,326.73,160,326.77,40,326.78,160,326.79,200,326.8,280,326.81,160,327.01,160,327.02,80
2026-02-05 09:35:23,326.465,326.38,1,326.22,80,326.71,160,326.71,326.22,326.22,80,326.0,3440,325.9,200,325.82,80,325.81,120,325.76,80,325.61,120,324.67,40,324.51,400,324.16,40,326.71,160,326.72,240,326.73,160,326.77,40,326.78,160,326.79,200,326.8,280,326.81,160,327.01,160,327.02,80
2026-02-05 09:35:24,326.465,326.38,1,326.22,80,326.71,160,326.71,326.22,326.22,80,326.0,3440,325.9,200,325.82,80,325.81,120,325.76,80,325.61,120,324.67,40,324.51,400,324.16,40,326.71,160,326.72,240,326.73,160,326.77,40,326.78,160,326.79,200,326.8,280,326.81,160,327.01,160,327.02,80
2026-02-05 09:35:25,326.395,326.38,1,326.22,80,326.57,200,326.57,326.22,326.22,80,326.0,3440,325.9,200,325.82,80,325.81,120,325.76,80,325.61,120,324.67,40,324.51,400,324.16,40,326.57,200,326.58,280,326.71,160,326.72,240,326.73,160,326.77,40,326.78,160,326.79,200,326.8,280,326.81,160
2026-02-05 09:35:26,326.395,326.38,1,326.22,80,326.57,200,326.57,326.22,326.22,80,326.0,3440,325.9,200,325.82,80,325.81,120,325.76,80,325.61,120,324.67,40,324.51,400,324.16,40,326.57,200,326.58,280,326.71,160,326.72,240,326.73,160,326.77,40,326.78,160,326.79,200,326.8,280,326.81,160
2026-02-05 09:35:27,326.67,326.58,1,326.56,80,326.78,160,326.78,326.56,326.56,80,326.45,160,326.32,200,326.22,80,326.0,3440,325.9,200,325.82,80,325.81,120,325.76,80,325.61,120,326.78,160,326.79,200,326.8,280,326.81,160,327.01,160,327.02,80,327.03,160,327.04,120,327.07,160,327.08,80
2026-02-05 09:35:28,326.835,326.58,1,326.67,160,327.0,80,327.0,326.67,326.67,160,326.61,80,326.56,80,326.45,160,326.32,200,326.22,80,326.0,3440,325.9,200,325.82,80,325.81,120,327.0,80,327.01,160,327.02,80,327.03,160,327.04,120,327.07,160,327.08,80,327.2,120,327.21,80,327.41,200
2026-02-05 09:35:29,326.835,326.58,1,326.67,160,327.0,80,327.0,326.67,326.67,160,326.61,80,326.56,80,326.45,160,326.32,200,326.22,80,326.0,3440,325.9,200,325.82,80,325.81,120,327.0,80,327.01,160,327.02,80,327.03,160,327.04,120,327.07,160,327.08,80,327.2,120,327.21,80,327.41,200
2026-02-05 09:35:30,326.53,326.58,1,326.22,40,326.84,160,326.84,326.22,326.22,40,326.0,3440,325.9,200,325.82,80,325.81,120,325.76,80,325.61,120,324.67,40,324.51,400,324.16,40,326.84,160,327.0,200,327.01,160,327.02,80,327.03,160,327.04,120,327.07,160,327.08,80,327.2,120,327.21,80
2026-02-05 09:35:31,326.53,326.58,1,326.22,40,326.84,160,326.84,326.22,326.22,40,326.0,3440,325.9,200,325.82,80,325.81,120,325.76,80,325.61,120,324.67,40,324.51,400,324.16,40,326.84,160,327.0,200,327.01,160,327.02,80,327.03,160,327.04,120,327.07,160,327.08,80,327.2,120,327.21,80
2026-02-05 09:35:32,326.52,326.58,1,326.22,40,326.82,40,326.82,326.22,326.22,40,326.0,3440,325.9,200,325.82,80,325.81,120,325.76,80,325.61,120,324.67,40,324.51,400,324.16,40,326.82,40,326.83,200,326.84,160,327.0,200,327.01,160,327.02,80,327.03,160,327.04,120,327.07,160,327.08,80
2026-02-05 09:35:33,326.515,326.58,1,326.22,80,326.81,80,326.81,326.22,326.22,80,326.0,3440,325.9,200,325.82,80,325.81,120,325.76,80,325.61,120,324.67,40,324.51,400,324.16,40,326.81,80,326.82,40,326.83,200,326.84,160,327.0,200,327.01,160,327.02,80,327.03,160,327.04,120,327.07,160
2026-02-05 09:35:34,326.515,326.58,1,326.22,80,326.81,200,326.81,326.22,326.22,80,326.0,3440,325.9,200,325.82,80,325.81,120,325.76,80,325.61,120,324.67,40,324.51,400,324.16,40,326.81,200,326.82,40,326.83,200,326.84,160,327.0,200,327.01,160,327.02,80,327.03,160,327.04,120,327.07,160
2026-02-05 09:35:35,326.515,326.58,1,326.22,80,326.81,200,326.81,326.22,326.22,80,326.0,3440,325.9,200,325.82,80,325.81,120,325.76,80,325.61,120,324.67,40,324.51,400,324.16,40,326.81,200,326.82,40,326.83,200,326.84,160,327.0,200,327.01,160,327.02,80,327.03,160,327.04,120,327.07,160
2026-02-05 09:35:36,326.515,326.58,1,326.22,80,326.81,200,326.81,326.22,326.22,80,326.0,3440,325.9,200,325.82,80,325.81,120,325.76,80,325.61,120,324.67,40,324.51,400,324.16,40,326.81,200,326.82,40,326.83,200,326.84,160,327.0,200,327.01,160,327.02,80,327.03,160,327.04,120,327.07,160
2026-02-05 09:35:37,326.515,326.71,2,326.22,80,326.81,200,326.81,326.22,326.22,80,326.0,3440,325.9,200,325.82,80,325.81,120,325.76,80,325.61,120,324.67,40,324.51,400,324.16,40,326.81,200,326.82,40,326.83,200,326.84,160,327.0,200,327.01,160,327.02,80,327.03,160,327.04,120,327.07,160
2026-02-05 09:35:38,326.515,326.71,2,326.22,80,326.81,200,326.81,326.22,326.22,80,326.0,3440,325.9,200,325.82,80,325.81,120,325.76,80,325.61,120,324.67,40,324.51,400,324.16,40,326.81,200,326.82,40,326.83,200,326.84,160,327.0,200,327.01,160,327.02,80,327.03,160,327.04,120,327.07,160
2026-02-05 09:35:39,326.515,326.71,2,326.22,80,326.81,200,326.81,326.22,326.22,80,326.0,3440,325.9,200,325.82,80,325.81,120,325.76,80,325.61,120,324.67,40,324.51,400,324.16,40,326.81,200,326.82,40,326.83,200,326.84,160,327.0,200,327.01,160,327.02,80,327.03,160,327.04,120,327.07,160
2026-02-05 09:35:40,326.515,326.71,2,326.22,80,326.81,200,326.81,326.22,326.22,80,326.0,3440,325.9,200,325.82,80,325.81,120,325.76,80,325.61,120,324.67,40,324.51,400,324.16,40,326.81,200,326.82,40,326.83,200,326.84,160,327.0,200,327.01,160,327.02,80,327.03,160,327.04,120,327.07,160
2026-02-05 09:35:41,326.51,326.71,2,326.22,80,326.8,40,326.8,326.22,326.22,80,326.0,3440,325.9,200,325.82,80,325.81,120,325.76,80,325.61,120,324.67,40,324.51,400,324.16,40,326.8,40,326.81,200,326.82,40,326.83,200,326.84,160,327.0,200,327.01,160,327.02,80,327.03,160,327.04,120
2026-02-05 09:35:42,326.51,326.71,2,326.22,80,326.8,40,326.8,326.22,326.22,80,326.0,3440,325.9,200,325.82,80,325.81,120,325.76,80,325.61,120,324.67,40,324.51,400,324.16,40,326.8,40,326.81,200,326.82,40,326.83,200,326.84,160,327.0,200,327.01,160,327.02,80,327.03,160,327.04,120
2026-02-05 09:35:43,326.51,326.71,2,326.22,80,326.8,40,326.8,326.22,326.22,80,326.0,3440,325.9,200,325.82,80,325.81,120,325.76,80,325.61,120,324.67,40,324.51,400,324.16,40,326.8,40,326.81,200,326.82,40,326.83,200,326.84,160,327.0,200,327.01,160,327.02,80,327.03,160,327.04,120
2026-02-05 09:35:44,326.51,326.71,2,326.22,80,326.8,160,326.8,326.22,326.22,80,326.0,3440,325.9,200,325.82,80,325.81,120,325.76,80,325.61,120,324.67,40,324.51,400,324.16,40,326.8,160,326.81,200,326.82,40,326.83,200,326.84,160,327.0,200,327.01,160,327.02,80,327.03,160,327.04,120
2026-02-05 09:35:45,326.51,326.71,2,326.22,80,326.8,160,326.8,326.22,326.22,80,326.0,3440,325.9,200,325.82,80,325.81,120,325.76,80,325.61,120,324.67,40,324.51,400,324.16,40,326.8,160,326.81,200,326.82,40,326.83,200,326.84,160,327.0,200,327.01,160,327.02,80,327.03,160,327.04,120
2026-02-05 09:35:46,326.445,326.71,2,326.22,80,326.67,40,326.67,326.22,326.22,80,326.0,3440,325.9,200,325.82,80,325.81,120,325.76,80,325.61,120,324.67,40,324.51,400,324.16,40,326.67,40,326.8,160,326.81,200,326.82,40,326.83,200,326.84,160,327.0,200,327.01,160,327.02,80,327.03,160
2026-02-05 09:35:47,326.445,326.71,2,326.22,80,326.67,40,326.67,326.22,326.22,80,326.0,3440,325.9,200,325.82,80,325.81,120,325.76,80,325.61,120,324.67,40,324.51,400,324.16,40,326.67,40,326.8,160,326.81,200,326.82,40,326.83,200,326.84,160,327.0,200,327.01,160,327.02,80,327.03,160
2026-02-05 09:35:48,326.445,326.71,2,326.22,40,326.67,80,326.67,326.22,326.22,40,326.0,3440,325.9,200,325.82,80,325.81,120,325.76,80,325.61,120,324.67,40,324.51,400,324.16,40,326.67,80,326.8,160,326.81,200,326.82,40,326.83,200,326.84,160,327.0,200,327.01,160,327.02,80,327.03,160
2026-02-05 09:35:49,326.445,326.71,2,326.22,40,326.67,80,326.67,326.22,326.22,40,326.0,3440,325.9,200,325.82,80,325.81,120,325.76,80,325.61,120,324.67,40,324.51,400,324.16,40,326.67,80,326.8,160,326.81,200,326.82,40,326.83,200,326.84,160,327.0,200,327.01,160,327.02,80,327.03,160
2026-02-05 09:35:50,326.445,326.71,2,326.22,40,326.67,200,326.67,326.22,326.22,40,326.0,3440,325.9,200,325.82,80,325.81,120,325.76,80,325.61,120,324.67,40,324.51,400,324.16,40,326.67,200,326.8,160,326.81,200,326.82,40,326.83,200,326.84,160,327.0,200,327.01,160,327.02,80,327.03,160
2026-02-05 09:35:51,326.445,326.71,2,326.22,40,326.67,200,326.67,326.22,326.22,40,326.0,3440,325.9,200,325.82,80,325.81,120,325.76,80,325.61,120,324.67,40,324.51,400,324.16,40,326.67,200,326.8,160,326.81,200,326.82,40,326.83,200,326.84,160,327.0,200,327.01,160,327.02,80,327.03,160
2026-02-05 09:35:52,326.44,326.71,2,326.22,80,326.66,40,326.66,326.22,326.22,80,326.0,3440,325.9,200,325.82,80,325.81,120,325.76,80,325.61,120,324.67,40,324.51,400,324.16,40,326.66,40,326.67,200,326.8,160,326.81,200,326.82,40,326.83,200,326.84,160,327.0,200,327.01,160,327.02,80
2026-02-05 09:35:53,326.44,326.44,1,326.22,120,326.66,80,326.66,326.22,326.22,120,326.0,3440,325.9,200,325.82,80,325.81,120,325.76,80,325.61,120,324.67,40,324.51,400,324.16,40,326.66,80,326.67,200,326.8,160,326.81,200,326.82,40,326.83,200,326.84,160,327.0,200,327.01,160,327.02,80
2026-02-05 09:35:54,326.44,326.44,1,326.22,120,326.66,80,326.66,326.22,326.22,120,326.0,3440,325.9,200,325.82,80,325.81,120,325.76,80,325.61,120,324.67,40,324.51,400,324.16,40,326.66,80,326.67,200,326.8,160,326.81,200,326.82,40,326.83,200,326.84,160,327.0,200,327.01,160,327.02,80
2026-02-05 09:35:56,326.44,326.44,1,326.22,120,326.66,80,326.66,326.22,326.22,120,326.0,3440,325.9,200,325.82,80,325.81,120,325.76,80,325.61,120,324.67,40,324.51,400,324.16,40,326.66,80,326.67,200,326.8,160,326.81,200,326.82,40,326.83,200,326.84,160,327.0,200,327.01,160,327.02,80
2026-02-05 09:35:57,326.44,326.44,1,326.22,120,326.66,80,326.66,326.22,326.22,120,326.0,3440,325.9,200,325.82,80,325.81,120,325.76,80,325.61,120,324.67,40,324.51,400,324.16,40,326.66,80,326.67,200,326.8,160,326.81,200,326.82,40,326.83,200,326.84,160,327.0,200,327.01,160,327.02,80
2026-02-05 09:35:57,326.44,326.44,1,326.22,560,326.66,80,326.66,326.22,326.22,560,326.0,3440,325.9,200,325.82,80,325.81,120,325.76,80,325.61,120,324.67,40,324.51,400,324.16,40,326.66,80,326.67,200,326.8,160,326.81,200,326.82,40,326.83,200,326.84,160,327.0,200,327.01,160,327.02,80
2026-02-05 09:35:58,326.44,326.44,1,326.22,560,326.66,80,326.66,326.22,326.22,560,326.0,3440,325.9,200,325.82,80,325.81,120,325.76,80,325.61,120,324.67,40,324.51,400,324.16,40,326.66,80,326.67,200,326.8,160,326.81,200,326.82,40,326.83,200,326.84,160,327.0,200,327.01,160,327.02,80
2026-02-05 09:35:59,326.44,326.44,1,326.22,560,326.66,80,326.66,326.22,326.22,560,326.0,3440,325.9,200,325.82,80,325.81,120,325.76,80,325.61,120,324.67,40,324.51,400,324.16,40,326.66,80,326.67,200,326.8,160,326.81,200,326.82,40,326.83,200,326.84,160,327.0,200,327.01,160,327.02,80
2026-02-05 09:36:00,326.44,326.44,1,326.22,560,326.66,80,326.66,326.22,326.22,560,326.0,3440,325.9,200,325.82,80,325.81,120,325.76,80,325.61,120,324.67,40,324.51,400,324.16,40,326.66,80,326.67,200,326.8,160,326.81,200,326.82,40,326.83,200,326.84,160,327.0,200,327.01,160,327.02,80
2026-02-05 09:36:02,326.445,326.44,1,326.22,560,326.67,240,326.67,326.22,326.22,560,326.0,3440,325.9,200,325.82,80,325.81,120,325.76,80,325.61,120,324.67,40,324.51,400,324.16,40,326.67,240,326.8,160,326.81,200,326.82,40,326.83,200,326.84,160,327.0,200,327.01,160,327.02,80,327.03,160
2026-02-05 09:36:03,326.445,326.44,1,326.22,560,326.67,240,326.67,326.22,326.22,560,326.0,3440,325.9,200,325.82,80,325.81,120,325.76,80,325.61,120,324.67,40,324.51,400,324.16,40,326.67,240,326.8,160,326.81,200,326.82,40,326.83,200,326.84,160,327.0,200,327.01,160,327.02,80,327.03,160
2026-02-05 09:36:04,326.445,326.44,1,326.22,560,326.67,240,326.67,326.22,326.22,560,326.0,3440,325.9,200,325.82,80,325.81,120,325.76,80,325.61,120,324.67,40,324.51,400,324.16,40,326.67,240,326.8,160,326.81,200,326.82,40,326.83,200,326.84,160,327.0,200,327.01,160,327.02,80,327.03,160
2026-02-05 09:36:05,326.445,326.44,1,326.22,560,326.67,240,326.67,326.22,326.22,560,326.0,3440,325.9,200,325.82,80,325.81,120,325.76,80,325.61,120,324.67,40,324.51,400,324.16,40,326.67,240,326.8,160,326.81,200,326.82,40,326.83,200,326.84,160,327.0,200,327.01,160,327.02,80,327.03,160
2026-02-05 09:36:06,326.445,326.44,1,326.22,560,326.67,160,326.67,326.22,326.22,560,326.0,3440,325.9,200,325.82,80,325.81,120,325.76,80,325.61,120,324.67,40,324.51,400,324.16,40,326.67,160,326.8,160,326.81,200,326.82,40,326.83,200,326.84,160,327.0,200,327.01,160,327.02,80,327.03,160
2026-02-05 09:36:06,326.445,326.44,1,326.22,560,326.67,160,326.67,326.22,326.22,560,326.0,3440,325.9,200,325.82,80,325.81,120,325.76,80,325.61,120,324.67,40,324.51,400,324.16,40,326.67,160,326.8,160,326.81,200,326.82,40,326.83,200,326.84,160,327.0,200,327.01,160,327.02,80,327.03,160
2026-02-05 09:36:07,326.445,326.44,1,326.22,560,326.67,320,326.67,326.22,326.22,560,326.0,3440,325.9,200,325.82,80,325.81,120,325.76,80,325.61,120,324.67,40,324.51,400,324.16,40,326.67,320,326.8,160,326.81,200,326.82,40,326.83,200,326.84,160,327.0,200,327.01,160,327.02,80,327.03,160
2026-02-05 09:36:09,326.435,326.44,1,326.22,560,326.65,40,326.65,326.22,326.22,560,326.0,3440,325.9,200,325.82,80,325.81,120,325.76,80,325.61,120,324.67,40,324.51,400,324.16,40,326.65,40,326.67,320,326.8,160,326.81,200,326.82,40,326.83,200,326.84,160,327.0,200,327.01,160,327.02,80
2026-02-05 09:36:09,326.77,326.76,1,326.67,40,326.87,80,326.87,326.67,326.67,40,326.66,40,326.65,80,326.54,40,326.48,40,326.43,80,326.32,80,326.22,560,326.0,3440,325.9,200,326.87,80,327.0,200,327.01,160,327.02,80,327.03,160,327.04,120,327.07,160,327.08,80,327.2,120,327.21,80
2026-02-05 09:36:11,326.765,326.76,1,326.67,40,326.86,40,326.86,326.67,326.67,40,326.66,40,326.65,80,326.54,40,326.48,40,326.43,80,326.32,80,326.22,560,326.0,3440,325.9,200,326.86,40,326.87,80,327.0,200,327.01,160,327.02,80,327.03,160,327.04,120,327.07,160,327.08,80,327.2,120
2026-02-05 09:36:12,326.765,326.76,1,326.67,80,326.86,40,326.86,326.67,326.67,80,326.66,40,326.65,80,326.54,40,326.48,40,326.43,80,326.32,80,326.22,560,326.0,3440,325.9,200,326.86,40,326.87,80,327.0,200,327.01,160,327.02,80,327.03,160,327.04,120,327.07,160,327.08,80,327.2,120
2026-02-05 09:36:13,326.495,326.76,1,326.22,520,326.77,80,326.77,326.22,326.22,520,326.0,3440,325.9,200,325.82,80,325.81,120,325.76,80,325.61,120,324.67,40,324.51,400,324.16,40,326.77,80,326.86,80,326.87,80,327.0,200,327.01,160,327.02,80,327.03,160,327.04,120,327.07,160,327.08,80
2026-02-05 09:36:13,326.495,326.76,1,326.22,560,326.77,80,326.77,326.22,326.22,560,326.0,3440,325.9,200,325.82,80,325.81,120,325.76,80,325.61,120,324.67,40,324.51,400,324.16,40,326.77,80,326.86,80,326.87,80,327.0,200,327.01,160,327.02,80,327.03,160,327.04,120,327.07,160,327.08,80
2026-02-05 09:36:15,326.495,326.76,1,326.22,560,326.77,120,326.77,326.22,326.22,560,326.0,3440,325.9,200,325.82,80,325.81,120,325.76,80,325.61,120,324.67,40,324.51,400,324.16,40,326.77,120,326.86,80,326.87,80,327.0,200,327.01,160,327.02,80,327.03,160,327.04,120,327.07,160,327.08,80
2026-02-05 09:36:16,326.495,326.76,1,326.22,560,326.77,120,326.77,326.22,326.22,560,326.0,3440,325.9,200,325.82,80,325.81,120,325.76,80,325.61,120,324.67,40,324.51,400,324.16,40,326.77,120,326.86,80,326.87,80,327.0,200,327.01,160,327.02,80,327.03,160,327.04,120,327.07,160,327.08,80
2026-02-05 09:36:17,326.495,326.76,1,326.22,560,326.77,120,326.77,326.22,326.22,560,326.0,3440,325.9,200,325.82,80,325.81,120,325.76,80,325.61,120,324.67,40,324.51,400,324.16,40,326.77,120,326.86,80,326.87,80,327.0,200,327.01,160,327.02,80,327.03,160,327.04,120,327.07,160,327.08,80
2026-02-05 09:36:18,326.445,326.49,1,326.22,480,326.67,40,326.67,326.22,326.22,480,326.0,3440,325.9,200,325.82,80,325.81,120,325.76,80,325.61,120,324.67,40,324.51,400,324.16,40,326.67,40,326.77,120,326.86,80,326.87,80,327.0,200,327.01,160,327.02,80,327.03,160,327.04,120,327.07,160
2026-02-05 09:36:19,326.495,326.49,1,326.22,480,326.77,80,326.77,326.22,326.22,480,326.0,3440,325.9,200,325.82,80,325.81,120,325.76,80,325.61,120,324.67,40,324.51,400,324.16,40,326.77,80,326.86,80,326.87,80,327.0,200,327.01,160,327.02,80,327.03,160,327.04,120,327.07,160,327.08,80
2026-02-05 09:36:20,326.495,326.49,1,326.22,480,326.77,80,326.77,326.22,326.22,480,326.0,3440,325.9,200,325.82,80,325.81,120,325.76,80,325.61,120,324.67,40,324.51,400,324.16,40,326.77,80,326.86,80,326.87,80,327.0,200,327.01,160,327.02,80,327.03,160,327.04,120,327.07,160,327.08,80
2026-02-05 09:36:21,326.495,326.49,1,326.22,480,326.77,80,326.77,326.22,326.22,480,326.0,3440,325.9,200,325.82,80,325.81,120,325.76,80,325.61,120,324.67,40,324.51,400,324.16,40,326.77,80,326.86,80,326.87,80,327.0,200,327.01,160,327.02,80,327.03,160,327.04,120,327.07,160,327.08,80
2026-02-05 09:36:22,326.495,326.49,1,326.22,440,326.77,80,326.77,326.22,326.22,440,326.0,3440,325.9,200,325.82,80,325.81,120,325.76,80,325.61,120,324.67,40,324.51,400,324.16,40,326.77,80,326.86,80,326.87,80,327.0,200,327.01,160,327.02,80,327.03,160,327.04,120,327.07,160,327.08,80
2026-02-05 09:36:23,326.44,326.49,1,326.22,440,326.66,40,326.66,326.22,326.22,440,326.0,3440,325.9,200,325.82,80,325.81,120,325.76,80,325.61,120,324.67,40,324.51,400,324.16,40,326.66,40,326.77,80,326.86,80,326.87,80,327.0,200,327.01,160,327.02,80,327.03,160,327.04,120,327.07,160
2026-02-05 09:36:24,326.44,326.49,1,326.22,440,326.66,40,326.66,326.22,326.22,440,326.0,3440,325.9,200,325.82,80,325.81,120,325.76,80,325.61,120,324.67,40,324.51,400,324.16,40,326.66,40,326.77,80,326.86,80,326.87,80,327.0,200,327.01,160,327.02,80,327.03,160,327.04,120,327.07,160
2026-02-05 09:36:25,326.44,326.49,1,326.22,520,326.66,40,326.66,326.22,326.22,520,326.0,3440,325.9,200,325.82,80,325.81,120,325.76,80,325.61,120,324.67,40,324.51,400,324.16,40,326.66,40,326.77,80,326.86,80,326.87,80,327.0,200,327.01,160,327.02,80,327.03,160,327.04,120,327.07,160
2026-02-05 09:36:26,326.44,326.49,1,326.22,520,326.66,40,326.66,326.22,326.22,520,326.0,3440,325.9,200,325.82,80,325.81,120,325.76,80,325.61,120,324.67,40,324.51,400,324.16,40,326.66,40,326.77,80,326.86,80,326.87,80,327.0,200,327.01,160,327.02,80,327.03,160,327.04,120,327.07,160
2026-02-05 09:36:27,326.44,326.49,1,326.22,520,326.66,40,326.66,326.22,326.22,520,326.0,3440,325.9,200,325.82,80,325.81,120,325.76,80,325.61,120,324.67,40,324.51,400,324.16,40,326.66,40,326.77,80,326.86,80,326.87,80,327.0,200,327.01,160,327.02,80,327.03,160,327.04,120,327.07,160
2026-02-05 09:36:28,326.365,326.49,1,326.22,480,326.51,40,326.51,326.22,326.22,480,326.0,3440,325.9,200,325.82,80,325.81,120,325.76,80,325.61,120,324.67,40,324.51,400,324.16,40,326.51,40,326.66,80,326.77,80,326.86,80,326.87,80,327.0,200,327.01,160,327.02,80,327.03,160,327.04,120
2026-02-05 09:36:29,326.365,326.49,1,326.22,480,326.51,40,326.51,326.22,326.22,480,326.0,3440,325.9,200,325.82,80,325.81,120,325.76,80,325.61,120,324.67,40,324.51,400,324.16,40,326.51,40,326.66,80,326.77,80,326.86,80,326.87,80,327.0,200,327.01,160,327.02,80,327.03,160,327.04,120
2026-02-05 09:36:30,326.365,326.49,1,326.22,480,326.51,40,326.51,326.22,326.22,480,326.0,3440,325.9,200,325.82,80,325.81,120,325.76,80,325.61,120,324.67,40,324.51,400,324.16,40,326.51,40,326.66,80,326.77,80,326.86,80,326.87,80,327.0,200,327.01,160,327.02,80,327.03,160,327.04,120
2026-02-05 09:36:31,326.365,326.49,1,326.22,480,326.51,40,326.51,326.22,326.22,480,326.0,3440,325.9,200,325.82,80,325.81,120,325.76,80,325.61,120,324.67,40,324.51,400,324.16,40,326.51,40,326.66,80,326.77,80,326.86,80,326.87,80,327.0,200,327.01,160,327.02,80,327.03,160,327.04,120
2026-02-05 09:36:32,326.365,326.49,1,326.22,480,326.51,40,326.51,326.22,326.22,480,326.0,3440,325.9,200,325.82,80,325.81,120,325.76,80,325.61,120,324.67,40,324.51,400,324.16,40,326.51,40,326.66,80,326.77,80,326.86,80,326.87,80,327.0,200,327.01,160,327.02,80,327.03,160,327.04,120
2026-02-05 09:36:33,326.365,326.49,1,326.22,480,326.51,40,326.51,326.22,326.22,480,326.0,3440,325.9,200,325.82,80,325.81,120,325.76,80,325.61,120,324.67,40,324.51,400,324.16,40,326.51,40,326.66,80,326.77,80,326.86,80,326.87,80,327.0,200,327.01,160,327.02,80,327.03,160,327.04,120
2026-02-05 09:36:34,326.365,326.49,1,326.22,440,326.51,80,326.51,326.22,326.22,440,326.0,3440,325.9,200,325.82,80,325.81,120,325.76,80,325.61,120,324.67,40,324.51,400,324.16,40,326.51,80,326.66,80,326.77,80,326.86,80,326.87,80,327.0,200,327.01,160,327.02,80,327.03,160,327.04,120
2026-02-05 09:36:35,326.365,326.49,1,326.22,440,326.51,80,326.51,326.22,326.22,440,326.0,3440,325.9,200,325.82,80,325.81,120,325.76,80,325.61,120,324.67,40,324.51,400,324.16,40,326.51,80,326.66,80,326.77,80,326.86,80,326.87,80,327.0,200,327.01,160,327.02,80,327.03,160,327.04,120
2026-02-05 09:36:36,326.365,326.49,1,326.22,440,326.51,80,326.51,326.22,326.22,440,326.0,3440,325.9,200,325.82,80,325.81,120,325.76,80,325.61,120,324.67,40,324.51,400,324.16,40,326.51,80,326.66,80,326.77,80,326.86,80,326.87,80,327.0,200,327.01,160,327.02,80,327.03,160,327.04,120
2026-02-05 09:36:37,326.365,326.49,1,326.22,440,326.51,40,326.51,326.22,326.22,440,326.0,3440,325.9,200,325.82,80,325.81,120,325.76,80,325.61,120,324.67,40,324.51,400,324.16,40,326.51,40,326.66,80,326.77,80,326.86,80,326.87,80,327.0,200,327.01,160,327.02,80,327.03,160,327.04,120
2026-02-05 09:36:38,326.425,326.49,1,326.22,440,326.63,160,326.63,326.22,326.22,440,326.0,3440,325.9,200,325.82,80,325.81,120,325.76,80,325.61,120,324.67,40,324.51,400,324.16,40,326.63,160,326.66,80,326.77,80,326.86,80,326.87,80,327.0,200,327.01,160,327.02,80,327.03,160,327.04,120
2026-02-05 09:36:39,326.425,326.49,1,326.22,440,326.63,160,326.63,326.22,326.22,440,326.0,3440,325.9,200,325.82,80,325.81,120,325.76,80,325.61,120,324.67,40,324.51,400,324.16,40,326.63,160,326.66,80,326.77,80,326.86,80,326.87,80,327.0,200,327.01,160,327.02,80,327.03,160,327.04,120
2026-02-05 09:36:40,326.42,326.49,1,326.22,480,326.62,40,326.62,326.22,326.22,480,326.0,3440,325.9,200,325.82,80,325.81,120,325.76,80,325.61,120,324.67,40,324.51,400,324.16,40,326.62,40,326.63,160,326.66,80,326.77,80,326.86,80,326.87,80,327.0,200,327.01,160,327.02,80,327.03,160
2026-02-05 09:36:41,326.42,326.49,1,326.22,480,326.62,40,326.62,326.22,326.22,480,326.0,3440,325.9,200,325.82,80,325.81,120,325.76,80,325.61,120,324.67,40,324.51,400,324.16,40,326.62,40,326.63,160,326.66,80,326.77,80,326.86,80,326.87,80,327.0,200,327.01,160,327.02,80,327.03,160
2026-02-05 09:36:42,326.42,326.49,1,326.22,480,326.62,40,326.62,326.22,326.22,480,326.0,3440,325.9,200,325.82,80,325.81,120,325.76,80,325.61,120,324.67,40,324.51,400,324.16,40,326.62,40,326.63,160,326.66,80,326.77,80,326.86,80,326.87,80,327.0,200,327.01,160,327.02,80,327.03,160
2026-02-05 09:36:43,326.42,326.49,1,326.22,520,326.62,80,326.62,326.22,326.22,520,326.0,3440,325.9,200,325.82,80,325.81,120,325.76,80,325.61,120,324.67,40,324.51,400,324.16,40,326.62,80,326.63,160,326.66,80,326.77,80,326.86,80,326.87,80,327.0,200,327.01,160,327.02,80,327.03,160
2026-02-05 09:36:44,326.42,326.49,1,326.22,520,326.62,80,326.62,326.22,326.22,520,326.0,3440,325.9,200,325.82,80,325.81,120,325.76,80,325.61,120,324.67,40,324.51,400,324.16,40,326.62,80,326.63,160,326.66,80,326.77,80,326.86,80,326.87,80,327.0,200,327.01,160,327.02,80,327.03,160
2026-02-05 09:36:45,326.42,326.49,1,326.22,480,326.62,80,326.62,326.22,326.22,480,326.0,3440,325.9,200,325.82,80,325.81,120,325.76,80,325.61,120,324.67,40,324.51,400,324.16,40,326.62,80,326.63,160,326.66,80,326.77,80,326.86,80,326.87,80,327.0,200,327.01,160,327.02,80,327.03,160
2026-02-05 09:36:46,326.42,326.49,1,326.22,480,326.62,80,326.62,326.22,326.22,480,326.0,3440,325.9,200,325.82,80,325.81,120,325.76,80,325.61,120,324.67,40,324.51,400,324.16,40,326.62,80,326.63,160,326.66,80,326.77,80,326.86,80,326.87,80,327.0,200,327.01,160,327.02,80,327.03,160
2026-02-05 09:36:47,326.42,326.49,1,326.22,480,326.62,80,326.62,326.22,326.22,480,326.0,3440,325.9,200,325.82,80,325.81,120,325.76,80,325.61,120,324.67,40,324.51,400,324.16,40,326.62,80,326.63,160,326.66,80,326.77,80,326.86,80,326.87,80,327.0,200,327.01,160,327.02,80,327.03,160
2026-02-05 09:36:48,326.42,326.49,1,326.22,480,326.62,80,326.62,326.22,326.22,480,326.0,3440,325.9,200,325.82,80,325.81,120,325.76,80,325.61,120,324.67,40,324.51,400,324.16,40,326.62,80,326.63,160,326.66,80,326.77,80,326.86,80,326.87,80,327.0,200,327.01,160,327.02,80,327.03,160
2026-02-05 09:36:49,326.38,326.49,1,326.22,480,326.54,120,326.54,326.22,326.22,480,326.0,3440,325.9,200,325.82,80,325.81,120,325.76,80,325.61,120,324.67,40,324.51,400,324.16,40,326.54,120,326.62,80,326.63,160,326.66,80,326.77,80,326.86,80,326.87,80,327.0,200,327.01,160,327.02,80
2026-02-05 09:36:50,326.38,326.49,1,326.22,480,326.54,120,326.54,326.22,326.22,480,326.0,3440,325.9,200,325.82,80,325.81,120,325.76,80,325.61,120,324.67,40,324.51,400,324.16,40,326.54,120,326.62,80,326.63,160,326.66,80,326.77,80,326.86,80,326.87,80,327.0,200,327.01,160,327.02,80
2026-02-05 09:36:51,326.38,326.49,1,326.22,480,326.54,120,326.54,326.22,326.22,480,326.0,3440,325.9,200,325.82,80,325.81,120,325.76,80,325.61,120,324.67,40,324.51,400,324.16,40,326.54,120,326.62,80,326.63,160,326.66,80,326.77,80,326.86,80,326.87,80,327.0,200,327.01,160,327.02,80
2026-02-05 09:36:52,326.38,326.49,1,326.22,480,326.54,120,326.54,326.22,326.22,480,326.0,3440,325.9,200,325.82,80,325.81,120,325.76,80,325.61,120,324.67,40,324.51,400,324.16,40,326.54,120,326.62,80,326.63,160,326.66,80,326.77,80,326.86,80,326.87,80,327.0,200,327.01,160,327.02,80
2026-02-05 09:36:53,326.59,326.59,1,326.32,80,326.86,80,326.86,326.32,326.32,80,326.3,120,326.29,40,326.25,80,326.22,480,326.0,3440,325.9,200,325.82,80,325.81,120,325.76,80,326.86,80,326.87,80,327.0,200,327.01,160,327.02,80,327.03,160,327.04,120,327.07,160,327.08,80,327.2,120
2026-02-05 09:36:54,326.435,326.59,1,326.22,440,326.65,40,326.65,326.22,326.22,440,326.0,3440,325.9,200,325.82,80,325.81,120,325.76,80,325.61,120,324.67,40,324.51,400,324.16,40,326.65,40,326.86,80,326.87,80,327.0,200,327.01,160,327.02,80,327.03,160,327.04,120,327.07,160,327.08,80
2026-02-05 09:36:55,326.435,326.59,1,326.22,440,326.65,40,326.65,326.22,326.22,440,326.0,3440,325.9,200,325.82,80,325.81,120,325.76,80,325.61,120,324.67,40,324.51,400,324.16,40,326.65,40,326.86,80,326.87,80,327.0,200,327.01,160,327.02,80,327.03,160,327.04,120,327.07,160,327.08,80
2026-02-05 09:36:56,326.435,326.59,1,326.22,440,326.65,40,326.65,326.22,326.22,440,326.0,3440,325.9,200,325.82,80,325.81,120,325.76,80,325.61,120,324.67,40,324.51,400,324.16,40,326.65,40,326.86,80,326.87,80,327.0,200,327.01,160,327.02,80,327.03,160,327.04,120,327.07,160,327.08,80
2026-02-05 09:36:57,326.435,326.59,1,326.22,440,326.65,40,326.65,326.22,326.22,440,326.0,3440,325.9,200,325.82,80,325.81,120,325.76,80,325.61,120,324.67,40,324.51,400,324.16,40,326.65,40,326.86,80,326.87,80,327.0,200,327.01,160,327.02,80,327.03,160,327.04,120,327.07,160,327.08,80
2026-02-05 09:36:58,326.405,326.59,1,326.22,440,326.59,40,326.59,326.22,326.22,440,326.0,3440,325.9,200,325.82,80,325.81,120,325.76,80,325.61,120,324.67,40,324.51,400,324.16,40,326.59,40,326.65,40,326.86,80,326.87,80,327.0,200,327.01,160,327.02,80,327.03,160,327.04,120,327.07,160
2026-02-05 09:36:59,326.405,326.59,1,326.22,440,326.59,40,326.59,326.22,326.22,440,326.0,3440,325.9,200,325.82,80,325.81,120,325.76,80,325.61,120,324.67,40,324.51,400,324.16,40,326.59,40,326.65,40,326.86,80,326.87,80,327.0,200,327.01,160,327.02,80,327.03,160,327.04,120,327.07,160
2026-02-05 09:37:00,326.35,326.59,1,326.22,520,326.48,80,326.48,326.22,326.22,520,326.0,3440,325.9,200,325.82,80,325.81,120,325.76,80,325.61,120,324.67,40,324.51,400,324.16,40,326.48,80,326.58,80,326.59,40,326.65,40,326.86,80,326.87,80,327.0,200,327.01,160,327.02,80,327.03,160
2026-02-05 09:37:01,326.4,326.59,1,326.22,520,326.58,80,326.58,326.22,326.22,520,326.0,3440,325.9,200,325.82,80,325.81,120,325.76,80,325.61,120,324.67,40,324.51,400,324.16,40,326.58,80,326.59,40,326.65,40,326.86,80,326.87,80,327.0,200,327.01,160,327.02,80,327.03,160,327.04,120
2026-02-05 09:37:02,326.405,326.59,1,326.23,80,326.58,80,326.58,326.23,326.23,80,326.22,520,326.0,3440,325.9,200,325.82,80,325.81,120,325.76,80,325.61,120,324.67,40,324.51,400,326.58,80,326.59,40,326.65,40,326.86,80,326.87,80,327.0,200,327.01,160,327.02,80,327.03,160,327.04,120
2026-02-05 09:37:03,326.405,326.59,1,326.23,80,326.58,80,326.58,326.23,326.23,80,326.22,520,326.0,3440,325.9,200,325.82,80,325.81,120,325.76,80,325.61,120,324.67,40,324.51,400,326.58,80,326.59,40,326.65,40,326.86,80,326.87,80,327.0,200,327.01,160,327.02,80,327.03,160,327.04,120
2026-02-05 09:37:04,326.405,326.59,1,326.23,80,326.58,80,326.58,326.23,326.23,80,326.22,520,326.0,3440,325.9,200,325.82,80,325.81,120,325.76,80,325.61,120,324.67,40,324.51,400,326.58,80,326.59,40,326.65,40,326.86,80,326.87,80,327.0,200,327.01,160,327.02,80,327.03,160,327.04,120
2026-02-05 09:37:05,326.4,326.59,1,326.23,40,326.57,40,326.57,326.23,326.23,40,326.22,520,326.0,3440,325.9,200,325.82,80,325.81,120,325.76,80,325.61,120,324.67,40,324.51,400,326.57,40,326.58,200,326.59,40,326.65,40,326.86,80,326.87,80,327.0,200,327.01,160,327.02,80,327.03,160
2026-02-05 09:37:06,326.4,326.59,1,326.23,40,326.57,80,326.57,326.23,326.23,40,326.22,520,326.0,3440,325.9,200,325.82,80,325.81,120,325.76,80,325.61,120,324.67,40,324.51,400,326.57,80,326.58,200,326.59,40,326.65,40,326.86,80,326.87,80,327.0,200,327.01,160,327.02,80,327.03,160
2026-02-05 09:37:07,326.395,326.39,1,326.22,440,326.57,80,326.57,326.22,326.22,440,326.0,3440,325.9,200,325.82,80,325.81,120,325.76,80,325.61,120,324.67,40,324.51,400,324.16,40,326.57,80,326.58,200,326.59,40,326.65,40,326.86,80,326.87,80,327.0,200,327.01,160,327.02,80,327.03,160
2026-02-05 09:37:08,326.39,326.39,1,326.22,440,326.56,40,326.56,326.22,326.22,440,326.0,3440,325.9,200,325.82,80,325.81,120,325.76,80,325.61,120,324.67,40,324.51,400,324.16,40,326.56,40,326.57,80,326.58,200,326.59,40,326.65,40,326.86,80,326.87,80,327.0,200,327.01,160,327.02,80
2026-02-05 09:37:09,326.39,326.39,1,326.22,520,326.56,40,326.56,326.22,326.22,520,326.0,3440,325.9,200,325.82,80,325.81,120,325.76,80,325.61,120,324.67,40,324.51,400,324.16,40,326.56,40,326.57,80,326.58,200,326.59,40,326.65,40,326.86,80,326.87,80,327.0,200,327.01,160,327.02,80
2026-02-05 09:37:10,326.39,326.39,1,326.22,520,326.56,200,326.56,326.22,326.22,520,326.0,3440,325.9,200,325.82,80,325.81,120,325.76,80,325.61,120,324.67,40,324.51,400,324.16,40,326.56,200,326.57,80,326.58,200,326.59,40,326.65,40,326.86,80,326.87,80,327.0,200,327.01,160,327.02,80
2026-02-05 09:37:11,326.39,326.39,1,326.22,440,326.56,200,326.56,326.22,326.22,440,326.0,3440,325.9,200,325.82,80,325.81,120,325.76,80,325.61,120,324.67,40,324.51,400,324.16,40,326.56,200,326.57,80,326.58,200,326.59,40,326.65,40,326.86,80,326.87,80,327.0,200,327.01,160,327.02,80
2026-02-05 09:37:12,326.39,326.39,1,326.22,440,326.56,200,326.56,326.22,326.22,440,326.0,3440,325.9,200,325.82,80,325.81,120,325.76,80,325.61,120,324.67,40,324.51,400,324.16,40,326.56,200,326.57,80,326.58,200,326.59,40,326.65,40,326.86,80,326.87,80,327.0,200,327.01,160,327.02,80
2026-02-05 09:37:13,326.385,326.39,1,326.22,440,326.55,40,326.55,326.22,326.22,440,326.0,3440,325.9,200,325.82,80,325.81,120,325.76,80,325.61,120,324.67,40,324.51,400,324.16,40,326.55,40,326.56,200,326.57,80,326.58,200,326.59,40,326.65,40,326.86,80,326.87,80,327.0,200,327.01,160
2026-02-05 09:37:14,326.385,326.39,1,326.22,440,326.55,40,326.55,326.22,326.22,440,326.0,3440,325.9,200,325.82,80,325.81,120,325.76,80,325.61,120,324.67,40,324.51,400,324.16,40,326.55,40,326.56,200,326.57,80,326.58,200,326.59,40,326.65,40,326.86,80,326.87,80,327.0,200,327.01,160
2026-02-05 09:37:15,326.385,326.39,1,326.22,440,326.55,160,326.55,326.22,326.22,440,326.0,3440,325.9,200,325.82,80,325.81,120,325.76,80,325.61,120,324.67,40,324.51,400,324.16,40,326.55,160,326.56,200,326.57,80,326.58,200,326.59,40,326.65,40,326.86,80,326.87,80,327.0,200,327.01,160
2026-02-05 09:37:16,326.385,326.39,1,326.22,440,326.55,160,326.55,326.22,326.22,440,326.0,3440,325.9,200,325.82,80,325.81,120,325.76,80,325.61,120,324.67,40,324.51,400,324.16,40,326.55,160,326.56,200,326.57,80,326.58,200,326.59,40,326.65,40,326.86,80,326.87,80,327.0,200,327.01,160
2026-02-05 09:37:16,326.385,326.39,1,326.22,440,326.55,160,326.55,326.22,326.22,440,326.0,3440,325.9,200,325.82,80,325.81,120,325.76,80,325.61,120,324.67,40,324.51,400,324.16,40,326.55,160,326.56,200,326.57,80,326.58,200,326.59,40,326.65,40,326.86,80,326.87,80,327.0,200,327.01,160
2026-02-05 09:37:18,326.38,326.39,1,326.22,440,326.54,40,326.54,326.22,326.22,440,326.0,3440,325.9,200,325.82,80,325.81,120,325.76,80,325.61,120,324.67,40,324.51,400,324.16,40,326.54,40,326.55,160,326.56,200,326.57,80,326.58,200,326.59,40,326.65,40,326.86,80,326.87,80,327.0,200
2026-02-05 09:37:19,326.38,326.39,1,326.22,440,326.54,160,326.54,326.22,326.22,440,326.0,3440,325.9,200,325.82,80,325.81,120,325.76,80,325.61,120,324.67,40,324.51,400,324.16,40,326.54,160,326.55,160,326.56,200,326.57,80,326.58,200,326.59,40,326.65,40,326.86,80,326.87,80,327.0,200
2026-02-05 09:37:20,326.38,326.39,1,326.22,440,326.54,160,326.54,326.22,326.22,440,326.0,3440,325.9,200,325.82,80,325.81,120,325.76,80,325.61,120,324.67,40,324.51,400,324.16,40,326.54,160,326.55,160,326.56,200,326.57,80,326.58,200,326.59,40,326.65,40,326.86,80,326.87,80,327.0,200
2026-02-05 09:37:21,326.285,326.29,1,326.19,40,326.38,160,326.38,326.19,326.19,40,326.0,3440,325.9,200,325.82,80,325.81,120,325.76,80,325.61,120,324.67,40,324.51,400,324.16,40,326.38,160,326.47,120,326.54,160,326.55,160,326.56,200,326.57,80,326.58,200,326.59,40,326.65,40,326.86,80
2026-02-05 09:37:22,326.285,326.29,1,326.19,40,326.38,160,326.38,326.19,326.19,40,326.0,3440,325.9,200,325.82,80,325.81,120,325.76,80,325.61,120,324.67,40,324.51,400,324.16,40,326.38,160,326.47,120,326.54,160,326.55,160,326.56,200,326.57,80,326.58,200,326.59,40,326.65,40,326.86,80
2026-02-05 09:37:23,326.285,326.29,1,326.19,40,326.38,320,326.38,326.19,326.19,40,326.0,3440,325.9,200,325.82,80,325.81,120,325.76,80,325.61,120,324.67,40,324.51,400,324.16,40,326.38,320,326.47,120,326.54,160,326.55,160,326.56,200,326.57,80,326.58,200,326.59,40,326.65,40,326.86,80
2026-02-05 09:37:24,326.135,326.14,1,326.0,3640,326.27,120,326.27,326.0,326.0,3640,325.9,200,325.82,80,325.81,120,325.76,80,325.61,120,324.67,40,324.51,400,324.16,40,,,326.27,120,326.38,360,326.47,120,326.54,160,326.55,160,326.56,200,326.57,80,326.58,200,326.59,40,326.65,40
2026-02-05 09:37:25,326.135,326.14,1,326.0,3640,326.27,200,326.27,326.0,326.0,3640,325.9,200,325.82,80,325.81,120,325.76,80,325.61,120,324.67,40,324.51,400,324.16,40,,,326.27,200,326.38,360,326.47,120,326.54,160,326.55,160,326.56,200,326.57,80,326.58,200,326.59,40,326.65,40
2026-02-05 09:37:26,326.135,326.14,1,326.0,3640,326.27,200,326.27,326.0,326.0,3640,325.9,200,325.82,80,325.81,120,325.76,80,325.61,120,324.67,40,324.51,400,324.16,40,,,326.27,200,326.38,360,326.47,120,326.54,160,326.55,160,326.56,200,326.57,80,326.58,200,326.59,40,326.65,40
2026-02-05 09:37:27,326.135,326.14,1,326.0,3640,326.27,200,326.27,326.0,326.0,3640,325.9,200,325.82,80,325.81,120,325.76,80,325.61,120,324.67,40,324.51,400,324.16,40,,,326.27,200,326.38,360,326.47,120,326.54,160,326.55,160,326.56,200,326.57,80,326.58,200,326.59,40,326.65,40
