sim_time,mid_price,last_price,last_size,best_bid_price,best_bid_size,best_ask_price,best_ask_size,close_price_buy,close_price_sell,bid1_price,bid1_size,bid2_price,bid2_size,bid3_price,bid3_size,bid4_price,bid4_size,bid5_price,bid5_size,bid6_price,bid6_size,bid7_price,bid7_size,bid8_price,bid8_size,bid9_price,bid9_size,bid10_price,bid10_size,ask1_price,ask1_size,ask2_price,ask2_size,ask3_price,ask3_size,ask4_price,ask4_size,ask5_price,ask5_size,ask6_price,ask6_size,ask7_price,ask7_size,ask8_price,ask8_size,ask9_price,ask9_size,ask10_price,ask10_size
2020-10-29 09:30:27,214.545,214.66,1,214.37,2,214.72,1,214.72,214.37,214.37,2,214.36,1,214.35,1,214.34,1,214.26,3,214.25,1,,,,,,,,,214.72,1,214.75,1,214.8,1,214.81,1,214.96,1,215.0,1,215.2,5,,,,,,
2020-10-29 09:30:28,214.645,214.72,1,214.54,1,214.75,2,214.75,214.54,214.54,1,214.44,1,214.39,1,214.37,2,214.36,1,214.35,1,214.34,1,214.26,3,214.25,1,,,214.75,2,214.8,1,214.81,1,214.96,1,215.0,1,215.2,5,,,,,,,,
2020-10-29 09:30:29,214.645,214.72,1,214.54,1,214.75,2,214.75,214.54,214.54,1,214.44,1,214.39,1,214.37,2,214.36,1,214.35,1,214.34,1,214.26,3,214.25,1,,,214.75,2,214.8,1,214.81,1,214.96,1,215.0,1,215.2,5,,,,,,,,
2020-10-29 09:30:30,214.715,214.75,1,214.64,1,214.79,1,214.79,214.64,214.64,1,214.54,1,214.44,1,214.39,1,214.37,2,214.36,1,214.35,1,214.34,1,214.26,3,214.25,1,214.79,1,214.83,2,214.96,1,215.0,1,215.2,5,,,,,,,,,,
2020-10-29 09:30:31,214.77,214.76,1,214.71,1,214.83,2,214.83,214.71,214.71,1,214.64,1,214.54,1,214.44,1,214.39,1,214.37,2,214.36,1,214.35,1,214.34,1,214.26,3,214.83,2,214.96,1,215.0,1,215.2,5,,,,,,,,,,,,
2020-10-29 09:30:32,214.825,214.76,1,214.75,1,214.9,2,214.9,214.75,214.75,1,214.71,1,214.64,1,214.54,1,214.44,1,214.39,1,214.37,2,214.36,1,214.35,1,214.34,1,214.9,2,214.96,1,215.0,1,215.2,5,,,,,,,,,,,,
2020-10-29 09:30:34,214.825,214.76,1,214.75,1,214.9,2,214.9,214.75,214.75,1,214.71,1,214.64,1,214.54,1,214.44,1,214.39,1,214.37,2,214.36,1,214.35,1,214.34,1,214.9,2,214.96,1,215.0,1,215.2,5,,,,,,,,,,,,
2020-10-29 09:30:34,214.89,214.9,1,214.82,1,214.96,1,214.96,214.82,214.82,1,214.75,1,214.71,1,214.64,1,214.54,1,214.44,1,214.39,1,214.37,2,214.36,1,214.35,1,214.96,1,215.0,1,215.2,5,,,,,,,,,,,,,,
2020-10-29 09:30:35,214.945,214.96,1,214.89,1,215.0,6,215.0,214.89,214.89,1,214.82,1,214.75,1,214.71,1,214.64,1,214.54,1,214.44,1,214.39,1,214.37,2,214.36,1,215.0,6,215.2,5,,,,,,,,,,,,,,,,
2020-10-29 09:30:36,214.945,214.96,1,214.89,1,215.0,6,215.0,214.89,214.89,1,214.82,1,214.75,1,214.71,1,214.64,1,214.54,1,214.44,1,214.39,1,214.37,2,214.36,1,215.0,6,215.2,5,,,,,,,,,,,,,,,,
2020-10-29 09:30:37,214.945,214.96,1,214.89,1,215.0,6,215.0,214.89,214.89,1,214.82,1,214.75,1,214.71,1,214.64,1,214.54,1,214.44,1,214.39,1,214.37,2,214.36,1,215.0,6,215.2,5,,,,,,,,,,,,,,,,
2020-10-29 09:30:38,215.08,215.13,1,215.0,1,215.16,3,215.16,215.0,215.0,1,214.94,1,214.89,1,214.82,1,214.75,1,214.71,1,214.64,1,214.54,1,214.44,1,214.39,1,215.16,3,215.2,5,,,,,,,,,,,,,,,,
2020-10-29 09:30:39,215.08,215.13,1,215.0,2,215.16,3,215.16,215.0,215.0,2,214.96,1,214.94,1,214.89,1,214.82,1,214.75,1,214.71,1,214.64,1,214.54,1,214.44,1,215.16,3,215.2,5,,,,,,,,,,,,,,,,
2020-10-29 09:30:40,215.11,215.16,1,215.02,3,215.2,5,215.2,215.02,215.02,3,215.0,2,214.96,1,214.94,1,214.89,1,214.82,1,214.75,1,214.71,1,214.64,1,214.54,1,215.2,5,,,,,,,,,,,,,,,,,,
2020-10-29 09:30:41,215.185,215.33,1,215.02,3,215.35,1,215.35,215.02,215.02,3,215.0,2,214.96,1,214.94,1,214.89,1,214.82,1,214.75,1,214.71,1,214.64,1,214.54,1,215.35,1,215.4,1,,,,,,,,,,,,,,,,
2020-10-29 09:30:42,215.185,215.33,1,215.02,4,215.35,2,215.35,215.02,215.02,4,215.0,2,214.96,1,214.94,1,214.89,1,214.82,1,214.75,1,214.71,1,214.64,1,214.54,1,215.35,2,215.4,1,,,,,,,,,,,,,,,,
2020-10-29 09:30:43,215.185,215.33,1,215.02,4,215.35,2,215.35,215.02,215.02,4,215.0,2,214.96,1,214.94,1,214.89,1,214.82,1,214.75,1,214.71,1,214.64,1,214.54,1,215.35,2,215.4,1,,,,,,,,,,,,,,,,
2020-10-29 09:30:44,215.19,215.33,1,215.03,1,215.35,3,215.35,215.03,215.03,1,215.02,4,215.0,2,214.96,1,214.94,1,214.89,1,214.82,1,214.75,1,214.71,1,214.64,1,215.35,3,215.4,1,,,,,,,,,,,,,,,,
2020-10-29 09:30:45,215.19,215.33,1,215.03,1,215.35,3,215.35,215.03,215.03,1,215.02,4,215.0,2,214.96,1,214.94,1,214.89,1,214.82,1,214.75,1,214.71,1,214.64,1,215.35,3,215.4,1,,,,,,,,,,,,,,,,
2020-10-29 09:30:46,215.195,215.33,1,215.04,3,215.35,3,215.35,215.04,215.04,3,215.03,2,215.02,4,215.0,2,214.96,1,214.94,1,214.89,1,214.82,1,214.75,1,214.71,1,215.35,3,215.4,1,,,,,,,,,,,,,,,,
2020-10-29 09:30:47,215.195,215.33,1,215.04,3,215.35,3,215.35,215.04,215.04,3,215.03,2,215.02,4,215.0,2,214.96,1,214.94,1,214.89,1,214.82,1,214.75,1,214.71,1,215.35,3,215.4,1,,,,,,,,,,,,,,,,
2020-10-29 09:30:48,215.19,215.33,1,215.04,3,215.34,2,215.34,215.04,215.04,3,215.03,2,215.02,4,215.0,2,214.96,1,214.94,1,214.89,1,214.82,1,214.75,1,214.71,1,215.34,2,215.35,3,215.4,1,,,,,,,,,,,,,,
2020-10-29 09:30:49,215.195,215.33,1,215.04,3,215.35,3,215.35,215.04,215.04,3,215.03,2,215.02,4,215.0,2,214.96,1,214.94,1,214.89,1,214.82,1,214.75,1,214.71,1,215.35,3,215.4,1,,,,,,,,,,,,,,,,
2020-10-29 09:30:50,215.185,215.33,1,215.04,3,215.33,1,215.33,215.04,215.04,3,215.03,2,215.02,4,215.0,2,214.96,1,214.94,1,214.89,1,214.82,1,214.75,1,214.71,1,215.33,1,215.35,3,215.4,1,,,,,,,,,,,,,,
2020-10-29 09:30:51,215.185,215.33,1,215.04,3,215.33,1,215.33,215.04,215.04,3,215.03,2,215.02,4,215.0,2,214.96,1,214.94,1,214.89,1,214.82,1,214.75,1,214.71,1,215.33,1,215.35,3,215.4,1,,,,,,,,,,,,,,
2020-10-29 09:30:52,215.185,215.33,1,215.04,3,215.33,1,215.33,215.04,215.04,3,215.03,2,215.02,4,215.0,2,214.96,1,214.94,1,214.89,1,214.82,1,214.75,1,214.71,1,215.33,1,215.35,3,215.4,1,,,,,,,,,,,,,,
2020-10-29 09:30:54,215.18,215.33,1,215.04,3,215.32,2,215.32,215.04,215.04,3,215.03,2,215.02,4,215.0,2,214.96,1,214.94,1,214.89,1,214.82,1,214.75,1,214.71,1,215.32,2,215.33,1,215.35,3,215.4,1,,,,,,,,,,,,
2020-10-29 09:30:55,215.185,215.33,1,215.05,2,215.32,4,215.32,215.05,215.05,2,215.04,3,215.03,2,215.02,4,215.0,2,214.96,1,214.94,1,214.89,1,214.82,1,214.75,1,215.32,4,215.33,1,215.35,3,215.4,1,,,,,,,,,,,,
2020-10-29 09:30:55,215.185,215.33,1,215.05,2,215.32,4,215.32,215.05,215.05,2,215.04,3,215.03,2,215.02,4,215.0,2,214.96,1,214.94,1,214.89,1,214.82,1,214.75,1,215.32,4,215.33,1,215.35,3,215.4,1,,,,,,,,,,,,
2020-10-29 09:30:57,215.185,215.33,1,215.05,2,215.32,4,215.32,215.05,215.05,2,215.04,3,215.03,2,215.02,4,215.0,2,214.96,1,214.94,1,214.89,1,214.82,1,214.75,1,215.32,4,215.33,1,215.35,3,215.4,1,,,,,,,,,,,,
2020-10-29 09:30:57,215.185,215.33,1,215.05,2,215.32,4,215.32,215.05,215.05,2,215.04,3,215.03,2,215.02,4,215.0,2,214.96,1,214.94,1,214.89,1,214.82,1,214.75,1,215.32,4,215.33,1,215.35,3,215.4,1,,,,,,,,,,,,
2020-10-29 09:30:59,215.185,215.33,1,215.05,2,215.32,4,215.32,215.05,215.05,2,215.04,3,215.03,2,215.02,4,215.0,2,214.96,1,214.94,1,214.89,1,214.82,1,214.75,1,215.32,4,215.33,1,215.35,3,215.4,1,,,,,,,,,,,,
2020-10-29 09:31:00,215.235,215.33,1,215.15,2,215.32,4,215.32,215.15,215.15,2,215.05,2,215.04,3,215.03,2,215.02,4,215.0,2,214.96,1,214.94,1,214.89,1,214.82,1,215.32,4,215.33,1,215.35,3,215.4,1,,,,,,,,,,,,
2020-10-29 09:31:01,215.235,215.33,1,215.15,3,215.32,4,215.32,215.15,215.15,3,215.05,2,215.04,3,215.03,2,215.02,4,215.0,2,214.96,1,214.94,1,214.89,1,214.82,1,215.32,4,215.33,1,215.35,3,215.4,1,,,,,,,,,,,,
2020-10-29 09:31:02,215.22,215.13,1,215.12,1,215.32,2,215.32,215.12,215.12,1,215.1,1,215.05,2,215.04,3,215.03,2,215.02,4,215.0,2,214.96,1,214.94,1,214.89,1,215.32,2,215.44,1,,,,,,,,,,,,,,,,
2020-10-29 09:31:02,215.22,215.31,1,215.12,3,215.32,2,215.32,215.12,215.12,3,215.1,1,215.05,2,215.04,3,215.03,2,215.02,4,215.0,2,214.96,1,214.94,1,214.89,1,215.32,2,215.44,1,,,,,,,,,,,,,,,,
2020-10-29 09:31:04,215.22,215.31,1,215.12,3,215.32,2,215.32,215.12,215.12,3,215.1,1,215.05,2,215.04,3,215.03,2,215.02,4,215.0,2,214.96,1,214.94,1,214.89,1,215.32,2,215.44,1,,,,,,,,,,,,,,,,
2020-10-29 09:31:05,215.23,215.31,1,215.14,1,215.32,2,215.32,215.14,215.14,1,215.12,3,215.1,1,215.05,2,215.04,3,215.03,2,215.02,4,215.0,2,214.96,1,214.94,1,215.32,2,215.44,1,,,,,,,,,,,,,,,,
2020-10-29 09:31:06,215.23,215.22,1,215.14,2,215.32,3,215.32,215.14,215.14,2,215.12,3,215.1,1,215.05,2,215.04,3,215.03,2,215.02,4,215.0,2,214.96,1,214.94,1,215.32,3,215.44,1,,,,,,,,,,,,,,,,
2020-10-29 09:31:07,215.23,215.22,1,215.14,2,215.32,3,215.32,215.14,215.14,2,215.12,3,215.1,1,215.05,2,215.04,3,215.03,2,215.02,4,215.0,2,214.96,1,214.94,1,215.32,3,215.44,1,,,,,,,,,,,,,,,,
2020-10-29 09:31:08,215.24,215.22,1,215.16,1,215.32,3,215.32,215.16,215.16,1,215.14,2,215.12,3,215.1,1,215.05,2,215.04,3,215.03,2,215.02,4,215.0,2,214.96,1,215.32,3,215.44,1,,,,,,,,,,,,,,,,
2020-10-29 09:31:09,215.24,215.22,1,215.16,1,215.32,4,215.32,215.16,215.16,1,215.14,2,215.12,3,215.1,1,215.05,2,215.04,3,215.03,2,215.02,4,215.0,2,214.96,1,215.32,4,215.44,1,,,,,,,,,,,,,,,,
2020-10-29 09:31:10,215.26,215.22,1,215.2,1,215.32,4,215.32,215.2,215.2,1,215.16,1,215.14,2,215.12,3,215.1,1,215.05,2,215.04,3,215.03,2,215.02,4,215.0,2,215.32,4,215.44,1,,,,,,,,,,,,,,,,
2020-10-29 09:31:11,215.26,215.22,1,215.2,1,215.32,4,215.32,215.2,215.2,1,215.16,1,215.14,2,215.12,3,215.1,1,215.05,2,215.04,3,215.03,2,215.02,4,215.0,2,215.32,4,215.44,1,,,,,,,,,,,,,,,,
2020-10-29 09:31:12,215.23,215.23,1,215.14,1,215.32,4,215.32,215.14,215.14,1,215.1,2,215.05,2,215.04,3,215.03,2,215.02,4,215.0,2,214.96,1,214.94,1,214.89,1,215.32,4,215.44,1,,,,,,,,,,,,,,,,
2020-10-29 09:31:13,215.23,215.23,1,215.14,2,215.32,4,215.32,215.14,215.14,2,215.1,2,215.05,2,215.04,3,215.03,2,215.02,4,215.0,2,214.96,1,214.94,1,214.89,1,215.32,4,215.44,1,,,,,,,,,,,,,,,,
2020-10-29 09:31:14,215.23,215.23,1,215.14,3,215.32,4,215.32,215.14,215.14,3,215.1,2,215.05,2,215.04,3,215.03,2,215.02,4,215.0,2,214.96,1,214.94,1,214.89,1,215.32,4,215.44,1,,,,,,,,,,,,,,,,
2020-10-29 09:31:15,215.23,215.23,1,215.14,3,215.32,4,215.32,215.14,215.14,3,215.1,2,215.05,2,215.04,3,215.03,2,215.02,4,215.0,2,214.96,1,214.94,1,214.89,1,215.32,4,215.44,1,,,,,,,,,,,,,,,,
2020-10-29 09:31:16,215.23,215.23,1,215.14,3,215.32,4,215.32,215.14,215.14,3,215.1,2,215.05,2,215.04,3,215.03,2,215.02,4,215.0,2,214.96,1,214.94,1,214.89,1,215.32,4,215.44,1,,,,,,,,,,,,,,,,
2020-10-29 09:31:17,215.23,215.23,1,215.14,3,215.32,4,215.32,215.14,215.14,3,215.1,2,215.05,2,215.04,3,215.03,2,215.02,4,215.0,2,214.96,1,214.94,1,214.89,1,215.32,4,215.44,1,,,,,,,,,,,,,,,,
2020-10-29 09:31:18,215.23,215.23,1,215.14,3,215.32,4,215.32,215.14,215.14,3,215.1,2,215.05,2,215.04,3,215.03,2,215.02,4,215.0,2,214.96,1,214.94,1,214.89,1,215.32,4,215.44,1,,,,,,,,,,,,,,,,
2020-10-29 09:31:19,215.23,215.23,1,215.14,3,215.32,4,215.32,215.14,215.14,3,215.1,2,215.05,2,215.04,3,215.03,2,215.02,4,215.0,2,214.96,1,214.94,1,214.89,1,215.32,4,215.44,1,,,,,,,,,,,,,,,,
2020-10-29 09:31:20,215.295,215.32,2,215.23,3,215.36,1,215.36,215.23,215.23,3,215.14,3,215.1,2,215.05,2,215.04,3,215.03,2,215.02,4,215.0,2,214.96,1,214.94,1,215.36,1,215.37,1,215.38,1,215.5,2,,,,,,,,,,,,
2020-10-29 09:31:21,215.36,215.32,2,215.23,3,215.49,1,215.49,215.23,215.23,3,215.14,3,215.1,2,215.05,2,215.04,3,215.03,2,215.02,4,215.0,2,214.96,1,214.94,1,215.49,1,215.5,2,,,,,,,,,,,,,,,,
2020-10-29 09:31:22,215.335,215.32,2,215.23,3,215.44,1,215.44,215.23,215.23,3,215.14,3,215.1,2,215.05,2,215.04,3,215.03,2,215.02,4,215.0,2,214.96,1,214.94,1,215.44,1,215.5,2,,,,,,,,,,,,,,,,
2020-10-29 09:31:23,215.33,215.32,2,215.23,3,215.43,1,215.43,215.23,215.23,3,215.14,3,215.1,2,215.05,2,215.04,3,215.03,2,215.02,4,215.0,2,214.96,1,214.94,1,215.43,1,215.5,2,,,,,,,,,,,,,,,,
2020-10-29 09:31:24,215.34,215.32,2,215.23,3,215.45,1,215.45,215.23,215.23,3,215.14,3,215.1,2,215.05,2,215.04,3,215.03,2,215.02,4,215.0,2,214.96,1,214.94,1,215.45,1,215.46,1,215.5,2,,,,,,,,,,,,,,
2020-10-29 09:31:25,215.35,215.32,2,215.23,3,215.47,1,215.47,215.23,215.23,3,215.14,3,215.1,2,215.05,2,215.04,3,215.03,2,215.02,4,215.0,2,214.96,1,214.94,1,215.47,1,215.5,2,,,,,,,,,,,,,,,,
2020-10-29 09:31:26,215.345,215.32,2,215.23,3,215.46,1,215.46,215.23,215.23,3,215.14,3,215.1,2,215.05,2,215.04,3,215.03,2,215.02,4,215.0,2,214.96,1,214.94,1,215.46,1,215.47,1,215.5,2,,,,,,,,,,,,,,
2020-10-29 09:31:27,215.345,215.32,2,215.23,3,215.46,1,215.46,215.23,215.23,3,215.14,3,215.1,2,215.05,2,215.04,3,215.03,2,215.02,4,215.0,2,214.96,1,214.94,1,215.46,1,215.47,1,215.5,2,,,,,,,,,,,,,,
2020-10-29 09:31:28,215.345,215.32,2,215.23,3,215.46,1,215.46,215.23,215.23,3,215.14,3,215.1,2,215.05,2,215.04,3,215.03,2,215.02,4,215.0,2,214.96,1,214.94,1,215.46,1,215.47,1,215.5,2,,,,,,,,,,,,,,
2020-10-29 09:31:29,215.345,215.32,2,215.23,3,215.46,1,215.46,215.23,215.23,3,215.14,3,215.1,2,215.05,2,215.04,3,215.03,2,215.02,4,215.0,2,214.96,1,214.94,1,215.46,1,215.47,1,215.5,2,,,,,,,,,,,,,,
2020-10-29 09:31:30,215.345,215.32,2,215.23,3,215.46,1,215.46,215.23,215.23,3,215.14,3,215.1,2,215.05,2,215.04,3,215.03,2,215.02,4,215.0,2,214.96,1,214.94,1,215.46,1,215.47,1,215.5,2,,,,,,,,,,,,,,
2020-10-29 09:31:31,215.33,215.32,2,215.23,3,215.43,2,215.43,215.23,215.23,3,215.14,3,215.1,2,215.05,2,215.04,3,215.03,2,215.02,4,215.0,2,214.96,1,214.94,1,215.43,2,215.45,1,215.46,1,215.47,1,215.5,2,,,,,,,,,,
2020-10-29 09:31:32,215.34,215.32,2,215.23,3,215.45,1,215.45,215.23,215.23,3,215.14,3,215.1,2,215.05,2,215.04,3,215.03,2,215.02,4,215.0,2,214.96,1,214.94,1,215.45,1,215.5,2,,,,,,,,,,,,,,,,
2020-10-29 09:31:33,215.345,215.32,2,215.23,3,215.46,1,215.46,215.23,215.23,3,215.14,3,215.1,2,215.05,2,215.04,3,215.03,2,215.02,4,215.0,2,214.96,1,214.94,1,215.46,1,215.47,1,215.48,1,215.5,2,,,,,,,,,,,,
2020-10-29 09:31:34,215.36,215.32,2,215.23,5,215.49,1,215.49,215.23,215.23,5,215.14,3,215.1,2,215.05,2,215.04,3,215.03,2,215.02,4,215.0,2,214.96,1,214.94,1,215.49,1,215.5,2,,,,,,,,,,,,,,,,
2020-10-29 09:31:35,215.33,215.32,2,215.23,5,215.43,1,215.43,215.23,215.23,5,215.14,3,215.1,2,215.05,2,215.04,3,215.03,2,215.02,4,215.0,2,214.96,1,214.94,1,215.43,1,215.49,1,215.5,2,,,,,,,,,,,,,,
2020-10-29 09:31:36,215.33,215.32,2,215.23,5,215.43,1,215.43,215.23,215.23,5,215.14,3,215.1,2,215.05,2,215.04,3,215.03,2,215.02,4,215.0,2,214.96,1,214.94,1,215.43,1,215.49,1,215.5,2,,,,,,,,,,,,,,
2020-10-29 09:31:37,215.33,215.32,2,215.23,5,215.43,1,215.43,215.23,215.23,5,215.14,3,215.1,2,215.05,2,215.04,3,215.03,2,215.02,4,215.0,2,214.96,1,214.94,1,215.43,1,215.49,1,215.5,2,,,,,,,,,,,,,,
2020-10-29 09:31:38,215.34,215.32,2,215.25,2,215.43,1,215.43,215.25,215.25,2,215.23,5,215.14,3,215.1,2,215.05,2,215.04,3,215.03,2,215.02,4,215.0,2,214.96,1,215.43,1,215.49,1,215.5,2,,,,,,,,,,,,,,
2020-10-29 09:31:39,215.34,215.32,2,215.25,3,215.43,1,215.43,215.25,215.25,3,215.23,5,215.14,3,215.1,2,215.05,2,215.04,3,215.03,2,215.02,4,215.0,2,214.96,1,215.43,1,215.49,1,215.5,2,,,,,,,,,,,,,,
2020-10-29 09:31:40,215.34,215.32,2,215.25,3,215.43,1,215.43,215.25,215.25,3,215.23,5,215.14,3,215.1,2,215.05,2,215.04,3,215.03,2,215.02,4,215.0,2,214.96,1,215.43,1,215.49,1,215.5,2,,,,,,,,,,,,,,
2020-10-29 09:31:41,215.33,215.4,1,215.23,5,215.43,1,215.43,215.23,215.23,5,215.14,3,215.1,2,215.05,2,215.04,3,215.03,2,215.02,4,215.0,2,214.96,1,214.94,1,215.43,1,215.49,1,215.5,2,,,,,,,,,,,,,,
2020-10-29 09:31:42,215.33,215.4,1,215.23,7,215.43,1,215.43,215.23,215.23,7,215.14,3,215.1,2,215.05,2,215.04,3,215.03,2,215.02,4,215.0,2,214.96,1,214.94,1,215.43,1,215.49,1,215.5,2,,,,,,,,,,,,,,
2020-10-29 09:31:43,215.33,215.4,1,215.23,7,215.43,1,215.43,215.23,215.23,7,215.14,3,215.1,2,215.05,2,215.04,3,215.03,2,215.02,4,215.0,2,214.96,1,214.94,1,215.43,1,215.49,1,215.5,2,,,,,,,,,,,,,,
2020-10-29 09:31:44,215.33,215.4,1,215.23,7,215.43,1,215.43,215.23,215.23,7,215.14,3,215.1,2,215.05,2,215.04,3,215.03,2,215.02,4,215.0,2,214.96,1,214.94,1,215.43,1,215.49,1,215.5,2,,,,,,,,,,,,,,
2020-10-29 09:31:45,215.33,215.4,1,215.23,7,215.43,1,215.43,215.23,215.23,7,215.14,3,215.1,2,215.05,2,215.04,3,215.03,2,215.02,4,215.0,2,214.96,1,214.94,1,215.43,1,215.49,1,215.5,2,,,,,,,,,,,,,,
2020-10-29 09:31:46,215.33,215.4,1,215.23,7,215.43,1,215.43,215.23,215.23,7,215.14,3,215.1,2,215.05,2,215.04,3,215.03,2,215.02,4,215.0,2,214.96,1,214.94,1,215.43,1,215.49,1,215.5,2,,,,,,,,,,,,,,
2020-10-29 09:31:47,215.33,215.4,1,215.23,7,215.43,1,215.43,215.23,215.23,7,215.14,3,215.1,2,215.05,2,215.04,3,215.03,2,215.02,4,215.0,2,214.96,1,214.94,1,215.43,1,215.49,1,215.5,2,,,,,,,,,,,,,,
2020-10-29 09:31:48,215.33,215.4,1,215.23,7,215.43,1,215.43,215.23,215.23,7,215.14,3,215.1,2,215.05,2,215.04,3,215.03,2,215.02,4,215.0,2,214.96,1,214.94,1,215.43,1,215.49,1,215.5,2,,,,,,,,,,,,,,
2020-10-29 09:31:49,215.33,215.4,1,215.23,7,215.43,1,215.43,215.23,215.23,7,215.14,3,215.1,2,215.05,2,215.04,3,215.03,2,215.02,4,215.0,2,214.96,1,214.94,1,215.43,1,215.49,1,215.5,2,,,,,,,,,,,,,,
2020-10-29 09:31:50,215.33,215.4,1,215.23,7,215.43,1,215.43,215.23,215.23,7,215.14,3,215.1,2,215.05,2,215.04,3,215.03,2,215.02,4,215.0,2,214.96,1,214.94,1,215.43,1,215.49,1,215.5,2,,,,,,,,,,,,,,
2020-10-29 09:31:51,215.33,215.4,1,215.23,7,215.43,1,215.43,215.23,215.23,7,215.14,3,215.1,2,215.05,2,215.04,3,215.03,2,215.02,4,215.0,2,214.96,1,214.94,1,215.43,1,215.49,1,215.5,2,,,,,,,,,,,,,,
2020-10-29 09:31:52,215.33,215.4,1,215.23,7,215.43,1,215.43,215.23,215.23,7,215.14,3,215.1,2,215.05,2,215.04,3,215.03,2,215.02,4,215.0,2,214.96,1,214.94,1,215.43,1,215.49,1,215.5,2,,,,,,,,,,,,,,
2020-10-29 09:31:53,215.33,215.4,1,215.23,7,215.43,1,215.43,215.23,215.23,7,215.14,3,215.1,2,215.05,2,215.04,3,215.03,2,215.02,4,215.0,2,214.96,1,214.94,1,215.43,1,215.49,1,215.5,2,,,,,,,,,,,,,,
2020-10-29 09:31:54,215.33,215.4,1,215.23,7,215.43,1,215.43,215.23,215.23,7,215.14,3,215.1,2,215.05,2,215.04,3,215.03,2,215.02,4,215.0,2,214.96,1,214.94,1,215.43,1,215.49,1,215.5,2,,,,,,,,,,,,,,
2020-10-29 09:31:55,215.33,215.4,1,215.23,7,215.43,1,215.43,215.23,215.23,7,215.14,3,215.1,2,215.05,2,215.04,3,215.03,2,215.02,4,215.0,2,214.96,1,214.94,1,215.43,1,215.49,1,215.5,2,,,,,,,,,,,,,,
2020-10-29 09:31:56,215.33,215.4,1,215.23,7,215.43,1,215.43,215.23,215.23,7,215.14,3,215.1,2,215.05,2,215.04,3,215.03,2,215.02,4,215.0,2,214.96,1,214.94,1,215.43,1,215.49,1,215.5,2,,,,,,,,,,,,,,
2020-10-29 09:31:57,215.33,215.4,1,215.23,7,215.43,1,215.43,215.23,215.23,7,215.14,3,215.1,2,215.05,2,215.04,3,215.03,2,215.02,4,215.0,2,214.96,1,214.94,1,215.43,1,215.49,1,215.5,2,,,,,,,,,,,,,,
2020-10-29 09:31:58,215.34,215.4,1,215.23,7,215.45,1,215.45,215.23,215.23,7,215.14,3,215.1,2,215.05,2,215.04,3,215.03,2,215.02,4,215.0,2,214.96,1,214.94,1,215.45,1,215.46,1,215.49,1,215.5,2,,,,,,,,,,,,
2020-10-29 09:31:59,215.33,215.4,1,215.23,7,215.43,1,215.43,215.23,215.23,7,215.14,3,215.1,2,215.05,2,215.04,3,215.03,2,215.02,4,215.0,2,214.96,1,214.94,1,215.43,1,215.44,1,215.45,1,215.46,1,215.49,1,215.5,2,,,,,,,,
2020-10-29 09:32:00,215.34,215.4,1,215.23,7,215.45,1,215.45,215.23,215.23,7,215.14,3,215.1,2,215.05,2,215.04,3,215.03,2,215.02,4,215.0,2,214.96,1,214.94,1,215.45,1,215.5,2,,,,,,,,,,,,,,,,
2020-10-29 09:32:01,215.34,215.4,1,215.23,7,215.45,1,215.45,215.23,215.23,7,215.14,3,215.1,2,215.05,2,215.04,3,215.03,2,215.02,4,215.0,2,214.96,1,214.94,1,215.45,1,215.5,2,,,,,,,,,,,,,,,,
2020-10-29 09:32:02,215.365,215.4,1,215.23,7,215.5,2,215.5,215.23,215.23,7,215.14,3,215.1,2,215.05,2,215.04,3,215.03,2,215.02,4,215.0,2,214.96,1,214.94,1,215.5,2,,,,,,,,,,,,,,,,,,
2020-10-29 09:32:03,215.365,215.4,1,215.23,7,215.5,2,215.5,215.23,215.23,7,215.14,3,215.1,2,215.05,2,215.04,3,215.03,2,215.02,4,215.0,2,214.96,1,214.94,1,215.5,2,,,,,,,,,,,,,,,,,,
2020-10-29 09:32:04,215.345,215.4,1,215.25,2,215.44,1,215.44,215.25,215.25,2,215.23,7,215.14,3,215.1,2,215.05,2,215.04,3,215.03,2,215.02,4,215.0,2,214.96,1,215.44,1,215.49,1,215.5,2,,,,,,,,,,,,,,
2020-10-29 09:32:05,215.37,215.4,1,215.3,1,215.44,1,215.44,215.3,215.3,1,215.25,2,215.23,7,215.14,3,215.1,2,215.05,2,215.04,3,215.03,2,215.02,4,215.0,2,215.44,1,215.49,1,215.5,2,,,,,,,,,,,,,,
2020-10-29 09:32:06,215.415,215.37,1,215.33,1,215.5,2,215.5,215.33,215.33,1,215.3,2,215.25,2,215.23,7,215.14,3,215.1,2,215.05,2,215.04,3,215.03,2,215.02,4,215.5,2,,,,,,,,,,,,,,,,,,
2020-10-29 09:32:07,215.415,215.37,1,215.33,1,215.5,2,215.5,215.33,215.33,1,215.3,2,215.25,2,215.23,7,215.14,3,215.1,2,215.05,2,215.04,3,215.03,2,215.02,4,215.5,2,,,,,,,,,,,,,,,,,,
2020-10-29 09:32:08,215.4,215.33,1,215.3,7,215.5,3,215.5,215.3,215.3,7,215.25,2,215.23,7,215.14,3,215.1,2,215.05,2,215.04,3,215.03,2,215.02,4,215.0,2,215.5,3,,,,,,,,,,,,,,,,,,
2020-10-29 09:32:09,215.4,215.33,1,215.3,7,215.5,3,215.5,215.3,215.3,7,215.25,2,215.23,7,215.14,3,215.1,2,215.05,2,215.04,3,215.03,2,215.02,4,215.0,2,215.5,3,,,,,,,,,,,,,,,,,,
2020-10-29 09:32:10,215.4,215.33,1,215.3,7,215.5,3,215.5,215.3,215.3,7,215.25,2,215.23,7,215.14,3,215.1,2,215.05,2,215.04,3,215.03,2,215.02,4,215.0,2,215.5,3,,,,,,,,,,,,,,,,,,
2020-10-29 09:32:11,215.4,215.33,1,215.3,7,215.5,3,215.5,215.3,215.3,7,215.25,2,215.23,7,215.14,3,215.1,2,215.05,2,215.04,3,215.03,2,215.02,4,215.0,2,215.5,3,,,,,,,,,,,,,,,,,,
2020-10-29 09:32:12,215.4,215.33,1,215.3,7,215.5,3,215.5,215.3,215.3,7,215.25,2,215.23,7,215.14,3,215.1,2,215.05,2,215.04,3,215.03,2,215.02,4,215.0,2,215.5,3,,,,,,,,,,,,,,,,,,
2020-10-29 09:32:13,215.4,215.33,1,215.3,7,215.5,3,215.5,215.3,215.3,7,215.25,2,215.23,7,215.14,3,215.1,2,215.05,2,215.04,3,215.03,2,215.02,4,215.0,2,215.5,3,,,,,,,,,,,,,,,,,,
2020-10-29 09:32:14,215.4,215.33,1,215.3,7,215.5,3,215.5,215.3,215.3,7,215.25,2,215.23,7,215.14,3,215.1,2,215.05,2,215.04,3,215.03,2,215.02,4,215.0,2,215.5,3,,,,,,,,,,,,,,,,,,
2020-10-29 09:32:15,215.4,215.33,1,215.3,7,215.5,3,215.5,215.3,215.3,7,215.25,2,215.23,7,215.14,3,215.1,2,215.05,2,215.04,3,215.03,2,215.02,4,215.0,2,215.5,3,,,,,,,,,,,,,,,,,,
2020-10-29 09:32:16,215.315,215.31,1,215.13,3,215.5,3,215.5,215.13,215.13,3,215.1,2,215.05,2,215.04,3,215.03,2,215.02,4,215.0,2,214.96,1,214.94,1,214.89,1,215.5,3,,,,,,,,,,,,,,,,,,
2020-10-29 09:32:17,215.315,215.31,1,215.13,4,215.5,3,215.5,215.13,215.13,4,215.1,2,215.05,2,215.04,3,215.03,2,215.02,4,215.0,2,214.96,1,214.94,1,214.89,1,215.5,3,,,,,,,,,,,,,,,,,,
2020-10-29 09:32:18,215.315,215.31,1,215.13,4,215.5,3,215.5,215.13,215.13,4,215.1,2,215.05,2,215.04,3,215.03,2,215.02,4,215.0,2,214.96,1,214.94,1,214.89,1,215.5,3,,,,,,,,,,,,,,,,,,
2020-10-29 09:32:19,215.315,215.31,1,215.13,4,215.5,3,215.5,215.13,215.13,4,215.1,2,215.05,2,215.04,3,215.03,2,215.02,4,215.0,2,214.96,1,214.94,1,214.89,1,215.5,3,,,,,,,,,,,,,,,,,,
2020-10-29 09:32:20,215.16,215.13,1,215.06,1,215.26,1,215.26,215.06,215.06,1,215.05,2,215.04,3,215.03,2,215.02,4,215.0,2,214.96,1,214.94,1,214.89,1,214.82,1,215.26,1,215.3,1,215.32,1,215.33,1,215.38,1,215.48,3,215.49,2,215.5,3,,,,
2020-10-29 09:32:21,215.05,215.13,1,214.93,3,215.17,2,215.17,214.93,214.93,3,214.75,1,214.74,1,214.71,1,214.64,1,214.54,1,214.44,1,214.39,1,214.37,2,214.36,1,215.17,2,215.26,1,215.3,1,215.32,1,215.33,1,215.38,1,215.48,3,215.49,2,215.5,3,,
2020-10-29 09:32:22,215.05,215.13,1,214.93,3,215.17,2,215.17,214.93,214.93,3,214.75,1,214.74,1,214.71,1,214.64,1,214.54,1,214.44,1,214.39,1,214.37,2,214.36,1,215.17,2,215.26,1,215.3,1,215.32,1,215.33,1,215.38,1,215.48,3,215.49,2,215.5,3,,
2020-10-29 09:32:23,215.05,215.13,1,214.93,3,215.17,2,215.17,214.93,214.93,3,214.75,1,214.74,1,214.71,1,214.64,1,214.54,1,214.44,1,214.39,1,214.37,2,214.36,1,215.17,2,215.26,1,215.3,1,215.32,1,215.33,1,215.38,1,215.48,3,215.49,2,215.5,3,,
2020-10-29 09:32:24,215.04,215.13,1,214.79,1,215.29,1,215.29,214.79,214.79,1,214.75,1,214.74,1,214.71,1,214.64,1,214.54,1,214.44,1,214.39,1,214.37,2,214.36,1,215.29,1,215.3,2,215.32,1,215.33,1,215.38,1,215.48,3,215.49,2,215.5,3,,,,
2020-10-29 09:32:25,215.05,215.13,1,214.81,1,215.29,1,215.29,214.81,214.81,1,214.79,1,214.75,1,214.74,1,214.71,1,214.64,1,214.54,1,214.44,1,214.39,1,214.37,2,215.29,1,215.3,2,215.32,1,215.33,1,215.38,1,215.48,3,215.49,2,215.5,3,,,,
2020-10-29 09:32:26,215.05,215.13,1,214.81,1,215.29,1,215.29,214.81,214.81,1,214.79,1,214.75,1,214.74,1,214.71,1,214.64,1,214.54,1,214.44,1,214.39,1,214.37,2,215.29,1,215.3,2,215.32,1,215.33,1,215.38,1,215.48,3,215.49,2,215.5,3,,,,
2020-10-29 09:32:27,215.05,215.13,1,214.81,1,215.29,1,215.29,214.81,214.81,1,214.79,1,214.75,1,214.74,1,214.71,1,214.64,1,214.54,1,214.44,1,214.39,1,214.37,2,215.29,1,215.3,2,215.32,1,215.33,1,215.38,1,215.48,3,215.49,2,215.5,3,,,,
2020-10-29 09:32:28,215.11,215.13,1,214.93,1,215.29,2,215.29,214.93,214.93,1,214.81,1,214.79,1,214.75,1,214.74,1,214.71,1,214.64,1,214.54,1,214.44,1,214.39,1,215.29,2,215.3,2,215.32,1,215.33,1,215.38,1,215.48,3,215.49,2,215.5,3,,,,
2020-10-29 09:32:29,215.11,215.11,2,214.93,2,215.29,2,215.29,214.93,214.93,2,214.81,1,214.79,1,214.75,1,214.74,1,214.71,1,214.64,1,214.54,1,214.44,1,214.39,1,215.29,2,215.3,2,215.32,1,215.33,1,215.38,1,215.48,3,215.49,2,215.5,3,,,,
2020-10-29 09:32:30,215.14,215.11,2,214.99,1,215.29,2,215.29,214.99,214.99,1,214.93,2,214.81,1,214.79,1,214.75,1,214.74,1,214.71,1,214.64,1,214.54,1,214.44,1,215.29,2,215.3,2,215.32,1,215.33,1,215.38,1,215.48,3,215.49,2,215.5,3,,,,
2020-10-29 09:32:31,215.14,215.11,2,214.99,1,215.29,2,215.29,214.99,214.99,1,214.93,2,214.81,1,214.79,1,214.75,1,214.74,1,214.71,1,214.64,1,214.54,1,214.44,1,215.29,2,215.3,2,215.32,1,215.33,1,215.38,1,215.48,3,215.49,2,215.5,3,,,,
2020-10-29 09:32:32,215.14,215.11,2,214.99,2,215.29,2,215.29,214.99,214.99,2,214.93,2,214.81,1,214.79,1,214.75,1,214.74,1,214.71,1,214.64,1,214.54,1,214.44,1,215.29,2,215.3,2,215.32,1,215.33,1,215.38,1,215.48,3,215.49,2,215.5,3,,,,
2020-10-29 09:32:33,215.14,215.11,2,214.99,2,215.29,2,215.29,214.99,214.99,2,214.93,2,214.81,1,214.79,1,214.75,1,214.74,1,214.71,1,214.64,1,214.54,1,214.44,1,215.29,2,215.3,2,215.32,1,215.33,1,215.38,1,215.48,3,215.49,2,215.5,3,,,,
2020-10-29 09:32:34,215.14,215.11,2,214.99,2,215.29,2,215.29,214.99,214.99,2,214.93,2,214.81,1,214.79,1,214.75,1,214.74,1,214.71,1,214.64,1,214.54,1,214.44,1,215.29,2,215.3,2,215.32,1,215.33,1,215.38,1,215.48,3,215.49,2,215.5,3,,,,
2020-10-29 09:32:35,215.14,215.11,2,214.99,2,215.29,2,215.29,214.99,214.99,2,214.93,2,214.81,1,214.79,1,214.75,1,214.74,1,214.71,1,214.64,1,214.54,1,214.44,1,215.29,2,215.3,2,215.32,1,215.33,1,215.38,1,215.48,3,215.49,2,215.5,3,,,,
2020-10-29 09:32:36,215.145,215.11,2,215.0,1,215.29,2,215.29,215.0,215.0,1,214.99,2,214.93,2,214.81,1,214.79,1,214.75,1,214.74,1,214.71,1,214.64,1,214.54,1,215.29,2,215.3,2,215.32,1,215.33,1,215.38,1,215.48,3,215.49,2,215.5,3,,,,
2020-10-29 09:32:37,215.145,215.11,2,215.0,1,215.29,2,215.29,215.0,215.0,1,214.99,2,214.93,2,214.81,1,214.79,1,214.75,1,214.74,1,214.71,1,214.64,1,214.54,1,215.29,2,215.3,2,215.32,1,215.33,1,215.38,1,215.48,3,215.49,2,215.5,3,,,,
2020-10-29 09:32:38,215.145,215.11,2,215.0,2,215.29,2,215.29,215.0,215.0,2,214.99,2,214.93,2,214.81,1,214.79,1,214.75,1,214.74,1,214.71,1,214.64,1,214.54,1,215.29,2,215.3,2,215.32,1,215.33,1,215.38,1,215.48,3,215.49,2,215.5,3,,,,
2020-10-29 09:32:39,215.145,215.11,2,215.0,2,215.29,3,215.29,215.0,215.0,2,214.99,2,214.93,2,214.81,1,214.79,1,214.75,1,214.74,1,214.71,1,214.64,1,214.54,1,215.29,3,215.3,2,215.32,1,215.33,1,215.38,1,215.48,3,215.49,2,215.5,3,,,,
2020-10-29 09:32:40,215.15,215.11,2,215.0,2,215.3,2,215.3,215.0,215.0,2,214.99,2,214.93,2,214.81,1,214.79,1,214.75,1,214.74,1,214.71,1,214.64,1,214.54,1,215.3,2,215.32,1,215.33,1,215.38,1,215.48,3,215.49,2,215.5,3,,,,,,
2020-10-29 09:32:41,215.145,215.0,1,215.0,4,215.29,1,215.29,215.0,215.0,4,214.99,2,214.93,2,214.81,1,214.79,1,214.75,1,214.74,1,214.71,1,214.64,1,214.54,1,215.29,1,215.3,2,215.32,1,215.33,1,215.38,1,215.48,3,215.49,2,215.5,3,,,,
2020-10-29 09:32:42,215.145,215.0,1,215.0,4,215.29,1,215.29,215.0,215.0,4,214.99,2,214.93,2,214.81,1,214.79,1,214.75,1,214.74,1,214.71,1,214.64,1,214.54,1,215.29,1,215.3,2,215.32,1,215.33,1,215.38,1,215.48,3,215.49,2,215.5,3,,,,
2020-10-29 09:32:43,215.145,215.0,1,215.0,3,215.29,2,215.29,215.0,215.0,3,214.99,2,214.93,2,214.81,1,214.79,1,214.75,1,214.74,1,214.71,1,214.64,1,214.54,1,215.29,2,215.3,2,215.32,1,215.33,1,215.38,1,215.48,3,215.49,2,215.5,3,,,,
2020-10-29 09:32:44,215.095,215.1,1,214.93,1,215.26,2,215.26,214.93,214.93,1,214.85,1,214.79,1,214.75,1,214.74,1,214.71,1,214.64,1,214.54,1,214.44,1,214.39,1,215.26,2,215.28,1,215.29,2,215.3,2,215.32,1,215.33,1,215.38,1,215.48,3,215.49,2,215.5,3
2020-10-29 09:32:45,215.095,215.1,1,214.93,1,215.26,2,215.26,214.93,214.93,1,214.85,1,214.79,1,214.75,1,214.74,1,214.71,1,214.64,1,214.54,1,214.44,1,214.39,1,215.26,2,215.28,1,215.29,2,215.3,2,215.32,1,215.33,1,215.38,1,215.48,3,215.49,2,215.5,3
2020-10-29 09:32:46,215.095,215.1,1,214.93,1,215.26,2,215.26,214.93,214.93,1,214.85,1,214.79,1,214.75,1,214.74,1,214.71,1,214.64,1,214.54,1,214.44,1,214.39,1,215.26,2,215.28,1,215.29,2,215.3,2,215.32,1,215.33,1,215.38,1,215.48,3,215.49,2,215.5,3
2020-10-29 09:32:47,215.08,215.1,1,214.9,1,215.26,2,215.26,214.9,214.9,1,214.85,1,214.79,1,214.75,1,214.74,1,214.71,1,214.64,1,214.54,1,214.44,1,214.39,1,215.26,2,215.28,1,215.29,2,215.3,2,215.32,1,215.33,1,215.38,1,215.48,3,215.49,2,215.5,3
2020-10-29 09:32:48,215.135,215.1,1,215.0,1,215.27,1,215.27,215.0,215.0,1,214.94,1,214.92,1,214.91,1,214.9,1,214.85,1,214.79,1,214.75,1,214.74,1,214.71,1,215.27,1,215.28,1,215.29,2,215.3,2,215.32,1,215.33,1,215.38,1,215.48,3,215.49,2,215.5,3
2020-10-29 09:32:49,215.135,215.1,1,215.0,1,215.27,1,215.27,215.0,215.0,1,214.94,1,214.92,1,214.91,1,214.9,1,214.85,1,214.79,1,214.75,1,214.74,1,214.71,1,215.27,1,215.28,1,215.29,2,215.3,2,215.32,1,215.33,1,215.38,1,215.48,3,215.49,2,215.5,3
2020-10-29 09:32:50,215.135,215.1,1,215.0,1,215.27,2,215.27,215.0,215.0,1,214.94,1,214.92,1,214.91,1,214.9,1,214.85,1,214.79,1,214.75,1,214.74,1,214.71,1,215.27,2,215.28,1,215.29,2,215.3,2,215.32,1,215.33,1,215.38,1,215.48,3,215.49,2,215.5,3
2020-10-29 09:32:51,215.135,215.1,1,215.0,1,215.27,2,215.27,215.0,215.0,1,214.94,1,214.92,1,214.91,1,214.9,1,214.85,1,214.79,1,214.75,1,214.74,1,214.71,1,215.27,2,215.28,1,215.29,2,215.3,2,215.32,1,215.33,1,215.38,1,215.48,3,215.49,2,215.5,3
2020-10-29 09:32:52,215.13,215.1,1,215.0,1,215.26,1,215.26,215.0,215.0,1,214.94,1,214.92,1,214.91,1,214.9,1,214.85,1,214.79,1,214.75,1,214.74,1,214.71,1,215.26,1,215.27,2,215.28,1,215.29,2,215.3,2,215.32,1,215.33,1,215.38,1,215.48,3,215.49,2
2020-10-29 09:32:53,215.13,215.1,1,215.0,1,215.26,1,215.26,215.0,215.0,1,214.94,1,214.92,1,214.91,1,214.9,1,214.85,1,214.79,1,214.75,1,214.74,1,214.71,1,215.26,1,215.27,2,215.28,1,215.29,2,215.3,2,215.32,1,215.33,1,215.38,1,215.48,3,215.49,2
2020-10-29 09:32:54,215.13,215.1,1,215.0,1,215.26,1,215.26,215.0,215.0,1,214.94,1,214.92,1,214.91,1,214.9,1,214.85,1,214.79,1,214.75,1,214.74,1,214.71,1,215.26,1,215.27,2,215.28,1,215.29,2,215.3,2,215.32,1,215.33,1,215.38,1,215.48,3,215.49,2
2020-10-29 09:32:55,215.13,215.1,1,215.0,1,215.26,1,215.26,215.0,215.0,1,214.94,1,214.92,1,214.91,1,214.9,1,214.85,1,214.79,1,214.75,1,214.74,1,214.71,1,215.26,1,215.27,2,215.28,1,215.29,2,215.3,2,215.32,1,215.33,1,215.38,1,215.48,3,215.49,2
2020-10-29 09:32:56,215.085,215.1,1,215.0,2,215.17,1,215.17,215.0,215.0,2,214.94,1,214.92,1,214.91,1,214.9,1,214.85,1,214.79,1,214.75,1,214.74,1,214.71,1,215.17,1,215.26,1,215.27,2,215.28,1,215.29,2,215.3,2,215.32,1,215.33,1,215.38,1,215.48,3
2020-10-29 09:32:57,215.085,215.1,1,215.0,2,215.17,1,215.17,215.0,215.0,2,214.94,1,214.92,1,214.91,1,214.9,1,214.85,1,214.79,1,214.75,1,214.74,1,214.71,1,215.17,1,215.26,1,215.27,2,215.28,1,215.29,2,215.3,2,215.32,1,215.33,1,215.38,1,215.48,3
2020-10-29 09:32:58,215.085,215.1,1,215.0,2,215.17,1,215.17,215.0,215.0,2,214.94,1,214.92,1,214.91,1,214.9,1,214.85,1,214.79,1,214.75,1,214.74,1,214.71,1,215.17,1,215.26,1,215.27,2,215.28,1,215.29,2,215.3,2,215.32,1,215.33,1,215.38,1,215.48,3
2020-10-29 09:32:59,215.085,215.1,1,215.0,2,215.17,1,215.17,215.0,215.0,2,214.94,1,214.92,1,214.91,1,214.9,1,214.85,1,214.79,1,214.75,1,214.74,1,214.71,1,215.17,1,215.26,1,215.27,2,215.28,1,215.29,2,215.3,2,215.32,1,215.33,1,215.38,1,215.48,3
2020-10-29 09:33:00,215.125,215.1,1,215.0,3,215.25,2,215.25,215.0,215.0,3,214.94,1,214.92,1,214.91,1,214.9,1,214.85,1,214.79,1,214.75,1,214.74,1,214.71,1,215.25,2,215.26,1,215.27,2,215.28,1,215.29,2,215.3,2,215.32,1,215.33,1,215.38,1,215.48,3
2020-10-29 09:33:01,215.125,215.1,1,215.0,6,215.25,4,215.25,215.0,215.0,6,214.94,1,214.92,1,214.91,1,214.9,1,214.85,1,214.79,1,214.75,1,214.74,1,214.71,1,215.25,4,215.26,1,215.27,2,215.28,1,215.29,2,215.3,2,215.32,1,215.33,1,215.38,1,215.48,3
2020-10-29 09:33:02,215.125,215.1,1,215.0,6,215.25,4,215.25,215.0,215.0,6,214.94,1,214.92,1,214.91,1,214.9,1,214.85,1,214.79,1,214.75,1,214.74,1,214.71,1,215.25,4,215.26,1,215.27,2,215.28,1,215.29,2,215.3,2,215.32,1,215.33,1,215.38,1,215.48,3
2020-10-29 09:33:03,215.125,215.1,1,215.0,6,215.25,4,215.25,215.0,215.0,6,214.94,1,214.92,1,214.91,1,214.9,1,214.85,1,214.79,1,214.75,1,214.74,1,214.71,1,215.25,4,215.26,1,215.27,2,215.28,1,215.29,2,215.3,2,215.32,1,215.33,1,215.38,1,215.48,3
2020-10-29 09:33:04,215.125,215.0,1,215.0,6,215.25,4,215.25,215.0,215.0,6,214.94,1,214.92,1,214.91,1,214.9,1,214.85,1,214.79,1,214.75,1,214.74,1,214.71,1,215.25,4,215.26,1,215.27,2,215.28,1,215.29,2,215.3,2,215.32,1,215.33,1,215.38,1,215.48,3
2020-10-29 09:33:05,215.13,215.0,1,215.0,6,215.26,2,215.26,215.0,215.0,6,214.94,1,214.92,1,214.91,1,214.9,1,214.85,1,214.79,1,214.75,1,214.74,1,214.71,1,215.26,2,215.27,2,215.28,1,215.29,2,215.3,2,215.32,1,215.33,1,215.38,1,215.48,3,215.49,2
2020-10-29 09:33:06,215.13,215.0,1,215.0,6,215.26,2,215.26,215.0,215.0,6,214.94,1,214.92,1,214.91,1,214.9,1,214.85,1,214.79,1,214.75,1,214.74,1,214.71,1,215.26,2,215.27,2,215.28,1,215.29,2,215.3,2,215.32,1,215.33,1,215.38,1,215.48,3,215.49,2
2020-10-29 09:33:07,215.175,215.13,1,215.06,3,215.29,4,215.29,215.06,215.06,3,215.01,2,215.0,6,214.94,1,214.92,1,214.91,1,214.9,1,214.85,1,214.79,1,214.75,1,215.29,4,215.3,2,215.32,1,215.33,1,215.38,1,215.48,3,215.49,2,215.5,3,,,,
2020-10-29 09:33:08,215.175,215.12,1,215.06,7,215.29,3,215.29,215.06,215.06,7,215.01,2,215.0,6,214.94,1,214.92,1,214.91,1,214.9,1,214.85,1,214.79,1,214.75,1,215.29,3,215.3,2,215.32,1,215.33,1,215.38,1,215.48,3,215.49,2,215.5,3,,,,
2020-10-29 09:33:09,215.175,215.12,1,215.06,7,215.29,3,215.29,215.06,215.06,7,215.01,2,215.0,6,214.94,1,214.92,1,214.91,1,214.9,1,214.85,1,214.79,1,214.75,1,215.29,3,215.3,2,215.32,1,215.33,1,215.38,1,215.48,3,215.49,2,215.5,3,,,,
2020-10-29 09:33:10,215.175,215.12,1,215.06,7,215.29,3,215.29,215.06,215.06,7,215.01,2,215.0,6,214.94,1,214.92,1,214.91,1,214.9,1,214.85,1,214.79,1,214.75,1,215.29,3,215.3,2,215.32,1,215.33,1,215.38,1,215.48,3,215.49,2,215.5,3,,,,
2020-10-29 09:33:11,215.175,215.12,1,215.06,7,215.29,3,215.29,215.06,215.06,7,215.01,2,215.0,6,214.94,1,214.92,1,214.91,1,214.9,1,214.85,1,214.79,1,214.75,1,215.29,3,215.3,2,215.32,1,215.33,1,215.38,1,215.48,3,215.49,2,215.5,3,,,,
2020-10-29 09:33:12,215.175,215.12,1,215.06,7,215.29,3,215.29,215.06,215.06,7,215.01,2,215.0,6,214.94,1,214.92,1,214.91,1,214.9,1,214.85,1,214.79,1,214.75,1,215.29,3,215.3,2,215.32,1,215.33,1,215.38,1,215.48,3,215.49,2,215.5,3,,,,
2020-10-29 09:33:13,215.175,215.12,1,215.06,7,215.29,3,215.29,215.06,215.06,7,215.01,2,215.0,6,214.94,1,214.92,1,214.91,1,214.9,1,214.85,1,214.79,1,214.75,1,215.29,3,215.3,2,215.32,1,215.33,1,215.38,1,215.48,3,215.49,2,215.5,3,,,,
2020-10-29 09:33:14,215.24,215.12,1,215.06,9,215.42,1,215.42,215.06,215.06,9,215.01,2,215.0,6,214.94,1,214.92,1,214.91,1,214.9,1,214.85,1,214.79,1,214.75,1,215.42,1,215.48,2,215.49,1,215.5,3,,,,,,,,,,,,
2020-10-29 09:33:15,215.235,215.12,1,215.06,9,215.41,1,215.41,215.06,215.06,9,215.01,2,215.0,6,214.94,1,214.92,1,214.91,1,214.9,1,214.85,1,214.79,1,214.75,1,215.41,1,215.42,1,215.48,2,215.49,1,215.5,3,,,,,,,,,,
2020-10-29 09:33:16,215.235,215.12,1,215.06,9,215.41,1,215.41,215.06,215.06,9,215.01,2,215.0,6,214.94,1,214.92,1,214.91,1,214.9,1,214.85,1,214.79,1,214.75,1,215.41,1,215.42,1,215.48,2,215.49,1,215.5,3,,,,,,,,,,
2020-10-29 09:33:17,215.23,215.21,3,215.06,9,215.4,1,215.4,215.06,215.06,9,215.01,2,215.0,6,214.94,1,214.92,1,214.91,1,214.9,1,214.85,1,214.79,1,214.75,1,215.4,1,215.41,1,215.42,1,215.48,2,215.49,1,215.5,3,,,,,,,,
2020-10-29 09:33:18,215.235,215.21,3,215.06,9,215.41,1,215.41,215.06,215.06,9,215.01,2,215.0,6,214.94,1,214.92,1,214.91,1,214.9,1,214.85,1,214.79,1,214.75,1,215.41,1,215.42,1,215.48,2,215.49,1,215.5,3,,,,,,,,,,
2020-10-29 09:33:19,215.235,215.21,3,215.06,9,215.41,1,215.41,215.06,215.06,9,215.01,2,215.0,6,214.94,1,214.92,1,214.91,1,214.9,1,214.85,1,214.79,1,214.75,1,215.41,1,215.42,1,215.48,2,215.49,1,215.5,3,,,,,,,,,,
2020-10-29 09:33:20,215.235,215.1,1,215.06,9,215.41,1,215.41,215.06,215.06,9,215.01,2,215.0,6,214.94,1,214.92,1,214.91,1,214.9,1,214.85,1,214.79,1,214.75,1,215.41,1,215.42,1,215.48,2,215.49,1,215.5,3,,,,,,,,,,
2020-10-29 09:33:21,215.18,215.1,1,215.06,9,215.3,2,215.3,215.06,215.06,9,215.01,2,215.0,6,214.94,1,214.92,1,214.91,1,214.9,1,214.85,1,214.79,1,214.75,1,215.3,2,215.41,1,215.42,1,215.48,2,215.49,1,215.5,3,,,,,,,,
2020-10-29 09:33:22,215.18,215.1,1,215.06,9,215.3,2,215.3,215.06,215.06,9,215.01,2,215.0,6,214.94,1,214.92,1,214.91,1,214.9,1,214.85,1,214.79,1,214.75,1,215.3,2,215.41,1,215.42,1,215.48,2,215.49,1,215.5,3,,,,,,,,
2020-10-29 09:33:23,215.18,215.1,1,215.06,9,215.3,2,215.3,215.06,215.06,9,215.01,2,215.0,6,214.94,1,214.92,1,214.91,1,214.9,1,214.85,1,214.79,1,214.75,1,215.3,2,215.41,1,215.42,1,215.48,2,215.49,1,215.5,3,,,,,,,,
2020-10-29 09:33:24,215.185,215.1,1,215.06,9,215.31,2,215.31,215.06,215.06,9,215.01,2,215.0,6,214.94,1,214.92,1,214.91,1,214.9,1,214.85,1,214.79,1,214.75,1,215.31,2,215.41,1,215.42,1,215.48,2,215.49,1,215.5,3,,,,,,,,
2020-10-29 09:33:25,215.22,215.1,1,215.06,12,215.38,1,215.38,215.06,215.06,12,215.01,2,215.0,6,214.94,1,214.92,1,214.91,1,214.9,1,214.85,1,214.79,1,214.75,1,215.38,1,215.41,1,215.42,1,215.48,2,215.49,1,215.5,3,,,,,,,,
2020-10-29 09:33:26,215.22,215.1,1,215.06,12,215.38,1,215.38,215.06,215.06,12,215.01,2,215.0,6,214.94,1,214.92,1,214.91,1,214.9,1,214.85,1,214.79,1,214.75,1,215.38,1,215.41,1,215.42,1,215.48,2,215.49,1,215.5,3,,,,,,,,
2020-10-29 09:33:27,215.26,215.1,1,215.14,1,215.38,1,215.38,215.14,215.14,1,215.07,1,215.06,12,215.01,2,215.0,6,214.94,1,214.92,1,214.91,1,214.9,1,214.85,1,215.38,1,215.41,1,215.42,1,215.48,2,215.49,1,215.5,3,,,,,,,,
2020-10-29 09:33:28,215.265,215.1,1,215.15,2,215.38,1,215.38,215.15,215.15,2,215.14,3,215.07,1,215.06,12,215.01,2,215.0,6,214.94,1,214.92,1,214.91,1,214.9,1,215.38,1,215.41,1,215.42,1,215.48,2,215.49,1,215.5,3,,,,,,,,
2020-10-29 09:33:29,215.265,215.1,1,215.15,2,215.38,1,215.38,215.15,215.15,2,215.14,3,215.07,1,215.06,12,215.01,2,215.0,6,214.94,1,214.92,1,214.91,1,214.9,1,215.38,1,215.41,1,215.42,1,215.48,2,215.49,1,215.5,3,,,,,,,,
2020-10-29 09:33:30,215.265,215.1,1,215.15,2,215.38,1,215.38,215.15,215.15,2,215.14,3,215.07,1,215.06,12,215.01,2,215.0,6,214.94,1,214.92,1,214.91,1,214.9,1,215.38,1,215.41,1,215.42,1,215.48,2,215.49,1,215.5,3,,,,,,,,
2020-10-29 09:33:31,215.265,215.1,1,215.15,5,215.38,1,215.38,215.15,215.15,5,215.14,3,215.07,1,215.06,12,215.01,2,215.0,6,214.94,1,214.92,1,214.91,1,214.9,1,215.38,1,215.41,1,215.42,1,215.48,2,215.49,1,215.5,3,,,,,,,,
2020-10-29 09:33:32,215.265,215.1,1,215.15,5,215.38,2,215.38,215.15,215.15,5,215.14,3,215.07,1,215.06,12,215.01,2,215.0,6,214.94,1,214.92,1,214.91,1,214.9,1,215.38,2,215.41,1,215.42,1,215.48,2,215.49,1,215.5,3,,,,,,,,
2020-10-29 09:33:33,215.265,215.1,1,215.15,5,215.38,2,215.38,215.15,215.15,5,215.14,3,215.07,1,215.06,12,215.01,2,215.0,6,214.94,1,214.92,1,214.91,1,214.9,1,215.38,2,215.41,1,215.42,1,215.48,2,215.49,1,215.5,3,,,,,,,,
2020-10-29 09:33:34,215.265,215.1,1,215.15,5,215.38,2,215.38,215.15,215.15,5,215.14,3,215.07,1,215.06,12,215.01,2,215.0,6,214.94,1,214.92,1,214.91,1,214.9,1,215.38,2,215.41,1,215.42,1,215.48,2,215.49,1,215.5,3,,,,,,,,
2020-10-29 09:33:35,215.265,215.1,1,215.15,5,215.38,2,215.38,215.15,215.15,5,215.14,3,215.07,1,215.06,12,215.01,2,215.0,6,214.94,1,214.92,1,214.91,1,214.9,1,215.38,2,215.41,1,215.42,1,215.48,2,215.49,1,215.5,3,,,,,,,,
2020-10-29 09:33:36,215.12,215.21,1,215.0,5,215.24,1,215.24,215.0,215.0,5,214.94,1,214.92,1,214.91,1,214.9,1,214.85,1,214.79,1,214.75,1,214.74,1,214.71,1,215.24,1,215.38,6,215.41,1,215.42,1,215.48,2,215.49,1,215.5,3,,,,,,
2020-10-29 09:33:37,215.12,215.21,1,215.0,5,215.24,1,215.24,215.0,215.0,5,214.94,1,214.92,1,214.91,1,214.9,1,214.85,1,214.79,1,214.75,1,214.74,1,214.71,1,215.24,1,215.38,6,215.41,1,215.42,1,215.48,2,215.49,1,215.5,3,,,,,,
2020-10-29 09:33:38,215.12,215.21,1,215.0,5,215.24,1,215.24,215.0,215.0,5,214.94,1,214.92,1,214.91,1,214.9,1,214.85,1,214.79,1,214.75,1,214.74,1,214.71,1,215.24,1,215.38,6,215.41,1,215.42,1,215.48,2,215.49,1,215.5,3,,,,,,
2020-10-29 09:33:39,215.12,215.21,1,215.0,5,215.24,1,215.24,215.0,215.0,5,214.94,1,214.92,1,214.91,1,214.9,1,214.85,1,214.79,1,214.75,1,214.74,1,214.71,1,215.24,1,215.38,6,215.41,1,215.42,1,215.48,2,215.49,1,215.5,3,,,,,,
2020-10-29 09:33:40,215.12,215.21,1,215.0,5,215.24,1,215.24,215.0,215.0,5,214.94,1,214.92,1,214.91,1,214.9,1,214.85,1,214.79,1,214.75,1,214.74,1,214.71,1,215.24,1,215.38,6,215.41,1,215.42,1,215.48,2,215.49,1,215.5,3,,,,,,
2020-10-29 09:33:41,215.12,215.12,1,215.0,5,215.24,1,215.24,215.0,215.0,5,214.94,1,214.92,1,214.91,1,214.9,1,214.85,1,214.79,1,214.75,1,214.74,1,214.71,1,215.24,1,215.38,6,215.41,1,215.42,1,215.48,2,215.49,1,215.5,3,,,,,,
2020-10-29 09:33:42,215.12,215.12,1,215.0,5,215.24,1,215.24,215.0,215.0,5,214.94,1,214.92,1,214.91,1,214.9,1,214.85,1,214.79,1,214.75,1,214.74,1,214.71,1,215.24,1,215.38,6,215.41,1,215.42,1,215.48,2,215.49,1,215.5,3,,,,,,
2020-10-29 09:33:43,215.12,215.12,1,215.0,5,215.24,1,215.24,215.0,215.0,5,214.94,1,214.92,1,214.91,1,214.9,1,214.85,1,214.79,1,214.75,1,214.74,1,214.71,1,215.24,1,215.38,6,215.41,1,215.42,1,215.48,2,215.49,1,215.5,3,,,,,,
2020-10-29 09:33:44,215.17,215.12,1,215.0,5,215.34,4,215.34,215.0,215.0,5,214.94,1,214.92,1,214.91,1,214.9,1,214.85,1,214.79,1,214.75,1,214.74,1,214.71,1,215.34,4,215.38,6,215.41,1,215.42,1,215.48,2,215.49,1,215.5,3,,,,,,
2020-10-29 09:33:45,215.17,215.12,1,215.0,5,215.34,4,215.34,215.0,215.0,5,214.94,1,214.92,1,214.91,1,214.9,1,214.85,1,214.79,1,214.75,1,214.74,1,214.71,1,215.34,4,215.38,6,215.41,1,215.42,1,215.48,2,215.49,1,215.5,3,,,,,,
2020-10-29 09:33:46,215.17,215.12,1,215.0,5,215.34,4,215.34,215.0,215.0,5,214.94,1,214.92,1,214.91,1,214.9,1,214.85,1,214.79,1,214.75,1,214.74,1,214.71,1,215.34,4,215.38,6,215.41,1,215.42,1,215.48,2,215.49,1,215.5,3,,,,,,
2020-10-29 09:33:47,215.175,215.12,1,215.01,2,215.34,4,215.34,215.01,215.01,2,215.0,5,214.94,1,214.92,1,214.91,1,214.9,1,214.85,1,214.79,1,214.75,1,214.74,1,215.34,4,215.38,6,215.41,1,215.42,1,215.48,2,215.49,1,215.5,3,,,,,,
2020-10-29 09:33:48,215.175,215.12,1,215.01,4,215.34,4,215.34,215.01,215.01,4,215.0,5,214.94,1,214.92,1,214.91,1,214.9,1,214.85,1,214.79,1,214.75,1,214.74,1,215.34,4,215.38,6,215.41,1,215.42,1,215.48,2,215.49,1,215.5,3,,,,,,
2020-10-29 09:33:49,215.175,215.12,1,215.01,4,215.34,4,215.34,215.01,215.01,4,215.0,5,214.94,1,214.92,1,214.91,1,214.9,1,214.85,1,214.79,1,214.75,1,214.74,1,215.34,4,215.38,6,215.41,1,215.42,1,215.48,2,215.49,1,215.5,3,,,,,,
2020-10-29 09:33:50,215.175,215.12,1,215.01,4,215.34,4,215.34,215.01,215.01,4,215.0,5,214.94,1,214.92,1,214.91,1,214.9,1,214.85,1,214.79,1,214.75,1,214.74,1,215.34,4,215.38,6,215.41,1,215.42,1,215.48,2,215.49,1,215.5,3,,,,,,
2020-10-29 09:33:51,215.175,215.12,1,215.01,4,215.34,4,215.34,215.01,215.01,4,215.0,5,214.94,1,214.92,1,214.91,1,214.9,1,214.85,1,214.79,1,214.75,1,214.74,1,215.34,4,215.38,6,215.41,1,215.42,1,215.48,2,215.49,1,215.5,3,,,,,,
2020-10-29 09:33:52,215.175,215.12,1,215.01,4,215.34,4,215.34,215.01,215.01,4,215.0,5,214.94,1,214.92,1,214.91,1,214.9,1,214.85,1,214.79,1,214.75,1,214.74,1,215.34,4,215.38,6,215.41,1,215.42,1,215.48,2,215.49,1,215.5,3,,,,,,
2020-10-29 09:33:53,215.175,215.12,1,215.01,4,215.34,4,215.34,215.01,215.01,4,215.0,5,214.94,1,214.92,1,214.91,1,214.9,1,214.85,1,214.79,1,214.75,1,214.74,1,215.34,4,215.38,6,215.41,1,215.42,1,215.48,2,215.49,1,215.5,3,,,,,,
2020-10-29 09:33:54,215.175,215.12,1,215.01,4,215.34,4,215.34,215.01,215.01,4,215.0,5,214.94,1,214.92,1,214.91,1,214.9,1,214.85,1,214.79,1,214.75,1,214.74,1,215.34,4,215.38,6,215.41,1,215.42,1,215.48,2,215.49,1,215.5,3,,,,,,
2020-10-29 09:33:55,215.175,215.12,1,215.01,4,215.34,4,215.34,215.01,215.01,4,215.0,5,214.94,1,214.92,1,214.91,1,214.9,1,214.85,1,214.79,1,214.75,1,214.74,1,215.34,4,215.38,6,215.41,1,215.42,1,215.48,2,215.49,1,215.5,3,,,,,,
2020-10-29 09:33:56,215.175,215.12,1,215.01,4,215.34,1,215.34,215.01,215.01,4,215.0,5,214.94,1,214.92,1,214.91,1,214.9,1,214.85,1,214.79,1,214.75,1,214.74,1,215.34,1,215.38,6,215.41,1,215.42,1,215.48,2,215.49,1,215.5,3,,,,,,
2020-10-29 09:33:57,215.175,215.12,1,215.01,4,215.34,1,215.34,215.01,215.01,4,215.0,5,214.94,1,214.92,1,214.91,1,214.9,1,214.85,1,214.79,1,214.75,1,214.74,1,215.34,1,215.38,6,215.41,1,215.42,1,215.48,2,215.49,1,215.5,3,,,,,,
2020-10-29 09:33:58,215.135,214.96,1,214.96,3,215.31,4,215.31,214.96,214.96,3,214.94,1,214.92,1,214.91,1,214.9,1,214.85,1,214.79,1,214.75,1,214.74,1,214.71,1,215.31,4,215.33,4,215.34,1,215.38,6,215.41,1,215.42,1,215.48,2,215.49,1,215.5,3,,
2020-10-29 09:33:59,215.075,214.96,1,214.96,4,215.19,1,215.19,214.96,214.96,4,214.94,1,214.92,1,214.91,1,214.9,1,214.85,1,214.79,1,214.75,1,214.74,1,214.71,1,215.19,1,215.21,1,215.31,4,215.33,4,215.34,1,215.38,6,215.41,1,215.42,1,215.48,2,215.49,1
2020-10-29 09:34:00,215.075,214.96,1,214.96,4,215.19,1,215.19,214.96,214.96,4,214.94,1,214.92,1,214.91,1,214.9,1,214.85,1,214.79,1,214.75,1,214.74,1,214.71,1,215.19,1,215.21,1,215.31,4,215.33,4,215.34,1,215.38,6,215.41,1,215.42,1,215.48,2,215.49,1
2020-10-29 09:34:01,215.135,215.01,1,214.96,3,215.31,1,215.31,214.96,214.96,3,214.94,1,214.92,1,214.91,1,214.9,1,214.85,1,214.79,1,214.75,1,214.74,1,214.71,1,215.31,1,215.38,6,215.41,1,215.42,1,215.48,2,215.49,1,215.5,3,,,,,,
2020-10-29 09:34:02,215.135,215.01,1,214.96,3,215.31,1,215.31,214.96,214.96,3,214.94,1,214.92,1,214.91,1,214.9,1,214.85,1,214.79,1,214.75,1,214.74,1,214.71,1,215.31,1,215.38,6,215.41,1,215.42,1,215.48,2,215.49,1,215.5,3,,,,,,
2020-10-29 09:34:03,215.135,215.01,1,214.96,3,215.31,1,215.31,214.96,214.96,3,214.94,1,214.92,1,214.91,1,214.9,1,214.85,1,214.79,1,214.75,1,214.74,1,214.71,1,215.31,1,215.38,6,215.41,1,215.42,1,215.48,2,215.49,1,215.5,3,,,,,,
2020-10-29 09:34:04,215.135,215.01,1,214.96,3,215.31,1,215.31,214.96,214.96,3,214.94,1,214.92,1,214.91,1,214.9,1,214.85,1,214.79,1,214.75,1,214.74,1,214.71,1,215.31,1,215.38,6,215.41,1,215.42,1,215.48,2,215.49,1,215.5,3,,,,,,
2020-10-29 09:34:05,215.135,215.01,1,214.96,3,215.31,1,215.31,214.96,214.96,3,214.94,1,214.92,1,214.91,1,214.9,1,214.85,1,214.79,1,214.75,1,214.74,1,214.71,1,215.31,1,215.38,6,215.41,1,215.42,1,215.48,2,215.49,1,215.5,3,,,,,,
2020-10-29 09:34:06,215.135,215.01,1,214.96,3,215.31,1,215.31,214.96,214.96,3,214.94,1,214.92,1,214.91,1,214.9,1,214.85,1,214.79,1,214.75,1,214.74,1,214.71,1,215.31,1,215.38,6,215.41,1,215.42,1,215.48,2,215.49,1,215.5,3,,,,,,
2020-10-29 09:34:07,215.04,214.96,1,214.92,3,215.16,1,215.16,214.92,214.92,3,214.91,1,214.9,1,214.85,1,214.79,1,214.75,1,214.74,1,214.71,1,214.64,1,214.54,1,215.16,1,215.17,1,215.26,1,215.29,3,215.31,1,215.38,6,215.41,1,215.42,1,215.48,2,215.49,1
2020-10-29 09:34:08,215.09,214.96,1,214.93,2,215.25,1,215.25,214.93,214.93,2,214.92,3,214.91,1,214.9,1,214.85,1,214.79,1,214.75,1,214.74,1,214.71,1,214.64,1,215.25,1,215.26,1,215.33,2,215.38,6,215.41,1,215.42,1,215.48,2,215.49,1,215.5,3,,
2020-10-29 09:34:09,215.09,214.96,1,214.93,2,215.25,3,215.25,214.93,214.93,2,214.92,3,214.91,1,214.9,1,214.85,1,214.79,1,214.75,1,214.74,1,214.71,1,214.64,1,215.25,3,215.26,1,215.33,2,215.38,6,215.41,1,215.42,1,215.48,2,215.49,1,215.5,3,,
2020-10-29 09:34:10,215.045,214.96,1,214.92,3,215.17,1,215.17,214.92,214.92,3,214.91,1,214.9,1,214.85,1,214.79,1,214.75,1,214.74,1,214.71,1,214.64,1,214.54,1,215.17,1,215.19,1,215.21,1,215.25,3,215.26,1,215.33,2,215.38,6,215.41,1,215.42,1,215.48,2
2020-10-29 09:34:11,215.045,214.96,1,214.92,3,215.17,1,215.17,214.92,214.92,3,214.91,1,214.9,1,214.85,1,214.79,1,214.75,1,214.74,1,214.71,1,214.64,1,214.54,1,215.17,1,215.19,1,215.21,1,215.25,3,215.26,1,215.33,2,215.38,6,215.41,1,215.42,1,215.48,2
2020-10-29 09:34:12,215.09,214.96,1,214.92,3,215.26,2,215.26,214.92,214.92,3,214.91,1,214.9,1,214.85,1,214.79,1,214.75,1,214.74,1,214.71,1,214.64,1,214.54,1,215.26,2,215.33,2,215.38,6,215.41,1,215.42,1,215.48,2,215.49,1,215.5,3,,,,
2020-10-29 09:34:13,215.09,214.96,1,214.92,3,215.26,2,215.26,214.92,214.92,3,214.91,1,214.9,1,214.85,1,214.79,1,214.75,1,214.74,1,214.71,1,214.64,1,214.54,1,215.26,2,215.33,2,215.38,6,215.41,1,215.42,1,215.48,2,215.49,1,215.5,3,,,,
2020-10-29 09:34:14,215.08,215.09,1,214.91,4,215.25,2,215.25,214.91,214.91,3,214.9,1,214.85,1,214.79,1,214.75,1,214.74,1,214.71,1,214.64,1,214.54,1,214.44,1,215.25,2,215.26,2,215.33,2,215.38,6,215.41,1,215.42,1,215.48,2,215.49,1,215.5,3,,
2020-10-29 09:34:15,215.08,215.09,1,214.91,4,215.25,4,215.25,214.91,214.91,4,214.9,1,214.85,1,214.79,1,214.75,1,214.74,1,214.71,1,214.64,1,214.54,1,214.44,1,215.25,4,215.26,2,215.33,2,215.38,6,215.41,1,215.42,1,215.48,2,215.49,1,215.5,3,,
2020-10-29 09:34:16,215.08,215.09,1,214.91,4,215.25,4,215.25,214.91,214.91,4,214.9,1,214.85,1,214.79,1,214.75,1,214.74,1,214.71,1,214.64,1,214.54,1,214.44,1,215.25,4,215.26,2,215.33,2,215.38,6,215.41,1,215.42,1,215.48,2,215.49,1,215.5,3,,
2020-10-29 09:34:17,215.08,215.09,1,214.91,4,215.25,4,215.25,214.91,214.91,4,214.9,1,214.85,1,214.79,1,214.75,1,214.74,1,214.71,1,214.64,1,214.54,1,214.44,1,215.25,4,215.26,2,215.33,2,215.38,6,215.41,1,215.42,1,215.48,2,215.49,1,215.5,3,,
2020-10-29 09:34:18,215.08,215.09,1,214.91,4,215.25,4,215.25,214.91,214.91,4,214.9,1,214.85,1,214.79,1,214.75,1,214.74,1,214.71,1,214.64,1,214.54,1,214.44,1,215.25,4,215.26,2,215.33,2,215.38,6,215.41,1,215.42,1,215.48,2,215.49,1,215.5,3,,
2020-10-29 09:34:19,215.08,215.09,1,214.91,4,215.25,4,215.25,214.91,214.91,4,214.9,1,214.85,1,214.79,1,214.75,1,214.74,1,214.71,1,214.64,1,214.54,1,214.44,1,215.25,4,215.26,2,215.33,2,215.38,6,215.41,1,215.42,1,215.48,2,215.49,1,215.5,3,,
2020-10-29 09:34:20,215.08,215.09,1,214.91,4,215.25,4,215.25,214.91,214.91,4,214.9,1,214.85,1,214.79,1,214.75,1,214.74,1,214.71,1,214.64,1,214.54,1,214.44,1,215.25,4,215.26,2,215.33,2,215.38,6,215.41,1,215.42,1,215.48,2,215.49,1,215.5,3,,
2020-10-29 09:34:21,215.08,214.92,1,214.91,4,215.25,4,215.25,214.91,214.91,4,214.9,1,214.85,1,214.79,1,214.75,1,214.74,1,214.71,1,214.64,1,214.54,1,214.44,1,215.25,4,215.26,2,215.33,2,215.38,6,215.41,1,215.42,1,215.48,2,215.49,1,215.5,3,,
2020-10-29 09:34:22,215.08,214.92,1,214.91,4,215.25,4,215.25,214.91,214.91,4,214.9,1,214.85,1,214.79,1,214.75,1,214.74,1,214.71,1,214.64,1,214.54,1,214.44,1,215.25,4,215.26,2,215.33,2,215.38,6,215.41,1,215.42,1,215.48,2,215.49,1,215.5,3,,
2020-10-29 09:34:23,215.08,214.92,1,214.91,4,215.25,4,215.25,214.91,214.91,4,214.9,1,214.85,1,214.79,1,214.75,1,214.74,1,214.71,1,214.64,1,214.54,1,214.44,1,215.25,4,215.26,2,215.33,2,215.38,6,215.41,1,215.42,1,215.48,2,215.49,1,215.5,3,,
2020-10-29 09:34:24,215.08,214.92,1,214.91,4,215.25,4,215.25,214.91,214.91,4,214.9,1,214.85,1,214.79,1,214.75,1,214.74,1,214.71,1,214.64,1,214.54,1,214.44,1,215.25,4,215.26,2,215.33,2,215.38,6,215.41,1,215.42,1,215.48,2,215.49,1,215.5,3,,
2020-10-29 09:34:25,215.08,214.92,1,214.91,4,215.25,4,215.25,214.91,214.91,4,214.9,1,214.85,1,214.79,1,214.75,1,214.74,1,214.71,1,214.64,1,214.54,1,214.44,1,215.25,4,215.26,2,215.33,2,215.38,6,215.41,1,215.42,1,215.48,2,215.49,1,215.5,3,,
2020-10-29 09:34:26,215.08,214.92,1,214.91,4,215.25,4,215.25,214.91,214.91,4,214.9,1,214.85,1,214.79,1,214.75,1,214.74,1,214.71,1,214.64,1,214.54,1,214.44,1,215.25,4,215.26,2,215.33,2,215.38,6,215.41,1,215.42,1,215.48,2,215.49,1,215.5,3,,
2020-10-29 09:34:27,215.08,214.92,1,214.91,4,215.25,4,215.25,214.91,214.91,4,214.9,1,214.85,1,214.79,1,214.75,1,214.74,1,214.71,1,214.64,1,214.54,1,214.44,1,215.25,4,215.26,2,215.33,2,215.38,6,215.41,1,215.42,1,215.48,2,215.49,1,215.5,3,,
2020-10-29 09:34:28,215.08,214.92,1,214.91,4,215.25,4,215.25,214.91,214.91,4,214.9,1,214.85,1,214.79,1,214.75,1,214.74,1,214.71,1,214.64,1,214.54,1,214.44,1,215.25,4,215.26,2,215.33,2,215.38,6,215.41,1,215.42,1,215.48,2,215.49,1,215.5,3,,
2020-10-29 09:34:29,215.085,214.92,1,214.92,2,215.25,4,215.25,214.92,214.92,2,214.91,5,214.9,1,214.85,1,214.79,1,214.75,1,214.74,1,214.71,1,214.64,1,214.54,1,215.25,4,215.26,2,215.33,2,215.38,6,215.41,1,215.42,1,215.48,2,215.49,1,215.5,3,,
2020-10-29 09:34:30,215.085,214.92,1,214.92,2,215.25,4,215.25,214.92,214.92,2,214.91,5,214.9,1,214.85,1,214.79,1,214.75,1,214.74,1,214.71,1,214.64,1,214.54,1,215.25,4,215.26,2,215.33,2,215.38,6,215.41,1,215.42,1,215.48,2,215.49,1,215.5,3,,
2020-10-29 09:34:31,215.085,214.92,1,214.92,2,215.25,4,215.25,214.92,214.92,2,214.91,5,214.9,1,214.85,1,214.79,1,214.75,1,214.74,1,214.71,1,214.64,1,214.54,1,215.25,4,215.26,2,215.33,2,215.38,6,215.41,1,215.42,1,215.48,2,215.49,1,215.5,3,,
2020-10-29 09:34:32,215.085,214.92,1,214.92,2,215.25,4,215.25,214.92,214.92,2,214.91,5,214.9,1,214.85,1,214.79,1,214.75,1,214.74,1,214.71,1,214.64,1,214.54,1,215.25,4,215.26,2,215.33,2,215.38,6,215.41,1,215.42,1,215.48,2,215.49,1,215.5,3,,
2020-10-29 09:34:33,215.085,214.92,1,214.92,2,215.25,4,215.25,214.92,214.92,2,214.91,5,214.9,1,214.85,1,214.79,1,214.75,1,214.74,1,214.71,1,214.64,1,214.54,1,215.25,4,215.26,2,215.33,2,215.38,6,215.41,1,215.42,1,215.48,2,215.49,1,215.5,3,,
2020-10-29 09:34:34,215.085,214.92,1,214.92,2,215.25,4,215.25,214.92,214.92,2,214.91,5,214.9,1,214.85,1,214.79,1,214.75,1,214.74,1,214.71,1,214.64,1,214.54,1,215.25,4,215.26,2,215.33,2,215.38,6,215.41,1,215.42,1,215.48,2,215.49,1,215.5,3,,
2020-10-29 09:34:35,215.085,214.92,1,214.92,4,215.25,4,215.25,214.92,214.92,4,214.91,5,214.9,1,214.85,1,214.79,1,214.75,1,214.74,1,214.71,1,214.64,1,214.54,1,215.25,4,215.26,2,215.33,2,215.38,6,215.41,1,215.42,1,215.48,2,215.49,1,215.5,3,,
2020-10-29 09:34:36,215.085,214.92,1,214.92,4,215.25,4,215.25,214.92,214.92,4,214.91,5,214.9,1,214.85,1,214.79,1,214.75,1,214.74,1,214.71,1,214.64,1,214.54,1,215.25,4,215.26,2,215.33,2,215.38,6,215.41,1,215.42,1,215.48,2,215.49,1,215.5,3,,
2020-10-29 09:34:37,215.085,215.09,1,214.92,6,215.25,4,215.25,214.92,214.92,6,214.91,5,214.9,1,214.85,1,214.79,1,214.75,1,214.74,1,214.71,1,214.64,1,214.54,1,215.25,4,215.26,2,215.33,2,215.38,6,215.41,1,215.42,1,215.48,2,215.49,1,215.5,3,,
2020-10-29 09:34:38,215.08,215.09,1,214.92,6,215.24,3,215.24,214.92,214.92,6,214.91,5,214.9,1,214.85,1,214.79,1,214.75,1,214.74,1,214.71,1,214.64,1,214.54,1,215.24,3,215.25,4,215.26,2,215.33,2,215.38,6,215.41,1,215.42,1,215.48,2,215.49,1,215.5,3
2020-10-29 09:34:39,215.08,215.09,1,214.92,6,215.24,3,215.24,214.92,214.92,6,214.91,5,214.9,1,214.85,1,214.79,1,214.75,1,214.74,1,214.71,1,214.64,1,214.54,1,215.24,3,215.25,4,215.26,2,215.33,2,215.38,6,215.41,1,215.42,1,215.48,2,215.49,1,215.5,3
2020-10-29 09:34:40,214.83,214.8,1,214.72,1,214.94,1,214.94,214.72,214.72,1,214.71,1,214.64,1,214.54,1,214.44,1,214.39,1,214.37,2,214.36,1,214.35,1,214.34,1,214.94,1,214.95,1,214.98,1,215.04,4,215.07,1,215.08,1,215.24,3,215.25,4,215.26,2,215.33,2
2020-10-29 09:34:41,214.85,214.8,1,214.72,4,214.98,2,214.98,214.72,214.72,4,214.71,1,214.64,1,214.54,1,214.44,1,214.39,1,214.37,2,214.36,1,214.35,1,214.34,1,214.98,2,215.04,4,215.07,1,215.08,1,215.24,3,215.25,4,215.26,2,215.33,2,215.38,6,215.41,1
2020-10-29 09:34:42,214.85,214.8,1,214.72,4,214.98,2,214.98,214.72,214.72,4,214.71,1,214.64,1,214.54,1,214.44,1,214.39,1,214.37,2,214.36,1,214.35,1,214.34,1,214.98,2,215.04,4,215.07,1,215.08,1,215.24,3,215.25,4,215.26,2,215.33,2,215.38,6,215.41,1
2020-10-29 09:34:43,214.85,214.8,1,214.72,4,214.98,2,214.98,214.72,214.72,4,214.71,1,214.64,1,214.54,1,214.44,1,214.39,1,214.37,2,214.36,1,214.35,1,214.34,1,214.98,2,215.04,4,215.07,1,215.08,1,215.24,3,215.25,4,215.26,2,215.33,2,215.38,6,215.41,1
2020-10-29 09:34:44,214.845,214.8,1,214.72,5,214.97,4,214.97,214.72,214.72,5,214.71,1,214.64,1,214.54,1,214.44,1,214.39,1,214.37,2,214.36,1,214.35,1,214.34,1,214.97,4,214.98,2,215.04,4,215.07,1,215.08,1,215.24,3,215.25,4,215.26,2,215.33,2,215.38,6
2020-10-29 09:34:45,214.845,214.8,1,214.72,5,214.97,4,214.97,214.72,214.72,5,214.71,1,214.64,1,214.54,1,214.44,1,214.39,1,214.37,2,214.36,1,214.35,1,214.34,1,214.97,4,214.98,2,215.04,4,215.07,1,215.08,1,215.24,3,215.25,4,215.26,2,215.33,2,215.38,6
2020-10-29 09:34:46,214.845,214.8,1,214.72,5,214.97,4,214.97,214.72,214.72,5,214.71,1,214.64,1,214.54,1,214.44,1,214.39,1,214.37,2,214.36,1,214.35,1,214.34,1,214.97,4,214.98,2,215.04,4,215.07,1,215.08,1,215.24,3,215.25,4,215.26,2,215.33,2,215.38,6
2020-10-29 09:34:47,214.845,214.8,1,214.72,5,214.97,4,214.97,214.72,214.72,5,214.71,1,214.64,1,214.54,1,214.44,1,214.39,1,214.37,2,214.36,1,214.35,1,214.34,1,214.97,4,214.98,2,215.04,4,215.07,1,215.08,1,215.24,3,215.25,4,215.26,2,215.33,2,215.38,6
2020-10-29 09:34:48,214.845,214.8,1,214.72,5,214.97,4,214.97,214.72,214.72,5,214.71,1,214.64,1,214.54,1,214.44,1,214.39,1,214.37,2,214.36,1,214.35,1,214.34,1,214.97,4,214.98,2,215.04,4,215.07,1,215.08,1,215.24,3,215.25,4,215.26,2,215.33,2,215.38,6
2020-10-29 09:34:49,214.84,214.8,1,214.72,5,214.96,1,214.96,214.72,214.72,5,214.71,1,214.64,1,214.54,1,214.44,1,214.39,1,214.37,2,214.36,1,214.35,1,214.34,1,214.96,1,214.97,6,214.98,2,215.04,4,215.07,1,215.08,1,215.24,3,215.25,4,215.26,2,215.33,2
2020-10-29 09:34:50,214.84,214.93,1,214.72,5,214.96,3,214.96,214.72,214.72,5,214.71,1,214.64,1,214.54,1,214.44,1,214.39,1,214.37,2,214.36,1,214.35,1,214.34,1,214.96,3,214.97,6,214.98,2,215.04,4,215.07,1,215.08,1,215.24,3,215.25,4,215.26,2,215.33,2
2020-10-29 09:34:51,214.71,214.72,1,214.58,3,214.84,4,214.84,214.58,214.58,3,214.51,2,214.44,1,214.39,1,214.37,2,214.36,1,214.35,1,214.34,1,214.26,3,214.25,1,214.84,4,214.95,1,214.96,3,214.97,6,214.98,2,215.04,4,215.07,1,215.08,1,215.24,3,215.25,4
2020-10-29 09:34:52,214.71,214.69,1,214.58,3,214.84,4,214.84,214.58,214.58,3,214.51,2,214.44,1,214.39,1,214.37,2,214.36,1,214.35,1,214.34,1,214.26,3,214.25,1,214.84,4,214.95,1,214.96,3,214.97,6,214.98,2,215.04,4,215.07,1,215.08,1,215.24,3,215.25,4
2020-10-29 09:34:53,214.71,214.69,1,214.58,4,214.84,4,214.84,214.58,214.58,4,214.51,2,214.44,1,214.39,1,214.37,2,214.36,1,214.35,1,214.34,1,214.26,3,214.25,1,214.84,4,214.95,1,214.96,3,214.97,6,214.98,2,215.04,4,215.07,1,215.08,1,215.24,3,215.25,4
2020-10-29 09:34:54,214.71,214.69,1,214.58,4,214.84,4,214.84,214.58,214.58,4,214.51,2,214.44,1,214.39,1,214.37,2,214.36,1,214.35,1,214.34,1,214.26,3,214.25,1,214.84,4,214.95,1,214.96,3,214.97,6,214.98,2,215.04,4,215.07,1,215.08,1,215.24,3,215.25,4
2020-10-29 09:34:55,214.675,214.69,1,214.58,3,214.77,1,214.77,214.58,214.58,3,214.51,2,214.44,1,214.39,1,214.37,2,214.36,1,214.35,1,214.34,1,214.26,3,214.25,1,214.77,1,214.78,1,214.79,1,214.8,1,214.81,1,214.84,4,214.95,1,214.96,3,214.97,6,214.98,2
2020-10-29 09:34:56,214.665,214.69,1,214.58,3,214.75,1,214.75,214.58,214.58,3,214.51,2,214.44,1,214.39,1,214.37,2,214.36,1,214.35,1,214.34,1,214.26,3,214.25,1,214.75,1,214.76,1,214.77,1,214.78,1,214.79,1,214.8,1,214.81,1,214.84,4,214.95,1,214.96,3
2020-10-29 09:34:57,214.64,214.57,1,214.55,2,214.73,1,214.73,214.55,214.55,2,214.51,2,214.44,1,214.39,1,214.37,2,214.36,1,214.35,1,214.34,1,214.26,3,214.25,1,214.73,1,214.75,1,214.76,1,214.77,1,214.78,1,214.79,1,214.8,1,214.81,1,214.84,4,214.95,1
2020-10-29 09:34:58,214.65,214.57,1,214.57,1,214.73,1,214.73,214.57,214.57,1,214.55,3,214.51,2,214.44,1,214.39,1,214.37,2,214.36,1,214.35,1,214.34,1,214.26,3,214.73,1,214.75,1,214.76,1,214.77,1,214.78,1,214.79,1,214.8,1,214.81,1,214.84,4,214.95,1
2020-10-29 09:34:59,214.65,214.57,1,214.57,1,214.73,1,214.73,214.57,214.57,1,214.55,3,214.51,2,214.44,1,214.39,1,214.37,2,214.36,1,214.35,1,214.34,1,214.26,3,214.73,1,214.75,1,214.76,1,214.77,1,214.78,1,214.79,1,214.8,1,214.81,1,214.84,4,214.95,1
2020-10-29 09:35:00,214.625,214.55,1,214.52,1,214.73,2,214.73,214.52,214.52,1,214.51,3,214.44,1,214.39,1,214.37,2,214.36,1,214.35,1,214.34,1,214.26,3,214.25,1,214.73,2,214.75,1,214.76,1,214.77,1,214.78,1,214.79,1,214.8,1,214.81,1,214.84,4,214.95,1
2020-10-29 09:35:01,214.625,214.55,1,214.52,2,214.73,2,214.73,214.52,214.52,2,214.51,3,214.44,1,214.39,1,214.37,2,214.36,1,214.35,1,214.34,1,214.26,3,214.25,1,214.73,2,214.75,1,214.76,1,214.77,1,214.78,1,214.79,1,214.8,1,214.81,1,214.84,4,214.95,1
2020-10-29 09:35:02,214.55,214.5,1,214.48,2,214.62,3,214.62,214.48,214.48,2,214.44,1,214.39,1,214.37,2,214.36,1,214.35,1,214.34,1,214.26,3,214.25,1,,,214.62,3,214.72,6,214.73,2,214.75,1,214.76,1,214.77,1,214.78,1,214.79,1,214.8,1,214.81,1
2020-10-29 09:35:03,214.54,214.5,1,214.4,3,214.68,3,214.68,214.4,214.4,3,214.39,1,214.37,2,214.36,1,214.35,1,214.34,1,214.26,3,214.25,1,,,,,214.68,3,214.72,6,214.73,2,214.75,1,214.76,1,214.77,1,214.78,1,214.79,1,214.8,1,214.81,1
2020-10-29 09:35:04,214.54,214.5,1,214.4,3,214.68,3,214.68,214.4,214.4,3,214.39,1,214.37,2,214.36,1,214.35,1,214.34,1,214.26,3,214.25,1,,,,,214.68,3,214.72,6,214.73,2,214.75,1,214.76,1,214.77,1,214.78,1,214.79,1,214.8,1,214.81,1
2020-10-29 09:35:05,214.56,214.5,1,214.41,3,214.71,2,214.71,214.41,214.41,3,214.4,4,214.39,1,214.37,2,214.36,1,214.35,1,214.34,1,214.26,3,214.25,1,,,214.71,2,214.72,5,214.73,2,214.75,1,214.76,1,214.77,1,214.78,1,214.79,1,214.8,1,214.81,1
2020-10-29 09:35:06,214.56,214.5,1,214.41,3,214.71,2,214.71,214.41,214.41,3,214.4,4,214.39,1,214.37,2,214.36,1,214.35,1,214.34,1,214.26,3,214.25,1,,,214.71,2,214.72,5,214.73,2,214.75,1,214.76,1,214.77,1,214.78,1,214.79,1,214.8,1,214.81,1
2020-10-29 09:35:07,214.56,214.5,1,214.41,3,214.71,2,214.71,214.41,214.41,3,214.4,4,214.39,1,214.37,2,214.36,1,214.35,1,214.34,1,214.26,3,214.25,1,,,214.71,2,214.72,5,214.73,2,214.75,1,214.76,1,214.77,1,214.78,1,214.79,1,214.8,1,214.81,1
2020-10-29 09:35:08,214.565,214.5,1,214.42,3,214.71,4,214.71,214.42,214.42,3,214.41,3,214.4,4,214.39,1,214.37,2,214.36,1,214.35,1,214.34,1,214.26,3,214.25,1,214.71,4,214.72,5,214.73,2,214.75,1,214.76,1,214.77,1,214.78,1,214.79,1,214.8,1,214.81,1
2020-10-29 09:35:09,214.565,214.5,1,214.42,3,214.71,4,214.71,214.42,214.42,3,214.41,3,214.4,4,214.39,1,214.37,2,214.36,1,214.35,1,214.34,1,214.26,3,214.25,1,214.71,4,214.72,5,214.73,2,214.75,1,214.76,1,214.77,1,214.78,1,214.79,1,214.8,1,214.81,1
2020-10-29 09:35:10,214.575,214.5,1,214.42,3,214.73,2,214.73,214.42,214.42,3,214.41,3,214.4,4,214.39,1,214.37,2,214.36,1,214.35,1,214.34,1,214.26,3,214.25,1,214.73,2,214.77,3,214.78,1,214.79,1,214.8,1,214.81,1,214.84,4,214.95,1,214.96,3,214.97,6
2020-10-29 09:35:11,214.575,214.5,1,214.42,3,214.73,2,214.73,214.42,214.42,3,214.41,3,214.4,4,214.39,1,214.37,2,214.36,1,214.35,1,214.34,1,214.26,3,214.25,1,214.73,2,214.77,3,214.78,1,214.79,1,214.8,1,214.81,1,214.84,4,214.95,1,214.96,3,214.97,6
2020-10-29 09:35:12,214.575,214.5,1,214.42,3,214.73,2,214.73,214.42,214.42,3,214.41,3,214.4,4,214.39,1,214.37,2,214.36,1,214.35,1,214.34,1,214.26,3,214.25,1,214.73,2,214.77,3,214.78,1,214.79,1,214.8,1,214.81,1,214.84,4,214.95,1,214.96,3,214.97,6
2020-10-29 09:35:13,214.575,214.5,1,214.42,3,214.73,2,214.73,214.42,214.42,3,214.41,3,214.4,4,214.39,1,214.37,2,214.36,1,214.35,1,214.34,1,214.26,3,214.25,1,214.73,2,214.77,3,214.78,1,214.79,1,214.8,1,214.81,1,214.84,4,214.95,1,214.96,3,214.97,6
2020-10-29 09:35:14,214.575,214.5,1,214.42,3,214.73,2,214.73,214.42,214.42,3,214.41,3,214.4,4,214.39,1,214.37,2,214.36,1,214.35,1,214.34,1,214.26,3,214.25,1,214.73,2,214.77,3,214.78,1,214.79,1,214.8,1,214.81,1,214.84,4,214.95,1,214.96,3,214.97,6
2020-10-29 09:35:15,214.565,214.5,1,214.42,5,214.71,2,214.71,214.42,214.42,5,214.41,3,214.4,4,214.39,1,214.37,2,214.36,1,214.35,1,214.34,1,214.26,3,214.25,1,214.71,2,214.72,3,214.73,2,214.77,3,214.78,1,214.79,1,214.8,1,214.81,1,214.84,4,214.95,1
2020-10-29 09:35:16,214.565,214.5,1,214.42,4,214.71,2,214.71,214.42,214.42,4,214.41,3,214.4,4,214.39,1,214.37,2,214.36,1,214.35,1,214.34,1,214.26,3,214.25,1,214.71,2,214.72,3,214.73,2,214.77,3,214.78,1,214.79,1,214.8,1,214.81,1,214.84,4,214.95,1
2020-10-29 09:35:17,214.575,214.5,1,214.42,5,214.73,2,214.73,214.42,214.42,5,214.41,3,214.4,4,214.39,1,214.37,2,214.36,1,214.35,1,214.34,1,214.26,3,214.25,1,214.73,2,214.77,3,214.78,1,214.79,1,214.8,1,214.81,1,214.84,4,214.95,1,214.96,3,214.97,6
2020-10-29 09:35:18,214.575,214.61,1,214.42,5,214.73,2,214.73,214.42,214.42,5,214.41,3,214.4,4,214.39,1,214.37,2,214.36,1,214.35,1,214.34,1,214.26,3,214.25,1,214.73,2,214.77,3,214.78,1,214.79,1,214.8,1,214.81,1,214.84,4,214.95,1,214.96,3,214.97,6
2020-10-29 09:35:19,214.575,214.61,1,214.42,5,214.73,2,214.73,214.42,214.42,5,214.41,3,214.4,4,214.39,1,214.37,2,214.36,1,214.35,1,214.34,1,214.26,3,214.25,1,214.73,2,214.77,3,214.78,1,214.79,1,214.8,1,214.81,1,214.84,4,214.95,1,214.96,3,214.97,6
2020-10-29 09:35:20,214.575,214.61,1,214.42,5,214.73,2,214.73,214.42,214.42,5,214.41,3,214.4,4,214.39,1,214.37,2,214.36,1,214.35,1,214.34,1,214.26,3,214.25,1,214.73,2,214.77,3,214.78,1,214.79,1,214.8,1,214.81,1,214.84,4,214.95,1,214.96,3,214.97,6
2020-10-29 09:35:21,214.575,214.61,1,214.42,5,214.73,2,214.73,214.42,214.42,5,214.41,3,214.4,4,214.39,1,214.37,2,214.36,1,214.35,1,214.34,1,214.26,3,214.25,1,214.73,2,214.77,3,214.78,1,214.79,1,214.8,1,214.81,1,214.84,4,214.95,1,214.96,3,214.97,6
2020-10-29 09:35:22,214.565,214.61,1,214.42,5,214.71,2,214.71,214.42,214.42,5,214.41,3,214.4,4,214.39,1,214.37,2,214.36,1,214.35,1,214.34,1,214.26,3,214.25,1,214.71,2,214.72,2,214.73,2,214.77,3,214.78,1,214.79,1,214.8,1,214.81,1,214.84,4,214.95,1
2020-10-29 09:35:23,214.575,214.61,1,214.42,5,214.73,2,214.73,214.42,214.42,5,214.41,3,214.4,4,214.39,1,214.37,2,214.36,1,214.35,1,214.34,1,214.26,3,214.25,1,214.73,2,214.77,3,214.78,1,214.79,1,214.8,1,214.81,1,214.84,4,214.95,1,214.96,3,214.97,6
2020-10-29 09:35:24,214.575,214.61,1,214.42,5,214.73,2,214.73,214.42,214.42,5,214.41,3,214.4,4,214.39,1,214.37,2,214.36,1,214.35,1,214.34,1,214.26,3,214.25,1,214.73,2,214.77,3,214.78,1,214.79,1,214.8,1,214.81,1,214.84,4,214.95,1,214.96,3,214.97,6
2020-10-29 09:35:25,214.57,214.59,1,214.42,4,214.72,1,214.72,214.42,214.42,4,214.41,3,214.4,4,214.39,1,214.37,2,214.36,1,214.35,1,214.34,1,214.26,3,214.25,1,214.72,1,214.73,2,214.77,3,214.78,1,214.79,1,214.8,1,214.81,1,214.84,4,214.95,1,214.96,3
2020-10-29 09:35:26,214.57,214.59,1,214.42,4,214.72,2,214.72,214.42,214.42,4,214.41,3,214.4,4,214.39,1,214.37,2,214.36,1,214.35,1,214.34,1,214.26,3,214.25,1,214.72,2,214.73,2,214.77,3,214.78,1,214.79,1,214.8,1,214.81,1,214.84,4,214.95,1,214.96,3
2020-10-29 09:35:27,214.575,214.59,1,214.43,1,214.72,2,214.72,214.43,214.43,1,214.42,4,214.41,3,214.4,4,214.39,1,214.37,2,214.36,1,214.35,1,214.34,1,214.26,3,214.72,2,214.73,2,214.77,3,214.78,1,214.79,1,214.8,1,214.81,1,214.84,4,214.95,1,214.96,3
2020-10-29 09:35:28,214.575,214.59,1,214.43,2,214.72,2,214.72,214.43,214.43,2,214.42,4,214.41,3,214.4,4,214.39,1,214.37,2,214.36,1,214.35,1,214.34,1,214.26,3,214.72,2,214.73,2,214.77,3,214.78,1,214.79,1,214.8,1,214.81,1,214.84,4,214.95,1,214.96,3
2020-10-29 09:35:29,214.61,214.59,1,214.5,1,214.72,2,214.72,214.5,214.5,1,214.43,2,214.42,4,214.41,3,214.4,4,214.39,1,214.37,2,214.36,1,214.35,1,214.34,1,214.72,2,214.73,2,214.77,3,214.78,1,214.79,1,214.8,1,214.81,1,214.84,4,214.95,1,214.96,3
2020-10-29 09:35:30,214.33,214.4,1,214.26,1,214.4,1,214.4,214.26,214.26,1,214.24,1,,,,,,,,,,,,,,,,,214.4,1,214.58,2,214.62,1,214.69,1,214.72,4,214.73,2,214.77,3,214.78,1,214.79,1,214.8,1
2020-10-29 09:35:31,214.33,214.4,1,214.26,1,214.4,2,214.4,214.26,214.26,1,214.24,1,,,,,,,,,,,,,,,,,214.4,2,214.58,2,214.62,1,214.69,1,214.72,4,214.73,2,214.77,3,214.78,1,214.79,1,214.8,1
2020-10-29 09:35:32,214.33,214.26,1,214.26,2,214.4,2,214.4,214.26,214.26,2,214.23,1,,,,,,,,,,,,,,,,,214.4,2,214.58,2,214.62,1,214.69,1,214.72,4,214.73,2,214.77,3,214.78,1,214.79,1,214.8,1
2020-10-29 09:35:33,214.33,214.26,1,214.26,1,214.4,2,214.4,214.26,214.26,1,214.23,1,,,,,,,,,,,,,,,,,214.4,2,214.58,2,214.62,1,214.69,1,214.72,4,214.73,2,214.77,3,214.78,1,214.79,1,214.8,1
2020-10-29 09:35:34,214.33,214.27,1,214.26,1,214.4,2,214.4,214.26,214.26,1,214.23,1,,,,,,,,,,,,,,,,,214.4,2,214.58,2,214.62,1,214.69,1,214.72,4,214.73,2,214.77,3,214.78,1,214.79,1,214.8,1
2020-10-29 09:35:35,214.325,214.27,1,214.25,1,214.4,2,214.4,214.25,214.25,1,214.23,1,,,,,,,,,,,,,,,,,214.4,2,214.58,2,214.62,1,214.69,1,214.72,4,214.73,2,214.77,3,214.78,1,214.79,1,214.8,1
2020-10-29 09:35:36,214.325,214.27,1,214.25,1,214.4,2,214.4,214.25,214.25,1,214.23,1,,,,,,,,,,,,,,,,,214.4,2,214.58,2,214.62,1,214.69,1,214.72,4,214.73,2,214.77,3,214.78,1,214.79,1,214.8,1
2020-10-29 09:35:37,214.325,214.25,1,214.25,1,214.4,3,214.4,214.25,214.25,1,214.17,1,214.11,2,,,,,,,,,,,,,,,214.4,3,214.58,2,214.62,1,214.69,1,214.72,4,214.73,2,214.77,3,214.78,1,214.79,1,214.8,1
2020-10-29 09:35:38,214.39,214.39,1,214.25,4,214.53,1,214.53,214.25,214.25,4,214.17,1,214.11,2,,,,,,,,,,,,,,,214.53,1,214.58,2,214.62,1,214.69,1,214.72,4,214.73,2,214.77,3,214.78,1,214.79,1,214.8,1
2020-10-29 09:35:39,214.39,214.39,1,214.25,6,214.53,3,214.53,214.25,214.25,6,214.17,1,214.11,2,,,,,,,,,,,,,,,214.53,3,214.58,2,214.62,1,214.69,1,214.72,4,214.73,2,214.77,3,214.78,1,214.79,1,214.8,1
2020-10-29 09:35:40,214.08,214.13,1,214.01,2,214.15,4,214.15,214.01,214.01,2,214.0,15,,,,,,,,,,,,,,,,,214.15,4,214.22,2,214.3,3,214.34,1,214.44,1,214.49,1,214.53,3,214.58,2,214.62,1,214.69,1
2020-10-29 09:35:41,214.075,214.13,1,214.0,15,214.15,8,214.15,214.0,214.0,15,,,,,,,,,,,,,,,,,,,214.15,8,214.22,1,214.3,2,214.34,1,214.44,1,214.49,1,214.53,3,214.58,2,214.62,1,214.69,1
2020-10-29 09:35:42,214.075,214.13,1,214.0,15,214.15,8,214.15,214.0,214.0,15,,,,,,,,,,,,,,,,,,,214.15,8,214.22,1,214.3,2,214.34,1,214.44,1,214.49,1,214.53,3,214.58,2,214.62,1,214.69,1
2020-10-29 09:35:43,214.07,214.13,1,214.01,1,214.13,1,214.13,214.01,214.01,1,214.0,15,,,,,,,,,,,,,,,,,214.13,1,214.15,8,214.22,1,214.3,2,214.34,1,214.44,1,214.49,1,214.53,3,214.58,2,214.62,1
2020-10-29 09:35:44,213.99,213.99,1,213.91,3,214.07,1,214.07,213.91,213.91,3,213.8,2,,,,,,,,,,,,,,,,,214.07,1,214.13,2,214.15,8,214.22,1,214.3,2,214.34,1,214.44,1,214.49,1,214.53,3,214.58,2
2020-10-29 09:35:45,213.99,214.02,1,213.91,3,214.07,1,214.07,213.91,213.91,3,213.8,2,,,,,,,,,,,,,,,,,214.07,1,214.13,2,214.15,8,214.22,1,214.3,2,214.34,1,214.44,1,214.49,1,214.53,3,214.58,2
2020-10-29 09:35:46,214.025,214.02,1,213.92,4,214.13,5,214.13,213.92,213.92,4,213.91,3,213.8,2,,,,,,,,,,,,,,,214.13,5,214.15,8,214.22,1,214.3,2,214.34,1,214.44,1,214.49,1,214.53,3,214.58,2,214.62,1
2020-10-29 09:35:47,214.025,214.02,1,213.92,4,214.13,5,214.13,213.92,213.92,4,213.91,3,213.8,2,,,,,,,,,,,,,,,214.13,5,214.15,8,214.22,1,214.3,2,214.34,1,214.44,1,214.49,1,214.53,3,214.58,2,214.62,1
2020-10-29 09:35:48,214.025,214.02,1,213.92,4,214.13,5,214.13,213.92,213.92,4,213.91,3,213.8,2,,,,,,,,,,,,,,,214.13,5,214.15,8,214.22,1,214.3,2,214.34,1,214.44,1,214.49,1,214.53,3,214.58,2,214.62,1
2020-10-29 09:35:49,213.975,213.92,1,213.92,1,214.03,1,214.03,213.92,213.92,1,213.85,1,213.8,2,,,,,,,,,,,,,,,214.03,1,214.08,5,214.13,6,214.15,8,214.22,1,214.3,2,214.34,1,214.44,1,214.49,1,214.53,3
2020-10-29 09:35:50,213.875,213.78,1,213.76,3,213.99,1,213.99,213.76,213.76,3,213.75,4,,,,,,,,,,,,,,,,,213.99,1,214.0,2,214.08,2,214.12,6,214.13,6,214.15,8,214.22,1,214.3,2,214.34,1,214.44,1
2020-10-29 09:35:51,213.875,213.78,1,213.76,3,213.99,1,213.99,213.76,213.76,3,213.75,4,,,,,,,,,,,,,,,,,213.99,1,214.01,1,214.02,1,214.03,1,214.08,2,214.12,6,214.13,6,214.15,8,214.22,1,214.3,2
2020-10-29 09:35:52,213.845,213.78,1,213.76,4,213.93,1,213.93,213.76,213.76,4,213.75,4,,,,,,,,,,,,,,,,,213.93,1,213.99,1,214.01,1,214.02,1,214.03,1,214.08,2,214.12,6,214.13,6,214.15,8,214.22,1
2020-10-29 09:35:53,213.905,213.78,1,213.76,4,214.05,2,214.05,213.76,213.76,4,213.75,4,,,,,,,,,,,,,,,,,214.05,2,214.08,2,214.12,6,214.13,6,214.15,8,214.22,1,214.3,2,214.34,1,214.44,1,214.49,1
2020-10-29 09:35:54,213.875,213.77,1,213.78,1,213.97,1,213.97,213.78,213.78,1,213.77,1,213.76,4,213.75,4,,,,,,,,,,,,,213.97,1,214.05,5,214.08,2,214.12,6,214.13,6,214.15,8,214.22,1,214.3,2,214.34,1,214.44,1
2020-10-29 09:35:55,213.855,213.87,1,213.76,4,213.95,1,213.95,213.76,213.76,4,213.75,4,,,,,,,,,,,,,,,,,213.95,1,213.96,1,213.97,3,214.05,5,214.08,2,214.12,6,214.13,6,214.15,8,214.22,1,214.3,2
2020-10-29 09:35:56,213.78,213.71,1,213.68,3,213.88,1,213.88,213.68,213.68,3,213.67,1,213.65,1,,,,,,,,,,,,,,,213.88,1,213.89,1,213.91,1,213.94,1,213.95,4,213.96,1,213.97,3,214.05,5,214.08,2,214.12,6
2020-10-29 09:35:57,213.765,213.71,1,213.68,3,213.85,2,213.85,213.68,213.68,3,213.67,1,213.65,1,,,,,,,,,,,,,,,213.85,2,213.91,2,213.94,1,213.95,4,213.96,1,213.97,3,214.05,5,214.08,2,214.12,6,214.13,6
2020-10-29 09:35:58,213.78,213.71,1,213.71,1,213.85,2,213.85,213.71,213.71,1,213.68,3,213.67,1,213.65,1,,,,,,,,,,,,,213.85,2,213.91,2,213.94,1,213.95,4,213.96,1,213.97,3,214.05,5,214.08,2,214.12,6,214.13,6
2020-10-29 09:35:59,213.775,213.71,1,213.7,2,213.85,2,213.85,213.7,213.7,2,213.68,3,213.67,1,213.65,1,,,,,,,,,,,,,213.85,2,213.91,2,213.94,1,213.95,4,213.96,1,213.97,3,214.05,5,214.08,2,214.12,6,214.13,6
2020-10-29 09:36:00,213.795,213.74,1,213.74,1,213.85,3,213.85,213.74,213.74,1,213.7,2,213.68,3,213.67,1,213.65,1,,,,,,,,,,,213.85,3,213.91,2,213.94,1,213.95,4,213.96,1,213.97,3,214.05,5,214.08,2,214.12,6,214.13,6
2020-10-29 09:36:01,213.75,213.75,1,213.71,1,213.79,2,213.79,213.71,213.71,1,213.7,2,213.68,3,213.67,1,213.65,1,,,,,,,,,,,213.79,2,213.84,3,213.85,1,213.88,1,213.95,4,213.96,1,213.97,3,214.05,5,214.08,2,214.12,6
2020-10-29 09:36:02,213.695,213.7,1,213.64,1,213.75,1,213.75,213.64,213.64,1,213.63,1,,,,,,,,,,,,,,,,,213.75,1,213.79,3,213.84,3,213.85,1,213.88,1,213.95,4,213.96,1,213.97,3,214.05,5,214.08,2
2020-10-29 09:36:03,213.865,213.73,1,213.76,3,213.97,1,213.97,213.76,213.76,3,213.75,1,213.65,2,213.64,3,213.63,1,,,,,,,,,,,213.97,1,214.06,1,214.08,2,214.12,6,214.13,6,214.15,8,214.22,1,214.3,2,214.34,1,214.44,1
2020-10-29 09:36:04,213.865,213.73,1,213.76,5,213.97,2,213.97,213.76,213.76,5,213.75,1,213.65,2,213.64,3,213.63,1,,,,,,,,,,,213.97,2,214.06,1,214.08,2,214.12,6,214.13,6,214.15,8,214.22,1,214.3,2,214.34,1,214.44,1
2020-10-29 09:36:05,213.855,213.76,1,213.76,1,213.95,3,213.95,213.76,213.76,1,213.7,1,213.69,1,213.65,2,213.64,3,213.63,1,,,,,,,,,213.95,3,213.96,1,213.97,4,214.06,1,214.08,2,214.12,6,214.13,6,214.15,8,214.22,1,214.3,2
2020-10-29 09:36:06,213.775,213.69,1,213.63,1,213.92,3,213.92,213.63,213.63,1,,,,,,,,,,,,,,,,,,,213.92,3,213.93,2,213.94,1,213.95,3,213.96,1,213.97,4,214.06,1,214.08,2,214.12,6,214.13,6
2020-10-29 09:36:08,213.78,213.64,1,213.64,4,213.92,6,213.92,213.64,213.64,4,213.63,1,213.6,2,,,,,,,,,,,,,,,213.92,6,213.93,2,213.94,1,213.95,3,213.96,1,213.97,4,214.06,1,214.08,2,214.12,6,214.13,6
2020-10-29 09:36:09,213.79,213.64,1,213.65,2,213.93,1,213.93,213.65,213.65,2,213.64,4,213.63,1,213.6,2,,,,,,,,,,,,,213.93,1,213.96,1,213.97,6,214.06,1,214.08,2,214.12,6,214.13,6,214.15,8,214.22,1,214.3,2
2020-10-29 09:36:10,213.82,213.64,1,213.67,3,213.97,8,213.97,213.67,213.67,3,213.66,5,213.65,4,213.64,4,213.63,1,213.6,2,,,,,,,,,213.97,8,214.06,1,214.08,2,214.12,6,214.13,6,214.15,8,214.22,1,214.3,2,214.34,1,214.44,1
2020-10-29 09:36:11,213.82,213.64,1,213.67,4,213.97,8,213.97,213.67,213.67,4,213.66,5,213.65,4,213.64,4,213.63,1,213.6,2,,,,,,,,,213.97,8,214.06,1,214.08,2,214.12,6,214.13,6,214.15,8,214.22,1,214.3,2,214.34,1,214.44,1
2020-10-29 09:36:12,213.82,213.64,1,213.67,4,213.97,8,213.97,213.67,213.67,4,213.66,5,213.65,4,213.64,4,213.63,1,213.6,2,,,,,,,,,213.97,8,214.06,1,214.08,2,214.12,6,214.13,6,214.15,8,214.22,1,214.3,2,214.34,1,214.44,1
2020-10-29 09:36:13,213.82,213.64,1,213.67,4,213.97,8,213.97,213.67,213.67,4,213.66,5,213.65,4,213.64,4,213.63,1,213.6,2,,,,,,,,,213.97,8,214.06,1,214.08,2,214.12,6,214.13,6,214.15,8,214.22,1,214.3,2,214.34,1,214.44,1
2020-10-29 09:36:14,213.815,213.64,1,213.67,7,213.96,2,213.96,213.67,213.67,7,213.66,5,213.65,4,213.64,4,213.63,1,213.6,2,,,,,,,,,213.96,2,213.97,8,214.06,1,214.08,2,214.12,6,214.13,6,214.15,8,214.22,1,214.3,2,214.34,1
2020-10-29 09:36:15,213.82,213.64,1,213.68,3,213.96,2,213.96,213.68,213.68,3,213.67,7,213.66,5,213.65,4,213.64,4,213.63,1,213.6,2,,,,,,,213.96,2,213.97,8,214.06,1,214.08,2,214.12,6,214.13,6,214.15,8,214.22,1,214.3,2,214.34,1
2020-10-29 09:36:16,213.825,213.64,1,213.69,3,213.96,2,213.96,213.69,213.69,3,213.68,3,213.67,7,213.66,5,213.65,4,213.64,4,213.63,1,213.6,2,,,,,213.96,2,213.97,8,214.06,1,214.08,2,214.12,6,214.13,6,214.15,8,214.22,1,214.3,2,214.34,1
2020-10-29 09:36:17,213.825,213.64,1,213.69,3,213.96,2,213.96,213.69,213.69,3,213.68,3,213.67,7,213.66,5,213.65,4,213.64,4,213.63,1,213.6,2,,,,,213.96,2,213.97,8,214.06,1,214.08,2,214.12,6,214.13,6,214.15,8,214.22,1,214.3,2,214.34,1
2020-10-29 09:36:18,213.825,213.64,1,213.69,3,213.96,2,213.96,213.69,213.69,3,213.68,3,213.67,7,213.66,5,213.65,4,213.64,4,213.63,1,213.6,2,,,,,213.96,2,213.97,8,214.06,1,214.08,2,214.12,6,214.13,6,214.15,8,214.22,1,214.3,2,214.34,1
2020-10-29 09:36:19,213.825,213.69,1,213.69,3,213.96,2,213.96,213.69,213.69,3,213.68,3,213.67,7,213.66,5,213.65,4,213.64,4,213.63,1,213.6,2,,,,,213.96,2,213.97,8,214.06,1,214.08,2,214.12,6,214.13,6,214.15,8,214.22,1,214.3,2,214.34,1
2020-10-29 09:36:20,213.825,213.69,1,213.69,2,213.96,4,213.96,213.69,213.69,2,213.68,3,213.67,7,213.66,5,213.65,4,213.64,4,213.63,1,213.6,2,,,,,213.96,4,213.97,8,214.06,1,214.08,2,214.12,6,214.13,6,214.15,8,214.22,1,214.3,2,214.34,1
2020-10-29 09:36:21,213.69,213.67,1,213.6,2,213.78,6,213.78,213.6,213.6,2,,,,,,,,,,,,,,,,,,,213.78,6,213.79,1,213.82,1,213.91,5,213.95,2,213.96,4,213.97,8,214.06,1,214.08,2,214.12,6
2020-10-29 09:36:22,213.785,213.93,1,213.63,4,213.94,4,213.94,213.63,213.63,4,213.6,2,,,,,,,,,,,,,,,,,213.94,4,213.95,1,213.96,4,213.97,8,214.06,1,214.08,2,214.12,6,214.13,6,214.15,8,214.22,1
2020-10-29 09:36:23,213.79,213.93,1,213.64,3,213.94,4,213.94,213.64,213.64,3,213.63,4,213.6,2,,,,,,,,,,,,,,,213.94,4,213.95,1,213.96,4,213.97,8,214.06,1,214.08,2,214.12,6,214.13,6,214.15,8,214.22,1
2020-10-29 09:36:24,213.795,213.93,1,213.65,1,213.94,4,213.94,213.65,213.65,1,213.64,2,213.63,4,213.6,2,,,,,,,,,,,,,213.94,4,213.95,1,213.96,4,213.97,8,214.06,1,214.08,2,214.12,6,214.13,6,214.15,8,214.22,1
2020-10-29 09:36:25,213.795,213.93,1,213.65,2,213.94,4,213.94,213.65,213.65,2,213.64,2,213.63,4,213.6,2,,,,,,,,,,,,,213.94,4,213.95,1,213.96,4,213.97,8,214.06,1,214.08,2,214.12,6,214.13,6,214.15,8,214.22,1
2020-10-29 09:36:26,213.795,213.93,1,213.66,1,213.93,2,213.93,213.66,213.66,1,213.65,3,213.64,2,213.63,4,213.6,2,,,,,,,,,,,213.93,2,213.94,5,213.95,1,213.96,4,213.97,8,214.06,1,214.08,2,214.12,6,214.13,6,214.15,8
2020-10-29 09:36:27,213.795,213.93,1,213.66,1,213.93,2,213.93,213.66,213.66,1,213.65,3,213.64,2,213.63,4,213.6,2,,,,,,,,,,,213.93,2,213.94,5,213.95,1,213.96,4,213.97,8,214.06,1,214.08,2,214.12,6,214.13,6,214.15,8
2020-10-29 09:36:28,213.795,213.93,1,213.66,1,213.93,2,213.93,213.66,213.66,1,213.65,3,213.64,2,213.63,4,213.6,2,,,,,,,,,,,213.93,2,213.94,5,213.95,1,213.96,4,213.97,8,214.06,1,214.08,2,214.12,6,214.13,6,214.15,8
2020-10-29 09:36:29,213.97,213.95,1,213.85,1,214.09,3,214.09,213.85,213.85,1,213.84,2,213.83,1,213.78,1,213.74,1,213.73,2,213.66,1,213.65,3,213.64,2,213.63,4,214.09,3,214.12,6,214.13,6,214.15,8,214.22,1,214.3,2,214.34,1,214.44,1,214.49,1,214.53,3
2020-10-29 09:36:30,213.97,213.95,1,213.85,1,214.09,3,214.09,213.85,213.85,1,213.84,2,213.83,1,213.78,1,213.74,1,213.73,2,213.66,1,213.65,3,213.64,2,213.63,4,214.09,3,214.12,6,214.13,6,214.15,8,214.22,1,214.3,2,214.34,1,214.44,1,214.49,1,214.53,3
2020-10-29 09:36:31,213.945,213.95,1,213.85,3,214.04,2,214.04,213.85,213.85,3,213.84,2,213.83,1,213.78,1,213.74,1,213.73,2,213.66,1,213.65,3,213.64,2,213.63,4,214.04,2,214.05,2,214.09,2,214.12,6,214.13,6,214.15,8,214.22,1,214.3,2,214.34,1,214.44,1
2020-10-29 09:36:32,213.965,213.95,1,213.85,5,214.08,2,214.08,213.85,213.85,5,213.84,2,213.83,1,213.78,1,213.74,1,213.73,2,213.66,1,213.65,3,213.64,2,213.63,4,214.08,2,214.09,2,214.12,6,214.13,6,214.15,8,214.22,1,214.3,2,214.34,1,214.44,1,214.49,1
2020-10-29 09:36:33,213.97,213.95,1,213.86,1,214.08,2,214.08,213.86,213.86,1,213.85,5,213.84,2,213.83,1,213.78,1,213.74,1,213.73,2,213.66,1,213.65,3,213.64,2,214.08,2,214.09,2,214.12,6,214.13,6,214.15,8,214.22,1,214.3,2,214.34,1,214.44,1,214.49,1
2020-10-29 09:36:34,213.985,213.99,1,213.86,1,214.11,1,214.11,213.86,213.86,1,213.85,5,213.84,2,213.83,1,213.78,1,213.74,1,213.73,2,213.66,1,213.65,3,213.64,2,214.11,1,214.12,2,214.13,7,214.15,8,214.22,1,214.3,2,214.34,1,214.44,1,214.49,1,214.53,3
2020-10-29 09:36:35,214.0,213.92,2,213.89,1,214.11,2,214.11,213.89,213.89,1,213.86,1,213.85,5,213.84,2,213.83,1,213.78,1,213.74,1,213.73,2,213.66,1,213.65,3,214.11,2,214.12,2,214.13,7,214.15,8,214.22,1,214.3,2,214.34,1,214.44,1,214.49,1,214.53,3
2020-10-29 09:36:36,214.005,213.92,2,213.9,1,214.11,2,214.11,213.9,213.9,1,213.89,1,213.86,1,213.85,5,213.84,2,213.83,1,213.78,1,213.74,1,213.73,2,213.66,1,214.11,2,214.12,2,214.13,7,214.15,8,214.22,1,214.3,2,214.34,1,214.44,1,214.49,1,214.53,3
2020-10-29 09:36:37,214.0,213.92,2,213.9,2,214.1,2,214.1,213.9,213.9,2,213.89,1,213.86,1,213.85,5,213.84,2,213.83,1,213.78,1,213.74,1,213.73,2,213.66,1,214.1,2,214.11,5,214.12,2,214.13,7,214.15,8,214.22,1,214.3,2,214.34,1,214.44,1,214.49,1
2020-10-29 09:36:38,214.0,213.92,2,213.9,2,214.1,2,214.1,213.9,213.9,2,213.89,1,213.86,1,213.85,5,213.84,2,213.83,1,213.78,1,213.74,1,213.73,2,213.66,1,214.1,2,214.11,5,214.12,2,214.13,7,214.15,8,214.22,1,214.3,2,214.34,1,214.44,1,214.49,1
2020-10-29 09:36:39,214.0,213.92,2,213.9,2,214.1,2,214.1,213.9,213.9,2,213.89,1,213.86,1,213.85,5,213.84,2,213.83,1,213.78,1,213.74,1,213.73,2,213.66,1,214.1,2,214.11,5,214.12,2,214.13,7,214.15,8,214.22,1,214.3,2,214.34,1,214.44,1,214.49,1
2020-10-29 09:36:40,214.005,213.92,2,213.91,1,214.1,3,214.1,213.91,213.91,1,213.9,2,213.89,1,213.86,1,213.85,5,213.84,2,213.83,1,213.78,1,213.74,1,213.73,2,214.1,3,214.11,4,214.12,2,214.13,7,214.15,8,214.22,1,214.3,2,214.34,1,214.44,1,214.49,1
2020-10-29 09:36:41,213.945,213.91,1,213.86,3,214.03,3,214.03,213.86,213.86,3,213.85,5,213.84,2,213.83,1,213.78,1,213.74,1,213.73,2,213.66,1,213.65,3,213.64,2,214.03,3,214.09,1,214.1,3,214.11,4,214.12,2,214.13,7,214.15,8,214.22,1,214.3,2,214.34,1
2020-10-29 09:36:42,213.945,213.91,1,213.86,3,214.03,3,214.03,213.86,213.86,3,213.85,5,213.84,2,213.83,1,213.78,1,213.74,1,213.73,2,213.66,1,213.65,3,213.64,2,214.03,3,214.09,1,214.1,3,214.11,4,214.12,2,214.13,7,214.15,8,214.22,1,214.3,2,214.34,1
2020-10-29 09:36:43,213.945,213.91,1,213.86,3,214.03,3,214.03,213.86,213.86,3,213.85,5,213.84,2,213.83,1,213.78,1,213.74,1,213.73,2,213.66,1,213.65,3,213.64,2,214.03,3,214.09,1,214.1,3,214.11,4,214.12,2,214.13,7,214.15,8,214.22,1,214.3,2,214.34,1
2020-10-29 09:36:44,213.98,213.91,1,213.86,4,214.1,2,214.1,213.86,213.86,4,213.85,5,213.84,2,213.83,1,213.78,1,213.74,1,213.73,2,213.66,1,213.65,3,213.64,2,214.1,2,214.11,4,214.12,2,214.13,7,214.15,8,214.22,1,214.3,2,214.34,1,214.44,1,214.49,1
2020-10-29 09:36:45,213.98,213.91,1,213.86,4,214.1,2,214.1,213.86,213.86,4,213.85,5,213.84,2,213.83,1,213.78,1,213.74,1,213.73,2,213.66,1,213.65,3,213.64,2,214.1,2,214.11,4,214.12,2,214.13,7,214.15,8,214.22,1,214.3,2,214.34,1,214.44,1,214.49,1
2020-10-29 09:36:46,213.985,213.91,1,213.87,2,214.1,1,214.1,213.87,213.87,2,213.86,5,213.85,5,213.84,2,213.83,1,213.78,1,213.74,1,213.73,2,213.66,1,213.65,3,214.1,1,214.11,2,214.12,2,214.13,7,214.15,8,214.22,1,214.3,2,214.34,1,214.44,1,214.49,1
2020-10-29 09:36:47,213.97,214.04,1,213.88,2,214.06,1,214.06,213.88,213.88,2,213.87,2,213.86,5,213.85,5,213.84,2,213.83,1,213.78,1,213.74,1,213.73,2,213.66,1,214.06,1,214.1,2,214.11,2,214.12,2,214.13,7,214.15,8,214.22,1,214.3,2,214.34,1,214.44,1
2020-10-29 09:36:48,213.99,214.04,1,213.88,4,214.1,5,214.1,213.88,213.88,4,213.87,2,213.86,5,213.85,5,213.84,2,213.83,1,213.78,1,213.74,1,213.73,2,213.66,1,214.1,5,214.11,2,214.12,2,214.13,7,214.15,8,214.22,1,214.3,2,214.34,1,214.44,1,214.49,1
2020-10-29 09:36:49,213.995,214.04,1,213.89,1,214.1,5,214.1,213.89,213.89,1,213.88,4,213.87,2,213.86,5,213.85,5,213.84,2,213.83,1,213.78,1,213.74,1,213.73,2,214.1,5,214.11,2,214.12,2,214.13,7,214.15,8,214.22,1,214.3,2,214.34,1,214.44,1,214.49,1
2020-10-29 09:36:50,213.995,214.04,1,213.89,4,214.1,5,214.1,213.89,213.89,4,213.88,4,213.87,2,213.86,5,213.85,5,213.84,2,213.83,1,213.78,1,213.74,1,213.73,2,214.1,5,214.11,2,214.12,2,214.13,7,214.15,8,214.22,1,214.3,2,214.34,1,214.44,1,214.49,1
2020-10-29 09:36:51,213.995,214.04,1,213.89,4,214.1,5,214.1,213.89,213.89,4,213.88,4,213.87,2,213.86,5,213.85,5,213.84,2,213.83,1,213.78,1,213.74,1,213.73,2,214.1,5,214.11,2,214.12,2,214.13,7,214.15,8,214.22,1,214.3,2,214.34,1,214.44,1,214.49,1
2020-10-29 09:36:52,213.99,214.04,1,213.89,4,214.09,2,214.09,213.89,213.89,4,213.88,4,213.87,2,213.86,5,213.85,5,213.84,2,213.83,1,213.78,1,213.74,1,213.73,2,214.09,2,214.1,9,214.11,2,214.12,2,214.13,7,214.15,8,214.22,1,214.3,2,214.34,1,214.44,1
2020-10-29 09:36:53,214.015,214.04,1,213.94,1,214.09,2,214.09,213.94,213.94,1,213.89,4,213.88,4,213.87,2,213.86,5,213.85,5,213.84,2,213.83,1,213.78,1,213.74,1,214.09,2,214.1,9,214.11,2,214.12,2,214.13,7,214.15,8,214.22,1,214.3,2,214.34,1,214.44,1
2020-10-29 09:36:54,214.015,214.04,1,213.94,1,214.09,2,214.09,213.94,213.94,1,213.89,4,213.88,4,213.87,2,213.86,5,213.85,5,213.84,2,213.83,1,213.78,1,213.74,1,214.09,2,214.1,9,214.11,2,214.12,2,214.13,7,214.15,8,214.22,1,214.3,2,214.34,1,214.44,1
2020-10-29 09:36:55,214.05,214.01,1,214.01,1,214.09,1,214.09,214.01,214.01,1,213.95,1,213.92,2,213.89,4,213.88,4,213.87,2,213.86,5,213.85,5,213.84,2,213.83,1,214.09,1,214.1,9,214.11,2,214.12,2,214.13,7,214.15,8,214.22,1,214.3,2,214.34,1,214.44,1
2020-10-29 09:36:56,214.02,214.01,1,213.95,1,214.09,2,214.09,213.95,213.95,1,213.92,2,213.89,4,213.88,4,213.87,2,213.86,5,213.85,5,213.84,2,213.83,1,213.78,1,214.09,2,214.1,9,214.11,2,214.12,2,214.13,7,214.15,8,214.22,1,214.3,2,214.34,1,214.44,1
2020-10-29 09:36:57,214.025,214.01,1,213.95,2,214.1,9,214.1,213.95,213.95,2,213.92,2,213.89,4,213.88,4,213.87,2,213.86,5,213.85,5,213.84,2,213.83,1,213.78,1,214.1,9,214.11,2,214.12,2,214.13,7,214.15,8,214.22,1,214.3,2,214.34,1,214.44,1,214.49,1
2020-10-29 09:36:58,214.025,214.02,1,213.95,3,214.1,9,214.1,213.95,213.95,3,213.92,2,213.89,4,213.88,4,213.87,2,213.86,5,213.85,5,213.84,2,213.83,1,213.78,1,214.1,9,214.11,2,214.12,2,214.13,7,214.15,8,214.22,1,214.3,2,214.34,1,214.44,1,214.49,1
2020-10-29 09:36:59,214.065,214.1,1,214.01,1,214.12,3,214.12,214.01,214.01,1,213.95,3,213.92,2,213.89,4,213.88,4,213.87,2,213.86,5,213.85,5,213.84,2,213.83,1,214.12,3,214.13,7,214.15,8,214.22,1,214.3,2,214.34,1,214.44,1,214.49,1,214.53,3,214.58,2
2020-10-29 09:37:00,214.08,214.12,2,214.02,1,214.14,1,214.14,214.02,214.02,1,214.01,9,213.95,3,213.92,2,213.89,4,213.88,4,213.87,2,213.86,5,213.85,5,213.84,2,214.14,1,214.15,8,214.23,2,214.29,5,214.3,2,214.34,1,214.44,1,214.49,1,214.53,3,214.58,2
2020-10-29 09:37:01,214.125,214.15,80,214.02,1,214.23,3,214.23,214.02,214.02,1,214.01,9,213.95,3,213.92,2,213.89,4,213.88,4,213.87,2,213.86,5,213.85,5,213.84,2,214.23,3,214.29,5,214.3,2,214.34,1,214.44,1,214.49,1,214.53,3,214.58,2,214.62,1,214.69,1
2020-10-29 09:37:02,214.26,214.38,1,214.13,1,214.39,3,214.39,214.13,214.13,1,214.07,2,214.03,1,214.02,1,214.01,9,213.95,3,213.92,2,213.89,4,213.88,4,213.87,2,214.39,3,214.44,1,214.49,1,214.53,3,214.58,2,214.62,1,214.69,1,214.72,4,214.73,2,214.77,3
2020-10-29 09:37:03,214.26,214.38,1,214.13,5,214.39,4,214.39,214.13,214.13,5,214.07,2,214.03,1,214.02,1,214.01,9,213.95,3,213.92,2,213.89,4,213.88,4,213.87,2,214.39,4,214.44,1,214.49,1,214.53,3,214.58,2,214.62,1,214.69,1,214.72,4,214.73,2,214.77,3
2020-10-29 09:37:04,214.29,214.38,1,214.19,5,214.39,4,214.39,214.19,214.19,5,214.16,1,214.13,7,214.07,2,214.03,1,214.02,1,214.01,9,213.95,3,213.92,2,213.89,4,214.39,4,214.44,1,214.49,1,214.53,3,214.58,2,214.62,1,214.69,1,214.72,4,214.73,2,214.77,3
2020-10-29 09:37:05,214.29,214.38,1,214.19,5,214.39,4,214.39,214.19,214.19,5,214.16,1,214.13,7,214.07,2,214.03,1,214.02,1,214.01,9,213.95,3,213.92,2,213.89,4,214.39,4,214.44,1,214.49,1,214.53,3,214.58,2,214.62,1,214.69,1,214.72,4,214.73,2,214.77,3
2020-10-29 09:37:06,214.305,214.38,1,214.22,3,214.39,5,214.39,214.22,214.22,3,214.19,5,214.16,1,214.13,7,214.07,2,214.03,1,214.02,1,214.01,9,213.95,3,213.92,2,214.39,5,214.44,1,214.49,1,214.53,3,214.58,2,214.62,1,214.69,1,214.72,4,214.73,2,214.77,3
2020-10-29 09:37:07,214.285,214.3,4,214.22,3,214.35,1,214.35,214.22,214.22,3,214.19,5,214.16,1,214.13,7,214.07,2,214.03,1,214.02,1,214.01,9,213.95,3,213.92,2,214.35,1,214.38,2,214.39,5,214.44,1,214.49,1,214.53,3,214.58,2,214.62,1,214.69,1,214.72,4
2020-10-29 09:37:08,214.285,214.3,4,214.22,3,214.35,1,214.35,214.22,214.22,3,214.19,5,214.16,1,214.13,7,214.07,2,214.03,1,214.02,1,214.01,9,213.95,3,213.92,2,214.35,1,214.38,2,214.39,5,214.44,1,214.49,1,214.53,3,214.58,2,214.62,1,214.69,1,214.72,4
2020-10-29 09:37:09,214.305,214.3,4,214.26,2,214.35,1,214.35,214.26,214.26,2,214.19,6,214.16,1,214.13,7,214.07,2,214.03,1,214.02,1,214.01,9,213.95,3,213.92,2,214.35,1,214.38,2,214.39,5,214.44,1,214.49,1,214.53,3,214.58,2,214.62,1,214.69,1,214.72,4
2020-10-29 09:37:10,214.285,214.28,1,214.19,6,214.38,6,214.38,214.19,214.19,6,214.16,1,214.13,7,214.07,2,214.03,1,214.02,1,214.01,9,213.95,3,213.92,2,213.89,4,214.38,6,214.39,4,214.44,1,214.49,1,214.53,3,214.58,2,214.62,1,214.69,1,214.72,4,214.73,2
2020-10-29 09:37:11,214.29,214.28,1,214.19,7,214.39,4,214.39,214.19,214.19,7,214.16,1,214.13,7,214.07,2,214.03,1,214.02,1,214.01,9,213.95,3,213.92,2,213.89,4,214.39,4,214.44,1,214.49,1,214.53,3,214.58,2,214.62,1,214.69,1,214.72,4,214.73,2,214.77,3
2020-10-29 09:37:12,214.29,214.28,1,214.19,7,214.39,4,214.39,214.19,214.19,7,214.16,1,214.13,7,214.07,2,214.03,1,214.02,1,214.01,9,213.95,3,213.92,2,213.89,4,214.39,4,214.44,1,214.49,1,214.53,3,214.58,2,214.62,1,214.69,1,214.72,4,214.73,2,214.77,3
2020-10-29 09:37:13,214.29,214.28,1,214.19,7,214.39,4,214.39,214.19,214.19,7,214.16,1,214.13,7,214.07,2,214.03,1,214.02,1,214.01,9,213.95,3,213.92,2,213.89,4,214.39,4,214.44,1,214.49,1,214.53,3,214.58,2,214.62,1,214.69,1,214.72,4,214.73,2,214.77,3
2020-10-29 09:37:14,214.29,214.28,1,214.19,4,214.39,4,214.39,214.19,214.19,4,214.16,1,214.13,7,214.07,2,214.03,1,214.02,1,214.01,9,213.95,3,213.92,2,213.89,4,214.39,4,214.44,1,214.49,1,214.53,3,214.58,2,214.62,1,214.69,1,214.72,4,214.73,2,214.77,3
2020-10-29 09:37:15,214.29,214.23,5,214.19,4,214.39,4,214.39,214.19,214.19,4,214.16,1,214.13,7,214.07,2,214.03,1,214.02,1,214.01,9,213.95,3,213.92,2,213.89,4,214.39,4,214.44,1,214.49,1,214.53,3,214.58,2,214.62,1,214.69,1,214.72,4,214.73,2,214.77,3
2020-10-29 09:37:16,214.275,214.19,1,214.19,4,214.36,1,214.36,214.19,214.19,4,214.16,1,214.13,7,214.07,2,214.03,1,214.02,1,214.01,9,213.95,3,213.92,2,213.89,4,214.36,1,214.39,4,214.44,1,214.49,1,214.53,3,214.58,2,214.62,1,214.69,1,214.72,4,214.73,2
2020-10-29 09:37:17,214.28,214.23,1,214.19,5,214.37,2,214.37,214.19,214.19,5,214.16,1,214.13,7,214.07,2,214.03,1,214.02,1,214.01,9,213.95,3,213.92,2,213.89,4,214.37,2,214.39,4,214.44,1,214.49,1,214.53,3,214.58,2,214.62,1,214.69,1,214.72,4,214.73,2
2020-10-29 09:37:18,214.28,214.23,1,214.19,5,214.37,2,214.37,214.19,214.19,5,214.16,1,214.13,7,214.07,2,214.03,1,214.02,1,214.01,9,213.95,3,213.92,2,213.89,4,214.37,2,214.39,4,214.44,1,214.49,1,214.53,3,214.58,2,214.62,1,214.69,1,214.72,4,214.73,2
2020-10-29 09:37:19,214.295,214.23,1,214.22,1,214.37,2,214.37,214.22,214.22,1,214.19,4,214.16,1,214.13,7,214.07,2,214.03,1,214.02,1,214.01,9,213.95,3,213.92,2,214.37,2,214.39,4,214.44,1,214.49,1,214.53,3,214.58,2,214.62,1,214.69,1,214.72,4,214.73,2
2020-10-29 09:37:20,214.295,214.23,1,214.22,5,214.37,1,214.37,214.22,214.22,5,214.19,4,214.16,1,214.13,7,214.07,2,214.03,1,214.02,1,214.01,9,213.95,3,213.92,2,214.37,1,214.39,6,214.44,1,214.49,1,214.53,3,214.58,2,214.62,1,214.69,1,214.72,4,214.73,2
2020-10-29 09:37:21,214.295,214.23,1,214.22,5,214.37,1,214.37,214.22,214.22,5,214.19,4,214.16,1,214.13,7,214.07,2,214.03,1,214.02,1,214.01,9,213.95,3,213.92,2,214.37,1,214.39,7,214.44,1,214.49,1,214.53,3,214.58,2,214.62,1,214.69,1,214.72,4,214.73,2
2020-10-29 09:37:22,214.295,214.23,1,214.22,5,214.37,1,214.37,214.22,214.22,5,214.19,4,214.16,1,214.13,7,214.07,2,214.03,1,214.02,1,214.01,9,213.95,3,213.92,2,214.37,1,214.39,7,214.44,1,214.49,1,214.53,3,214.58,2,214.62,1,214.69,1,214.72,4,214.73,2
2020-10-29 09:37:23,214.265,214.31,1,214.19,4,214.34,2,214.34,214.19,214.19,4,214.16,1,214.13,7,214.07,2,214.03,1,214.02,1,214.01,9,213.95,3,213.92,2,213.89,4,214.34,2,214.35,1,214.36,3,214.37,2,214.39,7,214.44,1,214.49,1,214.53,3,214.58,2,214.62,1
2020-10-29 09:37:24,214.265,214.31,1,214.19,4,214.34,2,214.34,214.19,214.19,4,214.16,1,214.13,7,214.07,2,214.03,1,214.02,1,214.01,9,213.95,3,213.92,2,213.89,4,214.34,2,214.35,1,214.36,3,214.37,2,214.39,7,214.44,1,214.49,1,214.53,3,214.58,2,214.62,1
2020-10-29 09:37:25,214.265,214.34,1,214.19,4,214.34,2,214.34,214.19,214.19,4,214.16,1,214.13,7,214.07,2,214.03,1,214.02,1,214.01,9,213.95,3,213.92,2,213.89,4,214.34,2,214.35,1,214.36,3,214.37,2,214.39,7,214.44,1,214.49,1,214.53,3,214.58,2,214.62,1
2020-10-29 09:37:26,214.18,214.19,1,214.13,8,214.23,1,214.23,214.13,214.13,8,214.07,2,214.03,1,214.02,1,214.01,9,213.95,3,213.92,2,213.89,4,213.88,4,213.87,2,214.23,1,214.29,2,214.35,2,214.36,3,214.37,2,214.39,7,214.44,1,214.49,1,214.53,3,214.58,2
2020-10-29 09:37:27,214.18,214.17,1,214.13,8,214.23,1,214.23,214.13,214.13,8,214.07,2,214.03,1,214.02,1,214.01,9,213.95,3,213.92,2,213.89,4,213.88,4,213.87,2,214.23,1,214.29,2,214.35,2,214.36,3,214.37,2,214.39,7,214.44,1,214.49,1,214.53,3,214.58,2
2020-10-29 09:37:28,214.18,214.17,1,214.13,8,214.23,1,214.23,214.13,214.13,8,214.07,2,214.03,1,214.02,1,214.01,9,213.95,3,213.92,2,213.89,4,213.88,4,213.87,2,214.23,1,214.29,2,214.35,2,214.36,3,214.37,2,214.39,7,214.44,1,214.49,1,214.53,3,214.58,2
2020-10-29 09:37:29,214.18,214.17,1,214.13,8,214.23,1,214.23,214.13,214.13,8,214.07,2,214.03,1,214.02,1,214.01,9,213.95,3,213.92,2,213.89,4,213.88,4,213.87,2,214.23,1,214.29,2,214.35,2,214.36,3,214.37,2,214.39,7,214.44,1,214.49,1,214.53,3,214.58,2
2020-10-29 09:37:30,214.18,214.17,1,214.13,8,214.23,1,214.23,214.13,214.13,8,214.07,2,214.03,1,214.02,1,214.01,9,213.95,3,213.92,2,213.89,4,213.88,4,213.87,2,214.23,1,214.29,2,214.35,2,214.36,3,214.37,2,214.39,7,214.44,1,214.49,1,214.53,3,214.58,2
2020-10-29 09:37:31,214.18,214.17,1,214.13,8,214.23,1,214.23,214.13,214.13,8,214.07,2,214.03,1,214.02,1,214.01,9,213.95,3,213.92,2,213.89,4,213.88,4,213.87,2,214.23,1,214.29,2,214.35,2,214.36,3,214.37,2,214.39,7,214.44,1,214.49,1,214.53,3,214.58,2
2020-10-29 09:37:32,214.21,214.17,1,214.13,9,214.29,1,214.29,214.13,214.13,9,214.07,2,214.03,1,214.02,1,214.01,9,213.95,3,213.92,2,213.89,4,213.88,4,213.87,2,214.29,1,214.38,1,214.39,7,214.44,1,214.49,1,214.53,3,214.58,2,214.62,1,214.69,1,214.72,4
2020-10-29 09:37:33,214.21,214.17,1,214.13,9,214.29,1,214.29,214.13,214.13,9,214.07,2,214.03,1,214.02,1,214.01,9,213.95,3,213.92,2,213.89,4,213.88,4,213.87,2,214.29,1,214.38,1,214.39,7,214.44,1,214.49,1,214.53,3,214.58,2,214.62,1,214.69,1,214.72,4
2020-10-29 09:37:34,214.21,214.17,1,214.13,9,214.29,1,214.29,214.13,214.13,9,214.07,2,214.03,1,214.02,1,214.01,9,213.95,3,213.92,2,213.89,4,213.88,4,213.87,2,214.29,1,214.38,1,214.39,7,214.44,1,214.49,1,214.53,3,214.58,2,214.62,1,214.69,1,214.72,4
2020-10-29 09:37:35,214.21,214.17,1,214.13,9,214.29,1,214.29,214.13,214.13,9,214.07,2,214.03,1,214.02,1,214.01,9,213.95,3,213.92,2,213.89,4,213.88,4,213.87,2,214.29,1,214.38,1,214.39,7,214.44,1,214.49,1,214.53,3,214.58,2,214.62,1,214.69,1,214.72,4
2020-10-29 09:37:36,214.21,214.17,1,214.13,9,214.29,2,214.29,214.13,214.13,9,214.07,2,214.03,1,214.02,1,214.01,9,213.95,3,213.92,2,213.89,4,213.88,4,213.87,2,214.29,2,214.38,1,214.39,7,214.44,1,214.49,1,214.53,3,214.58,2,214.62,1,214.69,1,214.72,4
2020-10-29 09:37:37,214.21,214.17,1,214.13,9,214.29,2,214.29,214.13,214.13,9,214.07,2,214.03,1,214.02,1,214.01,9,213.95,3,213.92,2,213.89,4,213.88,4,213.87,2,214.29,2,214.38,1,214.39,7,214.44,1,214.49,1,214.53,3,214.58,2,214.62,1,214.69,1,214.72,4
2020-10-29 09:37:38,214.21,214.17,1,214.13,9,214.29,2,214.29,214.13,214.13,9,214.07,2,214.03,1,214.02,1,214.01,9,213.95,3,213.92,2,213.89,4,213.88,4,213.87,2,214.29,2,214.38,1,214.39,7,214.44,1,214.49,1,214.53,3,214.58,2,214.62,1,214.69,1,214.72,4
2020-10-29 09:37:39,214.21,214.17,1,214.13,9,214.29,2,214.29,214.13,214.13,9,214.07,2,214.03,1,214.02,1,214.01,9,213.95,3,213.92,2,213.89,4,213.88,4,213.87,2,214.29,2,214.38,1,214.39,7,214.44,1,214.49,1,214.53,3,214.58,2,214.62,1,214.69,1,214.72,4
2020-10-29 09:37:40,214.235,214.17,1,214.13,9,214.34,2,214.34,214.13,214.13,9,214.07,2,214.03,1,214.02,1,214.01,9,213.95,3,213.92,2,213.89,4,213.88,4,213.87,2,214.34,2,214.35,1,214.39,9,214.44,1,214.49,1,214.53,3,214.58,2,214.62,1,214.69,1,214.72,4
2020-10-29 09:37:41,214.235,214.17,1,214.13,9,214.34,2,214.34,214.13,214.13,9,214.07,2,214.03,1,214.02,1,214.01,9,213.95,3,213.92,2,213.89,4,213.88,4,213.87,2,214.34,2,214.35,1,214.39,9,214.44,1,214.49,1,214.53,3,214.58,2,214.62,1,214.69,1,214.72,4
2020-10-29 09:37:42,214.235,214.17,1,214.13,9,214.34,2,214.34,214.13,214.13,9,214.07,2,214.03,1,214.02,1,214.01,9,213.95,3,213.92,2,213.89,4,213.88,4,213.87,2,214.34,2,214.35,1,214.39,9,214.44,1,214.49,1,214.53,3,214.58,2,214.62,1,214.69,1,214.72,4
2020-10-29 09:37:43,214.235,214.17,1,214.13,9,214.34,2,214.34,214.13,214.13,9,214.07,2,214.03,1,214.02,1,214.01,9,213.95,3,213.92,2,213.89,4,213.88,4,213.87,2,214.34,2,214.35,1,214.39,9,214.44,1,214.49,1,214.53,3,214.58,2,214.62,1,214.69,1,214.72,4
2020-10-29 09:37:44,214.235,214.17,1,214.13,9,214.34,2,214.34,214.13,214.13,9,214.07,2,214.03,1,214.02,1,214.01,9,213.95,3,213.92,2,213.89,4,213.88,4,213.87,2,214.34,2,214.35,1,214.39,9,214.44,1,214.49,1,214.53,3,214.58,2,214.62,1,214.69,1,214.72,4
2020-10-29 09:37:45,214.235,214.17,1,214.13,9,214.34,2,214.34,214.13,214.13,9,214.07,2,214.03,1,214.02,1,214.01,9,213.95,3,213.92,2,213.89,4,213.88,4,213.87,2,214.34,2,214.35,1,214.39,9,214.44,1,214.49,1,214.53,3,214.58,2,214.62,1,214.69,1,214.72,4
2020-10-29 09:37:46,214.235,214.17,1,214.13,9,214.34,2,214.34,214.13,214.13,9,214.07,2,214.03,1,214.02,1,214.01,9,213.95,3,213.92,2,213.89,4,213.88,4,213.87,2,214.34,2,214.35,1,214.39,9,214.44,1,214.49,1,214.53,3,214.58,2,214.62,1,214.69,1,214.72,4
2020-10-29 09:37:47,214.235,214.17,1,214.13,9,214.34,2,214.34,214.13,214.13,9,214.07,2,214.03,1,214.02,1,214.01,9,213.95,3,213.92,2,213.89,4,213.88,4,213.87,2,214.34,2,214.35,1,214.39,9,214.44,1,214.49,1,214.53,3,214.58,2,214.62,1,214.69,1,214.72,4
2020-10-29 09:37:48,214.235,214.17,1,214.13,9,214.34,2,214.34,214.13,214.13,9,214.07,2,214.03,1,214.02,1,214.01,9,213.95,3,213.92,2,213.89,4,213.88,4,213.87,2,214.34,2,214.35,1,214.39,9,214.44,1,214.49,1,214.53,3,214.58,2,214.62,1,214.69,1,214.72,4
2020-10-29 09:37:49,214.235,214.17,1,214.13,9,214.34,2,214.34,214.13,214.13,9,214.07,2,214.03,1,214.02,1,214.01,9,213.95,3,213.92,2,213.89,4,213.88,4,213.87,2,214.34,2,214.35,1,214.39,9,214.44,1,214.49,1,214.53,3,214.58,2,214.62,1,214.69,1,214.72,4
2020-10-29 09:37:50,214.235,214.17,1,214.13,9,214.34,2,214.34,214.13,214.13,9,214.07,2,214.03,1,214.02,1,214.01,9,213.95,3,213.92,2,213.89,4,213.88,4,213.87,2,214.34,2,214.35,1,214.39,9,214.44,1,214.49,1,214.53,3,214.58,2,214.62,1,214.69,1,214.72,4
2020-10-29 09:37:51,214.235,214.17,1,214.13,9,214.34,2,214.34,214.13,214.13,9,214.07,2,214.03,1,214.02,1,214.01,9,213.95,3,213.92,2,213.89,4,213.88,4,213.87,2,214.34,2,214.35,1,214.39,9,214.44,1,214.49,1,214.53,3,214.58,2,214.62,1,214.69,1,214.72,4
2020-10-29 09:37:52,214.04,214.01,1,213.85,2,214.23,5,214.23,213.85,213.85,2,213.82,3,213.78,1,213.74,1,213.73,2,213.66,1,213.65,3,213.64,2,213.63,4,213.6,2,214.23,5,214.24,5,214.25,1,214.34,2,214.35,1,214.39,9,214.44,1,214.49,1,214.53,3,214.58,2
