sim_time,mid_price,last_price,last_size,best_bid_price,best_bid_size,best_ask_price,best_ask_size,close_price_buy,close_price_sell,bid1_price,bid1_size,bid2_price,bid2_size,bid3_price,bid3_size,bid4_price,bid4_size,bid5_price,bid5_size,bid6_price,bid6_size,bid7_price,bid7_size,bid8_price,bid8_size,bid9_price,bid9_size,bid10_price,bid10_size,ask1_price,ask1_size,ask2_price,ask2_size,ask3_price,ask3_size,ask4_price,ask4_size,ask5_price,ask5_size,ask6_price,ask6_size,ask7_price,ask7_size,ask8_price,ask8_size,ask9_price,ask9_size,ask10_price,ask10_size
2026-02-05 09:30:17,163.255,0.0,0,162.72,800,163.79,400,163.79,162.72,162.72,800,162.15,2500,,,,,,,,,,,,,,,,,163.79,400,,,,,,,,,,,,,,,,,,
2026-02-05 09:30:18,163.255,0.0,0,162.72,800,163.79,400,163.79,162.72,162.72,800,162.15,2500,,,,,,,,,,,,,,,,,163.79,400,,,,,,,,,,,,,,,,,,
2026-02-05 09:30:20,163.255,0.0,0,162.72,800,163.79,400,163.79,162.72,162.72,800,162.15,2500,,,,,,,,,,,,,,,,,163.79,400,,,,,,,,,,,,,,,,,,
2026-02-05 09:30:21,163.255,0.0,0,162.72,800,163.79,400,163.79,162.72,162.72,800,162.15,2500,,,,,,,,,,,,,,,,,163.79,400,,,,,,,,,,,,,,,,,,
2026-02-05 09:30:22,163.255,0.0,0,162.72,800,163.79,400,163.79,162.72,162.72,800,162.15,2500,,,,,,,,,,,,,,,,,163.79,400,,,,,,,,,,,,,,,,,,
2026-02-05 09:30:22,163.255,0.0,0,162.72,800,163.79,400,163.79,162.72,162.72,800,162.15,2500,,,,,,,,,,,,,,,,,163.79,400,,,,,,,,,,,,,,,,,,
2026-02-05 09:30:24,163.255,0.0,0,162.72,800,163.79,400,163.79,162.72,162.72,800,162.15,2500,,,,,,,,,,,,,,,,,163.79,400,,,,,,,,,,,,,,,,,,
2026-02-05 09:30:25,163.255,0.0,0,162.72,800,163.79,400,163.79,162.72,162.72,800,162.15,2500,,,,,,,,,,,,,,,,,163.79,400,,,,,,,,,,,,,,,,,,
2026-02-05 09:30:26,163.255,0.0,0,162.72,800,163.79,400,163.79,162.72,162.72,800,162.15,2500,,,,,,,,,,,,,,,,,163.79,400,,,,,,,,,,,,,,,,,,
2026-02-05 09:30:27,163.255,0.0,0,162.72,800,163.79,400,163.79,162.72,162.72,800,162.15,2500,,,,,,,,,,,,,,,,,163.79,400,,,,,,,,,,,,,,,,,,
2026-02-05 09:30:28,163.255,0.0,0,162.72,800,163.79,400,163.79,162.72,162.72,800,162.15,2500,,,,,,,,,,,,,,,,,163.79,400,,,,,,,,,,,,,,,,,,
2026-02-05 09:30:29,163.255,0.0,0,162.72,800,163.79,400,163.79,162.72,162.72,800,162.15,2500,,,,,,,,,,,,,,,,,163.79,400,,,,,,,,,,,,,,,,,,
2026-02-05 09:30:30,163.255,0.0,0,162.72,800,163.79,400,163.79,162.72,162.72,800,162.15,2500,,,,,,,,,,,,,,,,,163.79,400,,,,,,,,,,,,,,,,,,
2026-02-05 09:30:31,163.55,163.55,1,163.31,100,163.79,400,163.79,163.31,163.31,100,163.25,300,162.72,800,162.15,2500,,,,,,,,,,,,,163.79,400,,,,,,,,,,,,,,,,,,
2026-02-05 09:30:32,163.575,163.85,6,163.25,400,163.9,100,163.9,163.25,163.25,400,162.72,800,162.15,2500,,,,,,,,,,,,,,,163.9,100,,,,,,,,,,,,,,,,,,
2026-02-05 09:30:33,163.575,163.85,6,163.25,400,163.9,100,163.9,163.25,163.25,400,162.72,800,162.15,2500,,,,,,,,,,,,,,,163.9,100,,,,,,,,,,,,,,,,,,
2026-02-05 09:30:34,163.575,163.85,6,163.25,400,163.9,100,163.9,163.25,163.25,400,162.72,800,162.15,2500,,,,,,,,,,,,,,,163.9,100,,,,,,,,,,,,,,,,,,
2026-02-05 09:30:35,163.575,163.85,6,163.25,400,163.9,100,163.9,163.25,163.25,400,162.72,800,162.15,2500,,,,,,,,,,,,,,,163.9,100,,,,,,,,,,,,,,,,,,
2026-02-05 09:30:36,163.575,163.85,6,163.25,500,163.9,100,163.9,163.25,163.25,500,162.72,800,162.15,2500,,,,,,,,,,,,,,,163.9,100,,,,,,,,,,,,,,,,,,
2026-02-05 09:30:37,163.575,163.85,6,163.25,500,163.9,100,163.9,163.25,163.25,500,162.72,800,162.15,2500,,,,,,,,,,,,,,,163.9,100,,,,,,,,,,,,,,,,,,
2026-02-05 09:30:38,163.575,163.85,6,163.25,500,163.9,100,163.9,163.25,163.25,500,162.72,800,162.15,2500,,,,,,,,,,,,,,,163.9,100,,,,,,,,,,,,,,,,,,
2026-02-05 09:30:39,163.575,163.85,6,163.25,500,163.9,100,163.9,163.25,163.25,500,162.72,800,162.15,2500,,,,,,,,,,,,,,,163.9,100,,,,,,,,,,,,,,,,,,
2026-02-05 09:30:40,163.575,163.85,6,163.25,500,163.9,100,163.9,163.25,163.25,500,162.72,800,162.15,2500,,,,,,,,,,,,,,,163.9,100,,,,,,,,,,,,,,,,,,
2026-02-05 09:30:41,163.575,163.85,6,163.25,500,163.9,100,163.9,163.25,163.25,500,162.72,800,162.15,2500,,,,,,,,,,,,,,,163.9,100,,,,,,,,,,,,,,,,,,
2026-02-05 09:30:41,163.63,163.92,1,163.26,100,164.0,500,164.0,163.26,163.26,100,163.25,500,162.72,800,162.15,2500,,,,,,,,,,,,,164.0,500,,,,,,,,,,,,,,,,,,
2026-02-05 09:30:43,163.63,163.92,1,163.26,100,164.0,500,164.0,163.26,163.26,100,163.25,500,162.72,800,162.15,2500,,,,,,,,,,,,,164.0,500,,,,,,,,,,,,,,,,,,
2026-02-05 09:30:44,163.63,163.92,1,163.26,300,164.0,500,164.0,163.26,163.26,300,163.25,500,162.72,800,162.15,2500,,,,,,,,,,,,,164.0,500,,,,,,,,,,,,,,,,,,
2026-02-05 09:30:45,163.63,163.92,1,163.26,300,164.0,500,164.0,163.26,163.26,300,163.25,500,162.72,800,162.15,2500,,,,,,,,,,,,,164.0,500,,,,,,,,,,,,,,,,,,
2026-02-05 09:30:46,163.63,163.92,1,163.26,300,164.0,500,164.0,163.26,163.26,300,163.25,500,162.72,800,162.15,2500,,,,,,,,,,,,,164.0,500,,,,,,,,,,,,,,,,,,
2026-02-05 09:30:47,163.63,163.92,1,163.26,300,164.0,500,164.0,163.26,163.26,300,163.25,500,162.72,800,162.15,2500,,,,,,,,,,,,,164.0,500,,,,,,,,,,,,,,,,,,
2026-02-05 09:30:48,163.63,163.92,1,163.26,300,164.0,500,164.0,163.26,163.26,300,163.25,500,162.72,800,162.15,2500,,,,,,,,,,,,,164.0,500,,,,,,,,,,,,,,,,,,
2026-02-05 09:30:48,163.63,163.92,1,163.26,300,164.0,500,164.0,163.26,163.26,300,163.25,500,162.72,800,162.15,2500,,,,,,,,,,,,,164.0,500,,,,,,,,,,,,,,,,,,
2026-02-05 09:30:50,163.63,163.92,1,163.26,300,164.0,500,164.0,163.26,163.26,300,163.25,500,162.72,800,162.15,2500,,,,,,,,,,,,,164.0,500,,,,,,,,,,,,,,,,,,
2026-02-05 09:30:51,163.63,163.92,1,163.26,300,164.0,500,164.0,163.26,163.26,300,163.25,500,162.72,800,162.15,2500,,,,,,,,,,,,,164.0,500,,,,,,,,,,,,,,,,,,
2026-02-05 09:30:52,163.63,163.92,1,163.26,300,164.0,500,164.0,163.26,163.26,300,163.25,500,162.72,800,162.15,2500,,,,,,,,,,,,,164.0,500,,,,,,,,,,,,,,,,,,
2026-02-05 09:30:53,163.63,163.92,1,163.26,300,164.0,500,164.0,163.26,163.26,300,163.25,500,162.72,800,162.15,2500,,,,,,,,,,,,,164.0,500,,,,,,,,,,,,,,,,,,
2026-02-05 09:30:54,163.625,163.92,1,163.25,500,164.0,500,164.0,163.25,163.25,500,162.72,800,162.15,2500,,,,,,,,,,,,,,,164.0,500,,,,,,,,,,,,,,,,,,
2026-02-05 09:30:55,163.625,163.92,1,163.25,500,164.0,500,164.0,163.25,163.25,500,162.72,800,162.15,2500,,,,,,,,,,,,,,,164.0,500,,,,,,,,,,,,,,,,,,
2026-02-05 09:30:56,163.625,163.92,1,163.25,500,164.0,500,164.0,163.25,163.25,500,162.72,800,162.15,2500,,,,,,,,,,,,,,,164.0,500,,,,,,,,,,,,,,,,,,
2026-02-05 09:30:57,163.625,163.94,2,163.25,500,164.0,500,164.0,163.25,163.25,500,162.72,800,162.15,2500,,,,,,,,,,,,,,,164.0,500,,,,,,,,,,,,,,,,,,
2026-02-05 09:30:58,163.625,163.94,2,163.25,500,164.0,500,164.0,163.25,163.25,500,162.72,800,162.15,2500,,,,,,,,,,,,,,,164.0,500,,,,,,,,,,,,,,,,,,
2026-02-05 09:30:59,163.625,163.94,2,163.25,500,164.0,500,164.0,163.25,163.25,500,162.72,800,162.15,2500,,,,,,,,,,,,,,,164.0,500,,,,,,,,,,,,,,,,,,
2026-02-05 09:31:00,163.625,163.94,2,163.25,500,164.0,500,164.0,163.25,163.25,500,162.72,800,162.15,2500,,,,,,,,,,,,,,,164.0,500,,,,,,,,,,,,,,,,,,
2026-02-05 09:31:01,163.63,163.94,2,163.26,200,164.0,500,164.0,163.26,163.26,200,163.25,500,162.72,800,162.15,2500,,,,,,,,,,,,,164.0,500,,,,,,,,,,,,,,,,,,
2026-02-05 09:31:02,163.725,163.94,1,163.45,200,164.0,500,164.0,163.45,163.45,200,163.26,200,163.25,500,162.72,800,162.15,2500,,,,,,,,,,,164.0,500,,,,,,,,,,,,,,,,,,
2026-02-05 09:31:03,163.725,163.94,1,163.45,200,164.0,500,164.0,163.45,163.45,200,163.26,200,163.25,500,162.72,800,162.15,2500,,,,,,,,,,,164.0,500,,,,,,,,,,,,,,,,,,
2026-02-05 09:31:04,163.725,163.94,1,163.45,200,164.0,500,164.0,163.45,163.45,200,163.26,200,163.25,500,162.72,800,162.15,2500,,,,,,,,,,,164.0,500,,,,,,,,,,,,,,,,,,
2026-02-05 09:31:05,163.725,163.94,1,163.45,200,164.0,500,164.0,163.45,163.45,200,163.26,200,163.25,500,162.72,800,162.15,2500,,,,,,,,,,,164.0,500,,,,,,,,,,,,,,,,,,
2026-02-05 09:31:06,163.86,163.73,1,163.72,300,164.0,500,164.0,163.72,163.72,300,163.45,300,163.26,200,163.25,500,162.72,800,162.15,2500,,,,,,,,,164.0,500,,,,,,,,,,,,,,,,,,
2026-02-05 09:31:07,163.725,163.73,1,163.45,300,164.0,500,164.0,163.45,163.45,300,163.26,200,163.25,500,162.72,800,162.15,2500,,,,,,,,,,,164.0,500,,,,,,,,,,,,,,,,,,
2026-02-05 09:31:08,163.725,163.73,1,163.45,100,164.0,500,164.0,163.45,163.45,100,163.26,200,163.25,500,162.72,800,162.15,2500,,,,,,,,,,,164.0,500,,,,,,,,,,,,,,,,,,
2026-02-05 09:31:09,163.725,163.73,1,163.45,100,164.0,500,164.0,163.45,163.45,100,163.26,200,163.25,500,162.72,800,162.15,2500,,,,,,,,,,,164.0,500,,,,,,,,,,,,,,,,,,
2026-02-05 09:31:10,163.725,163.73,1,163.45,100,164.0,500,164.0,163.45,163.45,100,163.26,200,163.25,500,162.72,800,162.15,2500,,,,,,,,,,,164.0,500,,,,,,,,,,,,,,,,,,
2026-02-05 09:31:11,163.725,163.73,1,163.45,100,164.0,500,164.0,163.45,163.45,100,163.26,200,163.25,500,162.72,800,162.15,2500,,,,,,,,,,,164.0,500,,,,,,,,,,,,,,,,,,
2026-02-05 09:31:12,163.725,163.73,1,163.45,100,164.0,500,164.0,163.45,163.45,100,163.26,200,163.25,500,162.72,800,162.15,2500,,,,,,,,,,,164.0,500,,,,,,,,,,,,,,,,,,
2026-02-05 09:31:13,163.725,163.73,2,163.45,100,164.0,500,164.0,163.45,163.45,100,163.26,200,163.25,500,162.72,800,162.15,2500,,,,,,,,,,,164.0,500,,,,,,,,,,,,,,,,,,
2026-02-05 09:31:14,163.725,163.73,2,163.45,100,164.0,500,164.0,163.45,163.45,100,163.26,200,163.25,500,162.72,800,162.15,2500,,,,,,,,,,,164.0,500,,,,,,,,,,,,,,,,,,
2026-02-05 09:31:15,163.725,163.73,2,163.45,100,164.0,500,164.0,163.45,163.45,100,163.26,200,163.25,500,162.72,800,162.15,2500,,,,,,,,,,,164.0,500,,,,,,,,,,,,,,,,,,
2026-02-05 09:31:16,163.725,163.73,2,163.45,100,164.0,500,164.0,163.45,163.45,100,163.26,200,163.25,500,162.72,800,162.15,2500,,,,,,,,,,,164.0,500,,,,,,,,,,,,,,,,,,
2026-02-05 09:31:17,163.725,163.73,2,163.45,100,164.0,500,164.0,163.45,163.45,100,163.26,200,163.25,500,162.72,800,162.15,2500,,,,,,,,,,,164.0,500,,,,,,,,,,,,,,,,,,
2026-02-05 09:31:18,163.725,163.73,2,163.45,100,164.0,500,164.0,163.45,163.45,100,163.26,200,163.25,500,162.72,800,162.15,2500,,,,,,,,,,,164.0,500,,,,,,,,,,,,,,,,,,
2026-02-05 09:31:19,163.725,163.72,1,163.45,200,164.0,500,164.0,163.45,163.45,200,163.26,200,163.25,500,162.72,800,162.15,2500,,,,,,,,,,,164.0,500,,,,,,,,,,,,,,,,,,
2026-02-05 09:31:20,163.725,163.73,2,163.45,200,164.0,500,164.0,163.45,163.45,200,163.26,200,163.25,500,162.72,800,162.15,2500,,,,,,,,,,,164.0,500,,,,,,,,,,,,,,,,,,
2026-02-05 09:31:21,163.725,163.73,2,163.45,200,164.0,500,164.0,163.45,163.45,200,163.26,200,163.25,500,162.72,800,162.15,2500,,,,,,,,,,,164.0,500,,,,,,,,,,,,,,,,,,
2026-02-05 09:31:22,163.725,163.73,2,163.45,200,164.0,500,164.0,163.45,163.45,200,163.26,200,163.25,500,162.72,800,162.15,2500,,,,,,,,,,,164.0,500,,,,,,,,,,,,,,,,,,
2026-02-05 09:31:23,163.725,163.73,2,163.45,200,164.0,500,164.0,163.45,163.45,200,163.26,200,163.25,500,162.72,800,162.15,2500,,,,,,,,,,,164.0,500,,,,,,,,,,,,,,,,,,
2026-02-05 09:31:24,163.725,163.73,2,163.45,200,164.0,500,164.0,163.45,163.45,200,163.26,200,163.25,500,162.72,800,162.15,2500,,,,,,,,,,,164.0,500,,,,,,,,,,,,,,,,,,
2026-02-05 09:31:25,163.44,163.26,1,163.03,200,163.85,100,163.85,163.03,163.03,200,162.72,800,162.15,2500,,,,,,,,,,,,,,,163.85,100,164.0,600,,,,,,,,,,,,,,,,
2026-02-05 09:31:26,163.32,163.32,1,162.79,200,163.85,100,163.85,162.79,162.79,200,162.7,200,162.15,2500,,,,,,,,,,,,,,,163.85,100,164.0,600,,,,,,,,,,,,,,,,
2026-02-05 09:31:27,163.32,163.32,1,162.79,200,163.85,100,163.85,162.79,162.79,200,162.7,200,162.15,2500,,,,,,,,,,,,,,,163.85,100,164.0,600,,,,,,,,,,,,,,,,
2026-02-05 09:31:28,163.32,163.32,1,162.79,200,163.85,100,163.85,162.79,162.79,200,162.7,200,162.15,2500,,,,,,,,,,,,,,,163.85,100,164.0,600,,,,,,,,,,,,,,,,
2026-02-05 09:31:29,163.32,163.32,1,162.79,200,163.85,100,163.85,162.79,162.79,200,162.7,200,162.15,2500,,,,,,,,,,,,,,,163.85,100,164.0,600,,,,,,,,,,,,,,,,
2026-02-05 09:31:30,163.32,163.32,1,162.79,200,163.85,100,163.85,162.79,162.79,200,162.7,200,162.15,2500,,,,,,,,,,,,,,,163.85,100,164.0,600,,,,,,,,,,,,,,,,
2026-02-05 09:31:31,163.32,163.32,1,162.79,200,163.85,100,163.85,162.79,162.79,200,162.7,200,162.15,2500,,,,,,,,,,,,,,,163.85,100,164.0,600,,,,,,,,,,,,,,,,
2026-02-05 09:31:32,163.32,163.32,1,162.79,200,163.85,100,163.85,162.79,162.79,200,162.7,200,162.15,2500,,,,,,,,,,,,,,,163.85,100,164.0,600,,,,,,,,,,,,,,,,
2026-02-05 09:31:33,163.32,163.32,1,162.79,300,163.85,100,163.85,162.79,162.79,300,162.7,200,162.15,2500,,,,,,,,,,,,,,,163.85,100,164.0,600,,,,,,,,,,,,,,,,
2026-02-05 09:31:34,163.585,163.59,1,163.32,100,163.85,100,163.85,163.32,163.32,100,162.79,300,162.7,200,162.15,2500,,,,,,,,,,,,,163.85,100,164.0,600,,,,,,,,,,,,,,,,
2026-02-05 09:31:35,163.585,163.59,1,163.32,200,163.85,100,163.85,163.32,163.32,200,162.79,300,162.7,200,162.15,2500,,,,,,,,,,,,,163.85,100,164.0,600,,,,,,,,,,,,,,,,
2026-02-05 09:31:36,163.585,163.59,1,163.32,200,163.85,100,163.85,163.32,163.32,200,162.79,300,162.7,200,162.15,2500,,,,,,,,,,,,,163.85,100,164.0,600,,,,,,,,,,,,,,,,
2026-02-05 09:31:37,163.585,163.59,1,163.32,200,163.85,100,163.85,163.32,163.32,200,162.79,300,162.7,200,162.15,2500,,,,,,,,,,,,,163.85,100,164.0,600,,,,,,,,,,,,,,,,
2026-02-05 09:31:38,163.585,163.59,1,163.32,200,163.85,100,163.85,163.32,163.32,200,162.79,300,162.7,200,162.15,2500,,,,,,,,,,,,,163.85,100,164.0,600,,,,,,,,,,,,,,,,
2026-02-05 09:31:39,163.585,163.59,1,163.32,200,163.85,100,163.85,163.32,163.32,200,162.79,300,162.7,200,162.15,2500,,,,,,,,,,,,,163.85,100,164.0,600,,,,,,,,,,,,,,,,
2026-02-05 09:31:40,163.48,163.59,1,163.11,100,163.85,100,163.85,163.11,163.11,100,162.88,200,162.79,1300,162.7,200,162.15,2500,,,,,,,,,,,163.85,100,164.0,600,,,,,,,,,,,,,,,,
2026-02-05 09:31:41,163.48,163.59,1,163.11,100,163.85,100,163.85,163.11,163.11,100,162.88,200,162.79,1300,162.7,200,162.15,2500,,,,,,,,,,,163.85,100,164.0,600,,,,,,,,,,,,,,,,
2026-02-05 09:31:42,163.48,163.59,1,163.11,100,163.85,100,163.85,163.11,163.11,100,162.88,200,162.79,1300,162.7,200,162.15,2500,,,,,,,,,,,163.85,100,164.0,600,,,,,,,,,,,,,,,,
2026-02-05 09:31:43,163.48,163.59,1,163.11,100,163.85,100,163.85,163.11,163.11,100,162.88,200,162.79,1300,162.7,200,162.15,2500,,,,,,,,,,,163.85,100,164.0,600,,,,,,,,,,,,,,,,
2026-02-05 09:31:44,163.425,163.72,1,163.0,100,163.85,100,163.85,163.0,163.0,100,162.88,200,162.79,1300,162.7,200,162.15,2500,,,,,,,,,,,163.85,100,164.0,600,,,,,,,,,,,,,,,,
2026-02-05 09:31:45,163.425,163.72,1,163.0,100,163.85,100,163.85,163.0,163.0,100,162.88,200,162.79,1300,162.7,200,162.15,2500,,,,,,,,,,,163.85,100,164.0,600,,,,,,,,,,,,,,,,
2026-02-05 09:31:46,163.425,163.72,1,163.0,100,163.85,100,163.85,163.0,163.0,100,162.88,200,162.79,1300,162.7,200,162.15,2500,,,,,,,,,,,163.85,100,164.0,600,,,,,,,,,,,,,,,,
2026-02-05 09:31:47,163.425,163.72,1,163.0,100,163.85,100,163.85,163.0,163.0,100,162.88,200,162.79,1300,162.7,200,162.15,2500,,,,,,,,,,,163.85,100,164.0,600,,,,,,,,,,,,,,,,
2026-02-05 09:31:48,163.425,163.72,1,163.0,100,163.85,100,163.85,163.0,163.0,100,162.88,200,162.79,1300,162.7,200,162.15,2500,,,,,,,,,,,163.85,100,164.0,600,,,,,,,,,,,,,,,,
2026-02-05 09:31:49,163.365,163.72,1,162.88,200,163.85,100,163.85,162.88,162.88,200,162.79,1300,162.7,200,162.15,2500,,,,,,,,,,,,,163.85,100,164.0,600,,,,,,,,,,,,,,,,
2026-02-05 09:31:50,163.365,163.72,1,162.88,200,163.85,100,163.85,162.88,162.88,200,162.79,1300,162.7,200,162.15,2500,,,,,,,,,,,,,163.85,100,164.0,600,,,,,,,,,,,,,,,,
2026-02-05 09:31:51,163.365,163.72,1,162.88,200,163.85,100,163.85,162.88,162.88,200,162.79,1300,162.7,200,162.15,2500,,,,,,,,,,,,,163.85,100,164.0,600,,,,,,,,,,,,,,,,
2026-02-05 09:31:52,163.365,163.72,1,162.88,200,163.85,100,163.85,162.88,162.88,200,162.79,1300,162.7,200,162.15,2500,,,,,,,,,,,,,163.85,100,164.0,600,,,,,,,,,,,,,,,,
2026-02-05 09:31:53,163.365,163.72,1,162.88,200,163.85,100,163.85,162.88,162.88,200,162.79,1300,162.7,200,162.15,2500,,,,,,,,,,,,,163.85,100,164.0,600,,,,,,,,,,,,,,,,
2026-02-05 09:31:54,163.365,163.72,1,162.88,200,163.85,100,163.85,162.88,162.88,200,162.79,1300,162.7,200,162.15,2500,,,,,,,,,,,,,163.85,100,164.0,600,,,,,,,,,,,,,,,,
2026-02-05 09:31:55,163.365,163.72,1,162.88,200,163.85,100,163.85,162.88,162.88,200,162.79,1300,162.7,200,162.15,2500,,,,,,,,,,,,,163.85,100,164.0,600,,,,,,,,,,,,,,,,
2026-02-05 09:31:56,163.365,163.72,1,162.88,200,163.85,100,163.85,162.88,162.88,200,162.79,1300,162.7,200,162.15,2500,,,,,,,,,,,,,163.85,100,164.0,600,,,,,,,,,,,,,,,,
2026-02-05 09:31:57,163.365,163.72,1,162.88,200,163.85,100,163.85,162.88,162.88,200,162.79,1300,162.7,200,162.15,2500,,,,,,,,,,,,,163.85,100,164.0,600,,,,,,,,,,,,,,,,
2026-02-05 09:31:58,163.365,163.72,1,162.88,200,163.85,100,163.85,162.88,162.88,200,162.79,1300,162.7,200,162.15,2500,,,,,,,,,,,,,163.85,100,164.0,600,,,,,,,,,,,,,,,,
2026-02-05 09:31:59,163.365,163.76,2,162.88,200,163.85,100,163.85,162.88,162.88,200,162.79,1300,162.7,200,162.15,2500,,,,,,,,,,,,,163.85,100,164.0,600,,,,,,,,,,,,,,,,
2026-02-05 09:32:00,163.365,163.76,2,162.88,200,163.85,100,163.85,162.88,162.88,200,162.79,1300,162.7,200,162.15,2500,,,,,,,,,,,,,163.85,100,164.0,600,,,,,,,,,,,,,,,,
2026-02-05 09:32:01,163.365,163.76,2,162.88,200,163.85,100,163.85,162.88,162.88,200,162.79,1300,162.7,200,162.15,2500,,,,,,,,,,,,,163.85,100,164.0,600,,,,,,,,,,,,,,,,
2026-02-05 09:32:02,163.365,163.76,2,162.88,200,163.85,100,163.85,162.88,162.88,200,162.79,1300,162.7,200,162.15,2500,,,,,,,,,,,,,163.85,100,164.0,600,,,,,,,,,,,,,,,,
2026-02-05 09:32:03,163.365,163.76,2,162.88,200,163.85,100,163.85,162.88,162.88,200,162.79,1300,162.7,200,162.15,2500,,,,,,,,,,,,,163.85,100,164.0,600,,,,,,,,,,,,,,,,
2026-02-05 09:32:04,163.365,163.37,1,162.88,300,163.85,100,163.85,162.88,162.88,300,162.79,1300,162.7,200,162.15,2500,,,,,,,,,,,,,163.85,100,164.0,600,,,,,,,,,,,,,,,,
2026-02-05 09:32:05,163.365,163.37,1,162.88,300,163.85,100,163.85,162.88,162.88,300,162.79,1300,162.7,200,162.15,2500,,,,,,,,,,,,,163.85,100,164.0,600,,,,,,,,,,,,,,,,
2026-02-05 09:32:06,163.365,163.37,1,162.88,100,163.85,100,163.85,162.88,162.88,100,162.79,1300,162.7,200,162.15,2500,,,,,,,,,,,,,163.85,100,164.0,600,,,,,,,,,,,,,,,,
2026-02-05 09:32:07,163.365,163.37,1,162.88,100,163.85,100,163.85,162.88,162.88,100,162.79,1300,162.7,200,162.15,2500,,,,,,,,,,,,,163.85,100,164.0,600,,,,,,,,,,,,,,,,
2026-02-05 09:32:08,163.365,163.37,1,162.88,100,163.85,100,163.85,162.88,162.88,100,162.79,1300,162.7,200,162.15,2500,,,,,,,,,,,,,163.85,100,164.0,600,,,,,,,,,,,,,,,,
2026-02-05 09:32:09,163.365,163.37,1,162.88,100,163.85,100,163.85,162.88,162.88,100,162.79,1300,162.7,200,162.15,2500,,,,,,,,,,,,,163.85,100,164.0,600,,,,,,,,,,,,,,,,
2026-02-05 09:32:10,163.365,163.37,1,162.88,100,163.85,100,163.85,162.88,162.88,100,162.79,1300,162.7,200,162.15,2500,,,,,,,,,,,,,163.85,100,164.0,600,,,,,,,,,,,,,,,,
2026-02-05 09:32:11,163.365,163.37,1,162.88,100,163.85,100,163.85,162.88,162.88,100,162.79,1300,162.7,200,162.15,2500,,,,,,,,,,,,,163.85,100,164.0,600,,,,,,,,,,,,,,,,
2026-02-05 09:32:12,163.365,163.37,1,162.88,100,163.85,100,163.85,162.88,162.88,100,162.79,1300,162.7,200,162.15,2500,,,,,,,,,,,,,163.85,100,164.0,600,,,,,,,,,,,,,,,,
2026-02-05 09:32:13,163.365,163.37,1,162.88,100,163.85,100,163.85,162.88,162.88,100,162.79,1300,162.7,200,162.15,2500,,,,,,,,,,,,,163.85,100,164.0,600,,,,,,,,,,,,,,,,
2026-02-05 09:32:14,163.365,163.37,1,162.88,100,163.85,100,163.85,162.88,162.88,100,162.79,1300,162.7,200,162.15,2500,,,,,,,,,,,,,163.85,100,164.0,600,,,,,,,,,,,,,,,,
2026-02-05 09:32:15,163.365,163.37,1,162.88,100,163.85,100,163.85,162.88,162.88,100,162.79,1300,162.7,200,162.15,2500,,,,,,,,,,,,,163.85,100,164.0,600,,,,,,,,,,,,,,,,
2026-02-05 09:32:16,163.365,163.37,1,162.88,100,163.85,100,163.85,162.88,162.88,100,162.79,1300,162.7,200,162.15,2500,,,,,,,,,,,,,163.85,100,164.0,600,,,,,,,,,,,,,,,,
2026-02-05 09:32:17,163.365,163.37,1,162.88,100,163.85,100,163.85,162.88,162.88,100,162.79,1300,162.7,200,162.15,2500,,,,,,,,,,,,,163.85,100,164.0,600,,,,,,,,,,,,,,,,
2026-02-05 09:32:18,163.365,163.37,1,162.88,100,163.85,100,163.85,162.88,162.88,100,162.79,1300,162.7,200,162.15,2500,,,,,,,,,,,,,163.85,100,164.0,600,,,,,,,,,,,,,,,,
2026-02-05 09:32:19,163.345,163.59,2,162.84,200,163.85,100,163.85,162.84,162.84,200,162.79,1300,162.7,200,162.15,2500,,,,,,,,,,,,,163.85,100,164.0,600,,,,,,,,,,,,,,,,
2026-02-05 09:32:20,163.345,163.59,2,162.84,200,163.85,100,163.85,162.84,162.84,200,162.79,1300,162.7,200,162.15,2500,,,,,,,,,,,,,163.85,100,164.0,600,,,,,,,,,,,,,,,,
2026-02-05 09:32:21,163.345,163.59,2,162.84,200,163.85,100,163.85,162.84,162.84,200,162.79,1300,162.7,200,162.15,2500,,,,,,,,,,,,,163.85,100,164.0,600,,,,,,,,,,,,,,,,
2026-02-05 09:32:22,163.345,163.59,2,162.84,200,163.85,100,163.85,162.84,162.84,200,162.79,1300,162.7,200,162.15,2500,,,,,,,,,,,,,163.85,100,164.0,600,,,,,,,,,,,,,,,,
2026-02-05 09:32:23,163.345,163.35,1,162.84,200,163.85,100,163.85,162.84,162.84,200,162.79,1300,162.7,200,162.15,2500,,,,,,,,,,,,,163.85,100,164.0,600,,,,,,,,,,,,,,,,
2026-02-05 09:32:24,163.345,163.35,1,162.84,200,163.85,100,163.85,162.84,162.84,200,162.79,1300,162.7,200,162.15,2500,,,,,,,,,,,,,163.85,100,164.0,600,,,,,,,,,,,,,,,,
2026-02-05 09:32:25,163.345,163.35,1,162.84,200,163.85,100,163.85,162.84,162.84,200,162.79,1300,162.7,200,162.15,2500,,,,,,,,,,,,,163.85,100,164.0,600,,,,,,,,,,,,,,,,
2026-02-05 09:32:26,163.345,163.35,1,162.84,200,163.85,100,163.85,162.84,162.84,200,162.79,1300,162.7,200,162.15,2500,,,,,,,,,,,,,163.85,100,164.0,600,,,,,,,,,,,,,,,,
2026-02-05 09:32:27,163.345,163.35,1,162.84,200,163.85,100,163.85,162.84,162.84,200,162.79,1300,162.7,200,162.15,2500,,,,,,,,,,,,,163.85,100,164.0,600,,,,,,,,,,,,,,,,
2026-02-05 09:32:28,163.345,163.35,1,162.84,200,163.85,100,163.85,162.84,162.84,200,162.79,1300,162.7,200,162.15,2500,,,,,,,,,,,,,163.85,100,164.0,600,,,,,,,,,,,,,,,,
2026-02-05 09:32:29,163.345,163.35,1,162.84,200,163.85,100,163.85,162.84,162.84,200,162.79,1300,162.7,200,162.15,2500,,,,,,,,,,,,,163.85,100,164.0,600,,,,,,,,,,,,,,,,
2026-02-05 09:32:30,163.345,163.35,1,162.84,200,163.85,100,163.85,162.84,162.84,200,162.79,1300,162.7,200,162.15,2500,,,,,,,,,,,,,163.85,100,164.0,600,,,,,,,,,,,,,,,,
2026-02-05 09:32:31,163.595,163.6,1,163.34,100,163.85,100,163.85,163.34,163.34,100,162.84,200,162.79,1300,162.7,200,162.15,2500,,,,,,,,,,,163.85,100,164.0,600,,,,,,,,,,,,,,,,
2026-02-05 09:32:32,163.345,163.59,1,162.84,200,163.85,100,163.85,162.84,162.84,200,162.79,1300,162.7,200,162.15,2500,,,,,,,,,,,,,163.85,100,164.0,600,,,,,,,,,,,,,,,,
2026-02-05 09:32:33,163.345,163.59,1,162.84,200,163.85,100,163.85,162.84,162.84,200,162.79,1300,162.7,200,162.15,2500,,,,,,,,,,,,,163.85,100,164.0,600,,,,,,,,,,,,,,,,
2026-02-05 09:32:34,163.345,163.59,1,162.84,200,163.85,100,163.85,162.84,162.84,200,162.79,1300,162.7,200,162.15,2500,,,,,,,,,,,,,163.85,100,164.0,600,,,,,,,,,,,,,,,,
2026-02-05 09:32:35,163.345,163.59,1,162.84,200,163.85,100,163.85,162.84,162.84,200,162.79,1300,162.7,200,162.15,2500,,,,,,,,,,,,,163.85,100,164.0,600,,,,,,,,,,,,,,,,
2026-02-05 09:32:36,163.345,163.59,1,162.84,200,163.85,100,163.85,162.84,162.84,200,162.79,1300,162.7,200,162.15,2500,,,,,,,,,,,,,163.85,100,164.0,600,,,,,,,,,,,,,,,,
2026-02-05 09:32:37,163.345,163.59,1,162.84,200,163.85,100,163.85,162.84,162.84,200,162.79,1300,162.7,200,162.15,2500,,,,,,,,,,,,,163.85,100,164.0,600,,,,,,,,,,,,,,,,
2026-02-05 09:32:38,163.345,163.59,1,162.84,200,163.85,100,163.85,162.84,162.84,200,162.79,1300,162.7,200,162.15,2500,,,,,,,,,,,,,163.85,100,164.0,600,,,,,,,,,,,,,,,,
2026-02-05 09:32:39,163.44,163.59,1,163.03,200,163.85,100,163.85,163.03,163.03,200,162.84,400,162.79,1300,162.7,200,162.15,2500,,,,,,,,,,,163.85,100,164.0,600,,,,,,,,,,,,,,,,
2026-02-05 09:32:40,163.44,163.59,1,163.03,200,163.85,100,163.85,163.03,163.03,200,162.84,400,162.79,1300,162.7,200,162.15,2500,,,,,,,,,,,163.85,100,164.0,600,,,,,,,,,,,,,,,,
2026-02-05 09:32:41,163.44,163.59,1,163.03,200,163.85,100,163.85,163.03,163.03,200,162.84,400,162.79,1300,162.7,200,162.15,2500,,,,,,,,,,,163.85,100,164.0,600,,,,,,,,,,,,,,,,
2026-02-05 09:32:42,163.44,163.59,1,163.03,200,163.85,100,163.85,163.03,163.03,200,162.84,400,162.79,1300,162.7,200,162.15,2500,,,,,,,,,,,163.85,100,164.0,600,,,,,,,,,,,,,,,,
2026-02-05 09:32:43,163.44,163.59,1,163.03,200,163.85,100,163.85,163.03,163.03,200,162.84,400,162.79,1300,162.7,200,162.15,2500,,,,,,,,,,,163.85,100,164.0,600,,,,,,,,,,,,,,,,
2026-02-05 09:32:44,163.44,163.59,1,163.03,200,163.85,100,163.85,163.03,163.03,200,162.84,400,162.79,1300,162.7,200,162.15,2500,,,,,,,,,,,163.85,100,164.0,600,,,,,,,,,,,,,,,,
2026-02-05 09:32:45,163.44,163.59,1,163.03,200,163.85,100,163.85,163.03,163.03,200,162.84,400,162.79,1300,162.7,200,162.15,2500,,,,,,,,,,,163.85,100,164.0,600,,,,,,,,,,,,,,,,
2026-02-05 09:32:46,163.44,163.84,1,163.03,200,163.85,100,163.85,163.03,163.03,200,162.84,400,162.79,1300,162.7,200,162.15,2500,,,,,,,,,,,163.85,100,164.0,600,,,,,,,,,,,,,,,,
2026-02-05 09:32:47,163.435,163.44,2,163.03,200,163.84,100,163.84,163.03,163.03,200,162.84,400,162.79,1300,162.7,200,162.15,2500,,,,,,,,,,,163.84,100,163.85,100,164.0,600,,,,,,,,,,,,,,
2026-02-05 09:32:48,163.435,163.44,2,163.03,200,163.84,100,163.84,163.03,163.03,200,162.84,400,162.79,1300,162.7,200,162.15,2500,,,,,,,,,,,163.84,100,163.85,100,164.0,600,,,,,,,,,,,,,,
2026-02-05 09:32:49,163.435,163.44,2,163.03,200,163.84,100,163.84,163.03,163.03,200,162.84,400,162.79,1300,162.7,200,162.15,2500,,,,,,,,,,,163.84,100,163.85,100,164.0,600,,,,,,,,,,,,,,
2026-02-05 09:32:50,163.435,163.71,2,163.03,200,163.84,200,163.84,163.03,163.03,200,162.84,400,162.79,1300,162.7,200,162.15,2500,,,,,,,,,,,163.84,200,163.85,100,164.0,600,,,,,,,,,,,,,,
2026-02-05 09:32:51,163.435,163.71,2,163.03,200,163.84,200,163.84,163.03,163.03,200,162.84,400,162.79,1300,162.7,200,162.15,2500,,,,,,,,,,,163.84,200,163.85,100,164.0,600,,,,,,,,,,,,,,
2026-02-05 09:32:52,163.435,163.71,2,163.03,200,163.84,200,163.84,163.03,163.03,200,162.84,400,162.79,1300,162.7,200,162.15,2500,,,,,,,,,,,163.84,200,163.85,100,164.0,600,,,,,,,,,,,,,,
2026-02-05 09:32:53,163.435,163.71,2,163.03,200,163.84,200,163.84,163.03,163.03,200,162.84,400,162.79,1300,162.7,200,162.15,2500,,,,,,,,,,,163.84,200,163.85,100,164.0,600,,,,,,,,,,,,,,
2026-02-05 09:32:54,163.435,163.71,2,163.03,200,163.84,200,163.84,163.03,163.03,200,162.84,400,162.79,1300,162.7,200,162.15,2500,,,,,,,,,,,163.84,200,163.85,100,164.0,600,,,,,,,,,,,,,,
2026-02-05 09:32:55,163.435,163.44,1,163.03,200,163.84,200,163.84,163.03,163.03,200,162.84,400,162.79,1300,162.7,200,162.15,2500,,,,,,,,,,,163.84,200,163.85,100,164.0,600,,,,,,,,,,,,,,
2026-02-05 09:32:56,163.635,163.63,1,163.43,100,163.84,200,163.84,163.43,163.43,100,163.03,200,162.84,400,162.79,1300,162.7,200,162.15,2500,,,,,,,,,163.84,200,163.85,100,164.0,600,,,,,,,,,,,,,,
2026-02-05 09:32:57,163.635,163.63,1,163.43,100,163.84,200,163.84,163.43,163.43,100,163.03,200,162.84,400,162.79,1300,162.7,200,162.15,2500,,,,,,,,,163.84,200,163.85,100,164.0,600,,,,,,,,,,,,,,
2026-02-05 09:32:58,163.435,163.74,1,163.03,200,163.84,200,163.84,163.03,163.03,200,162.84,400,162.79,1300,162.7,200,162.15,2500,,,,,,,,,,,163.84,200,163.85,100,164.0,600,,,,,,,,,,,,,,
2026-02-05 09:32:59,163.435,163.74,1,163.03,200,163.84,200,163.84,163.03,163.03,200,162.84,400,162.79,1300,162.7,200,162.15,2500,,,,,,,,,,,163.84,200,163.85,100,164.0,600,,,,,,,,,,,,,,
2026-02-05 09:33:00,163.435,163.74,1,163.03,200,163.84,200,163.84,163.03,163.03,200,162.84,400,162.79,1300,162.7,200,162.15,2500,,,,,,,,,,,163.84,200,163.85,100,164.0,600,,,,,,,,,,,,,,
2026-02-05 09:33:01,163.435,163.39,1,163.03,200,163.84,200,163.84,163.03,163.03,200,162.84,400,162.79,1300,162.7,200,162.15,2500,,,,,,,,,,,163.84,200,163.85,100,164.0,600,,,,,,,,,,,,,,
2026-02-05 09:33:02,163.435,163.39,1,163.03,200,163.84,200,163.84,163.03,163.03,200,162.84,400,162.79,1300,162.7,200,162.15,2500,,,,,,,,,,,163.84,200,163.85,100,164.0,600,,,,,,,,,,,,,,
2026-02-05 09:33:03,163.435,163.44,1,163.03,200,163.84,200,163.84,163.03,163.03,200,162.84,400,162.79,1300,162.7,200,162.15,2500,,,,,,,,,,,163.84,200,163.85,100,164.0,600,,,,,,,,,,,,,,
2026-02-05 09:33:04,163.435,163.44,1,163.03,200,163.84,200,163.84,163.03,163.03,200,162.84,400,162.79,1300,162.7,200,162.15,2500,,,,,,,,,,,163.84,200,163.85,100,164.0,600,,,,,,,,,,,,,,
2026-02-05 09:33:05,163.435,163.44,2,163.03,200,163.84,200,163.84,163.03,163.03,200,162.84,400,162.79,1300,162.7,200,162.15,2500,,,,,,,,,,,163.84,200,163.85,100,164.0,600,,,,,,,,,,,,,,
2026-02-05 09:33:06,163.435,163.44,1,163.03,200,163.84,200,163.84,163.03,163.03,200,162.84,400,162.79,1300,162.7,200,162.15,2500,,,,,,,,,,,163.84,200,163.85,100,164.0,600,,,,,,,,,,,,,,
2026-02-05 09:33:07,163.435,163.44,1,163.03,200,163.84,200,163.84,163.03,163.03,200,162.84,400,162.79,1300,162.7,200,162.15,2500,,,,,,,,,,,163.84,200,163.85,100,164.0,600,,,,,,,,,,,,,,
2026-02-05 09:33:08,163.435,163.44,1,163.03,200,163.84,200,163.84,163.03,163.03,200,162.84,400,162.79,1300,162.7,200,162.15,2500,,,,,,,,,,,163.84,200,163.85,100,164.0,600,,,,,,,,,,,,,,
2026-02-05 09:33:09,163.435,163.44,1,163.03,200,163.84,200,163.84,163.03,163.03,200,162.84,400,162.79,1300,162.7,200,162.15,2500,,,,,,,,,,,163.84,200,163.85,100,164.0,600,,,,,,,,,,,,,,
2026-02-05 09:33:10,163.435,163.44,1,163.03,200,163.84,200,163.84,163.03,163.03,200,162.84,400,162.79,1300,162.7,200,162.15,2500,,,,,,,,,,,163.84,200,163.85,100,164.0,600,,,,,,,,,,,,,,
2026-02-05 09:33:11,163.635,163.57,1,163.43,100,163.84,200,163.84,163.43,163.43,100,163.03,200,162.84,400,162.79,1300,162.7,200,162.15,2500,,,,,,,,,163.84,200,163.85,100,164.0,600,,,,,,,,,,,,,,
2026-02-05 09:33:12,163.435,163.63,1,163.03,200,163.84,200,163.84,163.03,163.03,200,162.84,400,162.79,1300,162.7,200,162.15,2500,,,,,,,,,,,163.84,200,163.85,100,164.0,600,,,,,,,,,,,,,,
2026-02-05 09:33:13,163.435,163.63,1,163.03,200,163.84,200,163.84,163.03,163.03,200,162.84,400,162.79,1300,162.7,200,162.15,2500,,,,,,,,,,,163.84,200,163.85,100,164.0,600,,,,,,,,,,,,,,
2026-02-05 09:33:14,163.435,163.63,1,163.03,200,163.84,200,163.84,163.03,163.03,200,162.84,400,162.79,1300,162.7,200,162.15,2500,,,,,,,,,,,163.84,200,163.85,100,164.0,600,,,,,,,,,,,,,,
2026-02-05 09:33:15,163.435,163.63,1,163.03,200,163.84,200,163.84,163.03,163.03,200,162.84,400,162.79,1300,162.7,200,162.15,2500,,,,,,,,,,,163.84,200,163.85,100,164.0,600,,,,,,,,,,,,,,
2026-02-05 09:33:16,163.435,163.63,1,163.03,200,163.84,200,163.84,163.03,163.03,200,162.84,400,162.79,1300,162.7,200,162.15,2500,,,,,,,,,,,163.84,200,163.85,100,164.0,600,,,,,,,,,,,,,,
2026-02-05 09:33:17,163.435,163.63,1,163.03,200,163.84,200,163.84,163.03,163.03,200,162.84,400,162.79,1300,162.7,200,162.15,2500,,,,,,,,,,,163.84,200,163.85,100,164.0,600,,,,,,,,,,,,,,
2026-02-05 09:33:18,163.435,163.63,1,163.03,200,163.84,200,163.84,163.03,163.03,200,162.84,400,162.79,1300,162.7,200,162.15,2500,,,,,,,,,,,163.84,200,163.85,100,164.0,600,,,,,,,,,,,,,,
2026-02-05 09:33:19,163.435,163.63,1,163.03,200,163.84,200,163.84,163.03,163.03,200,162.84,400,162.79,1300,162.7,200,162.15,2500,,,,,,,,,,,163.84,200,163.85,100,164.0,600,,,,,,,,,,,,,,
2026-02-05 09:33:20,163.435,163.63,1,163.03,200,163.84,200,163.84,163.03,163.03,200,162.84,400,162.79,1300,162.7,200,162.15,2500,,,,,,,,,,,163.84,200,163.85,100,164.0,600,,,,,,,,,,,,,,
2026-02-05 09:33:21,163.435,163.78,2,163.03,200,163.84,200,163.84,163.03,163.03,200,162.84,400,162.79,1300,162.7,200,162.15,2500,,,,,,,,,,,163.84,200,163.85,100,164.0,600,,,,,,,,,,,,,,
2026-02-05 09:33:22,163.435,163.44,1,163.03,200,163.84,200,163.84,163.03,163.03,200,162.84,400,162.79,1300,162.7,200,162.15,2500,,,,,,,,,,,163.84,200,163.85,100,164.0,600,,,,,,,,,,,,,,
2026-02-05 09:33:23,163.435,163.44,1,163.03,200,163.84,200,163.84,163.03,163.03,200,162.84,400,162.79,1300,162.7,200,162.15,2500,,,,,,,,,,,163.84,200,163.85,100,164.0,600,,,,,,,,,,,,,,
2026-02-05 09:33:24,163.435,163.44,1,163.03,200,163.84,200,163.84,163.03,163.03,200,162.84,400,162.79,1300,162.7,200,162.15,2500,,,,,,,,,,,163.84,200,163.85,100,164.0,600,,,,,,,,,,,,,,
2026-02-05 09:33:25,163.435,163.44,1,163.03,200,163.84,200,163.84,163.03,163.03,200,162.84,400,162.79,1300,162.7,200,162.15,2500,,,,,,,,,,,163.84,200,163.85,100,164.0,600,,,,,,,,,,,,,,
2026-02-05 09:33:26,163.435,163.44,1,163.03,200,163.84,200,163.84,163.03,163.03,200,162.84,400,162.79,1300,162.7,200,162.15,2500,,,,,,,,,,,163.84,200,163.85,100,164.0,600,,,,,,,,,,,,,,
2026-02-05 09:33:27,163.435,163.44,1,163.03,200,163.84,200,163.84,163.03,163.03,200,162.84,400,162.79,1300,162.7,200,162.15,2500,,,,,,,,,,,163.84,200,163.85,100,164.0,600,,,,,,,,,,,,,,
2026-02-05 09:33:28,163.435,163.44,1,163.03,200,163.84,200,163.84,163.03,163.03,200,162.84,400,162.79,1300,162.7,200,162.15,2500,,,,,,,,,,,163.84,200,163.85,100,164.0,600,,,,,,,,,,,,,,
2026-02-05 09:33:29,163.435,163.44,1,163.03,200,163.84,200,163.84,163.03,163.03,200,162.84,400,162.79,1300,162.7,200,162.15,2500,,,,,,,,,,,163.84,200,163.85,100,164.0,600,,,,,,,,,,,,,,
2026-02-05 09:33:30,163.435,163.44,1,163.03,200,163.84,200,163.84,163.03,163.03,200,162.84,400,162.79,1300,162.7,200,162.15,2500,,,,,,,,,,,163.84,200,163.85,100,164.0,600,,,,,,,,,,,,,,
2026-02-05 09:33:31,163.435,163.44,1,163.03,200,163.84,200,163.84,163.03,163.03,200,162.84,400,162.79,1300,162.7,200,162.15,2500,,,,,,,,,,,163.84,200,163.85,100,164.0,600,,,,,,,,,,,,,,
2026-02-05 09:33:32,163.435,163.44,1,163.03,200,163.84,200,163.84,163.03,163.03,200,162.84,400,162.79,1300,162.7,200,162.15,2500,,,,,,,,,,,163.84,200,163.85,100,164.0,600,,,,,,,,,,,,,,
2026-02-05 09:33:33,163.435,163.44,1,163.03,200,163.84,200,163.84,163.03,163.03,200,162.84,400,162.79,1300,162.7,200,162.15,2500,,,,,,,,,,,163.84,200,163.85,100,164.0,600,,,,,,,,,,,,,,
2026-02-05 09:33:34,163.43,163.44,1,163.03,400,163.83,200,163.83,163.03,163.03,400,162.84,400,162.79,1300,162.7,200,162.15,2500,,,,,,,,,,,163.83,200,163.84,100,163.85,100,164.0,600,,,,,,,,,,,,
2026-02-05 09:33:35,163.55,163.62,1,163.27,200,163.83,200,163.83,163.27,163.27,200,163.03,400,162.84,400,162.79,1300,162.7,200,162.15,2500,,,,,,,,,163.83,200,163.84,100,163.85,100,164.0,600,,,,,,,,,,,,
2026-02-05 09:33:36,163.55,163.62,1,163.27,200,163.83,200,163.83,163.27,163.27,200,163.03,400,162.84,400,162.79,1300,162.7,200,162.15,2500,,,,,,,,,163.83,200,163.84,100,163.85,100,164.0,600,,,,,,,,,,,,
2026-02-05 09:33:37,163.55,163.79,2,163.27,200,163.83,200,163.83,163.27,163.27,200,163.03,400,162.84,400,162.79,1300,162.7,200,162.15,2500,,,,,,,,,163.83,200,163.84,100,163.85,100,164.0,600,,,,,,,,,,,,
2026-02-05 09:33:38,163.55,163.55,1,163.27,200,163.83,200,163.83,163.27,163.27,200,163.03,400,162.84,400,162.79,1300,162.7,200,162.15,2500,,,,,,,,,163.83,200,163.84,100,163.85,100,164.0,600,,,,,,,,,,,,
2026-02-05 09:33:39,163.55,163.55,1,163.27,200,163.83,200,163.83,163.27,163.27,200,163.03,400,162.84,400,162.79,1300,162.7,200,162.15,2500,,,,,,,,,163.83,200,163.84,100,163.85,100,164.0,600,,,,,,,,,,,,
2026-02-05 09:33:40,163.55,163.55,1,163.27,200,163.83,200,163.83,163.27,163.27,200,163.03,400,162.84,400,162.79,1300,162.7,200,162.15,2500,,,,,,,,,163.83,200,163.84,100,163.85,100,164.0,600,,,,,,,,,,,,
2026-02-05 09:33:41,163.55,163.55,1,163.27,200,163.83,200,163.83,163.27,163.27,200,163.03,400,162.84,400,162.79,1300,162.7,200,162.15,2500,,,,,,,,,163.83,200,163.84,100,163.85,100,164.0,600,,,,,,,,,,,,
2026-02-05 09:33:42,163.55,163.55,1,163.27,200,163.83,200,163.83,163.27,163.27,200,163.03,400,162.84,400,162.79,1300,162.7,200,162.15,2500,,,,,,,,,163.83,200,163.84,100,163.85,100,164.0,600,,,,,,,,,,,,
2026-02-05 09:33:43,163.55,163.55,1,163.27,200,163.83,200,163.83,163.27,163.27,200,163.03,400,162.84,400,162.79,1300,162.7,200,162.15,2500,,,,,,,,,163.83,200,163.84,100,163.85,100,164.0,600,,,,,,,,,,,,
2026-02-05 09:33:44,163.55,163.5,1,163.27,200,163.83,200,163.83,163.27,163.27,200,163.03,400,162.84,400,162.79,1300,162.7,200,162.15,2500,,,,,,,,,163.83,200,163.84,100,163.85,100,164.0,600,,,,,,,,,,,,
2026-02-05 09:33:45,163.55,163.5,1,163.27,200,163.83,200,163.83,163.27,163.27,200,163.03,400,162.84,400,162.79,1300,162.7,200,162.15,2500,,,,,,,,,163.83,200,163.84,100,163.85,100,164.0,600,,,,,,,,,,,,
2026-02-05 09:33:46,163.665,163.66,1,163.5,100,163.83,200,163.83,163.5,163.5,100,163.27,200,163.03,400,162.84,400,162.79,1300,162.7,200,162.15,2500,,,,,,,163.83,200,163.84,100,163.85,100,164.0,600,,,,,,,,,,,,
2026-02-05 09:33:47,163.64,163.64,1,163.45,200,163.83,200,163.83,163.45,163.45,200,163.27,200,163.03,400,162.84,400,162.79,1300,162.7,200,162.15,2500,,,,,,,163.83,200,163.84,100,163.85,100,164.0,600,,,,,,,,,,,,
2026-02-05 09:33:48,163.4,163.4,2,163.06,200,163.74,100,163.74,163.06,163.06,200,163.03,400,162.84,400,162.79,1300,162.7,200,162.15,2500,,,,,,,,,163.74,100,163.83,400,163.84,100,163.85,100,164.0,600,,,,,,,,,,
2026-02-05 09:33:49,163.345,163.4,2,163.06,200,163.63,100,163.63,163.06,163.06,200,163.03,400,162.84,400,162.79,1300,162.7,200,162.15,2500,,,,,,,,,163.63,100,163.74,100,163.83,400,163.84,100,163.85,100,164.0,600,,,,,,,,
2026-02-05 09:33:50,163.34,163.4,2,163.06,200,163.62,700,163.62,163.06,163.06,200,163.03,400,162.84,400,162.79,1300,162.7,200,162.15,2500,,,,,,,,,163.62,700,163.63,100,163.74,100,163.83,400,163.84,100,163.85,100,164.0,600,,,,,,
2026-02-05 09:33:51,163.34,163.4,2,163.06,200,163.62,700,163.62,163.06,163.06,200,163.03,400,162.84,400,162.79,1300,162.7,200,162.15,2500,,,,,,,,,163.62,700,163.63,100,163.74,100,163.83,400,163.84,100,163.85,100,164.0,600,,,,,,
2026-02-05 09:33:52,163.34,163.4,2,163.06,200,163.62,700,163.62,163.06,163.06,200,163.03,400,162.84,400,162.79,1300,162.7,200,162.15,2500,,,,,,,,,163.62,700,163.63,100,163.74,100,163.83,400,163.84,100,163.85,100,164.0,600,,,,,,
2026-02-05 09:33:53,163.34,163.4,2,163.06,200,163.62,700,163.62,163.06,163.06,200,163.03,400,162.84,400,162.79,1300,162.7,200,162.15,2500,,,,,,,,,163.62,700,163.63,100,163.74,100,163.83,400,163.84,100,163.85,100,164.0,600,,,,,,
2026-02-05 09:33:54,163.34,163.4,2,163.06,200,163.62,700,163.62,163.06,163.06,200,163.03,400,162.84,400,162.79,1300,162.7,200,162.15,2500,,,,,,,,,163.62,700,163.63,100,163.74,100,163.83,400,163.84,100,163.85,100,164.0,600,,,,,,
2026-02-05 09:33:55,163.34,163.4,2,163.06,200,163.62,700,163.62,163.06,163.06,200,163.03,400,162.84,400,162.79,1300,162.7,200,162.15,2500,,,,,,,,,163.62,700,163.63,100,163.74,100,163.83,400,163.84,100,163.85,100,164.0,600,,,,,,
2026-02-05 09:33:56,163.34,163.4,2,163.06,200,163.62,700,163.62,163.06,163.06,200,163.03,400,162.84,400,162.79,1300,162.7,200,162.15,2500,,,,,,,,,163.62,700,163.63,100,163.74,100,163.83,400,163.84,100,163.85,100,164.0,600,,,,,,
2026-02-05 09:33:57,163.51,163.4,2,163.4,100,163.62,700,163.62,163.4,163.4,100,163.06,200,163.03,400,162.84,400,162.79,1300,162.7,200,162.15,2500,,,,,,,163.62,700,163.63,100,163.74,100,163.83,400,163.84,100,163.85,100,164.0,600,,,,,,
2026-02-05 09:33:58,163.53,163.7,1,163.06,300,164.0,700,164.0,163.06,163.06,300,163.03,400,162.84,400,162.79,1300,162.7,200,162.15,2500,,,,,,,,,164.0,700,,,,,,,,,,,,,,,,,,
2026-02-05 09:33:59,163.615,163.62,1,163.24,200,163.99,100,163.99,163.24,163.24,200,163.06,300,163.03,400,162.84,400,162.79,1300,162.7,200,162.15,2500,,,,,,,163.99,100,164.0,700,,,,,,,,,,,,,,,,
2026-02-05 09:34:00,163.615,163.62,1,163.24,200,163.99,100,163.99,163.24,163.24,200,163.06,300,163.03,400,162.84,400,162.79,1300,162.7,200,162.15,2500,,,,,,,163.99,100,164.0,700,,,,,,,,,,,,,,,,
2026-02-05 09:34:01,163.615,163.62,2,163.24,200,163.99,100,163.99,163.24,163.24,200,163.06,300,163.03,400,162.84,400,162.79,1300,162.7,200,162.15,2500,,,,,,,163.99,100,164.0,700,,,,,,,,,,,,,,,,
2026-02-05 09:34:02,163.62,163.62,2,163.25,100,163.99,100,163.99,163.25,163.25,100,163.24,200,163.06,300,163.03,400,162.84,400,162.79,1300,162.7,200,162.15,2500,,,,,163.99,100,164.0,700,,,,,,,,,,,,,,,,
2026-02-05 09:34:03,163.62,163.62,2,163.25,100,163.99,100,163.99,163.25,163.25,100,163.24,200,163.06,300,163.03,400,162.84,400,162.79,1300,162.7,200,162.15,2500,,,,,163.99,100,164.0,700,,,,,,,,,,,,,,,,
2026-02-05 09:34:04,163.62,163.62,1,163.25,100,163.99,100,163.99,163.25,163.25,100,163.24,200,163.06,300,163.03,400,162.84,400,162.79,1300,162.7,200,162.15,2500,,,,,163.99,100,164.0,700,,,,,,,,,,,,,,,,
2026-02-05 09:34:05,163.62,163.62,1,163.25,100,163.99,100,163.99,163.25,163.25,100,163.24,200,163.06,300,163.03,400,162.84,400,162.79,1300,162.7,200,162.15,2500,,,,,163.99,100,164.0,700,,,,,,,,,,,,,,,,
2026-02-05 09:34:06,163.62,163.59,1,163.25,100,163.99,100,163.99,163.25,163.25,100,163.24,200,163.06,300,163.03,400,162.84,400,162.79,1300,162.7,200,162.15,2500,,,,,163.99,100,164.0,700,,,,,,,,,,,,,,,,
2026-02-05 09:34:07,163.62,163.59,1,163.25,100,163.99,100,163.99,163.25,163.25,100,163.24,200,163.06,300,163.03,400,162.84,400,162.79,1300,162.7,200,162.15,2500,,,,,163.99,100,164.0,700,,,,,,,,,,,,,,,,
2026-02-05 09:34:08,163.62,163.59,1,163.25,100,163.99,100,163.99,163.25,163.25,100,163.24,200,163.06,300,163.03,400,162.84,400,162.79,1300,162.7,200,162.15,2500,,,,,163.99,100,164.0,700,,,,,,,,,,,,,,,,
2026-02-05 09:34:09,163.62,163.59,1,163.25,100,163.99,100,163.99,163.25,163.25,100,163.24,200,163.06,300,163.03,400,162.84,400,162.79,1300,162.7,200,162.15,2500,,,,,163.99,100,164.0,700,,,,,,,,,,,,,,,,
2026-02-05 09:34:10,163.62,163.61,1,163.25,100,163.99,100,163.99,163.25,163.25,100,163.24,200,163.06,300,163.03,400,162.84,400,162.79,1300,162.7,200,162.15,2500,,,,,163.99,100,164.0,700,,,,,,,,,,,,,,,,
2026-02-05 09:34:11,163.62,163.62,1,163.25,100,163.99,100,163.99,163.25,163.25,100,163.24,200,163.06,300,163.03,400,162.84,400,162.79,1300,162.7,200,162.15,2500,,,,,163.99,100,164.0,700,,,,,,,,,,,,,,,,
2026-02-05 09:34:12,163.62,163.62,1,163.25,100,163.99,100,163.99,163.25,163.25,100,163.24,200,163.06,300,163.03,400,162.84,400,162.79,1300,162.7,200,162.15,2500,,,,,163.99,100,164.0,700,,,,,,,,,,,,,,,,
2026-02-05 09:34:13,163.62,163.62,1,163.25,100,163.99,100,163.99,163.25,163.25,100,163.24,200,163.06,300,163.03,400,162.84,400,162.79,1300,162.7,200,162.15,2500,,,,,163.99,100,164.0,700,,,,,,,,,,,,,,,,
2026-02-05 09:34:14,163.62,163.62,1,163.25,100,163.99,100,163.99,163.25,163.25,100,163.24,200,163.06,300,163.03,400,162.84,400,162.79,1300,162.7,200,162.15,2500,,,,,163.99,100,164.0,700,,,,,,,,,,,,,,,,
2026-02-05 09:34:15,163.62,163.62,1,163.25,100,163.99,100,163.99,163.25,163.25,100,163.24,200,163.06,300,163.03,400,162.84,400,162.79,1300,162.7,200,162.15,2500,,,,,163.99,100,164.0,700,,,,,,,,,,,,,,,,
2026-02-05 09:34:16,163.165,163.24,1,162.82,1100,163.51,100,163.51,162.82,162.82,1100,162.79,1300,162.7,200,162.15,2500,,,,,,,,,,,,,163.51,100,163.65,100,163.78,200,163.99,200,164.0,700,,,,,,,,,,
2026-02-05 09:34:17,163.135,163.16,1,162.76,200,163.51,100,163.51,162.76,162.76,200,162.7,200,162.15,2500,,,,,,,,,,,,,,,163.51,100,163.65,100,163.78,200,163.99,200,164.0,700,,,,,,,,,,
2026-02-05 09:34:18,163.13,163.16,1,162.76,200,163.5,500,163.5,162.76,162.76,200,162.7,200,162.15,2500,,,,,,,,,,,,,,,163.5,500,163.51,100,163.65,100,163.78,200,163.99,200,164.0,700,,,,,,,,
2026-02-05 09:34:19,163.13,163.16,1,162.76,200,163.5,500,163.5,162.76,162.76,200,162.7,200,162.15,2500,,,,,,,,,,,,,,,163.5,500,163.51,100,163.65,100,163.78,200,163.99,200,164.0,700,,,,,,,,
2026-02-05 09:34:20,163.13,163.13,1,162.76,200,163.5,500,163.5,162.76,162.76,200,162.7,200,162.15,2500,,,,,,,,,,,,,,,163.5,500,163.51,100,163.65,100,163.78,200,163.99,200,164.0,700,,,,,,,,
2026-02-05 09:34:21,163.09,163.13,1,162.76,200,163.42,200,163.42,162.76,162.76,200,162.7,200,162.15,2500,,,,,,,,,,,,,,,163.42,200,163.5,400,163.51,100,163.65,100,163.78,200,163.99,200,164.0,700,,,,,,
2026-02-05 09:34:22,163.09,163.13,1,162.76,200,163.42,200,163.42,162.76,162.76,200,162.7,200,162.15,2500,,,,,,,,,,,,,,,163.42,200,163.5,400,163.51,100,163.65,100,163.78,200,163.99,200,164.0,700,,,,,,
2026-02-05 09:34:23,163.095,163.13,1,162.77,300,163.42,200,163.42,162.77,162.77,300,162.76,200,162.7,200,162.15,2500,,,,,,,,,,,,,163.42,200,163.5,400,163.51,100,163.65,100,163.78,200,163.99,200,164.0,700,,,,,,
2026-02-05 09:34:24,163.095,163.13,1,162.77,300,163.42,200,163.42,162.77,162.77,300,162.76,200,162.7,200,162.15,2500,,,,,,,,,,,,,163.42,200,163.5,400,163.51,100,163.65,100,163.78,200,163.99,200,164.0,700,,,,,,
2026-02-05 09:34:25,163.095,163.13,1,162.77,300,163.42,200,163.42,162.77,162.77,300,162.76,200,162.7,200,162.15,2500,,,,,,,,,,,,,163.42,200,163.5,400,163.51,100,163.65,100,163.78,200,163.99,200,164.0,700,,,,,,
2026-02-05 09:34:26,163.095,163.13,1,162.77,300,163.42,200,163.42,162.77,162.77,300,162.76,200,162.7,200,162.15,2500,,,,,,,,,,,,,163.42,200,163.5,400,163.51,100,163.65,100,163.78,200,163.99,200,164.0,700,,,,,,
2026-02-05 09:34:27,163.095,163.13,1,162.77,300,163.42,200,163.42,162.77,162.77,300,162.76,200,162.7,200,162.15,2500,,,,,,,,,,,,,163.42,200,163.5,400,163.51,100,163.65,100,163.78,200,163.99,200,164.0,700,,,,,,
2026-02-05 09:34:28,163.095,163.13,1,162.77,300,163.42,200,163.42,162.77,162.77,300,162.76,200,162.7,200,162.15,2500,,,,,,,,,,,,,163.42,200,163.5,400,163.51,100,163.65,100,163.78,200,163.99,200,164.0,700,,,,,,
2026-02-05 09:34:29,163.095,163.13,1,162.77,300,163.42,200,163.42,162.77,162.77,300,162.76,200,162.7,200,162.15,2500,,,,,,,,,,,,,163.42,200,163.5,400,163.51,100,163.65,100,163.78,200,163.99,200,164.0,700,,,,,,
2026-02-05 09:34:30,163.095,163.06,1,162.77,300,163.42,200,163.42,162.77,162.77,300,162.76,200,162.7,200,162.15,2500,,,,,,,,,,,,,163.42,200,163.5,400,163.51,100,163.65,100,163.78,200,163.99,200,164.0,700,,,,,,
2026-02-05 09:34:31,163.095,163.06,1,162.77,300,163.42,200,163.42,162.77,162.77,300,162.76,200,162.7,200,162.15,2500,,,,,,,,,,,,,163.42,200,163.5,400,163.51,100,163.65,100,163.78,200,163.99,200,164.0,700,,,,,,
2026-02-05 09:34:32,163.095,163.1,1,162.77,300,163.42,200,163.42,162.77,162.77,300,162.76,200,162.7,200,162.15,2500,,,,,,,,,,,,,163.42,200,163.5,400,163.51,100,163.65,100,163.78,200,163.99,200,164.0,700,,,,,,
2026-02-05 09:34:33,163.095,163.1,1,162.77,300,163.42,200,163.42,162.77,162.77,300,162.76,200,162.7,200,162.15,2500,,,,,,,,,,,,,163.42,200,163.5,400,163.51,100,163.65,100,163.78,200,163.99,200,164.0,700,,,,,,
2026-02-05 09:34:34,163.095,163.1,1,162.77,300,163.42,200,163.42,162.77,162.77,300,162.76,200,162.7,200,162.15,2500,,,,,,,,,,,,,163.42,200,163.5,400,163.51,100,163.65,100,163.78,200,163.99,200,164.0,700,,,,,,
2026-02-05 09:34:35,163.095,163.1,1,162.77,300,163.42,200,163.42,162.77,162.77,300,162.76,200,162.7,200,162.15,2500,,,,,,,,,,,,,163.42,200,163.5,400,163.51,100,163.65,100,163.78,200,163.99,200,164.0,700,,,,,,
2026-02-05 09:34:36,163.05,163.05,1,162.78,100,163.32,200,163.32,162.78,162.78,100,162.77,300,162.76,200,162.7,200,162.15,2500,,,,,,,,,,,163.32,200,163.42,200,163.5,400,163.51,100,163.65,100,163.78,200,163.99,200,164.0,700,,,,
2026-02-05 09:34:37,163.05,163.05,1,162.78,300,163.32,200,163.32,162.78,162.78,300,162.77,300,162.76,200,162.7,200,162.15,2500,,,,,,,,,,,163.32,200,163.42,200,163.5,400,163.51,100,163.65,100,163.78,200,163.99,200,164.0,700,,,,
2026-02-05 09:34:38,163.05,163.05,1,162.78,300,163.32,200,163.32,162.78,162.78,300,162.77,300,162.76,200,162.7,200,162.15,2500,,,,,,,,,,,163.32,200,163.42,200,163.5,400,163.51,100,163.65,100,163.78,200,163.99,200,164.0,700,,,,
2026-02-05 09:34:39,163.05,163.05,1,162.78,300,163.32,200,163.32,162.78,162.78,300,162.77,300,162.76,200,162.7,200,162.15,2500,,,,,,,,,,,163.32,200,163.42,200,163.5,400,163.51,100,163.65,100,163.78,200,163.99,200,164.0,700,,,,
2026-02-05 09:34:40,163.05,163.05,1,162.78,300,163.32,200,163.32,162.78,162.78,300,162.77,300,162.76,200,162.7,200,162.15,2500,,,,,,,,,,,163.32,200,163.42,200,163.5,400,163.51,100,163.65,100,163.78,200,163.99,200,164.0,700,,,,
2026-02-05 09:34:41,163.05,163.05,1,162.78,300,163.32,200,163.32,162.78,162.78,300,162.77,300,162.76,200,162.7,200,162.15,2500,,,,,,,,,,,163.32,200,163.42,200,163.5,400,163.51,100,163.65,100,163.78,200,163.99,200,164.0,700,,,,
2026-02-05 09:34:42,163.05,163.05,1,162.78,300,163.32,200,163.32,162.78,162.78,300,162.77,300,162.76,200,162.7,200,162.15,2500,,,,,,,,,,,163.32,200,163.42,200,163.5,400,163.51,100,163.65,100,163.78,200,163.99,200,164.0,700,,,,
2026-02-05 09:34:43,163.05,163.05,1,162.78,300,163.32,200,163.32,162.78,162.78,300,162.77,300,162.76,200,162.7,200,162.15,2500,,,,,,,,,,,163.32,200,163.42,200,163.5,400,163.51,100,163.65,100,163.78,200,163.99,200,164.0,700,,,,
2026-02-05 09:34:44,162.655,162.78,2,162.42,100,162.89,100,162.89,162.42,162.42,100,162.38,200,162.35,300,162.15,2500,,,,,,,,,,,,,162.89,100,163.14,100,163.16,100,163.32,400,163.42,200,163.5,400,163.51,100,163.65,100,163.78,200,163.99,200
2026-02-05 09:34:45,162.655,162.66,1,162.42,100,162.89,100,162.89,162.42,162.42,100,162.38,200,162.35,300,162.15,2500,,,,,,,,,,,,,162.89,100,163.14,100,163.16,100,163.32,400,163.42,200,163.5,400,163.51,100,163.65,100,163.78,200,163.99,200
2026-02-05 09:34:46,162.655,162.66,1,162.42,100,162.89,100,162.89,162.42,162.42,100,162.38,200,162.35,300,162.15,2500,,,,,,,,,,,,,162.89,100,163.14,100,163.16,100,163.32,400,163.42,200,163.5,400,163.51,100,163.65,100,163.78,200,163.99,200
2026-02-05 09:34:47,162.775,162.66,1,162.66,100,162.89,100,162.89,162.66,162.66,100,162.65,100,162.42,100,162.38,200,162.35,300,162.15,2500,,,,,,,,,162.89,100,163.14,100,163.16,100,163.32,400,163.42,200,163.5,400,163.51,100,163.65,100,163.78,200,163.99,200
2026-02-05 09:34:48,162.775,162.66,1,162.66,100,162.89,200,162.89,162.66,162.66,100,162.65,100,162.42,100,162.38,200,162.35,300,162.15,2500,,,,,,,,,162.89,200,163.14,100,163.16,100,163.32,400,163.42,200,163.5,400,163.51,100,163.65,100,163.78,200,163.99,200
2026-02-05 09:34:49,162.655,162.67,1,162.42,100,162.89,200,162.89,162.42,162.42,100,162.38,200,162.35,300,162.15,2500,,,,,,,,,,,,,162.89,200,163.14,100,163.16,100,163.32,400,163.42,200,163.5,400,163.51,100,163.65,100,163.78,200,163.99,200
2026-02-05 09:34:50,162.655,162.67,1,162.42,100,162.89,200,162.89,162.42,162.42,100,162.38,200,162.35,300,162.15,2500,,,,,,,,,,,,,162.89,200,163.14,100,163.16,100,163.32,400,163.42,200,163.5,400,163.51,100,163.65,100,163.78,200,163.99,200
2026-02-05 09:34:51,162.655,162.66,1,162.42,100,162.89,200,162.89,162.42,162.42,100,162.38,200,162.35,300,162.15,2500,,,,,,,,,,,,,162.89,200,163.14,100,163.16,100,163.32,400,163.42,200,163.5,400,163.51,100,163.65,100,163.78,200,163.99,200
2026-02-05 09:34:52,162.605,162.66,1,162.42,200,162.79,100,162.79,162.42,162.42,200,162.38,200,162.35,300,162.15,2500,,,,,,,,,,,,,162.79,100,162.89,200,163.14,100,163.16,100,163.32,400,163.42,200,163.5,400,163.51,100,163.65,100,163.78,200
2026-02-05 09:34:53,162.605,162.66,1,162.42,200,162.79,100,162.79,162.42,162.42,200,162.38,200,162.35,300,162.15,2500,,,,,,,,,,,,,162.79,100,162.89,200,163.14,100,163.16,100,163.32,400,163.42,200,163.5,400,163.51,100,163.65,100,163.78,200
2026-02-05 09:34:54,162.605,162.66,1,162.42,200,162.79,200,162.79,162.42,162.42,200,162.38,200,162.35,300,162.15,2500,,,,,,,,,,,,,162.79,200,162.89,200,163.14,100,163.16,100,163.32,400,163.42,200,163.5,400,163.51,100,163.65,100,163.78,200
2026-02-05 09:34:55,162.605,162.42,1,162.42,200,162.79,300,162.79,162.42,162.42,200,162.38,200,162.35,300,162.15,2500,,,,,,,,,,,,,162.79,300,162.89,200,163.14,100,163.16,100,163.32,400,163.42,200,163.5,400,163.51,100,163.65,100,163.78,200
2026-02-05 09:34:56,162.595,162.49,1,162.42,200,162.77,200,162.77,162.42,162.42,200,162.38,200,162.35,300,162.15,2500,,,,,,,,,,,,,162.77,200,162.79,200,162.89,200,163.14,100,163.16,100,163.32,400,163.42,200,163.5,400,163.51,100,163.65,100
2026-02-05 09:34:57,162.555,162.47,1,162.42,200,162.69,200,162.69,162.42,162.42,200,162.38,200,162.35,300,162.15,2500,,,,,,,,,,,,,162.69,200,162.77,200,162.79,200,162.89,200,163.14,100,163.16,100,163.32,400,163.42,200,163.5,400,163.51,100
2026-02-05 09:34:58,162.555,162.47,1,162.42,200,162.69,200,162.69,162.42,162.42,200,162.38,200,162.35,300,162.15,2500,,,,,,,,,,,,,162.69,200,162.77,200,162.79,200,162.89,200,163.14,100,163.16,100,163.32,400,163.42,200,163.5,400,163.51,100
2026-02-05 09:34:59,162.49,162.55,1,162.3,300,162.68,200,162.68,162.3,162.3,300,162.22,200,162.15,2500,,,,,,,,,,,,,,,162.68,200,162.69,200,162.77,200,162.79,200,162.89,200,163.14,100,163.16,100,163.32,400,163.42,200,163.5,400
2026-02-05 09:35:00,162.45,162.5,1,162.3,300,162.6,100,162.6,162.3,162.3,300,162.22,200,162.15,2500,,,,,,,,,,,,,,,162.6,100,162.68,200,162.69,200,162.77,200,162.79,200,162.89,200,163.14,100,163.16,100,163.32,400,163.42,200
2026-02-05 09:35:01,162.45,162.5,1,162.3,300,162.6,100,162.6,162.3,162.3,300,162.22,200,162.15,2500,,,,,,,,,,,,,,,162.6,100,162.68,200,162.69,200,162.77,200,162.79,200,162.89,200,163.14,100,163.16,100,163.32,400,163.42,200
2026-02-05 09:35:02,162.45,162.5,1,162.3,300,162.6,100,162.6,162.3,162.3,300,162.22,200,162.15,2500,,,,,,,,,,,,,,,162.6,100,162.68,200,162.69,200,162.77,200,162.79,200,162.89,200,163.14,100,163.16,100,163.32,400,163.42,200
2026-02-05 09:35:03,162.45,162.5,1,162.3,300,162.6,100,162.6,162.3,162.3,300,162.22,200,162.15,2500,,,,,,,,,,,,,,,162.6,100,162.68,200,162.69,200,162.77,200,162.79,200,162.89,200,163.14,100,163.16,100,163.32,400,163.42,200
2026-02-05 09:35:04,162.425,163.42,1,162.25,100,162.6,100,162.6,162.25,162.25,100,162.22,200,162.15,2500,,,,,,,,,,,,,,,162.6,100,162.68,200,162.69,200,162.77,200,162.79,200,162.89,200,163.14,100,163.16,100,163.32,400,163.42,200
2026-02-05 09:35:05,162.425,163.42,1,162.25,100,162.6,100,162.6,162.25,162.25,100,162.22,200,162.15,2500,,,,,,,,,,,,,,,162.6,100,162.68,200,162.69,200,162.77,200,162.79,200,162.89,200,163.14,100,163.16,100,163.32,400,163.42,200
2026-02-05 09:35:06,162.425,162.29,1,162.25,100,162.6,100,162.6,162.25,162.25,100,162.22,200,162.15,2500,,,,,,,,,,,,,,,162.6,100,162.68,200,162.69,200,162.77,200,162.79,200,162.89,200,163.14,100,163.16,100,163.32,400,163.42,200
2026-02-05 09:35:07,162.425,162.29,1,162.25,100,162.6,100,162.6,162.25,162.25,100,162.22,200,162.15,2500,,,,,,,,,,,,,,,162.6,100,162.68,200,162.69,200,162.77,200,162.79,200,162.89,200,163.14,100,163.16,100,163.32,400,163.42,200
2026-02-05 09:35:08,162.425,162.29,1,162.25,300,162.6,100,162.6,162.25,162.25,300,162.22,200,162.15,2500,,,,,,,,,,,,,,,162.6,100,162.68,200,162.69,200,162.77,200,162.79,200,162.89,200,163.14,100,163.16,100,163.32,400,163.42,200
2026-02-05 09:35:09,162.425,162.29,1,162.25,300,162.6,100,162.6,162.25,162.25,300,162.22,200,162.15,2500,,,,,,,,,,,,,,,162.6,100,162.68,200,162.69,200,162.77,200,162.79,200,162.89,200,163.14,100,163.16,100,163.32,400,163.42,200
2026-02-05 09:35:10,162.425,162.29,1,162.25,300,162.6,200,162.6,162.25,162.25,300,162.22,200,162.15,2500,,,,,,,,,,,,,,,162.6,200,162.68,200,162.69,200,162.77,200,162.79,200,162.89,200,163.14,100,163.16,100,163.32,400,163.42,200
2026-02-05 09:35:11,162.425,162.43,3,162.25,300,162.6,200,162.6,162.25,162.25,300,162.22,200,162.15,2500,,,,,,,,,,,,,,,162.6,200,162.68,200,162.69,200,162.77,200,162.79,200,162.89,200,163.14,100,163.16,100,163.32,400,163.42,200
2026-02-05 09:35:12,162.425,162.43,3,162.25,300,162.6,200,162.6,162.25,162.25,300,162.22,200,162.15,2500,,,,,,,,,,,,,,,162.6,200,162.68,200,162.69,200,162.77,200,162.79,200,162.89,200,163.14,100,163.16,100,163.32,400,163.42,200
2026-02-05 09:35:13,162.425,162.43,3,162.25,300,162.6,200,162.6,162.25,162.25,300,162.22,200,162.15,2500,,,,,,,,,,,,,,,162.6,200,162.68,200,162.69,200,162.77,200,162.79,200,162.89,200,163.14,100,163.16,100,163.32,400,163.42,200
2026-02-05 09:35:14,162.425,162.43,3,162.25,300,162.6,200,162.6,162.25,162.25,300,162.22,200,162.15,2500,,,,,,,,,,,,,,,162.6,200,162.68,200,162.69,200,162.77,200,162.79,200,162.89,200,163.14,100,163.16,100,163.32,400,163.42,200
2026-02-05 09:35:15,162.425,162.43,3,162.25,300,162.6,200,162.6,162.25,162.25,300,162.22,200,162.15,2500,,,,,,,,,,,,,,,162.6,200,162.68,200,162.69,200,162.77,200,162.79,200,162.89,200,163.14,100,163.16,100,163.32,400,163.42,200
2026-02-05 09:35:16,162.55,162.43,3,162.42,100,162.68,100,162.68,162.42,162.42,100,162.25,300,162.22,200,162.15,2500,,,,,,,,,,,,,162.68,100,162.69,200,162.77,200,162.79,200,162.89,200,163.14,100,163.16,100,163.32,400,163.42,200,163.5,400
2026-02-05 09:35:17,162.55,162.43,3,162.42,100,162.68,100,162.68,162.42,162.42,100,162.25,300,162.22,200,162.15,2500,,,,,,,,,,,,,162.68,100,162.69,200,162.77,200,162.79,200,162.89,200,163.14,100,163.16,100,163.32,400,163.42,200,163.5,400
2026-02-05 09:35:18,162.55,162.43,3,162.42,100,162.68,100,162.68,162.42,162.42,100,162.25,300,162.22,200,162.15,2500,,,,,,,,,,,,,162.68,100,162.69,200,162.77,200,162.79,200,162.89,200,163.14,100,163.16,100,163.32,400,163.42,200,163.5,400
2026-02-05 09:35:19,162.55,162.43,3,162.42,100,162.68,100,162.68,162.42,162.42,100,162.25,300,162.22,200,162.15,2500,,,,,,,,,,,,,162.68,100,162.69,200,162.77,200,162.79,200,162.89,200,163.14,100,163.16,100,163.32,400,163.42,200,163.5,400
2026-02-05 09:35:20,162.84,162.84,1,162.68,100,163.0,100,163.0,162.68,162.68,100,162.43,100,162.42,100,162.25,300,162.22,200,162.15,2500,,,,,,,,,163.0,100,163.14,100,163.16,100,163.32,400,163.42,200,163.5,400,163.51,100,163.65,100,163.78,200,163.99,200
2026-02-05 09:35:21,162.68,162.84,1,162.37,100,162.99,300,162.99,162.37,162.37,100,162.25,300,162.22,200,162.15,2500,,,,,,,,,,,,,162.99,300,163.0,100,163.14,100,163.16,100,163.32,400,163.42,200,163.5,400,163.51,100,163.65,100,163.78,200
2026-02-05 09:35:22,162.645,162.84,1,162.37,100,162.92,200,162.92,162.37,162.37,100,162.25,300,162.22,200,162.15,2500,,,,,,,,,,,,,162.92,200,162.99,300,163.0,100,163.14,100,163.16,100,163.32,400,163.42,200,163.5,400,163.51,100,163.65,100
2026-02-05 09:35:23,162.65,162.84,1,162.38,100,162.92,200,162.92,162.38,162.38,100,162.37,100,162.25,300,162.22,200,162.15,2500,,,,,,,,,,,162.92,200,162.99,300,163.0,100,163.14,100,163.16,100,163.32,400,163.42,200,163.5,400,163.51,100,163.65,100
2026-02-05 09:35:24,162.65,162.84,1,162.38,100,162.92,200,162.92,162.38,162.38,100,162.37,100,162.25,300,162.22,200,162.15,2500,,,,,,,,,,,162.92,200,162.99,300,163.0,100,163.14,100,163.16,100,163.32,400,163.42,200,163.5,400,163.51,100,163.65,100
2026-02-05 09:35:25,162.65,162.84,1,162.38,100,162.92,200,162.92,162.38,162.38,100,162.37,100,162.25,300,162.22,200,162.15,2500,,,,,,,,,,,162.92,200,162.99,300,163.0,100,163.14,100,163.16,100,163.32,400,163.42,200,163.5,400,163.51,100,163.65,100
2026-02-05 09:35:26,162.65,162.84,1,162.38,100,162.92,200,162.92,162.38,162.38,100,162.37,100,162.25,300,162.22,200,162.15,2500,,,,,,,,,,,162.92,200,162.99,300,163.0,100,163.14,100,163.16,100,163.32,400,163.42,200,163.5,400,163.51,100,163.65,100
2026-02-05 09:35:27,162.62,162.62,1,162.38,200,162.86,100,162.86,162.38,162.38,200,162.37,100,162.25,300,162.22,200,162.15,2500,,,,,,,,,,,162.86,100,162.92,200,162.99,300,163.0,100,163.14,100,163.16,100,163.32,400,163.42,200,163.5,400,163.51,100
2026-02-05 09:35:28,162.62,162.62,1,162.38,200,162.86,100,162.86,162.38,162.38,200,162.37,100,162.25,300,162.22,200,162.15,2500,,,,,,,,,,,162.86,100,162.92,200,162.99,300,163.0,100,163.14,100,163.16,100,163.32,400,163.42,200,163.5,400,163.51,100
2026-02-05 09:35:29,162.62,162.62,1,162.38,200,162.86,100,162.86,162.38,162.38,200,162.37,100,162.25,300,162.22,200,162.15,2500,,,,,,,,,,,162.86,100,162.92,200,162.99,300,163.0,100,163.14,100,163.16,100,163.32,400,163.42,200,163.5,400,163.51,100
2026-02-05 09:35:30,162.62,162.62,1,162.38,200,162.86,100,162.86,162.38,162.38,200,162.37,100,162.25,300,162.22,200,162.15,2500,,,,,,,,,,,162.86,100,162.92,200,162.99,300,163.0,100,163.14,100,163.16,100,163.32,400,163.42,200,163.5,400,163.51,100
2026-02-05 09:35:31,162.62,162.62,1,162.38,200,162.86,200,162.86,162.38,162.38,200,162.37,100,162.25,300,162.22,200,162.15,2500,,,,,,,,,,,162.86,200,162.92,200,162.99,300,163.0,100,163.14,100,163.16,100,163.32,400,163.42,200,163.5,400,163.51,100
2026-02-05 09:35:32,162.615,162.62,1,162.38,200,162.85,200,162.85,162.38,162.38,200,162.37,100,162.25,300,162.22,200,162.15,2500,,,,,,,,,,,162.85,200,162.86,200,162.92,200,162.99,300,163.0,100,163.14,100,163.16,100,163.32,400,163.42,200,163.5,400
2026-02-05 09:35:33,162.615,162.62,1,162.38,200,162.85,200,162.85,162.38,162.38,200,162.37,100,162.25,300,162.22,200,162.15,2500,,,,,,,,,,,162.85,200,162.86,200,162.92,200,162.99,300,163.0,100,163.14,100,163.16,100,163.32,400,163.42,200,163.5,400
2026-02-05 09:35:34,162.615,162.62,1,162.38,200,162.85,200,162.85,162.38,162.38,200,162.37,100,162.25,300,162.22,200,162.15,2500,,,,,,,,,,,162.85,200,162.86,200,162.92,200,162.99,300,163.0,100,163.14,100,163.16,100,163.32,400,163.42,200,163.5,400
2026-02-05 09:35:35,162.615,162.62,1,162.38,200,162.85,400,162.85,162.38,162.38,200,162.37,100,162.25,300,162.22,200,162.15,2500,,,,,,,,,,,162.85,400,162.86,200,162.92,200,162.99,300,163.0,100,163.14,100,163.16,100,163.32,400,163.42,200,163.5,400
2026-02-05 09:35:36,162.615,162.62,1,162.38,200,162.85,400,162.85,162.38,162.38,200,162.37,100,162.25,300,162.22,200,162.15,2500,,,,,,,,,,,162.85,400,162.86,200,162.92,200,162.99,300,163.0,100,163.14,100,163.16,100,163.32,400,163.42,200,163.5,400
2026-02-05 09:35:37,162.615,162.62,1,162.38,200,162.85,400,162.85,162.38,162.38,200,162.37,100,162.25,300,162.22,200,162.15,2500,,,,,,,,,,,162.85,400,162.86,200,162.92,200,162.99,300,163.0,100,163.14,100,163.16,100,163.32,400,163.42,200,163.5,400
2026-02-05 09:35:38,162.205,162.25,1,162.04,100,162.37,200,162.37,162.04,162.04,100,161.88,1200,,,,,,,,,,,,,,,,,162.37,200,162.38,100,162.39,200,162.57,100,162.84,100,162.85,600,162.86,200,162.92,200,162.99,300,163.0,100
2026-02-05 09:35:39,162.205,162.25,1,162.04,100,162.37,200,162.37,162.04,162.04,100,161.88,1200,,,,,,,,,,,,,,,,,162.37,200,162.38,100,162.39,200,162.57,100,162.84,100,162.85,600,162.86,200,162.92,200,162.99,300,163.0,100
2026-02-05 09:35:40,162.205,162.25,1,162.04,100,162.37,200,162.37,162.04,162.04,100,161.88,1200,,,,,,,,,,,,,,,,,162.37,200,162.38,100,162.39,200,162.57,100,162.84,100,162.85,600,162.86,200,162.92,200,162.99,300,163.0,100
2026-02-05 09:35:41,162.205,162.25,1,162.04,100,162.37,200,162.37,162.04,162.04,100,161.88,1200,,,,,,,,,,,,,,,,,162.37,200,162.38,100,162.39,200,162.57,100,162.84,100,162.85,600,162.86,200,162.92,200,162.99,300,163.0,100
2026-02-05 09:35:42,162.205,162.25,1,162.04,100,162.37,200,162.37,162.04,162.04,100,161.88,1200,,,,,,,,,,,,,,,,,162.37,200,162.38,100,162.39,200,162.57,100,162.84,100,162.85,600,162.86,200,162.92,200,162.99,300,163.0,100
2026-02-05 09:35:43,162.205,162.25,1,162.04,200,162.37,200,162.37,162.04,162.04,200,161.88,1200,,,,,,,,,,,,,,,,,162.37,200,162.38,100,162.39,200,162.57,100,162.84,100,162.85,600,162.86,200,162.92,200,162.99,300,163.0,100
2026-02-05 09:35:44,162.205,162.25,1,162.04,200,162.37,200,162.37,162.04,162.04,200,161.88,1200,,,,,,,,,,,,,,,,,162.37,200,162.38,100,162.39,200,162.57,100,162.84,100,162.85,600,162.86,200,162.92,200,162.99,300,163.0,100
2026-02-05 09:35:45,162.205,162.25,1,162.04,200,162.37,200,162.37,162.04,162.04,200,161.88,1200,,,,,,,,,,,,,,,,,162.37,200,162.38,100,162.39,200,162.57,100,162.84,100,162.85,600,162.86,200,162.92,200,162.99,300,163.0,100
2026-02-05 09:35:46,162.205,162.25,1,162.04,200,162.37,200,162.37,162.04,162.04,200,161.88,1200,,,,,,,,,,,,,,,,,162.37,200,162.38,100,162.39,200,162.57,100,162.84,100,162.85,600,162.86,200,162.92,200,162.99,300,163.0,100
2026-02-05 09:35:47,162.205,162.25,1,162.04,200,162.37,200,162.37,162.04,162.04,200,161.88,1200,,,,,,,,,,,,,,,,,162.37,200,162.38,100,162.39,200,162.57,100,162.84,100,162.85,600,162.86,200,162.92,200,162.99,300,163.0,100
2026-02-05 09:35:48,162.205,162.21,1,162.04,200,162.37,200,162.37,162.04,162.04,200,161.88,1200,,,,,,,,,,,,,,,,,162.37,200,162.38,100,162.39,200,162.57,100,162.84,100,162.85,600,162.86,200,162.92,200,162.99,300,163.0,100
2026-02-05 09:35:49,162.205,162.21,1,162.04,200,162.37,200,162.37,162.04,162.04,200,161.88,1200,,,,,,,,,,,,,,,,,162.37,200,162.38,100,162.39,200,162.57,100,162.84,100,162.85,600,162.86,200,162.92,200,162.99,300,163.0,100
2026-02-05 09:35:50,162.205,162.11,2,162.04,200,162.37,200,162.37,162.04,162.04,200,161.88,1200,,,,,,,,,,,,,,,,,162.37,200,162.38,100,162.39,200,162.57,100,162.84,100,162.85,600,162.86,200,162.92,200,162.99,300,163.0,100
2026-02-05 09:35:51,162.205,162.11,2,162.04,200,162.37,200,162.37,162.04,162.04,200,161.88,1200,,,,,,,,,,,,,,,,,162.37,200,162.38,100,162.39,200,162.57,100,162.84,100,162.85,600,162.86,200,162.92,200,162.99,300,163.0,100
2026-02-05 09:35:52,162.205,162.07,1,162.04,200,162.37,200,162.37,162.04,162.04,200,161.88,1200,,,,,,,,,,,,,,,,,162.37,200,162.38,100,162.39,200,162.57,100,162.84,100,162.85,600,162.86,200,162.92,200,162.99,300,163.0,100
2026-02-05 09:35:53,162.205,162.04,1,162.04,200,162.37,200,162.37,162.04,162.04,200,161.88,1200,,,,,,,,,,,,,,,,,162.37,200,162.38,100,162.39,200,162.57,100,162.84,100,162.85,600,162.86,200,162.92,200,162.99,300,163.0,100
2026-02-05 09:35:54,162.205,162.21,1,162.04,200,162.37,200,162.37,162.04,162.04,200,161.88,1200,,,,,,,,,,,,,,,,,162.37,200,162.38,100,162.39,200,162.57,100,162.84,100,162.85,600,162.86,200,162.92,200,162.99,300,163.0,100
2026-02-05 09:35:56,162.2,162.21,1,162.04,200,162.36,100,162.36,162.04,162.04,200,161.88,1200,,,,,,,,,,,,,,,,,162.36,100,162.37,200,162.38,100,162.39,200,162.57,100,162.84,100,162.85,600,162.86,200,162.92,200,162.99,300
2026-02-05 09:35:57,162.195,162.21,1,162.04,200,162.35,100,162.35,162.04,162.04,200,161.88,1200,,,,,,,,,,,,,,,,,162.35,100,162.36,100,162.37,200,162.38,100,162.39,200,162.57,100,162.84,100,162.85,600,162.86,200,162.92,200
2026-02-05 09:35:57,162.275,162.35,1,162.1,100,162.45,200,162.45,162.1,162.1,100,162.04,200,161.88,1200,,,,,,,,,,,,,,,162.45,200,162.71,200,162.84,100,162.85,600,162.86,200,162.92,200,162.99,300,163.0,100,163.14,100,163.16,100
2026-02-05 09:35:58,162.24,162.24,1,162.04,200,162.44,100,162.44,162.04,162.04,200,161.88,1200,,,,,,,,,,,,,,,,,162.44,100,162.45,200,162.71,200,162.84,100,162.85,600,162.86,200,162.92,200,162.99,300,163.0,100,163.14,100
2026-02-05 09:35:59,162.24,162.24,1,162.04,200,162.44,100,162.44,162.04,162.04,200,161.88,1200,,,,,,,,,,,,,,,,,162.44,100,162.45,200,162.71,200,162.84,100,162.85,600,162.86,200,162.92,200,162.99,300,163.0,100,163.14,100
2026-02-05 09:36:00,162.24,162.24,1,162.04,300,162.44,100,162.44,162.04,162.04,300,161.88,1200,,,,,,,,,,,,,,,,,162.44,100,162.45,200,162.71,200,162.84,100,162.85,600,162.86,200,162.92,200,162.99,300,163.0,100,163.14,100
2026-02-05 09:36:02,162.24,162.24,1,162.04,300,162.44,100,162.44,162.04,162.04,300,161.88,1200,,,,,,,,,,,,,,,,,162.44,100,162.45,200,162.71,200,162.84,100,162.85,600,162.86,200,162.92,200,162.99,300,163.0,100,163.14,100
2026-02-05 09:36:03,162.195,162.24,1,162.04,300,162.35,200,162.35,162.04,162.04,300,161.88,1200,,,,,,,,,,,,,,,,,162.35,200,162.44,400,162.45,200,162.71,200,162.84,100,162.85,600,162.86,200,162.92,200,162.99,300,163.0,100
2026-02-05 09:36:04,162.195,162.24,1,162.04,300,162.35,200,162.35,162.04,162.04,300,161.88,1200,,,,,,,,,,,,,,,,,162.35,200,162.44,400,162.45,200,162.71,200,162.84,100,162.85,600,162.86,200,162.92,200,162.99,300,163.0,100
2026-02-05 09:36:05,162.195,162.19,1,162.04,300,162.35,300,162.35,162.04,162.04,300,161.88,1200,,,,,,,,,,,,,,,,,162.35,300,162.44,400,162.45,200,162.71,200,162.84,100,162.85,600,162.86,200,162.92,200,162.99,300,163.0,100
2026-02-05 09:36:06,162.195,162.19,1,162.04,300,162.35,300,162.35,162.04,162.04,300,161.88,1200,,,,,,,,,,,,,,,,,162.35,300,162.44,400,162.45,200,162.71,200,162.84,100,162.85,600,162.86,200,162.92,200,162.99,300,163.0,100
2026-02-05 09:36:06,162.195,162.19,1,162.04,300,162.35,300,162.35,162.04,162.04,300,161.88,1200,,,,,,,,,,,,,,,,,162.35,300,162.44,400,162.45,200,162.71,200,162.84,100,162.85,600,162.86,200,162.92,200,162.99,300,163.0,100
2026-02-05 09:36:07,162.195,162.19,1,162.04,300,162.35,300,162.35,162.04,162.04,300,161.88,1200,,,,,,,,,,,,,,,,,162.35,300,162.44,400,162.45,200,162.71,200,162.84,100,162.85,600,162.86,200,162.92,200,162.99,300,163.0,100
2026-02-05 09:36:09,162.195,162.19,1,162.04,300,162.35,300,162.35,162.04,162.04,300,161.88,1200,,,,,,,,,,,,,,,,,162.35,300,162.44,400,162.45,200,162.71,200,162.84,100,162.85,600,162.86,200,162.92,200,162.99,300,163.0,100
2026-02-05 09:36:09,162.195,162.19,1,162.04,300,162.35,300,162.35,162.04,162.04,300,161.88,1200,,,,,,,,,,,,,,,,,162.35,300,162.44,400,162.45,200,162.71,200,162.84,100,162.85,600,162.86,200,162.92,200,162.99,300,163.0,100
2026-02-05 09:36:11,162.195,162.19,1,162.04,200,162.35,300,162.35,162.04,162.04,200,161.88,1200,,,,,,,,,,,,,,,,,162.35,300,162.44,400,162.45,200,162.71,200,162.84,100,162.85,600,162.86,200,162.92,200,162.99,300,163.0,100
2026-02-05 09:36:12,162.465,162.5,1,162.05,100,162.88,400,162.88,162.05,162.05,100,162.04,200,161.88,1200,,,,,,,,,,,,,,,162.88,400,162.92,200,162.99,300,163.0,100,163.14,100,163.16,100,163.32,400,163.42,200,163.5,400,163.51,100
2026-02-05 09:36:13,162.465,162.47,1,162.06,100,162.87,100,162.87,162.06,162.06,100,162.05,100,162.04,200,161.88,1200,,,,,,,,,,,,,162.87,100,162.93,200,162.99,300,163.0,100,163.14,100,163.16,100,163.32,400,163.42,200,163.5,400,163.51,100
2026-02-05 09:36:13,162.665,162.66,1,162.46,100,162.87,100,162.87,162.46,162.46,100,162.06,100,162.05,100,162.04,200,161.88,1200,,,,,,,,,,,162.87,100,162.93,200,162.99,300,163.0,100,163.14,100,163.16,100,163.32,400,163.42,200,163.5,400,163.51,100
2026-02-05 09:36:15,162.55,162.66,1,162.23,100,162.87,100,162.87,162.23,162.23,100,162.14,100,162.04,300,161.88,1200,,,,,,,,,,,,,162.87,100,162.93,200,162.99,300,163.0,100,163.14,100,163.16,100,163.32,400,163.42,200,163.5,400,163.51,100
2026-02-05 09:36:16,162.55,162.66,1,162.23,200,162.87,200,162.87,162.23,162.23,200,162.14,100,162.04,300,161.88,1200,,,,,,,,,,,,,162.87,200,162.93,200,162.99,300,163.0,100,163.14,100,163.16,100,163.32,400,163.42,200,163.5,400,163.51,100
2026-02-05 09:36:17,162.55,162.66,1,162.23,200,162.87,200,162.87,162.23,162.23,200,162.14,100,162.04,300,161.88,1200,,,,,,,,,,,,,162.87,200,162.93,200,162.99,300,163.0,100,163.14,100,163.16,100,163.32,400,163.42,200,163.5,400,163.51,100
2026-02-05 09:36:18,162.55,162.66,1,162.23,200,162.87,300,162.87,162.23,162.23,200,162.14,100,162.04,300,161.88,1200,,,,,,,,,,,,,162.87,300,162.93,200,162.99,300,163.0,100,163.14,100,163.16,100,163.32,400,163.42,200,163.5,400,163.51,100
2026-02-05 09:36:19,162.55,162.66,1,162.23,200,162.87,300,162.87,162.23,162.23,200,162.14,100,162.04,300,161.88,1200,,,,,,,,,,,,,162.87,300,162.93,200,162.99,300,163.0,100,163.14,100,163.16,100,163.32,400,163.42,200,163.5,400,163.51,100
2026-02-05 09:36:20,162.55,162.66,1,162.23,200,162.87,300,162.87,162.23,162.23,200,162.14,100,162.04,300,161.88,1200,,,,,,,,,,,,,162.87,300,162.93,200,162.99,300,163.0,100,163.14,100,163.16,100,163.32,400,163.42,200,163.5,400,163.51,100
2026-02-05 09:36:21,162.55,162.66,1,162.23,200,162.87,300,162.87,162.23,162.23,200,162.14,100,162.04,300,161.88,1200,,,,,,,,,,,,,162.87,300,162.93,200,162.99,300,163.0,100,163.14,100,163.16,100,163.32,400,163.42,200,163.5,400,163.51,100
2026-02-05 09:36:22,162.55,162.66,1,162.23,200,162.87,300,162.87,162.23,162.23,200,162.14,100,162.04,300,161.88,1200,,,,,,,,,,,,,162.87,300,162.93,200,162.99,300,163.0,100,163.14,100,163.16,100,163.32,400,163.42,200,163.5,400,163.51,100
2026-02-05 09:36:23,162.55,162.66,1,162.23,200,162.87,300,162.87,162.23,162.23,200,162.14,100,162.04,300,161.88,1200,,,,,,,,,,,,,162.87,300,162.93,200,162.99,300,163.0,100,163.14,100,163.16,100,163.32,400,163.42,200,163.5,400,163.51,100
2026-02-05 09:36:24,162.55,162.66,1,162.23,200,162.87,300,162.87,162.23,162.23,200,162.14,100,162.04,300,161.88,1200,,,,,,,,,,,,,162.87,300,162.93,200,162.99,300,163.0,100,163.14,100,163.16,100,163.32,400,163.42,200,163.5,400,163.51,100
2026-02-05 09:36:25,162.55,162.66,1,162.23,200,162.87,400,162.87,162.23,162.23,200,162.14,100,162.04,300,161.88,1200,,,,,,,,,,,,,162.87,400,162.93,200,162.99,300,163.0,100,163.14,100,163.16,100,163.32,400,163.42,200,163.5,400,163.51,100
2026-02-05 09:36:26,162.55,162.66,1,162.23,200,162.87,600,162.87,162.23,162.23,200,162.14,100,162.04,300,161.88,1200,,,,,,,,,,,,,162.87,600,162.93,200,162.99,300,163.0,100,163.14,100,163.16,100,163.32,400,163.42,200,163.5,400,163.51,100
2026-02-05 09:36:27,162.55,162.66,1,162.23,200,162.87,600,162.87,162.23,162.23,200,162.14,100,162.04,300,161.88,1200,,,,,,,,,,,,,162.87,600,162.93,200,162.99,300,163.0,100,163.14,100,163.16,100,163.32,400,163.42,200,163.5,400,163.51,100
2026-02-05 09:36:28,162.55,162.55,1,162.23,200,162.87,600,162.87,162.23,162.23,200,162.14,100,162.04,300,161.88,1200,,,,,,,,,,,,,162.87,600,162.93,200,162.99,300,163.0,100,163.14,100,163.16,100,163.32,400,163.42,200,163.5,400,163.51,100
2026-02-05 09:36:29,162.55,162.55,1,162.23,200,162.87,600,162.87,162.23,162.23,200,162.14,100,162.04,300,161.88,1200,,,,,,,,,,,,,162.87,600,162.93,200,162.99,300,163.0,100,163.14,100,163.16,100,163.32,400,163.42,200,163.5,400,163.51,100
2026-02-05 09:36:30,162.55,162.55,1,162.23,200,162.87,600,162.87,162.23,162.23,200,162.14,100,162.04,300,161.88,1200,,,,,,,,,,,,,162.87,600,162.93,200,162.99,300,163.0,100,163.14,100,163.16,100,163.32,400,163.42,200,163.5,400,163.51,100
2026-02-05 09:36:31,162.55,162.55,1,162.23,200,162.87,600,162.87,162.23,162.23,200,162.14,100,162.04,300,161.88,1200,,,,,,,,,,,,,162.87,600,162.93,200,162.99,300,163.0,100,163.14,100,163.16,100,163.32,400,163.42,200,163.5,400,163.51,100
2026-02-05 09:36:32,162.535,162.55,1,162.23,200,162.84,200,162.84,162.23,162.23,200,162.14,100,162.04,300,161.88,1200,,,,,,,,,,,,,162.84,200,162.87,600,162.93,200,162.99,300,163.0,100,163.14,100,163.16,100,163.32,400,163.42,200,163.5,400
2026-02-05 09:36:33,162.535,162.55,1,162.23,200,162.84,200,162.84,162.23,162.23,200,162.14,100,162.04,300,161.88,1200,,,,,,,,,,,,,162.84,200,162.87,600,162.93,200,162.99,300,163.0,100,163.14,100,163.16,100,163.32,400,163.42,200,163.5,400
2026-02-05 09:36:34,162.535,162.55,1,162.23,200,162.84,200,162.84,162.23,162.23,200,162.14,100,162.04,300,161.88,1200,,,,,,,,,,,,,162.84,200,162.87,600,162.93,200,162.99,300,163.0,100,163.14,100,163.16,100,163.32,400,163.42,200,163.5,400
2026-02-05 09:36:35,162.535,162.54,1,162.23,200,162.84,200,162.84,162.23,162.23,200,162.14,100,162.04,300,161.88,1200,,,,,,,,,,,,,162.84,200,162.87,600,162.93,200,162.99,300,163.0,100,163.14,100,163.16,100,163.32,400,163.42,200,163.5,400
2026-02-05 09:36:36,162.535,162.54,1,162.23,200,162.84,200,162.84,162.23,162.23,200,162.14,100,162.04,300,161.88,1200,,,,,,,,,,,,,162.84,200,162.87,600,162.93,200,162.99,300,163.0,100,163.14,100,163.16,100,163.32,400,163.42,200,163.5,400
2026-02-05 09:36:37,162.495,162.5,1,162.23,200,162.76,300,162.76,162.23,162.23,200,162.14,100,162.04,300,161.88,1200,,,,,,,,,,,,,162.76,300,162.84,100,162.87,600,162.93,200,162.99,300,163.0,100,163.14,100,163.16,100,163.32,400,163.42,200
2026-02-05 09:36:38,162.495,162.5,1,162.23,200,162.76,300,162.76,162.23,162.23,200,162.14,100,162.04,300,161.88,1200,,,,,,,,,,,,,162.76,300,162.84,100,162.87,600,162.93,200,162.99,300,163.0,100,163.14,100,163.16,100,163.32,400,163.42,200
2026-02-05 09:36:39,162.495,162.5,1,162.23,200,162.76,300,162.76,162.23,162.23,200,162.14,100,162.04,300,161.88,1200,,,,,,,,,,,,,162.76,300,162.84,100,162.87,600,162.93,200,162.99,300,163.0,100,163.14,100,163.16,100,163.32,400,163.42,200
2026-02-05 09:36:40,162.495,162.5,1,162.23,200,162.76,300,162.76,162.23,162.23,200,162.14,100,162.04,300,161.88,1200,,,,,,,,,,,,,162.76,300,162.84,100,162.87,600,162.93,200,162.99,300,163.0,100,163.14,100,163.16,100,163.32,400,163.42,200
2026-02-05 09:36:41,162.495,162.5,1,162.23,200,162.76,500,162.76,162.23,162.23,200,162.14,100,162.04,300,161.88,1200,,,,,,,,,,,,,162.76,500,162.84,100,162.87,600,162.93,200,162.99,300,163.0,100,163.14,100,163.16,100,163.32,400,163.42,200
2026-02-05 09:36:42,162.495,162.5,1,162.23,200,162.76,500,162.76,162.23,162.23,200,162.14,100,162.04,300,161.88,1200,,,,,,,,,,,,,162.76,500,162.84,100,162.87,600,162.93,200,162.99,300,163.0,100,163.14,100,163.16,100,163.32,400,163.42,200
2026-02-05 09:36:43,162.495,162.5,1,162.23,200,162.76,500,162.76,162.23,162.23,200,162.14,100,162.04,300,161.88,1200,,,,,,,,,,,,,162.76,500,162.84,100,162.87,600,162.93,200,162.99,300,163.0,100,163.14,100,163.16,100,163.32,400,163.42,200
2026-02-05 09:36:44,162.495,162.5,1,162.23,200,162.76,500,162.76,162.23,162.23,200,162.14,100,162.04,300,161.88,1200,,,,,,,,,,,,,162.76,500,162.84,100,162.87,600,162.93,200,162.99,300,163.0,100,163.14,100,163.16,100,163.32,400,163.42,200
2026-02-05 09:36:45,162.495,162.5,1,162.23,200,162.76,500,162.76,162.23,162.23,200,162.14,100,162.04,300,161.88,1200,,,,,,,,,,,,,162.76,500,162.84,100,162.87,600,162.93,200,162.99,300,163.0,100,163.14,100,163.16,100,163.32,400,163.42,200
2026-02-05 09:36:46,162.495,162.5,1,162.23,200,162.76,500,162.76,162.23,162.23,200,162.14,100,162.04,300,161.88,1200,,,,,,,,,,,,,162.76,500,162.84,100,162.87,600,162.93,200,162.99,300,163.0,100,163.14,100,163.16,100,163.32,400,163.42,200
2026-02-05 09:36:47,162.495,162.25,1,162.23,200,162.76,500,162.76,162.23,162.23,200,162.14,100,162.04,300,161.88,1200,,,,,,,,,,,,,162.76,500,162.84,100,162.87,600,162.93,200,162.99,300,163.0,100,163.14,100,163.16,100,163.32,400,163.42,200
2026-02-05 09:36:48,162.495,162.25,1,162.23,200,162.76,500,162.76,162.23,162.23,200,162.14,100,162.04,300,161.88,1200,,,,,,,,,,,,,162.76,500,162.84,100,162.87,600,162.93,200,162.99,300,163.0,100,163.14,100,163.16,100,163.32,400,163.42,200
2026-02-05 09:36:49,162.495,162.25,1,162.23,200,162.76,500,162.76,162.23,162.23,200,162.14,100,162.04,300,161.88,1200,,,,,,,,,,,,,162.76,500,162.84,100,162.87,600,162.93,200,162.99,300,163.0,100,163.14,100,163.16,100,163.32,400,163.42,200
2026-02-05 09:36:50,162.495,162.25,1,162.23,200,162.76,500,162.76,162.23,162.23,200,162.14,100,162.04,300,161.88,1200,,,,,,,,,,,,,162.76,500,162.84,100,162.87,600,162.93,200,162.99,300,163.0,100,163.14,100,163.16,100,163.32,400,163.42,200
2026-02-05 09:36:51,162.495,162.25,1,162.23,200,162.76,500,162.76,162.23,162.23,200,162.14,100,162.04,300,161.88,1200,,,,,,,,,,,,,162.76,500,162.84,100,162.87,600,162.93,200,162.99,300,163.0,100,163.14,100,163.16,100,163.32,400,163.42,200
2026-02-05 09:36:52,162.495,162.25,1,162.23,200,162.76,500,162.76,162.23,162.23,200,162.14,100,162.04,300,161.88,1200,,,,,,,,,,,,,162.76,500,162.84,100,162.87,600,162.93,200,162.99,300,163.0,100,163.14,100,163.16,100,163.32,400,163.42,200
2026-02-05 09:36:53,162.495,162.25,1,162.23,200,162.76,500,162.76,162.23,162.23,200,162.14,100,162.04,300,161.88,1200,,,,,,,,,,,,,162.76,500,162.84,100,162.87,600,162.93,200,162.99,300,163.0,100,163.14,100,163.16,100,163.32,400,163.42,200
2026-02-05 09:36:54,162.49,162.25,1,162.23,200,162.75,200,162.75,162.23,162.23,200,162.14,100,162.04,300,161.88,1200,,,,,,,,,,,,,162.75,200,162.76,500,162.84,100,162.87,600,162.93,200,162.99,300,163.0,100,163.14,100,163.16,100,163.32,400
2026-02-05 09:36:55,162.49,162.24,1,162.23,200,162.75,200,162.75,162.23,162.23,200,162.14,100,162.04,300,161.88,1200,,,,,,,,,,,,,162.75,200,162.76,500,162.84,100,162.87,600,162.93,200,162.99,300,163.0,100,163.14,100,163.16,100,163.32,400
2026-02-05 09:36:56,162.49,162.24,1,162.23,200,162.75,200,162.75,162.23,162.23,200,162.14,100,162.04,300,161.88,1200,,,,,,,,,,,,,162.75,200,162.76,500,162.84,100,162.87,600,162.93,200,162.99,300,163.0,100,163.14,100,163.16,100,163.32,400
2026-02-05 09:36:57,162.49,162.24,1,162.23,200,162.75,200,162.75,162.23,162.23,200,162.14,100,162.04,300,161.88,1200,,,,,,,,,,,,,162.75,200,162.76,500,162.84,100,162.87,600,162.93,200,162.99,300,163.0,100,163.14,100,163.16,100,163.32,400
2026-02-05 09:36:58,162.16,161.92,1,161.92,100,162.4,200,162.4,161.92,161.92,100,161.91,100,161.9,100,161.75,1200,,,,,,,,,,,,,162.4,200,162.68,200,162.75,100,162.76,500,162.84,100,162.87,600,162.93,200,162.99,300,163.0,100,163.14,100
2026-02-05 09:36:59,162.165,161.92,1,161.93,200,162.4,200,162.4,161.93,161.93,200,161.92,100,161.91,100,161.9,100,161.75,1200,,,,,,,,,,,162.4,200,162.68,200,162.75,100,162.76,500,162.84,100,162.87,600,162.93,200,162.99,300,163.0,100,163.14,100
2026-02-05 09:37:00,162.165,161.92,1,161.93,200,162.4,200,162.4,161.93,161.93,200,161.92,100,161.91,100,161.9,100,161.75,1200,,,,,,,,,,,162.4,200,162.68,200,162.75,100,162.76,500,162.84,100,162.87,600,162.93,200,162.99,300,163.0,100,163.14,100
2026-02-05 09:37:01,161.955,162.07,1,161.63,100,162.28,100,162.28,161.63,161.63,100,161.54,300,,,,,,,,,,,,,,,,,162.28,100,162.4,200,162.68,200,162.75,100,162.76,500,162.84,100,162.87,600,162.93,200,162.99,300,163.0,100
2026-02-05 09:37:02,161.955,162.07,1,161.63,100,162.28,200,162.28,161.63,161.63,100,161.54,300,,,,,,,,,,,,,,,,,162.28,200,162.4,200,162.68,200,162.75,100,162.76,500,162.84,100,162.87,600,162.93,200,162.99,300,163.0,100
2026-02-05 09:37:03,161.94,162.07,1,161.63,100,162.25,200,162.25,161.63,161.63,100,161.54,300,,,,,,,,,,,,,,,,,162.25,200,162.28,200,162.4,200,162.68,200,162.75,100,162.76,500,162.84,100,162.87,600,162.93,200,162.99,300
2026-02-05 09:37:04,161.94,161.69,1,161.63,100,162.25,400,162.25,161.63,161.63,100,161.54,300,,,,,,,,,,,,,,,,,162.25,400,162.28,200,162.4,200,162.68,200,162.75,100,162.76,500,162.84,100,162.87,600,162.93,200,162.99,300
2026-02-05 09:37:05,161.94,161.69,1,161.63,200,162.25,400,162.25,161.63,161.63,200,161.54,300,,,,,,,,,,,,,,,,,162.25,400,162.28,200,162.4,200,162.68,200,162.75,100,162.76,500,162.84,100,162.87,600,162.93,200,162.99,300
2026-02-05 09:37:06,161.94,161.69,1,161.63,200,162.25,400,162.25,161.63,161.63,200,161.54,300,,,,,,,,,,,,,,,,,162.25,400,162.28,200,162.4,200,162.68,200,162.75,100,162.76,500,162.84,100,162.87,600,162.93,200,162.99,300
2026-02-05 09:37:07,161.94,161.66,1,161.63,300,162.25,300,162.25,161.63,161.63,300,161.54,300,,,,,,,,,,,,,,,,,162.25,300,162.28,200,162.4,200,162.68,200,162.75,100,162.76,500,162.84,100,162.87,600,162.93,200,162.99,300
2026-02-05 09:37:08,161.94,161.66,1,161.63,300,162.25,300,162.25,161.63,161.63,300,161.54,300,,,,,,,,,,,,,,,,,162.25,300,162.28,200,162.4,200,162.68,200,162.75,100,162.76,500,162.84,100,162.87,600,162.93,200,162.99,300
2026-02-05 09:37:09,161.94,161.66,1,161.63,300,162.25,300,162.25,161.63,161.63,300,161.54,300,,,,,,,,,,,,,,,,,162.25,300,162.28,200,162.4,200,162.68,200,162.75,100,162.76,500,162.84,100,162.87,600,162.93,200,162.99,300
2026-02-05 09:37:10,161.94,161.66,1,161.63,300,162.25,300,162.25,161.63,161.63,300,161.54,300,,,,,,,,,,,,,,,,,162.25,300,162.28,200,162.4,200,162.68,200,162.75,100,162.76,500,162.84,100,162.87,600,162.93,200,162.99,300
2026-02-05 09:37:11,161.94,161.66,1,161.63,300,162.25,300,162.25,161.63,161.63,300,161.54,300,,,,,,,,,,,,,,,,,162.25,300,162.28,200,162.4,200,162.68,200,162.75,100,162.76,500,162.84,100,162.87,600,162.93,200,162.99,300
2026-02-05 09:37:12,161.94,161.66,1,161.63,300,162.25,300,162.25,161.63,161.63,300,161.54,300,,,,,,,,,,,,,,,,,162.25,300,162.28,200,162.4,200,162.68,200,162.75,100,162.76,500,162.84,100,162.87,600,162.93,200,162.99,300
2026-02-05 09:37:13,161.94,161.66,1,161.63,300,162.25,300,162.25,161.63,161.63,300,161.54,300,,,,,,,,,,,,,,,,,162.25,300,162.28,200,162.4,200,162.68,200,162.75,100,162.76,500,162.84,100,162.87,600,162.93,200,162.99,300
2026-02-05 09:37:14,161.955,161.66,1,161.66,100,162.25,300,162.25,161.66,161.66,100,161.63,300,161.54,300,,,,,,,,,,,,,,,162.25,300,162.28,200,162.4,200,162.68,200,162.75,100,162.76,500,162.84,100,162.87,600,162.93,200,162.99,300
2026-02-05 09:37:15,161.95,161.66,1,161.66,100,162.24,300,162.24,161.66,161.66,100,161.63,300,161.54,300,,,,,,,,,,,,,,,162.24,300,162.25,300,162.28,200,162.4,200,162.68,200,162.75,100,162.76,500,162.84,100,162.87,600,162.93,200
2026-02-05 09:37:16,161.95,161.66,1,161.66,100,162.24,300,162.24,161.66,161.66,100,161.63,300,161.54,300,,,,,,,,,,,,,,,162.24,300,162.25,300,162.28,200,162.4,200,162.68,200,162.75,100,162.76,500,162.84,100,162.87,600,162.93,200
2026-02-05 09:37:16,161.975,161.71,1,161.71,100,162.24,300,162.24,161.71,161.71,100,161.67,100,161.66,100,161.63,300,161.54,300,,,,,,,,,,,162.24,300,162.25,300,162.28,200,162.4,200,162.68,200,162.75,100,162.76,500,162.84,100,162.87,600,162.93,200
2026-02-05 09:37:18,161.975,161.71,1,161.71,100,162.24,300,162.24,161.71,161.71,100,161.67,100,161.66,100,161.63,300,161.54,300,,,,,,,,,,,162.24,300,162.25,300,162.28,200,162.4,200,162.68,200,162.75,100,162.76,500,162.84,100,162.87,600,162.93,200
2026-02-05 09:37:19,161.99,161.74,2,161.74,100,162.24,300,162.24,161.74,161.74,100,161.71,100,161.67,100,161.66,100,161.63,300,161.54,300,,,,,,,,,162.24,300,162.25,300,162.28,200,162.4,200,162.68,200,162.75,100,162.76,500,162.84,100,162.87,600,162.93,200
2026-02-05 09:37:20,161.99,161.74,2,161.74,100,162.24,300,162.24,161.74,161.74,100,161.71,100,161.67,100,161.66,100,161.63,300,161.54,300,,,,,,,,,162.24,300,162.25,300,162.28,200,162.4,200,162.68,200,162.75,100,162.76,500,162.84,100,162.87,600,162.93,200
2026-02-05 09:37:21,161.995,161.74,2,161.75,100,162.24,300,162.24,161.75,161.75,100,161.74,100,161.71,100,161.67,100,161.66,100,161.63,300,161.54,300,,,,,,,162.24,300,162.25,300,162.28,200,162.4,200,162.68,200,162.75,100,162.76,500,162.84,100,162.87,600,162.93,200
2026-02-05 09:37:22,161.995,161.74,2,161.75,100,162.24,300,162.24,161.75,161.75,100,161.74,100,161.71,100,161.67,100,161.66,100,161.63,300,161.54,300,,,,,,,162.24,300,162.25,300,162.28,200,162.4,200,162.68,200,162.75,100,162.76,500,162.84,100,162.87,600,162.93,200
2026-02-05 09:37:23,161.995,161.74,2,161.75,100,162.24,300,162.24,161.75,161.75,100,161.74,100,161.71,100,161.67,100,161.66,100,161.63,300,161.54,300,,,,,,,162.24,300,162.25,300,162.28,200,162.4,200,162.68,200,162.75,100,162.76,500,162.84,100,162.87,600,162.93,200
2026-02-05 09:37:24,161.995,162.23,1,161.75,200,162.24,200,162.24,161.75,161.75,200,161.74,100,161.71,100,161.67,100,161.66,100,161.63,300,161.54,300,,,,,,,162.24,200,162.25,300,162.28,200,162.4,200,162.68,200,162.75,100,162.76,500,162.84,100,162.87,600,162.93,200
2026-02-05 09:37:25,161.995,162.23,1,161.75,200,162.24,200,162.24,161.75,161.75,200,161.74,100,161.71,100,161.67,100,161.66,100,161.63,300,161.54,300,,,,,,,162.24,200,162.25,300,162.28,200,162.4,200,162.68,200,162.75,100,162.76,500,162.84,100,162.87,600,162.93,200
2026-02-05 09:37:26,161.995,162.23,1,161.75,200,162.24,200,162.24,161.75,161.75,200,161.74,100,161.71,100,161.67,100,161.66,100,161.63,300,161.54,300,,,,,,,162.24,200,162.25,300,162.28,200,162.4,200,162.68,200,162.75,100,162.76,500,162.84,100,162.87,600,162.93,200
2026-02-05 09:37:27,161.995,162.23,1,161.75,200,162.24,200,162.24,161.75,161.75,200,161.74,100,161.71,100,161.67,100,161.66,100,161.63,300,161.54,300,,,,,,,162.24,200,162.25,300,162.28,200,162.4,200,162.68,200,162.75,100,162.76,500,162.84,100,162.87,600,162.93,200
2026-02-05 09:37:28,161.995,162.2,1,161.75,200,162.24,100,162.24,161.75,161.75,200,161.74,100,161.71,100,161.67,100,161.66,100,161.63,300,161.54,300,,,,,,,162.24,100,162.25,300,162.28,200,162.4,200,162.68,200,162.75,100,162.76,500,162.84,100,162.87,600,162.93,200
2026-02-05 09:37:29,161.995,162.2,1,161.75,200,162.24,100,162.24,161.75,161.75,200,161.74,100,161.71,100,161.67,100,161.66,100,161.63,300,161.54,300,,,,,,,162.24,100,162.25,300,162.28,200,162.4,200,162.68,200,162.75,100,162.76,500,162.84,100,162.87,600,162.93,200
2026-02-05 09:37:30,161.995,162.2,1,161.75,200,162.24,100,162.24,161.75,161.75,200,161.74,100,161.71,100,161.67,100,161.66,100,161.63,300,161.54,300,,,,,,,162.24,100,162.25,300,162.28,200,162.4,200,162.68,200,162.75,100,162.76,500,162.84,100,162.87,600,162.93,200
2026-02-05 09:37:31,161.995,162.2,1,161.75,200,162.24,100,162.24,161.75,161.75,200,161.74,100,161.71,100,161.67,100,161.66,100,161.63,300,161.54,300,,,,,,,162.24,100,162.25,300,162.28,200,162.4,200,162.68,200,162.75,100,162.76,500,162.84,100,162.87,600,162.93,200
2026-02-05 09:37:32,161.995,162.2,1,161.75,200,162.24,100,162.24,161.75,161.75,200,161.74,100,161.71,100,161.67,100,161.66,100,161.63,300,161.54,300,,,,,,,162.24,100,162.25,300,162.28,200,162.4,200,162.68,200,162.75,100,162.76,500,162.84,100,162.87,600,162.93,200
2026-02-05 09:37:33,161.995,162.2,1,161.75,200,162.24,100,162.24,161.75,161.75,200,161.74,100,161.71,100,161.67,100,161.66,100,161.63,300,161.54,300,,,,,,,162.24,100,162.25,300,162.28,200,162.4,200,162.68,200,162.75,100,162.76,500,162.84,100,162.87,600,162.93,200
2026-02-05 09:37:34,161.995,162.2,1,161.75,200,162.24,100,162.24,161.75,161.75,200,161.74,100,161.71,100,161.67,100,161.66,100,161.63,300,161.54,300,,,,,,,162.24,100,162.25,300,162.28,200,162.4,200,162.68,200,162.75,100,162.76,500,162.84,100,162.87,600,162.93,200
2026-02-05 09:37:35,161.995,162.2,1,161.75,200,162.24,100,162.24,161.75,161.75,200,161.74,100,161.71,100,161.67,100,161.66,100,161.63,300,161.54,300,,,,,,,162.24,100,162.25,300,162.28,200,162.4,200,162.68,200,162.75,100,162.76,500,162.84,100,162.87,600,162.93,200
2026-02-05 09:37:36,161.995,162.2,1,161.75,200,162.24,100,162.24,161.75,161.75,200,161.74,100,161.71,100,161.67,100,161.66,100,161.63,300,161.54,300,,,,,,,162.24,100,162.25,300,162.28,200,162.4,200,162.68,200,162.75,100,162.76,500,162.84,100,162.87,600,162.93,200
2026-02-05 09:37:37,161.995,162.0,1,161.75,200,162.24,100,162.24,161.75,161.75,200,161.74,100,161.71,100,161.67,100,161.66,100,161.63,300,161.54,300,,,,,,,162.24,100,162.25,300,162.28,200,162.4,200,162.68,200,162.75,100,162.76,500,162.84,100,162.87,600,162.93,200
2026-02-05 09:37:38,161.995,162.0,1,161.75,200,162.24,100,162.24,161.75,161.75,200,161.74,100,161.71,100,161.67,100,161.66,100,161.63,300,161.54,300,,,,,,,162.24,100,162.25,300,162.28,200,162.4,200,162.68,200,162.75,100,162.76,500,162.84,100,162.87,600,162.93,200
2026-02-05 09:37:39,162.095,162.1,1,161.7,100,162.49,100,162.49,161.7,161.7,100,161.67,100,161.66,100,161.63,300,161.54,300,,,,,,,,,,,162.49,100,162.56,1300,162.68,200,162.75,100,162.76,500,162.84,100,162.87,600,162.93,200,162.99,300,163.0,100
2026-02-05 09:37:40,162.165,162.16,1,161.77,100,162.56,1300,162.56,161.77,161.77,100,161.7,100,161.67,100,161.66,100,161.63,300,161.54,300,,,,,,,,,162.56,1300,162.68,200,162.75,100,162.76,500,162.84,100,162.87,600,162.93,200,162.99,300,163.0,100,163.14,100
2026-02-05 09:37:41,162.2,162.27,1,161.77,100,162.63,100,162.63,161.77,161.77,100,161.7,100,161.67,100,161.66,100,161.63,300,161.54,300,,,,,,,,,162.63,100,162.68,200,162.75,100,162.76,500,162.84,100,162.87,600,162.93,200,162.99,300,163.0,100,163.14,100
2026-02-05 09:37:42,162.135,162.27,1,161.76,100,162.51,100,162.51,161.76,161.76,100,161.7,100,161.67,100,161.66,100,161.63,300,161.54,300,,,,,,,,,162.51,100,162.63,100,162.68,200,162.75,100,162.76,500,162.84,100,162.87,600,162.93,200,162.99,300,163.0,100
2026-02-05 09:37:43,162.135,162.27,1,161.76,100,162.51,100,162.51,161.76,161.76,100,161.7,100,161.67,100,161.66,100,161.63,300,161.54,300,,,,,,,,,162.51,100,162.63,100,162.68,200,162.75,100,162.76,500,162.84,100,162.87,600,162.93,200,162.99,300,163.0,100
2026-02-05 09:37:44,162.175,162.27,1,161.84,100,162.51,100,162.51,161.84,161.84,100,161.76,100,161.7,100,161.67,100,161.66,100,161.63,300,161.54,300,,,,,,,162.51,100,162.63,100,162.68,200,162.75,100,162.76,500,162.84,100,162.87,600,162.93,200,162.99,300,163.0,100
2026-02-05 09:37:45,162.165,162.27,1,161.84,100,162.49,100,162.49,161.84,161.84,100,161.76,100,161.7,100,161.67,100,161.66,100,161.63,300,161.54,300,,,,,,,162.49,100,162.51,100,162.63,100,162.68,200,162.75,100,162.76,500,162.84,100,162.87,600,162.93,200,162.99,300
2026-02-05 09:37:46,162.165,162.27,1,161.84,100,162.49,100,162.49,161.84,161.84,100,161.76,100,161.7,100,161.67,100,161.66,100,161.63,300,161.54,300,,,,,,,162.49,100,162.51,100,162.63,100,162.68,200,162.75,100,162.76,500,162.84,100,162.87,600,162.93,200,162.99,300
2026-02-05 09:37:47,162.165,162.27,1,161.84,100,162.49,100,162.49,161.84,161.84,100,161.76,100,161.7,100,161.67,100,161.66,100,161.63,300,161.54,300,,,,,,,162.49,100,162.51,100,162.63,100,162.68,200,162.75,100,162.76,500,162.84,100,162.87,600,162.93,200,162.99,300
2026-02-05 09:37:48,162.165,162.27,1,161.84,100,162.49,100,162.49,161.84,161.84,100,161.76,100,161.7,100,161.67,100,161.66,100,161.63,300,161.54,300,,,,,,,162.49,100,162.51,100,162.63,100,162.68,200,162.75,100,162.76,500,162.84,100,162.87,600,162.93,200,162.99,300
2026-02-05 09:37:49,162.165,162.27,1,161.84,100,162.49,100,162.49,161.84,161.84,100,161.76,100,161.7,100,161.67,100,161.66,100,161.63,300,161.54,300,,,,,,,162.49,100,162.51,100,162.63,100,162.68,200,162.75,100,162.76,500,162.84,100,162.87,600,162.93,200,162.99,300
2026-02-05 09:37:50,162.165,162.27,1,161.84,100,162.49,100,162.49,161.84,161.84,100,161.76,100,161.7,100,161.67,100,161.66,100,161.63,300,161.54,300,,,,,,,162.49,100,162.51,100,162.63,100,162.68,200,162.75,100,162.76,500,162.84,100,162.87,600,162.93,200,162.99,300
2026-02-05 09:37:51,162.165,162.27,1,161.84,100,162.49,100,162.49,161.84,161.84,100,161.76,100,161.7,100,161.67,100,161.66,100,161.63,300,161.54,300,,,,,,,162.49,100,162.51,100,162.63,100,162.68,200,162.75,100,162.76,500,162.84,100,162.87,600,162.93,200,162.99,300
2026-02-05 09:37:52,162.165,162.27,1,161.84,100,162.49,100,162.49,161.84,161.84,100,161.76,100,161.7,100,161.67,100,161.66,100,161.63,300,161.54,300,,,,,,,162.49,100,162.51,100,162.63,100,162.68,200,162.75,100,162.76,500,162.84,100,162.87,600,162.93,200,162.99,300
2026-02-05 09:37:53,162.165,162.27,1,161.84,100,162.49,100,162.49,161.84,161.84,100,161.76,100,161.7,100,161.67,100,161.66,100,161.63,300,161.54,300,,,,,,,162.49,100,162.51,100,162.63,100,162.68,200,162.75,100,162.76,500,162.84,100,162.87,600,162.93,200,162.99,300
2026-02-05 09:37:54,162.165,162.27,1,161.84,100,162.49,100,162.49,161.84,161.84,100,161.76,100,161.7,100,161.67,100,161.66,100,161.63,300,161.54,300,,,,,,,162.49,100,162.51,100,162.63,100,162.68,200,162.75,100,162.76,500,162.84,100,162.87,600,162.93,200,162.99,300
2026-02-05 09:37:55,162.165,162.27,1,161.84,100,162.49,100,162.49,161.84,161.84,100,161.76,100,161.7,100,161.67,100,161.66,100,161.63,300,161.54,300,,,,,,,162.49,100,162.51,100,162.63,100,162.68,200,162.75,100,162.76,500,162.84,100,162.87,600,162.93,200,162.99,300
2026-02-05 09:37:56,162.165,162.27,1,161.84,100,162.49,100,162.49,161.84,161.84,100,161.76,100,161.7,100,161.67,100,161.66,100,161.63,300,161.54,300,,,,,,,162.49,100,162.51,100,162.63,100,162.68,200,162.75,100,162.76,500,162.84,100,162.87,600,162.93,200,162.99,300
2026-02-05 09:37:57,162.165,162.27,1,161.84,100,162.49,200,162.49,161.84,161.84,100,161.76,100,161.7,100,161.67,100,161.66,100,161.63,300,161.54,300,,,,,,,162.49,200,162.51,100,162.63,100,162.68,200,162.75,100,162.76,500,162.84,100,162.87,600,162.93,200,162.99,300
2026-02-05 09:37:58,162.135,162.27,1,161.84,100,162.43,100,162.43,161.84,161.84,100,161.76,100,161.7,100,161.67,100,161.66,100,161.63,300,161.54,300,,,,,,,162.43,100,162.49,200,162.51,100,162.63,100,162.68,200,162.75,100,162.76,500,162.84,100,162.87,600,162.93,200
2026-02-05 09:37:59,162.135,162.27,1,161.84,100,162.43,100,162.43,161.84,161.84,100,161.76,100,161.7,100,161.67,100,161.66,100,161.63,300,161.54,300,,,,,,,162.43,100,162.49,200,162.51,100,162.63,100,162.68,200,162.75,100,162.76,500,162.84,100,162.87,600,162.93,200
2026-02-05 09:38:00,162.135,162.27,1,161.84,100,162.43,100,162.43,161.84,161.84,100,161.76,100,161.7,100,161.67,100,161.66,100,161.63,300,161.54,300,,,,,,,162.43,100,162.49,200,162.51,100,162.63,100,162.68,200,162.75,100,162.76,500,162.84,100,162.87,600,162.93,200
2026-02-05 09:38:01,162.38,162.38,1,162.03,200,162.73,100,162.73,162.03,162.03,200,161.95,100,161.91,100,161.84,100,161.76,100,161.7,100,161.67,100,161.66,100,161.63,300,161.54,300,162.73,100,162.75,100,162.76,500,162.84,100,162.87,600,162.93,200,162.99,300,163.0,100,163.14,100,163.16,100
2026-02-05 09:38:02,162.335,162.38,1,161.95,200,162.72,100,162.72,161.95,161.95,200,161.91,100,161.84,100,161.76,100,161.7,100,161.67,100,161.66,100,161.63,300,161.54,300,,,162.72,100,162.73,100,162.75,100,162.76,500,162.84,100,162.87,600,162.93,200,162.99,300,163.0,100,163.14,100
2026-02-05 09:38:03,162.355,162.38,1,161.99,100,162.72,100,162.72,161.99,161.99,100,161.88,100,161.84,100,161.76,100,161.7,100,161.67,100,161.66,100,161.63,300,161.54,300,,,162.72,100,162.73,100,162.75,100,162.76,500,162.84,100,162.87,600,162.93,200,162.99,300,163.0,100,163.14,100
2026-02-05 09:38:04,162.355,162.38,1,161.99,100,162.72,100,162.72,161.99,161.99,100,161.88,100,161.84,100,161.76,100,161.7,100,161.67,100,161.66,100,161.63,300,161.54,300,,,162.72,100,162.73,100,162.75,100,162.76,500,162.84,100,162.87,600,162.93,200,162.99,300,163.0,100,163.14,100
2026-02-05 09:38:05,162.355,162.38,1,161.99,100,162.72,100,162.72,161.99,161.99,100,161.88,100,161.84,100,161.76,100,161.7,100,161.67,100,161.66,100,161.63,300,161.54,300,,,162.72,100,162.73,100,162.75,100,162.76,500,162.84,100,162.87,600,162.93,200,162.99,300,163.0,100,163.14,100
2026-02-05 09:38:06,162.355,162.38,1,161.99,200,162.72,100,162.72,161.99,161.99,200,161.88,100,161.84,100,161.76,100,161.7,100,161.67,100,161.66,100,161.63,300,161.54,300,,,162.72,100,162.73,100,162.75,100,162.76,500,162.84,100,162.87,600,162.93,200,162.99,300,163.0,100,163.14,100
2026-02-05 09:38:07,162.355,162.38,1,161.99,200,162.72,200,162.72,161.99,161.99,200,161.88,100,161.84,100,161.76,100,161.7,100,161.67,100,161.66,100,161.63,300,161.54,300,,,162.72,200,162.73,100,162.75,100,162.76,500,162.84,100,162.87,600,162.93,200,162.99,300,163.0,100,163.14,100
2026-02-05 09:38:08,162.265,162.38,1,161.99,200,162.54,100,162.54,161.99,161.99,200,161.88,100,161.84,100,161.76,100,161.7,100,161.67,100,161.66,100,161.63,300,161.54,300,,,162.54,100,162.64,100,162.72,200,162.73,100,162.75,100,162.76,500,162.84,100,162.87,600,162.93,200,162.99,300
2026-02-05 09:38:09,162.265,162.38,1,161.99,200,162.54,100,162.54,161.99,161.99,200,161.88,100,161.84,100,161.76,100,161.7,100,161.67,100,161.66,100,161.63,300,161.54,300,,,162.54,100,162.64,100,162.72,200,162.73,100,162.75,100,162.76,500,162.84,100,162.87,600,162.93,200,162.99,300
2026-02-05 09:38:10,162.265,162.38,1,161.99,200,162.54,100,162.54,161.99,161.99,200,161.88,100,161.84,100,161.76,100,161.7,100,161.67,100,161.66,100,161.63,300,161.54,300,,,162.54,100,162.64,100,162.72,200,162.73,100,162.75,100,162.76,500,162.84,100,162.87,600,162.93,200,162.99,300
2026-02-05 09:38:11,162.265,162.38,1,161.99,200,162.54,100,162.54,161.99,161.99,200,161.88,100,161.84,100,161.76,100,161.7,100,161.67,100,161.66,100,161.63,300,161.54,300,,,162.54,100,162.64,100,162.72,200,162.73,100,162.75,100,162.76,500,162.84,100,162.87,600,162.93,200,162.99,300
2026-02-05 09:38:12,162.265,162.38,1,161.99,200,162.54,100,162.54,161.99,161.99,200,161.88,100,161.84,100,161.76,100,161.7,100,161.67,100,161.66,100,161.63,300,161.54,300,,,162.54,100,162.64,100,162.72,200,162.73,100,162.75,100,162.76,500,162.84,100,162.87,600,162.93,200,162.99,300
2026-02-05 09:38:13,162.265,162.38,1,161.99,200,162.54,100,162.54,161.99,161.99,200,161.88,100,161.84,100,161.76,100,161.7,100,161.67,100,161.66,100,161.63,300,161.54,300,,,162.54,100,162.64,100,162.72,200,162.73,100,162.75,100,162.76,500,162.84,100,162.87,600,162.93,200,162.99,300
2026-02-05 09:38:14,162.265,162.08,1,161.99,200,162.54,100,162.54,161.99,161.99,200,161.88,100,161.84,100,161.76,100,161.7,100,161.67,100,161.66,100,161.63,300,161.54,300,,,162.54,100,162.64,100,162.72,200,162.73,100,162.75,100,162.76,500,162.84,100,162.87,600,162.93,200,162.99,300
2026-02-05 09:38:15,162.265,162.08,1,161.99,200,162.54,100,162.54,161.99,161.99,200,161.88,100,161.84,100,161.76,100,161.7,100,161.67,100,161.66,100,161.63,300,161.54,300,,,162.54,100,162.64,100,162.72,200,162.73,100,162.75,100,162.76,500,162.84,100,162.87,600,162.93,200,162.99,300
2026-02-05 09:38:16,162.265,162.08,1,161.99,200,162.54,100,162.54,161.99,161.99,200,161.88,100,161.84,100,161.76,100,161.7,100,161.67,100,161.66,100,161.63,300,161.54,300,,,162.54,100,162.64,100,162.72,200,162.73,100,162.75,100,162.76,500,162.84,100,162.87,600,162.93,200,162.99,300
