sim_time,mid_price,last_price,last_size,best_bid_price,best_bid_size,best_ask_price,best_ask_size,close_price_buy,close_price_sell,bid1_price,bid1_size,bid2_price,bid2_size,bid3_price,bid3_size,bid4_price,bid4_size,bid5_price,bid5_size,bid6_price,bid6_size,bid7_price,bid7_size,bid8_price,bid8_size,bid9_price,bid9_size,bid10_price,bid10_size,ask1_price,ask1_size,ask2_price,ask2_size,ask3_price,ask3_size,ask4_price,ask4_size,ask5_price,ask5_size,ask6_price,ask6_size,ask7_price,ask7_size,ask8_price,ask8_size,ask9_price,ask9_size,ask10_price,ask10_size
2020-10-29 09:30:27,158.11,0.0,0,158.01,1,158.21,2,158.21,158.01,158.01,1,157.71,3,,,,,,,,,,,,,,,,,158.21,2,158.4,3,158.41,3,158.8,3,158.81,1,159.53,1,159.62,1,,,,,,
2020-10-29 09:30:28,158.11,0.0,0,158.01,1,158.21,2,158.21,158.01,158.01,1,157.71,3,,,,,,,,,,,,,,,,,158.21,2,158.4,3,158.41,3,158.8,3,158.81,1,159.53,1,159.62,1,,,,,,
2020-10-29 09:30:29,158.11,0.0,0,158.01,1,158.21,2,158.21,158.01,158.01,1,157.71,3,,,,,,,,,,,,,,,,,158.21,2,158.4,3,158.41,3,158.8,3,158.81,1,159.53,1,159.62,1,,,,,,
2020-10-29 09:30:30,158.115,158.06,1,158.01,1,158.22,2,158.22,158.01,158.01,1,157.71,3,,,,,,,,,,,,,,,,,158.22,2,158.4,3,158.41,3,158.8,3,158.81,1,159.53,1,159.62,1,,,,,,
2020-10-29 09:30:31,158.115,158.06,1,158.01,1,158.22,3,158.22,158.01,158.01,1,157.71,3,,,,,,,,,,,,,,,,,158.22,3,158.4,3,158.41,3,158.8,3,158.81,1,159.53,1,159.62,1,,,,,,
2020-10-29 09:30:32,158.115,158.06,1,158.01,1,158.22,5,158.22,158.01,158.01,1,157.71,3,,,,,,,,,,,,,,,,,158.22,5,158.4,3,158.41,3,158.8,3,158.81,1,159.53,1,159.62,1,,,,,,
2020-10-29 09:30:34,158.115,158.06,1,158.01,1,158.22,5,158.22,158.01,158.01,1,157.71,3,,,,,,,,,,,,,,,,,158.22,5,158.4,3,158.41,3,158.8,3,158.81,1,159.53,1,159.62,1,,,,,,
2020-10-29 09:30:34,158.115,158.06,1,158.01,1,158.22,5,158.22,158.01,158.01,1,157.71,3,,,,,,,,,,,,,,,,,158.22,5,158.4,3,158.41,3,158.8,3,158.81,1,159.53,1,159.62,1,,,,,,
2020-10-29 09:30:35,158.115,158.06,1,158.01,2,158.22,5,158.22,158.01,158.01,2,157.71,3,,,,,,,,,,,,,,,,,158.22,5,158.4,3,158.41,3,158.8,3,158.81,1,159.53,1,159.62,1,,,,,,
2020-10-29 09:30:36,158.115,158.06,1,158.01,2,158.22,5,158.22,158.01,158.01,2,157.71,3,,,,,,,,,,,,,,,,,158.22,5,158.4,3,158.41,3,158.8,3,158.81,1,159.53,1,159.62,1,,,,,,
2020-10-29 09:30:37,158.115,158.06,1,158.01,2,158.22,5,158.22,158.01,158.01,2,157.71,3,,,,,,,,,,,,,,,,,158.22,5,158.4,3,158.41,3,158.8,3,158.81,1,159.53,1,159.62,1,,,,,,
2020-10-29 09:30:38,158.115,158.06,1,158.01,2,158.22,5,158.22,158.01,158.01,2,157.71,3,,,,,,,,,,,,,,,,,158.22,5,158.4,3,158.41,3,158.8,3,158.81,1,159.53,1,159.62,1,,,,,,
2020-10-29 09:30:39,158.115,158.06,1,158.01,2,158.22,5,158.22,158.01,158.01,2,157.71,3,,,,,,,,,,,,,,,,,158.22,5,158.4,3,158.41,3,158.8,3,158.81,1,159.53,1,159.62,1,,,,,,
2020-10-29 09:30:40,158.115,158.06,1,158.01,2,158.22,5,158.22,158.01,158.01,2,157.71,3,,,,,,,,,,,,,,,,,158.22,5,158.4,3,158.41,3,158.8,3,158.81,1,159.53,1,159.62,1,,,,,,
2020-10-29 09:30:41,158.115,158.06,1,158.01,2,158.22,5,158.22,158.01,158.01,2,157.71,3,,,,,,,,,,,,,,,,,158.22,5,158.4,3,158.41,3,158.8,3,158.81,1,159.53,1,159.62,1,,,,,,
2020-10-29 09:30:42,158.115,158.06,1,158.01,2,158.22,5,158.22,158.01,158.01,2,157.71,3,,,,,,,,,,,,,,,,,158.22,5,158.4,3,158.41,3,158.8,3,158.81,1,159.53,1,159.62,1,,,,,,
2020-10-29 09:30:43,158.115,158.06,1,158.01,2,158.22,5,158.22,158.01,158.01,2,157.71,3,,,,,,,,,,,,,,,,,158.22,5,158.4,3,158.41,3,158.8,3,158.81,1,159.53,1,159.62,1,,,,,,
2020-10-29 09:30:44,158.115,158.06,1,158.01,2,158.22,5,158.22,158.01,158.01,2,157.71,3,,,,,,,,,,,,,,,,,158.22,5,158.4,3,158.41,3,158.8,3,158.81,1,159.53,1,159.62,1,,,,,,
2020-10-29 09:30:45,158.115,158.06,1,158.01,2,158.22,5,158.22,158.01,158.01,2,157.71,3,,,,,,,,,,,,,,,,,158.22,5,158.4,3,158.41,3,158.8,3,158.81,1,159.53,1,159.62,1,,,,,,
2020-10-29 09:30:46,158.115,158.06,1,158.01,2,158.22,5,158.22,158.01,158.01,2,157.71,3,,,,,,,,,,,,,,,,,158.22,5,158.4,3,158.41,3,158.8,3,158.81,1,159.53,1,159.62,1,,,,,,
2020-10-29 09:30:47,158.115,158.06,1,158.01,2,158.22,5,158.22,158.01,158.01,2,157.71,3,,,,,,,,,,,,,,,,,158.22,5,158.4,3,158.41,3,158.8,3,158.81,1,159.53,1,159.62,1,,,,,,
2020-10-29 09:30:48,158.115,158.06,1,158.01,2,158.22,5,158.22,158.01,158.01,2,157.71,3,,,,,,,,,,,,,,,,,158.22,5,158.4,3,158.41,3,158.8,3,158.81,1,159.53,1,159.62,1,,,,,,
2020-10-29 09:30:49,158.115,158.06,1,158.01,2,158.22,5,158.22,158.01,158.01,2,157.71,3,,,,,,,,,,,,,,,,,158.22,5,158.4,3,158.41,3,158.8,3,158.81,1,159.53,1,159.62,1,,,,,,
2020-10-29 09:30:50,158.115,158.06,1,158.01,2,158.22,5,158.22,158.01,158.01,2,157.71,3,,,,,,,,,,,,,,,,,158.22,5,158.4,3,158.41,3,158.8,3,158.81,1,159.53,1,159.62,1,,,,,,
2020-10-29 09:30:51,158.115,158.06,1,158.01,2,158.22,5,158.22,158.01,158.01,2,157.71,3,,,,,,,,,,,,,,,,,158.22,5,158.4,3,158.41,3,158.8,3,158.81,1,159.53,1,159.62,1,,,,,,
2020-10-29 09:30:52,158.115,158.06,1,158.01,2,158.22,5,158.22,158.01,158.01,2,157.71,3,,,,,,,,,,,,,,,,,158.22,5,158.4,3,158.41,3,158.8,3,158.81,1,159.53,1,159.62,1,,,,,,
2020-10-29 09:30:54,158.115,158.06,1,158.01,2,158.22,5,158.22,158.01,158.01,2,157.71,3,,,,,,,,,,,,,,,,,158.22,5,158.4,3,158.41,3,158.8,3,158.81,1,159.53,1,159.62,1,,,,,,
2020-10-29 09:30:55,158.115,158.06,1,158.01,2,158.22,5,158.22,158.01,158.01,2,157.71,3,,,,,,,,,,,,,,,,,158.22,5,158.4,3,158.41,3,158.8,3,158.81,1,159.53,1,159.62,1,,,,,,
2020-10-29 09:30:55,158.115,158.06,1,158.01,2,158.22,5,158.22,158.01,158.01,2,157.71,3,,,,,,,,,,,,,,,,,158.22,5,158.4,3,158.41,3,158.8,3,158.81,1,159.53,1,159.62,1,,,,,,
2020-10-29 09:30:57,158.115,158.06,1,158.01,2,158.22,5,158.22,158.01,158.01,2,157.71,3,,,,,,,,,,,,,,,,,158.22,5,158.4,3,158.41,3,158.8,3,158.81,1,159.53,1,159.62,1,,,,,,
2020-10-29 09:30:57,158.115,158.06,1,158.01,2,158.22,5,158.22,158.01,158.01,2,157.71,3,,,,,,,,,,,,,,,,,158.22,5,158.4,3,158.41,3,158.8,3,158.81,1,159.53,1,159.62,1,,,,,,
2020-10-29 09:30:59,158.115,158.06,1,158.01,2,158.22,5,158.22,158.01,158.01,2,157.71,3,,,,,,,,,,,,,,,,,158.22,5,158.4,3,158.41,3,158.8,3,158.81,1,159.53,1,159.62,1,,,,,,
2020-10-29 09:31:00,158.115,158.06,1,158.01,2,158.22,5,158.22,158.01,158.01,2,157.71,3,,,,,,,,,,,,,,,,,158.22,5,158.4,3,158.41,3,158.8,3,158.81,1,159.53,1,159.62,1,,,,,,
2020-10-29 09:31:01,158.115,158.21,1,158.01,2,158.22,5,158.22,158.01,158.01,2,157.71,3,,,,,,,,,,,,,,,,,158.22,5,158.4,3,158.41,3,158.8,3,158.81,1,159.53,1,159.62,1,,,,,,
2020-10-29 09:31:02,158.115,158.21,1,158.01,2,158.22,5,158.22,158.01,158.01,2,157.71,3,,,,,,,,,,,,,,,,,158.22,5,158.4,3,158.41,3,158.8,3,158.81,1,159.53,1,159.62,1,,,,,,
2020-10-29 09:31:02,158.115,158.21,1,158.01,2,158.22,5,158.22,158.01,158.01,2,157.71,3,,,,,,,,,,,,,,,,,158.22,5,158.4,3,158.41,3,158.8,3,158.81,1,159.53,1,159.62,1,,,,,,
2020-10-29 09:31:04,158.115,158.21,1,158.01,2,158.22,5,158.22,158.01,158.01,2,157.71,3,,,,,,,,,,,,,,,,,158.22,5,158.4,3,158.41,3,158.8,3,158.81,1,159.53,1,159.62,1,,,,,,
2020-10-29 09:31:05,158.115,158.21,1,158.01,2,158.22,5,158.22,158.01,158.01,2,157.71,3,,,,,,,,,,,,,,,,,158.22,5,158.4,3,158.41,3,158.8,3,158.81,1,159.53,1,159.62,1,,,,,,
2020-10-29 09:31:06,158.115,158.21,1,158.01,2,158.22,5,158.22,158.01,158.01,2,157.71,3,,,,,,,,,,,,,,,,,158.22,5,158.4,3,158.41,3,158.8,3,158.81,1,159.53,1,159.62,1,,,,,,
2020-10-29 09:31:07,158.115,158.21,1,158.01,2,158.22,5,158.22,158.01,158.01,2,157.71,3,,,,,,,,,,,,,,,,,158.22,5,158.4,3,158.41,3,158.8,3,158.81,1,159.53,1,159.62,1,,,,,,
2020-10-29 09:31:08,158.115,158.21,1,158.01,2,158.22,5,158.22,158.01,158.01,2,157.71,3,,,,,,,,,,,,,,,,,158.22,5,158.4,3,158.41,3,158.8,3,158.81,1,159.53,1,159.62,1,,,,,,
2020-10-29 09:31:09,158.115,158.21,1,158.01,2,158.22,5,158.22,158.01,158.01,2,157.71,3,,,,,,,,,,,,,,,,,158.22,5,158.4,3,158.41,3,158.8,3,158.81,1,159.53,1,159.62,1,,,,,,
2020-10-29 09:31:10,158.115,158.21,1,158.01,2,158.22,5,158.22,158.01,158.01,2,157.71,3,,,,,,,,,,,,,,,,,158.22,5,158.4,3,158.41,3,158.8,3,158.81,1,159.53,1,159.62,1,,,,,,
2020-10-29 09:31:11,158.115,158.21,1,158.01,2,158.22,5,158.22,158.01,158.01,2,157.71,3,,,,,,,,,,,,,,,,,158.22,5,158.4,3,158.41,3,158.8,3,158.81,1,159.53,1,159.62,1,,,,,,
2020-10-29 09:31:12,158.115,158.21,1,158.01,2,158.22,5,158.22,158.01,158.01,2,157.71,3,,,,,,,,,,,,,,,,,158.22,5,158.4,3,158.41,3,158.8,3,158.81,1,159.53,1,159.62,1,,,,,,
2020-10-29 09:31:13,158.115,158.21,1,158.01,2,158.22,5,158.22,158.01,158.01,2,157.71,3,,,,,,,,,,,,,,,,,158.22,5,158.4,3,158.41,3,158.8,3,158.81,1,159.53,1,159.62,1,,,,,,
2020-10-29 09:31:14,158.115,158.21,1,158.01,2,158.22,5,158.22,158.01,158.01,2,157.71,3,,,,,,,,,,,,,,,,,158.22,5,158.4,3,158.41,3,158.8,3,158.81,1,159.53,1,159.62,1,,,,,,
2020-10-29 09:31:15,158.115,158.21,1,158.01,2,158.22,5,158.22,158.01,158.01,2,157.71,3,,,,,,,,,,,,,,,,,158.22,5,158.4,3,158.41,3,158.8,3,158.81,1,159.53,1,159.62,1,,,,,,
2020-10-29 09:31:16,158.115,158.21,1,158.01,2,158.22,5,158.22,158.01,158.01,2,157.71,3,,,,,,,,,,,,,,,,,158.22,5,158.4,3,158.41,3,158.8,3,158.81,1,159.53,1,159.62,1,,,,,,
2020-10-29 09:31:17,158.115,158.21,1,158.01,2,158.22,5,158.22,158.01,158.01,2,157.71,3,,,,,,,,,,,,,,,,,158.22,5,158.4,3,158.41,3,158.8,3,158.81,1,159.53,1,159.62,1,,,,,,
2020-10-29 09:31:18,158.115,158.21,1,158.01,2,158.22,5,158.22,158.01,158.01,2,157.71,3,,,,,,,,,,,,,,,,,158.22,5,158.4,3,158.41,3,158.8,3,158.81,1,159.53,1,159.62,1,,,,,,
2020-10-29 09:31:19,158.115,158.21,1,158.01,2,158.22,5,158.22,158.01,158.01,2,157.71,3,,,,,,,,,,,,,,,,,158.22,5,158.4,3,158.41,3,158.8,3,158.81,1,159.53,1,159.62,1,,,,,,
2020-10-29 09:31:20,158.115,158.21,1,158.01,2,158.22,5,158.22,158.01,158.01,2,157.71,3,,,,,,,,,,,,,,,,,158.22,5,158.4,3,158.41,3,158.8,3,158.81,1,159.53,1,159.62,1,,,,,,
2020-10-29 09:31:21,158.115,158.21,1,158.01,2,158.22,5,158.22,158.01,158.01,2,157.71,3,,,,,,,,,,,,,,,,,158.22,5,158.4,3,158.41,3,158.8,3,158.81,1,159.53,1,159.62,1,,,,,,
2020-10-29 09:31:22,158.115,158.21,1,158.01,2,158.22,5,158.22,158.01,158.01,2,157.71,3,,,,,,,,,,,,,,,,,158.22,5,158.4,3,158.41,3,158.8,3,158.81,1,159.53,1,159.62,1,,,,,,
2020-10-29 09:31:23,158.115,158.21,1,158.01,2,158.22,5,158.22,158.01,158.01,2,157.71,3,,,,,,,,,,,,,,,,,158.22,5,158.4,3,158.41,3,158.8,3,158.81,1,159.53,1,159.62,1,,,,,,
2020-10-29 09:31:24,158.115,158.21,1,158.01,2,158.22,5,158.22,158.01,158.01,2,157.71,3,,,,,,,,,,,,,,,,,158.22,5,158.4,3,158.41,3,158.8,3,158.81,1,159.53,1,159.62,1,,,,,,
2020-10-29 09:31:25,158.115,158.21,1,158.01,2,158.22,5,158.22,158.01,158.01,2,157.71,3,,,,,,,,,,,,,,,,,158.22,5,158.4,3,158.41,3,158.8,3,158.81,1,159.53,1,159.62,1,,,,,,
2020-10-29 09:31:26,158.115,158.21,1,158.01,2,158.22,4,158.22,158.01,158.01,2,157.71,3,,,,,,,,,,,,,,,,,158.22,4,158.4,3,158.41,3,158.8,3,158.81,1,159.53,1,159.62,1,,,,,,
2020-10-29 09:31:27,158.115,158.21,1,158.01,2,158.22,4,158.22,158.01,158.01,2,157.71,3,,,,,,,,,,,,,,,,,158.22,4,158.4,3,158.41,3,158.8,3,158.81,1,159.53,1,159.62,1,,,,,,
2020-10-29 09:31:28,158.115,158.21,1,158.01,2,158.22,4,158.22,158.01,158.01,2,157.71,3,,,,,,,,,,,,,,,,,158.22,4,158.4,3,158.41,3,158.8,3,158.81,1,159.53,1,159.62,1,,,,,,
2020-10-29 09:31:29,158.115,158.21,1,158.01,2,158.22,4,158.22,158.01,158.01,2,157.71,3,,,,,,,,,,,,,,,,,158.22,4,158.4,3,158.41,3,158.8,3,158.81,1,159.53,1,159.62,1,,,,,,
2020-10-29 09:31:30,158.115,158.21,1,158.01,2,158.22,4,158.22,158.01,158.01,2,157.71,3,,,,,,,,,,,,,,,,,158.22,4,158.4,3,158.41,3,158.8,3,158.81,1,159.53,1,159.62,1,,,,,,
2020-10-29 09:31:31,158.115,158.21,1,158.01,2,158.22,4,158.22,158.01,158.01,2,157.71,3,,,,,,,,,,,,,,,,,158.22,4,158.4,3,158.41,3,158.8,3,158.81,1,159.53,1,159.62,1,,,,,,
2020-10-29 09:31:32,158.115,158.21,1,158.01,2,158.22,4,158.22,158.01,158.01,2,157.71,3,,,,,,,,,,,,,,,,,158.22,4,158.4,3,158.41,3,158.8,3,158.81,1,159.53,1,159.62,1,,,,,,
2020-10-29 09:31:33,158.115,158.21,1,158.01,2,158.22,4,158.22,158.01,158.01,2,157.71,3,,,,,,,,,,,,,,,,,158.22,4,158.4,3,158.41,3,158.8,3,158.81,1,159.53,1,159.62,1,,,,,,
2020-10-29 09:31:34,158.115,158.21,1,158.01,2,158.22,4,158.22,158.01,158.01,2,157.71,3,,,,,,,,,,,,,,,,,158.22,4,158.4,3,158.41,3,158.8,3,158.81,1,159.53,1,159.62,1,,,,,,
2020-10-29 09:31:35,158.115,158.21,1,158.01,2,158.22,4,158.22,158.01,158.01,2,157.71,3,,,,,,,,,,,,,,,,,158.22,4,158.4,3,158.41,3,158.8,3,158.81,1,159.53,1,159.62,1,,,,,,
2020-10-29 09:31:36,158.115,158.21,1,158.01,2,158.22,4,158.22,158.01,158.01,2,157.71,3,,,,,,,,,,,,,,,,,158.22,4,158.4,3,158.41,3,158.8,3,158.81,1,159.53,1,159.62,1,,,,,,
2020-10-29 09:31:37,158.115,158.21,1,158.01,2,158.22,4,158.22,158.01,158.01,2,157.71,3,,,,,,,,,,,,,,,,,158.22,4,158.4,3,158.41,3,158.8,3,158.81,1,159.53,1,159.62,1,,,,,,
2020-10-29 09:31:38,158.22,158.22,1,158.01,3,158.43,2,158.43,158.01,158.01,3,157.71,3,,,,,,,,,,,,,,,,,158.43,2,158.68,7,158.8,3,158.81,1,159.53,1,159.62,1,,,,,,,,
2020-10-29 09:31:39,158.22,158.22,1,158.01,3,158.43,3,158.43,158.01,158.01,3,157.71,3,,,,,,,,,,,,,,,,,158.43,3,158.68,7,158.8,3,158.81,1,159.53,1,159.62,1,,,,,,,,
2020-10-29 09:31:40,158.22,158.22,1,158.01,3,158.43,3,158.43,158.01,158.01,3,157.71,3,,,,,,,,,,,,,,,,,158.43,3,158.68,7,158.8,3,158.81,1,159.53,1,159.62,1,,,,,,,,
2020-10-29 09:31:41,158.22,158.22,1,158.01,3,158.43,3,158.43,158.01,158.01,3,157.71,3,,,,,,,,,,,,,,,,,158.43,3,158.68,7,158.8,3,158.81,1,159.53,1,159.62,1,,,,,,,,
2020-10-29 09:31:42,158.215,158.05,1,158.0,1,158.43,3,158.43,158.0,158.0,1,157.71,3,,,,,,,,,,,,,,,,,158.43,3,158.68,7,158.8,3,158.81,1,159.53,1,159.62,1,,,,,,,,
2020-10-29 09:31:43,158.215,158.05,1,158.0,1,158.43,4,158.43,158.0,158.0,1,157.71,3,,,,,,,,,,,,,,,,,158.43,4,158.68,7,158.8,3,158.81,1,159.53,1,159.62,1,,,,,,,,
2020-10-29 09:31:44,158.215,158.32,1,158.0,1,158.43,4,158.43,158.0,158.0,1,157.71,3,,,,,,,,,,,,,,,,,158.43,4,158.68,7,158.8,3,158.81,1,159.53,1,159.62,1,,,,,,,,
2020-10-29 09:31:45,158.215,158.32,1,158.0,1,158.43,4,158.43,158.0,158.0,1,157.71,3,,,,,,,,,,,,,,,,,158.43,4,158.68,7,158.8,3,158.81,1,159.53,1,159.62,1,,,,,,,,
2020-10-29 09:31:46,158.215,158.32,1,158.0,1,158.43,4,158.43,158.0,158.0,1,157.71,3,,,,,,,,,,,,,,,,,158.43,4,158.68,7,158.8,3,158.81,1,159.53,1,159.62,1,,,,,,,,
2020-10-29 09:31:47,158.215,158.32,1,158.0,1,158.43,4,158.43,158.0,158.0,1,157.71,3,,,,,,,,,,,,,,,,,158.43,4,158.68,7,158.8,3,158.81,1,159.53,1,159.62,1,,,,,,,,
2020-10-29 09:31:48,158.065,158.32,1,157.71,3,158.42,2,158.42,157.71,157.71,3,,,,,,,,,,,,,,,,,,,158.42,2,158.43,4,158.68,7,158.8,3,158.81,1,159.53,1,159.62,1,,,,,,
2020-10-29 09:31:49,158.065,158.32,1,157.71,3,158.42,2,158.42,157.71,157.71,3,,,,,,,,,,,,,,,,,,,158.42,2,158.43,4,158.68,7,158.8,3,158.81,1,159.53,1,159.62,1,,,,,,
2020-10-29 09:31:50,158.065,158.32,1,157.71,3,158.42,2,158.42,157.71,157.71,3,,,,,,,,,,,,,,,,,,,158.42,2,158.43,4,158.68,7,158.8,3,158.81,1,159.53,1,159.62,1,,,,,,
2020-10-29 09:31:51,158.065,158.32,1,157.71,3,158.42,2,158.42,157.71,157.71,3,,,,,,,,,,,,,,,,,,,158.42,2,158.43,4,158.68,7,158.8,3,158.81,1,159.53,1,159.62,1,,,,,,
2020-10-29 09:31:52,158.065,158.32,1,157.71,3,158.42,2,158.42,157.71,157.71,3,,,,,,,,,,,,,,,,,,,158.42,2,158.43,4,158.68,7,158.8,3,158.81,1,159.53,1,159.62,1,,,,,,
2020-10-29 09:31:53,158.065,158.32,1,157.71,3,158.42,2,158.42,157.71,157.71,3,,,,,,,,,,,,,,,,,,,158.42,2,158.43,4,158.68,7,158.8,3,158.81,1,159.53,1,159.62,1,,,,,,
2020-10-29 09:31:54,158.065,158.32,1,157.71,3,158.42,2,158.42,157.71,157.71,3,,,,,,,,,,,,,,,,,,,158.42,2,158.43,4,158.68,7,158.8,3,158.81,1,159.53,1,159.62,1,,,,,,
2020-10-29 09:31:55,158.065,158.32,1,157.71,3,158.42,2,158.42,157.71,157.71,3,,,,,,,,,,,,,,,,,,,158.42,2,158.43,4,158.68,7,158.8,3,158.81,1,159.53,1,159.62,1,,,,,,
2020-10-29 09:31:56,158.065,158.32,1,157.71,3,158.42,2,158.42,157.71,157.71,3,,,,,,,,,,,,,,,,,,,158.42,2,158.43,4,158.68,7,158.8,3,158.81,1,159.53,1,159.62,1,,,,,,
2020-10-29 09:31:57,158.065,158.32,1,157.71,3,158.42,2,158.42,157.71,157.71,3,,,,,,,,,,,,,,,,,,,158.42,2,158.43,4,158.68,7,158.8,3,158.81,1,159.53,1,159.62,1,,,,,,
2020-10-29 09:31:58,158.065,158.32,1,157.71,3,158.42,2,158.42,157.71,157.71,3,,,,,,,,,,,,,,,,,,,158.42,2,158.43,4,158.68,7,158.8,3,158.81,1,159.53,1,159.62,1,,,,,,
2020-10-29 09:31:59,158.065,158.32,1,157.71,4,158.42,2,158.42,157.71,157.71,4,,,,,,,,,,,,,,,,,,,158.42,2,158.43,4,158.68,7,158.8,3,158.81,1,159.53,1,159.62,1,,,,,,
2020-10-29 09:32:00,158.065,158.32,1,157.71,4,158.42,2,158.42,157.71,157.71,4,,,,,,,,,,,,,,,,,,,158.42,2,158.43,4,158.68,7,158.8,3,158.81,1,159.53,1,159.62,1,,,,,,
2020-10-29 09:32:01,158.065,158.32,1,157.71,4,158.42,2,158.42,157.71,157.71,4,,,,,,,,,,,,,,,,,,,158.42,2,158.43,4,158.68,7,158.8,3,158.81,1,159.53,1,159.62,1,,,,,,
2020-10-29 09:32:02,158.065,158.32,1,157.71,4,158.42,2,158.42,157.71,157.71,4,,,,,,,,,,,,,,,,,,,158.42,2,158.43,4,158.68,7,158.8,3,158.81,1,159.53,1,159.62,1,,,,,,
2020-10-29 09:32:03,158.065,158.32,1,157.71,4,158.42,2,158.42,157.71,157.71,4,,,,,,,,,,,,,,,,,,,158.42,2,158.43,4,158.68,7,158.8,3,158.81,1,159.53,1,159.62,1,,,,,,
2020-10-29 09:32:04,158.065,158.32,1,157.71,4,158.42,2,158.42,157.71,157.71,4,,,,,,,,,,,,,,,,,,,158.42,2,158.43,4,158.68,7,158.8,3,158.81,1,159.53,1,159.62,1,,,,,,
2020-10-29 09:32:05,158.065,158.32,1,157.71,4,158.42,2,158.42,157.71,157.71,4,,,,,,,,,,,,,,,,,,,158.42,2,158.43,4,158.68,7,158.8,3,158.81,1,159.53,1,159.62,1,,,,,,
2020-10-29 09:32:06,158.065,158.32,1,157.71,4,158.42,2,158.42,157.71,157.71,4,,,,,,,,,,,,,,,,,,,158.42,2,158.43,4,158.68,7,158.8,3,158.81,1,159.53,1,159.62,1,,,,,,
2020-10-29 09:32:07,158.065,158.32,1,157.71,4,158.42,2,158.42,157.71,157.71,4,,,,,,,,,,,,,,,,,,,158.42,2,158.43,4,158.68,7,158.8,3,158.81,1,159.53,1,159.62,1,,,,,,
2020-10-29 09:32:08,158.065,158.32,1,157.71,4,158.42,2,158.42,157.71,157.71,4,,,,,,,,,,,,,,,,,,,158.42,2,158.43,4,158.68,7,158.8,3,158.81,1,159.53,1,159.62,1,,,,,,
2020-10-29 09:32:09,158.065,158.32,1,157.71,4,158.42,2,158.42,157.71,157.71,4,,,,,,,,,,,,,,,,,,,158.42,2,158.43,4,158.68,7,158.8,3,158.81,1,159.53,1,159.62,1,,,,,,
2020-10-29 09:32:10,158.065,158.32,1,157.71,4,158.42,2,158.42,157.71,157.71,4,,,,,,,,,,,,,,,,,,,158.42,2,158.43,4,158.68,7,158.8,3,158.81,1,159.53,1,159.62,1,,,,,,
2020-10-29 09:32:11,158.065,158.32,1,157.71,4,158.42,2,158.42,157.71,157.71,4,,,,,,,,,,,,,,,,,,,158.42,2,158.43,4,158.68,7,158.8,3,158.81,1,159.53,1,159.62,1,,,,,,
2020-10-29 09:32:12,158.065,158.32,1,157.71,4,158.42,2,158.42,157.71,157.71,4,,,,,,,,,,,,,,,,,,,158.42,2,158.43,4,158.68,7,158.8,3,158.81,1,159.53,1,159.62,1,,,,,,
2020-10-29 09:32:13,158.065,158.32,1,157.71,4,158.42,2,158.42,157.71,157.71,4,,,,,,,,,,,,,,,,,,,158.42,2,158.43,4,158.68,7,158.8,3,158.81,1,159.53,1,159.62,1,,,,,,
2020-10-29 09:32:14,158.065,158.32,1,157.71,4,158.42,2,158.42,157.71,157.71,4,,,,,,,,,,,,,,,,,,,158.42,2,158.43,4,158.68,7,158.8,3,158.81,1,159.53,1,159.62,1,,,,,,
2020-10-29 09:32:15,158.065,158.32,1,157.71,4,158.42,2,158.42,157.71,157.71,4,,,,,,,,,,,,,,,,,,,158.42,2,158.43,4,158.68,7,158.8,3,158.81,1,159.53,1,159.62,1,,,,,,
2020-10-29 09:32:16,158.065,158.32,1,157.71,4,158.42,2,158.42,157.71,157.71,4,,,,,,,,,,,,,,,,,,,158.42,2,158.43,4,158.68,7,158.8,3,158.81,1,159.53,1,159.62,1,,,,,,
2020-10-29 09:32:17,158.065,158.32,1,157.71,4,158.42,2,158.42,157.71,157.71,4,,,,,,,,,,,,,,,,,,,158.42,2,158.43,4,158.68,7,158.8,3,158.81,1,159.53,1,159.62,1,,,,,,
2020-10-29 09:32:18,158.105,158.32,1,157.8,2,158.41,2,158.41,157.8,157.8,2,157.71,4,,,,,,,,,,,,,,,,,158.41,2,158.42,2,158.43,4,158.68,7,158.8,3,158.81,1,159.53,1,159.62,1,,,,
2020-10-29 09:32:19,158.105,158.32,1,157.8,2,158.41,2,158.41,157.8,157.8,2,157.71,4,,,,,,,,,,,,,,,,,158.41,2,158.42,2,158.43,4,158.68,7,158.8,3,158.81,1,159.53,1,159.62,1,,,,
2020-10-29 09:32:20,158.095,158.32,1,157.8,3,158.39,1,158.39,157.8,157.8,3,157.71,4,,,,,,,,,,,,,,,,,158.39,1,158.4,1,158.41,2,158.42,2,158.43,4,158.68,7,158.8,3,158.81,1,159.53,1,159.62,1
2020-10-29 09:32:21,158.095,158.32,1,157.8,3,158.39,1,158.39,157.8,157.8,3,157.71,4,,,,,,,,,,,,,,,,,158.39,1,158.4,1,158.41,2,158.42,2,158.43,4,158.68,7,158.8,3,158.81,1,159.53,1,159.62,1
2020-10-29 09:32:22,158.095,158.32,1,157.8,3,158.39,1,158.39,157.8,157.8,3,157.71,4,,,,,,,,,,,,,,,,,158.39,1,158.4,1,158.41,2,158.42,2,158.43,4,158.68,7,158.8,3,158.81,1,159.53,1,159.62,1
2020-10-29 09:32:23,157.955,158.13,2,157.83,1,158.08,1,158.08,157.83,157.83,1,157.82,5,157.52,1,,,,,,,,,,,,,,,158.08,1,158.12,1,158.13,4,158.2,1,158.3,10,158.38,1,158.39,3,158.4,1,158.41,2,158.42,2
2020-10-29 09:32:24,157.96,158.0,1,157.83,2,158.09,1,158.09,157.83,157.83,2,157.82,6,157.52,1,,,,,,,,,,,,,,,158.09,1,158.13,2,158.2,1,158.3,10,158.38,1,158.39,3,158.4,1,158.41,2,158.42,2,158.43,4
2020-10-29 09:32:25,157.935,158.01,1,157.81,1,158.06,1,158.06,157.81,157.81,1,157.8,2,157.77,1,157.52,1,,,,,,,,,,,,,158.06,1,158.07,1,158.09,1,158.13,2,158.2,1,158.3,10,158.38,1,158.39,3,158.4,1,158.41,2
2020-10-29 09:32:26,157.93,158.01,1,157.8,2,158.06,1,158.06,157.8,157.8,2,157.77,1,157.52,1,,,,,,,,,,,,,,,158.06,1,158.07,1,158.09,1,158.13,2,158.2,1,158.3,10,158.38,1,158.39,3,158.4,1,158.41,2
2020-10-29 09:32:27,157.935,158.01,1,157.81,2,158.06,1,158.06,157.81,157.81,2,157.8,2,157.77,1,157.52,1,,,,,,,,,,,,,158.06,1,158.07,1,158.09,1,158.13,2,158.2,1,158.3,10,158.38,1,158.39,3,158.4,1,158.41,2
2020-10-29 09:32:28,157.935,158.01,1,157.81,4,158.06,3,158.06,157.81,157.81,4,157.8,2,157.77,1,157.52,1,,,,,,,,,,,,,158.06,3,158.07,1,158.09,1,158.13,2,158.2,1,158.3,10,158.38,1,158.39,3,158.4,1,158.41,2
2020-10-29 09:32:29,157.935,158.01,1,157.81,4,158.06,3,158.06,157.81,157.81,4,157.8,2,157.77,1,157.52,1,,,,,,,,,,,,,158.06,3,158.07,1,158.09,1,158.13,2,158.2,1,158.3,10,158.38,1,158.39,3,158.4,1,158.41,2
2020-10-29 09:32:30,157.94,158.01,1,157.82,3,158.06,3,158.06,157.82,157.82,3,157.81,4,157.8,2,157.77,1,157.52,1,,,,,,,,,,,158.06,3,158.07,1,158.09,1,158.13,2,158.2,1,158.3,10,158.38,1,158.39,3,158.4,1,158.41,2
2020-10-29 09:32:31,157.94,158.01,1,157.82,3,158.06,3,158.06,157.82,157.82,3,157.81,4,157.8,2,157.77,1,157.52,1,,,,,,,,,,,158.06,3,158.07,1,158.09,1,158.13,2,158.2,1,158.3,10,158.38,1,158.39,3,158.4,1,158.41,2
2020-10-29 09:32:32,158.12,158.05,1,157.94,2,158.3,10,158.3,157.94,157.94,2,157.92,1,157.88,1,157.87,1,157.82,6,157.81,4,157.8,2,157.77,1,157.52,1,,,158.3,10,158.38,1,158.39,3,158.4,1,158.41,2,158.42,2,158.43,4,158.68,7,158.8,3,158.81,1
2020-10-29 09:32:33,158.115,158.05,1,157.94,4,158.29,2,158.29,157.94,157.94,4,157.92,1,157.88,1,157.87,1,157.82,6,157.81,4,157.8,2,157.77,1,157.52,1,,,158.29,2,158.3,10,158.38,1,158.39,3,158.4,1,158.41,2,158.42,2,158.43,4,158.68,7,158.8,3
2020-10-29 09:32:34,158.115,158.05,1,157.94,4,158.29,3,158.29,157.94,157.94,4,157.92,1,157.88,1,157.87,1,157.82,6,157.81,4,157.8,2,157.77,1,157.52,1,,,158.29,3,158.3,10,158.38,1,158.39,3,158.4,1,158.41,2,158.42,2,158.43,4,158.68,7,158.8,3
2020-10-29 09:32:35,158.115,158.05,1,157.94,4,158.29,3,158.29,157.94,157.94,4,157.92,1,157.88,1,157.87,1,157.82,6,157.81,4,157.8,2,157.77,1,157.52,1,,,158.29,3,158.3,10,158.38,1,158.39,3,158.4,1,158.41,2,158.42,2,158.43,4,158.68,7,158.8,3
2020-10-29 09:32:36,158.115,158.05,1,157.94,4,158.29,3,158.29,157.94,157.94,4,157.92,1,157.88,1,157.87,1,157.82,6,157.81,4,157.8,2,157.77,1,157.52,1,,,158.29,3,158.3,10,158.38,1,158.39,3,158.4,1,158.41,2,158.42,2,158.43,4,158.68,7,158.8,3
2020-10-29 09:32:37,158.115,158.05,1,157.94,4,158.29,3,158.29,157.94,157.94,4,157.92,1,157.88,1,157.87,1,157.82,6,157.81,4,157.8,2,157.77,1,157.52,1,,,158.29,3,158.3,10,158.38,1,158.39,3,158.4,1,158.41,2,158.42,2,158.43,4,158.68,7,158.8,3
2020-10-29 09:32:38,158.115,158.05,1,157.94,4,158.29,3,158.29,157.94,157.94,4,157.92,1,157.88,1,157.87,1,157.82,6,157.81,4,157.8,2,157.77,1,157.52,1,,,158.29,3,158.3,10,158.38,1,158.39,3,158.4,1,158.41,2,158.42,2,158.43,4,158.68,7,158.8,3
2020-10-29 09:32:39,158.115,158.05,1,157.94,4,158.29,3,158.29,157.94,157.94,4,157.92,1,157.88,1,157.87,1,157.82,6,157.81,4,157.8,2,157.77,1,157.52,1,,,158.29,3,158.3,10,158.38,1,158.39,3,158.4,1,158.41,2,158.42,2,158.43,4,158.68,7,158.8,3
2020-10-29 09:32:40,157.945,157.92,1,157.78,2,158.11,1,158.11,157.78,157.78,2,157.77,1,157.52,1,,,,,,,,,,,,,,,158.11,1,158.12,1,158.17,1,158.28,1,158.29,3,158.3,10,158.38,1,158.39,3,158.4,1,158.41,2
2020-10-29 09:32:41,157.945,157.92,1,157.78,2,158.11,1,158.11,157.78,157.78,2,157.7,1,157.52,1,,,,,,,,,,,,,,,158.11,1,158.12,1,158.17,1,158.28,1,158.29,3,158.3,10,158.38,1,158.39,3,158.4,1,158.41,2
2020-10-29 09:32:42,157.945,157.92,1,157.78,4,158.11,1,158.11,157.78,157.78,4,157.7,1,157.52,1,,,,,,,,,,,,,,,158.11,1,158.12,1,158.17,1,158.28,1,158.29,3,158.3,10,158.38,1,158.39,3,158.4,1,158.41,2
2020-10-29 09:32:43,157.945,157.88,1,157.78,4,158.11,1,158.11,157.78,157.78,4,157.7,1,157.52,1,,,,,,,,,,,,,,,158.11,1,158.12,1,158.17,1,158.28,1,158.29,3,158.3,10,158.38,1,158.39,3,158.4,1,158.41,2
2020-10-29 09:32:44,157.945,157.88,1,157.78,4,158.11,1,158.11,157.78,157.78,4,157.7,1,157.52,1,,,,,,,,,,,,,,,158.11,1,158.12,1,158.17,1,158.28,1,158.29,3,158.3,10,158.38,1,158.39,3,158.4,1,158.41,2
2020-10-29 09:32:45,157.94,157.88,1,157.78,4,158.1,1,158.1,157.78,157.78,4,157.7,1,157.52,1,,,,,,,,,,,,,,,158.1,1,158.11,1,158.12,1,158.17,1,158.28,1,158.29,3,158.3,10,158.38,1,158.39,3,158.4,1
2020-10-29 09:32:46,157.72,157.69,1,157.51,1,157.93,3,157.93,157.51,157.51,1,,,,,,,,,,,,,,,,,,,157.93,3,157.97,1,158.04,1,158.11,2,158.12,1,158.17,1,158.28,1,158.29,3,158.3,10,158.38,1
2020-10-29 09:32:47,157.715,157.69,1,157.51,1,157.92,2,157.92,157.51,157.51,1,,,,,,,,,,,,,,,,,,,157.92,2,157.93,3,157.97,1,158.04,1,158.11,2,158.12,1,158.17,1,158.28,1,158.29,3,158.3,10
2020-10-29 09:32:48,157.75,157.69,1,157.58,1,157.92,2,157.92,157.58,157.58,1,157.51,1,,,,,,,,,,,,,,,,,157.92,2,157.93,3,157.97,1,158.04,1,158.11,2,158.12,1,158.17,1,158.28,1,158.29,3,158.3,10
2020-10-29 09:32:49,157.75,157.69,1,157.58,1,157.92,2,157.92,157.58,157.58,1,157.51,1,,,,,,,,,,,,,,,,,157.92,2,157.93,3,157.97,1,158.04,1,158.11,2,158.12,1,158.17,1,158.28,1,158.29,3,158.3,10
2020-10-29 09:32:50,157.725,157.69,1,157.58,1,157.87,1,157.87,157.58,157.58,1,157.51,1,,,,,,,,,,,,,,,,,157.87,1,157.92,2,157.93,3,157.97,1,158.04,1,158.11,2,158.12,1,158.17,1,158.28,1,158.29,3
2020-10-29 09:32:51,157.715,157.69,1,157.56,1,157.87,2,157.87,157.56,157.56,1,157.51,1,,,,,,,,,,,,,,,,,157.87,2,157.92,2,157.93,3,157.97,1,158.04,1,158.11,2,158.12,1,158.17,1,158.28,1,158.29,3
2020-10-29 09:32:52,157.715,157.69,1,157.56,1,157.87,2,157.87,157.56,157.56,1,157.51,1,,,,,,,,,,,,,,,,,157.87,2,157.92,2,157.93,3,157.97,1,158.04,1,158.11,2,158.12,1,158.17,1,158.28,1,158.29,3
2020-10-29 09:32:53,157.685,157.69,1,157.51,1,157.86,3,157.86,157.51,157.51,1,,,,,,,,,,,,,,,,,,,157.86,3,157.87,2,157.92,2,157.93,3,157.97,1,158.04,1,158.11,2,158.12,1,158.17,1,158.28,1
2020-10-29 09:32:54,157.685,157.69,1,157.51,1,157.86,3,157.86,157.51,157.51,1,,,,,,,,,,,,,,,,,,,157.86,3,157.87,2,157.92,2,157.93,3,157.97,1,158.04,1,158.11,2,158.12,1,158.17,1,158.28,1
2020-10-29 09:32:55,157.685,157.69,1,157.51,1,157.86,3,157.86,157.51,157.51,1,,,,,,,,,,,,,,,,,,,157.86,3,157.87,2,157.92,2,157.93,3,157.97,1,158.04,1,158.11,2,158.12,1,158.17,1,158.28,1
2020-10-29 09:32:56,157.685,157.67,1,157.51,1,157.86,3,157.86,157.51,157.51,1,,,,,,,,,,,,,,,,,,,157.86,3,157.87,2,157.92,2,157.93,3,157.97,1,158.04,1,158.11,2,158.12,1,158.17,1,158.28,1
2020-10-29 09:32:57,157.725,157.67,1,157.59,1,157.86,4,157.86,157.59,157.59,1,157.52,1,157.51,1,,,,,,,,,,,,,,,157.86,4,157.87,2,157.92,2,157.93,3,157.97,1,158.04,1,158.11,2,158.12,1,158.17,1,158.28,1
2020-10-29 09:32:58,157.725,157.67,1,157.59,1,157.86,4,157.86,157.59,157.59,1,157.52,1,157.51,1,,,,,,,,,,,,,,,157.86,4,157.87,2,157.92,2,157.93,3,157.97,1,158.04,1,158.11,2,158.12,1,158.17,1,158.28,1
2020-10-29 09:32:59,157.725,157.67,1,157.59,1,157.86,4,157.86,157.59,157.59,1,157.52,1,157.51,1,,,,,,,,,,,,,,,157.86,4,157.87,2,157.92,2,157.93,3,157.97,1,158.04,1,158.11,2,158.12,1,158.17,1,158.28,1
2020-10-29 09:33:00,157.725,157.67,1,157.59,1,157.86,4,157.86,157.59,157.59,1,157.52,1,157.51,1,,,,,,,,,,,,,,,157.86,4,157.87,2,157.92,2,157.93,3,157.97,1,158.04,1,158.11,2,158.12,1,158.17,1,158.28,1
2020-10-29 09:33:01,157.715,157.59,1,157.57,1,157.86,4,157.86,157.57,157.57,1,157.54,1,157.52,1,157.51,1,,,,,,,,,,,,,157.86,4,157.87,2,157.92,2,157.93,3,157.97,1,158.04,1,158.11,2,158.12,1,158.17,1,158.28,1
2020-10-29 09:33:02,157.715,157.59,1,157.57,1,157.86,4,157.86,157.57,157.57,1,157.54,1,157.52,1,157.51,1,,,,,,,,,,,,,157.86,4,157.87,2,157.92,2,157.93,3,157.97,1,158.04,1,158.11,2,158.12,1,158.17,1,158.28,1
2020-10-29 09:33:03,157.695,157.56,1,157.54,2,157.85,2,157.85,157.54,157.54,2,157.52,1,157.51,1,,,,,,,,,,,,,,,157.85,2,157.86,4,157.87,2,157.92,2,157.93,3,157.97,1,158.04,1,158.11,2,158.12,1,158.17,1
2020-10-29 09:33:04,157.7,157.56,1,157.55,1,157.85,2,157.85,157.55,157.55,1,157.54,2,157.52,1,157.51,1,,,,,,,,,,,,,157.85,2,157.86,4,157.87,2,157.92,2,157.93,3,157.97,1,158.04,1,158.11,2,158.12,1,158.17,1
2020-10-29 09:33:05,157.73,157.83,1,157.61,1,157.85,2,157.85,157.61,157.61,1,157.58,2,157.55,1,157.54,2,157.52,1,157.51,1,,,,,,,,,157.85,2,157.86,4,157.87,2,157.92,2,157.93,3,157.97,1,158.04,1,158.11,2,158.12,1,158.17,1
2020-10-29 09:33:06,157.735,157.83,1,157.62,1,157.85,2,157.85,157.62,157.62,1,157.61,1,157.58,2,157.55,1,157.54,2,157.52,1,157.51,1,,,,,,,157.85,2,157.86,4,157.87,2,157.92,2,157.93,3,157.97,1,158.04,1,158.11,2,158.12,1,158.17,1
2020-10-29 09:33:07,157.735,157.83,1,157.62,1,157.85,2,157.85,157.62,157.62,1,157.61,1,157.58,2,157.55,1,157.54,2,157.52,1,157.51,1,,,,,,,157.85,2,157.86,4,157.87,2,157.92,2,157.93,3,157.97,1,158.04,1,158.11,2,158.12,1,158.17,1
2020-10-29 09:33:08,157.995,157.87,1,157.86,2,158.13,2,158.13,157.86,157.86,2,157.85,3,157.76,1,157.71,1,157.64,1,157.63,2,157.62,1,157.61,1,157.58,2,157.55,1,158.13,2,158.17,1,158.28,1,158.29,3,158.3,10,158.38,1,158.39,3,158.4,1,158.41,2,158.42,2
2020-10-29 09:33:09,157.97,157.87,1,157.81,1,158.13,3,158.13,157.81,157.81,1,157.76,1,157.71,1,157.64,1,157.63,2,157.62,1,157.61,1,157.58,2,157.55,1,157.54,2,158.13,3,158.17,1,158.28,1,158.29,3,158.3,10,158.38,1,158.39,3,158.4,1,158.41,2,158.42,2
2020-10-29 09:33:10,157.97,157.87,1,157.81,1,158.13,3,158.13,157.81,157.81,1,157.76,1,157.71,1,157.64,1,157.63,2,157.62,1,157.61,1,157.58,2,157.55,1,157.54,2,158.13,3,158.17,1,158.28,1,158.29,3,158.3,10,158.38,1,158.39,3,158.4,1,158.41,2,158.42,2
2020-10-29 09:33:11,157.97,157.87,1,157.81,1,158.13,3,158.13,157.81,157.81,1,157.76,1,157.71,1,157.64,1,157.63,2,157.62,1,157.61,1,157.58,2,157.55,1,157.54,2,158.13,3,158.17,1,158.28,1,158.29,3,158.3,10,158.38,1,158.39,3,158.4,1,158.41,2,158.42,2
2020-10-29 09:33:12,157.97,157.87,1,157.81,1,158.13,3,158.13,157.81,157.81,1,157.76,1,157.71,1,157.64,1,157.63,2,157.62,1,157.61,1,157.58,2,157.55,1,157.54,2,158.13,3,158.17,1,158.28,1,158.29,3,158.3,10,158.38,1,158.39,3,158.4,1,158.41,2,158.42,2
2020-10-29 09:33:13,157.97,157.87,1,157.81,1,158.13,3,158.13,157.81,157.81,1,157.76,1,157.71,1,157.64,1,157.63,2,157.62,1,157.61,1,157.58,2,157.55,1,157.54,2,158.13,3,158.17,1,158.28,1,158.29,3,158.3,10,158.38,1,158.39,3,158.4,1,158.41,2,158.42,2
2020-10-29 09:33:14,157.97,158.02,1,157.81,2,158.13,3,158.13,157.81,157.81,2,157.76,1,157.71,1,157.64,1,157.63,2,157.62,1,157.61,1,157.58,2,157.55,1,157.54,2,158.13,3,158.17,1,158.28,1,158.29,3,158.3,10,158.38,1,158.39,3,158.4,1,158.41,2,158.42,2
2020-10-29 09:33:15,157.97,158.02,1,157.81,2,158.13,3,158.13,157.81,157.81,2,157.76,1,157.71,1,157.64,1,157.63,2,157.62,1,157.61,1,157.58,2,157.55,1,157.54,2,158.13,3,158.17,1,158.28,1,158.29,3,158.3,10,158.38,1,158.39,3,158.4,1,158.41,2,158.42,2
2020-10-29 09:33:16,157.97,158.02,1,157.81,2,158.13,3,158.13,157.81,157.81,2,157.76,1,157.71,1,157.64,1,157.63,2,157.62,1,157.61,1,157.58,2,157.55,1,157.54,2,158.13,3,158.17,1,158.28,1,158.29,3,158.3,10,158.38,1,158.39,3,158.4,1,158.41,2,158.42,2
2020-10-29 09:33:17,157.97,158.18,10,157.81,2,158.13,3,158.13,157.81,157.81,2,157.76,1,157.71,1,157.64,1,157.63,2,157.62,1,157.61,1,157.58,2,157.55,1,157.54,2,158.13,3,158.17,1,158.28,1,158.29,3,158.3,10,158.38,1,158.39,3,158.4,1,158.41,2,158.42,2
2020-10-29 09:33:18,157.97,158.18,10,157.81,2,158.13,3,158.13,157.81,157.81,2,157.76,1,157.71,1,157.64,1,157.63,2,157.62,1,157.61,1,157.58,2,157.55,1,157.54,2,158.13,3,158.17,1,158.28,1,158.29,3,158.3,10,158.38,1,158.39,3,158.4,1,158.41,2,158.42,2
2020-10-29 09:33:19,157.97,158.18,10,157.81,2,158.13,3,158.13,157.81,157.81,2,157.76,1,157.71,1,157.64,1,157.63,2,157.62,1,157.61,1,157.58,2,157.55,1,157.54,2,158.13,3,158.17,1,158.28,1,158.29,3,158.3,10,158.38,1,158.39,3,158.4,1,158.41,2,158.42,2
2020-10-29 09:33:20,157.97,158.18,10,157.81,2,158.13,3,158.13,157.81,157.81,2,157.76,1,157.71,1,157.64,1,157.63,2,157.62,1,157.61,1,157.58,2,157.55,1,157.54,2,158.13,3,158.17,1,158.28,1,158.29,3,158.3,10,158.38,1,158.39,3,158.4,1,158.41,2,158.42,2
2020-10-29 09:33:21,157.995,158.18,10,157.86,2,158.13,4,158.13,157.86,157.86,2,157.82,2,157.81,2,157.76,1,157.71,1,157.64,1,157.63,2,157.62,1,157.61,1,157.58,2,158.13,4,158.17,1,158.28,1,158.29,3,158.3,10,158.38,1,158.39,3,158.4,1,158.41,2,158.42,2
2020-10-29 09:33:22,157.995,158.18,10,157.86,4,158.13,4,158.13,157.86,157.86,4,157.82,2,157.81,2,157.76,1,157.71,1,157.64,1,157.63,2,157.62,1,157.61,1,157.58,2,158.13,4,158.17,1,158.28,1,158.29,3,158.3,10,158.38,1,158.39,3,158.4,1,158.41,2,158.42,2
2020-10-29 09:33:23,158.025,158.18,10,157.87,2,158.18,1,158.18,157.87,157.87,2,157.86,4,157.82,2,157.81,2,157.76,1,157.71,1,157.64,1,157.63,2,157.62,1,157.61,1,158.18,1,158.19,1,158.28,1,158.29,3,158.3,10,158.38,1,158.39,3,158.4,1,158.41,2,158.42,2
2020-10-29 09:33:24,157.995,158.18,10,157.87,2,158.12,1,158.12,157.87,157.87,2,157.86,4,157.82,2,157.81,2,157.76,1,157.71,1,157.64,1,157.63,2,157.62,1,157.61,1,158.12,1,158.13,3,158.14,1,158.15,2,158.17,2,158.18,1,158.19,1,158.28,1,158.29,3,158.3,10
2020-10-29 09:33:25,157.98,158.18,10,157.87,2,158.09,1,158.09,157.87,157.87,2,157.86,4,157.82,2,157.81,2,157.76,1,157.71,1,157.64,1,157.63,2,157.62,1,157.61,1,158.09,1,158.1,1,158.11,1,158.12,1,158.13,3,158.14,1,158.15,2,158.17,2,158.18,1,158.19,1
2020-10-29 09:33:26,157.93,158.18,10,157.87,2,157.99,1,157.99,157.87,157.87,2,157.86,4,157.82,2,157.81,2,157.76,1,157.71,1,157.64,1,157.63,2,157.62,1,157.61,1,157.99,1,158.0,1,158.01,2,158.02,1,158.03,1,158.04,1,158.05,1,158.06,1,158.07,1,158.08,1
2020-10-29 09:33:27,158.035,158.18,10,157.94,1,158.13,1,158.13,157.94,157.94,1,157.89,1,157.88,1,157.87,2,157.86,4,157.82,2,157.81,2,157.76,1,157.71,1,157.64,1,158.13,1,158.17,2,158.18,1,158.19,1,158.28,1,158.29,3,158.3,10,158.38,1,158.39,3,158.4,1
2020-10-29 09:33:28,158.025,158.18,10,157.94,1,158.11,1,158.11,157.94,157.94,1,157.89,1,157.88,1,157.87,2,157.86,4,157.82,2,157.81,2,157.76,1,157.71,1,157.64,1,158.11,1,158.12,1,158.17,2,158.18,1,158.19,1,158.28,1,158.29,3,158.3,10,158.38,1,158.39,3
2020-10-29 09:33:29,158.02,158.18,10,157.94,1,158.1,1,158.1,157.94,157.94,1,157.89,1,157.88,1,157.87,2,157.86,4,157.82,2,157.81,2,157.76,1,157.71,1,157.64,1,158.1,1,158.17,2,158.18,1,158.19,1,158.28,1,158.29,3,158.3,10,158.38,1,158.39,3,158.4,1
2020-10-29 09:33:30,158.055,158.1,1,157.94,1,158.17,2,158.17,157.94,157.94,1,157.89,1,157.88,1,157.87,2,157.86,4,157.82,2,157.81,2,157.76,1,157.71,1,157.64,1,158.17,2,158.18,1,158.19,1,158.28,1,158.29,3,158.3,10,158.38,1,158.39,3,158.4,1,158.41,2
2020-10-29 09:33:31,158.055,158.1,1,157.94,4,158.17,2,158.17,157.94,157.94,4,157.89,1,157.88,1,157.87,2,157.86,4,157.82,2,157.81,2,157.76,1,157.71,1,157.64,1,158.17,2,158.18,1,158.19,1,158.28,1,158.29,3,158.3,10,158.38,1,158.39,3,158.4,1,158.41,2
2020-10-29 09:33:32,158.055,158.1,1,157.94,4,158.17,2,158.17,157.94,157.94,4,157.89,1,157.88,1,157.87,2,157.86,4,157.82,2,157.81,2,157.76,1,157.71,1,157.64,1,158.17,2,158.18,1,158.19,1,158.28,1,158.29,3,158.3,10,158.38,1,158.39,3,158.4,1,158.41,2
2020-10-29 09:33:33,158.055,158.1,1,157.94,4,158.17,2,158.17,157.94,157.94,4,157.89,1,157.88,1,157.87,2,157.86,4,157.82,2,157.81,2,157.76,1,157.71,1,157.64,1,158.17,2,158.18,1,158.19,1,158.28,1,158.29,3,158.3,10,158.38,1,158.39,3,158.4,1,158.41,2
2020-10-29 09:33:34,158.055,158.1,1,157.94,4,158.17,2,158.17,157.94,157.94,4,157.89,1,157.88,1,157.87,2,157.86,4,157.82,2,157.81,2,157.76,1,157.71,1,157.64,1,158.17,2,158.18,1,158.19,1,158.28,1,158.29,3,158.3,10,158.38,1,158.39,3,158.4,1,158.41,2
2020-10-29 09:33:35,158.145,158.05,1,157.99,2,158.3,10,158.3,157.99,157.99,2,157.95,4,157.94,4,157.89,1,157.88,1,157.87,2,157.86,4,157.82,2,157.81,2,157.76,1,158.3,10,158.38,1,158.39,3,158.4,1,158.41,2,158.42,2,158.43,4,158.68,7,158.8,3,158.81,1
2020-10-29 09:33:36,158.105,158.05,1,157.95,4,158.26,1,158.26,157.95,157.95,4,157.94,4,157.89,1,157.88,1,157.87,2,157.86,4,157.82,2,157.81,2,157.76,1,157.71,1,158.26,1,158.3,10,158.38,1,158.39,3,158.4,1,158.41,2,158.42,2,158.43,4,158.68,7,158.8,3
2020-10-29 09:33:37,158.105,158.05,1,157.95,4,158.26,1,158.26,157.95,157.95,4,157.94,4,157.89,1,157.88,1,157.87,2,157.86,4,157.82,2,157.81,2,157.76,1,157.71,1,158.26,1,158.3,10,158.38,1,158.39,3,158.4,1,158.41,2,158.42,2,158.43,4,158.68,7,158.8,3
2020-10-29 09:33:38,158.125,158.18,1,157.95,5,158.3,12,158.3,157.95,157.95,5,157.94,4,157.89,1,157.88,1,157.87,2,157.86,4,157.82,2,157.81,2,157.76,1,157.71,1,158.3,12,158.38,1,158.39,3,158.4,1,158.41,2,158.42,2,158.43,4,158.68,7,158.8,3,158.81,1
2020-10-29 09:33:39,158.125,157.95,1,157.95,1,158.3,12,158.3,157.95,157.95,1,157.94,3,157.89,1,157.88,1,157.87,2,157.86,4,157.82,2,157.81,2,157.76,1,157.71,1,158.3,12,158.38,1,158.39,3,158.4,1,158.41,2,158.42,2,158.43,4,158.68,7,158.8,3,158.81,1
2020-10-29 09:33:40,158.1,157.95,1,157.96,1,158.24,1,158.24,157.96,157.96,1,157.95,1,157.94,3,157.89,1,157.88,1,157.87,2,157.86,4,157.82,2,157.81,2,157.76,1,158.24,1,158.3,11,158.38,1,158.39,3,158.4,1,158.41,2,158.42,2,158.43,4,158.68,7,158.8,3
2020-10-29 09:33:41,158.13,157.95,1,157.96,1,158.3,11,158.3,157.96,157.96,1,157.95,1,157.94,3,157.89,1,157.88,1,157.87,2,157.86,4,157.82,2,157.81,2,157.76,1,158.3,11,158.38,1,158.39,3,158.4,1,158.41,2,158.42,2,158.43,4,158.68,7,158.8,3,158.81,1
2020-10-29 09:33:42,158.1,157.95,1,157.96,1,158.24,1,158.24,157.96,157.96,1,157.95,1,157.94,3,157.89,1,157.88,1,157.87,2,157.86,4,157.82,2,157.81,2,157.76,1,158.24,1,158.3,10,158.38,1,158.39,3,158.4,1,158.41,2,158.42,2,158.43,4,158.68,7,158.8,3
2020-10-29 09:33:43,158.1,157.95,1,157.96,1,158.24,1,158.24,157.96,157.96,1,157.95,1,157.94,3,157.89,1,157.88,1,157.87,2,157.86,4,157.82,2,157.81,2,157.76,1,158.24,1,158.3,10,158.38,1,158.39,3,158.4,1,158.41,2,158.42,2,158.43,4,158.68,7,158.8,3
2020-10-29 09:33:44,158.1,157.95,1,157.96,1,158.24,1,158.24,157.96,157.96,1,157.95,1,157.94,3,157.89,1,157.88,1,157.87,2,157.86,4,157.82,2,157.81,2,157.76,1,158.24,1,158.3,10,158.38,1,158.39,3,158.4,1,158.41,2,158.42,2,158.43,4,158.68,7,158.8,3
2020-10-29 09:33:45,158.135,157.95,1,157.97,3,158.3,10,158.3,157.97,157.97,3,157.96,1,157.95,1,157.94,3,157.89,1,157.88,1,157.87,2,157.86,4,157.82,2,157.81,2,158.3,10,158.38,1,158.39,3,158.4,1,158.41,2,158.42,2,158.43,4,158.68,7,158.8,3,158.81,1
2020-10-29 09:33:46,158.14,157.95,1,157.98,1,158.3,9,158.3,157.98,157.98,1,157.97,3,157.96,1,157.95,1,157.94,3,157.89,1,157.88,1,157.87,2,157.86,4,157.82,2,158.3,9,158.38,1,158.39,3,158.4,1,158.41,2,158.42,2,158.43,4,158.68,7,158.8,3,158.81,1
2020-10-29 09:33:47,158.135,157.95,1,157.97,3,158.3,9,158.3,157.97,157.97,3,157.96,1,157.95,1,157.94,3,157.89,1,157.88,1,157.87,2,157.86,4,157.82,2,157.81,2,158.3,9,158.38,1,158.39,3,158.4,1,158.41,2,158.42,2,158.43,4,158.68,7,158.8,3,158.81,1
2020-10-29 09:33:48,158.135,157.95,1,157.97,4,158.3,10,158.3,157.97,157.97,4,157.96,1,157.95,1,157.94,3,157.89,1,157.88,1,157.87,2,157.86,4,157.82,2,157.81,2,158.3,10,158.38,1,158.39,3,158.4,1,158.41,2,158.42,2,158.43,4,158.68,7,158.8,3,158.81,1
2020-10-29 09:33:49,158.135,158.3,1,157.97,4,158.3,10,158.3,157.97,157.97,4,157.96,1,157.95,1,157.94,3,157.89,1,157.88,1,157.87,2,157.86,4,157.82,2,157.81,2,158.3,10,158.38,1,158.39,3,158.4,1,158.41,2,158.42,2,158.43,4,158.68,7,158.8,3,158.81,1
2020-10-29 09:33:50,158.135,158.3,1,157.97,4,158.3,10,158.3,157.97,157.97,4,157.96,1,157.95,1,157.94,3,157.89,1,157.88,1,157.87,2,157.86,4,157.82,2,157.81,2,158.3,10,158.38,1,158.39,3,158.4,1,158.41,2,158.42,2,158.43,4,158.68,7,158.8,3,158.81,1
2020-10-29 09:33:51,158.135,158.3,1,157.97,4,158.3,10,158.3,157.97,157.97,4,157.96,1,157.95,1,157.94,3,157.89,1,157.88,1,157.87,2,157.86,4,157.82,2,157.81,2,158.3,10,158.38,1,158.39,3,158.4,1,158.41,2,158.42,2,158.43,4,158.68,7,158.8,3,158.81,1
2020-10-29 09:33:52,158.135,158.16,1,157.97,4,158.3,9,158.3,157.97,157.97,4,157.96,1,157.95,1,157.94,3,157.89,1,157.88,1,157.87,2,157.86,4,157.82,2,157.81,2,158.3,9,158.38,1,158.39,3,158.4,1,158.41,2,158.42,2,158.43,4,158.68,7,158.8,3,158.81,1
2020-10-29 09:33:53,158.135,158.16,1,157.97,4,158.3,9,158.3,157.97,157.97,4,157.96,1,157.95,1,157.94,3,157.89,1,157.88,1,157.87,2,157.86,4,157.82,2,157.81,2,158.3,9,158.38,1,158.39,3,158.4,1,158.41,2,158.42,2,158.43,4,158.68,7,158.8,3,158.81,1
2020-10-29 09:33:54,158.15,158.16,1,158.0,1,158.3,9,158.3,158.0,158.0,1,157.97,4,157.96,1,157.95,1,157.94,3,157.89,1,157.88,1,157.87,2,157.86,4,157.82,2,158.3,9,158.38,1,158.39,3,158.4,1,158.41,2,158.42,2,158.43,4,158.68,7,158.8,3,158.81,1
2020-10-29 09:33:55,158.15,158.16,1,158.0,1,158.3,9,158.3,158.0,158.0,1,157.97,4,157.96,1,157.95,1,157.94,3,157.89,1,157.88,1,157.87,2,157.86,4,157.82,2,158.3,9,158.38,1,158.39,3,158.4,1,158.41,2,158.42,2,158.43,4,158.68,7,158.8,3,158.81,1
2020-10-29 09:33:56,158.15,158.16,1,158.0,1,158.3,9,158.3,158.0,158.0,1,157.97,4,157.96,1,157.95,1,157.94,3,157.89,1,157.88,1,157.87,2,157.86,4,157.82,2,158.3,9,158.38,1,158.39,3,158.4,1,158.41,2,158.42,2,158.43,4,158.68,7,158.8,3,158.81,1
2020-10-29 09:33:57,158.15,158.16,1,158.0,1,158.3,9,158.3,158.0,158.0,1,157.97,4,157.96,1,157.95,1,157.94,3,157.89,1,157.88,1,157.87,2,157.86,4,157.82,2,158.3,9,158.38,1,158.39,3,158.4,1,158.41,2,158.42,2,158.43,4,158.68,7,158.8,3,158.81,1
2020-10-29 09:33:58,158.15,158.16,1,158.0,1,158.3,9,158.3,158.0,158.0,1,157.97,4,157.96,1,157.95,1,157.94,3,157.89,1,157.88,1,157.87,2,157.86,4,157.82,2,158.3,9,158.38,1,158.39,3,158.4,1,158.41,2,158.42,2,158.43,4,158.68,7,158.8,3,158.81,1
2020-10-29 09:33:59,158.15,158.16,1,158.0,1,158.3,9,158.3,158.0,158.0,1,157.97,4,157.96,1,157.95,1,157.94,3,157.89,1,157.88,1,157.87,2,157.86,4,157.82,2,158.3,9,158.38,1,158.39,3,158.4,1,158.41,2,158.42,2,158.43,4,158.68,7,158.8,3,158.81,1
2020-10-29 09:34:00,158.15,158.16,1,158.0,1,158.3,9,158.3,158.0,158.0,1,157.97,4,157.96,1,157.95,1,157.94,3,157.89,1,157.88,1,157.87,2,157.86,4,157.82,2,158.3,9,158.38,1,158.39,3,158.4,1,158.41,2,158.42,2,158.43,4,158.68,7,158.8,3,158.81,1
2020-10-29 09:34:01,158.15,158.16,1,158.0,1,158.3,9,158.3,158.0,158.0,1,157.97,4,157.96,1,157.95,1,157.94,3,157.89,1,157.88,1,157.87,2,157.86,4,157.82,2,158.3,9,158.38,1,158.39,3,158.4,1,158.41,2,158.42,2,158.43,4,158.68,7,158.8,3,158.81,1
2020-10-29 09:34:02,158.15,158.16,1,158.0,1,158.3,9,158.3,158.0,158.0,1,157.97,4,157.96,1,157.95,1,157.94,3,157.89,1,157.88,1,157.87,2,157.86,4,157.82,2,158.3,9,158.38,1,158.39,3,158.4,1,158.41,2,158.42,2,158.43,4,158.68,7,158.8,3,158.81,1
2020-10-29 09:34:03,158.15,158.16,1,158.0,1,158.3,9,158.3,158.0,158.0,1,157.97,4,157.96,1,157.95,1,157.94,3,157.89,1,157.88,1,157.87,2,157.86,4,157.82,2,158.3,9,158.38,1,158.39,3,158.4,1,158.41,2,158.42,2,158.43,4,158.68,7,158.8,3,158.81,1
2020-10-29 09:34:04,158.15,158.24,1,158.01,6,158.29,2,158.29,158.01,158.01,6,158.0,1,157.97,4,157.96,1,157.95,1,157.94,3,157.89,1,157.88,1,157.87,2,157.86,4,158.29,2,158.3,9,158.38,1,158.39,3,158.4,1,158.41,2,158.42,2,158.43,4,158.68,7,158.8,3
2020-10-29 09:34:05,158.15,158.24,1,158.01,6,158.29,2,158.29,158.01,158.01,6,158.0,1,157.97,4,157.96,1,157.95,1,157.94,3,157.89,1,157.88,1,157.87,2,157.86,4,158.29,2,158.3,9,158.38,1,158.39,3,158.4,1,158.41,2,158.42,2,158.43,4,158.68,7,158.8,3
2020-10-29 09:34:06,158.15,158.24,1,158.01,6,158.29,2,158.29,158.01,158.01,6,158.0,1,157.97,4,157.96,1,157.95,1,157.94,3,157.89,1,157.88,1,157.87,2,157.86,4,158.29,2,158.3,9,158.38,1,158.39,3,158.4,1,158.41,2,158.42,2,158.43,4,158.68,7,158.8,3
2020-10-29 09:34:07,158.15,158.24,1,158.01,7,158.29,2,158.29,158.01,158.01,7,158.0,1,157.97,4,157.96,1,157.95,1,157.94,3,157.89,1,157.88,1,157.87,2,157.86,4,158.29,2,158.3,9,158.38,1,158.39,3,158.4,1,158.41,2,158.42,2,158.43,4,158.68,7,158.8,3
2020-10-29 09:34:08,158.15,158.24,1,158.01,7,158.29,2,158.29,158.01,158.01,7,158.0,1,157.97,4,157.96,1,157.95,1,157.94,3,157.89,1,157.88,1,157.87,2,157.86,4,158.29,2,158.3,9,158.38,1,158.39,3,158.4,1,158.41,2,158.42,2,158.43,4,158.68,7,158.8,3
2020-10-29 09:34:09,158.15,158.24,1,158.01,7,158.29,2,158.29,158.01,158.01,7,158.0,1,157.97,4,157.96,1,157.95,1,157.94,3,157.89,1,157.88,1,157.87,2,157.86,4,158.29,2,158.3,9,158.38,1,158.39,3,158.4,1,158.41,2,158.42,2,158.43,4,158.68,7,158.8,3
2020-10-29 09:34:10,158.145,158.24,1,158.01,7,158.28,1,158.28,158.01,158.01,7,158.0,1,157.97,4,157.96,1,157.95,1,157.94,3,157.89,1,157.88,1,157.87,2,157.86,4,158.28,1,158.29,2,158.3,9,158.38,1,158.39,3,158.4,1,158.41,2,158.42,2,158.43,4,158.68,7
2020-10-29 09:34:11,158.145,158.03,1,158.0,1,158.29,2,158.29,158.0,158.0,1,157.97,2,157.96,1,157.95,1,157.94,3,157.89,1,157.88,1,157.87,2,157.86,4,157.82,2,158.29,2,158.3,9,158.38,1,158.39,3,158.4,1,158.41,2,158.42,2,158.43,4,158.68,7,158.8,3
2020-10-29 09:34:12,158.145,158.03,1,158.0,1,158.29,2,158.29,158.0,158.0,1,157.97,2,157.96,1,157.95,1,157.94,3,157.89,1,157.88,1,157.87,2,157.86,4,157.82,2,158.29,2,158.3,9,158.38,1,158.39,3,158.4,1,158.41,2,158.42,2,158.43,4,158.68,7,158.8,3
2020-10-29 09:34:13,158.145,158.03,1,158.0,1,158.29,2,158.29,158.0,158.0,1,157.97,2,157.96,1,157.95,1,157.94,3,157.89,1,157.88,1,157.87,2,157.86,4,157.82,2,158.29,2,158.3,9,158.38,1,158.39,3,158.4,1,158.41,2,158.42,2,158.43,4,158.68,7,158.8,3
2020-10-29 09:34:14,158.145,158.15,1,158.0,1,158.29,2,158.29,158.0,158.0,1,157.97,2,157.96,1,157.95,1,157.94,3,157.89,1,157.88,1,157.87,2,157.86,4,157.82,2,158.29,2,158.3,9,158.38,1,158.39,3,158.4,1,158.41,2,158.42,2,158.43,4,158.68,7,158.8,3
2020-10-29 09:34:15,158.145,158.15,1,158.0,1,158.29,2,158.29,158.0,158.0,1,157.97,2,157.96,1,157.95,1,157.94,3,157.89,1,157.88,1,157.87,2,157.86,4,157.82,2,158.29,2,158.3,9,158.38,1,158.39,3,158.4,1,158.41,2,158.42,2,158.43,4,158.68,7,158.8,3
2020-10-29 09:34:16,158.145,158.15,1,158.0,1,158.29,2,158.29,158.0,158.0,1,157.97,2,157.96,1,157.95,1,157.94,3,157.89,1,157.88,1,157.87,2,157.86,4,157.82,2,158.29,2,158.3,9,158.38,1,158.39,3,158.4,1,158.41,2,158.42,2,158.43,4,158.68,7,158.8,3
2020-10-29 09:34:17,158.145,158.15,1,158.0,1,158.29,2,158.29,158.0,158.0,1,157.97,2,157.96,1,157.95,1,157.94,3,157.89,1,157.88,1,157.87,2,157.86,4,157.82,2,158.29,2,158.3,9,158.38,1,158.39,3,158.4,1,158.41,2,158.42,2,158.43,4,158.68,7,158.8,3
2020-10-29 09:34:18,158.145,158.15,1,158.0,1,158.29,2,158.29,158.0,158.0,1,157.97,2,157.96,1,157.95,1,157.94,3,157.89,1,157.88,1,157.87,2,157.86,4,157.82,2,158.29,2,158.3,9,158.38,1,158.39,3,158.4,1,158.41,2,158.42,2,158.43,4,158.68,7,158.8,3
2020-10-29 09:34:19,158.145,158.15,1,158.0,1,158.29,2,158.29,158.0,158.0,1,157.97,2,157.96,1,157.95,1,157.94,3,157.89,1,157.88,1,157.87,2,157.86,4,157.82,2,158.29,2,158.3,9,158.38,1,158.39,3,158.4,1,158.41,2,158.42,2,158.43,4,158.68,7,158.8,3
2020-10-29 09:34:20,158.145,158.15,1,158.0,1,158.29,2,158.29,158.0,158.0,1,157.97,2,157.96,1,157.95,1,157.94,3,157.89,1,157.88,1,157.87,2,157.86,4,157.82,2,158.29,2,158.3,9,158.38,1,158.39,3,158.4,1,158.41,2,158.42,2,158.43,4,158.68,7,158.8,3
2020-10-29 09:34:21,158.145,158.15,1,158.0,1,158.29,2,158.29,158.0,158.0,1,157.97,2,157.96,1,157.95,1,157.94,3,157.89,1,157.88,1,157.87,2,157.86,4,157.82,2,158.29,2,158.3,9,158.38,1,158.39,3,158.4,1,158.41,2,158.42,2,158.43,4,158.68,7,158.8,3
2020-10-29 09:34:22,158.145,158.15,1,158.0,1,158.29,2,158.29,158.0,158.0,1,157.97,2,157.96,1,157.95,1,157.94,3,157.89,1,157.88,1,157.87,2,157.86,4,157.82,2,158.29,2,158.3,9,158.38,1,158.39,3,158.4,1,158.41,2,158.42,2,158.43,4,158.68,7,158.8,3
2020-10-29 09:34:23,158.145,158.15,1,158.0,1,158.29,2,158.29,158.0,158.0,1,157.97,2,157.96,1,157.95,1,157.94,3,157.89,1,157.88,1,157.87,2,157.86,4,157.82,2,158.29,2,158.3,9,158.38,1,158.39,3,158.4,1,158.41,2,158.42,2,158.43,4,158.68,7,158.8,3
2020-10-29 09:34:24,158.145,158.15,1,158.0,1,158.29,3,158.29,158.0,158.0,1,157.97,2,157.96,1,157.95,1,157.94,3,157.89,1,157.88,1,157.87,2,157.86,4,157.82,2,158.29,3,158.3,9,158.38,1,158.39,3,158.4,1,158.41,2,158.42,2,158.43,4,158.68,7,158.8,3
2020-10-29 09:34:25,158.145,158.15,1,158.0,1,158.29,3,158.29,158.0,158.0,1,157.97,2,157.96,1,157.95,1,157.94,3,157.89,1,157.88,1,157.87,2,157.86,4,157.82,2,158.29,3,158.3,9,158.38,1,158.39,3,158.4,1,158.41,2,158.42,2,158.43,4,158.68,7,158.8,3
2020-10-29 09:34:26,158.145,158.15,1,158.0,1,158.29,3,158.29,158.0,158.0,1,157.97,2,157.96,1,157.95,1,157.94,3,157.89,1,157.88,1,157.87,2,157.86,4,157.82,2,158.29,3,158.3,9,158.38,1,158.39,3,158.4,1,158.41,2,158.42,2,158.43,4,158.68,7,158.8,3
2020-10-29 09:34:27,158.145,158.15,1,158.0,1,158.29,3,158.29,158.0,158.0,1,157.97,2,157.96,1,157.95,1,157.94,3,157.89,1,157.88,1,157.87,2,157.86,4,157.82,2,158.29,3,158.3,9,158.38,1,158.39,3,158.4,1,158.41,2,158.42,2,158.43,4,158.68,7,158.8,3
2020-10-29 09:34:28,158.145,158.15,1,158.0,1,158.29,3,158.29,158.0,158.0,1,157.97,2,157.96,1,157.95,1,157.94,3,157.89,1,157.88,1,157.87,2,157.86,4,157.82,2,158.29,3,158.3,9,158.38,1,158.39,3,158.4,1,158.41,2,158.42,2,158.43,4,158.68,7,158.8,3
2020-10-29 09:34:29,158.15,158.15,1,158.0,1,158.3,8,158.3,158.0,158.0,1,157.97,2,157.96,1,157.95,1,157.94,3,157.89,1,157.88,1,157.87,2,157.86,4,157.82,2,158.3,8,158.38,1,158.39,3,158.4,1,158.41,2,158.42,2,158.43,4,158.68,7,158.8,3,158.81,1
2020-10-29 09:34:30,158.15,158.15,1,158.0,1,158.3,8,158.3,158.0,158.0,1,157.97,2,157.96,1,157.95,1,157.94,3,157.89,1,157.88,1,157.87,2,157.86,4,157.82,2,158.3,8,158.38,1,158.39,3,158.4,1,158.41,2,158.42,2,158.43,4,158.68,7,158.8,3,158.81,1
2020-10-29 09:34:31,158.15,158.15,1,158.0,1,158.3,8,158.3,158.0,158.0,1,157.97,2,157.96,1,157.95,1,157.94,3,157.89,1,157.88,1,157.87,2,157.86,4,157.82,2,158.3,8,158.38,1,158.39,3,158.4,1,158.41,2,158.42,2,158.43,4,158.68,7,158.8,3,158.81,1
2020-10-29 09:34:32,158.15,158.15,1,158.0,1,158.3,8,158.3,158.0,158.0,1,157.97,2,157.96,1,157.95,1,157.94,3,157.89,1,157.88,1,157.87,2,157.86,4,157.82,2,158.3,8,158.38,1,158.39,3,158.4,1,158.41,2,158.42,2,158.43,4,158.68,7,158.8,3,158.81,1
2020-10-29 09:34:33,158.15,158.15,1,158.0,1,158.3,8,158.3,158.0,158.0,1,157.97,2,157.96,1,157.95,1,157.94,3,157.89,1,157.88,1,157.87,2,157.86,4,157.82,2,158.3,8,158.38,1,158.39,3,158.4,1,158.41,2,158.42,2,158.43,4,158.68,7,158.8,3,158.81,1
2020-10-29 09:34:34,158.15,158.15,1,158.0,1,158.3,8,158.3,158.0,158.0,1,157.97,2,157.96,1,157.95,1,157.94,3,157.89,1,157.88,1,157.87,2,157.86,4,157.82,2,158.3,8,158.38,1,158.39,3,158.4,1,158.41,2,158.42,2,158.43,4,158.68,7,158.8,3,158.81,1
2020-10-29 09:34:35,158.15,158.15,1,158.0,1,158.3,8,158.3,158.0,158.0,1,157.97,2,157.96,1,157.95,1,157.94,3,157.89,1,157.88,1,157.87,2,157.86,4,157.82,2,158.3,8,158.38,1,158.39,3,158.4,1,158.41,2,158.42,2,158.43,4,158.68,7,158.8,3,158.81,1
2020-10-29 09:34:36,158.15,158.15,1,158.0,1,158.3,8,158.3,158.0,158.0,1,157.97,2,157.96,1,157.95,1,157.94,3,157.89,1,157.88,1,157.87,2,157.86,4,157.82,2,158.3,8,158.38,1,158.39,3,158.4,1,158.41,2,158.42,2,158.43,4,158.68,7,158.8,3,158.81,1
2020-10-29 09:34:37,158.15,158.15,1,158.0,1,158.3,8,158.3,158.0,158.0,1,157.97,2,157.96,1,157.95,1,157.94,3,157.89,1,157.88,1,157.87,2,157.86,4,157.82,2,158.3,8,158.38,1,158.39,3,158.4,1,158.41,2,158.42,2,158.43,4,158.68,7,158.8,3,158.81,1
2020-10-29 09:34:38,158.15,158.15,1,158.0,1,158.3,8,158.3,158.0,158.0,1,157.97,2,157.96,1,157.95,1,157.94,3,157.89,1,157.88,1,157.87,2,157.86,4,157.82,2,158.3,8,158.38,1,158.39,3,158.4,1,158.41,2,158.42,2,158.43,4,158.68,7,158.8,3,158.81,1
2020-10-29 09:34:39,158.15,158.15,1,158.0,1,158.3,9,158.3,158.0,158.0,1,157.97,2,157.96,1,157.95,1,157.94,3,157.89,1,157.88,1,157.87,2,157.86,4,157.82,2,158.3,9,158.38,1,158.39,3,158.4,1,158.41,2,158.42,2,158.43,4,158.68,7,158.8,3,158.81,1
2020-10-29 09:34:40,158.15,158.15,1,158.0,1,158.3,9,158.3,158.0,158.0,1,157.97,2,157.96,1,157.95,1,157.94,3,157.89,1,157.88,1,157.87,2,157.86,4,157.82,2,158.3,9,158.38,1,158.39,3,158.4,1,158.41,2,158.42,2,158.43,4,158.68,7,158.8,3,158.81,1
2020-10-29 09:34:41,158.155,158.15,1,158.01,2,158.3,9,158.3,158.01,158.01,2,158.0,1,157.97,2,157.96,1,157.95,1,157.94,3,157.89,1,157.88,1,157.87,2,157.86,4,158.3,9,158.38,1,158.39,3,158.4,1,158.41,2,158.42,2,158.43,4,158.68,7,158.8,3,158.81,1
2020-10-29 09:34:42,158.155,158.15,1,158.01,2,158.3,9,158.3,158.01,158.01,2,158.0,1,157.97,2,157.96,1,157.95,1,157.94,3,157.89,1,157.88,1,157.87,2,157.86,4,158.3,9,158.38,1,158.39,3,158.4,1,158.41,2,158.42,2,158.43,4,158.68,7,158.8,3,158.81,1
2020-10-29 09:34:43,158.155,158.15,1,158.01,2,158.3,9,158.3,158.01,158.01,2,158.0,1,157.97,2,157.96,1,157.95,1,157.94,3,157.89,1,157.88,1,157.87,2,157.86,4,158.3,9,158.38,1,158.39,3,158.4,1,158.41,2,158.42,2,158.43,4,158.68,7,158.8,3,158.81,1
2020-10-29 09:34:44,158.15,158.15,1,158.01,2,158.29,1,158.29,158.01,158.01,2,158.0,1,157.97,2,157.96,1,157.95,1,157.94,3,157.89,1,157.88,1,157.87,2,157.86,4,158.29,1,158.3,9,158.38,1,158.39,3,158.4,1,158.41,2,158.42,2,158.43,4,158.68,7,158.8,3
2020-10-29 09:34:45,158.15,158.15,1,158.01,2,158.29,1,158.29,158.01,158.01,2,158.0,1,157.97,2,157.96,1,157.95,1,157.94,3,157.89,1,157.88,1,157.87,2,157.86,4,158.29,1,158.3,9,158.38,1,158.39,3,158.4,1,158.41,2,158.42,2,158.43,4,158.68,7,158.8,3
2020-10-29 09:34:46,158.15,158.15,1,158.01,2,158.29,1,158.29,158.01,158.01,2,158.0,1,157.97,2,157.96,1,157.95,1,157.94,3,157.89,1,157.88,1,157.87,2,157.86,4,158.29,1,158.3,9,158.38,1,158.39,3,158.4,1,158.41,2,158.42,2,158.43,4,158.68,7,158.8,3
2020-10-29 09:34:47,158.15,158.15,1,158.01,2,158.29,1,158.29,158.01,158.01,2,158.0,1,157.97,2,157.96,1,157.95,1,157.94,3,157.89,1,157.88,1,157.87,2,157.86,4,158.29,1,158.3,9,158.38,1,158.39,3,158.4,1,158.41,2,158.42,2,158.43,4,158.68,7,158.8,3
2020-10-29 09:34:48,158.15,158.15,1,158.01,2,158.29,1,158.29,158.01,158.01,2,158.0,1,157.97,2,157.96,1,157.95,1,157.94,3,157.89,1,157.88,1,157.87,2,157.86,4,158.29,1,158.3,9,158.38,1,158.39,3,158.4,1,158.41,2,158.42,2,158.43,4,158.68,7,158.8,3
2020-10-29 09:34:49,158.15,158.15,1,158.01,2,158.29,1,158.29,158.01,158.01,2,158.0,1,157.97,2,157.96,1,157.95,1,157.94,3,157.89,1,157.88,1,157.87,2,157.86,4,158.29,1,158.3,9,158.38,1,158.39,3,158.4,1,158.41,2,158.42,2,158.43,4,158.68,7,158.8,3
2020-10-29 09:34:50,158.15,158.15,1,158.01,2,158.29,1,158.29,158.01,158.01,2,158.0,1,157.97,2,157.96,1,157.95,1,157.94,3,157.89,1,157.88,1,157.87,2,157.86,4,158.29,1,158.3,9,158.38,1,158.39,3,158.4,1,158.41,2,158.42,2,158.43,4,158.68,7,158.8,3
2020-10-29 09:34:51,158.145,158.18,1,158.01,2,158.28,2,158.28,158.01,158.01,2,158.0,1,157.97,2,157.96,1,157.95,1,157.94,3,157.89,1,157.88,1,157.87,2,157.86,4,158.28,2,158.29,1,158.3,9,158.38,1,158.39,3,158.4,1,158.41,2,158.42,2,158.43,4,158.68,7
2020-10-29 09:34:52,158.145,158.18,1,158.01,2,158.28,2,158.28,158.01,158.01,2,158.0,1,157.97,2,157.96,1,157.95,1,157.94,3,157.89,1,157.88,1,157.87,2,157.86,4,158.28,2,158.29,1,158.3,9,158.38,1,158.39,3,158.4,1,158.41,2,158.42,2,158.43,4,158.68,7
2020-10-29 09:34:53,158.145,158.18,1,158.01,2,158.28,2,158.28,158.01,158.01,2,158.0,1,157.97,2,157.96,1,157.95,1,157.94,3,157.89,1,157.88,1,157.87,2,157.86,4,158.28,2,158.29,1,158.3,9,158.38,1,158.39,3,158.4,1,158.41,2,158.42,2,158.43,4,158.68,7
2020-10-29 09:34:54,158.13,158.18,1,158.01,2,158.25,1,158.25,158.01,158.01,2,158.0,1,157.97,2,157.96,1,157.95,1,157.94,3,157.89,1,157.88,1,157.87,2,157.86,4,158.25,1,158.27,1,158.28,4,158.29,1,158.3,9,158.38,1,158.39,3,158.4,1,158.41,2,158.42,2
2020-10-29 09:34:55,158.13,158.18,1,158.01,2,158.25,1,158.25,158.01,158.01,2,158.0,1,157.97,2,157.96,1,157.95,1,157.94,3,157.89,1,157.88,1,157.87,2,157.86,4,158.25,1,158.27,1,158.28,4,158.29,1,158.3,9,158.38,1,158.39,3,158.4,1,158.41,2,158.42,2
2020-10-29 09:34:56,158.13,158.18,1,158.01,2,158.25,1,158.25,158.01,158.01,2,158.0,1,157.97,2,157.96,1,157.95,1,157.94,3,157.89,1,157.88,1,157.87,2,157.86,4,158.25,1,158.27,1,158.28,4,158.29,1,158.3,9,158.38,1,158.39,3,158.4,1,158.41,2,158.42,2
2020-10-29 09:34:57,158.11,158.01,1,157.94,2,158.28,4,158.28,157.94,157.94,2,157.89,1,157.88,1,157.87,2,157.86,4,157.82,2,157.81,2,157.76,1,157.71,1,157.64,1,158.28,4,158.29,1,158.3,9,158.38,1,158.39,3,158.4,1,158.41,2,158.42,2,158.43,4,158.68,7
2020-10-29 09:34:58,158.075,158.01,1,157.94,2,158.21,1,158.21,157.94,157.94,2,157.89,1,157.88,1,157.87,2,157.86,4,157.82,2,157.81,2,157.76,1,157.71,1,157.64,1,158.21,1,158.28,4,158.29,1,158.3,9,158.38,1,158.39,3,158.4,1,158.41,2,158.42,2,158.43,4
2020-10-29 09:34:59,158.055,157.94,1,157.9,2,158.21,2,158.21,157.9,157.9,2,157.89,1,157.88,1,157.87,2,157.86,4,157.82,2,157.81,2,157.76,1,157.71,1,157.64,1,158.21,2,158.28,4,158.29,1,158.3,9,158.38,1,158.39,3,158.4,1,158.41,2,158.42,2,158.43,4
2020-10-29 09:35:00,157.935,157.91,2,157.83,2,158.04,1,158.04,157.83,157.83,2,157.82,5,157.81,2,157.76,1,157.71,1,157.64,1,157.63,2,157.62,1,157.61,1,157.58,2,158.04,1,158.21,2,158.28,4,158.29,1,158.3,9,158.38,1,158.39,3,158.4,1,158.41,2,158.42,2
2020-10-29 09:35:01,157.9,157.91,2,157.82,5,157.98,2,157.98,157.82,157.82,5,157.81,2,157.76,1,157.71,1,157.64,1,157.63,2,157.62,1,157.61,1,157.58,2,157.55,1,157.98,2,158.04,1,158.21,2,158.28,4,158.29,1,158.3,9,158.38,1,158.39,3,158.4,1,158.41,2
2020-10-29 09:35:02,157.87,157.82,1,157.77,1,157.97,1,157.97,157.77,157.77,1,157.75,4,157.71,1,157.64,1,157.63,2,157.62,1,157.61,1,157.58,2,157.55,1,157.54,2,157.97,1,157.98,4,158.04,1,158.21,2,158.28,4,158.29,1,158.3,9,158.38,1,158.39,3,158.4,1
2020-10-29 09:35:03,157.86,157.77,1,157.76,4,157.96,2,157.96,157.76,157.76,4,157.75,6,157.71,1,157.64,1,157.63,2,157.62,1,157.61,1,157.58,2,157.55,1,157.54,2,157.96,2,157.97,4,157.98,4,158.04,1,158.21,2,158.28,4,158.29,1,158.3,9,158.38,1,158.39,3
2020-10-29 09:35:04,157.86,157.77,1,157.76,4,157.96,2,157.96,157.76,157.76,4,157.75,6,157.71,1,157.64,1,157.63,2,157.62,1,157.61,1,157.58,2,157.55,1,157.54,2,157.96,2,157.97,4,157.98,4,158.04,1,158.21,2,158.28,4,158.29,1,158.3,9,158.38,1,158.39,3
2020-10-29 09:35:05,157.86,157.95,1,157.76,4,157.96,2,157.96,157.76,157.76,4,157.75,6,157.71,1,157.64,1,157.63,2,157.62,1,157.61,1,157.58,2,157.55,1,157.54,2,157.96,2,157.97,4,157.98,4,158.04,1,158.21,2,158.28,4,158.29,1,158.3,9,158.38,1,158.39,3
2020-10-29 09:35:06,157.86,157.95,1,157.76,5,157.96,4,157.96,157.76,157.76,5,157.75,6,157.71,1,157.64,1,157.63,2,157.62,1,157.61,1,157.58,2,157.55,1,157.54,2,157.96,4,157.97,4,157.98,4,158.04,1,158.21,2,158.28,4,158.29,1,158.3,9,158.38,1,158.39,3
2020-10-29 09:35:07,157.86,157.95,1,157.76,5,157.96,4,157.96,157.76,157.76,5,157.75,6,157.71,1,157.64,1,157.63,2,157.62,1,157.61,1,157.58,2,157.55,1,157.54,2,157.96,4,157.97,4,157.98,4,158.04,1,158.21,2,158.28,4,158.29,1,158.3,9,158.38,1,158.39,3
2020-10-29 09:35:08,157.86,157.95,1,157.76,5,157.96,4,157.96,157.76,157.76,5,157.75,6,157.71,1,157.64,1,157.63,2,157.62,1,157.61,1,157.58,2,157.55,1,157.54,2,157.96,4,157.97,4,157.98,4,158.04,1,158.21,2,158.28,4,158.29,1,158.3,9,158.38,1,158.39,3
2020-10-29 09:35:09,157.86,157.95,1,157.76,5,157.96,4,157.96,157.76,157.76,5,157.75,6,157.71,1,157.64,1,157.63,2,157.62,1,157.61,1,157.58,2,157.55,1,157.54,2,157.96,4,157.97,4,157.98,4,158.04,1,158.21,2,158.28,4,158.29,1,158.3,9,158.38,1,158.39,3
2020-10-29 09:35:10,157.86,157.95,1,157.76,5,157.96,4,157.96,157.76,157.76,5,157.75,6,157.71,1,157.64,1,157.63,2,157.62,1,157.61,1,157.58,2,157.55,1,157.54,2,157.96,4,157.97,4,157.98,4,158.04,1,158.21,2,158.28,4,158.29,1,158.3,9,158.38,1,158.39,3
2020-10-29 09:35:11,157.86,157.95,1,157.76,5,157.96,3,157.96,157.76,157.76,5,157.75,6,157.71,1,157.64,1,157.63,2,157.62,1,157.61,1,157.58,2,157.55,1,157.54,2,157.96,3,157.97,4,157.98,4,158.04,1,158.21,2,158.28,4,158.29,1,158.3,9,158.38,1,158.39,3
2020-10-29 09:35:12,157.805,157.75,1,157.67,2,157.94,6,157.94,157.67,157.67,2,157.65,2,157.64,3,157.63,2,157.62,1,157.61,1,157.58,2,157.55,1,157.54,2,157.52,1,157.94,6,157.95,1,157.96,3,157.97,4,157.98,4,158.04,1,158.21,2,158.28,4,158.29,1,158.3,9
2020-10-29 09:35:13,157.805,157.75,1,157.67,2,157.94,6,157.94,157.67,157.67,2,157.65,2,157.64,3,157.63,2,157.62,1,157.61,1,157.58,2,157.55,1,157.54,2,157.52,1,157.94,6,157.95,1,157.96,3,157.97,4,157.98,4,158.04,1,158.21,2,158.28,4,158.29,1,158.3,9
2020-10-29 09:35:14,157.77,157.75,1,157.65,2,157.89,1,157.89,157.65,157.65,2,157.64,3,157.63,2,157.62,1,157.61,1,157.58,2,157.55,1,157.54,2,157.52,1,157.51,1,157.89,1,157.9,1,157.91,3,157.92,1,157.93,2,157.95,1,157.96,3,157.97,4,157.98,4,158.04,1
2020-10-29 09:35:15,157.745,157.75,1,157.65,4,157.84,1,157.84,157.65,157.65,4,157.64,3,157.63,2,157.62,1,157.61,1,157.58,2,157.55,1,157.54,2,157.52,1,157.51,1,157.84,1,157.85,2,157.86,5,157.87,1,157.89,2,157.9,1,157.91,3,157.92,1,157.93,2,157.95,1
2020-10-29 09:35:16,157.73,157.75,1,157.65,4,157.81,1,157.81,157.65,157.65,4,157.64,3,157.63,2,157.62,1,157.61,1,157.58,2,157.55,1,157.54,2,157.52,1,157.51,1,157.81,1,157.84,1,157.85,2,157.86,5,157.87,1,157.89,2,157.9,1,157.91,3,157.92,1,157.93,2
2020-10-29 09:35:17,157.73,157.75,1,157.65,4,157.81,1,157.81,157.65,157.65,4,157.64,3,157.63,2,157.62,1,157.61,1,157.58,2,157.55,1,157.54,2,157.52,1,157.51,1,157.81,1,157.84,1,157.85,2,157.86,5,157.87,1,157.89,2,157.9,1,157.91,3,157.92,1,157.93,2
2020-10-29 09:35:18,157.63,157.75,1,157.55,1,157.71,1,157.71,157.55,157.55,1,157.51,1,,,,,,,,,,,,,,,,,157.71,1,157.81,1,157.84,1,157.85,2,157.86,5,157.87,1,157.89,2,157.9,1,157.91,3,157.92,1
2020-10-29 09:35:19,157.63,157.75,1,157.55,1,157.71,1,157.71,157.55,157.55,1,157.51,1,,,,,,,,,,,,,,,,,157.71,1,157.81,1,157.84,1,157.85,2,157.86,5,157.87,1,157.89,2,157.9,1,157.91,3,157.92,1
2020-10-29 09:35:20,157.63,157.75,1,157.55,1,157.71,3,157.71,157.55,157.55,1,157.51,1,,,,,,,,,,,,,,,,,157.71,3,157.81,1,157.84,1,157.85,2,157.86,5,157.87,1,157.89,2,157.9,1,157.91,3,157.92,1
2020-10-29 09:35:21,157.63,157.75,1,157.55,1,157.71,3,157.71,157.55,157.55,1,157.51,1,,,,,,,,,,,,,,,,,157.71,3,157.81,1,157.84,1,157.85,2,157.86,5,157.87,1,157.89,2,157.9,1,157.91,3,157.92,1
2020-10-29 09:35:22,157.63,157.64,2,157.55,4,157.71,3,157.71,157.55,157.55,4,157.51,1,,,,,,,,,,,,,,,,,157.71,3,157.81,1,157.84,1,157.85,2,157.86,5,157.87,1,157.89,2,157.9,1,157.91,3,157.92,1
2020-10-29 09:35:23,157.635,157.63,1,157.56,1,157.71,3,157.71,157.56,157.56,1,157.55,4,157.51,1,,,,,,,,,,,,,,,157.71,3,157.81,1,157.84,1,157.85,2,157.86,5,157.87,1,157.89,2,157.9,1,157.91,3,157.92,1
2020-10-29 09:35:24,157.605,157.52,1,157.51,1,157.7,2,157.7,157.51,157.51,1,157.5,6,,,,,,,,,,,,,,,,,157.7,2,157.71,3,157.81,1,157.84,1,157.85,2,157.86,5,157.87,1,157.89,2,157.9,1,157.91,3
2020-10-29 09:35:25,157.445,157.47,1,157.37,2,157.52,1,157.52,157.37,157.37,2,157.36,1,157.31,2,,,,,,,,,,,,,,,157.52,1,157.55,2,157.56,2,157.57,1,157.58,2,157.59,1,157.61,3,157.64,1,157.67,3,157.7,2
2020-10-29 09:35:26,157.38,157.45,1,157.31,3,157.45,1,157.45,157.31,157.31,3,157.3,2,157.29,1,,,,,,,,,,,,,,,157.45,1,157.47,1,157.48,1,157.5,4,157.61,4,157.64,1,157.67,3,157.7,2,157.71,3,157.81,1
2020-10-29 09:35:27,157.41,157.45,1,157.33,1,157.49,2,157.49,157.33,157.33,1,157.31,3,157.3,2,157.29,1,,,,,,,,,,,,,157.49,2,157.5,3,157.61,4,157.64,1,157.67,3,157.7,2,157.71,3,157.81,1,157.84,1,157.85,2
2020-10-29 09:35:28,157.39,157.45,1,157.29,1,157.49,2,157.49,157.29,157.29,1,,,,,,,,,,,,,,,,,,,157.49,2,157.5,3,157.61,4,157.64,1,157.67,3,157.7,2,157.71,3,157.81,1,157.84,1,157.85,2
2020-10-29 09:35:29,157.375,157.45,1,157.29,1,157.46,1,157.46,157.29,157.29,1,,,,,,,,,,,,,,,,,,,157.46,1,157.47,1,157.48,2,157.49,3,157.5,3,157.61,4,157.64,1,157.67,3,157.7,2,157.71,3
2020-10-29 09:35:30,157.26,157.25,1,157.16,1,157.36,1,157.36,157.16,157.16,1,157.13,1,,,,,,,,,,,,,,,,,157.36,1,157.37,2,157.38,1,157.39,1,157.4,1,157.45,5,157.46,1,157.47,1,157.48,2,157.49,3
2020-10-29 09:35:31,157.26,157.25,1,157.16,1,157.36,1,157.36,157.16,157.16,1,157.13,1,,,,,,,,,,,,,,,,,157.36,1,157.37,2,157.38,1,157.39,1,157.4,1,157.45,5,157.46,1,157.47,1,157.48,2,157.49,3
2020-10-29 09:35:32,157.26,157.25,1,157.16,1,157.36,1,157.36,157.16,157.16,1,157.13,1,,,,,,,,,,,,,,,,,157.36,1,157.37,2,157.38,1,157.39,1,157.4,1,157.45,5,157.46,1,157.47,1,157.48,2,157.49,3
2020-10-29 09:35:33,157.155,157.18,1,157.1,1,157.21,2,157.21,157.1,157.1,1,,,,,,,,,,,,,,,,,,,157.21,2,157.22,1,157.23,1,157.28,2,157.33,1,157.34,1,157.35,1,157.36,1,157.37,2,157.38,1
2020-10-29 09:35:34,157.2,157.2,1,157.13,1,157.27,1,157.27,157.13,157.13,1,157.1,3,,,,,,,,,,,,,,,,,157.27,1,157.28,2,157.29,2,157.3,2,157.33,1,157.34,1,157.35,1,157.36,1,157.37,2,157.38,1
2020-10-29 09:35:35,157.12,157.1,1,157.01,3,157.23,1,157.23,157.01,157.01,3,,,,,,,,,,,,,,,,,,,157.23,1,157.24,3,157.25,1,157.26,2,157.27,1,157.28,2,157.29,2,157.3,2,157.33,1,157.34,1
2020-10-29 09:35:36,157.1,157.1,1,157.01,3,157.19,1,157.19,157.01,157.01,3,,,,,,,,,,,,,,,,,,,157.19,1,157.2,2,157.21,2,157.22,2,157.23,2,157.24,3,157.25,1,157.26,2,157.27,1,157.28,2
2020-10-29 09:35:37,157.1,157.1,1,157.01,3,157.19,1,157.19,157.01,157.01,3,,,,,,,,,,,,,,,,,,,157.19,1,157.2,2,157.21,2,157.22,2,157.23,2,157.24,3,157.25,1,157.26,2,157.27,1,157.28,2
2020-10-29 09:35:38,157.17,157.25,1,157.1,4,157.24,1,157.24,157.1,157.1,4,157.02,1,157.01,3,,,,,,,,,,,,,,,157.24,1,157.26,2,157.27,1,157.28,2,157.29,2,157.3,2,157.33,1,157.34,1,157.35,1,157.36,1
2020-10-29 09:35:39,157.17,157.25,1,157.1,4,157.24,1,157.24,157.1,157.1,4,157.02,1,157.01,3,,,,,,,,,,,,,,,157.24,1,157.26,2,157.27,1,157.28,2,157.29,2,157.3,2,157.33,1,157.34,1,157.35,1,157.36,1
2020-10-29 09:35:40,157.17,157.25,1,157.1,5,157.24,1,157.24,157.1,157.1,5,157.02,1,157.01,3,,,,,,,,,,,,,,,157.24,1,157.26,2,157.27,1,157.28,2,157.29,2,157.3,2,157.33,1,157.34,1,157.35,1,157.36,1
2020-10-29 09:35:41,157.125,157.25,1,157.01,3,157.24,2,157.24,157.01,157.01,3,,,,,,,,,,,,,,,,,,,157.24,2,157.26,2,157.27,1,157.28,2,157.29,2,157.3,2,157.33,1,157.34,1,157.35,1,157.36,1
2020-10-29 09:35:42,157.125,157.25,1,157.01,3,157.24,2,157.24,157.01,157.01,3,,,,,,,,,,,,,,,,,,,157.24,2,157.26,2,157.27,1,157.28,2,157.29,2,157.3,2,157.33,1,157.34,1,157.35,1,157.36,1
2020-10-29 09:35:43,157.125,157.22,1,157.01,3,157.24,2,157.24,157.01,157.01,3,,,,,,,,,,,,,,,,,,,157.24,2,157.26,2,157.27,1,157.28,2,157.29,2,157.3,2,157.33,1,157.34,1,157.35,1,157.36,1
2020-10-29 09:35:44,157.095,157.06,1,157.02,1,157.17,2,157.17,157.02,157.02,1,157.01,1,157.0,16,,,,,,,,,,,,,,,157.17,2,157.24,3,157.26,2,157.27,1,157.28,2,157.29,2,157.3,2,157.33,1,157.34,1,157.35,1
2020-10-29 09:35:45,157.095,157.06,1,157.02,3,157.17,2,157.17,157.02,157.02,3,157.01,1,157.0,16,,,,,,,,,,,,,,,157.17,2,157.24,3,157.26,2,157.27,1,157.28,2,157.29,2,157.3,2,157.33,1,157.34,1,157.35,1
2020-10-29 09:35:46,157.095,157.06,1,157.02,3,157.17,2,157.17,157.02,157.02,3,157.01,1,157.0,16,,,,,,,,,,,,,,,157.17,2,157.24,3,157.26,2,157.27,1,157.28,2,157.29,2,157.3,2,157.33,1,157.34,1,157.35,1
2020-10-29 09:35:47,157.095,157.06,1,157.02,3,157.17,1,157.17,157.02,157.02,3,157.01,1,157.0,16,,,,,,,,,,,,,,,157.17,1,157.24,3,157.26,2,157.27,1,157.28,2,157.29,2,157.3,2,157.33,1,157.34,1,157.35,1
2020-10-29 09:35:48,157.095,157.17,1,157.02,3,157.17,1,157.17,157.02,157.02,3,157.01,1,157.0,16,,,,,,,,,,,,,,,157.17,1,157.24,3,157.26,2,157.27,1,157.28,2,157.29,2,157.3,2,157.33,1,157.34,1,157.35,1
2020-10-29 09:35:49,157.085,157.17,1,157.0,16,157.17,1,157.17,157.0,157.0,16,,,,,,,,,,,,,,,,,,,157.17,1,157.24,3,157.26,2,157.27,1,157.28,2,157.29,2,157.3,2,157.33,1,157.34,1,157.35,1
2020-10-29 09:35:50,157.085,157.17,1,157.0,16,157.17,1,157.17,157.0,157.0,16,,,,,,,,,,,,,,,,,,,157.17,1,157.24,3,157.26,2,157.27,1,157.28,2,157.29,2,157.3,2,157.33,1,157.34,1,157.35,1
2020-10-29 09:35:51,157.085,157.17,1,157.0,16,157.17,1,157.17,157.0,157.0,16,,,,,,,,,,,,,,,,,,,157.17,1,157.24,3,157.26,2,157.27,1,157.28,2,157.29,2,157.3,2,157.33,1,157.34,1,157.35,1
2020-10-29 09:35:52,157.085,157.17,1,157.0,16,157.17,1,157.17,157.0,157.0,16,,,,,,,,,,,,,,,,,,,157.17,1,157.24,3,157.26,2,157.27,1,157.28,2,157.29,2,157.3,2,157.33,1,157.34,1,157.35,1
2020-10-29 09:35:53,157.085,157.17,1,157.0,16,157.17,2,157.17,157.0,157.0,16,,,,,,,,,,,,,,,,,,,157.17,2,157.24,3,157.26,2,157.27,1,157.28,2,157.29,2,157.3,2,157.33,1,157.34,1,157.35,1
2020-10-29 09:35:54,157.09,157.15,1,157.01,1,157.17,2,157.17,157.01,157.01,1,157.0,16,,,,,,,,,,,,,,,,,157.17,2,157.24,3,157.26,2,157.27,1,157.28,2,157.29,2,157.3,2,157.33,1,157.34,1,157.35,1
2020-10-29 09:35:55,156.915,156.8,1,156.8,1,157.03,1,157.03,156.8,156.8,1,,,,,,,,,,,,,,,,,,,157.03,1,157.07,1,157.08,1,157.09,1,157.16,1,157.17,1,157.21,1,157.22,1,157.24,3,157.26,2
2020-10-29 09:35:56,156.88,156.88,1,156.76,1,157.0,5,157.0,156.76,156.76,1,,,,,,,,,,,,,,,,,,,157.0,5,157.01,2,157.07,1,157.08,1,157.09,1,157.16,1,157.17,1,157.21,1,157.22,1,157.24,3
2020-10-29 09:35:57,156.87,156.76,1,156.76,1,156.98,1,156.98,156.76,156.76,1,156.71,1,156.7,1,156.68,1,,,,,,,,,,,,,156.98,1,156.99,1,157.0,5,157.01,2,157.07,1,157.08,1,157.09,1,157.16,1,157.17,1,157.21,1
2020-10-29 09:35:58,156.84,156.76,1,156.76,3,156.92,1,156.92,156.76,156.76,3,156.71,1,156.7,1,156.68,1,,,,,,,,,,,,,156.92,1,156.93,1,156.94,1,156.95,1,156.96,1,156.97,1,156.98,2,156.99,1,157.0,5,157.01,2
2020-10-29 09:35:59,156.88,156.76,1,156.76,3,157.0,6,157.0,156.76,156.76,3,156.71,1,156.7,1,156.68,1,,,,,,,,,,,,,157.0,6,157.01,2,157.07,1,157.08,1,157.09,1,157.16,1,157.17,1,157.21,1,157.22,1,157.24,3
2020-10-29 09:36:00,156.88,156.76,1,156.76,3,157.0,6,157.0,156.76,156.76,3,156.71,1,156.7,1,156.68,1,,,,,,,,,,,,,157.0,6,157.01,2,157.07,1,157.08,1,157.09,1,157.16,1,157.17,1,157.21,1,157.22,1,157.24,3
2020-10-29 09:36:01,156.88,156.76,1,156.76,4,157.0,6,157.0,156.76,156.76,4,156.71,1,156.7,1,156.68,1,,,,,,,,,,,,,157.0,6,157.01,2,157.07,1,157.08,1,157.09,1,157.16,1,157.17,1,157.21,1,157.22,1,157.24,3
2020-10-29 09:36:02,156.88,156.76,1,156.76,4,157.0,6,157.0,156.76,156.76,4,156.71,1,156.7,1,156.68,1,,,,,,,,,,,,,157.0,6,157.01,2,157.07,1,157.08,1,157.09,1,157.16,1,157.17,1,157.21,1,157.22,1,157.24,3
2020-10-29 09:36:03,156.88,157.0,1,156.76,4,157.0,3,157.0,156.76,156.76,4,156.71,1,156.7,1,156.68,1,,,,,,,,,,,,,157.0,3,157.05,1,157.07,1,157.08,1,157.09,1,157.16,1,157.17,1,157.21,1,157.22,1,157.24,3
2020-10-29 09:36:04,156.875,157.0,1,156.76,3,156.99,1,156.99,156.76,156.76,3,156.71,1,156.7,1,156.68,1,,,,,,,,,,,,,156.99,1,157.0,3,157.05,1,157.07,1,157.08,1,157.09,1,157.16,1,157.17,1,157.21,1,157.22,1
2020-10-29 09:36:05,156.875,157.0,1,156.76,3,156.99,1,156.99,156.76,156.76,3,156.71,1,156.7,1,156.68,1,,,,,,,,,,,,,156.99,1,157.0,3,157.05,1,157.07,1,157.08,1,157.09,1,157.16,1,157.17,1,157.21,1,157.22,1
2020-10-29 09:36:06,156.875,156.83,1,156.76,3,156.99,1,156.99,156.76,156.76,3,156.71,1,156.7,1,156.68,1,,,,,,,,,,,,,156.99,1,157.0,3,157.05,1,157.07,1,157.08,1,157.09,1,157.16,1,157.17,1,157.21,1,157.22,1
2020-10-29 09:36:08,156.87,156.83,1,156.76,3,156.98,1,156.98,156.76,156.76,3,156.71,1,156.7,1,156.68,1,,,,,,,,,,,,,156.98,1,156.99,1,157.0,3,157.05,1,157.07,1,157.08,1,157.09,1,157.16,1,157.17,1,157.21,1
2020-10-29 09:36:09,156.87,156.83,1,156.76,3,156.98,1,156.98,156.76,156.76,3,156.71,1,156.7,1,156.68,1,,,,,,,,,,,,,156.98,1,156.99,1,157.0,3,157.05,1,157.07,1,157.08,1,157.09,1,157.16,1,157.17,1,157.21,1
2020-10-29 09:36:10,156.875,156.83,1,156.76,5,156.99,1,156.99,156.76,156.76,5,156.71,1,156.7,1,156.68,1,,,,,,,,,,,,,156.99,1,157.0,3,157.05,1,157.07,1,157.08,1,157.09,1,157.16,1,157.17,1,157.21,1,157.22,1
2020-10-29 09:36:11,156.88,156.83,1,156.77,1,156.99,1,156.99,156.77,156.77,1,156.76,5,156.71,1,156.7,1,156.68,1,,,,,,,,,,,156.99,1,157.0,3,157.05,1,157.07,1,157.08,1,157.09,1,157.16,1,157.17,1,157.21,1,157.22,1
2020-10-29 09:36:12,157.095,157.05,1,156.99,1,157.2,2,157.2,156.99,156.99,1,156.97,1,156.93,3,156.89,1,156.88,2,156.84,1,156.78,2,156.77,1,156.76,5,156.71,1,157.2,2,157.21,1,157.22,1,157.24,3,157.26,2,157.27,1,157.28,2,157.29,2,157.3,2,157.33,1
2020-10-29 09:36:13,157.115,157.05,1,156.99,1,157.24,4,157.24,156.99,156.99,1,156.97,1,156.93,3,156.89,1,156.88,2,156.84,1,156.78,2,156.77,1,156.76,5,156.71,1,157.24,4,157.26,2,157.27,1,157.28,2,157.29,2,157.3,2,157.33,1,157.34,1,157.35,1,157.36,1
2020-10-29 09:36:14,157.115,157.05,1,156.99,1,157.24,4,157.24,156.99,156.99,1,156.97,1,156.93,3,156.89,1,156.88,2,156.84,1,156.78,2,156.77,1,156.76,5,156.71,1,157.24,4,157.26,2,157.27,1,157.28,2,157.29,2,157.3,2,157.33,1,157.34,1,157.35,1,157.36,1
2020-10-29 09:36:15,157.11,157.05,1,156.99,1,157.23,1,157.23,156.99,156.99,1,156.97,1,156.93,3,156.89,1,156.88,2,156.84,1,156.78,2,156.77,1,156.76,5,156.71,1,157.23,1,157.24,4,157.26,2,157.27,1,157.28,2,157.29,2,157.3,2,157.33,1,157.34,1,157.35,1
2020-10-29 09:36:16,157.07,157.05,1,156.93,2,157.21,1,157.21,156.93,156.93,2,156.89,1,156.88,2,156.84,1,156.78,2,156.77,1,156.76,5,156.71,1,156.7,1,156.68,1,157.21,1,157.22,1,157.23,1,157.24,4,157.26,2,157.27,1,157.28,2,157.29,2,157.3,2,157.33,1
2020-10-29 09:36:17,156.89,157.0,1,156.76,4,157.02,1,157.02,156.76,156.76,4,156.71,1,156.7,1,156.68,1,,,,,,,,,,,,,157.02,1,157.04,1,157.08,1,157.09,1,157.16,1,157.21,2,157.22,1,157.23,1,157.24,4,157.26,2
2020-10-29 09:36:18,156.915,157.0,1,156.76,4,157.07,1,157.07,156.76,156.76,4,156.71,1,156.7,1,156.68,1,,,,,,,,,,,,,157.07,1,157.08,1,157.09,1,157.16,1,157.21,2,157.22,1,157.23,1,157.24,4,157.26,2,157.27,1
2020-10-29 09:36:19,156.91,157.0,1,156.76,5,157.06,1,157.06,156.76,156.76,5,156.71,1,156.7,1,156.68,1,,,,,,,,,,,,,157.06,1,157.07,2,157.08,1,157.09,1,157.16,1,157.21,2,157.22,1,157.23,1,157.24,4,157.26,2
2020-10-29 09:36:20,156.91,157.0,1,156.76,5,157.06,2,157.06,156.76,156.76,5,156.71,1,156.7,1,156.68,1,,,,,,,,,,,,,157.06,2,157.07,2,157.08,1,157.09,1,157.16,1,157.21,2,157.22,1,157.23,1,157.24,4,157.26,2
2020-10-29 09:36:21,156.91,157.0,1,156.76,5,157.06,2,157.06,156.76,156.76,5,156.71,1,156.7,1,156.68,1,,,,,,,,,,,,,157.06,2,157.07,2,157.08,1,157.09,1,157.16,1,157.21,2,157.22,1,157.23,1,157.24,4,157.26,2
2020-10-29 09:36:22,156.91,157.0,1,156.76,5,157.06,2,157.06,156.76,156.76,5,156.71,1,156.7,1,156.68,1,,,,,,,,,,,,,157.06,2,157.07,2,157.08,1,157.09,1,157.16,1,157.21,2,157.22,1,157.23,1,157.24,4,157.26,2
2020-10-29 09:36:23,156.915,157.0,1,156.77,1,157.06,2,157.06,156.77,156.77,1,156.76,5,156.71,1,156.7,1,156.68,1,,,,,,,,,,,157.06,2,157.07,2,157.08,1,157.09,1,157.16,1,157.21,2,157.22,1,157.23,1,157.24,4,157.26,2
2020-10-29 09:36:24,156.895,157.0,1,156.76,5,157.03,1,157.03,156.76,156.76,5,156.71,1,156.7,1,156.68,1,,,,,,,,,,,,,157.03,1,157.04,2,157.05,1,157.06,2,157.07,2,157.08,1,157.09,1,157.16,1,157.21,2,157.22,1
2020-10-29 09:36:25,156.87,157.0,1,156.76,5,156.98,1,156.98,156.76,156.76,5,156.71,1,156.7,1,156.68,1,,,,,,,,,,,,,156.98,1,156.99,1,157.0,1,157.01,1,157.02,1,157.03,2,157.04,2,157.05,1,157.06,2,157.07,2
2020-10-29 09:36:26,156.88,157.0,1,156.78,1,156.98,1,156.98,156.78,156.78,1,156.77,2,156.76,5,156.71,1,156.7,1,156.68,1,,,,,,,,,156.98,1,156.99,1,157.0,1,157.01,1,157.02,1,157.03,2,157.04,2,157.05,1,157.06,2,157.07,2
2020-10-29 09:36:27,156.88,157.0,1,156.78,1,156.98,1,156.98,156.78,156.78,1,156.77,2,156.76,5,156.71,1,156.7,1,156.68,1,,,,,,,,,156.98,1,156.99,1,157.0,1,157.01,1,157.02,1,157.03,2,157.04,2,157.05,1,157.06,2,157.07,2
2020-10-29 09:36:28,156.765,156.71,1,156.68,2,156.85,1,156.85,156.68,156.68,2,,,,,,,,,,,,,,,,,,,156.85,1,156.94,1,156.98,2,156.99,1,157.0,1,157.01,1,157.02,1,157.03,2,157.04,2,157.05,1
2020-10-29 09:36:29,156.67,156.65,1,156.6,1,156.74,2,156.74,156.6,156.6,1,156.54,1,156.51,2,,,,,,,,,,,,,,,156.74,2,156.81,1,156.85,1,156.86,1,156.88,1,156.89,2,156.94,1,156.98,2,156.99,1,157.0,1
2020-10-29 09:36:30,156.66,156.66,1,156.61,2,156.71,1,156.71,156.61,156.61,2,156.6,1,156.54,1,156.51,2,,,,,,,,,,,,,156.71,1,156.72,1,156.81,2,156.85,1,156.86,1,156.88,1,156.89,2,156.94,1,156.98,2,156.99,1
2020-10-29 09:36:31,156.655,156.64,1,156.6,2,156.71,2,156.71,156.6,156.6,2,156.54,1,156.51,2,,,,,,,,,,,,,,,156.71,2,156.72,1,156.81,2,156.85,1,156.86,1,156.88,1,156.89,2,156.94,1,156.98,2,156.99,1
2020-10-29 09:36:32,156.81,156.66,1,156.67,2,156.95,3,156.95,156.67,156.67,2,156.66,2,156.65,2,156.6,2,156.54,1,156.51,2,,,,,,,,,156.95,3,157.02,2,157.03,2,157.04,2,157.05,1,157.06,2,157.07,2,157.08,1,157.09,1,157.16,1
2020-10-29 09:36:33,156.81,156.66,1,156.67,3,156.95,3,156.95,156.67,156.67,3,156.66,2,156.65,2,156.6,2,156.54,1,156.51,2,,,,,,,,,156.95,3,157.02,2,157.03,2,157.04,2,157.05,1,157.06,2,157.07,2,157.08,1,157.09,1,157.16,1
2020-10-29 09:36:34,156.805,156.66,1,156.66,1,156.95,3,156.95,156.66,156.66,1,156.65,2,156.6,2,156.54,1,156.51,2,,,,,,,,,,,156.95,3,157.02,2,157.03,2,157.04,2,157.05,1,157.06,2,157.07,2,157.08,1,157.09,1,157.16,1
2020-10-29 09:36:35,156.805,156.66,1,156.66,1,156.95,3,156.95,156.66,156.66,1,156.65,2,156.6,2,156.54,1,156.51,2,,,,,,,,,,,156.95,3,157.02,2,157.03,2,157.04,2,157.05,1,157.06,2,157.07,2,157.08,1,157.09,1,157.16,1
2020-10-29 09:36:36,156.8,156.66,1,156.66,2,156.94,1,156.94,156.66,156.66,2,156.65,2,156.6,2,156.54,1,156.51,2,,,,,,,,,,,156.94,1,156.95,3,157.02,2,157.03,2,157.04,2,157.05,1,157.06,2,157.07,2,157.08,1,157.09,1
2020-10-29 09:36:37,156.8,156.66,1,156.66,2,156.94,1,156.94,156.66,156.66,2,156.65,2,156.6,2,156.54,1,156.51,2,,,,,,,,,,,156.94,1,156.95,3,157.02,2,157.03,2,157.04,2,157.05,1,157.06,2,157.07,2,157.08,1,157.09,1
2020-10-29 09:36:38,156.8,156.66,1,156.66,2,156.94,1,156.94,156.66,156.66,2,156.65,2,156.6,2,156.54,1,156.51,2,,,,,,,,,,,156.94,1,156.95,3,157.02,2,157.03,2,157.04,2,157.05,1,157.06,2,157.07,2,157.08,1,157.09,1
2020-10-29 09:36:39,156.8,156.66,1,156.66,2,156.94,1,156.94,156.66,156.66,2,156.65,2,156.6,2,156.54,1,156.51,2,,,,,,,,,,,156.94,1,156.95,3,157.02,2,157.03,2,157.04,2,157.05,1,157.06,2,157.07,2,157.08,1,157.09,1
2020-10-29 09:36:40,156.805,156.66,1,156.67,2,156.94,1,156.94,156.67,156.67,2,156.66,2,156.65,2,156.6,2,156.54,1,156.51,2,,,,,,,,,156.94,1,156.95,3,157.02,2,157.03,2,157.04,2,157.05,1,157.06,2,157.07,2,157.08,1,157.09,1
2020-10-29 09:36:41,156.655,156.66,1,156.52,1,156.79,1,156.79,156.52,156.52,1,156.51,2,,,,,,,,,,,,,,,,,156.79,1,156.8,1,156.9,2,156.91,2,156.92,1,156.93,2,156.94,1,156.95,3,157.02,2,157.03,2
2020-10-29 09:36:42,156.68,156.66,1,156.6,1,156.76,2,156.76,156.6,156.6,1,156.52,1,156.51,4,,,,,,,,,,,,,,,156.76,2,156.77,1,156.78,2,156.79,1,156.8,1,156.9,2,156.91,2,156.92,1,156.93,2,156.94,1
2020-10-29 09:36:43,156.67,156.66,1,156.6,1,156.74,1,156.74,156.6,156.6,1,156.52,1,156.51,4,,,,,,,,,,,,,,,156.74,1,156.75,1,156.76,2,156.77,1,156.78,2,156.79,1,156.8,1,156.9,2,156.91,2,156.92,1
2020-10-29 09:36:44,156.665,156.66,1,156.6,1,156.73,1,156.73,156.6,156.6,1,156.52,1,156.51,4,,,,,,,,,,,,,,,156.73,1,156.74,2,156.75,1,156.76,2,156.77,1,156.78,2,156.79,1,156.8,1,156.9,2,156.91,2
2020-10-29 09:36:45,156.665,156.66,1,156.6,1,156.73,1,156.73,156.6,156.6,1,156.52,1,156.51,4,,,,,,,,,,,,,,,156.73,1,156.74,2,156.75,1,156.76,2,156.77,1,156.78,2,156.79,1,156.8,1,156.9,2,156.91,2
2020-10-29 09:36:46,156.665,156.66,1,156.6,1,156.73,4,156.73,156.6,156.6,1,156.52,1,156.51,4,,,,,,,,,,,,,,,156.73,4,156.74,2,156.75,1,156.76,2,156.77,1,156.78,2,156.79,1,156.8,1,156.9,2,156.91,2
2020-10-29 09:36:47,156.665,156.66,1,156.6,1,156.73,4,156.73,156.6,156.6,1,156.52,1,156.51,4,,,,,,,,,,,,,,,156.73,4,156.74,2,156.75,1,156.76,2,156.77,1,156.78,2,156.79,1,156.8,1,156.9,2,156.91,2
2020-10-29 09:36:48,156.585,156.6,1,156.5,9,156.67,1,156.67,156.5,156.5,9,,,,,,,,,,,,,,,,,,,156.67,1,156.72,2,156.73,5,156.74,2,156.75,1,156.76,2,156.77,1,156.78,2,156.79,1,156.8,1
2020-10-29 09:36:49,156.605,156.6,1,156.54,1,156.67,2,156.67,156.54,156.54,1,156.5,9,,,,,,,,,,,,,,,,,156.67,2,156.72,2,156.73,5,156.74,2,156.75,1,156.76,2,156.77,1,156.78,2,156.79,1,156.8,1
2020-10-29 09:36:50,156.585,156.6,1,156.5,9,156.67,2,156.67,156.5,156.5,9,,,,,,,,,,,,,,,,,,,156.67,2,156.72,2,156.73,5,156.74,2,156.75,1,156.76,2,156.77,1,156.78,2,156.79,1,156.8,1
2020-10-29 09:36:51,156.52,156.5,8,156.46,2,156.58,1,156.58,156.46,156.46,2,,,,,,,,,,,,,,,,,,,156.58,1,156.61,1,156.66,1,156.67,2,156.72,2,156.73,5,156.74,2,156.75,1,156.76,2,156.77,1
2020-10-29 09:36:52,156.475,156.51,1,156.42,2,156.53,2,156.53,156.42,156.42,2,,,,,,,,,,,,,,,,,,,156.53,2,156.58,1,156.61,1,156.66,1,156.67,2,156.72,2,156.73,5,156.74,2,156.75,1,156.76,2
2020-10-29 09:36:53,156.475,156.51,1,156.42,2,156.53,2,156.53,156.42,156.42,2,,,,,,,,,,,,,,,,,,,156.53,2,156.58,1,156.61,1,156.66,1,156.67,2,156.72,2,156.73,5,156.74,2,156.75,1,156.76,2
2020-10-29 09:36:54,156.475,156.51,1,156.42,2,156.53,2,156.53,156.42,156.42,2,,,,,,,,,,,,,,,,,,,156.53,2,156.58,1,156.61,1,156.66,1,156.67,2,156.72,2,156.73,5,156.74,2,156.75,1,156.76,2
2020-10-29 09:36:55,156.48,156.43,1,156.43,1,156.53,3,156.53,156.43,156.43,1,156.42,2,,,,,,,,,,,,,,,,,156.53,3,156.58,1,156.61,1,156.66,1,156.67,2,156.72,2,156.73,5,156.74,2,156.75,1,156.76,2
2020-10-29 09:36:56,156.475,156.43,1,156.42,2,156.53,3,156.53,156.42,156.42,2,,,,,,,,,,,,,,,,,,,156.53,3,156.58,1,156.61,1,156.66,1,156.67,2,156.72,2,156.73,5,156.74,2,156.75,1,156.76,2
2020-10-29 09:36:57,156.475,156.43,1,156.42,2,156.53,3,156.53,156.42,156.42,2,,,,,,,,,,,,,,,,,,,156.53,3,156.58,1,156.61,1,156.66,1,156.67,2,156.72,2,156.73,5,156.74,2,156.75,1,156.76,2
2020-10-29 09:36:58,156.405,156.42,2,156.35,1,156.46,1,156.46,156.35,156.35,1,156.32,1,,,,,,,,,,,,,,,,,156.46,1,156.52,2,156.53,3,156.58,1,156.61,1,156.66,1,156.67,2,156.72,2,156.73,5,156.74,2
2020-10-29 09:36:59,156.4,156.41,1,156.35,1,156.45,1,156.45,156.35,156.35,1,156.32,1,,,,,,,,,,,,,,,,,156.45,1,156.53,3,156.58,1,156.61,1,156.66,1,156.67,2,156.72,2,156.73,5,156.74,2,156.75,1
2020-10-29 09:37:00,156.47,156.41,1,156.41,2,156.53,5,156.53,156.41,156.41,2,156.36,1,156.35,1,156.32,1,,,,,,,,,,,,,156.53,5,156.58,1,156.61,1,156.66,1,156.67,2,156.72,2,156.73,5,156.74,2,156.75,1,156.76,2
2020-10-29 09:37:01,156.6,156.54,1,156.48,2,156.72,3,156.72,156.48,156.48,2,156.47,2,156.41,4,156.36,1,156.35,1,156.32,1,,,,,,,,,156.72,3,156.73,2,156.74,2,156.75,1,156.76,2,156.77,1,156.78,2,156.79,1,156.8,1,156.9,2
2020-10-29 09:37:02,156.615,156.54,1,156.5,1,156.73,2,156.73,156.5,156.5,1,156.48,2,156.47,2,156.41,4,156.36,1,156.35,1,156.32,1,,,,,,,156.73,2,156.74,2,156.75,1,156.76,2,156.77,1,156.78,2,156.79,1,156.8,1,156.9,2,156.91,2
2020-10-29 09:37:03,156.615,156.54,1,156.5,1,156.73,2,156.73,156.5,156.5,1,156.48,2,156.47,2,156.41,4,156.36,1,156.35,1,156.32,1,,,,,,,156.73,2,156.74,2,156.75,1,156.76,2,156.77,1,156.78,2,156.79,1,156.8,1,156.9,2,156.91,2
2020-10-29 09:37:04,156.615,156.54,1,156.5,2,156.73,3,156.73,156.5,156.5,2,156.48,2,156.47,2,156.41,4,156.36,1,156.35,1,156.32,1,,,,,,,156.73,3,156.74,2,156.75,1,156.76,2,156.77,1,156.78,2,156.79,1,156.8,1,156.9,2,156.91,2
2020-10-29 09:37:05,156.615,156.54,1,156.5,2,156.73,5,156.73,156.5,156.5,2,156.48,2,156.47,2,156.41,4,156.36,1,156.35,1,156.32,1,,,,,,,156.73,5,156.74,2,156.75,1,156.76,2,156.77,1,156.78,2,156.79,1,156.8,1,156.9,2,156.91,2
2020-10-29 09:37:06,156.62,156.69,1,156.51,1,156.73,5,156.73,156.51,156.51,1,156.5,2,156.48,2,156.47,2,156.41,4,156.36,1,156.35,1,156.32,1,,,,,156.73,5,156.74,2,156.75,1,156.76,2,156.77,1,156.78,2,156.79,1,156.8,1,156.9,2,156.91,2
2020-10-29 09:37:07,156.615,156.69,1,156.5,2,156.73,5,156.73,156.5,156.5,2,156.48,2,156.47,2,156.41,4,156.36,1,156.35,1,156.32,1,,,,,,,156.73,5,156.74,2,156.75,1,156.76,2,156.77,1,156.78,2,156.79,1,156.8,1,156.9,2,156.91,2
2020-10-29 09:37:08,156.62,156.69,1,156.51,2,156.73,5,156.73,156.51,156.51,2,156.5,3,156.48,2,156.47,2,156.41,4,156.36,1,156.35,1,156.32,1,,,,,156.73,5,156.74,2,156.75,1,156.76,2,156.77,1,156.78,2,156.79,1,156.8,1,156.9,2,156.91,2
2020-10-29 09:37:09,156.62,156.57,1,156.51,2,156.73,5,156.73,156.51,156.51,2,156.5,3,156.48,2,156.47,2,156.41,4,156.36,1,156.35,1,156.32,1,,,,,156.73,5,156.74,2,156.75,1,156.76,2,156.77,1,156.78,2,156.79,1,156.8,1,156.9,2,156.91,2
2020-10-29 09:37:10,156.62,156.57,1,156.51,2,156.73,5,156.73,156.51,156.51,2,156.5,3,156.48,2,156.47,2,156.41,4,156.36,1,156.35,1,156.32,1,,,,,156.73,5,156.74,2,156.75,1,156.76,2,156.77,1,156.78,2,156.79,1,156.8,1,156.9,2,156.91,2
2020-10-29 09:37:11,156.62,156.57,1,156.51,2,156.73,6,156.73,156.51,156.51,2,156.5,3,156.48,2,156.47,2,156.41,4,156.36,1,156.35,1,156.32,1,,,,,156.73,6,156.74,2,156.75,1,156.76,2,156.77,1,156.78,2,156.79,1,156.8,1,156.9,2,156.91,2
2020-10-29 09:37:12,156.645,156.7,1,156.56,1,156.73,5,156.73,156.56,156.56,1,156.52,1,156.51,2,156.5,3,156.48,2,156.47,2,156.41,4,156.36,1,156.35,1,156.32,1,156.73,5,156.74,2,156.75,1,156.76,2,156.77,1,156.78,2,156.79,1,156.8,1,156.9,2,156.91,2
2020-10-29 09:37:13,156.645,156.7,1,156.56,1,156.73,5,156.73,156.56,156.56,1,156.52,1,156.51,2,156.5,3,156.48,2,156.47,2,156.41,4,156.36,1,156.35,1,156.32,1,156.73,5,156.74,2,156.75,1,156.76,2,156.77,1,156.78,2,156.79,1,156.8,1,156.9,2,156.91,2
2020-10-29 09:37:14,156.59,156.58,1,156.45,1,156.73,6,156.73,156.45,156.45,1,156.42,1,156.41,4,156.36,1,156.35,1,156.32,1,,,,,,,,,156.73,6,156.74,2,156.75,1,156.76,2,156.77,1,156.78,2,156.79,1,156.8,1,156.9,2,156.91,2
2020-10-29 09:37:15,156.525,156.58,1,156.4,2,156.65,2,156.65,156.4,156.4,2,156.35,2,156.31,1,,,,,,,,,,,,,,,156.65,2,156.73,6,156.74,2,156.75,1,156.76,2,156.77,1,156.78,2,156.79,1,156.8,1,156.9,2
2020-10-29 09:37:16,156.52,156.58,1,156.39,1,156.65,2,156.65,156.39,156.39,1,156.35,2,156.31,1,,,,,,,,,,,,,,,156.65,2,156.73,6,156.74,2,156.75,1,156.76,2,156.77,1,156.78,2,156.79,1,156.8,1,156.9,2
2020-10-29 09:37:17,156.44,156.58,1,156.31,2,156.57,1,156.57,156.31,156.31,2,,,,,,,,,,,,,,,,,,,156.57,1,156.63,2,156.64,3,156.65,2,156.73,6,156.74,2,156.75,1,156.76,2,156.77,1,156.78,2
2020-10-29 09:37:18,156.44,156.44,1,156.31,2,156.57,1,156.57,156.31,156.31,2,,,,,,,,,,,,,,,,,,,156.57,1,156.63,2,156.64,3,156.65,2,156.73,6,156.74,2,156.75,1,156.76,2,156.77,1,156.78,2
2020-10-29 09:37:19,156.495,156.44,1,156.41,2,156.58,1,156.58,156.41,156.41,2,156.31,2,,,,,,,,,,,,,,,,,156.58,1,156.63,2,156.64,3,156.65,2,156.73,6,156.74,2,156.75,1,156.76,2,156.77,1,156.78,2
2020-10-29 09:37:20,156.495,156.44,1,156.41,2,156.58,2,156.58,156.41,156.41,2,156.31,2,,,,,,,,,,,,,,,,,156.58,2,156.63,2,156.64,3,156.65,2,156.73,6,156.74,2,156.75,1,156.76,2,156.77,1,156.78,2
2020-10-29 09:37:21,156.495,156.44,1,156.41,2,156.58,2,156.58,156.41,156.41,2,156.31,2,,,,,,,,,,,,,,,,,156.58,2,156.63,2,156.64,3,156.65,2,156.73,6,156.74,2,156.75,1,156.76,2,156.77,1,156.78,2
2020-10-29 09:37:22,156.47,156.41,1,156.37,1,156.57,3,156.57,156.37,156.37,1,156.31,2,,,,,,,,,,,,,,,,,156.57,3,156.58,2,156.63,2,156.64,3,156.65,2,156.73,6,156.74,2,156.75,1,156.76,2,156.77,1
2020-10-29 09:37:23,156.37,156.31,1,156.26,1,156.48,1,156.48,156.26,156.26,1,,,,,,,,,,,,,,,,,,,156.48,1,156.58,2,156.63,2,156.64,3,156.65,2,156.73,6,156.74,2,156.75,1,156.76,2,156.77,1
2020-10-29 09:37:24,156.365,156.31,1,156.25,2,156.48,3,156.48,156.25,156.25,2,,,,,,,,,,,,,,,,,,,156.48,3,156.58,2,156.63,2,156.64,3,156.65,2,156.73,6,156.74,2,156.75,1,156.76,2,156.77,1
2020-10-29 09:37:25,156.33,156.31,1,156.2,2,156.46,3,156.46,156.2,156.2,2,,,,,,,,,,,,,,,,,,,156.46,3,156.47,1,156.48,3,156.58,2,156.63,2,156.64,3,156.65,2,156.73,6,156.74,2,156.75,1
2020-10-29 09:37:26,156.33,156.31,1,156.2,2,156.46,3,156.46,156.2,156.2,2,,,,,,,,,,,,,,,,,,,156.46,3,156.47,1,156.48,3,156.58,2,156.63,2,156.64,3,156.65,2,156.73,6,156.74,2,156.75,1
2020-10-29 09:37:27,156.33,156.31,1,156.2,2,156.46,3,156.46,156.2,156.2,2,,,,,,,,,,,,,,,,,,,156.46,3,156.47,1,156.48,3,156.58,2,156.63,2,156.64,3,156.65,2,156.73,6,156.74,2,156.75,1
2020-10-29 09:37:28,156.33,156.31,1,156.2,2,156.46,3,156.46,156.2,156.2,2,,,,,,,,,,,,,,,,,,,156.46,3,156.47,1,156.48,3,156.58,2,156.63,2,156.64,3,156.65,2,156.73,6,156.74,2,156.75,1
2020-10-29 09:37:29,156.33,156.31,1,156.2,2,156.46,3,156.46,156.2,156.2,2,,,,,,,,,,,,,,,,,,,156.46,3,156.47,1,156.48,3,156.58,2,156.63,2,156.64,3,156.65,2,156.73,6,156.74,2,156.75,1
2020-10-29 09:37:30,156.295,156.31,1,156.2,3,156.39,1,156.39,156.2,156.2,3,,,,,,,,,,,,,,,,,,,156.39,1,156.46,3,156.47,1,156.48,3,156.58,2,156.63,2,156.64,3,156.65,2,156.73,6,156.74,2
2020-10-29 09:37:31,156.32,156.35,1,156.25,1,156.39,3,156.39,156.25,156.25,1,156.21,1,156.2,3,,,,,,,,,,,,,,,156.39,3,156.46,3,156.47,1,156.48,3,156.58,2,156.63,2,156.64,3,156.65,2,156.73,6,156.74,2
2020-10-29 09:37:32,156.32,156.35,1,156.25,1,156.39,3,156.39,156.25,156.25,1,156.21,1,156.2,3,,,,,,,,,,,,,,,156.39,3,156.46,3,156.47,1,156.48,3,156.58,2,156.63,2,156.64,3,156.65,2,156.73,6,156.74,2
2020-10-29 09:37:33,156.32,156.35,1,156.25,1,156.39,3,156.39,156.25,156.25,1,156.21,1,156.2,3,,,,,,,,,,,,,,,156.39,3,156.46,3,156.47,1,156.48,3,156.58,2,156.63,2,156.64,3,156.65,2,156.73,6,156.74,2
2020-10-29 09:37:34,156.32,156.35,1,156.25,1,156.39,3,156.39,156.25,156.25,1,156.21,1,156.2,3,,,,,,,,,,,,,,,156.39,3,156.46,3,156.47,1,156.48,3,156.58,2,156.63,2,156.64,3,156.65,2,156.73,6,156.74,2
2020-10-29 09:37:35,156.32,156.35,1,156.25,1,156.39,3,156.39,156.25,156.25,1,156.21,1,156.2,3,,,,,,,,,,,,,,,156.39,3,156.46,3,156.47,1,156.48,3,156.58,2,156.63,2,156.64,3,156.65,2,156.73,6,156.74,2
2020-10-29 09:37:36,156.32,156.35,1,156.25,1,156.39,3,156.39,156.25,156.25,1,156.21,1,156.2,3,,,,,,,,,,,,,,,156.39,3,156.46,3,156.47,1,156.48,3,156.58,2,156.63,2,156.64,3,156.65,2,156.73,6,156.74,2
2020-10-29 09:37:37,156.32,156.35,1,156.25,1,156.39,3,156.39,156.25,156.25,1,156.21,1,156.2,3,,,,,,,,,,,,,,,156.39,3,156.46,3,156.47,1,156.48,3,156.58,2,156.63,2,156.64,3,156.65,2,156.73,6,156.74,2
2020-10-29 09:37:38,156.4,156.39,1,156.32,1,156.48,1,156.48,156.32,156.32,1,156.25,1,156.21,1,156.2,3,,,,,,,,,,,,,156.48,1,156.52,2,156.58,2,156.63,2,156.64,3,156.65,2,156.73,6,156.74,2,156.75,1,156.76,2
2020-10-29 09:37:39,156.575,156.48,1,156.41,3,156.74,3,156.74,156.41,156.41,3,156.4,1,156.33,1,156.32,1,156.25,1,156.21,1,156.2,3,,,,,,,156.74,3,156.75,2,156.76,2,156.77,1,156.78,2,156.79,1,156.8,1,156.9,2,156.91,2,156.92,1
2020-10-29 09:37:40,156.505,156.48,1,156.32,2,156.69,2,156.69,156.32,156.32,2,156.25,1,156.21,1,156.2,3,,,,,,,,,,,,,156.69,2,156.7,2,156.71,2,156.72,2,156.74,3,156.75,2,156.76,2,156.77,1,156.78,2,156.79,1
2020-10-29 09:37:41,156.51,156.48,1,156.33,1,156.69,2,156.69,156.33,156.33,1,156.32,2,156.25,1,156.21,1,156.2,3,,,,,,,,,,,156.69,2,156.7,2,156.71,2,156.72,2,156.74,3,156.75,2,156.76,2,156.77,1,156.78,2,156.79,1
2020-10-29 09:37:42,156.505,156.48,1,156.32,2,156.69,2,156.69,156.32,156.32,2,156.25,1,156.21,1,156.2,3,,,,,,,,,,,,,156.69,2,156.7,2,156.71,2,156.72,2,156.74,3,156.75,2,156.76,2,156.77,1,156.78,2,156.79,1
2020-10-29 09:37:43,156.505,156.48,1,156.32,2,156.69,2,156.69,156.32,156.32,2,156.25,1,156.21,1,156.2,3,,,,,,,,,,,,,156.69,2,156.7,2,156.71,2,156.72,2,156.74,3,156.75,2,156.76,2,156.77,1,156.78,2,156.79,1
2020-10-29 09:37:44,156.505,156.48,1,156.32,2,156.69,2,156.69,156.32,156.32,2,156.25,1,156.21,1,156.2,3,,,,,,,,,,,,,156.69,2,156.7,2,156.71,2,156.72,2,156.74,3,156.75,2,156.76,2,156.77,1,156.78,2,156.79,1
2020-10-29 09:37:45,156.505,156.48,1,156.32,2,156.69,2,156.69,156.32,156.32,2,156.25,1,156.21,1,156.2,3,,,,,,,,,,,,,156.69,2,156.7,2,156.71,2,156.72,2,156.74,3,156.75,2,156.76,2,156.77,1,156.78,2,156.79,1
2020-10-29 09:37:46,156.505,156.48,1,156.32,2,156.69,2,156.69,156.32,156.32,2,156.25,1,156.21,1,156.2,3,,,,,,,,,,,,,156.69,2,156.7,2,156.71,2,156.72,2,156.74,3,156.75,2,156.76,2,156.77,1,156.78,2,156.79,1
2020-10-29 09:37:47,156.51,156.48,1,156.32,2,156.7,1,156.7,156.32,156.32,2,156.25,1,156.21,1,156.2,3,,,,,,,,,,,,,156.7,1,156.71,2,156.72,2,156.74,3,156.75,2,156.76,2,156.77,1,156.78,2,156.79,1,156.8,1
2020-10-29 09:37:48,156.51,156.48,1,156.32,2,156.7,1,156.7,156.32,156.32,2,156.25,1,156.21,1,156.2,3,,,,,,,,,,,,,156.7,1,156.71,2,156.72,2,156.74,3,156.75,2,156.76,2,156.77,1,156.78,2,156.79,1,156.8,1
2020-10-29 09:37:49,156.51,156.48,1,156.32,2,156.7,1,156.7,156.32,156.32,2,156.25,1,156.21,1,156.2,3,,,,,,,,,,,,,156.7,1,156.71,2,156.72,2,156.74,3,156.75,2,156.76,2,156.77,1,156.78,2,156.79,1,156.8,1
2020-10-29 09:37:50,156.51,156.48,1,156.32,2,156.7,1,156.7,156.32,156.32,2,156.25,1,156.21,1,156.2,3,,,,,,,,,,,,,156.7,1,156.71,2,156.72,2,156.74,3,156.75,2,156.76,2,156.77,1,156.78,2,156.79,1,156.8,1
2020-10-29 09:37:51,156.51,156.48,1,156.32,2,156.7,1,156.7,156.32,156.32,2,156.25,1,156.21,1,156.2,3,,,,,,,,,,,,,156.7,1,156.71,2,156.72,2,156.74,3,156.75,2,156.76,2,156.77,1,156.78,2,156.79,1,156.8,1
2020-10-29 09:37:52,156.515,156.48,1,156.33,1,156.7,2,156.7,156.33,156.33,1,156.32,2,156.25,1,156.21,1,156.2,3,,,,,,,,,,,156.7,2,156.71,2,156.72,2,156.74,3,156.75,2,156.76,2,156.77,1,156.78,2,156.79,1,156.8,1
2020-10-29 09:37:53,156.525,156.48,1,156.35,1,156.7,2,156.7,156.35,156.35,1,156.33,1,156.32,2,156.25,1,156.21,1,156.2,3,,,,,,,,,156.7,2,156.71,2,156.72,2,156.74,3,156.75,2,156.76,2,156.77,1,156.78,2,156.79,1,156.8,1
2020-10-29 09:37:54,156.525,156.48,1,156.35,1,156.7,2,156.7,156.35,156.35,1,156.33,1,156.32,2,156.25,1,156.21,1,156.2,3,,,,,,,,,156.7,2,156.71,2,156.72,2,156.74,3,156.75,2,156.76,2,156.77,1,156.78,2,156.79,1,156.8,1
2020-10-29 09:37:55,156.525,156.48,1,156.35,1,156.7,2,156.7,156.35,156.35,1,156.33,1,156.32,2,156.25,1,156.21,1,156.2,3,,,,,,,,,156.7,2,156.71,2,156.72,2,156.74,3,156.75,2,156.76,2,156.77,1,156.78,2,156.79,1,156.8,1
2020-10-29 09:37:56,156.6,156.48,1,156.5,1,156.7,2,156.7,156.5,156.5,1,156.35,1,156.33,1,156.32,2,156.25,1,156.21,1,156.2,3,,,,,,,156.7,2,156.71,2,156.72,2,156.74,3,156.75,2,156.76,2,156.77,1,156.78,2,156.79,1,156.8,1
2020-10-29 09:37:57,156.625,156.48,1,156.55,1,156.7,2,156.7,156.55,156.55,1,156.5,1,156.35,1,156.33,1,156.32,2,156.25,1,156.21,1,156.2,3,,,,,156.7,2,156.71,2,156.72,2,156.74,3,156.75,2,156.76,2,156.77,1,156.78,2,156.79,1,156.8,1
2020-10-29 09:37:58,156.625,156.48,1,156.55,1,156.7,3,156.7,156.55,156.55,1,156.5,1,156.35,1,156.33,1,156.32,2,156.25,1,156.21,1,156.2,3,,,,,156.7,3,156.71,2,156.72,2,156.74,3,156.75,2,156.76,2,156.77,1,156.78,2,156.79,1,156.8,1
2020-10-29 09:37:59,156.625,156.65,5,156.55,1,156.7,3,156.7,156.55,156.55,1,156.5,1,156.35,1,156.33,1,156.32,2,156.25,1,156.21,1,156.2,3,,,,,156.7,3,156.71,2,156.72,2,156.74,3,156.75,2,156.76,2,156.77,1,156.78,2,156.79,1,156.8,1
2020-10-29 09:38:00,156.625,156.65,5,156.55,1,156.7,3,156.7,156.55,156.55,1,156.5,1,156.35,1,156.33,1,156.32,2,156.25,1,156.21,1,156.2,3,,,,,156.7,3,156.71,2,156.72,2,156.74,3,156.75,2,156.76,2,156.77,1,156.78,2,156.79,1,156.8,1
2020-10-29 09:38:01,156.615,156.61,3,156.55,1,156.68,1,156.68,156.55,156.55,1,156.5,1,156.35,1,156.33,1,156.32,2,156.25,1,156.21,1,156.2,3,,,,,156.68,1,156.7,3,156.71,2,156.72,2,156.74,3,156.75,2,156.76,2,156.77,1,156.78,2,156.79,1
2020-10-29 09:38:02,156.765,156.72,1,156.67,1,156.86,1,156.86,156.67,156.67,1,156.63,1,156.56,2,156.55,1,156.5,1,156.35,1,156.33,1,156.32,2,156.25,1,156.21,1,156.86,1,156.9,2,156.91,2,156.92,1,156.93,2,156.94,1,156.95,3,157.02,2,157.03,2,157.04,2
2020-10-29 09:38:03,156.78,156.72,1,156.67,1,156.89,3,156.89,156.67,156.67,1,156.63,1,156.56,2,156.55,1,156.5,1,156.35,1,156.33,1,156.32,2,156.25,1,156.21,1,156.89,3,156.9,2,156.91,2,156.92,1,156.93,2,156.94,1,156.95,3,157.02,2,157.03,2,157.04,2
2020-10-29 09:38:04,156.78,156.72,1,156.67,1,156.89,3,156.89,156.67,156.67,1,156.63,1,156.56,2,156.55,1,156.5,1,156.35,1,156.33,1,156.32,2,156.25,1,156.21,1,156.89,3,156.9,2,156.91,2,156.92,1,156.93,2,156.94,1,156.95,3,157.02,2,157.03,2,157.04,2
2020-10-29 09:38:05,156.78,156.72,1,156.67,1,156.89,3,156.89,156.67,156.67,1,156.63,1,156.56,2,156.55,1,156.5,1,156.35,1,156.33,1,156.32,2,156.25,1,156.21,1,156.89,3,156.9,2,156.91,2,156.92,1,156.93,2,156.94,1,156.95,3,157.02,2,157.03,2,157.04,2
2020-10-29 09:38:06,156.78,156.72,1,156.67,1,156.89,3,156.89,156.67,156.67,1,156.63,1,156.56,2,156.55,1,156.5,1,156.35,1,156.33,1,156.32,2,156.25,1,156.21,1,156.89,3,156.9,2,156.91,2,156.92,1,156.93,2,156.94,1,156.95,3,157.02,2,157.03,2,157.04,2
2020-10-29 09:38:07,156.78,156.72,1,156.67,1,156.89,3,156.89,156.67,156.67,1,156.63,1,156.56,2,156.55,1,156.5,1,156.35,1,156.33,1,156.32,2,156.25,1,156.21,1,156.89,3,156.9,2,156.91,2,156.92,1,156.93,2,156.94,1,156.95,3,157.02,2,157.03,2,157.04,2
2020-10-29 09:38:08,156.81,156.72,1,156.67,1,156.95,1,156.95,156.67,156.67,1,156.63,1,156.56,2,156.55,1,156.5,1,156.35,1,156.33,1,156.32,2,156.25,1,156.21,1,156.95,1,156.98,1,157.02,2,157.03,2,157.04,2,157.05,1,157.06,2,157.07,2,157.08,1,157.09,1
2020-10-29 09:38:09,156.81,156.72,1,156.67,1,156.95,1,156.95,156.67,156.67,1,156.63,1,156.56,2,156.55,1,156.5,1,156.35,1,156.33,1,156.32,2,156.25,1,156.21,1,156.95,1,156.98,1,157.02,2,157.03,2,157.04,2,157.05,1,157.06,2,157.07,2,157.08,1,157.09,1
2020-10-29 09:38:10,156.81,156.72,1,156.67,1,156.95,2,156.95,156.67,156.67,1,156.63,1,156.56,2,156.55,1,156.5,1,156.35,1,156.33,1,156.32,2,156.25,1,156.21,1,156.95,2,156.98,1,157.02,2,157.03,2,157.04,2,157.05,1,157.06,2,157.07,2,157.08,1,157.09,1
2020-10-29 09:38:11,156.81,156.72,1,156.67,1,156.95,2,156.95,156.67,156.67,1,156.63,1,156.56,2,156.55,1,156.5,1,156.35,1,156.33,1,156.32,2,156.25,1,156.21,1,156.95,2,156.98,1,157.02,2,157.03,2,157.04,2,157.05,1,157.06,2,157.07,2,157.08,1,157.09,1
2020-10-29 09:38:12,156.81,156.72,1,156.67,1,156.95,2,156.95,156.67,156.67,1,156.63,1,156.56,2,156.55,1,156.5,1,156.35,1,156.33,1,156.32,2,156.25,1,156.21,1,156.95,2,156.98,1,157.02,2,157.03,2,157.04,2,157.05,1,157.06,2,157.07,2,157.08,1,157.09,1
2020-10-29 09:38:13,156.81,156.72,1,156.67,1,156.95,2,156.95,156.67,156.67,1,156.63,1,156.56,2,156.55,1,156.5,1,156.35,1,156.33,1,156.32,2,156.25,1,156.21,1,156.95,2,156.98,1,157.02,2,157.03,2,157.04,2,157.05,1,157.06,2,157.07,2,157.08,1,157.09,1
2020-10-29 09:38:14,156.805,156.72,1,156.67,1,156.94,1,156.94,156.67,156.67,1,156.63,1,156.56,2,156.55,1,156.5,1,156.35,1,156.33,1,156.32,2,156.25,1,156.21,1,156.94,1,156.95,2,156.98,1,157.02,2,157.03,2,157.04,2,157.05,1,157.06,2,157.07,2,157.08,1
2020-10-29 09:38:15,156.805,156.72,1,156.67,1,156.94,1,156.94,156.67,156.67,1,156.63,1,156.56,2,156.55,1,156.5,1,156.35,1,156.33,1,156.32,2,156.25,1,156.21,1,156.94,1,156.95,2,156.98,1,157.02,2,157.03,2,157.04,2,157.05,1,157.06,2,157.07,2,157.08,1
2020-10-29 09:38:16,156.805,156.81,2,156.67,1,156.94,2,156.94,156.67,156.67,1,156.63,1,156.56,2,156.55,1,156.5,1,156.35,1,156.33,1,156.32,2,156.25,1,156.21,1,156.94,2,156.95,2,156.98,1,157.02,2,157.03,2,157.04,2,157.05,1,157.06,2,157.07,2,157.08,1
2020-10-29 09:38:17,156.805,156.81,2,156.67,1,156.94,2,156.94,156.67,156.67,1,156.63,1,156.56,2,156.55,1,156.5,1,156.35,1,156.33,1,156.32,2,156.25,1,156.21,1,156.94,2,156.95,2,156.98,1,157.02,2,157.03,2,157.04,2,157.05,1,157.06,2,157.07,2,157.08,1
2020-10-29 09:38:18,156.805,156.81,2,156.67,1,156.94,2,156.94,156.67,156.67,1,156.63,1,156.56,2,156.55,1,156.5,1,156.35,1,156.33,1,156.32,2,156.25,1,156.21,1,156.94,2,156.95,2,156.98,1,157.02,2,157.03,2,157.04,2,157.05,1,157.06,2,157.07,2,157.08,1
2020-10-29 09:38:19,156.805,156.81,2,156.67,1,156.94,2,156.94,156.67,156.67,1,156.63,1,156.56,2,156.55,1,156.5,1,156.35,1,156.33,1,156.32,2,156.25,1,156.21,1,156.94,2,156.95,2,156.98,1,157.02,2,157.03,2,157.04,2,157.05,1,157.06,2,157.07,2,157.08,1
2020-10-29 09:38:20,156.805,156.91,1,156.67,1,156.94,3,156.94,156.67,156.67,1,156.63,1,156.56,2,156.55,1,156.5,1,156.35,1,156.33,1,156.32,2,156.25,1,156.21,1,156.94,3,156.95,2,156.98,1,157.02,2,157.03,2,157.04,2,157.05,1,157.06,2,157.07,2,157.08,1
2020-10-29 09:38:21,156.825,156.91,1,156.71,1,156.94,3,156.94,156.71,156.71,1,156.67,1,156.63,1,156.56,2,156.55,1,156.5,1,156.35,1,156.33,1,156.32,2,156.25,1,156.94,3,156.95,2,156.98,1,157.02,2,157.03,2,157.04,2,157.05,1,157.06,2,157.07,2,157.08,1
2020-10-29 09:38:22,156.825,156.91,1,156.71,1,156.94,3,156.94,156.71,156.71,1,156.67,1,156.63,1,156.56,2,156.55,1,156.5,1,156.35,1,156.33,1,156.32,2,156.25,1,156.94,3,156.95,2,156.98,1,157.02,2,157.03,2,157.04,2,157.05,1,157.06,2,157.07,2,157.08,1
2020-10-29 09:38:23,156.82,156.91,1,156.71,1,156.93,1,156.93,156.71,156.71,1,156.67,1,156.63,1,156.56,2,156.55,1,156.5,1,156.35,1,156.33,1,156.32,2,156.25,1,156.93,1,156.94,3,156.95,2,156.98,1,157.02,2,157.03,2,157.04,2,157.05,1,157.06,2,157.07,2
