sim_time,mid_price,last_price,last_size,best_bid_price,best_bid_size,best_ask_price,best_ask_size,close_price_buy,close_price_sell,bid1_price,bid1_size,bid2_price,bid2_size,bid3_price,bid3_size,bid4_price,bid4_size,bid5_price,bid5_size,bid6_price,bid6_size,bid7_price,bid7_size,bid8_price,bid8_size,bid9_price,bid9_size,bid10_price,bid10_size,ask1_price,ask1_size,ask2_price,ask2_size,ask3_price,ask3_size,ask4_price,ask4_size,ask5_price,ask5_size,ask6_price,ask6_size,ask7_price,ask7_size,ask8_price,ask8_size,ask9_price,ask9_size,ask10_price,ask10_size
2026-02-05 09:30:17,118.305,118.75,1,117.42,400,119.19,100,119.19,117.42,117.42,400,,,,,,,,,,,,,,,,,,,119.19,100,,,,,,,,,,,,,,,,,,
2026-02-05 09:30:18,118.305,118.75,1,117.42,400,119.19,100,119.19,117.42,117.42,400,,,,,,,,,,,,,,,,,,,119.19,100,,,,,,,,,,,,,,,,,,
2026-02-05 09:30:20,118.305,118.75,1,117.42,400,119.19,100,119.19,117.42,117.42,400,,,,,,,,,,,,,,,,,,,119.19,100,,,,,,,,,,,,,,,,,,
2026-02-05 09:30:21,118.305,118.75,1,117.42,400,119.19,100,119.19,117.42,117.42,400,,,,,,,,,,,,,,,,,,,119.19,100,,,,,,,,,,,,,,,,,,
2026-02-05 09:30:22,118.305,118.75,1,117.42,400,119.19,100,119.19,117.42,117.42,400,,,,,,,,,,,,,,,,,,,119.19,100,,,,,,,,,,,,,,,,,,
2026-02-05 09:30:22,118.405,118.75,1,117.62,100,119.19,100,119.19,117.62,117.62,100,117.48,100,117.42,400,,,,,,,,,,,,,,,119.19,100,,,,,,,,,,,,,,,,,,
2026-02-05 09:30:24,118.405,118.75,1,117.62,100,119.19,100,119.19,117.62,117.62,100,117.48,100,117.42,400,,,,,,,,,,,,,,,119.19,100,,,,,,,,,,,,,,,,,,
2026-02-05 09:30:25,118.405,118.75,1,117.62,100,119.19,100,119.19,117.62,117.62,100,117.48,100,117.42,400,,,,,,,,,,,,,,,119.19,100,,,,,,,,,,,,,,,,,,
2026-02-05 09:30:26,118.395,118.75,1,117.62,100,119.17,100,119.17,117.62,117.62,100,117.48,100,117.42,400,,,,,,,,,,,,,,,119.17,100,119.19,100,,,,,,,,,,,,,,,,
2026-02-05 09:30:27,118.395,118.75,1,117.62,100,119.17,100,119.17,117.62,117.62,100,117.48,100,117.42,400,,,,,,,,,,,,,,,119.17,100,119.19,100,,,,,,,,,,,,,,,,
2026-02-05 09:30:28,118.395,118.75,1,117.62,100,119.17,100,119.17,117.62,117.62,100,117.48,100,117.42,400,,,,,,,,,,,,,,,119.17,100,119.19,100,,,,,,,,,,,,,,,,
2026-02-05 09:30:29,118.405,118.75,1,117.62,100,119.19,100,119.19,117.62,117.62,100,117.48,100,117.42,400,,,,,,,,,,,,,,,119.19,100,,,,,,,,,,,,,,,,,,
2026-02-05 09:30:30,118.405,118.75,1,117.62,100,119.19,100,119.19,117.62,117.62,100,117.48,100,117.42,400,,,,,,,,,,,,,,,119.19,100,,,,,,,,,,,,,,,,,,
2026-02-05 09:30:31,118.405,118.75,1,117.62,100,119.19,100,119.19,117.62,117.62,100,117.48,100,117.42,400,,,,,,,,,,,,,,,119.19,100,,,,,,,,,,,,,,,,,,
2026-02-05 09:30:32,118.405,118.75,1,117.62,100,119.19,100,119.19,117.62,117.62,100,117.48,100,117.42,400,,,,,,,,,,,,,,,119.19,100,,,,,,,,,,,,,,,,,,
2026-02-05 09:30:33,118.405,118.75,1,117.62,100,119.19,100,119.19,117.62,117.62,100,117.48,100,117.42,400,,,,,,,,,,,,,,,119.19,100,,,,,,,,,,,,,,,,,,
2026-02-05 09:30:34,118.405,118.75,1,117.62,100,119.19,100,119.19,117.62,117.62,100,117.48,100,117.42,400,,,,,,,,,,,,,,,119.19,100,,,,,,,,,,,,,,,,,,
2026-02-05 09:30:35,118.405,118.75,1,117.62,100,119.19,100,119.19,117.62,117.62,100,117.48,100,117.42,400,,,,,,,,,,,,,,,119.19,100,,,,,,,,,,,,,,,,,,
2026-02-05 09:30:36,118.405,118.75,1,117.62,100,119.19,100,119.19,117.62,117.62,100,117.48,100,117.42,400,,,,,,,,,,,,,,,119.19,100,,,,,,,,,,,,,,,,,,
2026-02-05 09:30:37,118.405,118.75,1,117.62,100,119.19,100,119.19,117.62,117.62,100,117.48,100,117.42,400,,,,,,,,,,,,,,,119.19,100,,,,,,,,,,,,,,,,,,
2026-02-05 09:30:38,118.52,118.75,1,117.85,500,119.19,100,119.19,117.85,117.85,500,117.62,100,117.48,100,117.42,400,,,,,,,,,,,,,119.19,100,,,,,,,,,,,,,,,,,,
2026-02-05 09:30:39,118.405,118.75,1,117.62,100,119.19,100,119.19,117.62,117.62,100,117.48,100,117.42,400,,,,,,,,,,,,,,,119.19,100,,,,,,,,,,,,,,,,,,
2026-02-05 09:30:40,118.405,118.75,1,117.62,100,119.19,100,119.19,117.62,117.62,100,117.48,100,117.42,400,,,,,,,,,,,,,,,119.19,100,,,,,,,,,,,,,,,,,,
2026-02-05 09:30:41,118.405,118.75,1,117.62,100,119.19,100,119.19,117.62,117.62,100,117.48,100,117.42,400,,,,,,,,,,,,,,,119.19,100,,,,,,,,,,,,,,,,,,
2026-02-05 09:30:41,118.405,118.75,1,117.62,100,119.19,100,119.19,117.62,117.62,100,117.48,100,117.42,400,,,,,,,,,,,,,,,119.19,100,,,,,,,,,,,,,,,,,,
2026-02-05 09:30:43,118.51,118.75,1,117.83,100,119.19,100,119.19,117.83,117.83,100,117.76,100,117.69,100,117.68,100,117.62,100,117.48,100,117.42,400,,,,,,,119.19,100,,,,,,,,,,,,,,,,,,
2026-02-05 09:30:44,118.51,118.75,1,117.83,100,119.19,100,119.19,117.83,117.83,100,117.76,100,117.69,100,117.68,100,117.62,100,117.48,100,117.42,400,,,,,,,119.19,100,,,,,,,,,,,,,,,,,,
2026-02-05 09:30:45,118.51,118.75,1,117.83,100,119.19,100,119.19,117.83,117.83,100,117.76,100,117.69,100,117.68,100,117.62,100,117.48,100,117.42,400,,,,,,,119.19,100,,,,,,,,,,,,,,,,,,
2026-02-05 09:30:46,118.51,118.75,1,117.83,100,119.19,100,119.19,117.83,117.83,100,117.76,100,117.69,100,117.68,100,117.62,100,117.48,100,117.42,400,,,,,,,119.19,100,,,,,,,,,,,,,,,,,,
2026-02-05 09:30:47,118.51,118.75,1,117.83,100,119.19,100,119.19,117.83,117.83,100,117.76,100,117.69,100,117.68,100,117.62,100,117.48,100,117.42,400,,,,,,,119.19,100,,,,,,,,,,,,,,,,,,
2026-02-05 09:30:48,118.51,118.75,1,117.83,100,119.19,100,119.19,117.83,117.83,100,117.76,100,117.69,100,117.68,100,117.62,100,117.48,100,117.42,400,,,,,,,119.19,100,,,,,,,,,,,,,,,,,,
2026-02-05 09:30:48,118.51,118.75,1,117.83,100,119.19,100,119.19,117.83,117.83,100,117.76,100,117.69,100,117.68,100,117.62,100,117.48,100,117.42,400,,,,,,,119.19,100,,,,,,,,,,,,,,,,,,
2026-02-05 09:30:50,118.51,118.75,1,117.83,100,119.19,100,119.19,117.83,117.83,100,117.76,100,117.69,100,117.68,100,117.62,100,117.48,100,117.42,400,,,,,,,119.19,100,,,,,,,,,,,,,,,,,,
2026-02-05 09:30:51,118.51,118.75,1,117.83,100,119.19,100,119.19,117.83,117.83,100,117.76,100,117.69,100,117.68,100,117.62,100,117.48,100,117.42,400,,,,,,,119.19,100,,,,,,,,,,,,,,,,,,
2026-02-05 09:30:52,118.51,118.75,1,117.83,100,119.19,100,119.19,117.83,117.83,100,117.76,100,117.69,100,117.68,100,117.62,100,117.48,100,117.42,400,,,,,,,119.19,100,,,,,,,,,,,,,,,,,,
2026-02-05 09:30:53,118.51,118.75,1,117.83,100,119.19,100,119.19,117.83,117.83,100,117.76,100,117.69,100,117.68,100,117.62,100,117.48,100,117.42,400,,,,,,,119.19,100,,,,,,,,,,,,,,,,,,
2026-02-05 09:30:54,118.51,118.75,1,117.83,100,119.19,100,119.19,117.83,117.83,100,117.76,100,117.69,100,117.68,100,117.62,100,117.48,100,117.42,400,,,,,,,119.19,100,,,,,,,,,,,,,,,,,,
2026-02-05 09:30:55,118.51,118.75,1,117.83,100,119.19,100,119.19,117.83,117.83,100,117.76,100,117.69,100,117.68,100,117.62,100,117.48,100,117.42,400,,,,,,,119.19,100,,,,,,,,,,,,,,,,,,
2026-02-05 09:30:56,118.51,118.75,1,117.83,100,119.19,100,119.19,117.83,117.83,100,117.76,100,117.69,100,117.68,100,117.62,100,117.48,100,117.42,400,,,,,,,119.19,100,,,,,,,,,,,,,,,,,,
2026-02-05 09:30:57,118.51,118.75,1,117.83,100,119.19,100,119.19,117.83,117.83,100,117.76,100,117.69,100,117.68,100,117.62,100,117.48,100,117.42,400,,,,,,,119.19,100,,,,,,,,,,,,,,,,,,
2026-02-05 09:30:58,118.51,118.75,1,117.83,100,119.19,100,119.19,117.83,117.83,100,117.76,100,117.69,100,117.68,100,117.62,100,117.48,100,117.42,400,,,,,,,119.19,100,,,,,,,,,,,,,,,,,,
2026-02-05 09:30:59,118.675,118.75,1,118.16,400,119.19,100,119.19,118.16,118.16,400,118.02,100,117.91,200,117.83,100,117.76,100,117.69,100,117.68,100,117.62,100,117.48,100,117.42,400,119.19,100,,,,,,,,,,,,,,,,,,
2026-02-05 09:31:00,118.575,118.75,1,118.02,100,119.13,200,119.13,118.02,118.02,100,117.91,200,117.83,100,117.76,100,117.69,100,117.68,100,117.62,100,117.48,100,117.42,400,,,119.13,200,119.19,100,,,,,,,,,,,,,,,,
2026-02-05 09:31:01,118.575,118.99,1,118.02,100,119.13,200,119.13,118.02,118.02,100,117.91,200,117.83,100,117.76,100,117.69,100,117.68,100,117.62,100,117.48,100,117.42,400,,,119.13,200,119.19,100,,,,,,,,,,,,,,,,
2026-02-05 09:31:02,118.78,118.97,1,118.43,500,119.13,200,119.13,118.43,118.43,500,118.02,100,117.91,200,117.83,100,117.76,100,117.69,100,117.68,100,117.62,100,117.48,100,117.42,400,119.13,200,119.19,100,,,,,,,,,,,,,,,,
2026-02-05 09:31:03,118.78,118.97,1,118.43,500,119.13,200,119.13,118.43,118.43,500,118.02,100,117.91,200,117.83,100,117.76,100,117.69,100,117.68,100,117.62,100,117.48,100,117.42,400,119.13,200,119.19,100,,,,,,,,,,,,,,,,
2026-02-05 09:31:04,118.81,118.97,1,118.43,700,119.19,100,119.19,118.43,118.43,700,118.02,100,117.91,200,117.83,100,117.76,100,117.69,100,117.68,100,117.62,100,117.48,100,117.42,400,119.19,100,,,,,,,,,,,,,,,,,,
2026-02-05 09:31:05,118.81,118.97,1,118.43,700,119.19,100,119.19,118.43,118.43,700,118.02,100,117.91,200,117.83,100,117.76,100,117.69,100,117.68,100,117.62,100,117.48,100,117.42,400,119.19,100,,,,,,,,,,,,,,,,,,
2026-02-05 09:31:06,118.88,118.97,1,118.57,400,119.19,300,119.19,118.57,118.57,400,118.43,200,118.02,100,117.91,200,117.83,100,117.76,100,117.69,100,117.68,100,117.62,100,117.48,100,119.19,300,,,,,,,,,,,,,,,,,,
2026-02-05 09:31:07,118.88,118.97,1,118.57,400,119.19,300,119.19,118.57,118.57,400,118.43,200,118.02,100,117.91,200,117.83,100,117.76,100,117.69,100,117.68,100,117.62,100,117.48,100,119.19,300,,,,,,,,,,,,,,,,,,
2026-02-05 09:31:08,118.88,118.97,1,118.57,400,119.19,300,119.19,118.57,118.57,400,118.43,200,118.02,100,117.91,200,117.83,100,117.76,100,117.69,100,117.68,100,117.62,100,117.48,100,119.19,300,,,,,,,,,,,,,,,,,,
2026-02-05 09:31:09,118.88,118.97,1,118.57,400,119.19,300,119.19,118.57,118.57,400,118.43,200,118.02,100,117.91,200,117.83,100,117.76,100,117.69,100,117.68,100,117.62,100,117.48,100,119.19,300,,,,,,,,,,,,,,,,,,
2026-02-05 09:31:10,118.88,118.97,1,118.57,400,119.19,300,119.19,118.57,118.57,400,118.43,200,118.02,100,117.91,200,117.83,100,117.76,100,117.69,100,117.68,100,117.62,100,117.48,100,119.19,300,,,,,,,,,,,,,,,,,,
2026-02-05 09:31:11,119.08,119.19,1,118.57,400,119.59,400,119.59,118.57,118.57,400,118.43,200,118.02,100,117.91,200,117.83,100,117.76,100,117.69,100,117.68,100,117.62,100,117.48,100,119.59,400,119.6,400,,,,,,,,,,,,,,,,
2026-02-05 09:31:12,119.08,119.19,1,118.57,400,119.59,400,119.59,118.57,118.57,400,118.43,200,118.02,100,117.91,200,117.83,100,117.76,100,117.69,100,117.68,100,117.62,100,117.48,100,119.59,400,119.6,400,,,,,,,,,,,,,,,,
2026-02-05 09:31:13,119.08,119.19,1,118.57,400,119.59,400,119.59,118.57,118.57,400,118.43,200,118.02,100,117.91,200,117.83,100,117.76,100,117.69,100,117.68,100,117.62,100,117.48,100,119.59,400,119.6,400,,,,,,,,,,,,,,,,
2026-02-05 09:31:14,119.08,119.19,1,118.57,400,119.59,400,119.59,118.57,118.57,400,118.43,200,118.02,100,117.91,200,117.83,100,117.76,100,117.69,100,117.68,100,117.62,100,117.48,100,119.59,400,119.6,400,,,,,,,,,,,,,,,,
2026-02-05 09:31:15,119.115,119.44,1,118.57,400,119.66,400,119.66,118.57,118.57,400,118.43,200,118.02,100,117.91,200,117.83,100,117.76,100,117.69,100,117.68,100,117.62,100,117.48,100,119.66,400,119.9,100,,,,,,,,,,,,,,,,
2026-02-05 09:31:16,119.075,119.44,1,118.57,400,119.58,500,119.58,118.57,118.57,400,118.43,200,118.02,100,117.91,200,117.83,100,117.76,100,117.69,100,117.68,100,117.62,100,117.48,100,119.58,500,119.9,100,,,,,,,,,,,,,,,,
2026-02-05 09:31:17,119.075,119.44,1,118.57,400,119.58,500,119.58,118.57,118.57,400,118.43,200,118.02,100,117.91,200,117.83,100,117.76,100,117.69,100,117.68,100,117.62,100,117.48,100,119.58,500,119.9,100,,,,,,,,,,,,,,,,
2026-02-05 09:31:18,119.075,119.44,1,118.57,400,119.58,500,119.58,118.57,118.57,400,118.43,200,118.02,100,117.91,200,117.83,100,117.76,100,117.69,100,117.68,100,117.62,100,117.48,100,119.58,500,119.9,100,,,,,,,,,,,,,,,,
2026-02-05 09:31:19,119.075,119.44,1,118.57,400,119.58,500,119.58,118.57,118.57,400,118.43,200,118.02,100,117.91,200,117.83,100,117.76,100,117.69,100,117.68,100,117.62,100,117.48,100,119.58,500,119.9,100,,,,,,,,,,,,,,,,
2026-02-05 09:31:20,119.075,119.44,1,118.57,400,119.58,500,119.58,118.57,118.57,400,118.43,200,118.02,100,117.91,200,117.83,100,117.76,100,117.69,100,117.68,100,117.62,100,117.48,100,119.58,500,119.9,100,,,,,,,,,,,,,,,,
2026-02-05 09:31:21,119.075,119.44,1,118.57,400,119.58,500,119.58,118.57,118.57,400,118.43,200,118.02,100,117.91,200,117.83,100,117.76,100,117.69,100,117.68,100,117.62,100,117.48,100,119.58,500,119.9,100,,,,,,,,,,,,,,,,
2026-02-05 09:31:22,119.075,119.44,1,118.57,400,119.58,500,119.58,118.57,118.57,400,118.43,200,118.02,100,117.91,200,117.83,100,117.76,100,117.69,100,117.68,100,117.62,100,117.48,100,119.58,500,119.9,100,,,,,,,,,,,,,,,,
2026-02-05 09:31:23,119.075,119.44,1,118.57,400,119.58,500,119.58,118.57,118.57,400,118.43,200,118.02,100,117.91,200,117.83,100,117.76,100,117.69,100,117.68,100,117.62,100,117.48,100,119.58,500,119.9,100,,,,,,,,,,,,,,,,
2026-02-05 09:31:24,119.075,119.44,1,118.57,400,119.58,500,119.58,118.57,118.57,400,118.43,200,118.02,100,117.91,200,117.83,100,117.76,100,117.69,100,117.68,100,117.62,100,117.48,100,119.58,500,119.9,100,,,,,,,,,,,,,,,,
2026-02-05 09:31:25,119.075,119.08,1,118.57,400,119.58,500,119.58,118.57,118.57,400,118.43,200,118.02,100,117.91,200,117.83,100,117.76,100,117.69,100,117.68,100,117.62,100,117.48,100,119.58,500,119.9,100,,,,,,,,,,,,,,,,
2026-02-05 09:31:26,119.075,119.08,1,118.57,400,119.58,500,119.58,118.57,118.57,400,118.43,200,118.02,100,117.91,200,117.83,100,117.76,100,117.69,100,117.68,100,117.62,100,117.48,100,119.58,500,119.9,100,,,,,,,,,,,,,,,,
2026-02-05 09:31:27,119.075,119.08,1,118.57,400,119.58,500,119.58,118.57,118.57,400,118.43,200,118.02,100,117.91,200,117.83,100,117.76,100,117.69,100,117.68,100,117.62,100,117.48,100,119.58,500,119.9,100,,,,,,,,,,,,,,,,
2026-02-05 09:31:28,119.075,119.08,1,118.57,400,119.58,500,119.58,118.57,118.57,400,118.43,200,118.02,100,117.91,200,117.83,100,117.76,100,117.69,100,117.68,100,117.62,100,117.48,100,119.58,500,119.9,100,,,,,,,,,,,,,,,,
2026-02-05 09:31:29,119.075,119.08,1,118.57,400,119.58,500,119.58,118.57,118.57,400,118.43,200,118.02,100,117.91,200,117.83,100,117.76,100,117.69,100,117.68,100,117.62,100,117.48,100,119.58,500,119.9,100,,,,,,,,,,,,,,,,
2026-02-05 09:31:30,119.075,119.08,1,118.57,400,119.58,500,119.58,118.57,118.57,400,118.43,200,118.02,100,117.91,200,117.83,100,117.76,100,117.69,100,117.68,100,117.62,100,117.48,100,119.58,500,119.9,100,,,,,,,,,,,,,,,,
2026-02-05 09:31:31,119.075,119.08,1,118.57,400,119.58,500,119.58,118.57,118.57,400,118.43,200,118.02,100,117.91,200,117.83,100,117.76,100,117.69,100,117.68,100,117.62,100,117.48,100,119.58,500,119.9,100,,,,,,,,,,,,,,,,
2026-02-05 09:31:32,119.075,119.08,1,118.57,400,119.58,500,119.58,118.57,118.57,400,118.43,200,118.02,100,117.91,200,117.83,100,117.76,100,117.69,100,117.68,100,117.62,100,117.48,100,119.58,500,119.9,100,,,,,,,,,,,,,,,,
2026-02-05 09:31:33,119.17,119.08,1,118.76,500,119.58,500,119.58,118.76,118.76,500,118.25,100,118.02,100,117.91,200,117.83,100,117.76,100,117.69,100,117.68,100,117.62,100,117.48,100,119.58,500,119.9,100,,,,,,,,,,,,,,,,
2026-02-05 09:31:34,119.08,119.08,1,118.58,500,119.58,500,119.58,118.58,118.58,500,118.18,100,118.02,100,117.91,200,117.83,100,117.76,100,117.69,100,117.68,100,117.62,100,117.48,100,119.58,500,119.9,100,,,,,,,,,,,,,,,,
2026-02-05 09:31:35,119.08,119.08,1,118.58,500,119.58,500,119.58,118.58,118.58,500,118.18,100,118.02,100,117.91,200,117.83,100,117.76,100,117.69,100,117.68,100,117.62,100,117.48,100,119.58,500,119.9,100,,,,,,,,,,,,,,,,
2026-02-05 09:31:36,119.08,119.25,2,118.58,500,119.58,500,119.58,118.58,118.58,500,118.18,100,118.02,100,117.91,200,117.83,100,117.76,100,117.69,100,117.68,100,117.62,100,117.48,100,119.58,500,119.9,100,,,,,,,,,,,,,,,,
2026-02-05 09:31:37,119.08,119.25,2,118.58,500,119.58,500,119.58,118.58,118.58,500,118.18,100,118.02,100,117.91,200,117.83,100,117.76,100,117.69,100,117.68,100,117.62,100,117.48,100,119.58,500,119.9,100,,,,,,,,,,,,,,,,
2026-02-05 09:31:38,119.08,119.25,2,118.58,500,119.58,500,119.58,118.58,118.58,500,118.18,100,118.02,100,117.91,200,117.83,100,117.76,100,117.69,100,117.68,100,117.62,100,117.48,100,119.58,500,119.9,100,,,,,,,,,,,,,,,,
2026-02-05 09:31:39,119.08,119.25,2,118.58,500,119.58,500,119.58,118.58,118.58,500,118.18,100,118.02,100,117.91,200,117.83,100,117.76,100,117.69,100,117.68,100,117.62,100,117.48,100,119.58,500,119.9,100,,,,,,,,,,,,,,,,
2026-02-05 09:31:40,119.08,119.25,2,118.58,500,119.58,500,119.58,118.58,118.58,500,118.18,100,118.02,100,117.91,200,117.83,100,117.76,100,117.69,100,117.68,100,117.62,100,117.48,100,119.58,500,119.9,100,,,,,,,,,,,,,,,,
2026-02-05 09:31:41,119.08,119.25,2,118.58,500,119.58,500,119.58,118.58,118.58,500,118.18,100,118.02,100,117.91,200,117.83,100,117.76,100,117.69,100,117.68,100,117.62,100,117.48,100,119.58,500,119.9,100,,,,,,,,,,,,,,,,
2026-02-05 09:31:42,119.08,119.25,1,118.58,500,119.58,500,119.58,118.58,118.58,500,118.18,100,118.02,100,117.91,200,117.83,100,117.76,100,117.69,100,117.68,100,117.62,100,117.48,100,119.58,500,119.9,100,,,,,,,,,,,,,,,,
2026-02-05 09:31:43,119.08,119.25,1,118.58,500,119.58,500,119.58,118.58,118.58,500,118.18,100,118.02,100,117.91,200,117.83,100,117.76,100,117.69,100,117.68,100,117.62,100,117.48,100,119.58,500,119.9,100,,,,,,,,,,,,,,,,
2026-02-05 09:31:44,119.105,119.25,1,118.57,400,119.64,400,119.64,118.57,118.57,400,118.5,100,118.18,100,118.02,100,117.91,200,117.83,100,117.76,100,117.69,100,117.68,100,117.62,100,119.64,400,119.9,100,,,,,,,,,,,,,,,,
2026-02-05 09:31:45,119.105,119.25,1,118.57,400,119.64,400,119.64,118.57,118.57,400,118.5,100,118.18,100,118.02,100,117.91,200,117.83,100,117.76,100,117.69,100,117.68,100,117.62,100,119.64,400,119.9,100,,,,,,,,,,,,,,,,
2026-02-05 09:31:46,119.32,119.25,1,119.0,100,119.64,400,119.64,119.0,119.0,100,118.57,400,118.5,100,118.18,100,118.02,100,117.91,200,117.83,100,117.76,100,117.69,100,117.68,100,119.64,400,119.9,100,,,,,,,,,,,,,,,,
2026-02-05 09:31:47,119.32,119.25,1,119.0,100,119.64,400,119.64,119.0,119.0,100,118.57,400,118.5,100,118.18,100,118.02,100,117.91,200,117.83,100,117.76,100,117.69,100,117.68,100,119.64,400,119.9,100,,,,,,,,,,,,,,,,
2026-02-05 09:31:48,119.32,119.25,1,119.0,100,119.64,400,119.64,119.0,119.0,100,118.57,400,118.5,100,118.18,100,118.02,100,117.91,200,117.83,100,117.76,100,117.69,100,117.68,100,119.64,400,119.9,100,,,,,,,,,,,,,,,,
2026-02-05 09:31:49,119.32,119.25,1,119.0,100,119.64,400,119.64,119.0,119.0,100,118.57,400,118.5,100,118.18,100,118.02,100,117.91,200,117.83,100,117.76,100,117.69,100,117.68,100,119.64,400,119.9,100,,,,,,,,,,,,,,,,
2026-02-05 09:31:50,119.405,119.25,1,119.0,100,119.81,400,119.81,119.0,119.0,100,118.57,400,118.5,100,118.18,100,118.02,100,117.91,200,117.83,100,117.76,100,117.69,100,117.68,100,119.81,400,119.9,100,,,,,,,,,,,,,,,,
2026-02-05 09:31:51,119.405,119.05,1,119.0,100,119.81,400,119.81,119.0,119.0,100,118.57,400,118.5,100,118.18,100,118.02,100,117.91,200,117.83,100,117.76,100,117.69,100,117.68,100,119.81,400,119.9,100,,,,,,,,,,,,,,,,
2026-02-05 09:31:52,119.405,119.05,1,119.0,100,119.81,400,119.81,119.0,119.0,100,118.57,400,118.5,100,118.18,100,118.02,100,117.91,200,117.83,100,117.76,100,117.69,100,117.68,100,119.81,400,119.9,100,,,,,,,,,,,,,,,,
2026-02-05 09:31:53,119.405,119.05,1,119.0,100,119.81,400,119.81,119.0,119.0,100,118.57,400,118.5,100,118.18,100,118.02,100,117.91,200,117.83,100,117.76,100,117.69,100,117.68,100,119.81,400,119.9,100,,,,,,,,,,,,,,,,
2026-02-05 09:31:54,119.405,119.05,1,119.0,100,119.81,400,119.81,119.0,119.0,100,118.57,400,118.5,100,118.18,100,118.02,100,117.91,200,117.83,100,117.76,100,117.69,100,117.68,100,119.81,400,119.9,100,,,,,,,,,,,,,,,,
2026-02-05 09:31:55,119.405,119.05,1,119.0,100,119.81,400,119.81,119.0,119.0,100,118.57,400,118.5,100,118.18,100,118.02,100,117.91,200,117.83,100,117.76,100,117.69,100,117.68,100,119.81,400,119.9,100,,,,,,,,,,,,,,,,
2026-02-05 09:31:56,119.405,119.05,1,119.0,100,119.81,400,119.81,119.0,119.0,100,118.57,400,118.5,100,118.18,100,118.02,100,117.91,200,117.83,100,117.76,100,117.69,100,117.68,100,119.81,400,119.9,100,,,,,,,,,,,,,,,,
2026-02-05 09:31:57,119.405,119.05,1,119.0,100,119.81,400,119.81,119.0,119.0,100,118.57,400,118.5,100,118.18,100,118.02,100,117.91,200,117.83,100,117.76,100,117.69,100,117.68,100,119.81,400,119.9,100,,,,,,,,,,,,,,,,
2026-02-05 09:31:58,119.405,119.05,1,119.0,100,119.81,400,119.81,119.0,119.0,100,118.57,400,118.5,100,118.18,100,118.02,100,117.91,200,117.83,100,117.76,100,117.69,100,117.68,100,119.81,400,119.9,100,,,,,,,,,,,,,,,,
2026-02-05 09:31:59,119.405,119.05,1,119.0,100,119.81,400,119.81,119.0,119.0,100,118.57,400,118.5,100,118.18,100,118.02,100,117.91,200,117.83,100,117.76,100,117.69,100,117.68,100,119.81,400,119.9,100,,,,,,,,,,,,,,,,
2026-02-05 09:32:00,119.3,119.38,1,119.0,100,119.6,100,119.6,119.0,119.0,100,118.57,400,118.5,100,118.18,100,118.02,100,117.91,200,117.83,100,117.76,100,117.69,100,117.68,100,119.6,100,119.81,400,119.9,100,,,,,,,,,,,,,,
2026-02-05 09:32:01,119.3,119.38,1,119.0,100,119.6,100,119.6,119.0,119.0,100,118.57,400,118.5,100,118.18,100,118.02,100,117.91,200,117.83,100,117.76,100,117.69,100,117.68,100,119.6,100,119.81,400,119.9,100,,,,,,,,,,,,,,
2026-02-05 09:32:02,119.3,119.38,1,119.0,100,119.6,100,119.6,119.0,119.0,100,118.57,400,118.5,100,118.18,100,118.02,100,117.91,200,117.83,100,117.76,100,117.69,100,117.68,100,119.6,100,119.81,400,119.9,100,,,,,,,,,,,,,,
2026-02-05 09:32:03,119.3,119.45,1,119.0,100,119.6,100,119.6,119.0,119.0,100,118.57,400,118.5,100,118.18,100,118.02,100,117.91,200,117.83,100,117.76,100,117.69,100,117.68,100,119.6,100,119.81,400,119.9,100,,,,,,,,,,,,,,
2026-02-05 09:32:04,119.3,119.45,1,119.0,100,119.6,100,119.6,119.0,119.0,100,118.57,400,118.5,100,118.18,100,118.02,100,117.91,200,117.83,100,117.76,100,117.69,100,117.68,100,119.6,100,119.81,400,119.9,100,,,,,,,,,,,,,,
2026-02-05 09:32:05,119.3,119.45,1,119.0,100,119.6,100,119.6,119.0,119.0,100,118.57,400,118.5,100,118.18,100,118.02,100,117.91,200,117.83,100,117.76,100,117.69,100,117.68,100,119.6,100,119.81,400,119.9,100,,,,,,,,,,,,,,
2026-02-05 09:32:06,119.3,119.45,1,119.0,100,119.6,100,119.6,119.0,119.0,100,118.57,400,118.5,100,118.18,100,118.02,100,117.91,200,117.83,100,117.76,100,117.69,100,117.68,100,119.6,100,119.81,400,119.9,100,,,,,,,,,,,,,,
2026-02-05 09:32:07,119.3,119.44,2,119.0,100,119.6,100,119.6,119.0,119.0,100,118.57,400,118.5,100,118.18,100,118.02,100,117.91,200,117.83,100,117.76,100,117.69,100,117.68,100,119.6,100,119.81,400,119.9,100,,,,,,,,,,,,,,
2026-02-05 09:32:08,119.3,119.44,2,119.0,300,119.6,100,119.6,119.0,119.0,300,118.57,400,118.5,100,118.18,100,118.02,100,117.91,200,117.83,100,117.76,100,117.69,100,117.68,100,119.6,100,119.81,400,119.9,100,,,,,,,,,,,,,,
2026-02-05 09:32:09,119.3,119.44,2,119.0,300,119.6,100,119.6,119.0,119.0,300,118.57,400,118.5,100,118.18,100,118.02,100,117.91,200,117.83,100,117.76,100,117.69,100,117.68,100,119.6,100,119.81,400,119.9,100,,,,,,,,,,,,,,
2026-02-05 09:32:10,119.3,119.44,2,119.0,300,119.6,100,119.6,119.0,119.0,300,118.57,400,118.5,100,118.18,100,118.02,100,117.91,200,117.83,100,117.76,100,117.69,100,117.68,100,119.6,100,119.81,400,119.9,100,,,,,,,,,,,,,,
2026-02-05 09:32:11,119.3,119.41,3,119.0,300,119.6,100,119.6,119.0,119.0,300,118.57,400,118.5,100,118.18,100,118.02,100,117.91,200,117.83,100,117.76,100,117.69,100,117.68,100,119.6,100,119.81,400,119.9,100,,,,,,,,,,,,,,
2026-02-05 09:32:12,119.3,119.45,1,119.0,300,119.6,100,119.6,119.0,119.0,300,118.57,400,118.5,100,118.18,100,118.02,100,117.91,200,117.83,100,117.76,100,117.69,100,117.68,100,119.6,100,119.81,400,119.9,100,,,,,,,,,,,,,,
2026-02-05 09:32:13,119.3,119.45,1,119.0,100,119.6,100,119.6,119.0,119.0,100,118.57,400,118.5,100,118.18,100,118.02,100,117.91,200,117.83,100,117.76,100,117.69,100,117.68,100,119.6,100,119.81,400,119.9,100,,,,,,,,,,,,,,
2026-02-05 09:32:14,119.3,119.45,1,119.0,100,119.6,100,119.6,119.0,119.0,100,118.57,400,118.5,100,118.18,100,118.02,100,117.91,200,117.83,100,117.76,100,117.69,100,117.68,100,119.6,100,119.81,400,119.9,100,,,,,,,,,,,,,,
2026-02-05 09:32:15,119.3,119.45,1,119.0,100,119.6,100,119.6,119.0,119.0,100,118.57,400,118.5,100,118.18,100,118.02,100,117.91,200,117.83,100,117.76,100,117.69,100,117.68,100,119.6,100,119.81,400,119.9,100,,,,,,,,,,,,,,
2026-02-05 09:32:16,119.3,119.45,1,119.0,100,119.6,100,119.6,119.0,119.0,100,118.57,400,118.5,100,118.18,100,118.02,100,117.91,200,117.83,100,117.76,100,117.69,100,117.68,100,119.6,100,119.81,400,119.9,100,,,,,,,,,,,,,,
2026-02-05 09:32:17,119.3,119.45,1,119.0,100,119.6,100,119.6,119.0,119.0,100,118.57,400,118.5,100,118.18,100,118.02,100,117.91,200,117.83,100,117.76,100,117.69,100,117.68,100,119.6,100,119.81,400,119.9,100,,,,,,,,,,,,,,
2026-02-05 09:32:18,119.3,119.3,1,119.0,100,119.6,100,119.6,119.0,119.0,100,118.57,400,118.5,100,118.18,100,118.02,100,117.91,200,117.83,100,117.76,100,117.69,100,117.68,100,119.6,100,119.81,400,119.9,100,,,,,,,,,,,,,,
2026-02-05 09:32:19,119.45,119.3,1,119.3,4200,119.6,100,119.6,119.3,119.3,4200,119.0,100,118.57,400,118.5,100,118.18,100,118.02,100,117.91,200,117.83,100,117.76,100,117.69,100,119.6,100,119.81,400,119.9,100,,,,,,,,,,,,,,
2026-02-05 09:32:20,119.45,119.3,1,119.3,4200,119.6,100,119.6,119.3,119.3,4200,119.0,100,118.57,400,118.5,100,118.18,100,118.02,100,117.91,200,117.83,100,117.76,100,117.69,100,119.6,100,119.81,400,119.9,100,,,,,,,,,,,,,,
2026-02-05 09:32:21,119.3,119.3,1,119.0,100,119.6,100,119.6,119.0,119.0,100,118.57,400,118.5,100,118.18,100,118.02,100,117.91,200,117.83,100,117.76,100,117.69,100,117.68,100,119.6,100,119.81,400,119.9,100,,,,,,,,,,,,,,
2026-02-05 09:32:22,119.3,119.3,1,119.0,100,119.6,100,119.6,119.0,119.0,100,118.57,400,118.5,100,118.18,100,118.02,100,117.91,200,117.83,100,117.76,100,117.69,100,117.68,100,119.6,100,119.81,400,119.9,100,,,,,,,,,,,,,,
2026-02-05 09:32:23,119.3,119.3,1,119.0,100,119.6,100,119.6,119.0,119.0,100,118.57,400,118.5,100,118.18,100,118.02,100,117.91,200,117.83,100,117.76,100,117.69,100,117.68,100,119.6,100,119.81,400,119.9,100,,,,,,,,,,,,,,
2026-02-05 09:32:24,119.3,119.3,1,119.0,100,119.6,100,119.6,119.0,119.0,100,118.57,400,118.5,100,118.18,100,118.02,100,117.91,200,117.83,100,117.76,100,117.69,100,117.68,100,119.6,100,119.81,400,119.9,100,,,,,,,,,,,,,,
2026-02-05 09:32:25,119.3,119.3,1,119.0,100,119.6,100,119.6,119.0,119.0,100,118.57,400,118.5,100,118.18,100,118.02,100,117.91,200,117.83,100,117.76,100,117.69,100,117.68,100,119.6,100,119.81,400,119.9,100,,,,,,,,,,,,,,
2026-02-05 09:32:26,119.3,119.3,1,119.0,100,119.6,100,119.6,119.0,119.0,100,118.57,400,118.5,100,118.18,100,118.02,100,117.91,200,117.83,100,117.76,100,117.69,100,117.68,100,119.6,100,119.81,400,119.9,100,,,,,,,,,,,,,,
2026-02-05 09:32:27,119.3,119.3,1,119.0,100,119.6,100,119.6,119.0,119.0,100,118.57,400,118.5,100,118.18,100,118.02,100,117.91,200,117.83,100,117.76,100,117.69,100,117.68,100,119.6,100,119.81,400,119.9,100,,,,,,,,,,,,,,
2026-02-05 09:32:28,119.3,119.3,1,119.0,100,119.6,100,119.6,119.0,119.0,100,118.57,400,118.5,100,118.18,100,118.02,100,117.91,200,117.83,100,117.76,100,117.69,100,117.68,100,119.6,100,119.81,400,119.9,100,,,,,,,,,,,,,,
2026-02-05 09:32:29,119.3,119.3,1,119.0,100,119.6,100,119.6,119.0,119.0,100,118.57,400,118.5,100,118.18,100,118.02,100,117.91,200,117.83,100,117.76,100,117.69,100,117.68,100,119.6,100,119.81,400,119.9,100,,,,,,,,,,,,,,
2026-02-05 09:32:30,119.3,119.3,1,119.0,100,119.6,100,119.6,119.0,119.0,100,118.57,400,118.5,100,118.18,100,118.02,100,117.91,200,117.83,100,117.76,100,117.69,100,117.68,100,119.6,100,119.81,400,119.9,100,,,,,,,,,,,,,,
2026-02-05 09:32:31,119.34,119.3,1,119.08,100,119.6,100,119.6,119.08,119.08,100,119.0,100,118.57,400,118.5,100,118.18,100,118.02,100,117.91,200,117.83,100,117.76,100,117.69,100,119.6,100,119.81,400,119.9,100,,,,,,,,,,,,,,
2026-02-05 09:32:32,119.34,119.3,1,119.08,100,119.6,100,119.6,119.08,119.08,100,119.0,100,118.57,400,118.5,100,118.18,100,118.02,100,117.91,200,117.83,100,117.76,100,117.69,100,119.6,100,119.81,400,119.9,100,,,,,,,,,,,,,,
2026-02-05 09:32:33,119.34,119.3,1,119.08,200,119.6,100,119.6,119.08,119.08,200,119.0,100,118.57,400,118.5,100,118.18,100,118.02,100,117.91,200,117.83,100,117.76,100,117.69,100,119.6,100,119.81,400,119.9,100,,,,,,,,,,,,,,
2026-02-05 09:32:34,119.46,119.3,1,119.32,200,119.6,100,119.6,119.32,119.32,200,119.08,200,119.0,100,118.57,400,118.5,100,118.18,100,118.02,100,117.91,200,117.83,100,117.76,100,119.6,100,119.81,400,119.9,100,,,,,,,,,,,,,,
2026-02-05 09:32:35,119.46,119.3,1,119.32,200,119.6,100,119.6,119.32,119.32,200,119.08,200,119.0,100,118.57,400,118.5,100,118.18,100,118.02,100,117.91,200,117.83,100,117.76,100,119.6,100,119.81,400,119.9,100,,,,,,,,,,,,,,
2026-02-05 09:32:36,119.37,119.3,1,119.14,100,119.6,100,119.6,119.14,119.14,100,119.08,200,119.0,100,118.57,400,118.5,100,118.18,100,118.02,100,117.91,200,117.83,100,117.76,100,119.6,100,119.81,400,119.9,100,,,,,,,,,,,,,,
2026-02-05 09:32:37,119.37,119.3,1,119.14,100,119.6,100,119.6,119.14,119.14,100,119.08,200,119.0,100,118.57,400,118.5,100,118.18,100,118.02,100,117.91,200,117.83,100,117.76,100,119.6,100,119.81,400,119.9,100,,,,,,,,,,,,,,
2026-02-05 09:32:38,119.37,119.3,1,119.14,100,119.6,100,119.6,119.14,119.14,100,119.08,200,119.0,100,118.57,400,118.5,100,118.18,100,118.02,100,117.91,200,117.83,100,117.76,100,119.6,100,119.81,400,119.9,100,,,,,,,,,,,,,,
2026-02-05 09:32:39,119.37,119.3,1,119.14,100,119.6,100,119.6,119.14,119.14,100,119.08,200,119.0,100,118.57,400,118.5,100,118.18,100,118.02,100,117.91,200,117.83,100,117.76,100,119.6,100,119.81,400,119.9,100,,,,,,,,,,,,,,
2026-02-05 09:32:40,119.37,119.3,1,119.14,100,119.6,100,119.6,119.14,119.14,100,119.08,200,119.0,100,118.57,400,118.5,100,118.18,100,118.02,100,117.91,200,117.83,100,117.76,100,119.6,100,119.81,400,119.9,100,,,,,,,,,,,,,,
2026-02-05 09:32:41,119.37,119.3,1,119.14,100,119.6,100,119.6,119.14,119.14,100,119.08,200,119.0,100,118.57,400,118.5,100,118.18,100,118.02,100,117.91,200,117.83,100,117.76,100,119.6,100,119.81,400,119.9,100,,,,,,,,,,,,,,
2026-02-05 09:32:42,119.37,119.3,1,119.14,100,119.6,100,119.6,119.14,119.14,100,119.08,200,119.0,100,118.57,400,118.5,100,118.18,100,118.02,100,117.91,200,117.83,100,117.76,100,119.6,100,119.81,400,119.9,100,,,,,,,,,,,,,,
2026-02-05 09:32:43,119.37,119.3,1,119.14,100,119.6,100,119.6,119.14,119.14,100,119.08,200,119.0,100,118.57,400,118.5,100,118.18,100,118.02,100,117.91,200,117.83,100,117.76,100,119.6,100,119.81,400,119.9,100,,,,,,,,,,,,,,
2026-02-05 09:32:44,119.485,119.3,1,119.37,100,119.6,100,119.6,119.37,119.37,100,119.14,100,119.08,200,119.0,100,118.57,400,118.5,100,118.18,100,118.02,100,117.91,200,117.83,100,119.6,100,119.81,400,119.9,100,,,,,,,,,,,,,,
2026-02-05 09:32:45,119.37,119.3,1,119.14,100,119.6,100,119.6,119.14,119.14,100,119.08,200,119.0,100,118.57,400,118.5,100,118.18,100,118.02,100,117.91,200,117.83,100,117.76,100,119.6,100,119.81,400,119.9,100,,,,,,,,,,,,,,
2026-02-05 09:32:46,119.37,119.3,1,119.14,100,119.6,100,119.6,119.14,119.14,100,119.08,200,119.0,100,118.57,400,118.5,100,118.18,100,118.02,100,117.91,200,117.83,100,117.76,100,119.6,100,119.81,400,119.9,100,,,,,,,,,,,,,,
2026-02-05 09:32:47,119.37,119.3,1,119.14,100,119.6,100,119.6,119.14,119.14,100,119.08,200,119.0,100,118.57,400,118.5,100,118.18,100,118.02,100,117.91,200,117.83,100,117.76,100,119.6,100,119.81,400,119.9,100,,,,,,,,,,,,,,
2026-02-05 09:32:48,119.37,119.3,1,119.14,100,119.6,100,119.6,119.14,119.14,100,119.08,200,119.0,100,118.57,400,118.5,100,118.18,100,118.02,100,117.91,200,117.83,100,117.76,100,119.6,100,119.81,400,119.9,100,,,,,,,,,,,,,,
2026-02-05 09:32:49,119.285,119.27,1,119.14,600,119.43,300,119.43,119.14,119.14,600,119.08,200,119.0,100,118.57,400,118.5,100,118.18,100,118.02,100,117.91,200,117.83,100,117.76,100,119.43,300,119.44,300,119.49,300,119.58,300,119.59,100,119.6,600,119.64,100,119.8,600,119.81,400,119.9,100
2026-02-05 09:32:50,118.925,118.93,2,118.69,700,119.16,600,119.16,118.69,118.69,700,118.67,100,118.57,400,118.5,100,118.18,100,118.02,100,117.91,200,117.83,100,117.76,100,117.69,100,119.16,600,119.17,200,119.31,200,119.36,100,119.43,200,119.44,300,119.49,300,119.58,300,119.59,100,119.6,600
2026-02-05 09:32:51,118.96,118.97,1,118.76,800,119.16,600,119.16,118.76,118.76,800,118.69,300,118.67,100,118.57,400,118.5,100,118.18,100,118.02,100,117.91,200,117.83,100,117.76,100,119.16,600,119.17,200,119.31,200,119.36,100,119.43,200,119.44,300,119.49,300,119.58,300,119.59,100,119.6,600
2026-02-05 09:32:52,118.96,118.96,1,118.76,800,119.16,900,119.16,118.76,118.76,800,118.69,300,118.67,100,118.57,400,118.5,100,118.18,100,118.02,100,117.91,200,117.83,100,117.76,100,119.16,900,119.17,200,119.31,200,119.36,100,119.43,200,119.44,300,119.49,300,119.58,300,119.59,100,119.6,600
2026-02-05 09:32:53,118.96,118.96,1,118.76,800,119.16,1000,119.16,118.76,118.76,800,118.69,300,118.67,100,118.57,400,118.5,100,118.18,100,118.02,100,117.91,200,117.83,100,117.76,100,119.16,1000,119.17,200,119.31,200,119.36,100,119.43,200,119.44,300,119.49,300,119.58,300,119.59,100,119.6,600
2026-02-05 09:32:54,118.96,118.76,1,118.76,600,119.16,1000,119.16,118.76,118.76,600,118.69,300,118.67,100,118.57,400,118.5,100,118.18,100,118.02,100,117.91,200,117.83,100,117.76,100,119.16,1000,119.17,200,119.31,200,119.36,100,119.43,200,119.44,300,119.49,300,119.58,300,119.59,100,119.6,600
2026-02-05 09:32:55,118.96,118.96,2,118.76,900,119.16,1000,119.16,118.76,118.76,900,118.69,300,118.67,100,118.57,400,118.5,100,118.18,100,118.02,100,117.91,200,117.83,100,117.76,100,119.16,1000,119.17,200,119.31,200,119.36,100,119.43,200,119.44,300,119.49,300,119.58,300,119.59,100,119.6,600
2026-02-05 09:32:56,118.96,118.96,1,118.76,900,119.16,900,119.16,118.76,118.76,900,118.69,300,118.67,100,118.57,400,118.5,100,118.18,100,118.02,100,117.91,200,117.83,100,117.76,100,119.16,900,119.17,200,119.31,200,119.36,100,119.43,200,119.44,300,119.49,300,119.58,300,119.59,100,119.6,600
2026-02-05 09:32:57,118.96,118.96,1,118.76,900,119.16,900,119.16,118.76,118.76,900,118.69,300,118.67,100,118.57,400,118.5,100,118.18,100,118.02,100,117.91,200,117.83,100,117.76,100,119.16,900,119.17,200,119.31,200,119.36,100,119.43,200,119.44,300,119.49,300,119.58,300,119.59,100,119.6,600
2026-02-05 09:32:58,118.96,118.76,1,118.76,1000,119.16,900,119.16,118.76,118.76,1000,118.69,300,118.67,100,118.57,400,118.5,100,118.18,100,118.02,100,117.91,200,117.83,100,117.76,100,119.16,900,119.17,200,119.31,200,119.36,100,119.43,200,119.44,300,119.49,300,119.58,300,119.59,100,119.6,600
2026-02-05 09:32:59,118.96,119.01,5,118.76,1000,119.16,900,119.16,118.76,118.76,1000,118.69,300,118.67,100,118.57,400,118.5,100,118.18,100,118.02,100,117.91,200,117.83,100,117.76,100,119.16,900,119.17,200,119.31,200,119.36,100,119.43,200,119.44,300,119.49,300,119.58,300,119.59,100,119.6,600
2026-02-05 09:33:00,118.96,118.96,1,118.76,1100,119.16,900,119.16,118.76,118.76,1100,118.69,300,118.67,100,118.57,400,118.5,100,118.18,100,118.02,100,117.91,200,117.83,100,117.76,100,119.16,900,119.17,200,119.31,200,119.36,100,119.43,200,119.44,300,119.49,300,119.58,300,119.59,100,119.6,600
2026-02-05 09:33:01,118.96,118.92,1,118.76,1200,119.16,900,119.16,118.76,118.76,1200,118.69,300,118.67,100,118.57,400,118.5,100,118.18,100,118.02,100,117.91,200,117.83,100,117.76,100,119.16,900,119.17,200,119.31,200,119.36,100,119.43,200,119.44,300,119.49,300,119.58,300,119.59,100,119.6,600
2026-02-05 09:33:02,118.96,118.92,1,118.76,1200,119.16,900,119.16,118.76,118.76,1200,118.69,300,118.67,100,118.57,400,118.5,100,118.18,100,118.02,100,117.91,200,117.83,100,117.76,100,119.16,900,119.17,200,119.31,200,119.36,100,119.43,200,119.44,300,119.49,300,119.58,300,119.59,100,119.6,600
2026-02-05 09:33:03,118.96,118.96,3,118.76,1200,119.16,1000,119.16,118.76,118.76,1200,118.69,300,118.67,100,118.57,400,118.5,100,118.18,100,118.02,100,117.91,200,117.83,100,117.76,100,119.16,1000,119.17,200,119.31,200,119.36,100,119.43,200,119.44,300,119.49,300,119.58,300,119.59,100,119.6,600
2026-02-05 09:33:04,118.945,118.94,1,118.76,1200,119.13,300,119.13,118.76,118.76,1200,118.69,300,118.67,100,118.57,400,118.5,100,118.18,100,118.02,100,117.91,200,117.83,100,117.76,100,119.13,300,119.16,1000,119.17,200,119.31,200,119.36,100,119.43,200,119.44,300,119.49,300,119.58,300,119.59,100
2026-02-05 09:33:05,118.945,118.94,1,118.76,1200,119.13,800,119.13,118.76,118.76,1200,118.69,300,118.67,100,118.57,400,118.5,100,118.18,100,118.02,100,117.91,200,117.83,100,117.76,100,119.13,800,119.16,1000,119.17,200,119.31,200,119.36,100,119.43,200,119.44,300,119.49,300,119.58,300,119.59,100
2026-02-05 09:33:06,118.945,118.94,1,118.76,1200,119.13,800,119.13,118.76,118.76,1200,118.69,300,118.67,100,118.57,400,118.5,100,118.18,100,118.02,100,117.91,200,117.83,100,117.76,100,119.13,800,119.16,1000,119.17,200,119.31,200,119.36,100,119.43,200,119.44,300,119.49,300,119.58,300,119.59,100
2026-02-05 09:33:07,118.945,118.94,1,118.76,1200,119.13,800,119.13,118.76,118.76,1200,118.69,300,118.67,100,118.57,400,118.5,100,118.18,100,118.02,100,117.91,200,117.83,100,117.76,100,119.13,800,119.16,1000,119.17,200,119.31,200,119.36,100,119.43,200,119.44,300,119.49,300,119.58,300,119.59,100
2026-02-05 09:33:08,118.945,118.94,1,118.76,1200,119.13,800,119.13,118.76,118.76,1200,118.69,300,118.67,100,118.57,400,118.5,100,118.18,100,118.02,100,117.91,200,117.83,100,117.76,100,119.13,800,119.16,1000,119.17,200,119.31,200,119.36,100,119.43,200,119.44,300,119.49,300,119.58,300,119.59,100
2026-02-05 09:33:09,118.945,119.05,5,118.76,1200,119.13,800,119.13,118.76,118.76,1200,118.69,300,118.67,100,118.57,400,118.5,100,118.18,100,118.02,100,117.91,200,117.83,100,117.76,100,119.13,800,119.16,1000,119.17,200,119.31,200,119.36,100,119.43,200,119.44,300,119.49,300,119.58,300,119.59,100
2026-02-05 09:33:10,119.45,119.45,1,119.26,400,119.64,500,119.64,119.26,119.26,400,119.14,400,119.11,100,119.09,100,119.08,100,118.97,100,118.95,100,118.86,100,118.76,1400,118.69,300,119.64,500,119.65,100,119.8,600,119.81,400,119.9,100,,,,,,,,,,
2026-02-05 09:33:11,119.445,119.44,1,119.26,400,119.63,200,119.63,119.26,119.26,400,119.14,400,119.11,100,119.09,100,119.08,100,118.97,100,118.95,100,118.86,100,118.76,1400,118.69,300,119.63,200,119.64,500,119.65,100,119.8,600,119.81,400,119.9,100,,,,,,,,
2026-02-05 09:33:12,119.445,119.44,1,119.26,600,119.63,300,119.63,119.26,119.26,600,119.14,400,119.11,100,119.09,100,119.08,100,118.97,100,118.95,100,118.86,100,118.76,1400,118.69,300,119.63,300,119.64,500,119.65,100,119.8,600,119.81,400,119.9,100,,,,,,,,
2026-02-05 09:33:13,119.445,119.44,1,119.26,600,119.63,300,119.63,119.26,119.26,600,119.14,400,119.11,100,119.09,100,119.08,100,118.97,100,118.95,100,118.86,100,118.76,1400,118.69,300,119.63,300,119.64,500,119.65,100,119.8,600,119.81,400,119.9,100,,,,,,,,
2026-02-05 09:33:14,119.445,119.44,1,119.26,800,119.63,300,119.63,119.26,119.26,800,119.14,400,119.11,100,119.09,100,119.08,100,118.97,100,118.95,100,118.86,100,118.76,1400,118.69,300,119.63,300,119.64,500,119.65,100,119.8,600,119.81,400,119.9,100,,,,,,,,
2026-02-05 09:33:15,119.445,119.26,2,119.26,1000,119.63,300,119.63,119.26,119.26,1000,119.14,400,119.11,100,119.09,100,119.08,100,118.97,100,118.95,100,118.86,100,118.76,1400,118.69,300,119.63,300,119.64,500,119.65,100,119.8,600,119.81,400,119.9,100,,,,,,,,
2026-02-05 09:33:16,119.445,119.26,2,119.26,1000,119.63,400,119.63,119.26,119.26,1000,119.14,400,119.11,100,119.09,100,119.08,100,118.97,100,118.95,100,118.86,100,118.76,1400,118.69,300,119.63,400,119.64,500,119.65,100,119.8,600,119.81,400,119.9,100,,,,,,,,
2026-02-05 09:33:17,119.445,119.44,2,119.26,1000,119.63,400,119.63,119.26,119.26,1000,119.14,400,119.11,100,119.09,100,119.08,100,118.97,100,118.95,100,118.86,100,118.76,1400,118.69,300,119.63,400,119.64,500,119.65,100,119.8,600,119.81,400,119.9,100,,,,,,,,
2026-02-05 09:33:18,119.605,119.61,1,119.46,500,119.75,700,119.75,119.46,119.46,500,119.34,100,119.26,1200,119.14,400,119.11,100,119.09,100,119.08,100,118.97,100,118.95,100,118.86,100,119.75,700,119.79,100,119.8,600,119.81,400,119.9,100,,,,,,,,,,
2026-02-05 09:33:19,119.605,119.61,1,119.46,500,119.75,700,119.75,119.46,119.46,500,119.34,100,119.26,1200,119.14,400,119.11,100,119.09,100,119.08,100,118.97,100,118.95,100,118.86,100,119.75,700,119.79,100,119.8,600,119.81,400,119.9,100,,,,,,,,,,
2026-02-05 09:33:20,119.605,119.61,2,119.46,500,119.75,700,119.75,119.46,119.46,500,119.34,100,119.26,1200,119.14,400,119.11,100,119.09,100,119.08,100,118.97,100,118.95,100,118.86,100,119.75,700,119.79,100,119.8,600,119.81,400,119.9,100,,,,,,,,,,
2026-02-05 09:33:21,119.605,119.71,1,119.46,400,119.75,800,119.75,119.46,119.46,400,119.34,100,119.26,1200,119.14,400,119.11,100,119.09,100,119.08,100,118.97,100,118.95,100,118.86,100,119.75,800,119.79,100,119.8,600,119.81,400,119.9,100,,,,,,,,,,
2026-02-05 09:33:22,119.815,119.82,1,119.65,300,119.98,600,119.98,119.65,119.65,300,119.64,200,119.62,100,119.46,400,119.34,100,119.26,1200,119.14,400,119.11,100,119.09,100,119.08,100,119.98,600,119.99,100,,,,,,,,,,,,,,,,
2026-02-05 09:33:23,119.81,119.81,1,119.64,700,119.98,600,119.98,119.64,119.64,700,119.62,100,119.46,400,119.34,100,119.26,1200,119.14,400,119.11,100,119.09,100,119.08,100,118.97,100,119.98,600,119.99,100,,,,,,,,,,,,,,,,
2026-02-05 09:33:24,119.81,119.81,1,119.64,800,119.98,600,119.98,119.64,119.64,800,119.62,100,119.46,400,119.34,100,119.26,1200,119.14,400,119.11,100,119.09,100,119.08,100,118.97,100,119.98,600,119.99,100,,,,,,,,,,,,,,,,
2026-02-05 09:33:25,119.81,119.81,1,119.64,800,119.98,1100,119.98,119.64,119.64,800,119.62,100,119.46,400,119.34,100,119.26,1200,119.14,400,119.11,100,119.09,100,119.08,100,118.97,100,119.98,1100,119.99,100,,,,,,,,,,,,,,,,
2026-02-05 09:33:26,119.805,119.81,1,119.64,800,119.97,200,119.97,119.64,119.64,800,119.62,100,119.46,400,119.34,100,119.26,1200,119.14,400,119.11,100,119.09,100,119.08,100,118.97,100,119.97,200,119.98,1100,119.99,100,,,,,,,,,,,,,,
2026-02-05 09:33:27,119.83,119.83,2,119.69,400,119.97,500,119.97,119.69,119.69,400,119.66,300,119.6,100,119.55,100,119.48,100,119.47,400,119.46,400,119.34,100,119.26,1200,119.14,400,119.97,500,119.98,1100,119.99,100,,,,,,,,,,,,,,
2026-02-05 09:33:28,119.83,119.83,1,119.69,700,119.97,1000,119.97,119.69,119.69,700,119.66,300,119.6,100,119.55,100,119.48,100,119.47,400,119.46,400,119.34,100,119.26,1200,119.14,400,119.97,1000,119.98,1100,119.99,100,,,,,,,,,,,,,,
2026-02-05 09:33:29,119.83,119.83,1,119.69,800,119.97,900,119.97,119.69,119.69,800,119.66,300,119.6,100,119.55,100,119.48,100,119.47,400,119.46,400,119.34,100,119.26,1200,119.14,400,119.97,900,119.98,1100,119.99,100,,,,,,,,,,,,,,
2026-02-05 09:33:30,119.83,119.83,1,119.69,900,119.97,1000,119.97,119.69,119.69,900,119.66,300,119.6,100,119.55,100,119.48,100,119.47,400,119.46,400,119.34,100,119.26,1200,119.14,400,119.97,1000,119.98,1100,119.99,100,,,,,,,,,,,,,,
2026-02-05 09:33:31,119.83,119.83,1,119.69,900,119.97,1000,119.97,119.69,119.69,900,119.66,300,119.6,100,119.55,100,119.48,100,119.47,400,119.46,400,119.34,100,119.26,1200,119.14,400,119.97,1000,119.98,1100,119.99,100,,,,,,,,,,,,,,
2026-02-05 09:33:32,119.83,119.83,1,119.69,900,119.97,1000,119.97,119.69,119.69,900,119.66,300,119.6,100,119.55,100,119.48,100,119.47,400,119.46,400,119.34,100,119.26,1200,119.14,400,119.97,1000,119.98,1100,119.99,100,,,,,,,,,,,,,,
2026-02-05 09:33:33,119.83,119.83,1,119.69,900,119.97,1000,119.97,119.69,119.69,900,119.66,300,119.6,100,119.55,100,119.48,100,119.47,400,119.46,400,119.34,100,119.26,1200,119.14,400,119.97,1000,119.98,1100,119.99,100,,,,,,,,,,,,,,
2026-02-05 09:33:34,119.83,119.83,1,119.69,900,119.97,1000,119.97,119.69,119.69,900,119.66,300,119.6,100,119.55,100,119.48,100,119.47,400,119.46,400,119.34,100,119.26,1200,119.14,400,119.97,1000,119.98,1100,119.99,100,,,,,,,,,,,,,,
2026-02-05 09:33:35,119.83,119.83,1,119.69,900,119.97,1000,119.97,119.69,119.69,900,119.66,300,119.6,100,119.55,100,119.48,100,119.47,400,119.46,400,119.34,100,119.26,1200,119.14,400,119.97,1000,119.98,1100,119.99,100,,,,,,,,,,,,,,
2026-02-05 09:33:36,120.115,120.1,1,120.1,100,120.13,100,120.13,120.1,120.1,100,120.04,200,120.0,900,119.89,100,119.83,100,119.75,100,119.69,1100,119.66,300,119.6,100,119.55,100,120.13,100,120.18,100,,,,,,,,,,,,,,,,
2026-02-05 09:33:37,120.06,120.06,1,119.99,500,120.13,200,120.13,119.99,119.99,500,119.89,100,119.83,100,119.75,100,119.69,1100,119.66,300,119.6,100,119.55,100,119.48,100,119.47,400,120.13,200,120.18,100,,,,,,,,,,,,,,,,
2026-02-05 09:33:38,120.06,120.06,1,119.99,900,120.13,700,120.13,119.99,119.99,900,119.89,100,119.83,100,119.75,100,119.69,1100,119.66,300,119.6,100,119.55,100,119.48,100,119.47,400,120.13,700,120.18,100,,,,,,,,,,,,,,,,
2026-02-05 09:33:39,120.08,120.04,1,120.01,100,120.15,400,120.15,120.01,120.01,100,119.97,100,119.89,100,119.83,100,119.75,100,119.69,1100,119.66,300,119.6,100,119.55,100,119.48,100,120.15,400,120.16,200,120.18,100,,,,,,,,,,,,,,
2026-02-05 09:33:40,120.08,120.03,1,120.01,100,120.15,400,120.15,120.01,120.01,100,119.97,100,119.89,100,119.83,100,119.75,100,119.69,1100,119.66,300,119.6,100,119.55,100,119.48,100,120.15,400,120.16,200,120.18,100,,,,,,,,,,,,,,
2026-02-05 09:33:41,120.075,120.08,1,120.01,100,120.14,100,120.14,120.01,120.01,100,119.97,100,119.89,100,119.83,100,119.75,100,119.69,1100,119.66,300,119.6,100,119.55,100,119.48,100,120.14,100,120.15,400,120.16,200,120.18,100,,,,,,,,,,,,
2026-02-05 09:33:42,120.075,120.08,1,120.01,100,120.14,100,120.14,120.01,120.01,100,119.97,100,119.89,100,119.83,100,119.75,100,119.69,1100,119.66,300,119.6,100,119.55,100,119.48,100,120.14,100,120.15,400,120.16,200,120.18,100,,,,,,,,,,,,
2026-02-05 09:33:43,120.075,120.08,1,120.01,300,120.14,800,120.14,120.01,120.01,300,119.97,100,119.89,100,119.83,100,119.75,100,119.69,1100,119.66,300,119.6,100,119.55,100,119.48,100,120.14,800,120.15,400,120.16,200,120.18,100,,,,,,,,,,,,
2026-02-05 09:33:44,119.945,120.0,2,119.9,200,119.99,400,119.99,119.9,119.9,200,119.88,100,119.83,100,119.75,100,119.69,1100,119.66,300,119.6,100,119.55,100,119.48,100,119.47,400,119.99,400,120.03,200,120.05,200,120.11,100,120.14,800,120.15,400,120.16,200,120.18,100,,,,
2026-02-05 09:33:45,119.905,119.91,1,119.81,600,120.0,600,120.0,119.81,119.81,600,119.69,700,119.66,300,119.6,100,119.55,100,119.48,100,119.47,400,119.46,400,119.34,100,119.26,1200,120.0,600,120.03,200,120.05,200,120.11,100,120.14,800,120.15,400,120.16,200,120.18,100,,,,
2026-02-05 09:33:46,119.905,119.91,1,119.81,600,120.0,600,120.0,119.81,119.81,600,119.69,700,119.66,300,119.6,100,119.55,100,119.48,100,119.47,400,119.46,400,119.34,100,119.26,1200,120.0,600,120.03,200,120.05,200,120.11,100,120.14,800,120.15,400,120.16,200,120.18,100,,,,
2026-02-05 09:33:47,119.905,119.91,1,119.81,600,120.0,600,120.0,119.81,119.81,600,119.69,700,119.66,300,119.6,100,119.55,100,119.48,100,119.47,400,119.46,400,119.34,100,119.26,1200,120.0,600,120.03,200,120.05,200,120.11,100,120.14,800,120.15,400,120.16,200,120.18,100,,,,
2026-02-05 09:33:48,119.985,119.99,1,119.95,600,120.02,200,120.02,119.95,119.95,600,119.92,100,119.82,100,119.81,600,119.69,700,119.66,300,119.6,100,119.55,100,119.48,100,119.47,400,120.02,200,120.05,100,120.14,800,120.15,400,120.16,200,120.18,100,,,,,,,,
2026-02-05 09:33:49,120.19,120.25,2,120.08,300,120.3,500,120.3,120.08,120.08,300,120.04,200,120.0,100,119.98,100,119.95,700,119.92,100,119.82,100,119.81,600,119.69,700,119.66,300,120.3,500,,,,,,,,,,,,,,,,,,
2026-02-05 09:33:50,120.255,120.26,1,120.12,700,120.39,400,120.39,120.12,120.12,700,120.11,800,120.1,100,120.08,300,120.04,200,120.0,100,119.98,100,119.95,700,119.92,100,119.82,100,120.39,400,,,,,,,,,,,,,,,,,,
2026-02-05 09:33:51,120.25,120.26,1,120.12,800,120.38,300,120.38,120.12,120.12,800,120.11,800,120.1,100,120.08,300,120.04,200,120.0,100,119.98,100,119.95,700,119.92,100,119.82,100,120.38,300,120.39,400,,,,,,,,,,,,,,,,
2026-02-05 09:33:52,120.265,120.33,1,120.19,500,120.34,900,120.34,120.19,120.19,500,120.17,100,120.12,800,120.11,800,120.1,100,120.08,300,120.04,200,120.0,100,119.98,100,119.95,700,120.34,900,120.38,1200,120.39,400,,,,,,,,,,,,,,
2026-02-05 09:33:53,120.335,120.34,1,120.29,500,120.38,1500,120.38,120.29,120.29,500,120.26,200,120.19,400,120.17,100,120.12,800,120.11,800,120.1,100,120.08,300,120.04,200,120.0,100,120.38,1500,120.39,400,,,,,,,,,,,,,,,,
2026-02-05 09:33:54,120.275,120.27,1,120.16,600,120.39,500,120.39,120.16,120.16,600,120.12,800,120.11,800,120.1,100,120.08,300,120.04,200,120.0,100,119.98,100,119.95,700,119.92,100,120.39,500,,,,,,,,,,,,,,,,,,
2026-02-05 09:33:55,120.27,120.28,1,120.16,600,120.38,100,120.38,120.16,120.16,600,120.12,800,120.11,800,120.1,100,120.08,300,120.04,200,120.0,100,119.98,100,119.95,700,119.92,100,120.38,100,120.39,500,,,,,,,,,,,,,,,,
2026-02-05 09:33:56,120.27,120.27,1,120.16,800,120.38,400,120.38,120.16,120.16,800,120.12,800,120.11,800,120.1,100,120.08,300,120.04,200,120.0,100,119.98,100,119.95,700,119.92,100,120.38,400,120.39,500,,,,,,,,,,,,,,,,
2026-02-05 09:33:57,120.265,120.25,1,120.16,1300,120.37,200,120.37,120.16,120.16,1300,120.12,800,120.11,800,120.1,100,120.08,300,120.04,200,120.0,100,119.98,100,119.95,700,119.92,100,120.37,200,120.38,400,120.39,500,,,,,,,,,,,,,,
2026-02-05 09:33:58,120.265,120.34,1,120.16,1300,120.37,200,120.37,120.16,120.16,1300,120.12,800,120.11,800,120.1,100,120.08,300,120.04,200,120.0,100,119.98,100,119.95,700,119.92,100,120.37,200,120.38,400,120.39,500,,,,,,,,,,,,,,
2026-02-05 09:33:59,120.265,120.36,1,120.16,1300,120.37,200,120.37,120.16,120.16,1300,120.12,800,120.11,800,120.1,100,120.08,300,120.04,200,120.0,100,119.98,100,119.95,700,119.92,100,120.37,200,120.38,400,120.39,500,,,,,,,,,,,,,,
2026-02-05 09:34:00,120.265,120.36,1,120.16,1600,120.37,700,120.37,120.16,120.16,1600,120.12,800,120.11,800,120.1,100,120.08,300,120.04,200,120.0,100,119.98,100,119.95,700,119.92,100,120.37,700,120.38,400,120.39,500,,,,,,,,,,,,,,
2026-02-05 09:34:01,120.275,120.34,1,120.18,600,120.37,700,120.37,120.18,120.18,600,120.16,1600,120.12,800,120.11,800,120.1,100,120.08,300,120.04,200,120.0,100,119.98,100,119.95,700,120.37,700,120.38,400,120.39,500,,,,,,,,,,,,,,
2026-02-05 09:34:02,120.275,120.34,1,120.18,600,120.37,700,120.37,120.18,120.18,600,120.16,1600,120.12,800,120.11,800,120.1,100,120.08,300,120.04,200,120.0,100,119.98,100,119.95,700,120.37,700,120.38,400,120.39,500,,,,,,,,,,,,,,
2026-02-05 09:34:03,120.275,120.3,1,120.18,1000,120.37,700,120.37,120.18,120.18,1000,120.16,1600,120.12,800,120.11,800,120.1,100,120.08,300,120.04,200,120.0,100,119.98,100,119.95,700,120.37,700,120.38,400,120.39,500,,,,,,,,,,,,,,
2026-02-05 09:34:04,120.305,120.37,1,120.24,300,120.37,700,120.37,120.24,120.24,300,120.18,800,120.16,1600,120.12,800,120.11,800,120.1,100,120.08,300,120.04,200,120.0,100,119.98,100,120.37,700,120.38,400,120.39,500,,,,,,,,,,,,,,
2026-02-05 09:34:05,120.28,120.28,6,120.21,600,120.35,300,120.35,120.21,120.21,600,120.18,800,120.16,1600,120.12,800,120.11,800,120.1,100,120.08,300,120.04,200,120.0,100,119.98,100,120.35,300,120.38,400,120.39,500,,,,,,,,,,,,,,
2026-02-05 09:34:06,120.28,120.34,1,120.21,1100,120.35,200,120.35,120.21,120.21,1100,120.18,800,120.16,1600,120.12,800,120.11,800,120.1,100,120.08,300,120.04,200,120.0,100,119.98,100,120.35,200,120.38,400,120.39,500,,,,,,,,,,,,,,
2026-02-05 09:34:07,120.28,120.34,1,120.21,1100,120.35,700,120.35,120.21,120.21,1100,120.18,800,120.16,1600,120.12,800,120.11,800,120.1,100,120.08,300,120.04,200,120.0,100,119.98,100,120.35,700,120.38,400,120.39,500,,,,,,,,,,,,,,
2026-02-05 09:34:08,120.28,120.34,1,120.21,1400,120.35,700,120.35,120.21,120.21,1400,120.18,800,120.16,1600,120.12,800,120.11,800,120.1,100,120.08,300,120.04,200,120.0,100,119.98,100,120.35,700,120.38,400,120.39,500,,,,,,,,,,,,,,
2026-02-05 09:34:09,120.28,120.28,1,120.21,1900,120.35,700,120.35,120.21,120.21,1900,120.18,800,120.16,1600,120.12,800,120.11,800,120.1,100,120.08,300,120.04,200,120.0,100,119.98,100,120.35,700,120.38,400,120.39,500,,,,,,,,,,,,,,
2026-02-05 09:34:10,120.625,120.62,4,120.58,200,120.67,200,120.67,120.58,120.58,200,120.56,300,120.47,100,120.44,100,120.43,500,120.39,100,120.36,100,120.34,400,120.3,500,120.21,1900,120.67,200,,,,,,,,,,,,,,,,,,
2026-02-05 09:34:11,120.6,120.6,2,120.56,1600,120.64,100,120.64,120.56,120.56,1600,120.47,100,120.44,100,120.43,500,120.39,100,120.36,100,120.34,400,120.3,500,120.21,1900,120.18,800,120.64,100,120.67,200,,,,,,,,,,,,,,,,
2026-02-05 09:34:12,120.655,120.73,1,120.56,1100,120.75,1300,120.75,120.56,120.56,1100,120.47,100,120.44,100,120.43,500,120.39,100,120.36,100,120.34,400,120.3,500,120.21,1900,120.18,800,120.75,1300,,,,,,,,,,,,,,,,,,
2026-02-05 09:34:13,120.66,120.66,1,120.57,500,120.75,1300,120.75,120.57,120.57,500,120.56,1100,120.47,100,120.44,100,120.43,500,120.39,100,120.36,100,120.34,400,120.3,500,120.21,1900,120.75,1300,,,,,,,,,,,,,,,,,,
2026-02-05 09:34:14,120.72,120.79,1,120.64,100,120.8,100,120.8,120.64,120.64,100,120.62,4800,120.57,600,120.56,1100,120.47,100,120.44,100,120.43,500,120.39,100,120.36,100,120.34,400,120.8,100,,,,,,,,,,,,,,,,,,
2026-02-05 09:34:15,120.75,120.75,1,120.7,3400,120.8,500,120.8,120.7,120.7,3400,120.69,100,120.66,500,120.64,500,120.62,4800,120.57,600,120.56,1100,120.47,100,120.44,100,120.43,500,120.8,500,,,,,,,,,,,,,,,,,,
2026-02-05 09:34:16,120.75,120.79,1,120.7,4100,120.8,100,120.8,120.7,120.7,4100,120.69,100,120.66,500,120.64,500,120.62,4800,120.57,600,120.56,1100,120.47,100,120.44,100,120.43,500,120.8,100,120.84,1000,,,,,,,,,,,,,,,,
2026-02-05 09:34:17,120.75,120.79,1,120.7,4100,120.8,300,120.8,120.7,120.7,4100,120.69,100,120.66,500,120.64,500,120.62,4800,120.57,600,120.56,1100,120.47,100,120.44,100,120.43,500,120.8,300,120.84,1000,,,,,,,,,,,,,,,,
2026-02-05 09:34:18,120.73,120.78,1,120.67,200,120.79,100,120.79,120.67,120.67,200,120.66,500,120.64,500,120.62,4800,120.57,600,120.56,1100,120.47,100,120.44,100,120.43,500,120.39,100,120.79,100,120.8,300,120.84,1000,,,,,,,,,,,,,,
2026-02-05 09:34:19,120.73,120.7,1,120.67,800,120.79,200,120.79,120.67,120.67,800,120.66,500,120.64,500,120.62,4800,120.57,600,120.56,1100,120.47,100,120.44,100,120.43,500,120.39,100,120.79,200,120.8,300,120.84,1000,,,,,,,,,,,,,,
2026-02-05 09:34:20,120.73,120.76,1,120.67,800,120.79,200,120.79,120.67,120.67,800,120.66,500,120.64,500,120.62,4800,120.57,600,120.56,1100,120.47,100,120.44,100,120.43,500,120.39,100,120.79,200,120.8,300,120.84,1000,,,,,,,,,,,,,,
2026-02-05 09:34:21,120.73,120.76,1,120.67,1100,120.79,400,120.79,120.67,120.67,1100,120.66,500,120.64,500,120.62,4800,120.57,600,120.56,1100,120.47,100,120.44,100,120.43,500,120.39,100,120.79,400,120.8,300,120.84,1000,,,,,,,,,,,,,,
2026-02-05 09:34:22,120.775,120.8,1,120.73,600,120.82,100,120.82,120.73,120.73,600,120.7,200,120.67,1200,120.66,500,120.64,500,120.62,4800,120.57,600,120.56,1100,120.47,100,120.44,100,120.82,100,120.84,1000,,,,,,,,,,,,,,,,
2026-02-05 09:34:23,120.775,120.8,1,120.73,600,120.82,100,120.82,120.73,120.73,600,120.7,200,120.67,1200,120.66,500,120.64,500,120.62,4800,120.57,600,120.56,1100,120.47,100,120.44,100,120.82,100,120.84,1000,,,,,,,,,,,,,,,,
2026-02-05 09:34:24,120.82,120.84,1,120.79,300,120.85,100,120.85,120.79,120.79,300,120.77,100,120.73,600,120.7,200,120.67,1200,120.66,500,120.64,500,120.62,4800,120.57,600,120.56,1100,120.85,100,,,,,,,,,,,,,,,,,,
2026-02-05 09:34:25,120.83,120.87,1,120.79,600,120.87,100,120.87,120.79,120.79,600,120.77,100,120.73,600,120.7,200,120.67,1200,120.66,500,120.64,500,120.62,4800,120.57,600,120.56,1100,120.87,100,120.88,400,,,,,,,,,,,,,,,,
2026-02-05 09:34:26,120.73,120.81,1,120.67,1000,120.79,300,120.79,120.67,120.67,1000,120.66,500,120.64,500,120.62,4800,120.57,600,120.56,1100,120.47,100,120.44,100,120.43,500,120.39,100,120.79,300,120.81,100,120.82,200,120.83,100,120.87,200,120.88,400,,,,,,,,
2026-02-05 09:34:27,120.815,120.79,1,120.76,100,120.87,200,120.87,120.76,120.76,100,120.73,200,120.72,100,120.7,100,120.68,100,120.67,1200,120.66,500,120.64,500,120.62,4800,120.57,600,120.87,200,120.88,400,,,,,,,,,,,,,,,,
2026-02-05 09:34:28,120.825,120.79,1,120.77,500,120.88,600,120.88,120.77,120.77,500,120.73,100,120.72,300,120.7,100,120.68,100,120.67,1200,120.66,500,120.64,500,120.62,4800,120.57,600,120.88,600,,,,,,,,,,,,,,,,,,
2026-02-05 09:34:29,120.835,120.88,1,120.77,500,120.9,200,120.9,120.77,120.77,500,120.73,100,120.72,300,120.7,100,120.68,100,120.67,1200,120.66,500,120.64,500,120.62,4800,120.57,600,120.9,200,,,,,,,,,,,,,,,,,,
2026-02-05 09:34:30,120.835,120.88,1,120.77,700,120.9,200,120.9,120.77,120.77,700,120.73,100,120.72,300,120.7,100,120.68,100,120.67,1200,120.66,500,120.64,500,120.62,4800,120.57,600,120.9,200,,,,,,,,,,,,,,,,,,
2026-02-05 09:34:31,120.835,120.88,1,120.77,700,120.9,200,120.9,120.77,120.77,700,120.73,100,120.72,300,120.7,100,120.68,100,120.67,1200,120.66,500,120.64,500,120.62,4800,120.57,600,120.9,200,,,,,,,,,,,,,,,,,,
2026-02-05 09:34:32,120.835,120.84,1,120.77,700,120.9,200,120.9,120.77,120.77,700,120.73,100,120.72,300,120.7,100,120.68,100,120.67,1200,120.66,500,120.64,500,120.62,4800,120.57,600,120.9,200,,,,,,,,,,,,,,,,,,
2026-02-05 09:34:33,120.745,120.75,1,120.7,300,120.79,100,120.79,120.7,120.7,300,120.67,1200,120.66,500,120.64,500,120.62,4800,120.57,600,120.56,1100,120.47,100,120.44,100,120.43,500,120.79,100,120.84,200,120.87,100,120.9,200,,,,,,,,,,,,
2026-02-05 09:34:34,120.79,120.75,1,120.7,300,120.88,100,120.88,120.7,120.7,300,120.67,1200,120.66,500,120.64,500,120.62,4800,120.57,600,120.56,1100,120.47,100,120.44,100,120.43,500,120.88,100,120.9,200,,,,,,,,,,,,,,,,
2026-02-05 09:34:35,120.735,120.76,1,120.67,1200,120.8,300,120.8,120.67,120.67,1200,120.66,500,120.64,500,120.62,4800,120.57,600,120.56,1100,120.47,100,120.44,100,120.43,500,120.39,100,120.8,300,120.82,100,120.88,200,120.9,200,,,,,,,,,,,,
2026-02-05 09:34:36,120.655,120.68,1,120.6,100,120.71,200,120.71,120.6,120.6,100,120.57,600,120.56,1100,120.47,100,120.44,100,120.43,500,120.39,100,120.36,100,120.34,400,120.3,500,120.71,200,120.72,100,120.73,200,120.77,300,120.79,100,120.8,300,120.82,100,120.88,200,120.9,200,,
2026-02-05 09:34:37,120.655,120.71,1,120.6,300,120.71,200,120.71,120.6,120.6,300,120.57,600,120.56,1100,120.47,100,120.44,100,120.43,500,120.39,100,120.36,100,120.34,400,120.3,500,120.71,200,120.72,100,120.73,200,120.77,300,120.79,100,120.8,300,120.82,100,120.88,200,120.9,200,,
2026-02-05 09:34:38,120.76,120.73,1,120.72,500,120.8,300,120.8,120.72,120.72,500,120.7,200,120.63,100,120.6,700,120.57,600,120.56,1100,120.47,100,120.44,100,120.43,500,120.39,100,120.8,300,120.82,100,120.88,200,120.9,200,,,,,,,,,,,,
2026-02-05 09:34:39,120.76,120.78,1,120.72,500,120.8,300,120.8,120.72,120.72,500,120.7,200,120.63,100,120.6,700,120.57,600,120.56,1100,120.47,100,120.44,100,120.43,500,120.39,100,120.8,300,120.82,100,120.88,200,120.9,200,,,,,,,,,,,,
2026-02-05 09:34:40,120.79,120.75,1,120.74,500,120.84,100,120.84,120.74,120.74,500,120.72,800,120.7,200,120.63,100,120.6,700,120.57,600,120.56,1100,120.47,100,120.44,100,120.43,500,120.84,100,120.88,200,120.9,200,,,,,,,,,,,,,,
2026-02-05 09:34:41,120.79,120.75,1,120.74,500,120.84,100,120.84,120.74,120.74,500,120.72,800,120.7,200,120.63,100,120.6,700,120.57,600,120.56,1100,120.47,100,120.44,100,120.43,500,120.84,100,120.88,200,120.9,200,,,,,,,,,,,,,,
2026-02-05 09:34:42,120.79,120.79,3,120.74,300,120.84,300,120.84,120.74,120.74,300,120.72,800,120.7,200,120.63,100,120.6,700,120.57,600,120.56,1100,120.47,100,120.44,100,120.43,500,120.84,300,120.88,200,120.9,200,,,,,,,,,,,,,,
2026-02-05 09:34:43,120.72,120.78,2,120.63,300,120.81,100,120.81,120.63,120.63,300,120.62,100,120.6,700,120.57,600,120.56,1100,120.47,100,120.44,100,120.43,500,120.39,100,120.36,100,120.81,100,120.84,600,120.88,200,120.9,200,,,,,,,,,,,,
2026-02-05 09:34:44,120.72,120.78,2,120.63,800,120.81,700,120.81,120.63,120.63,800,120.62,100,120.6,700,120.57,600,120.56,1100,120.47,100,120.44,100,120.43,500,120.39,100,120.36,100,120.81,700,120.84,600,120.88,200,120.9,200,,,,,,,,,,,,
2026-02-05 09:34:45,120.74,120.72,6,120.67,300,120.81,1200,120.81,120.67,120.67,300,120.63,800,120.62,100,120.6,700,120.57,600,120.56,1100,120.47,100,120.44,100,120.43,500,120.39,100,120.81,1200,120.84,600,120.88,200,120.9,200,,,,,,,,,,,,
2026-02-05 09:34:46,120.74,120.74,1,120.67,700,120.81,1200,120.81,120.67,120.67,700,120.63,800,120.62,100,120.6,700,120.57,600,120.56,1100,120.47,100,120.44,100,120.43,500,120.39,100,120.81,1200,120.84,600,120.88,200,120.9,200,,,,,,,,,,,,
2026-02-05 09:34:47,120.74,120.76,1,120.67,700,120.81,1300,120.81,120.67,120.67,700,120.63,800,120.62,100,120.6,700,120.57,600,120.56,1100,120.47,100,120.44,100,120.43,500,120.39,100,120.81,1300,120.84,600,120.88,200,120.9,200,,,,,,,,,,,,
2026-02-05 09:34:48,120.695,120.69,1,120.63,900,120.76,200,120.76,120.63,120.63,900,120.62,100,120.6,700,120.57,600,120.56,1100,120.47,100,120.44,100,120.43,500,120.39,100,120.36,100,120.76,200,120.8,200,120.83,200,120.84,100,120.86,100,120.88,200,120.9,200,,,,,,
2026-02-05 09:34:49,120.7,120.7,1,120.64,100,120.76,600,120.76,120.64,120.64,100,120.63,1200,120.62,100,120.6,700,120.57,600,120.56,1100,120.47,100,120.44,100,120.43,500,120.39,100,120.76,600,120.8,200,120.83,200,120.84,100,120.86,100,120.88,200,120.9,200,,,,,,
2026-02-05 09:34:50,120.695,120.69,1,120.63,1200,120.76,400,120.76,120.63,120.63,1200,120.62,100,120.6,700,120.57,600,120.56,1100,120.47,100,120.44,100,120.43,500,120.39,100,120.36,100,120.76,400,120.8,200,120.83,200,120.84,100,120.86,100,120.88,200,120.9,200,,,,,,
2026-02-05 09:34:51,120.695,120.75,1,120.63,1200,120.76,400,120.76,120.63,120.63,1200,120.62,100,120.6,700,120.57,600,120.56,1100,120.47,100,120.44,100,120.43,500,120.39,100,120.36,100,120.76,400,120.8,200,120.83,200,120.84,100,120.86,100,120.88,200,120.9,200,,,,,,
2026-02-05 09:34:52,120.73,120.73,1,120.67,500,120.79,200,120.79,120.67,120.67,500,120.63,1200,120.62,100,120.6,700,120.57,600,120.56,1100,120.47,100,120.44,100,120.43,500,120.39,100,120.79,200,120.8,200,120.83,200,120.84,100,120.86,100,120.88,200,120.9,200,,,,,,
2026-02-05 09:34:53,120.73,120.73,1,120.67,600,120.79,200,120.79,120.67,120.67,600,120.63,1200,120.62,100,120.6,700,120.57,600,120.56,1100,120.47,100,120.44,100,120.43,500,120.39,100,120.79,200,120.8,200,120.83,200,120.84,100,120.86,100,120.88,200,120.9,200,,,,,,
2026-02-05 09:34:54,120.73,120.73,1,120.67,700,120.79,200,120.79,120.67,120.67,700,120.63,1200,120.62,100,120.6,700,120.57,600,120.56,1100,120.47,100,120.44,100,120.43,500,120.39,100,120.79,200,120.8,200,120.83,200,120.84,100,120.86,100,120.88,200,120.9,200,,,,,,
2026-02-05 09:34:55,120.755,120.76,1,120.68,800,120.83,400,120.83,120.68,120.68,800,120.67,700,120.63,1200,120.62,100,120.6,700,120.57,600,120.56,1100,120.47,100,120.44,100,120.43,500,120.83,400,120.84,100,120.86,100,120.88,200,120.9,200,,,,,,,,,,
2026-02-05 09:34:56,120.77,120.81,1,120.72,200,120.82,100,120.82,120.72,120.72,200,120.68,1000,120.67,700,120.63,1200,120.62,100,120.6,700,120.57,600,120.56,1100,120.47,100,120.44,100,120.82,100,120.83,400,120.84,100,120.86,100,120.88,200,120.9,200,,,,,,,,
2026-02-05 09:34:57,120.77,120.81,1,120.72,600,120.82,100,120.82,120.72,120.72,600,120.68,1000,120.67,700,120.63,1200,120.62,100,120.6,700,120.57,600,120.56,1100,120.47,100,120.44,100,120.82,100,120.83,400,120.84,100,120.86,100,120.88,200,120.9,200,,,,,,,,
2026-02-05 09:34:58,120.77,120.81,1,120.72,500,120.82,200,120.82,120.72,120.72,500,120.68,1000,120.67,700,120.63,1200,120.62,100,120.6,700,120.57,600,120.56,1100,120.47,100,120.44,100,120.82,200,120.83,400,120.84,100,120.86,100,120.88,200,120.9,200,,,,,,,,
2026-02-05 09:34:59,120.77,120.77,2,120.72,700,120.82,500,120.82,120.72,120.72,700,120.68,1000,120.67,700,120.63,1200,120.62,100,120.6,700,120.57,600,120.56,1100,120.47,100,120.44,100,120.82,500,120.83,400,120.84,100,120.86,100,120.88,200,120.9,200,,,,,,,,
2026-02-05 09:35:00,120.775,120.8,1,120.73,500,120.82,500,120.82,120.73,120.73,500,120.72,1100,120.68,1000,120.67,700,120.63,1200,120.62,100,120.6,700,120.57,600,120.56,1100,120.47,100,120.82,500,120.83,400,120.84,100,120.86,100,120.88,200,120.9,200,,,,,,,,
2026-02-05 09:35:01,120.845,120.89,1,120.79,500,120.9,300,120.9,120.79,120.79,500,120.77,100,120.76,100,120.73,500,120.72,1100,120.68,1000,120.67,700,120.63,1200,120.62,100,120.6,700,120.9,300,,,,,,,,,,,,,,,,,,
2026-02-05 09:35:02,120.83,120.86,1,120.79,500,120.87,100,120.87,120.79,120.79,500,120.77,100,120.76,100,120.73,500,120.72,1100,120.68,1000,120.67,700,120.63,1200,120.62,100,120.6,700,120.87,100,120.9,200,,,,,,,,,,,,,,,,
2026-02-05 09:35:03,120.865,120.89,1,120.83,600,120.9,200,120.9,120.83,120.83,600,120.81,100,120.79,500,120.77,100,120.76,100,120.73,500,120.72,1100,120.68,1000,120.67,700,120.63,1200,120.9,200,,,,,,,,,,,,,,,,,,
2026-02-05 09:35:04,120.87,120.9,2,120.81,300,120.93,100,120.93,120.81,120.81,300,120.8,100,120.79,500,120.77,100,120.76,100,120.73,500,120.72,1100,120.68,1000,120.67,700,120.63,1200,120.93,100,,,,,,,,,,,,,,,,,,
2026-02-05 09:35:05,120.83,120.83,2,120.8,400,120.86,200,120.86,120.8,120.8,400,120.79,200,120.76,100,120.73,500,120.72,1100,120.68,1000,120.67,700,120.63,1200,120.62,100,120.6,700,120.86,200,120.9,100,120.93,100,,,,,,,,,,,,,,
2026-02-05 09:35:06,120.83,120.87,1,120.81,300,120.85,300,120.85,120.81,120.81,300,120.8,800,120.79,200,120.76,100,120.73,500,120.72,1100,120.68,1000,120.67,700,120.63,1200,120.62,100,120.85,300,120.86,100,120.87,300,120.88,100,120.89,100,120.9,100,120.93,100,,,,,,
2026-02-05 09:35:07,120.835,120.84,1,120.81,700,120.86,100,120.86,120.81,120.81,700,120.8,800,120.79,200,120.76,100,120.73,500,120.72,1100,120.68,1000,120.67,700,120.63,1200,120.62,100,120.86,100,120.88,100,120.89,200,120.93,100,,,,,,,,,,,,
2026-02-05 09:35:08,120.83,120.82,1,120.78,300,120.88,100,120.88,120.78,120.78,300,120.76,100,120.73,500,120.72,1100,120.68,1000,120.67,700,120.63,1200,120.62,100,120.6,700,120.57,600,120.88,100,120.89,400,120.93,100,,,,,,,,,,,,,,
2026-02-05 09:35:09,120.83,120.82,1,120.78,300,120.88,200,120.88,120.78,120.78,300,120.76,100,120.73,500,120.72,1100,120.68,1000,120.67,700,120.63,1200,120.62,100,120.6,700,120.57,600,120.88,200,120.89,400,120.93,100,,,,,,,,,,,,,,
2026-02-05 09:35:10,120.725,120.73,1,120.68,1000,120.77,100,120.77,120.68,120.68,1000,120.67,700,120.63,1200,120.62,100,120.6,700,120.57,600,120.56,1100,120.47,100,120.44,100,120.43,500,120.77,100,120.78,100,120.79,100,120.82,300,120.87,100,120.88,300,120.89,400,120.93,100,,,,
2026-02-05 09:35:11,120.725,120.72,4,120.68,1000,120.77,100,120.77,120.68,120.68,1000,120.67,700,120.63,1200,120.62,100,120.6,700,120.57,600,120.56,1100,120.47,100,120.44,100,120.43,500,120.77,100,120.78,100,120.79,100,120.82,300,120.87,100,120.88,300,120.89,400,120.93,100,,,,
2026-02-05 09:35:12,120.695,120.7,2,120.65,200,120.74,300,120.74,120.65,120.65,200,120.63,1200,120.62,100,120.6,700,120.57,600,120.56,1100,120.47,100,120.44,100,120.43,500,120.39,100,120.74,300,120.76,100,120.77,200,120.78,100,120.79,100,120.82,300,120.87,100,120.88,300,120.89,400,120.93,100
2026-02-05 09:35:13,120.71,120.71,1,120.65,500,120.77,300,120.77,120.65,120.65,500,120.63,1200,120.62,100,120.6,700,120.57,600,120.56,1100,120.47,100,120.44,100,120.43,500,120.39,100,120.77,300,120.78,100,120.79,100,120.82,300,120.87,100,120.88,300,120.89,400,120.93,100,,,,
2026-02-05 09:35:14,120.71,120.71,1,120.65,400,120.77,500,120.77,120.65,120.65,400,120.63,1200,120.62,100,120.6,700,120.57,600,120.56,1100,120.47,100,120.44,100,120.43,500,120.39,100,120.77,500,120.78,100,120.79,100,120.82,300,120.87,100,120.88,300,120.89,400,120.93,100,,,,
2026-02-05 09:35:15,120.71,120.71,1,120.65,800,120.77,500,120.77,120.65,120.65,800,120.63,1200,120.62,100,120.6,700,120.57,600,120.56,1100,120.47,100,120.44,100,120.43,500,120.39,100,120.77,500,120.78,100,120.79,100,120.82,300,120.87,100,120.88,300,120.89,400,120.93,100,,,,
2026-02-05 09:35:16,120.63,120.65,1,120.58,200,120.68,200,120.68,120.58,120.58,200,120.57,100,120.56,200,120.54,300,120.53,400,120.52,900,120.45,100,120.44,100,120.43,500,120.39,100,120.68,200,120.71,100,120.72,100,120.73,200,120.77,600,120.78,100,120.79,100,120.82,300,120.87,100,120.88,300
2026-02-05 09:35:17,120.52,120.56,1,120.45,200,120.59,500,120.59,120.45,120.45,200,120.44,100,120.43,500,120.39,100,120.36,100,120.34,400,120.3,500,120.21,1900,120.18,800,120.16,1600,120.59,500,120.62,200,120.68,200,120.71,100,120.72,100,120.73,200,120.77,600,120.78,100,120.79,100,120.82,300
2026-02-05 09:35:18,120.52,120.51,7,120.45,600,120.59,500,120.59,120.45,120.45,600,120.44,100,120.43,500,120.39,100,120.36,100,120.34,400,120.3,500,120.21,1900,120.18,800,120.16,1600,120.59,500,120.62,200,120.68,200,120.71,100,120.72,100,120.73,200,120.77,600,120.78,100,120.79,100,120.82,300
2026-02-05 09:35:19,120.52,120.51,7,120.45,800,120.59,600,120.59,120.45,120.45,800,120.44,100,120.43,500,120.39,100,120.36,100,120.34,400,120.3,500,120.21,1900,120.18,800,120.16,1600,120.59,600,120.62,200,120.68,200,120.71,100,120.72,100,120.73,200,120.77,600,120.78,100,120.79,100,120.82,300
2026-02-05 09:35:20,120.52,120.51,7,120.45,800,120.59,600,120.59,120.45,120.45,800,120.44,100,120.43,500,120.39,100,120.36,100,120.34,400,120.3,500,120.21,1900,120.18,800,120.16,1600,120.59,600,120.62,200,120.68,200,120.71,100,120.72,100,120.73,200,120.77,600,120.78,100,120.79,100,120.82,300
2026-02-05 09:35:21,120.52,120.52,2,120.45,800,120.59,600,120.59,120.45,120.45,800,120.44,100,120.43,500,120.39,100,120.36,100,120.34,400,120.3,500,120.21,1900,120.18,800,120.16,1600,120.59,600,120.62,200,120.68,200,120.71,100,120.72,100,120.73,200,120.77,600,120.78,100,120.79,100,120.82,300
2026-02-05 09:35:22,120.52,120.52,2,120.45,800,120.59,600,120.59,120.45,120.45,800,120.44,100,120.43,500,120.39,100,120.36,100,120.34,400,120.3,500,120.21,1900,120.18,800,120.16,1600,120.59,600,120.62,200,120.68,200,120.71,100,120.72,100,120.73,200,120.77,600,120.78,100,120.79,100,120.82,300
2026-02-05 09:35:23,120.685,120.64,1,120.61,600,120.76,300,120.76,120.61,120.61,600,120.55,100,120.54,100,120.53,300,120.45,800,120.44,100,120.43,500,120.39,100,120.36,100,120.34,400,120.76,300,120.77,600,120.78,100,120.79,100,120.82,300,120.87,100,120.88,300,120.89,400,120.93,100,,
2026-02-05 09:35:24,120.705,120.8,2,120.61,300,120.8,400,120.8,120.61,120.61,300,120.55,100,120.54,100,120.53,300,120.45,800,120.44,100,120.43,500,120.39,100,120.36,100,120.34,400,120.8,400,120.82,300,120.87,100,120.88,300,120.89,400,120.93,100,,,,,,,,
2026-02-05 09:35:25,120.705,120.67,5,120.61,500,120.8,400,120.8,120.61,120.61,500,120.55,100,120.54,100,120.53,300,120.45,800,120.44,100,120.43,500,120.39,100,120.36,100,120.34,400,120.8,400,120.82,300,120.87,100,120.88,300,120.89,400,120.93,100,,,,,,,,
2026-02-05 09:35:26,120.705,120.67,5,120.61,1200,120.8,400,120.8,120.61,120.61,1200,120.55,100,120.54,100,120.53,300,120.45,800,120.44,100,120.43,500,120.39,100,120.36,100,120.34,400,120.8,400,120.82,300,120.87,100,120.88,300,120.89,400,120.93,100,,,,,,,,
2026-02-05 09:35:27,120.705,120.67,5,120.61,1200,120.8,400,120.8,120.61,120.61,1200,120.55,100,120.54,100,120.53,300,120.45,800,120.44,100,120.43,500,120.39,100,120.36,100,120.34,400,120.8,400,120.82,300,120.87,100,120.88,300,120.89,400,120.93,100,,,,,,,,
2026-02-05 09:35:28,120.705,120.67,5,120.61,1200,120.8,400,120.8,120.61,120.61,1200,120.55,100,120.54,100,120.53,300,120.45,800,120.44,100,120.43,500,120.39,100,120.36,100,120.34,400,120.8,400,120.82,300,120.87,100,120.88,300,120.89,400,120.93,100,,,,,,,,
2026-02-05 09:35:29,120.7,120.73,1,120.64,200,120.76,200,120.76,120.64,120.64,200,120.62,200,120.61,1000,120.55,100,120.54,100,120.53,300,120.45,800,120.44,100,120.43,500,120.39,100,120.76,200,120.8,200,120.81,200,120.82,300,120.87,100,120.88,300,120.89,400,120.93,100,,,,
2026-02-05 09:35:30,120.7,120.7,3,120.64,1000,120.76,1000,120.76,120.64,120.64,1000,120.62,200,120.61,1000,120.55,100,120.54,100,120.53,300,120.45,800,120.44,100,120.43,500,120.39,100,120.76,1000,120.8,200,120.81,200,120.82,300,120.87,100,120.88,300,120.89,400,120.93,100,,,,
2026-02-05 09:35:31,120.7,120.7,3,120.64,1000,120.76,1000,120.76,120.64,120.64,1000,120.62,200,120.61,1000,120.55,100,120.54,100,120.53,300,120.45,800,120.44,100,120.43,500,120.39,100,120.76,1000,120.8,200,120.81,200,120.82,300,120.87,100,120.88,300,120.89,400,120.93,100,,,,
2026-02-05 09:35:32,120.705,120.7,1,120.64,900,120.77,100,120.77,120.64,120.64,900,120.62,200,120.61,1000,120.55,100,120.54,100,120.53,300,120.45,800,120.44,100,120.43,500,120.39,100,120.77,100,120.78,100,120.8,200,120.81,200,120.82,300,120.87,100,120.88,300,120.89,400,120.93,100,,
2026-02-05 09:35:33,120.705,120.7,1,120.64,900,120.77,200,120.77,120.64,120.64,900,120.62,200,120.61,1000,120.55,100,120.54,100,120.53,300,120.45,800,120.44,100,120.43,500,120.39,100,120.77,200,120.78,100,120.8,200,120.81,200,120.82,300,120.87,100,120.88,300,120.89,400,120.93,100,,
2026-02-05 09:35:34,120.705,120.71,2,120.64,800,120.77,300,120.77,120.64,120.64,800,120.62,200,120.61,1000,120.55,100,120.54,100,120.53,300,120.45,800,120.44,100,120.43,500,120.39,100,120.77,300,120.78,100,120.8,200,120.81,200,120.82,300,120.87,100,120.88,300,120.89,400,120.93,100,,
2026-02-05 09:35:35,120.705,120.75,1,120.64,900,120.77,300,120.77,120.64,120.64,900,120.62,200,120.61,1000,120.55,100,120.54,100,120.53,300,120.45,800,120.44,100,120.43,500,120.39,100,120.77,300,120.78,100,120.8,200,120.81,200,120.82,300,120.87,100,120.88,300,120.89,400,120.93,100,,
2026-02-05 09:35:36,120.815,120.79,1,120.78,100,120.85,200,120.85,120.78,120.78,100,120.74,200,120.71,100,120.69,100,120.67,500,120.64,900,120.62,200,120.61,1000,120.55,100,120.54,100,120.85,200,120.87,100,120.88,300,120.89,400,120.93,100,,,,,,,,,,
2026-02-05 09:35:37,120.845,120.85,2,120.79,500,120.9,100,120.9,120.79,120.79,500,120.78,700,120.74,200,120.71,100,120.69,100,120.67,500,120.64,900,120.62,200,120.61,1000,120.55,100,120.9,100,120.91,200,120.93,100,,,,,,,,,,,,,,
2026-02-05 09:35:38,120.845,120.83,1,120.79,500,120.9,100,120.9,120.79,120.79,500,120.78,700,120.74,200,120.71,100,120.69,100,120.67,500,120.64,900,120.62,200,120.61,1000,120.55,100,120.9,100,120.91,200,120.93,100,,,,,,,,,,,,,,
2026-02-05 09:35:39,120.735,120.78,1,120.67,1000,120.8,200,120.8,120.67,120.67,1000,120.64,900,120.62,200,120.61,1000,120.55,100,120.54,100,120.53,300,120.45,800,120.44,100,120.43,500,120.8,200,120.82,200,120.83,400,120.86,200,120.89,200,120.9,100,120.91,200,120.93,100,,,,
2026-02-05 09:35:40,120.84,120.8,1,120.76,500,120.92,300,120.92,120.76,120.76,500,120.73,200,120.69,100,120.67,1000,120.64,900,120.62,200,120.61,1000,120.55,100,120.54,100,120.53,300,120.92,300,120.93,100,,,,,,,,,,,,,,,,
2026-02-05 09:35:41,120.84,120.83,1,120.76,500,120.92,500,120.92,120.76,120.76,500,120.73,200,120.69,100,120.67,1000,120.64,900,120.62,200,120.61,1000,120.55,100,120.54,100,120.53,300,120.92,500,120.93,100,,,,,,,,,,,,,,,,
2026-02-05 09:35:42,120.84,120.83,1,120.76,500,120.92,500,120.92,120.76,120.76,500,120.73,200,120.69,100,120.67,1000,120.64,900,120.62,200,120.61,1000,120.55,100,120.54,100,120.53,300,120.92,500,120.93,100,,,,,,,,,,,,,,,,
2026-02-05 09:35:43,120.835,120.84,1,120.76,800,120.91,400,120.91,120.76,120.76,800,120.73,200,120.69,100,120.67,1000,120.64,900,120.62,200,120.61,1000,120.55,100,120.54,100,120.53,300,120.91,400,120.92,500,120.93,100,,,,,,,,,,,,,,
2026-02-05 09:35:44,120.835,120.84,1,120.76,800,120.91,400,120.91,120.76,120.76,800,120.73,200,120.69,100,120.67,1000,120.64,900,120.62,200,120.61,1000,120.55,100,120.54,100,120.53,300,120.91,400,120.92,500,120.93,100,,,,,,,,,,,,,,
2026-02-05 09:35:45,120.97,121.0,4,120.94,100,121.0,10900,121.0,120.94,120.94,100,120.92,100,120.91,100,120.9,100,120.89,200,120.88,300,120.87,600,120.84,100,120.83,200,120.78,100,121.0,10900,,,,,,,,,,,,,,,,,,
2026-02-05 09:35:46,121.015,121.05,1,120.96,600,121.07,200,121.07,120.96,120.96,600,120.95,100,120.94,100,120.92,100,120.91,100,120.9,100,120.89,200,120.88,300,120.87,600,120.84,100,121.07,200,121.15,100,,,,,,,,,,,,,,,,
2026-02-05 09:35:47,121.1,121.1,1,121.05,300,121.15,100,121.15,121.05,121.05,300,121.03,600,121.0,100,120.96,700,120.95,100,120.94,100,120.92,100,120.91,100,120.9,100,120.89,200,121.15,100,,,,,,,,,,,,,,,,,,
2026-02-05 09:35:48,121.165,121.17,1,121.15,500,121.18,400,121.18,121.15,121.15,500,121.13,100,121.12,100,121.1,200,121.05,500,121.03,600,121.0,100,120.96,700,120.95,100,120.94,100,121.18,400,121.2,200,121.21,400,,,,,,,,,,,,,,
2026-02-05 09:35:49,121.22,121.21,1,121.19,300,121.25,700,121.25,121.19,121.19,300,121.18,600,121.17,200,121.16,100,121.15,500,121.13,100,121.12,100,121.1,200,121.05,500,121.03,600,121.25,700,,,,,,,,,,,,,,,,,,
2026-02-05 09:35:50,121.3,121.3,6,121.21,700,121.39,400,121.39,121.21,121.21,700,121.2,200,121.19,900,121.18,600,121.17,200,121.16,100,121.15,500,121.13,100,121.12,100,121.1,200,121.39,400,,,,,,,,,,,,,,,,,,
2026-02-05 09:35:51,121.3,121.3,6,121.21,600,121.39,400,121.39,121.21,121.21,600,121.2,200,121.19,900,121.18,600,121.17,200,121.16,100,121.15,500,121.13,100,121.12,100,121.1,200,121.39,400,,,,,,,,,,,,,,,,,,
2026-02-05 09:35:52,121.32,121.3,7,121.26,700,121.38,100,121.38,121.26,121.26,700,121.21,600,121.2,200,121.19,900,121.18,600,121.17,200,121.16,100,121.15,500,121.13,100,121.12,100,121.38,100,121.39,400,,,,,,,,,,,,,,,,
2026-02-05 09:35:53,121.32,121.3,7,121.26,700,121.38,300,121.38,121.26,121.26,700,121.21,600,121.2,200,121.19,900,121.18,600,121.17,200,121.16,100,121.15,500,121.13,100,121.12,100,121.38,300,121.39,400,,,,,,,,,,,,,,,,
2026-02-05 09:35:54,121.315,121.3,7,121.26,700,121.37,200,121.37,121.26,121.26,700,121.21,600,121.2,200,121.19,900,121.18,600,121.17,200,121.16,100,121.15,500,121.13,100,121.12,100,121.37,200,121.38,500,121.39,400,,,,,,,,,,,,,,
2026-02-05 09:35:56,121.31,121.34,1,121.27,100,121.35,100,121.35,121.27,121.27,100,121.26,1300,121.21,600,121.2,200,121.19,900,121.18,600,121.17,200,121.16,100,121.15,500,121.13,100,121.35,100,121.38,300,121.39,400,,,,,,,,,,,,,,
2026-02-05 09:35:57,121.32,121.34,1,121.29,500,121.35,100,121.35,121.29,121.29,500,121.27,800,121.26,1300,121.21,600,121.2,200,121.19,900,121.18,600,121.17,200,121.16,100,121.15,500,121.35,100,121.38,300,121.39,400,,,,,,,,,,,,,,
2026-02-05 09:35:57,121.32,121.34,1,121.29,500,121.35,200,121.35,121.29,121.29,500,121.27,800,121.26,1300,121.21,600,121.2,200,121.19,900,121.18,600,121.17,200,121.16,100,121.15,500,121.35,200,121.38,300,121.39,400,,,,,,,,,,,,,,
2026-02-05 09:35:58,121.415,121.43,3,121.36,200,121.47,100,121.47,121.36,121.36,200,121.35,300,121.32,100,121.31,500,121.29,700,121.27,800,121.26,1300,121.21,600,121.2,200,121.19,900,121.47,100,121.5,200,,,,,,,,,,,,,,,,
2026-02-05 09:35:59,121.46,121.5,1,121.42,300,121.5,200,121.5,121.42,121.42,300,121.34,700,121.32,100,121.31,500,121.29,700,121.27,800,121.26,1300,121.21,600,121.2,200,121.19,900,121.5,200,,,,,,,,,,,,,,,,,,
2026-02-05 09:36:00,121.525,121.58,1,121.44,700,121.61,300,121.61,121.44,121.44,700,121.42,400,121.34,700,121.32,100,121.31,500,121.29,700,121.27,800,121.26,1300,121.21,600,121.2,200,121.61,300,,,,,,,,,,,,,,,,,,
2026-02-05 09:36:02,121.525,121.58,1,121.44,900,121.61,300,121.61,121.44,121.44,900,121.42,400,121.34,700,121.32,100,121.31,500,121.29,700,121.27,800,121.26,1300,121.21,600,121.2,200,121.61,300,,,,,,,,,,,,,,,,,,
2026-02-05 09:36:03,121.525,121.55,1,121.44,900,121.61,300,121.61,121.44,121.44,900,121.42,400,121.34,700,121.32,100,121.31,500,121.29,700,121.27,800,121.26,1300,121.21,600,121.2,200,121.61,300,,,,,,,,,,,,,,,,,,
2026-02-05 09:36:04,121.525,121.57,1,121.44,1200,121.61,300,121.61,121.44,121.44,1200,121.42,400,121.34,700,121.32,100,121.31,500,121.29,700,121.27,800,121.26,1300,121.21,600,121.2,200,121.61,300,,,,,,,,,,,,,,,,,,
2026-02-05 09:36:05,121.525,121.57,1,121.44,1200,121.61,400,121.61,121.44,121.44,1200,121.42,400,121.34,700,121.32,100,121.31,500,121.29,700,121.27,800,121.26,1300,121.21,600,121.2,200,121.61,400,,,,,,,,,,,,,,,,,,
2026-02-05 09:36:06,121.525,121.57,1,121.44,1200,121.61,400,121.61,121.44,121.44,1200,121.42,400,121.34,700,121.32,100,121.31,500,121.29,700,121.27,800,121.26,1300,121.21,600,121.2,200,121.61,400,,,,,,,,,,,,,,,,,,
2026-02-05 09:36:06,121.525,121.53,5,121.44,1400,121.61,400,121.61,121.44,121.44,1400,121.42,400,121.34,700,121.32,100,121.31,500,121.29,700,121.27,800,121.26,1300,121.21,600,121.2,200,121.61,400,,,,,,,,,,,,,,,,,,
2026-02-05 09:36:07,121.525,121.52,1,121.44,1300,121.61,500,121.61,121.44,121.44,1300,121.42,400,121.34,700,121.32,100,121.31,500,121.29,700,121.27,800,121.26,1300,121.21,600,121.2,200,121.61,500,,,,,,,,,,,,,,,,,,
2026-02-05 09:36:09,121.525,121.57,1,121.44,1300,121.61,500,121.61,121.44,121.44,1300,121.42,400,121.34,700,121.32,100,121.31,500,121.29,700,121.27,800,121.26,1300,121.21,600,121.2,200,121.61,500,,,,,,,,,,,,,,,,,,
2026-02-05 09:36:09,121.525,121.56,1,121.44,1400,121.61,500,121.61,121.44,121.44,1400,121.42,400,121.34,700,121.32,100,121.31,500,121.29,700,121.27,800,121.26,1300,121.21,600,121.2,200,121.61,500,,,,,,,,,,,,,,,,,,
2026-02-05 09:36:11,121.545,121.56,1,121.51,100,121.58,200,121.58,121.51,121.51,100,121.48,200,121.45,100,121.44,1500,121.42,400,121.34,700,121.32,100,121.31,500,121.29,700,121.27,800,121.58,200,121.59,300,121.61,400,,,,,,,,,,,,,,
2026-02-05 09:36:12,121.535,121.54,1,121.5,100,121.57,100,121.57,121.5,121.5,100,121.48,200,121.45,100,121.44,1500,121.42,400,121.34,700,121.32,100,121.31,500,121.29,700,121.27,800,121.57,100,121.59,200,121.61,400,,,,,,,,,,,,,,
2026-02-05 09:36:13,121.535,121.56,1,121.5,200,121.57,200,121.57,121.5,121.5,200,121.48,200,121.45,100,121.44,1500,121.42,400,121.34,700,121.32,100,121.31,500,121.29,700,121.27,800,121.57,200,121.59,200,121.61,400,,,,,,,,,,,,,,
2026-02-05 09:36:13,121.555,121.56,1,121.52,200,121.59,200,121.59,121.52,121.52,200,121.51,100,121.5,500,121.48,200,121.45,100,121.44,1500,121.42,400,121.34,700,121.32,100,121.31,500,121.59,200,121.61,400,,,,,,,,,,,,,,,,
2026-02-05 09:36:15,121.44,121.44,1,121.4,700,121.48,500,121.48,121.4,121.4,700,121.39,400,121.38,400,121.36,400,121.35,100,121.34,700,121.32,100,121.31,500,121.29,700,121.27,800,121.48,500,121.49,100,121.5,100,121.52,100,121.53,200,121.54,200,121.56,300,121.59,200,121.61,400,,
2026-02-05 09:36:16,121.37,121.38,1,121.32,300,121.42,100,121.42,121.32,121.32,300,121.31,600,121.29,700,121.27,800,121.26,1300,121.21,600,121.2,200,121.19,900,121.18,600,121.17,200,121.42,100,121.43,100,121.44,500,121.46,100,121.47,100,121.48,500,121.49,100,121.5,100,121.52,100,121.53,200
2026-02-05 09:36:17,121.36,121.38,1,121.32,200,121.4,100,121.4,121.32,121.32,200,121.31,600,121.29,700,121.27,800,121.26,1300,121.21,600,121.2,200,121.19,900,121.18,600,121.17,200,121.4,100,121.42,100,121.43,100,121.44,500,121.46,100,121.47,100,121.48,500,121.49,100,121.5,100,121.52,100
2026-02-05 09:36:18,121.43,121.39,2,121.35,200,121.51,300,121.51,121.35,121.35,200,121.33,200,121.32,200,121.31,600,121.29,700,121.27,800,121.26,1300,121.21,600,121.2,200,121.19,900,121.51,300,121.52,100,121.53,200,121.54,200,121.56,300,121.59,200,121.61,400,,,,,,
2026-02-05 09:36:19,121.43,121.39,2,121.35,500,121.51,300,121.51,121.35,121.35,500,121.33,200,121.32,200,121.31,600,121.29,700,121.27,800,121.26,1300,121.21,600,121.2,200,121.19,900,121.51,300,121.52,100,121.53,200,121.54,200,121.56,300,121.59,200,121.61,400,,,,,,
2026-02-05 09:36:20,121.43,121.39,2,121.35,1200,121.51,300,121.51,121.35,121.35,1200,121.33,200,121.32,200,121.31,600,121.29,700,121.27,800,121.26,1300,121.21,600,121.2,200,121.19,900,121.51,300,121.52,100,121.53,200,121.54,200,121.56,300,121.59,200,121.61,400,,,,,,
2026-02-05 09:36:21,121.43,121.39,2,121.35,1200,121.51,600,121.51,121.35,121.35,1200,121.33,200,121.32,200,121.31,600,121.29,700,121.27,800,121.26,1300,121.21,600,121.2,200,121.19,900,121.51,600,121.52,100,121.53,200,121.54,200,121.56,300,121.59,200,121.61,400,,,,,,
2026-02-05 09:36:22,121.43,121.39,2,121.35,1200,121.51,600,121.51,121.35,121.35,1200,121.33,200,121.32,200,121.31,600,121.29,700,121.27,800,121.26,1300,121.21,600,121.2,200,121.19,900,121.51,600,121.52,100,121.53,200,121.54,200,121.56,300,121.59,200,121.61,400,,,,,,
2026-02-05 09:36:23,121.43,121.39,2,121.35,1200,121.51,600,121.51,121.35,121.35,1200,121.33,200,121.32,200,121.31,600,121.29,700,121.27,800,121.26,1300,121.21,600,121.2,200,121.19,900,121.51,600,121.52,100,121.53,200,121.54,200,121.56,300,121.59,200,121.61,400,,,,,,
2026-02-05 09:36:24,121.38,121.4,1,121.35,500,121.41,200,121.41,121.35,121.35,500,121.33,100,121.32,1000,121.31,600,121.29,700,121.27,800,121.26,1300,121.21,600,121.2,200,121.19,900,121.41,200,121.42,100,121.45,100,121.49,100,121.51,1100,121.52,100,121.53,200,121.54,200,121.56,300,121.59,200
2026-02-05 09:36:25,121.42,121.41,1,121.37,500,121.47,300,121.47,121.37,121.37,500,121.35,500,121.33,100,121.32,1000,121.31,600,121.29,700,121.27,800,121.26,1300,121.21,600,121.2,200,121.47,300,121.49,100,121.51,1100,121.52,100,121.53,200,121.54,200,121.56,300,121.59,200,121.61,400,,
2026-02-05 09:36:26,121.395,121.4,1,121.35,300,121.44,300,121.44,121.35,121.35,300,121.33,100,121.32,1000,121.31,600,121.29,700,121.27,800,121.26,1300,121.21,600,121.2,200,121.19,900,121.44,300,121.47,300,121.49,100,121.51,1100,121.52,100,121.53,200,121.54,200,121.56,300,121.59,200,121.61,400
2026-02-05 09:36:27,121.395,121.35,7,121.35,300,121.44,300,121.44,121.35,121.35,300,121.33,100,121.32,1000,121.31,600,121.29,700,121.27,800,121.26,1300,121.21,600,121.2,200,121.19,900,121.44,300,121.47,300,121.49,100,121.51,1100,121.52,100,121.53,200,121.54,200,121.56,300,121.59,200,121.61,400
2026-02-05 09:36:28,121.395,121.35,7,121.35,500,121.44,300,121.44,121.35,121.35,500,121.33,100,121.32,1000,121.31,600,121.29,700,121.27,800,121.26,1300,121.21,600,121.2,200,121.19,900,121.44,300,121.47,300,121.49,100,121.51,1100,121.52,100,121.53,200,121.54,200,121.56,300,121.59,200,121.61,400
2026-02-05 09:36:29,121.395,121.4,1,121.35,600,121.44,300,121.44,121.35,121.35,600,121.33,100,121.32,1000,121.31,600,121.29,700,121.27,800,121.26,1300,121.21,600,121.2,200,121.19,900,121.44,300,121.47,300,121.49,100,121.51,1100,121.52,100,121.53,200,121.54,200,121.56,300,121.59,200,121.61,400
2026-02-05 09:36:30,121.395,121.4,1,121.35,700,121.44,200,121.44,121.35,121.35,700,121.33,100,121.32,1000,121.31,600,121.29,700,121.27,800,121.26,1300,121.21,600,121.2,200,121.19,900,121.44,200,121.47,300,121.49,100,121.51,1100,121.52,100,121.53,200,121.54,200,121.56,300,121.59,200,121.61,400
2026-02-05 09:36:31,121.395,121.4,1,121.35,700,121.44,200,121.44,121.35,121.35,700,121.33,100,121.32,1000,121.31,600,121.29,700,121.27,800,121.26,1300,121.21,600,121.2,200,121.19,900,121.44,200,121.47,300,121.49,100,121.51,1100,121.52,100,121.53,200,121.54,200,121.56,300,121.59,200,121.61,400
2026-02-05 09:36:32,121.38,121.38,2,121.33,100,121.43,100,121.43,121.33,121.33,100,121.32,500,121.31,600,121.29,700,121.27,800,121.26,1300,121.21,600,121.2,200,121.19,900,121.18,600,121.43,100,121.44,200,121.47,300,121.49,100,121.51,1100,121.52,100,121.53,200,121.54,200,121.56,300,121.59,200
2026-02-05 09:36:33,121.385,121.39,1,121.34,300,121.43,800,121.43,121.34,121.34,300,121.33,600,121.32,500,121.31,600,121.29,700,121.27,800,121.26,1300,121.21,600,121.2,200,121.19,900,121.43,800,121.44,200,121.47,300,121.49,100,121.51,1100,121.52,100,121.53,200,121.54,200,121.56,300,121.59,200
2026-02-05 09:36:34,121.385,121.39,3,121.34,400,121.43,600,121.43,121.34,121.34,400,121.33,600,121.32,500,121.31,600,121.29,700,121.27,800,121.26,1300,121.21,600,121.2,200,121.19,900,121.43,600,121.44,200,121.47,300,121.49,100,121.51,1100,121.52,100,121.53,200,121.54,200,121.56,300,121.59,200
2026-02-05 09:36:35,121.385,121.39,3,121.34,700,121.43,600,121.43,121.34,121.34,700,121.33,600,121.32,500,121.31,600,121.29,700,121.27,800,121.26,1300,121.21,600,121.2,200,121.19,900,121.43,600,121.44,200,121.47,300,121.49,100,121.51,1100,121.52,100,121.53,200,121.54,200,121.56,300,121.59,200
2026-02-05 09:36:36,121.385,121.39,3,121.34,700,121.43,600,121.43,121.34,121.34,700,121.33,600,121.32,500,121.31,600,121.29,700,121.27,800,121.26,1300,121.21,600,121.2,200,121.19,900,121.43,600,121.44,200,121.47,300,121.49,100,121.51,1100,121.52,100,121.53,200,121.54,200,121.56,300,121.59,200
2026-02-05 09:36:37,121.385,121.39,1,121.34,700,121.43,600,121.43,121.34,121.34,700,121.33,600,121.32,500,121.31,600,121.29,700,121.27,800,121.26,1300,121.21,600,121.2,200,121.19,900,121.43,600,121.44,200,121.47,300,121.49,100,121.51,1100,121.52,100,121.53,200,121.54,200,121.56,300,121.59,200
2026-02-05 09:36:38,121.385,121.39,1,121.34,700,121.43,600,121.43,121.34,121.34,700,121.33,600,121.32,500,121.31,600,121.29,700,121.27,800,121.26,1300,121.21,600,121.2,200,121.19,900,121.43,600,121.44,200,121.47,300,121.49,100,121.51,1100,121.52,100,121.53,200,121.54,200,121.56,300,121.59,200
2026-02-05 09:36:39,121.385,121.39,10,121.34,700,121.43,600,121.43,121.34,121.34,700,121.33,600,121.32,500,121.31,600,121.29,700,121.27,800,121.26,1300,121.21,600,121.2,200,121.19,900,121.43,600,121.44,200,121.47,300,121.49,100,121.51,1100,121.52,100,121.53,200,121.54,200,121.56,300,121.59,200
2026-02-05 09:36:40,121.385,121.36,2,121.34,700,121.43,600,121.43,121.34,121.34,700,121.33,600,121.32,500,121.31,600,121.29,700,121.27,800,121.26,1300,121.21,600,121.2,200,121.19,900,121.43,600,121.44,200,121.47,300,121.49,100,121.51,1100,121.52,100,121.53,200,121.54,200,121.56,300,121.59,200
2026-02-05 09:36:41,121.385,121.39,1,121.34,700,121.43,600,121.43,121.34,121.34,700,121.33,600,121.32,500,121.31,600,121.29,700,121.27,800,121.26,1300,121.21,600,121.2,200,121.19,900,121.43,600,121.44,200,121.47,300,121.49,100,121.51,1100,121.52,100,121.53,200,121.54,200,121.56,300,121.59,200
2026-02-05 09:36:42,121.385,121.39,1,121.34,700,121.43,600,121.43,121.34,121.34,700,121.33,600,121.32,500,121.31,600,121.29,700,121.27,800,121.26,1300,121.21,600,121.2,200,121.19,900,121.43,600,121.44,200,121.47,300,121.49,100,121.51,1100,121.52,100,121.53,200,121.54,200,121.56,300,121.59,200
2026-02-05 09:36:43,121.385,121.41,1,121.34,700,121.43,600,121.43,121.34,121.34,700,121.33,600,121.32,500,121.31,600,121.29,700,121.27,800,121.26,1300,121.21,600,121.2,200,121.19,900,121.43,600,121.44,200,121.47,300,121.49,100,121.51,1100,121.52,100,121.53,200,121.54,200,121.56,300,121.59,200
2026-02-05 09:36:44,121.385,121.4,2,121.34,700,121.43,600,121.43,121.34,121.34,700,121.33,600,121.32,500,121.31,600,121.29,700,121.27,800,121.26,1300,121.21,600,121.2,200,121.19,900,121.43,600,121.44,200,121.47,300,121.49,100,121.51,1100,121.52,100,121.53,200,121.54,200,121.56,300,121.59,200
2026-02-05 09:36:45,121.385,121.39,1,121.34,700,121.43,600,121.43,121.34,121.34,700,121.33,600,121.32,500,121.31,600,121.29,700,121.27,800,121.26,1300,121.21,600,121.2,200,121.19,900,121.43,600,121.44,200,121.47,300,121.49,100,121.51,1100,121.52,100,121.53,200,121.54,200,121.56,300,121.59,200
2026-02-05 09:36:46,121.385,121.39,1,121.34,700,121.43,600,121.43,121.34,121.34,700,121.33,600,121.32,500,121.31,600,121.29,700,121.27,800,121.26,1300,121.21,600,121.2,200,121.19,900,121.43,600,121.44,200,121.47,300,121.49,100,121.51,1100,121.52,100,121.53,200,121.54,200,121.56,300,121.59,200
2026-02-05 09:36:47,121.385,121.39,1,121.34,700,121.43,600,121.43,121.34,121.34,700,121.33,600,121.32,500,121.31,600,121.29,700,121.27,800,121.26,1300,121.21,600,121.2,200,121.19,900,121.43,600,121.44,200,121.47,300,121.49,100,121.51,1100,121.52,100,121.53,200,121.54,200,121.56,300,121.59,200
2026-02-05 09:36:48,121.425,121.43,2,121.39,500,121.46,100,121.46,121.39,121.39,500,121.38,600,121.36,100,121.35,100,121.34,700,121.33,600,121.32,500,121.31,600,121.29,700,121.27,800,121.46,100,121.47,300,121.49,100,121.51,1100,121.52,100,121.53,200,121.54,200,121.56,300,121.59,200,121.61,400
2026-02-05 09:36:49,121.41,121.39,1,121.39,400,121.43,100,121.43,121.39,121.39,400,121.38,100,121.37,100,121.36,1100,121.35,100,121.34,700,121.33,600,121.32,500,121.31,600,121.29,700,121.43,100,121.46,100,121.47,300,121.49,100,121.51,1100,121.52,100,121.53,200,121.54,200,121.56,300,121.59,200
2026-02-05 09:36:50,121.425,121.43,1,121.39,400,121.46,100,121.46,121.39,121.39,400,121.38,100,121.37,100,121.36,1100,121.35,100,121.34,700,121.33,600,121.32,500,121.31,600,121.29,700,121.46,100,121.47,300,121.49,100,121.51,1100,121.52,100,121.53,200,121.54,200,121.56,300,121.59,200,121.61,400
2026-02-05 09:36:51,121.435,121.44,1,121.41,900,121.46,100,121.46,121.41,121.41,900,121.39,400,121.38,100,121.37,100,121.36,1100,121.35,100,121.34,700,121.33,600,121.32,500,121.31,600,121.46,100,121.47,300,121.49,100,121.51,1100,121.52,100,121.53,200,121.54,200,121.56,300,121.59,200,121.61,400
2026-02-05 09:36:52,121.47,121.46,1,121.43,600,121.51,1300,121.51,121.43,121.43,600,121.41,1000,121.39,400,121.38,100,121.37,100,121.36,1100,121.35,100,121.34,700,121.33,600,121.32,500,121.51,1300,121.52,100,121.53,200,121.54,200,121.56,300,121.59,200,121.61,400,,,,,,
2026-02-05 09:36:53,121.47,121.46,1,121.43,600,121.51,1300,121.51,121.43,121.43,600,121.41,1000,121.39,400,121.38,100,121.37,100,121.36,1100,121.35,100,121.34,700,121.33,600,121.32,500,121.51,1300,121.52,100,121.53,200,121.54,200,121.56,300,121.59,200,121.61,400,,,,,,
2026-02-05 09:36:54,121.36,121.36,1,121.32,500,121.4,100,121.4,121.32,121.32,500,121.31,600,121.29,700,121.27,800,121.26,1300,121.21,600,121.2,200,121.19,900,121.18,600,121.17,200,121.4,100,121.42,200,121.43,200,121.44,100,121.45,200,121.46,200,121.5,100,121.51,1300,121.52,100,121.53,200
2026-02-05 09:36:55,121.36,121.36,1,121.32,500,121.4,100,121.4,121.32,121.32,500,121.31,600,121.29,700,121.27,800,121.26,1300,121.21,600,121.2,200,121.19,900,121.18,600,121.17,200,121.4,100,121.42,200,121.43,200,121.44,100,121.45,200,121.46,200,121.5,100,121.51,1300,121.52,100,121.53,200
2026-02-05 09:36:56,121.36,121.36,1,121.32,500,121.4,100,121.4,121.32,121.32,500,121.31,600,121.29,700,121.27,800,121.26,1300,121.21,600,121.2,200,121.19,900,121.18,600,121.17,200,121.4,100,121.42,200,121.43,200,121.44,100,121.45,200,121.46,200,121.5,100,121.51,1300,121.52,100,121.53,200
2026-02-05 09:36:57,121.36,121.36,1,121.32,600,121.4,300,121.4,121.32,121.32,600,121.31,600,121.29,700,121.27,800,121.26,1300,121.21,600,121.2,200,121.19,900,121.18,600,121.17,200,121.4,300,121.42,200,121.43,200,121.44,100,121.45,200,121.46,200,121.5,100,121.51,1300,121.52,100,121.53,200
2026-02-05 09:36:58,121.36,121.36,2,121.32,600,121.4,300,121.4,121.32,121.32,600,121.31,600,121.29,700,121.27,800,121.26,1300,121.21,600,121.2,200,121.19,900,121.18,600,121.17,200,121.4,300,121.42,200,121.43,200,121.44,100,121.45,200,121.46,200,121.5,100,121.51,1300,121.52,100,121.53,200
2026-02-05 09:36:59,121.215,121.26,1,121.17,300,121.26,100,121.26,121.17,121.17,300,121.16,600,121.15,500,121.13,100,121.12,100,121.1,200,121.05,500,121.03,600,121.0,100,120.96,700,121.26,100,121.28,300,121.31,200,121.32,100,121.33,100,121.35,200,121.36,400,121.39,100,121.4,300,121.42,200
2026-02-05 09:37:00,121.21,121.26,1,121.16,600,121.26,100,121.26,121.16,121.16,600,121.15,500,121.13,100,121.12,100,121.1,200,121.05,500,121.03,600,121.0,100,120.96,700,120.95,100,121.26,100,121.28,300,121.31,200,121.32,100,121.33,100,121.35,200,121.36,400,121.39,100,121.4,300,121.42,200
2026-02-05 09:37:01,121.265,121.26,1,121.22,200,121.31,500,121.31,121.22,121.22,200,121.21,100,121.19,100,121.18,100,121.16,500,121.15,500,121.13,100,121.12,100,121.1,200,121.05,500,121.31,500,121.32,100,121.33,100,121.35,200,121.36,400,121.39,100,121.4,300,121.42,200,121.43,200,121.44,100
2026-02-05 09:37:02,121.265,121.3,1,121.22,500,121.31,500,121.31,121.22,121.22,500,121.21,100,121.19,100,121.18,100,121.16,500,121.15,500,121.13,100,121.12,100,121.1,200,121.05,500,121.31,500,121.32,100,121.33,100,121.35,200,121.36,400,121.39,100,121.4,300,121.42,200,121.43,200,121.44,100
2026-02-05 09:37:03,121.33,121.31,1,121.24,500,121.42,300,121.42,121.24,121.24,500,121.23,200,121.22,500,121.21,100,121.19,100,121.18,100,121.16,500,121.15,500,121.13,100,121.12,100,121.42,300,121.43,200,121.44,100,121.45,200,121.46,200,121.5,100,121.51,1300,121.52,100,121.53,200,121.54,200
2026-02-05 09:37:04,121.32,121.31,1,121.22,800,121.42,300,121.42,121.22,121.22,800,121.21,100,121.19,100,121.18,100,121.16,500,121.15,500,121.13,100,121.12,100,121.1,200,121.05,500,121.42,300,121.43,200,121.44,100,121.45,200,121.46,200,121.5,100,121.51,1300,121.52,100,121.53,200,121.54,200
2026-02-05 09:37:05,121.325,121.31,1,121.22,800,121.43,900,121.43,121.22,121.22,800,121.21,100,121.19,100,121.18,100,121.16,500,121.15,500,121.13,100,121.12,100,121.1,200,121.05,500,121.43,900,121.44,100,121.45,200,121.46,200,121.5,100,121.51,1300,121.52,100,121.53,200,121.54,200,121.56,300
2026-02-05 09:37:06,121.325,121.39,1,121.22,1000,121.43,900,121.43,121.22,121.22,1000,121.21,100,121.19,100,121.18,100,121.16,500,121.15,500,121.13,100,121.12,100,121.1,200,121.05,500,121.43,900,121.44,100,121.45,200,121.46,200,121.5,100,121.51,1300,121.52,100,121.53,200,121.54,200,121.56,300
2026-02-05 09:37:07,121.325,121.39,1,121.22,1000,121.43,900,121.43,121.22,121.22,1000,121.21,100,121.19,100,121.18,100,121.16,500,121.15,500,121.13,100,121.12,100,121.1,200,121.05,500,121.43,900,121.44,100,121.45,200,121.46,200,121.5,100,121.51,1300,121.52,100,121.53,200,121.54,200,121.56,300
2026-02-05 09:37:08,121.325,121.39,1,121.22,1000,121.43,900,121.43,121.22,121.22,1000,121.21,100,121.19,100,121.18,100,121.16,500,121.15,500,121.13,100,121.12,100,121.1,200,121.05,500,121.43,900,121.44,100,121.45,200,121.46,200,121.5,100,121.51,1300,121.52,100,121.53,200,121.54,200,121.56,300
2026-02-05 09:37:09,121.415,121.44,1,121.38,200,121.45,300,121.45,121.38,121.38,200,121.37,300,121.36,100,121.33,200,121.31,100,121.3,400,121.29,200,121.22,800,121.21,100,121.19,100,121.45,300,121.48,200,121.49,100,121.51,500,121.52,100,121.53,200,121.54,200,121.56,300,121.59,200,121.61,400
2026-02-05 09:37:10,121.415,121.44,1,121.38,200,121.45,300,121.45,121.38,121.38,200,121.37,300,121.36,100,121.33,200,121.31,100,121.3,400,121.29,200,121.22,800,121.21,100,121.19,100,121.45,300,121.48,200,121.49,100,121.51,500,121.52,100,121.53,200,121.54,200,121.56,300,121.59,200,121.61,400
2026-02-05 09:37:11,121.455,121.47,1,121.44,100,121.47,200,121.47,121.44,121.44,100,121.41,200,121.37,500,121.36,100,121.33,200,121.31,100,121.3,400,121.29,200,121.22,800,121.21,100,121.47,200,121.49,100,121.51,500,121.52,100,121.53,200,121.54,200,121.56,300,121.59,200,121.61,400,,
2026-02-05 09:37:12,121.43,121.43,1,121.41,200,121.45,100,121.45,121.41,121.41,200,121.37,500,121.36,100,121.33,200,121.31,100,121.3,400,121.29,200,121.22,800,121.21,100,121.19,100,121.45,100,121.46,200,121.47,200,121.49,100,121.51,500,121.52,100,121.53,200,121.54,200,121.56,300,121.59,200
2026-02-05 09:37:13,121.44,121.45,1,121.39,300,121.49,400,121.49,121.39,121.39,300,121.38,200,121.37,100,121.36,400,121.33,200,121.31,100,121.3,400,121.29,200,121.22,800,121.21,100,121.49,400,121.51,500,121.52,100,121.53,200,121.54,200,121.56,300,121.59,200,121.61,400,,,,
2026-02-05 09:37:14,121.44,121.39,2,121.39,800,121.49,400,121.49,121.39,121.39,800,121.38,200,121.37,100,121.36,400,121.33,200,121.31,100,121.3,400,121.29,200,121.22,800,121.21,100,121.49,400,121.51,500,121.52,100,121.53,200,121.54,200,121.56,300,121.59,200,121.61,400,,,,
2026-02-05 09:37:15,121.445,121.44,2,121.39,900,121.5,200,121.5,121.39,121.39,900,121.38,200,121.37,100,121.36,400,121.33,200,121.31,100,121.3,400,121.29,200,121.22,800,121.21,100,121.5,200,121.51,500,121.52,100,121.53,200,121.54,200,121.56,300,121.59,200,121.61,400,,,,
2026-02-05 09:37:16,121.445,121.44,2,121.39,1400,121.5,200,121.5,121.39,121.39,1400,121.38,200,121.37,100,121.36,400,121.33,200,121.31,100,121.3,400,121.29,200,121.22,800,121.21,100,121.5,200,121.51,500,121.52,100,121.53,200,121.54,200,121.56,300,121.59,200,121.61,400,,,,
2026-02-05 09:37:16,121.445,121.55,35,121.39,1400,121.5,200,121.5,121.39,121.39,1400,121.38,200,121.37,100,121.36,400,121.33,200,121.31,100,121.3,400,121.29,200,121.22,800,121.21,100,121.5,200,121.51,500,121.52,100,121.53,200,121.54,200,121.56,300,121.59,200,121.61,400,,,,
