sim_time,mid_price,last_price,last_size,best_bid_price,best_bid_size,best_ask_price,best_ask_size,close_price_buy,close_price_sell,bid1_price,bid1_size,bid2_price,bid2_size,bid3_price,bid3_size,bid4_price,bid4_size,bid5_price,bid5_size,bid6_price,bid6_size,bid7_price,bid7_size,bid8_price,bid8_size,bid9_price,bid9_size,bid10_price,bid10_size,ask1_price,ask1_size,ask2_price,ask2_size,ask3_price,ask3_size,ask4_price,ask4_size,ask5_price,ask5_size,ask6_price,ask6_size,ask7_price,ask7_size,ask8_price,ask8_size,ask9_price,ask9_size,ask10_price,ask10_size
2020-10-29 09:30:25,76.08,76.05,1,76.05,4,76.11,3,76.11,76.05,76.05,4,76.04,3,76.03,1,76.01,6,76.0,4,75.99,8,75.98,4,75.97,7,75.96,6,,,76.11,3,76.12,6,76.13,4,76.14,5,76.15,6,76.16,3,76.17,1,76.41,1,76.48,6,76.79,3
2020-10-29 09:30:26,76.075,76.08,1,76.05,4,76.1,3,76.1,76.05,76.05,4,76.04,3,76.03,1,76.01,6,76.0,4,75.99,8,75.98,4,75.97,7,75.96,6,,,76.1,3,76.11,3,76.12,6,76.13,4,76.14,5,76.15,6,76.16,3,76.17,1,76.41,1,76.48,6
2020-10-29 09:30:27,76.075,76.08,1,76.05,4,76.1,4,76.1,76.05,76.05,4,76.04,3,76.03,1,76.01,6,76.0,4,75.99,8,75.98,4,75.97,7,75.96,6,,,76.1,4,76.11,3,76.12,6,76.13,4,76.14,5,76.15,6,76.16,3,76.17,1,76.41,1,76.48,6
2020-10-29 09:30:28,76.075,76.08,1,76.05,8,76.1,4,76.1,76.05,76.05,8,76.04,3,76.03,1,76.01,6,76.0,4,75.99,8,75.98,4,75.97,7,75.96,6,,,76.1,4,76.11,3,76.12,6,76.13,4,76.14,5,76.15,6,76.16,3,76.17,1,76.41,1,76.48,6
2020-10-29 09:30:29,76.065,76.07,1,76.05,6,76.08,4,76.08,76.05,76.05,6,76.04,3,76.03,1,76.01,6,76.0,4,75.99,8,75.98,4,75.97,7,75.96,6,,,76.08,4,76.09,3,76.1,3,76.11,3,76.12,6,76.13,4,76.14,5,76.15,6,76.16,3,76.17,1
2020-10-29 09:30:30,76.115,76.07,1,76.06,5,76.17,3,76.17,76.06,76.06,5,76.05,7,76.04,3,76.03,1,76.01,6,76.0,4,75.99,8,75.98,4,75.97,7,75.96,6,76.17,3,76.18,3,76.41,1,76.48,6,76.79,3,76.81,6,,,,,,,,
2020-10-29 09:30:31,76.115,76.07,1,76.06,5,76.17,5,76.17,76.06,76.06,5,76.05,7,76.04,3,76.03,1,76.01,6,76.0,4,75.99,8,75.98,4,75.97,7,75.96,6,76.17,5,76.18,3,76.41,1,76.48,6,76.79,3,76.81,6,,,,,,,,
2020-10-29 09:30:32,76.11,76.07,1,76.06,7,76.16,4,76.16,76.06,76.06,7,76.05,7,76.04,3,76.03,1,76.01,6,76.0,4,75.99,8,75.98,4,75.97,7,75.96,6,76.16,4,76.17,8,76.18,3,76.41,1,76.48,6,76.79,3,76.81,6,,,,,,
2020-10-29 09:30:34,76.12,76.07,1,76.08,3,76.16,4,76.16,76.08,76.08,3,76.07,3,76.06,7,76.05,7,76.04,3,76.03,1,76.01,6,76.0,4,75.99,8,75.98,4,76.16,4,76.17,8,76.18,3,76.41,1,76.48,6,76.79,3,76.81,6,,,,,,
2020-10-29 09:30:34,76.12,76.12,2,76.08,3,76.16,4,76.16,76.08,76.08,3,76.07,3,76.06,7,76.05,7,76.04,3,76.03,1,76.01,6,76.0,4,75.99,8,75.98,4,76.16,4,76.17,8,76.18,3,76.41,1,76.48,6,76.79,3,76.81,6,,,,,,
2020-10-29 09:30:35,76.12,76.12,2,76.08,3,76.16,4,76.16,76.08,76.08,3,76.07,3,76.06,7,76.05,7,76.04,3,76.03,1,76.01,6,76.0,4,75.99,8,75.98,4,76.16,4,76.17,8,76.18,3,76.41,1,76.48,6,76.79,3,76.81,6,,,,,,
2020-10-29 09:30:36,76.12,76.12,2,76.08,3,76.16,4,76.16,76.08,76.08,3,76.07,3,76.06,7,76.05,7,76.04,3,76.03,1,76.01,6,76.0,4,75.99,8,75.98,4,76.16,4,76.17,8,76.18,3,76.41,1,76.48,6,76.79,3,76.81,6,,,,,,
2020-10-29 09:30:38,76.12,76.12,2,76.08,3,76.16,4,76.16,76.08,76.08,3,76.07,3,76.06,7,76.05,7,76.04,3,76.03,1,76.01,6,76.0,4,75.99,8,75.98,4,76.16,4,76.17,8,76.18,3,76.41,1,76.48,6,76.79,3,76.81,6,,,,,,
2020-10-29 09:30:39,76.12,76.12,2,76.08,3,76.16,4,76.16,76.08,76.08,3,76.07,3,76.06,7,76.05,7,76.04,3,76.03,1,76.01,6,76.0,4,75.99,8,75.98,4,76.16,4,76.17,8,76.18,3,76.41,1,76.48,6,76.79,3,76.81,6,,,,,,
2020-10-29 09:30:40,76.12,76.12,1,76.08,7,76.16,4,76.16,76.08,76.08,7,76.07,3,76.06,7,76.05,7,76.04,3,76.03,1,76.01,6,76.0,4,75.99,8,75.98,4,76.16,4,76.17,8,76.18,3,76.41,1,76.48,6,76.79,3,76.81,6,,,,,,
2020-10-29 09:30:41,76.12,76.12,1,76.08,7,76.16,4,76.16,76.08,76.08,7,76.07,3,76.06,7,76.05,7,76.04,3,76.03,1,76.01,6,76.0,4,75.99,8,75.98,4,76.16,4,76.17,8,76.18,3,76.41,1,76.48,6,76.79,3,76.81,6,,,,,,
2020-10-29 09:30:41,76.12,76.12,1,76.08,7,76.16,4,76.16,76.08,76.08,7,76.07,3,76.06,7,76.05,7,76.04,3,76.03,1,76.01,6,76.0,4,75.99,8,75.98,4,76.16,4,76.17,8,76.18,3,76.41,1,76.48,6,76.79,3,76.81,6,,,,,,
2020-10-29 09:30:43,76.12,76.12,1,76.08,7,76.16,4,76.16,76.08,76.08,7,76.07,3,76.06,7,76.05,7,76.04,3,76.03,1,76.01,6,76.0,4,75.99,8,75.98,4,76.16,4,76.17,8,76.18,3,76.41,1,76.48,6,76.79,3,76.81,6,,,,,,
2020-10-29 09:30:43,76.12,76.12,1,76.08,7,76.16,4,76.16,76.08,76.08,7,76.07,3,76.06,7,76.05,7,76.04,3,76.03,1,76.01,6,76.0,4,75.99,8,75.98,4,76.16,4,76.17,8,76.18,3,76.41,1,76.48,6,76.79,3,76.81,6,,,,,,
2020-10-29 09:30:44,76.12,76.12,1,76.08,4,76.16,10,76.16,76.08,76.08,4,76.07,4,76.06,7,76.05,7,76.04,3,76.03,1,76.01,6,76.0,4,75.99,8,75.98,4,76.16,10,76.17,8,76.18,3,76.41,1,76.48,6,76.79,3,76.81,6,,,,,,
2020-10-29 09:30:46,76.12,76.12,1,76.08,4,76.16,10,76.16,76.08,76.08,4,76.07,4,76.06,7,76.05,7,76.04,3,76.03,1,76.01,6,76.0,4,75.99,8,75.98,4,76.16,10,76.17,8,76.18,3,76.41,1,76.48,6,76.79,3,76.81,6,,,,,,
2020-10-29 09:30:47,76.12,76.12,1,76.08,4,76.16,10,76.16,76.08,76.08,4,76.07,4,76.06,7,76.05,7,76.04,3,76.03,1,76.01,6,76.0,4,75.99,8,75.98,4,76.16,10,76.17,8,76.18,3,76.41,1,76.48,6,76.79,3,76.81,6,,,,,,
2020-10-29 09:30:47,76.12,76.12,1,76.08,4,76.16,10,76.16,76.08,76.08,4,76.07,4,76.06,7,76.05,7,76.04,3,76.03,1,76.01,6,76.0,4,75.99,8,75.98,4,76.16,10,76.17,8,76.18,3,76.41,1,76.48,6,76.79,3,76.81,6,,,,,,
2020-10-29 09:30:49,76.12,76.12,1,76.08,4,76.16,10,76.16,76.08,76.08,4,76.07,4,76.06,7,76.05,7,76.04,3,76.03,1,76.01,6,76.0,4,75.99,8,75.98,4,76.16,10,76.17,8,76.18,3,76.41,1,76.48,6,76.79,3,76.81,6,,,,,,
2020-10-29 09:30:50,76.12,76.12,1,76.08,4,76.16,10,76.16,76.08,76.08,4,76.07,4,76.06,7,76.05,7,76.04,3,76.03,1,76.01,6,76.0,4,75.99,8,75.98,4,76.16,10,76.17,8,76.18,3,76.41,1,76.48,6,76.79,3,76.81,6,,,,,,
2020-10-29 09:30:51,76.12,76.12,1,76.08,4,76.16,10,76.16,76.08,76.08,4,76.07,4,76.06,7,76.05,7,76.04,3,76.03,1,76.01,6,76.0,4,75.99,8,75.98,4,76.16,10,76.17,8,76.18,3,76.41,1,76.48,6,76.79,3,76.81,6,,,,,,
2020-10-29 09:30:51,76.12,76.12,1,76.08,4,76.16,10,76.16,76.08,76.08,4,76.07,4,76.06,7,76.05,7,76.04,3,76.03,1,76.01,6,76.0,4,75.99,8,75.98,4,76.16,10,76.17,8,76.18,3,76.41,1,76.48,6,76.79,3,76.81,6,,,,,,
2020-10-29 09:30:53,76.12,76.12,1,76.08,4,76.16,10,76.16,76.08,76.08,4,76.07,4,76.06,7,76.05,7,76.04,3,76.03,1,76.01,6,76.0,4,75.99,8,75.98,4,76.16,10,76.17,8,76.18,3,76.41,1,76.48,6,76.79,3,76.81,6,,,,,,
2020-10-29 09:30:54,76.12,76.12,1,76.08,4,76.16,10,76.16,76.08,76.08,4,76.07,4,76.06,7,76.05,7,76.04,3,76.03,1,76.01,6,76.0,4,75.99,8,75.98,4,76.16,10,76.17,8,76.18,3,76.41,1,76.48,6,76.79,3,76.81,6,,,,,,
2020-10-29 09:30:55,76.12,76.12,1,76.08,4,76.16,10,76.16,76.08,76.08,4,76.07,4,76.06,7,76.05,7,76.04,3,76.03,1,76.01,6,76.0,4,75.99,8,75.98,4,76.16,10,76.17,8,76.18,3,76.41,1,76.48,6,76.79,3,76.81,6,,,,,,
2020-10-29 09:30:56,76.135,76.13,2,76.11,6,76.16,10,76.16,76.11,76.11,6,76.08,4,76.07,4,76.06,7,76.05,7,76.04,3,76.03,1,76.01,6,76.0,4,75.99,8,76.16,10,76.17,8,76.18,3,76.41,1,76.48,6,76.79,3,76.81,6,,,,,,
2020-10-29 09:30:57,76.135,76.13,2,76.11,6,76.16,10,76.16,76.11,76.11,6,76.08,4,76.07,4,76.06,7,76.05,7,76.04,3,76.03,1,76.01,6,76.0,4,75.99,8,76.16,10,76.17,8,76.18,3,76.41,1,76.48,6,76.79,3,76.81,6,,,,,,
2020-10-29 09:30:58,76.13,76.13,2,76.11,6,76.15,1,76.15,76.11,76.11,6,76.08,4,76.07,4,76.06,7,76.05,7,76.04,3,76.03,1,76.01,6,76.0,4,75.99,8,76.15,1,76.16,9,76.17,8,76.18,3,76.41,1,76.48,6,76.79,3,76.81,6,,,,
2020-10-29 09:30:59,76.13,76.13,2,76.11,6,76.15,1,76.15,76.11,76.11,6,76.08,4,76.07,4,76.06,7,76.05,7,76.04,3,76.03,1,76.01,6,76.0,4,75.99,8,76.15,1,76.16,9,76.17,8,76.18,3,76.41,1,76.48,6,76.79,3,76.81,6,,,,
2020-10-29 09:31:00,76.13,76.13,2,76.11,6,76.15,1,76.15,76.11,76.11,6,76.08,4,76.07,4,76.06,7,76.05,7,76.04,3,76.03,1,76.01,6,76.0,4,75.99,8,76.15,1,76.16,9,76.17,8,76.18,3,76.41,1,76.48,6,76.79,3,76.81,6,,,,
2020-10-29 09:31:01,76.13,76.13,2,76.11,6,76.15,2,76.15,76.11,76.11,6,76.08,4,76.07,4,76.06,7,76.05,7,76.04,3,76.03,1,76.01,6,76.0,4,75.99,8,76.15,2,76.16,9,76.17,8,76.18,3,76.41,1,76.48,6,76.79,3,76.81,6,,,,
2020-10-29 09:31:02,76.13,76.1,3,76.11,7,76.15,2,76.15,76.11,76.11,7,76.08,4,76.07,4,76.06,7,76.05,7,76.04,3,76.03,1,76.01,6,76.0,4,75.99,8,76.15,2,76.16,9,76.17,8,76.18,3,76.41,1,76.48,6,76.79,3,76.81,6,,,,
2020-10-29 09:31:03,76.125,76.13,1,76.11,7,76.14,1,76.14,76.11,76.11,7,76.08,4,76.07,4,76.06,7,76.05,7,76.04,3,76.03,1,76.01,6,76.0,4,75.99,8,76.14,1,76.15,2,76.16,9,76.17,8,76.18,3,76.41,1,76.48,6,76.79,3,76.81,6,,
2020-10-29 09:31:04,76.06,76.07,1,76.03,4,76.09,3,76.09,76.03,76.03,4,76.01,6,76.0,4,75.99,8,75.98,4,75.97,7,75.96,6,,,,,,,76.09,3,76.1,4,76.11,1,76.14,6,76.15,2,76.16,9,76.17,8,76.18,3,76.41,1,76.48,6
2020-10-29 09:31:05,76.06,76.06,1,76.03,3,76.09,3,76.09,76.03,76.03,3,76.01,6,76.0,4,75.99,8,75.98,4,75.97,7,75.96,6,,,,,,,76.09,3,76.1,4,76.11,1,76.14,6,76.15,2,76.16,9,76.17,8,76.18,3,76.41,1,76.48,6
2020-10-29 09:31:06,76.065,76.06,1,76.04,3,76.09,8,76.09,76.04,76.04,3,76.03,3,76.01,6,76.0,4,75.99,8,75.98,4,75.97,7,75.96,6,,,,,76.09,8,76.1,4,76.11,1,76.14,6,76.15,2,76.16,9,76.17,8,76.18,3,76.41,1,76.48,6
2020-10-29 09:31:08,76.085,76.09,1,76.04,5,76.13,4,76.13,76.04,76.04,5,76.03,3,76.01,6,76.0,4,75.99,8,75.98,4,75.97,7,75.96,6,,,,,76.13,4,76.14,3,76.15,7,76.16,9,76.17,8,76.18,3,76.41,1,76.48,6,76.79,3,76.81,6
2020-10-29 09:31:09,76.06,76.09,1,76.03,6,76.09,5,76.09,76.03,76.03,6,76.01,6,76.0,4,75.99,8,75.98,4,75.97,7,75.96,6,,,,,,,76.09,5,76.13,5,76.14,3,76.15,7,76.16,9,76.17,8,76.18,3,76.41,1,76.48,6,76.79,3
2020-10-29 09:31:10,76.06,76.04,1,76.03,6,76.09,5,76.09,76.03,76.03,6,76.01,6,76.0,4,75.99,8,75.98,4,75.97,7,75.96,6,,,,,,,76.09,5,76.13,5,76.14,3,76.15,7,76.16,9,76.17,8,76.18,3,76.41,1,76.48,6,76.79,3
2020-10-29 09:31:11,76.045,76.03,1,76.03,1,76.06,3,76.06,76.03,76.03,1,76.01,10,76.0,4,75.99,8,75.98,4,75.97,7,75.96,6,,,,,,,76.06,3,76.07,3,76.08,3,76.09,9,76.13,5,76.14,3,76.15,7,76.16,9,76.17,8,76.18,3
2020-10-29 09:31:12,76.05,76.03,1,76.03,1,76.07,5,76.07,76.03,76.03,1,76.01,10,76.0,4,75.99,8,75.98,4,75.97,7,75.96,6,,,,,,,76.07,5,76.08,3,76.09,9,76.13,5,76.14,3,76.15,7,76.16,9,76.17,8,76.18,3,76.41,1
2020-10-29 09:31:13,76.03,76.03,1,76.01,10,76.05,3,76.05,76.01,76.01,10,76.0,4,75.99,8,75.98,4,75.97,7,75.96,6,,,,,,,,,76.05,3,76.07,5,76.08,3,76.09,9,76.13,5,76.14,3,76.15,7,76.16,9,76.17,8,76.18,3
2020-10-29 09:31:14,76.025,76.03,1,76.0,5,76.05,3,76.05,76.0,76.0,5,75.99,8,75.98,4,75.97,7,75.96,6,,,,,,,,,,,76.05,3,76.07,5,76.08,3,76.09,9,76.13,5,76.14,3,76.15,7,76.16,9,76.17,8,76.18,3
2020-10-29 09:31:15,76.025,76.03,1,76.0,6,76.05,8,76.05,76.0,76.0,6,75.99,8,75.98,4,75.97,7,75.96,6,,,,,,,,,,,76.05,8,76.07,5,76.08,3,76.09,9,76.13,5,76.14,3,76.15,7,76.16,9,76.17,8,76.18,3
2020-10-29 09:31:16,76.015,76.03,1,75.99,9,76.04,4,76.04,75.99,75.99,9,75.98,4,75.97,7,75.96,6,,,,,,,,,,,,,76.04,4,76.05,7,76.07,5,76.08,3,76.09,9,76.13,5,76.14,3,76.15,7,76.16,9,76.17,8
2020-10-29 09:31:17,75.99,76.0,1,75.96,3,76.02,6,76.02,75.96,75.96,3,,,,,,,,,,,,,,,,,,,76.02,6,76.03,3,76.04,4,76.05,7,76.07,5,76.08,3,76.09,9,76.13,5,76.14,3,76.15,7
2020-10-29 09:31:18,75.985,76.0,1,75.96,3,76.01,4,76.01,75.96,75.96,3,,,,,,,,,,,,,,,,,,,76.01,4,76.02,8,76.03,3,76.04,4,76.05,7,76.07,5,76.08,3,76.09,9,76.13,5,76.14,3
2020-10-29 09:31:19,75.985,76.0,1,75.96,3,76.01,4,76.01,75.96,75.96,3,,,,,,,,,,,,,,,,,,,76.01,4,76.02,8,76.03,3,76.04,4,76.05,7,76.07,5,76.08,3,76.09,9,76.13,5,76.14,3
2020-10-29 09:31:20,75.985,76.0,1,75.96,3,76.01,4,76.01,75.96,75.96,3,,,,,,,,,,,,,,,,,,,76.01,4,76.02,8,76.03,3,76.04,4,76.05,7,76.07,5,76.08,3,76.09,9,76.13,5,76.14,3
2020-10-29 09:31:21,75.985,76.0,1,75.96,3,76.01,4,76.01,75.96,75.96,3,,,,,,,,,,,,,,,,,,,76.01,4,76.02,8,76.03,3,76.04,4,76.05,7,76.07,5,76.08,3,76.09,9,76.13,5,76.14,3
2020-10-29 09:31:22,75.985,76.0,1,75.96,3,76.01,4,76.01,75.96,75.96,3,,,,,,,,,,,,,,,,,,,76.01,4,76.02,8,76.03,3,76.04,4,76.05,7,76.07,5,76.08,3,76.09,9,76.13,5,76.14,3
2020-10-29 09:31:23,75.985,76.0,1,75.96,3,76.01,4,76.01,75.96,75.96,3,,,,,,,,,,,,,,,,,,,76.01,4,76.02,8,76.03,3,76.04,4,76.05,7,76.07,5,76.08,3,76.09,9,76.13,5,76.14,3
2020-10-29 09:31:24,75.985,76.0,1,75.96,3,76.01,4,76.01,75.96,75.96,3,,,,,,,,,,,,,,,,,,,76.01,4,76.02,8,76.03,3,76.04,4,76.05,7,76.07,5,76.08,3,76.09,9,76.13,5,76.14,3
2020-10-29 09:31:25,75.985,76.0,1,75.96,3,76.01,7,76.01,75.96,75.96,3,,,,,,,,,,,,,,,,,,,76.01,7,76.02,8,76.03,3,76.04,4,76.05,7,76.07,5,76.08,3,76.09,9,76.13,5,76.14,3
2020-10-29 09:31:26,75.985,76.0,1,75.96,3,76.01,7,76.01,75.96,75.96,3,,,,,,,,,,,,,,,,,,,76.01,7,76.02,8,76.03,3,76.04,4,76.05,7,76.07,5,76.08,3,76.09,9,76.13,5,76.14,3
2020-10-29 09:31:27,75.985,76.0,1,75.96,3,76.01,7,76.01,75.96,75.96,3,,,,,,,,,,,,,,,,,,,76.01,7,76.02,8,76.03,3,76.04,4,76.05,7,76.07,5,76.08,3,76.09,9,76.13,5,76.14,3
2020-10-29 09:31:28,75.985,75.96,1,75.96,2,76.01,7,76.01,75.96,75.96,2,,,,,,,,,,,,,,,,,,,76.01,7,76.02,8,76.03,3,76.04,4,76.05,7,76.07,5,76.08,3,76.09,9,76.13,5,76.14,3
2020-10-29 09:31:29,75.985,75.96,1,75.96,1,76.01,7,76.01,75.96,75.96,1,,,,,,,,,,,,,,,,,,,76.01,7,76.02,8,76.03,3,76.04,4,76.05,7,76.07,5,76.08,3,76.09,9,76.13,5,76.14,3
2020-10-29 09:31:30,75.965,75.96,1,75.94,3,75.99,4,75.99,75.94,75.94,3,,,,,,,,,,,,,,,,,,,75.99,4,76.01,7,76.02,8,76.03,3,76.04,4,76.05,7,76.07,5,76.08,3,76.09,9,76.13,5
2020-10-29 09:31:31,75.905,75.93,2,75.89,1,75.92,1,75.92,75.89,75.89,1,,,,,,,,,,,,,,,,,,,75.92,1,75.95,6,75.97,5,75.98,3,75.99,4,76.01,7,76.02,8,76.03,3,76.04,4,76.05,7
2020-10-29 09:31:32,75.89,75.87,1,75.87,4,75.91,6,75.91,75.87,75.87,4,,,,,,,,,,,,,,,,,,,75.91,6,75.92,4,75.95,6,75.97,5,75.98,3,75.99,4,76.01,7,76.02,8,76.03,3,76.04,4
2020-10-29 09:31:33,75.935,75.93,1,75.88,6,75.99,6,75.99,75.88,75.88,6,75.87,4,,,,,,,,,,,,,,,,,75.99,6,76.01,7,76.02,8,76.03,3,76.04,4,76.05,7,76.07,5,76.08,3,76.09,9,76.13,5
2020-10-29 09:31:34,75.94,75.93,1,75.89,2,75.99,6,75.99,75.89,75.89,2,75.88,6,75.87,4,,,,,,,,,,,,,,,75.99,6,76.01,7,76.02,8,76.03,3,76.04,4,76.05,7,76.07,5,76.08,3,76.09,9,76.13,5
2020-10-29 09:31:35,75.945,75.93,1,75.9,3,75.99,6,75.99,75.9,75.9,3,75.89,3,75.88,6,75.87,4,,,,,,,,,,,,,75.99,6,76.01,7,76.02,8,76.03,3,76.04,4,76.05,7,76.07,5,76.08,3,76.09,9,76.13,5
2020-10-29 09:31:36,75.945,75.94,1,75.9,3,75.99,6,75.99,75.9,75.9,3,75.89,3,75.88,6,75.87,4,,,,,,,,,,,,,75.99,6,76.01,7,76.02,8,76.03,3,76.04,4,76.05,7,76.07,5,76.08,3,76.09,9,76.13,5
2020-10-29 09:31:37,75.945,75.94,1,75.9,3,75.99,6,75.99,75.9,75.9,3,75.89,3,75.88,6,75.87,4,,,,,,,,,,,,,75.99,6,76.01,7,76.02,8,76.03,3,76.04,4,76.05,7,76.07,5,76.08,3,76.09,9,76.13,5
2020-10-29 09:31:38,75.945,75.94,1,75.9,3,75.99,6,75.99,75.9,75.9,3,75.89,3,75.88,6,75.87,4,,,,,,,,,,,,,75.99,6,76.01,7,76.02,8,76.03,3,76.04,4,76.05,7,76.07,5,76.08,3,76.09,9,76.13,5
2020-10-29 09:31:39,75.945,75.94,1,75.9,3,75.99,6,75.99,75.9,75.9,3,75.89,3,75.88,6,75.87,4,,,,,,,,,,,,,75.99,6,76.01,7,76.02,8,76.03,3,76.04,4,76.05,7,76.07,5,76.08,3,76.09,9,76.13,5
2020-10-29 09:31:40,75.96,75.95,1,75.94,2,75.98,1,75.98,75.94,75.94,2,75.93,10,75.91,3,75.9,3,75.89,3,75.88,6,75.87,4,,,,,,,75.98,1,75.99,7,76.01,7,76.02,8,76.03,3,76.04,4,76.05,7,76.07,5,76.08,3,76.09,9
2020-10-29 09:31:41,75.94,75.93,1,75.91,1,75.97,5,75.97,75.91,75.91,1,75.9,5,75.89,3,75.88,6,75.87,4,,,,,,,,,,,75.97,5,75.98,4,75.99,7,76.01,7,76.02,8,76.03,3,76.04,4,76.05,7,76.07,5,76.08,3
2020-10-29 09:31:42,75.94,75.94,1,75.91,1,75.97,5,75.97,75.91,75.91,1,75.9,5,75.89,3,75.88,6,75.87,4,,,,,,,,,,,75.97,5,75.98,4,75.99,7,76.01,7,76.02,8,76.03,3,76.04,4,76.05,7,76.07,5,76.08,3
2020-10-29 09:31:43,75.94,75.94,1,75.91,4,75.97,6,75.97,75.91,75.91,4,75.9,5,75.89,3,75.88,6,75.87,4,,,,,,,,,,,75.97,6,75.98,4,75.99,7,76.01,7,76.02,8,76.03,3,76.04,4,76.05,7,76.07,5,76.08,3
2020-10-29 09:31:44,75.925,75.91,1,75.89,2,75.96,1,75.96,75.89,75.89,2,75.88,6,75.87,4,,,,,,,,,,,,,,,75.96,1,75.97,5,75.98,4,75.99,7,76.01,7,76.02,8,76.03,3,76.04,4,76.05,7,76.07,5
2020-10-29 09:31:45,75.935,75.91,1,75.91,1,75.96,2,75.96,75.91,75.91,1,75.9,3,75.89,2,75.88,6,75.87,4,,,,,,,,,,,75.96,2,75.97,5,75.98,4,75.99,7,76.01,7,76.02,8,76.03,3,76.04,4,76.05,7,76.07,5
2020-10-29 09:31:46,75.9,75.89,1,75.87,12,75.93,5,75.93,75.87,75.87,12,,,,,,,,,,,,,,,,,,,75.93,5,75.94,2,75.96,3,75.97,5,75.98,4,75.99,7,76.01,7,76.02,8,76.03,3,76.04,4
2020-10-29 09:31:47,75.91,75.92,1,75.88,8,75.94,6,75.94,75.88,75.88,8,75.87,12,,,,,,,,,,,,,,,,,75.94,6,75.96,3,75.97,5,75.98,4,75.99,7,76.01,7,76.02,8,76.03,3,76.04,4,76.05,7
2020-10-29 09:31:48,75.91,75.92,1,75.88,8,75.94,6,75.94,75.88,75.88,8,75.87,12,,,,,,,,,,,,,,,,,75.94,6,75.96,3,75.97,5,75.98,4,75.99,7,76.01,7,76.02,8,76.03,3,76.04,4,76.05,7
2020-10-29 09:31:49,75.91,75.92,1,75.88,8,75.94,6,75.94,75.88,75.88,8,75.87,12,,,,,,,,,,,,,,,,,75.94,6,75.96,3,75.97,5,75.98,4,75.99,7,76.01,7,76.02,8,76.03,3,76.04,4,76.05,7
2020-10-29 09:31:50,75.91,75.92,1,75.88,8,75.94,6,75.94,75.88,75.88,8,75.87,12,,,,,,,,,,,,,,,,,75.94,6,75.96,3,75.97,5,75.98,4,75.99,7,76.01,7,76.02,8,76.03,3,76.04,4,76.05,7
2020-10-29 09:31:51,75.915,75.92,1,75.89,1,75.94,7,75.94,75.89,75.89,1,75.88,10,75.87,12,,,,,,,,,,,,,,,75.94,7,75.96,3,75.97,5,75.98,4,75.99,7,76.01,7,76.02,8,76.03,3,76.04,4,76.05,7
2020-10-29 09:31:52,75.91,75.91,1,75.88,9,75.94,7,75.94,75.88,75.88,9,75.87,12,,,,,,,,,,,,,,,,,75.94,7,75.96,3,75.97,5,75.98,4,75.99,7,76.01,7,76.02,8,76.03,3,76.04,4,76.05,7
2020-10-29 09:31:53,75.91,75.91,1,75.88,9,75.94,7,75.94,75.88,75.88,9,75.87,12,,,,,,,,,,,,,,,,,75.94,7,75.96,3,75.97,5,75.98,4,75.99,7,76.01,7,76.02,8,76.03,3,76.04,4,76.05,7
2020-10-29 09:31:54,75.91,75.91,1,75.88,9,75.94,7,75.94,75.88,75.88,9,75.87,12,,,,,,,,,,,,,,,,,75.94,7,75.96,3,75.97,5,75.98,4,75.99,7,76.01,7,76.02,8,76.03,3,76.04,4,76.05,7
2020-10-29 09:31:55,75.9,75.91,1,75.88,9,75.92,1,75.92,75.88,75.88,9,75.87,12,,,,,,,,,,,,,,,,,75.92,1,75.94,7,75.96,3,75.97,5,75.98,4,75.99,7,76.01,7,76.02,8,76.03,3,76.04,4
2020-10-29 09:31:56,75.895,75.88,1,75.87,12,75.92,1,75.92,75.87,75.87,12,,,,,,,,,,,,,,,,,,,75.92,1,75.94,7,75.96,3,75.97,5,75.98,4,75.99,7,76.01,7,76.02,8,76.03,3,76.04,4
2020-10-29 09:31:57,75.89,75.87,1,75.86,4,75.92,1,75.92,75.86,75.86,4,,,,,,,,,,,,,,,,,,,75.92,1,75.94,7,75.96,3,75.97,5,75.98,4,75.99,7,76.01,7,76.02,8,76.03,3,76.04,4
2020-10-29 09:31:58,75.89,75.87,1,75.86,6,75.92,1,75.92,75.86,75.86,6,,,,,,,,,,,,,,,,,,,75.92,1,75.94,7,75.96,3,75.97,5,75.98,4,75.99,7,76.01,7,76.02,8,76.03,3,76.04,4
2020-10-29 09:31:59,75.89,75.87,1,75.86,6,75.92,3,75.92,75.86,75.86,6,,,,,,,,,,,,,,,,,,,75.92,3,75.94,7,75.96,3,75.97,5,75.98,4,75.99,7,76.01,7,76.02,8,76.03,3,76.04,4
2020-10-29 09:32:00,75.89,75.9,1,75.86,6,75.92,3,75.92,75.86,75.86,6,,,,,,,,,,,,,,,,,,,75.92,3,75.94,7,75.96,3,75.97,5,75.98,4,75.99,7,76.01,7,76.02,8,76.03,3,76.04,4
2020-10-29 09:32:01,75.89,75.9,1,75.86,9,75.92,3,75.92,75.86,75.86,9,,,,,,,,,,,,,,,,,,,75.92,3,75.94,7,75.96,3,75.97,5,75.98,4,75.99,7,76.01,7,76.02,8,76.03,3,76.04,4
2020-10-29 09:32:02,75.89,75.9,1,75.86,9,75.92,3,75.92,75.86,75.86,9,,,,,,,,,,,,,,,,,,,75.92,3,75.94,7,75.96,3,75.97,5,75.98,4,75.99,7,76.01,7,76.02,8,76.03,3,76.04,4
2020-10-29 09:32:03,75.89,75.9,1,75.86,9,75.92,3,75.92,75.86,75.86,9,,,,,,,,,,,,,,,,,,,75.92,3,75.94,7,75.96,3,75.97,5,75.98,4,75.99,7,76.01,7,76.02,8,76.03,3,76.04,4
2020-10-29 09:32:04,75.89,75.9,1,75.86,9,75.92,3,75.92,75.86,75.86,9,,,,,,,,,,,,,,,,,,,75.92,3,75.94,7,75.96,3,75.97,5,75.98,4,75.99,7,76.01,7,76.02,8,76.03,3,76.04,4
2020-10-29 09:32:05,75.89,75.9,1,75.86,9,75.92,6,75.92,75.86,75.86,9,,,,,,,,,,,,,,,,,,,75.92,6,75.94,7,75.96,3,75.97,5,75.98,4,75.99,7,76.01,7,76.02,8,76.03,3,76.04,4
2020-10-29 09:32:06,75.89,75.9,1,75.86,9,75.92,6,75.92,75.86,75.86,9,,,,,,,,,,,,,,,,,,,75.92,6,75.94,7,75.96,3,75.97,5,75.98,4,75.99,7,76.01,7,76.02,8,76.03,3,76.04,4
2020-10-29 09:32:07,75.89,75.89,1,75.86,9,75.92,6,75.92,75.86,75.86,9,,,,,,,,,,,,,,,,,,,75.92,6,75.94,7,75.96,3,75.97,5,75.98,4,75.99,7,76.01,7,76.02,8,76.03,3,76.04,4
2020-10-29 09:32:08,75.895,75.92,6,75.87,3,75.92,7,75.92,75.87,75.87,3,75.86,9,,,,,,,,,,,,,,,,,75.92,7,75.94,7,75.96,3,75.97,5,75.98,4,75.99,7,76.01,7,76.02,8,76.03,3,76.04,4
2020-10-29 09:32:09,75.89,75.87,1,75.86,8,75.92,7,75.92,75.86,75.86,8,,,,,,,,,,,,,,,,,,,75.92,7,75.94,7,75.96,3,75.97,5,75.98,4,75.99,7,76.01,7,76.02,8,76.03,3,76.04,4
2020-10-29 09:32:10,75.89,75.87,1,75.86,8,75.92,7,75.92,75.86,75.86,8,,,,,,,,,,,,,,,,,,,75.92,7,75.94,7,75.96,3,75.97,5,75.98,4,75.99,7,76.01,7,76.02,8,76.03,3,76.04,4
2020-10-29 09:32:11,75.845,75.84,1,75.83,4,75.86,4,75.86,75.83,75.83,4,,,,,,,,,,,,,,,,,,,75.86,4,75.87,1,75.88,2,75.89,2,75.91,1,75.92,7,75.94,7,75.96,3,75.97,5,75.98,4
2020-10-29 09:32:12,75.83,75.8,1,75.8,8,75.86,5,75.86,75.8,75.8,8,,,,,,,,,,,,,,,,,,,75.86,5,75.87,1,75.88,2,75.89,2,75.91,1,75.92,7,75.94,7,75.96,3,75.97,5,75.98,4
2020-10-29 09:32:13,75.83,75.82,1,75.8,8,75.86,8,75.86,75.8,75.8,8,,,,,,,,,,,,,,,,,,,75.86,8,75.87,1,75.88,2,75.89,2,75.91,1,75.92,7,75.94,7,75.96,3,75.97,5,75.98,4
2020-10-29 09:32:14,75.835,75.82,1,75.81,4,75.86,8,75.86,75.81,75.81,4,75.8,8,,,,,,,,,,,,,,,,,75.86,8,75.87,1,75.88,2,75.89,2,75.91,1,75.92,7,75.94,7,75.96,3,75.97,5,75.98,4
2020-10-29 09:32:15,75.835,75.82,1,75.81,4,75.86,7,75.86,75.81,75.81,4,75.8,8,,,,,,,,,,,,,,,,,75.86,7,75.87,1,75.88,2,75.89,2,75.91,1,75.92,7,75.94,7,75.96,3,75.97,5,75.98,4
2020-10-29 09:32:16,75.845,75.86,1,75.82,4,75.87,4,75.87,75.82,75.82,4,75.81,4,75.8,8,,,,,,,,,,,,,,,75.87,4,75.88,2,75.89,2,75.91,1,75.92,7,75.94,7,75.96,3,75.97,5,75.98,4,75.99,7
2020-10-29 09:32:17,75.84,75.82,3,75.82,4,75.86,2,75.86,75.82,75.82,4,75.81,4,75.8,8,,,,,,,,,,,,,,,75.86,2,75.87,4,75.88,2,75.89,2,75.91,1,75.92,7,75.94,7,75.96,3,75.97,5,75.98,4
2020-10-29 09:32:18,75.84,75.84,1,75.82,5,75.86,6,75.86,75.82,75.82,5,75.81,5,75.8,8,,,,,,,,,,,,,,,75.86,6,75.87,4,75.88,2,75.89,2,75.91,1,75.92,7,75.94,7,75.96,3,75.97,5,75.98,4
2020-10-29 09:32:19,75.82,75.83,1,75.8,4,75.84,1,75.84,75.8,75.8,4,75.79,8,,,,,,,,,,,,,,,,,75.84,1,75.85,5,75.86,8,75.87,4,75.88,2,75.89,2,75.91,1,75.92,7,75.94,7,75.96,3
2020-10-29 09:32:20,75.815,75.83,1,75.79,8,75.84,4,75.84,75.79,75.79,8,,,,,,,,,,,,,,,,,,,75.84,4,75.85,5,75.86,8,75.87,4,75.88,2,75.89,2,75.91,1,75.92,7,75.94,7,75.96,3
2020-10-29 09:32:21,75.795,75.82,1,75.77,5,75.82,8,75.82,75.77,75.77,5,,,,,,,,,,,,,,,,,,,75.82,8,75.83,1,75.84,4,75.85,5,75.86,8,75.87,4,75.88,2,75.89,2,75.91,1,75.92,7
2020-10-29 09:32:22,75.735,75.74,1,75.7,6,75.77,5,75.77,75.7,75.7,6,,,,,,,,,,,,,,,,,,,75.77,5,75.78,6,75.79,7,75.8,6,75.81,5,75.82,8,75.83,1,75.84,4,75.85,5,75.86,8
2020-10-29 09:32:23,75.735,75.7,3,75.7,6,75.77,5,75.77,75.7,75.7,6,,,,,,,,,,,,,,,,,,,75.77,5,75.78,6,75.79,7,75.8,6,75.81,5,75.82,8,75.83,1,75.84,4,75.85,5,75.86,8
2020-10-29 09:32:24,75.735,75.7,3,75.7,6,75.77,5,75.77,75.7,75.7,6,,,,,,,,,,,,,,,,,,,75.77,5,75.78,6,75.79,7,75.8,6,75.81,5,75.82,8,75.83,1,75.84,4,75.85,5,75.86,8
2020-10-29 09:32:25,75.735,75.74,1,75.7,6,75.77,13,75.77,75.7,75.7,6,,,,,,,,,,,,,,,,,,,75.77,13,75.78,6,75.79,7,75.8,6,75.81,5,75.82,8,75.83,1,75.84,4,75.85,5,75.86,8
2020-10-29 09:32:26,75.735,75.73,1,75.7,6,75.77,13,75.77,75.7,75.7,6,,,,,,,,,,,,,,,,,,,75.77,13,75.78,6,75.79,7,75.8,6,75.81,5,75.82,8,75.83,1,75.84,4,75.85,5,75.86,8
2020-10-29 09:32:27,75.735,75.73,1,75.7,6,75.77,14,75.77,75.7,75.7,6,,,,,,,,,,,,,,,,,,,75.77,14,75.78,6,75.79,7,75.8,6,75.81,5,75.82,8,75.83,1,75.84,4,75.85,5,75.86,8
2020-10-29 09:32:28,75.735,75.73,1,75.7,6,75.77,14,75.77,75.7,75.7,6,,,,,,,,,,,,,,,,,,,75.77,14,75.78,6,75.79,7,75.8,6,75.81,5,75.82,8,75.83,1,75.84,4,75.85,5,75.86,8
2020-10-29 09:32:29,75.735,75.73,1,75.7,6,75.77,14,75.77,75.7,75.7,6,,,,,,,,,,,,,,,,,,,75.77,14,75.78,6,75.79,7,75.8,6,75.81,5,75.82,8,75.83,1,75.84,4,75.85,5,75.86,8
2020-10-29 09:32:30,75.735,75.74,3,75.7,6,75.77,14,75.77,75.7,75.7,6,,,,,,,,,,,,,,,,,,,75.77,14,75.78,6,75.79,7,75.8,6,75.81,5,75.82,8,75.83,1,75.84,4,75.85,5,75.86,8
2020-10-29 09:32:31,75.735,75.74,3,75.7,6,75.77,14,75.77,75.7,75.7,6,,,,,,,,,,,,,,,,,,,75.77,14,75.78,6,75.79,7,75.8,6,75.81,5,75.82,8,75.83,1,75.84,4,75.85,5,75.86,8
2020-10-29 09:32:32,75.735,75.74,3,75.7,6,75.77,14,75.77,75.7,75.7,6,,,,,,,,,,,,,,,,,,,75.77,14,75.78,6,75.79,7,75.8,6,75.81,5,75.82,8,75.83,1,75.84,4,75.85,5,75.86,8
2020-10-29 09:32:33,75.735,75.74,3,75.7,6,75.77,14,75.77,75.7,75.7,6,,,,,,,,,,,,,,,,,,,75.77,14,75.78,6,75.79,7,75.8,6,75.81,5,75.82,8,75.83,1,75.84,4,75.85,5,75.86,8
2020-10-29 09:32:34,75.735,75.74,3,75.7,6,75.77,14,75.77,75.7,75.7,6,,,,,,,,,,,,,,,,,,,75.77,14,75.78,6,75.79,7,75.8,6,75.81,5,75.82,8,75.83,1,75.84,4,75.85,5,75.86,8
2020-10-29 09:32:35,75.76,75.75,1,75.73,4,75.79,1,75.79,75.73,75.73,4,75.72,7,75.71,1,75.7,6,,,,,,,,,,,,,75.79,1,75.8,7,75.81,5,75.82,8,75.83,1,75.84,4,75.85,5,75.86,8,75.87,4,75.88,2
2020-10-29 09:32:36,75.77,75.79,1,75.73,3,75.81,3,75.81,75.73,75.73,3,75.72,7,75.71,1,75.7,6,,,,,,,,,,,,,75.81,3,75.82,9,75.83,1,75.84,4,75.85,5,75.86,8,75.87,4,75.88,2,75.89,2,75.91,1
2020-10-29 09:32:37,75.765,75.79,1,75.73,3,75.8,7,75.8,75.73,75.73,3,75.72,7,75.71,1,75.7,6,,,,,,,,,,,,,75.8,7,75.81,4,75.82,9,75.83,1,75.84,4,75.85,5,75.86,8,75.87,4,75.88,2,75.89,2
2020-10-29 09:32:38,75.775,75.79,1,75.74,7,75.81,3,75.81,75.74,75.74,7,75.73,3,75.72,7,75.71,1,75.7,6,,,,,,,,,,,75.81,3,75.82,9,75.83,1,75.84,4,75.85,5,75.86,8,75.87,4,75.88,2,75.89,2,75.91,1
2020-10-29 09:32:39,75.745,75.72,1,75.72,10,75.77,8,75.77,75.72,75.72,10,75.71,1,75.7,6,,,,,,,,,,,,,,,75.77,8,75.78,2,75.79,1,75.8,1,75.81,9,75.82,9,75.83,1,75.84,4,75.85,5,75.86,8
2020-10-29 09:32:40,75.75,75.72,1,75.72,5,75.78,5,75.78,75.72,75.72,5,75.71,3,75.7,6,,,,,,,,,,,,,,,75.78,5,75.79,1,75.8,1,75.81,9,75.82,9,75.83,1,75.84,4,75.85,5,75.86,8,75.87,4
2020-10-29 09:32:41,75.735,75.75,1,75.7,6,75.77,4,75.77,75.7,75.7,6,,,,,,,,,,,,,,,,,,,75.77,4,75.78,5,75.79,1,75.8,1,75.81,9,75.82,9,75.83,1,75.84,4,75.85,5,75.86,8
2020-10-29 09:32:42,75.74,75.7,2,75.71,2,75.77,4,75.77,75.71,75.71,2,75.7,8,,,,,,,,,,,,,,,,,75.77,4,75.78,5,75.79,1,75.8,1,75.81,9,75.82,9,75.83,1,75.84,4,75.85,5,75.86,8
2020-10-29 09:32:43,75.725,75.72,1,75.7,9,75.75,5,75.75,75.7,75.7,9,,,,,,,,,,,,,,,,,,,75.75,5,75.76,2,75.77,4,75.78,5,75.79,1,75.8,1,75.81,9,75.82,9,75.83,1,75.84,4
2020-10-29 09:32:44,75.725,75.72,1,75.7,9,75.75,5,75.75,75.7,75.7,9,,,,,,,,,,,,,,,,,,,75.75,5,75.76,2,75.77,4,75.78,5,75.79,1,75.8,1,75.81,9,75.82,9,75.83,1,75.84,4
2020-10-29 09:32:45,75.7,75.72,1,75.66,3,75.74,3,75.74,75.66,75.66,3,,,,,,,,,,,,,,,,,,,75.74,3,75.75,5,75.76,2,75.77,4,75.78,5,75.79,1,75.8,1,75.81,9,75.82,9,75.83,1
2020-10-29 09:32:47,75.705,75.72,1,75.67,3,75.74,6,75.74,75.67,75.67,3,75.66,3,,,,,,,,,,,,,,,,,75.74,6,75.75,5,75.76,2,75.77,4,75.78,5,75.79,1,75.8,1,75.81,9,75.82,9,75.83,1
2020-10-29 09:32:47,75.705,75.72,1,75.67,3,75.74,6,75.74,75.67,75.67,3,75.66,3,,,,,,,,,,,,,,,,,75.74,6,75.75,5,75.76,2,75.77,4,75.78,5,75.79,1,75.8,1,75.81,9,75.82,9,75.83,1
2020-10-29 09:32:48,75.745,75.74,1,75.71,5,75.78,7,75.78,75.71,75.71,5,75.7,3,75.66,3,,,,,,,,,,,,,,,75.78,7,75.79,1,75.8,1,75.81,9,75.82,9,75.83,1,75.84,4,75.85,5,75.86,8,75.87,4
2020-10-29 09:32:49,75.75,75.75,3,75.72,3,75.78,8,75.78,75.72,75.72,3,75.71,5,75.7,3,75.66,3,,,,,,,,,,,,,75.78,8,75.79,1,75.8,1,75.81,9,75.82,9,75.83,1,75.84,4,75.85,5,75.86,8,75.87,4
2020-10-29 09:32:50,75.75,75.75,1,75.72,3,75.78,9,75.78,75.72,75.72,3,75.71,5,75.7,3,75.66,3,,,,,,,,,,,,,75.78,9,75.79,1,75.8,1,75.81,9,75.82,9,75.83,1,75.84,4,75.85,5,75.86,8,75.87,4
2020-10-29 09:32:52,75.79,75.78,1,75.77,3,75.81,7,75.81,75.77,75.77,3,75.76,3,75.75,1,75.74,1,75.72,3,75.71,5,75.7,3,75.66,3,,,,,75.81,7,75.82,9,75.83,1,75.84,4,75.85,5,75.86,8,75.87,4,75.88,2,75.89,2,75.91,1
2020-10-29 09:32:52,75.79,75.78,1,75.77,3,75.81,7,75.81,75.77,75.77,3,75.76,3,75.75,1,75.74,1,75.72,3,75.71,5,75.7,3,75.66,3,,,,,75.81,7,75.82,9,75.83,1,75.84,4,75.85,5,75.86,8,75.87,4,75.88,2,75.89,2,75.91,1
2020-10-29 09:32:53,75.79,75.78,1,75.77,6,75.81,7,75.81,75.77,75.77,6,75.76,3,75.75,1,75.74,1,75.72,3,75.71,5,75.7,3,75.66,3,,,,,75.81,7,75.82,9,75.83,1,75.84,4,75.85,5,75.86,8,75.87,4,75.88,2,75.89,2,75.91,1
2020-10-29 09:32:54,75.795,75.78,1,75.78,2,75.81,7,75.81,75.78,75.78,2,75.77,6,75.76,3,75.75,1,75.74,1,75.72,3,75.71,5,75.7,3,75.66,3,,,75.81,7,75.82,9,75.83,1,75.84,4,75.85,5,75.86,8,75.87,4,75.88,2,75.89,2,75.91,1
2020-10-29 09:32:55,75.815,75.79,2,75.8,5,75.83,1,75.83,75.8,75.8,5,75.79,8,75.78,2,75.77,6,75.76,3,75.75,1,75.74,1,75.72,3,75.71,5,75.7,3,75.83,1,75.84,9,75.85,5,75.86,8,75.87,4,75.88,2,75.89,2,75.91,1,75.92,7,75.94,7
2020-10-29 09:32:57,75.835,75.83,1,75.81,7,75.86,10,75.86,75.81,75.81,7,75.8,5,75.79,8,75.78,2,75.77,6,75.76,3,75.75,1,75.74,1,75.72,3,75.71,5,75.86,10,75.87,4,75.88,2,75.89,2,75.91,1,75.92,7,75.94,7,75.96,3,75.97,5,75.98,4
2020-10-29 09:32:57,75.835,75.83,1,75.81,10,75.86,9,75.86,75.81,75.81,10,75.8,5,75.79,8,75.78,2,75.77,6,75.76,3,75.75,1,75.74,1,75.72,3,75.71,5,75.86,9,75.87,4,75.88,2,75.89,2,75.91,1,75.92,7,75.94,7,75.96,3,75.97,5,75.98,4
2020-10-29 09:32:59,75.825,75.83,1,75.81,12,75.84,5,75.84,75.81,75.81,12,75.8,5,75.79,8,75.78,2,75.77,6,75.76,3,75.75,1,75.74,1,75.72,3,75.71,5,75.84,5,75.85,3,75.88,3,75.89,2,75.91,1,75.92,7,75.94,7,75.96,3,75.97,5,75.98,4
2020-10-29 09:33:00,75.825,75.83,1,75.81,12,75.84,5,75.84,75.81,75.81,12,75.8,5,75.79,8,75.78,2,75.77,6,75.76,3,75.75,1,75.74,1,75.72,3,75.71,5,75.84,5,75.85,3,75.88,3,75.89,2,75.91,1,75.92,7,75.94,7,75.96,3,75.97,5,75.98,4
2020-10-29 09:33:01,75.825,75.82,2,75.81,15,75.84,5,75.84,75.81,75.81,15,75.8,5,75.79,8,75.78,2,75.77,6,75.76,3,75.75,1,75.74,1,75.72,3,75.71,5,75.84,5,75.85,3,75.88,3,75.89,2,75.91,1,75.92,7,75.94,7,75.96,3,75.97,5,75.98,4
2020-10-29 09:33:02,75.825,75.82,1,75.81,15,75.84,5,75.84,75.81,75.81,15,75.8,5,75.79,8,75.78,2,75.77,6,75.76,3,75.75,1,75.74,1,75.72,3,75.71,5,75.84,5,75.85,3,75.88,3,75.89,2,75.91,1,75.92,7,75.94,7,75.96,3,75.97,5,75.98,4
2020-10-29 09:33:03,75.79,75.79,1,75.78,3,75.8,3,75.8,75.78,75.78,3,75.77,6,75.76,3,75.75,1,75.74,1,75.72,3,75.71,5,75.7,3,75.66,3,,,75.8,3,75.81,5,75.82,10,75.83,6,75.84,5,75.85,3,75.88,3,75.89,2,75.91,1,75.92,7
2020-10-29 09:33:04,75.79,75.79,1,75.77,8,75.81,7,75.81,75.77,75.77,8,75.76,3,75.75,1,75.74,1,75.72,3,75.71,5,75.7,3,75.66,3,,,,,75.81,7,75.82,10,75.83,6,75.84,5,75.85,3,75.88,3,75.89,2,75.91,1,75.92,7,75.94,7
2020-10-29 09:33:05,75.79,75.79,1,75.77,8,75.81,7,75.81,75.77,75.77,8,75.76,3,75.75,1,75.74,1,75.72,3,75.71,5,75.7,3,75.66,3,,,,,75.81,7,75.82,10,75.83,6,75.84,5,75.85,3,75.88,3,75.89,2,75.91,1,75.92,7,75.94,7
2020-10-29 09:33:06,75.82,75.81,1,75.8,4,75.84,8,75.84,75.8,75.8,4,75.79,6,75.78,6,75.77,8,75.76,3,75.75,1,75.74,1,75.72,3,75.71,5,75.7,3,75.84,8,75.85,3,75.88,3,75.89,2,75.91,1,75.92,7,75.94,7,75.96,3,75.97,5,75.98,4
2020-10-29 09:33:07,75.81,75.81,1,75.78,5,75.84,9,75.84,75.78,75.78,5,75.77,8,75.76,3,75.75,1,75.74,1,75.72,3,75.71,5,75.7,3,75.66,3,,,75.84,9,75.85,3,75.88,3,75.89,2,75.91,1,75.92,7,75.94,7,75.96,3,75.97,5,75.98,4
2020-10-29 09:33:08,75.81,75.81,1,75.78,5,75.84,9,75.84,75.78,75.78,5,75.77,8,75.76,3,75.75,1,75.74,1,75.72,3,75.71,5,75.7,3,75.66,3,,,75.84,9,75.85,3,75.88,3,75.89,2,75.91,1,75.92,7,75.94,7,75.96,3,75.97,5,75.98,4
2020-10-29 09:33:09,75.81,75.81,1,75.78,5,75.84,9,75.84,75.78,75.78,5,75.77,8,75.76,3,75.75,1,75.74,1,75.72,3,75.71,5,75.7,3,75.66,3,,,75.84,9,75.85,3,75.88,3,75.89,2,75.91,1,75.92,7,75.94,7,75.96,3,75.97,5,75.98,4
2020-10-29 09:33:10,75.81,75.81,1,75.78,5,75.84,9,75.84,75.78,75.78,5,75.77,8,75.76,3,75.75,1,75.74,1,75.72,3,75.71,5,75.7,3,75.66,3,,,75.84,9,75.85,3,75.88,3,75.89,2,75.91,1,75.92,7,75.94,7,75.96,3,75.97,5,75.98,4
2020-10-29 09:33:11,75.81,75.81,1,75.78,6,75.84,8,75.84,75.78,75.78,6,75.77,8,75.76,3,75.75,1,75.74,1,75.72,3,75.71,5,75.7,3,75.66,3,,,75.84,8,75.85,3,75.88,3,75.89,2,75.91,1,75.92,7,75.94,7,75.96,3,75.97,5,75.98,4
2020-10-29 09:33:12,75.805,75.81,1,75.77,10,75.84,8,75.84,75.77,75.77,10,75.76,3,75.75,1,75.74,1,75.72,3,75.71,5,75.7,3,75.66,3,,,,,75.84,8,75.85,3,75.88,3,75.89,2,75.91,1,75.92,7,75.94,7,75.96,3,75.97,5,75.98,4
2020-10-29 09:33:13,75.805,75.79,7,75.77,10,75.84,8,75.84,75.77,75.77,10,75.76,3,75.75,1,75.74,1,75.72,3,75.71,5,75.7,3,75.66,3,,,,,75.84,8,75.85,3,75.88,3,75.89,2,75.91,1,75.92,7,75.94,7,75.96,3,75.97,5,75.98,4
2020-10-29 09:33:14,75.805,75.79,7,75.77,10,75.84,8,75.84,75.77,75.77,10,75.76,3,75.75,1,75.74,1,75.72,3,75.71,5,75.7,3,75.66,3,,,,,75.84,8,75.85,3,75.88,3,75.89,2,75.91,1,75.92,7,75.94,7,75.96,3,75.97,5,75.98,4
2020-10-29 09:33:15,75.805,75.77,1,75.77,11,75.84,9,75.84,75.77,75.77,11,75.76,3,75.75,1,75.74,1,75.72,3,75.71,5,75.7,3,75.66,3,,,,,75.84,9,75.85,3,75.88,3,75.89,2,75.91,1,75.92,7,75.94,7,75.96,3,75.97,5,75.98,4
2020-10-29 09:33:16,75.805,75.77,1,75.77,11,75.84,9,75.84,75.77,75.77,11,75.76,3,75.75,1,75.74,1,75.72,3,75.71,5,75.7,3,75.66,3,,,,,75.84,9,75.85,3,75.88,3,75.89,2,75.91,1,75.92,7,75.94,7,75.96,3,75.97,5,75.98,4
2020-10-29 09:33:17,75.805,75.83,1,75.77,11,75.84,9,75.84,75.77,75.77,11,75.76,3,75.75,1,75.74,1,75.72,3,75.71,5,75.7,3,75.66,3,,,,,75.84,9,75.85,3,75.88,3,75.89,2,75.91,1,75.92,7,75.94,7,75.96,3,75.97,5,75.98,4
2020-10-29 09:33:18,75.805,75.83,1,75.77,11,75.84,9,75.84,75.77,75.77,11,75.76,3,75.75,1,75.74,1,75.72,3,75.71,5,75.7,3,75.66,3,,,,,75.84,9,75.85,3,75.88,3,75.89,2,75.91,1,75.92,7,75.94,7,75.96,3,75.97,5,75.98,4
2020-10-29 09:33:18,75.805,75.82,1,75.77,11,75.84,9,75.84,75.77,75.77,11,75.76,3,75.75,1,75.74,1,75.72,3,75.71,5,75.7,3,75.66,3,,,,,75.84,9,75.85,3,75.88,3,75.89,2,75.91,1,75.92,7,75.94,7,75.96,3,75.97,5,75.98,4
2020-10-29 09:33:20,75.805,75.82,1,75.77,11,75.84,10,75.84,75.77,75.77,11,75.76,3,75.75,1,75.74,1,75.72,3,75.71,5,75.7,3,75.66,3,,,,,75.84,10,75.85,3,75.88,3,75.89,2,75.91,1,75.92,7,75.94,7,75.96,3,75.97,5,75.98,4
2020-10-29 09:33:21,75.805,75.82,1,75.77,11,75.84,10,75.84,75.77,75.77,11,75.76,3,75.75,1,75.74,1,75.72,3,75.71,5,75.7,3,75.66,3,,,,,75.84,10,75.85,3,75.88,3,75.89,2,75.91,1,75.92,7,75.94,7,75.96,3,75.97,5,75.98,4
2020-10-29 09:33:22,75.805,75.81,1,75.77,11,75.84,10,75.84,75.77,75.77,11,75.76,3,75.75,1,75.74,1,75.72,3,75.71,5,75.7,3,75.66,3,,,,,75.84,10,75.85,3,75.88,3,75.89,2,75.91,1,75.92,7,75.94,7,75.96,3,75.97,5,75.98,4
2020-10-29 09:33:23,75.805,75.81,1,75.77,11,75.84,9,75.84,75.77,75.77,11,75.76,3,75.75,1,75.74,1,75.72,3,75.71,5,75.7,3,75.66,3,,,,,75.84,9,75.85,3,75.88,3,75.89,2,75.91,1,75.92,7,75.94,7,75.96,3,75.97,5,75.98,4
2020-10-29 09:33:24,75.805,75.81,1,75.77,11,75.84,9,75.84,75.77,75.77,11,75.76,3,75.75,1,75.74,1,75.72,3,75.71,5,75.7,3,75.66,3,,,,,75.84,9,75.85,3,75.88,3,75.89,2,75.91,1,75.92,7,75.94,7,75.96,3,75.97,5,75.98,4
2020-10-29 09:33:25,75.84,75.83,1,75.8,4,75.88,4,75.88,75.8,75.8,4,75.78,2,75.77,11,75.76,3,75.75,1,75.74,1,75.72,3,75.71,5,75.7,3,75.66,3,75.88,4,75.89,2,75.91,1,75.92,7,75.94,7,75.96,3,75.97,5,75.98,4,75.99,7,76.01,7
2020-10-29 09:33:26,75.84,75.84,1,75.8,4,75.88,3,75.88,75.8,75.8,4,75.78,2,75.77,11,75.76,3,75.75,1,75.74,1,75.72,3,75.71,5,75.7,3,75.66,3,75.88,3,75.89,2,75.91,1,75.92,7,75.94,7,75.96,3,75.97,5,75.98,4,75.99,7,76.01,7
2020-10-29 09:33:27,75.84,75.84,1,75.8,4,75.88,3,75.88,75.8,75.8,4,75.78,2,75.77,11,75.76,3,75.75,1,75.74,1,75.72,3,75.71,5,75.7,3,75.66,3,75.88,3,75.89,2,75.91,1,75.92,7,75.94,7,75.96,3,75.97,5,75.98,4,75.99,7,76.01,7
2020-10-29 09:33:28,75.84,75.84,1,75.8,4,75.88,3,75.88,75.8,75.8,4,75.78,2,75.77,11,75.76,3,75.75,1,75.74,1,75.72,3,75.71,5,75.7,3,75.66,3,75.88,3,75.89,2,75.91,1,75.92,7,75.94,7,75.96,3,75.97,5,75.98,4,75.99,7,76.01,7
2020-10-29 09:33:29,75.84,75.84,1,75.8,4,75.88,4,75.88,75.8,75.8,4,75.78,2,75.77,11,75.76,3,75.75,1,75.74,1,75.72,3,75.71,5,75.7,3,75.66,3,75.88,4,75.89,2,75.91,1,75.92,7,75.94,7,75.96,3,75.97,5,75.98,4,75.99,7,76.01,7
2020-10-29 09:33:30,75.84,75.84,1,75.8,4,75.88,4,75.88,75.8,75.8,4,75.78,2,75.77,11,75.76,3,75.75,1,75.74,1,75.72,3,75.71,5,75.7,3,75.66,3,75.88,4,75.89,2,75.91,1,75.92,7,75.94,7,75.96,3,75.97,5,75.98,4,75.99,7,76.01,7
2020-10-29 09:33:31,75.84,75.84,1,75.8,4,75.88,4,75.88,75.8,75.8,4,75.78,2,75.77,11,75.76,3,75.75,1,75.74,1,75.72,3,75.71,5,75.7,3,75.66,3,75.88,4,75.89,2,75.91,1,75.92,7,75.94,7,75.96,3,75.97,5,75.98,4,75.99,7,76.01,7
2020-10-29 09:33:32,75.84,75.84,1,75.8,4,75.88,4,75.88,75.8,75.8,4,75.78,2,75.77,11,75.76,3,75.75,1,75.74,1,75.72,3,75.71,5,75.7,3,75.66,3,75.88,4,75.89,2,75.91,1,75.92,7,75.94,7,75.96,3,75.97,5,75.98,4,75.99,7,76.01,7
2020-10-29 09:33:33,75.84,75.84,1,75.8,4,75.88,4,75.88,75.8,75.8,4,75.78,2,75.77,11,75.76,3,75.75,1,75.74,1,75.72,3,75.71,5,75.7,3,75.66,3,75.88,4,75.89,2,75.91,1,75.92,7,75.94,7,75.96,3,75.97,5,75.98,4,75.99,7,76.01,7
2020-10-29 09:33:34,75.775,75.76,1,75.75,3,75.8,4,75.8,75.75,75.75,3,75.74,1,75.72,3,75.71,5,75.7,3,75.66,3,,,,,,,,,75.8,4,75.82,2,75.84,3,75.85,1,75.86,1,75.87,3,75.88,9,75.89,2,75.91,1,75.92,7
2020-10-29 09:33:35,75.75,75.73,1,75.73,4,75.77,2,75.77,75.73,75.73,4,75.72,3,75.71,5,75.7,3,75.66,3,,,,,,,,,,,75.77,2,75.78,6,75.79,1,75.81,3,75.82,5,75.83,3,75.84,5,75.86,4,75.87,3,75.88,9
2020-10-29 09:33:36,75.725,75.73,1,75.68,6,75.77,5,75.77,75.68,75.68,6,75.66,3,,,,,,,,,,,,,,,,,75.77,5,75.78,6,75.79,1,75.81,3,75.82,5,75.83,3,75.84,5,75.86,4,75.87,3,75.88,9
2020-10-29 09:33:37,75.725,75.73,1,75.68,7,75.77,5,75.77,75.68,75.68,7,75.66,3,,,,,,,,,,,,,,,,,75.77,5,75.78,6,75.79,1,75.81,3,75.82,5,75.83,3,75.84,5,75.86,4,75.87,3,75.88,9
2020-10-29 09:33:38,75.725,75.73,1,75.68,7,75.77,5,75.77,75.68,75.68,7,75.66,3,,,,,,,,,,,,,,,,,75.77,5,75.78,6,75.79,1,75.81,3,75.82,5,75.83,3,75.84,5,75.86,4,75.87,3,75.88,9
2020-10-29 09:33:39,75.765,75.73,1,75.7,4,75.83,3,75.83,75.7,75.7,4,75.69,4,75.68,7,75.66,3,,,,,,,,,,,,,75.83,3,75.84,5,75.86,4,75.87,3,75.88,9,75.89,2,75.91,1,75.92,7,75.94,7,75.96,3
2020-10-29 09:33:40,75.75,75.73,1,75.7,4,75.8,6,75.8,75.7,75.7,4,75.69,4,75.68,7,75.66,3,,,,,,,,,,,,,75.8,6,75.81,3,75.82,3,75.83,3,75.84,5,75.86,4,75.87,3,75.88,9,75.89,2,75.91,1
2020-10-29 09:33:41,75.75,75.73,1,75.7,4,75.8,6,75.8,75.7,75.7,4,75.69,4,75.68,7,75.66,3,,,,,,,,,,,,,75.8,6,75.81,3,75.82,3,75.83,3,75.84,5,75.86,4,75.87,3,75.88,9,75.89,2,75.91,1
2020-10-29 09:33:42,75.77,75.73,2,75.72,4,75.82,7,75.82,75.72,75.72,4,75.71,13,75.7,4,75.69,4,75.68,7,75.66,3,,,,,,,,,75.82,7,75.83,3,75.84,5,75.86,4,75.87,3,75.88,9,75.89,2,75.91,1,75.92,7,75.94,7
2020-10-29 09:33:43,75.795,75.79,1,75.75,2,75.84,7,75.84,75.75,75.75,2,75.74,4,75.73,4,75.72,4,75.71,13,75.7,4,75.69,4,75.68,7,75.66,3,,,75.84,7,75.86,4,75.87,3,75.88,9,75.89,2,75.91,1,75.92,7,75.94,7,75.96,3,75.97,5
2020-10-29 09:33:44,75.765,75.8,1,75.74,4,75.79,4,75.79,75.74,75.74,4,75.73,4,75.72,4,75.71,13,75.7,4,75.69,4,75.68,7,75.66,3,,,,,75.79,4,75.8,2,75.83,2,75.84,7,75.86,4,75.87,3,75.88,9,75.89,2,75.91,1,75.92,7
2020-10-29 09:33:45,75.765,75.8,1,75.74,4,75.79,4,75.79,75.74,75.74,4,75.73,4,75.72,4,75.71,13,75.7,4,75.69,4,75.68,7,75.66,3,,,,,75.79,4,75.8,2,75.83,2,75.84,7,75.86,4,75.87,3,75.88,9,75.89,2,75.91,1,75.92,7
2020-10-29 09:33:46,75.755,75.8,1,75.72,2,75.79,5,75.79,75.72,75.72,2,75.71,13,75.7,4,75.69,4,75.68,7,75.66,3,,,,,,,,,75.79,5,75.8,2,75.83,2,75.84,7,75.86,4,75.87,3,75.88,9,75.89,2,75.91,1,75.92,7
2020-10-29 09:33:48,75.755,75.8,1,75.72,1,75.79,5,75.79,75.72,75.72,1,75.71,13,75.7,4,75.69,4,75.68,7,75.66,3,,,,,,,,,75.79,5,75.8,2,75.83,2,75.84,7,75.86,4,75.87,3,75.88,9,75.89,2,75.91,1,75.92,7
2020-10-29 09:33:48,75.755,75.8,1,75.72,1,75.79,6,75.79,75.72,75.72,1,75.71,13,75.7,4,75.69,4,75.68,7,75.66,3,,,,,,,,,75.79,6,75.8,2,75.83,2,75.84,7,75.86,4,75.87,3,75.88,9,75.89,2,75.91,1,75.92,7
2020-10-29 09:33:49,75.755,75.8,1,75.72,1,75.79,6,75.79,75.72,75.72,1,75.71,13,75.7,4,75.69,4,75.68,7,75.66,3,,,,,,,,,75.79,6,75.8,2,75.83,2,75.84,7,75.86,4,75.87,3,75.88,9,75.89,2,75.91,1,75.92,7
2020-10-29 09:33:50,75.755,75.77,1,75.72,5,75.79,8,75.79,75.72,75.72,5,75.71,16,75.7,4,75.69,4,75.68,7,75.66,3,,,,,,,,,75.79,8,75.8,2,75.83,2,75.84,7,75.86,4,75.87,3,75.88,9,75.89,2,75.91,1,75.92,7
2020-10-29 09:33:51,75.755,75.77,1,75.72,5,75.79,9,75.79,75.72,75.72,5,75.71,16,75.7,4,75.69,4,75.68,7,75.66,3,,,,,,,,,75.79,9,75.8,2,75.83,2,75.84,7,75.86,4,75.87,3,75.88,9,75.89,2,75.91,1,75.92,7
2020-10-29 09:33:52,75.75,75.77,1,75.72,4,75.78,1,75.78,75.72,75.72,4,75.71,16,75.7,4,75.69,4,75.68,7,75.66,3,,,,,,,,,75.78,1,75.79,8,75.8,2,75.83,2,75.84,7,75.86,4,75.87,3,75.88,9,75.89,2,75.91,1
2020-10-29 09:33:53,75.75,75.77,1,75.72,4,75.78,4,75.78,75.72,75.72,4,75.71,16,75.7,4,75.69,4,75.68,7,75.66,3,,,,,,,,,75.78,4,75.79,8,75.8,2,75.83,2,75.84,7,75.86,4,75.87,3,75.88,9,75.89,2,75.91,1
2020-10-29 09:33:54,75.745,75.77,1,75.71,16,75.78,5,75.78,75.71,75.71,16,75.7,4,75.69,4,75.68,7,75.66,3,,,,,,,,,,,75.78,5,75.79,8,75.8,2,75.83,2,75.84,7,75.86,4,75.87,3,75.88,9,75.89,2,75.91,1
2020-10-29 09:33:55,75.745,75.77,1,75.71,16,75.78,5,75.78,75.71,75.71,16,75.7,4,75.69,4,75.68,7,75.66,3,,,,,,,,,,,75.78,5,75.79,8,75.8,2,75.83,2,75.84,7,75.86,4,75.87,3,75.88,9,75.89,2,75.91,1
2020-10-29 09:33:56,75.75,75.77,1,75.72,3,75.78,5,75.78,75.72,75.72,3,75.71,16,75.7,4,75.69,4,75.68,7,75.66,3,,,,,,,,,75.78,5,75.79,8,75.8,2,75.83,2,75.84,7,75.86,4,75.87,3,75.88,9,75.89,2,75.91,1
2020-10-29 09:33:57,75.75,75.77,1,75.72,3,75.78,5,75.78,75.72,75.72,3,75.71,16,75.7,4,75.69,4,75.68,7,75.66,3,,,,,,,,,75.78,5,75.79,8,75.8,2,75.83,2,75.84,7,75.86,4,75.87,3,75.88,9,75.89,2,75.91,1
2020-10-29 09:33:58,75.75,75.77,1,75.72,3,75.78,5,75.78,75.72,75.72,3,75.71,16,75.7,4,75.69,4,75.68,7,75.66,3,,,,,,,,,75.78,5,75.79,8,75.8,2,75.83,2,75.84,7,75.86,4,75.87,3,75.88,9,75.89,2,75.91,1
2020-10-29 09:33:59,75.76,75.78,1,75.73,6,75.79,8,75.79,75.73,75.73,6,75.72,3,75.71,16,75.7,4,75.69,4,75.68,7,75.66,3,,,,,,,75.79,8,75.8,2,75.83,2,75.84,7,75.86,4,75.87,3,75.88,9,75.89,2,75.91,1,75.92,7
2020-10-29 09:34:00,75.76,75.78,1,75.73,6,75.79,8,75.79,75.73,75.73,6,75.72,3,75.71,16,75.7,4,75.69,4,75.68,7,75.66,3,,,,,,,75.79,8,75.8,2,75.83,2,75.84,7,75.86,4,75.87,3,75.88,9,75.89,2,75.91,1,75.92,7
2020-10-29 09:34:01,75.695,75.7,1,75.66,4,75.73,4,75.73,75.66,75.66,4,,,,,,,,,,,,,,,,,,,75.73,4,75.74,2,75.75,8,75.76,2,75.77,2,75.78,3,75.79,8,75.8,2,75.83,2,75.84,7
2020-10-29 09:34:02,75.7,75.7,1,75.67,3,75.73,4,75.73,75.67,75.67,3,75.66,4,,,,,,,,,,,,,,,,,75.73,4,75.74,2,75.75,8,75.76,2,75.77,2,75.78,3,75.79,8,75.8,2,75.83,2,75.84,7
2020-10-29 09:34:03,75.7,75.7,1,75.67,3,75.73,4,75.73,75.67,75.67,3,75.66,4,,,,,,,,,,,,,,,,,75.73,4,75.74,2,75.75,8,75.76,2,75.77,2,75.78,3,75.79,8,75.8,2,75.83,2,75.84,7
2020-10-29 09:34:05,75.695,75.7,1,75.66,3,75.73,4,75.73,75.66,75.66,3,,,,,,,,,,,,,,,,,,,75.73,4,75.74,2,75.75,8,75.76,2,75.77,2,75.78,3,75.79,8,75.8,2,75.83,2,75.84,7
2020-10-29 09:34:05,75.695,75.7,1,75.66,3,75.73,4,75.73,75.66,75.66,3,,,,,,,,,,,,,,,,,,,75.73,4,75.74,2,75.75,8,75.76,2,75.77,2,75.78,3,75.79,8,75.8,2,75.83,2,75.84,7
2020-10-29 09:34:06,75.695,75.7,1,75.66,3,75.73,4,75.73,75.66,75.66,3,,,,,,,,,,,,,,,,,,,75.73,4,75.74,2,75.75,8,75.76,2,75.77,2,75.78,3,75.79,8,75.8,2,75.83,2,75.84,7
2020-10-29 09:34:07,75.695,75.69,1,75.66,6,75.73,4,75.73,75.66,75.66,6,,,,,,,,,,,,,,,,,,,75.73,4,75.74,2,75.75,8,75.76,2,75.77,2,75.78,3,75.79,8,75.8,2,75.83,2,75.84,7
2020-10-29 09:34:08,75.695,75.69,1,75.66,6,75.73,4,75.73,75.66,75.66,6,,,,,,,,,,,,,,,,,,,75.73,4,75.74,2,75.75,8,75.76,2,75.77,2,75.78,3,75.79,8,75.8,2,75.83,2,75.84,7
2020-10-29 09:34:09,75.695,75.69,1,75.66,6,75.73,4,75.73,75.66,75.66,6,,,,,,,,,,,,,,,,,,,75.73,4,75.74,2,75.75,8,75.76,2,75.77,2,75.78,3,75.79,8,75.8,2,75.83,2,75.84,7
2020-10-29 09:34:10,75.695,75.73,1,75.66,11,75.73,4,75.73,75.66,75.66,11,,,,,,,,,,,,,,,,,,,75.73,4,75.74,2,75.75,8,75.76,2,75.77,2,75.78,3,75.79,8,75.8,2,75.83,2,75.84,7
2020-10-29 09:34:11,75.68,75.73,1,75.66,11,75.7,4,75.7,75.66,75.66,11,,,,,,,,,,,,,,,,,,,75.7,4,75.73,4,75.74,2,75.75,8,75.76,2,75.77,2,75.78,3,75.79,8,75.8,2,75.83,2
2020-10-29 09:34:12,75.695,75.7,7,75.66,11,75.73,4,75.73,75.66,75.66,11,,,,,,,,,,,,,,,,,,,75.73,4,75.74,2,75.75,8,75.76,2,75.77,2,75.78,3,75.79,8,75.8,2,75.83,2,75.84,7
2020-10-29 09:34:13,75.685,75.66,1,75.64,4,75.73,8,75.73,75.64,75.64,4,75.62,1,,,,,,,,,,,,,,,,,75.73,8,75.74,2,75.75,8,75.76,2,75.77,2,75.78,3,75.79,8,75.8,2,75.83,2,75.84,7
2020-10-29 09:34:14,75.685,75.66,1,75.64,4,75.73,8,75.73,75.64,75.64,4,75.62,1,,,,,,,,,,,,,,,,,75.73,8,75.74,2,75.75,8,75.76,2,75.77,2,75.78,3,75.79,8,75.8,2,75.83,2,75.84,7
2020-10-29 09:34:15,75.685,75.7,2,75.64,4,75.73,8,75.73,75.64,75.64,4,75.62,1,,,,,,,,,,,,,,,,,75.73,8,75.74,2,75.75,8,75.76,2,75.77,2,75.78,3,75.79,8,75.8,2,75.83,2,75.84,7
2020-10-29 09:34:16,75.685,75.73,10,75.64,5,75.73,9,75.73,75.64,75.64,5,75.62,1,,,,,,,,,,,,,,,,,75.73,9,75.74,2,75.75,8,75.76,2,75.77,2,75.78,3,75.79,8,75.8,2,75.83,2,75.84,7
2020-10-29 09:34:17,75.685,75.73,10,75.65,5,75.72,6,75.72,75.65,75.65,5,75.64,5,75.62,1,,,,,,,,,,,,,,,75.72,6,75.73,9,75.74,2,75.75,8,75.76,2,75.77,2,75.78,3,75.79,8,75.8,2,75.83,2
2020-10-29 09:34:18,75.685,75.73,10,75.65,9,75.72,6,75.72,75.65,75.65,9,75.64,5,75.62,1,,,,,,,,,,,,,,,75.72,6,75.73,9,75.74,2,75.75,8,75.76,2,75.77,2,75.78,3,75.79,8,75.8,2,75.83,2
2020-10-29 09:34:19,75.685,75.73,10,75.65,10,75.72,6,75.72,75.65,75.65,10,75.64,5,75.62,1,,,,,,,,,,,,,,,75.72,6,75.73,9,75.74,2,75.75,8,75.76,2,75.77,2,75.78,3,75.79,8,75.8,2,75.83,2
2020-10-29 09:34:20,75.685,75.73,10,75.65,10,75.72,6,75.72,75.65,75.65,10,75.64,5,75.62,1,,,,,,,,,,,,,,,75.72,6,75.73,9,75.74,2,75.75,8,75.76,2,75.77,2,75.78,3,75.79,8,75.8,2,75.83,2
2020-10-29 09:34:21,75.685,75.73,10,75.65,10,75.72,6,75.72,75.65,75.65,10,75.64,5,75.62,1,,,,,,,,,,,,,,,75.72,6,75.73,9,75.74,2,75.75,8,75.76,2,75.77,2,75.78,3,75.79,8,75.8,2,75.83,2
2020-10-29 09:34:22,75.685,75.69,4,75.65,14,75.72,6,75.72,75.65,75.65,14,75.64,5,75.62,1,,,,,,,,,,,,,,,75.72,6,75.73,9,75.74,2,75.75,8,75.76,2,75.77,2,75.78,3,75.79,8,75.8,2,75.83,2
2020-10-29 09:34:23,75.685,75.69,1,75.66,5,75.71,1,75.71,75.66,75.66,5,75.65,14,75.64,5,75.62,1,,,,,,,,,,,,,75.71,1,75.72,6,75.73,9,75.74,2,75.75,8,75.76,2,75.77,2,75.78,3,75.79,8,75.8,2
2020-10-29 09:34:24,75.685,75.69,1,75.66,4,75.71,4,75.71,75.66,75.66,4,75.65,14,75.64,5,75.62,1,,,,,,,,,,,,,75.71,4,75.72,6,75.73,9,75.74,2,75.75,8,75.76,2,75.77,2,75.78,3,75.79,8,75.8,2
2020-10-29 09:34:25,75.685,75.69,1,75.66,5,75.71,4,75.71,75.66,75.66,5,75.65,14,75.64,5,75.62,1,,,,,,,,,,,,,75.71,4,75.72,6,75.73,9,75.74,2,75.75,8,75.76,2,75.77,2,75.78,3,75.79,8,75.8,2
2020-10-29 09:34:26,75.685,75.69,1,75.66,5,75.71,4,75.71,75.66,75.66,5,75.65,14,75.64,5,75.62,1,,,,,,,,,,,,,75.71,4,75.72,6,75.73,9,75.74,2,75.75,8,75.76,2,75.77,2,75.78,3,75.79,8,75.8,2
2020-10-29 09:34:27,75.685,75.69,1,75.66,5,75.71,4,75.71,75.66,75.66,5,75.65,14,75.64,5,75.62,1,,,,,,,,,,,,,75.71,4,75.72,6,75.73,9,75.74,2,75.75,8,75.76,2,75.77,2,75.78,3,75.79,8,75.8,2
2020-10-29 09:34:28,75.685,75.69,1,75.66,5,75.71,4,75.71,75.66,75.66,5,75.65,14,75.64,5,75.62,1,,,,,,,,,,,,,75.71,4,75.72,6,75.73,9,75.74,2,75.75,8,75.76,2,75.77,2,75.78,3,75.79,8,75.8,2
2020-10-29 09:34:29,75.685,75.69,1,75.66,5,75.71,4,75.71,75.66,75.66,5,75.65,14,75.64,5,75.62,1,,,,,,,,,,,,,75.71,4,75.72,6,75.73,9,75.74,2,75.75,8,75.76,2,75.77,2,75.78,3,75.79,8,75.8,2
2020-10-29 09:34:30,75.685,75.69,1,75.66,5,75.71,4,75.71,75.66,75.66,5,75.65,14,75.64,5,75.62,1,,,,,,,,,,,,,75.71,4,75.72,6,75.73,9,75.74,2,75.75,8,75.76,2,75.77,2,75.78,3,75.79,8,75.8,2
2020-10-29 09:34:31,75.685,75.69,1,75.66,5,75.71,5,75.71,75.66,75.66,5,75.65,14,75.64,5,75.62,1,,,,,,,,,,,,,75.71,5,75.72,6,75.73,9,75.74,2,75.75,8,75.76,2,75.77,2,75.78,3,75.79,8,75.8,2
2020-10-29 09:34:32,75.685,75.69,1,75.66,5,75.71,5,75.71,75.66,75.66,5,75.65,14,75.64,5,75.62,1,,,,,,,,,,,,,75.71,5,75.72,6,75.73,9,75.74,2,75.75,8,75.76,2,75.77,2,75.78,3,75.79,8,75.8,2
2020-10-29 09:34:33,75.685,75.66,1,75.66,5,75.71,5,75.71,75.66,75.66,5,75.65,14,75.64,5,75.62,1,,,,,,,,,,,,,75.71,5,75.72,6,75.73,9,75.74,2,75.75,8,75.76,2,75.77,2,75.78,3,75.79,8,75.8,2
2020-10-29 09:34:34,75.67,75.65,1,75.64,8,75.7,6,75.7,75.64,75.64,8,75.62,1,,,,,,,,,,,,,,,,,75.7,6,75.71,5,75.72,6,75.73,9,75.74,2,75.75,8,75.76,2,75.77,2,75.78,3,75.79,8
2020-10-29 09:34:35,75.66,75.64,1,75.62,3,75.7,8,75.7,75.62,75.62,3,75.61,6,,,,,,,,,,,,,,,,,75.7,8,75.71,5,75.72,6,75.73,9,75.74,2,75.75,8,75.76,2,75.77,2,75.78,3,75.79,8
2020-10-29 09:34:37,75.635,75.66,2,75.61,8,75.66,1,75.66,75.61,75.61,8,,,,,,,,,,,,,,,,,,,75.66,1,75.7,8,75.71,5,75.72,6,75.73,9,75.74,2,75.75,8,75.76,2,75.77,2,75.78,3
2020-10-29 09:34:37,75.635,75.66,1,75.61,8,75.66,4,75.66,75.61,75.61,8,,,,,,,,,,,,,,,,,,,75.66,4,75.7,8,75.71,5,75.72,6,75.73,9,75.74,2,75.75,8,75.76,2,75.77,2,75.78,3
2020-10-29 09:34:38,75.635,75.66,1,75.61,8,75.66,4,75.66,75.61,75.61,8,,,,,,,,,,,,,,,,,,,75.66,4,75.7,8,75.71,5,75.72,6,75.73,9,75.74,2,75.75,8,75.76,2,75.77,2,75.78,3
2020-10-29 09:34:39,75.635,75.66,1,75.61,8,75.66,4,75.66,75.61,75.61,8,,,,,,,,,,,,,,,,,,,75.66,4,75.7,8,75.71,5,75.72,6,75.73,9,75.74,2,75.75,8,75.76,2,75.77,2,75.78,3
2020-10-29 09:34:40,75.61,75.64,1,75.58,5,75.64,1,75.64,75.58,75.58,5,,,,,,,,,,,,,,,,,,,75.64,1,75.65,6,75.66,4,75.7,8,75.71,5,75.72,6,75.73,9,75.74,2,75.75,8,75.76,2
2020-10-29 09:34:42,75.61,75.59,2,75.58,5,75.64,1,75.64,75.58,75.58,5,,,,,,,,,,,,,,,,,,,75.64,1,75.65,6,75.66,4,75.7,8,75.71,5,75.72,6,75.73,9,75.74,2,75.75,8,75.76,2
2020-10-29 09:34:42,75.61,75.59,2,75.58,5,75.64,6,75.64,75.58,75.58,5,,,,,,,,,,,,,,,,,,,75.64,6,75.65,6,75.66,4,75.7,8,75.71,5,75.72,6,75.73,9,75.74,2,75.75,8,75.76,2
2020-10-29 09:34:43,75.61,75.59,2,75.58,5,75.64,6,75.64,75.58,75.58,5,,,,,,,,,,,,,,,,,,,75.64,6,75.65,6,75.66,4,75.7,8,75.71,5,75.72,6,75.73,9,75.74,2,75.75,8,75.76,2
2020-10-29 09:34:44,75.61,75.59,2,75.58,5,75.64,6,75.64,75.58,75.58,5,,,,,,,,,,,,,,,,,,,75.64,6,75.65,6,75.66,4,75.7,8,75.71,5,75.72,6,75.73,9,75.74,2,75.75,8,75.76,2
2020-10-29 09:34:45,75.605,75.59,2,75.58,5,75.63,3,75.63,75.58,75.58,5,,,,,,,,,,,,,,,,,,,75.63,3,75.64,6,75.65,6,75.66,4,75.7,8,75.71,5,75.72,6,75.73,9,75.74,2,75.75,8
2020-10-29 09:34:46,75.605,75.59,2,75.58,5,75.63,3,75.63,75.58,75.58,5,,,,,,,,,,,,,,,,,,,75.63,3,75.64,6,75.65,6,75.66,4,75.7,8,75.71,5,75.72,6,75.73,9,75.74,2,75.75,8
2020-10-29 09:34:47,75.605,75.59,2,75.58,5,75.63,3,75.63,75.58,75.58,5,,,,,,,,,,,,,,,,,,,75.63,3,75.64,6,75.65,6,75.66,4,75.7,8,75.71,5,75.72,6,75.73,9,75.74,2,75.75,8
2020-10-29 09:34:49,75.605,75.59,2,75.58,5,75.63,3,75.63,75.58,75.58,5,,,,,,,,,,,,,,,,,,,75.63,3,75.64,6,75.65,6,75.66,4,75.7,8,75.71,5,75.72,6,75.73,9,75.74,2,75.75,8
2020-10-29 09:34:50,75.58,75.57,1,75.56,5,75.6,6,75.6,75.56,75.56,5,,,,,,,,,,,,,,,,,,,75.6,6,75.61,2,75.62,1,75.63,6,75.64,6,75.65,6,75.66,4,75.7,8,75.71,5,75.72,6
2020-10-29 09:34:51,75.575,75.58,1,75.55,2,75.6,7,75.6,75.55,75.55,2,,,,,,,,,,,,,,,,,,,75.6,7,75.61,2,75.62,1,75.63,6,75.64,6,75.65,6,75.66,4,75.7,8,75.71,5,75.72,6
2020-10-29 09:34:52,75.555,75.55,1,75.54,3,75.57,5,75.57,75.54,75.54,3,,,,,,,,,,,,,,,,,,,75.57,5,75.58,3,75.59,4,75.6,7,75.61,2,75.62,1,75.63,6,75.64,6,75.65,6,75.66,4
2020-10-29 09:34:53,75.56,75.56,1,75.54,7,75.58,7,75.58,75.54,75.54,7,,,,,,,,,,,,,,,,,,,75.58,7,75.59,4,75.6,7,75.61,2,75.62,1,75.63,6,75.64,6,75.65,6,75.66,4,75.7,8
2020-10-29 09:34:54,75.56,75.56,1,75.54,7,75.58,7,75.58,75.54,75.54,7,,,,,,,,,,,,,,,,,,,75.58,7,75.59,4,75.6,7,75.61,2,75.62,1,75.63,6,75.64,6,75.65,6,75.66,4,75.7,8
2020-10-29 09:34:55,75.54,75.53,1,75.53,2,75.55,4,75.55,75.53,75.53,2,75.52,4,75.51,4,,,,,,,,,,,,,,,75.55,4,75.56,7,75.57,3,75.58,7,75.59,4,75.6,7,75.61,2,75.62,1,75.63,6,75.64,6
2020-10-29 09:34:55,75.505,75.49,1,75.48,6,75.53,1,75.53,75.48,75.48,6,75.47,2,75.45,8,,,,,,,,,,,,,,,75.53,1,75.54,3,75.55,5,75.56,7,75.57,3,75.58,7,75.59,4,75.6,7,75.61,2,75.62,1
2020-10-29 09:34:57,75.515,75.5,1,75.5,2,75.53,4,75.53,75.5,75.5,2,75.49,2,75.48,9,75.47,2,75.45,8,,,,,,,,,,,75.53,4,75.54,3,75.55,5,75.56,7,75.57,3,75.58,7,75.59,4,75.6,7,75.61,2,75.62,1
2020-10-29 09:34:58,75.51,75.52,1,75.49,7,75.53,6,75.53,75.49,75.49,7,75.48,9,75.47,2,75.45,8,,,,,,,,,,,,,75.53,6,75.54,3,75.55,5,75.56,7,75.57,3,75.58,7,75.59,4,75.6,7,75.61,2,75.62,1
2020-10-29 09:34:59,75.485,75.5,1,75.47,5,75.5,6,75.5,75.47,75.47,5,75.45,8,,,,,,,,,,,,,,,,,75.5,6,75.51,5,75.52,4,75.53,6,75.54,3,75.55,5,75.56,7,75.57,3,75.58,7,75.59,4
2020-10-29 09:35:00,75.47,75.46,1,75.45,7,75.49,4,75.49,75.45,75.45,7,,,,,,,,,,,,,,,,,,,75.49,4,75.5,2,75.51,2,75.52,1,75.53,6,75.54,3,75.55,5,75.56,7,75.57,3,75.58,7
2020-10-29 09:35:01,75.485,75.49,1,75.47,5,75.5,1,75.5,75.47,75.47,5,75.46,1,75.45,9,,,,,,,,,,,,,,,75.5,1,75.51,2,75.52,1,75.53,6,75.54,3,75.55,5,75.56,7,75.57,3,75.58,7,75.59,4
2020-10-29 09:35:02,75.485,75.47,3,75.47,4,75.5,1,75.5,75.47,75.47,4,75.46,1,75.45,9,,,,,,,,,,,,,,,75.5,1,75.51,2,75.52,1,75.53,6,75.54,3,75.55,5,75.56,7,75.57,3,75.58,7,75.59,4
2020-10-29 09:35:03,75.48,75.48,1,75.46,6,75.5,3,75.5,75.46,75.46,6,75.45,8,,,,,,,,,,,,,,,,,75.5,3,75.51,2,75.52,1,75.53,6,75.54,3,75.55,5,75.56,7,75.57,3,75.58,7,75.59,4
2020-10-29 09:35:04,75.48,75.5,1,75.46,6,75.5,4,75.5,75.46,75.46,6,75.45,8,,,,,,,,,,,,,,,,,75.5,4,75.51,2,75.52,1,75.53,6,75.54,3,75.55,5,75.56,7,75.57,3,75.58,7,75.59,4
2020-10-29 09:35:05,75.48,75.49,2,75.46,6,75.5,4,75.5,75.46,75.46,6,75.45,8,,,,,,,,,,,,,,,,,75.5,4,75.51,2,75.52,1,75.53,6,75.54,3,75.55,5,75.56,7,75.57,3,75.58,7,75.59,4
2020-10-29 09:35:06,75.48,75.49,2,75.46,6,75.5,4,75.5,75.46,75.46,6,75.45,8,,,,,,,,,,,,,,,,,75.5,4,75.51,2,75.52,1,75.53,6,75.54,3,75.55,5,75.56,7,75.57,3,75.58,7,75.59,4
2020-10-29 09:35:07,75.485,75.49,2,75.47,4,75.5,4,75.5,75.47,75.47,4,75.46,6,75.45,8,,,,,,,,,,,,,,,75.5,4,75.51,2,75.52,1,75.53,6,75.54,3,75.55,5,75.56,7,75.57,3,75.58,7,75.59,4
2020-10-29 09:35:08,75.495,75.5,1,75.47,9,75.52,1,75.52,75.47,75.47,9,75.46,6,75.45,8,,,,,,,,,,,,,,,75.52,1,75.53,6,75.54,3,75.55,5,75.56,7,75.57,3,75.58,7,75.59,4,75.6,7,75.61,2
2020-10-29 09:35:09,75.495,75.5,1,75.47,9,75.52,2,75.52,75.47,75.47,9,75.46,6,75.45,8,,,,,,,,,,,,,,,75.52,2,75.53,6,75.54,3,75.55,5,75.56,7,75.57,3,75.58,7,75.59,4,75.6,7,75.61,2
2020-10-29 09:35:10,75.495,75.51,1,75.47,9,75.52,2,75.52,75.47,75.47,9,75.46,6,75.45,8,,,,,,,,,,,,,,,75.52,2,75.53,6,75.54,3,75.55,5,75.56,7,75.57,3,75.58,7,75.59,4,75.6,7,75.61,2
2020-10-29 09:35:11,75.495,75.51,1,75.47,9,75.52,2,75.52,75.47,75.47,9,75.46,6,75.45,8,,,,,,,,,,,,,,,75.52,2,75.53,6,75.54,3,75.55,5,75.56,7,75.57,3,75.58,7,75.59,4,75.6,7,75.61,2
2020-10-29 09:35:12,75.495,75.51,1,75.47,9,75.52,2,75.52,75.47,75.47,9,75.46,6,75.45,8,,,,,,,,,,,,,,,75.52,2,75.53,6,75.54,3,75.55,5,75.56,7,75.57,3,75.58,7,75.59,4,75.6,7,75.61,2
2020-10-29 09:35:13,75.495,75.51,1,75.47,9,75.52,5,75.52,75.47,75.47,9,75.46,6,75.45,8,,,,,,,,,,,,,,,75.52,5,75.53,6,75.54,3,75.55,5,75.56,7,75.57,3,75.58,7,75.59,4,75.6,7,75.61,2
2020-10-29 09:35:14,75.49,75.49,1,75.48,1,75.5,4,75.5,75.48,75.48,1,75.47,8,75.46,6,75.45,8,,,,,,,,,,,,,75.5,4,75.51,1,75.52,5,75.53,6,75.54,3,75.55,5,75.56,7,75.57,3,75.58,7,75.59,4
2020-10-29 09:35:15,75.46,75.44,1,75.44,5,75.48,10,75.48,75.44,75.44,5,,,,,,,,,,,,,,,,,,,75.48,10,75.49,3,75.5,4,75.51,1,75.52,5,75.53,6,75.54,3,75.55,5,75.56,7,75.57,3
2020-10-29 09:35:16,75.46,75.48,2,75.44,5,75.48,10,75.48,75.44,75.44,5,,,,,,,,,,,,,,,,,,,75.48,10,75.49,3,75.5,4,75.51,1,75.52,5,75.53,6,75.54,3,75.55,5,75.56,7,75.57,3
2020-10-29 09:35:17,75.47,75.48,1,75.45,5,75.49,3,75.49,75.45,75.45,5,75.44,5,,,,,,,,,,,,,,,,,75.49,3,75.5,4,75.51,1,75.52,5,75.53,6,75.54,3,75.55,5,75.56,7,75.57,3,75.58,7
2020-10-29 09:35:18,75.465,75.48,1,75.44,5,75.49,6,75.49,75.44,75.44,5,,,,,,,,,,,,,,,,,,,75.49,6,75.5,4,75.51,1,75.52,5,75.53,6,75.54,3,75.55,5,75.56,7,75.57,3,75.58,7
2020-10-29 09:35:19,75.46,75.46,1,75.44,5,75.48,9,75.48,75.44,75.44,5,,,,,,,,,,,,,,,,,,,75.48,9,75.49,6,75.5,4,75.51,1,75.52,5,75.53,6,75.54,3,75.55,5,75.56,7,75.57,3
2020-10-29 09:35:20,75.46,75.48,1,75.44,5,75.48,9,75.48,75.44,75.44,5,,,,,,,,,,,,,,,,,,,75.48,9,75.49,6,75.5,4,75.51,1,75.52,5,75.53,6,75.54,3,75.55,5,75.56,7,75.57,3
2020-10-29 09:35:21,75.465,75.48,1,75.45,4,75.48,9,75.48,75.45,75.45,4,75.44,5,,,,,,,,,,,,,,,,,75.48,9,75.49,6,75.5,4,75.51,1,75.52,5,75.53,6,75.54,3,75.55,5,75.56,7,75.57,3
2020-10-29 09:35:22,75.465,75.46,1,75.45,4,75.48,10,75.48,75.45,75.45,4,75.44,5,,,,,,,,,,,,,,,,,75.48,10,75.49,6,75.5,4,75.51,1,75.52,5,75.53,6,75.54,3,75.55,5,75.56,7,75.57,3
2020-10-29 09:35:23,75.445,75.45,1,75.43,5,75.46,4,75.46,75.43,75.43,5,75.42,5,75.41,7,,,,,,,,,,,,,,,75.46,4,75.47,3,75.48,10,75.49,6,75.5,4,75.51,1,75.52,5,75.53,6,75.54,3,75.55,5
2020-10-29 09:35:24,75.455,75.46,1,75.43,4,75.48,8,75.48,75.43,75.43,4,75.42,3,75.41,7,,,,,,,,,,,,,,,75.48,8,75.49,10,75.5,4,75.51,1,75.52,5,75.53,6,75.54,3,75.55,5,75.56,7,75.57,3
2020-10-29 09:35:25,75.46,75.46,1,75.43,3,75.49,12,75.49,75.43,75.43,3,75.42,5,75.41,7,,,,,,,,,,,,,,,75.49,12,75.5,4,75.51,1,75.52,5,75.53,6,75.54,3,75.55,5,75.56,7,75.57,3,75.58,7
2020-10-29 09:35:26,75.465,75.44,2,75.44,8,75.49,12,75.49,75.44,75.44,8,75.43,13,75.42,5,75.41,7,,,,,,,,,,,,,75.49,12,75.5,4,75.51,1,75.52,5,75.53,6,75.54,3,75.55,5,75.56,7,75.57,3,75.58,7
2020-10-29 09:35:27,75.445,75.46,1,75.42,7,75.47,4,75.47,75.42,75.42,7,75.41,7,,,,,,,,,,,,,,,,,75.47,4,75.48,4,75.49,12,75.5,4,75.51,1,75.52,5,75.53,6,75.54,3,75.55,5,75.56,7
2020-10-29 09:35:28,75.445,75.46,1,75.42,7,75.47,4,75.47,75.42,75.42,7,75.41,7,,,,,,,,,,,,,,,,,75.47,4,75.48,4,75.49,12,75.5,4,75.51,1,75.52,5,75.53,6,75.54,3,75.55,5,75.56,7
2020-10-29 09:35:29,75.455,75.46,1,75.43,6,75.48,2,75.48,75.43,75.43,6,75.42,7,75.41,7,,,,,,,,,,,,,,,75.48,2,75.49,12,75.5,4,75.51,1,75.52,5,75.53,6,75.54,3,75.55,5,75.56,7,75.57,3
2020-10-29 09:35:30,75.42,75.42,1,75.4,2,75.44,7,75.44,75.4,75.4,2,,,,,,,,,,,,,,,,,,,75.44,7,75.45,1,75.47,7,75.48,5,75.49,12,75.5,4,75.51,1,75.52,5,75.53,6,75.54,3
2020-10-29 09:35:31,75.42,75.42,1,75.4,2,75.44,6,75.44,75.4,75.4,2,,,,,,,,,,,,,,,,,,,75.44,6,75.45,1,75.47,7,75.48,5,75.49,12,75.5,4,75.51,1,75.52,5,75.53,6,75.54,3
2020-10-29 09:35:32,75.375,75.37,1,75.35,2,75.4,5,75.4,75.35,75.35,2,,,,,,,,,,,,,,,,,,,75.4,5,75.41,4,75.42,5,75.43,1,75.44,2,75.45,4,75.47,1,75.48,3,75.49,3,75.5,6
2020-10-29 09:35:33,75.37,75.36,4,75.32,3,75.42,5,75.42,75.32,75.32,3,,,,,,,,,,,,,,,,,,,75.42,5,75.43,1,75.44,2,75.45,4,75.47,1,75.48,3,75.49,3,75.5,6,75.51,1,75.52,5
2020-10-29 09:35:34,75.37,75.36,1,75.32,3,75.42,5,75.42,75.32,75.32,3,,,,,,,,,,,,,,,,,,,75.42,5,75.43,1,75.44,2,75.45,4,75.47,1,75.48,3,75.49,3,75.5,6,75.51,1,75.52,5
2020-10-29 09:35:35,75.37,75.37,1,75.34,2,75.4,3,75.4,75.34,75.34,2,75.32,3,,,,,,,,,,,,,,,,,75.4,3,75.41,7,75.42,5,75.43,1,75.44,2,75.45,4,75.47,1,75.48,3,75.49,3,75.5,6
2020-10-29 09:35:36,75.375,75.35,1,75.34,3,75.41,6,75.41,75.34,75.34,3,75.32,3,,,,,,,,,,,,,,,,,75.41,6,75.42,5,75.43,1,75.44,2,75.45,4,75.47,1,75.48,3,75.49,3,75.5,6,75.51,1
2020-10-29 09:35:37,75.375,75.39,13,75.34,3,75.41,6,75.41,75.34,75.34,3,75.32,3,,,,,,,,,,,,,,,,,75.41,6,75.42,5,75.43,1,75.44,2,75.45,4,75.47,1,75.48,3,75.49,3,75.5,6,75.51,1
2020-10-29 09:35:38,75.375,75.34,1,75.34,3,75.41,6,75.41,75.34,75.34,3,75.32,3,,,,,,,,,,,,,,,,,75.41,6,75.42,5,75.43,1,75.44,2,75.45,4,75.47,1,75.48,3,75.49,3,75.5,6,75.51,1
2020-10-29 09:35:39,75.375,75.38,2,75.34,3,75.41,8,75.41,75.34,75.34,3,75.32,3,,,,,,,,,,,,,,,,,75.41,8,75.42,5,75.43,1,75.44,2,75.45,4,75.47,1,75.48,3,75.49,3,75.5,6,75.51,1
2020-10-29 09:35:40,75.375,75.38,2,75.34,3,75.41,9,75.41,75.34,75.34,3,75.32,3,,,,,,,,,,,,,,,,,75.41,9,75.42,5,75.43,1,75.44,2,75.45,4,75.47,1,75.48,3,75.49,3,75.5,6,75.51,1
2020-10-29 09:35:41,75.32,75.3,1,75.3,5,75.34,3,75.34,75.3,75.3,5,,,,,,,,,,,,,,,,,,,75.34,3,75.35,6,75.36,7,75.37,4,75.38,1,75.39,4,75.4,3,75.41,9,75.42,5,75.43,1
2020-10-29 09:35:42,75.33,75.32,1,75.3,3,75.36,2,75.36,75.3,75.3,3,75.29,2,,,,,,,,,,,,,,,,,75.36,2,75.37,5,75.38,5,75.39,4,75.4,3,75.41,9,75.42,5,75.43,1,75.44,2,75.45,4
2020-10-29 09:35:43,75.33,75.32,1,75.3,3,75.36,2,75.36,75.3,75.3,3,75.29,2,,,,,,,,,,,,,,,,,75.36,2,75.37,5,75.38,5,75.39,4,75.4,3,75.41,9,75.42,5,75.43,1,75.44,2,75.45,4
2020-10-29 09:35:44,75.305,75.29,1,75.28,6,75.33,7,75.33,75.28,75.28,6,,,,,,,,,,,,,,,,,,,75.33,7,75.34,2,75.36,5,75.37,5,75.38,5,75.39,4,75.4,3,75.41,9,75.42,5,75.43,1
2020-10-29 09:35:45,75.33,75.3,1,75.29,4,75.37,8,75.37,75.29,75.29,4,75.28,4,75.26,3,,,,,,,,,,,,,,,75.37,8,75.38,5,75.39,4,75.4,3,75.41,9,75.42,5,75.43,1,75.44,2,75.45,4,75.47,1
2020-10-29 09:35:46,75.31,75.26,3,75.26,3,75.36,8,75.36,75.26,75.26,3,,,,,,,,,,,,,,,,,,,75.36,8,75.37,13,75.38,5,75.39,4,75.4,3,75.41,9,75.42,5,75.43,1,75.44,2,75.45,4
2020-10-29 09:35:47,75.305,75.3,1,75.27,3,75.34,1,75.34,75.27,75.27,3,75.26,5,,,,,,,,,,,,,,,,,75.34,1,75.36,6,75.37,13,75.38,5,75.39,4,75.4,3,75.41,9,75.42,5,75.43,1,75.44,2
2020-10-29 09:35:48,75.315,75.27,2,75.27,7,75.36,6,75.36,75.27,75.27,7,75.26,5,,,,,,,,,,,,,,,,,75.36,6,75.37,13,75.38,5,75.39,4,75.4,3,75.41,9,75.42,5,75.43,1,75.44,2,75.45,4
2020-10-29 09:35:49,75.315,75.27,2,75.27,7,75.36,9,75.36,75.27,75.27,7,75.26,5,,,,,,,,,,,,,,,,,75.36,9,75.37,13,75.38,5,75.39,4,75.4,3,75.41,9,75.42,5,75.43,1,75.44,2,75.45,4
2020-10-29 09:35:50,75.315,75.32,1,75.27,7,75.36,9,75.36,75.27,75.27,7,75.26,5,,,,,,,,,,,,,,,,,75.36,9,75.37,13,75.38,5,75.39,4,75.4,3,75.41,9,75.42,5,75.43,1,75.44,2,75.45,4
2020-10-29 09:35:51,75.315,75.32,1,75.28,4,75.35,6,75.35,75.28,75.28,4,75.27,7,75.26,5,,,,,,,,,,,,,,,75.35,6,75.36,9,75.37,13,75.38,5,75.39,4,75.4,3,75.41,9,75.42,5,75.43,1,75.44,2
2020-10-29 09:35:52,75.315,75.28,1,75.28,3,75.35,8,75.35,75.28,75.28,3,75.27,7,75.26,5,,,,,,,,,,,,,,,75.35,8,75.36,9,75.37,13,75.38,5,75.39,4,75.4,3,75.41,9,75.42,5,75.43,1,75.44,2
2020-10-29 09:35:53,75.3,75.31,1,75.26,5,75.34,9,75.34,75.26,75.26,5,75.25,13,,,,,,,,,,,,,,,,,75.34,9,75.35,8,75.36,9,75.37,13,75.38,5,75.39,4,75.4,3,75.41,9,75.42,5,75.43,1
2020-10-29 09:35:54,75.305,75.3,1,75.27,1,75.34,11,75.34,75.27,75.27,1,75.26,4,75.25,13,,,,,,,,,,,,,,,75.34,11,75.35,8,75.36,9,75.37,13,75.38,5,75.39,4,75.4,3,75.41,9,75.42,5,75.43,1
2020-10-29 09:35:55,75.285,75.31,1,75.26,3,75.31,1,75.31,75.26,75.26,3,75.25,13,,,,,,,,,,,,,,,,,75.31,1,75.32,1,75.33,1,75.34,11,75.35,8,75.36,9,75.37,13,75.38,5,75.39,4,75.4,3
2020-10-29 09:35:56,75.275,75.25,2,75.25,11,75.3,8,75.3,75.25,75.25,11,,,,,,,,,,,,,,,,,,,75.3,8,75.31,1,75.32,1,75.33,1,75.34,11,75.35,8,75.36,9,75.37,13,75.38,5,75.39,4
2020-10-29 09:35:57,75.275,75.25,2,75.25,11,75.3,9,75.3,75.25,75.25,11,,,,,,,,,,,,,,,,,,,75.3,9,75.31,1,75.32,1,75.33,1,75.34,11,75.35,8,75.36,9,75.37,13,75.38,5,75.39,4
2020-10-29 09:35:58,75.27,75.25,2,75.25,11,75.29,8,75.29,75.25,75.25,11,,,,,,,,,,,,,,,,,,,75.29,8,75.3,9,75.31,1,75.32,1,75.33,1,75.34,11,75.35,8,75.36,9,75.37,13,75.38,5
2020-10-29 09:35:59,75.27,75.28,1,75.25,11,75.29,3,75.29,75.25,75.25,11,,,,,,,,,,,,,,,,,,,75.29,3,75.3,7,75.31,1,75.32,1,75.33,1,75.34,11,75.35,8,75.36,9,75.37,13,75.38,5
2020-10-29 09:36:00,75.275,75.28,1,75.26,1,75.29,5,75.29,75.26,75.26,1,75.25,11,,,,,,,,,,,,,,,,,75.29,5,75.3,7,75.31,1,75.32,1,75.33,1,75.34,11,75.35,8,75.36,9,75.37,13,75.38,5
2020-10-29 09:36:01,75.225,75.24,1,75.21,2,75.24,1,75.24,75.21,75.21,2,,,,,,,,,,,,,,,,,,,75.24,1,75.25,2,75.27,1,75.28,7,75.29,1,75.3,7,75.31,1,75.32,1,75.33,1,75.34,11
2020-10-29 09:36:02,75.245,75.24,1,75.22,4,75.27,3,75.27,75.22,75.22,4,75.21,2,,,,,,,,,,,,,,,,,75.27,3,75.28,7,75.29,1,75.3,7,75.31,1,75.32,1,75.33,1,75.34,11,75.35,8,75.36,9
2020-10-29 09:36:03,75.245,75.22,1,75.22,2,75.27,6,75.27,75.22,75.22,2,75.21,2,,,,,,,,,,,,,,,,,75.27,6,75.28,10,75.29,1,75.3,7,75.31,1,75.32,1,75.33,1,75.34,11,75.35,8,75.36,9
2020-10-29 09:36:04,75.25,75.22,1,75.22,5,75.28,9,75.28,75.22,75.22,5,75.21,2,,,,,,,,,,,,,,,,,75.28,9,75.29,1,75.3,7,75.31,1,75.32,1,75.33,1,75.34,11,75.35,8,75.36,9,75.37,13
2020-10-29 09:36:05,75.25,75.22,1,75.22,5,75.28,10,75.28,75.22,75.22,5,75.21,2,,,,,,,,,,,,,,,,,75.28,10,75.29,1,75.3,7,75.31,1,75.32,1,75.33,1,75.34,11,75.35,8,75.36,9,75.37,13
2020-10-29 09:36:06,75.245,75.22,1,75.21,2,75.28,11,75.28,75.21,75.21,2,,,,,,,,,,,,,,,,,,,75.28,11,75.29,1,75.3,7,75.31,1,75.32,1,75.33,1,75.34,11,75.35,8,75.36,9,75.37,13
2020-10-29 09:36:07,75.22,75.17,1,75.17,3,75.27,4,75.27,75.17,75.17,3,,,,,,,,,,,,,,,,,,,75.27,4,75.28,11,75.29,1,75.3,7,75.31,1,75.32,1,75.33,1,75.34,11,75.35,8,75.36,9
2020-10-29 09:36:08,75.22,75.17,1,75.17,4,75.27,4,75.27,75.17,75.17,4,,,,,,,,,,,,,,,,,,,75.27,4,75.28,11,75.29,1,75.3,7,75.31,1,75.32,1,75.33,1,75.34,11,75.35,8,75.36,9
2020-10-29 09:36:09,75.23,75.27,1,75.19,4,75.27,4,75.27,75.19,75.19,4,75.18,7,75.17,4,,,,,,,,,,,,,,,75.27,4,75.28,11,75.29,1,75.3,7,75.31,1,75.32,1,75.33,1,75.34,11,75.35,8,75.36,9
2020-10-29 09:36:10,75.23,75.27,1,75.19,7,75.27,4,75.27,75.19,75.19,7,75.18,7,75.17,4,,,,,,,,,,,,,,,75.27,4,75.28,11,75.29,1,75.3,7,75.31,1,75.32,1,75.33,1,75.34,11,75.35,8,75.36,9
2020-10-29 09:36:11,75.24,75.2,1,75.2,5,75.28,1,75.28,75.2,75.2,5,75.19,7,75.18,7,75.17,4,,,,,,,,,,,,,75.28,1,75.29,4,75.3,7,75.31,1,75.32,1,75.33,1,75.34,11,75.35,8,75.36,9,75.37,13
2020-10-29 09:36:12,75.24,75.21,1,75.2,6,75.28,1,75.28,75.2,75.2,6,75.19,7,75.18,7,75.17,4,,,,,,,,,,,,,75.28,1,75.29,4,75.3,7,75.31,1,75.32,1,75.33,1,75.34,11,75.35,8,75.36,9,75.37,13
2020-10-29 09:36:13,75.24,75.21,1,75.2,6,75.28,1,75.28,75.2,75.2,6,75.19,7,75.18,7,75.17,4,,,,,,,,,,,,,75.28,1,75.29,4,75.3,7,75.31,1,75.32,1,75.33,1,75.34,11,75.35,8,75.36,9,75.37,13
2020-10-29 09:36:14,75.24,75.2,1,75.2,6,75.28,1,75.28,75.2,75.2,6,75.19,7,75.18,7,75.17,4,,,,,,,,,,,,,75.28,1,75.29,4,75.3,7,75.31,1,75.32,1,75.33,1,75.34,11,75.35,8,75.36,9,75.37,13
2020-10-29 09:36:15,75.24,75.24,1,75.2,6,75.28,1,75.28,75.2,75.2,6,75.19,7,75.18,7,75.17,4,,,,,,,,,,,,,75.28,1,75.29,4,75.3,7,75.31,1,75.32,1,75.33,1,75.34,11,75.35,8,75.36,9,75.37,13
2020-10-29 09:36:16,75.24,75.24,1,75.2,6,75.28,1,75.28,75.2,75.2,6,75.19,7,75.18,7,75.17,4,,,,,,,,,,,,,75.28,1,75.29,4,75.3,7,75.31,1,75.32,1,75.33,1,75.34,11,75.35,8,75.36,9,75.37,13
2020-10-29 09:36:17,75.245,75.2,1,75.21,3,75.28,2,75.28,75.21,75.21,3,75.2,6,75.19,7,75.18,7,75.17,4,,,,,,,,,,,75.28,2,75.29,4,75.3,7,75.31,1,75.32,1,75.33,1,75.34,11,75.35,8,75.36,9,75.37,13
2020-10-29 09:36:18,75.255,75.2,1,75.23,4,75.28,2,75.28,75.23,75.23,4,75.21,7,75.2,6,75.19,7,75.18,7,75.17,4,,,,,,,,,75.28,2,75.29,4,75.3,7,75.31,1,75.32,1,75.33,1,75.34,11,75.35,8,75.36,9,75.37,13
2020-10-29 09:36:19,75.235,75.25,3,75.22,2,75.25,3,75.25,75.22,75.22,2,75.21,11,75.2,6,75.19,7,75.18,7,75.17,4,,,,,,,,,75.25,3,75.26,3,75.27,2,75.28,2,75.29,4,75.3,7,75.31,1,75.32,1,75.33,1,75.34,11
2020-10-29 09:36:20,75.23,75.22,1,75.21,11,75.25,3,75.25,75.21,75.21,11,75.2,6,75.19,7,75.18,7,75.17,4,,,,,,,,,,,75.25,3,75.26,3,75.27,2,75.28,2,75.29,4,75.3,7,75.31,1,75.32,1,75.33,1,75.34,11
2020-10-29 09:36:21,75.205,75.2,1,75.19,2,75.22,6,75.22,75.19,75.19,2,75.18,7,75.17,4,,,,,,,,,,,,,,,75.22,6,75.23,4,75.24,6,75.25,6,75.26,3,75.27,2,75.28,2,75.29,4,75.3,7,75.31,1
2020-10-29 09:36:22,75.205,75.2,1,75.19,2,75.22,6,75.22,75.19,75.19,2,75.18,7,75.17,4,,,,,,,,,,,,,,,75.22,6,75.23,4,75.24,6,75.25,6,75.26,3,75.27,2,75.28,2,75.29,4,75.3,7,75.31,1
2020-10-29 09:36:23,75.175,75.16,4,75.16,6,75.19,5,75.19,75.16,75.16,6,75.15,1,,,,,,,,,,,,,,,,,75.19,5,75.22,6,75.23,4,75.24,6,75.25,6,75.26,3,75.27,2,75.28,2,75.29,4,75.3,7
2020-10-29 09:36:24,75.175,75.16,4,75.16,6,75.19,5,75.19,75.16,75.16,6,75.15,1,,,,,,,,,,,,,,,,,75.19,5,75.22,6,75.23,4,75.24,6,75.25,6,75.26,3,75.27,2,75.28,2,75.29,4,75.3,7
2020-10-29 09:36:25,75.185,75.19,1,75.17,5,75.2,1,75.2,75.17,75.17,5,75.16,6,75.15,1,,,,,,,,,,,,,,,75.2,1,75.22,6,75.23,4,75.24,6,75.25,6,75.26,3,75.27,2,75.28,2,75.29,4,75.3,7
2020-10-29 09:36:26,75.19,75.19,1,75.18,10,75.2,1,75.2,75.18,75.18,10,75.17,5,75.16,6,75.15,1,,,,,,,,,,,,,75.2,1,75.22,6,75.23,4,75.24,6,75.25,6,75.26,3,75.27,2,75.28,2,75.29,4,75.3,7
2020-10-29 09:36:27,75.23,75.22,1,75.2,6,75.26,6,75.26,75.2,75.2,6,75.19,11,75.18,10,75.17,5,75.16,6,75.15,1,,,,,,,,,75.26,6,75.27,2,75.28,2,75.29,4,75.3,7,75.31,1,75.32,1,75.33,1,75.34,11,75.35,8
2020-10-29 09:36:28,75.235,75.21,1,75.21,9,75.26,5,75.26,75.21,75.21,9,75.2,6,75.19,11,75.18,10,75.17,5,75.16,6,75.15,1,,,,,,,75.26,5,75.27,2,75.28,2,75.29,4,75.3,7,75.31,1,75.32,1,75.33,1,75.34,11,75.35,8
2020-10-29 09:36:29,75.255,75.24,1,75.23,3,75.28,3,75.28,75.23,75.23,3,75.21,9,75.2,6,75.19,11,75.18,10,75.17,5,75.16,6,75.15,1,,,,,75.28,3,75.29,4,75.3,7,75.31,1,75.32,1,75.33,1,75.34,11,75.35,8,75.36,9,75.37,13
2020-10-29 09:36:30,75.255,75.24,1,75.23,3,75.28,5,75.28,75.23,75.23,3,75.21,9,75.2,6,75.19,11,75.18,10,75.17,5,75.16,6,75.15,1,,,,,75.28,5,75.29,4,75.3,7,75.31,1,75.32,1,75.33,1,75.34,11,75.35,8,75.36,9,75.37,13
2020-10-29 09:36:31,75.25,75.27,1,75.23,3,75.27,1,75.27,75.23,75.23,3,75.21,9,75.2,6,75.19,11,75.18,10,75.17,5,75.16,6,75.15,1,,,,,75.27,1,75.28,4,75.29,4,75.3,7,75.31,1,75.32,1,75.33,1,75.34,11,75.35,8,75.36,9
2020-10-29 09:36:32,75.24,75.24,9,75.23,3,75.25,1,75.25,75.23,75.23,3,75.21,9,75.2,6,75.19,11,75.18,10,75.17,5,75.16,6,75.15,1,,,,,75.25,1,75.26,3,75.27,1,75.28,4,75.29,4,75.3,7,75.31,1,75.32,1,75.33,1,75.34,11
2020-10-29 09:36:33,75.235,75.24,1,75.22,3,75.25,1,75.25,75.22,75.22,3,75.21,9,75.2,6,75.19,11,75.18,10,75.17,5,75.16,6,75.15,1,,,,,75.25,1,75.26,3,75.27,1,75.28,4,75.29,4,75.3,7,75.31,1,75.32,1,75.33,1,75.34,11
2020-10-29 09:36:34,75.235,75.24,1,75.22,3,75.25,1,75.25,75.22,75.22,3,75.21,9,75.2,6,75.19,11,75.18,10,75.17,5,75.16,6,75.15,1,,,,,75.25,1,75.26,3,75.27,1,75.28,4,75.29,4,75.3,7,75.31,1,75.32,1,75.33,1,75.34,11
2020-10-29 09:36:35,75.245,75.24,1,75.22,3,75.27,1,75.27,75.22,75.22,3,75.21,9,75.2,6,75.19,11,75.18,10,75.17,5,75.16,6,75.15,1,,,,,75.27,1,75.28,4,75.29,4,75.3,7,75.31,1,75.32,1,75.33,1,75.34,11,75.35,8,75.36,9
2020-10-29 09:36:36,75.245,75.24,1,75.22,3,75.27,4,75.27,75.22,75.22,3,75.21,9,75.2,6,75.19,11,75.18,10,75.17,5,75.16,6,75.15,1,,,,,75.27,4,75.28,4,75.29,4,75.3,7,75.31,1,75.32,1,75.33,1,75.34,11,75.35,8,75.36,9
2020-10-29 09:36:37,75.245,75.24,1,75.22,3,75.27,4,75.27,75.22,75.22,3,75.21,9,75.2,6,75.19,11,75.18,10,75.17,5,75.16,6,75.15,1,,,,,75.27,4,75.28,4,75.29,4,75.3,7,75.31,1,75.32,1,75.33,1,75.34,11,75.35,8,75.36,9
2020-10-29 09:36:38,75.245,75.24,1,75.22,8,75.27,6,75.27,75.22,75.22,8,75.21,9,75.2,6,75.19,11,75.18,10,75.17,5,75.16,6,75.15,1,,,,,75.27,6,75.28,4,75.29,4,75.3,7,75.31,1,75.32,1,75.33,1,75.34,11,75.35,8,75.36,9
2020-10-29 09:36:39,75.26,75.26,1,75.23,11,75.29,5,75.29,75.23,75.23,11,75.22,8,75.21,9,75.2,6,75.19,11,75.18,10,75.17,5,75.16,6,75.15,1,,,75.29,5,75.3,7,75.31,1,75.32,1,75.33,1,75.34,11,75.35,8,75.36,9,75.37,13,75.38,5
2020-10-29 09:36:40,75.26,75.26,1,75.23,11,75.29,6,75.29,75.23,75.23,11,75.22,8,75.21,9,75.2,6,75.19,11,75.18,10,75.17,5,75.16,6,75.15,1,,,75.29,6,75.3,7,75.31,1,75.32,1,75.33,1,75.34,11,75.35,8,75.36,9,75.37,13,75.38,5
2020-10-29 09:36:41,75.265,75.26,1,75.24,3,75.29,7,75.29,75.24,75.24,3,75.23,7,75.22,8,75.21,9,75.2,6,75.19,11,75.18,10,75.17,5,75.16,6,75.15,1,75.29,7,75.3,7,75.31,1,75.32,1,75.33,1,75.34,11,75.35,8,75.36,9,75.37,13,75.38,5
