sim_time,mid_price,last_price,last_size,best_bid_price,best_bid_size,best_ask_price,best_ask_size,close_price_buy,close_price_sell,bid1_price,bid1_size,bid2_price,bid2_size,bid3_price,bid3_size,bid4_price,bid4_size,bid5_price,bid5_size,bid6_price,bid6_size,bid7_price,bid7_size,bid8_price,bid8_size,bid9_price,bid9_size,bid10_price,bid10_size,ask1_price,ask1_size,ask2_price,ask2_size,ask3_price,ask3_size,ask4_price,ask4_size,ask5_price,ask5_size,ask6_price,ask6_size,ask7_price,ask7_size,ask8_price,ask8_size,ask9_price,ask9_size,ask10_price,ask10_size
2026-02-05 09:30:17,406.575,406.63,1,406.47,400,406.68,40,406.68,406.47,406.47,400,406.43,160,406.42,640,406.37,120,406.36,40,406.31,120,406.26,360,406.25,200,,,,,406.68,40,406.69,80,406.7,280,406.71,480,406.75,40,406.76,40,406.79,80,406.8,240,406.83,120,406.84,400
2026-02-05 09:30:18,406.835,406.84,1,406.7,200,406.97,120,406.97,406.7,406.7,200,406.69,280,406.67,640,406.66,280,406.64,160,406.6,280,406.57,280,406.55,440,406.51,280,406.5,80,406.97,120,406.98,40,407.02,280,407.05,40,407.09,520,407.22,80,407.28,240,407.35,200,407.36,40,407.42,80
2026-02-05 09:30:20,406.81,406.83,1,406.71,160,406.91,80,406.91,406.71,406.71,160,406.7,200,406.69,280,406.67,640,406.66,280,406.64,160,406.6,280,406.57,280,406.55,440,406.51,280,406.91,80,406.92,160,406.94,160,406.98,280,407.02,280,407.05,40,407.09,520,407.22,80,407.28,240,407.35,200
2026-02-05 09:30:21,406.82,406.76,1,406.75,280,406.89,40,406.89,406.75,406.75,280,406.74,40,406.71,160,406.7,200,406.69,280,406.67,640,406.66,280,406.64,160,406.6,280,406.57,280,406.89,40,406.91,160,406.92,160,406.94,160,406.98,280,407.02,280,407.05,40,407.09,520,407.22,80,407.28,240
2026-02-05 09:30:22,406.97,406.97,1,406.86,280,407.08,320,407.08,406.86,406.86,280,406.81,240,406.8,120,406.74,120,406.71,200,406.65,40,406.64,160,406.6,280,406.57,280,406.55,440,407.08,320,407.09,640,407.19,1280,407.2,1240,407.22,80,407.28,240,407.35,200,407.36,40,407.42,80,407.51,240
2026-02-05 09:30:22,406.835,406.86,1,406.75,80,406.92,80,406.92,406.75,406.75,80,406.74,120,406.71,200,406.65,40,406.64,160,406.6,280,406.57,280,406.55,440,406.51,280,406.5,80,406.92,80,406.93,120,407.07,120,407.08,480,407.09,640,407.19,1280,407.2,1240,407.22,80,407.28,240,407.35,200
2026-02-05 09:30:24,406.57,406.54,1,406.53,40,406.61,80,406.61,406.53,406.53,40,406.51,280,406.5,80,406.48,40,406.47,400,406.43,160,406.42,640,406.37,120,406.36,40,406.31,120,406.61,80,406.68,400,406.75,120,406.86,160,406.88,240,406.91,200,406.92,40,406.93,120,407.07,120,407.08,480
2026-02-05 09:30:25,406.41,406.4,1,406.3,120,406.52,40,406.52,406.3,406.3,120,406.26,360,406.25,200,,,,,,,,,,,,,,,406.52,40,406.53,40,406.65,80,406.68,400,406.75,120,406.86,160,406.88,240,406.91,200,406.92,40,406.93,120
2026-02-05 09:30:26,406.34,406.41,1,406.32,240,406.36,40,406.36,406.32,406.32,240,406.3,120,406.26,360,406.25,200,,,,,,,,,,,,,406.36,40,406.41,40,406.42,80,406.45,80,406.49,240,406.5,360,406.52,240,406.53,40,406.65,80,406.68,400
2026-02-05 09:30:27,406.245,406.23,1,406.2,200,406.29,200,406.29,406.2,406.2,200,,,,,,,,,,,,,,,,,,,406.29,200,406.34,80,406.35,40,406.41,80,406.45,320,406.49,240,406.5,360,406.52,240,406.53,40,406.65,80
2026-02-05 09:30:28,406.17,406.16,1,406.09,160,406.25,280,406.25,406.09,406.09,160,,,,,,,,,,,,,,,,,,,406.25,280,406.32,40,406.34,360,406.35,40,406.41,80,406.45,320,406.49,240,406.5,360,406.52,240,406.53,40
2026-02-05 09:30:29,406.155,406.18,1,406.07,120,406.24,40,406.24,406.07,406.07,120,406.01,360,,,,,,,,,,,,,,,,,406.24,40,406.25,520,406.32,40,406.34,360,406.35,40,406.41,80,406.45,320,406.49,240,406.5,360,406.52,240
2026-02-05 09:30:30,405.72,405.72,1,405.67,80,405.77,80,405.77,405.67,405.67,80,,,,,,,,,,,,,,,,,,,405.77,80,405.8,80,405.81,120,405.85,80,405.86,200,405.89,80,405.92,80,405.96,120,405.97,120,406.02,160
2026-02-05 09:30:31,405.42,405.59,2,405.28,360,405.56,40,405.56,405.28,405.28,360,405.26,160,,,,,,,,,,,,,,,,,405.56,40,405.58,400,405.62,80,405.65,80,405.66,80,405.67,160,405.74,120,405.76,120,405.78,80,405.79,80
2026-02-05 09:30:32,405.43,405.52,1,405.3,160,405.56,80,405.56,405.3,405.3,160,405.29,120,405.28,360,405.26,160,,,,,,,,,,,,,405.56,80,405.57,40,405.59,40,405.6,960,405.62,80,405.65,80,405.66,80,405.67,160,405.74,120,405.76,120
2026-02-05 09:30:33,405.9,405.97,1,405.81,160,405.99,240,405.99,405.81,405.81,160,405.73,40,405.69,80,405.65,40,405.63,200,405.61,400,405.6,40,405.54,80,405.53,40,405.51,200,405.99,240,406.0,240,406.01,120,406.02,280,406.04,80,406.07,160,406.12,280,406.16,40,406.24,40,406.25,520
2026-02-05 09:30:34,405.75,405.88,1,405.65,120,405.85,160,405.85,405.65,405.65,120,405.63,200,405.61,400,405.6,40,405.54,80,405.53,40,405.51,200,405.46,80,405.43,440,405.3,480,405.85,160,405.86,120,405.89,120,405.9,120,405.91,120,405.92,120,405.95,320,405.96,240,405.97,240,405.98,240
2026-02-05 09:30:35,405.865,405.89,1,405.81,240,405.92,80,405.92,405.81,405.81,240,405.72,240,405.65,160,405.63,200,405.61,400,405.6,40,405.54,80,405.53,40,405.51,200,405.46,80,405.92,80,405.97,80,405.98,240,405.99,240,406.0,240,406.01,120,406.02,280,406.04,80,406.07,160,406.12,280
2026-02-05 09:30:36,405.975,406.01,1,405.9,160,406.05,120,406.05,405.9,405.9,160,405.86,80,405.81,240,405.72,240,405.65,160,405.63,200,405.61,400,405.6,40,405.54,80,405.53,40,406.05,120,406.06,80,406.07,160,406.12,280,406.16,40,406.24,40,406.25,520,406.32,40,406.34,360,406.35,40
2026-02-05 09:30:37,406.195,406.09,1,406.08,120,406.31,40,406.31,406.08,406.08,120,406.02,80,406.0,200,405.95,40,405.93,120,405.9,160,405.86,80,405.81,240,405.72,240,405.65,160,406.31,40,406.45,40,406.49,240,406.5,360,406.52,240,406.53,40,406.65,80,406.68,400,406.75,120,406.86,160
2026-02-05 09:30:38,405.985,406.06,1,405.91,200,406.06,240,406.06,405.91,405.91,200,405.9,160,405.86,80,405.81,240,405.72,240,405.65,160,405.63,200,405.61,400,405.6,40,405.54,80,406.06,240,406.07,120,406.11,120,406.12,320,406.14,80,406.15,200,406.16,240,406.17,200,406.18,400,406.19,400
2026-02-05 09:30:39,405.975,406.06,1,405.81,80,406.14,40,406.14,405.81,405.81,80,405.77,40,405.72,240,405.65,160,405.63,200,405.61,400,405.6,40,405.54,80,405.53,40,405.51,200,406.14,40,406.17,40,406.18,200,406.19,400,406.31,80,406.45,80,406.49,240,406.5,360,406.52,240,406.53,40
2026-02-05 09:30:40,405.975,405.81,4,405.81,80,406.14,40,406.14,405.81,405.81,80,405.77,40,405.72,240,405.65,160,405.63,200,405.61,400,405.6,40,405.54,80,405.53,40,405.51,200,406.14,40,406.17,40,406.18,200,406.19,400,406.31,80,406.45,80,406.49,240,406.5,360,406.52,240,406.53,40
2026-02-05 09:30:41,405.715,405.69,1,405.58,40,405.85,40,405.85,405.58,405.58,40,405.57,40,405.54,80,405.53,40,405.51,200,405.46,80,405.43,440,405.3,480,405.29,120,405.28,360,405.85,40,405.86,280,405.97,40,406.04,160,406.05,240,406.07,160,406.13,80,406.14,40,406.17,40,406.18,200
2026-02-05 09:30:41,405.79,405.85,2,405.58,80,406.0,80,406.0,405.58,405.58,80,405.57,40,405.54,80,405.53,40,405.51,200,405.46,80,405.43,440,405.3,480,405.29,120,405.28,360,406.0,80,406.01,40,406.05,200,406.07,160,406.13,80,406.14,40,406.17,40,406.18,200,406.19,400,406.31,80
2026-02-05 09:30:43,405.75,405.88,1,405.62,120,405.88,40,405.88,405.62,405.62,120,405.61,40,405.59,280,405.58,160,405.57,80,405.54,80,405.53,40,405.51,200,405.46,80,405.43,440,405.88,40,405.89,40,406.0,80,406.01,40,406.05,200,406.07,160,406.13,80,406.14,40,406.17,40,406.18,200
2026-02-05 09:30:44,405.895,405.79,1,405.79,360,406.0,240,406.0,405.79,405.79,360,405.75,360,405.63,280,405.62,120,405.61,40,405.59,280,405.58,160,405.57,80,405.54,80,405.53,40,406.0,240,406.01,40,406.05,200,406.07,160,406.13,80,406.14,40,406.17,40,406.18,200,406.19,400,406.31,80
2026-02-05 09:30:45,405.84,405.85,1,405.73,80,405.95,80,405.95,405.73,405.73,80,405.65,40,405.63,280,405.62,120,405.61,40,405.59,280,405.58,160,405.57,80,405.54,80,405.53,40,405.95,80,406.0,400,406.01,40,406.05,200,406.07,160,406.13,80,406.14,40,406.17,40,406.18,200,406.19,400
2026-02-05 09:30:46,405.57,405.54,1,405.45,120,405.69,160,405.69,405.45,405.45,120,405.4,80,405.35,80,405.3,480,405.29,120,405.28,360,405.26,160,,,,,,,405.69,160,405.7,40,405.71,120,405.75,80,405.84,120,405.95,120,406.0,400,406.01,40,406.05,200,406.07,160
2026-02-05 09:30:47,405.54,405.54,1,405.43,120,405.65,80,405.65,405.43,405.43,120,405.42,40,405.4,120,405.33,40,405.32,40,405.3,80,405.29,80,405.28,360,405.26,160,,,405.65,80,405.69,200,405.7,40,405.71,120,405.75,80,405.84,120,405.95,120,406.0,400,406.01,40,406.05,200
2026-02-05 09:30:48,405.46,405.53,1,405.39,40,405.53,280,405.53,405.39,405.39,40,405.33,40,405.32,40,405.3,80,405.29,80,405.28,360,405.26,160,,,,,,,405.53,280,405.58,400,405.62,200,405.63,240,405.64,280,405.65,120,405.69,160,405.7,40,405.71,120,405.75,80
2026-02-05 09:30:48,405.46,405.53,1,405.39,40,405.53,280,405.53,405.39,405.39,40,405.33,40,405.32,40,405.3,80,405.29,80,405.28,360,405.26,160,,,,,,,405.53,280,405.58,400,405.62,200,405.63,240,405.64,280,405.65,120,405.69,160,405.7,40,405.71,120,405.75,80
2026-02-05 09:30:50,405.34,405.4,10,405.22,120,405.46,40,405.46,405.22,405.22,120,,,,,,,,,,,,,,,,,,,405.46,40,405.49,440,405.51,40,405.53,240,405.58,400,405.62,200,405.63,240,405.64,280,405.65,120,405.69,160
2026-02-05 09:30:51,405.185,405.2,4,405.15,80,405.22,160,405.22,405.15,405.15,80,,,,,,,,,,,,,,,,,,,405.22,160,405.25,80,405.3,40,405.31,40,405.32,240,405.35,40,405.36,360,405.4,40,405.43,80,405.46,480
2026-02-05 09:30:52,405.23,405.19,1,405.14,160,405.32,200,405.32,405.14,405.14,160,405.08,320,,,,,,,,,,,,,,,,,405.32,200,405.35,40,405.36,360,405.4,40,405.43,80,405.46,480,405.49,440,405.51,40,405.53,240,405.58,400
2026-02-05 09:30:53,405.14,405.1,4,405.05,200,405.23,160,405.23,405.05,405.05,200,,,,,,,,,,,,,,,,,,,405.23,160,405.31,80,405.32,520,405.37,40,405.4,40,405.43,80,405.46,480,405.49,440,405.51,40,405.53,240
2026-02-05 09:30:54,405.13,405.16,1,405.05,200,405.21,600,405.21,405.05,405.05,200,,,,,,,,,,,,,,,,,,,405.21,600,405.27,40,405.29,40,405.3,320,405.31,240,405.32,160,405.37,40,405.4,40,405.43,80,405.46,480
2026-02-05 09:30:55,405.25,405.17,10,405.17,80,405.33,840,405.33,405.17,405.17,80,405.1,200,405.05,200,,,,,,,,,,,,,,,405.33,840,405.37,40,405.4,40,405.43,80,405.46,480,405.49,440,405.51,40,405.53,240,405.58,400,405.62,200
2026-02-05 09:30:56,405.29,405.21,1,405.18,160,405.4,120,405.4,405.18,405.18,160,405.12,40,405.1,120,405.09,80,405.08,40,405.05,240,,,,,,,,,405.4,120,405.41,200,405.42,80,405.43,80,405.46,480,405.49,440,405.51,40,405.53,240,405.58,400,405.62,200
2026-02-05 09:30:57,405.195,405.2,1,405.13,40,405.26,120,405.26,405.13,405.13,40,405.12,80,405.08,40,405.05,240,,,,,,,,,,,,,405.26,120,405.29,320,405.39,120,405.4,200,405.41,200,405.42,80,405.43,80,405.46,480,405.49,440,405.51,40
2026-02-05 09:30:58,405.33,405.3,4,405.23,160,405.43,40,405.43,405.23,405.23,160,405.17,80,405.13,320,405.12,80,405.08,40,405.05,240,,,,,,,,,405.43,40,405.46,480,405.49,440,405.51,40,405.53,240,405.58,400,405.62,200,405.63,240,405.64,280,405.65,120
2026-02-05 09:30:59,405.19,405.34,1,405.12,160,405.26,80,405.26,405.12,405.12,160,405.08,40,405.05,240,,,,,,,,,,,,,,,405.26,80,405.34,280,405.39,120,405.41,120,405.43,40,405.46,480,405.49,440,405.51,40,405.53,240,405.58,400
2026-02-05 09:31:00,405.295,405.3,6,405.18,200,405.41,160,405.41,405.18,405.18,200,405.14,200,405.05,160,405.03,200,405.01,120,405.0,480,404.99,280,404.98,120,404.95,240,404.92,280,405.41,160,405.43,40,405.46,480,405.49,440,405.51,40,405.53,240,405.58,400,405.62,200,405.63,240,405.64,280
2026-02-05 09:31:01,405.215,405.22,6,405.09,80,405.34,160,405.34,405.09,405.09,80,405.08,160,405.04,160,405.0,360,404.99,280,404.98,120,404.95,240,404.92,280,,,,,405.34,160,405.35,120,405.36,160,405.37,80,405.39,80,405.41,320,405.43,40,405.46,480,405.49,440,405.51,40
2026-02-05 09:31:02,404.99,404.97,1,404.9,120,405.08,440,405.08,404.9,404.9,120,404.84,120,404.82,80,404.79,120,404.78,40,404.77,240,,,,,,,,,405.08,440,405.12,80,405.15,480,405.19,720,405.34,120,405.35,120,405.36,160,405.37,80,405.39,80,405.41,320
2026-02-05 09:31:03,405.22,405.25,2,405.12,360,405.32,120,405.32,405.12,405.12,360,405.11,200,405.09,240,405.07,200,405.03,360,404.95,40,404.91,320,404.9,120,404.84,120,404.82,80,405.32,120,405.34,120,405.35,120,405.36,160,405.37,80,405.39,80,405.41,320,405.43,40,405.46,480,405.49,440
2026-02-05 09:31:04,405.105,405.12,1,405.02,80,405.19,160,405.19,405.02,405.02,80,404.95,40,404.91,320,404.9,120,404.84,120,404.82,80,404.79,120,404.78,40,404.77,240,,,405.19,160,405.22,40,405.23,40,405.24,160,405.28,80,405.31,120,405.32,160,405.34,120,405.35,120,405.36,160
2026-02-05 09:31:05,404.89,404.87,1,404.75,240,405.03,80,405.03,404.75,404.75,240,,,,,,,,,,,,,,,,,,,405.03,80,405.04,80,405.07,200,405.08,80,405.13,120,405.19,160,405.22,40,405.23,40,405.24,160,405.28,80
2026-02-05 09:31:06,404.595,404.6,1,404.53,80,404.66,80,404.66,404.53,404.53,80,,,,,,,,,,,,,,,,,,,404.66,80,404.77,40,404.78,280,404.81,120,404.88,80,404.93,120,404.96,120,404.99,80,405.0,400,405.03,160
2026-02-05 09:31:07,404.385,405.99,1,404.32,1000,404.45,80,404.45,404.32,404.32,1000,,,,,,,,,,,,,,,,,,,404.45,80,404.5,120,404.55,40,404.59,40,404.6,40,404.61,40,404.63,80,404.66,160,404.77,40,404.78,280
2026-02-05 09:31:08,404.44,404.58,2,404.32,1280,404.56,80,404.56,404.32,404.32,1280,,,,,,,,,,,,,,,,,,,404.56,80,404.58,120,404.64,80,404.69,40,404.71,160,404.77,40,404.78,280,404.81,120,404.88,80,404.93,120
2026-02-05 09:31:09,404.475,404.4,2,404.4,120,404.55,280,404.55,404.4,404.4,120,404.36,80,404.32,80,404.31,40,404.28,160,404.27,200,404.26,80,404.25,160,404.23,160,,,404.55,280,404.56,80,404.58,120,404.64,80,404.69,40,404.71,160,404.77,40,404.78,280,404.81,120,404.88,80
2026-02-05 09:31:10,404.435,404.43,1,404.34,160,404.53,40,404.53,404.34,404.34,160,404.31,80,404.3,120,404.26,200,404.25,160,404.23,160,,,,,,,,,404.53,40,404.55,80,404.56,80,404.57,120,404.58,80,404.64,240,404.69,40,404.71,160,404.77,40,404.78,280
2026-02-05 09:31:11,404.235,404.29,1,404.16,40,404.31,160,404.31,404.16,404.16,40,404.15,160,404.14,40,404.13,240,,,,,,,,,,,,,404.31,160,404.34,80,404.35,40,404.36,160,404.37,120,404.38,40,404.39,80,404.46,80,404.53,40,404.56,40
2026-02-05 09:31:12,404.48,404.43,1,404.4,40,404.56,80,404.56,404.4,404.4,40,404.38,240,404.31,80,404.28,200,404.23,240,404.19,360,404.16,120,404.15,160,404.14,40,404.13,240,404.56,80,404.57,120,404.58,80,404.64,240,404.69,40,404.71,160,404.77,40,404.78,280,404.81,120,404.88,80
2026-02-05 09:31:13,404.51,404.31,1,404.46,40,404.56,240,404.56,404.47,404.46,40,404.45,200,404.4,80,404.39,40,404.38,40,404.37,160,404.34,80,404.31,80,404.3,360,404.29,240,404.56,240,404.6,80,404.64,40,404.67,40,404.69,280,404.7,360,404.72,120,404.73,280,404.75,80,404.77,40
2026-02-05 09:31:14,404.055,404.0,1,404.02,80,404.09,200,404.09,404.02,404.02,80,404.0,3800,,,,,,,,,,,,,,,,,404.09,200,404.11,40,404.12,160,404.14,160,404.18,80,404.19,80,404.3,120,404.31,40,404.32,40,404.34,4960
2026-02-05 09:31:15,403.985,403.95,1,403.92,40,404.05,120,404.05,403.92,403.92,40,403.91,80,403.9,320,,,,,,,,,,,,,,,404.05,120,404.1,80,404.15,160,404.16,200,404.18,80,404.19,80,404.3,120,404.31,40,404.32,40,404.34,4960
2026-02-05 09:31:16,403.83,403.83,1,403.73,40,403.93,200,403.93,403.73,403.73,40,403.7,40,403.69,40,403.67,840,,,,,,,,,,,,,403.93,200,403.94,160,403.96,160,403.97,200,403.99,240,404.01,80,404.03,120,404.05,120,404.1,80,404.15,160
2026-02-05 09:31:17,403.79,403.72,1,403.69,240,403.89,40,403.89,403.69,403.69,240,403.67,880,,,,,,,,,,,,,,,,,403.89,40,403.9,80,403.94,80,403.97,40,403.99,280,404.01,80,404.03,120,404.05,120,404.1,80,404.15,160
2026-02-05 09:31:18,403.925,404.0,1,403.83,40,404.02,40,404.02,403.83,403.83,40,403.82,40,403.81,280,403.8,80,403.77,80,403.74,360,403.71,200,403.7,320,403.69,240,403.67,880,404.02,40,404.07,520,404.08,200,404.1,80,404.15,160,404.16,200,404.18,80,404.19,80,404.3,120,404.31,40
2026-02-05 09:31:19,403.925,403.89,1,403.84,160,404.01,40,404.01,403.84,403.84,160,403.83,240,403.82,120,403.81,280,403.8,80,403.77,80,403.74,360,403.71,200,403.7,320,403.69,240,404.01,40,404.03,40,404.05,80,404.09,80,404.11,80,404.13,160,404.15,160,404.16,200,404.18,80,404.19,80
2026-02-05 09:31:20,403.765,403.68,6,403.68,80,403.85,80,403.85,403.68,403.68,80,403.67,1120,,,,,,,,,,,,,,,,,403.85,80,403.9,160,403.91,80,403.92,80,403.94,40,403.95,80,403.98,80,404.01,40,404.04,80,404.05,80
2026-02-05 09:31:21,403.955,404.02,2,403.85,120,404.06,80,404.06,403.85,403.85,120,403.82,40,403.72,440,403.68,120,403.65,40,,,,,,,,,,,404.06,80,404.07,80,404.1,160,404.11,80,404.13,160,404.15,160,404.16,200,404.18,80,404.19,80,404.3,120
2026-02-05 09:31:22,404.41,404.49,1,404.32,40,404.5,40,404.5,404.32,404.32,40,404.29,80,404.25,120,404.2,160,404.18,120,404.17,120,404.1,280,404.05,80,404.02,360,403.99,280,404.5,40,404.51,160,404.54,120,404.58,80,404.62,880,404.64,40,404.67,40,404.69,280,404.7,360,404.72,120
2026-02-05 09:31:23,404.355,404.34,1,404.25,160,404.46,40,404.46,404.25,404.25,160,404.2,160,404.18,120,404.17,120,404.1,280,404.05,80,404.02,360,403.99,280,403.89,40,403.86,40,404.46,40,404.48,320,404.5,40,404.52,120,404.54,160,404.58,80,404.62,880,404.64,40,404.67,40,404.69,280
2026-02-05 09:31:24,404.575,404.57,1,404.52,120,404.63,40,404.63,404.52,404.52,120,404.5,280,404.37,80,404.35,240,404.3,80,404.26,160,404.25,1240,404.2,160,404.18,120,404.17,120,404.63,40,404.64,40,404.65,80,404.67,40,404.69,280,404.7,360,404.72,120,404.73,280,404.75,80,404.77,40
2026-02-05 09:31:25,404.845,404.89,1,404.75,280,404.94,280,404.94,404.75,404.75,280,404.71,120,404.7,200,404.67,80,404.66,40,404.65,1000,404.61,200,404.57,240,404.54,80,404.53,80,404.94,280,404.96,40,404.97,120,404.99,80,405.0,400,405.03,160,405.04,80,405.07,200,405.08,80,405.13,120
2026-02-05 09:31:26,404.435,404.44,1,404.28,80,404.59,40,404.59,404.28,404.28,80,404.26,280,404.25,1240,404.2,160,404.18,120,404.17,120,404.1,280,404.05,80,404.02,360,403.99,280,404.59,40,404.6,80,404.61,80,404.62,40,404.63,40,404.7,40,404.76,240,404.78,240,404.86,120,404.88,40
2026-02-05 09:31:27,404.275,404.25,1,404.18,120,404.37,400,404.37,404.18,404.18,120,404.17,80,404.12,80,404.06,240,404.05,40,404.02,120,404.0,40,403.99,280,403.89,40,403.86,40,404.37,400,404.4,40,404.51,40,404.52,120,404.58,80,404.59,40,404.6,80,404.61,80,404.62,40,404.63,40
2026-02-05 09:31:28,404.005,404.04,1,403.96,40,404.05,160,404.05,403.96,403.96,40,403.92,80,403.89,40,403.86,40,403.85,80,403.81,160,403.8,120,403.79,280,403.72,440,403.68,120,404.05,160,404.06,160,404.07,200,404.09,80,404.1,160,404.17,80,404.25,280,404.27,80,404.36,80,404.38,120
2026-02-05 09:31:29,404.3,404.3,1,404.2,120,404.4,120,404.4,404.2,404.2,120,404.18,120,404.07,80,404.05,240,404.0,80,403.99,160,403.95,80,403.92,80,403.9,40,403.89,40,404.4,120,404.51,40,404.52,120,404.58,80,404.59,40,404.6,80,404.61,80,404.62,40,404.63,40,404.7,40
2026-02-05 09:31:30,404.01,404.11,1,403.92,160,404.1,80,404.1,403.92,403.92,160,403.9,40,403.89,40,403.86,40,403.85,80,403.81,160,403.8,120,403.79,280,403.72,440,403.68,120,404.1,80,404.16,120,404.21,80,404.23,280,404.32,120,404.33,160,404.36,80,404.4,200,404.51,40,404.52,120
2026-02-05 09:31:31,404.0,403.94,2,403.93,40,404.07,40,404.07,403.93,403.93,40,403.86,160,403.83,80,403.81,40,403.8,40,403.79,280,403.76,320,403.75,240,403.74,40,403.72,440,404.07,40,404.08,40,404.1,120,404.16,120,404.21,80,404.23,280,404.32,120,404.33,160,404.36,80,404.4,200
2026-02-05 09:31:32,403.83,403.84,1,403.72,440,403.94,40,403.94,403.72,403.72,440,403.68,120,403.65,40,,,,,,,,,,,,,,,403.94,40,404.0,200,404.05,80,404.06,160,404.07,240,404.08,200,404.1,120,404.16,120,404.21,80,404.23,280
2026-02-05 09:31:33,404.05,404.07,2,403.94,40,404.16,80,404.16,403.94,403.94,40,403.89,80,403.87,40,403.86,40,403.84,240,403.81,40,403.78,40,403.75,40,403.73,480,403.72,440,404.16,80,404.2,40,404.21,80,404.23,280,404.32,120,404.33,160,404.36,80,404.4,200,404.51,40,404.52,120
2026-02-05 09:31:34,404.145,404.14,1,404.05,40,404.24,160,404.24,404.05,404.05,40,403.99,40,403.94,160,403.89,80,403.87,40,403.86,40,403.84,240,403.81,40,403.78,40,403.75,40,404.24,160,404.26,120,404.3,120,404.33,80,404.36,880,404.4,200,404.51,40,404.52,120,404.58,80,404.59,40
2026-02-05 09:31:35,404.205,404.2,1,404.1,80,404.31,200,404.31,404.1,404.1,80,404.07,200,404.0,40,403.94,240,403.89,80,403.87,40,403.86,40,403.84,240,403.81,40,403.78,40,404.31,200,404.33,80,404.36,880,404.4,200,404.51,40,404.52,120,404.58,80,404.59,40,404.6,80,404.61,80
2026-02-05 09:31:36,403.69,403.81,3,403.57,120,403.81,120,403.81,403.57,403.57,120,403.5,1000,,,,,,,,,,,,,,,,,403.81,120,403.82,120,403.9,120,403.99,280,404.02,200,404.09,160,404.17,160,404.27,240,404.3,40,404.31,240
2026-02-05 09:31:37,403.755,403.81,1,403.68,80,403.83,40,403.83,403.68,403.68,80,403.67,120,403.58,160,403.57,120,403.5,1000,,,,,,,,,,,403.83,40,403.9,120,403.99,280,404.02,200,404.09,160,404.17,160,404.27,240,404.3,40,404.31,240,404.33,80
2026-02-05 09:31:38,403.7,403.7,1,403.58,40,403.82,200,403.82,403.58,403.58,40,403.57,120,403.5,1000,,,,,,,,,,,,,,,403.82,200,403.83,40,403.9,120,403.99,280,404.02,200,404.09,160,404.17,160,404.27,240,404.3,40,404.31,240
2026-02-05 09:31:39,403.515,403.5,1,403.43,40,403.47,80,403.47,403.43,403.46,80,,,,,,,,,,,,,,,,,,,403.57,120,403.75,40,403.82,200,403.83,40,403.9,120,403.99,280,404.02,200,404.09,160,404.17,160,404.27,240
2026-02-05 09:31:40,403.125,403.02,1,403.02,120,403.23,80,403.23,403.02,403.02,120,,,,,,,,,,,,,,,,,,,403.23,80,403.26,40,403.28,120,403.35,120,403.37,80,403.42,40,403.44,80,403.51,120,403.52,120,403.64,40
2026-02-05 09:31:41,402.82,402.76,1,402.76,80,402.88,200,402.88,402.76,402.76,80,402.75,800,,,,,,,,,,,,,,,,,402.88,200,402.89,120,402.91,80,402.99,40,403.0,80,403.01,160,403.03,160,403.05,160,403.08,120,403.1,40
2026-02-05 09:31:42,402.61,402.6,1,402.55,160,402.68,80,402.68,402.55,402.55,160,,,,,,,,,,,,,,,,,,,402.67,80,402.68,40,402.69,40,402.71,80,402.72,40,402.8,200,402.82,120,402.88,200,402.89,120,402.91,80
2026-02-05 09:31:43,402.59,402.57,1,402.52,400,402.66,120,402.66,402.52,402.52,400,,,,,,,,,,,,,,,,,,,402.66,120,402.67,40,402.69,200,402.71,80,402.72,40,402.8,200,402.82,120,402.88,200,402.89,120,402.91,80
2026-02-05 09:31:44,402.635,402.64,1,402.54,40,402.73,160,402.73,402.54,402.54,40,402.52,400,,,,,,,,,,,,,,,,,402.73,160,402.8,200,402.82,120,402.88,200,402.89,120,402.91,80,402.99,40,403.0,80,403.01,160,403.03,160
2026-02-05 09:31:45,402.74,402.71,1,402.68,160,402.8,280,402.8,402.68,402.68,160,402.65,80,402.54,40,402.52,400,,,,,,,,,,,,,402.8,280,402.82,120,402.88,200,402.89,120,402.91,80,402.99,40,403.0,80,403.01,160,403.03,160,403.05,160
2026-02-05 09:31:46,402.74,402.76,2,402.68,360,402.8,200,402.8,402.68,402.68,360,402.65,80,402.54,40,402.52,400,,,,,,,,,,,,,402.8,200,402.82,120,402.88,200,402.89,120,402.91,80,402.99,40,403.0,80,403.01,160,403.03,160,403.05,160
2026-02-05 09:31:47,402.775,402.7,1,402.69,80,402.86,80,402.86,402.69,402.69,80,402.68,320,402.65,80,402.54,40,402.52,400,,,,,,,,,,,402.86,80,402.87,80,402.88,160,402.89,120,402.91,80,402.99,40,403.0,80,403.01,160,403.03,160,403.05,160
2026-02-05 09:31:48,402.815,402.85,2,402.73,80,402.9,40,402.9,402.73,402.73,80,402.71,80,402.68,200,402.66,320,402.65,80,402.54,40,402.52,400,,,,,,,402.9,40,402.91,80,402.99,40,403.0,80,403.01,160,403.03,160,403.05,160,403.08,120,403.1,40,403.14,80
2026-02-05 09:31:49,402.905,402.86,1,402.84,80,402.97,160,402.97,402.84,402.84,80,402.81,160,402.73,240,402.71,80,402.68,200,402.66,320,402.65,80,402.54,40,402.52,400,,,402.97,160,402.99,40,403.0,80,403.01,160,403.03,160,403.05,160,403.08,120,403.1,40,403.14,80,403.18,80
2026-02-05 09:31:50,402.905,402.97,2,402.84,240,402.97,160,402.97,402.84,402.84,240,402.81,160,402.73,240,402.71,80,402.68,200,402.66,320,402.65,80,402.54,40,402.52,400,,,402.97,160,402.99,40,403.0,80,403.01,160,403.03,160,403.05,160,403.08,120,403.1,40,403.14,80,403.18,80
2026-02-05 09:31:51,402.735,402.77,1,402.68,200,402.79,1000,402.79,402.68,402.68,200,402.66,320,402.65,80,402.54,40,402.52,400,,,,,,,,,,,402.79,1000,402.81,240,402.87,720,402.91,80,402.97,160,402.99,40,403.0,80,403.01,160,403.03,160,403.05,160
2026-02-05 09:31:52,402.7,402.68,1,402.61,120,402.79,40,402.79,402.61,402.61,120,402.54,40,402.52,400,,,,,,,,,,,,,,,402.79,40,402.8,40,402.81,240,402.87,720,402.91,80,402.97,160,402.99,40,403.0,80,403.01,160,403.03,160
2026-02-05 09:31:53,402.855,402.86,4,402.73,280,402.98,80,402.98,402.73,402.73,280,402.7,280,402.69,280,402.66,680,402.64,80,402.63,40,402.59,80,402.57,120,402.56,120,402.53,1440,402.98,80,403.0,160,403.01,160,403.03,160,403.05,160,403.08,120,403.1,40,403.14,80,403.18,80,403.21,80
2026-02-05 09:31:54,403.01,403.01,2,402.93,560,403.09,40,403.09,402.93,402.93,560,402.89,120,402.87,40,402.83,400,402.73,320,402.7,280,402.69,280,402.66,680,402.64,80,402.63,40,403.09,40,403.12,120,403.14,80,403.18,80,403.21,80,403.23,80,403.26,40,403.28,120,403.35,120,403.37,80
2026-02-05 09:31:55,402.875,402.88,1,402.77,680,402.98,40,402.98,402.77,402.77,680,402.73,320,402.7,280,402.69,280,402.66,680,402.64,80,402.63,40,402.59,80,402.57,120,402.56,120,402.98,40,403.01,40,403.05,120,403.06,40,403.09,40,403.12,120,403.14,80,403.18,80,403.21,80,403.23,80
2026-02-05 09:31:56,402.805,402.85,2,402.71,280,402.9,40,402.9,402.71,402.71,280,402.69,160,402.66,600,402.63,520,402.59,80,402.57,120,402.56,120,402.53,1440,402.52,400,,,402.9,40,402.92,80,402.94,160,402.98,1040,402.99,1040,403.01,40,403.05,120,403.06,40,403.09,40,403.12,120
2026-02-05 09:31:57,402.815,402.81,1,402.7,600,402.93,120,402.93,402.7,402.7,600,402.69,920,402.66,600,402.63,520,402.59,80,402.57,120,402.56,120,402.53,1440,402.52,400,,,402.93,120,402.94,120,403.07,40,403.08,160,403.09,40,403.12,120,403.14,80,403.18,80,403.21,80,403.23,80
2026-02-05 09:31:58,402.81,402.92,2,402.7,720,402.92,120,402.92,402.7,402.7,720,402.69,920,402.66,600,402.63,520,402.59,80,402.57,120,402.56,120,402.53,1440,402.52,400,,,402.92,120,402.93,120,402.94,120,403.07,40,403.08,160,403.09,40,403.12,120,403.14,80,403.18,80,403.21,80
2026-02-05 09:31:59,402.63,402.62,1,402.54,80,402.72,120,402.72,402.54,402.54,80,402.53,1440,402.52,400,,,,,,,,,,,,,,,402.72,120,402.73,120,402.81,120,402.82,120,402.83,40,402.84,40,402.85,80,402.86,40,402.87,200,402.9,40
2026-02-05 09:32:00,402.595,402.64,1,402.53,1360,402.66,80,402.66,402.53,402.53,1360,402.52,400,,,,,,,,,,,,,,,,,402.66,80,402.69,120,402.7,80,402.71,80,402.74,520,402.75,80,402.76,40,402.81,120,402.82,120,402.83,40
2026-02-05 09:32:01,402.54,402.51,1,402.5,800,402.58,120,402.58,402.5,402.5,800,,,,,,,,,,,,,,,,,,,402.58,120,402.6,280,402.64,80,402.67,80,402.68,40,402.7,40,402.71,280,402.73,40,402.74,520,402.75,80
2026-02-05 09:32:02,402.31,402.3,1,402.21,320,402.41,40,402.41,402.21,402.21,320,,,,,,,,,,,,,,,,,,,402.41,40,402.43,80,402.45,160,402.46,160,402.48,280,402.51,40,402.53,40,402.55,120,402.56,40,402.58,800
2026-02-05 09:32:03,402.31,402.25,5,402.25,1200,402.37,200,402.37,402.25,402.25,1200,402.21,440,,,,,,,,,,,,,,,,,402.37,200,402.41,40,402.43,80,402.45,160,402.46,160,402.48,280,402.51,40,402.53,40,402.55,120,402.56,40
2026-02-05 09:32:04,402.175,402.2,1,402.12,1040,402.23,2080,402.23,402.12,402.12,1040,,,,,,,,,,,,,,,,,,,402.23,2080,402.27,2160,402.29,80,402.31,840,402.32,120,402.37,200,402.41,320,402.43,80,402.45,160,402.46,160
2026-02-05 09:32:05,402.015,402.02,2,401.96,200,402.07,240,402.07,401.96,401.96,200,,,,,,,,,,,,,,,,,,,402.07,240,402.13,120,402.15,40,402.17,160,402.18,40,402.23,2160,402.27,2160,402.29,80,402.31,840,402.32,120
2026-02-05 09:32:06,402.25,402.25,1,402.19,160,402.31,520,402.31,402.19,402.19,160,402.18,200,402.15,160,402.13,160,402.1,160,402.08,120,402.0,240,401.96,200,,,,,402.31,520,402.32,120,402.37,200,402.41,320,402.43,80,402.45,160,402.46,160,402.48,280,402.51,40,402.53,40
2026-02-05 09:32:07,402.57,402.59,3,402.5,200,402.64,120,402.64,402.5,402.5,200,402.43,160,402.36,160,402.34,200,402.32,80,402.29,80,402.28,280,402.23,40,402.21,40,402.2,200,402.64,120,402.67,80,402.68,40,402.7,40,402.71,280,402.73,40,402.74,520,402.75,80,402.76,40,402.81,120
2026-02-05 09:32:08,402.565,402.57,3,402.49,320,402.64,160,402.64,402.49,402.49,320,402.43,160,402.36,160,402.34,200,402.32,80,402.29,80,402.28,280,402.23,40,402.21,40,402.2,200,402.64,160,402.67,80,402.68,40,402.7,40,402.71,280,402.73,40,402.74,520,402.75,80,402.76,40,402.81,120
2026-02-05 09:32:09,402.755,402.78,1,402.64,40,402.87,40,402.87,402.64,402.64,40,402.63,160,402.56,200,402.48,160,402.43,440,402.36,160,402.34,200,402.32,80,402.29,80,402.28,280,402.87,40,402.91,80,402.92,200,402.93,120,402.94,120,403.07,40,403.08,160,403.09,40,403.12,120,403.14,80
2026-02-05 09:32:10,403.14,403.2,2,403.09,80,403.19,40,403.19,403.09,403.09,80,403.06,80,402.97,320,402.92,40,402.91,120,402.89,160,402.86,360,402.84,160,402.75,760,402.65,120,403.19,40,403.22,120,403.23,80,403.26,40,403.28,120,403.35,120,403.37,80,403.42,40,403.44,80,403.51,120
2026-02-05 09:32:11,403.39,403.47,1,403.23,200,403.55,120,403.55,403.23,403.23,200,403.22,80,403.19,80,403.13,80,403.09,80,403.06,80,402.97,320,402.92,40,402.91,120,402.89,160,403.55,120,403.57,80,403.6,40,403.62,40,403.64,80,403.68,40,403.69,80,403.71,40,403.72,40,403.75,80
2026-02-05 09:32:12,403.355,403.24,6,403.23,280,403.48,80,403.48,403.23,403.23,280,403.22,80,403.19,80,403.13,80,403.09,80,403.06,80,402.97,320,402.92,40,402.91,120,402.89,160,403.48,80,403.49,40,403.5,80,403.51,120,403.52,320,403.55,120,403.57,80,403.6,40,403.62,40,403.64,80
2026-02-05 09:32:13,403.265,403.23,1,403.1,160,403.43,80,403.43,403.1,403.1,160,403.09,80,403.06,80,402.97,320,402.92,40,402.91,120,402.89,160,402.86,360,402.84,160,402.75,760,403.43,80,403.47,160,403.48,240,403.49,120,403.5,160,403.51,120,403.52,320,403.55,120,403.57,80,403.6,40
2026-02-05 09:32:14,403.33,403.43,2,403.21,240,403.45,40,403.45,403.21,403.21,240,403.18,160,403.13,80,403.12,40,403.08,40,403.06,40,403.04,80,402.98,40,402.91,200,402.89,160,403.45,40,403.47,160,403.48,240,403.49,120,403.5,160,403.51,120,403.52,320,403.55,120,403.57,80,403.6,40
2026-02-05 09:32:15,403.16,403.38,2,403.07,280,403.25,1200,403.25,403.07,403.07,280,403.04,40,403.03,240,402.98,40,402.91,200,402.89,160,402.86,360,402.84,160,402.75,760,402.65,120,403.25,1200,403.26,360,403.29,400,403.3,160,403.32,40,403.37,40,403.47,120,403.48,240,403.49,120,403.5,160
2026-02-05 09:32:16,403.37,403.38,1,403.25,480,403.49,640,403.49,403.25,403.25,480,403.24,240,403.2,160,403.16,200,403.07,280,403.04,40,403.03,240,402.98,40,402.91,200,402.89,160,403.49,640,403.5,160,403.51,120,403.52,320,403.55,120,403.57,80,403.6,40,403.62,40,403.64,80,403.68,40
2026-02-05 09:32:17,403.33,403.34,3,403.27,40,403.39,40,403.39,403.27,403.27,40,403.25,160,403.11,80,403.1,600,403.07,280,403.04,40,403.03,240,402.98,40,402.91,200,402.89,160,403.39,40,403.46,40,403.49,640,403.5,160,403.51,120,403.52,320,403.55,120,403.57,80,403.6,40,403.62,40
2026-02-05 09:32:18,403.17,403.12,1,403.07,40,403.27,40,403.27,403.07,403.07,40,403.04,40,403.03,240,402.98,40,402.91,200,402.89,160,402.86,360,402.84,160,402.75,760,402.65,120,403.27,40,403.28,120,403.36,80,403.39,280,403.46,40,403.49,640,403.5,160,403.51,120,403.52,320,403.55,120
2026-02-05 09:32:19,403.24,403.12,2,403.12,160,403.36,80,403.36,403.12,403.12,160,403.11,160,403.1,160,403.09,240,403.08,120,403.07,240,403.04,40,403.03,240,402.98,40,402.91,200,403.36,80,403.39,240,403.46,40,403.49,640,403.5,160,403.51,120,403.52,320,403.55,120,403.57,80,403.6,40
2026-02-05 09:32:20,403.24,403.14,1,403.12,240,403.36,160,403.36,403.12,403.12,240,403.11,160,403.1,160,403.09,240,403.08,120,403.07,240,403.04,40,403.03,240,402.98,40,402.91,200,403.36,160,403.39,240,403.46,40,403.49,640,403.5,160,403.51,120,403.52,320,403.55,120,403.57,80,403.6,40
2026-02-05 09:32:21,403.675,403.71,1,403.55,40,403.8,40,403.8,403.55,403.55,40,403.48,80,403.47,880,403.43,40,403.39,200,403.36,120,403.28,80,403.25,200,403.18,120,403.15,80,403.8,40,403.83,80,403.9,120,403.99,280,404.02,200,404.09,160,404.17,160,404.27,240,404.3,40,404.31,240
2026-02-05 09:32:22,403.775,403.78,2,403.7,80,403.85,80,403.85,403.7,403.7,80,403.67,40,403.66,80,403.58,80,403.53,80,403.49,80,403.48,200,403.47,880,403.43,40,403.39,200,403.85,80,403.9,120,403.99,280,404.02,200,404.09,160,404.17,160,404.27,240,404.3,40,404.31,240,404.33,80
2026-02-05 09:32:23,403.96,403.91,1,403.92,40,404.0,720,404.0,403.92,403.92,40,403.9,80,403.84,240,403.77,40,403.76,120,403.73,160,403.68,120,403.64,80,403.63,320,403.62,160,404.0,320,404.02,200,404.09,160,404.17,160,404.27,240,404.3,40,404.31,240,404.33,80,404.36,880,404.4,200
2026-02-05 09:32:24,403.985,403.99,1,403.89,320,404.08,80,404.08,403.89,403.89,320,403.87,120,403.84,440,403.77,40,403.76,120,403.73,160,403.68,120,403.64,80,403.63,320,403.62,160,404.08,80,404.15,80,404.17,160,404.27,240,404.3,40,404.31,240,404.33,80,404.36,880,404.4,200,404.51,40
2026-02-05 09:32:25,404.075,404.18,2,403.94,120,404.21,200,404.21,403.94,403.94,120,403.88,40,403.86,80,403.84,160,403.71,160,403.68,120,403.64,80,403.63,320,403.62,160,403.58,80,404.21,200,404.27,240,404.3,40,404.31,240,404.33,80,404.36,880,404.4,200,404.51,40,404.52,120,404.58,80
2026-02-05 09:32:26,404.235,404.11,1,404.11,200,404.36,80,404.36,404.11,404.11,200,404.07,120,403.94,120,403.88,40,403.86,80,403.84,160,403.71,160,403.68,120,403.64,80,403.63,320,404.36,80,404.38,160,404.4,200,404.51,40,404.52,120,404.58,80,404.59,40,404.6,80,404.61,80,404.62,40
2026-02-05 09:32:27,404.41,404.48,3,404.25,80,404.57,40,404.57,404.25,404.25,80,404.21,40,404.2,80,404.17,80,404.16,40,404.11,200,404.07,120,403.94,120,403.88,40,403.86,80,404.57,40,404.61,160,404.64,120,404.67,40,404.68,200,404.7,40,404.76,240,404.78,240,404.86,120,404.88,40
2026-02-05 09:32:28,404.625,404.68,1,404.56,80,404.69,40,404.69,404.56,404.56,80,404.49,40,404.45,120,404.44,240,404.4,40,404.39,40,404.38,80,404.34,120,404.26,40,404.25,80,404.69,40,404.7,40,404.76,240,404.78,240,404.86,120,404.88,40,404.91,40,404.94,360,404.96,40,404.97,120
2026-02-05 09:32:29,405.115,405.04,2,404.99,40,405.24,280,405.24,404.99,404.99,40,404.93,200,404.92,120,404.88,520,404.86,40,404.85,520,404.7,120,404.69,40,404.65,160,404.59,40,405.24,280,405.28,80,405.31,120,405.32,160,405.34,120,405.35,120,405.36,160,405.37,80,405.39,80,405.41,320
2026-02-05 09:32:30,405.11,405.16,2,405.02,160,405.2,40,405.2,405.02,405.02,160,405.01,120,404.84,40,404.83,40,404.7,120,404.69,40,404.65,160,404.59,40,404.54,80,404.49,160,405.2,40,405.29,80,405.32,200,405.43,40,405.55,320,405.58,400,405.62,200,405.63,240,405.64,280,405.65,120
2026-02-05 09:32:31,405.175,405.2,1,405.04,280,405.31,80,405.31,405.04,405.04,280,405.02,160,405.01,120,404.84,40,404.83,40,404.7,120,404.69,40,404.65,160,404.59,40,404.54,80,405.31,80,405.32,200,405.43,40,405.55,320,405.58,400,405.62,200,405.63,240,405.64,280,405.65,120,405.69,160
2026-02-05 09:32:32,405.175,405.21,1,405.04,80,405.31,40,405.31,405.04,405.04,80,405.0,80,404.84,40,404.83,80,404.7,120,404.69,40,404.65,160,404.59,40,404.54,80,404.49,160,405.31,40,405.32,200,405.43,40,405.55,320,405.58,400,405.62,200,405.63,240,405.64,280,405.65,120,405.69,160
2026-02-05 09:32:33,405.25,405.28,1,405.12,160,405.38,320,405.38,405.12,405.12,160,405.04,160,405.0,80,404.84,40,404.83,80,404.7,120,404.69,40,404.65,160,404.59,40,404.54,80,405.38,320,405.43,40,405.55,320,405.58,400,405.62,200,405.63,240,405.64,280,405.65,120,405.69,160,405.7,40
2026-02-05 09:32:34,405.25,405.23,1,405.12,240,405.38,320,405.38,405.12,405.12,240,405.04,160,405.0,80,404.84,40,404.83,80,404.7,120,404.69,40,404.65,160,404.59,40,404.54,80,405.38,320,405.43,40,405.55,320,405.58,400,405.62,200,405.63,240,405.64,280,405.65,120,405.69,160,405.7,40
2026-02-05 09:32:35,405.255,405.34,1,405.13,40,405.38,40,405.38,405.13,405.13,40,405.12,280,405.04,160,405.0,80,404.84,40,404.83,80,404.7,120,404.69,40,404.65,160,404.59,40,405.38,40,405.4,40,405.43,40,405.55,320,405.58,400,405.62,200,405.63,240,405.64,280,405.65,120,405.69,160
2026-02-05 09:32:36,405.25,405.3,17,405.2,280,405.3,40,405.3,405.2,405.2,280,405.12,320,405.04,160,405.0,80,404.84,40,404.83,80,404.7,120,404.69,40,404.65,160,404.59,40,405.3,40,405.38,40,405.4,40,405.43,40,405.55,320,405.58,400,405.62,200,405.63,240,405.64,280,405.65,120
2026-02-05 09:32:37,405.52,405.56,1,405.48,160,405.56,40,405.56,405.48,405.48,160,405.47,40,405.41,200,405.37,80,405.33,40,405.31,160,405.23,40,405.21,240,405.12,280,405.04,160,405.56,40,405.69,40,405.73,120,405.75,80,405.84,120,405.95,120,406.0,400,406.01,40,406.05,200,406.07,160
2026-02-05 09:32:38,405.575,405.42,5,405.44,40,405.71,120,405.71,405.44,405.44,40,405.43,320,405.41,200,405.37,80,405.33,40,405.31,160,405.23,40,405.21,240,405.12,280,405.04,160,405.71,120,405.8,40,405.84,120,405.95,120,406.0,400,406.01,40,406.05,200,406.07,160,406.13,80,406.14,40
2026-02-05 09:32:39,405.74,405.71,4,405.66,120,405.82,80,405.82,405.66,405.66,120,405.65,80,405.63,720,405.61,80,405.59,80,405.48,840,405.44,40,405.43,320,405.41,200,405.37,80,405.82,80,405.84,120,405.95,120,406.0,400,406.01,40,406.05,200,406.07,160,406.13,80,406.14,40,406.17,40
2026-02-05 09:32:40,405.57,405.7,1,405.43,320,405.71,80,405.71,405.43,405.43,320,405.41,200,405.37,80,405.33,40,405.31,160,405.23,40,405.21,240,405.12,280,405.04,160,405.0,80,405.71,80,405.75,40,405.76,40,405.79,80,405.82,40,405.83,80,405.84,160,405.95,120,406.0,400,406.01,40
2026-02-05 09:32:41,405.6,405.76,2,405.43,760,405.77,120,405.77,405.43,405.43,760,405.41,200,405.37,80,405.33,40,405.31,160,405.23,40,405.21,240,405.12,280,405.04,160,405.0,80,405.77,120,405.82,120,405.84,160,405.85,160,405.95,120,406.0,400,406.01,40,406.05,200,406.07,160,406.13,80
2026-02-05 09:32:42,405.72,405.64,3,405.62,160,405.82,120,405.82,405.62,405.62,160,405.46,200,405.45,40,405.44,120,405.43,760,405.41,200,405.37,80,405.33,40,405.31,160,405.23,40,405.82,120,405.84,160,405.85,160,405.95,120,406.0,400,406.01,40,406.05,200,406.07,160,406.13,80,406.14,40
2026-02-05 09:32:43,406.07,405.99,4,405.98,280,406.16,120,406.16,405.98,405.98,280,405.97,40,405.9,160,405.89,120,405.88,120,405.85,120,405.83,240,405.79,120,405.74,160,405.72,200,406.16,120,406.31,160,406.45,80,406.49,240,406.5,360,406.52,240,406.53,40,406.65,80,406.68,400,406.75,120
2026-02-05 09:32:44,406.07,406.02,1,406.0,160,406.14,200,406.14,406.0,406.0,160,405.98,400,405.97,40,405.9,160,405.89,120,405.88,120,405.85,120,405.83,240,405.79,120,405.74,160,406.14,200,406.31,120,406.45,80,406.49,240,406.5,360,406.52,240,406.53,40,406.65,80,406.68,400,406.75,120
2026-02-05 09:32:45,405.65,405.72,6,405.47,120,405.83,40,405.83,405.47,405.47,120,405.46,200,405.45,40,405.44,120,405.43,760,405.41,200,405.37,80,405.33,40,405.31,160,405.23,40,405.83,40,405.84,120,405.85,80,405.9,120,405.92,200,406.0,40,406.01,80,406.02,160,406.03,160,406.06,80
2026-02-05 09:32:46,405.695,405.67,1,405.5,80,405.89,40,405.89,405.5,405.5,80,405.49,120,405.47,120,405.46,200,405.45,40,405.44,120,405.43,760,405.41,200,405.37,80,405.33,40,405.89,40,405.9,200,405.92,200,406.0,40,406.01,80,406.02,160,406.03,160,406.06,80,406.07,200,406.11,200
2026-02-05 09:32:47,405.35,405.25,1,405.23,80,405.47,120,405.47,405.23,405.23,80,405.22,120,405.21,240,405.12,280,405.04,160,405.0,80,404.84,40,404.83,80,404.7,120,404.69,40,405.47,120,405.5,80,405.56,80,405.57,40,405.59,80,405.61,80,405.64,160,405.78,160,405.84,120,405.85,40
2026-02-05 09:32:48,405.33,405.33,4,405.23,80,405.43,40,405.43,405.23,405.23,80,405.22,120,405.21,240,405.12,280,405.04,160,405.0,80,404.84,40,404.83,80,404.7,120,404.69,40,405.43,40,405.47,160,405.5,80,405.56,80,405.57,40,405.59,80,405.61,80,405.64,160,405.78,160,405.84,120
2026-02-05 09:32:49,405.335,405.34,4,405.23,120,405.44,120,405.44,405.23,405.23,120,405.22,120,405.21,240,405.12,280,405.04,160,405.0,80,404.84,40,404.83,80,404.7,120,404.69,40,405.44,120,405.47,200,405.5,80,405.56,80,405.57,40,405.59,80,405.61,80,405.64,160,405.78,160,405.84,120
2026-02-05 09:32:50,405.2,405.2,1,405.13,40,405.27,120,405.27,405.13,405.13,40,405.12,280,405.04,160,405.0,80,404.84,40,404.83,80,404.7,120,404.69,40,404.65,160,404.59,40,405.27,120,405.32,80,405.36,80,405.38,40,405.4,80,405.41,80,405.43,160,405.44,120,405.47,200,405.5,80
2026-02-05 09:32:51,405.275,405.28,2,405.15,120,405.4,40,405.4,405.15,405.15,120,405.13,80,405.12,280,405.04,160,405.0,80,404.84,40,404.83,80,404.7,120,404.69,40,404.65,160,405.4,40,405.41,80,405.43,160,405.44,120,405.47,200,405.5,80,405.56,80,405.57,40,405.59,80,405.61,80
2026-02-05 09:32:52,405.34,405.34,1,405.28,120,405.4,1000,405.4,405.28,405.28,120,405.22,120,405.2,80,405.17,80,405.15,120,405.13,80,405.12,280,405.04,160,405.0,80,404.84,40,405.4,1000,405.41,80,405.43,160,405.44,120,405.47,200,405.5,80,405.56,80,405.57,40,405.59,80,405.61,80
2026-02-05 09:32:53,405.65,405.5,2,405.53,80,405.77,80,405.77,405.53,405.53,80,405.47,160,405.45,40,405.43,80,405.42,160,405.39,80,405.32,80,405.3,80,405.28,240,405.22,120,405.77,80,405.78,160,405.84,120,405.85,40,405.86,40,405.87,200,405.88,40,405.89,80,405.9,200,405.92,200
2026-02-05 09:32:54,405.64,405.64,1,405.52,120,405.76,120,405.76,405.52,405.52,120,405.47,120,405.45,40,405.43,80,405.42,160,405.39,80,405.32,80,405.3,80,405.28,240,405.22,120,405.76,120,405.77,80,405.78,160,405.84,120,405.85,40,405.86,40,405.87,200,405.88,40,405.89,80,405.9,200
2026-02-05 09:32:55,405.555,405.52,2,405.5,120,405.61,480,405.61,405.5,405.5,120,405.43,40,405.42,240,405.39,80,405.32,80,405.3,80,405.28,240,405.22,120,405.2,80,405.17,80,405.61,480,405.68,120,405.7,40,405.72,40,405.73,80,405.76,120,405.77,80,405.78,160,405.84,120,405.85,40
2026-02-05 09:32:56,405.4,405.43,1,405.3,160,405.5,80,405.5,405.3,405.3,160,405.28,240,405.22,120,405.2,80,405.17,80,405.15,120,405.13,80,405.12,280,405.04,160,405.0,80,405.5,80,405.52,80,405.54,40,405.56,40,405.59,120,405.61,120,405.68,120,405.7,40,405.72,40,405.73,80
2026-02-05 09:32:57,405.405,405.37,1,405.31,40,405.5,80,405.5,405.31,405.31,40,405.3,200,405.28,240,405.22,120,405.2,80,405.17,80,405.15,120,405.13,80,405.12,280,405.04,160,405.5,80,405.52,80,405.54,40,405.56,40,405.59,120,405.61,120,405.68,120,405.7,40,405.72,40,405.73,80
2026-02-05 09:32:58,405.4,405.37,2,405.3,200,405.5,40,405.5,405.3,405.3,200,405.28,240,405.22,120,405.2,80,405.17,80,405.15,120,405.13,80,405.12,280,405.04,160,405.0,80,405.5,40,405.51,80,405.52,80,405.54,40,405.56,40,405.59,120,405.61,120,405.68,120,405.7,40,405.72,40
2026-02-05 09:32:59,405.11,405.0,2,405.03,240,405.19,120,405.19,405.03,405.03,240,404.99,200,404.95,160,404.91,120,404.9,120,404.89,40,404.88,40,404.84,40,404.83,80,404.7,120,405.19,120,405.21,80,405.23,120,405.3,40,405.34,40,405.36,360,405.38,160,405.46,80,405.49,80,405.5,80
2026-02-05 09:33:00,405.11,405.08,2,405.03,240,405.19,40,405.19,405.03,405.03,240,404.99,200,404.95,160,404.91,120,404.9,120,404.89,40,404.88,40,404.84,40,404.83,80,404.7,120,405.19,40,405.2,80,405.21,80,405.23,120,405.3,40,405.34,40,405.36,360,405.38,160,405.46,80,405.49,80
2026-02-05 09:33:01,404.885,404.89,2,404.71,120,405.06,200,405.06,404.71,404.71,120,404.7,120,404.69,40,404.65,160,404.59,40,404.54,80,404.49,160,404.45,120,404.44,240,404.4,40,405.06,200,405.12,120,405.19,40,405.2,320,405.21,80,405.23,120,405.3,40,405.34,40,405.36,360,405.38,160
2026-02-05 09:33:02,404.74,404.61,1,404.61,80,404.87,80,404.87,404.61,404.61,80,404.57,120,404.55,80,404.54,40,404.53,160,404.28,160,404.26,40,404.25,80,404.21,40,404.2,80,404.87,80,404.88,40,404.89,200,404.94,200,405.0,40,405.03,120,405.06,120,405.07,80,405.12,120,405.19,40
2026-02-05 09:33:03,405.16,405.2,1,405.13,80,405.19,640,405.19,405.13,405.13,80,405.08,80,405.05,80,404.97,40,404.93,40,404.92,80,404.9,40,404.89,320,404.88,40,404.87,80,405.19,640,405.2,400,405.21,80,405.23,120,405.3,40,405.34,40,405.36,360,405.38,160,405.46,80,405.49,80
2026-02-05 09:33:04,404.915,404.93,1,404.83,120,405.0,400,405.0,404.83,404.83,120,404.8,120,404.73,200,404.68,80,404.64,80,404.61,40,404.57,40,404.52,160,404.28,160,404.26,40,405.0,400,405.1,80,405.14,120,405.17,80,405.18,120,405.2,120,405.21,80,405.24,120,405.3,40,405.34,40
2026-02-05 09:33:05,405.095,405.1,2,405.0,80,405.19,80,405.19,405.0,405.0,80,404.94,80,404.83,120,404.8,120,404.73,200,404.68,80,404.64,80,404.61,40,404.57,40,404.52,160,405.19,80,405.2,120,405.21,80,405.24,120,405.3,40,405.34,40,405.36,360,405.38,160,405.46,80,405.49,80
2026-02-05 09:33:06,405.395,405.34,1,405.34,80,405.45,200,405.45,405.34,405.34,80,405.29,40,405.25,160,405.19,240,405.13,160,405.09,80,405.07,200,405.05,40,405.03,40,405.0,120,405.45,200,405.46,80,405.49,80,405.5,80,405.51,80,405.52,80,405.54,40,405.56,40,405.59,120,405.61,120
2026-02-05 09:33:07,405.27,405.44,1,405.2,160,405.34,80,405.34,405.2,405.2,160,405.19,240,405.13,160,405.09,80,405.07,200,405.05,40,405.03,40,405.0,120,404.94,80,404.83,120,405.34,80,405.38,80,405.42,40,405.43,40,405.45,280,405.46,80,405.49,80,405.5,80,405.51,80,405.52,80
2026-02-05 09:33:08,405.245,405.28,1,405.2,200,405.29,40,405.29,405.2,405.2,200,405.19,240,405.13,160,405.09,80,405.07,200,405.05,40,405.03,40,405.0,120,404.94,80,404.83,120,405.29,40,405.3,160,405.31,80,405.33,520,405.35,80,405.38,80,405.42,520,405.43,40,405.45,280,405.46,80
2026-02-05 09:33:09,405.18,405.11,3,405.1,200,405.26,80,405.26,405.1,405.1,200,405.0,40,404.95,80,404.94,80,404.83,120,404.8,120,404.73,200,404.68,80,404.64,80,404.61,40,405.26,80,405.27,160,405.32,80,405.33,960,405.35,80,405.38,80,405.42,520,405.43,40,405.45,280,405.46,80
2026-02-05 09:33:10,405.115,405.12,1,405.03,40,405.2,120,405.2,405.03,405.03,40,405.0,80,404.95,80,404.94,80,404.83,120,404.8,120,404.73,200,404.68,80,404.64,80,404.61,40,405.2,120,405.27,200,405.32,80,405.33,960,405.35,80,405.38,80,405.42,520,405.43,40,405.45,280,405.46,80
2026-02-05 09:33:11,405.075,405.08,1,405.0,80,405.15,40,405.15,405.0,405.0,80,404.97,40,404.95,80,404.94,80,404.83,120,404.8,120,404.73,200,404.68,80,404.64,80,404.61,40,405.15,40,405.16,40,405.19,40,405.2,120,405.27,200,405.32,80,405.33,960,405.35,80,405.38,80,405.42,520
2026-02-05 09:33:12,405.07,405.15,1,404.99,80,405.15,480,405.15,404.99,404.99,80,404.97,80,404.95,80,404.94,80,404.83,120,404.8,120,404.73,200,404.68,80,404.64,80,404.61,40,405.15,480,405.27,600,405.32,80,405.33,960,405.35,80,405.38,80,405.42,520,405.43,40,405.45,280,405.46,80
2026-02-05 09:33:13,405.155,405.15,2,405.11,120,405.2,40,405.2,405.11,405.11,120,405.0,80,404.99,120,404.97,80,404.95,80,404.94,80,404.83,120,404.8,120,404.73,200,404.68,80,405.2,40,405.27,600,405.32,80,405.33,960,405.35,80,405.38,80,405.42,520,405.43,40,405.45,280,405.46,80
2026-02-05 09:33:14,405.08,403.88,9,405.0,120,405.16,40,405.16,405.0,405.0,120,404.97,80,404.95,80,404.94,80,404.83,120,404.8,120,404.73,200,404.68,80,404.64,80,404.61,40,405.16,40,405.17,40,405.18,80,405.2,120,405.27,600,405.32,80,405.33,960,405.35,80,405.38,80,405.42,520
2026-02-05 09:33:15,405.07,405.09,1,405.0,120,405.14,80,405.14,405.0,405.0,120,404.97,80,404.95,80,404.94,80,404.83,120,404.8,120,404.73,200,404.68,80,404.64,80,404.61,40,405.14,80,405.16,160,405.18,320,405.2,120,405.27,600,405.32,80,405.33,960,405.35,80,405.38,80,405.42,520
2026-02-05 09:33:16,405.045,405.06,1,404.96,160,405.13,40,405.13,404.96,404.96,160,404.92,120,404.9,40,404.83,120,404.8,120,404.73,200,404.68,80,404.64,80,404.61,40,404.57,40,405.13,40,405.15,120,405.16,160,405.18,320,405.2,120,405.27,600,405.32,80,405.33,960,405.35,80,405.38,80
2026-02-05 09:33:17,404.78,404.82,5,404.73,160,404.83,40,404.83,404.73,404.73,160,404.68,80,404.64,80,404.61,40,404.57,40,404.52,160,404.28,160,404.26,40,404.25,80,404.21,40,404.83,40,404.86,40,404.88,80,404.92,80,404.97,120,404.99,80,405.0,280,405.01,240,405.07,80,405.09,240
2026-02-05 09:33:18,404.905,404.91,2,404.81,80,405.0,240,405.0,404.81,404.81,80,404.78,200,404.74,80,404.7,80,404.69,80,404.65,120,404.62,40,404.61,40,404.57,40,404.52,160,405.0,240,405.01,240,405.07,80,405.09,240,405.13,40,405.14,80,405.15,120,405.16,160,405.18,320,405.2,120
2026-02-05 09:33:19,404.775,404.78,3,404.66,80,404.89,80,404.89,404.66,404.66,80,404.65,120,404.62,40,404.61,40,404.57,40,404.52,160,404.28,160,404.26,40,404.25,80,404.21,40,404.89,80,404.93,80,404.97,80,405.0,320,405.01,240,405.07,80,405.09,240,405.13,40,405.14,80,405.15,120
2026-02-05 09:33:20,404.805,404.87,1,404.72,160,404.89,240,404.89,404.72,404.72,160,404.66,120,404.65,80,404.62,40,404.61,40,404.57,40,404.52,160,404.28,160,404.26,40,404.25,80,404.89,240,404.93,80,404.97,80,405.0,320,405.01,240,405.07,80,405.09,240,405.13,40,405.14,80,405.15,120
2026-02-05 09:33:21,404.805,404.81,2,404.72,120,404.89,240,404.89,404.72,404.72,120,404.66,120,404.65,80,404.62,40,404.61,40,404.57,40,404.52,160,404.28,160,404.26,40,404.25,80,404.89,240,404.93,80,404.97,80,405.0,320,405.01,240,405.07,80,405.09,240,405.13,40,405.14,80,405.15,120
2026-02-05 09:33:22,404.85,404.86,16,404.78,680,404.92,40,404.92,404.78,404.78,680,404.76,160,404.73,80,404.72,240,404.66,120,404.65,80,404.62,40,404.61,40,404.57,40,404.52,160,404.92,40,404.95,120,404.97,40,404.99,40,405.0,360,405.01,240,405.07,80,405.09,240,405.13,40,405.14,80
2026-02-05 09:33:23,405.065,404.96,1,405.0,120,405.13,40,405.13,405.0,405.0,120,404.96,160,404.94,80,404.93,80,404.9,80,404.85,80,404.84,40,404.82,80,404.77,40,404.76,40,405.13,40,405.14,80,405.15,120,405.16,160,405.18,320,405.2,120,405.27,600,405.32,80,405.33,960,405.35,80
2026-02-05 09:33:24,405.005,405.0,4,404.9,80,405.11,160,405.11,404.9,404.9,80,404.89,40,404.88,40,404.85,80,404.84,40,404.82,80,404.77,40,404.76,40,404.73,160,404.72,360,405.11,160,405.12,40,405.13,280,405.14,80,405.15,120,405.16,160,405.18,320,405.2,120,405.27,600,405.32,80
2026-02-05 09:33:25,405.01,404.79,1,404.89,120,405.13,40,405.13,404.89,404.89,120,404.87,120,404.78,160,404.73,200,404.72,360,404.66,120,404.65,80,404.62,40,404.61,40,404.57,40,405.13,40,405.14,120,405.15,80,405.16,200,405.18,320,405.2,120,405.27,600,405.32,80,405.33,960,405.35,80
2026-02-05 09:33:26,404.54,404.54,1,404.4,80,404.68,80,404.68,404.4,404.4,80,404.28,160,404.26,40,404.25,80,404.21,40,404.2,80,404.17,80,404.16,40,404.11,200,404.07,120,404.68,80,404.71,80,404.73,40,404.74,80,404.76,40,404.9,120,404.91,120,404.94,40,404.95,240,404.96,160
2026-02-05 09:33:27,404.8,404.7,1,404.68,240,404.92,160,404.92,404.68,404.68,240,404.66,80,404.6,160,404.53,120,404.47,80,404.41,200,404.39,80,404.38,80,404.34,80,404.3,80,404.92,160,404.94,40,404.95,240,404.96,160,405.01,40,405.12,200,405.13,160,405.14,120,405.15,80,405.16,200
2026-02-05 09:33:28,404.85,404.75,1,404.72,200,404.98,80,404.98,404.72,404.72,200,404.69,120,404.68,320,404.66,80,404.6,160,404.53,120,404.47,80,404.41,200,404.39,80,404.38,80,404.98,80,404.99,40,405.01,40,405.12,200,405.13,160,405.14,120,405.15,80,405.16,200,405.18,320,405.2,120
2026-02-05 09:33:29,404.885,404.93,2,404.8,80,404.97,80,404.97,404.8,404.8,80,404.79,80,404.74,120,404.72,200,404.69,120,404.68,320,404.66,80,404.6,160,404.53,120,404.47,80,404.97,80,404.98,80,404.99,40,405.01,40,405.12,200,405.13,160,405.14,120,405.15,80,405.16,200,405.18,320
2026-02-05 09:33:30,404.725,404.87,2,404.62,80,404.83,80,404.83,404.62,404.62,80,404.6,160,404.53,120,404.47,80,404.41,200,404.39,80,404.38,80,404.34,80,404.3,80,404.26,120,404.83,80,404.91,200,404.94,80,404.97,120,404.98,80,404.99,40,405.01,40,405.12,200,405.13,160,405.14,120
2026-02-05 09:33:31,404.735,404.74,6,404.68,120,404.79,480,404.79,404.68,404.68,120,404.66,80,404.61,40,404.6,40,404.59,200,404.58,80,404.53,120,404.47,80,404.41,200,404.39,80,404.79,480,404.8,160,404.87,160,404.88,80,404.91,200,404.94,80,404.97,120,404.98,80,404.99,40,405.01,40
2026-02-05 09:33:32,404.73,404.69,5,404.61,80,404.85,80,404.85,404.61,404.61,80,404.6,40,404.59,200,404.58,80,404.53,120,404.47,80,404.41,200,404.39,80,404.38,80,404.34,80,404.85,80,404.86,80,404.87,40,404.89,40,404.91,200,404.94,80,404.97,120,404.98,80,404.99,40,405.01,40
2026-02-05 09:33:33,404.78,404.78,3,404.67,40,404.89,160,404.89,404.67,404.67,40,404.61,80,404.6,40,404.59,200,404.58,80,404.53,120,404.47,80,404.41,200,404.39,80,404.38,80,404.89,160,404.91,200,404.94,80,404.97,120,404.98,80,404.99,40,405.01,40,405.12,200,405.13,160,405.14,120
2026-02-05 09:33:34,405.05,405.03,1,404.94,40,405.16,240,405.16,404.94,404.94,40,404.93,240,404.92,40,404.9,40,404.89,40,404.88,120,404.87,40,404.86,280,404.84,80,404.82,120,405.16,240,405.18,320,405.2,120,405.27,600,405.32,80,405.33,960,405.35,80,405.38,80,405.42,520,405.43,40
2026-02-05 09:33:35,405.1,405.14,2,405.01,400,405.19,80,405.19,405.01,405.01,400,404.98,240,404.94,40,404.93,240,404.92,40,404.9,40,404.89,40,404.88,120,404.87,40,404.86,280,405.19,80,405.2,1000,405.27,600,405.32,80,405.33,960,405.35,80,405.38,80,405.42,520,405.43,40,405.45,280
2026-02-05 09:33:36,404.72,404.77,1,404.62,160,404.82,120,404.82,404.62,404.62,160,404.61,80,404.6,40,404.59,200,404.58,80,404.53,120,404.47,80,404.41,200,404.39,80,404.38,80,404.82,120,404.84,160,404.86,200,404.91,160,404.97,40,404.98,80,404.99,40,405.0,120,405.01,80,405.06,200
2026-02-05 09:33:37,404.56,404.57,1,404.43,40,404.69,80,404.69,404.43,404.43,40,404.41,200,404.39,80,404.38,80,404.34,80,404.3,80,404.26,120,404.25,80,404.21,40,404.2,80,404.69,80,404.7,80,404.72,160,404.82,120,404.84,160,404.86,200,404.91,160,404.97,40,404.98,80,404.99,40
2026-02-05 09:33:38,404.595,404.6,1,404.51,120,404.68,280,404.68,404.51,404.51,120,404.43,40,404.41,200,404.39,80,404.38,80,404.34,80,404.3,80,404.26,120,404.25,80,404.21,40,404.68,280,404.72,80,404.82,120,404.84,160,404.86,200,404.91,160,404.97,40,404.98,80,404.99,40,405.0,120
2026-02-05 09:33:39,404.555,404.59,1,404.51,160,404.6,400,404.6,404.51,404.51,160,404.43,40,404.41,200,404.39,80,404.38,80,404.34,80,404.3,80,404.26,120,404.25,80,404.21,40,404.6,400,404.61,680,404.67,440,404.68,280,404.72,80,404.82,120,404.84,160,404.86,200,404.91,160,404.97,40
2026-02-05 09:33:40,404.49,404.5,2,404.39,80,404.59,240,404.59,404.39,404.39,80,404.3,40,404.29,80,404.18,40,404.17,80,404.16,40,404.11,200,404.07,120,403.94,120,403.88,40,404.59,240,404.6,240,404.61,680,404.67,440,404.68,280,404.72,80,404.82,120,404.84,160,404.86,200,404.91,160
2026-02-05 09:33:41,404.405,404.32,1,404.3,40,404.51,40,404.51,404.3,404.3,40,404.18,40,404.17,80,404.16,40,404.11,200,404.07,120,403.94,120,403.88,40,403.86,80,403.84,160,404.51,40,404.59,200,404.6,240,404.61,680,404.67,440,404.68,280,404.72,80,404.82,120,404.84,160,404.86,200
2026-02-05 09:33:42,404.415,404.42,1,404.3,360,404.53,200,404.53,404.3,404.3,360,404.29,40,404.18,40,404.17,80,404.16,40,404.11,200,404.07,120,403.94,120,403.88,40,403.86,80,404.53,200,404.59,200,404.6,240,404.61,680,404.67,440,404.68,280,404.72,80,404.82,120,404.84,160,404.86,200
2026-02-05 09:33:43,404.165,404.35,1,404.07,480,404.26,40,404.26,404.07,404.07,480,403.94,120,403.88,40,403.86,80,403.84,160,403.71,160,403.68,120,403.64,80,403.63,320,403.62,160,404.26,40,404.3,120,404.33,120,404.34,40,404.35,40,404.38,160,404.4,120,404.46,40,404.49,80,404.53,120
2026-02-05 09:33:44,404.19,404.17,3,404.07,480,404.31,440,404.31,404.07,404.07,480,403.94,120,403.88,40,403.86,80,403.84,160,403.71,160,403.68,120,403.64,80,403.63,320,403.62,160,404.31,440,404.32,80,404.33,40,404.35,40,404.38,160,404.4,120,404.46,40,404.49,80,404.53,120,404.59,200
2026-02-05 09:33:45,404.18,404.17,3,404.07,480,404.29,920,404.29,404.07,404.07,480,403.94,120,403.88,40,403.86,80,403.84,160,403.71,160,403.68,120,403.64,80,403.63,320,403.62,160,404.29,920,404.3,120,404.31,400,404.32,80,404.33,40,404.35,40,404.38,160,404.4,120,404.46,40,404.49,80
2026-02-05 09:33:46,404.17,404.18,1,404.07,480,404.27,960,404.27,404.07,404.07,480,403.94,120,403.88,40,403.86,80,403.84,160,403.71,160,403.68,120,403.64,80,403.63,320,403.62,160,404.27,960,404.28,80,404.29,960,404.3,120,404.31,400,404.32,80,404.33,40,404.35,40,404.38,160,404.4,120
2026-02-05 09:33:47,404.075,404.15,1,404.0,320,404.15,720,404.15,404.0,404.0,320,403.94,120,403.88,40,403.86,80,403.84,160,403.71,160,403.68,120,403.64,80,403.63,320,403.62,160,404.15,720,404.16,760,404.18,80,404.2,160,404.25,40,404.26,880,404.27,120,404.28,80,404.29,960,404.3,120
2026-02-05 09:33:48,404.14,404.17,1,404.04,40,404.24,40,404.24,404.04,404.04,40,404.03,40,404.0,320,403.94,120,403.88,40,403.86,80,403.84,160,403.71,160,403.68,120,403.64,80,404.24,40,404.25,40,404.26,880,404.27,120,404.28,80,404.29,960,404.3,120,404.31,400,404.32,80,404.33,40
2026-02-05 09:33:49,404.15,404.15,2,404.04,120,404.26,960,404.26,404.04,404.04,120,404.03,40,404.0,320,403.94,120,403.88,40,403.86,80,403.84,160,403.71,160,403.68,120,403.64,80,404.26,960,404.27,120,404.28,80,404.29,960,404.3,120,404.31,400,404.32,80,404.33,40,404.35,40,404.38,160
2026-02-05 09:33:50,404.4,404.41,1,404.27,80,404.53,240,404.53,404.27,404.27,80,404.19,80,404.13,160,404.04,120,404.03,40,404.0,320,403.94,120,403.88,40,403.86,80,403.84,160,404.53,240,404.59,200,404.6,240,404.61,680,404.67,440,404.68,280,404.72,80,404.82,120,404.84,160,404.86,200
2026-02-05 09:33:51,404.465,404.46,1,404.4,160,404.53,240,404.53,404.4,404.4,160,404.28,40,404.27,240,404.19,80,404.13,160,404.04,120,404.03,40,404.0,320,403.94,120,403.88,40,404.53,240,404.59,200,404.6,240,404.61,680,404.67,440,404.68,280,404.72,80,404.82,120,404.84,160,404.86,200
2026-02-05 09:33:52,404.465,404.45,8,404.4,120,404.53,40,404.53,404.4,404.4,120,404.28,40,404.27,240,404.19,80,404.13,160,404.04,120,404.03,40,404.0,320,403.94,120,403.88,40,404.53,40,404.54,960,404.59,200,404.6,240,404.61,680,404.67,440,404.68,280,404.72,80,404.82,120,404.84,160
2026-02-05 09:33:53,404.425,404.18,4,404.32,80,404.53,40,404.53,404.32,404.32,80,404.3,40,404.29,40,404.28,80,404.27,40,404.24,120,404.19,80,404.13,160,404.04,120,404.03,40,404.53,40,404.54,960,404.59,200,404.6,240,404.61,680,404.67,440,404.68,280,404.72,80,404.82,120,404.84,160
2026-02-05 09:33:54,404.53,404.5,1,404.5,40,404.56,40,404.56,404.5,404.5,40,404.42,80,404.41,40,404.4,40,404.37,80,404.33,80,404.32,80,404.28,80,404.27,120,404.24,120,404.56,40,404.59,200,404.6,240,404.61,680,404.67,440,404.68,280,404.72,80,404.82,120,404.84,160,404.86,200
2026-02-05 09:33:55,404.49,404.45,1,404.4,80,404.58,120,404.58,404.4,404.4,80,404.32,120,404.28,80,404.27,120,404.24,120,404.19,80,404.13,160,404.04,120,404.03,40,404.0,320,404.58,120,404.62,40,404.63,120,404.67,440,404.68,280,404.72,80,404.82,120,404.84,160,404.86,200,404.91,160
2026-02-05 09:33:56,404.485,404.49,1,404.4,80,404.57,40,404.57,404.4,404.4,80,404.32,120,404.28,80,404.27,120,404.24,120,404.19,80,404.13,160,404.04,120,404.03,40,404.0,320,404.57,40,404.58,80,404.62,40,404.63,120,404.67,440,404.68,280,404.72,80,404.82,120,404.84,160,404.86,200
2026-02-05 09:33:57,404.49,404.49,1,404.4,200,404.58,160,404.58,404.4,404.4,200,404.32,120,404.28,80,404.27,120,404.24,120,404.19,80,404.13,160,404.04,120,404.03,40,404.0,320,404.58,160,404.6,200,404.62,40,404.63,120,404.67,440,404.68,280,404.72,80,404.82,120,404.84,160,404.86,200
2026-02-05 09:33:58,404.55,404.54,1,404.5,40,404.6,600,404.6,404.5,404.5,40,404.49,80,404.36,40,404.35,440,404.32,120,404.28,80,404.27,120,404.24,120,404.19,80,404.13,160,404.6,600,404.62,40,404.63,120,404.67,440,404.68,280,404.72,80,404.82,120,404.84,160,404.86,200,404.91,160
2026-02-05 09:33:59,404.485,404.51,1,404.37,40,404.6,120,404.6,404.37,404.37,40,404.36,80,404.35,440,404.32,120,404.28,80,404.27,120,404.24,120,404.19,80,404.13,160,404.04,120,404.6,120,404.62,40,404.63,120,404.67,440,404.68,280,404.72,80,404.82,120,404.84,160,404.86,200,404.91,160
2026-02-05 09:34:00,404.45,404.45,4,404.35,80,404.55,40,404.55,404.35,404.35,80,404.34,240,404.32,120,404.28,80,404.27,120,404.24,120,404.19,80,404.13,160,404.04,120,404.03,40,404.55,40,404.56,40,404.58,80,404.59,40,404.6,240,404.62,40,404.63,120,404.67,440,404.68,280,404.72,80
2026-02-05 09:34:01,404.495,404.45,5,404.42,120,404.57,160,404.57,404.42,404.42,120,404.36,40,404.32,240,404.28,80,404.27,120,404.24,120,404.19,80,404.13,160,404.04,120,404.03,40,404.57,160,404.58,80,404.59,40,404.6,240,404.62,40,404.63,120,404.67,440,404.68,280,404.72,80,404.82,120
2026-02-05 09:34:02,404.515,404.5,2,404.43,40,404.6,400,404.6,404.43,404.43,40,404.4,80,404.38,80,404.37,120,404.36,40,404.32,240,404.28,80,404.27,120,404.24,120,404.19,80,404.6,400,404.62,40,404.63,120,404.67,440,404.68,280,404.72,80,404.82,120,404.84,160,404.86,200,404.91,160
2026-02-05 09:34:03,404.87,404.45,7,404.76,120,404.98,120,404.98,404.76,404.76,120,404.75,80,404.74,200,404.69,40,404.68,40,404.62,80,404.59,200,404.58,40,404.57,80,404.54,80,404.98,120,404.99,40,405.0,200,405.01,80,405.06,200,405.1,160,405.18,80,405.19,120,405.2,1000,405.27,600
2026-02-05 09:34:04,404.845,404.79,7,404.76,80,404.93,40,404.93,404.76,404.76,80,404.75,80,404.74,200,404.69,40,404.68,40,404.62,80,404.59,200,404.58,40,404.57,80,404.54,80,404.93,40,404.94,80,404.95,120,404.96,40,404.97,40,404.98,40,404.99,80,405.0,200,405.01,80,405.06,200
2026-02-05 09:34:05,404.76,404.71,1,404.71,240,404.81,240,404.81,404.71,404.71,240,404.62,80,404.61,80,404.6,160,404.59,200,404.58,40,404.57,80,404.54,80,404.51,40,404.49,120,404.81,240,404.86,120,404.87,200,404.93,40,404.94,80,404.95,120,404.96,40,404.97,40,404.98,40,404.99,80
2026-02-05 09:34:06,404.72,404.72,3,404.65,200,404.79,400,404.79,404.65,404.65,200,404.62,80,404.61,80,404.6,160,404.59,200,404.58,40,404.57,80,404.54,80,404.51,40,404.49,120,404.79,400,404.81,200,404.86,120,404.87,200,404.93,40,404.94,80,404.95,120,404.96,40,404.97,40,404.98,40
2026-02-05 09:34:07,404.725,404.72,11,404.63,200,404.82,120,404.82,404.63,404.63,200,404.62,160,404.61,80,404.6,160,404.59,200,404.58,40,404.57,80,404.54,80,404.51,40,404.49,120,404.82,120,404.86,120,404.87,200,404.93,40,404.94,80,404.95,120,404.96,40,404.97,40,404.98,40,404.99,80
2026-02-05 09:34:08,404.72,404.72,11,404.63,320,404.81,240,404.81,404.63,404.63,320,404.62,160,404.61,80,404.6,160,404.59,200,404.58,40,404.57,80,404.54,80,404.51,40,404.49,120,404.81,240,404.82,120,404.86,120,404.87,200,404.93,40,404.94,80,404.95,120,404.96,40,404.97,40,404.98,40
2026-02-05 09:34:09,404.75,404.77,3,404.68,80,404.82,120,404.82,404.68,404.68,80,404.65,80,404.64,80,404.63,320,404.62,160,404.61,80,404.6,160,404.59,200,404.58,40,404.57,80,404.82,120,404.84,40,404.86,120,404.87,200,404.93,40,404.94,80,404.95,120,404.96,40,404.97,40,404.98,40
2026-02-05 09:34:10,404.895,404.9,1,404.83,40,404.96,200,404.96,404.83,404.83,40,404.81,120,404.79,40,404.72,80,404.68,200,404.65,80,404.64,80,404.63,320,404.62,160,404.61,80,404.96,200,404.97,40,404.98,40,404.99,80,405.0,200,405.01,80,405.06,200,405.1,160,405.18,80,405.19,120
2026-02-05 09:34:11,404.83,404.83,1,404.73,40,404.93,80,404.93,404.73,404.73,40,404.72,120,404.71,80,404.68,200,404.65,80,404.64,80,404.63,320,404.62,160,404.61,80,404.6,160,404.93,80,404.95,120,404.96,200,404.97,40,404.98,40,404.99,80,405.0,200,405.01,80,405.06,200,405.1,160
2026-02-05 09:34:12,404.84,404.85,5,404.74,160,404.94,40,404.94,404.74,404.74,160,404.73,80,404.72,120,404.71,80,404.68,200,404.65,80,404.64,80,404.63,320,404.62,160,404.61,80,404.94,40,404.95,80,404.96,200,404.97,40,404.98,40,404.99,80,405.0,200,405.01,80,405.06,200,405.1,160
2026-02-05 09:34:13,404.84,404.84,3,404.75,40,404.93,120,404.93,404.75,404.75,40,404.74,240,404.73,80,404.72,120,404.71,80,404.68,200,404.65,80,404.64,80,404.63,320,404.62,160,404.93,120,404.94,280,404.95,80,404.96,200,404.97,40,404.98,40,404.99,80,405.0,200,405.01,80,405.06,200
2026-02-05 09:34:14,404.68,404.67,4,404.58,80,404.78,160,404.78,404.58,404.58,80,404.57,80,404.54,80,404.51,40,404.49,120,404.47,80,404.43,80,404.4,80,404.38,80,404.37,120,404.78,160,404.8,80,404.83,160,404.9,120,404.93,160,404.94,280,404.95,80,404.96,200,404.97,40,404.98,40
2026-02-05 09:34:15,404.47,404.47,6,404.4,320,404.54,120,404.54,404.4,404.4,320,404.38,80,404.37,120,404.36,40,404.32,240,404.28,80,404.27,120,404.24,120,404.19,80,404.13,160,404.54,120,404.56,120,404.57,40,404.59,160,404.65,160,404.68,40,404.7,40,404.71,80,404.72,160,404.75,120
2026-02-05 09:34:16,404.575,404.53,1,404.53,40,404.62,160,404.62,404.53,404.53,40,404.5,240,404.45,40,404.43,40,404.41,80,404.4,320,404.38,80,404.37,120,404.36,40,404.32,240,404.62,160,404.65,160,404.68,40,404.7,40,404.71,80,404.72,160,404.75,120,404.76,40,404.78,160,404.8,80
2026-02-05 09:34:17,404.65,404.64,1,404.55,80,404.75,120,404.75,404.55,404.55,80,404.54,160,404.53,160,404.5,240,404.45,40,404.43,40,404.41,80,404.4,320,404.38,80,404.37,120,404.75,120,404.76,40,404.78,160,404.8,80,404.83,160,404.9,120,404.93,160,404.94,280,404.95,80,404.96,200
2026-02-05 09:34:18,404.865,404.87,1,404.8,200,404.93,200,404.93,404.8,404.8,200,404.75,40,404.7,40,404.69,80,404.66,160,404.6,40,404.58,40,404.53,120,404.5,240,404.45,40,404.93,200,404.94,280,404.95,80,404.96,200,404.97,40,404.98,40,404.99,80,405.0,200,405.01,80,405.06,200
2026-02-05 09:34:19,404.815,404.78,1,404.7,80,404.93,360,404.93,404.7,404.7,80,404.69,200,404.68,120,404.66,160,404.6,40,404.58,40,404.53,120,404.5,240,404.45,40,404.43,40,404.93,360,404.94,280,404.95,80,404.96,200,404.97,40,404.98,40,404.99,80,405.0,200,405.01,80,405.06,200
2026-02-05 09:34:20,404.87,404.91,1,404.81,40,404.93,320,404.93,404.81,404.81,40,404.79,80,404.76,120,404.72,40,404.71,120,404.7,80,404.69,200,404.68,120,404.66,160,404.6,40,404.93,320,404.94,280,404.95,80,404.96,200,404.97,40,404.98,40,404.99,80,405.0,200,405.01,80,405.06,200
2026-02-05 09:34:21,404.84,404.93,3,404.76,280,404.92,80,404.92,404.76,404.76,280,404.72,40,404.71,120,404.7,80,404.69,200,404.68,120,404.66,160,404.6,40,404.58,40,404.53,120,404.92,80,404.93,320,404.94,280,404.95,80,404.96,200,404.97,40,404.98,40,404.99,80,405.0,200,405.01,80
2026-02-05 09:34:22,404.885,404.84,4,404.84,120,404.93,440,404.93,404.84,404.84,120,404.78,120,404.75,80,404.74,80,404.71,120,404.7,80,404.69,200,404.68,120,404.66,160,404.6,40,404.93,440,404.94,280,404.95,80,404.96,200,404.97,40,404.98,40,404.99,80,405.0,200,405.01,80,405.06,200
2026-02-05 09:34:23,404.91,404.89,4,404.85,80,404.97,40,404.97,404.85,404.85,80,404.84,240,404.78,120,404.75,80,404.74,80,404.71,120,404.7,80,404.69,200,404.68,120,404.66,160,404.97,40,404.98,40,404.99,80,405.0,200,405.01,80,405.06,200,405.1,160,405.18,80,405.19,120,405.2,1000
2026-02-05 09:34:24,404.85,404.86,1,404.81,240,404.89,400,404.89,404.81,404.81,240,404.78,120,404.75,80,404.74,80,404.71,120,404.7,80,404.69,200,404.68,120,404.66,160,404.6,40,404.89,400,404.9,280,404.91,80,404.92,40,404.96,40,404.97,120,404.98,40,404.99,80,405.0,200,405.01,80
2026-02-05 09:34:25,405.07,405.07,1,404.98,240,405.16,120,405.16,404.98,404.98,240,404.95,120,404.94,120,404.9,40,404.85,40,404.81,280,404.78,120,404.75,80,404.74,80,404.71,120,405.16,120,405.18,80,405.19,120,405.2,1000,405.27,600,405.32,80,405.33,960,405.35,80,405.38,80,405.42,520
2026-02-05 09:34:26,405.055,405.1,1,404.99,80,405.12,40,405.12,404.99,404.99,80,404.98,240,404.95,120,404.94,120,404.9,40,404.85,40,404.81,280,404.78,120,404.75,80,404.74,80,405.12,40,405.16,200,405.18,80,405.19,120,405.2,1000,405.27,600,405.32,80,405.33,960,405.35,80,405.38,80
2026-02-05 09:34:27,405.065,405.06,2,404.99,200,405.14,1560,405.14,404.99,404.99,200,404.98,240,404.95,120,404.94,120,404.9,40,404.85,40,404.81,280,404.78,120,404.75,80,404.74,80,405.14,1560,405.16,40,405.17,800,405.18,400,405.19,120,405.2,1000,405.27,600,405.32,80,405.33,960,405.35,80
2026-02-05 09:34:28,405.04,405.0,10,404.94,80,405.14,40,405.14,404.94,404.94,80,404.9,40,404.85,40,404.81,280,404.78,120,404.75,80,404.74,80,404.71,120,404.7,80,404.69,200,405.14,40,405.15,120,405.17,80,405.19,1280,405.2,1360,405.27,600,405.32,80,405.33,960,405.35,80,405.38,80
2026-02-05 09:34:29,404.93,404.95,1,404.87,120,404.99,40,404.99,404.87,404.87,120,404.86,80,404.85,40,404.81,280,404.78,120,404.75,80,404.74,80,404.71,120,404.7,80,404.69,200,404.99,40,405.0,520,405.01,160,405.09,320,405.1,120,405.13,120,405.14,80,405.15,120,405.17,80,405.19,1280
2026-02-05 09:34:30,404.895,404.89,1,404.8,40,404.99,40,404.99,404.8,404.8,40,404.76,40,404.75,80,404.74,80,404.71,120,404.7,80,404.69,200,404.68,120,404.66,160,404.6,40,404.99,40,405.0,560,405.01,160,405.09,320,405.1,120,405.13,120,405.14,80,405.15,120,405.17,80,405.19,1280
2026-02-05 09:34:31,405.3,405.3,1,405.24,240,405.36,120,405.36,405.24,405.24,240,405.18,80,405.12,40,405.03,80,405.01,320,404.99,160,404.92,200,404.91,80,404.89,40,404.87,40,405.36,120,405.38,80,405.42,520,405.43,40,405.45,280,405.46,80,405.49,80,405.5,80,405.51,80,405.52,80
2026-02-05 09:34:32,405.245,405.25,1,405.16,40,405.33,1280,405.33,405.16,405.16,40,405.15,120,405.14,80,405.12,80,405.11,200,405.03,80,405.01,320,404.99,160,404.92,200,404.91,80,405.33,1280,405.35,760,405.36,120,405.38,80,405.42,520,405.43,40,405.45,280,405.46,80,405.49,80,405.5,80
2026-02-05 09:34:33,405.195,405.21,2,405.09,160,405.3,40,405.3,405.09,405.09,160,405.03,80,405.01,320,404.99,160,404.92,200,404.91,80,404.89,40,404.87,40,404.84,80,404.81,80,405.3,40,405.33,840,405.35,760,405.36,120,405.38,80,405.42,520,405.43,40,405.45,280,405.46,80,405.49,80
2026-02-05 09:34:34,405.195,405.22,4,405.14,280,405.25,520,405.25,405.14,405.14,280,405.13,40,405.12,160,405.09,160,405.03,80,405.01,320,404.99,160,404.92,200,404.91,80,404.89,40,405.25,520,405.28,80,405.3,200,405.31,40,405.33,840,405.35,760,405.36,120,405.38,80,405.42,520,405.43,40
2026-02-05 09:34:35,405.15,405.15,1,405.06,160,405.24,80,405.24,405.06,405.06,160,405.03,80,405.01,320,404.99,160,404.92,200,404.91,80,404.89,40,404.87,40,404.84,80,404.81,80,405.24,80,405.27,120,405.3,80,405.31,40,405.33,840,405.35,760,405.36,120,405.38,80,405.42,520,405.43,40
2026-02-05 09:34:36,405.09,405.1,1,405.01,240,405.17,80,405.17,405.01,405.01,240,404.99,160,404.92,200,404.91,80,404.89,40,404.87,40,404.84,80,404.81,80,404.8,40,404.76,40,405.17,80,405.18,320,405.21,120,405.22,440,405.24,80,405.27,120,405.3,80,405.31,40,405.33,840,405.35,760
2026-02-05 09:34:37,405.0,405.0,1,404.89,40,405.11,40,405.11,404.89,404.89,40,404.88,80,404.87,40,404.84,200,404.81,80,404.8,40,404.76,40,404.75,80,404.74,80,404.71,120,405.11,40,405.13,80,405.17,1800,405.18,1760,405.21,120,405.22,440,405.24,80,405.27,120,405.3,80,405.31,40
2026-02-05 09:34:38,405.08,405.09,9,405.01,160,405.15,920,405.15,405.01,405.01,160,404.99,120,404.96,40,404.89,40,404.88,80,404.87,40,404.84,200,404.81,80,404.8,40,404.76,40,405.15,920,405.17,1880,405.18,1760,405.21,120,405.22,440,405.24,80,405.27,120,405.3,80,405.31,40,405.33,840
2026-02-05 09:34:39,405.085,405.11,1,405.02,80,405.15,120,405.15,405.02,405.02,80,405.01,120,404.99,120,404.96,40,404.89,40,404.88,80,404.87,40,404.84,200,404.81,80,404.8,40,405.15,120,405.18,40,405.21,120,405.22,440,405.24,80,405.27,120,405.3,80,405.31,40,405.33,840,405.35,760
2026-02-05 09:34:40,405.085,405.09,1,405.02,120,405.15,400,405.15,405.02,405.02,120,405.01,120,404.99,120,404.96,40,404.89,40,404.88,80,404.87,40,404.84,200,404.81,80,404.8,40,405.15,400,405.18,40,405.21,120,405.22,440,405.24,80,405.27,120,405.3,80,405.31,40,405.33,840,405.35,760
2026-02-05 09:34:41,404.68,404.76,1,404.65,80,404.71,40,404.71,404.65,404.65,80,404.6,40,404.58,40,404.53,120,404.5,240,404.45,40,404.43,40,404.41,80,404.4,320,404.38,80,404.71,40,404.76,40,404.9,160,404.93,120,404.94,80,404.95,80,404.96,320,404.97,80,404.98,320,404.99,360
2026-02-05 09:34:42,404.695,404.78,2,404.6,80,404.79,120,404.79,404.6,404.6,80,404.58,40,404.53,120,404.5,240,404.45,40,404.43,40,404.41,80,404.4,320,404.38,80,404.37,120,404.79,120,404.82,40,404.83,160,404.84,40,404.87,40,404.88,40,404.89,280,404.92,120,404.93,120,404.94,80
2026-02-05 09:34:43,404.785,404.74,2,404.74,160,404.83,200,404.83,404.74,404.74,160,404.71,80,404.68,120,404.66,40,404.65,40,404.64,160,404.63,80,404.62,120,404.6,80,404.58,40,404.83,200,404.84,40,404.87,40,404.88,40,404.89,280,404.92,120,404.93,120,404.94,80,404.95,80,404.96,320
2026-02-05 09:34:44,404.905,404.9,2,404.84,40,404.97,120,404.97,404.84,404.84,40,404.83,80,404.8,80,404.79,80,404.75,80,404.74,160,404.71,80,404.68,120,404.66,40,404.65,40,404.97,120,404.98,320,404.99,360,405.0,80,405.01,320,405.02,80,405.03,360,405.04,320,405.07,40,405.08,360
2026-02-05 09:34:45,404.905,404.9,1,404.84,80,404.97,120,404.97,404.84,404.84,80,404.83,40,404.8,80,404.79,80,404.75,80,404.74,160,404.71,80,404.68,120,404.66,40,404.65,40,404.97,120,404.98,320,404.99,360,405.0,80,405.01,320,405.02,80,405.03,360,405.04,320,405.07,40,405.08,360
2026-02-05 09:34:46,404.78,404.79,1,404.74,240,404.82,160,404.82,404.74,404.74,240,404.71,80,404.68,120,404.66,40,404.65,40,404.64,160,404.63,80,404.62,120,404.6,80,404.58,40,404.82,160,404.83,960,404.84,1040,404.85,1040,404.86,1040,404.87,880,404.9,1040,404.91,1040,404.92,1040,404.93,1040
2026-02-05 09:34:47,404.925,404.93,4,404.9,80,404.95,120,404.95,404.9,404.9,80,404.89,400,404.88,120,404.82,80,404.81,160,404.78,40,404.76,40,404.74,240,404.71,80,404.68,120,404.95,120,405.0,1640,405.01,320,405.02,80,405.03,360,405.04,320,405.07,40,405.08,360,405.11,80,405.12,400
2026-02-05 09:34:48,404.875,404.82,2,404.82,200,404.93,40,404.93,404.82,404.82,200,404.77,80,404.76,40,404.74,240,404.71,80,404.68,120,404.66,40,404.65,40,404.64,160,404.63,80,404.93,40,404.95,120,405.0,1640,405.01,320,405.02,80,405.03,360,405.04,320,405.07,40,405.08,360,405.11,80
2026-02-05 09:34:49,404.955,404.96,9,404.95,120,404.96,200,404.96,404.95,404.95,120,404.92,40,404.91,40,404.89,120,404.86,80,404.84,160,404.78,40,404.75,120,404.74,440,404.71,80,404.96,200,405.0,1640,405.01,320,405.02,80,405.03,360,405.04,320,405.07,40,405.08,360,405.11,80,405.12,400
2026-02-05 09:34:50,405.09,405.0,1,405.0,280,405.18,80,405.18,405.0,405.0,280,404.99,120,404.97,80,404.96,40,404.95,120,404.92,40,404.91,40,404.89,120,404.86,80,404.84,160,405.18,80,405.19,680,405.21,120,405.22,440,405.24,80,405.27,120,405.3,80,405.31,40,405.33,840,405.35,760
2026-02-05 09:34:51,405.64,405.64,6,405.52,360,405.76,80,405.76,405.52,405.52,360,405.45,40,405.42,160,405.41,80,405.34,120,405.32,80,405.31,40,405.24,160,405.23,80,405.16,80,405.76,80,405.77,80,405.78,160,405.84,120,405.85,40,405.86,40,405.87,200,405.88,40,405.89,80,405.9,200
2026-02-05 09:34:52,405.7,405.7,1,405.63,200,405.77,40,405.77,405.63,405.63,200,405.55,40,405.51,40,405.5,120,405.49,80,405.48,120,405.47,240,405.42,80,405.41,80,405.34,120,405.77,40,405.78,40,405.84,120,405.85,40,405.86,40,405.87,200,405.88,40,405.89,80,405.9,200,405.92,200
2026-02-05 09:34:53,405.695,405.75,2,405.61,160,405.78,40,405.78,405.61,405.61,160,405.6,160,405.55,40,405.51,40,405.5,120,405.49,80,405.48,120,405.47,240,405.42,80,405.41,80,405.78,40,405.79,600,405.81,40,405.84,120,405.85,40,405.86,40,405.87,200,405.88,40,405.89,80,405.9,200
2026-02-05 09:34:54,405.65,405.62,1,405.61,360,405.69,280,405.69,405.61,405.61,360,405.6,160,405.55,40,405.51,40,405.5,120,405.49,80,405.48,120,405.47,240,405.42,80,405.41,80,405.69,280,405.7,280,405.73,80,405.78,560,405.79,600,405.81,40,405.84,120,405.85,40,405.86,40,405.87,200
2026-02-05 09:34:55,405.665,405.67,4,405.61,360,405.72,440,405.72,405.61,405.61,360,405.6,160,405.55,40,405.51,40,405.5,120,405.49,80,405.48,120,405.47,240,405.42,80,405.41,80,405.72,440,405.73,80,405.78,560,405.79,600,405.81,40,405.84,120,405.85,40,405.86,40,405.87,200,405.88,40
2026-02-05 09:34:56,405.665,405.67,1,405.61,360,405.72,280,405.72,405.61,405.61,360,405.6,160,405.55,40,405.51,40,405.5,120,405.49,80,405.48,120,405.47,240,405.42,80,405.41,80,405.72,280,405.73,80,405.78,560,405.79,600,405.81,40,405.84,120,405.85,40,405.86,40,405.87,200,405.88,40
2026-02-05 09:34:57,405.665,405.67,1,405.61,440,405.72,160,405.72,405.61,405.61,440,405.6,160,405.55,40,405.51,40,405.5,120,405.49,80,405.48,120,405.47,240,405.42,80,405.41,80,405.72,160,405.73,80,405.78,560,405.79,600,405.81,40,405.84,120,405.85,40,405.86,40,405.87,200,405.88,40
2026-02-05 09:34:58,405.54,405.49,1,405.45,120,405.63,80,405.63,405.45,405.45,120,405.42,120,405.36,120,405.34,120,405.32,80,405.31,40,405.24,160,405.23,80,405.16,80,405.14,400,405.63,80,405.65,40,405.68,80,405.69,1120,405.73,200,405.78,560,405.79,600,405.81,40,405.84,120,405.85,40
2026-02-05 09:34:59,405.625,405.68,1,405.57,80,405.68,80,405.68,405.57,405.57,80,405.56,80,405.55,40,405.54,160,405.51,200,405.5,40,405.49,80,405.47,80,405.45,560,405.42,120,405.68,80,405.69,1120,405.73,200,405.78,560,405.79,600,405.81,40,405.84,120,405.85,40,405.86,40,405.87,200
2026-02-05 09:35:00,405.88,405.81,1,405.82,160,405.94,40,405.94,405.82,405.82,160,405.81,160,405.8,120,405.78,440,405.77,80,405.76,120,405.73,40,405.71,560,405.67,40,405.66,120,405.94,40,406.0,40,406.01,80,406.02,160,406.03,160,406.06,80,406.07,200,406.11,200,406.14,200,406.31,120
2026-02-05 09:35:01,406.18,406.06,1,406.06,80,406.3,80,406.3,406.06,406.06,80,406.05,120,406.04,120,406.03,400,406.02,80,406.01,80,406.0,80,405.99,40,405.98,120,405.95,80,406.3,80,406.33,80,406.34,160,406.35,80,406.45,80,406.49,240,406.5,360,406.52,240,406.53,40,406.65,80
2026-02-05 09:35:02,406.245,406.31,3,406.18,120,406.31,120,406.31,406.18,406.18,120,406.17,80,406.13,80,406.09,40,406.07,120,406.06,240,406.05,120,406.04,120,406.03,400,406.02,80,406.31,120,406.33,80,406.34,160,406.35,80,406.45,80,406.49,240,406.5,360,406.52,240,406.53,40,406.65,80
2026-02-05 09:35:03,406.02,406.02,1,405.92,40,406.12,80,406.12,405.92,405.92,40,405.91,80,405.88,280,405.86,200,405.82,200,405.81,160,405.8,120,405.78,440,405.77,80,405.76,120,406.12,80,406.15,120,406.17,120,406.18,120,406.19,80,406.28,200,406.29,160,406.31,120,406.33,80,406.34,160
2026-02-05 09:35:04,405.84,405.78,1,405.74,240,405.94,160,405.94,405.74,405.74,240,405.73,360,405.72,80,405.67,200,405.66,120,405.65,80,405.59,80,405.58,120,405.57,120,405.56,80,405.94,160,406.0,80,406.04,40,406.05,160,406.08,40,406.09,120,406.11,40,406.12,160,406.15,160,406.17,120
2026-02-05 09:35:05,405.57,405.6,1,405.49,40,405.65,40,405.65,405.49,405.49,40,405.48,80,405.47,80,405.45,560,405.42,120,405.36,120,405.34,120,405.32,80,405.31,40,405.24,160,405.65,40,405.71,320,405.82,120,405.84,1200,405.87,80,405.9,120,405.91,40,405.94,200,406.0,80,406.04,40
2026-02-05 09:35:06,405.475,405.47,1,405.37,40,405.58,160,405.58,405.37,405.37,40,405.36,80,405.35,80,405.32,120,405.31,40,405.24,160,405.23,80,405.16,80,405.14,400,405.09,80,405.58,160,405.59,240,405.6,120,405.66,40,405.68,120,405.69,160,405.7,80,405.71,160,405.74,80,405.82,120
2026-02-05 09:35:07,405.465,405.47,1,405.37,160,405.56,1040,405.56,405.37,405.37,160,405.36,160,405.35,160,405.32,120,405.31,40,405.24,160,405.23,80,405.16,80,405.14,400,405.09,80,405.56,1040,405.58,840,405.59,240,405.6,120,405.66,40,405.68,120,405.69,160,405.7,80,405.71,160,405.74,80
2026-02-05 09:35:08,405.42,405.42,1,405.37,80,405.47,200,405.47,405.37,405.37,80,405.36,160,405.35,160,405.32,120,405.31,40,405.24,160,405.23,80,405.16,80,405.14,400,405.09,80,405.47,200,405.48,240,405.56,600,405.57,40,405.58,840,405.59,240,405.6,120,405.66,40,405.68,120,405.69,160
2026-02-05 09:35:09,405.41,405.48,1,405.33,120,405.49,40,405.49,405.33,405.33,120,405.21,200,405.2,360,405.16,80,405.14,400,405.09,80,405.04,40,405.01,40,405.0,240,404.96,120,405.49,40,405.56,600,405.57,40,405.58,840,405.59,240,405.6,120,405.66,40,405.68,120,405.69,160,405.7,80
2026-02-05 09:35:10,405.245,405.44,2,405.15,280,405.34,40,405.34,405.15,405.15,280,405.14,400,405.09,80,405.04,40,405.01,40,405.0,240,404.96,120,404.91,40,404.9,80,404.89,120,405.34,40,405.35,2200,405.36,2200,405.43,40,405.44,400,405.5,40,405.56,600,405.57,40,405.58,840,405.59,240
2026-02-05 09:35:11,405.16,405.16,2,405.1,280,405.22,600,405.22,405.1,405.1,280,405.09,200,405.02,280,405.0,840,404.96,120,404.91,40,404.9,80,404.89,120,404.86,80,404.84,160,405.22,600,405.23,80,405.27,40,405.29,40,405.3,240,405.37,40,405.41,160,405.42,160,405.5,120,405.56,600
2026-02-05 09:35:12,405.22,405.22,1,405.16,80,405.28,80,405.28,405.16,405.16,80,405.12,40,405.1,160,405.09,200,405.02,280,405.0,840,404.96,120,404.91,40,404.9,80,404.89,120,405.28,80,405.29,240,405.3,240,405.37,40,405.41,160,405.42,160,405.5,120,405.56,600,405.57,40,405.58,840
2026-02-05 09:35:13,405.22,405.22,1,405.14,80,405.3,320,405.3,405.14,405.14,80,405.12,40,405.1,160,405.09,200,405.02,280,405.0,840,404.96,120,404.91,40,404.9,80,404.89,120,405.3,320,405.37,40,405.41,160,405.42,160,405.5,120,405.56,600,405.57,40,405.58,840,405.59,240,405.6,120
2026-02-05 09:35:14,405.065,404.63,2,405.03,120,405.1,2120,405.1,405.03,405.03,120,404.99,40,404.98,160,404.97,80,404.96,120,404.94,80,404.91,40,404.9,80,404.89,120,404.86,80,405.1,2120,405.11,120,405.12,920,405.15,80,405.16,40,405.18,40,405.2,160,405.3,320,405.37,40,405.41,160
2026-02-05 09:35:15,405.175,405.1,2,405.09,40,405.26,160,405.26,405.09,405.09,40,405.08,520,405.06,80,405.03,320,404.99,40,404.98,160,404.97,80,404.96,120,404.94,80,404.91,40,405.26,160,405.27,320,405.3,320,405.37,40,405.41,160,405.42,160,405.5,120,405.56,600,405.57,40,405.58,840
2026-02-05 09:35:16,405.055,405.02,3,405.0,120,405.11,800,405.11,405.0,405.0,120,404.94,80,404.91,40,404.9,80,404.89,120,404.86,80,404.84,160,404.78,40,404.75,120,404.74,440,405.11,800,405.16,160,405.17,120,405.18,120,405.26,120,405.27,320,405.3,320,405.37,40,405.41,160,405.42,160
2026-02-05 09:35:17,404.98,405.0,1,404.95,80,405.01,320,405.01,404.95,404.95,80,404.94,80,404.91,40,404.9,80,404.89,120,404.86,80,404.84,160,404.78,40,404.75,120,404.74,440,405.01,320,405.02,200,405.06,120,405.1,720,405.11,800,405.16,160,405.17,120,405.18,120,405.26,120,405.27,320
2026-02-05 09:35:18,405.205,405.2,1,405.16,200,405.25,80,405.25,405.16,405.16,200,405.14,200,405.13,40,405.12,160,405.11,40,405.08,80,405.07,80,405.05,120,405.0,120,404.98,80,405.25,80,405.26,200,405.27,320,405.3,320,405.37,40,405.41,160,405.42,160,405.5,120,405.56,600,405.57,40
2026-02-05 09:35:19,405.1,405.12,2,405.01,40,405.19,160,405.19,405.01,405.01,40,405.0,120,404.98,80,404.96,1200,404.95,80,404.94,80,404.91,40,404.9,80,404.89,120,404.86,80,405.19,160,405.25,80,405.26,200,405.27,320,405.3,320,405.37,40,405.41,160,405.42,160,405.5,120,405.56,600
2026-02-05 09:35:20,405.095,405.1,1,405.0,320,405.19,160,405.19,405.0,405.0,320,404.9,80,404.89,120,404.86,80,404.84,160,404.78,40,404.75,120,404.74,440,404.71,80,404.68,120,405.19,160,405.25,80,405.26,200,405.27,320,405.3,320,405.37,40,405.41,160,405.42,160,405.5,120,405.56,600
2026-02-05 09:35:21,405.335,405.29,1,405.25,160,405.42,120,405.42,405.25,405.25,160,405.21,80,405.19,120,405.16,40,405.14,80,405.1,40,405.0,280,404.9,80,404.89,120,404.86,80,405.42,120,405.5,120,405.56,600,405.57,40,405.58,840,405.59,240,405.6,120,405.66,40,405.68,120,405.69,160
2026-02-05 09:35:22,405.24,405.24,1,405.16,40,405.32,400,405.32,405.16,405.16,40,405.15,40,405.14,120,405.1,40,405.0,280,404.9,80,404.89,120,404.86,80,404.84,160,404.78,40,405.32,400,405.37,80,405.41,520,405.42,120,405.5,120,405.56,600,405.57,40,405.58,840,405.59,240,405.6,120
2026-02-05 09:35:23,405.24,405.24,4,405.16,40,405.32,160,405.32,405.16,405.16,40,405.15,40,405.14,120,405.1,40,405.0,280,404.9,80,404.89,120,404.86,80,404.84,160,404.78,40,405.32,160,405.39,560,405.4,480,405.41,600,405.42,120,405.5,120,405.56,600,405.57,40,405.58,840,405.59,240
2026-02-05 09:35:24,405.15,405.16,1,405.1,40,405.2,200,405.2,405.1,405.1,40,405.09,40,405.0,280,404.9,80,404.89,120,404.86,80,404.84,160,404.78,40,404.75,120,404.74,440,405.2,200,405.24,120,405.29,160,405.3,40,405.32,200,405.39,560,405.4,480,405.41,600,405.42,120,405.5,120
2026-02-05 09:35:25,405.155,405.1,1,405.09,80,405.22,40,405.22,405.09,405.09,80,405.0,280,404.9,80,404.89,120,404.86,80,404.84,160,404.78,40,404.75,120,404.74,440,404.71,80,405.22,40,405.24,120,405.29,160,405.3,40,405.32,200,405.39,560,405.4,480,405.41,600,405.42,120,405.5,120
2026-02-05 09:35:26,405.155,405.23,1,405.08,40,405.23,40,405.23,405.08,405.08,40,405.06,200,405.01,80,405.0,560,404.9,80,404.89,120,404.86,80,404.84,160,404.78,40,404.75,120,405.23,40,405.24,120,405.29,160,405.3,40,405.32,200,405.39,560,405.4,480,405.41,600,405.42,120,405.5,120
2026-02-05 09:35:27,405.165,405.17,1,405.1,40,405.23,40,405.23,405.1,405.1,40,405.08,80,405.06,200,405.01,80,405.0,560,404.9,80,404.89,120,404.86,80,404.84,160,404.78,40,405.23,40,405.24,120,405.29,160,405.3,40,405.32,200,405.39,560,405.4,480,405.41,600,405.42,120,405.5,120
2026-02-05 09:35:28,405.195,405.2,1,405.14,240,405.25,160,405.25,405.14,405.14,240,405.08,80,405.07,40,405.04,360,405.03,120,405.01,80,404.97,40,404.96,240,404.91,80,404.9,80,405.25,160,405.29,160,405.3,40,405.32,200,405.39,560,405.4,480,405.41,600,405.42,120,405.5,120,405.56,600
2026-02-05 09:35:29,405.195,405.15,4,405.14,40,405.25,160,405.25,405.14,405.14,40,405.07,40,405.05,40,405.03,120,405.02,40,405.01,160,405.0,80,404.99,80,404.97,40,404.96,240,405.25,160,405.29,160,405.3,40,405.32,200,405.39,560,405.4,480,405.41,600,405.42,120,405.5,120,405.56,600
2026-02-05 09:35:30,405.195,405.2,1,405.14,80,405.25,160,405.25,405.14,405.14,80,405.07,40,405.05,40,405.03,120,405.02,40,405.01,160,405.0,80,404.99,80,404.97,40,404.96,240,405.25,160,405.29,160,405.3,40,405.32,200,405.39,560,405.4,480,405.41,600,405.42,120,405.5,120,405.56,600
2026-02-05 09:35:31,405.325,405.33,2,405.24,80,405.41,200,405.41,405.24,405.24,80,405.22,280,405.21,40,405.17,40,405.15,80,405.13,80,405.11,80,405.09,80,405.08,120,405.05,360,405.41,200,405.42,120,405.5,120,405.56,600,405.57,40,405.58,840,405.59,240,405.6,120,405.66,40,405.68,120
2026-02-05 09:35:32,405.36,405.36,2,405.31,40,405.41,160,405.41,405.31,405.31,40,405.24,80,405.22,280,405.21,40,405.17,40,405.15,80,405.13,80,405.11,80,405.09,80,405.08,120,405.41,160,405.42,120,405.5,120,405.56,600,405.57,40,405.58,840,405.59,240,405.6,120,405.66,40,405.68,120
2026-02-05 09:35:33,405.77,405.78,1,405.66,80,405.88,80,405.88,405.66,405.66,80,405.64,80,405.62,40,405.6,200,405.53,200,405.49,80,405.44,80,405.43,40,405.41,160,405.39,80,405.88,80,405.89,40,405.9,120,405.91,40,405.94,200,406.0,80,406.04,40,406.05,160,406.08,40,406.09,120
2026-02-05 09:35:34,406.01,406.02,1,405.91,80,406.11,40,406.11,405.91,405.91,80,405.89,80,405.84,80,405.8,120,405.77,160,405.75,40,405.73,160,405.66,120,405.64,80,405.62,40,406.11,40,406.12,160,406.15,160,406.17,120,406.18,120,406.19,80,406.28,200,406.29,160,406.31,120,406.33,80
2026-02-05 09:35:35,405.98,406.02,1,405.85,40,406.11,160,406.11,405.85,405.85,40,405.84,80,405.8,80,405.79,80,405.78,80,405.75,200,405.74,120,405.68,40,405.64,40,405.63,40,406.11,160,406.12,160,406.15,160,406.17,120,406.18,120,406.19,80,406.28,200,406.29,160,406.31,120,406.33,80
2026-02-05 09:35:36,406.385,406.47,2,406.28,120,406.49,400,406.49,406.28,406.28,120,406.2,40,406.18,120,406.11,80,406.08,80,406.05,120,406.03,120,406.01,160,405.92,80,405.91,80,406.49,400,406.5,360,406.52,240,406.53,40,406.65,80,406.68,400,406.75,120,406.86,160,406.88,240,406.91,200
2026-02-05 09:35:37,406.375,406.39,1,406.28,80,406.47,280,406.47,406.28,406.28,80,406.2,40,406.18,120,406.11,80,406.08,80,406.05,120,406.03,120,406.01,160,405.92,80,405.91,80,406.47,280,406.49,520,406.5,360,406.52,240,406.53,40,406.65,80,406.68,400,406.75,120,406.86,160,406.88,240
2026-02-05 09:35:38,406.385,406.47,1,406.3,120,406.47,200,406.47,406.3,406.3,120,406.26,40,406.2,120,406.14,80,406.11,80,406.08,80,406.05,120,406.03,120,406.01,160,405.92,80,406.47,200,406.49,520,406.5,360,406.52,240,406.53,40,406.65,80,406.68,400,406.75,120,406.86,160,406.88,240
2026-02-05 09:35:39,406.325,406.33,1,406.21,80,406.44,360,406.44,406.21,406.21,80,406.2,80,406.19,80,406.14,80,406.11,80,406.08,80,406.05,120,406.03,120,406.01,160,405.92,80,406.44,360,406.45,320,406.47,200,406.49,520,406.5,360,406.52,240,406.53,40,406.65,80,406.68,400,406.75,120
2026-02-05 09:35:40,406.505,406.49,2,406.39,80,406.62,40,406.62,406.39,406.39,80,406.38,200,406.37,120,406.34,80,406.33,160,406.22,40,406.21,40,406.2,80,406.19,80,406.14,80,406.62,40,406.65,80,406.68,400,406.75,120,406.86,160,406.88,240,406.91,200,406.92,40,406.93,120,407.07,120
2026-02-05 09:35:41,406.525,406.5,2,406.43,40,406.62,120,406.62,406.43,406.43,40,406.39,240,406.38,280,406.37,120,406.34,80,406.33,160,406.22,40,406.21,40,406.2,80,406.19,80,406.62,120,406.65,80,406.68,400,406.75,120,406.86,160,406.88,240,406.91,200,406.92,40,406.93,120,407.07,120
2026-02-05 09:35:42,406.535,406.59,1,406.43,40,406.64,40,406.64,406.43,406.43,40,406.39,240,406.38,280,406.37,120,406.34,80,406.33,160,406.22,40,406.21,40,406.2,80,406.19,80,406.64,40,406.65,160,406.68,400,406.75,120,406.86,160,406.88,240,406.91,200,406.92,40,406.93,120,407.07,120
2026-02-05 09:35:43,406.53,406.59,1,406.43,80,406.63,120,406.63,406.43,406.43,80,406.39,240,406.38,280,406.37,120,406.34,80,406.33,160,406.22,40,406.21,40,406.2,80,406.19,80,406.63,120,406.64,40,406.65,160,406.68,400,406.75,120,406.86,160,406.88,240,406.91,200,406.92,40,406.93,120
2026-02-05 09:35:44,406.085,406.05,1,406.0,200,406.17,120,406.17,406.0,406.0,200,405.93,120,405.91,40,405.89,40,405.88,40,405.87,80,405.86,80,405.85,40,405.84,80,405.8,80,406.17,120,406.19,120,406.2,80,406.26,120,406.28,80,406.3,40,406.31,280,406.39,40,406.42,80,406.47,120
2026-02-05 09:35:45,405.775,405.77,2,405.57,40,405.98,80,405.98,405.57,405.57,40,405.53,200,405.49,80,405.44,80,405.43,40,405.41,160,405.39,80,405.38,40,405.37,80,405.36,80,405.98,80,405.99,160,406.02,40,406.03,200,406.04,80,406.07,80,406.09,80,406.13,40,406.14,120,406.17,40
2026-02-05 09:35:46,405.725,405.81,4,405.58,80,405.87,80,405.87,405.58,405.58,80,405.57,40,405.53,200,405.49,80,405.44,80,405.43,40,405.41,160,405.39,80,405.38,40,405.37,80,405.87,80,405.9,40,405.96,120,405.97,160,405.98,80,405.99,160,406.02,40,406.03,200,406.04,80,406.07,80
2026-02-05 09:35:47,405.315,405.47,12,405.25,120,405.38,120,405.38,405.25,405.25,120,405.24,80,405.22,280,405.21,40,405.17,40,405.15,80,405.13,80,405.11,80,405.09,80,405.08,120,405.38,120,405.41,40,405.43,160,405.48,40,405.51,120,405.53,680,405.55,40,405.57,120,405.64,240,405.69,120
2026-02-05 09:35:48,405.125,405.22,1,405.01,200,405.24,440,405.24,405.01,405.01,200,405.0,80,404.99,80,404.97,40,404.96,240,404.91,80,404.9,80,404.89,120,404.86,80,404.84,160,405.24,440,405.29,80,405.3,40,405.34,240,405.38,120,405.41,40,405.43,160,405.48,40,405.51,120,405.53,680
2026-02-05 09:35:49,405.225,405.13,1,405.13,1440,405.32,40,405.32,405.13,405.13,1440,405.06,40,405.01,200,405.0,80,404.99,80,404.97,40,404.96,240,404.91,80,404.9,80,404.89,120,405.32,40,405.33,120,405.37,40,405.38,200,405.39,40,405.4,120,405.41,160,405.43,160,405.48,40,405.51,120
2026-02-05 09:35:50,405.135,405.14,1,405.06,40,405.21,120,405.21,405.06,405.06,40,405.01,240,405.0,80,404.99,80,404.97,40,404.96,240,404.91,80,404.9,80,404.89,120,404.86,80,405.21,120,405.23,40,405.24,40,405.25,80,405.29,80,405.32,200,405.33,80,405.37,40,405.38,200,405.39,40
2026-02-05 09:35:51,405.2,405.14,1,405.13,120,405.27,120,405.27,405.13,405.13,120,405.12,120,405.09,120,405.06,160,405.01,240,405.0,80,404.99,80,404.97,40,404.96,240,404.91,80,405.27,120,405.3,160,405.38,200,405.39,40,405.4,120,405.41,160,405.43,160,405.48,40,405.51,120,405.53,680
2026-02-05 09:35:52,405.18,405.15,2,405.11,240,405.25,80,405.25,405.11,405.11,240,405.01,320,405.0,80,404.99,80,404.97,40,404.96,240,404.91,80,404.9,80,404.89,120,404.86,80,405.25,80,405.27,120,405.3,160,405.38,200,405.39,40,405.4,120,405.41,160,405.43,160,405.48,40,405.51,120
2026-02-05 09:35:53,405.255,405.14,1,405.13,40,405.38,560,405.38,405.13,405.13,40,405.11,160,405.09,200,405.06,40,405.01,320,405.0,80,404.99,80,404.97,40,404.96,240,404.91,80,405.38,560,405.39,40,405.4,120,405.41,160,405.43,160,405.48,40,405.51,120,405.53,680,405.55,40,405.57,120
2026-02-05 09:35:54,405.25,405.15,1,405.14,120,405.36,40,405.36,405.14,405.14,120,405.12,200,405.11,120,405.09,200,405.06,40,405.01,320,405.0,80,404.99,80,404.97,40,404.96,240,405.36,40,405.37,40,405.38,600,405.39,40,405.4,120,405.41,160,405.43,160,405.48,40,405.51,120,405.53,680
2026-02-05 09:35:56,405.22,405.22,2,405.17,200,405.27,40,405.27,405.17,405.17,200,405.16,40,405.14,120,405.12,200,405.11,120,405.09,200,405.06,40,405.01,320,405.0,80,404.99,80,405.27,40,405.28,40,405.35,120,405.36,40,405.37,40,405.38,600,405.39,40,405.4,120,405.41,160,405.43,160
2026-02-05 09:35:57,404.83,404.83,1,404.75,120,404.91,80,404.91,404.75,404.75,120,404.72,40,404.65,160,404.64,160,404.63,80,404.62,120,404.6,80,404.58,40,404.53,120,404.5,240,404.91,80,404.92,80,404.93,80,404.95,280,404.96,680,404.99,40,405.0,360,405.01,120,405.02,80,405.03,440
2026-02-05 09:35:57,404.785,404.79,1,404.66,40,404.91,80,404.91,404.66,404.66,40,404.65,160,404.64,160,404.63,80,404.62,120,404.6,80,404.58,40,404.53,120,404.5,240,404.45,40,404.91,80,404.92,80,404.93,80,404.95,280,404.96,680,404.99,40,405.0,360,405.01,120,405.02,80,405.03,440
2026-02-05 09:35:58,404.745,404.75,4,404.67,80,404.82,480,404.82,404.67,404.67,80,404.66,40,404.65,160,404.64,160,404.63,80,404.62,120,404.6,80,404.58,40,404.53,120,404.5,240,404.82,480,404.91,200,404.92,80,404.93,80,404.95,280,404.96,680,404.99,40,405.0,360,405.01,120,405.02,80
2026-02-05 09:35:59,404.725,404.67,13,404.67,120,404.78,480,404.78,404.67,404.67,120,404.66,40,404.65,160,404.64,160,404.63,80,404.62,120,404.6,80,404.58,40,404.53,120,404.5,240,404.78,480,404.8,80,404.82,560,404.91,200,404.92,80,404.93,80,404.95,280,404.96,680,404.99,40,405.0,360
2026-02-05 09:36:00,404.625,404.58,1,404.58,160,404.67,560,404.67,404.58,404.58,160,404.53,120,404.5,240,404.45,40,404.43,40,404.41,80,404.4,320,404.38,80,404.37,120,404.36,40,404.67,560,404.68,520,404.69,600,404.7,520,404.71,560,404.75,600,404.76,640,404.78,560,404.8,80,404.82,560
2026-02-05 09:36:02,404.255,404.19,4,404.19,40,404.32,560,404.32,404.19,404.19,40,404.16,40,404.12,80,404.1,80,404.04,120,404.03,40,404.0,320,403.94,120,403.88,40,403.86,80,404.32,560,404.33,200,404.39,120,404.4,40,404.41,120,404.42,80,404.43,120,404.45,120,404.46,200,404.47,120
2026-02-05 09:36:03,404.08,404.12,1,404.01,160,404.15,200,404.15,404.01,404.01,160,404.0,320,403.94,120,403.88,40,403.86,80,403.84,160,403.71,160,403.68,120,403.64,80,403.63,320,404.15,200,404.2,40,404.21,80,404.23,120,404.25,120,404.26,120,404.27,40,404.29,40,404.3,600,404.31,80
2026-02-05 09:36:04,404.08,404.02,2,404.01,160,404.15,200,404.15,404.01,404.01,160,404.0,320,403.94,120,403.88,40,403.86,80,403.84,160,403.71,160,403.68,120,403.64,80,403.63,320,404.15,200,404.2,40,404.21,80,404.23,120,404.25,120,404.26,120,404.27,40,404.29,40,404.3,600,404.31,80
2026-02-05 09:36:05,403.86,403.86,1,403.74,160,403.98,80,403.98,403.74,403.74,160,403.73,80,403.72,80,403.71,80,403.7,80,403.69,120,403.68,120,403.64,80,403.63,320,403.62,160,403.98,80,403.99,40,404.04,40,404.07,80,404.1,280,404.11,120,404.13,40,404.14,120,404.15,280,404.2,40
2026-02-05 09:36:06,403.87,403.85,1,403.76,120,403.98,80,403.98,403.76,403.76,120,403.75,40,403.74,240,403.73,80,403.72,80,403.71,80,403.7,80,403.69,120,403.68,120,403.64,80,403.98,80,403.99,40,404.04,40,404.07,80,404.1,280,404.11,120,404.13,40,404.14,120,404.15,280,404.2,40
2026-02-05 09:36:06,403.905,403.94,1,403.84,40,403.97,40,403.97,403.84,403.84,40,403.83,160,403.8,120,403.78,120,403.77,40,403.76,160,403.75,40,403.74,240,403.73,80,403.72,80,403.97,40,403.98,40,403.99,80,404.0,40,404.02,40,404.03,120,404.04,40,404.06,40,404.07,80,404.08,40
2026-02-05 09:36:07,403.86,403.81,1,403.77,40,403.95,40,403.95,403.77,403.77,40,403.76,80,403.74,160,403.73,80,403.72,80,403.71,80,403.7,80,403.69,120,403.68,120,403.64,80,403.95,40,403.96,80,403.98,40,403.99,80,404.0,40,404.02,40,404.03,120,404.04,40,404.06,40,404.07,80
2026-02-05 09:36:09,403.92,403.85,1,403.84,80,404.0,40,404.0,403.84,403.84,80,403.81,80,403.78,80,403.77,80,403.76,80,403.74,160,403.73,80,403.72,80,403.71,80,403.7,80,404.0,40,404.02,40,404.03,120,404.04,40,404.06,40,404.07,80,404.08,40,404.1,40,404.11,120,404.13,160
2026-02-05 09:36:09,403.85,403.88,5,403.78,280,403.92,40,403.92,403.78,403.78,280,403.77,80,403.76,80,403.74,160,403.73,80,403.72,80,403.71,80,403.7,80,403.69,120,403.68,120,403.92,40,403.93,40,403.94,160,403.95,120,403.96,160,403.98,200,404.0,200,404.02,40,404.03,120,404.04,40
2026-02-05 09:36:11,403.695,403.69,1,403.64,160,403.75,80,403.75,403.64,403.64,160,403.63,320,403.62,160,403.58,80,403.53,80,403.49,80,403.48,200,403.47,880,403.43,40,403.39,200,403.75,80,403.79,40,403.85,40,403.86,40,403.93,80,403.94,160,403.95,120,403.96,160,403.98,200,404.0,200
2026-02-05 09:36:12,403.685,403.75,1,403.63,320,403.74,40,403.74,403.63,403.63,320,403.62,160,403.58,80,403.53,80,403.49,80,403.48,200,403.47,880,403.43,40,403.39,200,403.36,120,403.74,40,403.75,80,403.79,80,403.8,120,403.82,120,403.84,200,403.86,40,403.93,80,403.94,160,403.95,120
2026-02-05 09:36:13,403.33,403.36,1,403.27,40,403.39,120,403.39,403.27,403.27,40,403.26,80,403.25,40,403.24,80,403.22,280,403.18,120,403.15,80,403.12,280,403.11,160,403.1,160,403.39,120,403.4,40,403.41,40,403.42,160,403.43,120,403.44,120,403.45,40,403.49,80,403.51,240,403.58,120
2026-02-05 09:36:13,403.315,403.3,5,403.22,160,403.41,80,403.41,403.22,403.22,160,403.21,80,403.2,120,403.18,40,403.13,80,403.12,280,403.11,160,403.1,160,403.09,240,403.08,120,403.41,80,403.42,160,403.43,120,403.44,120,403.45,40,403.49,80,403.51,240,403.58,120,403.63,120,403.65,40
2026-02-05 09:36:15,403.295,403.28,5,403.22,120,403.37,40,403.37,403.22,403.22,120,403.21,40,403.2,120,403.18,40,403.13,80,403.12,280,403.11,160,403.1,160,403.09,240,403.08,120,403.37,40,403.39,40,403.4,120,403.41,80,403.42,160,403.43,120,403.44,120,403.45,40,403.49,80,403.51,240
2026-02-05 09:36:16,403.18,403.18,1,403.12,360,403.24,80,403.24,403.12,403.12,360,403.11,160,403.1,160,403.09,240,403.08,120,403.07,240,403.04,40,403.03,240,402.98,40,402.91,200,403.24,80,403.25,120,403.26,40,403.27,40,403.29,80,403.31,80,403.33,40,403.34,40,403.35,40,403.37,40
2026-02-05 09:36:17,403.13,403.11,3,403.07,200,403.19,40,403.19,403.07,403.07,200,403.04,280,403.03,240,402.98,40,402.91,200,402.89,160,402.86,360,402.84,160,402.75,760,402.65,120,403.19,40,403.2,120,403.22,80,403.24,80,403.25,120,403.26,40,403.27,40,403.29,80,403.31,80,403.33,40
2026-02-05 09:36:18,403.285,403.26,1,403.2,160,403.37,80,403.37,403.2,403.2,160,403.17,120,403.16,80,403.15,40,403.14,120,403.13,80,403.12,120,403.11,80,403.1,80,403.08,120,403.37,80,403.39,40,403.4,120,403.41,80,403.42,160,403.43,120,403.44,120,403.45,40,403.49,80,403.51,240
2026-02-05 09:36:19,403.2,403.25,2,403.14,40,403.26,80,403.26,403.14,403.14,40,403.09,40,403.08,120,403.07,160,403.04,280,403.03,240,402.98,40,402.91,200,402.89,160,402.86,360,403.26,80,403.34,160,403.36,40,403.37,80,403.39,40,403.4,120,403.41,80,403.42,160,403.43,120,403.44,120
2026-02-05 09:36:20,403.285,403.29,25,403.22,40,403.35,40,403.35,403.22,403.22,40,403.21,40,403.17,40,403.16,40,403.14,120,403.09,40,403.08,120,403.07,160,403.04,280,403.03,240,403.35,40,403.36,160,403.37,80,403.39,40,403.4,120,403.41,80,403.42,160,403.43,120,403.44,120,403.45,40
2026-02-05 09:36:21,403.35,403.35,1,403.28,160,403.42,200,403.42,403.28,403.28,160,403.27,40,403.25,80,403.23,120,403.22,160,403.21,40,403.17,40,403.16,40,403.14,120,403.09,40,403.42,200,403.43,120,403.44,120,403.45,40,403.49,80,403.51,240,403.58,120,403.63,120,403.65,40,403.66,40
2026-02-05 09:36:22,403.545,403.51,2,403.49,40,403.6,80,403.6,403.49,403.49,40,403.45,80,403.42,120,403.38,80,403.36,40,403.35,120,403.32,120,403.31,40,403.3,120,403.28,160,403.6,80,403.69,40,403.7,280,403.71,120,403.74,200,403.75,80,403.79,80,403.8,120,403.82,120,403.84,200
2026-02-05 09:36:23,403.49,403.5,2,403.38,240,403.6,200,403.6,403.38,403.38,240,403.36,40,403.35,120,403.32,120,403.31,40,403.3,120,403.28,160,403.27,40,403.25,80,403.23,120,403.6,200,403.69,40,403.7,280,403.71,120,403.74,200,403.75,80,403.79,80,403.8,120,403.82,120,403.84,200
2026-02-05 09:36:24,403.465,403.5,1,403.38,440,403.55,520,403.55,403.38,403.38,440,403.36,40,403.35,120,403.32,120,403.31,40,403.3,120,403.28,160,403.27,40,403.25,80,403.23,120,403.55,520,403.57,80,403.61,200,403.63,240,403.69,40,403.7,280,403.71,120,403.74,200,403.75,80,403.79,80
