sim_time,mid_price,last_price,last_size,best_bid_price,best_bid_size,best_ask_price,best_ask_size,close_price_buy,close_price_sell,bid1_price,bid1_size,bid2_price,bid2_size,bid3_price,bid3_size,bid4_price,bid4_size,bid5_price,bid5_size,bid6_price,bid6_size,bid7_price,bid7_size,bid8_price,bid8_size,bid9_price,bid9_size,bid10_price,bid10_size,ask1_price,ask1_size,ask2_price,ask2_size,ask3_price,ask3_size,ask4_price,ask4_size,ask5_price,ask5_size,ask6_price,ask6_size,ask7_price,ask7_size,ask8_price,ask8_size,ask9_price,ask9_size,ask10_price,ask10_size
2020-10-29 09:30:27,203.855,203.84,1,203.82,5,203.89,3,203.89,203.82,203.82,5,203.8,14,203.73,1,203.72,3,203.66,1,203.65,3,203.54,2,203.5,4,,,,,203.89,3,203.91,4,203.92,6,203.93,13,203.94,6,203.95,13,203.96,2,203.97,2,203.99,4,204.01,2
2020-10-29 09:30:28,203.94,203.94,2,203.91,2,203.97,10,203.97,203.91,203.91,2,203.89,2,203.88,10,203.87,1,203.84,7,203.83,9,203.82,5,203.8,14,203.73,1,203.72,3,203.97,10,203.98,7,203.99,12,204.0,6,204.01,5,204.02,1,204.06,4,204.09,1,204.17,2,204.18,1
2020-10-29 09:30:29,203.885,203.92,1,203.84,7,203.93,8,203.93,203.84,203.84,7,203.83,12,203.82,5,203.8,14,203.73,1,203.72,3,203.66,1,203.65,3,203.54,2,203.5,4,203.93,8,203.94,1,203.95,1,203.99,10,204.0,6,204.01,5,204.02,1,204.06,4,204.09,1,204.17,2
2020-10-29 09:30:30,203.875,203.9,1,203.83,12,203.92,2,203.92,203.83,203.83,12,203.82,5,203.8,14,203.73,1,203.72,3,203.66,1,203.65,3,203.54,2,203.5,4,,,203.92,2,203.93,8,203.94,1,203.95,1,203.99,10,204.0,6,204.01,5,204.02,1,204.06,4,204.09,1
2020-10-29 09:30:31,203.965,203.92,1,203.93,3,204.0,8,204.0,203.93,203.93,3,203.92,2,203.91,3,203.9,3,203.83,12,203.82,5,203.8,14,203.73,1,203.72,3,203.66,1,204.0,8,204.01,6,204.02,1,204.06,4,204.09,1,204.17,2,204.18,1,204.2,2,,,,
2020-10-29 09:30:32,204.035,203.99,1,204.0,3,204.07,1,204.07,204.0,204.0,3,203.99,1,203.98,1,203.97,3,203.96,2,203.95,3,203.94,3,203.93,3,203.92,2,203.91,3,204.07,1,204.09,1,204.17,2,204.18,1,204.2,2,,,,,,,,,,
2020-10-29 09:30:34,204.125,204.15,1,204.08,3,204.17,3,204.17,204.08,204.08,3,204.07,3,204.06,2,204.04,2,204.03,3,204.02,3,204.01,3,204.0,3,203.99,1,203.98,1,204.17,3,204.18,1,204.2,2,,,,,,,,,,,,,,
2020-10-29 09:30:34,204.125,204.1,1,204.08,3,204.17,3,204.17,204.08,204.08,3,204.07,3,204.06,2,204.04,2,204.03,3,204.02,3,204.01,3,204.0,3,203.99,1,203.98,1,204.17,3,204.18,1,204.2,2,,,,,,,,,,,,,,
2020-10-29 09:30:35,204.075,204.08,1,204.04,1,204.11,10,204.11,204.04,204.04,1,204.03,4,204.02,3,204.01,3,204.0,3,203.99,1,203.98,1,203.97,3,203.96,2,203.95,3,204.11,10,204.12,6,204.13,6,204.14,2,204.17,4,204.18,1,204.2,2,,,,,,
2020-10-29 09:30:36,204.16,204.18,1,204.12,1,204.2,3,204.2,204.12,204.12,1,204.08,3,204.04,1,204.03,4,204.02,3,204.01,3,204.0,3,203.99,1,203.98,1,203.97,3,204.2,3,,,,,,,,,,,,,,,,,,
2020-10-29 09:30:37,204.14,204.09,1,204.08,3,204.2,4,204.2,204.08,204.08,3,204.04,1,204.03,4,204.02,3,204.01,3,204.0,3,203.99,1,203.98,1,203.97,3,203.96,2,204.2,4,,,,,,,,,,,,,,,,,,
2020-10-29 09:30:38,204.135,204.15,1,204.08,3,204.19,1,204.19,204.08,204.08,3,204.04,1,204.03,4,204.02,3,204.01,3,204.0,3,203.99,1,203.98,1,203.97,3,203.96,2,204.19,1,204.2,4,,,,,,,,,,,,,,,,
2020-10-29 09:30:39,204.135,204.08,2,204.08,3,204.19,2,204.19,204.08,204.08,3,204.04,1,204.03,4,204.02,3,204.01,3,204.0,3,203.99,1,203.98,1,203.97,3,203.96,2,204.19,2,204.2,4,,,,,,,,,,,,,,,,
2020-10-29 09:30:40,204.14,204.12,1,204.09,1,204.19,8,204.19,204.09,204.09,1,204.08,3,204.04,1,204.03,4,204.02,3,204.01,3,204.0,3,203.99,1,203.98,1,203.97,3,204.19,8,204.2,4,,,,,,,,,,,,,,,,
2020-10-29 09:30:41,204.145,204.14,1,204.1,1,204.19,8,204.19,204.1,204.1,1,204.09,1,204.08,3,204.04,1,204.03,4,204.02,3,204.01,3,204.0,3,203.99,1,203.98,1,204.19,8,204.2,4,,,,,,,,,,,,,,,,
2020-10-29 09:30:42,204.15,204.12,10,204.12,2,204.18,1,204.18,204.12,204.12,2,204.11,1,204.1,6,204.09,1,204.08,3,204.04,1,204.03,4,204.02,3,204.01,3,204.0,3,204.18,1,204.19,9,204.2,4,,,,,,,,,,,,,,
2020-10-29 09:30:43,204.14,204.13,1,204.12,2,204.16,3,204.16,204.12,204.12,2,204.11,1,204.1,6,204.09,1,204.08,3,204.04,1,204.03,4,204.02,3,204.01,3,204.0,3,204.16,3,204.17,3,204.18,1,204.19,13,204.2,4,,,,,,,,,,
2020-10-29 09:30:44,204.075,204.08,1,204.03,1,204.12,6,204.12,204.03,204.03,1,204.02,1,204.01,3,204.0,3,203.99,1,203.98,1,203.97,3,203.96,2,203.95,3,203.94,3,204.12,6,204.13,2,204.14,1,204.15,3,204.16,2,204.17,3,204.18,1,204.19,13,204.2,4,,
2020-10-29 09:30:45,204.115,204.1,10,204.07,1,204.16,8,204.16,204.07,204.07,1,204.06,1,204.03,2,204.02,1,204.01,3,204.0,3,203.99,1,203.98,1,203.97,3,203.96,2,204.16,8,204.17,3,204.18,4,204.19,13,204.2,4,,,,,,,,,,
2020-10-29 09:30:46,204.14,204.17,1,204.09,1,204.19,1,204.19,204.09,204.09,1,204.08,1,204.07,1,204.03,2,204.02,1,204.01,3,204.0,3,203.99,1,203.98,1,203.97,3,204.19,1,204.2,4,,,,,,,,,,,,,,,,
2020-10-29 09:30:47,204.15,204.14,2,204.11,1,204.19,1,204.19,204.11,204.11,1,204.1,1,204.09,1,204.08,1,204.07,1,204.03,2,204.02,1,204.01,3,204.0,3,203.99,1,204.19,1,204.2,3,,,,,,,,,,,,,,,,
2020-10-29 09:30:49,204.185,204.18,1,204.13,3,204.24,9,204.24,204.13,204.13,3,204.12,11,204.11,4,204.1,1,204.09,1,204.08,1,204.07,1,204.03,2,204.02,1,204.01,3,204.24,9,,,,,,,,,,,,,,,,,,
2020-10-29 09:30:49,204.18,204.22,3,204.13,8,204.23,8,204.23,204.13,204.13,8,204.12,10,204.11,4,204.1,1,204.09,1,204.08,1,204.07,1,204.03,2,204.02,1,204.01,3,204.23,8,204.24,7,204.25,5,,,,,,,,,,,,,,
2020-10-29 09:30:50,204.15,204.22,1,204.13,1,204.17,1,204.17,204.13,204.13,1,204.11,3,204.1,1,204.09,1,204.08,1,204.07,1,204.03,2,204.02,1,204.01,3,204.0,3,204.17,1,204.18,10,204.2,10,204.21,6,204.22,5,204.23,6,204.24,7,204.25,5,,,,
2020-10-29 09:30:51,204.195,204.16,1,204.16,1,204.23,9,204.23,204.16,204.16,1,204.11,3,204.1,1,204.09,1,204.08,1,204.07,1,204.03,2,204.02,1,204.01,3,204.0,3,204.23,9,204.24,7,204.25,5,,,,,,,,,,,,,,
2020-10-29 09:30:52,204.195,204.23,1,204.16,1,204.23,10,204.23,204.16,204.16,1,204.11,3,204.1,1,204.09,1,204.08,1,204.07,1,204.03,2,204.02,1,204.01,3,204.0,3,204.23,10,204.24,7,204.25,5,,,,,,,,,,,,,,
2020-10-29 09:30:54,204.19,204.19,5,204.15,1,204.23,2,204.23,204.15,204.15,1,204.11,3,204.1,1,204.09,1,204.08,1,204.07,1,204.03,2,204.02,1,204.01,3,204.0,3,204.23,2,204.25,4,,,,,,,,,,,,,,,,
2020-10-29 09:30:55,204.19,204.19,3,204.15,2,204.23,10,204.23,204.15,204.15,2,204.11,3,204.1,1,204.09,1,204.08,1,204.07,1,204.03,2,204.02,1,204.01,3,204.0,3,204.23,10,204.25,4,,,,,,,,,,,,,,,,
2020-10-29 09:30:55,204.285,204.3,1,204.24,1,204.33,3,204.33,204.24,204.24,1,204.22,2,204.21,3,204.15,2,204.11,3,204.1,1,204.09,1,204.08,1,204.07,1,204.03,2,204.33,3,,,,,,,,,,,,,,,,,,
2020-10-29 09:30:57,204.305,204.33,1,204.28,1,204.33,3,204.33,204.28,204.28,1,204.24,3,204.22,2,204.21,3,204.15,2,204.11,3,204.1,1,204.09,1,204.08,1,204.07,1,204.33,3,,,,,,,,,,,,,,,,,,
2020-10-29 09:30:57,204.36,204.33,1,204.32,9,204.4,8,204.4,204.32,204.32,9,204.3,3,204.28,1,204.24,3,204.22,2,204.21,3,204.15,2,204.11,3,204.1,1,204.09,1,204.4,8,,,,,,,,,,,,,,,,,,
2020-10-29 09:30:59,204.37,204.35,2,204.33,7,204.41,1,204.41,204.33,204.33,7,204.32,9,204.3,3,204.28,1,204.24,3,204.22,2,204.21,3,204.15,2,204.11,3,204.1,1,204.41,1,204.42,2,,,,,,,,,,,,,,,,
2020-10-29 09:31:00,204.37,204.41,1,204.33,7,204.41,1,204.4,204.33,204.33,7,204.32,9,204.3,3,204.28,1,204.24,3,204.22,2,204.21,3,204.15,2,204.11,3,204.1,1,204.41,1,204.42,7,,,,,,,,,,,,,,,,
2020-10-29 09:31:01,204.34,204.34,1,204.29,8,204.39,8,204.39,204.29,204.29,8,204.28,1,204.24,3,204.22,2,204.21,3,204.15,2,204.11,3,204.1,1,204.09,1,204.08,1,204.39,8,204.4,7,204.41,9,204.42,7,,,,,,,,,,,,
2020-10-29 09:31:02,204.32,204.32,1,204.29,7,204.35,7,204.35,204.29,204.29,7,204.28,1,204.24,3,204.22,2,204.21,3,204.15,2,204.11,3,204.1,1,204.09,1,204.08,1,204.35,7,204.36,5,204.38,9,204.39,8,204.4,7,204.41,9,204.42,7,,,,,,
2020-10-29 09:31:02,204.345,204.39,2,204.3,3,204.39,5,204.39,204.3,204.3,3,204.29,7,204.28,1,204.24,3,204.22,2,204.21,3,204.15,2,204.11,3,204.1,1,204.09,1,204.39,5,204.4,7,204.41,9,204.42,7,,,,,,,,,,,,
2020-10-29 09:31:04,204.54,204.53,1,204.51,1,204.57,5,204.57,204.51,204.51,1,204.49,1,204.48,9,204.46,1,204.45,1,204.44,1,204.43,3,204.42,5,204.41,3,204.4,6,204.57,5,,,,,,,,,,,,,,,,,,
2020-10-29 09:31:05,204.545,204.55,1,204.5,1,204.59,12,204.59,204.5,204.5,1,204.49,1,204.47,1,204.46,1,204.44,2,204.43,3,204.42,5,204.41,3,204.4,6,204.39,2,204.59,12,204.6,3,,,,,,,,,,,,,,,,
2020-10-29 09:31:06,204.615,204.6,2,204.59,2,204.64,1,204.64,204.59,204.59,2,204.58,3,204.57,5,204.56,8,204.55,3,204.53,12,204.52,3,204.5,7,204.49,1,204.47,1,204.64,1,204.65,13,,,,,,,,,,,,,,,,
2020-10-29 09:31:07,204.61,204.64,1,204.58,3,204.64,6,204.64,204.58,204.58,3,204.57,7,204.56,8,204.55,3,204.53,12,204.52,3,204.5,7,204.49,1,204.47,1,204.46,1,204.64,6,204.65,8,,,,,,,,,,,,,,,,
2020-10-29 09:31:08,204.47,204.46,1,204.42,5,204.52,1,204.52,204.42,204.42,5,204.41,3,204.4,6,204.39,2,204.38,1,204.36,1,204.35,1,204.34,14,204.33,8,204.32,6,204.52,1,204.55,1,204.57,6,204.58,10,204.59,7,204.6,2,204.61,2,204.63,2,204.64,6,204.65,8
2020-10-29 09:31:09,204.455,204.5,1,204.41,6,204.5,1,204.5,204.41,204.41,6,204.4,6,204.39,2,204.38,1,204.36,1,204.35,1,204.34,14,204.33,8,204.32,6,204.31,2,204.5,1,204.52,1,204.55,1,204.57,6,204.58,10,204.59,7,204.6,2,204.61,2,204.63,2,204.64,6
2020-10-29 09:31:10,204.475,204.45,1,204.45,1,204.5,5,204.5,204.45,204.45,1,204.43,11,204.42,10,204.41,1,204.4,1,204.39,3,204.38,1,204.36,1,204.35,1,204.34,14,204.5,5,204.52,1,204.55,1,204.57,6,204.58,10,204.59,7,204.6,2,204.61,2,204.63,2,204.64,6
2020-10-29 09:31:11,204.35,204.41,1,204.32,7,204.38,2,204.38,204.32,204.32,7,204.31,2,204.3,2,204.29,7,204.28,1,204.24,3,204.22,2,204.21,3,204.15,2,204.11,3,204.38,2,204.41,11,204.42,9,204.43,3,204.45,6,204.46,4,204.47,4,204.49,2,204.5,5,204.52,1
2020-10-29 09:31:12,204.445,204.46,1,204.4,8,204.49,3,204.49,204.4,204.4,8,204.39,15,204.38,8,204.37,9,204.36,4,204.35,7,204.34,4,204.33,2,204.32,7,204.31,2,204.49,3,204.5,5,204.52,1,204.55,1,204.57,6,204.58,10,204.59,7,204.6,2,204.61,2,204.63,2
2020-10-29 09:31:13,204.455,204.46,2,204.41,1,204.5,9,204.5,204.41,204.41,1,204.4,5,204.39,15,204.38,8,204.37,9,204.36,4,204.35,7,204.34,4,204.33,2,204.32,7,204.5,9,204.52,1,204.55,1,204.57,6,204.58,10,204.59,7,204.6,2,204.61,2,204.63,2,204.64,6
2020-10-29 09:31:14,204.43,204.4,1,204.4,6,204.46,7,204.46,204.4,204.4,6,204.39,15,204.38,8,204.37,9,204.36,4,204.35,7,204.34,4,204.33,2,204.32,7,204.31,2,204.46,7,204.49,4,204.5,10,204.52,1,204.55,1,204.57,6,204.58,10,204.59,7,204.6,2,204.61,2
2020-10-29 09:31:15,204.45,204.41,20,204.4,9,204.5,12,204.5,204.4,204.4,9,204.39,15,204.38,8,204.37,9,204.36,4,204.35,7,204.34,4,204.33,2,204.32,7,204.31,2,204.5,12,204.52,1,204.55,1,204.57,6,204.58,10,204.59,7,204.6,2,204.61,2,204.63,2,204.64,6
2020-10-29 09:31:16,204.395,204.43,1,204.36,3,204.43,1,204.43,204.36,204.36,3,204.35,11,204.34,4,204.33,2,204.32,7,204.31,2,204.3,2,204.29,7,204.28,1,204.24,3,204.43,1,204.45,10,204.46,8,204.47,6,204.48,5,204.49,1,204.5,12,204.52,1,204.55,1,204.57,6
2020-10-29 09:31:17,204.43,204.45,1,204.39,1,204.47,6,204.47,204.39,204.39,1,204.36,3,204.35,11,204.34,4,204.33,2,204.32,7,204.31,2,204.3,2,204.29,7,204.28,1,204.47,6,204.48,5,204.49,1,204.5,12,204.52,1,204.55,1,204.57,6,204.58,10,204.59,7,204.6,2
2020-10-29 09:31:18,204.43,204.41,2,204.38,1,204.48,7,204.48,204.38,204.38,1,204.36,3,204.35,11,204.34,4,204.33,2,204.32,7,204.31,2,204.3,2,204.29,7,204.28,1,204.48,7,204.49,1,204.5,12,204.52,1,204.55,1,204.57,6,204.58,10,204.59,7,204.6,2,204.61,2
2020-10-29 09:31:19,204.425,204.45,1,204.38,6,204.47,1,204.47,204.38,204.38,6,204.36,3,204.35,11,204.34,4,204.33,2,204.32,7,204.31,2,204.3,2,204.29,7,204.28,1,204.47,1,204.48,11,204.49,1,204.5,12,204.52,1,204.55,1,204.57,6,204.58,10,204.59,7,204.6,2
2020-10-29 09:31:20,204.43,204.38,5,204.38,7,204.48,5,204.48,204.38,204.38,7,204.36,3,204.35,11,204.34,4,204.33,2,204.32,7,204.31,2,204.3,2,204.29,7,204.28,1,204.48,5,204.49,8,204.5,12,204.52,1,204.55,1,204.57,6,204.58,10,204.59,7,204.6,2,204.61,2
2020-10-29 09:31:21,204.44,204.4,3,204.4,9,204.48,5,204.48,204.4,204.4,9,204.39,10,204.38,7,204.36,3,204.35,11,204.34,4,204.33,2,204.32,7,204.31,2,204.3,2,204.48,5,204.49,8,204.5,12,204.52,1,204.55,1,204.57,6,204.58,10,204.59,7,204.6,2,204.61,2
2020-10-29 09:31:22,204.425,204.41,1,204.4,7,204.45,1,204.45,204.4,204.4,7,204.39,10,204.38,7,204.36,3,204.35,11,204.34,4,204.33,2,204.32,7,204.31,2,204.3,2,204.45,1,204.47,2,204.48,2,204.49,8,204.5,12,204.52,1,204.55,1,204.57,6,204.58,10,204.59,7
2020-10-29 09:31:23,204.445,204.45,1,204.41,7,204.48,2,204.48,204.41,204.41,7,204.4,7,204.39,10,204.38,7,204.36,3,204.35,11,204.34,4,204.33,2,204.32,7,204.31,2,204.48,2,204.49,5,204.5,12,204.52,1,204.55,1,204.57,6,204.58,10,204.59,7,204.6,2,204.61,2
2020-10-29 09:31:24,204.455,204.48,1,204.43,7,204.48,3,204.48,204.43,204.43,7,204.41,7,204.4,7,204.39,10,204.38,7,204.36,3,204.35,11,204.34,4,204.33,2,204.32,7,204.48,3,204.49,5,204.5,12,204.52,1,204.55,1,204.57,6,204.58,10,204.59,7,204.6,2,204.61,2
2020-10-29 09:31:25,204.405,204.42,2,204.38,7,204.43,2,204.43,204.38,204.38,7,204.36,3,204.35,11,204.34,4,204.33,2,204.32,7,204.31,2,204.3,2,204.29,7,204.28,1,204.43,2,204.45,6,204.46,3,204.47,2,204.48,1,204.5,9,204.52,1,204.55,1,204.57,6,204.58,10
2020-10-29 09:31:26,204.41,204.41,1,204.38,2,204.44,2,204.44,204.38,204.38,2,204.36,1,204.34,5,204.33,2,204.32,7,204.31,2,204.3,2,204.29,7,204.28,1,204.24,3,204.44,2,204.45,3,204.46,2,204.48,12,204.49,1,204.5,10,204.52,1,204.55,1,204.57,6,204.58,10
2020-10-29 09:31:27,204.41,204.38,1,204.36,1,204.46,6,204.46,204.36,204.36,1,204.34,1,204.33,5,204.32,7,204.31,2,204.3,2,204.29,7,204.28,1,204.24,3,204.22,2,204.46,6,204.47,1,204.48,7,204.49,1,204.5,10,204.52,1,204.55,1,204.57,6,204.58,10,204.59,7
2020-10-29 09:31:28,204.37,204.36,1,204.3,1,204.44,1,204.44,204.3,204.3,1,204.29,8,204.28,1,204.24,3,204.22,2,204.21,3,204.15,2,204.11,3,204.1,1,204.09,1,204.44,1,204.46,6,204.47,1,204.48,7,204.49,1,204.5,10,204.52,1,204.55,1,204.57,6,204.58,10
2020-10-29 09:31:29,204.45,204.48,1,204.42,2,204.48,11,204.48,204.42,204.42,2,204.41,2,204.4,3,204.33,4,204.31,1,204.3,1,204.29,8,204.28,1,204.24,3,204.22,2,204.48,11,204.49,1,204.5,10,204.52,1,204.55,1,204.57,6,204.58,10,204.59,7,204.6,2,204.61,2
2020-10-29 09:31:30,204.44,204.45,2,204.42,2,204.46,2,204.46,204.42,204.42,2,204.41,2,204.4,3,204.33,4,204.31,1,204.3,1,204.29,8,204.28,1,204.24,3,204.22,2,204.46,2,204.47,6,204.48,10,204.49,1,204.5,10,204.52,1,204.55,1,204.57,6,204.58,10,204.59,7
2020-10-29 09:31:31,204.405,204.36,5,204.33,7,204.48,12,204.48,204.33,204.33,7,204.31,1,204.3,1,204.29,8,204.28,1,204.24,3,204.22,2,204.21,3,204.15,2,204.11,3,204.48,12,204.49,1,204.5,10,204.52,1,204.55,1,204.57,6,204.58,10,204.59,7,204.6,2,204.61,2
2020-10-29 09:31:32,204.435,204.45,2,204.41,7,204.46,6,204.46,204.41,204.41,7,204.33,8,204.31,1,204.3,1,204.29,8,204.28,1,204.24,3,204.22,2,204.21,3,204.15,2,204.46,6,204.47,8,204.48,12,204.49,1,204.5,10,204.52,1,204.55,1,204.57,6,204.58,10,204.59,7
2020-10-29 09:31:33,204.435,204.45,1,204.41,7,204.46,6,204.46,204.41,204.41,7,204.33,8,204.31,1,204.3,1,204.29,8,204.28,1,204.24,3,204.22,2,204.21,3,204.15,2,204.46,6,204.47,8,204.48,12,204.49,1,204.5,10,204.52,1,204.55,1,204.57,6,204.58,10,204.59,7
2020-10-29 09:31:34,204.375,204.38,2,204.33,9,204.42,2,204.42,204.33,204.33,9,204.31,1,204.3,1,204.29,8,204.28,1,204.24,3,204.22,2,204.21,3,204.15,2,204.11,3,204.42,2,204.43,1,204.44,9,204.45,1,204.46,6,204.47,8,204.48,12,204.49,1,204.5,10,204.52,1
2020-10-29 09:31:35,204.38,204.36,2,204.34,1,204.42,3,204.42,204.34,204.34,1,204.33,1,204.32,1,204.28,2,204.24,3,204.22,2,204.21,3,204.15,2,204.11,3,204.1,1,204.42,3,204.43,1,204.44,9,204.45,1,204.46,6,204.47,8,204.48,12,204.49,1,204.5,10,204.52,1
2020-10-29 09:31:36,204.375,204.41,2,204.33,1,204.42,3,204.42,204.33,204.33,1,204.32,1,204.28,2,204.24,3,204.22,2,204.21,3,204.15,2,204.11,3,204.1,1,204.09,1,204.42,3,204.43,1,204.44,9,204.45,1,204.46,6,204.47,8,204.48,12,204.49,1,204.5,10,204.52,1
2020-10-29 09:31:37,204.365,204.39,1,204.34,1,204.39,6,204.39,204.34,204.34,1,204.33,1,204.32,1,204.31,2,204.27,4,204.24,3,204.22,2,204.21,3,204.15,2,204.11,3,204.39,6,204.4,8,204.41,6,204.42,11,204.43,1,204.44,9,204.45,1,204.46,6,204.47,8,204.48,12
2020-10-29 09:31:38,204.385,204.38,1,204.36,2,204.41,3,204.41,204.36,204.36,2,204.35,1,204.34,2,204.33,1,204.32,1,204.31,2,204.27,4,204.24,3,204.22,2,204.21,3,204.41,3,204.42,19,204.43,1,204.44,9,204.45,1,204.46,6,204.47,8,204.48,12,204.49,1,204.5,10
2020-10-29 09:31:39,204.435,204.42,1,204.42,8,204.45,2,204.45,204.42,204.42,8,204.41,6,204.4,2,204.39,4,204.37,1,204.36,4,204.35,1,204.34,2,204.33,1,204.32,1,204.45,2,204.46,6,204.47,8,204.48,12,204.49,1,204.5,10,204.52,1,204.55,1,204.57,6,204.58,10
2020-10-29 09:31:40,204.365,204.41,3,204.34,2,204.39,3,204.39,204.34,204.34,2,204.33,1,204.32,1,204.31,2,204.27,4,204.24,3,204.22,2,204.21,3,204.15,2,204.11,3,204.39,3,204.4,12,204.41,30,204.42,13,204.43,6,204.44,15,204.45,8,204.46,9,204.47,8,204.48,12
2020-10-29 09:31:41,204.295,204.3,4,204.25,1,204.34,4,204.34,204.25,204.25,1,204.23,2,204.22,2,204.21,3,204.15,2,204.11,3,204.1,1,204.09,1,204.08,1,204.07,1,204.34,4,204.35,6,204.37,3,204.38,8,204.39,3,204.41,30,204.42,13,204.43,6,204.44,15,204.45,8
2020-10-29 09:31:42,204.265,204.23,1,204.23,4,204.3,4,204.3,204.23,204.23,4,204.22,2,204.21,3,204.15,2,204.11,3,204.1,1,204.09,1,204.08,1,204.07,1,204.03,2,204.3,4,204.34,4,204.35,6,204.37,3,204.38,8,204.39,3,204.41,30,204.42,13,204.43,6,204.44,15
2020-10-29 09:31:43,204.26,204.24,1,204.23,3,204.29,1,204.29,204.23,204.23,3,204.22,2,204.21,3,204.15,2,204.11,3,204.1,1,204.09,1,204.08,1,204.07,1,204.03,2,204.29,1,204.3,7,204.34,4,204.35,6,204.37,3,204.38,8,204.39,3,204.41,30,204.42,13,204.43,6
2020-10-29 09:31:44,204.2,204.21,1,204.17,1,204.23,5,204.23,204.17,204.17,1,204.16,2,204.14,1,204.11,3,204.1,1,204.09,1,204.08,1,204.07,1,204.03,2,204.02,1,204.23,5,204.25,5,204.26,6,204.27,1,204.28,1,204.3,7,204.34,4,204.35,6,204.37,3,204.38,8
2020-10-29 09:31:45,204.145,204.15,40,204.1,2,204.19,3,204.19,204.1,204.1,2,204.09,1,204.08,1,204.07,1,204.03,2,204.02,1,204.01,3,204.0,3,203.99,1,203.98,1,204.19,3,204.2,2,204.22,4,204.23,6,204.25,5,204.26,6,204.27,1,204.28,1,204.3,7,204.34,4
2020-10-29 09:31:46,204.16,204.15,1,204.13,1,204.19,3,204.19,204.13,204.13,1,204.09,4,204.08,1,204.07,1,204.03,2,204.02,1,204.01,3,204.0,3,203.99,1,203.98,1,204.19,3,204.2,2,204.22,4,204.23,6,204.25,5,204.26,6,204.27,1,204.28,1,204.3,7,204.34,4
2020-10-29 09:31:47,204.205,204.25,1,204.17,7,204.24,1,204.24,204.17,204.17,7,204.16,9,204.15,5,204.14,8,204.13,5,204.09,4,204.08,1,204.07,1,204.03,2,204.02,1,204.24,1,204.26,4,204.27,1,204.28,1,204.3,7,204.34,4,204.35,6,204.37,3,204.38,8,204.39,3
2020-10-29 09:31:48,204.185,204.14,2,204.14,4,204.23,6,204.23,204.14,204.14,4,204.13,8,204.09,4,204.08,1,204.07,1,204.03,2,204.02,1,204.01,3,204.0,3,203.99,1,204.23,6,204.24,3,204.25,6,204.26,4,204.27,1,204.28,1,204.3,7,204.34,4,204.35,6,204.37,3
2020-10-29 09:31:49,204.185,204.19,7,204.15,2,204.22,10,204.22,204.15,204.15,2,204.14,4,204.13,8,204.09,4,204.08,1,204.07,1,204.03,2,204.02,1,204.01,3,204.0,3,204.22,10,204.24,9,204.25,7,204.26,4,204.27,1,204.28,1,204.3,7,204.34,4,204.35,6,204.37,3
2020-10-29 09:31:50,204.2,204.22,1,204.16,8,204.24,39,204.24,204.16,204.16,8,204.15,3,204.14,4,204.13,8,204.09,4,204.08,1,204.07,1,204.03,2,204.02,1,204.01,3,204.24,39,204.25,7,204.26,4,204.27,1,204.28,1,204.3,7,204.34,4,204.35,6,204.37,3,204.38,8
2020-10-29 09:31:51,204.2,204.23,1,204.17,6,204.23,7,204.23,204.17,204.17,6,204.16,9,204.15,3,204.14,4,204.13,8,204.09,4,204.08,1,204.07,1,204.03,2,204.02,1,204.23,7,204.24,39,204.25,7,204.26,4,204.27,1,204.28,1,204.3,7,204.34,4,204.35,6,204.37,3
2020-10-29 09:31:52,204.195,204.18,1,204.17,1,204.22,1,204.22,204.17,204.17,1,204.16,1,204.15,7,204.14,4,204.13,8,204.09,4,204.08,1,204.07,1,204.03,2,204.02,1,204.22,1,204.23,2,204.24,39,204.25,7,204.26,4,204.27,1,204.28,1,204.3,7,204.34,4,204.35,6
2020-10-29 09:31:53,204.195,204.17,1,204.17,4,204.22,1,204.22,204.17,204.17,4,204.16,1,204.15,7,204.14,4,204.13,8,204.09,4,204.08,1,204.07,1,204.03,2,204.02,1,204.22,1,204.23,4,204.24,39,204.25,7,204.26,4,204.27,1,204.28,1,204.3,7,204.34,4,204.35,6
2020-10-29 09:31:54,204.105,204.07,9,204.07,3,204.14,8,204.14,204.07,204.07,3,204.06,4,204.03,2,204.02,1,204.01,3,204.0,3,203.99,1,203.98,1,203.97,3,203.96,2,204.14,8,204.15,5,204.16,8,204.17,9,204.18,6,204.19,6,204.2,1,204.21,2,204.22,3,204.23,4
2020-10-29 09:31:55,204.1,204.14,1,204.07,4,204.13,6,204.13,204.07,204.07,4,204.06,4,204.03,2,204.02,1,204.01,3,204.0,3,203.99,1,203.98,1,203.97,3,203.96,2,204.13,6,204.14,2,204.15,5,204.16,8,204.17,9,204.18,6,204.19,6,204.2,1,204.21,2,204.22,3
2020-10-29 09:31:56,204.12,204.12,2,204.08,3,204.16,8,204.16,204.08,204.08,3,204.07,10,204.06,4,204.03,2,204.02,1,204.01,3,204.0,3,203.99,1,203.98,1,203.97,3,204.16,8,204.17,9,204.18,6,204.19,6,204.2,1,204.21,2,204.22,3,204.23,4,204.24,39,204.25,7
2020-10-29 09:31:57,203.99,203.96,1,203.96,1,204.02,5,204.02,203.96,203.96,1,203.95,4,203.94,3,203.93,3,203.92,2,203.91,3,203.9,3,203.83,12,203.82,5,203.8,14,204.02,5,204.03,5,204.04,6,204.08,8,204.09,3,204.1,1,204.12,9,204.13,1,204.14,7,204.15,1
2020-10-29 09:31:58,203.955,203.92,1,203.92,8,203.99,6,203.99,203.92,203.92,8,203.91,11,203.9,6,203.83,12,203.82,5,203.8,14,203.73,1,203.72,3,203.66,1,203.65,3,203.99,6,204.0,10,204.01,1,204.02,2,204.03,5,204.04,6,204.08,8,204.09,3,204.1,1,204.12,9
2020-10-29 09:31:59,203.89,203.92,3,203.86,2,203.92,5,203.92,203.86,203.86,2,203.85,1,203.83,1,203.81,4,203.8,14,203.73,1,203.72,3,203.66,1,203.65,3,203.54,2,203.92,5,203.93,2,203.94,1,203.96,1,203.97,4,203.98,4,203.99,3,204.0,10,204.01,1,204.02,2
2020-10-29 09:32:00,203.935,203.92,10,203.88,2,203.99,1,203.99,203.88,203.88,2,203.87,7,203.86,3,203.85,1,203.83,1,203.81,4,203.8,14,203.73,1,203.72,3,203.66,1,203.99,1,204.01,5,204.02,2,204.03,5,204.04,6,204.08,8,204.09,3,204.1,1,204.12,9,204.13,1
2020-10-29 09:32:01,204.02,204.1,2,203.97,1,204.07,9,204.07,203.97,203.97,1,203.96,11,203.95,7,203.94,15,203.93,12,203.92,6,203.91,1,203.88,2,203.87,7,203.86,3,204.07,9,204.08,6,204.09,12,204.1,3,204.11,9,204.12,10,204.13,1,204.14,7,204.15,1,204.16,8
2020-10-29 09:32:02,204.175,204.17,1,204.15,1,204.2,6,204.2,204.15,204.15,1,204.14,2,204.13,1,204.07,12,204.06,8,204.05,7,204.04,1,204.01,1,204.0,1,203.99,8,204.2,6,204.21,2,204.22,3,204.23,4,204.24,39,204.25,7,204.26,4,204.27,1,204.28,1,204.3,7
2020-10-29 09:32:03,204.275,204.28,1,204.25,9,204.3,10,204.3,204.25,204.25,9,204.24,1,204.23,4,204.21,8,204.2,12,204.19,1,204.17,5,204.16,9,204.15,7,204.14,2,204.3,10,204.34,4,204.35,6,204.37,3,204.38,8,204.39,3,204.41,30,204.42,13,204.43,6,204.44,15
2020-10-29 09:32:04,204.3,204.3,2,204.27,3,204.33,4,204.33,204.27,204.27,3,204.26,14,204.25,4,204.24,4,204.23,4,204.21,8,204.2,12,204.19,1,204.17,5,204.16,9,204.33,4,204.34,1,204.35,2,204.36,2,204.37,3,204.38,8,204.39,3,204.41,30,204.42,13,204.43,6
2020-10-29 09:32:05,204.335,204.31,2,204.29,4,204.38,6,204.38,204.29,204.29,4,204.28,8,204.27,7,204.26,14,204.25,4,204.24,4,204.23,4,204.21,8,204.2,12,204.19,1,204.38,6,204.39,3,204.41,30,204.42,13,204.43,6,204.44,15,204.45,8,204.46,9,204.47,8,204.48,12
2020-10-29 09:32:06,204.27,204.27,1,204.23,8,204.31,7,204.31,204.23,204.23,8,204.21,8,204.2,12,204.19,1,204.17,5,204.16,9,204.15,7,204.14,2,204.13,1,204.07,12,204.31,7,204.32,7,204.33,10,204.34,4,204.35,3,204.37,3,204.38,6,204.39,3,204.41,30,204.42,13
2020-10-29 09:32:07,204.225,204.27,1,204.2,11,204.25,4,204.25,204.2,204.2,11,204.19,1,204.17,5,204.16,9,204.15,7,204.14,2,204.13,1,204.07,12,204.06,8,204.05,7,204.25,4,204.26,3,204.29,1,204.3,5,204.31,10,204.32,7,204.33,10,204.34,4,204.35,3,204.37,3
2020-10-29 09:32:08,204.24,204.23,1,204.22,1,204.26,1,204.26,204.22,204.22,1,204.21,1,204.2,11,204.19,1,204.17,5,204.16,9,204.15,7,204.14,2,204.13,1,204.07,12,204.26,1,204.27,1,204.28,12,204.29,1,204.3,5,204.31,10,204.32,7,204.33,10,204.34,4,204.35,3
2020-10-29 09:32:09,204.215,204.23,1,204.17,5,204.26,3,204.26,204.17,204.17,5,204.16,9,204.15,7,204.14,2,204.13,1,204.07,12,204.06,8,204.05,7,204.04,1,204.01,1,204.26,3,204.27,6,204.28,8,204.29,1,204.3,5,204.31,10,204.32,7,204.33,10,204.34,4,204.35,3
2020-10-29 09:32:10,204.18,204.17,2,204.12,2,204.24,6,204.24,204.12,204.12,2,204.1,4,204.07,12,204.06,8,204.05,7,204.04,1,204.01,1,204.0,1,203.99,8,203.98,6,204.24,6,204.25,1,204.26,6,204.27,1,204.28,8,204.29,1,204.3,5,204.31,10,204.32,7,204.33,10
2020-10-29 09:32:11,204.165,204.15,4,204.1,4,204.23,1,204.23,204.1,204.1,4,204.07,12,204.06,8,204.05,7,204.04,1,204.01,1,204.0,1,203.99,8,203.98,6,203.97,7,204.23,1,204.24,6,204.25,1,204.26,6,204.27,1,204.28,8,204.29,1,204.3,5,204.31,10,204.32,7
2020-10-29 09:32:12,204.07,204.07,4,204.01,1,204.13,3,204.13,204.01,204.01,1,204.0,1,203.99,8,203.98,6,203.97,7,203.96,12,203.95,7,203.94,15,203.93,12,203.92,6,204.13,3,204.14,8,204.15,3,204.16,1,204.17,5,204.23,1,204.24,6,204.25,1,204.26,6,204.27,1
2020-10-29 09:32:13,204.105,204.11,1,204.04,2,204.17,7,204.17,204.04,204.04,2,204.02,1,204.01,1,204.0,1,203.99,8,203.98,6,203.97,7,203.96,12,203.95,7,203.94,15,204.17,7,204.23,1,204.24,6,204.25,1,204.26,6,204.27,1,204.28,8,204.29,1,204.3,5,204.31,10
2020-10-29 09:32:14,204.11,204.1,5,204.05,3,204.17,10,204.17,204.05,204.05,3,204.04,2,204.02,1,204.01,1,204.0,1,203.99,8,203.98,6,203.97,7,203.96,12,203.95,7,204.17,10,204.19,2,204.23,1,204.24,6,204.25,1,204.26,6,204.27,1,204.28,8,204.29,1,204.3,5
2020-10-29 09:32:15,204.08,204.09,5,204.04,1,204.12,9,204.12,204.04,204.04,1,204.02,1,204.01,1,204.0,1,203.99,8,203.98,6,203.97,7,203.96,12,203.95,7,203.94,15,204.12,9,204.13,6,204.14,2,204.15,3,204.16,6,204.17,3,204.19,2,204.23,1,204.24,6,204.25,1
2020-10-29 09:32:16,204.075,204.09,1,204.02,8,204.13,4,204.13,204.02,204.02,8,204.01,15,204.0,6,203.99,9,203.98,6,203.97,7,203.96,12,203.95,7,203.94,15,203.93,12,204.13,4,204.14,2,204.15,3,204.16,6,204.17,3,204.19,2,204.23,1,204.24,6,204.25,1,204.26,6
2020-10-29 09:32:17,204.06,204.07,1,204.03,1,204.09,10,204.09,204.03,204.03,1,204.01,7,204.0,2,203.95,11,203.94,15,203.93,12,203.92,6,203.91,1,203.88,2,203.87,7,204.09,10,204.1,7,204.13,3,204.14,3,204.15,3,204.16,6,204.17,3,204.19,2,204.23,1,204.24,6
2020-10-29 09:32:18,204.045,204.03,5,204.0,2,204.09,10,204.09,204.0,204.0,2,203.95,11,203.94,15,203.93,12,203.92,6,203.91,1,203.88,2,203.87,7,203.86,3,203.85,1,204.09,10,204.1,7,204.13,3,204.14,3,204.15,3,204.16,6,204.17,3,204.19,2,204.23,1,204.24,6
2020-10-29 09:32:19,203.905,203.88,2,203.88,4,203.93,3,203.93,203.88,203.88,4,203.87,7,203.86,3,203.85,1,203.83,1,203.81,4,203.8,14,203.73,1,203.72,3,203.66,1,203.93,3,203.94,3,203.95,6,203.96,8,203.97,10,203.98,5,203.99,7,204.0,2,204.01,7,204.02,3
2020-10-29 09:32:20,203.875,203.88,7,203.81,6,203.94,12,203.94,203.81,203.81,6,203.8,14,203.73,1,203.72,3,203.66,1,203.65,3,203.54,2,203.5,4,,,,,203.94,12,203.95,6,203.96,8,203.97,10,203.98,5,203.99,7,204.0,2,204.01,7,204.02,3,204.03,5
2020-10-29 09:32:21,203.855,203.87,1,203.81,7,203.9,4,203.9,203.81,203.81,7,203.8,14,203.73,1,203.72,3,203.66,1,203.65,3,203.54,2,203.5,4,,,,,203.9,4,203.91,10,203.92,4,203.93,5,203.94,12,203.95,6,203.96,8,203.97,10,203.98,5,203.99,7
2020-10-29 09:32:22,203.87,203.88,2,203.84,2,203.9,9,203.9,203.84,203.84,2,203.83,1,203.82,7,203.81,7,203.8,11,203.73,1,203.72,3,203.66,1,203.65,3,203.54,2,203.9,9,203.91,5,203.92,4,203.93,5,203.94,12,203.95,6,203.96,8,203.97,10,203.98,5,203.99,7
2020-10-29 09:32:23,203.83,203.82,1,203.8,11,203.86,1,203.86,203.8,203.8,11,203.73,1,203.72,3,203.66,1,203.65,3,203.54,2,203.5,4,,,,,,,203.86,1,203.9,16,203.91,8,203.92,4,203.93,5,203.94,12,203.95,6,203.96,8,203.97,10,203.98,5
2020-10-29 09:32:24,203.745,203.77,1,203.71,3,203.78,1,203.78,203.71,203.71,3,203.66,1,203.65,3,203.54,2,203.5,4,,,,,,,,,,,203.78,1,203.79,11,203.8,2,203.81,1,203.82,8,203.83,7,203.84,1,203.86,3,203.87,1,203.9,14
2020-10-29 09:32:25,203.795,203.77,1,203.76,5,203.83,7,203.83,203.76,203.76,5,203.75,2,203.74,5,203.73,3,203.71,3,203.66,1,203.65,3,203.54,2,203.5,4,,,203.83,7,203.86,3,203.87,1,203.9,14,203.91,8,203.92,4,203.93,5,203.94,12,203.95,6,203.96,8
2020-10-29 09:32:26,203.885,203.86,1,203.85,2,203.92,3,203.92,203.85,203.85,2,203.82,13,203.81,5,203.77,3,203.75,6,203.74,5,203.73,3,203.71,3,203.66,1,203.65,3,203.92,3,203.93,5,203.94,12,203.95,6,203.96,8,203.97,10,203.98,5,203.99,7,204.0,2,204.01,7
2020-10-29 09:32:27,203.89,203.93,1,203.86,1,203.92,1,203.92,203.86,203.86,1,203.83,2,203.82,13,203.81,5,203.77,3,203.75,6,203.74,5,203.73,3,203.71,3,203.66,1,203.92,1,203.93,1,203.94,3,203.96,3,203.97,10,203.98,5,203.99,7,204.0,2,204.01,7,204.02,3
2020-10-29 09:32:28,203.885,203.9,1,203.86,1,203.91,7,203.91,203.86,203.86,1,203.83,2,203.82,13,203.81,5,203.77,3,203.75,6,203.74,5,203.73,3,203.71,3,203.66,1,203.91,7,203.92,8,203.93,1,203.94,3,203.96,3,203.97,10,203.98,5,203.99,7,204.0,2,204.01,7
2020-10-29 09:32:29,203.925,203.96,1,203.89,9,203.96,6,203.96,203.89,203.89,9,203.88,7,203.87,2,203.86,4,203.83,2,203.82,13,203.81,5,203.77,3,203.75,6,203.74,5,203.96,6,203.97,10,203.98,5,203.99,7,204.0,2,204.01,7,204.02,3,204.03,5,204.04,6,204.05,3
2020-10-29 09:32:30,203.95,203.94,1,203.92,4,203.98,10,203.98,203.92,203.92,4,203.91,6,203.89,11,203.88,7,203.87,2,203.86,4,203.83,2,203.82,13,203.81,5,203.77,3,203.98,10,203.99,11,204.0,2,204.01,7,204.02,3,204.03,5,204.04,6,204.05,3,204.06,6,204.07,6
2020-10-29 09:32:31,203.965,203.99,1,203.93,2,204.0,7,204.0,203.93,203.93,2,203.92,6,203.91,6,203.89,11,203.88,7,203.87,2,203.86,4,203.83,2,203.82,13,203.81,5,204.0,7,204.01,7,204.02,3,204.03,5,204.04,6,204.05,3,204.06,6,204.07,6,204.08,12,204.09,3
2020-10-29 09:32:32,203.91,203.92,1,203.89,12,203.93,3,203.93,203.89,203.89,12,203.88,7,203.87,2,203.86,4,203.83,2,203.82,13,203.81,5,203.77,3,203.75,6,203.74,5,203.93,3,203.94,9,203.95,12,203.96,7,203.97,10,203.98,9,203.99,1,204.0,7,204.01,7,204.02,3
2020-10-29 09:32:33,203.905,203.93,1,203.88,7,203.93,2,203.93,203.88,203.88,7,203.87,6,203.86,4,203.83,2,203.82,13,203.81,5,203.77,3,203.75,6,203.74,5,203.73,3,203.93,2,203.94,9,203.95,12,203.96,7,203.97,10,203.98,9,203.99,1,204.0,7,204.01,7,204.02,3
2020-10-29 09:32:34,203.905,203.9,13,203.88,7,203.93,5,203.93,203.88,203.88,7,203.87,6,203.86,4,203.83,2,203.82,13,203.81,5,203.77,3,203.75,6,203.74,5,203.73,3,203.93,5,203.94,9,203.95,12,203.96,7,203.97,10,203.98,9,203.99,1,204.0,7,204.01,7,204.02,3
2020-10-29 09:32:35,203.905,203.88,2,203.88,7,203.93,4,203.93,203.88,203.88,7,203.87,6,203.86,4,203.83,2,203.82,13,203.81,5,203.77,3,203.75,6,203.74,5,203.73,3,203.93,4,203.94,9,203.95,12,203.96,7,203.97,10,203.98,9,203.99,1,204.0,7,204.01,7,204.02,3
2020-10-29 09:32:36,203.92,203.93,1,203.89,7,203.95,9,203.95,203.89,203.89,7,203.88,9,203.87,6,203.86,4,203.83,2,203.82,13,203.81,5,203.77,3,203.75,6,203.74,5,203.95,9,203.96,7,203.97,10,203.98,9,203.99,1,204.0,7,204.01,7,204.02,3,204.03,5,204.04,6
2020-10-29 09:32:37,203.94,203.95,3,203.9,3,203.98,6,203.98,203.9,203.9,3,203.89,9,203.88,9,203.87,6,203.86,4,203.83,2,203.82,13,203.81,5,203.77,3,203.75,6,203.98,6,203.99,1,204.0,7,204.01,7,204.02,3,204.03,5,204.04,6,204.05,3,204.06,6,204.07,6
2020-10-29 09:32:38,203.985,203.96,1,203.95,1,204.02,5,204.02,203.95,203.95,1,203.94,2,203.93,1,203.91,1,203.9,3,203.89,9,203.88,9,203.87,6,203.86,4,203.83,2,204.02,5,204.03,5,204.04,6,204.05,3,204.06,6,204.07,6,204.08,12,204.09,3,204.1,10,204.13,3
2020-10-29 09:32:39,203.985,203.99,5,203.95,2,204.02,1,204.02,203.95,203.95,2,203.94,2,203.93,1,203.91,1,203.9,3,203.89,9,203.88,9,203.87,6,203.86,4,203.83,2,204.02,1,204.03,2,204.04,7,204.05,3,204.06,6,204.07,6,204.08,12,204.09,3,204.1,10,204.13,3
2020-10-29 09:32:40,203.83,203.83,1,203.79,5,203.87,7,203.87,203.79,203.79,5,203.77,3,203.75,6,203.74,5,203.73,3,203.71,3,203.66,1,203.65,3,203.54,2,203.5,4,203.87,7,203.88,10,203.9,1,203.91,2,203.92,9,203.93,1,203.94,15,203.95,13,203.96,13,203.97,1
2020-10-29 09:32:41,203.78,203.78,1,203.75,6,203.81,1,203.81,203.75,203.75,6,203.74,5,203.73,3,203.71,3,203.66,1,203.65,3,203.54,2,203.5,4,,,,,203.81,1,203.82,6,203.83,4,203.84,3,203.86,3,203.87,9,203.88,10,203.9,1,203.91,2,203.92,9
2020-10-29 09:32:42,203.675,203.69,3,203.65,5,203.7,9,203.7,203.65,203.65,5,203.54,2,203.5,4,,,,,,,,,,,,,,,203.7,9,203.71,9,203.72,1,203.73,3,203.74,2,203.75,15,203.76,2,203.77,3,203.79,3,203.8,3
2020-10-29 09:32:43,203.705,203.71,2,203.66,2,203.75,12,203.75,203.66,203.66,2,203.65,4,203.54,2,203.5,4,,,,,,,,,,,,,203.75,12,203.76,2,203.77,3,203.79,3,203.8,3,203.81,3,203.82,6,203.83,4,203.84,3,203.86,3
2020-10-29 09:32:44,203.72,203.72,1,203.69,2,203.75,1,203.75,203.69,203.69,2,203.66,2,203.65,4,203.54,2,203.5,4,,,,,,,,,,,203.75,1,203.77,5,203.79,3,203.8,3,203.81,3,203.82,6,203.83,4,203.84,3,203.86,3,203.87,9
2020-10-29 09:32:45,203.69,203.7,5,203.66,2,203.72,2,203.72,203.66,203.66,2,203.65,4,203.54,2,203.5,4,,,,,,,,,,,,,203.72,2,203.74,2,203.75,8,203.77,5,203.79,3,203.8,3,203.81,3,203.82,6,203.83,4,203.84,3
2020-10-29 09:32:46,203.62,203.64,1,203.59,1,203.65,15,203.65,203.59,203.59,1,203.58,1,203.56,1,203.54,2,203.5,4,,,,,,,,,,,203.65,15,203.66,4,203.7,2,203.71,7,203.72,2,203.74,2,203.75,8,203.77,5,203.79,3,203.8,3
2020-10-29 09:32:47,203.7,203.7,1,203.66,2,203.74,2,203.74,203.66,203.66,2,203.63,1,203.61,4,203.6,2,203.59,1,203.57,1,203.56,1,203.54,2,203.5,4,,,203.74,2,203.75,9,203.77,5,203.79,3,203.8,3,203.81,3,203.82,6,203.83,4,203.84,3,203.86,3
2020-10-29 09:32:48,203.75,203.75,1,203.71,5,203.79,4,203.79,203.71,203.71,5,203.69,1,203.66,3,203.63,1,203.61,4,203.6,2,203.59,1,203.57,1,203.56,1,203.54,2,203.79,4,203.8,3,203.81,3,203.82,6,203.83,4,203.84,3,203.86,3,203.87,9,203.88,10,203.9,1
2020-10-29 09:32:49,203.81,203.83,2,203.78,6,203.84,4,203.84,203.78,203.78,6,203.77,6,203.76,1,203.74,7,203.73,2,203.71,5,203.69,1,203.66,3,203.63,1,203.61,4,203.84,4,203.86,3,203.87,9,203.88,10,203.9,1,203.91,2,203.92,9,203.93,1,203.94,15,203.95,13
2020-10-29 09:32:50,203.83,203.82,3,203.8,2,203.86,8,203.86,203.8,203.8,2,203.79,1,203.78,12,203.77,6,203.76,1,203.74,7,203.73,2,203.71,5,203.69,1,203.66,3,203.86,8,203.87,7,203.88,10,203.9,1,203.91,2,203.92,9,203.93,1,203.94,15,203.95,13,203.96,13
2020-10-29 09:32:51,203.835,203.81,1,203.8,5,203.87,4,203.87,203.8,203.8,5,203.79,1,203.78,12,203.77,6,203.76,1,203.74,7,203.73,2,203.71,5,203.69,1,203.66,3,203.87,4,203.88,10,203.9,1,203.91,2,203.92,9,203.93,1,203.94,15,203.95,13,203.96,13,203.97,1
2020-10-29 09:32:52,203.88,203.87,3,203.84,1,203.92,12,203.92,203.84,203.84,1,203.82,6,203.81,8,203.8,6,203.79,1,203.78,12,203.77,6,203.76,1,203.74,7,203.73,2,203.92,12,203.93,1,203.94,15,203.95,13,203.96,13,203.97,1,203.99,1,204.0,3,204.02,3,204.03,2
2020-10-29 09:32:53,203.89,203.9,1,203.86,5,203.92,11,203.92,203.86,203.86,5,203.85,10,203.84,7,203.82,6,203.81,8,203.8,6,203.79,1,203.78,12,203.77,6,203.76,1,203.92,11,203.93,1,203.94,15,203.95,13,203.96,13,203.97,1,203.99,1,204.0,3,204.02,3,204.03,2
2020-10-29 09:32:54,203.89,203.91,1,203.86,7,203.92,11,203.92,203.86,203.86,7,203.85,10,203.84,7,203.82,6,203.81,8,203.8,6,203.79,1,203.78,12,203.77,6,203.76,1,203.92,11,203.93,1,203.94,15,203.95,13,203.96,13,203.97,1,203.99,1,204.0,3,204.02,3,204.03,2
2020-10-29 09:32:55,203.945,203.95,1,203.9,6,203.99,2,203.99,203.9,203.9,6,203.89,6,203.88,2,203.86,5,203.85,10,203.84,7,203.82,6,203.81,8,203.8,6,203.79,1,203.99,2,204.0,3,204.02,3,204.03,2,204.04,7,204.05,3,204.06,6,204.07,6,204.08,12,204.09,3
2020-10-29 09:32:56,203.96,203.94,1,203.93,6,203.99,4,203.99,203.93,203.93,6,203.92,7,203.91,6,203.9,6,203.89,6,203.88,2,203.86,5,203.85,10,203.84,7,203.82,6,203.99,4,204.0,3,204.02,3,204.03,2,204.04,7,204.05,3,204.06,6,204.07,6,204.08,12,204.09,3
2020-10-29 09:32:57,204.02,204.03,1,203.99,7,204.05,1,204.05,203.99,203.99,7,203.98,7,203.97,2,203.96,1,203.94,8,203.93,6,203.92,7,203.91,6,203.9,6,203.89,6,204.05,1,204.06,2,204.07,6,204.08,12,204.09,3,204.1,10,204.13,3,204.14,3,204.15,3,204.16,6
2020-10-29 09:32:58,204.075,204.06,1,204.03,1,204.12,1,204.12,204.03,204.03,1,204.02,4,204.01,6,204.0,2,203.99,9,203.98,7,203.97,2,203.96,1,203.94,8,203.93,6,204.12,1,204.13,3,204.14,3,204.15,3,204.16,6,204.17,3,204.19,2,204.23,1,204.24,6,204.25,1
2020-10-29 09:32:59,203.95,203.99,1,203.92,2,203.98,2,203.98,203.92,203.92,2,203.9,5,203.89,6,203.88,2,203.86,5,203.85,10,203.84,7,203.82,6,203.81,8,203.8,6,203.98,2,203.99,5,204.0,5,204.01,6,204.02,3,204.03,1,204.04,1,204.05,7,204.06,3,204.07,2
2020-10-29 09:33:00,204.015,204.0,1,203.97,8,204.06,4,204.06,203.97,203.97,8,203.95,2,203.93,2,203.92,2,203.9,5,203.89,6,203.88,2,203.86,5,203.85,10,203.84,7,204.06,4,204.07,2,204.08,2,204.09,2,204.1,7,204.11,2,204.12,1,204.13,3,204.14,3,204.15,3
2020-10-29 09:33:01,204.01,204.03,1,203.98,2,204.04,8,204.04,203.98,203.98,2,203.97,6,203.95,2,203.93,2,203.92,2,203.9,5,203.89,6,203.88,2,203.86,5,203.85,10,204.04,8,204.05,5,204.06,1,204.07,2,204.08,2,204.09,2,204.1,7,204.11,2,204.12,1,204.13,3
2020-10-29 09:33:02,203.99,204.01,1,203.98,1,204.0,2,204.0,203.98,203.98,1,203.97,6,203.95,2,203.93,2,203.92,2,203.9,5,203.89,6,203.88,2,203.86,5,203.85,10,204.0,2,204.02,6,204.03,1,204.04,6,204.05,5,204.06,1,204.07,2,204.08,2,204.09,2,204.1,7
2020-10-29 09:33:03,204.1,204.13,1,204.07,3,204.13,5,204.13,204.07,204.07,3,204.03,1,204.0,1,203.99,1,203.97,6,203.95,2,203.93,2,203.92,2,203.9,5,203.89,6,204.13,5,204.14,5,204.15,1,204.16,5,204.17,3,204.19,2,204.23,1,204.24,6,204.25,1,204.26,6
2020-10-29 09:33:04,204.105,204.08,1,204.08,2,204.13,4,204.13,204.08,204.08,2,204.07,3,204.03,1,204.0,1,203.99,1,203.97,6,203.95,2,203.93,2,203.92,2,203.9,5,204.13,4,204.14,5,204.15,2,204.16,5,204.17,3,204.19,2,204.23,1,204.24,6,204.25,1,204.26,6
2020-10-29 09:33:05,204.145,204.16,3,204.1,1,204.19,3,204.19,204.1,204.1,1,204.08,3,204.07,3,204.03,1,204.0,1,203.99,1,203.97,6,203.95,2,203.93,2,203.92,2,204.19,3,204.23,1,204.24,6,204.25,1,204.26,6,204.27,1,204.28,8,204.29,1,204.3,5,204.31,10
2020-10-29 09:33:06,204.17,204.18,1,204.14,5,204.2,12,204.2,204.14,204.14,5,204.13,3,204.1,2,204.08,3,204.07,3,204.03,1,204.0,1,203.99,1,203.97,6,203.95,2,204.2,12,204.21,11,204.22,6,204.23,8,204.24,6,204.25,1,204.26,6,204.27,1,204.28,8,204.29,1
2020-10-29 09:33:07,204.205,204.21,1,204.16,1,204.25,6,204.25,204.16,204.16,1,204.14,12,204.13,3,204.1,2,204.08,3,204.07,3,204.03,1,204.0,1,203.99,1,203.97,6,204.25,6,204.26,6,204.27,1,204.28,8,204.29,1,204.3,5,204.31,10,204.32,7,204.33,10,204.34,4
2020-10-29 09:33:08,204.235,204.24,1,204.19,3,204.28,2,204.28,204.19,204.19,3,204.18,1,204.16,2,204.14,12,204.13,3,204.1,2,204.08,3,204.07,3,204.03,1,204.0,1,204.28,2,204.29,3,204.3,5,204.31,10,204.32,7,204.33,10,204.34,4,204.35,3,204.37,3,204.38,6
2020-10-29 09:33:09,204.18,204.24,1,204.14,12,204.22,8,204.22,204.14,204.14,12,204.13,3,204.1,2,204.08,3,204.07,3,204.03,1,204.0,1,203.99,1,203.97,6,203.95,2,204.22,8,204.23,3,204.24,5,204.26,1,204.28,2,204.29,3,204.3,5,204.31,10,204.32,7,204.33,10
2020-10-29 09:33:10,204.195,204.18,1,204.16,2,204.23,2,204.23,204.16,204.16,2,204.14,12,204.13,3,204.1,2,204.08,3,204.07,3,204.03,1,204.0,1,203.99,1,203.97,6,204.23,2,204.24,5,204.25,2,204.26,1,204.28,2,204.29,3,204.3,5,204.31,10,204.32,7,204.33,10
2020-10-29 09:33:11,204.21,204.21,4,204.19,1,204.23,2,204.23,204.19,204.19,1,204.16,2,204.14,12,204.13,3,204.1,2,204.08,3,204.07,3,204.03,1,204.0,1,203.99,1,204.23,2,204.24,4,204.27,1,204.28,2,204.29,3,204.3,5,204.31,10,204.32,7,204.33,10,204.34,4
2020-10-29 09:33:12,204.275,204.28,1,204.25,3,204.3,8,204.3,204.25,204.25,3,204.21,1,204.19,3,204.16,2,204.14,12,204.13,3,204.1,2,204.08,3,204.07,3,204.03,1,204.3,8,204.31,10,204.32,7,204.33,10,204.34,4,204.35,3,204.37,3,204.38,6,204.39,3,204.41,30
2020-10-29 09:33:13,204.275,204.28,1,204.25,3,204.3,8,204.3,204.25,204.25,3,204.21,1,204.19,3,204.16,2,204.14,12,204.13,3,204.1,2,204.08,3,204.07,3,204.03,1,204.3,8,204.31,10,204.32,7,204.33,10,204.34,4,204.35,3,204.37,3,204.38,6,204.39,3,204.41,30
2020-10-29 09:33:14,204.37,204.44,1,204.34,4,204.4,6,204.4,204.34,204.34,4,204.32,1,204.3,8,204.29,2,204.28,1,204.25,3,204.21,1,204.19,3,204.16,2,204.14,12,204.4,6,204.41,6,204.42,7,204.43,11,204.44,14,204.45,8,204.46,9,204.47,8,204.48,12,204.49,1
2020-10-29 09:33:15,204.26,204.31,1,204.21,1,204.31,2,204.31,204.21,204.21,1,204.2,2,204.19,3,204.16,2,204.14,12,204.13,3,204.1,2,204.08,3,204.07,3,204.03,1,204.31,2,204.33,8,204.34,3,204.35,7,204.36,9,204.37,5,204.38,1,204.39,3,204.4,1,204.42,7
2020-10-29 09:33:16,204.365,204.4,1,204.31,8,204.42,6,204.42,204.31,204.31,8,204.27,1,204.26,2,204.23,2,204.21,1,204.2,2,204.19,3,204.16,2,204.14,12,204.13,3,204.42,6,204.43,11,204.44,14,204.45,8,204.46,9,204.47,8,204.48,12,204.49,1,204.5,10,204.52,1
2020-10-29 09:33:17,204.375,204.42,1,204.33,11,204.42,6,204.42,204.33,204.33,11,204.32,2,204.31,8,204.27,1,204.26,2,204.23,2,204.21,1,204.2,2,204.19,3,204.16,2,204.42,6,204.43,11,204.44,14,204.45,8,204.46,9,204.47,8,204.48,12,204.49,1,204.5,10,204.52,1
2020-10-29 09:33:18,204.39,204.36,3,204.35,2,204.43,9,204.43,204.35,204.35,2,204.33,1,204.32,6,204.31,8,204.27,1,204.26,2,204.23,2,204.21,1,204.2,2,204.19,3,204.43,9,204.44,14,204.45,8,204.46,9,204.47,8,204.48,12,204.49,1,204.5,10,204.52,1,204.55,1
2020-10-29 09:33:19,204.33,204.33,1,204.31,8,204.35,4,204.35,204.31,204.31,8,204.27,1,204.26,2,204.23,2,204.21,1,204.2,2,204.19,3,204.16,2,204.14,12,204.13,3,204.35,4,204.36,6,204.37,11,204.38,5,204.39,10,204.4,4,204.42,6,204.43,9,204.44,14,204.45,8
2020-10-29 09:33:20,204.28,204.32,1,204.24,4,204.32,10,204.32,204.24,204.24,4,204.23,2,204.21,1,204.2,2,204.19,3,204.16,2,204.14,12,204.13,3,204.1,2,204.08,3,204.32,10,204.33,4,204.34,2,204.35,5,204.36,6,204.37,11,204.38,5,204.39,10,204.4,4,204.42,6
2020-10-29 09:33:21,204.295,204.32,1,204.26,1,204.33,3,204.33,204.26,204.26,1,204.24,6,204.23,2,204.21,1,204.2,2,204.19,3,204.16,2,204.14,12,204.13,3,204.1,2,204.33,3,204.34,2,204.35,5,204.36,6,204.37,11,204.38,5,204.39,10,204.4,4,204.42,6,204.43,9
2020-10-29 09:33:22,204.365,204.36,1,204.32,5,204.41,1,204.41,204.32,204.32,5,204.31,8,204.3,1,204.29,5,204.28,6,204.27,3,204.26,3,204.24,6,204.23,2,204.21,1,204.41,1,204.42,6,204.43,9,204.44,14,204.45,8,204.46,9,204.47,8,204.48,12,204.49,1,204.5,10
2020-10-29 09:33:23,204.385,204.4,3,204.33,8,204.44,14,204.44,204.33,204.33,8,204.32,5,204.31,8,204.3,1,204.29,5,204.28,6,204.27,3,204.26,3,204.24,6,204.23,2,204.44,14,204.45,8,204.46,9,204.47,8,204.48,12,204.49,1,204.5,10,204.52,1,204.55,1,204.57,6
2020-10-29 09:33:24,204.395,204.42,10,204.35,2,204.44,12,204.44,204.35,204.35,2,204.33,8,204.32,5,204.31,8,204.3,1,204.29,5,204.28,6,204.27,3,204.26,3,204.24,6,204.44,12,204.45,8,204.46,9,204.47,8,204.48,12,204.49,1,204.5,10,204.52,1,204.55,1,204.57,6
2020-10-29 09:33:25,204.45,204.46,1,204.4,1,204.5,60,204.5,204.4,204.4,1,204.39,1,204.37,1,204.35,2,204.33,8,204.32,5,204.31,8,204.3,1,204.29,5,204.28,6,204.5,60,204.52,1,204.55,1,204.57,6,204.58,10,204.59,7,204.6,2,204.61,2,204.63,2,204.64,6
2020-10-29 09:33:26,204.435,204.46,1,204.42,12,204.45,1,204.45,204.42,204.42,12,204.39,1,204.37,1,204.35,2,204.33,8,204.32,5,204.31,8,204.3,1,204.29,5,204.28,6,204.45,1,204.46,3,204.47,1,204.5,60,204.52,1,204.55,1,204.57,6,204.58,10,204.59,7,204.6,2
2020-10-29 09:33:27,204.445,204.44,4,204.42,12,204.47,5,204.47,204.42,204.42,12,204.39,1,204.37,1,204.35,2,204.33,8,204.32,5,204.31,8,204.3,1,204.29,5,204.28,6,204.47,5,204.48,1,204.5,60,204.52,1,204.55,1,204.57,6,204.58,10,204.59,7,204.6,2,204.61,2
2020-10-29 09:33:28,204.445,204.46,1,204.42,5,204.47,3,204.47,204.42,204.42,5,204.41,1,204.4,7,204.37,3,204.35,2,204.33,8,204.32,5,204.31,8,204.3,1,204.29,5,204.47,3,204.48,1,204.5,60,204.52,1,204.55,1,204.57,6,204.58,10,204.59,7,204.6,2,204.61,2
2020-10-29 09:33:29,204.425,204.45,2,204.38,3,204.47,4,204.47,204.38,204.38,3,204.37,3,204.35,2,204.33,8,204.32,5,204.31,8,204.3,1,204.29,5,204.28,6,204.27,3,204.47,4,204.48,1,204.5,60,204.52,1,204.55,1,204.57,6,204.58,10,204.59,7,204.6,2,204.61,2
2020-10-29 09:33:30,204.37,204.4,1,204.35,6,204.39,7,204.39,204.35,204.35,6,204.33,8,204.32,5,204.31,8,204.3,1,204.29,5,204.28,6,204.27,3,204.26,3,204.24,6,204.39,7,204.4,11,204.41,3,204.42,6,204.43,5,204.44,2,204.45,8,204.46,9,204.47,2,204.48,1
2020-10-29 09:33:31,204.355,204.36,1,204.3,4,204.41,8,204.41,204.3,204.3,4,204.29,5,204.28,6,204.27,3,204.26,3,204.24,6,204.23,2,204.21,1,204.2,2,204.19,3,204.41,8,204.42,6,204.43,5,204.44,2,204.45,8,204.46,9,204.47,2,204.48,1,204.5,60,204.52,1
2020-10-29 09:33:32,204.395,204.43,1,204.35,4,204.44,5,204.44,204.35,204.35,4,204.32,2,204.3,4,204.29,5,204.28,6,204.27,3,204.26,3,204.24,6,204.23,2,204.21,1,204.44,5,204.45,8,204.46,9,204.47,2,204.48,1,204.5,60,204.52,1,204.55,1,204.57,6,204.58,10
2020-10-29 09:33:33,204.405,204.41,1,204.37,7,204.44,4,204.44,204.37,204.37,7,204.36,11,204.35,4,204.32,2,204.3,4,204.29,5,204.28,6,204.27,3,204.26,3,204.24,6,204.44,4,204.45,8,204.46,9,204.47,2,204.48,1,204.5,60,204.52,1,204.55,1,204.57,6,204.58,10
2020-10-29 09:33:34,204.35,204.38,1,204.32,5,204.38,7,204.38,204.32,204.32,5,204.3,4,204.29,5,204.28,6,204.27,3,204.26,3,204.24,6,204.23,2,204.21,1,204.2,2,204.38,7,204.39,6,204.4,1,204.43,1,204.44,9,204.45,1,204.46,11,204.47,2,204.48,1,204.5,60
2020-10-29 09:33:35,204.305,204.31,1,204.27,6,204.34,1,204.34,204.27,204.27,6,204.26,3,204.24,6,204.23,2,204.21,1,204.2,2,204.19,3,204.16,2,204.14,12,204.13,3,204.34,1,204.35,1,204.36,1,204.37,8,204.38,7,204.39,6,204.4,1,204.41,2,204.43,1,204.44,9
2020-10-29 09:33:36,204.22,204.24,1,204.2,1,204.24,1,204.24,204.2,204.2,1,204.19,3,204.16,2,204.14,12,204.13,3,204.1,2,204.08,3,204.07,3,204.03,1,204.0,1,204.24,1,204.25,7,204.26,1,204.27,7,204.29,12,204.3,6,204.31,8,204.32,7,204.34,9,204.35,2
2020-10-29 09:33:37,204.305,204.3,2,204.26,2,204.35,2,204.35,204.26,204.26,2,204.25,2,204.24,1,204.22,1,204.2,2,204.19,3,204.16,2,204.14,12,204.13,3,204.1,2,204.35,2,204.36,1,204.37,8,204.38,7,204.39,6,204.4,1,204.41,2,204.43,1,204.44,9,204.45,1
2020-10-29 09:33:38,204.35,204.35,1,204.33,1,204.37,9,204.37,204.33,204.33,1,204.3,1,204.28,2,204.26,2,204.24,2,204.22,1,204.2,2,204.19,3,204.16,2,204.14,12,204.37,9,204.38,7,204.39,6,204.4,1,204.41,2,204.43,1,204.44,9,204.45,1,204.46,11,204.47,2
2020-10-29 09:33:39,204.285,204.28,1,204.24,2,204.33,10,204.33,204.24,204.24,2,204.22,1,204.2,2,204.19,3,204.16,2,204.14,12,204.13,3,204.1,2,204.08,3,204.07,3,204.33,10,204.34,9,204.35,10,204.36,2,204.37,14,204.38,7,204.39,6,204.4,1,204.41,2,204.43,1
2020-10-29 09:33:40,204.305,204.29,5,204.27,2,204.34,1,204.34,204.27,204.27,2,204.24,8,204.22,1,204.2,2,204.19,3,204.16,2,204.14,12,204.13,3,204.1,2,204.08,3,204.34,1,204.35,8,204.36,2,204.37,14,204.38,7,204.39,6,204.4,1,204.41,2,204.43,1,204.44,9
2020-10-29 09:33:41,204.3,204.3,5,204.26,2,204.34,4,204.34,204.26,204.26,2,204.24,10,204.22,1,204.2,2,204.19,3,204.16,2,204.14,12,204.13,3,204.1,2,204.08,3,204.34,4,204.35,5,204.36,2,204.37,14,204.38,7,204.39,6,204.4,1,204.41,2,204.43,1,204.44,9
2020-10-29 09:33:42,204.35,204.34,2,204.33,2,204.37,12,204.37,204.33,204.33,2,204.32,5,204.31,7,204.3,1,204.28,1,204.27,1,204.26,1,204.25,10,204.24,10,204.22,1,204.37,12,204.38,7,204.39,6,204.4,1,204.41,2,204.43,1,204.44,9,204.45,1,204.46,11,204.47,2
2020-10-29 09:33:43,204.355,204.37,1,204.33,5,204.38,1,204.38,204.33,204.33,5,204.32,7,204.31,7,204.3,1,204.28,1,204.27,1,204.26,1,204.25,10,204.24,10,204.22,1,204.38,1,204.39,5,204.4,7,204.41,2,204.43,1,204.44,9,204.45,1,204.46,11,204.47,2,204.48,1
2020-10-29 09:33:44,204.425,204.43,1,204.4,9,204.45,60,204.45,204.4,204.4,9,204.39,9,204.38,9,204.37,4,204.35,12,204.33,5,204.32,7,204.31,7,204.3,1,204.28,1,204.45,60,204.46,11,204.47,2,204.48,1,204.5,60,204.52,1,204.55,1,204.57,6,204.58,10,204.59,7
2020-10-29 09:33:45,204.455,204.46,1,204.44,1,204.47,1,204.47,204.44,204.44,1,204.43,3,204.41,9,204.4,7,204.39,9,204.38,9,204.37,4,204.35,12,204.33,5,204.32,7,204.47,1,204.48,1,204.5,60,204.52,1,204.55,1,204.57,6,204.58,10,204.59,7,204.6,2,204.61,2
2020-10-29 09:33:46,204.475,204.47,1,204.45,4,204.5,40,204.5,204.45,204.45,4,204.44,1,204.43,3,204.41,9,204.4,7,204.39,9,204.38,9,204.37,4,204.35,12,204.33,5,204.5,40,204.52,1,204.55,1,204.57,6,204.58,10,204.59,7,204.6,2,204.61,2,204.63,2,204.64,6
2020-10-29 09:33:47,204.41,204.42,1,204.38,9,204.44,13,204.44,204.38,204.38,9,204.37,4,204.35,12,204.33,5,204.32,7,204.31,7,204.3,1,204.28,1,204.27,1,204.26,1,204.44,13,204.45,10,204.46,6,204.47,5,204.48,7,204.49,2,204.5,39,204.52,1,204.55,1,204.57,6
2020-10-29 09:33:48,204.44,204.42,10,204.4,2,204.48,8,204.48,204.4,204.4,2,204.39,2,204.38,9,204.37,4,204.35,12,204.33,5,204.32,7,204.31,7,204.3,1,204.28,1,204.48,8,204.49,2,204.5,39,204.52,1,204.55,1,204.57,6,204.58,10,204.59,7,204.6,2,204.61,2
2020-10-29 09:33:49,204.415,204.44,1,204.39,2,204.44,3,204.44,204.39,204.39,2,204.38,9,204.37,4,204.35,12,204.33,5,204.32,7,204.31,7,204.3,1,204.28,1,204.27,1,204.44,3,204.45,7,204.46,7,204.47,9,204.48,9,204.49,13,204.5,39,204.52,1,204.55,1,204.57,6
2020-10-29 09:33:50,204.44,204.43,1,204.42,1,204.46,8,204.46,204.42,204.42,1,204.4,4,204.39,2,204.38,9,204.37,4,204.35,12,204.33,5,204.32,7,204.31,7,204.3,1,204.46,8,204.47,5,204.48,11,204.49,13,204.5,39,204.52,1,204.55,1,204.57,6,204.58,10,204.59,7
2020-10-29 09:33:51,204.44,204.44,1,204.4,1,204.48,11,204.48,204.4,204.4,1,204.39,3,204.38,9,204.37,4,204.35,12,204.33,5,204.32,7,204.31,7,204.3,1,204.28,1,204.48,11,204.49,13,204.5,39,204.52,1,204.55,1,204.57,6,204.58,10,204.59,7,204.6,2,204.61,2
2020-10-29 09:33:52,204.44,204.4,1,204.4,2,204.48,11,204.48,204.4,204.4,2,204.39,3,204.38,9,204.37,4,204.35,12,204.33,5,204.32,7,204.31,7,204.3,1,204.28,1,204.48,11,204.49,13,204.5,39,204.52,1,204.55,1,204.57,6,204.58,10,204.59,7,204.6,2,204.61,2
2020-10-29 09:33:53,204.355,204.35,1,204.33,6,204.38,2,204.38,204.33,204.33,6,204.32,7,204.31,7,204.3,1,204.28,1,204.27,1,204.26,1,204.25,10,204.24,10,204.22,1,204.38,2,204.4,5,204.42,4,204.44,7,204.45,2,204.47,3,204.48,8,204.49,9,204.5,39,204.52,1
2020-10-29 09:33:54,204.455,204.46,1,204.43,10,204.48,2,204.48,204.43,204.43,10,204.42,2,204.38,2,204.37,9,204.36,1,204.35,1,204.33,1,204.32,12,204.31,7,204.3,1,204.48,2,204.49,12,204.5,39,204.52,1,204.55,1,204.57,6,204.58,10,204.59,7,204.6,2,204.61,2
2020-10-29 09:33:55,204.475,204.49,1,204.46,1,204.49,10,204.49,204.46,204.46,1,204.44,1,204.43,11,204.42,2,204.38,2,204.37,9,204.36,1,204.35,1,204.33,1,204.32,12,204.49,10,204.5,39,204.52,1,204.55,1,204.57,6,204.58,10,204.59,7,204.6,2,204.61,2,204.63,2
2020-10-29 09:33:56,204.535,204.55,1,204.51,2,204.56,10,204.56,204.51,204.51,2,204.5,13,204.49,1,204.48,13,204.47,3,204.46,5,204.44,1,204.43,11,204.42,2,204.38,2,204.56,10,204.57,6,204.58,10,204.59,7,204.6,2,204.61,2,204.63,2,204.64,6,204.65,8,,
2020-10-29 09:33:57,204.51,204.51,1,204.48,1,204.54,7,204.54,204.48,204.48,1,204.47,5,204.46,5,204.44,1,204.43,11,204.42,2,204.38,2,204.37,9,204.36,1,204.35,1,204.54,7,204.55,2,204.56,12,204.57,6,204.58,10,204.59,7,204.6,2,204.61,2,204.63,2,204.64,6
2020-10-29 09:33:58,204.5,204.49,1,204.47,1,204.53,3,204.53,204.47,204.47,1,204.45,3,204.44,1,204.43,11,204.42,2,204.38,2,204.37,9,204.36,1,204.35,1,204.33,1,204.53,3,204.56,12,204.57,6,204.58,10,204.59,7,204.6,2,204.61,2,204.63,2,204.64,6,204.65,8
2020-10-29 09:33:59,204.53,204.56,1,204.5,3,204.56,12,204.56,204.5,204.5,3,204.49,14,204.48,5,204.47,1,204.45,3,204.44,1,204.43,11,204.42,2,204.38,2,204.37,9,204.56,12,204.57,6,204.58,10,204.59,7,204.6,2,204.61,2,204.63,2,204.64,6,204.65,8,,
2020-10-29 09:34:00,204.54,204.56,1,204.52,1,204.56,11,204.56,204.52,204.52,1,204.5,3,204.49,14,204.48,5,204.47,1,204.45,3,204.44,1,204.43,11,204.42,2,204.38,2,204.56,11,204.57,6,204.58,10,204.59,7,204.6,2,204.61,2,204.63,2,204.64,6,204.65,8,,
2020-10-29 09:34:01,204.41,204.44,1,204.38,4,204.44,2,204.44,204.38,204.38,4,204.37,7,204.36,1,204.35,1,204.33,1,204.32,12,204.31,7,204.3,1,204.28,1,204.27,1,204.44,2,204.45,6,204.46,7,204.47,4,204.48,2,204.49,5,204.52,7,204.53,2,204.56,14,204.57,6
2020-10-29 09:34:02,204.335,204.31,1,204.29,1,204.38,5,204.38,204.29,204.29,1,204.28,4,204.27,1,204.26,1,204.25,10,204.24,10,204.22,1,204.2,2,204.19,3,204.16,2,204.38,5,204.39,1,204.43,7,204.44,6,204.45,6,204.46,7,204.47,4,204.48,2,204.49,5,204.52,7
2020-10-29 09:34:03,204.38,204.39,1,204.33,1,204.43,11,204.43,204.33,204.33,1,204.31,2,204.3,1,204.29,1,204.28,4,204.27,1,204.26,1,204.25,10,204.24,10,204.22,1,204.43,11,204.44,6,204.45,6,204.46,7,204.47,4,204.48,2,204.49,5,204.52,7,204.53,2,204.56,14
2020-10-29 09:34:04,204.37,204.37,1,204.32,1,204.42,1,204.42,204.32,204.32,1,204.3,2,204.29,1,204.28,4,204.27,1,204.26,1,204.25,10,204.24,10,204.22,1,204.2,2,204.42,1,204.43,11,204.44,6,204.45,6,204.46,7,204.47,4,204.48,2,204.49,5,204.52,7,204.53,2
2020-10-29 09:34:05,204.385,204.4,1,204.35,2,204.42,4,204.42,204.35,204.35,2,204.34,2,204.33,1,204.32,1,204.3,2,204.29,1,204.28,4,204.27,1,204.26,1,204.25,10,204.42,4,204.43,15,204.44,7,204.46,9,204.47,4,204.48,2,204.49,5,204.52,7,204.53,2,204.56,14
2020-10-29 09:34:06,204.395,204.45,1,204.35,5,204.44,6,204.44,204.35,204.35,5,204.34,2,204.33,1,204.32,1,204.3,2,204.29,1,204.28,4,204.27,1,204.26,1,204.25,10,204.44,6,204.45,4,204.46,5,204.48,3,204.49,5,204.52,7,204.53,2,204.56,14,204.57,6,204.58,10
2020-10-29 09:34:07,204.43,204.45,1,204.4,1,204.46,3,204.46,204.4,204.4,1,204.36,10,204.35,9,204.34,2,204.33,1,204.32,1,204.3,2,204.29,1,204.28,4,204.27,1,204.46,3,204.47,2,204.48,3,204.49,5,204.52,7,204.53,2,204.56,14,204.57,6,204.58,10,204.59,7
2020-10-29 09:34:08,204.455,204.46,1,204.42,1,204.49,4,204.49,204.42,204.42,1,204.4,3,204.36,10,204.35,9,204.34,2,204.33,1,204.32,1,204.3,2,204.29,1,204.28,4,204.49,4,204.52,7,204.53,2,204.56,14,204.57,6,204.58,10,204.59,7,204.6,2,204.61,2,204.63,2
2020-10-29 09:34:09,204.445,204.43,1,204.42,2,204.47,6,204.47,204.42,204.42,2,204.4,4,204.36,10,204.35,9,204.34,2,204.33,1,204.32,1,204.3,2,204.29,1,204.28,4,204.47,6,204.48,5,204.49,11,204.5,13,204.51,6,204.52,3,204.53,2,204.56,14,204.57,6,204.58,10
2020-10-29 09:34:10,204.445,204.46,4,204.42,3,204.47,1,204.47,204.42,204.42,3,204.4,4,204.36,10,204.35,9,204.34,2,204.33,1,204.32,1,204.3,2,204.29,1,204.28,4,204.47,1,204.49,1,204.5,11,204.51,6,204.52,3,204.53,2,204.56,14,204.57,6,204.58,10,204.59,7
2020-10-29 09:34:11,204.405,204.42,1,204.37,1,204.44,1,204.44,204.37,204.37,1,204.36,10,204.35,9,204.34,2,204.33,1,204.32,1,204.3,2,204.29,1,204.28,4,204.27,1,204.44,1,204.45,8,204.46,7,204.48,1,204.49,1,204.5,11,204.51,6,204.52,3,204.53,2,204.56,14
2020-10-29 09:34:12,204.405,204.41,2,204.37,3,204.44,1,204.44,204.37,204.37,3,204.36,10,204.35,9,204.34,2,204.33,1,204.32,1,204.3,2,204.29,1,204.28,4,204.27,1,204.44,1,204.45,8,204.46,7,204.48,1,204.49,1,204.5,11,204.51,6,204.52,3,204.53,2,204.56,14
2020-10-29 09:34:13,204.38,204.35,1,204.34,3,204.42,4,204.42,204.34,204.34,3,204.33,1,204.32,1,204.3,2,204.29,1,204.28,4,204.27,1,204.26,1,204.25,10,204.24,10,204.42,4,204.43,2,204.44,11,204.45,12,204.46,7,204.48,1,204.49,1,204.5,11,204.51,6,204.52,3
2020-10-29 09:34:14,204.405,204.39,1,204.36,1,204.45,11,204.45,204.36,204.36,1,204.34,4,204.33,1,204.32,1,204.3,2,204.29,1,204.28,4,204.27,1,204.26,1,204.25,10,204.45,11,204.46,7,204.48,1,204.49,1,204.5,11,204.51,6,204.52,3,204.53,2,204.56,14,204.57,6
2020-10-29 09:34:15,204.415,204.42,2,204.38,3,204.45,9,204.45,204.38,204.38,3,204.34,4,204.33,1,204.32,1,204.3,2,204.29,1,204.28,4,204.27,1,204.26,1,204.25,10,204.45,9,204.46,7,204.48,1,204.49,1,204.5,11,204.51,6,204.52,3,204.53,2,204.56,14,204.57,6
2020-10-29 09:34:16,204.45,204.45,1,204.42,1,204.48,2,204.48,204.42,204.42,1,204.41,2,204.39,1,204.38,3,204.34,4,204.33,1,204.32,1,204.3,2,204.29,1,204.28,4,204.48,2,204.49,1,204.5,11,204.51,6,204.52,3,204.53,2,204.56,14,204.57,6,204.58,10,204.59,7
2020-10-29 09:34:17,204.45,204.48,1,204.42,2,204.48,1,204.48,204.42,204.42,2,204.41,2,204.39,1,204.38,3,204.34,4,204.33,1,204.32,1,204.3,2,204.29,1,204.28,4,204.48,1,204.5,7,204.51,6,204.52,3,204.53,2,204.56,14,204.57,6,204.58,10,204.59,7,204.6,2
2020-10-29 09:34:18,204.44,204.43,2,204.42,3,204.46,1,204.46,204.42,204.42,3,204.41,2,204.39,1,204.38,3,204.34,4,204.33,1,204.32,1,204.3,2,204.29,1,204.28,4,204.46,1,204.47,1,204.48,1,204.49,1,204.5,7,204.51,6,204.52,3,204.53,2,204.56,14,204.57,6
2020-10-29 09:34:19,204.46,204.47,10,204.43,3,204.49,13,204.49,204.43,204.43,3,204.42,4,204.41,2,204.39,1,204.38,3,204.34,4,204.33,1,204.32,1,204.3,2,204.29,1,204.49,13,204.5,13,204.51,9,204.52,6,204.53,7,204.54,11,204.55,9,204.56,14,204.57,6,204.58,10
2020-10-29 09:34:20,204.375,204.37,1,204.34,3,204.41,11,204.41,204.34,204.34,3,204.33,1,204.32,1,204.3,2,204.29,1,204.28,4,204.27,1,204.26,1,204.25,10,204.24,10,204.41,11,204.42,4,204.43,4,204.44,9,204.45,7,204.46,7,204.47,1,204.48,2,204.49,13,204.5,13
2020-10-29 09:34:21,204.38,204.33,1,204.34,2,204.42,6,204.42,204.34,204.34,2,204.33,7,204.32,4,204.31,5,204.3,6,204.29,4,204.28,3,204.27,1,204.26,1,204.25,10,204.42,6,204.43,4,204.44,9,204.45,7,204.46,7,204.47,1,204.48,2,204.49,13,204.5,13,204.51,9
2020-10-29 09:34:22,204.45,204.42,2,204.43,1,204.47,6,204.47,204.43,204.43,1,204.4,6,204.35,7,204.34,2,204.33,7,204.32,4,204.31,5,204.3,6,204.29,4,204.28,3,204.47,6,204.48,7,204.49,13,204.5,13,204.51,9,204.52,6,204.53,7,204.54,11,204.55,9,204.56,14
2020-10-29 09:34:23,204.45,204.46,3,204.42,12,204.48,4,204.48,204.42,204.42,12,204.41,2,204.4,2,204.38,3,204.35,7,204.34,2,204.33,7,204.32,4,204.31,5,204.3,6,204.48,4,204.49,13,204.5,13,204.51,9,204.52,6,204.53,7,204.54,11,204.55,9,204.56,14,204.57,6
2020-10-29 09:34:24,204.475,204.46,2,204.46,1,204.49,1,204.49,204.46,204.46,1,204.44,1,204.42,11,204.41,2,204.4,2,204.38,3,204.35,7,204.34,2,204.33,7,204.32,4,204.49,1,204.5,13,204.51,9,204.52,6,204.53,7,204.54,11,204.55,9,204.56,14,204.57,6,204.58,10
2020-10-29 09:34:25,204.475,204.47,1,204.46,5,204.49,1,204.49,204.46,204.46,5,204.44,1,204.42,11,204.41,2,204.4,2,204.38,3,204.35,7,204.34,2,204.33,7,204.32,4,204.49,1,204.5,10,204.51,9,204.52,6,204.53,7,204.54,11,204.55,9,204.56,14,204.57,6,204.58,10
2020-10-29 09:34:26,204.515,204.5,3,204.48,2,204.55,9,204.55,204.48,204.48,2,204.47,6,204.46,7,204.44,1,204.42,11,204.41,2,204.4,2,204.38,3,204.35,7,204.34,2,204.55,9,204.56,14,204.57,6,204.58,10,204.59,7,204.6,2,204.61,2,204.63,2,204.64,6,204.65,8
2020-10-29 09:34:27,204.53,204.54,7,204.51,4,204.55,1,204.55,204.51,204.51,4,204.5,5,204.49,3,204.48,5,204.47,6,204.46,7,204.44,1,204.42,11,204.41,2,204.4,2,204.55,1,204.56,11,204.57,6,204.58,10,204.59,7,204.6,2,204.61,2,204.63,2,204.64,6,204.65,8
2020-10-29 09:34:28,204.545,204.56,1,204.53,1,204.56,10,204.56,204.53,204.53,1,204.52,7,204.51,4,204.5,5,204.49,3,204.48,5,204.47,6,204.46,7,204.44,1,204.42,11,204.56,10,204.57,6,204.58,10,204.59,7,204.6,2,204.61,2,204.63,2,204.64,6,204.65,8,,
2020-10-29 09:34:29,204.625,204.62,1,204.6,1,204.65,10,204.65,204.6,204.6,1,204.58,2,204.56,5,204.55,3,204.54,8,204.53,5,204.52,7,204.51,4,204.5,5,204.49,3,204.65,10,,,,,,,,,,,,,,,,,,
2020-10-29 09:34:30,204.545,204.56,1,204.53,3,204.56,2,204.56,204.53,204.53,3,204.52,10,204.5,6,204.49,3,204.48,5,204.47,6,204.46,7,204.44,1,204.42,11,204.41,2,204.56,2,204.57,7,204.58,9,204.59,4,204.6,2,204.62,5,204.63,1,204.65,10,,,,
2020-10-29 09:34:31,204.585,204.59,1,204.56,6,204.61,10,204.61,204.56,204.56,6,204.55,2,204.54,4,204.53,4,204.52,10,204.5,6,204.49,3,204.48,5,204.47,6,204.46,7,204.61,10,204.62,5,204.63,1,204.65,10,,,,,,,,,,,,
2020-10-29 09:34:32,204.655,204.65,1,204.63,5,204.68,3,204.68,204.63,204.63,5,204.61,3,204.59,12,204.58,3,204.57,6,204.56,6,204.55,2,204.54,4,204.53,4,204.52,10,204.68,3,,,,,,,,,,,,,,,,,,
2020-10-29 09:34:33,204.58,204.55,1,204.56,1,204.6,1,204.6,204.56,204.56,1,204.55,1,204.51,1,204.5,6,204.49,3,204.48,5,204.47,6,204.46,7,204.44,1,204.42,11,204.6,1,204.61,13,204.62,1,204.63,5,204.65,10,204.66,3,204.67,7,204.68,3,,,,
2020-10-29 09:34:34,204.56,204.54,1,204.53,7,204.59,8,204.59,204.53,204.53,7,204.52,6,204.49,6,204.48,5,204.47,6,204.46,7,204.44,1,204.42,11,204.41,2,204.4,2,204.59,8,204.6,6,204.61,6,204.62,4,204.63,5,204.65,10,204.66,3,204.67,7,204.68,3,,
2020-10-29 09:34:35,204.54,204.54,1,204.51,1,204.57,1,204.57,204.51,204.51,1,204.5,2,204.49,6,204.48,5,204.47,6,204.46,7,204.44,1,204.42,11,204.41,2,204.4,2,204.57,1,204.58,6,204.59,9,204.6,9,204.61,6,204.62,4,204.63,5,204.65,10,204.66,3,204.67,7
2020-10-29 09:34:36,204.555,204.54,1,204.52,1,204.59,6,204.59,204.52,204.52,1,204.51,6,204.5,2,204.49,6,204.48,5,204.47,6,204.46,7,204.44,1,204.42,11,204.41,2,204.59,6,204.6,9,204.61,6,204.62,4,204.63,5,204.65,10,204.66,3,204.67,7,204.68,3,,
2020-10-29 09:34:37,204.495,204.47,1,204.46,10,204.53,4,204.53,204.46,204.46,10,204.44,1,204.42,11,204.41,2,204.4,2,204.38,3,204.35,7,204.34,2,204.33,7,204.32,4,204.53,4,204.54,5,204.55,9,204.56,5,204.57,6,204.58,12,204.59,6,204.6,9,204.61,6,204.62,4
2020-10-29 09:34:38,204.51,204.51,3,204.47,1,204.55,10,204.55,204.47,204.47,1,204.46,11,204.44,1,204.42,11,204.41,2,204.4,2,204.38,3,204.35,7,204.34,2,204.33,7,204.55,10,204.56,5,204.57,6,204.58,12,204.59,6,204.6,9,204.61,6,204.62,4,204.63,5,204.65,10
2020-10-29 09:34:39,204.45,204.45,1,204.42,8,204.48,6,204.48,204.42,204.42,8,204.41,2,204.4,2,204.38,3,204.35,7,204.34,2,204.33,7,204.32,4,204.31,5,204.3,6,204.48,6,204.49,3,204.5,13,204.51,2,204.52,2,204.53,1,204.54,8,204.55,6,204.56,10,204.57,6
2020-10-29 09:34:40,204.325,204.32,1,204.3,6,204.35,6,204.35,204.3,204.3,6,204.29,4,204.28,3,204.27,1,204.26,1,204.25,10,204.24,10,204.22,1,204.2,2,204.19,3,204.35,6,204.36,7,204.37,5,204.38,4,204.39,1,204.4,13,204.41,11,204.44,7,204.45,6,204.46,7
2020-10-29 09:34:41,204.41,204.4,1,204.38,1,204.44,7,204.44,204.38,204.38,1,204.36,7,204.35,2,204.34,2,204.33,1,204.32,3,204.31,8,204.3,11,204.29,4,204.28,3,204.44,7,204.45,5,204.46,8,204.47,7,204.48,8,204.49,3,204.5,13,204.51,2,204.52,2,204.53,1
2020-10-29 09:34:42,204.42,204.43,1,204.38,9,204.46,7,204.46,204.38,204.38,9,204.37,12,204.36,10,204.35,2,204.34,2,204.33,1,204.32,3,204.31,8,204.3,11,204.29,4,204.46,7,204.47,4,204.48,10,204.49,3,204.5,13,204.51,2,204.52,2,204.53,1,204.54,8,204.55,6
2020-10-29 09:34:43,204.465,204.46,1,204.43,7,204.5,3,204.5,204.43,204.43,7,204.4,1,204.39,3,204.38,9,204.37,12,204.36,10,204.35,2,204.34,2,204.33,1,204.32,3,204.5,3,204.51,3,204.52,2,204.53,1,204.54,8,204.55,6,204.56,10,204.57,6,204.58,12,204.59,6
2020-10-29 09:34:44,204.465,204.43,1,204.42,8,204.51,4,204.51,204.42,204.42,8,204.4,1,204.39,3,204.38,9,204.37,12,204.36,10,204.35,2,204.34,2,204.33,1,204.32,3,204.51,4,204.52,5,204.53,8,204.54,5,204.55,7,204.56,10,204.57,6,204.58,12,204.59,6,204.6,9
2020-10-29 09:34:45,204.44,204.47,2,204.4,15,204.48,5,204.48,204.4,204.4,15,204.39,3,204.38,9,204.37,12,204.36,10,204.35,2,204.34,2,204.33,1,204.32,3,204.31,8,204.48,5,204.5,5,204.51,5,204.52,5,204.53,8,204.54,5,204.55,7,204.56,10,204.57,6,204.58,12
2020-10-29 09:34:46,204.43,204.43,1,204.4,13,204.46,11,204.46,204.4,204.4,13,204.39,3,204.38,9,204.37,12,204.36,10,204.35,2,204.34,2,204.33,1,204.32,3,204.31,8,204.46,11,204.47,9,204.48,9,204.49,4,204.5,5,204.51,5,204.52,5,204.53,8,204.54,5,204.55,7
2020-10-29 09:34:47,204.43,204.44,1,204.4,13,204.46,1,204.46,204.4,204.4,13,204.39,3,204.38,9,204.37,12,204.36,10,204.35,2,204.34,2,204.33,1,204.32,3,204.31,8,204.46,1,204.47,12,204.48,9,204.49,4,204.5,5,204.51,5,204.52,5,204.53,8,204.54,5,204.55,7
2020-10-29 09:34:48,204.445,204.44,1,204.41,3,204.48,12,204.48,204.41,204.41,3,204.4,12,204.39,3,204.38,9,204.37,12,204.36,10,204.35,2,204.34,2,204.33,1,204.32,3,204.48,12,204.49,4,204.5,5,204.51,5,204.52,5,204.53,8,204.54,5,204.55,7,204.56,10,204.57,6
2020-10-29 09:34:49,204.505,204.51,1,204.48,1,204.54,6,204.54,204.48,204.47,7,204.46,4,204.45,10,204.43,1,204.42,1,204.41,3,204.4,12,204.39,3,204.38,9,204.37,12,204.54,6,204.55,7,204.56,10,204.57,6,204.58,12,204.59,6,204.6,9,204.61,6,204.62,4,204.63,5
2020-10-29 09:34:50,204.505,204.5,1,204.47,5,204.54,7,204.54,204.47,204.47,5,204.46,7,204.45,10,204.43,1,204.42,1,204.41,3,204.4,12,204.39,3,204.38,9,204.37,12,204.54,7,204.55,7,204.56,10,204.57,6,204.58,12,204.59,6,204.6,9,204.61,6,204.62,4,204.63,5
2020-10-29 09:34:51,204.52,204.5,1,204.49,1,204.55,4,204.55,204.49,204.49,1,204.48,2,204.47,7,204.46,7,204.45,10,204.43,1,204.42,1,204.41,3,204.4,12,204.39,3,204.55,4,204.56,8,204.57,6,204.58,12,204.59,6,204.6,9,204.61,6,204.62,4,204.63,5,204.65,10
2020-10-29 09:34:52,204.535,204.54,1,204.51,1,204.56,2,204.56,204.51,204.51,1,204.49,10,204.48,2,204.47,7,204.46,7,204.45,10,204.43,1,204.42,1,204.41,3,204.4,12,204.56,2,204.58,9,204.59,6,204.6,9,204.61,6,204.62,4,204.63,5,204.65,10,204.66,3,204.67,7
2020-10-29 09:34:53,204.595,204.6,1,204.57,1,204.62,4,204.62,204.57,204.57,1,204.56,13,204.54,3,204.51,2,204.49,10,204.48,2,204.47,7,204.46,7,204.45,10,204.43,1,204.62,4,204.63,5,204.65,10,204.66,3,204.67,7,204.68,3,,,,,,,,
2020-10-29 09:34:54,204.515,204.51,1,204.47,4,204.56,3,204.56,204.47,204.47,4,204.46,7,204.45,10,204.43,1,204.42,1,204.41,3,204.4,12,204.39,3,204.38,9,204.37,12,204.56,3,204.57,6,204.58,8,204.59,6,204.6,12,204.61,1,204.62,4,204.63,5,204.65,10,204.66,3
2020-10-29 09:34:55,204.52,204.52,1,204.47,7,204.57,6,204.57,204.47,204.47,7,204.46,7,204.45,10,204.43,1,204.42,1,204.41,3,204.4,12,204.39,3,204.38,9,204.37,12,204.57,6,204.58,8,204.59,6,204.6,12,204.61,1,204.62,4,204.63,5,204.65,10,204.66,3,204.67,7
2020-10-29 09:34:56,204.535,204.52,1,204.48,2,204.59,7,204.59,204.48,204.48,2,204.47,7,204.46,7,204.45,10,204.43,1,204.42,1,204.41,3,204.4,12,204.39,3,204.38,9,204.59,7,204.6,12,204.61,1,204.62,4,204.63,5,204.65,10,204.66,3,204.67,7,204.68,3,,
2020-10-29 09:34:57,204.595,204.6,17,204.56,2,204.63,2,204.63,204.56,204.56,2,204.53,1,204.51,1,204.5,1,204.49,2,204.48,2,204.47,7,204.46,7,204.45,10,204.43,1,204.63,2,204.65,10,204.66,3,204.67,7,204.68,3,,,,,,,,,,
2020-10-29 09:34:58,204.605,204.58,1,204.58,2,204.63,8,204.63,204.58,204.58,2,204.56,6,204.55,5,204.54,2,204.52,2,204.51,3,204.5,1,204.49,2,204.48,2,204.47,7,204.63,8,204.65,10,204.66,3,204.67,7,204.68,3,,,,,,,,,,
2020-10-29 09:34:59,204.58,204.61,1,204.56,9,204.6,7,204.6,204.56,204.56,9,204.55,5,204.54,2,204.52,2,204.51,3,204.5,1,204.49,2,204.48,2,204.47,7,204.46,7,204.6,7,204.61,3,204.62,10,204.63,10,204.64,9,204.65,1,204.67,6,204.68,3,,,,
2020-10-29 09:35:00,204.655,204.65,1,204.63,15,204.68,1,204.68,204.63,204.63,15,204.62,6,204.59,1,204.56,3,204.54,8,204.53,7,204.52,7,204.5,1,204.49,3,204.48,2,204.68,1,,,,,,,,,,,,,,,,,,
2020-10-29 09:35:01,204.705,204.7,2,204.67,2,204.74,5,204.74,204.67,204.67,2,204.66,5,204.65,6,204.64,3,204.63,11,204.62,6,204.59,1,204.56,3,204.54,8,204.53,7,204.74,5,204.75,8,,,,,,,,,,,,,,,,
2020-10-29 09:35:02,204.7,204.27,1,204.67,4,204.73,2,204.73,204.67,204.67,4,204.66,5,204.65,6,204.64,3,204.63,11,204.62,6,204.59,1,204.56,3,204.54,8,204.53,7,204.73,2,204.74,4,204.75,8,,,,,,,,,,,,,,
2020-10-29 09:35:03,204.755,204.75,5,204.73,1,204.78,32,204.78,204.73,204.73,1,204.72,8,204.71,13,204.7,1,204.69,4,204.68,7,204.67,4,204.66,5,204.65,6,204.64,3,204.78,32,,,,,,,,,,,,,,,,,,
2020-10-29 09:35:04,204.775,204.79,1,204.75,14,204.8,4,204.8,204.75,204.75,14,204.74,3,204.73,1,204.72,8,204.71,13,204.7,1,204.69,4,204.68,7,204.67,4,204.66,5,204.8,4,,,,,,,,,,,,,,,,,,
2020-10-29 09:35:05,204.78,204.8,1,204.76,2,204.8,4,204.8,204.76,204.76,2,204.75,14,204.74,3,204.73,1,204.72,8,204.71,13,204.7,1,204.69,4,204.68,7,204.67,4,204.8,4,204.82,1,204.83,4,,,,,,,,,,,,,,
2020-10-29 09:35:06,204.795,204.82,1,204.76,8,204.83,2,204.83,204.76,204.76,8,204.75,14,204.74,3,204.73,1,204.72,8,204.71,13,204.7,1,204.69,4,204.68,7,204.67,4,204.83,2,,,,,,,,,,,,,,,,,,
2020-10-29 09:35:07,204.795,204.79,1,204.76,9,204.83,3,204.83,204.76,204.76,9,204.75,14,204.74,3,204.73,1,204.72,8,204.71,13,204.7,1,204.69,4,204.68,7,204.67,4,204.83,3,,,,,,,,,,,,,,,,,,
2020-10-29 09:35:08,204.845,204.86,1,204.83,3,204.86,1,204.86,204.83,204.83,3,204.82,3,204.81,1,204.79,6,204.78,10,204.77,2,204.76,9,204.75,14,204.74,3,204.73,1,204.86,1,204.87,5,,,,,,,,,,,,,,,,
2020-10-29 09:35:09,204.86,204.82,1,204.82,8,204.9,5,204.9,204.82,204.82,8,204.81,1,204.79,6,204.78,10,204.77,2,204.76,9,204.75,14,204.74,3,204.73,1,204.72,8,204.9,5,,,,,,,,,,,,,,,,,,
2020-10-29 09:35:10,204.885,204.9,1,204.85,11,204.92,2,204.92,204.85,204.85,11,204.84,1,204.83,6,204.82,8,204.81,1,204.79,6,204.78,10,204.77,2,204.76,9,204.75,14,204.92,2,,,,,,,,,,,,,,,,,,
2020-10-29 09:35:11,204.875,204.93,1,204.86,6,204.89,1,204.89,204.86,204.86,6,204.85,11,204.84,1,204.83,6,204.82,8,204.81,1,204.79,6,204.78,10,204.77,2,204.76,9,204.89,1,204.9,3,204.91,1,204.92,3,204.93,2,204.94,9,204.95,11,204.96,2,,,,
2020-10-29 09:35:12,204.885,204.87,3,204.86,6,204.91,14,204.91,204.86,204.86,6,204.85,16,204.84,1,204.83,6,204.82,8,204.81,1,204.79,6,204.78,10,204.77,2,204.76,9,204.91,14,204.92,7,204.93,9,204.94,12,204.95,5,204.96,4,,,,,,,,
2020-10-29 09:35:13,204.89,204.89,1,204.87,3,204.91,4,204.91,204.87,204.87,3,204.86,6,204.85,16,204.84,1,204.83,6,204.82,8,204.81,1,204.79,6,204.78,10,204.77,2,204.91,4,204.92,8,204.93,9,204.94,12,204.95,5,204.96,4,,,,,,,,
2020-10-29 09:35:14,204.9,204.92,1,204.88,1,204.92,1,204.92,204.88,204.88,1,204.86,6,204.85,16,204.84,1,204.83,6,204.82,8,204.81,1,204.79,6,204.78,10,204.77,2,204.92,1,204.94,10,204.95,5,204.96,4,,,,,,,,,,,,
2020-10-29 09:35:15,204.88,204.86,1,204.85,15,204.91,8,204.91,204.85,204.85,15,204.84,1,204.83,6,204.82,8,204.81,1,204.79,6,204.78,10,204.77,2,204.76,9,204.75,14,204.91,8,204.92,3,204.93,1,204.94,11,204.95,5,204.96,4,,,,,,,,
2020-10-29 09:35:16,204.915,204.95,2,204.88,5,204.95,6,204.95,204.88,204.88,5,204.86,7,204.85,15,204.84,1,204.83,6,204.82,8,204.81,1,204.79,6,204.78,10,204.77,2,204.95,6,204.96,4,,,,,,,,,,,,,,,,
2020-10-29 09:35:17,204.925,204.94,1,204.9,3,204.95,6,204.95,204.9,204.9,3,204.89,5,204.88,12,204.86,7,204.85,15,204.84,1,204.83,6,204.82,8,204.81,1,204.79,6,204.95,6,204.96,4,,,,,,,,,,,,,,,,
2020-10-29 09:35:18,204.94,204.95,1,204.92,2,204.96,6,204.96,204.92,204.92,2,204.9,6,204.89,2,204.88,14,204.86,7,204.85,15,204.84,1,204.83,6,204.82,8,204.81,1,204.96,6,,,,,,,,,,,,,,,,,,
2020-10-29 09:35:19,204.925,204.95,2,204.89,10,204.96,5,204.96,204.89,204.89,10,204.88,14,204.86,7,204.85,15,204.84,1,204.83,6,204.82,8,204.81,1,204.79,6,204.78,10,204.96,5,,,,,,,,,,,,,,,,,,
2020-10-29 09:35:20,205.005,204.99,1,204.97,2,205.04,2,205.04,204.97,204.97,2,204.96,2,204.95,3,204.94,2,204.93,2,204.89,10,204.88,14,204.86,7,204.85,15,204.84,1,205.04,2,205.05,3,,,,,,,,,,,,,,,,
2020-10-29 09:35:21,204.98,204.99,1,204.96,2,205.0,15,205.0,204.96,204.96,2,204.95,1,204.94,5,204.93,2,204.89,10,204.88,14,204.86,7,204.85,15,204.84,1,204.83,6,205.0,15,205.01,2,205.02,8,205.03,7,205.06,5,,,,,,,,,,
2020-10-29 09:35:22,204.995,205.01,1,204.97,3,205.02,7,205.02,204.97,204.97,3,204.96,2,204.95,1,204.94,5,204.93,2,204.89,10,204.88,14,204.86,7,204.85,15,204.84,1,205.02,7,205.03,9,205.04,7,205.05,2,205.06,5,,,,,,,,,,
2020-10-29 09:35:23,205.025,205.01,1,205.0,2,205.05,4,205.05,205.0,205.0,2,204.97,15,204.96,2,204.95,1,204.94,5,204.93,2,204.89,10,204.88,14,204.86,7,204.85,15,205.05,4,205.06,5,,,,,,,,,,,,,,,,
2020-10-29 09:35:24,205.0,204.98,1,204.96,3,205.04,1,205.04,204.96,204.96,3,204.95,1,204.94,5,204.93,2,204.89,10,204.88,14,204.86,7,204.85,15,204.84,1,204.83,6,205.04,1,205.05,2,205.06,5,,,,,,,,,,,,,,
2020-10-29 09:35:25,204.96,204.97,1,204.93,4,204.99,1,204.99,204.93,204.93,4,204.89,10,204.88,14,204.86,7,204.85,15,204.84,1,204.83,6,204.82,8,204.81,1,204.79,6,204.99,1,205.03,1,205.04,2,205.05,2,205.06,5,,,,,,,,,,
2020-10-29 09:35:26,205.01,205.01,3,204.98,9,205.04,1,205.04,204.98,204.98,9,204.97,5,204.96,6,204.95,2,204.93,5,204.92,6,204.89,10,204.88,14,204.86,7,204.85,15,205.04,1,205.06,5,,,,,,,,,,,,,,,,
2020-10-29 09:35:27,205.035,204.96,3,205.01,4,205.06,5,205.06,205.01,205.01,4,205.0,4,204.99,5,204.98,10,204.97,5,204.96,6,204.95,2,204.93,5,204.92,6,204.89,10,205.06,5,,,,,,,,,,,,,,,,,,
2020-10-29 09:35:28,205.0,205.01,2,204.97,2,205.03,5,205.03,204.97,204.97,2,204.96,5,204.95,2,204.93,5,204.92,6,204.89,10,204.88,14,204.86,7,204.85,15,204.84,1,205.03,5,205.04,6,205.05,1,205.06,6,,,,,,,,,,,,
2020-10-29 09:35:29,205.03,205.01,1,205.01,2,205.05,9,205.05,205.01,205.01,2,205.0,2,204.99,2,204.98,5,204.97,3,204.96,5,204.95,2,204.93,5,204.92,6,204.89,10,205.05,9,205.06,2,205.07,3,,,,,,,,,,,,,,
2020-10-29 09:35:30,204.995,204.97,1,204.96,1,205.03,5,205.03,204.96,204.96,1,204.95,4,204.93,2,204.92,4,204.89,10,204.88,14,204.86,7,204.85,15,204.84,1,204.83,6,205.03,5,205.04,1,205.05,9,205.06,2,205.07,3,,,,,,,,,,
2020-10-29 09:35:31,204.99,204.96,1,204.96,1,205.02,13,205.02,204.96,204.96,1,204.95,5,204.93,4,204.92,4,204.89,10,204.88,14,204.86,7,204.85,15,204.84,1,204.83,6,205.02,13,205.03,9,205.04,1,205.05,9,205.06,2,205.07,3,,,,,,,,
2020-10-29 09:35:32,205.02,205.01,1,204.97,2,205.07,3,205.07,204.97,204.97,2,204.95,11,204.94,7,204.93,2,204.92,4,204.89,10,204.88,14,204.86,7,204.85,15,204.84,1,205.07,3,,,,,,,,,,,,,,,,,,
2020-10-29 09:35:33,205.04,205.05,1,205.02,7,205.06,1,205.06,205.02,205.02,7,205.01,1,204.99,1,204.98,1,204.97,1,204.95,11,204.94,7,204.93,2,204.92,4,204.89,10,205.06,1,205.07,1,205.08,2,,,,,,,,,,,,,,
2020-10-29 09:35:34,205.01,205.05,1,204.99,1,205.03,1,205.03,204.99,204.99,1,204.98,2,204.97,1,204.95,11,204.94,7,204.93,2,204.92,4,204.89,10,204.88,14,204.86,7,205.03,1,205.04,3,205.05,2,205.06,8,205.07,1,205.08,2,,,,,,,,
2020-10-29 09:35:35,204.985,204.98,1,204.97,5,205.0,2,205.0,204.97,204.97,5,204.95,11,204.94,7,204.93,2,204.92,4,204.89,10,204.88,14,204.86,7,204.85,15,204.84,1,205.0,2,205.02,1,205.04,2,205.05,2,205.06,8,205.07,1,205.08,2,,,,,,
2020-10-29 09:35:36,204.975,204.99,1,204.95,1,205.0,4,205.0,204.95,204.95,1,204.94,2,204.93,4,204.91,1,204.89,10,204.88,14,204.86,7,204.85,15,204.84,1,204.83,6,205.0,4,205.02,1,205.04,2,205.05,2,205.06,8,205.07,1,205.08,2,,,,,,
2020-10-29 09:35:37,204.925,204.93,1,204.91,1,204.94,1,204.94,204.91,204.91,1,204.9,1,204.89,10,204.88,14,204.86,7,204.85,15,204.84,1,204.83,6,204.82,8,204.81,1,204.94,1,204.95,2,204.96,3,204.97,2,204.98,2,205.0,4,205.03,1,205.04,8,205.05,2,205.06,8
2020-10-29 09:35:38,204.94,204.92,1,204.91,6,204.97,5,204.97,204.91,204.91,6,204.9,6,204.89,10,204.88,14,204.86,7,204.85,15,204.84,1,204.83,6,204.82,8,204.81,1,204.97,5,204.98,3,205.0,4,205.03,1,205.04,8,205.05,2,205.06,8,205.07,1,205.08,2,,
2020-10-29 09:35:39,204.91,204.96,1,204.89,8,204.93,2,204.93,204.89,204.89,8,204.88,14,204.86,7,204.85,15,204.84,1,204.83,6,204.82,8,204.81,1,204.79,6,204.78,10,204.93,2,204.94,3,204.96,2,204.97,2,204.98,2,205.0,4,205.03,1,205.04,8,205.05,2,205.06,8
2020-10-29 09:35:40,204.895,204.92,1,204.87,1,204.92,2,204.92,204.87,204.87,1,204.86,6,204.85,15,204.84,1,204.83,6,204.82,8,204.81,1,204.79,6,204.78,10,204.77,2,204.92,2,204.96,2,204.97,2,204.98,2,205.0,4,205.03,1,205.04,8,205.05,2,205.06,8,205.07,1
2020-10-29 09:35:41,204.91,204.9,1,204.88,1,204.94,4,204.94,204.88,204.88,1,204.87,1,204.86,6,204.85,15,204.84,1,204.83,6,204.82,8,204.81,1,204.79,6,204.78,10,204.94,4,204.96,2,204.97,2,204.98,2,205.0,4,205.03,1,205.04,8,205.05,2,205.06,8,205.07,1
2020-10-29 09:35:42,204.895,204.89,1,204.86,6,204.93,2,204.93,204.86,204.86,6,204.85,15,204.84,1,204.83,6,204.82,8,204.81,1,204.79,6,204.78,10,204.77,2,204.76,9,204.93,2,204.94,8,204.96,2,204.97,2,204.98,2,205.0,4,205.03,1,205.04,8,205.05,2,205.06,8
2020-10-29 09:35:43,204.885,204.88,1,204.85,6,204.92,2,204.92,204.85,204.85,6,204.83,8,204.82,8,204.81,1,204.79,6,204.78,10,204.77,2,204.76,9,204.75,14,204.74,3,204.92,2,204.93,3,204.94,8,204.96,2,204.97,2,204.98,2,205.0,4,205.03,1,205.04,8,205.05,2
2020-10-29 09:35:44,204.87,204.85,1,204.84,2,204.9,5,204.9,204.84,204.84,2,204.83,5,204.82,8,204.81,1,204.79,6,204.78,10,204.77,2,204.76,9,204.75,14,204.74,3,204.9,5,204.91,3,204.92,2,204.93,3,204.94,8,204.96,2,204.97,2,204.98,2,205.0,4,205.03,1
2020-10-29 09:35:45,204.86,204.86,1,204.83,1,204.89,4,204.89,204.83,204.83,1,204.82,6,204.81,9,204.8,2,204.79,6,204.78,10,204.77,2,204.76,9,204.75,14,204.74,3,204.89,4,204.9,6,204.91,3,204.92,2,204.93,3,204.94,8,204.96,2,204.97,2,204.98,2,205.0,4
2020-10-29 09:35:46,204.86,204.85,2,204.82,11,204.9,9,204.9,204.82,204.82,11,204.81,18,204.8,2,204.79,6,204.78,10,204.77,2,204.76,9,204.75,14,204.74,3,204.73,1,204.9,9,204.91,3,204.92,2,204.93,3,204.94,8,204.96,2,204.97,2,204.98,2,205.0,4,205.03,1
2020-10-29 09:35:47,204.905,204.94,1,204.88,11,204.93,1,204.93,204.88,204.88,11,204.87,6,204.86,4,204.83,4,204.82,10,204.81,18,204.8,2,204.79,6,204.78,10,204.77,2,204.93,1,204.94,16,204.96,2,204.97,2,204.98,2,205.0,4,205.03,1,205.04,8,205.05,2,205.06,8
2020-10-29 09:35:48,204.9,204.92,1,204.86,10,204.94,17,204.94,204.86,204.86,10,204.83,4,204.82,10,204.81,18,204.8,2,204.79,6,204.78,10,204.77,2,204.76,9,204.75,14,204.94,17,204.96,2,204.97,2,204.98,2,205.0,4,205.03,1,205.04,8,205.05,2,205.06,8,205.07,1
2020-10-29 09:35:49,204.9,204.91,2,204.87,1,204.93,1,204.93,204.87,204.87,1,204.86,6,204.83,4,204.82,10,204.81,18,204.8,2,204.79,6,204.78,10,204.77,2,204.76,9,204.93,1,204.94,17,204.96,2,204.97,2,204.98,2,205.0,4,205.03,1,205.04,8,205.05,2,205.06,8
2020-10-29 09:35:50,204.875,204.86,1,204.86,1,204.89,6,204.89,204.86,204.86,1,204.85,7,204.83,6,204.82,10,204.81,18,204.8,2,204.79,6,204.78,10,204.77,2,204.76,9,204.89,6,204.9,2,204.91,11,204.92,13,204.93,7,204.94,17,204.96,2,204.97,2,204.98,2,205.0,4
2020-10-29 09:35:51,204.87,204.89,1,204.85,7,204.89,6,204.89,204.85,204.85,7,204.83,6,204.82,10,204.81,18,204.8,2,204.79,6,204.78,10,204.77,2,204.76,9,204.75,14,204.89,6,204.91,3,204.92,11,204.93,7,204.94,17,204.96,2,204.97,2,204.98,2,205.0,4,205.03,1
2020-10-29 09:35:52,204.92,204.94,1,204.9,3,204.94,14,204.94,204.9,204.9,3,204.89,1,204.88,8,204.86,8,204.85,4,204.83,3,204.82,10,204.81,18,204.8,2,204.79,6,204.94,14,204.96,2,204.97,2,204.98,2,205.0,4,205.03,1,205.04,8,205.05,2,205.06,8,205.07,1
2020-10-29 09:35:53,204.96,204.94,6,204.92,4,205.0,7,205.0,204.92,204.92,4,204.91,1,204.9,1,204.88,5,204.86,8,204.85,4,204.83,3,204.82,10,204.81,18,204.8,2,205.0,7,205.03,1,205.04,8,205.05,2,205.06,8,205.07,1,205.08,2,,,,,,
2020-10-29 09:35:54,204.895,204.91,1,204.86,8,204.93,1,204.93,204.86,204.86,8,204.85,4,204.83,3,204.82,10,204.81,18,204.8,2,204.79,6,204.78,10,204.77,2,204.76,9,204.93,1,204.94,2,204.96,1,205.0,10,205.03,1,205.04,8,205.05,2,205.06,8,205.07,1,205.08,2
2020-10-29 09:35:55,204.885,204.86,1,204.86,6,204.91,2,204.91,204.86,204.86,6,204.85,5,204.83,3,204.82,10,204.81,18,204.8,2,204.79,6,204.78,10,204.77,2,204.76,9,204.91,2,204.92,5,204.93,5,204.96,1,204.98,2,205.0,10,205.03,1,205.04,8,205.05,2,205.06,8
2020-10-29 09:35:56,204.8,204.77,1,204.77,3,204.83,2,204.83,204.77,204.77,3,204.76,7,204.75,14,204.74,3,204.73,1,204.72,8,204.71,13,204.7,1,204.69,4,204.68,7,204.83,2,204.87,5,204.88,7,204.89,7,204.9,1,204.91,2,204.92,5,204.93,5,204.96,1,204.98,2
2020-10-29 09:35:57,204.795,204.81,1,204.77,6,204.82,1,204.82,204.77,204.77,6,204.76,7,204.75,14,204.74,3,204.73,1,204.72,8,204.71,13,204.7,1,204.69,4,204.68,7,204.82,1,204.85,4,204.86,8,204.87,5,204.88,7,204.89,7,204.9,1,204.91,2,204.92,5,204.93,5
2020-10-29 09:35:58,204.78,204.78,1,204.75,6,204.81,6,204.81,204.75,204.75,6,204.74,6,204.73,6,204.72,3,204.7,6,204.69,4,204.68,7,204.67,4,204.66,5,204.65,6,204.81,6,204.82,1,204.85,4,204.86,8,204.87,5,204.88,7,204.89,7,204.9,1,204.91,2,204.92,5
2020-10-29 09:35:59,204.84,204.86,1,204.82,1,204.86,6,204.86,204.82,204.82,1,204.79,4,204.78,2,204.77,6,204.75,7,204.74,6,204.73,6,204.72,3,204.7,6,204.69,4,204.86,6,204.88,5,204.89,7,204.9,1,204.91,2,204.92,5,204.93,5,204.96,1,204.98,2,205.0,10
2020-10-29 09:36:00,204.9,204.9,1,204.88,3,204.92,1,204.92,204.88,204.88,3,204.87,12,204.86,9,204.85,6,204.84,2,204.82,7,204.79,4,204.78,2,204.77,6,204.75,7,204.92,1,204.93,2,204.94,6,204.96,1,204.98,2,205.0,10,205.03,1,205.04,8,205.05,2,205.06,8
2020-10-29 09:36:01,204.88,204.9,1,204.86,1,204.9,1,204.9,204.86,204.86,1,204.85,4,204.84,2,204.82,7,204.79,4,204.78,2,204.77,6,204.75,7,204.74,6,204.73,6,204.9,1,204.91,3,204.92,1,204.93,14,204.95,2,204.96,1,204.98,2,205.0,10,205.03,1,205.04,8
2020-10-29 09:36:02,204.9,204.9,1,204.86,1,204.94,2,204.94,204.86,204.86,1,204.85,4,204.84,2,204.82,7,204.79,4,204.78,2,204.77,6,204.75,7,204.74,6,204.73,6,204.94,2,204.95,2,204.96,1,204.98,2,205.0,10,205.03,1,205.04,8,205.05,2,205.06,8,205.07,1
2020-10-29 09:36:03,204.91,204.91,1,204.88,8,204.94,2,204.94,204.88,204.88,8,204.86,1,204.85,4,204.84,2,204.82,7,204.79,4,204.78,2,204.77,6,204.75,7,204.74,6,204.94,2,204.95,9,204.96,1,204.98,2,205.0,10,205.03,1,205.04,8,205.05,2,205.06,8,205.07,1
2020-10-29 09:36:04,204.91,204.94,1,204.88,10,204.94,3,204.94,204.88,204.88,10,204.86,1,204.85,4,204.84,2,204.82,7,204.79,4,204.78,2,204.77,6,204.75,7,204.74,6,204.94,3,204.95,9,204.96,1,204.98,2,205.0,10,205.03,1,205.04,8,205.05,2,205.06,8,205.07,1
2020-10-29 09:36:05,204.905,204.93,1,204.88,15,204.93,4,204.93,204.88,204.88,15,204.86,1,204.85,4,204.84,2,204.82,7,204.79,4,204.78,2,204.77,6,204.75,7,204.74,6,204.93,4,204.94,6,204.95,9,204.96,1,204.98,2,205.0,10,205.03,1,205.04,8,205.05,2,205.06,8
2020-10-29 09:36:06,204.93,204.93,1,204.91,1,204.95,10,204.95,204.91,204.91,1,204.9,1,204.89,6,204.88,15,204.86,1,204.85,4,204.84,2,204.82,7,204.79,4,204.78,2,204.95,10,204.96,1,204.98,2,205.0,10,205.03,1,205.04,8,205.05,2,205.06,8,205.07,1,205.08,2
2020-10-29 09:36:08,204.975,204.97,1,204.95,1,205.0,10,205.0,204.95,204.95,1,204.94,3,204.93,6,204.92,1,204.91,1,204.9,1,204.89,6,204.88,15,204.86,1,204.85,4,205.0,10,205.03,1,205.04,8,205.05,2,205.06,8,205.07,1,205.08,2,,,,,,
2020-10-29 09:36:09,205.015,205.03,1,204.99,4,205.04,6,205.04,204.99,204.99,4,204.97,2,204.96,4,204.95,7,204.94,3,204.93,6,204.92,1,204.91,1,204.9,1,204.89,6,205.04,6,205.05,2,205.06,8,205.07,1,205.08,2,,,,,,,,,,
2020-10-29 09:36:10,205.01,205.0,1,204.99,7,205.03,2,205.03,204.99,204.99,7,204.97,2,204.96,4,204.95,7,204.94,3,204.93,6,204.92,1,204.91,1,204.9,1,204.89,6,205.03,2,205.04,2,205.05,5,205.06,8,205.07,1,205.08,2,,,,,,,,
2020-10-29 09:36:11,204.965,204.97,1,204.95,2,204.98,13,204.98,204.95,204.95,2,204.94,2,204.93,6,204.92,1,204.91,1,204.9,1,204.89,6,204.88,15,204.86,1,204.85,4,204.98,13,204.99,4,205.0,11,205.01,2,205.02,2,205.03,2,205.04,2,205.05,5,205.06,8,205.07,1
2020-10-29 09:36:12,204.97,204.97,10,204.93,7,205.01,7,205.01,204.93,204.93,7,204.92,3,204.91,2,204.9,1,204.89,6,204.88,15,204.86,1,204.85,4,204.84,2,204.82,7,205.01,7,205.02,2,205.03,2,205.04,2,205.05,5,205.06,8,205.07,1,205.08,2,,,,
2020-10-29 09:36:13,204.945,204.96,1,204.91,6,204.98,1,204.98,204.91,204.91,6,204.9,1,204.89,6,204.88,15,204.86,1,204.85,4,204.84,2,204.82,7,204.79,4,204.78,2,204.98,1,205.0,2,205.01,7,205.02,2,205.03,2,205.04,2,205.05,5,205.06,8,205.07,1,205.08,2
2020-10-29 09:36:14,204.88,204.88,3,204.87,1,204.89,1,204.89,204.87,204.87,1,204.86,1,204.85,4,204.84,2,204.82,7,204.79,4,204.78,2,204.77,6,204.75,7,204.74,6,204.89,1,204.9,2,204.91,4,204.92,2,204.93,1,204.96,1,204.98,3,205.0,2,205.01,7,205.02,2
2020-10-29 09:36:15,204.92,204.93,1,204.88,11,204.96,2,204.96,204.88,204.88,11,204.87,6,204.86,1,204.85,4,204.84,2,204.82,7,204.79,4,204.78,2,204.77,6,204.75,7,204.96,2,204.97,5,204.98,3,205.0,2,205.01,7,205.02,2,205.03,2,205.04,2,205.05,5,205.06,8
2020-10-29 09:36:16,204.88,204.88,1,204.87,1,204.89,12,204.89,204.87,204.87,1,204.86,6,204.85,5,204.84,2,204.82,7,204.79,4,204.78,2,204.77,6,204.75,7,204.74,6,204.89,12,204.9,3,204.92,1,204.93,7,204.94,1,204.96,2,204.97,5,204.98,3,205.0,2,205.01,7
2020-10-29 09:36:17,204.915,204.89,1,204.88,1,204.95,1,204.95,204.88,204.88,1,204.87,3,204.86,6,204.85,6,204.84,2,204.82,7,204.79,4,204.78,2,204.77,6,204.75,7,204.95,1,204.96,2,204.97,5,204.98,3,205.0,2,205.01,7,205.02,2,205.03,2,205.04,2,205.05,5
2020-10-29 09:36:18,204.89,204.91,1,204.85,5,204.93,6,204.93,204.85,204.85,5,204.84,2,204.82,7,204.79,4,204.78,2,204.77,6,204.75,7,204.74,6,204.73,6,204.72,3,204.93,6,204.95,1,204.96,2,204.97,5,204.98,3,205.0,2,205.01,7,205.02,2,205.03,2,205.04,2
2020-10-29 09:36:19,204.91,204.91,1,204.86,2,204.96,4,204.96,204.86,204.86,2,204.85,5,204.84,2,204.82,7,204.79,4,204.78,2,204.77,6,204.75,7,204.74,6,204.73,6,204.96,4,204.97,5,204.98,3,205.0,2,205.01,7,205.02,2,205.03,2,205.04,2,205.05,5,205.06,8
2020-10-29 09:36:20,204.86,204.88,2,204.84,1,204.88,1,204.88,204.84,204.84,1,204.82,14,204.79,4,204.78,2,204.77,6,204.75,7,204.74,6,204.73,6,204.72,3,204.7,6,204.88,1,204.89,3,204.9,5,204.92,3,204.93,8,204.94,5,204.96,4,204.97,5,204.98,3,205.0,2
2020-10-29 09:36:21,204.87,204.87,1,204.85,1,204.89,2,204.89,204.85,204.85,1,204.84,2,204.82,14,204.79,4,204.78,2,204.77,6,204.75,7,204.74,6,204.73,6,204.72,3,204.89,2,204.9,2,204.91,1,204.92,2,204.93,8,204.94,5,204.96,4,204.97,5,204.98,3,205.0,2
2020-10-29 09:36:22,204.78,204.78,3,204.75,10,204.81,4,204.81,204.75,204.75,10,204.74,6,204.73,6,204.72,3,204.7,6,204.69,4,204.68,7,204.67,4,204.66,5,204.65,6,204.81,4,204.82,5,204.83,4,204.84,6,204.85,4,204.86,1,204.87,3,204.88,1,204.89,2,204.9,2
2020-10-29 09:36:23,204.665,204.67,1,204.65,13,204.68,1,204.68,204.65,204.65,13,204.64,3,204.63,11,204.62,6,204.59,1,204.56,3,204.54,8,204.53,7,204.52,7,204.5,1,204.68,1,204.7,1,204.71,3,204.72,2,204.74,8,204.75,2,204.77,2,204.79,4,204.8,2,204.82,4
2020-10-29 09:36:24,204.63,204.63,1,204.61,3,204.65,2,204.65,204.61,204.61,3,204.6,4,204.59,1,204.56,3,204.54,8,204.53,7,204.52,7,204.5,1,204.49,3,204.48,2,204.65,2,204.66,1,204.67,6,204.68,7,204.7,1,204.71,3,204.72,2,204.74,8,204.75,2,204.77,2
2020-10-29 09:36:25,204.575,204.57,1,204.54,1,204.61,2,204.61,204.54,204.54,1,204.53,9,204.52,7,204.5,1,204.49,3,204.48,2,204.47,7,204.46,7,204.45,10,204.43,1,204.61,2,204.62,3,204.63,4,204.65,5,204.66,5,204.67,6,204.68,7,204.7,1,204.71,3,204.72,2
2020-10-29 09:36:26,204.565,204.59,1,204.54,5,204.59,27,204.59,204.54,204.54,5,204.53,9,204.52,7,204.5,1,204.49,3,204.48,2,204.47,7,204.46,7,204.45,10,204.43,1,204.59,27,204.6,1,204.61,8,204.62,6,204.63,4,204.65,5,204.66,5,204.67,6,204.68,7,204.7,1
2020-10-29 09:36:27,204.57,204.59,1,204.55,5,204.59,27,204.59,204.55,204.55,5,204.54,6,204.53,9,204.52,7,204.5,1,204.49,3,204.48,2,204.47,7,204.46,7,204.45,10,204.59,27,204.6,1,204.61,8,204.62,6,204.63,4,204.65,5,204.66,5,204.67,6,204.68,7,204.7,1
2020-10-29 09:36:28,204.54,204.55,1,204.51,6,204.57,4,204.57,204.51,204.51,6,204.5,4,204.49,3,204.48,2,204.47,7,204.46,7,204.45,10,204.43,1,204.42,1,204.41,3,204.57,4,204.58,12,204.59,28,204.6,1,204.61,8,204.62,6,204.63,4,204.65,5,204.66,5,204.67,6
2020-10-29 09:36:29,204.495,204.49,1,204.47,1,204.52,7,204.52,204.47,204.47,1,204.45,2,204.43,3,204.42,1,204.41,3,204.4,12,204.39,3,204.38,9,204.37,12,204.36,10,204.52,7,204.53,3,204.54,2,204.55,1,204.57,5,204.58,12,204.59,28,204.6,1,204.61,8,204.62,6
2020-10-29 09:36:30,204.51,204.51,5,204.48,8,204.54,27,204.54,204.48,204.48,8,204.47,3,204.45,2,204.43,3,204.42,1,204.41,3,204.4,12,204.39,3,204.38,9,204.37,12,204.54,27,204.56,8,204.59,31,204.6,1,204.61,8,204.62,6,204.63,4,204.65,5,204.66,5,204.67,6
2020-10-29 09:36:31,204.48,204.49,1,204.45,7,204.51,5,204.51,204.45,204.45,7,204.43,3,204.42,1,204.41,3,204.4,12,204.39,3,204.38,9,204.37,12,204.36,10,204.35,2,204.51,5,204.52,7,204.53,8,204.54,23,204.56,8,204.59,31,204.6,1,204.61,8,204.62,6,204.63,4
2020-10-29 09:36:32,204.495,204.48,1,204.45,9,204.54,31,204.54,204.45,204.45,9,204.43,3,204.42,1,204.41,3,204.4,12,204.39,3,204.38,9,204.37,12,204.36,10,204.35,2,204.54,31,204.56,8,204.59,31,204.6,1,204.61,8,204.62,6,204.63,4,204.65,5,204.66,5,204.67,6
2020-10-29 09:36:33,204.49,204.48,1,204.46,1,204.52,1,204.52,204.46,204.46,1,204.45,9,204.43,3,204.42,1,204.41,3,204.4,12,204.39,3,204.38,9,204.37,12,204.36,10,204.52,1,204.53,23,204.54,31,204.56,8,204.59,31,204.6,1,204.61,8,204.62,6,204.63,4,204.65,5
2020-10-29 09:36:34,204.515,204.52,1,204.5,5,204.53,21,204.53,204.5,204.5,5,204.48,2,204.47,3,204.46,2,204.45,9,204.43,3,204.42,1,204.41,3,204.4,12,204.39,3,204.53,21,204.54,31,204.56,8,204.59,31,204.6,1,204.61,8,204.62,6,204.63,4,204.65,5,204.66,5
2020-10-29 09:36:35,204.5,204.53,3,204.47,3,204.53,11,204.53,204.47,204.47,3,204.46,3,204.45,9,204.43,3,204.42,1,204.41,3,204.4,12,204.39,3,204.38,9,204.37,12,204.53,11,204.54,31,204.56,8,204.59,31,204.6,1,204.61,8,204.62,6,204.63,4,204.65,5,204.66,5
2020-10-29 09:36:36,204.49,204.49,1,204.47,4,204.51,1,204.51,204.47,204.47,4,204.46,3,204.45,9,204.43,3,204.42,1,204.41,3,204.4,12,204.39,3,204.38,9,204.37,12,204.51,1,204.52,5,204.53,7,204.54,31,204.56,8,204.59,31,204.6,1,204.61,8,204.62,6,204.63,4
2020-10-29 09:36:37,204.45,204.45,1,204.44,2,204.47,2,204.47,204.44,204.44,2,204.43,3,204.42,1,204.41,3,204.4,12,204.39,3,204.38,9,204.37,12,204.36,10,204.35,2,204.46,1,204.47,2,204.48,7,204.49,7,204.5,5,204.51,7,204.52,5,204.53,11,204.54,6,204.55,12
2020-10-29 09:36:38,204.445,204.45,3,204.41,2,204.48,7,204.48,204.41,204.41,2,204.4,8,204.39,3,204.38,9,204.37,12,204.36,10,204.35,2,204.34,2,204.33,1,204.32,3,204.48,7,204.49,7,204.5,5,204.51,7,204.52,5,204.53,11,204.54,6,204.55,12,204.56,9,204.59,31
2020-10-29 09:36:39,204.455,204.45,1,204.43,3,204.48,7,204.48,204.43,204.43,3,204.42,9,204.41,7,204.4,8,204.39,3,204.38,9,204.37,12,204.36,10,204.35,2,204.34,2,204.48,7,204.49,7,204.5,5,204.51,7,204.52,5,204.53,11,204.54,6,204.55,12,204.56,9,204.59,31
2020-10-29 09:36:40,204.515,204.54,1,204.49,10,204.54,2,204.54,204.49,204.49,10,204.48,14,204.47,4,204.46,3,204.44,4,204.43,3,204.42,9,204.41,7,204.4,8,204.39,3,204.54,2,204.56,10,204.59,31,204.6,1,204.61,8,204.62,6,204.63,4,204.65,5,204.66,5,204.67,6
2020-10-29 09:36:41,204.46,204.45,1,204.44,3,204.48,12,204.48,204.44,204.44,3,204.43,3,204.42,9,204.41,7,204.4,8,204.39,3,204.38,9,204.37,12,204.36,10,204.35,2,204.48,12,204.49,4,204.5,6,204.51,3,204.52,2,204.54,2,204.56,10,204.59,31,204.6,1,204.61,8
2020-10-29 09:36:42,204.41,204.41,1,204.39,5,204.43,2,204.43,204.39,204.39,5,204.38,2,204.36,2,204.35,7,204.34,2,204.33,1,204.32,3,204.31,8,204.3,11,204.29,4,204.43,2,204.44,6,204.45,2,204.46,5,204.47,6,204.48,12,204.49,4,204.5,6,204.51,3,204.52,2
2020-10-29 09:36:43,204.41,204.43,1,204.39,5,204.43,2,204.43,204.39,204.39,5,204.38,2,204.36,2,204.35,7,204.34,2,204.33,1,204.32,3,204.31,8,204.3,11,204.29,4,204.43,2,204.45,3,204.46,5,204.47,6,204.48,12,204.49,4,204.5,6,204.51,3,204.52,2,204.54,2
2020-10-29 09:36:44,204.415,204.4,1,204.39,5,204.44,1,204.44,204.39,204.39,5,204.38,2,204.36,2,204.35,7,204.34,2,204.33,1,204.32,3,204.31,8,204.3,11,204.29,4,204.44,1,204.45,3,204.46,5,204.47,6,204.48,12,204.49,4,204.5,6,204.51,3,204.52,2,204.54,2
2020-10-29 09:36:45,204.405,204.41,1,204.37,1,204.44,3,204.44,204.37,204.37,1,204.36,2,204.35,7,204.34,2,204.33,1,204.32,3,204.31,8,204.3,11,204.29,4,204.28,3,204.44,3,204.45,3,204.46,5,204.47,6,204.48,12,204.49,4,204.5,6,204.51,3,204.52,2,204.54,2
2020-10-29 09:36:46,204.42,204.42,1,204.4,1,204.44,3,204.44,204.4,204.4,1,204.38,1,204.37,4,204.36,2,204.35,7,204.34,2,204.33,1,204.32,3,204.31,8,204.3,11,204.44,3,204.45,3,204.46,5,204.47,6,204.48,12,204.49,4,204.5,6,204.51,3,204.52,2,204.54,2
2020-10-29 09:36:47,204.395,204.37,1,204.38,1,204.41,4,204.41,204.38,204.38,1,204.37,7,204.36,2,204.35,7,204.34,2,204.33,1,204.32,3,204.31,8,204.3,11,204.29,4,204.41,4,204.42,6,204.43,3,204.44,3,204.45,3,204.46,5,204.47,6,204.48,12,204.49,4,204.5,6
2020-10-29 09:36:48,204.455,204.46,1,204.44,3,204.47,8,204.47,204.44,204.44,3,204.43,7,204.42,6,204.41,4,204.4,4,204.39,2,204.38,1,204.37,7,204.36,2,204.35,7,204.47,8,204.48,12,204.49,4,204.5,6,204.51,3,204.52,2,204.54,2,204.56,10,204.59,31,204.6,1
2020-10-29 09:36:49,204.45,204.45,1,204.44,1,204.46,6,204.46,204.44,204.44,1,204.43,8,204.42,6,204.41,4,204.4,4,204.39,2,204.38,1,204.37,7,204.36,2,204.35,7,204.46,6,204.47,3,204.48,4,204.49,3,204.5,6,204.51,3,204.52,2,204.54,2,204.56,10,204.59,31
2020-10-29 09:36:50,204.39,204.41,1,204.37,7,204.41,15,204.41,204.37,204.37,7,204.36,2,204.35,7,204.34,2,204.33,1,204.32,3,204.31,8,204.3,11,204.29,4,204.28,3,204.41,15,204.42,1,204.43,4,204.44,7,204.45,2,204.46,13,204.47,2,204.48,3,204.49,10,204.5,6
2020-10-29 09:36:51,204.315,204.32,1,204.3,14,204.33,2,204.33,204.3,204.3,14,204.29,4,204.28,3,204.27,1,204.26,1,204.25,10,204.24,10,204.22,1,204.2,2,204.19,3,204.33,2,204.34,3,204.36,5,204.37,5,204.38,13,204.39,1,204.4,13,204.41,1,204.42,4,204.43,4
2020-10-29 09:36:52,204.38,204.38,1,204.35,1,204.41,3,204.41,204.35,204.35,1,204.34,6,204.33,2,204.31,8,204.3,14,204.29,4,204.28,3,204.27,1,204.26,1,204.25,10,204.41,3,204.42,4,204.43,4,204.44,7,204.45,2,204.46,13,204.47,2,204.48,3,204.49,10,204.5,6
2020-10-29 09:36:53,204.39,204.39,1,204.37,3,204.41,7,204.41,204.37,204.37,3,204.35,7,204.34,6,204.33,2,204.31,8,204.3,14,204.29,4,204.28,3,204.27,1,204.26,1,204.41,7,204.42,4,204.43,4,204.44,7,204.45,2,204.46,13,204.47,2,204.48,3,204.49,10,204.5,6
2020-10-29 09:36:54,204.42,204.4,1,204.4,7,204.44,5,204.44,204.4,204.4,7,204.39,3,204.38,4,204.37,4,204.35,7,204.34,6,204.33,2,204.31,8,204.3,14,204.29,4,204.44,5,204.45,2,204.46,13,204.47,2,204.48,3,204.49,10,204.5,6,204.51,3,204.52,2,204.54,2
2020-10-29 09:36:55,204.41,204.4,1,204.39,1,204.43,1,204.43,204.39,204.39,1,204.38,1,204.37,5,204.35,7,204.34,6,204.33,2,204.31,8,204.3,14,204.29,4,204.28,3,204.43,1,204.44,2,204.45,4,204.46,1,204.47,9,204.48,3,204.49,10,204.5,6,204.51,3,204.52,2
2020-10-29 09:36:56,204.43,204.4,1,204.4,1,204.46,3,204.46,204.4,204.4,1,204.39,2,204.38,1,204.37,5,204.35,7,204.34,6,204.33,2,204.31,8,204.3,14,204.29,4,204.46,3,204.47,9,204.48,3,204.49,10,204.5,6,204.51,3,204.52,2,204.54,2,204.56,10,204.59,31
2020-10-29 09:36:57,204.465,204.46,9,204.44,7,204.49,8,204.49,204.44,204.44,7,204.43,6,204.42,9,204.41,6,204.4,3,204.39,2,204.38,1,204.37,5,204.35,7,204.34,6,204.49,8,204.5,6,204.51,3,204.52,2,204.54,2,204.56,10,204.59,31,204.6,1,204.61,8,204.62,6
2020-10-29 09:36:58,204.415,204.42,1,204.39,3,204.44,1,204.44,204.39,204.39,3,204.38,1,204.37,5,204.35,7,204.34,6,204.33,2,204.31,8,204.3,14,204.29,4,204.28,3,204.44,1,204.45,5,204.46,5,204.47,6,204.48,3,204.49,3,204.5,9,204.51,7,204.52,6,204.53,3
2020-10-29 09:36:59,204.475,204.45,1,204.44,9,204.51,10,204.51,204.44,204.44,9,204.43,1,204.42,6,204.41,5,204.39,3,204.38,1,204.37,5,204.35,7,204.34,6,204.33,2,204.51,10,204.52,6,204.53,3,204.54,3,204.56,10,204.59,31,204.6,1,204.61,8,204.62,6,204.63,4
2020-10-29 09:37:00,204.48,204.48,2,204.45,3,204.51,10,204.51,204.45,204.45,3,204.44,9,204.43,1,204.42,6,204.41,5,204.39,3,204.38,1,204.37,5,204.35,7,204.34,6,204.51,10,204.52,6,204.53,3,204.54,3,204.56,10,204.59,31,204.6,1,204.61,8,204.62,6,204.63,4
2020-10-29 09:37:01,204.52,204.53,1,204.48,6,204.56,2,204.56,204.48,204.48,6,204.47,1,204.46,2,204.45,6,204.44,9,204.43,1,204.42,6,204.41,5,204.39,3,204.38,1,204.56,2,204.57,6,204.58,3,204.59,3,204.61,9,204.62,6,204.63,4,204.65,5,204.66,5,204.67,6
2020-10-29 09:37:02,204.6,204.62,2,204.58,7,204.62,161,204.62,204.58,204.58,3,204.57,6,204.56,6,204.55,10,204.54,9,204.53,6,204.52,12,204.51,7,204.5,1,204.48,6,204.62,161,204.63,4,204.65,5,204.66,5,204.67,6,204.68,7,204.7,1,204.71,3,204.72,2,204.74,8
2020-10-29 09:37:03,204.675,204.68,1,204.65,1,204.7,9,204.7,204.65,204.65,1,204.63,8,204.62,12,204.61,6,204.6,7,204.59,14,204.58,7,204.57,6,204.56,6,204.55,10,204.7,9,204.71,8,204.72,2,204.74,8,204.75,2,204.77,2,204.79,4,204.8,2,204.82,4,204.83,4
2020-10-29 09:37:04,204.63,204.61,1,204.61,11,204.65,1,204.65,204.61,204.61,11,204.6,7,204.59,14,204.58,7,204.57,6,204.56,6,204.55,10,204.54,9,204.53,6,204.52,12,204.65,1,204.67,2,204.68,1,204.69,2,204.7,7,204.71,8,204.72,2,204.74,8,204.75,2,204.77,2
2020-10-29 09:37:05,204.68,204.67,19,204.65,2,204.71,7,204.71,204.65,204.65,2,204.64,2,204.63,6,204.62,11,204.61,6,204.6,1,204.59,9,204.58,7,204.57,5,204.56,7,204.71,7,204.72,2,204.74,8,204.75,2,204.77,2,204.79,4,204.8,2,204.82,4,204.83,4,204.84,6
2020-10-29 09:37:06,204.735,204.73,1,204.71,13,204.76,7,204.76,204.71,204.71,13,204.7,4,204.69,9,204.68,7,204.67,9,204.66,8,204.65,5,204.62,11,204.61,6,204.6,1,204.76,7,204.77,2,204.79,4,204.8,2,204.82,4,204.83,4,204.84,6,204.85,4,204.86,1,204.87,3
2020-10-29 09:37:07,204.705,204.71,1,204.69,10,204.72,3,204.72,204.69,204.69,10,204.68,7,204.67,9,204.66,8,204.65,5,204.62,11,204.61,6,204.6,1,204.59,9,204.58,7,204.72,3,204.73,8,204.74,5,204.75,3,204.76,8,204.77,2,204.79,4,204.8,2,204.82,4,204.83,4
2020-10-29 09:37:08,204.72,204.74,1,204.69,1,204.75,4,204.75,204.69,204.69,1,204.68,10,204.67,10,204.66,8,204.65,5,204.62,11,204.61,6,204.6,1,204.59,9,204.58,7,204.75,4,204.76,8,204.77,2,204.79,4,204.8,2,204.82,4,204.83,4,204.84,6,204.85,4,204.86,1
2020-10-29 09:37:09,204.745,204.75,2,204.72,4,204.77,9,204.77,204.72,204.72,4,204.71,12,204.7,6,204.69,4,204.68,9,204.67,10,204.66,8,204.65,5,204.62,11,204.61,6,204.77,9,204.79,4,204.8,2,204.82,4,204.83,4,204.84,6,204.85,4,204.86,1,204.87,3,204.88,1
2020-10-29 09:37:10,204.73,204.72,1,204.72,1,204.74,2,204.74,204.72,204.72,1,204.69,5,204.68,11,204.67,10,204.66,8,204.65,5,204.62,11,204.61,6,204.6,1,204.59,9,204.74,2,204.76,6,204.77,6,204.78,2,204.79,4,204.8,2,204.82,4,204.83,4,204.84,6,204.85,4
2020-10-29 09:37:11,204.845,204.86,2,204.82,7,204.87,2,204.87,204.82,204.82,7,204.81,7,204.8,13,204.79,6,204.78,9,204.77,10,204.76,6,204.75,1,204.73,2,204.72,7,204.87,2,204.88,1,204.89,2,204.9,2,204.91,1,204.92,2,204.93,8,204.94,5,204.96,4,204.97,5
2020-10-29 09:37:12,204.845,204.85,1,204.83,7,204.86,3,204.86,204.83,204.83,7,204.82,5,204.81,8,204.8,13,204.79,6,204.78,9,204.77,10,204.76,6,204.75,1,204.73,2,204.86,3,204.87,3,204.89,4,204.9,2,204.92,1,204.93,7,204.94,5,204.96,4,204.97,5,204.98,3
2020-10-29 09:37:13,204.84,204.84,1,204.81,8,204.87,4,204.87,204.81,204.81,8,204.8,13,204.79,6,204.78,9,204.77,10,204.76,6,204.75,1,204.73,2,204.72,7,204.71,10,204.87,4,204.89,4,204.9,2,204.92,1,204.93,7,204.94,5,204.96,4,204.97,5,204.98,3,205.0,2
2020-10-29 09:37:14,204.79,204.79,1,204.77,2,204.81,4,204.81,204.77,204.77,2,204.76,10,204.75,4,204.74,4,204.73,2,204.72,7,204.71,10,204.7,10,204.69,5,204.68,11,204.81,4,204.82,15,204.83,7,204.84,6,204.85,4,204.86,1,204.87,5,204.89,4,204.9,2,204.92,1
2020-10-29 09:37:15,204.79,204.8,1,204.75,1,204.83,8,204.83,204.75,204.75,1,204.74,5,204.73,3,204.72,3,204.71,3,204.69,5,204.68,11,204.67,10,204.66,8,204.65,5,204.83,8,204.84,6,204.85,4,204.86,1,204.87,5,204.89,4,204.9,2,204.92,1,204.93,7,204.94,5
2020-10-29 09:37:16,204.765,204.76,1,204.73,1,204.8,2,204.8,204.73,204.73,1,204.71,4,204.69,5,204.68,11,204.67,10,204.66,8,204.65,5,204.62,11,204.61,6,204.6,1,204.8,2,204.81,1,204.82,4,204.83,8,204.84,6,204.85,4,204.86,1,204.87,5,204.89,4,204.9,2
2020-10-29 09:37:17,204.775,204.76,1,204.74,5,204.81,2,204.81,204.74,204.74,5,204.73,4,204.71,4,204.69,5,204.68,11,204.67,10,204.66,8,204.65,5,204.62,11,204.61,6,204.81,2,204.82,4,204.83,8,204.84,6,204.85,4,204.86,1,204.87,5,204.89,4,204.9,2,204.92,1
2020-10-29 09:37:18,204.815,204.81,1,204.8,2,204.83,5,204.83,204.8,204.8,2,204.77,4,204.76,2,204.75,6,204.74,5,204.73,4,204.71,4,204.69,5,204.68,11,204.67,10,204.83,5,204.84,6,204.85,4,204.86,1,204.87,5,204.89,4,204.9,2,204.92,1,204.93,7,204.94,5
2020-10-29 09:37:19,204.835,204.83,1,204.8,4,204.87,8,204.87,204.8,204.8,4,204.77,4,204.76,2,204.75,6,204.74,5,204.73,4,204.71,4,204.69,5,204.68,11,204.67,10,204.87,8,204.89,4,204.9,2,204.92,1,204.93,7,204.94,5,204.96,4,204.97,5,204.98,3,205.0,2
2020-10-29 09:37:20,204.845,204.84,1,204.82,1,204.87,7,204.87,204.82,204.82,1,204.8,5,204.77,4,204.76,2,204.75,6,204.74,5,204.73,4,204.71,4,204.69,5,204.68,11,204.87,7,204.88,7,204.89,4,204.9,2,204.92,1,204.93,7,204.94,5,204.96,4,204.97,5,204.98,3
2020-10-29 09:37:21,204.83,204.85,1,204.8,6,204.86,5,204.86,204.8,204.8,6,204.77,4,204.76,2,204.75,6,204.74,5,204.73,4,204.71,4,204.69,5,204.68,11,204.67,10,204.86,5,204.87,9,204.88,12,204.89,4,204.9,2,204.92,1,204.93,7,204.94,5,204.96,4,204.97,5
2020-10-29 09:37:22,204.825,204.8,3,204.8,9,204.85,2,204.85,204.8,204.8,9,204.77,4,204.76,2,204.75,6,204.74,5,204.73,4,204.71,4,204.69,5,204.68,11,204.67,10,204.85,2,204.86,4,204.87,9,204.88,12,204.89,4,204.9,2,204.92,1,204.93,7,204.94,5,204.96,4
2020-10-29 09:37:23,204.775,204.76,1,204.74,8,204.81,6,204.81,204.74,204.74,8,204.73,4,204.71,4,204.69,5,204.68,11,204.67,10,204.66,8,204.65,5,204.62,11,204.61,6,204.81,6,204.82,14,204.84,5,204.85,1,204.86,4,204.87,9,204.88,12,204.89,4,204.9,2,204.92,1
