sim_time,mid_price,last_price,last_size,best_bid_price,best_bid_size,best_ask_price,best_ask_size,close_price_buy,close_price_sell,bid1_price,bid1_size,bid2_price,bid2_size,bid3_price,bid3_size,bid4_price,bid4_size,bid5_price,bid5_size,bid6_price,bid6_size,bid7_price,bid7_size,bid8_price,bid8_size,bid9_price,bid9_size,bid10_price,bid10_size,ask1_price,ask1_size,ask2_price,ask2_size,ask3_price,ask3_size,ask4_price,ask4_size,ask5_price,ask5_size,ask6_price,ask6_size,ask7_price,ask7_size,ask8_price,ask8_size,ask9_price,ask9_size,ask10_price,ask10_size
2026-02-05 09:30:17,64.27,64.27,4,64.2,600,64.34,400,64.34,64.2,64.2,600,64.19,300,64.16,600,64.13,600,64.12,100,64.11,400,64.1,700,64.04,100,64.03,200,64.02,300,64.34,400,64.35,500,64.36,300,64.37,100,,,,,,,,,,,,
2026-02-05 09:30:18,64.27,64.27,4,64.2,600,64.34,400,64.34,64.2,64.2,600,64.19,300,64.16,600,64.13,600,64.12,100,64.11,400,64.1,700,64.04,100,64.03,200,64.02,300,64.34,400,64.35,500,64.36,300,64.37,100,,,,,,,,,,,,
2026-02-05 09:30:20,64.27,64.27,4,64.2,600,64.34,400,64.34,64.2,64.2,600,64.19,300,64.16,600,64.13,600,64.12,100,64.11,400,64.1,700,64.04,100,64.03,200,64.02,300,64.34,400,64.35,500,64.36,300,64.37,100,,,,,,,,,,,,
2026-02-05 09:30:21,64.27,64.27,4,64.2,600,64.34,400,64.34,64.2,64.2,600,64.19,300,64.16,600,64.13,600,64.12,100,64.11,400,64.1,700,64.04,100,64.03,200,64.02,300,64.34,400,64.35,500,64.36,300,64.37,100,,,,,,,,,,,,
2026-02-05 09:30:22,64.27,64.22,4,64.2,600,64.34,400,64.34,64.2,64.2,600,64.19,300,64.16,600,64.13,600,64.12,100,64.11,400,64.1,700,64.04,100,64.03,200,64.02,300,64.34,400,64.35,500,64.36,300,64.37,100,,,,,,,,,,,,
2026-02-05 09:30:22,64.27,64.22,4,64.2,600,64.34,400,64.34,64.2,64.2,600,64.19,300,64.16,600,64.13,600,64.12,100,64.11,400,64.1,700,64.04,100,64.03,200,64.02,300,64.34,400,64.35,500,64.36,300,64.37,100,,,,,,,,,,,,
2026-02-05 09:30:24,64.27,64.22,1,64.2,600,64.34,400,64.34,64.2,64.2,600,64.19,300,64.16,600,64.13,600,64.12,100,64.11,400,64.1,700,64.04,100,64.03,200,64.02,300,64.34,400,64.35,500,64.36,300,64.37,100,,,,,,,,,,,,
2026-02-05 09:30:25,64.27,64.22,1,64.2,500,64.34,400,64.34,64.2,64.2,500,64.19,300,64.16,600,64.13,600,64.12,100,64.11,400,64.1,700,64.04,100,64.03,200,64.02,300,64.34,400,64.35,500,64.36,300,64.37,100,,,,,,,,,,,,
2026-02-05 09:30:26,64.27,64.22,1,64.2,500,64.34,400,64.34,64.2,64.2,500,64.19,300,64.16,600,64.13,600,64.12,100,64.11,400,64.1,700,64.04,100,64.03,200,64.02,300,64.34,400,64.35,500,64.36,300,64.37,100,,,,,,,,,,,,
2026-02-05 09:30:27,64.27,64.22,1,64.2,400,64.34,700,64.34,64.2,64.2,400,64.19,300,64.16,600,64.13,600,64.12,100,64.11,400,64.1,700,64.04,100,64.03,200,64.02,300,64.34,700,64.35,500,64.36,300,64.37,100,,,,,,,,,,,,
2026-02-05 09:30:28,64.225,64.21,1,64.18,200,64.27,200,64.27,64.18,64.18,200,64.16,600,64.13,600,64.12,100,64.11,400,64.1,700,64.04,100,64.03,200,64.02,300,63.99,400,64.27,200,64.32,100,64.33,100,64.34,800,64.35,500,64.36,300,64.37,100,,,,,,
2026-02-05 09:30:29,64.225,64.21,1,64.18,200,64.27,2200,64.27,64.18,64.18,200,64.16,600,64.13,600,64.12,100,64.11,400,64.1,700,64.04,100,64.03,200,64.02,300,63.99,400,64.27,2200,64.32,100,64.33,100,64.34,800,64.35,500,64.36,300,64.37,100,,,,,,
2026-02-05 09:30:30,64.22,64.22,1,64.18,200,64.26,400,64.26,64.18,64.18,200,64.16,600,64.13,600,64.12,100,64.11,400,64.1,700,64.04,100,64.03,200,64.02,300,63.99,400,64.26,400,64.27,2200,64.32,100,64.33,100,64.34,800,64.35,500,64.36,300,64.37,100,,,,
2026-02-05 09:30:31,64.175,64.18,1,64.15,900,64.2,300,64.2,64.15,64.15,900,64.13,600,64.12,100,64.11,400,64.1,700,64.04,100,64.03,200,64.02,300,63.99,400,63.98,600,64.2,300,64.26,400,64.27,2200,64.32,100,64.33,100,64.34,800,64.35,500,64.36,300,64.37,100,,
2026-02-05 09:30:32,64.175,64.18,1,64.15,900,64.2,300,64.2,64.15,64.15,900,64.13,600,64.12,100,64.11,400,64.1,700,64.04,100,64.03,200,64.02,300,63.99,400,63.98,600,64.2,300,64.26,400,64.27,2200,64.32,100,64.33,100,64.34,800,64.35,500,64.36,300,64.37,100,,
2026-02-05 09:30:33,64.205,64.19,1,64.15,700,64.26,500,64.26,64.15,64.15,700,64.13,600,64.12,100,64.11,400,64.1,700,64.04,100,64.03,200,64.02,300,63.99,400,63.98,600,64.26,500,64.27,2200,64.32,100,64.33,100,64.34,800,64.35,500,64.36,300,64.37,100,,,,
2026-02-05 09:30:34,64.19,64.15,1,64.13,200,64.25,700,64.25,64.13,64.13,200,64.11,100,64.1,1000,64.04,100,64.03,200,64.02,300,63.99,400,63.98,600,63.97,500,63.96,100,64.25,700,64.26,500,64.27,2200,64.32,100,64.33,100,64.34,800,64.35,500,64.36,300,64.37,100,,
2026-02-05 09:30:35,64.19,64.14,1,64.13,200,64.25,1100,64.25,64.13,64.13,200,64.11,100,64.1,1000,64.04,100,64.03,200,64.02,300,63.99,400,63.98,600,63.97,500,63.96,100,64.25,1100,64.26,500,64.27,2200,64.32,100,64.33,100,64.34,800,64.35,500,64.36,300,64.37,100,,
2026-02-05 09:30:36,64.19,64.14,1,64.13,200,64.25,800,64.25,64.13,64.13,200,64.11,100,64.1,1000,64.04,100,64.03,200,64.02,300,63.99,400,63.98,600,63.97,500,63.96,100,64.25,800,64.26,500,64.27,2200,64.32,100,64.33,100,64.34,800,64.35,500,64.36,300,64.37,100,,
2026-02-05 09:30:37,64.19,64.14,1,64.13,200,64.25,800,64.25,64.13,64.13,200,64.11,100,64.1,1000,64.04,100,64.03,200,64.02,300,63.99,400,63.98,600,63.97,500,63.96,100,64.25,800,64.26,500,64.27,2200,64.32,100,64.33,100,64.34,800,64.35,500,64.36,300,64.37,100,,
2026-02-05 09:30:38,64.19,64.14,1,64.13,200,64.25,800,64.25,64.13,64.13,200,64.11,100,64.1,1000,64.04,100,64.03,200,64.02,300,63.99,400,63.98,600,63.97,500,63.96,100,64.25,800,64.26,500,64.27,2200,64.32,100,64.33,100,64.34,800,64.35,500,64.36,300,64.37,100,,
2026-02-05 09:30:39,64.19,64.14,1,64.13,200,64.25,800,64.25,64.13,64.13,200,64.11,100,64.1,1000,64.04,100,64.03,200,64.02,300,63.99,400,63.98,600,63.97,500,63.96,100,64.25,800,64.26,500,64.27,2200,64.32,100,64.33,100,64.34,800,64.35,500,64.36,300,64.37,100,,
2026-02-05 09:30:40,64.185,64.19,1,64.13,300,64.24,300,64.24,64.13,64.13,300,64.11,100,64.1,1000,64.04,100,64.03,200,64.02,300,63.99,400,63.98,600,63.97,500,63.96,100,64.24,300,64.25,800,64.26,500,64.27,2200,64.32,100,64.33,100,64.34,800,64.35,500,64.36,300,64.37,100
2026-02-05 09:30:41,64.185,64.19,1,64.13,300,64.24,300,64.24,64.13,64.13,300,64.11,100,64.1,1000,64.04,100,64.03,200,64.02,300,63.99,400,63.98,600,63.97,500,63.96,100,64.24,300,64.25,800,64.26,500,64.27,2200,64.32,100,64.33,100,64.34,800,64.35,500,64.36,300,64.37,100
2026-02-05 09:30:41,64.185,64.19,1,64.13,300,64.24,300,64.24,64.13,64.13,300,64.11,100,64.1,1000,64.04,100,64.03,200,64.02,300,63.99,400,63.98,600,63.97,500,63.96,100,64.24,300,64.25,800,64.26,500,64.27,2200,64.32,100,64.33,100,64.34,800,64.35,500,64.36,300,64.37,100
2026-02-05 09:30:43,64.185,64.19,1,64.13,300,64.24,300,64.24,64.13,64.13,300,64.11,100,64.1,1000,64.04,100,64.03,200,64.02,300,63.99,400,63.98,600,63.97,500,63.96,100,64.24,300,64.25,800,64.26,500,64.27,2200,64.32,100,64.33,100,64.34,800,64.35,500,64.36,300,64.37,100
2026-02-05 09:30:44,64.225,64.22,1,64.21,100,64.24,300,64.24,64.21,64.21,100,64.13,300,64.11,100,64.1,1000,64.04,100,64.03,200,64.02,300,63.99,400,63.98,600,63.97,500,64.24,300,64.25,800,64.26,500,64.27,2200,64.32,100,64.33,100,64.34,800,64.35,500,64.36,300,64.37,100
2026-02-05 09:30:45,64.205,64.16,1,64.16,400,64.25,300,64.25,64.16,64.16,400,64.13,300,64.11,100,64.1,1000,64.04,100,64.03,200,64.02,300,63.99,400,63.98,600,63.97,500,64.25,300,64.26,200,64.27,2200,64.32,100,64.33,100,64.34,800,64.35,500,64.36,300,64.37,100,,
2026-02-05 09:30:46,64.21,64.16,1,64.16,400,64.26,500,64.26,64.16,64.16,400,64.13,300,64.11,100,64.1,1000,64.04,100,64.03,200,64.02,300,63.99,400,63.98,600,63.97,500,64.26,500,64.27,2200,64.32,100,64.33,100,64.34,800,64.35,500,64.36,300,64.37,100,,,,
2026-02-05 09:30:47,64.21,64.16,1,64.16,400,64.26,500,64.26,64.16,64.16,400,64.13,300,64.11,100,64.1,1000,64.04,100,64.03,200,64.02,300,63.99,400,63.98,600,63.97,500,64.26,500,64.27,2200,64.32,100,64.33,100,64.34,800,64.35,500,64.36,300,64.37,100,,,,
2026-02-05 09:30:48,64.21,64.17,1,64.16,400,64.26,1100,64.26,64.16,64.16,400,64.13,300,64.11,100,64.1,1000,64.04,100,64.03,200,64.02,300,63.99,400,63.98,600,63.97,500,64.26,1100,64.27,2200,64.32,100,64.33,100,64.34,800,64.35,500,64.36,300,64.37,100,,,,
2026-02-05 09:30:48,64.21,64.17,1,64.16,400,64.26,1100,64.26,64.16,64.16,400,64.13,300,64.11,100,64.1,1000,64.04,100,64.03,200,64.02,300,63.99,400,63.98,600,63.97,500,64.26,1100,64.27,2200,64.32,100,64.33,100,64.34,800,64.35,500,64.36,300,64.37,100,,,,
2026-02-05 09:30:50,64.21,64.17,1,64.16,600,64.26,800,64.26,64.16,64.16,600,64.13,300,64.11,100,64.1,1000,64.04,100,64.03,200,64.02,300,63.99,400,63.98,600,63.97,500,64.26,800,64.27,2200,64.32,100,64.33,100,64.34,800,64.35,500,64.36,300,64.37,100,,,,
2026-02-05 09:30:51,64.21,64.17,1,64.16,600,64.26,400,64.26,64.16,64.16,600,64.13,300,64.11,100,64.1,1000,64.04,100,64.03,200,64.02,300,63.99,400,63.98,600,63.97,500,64.26,400,64.27,2200,64.32,100,64.33,100,64.34,800,64.35,500,64.36,300,64.37,100,,,,
2026-02-05 09:30:52,64.21,64.21,5,64.16,600,64.26,400,64.26,64.16,64.16,600,64.13,300,64.11,100,64.1,1000,64.04,100,64.03,200,64.02,300,63.99,400,63.98,600,63.97,500,64.26,400,64.27,2200,64.32,100,64.33,100,64.34,800,64.35,500,64.36,300,64.37,100,,,,
2026-02-05 09:30:53,64.21,64.21,2,64.16,600,64.26,400,64.26,64.16,64.16,600,64.13,300,64.11,100,64.1,1000,64.04,100,64.03,200,64.02,300,63.99,400,63.98,600,63.97,500,64.26,400,64.27,2200,64.32,100,64.33,100,64.34,800,64.35,500,64.36,300,64.37,100,,,,
2026-02-05 09:30:54,64.195,64.21,2,64.13,800,64.26,400,64.26,64.13,64.13,800,64.11,100,64.1,1000,64.04,100,64.03,200,64.02,300,63.99,400,63.98,600,63.97,500,63.96,100,64.26,400,64.27,2200,64.32,100,64.33,100,64.34,800,64.35,500,64.36,300,64.37,100,,,,
2026-02-05 09:30:55,64.2,64.21,2,64.13,1000,64.27,2300,64.27,64.13,64.13,1000,64.11,100,64.1,1000,64.04,100,64.03,200,64.02,300,63.99,400,63.98,600,63.97,500,63.96,100,64.27,2300,64.32,100,64.33,100,64.34,800,64.35,500,64.36,300,64.37,100,,,,,,
2026-02-05 09:30:56,64.2,64.21,2,64.13,900,64.27,2300,64.27,64.13,64.13,900,64.11,100,64.1,1000,64.04,100,64.03,200,64.02,300,63.99,400,63.98,600,63.97,500,63.96,100,64.27,2300,64.32,100,64.33,100,64.34,800,64.35,500,64.36,300,64.37,100,,,,,,
2026-02-05 09:30:57,64.22,64.19,1,64.17,100,64.27,2300,64.27,64.17,64.17,100,64.16,100,64.14,100,64.13,900,64.11,100,64.1,1000,64.04,100,64.03,200,64.02,300,63.99,400,64.27,2300,64.32,100,64.33,100,64.34,800,64.35,500,64.36,300,64.37,100,,,,,,
2026-02-05 09:30:58,64.2,64.19,1,64.13,1600,64.27,2800,64.27,64.13,64.13,1600,64.11,100,64.1,1000,64.04,100,64.03,200,64.02,300,63.99,400,63.98,600,63.97,500,63.96,100,64.27,2800,64.32,100,64.33,100,64.34,800,64.35,500,64.36,300,64.37,100,,,,,,
2026-02-05 09:30:59,64.22,64.22,1,64.17,1500,64.27,2800,64.27,64.17,64.17,1500,64.13,2000,64.11,100,64.1,1000,64.04,100,64.03,200,64.02,300,63.99,400,63.98,600,63.97,500,64.27,2800,64.32,100,64.33,100,64.34,800,64.35,500,64.36,300,64.37,100,,,,,,
2026-02-05 09:31:00,64.3,64.28,1,64.25,500,64.35,100,64.35,64.25,64.25,500,64.23,200,64.22,200,64.19,100,64.18,10500,64.17,1600,64.13,2000,64.11,100,64.1,1000,64.04,100,64.35,100,64.36,500,64.37,100,,,,,,,,,,,,,,
2026-02-05 09:31:01,64.34,64.35,1,64.31,300,64.37,100,64.37,64.31,64.31,300,64.25,600,64.23,200,64.22,200,64.19,100,64.18,10500,64.17,1600,64.13,2000,64.11,100,64.1,1000,64.37,100,,,,,,,,,,,,,,,,,,
2026-02-05 09:31:02,64.34,64.35,1,64.31,300,64.37,100,64.37,64.31,64.31,300,64.25,600,64.23,200,64.22,200,64.19,100,64.18,10500,64.17,1600,64.13,2000,64.11,100,64.1,1000,64.37,100,,,,,,,,,,,,,,,,,,
2026-02-05 09:31:03,64.405,64.42,2,64.37,1300,64.44,800,64.44,64.37,64.37,1300,64.34,200,64.33,200,64.32,100,64.31,300,64.25,600,64.23,200,64.22,200,64.19,100,64.18,10500,64.44,800,,,,,,,,,,,,,,,,,,
2026-02-05 09:31:04,64.405,64.41,1,64.37,1000,64.44,500,64.44,64.37,64.37,1000,64.34,200,64.33,200,64.32,100,64.31,300,64.25,600,64.23,200,64.22,200,64.19,100,64.18,10500,64.44,500,,,,,,,,,,,,,,,,,,
2026-02-05 09:31:05,64.385,64.39,2,64.33,100,64.44,500,64.44,64.33,64.33,100,64.32,400,64.31,300,64.25,600,64.23,200,64.22,200,64.19,100,64.18,10500,64.17,1600,64.13,2000,64.44,500,,,,,,,,,,,,,,,,,,
2026-02-05 09:31:06,64.375,64.39,2,64.32,700,64.43,300,64.43,64.32,64.32,700,64.31,300,64.25,600,64.23,200,64.22,200,64.19,100,64.18,10500,64.17,1600,64.13,2000,64.11,100,64.43,300,64.44,500,,,,,,,,,,,,,,,,
2026-02-05 09:31:07,64.375,64.39,2,64.32,700,64.43,300,64.43,64.32,64.32,700,64.31,300,64.25,600,64.23,200,64.22,200,64.19,100,64.18,10500,64.17,1600,64.13,2000,64.11,100,64.43,300,64.44,500,,,,,,,,,,,,,,,,
2026-02-05 09:31:08,64.375,64.39,2,64.32,700,64.43,300,64.43,64.32,64.32,700,64.31,300,64.25,600,64.23,200,64.22,200,64.19,100,64.18,10500,64.17,1600,64.13,2000,64.11,100,64.43,300,64.44,500,,,,,,,,,,,,,,,,
2026-02-05 09:31:09,64.395,64.43,1,64.35,600,64.44,500,64.44,64.35,64.35,600,64.34,100,64.33,100,64.32,700,64.31,300,64.25,600,64.23,200,64.22,200,64.19,100,64.18,10500,64.44,500,,,,,,,,,,,,,,,,,,
2026-02-05 09:31:10,64.39,64.43,1,64.34,300,64.44,500,64.44,64.34,64.34,300,64.33,100,64.32,700,64.31,300,64.25,600,64.23,200,64.22,200,64.19,100,64.18,10500,64.17,1600,64.44,500,,,,,,,,,,,,,,,,,,
2026-02-05 09:31:11,64.39,64.43,1,64.34,300,64.44,500,64.44,64.34,64.34,300,64.33,100,64.32,700,64.31,300,64.25,600,64.23,200,64.22,200,64.19,100,64.18,10500,64.17,1600,64.44,500,,,,,,,,,,,,,,,,,,
2026-02-05 09:31:12,64.39,64.43,1,64.34,500,64.44,500,64.44,64.34,64.34,500,64.33,100,64.32,700,64.31,300,64.25,600,64.23,200,64.22,200,64.19,100,64.18,10500,64.17,1600,64.44,500,,,,,,,,,,,,,,,,,,
2026-02-05 09:31:13,64.39,64.43,1,64.34,500,64.44,500,64.44,64.34,64.34,500,64.33,100,64.32,700,64.31,300,64.25,600,64.23,200,64.22,200,64.19,100,64.18,10500,64.17,1600,64.44,500,,,,,,,,,,,,,,,,,,
2026-02-05 09:31:14,64.39,64.43,1,64.34,500,64.44,500,64.44,64.34,64.34,500,64.33,100,64.32,700,64.31,300,64.25,600,64.23,200,64.22,200,64.19,100,64.18,10500,64.17,1600,64.44,500,,,,,,,,,,,,,,,,,,
2026-02-05 09:31:15,64.39,64.41,1,64.34,500,64.44,500,64.44,64.34,64.34,500,64.33,100,64.32,700,64.31,300,64.25,600,64.23,200,64.22,200,64.19,100,64.18,10500,64.17,1600,64.44,500,,,,,,,,,,,,,,,,,,
2026-02-05 09:31:16,64.39,64.41,1,64.34,500,64.44,500,64.44,64.34,64.34,500,64.33,100,64.32,700,64.31,300,64.25,600,64.23,200,64.22,200,64.19,100,64.18,10500,64.17,1600,64.44,500,,,,,,,,,,,,,,,,,,
2026-02-05 09:31:17,64.405,64.41,1,64.37,100,64.44,500,64.44,64.37,64.37,100,64.34,400,64.33,100,64.32,700,64.31,300,64.25,600,64.23,200,64.22,200,64.19,100,64.18,10500,64.44,500,,,,,,,,,,,,,,,,,,
2026-02-05 09:31:18,64.485,64.5,1,64.43,300,64.54,900,64.54,64.43,64.43,300,64.42,100,64.41,200,64.4,200,64.37,100,64.34,400,64.33,100,64.32,700,64.31,300,64.25,600,64.54,900,64.55,700,,,,,,,,,,,,,,,,
2026-02-05 09:31:19,64.34,64.34,2,64.3,400,64.38,400,64.38,64.3,64.3,400,64.29,700,64.28,300,64.27,300,64.26,200,64.24,100,64.23,200,64.22,200,64.19,100,64.18,10500,64.38,400,64.39,1100,64.4,900,64.41,700,64.42,100,64.45,700,64.46,100,64.47,500,64.48,100,64.49,100
2026-02-05 09:31:20,64.33,64.34,2,64.28,300,64.38,400,64.38,64.28,64.28,300,64.26,900,64.24,100,64.23,200,64.22,200,64.19,100,64.18,10500,64.17,1600,64.13,2000,64.11,100,64.38,400,64.39,1100,64.4,900,64.41,700,64.42,100,64.45,700,64.46,100,64.47,500,64.48,100,64.49,100
2026-02-05 09:31:21,64.315,64.34,5,64.25,700,64.38,400,64.38,64.25,64.25,700,64.24,100,64.23,200,64.22,200,64.19,100,64.18,10500,64.17,1600,64.13,2000,64.11,100,64.1,1000,64.38,400,64.39,1100,64.4,900,64.41,700,64.42,100,64.45,700,64.46,100,64.47,500,64.48,100,64.49,100
2026-02-05 09:31:22,64.315,64.34,5,64.25,800,64.38,400,64.38,64.25,64.25,800,64.24,100,64.23,200,64.22,200,64.19,100,64.18,10500,64.17,1600,64.13,2000,64.11,100,64.1,1000,64.38,400,64.39,1100,64.4,900,64.41,700,64.42,100,64.45,700,64.46,100,64.47,500,64.48,100,64.49,100
2026-02-05 09:31:23,64.315,64.38,1,64.25,400,64.38,400,64.38,64.25,64.25,400,64.24,100,64.23,200,64.22,200,64.19,100,64.18,10500,64.17,1600,64.13,2000,64.11,100,64.1,1000,64.38,400,64.39,1100,64.4,900,64.41,700,64.42,100,64.45,700,64.46,100,64.47,500,64.48,100,64.49,100
2026-02-05 09:31:24,64.315,64.32,2,64.25,400,64.38,400,64.38,64.25,64.25,400,64.24,100,64.23,200,64.22,200,64.19,100,64.18,10500,64.17,1600,64.13,2000,64.11,100,64.1,1000,64.38,400,64.39,1100,64.4,900,64.41,700,64.42,100,64.45,700,64.46,100,64.47,500,64.48,100,64.49,100
2026-02-05 09:31:25,64.315,64.33,1,64.25,400,64.38,400,64.38,64.25,64.25,400,64.24,100,64.23,200,64.22,200,64.19,100,64.18,10500,64.17,1600,64.13,2000,64.11,100,64.1,1000,64.38,400,64.39,1100,64.4,900,64.41,700,64.42,100,64.45,700,64.46,100,64.47,500,64.48,100,64.49,100
2026-02-05 09:31:26,64.315,64.32,1,64.25,500,64.38,400,64.38,64.25,64.25,500,64.24,100,64.23,200,64.22,200,64.19,100,64.18,10500,64.17,1600,64.13,2000,64.11,100,64.1,1000,64.38,400,64.39,1100,64.4,900,64.41,700,64.42,100,64.45,700,64.46,100,64.47,500,64.48,100,64.49,100
2026-02-05 09:31:27,64.315,64.32,1,64.25,500,64.38,400,64.38,64.25,64.25,500,64.24,100,64.23,200,64.22,200,64.19,100,64.18,10500,64.17,1600,64.13,2000,64.11,100,64.1,1000,64.38,400,64.39,1100,64.4,900,64.41,700,64.42,100,64.45,700,64.46,100,64.47,500,64.48,100,64.49,100
2026-02-05 09:31:28,64.315,64.32,2,64.25,500,64.38,400,64.38,64.25,64.25,500,64.24,100,64.23,200,64.22,200,64.19,100,64.18,10500,64.17,1600,64.13,2000,64.11,100,64.1,1000,64.38,400,64.39,1100,64.4,900,64.41,700,64.42,100,64.45,700,64.46,100,64.47,500,64.48,100,64.49,100
2026-02-05 09:31:29,64.26,64.24,10,64.2,1000,64.32,900,64.32,64.2,64.2,1000,64.19,100,64.18,10500,64.17,1600,64.13,2000,64.11,100,64.1,1000,64.04,100,64.03,200,64.02,300,64.32,900,64.33,1000,64.38,400,64.39,1100,64.4,900,64.41,700,64.42,100,64.45,700,64.46,100,64.47,500
2026-02-05 09:31:30,64.26,64.24,10,64.2,1000,64.32,900,64.32,64.2,64.2,1000,64.19,100,64.18,10500,64.17,1600,64.13,2000,64.11,100,64.1,1000,64.04,100,64.03,200,64.02,300,64.32,900,64.33,1000,64.38,400,64.39,1100,64.4,900,64.41,700,64.42,100,64.45,700,64.46,100,64.47,500
2026-02-05 09:31:31,64.26,64.26,1,64.2,1200,64.32,900,64.32,64.2,64.2,1200,64.19,100,64.18,10500,64.17,1600,64.13,2000,64.11,100,64.1,1000,64.04,100,64.03,200,64.02,300,64.32,900,64.33,1000,64.38,400,64.39,1100,64.4,900,64.41,700,64.42,100,64.45,700,64.46,100,64.47,500
2026-02-05 09:31:32,64.26,64.26,1,64.2,700,64.32,900,64.32,64.2,64.2,700,64.19,100,64.18,10500,64.17,1600,64.13,2000,64.11,100,64.1,1000,64.04,100,64.03,200,64.02,300,64.32,900,64.33,1000,64.38,400,64.39,1100,64.4,900,64.41,700,64.42,100,64.45,700,64.46,100,64.47,500
2026-02-05 09:31:33,64.26,64.26,1,64.2,600,64.32,900,64.32,64.2,64.2,600,64.19,100,64.18,10500,64.17,1600,64.13,2000,64.11,100,64.1,1000,64.04,100,64.03,200,64.02,300,64.32,900,64.33,1000,64.38,400,64.39,1100,64.4,900,64.41,700,64.42,100,64.45,700,64.46,100,64.47,500
2026-02-05 09:31:34,64.26,64.26,1,64.2,600,64.32,900,64.32,64.2,64.2,600,64.19,100,64.18,10500,64.17,1600,64.13,2000,64.11,100,64.1,1000,64.04,100,64.03,200,64.02,300,64.32,900,64.33,1000,64.38,400,64.39,1100,64.4,900,64.41,700,64.42,100,64.45,700,64.46,100,64.47,500
2026-02-05 09:31:35,64.26,64.26,1,64.2,600,64.32,900,64.32,64.2,64.2,600,64.19,100,64.18,10500,64.17,1600,64.13,2000,64.11,100,64.1,1000,64.04,100,64.03,200,64.02,300,64.32,900,64.33,1000,64.38,400,64.39,1100,64.4,900,64.41,700,64.42,100,64.45,700,64.46,100,64.47,500
2026-02-05 09:31:36,64.26,64.26,1,64.2,700,64.32,900,64.32,64.2,64.2,700,64.19,100,64.18,10500,64.17,1600,64.13,2000,64.11,100,64.1,1000,64.04,100,64.03,200,64.02,300,64.32,900,64.33,1000,64.38,400,64.39,1100,64.4,900,64.41,700,64.42,100,64.45,700,64.46,100,64.47,500
2026-02-05 09:31:37,64.26,64.26,1,64.2,700,64.32,900,64.32,64.2,64.2,700,64.19,100,64.18,10500,64.17,1600,64.13,2000,64.11,100,64.1,1000,64.04,100,64.03,200,64.02,300,64.32,900,64.33,1000,64.38,400,64.39,1100,64.4,900,64.41,700,64.42,100,64.45,700,64.46,100,64.47,500
2026-02-05 09:31:38,64.26,64.31,1,64.2,700,64.32,900,64.32,64.2,64.2,700,64.19,100,64.18,10500,64.17,1600,64.13,2000,64.11,100,64.1,1000,64.04,100,64.03,200,64.02,300,64.32,900,64.33,1000,64.38,400,64.39,1100,64.4,900,64.41,700,64.42,100,64.45,700,64.46,100,64.47,500
2026-02-05 09:31:39,64.255,64.26,3,64.21,400,64.3,400,64.3,64.21,64.21,400,64.2,700,64.19,100,64.18,10500,64.17,1600,64.13,2000,64.11,100,64.1,1000,64.04,100,64.03,200,64.3,400,64.31,400,64.32,1000,64.33,1000,64.38,400,64.39,1100,64.4,900,64.41,700,64.42,100,64.45,700
2026-02-05 09:31:40,64.315,64.33,2,64.25,500,64.38,300,64.38,64.25,64.25,500,64.24,100,64.23,600,64.22,800,64.21,400,64.2,700,64.19,100,64.18,10500,64.17,1600,64.13,2000,64.38,300,64.4,800,64.41,700,64.42,100,64.45,700,64.46,100,64.47,500,64.48,100,64.49,100,64.5,200
2026-02-05 09:31:41,64.315,64.33,2,64.25,500,64.38,300,64.38,64.25,64.25,500,64.24,100,64.23,600,64.22,800,64.21,400,64.2,700,64.19,100,64.18,10500,64.17,1600,64.13,2000,64.38,300,64.4,800,64.41,700,64.42,100,64.45,700,64.46,100,64.47,500,64.48,100,64.49,100,64.5,200
2026-02-05 09:31:42,64.315,64.32,30,64.25,400,64.38,300,64.38,64.25,64.25,400,64.24,100,64.23,600,64.22,800,64.21,400,64.2,700,64.19,100,64.18,10500,64.17,1600,64.13,2000,64.38,300,64.4,800,64.41,700,64.42,100,64.45,700,64.46,100,64.47,500,64.48,100,64.49,100,64.5,200
2026-02-05 09:31:43,64.315,64.32,1,64.25,400,64.38,300,64.38,64.25,64.25,400,64.24,100,64.23,600,64.22,800,64.21,400,64.2,700,64.19,100,64.18,10500,64.17,1600,64.13,2000,64.38,300,64.4,800,64.41,700,64.42,100,64.45,700,64.46,100,64.47,500,64.48,100,64.49,100,64.5,200
2026-02-05 09:31:44,64.315,64.32,1,64.25,400,64.38,300,64.38,64.25,64.25,400,64.24,100,64.23,600,64.22,800,64.21,400,64.2,700,64.19,100,64.18,10500,64.17,1600,64.13,2000,64.38,300,64.4,800,64.41,700,64.42,100,64.45,700,64.46,100,64.47,500,64.48,100,64.49,100,64.5,200
2026-02-05 09:31:45,64.315,64.32,1,64.25,300,64.38,300,64.38,64.25,64.25,300,64.24,100,64.23,600,64.22,800,64.21,400,64.2,700,64.19,100,64.18,10500,64.17,1600,64.13,2000,64.38,300,64.4,800,64.41,700,64.42,100,64.45,700,64.46,100,64.47,500,64.48,100,64.49,100,64.5,200
2026-02-05 09:31:46,64.315,64.32,5,64.25,800,64.38,300,64.38,64.25,64.25,800,64.24,100,64.23,600,64.22,800,64.21,400,64.2,700,64.19,100,64.18,10500,64.17,1600,64.13,2000,64.38,300,64.4,800,64.41,700,64.42,100,64.45,700,64.46,100,64.47,500,64.48,100,64.49,100,64.5,200
2026-02-05 09:31:47,64.315,64.32,5,64.25,800,64.38,300,64.38,64.25,64.25,800,64.24,100,64.23,600,64.22,800,64.21,400,64.2,700,64.19,100,64.18,10500,64.17,1600,64.13,2000,64.38,300,64.4,800,64.41,700,64.42,100,64.45,700,64.46,100,64.47,500,64.48,100,64.49,100,64.5,200
2026-02-05 09:31:48,64.315,64.32,4,64.25,1000,64.38,300,64.38,64.25,64.25,1000,64.24,100,64.23,600,64.22,800,64.21,400,64.2,700,64.19,100,64.18,10500,64.17,1600,64.13,2000,64.38,300,64.4,800,64.41,700,64.42,100,64.45,700,64.46,100,64.47,500,64.48,100,64.49,100,64.5,200
2026-02-05 09:31:49,64.32,64.37,1,64.26,1200,64.38,300,64.38,64.26,64.26,1200,64.25,900,64.24,100,64.23,600,64.22,800,64.21,400,64.2,700,64.19,100,64.18,10500,64.17,1600,64.38,300,64.4,800,64.41,700,64.42,100,64.45,700,64.46,100,64.47,500,64.48,100,64.49,100,64.5,200
2026-02-05 09:31:50,64.32,64.37,1,64.26,1200,64.38,300,64.38,64.26,64.26,1200,64.25,900,64.24,100,64.23,600,64.22,800,64.21,400,64.2,700,64.19,100,64.18,10500,64.17,1600,64.38,300,64.4,800,64.41,700,64.42,100,64.45,700,64.46,100,64.47,500,64.48,100,64.49,100,64.5,200
2026-02-05 09:31:51,64.32,64.37,1,64.26,1200,64.38,300,64.38,64.26,64.26,1200,64.25,900,64.24,100,64.23,600,64.22,800,64.21,400,64.2,700,64.19,100,64.18,10500,64.17,1600,64.38,300,64.4,800,64.41,700,64.42,100,64.45,700,64.46,100,64.47,500,64.48,100,64.49,100,64.5,200
2026-02-05 09:31:52,64.33,64.37,1,64.26,1200,64.4,1300,64.4,64.26,64.26,1200,64.25,900,64.24,100,64.23,600,64.22,800,64.21,400,64.2,700,64.19,100,64.18,10500,64.17,1600,64.4,1300,64.41,700,64.42,100,64.45,700,64.46,100,64.47,500,64.48,100,64.49,100,64.5,200,64.54,900
2026-02-05 09:31:53,64.355,64.37,1,64.31,300,64.4,1800,64.4,64.31,64.31,300,64.28,100,64.26,1200,64.25,900,64.24,100,64.23,600,64.22,800,64.21,400,64.2,700,64.19,100,64.4,1800,64.41,700,64.42,100,64.45,700,64.46,100,64.47,500,64.48,100,64.49,100,64.5,200,64.54,900
2026-02-05 09:31:54,64.355,64.4,3,64.31,300,64.4,1800,64.4,64.31,64.31,300,64.28,100,64.26,1200,64.25,900,64.24,100,64.23,600,64.22,800,64.21,400,64.2,700,64.19,100,64.4,1800,64.41,700,64.42,100,64.45,700,64.46,100,64.47,500,64.48,100,64.49,100,64.5,200,64.54,900
2026-02-05 09:31:55,64.44,64.4,1,64.39,800,64.49,300,64.49,64.39,64.39,800,64.38,100,64.36,500,64.35,900,64.34,300,64.33,300,64.32,600,64.31,300,64.28,100,64.26,1200,64.49,300,64.5,200,64.54,900,64.55,700,,,,,,,,,,,,
2026-02-05 09:31:56,64.525,64.52,1,64.47,300,64.58,500,64.58,64.47,64.47,300,64.46,200,64.45,200,64.44,300,64.41,100,64.4,100,64.39,800,64.38,100,64.36,500,64.35,900,64.58,500,,,,,,,,,,,,,,,,,,
2026-02-05 09:31:57,64.515,64.48,1,64.45,800,64.58,900,64.58,64.45,64.45,800,64.44,300,64.41,100,64.4,100,64.39,800,64.38,100,64.36,500,64.35,900,64.34,300,64.33,300,64.58,900,,,,,,,,,,,,,,,,,,
2026-02-05 09:31:58,64.515,64.52,1,64.45,600,64.58,1000,64.58,64.45,64.45,600,64.44,300,64.41,100,64.4,100,64.39,800,64.38,100,64.36,500,64.35,900,64.34,300,64.33,300,64.58,1000,,,,,,,,,,,,,,,,,,
2026-02-05 09:31:59,64.515,64.52,1,64.45,600,64.58,1000,64.58,64.45,64.45,600,64.44,300,64.41,100,64.4,100,64.39,800,64.38,100,64.36,500,64.35,900,64.34,300,64.33,300,64.58,1000,,,,,,,,,,,,,,,,,,
2026-02-05 09:32:00,64.515,64.52,1,64.45,600,64.58,1000,64.58,64.45,64.45,600,64.44,300,64.41,100,64.4,100,64.39,800,64.38,100,64.36,500,64.35,900,64.34,300,64.33,300,64.58,1000,,,,,,,,,,,,,,,,,,
2026-02-05 09:32:01,64.515,64.52,1,64.45,900,64.58,1000,64.58,64.45,64.45,900,64.44,300,64.41,100,64.4,100,64.39,800,64.38,100,64.36,500,64.35,900,64.34,300,64.33,300,64.58,1000,,,,,,,,,,,,,,,,,,
2026-02-05 09:32:02,64.515,64.52,6,64.45,900,64.58,1000,64.58,64.45,64.45,900,64.44,300,64.41,100,64.4,100,64.39,800,64.38,100,64.36,500,64.35,900,64.34,300,64.33,300,64.58,1000,,,,,,,,,,,,,,,,,,
2026-02-05 09:32:03,64.515,64.52,6,64.45,900,64.58,1000,64.58,64.45,64.45,900,64.44,300,64.41,100,64.4,100,64.39,800,64.38,100,64.36,500,64.35,900,64.34,300,64.33,300,64.58,1000,,,,,,,,,,,,,,,,,,
2026-02-05 09:32:04,64.545,64.52,6,64.51,100,64.58,900,64.58,64.51,64.51,100,64.48,400,64.46,500,64.45,900,64.44,300,64.41,100,64.4,100,64.39,800,64.38,100,64.36,500,64.58,900,,,,,,,,,,,,,,,,,,
2026-02-05 09:32:05,64.52,64.54,2,64.49,200,64.55,400,64.55,64.49,64.49,200,64.48,400,64.46,500,64.45,900,64.44,300,64.41,100,64.4,100,64.39,800,64.38,100,64.36,500,64.55,400,64.57,100,64.58,900,,,,,,,,,,,,,,
2026-02-05 09:32:06,64.485,64.49,1,64.45,1200,64.52,200,64.52,64.45,64.45,1200,64.44,300,64.41,100,64.4,100,64.39,800,64.38,100,64.36,500,64.35,900,64.34,300,64.33,300,64.52,200,64.55,400,64.57,100,64.58,900,,,,,,,,,,,,
2026-02-05 09:32:07,64.485,64.49,1,64.45,1600,64.52,200,64.52,64.45,64.45,1600,64.44,300,64.41,100,64.4,100,64.39,800,64.38,100,64.36,500,64.35,900,64.34,300,64.33,300,64.52,200,64.55,400,64.57,100,64.58,900,,,,,,,,,,,,
2026-02-05 09:32:08,64.515,64.49,1,64.45,1600,64.58,900,64.58,64.45,64.45,1600,64.44,300,64.41,100,64.4,100,64.39,800,64.38,100,64.36,500,64.35,900,64.34,300,64.33,300,64.58,900,,,,,,,,,,,,,,,,,,
2026-02-05 09:32:09,64.515,64.49,2,64.45,1600,64.58,900,64.58,64.45,64.45,1600,64.44,300,64.41,100,64.4,100,64.39,800,64.38,100,64.36,500,64.35,900,64.34,300,64.33,300,64.58,900,,,,,,,,,,,,,,,,,,
2026-02-05 09:32:10,64.515,64.51,1,64.45,1500,64.58,1600,64.58,64.45,64.45,1500,64.44,300,64.41,100,64.4,100,64.39,800,64.38,100,64.36,500,64.35,900,64.34,300,64.33,300,64.58,1600,,,,,,,,,,,,,,,,,,
2026-02-05 09:32:11,64.36,64.32,59,64.3,400,64.42,700,64.42,64.3,64.3,400,64.28,100,64.26,1200,64.25,900,64.24,100,64.23,600,64.22,800,64.21,400,64.2,700,64.19,100,64.42,700,64.44,600,64.45,400,64.48,1100,64.58,1600,,,,,,,,,,
2026-02-05 09:32:12,64.32,64.3,1,64.26,900,64.38,400,64.38,64.26,64.26,900,64.25,900,64.24,100,64.23,600,64.22,800,64.21,400,64.2,700,64.19,100,64.18,10500,64.17,1600,64.38,400,64.39,200,64.41,100,64.42,700,64.44,600,64.45,400,64.48,1100,64.58,1600,,,,
2026-02-05 09:32:13,64.32,64.3,1,64.26,1100,64.38,300,64.38,64.26,64.26,1100,64.25,900,64.24,100,64.23,600,64.22,800,64.21,400,64.2,700,64.19,100,64.18,10500,64.17,1600,64.38,300,64.39,200,64.41,100,64.42,700,64.44,600,64.45,400,64.48,1100,64.58,1600,,,,
2026-02-05 09:32:14,64.175,64.18,1,64.13,1900,64.22,600,64.22,64.13,64.13,1900,64.11,100,64.1,1000,64.04,100,64.03,200,64.02,300,63.99,400,63.98,600,63.97,500,63.96,100,64.22,600,64.25,1500,64.26,300,64.29,400,64.3,100,64.32,100,64.33,100,64.36,100,64.37,200,64.38,300
2026-02-05 09:32:15,64.195,64.23,1,64.13,2200,64.26,1300,64.26,64.13,64.13,2200,64.11,100,64.1,1000,64.04,100,64.03,200,64.02,300,63.99,400,63.98,600,63.97,500,63.96,100,64.26,1300,64.29,400,64.3,100,64.32,100,64.33,100,64.36,100,64.37,200,64.38,300,64.39,200,64.41,100
2026-02-05 09:32:16,64.19,64.18,1,64.12,300,64.26,1700,64.26,64.12,64.12,300,64.11,100,64.1,1000,64.04,100,64.03,200,64.02,300,63.99,400,63.98,600,63.97,500,63.96,100,64.26,1700,64.29,400,64.3,100,64.32,100,64.33,100,64.36,100,64.37,200,64.38,300,64.39,200,64.41,100
2026-02-05 09:32:17,64.185,64.18,1,64.12,300,64.25,200,64.25,64.12,64.12,300,64.11,100,64.1,1000,64.04,100,64.03,200,64.02,300,63.99,400,63.98,600,63.97,500,63.96,100,64.25,200,64.26,1700,64.29,400,64.3,100,64.32,100,64.33,100,64.36,100,64.37,200,64.38,300,64.39,200
2026-02-05 09:32:18,64.185,64.18,1,64.12,300,64.25,300,64.25,64.12,64.12,300,64.11,100,64.1,1000,64.04,100,64.03,200,64.02,300,63.99,400,63.98,600,63.97,500,63.96,100,64.25,300,64.26,1700,64.29,400,64.3,100,64.32,100,64.33,100,64.36,100,64.37,200,64.38,300,64.39,200
2026-02-05 09:32:19,64.185,64.19,1,64.12,300,64.25,300,64.25,64.12,64.12,300,64.11,100,64.1,1000,64.04,100,64.03,200,64.02,300,63.99,400,63.98,600,63.97,500,63.96,100,64.25,300,64.26,1700,64.29,400,64.3,100,64.32,100,64.33,100,64.36,100,64.37,200,64.38,300,64.39,200
2026-02-05 09:32:20,64.195,64.19,1,64.13,500,64.26,1100,64.26,64.13,64.13,500,64.12,300,64.11,100,64.1,1000,64.04,100,64.03,200,64.02,300,63.99,400,63.98,600,63.97,500,64.26,1100,64.29,400,64.3,100,64.32,100,64.33,100,64.36,100,64.37,200,64.38,300,64.39,200,64.41,100
2026-02-05 09:32:21,64.245,64.26,1,64.22,100,64.3,300,64.3,64.22,64.2,100,64.19,100,64.18,300,64.14,200,64.13,700,64.12,300,64.11,100,64.1,1000,64.04,100,64.03,200,64.29,300,64.3,100,64.32,100,64.33,100,64.36,100,64.37,200,64.38,300,64.39,200,64.41,100,64.42,700
2026-02-05 09:32:22,64.215,64.16,5,64.14,500,64.29,600,64.29,64.14,64.14,500,64.13,700,64.12,300,64.11,100,64.1,1000,64.04,100,64.03,200,64.02,300,63.99,400,63.98,600,64.29,600,64.3,900,64.31,200,64.32,100,64.33,100,64.36,100,64.37,200,64.38,300,64.39,200,64.41,100
2026-02-05 09:32:23,64.21,64.27,1,64.14,700,64.28,300,64.28,64.14,64.14,700,64.13,700,64.12,300,64.11,100,64.1,1000,64.04,100,64.03,200,64.02,300,63.99,400,63.98,600,64.28,300,64.29,600,64.3,900,64.31,200,64.32,100,64.33,100,64.36,100,64.37,200,64.38,300,64.39,200
2026-02-05 09:32:24,64.21,64.16,1,64.14,700,64.28,300,64.28,64.14,64.14,700,64.13,700,64.12,300,64.11,100,64.1,1000,64.04,100,64.03,200,64.02,300,63.99,400,63.98,600,64.28,300,64.29,600,64.3,900,64.31,200,64.32,100,64.33,100,64.36,100,64.37,200,64.38,300,64.39,200
2026-02-05 09:32:25,64.21,64.16,1,64.14,800,64.28,600,64.28,64.14,64.14,800,64.13,700,64.12,300,64.11,100,64.1,1000,64.04,100,64.03,200,64.02,300,63.99,400,63.98,600,64.28,600,64.29,600,64.3,900,64.31,200,64.32,100,64.33,100,64.36,100,64.37,200,64.38,300,64.39,200
2026-02-05 09:32:26,64.21,64.21,1,64.14,800,64.28,600,64.28,64.14,64.14,800,64.13,700,64.12,300,64.11,100,64.1,1000,64.04,100,64.03,200,64.02,300,63.99,400,63.98,600,64.28,600,64.29,600,64.3,900,64.31,200,64.32,100,64.33,100,64.36,100,64.37,200,64.38,300,64.39,200
2026-02-05 09:32:27,64.21,64.21,1,64.14,800,64.28,700,64.28,64.14,64.14,800,64.13,700,64.12,300,64.11,100,64.1,1000,64.04,100,64.03,200,64.02,300,63.99,400,63.98,600,64.28,700,64.29,600,64.3,900,64.31,200,64.32,100,64.33,100,64.36,100,64.37,200,64.38,300,64.39,200
2026-02-05 09:32:28,64.21,64.21,1,64.14,800,64.28,700,64.28,64.14,64.14,800,64.13,700,64.12,300,64.11,100,64.1,1000,64.04,100,64.03,200,64.02,300,63.99,400,63.98,600,64.28,700,64.29,600,64.3,900,64.31,200,64.32,100,64.33,100,64.36,100,64.37,200,64.38,300,64.39,200
2026-02-05 09:32:29,64.145,64.14,1,64.12,800,64.17,100,64.17,64.12,64.12,800,64.11,100,64.1,1000,64.04,100,64.03,200,64.02,300,63.99,400,63.98,600,63.97,500,63.96,100,64.17,100,64.18,300,64.19,1000,64.2,500,64.21,100,64.25,100,64.26,200,64.27,500,64.28,1000,64.29,600
2026-02-05 09:32:30,64.145,64.14,1,64.12,900,64.17,100,64.17,64.12,64.12,900,64.11,100,64.1,1000,64.04,100,64.03,200,64.02,300,63.99,400,63.98,600,63.97,500,63.96,100,64.17,100,64.18,300,64.19,1000,64.2,500,64.21,100,64.25,100,64.26,200,64.27,500,64.28,1000,64.29,600
2026-02-05 09:32:31,64.165,64.17,1,64.12,500,64.21,100,64.21,64.12,64.12,500,64.11,100,64.1,1000,64.04,100,64.03,200,64.02,300,63.99,400,63.98,600,63.97,500,63.96,100,64.21,100,64.25,100,64.26,200,64.27,500,64.28,1000,64.29,600,64.3,900,64.31,200,64.32,100,64.33,100
2026-02-05 09:32:32,64.165,64.17,1,64.12,500,64.21,100,64.21,64.12,64.12,500,64.11,100,64.1,1000,64.04,100,64.03,200,64.02,300,63.99,400,63.98,600,63.97,500,63.96,100,64.21,100,64.25,100,64.26,200,64.27,500,64.28,1000,64.29,600,64.3,900,64.31,200,64.32,100,64.33,100
2026-02-05 09:32:33,64.165,64.17,1,64.12,500,64.21,100,64.21,64.12,64.12,500,64.11,100,64.1,1000,64.04,100,64.03,200,64.02,300,63.99,400,63.98,600,63.97,500,63.96,100,64.21,100,64.25,100,64.26,200,64.27,500,64.28,1000,64.29,600,64.3,900,64.31,200,64.32,100,64.33,100
2026-02-05 09:32:34,64.12,64.11,2,64.07,300,64.17,300,64.17,64.07,64.07,300,64.04,100,64.03,200,64.02,300,63.99,400,63.98,600,63.97,500,63.96,100,63.94,100,63.92,100,64.17,300,64.18,400,64.19,700,64.2,400,64.21,200,64.25,100,64.26,200,64.27,500,64.28,1000,64.29,600
2026-02-05 09:32:35,64.125,64.11,2,64.07,500,64.18,1200,64.18,64.07,64.07,500,64.04,100,64.03,200,64.02,300,63.99,400,63.98,600,63.97,500,63.96,100,63.94,100,63.92,100,64.18,1200,64.19,700,64.2,400,64.21,200,64.25,100,64.26,200,64.27,500,64.28,1000,64.29,600,64.3,900
2026-02-05 09:32:36,64.075,64.08,1,64.03,200,64.12,400,64.12,64.03,64.03,200,64.02,300,63.99,400,63.98,600,63.97,500,63.96,100,63.94,100,63.92,100,63.9,200,63.89,100,64.12,400,64.13,400,64.17,200,64.18,1300,64.19,700,64.2,400,64.21,200,64.25,100,64.26,200,64.27,500
2026-02-05 09:32:37,64.075,64.05,2,64.03,200,64.12,300,64.12,64.03,64.03,200,64.02,300,63.99,400,63.98,600,63.97,500,63.96,100,63.94,100,63.92,100,63.9,200,63.89,100,64.12,300,64.13,400,64.17,200,64.18,1300,64.19,700,64.2,400,64.21,200,64.25,100,64.26,200,64.27,500
2026-02-05 09:32:38,64.075,64.05,2,64.03,400,64.12,300,64.12,64.03,64.03,400,64.02,300,63.99,400,63.98,600,63.97,500,63.96,100,63.94,100,63.92,100,63.9,200,63.89,100,64.12,300,64.13,400,64.17,200,64.18,1300,64.19,700,64.2,400,64.21,200,64.25,100,64.26,200,64.27,500
2026-02-05 09:32:39,64.075,64.05,2,64.03,400,64.12,500,64.12,64.03,64.03,400,64.02,300,63.99,400,63.98,600,63.97,500,63.96,100,63.94,100,63.92,100,63.9,200,63.89,100,64.12,500,64.13,400,64.17,200,64.18,1300,64.19,700,64.2,400,64.21,200,64.25,100,64.26,200,64.27,500
2026-02-05 09:32:40,64.075,64.05,2,64.03,400,64.12,500,64.12,64.03,64.03,400,64.02,300,63.99,400,63.98,600,63.97,500,63.96,100,63.94,100,63.92,100,63.9,200,63.89,100,64.12,500,64.13,400,64.17,200,64.18,1300,64.19,700,64.2,400,64.21,200,64.25,100,64.26,200,64.27,500
2026-02-05 09:32:41,64.08,64.05,2,64.04,400,64.12,600,64.12,64.04,64.04,400,64.03,400,64.02,300,63.99,400,63.98,600,63.97,500,63.96,100,63.94,100,63.92,100,63.9,200,64.12,600,64.13,400,64.17,200,64.18,1300,64.19,700,64.2,400,64.21,200,64.25,100,64.26,200,64.27,500
2026-02-05 09:32:42,64.08,64.05,2,64.04,400,64.12,600,64.12,64.04,64.04,400,64.03,400,64.02,300,63.99,400,63.98,600,63.97,500,63.96,100,63.94,100,63.92,100,63.9,200,64.12,600,64.13,400,64.17,200,64.18,1300,64.19,700,64.2,400,64.21,200,64.25,100,64.26,200,64.27,500
2026-02-05 09:32:43,64.045,64.0,2,64.0,100,64.09,800,64.09,64.0,64.0,100,63.98,600,63.97,500,63.96,100,63.94,100,63.92,100,63.9,200,63.89,100,63.74,100,63.56,100,64.09,800,64.1,100,64.11,200,64.12,600,64.13,400,64.17,200,64.18,1300,64.19,700,64.2,400,64.21,200
2026-02-05 09:32:44,64.045,64.0,2,64.0,100,64.09,800,64.09,64.0,64.0,100,63.98,600,63.97,500,63.96,100,63.94,100,63.92,100,63.9,200,63.89,100,63.74,100,63.56,100,64.09,800,64.1,100,64.11,200,64.12,600,64.13,400,64.17,200,64.18,1300,64.19,700,64.2,400,64.21,200
2026-02-05 09:32:45,64.045,64.02,2,64.0,100,64.09,800,64.09,64.0,64.0,100,63.98,600,63.97,500,63.96,100,63.94,100,63.92,100,63.9,200,63.89,100,63.74,100,63.56,100,64.09,800,64.1,100,64.11,200,64.12,600,64.13,400,64.17,200,64.18,1300,64.19,700,64.2,400,64.21,200
2026-02-05 09:32:46,64.045,64.02,6,64.0,200,64.09,800,64.09,64.0,64.0,200,63.98,600,63.97,500,63.96,100,63.94,100,63.92,100,63.9,200,63.89,100,63.74,100,63.56,100,64.09,800,64.1,100,64.11,200,64.12,600,64.13,400,64.17,200,64.18,1300,64.19,700,64.2,400,64.21,200
2026-02-05 09:32:47,64.035,64.02,6,63.98,600,64.09,800,64.09,63.98,63.98,600,63.97,500,63.96,100,63.94,100,63.92,100,63.9,200,63.89,100,63.74,100,63.56,100,63.51,100,64.09,800,64.1,100,64.11,200,64.12,600,64.13,400,64.17,200,64.18,1300,64.19,700,64.2,400,64.21,200
2026-02-05 09:32:48,64.035,64.02,6,63.98,600,64.09,800,64.09,63.98,63.98,600,63.97,500,63.96,100,63.94,100,63.92,100,63.9,200,63.89,100,63.74,100,63.56,100,63.51,100,64.09,800,64.1,100,64.11,200,64.12,600,64.13,400,64.17,200,64.18,1300,64.19,700,64.2,400,64.21,200
2026-02-05 09:32:49,64.035,64.02,6,63.98,600,64.09,800,64.09,63.98,63.98,600,63.97,500,63.96,100,63.94,100,63.92,100,63.9,200,63.89,100,63.74,100,63.56,100,63.51,100,64.09,800,64.1,100,64.11,200,64.12,600,64.13,400,64.17,200,64.18,1300,64.19,700,64.2,400,64.21,200
2026-02-05 09:32:50,64.035,64.02,6,63.98,600,64.09,800,64.09,63.98,63.98,600,63.97,500,63.96,100,63.94,100,63.92,100,63.9,200,63.89,100,63.74,100,63.56,100,63.51,100,64.09,800,64.1,100,64.11,200,64.12,600,64.13,400,64.17,200,64.18,1300,64.19,700,64.2,400,64.21,200
2026-02-05 09:32:51,64.035,64.0,5,63.98,600,64.09,800,64.09,63.98,63.98,600,63.97,500,63.96,100,63.94,100,63.92,100,63.9,200,63.89,100,63.74,100,63.56,100,63.51,100,64.09,800,64.1,100,64.11,200,64.12,600,64.13,400,64.17,200,64.18,1300,64.19,700,64.2,400,64.21,200
2026-02-05 09:32:52,64.0,64.0,1,63.96,900,64.04,900,64.04,63.96,63.96,900,63.94,100,63.92,100,63.9,200,63.89,100,63.74,100,63.56,100,63.51,100,63.46,100,63.39,100,64.04,900,64.09,800,64.1,100,64.11,200,64.12,600,64.13,400,64.17,200,64.18,1300,64.19,700,64.2,400
2026-02-05 09:32:53,63.99,64.0,1,63.94,200,64.04,900,64.04,63.94,63.94,200,63.92,100,63.9,200,63.89,100,63.74,100,63.56,100,63.51,100,63.46,100,63.39,100,63.34,200,64.04,900,64.09,800,64.1,100,64.11,200,64.12,600,64.13,400,64.17,200,64.18,1300,64.19,700,64.2,400
2026-02-05 09:32:54,63.99,64.0,1,63.94,200,64.04,900,64.04,63.94,63.94,200,63.92,100,63.9,200,63.89,100,63.74,100,63.56,100,63.51,100,63.46,100,63.39,100,63.34,200,64.04,900,64.09,800,64.1,100,64.11,200,64.12,600,64.13,400,64.17,200,64.18,1300,64.19,700,64.2,400
2026-02-05 09:32:55,63.99,64.0,1,63.94,200,64.04,900,64.04,63.94,63.94,200,63.92,100,63.9,200,63.89,100,63.74,100,63.56,100,63.51,100,63.46,100,63.39,100,63.34,200,64.04,900,64.09,800,64.1,100,64.11,200,64.12,600,64.13,400,64.17,200,64.18,1300,64.19,700,64.2,400
2026-02-05 09:32:56,63.995,64.0,1,63.95,500,64.04,900,64.04,63.95,63.95,500,63.94,200,63.92,100,63.9,200,63.89,100,63.74,100,63.56,100,63.51,100,63.46,100,63.39,100,64.04,900,64.09,800,64.1,100,64.11,200,64.12,600,64.13,400,64.17,200,64.18,1300,64.19,700,64.2,400
2026-02-05 09:32:57,63.95,63.94,1,63.91,700,63.99,900,63.99,63.91,63.91,700,63.9,200,63.89,100,63.74,100,63.56,100,63.51,100,63.46,100,63.39,100,63.34,200,,,63.99,900,64.0,200,64.03,200,64.04,900,64.09,800,64.1,100,64.11,200,64.12,600,64.13,400,64.17,200
2026-02-05 09:32:58,63.92,63.92,1,63.9,100,63.94,500,63.94,63.9,63.9,100,63.88,100,63.74,100,63.56,100,63.51,100,63.46,100,63.39,100,63.34,200,,,,,63.94,500,63.99,1200,64.0,200,64.03,200,64.04,900,64.09,800,64.1,100,64.11,200,64.12,600,64.13,400
2026-02-05 09:32:59,63.895,63.9,1,63.88,200,63.91,700,63.91,63.88,63.88,200,63.74,100,63.56,100,63.51,100,63.46,100,63.39,100,63.34,200,,,,,,,63.91,700,63.92,300,63.94,500,63.99,1200,64.0,200,64.03,200,64.04,900,64.09,800,64.1,100,64.11,200
2026-02-05 09:33:00,63.895,63.9,1,63.88,200,63.91,700,63.91,63.88,63.88,200,63.74,100,63.56,100,63.51,100,63.46,100,63.39,100,63.34,200,,,,,,,63.91,700,63.92,300,63.94,500,63.99,1200,64.0,200,64.03,200,64.04,900,64.09,800,64.1,100,64.11,200
2026-02-05 09:33:01,63.92,63.91,1,63.9,300,63.94,500,63.94,63.9,63.9,300,63.89,100,63.88,700,63.74,100,63.56,100,63.51,100,63.46,100,63.39,100,63.34,200,,,63.94,500,63.99,1200,64.0,200,64.03,200,64.04,900,64.09,800,64.1,100,64.11,200,64.12,600,64.13,400
2026-02-05 09:33:02,63.96,63.96,2,63.92,500,64.0,500,64.0,63.92,63.92,500,63.91,200,63.9,100,63.89,300,63.88,700,63.74,100,63.56,100,63.51,100,63.46,100,63.39,100,64.0,500,64.03,200,64.04,900,64.09,800,64.1,100,64.11,200,64.12,600,64.13,400,64.17,200,64.18,1300
2026-02-05 09:33:03,63.96,63.96,1,63.92,500,64.0,500,64.0,63.92,63.92,500,63.91,200,63.9,100,63.89,300,63.88,700,63.74,100,63.56,100,63.51,100,63.46,100,63.39,100,64.0,500,64.03,200,64.04,900,64.09,800,64.1,100,64.11,200,64.12,600,64.13,400,64.17,200,64.18,1300
2026-02-05 09:33:04,63.96,63.96,1,63.91,300,64.01,200,64.01,63.91,63.91,300,63.9,100,63.89,300,63.88,700,63.74,100,63.56,100,63.51,100,63.46,100,63.39,100,63.34,200,64.01,200,64.03,200,64.04,900,64.09,800,64.1,100,64.11,200,64.12,600,64.13,400,64.17,200,64.18,1300
2026-02-05 09:33:05,63.96,63.96,1,63.91,300,64.01,200,64.01,63.91,63.91,300,63.9,100,63.89,300,63.88,700,63.74,100,63.56,100,63.51,100,63.46,100,63.39,100,63.34,200,64.01,200,64.03,200,64.04,900,64.09,800,64.1,100,64.11,200,64.12,600,64.13,400,64.17,200,64.18,1300
2026-02-05 09:33:06,63.955,63.96,1,63.91,300,64.0,1800,64.0,63.91,63.91,300,63.9,100,63.89,300,63.88,700,63.74,100,63.56,100,63.51,100,63.46,100,63.39,100,63.34,200,64.0,1800,64.01,200,64.03,200,64.04,900,64.09,800,64.1,100,64.11,200,64.12,600,64.13,400,64.17,200
2026-02-05 09:33:07,63.955,63.96,1,63.91,600,64.0,1800,64.0,63.91,63.91,600,63.9,100,63.89,300,63.88,700,63.74,100,63.56,100,63.51,100,63.46,100,63.39,100,63.34,200,64.0,1800,64.01,200,64.03,200,64.04,900,64.09,800,64.1,100,64.11,200,64.12,600,64.13,400,64.17,200
2026-02-05 09:33:08,63.955,63.91,3,63.91,600,64.0,1800,64.0,63.91,63.91,600,63.9,100,63.89,300,63.88,700,63.74,100,63.56,100,63.51,100,63.46,100,63.39,100,63.34,200,64.0,1800,64.01,200,64.03,200,64.04,900,64.09,800,64.1,100,64.11,200,64.12,600,64.13,400,64.17,200
2026-02-05 09:33:09,63.955,63.97,1,63.91,600,64.0,1800,64.0,63.91,63.91,600,63.9,100,63.89,300,63.88,700,63.74,100,63.56,100,63.51,100,63.46,100,63.39,100,63.34,200,64.0,1800,64.01,200,64.03,200,64.04,900,64.09,800,64.1,100,64.11,200,64.12,600,64.13,400,64.17,200
2026-02-05 09:33:10,63.955,63.97,1,63.91,600,64.0,1800,64.0,63.91,63.91,600,63.9,100,63.89,300,63.88,700,63.74,100,63.56,100,63.51,100,63.46,100,63.39,100,63.34,200,64.0,1800,64.01,200,64.03,200,64.04,900,64.09,800,64.1,100,64.11,200,64.12,600,64.13,400,64.17,200
2026-02-05 09:33:11,63.99,63.99,2,63.95,100,64.03,400,64.03,63.95,63.95,100,63.91,600,63.9,100,63.89,300,63.88,700,63.74,100,63.56,100,63.51,100,63.46,100,63.39,100,64.03,400,64.04,900,64.09,800,64.1,100,64.11,200,64.12,600,64.13,400,64.17,200,64.18,1300,64.19,700
2026-02-05 09:33:12,63.99,63.99,1,63.95,1100,64.03,400,64.03,63.95,63.95,1100,63.91,600,63.9,100,63.89,300,63.88,700,63.74,100,63.56,100,63.51,100,63.46,100,63.39,100,64.03,400,64.04,900,64.09,800,64.1,100,64.11,200,64.12,600,64.13,400,64.17,200,64.18,1300,64.19,700
2026-02-05 09:33:13,63.995,64.0,1,63.96,500,64.03,500,64.03,63.96,63.96,500,63.95,1100,63.91,600,63.9,100,63.89,300,63.88,700,63.74,100,63.56,100,63.51,100,63.46,100,64.03,500,64.04,900,64.09,800,64.1,100,64.11,200,64.12,600,64.13,400,64.17,200,64.18,1300,64.19,700
2026-02-05 09:33:14,63.995,64.0,1,63.96,600,64.03,500,64.03,63.96,63.96,600,63.95,1100,63.91,600,63.9,100,63.89,300,63.88,700,63.74,100,63.56,100,63.51,100,63.46,100,64.03,500,64.04,900,64.09,800,64.1,100,64.11,200,64.12,600,64.13,400,64.17,200,64.18,1300,64.19,700
2026-02-05 09:33:15,63.995,64.02,1,63.96,500,64.03,500,64.03,63.96,63.96,500,63.95,1100,63.91,600,63.9,100,63.89,300,63.88,700,63.74,100,63.56,100,63.51,100,63.46,100,64.03,500,64.04,900,64.09,800,64.1,100,64.11,200,64.12,600,64.13,400,64.17,200,64.18,1300,64.19,700
2026-02-05 09:33:16,63.995,64.0,1,63.96,500,64.03,500,64.03,63.96,63.96,500,63.95,1100,63.91,600,63.9,100,63.89,300,63.88,700,63.74,100,63.56,100,63.51,100,63.46,100,64.03,500,64.04,900,64.09,800,64.1,100,64.11,200,64.12,600,64.13,400,64.17,200,64.18,1300,64.19,700
2026-02-05 09:33:17,63.995,64.0,1,63.96,500,64.03,500,64.03,63.96,63.96,500,63.95,1100,63.91,600,63.9,100,63.89,300,63.88,700,63.74,100,63.56,100,63.51,100,63.46,100,64.03,500,64.04,900,64.09,800,64.1,100,64.11,200,64.12,600,64.13,400,64.17,200,64.18,1300,64.19,700
2026-02-05 09:33:18,63.995,64.0,1,63.96,500,64.03,500,64.03,63.96,63.96,500,63.95,1100,63.91,600,63.9,100,63.89,300,63.88,700,63.74,100,63.56,100,63.51,100,63.46,100,64.03,500,64.04,900,64.09,800,64.1,100,64.11,200,64.12,600,64.13,400,64.17,200,64.18,1300,64.19,700
2026-02-05 09:33:19,63.995,64.0,1,63.96,700,64.03,500,64.03,63.96,63.96,700,63.95,1100,63.91,600,63.9,100,63.89,300,63.88,700,63.74,100,63.56,100,63.51,100,63.46,100,64.03,500,64.04,900,64.09,800,64.1,100,64.11,200,64.12,600,64.13,400,64.17,200,64.18,1300,64.19,700
2026-02-05 09:33:20,63.995,64.0,1,63.96,700,64.03,500,64.03,63.96,63.96,700,63.95,1100,63.91,600,63.9,100,63.89,300,63.88,700,63.74,100,63.56,100,63.51,100,63.46,100,64.03,500,64.04,900,64.09,800,64.1,100,64.11,200,64.12,600,64.13,400,64.17,200,64.18,1300,64.19,700
2026-02-05 09:33:21,63.995,63.99,1,63.96,700,64.03,500,64.03,63.96,63.96,700,63.95,1100,63.91,600,63.9,100,63.89,300,63.88,700,63.74,100,63.56,100,63.51,100,63.46,100,64.03,500,64.04,900,64.09,800,64.1,100,64.11,200,64.12,600,64.13,400,64.17,200,64.18,1300,64.19,700
2026-02-05 09:33:22,64.06,64.02,3,64.01,300,64.11,600,64.11,64.01,64.01,300,64.0,500,63.99,100,63.98,100,63.96,900,63.95,1100,63.91,600,63.9,100,63.89,300,63.88,700,64.11,600,64.12,400,64.13,100,64.14,700,64.17,200,64.18,1300,64.19,700,64.2,400,64.21,200,64.25,100
2026-02-05 09:33:23,64.055,64.02,3,64.0,800,64.11,600,64.11,64.0,64.0,800,63.99,100,63.98,100,63.96,900,63.95,1100,63.91,600,63.9,100,63.89,300,63.88,700,63.74,100,64.11,600,64.12,400,64.13,100,64.14,700,64.17,200,64.18,1300,64.19,700,64.2,400,64.21,200,64.25,100
2026-02-05 09:33:24,64.11,64.11,1,64.07,1200,64.15,200,64.15,64.07,64.07,1200,64.06,200,64.0,800,63.99,100,63.98,100,63.96,900,63.95,1100,63.91,600,63.9,100,63.89,300,64.15,200,64.17,200,64.18,1300,64.19,700,64.2,400,64.21,200,64.25,100,64.26,200,64.27,500,64.28,1000
2026-02-05 09:33:25,64.11,64.11,1,64.07,600,64.15,200,64.15,64.07,64.07,600,64.06,200,64.0,800,63.99,100,63.98,100,63.96,900,63.95,1100,63.91,600,63.9,100,63.89,300,64.15,200,64.17,200,64.18,1300,64.19,700,64.2,400,64.21,200,64.25,100,64.26,200,64.27,500,64.28,1000
2026-02-05 09:33:26,64.095,64.11,1,64.04,800,64.15,200,64.15,64.04,64.04,800,64.0,800,63.99,100,63.98,100,63.96,900,63.95,1100,63.91,600,63.9,100,63.89,300,63.88,700,64.15,200,64.17,200,64.18,1300,64.19,700,64.2,400,64.21,200,64.25,100,64.26,200,64.27,500,64.28,1000
2026-02-05 09:33:27,64.095,64.1,1,64.04,1000,64.15,500,64.15,64.04,64.04,1000,64.0,800,63.99,100,63.98,100,63.96,900,63.95,1100,63.91,600,63.9,100,63.89,300,63.88,700,64.15,500,64.17,200,64.18,1300,64.19,700,64.2,400,64.21,200,64.25,100,64.26,200,64.27,500,64.28,1000
2026-02-05 09:33:28,64.095,64.1,1,64.04,1000,64.15,500,64.15,64.04,64.04,1000,64.0,800,63.99,100,63.98,100,63.96,900,63.95,1100,63.91,600,63.9,100,63.89,300,63.88,700,64.15,500,64.17,200,64.18,1300,64.19,700,64.2,400,64.21,200,64.25,100,64.26,200,64.27,500,64.28,1000
2026-02-05 09:33:29,64.035,64.04,2,63.98,400,64.09,600,64.09,63.98,63.98,400,63.96,900,63.95,1100,63.91,600,63.9,100,63.89,300,63.88,700,63.74,100,63.56,100,63.51,100,64.09,600,64.13,200,64.15,800,64.17,200,64.18,1300,64.19,700,64.2,400,64.21,200,64.25,100,64.26,200
2026-02-05 09:33:30,64.035,64.03,1,63.98,500,64.09,600,64.09,63.98,63.98,500,63.96,900,63.95,1100,63.91,600,63.9,100,63.89,300,63.88,700,63.74,100,63.56,100,63.51,100,64.09,600,64.13,200,64.15,800,64.17,200,64.18,1300,64.19,700,64.2,400,64.21,200,64.25,100,64.26,200
2026-02-05 09:33:31,64.025,64.03,1,63.96,800,64.09,700,64.09,63.96,63.96,800,63.95,1100,63.91,600,63.9,100,63.89,300,63.88,700,63.74,100,63.56,100,63.51,100,63.46,100,64.09,700,64.13,200,64.15,800,64.17,200,64.18,1300,64.19,700,64.2,400,64.21,200,64.25,100,64.26,200
2026-02-05 09:33:32,64.025,64.03,1,63.96,800,64.09,700,64.09,63.96,63.96,800,63.95,1100,63.91,600,63.9,100,63.89,300,63.88,700,63.74,100,63.56,100,63.51,100,63.46,100,64.09,700,64.13,200,64.15,800,64.17,200,64.18,1300,64.19,700,64.2,400,64.21,200,64.25,100,64.26,200
2026-02-05 09:33:33,64.025,64.03,2,63.96,800,64.09,700,64.09,63.96,63.96,800,63.95,1100,63.91,600,63.9,100,63.89,300,63.88,700,63.74,100,63.56,100,63.51,100,63.46,100,64.09,700,64.13,200,64.15,800,64.17,200,64.18,1300,64.19,700,64.2,400,64.21,200,64.25,100,64.26,200
2026-02-05 09:33:34,64.025,64.03,2,63.96,800,64.09,700,64.09,63.96,63.96,800,63.95,1100,63.91,600,63.9,100,63.89,300,63.88,700,63.74,100,63.56,100,63.51,100,63.46,100,64.09,700,64.13,200,64.15,800,64.17,200,64.18,1300,64.19,700,64.2,400,64.21,200,64.25,100,64.26,200
2026-02-05 09:33:35,64.025,64.03,1,63.96,800,64.09,1400,64.09,63.96,63.96,800,63.95,1100,63.91,600,63.9,100,63.89,300,63.88,700,63.74,100,63.56,100,63.51,100,63.46,100,64.09,1400,64.13,200,64.15,800,64.17,200,64.18,1300,64.19,700,64.2,400,64.21,200,64.25,100,64.26,200
2026-02-05 09:33:36,64.025,64.03,1,63.96,800,64.09,1400,64.09,63.96,63.96,800,63.95,1100,63.91,600,63.9,100,63.89,300,63.88,700,63.74,100,63.56,100,63.51,100,63.46,100,64.09,1400,64.13,200,64.15,800,64.17,200,64.18,1300,64.19,700,64.2,400,64.21,200,64.25,100,64.26,200
2026-02-05 09:33:37,64.025,63.99,1,63.96,800,64.09,1500,64.09,63.96,63.96,800,63.95,1100,63.91,600,63.9,100,63.89,300,63.88,700,63.74,100,63.56,100,63.51,100,63.46,100,64.09,1500,64.13,200,64.15,800,64.17,200,64.18,1300,64.19,700,64.2,400,64.21,200,64.25,100,64.26,200
2026-02-05 09:33:38,64.03,63.99,1,63.97,700,64.09,1500,64.09,63.97,63.97,700,63.96,800,63.95,1100,63.91,600,63.9,100,63.89,300,63.88,700,63.74,100,63.56,100,63.51,100,64.09,1500,64.13,200,64.15,800,64.17,200,64.18,1300,64.19,700,64.2,400,64.21,200,64.25,100,64.26,200
2026-02-05 09:33:39,64.025,63.99,1,63.96,1000,64.09,1500,64.09,63.96,63.96,1000,63.95,1100,63.91,600,63.9,100,63.89,300,63.88,700,63.74,100,63.56,100,63.51,100,63.46,100,64.09,1500,64.13,200,64.15,800,64.17,200,64.18,1300,64.19,700,64.2,400,64.21,200,64.25,100,64.26,200
2026-02-05 09:33:40,64.025,63.99,1,63.96,1000,64.09,1500,64.09,63.96,63.96,1000,63.95,1100,63.91,600,63.9,100,63.89,300,63.88,700,63.74,100,63.56,100,63.51,100,63.46,100,64.09,1500,64.13,200,64.15,800,64.17,200,64.18,1300,64.19,700,64.2,400,64.21,200,64.25,100,64.26,200
2026-02-05 09:33:41,64.005,64.02,1,63.97,1100,64.04,400,64.04,63.97,63.97,1100,63.96,2000,63.95,1100,63.91,600,63.9,100,63.89,300,63.88,700,63.74,100,63.56,100,63.51,100,64.04,400,64.06,100,64.09,1500,64.13,200,64.15,800,64.17,200,64.18,1300,64.19,700,64.2,400,64.21,200
2026-02-05 09:33:42,64.0,64.02,1,63.96,2000,64.04,400,64.04,63.96,63.96,2000,63.95,1100,63.91,600,63.9,100,63.89,300,63.88,700,63.74,100,63.56,100,63.51,100,63.46,100,64.04,400,64.06,100,64.09,1500,64.13,200,64.15,800,64.17,200,64.18,1300,64.19,700,64.2,400,64.21,200
2026-02-05 09:33:43,63.965,63.93,2,63.93,700,64.0,300,64.0,63.93,63.93,700,63.91,600,63.9,100,63.89,300,63.88,700,63.74,100,63.56,100,63.51,100,63.46,100,63.39,100,64.0,300,64.01,100,64.02,200,64.04,400,64.06,100,64.09,1500,64.13,200,64.15,800,64.17,200,64.18,1300
2026-02-05 09:33:44,64.05,64.04,1,64.01,600,64.09,1400,64.09,64.01,64.01,600,64.0,100,63.99,900,63.98,100,63.97,200,63.95,100,63.94,500,63.93,800,63.91,600,63.9,100,64.09,1400,64.13,200,64.15,800,64.17,200,64.18,1300,64.19,700,64.2,400,64.21,200,64.25,100,64.26,200
2026-02-05 09:33:45,64.05,64.04,1,64.01,500,64.09,1200,64.09,64.01,64.01,500,64.0,100,63.99,900,63.98,100,63.97,200,63.95,100,63.94,500,63.93,800,63.91,600,63.9,100,64.09,1200,64.13,200,64.15,800,64.17,200,64.18,1300,64.19,700,64.2,400,64.21,200,64.25,100,64.26,200
2026-02-05 09:33:46,64.055,64.04,1,64.02,200,64.09,1200,64.09,64.02,64.02,200,64.01,500,64.0,100,63.99,900,63.98,100,63.97,200,63.95,100,63.94,500,63.93,800,63.91,600,64.09,1200,64.13,200,64.15,800,64.17,200,64.18,1300,64.19,700,64.2,400,64.21,200,64.25,100,64.26,200
2026-02-05 09:33:47,64.085,64.08,1,64.06,1000,64.11,700,64.11,64.06,64.06,1000,64.05,500,64.02,500,64.01,500,64.0,100,63.99,900,63.98,100,63.97,200,63.95,100,63.94,500,64.11,700,64.13,200,64.15,800,64.17,200,64.18,1300,64.19,700,64.2,400,64.21,200,64.25,100,64.26,200
2026-02-05 09:33:48,64.1,64.11,1,64.07,100,64.13,300,64.13,64.07,64.07,100,64.06,1000,64.05,500,64.02,500,64.01,500,64.0,100,63.99,900,63.98,100,63.97,200,63.95,100,64.13,300,64.15,800,64.17,200,64.18,1300,64.19,700,64.2,400,64.21,200,64.25,100,64.26,200,64.27,500
2026-02-05 09:33:49,64.1,64.11,1,64.07,100,64.13,300,64.13,64.07,64.07,100,64.06,1000,64.05,500,64.02,500,64.01,500,64.0,100,63.99,900,63.98,100,63.97,200,63.95,100,64.13,300,64.15,800,64.17,200,64.18,1300,64.19,700,64.2,400,64.21,200,64.25,100,64.26,200,64.27,500
2026-02-05 09:33:50,64.105,64.13,1,64.07,1100,64.14,200,64.14,64.07,64.07,1100,64.06,400,64.05,500,64.02,500,64.01,500,64.0,100,63.99,900,63.98,100,63.97,200,63.95,100,64.14,200,64.15,800,64.17,200,64.18,1300,64.19,700,64.2,400,64.21,200,64.25,100,64.26,200,64.27,500
2026-02-05 09:33:51,64.115,64.13,1,64.08,200,64.15,600,64.15,64.08,64.08,200,64.07,800,64.06,400,64.05,500,64.02,500,64.01,500,64.0,100,63.99,900,63.98,100,63.97,200,64.15,600,64.17,200,64.18,1300,64.19,700,64.2,400,64.21,200,64.25,100,64.26,200,64.27,500,64.28,1000
2026-02-05 09:33:52,64.11,64.13,1,64.07,800,64.15,600,64.15,64.07,64.07,800,64.06,400,64.05,500,64.02,500,64.01,500,64.0,100,63.99,900,63.98,100,63.97,200,63.95,100,64.15,600,64.17,200,64.18,1300,64.19,700,64.2,400,64.21,200,64.25,100,64.26,200,64.27,500,64.28,1000
2026-02-05 09:33:53,64.11,64.13,1,64.07,800,64.15,600,64.15,64.07,64.07,800,64.06,400,64.05,500,64.02,500,64.01,500,64.0,100,63.99,900,63.98,100,63.97,200,63.95,100,64.15,600,64.17,200,64.18,1300,64.19,700,64.2,400,64.21,200,64.25,100,64.26,200,64.27,500,64.28,1000
2026-02-05 09:33:54,64.11,64.11,1,64.07,800,64.15,600,64.15,64.07,64.07,800,64.06,400,64.05,500,64.02,500,64.01,500,64.0,100,63.99,900,63.98,100,63.97,200,63.95,100,64.15,600,64.17,200,64.18,1300,64.19,700,64.2,400,64.21,200,64.25,100,64.26,200,64.27,500,64.28,1000
2026-02-05 09:33:55,64.11,64.11,1,64.07,800,64.15,600,64.15,64.07,64.07,800,64.06,400,64.05,500,64.02,500,64.01,500,64.0,100,63.99,900,63.98,100,63.97,200,63.95,100,64.15,600,64.17,200,64.18,1300,64.19,700,64.2,400,64.21,200,64.25,100,64.26,200,64.27,500,64.28,1000
2026-02-05 09:33:56,64.125,64.14,1,64.09,700,64.16,500,64.16,64.09,64.09,700,64.07,800,64.06,400,64.05,500,64.02,500,64.01,500,64.0,100,63.99,900,63.98,100,63.97,200,64.16,500,64.17,200,64.18,1300,64.19,700,64.2,400,64.21,200,64.25,100,64.26,200,64.27,500,64.28,1000
2026-02-05 09:33:57,64.12,64.13,2,64.08,300,64.16,800,64.16,64.08,64.08,300,64.07,800,64.06,400,64.05,500,64.02,500,64.01,500,64.0,100,63.99,900,63.98,100,63.97,200,64.16,800,64.17,200,64.18,1300,64.19,700,64.2,400,64.21,200,64.25,100,64.26,200,64.27,500,64.28,1000
2026-02-05 09:33:58,64.12,64.12,2,64.08,600,64.16,800,64.16,64.08,64.08,600,64.07,800,64.06,400,64.05,500,64.02,500,64.01,500,64.0,100,63.99,900,63.98,100,63.97,200,64.16,800,64.17,200,64.18,1300,64.19,700,64.2,400,64.21,200,64.25,100,64.26,200,64.27,500,64.28,1000
2026-02-05 09:33:59,64.195,64.19,1,64.16,400,64.23,900,64.23,64.16,64.16,400,64.15,1100,64.14,100,64.13,2000,64.08,600,64.07,800,64.06,400,64.05,500,64.02,500,64.01,500,64.23,900,64.25,100,64.26,200,64.27,500,64.28,1000,64.29,600,64.3,900,64.31,200,64.32,100,64.33,100
2026-02-05 09:34:00,64.17,64.17,1,64.13,2000,64.21,300,64.21,64.13,64.13,2000,64.08,600,64.07,800,64.06,400,64.05,500,64.02,500,64.01,500,64.0,100,63.99,900,63.98,100,64.21,300,64.23,800,64.25,100,64.26,200,64.27,500,64.28,1000,64.29,600,64.3,900,64.31,200,64.32,100
2026-02-05 09:34:01,64.17,64.21,8,64.13,2000,64.21,600,64.21,64.13,64.13,2000,64.08,600,64.07,800,64.06,400,64.05,500,64.02,500,64.01,500,64.0,100,63.99,900,63.98,100,64.21,600,64.23,800,64.25,100,64.26,200,64.27,500,64.28,1000,64.29,600,64.3,900,64.31,200,64.32,100
2026-02-05 09:34:02,64.17,64.18,1,64.13,2000,64.21,500,64.21,64.13,64.13,2000,64.08,600,64.07,800,64.06,400,64.05,500,64.02,500,64.01,500,64.0,100,63.99,900,63.98,100,64.21,500,64.23,800,64.25,100,64.26,200,64.27,500,64.28,1000,64.29,600,64.3,900,64.31,200,64.32,100
2026-02-05 09:34:03,64.17,64.18,1,64.13,2000,64.21,800,64.21,64.13,64.13,2000,64.08,600,64.07,800,64.06,400,64.05,500,64.02,500,64.01,500,64.0,100,63.99,900,63.98,100,64.21,800,64.23,800,64.25,100,64.26,200,64.27,500,64.28,1000,64.29,600,64.3,900,64.31,200,64.32,100
2026-02-05 09:34:04,64.17,64.18,1,64.13,2000,64.21,800,64.21,64.13,64.13,2000,64.08,600,64.07,800,64.06,400,64.05,500,64.02,500,64.01,500,64.0,100,63.99,900,63.98,100,64.21,800,64.23,800,64.25,100,64.26,200,64.27,500,64.28,1000,64.29,600,64.3,900,64.31,200,64.32,100
2026-02-05 09:34:05,64.165,64.15,35,64.13,2000,64.2,700,64.2,64.13,64.13,2000,64.08,600,64.07,800,64.06,400,64.05,500,64.02,500,64.01,500,64.0,100,63.99,900,63.98,100,64.2,700,64.21,1000,64.23,800,64.25,100,64.26,200,64.27,500,64.28,1000,64.29,600,64.3,900,64.31,200
2026-02-05 09:34:06,64.16,64.15,1,64.14,100,64.18,300,64.18,64.14,64.14,100,64.13,100,64.12,200,64.11,200,64.07,800,64.06,400,64.05,500,64.02,500,64.01,500,64.0,100,64.18,300,64.2,3000,64.21,1000,64.23,800,64.25,100,64.26,200,64.27,500,64.28,1000,64.29,600,64.3,900
2026-02-05 09:34:07,64.145,64.14,1,64.11,800,64.18,400,64.18,64.11,64.11,800,64.07,800,64.06,400,64.05,500,64.02,500,64.01,500,64.0,100,63.99,900,63.98,100,63.97,200,64.18,400,64.2,3000,64.21,1000,64.23,800,64.25,100,64.26,200,64.27,500,64.28,1000,64.29,600,64.3,900
2026-02-05 09:34:08,64.155,64.14,1,64.13,300,64.18,600,64.18,64.13,64.13,300,64.12,200,64.11,800,64.07,800,64.06,400,64.05,500,64.02,500,64.01,500,64.0,100,63.99,900,64.18,600,64.2,3000,64.21,1000,64.23,800,64.25,100,64.26,200,64.27,500,64.28,1000,64.29,600,64.3,900
2026-02-05 09:34:09,64.155,64.16,1,64.13,300,64.18,600,64.18,64.13,64.13,300,64.12,200,64.11,800,64.07,800,64.06,400,64.05,500,64.02,500,64.01,500,64.0,100,63.99,900,64.18,600,64.2,3000,64.21,1000,64.23,800,64.25,100,64.26,200,64.27,500,64.28,1000,64.29,600,64.3,900
2026-02-05 09:34:10,64.155,64.16,1,64.13,300,64.18,600,64.18,64.13,64.13,300,64.12,200,64.11,800,64.07,800,64.06,400,64.05,500,64.02,500,64.01,500,64.0,100,63.99,900,64.18,600,64.2,3000,64.21,1000,64.23,800,64.25,100,64.26,200,64.27,500,64.28,1000,64.29,600,64.3,900
2026-02-05 09:34:11,64.155,64.16,1,64.13,300,64.18,600,64.18,64.13,64.13,300,64.12,200,64.11,800,64.07,800,64.06,400,64.05,500,64.02,500,64.01,500,64.0,100,63.99,900,64.18,600,64.2,3000,64.21,1000,64.23,800,64.25,100,64.26,200,64.27,500,64.28,1000,64.29,600,64.3,900
2026-02-05 09:34:12,64.155,64.16,1,64.13,300,64.18,600,64.18,64.13,64.13,300,64.12,200,64.11,800,64.07,800,64.06,400,64.05,500,64.02,500,64.01,500,64.0,100,63.99,900,64.18,600,64.2,3000,64.21,1000,64.23,800,64.25,100,64.26,200,64.27,500,64.28,1000,64.29,600,64.3,900
2026-02-05 09:34:13,64.165,64.18,1,64.14,200,64.19,500,64.19,64.14,64.14,200,64.13,300,64.12,200,64.11,800,64.07,800,64.06,400,64.05,500,64.02,500,64.01,500,64.0,100,64.19,500,64.2,3000,64.21,1000,64.23,800,64.25,100,64.26,200,64.27,500,64.28,1000,64.29,600,64.3,900
2026-02-05 09:34:14,64.155,64.18,1,64.13,500,64.18,400,64.18,64.13,64.13,500,64.12,200,64.11,800,64.07,800,64.06,400,64.05,500,64.02,500,64.01,500,64.0,100,63.99,900,64.18,400,64.19,500,64.2,3000,64.21,1000,64.23,800,64.25,100,64.26,200,64.27,500,64.28,1000,64.29,600
2026-02-05 09:34:15,64.15,64.18,1,64.12,500,64.18,400,64.18,64.12,64.12,500,64.11,800,64.07,800,64.06,400,64.05,500,64.02,500,64.01,500,64.0,100,63.99,900,63.98,100,64.18,400,64.19,500,64.2,3000,64.21,1000,64.23,800,64.25,100,64.26,200,64.27,500,64.28,1000,64.29,600
2026-02-05 09:34:16,64.15,64.15,1,64.12,1100,64.18,800,64.18,64.12,64.12,1100,64.11,800,64.07,800,64.06,400,64.05,500,64.02,500,64.01,500,64.0,100,63.99,900,63.98,100,64.18,800,64.19,500,64.2,3000,64.21,1000,64.23,800,64.25,100,64.26,200,64.27,500,64.28,1000,64.29,600
2026-02-05 09:34:17,64.15,64.15,1,64.12,800,64.18,800,64.18,64.12,64.12,800,64.11,800,64.07,800,64.06,400,64.05,500,64.02,500,64.01,500,64.0,100,63.99,900,63.98,100,64.18,800,64.19,500,64.2,3000,64.21,1000,64.23,800,64.25,100,64.26,200,64.27,500,64.28,1000,64.29,600
2026-02-05 09:34:18,64.15,64.14,10,64.12,900,64.18,800,64.18,64.12,64.12,900,64.11,800,64.07,800,64.06,400,64.05,500,64.02,500,64.01,500,64.0,100,63.99,900,63.98,100,64.18,800,64.19,500,64.2,3000,64.21,1000,64.23,800,64.25,100,64.26,200,64.27,500,64.28,1000,64.29,600
2026-02-05 09:34:19,64.13,64.12,1,64.11,100,64.15,400,64.15,64.11,64.11,100,64.09,500,64.07,800,64.06,400,64.05,500,64.02,500,64.01,500,64.0,100,63.99,900,63.98,100,64.15,400,64.16,100,64.17,300,64.18,1100,64.19,500,64.2,3000,64.21,1000,64.23,800,64.25,100,64.26,200
2026-02-05 09:34:20,64.13,64.12,1,64.11,100,64.15,400,64.15,64.11,64.11,100,64.09,500,64.07,800,64.06,400,64.05,500,64.02,500,64.01,500,64.0,100,63.99,900,63.98,100,64.15,400,64.16,100,64.17,300,64.18,1100,64.19,500,64.2,3000,64.21,1000,64.23,800,64.25,100,64.26,200
2026-02-05 09:34:21,64.13,64.13,1,64.11,500,64.15,500,64.15,64.11,64.11,500,64.09,500,64.07,800,64.06,400,64.05,500,64.02,500,64.01,500,64.0,100,63.99,900,63.98,100,64.15,500,64.16,100,64.17,300,64.18,1100,64.19,500,64.2,3000,64.21,1000,64.23,800,64.25,100,64.26,200
2026-02-05 09:34:22,64.13,64.13,1,64.11,500,64.15,500,64.15,64.11,64.11,500,64.09,500,64.07,800,64.06,400,64.05,500,64.02,500,64.01,500,64.0,100,63.99,900,63.98,100,64.15,500,64.16,100,64.17,300,64.18,1100,64.19,500,64.2,3000,64.21,1000,64.23,800,64.25,100,64.26,200
2026-02-05 09:34:23,64.13,64.13,1,64.11,500,64.15,500,64.15,64.11,64.11,500,64.09,500,64.07,800,64.06,400,64.05,500,64.02,500,64.01,500,64.0,100,63.99,900,63.98,100,64.15,500,64.16,100,64.17,300,64.18,1100,64.19,500,64.2,3000,64.21,1000,64.23,800,64.25,100,64.26,200
2026-02-05 09:34:24,64.13,64.13,1,64.11,500,64.15,600,64.15,64.11,64.11,500,64.09,500,64.07,800,64.06,400,64.05,500,64.02,500,64.01,500,64.0,100,63.99,900,63.98,100,64.15,600,64.16,100,64.17,300,64.18,1100,64.19,500,64.2,3000,64.21,1000,64.23,800,64.25,100,64.26,200
2026-02-05 09:34:25,64.12,64.11,1,64.1,100,64.14,800,64.14,64.1,64.1,100,64.09,500,64.07,800,64.06,400,64.05,500,64.02,500,64.01,500,64.0,100,63.99,900,63.98,100,64.14,800,64.15,700,64.16,100,64.17,300,64.18,1100,64.19,500,64.2,3000,64.21,1000,64.23,800,64.25,100
2026-02-05 09:34:26,64.12,64.11,1,64.1,100,64.14,800,64.14,64.1,64.1,100,64.09,500,64.07,800,64.06,400,64.05,500,64.02,500,64.01,500,64.0,100,63.99,900,63.98,100,64.14,800,64.15,700,64.16,100,64.17,300,64.18,1100,64.19,500,64.2,3000,64.21,1000,64.23,800,64.25,100
2026-02-05 09:34:27,64.12,64.11,1,64.1,100,64.14,800,64.14,64.1,64.1,100,64.09,500,64.07,800,64.06,400,64.05,500,64.02,500,64.01,500,64.0,100,63.99,900,63.98,100,64.14,800,64.15,700,64.16,100,64.17,300,64.18,1100,64.19,500,64.2,3000,64.21,1000,64.23,800,64.25,100
2026-02-05 09:34:28,64.12,64.11,1,64.1,100,64.14,800,64.14,64.1,64.1,100,64.09,500,64.07,800,64.06,400,64.05,500,64.02,500,64.01,500,64.0,100,63.99,900,63.98,100,64.14,800,64.15,700,64.16,100,64.17,300,64.18,1100,64.19,500,64.2,3000,64.21,1000,64.23,800,64.25,100
2026-02-05 09:34:29,64.06,64.07,1,64.03,400,64.09,1000,64.09,64.03,64.03,400,64.02,500,64.01,500,64.0,100,63.99,900,63.98,100,63.97,200,63.95,100,63.94,500,63.93,800,64.09,1000,64.1,300,64.11,1600,64.12,200,64.13,100,64.14,800,64.15,700,64.16,100,64.17,300,64.18,1100
2026-02-05 09:34:30,64.03,64.03,1,64.0,12100,64.06,500,64.06,64.0,64.0,12100,63.99,900,63.98,100,63.97,200,63.95,100,63.94,500,63.93,800,63.91,600,63.9,100,63.89,300,64.06,500,64.09,1000,64.1,300,64.11,1600,64.12,200,64.13,100,64.14,800,64.15,700,64.16,100,64.17,300
2026-02-05 09:34:31,63.91,63.89,2,63.88,600,63.94,200,63.94,63.88,63.88,600,63.74,100,63.56,100,63.51,100,63.46,100,63.39,100,63.34,200,,,,,,,63.94,200,63.96,300,63.97,1100,63.99,200,64.0,700,64.03,200,64.04,300,64.05,100,64.06,500,64.09,1000
2026-02-05 09:34:32,63.88,63.88,1,63.85,400,63.91,500,63.91,63.85,63.85,400,63.74,100,63.56,100,63.51,100,63.46,100,63.39,100,63.34,200,,,,,,,63.91,500,63.92,100,63.94,300,63.96,300,63.97,1100,63.99,200,64.0,700,64.03,200,64.04,300,64.05,100
2026-02-05 09:34:33,63.89,63.85,2,63.85,800,63.93,400,63.93,63.85,63.85,800,63.74,100,63.56,100,63.51,100,63.46,100,63.39,100,63.34,200,,,,,,,63.93,400,63.96,400,63.97,1600,63.99,200,64.0,700,64.03,200,64.04,300,64.05,100,64.06,500,64.09,1000
2026-02-05 09:34:34,63.89,63.89,1,63.85,900,63.93,300,63.93,63.85,63.85,900,63.74,100,63.56,100,63.51,100,63.46,100,63.39,100,63.34,200,,,,,,,63.93,300,63.96,400,63.97,1600,63.99,200,64.0,700,64.03,200,64.04,300,64.05,100,64.06,500,64.09,1000
2026-02-05 09:34:35,63.89,63.85,2,63.85,900,63.93,300,63.93,63.85,63.85,900,63.74,100,63.56,100,63.51,100,63.46,100,63.39,100,63.34,200,,,,,,,63.93,300,63.96,400,63.97,1600,63.99,200,64.0,700,64.03,200,64.04,300,64.05,100,64.06,500,64.09,1000
2026-02-05 09:34:36,63.89,63.93,1,63.85,1500,63.93,900,63.93,63.85,63.85,1500,63.74,100,63.56,100,63.51,100,63.46,100,63.39,100,63.34,200,,,,,,,63.93,900,63.96,400,63.97,1600,63.99,200,64.0,700,64.03,200,64.04,300,64.05,100,64.06,500,64.09,1000
2026-02-05 09:34:37,63.9,63.89,1,63.87,700,63.93,1400,63.93,63.87,63.87,700,63.85,1500,63.74,100,63.56,100,63.51,100,63.46,100,63.39,100,63.34,200,,,,,63.93,1400,63.96,400,63.97,1600,63.99,200,64.0,700,64.03,200,64.04,300,64.05,100,64.06,500,64.09,1000
2026-02-05 09:34:38,63.9,63.89,2,63.89,500,63.91,100,63.91,63.89,63.89,500,63.87,800,63.85,1500,63.74,100,63.56,100,63.51,100,63.46,100,63.39,100,63.34,200,,,63.91,100,63.92,500,63.93,1400,63.96,400,63.97,1600,63.99,200,64.0,700,64.03,200,64.04,300,64.05,100
2026-02-05 09:34:39,63.97,63.94,1,63.94,500,64.0,1000,64.0,63.94,63.94,500,63.93,200,63.92,200,63.91,300,63.9,800,63.89,500,63.87,800,63.85,1500,63.74,100,63.56,100,64.0,1000,64.03,200,64.04,300,64.05,100,64.06,500,64.09,1000,64.1,300,64.11,1600,64.12,200,64.13,100
2026-02-05 09:34:40,63.97,63.94,1,63.94,600,64.0,1000,64.0,63.94,63.94,600,63.93,200,63.92,200,63.91,300,63.9,800,63.89,500,63.87,800,63.85,1500,63.74,100,63.56,100,64.0,1000,64.03,200,64.04,300,64.05,100,64.06,500,64.09,1000,64.1,300,64.11,1600,64.12,200,64.13,100
2026-02-05 09:34:41,63.97,63.94,1,63.94,600,64.0,1000,64.0,63.94,63.94,600,63.93,200,63.92,200,63.91,300,63.9,800,63.89,500,63.87,800,63.85,1500,63.74,100,63.56,100,64.0,1000,64.03,200,64.04,300,64.05,100,64.06,500,64.09,1000,64.1,300,64.11,1600,64.12,200,64.13,100
2026-02-05 09:34:42,63.97,63.96,1,63.94,600,64.0,1000,64.0,63.94,63.94,600,63.93,200,63.92,200,63.91,300,63.9,800,63.89,500,63.87,800,63.85,1500,63.74,100,63.56,100,64.0,1000,64.03,200,64.04,300,64.05,100,64.06,500,64.09,1000,64.1,300,64.11,1600,64.12,200,64.13,100
2026-02-05 09:34:43,63.97,63.96,1,63.94,600,64.0,800,64.0,63.94,63.94,600,63.93,200,63.92,200,63.91,300,63.9,800,63.89,500,63.87,800,63.85,1500,63.74,100,63.56,100,64.0,800,64.03,200,64.04,300,64.05,100,64.06,500,64.09,1000,64.1,300,64.11,1600,64.12,200,64.13,100
2026-02-05 09:34:44,63.97,63.96,1,63.94,600,64.0,800,64.0,63.94,63.94,600,63.93,200,63.92,200,63.91,300,63.9,800,63.89,500,63.87,800,63.85,1500,63.74,100,63.56,100,64.0,800,64.03,200,64.04,300,64.05,100,64.06,500,64.09,1000,64.1,300,64.11,1600,64.12,200,64.13,100
2026-02-05 09:34:45,63.935,63.94,1,63.9,900,63.97,900,63.97,63.9,63.9,900,63.89,500,63.87,800,63.85,1500,63.74,100,63.56,100,63.51,100,63.46,100,63.39,100,63.34,200,63.97,900,64.0,1200,64.03,200,64.04,300,64.05,100,64.06,500,64.09,1000,64.1,300,64.11,1600,64.12,200
2026-02-05 09:34:46,63.945,63.95,1,63.9,800,63.99,600,63.99,63.9,63.9,800,63.89,500,63.87,800,63.85,1500,63.74,100,63.56,100,63.51,100,63.46,100,63.39,100,63.34,200,63.99,600,64.0,1600,64.03,200,64.04,300,64.05,100,64.06,500,64.09,1000,64.1,300,64.11,1600,64.12,200
2026-02-05 09:34:47,63.945,63.95,1,63.9,800,63.99,600,63.99,63.9,63.9,800,63.89,500,63.87,800,63.85,1500,63.74,100,63.56,100,63.51,100,63.46,100,63.39,100,63.34,200,63.99,600,64.0,1600,64.03,200,64.04,300,64.05,100,64.06,500,64.09,1000,64.1,300,64.11,1600,64.12,200
2026-02-05 09:34:48,63.92,63.92,5,63.88,500,63.96,400,63.96,63.88,63.88,500,63.87,800,63.85,1500,63.74,100,63.56,100,63.51,100,63.46,100,63.39,100,63.34,200,,,63.96,400,63.97,400,63.98,700,63.99,600,64.0,1600,64.03,200,64.04,300,64.05,100,64.06,500,64.09,1000
2026-02-05 09:34:49,63.925,63.96,1,63.89,500,63.96,200,63.96,63.89,63.89,500,63.88,500,63.87,800,63.85,1500,63.74,100,63.56,100,63.51,100,63.46,100,63.39,100,63.34,200,63.96,200,63.97,400,63.98,700,63.99,600,64.0,1600,64.03,200,64.04,300,64.05,100,64.06,500,64.09,1000
2026-02-05 09:34:50,63.925,63.96,1,63.89,500,63.96,400,63.96,63.89,63.89,500,63.88,500,63.87,800,63.85,1500,63.74,100,63.56,100,63.51,100,63.46,100,63.39,100,63.34,200,63.96,400,63.97,400,63.98,700,63.99,600,64.0,1600,64.03,200,64.04,300,64.05,100,64.06,500,64.09,1000
2026-02-05 09:34:51,63.925,63.96,1,63.89,600,63.96,500,63.96,63.89,63.89,600,63.88,500,63.87,800,63.85,1500,63.74,100,63.56,100,63.51,100,63.46,100,63.39,100,63.34,200,63.96,500,63.97,400,63.98,700,63.99,600,64.0,1600,64.03,200,64.04,300,64.05,100,64.06,500,64.09,1000
2026-02-05 09:34:52,63.925,63.96,1,63.89,600,63.96,500,63.96,63.89,63.89,600,63.88,500,63.87,800,63.85,1500,63.74,100,63.56,100,63.51,100,63.46,100,63.39,100,63.34,200,63.96,500,63.97,400,63.98,700,63.99,600,64.0,1600,64.03,200,64.04,300,64.05,100,64.06,500,64.09,1000
2026-02-05 09:34:53,63.915,63.93,1,63.89,500,63.94,100,63.94,63.89,63.89,500,63.88,500,63.87,800,63.85,1500,63.74,100,63.56,100,63.51,100,63.46,100,63.39,100,63.34,200,63.94,100,63.96,700,63.97,400,63.98,700,63.99,600,64.0,1600,64.03,200,64.04,300,64.05,100,64.06,500
2026-02-05 09:34:54,63.87,63.87,1,63.85,200,63.89,700,63.89,63.85,63.85,200,63.84,100,63.83,700,63.82,900,63.74,100,63.56,100,63.51,100,63.46,100,63.39,100,63.34,200,63.89,700,63.9,200,63.91,100,63.93,200,63.94,700,63.96,700,63.97,400,63.98,700,63.99,600,64.0,1600
2026-02-05 09:34:55,63.86,63.86,1,63.84,300,63.88,300,63.88,63.84,63.84,300,63.83,900,63.82,900,63.74,100,63.56,100,63.51,100,63.46,100,63.39,100,63.34,200,,,63.88,300,63.89,900,63.9,200,63.91,100,63.93,200,63.94,700,63.96,700,63.97,400,63.98,700,63.99,600
2026-02-05 09:34:56,63.85,63.84,1,63.82,100,63.88,300,63.88,63.82,63.82,100,63.81,900,63.74,100,63.56,100,63.51,100,63.46,100,63.39,100,63.34,200,,,,,63.88,300,63.89,900,63.9,200,63.91,100,63.93,200,63.94,700,63.96,700,63.97,400,63.98,700,63.99,600
2026-02-05 09:34:57,63.845,63.87,1,63.82,100,63.87,300,63.87,63.82,63.82,100,63.81,900,63.74,100,63.56,100,63.51,100,63.46,100,63.39,100,63.34,200,,,,,63.87,300,63.88,300,63.89,900,63.9,200,63.91,100,63.93,200,63.94,700,63.96,700,63.97,400,63.98,700
2026-02-05 09:34:58,63.845,63.87,1,63.82,300,63.87,300,63.87,63.82,63.82,300,63.81,900,63.74,100,63.56,100,63.51,100,63.46,100,63.39,100,63.34,200,,,,,63.87,300,63.88,300,63.89,900,63.9,200,63.91,100,63.93,200,63.94,700,63.96,700,63.97,400,63.98,700
2026-02-05 09:34:59,63.84,63.85,2,63.81,900,63.87,300,63.87,63.81,63.81,900,63.74,100,63.56,100,63.51,100,63.46,100,63.39,100,63.34,200,,,,,,,63.87,300,63.88,300,63.89,900,63.9,200,63.91,100,63.93,200,63.94,700,63.96,700,63.97,400,63.98,700
2026-02-05 09:35:00,63.84,63.84,1,63.81,600,63.87,300,63.87,63.81,63.81,600,63.74,100,63.56,100,63.51,100,63.46,100,63.39,100,63.34,200,,,,,,,63.87,300,63.88,300,63.89,900,63.9,200,63.91,100,63.93,200,63.94,700,63.96,700,63.97,400,63.98,700
2026-02-05 09:35:01,63.84,63.84,1,63.81,600,63.87,600,63.87,63.81,63.81,600,63.74,100,63.56,100,63.51,100,63.46,100,63.39,100,63.34,200,,,,,,,63.87,600,63.88,300,63.89,900,63.9,200,63.91,100,63.93,200,63.94,700,63.96,700,63.97,400,63.98,700
2026-02-05 09:35:02,63.88,63.89,1,63.86,500,63.9,300,63.9,63.86,63.86,500,63.85,200,63.84,200,63.83,200,63.82,100,63.81,600,63.74,100,63.56,100,63.51,100,63.46,100,63.9,300,63.91,100,63.93,200,63.94,700,63.96,700,63.97,400,63.98,700,63.99,600,64.0,1600,64.03,200
2026-02-05 09:35:03,63.9,63.91,1,63.88,100,63.92,500,63.92,63.88,63.88,100,63.86,1500,63.85,200,63.84,200,63.83,200,63.82,100,63.81,600,63.74,100,63.56,100,63.51,100,63.92,500,63.93,200,63.94,700,63.96,700,63.97,400,63.98,700,63.99,600,64.0,1600,64.03,200,64.04,300
2026-02-05 09:35:04,63.89,64.19,3,63.86,1500,63.92,500,63.92,63.86,63.86,1500,63.85,200,63.84,200,63.83,200,63.82,100,63.81,600,63.74,100,63.56,100,63.51,100,63.46,100,63.92,500,63.93,200,63.94,700,63.96,700,63.97,400,63.98,700,63.99,600,64.0,1600,64.03,200,64.04,300
2026-02-05 09:35:05,63.855,63.86,1,63.83,500,63.88,1000,63.88,63.83,63.83,500,63.82,100,63.81,600,63.74,100,63.56,100,63.51,100,63.46,100,63.39,100,63.34,200,,,63.88,1000,63.89,600,63.9,600,63.91,300,63.92,500,63.93,200,63.94,700,63.96,700,63.97,400,63.98,700
2026-02-05 09:35:06,63.815,63.83,1,63.8,1200,63.83,100,63.83,63.8,63.8,1200,63.74,100,63.56,100,63.51,100,63.46,100,63.39,100,63.34,200,,,,,,,63.83,100,63.84,800,63.85,800,63.86,400,63.87,200,63.88,1000,63.89,600,63.9,600,63.91,300,63.92,500
2026-02-05 09:35:07,63.85,63.85,1,63.82,700,63.88,700,63.88,63.82,63.82,700,63.81,400,63.8,1300,63.74,100,63.56,100,63.51,100,63.46,100,63.39,100,63.34,200,,,63.88,700,63.89,600,63.9,600,63.91,300,63.92,500,63.93,200,63.94,700,63.96,700,63.97,400,63.98,700
2026-02-05 09:35:08,63.85,63.85,3,63.82,500,63.88,1300,63.88,63.82,63.82,500,63.81,400,63.8,1300,63.74,100,63.56,100,63.51,100,63.46,100,63.39,100,63.34,200,,,63.88,1300,63.89,600,63.9,600,63.91,300,63.92,500,63.93,200,63.94,700,63.96,700,63.97,400,63.98,700
2026-02-05 09:35:09,63.845,63.85,3,63.81,700,63.88,1300,63.88,63.81,63.81,700,63.8,1300,63.74,100,63.56,100,63.51,100,63.46,100,63.39,100,63.34,200,,,,,63.88,1300,63.89,600,63.9,600,63.91,300,63.92,500,63.93,200,63.94,700,63.96,700,63.97,400,63.98,700
2026-02-05 09:35:10,63.84,63.84,1,63.8,1000,63.88,2200,63.88,63.8,63.8,1000,63.74,100,63.56,100,63.51,100,63.46,100,63.39,100,63.34,200,,,,,,,63.88,2200,63.89,600,63.9,600,63.91,300,63.92,500,63.93,200,63.94,700,63.96,700,63.97,400,63.98,700
2026-02-05 09:35:11,63.86,63.86,1,63.84,200,63.88,2100,63.88,63.84,63.84,200,63.83,400,63.82,100,63.81,900,63.8,1000,63.74,100,63.56,100,63.51,100,63.46,100,63.39,100,63.88,2100,63.89,600,63.9,600,63.91,300,63.92,500,63.93,200,63.94,700,63.96,700,63.97,400,63.98,700
2026-02-05 09:35:12,63.905,63.93,1,63.86,1600,63.95,1000,63.95,63.86,63.86,1600,63.85,300,63.84,1500,63.83,400,63.82,100,63.81,900,63.8,1000,63.74,100,63.56,100,63.51,100,63.95,1000,63.96,1100,63.97,400,63.98,700,63.99,600,64.0,1600,64.03,200,64.04,300,64.05,100,64.06,500
2026-02-05 09:35:13,63.905,63.91,1,63.86,1600,63.95,1000,63.95,63.86,63.86,1600,63.85,300,63.84,1500,63.83,400,63.82,100,63.81,900,63.8,1000,63.74,100,63.56,100,63.51,100,63.95,1000,63.96,1100,63.97,400,63.98,700,63.99,600,64.0,1600,64.03,200,64.04,300,64.05,100,64.06,500
2026-02-05 09:35:14,63.905,63.91,1,63.86,1600,63.95,1000,63.95,63.86,63.86,1600,63.85,300,63.84,1500,63.83,400,63.82,100,63.81,900,63.8,1000,63.74,100,63.56,100,63.51,100,63.95,1000,63.96,1100,63.97,400,63.98,700,63.99,600,64.0,1600,64.03,200,64.04,300,64.05,100,64.06,500
2026-02-05 09:35:15,63.905,63.91,1,63.86,700,63.95,1300,63.95,63.86,63.86,700,63.85,300,63.84,1500,63.83,400,63.82,100,63.81,900,63.8,1000,63.74,100,63.56,100,63.51,100,63.95,1300,63.96,1100,63.97,400,63.98,700,63.99,600,64.0,1600,64.03,200,64.04,300,64.05,100,64.06,500
2026-02-05 09:35:16,63.905,63.86,2,63.86,700,63.95,1300,63.95,63.86,63.86,700,63.85,300,63.84,1500,63.83,400,63.82,100,63.81,900,63.8,1000,63.74,100,63.56,100,63.51,100,63.95,1300,63.96,1100,63.97,400,63.98,700,63.99,600,64.0,1600,64.03,200,64.04,300,64.05,100,64.06,500
2026-02-05 09:35:17,63.905,63.91,10,63.86,700,63.95,1300,63.95,63.86,63.86,700,63.85,300,63.84,1500,63.83,400,63.82,100,63.81,900,63.8,1000,63.74,100,63.56,100,63.51,100,63.95,1300,63.96,1100,63.97,400,63.98,700,63.99,600,64.0,1600,64.03,200,64.04,300,64.05,100,64.06,500
2026-02-05 09:35:18,63.885,63.87,1,63.86,600,63.91,500,63.91,63.86,63.86,600,63.85,300,63.84,1500,63.83,400,63.82,100,63.81,900,63.8,1000,63.74,100,63.56,100,63.51,100,63.91,500,63.94,400,63.95,1300,63.96,1100,63.97,400,63.98,700,63.99,600,64.0,1600,64.03,200,64.04,300
2026-02-05 09:35:19,63.885,63.89,1,63.86,600,63.91,800,63.91,63.86,63.86,600,63.85,300,63.84,1500,63.83,400,63.82,100,63.81,900,63.8,1000,63.74,100,63.56,100,63.51,100,63.91,800,63.94,400,63.95,1300,63.96,1100,63.97,400,63.98,700,63.99,600,64.0,1600,64.03,200,64.04,300
2026-02-05 09:35:20,63.885,63.89,1,63.86,900,63.91,700,63.91,63.86,63.86,900,63.85,300,63.84,1500,63.83,400,63.82,100,63.81,900,63.8,1000,63.74,100,63.56,100,63.51,100,63.91,700,63.94,400,63.95,1300,63.96,1100,63.97,400,63.98,700,63.99,600,64.0,1600,64.03,200,64.04,300
2026-02-05 09:35:21,63.91,63.92,1,63.88,500,63.94,700,63.94,63.88,63.88,500,63.87,1000,63.86,1100,63.85,300,63.84,1500,63.83,400,63.82,100,63.81,900,63.8,1000,63.74,100,63.94,700,63.95,1300,63.96,1100,63.97,400,63.98,700,63.99,600,64.0,1600,64.03,200,64.04,300,64.05,100
2026-02-05 09:35:22,63.92,63.92,1,63.9,400,63.94,600,63.94,63.9,63.9,400,63.89,700,63.88,500,63.87,1000,63.86,1100,63.85,300,63.84,1500,63.83,400,63.82,100,63.81,900,63.94,600,63.95,1300,63.96,1100,63.97,400,63.98,700,63.99,600,64.0,1600,64.03,200,64.04,300,64.05,100
2026-02-05 09:35:23,63.92,63.92,1,63.9,500,63.94,600,63.94,63.9,63.9,500,63.89,700,63.88,500,63.87,1000,63.86,1100,63.85,300,63.84,1500,63.83,400,63.82,100,63.81,900,63.94,600,63.95,1300,63.96,1100,63.97,400,63.98,700,63.99,600,64.0,1600,64.03,200,64.04,300,64.05,100
2026-02-05 09:35:24,63.92,63.9,1,63.9,500,63.94,700,63.94,63.9,63.9,500,63.89,700,63.88,500,63.87,1000,63.86,1100,63.85,300,63.84,1500,63.83,400,63.82,100,63.81,900,63.94,700,63.95,1300,63.96,1100,63.97,400,63.98,700,63.99,600,64.0,1600,64.03,200,64.04,300,64.05,100
2026-02-05 09:35:25,63.945,63.95,1,63.93,100,63.96,1400,63.96,63.93,63.93,100,63.92,900,63.91,2600,63.9,700,63.89,700,63.88,500,63.87,1000,63.86,1100,63.85,300,63.84,1500,63.96,1400,63.97,400,63.98,700,63.99,600,64.0,1600,64.03,200,64.04,300,64.05,100,64.06,500,64.09,1000
2026-02-05 09:35:26,63.945,63.96,1,63.93,1000,63.96,1600,63.96,63.93,63.93,1000,63.92,900,63.91,2600,63.9,700,63.89,700,63.88,500,63.87,1000,63.86,1100,63.85,300,63.84,1500,63.96,1600,63.97,400,63.98,700,63.99,600,64.0,1600,64.03,200,64.04,300,64.05,100,64.06,500,64.09,1000
2026-02-05 09:35:27,63.945,63.96,1,63.93,500,63.96,1600,63.96,63.93,63.93,500,63.92,900,63.91,2600,63.9,700,63.89,700,63.88,500,63.87,1000,63.86,1100,63.85,300,63.84,1500,63.96,1600,63.97,400,63.98,700,63.99,600,64.0,1600,64.03,200,64.04,300,64.05,100,64.06,500,64.09,1000
2026-02-05 09:35:28,63.975,63.98,1,63.96,700,63.99,800,63.99,63.96,63.96,700,63.95,400,63.94,200,63.93,500,63.92,900,63.91,2600,63.9,700,63.89,700,63.88,500,63.87,1000,63.99,800,64.0,1600,64.03,200,64.04,300,64.05,100,64.06,500,64.09,1000,64.1,300,64.11,1600,64.12,200
2026-02-05 09:35:29,63.955,63.97,1,63.93,600,63.98,200,63.98,63.93,63.93,600,63.92,900,63.91,2600,63.9,700,63.89,700,63.88,500,63.87,1000,63.86,1100,63.85,300,63.84,1500,63.98,200,63.99,200,64.0,1500,64.03,200,64.04,300,64.05,100,64.06,500,64.09,1000,64.1,300,64.11,1600
2026-02-05 09:35:30,63.955,63.97,1,63.93,600,63.98,200,63.98,63.93,63.93,600,63.92,900,63.91,2600,63.9,700,63.89,700,63.88,500,63.87,1000,63.86,1100,63.85,300,63.84,1500,63.98,200,63.99,200,64.0,1500,64.03,200,64.04,300,64.05,100,64.06,500,64.09,1000,64.1,300,64.11,1600
2026-02-05 09:35:31,63.955,63.97,1,63.93,600,63.98,200,63.98,63.93,63.93,600,63.92,900,63.91,2600,63.9,700,63.89,700,63.88,500,63.87,1000,63.86,1100,63.85,300,63.84,1500,63.98,200,63.99,200,64.0,1500,64.03,200,64.04,300,64.05,100,64.06,500,64.09,1000,64.1,300,64.11,1600
2026-02-05 09:35:32,63.955,63.96,6,63.93,700,63.98,600,63.98,63.93,63.93,700,63.92,900,63.91,2600,63.9,700,63.89,700,63.88,500,63.87,1000,63.86,1100,63.85,300,63.84,1500,63.98,600,63.99,200,64.0,1500,64.03,200,64.04,300,64.05,100,64.06,500,64.09,1000,64.1,300,64.11,1600
2026-02-05 09:35:33,63.955,63.96,6,63.93,700,63.98,600,63.98,63.93,63.93,700,63.92,900,63.91,2600,63.9,700,63.89,700,63.88,500,63.87,1000,63.86,1100,63.85,300,63.84,1500,63.98,600,63.99,200,64.0,1500,64.03,200,64.04,300,64.05,100,64.06,500,64.09,1000,64.1,300,64.11,1600
2026-02-05 09:35:34,63.955,63.96,6,63.93,700,63.98,600,63.98,63.93,63.93,700,63.92,900,63.91,2600,63.9,700,63.89,700,63.88,500,63.87,1000,63.86,1100,63.85,300,63.84,1500,63.98,600,63.99,200,64.0,1500,64.03,200,64.04,300,64.05,100,64.06,500,64.09,1000,64.1,300,64.11,1600
2026-02-05 09:35:35,63.935,63.93,1,63.92,100,63.95,500,63.95,63.92,63.92,100,63.91,400,63.9,100,63.89,700,63.88,500,63.87,1000,63.86,1100,63.85,300,63.84,1500,63.83,400,63.95,500,63.96,200,63.97,400,63.98,600,63.99,200,64.0,1500,64.03,200,64.04,300,64.05,100,64.06,500
2026-02-05 09:35:36,63.885,63.88,1,63.87,300,63.9,1000,63.9,63.87,63.87,300,63.86,400,63.85,400,63.84,200,63.83,500,63.82,100,63.81,900,63.8,1000,63.74,100,63.56,100,63.9,1000,63.91,800,63.92,200,63.93,300,63.94,700,63.95,100,63.96,1400,63.97,400,63.98,600,63.99,200
2026-02-05 09:35:37,63.855,63.89,2,63.83,1000,63.88,800,63.88,63.83,63.83,1000,63.82,100,63.81,900,63.8,1000,63.74,100,63.56,100,63.51,100,63.46,100,63.39,100,63.34,200,63.88,800,63.9,800,63.91,800,63.92,200,63.93,300,63.94,700,63.95,100,63.96,1400,63.97,400,63.98,600
2026-02-05 09:35:38,63.76,63.76,1,63.73,600,63.79,800,63.79,63.73,63.73,600,63.56,100,63.51,100,63.46,100,63.39,100,63.34,200,,,,,,,,,63.79,800,63.8,900,63.81,800,63.82,600,63.83,300,63.84,600,63.85,100,63.86,100,63.87,1000,63.88,900
2026-02-05 09:35:39,63.75,63.76,1,63.72,500,63.78,1000,63.78,63.72,63.72,500,63.56,100,63.51,100,63.46,100,63.39,100,63.34,200,,,,,,,,,63.78,1000,63.79,1100,63.8,900,63.81,800,63.82,600,63.83,300,63.84,600,63.85,100,63.86,100,63.87,1000
2026-02-05 09:35:40,63.72,63.7,13,63.7,1000,63.74,100,63.74,63.7,63.7,1000,63.56,100,63.51,100,63.46,100,63.39,100,63.34,200,,,,,,,,,63.74,100,63.75,1500,63.76,300,63.77,300,63.78,1000,63.79,1100,63.8,900,63.81,800,63.82,600,63.83,300
2026-02-05 09:35:41,63.725,63.74,2,63.7,1200,63.74,200,63.74,63.7,63.71,100,63.7,1200,63.56,100,63.51,100,63.46,100,63.39,100,63.34,200,,,,,,,63.74,200,63.75,100,63.76,500,63.77,300,63.78,1000,63.79,1100,63.8,900,63.81,800,63.82,600,63.83,300
2026-02-05 09:35:42,63.74,63.75,1,63.73,100,63.76,500,63.76,63.73,63.73,100,63.72,100,63.71,200,63.7,1200,63.56,100,63.51,100,63.46,100,63.39,100,63.34,200,,,63.75,100,63.76,500,63.77,300,63.78,1000,63.79,1100,63.8,900,63.81,800,63.82,600,63.83,300,63.84,600
2026-02-05 09:35:43,63.76,63.77,1,63.74,300,63.78,900,63.78,63.74,63.74,300,63.73,500,63.72,100,63.71,200,63.7,1200,63.56,100,63.51,100,63.46,100,63.39,100,63.34,200,63.78,900,63.79,1100,63.8,900,63.81,800,63.82,600,63.83,300,63.84,600,63.85,100,63.86,100,63.87,1000
2026-02-05 09:35:44,63.795,63.8,5,63.78,100,63.81,800,63.81,63.78,63.78,100,63.77,100,63.76,200,63.75,200,63.74,200,63.73,500,63.72,100,63.71,200,63.7,1200,63.56,100,63.81,800,63.82,600,63.83,300,63.84,600,63.85,100,63.86,100,63.87,1000,63.88,900,63.9,800,63.91,800
2026-02-05 09:35:45,63.775,63.78,1,63.75,800,63.8,500,63.8,63.75,63.75,800,63.74,200,63.73,500,63.72,100,63.71,200,63.7,1200,63.56,100,63.51,100,63.46,100,63.39,100,63.8,500,63.81,800,63.82,600,63.83,300,63.84,600,63.85,100,63.86,100,63.87,1000,63.88,900,63.9,800
2026-02-05 09:35:46,63.755,63.75,1,63.72,700,63.79,1200,63.79,63.72,63.72,700,63.71,200,63.7,1200,63.56,100,63.51,100,63.46,100,63.39,100,63.34,200,,,,,63.79,1200,63.8,500,63.81,800,63.82,600,63.83,300,63.84,600,63.85,100,63.86,100,63.87,1000,63.88,900
2026-02-05 09:35:47,63.755,63.77,1,63.72,1500,63.79,200,63.79,63.72,63.72,1500,63.71,200,63.7,1200,63.56,100,63.51,100,63.46,100,63.39,100,63.34,200,,,,,63.79,200,63.8,300,63.81,700,63.82,600,63.83,300,63.84,600,63.85,100,63.86,100,63.87,1000,63.88,900
2026-02-05 09:35:48,63.745,63.77,1,63.71,500,63.78,600,63.78,63.71,63.71,500,63.7,1200,63.56,100,63.51,100,63.46,100,63.39,100,63.34,200,,,,,,,63.78,600,63.79,300,63.8,300,63.81,700,63.82,600,63.83,300,63.84,600,63.85,100,63.86,100,63.87,1000
2026-02-05 09:35:49,63.74,63.77,1,63.7,1200,63.78,600,63.78,63.7,63.7,1200,63.56,100,63.51,100,63.46,100,63.39,100,63.34,200,,,,,,,,,63.78,600,63.79,300,63.8,300,63.81,700,63.82,600,63.83,300,63.84,600,63.85,100,63.86,100,63.87,1000
2026-02-05 09:35:50,63.74,63.73,2,63.7,1300,63.78,600,63.78,63.7,63.7,1300,63.56,100,63.51,100,63.46,100,63.39,100,63.34,200,,,,,,,,,63.78,600,63.79,300,63.8,300,63.81,700,63.82,600,63.83,300,63.84,600,63.85,100,63.86,100,63.87,1000
2026-02-05 09:35:51,63.74,63.74,1,63.7,1300,63.78,1100,63.78,63.7,63.7,1300,63.56,100,63.51,100,63.46,100,63.39,100,63.34,200,,,,,,,,,63.78,1100,63.79,300,63.8,300,63.81,700,63.82,600,63.83,300,63.84,600,63.85,100,63.86,100,63.87,1000
2026-02-05 09:35:52,63.74,63.74,1,63.7,1300,63.78,1100,63.78,63.7,63.7,1300,63.56,100,63.51,100,63.46,100,63.39,100,63.34,200,,,,,,,,,63.78,1100,63.79,300,63.8,300,63.81,700,63.82,600,63.83,300,63.84,600,63.85,100,63.86,100,63.87,1000
2026-02-05 09:35:53,63.74,63.74,1,63.7,1300,63.78,1100,63.78,63.7,63.7,1300,63.56,100,63.51,100,63.46,100,63.39,100,63.34,200,,,,,,,,,63.78,1100,63.79,300,63.8,300,63.81,700,63.82,600,63.83,300,63.84,600,63.85,100,63.86,100,63.87,1000
2026-02-05 09:35:54,63.74,63.74,1,63.7,1300,63.78,1100,63.78,63.7,63.7,1300,63.56,100,63.51,100,63.46,100,63.39,100,63.34,200,,,,,,,,,63.78,1100,63.79,300,63.8,300,63.81,700,63.82,600,63.83,300,63.84,600,63.85,100,63.86,100,63.87,1000
2026-02-05 09:35:56,63.74,63.74,1,63.7,1300,63.78,1100,63.78,63.7,63.7,1300,63.56,100,63.51,100,63.46,100,63.39,100,63.34,200,,,,,,,,,63.78,1100,63.79,300,63.8,300,63.81,700,63.82,600,63.83,300,63.84,600,63.85,100,63.86,100,63.87,1000
2026-02-05 09:35:57,63.745,63.73,1,63.71,200,63.78,1900,63.78,63.71,63.71,200,63.7,1300,63.56,100,63.51,100,63.46,100,63.39,100,63.34,200,,,,,,,63.78,1900,63.79,300,63.8,300,63.81,700,63.82,600,63.83,300,63.84,600,63.85,100,63.86,100,63.87,1000
2026-02-05 09:35:57,63.745,63.73,1,63.71,600,63.78,1800,63.78,63.71,63.71,600,63.7,1300,63.56,100,63.51,100,63.46,100,63.39,100,63.34,200,,,,,,,63.78,1800,63.79,300,63.8,300,63.81,700,63.82,600,63.83,300,63.84,600,63.85,100,63.86,100,63.87,1000
2026-02-05 09:35:58,63.745,63.73,1,63.71,600,63.78,1800,63.78,63.71,63.71,600,63.7,1300,63.56,100,63.51,100,63.46,100,63.39,100,63.34,200,,,,,,,63.78,1800,63.79,300,63.8,300,63.81,700,63.82,600,63.83,300,63.84,600,63.85,100,63.86,100,63.87,1000
2026-02-05 09:35:59,63.74,63.71,1,63.71,600,63.77,1100,63.77,63.71,63.71,600,63.7,1300,63.56,100,63.51,100,63.46,100,63.39,100,63.34,200,,,,,,,63.77,1100,63.78,1900,63.79,300,63.8,300,63.81,700,63.82,600,63.83,300,63.84,600,63.85,100,63.86,100
2026-02-05 09:36:01,63.71,63.7,1,63.68,1000,63.74,500,63.74,63.68,63.68,1000,63.56,100,63.51,100,63.46,100,63.39,100,63.34,200,,,,,,,,,63.74,500,63.76,200,63.77,1100,63.78,1900,63.79,300,63.8,300,63.81,700,63.82,600,63.83,300,63.84,600
2026-02-05 09:36:02,63.655,63.65,2,63.63,100,63.68,500,63.68,63.63,63.63,100,63.62,500,63.56,100,63.51,100,63.46,100,63.39,100,63.34,200,,,,,,,63.68,500,63.69,800,63.7,200,63.71,100,63.72,400,63.73,100,63.74,700,63.76,200,63.77,1100,63.78,1900
2026-02-05 09:36:03,63.66,63.63,1,63.63,100,63.69,300,63.69,63.63,63.63,100,63.62,500,63.56,100,63.51,100,63.46,100,63.39,100,63.34,200,,,,,,,63.69,300,63.7,200,63.71,100,63.72,400,63.73,100,63.74,700,63.76,200,63.77,1100,63.78,1900,63.79,300
2026-02-05 09:36:04,63.63,63.64,1,63.59,300,63.67,600,63.67,63.59,63.59,300,63.56,100,63.51,100,63.46,100,63.39,100,63.34,200,,,,,,,,,63.67,600,63.68,100,63.69,700,63.7,200,63.71,100,63.72,400,63.73,100,63.74,700,63.76,200,63.77,1100
2026-02-05 09:36:05,63.61,63.59,1,63.58,200,63.64,300,63.64,63.58,63.58,200,63.56,100,63.51,100,63.46,100,63.39,100,63.34,200,,,,,,,,,63.64,300,63.66,700,63.67,900,63.68,100,63.69,700,63.7,200,63.71,100,63.72,400,63.73,100,63.74,700
2026-02-05 09:36:06,63.63,63.63,1,63.61,800,63.65,400,63.65,63.61,63.61,800,63.6,200,63.59,500,63.58,300,63.55,600,63.51,100,63.46,100,63.39,100,63.34,200,,,63.65,400,63.66,500,63.67,1700,63.68,100,63.69,700,63.7,200,63.71,100,63.72,400,63.73,100,63.74,700
2026-02-05 09:36:06,63.64,63.64,1,63.61,900,63.67,1700,63.67,63.61,63.61,900,63.6,700,63.59,600,63.58,300,63.57,200,63.55,600,63.51,100,63.46,100,63.39,100,63.34,200,63.67,1700,63.68,100,63.69,700,63.7,200,63.71,100,63.72,400,63.73,100,63.74,700,63.76,200,63.77,1100
2026-02-05 09:36:07,63.64,63.64,1,63.61,700,63.67,1700,63.67,63.61,63.61,700,63.6,700,63.59,600,63.58,300,63.57,200,63.55,600,63.51,100,63.46,100,63.39,100,63.34,200,63.67,1700,63.68,100,63.69,700,63.7,200,63.71,100,63.72,400,63.73,100,63.74,700,63.76,200,63.77,1100
2026-02-05 09:36:09,63.64,63.64,1,63.61,700,63.67,1700,63.67,63.61,63.61,700,63.6,700,63.59,600,63.58,300,63.57,200,63.55,600,63.51,100,63.46,100,63.39,100,63.34,200,63.67,1700,63.68,100,63.69,700,63.7,200,63.71,100,63.72,400,63.73,100,63.74,700,63.76,200,63.77,1100
2026-02-05 09:36:09,63.64,63.64,1,63.61,700,63.67,1700,63.67,63.61,63.61,700,63.6,700,63.59,600,63.58,300,63.57,200,63.55,600,63.51,100,63.46,100,63.39,100,63.34,200,63.67,1700,63.68,100,63.69,700,63.7,200,63.71,100,63.72,400,63.73,100,63.74,700,63.76,200,63.77,1100
2026-02-05 09:36:11,63.64,63.64,1,63.61,700,63.67,1700,63.67,63.61,63.61,700,63.6,700,63.59,600,63.58,300,63.57,200,63.55,600,63.51,100,63.46,100,63.39,100,63.34,200,63.67,1700,63.68,100,63.69,700,63.7,200,63.71,100,63.72,400,63.73,100,63.74,700,63.76,200,63.77,1100
2026-02-05 09:36:12,63.64,63.64,1,63.61,700,63.67,1700,63.67,63.61,63.61,700,63.6,700,63.59,600,63.58,300,63.57,200,63.55,600,63.51,100,63.46,100,63.39,100,63.34,200,63.67,1700,63.68,100,63.69,700,63.7,200,63.71,100,63.72,400,63.73,100,63.74,700,63.76,200,63.77,1100
2026-02-05 09:36:13,63.64,63.64,1,63.61,700,63.67,1700,63.67,63.61,63.61,700,63.6,700,63.59,600,63.58,300,63.57,200,63.55,600,63.51,100,63.46,100,63.39,100,63.34,200,63.67,1700,63.68,100,63.69,700,63.7,200,63.71,100,63.72,400,63.73,100,63.74,700,63.76,200,63.77,1100
2026-02-05 09:36:13,63.64,63.64,1,63.61,700,63.67,1700,63.67,63.61,63.61,700,63.6,700,63.59,600,63.58,300,63.57,200,63.55,600,63.51,100,63.46,100,63.39,100,63.34,200,63.67,1700,63.68,100,63.69,700,63.7,200,63.71,100,63.72,400,63.73,100,63.74,700,63.76,200,63.77,1100
2026-02-05 09:36:15,63.64,63.64,1,63.61,700,63.67,1700,63.67,63.61,63.61,700,63.6,700,63.59,600,63.58,300,63.57,200,63.55,600,63.51,100,63.46,100,63.39,100,63.34,200,63.67,1700,63.68,100,63.69,700,63.7,200,63.71,100,63.72,400,63.73,100,63.74,700,63.76,200,63.77,1100
2026-02-05 09:36:16,63.64,63.64,1,63.61,700,63.67,1700,63.67,63.61,63.61,700,63.6,700,63.59,600,63.58,300,63.57,200,63.55,600,63.51,100,63.46,100,63.39,100,63.34,200,63.67,1700,63.68,100,63.69,700,63.7,200,63.71,100,63.72,400,63.73,100,63.74,700,63.76,200,63.77,1100
2026-02-05 09:36:17,63.64,63.64,2,63.61,700,63.67,1700,63.67,63.61,63.61,700,63.6,700,63.59,600,63.58,300,63.57,200,63.55,600,63.51,100,63.46,100,63.39,100,63.34,200,63.67,1700,63.68,100,63.69,700,63.7,200,63.71,100,63.72,400,63.73,100,63.74,700,63.76,200,63.77,1100
2026-02-05 09:36:18,63.66,63.67,1,63.64,300,63.68,800,63.68,63.64,63.64,300,63.63,500,63.61,700,63.6,700,63.59,600,63.58,300,63.57,200,63.55,600,63.51,100,63.46,100,63.68,800,63.69,700,63.7,200,63.71,100,63.72,400,63.73,100,63.74,700,63.76,200,63.77,1100,63.78,1900
2026-02-05 09:36:19,63.66,63.67,1,63.64,100,63.68,800,63.68,63.64,63.64,100,63.63,400,63.61,700,63.6,700,63.59,600,63.58,300,63.57,200,63.55,600,63.51,100,63.46,100,63.68,800,63.69,700,63.7,200,63.71,100,63.72,400,63.73,100,63.74,700,63.76,200,63.77,1100,63.78,1900
2026-02-05 09:36:20,63.615,63.61,1,63.58,900,63.65,800,63.65,63.58,63.58,900,63.57,200,63.55,600,63.51,100,63.46,100,63.39,100,63.34,200,,,,,,,63.65,800,63.66,900,63.67,800,63.68,1000,63.69,700,63.7,200,63.71,100,63.72,400,63.73,100,63.74,700
2026-02-05 09:36:21,63.605,63.58,2,63.58,700,63.63,700,63.63,63.58,63.58,700,63.57,200,63.55,600,63.51,100,63.46,100,63.39,100,63.34,200,,,,,,,63.63,700,63.64,800,63.65,1000,63.66,900,63.67,800,63.68,1000,63.69,700,63.7,200,63.71,100,63.72,400
2026-02-05 09:36:22,63.605,63.62,1,63.58,700,63.63,700,63.63,63.58,63.58,700,63.57,200,63.55,600,63.51,100,63.46,100,63.39,100,63.34,200,,,,,,,63.63,700,63.64,800,63.65,1000,63.66,900,63.67,800,63.68,1000,63.69,700,63.7,200,63.71,100,63.72,400
2026-02-05 09:36:23,63.605,63.61,24,63.58,700,63.63,800,63.63,63.58,63.58,700,63.57,200,63.55,600,63.51,100,63.46,100,63.39,100,63.34,200,,,,,,,63.63,800,63.64,800,63.65,1000,63.66,900,63.67,800,63.68,1000,63.69,700,63.7,200,63.71,100,63.72,400
2026-02-05 09:36:24,63.605,63.61,24,63.58,900,63.63,800,63.63,63.58,63.58,900,63.57,200,63.55,600,63.51,100,63.46,100,63.39,100,63.34,200,,,,,,,63.63,800,63.64,800,63.65,1000,63.66,900,63.67,800,63.68,1000,63.69,700,63.7,200,63.71,100,63.72,400
2026-02-05 09:36:25,63.585,63.58,1,63.56,500,63.61,300,63.61,63.56,63.56,500,63.55,300,63.54,100,63.52,200,63.51,100,63.46,100,63.39,100,63.34,200,,,,,63.61,300,63.62,1000,63.63,900,63.64,800,63.65,1000,63.66,900,63.67,800,63.68,1000,63.69,700,63.7,200
2026-02-05 09:36:26,63.585,63.61,1,63.56,600,63.61,500,63.61,63.56,63.56,600,63.55,300,63.54,100,63.52,200,63.51,100,63.46,100,63.39,100,63.34,200,,,,,63.61,500,63.62,500,63.63,900,63.64,800,63.65,1000,63.66,900,63.67,800,63.68,1000,63.69,700,63.7,200
2026-02-05 09:36:27,63.585,63.61,1,63.56,600,63.61,600,63.61,63.56,63.56,600,63.55,300,63.54,100,63.52,200,63.51,100,63.46,100,63.39,100,63.34,200,,,,,63.61,600,63.62,500,63.63,900,63.64,800,63.65,1000,63.66,900,63.67,800,63.68,1000,63.69,700,63.7,200
2026-02-05 09:36:28,63.585,63.61,1,63.56,600,63.61,600,63.61,63.56,63.56,600,63.55,300,63.54,100,63.52,200,63.51,100,63.46,100,63.39,100,63.34,200,,,,,63.61,600,63.62,500,63.63,900,63.64,800,63.65,1000,63.66,900,63.67,800,63.68,1000,63.69,700,63.7,200
2026-02-05 09:36:29,63.57,63.61,1,63.54,400,63.6,300,63.6,63.54,63.54,400,63.52,200,63.51,100,63.46,100,63.39,100,63.34,200,,,,,,,,,63.6,300,63.61,600,63.62,500,63.63,900,63.64,800,63.65,1000,63.66,900,63.67,800,63.68,1000,63.69,700
2026-02-05 09:36:30,63.57,63.61,1,63.54,400,63.6,300,63.6,63.54,63.54,400,63.52,200,63.51,100,63.46,100,63.39,100,63.34,200,,,,,,,,,63.6,300,63.61,600,63.62,500,63.63,900,63.64,800,63.65,1000,63.66,900,63.67,800,63.68,1000,63.69,700
2026-02-05 09:36:31,63.57,63.56,3,63.54,400,63.6,300,63.6,63.54,63.54,400,63.52,200,63.51,100,63.46,100,63.39,100,63.34,200,,,,,,,,,63.6,300,63.61,600,63.62,500,63.63,900,63.64,800,63.65,1000,63.66,900,63.67,800,63.68,1000,63.69,700
2026-02-05 09:36:32,63.57,63.57,1,63.54,400,63.6,300,63.6,63.54,63.54,400,63.52,200,63.51,100,63.46,100,63.39,100,63.34,200,,,,,,,,,63.6,300,63.61,600,63.62,500,63.63,900,63.64,800,63.65,1000,63.66,900,63.67,800,63.68,1000,63.69,700
2026-02-05 09:36:33,63.57,63.57,1,63.54,600,63.6,600,63.6,63.54,63.54,600,63.52,200,63.51,100,63.46,100,63.39,100,63.34,200,,,,,,,,,63.6,600,63.61,600,63.62,500,63.63,900,63.64,800,63.65,1000,63.66,900,63.67,800,63.68,1000,63.69,700
2026-02-05 09:36:34,63.54,63.54,1,63.51,900,63.57,300,63.57,63.51,63.51,900,63.46,100,63.39,100,63.34,200,,,,,,,,,,,,,63.57,300,63.58,100,63.59,200,63.6,600,63.61,600,63.62,500,63.63,900,63.64,800,63.65,1000,63.66,900
2026-02-05 09:36:35,63.54,63.54,1,63.51,900,63.57,400,63.57,63.51,63.51,900,63.46,100,63.39,100,63.34,200,,,,,,,,,,,,,63.57,400,63.58,100,63.59,200,63.6,600,63.61,600,63.62,500,63.63,900,63.64,800,63.65,1000,63.66,900
2026-02-05 09:36:36,63.54,63.54,1,63.51,900,63.57,400,63.57,63.51,63.51,900,63.46,100,63.39,100,63.34,200,,,,,,,,,,,,,63.57,400,63.58,100,63.59,200,63.6,600,63.61,600,63.62,500,63.63,900,63.64,800,63.65,1000,63.66,900
2026-02-05 09:36:37,63.54,63.54,1,63.51,900,63.57,400,63.57,63.51,63.51,900,63.46,100,63.39,100,63.34,200,,,,,,,,,,,,,63.57,400,63.58,100,63.59,200,63.6,600,63.61,600,63.62,500,63.63,900,63.64,800,63.65,1000,63.66,900
2026-02-05 09:36:38,63.54,63.54,1,63.51,900,63.57,600,63.57,63.51,63.51,900,63.46,100,63.39,100,63.34,200,,,,,,,,,,,,,63.57,600,63.58,100,63.59,200,63.6,600,63.61,600,63.62,500,63.63,900,63.64,800,63.65,1000,63.66,900
2026-02-05 09:36:39,63.535,63.54,1,63.52,700,63.55,400,63.55,63.52,63.52,700,63.51,500,63.5,600,63.49,400,63.46,100,63.39,100,63.34,200,,,,,,,63.55,400,63.57,1100,63.58,100,63.59,200,63.6,600,63.61,600,63.62,500,63.63,900,63.64,800,63.65,1000
2026-02-05 09:36:40,63.515,63.52,22,63.49,300,63.54,600,63.54,63.49,63.49,300,63.46,100,63.39,100,63.34,200,,,,,,,,,,,,,63.54,600,63.55,500,63.57,1100,63.58,100,63.59,200,63.6,600,63.61,600,63.62,500,63.63,900,63.64,800
2026-02-05 09:36:41,63.505,63.52,22,63.48,200,63.53,100,63.53,63.48,63.48,200,63.46,100,63.39,100,63.34,200,,,,,,,,,,,,,63.53,100,63.54,600,63.55,500,63.57,1100,63.58,100,63.59,200,63.6,600,63.61,600,63.62,500,63.63,900
2026-02-05 09:36:42,63.475,63.62,2,63.44,500,63.51,700,63.51,63.44,63.44,500,63.39,100,63.34,200,,,,,,,,,,,,,,,63.51,700,63.52,500,63.53,200,63.54,600,63.55,500,63.57,1100,63.58,100,63.59,200,63.6,600,63.61,600
2026-02-05 09:36:43,63.475,63.48,2,63.44,500,63.51,700,63.51,63.44,63.44,500,63.39,100,63.34,200,,,,,,,,,,,,,,,63.51,700,63.52,500,63.53,200,63.54,600,63.55,500,63.57,1100,63.58,100,63.59,200,63.6,600,63.61,600
2026-02-05 09:36:44,63.46,63.47,1,63.44,1000,63.48,300,63.48,63.44,63.44,1000,63.39,100,63.34,200,,,,,,,,,,,,,,,63.48,300,63.49,600,63.51,700,63.52,500,63.53,200,63.54,600,63.55,500,63.57,1100,63.58,100,63.59,200
2026-02-05 09:36:45,63.445,63.47,1,63.42,400,63.47,200,63.47,63.42,63.42,400,63.39,100,63.34,200,,,,,,,,,,,,,,,63.47,200,63.48,300,63.49,600,63.51,700,63.52,500,63.53,200,63.54,600,63.55,500,63.57,1100,63.58,100
2026-02-05 09:36:46,63.46,63.43,1,63.44,300,63.48,1400,63.48,63.44,63.44,300,63.43,300,63.42,200,63.41,100,63.39,100,63.34,200,,,,,,,,,63.48,1400,63.49,600,63.51,700,63.52,500,63.53,200,63.54,600,63.55,500,63.57,1100,63.58,100,63.59,200
2026-02-05 09:36:47,63.46,63.48,1,63.44,300,63.48,1400,63.48,63.44,63.44,300,63.43,300,63.42,200,63.41,100,63.39,100,63.34,200,,,,,,,,,63.48,1400,63.49,600,63.51,700,63.52,500,63.53,200,63.54,600,63.55,500,63.57,1100,63.58,100,63.59,200
2026-02-05 09:36:48,63.43,63.42,1,63.41,500,63.45,500,63.45,63.41,63.41,500,63.39,100,63.34,200,,,,,,,,,,,,,,,63.45,500,63.46,600,63.48,1200,63.49,600,63.51,700,63.52,500,63.53,200,63.54,600,63.55,500,63.57,1100
2026-02-05 09:36:49,63.43,63.43,1,63.41,500,63.45,500,63.45,63.41,63.41,500,63.39,100,63.34,200,,,,,,,,,,,,,,,63.45,500,63.46,600,63.48,1200,63.49,600,63.51,700,63.52,500,63.53,200,63.54,600,63.55,500,63.57,1100
